code,internal_code,name,manufacturer_name,manufacture_country,manufacturer_item_description,unit_qty,quantity,unit_of_measure,weighted,qty_in_package,price,unit_of_measure_price,allow_discount,status,item_id
40111216,false,חטיף באונטי 57 גרם,מרס הולנד בי.וי.,NL,חטיף באונטי,גרמים,57.00,100 גרם,false,0,4.60,8.07,true,1,
59455233,false,ווג כחול חפ,bat,PL,ווג כחול,יחידה,1.00,יחידה,false,0,35.90,35.90,false,1,
59455240,false,ווג לילך חפ,bat,PL,ווג לילך,יחידה,1.00,יחידה,false,0,35.90,35.90,false,1,
72940761,false,"מילקי בטעם שוקולד 170מ""ל","שטראוס גרופ בע""\מ",IL,מילקי טעם שוקולד,מיליליטרים,170.00,"100 מ""ל",false,0,2.90,1.71,true,1,
72986455,false,גלידת שוקולד פאדג'אגוזים,מוצרי איכות אמריקאיים בע,IL,גלידה בן & ג'ר,מיליליטרים,500.00,"100 מ""ל",false,0,23.90,4.78,true,1,
72993637,false,דני שוקולד 1.5% 125 גרם,"שטראוס גרופ בע""\מ",IL,דני שוקולד 1.5%,גרמים,125.00,100 גרם,false,0,2.70,2.16,true,1,
80052760,false,קינדר בואנו 2 * 21.5 גרם,פררו,PL,קינדר בואנו זוג,גרמים,43.00,100 גרם,false,0,4.90,11.40,true,1,
80177609,false,אצבעות שוקולד קינדר50גרם,פררו,IT,אצבעות קינדר,גרמים,50.00,100 גרם,false,0,5.00,10.00,true,1,
80773429,false,מסטיק מנטוס בקבוק תות60ג,"פרפטי ואן מלה ג'ידה,סאן",TR,מנטוס בקבוק,גרמים,60.00,100 גרם,false,1,10.90,18.17,true,1,
80843184,false,מסטיק פיורפרש ענבים60גר,,TR,מסטיק מנטוס,גרמים,60.00,100 גרם,false,1,10.90,18.17,true,1,
85967069,false,ניר ארוך פארטי+פילט חום,רול פור יו,CZ,ניר ארוך+פיל.חום,יחידה,1.00,יחידה,false,1,8.90,8.90,false,1,
87108538,false,מנטוס תות גליל 37.5 גר,פרפטי ואן מלה ברדה,NL,מנטוס תות,גרמים,37.00,100 גרם,false,0,4.00,10.81,true,1,
90162602,true,רד בול משקה אנרגיה פח250,רד בול,AT,רד בול,מיליליטרים,250.00,"100 מ""ל",false,0,8.20,3.28,true,1,
25675120006,false,חמצוצים 4 צבעים 100 גרם,פאסין ב.ו,NL,חמצוצים,גרמים,100.00,100 גרם,false,0,9.30,9.30,true,1,
38000232169,false,פרינגלס מידי אורגינל67ג,פרינגלס מנופקצ'ורינג קונ,US,פרינגלס אורגינל,גרמים,67.00,100 גרם,false,1,5.90,8.81,true,1,
38000845253,false,פרינגלס מידי שמנת בצל71ג,פרינגלס מנופקצ'ורינג קונ,US,פרינגלס שמנת בצל,גרמים,71.00,100 גרם,false,1,5.90,8.31,true,1,
40000514510,false,עדשי מ&מ'ס בוטנים 49 גרם,מרס,US,עדשי מ&מ'ס,גרמים,49.00,100 גרם,false,1,5.50,11.22,true,1,
76840100583,false,גלידת וניל עם בצק עוגיות,מוצרי איכות אמריקאיים בע,IL,גל.בןאנדג'ריס,מיליליטרים,473.00,"100 מ""ל",false,0,23.90,5.05,true,1,
76840100811,false,גלידה חמאת בוטנים 428גרם,מוצרי איכות אמריקאיים בע,IL,גלידה בן& ג'רי,גרמים,428.00,100 גרם,false,0,23.90,5.58,true,1,
77975094778,false,שברי בייגלה דבש חרדל340ג,סניידרס אוף האנובר,US,סניידרס דבש חרדל,גרמים,340.00,100 גרם,false,1,17.70,5.21,true,1,
613008753351,false,"אריזונה רימונים 450 מ""ל",נובה טרייד,BG,אריזונה רימונים,מיליליטרים,450.00,"100 מ""ל",false,1,9.30,2.07,true,1,
638102203090,false,חטיף זון פאדג גרהם50גרם,אדיר סחר,US,חטיף זון פאדג,גרמים,50.00,100 גרם,false,0,13.90,27.80,true,1,
4014400907902,false,סוכ.וורטר ל.סוכר בוקס42ג,שטורק,DE,סוכריות וורטר,גרמים,42.00,100 גרם,false,0,7.10,16.90,true,1,
4014400925319,false,ורטר פופקורן קרמל 140גר,,DE,ממתק קרמל ורטר,גרמים,140.00,100 גרם,false,1,16.50,11.79,true,1,
4017100198151,false,עוג.סנדוויץ היט וניל220ג,באלסן,PL,עוגיות סנדוויץ,גרמים,220.00,100 גרם,false,1,9.90,4.50,true,1,
5000159407236,false,חטיף מרס 51 גרם,מרס הולנד בי.וי.,NL,חטיף מרס,גרמים,51.00,100 גרם,false,0,4.60,9.02,true,1,
5000267024233,false,וויסקי ג'וני ווקר שחור,ג'\וני ווקר ובניו,GB,ויסקי ג'וני ווקר,מיליליטרים,700.00,"100 מ""ל",false,0,129.90,18.56,true,1,
5029053002408,false,נ.ט. קלינקס לבן 9 גל.,חוגלה קימברלי,IL,נייר טואלט,מטרים,276.00,100 מטר,false,0,36.90,13.37,true,1,
5201583750411,false,סוכריות ט.לימון+סטיביה32,,GR,סוכריות זירו,גרמים,32.00,100 גרם,false,1,7.50,23.44,true,1,
5201583752217,false,סוכריות ממולא שוק.מנטה36,,GR,סוכריות זירו,גרמים,36.00,100 גרם,false,1,7.50,20.83,true,1,
5411188081852,false,משקה סויה בטעם וניל 1 ל,אלפרו C.V.A,BE,משקה סויה וניל,ליטרים,1.00,ליטר,false,0,17.50,17.50,true,1,
6111094000259,false,קוסקוס דארי בינוני500גרם,דארי קוספאט אס. איי. או,MA,קוסקוס דארי,גרמים,500.00,100 גרם,false,1,9.90,1.98,true,1,
6935325410118,false,שום יבוא,קטיף.,XX,שום יבוא,גרמים,190.00,100 גרם,false,0,6.90,3.63,true,1,
7290000000022,true,עגבניה,קטיף.,IL,עגבניה,קילוגרמים,0.00,"ק""ג",true,0,7.90,7.90,true,1,
7290000000046,true,מלפפון,קטיף.,IL,מלפפונים,קילוגרמים,0.00,"ק""ג",true,0,7.90,7.90,true,1,
7290000000053,true,קישואים,קטיף.,IL,קישואים,קילוגרמים,0.00,"ק""ג",true,0,9.90,9.90,true,1,
7290000000091,true,פלפל אדום,קטיף.,IL,פלפל אדום,קילוגרמים,0.00,"ק""ג",true,0,12.90,12.90,true,1,
7290000000138,true,כרוב לבן,קטיף.,IL,כרוב לבן,קילוגרמים,0.00,"ק""ג",true,0,4.90,4.90,true,1,
7290000000145,true,כרוב אדום,קטיף.,IL,כרוב אדום,קילוגרמים,0.00,"ק""ג",true,0,5.90,5.90,true,1,
7290000000282,true,חסה ערבית,,IL,חסה ערבית,יחידה,1.00,יחידה,false,0,4.90,4.90,true,1,
7290000000428,true,בטטה מובחר,קטיף.,IL,בטטה,קילוגרמים,0.00,"ק""ג",true,0,10.90,10.90,true,1,
7290000000435,true,סלרי עלים יחידה,,IL,סלרי עלים,יחידה,1.00,יחידה,false,0,6.90,6.90,true,1,
7290000000466,true,בצל ירוק יחידה,,IL,בצל ירוק,יחידה,1.00,יחידה,false,0,6.90,6.90,true,1,
7290000000480,true,בצל יבש,קטיף.,IL,בצל יבש,קילוגרמים,0.00,"ק""ג",true,0,4.90,4.90,true,1,
7290000000541,true,שורש  פטרוזיליה,,IL,שורש,יחידה,1.00,יחידה,false,0,6.90,6.90,true,1,
7290000001050,true,בזיליקום יחידה,,IL,בזיליקום  יחידה,יחידה,1.00,יחידה,false,0,6.50,6.50,true,1,
7290000001661,true,גזר תפזורת,קטיף.,IL,גזר תפזורת,קילוגרמים,0.00,"ק""ג",true,0,5.90,5.90,true,1,
7290000023816,false,ברקן קלאסיק א.ריזלינג750,יקבי ברקן שיווק והפצה בע,IL,ריזלינג קלאסיק,מיליליטרים,750.00,"100 מ""ל",false,0,34.90,4.65,true,1,
7290000040080,false,יוגורט יופלה אפרסק3% 150,תנובה בעמ,IL,יופלה אפרסק3%,גרמים,150.00,100 גרם,false,0,5.20,3.47,true,1,
7290000041858,false,שמנת חמוצה15% מועשרת200,מחלבת יטבתה,IL,שמנת חמוצה יטבתה,מיליליטרים,200.00,"100 מ""ל",false,0,2.40,1.20,true,1,
7290000043814,false,שמנת עמידה לקצפת38% 250מ,תנובה,IL,שמנת עמידה לקצפת,מיליליטרים,250.00,"100 מ""ל",false,0,6.18,2.47,true,1,
7290000048185,false,גב.לבנה רכה 5% שומן 250ג,מחלבת אלון תבור,IL,גבינה לבנה 5%,גרמים,250.00,100 גרם,false,0,4.75,1.90,true,1,
7290000052311,false,עמק 15% פרוס בקופסא 200ג,תנובה,IL,עמק 15% פרוס,גרמים,200.00,100 גרם,false,0,16.40,8.20,true,1,
7290000055893,false,חמאה מהדרין 200 גרם,,IL,חמאה מהדרין,גרמים,200.00,100 גרם,false,0,7.80,3.90,true,1,
7290000057088,false,גבינת עמק דק דק 28% 200ג,תנובה,IL,עמק דק28% 200גרם,גרמים,200.00,100 גרם,false,0,16.40,8.20,true,1,
7290000057118,false,גבינת עמק פרוסה,,IL,גבינת עמק פרוסה,גרמים,400.00,100 גרם,false,0,23.10,5.78,true,1,
7290000060576,false,פתיתים אפויים כוכבים500ג,"אסם השקעות בע""\מ",IL,פתיתים אפויים,גרמים,500.00,100 גרם,false,0,7.80,1.56,true,1,
7290000061108,false,"רוטב טריאקי אסם 290 מ""ל","אסם השקעות בע""\מ",IL,רוטב טריאקי,מיליליטרים,290.00,"100 מ""ל",false,0,11.90,4.10,true,1,
7290000063102,false,קמח תופח מאליו 350 גרם,"אסם השקעות בע""\מ",IL,קמח תופח מאליו,גרמים,350.00,100 גרם,false,0,5.80,1.66,true,1,
7290000063157,false,"קמח תופח מאליו 1 ק""ג","אסם השקעות בע""\מ",IL,קמח תופח מאליו,קילוגרמים,1.00,"ק""ג",false,0,10.30,10.30,true,1,
7290000065090,false,מיני קרוטונים מתובל400 ג,עינת תעשיות,IL,מיני קרוטונים,גרמים,400.00,100 גרם,false,0,26.50,6.63,true,1,
7290000066134,false,ביסלי פלאפל 70 גרם,"אסם השקעות בע""\מ",IL,ביסלי פלאפל,גרמים,70.00,100 גרם,false,0,4.50,6.43,true,1,
7290000066141,false,ביסלי גריל 70 גרם,"אסם השקעות בע""\מ",IL,ביסלי גריל,גרמים,70.00,100 גרם,false,0,4.50,6.43,true,1,
7290000066318,false,במבה 80 גרם,"אסם השקעות בע""\מ",IL,במבה,גרמים,80.00,100 גרם,false,0,4.90,6.13,true,1,
7290000074184,false,ביסקוויט פתי בר 500 גרם,"אסם השקעות בע""\מ",IL,ביסקוויט פתי בר,גרמים,500.00,100 גרם,false,0,12.00,2.40,true,1,
7290000104201,false,אפונה עדינה 600 גרם,"סנפרוסט בע""\מ",IL,אפונה עדינה קפוא,גרמים,600.00,100 גרם,false,0,19.90,3.32,true,1,
7290000104683,false,שעועית ירוקה שלמה מוקפאת,"סנפרוסט בע""\מ",IL,שעועית ירוקה שלמ,גרמים,800.00,100 גרם,false,0,22.90,2.86,true,1,
7290000104799,false,שעועית לבנה מבושלת 800גר,"סנפרוסט בע""\מ",IL,שעועית לבנה,גרמים,800.00,100 גרם,false,0,21.70,2.71,true,1,
7290000104805,false,גרגרי חומוס מבושל 800גרם,"סנפרוסט בע""\מ",IL,גרגרי חומוס קפוא,גרמים,800.00,100 גרם,false,0,21.70,2.71,true,1,
7290000112220,false,טחינה גולמית 100% 500 גר,"רושדי תעשיות מזון בע""\מ",IL,טחינה גולמית,גרמים,500.00,100 גרם,false,0,15.90,3.18,true,1,
7290000112497,false,מ.עשיר עוף איטר.קנור68גר,יוניליוור ישראל מזון בע\,IL,מרק עוף איטריות,גרמים,68.00,100 גרם,false,0,10.20,15.00,true,1,
7290000120836,false,מיונז אמיתי הלמנס 394 גר,יוניליוור,CA,מיונז אמיתי הלמנ,גרמים,394.00,100 גרם,false,0,12.80,3.25,true,1,
7290000121093,false,גב.מון בלן ט.שויצרי 120ג,נטו,IL,גבינת מון בלאן,גרמים,120.00,100 גרם,false,0,12.90,10.75,true,1,
7290000176062,false,קפה טורקי בצלופן 100 גרם,שטראוס קפה בי.ויn\.,IL,קפה טורקי בצלופן,גרמים,100.00,100 גרם,false,0,9.50,9.50,true,1,
7290000176420,false,קפה נמס 200 גרם,שטראוס קפה בי.וי,IL,קפה נמס,גרמים,200.00,100 גרם,false,0,21.90,10.95,true,1,
7290000191652,false,קלינקס מעוצב 90*3 יחידות,חוגלה קימברלי,IL,קלינקס מעוצב 3יח,יחידה,1.00,יחידה,false,0,12.90,12.90,true,1,
7290000191966,false,לילי נייר לח נטורל קר48י,חוגלה קימברלי,IL,נייר טואלט לח,יחידה,1.00,יחידה,false,0,8.90,8.90,true,1,
7290000211985,false,"אורז עגול 1 ק""ג","סוגת תעשיות בע""\מ",IL,אורז עגול סוגת,קילוגרמים,1.00,"ק""ג",false,0,9.90,9.90,true,1,
7290000238029,false,"בצק עלים 1 ק""ג","מעדנות בע""\מ",IL,בצק עלים מרודד,קילוגרמים,1.00,"ק""ג",false,0,24.90,24.90,true,1,
7290000238173,false,בורקס גבינה 800 גרם,"מעדנות בע""\מ",IL,בורקס גבינה קפוא,גרמים,800.00,100 גרם,false,0,22.70,2.84,true,1,
7290000289069,false,סנו ג'אוול מרסס לימון 1ל,"סנו מפעלי ברונוס בע""מ",IL,סנו ג'אוול מרסס,ליטרים,1.00,ליטר,false,0,19.90,19.90,true,1,
7290000295541,false,סנו סושי 75רב מגבת ג'מבו,סנו מפעלי ברונוס בעמ,IL,סנו סושי רב מגבת,מטרים,21.00,מטר,false,0,17.90,0.85,true,1,
7290000474502,false,גבינה לבנה 5% טרה 250 גר,טרה,IL,גבינה לבנה 5%,גרמים,250.00,100 גרם,false,0,4.75,1.90,true,1,
7290000474540,false,גבי. טוב טעם 3% 250גרם,טרה,IL,גבינת טוב טעם3%,גרמים,250.00,100 גרם,false,0,11.70,4.68,true,1,
7290000480107,false,קוואקר שיבולת שועל פח500,קואקר אוטס,GB,קוואקר שיבולת,גרמים,500.00,100 גרם,false,0,15.00,3.00,true,1,
7290000497044,false,לחם ברמן אקטיב 750 גרם,"י.את.א.ברמן בע""\מ",IL,לחם ברמן אקטיב,גרמים,750.00,100 גרם,false,0,17.50,2.33,true,1,
7290000497204,false,פיתות בשקית 100*5 גרם,"י.את.א.ברמן בע""\מ",IL,פיתות ברמן 5 יח,גרמים,500.00,100 גרם,false,0,9.50,1.90,true,1,
7290000497228,false,לחמניות רגילות 75*6 גרם,"י.את.א.ברמן בע""\מ",IL,6 לחמניות בשקית,גרמים,450.00,100 גרם,false,0,12.50,2.78,true,1,
7290000497426,false,לחם ברמן לעניין פלוס500ג,"י.את.א.ברמן בע""\מ",IL,לחם ברמן לעניין+,גרמים,500.00,100 גרם,false,0,16.50,3.30,true,1,
7290000498034,false,לחם E-FREEקמח כוסמי750ג,מאפית ברמן,IL,לחם מקמח כוסמין,גרמים,750.00,100 גרם,false,1,17.50,2.33,true,1,
7290000518220,false,סוכרה דיאט 100 שקיות,מתוק וקל,IL,סוכרה דיאט,גרמים,80.00,100 גרם,false,1,29.90,37.38,true,1,
7290000536743,false,קריספי סטיקס תירס 500גרם,זוגלובק,IL,קריספי סטיקסתירס,גרמים,500.00,100 גרם,false,0,19.70,3.94,true,1,
7290000554686,false,לבנה בשמן זית+זעתר5% 250,מחלבות גד,IL,לאבנה בשמן זית5%,גרמים,250.00,100 גרם,false,0,15.50,6.20,true,1,
7290000961606,true,שורש גינגר,קטיף.,XX,שורש גינגר,קילוגרמים,0.00,"ק""ג",true,0,31.90,31.90,true,1,
7290000963136,true,תפוח עץ מוזהב 65,קטיף.,XX,תפוח עץ מוזהב,קילוגרמים,0.00,"ק""ג",true,0,11.90,11.90,true,1,
7290000963372,true,תפוח עץ פינקריספי 70,קטיף.,XX,תפוח עץ פינקריספ,קילוגרמים,0.00,"ק""ג",true,0,15.90,15.90,true,1,
7290000963518,true,תפוח עץ סמיט 70,קטיף.,XX,תפוח עץ סמיט,קילוגרמים,0.00,"ק""ג",true,0,11.90,11.90,true,1,
7290000963693,true,תפוח עץ סאנדאונר 65,קטיף.,IL,"ת""ע סאנדאונר",קילוגרמים,0.00,"ק""ג",true,0,13.90,13.90,true,1,
7290000963952,true,נקטרינה 50,קטיף.,IL,נקטרינה,קילוגרמים,0.00,"ק""ג",true,0,10.90,10.90,true,1,
7290000964027,true,אפרסק 55,קטיף.,,אפרסק,קילוגרמים,0.00,"ק""ג",true,0,13.90,13.90,true,1,
7290000964348,true,תפוז ברשת למיץ,קטיף.,IL,תפוז ברשת למיץ,קילוגרמים,0.00,"ק""ג",true,0,5.90,5.90,true,1,
7290000964492,true,לימון תפזורת,קטיף.,IL,לימון,קילוגרמים,0.00,"ק""ג",true,0,7.90,7.90,true,1,
7290000964508,true,תפוז גדול,קטיף.,IL,תפוזים מובחרים,קילוגרמים,0.00,"ק""ג",true,0,6.90,6.90,true,1,
7290000964829,true,אגס ספדונה 55,קטיף.,IL,אגס ספדונה,קילוגרמים,0.00,"ק""ג",true,0,14.90,14.90,true,1,
7290000964980,true,אבוקדו,קטיף.,IL,אבוקדו,קילוגרמים,0.00,"ק""ג",true,0,8.90,8.90,true,1,
7290000965055,true,מלון מובחר,קטיף.,IL,מלון מובחר,קילוגרמים,0.00,"ק""ג",true,0,5.90,5.90,true,1,
7290000965116,true,משמש,קטיף.,IL,משמש,קילוגרמים,0.00,"ק""ג",true,0,20.90,20.90,true,1,
7290000966083,true,ענב יבוא ירוק שקיל,מהדרין,ZA,ענב יבוא ירוק,קילוגרמים,0.00,"ק""ג",true,0,20.90,20.90,true,1,
7290000966793,true,דובדבן אדום ארוז,קטיף.,IL,דובדבן אדום,גרמים,0.00,"ק""ג",true,0,38.00,38.00,true,1,
7290001045688,false,מיץ תפוזים סחוט בק400.מל,גניר,IL,מיץ תפוזים סחוט,מיליליטרים,400.00,"100 מ""ל",false,1,10.30,2.58,true,1,
7290001216040,false,טחינה גולמית אל ארז 500ג,אגס ירוק מסחר ושירותים,IL,טחינה גולמית,גרמים,500.00,100 גרם,false,0,18.90,3.78,true,1,
7290001247082,false,נקטר עגבניות ספרינג 1 ל',"יפאורה תבורי בע""\מ",IL,נקטר עגבניות,ליטרים,1.00,ליטר,false,0,7.10,7.10,true,1,
7290001247099,false,נקטר ספרינג מנגו 1 ליטר,"יפאורה תבורי בע""\מ",IL,נקטר ספרינג מנגו,ליטרים,1.00,ליטר,false,0,7.40,7.40,true,1,
7290001247143,false,נקטר ספרינג תפוחים 1ליטר,"יפאורה תבורי בע""\מ",IL,נקטר ספרינג תפוח,ליטרים,1.00,ליטר,false,0,7.40,7.40,true,1,
7290001485026,false,גב.שמנת עם זיתים 5% 200ג,טרה,IL,גבינת שמנת+זיתים,גרמים,200.00,100 גרם,false,0,11.40,5.70,true,1,
7290001594858,false,בירה טובורג רד בק330*6מל,מבשלות בירה בינלאומיות ב,IL,טובורג רד 6 יח,ליטרים,1.98,ליטר,false,0,39.90,20.15,true,1,
7290001598580,false,פיתות כוסמין מלא 372 גרם,מאפיית יוסף ברון בעמ,IL,פיתות כוסמין מלא,גרמים,372.00,100 גרם,false,1,17.90,4.81,true,1,
7290002008224,false,מזרה עגול צבעוני צנצ100.,ממתקי עלה בעמ,IL,סוכריות לקישוט,גרמים,100.00,100 גרם,false,0,6.20,6.20,true,1,
7290002057352,false,מלפפונים 7-9 במלח 540גרם,קבוצת יבנה מוצרי מזון,IL,מלפפון במלח 7-9,גרמים,540.00,100 גרם,false,0,7.60,1.41,true,1,
7290002331483,false,"נביעות בייבי 320*6 מ""ל",נביעות טבע הגליל בעמ,IL,נביעות בייבי 6יח,ליטרים,1.92,ליטר,false,0,15.90,8.28,true,1,
7290002692393,false,שמן קנולה מועשר 1 ליטר,שמן תעשיות בעמ,EE,שמן קנולה מועשר,ליטרים,1.00,ליטר,false,0,16.90,16.90,true,1,
7290002692478,false,שמ.זית כתית מעול.מעוד750,שמן תעשיות בעמ,IT,שמן זית,מיליליטרים,750.00,"100 מ""ל",false,0,36.90,4.92,true,1,
7290002752332,false,סוכ.מנטוס טעם פירות37.5ג,מנטוס,NL,סוכריות מנטוס,גרמים,37.00,100 גרם,false,0,4.00,10.81,true,1,
7290002766056,false,עגבניה שרי תמר,קטיף.,IL,עגבניה שרי תמר,גרמים,460.00,100 גרם,false,1,10.90,2.37,true,1,
7290003029372,false,משקה חלב בננה בקבוק 1 ל',מחלבת יטבתה,IL,משקה חלב בננה,ליטרים,1.00,ליטר,false,0,12.00,12.00,true,1,
7290003029532,false,מוקה יטבתה בקבוק 2% 1ל,מחלבת יטבתה,IL,מוקה יטבתה בקבוק,ליטרים,1.00,ליטר,false,0,12.00,12.00,true,1,
7290003332007,false,קפה שחור עם הל 250 גרם,קפה אל נח'לה,IL,קפה שחור,גרמים,250.00,100 גרם,false,0,15.50,6.20,true,1,
7290003423909,false,חטיף שוק.לבן שברי עוג43.,,US,חטיף שוקולד לבן,גרמים,43.00,100 גרם,false,0,4.90,11.40,true,1,
7290003438006,false,רוטב פסטו אוליביה 180 גר,אוליביה,IL,רוטב פסטו,גרמים,180.00,100 גרם,false,0,14.50,8.06,true,1,
7290003643387,false,"סוכר לבן צנצנת 1 ק""ג","סוגת תעשיות בע""\מ",IL,סוכר לבן צנצנת,קילוגרמים,1.00,"ק""ג",false,0,8.90,8.90,true,1,
7290003989539,false,רביולי עם גבינה 400 גרם,"שטראוס גרופ בע""\מ",IL,רביולי גבינה,גרמים,400.00,100 גרם,false,0,21.70,5.43,true,1,
7290004011345,false,קצפת מתוקה,,IT,קצפת מתוקה,גרמים,250.00,100 גרם,false,0,12.90,5.16,true,1,
7290004119133,false,יוגורט בכד6.5%  1.5 ליטר,מחלבת אלון תבור,IL,יוגורט בכד,ליטרים,1.50,ליטר,false,0,17.80,11.87,true,1,
7290004119225,false,יופלה אננס 3% 150 גרם,תנובה בעמ,IL,יופלה אננס 3%,גרמים,150.00,100 גרם,false,0,5.20,3.47,true,1,
7290004122195,false,גוש חלב פרוס28% 200מהדרי,תנובה,IL,גבינה גוש חלב,גרמים,200.00,100 גרם,false,0,14.60,7.30,true,1,
7290004122270,false,עמק פרוס סגירה חוזרת 200,תנובה,IL,גבינת עמק פרוס,גרמים,200.00,100 גרם,false,0,16.40,8.20,true,1,
7290004125370,false,שמנת חמוצה 9% שומן 200מל,תנובה,IL,שמנת חמוצה 9%,מיליליטרים,200.00,"100 מ""ל",false,0,3.70,1.85,true,1,
7290004125400,false,"אשל מהדרין 4.5% 200 מ""ל",תנובה,IL,אשל 4.5% שומן,מיליליטרים,200.00,"100 מ""ל",false,0,1.61,0.81,true,1,
7290004125455,false,שמנת תנובה 15%שומן200מל,תנובה,IL,שמנת תנובה 15%,מיליליטרים,200.00,"100 מ""ל",false,0,2.28,1.14,true,1,
7290004125738,false,שמנת להקצפה-32%שף לבן250,תנובה,IL,שמנת להקצפה32%,מיליליטרים,250.00,"100 מ""ל",false,0,6.90,2.76,true,1,
7290004127329,false,קוטג' 5% 250 גרם בעלז,מחלבת אלון תבור,IL,קוטג' תנובה 5%,גרמים,250.00,100 גרם,false,0,5.70,2.28,true,1,
7290004127336,false,קוטג' תנובה 9% שומן 250ג,מחלבת אלון תבור,IL,קוטג' תנובה 9%,גרמים,250.00,100 גרם,false,0,5.70,2.28,true,1,
7290004199203,false,300 קסמי שיניים מלחיה,PRODUC H.G.W,CN,קיסמי שיניים,יחידה,1.00,יחידה,false,0,3.90,3.90,true,1,
7290004584528,false,יוגורט ביו 1.7%דנונה200ג,"שטראוס בריאות בע""\מ",IL,יוגורט ביו 1.7%,גרמים,200.00,100 גרם,false,0,3.70,1.85,true,1,
7290004685010,false,שיפון פלוס לחם הארץ 500ג,"י.את.א.ברמן בע""\מ",IL,לחם שיפון פלוס,גרמים,500.00,100 גרם,false,0,17.90,3.58,true,1,
7290004685027,false,לחם חיטה מלאה פלוס500גרם,"י.את.א.ברמן בע""\מ",IL,לחם חיטה מלאה,גרמים,500.00,100 גרם,false,0,17.90,3.58,true,1,
7290004685089,false,לחם חמניות 500 גרם,מאפית ברמן,IL,לחם חמניות,גרמים,500.00,100 גרם,false,0,17.90,3.58,true,1,
7290004685126,false,לחם הארץ חמישה דגנים750ג,"י.את.א.ברמן בע""\מ",IL,לחם הארץ 5 דגנים,גרמים,750.00,100 גרם,false,0,17.90,2.39,true,1,
7290004685157,false,לחם שיפון 100%פרוס 750ג,"י.את.א.ברמן בע""\מ",IL,לחם שיפון פרוס,גרמים,750.00,100 גרם,false,0,17.90,2.39,true,1,
7290004685195,false,לחם 10 דגנים פרוס 750גרם,"י.את.א.ברמן בע""\מ",IL,לחם 10 דגנים,גרמים,750.00,100 גרם,false,0,17.90,2.39,true,1,
7290004685225,false,לחם פומפרניקל 750 גרם,"י.את.א.ברמן בע""\מ",IL,לחם פומפרניקל,גרמים,750.00,100 גרם,false,0,17.90,2.39,true,1,
7290004685478,false,פיתות כוסמין 10יח 550 גר,"מאפיית אורן משי בע""\מ",IL,פיתות כוסמין,גרמים,550.00,100 גרם,false,1,17.90,3.25,true,1,
7290005678073,false,פלפל צ'ילי זהבי יחידה,מושב לכיש,IL,פלפל צ'ילי זהבי,יחידה,1.00,יחידה,false,0,6.90,6.90,true,1,
7290005938245,false,פסטו קלאסי 220 גרם,נטו,IL,פסטו קלאסי,גרמים,220.00,100 גרם,false,0,19.90,9.05,true,1,
7290006644480,false,"תפוזינה תפוז 500 מ""ל","יפאורה תבורי בע""\מ",IL,תפוזינה תפוז,מיליליטרים,500.00,"100 מ""ל",false,0,5.60,1.12,true,1,
7290006664990,false,דנונה ביו 1.7% 150*8גרם,"שטראוס גרופ בע""\מ",IL,דנונה ביו 8 יח',קילוגרמים,1.20,"ק""ג",false,0,17.60,14.67,true,1,
7290008175173,false,"חמאה ווליו ללת""ס.מלח200ג",ואליו אל.טי.די,FI,חמאה ווליו,גרמים,200.00,100 גרם,false,0,12.90,6.45,true,1,
7290008190909,false,מיני קוקיס שוק.צ'יפס600ג,כרמית,IL,מיני קוקיס,גרמים,600.00,100 גרם,false,0,19.90,3.32,true,1,
7290008409582,false,שניצל אמיתי ביתי 700 גרם,תנובה גליל שותפות מוגבלת,IL,שניצל אמיתי ביתי,גרמים,700.00,100 גרם,false,0,44.50,6.36,true,1,
7290008464130,false,בירה גולדסטאר6יח,,IL,בירה גולדסטאר6יח,ליטרים,1.98,ליטר,false,0,45.90,23.18,true,1,
7290008464796,false,"בירה הייניקן בק330*6 מ""ל",היינקן,IL,בירה הייניקן 6יח,ליטרים,1.98,ליטר,false,0,46.90,23.69,true,1,
7290008745239,false,תפוצ'יפס קראנצ' טעם טבעי,"שטראוס פריטו ליי בע""\מ )",IL,תפוצ'יפס קראנצ',גרמים,50.00,100 גרם,false,0,4.30,8.60,true,1,
7290008989169,false,אורז תפוח,,IL,אורז תפוח,גרמים,500.00,100 גרם,false,0,18.90,3.78,true,1,
7290009950106,true,משקה אנרגיה250מל,,,משקה אנרגיה250מל,מיליליטרים,250.00,"100 מ""ל",false,0,5.80,2.32,true,1,
7290009950151,true,בירה מצוננת500מל,,,בירה מצוננת500מל,מיליליטרים,500.00,"100 מ""ל",false,0,11.00,2.20,true,1,
7290009954999,true,מים מצוננים500מל,,IL,מים מצוננים500מל,מיליליטרים,500.00,"100 מ""ל",false,0,6.90,1.38,true,1,
7290010945146,false,קוטג' 3%רכיבים טביעי250ג,טרה,IL,קוטג'  3%  250גר,גרמים,250.00,100 גרם,false,0,5.50,2.20,true,1,
7290010970551,false,"שמן אבוקדו 250 מ""ל","ג.מ טעם הארץ בע""\ם",IL,שמן אבוקדו,מיליליטרים,250.00,"100 מ""ל",false,1,32.60,13.04,true,1,
7290011017866,false,"פחית קוקה קולה 330 מ""ל",החברה המרכזית לייצור משק,IL,קוקה קולה פחית,מיליליטרים,330.00,"100 מ""ל",false,0,5.40,1.64,true,1,
7290011018184,false,פיוז תה אפרסק,,IL,פיוז תה אפרסק,מיליליטרים,500.00,"100 מ""ל",false,0,8.80,1.76,true,1,
7290011131371,false,מוזלי קראנצ'י בוטנ+שקד1ק,וויטליה,MK,מוזלי קראנצ'י,קילוגרמים,1.00,"ק""ג",false,0,28.90,28.90,true,1,
7290011148935,false,מלפפון בייבי,קטיף.,IL,מלפפון בייבי,גרמים,350.00,100 גרם,false,0,10.90,3.11,true,1,
7290011518561,false,"אקטימל תות 100*14 מ""ל","שטראוס בריאות בע""\מ",IL,אקטימל מארז14יח',ליטרים,1.40,ליטר,false,0,32.60,23.29,true,1,
7290011668570,false,חגיגת גרנולה פ.יבשים500ג,אפקט טבעי,IL,חגיגת גרנולה,גרמים,500.00,100 גרם,false,0,26.90,5.38,true,1,
7290011947309,false,זיתים סורי+לימון כבוש230,,IL,זית סורי,גרמים,230.00,100 גרם,false,0,14.90,6.48,true,1,
7290012086113,false,עגבניה שרי אשכולות מובחר,קטיף.,IL,שרי אשכולות,גרמים,460.00,100 גרם,false,0,10.90,2.37,true,1,
7290012117916,false,אינסטלטור נוזלי,,IL,אינסטלטור נוזלי,ליטרים,1.00,ליטר,false,0,29.90,29.90,true,1,
7290012645297,false,יוגורט עיזים ביו 150 גרם,מחלבת סוסיא,IL,יוגורט עיזים,גרמים,150.00,100 גרם,false,0,5.90,3.93,true,1,
7290013585257,false,"ספרייט זירו 500 מ""ל",החברה המרכזית לייצור משק,IL,ספרייט זירו,מיליליטרים,500.00,"100 מ""ל",false,1,8.50,1.70,true,1,
7290013585394,false,קוקה קולה 1 ליטר,החברה המרכזית לייצור משק,IL,קוקה קולה,ליטרים,1.00,ליטר,false,1,7.40,7.40,true,1,
7290013847102,false,טונה סטארקיסט בשמן 80*3ג,דרדנל,TR,טונה סטארקיסט3יח,גרמים,240.00,100 גרם,false,0,13.90,5.79,true,1,
7290013847454,false,טונה סטארקיסט קנולה160*4,"טונה ויאטנם קו,. אל.טי.ד",VN,טונה בשמן 4 יח,גרמים,640.00,100 גרם,false,1,25.90,4.05,true,1,
7290013861955,false,תערובת פיצוחים 200גרם,שקדיה,IL,תערובת פיצוחים,גרמים,200.00,100 גרם,false,0,24.70,12.35,true,1,
7290014466128,false,"אינדיגו הר חרמון 750 מ""ל",מיוצר וממולא על ידי יקב,IL,הר חרמון אינדיגו,מיליליטרים,750.00,"100 מ""ל",false,0,33.90,4.52,true,1,
7290014466609,false,"גמלא מרלו 750 מ""ל",יקב רמת הגולן,IL,גמלא מרלו,מיליליטרים,750.00,"100 מ""ל",false,1,67.30,8.97,true,1,
7290014759084,false,גבינת נפוליאון,,IL,גבינת נפוליאון,גרמים,225.00,100 גרם,false,0,15.00,6.67,true,1,
7290015129121,false,אטריות קונגאק,,CN,אטריות קונגאק,גרמים,270.00,100 גרם,false,0,11.90,4.41,true,1,
7290015129251,false,פסטה פטוצ'יני קונגאק270ג,סצ'\ואן סנטאיואן,CN,פסטה קונגאק,גרמים,270.00,100 גרם,false,1,11.90,4.41,true,1,
7290015139267,false,"שוק.מריר שקדים ללת""ס85גר","כרמית תעשיות ממתקים בע""\",IL,שוקולד מריר,גרמים,85.00,100 גרם,false,1,6.90,8.12,true,1,
7290016245868,false,לחם פשתן 450 גרם,ביכורים,IL,לחם פישתן,גרמים,450.00,100 גרם,false,1,21.90,4.87,true,1,
7290016867114,false,לחם קל מכוסמין מלא 500 ג,,IL,לחם קל מכוסמין,גרמים,500.00,100 גרם,false,1,19.90,3.98,true,1,
7290016867176,false,לחמ.קלות שומ.כוסמין 351ג,,IL,לחמניות קלות,גרמים,351.00,100 גרם,false,1,15.90,4.53,true,1,
7290017046075,false,"עוגיות ש.שועל ללת""ס 500ג",,IL,עוגיות ש.שועל,גרמים,500.00,100 גרם,false,1,18.90,3.78,true,1,
7290017513775,false,בייגלה מצופה שוק.חלב140ג,אולקר מקבוצת פלאדיס,TR,בייגלה מצופה,גרמים,140.00,100 גרם,false,1,9.90,7.07,true,1,
7290017589565,false,גוורצטרמינר קלאסיק 750 מ,יקבי ברקן,IL,גוורצטרמינר קלאס,מיליליטרים,750.00,"100 מ""ל",false,1,34.90,4.65,true,1,
7290017647722,false,גמלא בלאנקו לבן יבש750מל,יקב רמת הגולן,IL,גמלא בלאנקו לבן,מיליליטרים,750.00,"100 מ""ל",false,1,69.90,9.32,true,1,
7290018440209,false,בייגלה מצופה,אולקר מקבוצת פלאדיס,,בייגלה מצופה,יחידה,1.00,יחידה,false,0,9.90,9.90,true,1,
7290018471906,false,שוופס לימונדה ורודה1.5ל,"יפאורה תבורי בע""\מ",IL,שוופס לימונדה,ליטרים,1.50,ליטר,false,0,9.30,6.20,true,1,
7290018471944,false,שוופס מוגז לימונייד 1.5ל,"יפאורה תבורי בע""\מ",IL,שוופס לימוניי,ליטרים,1.50,ליטר,false,0,9.30,6.20,true,1,
7290019056171,false,שוופס סודה לימון 1.5*4 ל,"יפאורה תבורי בע""\מ",IL,סודה לימון 1.5*4,ליטרים,6.00,ליטר,false,0,13.10,2.18,true,1,
7290019056188,false,שוופס סודה נענע לי1.5*4ל,"יפאורה תבורי בע""\מ",IL,שוופס סודה1.5*4ל,ליטרים,6.00,ליטר,false,0,13.10,2.18,true,1,
7290019056621,false,ספרינג פירות טרופיים1.5ל,"יפאורה תבורי בע""\מ",IL,משקה ספרינג,ליטרים,1.50,ליטר,false,0,9.00,6.00,true,1,
7290055090801,false,"שוקולד לבן ללת""ס 85 גרם",כרמית,IL,שוקולד לבן,גרמים,85.00,100 גרם,false,0,6.90,8.12,true,1,
7290100240632,false,פתית קרקר 6 דגנים 250גרם,יוניליוור ישראל מזון בע\,IL,פתית 6 דגנים,גרמים,250.00,100 גרם,false,0,18.70,7.48,true,1,
7290100243671,false,"בדין אקסטרה כחול 960 מ""ל",יוניליוור סנאיי וי טיקאר,TR,מרכך כביסה בדין,מיליליטרים,960.00,"100 מ""ל",false,0,17.90,1.86,true,1,
7290100850916,false,דוריטוס חמוץ חריף 70 גרם,"שטראוס פריטו ליי בע""\מ )",IL,דוריטוס חמוץ ח,גרמים,70.00,100 גרם,false,0,4.10,5.86,true,1,
7290100850923,false,דוריטוס גריל 70 גרם,"שטראוס פריטו ליי בע""\מ )",IL,דוריטוס גריל,גרמים,70.00,100 גרם,false,0,4.10,5.86,true,1,
7290101113829,false,מאגדת יופלהשייק פרי מנגו,,IL,מאגדת יופלהשייק,גרמים,350.00,100 גרם,false,1,22.90,6.54,true,1,
7290102394081,false,מולר מיקס קורנפ.מצופה180,טרה,IL,יוגורט מולר מיקס,גרמים,180.00,100 גרם,false,0,5.90,3.28,true,1,
7290102397891,false,גבינה מותכת 4 * 25 גרם,משק צוריאל,IL,גבינה מותכת,גרמים,100.00,100 גרם,false,1,7.80,7.80,true,1,
7290103681180,false,"מרלו הר תבור 750 מ""ל",מיוצר על ידי יקב תבור,IL,מרלו הר תבור,מיליליטרים,750.00,"100 מ""ל",false,1,38.90,5.19,true,1,
7290103681623,false,"הר מוסקטו רוזה 750 מ""ל",יקב תבור,IL,הר מוסקטו  רוזה,מיליליטרים,750.00,"100 מ""ל",false,1,38.90,5.19,true,1,
7290105430458,false,סבון פלמוליב שקדים 750 מ,קולגייט פלמוליב,TR,סבון פלמוליב,מיליליטרים,750.00,"100 מ""ל",false,0,21.90,2.92,true,1,
7290106663121,false,מילקי קייק 34 גרם,בובארד איטליה אס.פי.איי,IT,מילקי קייק,גרמים,34.00,100 גרם,false,1,3.10,9.12,true,1,
7290106664067,false,לאבנה ש.זית וזעתר10% 400,"מחלבות בר בכפר בע""\מ",IL,לאבנה שמן זית,גרמים,400.00,100 גרם,false,1,15.60,3.90,true,1,
7290106667266,false,דוריטוס חמוץ חריף 185גרם,"שטראוס פריטו ליי בע""\מ )",IL,דוריטוס,גרמים,185.00,100 גרם,false,1,8.40,4.54,true,1,
7290106728127,false,חלב טבעי בקבוק3.6% 1ליטר,מחלבת יטבתה,IL,חלב טבעי 3.6% 1ל,ליטרים,1.00,ליטר,false,1,7.90,7.90,true,1,
7290107646062,false,מרק בצל רכיבים טבעיים400,יוניליוור ישראל מזון בע\,IL,מרק בצל,גרמים,400.00,100 גרם,false,1,29.50,7.38,true,1,
7290107871990,false,פסטה צינורות 500 גרם,פסטה זארה,IT,פסטה צינורות,גרמים,500.00,100 גרם,false,0,6.50,1.30,true,1,
7290107932080,false,חלב מועשר3% בקבוק 1ליטר,מחלבת יטבתה,IL,חלב מועשר 3%,ליטרים,1.00,ליטר,false,1,7.90,7.90,true,1,
7290107933315,false,חלב דל לקטוז בקבוק2% 1ל,מחלבת יטבתה,IL,חלבדל לקטוז 2%,ליטרים,1.00,ליטר,false,1,7.90,7.90,true,1,
7290108509700,false,"אורז פרסי דאווט 1 ק""ג",אל.טי.פודס בעמ,IN,אורז פרסי דאווט,קילוגרמים,1.00,"ק""ג",false,1,10.90,10.90,true,1,
7290109640198,false,מגורדת לפיצה ואפיה 200 ג,ויגרדן,IL,מגורדת לפיצה,גרמים,200.00,100 גרם,false,1,19.90,9.95,true,1,
7290110115005,false,פריגת ענבים 1.5 ליטר,מבשלות בירה בינלאומיות ב,IL,פריגת ענבים,ליטרים,1.50,ליטר,false,0,9.90,6.60,true,1,
7290110115050,false,פריגת מיקס תות-בננה1.5ל,מבשלות בירה בינלאומיות ב,IL,פריגת תות בננ,ליטרים,1.50,ליטר,false,0,9.90,6.60,true,1,
7290110115111,false,פריגת צלול אננס 1.5 ליטר,"מבשלות בירה לישראל בע""\מ",IL,פריגת צלול אנ,ליטרים,1.50,ליטר,false,0,8.50,5.67,true,1,
7290110115203,false,קוקה קולה בקבוק 1.5 ליטר,החברה המרכזית לייצור משק,IL,קוקה קולה,ליטרים,1.50,ליטר,false,0,9.00,6.00,true,1,
7290110115227,false,קוקה קולה זירו 1.5 ליטר,החברה המרכזית לייצור משק,IL,קוקה קולה זיר,ליטרים,1.50,ליטר,false,0,9.50,6.33,true,1,
7290110115265,false,ספרייט ליים 1.5 ליטר,החברה המרכזית לייצור משק,IL,ספרייט ליים,ליטרים,1.50,ליטר,false,0,9.00,6.00,true,1,
7290110115289,false,ספרייט19קל.לימון נענע1.5,החברה המרכזית לייצור משק,IL,ספרייט נענע,ליטרים,1.50,ליטר,false,0,8.50,5.67,true,1,
7290110115463,false,פיוז תה קר אפרסק 1.5ליטר,מבשלות בירה בינלאומיות ב,IL,פיוז תה אפרסק,ליטרים,1.50,ליטר,false,0,10.00,6.67,true,1,
7290110321031,false,יופלהGOמועשר בחלבון 200ג,תנובה,IL,יופלה GO יוגורט,גרמים,200.00,100 גרם,false,1,6.30,3.15,true,1,
7290110324872,false,גבינת גלבוע 5% פרוסות 20,תנובה,IL,גלבוע 5%פרוסות,גרמים,200.00,100 גרם,false,1,18.90,9.45,true,1,
7290110325619,false,משקה שיבולת שועל 1 ליטר,"תנובה בע""\מ",IL,משקה שיבולת שועל,ליטרים,1.00,ליטר,false,1,14.80,14.80,true,1,
7290110327033,false,משקה סויה מועשר חלבון 1ל,תנובה בעמ,IL,משקה סויה מועשר,ליטרים,1.00,ליטר,false,1,14.80,14.80,true,1,
7290110327514,false,משקה ש.שועל אגוז לוז 1ל,,IL,משקה ש.שועל,ליטרים,1.00,ליטר,false,1,14.80,14.80,true,1,
7290110329136,false,מעדן חלב גו שוקןלד 120גר,"תנובה בע""\מ",IL,מעדן חלב גו,גרמים,120.00,100 גרם,false,1,5.30,4.42,true,1,
7290110329143,false,מעדן חלב גו וניל 120גרם,"תנובה בע""\מ",IL,מעדן חלב גו,גרמים,120.00,100 גרם,false,1,5.30,4.42,true,1,
7290110329709,false,יוגורט תנובה 0% 200 גרם,"תנובה בע""\מ",IL,יוגורט תנובה0%,גרמים,200.00,100 גרם,false,1,3.20,1.60,true,1,
7290110329822,false,מעדן סויה ביו פ.יער150גר,"תנובה בע""\מ",IL,מעדן סויה ביו,גרמים,150.00,100 גרם,false,1,5.50,3.67,true,1,
7290110563431,false,אייס קפה 1.6% קלאסי 230מ,אנסטל מילק kg,AT,משקה אייס קפה,מיליליטרים,230.00,"100 מ""ל",false,1,7.90,3.43,true,1,
7290110564742,false,אייס קפה 1.2% חזק 230 מל,אנסטל מילק kg,AT,משקה אייס קפה,מיליליטרים,230.00,"100 מ""ל",false,1,7.90,3.43,true,1,
7290111564277,false,פריכיות דק.פיטנס3דגנ120ג,פרח תעשיות בעמ,IL,פריכיות פיטנס,גרמים,120.00,100 גרם,false,1,11.90,9.92,true,1,
7290111568466,false,רוטב אסיאתי למוקפץ 290מל,אסם השקעות,IL,רוטב אסיאתי,מיליליטרים,290.00,"100 מ""ל",false,1,15.00,5.17,true,1,
7290112330970,false,שייק חלבון+פירות יער350מ,מחלבת יטבתה,IL,שייק חלבון,מיליליטרים,350.00,"100 מ""ל",false,1,7.90,2.26,true,1,
7290112339867,false,גמדים סקוויז לדרך תות100,"שטראוס בריאות בע""\מ",IL,גמדים לדרך,גרמים,100.00,100 גרם,false,1,5.90,5.90,true,1,
7290112339874,false,גמדים לדרך תות בננה100ג,"שטראוס בריאות בע""\מ",IL,גמדים לדרך,גרמים,100.00,100 גרם,false,1,5.90,5.90,true,1,
7290112355805,false,גמדים ארוחת בוקר ענבי100,"שטראוס בריאות בע""\מ",IL,גמדים ארוחת בוקר,גרמים,100.00,100 גרם,false,1,5.90,5.90,true,1,
7290112490216,false,נמס בכוס ט.עוף ר. טבעיים,יוניליוור ישראל מזון בעמ,IL,מרק נמס בכוס,גרמים,48.00,100 גרם,false,1,7.80,16.25,true,1,
7290112490728,false,מרק עשיר ירקות רכ.טבעי95,יוניליוור ישראל מזון בעמ,IL,מרק עשיר ירקות,גרמים,95.00,100 גרם,false,1,12.50,13.16,true,1,
7290112492456,false,שמפו פינוק יבש /פגום 700,יוניליוור ישראל טיפוח אי,IL,שמפו לשיער יבש,מיליליטרים,700.00,"100 מ""ל",false,1,12.90,1.84,true,1,
7290112492531,false,"מרכך פינוק רגיל 700 מ""ל",יוניליוור,IL,מרכך לשיער רגיל,מיליליטרים,700.00,"100 מ""ל",false,1,12.90,1.84,true,1,
7290112492944,false,"מרק עוף אמיתי כשל""פ400גר",יוניליוור ישראל מזון בע\,IL,מרק עוף אמיתי,גרמים,400.00,100 גרם,false,1,22.90,5.73,true,1,
7290112492999,false,מרק טעם עוף 400 גרם,יוניליוור ישראל מזון בע\,IL,מרק בטעם עוף,גרמים,400.00,100 גרם,false,1,15.90,3.98,true,1,
7290112495150,false,נשנושי קרקר מלוח 300 גרם,בייגל את בייגל מזון 198),IL,נשנושי קרקר,גרמים,300.00,100 גרם,false,1,14.50,4.83,true,1,
7290112965660,false,חטיף פיטנס מלח+פלפל25גר,"אסם השקעות בע""\מ",IL,חטיף פיטנס מלח,גרמים,25.00,100 גרם,false,1,5.50,22.00,true,1,
7290112968807,false,קרקר דק פיטנס סלק 140גרם,אסם,IL,קרקר דק פיטנס,גרמים,140.00,100 גרם,false,1,13.90,9.93,true,1,
7290114310215,false,שמנת מתוקה38% בקבוק250מל,מילקו תעשיות בעמ,IL,שמנת מתוקה 38%,מיליליטרים,250.00,"100 מ""ל",false,1,6.18,2.47,true,1,
7290114310550,false,פטה עיזים מעודנת5% 200ג,משק צוריאל,IL,פטה עיזים מעודנת,גרמים,200.00,100 גרם,false,1,25.90,12.95,true,1,
7290114659949,false,מסכה לפנים מארז 50 יח',,CN,מסכת פנים חד פעמ,יחידה,1.00,יחידה,false,1,9.90,9.90,true,1,
7290115190250,false,פרלמנט קצר חפ יח,פיליפ מוריס,US,פרלמנט קצר חפ,יחידה,1.00,יחידה,false,1,40.50,40.50,false,1,
7290115190335,false,אל אם בלו ארוך חפ יח,פיליפ מוריס,TR,אל אם בלו ארוך,יחידה,1.00,יחידה,false,1,32.00,32.00,false,1,
7290115190892,false,מרלבורו פיוז'ן קפסולה חפ,פיליפ מוריס,TR,מרלבורו פיוז'ן ח,יחידה,1.00,יחידה,false,1,28.50,28.50,false,1,
7290115200713,false,במבה קלאסי 5 * 50 ג,"אסם השקעות בע""\מ",IL,במבה קלאסי 5 יח,גרמים,250.00,100 גרם,false,1,12.90,5.16,true,1,
7290115201680,false,ביסלי ברביקיו 70 גרם,"אסם השקעות בע""\מ",IL,ביסלי ברביקיו,גרמים,70.00,100 גרם,false,1,4.50,6.43,true,1,
7290115201741,false,ביסלי בצל 70 גרם,"אסם השקעות בע""\מ",IL,ביסלי בצל,גרמים,70.00,100 גרם,false,1,4.50,6.43,true,1,
7296073006176,false,"סוכר שופרסל 1 ק""ג","סוגת תעשיות בע""\מ",IL,סוכר לבן,קילוגרמים,1.00,"ק""ג",false,0,4.90,4.90,true,1,
7296073020370,false,צלחת גדולה BASIC 100 יח',שופרסל,IL,צלחות גדולות,יחידה,1.00,יחידה,false,0,28.90,28.90,true,1,
7296073048992,false,פסטרמה בדבש שופרסל 300גר,,IL,פסטרמה בדבש,גרמים,300.00,100 גרם,false,0,23.90,7.97,true,1,
7296073049043,false,פסטרמה ברבקיו שופרסל300ג,,IL,פסטרמה ברבקיו,גרמים,300.00,100 גרם,false,0,23.90,7.97,true,1,
7296073080497,false,שעועית אפויה שופרסל 580ג,פרי גליל,IL,שעועית אפויה,גרמים,580.00,100 גרם,false,0,7.50,1.29,true,1,
7296073080558,false,תירס לייט שופרסל 550 גרם,פרי גליל,IL,תירס לייט,גרמים,550.00,100 גרם,false,0,7.90,1.44,true,1,
7296073091462,false,פיסטוק קלוי וממולח,ששון,IL,פיסטוק קלוי,גרמים,200.00,100 גרם,false,0,23.90,11.95,true,1,
7296073091479,false,שקד קלוף קלוי וממולח,ששון,IL,שקד קלוף קלוי,גרמים,200.00,100 גרם,false,0,18.90,9.45,true,1,
7296073091486,false,אגוזי קשיו קלויים ומומלח,ששון,IL,קשיו קלוי ומומלח,גרמים,200.00,100 גרם,false,0,23.90,11.95,true,1,
7296073098294,false,ברוקולי מוקפא שופרסל 800,פרי גליל,IL,ברוקולי 800 גר,גרמים,800.00,100 גרם,false,0,23.80,2.98,true,1,
7296073106098,false,פריכיות דק.כוסמת שופר100,"פרח תעשיות מזון בע""\מ",IL,פריכיות כוסמת,גרמים,100.00,100 גרם,false,0,7.90,7.90,true,1,
7296073108344,false,לקט קלאסי שטוף350גרם,פרסקו,IL,לקט קלאסי שטוף,גרמים,350.00,100 גרם,false,0,11.90,3.40,true,1,
7296073116769,false,קוקוס טחון שופרסל 100גרם,מיה,IL,קוקוס טחון,גרמים,100.00,100 גרם,false,0,4.90,4.90,true,1,
7296073122296,false,פסטרמה מסורתית שופר300.ג,,IL,פסטרמה מסורתית,גרמים,300.00,100 גרם,false,0,22.90,7.63,true,1,
7296073122333,false,שקדי מרק מרכיבים טבעיים,שופרסל,IL,שקדי מרק בשקית,גרמים,400.00,100 גרם,false,0,8.90,2.23,true,1,
7296073132820,false,סלק בואקום 500 גרם,שופרסל,ES,סלק בואקום 500ג,גרמים,500.00,100 גרם,false,0,8.90,1.78,true,1,
7296073151555,false,מלח שולחן דק שופרסל 1 קג,מלח הארץ אילת,IL,מלח שולחן דק,קילוגרמים,1.00,"ק""ג",false,0,2.07,2.07,true,1,
7296073161493,false,שוק.מריר60%שופרסל 100*2ג,"שוקולד פריי בע""מ",CH,שוקולד מריר זוג,גרמים,200.00,100 גרם,false,0,14.20,7.10,true,1,
7296073173205,false,שעועית ירוקה עדינה שופרס,ARDO,BE,שעועית ירוקה,גרמים,600.00,100 גרם,false,0,20.90,3.48,true,1,
7296073179863,false,דבש טבעי לחיץ 250 גרם,שופרסל,IL,דבש טבעי לחיץ,גרמים,250.00,100 גרם,false,0,16.90,6.76,true,1,
7296073197461,false,שוקולד חלב 3 יח,,CH,שוקולד חלב 3 יח,גרמים,300.00,100 גרם,false,0,14.90,4.97,true,1,
7296073207078,false,בוטן קלוף קלוי וממולח,ששון,IL,בוטן קלוף קלוי,גרמים,300.00,100 גרם,false,0,13.90,4.63,true,1,
7296073211624,false,פילה אמנון קפוא,,CN,פילה אמנון קפוא,קילוגרמים,0.00,"ק""ג",true,0,32.90,32.90,true,1,
7296073214120,false,חתיכות אננס,,TH,חתיכות אננס,גרמים,850.00,100 גרם,false,0,8.90,1.05,true,1,
7296073219347,false,לחם אחיד פרוס750ג שופרסל,מאפית ברמן,IL,לחם אחיד פרוס,גרמים,750.00,100 גרם,false,0,7.11,0.95,true,1,
7296073220398,false,חטיפי קרח,,IL,חטיפי קרח,מיליליטרים,800.00,"100 מ""ל",false,0,9.90,1.24,true,1,
7296073224693,false,ביציםM שופרסל 12,,IL,ביציםM שופרסל 12,יחידה,1.00,יחידה,false,0,10.40,10.40,true,1,
7296073224709,false,ביציםL שופרסל 12,,IL,ביציםL שופרסל 12,יחידה,1.00,יחידה,false,0,11.30,11.30,true,1,
7296073225492,false,רוטב עגבני.מרוכז22% 260ג,פריניר,IL,רוטב עגבניות,גרמים,260.00,100 גרם,false,0,3.60,1.38,true,1,
7296073230045,false,מנקה רצפות סגול 2 ליטר,קליר כימיקלים,IL,מנקה רצפות,ליטרים,2.00,ליטר,false,0,15.90,7.95,true,1,
7296073230656,false,מגבות נייר 6 גלילים,"שניב תעשיות נייר בע""\מ",IL,מגבות נייר,מטרים,63.00,מטר,false,0,10.90,0.17,true,1,
7296073236603,false,"שמנת לבישול 15% 250 מ""ל",מחלבת רמת-הגולן,IL,שמנת לבישול 15%,מיליליטרים,250.00,"100 מ""ל",false,1,7.40,2.96,true,1,
7296073237655,false,שוק.מריר 72% קקאו 100 גר,"שוקולד פריי בע""מ",CH,שוקולד מריר 72%,גרמים,100.00,100 גרם,false,1,10.90,10.90,true,1,
7296073244769,false,"סוכר חום דמררה צנצ. 1ק""ג","סוגת תעשיות בע""מ",IL,סוכר חום דמררה,קילוגרמים,1.00,"ק""ג",false,1,11.50,11.50,true,1,
7296073247500,false,רביולי גבינה 300 גרם,פסטה נונה,IL,רביולי גבינה,גרמים,300.00,100 גרם,false,1,13.90,4.63,true,1,
7296073254263,false,מיני פיצה מרגריטה  6יח,שופרסל,IT,פיצות אישיות,גרמים,480.00,100 גרם,false,1,21.90,4.56,true,1,
7296073261162,false,300 קסמי אוזניים פלסטיק,PRODUC UES DAILY JIEYANG,CN,קסמי אוזניים,יחידה,1.00,יחידה,false,1,9.50,9.50,true,1,
7296073266976,false,חטיף בוטנים ללא גלוטן80ג,סנקי,IL,חטיף בוטנים,גרמים,80.00,100 גרם,false,1,4.80,6.00,true,1,
7296073272519,false,אצות נורי לסושי 28 גרם,נאטונג איידיאה פוד,CN,אצות נורי אורגני,גרמים,28.00,100 גרם,false,1,10.90,38.93,true,1,
7296073274964,false,חמאת בוטנים טבעית+שבבים,יונייטד פודס,IN,חמאת בוטנים,גרמים,510.00,100 גרם,false,1,10.00,1.96,true,1,
7296073281870,false,מרכך לשיער רגיל 750מל,"א.מ.ש.י תעשיות בע""מ",IL,מרכך לשיער רגיל,מיליליטרים,750.00,"100 מ""ל",false,1,19.90,2.65,true,1,
7296073283133,false,ענבים ירוקים ארוזים,קטיף.,IL,ענבים ירוק ארוז,קילוגרמים,0.00,"ק""ג",true,1,20.90,20.90,true,1,
7296073286073,false,"אורז בסמטי בצנצנת 1 ק""ג",SETIA LAL CHAMAN,IN,אורז בסמטי,קילוגרמים,1.00,"ק""ג",false,1,14.90,14.90,true,1,
7296073286509,false,פטריות שמפניון,,IL,פטריות שמפניון,גרמים,220.00,100 גרם,false,1,9.90,4.50,true,1,
7296073289715,false,מגבוני אף עדינים תינוק30,שופרסל,IL,מגבוני אף לתינוק,יחידה,1.00,יחידה,false,1,9.90,9.90,true,1,
7296073291251,false,מיץ לימון משומר 1 ליטר,,IL,מיץ לימון משומר,ליטרים,1.00,ליטר,false,1,8.90,8.90,true,1,
7296073295655,false,"שוק.חלב ללת""ס שופרסל100ג",,IT,"שוקולד חלב ללת""ס",גרמים,100.00,100 גרם,false,1,9.90,9.90,true,1,
7296073320050,false,חסה רומית הידרופונית,יגור חקלאות ועסקים,IL,חסה רומית,גרמים,160.00,100 גרם,false,1,9.90,6.19,true,1,
7296073320395,false,עלי תרד בייבי 200גרם,,IL,עלי תרד בייבי,גרמים,200.00,100 גרם,false,1,10.90,5.45,true,1,
7296073321200,false,אבקת אפיה שופרסל 10*10גר,א.ל ייצור ושיווק תבלינים,IL,אבקת אפיה 10 יח,גרמים,100.00,100 גרם,false,1,3.30,3.30,true,1,
7296073321224,false,סודה לשתיה שופרסל 100גרם,א.ל ייצור ושיווק תבלינים,IL,סודה לשתיה,גרמים,100.00,100 גרם,false,1,2.40,2.40,true,1,
7296073323143,false,חסה סלנובה הידרופונית,יגור חקלאות ועסקים,IL,חסה סלנובה,גרמים,160.00,100 גרם,false,1,12.90,8.06,true,1,
7296073323587,false,עגבניה שרי וויטני,עידו נחום,IL,שרי וויטני,גרמים,460.00,100 גרם,false,1,10.90,2.37,true,1,
7296073323594,false,נייר אפייה אקולוגי יח,,IL,נייר אפייה 40 יח,יחידה,1.00,יחידה,false,1,12.90,12.90,true,1,
7296073347453,false,פטרוזליה יחידה,תנובות לכיש,IL,פטרוזליה,יחידה,1.00,יחידה,false,1,4.90,4.90,true,1,
7296073347460,false,שמיר יחידה,תנובות לכיש,IL,שמיר,יחידה,1.00,יחידה,false,1,4.90,4.90,true,1,
7296073347477,false,כוסברה,תנובות לכיש,IL,כוסברה,יחידה,1.00,יחידה,false,1,4.90,4.90,true,1,
7296073347484,false,נענע,תנובות לכיש,IL,נענע,יחידה,1.00,יחידה,false,1,4.90,4.90,true,1,
7296073348238,false,מטהר אויר נטול גז לבנדר,,IL,מטהר אויר נ.גז,מיליליטרים,350.00,"100 מ""ל",false,1,11.90,3.40,true,1,
7296073352839,false,מפיות חד שכבתי 100 יחידו,,IL,מפיות חד שכבתי,יחידה,1.00,יחידה,false,1,7.90,7.90,true,1,
7296073364641,false,שעועית אדומה זיפר 500גרם,מיה,IL,שעועית אדומה,גרמים,500.00,100 גרם,false,1,10.20,2.04,true,1,
7296073367031,false,טונה בשמן סויה 80*3 גרם,,TH,טונה שמן 3 יח,גרמים,240.00,100 גרם,false,1,12.90,5.38,true,1,
7296073367154,false,נקניקיות מרגז 400 גרם,טיבון ויל אחזקות בעמ,IL,נקניקיות מרגז,גרמים,400.00,100 גרם,false,1,19.90,4.98,true,1,
7296073368830,false,טורטיות מקמח חיטה 320 גר,,RS,טורטייה,גרמים,320.00,100 גרם,false,1,9.90,3.09,true,1,
7296073368854,false,טורטיות מקמח חיטה מלא320,,RS,טורטייה,גרמים,320.00,100 גרם,false,1,9.90,3.09,true,1,
7296073377214,false,חסה לבבות קיסר,,IL,חסה לבבות קיסר,גרמים,400.00,100 גרם,false,1,10.90,2.73,true,1,
7296073379294,false,ג'ל כביסה מרוכז כחול 3 ל,,IL,ג'ל כביסה מרוכז,ליטרים,3.00,ליטר,false,1,28.90,9.63,true,1,
7296073386247,false,עלי גפן ממולא.אורז 400 ג,אגה אזיר איסק סאניי,TR,עלי גפן ממולאים,גרמים,400.00,100 גרם,false,1,8.70,2.18,true,1,
7296073390008,false,פרכיות מצופות שוק.מריר60,NETHERLANDS SANORICE,NL,פריכיות מצופות,גרמים,60.00,100 גרם,false,1,7.90,13.17,true,1,
7296073390015,false,פרכיות ציפוי שוק.קוקוס60,NETHERLANDS SANORICE,NL,פריכיות קטנות,גרמים,60.00,100 גרם,false,1,7.90,13.17,true,1,
7296073390558,false,מטען קיר כפול אפל  2.1A,,CN,מטען קיר כפול,יחידה,1.00,יחידה,false,1,49.90,49.90,true,1,
7296073396833,false,אייס קפה קר קפוצינו 250מ,ברגלנד מילך,AT,אייס קפה קפוצינו,מיליליטרים,250.00,"100 מ""ל",false,1,5.90,2.36,true,1,
7296073399001,false,שמינייה סוללות AAA,בסט סין,CN,שמינייה סוללות,יחידה,1.00,יחידה,false,1,16.90,16.90,true,1,
7296073406594,false,לחמניות כוסמין מלאות 6יח,,IL,לחמניות כוסמין,גרמים,450.00,100 גרם,false,1,13.90,3.09,true,1,
7296073409625,false,גאודה 34% שופרסל 200 ג,B.V KAAS HAZELEGER,NL,גבינת גאודה,גרמים,200.00,100 גרם,false,1,21.90,10.95,true,1,
7296073409670,false,גב.עיזים פרוס שופרסל150ג,B.V KAAS HAZELEGER,NL,גבינת עיזים,גרמים,150.00,100 גרם,false,1,21.90,14.60,true,1,
7296073409731,false,צמד פטריות שמפניון,מרינה,IL,צמד פטריות,גרמים,420.00,100 גרם,false,1,16.90,4.02,true,1,
7296073410423,false,ביצים אומגהL שופרסל 12יח,,,ביצים אומגה12יחL,יחידה,1.00,יחידה,false,0,21.90,21.90,true,1,
7296073413257,false,חסה לבבות,"משק אסף פרחי בע""מ",IL,חסה לבבות,גרמים,350.00,100 גרם,false,1,10.90,3.11,true,1,
7296073421801,false,גבינת פרמזן30% 200ג שופר,אמברוסי,IT,גבינת פרמזן,גרמים,200.00,100 גרם,false,1,25.90,12.95,true,1,
7296073426523,false,חלב אורגני גרין 3% 1 ל,מחלבות רמת הגולן,IL,חלב אורגני גרין,ליטרים,1.00,ליטר,false,1,9.90,9.90,true,1,
7296073428541,false,מיקס פירות יער חדש 300 ג,D.O.O LAKI,RS,מיקס פירות יער,גרמים,300.00,100 גרם,false,1,16.90,5.63,true,1,
7296073431138,false,רביולי בטטה פרימ,,,רביולי בטטה פרימ,יחידה,1.00,יחידה,false,0,19.90,19.90,true,1,
7296073457244,false,שוקולד חלב קורנפלקס 100ג,דליקה,CH,שוקולד חלב,גרמים,100.00,100 גרם,false,1,6.20,6.20,true,1,
7296073457381,false,לחמנ.המבורגר 8 יח שופרסל,מאפית ברמן,IL,לחמניות המבורגר,גרמים,448.00,100 גרם,false,1,10.90,2.43,true,1,
7296073461975,false,בייגלה עם דבש 200 גרם,אלקה קו,RO,בייגלה עם דבש,גרמים,200.00,100 גרם,false,1,10.90,5.45,true,1,
7296073527374,false,גבינת גאודה מגורדת 400גר,ויליפוד,IL,גאודה מגורדת,גרמים,400.00,100 גרם,false,1,25.90,6.48,true,1,
7312040017683,false,וודקה אבסולוט,,SE,וודקה אבסולוט,מיליליטרים,700.00,"100 מ""ל",false,0,69.60,9.94,true,1,
7613039879382,false,גרבר תפוח עץ 190 גרם,נסטלה פולסקה אס.איי,PL,גרבר מחי תפוח עץ,גרמים,190.00,100 גרם,false,1,6.90,3.63,false,1,
7622201139278,false,גבינת פילדלפיה 25% 150גר,,ES,גבינת פילדלפיה,גרמים,150.00,100 גרם,false,1,15.90,10.60,true,1,
7622201802394,false,שוקולד חלב מילקה 100 גרם,מנדלז דויצ'\לנד סנקס פרו,DE,שוקולד חלב מילקה,גרמים,100.00,100 גרם,false,1,7.90,7.90,true,1,
8000380003723,false,גראנד פטיסרי אגוז 100גרם,א. לואקר,IT,גראנד פטיסרי,גרמים,100.00,100 גרם,false,0,13.40,13.40,true,1,
8000380007219,false,ופלים לואקר ט.אגוזים175ג,א. לואקר,AT,ופלים לואקר,גרמים,175.00,100 גרם,false,0,12.70,7.26,true,1,
8000380106028,false,וופל טורטינה אורגינל125ג,א. לואקר,IT,וופל טורטינה,גרמים,125.00,100 גרם,false,0,18.50,14.80,true,1,
8001090184375,false,פיירי לכלים אוריגינל900מ,פרוקטר אנד גמבל,GB,פיירי לכלים,מיליליטרים,900.00,"100 מ""ל",false,1,12.50,1.39,true,1,
8076800195132,false,אטריות בבטה מס13' 500גרם,ברילה גי.אי.אר פרטלי ס.פ,IT,אטריות בבטה,גרמים,500.00,100 גרם,false,0,7.90,1.58,true,1,
8076808150072,false,ספגטי מס' 7 500 גרם,ברילה גי.אי.אר פרטלי ס.פ,IT,ספגטי ברילה,גרמים,500.00,100 גרם,false,0,7.90,1.58,true,1,
8410179100043,false,שמן זית כתית מעולה 750מל,,ES,שמן זית כתית,מיליליטרים,750.00,"100 מ""ל",false,0,34.90,4.65,true,1,
8410644611203,false,קאווה אימבריקה,,ES,קאווה אימבריקה,מיליליטרים,750.00,"100 מ""ל",false,0,34.90,4.65,true,1,
8423207206495,false,סלים דליס שוקולד מריר6י,סלים דליס,ES,חטיפי דגנים מרבה,גרמים,120.00,100 גרם,false,0,12.90,10.75,true,1,
8710502470028,false,עוג.שוקוצ'יפס נוגטלי160ג,"מרבה בע""\מ",NL,עוגיות שוקוצ'יפס,גרמים,160.00,100 גרם,false,0,10.90,6.81,true,1,
8710732228918,false,מצת לסיגריה  cricket יח,MATCH SWEDISH,NL,מצת לסיגריהcrick,יחידה,1.00,יחידה,false,1,3.50,3.50,false,1,
8850389105849,false,סאפה אלוורה טעם אפרסק 1ל,סאפה פובליק קומפני לימיט,TH,סאפה אפרסק,ליטרים,1.00,ליטר,false,0,14.10,14.10,true,1,
8934878081811,false,דפים אורז למילוי,,VN,דפים אורז למילוי,גרמים,400.00,100 גרם,false,0,13.90,3.48,true,1,
9044400822320,false,סוכריות פז בשקית10+1 85ג,פופז,HU,סוכריות פז,גרמים,112.00,100 גרם,false,0,17.50,15.63,true,1,
