code,internal_code,name,manufacturer_name,manufacture_country,manufacturer_item_description,unit_qty,quantity,unit_of_measure,weighted,qty_in_package,price,unit_of_measure_price,allow_discount,status,item_id
32147230,false,"מיץ לימון משומר 200מ""ל(לימונית אקסטרא)",ג'נרל מילס סאן אדריא,CH,מיץ לימון משומר,מיליליטרים,200.00,"100 מ""ל",false,0,6.90,3.45,true,1,
40052403,false,קיט קט 4 אצבעות שוקולד חלב,נסטלה Nestle,DE,חטיף קיט קאט,גרמים,41.00,100 גרם,false,1,3.90,9.51,true,1,
40084107,false,ביצת שוקולד הפתעה קינדר,פרדי קונדטוריה אס פי,IT,ביצת הפתעה,גרמים,20.00,100 גרם,false,1,5.50,27.50,true,1,
40111216,false,באונטי חטיף קוקוס ושוקולד 57ג',"נארז ע""י : א.ג. גילר",NL,חטיף באונטי,גרמים,57.00,100 גרם,false,0,3.90,6.84,true,1,
40144061,false,קנופרס חטיף וופל 25 גרם 24 יח,ליימן שליסל,DE,חטיף וופל,גרמים,25.00,100 גרם,false,1,3.30,13.20,true,1,
42101666,false,"מסטיק בטעם מנטה ואקליפטוס איירווייבס 35 גרם לל""ס",ריגלי,GB,מסטיק איירווייבז,גרמים,35.00,100 גרם,false,1,5.70,16.29,true,1,
42188889,false,אורביט פייב אבטיח 12 סטיקס 29 גר,ריגלי צרפת,FR,מסטיק 5 אבטיח,גרמים,40.00,100 גרם,false,0,6.80,17.00,true,1,
50398911,false,"קרם חמצן 9% בקבוק 60 מ""ל",שוורצקופ,IL,קרם חמצן 9%,מיליליטרים,60.00,"100 מ""ל",false,0,3.90,6.50,true,1,
54051140,false,מעדן סויה טעם וניל אלפרו רביעיה * 125 ג',הנסיך- מפעל לייצור ט,BE,מעדן סויה 4 יח',גרמים,500.00,100 גרם,false,0,18.90,3.78,true,1,
54051157,false,מעדן סויה טעם שוקו אלפרו רביעיה 125 ג',קריות זול,BE,מעדן סויה 4 יח',גרמים,500.00,100 גרם,false,0,18.90,3.78,true,1,
59016441,false,"רקסונה - דאודורנט רול און לאישה פרוט ספין 50 מ""ל","יוניליוור אנגליה, דרך קו",GB,דאו.רקסונה,מיליליטרים,50.00,"100 מ""ל",false,1,15.90,31.80,true,1,
59068907,false,סיגריות פאל מאל כחול דמי סלימס,גלוברנס,PL,פאל מאל כחול דמי,יחידה,1.00,יחידה,false,1,26.50,26.50,false,1,
59079798,false,"רקסונה - דאודורנט רול און לאישה אנטי פרספירנט שאוור 50 מ""ל","יוניליוור אנגליה, דרך קו",GB,דאו.רקסונה,מיליליטרים,50.00,"100 מ""ל",false,1,15.90,31.80,true,1,
72940754,false,"מילקי מעדן וניל עם קצפת שטראוס 133 מ""ל","שטראוס גרופ בע""\מ",IL,מילקי טעם וניל,מיליליטרים,170.00,"100 מ""ל",false,0,2.90,1.71,true,1,
72940761,false,"מילקי מעדן שוקולד עם קצפת שטראוס 133 מ""ל",מיוצר עי קונדיטוריית,IL,מילקי טעם שוקולד,מיליליטרים,170.00,"100 מ""ל",false,0,2.90,1.71,true,1,
72940952,false,מעדן מילקי בטעם שוקולד עם אקסטרה קצפת,"שטראוס גרופ בע""\מ",IL,מילקי אקסטרה,מיליליטרים,170.00,"100 מ""ל",false,0,3.90,2.29,true,1,
72941041,false,מעדן מילקי מיני בטעם שוקולד עם קצפת,"שטראוס גרופ בע""\מ",IL,מיני מילקי,מיליליטרים,90.00,"100 מ""ל",false,0,2.00,2.22,true,1,
72945308,false,קוביות שמרים לאפיה שמרית 2*25 ג',"פאקא תעשיות בע""\מ",IL,קוביות שמרים,גרמים,50.00,100 גרם,false,0,3.60,7.20,true,1,
72961506,false,יוגורט עם תות 1.5% שומן 125 ג' פרילי,מיוצר עי קונדיטוריית,IL,פרילי תות,גרמים,125.00,100 גרם,false,0,3.50,2.80,true,1,
72961520,false,"פרילי יוגורט עם אננס 1.5% תנובה 125 מ""ל",מיוצר עי קונדיטוריית,IL,פרילי אננס 1.5%,גרמים,125.00,100 גרם,false,0,3.50,2.80,true,1,
72961544,false,"באדי יוגורט בטעם תות שדה 3% תנובה 125 מ""ל",מחלבת אלון תבור,IL,מעדן באדי תות 3%,גרמים,125.00,100 גרם,false,0,3.00,2.40,true,1,
72964132,false,פרילי טבע יוגורט עם גרנולה 200 גרם,מיוצר עי קונדיטוריית,IL,פרילי טבע גרנולה,גרמים,200.00,100 גרם,false,0,5.00,2.50,true,1,
72964422,false,יוגורט פרחים 4.5% שומן 200 גרם,מחלבת תנובה,IL,יוגורט תנובה4.5%,מיליליטרים,200.00,"100 מ""ל",false,0,2.70,1.35,true,1,
72983997,false,קופסה גולף גולד ארוך בוקס,דובק,,גולף גולד ארוך,יחידה,1.00,יחידה,false,0,30.00,30.00,false,1,
72986370,false,"גלידת בן & ג'ריס פיינטים וניל 500מ""ל",מוצרי איכות אמריקאיים,IL,גלידה בן & ג'ריס,מיליליטרים,500.00,"100 מ""ל",false,0,19.90,3.98,true,1,
72986424,false,"גלידת בן & ג'ריס פיינטים קרם עוגיות 500מ""ל",מוצרי איכות אמריקאיים בע,IL,גלידה בן & ג'ר,מיליליטרים,500.00,"100 מ""ל",false,0,19.90,3.98,true,1,
72986448,false,"גלידת בן & ג'ריס פיינטים טופי קראנץ 500מ""ל",מוצרי איכות אמריקאיים בע,IL,גלידה בן & ג'ר,מיליליטרים,500.00,"100 מ""ל",false,0,19.90,3.98,true,1,
72986455,false,"גלידה ניו יורק סופר פאדג' צ'אנק בן אנד ג'ריס 500 מ""ל",מוצרי איכות אמריקאיים בע,IL,גלידה בן & ג'ר,מיליליטרים,500.00,"100 מ""ל",false,0,19.90,3.98,true,1,
72986479,false,"גלידה שוקולד אגוז עם בננות בן וג'ירי 500 מ""ל",מוצרי איכות אמריקאיים בע,IL,גלידה בן & ג'ר,מיליליטרים,500.00,"100 מ""ל",false,0,19.90,3.98,true,1,
72989425,false,"גלידת בן & ג'ריס פיינטים שוקולד בראוניז 500מ""ל",מוצרי איכות אמריקאיים בע,IL,גלידה בן & ג'ר,מיליליטרים,500.00,"100 מ""ל",false,0,19.90,3.98,true,1,
72991374,false,סיגריות טיים רד בודד,דובק,IL,טיים רד,יחידה,1.00,יחידה,false,0,30.00,30.00,false,1,
72991381,false,סיגריות טיים 100 RED בודד,דובק,IL,טיים רד ארוך,יחידה,1.00,יחידה,false,0,30.00,30.00,false,1,
72991459,false,סיגריות גולף לייט בודד,דובק,IL,גולף 80,יחידה,1.00,יחידה,false,0,30.00,30.00,false,1,
72991497,false,סיגריות נובלס פילטר בודד,קריות זול,IL,נובלס פילטר,יחידה,1.00,יחידה,false,0,28.50,28.50,false,1,
72991886,false,"גלידת דולצ'ה בטעם ריבת חלב עם פאדג' בן וג'ירי 500 מ""ל",מוצרי איכות אמריקאיים בע,IL,גלידה בן & ג'ר,מיליליטרים,500.00,"100 מ""ל",false,0,19.90,3.98,true,1,
72993637,false,מעדן חלב בטעם שוקולד 125 ג' דני,"שטראוס גרופ בע""\מ",IL,דני שוקולד 1.5%,גרמים,125.00,100 גרם,false,0,2.70,2.16,true,1,
72994061,false,חטיף פסק זמן GOOD גלילית לבן 40 גרם,שולן צ'\יקולטה גידה סאן.,TR,פסק זמן 2 גוד,גרמים,36.00,100 גרם,false,0,4.90,13.61,true,1,
72994313,false,סיגריות רויאל כחול בודד,דובק,IL,רויאל כחול,יחידה,1.00,יחידה,false,0,24.50,24.50,false,1,
80042556,false,POLPA עגבניות חתוכות דק 400 גרם MUTTI,"איי, בי, אינבוו",IT,עגבניות חתוכות,גרמים,400.00,100 גרם,false,0,6.00,1.50,true,1,
80043638,false,כורכום טחון אורגני 47 גר קנהמלה,קנמלה Cannamela,IT,כורכום אורגני,גרמים,47.00,100 גרם,false,1,14.90,31.70,true,1,
80050025,false,סוכריות טיק טק תפוז 16 גרם,פררו - אלבה,ZA,טיק טק תפוז,גרמים,16.00,100 גרם,false,0,3.30,20.63,true,1,
80050124,false,סוכריות טיק טק מנטה 16 גרם,פררו - אלבה,ZA,סוכריות טיק טק,גרמים,16.00,100 גרם,false,0,3.30,20.63,true,1,
80050278,false,פררו רושר חטיף כדורים שלישיה 40ג',פררו - אלבה,IT,פררו רושה שלשה,גרמים,37.00,100 גרם,false,0,5.50,14.86,true,1,
80052760,false,קינדר בואנו Kinder Bueno עם חלב ואגוזי לוז,פררו - אלבה,PL,קינדר בואנו זוג,גרמים,43.00,100 גרם,false,0,3.90,9.07,true,1,
80136194,false,חטיפי הפי היפו Happy Hippo במילוי קרם חלבי ואגוזי לוז,קינדר Kinder,DE,חטיף הפי היפו5יח,גרמים,115.00,100 גרם,false,1,12.50,10.87,true,1,
80176800,false,נוטלה ממרח שוקולד 750 גרם,פררו תעשיות איטליה ס,IT,ממרח נוטלה,גרמים,750.00,100 גרם,false,0,25.90,3.45,true,1,
80177173,false,ממרח שוקולד נוטלה 350 גרם,פררו - אלבה,IT,ממרח נוטלה,גרמים,350.00,100 גרם,false,0,14.90,4.26,true,1,
80177609,false,אצבעות שוקולד קינדר Kinder ארבע יחידות,פררו - אלבה,IT,אצבעות קינדר,גרמים,50.00,100 גרם,false,0,4.40,8.80,true,1,
80177616,false,אצבעות שוקולד קינדר Kinder שמונה יחידות,פררו - אלבה,IT,שוקולד קינדר,גרמים,100.00,100 גרם,false,0,8.40,8.40,true,1,
80273561,false,פלפל שחור במטחנה 45 גר ארומה דה טוסקנה,דרוגיה ואלימנטרי אס.אר.א,IT,פלפל שחור,גרמים,45.00,100 גרם,false,0,12.80,28.44,true,1,
80273592,false,פלפל ארבע עונות 30 גר ארומה דה טוסקנה,דרוגיה ואלימנטרי אס.אר.א,IT,פלפל,גרמים,35.00,100 גרם,false,0,12.80,36.57,true,1,
80273660,false,שום במטחנה 50 גר ארומה דה טוסקנה,דרוגיה ואלימנטרי אס.אר.א,IT,שום במטחנה,גרמים,50.00,100 גרם,false,0,12.80,25.60,true,1,
80310167,false,קינדר מקסי מאגדת שישיה,קינדר,DE,קינדר מקסי,גרמים,126.00,100 גרם,false,0,10.00,7.94,true,1,
80310891,false,ג'וי ביצת הפתעה קינדר 20 גרם,קריות זול,ZA,ביצת הפתעה,גרמים,20.00,100 גרם,false,0,5.90,29.50,true,1,
80473336,false,פלפל שחור טחון אורגני 50 גר קנהמלה,קנמלה Cannamela,IT,פלפל שחור טחון,גרמים,50.00,100 גרם,false,1,14.90,29.80,true,1,
80761761,false,קינדר בואנו לבן בודד 39 גרם,ליימן שליסל,PL,קינדר בואנו לבן,גרמים,39.00,100 גרם,false,0,3.90,10.00,true,1,
80768258,false,ביצת הפתעה קינדר גוי לבנות 20 גרם,פררו - אלבה,ZA,קינדר ג'וי ורוד,גרמים,20.00,100 גרם,false,0,5.90,29.50,true,1,
80773429,false,מנטוס בקבוק מעוגל - מסטיק ללא סוכר בטעם תות 60 גרם,"פרפטי ואן מלה ג'\ידה,סאן",TR,מנטוס בקבוק,גרמים,60.00,100 גרם,false,1,9.90,16.50,true,1,
80773443,false,מנטוס בקבוק מעוגל - מסטיק ללא סוכר בטעם מנטה 60 גרם,"פרפטי ואן מלה ג'\ידה,סאן",TR,מסטיק מנטוס,גרמים,60.00,100 גרם,false,1,9.90,16.50,true,1,
80776307,false,מסטיק מנטוס ביג בבקבוק מעוגל טעם פירות מנטה 90 ג',פרפטי ואן מלה הולנד,TR,מסטיק מנטוס,גרמים,90.00,100 גרם,false,1,17.90,19.89,true,1,
80780595,false,מסטיק מנטוס ביג בבקבוק מעוגל טעם מנטה-עדינה 90 ג',פרפטי ואן מלה הולנד,TR,מסטיק מנטוס,גרמים,90.00,100 גרם,false,1,17.90,19.89,true,1,
80790990,false,מסטיק מנטוס בבקבוק מעוגל בטעם פירות -מנטה 60 ג',"פרפטי ואן מלה ג'\ידה,סאן",TR,מסטיק מנטוס,גרמים,60.00,100 גרם,false,1,9.90,16.50,true,1,
80794233,false,מסטיק מנטוס ביג בבקבוק מעוגל טעם מנטה 90 ג',פרפטי ואן מלה הולנד,TR,מסטיק מנטוס,גרמים,90.00,100 גרם,false,1,17.90,19.89,true,1,
80831402,false,סוכריות מנטוס מנטה עדינה 30 יח' ללא סוכר CLEAN BREATH,פרפטי ואן מלה,NL,סוכריות מנטה,גרמים,21.00,100 גרם,false,1,6.90,32.86,true,1,
80843184,false,מנטוס מסטיק פיור פרש בטעם ענבים 60גר,פרפטי ואן מלה הולנד,TR,מסטיק מנטוס,גרמים,60.00,100 גרם,false,1,9.90,16.50,true,1,
80854753,false,סוכריות מנטוס מנטה 30 יח' ללא סוכר CLEAN BREATH,פרפטי ואן מלה,NL,סוכריות מנטוס,גרמים,21.00,100 גרם,false,1,6.90,32.86,true,1,
80864295,false,סוכריות פיור וויט טעם מנטה עדינה 60 ג' מנטוס,"פרפטי ואן מלה ג'ידה,סאן",TR,מנטוס פיור וויט,גרמים,60.00,100 גרם,false,1,9.90,16.50,true,1,
80874652,false,קארדס חטיף בוד 25.6 ג קינדר,פררו,IT,קינדר קארדס,גרמים,26.00,100 גרם,false,1,3.90,15.00,true,1,
80896081,false,מנטוס בקבוק מעוגל - מסטיק ללא סוכר בטעם אבטיח 60 גרם,"פרפטי ואן מלה ג'\ידה,סאן",TR,מנטוס בקבוק,גרמים,60.00,100 גרם,false,1,9.90,16.50,true,1,
80913467,false,מנטוס בקבוק מעוגל - מסטיק ללא סוכר בטעם מנטה,פרפטי ואן מלה הולנד,TR,מסטיק מנטוס,גרמים,60.00,100 גרם,false,1,9.90,16.50,true,1,
80945468,false,סוכריות פיור וויט טעם מנטה מתוקה 60 ג' מנטוס,"פרפטי ואן מלה ג'ידה,סאן",TR,מנטוס פיור וויט,גרמים,60.00,100 גרם,false,1,9.90,16.50,true,1,
80974482,false,ביצת הפתעה קינדר גוי לבנים 20 גרם,פררו - אלבה,ZA,ביצת הפתעה קינדר,גרמים,20.00,100 גרם,false,0,5.90,29.50,true,1,
80979128,false,מנטוס מסטיק בקבוק מעוגל בטעם דובדבן,פרפטי ואן מלה הולנד,TR,מסטיק מנטוס,גרמים,60.00,100 גרם,false,1,9.90,16.50,true,1,
80982470,false,מנטוס מסטיק פיור פרוסט בטעם מנטה חזקה 60 ג',פרפטי ואן מלה ברדה,TR,מסטיק מנטוס,גרמים,60.00,100 גרם,false,1,9.90,16.50,true,1,
80986348,false,סוכריות פיור וויט טעם מנטה 60 ג' מנטוס,"פרפטי ואן מלה ג'ידה,סאן",TR,מנטוס פיור וויט,גרמים,60.00,100 גרם,false,1,9.90,16.50,true,1,
87108538,false,סוכריות בטעם תות מנטוס 37.5 גרם,הדקלאים אגודת שיתופי,NL,מנטוס תות,גרמים,37.00,100 גרם,false,0,3.50,9.46,true,1,
87108651,false,סוכריות בטעם מנטה מנטוס 4*37.5 גרם,הדקלאים אגודת שיתופי,NL,מנטוס מנטה 4 יח',גרמים,150.00,100 גרם,false,0,11.30,7.53,true,1,
87108712,false,סוכריות בטעם פירות מנטוס 4*37.5 גרם,פרפטי ואן מלה ברדה,NL,מנטוס פירות 4,גרמים,150.00,100 גרם,false,0,11.30,7.53,true,1,
90087011,true,מיץ 100% תפוחי עץ 1 ליטר,ראוך פרוכטסאפטה,AT,"מיץ תפו""ע",ליטרים,1.00,ליטר,false,1,11.20,11.20,true,1,
90087066,true,מיץ 100% תפוזים 1 ליטר,ראוך פרוכטסאפטה,HU,מיץ תפוזים,ליטרים,1.00,ליטר,false,0,11.20,11.20,true,1,
90087974,true,"חומץ טבעי מתפוחים 750מ""ל",GMBH FRUCHTSAFTE RAUCH,AT,חומץ תפוחי עץ,מיליליטרים,750.00,"100 מ""ל",false,0,13.90,1.85,true,1,
96130339,true,דאו.דאב 0% אלומיניום 50מ,"יוניליוור אנגליה, דרך קו",IT,דאודורנט דאב,מיליליטרים,50.00,"100 מ""ל",false,1,14.90,29.80,true,1,
8112100298,false,"שמן שומשום טהור מזרח ומערב 185 מ""ל",Flavor full foods in,TW,שמן שומשום,מיליליטרים,185.00,"100 מ""ל",false,0,14.90,8.05,true,1,
9800800056,false,חטיף שוקולד עם מקלות לחם אנד גו,פררו - אלבה,IT,ממרח נוטלה טו גו,גרמים,52.00,100 גרם,false,1,5.00,9.62,true,1,
11182700954,false,קינג קול שעועית שחורה 439 גרם,האנאובר פודס קורפורשיין,US,שעועית שחורה439ג,גרמים,439.00,100 גרם,false,1,9.90,2.26,true,1,
11210000032,false,"רוטב טבסקו משפחתי 360מ""ל",מקאילהייני Mc.Ilhenn,US,רוטב טבסקו,מיליליטרים,360.00,"100 מ""ל",false,0,49.90,13.86,true,1,
11210000094,false,"רוטב ""טבסקו"" על בסיס פלפל אדום 60 מ""ל",מקאילהייני אייבורי,US,רוטב טבסקו,מיליליטרים,60.00,"100 מ""ל",false,0,10.90,18.17,true,1,
11210006508,false,רוטב פלפל הבנרו חריף טבסקו 60 מל,מקאילהייני Mc.Ilhenn,US,טבסקו אקסטרה,מיליליטרים,60.00,"100 מ""ל",false,0,15.70,26.17,true,1,
11210009387,false,"רוטב ""טבסקו"" על בסיס פלפל ירוק חריף 60 מ""ל",מקאילהייני אייבורי,US,רוטב טבסקו ירוק,מיליליטרים,60.00,"100 מ""ל",false,0,10.90,18.17,true,1,
11210698055,false,רוטב טבסקו סרירציה 566 גרם,מק. אילהיני קו,US,רוטב טבסקו,מיליליטרים,566.00,"100 מ""ל",false,1,27.90,4.93,true,1,
16000423534,false,חטיפי גרנולה קראנצ'י עם שיבולת שועל ושוקולד מריר נייצ'ר ואלי 5*42 גרם,ג'נרל מילס סאן אדריאן,ES,חטיף נייצ'ר ואלי,גרמים,210.00,100 גרם,false,0,19.90,9.48,true,1,
16000548404,false,חטיפי גרנולה קראנצ'י עם שיבולת שועל ודבש נייצ'ר ואלי 5*42 גרם,ג'נרל מילס סאן אדריאן,ES,חטיף נייטשר ואלי,גרמים,210.00,100 גרם,false,0,19.90,9.48,true,1,
16000548503,false,חטיפי גרנולה קראנצ'י עם מייפל וסוכר חום נייצ'ר ואלי 5*42 גרם,ג'נרל מילס סאן אדריאן,ES,חטיף נייטשר ואלי,גרמים,210.00,100 גרם,false,0,19.90,9.48,true,1,
16000548602,false,חטיפי גרנולה קראנצ'י קינמון נייצ'ר ואלי 5*24 גרם,ג'נרל מילס סאן אדריאן,ES,חטיף נייטשר ואלי,גרמים,210.00,100 גרם,false,0,19.90,9.48,true,1,
16000548909,false,חטיפי גרנולה קראנצ'י במגוון טעמים נייצ'ר ואלי 5*42 גרם,ג'נרל מילס סאן אדריאן,ES,חטיף נייטשר ואלי,גרמים,210.00,100 גרם,false,0,19.90,9.48,true,1,
16229914578,false,מי קוקוס טבעי פוקו 1 ל',ויט וורלד קומפני,VN,מי קוקוס טבעי,ליטרים,1.00,ליטר,false,1,22.90,22.90,true,1,
16229917630,false,"מי קוקוס בתוספת אננס 330 מ""ל",ויט וורלד קומפני,VN,מי קוקוס+אננס,מיליליטרים,330.00,"100 מ""ל",false,1,9.90,3.00,true,1,
18000701223,false,"פילסברי, עוגה בטעם שוקולד, תערובת להכנת עוגה בטעם שוקולד. 500 גרם",הדקלאים אגודת שיתופי,IL,תערובת לעוגה,גרמים,500.00,100 גרם,false,0,17.90,3.58,true,1,
18000703494,false,"פילסברי, עוגה בטעם וניל, תערובת להכנת עוגה בטעם וניל. 500 גרם.",הדקלאים אגודת שיתופי,IL,תערובת לעוגה,גרמים,500.00,100 גרם,false,0,17.90,3.58,true,1,
18000766413,false,"פילסברי, עוגה בטעם שוקולד, תערובת להכנת עוגה בטעם שוקולד. 550 גרם.",הדקלאים אגודת שיתופי,IL,תערובת לעוגה,גרמים,550.00,100 גרם,false,0,17.90,3.25,true,1,
21723339994,false,"רוטב דגים 300מ""ל (טיפרוס) (כ)",טאנג סאנג ראר קי,TH,רוטב דגים,גרמים,300.00,100 גרם,false,0,9.90,3.30,true,1,
22200956932,false,דאודורנט ספיד סטיק גל 24/7 כחול 85 גר,הנסיך- מפעל לייצור ט,US,דאודורנט ג'ל,גרמים,85.00,100 גרם,false,0,16.90,19.88,true,1,
22200956949,false,דאודורנט ג'ל כתום לגבר ספיד סטיק 85 גרם,קולגייט-פלמוליב,US,דאודורנט,גרמים,85.00,100 גרם,false,0,16.90,19.88,true,1,
25675120006,false,חמצוצים 4 צבעים טעמים טבעי 100 גרם,פאסין ב.ו,NL,חמצוצים,גרמים,100.00,100 גרם,false,0,8.90,8.90,true,1,
25675120020,false,סאוור סטיקס Sour Sticks בטעם אוכמניות,פשקס קנדי,NL,חמצוצים פטל,גרמים,100.00,100 גרם,false,0,8.90,8.90,true,1,
25675120037,false,מקלות חמצוצים תות פשקז 100 גרם,פשקס קנדי,NL,חמצוצים תות,גרמים,100.00,100 גרם,false,0,8.90,8.90,true,1,
25675120068,false,מקלות חמצוצים בטעם קולה פשקז 100 גרם,פשקז Paskesz,NL,חמצוצים קולה,גרמים,100.00,100 גרם,false,0,8.90,8.90,true,1,
25700005650,false,שקיות הקפאה גדולות- 14 יח' זיפלוק,אס.סי.גונסון ובניו,US,שקיות הקפאה,יחידה,1.00,יחידה,false,1,13.90,13.90,true,1,
31290140107,false,גודייבה אצבעות שוקולד 72% 90 גרם,"אולקר מקבוצת פלאדיס, ציק",TR,שוקולד גודייבה,גרמים,90.00,100 גרם,false,1,14.90,16.56,true,1,
31290140176,false,שוקולוד מריר בתוספת שקדים שוקולד גודייבה פינגרס,"אולקר מקבוצת פלאדיס, ציק",TR,שוקולד גודייבה,גרמים,90.00,100 גרם,false,1,14.90,16.56,true,1,
31290140190,false,גודייבה אצבעות שוקולד מריר עם נגיעות מלח ים 90 גרם,"אולקר מקבוצת פלאדיס, ציק",TR,שוקולד גודייבה,גרמים,90.00,100 גרם,false,1,14.90,16.56,true,1,
34000148301,false,הרשי נטיפי שוקולד מריר לאפייה 340 גר,ליימן מותגים,US,נטיפי שוקולד מרי,גרמים,340.00,100 גרם,false,1,18.90,5.56,true,1,
34000312177,false,הרשי סירופ בטעם שוקולד 680 גרם,ליימן מותגים,US,סירופ שוקולד,גרמים,680.00,100 גרם,false,0,19.30,2.84,true,1,
34000544028,false,סוכריות ארוכות בטעם תות טוויזלרס Twizzlers,ליימן מותגים,US,טוויזלרס טעם תות,גרמים,198.00,100 גרם,false,0,7.90,3.99,true,1,
34000544431,false,ממתקי הרשיז טוויזלרס טעם דובדבן 172 גרם,ליימן מותגים,US,טוויזלרס ממתק,גרמים,172.00,100 גרם,false,1,7.90,4.59,true,1,
35000458476,false,קולגייט מברשת שיניים ילדים מארז רביעייה,קולגייט פלמוליב,VN,מברשת קולגייט,יחידה,1.00,יחידה,false,1,19.90,19.90,true,1,
36000516876,false,ממחטות נייר קלינקס לושן 3 שכבות 75 דף,חוגלה קימברלי,US,קלינקס לושן,יחידה,1.00,יחידה,false,1,10.90,10.90,true,1,
36000516890,false,קלינקס לושן שלוש שכבות 120 יחידות,חוגלה קימברלי,US,קלינקס לושן,יחידה,1.00,יחידה,false,1,17.90,17.90,true,1,
37600207188,false,חמאת בוטנים סקיפי קלאסי 462 גרם,חברת המזון אלגוד,US,חמאת בוטנים,גרמים,462.00,100 גרם,false,0,18.50,4.00,true,1,
37600207256,false,חמאת בוטנים סקיפי עם שברי בוטנים 462 גרם,חברת המזון אלגוד,US,חמאת בוטנים,גרמים,462.00,100 גרם,false,0,18.50,4.00,true,1,
38000138638,false,חטיף צ'יפס פרינגלס פיצה 158 גרם,פרינגלס מנופקצ'ורינג קונ,US,פרינגלס פיצה,גרמים,158.00,100 גרם,false,1,8.90,5.63,true,1,
38000169663,false,פרינגלס אורגינל מגה 194 גר',פרינגלס מניופקצ'\ורינג ק,US,פרינגלס אורגינל,גרמים,194.00,100 גרם,false,1,10.90,5.62,true,1,
38000232152,false,פרינגלס חטיפי תפוח אדמה בטעם ברביקיו 158 גרם,פרינגלס מנופקצ'ורינג קומ,US,פרינגלס ברביקיו,גרמים,158.00,100 גרם,false,1,8.90,5.63,true,1,
38000232169,false,פרינגלס מידי אורגינל 67 גרם.,פרינגלס מנופקצ'ורינג קונ,US,פרינגלס אורגינל,גרמים,67.00,100 גרם,false,1,5.50,8.21,true,1,
38000232176,false,פרינגלס ביג שמנת בצל 158 גרם,פרינגלס מנופקצ'ורינג קונ,US,פרינגלס שמנת בצל,גרמים,158.00,100 גרם,false,1,8.90,5.63,true,1,
38000232183,false,פרינגלס ביג אורגינל 149 גרם,פרינגלס מנופקצ'ורינג קונ,US,פרינגלס אורגינל,גרמים,149.00,100 גרם,false,1,8.90,5.97,true,1,
38000845253,false,חטיף צ'יפס פרינגלס מידי שמנת בצל 71 גרם,פרינגלס מנופקצ'ורינג קונ,US,פרינגלס שמנת בצל,גרמים,71.00,100 גרם,false,1,5.50,7.75,true,1,
38527591053,false,קואקר דגנים מרובעים שיבולת שועל וקינמון,קוואקר אוטס קומפני,US,דגנים מרובעים,גרמים,412.00,100 גרם,false,0,16.90,4.10,true,1,
38527591060,false,דגני קוואקר מרובעים Quaker Squares עם סוכר חום,קוואקר אוטס קומפני,US,דגנים מרובעים,גרמים,412.00,100 גרם,false,0,16.90,4.10,true,1,
40000512943,false,סוכריות אם אנד אמס M&M שוקולד חלב,M&M אם אנד אם,US,עדשים מ&מ'ס,גרמים,303.00,100 גרם,false,1,21.90,7.23,true,1,
40000513568,false,סוכריות אם אנד אמס M&M שוקולד חלב,M&M אם אנד אם,US,עדשים מ&מ'ס,גרמים,156.00,100 גרם,false,1,11.90,7.63,true,1,
40000514480,false,M&M אריזה קטנה's שוקולד אריזה קטנה 48 גרם,M&M אם אנד אם,US,עדשי מ&מ'ס,גרמים,48.00,100 גרם,false,1,5.00,10.42,true,1,
40000514510,false,M&M אריזה קטנה's בוטנים אריזה קטנה 49 גרם,M&M אם אנד אם,US,עדשי מ&מ'ס,גרמים,49.00,100 גרם,false,1,5.00,10.20,true,1,
41390001079,false,"רוטב סויה קיקומן מופחת נתרן 444 מ""ל",קיקומן פודז אינק,US,רוטב סויה,מיליליטרים,444.00,"100 מ""ל",false,0,19.90,4.48,true,1,
42400108153,false,דגני בוקר צבעוניים בטעם פירות טוטי פרוטיס,פוסט ארצות הברית,US,דגנים ממותקים,גרמים,354.00,100 גרם,false,1,22.60,6.38,true,1,
46214731552,false,עוגיות שוקולד צ'יפס 37% גודיס 225 גרם,קריניציה ויטמינה אס,NL,עוגיות ש.צ'יפס,גרמים,225.00,100 גרם,false,0,8.90,3.96,true,1,
50000084500,false,מזון יבש לחתול בטעם נתחי ברביקיו פריסקיז Friskies,נסטלה פורינה USA מק,US,פריסקיז לחתול,קילוגרמים,1.43,"ק""ג",false,0,38.00,26.57,true,1,
50000100347,false,"פריסקיז - מעדני החתול מועשר בחלב 1.40 ק""ג",נסטלה פורינה USA מק,US,פריסקיז לחתול,קילוגרמים,1.42,"ק""ג",false,0,38.00,26.76,true,1,
50000170180,false,מזון חתולים פריסקיז עוף ברוטב 156 גרם,נסטלה פורינה USA קר,US,פריסקיז לחתול,גרמים,156.00,100 גרם,false,0,6.50,4.17,true,1,
50000225224,false,מזול חתולים פריסקיז פילה הודו ברוטב 156 גרם,נסטלה פורינה USA קר,US,פריסקיז הודו,גרמים,156.00,100 גרם,false,1,6.50,4.17,true,1,
50000237951,false,פריסקיז פארטי מיקס מיקס גריל קראנץ*60ג,נסטלה פורינה פטקר ארצות,US,פריסקיז מיקס,גרמים,60.00,100 גרם,false,1,10.90,18.16,true,1,
50000238910,false,"""פריסקיז פארטי מיקס אוריגי'נל קראנץ 60 גרם",נטסלה פורינה פטקר ארצות,US,פריסקיז מיקס,גרמים,60.00,100 גרם,false,1,10.90,18.16,true,1,
50000429042,false,מזון חתולים כבד מעודן ועוף פנסי פיסט 85 גרם,נסטלה פורינה USA ג',US,פנסי פיסט חתול,גרמים,85.00,100 גרם,false,0,5.90,6.94,true,1,
50000429448,false,פריסקיז פנסי פיסט פטה מוס סלמון 85 גרם,נסטלה פורינה USA סט,US,פנסי פיסט לחתול,גרמים,85.00,100 גרם,false,0,5.90,6.94,true,1,
50000429646,false,פריסקיז פנסי פיסט לח דג אוקיאנוס 85 גרם,נסטלה פורינה USA ג',US,פנסי פיסט לחתול,גרמים,85.00,100 גרם,false,0,5.90,6.94,true,1,
50000445691,false,מזול חתולים פריסקיז עוף וסלמון ברוטב 156 גרם,נסטלה פורינה USA קר,US,פריסקיז נתחי עוף,גרמים,156.00,100 גרם,false,0,6.50,4.17,true,1,
50000574414,false,"""פריסקיז פארטי מיקס פיקניק קראנץ 60 גרם",נסטלה פורינה פטקר ארצות,US,פריסקיז Mi Party,גרמים,60.00,100 גרם,false,1,10.90,18.16,true,1,
50000578238,false,"""פריסקיז פארטי מיקס קרייזי צ'יז 60 גרם",נסטלה פורינה פטקר ארצות,US,פריסקיז Mi Party,גרמים,60.00,100 גרם,false,1,10.90,18.16,true,1,
51500017005,false,סמארקס חמאת בוטנים 454 גר,סמאקרס,US,חמאת בוטנים טבעי,גרמים,454.00,100 גרם,false,1,19.90,4.38,true,1,
52100002453,false,תערובת תיבול לסטייק 96 גר,מקורמיק,US,תערובת תיבול,גרמים,96.00,100 גרם,false,1,19.90,20.73,true,1,
52100006260,false,אבקת שום מקורמיק 88 גרם,מקרומיק,US,אבקת שום,גרמים,88.00,100 גרם,false,1,28.90,32.84,true,1,
52100070827,false,תמצית בטעם רום מקורמיק 29 גרם,מקרומיק תבלינים,US,תמצית בטעם רום,מיליליטרים,29.00,"100 מ""ל",false,0,10.90,37.59,true,1,
52100070865,false,"תמצית וניל טהור מקורמיק 29 מ""ל",מקורמיק האנט ואלי,US,תמצית וניל,מיליליטרים,29.00,"100 מ""ל",false,0,29.90,103.10,true,1,
55369902564,false,אפלסנקס רביעיות רסק תפוחי עץ ללא תוספת סוכר עברית,ליהי אורצ'דאניק,CA,רסק תפוחים 4 יח,גרמים,452.00,100 גרם,false,0,14.50,3.21,true,1,
56594009998,false,ניוואה סבון מוצק מטפח קרם קר רביעייה,ביירסדורף,DE,ניוואה סבון מוצק,גרמים,360.00,100 גרם,false,1,12.90,3.58,true,1,
58449450573,false,"דייסה בטעם ביתי לל""ג אורגני ללת""ס 320 גר",נייטשר פאת',US,דייסת אינסטנט,גרמים,320.00,100 גרם,false,1,36.90,11.53,true,1,
58449602187,false,קורנפלקס דבש אורגני,נייטשר פאת'\,US,קורנפלקס בדבש,גרמים,300.00,100 גרם,false,0,23.90,7.97,true,1,
58449620044,false,"פצפוצי חיטת קמו מלא ללת""ס אורגני 170 גרם",נייטשר פאת',US,פצפוצי חיטה קמוט,גרמים,170.00,100 גרם,false,1,18.90,11.12,true,1,
58449770206,false,הריטאג מולטיגריין 375 גרם,נייטשר פאת'\,GB,דגני בוקר,גרמים,375.00,100 גרם,false,0,23.50,6.27,true,1,
58449860037,false,"קואלה קריספי דגני בוקר natures path לל""ג 325 גרם",נאטשר פאת פוד,US,דגני בוקר,גרמים,326.00,100 גרם,false,0,23.90,7.33,true,1,
58449860075,false,כדורי למור בטעם חמאת בוטנים ושוקולד ללא גלוטן,נאטשר פאת פוד,US,כדורי לאמור,גרמים,200.00,100 גרם,false,0,23.90,11.95,true,1,
64144090051,false,"ספריי שמן PAM קנולה אורגינל 148 מ""ל",קונאגרה פודס,US,תרסיס שמן קנולה,מיליליטרים,148.00,"100 מ""ל",false,0,17.90,12.09,true,1,
70177077563,false,תה ארל גריי 25 שקיות טוינינגס 50 גר,אר. טווינינגס אנד קומפני,PL,תה ארל גריי,גרמים,50.00,100 גרם,false,1,18.90,37.80,true,1,
70177077693,false,תה אנגליש ברקפסט 25 שקיות טוינינגס 50 גר,אר. טווינינגס אנד קומפני,PL,תה אינגליש ברקפס,גרמים,50.00,100 גרם,false,1,18.90,37.80,true,1,
70177078904,false,תה אנגליש ברקפסט 50 שקיות טוינינגס,אר. טווינינגס אנד קומפני,PL,תה אינגליש ברקפס,גרמים,100.00,100 גרם,false,1,27.90,27.90,true,1,
70177078966,false,תה ארל גריי 50 שקיות טוינינגס,אר. טווינינגס אנד קומפני,PL,תה ארל גריי,גרמים,100.00,100 גרם,false,1,27.90,27.90,true,1,
70177173166,false,תה יסמין ירוק 25 שקיקים TWININGS,אר. טווינינגס אנד קומפני,PL,תה ירוק יסמין,גרמים,45.00,100 גרם,false,1,20.90,46.44,true,1,
70177273330,false,חליטת ורבנה 37.5 גרם טווינינג,טווינינג,PL,חליטת לואיזה,גרמים,30.00,100 גרם,false,1,17.90,59.67,true,1,
72600062306,false,חטיף הר פודס בטעם גבינה 198 גרם,הר פודס,US,חטיף תירס גבינה,גרמים,198.00,100 גרם,false,1,21.90,11.06,true,1,
72600062320,false,הר חטיף גבינה בטעם פיצה 198 גרם,הר פודסn\,US,חטיף גבינה,גרמים,198.00,100 גרם,false,1,21.90,11.06,true,1,
75810021354,false,"רוטב סויה סאן גיי תמרי 592 מ""ל ללא גלוטן",סאן-ג'י,US,רוטב סויה תמרי,מיליליטרים,592.00,"100 מ""ל",false,0,39.00,6.59,true,1,
76840100156,false,"בן אנד גריס גלידת צרי גרסיה 500 מ""ל",מוצרי איכות אמריקאיים בע,IL,גלידה צ'רי גרסיה,מיליליטרים,500.00,"100 מ""ל",false,0,19.90,3.98,true,1,
76840100583,false,גלידה וניל +בצק עוגיות ושוקולד צי'פס 473ג,מוצרי איכות אמריקאיים בע,IL,גל.בןאנדג'ריס,מיליליטרים,473.00,"100 מ""ל",false,0,19.90,4.21,true,1,
76840400218,false,"גלידה בן&ג'ריס תות שדה ועוגת גבינה 500מ""ל",מוצרי איכות אמריקאיים בע,IL,גל.עוגת גבינ.תות,גרמים,420.00,100 גרם,false,0,19.90,4.74,true,1,
76840620029,false,"גלידה בן&ג'ריס שמנת עם תות 500מ""ל",מוצרי איכות אמריקאיים בע,IL,גלידה בן & ג'ר,מיליליטרים,500.00,"100 מ""ל",false,0,19.90,3.98,true,1,
77245110610,false,סוכריות מאסט ללא סוכר בטעם מנטה 80 ג'עלית,MIESZKO S.A - MS. JO,PL,סוכריות מאסט,גרמים,80.00,100 גרם,false,0,7.50,9.38,true,1,
77975022757,false,בייגלה קשה מבצק שאור בסגנון אמריקאי,סניידרס אוף האנובר,US,בייגלה אמריקאי,גרמים,382.00,100 גרם,false,0,16.90,4.42,true,1,
77975036976,false,מטבל עגבניות בחריפות עדינה סניידרס 439 ג',סניידרס אוף האנובר,US,מתבל עגבניות,גרמים,439.00,100 גרם,false,1,13.90,3.17,true,1,
77975094631,false,סניידרס סנדוויץ' בייגלה במילוי קרם בטעם צ'דר 226 גרם,סניידרס Snyder's,US,בייגלה סניידרס,גרמים,226.00,100 גרם,false,1,16.90,7.48,true,1,
77975094761,false,סניידרס חטיפים על בסיס קמח חיטה בטעם גבינת צ'דר,סניידרס אוף האנובר,US,חטיף סניידרס,גרמים,340.00,100 גרם,false,1,16.90,4.97,true,1,
77975094778,false,סניידרס שברי בייגלה בטעם דבש חרדל ובצל,סניידרס אוף האנובר,US,סניידרס דבש חרדל,גרמים,340.00,100 גרם,false,1,16.90,4.97,true,1,
80432400432,false,וויסקי שיבאס רגאל 12 שנה - ליטר,מזקקת האחים שיבאס,GB,וויסקי שיבס,ליטרים,1.00,ליטר,false,0,119.90,119.90,true,1,
85000019498,false,"וודקה ניו אמסטרדם 40% 750 מ""ל",יקבי אי'\ ג'\י גאלו,US,וודקה נ.אמסטרדם,מיליליטרים,750.00,"100 מ""ל",false,1,59.90,7.99,true,1,
85156515417,false,וודקה קטל וואן בקבוק,מזקקת נולט,NL,וודקה קטל וואן,מיליליטרים,750.00,"100 מ""ל",false,0,114.90,15.32,true,1,
85696608044,false,טופו ללא גלוטן 349ג' (כ) Morinaga,Morinaga NUTRITIONAL,US,טופו ללא גלוטן,גרמים,340.00,100 גרם,false,0,10.00,2.94,true,1,
87752013472,false,"שמפניה דרפיה 750 מ""ל",דרפיה,FR,שמפניה דרפיה,מיליליטרים,750.00,"100 מ""ל",false,1,219.90,29.32,true,1,
87752014271,false,יין אדום יבש רוסו טוסקנו,ברטנורא Bartenura,IT,ברטנורא טוסקנו,מיליליטרים,750.00,"100 מ""ל",false,0,37.90,5.05,true,1,
87752016206,false,בורדו שאטו לה ריגאן אדום,שאטו לה ריגאן,FR,יין בורדו,מיליליטרים,750.00,"100 מ""ל",false,1,54.90,7.32,true,1,
96086000003,false,קיטו מיני גריסיני בסיס קמח שקדים 200 גרם,מצות אביב 2014 מאפה בעמ,IL,קיטו מיני גריסינ,גרמים,200.00,100 גרם,false,1,22.90,11.45,true,1,
96086000676,false,"עוגיות מקמח כוסמין ציה ללת""ס 200 גרם",מצות אביב 2014 מאפה בעמ,IL,עוגיות כוסמין,גרמים,200.00,100 גרם,false,1,14.30,7.15,true,1,
96086000829,false,קיטו נודלס אטריות מלבבות דקל 255 גר,אינדוסטריה אגריקולה אקספ,EC,קיטו נודלס,גרמים,255.00,100 גרם,false,1,19.90,7.80,true,1,
96086001536,false,"עוגיות קלות ללת""סבטעם וניל 200 גר",מצות אביב 2014 מאפה בעמ,IL,עוגיות וניל,גרמים,200.00,100 גרם,false,0,14.30,7.15,true,1,
96086001789,false,קרקר ביס מקמח כוסמין אורגני 150 גרם,מצות אביב 2014 מאפה בעמ,IL,קרקר ביס כוסמין,גרמים,150.00,100 גרם,false,1,13.90,9.27,true,1,
305210256712,false,וזלין לשפתיים אורגינל 0.25 אונקיה,"יוניליוור ג'ונסבורו,",US,וזלין לשפתיים או,יחידה,1.00,יחידה,false,1,14.90,14.90,true,1,
305210416383,false,"ואזלין קרם גוף לגבר נספג במהירות 600 מ""ל","יוניליוור, ג'פרסון סיטי,",US,קרם גוף וזלין,מיליליטרים,600.00,"100 מ""ל",false,1,19.90,3.32,true,1,
305213079004,false,"תחליב גוף להזנה עמוקה צהוב וזלין 600 מ""ל","יוניליוור, ג'פרסון סיטי,",US,קרם גוף ואלין,מיליליטרים,600.00,"100 מ""ל",false,1,19.90,3.32,true,1,
308910525744,false,אטריות אורז דקות 454 גרם ורמיצ'לי (כ),ליאן תאי רייס,TH,איטריות אורז,גרמים,454.00,100 גרם,false,0,10.90,2.40,true,1,
350007641028,false,משחת שיניים קולגייט משחה 2ב1 הלבנה 130 גרם,קולגייט Colgate,MX,מ.שיניים ומי פה,גרמים,130.00,100 גרם,false,1,10.00,7.69,true,1,
350007641646,false,משחת שיניים ומי פה 2 ב-1 לנשימה רעננה,קולגייט Colgate,MX,מ.שיניים ומי פה,גרמים,130.00,100 גרם,false,1,10.00,7.69,true,1,
613008742348,false,אריזונה ג'נסינג ודבש בקבוק 1 ליטר,"נטורלה גטרנק בע""\מn\",BG,אריזונה ג'נסנג,ליטרים,1.00,ליטר,false,1,11.80,11.80,true,1,
613008742409,false,בקבוק אריזונה אפרסק 1 ליטר,נובה טרייד אל טי די,BG,אריזונה אפרסק,ליטרים,1.00,ליטר,false,1,11.80,11.80,true,1,
613008753290,false,"אריזונה אפרסק בקבוק 450 מ""ל",לני אנד לארי,BG,אריזונה אפרסק,מיליליטרים,450.00,"100 מ""ל",false,1,8.50,1.89,true,1,
628154383659,false,דגני בוקר פרוטי פבלס פוסט 311 גרם,פוסט ארצות הברית,US,דגני פרוטי פבלס,גרמים,311.00,100 גרם,false,1,21.90,7.04,true,1,
633824111838,false,"וודקה וואן גוך בטעם אננס, 750 מ''ל",מזקקת קוימאנס טילבורג,NL,וודקה ואן גוך,מיליליטרים,750.00,"100 מ""ל",false,0,129.90,17.32,true,1,
638102201010,false,חטיף על בסיס חלבון סויה שוקולד וחמאת בוטנים,"אבוט נוטרישן, מעבדות",US,חטיף זון בוטנים,גרמים,50.00,100 גרם,false,0,10.00,20.00,true,1,
638102203090,false,חטיף על בסיס חלבון סויה פאדג' גרהם,"אבוט נוטרישן, מעבדות",US,חטיף זון פאדג,גרמים,50.00,100 גרם,false,0,10.00,20.00,true,1,
638102204721,false,חטיף זון פרפקט פאדג5'יח,אדיר סחר,US,חטיף זון פרפקט פ,יחידה,1.00,יחידה,false,1,59.90,59.90,true,1,
645173911038,false,קורנישון מלפפוןן מיני 720 גרם - תומר,קלמן אינדיה פי וי סי,IN,מלפפ.קורנישונים,גרמים,670.00,100 גרם,false,0,9.90,1.48,true,1,
645692556277,false,עוג.מצה חצי מצופה 300גרם,"אחים פפושדו ובניהם בע""\מ",IL,עוגיות מצה עשירה,גרמים,300.00,100 גרם,false,0,11.90,3.97,true,1,
649660432020,false,היל ויו שזיפים מיובשים מגולענים 567 גרם,היל ויו פקינג קומפני,US,שזיף מיובש,גרמים,567.00,100 גרם,false,1,28.90,5.10,true,1,
651080647519,false,קיסמים עם חוט דנטלי פלאקרס מנטה 35 יחידות,"פלקרס רנור ארה""ב",US,קיסם עם חוט,יחידה,1.00,יחידה,false,1,9.90,9.90,true,1,
697045161546,false,"ג'ל רחצה 200 מ""ל",,IL,"ג'ל רחצה 200 מ""ל",מיליליטרים,200.00,"100 מ""ל",false,1,39.90,19.95,true,1,
697045161591,false,"קרם ידיים 100 מ""ל",,IL,קרם ידיים,מיליליטרים,100.00,"100 מ""ל",false,1,39.00,39.00,true,1,
697045161607,false,"קרם רגליים 100 מ""ל",,IL,קרם רגליים,מיליליטרים,100.00,"100 מ""ל",false,1,39.00,39.00,true,1,
697045161614,false,"קרם לחות לפנים 50 מ""ל",,IL,קרם לחות לפנים,מיליליטרים,50.00,"100 מ""ל",false,1,59.00,118.00,true,1,
697045161638,false,"מסיכת ניקוי בוץ 100 מ""ל",,IL,מסיכת ניקוי בוץ,מיליליטרים,100.00,"100 מ""ל",false,1,39.00,39.00,true,1,
697045161645,false,"תחליב גוף 200 מ""ל",,IL,תחליב גוף,מיליליטרים,200.00,"100 מ""ל",false,1,39.00,19.50,true,1,
724049694418,false,"Joop אדט לגבר 100 מ""ל",,FR,ג'ופ 125 גבר,מיליליטרים,125.00,"100 מ""ל",false,0,99.00,79.20,true,1,
724049694432,false,רושאס לגבר אדט 100 מל,,FR,רושאס לגבר,מיליליטרים,100.00,"100 מ""ל",false,0,139.00,139.00,true,1,
724049694654,false,Blue Jaguar אדט גבר100מל,,FR,יגואר בלו לגבר,מיליליטרים,100.00,"100 מ""ל",false,0,59.00,59.00,true,1,
724049694661,false,יגואר בלאק אדט גבר 100מל,,FR,יגואר בלאק לגבר,מיליליטרים,100.00,"100 מ""ל",false,0,59.00,59.00,true,1,
724049694722,false,פודרה אדפ לאשה 90 מל,,FR,פודרה 90 לאישה,מיליליטרים,90.00,"100 מ""ל",false,0,289.00,321.11,true,1,
724049696375,false,Edition Gold אדפ יוניס,,AE,Edition Gold אד,מיליליטרים,200.00,"100 מ""ל",false,1,309.00,154.50,true,1,
724353783822,false,"תמר מג'הול מדיום 1 ק""ג בד""ץ מהדרין.",פרי וירק טמרה ושותפי,IL,"תמר מג'הול 1 ק""ג",קילוגרמים,1.00,"ק""ג",false,0,21.90,21.90,true,1,
728229123590,false,טרה אורגינל חטיף על בסיס ירקות שורש בטעם טבעי 110 גרם,הונדורס צ'יפס יצור א,HN,צ'יפס,גרמים,110.00,100 גרם,false,0,15.90,14.45,true,1,
728229123613,false,טרה חטיף על בסיס תפוח אדמה כחול בטעם טבעי 110 גרם,היין סלסטיאל גרופ,US,"צ'יפס תפו""א",גרמים,110.00,100 גרם,false,0,15.90,14.45,true,1,
728229123811,false,טרה חטיף על בסיס ירקות שורש בתיבול ים תיכוני 110 גרם,הונדורס צ'יפס יצור א,HN,צ'יפס מתובל,גרמים,110.00,100 גרם,false,0,15.90,14.45,true,1,
728229124771,false,טרה חטיף על בסיס בטטה בטעם ברביקיו 110 גרם,היין פיוצ'ור נטורל פ,IN,ציפס טרה בטטה,גרמים,110.00,100 גרם,false,1,15.90,14.45,true,1,
728229130154,false,טרה חטיף על בסיס בטטה וסלק בטעם טבעי 110 גרם,הונדורס צ'יפס יצור א,HN,צ'יפס בטטה סלק,גרמים,110.00,100 גרם,false,0,15.90,14.45,true,1,
732494000500,false,קרטורס חטיף פופקורן קרמל 227 גרם,איגל פודס ווקיגאן מפ,US,חטיף פופקורן,גרמים,227.00,100 גרם,false,1,25.90,11.41,true,1,
732494000524,false,קרטורס פופקורן שיקגו קרמל 213 גרם,איגל פודס ווקיגאן מפ,US,חטיף פופקורן,גרמים,213.00,100 גרם,false,1,25.90,12.16,true,1,
768404001640,false,"גלידה בן&ג'ריס קפה משפחתית 500מ""ל",מוצרי איכות אמריקאיים בע,IL,גלידת בן & ג'ריס,מיליליטרים,500.00,"100 מ""ל",false,0,19.90,3.98,true,1,
769904000997,false,שקדי מרק ללא גלוטן200גרם,דגש- דוכן גן שמואל,IL,"שקדי מרק לל""ג",גרמים,200.00,100 גרם,false,0,15.90,7.95,true,1,
786150000281,false,"שישייה בירה לף בראון בקבוק 330X6 מ""ל","אינבב, ברוורייפליין",BE,בירה לף בראון6יח,ליטרים,1.98,ליטר,false,1,44.90,22.67,true,1,
801541040438,false,חליטת טולסי ג'ינג'ר 25שק,אורגניק אינדיה,IN,טולסי 25 שק.,גרמים,43.00,100 גרם,false,1,16.90,39.30,true,1,
801541080434,false,תה טולסי צ'אי מסאלה 25שק,אורגניק אינדיה,IN,חליטת טולסי,גרמים,52.00,100 גרם,false,1,16.90,32.50,true,1,
801541500086,false,טולסי לימון+ג'ינג'ר25,אורגניק אינדיה,IN,חליטת טולסי,גרמים,50.00,100 גרם,false,0,16.90,33.80,true,1,
801541512324,false,תה טולסי כורכום ג'ינגר25,אורגניק אינדיה,IN,טולסי 25 שק.,גרמים,47.00,100 גרם,false,1,16.90,35.96,true,1,
811250032211,false,ממרח בטעם מיונז 350 גרם,נפטון מוצרי מזון (1990),IL,ממרח בטעם מיונז,גרמים,350.00,100 גרם,false,1,19.90,5.69,true,1,
833949000264,false,"סירופ מייפל אמיתי 100% אורגני 250 מ""ל",דיקסר קוויבק,CA,סירופ מייפל,מיליליטרים,250.00,"100 מ""ל",false,0,29.90,11.96,true,1,
833949000295,false,סירופ מייפל אמיתי 100% אורגני 1 ליטר,דיקסר,CA,סירופ מייפל אמית,ליטרים,1.00,ליטר,false,1,119.00,119.00,true,1,
835811000396,false,נייר אפיה לתבנית מוארכת - מארז 30 ניירות,יבוא ושיווק: הנמל אריזות,IL,נייר אפיה לתבנית,יחידה,1.00,יחידה,false,1,10.90,10.90,true,1,
835811001232,false,"נייר אפיה לתבנית עגולה 26 ס""מ - מארז 10 ניירות",האנג טונג,CN,נייר אפיה לתבנית,יחידה,1.00,יחידה,false,1,10.90,10.90,true,1,
835811002277,false,"שיפודי במבוק גדול במיוחד ""הנמל""",גרנג יוניברס,CN,שיפודי במבוק,יחידה,1.00,יחידה,false,1,8.90,8.90,true,1,
835811003199,false,נייר אפיה לתבנית מרובע 6X32 16 יח',יבוא ושיווק: הנמל אריזות,CN,נייר אפייה,יחידה,1.00,יחידה,false,1,19.90,19.90,true,1,
835811007494,false,גלטין טהור מדגים 2 יח` 14 X גר`,גואנגדונג מיניאנג,TW,ג'לטין טהור,גרמים,28.00,100 גרם,false,0,9.80,35.00,true,1,
850004207789,false,בשר מיטבולס 290 ג' ביונד מיט,תאי פרזידנט פוד פאבל,US,מיטבולס ביונד מי,גרמים,290.00,100 גרם,false,1,38.90,13.41,true,1,
851621000050,false,בירה חיטה בטעם הדרים 1664 בלאנק - שישייה,קרלסברג ספליי קומפאני פו,PL,בירה בלאנק 6 יח,ליטרים,1.98,ליטר,false,1,39.90,20.15,true,1,
852629004774,false,נקניקיות ביונד מיט רביעייה 400 גר,סווג ריבר ביונד מיט ארהב,US,רביעיית נקניקיות,גרמים,400.00,100 גרם,false,1,35.90,8.98,true,1,
855074007086,false,פלפלון ביס בשקית יחידה,קטיף.,IL,פלפלון ביס בשקית,גרמים,200.00,100 גרם,false,1,7.90,3.95,true,1,
856591000062,false,עוגיות מזרחיות עם מלח עבאדי 400 גרם,מאפיית יוסף ושמחה עבאדי,IL,עוגיות מזרחיות,גרמים,400.00,100 גרם,false,0,14.90,3.73,true,1,
856591000109,false,עבאדי עוגיות מזרחיות פריך במיוחד 400 גרם,מאפיית יוסף ושמחה עבאדי,IL,עוגיות מזרחיות,גרמים,400.00,100 גרם,false,0,14.90,3.73,true,1,
856591000512,false,עוגיות מזרחיות מקלונים עם שומשום עבאדי 400 גרם,מאפיית יוסף ושמחה עבאדי,IL,עוגיות מזרחיות,גרמים,400.00,100 גרם,false,0,14.90,3.73,true,1,
859547004084,false,ספוג ניקוי לימון פרש סקראב דדי,סקראב דאבי,VN,סקראב דאדי לימון,יחידה,1.00,יחידה,false,1,17.90,17.90,true,1,
859547004329,false,ספוג ניקוי צבעוני סקראב דדי Scrub Daddy,סקארקיסט,VN,ספוג ניקוי,יחידה,1.00,יחידה,false,1,17.90,17.90,true,1,
884912002372,false,דגני בוקר גרייט גריינס פוסט453 גרם,פוסט ארצות הברית,US,גרייט גריינס,גרמים,368.00,100 גרם,false,0,25.90,7.04,true,1,
884912102102,false,דגני בוקר פוסט סלקט אוכמניות 382 גר,הנסיך- מפעל לייצור ט,US,גרייט גריינס,גרמים,382.00,100 גרם,false,1,25.90,6.78,true,1,
884912117625,false,דגני שלווה מצופים בדבש Golden Crisp,הנסיך- מפעל לייצור ט,US,פוסט גולדן קריספ,גרמים,418.00,100 גרם,false,1,22.60,5.41,true,1,
884912126115,false,גרייט גריינס דגני בוקר עם פירות יבשים פוסט 453 גרם,הנסיך- מפעל לייצור ט,US,דגני גרייט גרינס,גרמים,453.00,100 גרם,false,0,25.90,5.72,true,1,
884912129512,false,דגני בוקר קוקו פוסט פלינסטונס 311 גרם,פוסט לקיוויל,US,דגני קוקו פבלס,גרמים,311.00,100 גרם,false,1,21.90,7.04,true,1,
884912359162,false,האני באנצ' דגני בוקר עם שקדים פוסט 411 גרם,פוסט ארצות הברית,US,דגני הני בנצ'ס,גרמים,340.00,100 גרם,false,1,21.90,6.45,true,1,
884912359414,false,דגני בוקר האני באנצס קינמון 340 ג' POST,פוסט ארצות הברית,US,האני באנצס,גרמים,340.00,100 גרם,false,1,21.90,6.45,true,1,
884912359421,false,דגני בוקר האני באנצ'ס מייפל ופקאן פוסט 340 גרם,פוסט ארצות הברית,US,האני באנצס פקאן,גרמים,340.00,100 גרם,false,1,21.90,6.45,true,1,
884912359483,false,דגני בוקר האני באנצ'ס תות פוסט 311 גרם,פוסט ארצות הברית,US,דגני האני בנצ'ס,גרמים,312.00,100 גרם,false,1,21.90,7.02,true,1,
884912365200,false,דגני בוקר אוראו שחור ולבן 311 גרם,פוסט ארצות הברית,US,דגני בוקר אוראו,גרמים,311.00,100 גרם,false,1,23.90,7.68,true,1,
884912377142,false,דגני בוקר האני באנצ'ס וניל פוסט 340 גרם,פוסט ארצות הברית,US,האני באנצס וניל,גרמים,340.00,100 גרם,false,1,21.90,6.45,true,1,
897581000372,false,מיני מרשמלו טבעוני 283 גרם,,US,מיני מרשמלו,גרמים,283.00,100 גרם,false,1,23.90,8.45,true,1,
960860015432,false,"עוגיות קלות ללת""ס קמח מלא 200 גר",מצות אביב 2014 מאפה בעמ,IL,"עוגיות ללת""ס",גרמים,200.00,100 גרם,false,0,14.30,7.15,true,1,
1230000068314,false,בשר טחון ביונד מיט מארז זוגות 300ג,זנברגן וורלד פינסט מיט ב,NL,טחון מן הצומח בי,גרמים,300.00,100 גרם,false,1,35.90,11.97,true,1,
1230000116022,false,המבורגר ביונד מיט מארז זוגות 226ג,ביונד מיט קליפורניה ארהב,US,המבורגר ביונד מי,גרמים,226.00,100 גרם,false,1,34.90,15.44,true,1,
3010470155299,false,פריסקיז Friskies פטה בקר וירקות,ניו פטפוד איטליה,IT,פריסקיז פטה בקר,גרמים,400.00,100 גרם,false,1,9.90,2.48,true,1,
3010470158221,false,פריסקיז פ.עוף וירקות400ג,ניו פטפוד איטליה,IT,פריסקיז פטה עוף,גרמים,400.00,100 גרם,false,1,9.90,2.48,true,1,
3014260240226,false,"קצף גילוח ג'ילט לעור רגיש 200 מ""ל",דיפלומט מפיצים (1986) בע`מ,GB,קצף גילוח ג'ילט,מיליליטרים,200.00,"100 מ""ל",false,0,14.90,7.45,true,1,
3014260280772,false,אורל בי חוט דנטלי אסנשיאל מנטה שעווה 50מ',דיפלומט מפיצים (1968) בעמ,IE,חוט דנטלי אורלB-,מטרים,50.00,מטר,false,0,12.90,0.26,true,1,
3014260836665,false,אורל בי פרו אקספרט להגנה מקיפה 35 רך זוג,פרוקטר אנד גמבל,ES,מברשת אורל בי,יחידה,1.00,יחידה,false,1,34.90,34.90,true,1,
3035542004206,false,ליקר תפוזים קואנטרו700מל,רמי קואנטרו,FR,ליקר קואנטרו,מיליליטרים,700.00,"100 מ""ל",false,1,129.90,18.56,true,1,
3045206312257,false,דזיטול מגבונים לחיטוי כללי 36 יחידות,יעקב יעקבי ובניו בעמ,ES,מגבונים לחיטוי,יחידה,1.00,יחידה,false,0,12.90,12.90,true,1,
3045206360609,false,"דזיטול נוזל מחטא בגדים בכביסה, 1 ליטר",יעקב יעקבי ובניו בעמ,ES,מחטא בגדים בכביס,ליטרים,1.00,ליטר,false,1,23.90,23.90,true,1,
3046920010047,false,לינדט שוקולד אקסלנס מריר 78% 100 גר,לינדט ושפרונגלי קילשברג,DE,שוקולד אקסלנס,גרמים,100.00,100 גרם,false,1,14.90,14.90,true,1,
3046920010801,false,שוקולד מריר אקסלנס עם אגוזי לוז,לינדט ושפרונגלי קילשברג,FR,שוקולד אקסלנס,גרמים,100.00,100 גרם,false,1,14.90,14.90,true,1,
3046920027281,false,שוקולד מריר אקסלנס במילוי קרמל ומלח ים,לינדט ושפרונגלי קילשברג,FR,שוקולד אקסלנס,גרמים,100.00,100 גרם,false,1,14.90,14.90,true,1,
3046920028004,false,לינדט שוקולד אקסלנס מריר 70% 100 גר,לינדט ושפרונגלי קילשברג,FR,שוקולד אקסלנס,גרמים,100.00,100 גרם,false,0,14.90,14.90,true,1,
3046920028363,false,לינדט אקסלנס 85% מוצקי קקאו 100 גרם,לינדט ושפרונגלי קילשברג,FR,שוקולד לינדט 85%,גרמים,100.00,100 גרם,false,0,14.90,14.90,true,1,
3046920028721,false,לינדט אקסלנס סטרוברי 100גר`,לינדט ושפרונגלי קילשברג,FR,שוקולד אקסלנס,גרמים,50.00,100 גרם,false,1,14.90,29.80,true,1,
3046920028752,false,שוקולד לינדט אקסלנס מינט 100 גרם,לינדט ושפרונגלי קילשברג,FR,שוקולד לינדט,גרמים,100.00,100 גרם,false,0,14.90,14.90,true,1,
3046920029674,false,אקסלנס עם שבבי מלח לינדט (100 גרם),לינדט ושפרונגלי קילשברג,DE,שוקולד לינדט,גרמים,100.00,100 גרם,false,0,14.90,14.90,true,1,
3046920029681,false,לינדט שוקולד אקסלנס מילד 85% קקאו 100 גר,משה סידס ובנו בעמ,DE,שוקולד אקסלנס,גרמים,100.00,100 גרם,false,1,14.90,14.90,true,1,
3046920029759,false,אקסלנס שוקולד מריר 90% לינדט (100 גרם),לינדט ושפרונגלי קילשברג,DE,שוקולד אקסלנס,גרמים,100.00,100 גרם,false,1,14.90,14.90,true,1,
3059943015104,false,"אירוויק מבשם אויר נטול גז בניחוח פריסיה ויסמין 345 מ""ל",רקיט בנקיזר (ניר איסט) בעמ,PL,אירוויק מבשם,מיליליטרים,345.00,"100 מ""ל",false,0,14.90,4.32,true,1,
3059943015128,false,מבשם אוויר נטול גז אקווה מיסט בניחוח לבנדר פראי ואוויר הרים,רקיט בנקיזר (ניר איסט) בעמ,PL,אירוויק מבשם,מיליליטרים,345.00,"100 מ""ל",false,0,14.90,4.32,true,1,
3059943016507,false,"אירוויק ספריי בניחוח לבנדר וקמומיל 240 מ""ל",רקיט בנקיזר (ניר איסט) בעמ,GB,אירויק ספריי,מיליליטרים,240.00,"100 מ""ל",false,0,10.00,4.17,true,1,
3068320017846,false,מים מינרלים אוויאן 1 ליטר,קריניציה ויטמינה אס,FR,אויאן מים,ליטרים,1.00,ליטר,false,0,11.90,11.90,true,1,
3073781161663,false,גבינה מותכת 18.5% שומן לה וואש קירי,בני ג`ורג` שוקחה (חיפה) בעמ,FR,לה וואש קירי,גרמים,128.00,100 גרם,false,1,12.90,10.08,true,1,
3073781161687,false,גבינה לוואש קרי(מותכת) 16 יח 256 גר,בני ג`ורג` שוקחה (חיפה) בעמ,FR,לה וואש קירי,גרמים,256.00,100 גרם,false,1,23.90,9.34,true,1,
3073781161700,false,גבינה לוואש קירי 480 גר`,בני ג ורג שוקחה (חיפה) בעמ,FR,לה וואש קירי,גרמים,480.00,100 גרם,false,1,38.90,8.10,true,1,
3073781162790,false,גבינה מותכת בייבי בל 120 גרם,א. סיימן סחר בעמ,FR,גבינת בייבי בל,גרמים,120.00,100 גרם,false,1,20.90,17.42,true,1,
3073781177220,false,גבינה בייבי בל אדום 120 גר`,א. סיימן סחר בעמ,FR,גבינת בייבי בל,גרמים,102.00,100 גרם,false,1,20.90,20.49,true,1,
3080216034508,false,"בירה גרינברגן בלונדי בודד 330מ""ל",החברה המרכזית להפצת משקאות בעמ,,גרימברגן בלונד,יחידה,1.00,יחידה,false,0,10.60,10.60,true,1,
3080216034645,false,"בירה רגינברג אמברה 330 מ""ל",company supply carlsberg,,גרימברגן אמברה,יחידה,1.00,יחידה,false,0,10.60,10.60,true,1,
3083681142983,false,שעועית עדינה קפואה בונדואל 600 גר`,קפוא-זן תעשיות מזון בעמ - תפוג,PT,שעועית עדינה קפו,גרמים,600.00,100 גרם,false,1,21.90,3.65,true,1,
3083681143010,false,אפונת גן קפואה בונדואל 600 גר`,קפוא-זן תעשיות מזון בעמ - תפוג,PT,אפונת גן קפואה,גרמים,600.00,100 גרם,false,1,13.90,2.32,true,1,
3083681143652,false,פרוסות חציל בגריל בונדואל 600 גר`,קפוא-זן תעשיות מזון בעמ - תפוג,PT,חצלי קפוא בגריל,גרמים,600.00,100 גרם,false,1,24.90,4.15,true,1,
3083681143720,false,חצאי פלפלים בגריל בונדואל 600 גר`,קפוא-זן תעשיות מזון בעמ - תפוג,PT,פלפלים בגריל,גרמים,600.00,100 גרם,false,1,24.90,4.15,true,1,
3141360054405,false,פיניש מפיץ ריח למדיח בניחוח לימון וליים,רקיט בנקיזר (ניר איסט) בעמ,HU,מפיץ ריח למדיח,יחידה,1.00,יחידה,false,1,14.90,14.90,true,1,
3142640618102,false,"מאס דה לה סורס קוט דה פרובנס 750 מ""ל",פאברה שאטו,FR,מאס דה לה סורס,מיליליטרים,750.00,"100 מ""ל",false,1,69.90,9.32,true,1,
3147697720204,false,ויסקי בלנדד סקוטי לייבל,לייבל 5 Label,FR,וויסקי לייבל 5,מיליליטרים,700.00,"100 מ""ל",false,1,69.90,9.99,true,1,
3161911229199,false,חמאה צרפתית רכה למריחה אל & ויר 250 גרם,א. סיימן סחר בעמ,FR,חמאה רכה,גרמים,250.00,100 גרם,false,0,21.00,8.40,true,1,
3161911366429,false,חמאה צרפתית מלוחה רכה למריחה אלוויר 250 גר',א. סיימן סחר בעמ,FR,חמאה רכה מלוחה,גרמים,250.00,100 גרם,false,0,21.00,8.40,true,1,
3178530417340,false,בראוניז שוקולד סאן מישל 210 גרם,א. סיימן סחר בעמ,FR,בראוניז אישי 7יח,גרמים,210.00,100 גרם,false,1,13.90,6.62,true,1,
3178530417357,false,בראוניז שוקולד לבן סנט מישל 210 גרם,א. סיימן סחר בעמ,FR,בראוניז אישי 7יח,גרמים,210.00,100 גרם,false,1,13.90,6.62,true,1,
3179732348913,false,פרייה מים מינרליים טבעיים מבעבעים 1 ליטר פלסטיק,נסטלה ווטרס ספלאי,FR,פרייה מים מוגז,ליטרים,1.00,ליטר,false,1,9.90,9.90,true,1,
3228022910023,false,חמאה צרפתית פריזידאן פרזידנט (200 גרם),סוסייטה בארייר דה אי,FR,חמאה פרזידנט,גרמים,200.00,100 גרם,false,0,15.90,7.95,true,1,
3351650016208,false,"בוז'ולה נובו כשר 750 מ""ל",ג'\ורג'\ דובף,FR,בוז'ולה נובו כשר,מיליליטרים,750.00,"100 מ""ל",false,1,69.90,9.32,true,1,
3387390320244,false,פיטנס דגני בוקר מחיטה מלאה עם פירות נסטלה 375 גרם,קבוצת אוסם סחר שותפות מוגבלת,FR,דגני פיטנס,גרמים,375.00,100 גרם,false,0,19.90,5.31,true,1,
3387390525960,false,קראנץ' דגני בוקר עם שוקולד חלב נסטלה 500 גרם,קבוצת אוסם סחר שותפות מוגבלת,FR,קראנץ דגני בוקר,גרמים,500.00,100 גרם,false,0,22.90,4.58,true,1,
3501271140039,false,טופי חמוצ.ט.פטל קולה150ג,ורקה,FR,טופי חמוץ פטל,גרמים,150.00,100 גרם,false,1,14.90,9.93,true,1,
3501271213047,false,טאטס טופי חמוץ בטעם תות תפוח בשקית,ורקה,FR,טופי חמוץ תפוח,גרמים,150.00,100 גרם,false,1,14.90,9.93,true,1,
3501275112001,false,טאטס טופי חמוץ בטעם אקזוטי 150 גר,ורקה,FR,סוכריות חמוצות,גרמים,150.00,100 גרם,false,1,14.90,9.93,true,1,
3501275590465,false,סוכריות חמוצות שטוחים180,ורקה,FR,סוכריות חמוצות,גרמים,180.00,100 גרם,false,1,14.90,8.28,true,1,
3523230026888,false,"גבינת עיזים שום ועשבי תיבול למריחה פירמידה, 140 גרם",א. סיימן סחר בעמ,FR,גבינת עיזים שום,גרמים,140.00,100 גרם,false,1,26.90,19.21,true,1,
3525490011093,false,יין לבן 750 מל לה ז`אמל שרדונה,היכל היין שקד גולן בעמ,FR,שרדונה לה ג'אמל,מיליליטרים,750.00,"100 מ""ל",false,1,59.90,7.99,true,1,
3525490011116,false,יין אדום לה ז`אמל קרבנה סובניון 750 מל,היכל היין שקד גולן בעמ,FR,קברנה לה ג'אמל,מיליליטרים,750.00,"100 מ""ל",false,1,59.90,7.99,true,1,
3563490014898,false,ריין דיז'ון חרדל דיז'ון 265 גרם,דיפלומט מפיצים (1968) בעמ**,FR,חרדל דיז'ון,גרמים,265.00,100 גרם,false,0,11.90,4.49,true,1,
3574660058857,false,גונסונס בייבי שמן 500 מל חדש,גונסון אנד גונסון,IT,שמן ג'ונסון,מיליליטרים,500.00,"100 מ""ל",false,1,29.90,5.98,true,1,
3574660089547,false,טמפונים נורמל קלאסי אובה 32 יחידות,ג'\ונסון אנד ג'\ונסון,GR,טמפוני או בה,יחידה,1.00,יחידה,false,0,23.90,23.90,true,1,
3574660239829,false,קרם ידיים קל סדרה נורבגית נוטרוגינה 50 מ,ניוטרוג'ינה Neutrogena,FR,קרם ידיים קליל,מיליליטרים,75.00,"100 מ""ל",false,0,24.90,33.20,true,1,
3574660333466,false,טמפונים מיני פרו קומפורט אובה 32 יחידות,הנסיך- מפעל לייצור ט,DE,טמפוני או-בה,יחידה,1.00,יחידה,false,0,24.90,24.90,true,1,
3574660464337,false,קרפרי מגה פק מגן תחתון אוורירי אלוורה 76,ג'\ונסון אנד ג'\ונסון,GR,מגן תחתון קרפרי,יחידה,1.00,יחידה,false,0,19.90,19.90,true,1,
3574660464368,false,קרפרי מגה פק מגן תחתון אוורירי מבושם 76,גונסון אנד גונסון,GR,מגן תחתון קרפרי,יחידה,1.00,יחידה,false,0,19.90,19.90,true,1,
3574660514643,false,קרם לחות רב שימושי עשיר נוטרוגינה 300 מל,ניוטרוג'ינה Neutrogena,FR,"קרם רב""ש",מיליליטרים,300.00,"100 מ""ל",false,0,26.90,8.97,true,1,
3574661003924,false,שטיפת פה טוטאל קר בטעם מנטה צלול,ג'\ונסון אנד ג'\ונסון,IT,מי פה ליסטרין,מיליליטרים,500.00,"100 מ""ל",false,0,21.90,4.38,true,1,
3574661098531,false,נטרוגינה תחליב גוף-יבש ורגיש סד.נורווגית,גונסון אנד גונסון,GR,תחליב גוף,מיליליטרים,400.00,"100 מ""ל",false,1,26.90,6.73,true,1,
3574661098937,false,נטרוגינה תחליב גוף-יבש סדרה נורווגית,ניוטרוג'ינה Neutrogena,FR,תחליב גוף,מיליליטרים,400.00,"100 מ""ל",false,1,26.90,6.73,true,1,
3574661200019,false,נוטרוגינה ת.גוף ויזבלי ריניו משאבה 400 מל,ניוטרוג'ינה Neutrogena,GR,תחליב גוף,מיליליטרים,400.00,"100 מ""ל",false,1,26.90,6.73,true,1,
3574661352275,false,"מי פה ליסטרין קידס 250 מ""ל פירות יער",ג'\ונסון אנד ג'\ונסון,IT,מי פה ליסטרין,מיליליטרים,250.00,"100 מ""ל",false,1,10.90,4.36,true,1,
3574661419435,false,וניה תחבושות הגייניות מקסי לילה 12 יח,ש.שסטוביץ בעמ,BE,תחבושות וניה,יחידה,1.00,יחידה,false,1,24.50,24.50,true,1,
3574661432847,false,"ג'ונסונס מרכך שיער הקץ לקשרים 500 מ""ל",ג'ונסונס Johnson's,IT,ג'ונסון מרכך הקץ,מיליליטרים,500.00,"100 מ""ל",false,1,19.90,3.98,true,1,
3574661485218,false,טמפונים נורמל אובה 32 יח' פרוקומפורט,"ש. שסטוביץ בע""\מ",GR,או בה פרוקומפורט,יחידה,1.00,יחידה,false,1,24.90,24.90,true,1,
3574661487328,false,קרפרי מגני תחתון אורגינל פלוס 56 יח',הדקלאים אגודת שיתופי,GR,מגני תחתון קרפרי,יחידה,1.00,יחידה,false,1,16.90,16.90,true,1,
3574661487625,false,מגן תחתון קרפרי מקסי לארג 48 יחידות,הדקלאים אגודת שיתופי,GR,מגן תחתון קרפרי,יחידה,1.00,יחידה,false,1,16.90,16.90,true,1,
3574661487632,false,מגני תחתון פלוס לארג' בניחוח עדין L,ג'\ונסון אנד ג'\ונסון,GR,קרפרי מגני תחתון,יחידה,1.00,יחידה,false,1,19.90,19.90,true,1,
3574661500355,false,קרפרי מגן תחתון מקסי לונג רגיל 40 יח',ג'ויה מעבדות לקוסמטי,GR,מגני תחתון קרפרי,יחידה,1.00,יחידה,false,1,16.90,16.90,true,1,
3574661501901,false,שטיפה אינטימית יומיומית מכיל תה ירוק ואלוורה,קולגייט פלמוליב,IT,שטיפה אינטימית,מיליליטרים,200.00,"100 מ""ל",false,1,19.90,9.95,true,1,
3574661552576,false,קרפרי מגן תחתון רגיל טנגה לבן 56 יח חדש,הדקלאים אגודת שיתופי,GR,מגני תחתון קרפרי,יחידה,1.00,יחידה,false,1,16.90,16.90,true,1,
3574661552811,false,מגן תחתון קרפרי כותון אוורירי 56 יחידות,הדקלאים אגודת שיתופי,GR,מגן תחתון קרפרי,יחידה,1.00,יחידה,false,1,16.90,16.90,true,1,
3574661554884,false,קרפרי מגן תחתון רגיל טנגה מבושם 56 יח,הדקלאים אגודת שיתופי,GR,מגני תחתון קרפרי,יחידה,1.00,יחידה,false,1,16.90,16.90,true,1,
3574661610344,false,נטרוגינה קרם לחות עשיר ומרוכז לעור יבש ע,גונסון אנד גונסון סנטה ב,FR,ניוטרוג'ינה קרם,מיליליטרים,300.00,"100 מ""ל",false,1,26.90,8.97,true,1,
3574661650029,false,ליסטרין שטיפת פה להגנה על החניכיים בטעם מעודן,ג'\ונסון אנד ג'\ונסון,IT,מי פה ליסטרין,מיליליטרים,500.00,"100 מ""ל",false,1,21.90,4.38,true,1,
3574669908481,false,גונסונס בייבי אל סבון אמבט 750 מל חדש,ג'ונסונס Johnson's,IT,ג'ונסון אל סבון,מיליליטרים,750.00,"100 מ""ל",false,1,14.90,1.99,true,1,
3574669908665,false,גונסונס בייבי אל סבון לפני השינה 750 מל,גונסון אנד גונסון,IT,ג'ונסון אל סבון,מיליליטרים,750.00,"100 מ""ל",false,1,14.90,1.99,true,1,
3574669908948,false,"גונסונס בייבי אל סבון לרחצה עדינה 750 מ""ל",גונסון אנד גונסון,IT,ג'ונסון אל סבון,מיליליטרים,750.00,"100 מ""ל",false,1,14.90,1.99,true,1,
3574669909181,false,גונסונס בייבי שמן אלוורה לתינוק 300 מל,ג'ונסונס Johnson's,IT,שמן ג'ונסון,מיליליטרים,300.00,"100 מ""ל",false,1,22.90,7.63,true,1,
3600521094372,false,קסטינג קרם גלוס מס316',לוריאל פריז,BE,צבע שיער קסטינג,יחידה,1.00,יחידה,false,0,34.90,34.90,true,1,
3600521831083,false,קסטינג קרם גלוס מס1010,לוריאל פריז,BE,קסטינג קרם גלוס,יחידה,1.00,יחידה,false,1,34.90,34.90,true,1,
3600522107385,false,"לוריאל - דאודורנט לגבר מן אקספרט קרבון פרוטקט 150 מ""ל",לוריאל,FR,דאודורנט אקספרט,מיליליטרים,150.00,"100 מ""ל",false,1,10.00,6.66,true,1,
3600522344032,false,"אלביב מסכה לשיער פגום טואל ריפר 300מ""ל",לוריאל ישראל קוסמטיקס בעמ,DE,מסכת אלביב,מיליליטרים,300.00,"100 מ""ל",false,0,24.90,8.30,true,1,
3600522368250,false,לוריאל - אקסלנס קרם 6.7 חום בהיר שוקולד,לוריאל,BE,אקסלנס,יחידה,1.00,יחידה,false,1,34.90,34.90,true,1,
3600522550129,false,קרם אנטי-אייג'ינג יום אייג' ספשיאליסט +45,לוריאל ישראל קוסמטיקס בעמ,DE,קרם יום,מיליליטרים,50.00,"100 מ""ל",false,1,59.90,119.80,true,1,
3600522550167,false,קרם אנטי-אייג'ינג לילה אייג' ספשיאליסט +45,לוריאל ישראל קוסמטיקס בעמ,DE,קרם לילה,מיליליטרים,50.00,"100 מ""ל",false,1,59.90,119.80,true,1,
3600522632436,false,קרם אנטי-אייג'ינג לילה אייג' ספשיאליסט +55,לוריאל ישראל קוסמטיקס בעמ,DE,קרם לילה,מיליליטרים,50.00,"100 מ""ל",false,1,59.90,119.80,true,1,
3600522825432,false,לוריאל - אקסלנס אינטנס 6.13 חום בהיר קר,ליברמו,BE,צבע לשיער אקסלנס,יחידה,1.00,יחידה,false,1,34.90,34.90,true,1,
3600523605972,false,אלביב קרם לחות מועשר בשמן קוקוס 300 מל,לוריאל ישראל קוסמטיקס בעמ,DK,מסכה אלביב,מיליליטרים,300.00,"100 מ""ל",false,1,24.90,8.30,true,1,
3600523642489,false,מסכת הזנה אינטנסיבית 6 שמנים לשיער יבש,לוריאל ישראל קוסמטיקס בעמ,DE,מסכה אלביב,מיליליטרים,300.00,"100 מ""ל",false,1,24.90,8.30,true,1,
3600523651870,false,שמפו לחיזוק סיב השערה לכל סוגי השיער,לוריאל ישראל קוסמטיקס בעמ,TR,אלביב שמפו,מיליליטרים,550.00,"100 מ""ל",false,1,16.90,3.07,true,1,
3600523651900,false,מרכך לחיזוק סיב השערה לכל סוגי השיער,לוריאל ישראל קוסמטיקס בעמ,TR,אלביב מרכך,מיליליטרים,550.00,"100 מ""ל",false,1,16.90,3.07,true,1,
3600523652242,false,"לוריאל - אלביב שמפו קולור פרוטקט 550 מ""ל",לוריאל ישראל קוסמטיקס בעמ,TR,אלביב שמפו,מיליליטרים,550.00,"100 מ""ל",false,1,16.90,3.07,true,1,
3600523652259,false,"לוריאל - אלביב מרכך קולור פרוטקט 550 מ""ל",לוריאל ישראל קוסמטיקס בעמ,TR,אלביב מרכך,מיליליטרים,550.00,"100 מ""ל",false,1,16.90,3.07,true,1,
3600523652280,false,"לוריאל אלביב שמפו מועשר ב 6 שמנים, 550 מ""ל",לוריאל ישראל קוסמטיקס בעמ,TR,אלביב שמפו,מיליליטרים,550.00,"100 מ""ל",false,1,16.90,3.07,true,1,
3600523652297,false,"מרכך לשיער אלביב זהב 6 שמנים , 550 מ""ל",לוריאל ישראל קוסמטיקס בעמ,TR,אלביב מרכך,מיליליטרים,550.00,"100 מ""ל",false,1,16.90,3.07,true,1,
3600523782567,false,"לוריאל - אלביב שמפו דרים לונג 500 מ""ל",לוריאל ישראל קוסמטיקס בעמ,FR,אלביב שמפו,מיליליטרים,500.00,"100 מ""ל",false,1,16.90,3.38,true,1,
3600523782581,false,מרכך מתיר קשרים לשיער ארוך ופגום Dream Long,לוריאל ישראל קוסמטיקס בעמ,FR,אלביב מרכך,מיליליטרים,500.00,"100 מ""ל",false,1,16.90,3.38,true,1,
3600523816699,false,לוריאל - דרמו פעולה משולשת פרש ג'ל עברית,"קרלסרו, גרמניה",DE,קרם לחות,מיליליטרים,50.00,"100 מ""ל",false,1,49.90,99.80,true,1,
3600523944231,false,לוריאל - אקסלנס קול קרם 7.11 בלונד אפרפר קר,לוריאל פריז,BE,אקסלנס7.11 בלונד,מיליליטרים,192.00,"100 מ""ל",false,1,34.90,18.18,true,1,
3600523953677,false,לוריאל - דרמו רויטליפט קלאסי יום SPF30 עברית,"קרלסרו, גרמניה",DE,דרמו רויטליפט לח,מיליליטרים,50.00,"100 מ""ל",false,1,94.90,189.80,true,1,
3600524051334,false,אלביב מרכך חומצה היאלורונית 400 מל,לוריאל ישראל קוסמטיקס בעמ,FR,אלביב מרכך,מיליליטרים,400.00,"100 מ""ל",false,1,16.90,4.23,true,1,
3600524051570,false,לוריאל - אלביב מסכה היאלורונית 300 מ''ל,לוריאל ישראל קוסמטיקס בעמ,DE,אלביב מסכה,מיליליטרים,300.00,"100 מ""ל",false,1,24.90,8.30,true,1,
3600524055400,false,לוריאל - אלביב שמפו היאלורונית 500 מ''ל,לוריאל ישראל קוסמטיקס בעמ,FR,אלביב שמפו,מיליליטרים,500.00,"100 מ""ל",false,1,18.90,3.78,true,1,
3600541029323,false,מסיר איפור עמיד במים אסנשיאלס 2 ב-1,לוריאל ישראל קוסמטיקס בעמ,FR,ESSENTIALS מסיר,מיליליטרים,200.00,"100 מ""ל",false,0,25.00,12.50,true,1,
3600541382930,false,גרנייה - מים מיסלרים לכל סוגי העור,לוריאל ישראל קוסמטיקס בעמ,PL,מים מיסלריים,מיליליטרים,400.00,"100 מ""ל",false,0,35.00,8.75,true,1,
3600541937475,false,גרניה פיור גרגרים מסיכה לעור מעורב עד שמן,לוריאל ישראל קוסמטיקס בעמ,FR,גרנייה פיור ניקו,מיליליטרים,150.00,"100 מ""ל",false,1,35.00,23.33,true,1,
3600541952720,false,ג'ל גרגירים עם פחם פעיל לטיפול בראשים שחורים,לוריאל ישראל קוסמטיקס בעמ,FR,PURE פחם ג'ל,מיליליטרים,150.00,"100 מ""ל",false,1,35.00,23.33,true,1,
3600542052788,false,גרנייה בוטניקל חלב פנים ורדים 200 מל,קוסמופול,PL,חלב פנים ורדים,מיליליטרים,200.00,"100 מ""ל",false,1,25.00,12.50,true,1,
3600542216647,false,"גרנייה - דאודורנט ספריי לאישה 96 שעות אקשן קונטר 150 מ""ל",לוריאל ישראל קוסמטיקס בעמ,FR,דאו.ספריי גרנייה,מיליליטרים,150.00,"100 מ""ל",false,1,10.90,7.27,true,1,
3600542365758,false,גרניה בוטניקל מי פנים ענבים 200 מל,"קוסמופול, פולין",PL,מי פנים ענבים,מיליליטרים,200.00,"100 מ""ל",false,1,24.90,12.45,true,1,
3600542365796,false,בוטניקל ג`ל ניקוי ענבים 200 מל גרניה,לוריאל ישראל קוסמטיקס בעמ,PL,בוטניקל ג'ל ניקו,מיליליטרים,200.00,"100 מ""ל",false,1,24.90,12.45,true,1,
3600542366113,false,בוטניקל קרם לחות ענבים 50 מל גרניה,לוריאל ישראל קוסמטיקס בעמ,DE,סקין נטורל קרם ע,מיליליטרים,50.00,"100 מ""ל",false,1,39.90,79.80,true,1,
3600542385220,false,"גרנייה - דאודורנט רול און לאישה פרוטקשן 6 פלורל (סגול) 50 מ""ל",לוריאל ישראל קוסמטיקס בעמ,FR,רול און גרנייה,מיליליטרים,50.00,"100 מ""ל",false,1,10.90,21.80,true,1,
3600542385268,false,"גרנייה - דאודורנט רול און לאישה אינביזיבל BWC (ורוד) 50 מ""ל",לוריאל ישראל קוסמטיקס בעמ,PL,גרנייה רול און,מיליליטרים,50.00,"100 מ""ל",false,1,10.90,21.80,true,1,
3600542397926,false,"גרנייה - דאודורנט ספריי לאישה פרוטקשן 6 כותנה (ורוד) 150 מ""ל",לוריאל ישראל קוסמטיקס בעמ,FR,ספריי גרניה,מיליליטרים,150.00,"100 מ""ל",false,1,10.90,7.27,true,1,
3600542412773,false,גרניה פיור אקטיב פיל אוף פחם מסכה 50 מל,סופרוריאל אולניי,FR,גרנייה פיור פיל,מיליליטרים,50.00,"100 מ""ל",false,1,30.00,60.00,true,1,
3600542421638,false,"גרנייה - פרוקטיס היירפוד שמפו מקדמיה 350 מ""ל",לוריאל ישראל קוסמטיקס בעמ,IL,פרוקטיס היירפוד,מיליליטרים,350.00,"100 מ""ל",false,1,12.90,3.69,true,1,
3600542421669,false,"גרנייה - פרוקטיס היירפוד מרכך פפאיה 350 מ""ל",לוריאל ישראל קוסמטיקס בעמ,IL,פרוקטיס היירפוד,מיליליטרים,350.00,"100 מ""ל",false,1,12.90,3.69,true,1,
3600542421676,false,"גרנייה - פרוקטיס היירפוד מרכך בננה 350 מ""ל",לוריאל ישראל קוסמטיקס בעמ,IL,פרוקטיס היירפוד,מיליליטרים,350.00,"100 מ""ל",false,1,12.90,3.69,true,1,
3600542421683,false,"גרנייה - פרוקטיס היירפוד שמפו בננה 350 מ""ל",לוריאל ישראל קוסמטיקס בעמ,IL,פרוקטיס היירפוד,מיליליטרים,350.00,"100 מ""ל",false,1,12.90,3.69,true,1,
3600542421720,false,גרנייה פרוקטיס היפורד מסכה פפאיה 390 גר,"אינטרביוטי קוסמטיק בע""\מ",IL,פרוקטיס היירפוד,מיליליטרים,390.00,"100 מ""ל",false,1,29.90,7.67,true,1,
3600542421737,false,גרנייה פרוקטיס היפורד מסכה מקדמיה 390 גר,לוריאל ישראל קוסמטיקס בעמ,IL,פרוקטיס היירפוד,מיליליטרים,390.00,"100 מ""ל",false,1,29.90,7.67,true,1,
3600542431828,false,גרנייה - קולור נטורלס 1 שחור טבעי חדש,לוריאל ישראל קוסמטיקס בעמ,PL,קולור נטורלס 1,יחידה,1.00,יחידה,false,1,17.90,17.90,true,1,
3600542431842,false,גרנייה - קולור נטורלס 4 חום כהה טבעי חדש,לוריאל ישראל קוסמטיקס בעמ,PL,קולור נטורלס 4,יחידה,1.00,יחידה,false,1,17.90,17.90,true,1,
3600542431873,false,גרנייה - קולור נטורלס 7 בלונד טבעי חדש,לוריאל ישראל קוסמטיקס בעמ,PL,קולור נטורלס 7,יחידה,1.00,יחידה,false,1,17.90,17.90,true,1,
3600542431941,false,גרנייה - קולור נטורלס 5.3 חום זהוב חדש,לוריאל ישראל קוסמטיקס בעמ,PL,קולור נטורלס 5.3,יחידה,1.00,יחידה,false,1,17.90,17.90,true,1,
3600542431965,false,גרנייה - קולור נטורלס 5.52 חום דבש חדש,לוריאל ישראל קוסמטיקס בעמ,PL,קולור נטורלס5.52,יחידה,1.00,יחידה,false,1,17.90,17.90,true,1,
3600542432047,false,גרנייה - קולור נטורלס 10.1 בלונד סופר בהיר ב חדש,קוסמופול,PL,קולור נטורלס10.1,יחידה,1.00,יחידה,false,1,17.90,17.90,true,1,
3600542432061,false,גרנייה - קולור נטורלס 7.1 בלונד טבעי אפרפר חדש,קוסמופול,PL,קולור נטורלס 7.1,יחידה,1.00,יחידה,false,1,17.90,17.90,true,1,
3600542433266,false,גרנייה - סרום לפנים ויטמין C סקין אקטיב,לוריאל ישראל קוסמטיקס בעמ,DE,גרנייה סרום ויטמ,מיליליטרים,30.00,"100 מ""ל",false,1,59.90,199.67,true,1,
3600542456579,false,מים מיסלר ויטמין סי 400 מל גרנייה,לוריאל ישראל קוסמטיקס בעמ,DE,מיסלר ויטמין סי,מיליליטרים,400.00,"100 מ""ל",false,1,30.00,7.50,true,1,
3607345264356,false,"אדידס בודי ספריי לגבר דינמיק פולס, ללא אלומיניום, 150 מל",COLEPCCL,PL,ספריי גוף אדידס,מיליליטרים,150.00,"100 מ""ל",false,0,14.90,9.93,true,1,
3607345264912,false,"אדידס בודי ספריי לגבר אייס דייב, ללא אלומיניום, 150 מל",אגריפק אס איי לגרדה,ES,ספריי גוף אדידס,מיליליטרים,150.00,"100 מ""ל",false,0,14.90,9.93,true,1,
3608580730255,false,קונפיטורה בטעם משמש 370 גר BONNE MAMAN,ר.ב. מוצרי דגנים בעמ,FR,קונפיטורת משמש,גרמים,370.00,100 גרם,false,1,19.90,5.38,true,1,
3614223736485,false,"אדידס דאודורנט ספריי לגבר אדיפיור 200מ""ל",דנשר (1963) בעמ,PT,דאו.אדידס,מיליליטרים,200.00,"100 מ""ל",false,1,15.90,7.95,true,1,
3661163970448,false,"אדידס דאודורנט ספריי מקס פרש לגברים 200 מ""ל",מיוצר עי קונדיטוריית,PT,דאודורנט אדידס,מיליליטרים,200.00,"100 מ""ל",false,0,15.90,7.95,true,1,
3661163990545,false,"אדידס דאודורנט ספריי לגברים אקשיין 200 מ""ל",מיוצר עי קונדיטוריית,PT,דאודורנט אדידס,מיליליטרים,200.00,"100 מ""ל",false,0,15.90,7.95,true,1,
3700260245353,false,אולטימה לכלב בינוני/גדול,,ES,מזון לכלבים,קילוגרמים,3.00,"ק""ג",false,1,118.90,39.63,true,1,
3760032043419,false,שאטו קוט בוגרד בורדו,וינובלה,FR,יין בורדו בוגרד,מיליליטרים,750.00,"100 מ""ל",false,1,60.20,8.03,true,1,
3770000016796,false,"יין שבלי דומיין דה שאטיון כשל""פ 750 מ""ל",דומיין דה לה,FR,שאבלי דומיין,מיליליטרים,750.00,"100 מ""ל",false,1,84.90,11.32,true,1,
3800020472569,false,חטיף קיט קאט צ`אנקי קרמל מלוח 42 גרם,קבוצת אוסם סחר שותפות מוגבלת,BG,קיט קט צ'אנקי,גרמים,43.00,100 גרם,false,1,3.90,9.07,true,1,
3838824127149,false,צבע לשיער פאלטה שחור כחול 1-1,שוורצקופף והנקל,SI,צבע לשיער פלטה,יחידה,1.00,יחידה,false,0,19.90,19.90,true,1,
3838824127224,false,פלטה סמי קיט חום בינוני 4-0 צבע שיער,שוורצקופף והנקל,SI,צבעי שיער פלטה,יחידה,1.00,יחידה,false,0,19.90,19.90,true,1,
3838824127248,false,צבע לשיער פאלטה סמי קיט חום בהיר 5-0,שוורצקופף והנקל,SI,צבעי שיער פלטה,יחידה,1.00,יחידה,false,0,19.90,19.90,true,1,
3838824127583,false,צבע לשיער פאלטה סמי קיט 6-88 אדום בוער,שוורצקופף והנקל,SI,צבע לשיער פלטה,יחידה,1.00,יחידה,false,0,19.90,19.90,true,1,
3838824127644,false,צבע לשיער פאלטה חציל זוהר 4-89,שוורצקופף והנקל,SI,צבע לשיער פלטה,יחידה,1.00,יחידה,false,0,19.90,19.90,true,1,
3838824367682,false,"גליס מסכת פרוטאין 4ב1 400מ""ל חמאת קקאו",שוורצקופף והנקל,SI,מסכת לחות לשיער,מיליליטרים,400.00,"100 מ""ל",false,1,34.90,8.73,true,1,
3838824367781,false,גליס מסכה פרוטאין 4 ב-1 שמן אגוז בבאסו,שוורצקופף והנקל,SI,מסכת לחות לשיער,מיליליטרים,400.00,"100 מ""ל",false,1,34.90,8.73,true,1,
3838824380902,false,צבעי שיער בלונד סופר בהיר 10-0 סמי קיט פאלטה,שוורצקופף והנקל,SI,צבע לשיער פלטה,יחידה,1.00,יחידה,false,1,19.90,19.90,true,1,
3838824380940,false,צבעי שיער בלונד בהיר אפרפר 8-1 סמי קיט פאלט,שוורצקופף והנקל,SI,צבע לשיער פלטה,יחידה,1.00,יחידה,false,1,19.90,19.90,true,1,
3838824381022,false,צבעי שיער חום שוקולד כהה 3-65 סמי קיט פאלטה,שוורצקופף והנקל,SI,צבע לשיער פלטה,יחידה,1.00,יחידה,false,1,19.90,19.90,true,1,
3856014102448,false,מקלות בייגלה במילוי חמאת בוטנים 120 גר,ציון תורגמן בעמ,HR,מקלות בייגלה,גרמים,120.00,100 גרם,false,1,8.90,7.42,true,1,
4000415851705,false,שוקולד נוגט טבעי שוגטן 100 גרם,"לודוויג שוקולד בע""\מ",DE,שוקולד נוגט,גרמים,100.00,100 גרם,false,0,5.90,5.90,true,1,
4000415856601,false,שוקולד לבן טבעי שגוטן 100 גרם,"לודוויג שוקולד בע""\מ",DE,שוקולד לבן,גרמים,100.00,100 גרם,false,1,5.90,5.90,true,1,
4000417019004,false,שוקולד חלב אגוזי לוז שלמים ריטר ספורט 100 גרם,ריטר ספורט Ritter sport,DE,שוקולד ריטר,גרמים,100.00,100 גרם,false,0,10.90,10.90,true,1,
4000417022004,false,ריטר ספורט שוקולד חלב מעולה עם צימוקים ואגוזי לוז 100 גרם,ריטר ספורט Ritter sport,DE,שוקולד ריטר,גרמים,100.00,100 גרם,false,0,8.90,8.90,true,1,
4000417025005,false,שוקולד מריר במילוי מרציפן ריטר ספורט 100 גרם,ריטר ספורט Ritter sport,DE,שוקולד ריטר,גרמים,100.00,100 גרם,false,0,8.90,8.90,true,1,
4000417101211,false,גלילי וופל עם קרם אגוזי לוז בציפוי שוקולד חלב,ליימן שליסל בע`מ,AT,חטיף אמיצ'לי,גרמים,150.00,100 גרם,false,1,17.90,11.93,true,1,
4000417222008,false,שוקולד ריטר ספורט חלב+שברי אגוזים 100 גרם חלב נוכרי,ריטר ספורט Ritter sport,DE,שוקולד ריטר,גרמים,100.00,100 גרם,false,1,8.90,8.90,true,1,
4000417224002,false,"ריטר ספורט טבלת שוקולד מריר אגוזים, 100 גרם",ריטר ספורט Ritter sport,DE,שוקולד ריטר,גרמים,100.00,100 גרם,false,0,10.90,10.90,true,1,
4000417707000,false,שוקולד חלב מעולה עם שברי קשיו קלוי ומומלח,ריטר ספורט Ritter sport,DE,שוקולד ריטר,גרמים,100.00,100 גרם,false,1,10.90,10.90,true,1,
4000417708007,false,"שוקולד ריטר ספורט מריר שקד, 100 גרם",ריטר ספורט Ritter sport,DE,שוקולד ריטר,גרמים,100.00,100 גרם,false,1,10.90,10.90,true,1,
4000539280726,false,שוקולד לינדט אקסלנס מילד 70% 100 גר`,משה סידס ובנו בעמ,DE,שוקולד אקסלנס,גרמים,100.00,100 גרם,false,1,14.90,14.90,true,1,
4000539280740,false,לינדט אקסלנס 78% מוצקי קקאו 100 גרם,לינדט ושפרונגלי קילשברג,DE,שוקולד אקסלנס,גרמים,100.00,100 גרם,false,1,14.90,14.90,true,1,
4000539363108,false,שוקולד לינדור סטיקס 38 גרם,משה סידס ובנו בעמ,DE,שוקולד לינדור,גרמים,38.00,100 גרם,false,1,5.90,15.53,true,1,
4000607850004,false,שוקולד חלב טבעי שוגטן 100 גרם,"לודוויג שוקולד בע""\מ",DE,שוקולד חלב,גרמים,100.00,100 גרם,false,0,5.90,5.90,true,1,
4000607851001,false,שוקולד חלב אגוזים טבעי שוגטן 100 גרם,"לודוויג שוקולד בע""\מ",DE,שוקולד אגוזים,גרמים,100.00,100 גרם,false,0,5.90,5.90,true,1,
4000607852008,false,שוקולד מריר טבעי שוגטן 100 גרם,"לודוויג שוקולד בע""\מ",DE,שוקולד מריר,גרמים,100.00,100 גרם,false,0,5.90,5.90,true,1,
4000607854606,false,שוקולד לילדים שוגטן 100 גרם,"לודוויג שוקולד בע""\מ",DE,שוקולד ילדים,גרמים,100.00,100 גרם,false,1,5.90,5.90,true,1,
4002448017684,false,"סיליט באנג ספריי ניקוי כללי מסיר אבנית 750 מ""ל",רקיט בנקיזר (ניר איסט) בעמ,PL,סיליט באנג ספריי,מיליליטרים,750.00,"100 מ""ל",false,0,12.90,1.72,true,1,
4002720005736,false,מליטה קפה לפילטר פרימיום 250 גרם,המאפיה של הרמן,DE,קפה פילטר מליטה,גרמים,250.00,100 גרם,false,0,18.40,7.36,true,1,
4004666042004,false,"מלרוד מרסס משמיד עובש יעקבי 500 מ""ל","יעקב יעקבי ובניו בע""מ",DE,ספריי משמיד עובש,מיליליטרים,500.00,"100 מ""ל",false,1,29.90,5.98,true,1,
4004666107819,false,"מלרוד - מרסס לניקוי וטיהור המזגן 500 מ""ל",יעקב יעקבי ובניו בעמ,DE,מלרוד ניקוי מזגן,מיליליטרים,500.00,"100 מ""ל",false,1,23.90,4.78,true,1,
4005808128273,false,ג'ל רחצה לגבר אנרג'י עם תמציות מנטה בניחוח ממריץ,טרופיקל דגיל תעשיות,DE,ניוואה ג'ל רחצה,מיליליטרים,500.00,"100 מ""ל",false,0,13.90,2.78,true,1,
4005808366392,false,שפתון ליובש כחול קלאסי לבלו 48 גרם,טרופיקל דגיל תעשיות,IL,שפתון לבלו כחול,יחידה,1.00,יחידה,false,1,9.90,9.90,true,1,
4005808368280,false,שפתון ליובש דובדבן לבלו 48 גרם,טרופיקל דגיל תעשיות,DE,שפתון לבלו,יחידה,1.00,יחידה,false,1,9.90,9.90,true,1,
4005808698103,false,ניוואה תחליב גוף סמוד לעור יבש 500 מל,בטר אנד דיפרנט,ES,ניוואה תחליב גוף,מיליליטרים,500.00,"100 מ""ל",false,1,20.00,4.00,true,1,
4005808702107,false,ניוואה תחליב גוף לעור יבש מאד 500 מל,בטר אנד דיפרנט,ES,ניוואה תחליב גוף,מיליליטרים,500.00,"100 מ""ל",false,1,20.00,4.00,true,1,
4005808812899,false,"ניוואה ויזג Q 10 לילי קרם נג קמטים ללילה, 50 מ""ל",ניוואה Nivea,PL,קרם נגד קמטים,מיליליטרים,50.00,"100 מ""ל",false,0,69.90,139.80,true,1,
4005808837359,false,"ניוואה - דאודורנט רול און לאישה פרל אנד ביוטי 50 מ""ל",אלפא- ב.ד.ף בעמ,DE,דאודורנט ניוואה,מיליליטרים,50.00,"100 מ""ל",false,0,13.90,27.80,true,1,
4005808890507,false,ניוואה קרם סופט רב שימושי 200 מל יבוא,פארמה דיל (פ.א.ב.) שיווק והפצה,ES,קרם ניוואה סופט,מיליליטרים,200.00,"100 מ""ל",false,0,20.00,10.00,true,1,
4005900036476,false,"ניוואה - דאודורנט רול און לאישה בלק אנד וויט קליר 50 מ""ל",טרופיקל דגיל תעשיות,DE,דאודורנט ניוואה,מיליליטרים,50.00,"100 מ""ל",false,0,13.90,27.80,true,1,
4005900036483,false,"ניוואה - דאודורנט ספריי לגבר שקוף בלק וווי 150 מ""ל",בטר אנד דיפרנט,DE,דאודורנט ניוואה,מיליליטרים,150.00,"100 מ""ל",false,0,15.90,10.60,true,1,
4005900036506,false,"ניוואה - דאודורנט רול און לגבר שקוף בלק 50 מ""ל",טרופיקל דגיל תעשיות,DE,דאודורנט ניוואה,מיליליטרים,50.00,"100 מ""ל",false,0,13.90,27.80,true,1,
4005900273482,false,שפתון ליובש כחול אוכמניות בליסטר לבלו,אלפא- ב.ד.ף בעמ,DE,שפתון לבלו,יחידה,1.00,יחידה,false,1,9.90,9.90,true,1,
4005900420220,false,"גל רחצה ניוואה פיור אימפקט לגבר 500 מ""ל",אלפא ב.ד.ף בעמ,DE,ניוואה ג'ל רחצה,מיליליטרים,500.00,"100 מ""ל",false,1,13.90,2.78,true,1,
4005900485243,false,"ניוואה - דאודורנט רול און לגבר דריי פרש 50 מ""ל",אלפא- ב.ד.ף בעמ,DE,דאודורנט ניוואה,מיליליטרים,50.00,"100 מ""ל",false,1,13.90,27.80,true,1,
4005900488459,false,"ניוואה - דאודורנט רול און לאישה דריי פרש 50 מ""ל",אלפא ב.ד.ף בעמ,DE,דאו.רול ניוואה,מיליליטרים,50.00,"100 מ""ל",false,1,13.90,27.80,true,1,
4005900494924,false,"ניוואה - דאודורנט ספריי לאישה דריי פרש אישה 150 מ""ל",אלפא ב.ד.ף בעמ,DE,דאודורנט ניוואה,מיליליטרים,150.00,"100 מ""ל",false,1,15.90,10.60,true,1,
4005900513069,false,"ניוואה - דאודורנט רול און לגבר דיפ 50 מ""ל",אלפא- ב.ד.ף בעמ,DE,ניוואה רול און ל,מיליליטרים,50.00,"100 מ""ל",false,1,13.90,27.80,true,1,
4005900521262,false,"ג'ל רחצה לגבר פיור אימפקט ניוואה 500 מ""ל",אלפא- ב.ד.ף בעמ,DE,ניוואה ג'ל רחצה,מיליליטרים,500.00,"100 מ""ל",false,1,13.90,2.78,true,1,
4005900542557,false,"ניוואה - דאודורנט רול און לאישה בלק אנד וויט 50 מ""ל",אלפא- ב.ד.ף בעמ,DE,דאודורנט ניוואה,מיליליטרים,50.00,"100 מ""ל",false,1,13.90,27.80,true,1,
4005900547316,false,"ניוואה - דאודורנט ספריי לאישה שקוף בלק וווי 150 מ""ל",בטר אנד דיפרנט,DE,דאודורנט ניוואה,מיליליטרים,150.00,"100 מ""ל",false,1,15.90,10.60,true,1,
4005900555915,false,"ניוואה - תחליב רחצה קוקוס וחוחובה 750 מ""ל",אלפא- ב.ד.ף בעמ,DE,תחליב רחצה,מיליליטרים,750.00,"100 מ""ל",false,1,16.90,2.25,false,1,
4005900639554,false,"ניוואה - דאודורנט רול און לאישה פרש נטורל לאישה ללא אלומיניום 50 מ""ל",ביירסדורף AG,DE,דאודורנט ניוואה,מיליליטרים,50.00,"100 מ""ל",false,1,13.90,27.80,true,1,
4005900683878,false,שפתון ליובש לבלו סקראב אלוה ורה בליסטר,אלפא- ב.ד.ף בעמ,DE,לבלו סקראב אלורה,יחידה,1.00,יחידה,false,1,9.90,9.90,true,1,
4005900816016,false,"ניוואה - דאודורנט ספריי לאישה פרש טבעי לאישה 150 מ""ל",טרופיקל דגיל תעשיות,DE,דאודורנט ניוואה,מיליליטרים,150.00,"100 מ""ל",false,0,15.90,10.60,true,1,
4005900828088,false,"ניוואה - דאודורנט רול און לגבר פרש 50 מ""ל",טרופיקל דגיל תעשיות,DE,דאודורנט ניוואה,מיליליטרים,50.00,"100 מ""ל",false,0,13.90,27.80,true,1,
4005900845702,false,"ניוואה - דאודורנט רול און לגבר קול קיק פרש 50 מ""ל",אלפא ב.ד.ף בעמ,DE,דאודורנט ניוואה,מיליליטרים,50.00,"100 מ""ל",false,1,13.90,27.80,true,1,
4005900978967,false,לבלו - וניל שפתון לחות מטפח מהדורת נסיכות דיסני,אלפא- ב.ד.ף בעמ,DE,לבלו אלזה,יחידה,1.00,יחידה,false,1,9.90,9.90,true,1,
4007745058804,false,נטורפוד מיונז אורגני 340 גרם,אף.סי תבליני בגליל ב,DE,מיונז אורגני,גרמים,340.00,100 גרם,false,0,24.90,7.32,true,1,
4007745058811,false,חרדל צרפתי חלק אורגני 200 גרם,נטורפוד בעמ,DE,חרדל אורגני,גרמים,200.00,100 גרם,false,0,13.90,6.95,true,1,
4007745058828,false,חרדל צרפתי גרגרים אורגני 200 גרם,נטורפוד בעמ,DE,חרדל גרגרים,גרמים,145.00,100 גרם,false,0,13.90,9.59,true,1,
4008600404286,false,נוק זוג מוצצים ספייס מיקי 0-6 חודשים אפו,פרומדיקו,DE,זוג מוצצי מיקי,יחידה,1.00,יחידה,false,1,29.90,29.90,true,1,
4009300522935,false,תה ירוק לימונית ולואיזה פומפדור 20 יחידות,"איטיליאן פוד, אס.פי.",DE,תה ירוק לואיזה,גרמים,30.00,100 גרם,false,0,17.90,59.67,true,1,
4009300522966,false,תה ירוק עם נענע פומפדור 20 יחידות,"איטיליאן פוד, אס.פי.",DE,תה ירוק נענע,גרמים,30.00,100 גרם,false,0,17.90,59.67,true,1,
4009300524625,false,תה צ'אי מסאלה פומפדור 20 יחידות,ש.שסטוביץ בעמ,DE,חליטת צ'אי מאסלה,גרמים,40.00,100 גרם,false,0,12.90,32.25,true,1,
4009300525684,false,חליטת צמחים פומפדור ג'ינג'ר ולימון 20 יחידות,ש. שסטוביץ בע`מ,DE,חליטת לימון,גרמים,35.00,100 גרם,false,0,12.90,36.86,true,1,
4009300527909,false,חליטת צמחים ג'ינג'ר כורכום ללא קפאין,ש. שסטוביץ בע`מ,DE,חליטת ג'ינג'ר,גרמים,80.00,100 גרם,false,1,12.90,16.13,true,1,
4009300529514,false,תה חליטת פומפדור פירות אוכמניות 20 יח,ש.שסטוביץ בעמ,DE,חליטת פירות,גרמים,45.00,100 גרם,false,1,15.90,35.33,true,1,
4009300529538,false,תה חליטת פומפדור פירות לימון 20 יח,ש.שסטוביץ בעמ,DE,חליטת פירות,גרמים,50.00,100 גרם,false,1,15.90,31.80,true,1,
4009300529576,false,תה חליטת פומפדור פירות רימונים 20 יח,ש.שסטוביץ בעמ,DE,חליטת רוימונים,גרמים,50.00,100 גרם,false,1,15.90,31.80,true,1,
4009300529651,false,"חליטת צמחים אורגניצת עם ג'ינג'ר, לימון וכורכום",פומפדור Pompadour,,חליטת פומפדור,יחידה,1.00,יחידה,false,0,20.90,20.90,true,1,
4009300595120,false,חליטת צמחים פומפדור ג'ינג'ר מנגו 20 יחידות,ש. שסטוביץ בע`מ,DE,חליטת ג'ינג'ר,יחידה,1.00,יחידה,false,1,12.90,12.90,true,1,
4009900013581,false,מסטיק אורביט סטיקס מארז חמישייה ללס בטע,"מרס ריגלי ישראל בע""מ",FR,מסטיק סטיקס,גרמים,65.00,100 גרם,false,0,9.90,15.23,true,1,
4009900385824,false,מסטיק אורביט פפרמינט סטיקס משפחתי-חמישיות,"מרס ריגלי ישראל בע""מ",FR,מסטיק סטיקס,גרמים,65.00,100 גרם,false,0,9.90,15.23,true,1,
4009900402965,false,אורביט וויט בטעם פירות בקבוקון 46מלבניות,"מרס ריגלי ישראל בע""מ",PL,אורביט בקבוקון,גרמים,64.00,100 גרם,false,0,10.00,15.63,true,1,
4009900403023,false,אורביט וויט בטעם מנטה בקבוקון 46 מלבניות,"מרס ריגלי ישראל בע""מ",PL,אורביט בקבוקון,גרמים,64.00,100 גרם,false,0,10.00,15.63,true,1,
4009900420129,false,מסטיק אורביט פרופשנל פפרמינט בקבוקון 64 גר',"מרס ריגלי ישראל בע""מ",PL,אורביט פפרמינט,גרמים,64.00,100 גרם,false,1,10.00,15.63,true,1,
4009900455299,false,"סוכרית ג'לי אדומה 174 גרם ""סקיטלס""","מרס ריגלי ישראל בע""מ",CZ,סוכריות סקיטלס,גרמים,174.00,100 גרם,false,0,8.80,5.06,true,1,
4009900479998,false,אורביט וויט אוכמניות בקבוקון 46 מלבניות,"מרס ריגלי ישראל בע""מ",PL,אורביט בקבוקון,גרמים,64.00,100 גרם,false,0,10.00,15.63,true,1,
4009900482417,false,מסטיק אורביט פירות מנטה בקבוקון באבל מינט 45יח,"מרס ריגלי ישראל בע""מ",PL,אורביט באבל מינט,גרמים,64.00,100 גרם,false,0,10.00,15.63,true,1,
4009900483803,false,מסטיק איירובס מנטה אקליפטוס בקבוקון 60יח',"מרס ריגלי ישראל בע""מ",PL,מסטיק איירוויבז,גרמים,84.00,100 גרם,false,1,13.50,16.07,true,1,
4009900484060,false,מסטיק אורביט פרופשיונל בטעם מנטה ללא סוכר,מרס ריגלי ישראל בעמ,PL,אורביט בקבוק,גרמים,84.00,100 גרם,false,0,13.50,16.07,true,1,
4009900484091,false,מסטיק אורביט פרופשיונל בטעם מנטה ללא סוכר,"מרס ריגלי ישראל בע""מ",PL,אורביט בקבוק,גרמים,84.00,100 גרם,false,0,13.50,16.07,true,1,
4009900484305,false,מסטיק אורביט פרופשיונל סוויטמינט ביגי לבן 60יח',"מרס ריגלי ישראל בע""מ",GB,אורביט בקבוק,גרמים,84.00,100 גרם,false,0,13.50,16.07,true,1,
4009900487283,false,מסטיק אורביט סטיקס מארז חמישייה ללס בטע,"מרס ריגלי ישראל בע""מ",FR,מסטיק סטיקס,גרמים,65.00,100 גרם,false,0,9.90,15.23,true,1,
4009900491044,false,מסטיק אירוויבז בטעם מנטה אוכמניות ללס,מרס ריגלי ישראל בעמ,PL,מסטיק איירוויבז,גרמים,84.00,100 גרם,false,1,13.50,16.07,true,1,
4009900496247,false,"מסטיק אורביט לל""ס מלבניות בקבוק בבלימנט 60 יח",מרס ריגלי ישראל בעמ,PL,אורביט בקבוק,גרמים,84.00,100 גרם,false,1,13.50,16.07,true,1,
4009900509770,false,מסטיק אורביט בטעם תות ללס אריזה מוגדלת,מרס ריגלי ישראל בעמ,GB,אורביט בקבוק,גרמים,84.00,100 גרם,false,1,13.50,16.07,true,1,
4009900531122,false,"מסטיק בטעם מנטה ספירמינט, 64 ג' פרופשיונל אורפיט","מרס ריגלי ישראל בע""מ",PL,אורביט ספירמינט,גרמים,64.00,100 גרם,false,1,10.00,15.63,true,1,
4009900534611,false,מסטיק איירוויבז בקבוקון בטעם מלון ומנטה,מרס ריגלי ישראל בעמ,IL,מסטיק אייוויבז,גרמים,64.00,100 גרם,false,1,10.90,17.03,true,1,
4009900535519,false,מסטיק אורביט רפרשרס ספירמינט ללא סוכר 15.6גר',"מרס ריגלי ישראל בע""מ",PL,אורביט רפרשרס,גרמים,15.00,100 גרם,false,1,3.90,26.00,true,1,
4009900535540,false,מסטיק אורביט רפרשרס פפרמינט ללא סוכר 15.6גר',"מרס ריגלי ישראל בע""מ",PL,מסטיק אורביט,גרמים,15.00,100 גרם,false,1,3.90,26.00,true,1,
4009900535823,false,מסטיק אורביט רפרשרס באבלמינט ללא סוכר 15.6גר',"מרס ריגלי ישראל בע""מ",PL,מסטיק אורביט,גרמים,15.00,100 גרם,false,1,3.90,26.00,true,1,
4009900536257,false,מסטיק אורביט רפרשרס ספירמינט בקבוקון ללא סוכר 67 גר',מרס ריגלי קונפקשונרי,PL,אורביט רפרשרס,גרמים,67.00,100 גרם,false,1,11.90,17.76,true,1,
4009900536288,false,מסטיק אורביט רפרשרס פפרמינט בקבוקון ללא סוכר 67 גר',מרס ריגלי קונפקשונרי,PL,אורביט רפרשרס,גרמים,67.00,100 גרם,false,1,11.90,17.76,true,1,
4009900539340,false,סוכריות ג`יינט פירות סקיטלס סאוור (141 ג,מרס ריגלי קונפקשונרי,CZ,סוכריות סקיטלס,גרמים,141.00,100 גרם,false,1,8.80,6.24,true,1,
4009900539746,false,"מסטיק פייב באונס בטעם אבטיח בקבוקון, 61.8 גרם",מרס ריגלי ישראל בעמ,PL,מסטיק פייב,גרמים,61.00,100 גרם,false,1,11.90,19.51,true,1,
4009900540551,false,מסטיק אורביט רפרשרס טרופיקל בקבוקון ללא סוכר,מרס ריגלי ישראל בעמ,PL,אורביט רפרשרס,גרמים,67.00,100 גרם,false,1,11.90,17.76,true,1,
4011100001220,false,מרס חטיף שוקולד עם קרמל מארז 403 גרם,לינדט ושפרונגלי קילשברג,NL,מיני מרס שקית,גרמים,403.00,100 גרם,false,0,19.90,4.93,true,1,
4011100002227,false,באונטי חטיף שוקולד קוקוס מארז 403 גרם,לינדט ושפרונגלי קילשברג,NL,מיני באונטי,גרמים,403.00,100 גרם,false,0,19.90,4.93,true,1,
4011800528416,false,קורני חטיף דגנים עם בוטנים מתוק-מלוח*6,משה סידס ובנו בעמ,DE,חטיפי קורני 6 יח,גרמים,150.00,100 גרם,false,1,11.90,7.93,true,1,
4011800567613,false,מאגדת קורני מילק דרק & ואיט 120 גרם,מיוצר עי קונדיטוריית,DE,קורני סנדוויץ,גרמים,120.00,100 גרם,false,0,12.90,10.75,true,1,
4011800628512,false,חטיף קורני שוקולד חלב 6 יח 150 גר,מיוצר עי קונדיטוריית,DE,קורני חטיף דגנים,גרמים,150.00,100 גרם,false,0,11.90,7.93,true,1,
4011800630515,false,חטיף קורני שוקולד חלב ובננה 6 יח 150 גר,מיוצר עי קונדיטוריית,DE,קורני חטיף דגנים,גרמים,150.00,100 גרם,false,0,11.90,7.93,true,1,
4011800632519,false,חטיף קורני שישייה שוקולד חלבי וקוקוס,מיוצר עי קונדיטוריית,DE,קורני חטיף דגנים,גרמים,150.00,100 גרם,false,0,11.90,7.93,true,1,
4011800633516,false,קורני בציפוי שוקולד מריר מעולה 6*23,משה סידס ובנו בעמ,DE,קורני חטיף דגנים,גרמים,138.00,100 גרם,false,0,11.90,8.62,true,1,
4011800636517,false,קורני פרי שוקולד חלב מעולה ללא סוכר 6*1,מיוצר עי קונדיטוריית,DE,קורני חטיף דגנים,גרמים,120.00,100 גרם,false,0,11.90,9.92,true,1,
4014400901191,false,בונבונריית מרסי מבחר ממתקי שוקולד 250 גרם,ליימן שליסל בע`מ,DE,בונבוניירת מרסי,גרמים,250.00,100 גרם,false,0,25.90,10.36,true,1,
4014400903409,false,בונבוניירה שוקולד אגוזים טופיפי 250 גרם,קריניציה ויטמינה אס,DE,בונבונ. טופיפי,גרמים,250.00,100 גרם,false,0,24.90,9.96,true,1,
4014400904277,false,סוכריות בטעם מנטה אייס פרש סטורק 425 גרם,ליימן שליסל בע`מ,DE,סוכריות אייס פרש,גרמים,425.00,100 גרם,false,0,15.90,3.74,true,1,
4014400904376,false,סוכריות טופי בטעם שוקולד סטורק 325 גרם,קריניציה ויטמינה אס,DE,סוכריות שטורק,גרמים,325.00,100 גרם,false,0,15.90,4.89,true,1,
4014400904390,false,סוכריות טופי ממולא חלב סטורק 325 גרם,קריניציה ויטמינה אס,DE,סוכר.ממולאות,גרמים,325.00,100 גרם,false,0,15.90,4.89,true,1,
4014400907902,false,"וורטרס אורגינל סוכריות חמאה ללא סוכר בקופסה
42 גרם",ליימן שליסל בע`מ,DE,סוכריות וורטר,גרמים,42.00,100 גרם,false,0,6.20,14.76,true,1,
4014400910063,false,סוכריות חמאה וורטרס אורגינל (135 גרם),ליימן שליסל בע`מ,DE,סוכריות וורטר,גרמים,135.00,100 גרם,false,0,8.00,5.93,true,1,
4014400914696,false,וורטרס אורגינל סוכריות ללא סוכר 80 גרם,ליימן שליסל בע`מ,DE,סוכריות וורטר,גרמים,80.00,100 גרם,false,0,8.00,10.00,true,1,
4014400914924,false,"סוכריות בטעם קפה וורטר אורגינל לל""ס 80 גרם",קריניציה ויטמינה אס,DE,סוכריות וורטר,גרמים,80.00,100 גרם,false,0,8.00,10.00,true,1,
4014400920857,false,וורטר אורגינל ללא סוכר בטעם שוקולד-שקית 70 גרם,קריניציה ויטמינה אס,DE,סוכריות וורטר,גרמים,70.00,100 גרם,false,1,8.00,11.43,true,1,
4014400923711,false,בונבוניירה שוקולד אגוזים טופיפי 125 גרם,ליימן שליסל בע`מ,DE,טופיפי,גרמים,125.00,100 גרם,false,1,12.50,10.00,true,1,
4014400925319,false,וורטרס אורגינל פופקורן קרמל 140 גרם,ליימן שליסל בע`מ,DE,ממתק קרמל ורטר,גרמים,140.00,100 גרם,false,1,15.90,11.36,true,1,
4014522120302,false,בודטה סוכריות בטעם מנטה ללא סוכר 100 גרם,,DE,סוכריות טעם מנטה,גרמים,100.00,100 גרם,false,1,10.90,10.90,true,1,
4015000031394,false,"ספטיל - משחה להסרת כתמים 200 מ""ל",גורי שיווק בעמ,HU,ספטיל מסיר כתמים,מיליליטרים,200.00,"100 מ""ל",false,0,16.80,8.40,true,1,
4015000995122,false,"דאודורנט פה ספריי כח המשיכה 200 מ""ל",שוורצקופף והנקל,DE,דאודורנט פה,מיליליטרים,200.00,"100 מ""ל",false,0,9.90,4.95,true,1,
4015100190786,false,גליס מסכת סרום לשיקום עמוק עם קרטין,שוורצקופף והנקל,SK,מסכת גליס,מיליליטרים,300.00,"100 מ""ל",false,1,21.90,7.30,true,1,
4015100325294,false,פלטה דלוקס קיט 4-65 חום מהפנט,שוורצקופף & הנקל דיסלדור,DE,צבע שיער פלטה,יחידה,1.00,יחידה,false,1,30.00,30.00,true,1,
4015400564034,false,מגן תחתון אולוויז מגה פק לונג פלוס 58 יחידות,דיפלומט מפיצים (1986) בע`מ,DE,מגן תחתון אולויז,יחידה,1.00,יחידה,false,0,19.90,19.90,true,1,
4015400564454,false,מגני תחתון אולוויז לארג' עם ניחוח מגה פק,דיפלומט מפיצים (1986) בע`מ,DE,מגן תחתון אולויז,יחידה,1.00,יחידה,false,0,19.90,19.90,true,1,
4015400598329,false,תחבושות אולוויז קוואטרו נורמל פלוס 56 יחידות,דיפלומט מפיצים (1968) בעמ,UA,תחבושות אולוויז,יחידה,1.00,יחידה,false,0,32.90,32.90,true,1,
4015400598381,false,תחבושות היגייניות אולטרה לונג - מארז קוואטרו 48 יח',דיפלומט מפיצים (1968) בעמ,UA,תחבושות אולוויז,יחידה,1.00,יחידה,false,0,32.90,32.90,true,1,
4015400598411,false,תחבושות היגייניות יום ולילה Day & Night - מארז 40 יח',דיפלומט מפיצים (1968) בעמ,UA,תחבושות אולוויז,יחידה,1.00,יחידה,false,0,32.90,32.90,true,1,
4015400681670,false,תחבושות אולוויז וליו פק לילה בטוח 18 יחידות,דיפלומט מפיצים (1986) בע`מ,UA,תחבושות אולוייז,יחידה,1.00,יחידה,false,0,19.90,19.90,true,1,
4015400690313,false,טמפונים פרל רגולר טמפקס קומפאק 18 יח,דיפלומט מפיצים (1968) בעמ,HU,טמפקס,יחידה,1.00,יחידה,false,1,20.90,20.90,true,1,
4015400695677,false,פמפרס בייבי דריי מידה 4+ 80 יח,פרוקטר & גמבל,TR,פמפרס אריזת ענק,יחידה,1.00,יחידה,false,1,71.50,71.50,true,1,
4015400731719,false,תחבושות היגייניות אולוויז יום ולילה Day & Night,דיפלומט מפיצים (1986) בע`מ,UA,תחבושות אולוייז,יחידה,1.00,יחידה,false,1,19.90,19.90,true,1,
4015400746812,false,מגני תחתון אולוויז נורמל עם ניחוח מגה פק,דיפלומט מפיצים (1986) בע`מ,UA,מגן תחתון אולויז,יחידה,1.00,יחידה,false,1,19.90,19.90,true,1,
4015400755241,false,תחבושות היגייניות אולוויז אולטרה נורמל - 28 יח',דיפלומט מפיצים (1986) בע`מ,UA,תחבושות אולוייז,יחידה,1.00,יחידה,false,1,19.90,19.90,true,1,
4015400755487,false,תחבושות היגייניות אולוויז אולטרה לונג - 24 יח',דיפלומט מפיצים (1986) בע`מ,UA,תחבושות אולוייז,יחידה,1.00,יחידה,false,1,19.90,19.90,true,1,
4015400824749,false,טמפונים טמפקס פלאש סופר פלוס 30 יחידות,דיפלומט מפיצים (1968) בעמ,HU,טמפקס פלאש,יחידה,1.00,יחידה,false,0,27.90,27.90,true,1,
4015600763251,false,"הד שולדרס שמפו קלאסי 600מ""ל",דיפלומט מפיצים (1968) בעמ,RO,שמפו הד&שולדרס,מיליליטרים,600.00,"100 מ""ל",false,0,18.90,3.15,true,1,
4015600763299,false,"הד שולדרס שמפו קלאסי 2ב1 600מ""ל",דיפלומט מפיצים (1968) בעמ,RO,שמפו הד&שולדרס,מיליליטרים,600.00,"100 מ""ל",false,0,18.90,3.15,true,1,
4015600763411,false,"הד שולדרס שמפו מנטול 600מ""ל",דיפלומט מפיצים (1968) בעמ,RO,שמפו הד&שולדרס,מיליליטרים,600.00,"100 מ""ל",false,0,18.90,3.15,true,1,
4015600763459,false,"הד שולדרס שמפו תפוח 600מ""ל",דיפלומט מפיצים (1968) בעמ,RO,שמפו הד&שולדרס,מיליליטרים,600.00,"100 מ""ל",false,0,18.90,3.15,true,1,
4015600763534,false,"הד שולדרס שמפו מגע משי 600מ""ל",דיפלומט מפיצים (1968) בעמ,RO,שמפו הד&שולדרס,מיליליטרים,600.00,"100 מ""ל",false,0,18.90,3.15,true,1,
4015600807436,false,"ג'ילט - דאודורנט ג'ל לגבר כדוריות קול וויב 75 מ""ל",פארמה דיל (פ.א.ב.) שיווק והפצה,PL,דאודורנט ג'ל,מיליליטרים,75.00,"100 מ""ל",false,0,24.90,33.20,true,1,
4015600807573,false,"ג'ילט - דאודורנט ג'ל לגבר כדוריות פאוור ראש 75 מ""ל",פארמה דיל (פ.א.ב.) שיווק והפצה,US,דאודורנט ג'ל,מיליליטרים,75.00,"100 מ""ל",false,0,24.90,33.20,true,1,
4015600810849,false,גילט דאו קליר גל 70 מל פאוור ראש,פרוקטר אנד גמבל,PL,דאודורנט קליר,מיליליטרים,70.00,"100 מ""ל",false,0,15.90,22.71,true,1,
4017100198151,false,בלזן היט ביסקוויט עם מלית קרם בטעם וניל (41%) 220 גרם,הדקלאים אגודת שיתופי,PL,עוגיות סנדוויץ,גרמים,220.00,100 גרם,false,1,8.90,4.05,true,1,
4017100219900,false,בלזן וופלטן וופל מגולגל מצופה שוקולד חלב 100 גרם,הדקלאים אגודת שיתופי,DE,בלזן וופלטן,גרמים,100.00,100 גרם,false,0,11.50,11.50,true,1,
4017100364112,false,בלזן היט בסקוויט סנדביץ עם מלית קרם בטעם שוקולד קקאו (41%) 220 גרם,הדקלאים אגודת שיתופי,PL,עוגיות סנדוויץ,גרמים,220.00,100 גרם,false,1,8.90,4.05,true,1,
4018344564610,false,פילה הרינג ברוטב עגבניות לארסן 200 גרם,,LV,פילה הרינג ברוטב,גרמים,200.00,100 גרם,false,1,10.90,5.45,true,1,
4022025261002,false,"בלו ווין גוורצטרמינר כשר 750 מ""ל",היכל היין שקד גולן בעמ,DE,בלו ווין,מיליליטרים,750.00,"100 מ""ל",false,1,49.90,6.65,true,1,
4022025290408,false,יין בלו ווין פינק רוזה כשר 750 מל,היכל היין שקד גולן בעמ,DE,בלו ווין,מיליליטרים,750.00,"100 מ""ל",false,1,49.90,6.65,true,1,
4025700001962,false,מילקה טבלה 100 גר' לבן 1/22 (4248023),דיפלומט מפיצים (1968) בעמ**,UA,שוקולד לבן,גרמים,100.00,100 גרם,false,1,6.90,6.90,true,1,
4032900111292,false,סיגריות ווינסטון קומפקט כחול,גלוברנדס גרופ בעמ,UA,וינסטון קומפקט,יחידה,1.00,יחידה,false,1,28.50,28.50,false,1,
4032900124254,false,ווינסטון קומפלקט ברי PP חפיסה,גלוברנדס גרופ בעמ,RO,וינסטון קומפ.ברי,יחידה,1.00,יחידה,false,1,28.50,28.50,false,1,
4033100013348,false,סיגריות אל די כחול ארוך בודד,גלוברנדס בעמ - שיווק סיגריות,TR,אל די ארוך,יחידה,1.00,יחידה,false,0,28.00,28.00,false,1,
4033100013355,false,אל.די בלו ארוך פאקט,גלוברנדס בעמ - שיווק סיגריות,TR,אל די ארוך,יחידה,1.00,יחידה,false,0,264.00,264.00,false,1,
4033100014499,false,סיגריות אל די כחול בודד,גלוברנדס בעמ - שיווק סיגריות,TR,אל די כחול,יחידה,1.00,יחידה,false,0,28.00,28.00,false,1,
4033100014529,false,סיגריות אל די סלים בודד,גלוברנדס בעמ - שיווק סיגריות,TR,אל די סלימס,יחידה,1.00,יחידה,false,0,26.00,26.00,false,1,
4033100024252,false,סיגריות ווינסטון אקווה בודד,גלוברנדס בעמ - שיווק סיגריות,CH,ווינסטון אקווה,יחידה,1.00,יחידה,false,0,31.00,31.00,false,1,
4033634030071,false,קרקר כוסמין קינואה110ג,,DE,חטיף קרקר כוסמין,גרמים,110.00,100 גרם,false,1,11.90,10.82,true,1,
4033634030095,false,חטיף קרקר ציה אמרנט110ג,,DE,חטיף קרקר ציה,גרמים,110.00,100 גרם,false,1,11.90,10.82,true,1,
4033634066001,false,קרקר 3 זרעים אורגני 200ג,"ד""ר קראוס קארג",DE,קרקר 3 זרעים,גרמים,200.00,100 גרם,false,1,15.90,7.95,true,1,
4033634066070,false,לחם אורגני קמח כוסמין200,"ד""ר קראוס קארג",DE,קרקר קמח כוסמין,גרמים,200.00,100 גרם,false,1,15.90,7.95,true,1,
4033634066094,false,קרקר כוסמין מוזלי200,,DE,קרקרכוסמין מוזלי,גרמים,200.00,100 גרם,false,1,15.90,7.95,true,1,
4033634066209,false,קרקר ציה שיב.שועל200,"ד""ר קראוס קארג",DE,קרקר שיבולת שועל,גרמים,200.00,100 גרם,false,1,15.90,7.95,true,1,
4045787068221,false,"אינדולה - פרוטאין צבע 1 שחור 60 מ""ל",שוורצקופף והנקל,DE,פרוטאין קולור,יחידה,1.00,יחידה,false,0,17.90,17.90,true,1,
4045787068238,false,צבע לשיער פרוטאין קולור- 10 בלונד בהיר מאוד,שוורצקופף והנקל,DE,פרוטאין קולור,יחידה,1.00,יחידה,false,0,17.90,17.90,true,1,
4052197000017,false,"בירה בנדיקטינר חיטה לא מסוננת 500 מ""ל",בנדיקטינר וויצבראו,DE,בירה בנדיקטינר,מיליליטרים,500.00,"100 מ""ל",false,0,10.90,2.18,true,1,
4052197002806,false,"מארז בירה בנדיקטינר 4*500 מ""ל פחית",בנדיקטינר וויצבראו,DE,בירה בנדיקטינר,ליטרים,2.00,ליטר,false,1,29.90,14.95,true,1,
4056800649792,false,"וולה - פלקס מוס לנפח ליומיים 200 מ""ל",דיפלומט מפיצים (1968) בעמ,FR,וולהפלקס מוס,מיליליטרים,200.00,"100 מ""ל",false,1,25.90,12.95,true,1,
4056800762934,false,צבע לשיער קולסטון מיני קיט שחור 2/0,HFC פרסטיג',DE,קולסטון מיני קיט,יחידה,1.00,יחידה,false,1,14.90,14.90,true,1,
4056800912483,false,"וולה - פלקס מוס למראה שיער מלא 200 מ""ל",דיפלומט מפיצים (1968) בעמ,FR,וולה פלקס מוס,מיליליטרים,200.00,"100 מ""ל",false,1,25.90,12.95,true,1,
4056800943791,false,קרם חמצן וולוקסון Welloxon 9%,דיפלומט מפיצים (1986) בע`מ,FR,חמצן וולה9%,מיליליטרים,60.00,"100 מ""ל",false,0,3.90,6.50,true,1,
4056800956869,false,"שוקוויבס וקס לפיסול שיער קלין קאט, 75 מ""ל",דיפלומט,FR,וקס לפיסול שיער,מיליליטרים,75.00,"100 מ""ל",false,1,34.90,46.53,true,1,
4056800980444,false,צבע לשיער קולסטון מיני קיט סגול 3/66,HFC פרסטיג',DE,קולסטון מיני קיט,יחידה,1.00,יחידה,false,1,14.90,14.90,true,1,
4061445096689,false,קפה דוידוף מגורען 100 גר ESPRESSO 57,"טשיבו, אספי.זד.או.או",PL,קפה נמס אספרסו,גרמים,100.00,100 גרם,false,1,21.90,21.90,true,1,
4061445096726,false,קפה דוידוף מגורען 100 גר RICH AROMA,"טשיבו, אספי.זד.או.או",PL,קפה נמס דוידוף,גרמים,100.00,100 גרם,false,1,21.90,21.90,true,1,
4066600999614,false,"בירה פאולנר, בירת חיטה מעוננת, בקבוק 500 מ""ל",טמפו משקאות בע`מ,DE,בירה פאולנר חיטה,מיליליטרים,500.00,"100 מ""ל",false,1,11.90,2.38,true,1,
4084500065536,false,פנטן קרם לחות מוגברת לעיצוב השיער 300 מ,דיפלומט מפיצים (1968) בעמ,FR,קרם לשיער פנטן,מיליליטרים,300.00,"100 מ""ל",false,0,17.90,5.97,true,1,
4084500065598,false,"קרם לחות פנטן לתלתלים מושלמים 300 מ""ל",דיפלומט מפיצים (1968) בעמ,FR,קרם לשיער פנטן,מיליליטרים,300.00,"100 מ""ל",false,0,17.90,5.97,true,1,
4084500088917,false,נוזל לניקוי כלים לימון פיירי (650 מל),דיפלומט מפיצים (1986) בע`מ,GB,פיירי נוזל לכלים,מיליליטרים,650.00,"100 מ""ל",false,0,10.90,1.68,true,1,
4084500739253,false,"אוראל בי משחת שיניים- להלבנה לובן מהודר 75 מ""ל",דיפלומט מפיצים (1968) בעמ,DE,משחת אורל בי,מיליליטרים,75.00,"100 מ""ל",false,1,20.90,27.87,true,1,
4084500853836,false,"נוזל כלים פיירי ורדים ומשי 515 מ""ל בד""צ",דיפלומט מפיצים (1986) בע`מ,GB,פיירי נוזל לכלים,מיליליטרים,515.00,"100 מ""ל",false,1,10.90,2.12,true,1,
4101730004392,false,בונ.מוצרט שוקיס קלאסי100,רבר,DE,מוצרט שוקיס,גרמים,100.00,100 גרם,false,1,16.90,16.90,true,1,
4105120623941,false,"בירה ויינשטפן בק' ח""פ 500 מ""ל",החברה המרכזית להפצת משקאות בעמ,DE,בירה ויינשטפן,מיליליטרים,500.00,"100 מ""ל",false,1,11.90,2.38,true,1,
4105120624412,false,"ויינשטפן ויטוס בק`ח""פ 500 מ""ל",החברה המרכזית להפצת משקאות בעמ,DE,בירה ויישטפן,מיליליטרים,500.00,"100 מ""ל",false,1,11.90,2.38,true,1,
4210201262183,false,מברשת שיניים חשמלית ויטליטי Vitality נטענת,דיפלומט מפיצים (1968) בעמ,DE,מברשת נטענת,יחידה,1.00,יחידה,false,1,81.90,81.90,true,1,
4210201403319,false,אורל בי מברשת חשמלית נטענת ויטליטי פחם,דיפלומט מפיצים (1968) בעמ,DE,מברשת נטענת,יחידה,1.00,יחידה,false,1,81.90,81.90,true,1,
4260334140049,false,שוקולד גנדויה טבעוני עם אגוזי לוז 65 גר,וגו גוד,IT,שוקולד טבעוני,גרמים,65.00,100 גרם,false,1,12.50,19.23,true,1,
4260334140605,false,שוקולד ג'נדויה טבעוני עם אגוזי לוז שלמים 150 גרם ללא גלוטן,האי נאם סי או אל.טי.,IT,שוקולד טבעוני,גרמים,150.00,100 גרם,false,1,19.50,13.00,true,1,
4600659010854,false,וודקה סטוליצ`יניה (700 מל),הכרם -משקאות חריפים בע`מ,LV,וודקה סטוליצ'ניה,מיליליטרים,700.00,"100 מ""ל",false,0,59.90,8.56,true,1,
4607001779650,false,קפה נמס ג'קובס גולד 190ג,,RU,קפה נמס ג'קובס,גרמים,190.00,100 גרם,false,1,24.50,12.89,true,1,
4640018993398,false,פיניש קוואנטום 60 יח' קפסולות ג'ל למדיח כלים,רקיט בנקיזר (ניר איסט) בעמ,PL,פיניש קוואנטום,יחידה,1.00,יחידה,false,1,54.90,54.90,true,1,
4710068001692,false,מאסטר קפה בטעם לאטה בפחית 240מ`ל,תאיט מרקטינג אנד דיסטריב,TW,מאסטר קפה,מיליליטרים,240.00,"100 מ""ל",false,0,7.90,3.29,true,1,
4710068001739,false,מאסטר קפה בטעם קולומביאני בפחית 240מ`ל,יוני פרזינדנט אנטרפר,TW,מאסטר קפה,מיליליטרים,240.00,"100 מ""ל",false,0,7.90,3.29,true,1,
4710964104916,false,"שמן שומשום טהור 370 מ""ל (כ)",מזרח ומערב יבוא ושיווק,TW,שמן שומשום,מיליליטרים,370.00,"100 מ""ל",false,0,20.90,5.65,true,1,
4711476002813,false,"קפה קר פיפו למוקצינו 240 מ""ל זכוכית",,TW,קפה מוקוצ'ינו,מיליליטרים,240.00,"100 מ""ל",false,1,8.90,3.71,true,1,
4750012026852,false,דיווה קוסמופוליטן שיכר פרי יער 750 מל,בלזם,,דיווה פרי יער,יחידה,1.00,יחידה,false,0,22.60,22.60,true,1,
4751007730938,false,שיפרוטים מעושנים בשמן צמחי 240 גר`,דברים טובים סגל בעמ,LV,שפרוטים מעושנים,גרמים,240.00,100 גרם,false,1,11.60,4.83,true,1,
4751007732666,false,פילה סלומון ברוטב עגבניות פיקנטי 170 גר,KARAVELLA,LV,פילה סלמון ברוטב,גרמים,170.00,100 גרם,false,1,11.90,7.00,true,1,
4751007733212,false,פילה סלומון ברוטב חרדל 170 גר,KARAVELLA,LV,פילה סלמון ברוטב,גרמים,170.00,100 גרם,false,1,11.90,7.00,true,1,
4751007733229,false,פילה סלומון ברוטב עגבניות 170 גר,KARAVELLA,LV,פילה סלמון ברוטב,גרמים,170.00,100 גרם,false,1,11.90,7.00,true,1,
4751007733991,false,פילה סלומון מיץ טבעי 170 גר,KARAVELLA,LV,סלמון במיץ טבעי,גרמים,200.00,100 גרם,false,1,11.90,5.95,true,1,
4751007738095,false,סלט סלמון וירקות מקסיקני לארסן 220 גרם,ס.י.א קרבלה,LV,דג סלמון+ירקות,גרמים,220.00,100 גרם,false,1,11.90,5.41,true,1,
4751007738101,false,סלט סלמון וירקות איטלקי לארסן 220 גרם,ס.י.א קרבלה,LV,דג סלמון+ירקות,גרמים,220.00,100 גרם,false,1,11.90,5.41,true,1,
4770577229062,false,סלק אדום מבושל אורגני500,.,LT,סלק אדום אורגני,גרמים,500.00,100 גרם,false,1,9.90,1.98,true,1,
4792032060454,false,"גרין קוקו - מי קוקוס אורגניים 330 מ""ל",נטורפוד בעמ,VN,מי קוקוס אורגני,מיליליטרים,330.00,"100 מ""ל",false,1,9.40,2.85,true,1,
4792059022053,false,קרם קוקוס אורגני 400 מ`ל,סי בי אל נטורל פודס,LK,קרם קוקוס,מיליליטרים,400.00,"100 מ""ל",false,1,12.80,3.20,true,1,
4800888150080,false,"דאב - דאודורנט רול און לאישה פרש טאצ' מלפפונים 50 מ""ל",יוניליוור ישראל שיווק בע`מ,PH,דאודורנט דאב,מיליליטרים,50.00,"100 מ""ל",false,0,14.90,29.80,true,1,
4800888209368,false,רקסונה - דאודורנט סטיק לגבר אקסטרא קול 50 גרם,"יוניליוור ישראלשיווק בע""מ",PH,דאודורנט רקסונה,גרמים,50.00,100 גרם,false,1,13.90,27.80,true,1,
4800888219510,false,דאב - דאודורנט סטיק לאישה פרש מלפפונים 50 גרם,"יוניליוור ישראל שיווק בע""מ",PH,דאודורנט דאב,גרמים,50.00,100 גרם,false,1,14.90,29.80,true,1,
4800888219534,false,דאב - דאודורנט סטיק לאישה אנטי פרספירמט 50 גרם,יוניליוור ישראל שיווק בע`מ,PH,דאו.דאב,מיליליטרים,50.00,"100 מ""ל",false,1,14.90,29.80,true,1,
4820060254153,false,"וודקה בלגוף 700 מ""ל DOUBLE ESPRESSO","אימיג' הולדינג בע""מ",UA,וודקה בלגוף,מיליליטרים,700.00,"100 מ""ל",false,1,49.90,7.13,true,1,
4820097898016,false,סיידר הפס דובדבן 330*4מל,בוורז' פלאס,UA,סיידר דובדבן 4יח,ליטרים,1.32,ליטר,false,1,24.90,18.87,true,1,
4860112620048,false,"מיץ רימונים טבעי 300מ""ל",,GE,מיץ רימונים טבעי,מיליליטרים,300.00,"100 מ""ל",false,1,13.50,4.50,true,1,
4860112621014,false,"מיץ סלק ותפו""ע טבעי300מל",,GE,"מיץ סלק ותפו""ע",גרמים,300.00,100 גרם,false,1,13.50,4.50,true,1,
4860112621021,false,"מיץ גזר סגול ותפו""ע טבעי",,GE,מיץ גזר סגול,גרמים,300.00,100 גרם,false,1,13.50,4.50,true,1,
4891228308032,false,שיק סכינים גילוח אינטואישן ידית + 5,ארץ ייצור סכינים: ארהבn\,US,שיק אינטואישן5+ס,יחידה,1.00,יחידה,false,1,59.90,59.90,true,1,
4891228309268,false,"טאצ' אפ מעצב גבות מקצועי, 3 יחידות",ש.שסטוביץ בעמ,US,שיק סכיני סילק ט,יחידה,1.00,יחידה,false,1,19.90,19.90,true,1,
4891228430061,false,סכיני גילוח שיק אקזקטה 2 לנשים ורוד 10 יח',הנסיך- מפעל לייצור ט,CN,סכיני גילוח 10יח,יחידה,1.00,יחידה,false,0,24.90,24.90,true,1,
4891228430092,false,סכיני גילוח שיק אקסטרים קומפורט לנשים 3 להבים 4 יחידות,אנרג'יזר Energizer,CN,סכיני גילוח,יחידה,1.00,יחידה,false,0,16.90,16.90,true,1,
4903001904192,false,"רוטב סויה יאמאסה פרימיום 500מ""ל",הדקלאים אגודת שיתופי,JP,רוטב סויה יאמאסה,מיליליטרים,500.00,"100 מ""ל",false,0,17.90,3.58,true,1,
4903001925784,false,"רוטב סויה יאמאסה דל מלח 500מ""ל פרימיום",הדקלאים אגודת שיתופי,JP,רוטב סויה,מיליליטרים,500.00,"100 מ""ל",false,0,17.90,3.58,true,1,
4903001930993,false,"רוטב טריאקי יאמאסה 500 מ""ל",ליימן שליסל בע`מ,JP,רוטב טריאקי,מיליליטרים,500.00,"100 מ""ל",false,1,17.90,3.58,true,1,
4903001945706,false,"רוטב יאמאסה פונזו לתיבול 500 מ""ל",ליימן שליסל,CN,רוטב פונזו,מיליליטרים,500.00,"100 מ""ל",false,1,21.90,4.38,true,1,
5000054351900,false,פריסקיס דגי אוקינוס וטונה 156גר`,קבוצת אוסם סחר-שות.מוגבלת,US,פריסקיז פטה דג,גרמים,156.00,100 גרם,false,1,6.50,4.17,true,1,
5000054353300,false,פריסקיז פטה סלומון 156גר`,קבוצת אוסם סחר-שות.מוגבלת,US,פריסקיז פטה,גרמים,156.00,100 גרם,false,1,6.50,4.17,true,1,
5000054355700,false,פריסקיז פטה הודו 156 גרם,שחורי אריה ואנסטסיה,US,פריסקיז פטה הודו,גרמים,156.00,100 גרם,false,1,6.50,4.17,true,1,
5000054357100,false,פריסקיז פטה מיקס גריל 156 גרם,קבוצת אוסם סחר-שות.מוגבלת,US,פריסקיז פטה מיקס,גרמים,156.00,100 גרם,false,1,6.50,4.17,true,1,
5000054359500,false,פריסקיז פטה כבד ועוף 156גרם,קבוצת אוסם סחר-שות.מוגבלת,US,פריסקיז כבד ועוף,גרמים,156.00,100 גרם,false,1,6.50,4.17,true,1,
5000146048671,false,סילבו מטליות לניקוי והברקה 75גר,רקיט בנקיזר (ניר איסט) בעמ,PT,מטליות ניקוי,גרמים,75.00,100 גרם,false,1,14.90,19.87,true,1,
5000146401568,false,וולייט דפים למניעת העברת צבע 10 דפים,רקיט בנקיזר (ניר איסט) בעמ,IT,וולייט דפים,יחידה,1.00,יחידה,false,0,12.90,12.90,true,1,
5000157143365,false,מתבל בטעם מיונז וקטשופ היינץ 425 גרם,דיפלומט מפיצים (1968) בעמ**,PL,מתבל ט.מיונז,גרמים,425.00,100 גרם,false,1,14.90,3.51,true,1,
5000159020312,false,מלטיזרס אריזה קטנה 37 גרם,"מרס ריגלי ישראל בע""מ",NL,שוקולד מלטיזרס,גרמים,37.00,100 גרם,false,1,5.00,13.51,true,1,
5000159376655,false,סוכריות SKITTLES פירות קטן 38 גרם אדום,"מרס ריגלי ישראל בע""מ",CZ,סוכריות סקיטלס,גרמים,38.00,100 גרם,false,0,2.90,7.63,true,1,
5000159407236,false,מרס חטיף שוקולד עם קרמל 51 גרם,"מרס ריגלי ישראל בע""מ",NL,חטיף מרס,גרמים,51.00,100 גרם,false,0,3.90,7.65,true,1,
5000159409179,false,מארז סניקרס/מיניס משפחתי 403 גר,"מרס ריגלי ישראל בע""מ",NL,מיני סניקרס,גרמים,403.00,100 גרם,false,0,19.90,4.93,true,1,
5000159442572,false,טויקס חטיף שוקולד מארז 403 גרם,"מרס ריגלי ישראל בע""מ",DE,מיני טוויקס,גרמים,403.00,100 גרם,false,0,19.90,4.93,true,1,
5000159452540,false,סניקרס חטיף שוקולד עם בוטנים חמישייה ברי,"מרס ריגלי ישראל בע""מ",NL,חטיפי סניקרס,גרמים,250.00,100 גרם,false,1,11.90,4.76,true,1,
5000159452663,false,מרס מארז חטיף 45 גרם חמישייה,"מרס ריגלי ישראל בע""מ",NL,חטיפי מרס,גרמים,225.00,100 גרם,false,1,11.90,5.29,true,1,
5000159459228,false,חטיף אצבעות קרמל ושוקולד טוויקס (50 גרם),"מרס ריגלי ישראל בע""מ",NL,חטיף טוויקס,גרמים,50.00,100 גרם,false,0,3.90,7.80,true,1,
5000159461122,false,סניקרס חטיף שוקולד עם בוטנים 50 גרם,"מרס ריגלי ישראל בע""מ",NL,חטיף סניקרס,גרמים,50.00,100 גרם,false,0,3.90,7.80,true,1,
5000159500845,false,סלבריישן מארז מתנה 196 גרם,מרס ריגלי ישראל בעמ,NL,בונבונ.סלבריישן,גרמים,196.00,100 גרם,false,1,17.90,9.13,true,1,
5000159538626,false,טוויקס מארז חטיף 50 גרם חמישייה,"מרס ריגלי ישראל בע""מ",NL,חטיפי טוויקס,גרמים,200.00,100 גרם,false,1,11.90,5.95,true,1,
5000159541152,false,חטיף טוויקס לבן 46 גרם.,מרס ריגלי ישראל בעמ,DE,חטיף טוויקס לבן,גרמים,50.00,100 גרם,false,1,3.90,7.80,true,1,
5000189974579,false,מארז מיני חטיפי קיט קט Kit Kat,קבוצת אוסם סחר שותפות מוגבלת,DE,קיט קאט מיני,גרמים,200.00,100 גרם,false,0,14.90,7.45,true,1,
5000204115048,false,גלייד ארוסול מבשם אוויר בניחוח לבנדר,"אס.סי ג'\ונסון,מידרכט, ה",NL,גלייד ארוסול,מיליליטרים,300.00,"100 מ""ל",false,1,7.90,2.63,true,1,
5000204133295,false,זיפלוק שקיות-התנסות 12יח,תאי גריפטק קו,TH,שקיות -התנסות,יחידה,1.00,יחידה,false,1,2.90,2.90,true,1,
5000204167856,false,"מטהר אוויר גלייד מילוי אוטומטי פסטיבל קינמון 269 מ""ל","קוסטר אירוסול ואלף סאן,",TR,גלייד מילוי,מיליליטרים,269.00,"100 מ""ל",false,1,15.90,5.91,true,1,
5000204243000,false,"נוזל לאסלה אפרסק על חלל 750 מ""ל דאק",טואלט דאק (ג'ונסון),NL,דאק נוזל אפרסק,מיליליטרים,750.00,"100 מ""ל",false,1,8.90,1.18,true,1,
5000204243031,false,"נוזל לאסלה ירח פורח 750 מ""ל דאק",טואלט דאק (ג'ונסון),NL,דאק נוזל ירח,מיליליטרים,750.00,"100 מ""ל",false,1,8.90,1.18,true,1,
5000204657913,false,קיווי משחת נעליים בקופסא שחור 50 מ`ל,ג' אל ראיה בוגור,ID,קיווי משחה בשחור,מיליליטרים,50.00,"100 מ""ל",false,0,5.90,11.80,true,1,
5000204658064,false,"ספוגית הברקה קיווי אקספרס שחור 6 מ""ל",המאפיה של הרמן,HN,קיווי ספוג הברקה,יחידה,1.00,יחידה,false,0,14.90,14.90,true,1,
5000204658187,false,משחת נעליים קראון שחור קיווי (75 מל),אס' סי' ג'ונסון במה,PL,קיווי נוזל,מיליליטרים,75.00,"100 מ""ל",false,0,14.90,19.87,true,1,
5000204661392,false,משחת נעליים שחורה קיווי אקסרא לארג`,המאפיה של הרמן,ID,קיווי משחה שחורה,מיליליטרים,100.00,"100 מ""ל",false,1,9.90,9.90,true,1,
5000213014905,false,בירה בפחית גינס (440 מל),החברה המרכזית להפצת משקאות בעמ,IE,בירה גינס פחית,מיליליטרים,440.00,"100 מ""ל",false,0,15.90,3.61,true,1,
5000219023772,false,פאקט סיגריות סטרים פילטר פאל מאל) (200,גלוברנדס בעמ - שיווק סיגריות,TR,פאלמאל כחול טיוב,יחידה,1.00,יחידה,false,0,287.00,287.00,false,1,
5000219120112,false,פאל מאל כחול ארוך סטרים פילטר עשירייה,גלוברנדס בעמ - שיווק סיגריות,TR,פאלמאל כחול ארוך,יחידה,1.00,יחידה,false,1,287.00,287.00,false,1,
5000267024202,false,וויסקי ג'וני ווקר שחור,אלכוהול (איי.בי.בי),GB,ויסקי ג'וני ווקר,מיליליטרים,700.00,"100 מ""ל",false,0,119.90,17.13,true,1,
5000267024233,false,"וויסקי ג'וני בלאק לייבל עם פורר 700מ""ל",החברה המרכזית להפצת משקאות בעמ,GB,ויסקי ג'וני ווקר,מיליליטרים,700.00,"100 מ""ל",false,0,119.90,17.13,true,1,
5000394098886,false,סוללות AAA פלוס פאוור דורסל) (6,דיפלומט מפיצים (1968) בעמ,BE,6סוללות דורסל,יחידה,1.00,יחידה,false,1,20.90,20.90,true,1,
5000394140820,false,שישיות סוללות AA פלוס פאוור דורסל,דיפלומט מפיצים (1986) בע`מ,BE,דורסל פלוס פאוור,יחידה,1.00,יחידה,false,1,17.90,17.90,true,1,
5000394203921,false,זוג סוללות ליתיום 2032 דורסל,דיפלומט מפיצים (1986) בע`מ,CN,דורסל זוג סוללות,יחידה,1.00,יחידה,false,1,19.90,19.90,true,1,
5000396037531,false,מקוויטיס ביסקוויט מצופה שוקולד חלב 200 גרם,תה ויסוצקי (ישראל)בעמ,GB,ביסקוויט מקויטיס,גרמים,200.00,100 גרם,false,1,10.90,5.45,true,1,
5000396037548,false,מקוויטיס ביסקוויט מצופה שוקולד מריר 200 גרם,תה ויסוצקי (ישראל)בעמ,GB,ביסקוויט מקויטיס,גרמים,200.00,100 גרם,false,1,10.90,5.45,true,1,
5010026515919,false,מוזלי קריספי נאטי מורנפלייק 650 גרם,מורנפלייק Mornflake,GB,מוזלי מורנפלייק,גרמים,650.00,100 גרם,false,1,24.90,3.83,true,1,
5010026515933,false,מוזלי קריספי פירות ואגוזים מורנפלייק 750 גרם,מורנינג פוד,GB,מוזלי מורנפלייק,גרמים,750.00,100 גרם,false,1,24.90,3.32,true,1,
5010029000252,false,וויטביקס תערובת דגנים מחיטה מלאה 430 גרם,ר.ב. מוצרי דגנים בעמ,GB,וויטביקס-דגנים,גרמים,430.00,100 גרם,false,1,17.90,4.16,true,1,
5010182997338,false,דאק ג'ל לניקוי אסלות בניחוח רענן 55 מל,"איטיליאן פוד, אס.פי.",IT,דאק ג'ל לאסלה,מיליליטרים,55.00,"100 מ""ל",false,0,9.90,18.00,true,1,
5010182997918,false,דאק ג'ל לניקוי אסלות בניחוח ים 55 מל,"איטיליאן פוד, אס.פי.",IT,דאק ג'ל לאסלה,מיליליטרים,55.00,"100 מ""ל",false,0,9.90,18.00,true,1,
5010182998861,false,דאק נוזל לניקוי אסלות בניחוח רענן 750 מל,מיוצר עי קונדיטוריית,NL,דאק נוזל אסלה,מיליליטרים,750.00,"100 מ""ל",false,0,8.90,1.18,true,1,
5010265002911,false,רייויטה פת פריכה מקמח שיפון מלא 250 גרם,דה ג'ורדנס אנד ריווי,GB,פת פריכה,גרמים,250.00,100 גרם,false,1,14.90,5.96,true,1,
5010296169249,false,בלום לונדון דריי גין,קווניט אסנשל,GB,בלום ג'ין,מיליליטרים,700.00,"100 מ""ל",false,1,139.90,19.98,true,1,
5010327000046,false,"וויסקי גרנטס וויסקי 700 מ""ל","וויליאם גראנט ובניו בע""\",GB,וויסקי גרנט'ס,מיליליטרים,700.00,"100 מ""ל",false,0,69.90,9.98,true,1,
5010327399614,false,"גלנפידיך 12 אמריקן אווק כשר 700 מ""ל",הכרם - משקאות חריפים בעמ,GB,וויסקי גלנפידיך,מיליליטרים,700.00,"100 מ""ל",false,1,169.90,24.27,true,1,
5010327755014,false,"ג'ין הנדריקס 700 מ""ל",גרנט'ס (William Gran,GB,ג'ין הנדריקס,מיליליטרים,700.00,"100 מ""ל",false,1,169.90,24.27,true,1,
5010677551281,false,בריזר לימון בבקבוק בקרדי (275 מל),בקרדי בריזר Bacardi Breezer,BE,בריזר לימון,מיליליטרים,275.00,"100 מ""ל",false,0,14.90,5.42,true,1,
5010677551397,false,"בקרדי בריזר בטעם לימון ליים 275 מ""ל",בקרדי בריזר Bacardi Breezer,BE,בריזר למון ליים,מיליליטרים,275.00,"100 מ""ל",false,1,14.90,5.42,true,1,
5010677552387,false,"בקרדי בריזר אננס 275 מ""ל בקבוק",בקרדי בריזר Bacardi Breezer,BE,בריזר בטעם אננס,מיליליטרים,275.00,"100 מ""ל",false,0,14.90,5.42,true,1,
5010677554398,false,בריזר אבטיח בבקבוק בקרדי (275 מל),בקרדי בריזר Bacardi Breezer,BE,בריזר אבטיח,מיליליטרים,275.00,"100 מ""ל",false,0,14.90,5.42,true,1,
5011007003005,false,"וויסקי ג'יימסון אירי מזוקק 700 מ""ל",אייריש דיסטילרז,IE,וויסקי ג'יימסון,מיליליטרים,700.00,"100 מ""ל",false,0,89.90,12.84,true,1,
5011026108033,false,"וויסקי אירי טולומור דיו 700 מ""ל",הכרם - משקאות חריפים בעמ,IE,וויסקי טולמור,מיליליטרים,700.00,"100 מ""ל",false,0,99.90,14.27,true,1,
5011157671222,false,"טילדה אורז בסמטי חום מלא 1 ק""ג",ש.שסטוביץ בעמ,GB,אורז בסמטי מלא,קילוגרמים,1.00,"ק""ג",false,1,19.90,19.90,true,1,
5011348008479,false,"בירה קינג גובלין 500 מ""ל",מבשלת וויצ'ווד,GB,בירה קינג גובלין,מיליליטרים,500.00,"100 מ""ל",false,1,15.90,3.18,true,1,
5011348019772,false,"בירה הובגובלין אי.פי.איי 500 מ""ל",ויצ'וויד,GB,בירה הובגובלין,מיליליטרים,500.00,"100 מ""ל",false,1,15.90,3.18,true,1,
5011408017526,false,אלנט ספריי חזק מאוד200מ,SOPROCOS,FR,אלנט ספריי חזק,מיליליטרים,200.00,"100 מ""ל",false,0,24.90,12.45,true,1,
5011408027976,false,"ספריי לשיער רגיל לוריאל 400 מ""ל",לוריאל Loreal,FR,אלנט ספריי לשיער,מיליליטרים,400.00,"100 מ""ל",false,0,29.60,7.40,true,1,
5011417547885,false,"אירוויק מקלות ריחניים בניחוח כביסה באוויר 30 מ""ל",רקיט בנקיזר (ניר איסט) בעמ,NL,מקלות ריחניים,יחידה,1.00,יחידה,false,0,17.90,17.90,true,1,
5012251012249,false,תרחיץ פלינג לפנים בתוספת פחם פעיל 150 מ,פארמה דיל (פ.א.ב.) שיווק והפצה,GB,תרחיץ פילינג לפנ,מיליליטרים,150.00,"100 מ""ל",false,1,14.90,9.93,true,1,
5014271002675,false,מעדן פרי תפוח וקינמון סנדלפור 284 גרם,סאן דלפור - שמבור,FR,מעדן תפוח קינמון,גרמים,284.00,100 גרם,false,1,19.90,7.01,true,1,
5014271300429,false,"מעדן משמש 100% פרי סנטדלפור 284 גרם לל""ס",סאן דלפור - שמבור,FR,מעדן מישמש,גרמים,284.00,100 גרם,false,0,19.90,7.01,true,1,
5014271310428,false,מעדן דובדבנים שחורים ללא תוספת סוכר 284 גרם,סאן דלפור - שמבור,FR,מעדן דובדבן שחור,גרמים,284.00,100 גרם,false,0,19.90,7.01,true,1,
5014271330426,false,מעדן אוכמניות כחולות ללא תוספת סוכר 284 גרם,סאן דלפור - שמבור,FR,מעדן אוכמניות,גרמים,284.00,100 גרם,false,0,19.90,7.01,true,1,
5014271350424,false,מעדן ארבעה פירות ללא תוספת סוכר 284 גרם,סאן דלפור - שמבור,FR,מעדן 4 פירות,גרמים,284.00,100 גרם,false,0,19.90,7.01,true,1,
5014271360423,false,"מעדן תפוזים לל""ס סאן דלפור 284 גרם",סאן דלפור - שמבור,FR,מעדן תפוזים,גרמים,284.00,100 גרם,false,0,19.90,7.01,true,1,
5014271370422,false,מעדן אפרסקים ללא תוספת סוכר 284 גרם,סאן דלפור - שמבור,FR,מעדן אפרסקים,גרמים,284.00,100 גרם,false,0,19.90,7.01,true,1,
5014271400426,false,"מעדן בטעם תות שדה לל""ס סאן דלפור 284 גרם",נטו מלינדה סחר בעמ,FR,מעדן תות שדה,גרמים,284.00,100 גרם,false,0,19.90,7.01,true,1,
5014271560427,false,מעדן תפוז וג'ינג'ר ללא סוכר סאן דלפור 284 גר,סאן דלפור - שמבור,FR,מעדן תפוז+גינג'ר,גרמים,284.00,100 גרם,false,0,19.90,7.01,true,1,
5014379009972,false,בירה לאגר באדוויזר פחית 500 מל,הכרם - משקאות חריפים בעמ,GB,בירה באדוויזר,מיליליטרים,500.00,"100 מ""ל",false,1,9.90,1.98,true,1,
5018357012572,false,דורסט סיריאלס גרגרי יער ודובדבנים 600 ג,דורסט סיריאלס,GB,מוזלי גרגירי יער,גרמים,600.00,100 גרם,false,1,37.90,6.32,true,1,
5020628000126,false,"תאצרס הייז מעונן סיידר תפוחים 4.5% 500 מ""ל",ת'אצרס,GB,סיידר תפוחים,מיליליטרים,500.00,"100 מ""ל",false,1,9.90,1.98,true,1,
5020628001475,false,"תאצרס רוזה סיידר תפוחים 4% 500 מ""ל",בווריה,GB,סיידר תפוחים,מיליליטרים,500.00,"100 מ""ל",false,1,9.90,1.98,true,1,
5023625004487,false,בירה הובגובלין רובי500מל,וויצ'וד ויטניי,GB,בירה הובגובלין,מיליליטרים,500.00,"100 מ""ל",false,1,15.90,3.18,true,1,
5026489483955,false,חטיף חומוס סיסולט איט ריל 45 גרם,לקסמי אנד סונס סי/\אי קו,GB,חטיף חומוס,גרמים,45.00,100 גרם,false,1,8.90,19.78,true,1,
5026489484006,false,חטיף עדשים עגבניות ובזיליקום 40,לקסמי אנד סונס סי/\אי קו,GB,חטיף עדשים טומטו,גרמים,40.00,100 גרם,false,1,8.90,22.25,true,1,
5026489484785,false,חט.קינואה ט.שמנת+עירית30,מ.סידס ובנו בעמ,GB,חטיף קינואה,גרמים,30.00,100 גרם,false,1,8.90,29.67,true,1,
5029053002408,false,קלינקס - נייר טואולט קליניקס לבן 9 גלילים,קימברלי קלארק ישראל שיווק בעמ,IL,נייר טואלט,מטרים,276.00,100 מטר,false,0,33.90,12.28,true,1,
5029053032658,false,שמיניית ממחטות טישו קלינקס 9 יחידות,קימברלי קלארק ישראל שיווק בעמ,IT,קלינקס שמיניה,יחידה,1.00,יחידה,false,1,8.60,8.60,true,1,
5029053039725,false,ממחטות נייר קלינקס נטורל פרש קופסה 72 דף,קימברלי קלארק ישראל שיווק בעמ,FR,קלינקס נטורל פרש,יחידה,1.00,יחידה,false,1,11.90,11.90,true,1,
5029053510811,false,תחבושות נורמל פלוס עם כנפיים קוטקס 28 יחידות,קימברלי קלארק ישראל שיווק בעמ,CZ,תחבושות קוטקס,יחידה,1.00,יחידה,false,0,18.90,18.90,true,1,
5029053510828,false,תחבושות סופר פלוס עם כנפיים קוטקס 22יחידות,קימברלי קלארק ישראל שיווק בעמ,CZ,תחבושות קוטקס,יחידה,1.00,יחידה,false,0,18.90,18.90,true,1,
5029053523446,false,קוטקס - תחבושות אולטרה נייט + כנפיים 20 יח',קימברלי קלארק ישראל שיווק בעמ,CZ,תחבושות נייט קוט,יחידה,1.00,יחידה,false,0,18.90,18.90,true,1,
5029053527598,false,תחתוני ספיגה בנים לתופעת הרטבת לילה 8-15 האגיס,קימברלי קלארק ישראל שיווק בעמ,CZ,תחתוני ספיגה האג,יחידה,1.00,יחידה,false,0,35.90,35.90,true,1,
5029053527604,false,האגיס תחתון ספיגה 15-8 בנות דריי נייטס 9 יחידות,קימברלי קלארק ישראל שיווק בעמ,IL,תחתוני ספיגה האג,יחידה,1.00,יחידה,false,0,35.90,35.90,true,1,
5029053534602,false,קוטקס טמפוני סופר ללא מוליך 32 יח,קימברלי קלארק ישראל שיווק בעמ,CZ,טמפוני קוטקס,יחידה,1.00,יחידה,false,0,24.90,24.90,true,1,
5029053535227,false,קוטקס טמפון עם מוליך נורמל 16 יחידות,קימברלי קלארק ישראל שיווק בעמ,CZ,טמפוני קוטקס,יחידה,1.00,יחידה,false,0,22.90,22.90,true,1,
5029053574103,false,האגיס פול אפס תח.גמילה יום בנות 20 יחידו,קימברלי קלארק ישראל שיווק בעמ,CZ,האגיס גמילה בנות,יחידה,1.00,יחידה,false,1,43.90,43.90,true,1,
5029053574141,false,האגיס פול אפס תח.גמילה לילה בנות 18 יחיד,קימברלי קלארק ישראל שיווק בעמ,CZ,האגיס גמילה בנות,יחידה,1.00,יחידה,false,1,43.90,43.90,true,1,
5029053576114,false,קלינקס גל ידיים היגייני 220 מל,חוגלה קימברלי,IT,ג'ל אלכוהול,מיליליטרים,220.00,"100 מ""ל",false,1,17.90,8.14,true,1,
5029053578309,false,קופסת ממחטות אולטרה סופט 48 דף קלינקס,קימברלי קלארק ישראל שיווק בעמ,GB,קלינקס אולטרה,יחידה,1.00,יחידה,false,1,7.90,7.90,true,1,
5029054220085,false,האגיס - מגבוני האגיס אקסטרה קר לא מבושם 56 יח' * 4,קימברלי קלארק ישראל שיווק בעמ,GB,מגבונים לרך נולד,יחידה,1.00,יחידה,false,1,24.90,24.90,true,1,
5050083559761,false,דגני בוקר קלוגס קוקו פופס שוקוס 500 גרם,קלוגס מניופקטורינג אספנה,ES,קוקו פופס קלוג'ס,גרמים,500.00,100 גרם,false,0,18.90,3.78,true,1,
5053827193368,false,דגני בוקר קלוגס ברנפלקס 500 גרם,קלוגס קומפני אוף גרייט ב,GB,קלוגס ברנפלקס,גרמים,500.00,100 גרם,false,1,21.90,4.38,true,1,
5053827215862,false,דגני בוקר קלוגס קוקו פופס בטעם שוקולד (,קלוגס מניופקטורינג אספנה,GB,קלוגס קוקו פופס,גרמים,500.00,100 גרם,false,1,18.90,3.78,true,1,
5060465390004,false,"בירה לל""ג ""סקיני"" בקבוק 330 מ""ל",סקיני ביר בע״מ,GB,בירה סקיני לאגר,גרמים,330.00,100 גרם,false,1,9.90,3.00,true,1,
5060517886486,false,"משקה אנרגיה מונסטר אנרג'י בפחית 500 מ""ל",החברה המרכזית להפצת משקאות בעמ,RS,מונסטר אנרג'י,מיליליטרים,500.00,"100 מ""ל",false,1,6.90,1.38,true,1,
5060517886516,false,"משקה אנרגיה מונסטר אנרג'י זירו בפחית 500 מ""ל",החברה המרכזית להפצת משקאות בעמ,RS,מונסטר אנרג'י,מיליליטרים,500.00,"100 מ""ל",false,1,6.90,1.38,true,1,
5060639128051,false,"משקה אנרגיה מונסטר אולטרה בפחית 500 מ""ל",החברה המרכזית להפצת משקאות בעמ,RS,מונסטר אולטרה,מיליליטרים,500.00,"100 מ""ל",false,1,6.90,1.38,true,1,
5060639129102,false,"משקה אנרגיה מונסטר אנרג'י מנגו בפחית 500 מ""ל",החברה המרכזית להפצת משקאות בעמ,RS,מונסטר מנגו,מיליליטרים,500.00,"100 מ""ל",false,1,6.90,1.38,true,1,
5060751218173,false,"משקה אנרגיה מונסטר אנרג'י piplin punch בפחית 500 מ""ל",החברה המרכזית להפצת משקאות בעמ,RS,מונסטר פייפליין,מיליליטרים,500.00,"100 מ""ל",false,1,6.90,1.38,true,1,
5060751219033,false,"משקה אנרגיה מונסטר אנרג'י זירו paradise בפחית 500 מ""ל",החברה המרכזית להפצת משקאות בעמ,RS,מונסטר אנרג'י,מיליליטרים,500.00,"100 מ""ל",false,1,6.90,1.38,true,1,
5200133120476,false,גלילות וופלים ממולאים קרם אגוזים וקקאו 400 ג',דיפלומט מפיצים (1968) בעמ**,GR,גליליות וופל,גרמים,400.00,100 גרם,false,1,17.90,4.48,true,1,
5200133120483,false,גליליות וופלים גולדן ברייק קרם וניל 400 גרם,דיפלומט מפיצים (1968) בעמ**,GR,גליליות וופל,גרמים,400.00,100 גרם,false,1,17.90,4.48,true,1,
5200133120735,false,גליליות וופלים קרם שוקולד מריר 400 גר`,דיפלומט מפיצים (1968) בע`מ,GR,גליליות וופל,גרמים,400.00,100 גרם,false,1,17.90,4.48,true,1,
5201003110702,false,משקה אוזו 12 700 מל,החברה המרכזית להפצת משקאות בעמ,GR,אוזו 12,מיליליטרים,700.00,"100 מ""ל",false,1,79.90,11.41,true,1,
5201004020338,false,גליליות קפריס קרם אגוזים שוקולד 400 גר,משה סידס ובנו בעמ,GR,גלילי וופל קפריס,גרמים,400.00,100 גרם,false,1,19.90,4.98,true,1,
5201004021328,false,קפריס רולס גלילי וופל במילוי קרם אגוזי לוז וקקאו,אי. ג'יי פאפאדופולוס,GR,גליליות ממולאות,גרמים,115.00,100 גרם,false,1,8.90,7.74,true,1,
5201178801054,false,"קרם רב שימושי ניוואה 250 מ""ל",טרופיקל דגיל תעשיות,DE,ניוואה קרם לחות,מיליליטרים,250.00,"100 מ""ל",false,0,20.00,8.00,true,1,
5201261201532,false,"רביעית פחית בירה היינקן 500 מ""ל",מבשלת אתונה S.A.\n,IL,בירה הייניקן 4פח,ליטרים,2.00,ליטר,false,1,38.90,19.45,true,1,
5201263001536,false,מגן תחתון EVERY DAY אקסטרה לונג 24 יח',,GR,מגני תחתון XL,יחידה,1.00,יחידה,false,1,12.90,12.90,true,1,
5201263006340,false,תחבושת EVERY DAY נורמל 18 יח',,GR,תחבושות נורמל,יחידה,1.00,יחידה,false,1,12.90,12.90,true,1,
5201263006357,false,תחבושת EVERY DAY סופר 18 יח',,GR,תחבושות סופר,יחידה,1.00,יחידה,false,1,12.90,12.90,true,1,
5201263011474,false,מגן תחתון EVERY DAY לארג' 30 יח',,GR,מגני תחתון לארג',יחידה,1.00,יחידה,false,1,12.90,12.90,true,1,
5201263011801,false,מגן תחתון EVERY DAY נורמל 20 יח',,GR,מגני תחתון נורמל,יחידה,1.00,יחידה,false,1,12.90,12.90,true,1,
5201304100013,false,עארק אוזו מיני 700 מ,פרנו ריקארד הלס אבי,GR,אוזו מיני,מיליליטרים,700.00,"100 מ""ל",false,1,79.90,11.41,true,1,
5201340003385,false,TRATA טונה מעושנת שמן סויה 160 גרם,נורט אגיאוסי קנריס,GR,טונה מעושנת בשמן,גרמים,160.00,100 גרם,false,1,11.90,7.44,true,1,
5201340003392,false,טונה מעושנת עם לימון ואורגנו 160 גרם,נורט אגיאוסי קנריס,GR,טונה מעושנת,גרמים,160.00,100 גרם,false,1,11.90,7.44,true,1,
5201340026704,false,TRATA טונה מעושנת פיקנטי 160 גרם,נורט אגיאוסי קנריס,GR,טונה מעושנת,גרמים,160.00,100 גרם,false,1,11.90,7.44,true,1,
5201347160326,false,גל לשמירה על חיי מכונת הכביסה קלגון 750מ,רקיט בנקיזר (ניר איסט) בעמ,IT,קלגון ג'ל,מיליליטרים,750.00,"100 מ""ל",false,1,29.90,3.99,true,1,
5201583750411,false,זירו-סוכריות ללא סוכר בטעם לימון עם סטיב,איתן,GR,סוכריות זירו,גרמים,32.00,100 גרם,false,1,6.90,21.56,true,1,
5201583750510,false,זירו-סוכריות ללא סוכר בטעם תות קרמי,ציון תורגמן בעמ,GR,סוכריות זירו,גרמים,32.00,100 גרם,false,1,6.90,21.56,true,1,
5201583751111,false,זירו סוכריות ללא סוכר טעם אספרסו קרמי,איתן,GR,סוכריות זירו,גרמים,32.00,100 גרם,false,1,6.90,21.56,true,1,
5201940010110,false,זיתים שחורים קלמטה וילי פוד 250 גרם,ג. וילי-פוד אינטרנשיונל בע`מ,GR,זיתים שחורים,גרמים,454.00,100 גרם,false,0,14.90,3.28,true,1,
5202175002451,false,"טורטיה 25 ס""מ 4 יחידות",אל סבור מקסיקן פוד,GR,"טורטיה 25 ס""מ",יחידה,1.00,יחידה,false,1,8.90,8.90,true,1,
5202175002581,false,עלי טורטיה 200 גר' 5 יח'.,S Foods Mexican Sabor El,GR,"טורטיה 20 ס""מ",יחידה,1.00,יחידה,false,1,8.90,8.90,true,1,
5202300014496,false,ספריי לשיער חזק במיוחד וולה פלקס Wella flex,דיפלומט מפיצים (1968) בעמ,DE,וולהפלקס ספריי,מיליליטרים,250.00,"100 מ""ל",false,0,26.90,10.76,true,1,
5202300043168,false,צבע לשיער קולסטון - 7/0 בלונד בינוני,פרוקטר אנד גמבל,DE,קולסטון,יחידה,1.00,יחידה,false,0,19.90,19.90,true,1,
5202300043182,false,צבע לשיער קולסטון - 5/0 חום בהיר,פרוקטר אנד גמבל,DE,קולסטון שפופרת,יחידה,1.00,יחידה,false,0,19.90,19.90,true,1,
5202300043199,false,צבע לשיער קולסטון - 4/0 חום בינוני,פרוקטר אנד גמבל,DE,קולסטון שפופרת,יחידה,1.00,יחידה,false,0,19.90,19.90,true,1,
5202300043670,false,צבע לשיער קולסטון - 5/7 חום קפה,פרוקטר אנד גמבל,DE,קולסטון שפורפרת,יחידה,1.00,יחידה,false,0,19.90,19.90,true,1,
5202302000039,false,זיתים שחורים טבעיים קלמטה 275 גרם,,GR,זיתים שחורים,גרמים,275.00,100 גרם,false,0,23.70,8.62,true,1,
5202390015618,false,גבינה צהובה טבעונית אורגינל ויאו לייף 200 ג',דיפלומט מפיצים (1968) בעמ**,GR,צהובה טבעונית,גרמים,200.00,100 גרם,false,0,23.70,11.85,true,1,
5202390016141,false,גבינה מוצרלה צהובה לפיצה טבעונית ויאו לייף 400 ג',דיפלומט מפיצים (1968) בעמ**,GR,צהובה טבעונית,גרמים,400.00,100 גרם,false,1,28.70,7.18,true,1,
5202390020407,false,פטה טבעונית גוש ויולייף 200 ג',דיפלומט מפיצים (1968) בעמ**,GR,בסגנון פטה,גרמים,200.00,100 גרם,false,1,26.90,13.45,true,1,
5202390022319,false,ויולייפ צדר מגורדת 150 גר`,ביוט איילנד פודס בעמ,GR,פתיתים מהצומח,גרמים,150.00,100 גרם,false,1,23.00,15.33,true,1,
5391523057929,false,סימילאק גולד שלב 1 תרכובת מזון על בסיס חלב,אבוט מעבדות רפואיות,IE,סימילאק גולד,גרמים,700.00,100 גרם,false,1,69.90,9.99,true,1,
5391523057936,false,סימילאק גולד שלב 2 תרכובת מזון על בסיס חלב,אבוט מעבדות רפואיות,IE,סימילאק גולד,גרמים,700.00,100 גרם,false,1,69.90,9.99,true,1,
5391523058063,false,סימילאק אדבנס פלוס 1 תרכובת מזון על בסיס חלב,טרופיקל דגיל תעשיות,IE,סימילאק אדבנס,גרמים,700.00,100 גרם,false,1,64.90,9.27,true,1,
5391523058070,false,סימילאק אדבנס פלוס 3 תרכובת מזון על בסיס חלב,אבוט מעבדות רפואיות,IE,סימילאק אדבנס,גרמים,700.00,100 גרם,false,1,64.90,9.27,true,1,
5391523058087,false,סימילאק אדבנס פלוס 2 תרכובת מזון על בסיס חלב,טרופיקל דגיל תעשיות,IE,סימילאק אדבנס,גרמים,700.00,100 גרם,false,1,64.90,9.27,true,1,
5400265035932,false,המלט פרלינים אקסלסיום כסף 180 גרם,,BE,בונבוניירה המלט,גרמים,180.00,100 גרם,false,1,16.90,9.39,true,1,
5400265035949,false,בונ.המלט אקסלסיום שחו180,,BE,בונבוניירה המלט,גרמים,180.00,100 גרם,false,1,16.90,9.39,true,1,
5410076933129,false,אריאל אבקת כביסה שושן צחור 3 קג,דיפלומט מפיצים (1986) בע`מ,CZ,אריאל שושן צחור,קילוגרמים,3.00,"ק""ג",false,0,29.90,9.96,true,1,
5410091677992,false,"סאיוס - ספריי לשיער לייצוב מקסימלי 400 מ""ל",שוורצקופף והנקל,DE,ספרי עיצוב סאיוס,מיליליטרים,400.00,"100 מ""ל",false,0,29.60,7.40,true,1,
5410091678005,false,"סאיוס - ספריי לשיער ליצירת נפח 400 מ""ל",הנקל סוד בעמ,DE,ספרי עיצוב סאיוס,מיליליטרים,400.00,"100 מ""ל",false,0,29.60,7.40,true,1,
5410091708955,false,"סאיוס ספריי קרטין סטיילינג 400מ""ל",שוורצקופף והנקל,DE,ספרי עיצוב סאיוס,מיליליטרים,400.00,"100 מ""ל",false,0,29.60,7.40,true,1,
5410103161518,false,קרם יום עם פעולה משולשת לעור רגיל ומעורב,לוריאל ישראל קוסמטיקס בעמ,DE,קרם לחות,מיליליטרים,50.00,"100 מ""ל",false,0,49.90,99.80,true,1,
5410103161617,false,קרם יום עם פעולה משולשת Triple active לעור יבש ועדין,לוריאל ישראל קוסמטיקס בעמ,DE,קרם לחות עור יבש,מיליליטרים,50.00,"100 מ""ל",false,0,49.90,99.80,true,1,
5410126006087,false,ביסקויט ביסקפה לוטוס בטעם קרמל 700גר`ב,דיפלומט מפיצים (1968) בעמ**,BE,ביסקוויט לוטוס,גרמים,700.00,100 גרם,false,0,24.90,3.55,true,1,
5410126106183,false,עוגיות לוטוס 50 יחידות ארוזות בנפרד 312 גרם,דיפלומט מפיצים (1968) בעמ**,BE,ביסקוויט לוטוס,גרמים,312.00,100 גרם,false,0,16.80,5.38,true,1,
5410126116953,false,ממרח ביסקוויט קרמל לוטוס (400 גרם),דיפלומט מפיצים (1968) בעמ**,BE,ממרח ביסקוויט,גרמים,400.00,100 גרם,false,0,20.90,5.23,true,1,
5410126666038,false,"ביסקוויט קרמל לוטוס 279 גרם בד""צ",דיפלומט מפיצים (1968) בעמ**,BE,ביסקוויט לוטוס,גרמים,279.00,100 גרם,false,1,12.90,4.62,true,1,
5410126716016,false,"עוגיות לוטוס ביסקויט קרמל בד""צ 250 גרם",דיפלומט מפיצים (1968) בעמ**,BE,ביסקויט לוטוס,גרמים,250.00,100 גרם,false,0,11.80,4.72,true,1,
5410126726947,false,ממרח ביסקוויט קרמל קראנץ' לוטוס 380 גרם,דיפלומט מפיצים (1968) בעמ**,BE,ממרח עוגיות,גרמים,380.00,100 גרם,false,0,20.90,5.50,true,1,
5410173210055,false,רומבוטס קפה קלוי וטחון לפילטר 10 יח' 70 גרם,ליימן שליסל בע`מ,BE,קפה לפילטר,גרמים,70.00,100 גרם,false,0,15.90,22.71,true,1,
5410228267515,false,"שישיית בירה לאגר באדוויזר 6*330 מ""ל",הכרם - משקאות חריפים בעמ,GB,בירה באדוויזר6בק,ליטרים,1.98,ליטר,false,1,24.90,12.58,true,1,
5410291022011,false,ממרח אגוזי לוז עם קקאו צ`וקטה (350 גרם),ש. שסטוביץ בע`מ,BE,ממרח אגוזי לוז,גרמים,350.00,100 גרם,false,1,10.90,3.11,true,1,
5410769800097,false,"בירה לה צרי שוף 8% 330 מ""ל בקבוק",הכרם - משקאות חריפים בעמ,BE,בירה צ'רי שוף,מיליליטרים,330.00,"100 מ""ל",false,1,14.90,4.52,true,1,
5411081003654,false,"קסטיל בירה רוז 330 מ""ל",מבשלת קסטל ואן הונסב,BE,בירה קסטיל רוז',מיליליטרים,330.00,"100 מ""ל",false,0,12.90,3.91,true,1,
5411081008192,false,"בירה קסטיל רוז 330 מ""ל פחית",מבשלת קסטל ואן הונסב,BE,קסטיל רוז' פחית,מיליליטרים,330.00,"100 מ""ל",false,1,12.90,3.91,true,1,
5411188081852,false,אלפרו משקה סויה בטעם וניל 1 ליטר,הנסיך- מפעל לייצור ט,BE,משקה סויה וניל,ליטרים,1.00,ליטר,false,0,15.90,15.90,true,1,
5411188096108,false,"אלפרו שמנת צמחית לבישול לייט 250מ""ל",שטראוס גרופ בעמ/מצונן,BE,שמנת צמחית,מיליליטרים,250.00,"100 מ""ל",false,0,9.90,3.96,true,1,
5411188110835,false,אלפרו חלב סויה שקדים וניל 1ל',הנסיך- מפעל לייצור ט,BE,משקה שקדים אלפרו,ליטרים,1.00,ליטר,false,0,13.90,13.90,true,1,
5411188112709,false,"משקה קוקוס אלפרו 1 ליטר משקה שקדים לל""ס",הנסיך- מפעל לייצור ט,BE,משקה שקדים אלפרו,ליטרים,1.00,ליטר,false,0,13.90,13.90,true,1,
5411188115366,false,משקה קוקוס אלפרו 1 ליטר משקה שיבולת שועל 1 ליטר,הנסיך- מפעל לייצור ט,BE,משקה שיבולת שועל,ליטרים,1.00,ליטר,false,0,13.90,13.90,true,1,
5411188115472,false,משקה סויה 1 ליטר אלפרו,הנסיך- מפעל לייצור ט,BE,משקה סויה אלפרו,ליטרים,1.00,ליטר,false,1,13.90,13.90,true,1,
5411188118732,false,משקה קוקוס ושקדים אלפרו (1 ליטר),הנסיך- מפעל לייצור ט,BE,משקה קוקוס שקדים,ליטרים,1.00,ליטר,false,1,13.90,13.90,true,1,
5411188120742,false,משקה קוקוס אלפרו 1 ליטר שקדים וניל 1 ל',הנסיך- מפעל לייצור ט,BE,משקה שקדים וניל,ליטרים,1.00,ליטר,false,1,13.90,13.90,true,1,
5411188121923,false,"משקה סויה מועשר סידן אלפרו 3*250 מ""ל",הנסיך- מפעל לייצור ט,BE,משקה סויה 3 יח,מיליליטרים,750.00,"100 מ""ל",false,1,15.90,2.12,true,1,
5411188121978,false,אלפרו משקה סויה עמיד מועשר בסידן 3*250,"שטראוס גרופ בע""מ",BE,משקה סויה 3 יח,מיליליטרים,750.00,"100 מ""ל",false,1,15.90,2.12,true,1,
5411188122586,false,אלפרו משקה אגוזי קשיו 1 ל`,הנסיך- מפעל לייצור ט,BE,משקה שקדים,מיליליטרים,250.00,"100 מ""ל",false,1,6.50,2.60,true,1,
5411188124689,false,משקה אלפרו שיבולת שועל ללא סוכר 1 ליטר,שטראוס גרופ בע`מ,BE,משקה ש.שועל,ליטרים,1.00,ליטר,false,1,13.90,13.90,true,1,
5411188124726,false,משקה שיבולת שועל שקדים 1 ליטר אלפרו,הדקלאים אגודת שיתופי,BE,משקה שיבולת שועל,ליטרים,1.00,ליטר,false,1,13.90,13.90,true,1,
5411188127697,false,אלפרו בריסטה משקה שיבולת שועל 1 ליטר,הנסיך- מפעל לייצור ט,BE,משקה שיבולת שועל,ליטרים,1.00,ליטר,false,1,13.90,13.90,true,1,
5411188129899,false,אלפרו בריסטה משקה שקדים 1 ליטר,הנסיך- מפעל לייצור ט,BE,משקה שקדים אלפרו,ליטרים,1.00,ליטר,false,1,13.90,13.90,true,1,
5411188133476,false,אלפרו משקה סויה שוקו+חלבון 250 גרם בית יוסף,שטראוס גרופ בעמ/מצונן,BE,משקה סויה אלפרו,מיליליטרים,250.00,"100 מ""ל",false,1,7.90,3.16,true,1,
5411188133490,false,אלפרו משקה סויה קפה קרמל+חלבון 250 גרם בית יוסף,שטראוס גרופ בעמ/מצונן,BE,משקה סויה קפה,מיליליטרים,250.00,"100 מ""ל",false,1,7.90,3.16,true,1,
5411188134985,false,אלפרו 3.5% NOT M*LK שיבולת שועל 1 ליטר בית יוסף,שטראוס גרופ בעמ/מצונן,BE,משקה שיבולת שועל,ליטרים,1.00,ליטר,false,1,14.90,14.90,true,1,
5411188135005,false,אלפרו 1.8% NOT M*LK שיבולת שועל 1 ליטר בית יוסף,שטראוס גרופ בעמ/מצונן,BE,משקה שיבולת שועל,ליטרים,1.00,ליטר,false,1,14.90,14.90,true,1,
5411188300328,false,אלפרו משקה סויה עמיד בטעם שוקו 1 ליטר,הנסיך- מפעל לייצור ט,BE,משקה סויה שוקו,ליטרים,1.00,ליטר,false,0,15.90,15.90,true,1,
5411188513483,false,"סויה לבישול 14% שומן אלפרו 250 מ""ל",שטראוס גרופ בעמ/מצונן,BE,אלפרו לבישול,מיליליטרים,250.00,"100 מ""ל",false,1,10.90,4.36,true,1,
5411188543398,false,אלפרו משקה סויה 1 ליטר ללא סוכר,הנסיך- מפעל לייצור ט,BE,משקה סויה אלפרו,ליטרים,1.00,ליטר,false,1,13.90,13.90,true,1,
5411616148546,false,"בירה מרטינס גולד 500 מ""ל-פחית",החברה המרכזית להפצת משקאות בעמ,BE,בירה מרטנס גולד,מיליליטרים,500.00,"100 מ""ל",false,0,6.90,1.38,true,1,
5411681038001,false,"מרדסו מעורפלת מאוד330מ""ל",הכרם - משקאות חריפים בעמ,BE,בירה מרדסו,מיליליטרים,330.00,"100 מ""ל",false,0,14.90,4.52,true,1,
5412533000061,false,נוזל ניקוי כללי 5ליטר,,BE,נוזל לניקוי כללי,ליטרים,5.00,ליטר,false,0,89.90,17.98,true,1,
5412533420364,false,נוזל כביסה פורמולה מרוכזת 1 ליטר,אקובר,BE,נוזל לכביסה,ליטרים,1.00,ליטר,false,1,43.90,43.90,true,1,
5412956221203,false,שוקולד חלב קאשט שברי קרמל ומלח ים 180 גר,KIMS,BE,שוקולד חלב,גרמים,180.00,100 גרם,false,1,15.90,8.83,true,1,
5413548040479,false,בונבוניירה רפאלו 240 גרם,פרימיום חברה לדברי מתיקה ולמסח,PL,בונבוניירה רפאלו,גרמים,240.00,100 גרם,false,0,24.90,10.38,true,1,
5600395030689,false,סרדין בשמן סויה חריף115ג,קופיסה אס.איי,PT,סרדין בשמן,גרמים,115.00,100 גרם,false,0,7.90,6.87,true,1,
5600395034083,false,סרדינים בשמן זית אורגני 120 גרם,קופיסה אס.איי,PT,סרדינים בשמן זית,גרמים,120.00,100 גרם,false,1,8.90,7.42,true,1,
5601008200444,false,עוגיות גודיס טבעות מצופות שוקולד חלב מרבה 150 גרם,הנסיך- מפעל לייצור ט,PT,עוגיות גודיס,גרמים,150.00,100 גרם,false,0,6.90,4.60,true,1,
5601008200468,false,עוגיות גודיס טבעות מצופות שוקולד לבו מרבה 150 גרם,קריניציה ויטמינה אס,PT,עוגיות גודיס,גרמים,150.00,100 גרם,false,0,6.90,4.60,true,1,
5601036205558,false,צבע לשיער אקסלנס קרם - 4 חום כהה,לוריאל Loreal,BE,צבע שיער אקסלנס,יחידה,1.00,יחידה,false,0,34.90,34.90,true,1,
5601036205572,false,לוריאל - אקסלנס קרם 4.54 חום מהגוני נחושתי,לוריאל,BE,אקסלנס,יחידה,1.00,יחידה,false,0,34.90,34.90,true,1,
5601036205602,false,צבע לשיער אקסלנס קרם - 5.5 חום מהגוני,לוריאל ישראל קוסמטיקס בע,BE,צבע לשיער אקסלנס,יחידה,1.00,יחידה,false,0,34.90,34.90,true,1,
5601036205664,false,לוריאל - אקסלנס קרם 7.1 בלונד טבעי אפרפר,ליברמו,BE,צבעי שיער אקסלנס,יחידה,1.00,יחידה,false,0,34.90,34.90,true,1,
5601217129420,false,וולייט דפים למניעת העברת צבע 20 יחידות,רקיט בנקיזר (ניר איסט) בעמ,IT,וולייט דפים,יחידה,1.00,יחידה,false,1,19.90,19.90,true,1,
5701932026964,false,"הוטפופ גרעיני תירס להכנת פופקורן במיקרוגל בטעם טבעי, בתוספת מלח, 600 גרם",ליימן שליסל בע`מ,US,פופקורן הוטפופ,גרמים,600.00,100 גרם,false,0,14.90,2.48,true,1,
5701932026971,false,הוטפופ גרעיני תירס להכנת פופקורן במיקרוגל בטעם חמאה 600 גרם,ליימן שליסל בע`מ,US,הוטפופ טעם חמאה,גרמים,600.00,100 גרם,false,0,14.90,2.48,true,1,
5701932026995,false,"הוטפופ גרעיני תירס להכנת פופקורן במיקרוגל בטעם טבעי מופחת שומן, 510 גרם",קריניציה ויטמינה אס,US,הוטפופ טעם טבעי,גרמים,510.00,100 גרם,false,0,14.90,2.92,true,1,
5711953106583,false,גבינת שמנת בטעם טבעי 200 גרם ארלה,שטראוס גרופ בעמ/מצונן,DK,ארלה גבינת שמנת,גרמים,200.00,100 גרם,false,1,15.90,7.95,true,1,
5711953106590,false,גבינת שמנת ארלה שמנת שום 200 גרם,שטראוס גרופ בעמ/מצונן,DK,ארלה גבינת שמנת,גרמים,200.00,100 גרם,false,1,15.90,7.95,true,1,
5740900403215,false,ממרח חמאה דנית לורפק עם מלח 250 גרם,שטראוס גרופ בעמ/מצונן,DK,ממרח לורפק,גרמים,250.00,100 גרם,false,1,16.90,6.76,true,1,
5740900403222,false,ממרח לורפק חמאה עם מלח מופחת שומן 250 ג,שטראוס גרופ בעמ/מצונן,DK,ממרח לורפק,גרמים,250.00,100 גרם,false,1,16.90,6.76,true,1,
5740900403239,false,ממרח חמאה דנית לורפק ללא מלח 250 גרם,שטראוס גרופ בעמ/מצונן,DK,ממרח לורפק,גרמים,250.00,100 גרם,false,1,16.90,6.76,true,1,
5740900403246,false,ממרח לורפק ללא תוספת מלח 500 גר,שטראוס גרופ בעמ/מצונן,DK,ממרח לורפק,גרמים,500.00,100 גרם,false,1,28.90,5.78,true,1,
5740900403253,false,ממרח מחמאת לורפק עם מלח 500 ג',שטראוס גרופ בעמ/מצונן,DK,ממרח לורפק,גרמים,500.00,100 גרם,false,1,28.90,5.78,true,1,
5740900403260,false,ממרח מחמאת לורפק ללא מלח 27% פחות שומן,שטראוס גרופ בעמ/מצונן,DK,ממרח לורפק,גרמים,250.00,100 גרם,false,1,16.90,6.76,true,1,
5740900403864,false,חמאה +מלח 200 גרם לורפק כשרות או קיי,שטראוס גרופ בעמ/מצונן,DK,חמאת לורפק,גרמים,200.00,100 גרם,false,1,11.90,5.95,true,1,
5900017062419,false,"ניוואה - תחליב רחצה ורדים ושמן שקדים 750 מ""ל",אלפא ב.ד.ף בעמ,DE,תחליב רחצה רוז,מיליליטרים,750.00,"100 מ""ל",false,1,16.90,2.25,true,1,
5900020012814,false,דגנים תפוחים בטעם שוקולד נסקוויק נסטלה 500 גרם,קבוצת אוסם סחר שותפות מוגבלת,PL,דגני נסקוויק,גרמים,500.00,100 גרם,false,0,25.60,5.12,true,1,
5900020015174,false,פיטנס חטיפי אנרגיה דגנים בטעם שוקולד נסטלה 6*23.5 גרם,קבוצת אוסם סחר-שות.מוגבלת,PL,חטיפי פיטנס 6 יח,גרמים,141.00,100 גרם,false,0,15.80,11.21,true,1,
5900020018908,false,פיטנס חטיפי אנרגיה דגנים בטעם קרם עוגיות נסטלה 6*23.5 גרם,קבוצת אוסם סחר-שות.מוגבלת,PL,חטיפי פיטנס 6 יח,גרמים,141.00,100 גרם,false,0,15.80,11.21,true,1,
5900020020710,false,מארז חטיף דגנים קראנץ' בטעם שוקו וניל נסטלה,קבוצת אוסם סחר שותפות מוגבלת,PL,קראנץ' חטיפים,גרמים,150.00,100 גרם,false,0,15.80,10.53,true,1,
5900020022325,false,חטיף סיני מיניס Cini Minis בטעם קינמון - 6 במארז,קבוצת אוסם סחר שותפות מוגבלת,PL,חטיפי סיני מיניס,גרמים,150.00,100 גרם,false,0,15.80,10.53,true,1,
5900020025807,false,נסטלה - דגני סיני מיניס 375 גרם,קבוצת אוסם סחר שותפות מוגבלת,PL,סיני מיניס,גרמים,375.00,100 גרם,false,1,13.90,3.71,true,1,
5900020026552,false,דגני בוקר האני נאט צ'יריוס בטעם דבש ושקדים,קבוצת אוסם סחר שותפות מוגבלת,FR,האני נאט צ'יריוס,גרמים,625.00,100 גרם,false,1,25.90,4.14,true,1,
5900020026859,false,צ'ריוס האני נאט 375 גרם,קבוצת אסם סחר,FR,צ'ריוס האני נאט,גרמים,375.00,100 גרם,false,1,13.90,3.71,true,1,
5900020029669,false,פיטנס - חטיף דגנים פירות יער 23.50 גרם * 6,קבוצת אוסם סחר שותפות מוגבלת,PL,חטיף דגנים פיטנס,גרמים,141.00,100 גרם,false,1,15.80,11.21,true,1,
5900020031877,false,נסטלה האני ציריוס חטיף דגני בוקר שישייה,קבוצת אוסם סחר-שות.מוגבלת,PL,חטיפי צ'יריוס6יח,גרמים,132.00,100 גרם,false,1,15.80,11.97,true,1,
5900020032539,false,מארז חטיף פיטנס שוקולד 8 X 23.5 גרם,קבוצת אוסם סחר שותפות מוגבלת,PL,חטיפי פיטנס 6 יח,גרמים,188.00,100 גרם,false,1,15.80,8.40,true,1,
5900020034021,false,פיטנס חטיף דגנים שוקו בננה נסטלה (23.5x6,קבוצת אוסם סחר שותפות מוגבלת,PL,חטיפי פיטנס 6 יח,גרמים,141.00,100 גרם,false,1,15.80,11.21,true,1,
5900020036407,false,ליון דגני בוקר שוקולד וקרמל נסטלה 480 גרם,קבוצת אוסם סחר שותפות מוגבלת,PL,ליון דגני בוקר,גרמים,480.00,100 גרם,false,1,25.90,5.40,true,1,
5900020037916,false,דגני בוקר שיבולת שועל צ'ריוס 375ג',קבוצת אוסם סחר שותפות מוגבלת,PL,צ'יריוס שיבולת,גרמים,375.00,100 גרם,false,1,15.90,4.24,true,1,
5900020039132,false,דגני בוקר צ'יריוס משיבולת שועל בטעם תפוח עץ קינמון,קבוצת אוסם סחר-שות.מוגבלת,PL,צ'יריוס ש.שועל,גרמים,320.00,100 גרם,false,1,15.90,4.97,true,1,
5900020039590,false,פיטנס חטיף דגנים קלאסי 6.8*23.5גר פרווה,קבוצת אוסם סחר-שות.מוגבלת,PL,חטיפי פיטנס 6 יח,גרמים,141.00,100 גרם,false,1,15.80,11.21,true,1,
5900020039620,false,פיטנס חטיף דגנים שקדים ודבש פרווה 8 6*23 ג,קבוצת אוסם סחר שותפות מוגבלת,PL,חטיפי פיטנס 6 יח,גרמים,138.00,100 גרם,false,1,15.80,11.45,true,1,
5900020041142,false,קורנפלקס פיטנס 500 ג' אסם,קבוצת אוסם סחר-שות.מוגבלת,PL,קורנפלקס פיטנס,גרמים,500.00,100 גרם,false,1,13.90,2.78,true,1,
5900627026429,false,"סיליט באנג גיל לניקוי אסלות בתוספת אקונומיקה 750מ""ל",תה ויסוצקי בע`מ,PL,סיליט אקונומיקה,מיליליטרים,750.00,"100 מ""ל",false,0,9.90,1.32,true,1,
5900627027020,false,"ויט קרם להסרת שיער בזמן מקלחת לעור רגיל 150 מ""ל",רקיט בנקיזר (ניר איסט) בעמ,IL,קרם להסרת שיער,מיליליטרים,150.00,"100 מ""ל",false,0,44.50,29.67,true,1,
5900627063233,false,טבליות למדיח הכל ב-1 פיניש מקס 50 יחידות,רקיט בנקיזר (ניר איסט) בעמ,PL,פיניש AIO,יחידה,1.00,יחידה,false,1,34.90,34.90,true,1,
5900907000583,false,מלפפון בחומץ 920 גרם צנצנת,דברים טובים סגל בעמ,PL,מלפפונים בחומץ,גרמים,900.00,100 גרם,false,0,14.90,1.66,true,1,
5900907000835,false,"מלפפונים בחומץ 2.55 ק""ג",דברים טובים סגל בעמ,PL,מלפפונים בחומץ,קילוגרמים,2.55,"ק""ג",false,0,32.20,12.63,true,1,
5900907001450,false,מלפפון במלח צנצנת 920 גרם,דברים טובים סגל בעמ,PL,מלפפונים במלח,גרמים,900.00,100 גרם,false,0,14.90,1.66,true,1,
5901414200411,false,בלזן היט מיני ביסקוויט סנדוויץ' עם מילוי קרם בטעם שוקולד 130 גרם,ליימן שליסל בע`מ,PL,היט מיניס שוקו,גרמים,130.00,100 גרם,false,0,6.30,4.85,true,1,
5901888020508,false,FREEYU חטיף דגנים עם קינואה בטעם צ'ילי 70 גרם,"דנשר (1963) בע,מ",PL,חטיף קינואה,גרמים,70.00,100 גרם,false,1,12.90,18.43,true,1,
5901888020560,false,חטיף דגנים עם קינואה בטעם עשבי תיבול 70ג FREEYU,"דנשר (1963) בע,מ",PL,חטיף קינואה,גרמים,70.00,100 גרם,false,1,12.90,18.43,true,1,
5902198160403,false,XL משקה אנרגיה מוגז ללא סוכר עד 10 קלוריות לפחית 250 מל,"טמפו משקאות בע""\מ",IL,משקה אנרגיה,מיליליטרים,250.00,"100 מ""ל",false,1,4.90,1.96,true,1,
5904941750312,false,"משקה אנרגיה BLU מוחיטו בודד 250 מ""ל",בני פאוזי שמשום (2009) בעמ,PL,בלו מוחיטו,מיליליטרים,250.00,"100 מ""ל",false,0,4.00,1.60,true,1,
5904941751302,false,משקה אנרגיה בפחית בלו (250 מל),בני פאוזי שמשום (2009) בעמ,PL,משקה אנרגיה,מיליליטרים,250.00,"100 מ""ל",false,0,4.00,1.60,true,1,
5904941751920,false,בלו משקה אנרגיה דיי חצי מכמות הקלו250 מל,בני פאוזי שמשום (2009) בעמ,PL,בלו דיי משקה,מיליליטרים,250.00,"100 מ""ל",false,0,4.00,1.60,true,1,
5906485301012,false,משקה אנרגיה XL מוגז פחית 250 מל,"טמפו משקאות בע""מ",IL,משקה אנרגיה XL,מיליליטרים,250.00,"100 מ""ל",false,0,4.90,1.96,true,1,
5907713370381,false,סוכריות טופי קוקוס וקקאו אורגני 150 ג,קוקירניזה ספולדזילניה אינוואלידו ידנוסק,PL,סוכריות טופי,גרמים,150.00,100 גרם,false,1,21.90,14.60,true,1,
5997010301010,false,מחית פפריקה מתוקה 70 גר`תבליני טעם וריח,תבליני טעם וריח בעמ,HU,מחית פפריקה,גרמים,70.00,100 גרם,false,0,10.90,15.57,true,1,
5998623526739,false,יין גוורצטרמינר חצי מתוק סי גראס 750 מ,מ. אקרמן בעמ,HU,יין גוורצטרמינר,מיליליטרים,750.00,"100 מ""ל",false,1,39.90,5.32,true,1,
5998749108536,false,חטיף ויסקס סלמון 60 גרם,שחורי אריה ואנסטסיה,HU,חטיף לחתול סלמון,גרמים,60.00,100 גרם,false,0,9.90,16.50,true,1,
5998749108550,false,חטיף ויסקס עוף וגבינה 60,שחורי אריה ואנסטסיה,HU,חטיף ויסקס,גרמים,60.00,100 גרם,false,0,9.90,16.50,true,1,
5998749108574,false,חטיף בקר לחתולים 60 גרם וויסקס,שחורי אריה ואנסטסיה,HU,ויסקס חטיף בקר,גרמים,60.00,100 גרם,false,0,9.90,16.50,true,1,
6008165271192,false,סיגריות פאל מל ארוך אדום בודד,גלוברנדס בעמ - שיווק סיגריות,TR,פאלמאל אדום ארוך,יחידה,1.00,יחידה,false,0,30.50,30.50,false,1,
6008165274629,false,פאל מאל כחול ארוך סטרים פילטר חפיסה,גלוברנדס בעמ - שיווק סיגריות,TR,פאלמאל ארוך טיוב,יחידה,1.00,יחידה,false,1,30.50,30.50,false,1,
6009188004828,false,קיט קאט צ`אנקי לבן 40 גר`,קבוצת אוסם סחר שותפות מוגבלת,BG,קיט קט צ'אנקי,גרמים,40.00,100 גרם,false,1,3.90,9.75,true,1,
6009893614206,false,"יין קייפ גואל גוורצטרמינר ריזרב 750 מ""ל",קייפ ג'ואל,ZA,קייפ ג'ואל גוורצ,מיליליטרים,750.00,"100 מ""ל",false,1,39.90,5.32,true,1,
6111094000013,false,קוסקוס להכנה מהירה דארי (1 קג),תומר ייבוא ושיווק מוצרי מזון [,MA,קוסקוס דארי,קילוגרמים,1.00,"ק""ג",false,1,17.90,17.90,true,1,
6111094000242,false,תומר קוסקוס דארי דק 500גר,תומר ייבוא ושיווק מוצרי מזון [,MA,קוסקוס דארי דק,גרמים,500.00,100 גרם,false,1,9.90,1.98,true,1,
6111094000259,false,קוסקוס דארי בינוני 500 גר`,תומר ייבוא ושיווק מוצרי מזון [,MA,קוסקוס דארי,גרמים,500.00,100 גרם,false,1,9.90,1.98,true,1,
6111094000273,false,דארי קוסקוס שעורה 500 גרם,תומר יבוא ושיווק מוצרי מזון (1,MA,קוסקוס דארי שעור,גרמים,500.00,100 גרם,false,1,9.90,1.98,true,1,
6111094001164,false,דארי אטריות מרוקאיות 500 גרם,תומר יבוא ושיווק מוצרי מזון (1,MA,אטריות מרוקאיות,גרמים,500.00,100 גרם,false,1,9.90,1.98,true,1,
6910191800287,false,אצות נורי בלו 10 דף (ננגטונג),מזרח ומערב יבוא ושיווק,CN,אצות ים נורי,גרמים,28.00,100 גרם,false,0,12.90,46.07,true,1,
6912977000140,false,אטריות שעועית 250 גר' ( Yantai)ללא גלוטן(כ),מזרח ומערב יבוא ושיווק,CN,אטריות שעועית,גרמים,250.00,100 גרם,false,0,8.80,3.52,true,1,
6920354822223,false,משחת שיניים נטורל גינגר קוקוס קולגייט 90 ג',קולגייט פלמוליב,BR,משחת שיניים,מיליליטרים,68.00,"100 מ""ל",false,1,29.90,43.97,true,1,
6920354824395,false,משחת שיניים נטורל תמציות פחם קולגייט 90 ג',קולגייט פלמוליב,BR,משחת שיניים,גרמים,90.00,100 גרם,false,1,29.90,33.22,true,1,
6921052701001,false,אצות וואקמה 40 גרם (רונגצ'אנג)(כ),מזרח ומערב יבוא ושיווק,CN,אצות ווקאמה,גרמים,40.00,100 גרם,false,0,8.90,22.25,true,1,
6922276100083,false,מחית וואסבי -חזרת 43 גרם (דליאן),מזרח ומערב יבוא ושיווק,CN,וואסבי 43 גרם,גרמים,43.00,100 גרם,false,0,9.50,22.09,true,1,
6933846212365,false,חול קריסטל לחתול 3.6,,CN,חול קריסטל,ליטרים,3.60,ליטר,false,0,25.90,7.19,true,1,
6934731200078,false,אטריות טריות דקות מזרח מערב 200 גרם,יאנטאי ינסידה לנוגקא,CN,אטריות טריות,גרמים,200.00,100 גרם,false,1,6.90,3.45,true,1,
6934731210138,false,אטריות טריות עבות מזרח מערב 200 גרם,יאנטאי ינסידה לנוגקא,CN,אטריות טריות,גרמים,200.00,100 גרם,false,1,6.90,3.45,true,1,
6935325410118,false,שום יבוא יחידה,קטיף.,XX,שום יבוא,גרמים,190.00,100 גרם,false,0,5.90,3.11,true,1,
6936745600462,false,"מירין 500 מ""ל (דאניינג)",מזרח ומערב יבוא ושיווק,CN,"מירין 500 מ""ל",מיליליטרים,500.00,"100 מ""ל",false,0,20.90,4.18,true,1,
6936745600783,false,"חומץ אורז מזרח מערב 500 מ""ל",מזרח ומערב יבוא ושיווק,CN,חומץ אורז 500 מל,מיליליטרים,500.00,"100 מ""ל",false,0,15.90,3.18,true,1,
6974640730167,false,פטריות שיטאקה 100 גר (כ) (Zhejiang),מזרח ומערב יבוא ושיווק,CN,פטריות שיטאקה,גרמים,100.00,100 גרם,false,1,14.90,14.90,true,1,
7271730901261,false,ווקי מאק ארוחת אטריות עם גבינה 156 גרם,ניו וורלד פסטה קומפנ,US,ארוחת אטריות,גרמים,156.00,100 גרם,false,0,10.90,6.99,true,1,
7280109394412,false,מארז גיפט קארד מהודר,,CN,מארז גיפטקארד,יחידה,1.00,יחידה,false,1,6.00,6.00,true,1,
7290000000022,true,עגבניות חממה,קטיף.,IL,עגבניה,קילוגרמים,0.00,"ק""ג",true,0,6.90,6.90,true,1,
7290000000046,true,מלפפונים,קטיף.,IL,מלפפונים,קילוגרמים,0.00,"ק""ג",true,0,6.90,6.90,true,1,
7290000000053,true,קישואים,קטיף.,IL,קישואים,קילוגרמים,0.00,"ק""ג",true,0,8.90,8.90,true,1,
7290000000077,true,פטריות חורש,קטיף.,IL,פטריות חורש,קילוגרמים,0.00,"ק""ג",true,0,36.90,36.90,true,1,
7290000000084,true,פלפל ירוק בהיר,שותפות מזרחי,IL,פלפל ירוק בהיר,קילוגרמים,0.00,"ק""ג",true,0,9.90,9.90,true,1,
7290000000091,true,פלפל אדום,קטיף.,IL,פלפל אדום,קילוגרמים,0.00,"ק""ג",true,0,9.90,9.90,true,1,
7290000000107,true,פלפל ירוק כהה,קטיף.,IL,פלפל ירוק כהה,קילוגרמים,0.00,"ק""ג",true,0,8.90,8.90,true,1,
7290000000114,true,חצילים,קטיף.,IL,חצילים,קילוגרמים,0.00,"ק""ג",true,0,6.90,6.90,true,1,
7290000000121,true,גזר ארוז,קטיף.,IL,גזר ארוז,קילוגרמים,0.00,"ק""ג",true,0,3.90,3.90,true,1,
7290000000138,true,כרוב לבן,קטיף.,IL,כרוב לבן,קילוגרמים,0.00,"ק""ג",true,0,3.90,3.90,true,1,
7290000000145,true,כרוב אדום,קטיף.,IL,כרוב אדום,קילוגרמים,0.00,"ק""ג",true,0,4.90,4.90,true,1,
7290000000176,true,כרובית,קטיף.,IL,כרובית,קילוגרמים,0.00,"ק""ג",true,0,9.90,9.90,true,1,
7290000000183,true,סלק,קטיף.,IL,סלק,קילוגרמים,0.00,"ק""ג",true,0,3.90,3.90,true,1,
7290000000220,true,קולורבי,קטיף.,IL,קולורבי,קילוגרמים,0.00,"ק""ג",true,0,9.90,9.90,true,1,
7290000000282,true,חסה ערבית יחידה,קטיף,IL,חסה ערבית,יחידה,1.00,יחידה,false,0,5.90,5.90,true,1,
7290000000350,true,מנגולד )סלק עלים( יחידה,קטיף.,IL,פזיל/ מנגולד,יחידה,1.00,יחידה,false,0,5.90,5.90,true,1,
7290000000367,true,פטריות למילוי,קטיף.,IL,פטריות למילוי,קילוגרמים,0.00,"ק""ג",true,0,35.90,35.90,true,1,
7290000000411,true,שום - רביעייה במארז,קטיף.,XX,שום מארז,גרמים,190.00,100 גרם,false,0,5.90,3.11,true,1,
7290000000428,true,בטטות מובחר,קטיף.,IL,בטטה,קילוגרמים,0.00,"ק""ג",true,0,9.90,9.90,true,1,
7290000000435,true,סלרי עלים יחידה,קטיף,IL,סלרי עלים,יחידה,1.00,יחידה,false,0,5.90,5.90,true,1,
7290000000466,true,בצל ירוק יחידה,קטיף.,IL,בצל ירוק,יחידה,1.00,יחידה,false,0,5.90,5.90,true,1,
7290000000480,true,בצל יבש,קטיף.,IL,בצל יבש,קילוגרמים,0.00,"ק""ג",true,0,3.90,3.90,true,1,
7290000000503,true,תפוח אדמה קטן ארוז,קטיף.,IL,"תפו""א קטן ארוז",קילוגרמים,0.00,"ק""ג",true,0,6.90,6.90,true,1,
7290000000510,true,פטרוזיליה יחידה,קטיף.,IL,פטרוזיליה,יחידה,1.00,יחידה,false,0,3.90,3.90,true,1,
7290000000527,true,שמיר יחידה,קטיף,IL,שמיר,יחידה,1.00,יחידה,false,0,3.90,3.90,true,1,
7290000000534,true,סלרי ראש יחידה,קטיף,IL,סלרי ראש,יחידה,1.00,יחידה,false,0,5.90,5.90,true,1,
7290000000541,true,שורש פטרוזיליה,קטיף,IL,שורש,יחידה,1.00,יחידה,false,0,5.90,5.90,true,1,
7290000000558,true,כוסברה יחידה,קטיף.,IL,כוסברה,יחידה,1.00,יחידה,false,0,3.90,3.90,true,1,
7290000000565,true,נענע יחידה,קטיף,IL,נענע,יחידה,1.00,יחידה,false,0,3.90,3.90,true,1,
7290000000572,true,שומר,קטיף.,IL,שומר,קילוגרמים,0.00,"ק""ג",true,0,8.90,8.90,true,1,
7290000000589,true,"ארטישוק/תפו""א ירושלמי",קטיף.,IL,"ארטישוק/תפו""א",קילוגרמים,0.00,"ק""ג",true,0,15.90,15.90,true,1,
7290000000596,true,תפוח אדמה לבן תפזורת,קטיף.,IL,תפוח אדמה תפזורת,קילוגרמים,0.00,"ק""ג",true,0,4.90,4.90,true,1,
7290000000619,true,פלפל חריף,שותפות מזרחי,IL,פלפל חריף,קילוגרמים,0.00,"ק""ג",true,0,9.90,9.90,true,1,
7290000000633,true,עירית יחידה,קטיף,IL,עירית יחידה,יחידה,1.00,יחידה,false,0,5.90,5.90,true,1,
7290000000701,true,פטריות שמפניון למילוי,קטיף.,IL,שמפניון למילוי,קילוגרמים,0.00,"ק""ג",true,0,35.90,35.90,true,1,
7290000000718,true,פטריות חורש במשקל,קטיף.,IL,פטריות חורש,קילוגרמים,0.00,"ק""ג",true,0,35.90,35.90,true,1,
7290000000732,true,דלורית,קטיף.,IL,דלורית,קילוגרמים,0.00,"ק""ג",true,0,5.90,5.90,true,1,
7290000000794,true,גבעולי סלרי יחידה,יראון עבודות חקלאיות,IL,גבעולי סלרי,יחידה,1.00,יחידה,false,0,5.90,5.90,true,1,
7290000000824,true,קשוא ירוק )זוקיני(,קטיף.,IL,קשוא ירוק,קילוגרמים,0.00,"ק""ג",true,0,9.90,9.90,true,1,
7290000000848,true,תירס קלוף ארוז,קטיף.,IL,תירס קלוף ארוז,קילוגרמים,0.00,"ק""ג",true,0,8.90,8.90,true,1,
7290000000855,true,פלפל צהוב,קטיף.,IL,פלפל צהוב,קילוגרמים,0.00,"ק""ג",true,0,9.90,9.90,true,1,
7290000000916,true,עגבניה שרי סוכריות יח,קטיף.,IL,עגבניה שרי בודד,יחידה,1.00,יחידה,false,0,9.90,9.90,true,1,
7290000000930,true,קישוא עגול,קטיף.,IL,קישוא עגול,קילוגרמים,0.00,"ק""ג",true,0,12.90,12.90,true,1,
7290000000954,true,רוקט ג.נחל חידה,קטיף.,IL,רוקט+ג.נחל-יח,יחידה,1.00,יחידה,false,0,5.90,5.90,true,1,
7290000001036,true,בצל יבש אדום,קטיף.,XX,בצל יבש אדום,קילוגרמים,0.00,"ק""ג",true,0,6.90,6.90,true,1,
7290000001050,true,בזיליקום יחידה,קטיף,IL,בזיליקום יחידה,יחידה,1.00,יחידה,false,0,5.90,5.90,true,1,
7290000001661,true,גזר תפזורת,קטיף.,IL,גזר תפזורת,קילוגרמים,0.00,"ק""ג",true,0,4.90,4.90,true,1,
7290000001692,true,תפוח אדמה אדום ארוז,קטיף.,IL,תפוא אדום ארוז,קילוגרמים,0.00,"ק""ג",true,0,4.90,4.90,true,1,
7290000001715,true,תפוח אדמה לבן ארוז,קטיף.,IL,תפוח אדמה לבן,קילוגרמים,0.00,"ק""ג",true,0,3.90,3.90,true,1,
7290000001722,true,תפוח אדמה אדום תפזורת,קטיף.,IL,"תפו""א אדום תפז'",קילוגרמים,0.00,"ק""ג",true,0,5.90,5.90,true,1,
7290000002040,true,חלה רגילה 500 גרם,מאפית ברמן,IL,חלה רגילה,גרמים,500.00,100 גרם,false,0,5.10,1.02,true,1,
7290000002071,true,חלה קלועה רגילה 500 גרם,מאפית ברמן,IL,חלה קלועה רגילה,גרמים,500.00,100 גרם,false,0,5.10,1.02,true,1,
7290000002255,true,חלה עגולה רגילה 500 גרם,מאפית ברמן,IL,חלה עגולה רגילה,גרמים,500.00,100 גרם,false,0,5.10,1.02,true,1,
7290000020327,false,זית יווני/שחור משקל,שופרסל,IL,זית יווני/שחור,קילוגרמים,0.00,"ק""ג",true,0,59.00,59.00,true,1,
7290000023083,false,ערק אשקלון בקבוק 700,טמפו משקאות בע`מ,IL,ערק אשקלון,מיליליטרים,700.00,"100 מ""ל",false,0,49.90,7.13,true,1,
7290000023410,false,"ליקר שטוק קפה 750 מ""ל","יקבי ברקן בע""\מ",IL,ליקר שטוק קפה,מיליליטרים,750.00,"100 מ""ל",false,1,49.90,6.65,true,1,
7290000023434,false,"ליקר שטוק וישניאק 750מ""ל",טמפו משקאות בעמ,IL,ליקר וישניאק,מיליליטרים,750.00,"100 מ""ל",false,0,49.90,6.65,true,1,
7290000023809,false,קלאסיק קברנה סובניון יקבי ברקן (750 מל),יקבי ברקן שיווק והפצה בע,IL,קברנה קלאסיק,מיליליטרים,750.00,"100 מ""ל",false,0,32.90,4.39,true,1,
7290000023816,false,קלאסיק אמרלד ריזלינג יקבי ברקן (750 מל),יקבי ברקן שיווק והפצה בע,IL,ריזלינג קלאסיק,מיליליטרים,750.00,"100 מ""ל",false,0,32.90,4.39,true,1,
7290000023823,false,"יין קלאסיק סוביניון בלאן ברקן 750 מ""ל",יקבי ברקן שיווק והפצה בע,IL,סוביניון בלאן,מיליליטרים,750.00,"100 מ""ל",false,0,32.90,4.39,true,1,
7290000023830,false,יין קברנה בלאש סמוק ברקן קלאסי,יקבי ברקן שיווק והפצה בע,IL,רוזה קלאסיק,מיליליטרים,750.00,"100 מ""ל",false,0,32.90,4.39,true,1,
7290000023960,false,"ברקן קלאסיק שיראז 750מ""ל",יקבי ברקן,IL,יין שיראז קלאסיק,מיליליטרים,750.00,"100 מ""ל",false,0,32.90,4.39,true,1,
7290000023977,false,קלאסיק מרלו יקבי ברקן (750 מל),יקבי ברקן שיווק והפצה בע,IL,מרלו קלאסיק,מיליליטרים,750.00,"100 מ""ל",false,0,32.90,4.39,true,1,
7290000024202,false,רזרב קברנה סובניון יקבי ברקן (750 מל),ברקן שיווק והפצה בעמ,IL,ברקן רזרב,מיליליטרים,750.00,"100 מ""ל",false,0,44.90,5.99,true,1,
7290000024264,false,רזרב מרלו יקבי ברקן (750 מל),"כרמי צבי - אחים סגל בע""\",IL,מרלו רזרב,מיליליטרים,750.00,"100 מ""ל",false,0,44.90,5.99,true,1,
7290000024455,false,"יין מתוק לקידוש 187 מ""ל","כרמי צבי-אחים סגל בע""\מ",IL,יין מתוק קידוש,מיליליטרים,187.00,"100 מ""ל",false,0,4.90,2.62,true,1,
7290000024523,false,"תירוש של סגל ,מיץ ענבים , 1 ליטר",כרמי צבי - האחים סגל,IL,תירוש ענבים,ליטרים,1.00,ליטר,false,0,14.90,14.90,true,1,
7290000024530,false,יין אדום מתוק קידוש של סגל 750 מל,"כרמי צבי - אחים סגל בע""\",IL,יין מתוק לקידוש,מיליליטרים,750.00,"100 מ""ל",false,0,17.90,2.39,true,1,
7290000024554,false,"יין אסמבלאז' ריחן 2013 ברקן 750 מ""ל",יקבי ברקן,IL,אסמבלאז' ריחן,מיליליטרים,750.00,"100 מ""ל",false,1,59.90,7.98,true,1,
7290000024578,false,ברקן צפית יין אדום יבש 2014 מל,טמפו משקאות בעמ,IL,אסמבלאז' צפית,מיליליטרים,750.00,"100 מ""ל",false,1,59.90,7.98,true,1,
7290000034256,false,ביסקוויט תירוש חצי מצופה 175 ג`הדר*,ח.כהן סוכנות מזון ומשקאות בע,IL,ביסקוויט תירוש,גרמים,175.00,100 גרם,false,0,5.90,3.37,true,1,
7290000040042,false,יוגורט יופלה תות 3% שומן 150 גרם,"תנובה בע""מ ***",IL,יופלה תות 3%,גרמים,150.00,100 גרם,false,0,5.00,3.33,true,1,
7290000040066,false,יוגורט יופלה דובדבן 3% שומן 150 גרם,תנובה מרכז שיתופי לש,IL,יופלה דובדבן3%,גרמים,150.00,100 גרם,false,0,5.00,3.33,true,1,
7290000040080,false,יוגורט יופלה אפרסק 3% שומן 150 גרם,"תנובה בע""מ ***",IL,יופלה אפרסק3%,גרמים,150.00,100 גרם,false,0,5.00,3.33,true,1,
7290000040301,false,תנובה עין גדי קממבר מחלב בקר 24% שומן,תנובה מרכז שיתופי לש,IL,עין גדי קממבר,גרמים,125.00,100 גרם,false,0,18.50,14.80,true,1,
7290000040318,false,גבינת עדי ברי 24% קולאז` (125 גרם)קולקש,תנובה מרכז שיתופי לש,IL,גבינת עדי ברי24%,גרמים,125.00,100 גרם,false,0,19.50,15.60,true,1,
7290000040974,false,חלב 2% דל לקטוז בקרטון תנובה (1 ליטר),תנובה מרכז שיתופי לש,IL,חלב טרי דל לקטוז,ליטרים,1.00,ליטר,false,0,7.10,7.10,true,1,
7290000041858,false,"שמנת חמוצה 15% מועשרת יטבתה 200 מ""ל",שטראוס גרופ בעמ/מצונן,IL,שמנת חמוצה יטבתה,מיליליטרים,200.00,"100 מ""ל",false,0,2.40,1.20,true,1,
7290000041865,false,"לבן 4.5% שומן מהדרין ""יטבתה""",שטראוס גרופ בעמ/מצונן,IL,לבן יטבתה4.5%,מיליליטרים,200.00,"100 מ""ל",false,0,2.00,1.00,true,1,
7290000041872,false,"לבן 3% יטבתה 200מ""ל מהדרין",שטראוס גרופ בעמ/מצונן,IL,לבן יטבתה 3%,מיליליטרים,200.00,"100 מ""ל",false,0,2.00,1.00,true,1,
7290000042008,false,חלב 3% בשקית תנובה (1 ליטר)פיקוח,"תנובה, מחלבת רחובות",IL,חלב 3% בשקית,ליטרים,1.00,ליטר,false,0,5.43,5.43,true,1,
7290000042015,false,חלב 3% בשקית בדצ תנובה (1 ליטר)פיקוח,תנובה מרכז שיתופי לש,IL,חלב 3% שקית,ליטרים,1.00,ליטר,false,0,5.43,5.43,true,1,
7290000042404,false,חלב 3% מועשר מהדרין בשקית יטבתה (1 ליטר),שטראוס גרופ בעמ/מצונן,IL,חלב 3% בשקית,ליטרים,1.00,ליטר,false,0,5.90,5.90,true,1,
7290000042435,false,חלב דל שומן 1% בקרטון תנובה (1 ליטר)פיק,תנובה מרכז שיתופי לש,IL,חלב 1% בקרטון,ליטרים,1.00,ליטר,false,0,5.86,5.86,true,1,
7290000042442,false,"חלב תנובה טרי 3% ""תנובה"" - מוצר בפיקוח",תנובה בעמ ***,IL,חלב תנובה 3%,ליטרים,1.00,ליטר,false,0,6.23,6.23,true,1,
7290000042640,false,"חלב תנובה עמיד 3% קרטון 250 מ""ל",תנובה מרכז שיתופי לש,IL,חלב עמיד 3% שומן,מיליליטרים,250.00,"100 מ""ל",false,0,2.70,1.08,true,1,
7290000042855,false,"שוקו בשקית 250 מ""ל ""יטבתה""",שטראוס גרופ בעמ/מצונן,IL,שוקו בשקית,מיליליטרים,225.00,"100 מ""ל",false,0,2.50,1.11,true,1,
7290000043012,false,"שוקו עמיד 2% בקרטון 250 מ""ל תנובה",תנובה מרכז שיתופי לש,IL,שוקו עמיד,מיליליטרים,250.00,"100 מ""ל",false,0,4.60,1.84,true,1,
7290000043111,false,תנובה חמאה 200 גרם - מוצר בפיקוח,תנובה מרכז שיתופי לש,IL,חמאה תנובה,גרמים,200.00,100 גרם,false,0,7.80,3.90,true,1,
7290000043814,false,השף הלבן שמנת להקצפה 38% שומן 250 מל - מוצר בפיקוח,תנובה מרכז שיתופי לש,IL,שמנת עמידה לקצפת,מיליליטרים,250.00,"100 מ""ל",false,0,6.47,2.59,true,1,
7290000043890,false,תנובה רויון לבן מחלב מפסוטר 1.5%,תנובה מרכז שיתופי לש,IL,רויון בקרטון1.5%,ליטרים,1.00,ליטר,false,0,11.30,11.30,true,1,
7290000044712,false,יוגורט עם תות 1.5% שומן 500 ג' פרילי,מיוצר עי קונדיטוריית,IL,פרילי תות-שדה,גרמים,500.00,100 גרם,false,0,10.70,2.14,true,1,
7290000044880,false,יוגורט בטעם תות שדה 3% באדי (500 גרם),מיוצר עי קונדיטוריית,IL,מעדן באדי תות 3%,גרמים,500.00,100 גרם,false,0,8.80,1.76,true,1,
7290000045917,false,תנובה פרומעז גבינה מותכת מחלב עיזים 23% שומן,תנובה בעמ ***,IL,גבינת פרומעז,גרמים,200.00,100 גרם,false,0,26.60,13.30,true,1,
7290000046020,false,"גלבוע 22% שקילה}גבנ""צ{*.",תנובה מרכז שיתופי לש,IL,גבינת גלבוע 22%,קילוגרמים,0.00,"ק""ג",true,0,42.58,42.58,true,1,
7290000046327,false,גלבוע גבינה צהובה פרוסה 22% תנובה 200 גרם,תנובה מרכז שיתופי לש,IL,גבינת גלבוע פרוס,גרמים,200.00,100 גרם,false,0,13.00,6.50,true,1,
7290000046549,false,גבינת מוצרלה 20% במשקל,תנובה מרכז שיתופי לש,IL,גבינת מוצרלה,קילוגרמים,0.00,"ק""ג",true,0,80.00,80.00,true,1,
7290000046563,false,קולאג 23% פרמזן חריץ תנובה,תנובה מרכז שיתופי לש,IL,גבינת פרמז'ן 23%,גרמים,0.00,"ק""ג",true,0,113.00,113.00,true,1,
7290000047027,false,גב.קולאז' גלעד 27% במשקל,תנובה מרכז שיתופי לש,IL,גב.קשקבל /גלעד,קילוגרמים,0.00,"ק""ג",true,0,124.00,124.00,true,1,
7290000047034,false,רוקפור (26% גליל) חריץ תנובה,תנובה מרכז שיתופי לש,IL,גבינת רוקפור,קילוגרמים,0.00,"ק""ג",true,0,126.00,126.00,true,1,
7290000047485,false,גבינה בולגרית במשקל,תנובה מרכז שיתופי לש,IL,גבינה בולגרית,קילוגרמים,0.00,"ק""ג",true,0,59.00,59.00,true,1,
7290000047546,false,השף הלבן כנען גבינה לבנה דלת נתרן 5% תנובה 500 גרם,תנובה מרכז שיתופי לש,IL,גבינת כנען 5%,גרמים,500.00,100 גרם,false,0,23.90,4.78,true,1,
7290000047621,false,גבינה לבנה רכה 5% תנובה 250ג' מהדרין,תנובה מרכז שיתופי לש,IL,גבינה %5 מהדרי,גרמים,250.00,100 גרם,false,0,4.98,1.99,true,1,
7290000048185,false,גבינה לבנה 5% תנובה 250 גרם מהדרין,מיוצר עי קונדיטוריית,IL,גבינה לבנה 5%,גרמים,250.00,100 גרם,false,0,4.98,1.99,true,1,
7290000048192,false,גבינה לבנה 9% תנובה 250 גרם מהדרין,מחלבת אלון תבור,IL,גבינה לבנה 9%,גרמים,250.00,100 גרם,false,0,4.80,1.92,true,1,
7290000048413,false,גבינה חמד (25016% גרם)פיראוס תנובה,תנובה מרכז שיתופי לש,IL,גבינה מלוחה 16%,גרמים,250.00,100 גרם,false,0,18.90,7.56,true,1,
7290000048437,false,גבינת צפתית (2005% גרם)פיראוס תנובה,פארייפאבה אגרואינדוס,IL,גבינה צפתית 5%,גרמים,200.00,100 גרם,false,0,14.90,7.45,true,1,
7290000049458,false,גבינה בולגרית עיזים (25016% גרם)פיראוס,תנובה מרכז שיתופי לש,IL,פטה עיזים פיראוס,גרמים,250.00,100 גרם,false,0,28.40,11.36,true,1,
7290000051307,false,"מארז הפסקת אוכל עם דגני עוגי ומשקה חלב עמיד בטעם וניל 150 מ""ל",תנובה מרכז שיתופי לש,IL,מארז הפסקת אוכל,יחידה,1.00,יחידה,false,0,9.50,9.50,true,1,
7290000051352,false,חלב מלא בטעם של פעם 3.4% תנובה קרטון 1 ל',הרדוף תוצרת מזון אור,IL,חלב של פעם מלא,ליטרים,1.00,ליטר,false,0,7.40,7.40,true,1,
7290000051376,false,יוגורט יופלה דיאט אננס 0% שומן 150 גרם,תנובה מרכז שיתופי לש,IL,יופלה דיאט אננס,גרמים,150.00,100 גרם,false,0,5.00,3.33,true,1,
7290000052311,false,גבינה צהובה עמק לייט 15% שומן 200 גרם,תנובה מרכז שיתופי לש,IL,עמק 15% פרוס,גרמים,200.00,100 גרם,false,0,15.90,7.95,true,1,
7290000052649,false,לאבנה אסלית (5005% גרם)פיראוס תנובה,תנובה מרכז שיתופי לש,IL,לאבנה פיראוס 5%,גרמים,500.00,100 גרם,false,0,19.50,3.90,true,1,
7290000053219,false,טל העמק חריץ 32% במשקל,תנובה מרכז שיתופי לש,IL,טל העמק 32%,קילוגרמים,0.00,"ק""ג",true,1,58.00,58.00,true,1,
7290000055015,false,פיראוס גבינת פטה כבשים 5% תנובה 250 גרם,תנובה מחלבת טנא נוגה,IL,פטה כבשים פיראוס,גרמים,250.00,100 גרם,false,0,26.90,10.76,true,1,
7290000055336,false,"משקה יוגורט 1.5% בטעם בננה אפרסק יופלה 250 מ""ל",תנובה מרכז שיתופי לש,IL,משקה יוגורט,גרמים,250.00,100 גרם,false,0,5.40,2.16,true,1,
7290000055343,false,משקה יוגורט יופלה פירות טרופיים 250 גרם,תנובה מרכז שיתופי לש,IL,משקה יוגורט,גרמים,250.00,100 גרם,false,0,5.40,2.16,true,1,
7290000055350,false,גבינה צהובה חריץ עמק 28% במשקל,תנובה מרכז שיתופי לש,IL,גבינת עמק 28%,קילוגרמים,0.00,"ק""ג",true,1,44.79,44.79,true,1,
7290000055893,false,חמאה משמנת מפוסטרת 200גרם 82% כ.מהדרין - מוצר בפיקוח,תנובה מרכז שיתופי לש,IL,חמאה מהדרין,גרמים,200.00,100 גרם,false,0,7.80,3.90,true,1,
7290000056272,false,גבינה לבנה 5% עם זיתים ירוקים 250 ג' תנובה,תנובה מרכז שיתופי לש,IL,גבינה לבנה 5%,גרמים,250.00,100 גרם,false,0,5.50,2.20,true,1,
7290000056845,false,תנובה חלב טרי 3% שומן 1.5 ליטר - מוצר בפיקוח,פארייפאבה אגרואינדוס,IL,חלב תנובה 3%,ליטרים,1.50,ליטר,false,0,9.34,6.23,true,1,
7290000056883,false,שמיניית יוגורט יופלה 3% טעמים שונים 150 גרם,תנובה מרכז שיתופי לש,IL,יופלה 8 יח במארז,קילוגרמים,1.20,"ק""ג",false,0,29.90,24.92,true,1,
7290000056890,false,שמיניית דיאט יופלה 0% טעמים שונים 150 גרם,מיוצר עי קונדיטוריית,IL,יופלה 0% 8 יח,קילוגרמים,1.20,"ק""ג",false,0,29.90,24.92,true,1,
7290000057088,false,עמק גבינה צהובה פרוסה דק דק 28% תנובה 200 גרם,תנובה מרכז שיתופי לש,IL,עמק דק28% 200גרם,גרמים,200.00,100 גרם,false,0,15.90,7.95,true,1,
7290000057118,false,גבינה צהובה עמק 28% שומן ואקום 400 גרם,תנובה מרכז שיתופי לש,IL,גבינת עמק פרוסה,גרמים,400.00,100 גרם,false,0,20.90,5.23,true,1,
7290000057132,false,יוגורט תנובה טבעי 1.5% גביע 200 גרם,מחלבת אלון תבור,IL,יוגורט תנובה1.5%,גרמים,200.00,100 גרם,false,0,3.20,1.60,true,1,
7290000057149,false,יוגורט תנובה טבעי 3% גביע 200 גרם,מיוצר עי קונדיטוריית,IL,יוגורט תנובה 3%,גרמים,200.00,100 גרם,false,0,3.20,1.60,true,1,
7290000057552,false,יופלה דיאט עוגת גבינה ותות 0% גביע 150ג',תנובה - חלב,IL,יופלה עוגת גבינה,גרמים,150.00,100 גרם,false,0,5.00,3.33,true,1,
7290000058047,false,שמנת להקצפה 38% 500מל מהדרין עמיד השף הלבן,תנובה מרכז שיתופי לש,IL,משמנת להקצפה 38%,מיליליטרים,500.00,"100 מ""ל",false,0,12.94,2.59,true,1,
7290000060071,false,אוסם - חטיפי פריכונים מאורז מלא קלוי 80גר,קבוצת אוסם סחר שותפות מוגבלת,IL,חטיפי פריכונים,גרמים,80.00,100 גרם,false,0,7.50,9.38,true,1,
7290000060088,false,בייגלה מקלות עם מלח אסם (400 גרם),קבוצת אוסם סחר שותפות מוגבלת,IL,בייגלה מקלות,גרמים,400.00,100 גרם,false,0,9.90,2.48,true,1,
7290000060163,false,פסטה אסם אטריות דקות 400גר,קבוצת אוסם סחר שותפות מוגבלת,IL,אטריות דקות,גרמים,400.00,100 גרם,false,0,6.90,1.73,true,1,
7290000060200,false,פסטה אסם פתיתים אפויים קוסקוס 500גר,קבוצת אוסם סחר שותפות מוגבלת,IL,פתיתים אפויים,גרמים,500.00,100 גרם,false,0,6.90,1.38,true,1,
7290000060217,false,פסטה מקרוני מספר 7 אסם (500 גרם),קבוצת אוסם סחר שותפות מוגבלת,IT,פסטה מקרוני 7,גרמים,500.00,100 גרם,false,0,5.90,1.18,true,1,
7290000060316,false,פרפקטו ספגטי מס' 8 אסם 500 גרם,קבוצת אוסם סחר שותפות מוגבלת,IT,ספגטי פרפקטו,גרמים,500.00,100 גרם,false,0,6.90,1.38,true,1,
7290000060408,false,פסטה אסם פתיתים אפויים טבעות 500 גר,קבוצת אוסם סחר שותפות מוגבלת,IL,פתיתים טבעות,גרמים,500.00,100 גרם,false,0,6.90,1.38,true,1,
7290000060781,false,פרומנטי פתיתים מסולסלים אוסם,קבוצת אוסם סחר שותפות מוגבלת,IT,פסטה מסולסלת,גרמים,500.00,100 גרם,false,0,5.90,1.18,true,1,
7290000060828,false,פסטה קרניים בינוניות אסם (500 גרם),קבוצת אוסם סחר שותפות מוגבלת,IT,פסטה קרניים,גרמים,500.00,100 גרם,false,0,5.90,1.18,true,1,
7290000060842,false,פסטה אסם פתיתים צדפים גדולים 500גר,קבוצת אוסם סחר שותפות מוגבלת,IT,פסטה צדפים אסם,גרמים,500.00,100 גרם,false,0,5.90,1.18,true,1,
7290000060880,false,פסטה ספגטי מספר 8 אסם 500 גרם,קבוצת אוסם סחר שותפות מוגבלת,IT,ספגטי מס' 8,גרמים,500.00,100 גרם,false,0,5.90,1.18,true,1,
7290000060903,false,פסטה אסם פתיתים אפויים אורז 500גר,קבוצת אוסם סחר שותפות מוגבלת,IL,פתיתים אפויים,גרמים,500.00,100 גרם,false,0,6.90,1.38,true,1,
7290000060958,false,אטריות מובחרות בינוניות אסם (400 גרם),קבוצת אוסם סחר שותפות מוגבלת,IL,אטריות בינוניות,גרמים,400.00,100 גרם,false,0,6.90,1.73,true,1,
7290000060965,false,פסטה אסם אטריות רחבות 400גר,קבוצת אוסם סחר שותפות מוגבלת,IL,אטריות רחבות,גרמים,400.00,100 גרם,false,0,6.90,1.73,true,1,
7290000061061,false,קרקר חיטה עם בצל אסם,קבוצת אוסם סחר שותפות מוגבלת,IL,קרקר בטעם בצל,גרמים,250.00,100 גרם,false,0,9.90,3.96,true,1,
7290000061108,false,"רוטב טריאקי 290 מ""ל-בקבוק",קבוצת אוסם סחר שותפות מוגבלת,IL,רוטב טריאקי,מיליליטרים,290.00,"100 מ""ל",false,0,9.90,3.41,true,1,
7290000061214,false,פתיתים אפויים קוסקוס עם בצל אסם 500 גרם,קבוצת אסם סחר שות. מוגבלת,IL,פתיתים אפויים,גרמים,500.00,100 גרם,false,0,6.90,1.38,true,1,
7290000061245,false,עוגיות שוקוצ'יפס במילוי שוקולד אסם 220 גרם,קבוצת אוסם סחר-שות.מוגבלת,IL,עוגיות ש.צ'יפס,גרמים,220.00,100 גרם,false,0,10.60,4.82,true,1,
7290000062952,false,אוסם - מיני קרוטונים למרק ולסלט 250 גרם,קבוצת אוסם סחר שותפות מוגבלת,IL,מיני קרוטונים,גרמים,250.00,100 גרם,false,0,13.90,5.56,true,1,
7290000063102,false,קמח עוגה תופח מאליו אסם 350 גרם,קבוצת אוסם סחר שותפות מוגבלת,IL,קמח תופח מאליו,גרמים,350.00,100 גרם,false,0,4.90,1.40,true,1,
7290000063133,false,אסם שקדי מרק רכיבים טבעיים 24*100גרם,קבוצת אוסם סחר שותפות מוגבלת,IL,שקדי מרק אסם,גרמים,100.00,100 גרם,false,0,5.80,5.80,true,1,
7290000063140,false,שקדי מרק רכיבים טבעיים בשקית 400 ג' אסם,קבוצת אוסם סחר שותפות מוגבלת,IL,שקדי מרק אסם,גרמים,400.00,100 גרם,false,0,10.00,2.50,true,1,
7290000063157,false,"קמח עוגה תופח מאליו אסם 1 ק""ג",קבוצת אוסם סחר שותפות מוגבלת,IL,קמח תופח מאליו,קילוגרמים,1.00,"ק""ג",false,0,8.90,8.90,true,1,
7290000064758,false,קוסקוס בינוני אמיתי אסם 350 ג',קבוצת אוסם סחר שותפות מוגבלת,IL,קוסקוס בינוני,גרמים,350.00,100 גרם,false,0,7.90,2.26,true,1,
7290000064871,false,"אוסם - מנה חמה פירה תפו""א עם בצל 56 גרם",קבוצת אוסם סחר שותפות מוגבלת,IL,מנה חמה פירה,גרמים,56.00,100 גרם,false,0,5.90,10.54,true,1,
7290000065335,false,אוסם - מנה חמה פירה עם ירקות 55 גרם,קבוצת אוסם סחר שותפות מוגבלת,IL,מנה חמה פירה,גרמים,55.00,100 גרם,false,0,5.90,10.73,true,1,
7290000065557,false,אוסם - מנה חמה קוסקוס עם ירקות 84 גרם,קבוצת אוסם סחר שותפות מוגבלת,IL,מנה חמה קוסקוס,גרמים,84.00,100 גרם,false,0,5.90,7.02,true,1,
7290000065977,false,אסם חטיפי פריכונים תירס שומשום 80 גרם,קבוצת אוסם סחר שותפות מוגבלת,IL,פריכונים תירס,גרמים,80.00,100 גרם,false,0,7.50,9.38,true,1,
7290000066141,false,ביסלי חטיף בטעם גריל אסם (70 גרם),קבוצת אוסם סחר שותפות מוגבלת,IL,ביסלי גריל,גרמים,70.00,100 גרם,false,0,4.40,6.29,true,1,
7290000066172,false,ביסלי חטיף בטעם פיצה אסם (70 גרם),קבוצת אוסם סחר-שות.מוגבלת,IL,ביסלי פיצה,גרמים,70.00,100 גרם,false,0,4.40,6.29,true,1,
7290000066189,false,ביסלי חטיף בטעם פלאפל אסם (200 גרם),קבוצת אוסם סחר שותפות מוגבלת,IL,ביסלי פלאפל,גרמים,200.00,100 גרם,false,0,7.50,3.75,true,1,
7290000066196,false,ביסלי חטיף בטעם גריל אסם (200 גרם),קבוצת אוסם סחר שותפות מוגבלת,IL,ביסלי גריל,גרמים,200.00,100 גרם,false,0,7.50,3.75,true,1,
7290000066226,false,ביסלי חטיף בטעם פיצה אסם (200 גרם),קבוצת אוסם סחר שותפות מוגבלת,IL,ביסלי בטעם פיצה,גרמים,200.00,100 גרם,false,0,7.50,3.75,true,1,
7290000066295,false,אסם במבה תות מחומרים טבעיים 30גר,קבוצת אוסם סחר שותפות מוגבלת,IL,במבה מתוקה,גרמים,30.00,100 גרם,false,0,2.90,9.67,true,1,
7290000066318,false,במבה חטיף בוטנים אסם 80 גרם,קבוצת אוסם סחר שותפות מוגבלת,IL,במבה,גרמים,80.00,100 גרם,false,0,4.30,5.38,true,1,
7290000066332,false,אפרופו חטיף תירס אסם (50 גרם),קבוצת אוסם סחר שותפות מוגבלת,IL,חטיף אפרופו,גרמים,50.00,100 גרם,false,0,5.00,10.00,true,1,
7290000066349,false,אפרופו חטיף תירס אסם (100 גרם),קבוצת אוסם סחר-שות.מוגבלת,IL,אפרופו חטיף תירס,גרמים,100.00,100 גרם,false,0,8.90,8.90,true,1,
7290000066431,false,פופקו חטיף פופקורן בטעם חמאה ודבש אסם 80 גרם,קבוצת אוסם סחר שותפות מוגבלת,IL,חטיף פופקו,גרמים,80.00,100 גרם,false,0,5.40,6.75,true,1,
7290000067544,false,פירורית זהב פירורי לחם אסם 200 גרם,קבוצת אוסם סחר שותפות מוגבלת,IL,פירורית זהב,גרמים,200.00,100 גרם,false,0,6.40,3.20,true,1,
7290000067599,false,מנה חמה ספגטי ברוטב בולונז אסם 65 גרם,קבוצת אוסם סחר שותפות מוגבלת,IL,מנה חמה בולונז,גרמים,65.00,100 גרם,false,0,5.90,9.08,true,1,
7290000068138,false,אינסטנט פודינג בטעם וניל אסם 80 גרם,קבוצת אוסם סחר שותפות מוגבלת,IL,אינסטנט פודינג,גרמים,80.00,100 גרם,false,0,5.50,6.88,true,1,
7290000068190,false,אסם ג'לי תות שדה צבעים טבעיים 90 גרם,קבוצת אוסם סחר שותפות מוגבלת,IL,ג'לי בטעם תות,גרמים,90.00,100 גרם,false,0,6.40,7.11,true,1,
7290000068237,false,אבקה להכנת ג`לי בטעם פטל אסם (85 גרם),קבוצת אוסם סחר שותפות מוגבלת,IL,ג'לי בטעם פטל,גרמים,85.00,100 גרם,false,0,6.40,7.53,true,1,
7290000068251,false,אבקה להכנת ג'לי בטעם אננס אסם 85 גרם,קבוצת אוסם סחר שותפות מוגבלת,IL,ג'לי בטעם אננס,גרמים,85.00,100 גרם,false,0,6.40,7.53,true,1,
7290000068343,false,אוסם - פירכונים מאורז מלא 140 גרם,קבוצת אוסם סחר שותפות מוגבלת,IL,פריכונים מאורז,גרמים,140.00,100 גרם,false,0,7.90,5.64,true,1,
7290000068701,false,אסם שקדי מרק רכיבים טבע.מיכל 400 גרם,קבוצת אוסם סחר שותפות מוגבלת,IL,שקדי מרק במיכל,גרמים,400.00,100 גרם,false,0,16.30,4.08,true,1,
7290000068770,false,במבה יום הולדת חטיף בוטנים אסם 80 גרם,קבוצת אוסם סחר שותפות מוגבלת,IL,במבה יום הולדת,גרמים,80.00,100 גרם,false,0,4.30,5.38,true,1,
7290000068787,false,במבה יום הולדת חטיף בוטנים אסם 25 גרם,קבוצת אוסם סחר שותפות מוגבלת,IL,במבה יום הולדת,גרמים,25.00,100 גרם,false,0,2.20,8.80,true,1,
7290000069258,false,פסטה פרפקטו פנה ריגאטה 500 ג' אסם,קבוצת אוסם סחר-שות.מוגבלת,IT,פנה ריגאטה,גרמים,500.00,100 גרם,false,0,6.90,1.38,true,1,
7290000069364,false,פריכונים מאורז מלא ללא תוספת סוכר אסם 140 גרם,קבוצת אוסם סחר שותפות מוגבלת,IL,פריכונים מאורז,גרמים,140.00,100 גרם,false,0,7.90,5.64,true,1,
7290000070308,false,אבקת מרק עוף אמיתי בשרי אסם 400 גרם,קבוצת אוסם סחר שותפות מוגבלת,IL,מרק עוף אמיתי,גרמים,400.00,100 גרם,false,0,16.90,4.23,true,1,
7290000070322,false,אבקת מרק פטריות רכיבים טבעיים אסם 400 גרם,קבוצת אוסם סחר שותפות מוגבלת,IL,מרק פטריות אסם,גרמים,400.00,100 גרם,false,0,19.90,4.98,true,1,
7290000070353,false,אבקת מרק בצל רכיבים טבעיים אסם 400 גרם,קבוצת אוסם סחר שותפות מוגבלת,IL,מרק בצל אסם,גרמים,400.00,100 גרם,false,0,19.90,4.98,true,1,
7290000071008,false,בייגלה שטוחים טבעות עם מלח אסם (60 גרם),קבוצת אוסם סחר שותפות מוגבלת,IL,בייגלה שטוחים,גרמים,60.00,100 גרם,false,0,3.10,5.17,true,1,
7290000072067,false,במבה חטיף בוטנים במילוי קרם חלבה 60 גרם,קבוצת אסם סחר שות. מוגבלת,IL,במבה במילוי חלוה,גרמים,60.00,100 גרם,false,0,4.30,7.17,true,1,
7290000072241,false,"רוטב פיצה 290 מ""ל-בקבוק",קבוצת אוסם סחר שותפות מוגבלת,IL,רוטב לפיצה אסם,מיליליטרים,290.00,"100 מ""ל",false,0,9.90,3.41,true,1,
7290000072623,false,קטשופ אסם בקבוק לחיץ 750 גרם,קבוצת אוסם סחר שותפות מוגבלת,IL,קטשופ בקבוק לחיץ,גרמים,750.00,100 גרם,false,0,10.90,1.45,true,1,
7290000072753,false,קפה נמס מגורען טסטרס צ'ויס 200 גרם-,קבוצת אוסם סחר שותפות מוגבלת,KR,קפה טסטרס צ'ויס,גרמים,200.00,100 גרם,false,0,29.90,14.95,true,1,
7290000072777,false,קפה נמס מגורען נטול קפאין טסטרס צ'ויס 200 גרם,קבוצת אוסם סחר שותפות מוגבלת,KR,קפה טסטרס צויס,גרמים,200.00,100 גרם,false,0,38.90,19.45,true,1,
7290000072968,false,דגני בוקר סיני מיניס חיטה מלאה וקינמון נסטלה 500 גרם,קבוצת אוסם סחר-שות.מוגבלת,PL,דגני נסטלה,גרמים,500.00,100 גרם,false,0,24.60,4.92,true,1,
7290000073125,false,מנה חמה פסטה ברוטב עגבניות אסם (62 גרם),קבוצת אוסם סחר שותפות מוגבלת,IL,מנה חמה פסטה,גרמים,62.00,100 גרם,false,0,5.90,9.52,true,1,
7290000073415,false,אוסם - מנה חמה פסטה ברוטב פיצה 61 גרם,קבוצת אוסם סחר שותפות מוגבלת,IL,מנה חמה פסטה,גרמים,61.00,100 גרם,false,0,5.90,9.67,true,1,
7290000073750,false,מנה חמה נודלס אטר+ירקות טעם עוף 70 גרם,קבוצת אוסם סחר שותפות מוגבלת,TH,מנה חמה נודלס,גרמים,70.00,100 גרם,false,0,5.90,8.43,true,1,
7290000073767,false,מנה חמה נודלס אטר.+ירקות טעם בקר 70 גרם,קבוצת אוסם סחר שותפות מוגבלת,TH,מנה חמה נודלס,גרמים,70.00,100 גרם,false,0,5.90,8.43,true,1,
7290000074184,false,ביסקוויט פתי בר אסם (500 גרם),קבוצת אוסם סחר שותפות מוגבלת,IL,ביסקוויט פתי בר,גרמים,500.00,100 גרם,false,0,10.90,2.18,true,1,
7290000074245,false,אוסם - קרם קרקר אסם 250 גרם,קבוצת אוסם סחר שותפות מוגבלת,IL,קרם קרקר אסם,גרמים,250.00,100 גרם,false,0,9.80,3.92,true,1,
7290000074252,false,אסם קרקר שומשום 250 גרם,קבוצת אוסם סחר שותפות מוגבלת,IL,קרקר שומשום אסם,גרמים,250.00,100 גרם,false,0,9.90,3.96,true,1,
7290000074276,false,קרקר פיקנטי טבעון 250 ג' אסם,קבוצת אוסם סחר שותפות מוגבלת,IL,קרקר פיקנטי אסם,גרמים,250.00,100 גרם,false,0,9.90,3.96,true,1,
7290000074375,false,אוסם - קרקר זהב 150 גרם,קבוצת אוסם סחר שותפות מוגבלת,IL,קרקר זהב אסם,גרמים,150.00,100 גרם,false,0,7.50,5.00,true,1,
7290000074481,false,קרקר לחמית אגוזים אסם (160 גרם),קבוצת אסם סחר שות. מוגבלת,IL,לחמית אגוזים,גרמים,160.00,100 גרם,false,0,9.90,6.19,true,1,
7290000074764,false,קרקר הזהב אסם 900 גרם,קבוצת אוסם סחר שותפות מוגבלת,IL,קרקר זהב אסם,גרמים,900.00,100 גרם,false,0,29.90,3.32,true,1,
7290000075204,false,קרקר לחמית חיטה מלאה אסם (250 גרם),קבוצת אוסם סחר שותפות מוגבלת,IL,לחמית חיטה מלאה,גרמים,250.00,100 גרם,false,0,9.50,3.80,true,1,
7290000076126,false,אוסם - בייגלה שמיניות קטנות 80 גרם,קבוצת אוסם סחר שותפות מוגבלת,IL,בייגלה שמיניות,גרמים,80.00,100 גרם,false,0,3.10,3.88,true,1,
7290000076133,false,בייגלה שמיניות קטנות עם מלח אסם 400 גרם,קבוצת אוסם סחר שותפות מוגבלת,IL,בייגלה שמיניות,גרמים,400.00,100 גרם,false,0,9.90,2.48,true,1,
7290000076645,false,טוסטעים פת קלויה חיטה מלאה אסם 100 גרם,קבוצת אסם סחר שות. מוגבלת,NL,טוסטעיםחיטה מלאה,גרמים,100.00,100 גרם,false,0,10.50,10.50,true,1,
7290000077017,false,עוגיות קרמוגית במילוי קרם שוקולד אסם 200 גרם,קבוצת אוסם סחר שותפות מוגבלת,IL,קרמוגית שוקולד,גרמים,200.00,100 גרם,false,0,10.90,5.45,true,1,
7290000077253,false,אוסם - לחמית כפרית עם דגנים מלאים 190 גרם,קבוצת אסם סחר שות. מוגבלת,IL,לחמית כפרית,גרמים,190.00,100 גרם,false,0,9.90,5.21,true,1,
7290000078212,false,קרוטונים מתובלים למרק אסם (250 גרם),קבוצת אוסם סחר שותפות מוגבלת,IL,קרוטונים מתובל,גרמים,250.00,100 גרם,false,0,13.90,5.56,true,1,
7290000078762,false,אוסם - חטיפי פריכונים מאורז מלא בטעם דבש 80גר,קבוצת אוסם סחר-שות.מוגבלת,GB,חטיפי פריכונים,גרמים,80.00,100 גרם,false,0,7.50,9.38,true,1,
7290000080765,false,פת קלויה טוסטעים עם שומשום אסם (100 גרם),קבוצת אוסם סחר שותפות מוגבלת,NL,טוסטעים +שומשו,גרמים,100.00,100 גרם,false,0,10.50,10.50,true,1,
7290000081663,false,"בייגלה טבעות שומשום אסם 300 גרם בד""ץ",קבוצת אוסם סחר שותפות מוגבלת,IL,בייגלה טבעות,גרמים,300.00,100 גרם,false,0,9.90,3.30,true,1,
7290000090030,true,מאפה נפולאון מחיר לפי מש,גידרון,IL,נפוליאון חלבי,קילוגרמים,0.00,"ק""ג",true,0,42.00,42.00,true,1,
7290000090627,true,לחמניה מתוקה,גידרון,IL,לחמניה מתוק עגול,יחידה,1.00,יחידה,false,0,2.40,2.40,true,1,
7290000090832,true,בייגל אמריקאי רגיל,גידרון,IL,בייגל אמריקאי,יחידה,1.00,יחידה,false,0,4.50,4.50,true,1,
7290000092614,true,טורקי פטריות במשקל,גידרון,IL,טורקי פטריות,קילוגרמים,0.00,"ק""ג",true,0,42.00,42.00,true,1,
7290000093031,true,לחם ג'בטה,גידרון,IL,לחם ג'בטה,יחידה,1.00,יחידה,false,0,7.50,7.50,true,1,
7290000094168,true,בייגל אמריקאי כפרי,גידרון,IL,בייגל אמריקאי כפ,יחידה,1.00,יחידה,false,0,4.50,4.50,true,1,
7290000094199,true,לחם חצי ג'בטה,גידרון,IL,חצי ג'בטה לבן,יחידה,1.00,יחידה,false,0,4.50,4.50,true,1,
7290000094373,true,לחם חצי ג'בטה כפרי,גידרון,IL,לחם חצי ג'בטה,יחידה,1.00,יחידה,false,0,4.50,4.50,true,1,
7290000094663,true,לחמניה גידרול כפרי,גדרון סהרון,IL,לחמניה גידרול,יחידה,1.00,יחידה,false,0,4.90,4.90,true,1,
7290000095486,true,"פילו תפו""ע פרימיום לקג",גידרון,IL,פילו תפוח עץ,קילוגרמים,0.00,"ק""ג",true,0,42.00,42.00,true,1,
7290000096018,true,שנייק קינמון במשקל,גידרון,IL,שנק קינמון,קילוגרמים,0.00,"ק""ג",true,0,42.00,42.00,true,1,
7290000096032,true,חצי בגט,גידרון,IL,חצי בגט,יחידה,1.00,יחידה,false,0,3.70,3.70,true,1,
7290000096414,true,מארז 6 סופגניות גדולות .,גידרון,IL,סופגניה גדולה6יח,יחידה,1.00,יחידה,false,6,19.90,19.90,true,1,
7290000096438,true,דלעת יפנית אורגנ,,IL,דלעת יפנית אורגנ,קילוגרמים,0.00,"ק""ג",true,0,14.90,14.90,true,1,
7290000097237,true,בגט 280 גרם,גידרון,IL,בגט גדרון,יחידה,1.00,יחידה,false,0,4.90,4.90,true,1,
7290000097282,true,קרואסון שוקולד 1 יח,גידרון,IL,קרואסון שוקולד,יחידה,1.00,יחידה,false,0,7.50,7.50,true,1,
7290000097633,true,לחמניית קשר,גידרון,IL,לחמניית קשר,יחידה,1.00,יחידה,false,0,3.20,3.20,true,1,
7290000097657,true,לחמניית חלה,גידרון,IL,לחמניית חלה,יחידה,1.00,יחידה,false,0,4.50,4.50,true,1,
7290000098296,true,לחמניית אצבע,גידרון,IL,לחמניית אצבע,יחידה,1.00,יחידה,false,0,2.40,2.40,true,1,
7290000099248,true,בורקס גבינה חלבי במשקל,גידרון,IL,בורקס גבינה חלבי,קילוגרמים,0.00,"ק""ג",true,0,42.00,42.00,true,1,
7290000099255,true,בורקס תפוח אדמה מחיר לקג,גידרון,IL,בורקס תפוח אדמה,קילוגרמים,0.00,"ק""ג",true,0,42.00,42.00,true,1,
7290000099354,true,בורקס פיטריות קטן במשקל,גידרון,IL,בורקס פטריות,קילוגרמים,0.00,"ק""ג",true,0,42.00,42.00,true,1,
7290000099385,true,גביניות חלבי במשקל,גידרון,IL,גביניות חלבי,קילוגרמים,0.00,"ק""ג",true,0,42.00,42.00,true,1,
7290000099392,true,מאפה פרג במשקל,גידרון,IL,מאפה פרג,קילוגרמים,0.00,"ק""ג",true,0,42.00,42.00,true,1,
7290000099415,true,רוגלך במשקל,גידרון,IL,רוגלך במשקל,קילוגרמים,0.00,"ק""ג",true,0,42.00,42.00,true,1,
7290000099439,true,קרואסון קטן במשקל,גידרון,IL,קרואסון קטן ריק,קילוגרמים,0.00,"ק""ג",true,0,42.00,42.00,true,1,
7290000099477,true,קרואסון ביס שוקולד במשקל,גידרון,IL,קרואסון שוקולד,קילוגרמים,0.00,"ק""ג",true,0,42.00,42.00,true,1,
7290000099491,true,"מאפה תפו""ע קטן לפי משקל",גידרון,IL,מאפה תפוח-עץ,קילוגרמים,0.00,"ק""ג",true,0,42.00,42.00,true,1,
7290000099804,true,קוקיס שוקולד לבן במשקל,גידרון,IL,קוקיס שוק.חלבי,קילוגרמים,0.00,"ק""ג",true,0,52.00,52.00,true,1,
7290000099828,true,קוקיס שוקולד מריר במשקל,גידרון,IL,קוקיס שוקולד חלב,קילוגרמים,0.00,"ק""ג",true,0,52.00,52.00,true,1,
7290000099835,true,קוקיס שוקולד חלב במשקל,גידרון,IL,קוקיס שוק.חלבי,קילוגרמים,0.00,"ק""ג",true,0,52.00,52.00,true,1,
7290000099866,true,עגבניה תמר אורגנית במשקל,יבולי בר אורגני,IL,עגבניה תמר,קילוגרמים,0.00,"ק""ג",true,0,9.90,9.90,true,1,
7290000099873,true,קוקיס שוקולד חלבי במשקל,גידרון,IL,קוקיס שוקולד חלב,קילוגרמים,0.00,"ק""ג",true,0,52.00,52.00,true,1,
7290000099927,true,בורקיטס חלבי במשקל,גידרון,IL,בורקיטס חלבי,קילוגרמים,0.00,"ק""ג",true,0,42.00,42.00,true,1,
7290000099941,true,גזר אורגני במשקל,,IL,גזר אורגני ארוז,קילוגרמים,0.00,"ק""ג",true,0,8.90,8.90,true,1,
7290000100029,false,פתיתי כרובית סנפרוסט 800 גרם,"סנפרוסט בע""מ",IL,פתיתי כרובית,גרמים,800.00,100 גרם,false,1,19.90,2.49,true,1,
7290000100128,false,פירות קפואים תות 300 גר`סנפרוסט,תנובה ענף ב.ע.ד,IL,תות שדה מוקפא,גרמים,300.00,100 גרם,false,1,17.90,5.97,true,1,
7290000100302,false,פול ירוק מקולף סנפורסט 600 גר`,תנובה ענף ב.ע.ד,IL,פול ירוק קלוף,גרמים,600.00,100 גרם,false,1,23.90,3.98,true,1,
7290000101927,false,אוכמניות כחולות מוקפאות סנפרוסט 300 גרם,תנובה ענף ב.ע.ד,IL,אוכמניות קפואות,גרמים,300.00,100 גרם,false,1,17.90,5.97,true,1,
7290000101958,false,מנגו חתוך מוקפא סנפרוסט (300 גרם),תנובה ענף ב.ע.ד,IL,מנגו קפוא,גרמים,300.00,100 גרם,false,1,17.90,5.97,true,1,
7290000103433,false,"לקט ירקות לתנור 800 גרם ""סנפרוסט""",תנובה מרכז שיתופי לשיווק תוצרת,IL,לקט ירקות לתנור,גרמים,800.00,100 גרם,false,1,22.90,2.86,true,1,
7290000103457,false,מיני כרובית סנפרוסט (600 גרם),"סנפרוסט בע""\מ",IL,מיני כרובית,גרמים,600.00,100 גרם,false,1,17.90,2.98,true,1,
7290000103471,false,מיני ברוקולי סנפרוסט 600 גרם,תנובה ענף ב.ע.ד,IL,מיני ברוקולי,גרמים,600.00,100 גרם,false,14,17.90,2.98,true,1,
7290000103730,false,לקט להקפצה עם פסטה פוזילי סנפרוסט 800 גרם,תנובה מרכז שיתופי לשיווק תוצרת,IL,לקט להקפצה,גרמים,800.00,100 גרם,false,0,24.90,3.11,true,1,
7290000103815,false,לקט להקפצה בסגנון תאילנדי סנפרוסט 800 גרם,תנובה מרכז שיתופי לשיווק תוצרת,IL,לקט תאילנדי,גרמים,800.00,100 גרם,false,0,24.90,3.11,true,1,
7290000103822,false,ירקות שמלווים עוף סנפרוסט 800ג',תנובה מרכז שיתופי לשיווק תוצרת,IL,לקט לעוף 800גרם,גרמים,800.00,100 גרם,false,0,22.90,2.86,true,1,
7290000103846,false,מרק אפונה עשיר בירקות סנפרוסט (572 גרם),תנובה מרכז שיתופי לשיווק תוצרת,IL,מרק אפונה,גרמים,572.00,100 גרם,false,0,17.90,3.13,true,1,
7290000103860,false,מרק עדשים עשיר בירקות סנפרוסט (572 גרם),תנובה מרכז שיתופי לשיווק תוצרת,IL,מרק עדשים,גרמים,572.00,100 גרם,false,0,17.90,3.13,true,1,
7290000103877,false,מרק שעועית עשיר בירקות סנפרוסט (644 גרם),תנובה מרכז שיתופי לשיווק תוצרת,IL,מרק שעועית,גרמים,644.00,100 גרם,false,0,17.90,2.78,true,1,
7290000104072,false,עדשים ירוקות מבושלות מוקפאות 800 ג' סנפרוסט,תנובה מרכז שיתופי לשיווק תוצרת,IL,עדשים ירוקות,גרמים,800.00,100 גרם,false,0,18.70,2.34,true,1,
7290000104201,false,אפונה עדינה מוקפאת סנפרוסט (600 גרם),"איי, בי, אינבוו",IL,אפונה עדינה קפוא,גרמים,600.00,100 גרם,false,0,17.90,2.98,true,1,
7290000104218,false,סנפרוסט במיה 600 גרם,תנובה מרכז שיתופי לשיווק תוצרת,IL,במיה מוקפאת,גרמים,600.00,100 גרם,false,0,15.80,2.63,true,1,
7290000104676,false,אפונה קפואה סנפרוסט 800 גרם,תנובה מרכז שיתופי לשיווק תוצרת,IL,אפונה ירוקה קפוא,גרמים,800.00,100 גרם,false,0,17.90,2.24,true,1,
7290000104683,false,שעועית ירוקה שלמה סנפרוסט (800 גרם),תנובה מרכז שיתופי לשיווק תוצרת,IL,שעועית ירוקה שלמ,גרמים,800.00,100 גרם,false,0,19.90,2.49,true,1,
7290000104690,false,גרעיני תירס מוקפאים סנפרוסט (800 גרם),תנובה מרכז שיתופי לשיווק תוצרת,IL,גרעיני תירס קפוא,גרמים,800.00,100 גרם,false,0,17.90,2.24,true,1,
7290000104706,false,גזר גמדי מוקפא סנפרוסט (800 גרם),תנובה מרכז שיתופי לשיווק תוצרת,IL,גזר גמדי מוקפא,גרמים,800.00,100 גרם,false,0,18.50,2.31,true,1,
7290000104713,false,פול ירוק קפוא סנפורסט 800 גרם,תנובה מרכז שיתופי לשיווק תוצרת,IL,פול ירוק מוקפא,גרמים,800.00,100 גרם,false,0,23.60,2.95,true,1,
7290000104720,false,שעועית ירוקה חתוכה סנפרוסט (800 גרם),תנובה מרכז שיתופי לשיווק תוצרת,IL,שעועית ירוקה,גרמים,800.00,100 גרם,false,0,18.70,2.34,true,1,
7290000104737,false,שעועית צהובה חתוכה סנפרוסט 800 גרם,תנובה מרכז שיתופי לשיווק תוצרת,IL,שעועית צהובה,גרמים,800.00,100 גרם,false,0,19.00,2.38,true,1,
7290000104751,false,"כרוב ניצנים 800 גרם ""סנפרוסט""",תנובה מרכז שיתופי לשיווק תוצרת,IL,כרוב ניצנים קפוא,גרמים,800.00,100 גרם,false,0,24.90,3.11,true,1,
7290000104768,false,עלי תרד סנפרוסט (800 גרם),תנובה מרכז שיתופי לשיווק תוצרת,IL,תרד עלים מוקפא,גרמים,800.00,100 גרם,false,0,25.60,3.20,true,1,
7290000104775,false,מדליוני תרד סנפרוסט (800 גרם),תנובה מרכז שיתופי לשיווק תוצרת,IL,מדליוני תרד קפ,גרמים,800.00,100 גרם,false,0,26.20,3.28,true,1,
7290000104799,false,שעועית לבנה מבושלת סנפרוסט (800 גרם),תנובה מרכז שיתופי לשיווק תוצרת,IL,שעועית לבנה,גרמים,800.00,100 גרם,false,0,19.80,2.48,true,1,
7290000104805,false,גרגירי חומוס מבושלים סנפרוסט 800 גרם,תנובה מרכז שיתופי לשיווק תוצרת,IL,גרגרי חומוס קפוא,גרמים,800.00,100 גרם,false,0,19.70,2.46,true,1,
7290000104829,false,קלחי תירס חתוכים סנפרוסט 1 קילו,תנובה מרכז שיתופי לשיווק תוצרת,IL,קלחוני תירס קפוא,קילוגרמים,1.00,"ק""ג",false,0,19.70,19.70,true,1,
7290000104836,false,שעועית ירוקה עדינה שלמה סנפרוסט 600 גרם,תנובה מרכז שיתופי לשיווק תוצרת,IL,שעועית שלמה קפוא,גרמים,600.00,100 גרם,false,0,21.90,3.65,true,1,
7290000104874,false,לקט מוקפא לקוסקוס סנפרוסט (800 גרם),תנובה מרכז שיתופי לשיווק תוצרת,IL,לקט לקוסקוס קפוא,גרמים,800.00,100 גרם,false,0,22.90,2.86,true,1,
7290000104881,false,לקט אפונה וגזר מוקפאים סנפרוסט (800 גרם),תנובה מרכז שיתופי לשיווק תוצרת,IL,אפונה וגזר קפוא,גרמים,800.00,100 גרם,false,0,15.90,1.99,true,1,
7290000104904,false,לקט ירקות מעורבים סנפורסט 800 גרם,תנובה מרכז שיתופי לשיווק תוצרת,IL,לקט ירקות מעור,גרמים,800.00,100 גרם,false,0,22.90,2.86,true,1,
7290000107189,false,תחתיות ארטישוק סנפרוסט (400 גרם),תנובה מרכז שיתופי לשיווק תוצרת,IL,תחתיות ארטישוק,גרמים,400.00,100 גרם,false,0,21.90,5.48,true,1,
7290000107295,false,תפרחות ברוקולי סנפרוסט 800 גרם,תנובה מרכז שיתופי לשיווק תוצרת,IL,ברוקולי מוקפא,גרמים,800.00,100 גרם,false,0,24.90,3.11,true,1,
7290000107615,false,ירקות ואננס להקפצה מנה אסייתית צבעונית ועשירה,"איי, בי, אינבוו",IL,אסייתית צבעונית,גרמים,800.00,100 גרם,false,1,24.90,3.11,true,1,
7290000107622,false,ירקות ופסטה א-לה איטליה סנפרוסט 800 גרם,"איי, בי, אינבוו",IL,ירקות ופסטה א-לה,גרמים,800.00,100 גרם,false,1,24.90,3.11,true,1,
7290000111063,false,מיונז אמיתי תלמה (250 גרם),"יוניליוור ישראל שיווק בע""מ",IL,מיונז אמיתי תלמה,גרמים,250.00,100 גרם,false,0,6.80,2.72,true,1,
7290000111117,false,מרכך כביסה לבן בדין (4 ליטר),"יוניליוור ישראל שיווק בע""מ",IL,מרכך כביסה בדין,ליטרים,4.00,ליטר,false,0,19.90,4.98,true,1,
7290000111360,false,חרדל אמיתי חריף 250 גרם בצנצנת כשלפ,יוניליוור ישראל שיווק בע`מ,IL,חרדל אמיתי תלמה,גרמים,250.00,100 גרם,false,0,5.90,2.36,true,1,
7290000111384,false,חרדל אמיתי בצנצנת 550 ג' תלמה,יוניליוור ישראל שיווק בע`מ,IL,חרדל אמיתי תלמה,גרמים,550.00,100 גרם,false,0,8.40,1.53,true,1,
7290000112220,false,טחינה גולמית שומשום טהור בארכה 500 גרם,קבוצת אוסם סחר שותפות מוגבלת,IL,טחינה גולמית,גרמים,500.00,100 גרם,false,0,13.90,2.78,true,1,
7290000112497,false,מרק עשיר עוף אטריות קנור 75 גרם - שקיות,יוניליוור ישראל שיווק בע`מ,IL,מרק עוף איטריות,גרמים,68.00,100 גרם,false,0,9.40,13.82,true,1,
7290000112503,false,מרק עשיר ירקות קנור 69 גרם - שקיות,יוניליוור ישראל שיווק בע`מ,IL,מרק ירקות קנור,גרמים,61.00,100 גרם,false,0,9.40,15.41,true,1,
7290000112619,false,אבקת מרק עוף אמיתי קנור 400 ג' כשלפ,יוניליוור ישראל שיווק בע`מ,IL,מרק עוף אמיתי,גרמים,400.00,100 גרם,false,0,19.90,4.98,true,1,
7290000116204,false,"אבקת מרק דגש בטעם עוף 1ק""ג קנור","יוניליוור ישראל שיווק בע""מ",IL,מרק דגש טעם עוף,קילוגרמים,1.00,"ק""ג",false,0,14.90,14.90,true,1,
7290000116884,false,"קנור רוטב ברביקיו 300 מ""ל כשלפ",יוניליוור ישראל שיווק בע`מ,IL,רוטב ברביקיו,גרמים,350.00,100 גרם,false,0,10.90,3.11,true,1,
7290000116921,false,"קנור רוטב צילי מתוק 300 מ""ל כשלפ","יוניליוור ישראל שיווק בע""מ",IL,רוטב צ'ילי מתוק,גרמים,370.00,100 גרם,false,0,10.90,2.95,true,1,
7290000117720,false,נמס בכוס פטריות קנור 21.5 גרם מארז זוגי,"יוניליוור ישראל שיווק בע""מ",IL,מרק נמס בכוס,גרמים,43.00,100 גרם,false,0,6.90,16.05,true,1,
7290000118277,false,כופתאות מצה להכנת מהירה 65 ג' קנור,"יוניליוור ישראל שיווק בע""מ",IL,אבקה לקניידלך,גרמים,130.00,100 גרם,false,0,9.90,7.62,true,1,
7290000120836,false,מיונז אמיתי הלמנס (394 גרם),"יוניליוור ישראל שיווק בע""מ",CA,מיונז אמיתי הלמנ,גרמים,394.00,100 גרם,false,0,10.90,2.77,true,1,
7290000120874,false,מיונז הלמנס לייט מופחת קלוריות 424ג,יוניליוור ישראל שיווק בעמ,US,ממרח הלמנס,גרמים,424.00,100 גרם,false,0,10.90,2.57,true,1,
7290000121093,false,גבינה מותכת לייט בטעם שוויצרי 7% מון בלאן 120 גר',האי נאם סי או אל.טי.,IL,גבינת מון בלאן,גרמים,120.00,100 גרם,false,0,11.90,9.92,true,1,
7290000121109,false,גבינה מותכת לייט עם זיתים 7% מון בלאן 120 גרם,נטו מילנדה סחר בעמ*,IL,גבינת מון בלאן,גרמים,120.00,100 גרם,false,0,11.90,9.92,true,1,
7290000122830,false,"רוטב מקסיקני סצ'ואן קנור 300 מ""ל",יוניליוור ישראל שיווק בע`מ,IL,רוטב סצ'ואן סיני,גרמים,370.00,100 גרם,false,0,10.90,2.95,true,1,
7290000129457,false,אבקת רוטב פטריות קנור 28 ג' שקית,יוניליוור ישראל שיווק בע`מ,IL,רוטב פטריות,גרמים,28.00,100 גרם,false,0,3.90,13.93,true,1,
7290000133645,false,שלישיית משחת שיניים סודה אורביטול 145 גרם,החברה הדרומית לשיווק בעמ,IL,משחת שיניים 3 יח,גרמים,435.00,100 גרם,false,0,15.90,3.66,true,1,
7290000134147,false,טעם וריח מוסקט טחון מיכל 40גר,"תבליני טעם וריח בע""מ",IL,מוסקט טחון,גרמים,40.00,100 גרם,false,0,14.90,37.25,true,1,
7290000134314,false,פיצה תערובת תיבול 120 גרם מיכל גדול,"תבליני טעם וריח בע""מ",IL,תיבול לפיצה,גרמים,120.00,100 גרם,false,0,10.00,8.33,true,1,
7290000134352,false,קינמון טחון בקופ' 90 גר' טעם וריח,"תבליני טעם וריח בע""מ",IL,קינמון טחון,גרמים,80.00,100 גרם,false,0,10.00,12.50,true,1,
7290000134376,false,פפריקה בשמן בקופ' 90 גר' טעם וריח,"תבליני טעם וריח בע""מ",IL,פפריקה מתוקה,גרמים,90.00,100 גרם,false,0,10.00,11.11,true,1,
7290000134550,false,עלי דפנה 20 גר' טעם וריח,"תבליני טעם וריח בע""מ",IL,עלי דפנה בשקית,גרמים,20.00,100 גרם,false,0,6.00,30.00,true,1,
7290000134666,false,רוזמרין 15 גר מיכל ק,תבליני טעם וריח בעמ,IL,רוזמרין,גרמים,15.00,100 גרם,false,0,7.00,46.67,true,1,
7290000134758,false,"תיבול לתפו""א בקופ' 100 גר' טעם וריח","תבליני טעם וריח בע""מ",IL,"תיבול לתפו""א",גרמים,100.00,100 גרם,false,0,10.00,10.00,true,1,
7290000134826,false,זעתר מעורב בקופ' 100 גר' טעם וריח,"תבליני טעם וריח בע""מ",IL,זעתר מעורב,גרמים,100.00,100 גרם,false,0,10.00,10.00,true,1,
7290000134833,false,כמון טחון בקופ' 100 גר' טעם וריח,"תבליני טעם וריח בע""מ",IL,כמון טחון,גרמים,100.00,100 גרם,false,0,10.00,10.00,true,1,
7290000134840,false,כורכום טחון בקופ' 100 גר' טעם וריח,"תבליני טעם וריח בע""מ",IL,כורכום טחון,גרמים,100.00,100 גרם,false,0,10.00,10.00,true,1,
7290000134857,false,פפריקה מתוקה בקופ' 100 גר' טעם וריח,"תבליני טעם וריח בע""מ",IL,פפריקה במיכל,גרמים,100.00,100 גרם,false,0,10.00,10.00,true,1,
7290000134864,false,פפריקה חריפה בקופ' 100 גר' טעם וריח,"תבליני טעם וריח בע""\מ",IL,פפריקה במיכל,גרמים,100.00,100 גרם,false,0,10.00,10.00,true,1,
7290000134871,false,פלפל שחור טחון בקופ' 100 גר' טעם וריח,"תבליני טעם וריח בע""מ",IL,פלפל שחור במיכ,גרמים,100.00,100 גרם,false,0,12.90,12.90,true,1,
7290000134987,false,פלפל שחור גרוס בקופ' 90 גר' טעם וריח,"תבליני טעם וריח בע""מ",IL,פלפל שחור גרוס,גרמים,90.00,100 גרם,false,0,12.90,14.33,true,1,
7290000134994,false,טימין 20 גר מיכל קטן,"תבליני טעם וריח בע""מ",IL,טימין,גרמים,20.00,100 גרם,false,0,7.00,35.00,true,1,
7290000135045,false,"XL TEN משקה אנרגיה פתוח ללא סוכר 250 מ""ל","טמפו משקאות בע""\מ",IL,TEN XL בטעם תפוח,מיליליטרים,250.00,"100 מ""ל",false,1,4.90,1.96,true,1,
7290000135052,false,"XL TEN משקה אנרגיה מנגו ללא סוכר 250 מ""ל","טמפו משקאות בע""\מ",IL,TEN XL בטעם מנגו,מיליליטרים,250.00,"100 מ""ל",false,1,4.90,1.96,true,1,
7290000135113,false,"משקה אנרגיה XL פחית ten נענע ליים 250 מ""ל","טמפו משקאות בע""\מ",IL,TEN XL נענע ליים,מיליליטרים,250.00,"100 מ""ל",false,1,4.90,1.96,true,1,
7290000135151,false,"טמפו סודה למון ליים בקבוק 250 מ""ל",טמפו משקאות בעמ,IL,סודה בנגיעות למו,מיליליטרים,275.00,"100 מ""ל",false,1,3.90,1.42,true,1,
7290000135175,false,פפסי מקס ליים -משקה קולה מוגז גל קלוריות,פארייפאבה אגרואינדוס,AL,פפסי מקס ליים,ליטרים,1.98,ליטר,false,1,6.40,3.23,true,1,
7290000135182,false,"מארז 7 אפ פרי דל קלוריות בטעם לימון ליים פחית צרה 330 מ""ל*6 יח'","טמפו משקאות בע""מ",IL,סבן אפ פחיות 6יח,ליטרים,1.98,ליטר,false,1,18.90,9.55,true,1,
7290000135311,false,פפסי מקס ליים 1.5 ליטר בודד,"טמפו משקאות בע""\מ",IL,פפסי מקס ליים,ליטרים,1.50,ליטר,false,1,7.60,5.07,true,1,
7290000135465,false,"מי סודה 500 מ""ל - מארז 12 בקבוקים","טמפו משקאות בע""\מ",,מי סודה 12 בקבוק,ליטרים,0.00,ליטר,false,0,29.90,29.90,true,1,
7290000135595,false,פפסי מקס בטעם דובדבן 1.5 ללא סוכר,"טמפו משקאות בע""\מ",IL,פפסי מקס דובדבן,ליטרים,1.50,ליטר,false,1,7.60,5.07,true,1,
7290000135632,false,"רביעיית פחיות בירה גולדסטאר לא מסונן 500 מ""ל","טמפו משקאות בע""\מ",IL,גולדסטאר 4 פחיות,ליטרים,2.00,ליטר,false,1,35.90,17.95,true,1,
7290000136141,false,פפסי קולה 1.5 ליטר פיקדון,"טמפו משקאות בע""\מ",IL,פפסי קולה,ליטרים,1.50,ליטר,false,0,7.70,5.13,true,1,
7290000136158,false,פפסי מקס משקה מוגז דל קלוריות בטעם קולה,"טמפו משקאות בע""\מ",IL,פפסי מקס,ליטרים,1.50,ליטר,false,0,7.60,5.07,true,1,
7290000136165,false,מירינדה אורנג` 1.5 ליטר פיקדון,"טמפו משקאות בע""\מ",IL,מירינדה תפוזי,ליטרים,1.50,ליטר,false,0,7.60,5.07,true,1,
7290000136172,false,משקה 7UP בקבוק 1.5 ליטר פיקדון,"טמפו משקאות בע""\מ",IL,סבן אפ,ליטרים,1.50,ליטר,false,0,7.60,5.07,true,1,
7290000136189,false,משקה דיאט 7UP בקבוק 1.5 ליטר פיקדון,"טמפו משקאות בע""\ם.",IL,דיאט סבן אפ,ליטרים,1.50,ליטר,false,0,7.90,5.27,true,1,
7290000136240,false,סודה 1.5 ליטר שישייה בודד,"טמפו משקאות בע""\מ",IL,מי סודה טמפו,ליטרים,1.50,ליטר,false,0,3.90,2.60,true,1,
7290000136288,false,"סירופ בטעם תפוחים ג'ויסר סיידר הגליל 330 מ""ל","טמפו משקאות בע""\מ",IL,סירופ סיידר גליל,מיליליטרים,330.00,"100 מ""ל",false,1,14.90,4.52,true,1,
7290000136295,false,"סירופ בטעם פטל ג'ויסר סיידר הגליל 330 מ""ל","טמפו משקאות בע""\מ",IL,סירופ סיידר גליל,מיליליטרים,330.00,"100 מ""ל",false,1,14.90,4.52,true,1,
7290000136301,false,"סירופ בטעם ענבים ג'ויסר סיידר הגליל 330 מ""ל","טמפו משקאות בע""\מ",IL,סירופ סיידר גליל,מיליליטרים,330.00,"100 מ""ל",false,1,14.90,4.52,true,1,
7290000136455,false,משקה בטעם אשכוליות תריסר 1.5 ל' ג'אמפ,"טמפו משקאות בע""\ם.",IL,ג'אמפ אשכוליו,ליטרים,1.50,ליטר,false,0,7.50,5.00,true,1,
7290000136516,false,משקה בטעם מנגו פסיפלורה תריסר 1.5 ל' ג'אמפ,טמפו משקאות בע`מ,IL,ג'אמפ מנגו,ליטרים,1.50,ליטר,false,0,7.50,5.00,true,1,
7290000136523,false,ג`אמפ משקה קל ענבים 1.5 ליטר פיקדון,"טמפו משקאות בע""\ם.",IL,ג'אמפ ענבים,ליטרים,1.50,ליטר,false,0,7.50,5.00,true,1,
7290000136561,false,משקה בטעם תות בננה תריסר 1.5 ל' ג'אמפ,"טמפו משקאות בע""\מ",IL,ג'אמפ תות בננ,ליטרים,1.50,ליטר,false,0,7.50,5.00,true,1,
7290000136585,false,משקה בטעם תפוזים תריסר 1.5 ל' ג'אמפ,"טמפו משקאות בע""\ם.",IL,ג'אמפ תפוזים,ליטרים,1.50,ליטר,false,0,7.50,5.00,true,1,
7290000136646,false,בירה נשר מאלט ללא אלכוהול 1.5 ליטר,"טמפו משקאות בע""\מ",IL,נשר מאלט,ליטרים,1.50,ליטר,false,0,9.30,6.20,true,1,
7290000136653,false,בירה שחורה נשר מאלט דיאט בקבוק 1.5ל`,"טמפו משקאות בע""\מ",IL,נשר מאלט דיאט,ליטרים,1.50,ליטר,false,0,8.80,5.87,true,1,
7290000136691,false,סבן אפ 1.5 ליטר שישיה טמפו,טמפו משקאות בע`מ,IL,סבן אפ 1.5*6ל,ליטרים,9.00,ליטר,false,0,39.50,4.39,true,1,
7290000136752,false,סבן אפ דיאט מארז שישייה 1.5 ל' FREE,"טמפו משקאות בע""\מ",IL,סבן אפ דיאט1.5*6,ליטרים,9.00,ליטר,false,0,36.50,4.06,true,1,
7290000136769,false,מארז שישיה בטעם קולה 1.5 ל' פפסי,"טמפו משקאות בע""\מ",IL,פפסי קולה 1.5*6ל,ליטרים,9.00,ליטר,false,0,37.90,4.21,true,1,
7290000136776,false,שישיית פפסי מקס דל קלוריות 1.5 ליטר,טמפו משקאות בע`מ,IL,פפסי מקס1.5*6ל,ליטרים,9.00,ליטר,false,0,37.50,4.17,true,1,
7290000136783,false,מארז שישייה מרינדה 1.5 ל',"טמפו משקאות בע""\מ",IL,מירינדה 1.5*6ל,ליטרים,9.00,ליטר,false,0,39.50,4.39,true,1,
7290000136790,false,טמפו מי סודה 6*1.5 ליטר פיקדון,"טמפו משקאות בע""\מ",IL,סודה טמפו1.5*6ל,ליטרים,9.00,ליטר,false,0,17.90,1.99,true,1,
7290000136844,false,מארז מים מזוככים אקווה נובה שישיית 2 ליטר,"טמפו משקאות בע""\מ",IL,אקווה נובה2*6ל,ליטרים,12.00,ליטר,false,0,12.90,1.08,true,1,
7290000136868,false,סאן בנדטו - מים מינרלים - מארז שישיית 1.5 ליטר,אקווה מינרלה סאן בנדטו ב,IT,סאן בנדטו1.5*6ל,ליטרים,9.00,ליטר,false,0,18.90,2.10,true,1,
7290000136875,false,שישיית מים מינרליים מוגזים סן בנדטו 1.5 ליטר,סאן בנדטו San Benedetto,IT,6סנבנדטו מוגז1.5,ליטרים,9.00,ליטר,false,0,19.90,2.21,true,1,
7290000137513,false,גלידונית גלידה וניל בציפוי שוקולד 60 יח' קרמיסימו,"גלידת שטראוס בע""\מ, רחוב",IL,גלידונית,גרמים,630.00,100 גרם,false,0,44.90,7.13,true,1,
7290000137643,false,שלגוני טעמקור בטעם שוקו וניל שטראוס 8*50 גרם,"גלידת שטראוס בע""\מ, רחוב",IL,מאגד טעמקור משפ',גרמים,400.00,100 גרם,false,0,39.90,9.98,true,1,
7290000143279,false,"הוואי שמפו לשיער נגד קשקשים 700 מ""ל",שוורצקוף& הנקל דיסלד,IL,שמפו הוואי,מיליליטרים,700.00,"100 מ""ל",false,0,9.90,1.41,true,1,
7290000144160,false,"שמן זית כתית מעולה ארומתי עץ הזית 750 מ""ל","מרקאולאו, ספרד.אבסה,",IT,שמן זית,מיליליטרים,750.00,"100 מ""ל",false,0,33.90,4.52,true,1,
7290000144474,false,שמן עץ הזית קנולה 1 ליטר בריאות מהטבע,סוגת תעשיות בעמ,EE,שמן קנולה,ליטרים,1.00,ליטר,false,0,14.90,14.90,true,1,
7290000146645,false,הוואי - סבון מוצק שחור מסתורי 100 גרם רביעייה,טרופיקל דגיל קוסמטיק,IL,סבון הוואי 4 יח,גרמים,400.00,100 גרם,false,0,11.90,2.98,true,1,
7290000146652,false,הוואי - סבון מוצק ורוד רומנטי 100 גרם רביעייה,טרופיקל דגיל קוסמטיק,PL,סבון הוואי 4 יח,גרמים,400.00,100 גרם,false,0,11.90,2.98,true,1,
7290000146676,false,הוואי - סבון מוצק לגבר 100 גרם רביעייה,טרופיקל דגיל קוסמטיק,PL,סבון הוואי 4 יח,גרמים,400.00,100 גרם,false,0,11.90,2.98,true,1,
7290000146683,false,הוואי - סבון מוצק אפקט דאודורנט 100 גרם רביעייה,טרופיקל דגיל קוסמטיק,PL,סבון הוואי 4 יח,גרמים,400.00,100 גרם,false,0,11.90,2.98,true,1,
7290000146928,false,"משחת שיניים לילדים בטעם ענבים טום וג'רי 50 מ""ל",טרופיקל דגיל קוסמטיק,IL,משחת טום וג'רי,מיליליטרים,50.00,"100 מ""ל",false,0,9.20,18.40,true,1,
7290000146997,false,משחת שיניים לילדים מסטיק טום וג'רי 50 מל,טרופיקל דגיל קוסמטיק,IL,משחת טום וג'רי,מיליליטרים,50.00,"100 מ""ל",false,0,9.20,18.40,true,1,
7290000149615,false,רביעיית סבון מוצק קלאסי לתינוק נקה 7 4*100 גרם,החברה הדרומית לשיווק בעמ,IL,נקה 7 סבון 4 יח,גרמים,400.00,100 גרם,false,0,12.50,3.13,true,1,
7290000149905,false,טקסטיל שמפו נוזלי לאריגים עדינים1ליט,החברה הדרומית לשיווק בעמ,IL,נוזל כביס טקסטיל,ליטרים,1.00,ליטר,false,0,14.10,14.10,true,1,
7290000152943,false,מארז פסטרמה כפרית וסלמי כפרי עוף טוב 2*350 גרם,מוצרי עוף טוב (2001) בע\,IL,פסטרמה + סלמי,גרמים,700.00,100 גרם,false,0,22.90,3.27,true,1,
7290000153469,false,קציצות עוף קלאסיות 100% רכיבים טבעיים,קבוצת אסם סחר שות. מוגבלת,IL,קציצות עוף,גרמים,600.00,100 גרם,false,0,29.10,4.85,true,1,
7290000158105,false,שניצל עוף מיני דינוזאור ללא אנטיביוטיקה מ100% ר.טבעי,קבוצת אסם סחר שות. מוגבלת,IL,שניצל דינוזאור,גרמים,700.00,100 גרם,false,0,34.90,4.99,true,1,
7290000161358,false,מיונז אמיתי משמן קנולה תלמה (500 גרם),"יוניליוור ישראל שיווק בע""מ",IL,מיונז אמיתי תלמה,גרמים,500.00,100 גרם,false,0,13.80,2.76,true,1,
7290000161648,false,חטיף קליק אין אאוט במילו קרם,יוניליוור ישראל שיווק בע`מ,IL,קליק IN קרם חלב,גרמים,38.00,100 גרם,false,0,4.90,12.89,true,1,
7290000168173,false,"ברנפלקס קרנצ'ים תלמה בד""ץ 375 גרם",יוניליוור ישראל שיווק בעמ,IL,ברנפלקס קרנצ'ים,גרמים,375.00,100 גרם,false,0,18.90,5.04,true,1,
7290000169538,false,"נמס בכוס עגבניות וקרוטונים מרק כשרות בד""ץ 62 ג' קנור",יוניליוור ישראל שיווק בע`מ,IL,נמס בכוס,גרמים,62.00,100 גרם,false,0,6.90,11.13,true,1,
7290000174723,false,שוקולית אבקה להכנת משקה שוקו 500 גרם,הנסיך- מפעל לייצור ט,IL,שוקולית,גרמים,500.00,100 גרם,false,0,11.90,2.38,true,1,
7290000176062,false,קפה טורקי בשקית 100 ג' עלית,שטראוס קפה בי.ויn\.,IL,קפה טורקי בצלופן,גרמים,100.00,100 גרם,false,0,8.90,8.90,true,1,
7290000176079,false,קפה טורקי עם הל עלית (100 גרם),הנסיך- מפעל לייצור ט,IL,קפה טורקי עם הל,גרמים,100.00,100 גרם,false,0,8.90,8.90,true,1,
7290000176147,false,קפה לפילטר קלוי וטחון מוקה מספר 1 עלית 500 גרם,"שטראוס גרופ בע""מ",PL,קפה מוקה לפילטר,גרמים,500.00,100 גרם,false,0,50.50,10.10,true,1,
7290000176413,false,קפה נמס עלית פחית 50 גרם,הנסיך- מפעל לייצור ט,IL,קפה נמס,גרמים,50.00,100 גרם,false,0,9.60,19.20,true,1,
7290000176420,false,קפה נמס פחית עלית 200 גרם,פיקסל אם.גי.אם בעמ,IL,קפה נמס,גרמים,200.00,100 גרם,false,0,19.90,9.95,true,1,
7290000176475,false,קפה נמס נטול קפאין האג עלית (200 גרם),שטראוס גרופ בע`מ,VN,קפה נמס האג,גרמים,200.00,100 גרם,false,0,34.90,17.45,true,1,
7290000178707,false,חטיף צ`יפס בטעם טבעי תפוצ`יפס (50 גרם),"שטראוס פריטו ליי בע""\מ )",IL,חטיף תפוצ'יפס,גרמים,50.00,100 גרם,false,0,4.00,8.00,true,1,
7290000178721,false,חטיף צ`יפס בטעם טבעי תפוצ`יפס (200 גרם),"שטראוס פריטו ליי בע""\מ )",IL,תפוצי'פס טבעי,גרמים,200.00,100 גרם,false,0,9.90,4.95,true,1,
7290000185590,false,סילאן טבעי בבקבוק לחיץ 650 גרם,"טעמי הגליל בע""\מ עבור וי",IL,סילאן טבעי לחיץ,גרמים,635.00,100 גרם,false,1,19.90,3.13,true,1,
7290000186535,false,נייר טואלט תלת שכבתי לבן לילי 32 יחידות,קימברלי קלארק ישראל שיווק בעמ,IL,נ.טואלט לילי,מטרים,537.00,100 מטר,false,0,42.90,7.99,true,1,
7290000187860,false,מגבוני טואלט לחים לילי דיספנסר 40יח',קימברלי קלארק ישראל שיווק בעמ,IL,נייר טואלט לח,יחידה,1.00,יחידה,false,0,7.90,7.90,true,1,
7290000187938,false,לילי - נייר טואולט נייר טואלט פסטל 32 יח',קימברלי קלארק ישראל שיווק בעמ,IL,נייר טואלט פסטל,מטרים,588.00,100 מטר,false,0,39.90,6.79,true,1,
7290000187952,false,לילי טריפל קומפורט ורוד נ.טואלט 32 גלילי,קימברלי קלארק ישראל שיווק בעמ,IL,נייר טואלט טריו,מטרים,537.00,100 מטר,false,0,42.90,7.99,true,1,
7290000188355,false,ניקול מגבות נייר לבנות 6 גלילים,קימברלי קלארק ישראל שיווק בעמ,IL,מגבות ניקול,מטרים,65.00,מטר,false,0,12.90,0.20,true,1,
7290000188591,false,קוטקס מגן תחתון יאנג ביג 60 יחידות,קימברלי קלארק ישראל שיווק בעמ,CN,מגן תחתון קוטקס,יחידה,1.00,יחידה,false,0,19.90,19.90,true,1,
7290000189079,false,תבניות אינגליש קייק עבות 6 יחידות ניקול,קימברלי קלארק ישראל שיווק בעמ,CN,תבניות אינגליש,יחידה,1.00,יחידה,false,0,10.90,10.90,true,1,
7290000189116,false,תבניות עגולות חזקות ועבות ניקול 5 יחידות,קימברלי קלארק ישראל שיווק בעמ,CN,תבניות עגולות,יחידה,1.00,יחידה,false,0,10.90,10.90,true,1,
7290000189192,false,סופר מטלית מטליות נייר רב פעמיות ניקול 64 יחידות,קימברלי קלארק ישראל שיווק בעמ,CO,מטליות נייר,מטרים,18.00,מטר,false,0,16.90,0.94,true,1,
7290000189277,false,תבניות מלבניות עבות וחזקות ניקול 3 יחידות,קימברלי קלארק ישראל שיווק בעמ,CN,תבניות מלבניות,יחידה,1.00,יחידה,false,0,10.90,10.90,true,1,
7290000189482,false,תבניות אפיה מרובעות מקרטון ניקול 4 יחידות,קימברלי קלארק ישראל שיווק בעמ,IL,תבניות קרטון,יחידה,1.00,יחידה,false,0,9.90,9.90,true,1,
7290000189505,false,ניקול תבנית אפייה מקרטון אינגליש קייק ניקול 5 יחידות,קימברלי קלארק ישראל שיווק בעמ,IL,תבניות קרטון,יחידה,1.00,יחידה,false,0,9.90,9.90,true,1,
7290000189550,false,"שקיות אשפה ענקיות עם שרוך 78 * 90 ס""מ ניקול 2 * 10 יחידות",קימברלי קלארק ישראל שיווק בעמ,IL,אשפתון ענק זוג,יחידה,1.00,יחידה,false,0,25.90,25.90,true,1,
7290000189598,false,מטליות לחות חד פעמיות לניקוי כללי 50 יח' ניקול,קימברלי קלארק ישראל שיווק בעמ,IL,מטליות ניקול,יחידה,1.00,יחידה,false,0,11.90,11.90,true,1,
7290000189659,false,מטליות לחות לרצפה ניקול 10 יח'-מרכז,קימברלי קלארק ישראל שיווק בעמ,IL,מטליות רצפה לחות,יחידה,1.00,יחידה,false,0,10.90,10.90,true,1,
7290000189680,false,ניקול זוג מטליות לחות לרצפה,קימברלי קלארק ישראל שיווק בעמ,IL,מטליות לרצפה10*2,יחידה,1.00,יחידה,false,0,19.90,19.90,true,1,
7290000190150,false,מפיות מודפסות תלת שכבתיות ניקול 20 יחידות,קימברלי קלארק ישראל שיווק בעמ,SI,מפיות תלת שכבתי,יחידה,1.00,יחידה,false,0,7.90,7.90,true,1,
7290000190198,false,מטליות לחות לניקוי וחיטוי 99.9% ניקול 50 יחידה,קימברלי קלארק ישראל שיווק בעמ,IL,מטליות ניקוי,יחידה,1.00,יחידה,false,0,11.90,11.90,true,1,
7290000190853,false,לילי פיור נייר טואלט דו שכבתי לבן 30 גלילים,קימברלי קלארק ישראל שיווק בעמ,IL,נייר טואלט לילי,מטרים,537.00,100 מטר,false,0,39.90,7.43,true,1,
7290000191225,false,חיתולים ליטל בייביז מידה 2 האגיס 46 יחידות,קימברלי קלארק ישראל שיווק בעמ,IL,האגיס ליטל בייבי,יחידה,1.00,יחידה,false,1,31.90,31.90,true,1,
7290000191539,false,חמישיית ממחטות טישו צבועני לילי 100 יחידות,קימברלי קלארק ישראל שיווק בעמ,IL,מגבוני לילי 90*5,יחידה,1.00,יחידה,false,0,14.90,14.90,true,1,
7290000191546,false,ממחטות טישו צבעוני 2 שכבות לילי מארז 100X3יח',קימברלי קלארק ישראל שיווק בעמ,IL,לילי צבעוני90*3,יחידה,1.00,יחידה,false,0,10.50,10.50,true,1,
7290000191645,false,"חיתולים האגיס ליטל בייביס ניו בורן שלב 1 עד 4 ק""ג",קימברלי קלארק ישראל שיווק בעמ,US,חיתולי האגיס,יחידה,1.00,יחידה,false,0,31.90,31.90,true,1,
7290000191652,false,שלישיית ממחטות אולטרה סופט קלינקס 90 יחידות,קימברלי קלארק ישראל שיווק בעמ,IL,קלינקס מעוצב 3יח,יחידה,1.00,יחידה,false,0,10.90,10.90,true,1,
7290000192581,false,מגבת נייר גליל כפול ניקול 12=6 גליל,קימברלי קלארק ישראל שיווק בעמ,IL,מגבות נייר,מטרים,129.00,מטר,false,1,21.50,0.17,true,1,
7290000193014,false,מגן תחתון פדיות אינטרלוד לילי 50 יחידות,קימברלי קלארק ישראל שיווק בעמ,CZ,לילי פדים,יחידה,1.00,יחידה,false,0,9.90,9.90,true,1,
7290000193083,false,נובה-לי תחבושות היגייניות לילי 28 יחידות,קימברלי קלארק ישראל שיווק בעמ,CZ,תחבושות נובה לי,יחידה,1.00,יחידה,false,0,9.90,9.90,true,1,
7290000193205,false,תחבושות עם כנפיים ללילה נטורל לילי 20 יחידות,קימברלי קלארק ישראל שיווק בעמ,BE,תחבושות לילי,יחידה,1.00,יחידה,false,0,16.00,16.00,true,1,
7290000193472,false,מגן תחתון נורמל נטורל לילי 60 יחידות,קימברלי קלארק ישראל שיווק בעמ,ES,פדיות לילי,יחידה,1.00,יחידה,false,0,16.00,16.00,true,1,
7290000193540,false,מגן תחתון ארוך נטורל לילי 52 יחידות,קימברלי קלארק ישראל שיווק בעמ,ES,פדיות לילי,יחידה,1.00,יחידה,false,0,16.00,16.00,true,1,
7290000193656,false,תחבושות עם כנפיים סופר פלוס לילי 24 יחידות,קימברלי קלארק ישראל שיווק בעמ,ES,תחבושות לילי,יחידה,1.00,יחידה,false,0,16.00,16.00,true,1,
7290000194141,false,שקמה מכנסון גזרתי סופר נייט XL,חוגלה קימברלי,IL,מכנסוני שקמה,יחידה,1.00,יחידה,false,1,71.90,71.90,true,1,
7290000194837,false,ניקול - שקיות מזון + ידיות קשירה אקסטרה לארג' 200 יח',קימברלי קלארק ישראל שיווק בעמ,CN,שקיות מזון XL,יחידה,1.00,יחידה,false,0,11.90,11.90,true,1,
7290000195216,false,נייר אפייה בשקית ניקול 50 יחידות,קימברלי קלארק ישראל שיווק בעמ,IL,נייר אפיה,יחידה,1.00,יחידה,false,0,11.90,11.90,true,1,
7290000195537,false,האגיס - מגבוני האגיס דיילי קר לא מבושם 64 יח' * 4,קימברלי קלארק ישראל שיווק בעמ,IL,מגבונים האגיס 4י,יחידה,1.00,יחידה,false,0,19.90,19.90,true,1,
7290000195773,false,האגיס - מגבוני האגיס סנסטיב קר לא מבושם 64 יח' * 4,קימברלי קלארק ישראל שיווק בעמ,IL,מגבונים האגיס 4י,יחידה,1.00,יחידה,false,0,19.90,19.90,true,1,
7290000196039,false,"מפות שולחן איריס ח""פ ניקול 2 יח'",קימברלי קלארק ישראל שיווק בעמ,IL,מפות שולחן,יחידה,1.00,יחידה,false,0,12.00,12.00,true,1,
7290000196343,false,"מפת שולחן מהודרת לילי 180X120ס""מ",קימברלי קלארק ישראל שיווק בעמ,IL,מפת שולחן מעוצבת,יחידה,1.00,יחידה,false,0,11.90,11.90,true,1,
7290000196763,false,"שקיות אשפה חזקות במיוחד עם שרוך 52 * 65 ס""מ ניקול 40 יחידות",קימברלי קלארק ישראל שיווק בעמ,IL,שקיות אשפה,יחידה,1.00,יחידה,false,0,22.90,22.90,true,1,
7290000197012,false,שקיות ריצ'רץ' אחסון למזון ניקול 15 יחידות,קימברלי קלארק ישראל שיווק בעמ,CN,שקיות ריצ-'רץ',יחידה,1.00,יחידה,false,0,13.40,13.40,true,1,
7290000197081,false,ניקול ניילון נצמד 150 מטר+מתקן לחיתוך קל,קימברלי קלארק ישראל שיווק בעמ,IL,ניילן נצמד,מטרים,150.00,מטר,false,0,29.90,0.20,true,1,
7290000197197,false,84 האגיס מגה פק שלב4,חוגלה קימברלי,IL,חיתולי האגיס,יחידה,1.00,יחידה,false,0,82.90,82.90,true,1,
7290000197210,false,76 האגיס מגה פק שלב+4,חוגלה קימברלי,IL,חיתולי האגיס,יחידה,1.00,יחידה,false,0,82.90,82.90,true,1,
7290000197425,false,חיתולים פרידום דריי שלב 3 האגיס 52 יחידות,קימברלי קלארק ישראל שיווק בעמ,IL,חיתולי האגיס,יחידה,1.00,יחידה,false,0,41.90,41.90,true,1,
7290000197432,false,שקיות אוכל סנדביצ'ון ניקול מארז 150X2יח',קימברלי קלארק ישראל שיווק בעמ,IL,סנדוויצ'ון זוג,יחידה,1.00,יחידה,false,0,13.90,13.90,true,1,
7290000197456,false,חיתולים פרידום דריי שלב 4 האגיס 44 יחידות,קימברלי קלארק ישראל שיווק בעמ,IL,חיתולי האגיס,יחידה,1.00,יחידה,false,0,41.90,41.90,true,1,
7290000197463,false,חיתולים פרידום דריי שלב +4 האגיס 40 יחידות,קימברלי קלארק ישראל שיווק בעמ,IL,חיתולי האגיס,יחידה,1.00,יחידה,false,0,41.90,41.90,true,1,
7290000197548,false,חיתולים פרידום דריי שלב 5 האגיס 36 יחידות,קימברלי קלארק ישראל שיווק בעמ,IL,חיתולי האגיס,יחידה,1.00,יחידה,false,0,41.90,41.90,true,1,
7290000197654,false,שקיות אשפה ענקיות נשלפות 75*90 ניקול 50 יחידות,קימברלי קלארק ישראל שיווק בעמ,IL,שקיות אשפה,יחידה,1.00,יחידה,false,0,21.80,21.80,true,1,
7290000197678,false,חיתולי האגיס פרידום דריי שלב 6 30 יחידות,קימברלי קלארק ישראל שיווק בעמ,IL,חיתולי האגיס,יחידה,1.00,יחידה,false,0,41.90,41.90,true,1,
7290000197753,false,ניילון נצמד אנטי בטקריאלי ניקול 30X2מ',קימברלי קלארק ישראל שיווק בעמ,CN,ניילון נצמד זוג,מטרים,60.00,מטר,false,0,11.90,0.20,true,1,
7290000197876,false,תבניות אלומיניום קטנות עם מכסה ניקול 4 יחידות,קימברלי קלארק ישראל שיווק בעמ,CN,תבניות אלומיניום,יחידה,1.00,יחידה,false,0,9.90,9.90,true,1,
7290000197883,false,תבנית אלומיניום 100 גדולה ניקול 4 יחידות,קימברלי קלארק ישראל שיווק בעמ,CN,תבניות אלומיניום,יחידה,1.00,יחידה,false,0,9.90,9.90,true,1,
7290000197951,false,תבניות אלומיניום ענקיות ניקול 3 יחידות,קימברלי קלארק ישראל שיווק בעמ,CN,תבניות אלומיניום,יחידה,1.00,יחידה,false,0,9.90,9.90,true,1,
7290000197982,false,"רדיד אלומיניום עבה 45 ס""מ רוחב ניקול 2 יח' 7.5 מטר",קימברלי קלארק ישראל שיווק בעמ,IL,זוג רדיד אלומינ.,מטרים,15.00,מטר,false,0,21.90,1.46,true,1,
7290000199313,false,תחבושות עם כנפיים נורמל פלוס קוטקס 30 יחידות,קימברלי קלארק ישראל שיווק בעמ,CZ,קוטקס תחבושות,יחידה,1.00,יחידה,false,0,18.90,18.90,true,1,
7290000201849,false,חיתולי פרימיום שלב 4 טיטולים) (40,קימברלי קלארק ישראל שיווק בעמ,IL,טיטולים פרימיום,יחידה,1.00,יחידה,false,1,29.90,29.90,true,1,
7290000201856,false,חיתולי פרימיום שלב 4+ טיטולים) (38,קימברלי קלארק ישראל שיווק בעמ,IL,טיטולים פרימיום,יחידה,1.00,יחידה,false,1,29.90,29.90,true,1,
7290000201870,false,חיתולי פרימיום שלב 6 טיטולים) (30,קימברלי קלארק ישראל שיווק בעמ,IL,טיטולים פרימיום,יחידה,1.00,יחידה,false,1,29.90,29.90,true,1,
7290000204253,false,מטליות רב שימושיות לניקיון ניקול 9 יחידות,קימברלי קלארק ישראל שיווק בעמ,IL,מטליות ניקול,יחידה,1.00,יחידה,false,0,10.50,10.50,true,1,
7290000204512,false,מטליות לחות לניקוי רצפה בריח לימון ניקול 10 יחידות,קימברלי קלארק ישראל שיווק בעמ,IL,מטליות רצפה לחות,יחידה,1.00,יחידה,false,1,10.90,10.90,true,1,
7290000204611,false,שישיית ספוגית הקסם ניקול 6 יחידות,קימברלי קלארק ישראל שיווק בעמ,US,ספוגיות ניקול,יחידה,1.00,יחידה,false,0,11.90,11.90,true,1,
7290000207063,false,רסק עגבניות פריכוז 28% 240 גרם יכין,היינץ צפון אמריקה מק,IL,רוטב עגבניות,גרמים,240.00,100 גרם,false,0,4.10,1.71,true,1,
7290000207162,false,רוטב עגבניות מרכיב טבעי 100 ג' יכין,זנלכול יכין,IL,רוטב עגבניות,גרמים,100.00,100 גרם,false,0,2.50,2.50,true,1,
7290000208022,false,עגבניות 2.5 A מרוסקות 850 גרם יכין,זנלכול יכין,IL,עגבניות מרוסקות,גרמים,800.00,100 גרם,false,0,9.90,1.24,true,1,
7290000208077,false,אפונת גינה גדולה יכין (550 גרם),זנלכול יכין,IL,אפונת גינה,גרמים,550.00,100 גרם,false,0,7.90,1.44,true,1,
7290000208091,false,אפונה קטנה עדינה יכין 550 גרם,"זנלכל בע""\מ",IL,אפונת גינה קטנה,גרמים,550.00,100 גרם,false,0,7.90,1.44,true,1,
7290000208114,false,"אפונה וגזר יכין A2 פ""ק בית יוסף",זנלכול יכין,IL,אפונה וגזר,גרמים,550.00,100 גרם,false,0,8.50,1.55,true,1,
7290000208145,false,גרעיני תירס מתוק לייט 550 גרם יכין,זנלכול יכין,IL,תירס לייט יכין,גרמים,550.00,100 גרם,false,0,9.90,1.80,true,1,
7290000208213,false,שעועית לבנה אפויה A2 ברוטב עגבניות יכין 560ג',היינץ צפון אמריקה מק,IL,שעועית ברוטב,גרמים,580.00,100 גרם,false,0,8.90,1.53,true,1,
7290000208312,false,גרעיני תירס מתוק בואקום יכין 400 גר',"זנלכל בע""\מ",IL,תירס ואקום,גרמים,400.00,100 גרם,false,0,6.90,1.73,true,1,
7290000208329,false,גרעיני תירס מתוק יכין (550 גרם),זנלכול יכין,IL,גרעיני תירס מתוק,גרמים,550.00,100 גרם,false,0,8.50,1.55,true,1,
7290000208336,false,רסק יכין 240גר 22% יכין בית יוסף,"זנלכל בע""\מ",IL,רוטב עגבניות,גרמים,240.00,100 גרם,false,0,4.50,1.88,true,1,
7290000208404,false,A2 פול מצרי 550 גרם יכין,זנלכול יכין,IL,פול מצרי,גרמים,550.00,100 גרם,false,0,8.90,1.62,true,1,
7290000208428,false,גרגרי חומוס שלם 550 גרם יכין,היינץ צפון אמריקה מק,IL,חומוס שלם,גרמים,560.00,100 גרם,false,0,8.90,1.59,true,1,
7290000208459,false,"לקט אפונה, תפוחי אדמה וגזר יכין 550 גרם",זנלכול יכין,IL,ירקות מעורבים,גרמים,550.00,100 גרם,false,0,9.90,1.80,true,1,
7290000208855,false,רוטב לפסטה קלאסי יכין (240 גרם),זנלכול יכין,IL,רוטב פסטה,גרמים,240.00,100 גרם,false,0,6.50,2.71,true,1,
7290000208947,false,עגבניות מרוסקות יכין (240 גרם),היינץ צפון אמריקה מק,IL,עגבניות קצוצות,גרמים,240.00,100 גרם,false,0,6.50,2.71,true,1,
7290000209371,false,מארז גרעיני תירס מתוק יכין (200x3 גרם),היינץ צפון אמריקה מק,IL,תירס גרעינים 3יח,גרמים,495.00,100 גרם,false,1,14.90,3.01,true,1,
7290000209388,false,תירס מתוק לייט יכין 200 גרם מארז 3 יח',זנלכול יכין,IL,תירס לייט 3 יח,גרמים,495.00,100 גרם,false,0,14.90,3.01,true,1,
7290000209524,false,סירופ דיאט בטעם פטל יכין (1 ליטר),זנלכול יכין,IL,סירופ פטל דיאט,ליטרים,1.00,ליטר,false,0,16.90,16.90,true,1,
7290000209531,false,סירופ דיאט בטעם אשכוליות יכין 1 ליטר,"זנלכל בע""\מ",IL,סירופ אשכוליות,ליטרים,1.00,ליטר,false,0,16.90,16.90,true,1,
7290000209555,false,סירופ דיאט בטעם תפוחים יכין 1 ליטר,זנלכול יכין,IL,"סירופ תפו""ע דיאט",ליטרים,1.00,ליטר,false,0,16.90,16.90,true,1,
7290000209579,false,סירופ דיאט בטעם אננס יכין (1 ליטר),"זנלכל בע""\מ",IL,סירופ אננס דיאט,ליטרים,1.00,ליטר,false,0,16.90,16.90,true,1,
7290000209708,false,עגבניות מרוסקות עם בזיליקום 240 גרם יכין,היינץ צפון אמריקה מק,IL,עגבניות מרוסקות,גרמים,240.00,100 גרם,false,0,6.50,2.71,true,1,
7290000209722,false,רוטב עגבניות 28% יכין (580 גרם)פריכוז,"זנלכל בע""\מ",IL,רוטב עגבניות,גרמים,580.00,100 גרם,false,0,10.90,1.88,true,1,
7290000209913,false,עגבניות חתוכות לקוביות 240 גרם יכין,"זנלכל בע""\מ",IL,קוביות עגבניות,גרמים,240.00,100 גרם,false,0,6.50,2.71,true,1,
7290000209944,false,רוטב לעגבניות בסיס לשקשוקה 240 ג' יכין,"זנלכל בע""\מ",IL,בסיס לשקשוקה,גרמים,240.00,100 גרם,false,0,6.50,2.71,true,1,
7290000209951,false,רוטב עגבניות לפיצה 260 גרם יכין,"זנלכל בע""\מ",IL,רוטב עגבניות,גרמים,240.00,100 גרם,false,0,6.50,2.71,true,1,
7290000209968,false,רוטב עגבניות ללזניה 260 גרם יכין,זנלכול יכין,IL,רוטב ללזניה,גרמים,240.00,100 גרם,false,0,6.50,2.71,true,1,
7290000211169,false,"אורז תאילנדי אחד אחד סוגת 1 ק""ג",האי נאם סי או אל.טי.,IL,אורז תאילנדי,קילוגרמים,1.00,"ק""ג",false,0,6.90,6.90,true,1,
7290000211312,false,סוגת אורז מלא פרסי אחד אחד 1 קג,האי נאם סי או אל.טי.,IL,אורז מלא ארוך,קילוגרמים,1.00,"ק""ג",false,0,8.50,8.50,true,1,
7290000211374,false,"קמח חיטה מלא סוגת 1 ק""ג",טחנת קמח דגן-שטיבל,IL,קמח חיטה מלא,קילוגרמים,1.00,"ק""ג",false,0,7.50,7.50,true,1,
7290000211442,false,אורז בסגנון פרסי קלאסי סוגת (1 קג),האי נאם סי או אל.טי.,IL,אורז פרסי קלאסי,קילוגרמים,1.00,"ק""ג",false,0,10.90,10.90,true,1,
7290000211626,false,חיש אורז אחד אחד 1 קג,"סוגת תעשיות בע""\מ",IL,אורז חיש סוגת,קילוגרמים,1.00,"ק""ג",false,0,9.90,9.90,true,1,
7290000211985,false,אורז עגול ריזוטו אחד אחד 1 קג,"סוגת תעשיות בע""\מ",IL,אורז עגול סוגת,קילוגרמים,1.00,"ק""ג",false,0,9.90,9.90,true,1,
7290000226552,false,קפולסקי עוגת טורט ריבת חלב+ קוקוס קפוא,קפולסקי שיווק וקמעונ,IL,טורט ריבת חלב,קילוגרמים,1.00,"ק""ג",false,0,64.90,64.90,true,1,
7290000238029,false,"בצק עלים צרפתי מרודד מעדנות 1 ק""ג",תנובה מרכז שיתופי לשיווק תוצרת,IL,בצק עלים מרודד,קילוגרמים,1.00,"ק""ג",false,0,21.90,21.90,true,1,
7290000238036,false,מלאווח מעדנות 6 יח`700 גרם קפוא,תנובה מרכז שיתופי לשיווק תוצרת,IL,מלווח מעדנית,גרמים,700.00,100 גרם,false,0,16.90,2.41,true,1,
7290000238173,false,.בורקס במילוי גבינה 800 גרם מעדנות,מיוצר עי קונדיטוריית,IL,בורקס גבינה קפוא,גרמים,800.00,100 גרם,false,0,19.90,2.49,true,1,
7290000238180,false,בורקס במילוי תפוא 800 גרם מעדנות,מיוצר עי קונדיטוריית,IL,"בורקס תפו""א קפוא",גרמים,800.00,100 גרם,false,0,19.70,2.46,true,1,
7290000243566,false,שמן קנולה בריאות עץ הזית (750 מל),סוגת תעשיות בעמ,EE,שמן קנולה מועשר,מיליליטרים,750.00,"100 מ""ל",false,0,11.90,1.59,true,1,
7290000244143,false,קרם הוואי לאחר גילוח+ לחות 120 מ``ל,טרופיקל דגיל קוסמטיק,IL,קרם לאחר גילוח,גרמים,120.00,100 גרם,false,0,15.90,13.25,true,1,
7290000244761,false,"קרם ידיים ולווטה 100 מ""ל",טרופיקל דגיל קוסמטיק,IL,קרם ידיים ולווטה,מיליליטרים,100.00,"100 מ""ל",false,0,9.90,9.90,true,1,
7290000245294,false,"פרסיל אבקת כביסה סופרא 2.5ק""ג",גורי שיווק בעמ,IL,אבקת כביסה פרסיל,קילוגרמים,2.50,"ק""ג",false,0,21.90,8.76,true,1,
7290000253220,false,שוקולדצ`יפס לאפייה 260 גר`אופנהיימר,תה ויסוצקי (ישראל) בעמ,IL,שוקולד צ'יפס,גרמים,260.00,100 גרם,false,0,10.90,4.19,true,1,
7290000253251,false,נטיפי שוקולד צ`יפס לבן לאפיה 250 גרם,תה ויסוצקי (ישראל) בעמ,IL,שוקו צ'יפס לבן,גרמים,250.00,100 גרם,false,0,10.90,4.36,true,1,
7290000253374,false,מיני שוקולד צ`יפס 66% מוצקי קקאו אופנהיי,תה ויסוצקי (ישראל) בעמ,IL,מיני שוקולד ציפס,גרמים,250.00,100 גרם,false,1,14.90,5.96,true,1,
7290000253459,false,נטיפי צ'יפס בטעם קרמל אופנהיימר 250 גרם,תה ויסוצקי (ישראל)בעמ,IL,נטיפי צ'יפס,גרמים,250.00,100 גרם,false,1,10.90,4.36,true,1,
7290000262031,false,נייר טואלט מולט לבבות 32 גלילים,קימברלי קלארק ישראל שיווק בעמ,IL,נייר טואלט,מטרים,562.00,100 מטר,false,0,29.90,5.32,true,1,
7290000262413,false,חיתולי האגיס אקסטרה קייר מידה 5 34 יחידות,קימברלי קלארק ישראל שיווק בעמ,CZ,חיתולי האגיס,יחידה,1.00,יחידה,false,1,49.90,49.90,true,1,
7290000267043,false,שקדים מולבנים פרוסים השף 100 גרם,דין שיווק וקליה 2021 בעמ,IL,שקד מולבן פרוס,גרמים,100.00,100 גרם,false,0,12.80,12.80,true,1,
7290000267500,false,קליפות הדר מצופות שוקולד מריר שקדיה 200 גרם,"דין שיווק וקלייה בע""",IL,קליפות הדר בשוק,גרמים,200.00,100 גרם,false,0,15.90,7.95,true,1,
7290000267548,false,אגוזי מלך טחונים השף 100 גרם,דין שיווק וקליה 2021 בעמ,IL,אגוז מלך טחון,גרמים,100.00,100 גרם,false,0,12.80,12.80,true,1,
7290000267616,false,צנובר 100גרם,שקדיה,IL,צנובר,גרמים,100.00,100 גרם,false,0,28.70,28.70,true,1,
7290000267678,false,גרעיני דלעת טבעי קלוף שקדיה 150 ג',דין שיווק וקליה 2021 בעמ,IL,גרעין דלעת קלוף,גרמים,150.00,100 גרם,false,0,16.80,11.20,true,1,
7290000272443,false,סירופ דיאט בטעם תפוזים עסיס 1 ליטר,קבוצת אוסם סחר שותפות מוגבלת,IL,סירופ דיאט תפוז,ליטרים,1.00,ליטר,false,0,16.90,16.90,true,1,
7290000272696,false,מיץ לימון טבעי משומר 1 ליטר עסיס כלפ,קבוצת אוסם סחר שותפות מוגבלת,IL,מיץ לימון משומר,ליטרים,1.00,ליטר,false,0,9.90,9.90,true,1,
7290000272726,false,חומץ רכיבים רכיבים טבעיים 5% עסיס 1 ליטר,קבוצת אוסם סחר שותפות מוגבלת,IL,חומץ 5%,ליטרים,1.00,ליטר,false,0,6.90,6.90,true,1,
7290000286228,false,ספוגיות לניקוי כללי סנו סושי 6 יחידות,החברה הדרומית לשיווק בעמ,IL,ספוגיות לכלים6יח,יחידה,1.00,יחידה,false,0,10.90,10.90,true,1,
7290000286297,false,"אנטי קאלק מסיר אבנית מקומקום סנו 700 מ""ל",החברה הדרומית לשיווק בעמ,IL,סנו מסיר אבן,מיליליטרים,700.00,"100 מ""ל",false,0,10.90,1.56,true,1,
7290000286525,false,סנו ספוג פרינה לרחצה 1 יח`,החב. הדרומית לשיווק,IL,ספוג רחצה,יחידה,1.00,יחידה,false,0,11.90,11.90,true,1,
7290000286549,false,מטליות לניקוי כללי סנו סושי 9 יחידות,החברה הדרומית לשיווק בעמ,IL,מטליות לכל 9 יח,יחידה,1.00,יחידה,false,0,10.50,10.50,true,1,
7290000286761,false,ניילון נצמד סנו סושי פלסטיק מארז 30X2 מ',החברה הדרומית לשיווק בעמ,CN,צמד ניילון נצמד,מטרים,60.00,מטר,false,0,10.90,0.18,true,1,
7290000286891,false,שמפו לרצפה מגן קריסטל סנו (1 ליטר),החברה הדרומית לשיווק בעמ,IL,סנו מגן קריסטל,ליטרים,1.00,ליטר,false,0,28.00,28.00,true,1,
7290000286921,false,סנוקל רסס וכבס תרסיס אקדח 750 מ``ל,החברה הדרומית לשיווק בעמ,IL,סנוקל רסס וכבס,מיליליטרים,750.00,"100 מ""ל",false,0,13.90,1.85,true,1,
7290000286945,false,סנו רהיט נוזלי תרסיס 500 סמק+אקדח,החברה הדרומית לשיווק בעמ,IL,סנו רהיט מרסס,מיליליטרים,500.00,"100 מ""ל",false,0,27.00,5.40,true,1,
7290000287102,false,סנו שטיחים קצף לניקוי שטיחים 600 סמק,החברה הדרומית לשיווק בעמ,IL,סנו שמפו לשטיחים,גרמים,540.00,100 גרם,false,0,19.90,3.69,true,1,
7290000287430,false,סנובון צבעוני לאסלה בריח לימון שלישייה,החברה הדרומית לשיווק בעמ,IL,סנובון לאסלה 3יח,גרמים,165.00,100 גרם,false,0,11.90,7.21,true,1,
7290000287485,false,"שלישיית סנובון לובר לאסלה ""סנו""",החברה הדרומית לשיווק בעמ,IL,סנובון בריח לובר,גרמים,165.00,100 גרם,false,0,11.90,7.21,true,1,
7290000287492,false,"סנובון נוזל לניקוי אסלות בריח לימון סנו 750 מ""ל",החברה הדרומית לשיווק בעמ,IL,סנובון נוזלי,מיליליטרים,750.00,"100 מ""ל",false,0,8.90,1.19,true,1,
7290000287621,false,"אנטי קאלק נוזל לניקוי אסלות סנו 750 מ""ל",החברה הדרומית לשיווק בעמ,IL,סנו מנקה אסלות,מיליליטרים,750.00,"100 מ""ל",false,0,11.90,1.59,true,1,
7290000288024,false,סנו - ז'אוול אקונומיקה בריח לימון 4 ליטר,החברה הדרומית לשיווק בעמ,IL,סנו JAVEL אקונומ,ליטרים,4.00,ליטר,false,0,16.90,4.23,true,1,
7290000288048,false,ז`אוול מרסס לניקוי כללי לבנדר סנו (1 ליט,החברה הדרומית לשיווק בעמ,IL,סנו ג'אוול לבנדר,ליטרים,1.00,ליטר,false,0,18.90,18.90,true,1,
7290000288079,false,סנו - ז'אוול אקונומיקה לימון 2 ליטר,החברה הדרומית לשיווק בעמ,IL,סנו JAVEL מלבין,ליטרים,2.00,ליטר,false,0,11.90,5.95,true,1,
7290000288086,false,אבקת ניקוי עם אקונומיקה בריח לימון סנו ז'אוול 600 ג',החברה הדרומית לשיווק בעמ,IL,סנו ג'אוול אבק,גרמים,600.00,100 גרם,false,0,9.90,1.65,true,1,
7290000288291,false,סנומט דוחה יתושים לוחיות אידוי 30 יחידות,החברה הדרומית לשיווק בעמ,IT,סנומט נגד יתוש,יחידה,1.00,יחידה,false,0,12.80,12.80,true,1,
7290000288352,false,"קוטל חרקים וזוחלים K-300 סנו 630 מ""ל",החברה הדרומית לשיווק בעמ,IL,300-K קוטל חרק,מיליליטרים,630.00,"100 מ""ל",false,0,20.90,3.32,true,1,
7290000288390,false,קוטל זבובים יתושים קיי 600 סנו (500 מל),החברה הדרומית לשיווק בעמ,IL,סנו 600-K תרסיס,מיליליטרים,500.00,"100 מ""ל",false,0,20.90,4.18,true,1,
7290000288642,false,מקסימה מרכך כביסה סנסיטיב בייבי סנו 4 ליטר,החברה הדרומית לשיווק בעמ,IL,מרכך כביסה,ליטרים,4.00,ליטר,false,0,21.90,5.48,true,1,
7290000289069,false,סנו - ז'אוול מרסס קצף ניקוי בתוספת אקונומיקה בריח לימון 1 ליטר,החברה הדרומית לשיווק בעמ,IL,סנו ג'אוול מרסס,ליטרים,1.00,ליטר,false,0,18.90,18.90,true,1,
7290000289380,false,ז`אוול מונטבלאן ג`ל לאסלות סנו (750 מל),החברה הדרומית לשיווק בעמ,IL,ג'ל לאסלה ג'אוול,מיליליטרים,750.00,"100 מ""ל",false,0,11.90,1.59,true,1,
7290000289496,false,"סנו - ז'אוול ג'ל קרם לניקוי כללי לימון 750 מ""ל",החברה הדרומית לשיווק בעמ,IL,ג'אוול ג'ל קרם,מיליליטרים,750.00,"100 מ""ל",false,0,10.90,1.45,true,1,
7290000289601,false,סנו ז'אוול בריח לבנדר 2 ל',"סנו מפעלי ברונוס בע""מ",IL,סנו ג'אוול,ליטרים,2.00,ליטר,false,0,11.90,5.95,true,1,
7290000289748,false,"מסיר שומנים לתנורים פורטה פלוס סנו 750 מ""ל",החברה הדרומית לשיווק בעמ,IL,סנו פורטה שומנים,מיליליטרים,750.00,"100 מ""ל",false,0,13.90,1.86,true,1,
7290000292137,false,"נוזל לניקוי וטיפול מוצרי עור סנו 500 מ""ל",החברה הדרומית לשיווק בעמ,IL,סנו לניקוי עור,מיליליטרים,500.00,"100 מ""ל",false,0,31.90,6.38,true,1,
7290000292311,false,פוליויקס נוזל רצפות בניחוח סחלבים סנו 2 ליטר,החברה הדרומית לשיווק בעמ,IL,סנו פוליויקס,ליטרים,2.00,ליטר,false,0,19.90,9.95,true,1,
7290000292687,false,סנובון מוצק לניקוי אסלה קלאסיק כחול סנו 3 יחידות,החברה הדרומית לשיווק בעמ,IL,סנובון כחול 3 יח,גרמים,165.00,100 גרם,false,0,16.90,10.24,true,1,
7290000292915,false,רסס ונגב לניקוי כללי תרסיס סנו (750 מל),החברה הדרומית לשיווק בעמ,IL,סנו רסס נגב מרסס,מיליליטרים,750.00,"100 מ""ל",false,0,14.90,1.99,true,1,
7290000293516,false,סנו סופג לחות ומונע עובש 340 מ``ל,החברה הדרומית לשיווק בעמ,IL,סנו סופג לחות,גרמים,340.00,100 גרם,false,0,26.70,7.85,true,1,
7290000293530,false,שקית מילוי לסנו סופג לחות ומונע עובש,החברה הדרומית לשיווק בעמ,IL,סופג לחות מילוי,יחידה,1.00,יחידה,false,0,11.70,11.70,true,1,
7290000293820,false,"קרמה מן שמפו וג'ל גל רחצה אקטיב בלוק 700מ""ל",החברה הדרומית לשיווק בעמ,IL,שמפו וג'ל רחצה,מיליליטרים,700.00,"100 מ""ל",false,1,15.00,2.14,true,1,
7290000293837,false,"קרמה מן דאודורנט ג'ל אנטיפרספירנט 70 מ""ל",קוסמופארם בעמ,IL,דאו.ג'ל קרבון,מיליליטרים,70.00,"100 מ""ל",false,1,15.90,22.71,true,1,
7290000293943,false,"מרסס לבן מסיר אבנית 1 ליטר אנטי קאלק ""סנו""",החברה הדרומית לשיווק בעמ,IL,סנו אנטי קאלק,ליטרים,1.00,ליטר,false,0,17.90,17.90,true,1,
7290000294391,false,נוזל לניקוי כללי בניחוח סחלבים סנו ג'ט 4 ליטר,החברה הדרומית לשיווק בעמ,IL,סנו ג'ט,ליטרים,4.00,ליטר,false,0,18.90,4.73,true,1,
7290000294575,false,סנו סושי רב מגבת 63 דפים בגליל,החברה הדרומית לשיווק בעמ,IL,רב מגבת סנו סושי,מטרים,14.00,מטר,false,0,12.90,0.92,true,1,
7290000294780,false,אקונומיקה סמיכה בריח לימון סנו ז'אוול 4 ליטר,החברה הדרומית לשיווק בעמ,IL,סנו ג'אוול 4 ל,ליטרים,4.00,ליטר,false,0,16.90,4.23,true,1,
7290000295299,false,סנו סושי כריות הפלא רב תכלתיות רביעייה,החברה הדרומית לשיווק בעמ,IL,כרית יפנית,יחידה,1.00,יחידה,false,0,9.70,9.70,true,1,
7290000295336,false,סנו מקסימה אבקת כביסה סנסטיב מילוי1.25,החברה הדרומית לשיווק בעמ,IL,אבקת כביסה,קילוגרמים,1.25,"ק""ג",false,0,15.90,12.72,true,1,
7290000295343,false,"אבקת כביסה מקסימה ביו 1.25 ק""ג סנו",החברה הדרומית לשיווק בעמ,IL,אבקת כביסה,קילוגרמים,1.25,"ק""ג",false,0,15.90,12.72,true,1,
7290000295367,false,"מקסימה אבקת כביסה אפקט ז'אוול סנו 2.5 ק""ג",החברה הדרומית לשיווק בעמ,IL,אבקת כביסה,קילוגרמים,2.50,"ק""ג",false,0,25.90,10.36,true,1,
7290000295404,false,שקיות אשפה עם שרוך 54 * 65 סנו סושי 60 יחידות,החברה הדרומית לשיווק בעמ,IL,שקיות אשפה,יחידה,1.00,יחידה,false,0,21.90,21.90,true,1,
7290000295503,false,זוג שקיות מזון טבע 19*25 סנו סושי 150 יחידות,החברה הדרומית לשיווק בעמ,CN,שקיות אוכל צמד,יחידה,1.00,יחידה,false,0,13.90,13.90,true,1,
7290000295558,false,"רדיד אלומיניום רוחב 30 ס""מ סנו סושי 2 יח' 7.5 מטר",החברה הדרומית לשיווק בעמ,TR,צמד רדידי אלומינ,מטרים,15.00,מטר,false,0,10.90,0.73,true,1,
7290000295565,false,"רדיד אלומיניום רוחב 45 ס""מ סנו 2 יח' 7.5 מטר",החברה הדרומית לשיווק בעמ,TR,צמד רדידי אלומינ,מטרים,15.00,מטר,false,0,16.90,1.13,true,1,
7290000295572,false,"מארז זוגי מנקה אסלות 00 סנו 750 מ""ל",החברה הדרומית לשיווק בעמ,IL,צמד מנקה אסלות,ליטרים,1.50,ליטר,false,0,16.90,11.27,true,1,
7290000295824,false,"רדיד אלומיניום 30 ס""מ רוחב סנו סושי 100 מטר",החברה הדרומית לשיווק בעמ,TR,רדיד אלומיניום,מטרים,100.00,מטר,false,0,46.90,0.47,true,1,
7290000300900,false,שניצל תירס מרכיבים טבעיים טבעול 750 גרם,קבוצת אוסם סחר שותפות מוגבלת,IL,שניצל תירס טבעול,גרמים,750.00,100 גרם,false,0,24.90,3.32,true,1,
7290000302027,false,סיגריות טיים אדום פא,"דובק בע""מ",IL,טיים רד,יחידה,1.00,יחידה,false,0,277.00,277.00,false,1,
7290000302300,false,סיגריות נובלס בלנד פ,"דובק בע""מ",IL,נובלס בלנד,יחידה,1.00,יחידה,false,0,277.00,277.00,false,1,
7290000303598,false,שעועית לבנה ברוטב עגבניות פרי הגליל 570 גרם,ויטה -פרי גליל (החדשה) בעמ,IL,שעועית ברוטב,גרמים,570.00,100 גרם,false,0,7.90,1.39,true,1,
7290000303604,false,חומוס גרגירים 560 ג' פרי הגליל,ויטה- פרי גליל (החדשה) בעמ,IL,חומוס שלם,גרמים,550.00,100 גרם,false,0,7.90,1.44,true,1,
7290000305882,false,אס הרינג עם ירקות ברוטב עגבניות 120 גרם,דיפלומט מפיצים (1968) בעמ**,TR,אס דגים+ירקות,גרמים,120.00,100 גרם,false,0,6.00,5.00,true,1,
7290000307015,false,אפונת גינה בינונית פרי הגליל 550 גרם,ויטה פרי גליל (החדשה) בע`מ,IL,אפונת גינה,גרמים,550.00,100 גרם,false,0,7.90,1.44,true,1,
7290000307046,false,אפונת גינה וגזר פרי הגליל 550 גרם,ויטה -פרי גליל (החדשה) בעמ,IL,אפונת גינה וגזר,גרמים,550.00,100 גרם,false,0,7.90,1.44,true,1,
7290000307220,false,גרעיני תירס מתוק בואקום פרי הגליל 285 גרם,ויטה- פרי גליל (החדשה) בעמ,IL,גרעיני תירס,גרמים,340.00,100 גרם,false,0,6.90,2.03,true,1,
7290000307237,false,גרעיני תירס מתוק פרי הגליל 550 גרם,ויטה פרי גליל (החדשה) בע`מ,IL,גרעיני תירס,גרמים,550.00,100 גרם,false,0,7.90,1.44,true,1,
7290000307343,false,שעועית ירוקה חתוכה פרי הגליל 550 גרם,ויטה פרי גליל (החדשה) בע`מ,IL,שעועית ירוקה,גרמים,550.00,100 גרם,false,0,6.90,1.25,true,1,
7290000313160,false,זהבה ושלושת הדובים עוגיות בטעם שוקולד אסם 350 גרם,קבוצת אוסם סחר שותפות מוגבלת,IL,עוגיות זהבה,גרמים,250.00,100 גרם,false,0,8.00,3.20,true,1,
7290000313290,false,אסם נודלס נודלס איטריות מסולסלות 200גר,קבוצת אוסם סחר שותפות מוגבלת,TH,אטריות נודלס,גרמים,200.00,100 גרם,false,0,9.90,4.95,true,1,
7290000315126,false,קנור ציר עוף משחתי 300 ג,יוניליוור ישראל שיווק בע`מ,IL,ציר עוף קנור,גרמים,300.00,100 גרם,false,0,26.50,8.83,true,1,
7290000315133,false,קנור ציר בקר משחתי 300ג,יוניליוור ישראל שיווק בע`מ,IL,ציר בקר,גרמים,300.00,100 גרם,false,0,26.50,8.83,true,1,
7290000318103,false,פסטרמה ברביקיו מעדניה,מעדני יחיעם ( 1993 ) בע`מ,IL,פסטרמה ברביקיו,קילוגרמים,0.00,"ק""ג",true,0,80.00,80.00,true,1,
7290000318127,false,נקניקיות ביס יחיעם (380 גרם),מעדני יחיעם (1993) בעמ,IL,"נקניקיות ""ביס""",גרמים,380.00,100 גרם,false,0,11.90,3.13,true,1,
7290000318479,false,נקניק פרושוטו בקר יחיעם 100 גרם,מעדני יחיעם ( 1993 ) בע`מ,IL,פרושוטו,גרמים,100.00,100 גרם,false,0,27.90,27.90,true,1,
7290000318677,false,נקניק סלמי סרוולט יחיעם 150 גרם,מעדני יחיעם (1993) בעמ,IL,סלמי סרוולט,גרמים,150.00,100 גרם,false,0,22.90,15.27,true,1,
7290000318707,false,נקניק סלמי מעושן יחיעם 500 גרם,מעדני יחיעם ( 1993 ) בע`מ,IL,סלמי מעושן 500 ג,גרמים,500.00,100 גרם,false,1,29.90,5.98,true,1,
7290000318806,false,נקניק סרוולד סלמי מעדניה,מעדני יחיעם ( 1993 ) בע`מ,IL,סלמי סרוולד.,קילוגרמים,0.00,"ק""ג",true,0,140.00,140.00,true,1,
7290000318868,false,סלמי פפרוני{יחיעם},מעדני יחיעם 1993 בעמ,IL,סלמי פפרוני,קילוגרמים,0.00,"ק""ג",true,0,69.00,69.00,true,1,
7290000318929,false,סלמי צרפתי מובחר במשקל,מעדני יחיעם ( 1993 ) בע`מ,IL,סלמי צרפתי מובחר,קילוגרמים,0.00,"ק""ג",true,0,139.00,139.00,true,1,
7290000318943,false,פסטרמה של פעם מעושן 1.5% יחיעם 200 גרם,מעדני יחיעם ( 1993 ) בע`מ,IL,פסטרמה של פעם,גרמים,200.00,100 גרם,false,0,22.80,11.40,true,1,
7290000319124,false,סלמי סרוולט מאפ יחיעם 250 גרם,מעדני יחיעם ( 1993 ) בע`מ,IL,סלמי סרוולט,גרמים,250.00,100 גרם,false,0,33.90,13.56,true,1,
7290000319520,false,נקניק סלמי צרפתי יחיעם 100 גרם,מעדני יחיעם (1993) בעמ,IL,סלמי צרפתי,גרמים,100.00,100 גרם,false,0,19.90,19.90,true,1,
7290000319803,false,קבנוס קלאסי יחיעם (125 גרם),מעדני יחיעם ( 1993 ) בע`מ,IL,קבנוס קלאסי,גרמים,125.00,100 גרם,false,5,13.90,11.12,true,1,
7290000319834,false,קבנוס פפרוני יחיעם (125 גרם),מעדני יחיעם ( 1993 ) בע`מ,IL,קבנוס פפרוני,גרמים,125.00,100 גרם,false,5,13.90,11.12,true,1,
7290000327020,false,"מארז פפסי פחית צרה 330 מ""ל*6 יח'","מודרן גרופ משקאות בע""\מ",IL,פפסי פחיות 6 יח,ליטרים,1.98,ליטר,false,1,18.90,9.55,true,1,
7290000334325,false,ציפס למיקרו מארז שלישיה 125 ג' תפוגן,קבוצת אוסם סחר שותפות מוגבלת,IL,ציפס למיקרו,גרמים,375.00,100 גרם,false,0,13.80,3.68,true,1,
7290000336282,false,"פריגת סיידר צלול 330 מ""ל בקבוק",טמפו משקאות בעמ,IL,סיידר תפוח צלול,מיליליטרים,330.00,"100 מ""ל",false,1,8.20,2.48,true,1,
7290000339191,false,רן אבקת הלבנה לכביסה 350 גרם,יוניליוור ישראל שיווק בע`מ,IL,רן אבקת הלבנה,גרמים,350.00,100 גרם,false,0,18.60,5.31,true,1,
7290000339566,false,מרכך כביסה ורוד בדין (4 ליטר),יוניליוור ישראל שיווק בע`מ,IL,מרכך כביסה בדין,ליטרים,4.00,ליטר,false,0,19.90,4.98,true,1,
7290000341071,false,בדין - מרכך כביסה בייבי לבן 2 ליטר,"יוניליוור ישראל שיווק בע""מ",IL,מרכך כביסה בייבי,ליטרים,2.00,ליטר,false,0,14.90,7.45,true,1,
7290000342856,false,מרכך כביסה כחול בדין (4 ליטר),"יוניליוור ישראל שיווק בע""מ",IL,מרכך כביסה בדין,ליטרים,4.00,ליטר,false,0,19.90,4.98,true,1,
7290000345116,false,תה ירוק עלים ויסוצקי (125 גרם),תה ויסוצקי (ישראל) בעמ,IL,תה ירוק עלים,גרמים,125.00,100 גרם,false,0,14.00,11.20,true,1,
7290000345208,false,תה כחול קלאסיק ויסוצקי 25 יחידות,תה ויסוצקי (ישראל) בעמ,IL,תה ויסוצקי מעודן,גרמים,25.00,100 גרם,false,0,6.40,25.60,true,1,
7290000345215,false,תה כחול קלאסיק ויסוצקי 100 יחידות,תה ויסוצקי (ישראל) בעמ,IL,תה ויסוצקי 100שק,גרמים,100.00,100 גרם,false,0,15.90,15.90,true,1,
7290000345260,false,תה קלאסיק מעטפות ויסוצקי 25 יחידות,תה ויסוצקי (ישראל) בעמ,IL,תה ויסוצקי,גרמים,37.00,100 גרם,false,0,6.90,18.65,true,1,
7290000345277,false,תה קלאסיק מעטפות ויסוצקי 50 יחידות,תה ויסוצקי (ישראל)בעמ,IL,תה ויסוצקי 50 שק,גרמים,75.00,100 גרם,false,0,11.90,15.87,true,1,
7290000345284,false,תה ויסוצקי קלאסי אריזה ירוקה מרובעת (100 שקיקים),תה ויסוצקי (ישראל) בעמ,IL,תה ויסוצקי ירוק,גרמים,150.00,100 גרם,false,0,16.90,11.27,true,1,
7290000345291,false,תה ארל גרי 1.5/ 25 שקיקים ויסוצקי,תה ויסוצקי (ישראל) בעמ,IL,תה ארל גריי,גרמים,37.00,100 גרם,false,0,13.90,37.56,true,1,
7290000345307,false,תה ארל גרי 1.5/ 50 שקיקים ויסוצקי,תה ויסוצקי (ישראל) בעמ,IL,תה ארל גריי 50שק,גרמים,75.00,100 גרם,false,0,27.90,37.20,true,1,
7290000345536,false,תה נענע 1.5/ 25 שקיקים ויסוצקי,תה ויסוצקי (ישראל) בעמ,IL,תה נענע,גרמים,37.00,100 גרם,false,0,17.90,48.38,true,1,
7290000346021,false,חליטת קמומיל הגן הקסום ויסוצקי 50 יחידות,תה ויסוצקי (ישראל) בעמ,IL,חליטת קמומיל,גרמים,75.00,100 גרם,false,0,31.90,42.54,true,1,
7290000346120,false,חליטת קינמון הגן הקסום ויסוצקי 25 יחידות,תה ויסוצקי (ישראל) בעמ,IL,חליטת קינמון,גרמים,62.00,100 גרם,false,0,18.90,30.48,true,1,
7290000346137,false,חליטת הילולי פירות הגן הקסום ויסוצקי 25 יחידות,תה ויסוצקי (ישראל) בעמ,IL,חליטת פירות,גרמים,62.00,100 גרם,false,0,18.90,30.48,true,1,
7290000346144,false,הגן הקסום תה עינוגי התפוח ויסוצקי 25 יחידות,תה ויסוצקי (ישראל) בעמ,IL,חליטת פירות,גרמים,67.00,100 גרם,false,0,18.90,28.21,true,1,
7290000346199,false,חליטת פירות יער הגן הקסום ויסוצקי 25 יחידות,תה ויסוצקי (ישראל) בעמ,IL,חליטת פירות היער,גרמים,67.00,100 גרם,false,0,18.90,28.21,true,1,
7290000346205,false,חליטת קמומיל הגן הקסום ויסוצקי 25 יחידות,תה ויסוצקי (ישראל) בעמ,IL,חליטת קמומיל,גרמים,37.00,100 גרם,false,0,18.90,51.08,true,1,
7290000346236,false,חליטת לואיזה וורבנה הגן הקסום ויסוצקי 25 יחידות,תה ויסוצקי (ישראל) בעמ,IL,תה לואיזה וורבנה,גרמים,50.00,100 גרם,false,0,18.90,37.80,true,1,
7290000347738,false,תה ירוק בתוספת עלי נענע 25 שקיקים,תה ויסוצקי (ישראל) בעמ,IL,תה ירוק נענע,גרמים,37.00,100 גרם,false,0,24.90,67.30,true,1,
7290000347752,false,תה ירוק לימונית ולואיזה 25 שקיקים *1.5 ג'' ויסוצקי,תה ויסוצקי (ישראל) בעמ,IL,תה ירוק לימונית,גרמים,37.00,100 גרם,false,0,24.90,67.30,true,1,
7290000363189,false,סרוולד טירת צבי מעדנ,הנסיך- מפעל לייצור ט,IL,סלמי סרוולד,קילוגרמים,0.00,"ק""ג",true,0,148.00,148.00,true,1,
7290000363202,false,סלמי גליל מעושן נקניק מעושן חצי יבש 600 גרם,הנסיך- מפעל לייצור ט,IL,נקניק סלמי גליל,גרמים,600.00,100 גרם,false,0,27.90,4.65,true,1,
7290000363462,false,סלמי איטלקי מעושן ט.צבי,תנובה בשר,IL,מעושן איטלקי,קילוגרמים,0.00,"ק""ג",true,0,75.00,75.00,true,1,
7290000363486,false,נקניק תה טירת צבי מע,תנובה בשר,IL,נקניק תה,קילוגרמים,0.00,"ק""ג",true,0,55.00,55.00,true,1,
7290000364261,false,"דקניקים, סלסולי פסטרמה כתף בקר מעושנת 120 גרם",תנובה מרכז שיתופי לשיווק תוצרת,IL,דקניקים כתף בקר,גרמים,120.00,100 גרם,false,0,14.90,12.42,true,1,
7290000364285,false,דקניקים סלסולי פסטרמה הודו טירת צבי 120 גרם,תנובה מרכז שיתופי לשיווק תוצרת,IL,דקניקים פסטרמה,גרמים,120.00,100 גרם,false,0,14.90,12.42,true,1,
7290000364292,false,דקניקים סלסולי פסטרמה הודו על גחלים 1% טירת צבי 120 גרם,תנובה מרכז שיתופי לשיווק תוצרת,IL,דקמיקים פסטרמה,גרמים,120.00,100 גרם,false,0,14.90,12.42,true,1,
7290000364858,false,"נקניקיות עוף טרי טירת צבי 1 ק""ג",הנסיך- מפעל לייצור ט,IL,נקניקיות עוף,קילוגרמים,1.00,"ק""ג",false,0,22.90,22.90,true,1,
7290000364872,false,נקניקיות עוף טירת צבי (400 גרם),טיב טירת צבי 2000,IL,נקניקיות עוף,גרמים,400.00,100 גרם,false,0,13.90,3.48,true,1,
7290000365398,false,חזה הודו בדבשטירת צבי,תנובה בשר,IL,חזה הודו בדבש,קילוגרמים,0.00,"ק""ג",true,0,85.00,85.00,true,1,
7290000365909,false,פסטרמה הודו מעושנתטירת צבי,טירת- צבי,IL,פסטרמה הודו מעוש,קילוגרמים,0.00,"ק""ג",true,0,85.00,85.00,true,1,
7290000365954,false,פסטרמה גחלים טירת צבי,תנובה בשר,IL,פסטרמה על גחלי,קילוגרמים,0.00,"ק""ג",true,0,85.00,85.00,true,1,
7290000367590,false,פסטרמה כפרית וסלמי פריזר כפרי טירת צבי 2*400 גרם,תנובה מרכז שיתופי לשיווק תוצרת,IL,צמד כפרי נקניקים,גרמים,800.00,100 גרם,false,0,26.90,3.36,true,1,
7290000379203,false,לחם עינן קל פרוס מחיטה מלאה אנג'ל 500 גרם,מאפיית שלמה א. אנג'\ל בע,IL,לחם עינן קל,גרמים,500.00,100 גרם,false,0,15.90,3.18,true,1,
7290000379357,false,חלה קלה פרוסה 500 גרם,מאפיית שלמה א. אנג'\ל בע,IL,חלה קלה פרוסה,גרמים,500.00,100 גרם,false,0,13.80,2.76,true,1,
7290000408316,false,יוגורט דנונה דל לקטוז 200 גרם,שטראוס גרופ בעמ/מצונן,IL,יוגורט ביו 3%,גרמים,200.00,100 גרם,false,0,3.70,1.85,true,1,
7290000408354,false,יוגורט עם אורז מצופה שוקולד קקאו 175 ג' דנונה,שטראוס גרופ בעמ/מצונן,IL,דנונה בר פצפוצים,גרמים,173.00,100 גרם,false,0,4.60,2.66,true,1,
7290000412481,false,נוזל לניקוי אסלות 00 סנו (1 ליטר),החברה הדרומית לשיווק בעמ,IL,"מנקה אסלות 00""",ליטרים,1.00,ליטר,false,0,8.90,8.90,true,1,
7290000415208,false,קובה חמוסטה במילו בשר600,יסמין,IL,קובה חמוסטה,גרמים,600.00,100 גרם,false,0,37.90,6.32,true,1,
7290000416021,false,ממרח בטעם שוקולד השחר העולה (500 גרם),השחר העולה תעשית ממתקים בעמ,IL,ממרח השחר,גרמים,500.00,100 גרם,false,0,13.90,2.78,true,1,
7290000416045,false,ממרח בטעם שוקולד השחר העולה (1 קג),השחר העולה תעשית ממתקים בעמ,IL,ממרח השחר,קילוגרמים,1.00,"ק""ג",false,0,24.90,24.90,true,1,
7290000416076,false,"צימקאו לאפייה וציפוי השחר 400 גרם כשל""פ",השחר העולה תעשית ממתקים בעמ,IL,צימקאו לאפיה,גרמים,400.00,100 גרם,false,0,12.90,3.23,true,1,
7290000416618,false,"ממרח שוקולד פרווה השחר 400 גרם כשל""פ",השחר העולה תעשית ממתקים בעמ,IL,ממרח בטעם שוקולד,גרמים,400.00,100 גרם,false,0,11.90,2.98,true,1,
7290000416809,false,ממרח חצי חצי נוגט אגוזים וקרם חלב השחר 350ג',השחר העולה תעשית ממתקים בעמ,IL,ממרח חצי חצי,גרמים,350.00,100 גרם,false,1,11.90,3.40,true,1,
7290000416854,false,אבקת קקאו השחר העולה (150 גרם),השחר העולה תעשית ממתקים בעמ,IL,קקאו השחר העולה,גרמים,150.00,100 גרם,false,0,9.90,6.60,true,1,
7290000416922,false,השחר ממרח חלב 350 גרם,השחר העולה תעשית ממתקים בעמ,IL,ממרח חלב,גרמים,350.00,100 גרם,false,1,11.90,3.40,true,1,
7290000419114,false,קפה טחון שחור לנדוור 200 גר,"קפה לנדוור בע""\מ",IL,קפה שחור לנדוור,גרמים,200.00,100 גרם,false,0,16.60,8.30,true,1,
7290000419893,false,לנדוור קפה שחור חזק טחון טורקי 100 גרם,מולינו ניקולי s.p.a,IL,קפה שחור לבוקר,גרמים,100.00,100 גרם,false,0,8.50,8.50,true,1,
7290000419909,false,לנדוור קפה שחור לבוקר טחון טורקי 100 גרם,מולינו ניקולי s.p.a,IL,קפה שחור חזק,גרמים,100.00,100 גרם,false,0,8.50,8.50,true,1,
7290000420325,false,"פופסטאר פופקורן למקירוגל בטעם טבעי 5 שקיות,500 גרם","דנשר (1963) בע,מ",US,פופקורן למיקרו,גרמים,500.00,100 גרם,false,0,12.90,2.58,true,1,
7290000420332,false,פופסטאר פופקורן למיקרוגל בטעם חמאה 5 יחידות 500 גרם,"דנשר (1963) בע,מ",US,פופקורן למיקרו,גרמים,500.00,100 גרם,false,0,12.90,2.58,true,1,
7290000430102,false,קוביות קרח בשקית מיסטר אייס 2 קילו,אייס קיובס בעמ מיסטר אייס,IL,שקית קרח,יחידה,1.00,יחידה,false,0,9.80,9.80,true,1,
7290000446547,false,חמאת בוטנים טבעית בטר אנד דיפרנט 350 גרם,"בטר אנד דיפרנט בע""מ",IL,חמאת בוטנים,גרמים,350.00,100 גרם,false,0,14.20,4.06,true,1,
7290000446714,false,שמן שומשום כבישה קרה,בטר אנד דיפרנט בעמ,IL,שמן שומשום,מיליליטרים,500.00,"100 מ""ל",false,0,48.90,9.78,true,1,
7290000446936,false,ציפוי עדיף מפתיתי קורנפלקס טחון דק בטר אנד דיפרנט 300 גרם,בטר אנד דיפרנט בעמ,IL,ציפוי עדיף דק,גרמים,300.00,100 גרם,false,0,10.90,3.63,true,1,
7290000449128,false,סיף פנטסטיק לימון ניקוי רב תכליתי 4ל',יוניליוור ישראל שיווק בע`מ,IL,פנטסטיק לניקוי,ליטרים,4.00,ליטר,false,0,21.70,5.43,true,1,
7290000453019,false,שמרים טריים לאפייה שקית שמרית 50 ג',שטראוס גרופ בעמ/מצונן,IL,שמרית-שמרים טרי,גרמים,50.00,100 גרם,false,0,4.50,9.00,true,1,
7290000453125,false,שמרית שמרים טריים לאפיה +משפר אפיה 100ג,שטראוס גרופ בעמ/מצונן,IL,שמרית+ משפר אפיה,גרמים,100.00,100 גרם,false,0,7.80,7.80,true,1,
7290000453200,false,בלילה להכנת פנקייק עם רכיבים ביתיים,שטראוס גרופ בעמ/מצונן,DE,בלילה לפנקייק,גרמים,750.00,100 גרם,false,1,21.90,2.92,true,1,
7290000453330,false,תמי תערובת עוגת וניל ללא גלוטן 500גר,,IL,תערובת לעוגה,גרמים,500.00,100 גרם,false,1,16.90,3.38,true,1,
7290000453385,false,שמרים יבשים פארא אינסטנט 500 גרם עלית,שטראוס גרופ בע`מ,GB,שמרים יבשים פאקא,גרמים,500.00,100 גרם,false,0,13.90,2.78,true,1,
7290000453408,false,בצק פיצה דק מצונן ומוכן לאפייה שמרית 415 גרם,שטראוס גרופ בעמ/מצונן,FR,בצק פיצה מצונן,גרמים,415.00,100 גרם,false,1,17.50,4.22,true,1,
7290000453415,false,בצק עלים מצונן ומוכן לאפייה שמרית 300 גרם,שטראוס גרופ בעמ/מצונן,FR,בצק עלים מצונן,גרמים,300.00,100 גרם,false,1,15.90,5.30,true,1,
7290000453422,false,בצק פילו מצונן ומוכן לאפייה שמרית 300 גרם,שטראוס גרופ בעמ/מצונן,GR,בצק פילו מצונן,גרמים,300.00,100 גרם,false,1,15.90,5.30,true,1,
7290000453446,false,פיצה קראסט בצק שמרים מצונן להכנת פיצה ופוקצ'ה,שטראוס גרופ בעמ/מצונן,FR,בצק שמרים מצונן,גרמים,500.00,100 גרם,false,1,14.90,2.98,true,1,
7290000453798,false,שמרים יבשים אקטיביים שימרית 500 ג',"גי' בי' רכיבים בע""מ",GB,שמרים יבשים,גרמים,500.00,100 גרם,false,1,12.90,2.58,true,1,
7290000453866,false,נטורינה תחליף מרגרינה לבישול ואפיה קוקוס שמרית 200 גרם,שטראוס גרופ בעמ/מצונן,DK,נטורינה קוקוס,גרמים,200.00,100 גרם,false,1,7.90,3.95,true,1,
7290000461625,false,בייגלה שמיניות מלח בייגל בייגל 400 ג',יוניליוור ישראל שיווק בע`מ,IL,בייגלה שמיניות,גרמים,400.00,100 גרם,false,0,10.40,2.60,true,1,
7290000461656,false,בייגלה מקלות מלוחים בייגל בייגל 400 גרם,"יוניליוור ישראל שיווק בע""מ",IL,בייגלה מקלות,גרמים,400.00,100 גרם,false,0,10.40,2.60,true,1,
7290000462141,false,סחוג אדום תימני מקורי חריף מאוד זהבי 150 גרם,שטראוס גרופ בעמ/מצונן,IL,זחוק אדום חריף,גרמים,150.00,100 גרם,false,0,7.90,5.27,true,1,
7290000462172,false,סחוג זחוק ירוק תימני חריף זהבי (150 גרם),שטראוס גרופ בעמ/מצונן,IL,סחוג זהבי ירוק,גרמים,150.00,100 גרם,false,0,7.90,5.27,true,1,
7290000466170,false,מלפפונים במלח בינוני 10-12 560 גרם,בית-השיטה עסיס תעשיות מז,IL,מלפפונים במלח,גרמים,560.00,100 גרם,false,0,7.60,1.36,true,1,
7290000467320,false,מלך החומוס אבו מרוואן 400 גרם,קבוצת אוסם סחר שותפות מוגבלת,IL,מלך החומוס צבר,גרמים,400.00,100 גרם,false,0,13.90,3.48,true,1,
7290000474090,false,"חלב בקרטון 1%- 1 ליטר בד""צ - מוצר בפיקוח",*החברה המרכזית להפצת משקאותבעמ,IL,חלב טרי טרה 1%,ליטרים,1.00,ליטר,false,0,5.86,5.86,true,1,
7290000474502,false,גבינה לבנה טרה 5% מרכיבים טבעיים,*החברה המרכזית להפצת משקאותבעמ,IL,גבינה לבנה 5%,גרמים,250.00,100 גרם,false,0,4.98,1.99,true,1,
7290000480107,false,קוואקר שיבולת שועל פחית 500 גרם,שטראוס פריטו ליי בעמ,GB,קוואקר שיבולת,גרמים,500.00,100 גרם,false,0,12.90,2.58,true,1,
7290000480442,false,קוואקר שיבולת שועל בשקית 500 גרם,שטראוס פריטו ליי בע`מ,IL,קוואקר,גרמים,500.00,100 גרם,false,0,12.80,2.56,true,1,
7290000483139,false,מרציפן גולמי המרשלג 100 גרם,"המרשלג פרלינס בע""מ",IL,מרציפן,גרמים,100.00,100 גרם,false,0,9.80,9.80,true,1,
7290000483412,false,קישוטי עוגה טיפטופים,המרשלג פרלינס בעמ,IL,טפטופים לעוגה,גרמים,60.00,100 גרם,false,0,14.80,24.67,true,1,
7290000484747,false,"ארק עלית 700 מ""ל 40% יקב הגליל*",יקב הגליל יוסף גולד ובניו,IL,עלית הארק,מיליליטרים,700.00,"100 מ""ל",false,1,55.90,7.99,true,1,
7290000490601,false,גלידל וניל פלדמן מארז שמינייה,הגלידות של פלדמן,IL,גלידל וניל 8יח,גרמים,400.00,100 גרם,false,0,31.90,7.98,true,1,
7290000490717,false,מאגדת גלית- שלגון חלבי בטעם וניל עם ציפו,הגלידות של פלדמן,IL,מאגדות גלית 8י,גרמים,560.00,100 גרם,false,0,24.90,4.45,true,1,
7290000490762,false,גלידל שוקו פלדמן מארז שמינייה,הגלידות של פלדמן,IL,גלידל שוקו 8יח,גרמים,400.00,100 גרם,false,0,31.90,7.98,true,1,
7290000493176,false,אסם אבקת רוטב צלי לבשר 22 ג',קבוצת אוסם סחר שותפות מוגבלת,IL,רוטב צלי לבשר,גרמים,22.00,100 גרם,false,0,4.00,18.18,true,1,
7290000493183,false,אבקת רוטב פטריות לבשר-30 גרם,קבוצת אוסם סחר שותפות מוגבלת,IL,רוטב פטריות,גרמים,30.00,100 גרם,false,0,4.00,13.33,true,1,
7290000497044,false,לחם אקטיב ברמן (750 גרם),מאפית י את א ברמן בע,IL,לחם ברמן אקטיב,גרמים,750.00,100 גרם,false,0,15.90,2.12,true,1,
7290000497273,false,לחמניות אקטיב ברמן שישייה 450 גרם,מאפית י את א ברמן בע,IL,6 לחמניות אקטיב,גרמים,450.00,100 גרם,false,1,14.50,3.22,true,1,
7290000497303,false,"שישיית לחמניות מקמח מלא ""ברמן""",מאפית י את א ברמן בע,IL,6לחמניות קמח מלא,גרמים,450.00,100 גרם,false,0,12.50,2.78,true,1,
7290000497426,false,לחם ברמן לענין פלוס 500 גרם,מאפית י את א ברמן בע,IL,לחם ברמן לעניין+,גרמים,500.00,100 גרם,false,0,14.50,2.90,true,1,
7290000497532,false,לחם ברמן לעניין פרוס ברמן (750 גרם),מאפית י את א ברמן בע,IL,לחם ברמן לענין,גרמים,750.00,100 גרם,false,0,14.50,1.93,true,1,
7290000497570,false,לחם דגנים פלוס ברמן 500 גרם,מאפית י את א ברמן בע,IL,לחם דגנים פלוס,גרמים,500.00,100 גרם,false,0,14.50,2.90,true,1,
7290000498003,false,לחם מקמח מלא 750 גר`E FREE ברמן,מאפית י את א ברמן בע,IL,לחם מקמח חיטה,גרמים,750.00,100 גרם,false,1,15.90,2.12,true,1,
7290000498034,false,לחם אי פרי קמח כוסמין מלא 750 גר',מאפית י את א ברמן בע,IL,לחם מקמח כוסמין,גרמים,750.00,100 גרם,false,1,15.90,2.12,true,1,
7290000498058,false,חלה כוסמין חלומית כוסמין חלה מתוקה 500 ג,מאפיית י.את א. ברמן בעמ,IL,חלה כוסמין,גרמים,500.00,100 גרם,false,1,14.90,2.98,true,1,
7290000498256,false,מארז 10 לחמניות בשקית ברמן,מאפית י את א ברמן בע,IL,לחמניות ברמן10יח,גרמים,750.00,100 גרם,false,1,13.90,1.85,true,1,
7290000504025,false,ממתיק סוכרזית פטרייה עלית 300 גרם,אף.סי תבליני בגליל ב,IL,סוכרזית פטריה,גרמים,24.00,100 גרם,false,0,8.90,37.08,true,1,
7290000504049,false,סוכרזית קלאסי קנקן 1200 טבליות,אף.סי תבליני בגליל ב,IL,סוכרזית טבליות,גרמים,98.00,100 גרם,false,0,19.90,20.31,true,1,
7290000504278,false,ממתיק סוכרזית אריזת פטנט 700 טבליות,אף.סי תבליני בגליל ב,IL,סוכרזית טבליות,גרמים,57.00,100 גרם,false,0,14.90,26.14,true,1,
7290000518176,false,ממתיק מתוק וקל 250 שקיות,מתוק וקל בע`מ,IL,מתוק וקל ענק,גרמים,250.00,100 גרם,false,0,19.90,7.96,true,1,
7290000518220,false,ממתיק סוכרה דיאט 100 יחידות,מתוק וקל בעמ,IL,סוכרה דיאט,גרמים,80.00,100 גרם,false,1,25.90,32.38,true,1,
7290000518251,false,ממתיק זהב מתוק וקל 100 יחידות,מתוק וקל בע`מ,IL,מתוק וקל זהב,יחידה,1.00,יחידה,false,0,11.90,11.90,true,1,
7290000518336,false,ממתק צמר גפן מתוק מסיבים תזונתיים,מתוק וקל בעמ,IL,צמר גפן מתוק,גרמים,10.00,100 גרם,false,1,4.90,49.00,true,1,
7290000521008,false,יין אדום יבש של סגל (750 מל),"כרמי צבי - אחים סגל בע""\",IL,יין סגל אדום,מיליליטרים,750.00,"100 מ""ל",false,0,21.90,2.92,true,1,
7290000521015,false,יין לבן יבש של סגל (750 מל),פארייפאבה אגרואינדוס,IL,יין לבן של סגל,מיליליטרים,750.00,"100 מ""ל",false,0,21.90,2.92,true,1,
7290000521022,false,יין לבן חצי יבש של סגל (750 מל),פארייפאבה אגרואינדוס,IL,יין לבן חצי יבש,מיליליטרים,750.00,"100 מ""ל",false,0,21.90,2.92,true,1,
7290000521350,false,"זני של סגל קברנה 750 מ""ל","כרמי צבי-אחים סגל בע""\מ",IL,קברנה סוביניון,מיליליטרים,750.00,"100 מ""ל",false,0,24.70,3.29,true,1,
7290000521411,false,יין מרום גליל סינגל מרלו 750 מל,תאי פרזידנט פוד פאבל,IL,מרלו מרום גליל,מיליליטרים,750.00,"100 מ""ל",false,0,32.90,4.39,true,1,
7290000522159,false,חלב הרים טהור-עמיד- קרטון 1 לי 1%,"מחלבות רמת הגולן בע""",IL,חלב הרים טהור,ליטרים,1.00,ליטר,false,0,8.90,8.90,true,1,
7290000522272,false,"שמנת לקפה רמת הגולן 10% 500 מ""ל עמידה",מחלבות רמת הגולן,IL,שמנת לקפה,מיליליטרים,500.00,"100 מ""ל",false,0,8.90,1.78,true,1,
7290000523125,false,מלח הארץ הים האדום 250 ג' עדין,"חברת מלח הארץ אילת בע""\מ",IL,מלח ים יבש,גרמים,250.00,100 גרם,false,0,5.90,2.36,true,1,
7290000523224,false,מלח הארץ הים האדום 500 ג' עדין,"חברת מלח הארץ אילת בע""\מ",IL,מלח ים דק,גרמים,500.00,100 גרם,false,0,7.90,1.58,true,1,
7290000523514,false,מלח ים יבש מופחת נתרן מלח הארץ (250 גרם),"חברת מלח הארץ אילת בע""\מ",IL,מלח דל נתרן,גרמים,250.00,100 גרם,false,0,10.50,4.20,true,1,
7290000523804,false,"מלח עדין צנצנת 1 ק""ג מלח הארץ","חברת מלח הארץ אילת בע""\מ",IL,מלח הארץ עדין,קילוגרמים,1.00,"ק""ג",false,0,7.20,7.20,true,1,
7290000523811,false,"צנצנת מלח גס 1 ק""ג מלח הארץ","חברת מלח הארץ אילת בע""\מ",IL,מלח הארץ גס,קילוגרמים,1.00,"ק""ג",false,0,7.20,7.20,true,1,
7290000525969,false,מיץ תפוזים סחוט רכיבים טבעיים פרימור 1 ליטר,שטראוס גרופ בעמ/מצונן,IL,מיץ תפוזים סחוט,ליטרים,1.00,ליטר,false,0,15.80,15.80,true,1,
7290000530024,false,נקניק תה מעושן רחב במשקל,נקניק זוגלובק נהריה,IL,נקניק תה מעושן,קילוגרמים,0.00,"ק""ג",true,0,50.00,50.00,true,1,
7290000530031,false,סלמי פיין צר זוגלובק,זוגלובק,IL,פיין סלמי צר,קילוגרמים,0.00,"ק""ג",true,0,64.00,64.00,true,1,
7290000530048,false,נקניק סלמי פפרוני במ,נקניק זוגלובק נהריה,IL,סלמי פפרוני,גרמים,0.00,"ק""ג",true,0,59.00,59.00,true,1,
7290000530062,false,נקניק מעושן איטלקי במשקל,זוגלובק שיווק בעמ,IL,נקניק איטלקי,קילוגרמים,0.00,"ק""ג",true,0,80.00,80.00,true,1,
7290000530086,false,נקניק סלמי מעושן 7000 זוגלובק (600 גרם),נקניק נהריה כשר זוגל,IL,נקניק מעושן,גרמים,600.00,100 גרם,false,0,34.00,5.67,true,1,
7290000530109,false,קבנוס זוגי בואקום זוגלובק 180ג',נקניק נהריה כשר זוגל,IL,זוג קבנוס בואקום,גרמים,360.00,100 גרם,false,0,24.90,6.92,true,1,
7290000530116,false,נקניק סלמי מעושן בשן 470 ג' זוגלובק,נקניק נהריה כשר זוגל,IL,נקניק סלמי בשן,גרמים,470.00,100 גרם,false,0,24.90,5.30,true,1,
7290000530178,false,קוניאק זוגלובק שקילה,זוגלובק שיווק בעמ,IL,נקניק קוניאק,קילוגרמים,0.00,"ק""ג",true,0,85.00,85.00,true,1,
7290000530192,false,זוגלובק סרבלד נקניק מעדניה,נקניק זוגלובק נהריה,IL,נקניק סרבלד,קילוגרמים,0.00,"ק""ג",true,0,134.00,134.00,true,1,
7290000530260,false,נקניק מרטדלה רחב במשקל,זוגלובק שיווק בעמ,IL,נקניק מרטדלה,קילוגרמים,0.00,"ק""ג",true,0,38.00,38.00,true,1,
7290000530369,false,פסטרמה גולן חזה הודו מעושן מעדניה,נקניק זוגלובק נהריה,IL,גולן חזה הודו,קילוגרמים,0.00,"ק""ג",true,0,85.00,85.00,true,1,
7290000530444,false,כתף בקר מעושן אורלנדו מש,זוגלובק שיווק בעמ,IL,כתף בקר מעושן,קילוגרמים,0.00,"ק""ג",true,0,109.00,109.00,true,1,
7290000530468,false,"נקניקיות וינר זוגלובק 1 ק""ג",זוגלובק שיווק בעמ,IL,נקניקיות וינר,קילוגרמים,1.00,"ק""ג",false,0,27.90,27.90,true,1,
7290000530598,false,נקניקיות עוף וינר זוגלובק 500 גרם,נקניק נהריה כשר זוגל,IL,נקניקיות וינר,גרמים,500.00,100 גרם,false,0,15.80,3.16,true,1,
7290000530703,false,פסטרמה חרמון כפרית ונקניק תה מעושן זוגלובק 2*400 גרם,נקניק נהריה כשר זוגל,IL,מארז חרמון+תה,גרמים,800.00,100 גרם,false,0,29.90,3.74,true,1,
7290000531410,false,פסטרממיה בדבש טהור במשקל,נקניק זוגלובק נהריה,IL,פסטרמה בדבש טהור,קילוגרמים,0.00,"ק""ג",true,0,85.00,85.00,true,1,
7290000532400,false,פסטרמה חזה הודו ברביקיו זוגלובק,נקניק זוגלובק נהריה,IL,חזה הודו ברבקי,קילוגרמים,0.00,"ק""ג",true,0,85.00,85.00,true,1,
7290000532585,false,רוסטביף חצוי זוגלובק,נקניק זוגלובק נהריה,IL,רוסטביף חצוי,קילוגרמים,0.00,"ק""ג",true,0,120.00,120.00,true,1,
7290000533353,false,"בצק עלים מרודד זוגלובק 1 ק""ג",מאפיית אריאל וגידרון,IL,בצק עלים,גרמים,1000.00,100 גרם,false,0,15.90,1.59,true,1,
7290000533681,false,פסטרמה הודו מעושנת הבית,זוגלובק שיווק בעמ,IL,פסטרמה הודו מעוש,קילוגרמים,0.00,"ק""ג",true,0,85.00,85.00,true,1,
7290000534718,false,פסטרמה הודו תבור 1% שומן זוגלובק,נקניק זוגלובק נהריה,IL,חזה הודו תבור,קילוגרמים,0.00,"ק""ג",true,0,85.00,85.00,true,1,
7290000536743,false,שניצלונים קריספי ט. תירס 500 גר' זוגלובק,נקניק נהריה כשר זוגל,IL,קריספי סטיקסתירס,גרמים,500.00,100 גרם,false,0,17.90,3.58,true,1,
7290000537566,false,נקניקיות עוף טרי 400 ג' זוגלובק,נקניק נהריה כשר זוגל,IL,נקניקיות עוף,גרמים,400.00,100 גרם,false,0,10.90,2.73,true,1,
7290000537603,false,"נקניקיות עוף 1 ק""ג זוגלובק.",זוגלובק שיווק בעמ,IL,נקניקיות עוף,קילוגרמים,1.00,"ק""ג",false,0,27.90,27.90,true,1,
7290000538099,false,פסטרמה כפרית 2% שומן זוגלובק,זוגלובק שיווק בעמ,IL,פסטרמה כפרית,קילוגרמים,0.00,"ק""ג",true,0,85.00,85.00,true,1,
7290000540160,false,עוגיות ללא סוכר 500 גרם קמח מלא,ציון תורג`מן בעמ,IL,"עוגיות ללת""ס",גרמים,500.00,100 גרם,false,0,20.50,4.10,true,1,
7290000540931,false,עוגיות האחים 400 גרם פירמידה,האחים יצרני חטיפים,IL,עוגיות האחים,גרמים,400.00,100 גרם,false,1,11.90,2.98,true,1,
7290000551067,false,צלי כתף מס5' מוכשר קפוא,פריגוצאקו / פרגוואי,XX,צלי כתף מוכשר,קילוגרמים,0.00,"ק""ג",true,0,69.90,69.90,true,1,
7290000551159,false,בשר ראש קפוא מוכשר,טיבון ויל,IL,בשר ראש קפוא ק,קילוגרמים,0.00,"ק""ג",true,0,89.90,89.90,true,1,
7290000551173,false,מוח בקר קפוא לא מוכש,נטו מלינדה סחר בעמ,IL,מוח בקר קפוא קג,קילוגרמים,0.00,"ק""ג",true,0,119.90,119.90,true,1,
7290000552194,false,קישקע קפוא טיבון ויל (500 גרם),טיבון ויל אחזקות בעמ,IL,קישקע,גרמים,500.00,100 גרם,false,0,14.90,2.98,true,1,
7290000552927,false,בשר עוף קפוא טחון טיבון ויל (500 גרם),"טיבון ויל אחזקות בע""\מ",IL,טחון עוף קפוא,גרמים,500.00,100 גרם,false,0,14.90,2.98,true,1,
7290000552989,false,בשר טחון טיבון ויל 500 גרם,"טיבון ויל אחזקות בע""\מ",IL,בשר טחון מובחר,גרמים,500.00,100 גרם,false,0,27.90,5.58,true,1,
7290000553061,false,שריר מס8' מוכשר קפוא קג,פניסקו,AR,שריר מס8' קפוא,קילוגרמים,0.00,"ק""ג",true,1,29.90,29.90,true,1,
7290000554402,false,מעדן חלב מלבי גד (160 גרם),מחלבות גד שיווק 1992 בעמ,IL,מלבי,גרמים,160.00,100 גרם,false,0,5.60,3.50,true,1,
7290000554457,false,גבינה צפתית 5% 350 גרם - רבנות,מחלבות גד שיווק 1992 בעמ,IL,גבינה צפתית5%,גרמים,350.00,100 גרם,false,0,21.00,6.00,true,1,
7290000554471,false,נקניק מוצרלה 22 אחוז 180גרם גד מהדרין,מחלבות גד שיווק 1992 בעמ,IL,גבינת מוצרלה 22%,גרמים,180.00,100 גרם,false,0,16.40,9.11,true,1,
7290000554532,false,גבינה צפתית מעודנת במלח ים 5% 200 ג' גד,מחלבות גד שיווק 1992 בעמ,IL,צפתית מעודנת 5%,גרמים,200.00,100 גרם,false,0,14.90,7.45,true,1,
7290000554600,false,מוצרלה מגורדת 22 אחוז 300גרם גד מהדרין,מחלבות גד שיווק 1992 בעמ,IL,מוצרלה מגורדת,גרמים,300.00,100 גרם,false,0,24.90,8.30,true,1,
7290000554624,false,ירח מתוק מעדן חלב עם אורז 3% גד 150 גרם,מחלבות גד שיווק 1992 בעמ,IL,מעדן חלב ואורז,גרמים,150.00,100 גרם,false,0,5.60,3.73,true,1,
7290000554655,false,מוצרלה מעושנת גד א.ח נוכרי,מחלבות גד שיווק 1992 בעמ,IL,מוצרלה מעושנת גד,קילוגרמים,0.00,"ק""ג",true,0,86.00,86.00,true,1,
7290000554686,false,גבינת לאבנה בתוספת שמן זית וזעתר 5% גד 250 גרם,מחלבות גד שיווק 1992 בעמ,IL,לאבנה בשמן זית5%,גרמים,250.00,100 גרם,false,0,15.00,6.00,true,1,
7290000554792,false,גבינה בולגרית 5%במשקל,מחלבות גד,IL,גבינה בולגרית 5%,קילוגרמים,0.00,"ק""ג",true,0,60.00,60.00,true,1,
7290000554815,false,גבינת מוצרלה נקניק מעדנייה גד,מחלבות גד שיווק 1992 בעמ,IL,גבינת מוצרלה,גרמים,0.00,"ק""ג",true,0,83.00,83.00,true,1,
7290000554822,false,ריקוטה גבינה לבנה בסגנון איטלקי 5% גד 250 גרם,מחלבות גד שיווק 1992 בעמ,IL,גבינת ריקוטה 5%,גרמים,250.00,100 גרם,false,0,14.50,5.80,true,1,
7290000554839,false,מסקרפונה שמנת מתוקה קשה בסגנון איטלקי 40% גד 250 גרם,מחלבות גד שיווק 1992 בעמ,IL,גבינה מסקרפונה,גרמים,250.00,100 גרם,false,0,20.90,8.36,true,1,
7290000560533,false,אדג`פרו ג`ל לגילוח רגיל ירוק 220 מל,אס.סי ג'ונסון ובניו,US,אדג' ג'ל לגילוח,גרמים,198.00,100 גרם,false,0,15.90,8.03,true,1,
7290000560540,false,אדג`פרו ג`ל לגילוח עור רגיש כתום220,המאפיה של הרמן,US,אדג' ג'ל לגילוח,גרמים,198.00,100 גרם,false,0,15.90,8.03,true,1,
7290000571294,false,גבינת גאודה מעושנת ב,מחלבה בית יצחק,IL,גאודה מעושנת,קילוגרמים,0.00,"ק""ג",true,0,108.00,108.00,true,1,
7290000572628,false,חלבה חטיף לייט 25 ג* 11יח קופ`שי אחוה,אחדות ביחר לטחינה חל,IL,חטיף חלווה לייט,גרמים,275.00,100 גרם,false,0,11.90,4.33,true,1,
7290000611273,false,עוף טרי מוכשר תפ,עוף עוז,IL,עוף טרי שלם,קילוגרמים,0.00,"ק""ג",true,0,18.90,18.90,true,1,
7290000611518,false,כרעיים עוף טרי תפ,עוף עוז,IL,כרעיים ע.טרי,קילוגרמים,0.00,"ק""ג",true,0,27.90,27.90,true,1,
7290000611808,false,כרעיים עוף טרי תפ,עוף עוז,IL,כרעיים עוף טרי,קילוגרמים,0.00,"ק""ג",true,0,27.90,27.90,true,1,
7290000612911,false,שוק הודו מפורק טרי ארוז,עוף עוז,IL,שוק הודו מפורק,קילוגרמים,0.00,"ק""ג",true,0,54.90,54.90,true,1,
7290000632209,false,חזה עוף קפוא עטרה מחיר ל,נטו מלינדה סחר בעמ,IL,חזה עוף קפוא,קילוגרמים,0.00,"ק""ג",true,0,34.90,34.90,true,1,
7290000644783,false,נתחי פילה סלמון קפוא קג,תנובה קפואים,DK,נתחי פילה סלמון,קילוגרמים,0.00,"ק""ג",true,0,84.90,84.90,true,1,
7290000652177,false,נתחי פילה נסיכה 100% דג קפוא תנובה,תנובה מרכז שיתופי לשיווק תוצרת,IL,נתחי נסיכת הנילו,קילוגרמים,0.00,"ק""ג",true,1,69.90,69.90,true,1,
7290000652894,false,סטייק דג טונה קפוא 100% תנובה,דגי תנובה,IL,סטייק טונה קפוא,קילוגרמים,0.00,"ק""ג",true,1,44.90,44.90,true,1,
7290000655376,false,פילה דניס קפוא בוואקום 100% דג תנובה,תנובה קפואים,TR,פילה דניס קפוא,קילוגרמים,0.00,"ק""ג",true,1,89.90,89.90,true,1,
7290000658926,false,"פילה מרלוזה קפוא 100% ""תנובה""",דגי תנובה,AR,פילה מרלוזה קפוא,קילוגרמים,0.00,"ק""ג",true,1,29.90,29.90,true,1,
7290000659312,false,דגי תנובה פילה סלומון קפוא בוואקום,תנובה בשר,IL,פילה סלמון,קילוגרמים,0.00,"ק""ג",true,0,69.90,69.90,true,1,
7290000662817,false,סלמון מעושן 100 גרם נורבגי מדג טרי,דגיים קפואים,IL,סלמון מעושן,גרמים,100.00,100 גרם,false,1,19.90,19.90,true,1,
7290000663111,false,רצועות אנטריקוט ריב בתיבול אסיאתי,זוהר בשר,IL,רצועות ריב אנטרי,גרמים,300.00,100 גרם,false,1,35.90,11.97,true,1,
7290000663135,false,קוביות סלומון קפוא 100% דג 300 גרם תנובה,תנובה מרכז שיתופי לשיווק תוצרת,CL,קוביות סלמון קפו,גרמים,300.00,100 גרם,false,1,29.90,9.97,true,1,
7290000663166,false,פילה הייק דרום אפריקאי קפוא,תנובה קפואים,IL,פילה בקלה קפוא,קילוגרמים,0.00,"ק""ג",true,1,49.90,49.90,true,1,
7290000679631,false,"ד""ר פישר - קמיל בלו קלאסיק 500 מ""ל",פישר מעבדות פרמצבטיות בע,IL,קמיל בלו אלסבון,מיליליטרים,500.00,"100 מ""ל",false,0,13.90,2.78,true,1,
7290000688374,false,מים מינרלים סמיילי מי עדן (330X6מל),יפאורה שותפות מוגבלת לשיווק,IL,מי עדן בייבי 6יח,ליטרים,1.50,ליטר,false,0,15.90,10.60,true,1,
7290000688381,false,מים מינרלים פקק ספורט מי עדן (500x6 מל),יפאורה שותפות מוגבלת לשיווק,IL,מי עדן אישי 6 בק,ליטרים,3.00,ליטר,false,0,14.90,4.97,true,1,
7290000692203,false,נוזל לניקוי כללי ורצפות בניחוח לימון אג'קס 2 ליטר,הנסיך- מפעל לייצור ט,GR,אג'קס ניקוי כללי,ליטרים,2.00,ליטר,false,0,22.90,11.45,true,1,
7290000692210,false,נוזל לניקוי כללי ורצפות בניחוח לבנדר אג'קס 2 ליטר,הנסיך- מפעל לייצור ט,GR,אג'קס ניקוי כללי,ליטרים,2.00,ליטר,false,0,22.90,11.45,true,1,
7290000692227,false,נוזל כלים פלמוליב צילינדר קלאסי 1 ליטר,יבואן ומשווק: ש. שסט,GR,פלמוליב לכלים,ליטרים,1.00,ליטר,false,0,13.90,13.90,true,1,
7290000692456,false,אג'קס חלונות זוג 750*2 מל ספריי ורפיל,הנסיך- מפעל לייצור ט,GR,אג'קס לחלונות,ליטרים,1.50,ליטר,false,0,25.90,17.27,true,1,
7290000803067,false,"משחת שיניים לילדים גילאים 6-2 אלמקס 75 מ""ל",הנסיך- מפעל לייצור ט,PL,משחת שיניים,מיליליטרים,75.00,"100 מ""ל",false,0,12.90,17.20,true,1,
7290000803180,false,"מרידול-שטיפת פה דנטלית 400 מ""ל",קולגייט פלמוליב,CH,שטיפה מרידול,מיליליטרים,400.00,"100 מ""ל",false,0,24.90,6.23,true,1,
7290000804484,false,"שטיפת פה אלמקס דנטלית למניעת עששת 400מ""ל",קולגייט פלמוליב,CH,מי פה אלמקס,מיליליטרים,400.00,"100 מ""ל",false,0,25.90,6.48,true,1,
7290000805597,false,"מזון לכלבים בונזו מזון כלבים סניור 3 ק""ג",דיפלומט מפיצים (1968) בעמ**,FR,בונזו סניור לכלב,קילוגרמים,3.00,"ק""ג",false,0,44.90,14.97,true,1,
7290000805900,false,"מזון חתולים לה קט עוף 2.85 ק""ג",דיפלומט מפיצים (1968) בעמ**,FR,לה קט עוף לחתול,קילוגרמים,2.85,"ק""ג",false,0,59.90,21.02,true,1,
7290000805924,false,"מזון חתולים לה קט דגים 2.85 ק""ג",דיפלומט מפיצים (1968) בעמ**,FR,לה קט לחתול,קילוגרמים,2.85,"ק""ג",false,0,59.90,21.02,true,1,
7290000900445,true,שום יבש אורגני,,IL,שום יבש אורגני,קילוגרמים,0.00,"ק""ג",true,0,28.90,28.90,true,1,
7290000901374,true,בצל אדום יבש אורגני משקל,,NL,בצל אדום אורגני,קילוגרמים,0.00,"ק""ג",true,0,10.90,10.90,true,1,
7290000901404,true,"תפו""א אדום אורגנ",,IL,"תפו""א אדום אורגנ",קילוגרמים,0.00,"ק""ג",true,0,8.90,8.90,true,1,
7290000910345,true,דלורית אורגנית,,IL,דלורית אורגנית,קילוגרמים,0.00,"ק""ג",true,0,12.90,12.90,true,1,
7290000910994,true,פסטרמה ונקניק-קצוות משקל,שונות,IL,פסטרמה ונקניק,קילוגרמים,0.00,"ק""ג",true,0,29.00,29.00,true,1,
7290000915883,true,טחון בקר טרי (עצמי) מחיר,שונות,IL,טחון מקומי טרי,קילוגרמים,0.00,"ק""ג",true,0,49.90,49.90,true,1,
7290000916248,true,כרוב לבן אורגני,,IL,כרוב לבן אורגני,קילוגרמים,0.00,"ק""ג",true,0,9.90,9.90,true,1,
7290000928241,true,סלמון פרוס לא מעובד שופר,ויליגר תעשיות בעמ,NO,נתחי פ.סלמון קפו,קילוגרמים,0.00,"ק""ג",true,0,84.90,84.90,true,1,
7290000928371,true,רבע כבש טרי )עצמי(. מחיר,שונות,IL,רבע כבש טרי,קילוגרמים,0.00,"ק""ג",true,0,99.90,99.90,true,1,
7290000928388,true,צלי כתף טרי)עצמי( מחיר ל,שונות,IL,צלי כתף טרי,קילוגרמים,0.00,"ק""ג",true,0,99.90,99.90,true,1,
7290000928401,true,כתף בשר טרי)עצמי( מחיר ל,שונות,IL,בשר כתף טרי,קילוגרמים,0.00,"ק""ג",true,0,94.90,94.90,true,1,
7290000928425,true,אסאדו עם עצם טרי מחיר לפ,שונות,IL,אסאדו עם עצם טרי,קילוגרמים,0.00,"ק""ג",true,0,69.90,69.90,true,1,
7290000928432,true,צוואר עצם טרי(עצמי)משקל,שונות,IL,צוואר עם עצם טרי,קילוגרמים,0.00,"ק""ג",true,0,69.90,69.90,true,1,
7290000928463,true,חזה עצם בשר טרי)עצמי( מח,שונות,IL,חזה עם עצם טרי,קילוגרמים,0.00,"ק""ג",true,0,64.90,64.90,true,1,
7290000928494,true,צלעות עם עצם טרי)עצמי( מ,שונות,IL,צלעות עם עצם,קילוגרמים,0.00,"ק""ג",true,0,69.90,69.90,true,1,
7290000928500,true,אוסובוקו טרי )עצמי( מחיר,שונות,IL,אוסובוקו טרי,קילוגרמים,0.00,"ק""ג",true,0,64.90,64.90,true,1,
7290000928524,true,אנטריקוט עם עצם טרי מחיר,שונות,IL,אנטריקוט ע.עצםטר,קילוגרמים,0.00,"ק""ג",true,0,109.90,109.90,true,1,
7290000928548,true,פילה אמיתי טרי(עצמי)משקל,שונות,IL,פילה בקר טרי,קילוגרמים,0.00,"ק""ג",true,0,229.90,229.90,true,1,
7290000928562,true,שיטל טרי )עצמי( מחיר לפי,שונות,IL,שיטל טרי,קילוגרמים,0.00,"ק""ג",true,0,99.90,99.90,true,1,
7290000928593,true,צאך טרי קג,שונות,IL,צאך טרי,קילוגרמים,0.00,"ק""ג",true,0,89.90,89.90,true,1,
7290000928685,true,עצמות מח טרי )עצמי( מחיר,שונות,IL,עצמות מח טרי,קילוגרמים,0.00,"ק""ג",true,0,49.90,49.90,true,1,
7290000928692,true,עצמות חוליות טרי )עצמי(,שונות,IL,עצמות חוליות ט,קילוגרמים,0.00,"ק""ג",true,0,18.70,18.70,true,1,
7290000928739,true,צלעות טלה טרי )עצמי( מחי,שונות,IL,צלעות טלה טרי,קילוגרמים,0.00,"ק""ג",true,0,189.90,189.90,true,1,
7290000928753,true,חזה כבש טרי (עצמי) משקל,שונות,IL,חזה כבש טרי,קילוגרמים,0.00,"ק""ג",true,0,59.90,59.90,true,1,
7290000928777,true,צוואר כבש טרי (עצמי)משקל,שונות,IL,צוואר כבש טרי,קילוגרמים,0.00,"ק""ג",true,0,74.90,74.90,true,1,
7290000933696,true,"חמוציות ללת""ס",,IL,"חמוציות ללת""ס",גרמים,0.00,"ק""ג",true,1,89.00,89.00,true,1,
7290000933740,true,בשר טחון טרי פרמיום קג,פניסקו,AR,בשר טחון פרמיום,קילוגרמים,0.00,"ק""ג",true,1,49.90,49.90,true,1,
7290000960258,true,תפוז אורגני במשקל,.,IL,תפוז אורגני,קילוגרמים,0.00,"ק""ג",true,0,10.90,10.90,true,1,
7290000960272,true,עגבניה אורגנית,,IL,עגבניה אורגנית,קילוגרמים,0.00,"ק""ג",true,0,9.90,9.90,true,1,
7290000960395,true,"תפו""ע גרנד סמיט אורגני",.,IL,תפוח סמיט אורגנ,קילוגרמים,0.00,"ק""ג",true,0,19.90,19.90,true,1,
7290000960548,true,מלפפון אורגני,,IL,מלפפון אורגני,קילוגרמים,0.00,"ק""ג",true,0,10.90,10.90,true,1,
7290000960616,true,קישוא כהה אורגני,,IL,קישוא כהה אורגני,קילוגרמים,0.00,"ק""ג",true,0,11.90,11.90,true,1,
7290000960760,true,פלפל אדום אורגני,,IL,פלפל אדום אורגני,קילוגרמים,0.00,"ק""ג",true,0,11.90,11.90,true,1,
7290000960906,true,בצל יבש אורגני,,IL,בצל יבש אורגני,קילוגרמים,0.00,"ק""ג",true,0,8.90,8.90,true,1,
7290000961514,true,שומית - יח',,IL,שומית - יח',יחידה,1.00,יחידה,false,0,5.90,5.90,true,1,
7290000961552,true,פלפל כתום,קטיף.,IL,פלפל כתום,קילוגרמים,0.00,"ק""ג",true,0,9.90,9.90,true,1,
7290000961606,true,שורש ג'ינגר במשקל,קטיף.,XX,שורש גינגר,קילוגרמים,0.00,"ק""ג",true,0,29.90,29.90,true,1,
7290000961767,true,בטטה ארוזה,קטיף.,IL,בטטה ארוזה,קילוגרמים,0.00,"ק""ג",true,0,7.90,7.90,true,1,
7290000962474,true,חציל בלדי,קטיף.,IL,חציל בלדי,קילוגרמים,0.00,"ק""ג",true,0,7.90,7.90,true,1,
7290000962535,true,רוזמרין יחידה,קטיף.,IL,רוזמרין יחידה,יחידה,1.00,יחידה,false,0,5.90,5.90,true,1,
7290000962559,true,קורנית יחידה,קטיף.,IL,קורנית יחידה,יחידה,1.00,יחידה,false,0,5.90,5.90,true,1,
7290000962573,true,אורגנו יחידה,קטיף.,IL,אורגנו יחידה,יחידה,1.00,יחידה,false,0,5.90,5.90,true,1,
7290000962580,true,מרווה יחידה,קטיף,IL,מרווה יחידה,יחידה,1.00,יחידה,false,0,5.90,5.90,true,1,
7290000963136,true,תפוח עץ מוזהב 65,קטיף.,XX,תפוח עץ מוזהב,קילוגרמים,0.00,"ק""ג",true,0,10.90,10.90,true,1,
7290000963228,true,תפוח עץ יונתן 65,קטיף.,XX,תפוח יונתן,קילוגרמים,0.00,"ק""ג",true,0,10.90,10.90,true,1,
7290000963297,true,תפוח עץ סטרקינג 65,קטיף.,XX,תפוח סטרקינג,קילוגרמים,0.00,"ק""ג",true,0,10.90,10.90,true,1,
7290000963310,true,תפוח עץ קנזי יבוא,קטיף.,IT,"תפו""ע קנזי",קילוגרמים,0.00,"ק""ג",true,0,14.90,14.90,true,1,
7290000963341,true,אגס אסיאתי,קטיף.,CN,אגס אסיאתי,קילוגרמים,0.00,"ק""ג",true,0,9.90,9.90,true,1,
7290000963372,true,תפוח עץ פינקריספי 70,קטיף.,XX,תפוח עץ פינקריספ,קילוגרמים,0.00,"ק""ג",true,0,15.90,15.90,true,1,
7290000963419,true,תפוח עץ גאלה 65,קטיף.,XX,תפוח עץ גאלה,קילוגרמים,0.00,"ק""ג",true,0,10.90,10.90,true,1,
7290000963518,true,תפוח עץ סמיט 70,קטיף.,XX,תפוח עץ סמיט,קילוגרמים,0.00,"ק""ג",true,0,10.90,10.90,true,1,
7290000964096,true,אפרסמון קרמבו,קטיף.,IL,אפרסמון קרמבו,קילוגרמים,0.00,"ק""ג",true,0,13.90,13.90,true,1,
7290000964348,true,תפוז ברשת למיץ,קטיף.,IL,תפוז ברשת למיץ,קילוגרמים,0.00,"ק""ג",true,0,4.90,4.90,true,1,
7290000964362,true,פומלה לבנה,קטיף.,IL,פומלה לבנה,קילוגרמים,0.00,"ק""ג",true,0,6.90,6.90,true,1,
7290000964379,true,אשכולית לבנה,קטיף.,IL,אשכולית לבנה,קילוגרמים,0.00,"ק""ג",true,0,5.90,5.90,true,1,
7290000964393,true,אשכולית אדומה,קטיף.,IL,אשכולית אדומה,קילוגרמים,0.00,"ק""ג",true,0,5.90,5.90,true,1,
7290000964423,true,פומלה אדומה,קטיף.,IL,פומלה אדומה,קילוגרמים,0.00,"ק""ג",true,0,6.90,6.90,true,1,
7290000964461,true,פומלית,קטיף.,IL,פומלית,קילוגרמים,0.00,"ק""ג",true,0,5.90,5.90,true,1,
7290000964492,true,לימון תפזורת,קטיף.,IL,לימון,קילוגרמים,0.00,"ק""ג",true,0,6.90,6.90,true,1,
7290000964508,true,תפוז גדול,קטיף.,IL,תפוזים מובחרים,קילוגרמים,0.00,"ק""ג",true,0,5.90,5.90,true,1,
7290000964560,true,קלמנטינה,קטיף.,IL,קלמנטינה,קילוגרמים,0.00,"ק""ג",true,0,5.90,5.90,true,1,
7290000964775,true,בננות,קטיף.,IL,בננה,קילוגרמים,0.00,"ק""ג",true,0,6.90,6.90,true,1,
7290000964829,true,אגס ספדונה 55,קטיף.,IL,אגס ספדונה,קילוגרמים,0.00,"ק""ג",true,0,12.90,12.90,true,1,
7290000964966,true,אבוקדו ארוז ברשת,קטיף.,IL,אבוקדו ארוז ברשת,קילוגרמים,0.00,"ק""ג",true,0,8.90,8.90,true,1,
7290000964980,true,אבוקדו,קטיף.,IL,אבוקדו,קילוגרמים,0.00,"ק""ג",true,0,10.90,10.90,true,1,
7290000965048,true,אבטיח אישי בארגז,קטיף.,IL,אבטיח אישי,קילוגרמים,0.00,"ק""ג",true,0,5.90,5.90,true,1,
7290000965062,true,מלון ספרדי,קטיף.,IL,מלון ספרדי,קילוגרמים,0.00,"ק""ג",true,0,6.90,6.90,true,1,
7290000965154,true,פיטאיה,קטיף.,IL,פיטאיה,קילוגרמים,0.00,"ק""ג",true,0,39.90,39.90,true,1,
7290000965482,true,אגס אורגני,,IT,אגס אורגני,קילוגרמים,0.00,"ק""ג",true,0,21.90,21.90,true,1,
7290000965598,true,בטטה אורגני,,IL,בטטה אורגני,קילוגרמים,0.00,"ק""ג",true,0,12.90,12.90,true,1,
7290000965765,true,"תפו""ע זהוב אורגנ",,IT,תפוחזהוב אורגנ,קילוגרמים,0.00,"ק""ג",true,0,19.90,19.90,true,1,
7290000965772,true,בננה אורגנית,,IL,בננה אורגנית,קילוגרמים,0.00,"ק""ג",true,0,11.90,11.90,true,1,
7290000965819,true,פאפיה אורגני,,IL,פאפיה אורגני,קילוגרמים,0.00,"ק""ג",true,0,32.90,32.90,true,1,
7290000965826,true,לימון אורגני,,IL,לימון אורגני,קילוגרמים,0.00,"ק""ג",true,0,10.90,10.90,true,1,
7290000965956,true,רימון אורגני,,IL,רימון אורגני,קילוגרמים,0.00,"ק""ג",true,0,11.90,11.90,true,1,
7290000966038,true,ענבים ירוקים מובחר,קטיף.,IL,ענבים ירוקים,קילוגרמים,0.00,"ק""ג",true,0,25.90,25.90,true,1,
7290000966328,true,אפרסמון סיני65,קטיף.,IL,אפרסמון סיני,קילוגרמים,0.00,"ק""ג",true,0,13.90,13.90,true,1,
7290000966540,true,תאנים טריות,קטיף.,IL,תאנים טריות,קילוגרמים,0.00,"ק""ג",true,0,29.90,29.90,true,1,
7290000966564,true,רימון,קטיף.,IL,רימון,קילוגרמים,0.00,"ק""ג",true,0,7.90,7.90,true,1,
7290000966618,true,גויאבות,קטיף.,IL,גויאבות,קילוגרמים,0.00,"ק""ג",true,0,19.90,19.90,true,1,
7290000966656,true,קיווי מובחר שקיל,קטיף.,IL,קיווי,קילוגרמים,0.00,"ק""ג",true,0,12.90,12.90,true,1,
7290000966670,true,אנונה,קטיף.,IL,אנונה,קילוגרמים,0.00,"ק""ג",true,0,19.90,19.90,true,1,
7290000967509,true,תפוח אדמה אורגני,,IL,תפוח אדמה אורגני,קילוגרמים,0.00,"ק""ג",true,0,5.90,5.90,true,1,
7290000967684,true,בננה מובחרת,קטיף.,IL,בננה מובחרת,קילוגרמים,0.00,"ק""ג",true,0,6.90,6.90,true,1,
7290000969367,true,עגבנית שרי עגולה אורגנית,,IL,עגבנ.שרי אורגני,קילוגרמים,0.00,"ק""ג",true,0,25.90,25.90,true,1,
7290000976433,true,קאשיו ענק קלוי תפזורת,דין שיווק,IL,קשיו ענק קלוי,גרמים,0.00,"ק""ג",true,0,95.00,95.00,true,1,
7290000976457,true,גרעיני אבטיח קלויים תנור,דין שיווק,IL,גרעין אבטיח קלוי,גרמים,0.00,"ק""ג",true,0,58.00,58.00,true,1,
7290000976471,true,'גרעיני דלעת קלופים תפז,דין שיווק,IL,גרעיני דלעת,גרמים,0.00,"ק""ג",true,0,49.00,49.00,true,1,
7290000976501,true,צימוק חום תפזורת,דין שיווק,IL,צימוק חום,גרמים,0.00,"ק""ג",true,0,30.00,30.00,true,1,
7290000976532,true,אפונה קלויה תפזורת,דין שיווק,IL,אפונה קלויה,גרמים,0.00,"ק""ג",true,0,50.00,50.00,true,1,
7290000976556,true,צנובר במשקל תפזורת,דין שיווק,IL,צנובר,גרמים,0.00,"ק""ג",true,0,199.00,199.00,true,1,
7290000976594,true,פול מצרי-אפונה תפזורת,דין שיווק,IL,פול מצרי קלוי,גרמים,0.00,"ק""ג",true,0,55.00,55.00,true,1,
7290000976600,true,משמש מיובש תפזורת,דין שיווק,TR,משמש מיובש,גרמים,0.00,"ק""ג",true,0,55.00,55.00,true,1,
7290000976662,true,פקאן טבעי במשקל תפז',,IL,פקאן טבעי במשק,גרמים,0.00,"ק""ג",true,0,119.00,119.00,true,1,
7290000976716,true,תירס תפזורת,דין שיווק,IL,תירס,גרמים,0.00,"ק""ג",true,0,50.00,50.00,true,1,
7290000976747,true,בונדוק קלוי תפזורת,דין שיווק,IL,בונדוק קלוי,גרמים,0.00,"ק""ג",true,0,130.00,130.00,true,1,
7290000976754,true,מנצ'ס תפזורת,דין שיווק,IL,מנצ'ס,גרמים,0.00,"ק""ג",true,0,47.00,47.00,true,1,
7290000976761,true,אגוזים קלופים תפזורת,דין שיווק,IL,אגוז קלוף,גרמים,0.00,"ק""ג",true,0,59.00,59.00,true,1,
7290000976808,true,בוטן בקליפה קלוי,דין שיווק,IL,בוטן בקליפה,גרמים,0.00,"ק""ג",true,0,23.00,23.00,true,1,
7290000976846,true,פיסטוק חלבי קלוף תפזורת,דין שיווק,IL,פיסטוק חלבי קלוף,גרמים,0.00,"ק""ג",true,0,150.00,150.00,true,1,
7290000976860,true,שקד מולבן חצאים תפזורת,דין שיווק,IL,שקד מולבן חצאים,גרמים,0.00,"ק""ג",true,0,120.00,120.00,true,1,
7290000976884,true,פקאן סיני תפזורת,דין שיווק,IL,פקאן סיני,גרמים,0.00,"ק""ג",true,0,118.00,118.00,true,1,
7290000977010,true,קבוקים תפזורת,דין שיווק,IL,קבוקים,גרמים,0.00,"ק""ג",true,0,26.00,26.00,true,1,
7290000977027,true,פיסטוק ענק קלוי תפזורת,דין שיווק,IL,פיסטוק ענק קלוי,גרמים,0.00,"ק""ג",true,0,97.00,97.00,true,1,
7290000977065,true,חומוס קלוי,דין שיווק,IL,חומוס קלוי,גרמים,0.00,"ק""ג",true,0,40.00,40.00,true,1,
7290000977089,true,אגוז קאשיו טבעי תפזורת,דין שיווק,IL,אגוז קשיו טבעי,גרמים,0.00,"ק""ג",true,0,89.00,89.00,true,1,
7290000977102,true,תערובת פיצוחים תפזורת,דין שיווק,IL,תערובת פיצוחים,גרמים,0.00,"ק""ג",true,0,85.00,85.00,true,1,
7290000977324,true,בוטן מסוכר,דין שיווק,IL,בוטן מסוכר,גרמים,0.00,"ק""ג",true,0,45.00,45.00,true,1,
7290000977355,true,בוטן אמריקאי תפזורת,דין שיווק,IL,בוטן אמריקאי,גרמים,0.00,"ק""ג",true,0,25.00,25.00,true,1,
7290000977454,true,גרעין שחור קלוי במלח תפז,דין שיווק,IL,ג.שחור כורדי,גרמים,0.00,"ק""ג",true,0,29.00,29.00,true,1,
7290000977478,true,בוטנים קלויים תפזורת,דין שיווק,IL,בוטנים קלויים,גרמים,0.00,"ק""ג",true,0,37.00,37.00,true,1,
7290000977485,true,גרעין לבן קלוי תפזורת,דין שיווק,IL,גרעין לבן קלוי,גרמים,0.00,"ק""ג",true,0,45.00,45.00,true,1,
7290000977492,true,בונדוק טבעי,דין שיווק,IL,בונדוק טבעי,גרמים,0.00,"ק""ג",true,0,110.00,110.00,true,1,
7290000977645,true,חטיף יפני תפזורת,דין שיווק,IL,חטיף יפני,גרמים,0.00,"ק""ג",true,0,65.00,65.00,true,1,
7290000977669,true,דלעת אורגנית,,IL,דלעת אורגנית,קילוגרמים,0.00,"ק""ג",true,0,13.90,13.90,true,1,
7290000977676,true,שקדים קלויים תפזורת,דין שיווק,IL,שקדים קלויים,גרמים,0.00,"ק""ג",true,0,98.00,98.00,true,1,
7290000977683,true,פקאן קלוף קלוי תפזורת,דין שיווק,IL,פקאן קלוף קלוי,גרמים,0.00,"ק""ג",true,0,126.00,126.00,true,1,
7290000977751,true,צימוק לבן גדול תפזורת,דין שיווק,IL,צימוק לבן גדול,גרמים,0.00,"ק""ג",true,0,44.00,44.00,true,1,
7290000977782,true,'תאנים יבשות גדולות תפז,דין שיווק,TR,תאנים יבשות,גרמים,0.00,"ק""ג",true,0,49.00,49.00,true,1,
7290000977799,true,שזיפים ללא גלעין תפזורת,דין שיווק,US,שזיף מיובש,גרמים,0.00,"ק""ג",true,0,45.00,45.00,true,1,
7290000977850,true,צימוק לבן קטן תפזורת,דין שיווק,IL,צימוק לבן קטן,גרמים,0.00,"ק""ג",true,0,37.00,37.00,true,1,
7290000977881,true,תפוח עץ יבש תפזורת,דין שיווק,IL,תפוח עץ יבש,גרמים,0.00,"ק""ג",true,0,50.00,50.00,true,1,
7290000977980,true,אננס פלחים מסוכר תפזורת,דין שיווק,TH,אננס פלחים,גרמים,0.00,"ק""ג",true,0,25.00,25.00,true,1,
7290000978017,true,שזיפים אמריקאים ענק תפז,דין שיווק,US,שזיפים אמריקאי,גרמים,0.00,"ק""ג",true,0,45.00,45.00,true,1,
7290000978024,true,בננה צ'יפס תפזורת,דין שיווק,IL,בננה צ'יפס,גרמים,0.00,"ק""ג",true,0,35.00,35.00,true,1,
7290000978383,true,תמר מהגול ענק תפזורת,דין שיווק,IL,תמר מהגול ענק,גרמים,0.00,"ק""ג",true,0,50.00,50.00,true,1,
7290000978406,true,אננס צבעוני,דין שיווק,TH,אננס צבעוני,גרמים,0.00,"ק""ג",true,0,40.00,40.00,true,1,
7290000978413,true,פאפיה רצועות תפזורת,דין שיווק,TH,פאפיה רצועות,גרמים,0.00,"ק""ג",true,0,29.00,29.00,true,1,
7290000978895,true,פ.טרופיים/ חמוציות שלמות,דין שיווק,IL,פ.טרופיים/חמוציו,גרמים,0.00,"ק""ג",true,0,70.00,70.00,true,1,
7290000982939,true,כרישה )לוף( יחידה,קטיף.,IL,כרישה )לוף(,יחידה,1.00,יחידה,false,0,8.90,8.90,true,1,
7290000986678,true,קישוא בהיר אורגנ,,IL,קישוא בהיר אורגנ,קילוגרמים,0.00,"ק""ג",true,0,15.90,15.90,true,1,
7290000989761,true,שקד טחון מולבן,דין שיווק,IL,'שקד טחון,קילוגרמים,0.00,"ק""ג",true,0,90.00,90.00,true,1,
7290000989778,true,חמוציות מיובשות בתפזורת,דין שיווק,IL,חמוציות תפזורת,גרמים,0.00,"ק""ג",true,0,35.00,35.00,true,1,
7290000992013,true,פלפל רומירו אורג,,IL,פלפל רומירו אורג,קילוגרמים,0.00,"ק""ג",true,0,14.90,14.90,true,1,
7290000992563,true,דלעת ערמונים,קטיף.,IL,דלעת ערמונים,קילוגרמים,0.00,"ק""ג",true,0,12.90,12.90,true,1,
7290000992839,true,מלון גולדן סוויט-צהוב,קטיף.,IL,מלון גולדן סוויט,קילוגרמים,0.00,"ק""ג",true,0,6.90,6.90,true,1,
7290000993171,true,אנונה אורגנית,,IL,אנונה אורגנית,קילוגרמים,0.00,"ק""ג",true,0,45.90,45.90,true,1,
7290000993461,true,עגבניה שרי צהוב יחידה,קטיף.,IL,עגבניה שרי צהובה,גרמים,460.00,100 גרם,false,0,9.90,2.15,true,1,
7290000993560,true,עגבניות שרי שוקו יחידה,קטיף.,IL,שרי שוקו,גרמים,480.00,100 גרם,false,0,9.90,2.06,true,1,
7290000994147,true,שומר אורגני,,IL,שומר אורגני,קילוגרמים,0.00,"ק""ג",true,0,12.90,12.90,true,1,
7290000994215,true,קולורבי אורגני במשקל,.,IL,קולורבי אורגני,קילוגרמים,0.00,"ק""ג",true,0,9.90,9.90,true,1,
7290000994819,true,קלמנטינה אורגנית,,IL,קלמנטינה אורגנית,קילוגרמים,0.00,"ק""ג",true,0,13.90,13.90,true,1,
7290000995021,true,"תפו""ע גאלה אורגנ",,IT,תפוח גאלה אורגנ,קילוגרמים,0.00,"ק""ג",true,0,16.90,16.90,true,1,
7290000995175,true,בזיליקום אדום יחידה,קטיף,IL,בזיליקום אדום,יחידה,1.00,יחידה,false,0,5.90,5.90,true,1,
7290000995441,true,קייל - יחידה,קטיף.,IL,קייל,גרמים,250.00,100 גרם,false,0,12.90,5.16,true,1,
7290001006337,false,חזה הודו בדבש שופרסל קג,עוף טוב,IL,חזה הודו בדבש,קילוגרמים,0.00,"ק""ג",true,1,75.00,75.00,true,1,
7290001006344,false,חזה הודו ברביקיו שופרסל,עוף טוב,IL,חזה הודו ברביקיו,קילוגרמים,0.00,"ק""ג",true,1,75.00,75.00,true,1,
7290001006368,false,פסטרמה איטלקית שופרסל קג,עוף טוב,IL,פסטרמה איטלקית,קילוגרמים,0.00,"ק""ג",true,1,75.00,75.00,true,1,
7290001006375,false,פסטרמה מקסיקני שופרסל קג,עוף טוב,IL,פסטרמה מקסיקני,קילוגרמים,0.00,"ק""ג",true,1,75.00,75.00,true,1,
7290001041284,false,לקקן סוכריה תות על מקל 20 יח',מיה תעשיות מזון מ.ת.מ. בעמ,IL,לקקנים בטעם תות,גרמים,160.00,100 גרם,false,0,7.90,4.94,true,1,
7290001045169,false,מיץ תפוחי עץ צלול פרימור 1 ליטר,שטראוס גרופ בעמ/מצונן,IL,מיץ תפוחים צלול,ליטרים,1.00,ליטר,false,0,15.80,15.80,true,1,
7290001045688,false,"מיץ תפוזים סחוט פרימור 400 מ""ל",שטראוס גרופ בעמ/מצונן,IL,מיץ תפוזים סחוט,מיליליטרים,400.00,"100 מ""ל",false,1,10.30,2.58,true,1,
7290001121054,false,צמד חמד פסטרמה וסלמי יחיעם 700 גרם,מעדני יחיעם ( 1993 ) בע`מ,IL,צמד חמד,גרמים,700.00,100 גרם,false,0,24.90,3.55,true,1,
7290001123072,false,שריר מס' 8 טאק טורו מחיר,קונספסיון/ פניסקור/,IL,שריר ס8' קפוא,קילוגרמים,0.00,"ק""ג",true,0,29.90,29.90,true,1,
7290001123775,false,שווארמה אמיתית פרגיות טיבון ויל 500 גרם,"טיבול ויל אחזקות בע""",IL,שווארמה פרגית,גרמים,500.00,100 גרם,false,0,24.90,4.98,true,1,
7290001123782,false,שווארמה אמיתית הודו טיבון ויל (500 גרם),נטו מלינדה סחר בע`מ,IL,שווארמה הודו,גרמים,500.00,100 גרם,false,0,25.90,5.18,true,1,
7290001124611,false,שומן כבש טיבון ויל 200 גרם,טיבון ויל אחזקות בעמ,IL,שומן כבש 200גרם,גרמים,200.00,100 גרם,false,0,19.90,9.95,true,1,
7290001125786,false,דניס שלם נקי טרי,נטו,IL,דניס שלם נקי טרי,קילוגרמים,0.00,"ק""ג",true,0,74.90,74.90,true,1,
7290001125816,false,"פורל שלם טרי ק""ג",נטו,IL,פורל שלם טרי,קילוגרמים,0.00,"ק""ג",true,0,64.90,64.90,true,1,
7290001125892,false,בורי שלם טרי,נטו,IL,בורי שלם טרי,קילוגרמים,0.00,"ק""ג",true,0,39.90,39.90,true,1,
7290001125953,false,"אמנון שלם טרי ק""ג",נטו,IL,אמנון שלם טרי,קילוגרמים,0.00,"ק""ג",true,0,29.90,29.90,true,1,
7290001127162,false,פילה אמנון טרי קג,נטו,IL,פילה אמנון טרי,קילוגרמים,0.00,"ק""ג",true,0,79.90,79.90,true,1,
7290001127254,false,"דניס שלם טרי ק""ג",נטו,IL,דניס שלם טרי,קילוגרמים,0.00,"ק""ג",true,0,69.90,69.90,true,1,
7290001127292,false,"פילה דניס טרי לק""ג",נטו,IL,פילה דניס טרי,קילוגרמים,0.00,"ק""ג",true,1,119.90,119.90,true,1,
7290001127841,false,פילה פורל לבן טרי,נטו,IL,פילה פורל לבן טר,קילוגרמים,0.00,"ק""ג",true,0,89.90,89.90,true,1,
7290001127995,false,פילה סלמון טרי נורווגי ל,נטו,NO,פילה סלמון טרי,קילוגרמים,0.00,"ק""ג",true,0,99.90,99.90,true,1,
7290001129524,false,דג לברק טרי בינוני,נטו,IL,לברק שלם טרי,קילוגרמים,0.00,"ק""ג",true,0,69.90,69.90,true,1,
7290001134153,false,גרונות הודו קפוא כשר,יסכה,IL,גרון הודו קפוא,קילוגרמים,0.00,"ק""ג",true,1,24.90,24.90,true,1,
7290001136287,false,"שמפו לשיער רגיל בבושם פרחים נקה 7 750 מ""ל",החברה הדרומית לשיווק בעמ,IL,שמפו נקה 7,מיליליטרים,750.00,"100 מ""ל",false,0,10.90,1.45,true,1,
7290001136294,false,"שמפו לשיער יבש בבישום פרחים נקה 7 750 מ""ל",החברה הדרומית לשיווק בעמ,IL,שמפו נקה 7,מיליליטרים,750.00,"100 מ""ל",false,0,10.90,1.45,true,1,
7290001136683,false,"מרכך לשיער רגיל בבושם פרחים נקה 7 750 מ""ל",החברה הדרומית לשיווק בעמ,IL,קונדישינר נקה 7,מיליליטרים,750.00,"100 מ""ל",false,0,10.90,1.45,true,1,
7290001158524,false,שניצל עוף פרוס)עצמי(לקג,שונות,IL,שניצל עוף טרי,קילוגרמים,0.00,"ק""ג",true,0,34.90,34.90,true,1,
7290001158661,false,שווארמה פרגיות)עצמי(לקג,שונות,IL,פרגיות עוף טרי,קילוגרמים,0.00,"ק""ג",true,0,59.90,59.90,true,1,
7290001158722,false,חזה עוף טרי תפזורת עצמי,שונות,IL,חזה עוף טרי,קילוגרמים,0.00,"ק""ג",true,0,31.90,31.90,true,1,
7290001164273,false,אפקטבעי חגיגת גרנולה 500גרם,,IL,חגיגת גרנולה,גרמים,500.00,100 גרם,false,0,19.70,3.94,true,1,
7290001209042,false,רוסטביף עגל רשת עטרה לקג,נטו מלינדה סחר בעמ,IL,רוסטביף עגל קפוא,קילוגרמים,0.00,"ק""ג",true,0,59.90,59.90,true,1,
7290001209158,false,שניצל עוף פרוס עטרה קפוא,שונות,IL,שניצל עוף פרוס ק,קילוגרמים,0.00,"ק""ג",true,0,37.90,37.90,true,1,
7290001209370,false,ירכיים עוף טרי ארוז עטרה,שונות,IL,ירכיים ע.טרי עטר,קילוגרמים,0.00,"ק""ג",true,0,33.90,33.90,true,1,
7290001216040,false,טחינה גולמית שומשום טהור אל ארז 500 גרם,אגס ירוק מסחר ושירותים,IL,טחינה גולמית,גרמים,500.00,100 גרם,false,0,16.20,3.24,true,1,
7290001216057,false,"טחינה שומשום טהור אל ארז 1 ק""ג",אגס ירוק מסחר ושירותים,IL,טחינה גולמית,קילוגרמים,1.00,"ק""ג",false,0,32.30,32.30,true,1,
7290001216231,false,טחינה גולמית שומשום מלא אל ארז 500 גרם,אגס ירוק מסחר ושירותים,IL,טחינה מלאה,גרמים,500.00,100 גרם,false,0,17.20,3.44,true,1,
7290001230234,false,כאמל צהוב סופט חפיסה,גיי טי אינטרנשיונל,CH,כאמל צהוב סופט,יחידה,1.00,יחידה,false,0,33.00,33.00,false,1,
7290001230331,false,כאמל בוקס קופסא בודד,Unknown,CH,כאמל צהוב קצר,יחידה,1.00,יחידה,false,0,33.00,33.00,false,1,
7290001230739,false,כאמל כחול חפיסה חפיסה,Unknown,CH,כאמל כחול,יחידה,1.00,יחידה,false,0,33.00,33.00,false,1,
7290001231233,false,סיגריות וינסטון בוקס,Unknown,CH,ווינסטון אדום,יחידה,1.00,יחידה,false,0,33.50,33.50,false,1,
7290001231932,false,ווינסטון כחול בוקס חפיסה,Unknown,CH,וינסטון כחול קצר,יחידה,1.00,יחידה,false,0,33.50,33.50,false,1,
7290001246900,false,אקופרינד-מסיר שומנים 750 מל,אקופרנד,IL,מסיר שומנים,מיליליטרים,750.00,"100 מ""ל",false,1,19.10,2.55,true,1,
7290001246948,false,מלבין אקונומיקה 2 ליטר,אקופרנד,IL,מלבין אקונומיקה,ליטרים,2.00,ליטר,false,1,23.10,11.55,true,1,
7290001246962,false,אקופרינד-נוזל כלים תפוז 1 ליטר,פ.פ.ח. שאביט,IL,נוזל כלים תפוז,ליטרים,1.00,ליטר,false,1,14.40,14.40,true,1,
7290001246979,false,אקופרינד-נוזל כלים 1 ליטר לימון,סאסאטק,IL,נוזל כלים לימון,ליטרים,1.00,ליטר,false,1,14.40,14.40,true,1,
7290001246993,false,אקופרינד-נוזל רצפות 4 ליטר,אקופרנד,IL,אקופרנד נוזל,ליטרים,4.00,ליטר,false,1,27.30,6.83,true,1,
7290001247068,false,קרטונית נקטר ספרינג תות בננה 1 ליטר,יפאורה שותפות מוגבלת לשיווק,IL,נקטר תות בננה,ליטרים,1.00,ליטר,false,0,6.90,6.90,true,1,
7290001247082,false,מיץ עגבניות רכיבים טבעיים ספרינג 1 ליטר,יפאורה שותפות מובגלת לשיווק,IL,נקטר עגבניות,ליטרים,1.00,ליטר,false,0,6.60,6.60,true,1,
7290001247099,false,קרטונית נקטר ספרינג מנגו 1 ליטר,יפאורה שותפות מובגלת לשיווק,IL,נקטר ספרינג מנגו,ליטרים,1.00,ליטר,false,0,6.90,6.90,true,1,
7290001247112,false,קרטונית נקטר ספרינג לימונענע 1 ליטר,יפאורה שותפות מובגלת לשיווק,IL,משקה לימונענע,ליטרים,1.00,ליטר,false,0,6.90,6.90,true,1,
7290001247129,false,נקטר ספרינג תפוזים קרטונית 1 ל',יפאורה שותפות מובגלת לשיווק,IL,נקטר ספרינג תפוז,ליטרים,1.00,ליטר,false,0,6.90,6.90,true,1,
7290001247143,false,קרטונית נקטר ספרינג תפוחים 1 ליטר,יפאורה שותפות מובגלת לשיווק,IL,נקטר ספרינג תפוח,ליטרים,1.00,ליטר,false,0,6.90,6.90,true,1,
7290001258101,false,גבינת גאודה טבעית במ,גבינות משק יעקבס,IL,גאודה בטעמים,קילוגרמים,0.00,"ק""ג",true,0,99.00,99.00,true,1,
7290001258118,false,קממבר טבעי יעקבס לקג,גבינות משק יעקבס,IL,קממברט יעקבס,קילוגרמים,0.00,"ק""ג",true,0,95.00,95.00,true,1,
7290001258217,false,לאבנה עיזים 5% משקל,גבינות משק יעקבס,IL,לאבנה עיזים 5%,קילוגרמים,0.00,"ק""ג",true,0,65.00,65.00,true,1,
7290001258446,false,"יעקבס יוגורט כבשים 5% 850 מ""ל",גבינות משק יעקבס,IL,יוגורט כבשים5%,גרמים,850.00,100 גרם,false,0,21.90,2.58,true,1,
7290001258514,false,גב.רכה ריקוטה במשקל,גבינות משק יעקבס,IL,גבינה רכה ריקוטה,קילוגרמים,0.00,"ק""ג",true,1,55.00,55.00,true,1,
7290001258552,false,גבינה לאבנה בקר 250 גרם,בטר אנד דיפרנט,IL,לאבנה 5%,גרמים,250.00,100 גרם,false,1,10.90,4.36,true,1,
7290001258668,false,גבינת עז מה 5% יעקבס 250 גרם,גבינות משק יעקבס,IL,גבינת עז מה,גרמים,250.00,100 גרם,false,0,17.50,7.00,true,1,
7290001258804,false,קשקבל גבינה חצי קשה יעקבס 180 גרם,גבינות משק יעקבס,IL,גבינה קשקבל,גרמים,180.00,100 גרם,false,0,25.50,14.17,true,1,
7290001258903,false,גבינת גאודה כמון קימ,גבינות משק יעקבס,IL,גבינה גאודה כמון,קילוגרמים,0.00,"ק""ג",true,1,99.00,99.00,true,1,
7290001265642,false,"מזון חתולים מעדני פטה 1.2 ק""ג מארז 3 יחידות",דיפלומט מפיצים (1968) בעמ**,FR,מעדני לה קט 3 יח,קילוגרמים,1.20,"ק""ג",false,0,19.90,16.58,true,1,
7290001274934,false,"שמיניית גלידל פרי לימון ""פלדמן""",הגלידות של פלדמן,IL,גלידל פרי לימון,גרמים,640.00,100 גרם,false,0,23.90,3.73,true,1,
7290001274941,false,"שמיניית גלידל פרי פטל ""פלדמן""",הגלידות של פלדמן,IL,גלידל פרי פטל,גרמים,640.00,100 גרם,false,0,23.90,3.73,true,1,
7290001303047,false,כרעיים עוף טרי ארוז דיל,עוף עוז,IL,כרעיים עוף טרי,קילוגרמים,0.00,"ק""ג",true,1,27.90,27.90,true,1,
7290001305188,false,"נוזל לניקוי כלים בריח לימון פלמוליב 750 מ""ל",יבואן ומשווק: ש. שסט,GR,פלמוליב לכלים,מיליליטרים,750.00,"100 מ""ל",false,0,11.90,1.59,true,1,
7290001312995,false,בגט 280 גרם,גידרון,IL,באגט,יחידה,1.00,יחידה,false,0,4.90,4.90,true,1,
7290001327791,false,גלידה קרמיסימו וניל עוגיות 1.33 ליטר,"גלידת שטראוס בע""\מ, רחוב",IL,קרמיסימו טעם וני,ליטרים,1.33,ליטר,false,0,18.90,14.21,true,1,
7290001407547,false,טחינה גולמית משומשום מלא פי 6 בארכה 500ג',קבוצת אוסם סחר שותפות מוגבלת,IL,טחינה שומשום מלא,גרמים,500.00,100 גרם,false,1,12.90,2.58,true,1,
7290001407769,false,טחינה גולמית בארכה שומשום מלא 500 גרם,קבוצת אוסם סחר שותפות מוגבלת,IL,טחינה שומשום,גרמים,500.00,100 גרם,false,0,13.90,2.78,true,1,
7290001407844,false,חלבה קלאסית בטעם וניל בארכה 350 גרם,קבוצת אוסם סחר שותפות מוגבלת,IL,חלבה וניל,גרמים,350.00,100 גרם,false,0,14.90,4.26,true,1,
7290001407936,false,בארכה-טחינה גולמית מעודנת בקבוק לחיץ 310 ג',קבוצת אוסם סחר שותפות מוגבלת,IL,טחינה מעודנת,גרמים,310.00,100 גרם,false,1,12.90,4.16,true,1,
7290001419618,false,וופל בלגי עלמה שחור לבן וניל 200ג',מ.ד אטיאס סוכנויות מזון בע`מ,IL,וופל בלגי שוקולד,גרמים,200.00,100 גרם,false,0,3.50,1.75,true,1,
7290001427019,false,קשת מיץ תפוזים טבעי 500 מל,קשת מיצים טבעיים,IL,מיץ תפוזים קשת,מיליליטרים,500.00,"100 מ""ל",false,1,13.90,2.78,true,1,
7290001427033,false,מיץ תפוחים רכיבים טבעיים 1 ליטר,תנובה - פריניב,IL,מיץ סחוט תפוחים,ליטרים,1.00,ליטר,false,0,16.90,16.90,true,1,
7290001427255,false,פריניב מיץ תפוח 1 ליטר פלסטיק,תנובה - פריניב,IL,מיץ תפוחים קשת,ליטרים,1.00,ליטר,false,0,17.90,17.90,true,1,
7290001427415,false,"משקה תפוח 250 מ""ל פריניב זכוכית",קשת מיצים טבעיים,IL,מיץ תפוח טבעי,מיליליטרים,250.00,"100 מ""ל",false,1,10.90,4.36,true,1,
7290001491096,false,תה ירוק בתוספת לימונית ולואיזה 50 שקיקים ויסוצקי,תה ויסוצקי (ישראל) בעמ,IL,תה ירוק לימונית,גרמים,75.00,100 גרם,false,0,39.90,53.20,true,1,
7290001507063,false,פתיבר מקמח מלא אורגני השדה מוצרים אורגנים 200 גרם,השדה מוצרים אורגניים,IL,פתי בר אורגני,גרמים,200.00,100 גרם,false,0,7.60,3.80,true,1,
7290001552049,false,קוסקוס מרוקאי קפוא 800 גר,מטעמי פאר (א.מ.נ) בעמ,IL,קוסקוס מרוקאי,גרמים,800.00,100 גרם,false,0,16.90,2.11,true,1,
7290001591673,false,"קניידלך מקמח תפו""א 500 גרם שלושת האופים",נטו מלינדה סחר בעמ,IL,"קניידלך תפו""א",גרמים,500.00,100 גרם,false,1,17.90,3.58,true,1,
7290001591680,false,קניידלך מקמח מצה שלושת האופים 500 גרם,נטו מילנדה סחר בעמ*,IL,קניידלך מקמח מצה,גרמים,500.00,100 גרם,false,1,17.90,3.58,true,1,
7290001594025,false,קוקה קולה בקבוק זכוכית,החברה המרכזית להפצת משקאות בעמ,IL,קוקה קולה קלאסי,מיליליטרים,350.00,"100 מ""ל",false,0,7.50,2.14,true,1,
7290001594377,false,פריגת תפוזים 0.5 ליטר חייב בפקדון,החברה המרכזית להפצת משקאות בעמ,IL,פריגת תפוזים,מיליליטרים,500.00,"100 מ""ל",false,0,7.00,1.40,true,1,
7290001594384,false,פריגת אשכוליות 0.5 ליטר חייב בפקדון,החברה המרכזית להפצת משקאות בעמ,IL,פריגת אשכוליות,מיליליטרים,500.00,"100 מ""ל",false,0,7.00,1.40,true,1,
7290001594858,false,מארז שישייה בירה טובורג רד (330x6 מל),החברה המרכזית להפצת משקאות בעמ,IL,טובורג רד 6 יח,ליטרים,1.98,ליטר,false,0,29.90,15.10,true,1,
7290001594865,false,"שישייה בירה קרלסברג בקבוק 330 מ""ל",החברה המרכזית להפצת משקאות בעמ,IL,בירה קרלסברג 6יח,ליטרים,1.98,ליטר,false,0,29.90,15.10,true,1,
7290001641804,false,נתחי פילה סלמון טרי קג,סיבורן,NO,נתחי פילה סלמון,קילוגרמים,0.00,"ק""ג",true,1,109.90,109.90,true,1,
7290001648643,false,מארז קפה טורקי כתר 100X3 גרם,רוני רג'ואן ושות,IL,מארז טורקי כתר,גרמים,300.00,100 גרם,false,0,13.80,4.60,true,1,
7290001670194,false,עוגיות מרוקאיות 400 גרם,הנמל,IL,עוגיות מרוקאיות,גרמים,400.00,100 גרם,false,0,14.90,3.73,true,1,
7290001696231,false,מיני פיתות קמח מלא 10יח',,IL,מארז מיני פיתות,יחידה,1.00,יחידה,false,1,15.90,15.90,true,1,
7290001710135,false,"סטייק עוף קפוא ארוז ק""ג",מעדני הטלה והעגל,IL,סטייק עוף קפוא,קילוגרמים,0.00,"ק""ג",true,0,29.90,29.90,true,1,
7290001713167,false,סנט מוריץ - מרסס קצף ניקוי 1 ליטר סניטרי אפור,קומפלקס כימיקלסבעמ ~~~,IL,קצף ניקוי,ליטרים,1.00,ליטר,false,1,11.90,11.90,true,1,
7290001713921,false,אקונומיקה bleach מבושמת 4 ל' סנט מוריץ,קומפלקס כימיקלים בעמ,IL,אקונומיקה בלאנקו,ליטרים,4.00,ליטר,false,1,9.90,2.48,true,1,
7290001780428,false,מאגדת גלידת לייט שוקולד נסטלה 6יח' 312ג',נגה גלידות שותפות מוגבלת,IL,מארז גלידיאט,גרמים,360.00,100 גרם,false,0,29.90,8.31,true,1,
7290001791349,false,אקונומיקה פיסגה ריחנית סנו (4 ליטר),החברה הדרומית לשיווק בעמ,IL,אקונומיקה פיסגה,ליטרים,4.00,ליטר,false,0,9.90,2.48,true,1,
7290001791356,false,"פרש מבשם אויר אוטומטי בניחוח לבנדר סנו 250 מ""ל",החברה הדרומית לשיווק בעמ,IL,סנופרש אוטומטי,מיליליטרים,250.00,"100 מ""ל",false,0,12.80,5.12,true,1,
7290001817728,false,צ'יטוס אפוי כאפה בטעם קטשופ 55 גרם,"שטראוס פריטו ליי בע""\מ )",IL,צ'יטוס כפאה,גרמים,55.00,100 גרם,false,0,3.50,6.36,true,1,
7290001865439,false,פמילי אל סבון נוזלי בניחוח וניל 1 ליטר,אף.סי תבליני בגליל ב,IL,סבון נוזלי פמלי,ליטרים,1.00,ליטר,false,0,10.90,10.90,true,1,
7290001865453,false,פמילי לקשרי 1 ליטר לבנדר ארומטי+משאבה,מיוצר עי קונדיטוריית,TR,סבון נוזלי פמלי,ליטרים,1.00,ליטר,false,0,10.90,10.90,true,1,
7290001865460,false,סבון נוזלי פמלי לקשרי זר פרחים לבנים 1 ל,דנשר (1963) בעמ,TR,סבון נוזלי פמלי,ליטרים,1.00,ליטר,false,0,10.90,10.90,true,1,
7290001873212,false,שריר טרי חלק ברזיל קג,אנסטסיו,BR,שריר טרי,קילוגרמים,0.00,"ק""ג",true,1,59.90,59.90,true,1,
7290001873441,false,המבורגר 320 גר` בלאק אנגוס מוכשר ארוז,טיבון ויל אחזקות בעמ,IL,המבורגר בלק אנגו,גרמים,320.00,100 גרם,false,1,24.90,7.78,true,1,
7290001873489,false,קרפצ`יו 120 גר`בלאק אנגוס מוכשר ארוז,טיבון ויל אחזקות בעמ,IL,קרפצ'יו בלאק אנג,גרמים,120.00,100 גרם,false,1,19.90,16.58,true,1,
7290001875308,false,חזה עוף טרי פרימיום קג,עוף עוז,IL,חזה פרימיום ע.טר,קילוגרמים,0.00,"ק""ג",true,1,39.90,39.90,true,1,
7290001875315,false,שניצל דק טרי פרימיום קג,עוף עוז,IL,שניצל דק פרימיום,קילוגרמים,0.00,"ק""ג",true,1,44.90,44.90,true,1,
7290001875322,false,פילה עוף טרי פרימיום קג,עוף עוז,IL,פילה פרמיום טרי,קילוגרמים,0.00,"ק""ג",true,1,49.90,49.90,true,1,
7290001875339,false,כנפיים עוף טרי פרימיום ק,עוף עוז,IL,כנפיים -פרמיום ט,קילוגרמים,0.00,"ק""ג",true,1,14.90,14.90,true,1,
7290001875346,false,כרעיים עוף טרי פרימיום ק,עוף עוז,IL,כרעיים פרימיום ט,קילוגרמים,0.00,"ק""ג",true,1,34.90,34.90,true,1,
7290001875353,false,שוקיים עוף טרי פרימיום ק,עוף עוז,IL,שוקיים פרמיום טר,קילוגרמים,0.00,"ק""ג",true,1,37.90,37.90,true,1,
7290001875377,false,פרגיות עוף טרי פרימיום ק,עוף עוז,IL,פרגיות פרימיום,קילוגרמים,0.00,"ק""ג",true,1,69.90,69.90,true,1,
7290001902042,false,לחם עם קימל קפוא 485 גרם,"גידרון תעשיות בע""מ",IL,לחם עם קימל,יחידה,1.00,יחידה,false,0,10.50,10.50,true,1,
7290001902134,false,לחם איטלקי 290 גרם,"גידרון תעשיות בע""מ",IL,לחם איטלקי,יחידה,1.00,יחידה,false,0,7.00,7.00,true,1,
7290001902301,false,חלה מתוקה קלועה 450 גרם,"גידרון תעשיות בע""מ",IL,חלה מתוקה קלוע,יחידה,1.00,יחידה,false,0,12.90,12.90,true,1,
7290001902318,false,חלה מתוקה קלוע+צימוקקפוא,"גידרון תעשיות בע""מ",IL,חלה מתוקה קלוע,יחידה,1.00,יחידה,false,0,12.90,12.90,true,1,
7290001902325,false,חלה קלועה שופרסל,"גידרון תעשיות בע""מ",IL,חלה קלועה שופרסל,יחידה,1.00,יחידה,false,0,12.90,12.90,true,1,
7290001902677,false,לחמניה 100% קמח מלא,"גידרון תעשיות בע""מ",IL,לחמניה מקמח מלא,יחידה,1.00,יחידה,false,0,3.20,3.20,true,1,
7290001902776,false,לחמנית עם דגנים קפוא,"גידרון תעשיות בע""מ",IL,לחמנית עם דגנים,יחידה,1.00,יחידה,false,0,4.90,4.90,true,1,
7290001902783,false,לחמנית המבורגר,"גידרון תעשיות בע""מ",IL,לחמנית המבורגר,יחידה,1.00,יחידה,false,0,3.20,3.20,true,1,
7290001946121,false,פפריקה מרוקאית מתוקה תבליני ביטון 400 גרם,דין שיווק וקליה 2021 בעמ,IL,פפריקה בשמן,גרמים,400.00,100 גרם,false,0,19.90,4.98,true,1,
7290001970492,false,קשיו קלוי על גחלים ב,"דין שיווק וקלייה בע""",CN,קשיו על גחלים,גרמים,0.00,"ק""ג",true,1,95.00,95.00,true,1,
7290001989388,false,מעדן מטיאס הולנדי משקל,"סלטי שמיר 2006 בע""מ",IL,מעדן מטיאס,קילוגרמים,0.00,"ק""ג",true,0,55.00,55.00,true,1,
7290001989395,false,דג הרינג כבוש עם בצל,"סלטי שמיר 2006 בע""מ",IL,הרינג כבוש,קילוגרמים,0.00,"ק""ג",true,0,55.00,55.00,true,1,
7290001989746,false,מקרל מעושן שלם משקל,סלטי שמיר,IL,מקרל מעושן,קילוגרמים,0.00,"ק""ג",true,1,99.00,99.00,true,1,
7290001990148,false,"סוכר גולדן קלאסי בצנצנת 1 ק""ג סוגת",האי נאם סי או אל.טי.,IL,סוכר גולדן,קילוגרמים,1.00,"ק""ג",false,0,12.90,12.90,true,1,
7290001990261,false,"חומוס סוגת 1 ק""ג","סוגת תעשיות בע""\מ",IL,חומוס,קילוגרמים,1.00,"ק""ג",false,0,14.90,14.90,true,1,
7290001990278,false,"שעועית לבנה 1 ק""ג סוגת","סוגת תעשיות בע""\מ",IL,שעועית לבנה,קילוגרמים,1.00,"ק""ג",false,0,18.90,18.90,true,1,
7290001990407,false,"עדשים ירוקות סוגת 1 ק""ג","סוגת תעשיות בע""\מ",IL,עדשים ירוקות,קילוגרמים,1.00,"ק""ג",false,0,14.90,14.90,true,1,
7290001990414,false,"עדשים אדומות סוגת 1 ק""ג","סוגת תעשיות בע""\מ",IL,עדשים אדומות,קילוגרמים,1.00,"ק""ג",false,0,14.90,14.90,true,1,
7290001990421,false,"פופקורן גרעינים סוגת 1 ק""ג","סוגת תעשיות בע""\מ",IL,"פופקורן 1 ק""ג",קילוגרמים,1.00,"ק""ג",false,0,9.80,9.80,true,1,
7290002000136,false,שעווה לחימום במיקרוגל - דבש ופרופוליס,"ש. שוורץ )באר שבע( בע""\מ",IL,שעוות מגע משי,גרמים,500.00,100 גרם,false,0,19.90,3.98,true,1,
7290002000266,false,שעווה מגע המשי הדבש תפוח למיקרו 500 גרם,המאפיה של הרמן,IL,שעוות מגע משי,גרמים,500.00,100 גרם,false,0,19.90,3.98,true,1,
7290002001782,false,פנג'ל פלוס לכף הרגל 100ג,אינטרקוסמא,IL,קרם לכף הרגל,מיליליטרים,100.00,"100 מ""ל",false,0,14.90,14.90,true,1,
7290002003168,false,"שלישיית קרם ידיים קלאסי פנג'ל 80 מ""ל",אינטרקוסמא 1985 במ,IL,קרם יד.פנג'ל 3יח,מיליליטרים,240.00,"100 מ""ל",false,0,15.90,6.63,true,1,
7290002007234,false,אבקת סוכר הנמל 100 גרם,הנמל אריזות ושיווק 1984 בע`מ,IL,אבקת סוכר,גרמים,100.00,100 גרם,false,0,1.70,1.70,true,1,
7290002007371,false,פירורי לחם הנמל 500 ג',הנמל אריזות ושיווק 1984 בע`מ,IL,פירורי לחם,גרמים,500.00,100 גרם,false,0,6.90,1.38,true,1,
7290002008040,false,שיפודי במבוק הנמל 100 יחידות,הנמל אריזות ושיווק (1984) בעמ,IL,מקלות לשיפודים,יחידה,1.00,יחידה,false,0,3.50,3.50,true,1,
7290002008149,false,מדליק פחם מוצק הנמל אריזת 40יח',הנמל אריזות ושיווק (1984) בעמ,GB,מדליק פחמים,יחידה,1.00,יחידה,false,0,5.90,5.90,true,1,
7290002008187,false,קשים מתקפלים לשתיה הנמל 40 יחידות,הנמל אריזות ושיווק 1984 בע`מ,CN,קשים מתקפלים,יחידה,1.00,יחידה,false,0,2.00,2.00,true,1,
7290002008224,false,סוכריות לקישוט צבעונית הנמל 100 ג',הנמל אריזות ושיווק 1984 בע`מ,IL,סוכריות לקישוט,גרמים,100.00,100 גרם,false,0,5.70,5.70,true,1,
7290002008309,false,עטרות נייר חום לעוגה מס' 4 הנמל 130יח',הנמל אריזות ושיווק (1984) בעמ,IL,עטרות בקופסה,יחידה,1.00,יחידה,false,0,4.90,4.90,true,1,
7290002008460,false,עטרות חום 1.5 מספר הנמל,הנמל אריזות ושיווק (1984) בעמ,IL,עטרות חום,יחידה,1.00,יחידה,false,0,9.90,9.90,true,1,
7290002008743,false,סוכר וניל עשירייה הנמל 100 גרם,הנמל אריזות ושיווק 1984 בע`מ,IL,סוכר וניל 10 יח,גרמים,100.00,100 גרם,false,0,2.90,2.90,true,1,
7290002008750,false,אבקת אפיה עשירייה הנמל 100 גרם,הנמל אריזות ושיווק 1984 בע`מ,IL,אבקת אפיה,גרמים,100.00,100 גרם,false,0,2.90,2.90,true,1,
7290002008934,false,סוכריות צבעוניות לקישוט לעוגה 200 גר,הנמל אריזות ושיווק (1984) בעמ,IL,סוכריות לקישוט,גרמים,200.00,100 גרם,false,0,7.80,3.90,true,1,
7290002008941,false,עוג.מרוקאיות ללא סוכר400,הנמל,IL,עוגיות ללא סוכר,גרמים,400.00,100 גרם,false,0,19.50,4.88,true,1,
7290002008989,false,קישקשים קשים לשתיה 225יח הנמל,הנמל אריזות ושיווק (1984) בעמ,CN,קישקשים,יחידה,1.00,יחידה,false,0,7.90,7.90,true,1,
7290002013006,false,פסטרמה מקסיקנית זוגלובג,נקניק זוגלובק נהריה,IL,פסטרמה מקסיקנית,קילוגרמים,0.00,"ק""ג",true,0,85.00,85.00,true,1,
7290002013037,false,פסטרמה פרגיות זוגלובג,נקניק זוגלובק נהריה,IL,פסטרמה פרגיות,קילוגרמים,0.00,"ק""ג",true,0,85.00,85.00,true,1,
7290002013174,false,פסטרמה של פעם זוגלובג,נקניק זוגלובק נהריה,IL,פסטרמה של פעם,קילוגרמים,0.00,"ק""ג",true,0,85.00,85.00,true,1,
7290002019114,false,רוטב עגבניות מרוכז מאד 28-30BX פריניר,ח.כהן סוכנות מזון ומשקאות בע,IL,תרכיז עגבניות,גרמים,580.00,100 גרם,false,0,7.90,1.36,true,1,
7290002019763,false,עגבניות מרוסקות 800ג פריניר ה.מכירה *,ח.כהן סוכנות מזון ומשקאות בע,IL,עגבניות מרוסקות,גרמים,800.00,100 גרם,false,0,7.90,0.99,true,1,
7290002019787,false,רוטב עגבניות מרוכז מאוד 260 גרם פריניר,ח.כהן סוכנות מזון ומשקאות בע,IL,רוטב עגבניות,גרמים,260.00,100 גרם,false,0,3.90,1.50,true,1,
7290002019794,false,רוטב עגבניות מרוכז מאוד 100 גרם פריניר,ח.כהן סוכנות מזון ומשקאות בע,IL,רוטב עגבניות,גרמים,100.00,100 גרם,false,0,1.90,1.90,true,1,
7290002020189,false,סופגניה מיני רגילה+ריבה,"גידרון תעשיות בע""מ",IL,סופגניה מיני,גרמים,35.00,100 גרם,false,0,3.90,11.14,true,1,
7290002020493,false,פילו תרד פרימיום לקג,"גידרון תעשיות בע""מ",,פילו תרד,קילוגרמים,0.00,"ק""ג",true,0,42.00,42.00,true,1,
7290002020868,false,מארז בייגל רומני 3יח,גידרון,,3 ביגלה רומני,יחידה,1.00,יחידה,false,0,13.90,13.90,true,1,
7290002022923,false,סוכריות על מקל בטעם תות כרמית 50 יחידות,כרמית תעשיות ממתקים בעמ,TR,לקקן פופ תות,גרמים,450.00,100 גרם,false,0,19.90,4.42,true,1,
7290002026341,false,אריסטו קראנץ ציפס בטטה טוגנים 500גר,מוצרי איכות אמריקאיים בעמ,CA,ציפס בטטה,גרמים,500.00,100 גרם,false,12,16.90,3.38,true,1,
7290002026358,false,אריסטו קראנץ צ`יפס בטטה זיגזג טוגנים 500,מוצרי איכות אמריקאיים בעמ,CA,ציפס בטטה זיג זג,גרמים,500.00,100 גרם,false,1,16.90,3.38,true,1,
7290002026365,false,טבעות בצל אריסטו קראנץ' 500 גרם,מוצרי איכות אמריקאיים בעמ,BE,טבעות בצל,גרמים,500.00,100 גרם,false,20,9.90,1.98,true,1,
7290002026440,false,פרצלס בייגלה בראנץ אנד קראנץ 280 ג',מוצרי איכות אמריקאיים בעמ,IL,פרצלס קפוא 280גר,גרמים,280.00,100 גרם,false,0,10.90,3.89,true,1,
7290002026587,false,וופל בלגי פרווה בראנץ אנד קראנץ 8 יח',מוצרי איכות אמריקאיים בעמ,BE,וופל בלגי חם,גרמים,280.00,100 גרם,false,1,14.90,5.32,true,1,
7290002037637,false,לחמניות הבית מתוקות מאפיית ודש) (4,מאפית י.את א. ברמן ב,IL,חליות מתוקות 4יח,גרמים,350.00,100 גרם,false,0,12.50,3.57,true,1,
7290002040019,false,קוסקוס רגיל מזון קוסקוס (350 גרם),הנמל אריזות ושיווק (1984) בעמ,IL,קוסקוס רגיל,גרמים,350.00,100 גרם,false,0,5.50,1.57,true,1,
7290002040064,false,קוסקוס דק להכנה מהירה בשקית 350 גרם,הנמל אריזות ושיווק (1984) בעמ,IL,קוסקוס דק,גרמים,350.00,100 גרם,false,0,5.50,1.57,true,1,
7290002040071,false,קוסקוס עבה להכנה קלה ומהירה 350 גרם,הנמל אריזות ושיווק (1984) בעמ,IL,קוסקוס עבה,גרמים,350.00,100 גרם,false,0,5.50,1.57,true,1,
7290002040088,false,קוסקוס מלא מזון קוסקוס (350 גרם),הנמל אריזות ושיווק (1984) בעמ,IL,קוסקוס מלא,גרמים,350.00,100 גרם,false,0,6.50,1.86,true,1,
7290002043065,false,אקסטרה פריכיות אורז חום מלא בציפוי שוקולד מריר 70 גרם,א.ל.ייצור ושיווק תבלינים בעמ,BG,פריכונים מצופים,גרמים,70.00,100 גרם,false,1,8.90,12.71,true,1,
7290002043072,false,אקסטרה פריכיות אורז חום מלא בציפוי שוקולד חלב 70 גרם,א.ל.ייצור ושיווק תבלינים בעמ,BG,פריכונים מצופים,גרמים,70.00,100 גרם,false,1,8.90,12.71,true,1,
7290002043096,false,אקסטרה פריכוני אורז בציפוי שוקולד לבן בלגי,א.ל.ייצור ושיווק תבלינים בעמ,BG,פריכונים מצופים,גרמים,70.00,100 גרם,false,1,8.90,12.71,true,1,
7290002043188,false,אקסטרה צ'יפס אורז חום מלא צ'ילי חריף 60 גרם,א.ל ייצור ושיווק תבלינים בעמ,BG,צ'יפס אורז מלא,גרמים,60.00,100 גרם,false,1,6.90,11.50,true,1,
7290002043218,false,אקסטרה צ'יפס אורז חום מלא מלח 60 גרם,א.ל ייצור ושיווק תבלינים בעמ,BG,צ'יפס אורז מלא,גרמים,60.00,100 גרם,false,1,6.90,11.50,true,1,
7290002043225,false,אקסטרה צ'יפס אורז חום מלא פפריקה 60 גרם,א.ל.ייצור ושיווק תבלינים בעמ,BG,צ'יפס אורז מלא,גרמים,60.00,100 גרם,false,1,6.90,11.50,true,1,
7290002043232,false,אקסטרה צ'יפס אורז חום מלא טקסס ברביקיו 120 גרם,נוהלס ג'\י אס סי.,BG,צ'יפס אורז מלא,גרמים,120.00,100 גרם,false,1,11.90,9.92,true,1,
7290002043348,false,ציפס אורז חום מלא צי'ה וקינואה אקסטרא 60 ג',א.ל.ייצור ושיווק תבלינים בעמ,BG,צ'יפס אורז מלא,גרמים,60.00,100 גרם,false,1,7.90,13.17,true,1,
7290002043591,false,אקסטרה צ'יפס אורז חום מלא פפריקה 120 גרם,נוהלס ג'\י אס סי.,BG,צ'יפס אורז מלא,גרמים,120.00,100 גרם,false,1,11.90,9.92,true,1,
7290002043782,false,אקסטרה צ'יפס אורז חום מלא טקסס ברביקיו 60 גרם,א.ל.ייצור ושיווק תבלינים בעמ,BG,צ'יפס אורז מלא,גרמים,60.00,100 גרם,false,1,6.90,11.50,true,1,
7290002053095,false,אטריות ביצים דקות מספר 10 אוריינט 200 גרם,גורי מוצרי צריכה (1991) בעמ,PL,אטריות ביצים,גרמים,200.00,100 גרם,false,0,7.90,3.95,true,1,
7290002053538,false,נודלס בסגנון תאילנדי 25 תוספת אוריינטל 500 גרם,גורי מוצרי צריכה (1991) בעמ,PL,נודלס ביצים,גרמים,500.00,100 גרם,false,1,13.90,2.78,true,1,
7290002057031,false,זיתים מבוקעים פיקנטי קבוצת יבנה 340 גרם,"קבוצת יבנה מוצרי מזון בע""מ",IL,זיתים מבוקע פיקנ,גרמים,540.00,100 גרם,false,0,8.90,1.65,true,1,
7290002057048,false,זית סורי מתובל בשמן קבוצת יבנה 560 גרם,"קבוצת יבנה מוצרי מזון בע""מ",IL,זית סורי מבוקע,גרמים,540.00,100 גרם,false,0,11.50,2.13,true,1,
7290002057093,false,זיתים מנזנילו גדול קבוצת יבנה 340 גרם,"קבוצת יבנה מוצרי מזון בע""מ",IL,זית מנזנילו יר,גרמים,540.00,100 גרם,false,0,8.90,1.65,true,1,
7290002057109,false,זיתים יבנה ירוקים גדולים מאוד שום מנזלינ,קבוצת יבנה מוצרי מזון בעמ,IL,זית מנזנילו,גרמים,540.00,100 גרם,false,0,9.90,1.83,true,1,
7290002057123,false,זיתים ירוקים מנזנילו קבוצת יבנה 560 גרם,קבוצת יבנה מוצרי מזון אגודה שי,IL,זית חרוזית,גרמים,540.00,100 גרם,false,0,9.60,1.78,true,1,
7290002057161,false,זיתים מרינט ביין גדול מאד קבוצת יבנה 340 גרם,קבוצת יבנה מוצרי מזון בעמ,IL,זית חתוך במרינד,גרמים,540.00,100 גרם,false,0,9.60,1.78,true,1,
7290002057185,false,טבעות זיתים ירוקים קבוצת יבנה 560 גרם,קבוצת יבנה מוצרי מזון אגודה שי,IL,טבעות זיתים,גרמים,540.00,100 גרם,false,0,9.90,1.83,true,1,
7290002057352,false,מלפפונים במלח ‏9‏-‏7‏ קבוצת יבנה 320 גרם,"קבוצת יבנה מוצרי מזון בע""מ",IL,מלפפון במלח 7-9,גרמים,540.00,100 גרם,false,0,6.90,1.28,true,1,
7290002057369,false,מלפפונים במלח ‏12‏-‏10‏ קבוצת יבנה 320 גרם,"קבוצת יבנה מוצרי מזון בע""מ",IL,מלפפונים במלח,גרמים,540.00,100 גרם,false,0,7.90,1.46,true,1,
7290002057376,false,מלפפונים במלח ‏17‏-‏13‏ קבוצת יבנה 320 גרם,"קבוצת יבנה מוצרי מזון בע""מ",IL,מלפפונים במלח,גרמים,540.00,100 גרם,false,0,9.90,1.83,true,1,
7290002057383,false,מלפפון יבנה במלח קטנים מאוד 18-25 320 גר יבנה,"קבוצת יבנה מוצרי מזון בע""מ",IL,מלפפונים במלח,גרמים,540.00,100 גרם,false,0,12.90,2.39,true,1,
7290002057468,false,מלפפון יבנה בחומץ בינוניים 10-12 290 גרם,"קבוצת יבנה מוצרי מזון בע""מ",IL,מלפפון בחומץ,גרמים,540.00,100 גרם,false,0,7.90,1.46,true,1,
7290002057475,false,מלפפונים בחומץ ‏17‏-‏13 קבוצת יבנה 290 גרם,קבוצת יבנה מוצרי מזון אגודה שי,IL,מלפפונים בחומץ,גרמים,540.00,100 גרם,false,0,9.90,1.83,true,1,
7290002065555,false,שישיית לחמנייה הכי רכה בהפסקה אנג'ל 450 גרם,מאפיית שלמה א. אנג'\ל בע,IL,6 לחמניות בשקית,גרמים,450.00,100 גרם,false,0,11.90,2.64,true,1,
7290002065616,false,לחם שיפון גרעינים פרוס אחדות (750 גרם),מאפיית שלמה א. אנג'\ל בע,IL,לחם שיפון,גרמים,750.00,100 גרם,false,0,13.90,1.85,true,1,
7290002065623,false,לחם שיפון של פעם כפרי פרוס אורנים 750 גרם,מאפיית שלמה א. אנג'\ל בע,IL,לחם שיפון כפרי,גרמים,750.00,100 גרם,false,0,13.90,1.85,true,1,
7290002079033,false,לחם דגנים לייט פרוס 500 גרם,מאפיית דוידוביץ ובניו בע,IL,לחם דגנים לייט,גרמים,500.00,100 גרם,false,0,15.50,3.10,true,1,
7290002079156,false,פיתות דוידוביץ חמישי,מאפיית דוידוביץ ובני,IL,פיתות 5 יחידות,יחידה,1.00,יחידה,false,0,9.90,9.90,true,1,
7290002079217,false,מחמצת עם אגוזים שיפון 650 ג',מאפיית דוידוביץ ובני,IL,לחם מחמצת שיפון,גרמים,650.00,100 גרם,false,0,13.90,2.14,true,1,
7290002079316,false,חלה רגילה פרוסה 500 גרם,מאפיית דוידוביץ ובני,IL,חלה רגילה פרוסה,גרמים,500.00,100 גרם,false,0,9.90,1.98,true,1,
7290002079347,false,חלה קלה פרוסה 500 גרם,מאפיית דוידוביץ ובניו בע,IL,חלה קלה פרוסה,גרמים,500.00,100 גרם,false,0,14.50,2.90,true,1,
7290002079361,false,לחמניות המבורגר חתוך 6+2*60 ג',מאפיית דוידוביץ ובני,IL,לחמניות המבורגר,יחידה,1.00,יחידה,false,0,18.90,18.90,true,1,
7290002079927,false,לחם דגנים מלא דוידוב,מאפיית דוידוביץ ובני,IL,לחם דגנים מלא,גרמים,750.00,100 גרם,false,0,16.50,2.20,true,1,
7290002079996,false,לחם אחיד קל פרוס 750 גרם,מאפיית דוידוביץ ובני,IL,לחם אחיד פרוס קל,גרמים,750.00,100 גרם,false,0,15.50,2.07,true,1,
7290002109372,false,בורקס פילו אצבעות בולגרי 700 ג' שלושת האופים,שלושת האופים שגמור,IL,בורקס פילו גבינה,גרמים,700.00,100 גרם,false,0,19.90,2.84,true,1,
7290002109488,false,קבב 100% אמיתי טיבון ויל 440 גרם,"טיבון ויל אחזקות בע""\מ",IL,קבב אמיתי 440גרם,גרמים,440.00,100 גרם,false,0,19.90,4.52,true,1,
7290002129479,false,פיצה איטלקית דקה שלושת האופים 320 גר,האי נאם סי או אל.טי.,IT,פיצה איטלקית דקה,גרמים,320.00,100 גרם,false,1,14.90,4.66,true,1,
7290002130574,false,דבש טהור מפרחי בר בזכוכית 500 ג' יד מרדכי,מכוורת יד מרדכי שטראוס ב,IL,דבש מפרחי בר,גרמים,500.00,100 גרם,false,0,24.70,4.94,true,1,
7290002130581,false,דבש טהור מפרחי בר יד מרדכי (1 קג),מכוורת יד מרדכי שטראוס ב,IL,דבש טהור,קילוגרמים,1.00,"ק""ג",false,0,42.90,42.90,true,1,
7290002132011,false,עוגיות מזרחיות עם שומשום עבאדי (400 גר),מאפיית יוסף ושמחה עבאדי,IL,עוגיות מזרחיות,גרמים,400.00,100 גרם,false,0,14.90,3.73,true,1,
7290002133506,false,יוגורט של פעם חלב עיזים 4% גבינות השומרון 400 גרם,מחלבת השומרון,IL,יוגורט של פעם,גרמים,400.00,100 גרם,false,0,12.00,3.00,true,1,
7290002133537,false,יוגורט של פעם חלב עיזים 4% גבינות השומרון 180 גרם,מחלבת השומרון,IL,יוגורט של פעם,גרמים,180.00,100 גרם,false,0,6.00,3.33,true,1,
7290002133575,false,יוגורט של פעם חלב כבשים 5% גבינות השומרון 400 גרם,מחלבת השומרון,IL,יוגורט של פעם,גרמים,400.00,100 גרם,false,0,12.10,3.03,true,1,
7290002133612,false,"יוגורט יווני אותנטי 8% גבינות השומרון 180 מ""ל",מחלבת שומרון בעמ`,IL,יוגורט יווני 8%,גרמים,180.00,100 גרם,false,0,5.70,3.17,true,1,
7290002157830,false,קוביות גולש עגל קפוא טיבון ויל 800 גרם,טיבון ויל - נטו,IL,קוביות גולש עגל,גרמים,800.00,100 גרם,false,1,34.90,4.36,true,1,
7290002196174,false,מזון מלכות 35.000 450 גר,"משק דבורים לין בע""\מ",IL,מזון מלכות,גרמים,450.00,100 גרם,false,0,75.00,16.67,true,1,
7290002196624,false,פולן אבקת פרחים 220 גרם,,IL,אבקת פרחים,גרמים,220.00,100 גרם,false,0,46.90,21.32,true,1,
7290002204169,false,מארז רביעיית נאשי,ביכורי שדה דרום,IL,מארז רביעיית נאש,קילוגרמים,0.00,"ק""ג",true,1,15.90,15.90,true,1,
7290002253006,false,שום טרי כתוש צנצנת דורות 200 גרם,קבוצת אוסם סחר-שות.מוגבלת,IL,שום טרי כתוש,גרמים,200.00,100 גרם,false,0,16.90,8.45,true,1,
7290002253105,false,שום במגשית 20 שיניים כתושות קפוא 80,קבוצת אוסם סחר-שות.מוגבלת,IL,שום כתוש קפוא,גרמים,80.00,100 גרם,false,0,12.90,16.13,true,1,
7290002253150,false,קוביות בזיליקום קצוץ דורות 70 גרם,קבוצת אוסם סחר שותפות מוגבלת,IL,דורות בזיליקום,גרמים,70.00,100 גרם,false,0,10.40,14.86,true,1,
7290002253167,false,פטרוזיליה טרייה קצוצה מוקפאת 70 גרם,קבוצת אוסם סחר שותפות מוגבלת,IL,דורותפטרוזיליה,גרמים,70.00,100 גרם,false,0,10.40,14.86,true,1,
7290002253174,false,קוביות שמיר קצוץ דורות 70 גרם,קבוצת אוסם סחר שותפות מוגבלת,IL,דורות שמיר מגשית,גרמים,70.00,100 גרם,false,0,10.40,14.86,true,1,
7290002253181,false,כוסברה טרייה קצוצה 20 קוביות 70 גרם קפוא,קבוצת אוסם סחר שותפות מוגבלת,IL,דורות כוסברה,גרמים,70.00,100 גרם,false,0,10.40,14.86,true,1,
7290002253198,false,ג'ינג'ר טרי כתוש במגשית 70 ג' דורות,קבוצת אוסם סחר-שות.מוגבלת,IL,גינג'ר כתוש קפוא,גרמים,70.00,100 גרם,false,0,10.40,14.86,true,1,
7290002253235,false,דורות רוטב פסטו דורות,קבוצת אוסם סחר שותפות מוגבלת,IL,דורות רוטב פסטו,גרמים,160.00,100 גרם,false,16,11.90,7.44,true,1,
7290002253259,false,דורות רוטב עגבניות בזיליקום 160 גרם,עיצובים 2020 (3.8),IL,דורות רוטב עגבני,גרמים,160.00,100 גרם,false,16,11.90,7.44,true,1,
7290002253310,false,דורות שום צילי חריף קוביות תערובת 80 גר,קבוצת אוסם סחר שותפות מוגבלת,IL,דורות שום חריף,גרמים,80.00,100 גרם,false,1,12.90,16.13,true,1,
7290002259664,false,רדיד אלומיניום דיימונד גדול 60X0.60מ',ריינולדס מוצרי צריכה,CN,רדיד אלומיניום,מטרים,60.00,מטר,false,0,49.00,0.82,true,1,
7290002263661,false,מיץ לימון 100% טבעי( 250 מל) תבליני מ,א.ל.ייצור ושיווק תבלינים בעמ,IT,מיץ לימון,מיליליטרים,250.00,"100 מ""ל",false,1,7.90,3.16,true,1,
7290002281382,false,נתחי סלמון נורווגי דלידג קפוא,נטו מלינדה סחר בע`מ,IL,נתח סלמון פילה,קילוגרמים,0.00,"ק""ג",true,1,89.90,89.90,true,1,
7290002281405,false,זוג סלט סלמון מעושן פיקנטי ויליגר 2*160 גרם,"ויליגר תעשיות בע""\מ",IL,סלט דג סלמון 2יח,גרמים,320.00,100 גרם,false,1,10.90,3.41,true,1,
7290002281429,false,סטייק טונה אדומה מעובד ק,נטו מילנדה סחר בעמ*,VN,סטייק טונה אדומה,קילוגרמים,0.00,"ק""ג",true,1,59.90,59.90,true,1,
7290002281443,false,סטייק דג טונה עם עור קג,נטו מילנדה סחר בעמ*,VN,סטייק דג טונה עם,קילוגרמים,0.00,"ק""ג",true,1,39.90,39.90,true,1,
7290002281832,false,פ.מדומה מס6' מוכשר קפוא,פריגוג'י/לורסינל,AR,פ.מדומה מס6 קפוא,קילוגרמים,0.00,"ק""ג",true,1,44.90,44.90,true,1,
7290002281856,false,שריר מס8' מוכשר קפוא קג,פניסקור,AR,שריר מס8' קפוא,קילוגרמים,0.00,"ק""ג",true,1,29.90,29.90,true,1,
7290002304203,false,קונפיטורה ביתית תות לייט 600 גר,ענבי ציון,IL,קונפיטורה תות,גרמים,600.00,100 גרם,false,0,24.60,4.10,true,1,
7290002304241,false,קונפיטורה ביתית פירות יער לייט 600 גר,ענבי ציון,IL,קונפ.פירות יער,גרמים,600.00,100 גרם,false,0,24.60,4.10,true,1,
7290002304609,false,קונפיטורה ביתי ענבי ציון תות 600 גרם,ענבי ציון,IL,קונפ. תות שדה,גרמים,600.00,100 גרם,false,0,20.60,3.43,true,1,
7290002317609,false,כרוב כבוש 560ג A2 מטולה,שימורי מוטולה בעמ,IL,כרוב לבן כבוש,גרמים,560.00,100 גרם,false,1,6.90,1.23,true,1,
7290002317661,false,זיתים מנזולינו גדול מאוד זכוכית מוטולה,שימורי מוטולה בעמ,IL,זיתים ירוקים,גרמים,560.00,100 גרם,false,1,9.90,1.77,true,1,
7290002317678,false,חרוזית ירוק צנצנת זכוכית מוטולה,שימורי מוטולה בעמ,IL,זיתים נטול גלעין,גרמים,560.00,100 גרם,false,1,9.90,1.77,true,1,
7290002317746,false,זיתים שחורים גדול גרם560,שימורי מוטולה בעמ,IL,זיתים שחורים,גרמים,560.00,100 גרם,false,1,9.90,1.77,true,1,
7290002317814,false,חצילים מוחמצים צנצנת700ג,שימורי מוטולה בעמ,IL,חצילים מוחמצים,גרמים,700.00,100 גרם,false,1,9.50,1.36,true,1,
7290002320463,false,מעדן תות שדה 100% פרי ל.ת.סוכר בית יצחק 284ג',בית יצחק,IL,מעדן תות שדה,גרמים,284.00,100 גרם,false,0,15.90,5.60,true,1,
7290002327028,false,ג'חנון תימני 3 האופים 650 גר',נטו מלינדה סחר בעמ,IL,ג'חנון 650 גרם,גרמים,650.00,100 גרם,false,0,17.90,2.75,true,1,
7290002327042,false,"בורקס תפו""א 800 גר' שלושת האופים קהילות",נטו מלינדה סחר בע`מ,IL,"בורקס תפו""א",גרמים,800.00,100 גרם,false,0,19.90,2.49,true,1,
7290002327059,false,"בצק עלים 1 ק""ג שלושת האופים קהילות",נטו מלינדה סחר בע`מ,IL,בצק עלים מרודד,קילוגרמים,1.00,"ק""ג",false,0,21.90,21.90,true,1,
7290002327912,false,מיני בורקס גבינה 700 גר`שלושת האופים,נטו מלינדה סחר בעמ,IL,מיני בורקס גבינה,גרמים,700.00,100 גרם,false,0,22.90,3.27,true,1,
7290002331124,false,נביעות+ מים מינרליים בטעם תפוח,החברה המרכזית להפצת משקאות בעמ,IL,נביעות תפוח,מיליליטרים,500.00,"100 מ""ל",false,0,6.40,1.28,true,1,
7290002331155,false,מים נביעות בטעם אפרסק 0.5 ליטר,החברה המרכזית להפצת משקאות בעמ,IL,נביעות אפרסק,מיליליטרים,500.00,"100 מ""ל",false,0,6.40,1.28,true,1,
7290002331360,false,"נביעות מים מינרליים טו גו מארז 500X6מ""ל",החברה המרכזית להפצת משקאות בעמ,IL,נביעות ספורט 6יח,ליטרים,3.00,ליטר,false,0,15.90,5.30,true,1,
7290002331421,false,"שישיית מים מינרליים GO TO נביעות 755 מ""ל",החברה המרכזית להפצת משקאות בעמ,IL,נביעות פקק טו גו,ליטרים,4.53,ליטר,false,0,16.90,3.73,true,1,
7290002331483,false,נביעות מים מינרלים שישיה בייבי 330 מ`ל,החברה המרכזית להפצת משקאות בעמ,IL,נביעות בייבי 6יח,ליטרים,1.92,ליטר,false,0,13.90,7.24,true,1,
7290002331490,false,מים מינרלים נביעות (1 ליטר),החברה המרכזית להפצת משקאות בעמ,IL,מים נביעות,ליטרים,1.00,ליטר,false,0,3.30,3.30,true,1,
7290002333128,false,"קמח מלא אורגני 1 ק""ג 1",טחנת קמח יפו,IL,קמח מלא אורגני,קילוגרמים,1.00,"ק""ג",false,0,14.90,14.90,true,1,
7290002333456,false,גריסי פנינה אורגני הרדוף 500 גרם,אול אורגני,IL,גריסי פנינה,גרמים,500.00,100 גרם,false,0,8.90,1.78,true,1,
7290002333692,false,דוחן אורגני הרדוף 500 גרם,אול אורגני,IL,דוחן אורגני,גרמים,500.00,100 גרם,false,0,9.90,1.98,true,1,
7290002333982,false,שעועית לבנה אורגנית הרדוף 500 גרם,אול אורגני,IL,שעועית אורגנית,גרמים,500.00,100 גרם,false,0,10.90,2.18,true,1,
7290002345022,false,אנטריקוט דק דק מינוט סטייק אל גאוצ'ו 250 גרם,"טיבון ויל אחזקות בע""\מ",IL,אנטריקוט דק דק,גרמים,250.00,100 גרם,false,1,24.90,9.96,true,1,
7290002345060,false,גב.מאסדם הולנדי 29% משקל,סר קאשנדל בי.וי,NL,גבינת מאסדם,קילוגרמים,0.00,"ק""ג",true,1,85.00,85.00,true,1,
7290002345282,false,נתחי פילה סלמון קפוא דלידג,נטו מלינדה סחר בע`מ,IL,נתחי פילה סלמון,קילוגרמים,0.00,"ק""ג",true,1,89.90,89.90,true,1,
7290002345435,false,פילה מרלוזה ארגנטינאיתקפ,דלידג - נטו,IL,פילה מרלוזה קפוא,קילוגרמים,0.00,"ק""ג",true,1,29.90,29.90,true,1,
7290002353836,false,סרדינים רוברט בשמן זית 115 גרם,קונסרבס פורטוגל נורטה,PT,סרדינים בשמן זית,גרמים,115.00,100 גרם,false,0,8.90,7.74,true,1,
7290002360124,false,חליטת צמחים ורד הבר והיביסקוס פומפדור 20 יחידות,ש.שסטוביץ בעמ,DE,חליטת ורד הבר,גרמים,70.00,100 גרם,false,0,12.90,18.43,true,1,
7290002360155,false,חליטת תה פרחי שומר פומפדור 20 שקיקים,ש. שסטוביץ בע`מ,DE,חליטת שומר,גרמים,40.00,100 גרם,false,0,12.90,32.25,true,1,
7290002360278,false,חליטת צמחים פומפדור מנטה 20 יחידות,"איטיליאן פוד, אס.פי.",DE,חליטת מנטה,גרמים,45.00,100 גרם,false,0,12.90,28.67,true,1,
7290002360285,false,חליטת צמחים פומפדור קמומיל 20 יחידות,ש. שסטוביץ בע`מ,DE,חליטת קמומיל,גרמים,30.00,100 גרם,false,0,12.90,43.00,true,1,
7290002370680,false,אצבעות גב.מוצרלה18%משקל,,TR,אצבעות מוצרלה,קילוגרמים,0.00,"ק""ג",true,1,86.00,86.00,true,1,
7290002370741,false,גבינה מלוחה עיזים19%משקל,,NL,גבינה מלוח עיזים,קילוגרמים,0.00,"ק""ג",true,1,79.00,79.00,true,1,
7290002371533,false,דקניקים סלסולי פסטרמה דבש טירת צבי 120 גרם,תנובה מרכז שיתופי לשיווק תוצרת,IL,סלסולי פסטרמה,גרמים,120.00,100 גרם,false,0,14.90,12.42,true,1,
7290002371540,false,דקניקים קורנדביף ללא גלוטן טירת צבי 120 גרם,תנובה מרכז שיתופי לשיווק תוצרת,IL,קורנדביף,גרמים,120.00,100 גרם,false,0,14.90,12.42,true,1,
7290002371571,false,פסטרמה פרגיות לבאגט במשקלטירת צבי,טירת- צבי,IL,פסטרמה פרגיות,קילוגרמים,0.00,"ק""ג",true,0,85.00,85.00,true,1,
7290002371854,false,נקניקיות עוף חריפות טירת צבי 2 * 500 גרם,תנובה מרכז שיתופי לשיווק תוצרת,IL,נקניקיות עוף,קילוגרמים,1.00,"ק""ג",false,0,22.90,22.90,true,1,
7290002374640,false,שמן בריאות קנולה פלוס אומגה 3 עץ הזית 1 ליטר,סוגת תעשיות בעמ,EE,שמן קנולה פלוס,ליטרים,1.00,ליטר,false,0,16.90,16.90,true,1,
7290002385738,false,גבינת מנצ'גו משולשים גד,מחלבות גד,,מנצ'גו משולש,קילוגרמים,0.00,"ק""ג",true,0,137.00,137.00,true,1,
7290002385745,false,גבינת פיקורינו משולשים גד,מחלבות גד,,פקורינו משולש,קילוגרמים,0.00,"ק""ג",true,0,137.00,137.00,true,1,
7290002410713,false,קישקע- מעדני הטלה מוביל,לאטי עזרא גלם ודגים,IL,קישקע ממולא,גרמים,500.00,100 גרם,false,0,11.90,2.38,true,1,
7290002410874,false,רבעי פרגיות ממולאות קג,לאטי עזרא גלם ודגים,,פרגיות ממולאות,קילוגרמים,0.00,"ק""ג",true,0,49.90,49.90,true,1,
7290002439240,false,עוגת פס גבינה אפוייה ריצ' 500ג',סהרון,IL,פס עוגת גבינה,גרמים,500.00,100 גרם,false,1,36.90,7.38,true,1,
7290002461562,false,מיני מרגז חריף 500 גרם,מעדני הטלה והעגל,IL,מיני מרגז חריף,גרמים,500.00,100 גרם,false,0,25.90,5.18,true,1,
7290002472094,false,עוגת קצפת קרם שניט600גרם,"גידרון תעשיות בע""מ",IL,עוגת קרמשניט,גרמים,600.00,100 גרם,false,0,42.90,7.15,true,1,
7290002472148,false,עוגת קצפת בלק פורסט600גר,"גידרון תעשיות בע""מ",IL,עוגת בלק פורסט,גרמים,600.00,100 גרם,false,0,42.90,7.15,true,1,
7290002472186,false,עוגת מאפין שוקו צ'יפס550,"גידרון תעשיות בע""מ",IL,מאפין שוקוצ'יפס,יחידה,1.00,יחידה,false,0,20.00,20.00,true,1,
7290002472193,false,עוגת מאפין שוקו 550 גרם,"גידרון תעשיות בע""מ",IL,מאפין בטעם שוקו,יחידה,1.00,יחידה,false,0,20.00,20.00,true,1,
7290002472209,false,מאפין שוקו וניל 550 גרם,"גידרון תעשיות בע""מ",IL,מאפין שיש,יחידה,1.00,יחידה,false,0,20.00,20.00,true,1,
7290002472223,false,עוגת מאפין תפוז 550 גרם,"גידרון תעשיות בע""מ",IL,מאפין בטעם תפוז,יחידה,1.00,יחידה,false,0,20.00,20.00,true,1,
7290002472254,false,עוגת מאפין אגוזים 550גרם,"גידרון תעשיות בע""מ",IL,מאפין אגוזים,יחידה,1.00,יחידה,false,0,20.00,20.00,true,1,
7290002472261,false,"עוגת מאפין תפו""ע 550 גרם","גידרון תעשיות בע""מ",IL,מאפין תפוח עץ,גרמים,500.00,100 גרם,false,0,20.00,4.00,true,1,
7290002472629,false,עוגת שמרים ושוקולד,"גידרון תעשיות בע""מ",IL,עוג.שמרים שוקולד,גרמים,460.00,100 גרם,false,0,22.90,4.98,true,1,
7290002472636,false,עוגת שמרים תפוח עץ,"גידרון תעשיות בע""מ",IL,"עוגת שמרים תפו""ע",גרמים,460.00,100 גרם,false,0,22.90,4.98,true,1,
7290002472667,false,עוגת שמרים גבינה 460ג,"גידרון תעשיות בע""מ",IL,עוגת שמרים גבינה,גרמים,460.00,100 גרם,false,0,26.50,5.76,true,1,
7290002472841,false,עוגת סבתא שוקולד 850 גרם,"גידרון תעשיות בע""מ",IL,עוגת סבתא שוקו,גרמים,730.00,100 גרם,false,0,27.90,3.82,true,1,
7290002507604,false,פיצה שגב השף מאיטליה 350 גרם,האי נאם סי או אל.טי.,IT,פיצה השף שגב,גרמים,320.00,100 גרם,false,1,19.90,6.22,true,1,
7290002511229,false,בולגרית מעודנת 16% במשקל,"מחלבת המושבה בע""מ",IL,בולגרית מעודנת,קילוגרמים,0.00,"ק""ג",true,0,50.00,50.00,true,1,
7290002511236,false,בולגרית מעודנת5% במשקל,"מחלבת המושבה בע""מ",IL,בולגרית מעודנת5%,קילוגרמים,0.00,"ק""ג",true,0,50.00,50.00,true,1,
7290002511250,false,גב.שמנת שום שמיר30% משקל,"מחלבת המושבה בע""מ",IL,גבינת שמנת 30%,קילוגרמים,0.00,"ק""ג",true,0,45.00,45.00,true,1,
7290002511274,false,גבינת שמנת זיתים30%משקל,"מחלבת המושבה בע""מ",IL,גבינת שמנת 30%,קילוגרמים,0.00,"ק""ג",true,0,45.00,45.00,true,1,
7290002511281,false,גבינת ברינזה צאן18% משקל,"מחלבת המושבה בע""מ",IL,גבינת ברינזה 18%,קילוגרמים,0.00,"ק""ג",true,0,89.00,89.00,true,1,
7290002511397,false,גבינת ברי בקר במשקל,מחלבת מושבה,IL,גבינת ברי,קילוגרמים,0.00,"ק""ג",true,1,99.00,99.00,true,1,
7290002511762,false,גבינת ברי פקאן משקל,מחלבת מושבה,IL,גבינת ברי,קילוגרמים,0.00,"ק""ג",true,1,99.00,99.00,true,1,
7290002515333,false,"ד""ר פישר - קמיל בלו סנסיטיב אל סבון עדין לתינוק 500 מ""ל","פישר תעשיות פרמבצטיות בע""מ",IL,אלסבון קמיל בלו,מיליליטרים,500.00,"100 מ""ל",false,0,17.90,3.58,true,1,
7290002515371,false,"קמיל בלו אל סבון לתינוקות ד""ר פישר 1 ליטר","פישר תעשיות פרמצבטיות בע""מ",IL,קמיל בלו לתינוק,ליטרים,1.00,ליטר,false,0,21.90,21.90,true,1,
7290002517269,false,"פלפל שחור שלם 350 גרם ""טעם וריח""",תבליני טעם וריח בעמ,IL,פלפל שחור שלם,גרמים,35.00,100 גרם,false,0,9.90,28.29,true,1,
7290002517290,false,תבלין קינמון טחון 40 גר' מיכל,"תבליני טעם וריח בע""מ",IL,קינמון טחון,גרמים,40.00,100 גרם,false,0,7.00,17.50,true,1,
7290002517337,false,אורגנו עלים 20 גר' טעם וריח,"תבליני טעם וריח בע""מ",IL,אורגנו עלים,גרמים,20.00,100 גרם,false,0,6.00,30.00,true,1,
7290002517375,false,בזילקום עלים 30 גר' טעם וריח,"תבליני טעם וריח בע""מ",IL,בזיליקום,גרמים,30.00,100 גרם,false,0,6.00,20.00,true,1,
7290002517580,false,"תערובת תיבול לעוף 80 גרם ""טעם וריח""",תבליני טעם וריח בעמ,IL,תיבול לעוף,גרמים,80.00,100 גרם,false,0,9.50,11.88,true,1,
7290002517603,false,תבלין בזיליקום מיכל 10ג',"תבליני טעם וריח בע""מ",IL,בזיליקום,גרמים,10.00,100 גרם,false,0,7.00,70.00,true,1,
7290002517733,false,תבלין קצח טעם וריח 4,תבליני טעם וריח בעמ,IL,קצח,גרמים,40.00,100 גרם,false,0,7.00,17.50,true,1,
7290002517801,false,תבלין צ'ילי כתוש - חריף (פלפל קיינה) 30 ג',"תבליני טעם וריח בע""מ",IL,צ'ילי כתוש חריף,גרמים,30.00,100 גרם,false,0,7.00,23.33,true,1,
7290002517825,false,"פלפל לבן טחון 40 גרם ""טעם וריח""","תבליני טעם וריח בע""מ",IL,פלפל לבן,גרמים,40.00,100 גרם,false,0,9.90,24.75,true,1,
7290002517863,false,תבלין ציפורן טחון 80ג',"תבליני טעם וריח בע""מ",IL,ציפורן טחון,גרמים,40.00,100 גרם,false,0,9.90,24.75,true,1,
7290002542780,false,"שישייה בירה סטלה ארטואה בקבוק 330X6 מ""ל","אינבב, ברוורייפליין",BE,סטלה ארטואה 6 יח,ליטרים,1.98,ליטר,false,1,29.90,15.10,true,1,
7290002543046,false,דגני בוקר קלוגס פרוסטיס 750 גרם,דיפלומט מפיצים (1968) בעמ**,ES,פרוסטיס 750 גרם,גרמים,750.00,100 גרם,false,0,17.90,2.39,true,1,
7290002543237,false,דגני בוקר קלוגס קורנפלקס 750 גרם,קלוגס קומפני אוף גרייט ב,GB,קורנפלקס קלוגס,גרמים,750.00,100 גרם,false,0,14.90,1.99,true,1,
7290002544203,false,ממרח פסטו מוטי שף 180גרם,,IL,ממרח פסטו,גרמים,180.00,100 גרם,false,0,21.30,11.83,true,1,
7290002544234,false,ממרח עגבניות מיובשות 190 גרם,,IL,ממרח עגבניות,גרמים,180.00,100 גרם,false,0,21.30,11.83,true,1,
7290002551003,false,נתחי טונה בהירה בשמן סטארקיסט (160 גרם),דיפלומט מפיצים (1968) בעמ**,IL,טונה סטארקיסט,גרמים,160.00,100 גרם,false,0,7.40,4.63,true,1,
7290002577492,false,"פילה דג הרינג מלוח בשמן, 340 גרם",מיוצר על ידי קוד יצר,IL,פילה הרינג,גרמים,240.00,100 גרם,false,1,24.90,10.38,true,1,
7290002577508,false,פילה דג הרינג מלוח בשמן ובצל דלידג 240 ג',מיוצר על ידי קוד יצר,IL,פילה הרניג,גרמים,240.00,100 גרם,false,1,24.90,10.38,true,1,
7290002581536,false,הדר וופל נפוליטנה ללא סוכר 250 גרם,אפיפית נצרת,IL,וופל בטעם שוקולד,גרמים,250.00,100 גרם,false,0,7.80,3.12,true,1,
7290002596448,false,חזה בקר כבוש קורנדבי,מעדני הטלה והעגל,IL,חזה בקר כבוש,קילוגרמים,0.00,"ק""ג",true,0,39.90,39.90,true,1,
7290002603504,false,פיצת השף מאיטליה CHEF שגב עגבניות ובצל סגול 200 גרם,נטו מילנדה סחר בעמ*,IT,פיצת השף מאיטליה,גרמים,220.00,100 גרם,false,1,16.90,7.68,true,1,
7290002627821,false,שפיץ צ'אך טרי חלק קג,אזול,AR,שפיץ צאך טרי חלק,קילוגרמים,0.00,"ק""ג",true,1,139.90,139.90,true,1,
7290002649021,false,כרעיים עוף טרי ארוז קג,יסכה,IL,כרעיים עוף טרי,קילוגרמים,0.00,"ק""ג",true,1,27.90,27.90,true,1,
7290002649038,false,ירכיים עוף טרי ארוז קג,יסכה,IL,ירכיים עוף טרי,קילוגרמים,0.00,"ק""ג",true,1,27.90,27.90,true,1,
7290002649045,false,שוקיים עוף טרי ארוז,יסכה,IL,שוקיים עוף טרי א,קילוגרמים,0.00,"ק""ג",true,1,32.90,32.90,true,1,
7290002649052,false,קוקטייל עוף טרי ארוז קג,יסכה,IL,קוקטייל עוף טרי,קילוגרמים,0.00,"ק""ג",true,1,27.90,27.90,true,1,
7290002649069,false,חזה עוף טרי ארוז קג,יסכה,IL,חזה עוף טרי ארוז,קילוגרמים,0.00,"ק""ג",true,1,31.90,31.90,true,1,
7290002649076,false,שניצל עוף טרי ארוז קג,יסכה,IL,שניצל עוף טרי,קילוגרמים,0.00,"ק""ג",true,1,34.90,34.90,true,1,
7290002649083,false,פילה עוף טרי ארוז קג,יסכה,IL,פילה עוף טרי ארו,קילוגרמים,0.00,"ק""ג",true,1,34.90,34.90,true,1,
7290002649090,false,כבד עוף טרי ארוז קג,יסכה,IL,כבד עוף טרי,קילוגרמים,0.00,"ק""ג",true,1,19.90,19.90,true,1,
7290002649106,false,לבבות עוף טרי ארוז קג,יסכה,IL,לבבות עוף טרי,קילוגרמים,0.00,"ק""ג",true,1,23.90,23.90,true,1,
7290002649113,false,כנפיים עוף טרי ארוז קג,יסכה,IL,כנפיים עוף טרי,קילוגרמים,0.00,"ק""ג",true,1,11.90,11.90,true,1,
7290002649137,false,פרגיות עוף טרי ארוז קג,יסכה,IL,פרגיות עוף טרי א,קילוגרמים,0.00,"ק""ג",true,1,59.90,59.90,true,1,
7290002649175,false,גרון הודו טרי ארוז קג,יסכה,IL,גרון הודו טרי אר,קילוגרמים,0.00,"ק""ג",true,1,29.90,29.90,true,1,
7290002649182,false,חזה הודו טרי ארוז קג,יסכה,IL,חזה הודו טרי,קילוגרמים,0.00,"ק""ג",true,1,34.90,34.90,true,1,
7290002649205,false,שווארמה הודו טרי ארוז נק,יסכה,IL,שווארמה הודו טרי,קילוגרמים,0.00,"ק""ג",true,1,69.90,69.90,true,1,
7290002649250,false,שוק הודו טרי ארוז נקבה ק,וי.ז.פי.ו.או. קוידג'ין,IL,שוק הודו טרי,קילוגרמים,0.00,"ק""ג",true,1,28.90,28.90,true,1,
7290002649267,false,שוק הודו מפורק טרי ארוז,יסכה,IL,שוק הודו מפורק ט,קילוגרמים,0.00,"ק""ג",true,1,54.90,54.90,true,1,
7290002649274,false,נתחי חזה הודו טרי ארוז ק,יסכה,IL,תחי חזה הודו טרי,קילוגרמים,0.00,"ק""ג",true,1,29.90,29.90,true,1,
7290002649328,false,זוג עופיוניםטרי ארוז,יסכה,IL,זוג עופיונים טרי,קילוגרמים,0.00,"ק""ג",true,1,49.90,49.90,true,1,
7290002651116,false,גחנון חמסי ארוז 1 קג,מאפיית אריאל,IL,ג'חנון חמסי,גרמים,1000.00,100 גרם,false,0,17.90,1.79,true,1,
7290002651123,false,מלאווח חמסי ארוז 1 ק,מאפיית אריאל,IL,מלווח חמסי,גרמים,1000.00,100 גרם,false,0,17.90,1.79,true,1,
7290002651253,false,גחנון אפוי חמסי 600 גרם,מעדני הטלה,IL,גחנון אפוי חמסי,גרמים,600.00,100 גרם,false,1,17.90,2.98,true,1,
7290002661115,false,לחם שיפון הולנדי 1.2 מהדרין,מאפית י את א ברמן בע,IL,לחם הולנדי,קילוגרמים,1.00,"ק""ג",false,0,18.60,18.60,true,1,
7290002661153,false,לחם דני קל פרוס ברמן (1 קג),מאפית י את א ברמן בע,IL,לחם דני קל,גרמים,1000.00,100 גרם,false,0,17.20,1.72,true,1,
7290002661214,false,ברמן לחם גליל קל מהדרין 750 גרם,מאפית י את א ברמן בע,IL,לחם גלילי קל,גרמים,750.00,100 גרם,false,0,12.40,1.65,true,1,
7290002661856,false,מיני קרוטונים מתובלים למרק ולסלט 350 גרם,צ'\וייסר פודס ל.טי.די.,GB,מיני קרוטונים,גרמים,350.00,100 גרם,false,1,14.90,4.26,true,1,
7290002661863,false,קרוטונים מתובלים למרק 350 גר'.,צ'\וייסר פודס ל.טי.די.,GB,קרוטונים מתובלים,גרמים,350.00,100 גרם,false,1,14.90,4.26,true,1,
7290002692393,false,שמן קנולה מזוכך מועשר עץ הזית (1 ליטר),סוגת תעשיות בעמ,EE,שמן קנולה מועשר,ליטרים,1.00,ליטר,false,0,15.90,15.90,true,1,
7290002692768,false,"תרסיס שמן קנולה מזוכך ללא תוספת גז עץ הזית 200 מ""ל",טרנסומס פוד איי בי,IT,תרסיס שמן קנולה,מיליליטרים,200.00,"100 מ""ל",false,0,15.90,7.95,true,1,
7290002692775,false,"תרסיס שמן קנולה בטעם חמאה עץ הזית 200 מ""ל",סוגת תעשיות בעמ,IT,תרסיס קנולה,מיליליטרים,200.00,"100 מ""ל",false,0,15.90,7.95,true,1,
7290002692782,false,"תרסיס שמן זית כתית מעולה ללא תוספת גז עץ הזית 150 מ""ל",י.ב טכנולוגיות אריזה,IT,תרסיס שמן זית,מיליליטרים,148.00,"100 מ""ל",false,0,15.90,10.74,true,1,
7290002703068,false,צנצנת דבש עין חרוד 1,קונסיגנציה-דין שיווק וקליה 202,IL,דבש טהור בצנצנת,קילוגרמים,1.00,"ק""ג",false,0,41.90,41.90,true,1,
7290002703358,false,צנצנת דבש זכוכית 350 גרם,עין חרוד,IL,צנצנת דבש זכוכית,גרמים,350.00,100 גרם,false,0,16.80,4.80,true,1,
7290002703754,false,"דבש אורגני מפרחי בר 1ק""ג",נאימן,AR,דבש מפרחי בר,גרמים,1000.00,100 גרם,false,1,64.50,6.45,true,1,
7290002706915,false,"פילה נסיכת הנילוס קפוא עד""ח",דלידג - נטו,IL,פילה נסיכת נילוס,קילוגרמים,0.00,"ק""ג",true,0,59.90,59.90,true,1,
7290002715375,false,קבב יווני טיבון ויל 400 גרם,טיבון ויל אחזקות בעמ,IL,קבב יווני,גרמים,400.00,100 גרם,false,0,19.90,4.98,true,1,
7290002715504,false,ארוחת נודלס בטעם עוף מג`יק (70 גרם),נטו מלינדה סחר בע`מ,SG,מג'יק נודלס,גרמים,70.00,100 גרם,false,0,4.90,7.00,true,1,
7290002715511,false,ארוחת נודלס בטעם בשר מג`יק (70 גרם),נטו מילנדה סחר בעמ*,SG,מג'יק אטריות,גרמים,70.00,100 גרם,false,0,4.90,7.00,true,1,
7290002715528,false,ארוחת נודלס בטעם ירקות מג`יק (70 גרם),נטו מילנדה סחר בעמ*,SG,מג'יק אטריות,גרמים,70.00,100 גרם,false,0,4.90,7.00,true,1,
7290002715580,false,ארוחת נודלס בטעם סיני חריף מג'יק 70 גרם,נטו מילנדה סחר בעמ*,SG,מג'יק נודלס,גרמים,70.00,100 גרם,false,0,4.90,7.00,true,1,
7290002725282,false,דג קרפיון מצונן טרי,נטו,IL,קרפיון שלם טרי,קילוגרמים,0.00,"ק""ג",true,0,29.90,29.90,true,1,
7290002730262,false,נוזל לניקוי כלים קלאסי פלמוליב (750 מל),יבואן ומשווק: ש. שסט,GR,פלמוליב לכלים,מיליליטרים,750.00,"100 מ""ל",false,0,11.90,1.59,true,1,
7290002730675,false,"קולגייט משחת שיניים אדומה משפחתי 100 מ""ל",קולגייט-פלמוליב,PL,משחת שיניים,מיליליטרים,100.00,"100 מ""ל",false,0,10.90,10.90,true,1,
7290002730811,false,"משחת שיניים ג'ל פסים מרעננים קולגייט 100 מ""ל",הנסיך- מפעל לייצור ט,PL,משחת קולגייט ג'ל,מיליליטרים,100.00,"100 מ""ל",false,0,13.10,13.10,true,1,
7290002730903,false,פלמוליב סבון מוצק ורדים רביעייה * 125 ג',הנסיך- מפעל לייצור ט,TR,סבון פלמוליב 4יח,גרמים,360.00,100 גרם,false,0,16.90,4.69,true,1,
7290002730958,false,סבון מוצק בניחוח זיתים ואלוורה פלמוליב 4*100 גרם,הנסיך- מפעל לייצור ט,TR,סבון פלמוליב 4יח,גרמים,360.00,100 גרם,false,0,16.90,4.69,true,1,
7290002752332,false,"סוכריות מנטוס פירות בגליל, 37.5 גרם",הדקלאים אגודת שיתופי,NL,סוכריות מנטוס,גרמים,37.00,100 גרם,false,0,3.50,9.46,true,1,
7290002752349,false,סוכריות מנטוס מנטה 40יח' בגליל 38ג',ליימן שליסל בעמ,NL,סוכריות מנטוס,גרמים,37.00,100 גרם,false,0,3.50,9.46,true,1,
7290002752493,false,סוכריות טיק טק מנטה רביעיה 64 גרם,פרימיום-חברה לדברי מתיקה ולמסח,ZA,סוכריות טיק טק,גרמים,64.00,100 גרם,false,0,10.90,17.03,true,1,
7290002753223,false,רביעייה סוכריות תפוז 4*16 ג' טיק טק,פרימיום-חברה לדברי מתיקה ולמסח,ZA,סוכריות טיק טק,גרמים,64.00,100 גרם,false,0,10.90,17.03,true,1,
7290002753995,false,סוכריות עדשים לקישוט עוגה וורנר 6*25 גרם,היינץ צפון אמריקה מק,DE,סט דרז'ה צבעוני,גרמים,150.00,100 גרם,false,0,16.90,11.27,true,1,
7290002757139,false,מלוואח 700 גר' שלושת האופים קהילות,נטו מלינדה סחר בע`מ,IL,מלווח 700 גרם,גרמים,700.00,100 גרם,false,0,14.90,2.13,true,1,
7290002757528,false,"בורקס פילו תפו""א 700 גרם שלושת האופים",נטו מלינדה סחר בע`מ,IL,"בורקס פילו תפו""א",גרמים,700.00,100 גרם,false,0,19.90,2.84,true,1,
7290002757535,false,בורקס פילו אצבעות גבינה שלושת האופים 700 גרם,שלושת האופים שגמור,IL,פילו אצבעות,גרמים,700.00,100 גרם,false,0,19.90,2.84,true,1,
7290002759126,false,מארז 10יח מיני פיתהאסלית,מעיין תעשיות מאפה,IL,מיני פיתה,גרמים,500.00,100 גרם,false,0,13.90,2.78,true,1,
7290002759164,false,מארז בייגלה ירושלמי4יח',גידרון,IL,3בייגלה ירושלמי,יחידה,1.00,יחידה,false,0,13.90,13.90,true,1,
7290002759225,false,מארז4יח שבלול עם צימוקים,גידרון,IL,שבלול צימוק 4יח,יחידה,1.00,יחידה,false,0,13.90,13.90,true,1,
7290002759287,false,לחמניה קמח מלא 5,,,לחמניה קמח מלא 5,יחידה,1.00,יחידה,false,0,13.90,13.90,true,1,
7290002759478,false,מארז חצי ג'בטה 4יח,גידרון,IL,חצי ג'בטה לבן 4י,יחידה,1.00,יחידה,false,0,13.90,13.90,true,1,
7290002759522,false,מארז4 לחמניית חלה מתוקה,גידרון,,לחמנ.חלה מתוקה 4,יחידה,1.00,יחידה,false,0,13.90,13.90,true,1,
7290002766056,false,עגבניות שרי לב אדום יח',רון שרי,IL,עגבניה שרי תמר,גרמים,460.00,100 גרם,false,1,9.90,2.15,true,1,
7290002768043,false,"תיאדנט מי-פה ענק פלאוריד 150 מ""ל",החברה הדרומית לשיווק בעמ,IL,מי פה תיאדנט,מיליליטרים,150.00,"100 מ""ל",false,0,14.90,9.93,true,1,
7290002771104,false,קפה עם הל אל נחלה 500 גרם,קפה אל נחלה בני רפיק,IL,קפה עם הל,גרמים,500.00,100 גרם,false,0,31.20,6.24,true,1,
7290002771111,false,.קפה אלנחילה 250 גר עם הל,קפה אל נחלה בני רפיק,IL,קפה עם הל,גרמים,250.00,100 גרם,false,0,16.50,6.60,true,1,
7290002775010,false,מיני בורקס פילו גבינה שלושת האופים מהדרין 650 ג',שלושת האופים שגמור,IL,מיני בורקס פילו,גרמים,650.00,100 גרם,false,0,19.90,3.06,true,1,
7290002775782,false,"עוגת טורט מצופה שוקולד ריצ' 1ק""ג",ריץ',IL,עוגת טורט ריצ',קילוגרמים,1.00,"ק""ג",false,0,63.90,63.90,true,1,
7290002782131,false,"פנינה רוזנבלום - דאודורנט ספריי לאישה מס' 1 150 מ""ל","פנינה רוזנבלום בע""מ",IL,דאודורנט פנינה,מיליליטרים,150.00,"100 מ""ל",false,0,20.00,13.34,true,1,
7290002782759,false,קרם גוף מספר 2 פנינה רוזנבלום (340 מל),"פנינה רוזנבלום בע""מ",IL,קרם גוף פנינה,מיליליטרים,340.00,"100 מ""ל",false,0,23.90,7.03,true,1,
7290002787075,false,"פילה נילוס טרי ק""ג",נטו,IL,פילה נילוס טרי,קילוגרמים,0.00,"ק""ג",true,0,69.90,69.90,true,1,
7290002787501,false,"פילה סלמון קפוא בד""צ עד""ח",סלאריס אי אס אבלורוגן,NO,פילה סלמון קפוא,קילוגרמים,0.00,"ק""ג",true,1,69.90,69.90,true,1,
7290002800361,false,המבורגר ואקום 500 גר`מסעדות,מעדני הטלה והעגל,IL,המבורגר מסעדות,גרמים,500.00,100 גרם,false,0,24.90,4.98,true,1,
7290002814054,false,סנט מוריץ מתז אנטרטיק מתז 1 ליטר,קומפלקס כימיקלסבעמ ~~~,IL,אנטרטיק מרסס,ליטרים,1.00,ליטר,false,1,10.90,10.90,true,1,
7290002814078,false,סנט מוריץ נוזל לניקוי אמבט אנטרטיק 1ל',קומפלקס כימיקלסבעמ ~~~,IL,אנטרטיק לאמבט,ליטרים,1.00,ליטר,false,0,6.90,6.90,true,1,
7290002814160,false,מסיר שומנים סנט מוריץ 1ל,קומפלקס כימיקלים בעמ,IL,מסיר שומנים,ליטרים,1.00,ליטר,false,1,18.90,18.90,true,1,
7290002814290,false,קצף מרוכז blanco בניחוח לימון משמיד 99.9% חיידקים סנט מוריץ 1 ליטר,קומפלקס כימיקלים בעמ,IL,קצף אקונומיקה,ליטרים,1.00,ליטר,false,1,10.90,10.90,true,1,
7290002814528,false,סנט מוריץ נוזל לאסלה No1 ירוק 1 ליטר,קומפלקס כימיקלסבעמ ~~~,IL,נוזל לאסלה מס' 1,ליטרים,1.00,ליטר,false,0,6.90,6.90,true,1,
7290002814610,false,סנט מוריץ מסיר שומנים מבושם שחור 1 ליטר,קומפלקס כימיקלים בעמ,IL,מסיר שומנים,ליטרים,1.00,ליטר,false,0,11.90,11.90,true,1,
7290002814870,false,"סנט מוריץ - מרסס מסיר שומנים קר מבושם לוונדר\פרחים 750 מ""ל",קומפלקס כימיקלים בעמ,IL,מסיר שומנים קר,מיליליטרים,750.00,"100 מ""ל",false,1,11.90,1.59,true,1,
7290002824183,false,"גבינה לבנה סקי 500 גרם 5% ""שטראוס"" -מוצר בפיקוח",שטראוס גרופ בעמ/מצונן,IL,גבינת סקי 5%,גרמים,500.00,100 גרם,false,0,9.96,1.99,true,1,
7290002824466,false,יוגורט דנונה ביו לבן 0% שומן 200 גרם,שטראוס גרופ בעמ/מצונן,IL,יוגורט ביו 0%,גרמים,200.00,100 גרם,false,0,3.70,1.85,true,1,
7290002824640,false,"גבינת סקי 250 גרם 5% ""שטראוס"" -מוצר בפיקוח",שטראוס גרופ בעמ/מצונן,IL,גבינת סקי 5%,גרמים,250.00,100 גרם,false,0,4.98,1.99,true,1,
7290002825722,false,כרוב אדום במיונז אחלה (500 גרם),שטראוס גרופ בעמ/מצונן,IL,סלט כרוב אחלה,גרמים,500.00,100 גרם,false,0,14.20,2.84,true,1,
7290002830245,false,פילה לברק קפוא במשקל,דלידג - נטו,IL,פילה לברק יפני,קילוגרמים,0.00,"ק""ג",true,1,49.90,49.90,true,1,
7290002830948,false,גבינת עיזים מותכת 30% מון בלאן 120 גרם,סלס קרית מלאכי ישראל,IL,גבינת מון בלאן,גרמים,120.00,100 גרם,false,0,11.90,9.92,true,1,
7290002862017,false,שום כתוש 250 הררית,"הררית מזון בע""מ",IL,שום כתוש,גרמים,250.00,100 גרם,false,0,10.00,4.00,true,1,
7290002862031,false,אריסה 250מתובלת הררית,"הררית מזון בע""מ",IL,אריסה חריפה,גרמים,250.00,100 גרם,false,0,10.00,4.00,true,1,
7290002862093,false,חזרת 250 גרם,"הררית מזון בע""מ",IL,חזרת,גרמים,250.00,100 גרם,false,0,10.00,4.00,true,1,
7290002862109,false,פירורי לחם מוזהבים 400 ג,"הררית מזון בע""מ",ES,פירורי לחם מוזהב,גרמים,400.00,100 גרם,false,1,6.90,1.73,true,1,
7290002862338,false,סחוג אדום 150 גרם,"הררית מזון בע""מ",IL,סחוג אדום,גרמים,150.00,100 גרם,false,0,11.90,7.93,true,1,
7290002862369,false,עמבה בצנצנת,,IL,עמבה בצנצנת,גרמים,250.00,100 גרם,false,0,10.00,4.00,true,1,
7290002862376,false,מעדן עגבניות מיובשות200ג,הררית מזון בעמ,IL,מעדן עגבנ.מיובש,גרמים,200.00,100 גרם,false,1,17.90,8.95,true,1,
7290002866084,false,פילה דניס טרי,,IL,פילה דניס טרי,קילוגרמים,0.00,"ק""ג",true,1,119.90,119.90,true,1,
7290002866145,false,"פילה לברק טרי לק""ג",נטו,IL,פילה לברק טרי,קילוגרמים,0.00,"ק""ג",true,1,109.90,109.90,true,1,
7290002871248,false,"בירה טובורג רד בקבוק 500 מ""ל חוזר",החברה המרכזית להפצת משקאות בעמ,IL,בירה טובורג רד,מיליליטרים,500.00,"100 מ""ל",false,0,7.90,1.58,true,1,
7290002871361,false,"בירה קרלסברג בקבוק 500 מ""ל חוזר",החברה המרכזית להפצת משקאות בעמ,IL,בירה קרלסברג,מיליליטרים,500.00,"100 מ""ל",false,0,7.90,1.58,true,1,
7290002879633,false,וופל בלגי אמיתי רזיט 550 גרם,אן.וי ביסקוויטרי טיז,BE,וופל בלגי,גרמים,550.00,100 גרם,false,1,24.90,4.53,true,1,
7290002881209,false,רסק תפוחי עץ דיאט 700 ג' תומר,תומר יבוא ושיווק מוצרי מזון (1,NL,"רסק תפו""ע",גרמים,720.00,100 גרם,false,0,10.90,1.51,true,1,
7290002881803,false,שמן קנולה מזוכך 1 ליטר,,BE,שמן קנולה מזוכך,ליטרים,1.00,ליטר,false,1,10.90,10.90,true,1,
7290002900436,false,פסטרמה איטלקי מילנו משקל,טירת- צבי,,פסטרמה איטלקית,קילוגרמים,0.00,"ק""ג",true,0,85.00,85.00,true,1,
7290002904694,false,"טיטניום דאודורנט ספריי לגברים 150 מ""ל",החברה הדרומית לשיווק בעמ,IL,דאודורנט טיטניום,מיליליטרים,180.00,"100 מ""ל",false,0,14.90,8.28,true,1,
7290002923466,false,בקר קפוא טחון לקציצות וקבב נטו (1 קג),טיבון ויל אחזקות בעמ,IL,בקר טחון קפוא,גרמים,1000.00,100 גרם,false,0,39.90,3.99,true,1,
7290002925798,false,"גם וגם משחת שיניים ירוק מי פה לייט 120 מ""ל",החברה הדרומית לשיווק בעמ,IL,גם וגם ירוק,מיליליטרים,120.00,"100 מ""ל",false,0,14.90,12.42,true,1,
7290002929130,false,גבינת דנאבלו במשקל,מאמן,DK,גבינה דנאבלו 29%,קילוגרמים,0.00,"ק""ג",true,0,109.00,109.00,true,1,
7290002939498,false,שריר מספר 8 קפוא צרכני עטרה,נטו מלינדה סחר בעמ,IL,בשר מס8' שריר,קילוגרמים,0.00,"ק""ג",true,0,54.90,54.90,true,1,
7290002939528,false,גידים בקר קפוא עטרה,נטו מלינדה סחר בעמ,IL,גידים קפוא לקג,גרמים,0.00,"ק""ג",true,0,54.90,54.90,true,1,
7290002939542,false,לשון בקר קפוא ב.יוסף קג,נטו מלינדה סחר בעמ,PY,לשון בקר קפוא,קילוגרמים,0.00,"ק""ג",true,0,59.90,59.90,true,1,
7290002954187,false,אורז יסמין שוקחה (5 קג),בני ג`ורג` שוקחה (חיפה) בעמ,TH,אורז יסמין,קילוגרמים,5.00,"ק""ג",false,0,41.90,8.38,true,1,
7290002958208,false,סיגריות רויאל כחול פ,דובק,IL,רויאל כחול,יחידה,1.00,יחידה,false,0,237.00,237.00,false,1,
7290002987963,false,"חומוס אחלה 1 ק""ג שטראוס",שטראוס גרופ בעמ/מצונן,IL,"חומוס אחלה 1 ק""ג",קילוגרמים,1.00,"ק""ג",false,0,13.90,13.90,true,1,
7290003009183,false,סירופ דיאט 750 מל בטעם תפוחים פריגת,החברה המרכזית להפצת משקאות בעמ,IL,סירופ תפוחים,מיליליטרים,750.00,"100 מ""ל",false,0,23.90,3.19,true,1,
7290003009596,false,סירופ דיאט אשכוליות 750 מל פיקדון,החברה המרכזית להפצת משקאות בעמ,IL,סירופ אשכוליות,מיליליטרים,750.00,"100 מ""ל",false,0,23.90,3.19,true,1,
7290003015627,false,"נוזל רצפות אפרסק 2 ליטר ""ריצפז פרש""",החברה הדרומית לשיווק בעמ,IL,ריצפז פרש,ליטרים,2.00,ליטר,false,0,14.90,7.45,true,1,
7290003026029,false,"ד""ר פישר - קמיל בלו סנסיטיב שמפו אלדמע 500 מ""ל","פישר תעשיות פרמצביטות בע""מ",IL,שמפו קמיל בלו,מיליליטרים,500.00,"100 מ""ל",false,0,17.90,3.58,true,1,
7290003026036,false,"ד""ר פישר - קמיל בלו סנסיטיב אל סבון עדין לתינוק 1 ליטר","פישר תעשיות פרמבצטיות בע""מ",IL,אל סבון קמיל בלו,ליטרים,1.00,ליטר,false,0,24.90,24.90,true,1,
7290003026234,false,"ד""ר פישר - קמיל בלו תחליב לתינוק 500 מ""ל","פישר תעשיות פרמצביטות בע""מ",IL,קרם גוף לתינוק,גרמים,500.00,100 גרם,false,0,19.90,3.98,true,1,
7290003029181,false,משקה יטבתה שוקו' בקבוק 1ל מהדרין,שטראוס גרופ בעמ/מצונן,IL,שוקו יטבתה,ליטרים,1.00,ליטר,false,0,11.90,11.90,true,1,
7290003029372,false,יטבתה משקה בטעם בננה %3 בקבוק 1 ליטר,שטראוס גרופ בעמ/מצונן,IL,משקה חלב בננה,ליטרים,1.00,ליטר,false,0,11.90,11.90,true,1,
7290003029389,false,"משקה חלב בננה פקק ספורט 250 מ""ל יוטבתה",שטראוס גרופ בעמ/מצונן,IL,משקה בננה,מיליליטרים,250.00,"100 מ""ל",false,0,5.50,2.20,true,1,
7290003029433,false,"משקה יטבתה שוקו פקק 250 מ""ל מהדרין",שטראוס גרופ בעמ/מצונן,IL,שוקו יטבתה,מיליליטרים,250.00,"100 מ""ל",false,0,5.50,2.20,true,1,
7290003029532,false,מוקה בבקבוק יטבתה 1 ליטר מהדרין,שטראוס גרופ בעמ/מצונן,IL,מוקה יטבתה בקבוק,ליטרים,1.00,ליטר,false,0,11.90,11.90,true,1,
7290003029792,false,"משקה יטבתה שוקו שקיות מהדרין מארז 225X8מ""ל",שטראוס גרופ בעמ/מצונן,IL,שקיות שוקו 8 יח',ליטרים,1.80,ליטר,false,0,18.90,10.50,true,1,
7290003029815,false,חלב מועשר 3% בכד יטבתה 2 ליטר,שטראוס גרופ בעמ/מצונן,IL,חלב מועשר יטבתה,ליטרים,2.00,ליטר,false,0,15.00,7.50,true,1,
7290003029907,false,משקה חלב אייס קפה 2% יטבתה (1 ליטר,שטראוס גרופ בעמ/מצונן,IL,אייס קפה יטבתה,ליטרים,1.00,ליטר,false,0,11.90,11.90,true,1,
7290003031702,false,"נקניקיות הודו מחפוד וואקום 1 ק""ג טירת צבי",טיב טירת צבי 2000,IL,נקניקיות הודו,קילוגרמים,1.00,"ק""ג",false,0,24.90,24.90,true,1,
7290003047642,false,תה שחור יילו לייבל 100*1.5 ג' שקיק ליפטון,"יוניליוור ישראל שיווק בע""מ",RU,תה ילו לייבל,גרמים,150.00,100 גרם,false,0,12.90,8.60,true,1,
7290003054213,false,מסטמכר לחם שיפון כפרי 500ג,דיפלומט מפיצים (1968) בעמ**,DE,לחם שיפון כפרי,גרמים,500.00,100 גרם,false,0,13.90,2.78,true,1,
7290003054657,false,חרדל ריין דיז'ון אקסטרה פורטה 370 גרם,דיפלומט מפיצים (1968) בעמ**,FR,חרדל דיז'ון,גרמים,370.00,100 גרם,false,0,11.60,3.14,true,1,
7290003060061,false,"קמח כוסמין מלא 1 ק""ג",טחנות ישראליות בעמ,IL,קמח כוסמין מלא,קילוגרמים,1.00,"ק""ג",false,1,10.90,10.90,true,1,
7290003069590,false,"פילה פוטית עם עור קפוא דלידג 1 ק""ג",דאליאן גואופו אקאטיק,CN,פילה סול קפוא,גרמים,1000.00,100 גרם,false,0,29.90,2.99,true,1,
7290003069682,false,בצק פילאס תורכי שלושת האופים (500 גרם),נטו מלינדה סחר בע`מ,IL,בצק פילאס,גרמים,500.00,100 גרם,false,0,17.90,3.58,true,1,
7290003072521,false,כתף בקר מעושן מחפוד טירת צבי 300 גרם,טיב טירת צבי 2000,IL,כתף בקר מעושנת,גרמים,300.00,100 גרם,false,1,29.90,9.97,true,1,
7290003072965,false,קבנוס חריף מעושן טירת צבי 120 גרם,טיב טירת צבי 2000,IL,קבנוס חריף מעושן,גרמים,120.00,100 גרם,false,1,11.90,9.92,true,1,
7290003072972,false,קבנוס בתיבול מעושן טירת צבי 120 גרם,טיב טירת צבי 2000,IL,קבנוס בתיבול שום,גרמים,120.00,100 גרם,false,1,11.90,9.92,true,1,
7290003075348,false,לאבנה במשקל,מחלבת רג'ב,IL,לאבנה,קילוגרמים,0.00,"ק""ג",true,0,38.00,38.00,true,1,
7290003075409,false,כדורי לבנה בשמן זית360גר,מחלבת רג'\ב,IL,כדורי לבנה בשמן,גרמים,360.00,100 גרם,false,0,20.70,5.75,true,1,
7290003075553,false,לבנה רג'ב 11% 500 גרם,מחלבת רג'\ב,IL,לבנה רג'ב,גרמים,500.00,100 גרם,false,0,16.90,3.38,true,1,
7290003075652,false,לבנה 11%שומן 250 גרם,מחלבת רג'ב,IL,לבנה רג'ב,גרמים,250.00,100 גרם,false,0,9.90,3.96,true,1,
7290003075850,false,לאבנה עם שמן וזעתר ר,מחלבת רג'\ב,IL,לבנה עם זעתר,גרמים,250.00,100 גרם,false,0,10.90,4.36,true,1,
7290003107216,false,קמח לבן בהיר 1 קג דגן מוביל,טחנות קמח דגן (2006) בעמ,IL,קמח לבן,קילוגרמים,1.00,"ק""ג",false,0,6.00,6.00,true,1,
7290003107223,false,טחנת קמח דגן סולת 1קג,טחנות קמח דגן (2006) בעמ,IL,סולת,קילוגרמים,1.00,"ק""ג",false,0,6.50,6.50,true,1,
7290003107247,false,שמרים יבשים אינסטנט33גרם,אבאל יזמות בעמ,IL,שמרים יבשים,גרמים,33.00,100 גרם,false,0,5.90,17.88,true,1,
7290003107353,false,שטיבל משפר אפייה ביתי 3 * 10 גרם,ט.ק דגן טכנולוגיות ב,IL,משפר אפייה ביתי,גרמים,30.00,100 גרם,false,0,5.90,19.67,true,1,
7290003107360,false,קמח לבן בהיר 1 קג ללא צורך בניפוי,טחנת קמח דגן לישראל,IL,קמח לבן בהיר,קילוגרמים,1.00,"ק""ג",false,1,8.90,8.90,true,1,
7290003115532,false,פרגיות עוף טרי ארוז דיל,מילועוף,IL,פרגיות עוף טרי,קילוגרמים,0.00,"ק""ג",true,0,59.90,59.90,true,1,
7290003115549,false,עוף שלם טרי ארוז דיל,מילועוף,IL,עוף טרי שלם,קילוגרמים,0.00,"ק""ג",true,0,18.90,18.90,true,1,
7290003115594,false,כנפי עוף טרי ארוז דיל,מילועוף,IL,כנפיים עוף טרי,קילוגרמים,0.00,"ק""ג",true,0,11.90,11.90,true,1,
7290003115617,false,לב עוף טרי ארוז דיל,מילועוף,IL,לב עוף טרי,קילוגרמים,0.00,"ק""ג",true,0,23.90,23.90,true,1,
7290003115624,false,קורקבן עוף טרי ארוז דיל,מילועוף,IL,קורקבן עוף טרי,קילוגרמים,0.00,"ק""ג",true,0,9.90,9.90,true,1,
7290003121083,false,ארוחת נודלס בטעם בשר בשקית מג'יק 85 גרם,נטו מילנדה סחר בעמ*,SG,ארוחת נודלס,גרמים,85.00,100 גרם,false,0,3.90,4.59,true,1,
7290003121106,false,ארוחת נודלס טעם עוף בשקית מג'יק 85 גרם,נטו מילנדה סחר בעמ*,SG,ארוחת נודלס,גרמים,85.00,100 גרם,false,0,3.90,4.59,true,1,
7290003133123,false,לחם זהב עגול אוקראיני 750 ג',מאפיית דוידוביץ ובני,IL,לחם מקמח שיפון,גרמים,750.00,100 גרם,false,0,14.50,1.93,true,1,
7290003158164,false,פילו ריקוטה פרימיום קג,"גידרון תעשיות בע""מ",IL,פילו ריקוטה חלבי,קילוגרמים,0.00,"ק""ג",true,0,42.00,42.00,true,1,
7290003158591,false,מארז4יח לחמניית חלה קלה,גידרון,,לחמניה חלה קלה 4,יחידה,1.00,יחידה,false,0,13.90,13.90,true,1,
7290003158850,false,לחמניות המבורגר5,,IL,לחמניות המבורגר5,יחידה,1.00,יחידה,false,0,13.90,13.90,true,1,
7290003185719,false,קבב רומני טיבון ויל 500 גרם,טיבון ויל אחזקות בעמ,IL,קבב רומני,גרמים,500.00,100 גרם,false,0,19.90,3.98,true,1,
7290003185726,false,קבב מזרחי טיבון ויל 500 גרם,טיבון ויל אחזקות בעמ,IL,קבב מזרחי,גרמים,500.00,100 גרם,false,0,19.90,3.98,true,1,
7290003187843,false,עגל טחון טיבון ויל 500 גרם,טיבון ויל אחזקות בעמ,IL,טחון עגל 100%,גרמים,500.00,100 גרם,false,0,29.90,5.98,true,1,
7290003189076,false,פיצרלה הצהובה הטובה מגורדת 22% כפיר 500 גרם,צי תעשיות מזון יבנה,IL,פיצרלה מגורדת,גרמים,500.00,100 גרם,false,0,19.90,3.98,true,1,
7290003189267,false,הצהובה הטובה לייט קלאסית 5% כפיר 200 גרם,צי תעשיות מזון יבנה,IL,הצהובה טובה לייט,גרמים,200.00,100 גרם,false,0,14.80,7.40,true,1,
7290003208609,false,"וורמוט מרטיני אדום מתוק 750 מ""ל",מרטיני ורוסי,IT,מרטיני רוסו אדום,מיליליטרים,750.00,"100 מ""ל",false,0,49.90,6.65,true,1,
7290003220595,false,"ווק אורז לסושי 1 ק""ג WOK","מיה תעשיות מזון בע""מ",IL,אורז לסושי,קילוגרמים,1.00,"ק""ג",false,0,12.90,12.90,true,1,
7290003220649,false,"שמן שומשום 100% טהור 150 מ""ל",הו צ'קינג הינג אוי פ,SG,שמן שומשום,מיליליטרים,150.00,"100 מ""ל",false,1,13.90,9.27,true,1,
7290003220878,false,"רוטב מירין לתיבול 500מ""ל",דיאמונד פריזרוד פודס,TH,רוטב מירין,מיליליטרים,500.00,"100 מ""ל",false,0,21.70,4.34,true,1,
7290003229109,false,פסטרמה הודו בפפריקה טירת צבי (400 גרם),תנובה מרכז שיתופי לשיווק תוצרת,IL,נקניק הודו,גרמים,400.00,100 גרם,false,0,25.90,6.48,true,1,
7290003229116,false,פסטרמה הודו בדבש שומן טירת צבי 400 גרם,תנובה מרכז שיתופי לשיווק תוצרת,IL,פסטרמה הודו בדבש,גרמים,400.00,100 גרם,false,0,25.90,6.48,true,1,
7290003229123,false,פסטרמה הודו על גחלים 2% טירת צבי 400 גרם,תנובה מרכז שיתופי לשיווק תוצרת,IL,פסטרמה על גחלים,גרמים,400.00,100 גרם,false,0,25.90,6.48,true,1,
7290003229147,false,נקניק סלמי איטלקי מעושן טירת צבי 300 גרם,תנובה מרכז שיתופי לשיווק תוצרת,IL,סלמי איטלקי,גרמים,300.00,100 גרם,false,0,25.90,8.63,true,1,
7290003229154,false,נקניק סלמי קוניאק טירת צבי 300 גרם,תנובה מרכז שיתופי לשיווק תוצרת,IL,סלמי קוניאק,גרמים,300.00,100 גרם,false,0,25.90,8.63,true,1,
7290003229192,false,נקניק כתף בקר מעושן 2% טירת צבי 400 גרם,תנובה מרכז שיתופי לשיווק תוצרת,IL,פסטרמה כתף בקר,גרמים,400.00,100 גרם,false,0,28.90,7.23,true,1,
7290003272273,false,חמוציות מיובשות ללא סוכר,"דין שיווק וקלייה בע""",CN,חמוציות ללא סוכר,גרמים,0.00,"ק""ג",true,1,89.00,89.00,true,1,
7290003321155,false,יוגורט בר עם פקאן מצופה שוקולד 183 ג' דנונה,שטראוס גרופ בעמ/מצונן,IL,דנונה בר פקאן,גרמים,183.00,100 גרם,false,0,4.60,2.51,true,1,
7290003329229,false,פילה מדומהמס6'מוכשר קפוא,בלאדי,BR,פילה מדומהמס6',קילוגרמים,0.00,"ק""ג",true,1,44.90,44.90,true,1,
7290003332007,false,קפה שחור עם הל נח`לה אדום (250 גרם),סובחי נחלה ובניו בעמ,IL,קפה שחור,גרמים,250.00,100 גרם,false,0,13.90,5.56,true,1,
7290003332014,false,קפה שחור עם הל נח`לה אדום (500 גרם),סובחי נחלה ובניו בעמ,IL,קפה שחור,גרמים,500.00,100 גרם,false,0,27.10,5.42,true,1,
7290003387205,false,ספיד סטיק - דאודורנט סטיק לגבר רגולר,הנסיך- מפעל לייצור ט,US,דאודורנט סטיק,גרמים,56.00,100 גרם,false,0,16.90,30.18,true,1,
7290003401369,false,"קרם לחות לשיער חוחובה נטורל פורמולה 400 מ""ל",החברה הדרומית לשיווק בעמ,IL,קרם לחות לשיער,מיליליטרים,400.00,"100 מ""ל",false,0,19.90,4.98,true,1,
7290003401420,false,"קרם לחות לשיער סיליקון כתום נטורל 400 מ""ל",החברה הדרומית לשיווק בעמ,IL,קרם לחות לשיער,מיליליטרים,400.00,"100 מ""ל",false,0,19.90,4.98,true,1,
7290003401635,false,נטורל פורמולה לחות מעצבת לפתיחת תלתלים,החברה הדרומית לשיווק בעמ,IL,קרם לחות לשיער,מיליליטרים,400.00,"100 מ""ל",false,0,21.70,5.43,true,1,
7290003411238,false,ברוגמן שמרים יבשים נ,הנמל אריזות ושיווק (1984) בעמ,BE,שמרים יבשים,גרמים,500.00,100 גרם,false,0,14.60,2.92,true,1,
7290003411313,false,מפת אל בד מעורב צבעים 120X180 הנמל משובחת,שיווק: הנמל אריזות ו,IL,מפה רב פעמית 0,יחידה,1.00,יחידה,false,0,8.90,8.90,true,1,
7290003411832,false,גרנולה אגוזים הנמל (400 גרם),הנמל אריזות ושיווק (1984) בעמ,IL,גרנולה אגוזים,גרמים,400.00,100 גרם,false,0,11.20,2.80,true,1,
7290003411993,false,גפרורים הנמל 10 יחידות,הנמל אריזות ושיווק (1984) בעמ,SE,גפרורים,יחידה,1.00,יחידה,false,0,3.20,3.20,true,1,
7290003423909,false,חטיף קוקיס אנד קרים לבן 43 גרם,ליימן מותגים,US,חטיף שוקולד לבן,גרמים,43.00,100 גרם,false,0,4.90,11.40,true,1,
7290003427154,false,"שמן זית כתית מעולה טעם מעודן זיתא 750 מ""ל",תה ויסוצקי (ישראל) בעמ,IL,שמן זית כתית,מיליליטרים,750.00,"100 מ""ל",false,0,29.90,3.99,true,1,
7290003434657,false,אשכולות אגוזי לוז חמוציות ואורז מלא בשוקולד מריר 120 גרם,הום מייד,IL,אשכולות אגוזים,גרמים,120.00,100 גרם,false,1,12.90,10.75,true,1,
7290003438006,false,ממרח אולביה פסטו וצנובר איטלקי 190ג',תה ויסוצקי (ישראל) בעמ,IL,רוטב פסטו,גרמים,180.00,100 גרם,false,0,13.90,7.72,true,1,
7290003438013,false,7290003אוליביה ממרח זיתים ירוקים 190 גרם,תה ויסוצקי (ישראל) בעמ,IL,ממרח זיתים,גרמים,190.00,100 גרם,false,0,13.90,7.32,true,1,
7290003438020,false,אוליביה ממרח עגבניות מיובשות (190 גרם),תה ויסוצקי (ישראל) בעמ,IL,ממרח עגבניות,גרמים,190.00,100 גרם,false,0,13.90,7.32,true,1,
7290003438709,false,ממרח אולביה זיתים שחורים וירוקים 190 ג',תה ויסוצקי (ישראל) בעמ,IL,ממרח זיתים,גרמים,190.00,100 גרם,false,0,13.90,7.32,true,1,
7290003438853,false,אוליביה ממרח אריסה חריפה 185 גר ',תה ויסוצקי (ישראל) בעמ,IL,אריסה חריפה,גרמים,185.00,100 גרם,false,1,13.90,7.51,true,1,
7290003438990,false,עיטורי עגבניות מיובשות וזיתים אוליביה 280 ג',תה ויסוצקי (ישראל) בעמ,IL,עגבניות מיובשות,גרמים,280.00,100 גרם,false,0,17.90,6.39,true,1,
7290003450602,false,חרדל אמיתי צהוב בקבוק לחיץ 255 גר,היינץ צפון אמריקה מקבוצת ה.י.היינץ,US,ממרח חרדל צהוב,גרמים,255.00,100 גרם,false,0,8.90,3.49,true,1,
7290003457991,false,טילון קורנטו וניל עם וופל ואגוזי לוז מסוכרים,"גלידת שטראוס בע""\מ, רחוב",IL,חטיפי קורנטו,גרמים,300.00,100 גרם,false,0,34.90,11.63,true,1,
7290003495030,false,מאפה שקדים פרווה,"גידרון תעשיות בע""מ",IL,מאפה שקדים,קילוגרמים,0.00,"ק""ג",true,0,42.00,42.00,true,1,
7290003495078,false,מארז4 בייגל אמריקאי כפרי,"גידרון תעשיות בע""מ",IL,4 בייגלה כפרי,יחידה,1.00,יחידה,false,0,13.90,13.90,true,1,
7290003495405,false,בורקס פילאס פיצה,גידרון,IL,בורקס פיצה חלבי,קילוגרמים,0.00,"ק""ג",true,0,42.00,42.00,true,1,
7290003495825,false,בייגלה טוסט לבן,,IL,בייגלה טוסט לבן,יחידה,1.00,יחידה,false,0,13.90,13.90,true,1,
7290003520572,false,מטריות חרובים שקית בודד (בשרוול 6 שקיות),תופינית,,מטריות שוקולד,גרמים,54.00,100 גרם,false,0,15.90,29.44,true,1,
7290003521074,false,סרקל מרכך שיער לילדים דר. פישר (1 ליטר),"פישר תעשיות פרמבצטיות בע""מ",IL,מרכך לילדים סרקל,ליטרים,1.00,ליטר,false,0,28.90,28.90,true,1,
7290003521081,false,"סרקל שמפו אל דמע לילדים ד""ר פישר 1 ליטר","פישר תעשיות פרמצביטות בע""מ",IL,סרקל שמפו לילדים,ליטרים,1.00,ליטר,false,0,28.90,28.90,true,1,
7290003521166,false,"ד""ר פישר - סרקל קרם רוזמרין לילדים 325 מ""ל","פישר תעשיות פרמבצטיות בע""מ",IL,סרקל קרם רוזמרין,מיליליטרים,325.00,"100 מ""ל",false,0,24.90,7.66,true,1,
7290003521197,false,"ד""ר פישר - סרקל תרסיס מתיר קשרים 340 מ""ל","פישר תעשיות פרמצביטות בע""מ",IL,סרקל מתיר קשרים,מיליליטרים,340.00,"100 מ""ל",false,0,24.90,7.32,true,1,
7290003525461,false,סלט טונה פיקנטי ויליגר 160 גרם,נטו מילנדה סחר בעמ*,IL,סלט טונה פיקנטי,גרמים,160.00,100 גרם,false,0,6.00,3.75,true,1,
7290003525478,false,סלט טונה ויליגר 160 גרם,נטו מילנדה סחר בעמ*,IL,סלט טונה,גרמים,160.00,100 גרם,false,0,6.00,3.75,true,1,
7290003550937,false,רגל פרוסה קפואה במגש,נטו מלינדה סחר בע`מ,IL,רגל פרוסה קג,קילוגרמים,0.00,"ק""ג",true,0,35.90,35.90,true,1,
7290003643004,false,אורז בסמטי קלאסי סוגת (1 קג),האי נאם סי או אל.טי.,IL,אורז בסמטי קלאסי,קילוגרמים,1.00,"ק""ג",false,0,12.90,12.90,true,1,
7290003643325,false,קוסקוס בינוני סוגת (350 גרם),"אסיף תעשיות מזון בע""\מ",IL,קוסקוס בינוני,גרמים,350.00,100 גרם,false,0,4.90,1.40,true,1,
7290003643387,false,"סוכר אריזת פלסטיק 1 ק""ג סוגת",האי נאם סי או אל.טי.,IL,סוכר לבן צנצנת,קילוגרמים,1.00,"ק""ג",false,0,7.90,7.90,true,1,
7290003643646,false,"סוכר דמררה קלאסי בצנצנת סוגת 1 ק""ג",האי נאם סי או אל.טי.,IL,סוכר דמררה,קילוגרמים,1.00,"ק""ג",false,0,12.90,12.90,true,1,
7290003643684,false,אפונה יבשה סוגת 500 גר',האי נאם סי או אל.טי.,IL,אפונה 500 גרם,גרמים,500.00,100 גרם,false,0,5.90,1.18,true,1,
7290003643714,false,חומוס גרגירים 500 גרם סוגת,האי נאם סי או אל.טי.,IL,חומוס,גרמים,500.00,100 גרם,false,0,8.50,1.70,true,1,
7290003643738,false,חיטה סוגת (500 גרם),האי נאם סי או אל.טי.,IL,חיטה 500 גרם,גרמים,500.00,100 גרם,false,0,5.90,1.18,true,1,
7290003643745,false,כוסמת סוגת (500 גרם),האי נאם סי או אל.טי.,IL,כוסמת,גרמים,500.00,100 גרם,false,0,6.90,1.38,true,1,
7290003643752,false,עדשים ירוקים יבש סוגת 500 גר',האי נאם סי או אל.טי.,IL,עדשים ירוקות,גרמים,500.00,100 גרם,false,0,7.90,1.58,true,1,
7290003643769,false,עדשים אדומים יבש סוגת 500 גר',"סוגת תעשיות בע""\מ",IL,עדשים אדומות,גרמים,500.00,100 גרם,false,0,8.50,1.70,true,1,
7290003643776,false,"פופקורן גרעינים סוגת 500 ג' כשל""פ",האי נאם סי או אל.טי.,IL,פופקורן 500 גרם,גרמים,500.00,100 גרם,false,0,5.90,1.18,true,1,
7290003643806,false,שעועית לבנה יבשה סוגת (500 גרם),האי נאם סי או אל.טי.,IL,שעועית לבנה,גרמים,500.00,100 גרם,false,0,11.80,2.36,true,1,
7290003643820,false,חומוס ענק יבש סוגת 500 גרם,"סוגת תעשיות בע""\מ",IL,חומוס ענק,גרמים,500.00,100 גרם,false,0,9.90,1.98,true,1,
7290003648207,false,פילה הרינג בשמן בסגנ,"סלטי שמיר 2006 בע""מ",IL,מטיאס הולנדי,קילוגרמים,0.00,"ק""ג",true,0,55.00,55.00,true,1,
7290003681792,false,סוכריות טופי פירות מיה (850 גרם),מיה תעשיות מזון מ.ת.מ. בעמ,IL,סוכריות טופי,גרמים,850.00,100 גרם,false,0,15.90,1.87,true,1,
7290003726011,false,טופו רך כפרי בריא 30,Unknown,IL,טופו במרקם רך,גרמים,300.00,100 גרם,false,0,12.50,4.17,true,1,
7290003726110,false,טופו אורגני בוואקום,Unknown,IL,טופו אורגני,גרמים,300.00,100 גרם,false,0,13.90,4.63,true,1,
7290003726141,false,טופו אמיתי כפרי בריא 300 גרם,מחלבות גד שיווק 1992 בעמ,IL,טופו משק גאיה,גרמים,300.00,100 גרם,false,0,11.90,3.97,true,1,
7290003726332,false,עוגיות תמר וטופו 500 גרם,קינג דיויד,IL,עוגיות תמר וטופו,גרמים,500.00,100 גרם,false,0,26.90,5.38,true,1,
7290003726356,false,עוגיות תמרים ותפוחים350ג,קינג דיויד,IL,"עוגיות תמר ותפ""ע",גרמים,350.00,100 גרם,false,0,26.90,7.69,true,1,
7290003726615,false,"טופו ויילר 300 גרם ""שטראוס""",שטראוס גרופ בעמ/מצונן,IL,טופו ויילר,גרמים,300.00,100 גרם,false,1,12.00,4.00,true,1,
7290003726745,false,קציצות טופו עם סלק משק ויילר 400 גר,קפוא-זן תעשיות מזון בעמ - תפוג,IL,קציצות טופו סלק,גרמים,400.00,100 גרם,false,1,19.90,4.98,true,1,
7290003726776,false,שניצל טופו בטעם עוף 420 גר`משק ויילר,קפוא-זן תעשיות מזון בעמ - תפוג,IL,שניצל טופו,גרמים,420.00,100 גרם,false,1,19.90,4.73,true,1,
7290003726783,false,שניצל טופו עם תירס 420 גר`משק ויילר,קפוא-זן תעשיות מזון בעמ - תפוג,IL,שניצל טופו,גרמים,420.00,100 גרם,false,1,19.90,4.73,true,1,
7290003726806,false,שניצל טופו עם ברוקולי 420 גר`,קפוא-זן תעשיות מזון בעמ - תפוג,IL,שניצל טופו,גרמים,420.00,100 גרם,false,1,19.90,4.73,true,1,
7290003744428,false,אובלטים מלוחים דקדקים קימל ברט (300 גרם),שוקוטרייד בעמ,IL,אובלטים מלוחים,גרמים,300.00,100 גרם,false,0,10.90,3.63,true,1,
7290003744855,false,אובלטים עם שומשום 300 גר,שוקוטרייד בעמ,IL,אובלטים שומשום,גרמים,300.00,100 גרם,false,0,10.90,3.63,true,1,
7290003744862,false,אובלטים מלוחים דקיקים זעתר ברט (300 גרם),שוקוטרייד בעמ,IL,אובלטים מלוחים,גרמים,300.00,100 גרם,false,0,10.90,3.63,true,1,
7290003781065,false,מלפפונים בחומץ קטנים מאוד וילי פוד 370 גרם,ג. וילי-פוד אינטרנשיונל בע`מ,VN,מלפפונים במלח,גרמים,680.00,100 גרם,false,0,11.90,1.75,true,1,
7290003781652,false,צלפים במי מלח וילי פוד 230 גרם,ג. וילי-פוד אינטרנשיונל בע`מ,TR,צלפים במלח,גרמים,350.00,100 גרם,false,0,8.90,2.54,true,1,
7290003796946,false,פ.מדומה מס' 6 מוכשר קפוא,לחוביץ,XX,פ.מדומה מוכשר,קילוגרמים,0.00,"ק""ג",true,0,44.90,44.90,true,1,
7290003804252,false,תיבוליות לאורז בנוסח הודי קנור 80גרם,יוניליוור ישראל שיווק בע`מ,IL,תיבוליות קנור,גרמים,72.00,100 גרם,false,0,8.90,12.36,true,1,
7290003804320,false,תיבולית קנור שום ופטורזיליה 72 גרם,"יוניליוור ישראל שיווק בע""מ",IL,תיבוליות קנור,גרמים,72.00,100 גרם,false,0,8.90,12.36,true,1,
7290003804368,false,תיבוליות בזיליקום קנור (8 יח`- 72 גרם),"יוניליוור ישראל שיווק בע""מ",IL,תיבוליות קנור,גרמים,72.00,100 גרם,false,0,8.90,12.36,true,1,
7290003804382,false,תיבוליות פטריות קנור (8 יח`- 72 גרם),יוניליוור ישראל שיווק בע`מ,IL,תיבוליות פטריות,גרמים,72.00,100 גרם,false,0,8.90,12.36,true,1,
7290003805587,false,"פתית חיטה מלאה בד""צ 250 גרם-קופסא",יוניליוור ישראל שיווק בע`מ,IL,פתית חיטה מלאה,גרמים,250.00,100 גרם,false,0,16.90,6.76,true,1,
7290003807482,false,קנור רוטב טריאקי מופחת נתרן 370 גרם,"יוניליוור ישראל שיווק בע""מ",IL,רוטב טריאקי,גרמים,300.00,100 גרם,false,0,10.90,3.63,true,1,
7290003864478,false,סרדינים בשמן צמחי פתח קל ויליפוד 110 גרם,ג.וילי-פוד אינטרנשיונל בעמ,TH,סרדין בשמן סויה,גרמים,110.00,100 גרם,false,0,5.30,4.82,true,1,
7290003864485,false,סרדינים ברוטב עגבנ יות ויליפוד 110ג' פתח קל,ג. וילי-פוד אינטרנשיונל בע`מ,TH,סרדינים ברוטב,גרמים,110.00,100 גרם,false,0,5.30,4.82,true,1,
7290003864492,false,סרדין בשמן צמחי חריף פתח קל ויליפוד 110 גרם,ג. וילי-פוד אינטרנשיונל בע`מ,TH,סרדין פיקנטי,גרמים,110.00,100 גרם,false,0,5.30,4.82,true,1,
7290003882922,false,עלי גפן ממולאים באורז וילי פוד 360 גרם,ג. וילי-פוד אינטרנשיונל בע`מ,CN,עלי גפן ממולאים,גרמים,400.00,100 גרם,false,0,8.90,2.23,true,1,
7290003903771,false,קפה נמס קפוצ'ינו רגיל 200 ג',שטראוס גרופ בע`מ,IL,קפוצ'ינו פחית,גרמים,200.00,100 גרם,false,0,24.20,12.10,true,1,
7290003976027,false,מרכך כביסה פריחת עמק 4 ל,אקופרנד,IL,מרכך כביסה,ליטרים,4.00,ליטר,false,1,31.90,7.98,true,1,
7290003989096,false,סלט חצילים פיקנטי אחלה 500 גרם,שטראוס גרופ בעמ/מצונן,IL,חציל פיקנטי אחלה,גרמים,500.00,100 גרם,false,0,15.50,3.10,true,1,
7290003989539,false,רביולי עם גבינה שטראוס (400 גרם),שטראוס גרופ בעמ/מצונן,IL,רביולי גבינה,גרמים,400.00,100 גרם,false,0,19.90,4.98,true,1,
7290003989553,false,פסטה טורטליני גבינה ופטריות 400 גרם,שטראוס גרופ בעמ/מצונן,IL,טורטליני פטריות,גרמים,400.00,100 גרם,false,0,19.90,4.98,true,1,
7290004011284,false,בסיס להכנת קצפת צמחי ריץ` (212 מל),ריצ' פרודקטס קורפריי,US,ריצ' להכנת קצפת,מיליליטרים,212.00,"100 מ""ל",false,0,9.00,4.25,true,1,
7290004011291,false,בסיס להכנת קצפת צמחי ריץ` (425 מל),נטו מלינדה סחר בע`מ,US,בסיס להכנת קצפת,מיליליטרים,425.00,"100 מ""ל",false,0,12.90,3.04,true,1,
7290004011338,false,קצפת מתוקה מוכנה ספריי ריץ` (250 מל),נטו מלינדה סחר בע`מ,IT,קצפת ריצ' במיכל,מיליליטרים,250.00,"100 מ""ל",false,0,9.90,3.96,true,1,
7290004011345,false,"ספריי קצפת מתוקה מוכנה פרווה ריץ' 238 מ""ל",האי נאם סי או אל.טי.,IT,קצפת מתוקה,גרמים,250.00,100 גרם,false,0,9.90,3.96,true,1,
7290004011819,false,המבורגר ריב אנטריקוט אל גאוצ`ו 360 גר`ק,נטו מלינדה סחר בע`מ,IL,המבורגר ריב,גרמים,360.00,100 גרם,false,0,23.90,6.64,true,1,
7290004011826,false,מיני המבורגר ריב אנטריקוט אל גאוצ`ו 360,טיבון ויל אחזקות בעמ,IL,מיני המבורגר,גרמים,320.00,100 גרם,false,0,23.90,7.47,true,1,
7290004022309,false,עדשי מ&מ'ס חמאת בוטנים80,מרס,GB,עדשי מ&מ'ס,גרמים,80.00,100 גרם,false,1,6.90,8.63,true,1,
7290004023041,false,"לחם שיפון ללא שמרים ד""ר מרק 750 גר'",המאפה של דר מרק בריאות באפייה,IL,לחם מחמצת שיפון,גרמים,750.00,100 גרם,false,0,14.80,1.97,true,1,
7290004030018,false,"פריניב מיץ לימון סחוט פרי לתיבול 500 מ""ל",הנסיך- מפעל לייצור ט,IL,מיץ לימון לתיבול,מיליליטרים,500.00,"100 מ""ל",false,0,6.80,1.36,true,1,
7290004030100,false,מיץ תפוזים ולנסיה סחוט 100% 1 ליטר,תנובה - פריניב,IL,מיץ תפוזי ולנסיה,ליטרים,1.00,ליטר,false,1,15.80,15.80,true,1,
7290004030445,false,מיץ תפוזים סחוט רכיבים טבעיים 1 ליטר פרי ניב,הנסיך- מפעל לייצור ט,IL,מיץ תפוזים סחוט,ליטרים,1.00,ליטר,false,0,14.80,14.80,true,1,
7290004030810,false,שייק 100% בננה פסיפלורה תפוז מופחת סוכר1,הנסיך- מפעל לייצור ט,IL,מיץ פריניב,מיליליטרים,1000.00,"100 מ""ל",false,1,17.90,1.79,true,1,
7290004033705,false,הבורגריה לחמניות המבורגר ביג 6 יחי',מאפית י את א ברמן בע,IL,לחמניות 6 יח',גרמים,600.00,100 גרם,false,1,13.90,2.32,true,1,
7290004033712,false,לחם עננים מקמח מלא עם פרוסות עבות,מאפית י את א ברמן בע,IL,לחם מקמח מלא,גרמים,750.00,100 גרם,false,1,15.50,2.07,true,1,
7290004033736,false,"עננים לחם לבן בסגנון בריוש עם פרוסות עבות, 500 גרם",מאפית י את א ברמן בע,IL,לחם עננים בריוש,גרמים,500.00,100 גרם,false,1,15.50,3.10,true,1,
7290004043108,false,עדשי מ&מ'ס שוקולד 89 גרם,מרס,US,עדשי מ&מ'ס,גרמים,89.00,100 גרם,false,1,6.90,7.75,true,1,
7290004048679,false,קובה למרק שלושת האופים(כ 18 יח`- 1 קג),נטו מלינדה סחר בעמ,IL,קובה למרק,גרמים,1000.00,100 גרם,false,0,21.90,2.19,true,1,
7290004064099,false,מטחנה מלח ים מהרי ההימלאיה מלח הארץ 100 גרם,"חברת מלח הארץ אילת בע""\מ",IL,מטחנה מלח,גרמים,250.00,100 גרם,false,1,13.90,5.56,true,1,
7290004064174,false,"תבלין מלח ההימלאיה דק בצנצנת 1 ק""ג","חברת מלח הארץ אילת בע""\מ",PK,מלח דק הימלאיה,קילוגרמים,1.00,"ק""ג",false,1,15.90,15.90,true,1,
7290004064181,false,"תבלין מלח ההימלאיה גס בצנצנת 1 ק""ג","חברת מלח הארץ אילת בע""\מ",PK,מלח גס הימלאיה,קילוגרמים,1.00,"ק""ג",false,1,15.90,15.90,true,1,
7290004064297,false,"מלח מועשר ביוד בצנצנת מלח הארץ 1 ק""ג","חברת מלח הארץ אילת בע""\מ",IL,מלח מועשר ביוד,קילוגרמים,1.00,"ק""ג",false,1,8.90,8.90,true,1,
7290004064303,false,מלח אטלנטי בצנצנת מלח הארץ 800 גרם,"חברת מלח הארץ אילת בע""\מ",FR,מלח אטלנטי,גרמים,800.00,100 גרם,false,1,17.90,2.24,true,1,
7290004064310,false,מלח פלוס בצל מלחייה מלח הארץ 175 גרם,"חברת מלח הארץ אילת בע""\מ",IL,מלח פלוס בצל,גרמים,175.00,100 גרם,false,1,9.90,5.66,true,1,
7290004064327,false,מלח פלוס פפריקה מלחייה 175 גרם,"חברת מלח הארץ אילת בע""\מ",IL,מלח פלוס פפריקה,גרמים,175.00,100 גרם,false,1,9.90,5.66,true,1,
7290004064334,false,מלח פלוס שום מלחייה מלח הארץ 175 גרם,"חברת מלח הארץ אילת בע""\מ",IL,מלח פלוס שום,גרמים,175.00,100 גרם,false,1,9.90,5.66,true,1,
7290004064365,false,"מלח דק מועשר ביוד מלח הארץ קרטון 1 ק""ג","חברת מלח הארץ אילת בע""\מ",IL,מלח דק מועשר יוד,קילוגרמים,1.00,"ק""ג",false,1,5.90,5.90,true,1,
7290004064372,false,מטחנת מלח אקסטרא תבלינים איטלקי 105 גר,"חברת מלח הארץ בע""\מ",IL,מטחנת מלח איטלקי,גרמים,105.00,100 גרם,false,1,14.90,14.19,true,1,
7290004068028,false,"יוגורט צזיקי לשתיה 3.5% 500 מ""ל רובין",מחלבות גד שיווק 1992 בעמ,IL,ציזיקי לשתיה,מיליליטרים,500.00,"100 מ""ל",false,0,9.20,1.84,true,1,
7290004068035,false,"איירן יוגורט לשתייה 3% גד 500 מ""ל",מחלבות גד שיווק 1992 בעמ,IL,אירן משקה יוגורט,מיליליטרים,500.00,"100 מ""ל",false,0,8.00,1.60,true,1,
7290004068172,false,"יוגורט עיזים בדלי 5% 600 מ""ל רובין",מחלבות גד שיווק 1992 בעמ,IL,יוגורט עזים בדלי,גרמים,600.00,100 גרם,false,0,17.30,2.88,true,1,
7290004068394,false,גבינת קממבר בקר במשק,מחלבות גד,IL,גבינת קממבר בקר,קילוגרמים,0.00,"ק""ג",true,0,97.00,97.00,true,1,
7290004078225,false,"שטיפת פה קולגייט פלקס מינט ירוק 500מ""ל",קולגייט- פלמוליב,PL,מי פה קולגייט,מיליליטרים,500.00,"100 מ""ל",false,0,24.90,4.98,true,1,
7290004078270,false,נוזל לניקוי כלים בריח לימון פלמוליב 1 ליטר,יבואן ומשווק: ש. שסט,GR,פלמוליב לכלים,ליטרים,1.00,ליטר,false,0,13.90,13.90,true,1,
7290004119133,false,כד יוגורט תנובה 6.5% שומן 1.5 ליטר,מיוצר עי קונדיטוריית,IL,יוגורט בכד,ליטרים,1.50,ליטר,false,0,17.30,11.53,true,1,
7290004119225,false,יוגורט יופלה אננס 3% שומן 150 גרם,תנובה מרכז שיתופי לש,IL,יופלה אננס 3%,גרמים,150.00,100 גרם,false,0,5.00,3.33,true,1,
7290004119928,false,מעדן חלב בטעם וניל 2% קרלו תנובה 125 גרם,מחלבת אלון תבור,IL,מעדן קרלו וניל3%,גרמים,125.00,100 גרם,false,0,2.90,2.32,true,1,
7290004120061,false,מעדן חלב בטעם שוקו וניל שוניל 2% קרלו 125 גרם,תנובה מרכז שיתופי לש,IL,מעדן קרלו שוניל,גרמים,125.00,100 גרם,false,0,3.00,2.40,true,1,
7290004120108,false,יוגורט יופלה דיאט דובדבן 0% שומן 150גרם,תנובה מרכז שיתופי לש,IL,יופלה דיאט 0%,גרמים,150.00,100 גרם,false,0,5.00,3.33,true,1,
7290004120566,false,גבינה בולגרית (25024% גרם)פיראוס תנובה,"תנובה בע""מ ***",IL,גבינה בולגרית24%,גרמים,250.00,100 גרם,false,0,23.70,9.48,true,1,
7290004120573,false,גבינה בולגרית (25016% גרם)פיראוס תנובה,תנובה מרכז שיתופי לש,IL,גבינה בולגרית16%,גרמים,250.00,100 גרם,false,0,23.70,9.48,true,1,
7290004120634,false,גבינה בולגרית (2505% גרם)פיראוס תנובה,תנובה מרכז שיתופי לש,IL,גבינה בולגרית5%,גרמים,250.00,100 גרם,false,0,21.90,8.76,true,1,
7290004120832,false,"חלב 2 ליטר 3% כד ""תנובה""- מוצר בפיקוח",תנובה מרכז שיתופי לש,IL,חלב שתיה 3%,ליטרים,2.00,ליטר,false,0,12.46,6.23,true,1,
7290004121488,false,יוגורט ביו דיאט 0% אפרסק יופלה (150 גרם),תנובה מרכז שיתופי לש,IL,יופלה דיאט אפרסק,גרמים,150.00,100 גרם,false,0,5.00,3.33,true,1,
7290004121525,false,יופלה מאגדת פרי 4 תות 4 אפרסק 3% 8 יח'*150 ג',תנובה מרכז שיתופי לש,IL,יופלה 3% 8 יח',קילוגרמים,1.20,"ק""ג",false,0,29.90,24.92,true,1,
7290004121754,false,יוגורט ביו עוגת גבינה ותות 3% יופלה 150 גרם,תנובה בעמ ***,IL,יופלה קרם גבינה,גרמים,150.00,100 גרם,false,0,5.00,3.33,true,1,
7290004121839,false,גבינת פטה כבשים (25020% גרם)פיראוס בול,תנובה מרכז שיתופי לש,IL,פטה כבשים פיראוס,גרמים,250.00,100 גרם,false,0,26.90,10.76,true,1,
7290004121853,false,גבינה בולגרית קוביות (2005% גרם)פיראוס,תנובה מרכז שיתופי לש,IL,קוביות בולגרית5%,גרמים,200.00,100 גרם,false,0,21.60,10.80,true,1,
7290004122119,false,פתיתי פרמזן לפסטה 23% השף הלבן 100 גרם,"תנובה בע""מ ***",IL,פתיתי פרמזן,גרמים,100.00,100 גרם,false,0,12.20,12.20,true,1,
7290004122195,false,גוש חלב גבינה צהובה פרוסה 28% תנובה 200 גרם,"תנובה בע""מ ***",IL,גבינה גוש חלב,גרמים,200.00,100 גרם,false,0,13.90,6.95,true,1,
7290004122270,false,עמק קלאסית פרוסות גבינה חצי קשה 28% 200 גרם,תנובה מרכז שיתופי לש,IL,גבינת עמק פרוס,גרמים,200.00,100 גרם,false,0,15.90,7.95,true,1,
7290004122348,false,גבינה צהובה מופחתת שומן 9% עמק (200 גרם),תנובה מרכז שיתופי לש,IL,גבינת עמק 9%,גרמים,200.00,100 גרם,false,0,16.90,8.45,true,1,
7290004122607,false,גבינת עמק לייט 9% במשקל,תנובה מרכז שיתופי לש,IL,גבינת עמק לייט9%,קילוגרמים,0.00,"ק""ג",true,0,72.00,72.00,true,1,
7290004122676,false,גבינה חמד לייט (2505% גרם)פיראוס תנובה,תנובה מרכז שיתופי לש,IL,גבינת חמד לייט5%,גרמים,250.00,100 גרם,false,0,18.50,7.40,true,1,
7290004122683,false,עמק חטיף אצבעות גבינה חצי קשה 28% שומן,תנובה מרכז שיתופי לש,IL,אצבעות עמק,גרמים,172.00,100 גרם,false,0,16.40,9.53,true,1,
7290004124205,false,יופלה דיאט יוגורט תות %0 גביע 150 גרם,תנובה מרכז שיתופי לש,IL,יופלה דיאט תות0%,גרמים,150.00,100 גרם,false,0,5.00,3.33,true,1,
7290004125370,false,"שמנת חמוצה 9% מופחתת שומן תנובה 200 מ""ל מהדרין",תנובה מרכז שיתופי לש,IL,שמנת חמוצה 9%,מיליליטרים,200.00,"100 מ""ל",false,0,3.50,1.75,true,1,
7290004125400,false,"אשל שלי מהדרין 200 מ""ל 4.5% ""תנובה""- מוצר בפיקוח",פארייפאבה אגרואינדוס,IL,אשל 4.5% שומן,מיליליטרים,200.00,"100 מ""ל",false,0,1.69,0.85,true,1,
7290004125417,false,"גיל 3% שלי 200 מ""ל ""תנובה"" -מוצר בפיקוח",תנובה מרכז שיתופי לש,IL,גיל לבן 3%שומן,מיליליטרים,200.00,"100 מ""ל",false,0,1.51,0.76,true,1,
7290004125455,false,"שמנת חמוצה 200 מ""ל 15% ""תנובה"" -מוצר בפיקוח",תנובה מרכז שיתופי לש,IL,שמנת תנובה 15%,מיליליטרים,200.00,"100 מ""ל",false,0,2.40,1.20,true,1,
7290004125462,false,"שמנת חמוצה 15% תנובה 500 מ""ל מהדרין",תנובה מרכז שיתופי לש,IL,שמנת חמוצה 15%,מיליליטרים,500.00,"100 מ""ל",false,0,6.00,1.20,true,1,
7290004125509,false,"שמנת חמוצה 15% מועשרת תנובה 100 מ""ל",תנובה מרכז שיתופי לש,IL,שמנת חמוצה 15%,מיליליטרים,100.00,"100 מ""ל",false,0,1.70,1.70,true,1,
7290004125578,false,משקה סויה מועשר בסידן 1 ל`תנובה,תנובה מרכז שיתופי לש,IL,משקה סויה,ליטרים,1.00,ליטר,false,0,10.90,10.90,true,1,
7290004125585,false,משקה סויה בטעם וניל תנובה 1 ליטר,תנובה מרכז שיתופי לש,IL,משקה סויה וניל,ליטרים,1.00,ליטר,false,0,10.90,10.90,true,1,
7290004125721,false,"השף הלבן שמנת עמידה לבישול 15% תנובה 250 מ""ל",תנובה מרכז שיתופי לש,IL,שמנת לבישול15%,מיליליטרים,250.00,"100 מ""ל",false,0,8.30,3.32,true,1,
7290004125738,false,שמנת מתוקה להקצפה32% 250מל עמיד השף הלבן,תנובה מרכז שיתופי לש,IL,שמנת להקצפה32%,מיליליטרים,250.00,"100 מ""ל",false,0,6.50,2.60,true,1,
7290004125776,false,גבינה צהובה קלאסית 28% עמק (400 גרם),"תנובה בע""מ ***",IL,גבינת עמק פרוס,גרמים,400.00,100 גרם,false,0,27.90,6.98,true,1,
7290004126650,false,גבינה צפתית 5% תנובה,תנובה מרכז שיתופי לש,IL,גבינה צפתית 5%,קילוגרמים,0.00,"ק""ג",true,0,55.00,55.00,true,1,
7290004126674,false,טל העמק פרוסות גבינה חצי קשה לייט %9 200 גרם בקופסא,תנובה מרכז שיתופי לש,IL,גבינה טל העמק,גרמים,200.00,100 גרם,false,0,18.50,9.25,true,1,
7290004126759,false,דאיט יופלה פירות יער טו יוג פרי 150גר.,"תנובה בע""מ ***",IL,יופלה דיאט,גרמים,150.00,100 גרם,false,0,5.00,3.33,true,1,
7290004126872,false,משקאות חלב תנובה שוקו בקבוק 250מל,תנובה - חלב,IL,שוקו בקבוק,מיליליטרים,250.00,"100 מ""ל",false,0,5.60,2.24,true,1,
7290004127077,false,קוטג תנובה 3% גביע 250 גרם מהדרין,מיוצר עי קונדיטוריית,IL,קוטג' 3% שומן,גרמים,250.00,100 גרם,false,0,5.50,2.20,true,1,
7290004127329,false,קוטג תנובה גביע 250 גרם %5 ו.מהדרין,מיוצר עי קונדיטוריית,IL,קוטג' תנובה 5%,גרמים,250.00,100 גרם,false,0,5.50,2.20,true,1,
7290004127336,false,קוטג תנובה גביע 250 גרם %9 ו.מהדרין,מיוצר עי קונדיטוריית,IL,קוטג' תנובה 9%,גרמים,250.00,100 גרם,false,0,5.50,2.20,true,1,
7290004127800,false,"גבינה לבנה 500 גרם 5% ""תנובה"" -מוצר בפיקוח",מיוצר עי קונדיטוריית,IL,גבינה לבנה 5%,גרמים,500.00,100 גרם,false,0,9.96,1.99,true,1,
7290004127817,false,גבינה לבנה 9% שומן 500 ג' תנובה,מיוצר עי קונדיטוריית,IL,גבינה לבנה 9%,גרמים,500.00,100 גרם,false,0,9.50,1.90,true,1,
7290004127862,false,"גבינה לבנה 750 גרם 5% ""תנובה"" - מוצר בפיקוח",תנובה מרכז שיתופי לש,IL,גבינה לבנה 5%,גרמים,750.00,100 גרם,false,0,14.94,1.99,true,1,
7290004127916,false,גבינה לבנה 0.5% שומן 500 ג' תנובה,תנובה מרכז שיתופי לש,IL,גבינה 0.5%,גרמים,500.00,100 גרם,false,0,9.50,1.90,true,1,
7290004128333,false,לאבנה על בסיס יוגורט %9 שומן 500 ג' פיראוס,תנובה בעמ ***,IL,לאבנה פיראוס 9%,גרמים,500.00,100 גרם,false,0,19.50,3.90,true,1,
7290004128401,false,גבינת פטה כבשים במשק,תנובה חלב,IL,פטה פיראוס 20%,קילוגרמים,0.00,"ק""ג",true,0,111.00,111.00,true,1,
7290004129101,false,גבינת שמנת 25% בטעם טבעי 225 ג' נפוליאון,תנובה מרכז שיתופי לש,IL,גבינת נפוליאון,גרמים,225.00,100 גרם,false,0,13.90,6.18,true,1,
7290004129156,false,גבינת שמנת25% עם שום שמיר 225 ג' נפוליאון,תנובה מרכז שיתופי לש,IL,גבינת נפוליאון,גרמים,225.00,100 גרם,false,0,13.90,6.18,true,1,
7290004129767,false,"3% 'יופלה לבן מארז שמינייה 1.2 ק""ג",תנובה מרכז שיתופי לש,IL,יופלה לבן 3%,קילוגרמים,1.20,"ק""ג",false,0,17.30,14.42,true,1,
7290004130794,false,משקה סויה במתיקות מופחתת תנובה (1 ליטר),תנובה מרכז שיתופי לש,IL,משקה סויה,ליטרים,1.00,ליטר,false,0,9.90,9.90,true,1,
7290004130916,false,יוגורט יופלה פירות יער בשמנת 3% 150 גרם,תנובה מרכז שיתופי לש,IL,יופלה פירות יער,גרמים,150.00,100 גרם,false,0,5.00,3.33,true,1,
7290004131074,false,"חלב 1 ליטר 3% קרטון ""תנובה""- מוצר בפיקוח",תנובה מרכז שיתופי לש,IL,חלב בקרטון 3%,ליטרים,1.00,ליטר,false,0,6.23,6.23,true,1,
7290004131432,false,יוגורט יופלה לבן ביו 3% 200 גרם,מיוצר עי קונדיטוריית,IL,יופלה לבן 3%,גרמים,200.00,100 גרם,false,0,3.90,1.95,true,1,
7290004131456,false,יוגורט ביו 1.5% שומן 200 ג' יופלה,מיוצר עי קונדיטוריית,IL,יופלה לבן 1.5%,גרמים,200.00,100 גרם,false,0,4.00,2.00,true,1,
7290004131531,false,שוקו 30% פחות תוספת סוכר תנובה (1 ליטר),פארייפאבה אגרואינדוס,IL,שוקו בקבוק,ליטרים,1.00,ליטר,false,0,12.80,12.80,true,1,
7290004131814,false,גבינת צפתית מעודנת (2005% גרם)פיראוס ת,פארייפאבה אגרואינדוס,IL,צפתית 5% פיראוס,גרמים,200.00,100 גרם,false,0,14.90,7.45,true,1,
7290004132552,false,משקה סויה בטעם טבעי לייט תנובה 1 ליטר,תנובה מרכז שיתופי לש,IL,משקה סויה,ליטרים,1.00,ליטר,false,0,10.90,10.90,true,1,
7290004132712,false,חטיף אצבעות גבינת מוצרלה 20% 172 ג' עמק,תנובה מרכז שיתופי לש,IL,אצבעות מוצרלה,גרמים,172.00,100 גרם,false,0,16.50,9.59,true,1,
7290004133511,false,יופלה מאגדת לבן 1.5% מעודן 8 יח' * 150 ג',מיוצר עי קונדיטוריית,IL,יופלה מעודן 8 יח,קילוגרמים,1.20,"ק""ג",false,0,20.50,17.08,true,1,
7290004134945,false,יוגורט ביו 3% בטעם מוקה יופלה (150 גרם),תנובה מרכז שיתופי לש,IL,יופלה מוקה 3%,גרמים,150.00,100 גרם,false,0,5.00,3.33,true,1,
7290004135225,false,מעדן חלב דל קלוריות בטעם שוקולד 0.2שומ,תנובה מרכז שיתופי לש,IL,מעדן דיאט שוקולד,גרמים,150.00,100 גרם,false,0,4.00,2.67,true,1,
7290004135614,false,גבינה בולגרית מעודנת 5% פיראוס 250 גרם,"תנובה בע""מ ***",IL,בולגרית מעודנת5%,גרמים,250.00,100 גרם,false,0,21.90,8.76,true,1,
7290004136598,false,מארז הפסקת אוכל עם קורנפלקס ומשקה חלב עמיד בטעם וניל,פארייפאבה אגרואינדוס,IL,חלב עם דגנים,יחידה,1.00,יחידה,false,0,9.50,9.50,true,1,
7290004136857,false,מעדן ג`לי בטעם פטל תנובה (125 גרם),תנובה מרכז שיתופי לש,IL,מעדן ג'לי פטל,גרמים,125.00,100 גרם,false,0,2.30,1.84,true,1,
7290004136864,false,מעדן ג'לי בטעם אננס עם חתיכות תנובה 125 גרם,תנובה בעמ ***,IL,מעדן ג'לי אננס,גרמים,125.00,100 גרם,false,0,2.80,2.24,true,1,
7290004136871,false,מעדן ג'לי בטעם אפרסק עם חתיכות תנובה 125 גרם,תנובה מרכז שיתופי לש,IL,מעדן ג'לי אפרסק,גרמים,125.00,100 גרם,false,0,2.80,2.24,true,1,
7290004137021,false,"שמנת עמידה לבישול מופחת שומן 10% השף הלבן 250 מ""ל",תנובה מרכז שיתופי לש,IL,שמנת לבישול10%,מיליליטרים,250.00,"100 מ""ל",false,0,8.30,3.32,true,1,
7290004137311,false,גבינה צהובה מופחתת שומן 9% עמק (400 גרם),"תנובה בע""מ ***",IL,גבינת עמק 9%,גרמים,400.00,100 גרם,false,0,30.90,7.73,true,1,
7290004150112,false,חומוס מזרחי פיקנטי פרימיום 300 גרם שמיר,"סלטי שמיר 2006 בע""\מ",IL,חומוס מזרחי,גרמים,300.00,100 גרם,false,1,14.90,4.97,true,1,
7290004150129,false,טחינה פיקנטי פרימיום 300 גרם שמיר,"סלטי שמיר 2006 בע""\מ",IL,טחינה ביתית,גרמים,300.00,100 גרם,false,1,14.90,4.97,true,1,
7290004150143,false,חציל במיונז פיקנטי פרימיום 300 גרם שמיר,"סלטי שמיר 2006 בע""\מ",IL,חציל במיונז,גרמים,300.00,100 גרם,false,1,14.90,4.97,true,1,
7290004150150,false,חציל בטחינה פיקנטי פרימיום 300 גרם שמיר,"סלטי שמיר 2006 בע""\מ",IL,חציל בטחינה,גרמים,300.00,100 גרם,false,1,14.90,4.97,true,1,
7290004150167,false,"תפו""א במיונז 300 גרם פיקנטי פרימיום שמיר","סלטי שמיר 2006 בע""\מ",IL,"תפו""א במיונז",גרמים,300.00,100 גרם,false,1,14.90,4.97,true,1,
7290004150174,false,קולסלאו פיקנטי פרימיום 300 גרם שמיר,"סלטי שמיר 2006 בע""\מ",IL,סלט קולסלאו,גרמים,300.00,100 גרם,false,1,14.90,4.97,true,1,
7290004150181,false,חמוצים סיני 300 גרם פיקנטי פרימיום,"סלטי שמיר 2006 בע""\מ",IL,חמוצים סיני,גרמים,300.00,100 גרם,false,1,14.90,4.97,true,1,
7290004150204,false,מטבוחה 300 גרם פיקנטי פרימיום,"סלטי שמיר 2006 בע""\מ",IL,מטבוחה,גרמים,300.00,100 גרם,false,1,14.90,4.97,true,1,
7290004150211,false,תורכי איסטנבול פיקנטי פרימיום 300 גרם שמיר,"סלטי שמיר 2006 בע""\מ",IL,תורכי איסטנבול,גרמים,300.00,100 גרם,false,1,14.90,4.97,true,1,
7290004150228,false,כרוב אדום פיקנטי פרימיום 300 גרם שמיר,"סלטי שמיר 2006 בע""\מ",IL,כרוב אדום,גרמים,300.00,100 גרם,false,1,14.90,4.97,true,1,
7290004150235,false,חומוס עם חריף פיקנטי פרימיום 300 גרם שמיר,"סלטי שמיר 2006 בע""\מ",IL,חומוס עם חריף,גרמים,300.00,100 גרם,false,1,14.90,4.97,true,1,
7290004150273,false,חומוס גזר פיקנטי פרימיום 300 גרם שמיר,"סלטי שמיר 2006 בע""\מ",IL,חומוס עם גזר,גרמים,300.00,100 גרם,false,1,14.90,4.97,true,1,
7290004150358,false,חומוס סלק פיקנטי פרימיום 300 גרם,"סלטי שמיר 2006 בע""\מ",IL,חומוס עם סלק,גרמים,300.00,100 גרם,false,1,14.90,4.97,true,1,
7290004165017,false,"רסק תפו""ע 600 גרם טבעי ללא סוכר יכין",ב ספירת מלאי,IL,"רסק תפו""ע ללת""ס",גרמים,560.00,100 גרם,false,0,7.90,1.41,true,1,
7290004170097,false,עוגת קרנץ' שוקולד 450גרם,גדרון,IL,עוגת קרנץ שוקולד,גרמים,450.00,100 גרם,false,1,26.50,5.89,true,1,
7290004170103,false,עוגת קרנץ במילוי נוג,גדרון,IL,עוגת קרנץ' נוגט,גרמים,450.00,100 גרם,false,1,26.50,5.89,true,1,
7290004170141,false,בורקס גבינה גדול 160 גרם,גידרון,IL,בורקס גבינה גדול,גרמים,160.00,100 גרם,false,1,7.50,4.69,true,1,
7290004170837,false,לחם אותנטי כפרי500ג אפוי,גידרון,IL,לחם אותנטי כפרי,גרמים,500.00,100 גרם,false,1,12.90,2.58,true,1,
7290004170851,false,לחם אותנטי אפוי 500 גרם,גידרון,IL,לחם אותנטי,גרמים,500.00,100 גרם,false,1,12.90,2.58,true,1,
7290004170882,false,שליש באגט אותנטי,גדרון דגון,IL,שליש באגט אותנטי,גרמים,140.00,100 גרם,false,1,5.50,3.93,true,1,
7290004193065,false,רבע טלה מחולק טרי ספרד ש,נטו,IL,רבעטלה מחולקספרד,קילוגרמים,0.00,"ק""ג",true,1,99.90,99.90,true,1,
7290004199203,false,קיסמי שיניים במבוק מלחיה לב הוסטס (300),הדקלאים אגודת שיתופי,CN,קיסמי שיניים,יחידה,1.00,יחידה,false,0,3.50,3.50,true,1,
7290004199784,false,כפפות S לטקס עם איבוק עדין 100 יח- SAFE TOUCH,אינטרסן (1996) בעמ,TH,כפפות לטקס S,יחידה,1.00,יחידה,false,1,29.90,29.90,true,1,
7290004199791,false,כפפות M לטקס עם איבוק עדין 100 יח- SAFE TOUCH,אינטרסן (1996) בעמ,TH,כפפות לטקס M,יחידה,1.00,יחידה,false,1,29.90,29.90,true,1,
7290004199807,false,כפפות L לטקס עם איבוק עדין 100 יח- SAFE TOUCH,אינטרסן (1996) בעמ,TH,כפפות לטקס L,יחידה,1.00,יחידה,false,1,29.90,29.90,true,1,
7290004219079,false,לבבות דקל פרוסות וילי פוד (400 גרם),ג. וילי-פוד אינטרנשיונל בע`מ,EC,לבבות דקל פרוס,גרמים,400.00,100 גרם,false,0,10.50,2.63,true,1,
7290004219826,false,מלבין קפה הולנדי קומפלטה 400ג',ג. וילי-פוד אינטרנשיונל בע`מ,NL,מלבין קפה קומפלט,גרמים,400.00,100 גרם,false,0,19.80,4.95,true,1,
7290004225025,false,בסגנון פטה במשקל,מאמן,IL,סגנון פטה,קילוגרמים,0.00,"ק""ג",true,0,33.00,33.00,true,1,
7290004225278,false,בסגנון דנבלו 28% במשקל,נטו מלינדה סיימן,IL,בסגנון דנבלו,קילוגרמים,0.00,"ק""ג",true,0,60.00,60.00,true,1,
7290004225285,false,גבינה בסגנון דנאבלו 100 גר,האי נאם סי או אל.טי.,DK,בסגנון דנאבלו,גרמים,100.00,100 גרם,false,0,12.20,12.20,true,1,
7290004225957,false,פילה סלמון וי קפוא,אקספורסדורה לוס,CL,פילה סלמון קפוא,קילוגרמים,0.00,"ק""ג",true,1,64.90,64.90,true,1,
7290004228804,false,עלי בצק לסיגרים ואגרול שלושת האופים (450,נטו מילנדה סחר בעמ*,IL,עלי בצק למילוי ס,גרמים,450.00,100 גרם,false,1,12.90,2.87,true,1,
7290004229740,false,גבינה בסגנון פטה 8 ק,ממן מגירי,DK,סגנון פטה 21%,קילוגרמים,0.00,"ק""ג",true,1,33.00,33.00,true,1,
7290004230081,false,קציצות עוף ברוטב עגבניות שגב 800 גרם,"טיבון ויל אחזקות בע""\מ",IL,קציצות עוף ברוטב,גרמים,800.00,100 גרם,false,0,29.90,3.74,true,1,
7290004230104,false,קציצות בקר ברוטב עגבניות 800 גר` קפוא,טיבון ויל אחזקות בעמ,IL,קציצות בקר ברוטב,גרמים,800.00,100 גרם,false,14,29.90,3.74,true,1,
7290004230333,false,מקלות בורקס פילו תפ`א 600 גר` שגב קפוא,האי נאם סי או אל.טי.,IL,מקלות בורקס פילו,גרמים,600.00,100 גרם,false,0,19.90,3.32,true,1,
7290004230340,false,מקלות בורקס פילו תרד ובצל 600 גר` שגב,האי נאם סי או אל.טי.,IL,מקלות בורקס פילו,גרמים,600.00,100 גרם,false,0,19.90,3.32,true,1,
7290004230357,false,שגב מקלות בורקס פילו גבינה ובטטה 600 גר,האי נאם סי או אל.טי.,IL,מקלות בורקס,גרמים,600.00,100 גרם,false,0,19.90,3.32,true,1,
7290004230364,false,שגב מקלות בורקס פילו גבינה צרפתי 600 גר,נטו מלינדה סחר בע`מ,IL,מקלות בורקס פילו,גרמים,600.00,100 גרם,false,0,19.90,3.32,true,1,
7290004230371,false,מקלות בורקס פילו פיצה 600 גר` `שגב` קפ,נטו מלינדה סחר בע`מ,IL,מקלות בורקס פילו,גרמים,600.00,100 גרם,false,0,19.90,3.32,true,1,
7290004230944,false,מקלות פילו גבינה 600 גר' שלושת האופים לנדא,שלושת האופים שגמור,IL,מקלות בורקס,גרמים,600.00,100 גרם,false,0,19.90,3.32,true,1,
7290004256180,false,גאודה הולנדית30.3% משקל,וויסר קאשנדל בי.וי נ,NL,גבינת גאודה,קילוגרמים,0.00,"ק""ג",true,1,99.00,99.00,true,1,
7290004256197,false,גאודה הולנד עז30.6%משקל,וויסר קאשנדל בי.וי נ,NL,גאודה עיזים,קילוגרמים,0.00,"ק""ג",true,1,129.00,129.00,true,1,
7290004263034,false,בורגר חלק קפוא למהדרין עטרה 500 גרם,טיבון ויל אחזקות בעמ,IL,המבורגר עטרה,גרמים,500.00,100 גרם,false,0,19.90,3.98,true,1,
7290004324605,false,גבינה מותכת למריחה בטעם רוקפור 7% מון בלאן 120 ג',נטו מילנדה סחר בעמ*,IL,גבינת מון בלאן7%,גרמים,120.00,100 גרם,false,0,11.90,9.92,true,1,
7290004324858,false,קבב כבש טיבון ויל 500 גרם,"טיבון ויל אחזקות בע""",IL,קבב בטעם כבש,גרמים,500.00,100 גרם,false,0,19.90,3.98,true,1,
7290004339173,false,המבורגר קינואה 400גרם טבע דלי,טבע דלי,IL,המבורגר קינואה,גרמים,400.00,100 גרם,false,0,24.90,6.23,true,1,
7290004339425,false,שווארמה מהצומח 350 גרם טבע דלי,טבע דלי בעמ,IL,שווארמה מן הצומח,גרמים,350.00,100 גרם,false,0,24.90,7.11,true,1,
7290004339784,false,המבורגר ניו יורק על האש 400 גרם טבע דלי,טבע דלי,IL,המבורגר ניו יורק,גרמים,400.00,100 גרם,false,0,24.90,6.23,true,1,
7290004339807,false,המבורגר הוט מקסיקן כוסמת מש מונבט אורז מלא וצ'יה 400גר טבע דלי,טבע דלי בעמ,IL,המבורגר צמחוני,גרמים,400.00,100 גרם,false,0,24.90,6.23,true,1,
7290004339975,false,טבע דלי סייטן אמרנט קובה בורגול(מטוגן) 400גר,טבע דלי,IL,סייטן אמרנט,גרמים,400.00,100 גרם,false,1,28.90,7.23,true,1,
7290004339999,false,טבע דלי סייטן אמרנט שניצלונים 400גר,טבע דלי,IL,סייטן אמרנט,גרמים,400.00,100 גרם,false,1,28.90,7.23,true,1,
7290004492274,false,בייגלה טבעות מלוחות בייגל בייגל 400 גרם,"יוניליוור ישראל שיווק בע""מ",IL,בייגלה טבעות,גרמים,400.00,100 גרם,false,0,10.40,2.60,true,1,
7290004494131,false,יין דלתון קברנה סוביניון גליל,הכרם - משקאות חריפים בעמ,IL,קברנה דלתון,מיליליטרים,750.00,"100 מ""ל",false,0,54.90,7.32,true,1,
7290004494377,false,יין אדום יבש שיראז יקב דלתון (750 מל),לפ החברה הסקוטית למסחר ושיווק,IL,דלתון שיראז D,מיליליטרים,750.00,"100 מ""ל",false,0,54.90,7.32,true,1,
7290004504731,false,לחם רוסי קפוא 550גרם,גידרון,IL,לחם רוסי,יחידה,1.00,יחידה,false,1,10.50,10.50,true,1,
7290004504748,false,לחם בצל קפוא 550גרם,גידרון,IL,לחם בצל,יחידה,1.00,יחידה,false,1,10.50,10.50,true,1,
7290004504755,false,לחם שיפון קפוא 550 גרם,גידרון,IL,לחם שיפון,יחידה,1.00,יחידה,false,1,10.50,10.50,true,1,
7290004504762,false,לחם קמח מלא קפוא 550 גרם,גידרון,IL,לחם קמח מלא,גרמים,550.00,100 גרם,false,1,10.50,1.91,true,1,
7290004554354,false,גלידת פנטזיה שוקו וניל 1 ל' שטראוס,"גלידת שטראוס בע""\מ, רחוב",IL,"גלידת ""פנטסיה""",ליטרים,1.00,ליטר,false,0,23.30,23.30,true,1,
7290004584306,false,רבעיית גמדים בטעם תות בננה * 100 ג' שטראוס,שטראוס גרופ בעמ/מצונן,IL,סופר גמדים 4 יח,גרמים,400.00,100 גרם,false,0,10.00,2.50,true,1,
7290004584351,false,גבינה לבנה סימפוניה עם תוספות 200 ג' חמישית 200,שטראוס גרופ בעמ/מצונן,IL,גבינת סימפוניה,גרמים,200.00,100 גרם,false,0,11.00,5.50,true,1,
7290004584528,false,יוגורט דנונה ביו לבן 1.7% שומן 200 גרם,שטראוס גרופ בעמ/מצונן,IL,יוגורט ביו 1.7%,גרמים,200.00,100 גרם,false,0,3.70,1.85,true,1,
7290004585907,false,דני ועדן וניל 1.5% 125ג' שטראוס,שטראוס גרופ בעמ/מצונן,IL,דני וניל 1.5%,גרמים,125.00,100 גרם,false,0,2.70,2.16,true,1,
7290004603175,false,מלח הים האדום גס מלח הארץ (500 גרם),"חברת מלח הארץ אילת בע""\מ",IL,מלח ים גס,גרמים,500.00,100 גרם,false,0,7.90,1.58,true,1,
7290004608637,false,שומן בקר טרי קג,שונות,IL,שומן בקר טרי,קילוגרמים,0.00,"ק""ג",true,0,29.60,29.60,true,1,
7290004639006,false,קוסקוס תונסאי קפוא מטעמי פאר (800 גרם),מטעמי פאר (א.מ.נ) בעמ,IL,קוסקוס מוקפא,גרמים,800.00,100 גרם,false,0,16.90,2.11,true,1,
7290004645830,false,טונה אלבקור פרוס רוז,רוזנרס,IL,טונה אלבקור פרוס,קילוגרמים,0.00,"ק""ג",true,1,59.90,59.90,true,1,
7290004685010,false,לחם 100% שיפון פלוס לחם הארץ 500 גר',מאפית י את א ברמן בע,IL,לחם שיפון פלוס,גרמים,500.00,100 גרם,false,0,16.50,3.30,true,1,
7290004685027,false,לחם חיטה מלאה פלוס לחם הארץ 500 גרם,מאפית י את א ברמן בע,IL,לחם חיטה מלאה,גרמים,500.00,100 גרם,false,0,16.50,3.30,true,1,
7290004685089,false,לחם הארץ לחם חמניות 500 גר',מאפית י את א ברמן בע,IL,לחם חמניות,גרמים,500.00,100 גרם,false,0,16.50,3.30,true,1,
7290004685126,false,לחם 5 דגנים פרוס לחם הארץ (750 גרם),מאפית י את א ברמן בע,IL,לחם הארץ 5 דגנים,גרמים,750.00,100 גרם,false,0,16.50,2.20,true,1,
7290004685157,false,לחם שיפון 100% פרוס לחם הארץ (750 גרם),מאפית י את א ברמן בע,IL,לחם שיפון פרוס,גרמים,750.00,100 גרם,false,0,16.50,2.20,true,1,
7290004685195,false,לחם 10 דגנים פרוס לחם הארץ (750 גרם),מאפית י את א ברמן בע,IL,לחם 10 דגנים,גרמים,750.00,100 גרם,false,0,16.50,2.20,true,1,
7290004685201,false,לחם הארץ שיפון אגוזים500,מאפית י את א ברמן בע,IL,לחם שיפון אגוזים,גרמים,500.00,100 גרם,false,0,16.50,3.30,true,1,
7290004685225,false,לחם פומפרניקל פרוס לחם הארץ (750 גרם),מאפית י את א ברמן בע,IL,לחם פומפרניקל,גרמים,750.00,100 גרם,false,0,16.50,2.20,true,1,
7290004685430,false,100% לחם כומסין 500 גר לחם הארץ,מאפית י את א ברמן בע,IL,לחם הארץ כוסמין,גרמים,500.00,100 גרם,false,1,16.50,3.30,true,1,
7290004685447,false,לחמניות כוסמין 6 יח בשקית מלא 450 גר`E,מאפית ברמן מקבוצת י. את,IL,לחמניות כוסמין,גרמים,450.00,100 גרם,false,1,15.50,3.44,true,1,
7290004685454,false,לחם שיבולת שועל 500 גר`ברמן,מאפית י את א ברמן בע,IL,לחם שיבולת שועל,גרמים,500.00,100 גרם,false,1,16.50,3.30,true,1,
7290004685478,false,פיתות כוסמין 10 יח בשקית 550 גרם,מאפיית י.את א. ברמן בעמ,IL,פיתות כוסמין,גרמים,550.00,100 גרם,false,1,16.90,3.07,true,1,
7290004725600,false,גבינה סקנדינבית31% משקל,תנובה חלב,IL,גבינה סקנדינבית,קילוגרמים,0.00,"ק""ג",true,1,75.00,75.00,true,1,
7290004725846,false,גבינת גאודה קולקשיין,תנובה,IL,גבינת גאודה,קילוגרמים,0.00,"ק""ג",true,1,79.00,79.00,true,1,
7290004731083,false,אל סבון נוזלי ג`ינסנג כיף (1 ליטר),החברה הדרומית לשיווק בעמ,IL,אל סבון כיף,ליטרים,1.00,ליטר,false,0,10.90,10.90,true,1,
7290004731472,false,"אל סבון צבעוני כיף שלישיה* 500 מ""ל",החברה הדרומית לשיווק בעמ,IL,אלסבון כיף 3 יח,ליטרים,1.50,ליטר,false,0,17.90,11.93,true,1,
7290004731564,false,"מקסימה מבשם ומרכך למייבש הכביסה בלו בלוסום 750 מ""ל",החברה הדרומית לשיווק בעמ,IL,מקסימה למייבש,מיליליטרים,750.00,"100 מ""ל",false,1,14.90,1.98,true,1,
7290004731670,false,"מטהר אוויר דואופרש פצ'ולי לבנדר סנו 300 מ""ל",החברה הדרומית לשיווק בעמ,IL,סנו דואו פרש,מיליליטרים,300.00,"100 מ""ל",false,0,10.90,3.63,true,1,
7290004731687,false,"מטהר אויר בניחוח וניל ולמון גראס סנו 300 מ""ל",סנו מפעלי ברונוס בעמ,IL,סנו דואו פרש,מיליליטרים,300.00,"100 מ""ל",false,0,10.90,3.63,true,1,
7290004737719,false,אספרגוס שלם מקולף בצנצנת ויליפוד 330 גרם,ג.וילי-פוד אינטרנשיונל בעמ,CN,אספרגוס מקולף,גרמים,330.00,100 גרם,false,0,9.90,3.00,true,1,
7290004737900,false,חלב כחוש מרוכז וממותק בתוספת שמן צמחי ויליפוד 397 גרם,ג. וילי-פוד אינטרנשיונל בע`מ,LT,חלב כחוש מרוכז,גרמים,397.00,100 גרם,false,0,7.90,1.99,true,1,
7290004846602,false,גולש עגל ארוז קפוא קג,"זהר בשר עופות ובשר בע""\מ",IL,גולש עגל ארוז קפ,קילוגרמים,0.00,"ק""ג",true,1,39.90,39.90,true,1,
7290004846916,false,המבורגר אנטריקוט 400 גרם,"זהר בשר עופות ובשר בע""\מ",IL,המבורגר אנטריקוט,גרמים,400.00,100 גרם,false,1,29.90,7.48,true,1,
7290004859664,false,עוף שלם טרי ארוז,מילועוף,IL,עוף שלם טרי ארוז,קילוגרמים,0.00,"ק""ג",true,0,18.90,18.90,true,1,
7290004859671,false,חזה עוף טרי מילועוף,מילועוף,IL,חזה עוף טרי,קילוגרמים,0.00,"ק""ג",true,0,31.90,31.90,true,1,
7290004859688,false,פטם כרעיים טרי ארוז,מילועוף,IL,כרעי עוף טרי,קילוגרמים,0.00,"ק""ג",true,0,27.90,27.90,true,1,
7290004861025,false,גבינה בולגרית 5% במשקל,"מחלבת המושבה בע""מ",IL,גבינה בולגרית,קילוגרמים,0.00,"ק""ג",true,0,50.00,50.00,true,1,
7290004861056,false,צפתית/ברינזה 5% המוש,"מחלבת המושבה בע""מ",IL,גבינה צפתית 5%,קילוגרמים,0.00,"ק""ג",true,0,49.00,49.00,true,1,
7290004861278,false,שמנת 30% טבעי המושבה,"מחלבת המושבה בע""מ",IL,גבינת שמנת30%,קילוגרמים,0.00,"ק""ג",true,0,45.00,45.00,true,1,
7290004982355,false,גבינת צדר טריפל במשק,א. סיימן סחר בעמ,GB,גבינת צ'דר,קילוגרמים,0.00,"ק""ג",true,1,130.00,130.00,true,1,
7290005008191,false,"סבון נוזלי ארומה בניחוח לבנדר פטצ'ולי וילנג ילנג פלמוליב 500 מ""ל",הנסיך- מפעל לייצור ט,TR,סב.נוזלי פלמוליב,מיליליטרים,500.00,"100 מ""ל",false,0,15.90,3.18,true,1,
7290005008481,false,ספיד סטיק - דאודורנט ג'ל לגבר ספורט 85 גרם,הנסיך- מפעל לייצור ט,US,ספיד סטיק ג'ל,גרמים,85.00,100 גרם,false,0,15.00,17.65,true,1,
7290005020162,false,וויסקי סקוטי בלנטייס פיינסט 700 מל,טמפו משקאות בע`מ,LK,וויסקי בלנטיין,מיליליטרים,700.00,"100 מ""ל",false,0,79.90,11.41,true,1,
7290005041198,false,מעדני הטלה קבב ביתי,לאטי עזרא גלם ודגים,IL,קבב ביתי,גרמים,1000.00,100 גרם,false,0,49.90,4.99,true,1,
7290005068058,false,תירס קל מופחת קלוריות 550 ג' פרי הגליל,ויטה- פרי גליל (החדשה) בעמ,IL,תירס קל,גרמים,550.00,100 גרם,false,0,8.90,1.62,true,1,
7290005082979,false,חלת דגנים קלועה 560 גרם,"גידרון תעשיות בע""מ",IL,חלה דגנים קלועה,גרמים,560.00,100 גרם,false,0,12.90,2.30,true,1,
7290005082986,false,שליש באגט אותנטי 3יח,גידרון,IL,שליש באגט אותנטי,יחידה,1.00,יחידה,false,0,13.90,13.90,true,1,
7290005095245,false,נרות שבת 72 יחידות,HQP,CN,נרות שבת,יחידה,1.00,יחידה,false,0,26.90,26.90,true,1,
7290005095313,false,נרות 72 יח בקרטון דו,ציון תורגמן בעמ,CN,נריות שבת,יחידה,1.00,יחידה,false,1,24.90,24.90,true,1,
7290005095405,false,נר נשמה 72 שעות בזכו,"מ.א. בע""מ",CN,נר נשמה 72שעות,יחידה,1.00,יחידה,false,0,5.90,5.90,true,1,
7290005095443,false,נר נשמה בכוס 48 שעות,,IL,נר נשמה 48 שעות,יחידה,1.00,יחידה,false,0,5.60,5.60,true,1,
7290005095467,false,נרות שבת מס 4 180 גר,משווק על ידי HQP,CN,נרות שבת,יחידה,1.00,יחידה,false,1,4.50,4.50,true,1,
7290005095474,false,נרות שבת מס 6 180 גר,HQP,CN,נרות שבת,יחידה,1.00,יחידה,false,1,4.50,4.50,true,1,
7290005095481,false,נרות שבת 8 יחידות 8 יחיד,משווק על ידי HQP,CN,נרות שבת 8 יחידו,יחידה,1.00,יחידה,false,1,4.50,4.50,true,1,
7290005095498,false,נרות שבת 10 יחידות,משווק על ידי HQP,CN,נרות שבת,יחידה,1.00,יחידה,false,1,4.50,4.50,true,1,
7290005095641,false,חטיף תפוחה מצוקה 230 גר שלוה,מפעלי דגן ניסן את גפ,IL,חיטה תפוחה מתוקה,גרמים,230.00,100 גרם,false,0,8.30,3.61,true,1,
7290005095702,false,חיטה תפוחה בדבש 200 גר שלוה,מפעלי דגן ניסן את גפ,IL,חיטה תפוחה בדבש,גרמים,210.00,100 גרם,false,0,8.30,3.95,true,1,
7290005095801,false,רוטב עמבה עם פרי 500,ציון תורג`מן בעמ,IL,עמבה,גרמים,500.00,100 גרם,false,0,15.10,3.02,true,1,
7290005095849,false,נרות שבת 12 יחידות,לפ לפ ציון תורג`מן בע``מ,CN,נרות שבת,יחידה,1.00,יחידה,false,1,4.50,4.50,true,1,
7290005095856,false,נרות שבת 16 יחידות,משווק על ידי HQP,CN,16 נרות שבת,יחידה,1.00,יחידה,false,1,4.50,4.50,true,1,
7290005095931,false,נרות שבת 20 יחידות,משווק על ידי HQP,CN,נרות שבת,יחידה,1.00,יחידה,false,1,4.50,4.50,true,1,
7290005111761,false,"מזון לכלבים בונזו מזון כלבים בשר 3 ק""ג",דיפלומט מפיצים (1968) בעמ**,FR,בונזו בשר,קילוגרמים,3.00,"ק""ג",false,0,44.90,14.97,true,1,
7290005113222,false,זיתים קוקטייל וגמבה יבנה 350ג',קבוצת יבנה מוצרי מזון אגודה שי,IL,מיקס זיתים,גרמים,340.00,100 גרם,false,0,9.90,2.91,true,1,
7290005174513,false,חציל על האש במיונז אחלה 400 גרם+225גר,שטראוס גרופ בעמ/מצונן,IL,סלט חציל מיונז,גרמים,500.00,100 גרם,false,0,15.90,3.18,true,1,
7290005174551,false,סלט חומוס עם צנוברים 125 ג' אחלה,שטראוס גרופ בעמ/מצונן,IL,חומוס יום יום,גרמים,125.00,100 גרם,false,0,4.90,3.92,true,1,
7290005174568,false,אחלה יום יום חצילים במיונז 125 גרם,שטראוס גרופ בעמ/מצונן,IL,חציל במיונז אחלה,גרמים,125.00,100 גרם,false,0,4.90,3.92,true,1,
7290005174575,false,טחינה אחלה יום יום משובחת 125ג',שטראוס גרופ בעמ/מצונן,IL,טחינה יום יום,גרמים,125.00,100 גרם,false,0,4.90,3.92,true,1,
7290005175428,false,"קמח תירס לל""ג ריבארה 500 ג'",ג. וילי-פוד אינטרנשיונל בע`מ,AR,קמח תירס,גרמים,500.00,100 גרם,false,0,6.50,1.30,true,1,
7290005200786,false,תפוצ'יפס בטעם שמנת בצל עלית 50 גרם,"שטראוס פריטו ליי בע""\מ )",IL,תפוצ'יפס שמנת,גרמים,50.00,100 גרם,false,0,4.00,8.00,true,1,
7290005201455,false,קפה נמס מגורען ארומה קלאסי עלית 200 גרם,שטראוס גרופ בע`מ,PL,קפה נמס ארומה,גרמים,200.00,100 גרם,false,0,21.90,10.95,true,1,
7290005201882,false,קפה טורקי בצלופן עלית 200 גרם,הנסיך- מפעל לייצור ט,IL,קפה טורקי בצלופן,גרמים,200.00,100 גרם,false,0,15.90,7.95,true,1,
7290005287206,false,רביעיית טונה בשמן סטארקיסט 160 גרם,דיפלומט מפיצים (1968) בעמ**,VN,טונה סטארקיסט4יח,גרמים,640.00,100 גרם,false,0,24.90,3.89,true,1,
7290005287251,false,רביעיית טונה במים סטארקיסט 160 גרם,דיפלומט מפיצים (1968) בעמ**,VN,טונה סטארקיסט4יח,גרמים,640.00,100 גרם,false,0,24.90,3.89,true,1,
7290005287657,false,"סטארקיסט ממרח טונה 160 גרם בד""צ",דיפלומט מפיצים (1968) בעמ**,TH,ממרח טונה,גרמים,160.00,100 גרם,false,0,6.50,4.06,true,1,
7290005296246,false,"פותח סתימות דריין אאוט 946 מ""ל יעקבי","יעקב יעקבי ובניו בע""מ",US,פותח סתימות,מיליליטרים,946.00,"100 מ""ל",false,0,25.90,2.74,true,1,
7290005296260,false,"אסטוניש ספריי רסס ונגב לניקוי כללי יעקבי 750 מ""ל","יעקב יעקבי ובניו בע""מ",GB,אסטוניש רסס נגב,מיליליטרים,750.00,"100 מ""ל",false,0,12.90,1.72,true,1,
7290005326387,false,עגבניות מיובשות בשמן זית אוליביה 270 גרם,תה ויסוצקי (ישראל)בעמ,IL,עגבניות מיובשות,גרמים,270.00,100 גרם,false,0,17.90,6.63,true,1,
7290005358340,false,בשר מס. 5 מוכשרקפוא,שונות,XX,בשר מס5. קפוא,קילוגרמים,0.00,"ק""ג",true,0,69.90,69.90,true,1,
7290005358357,false,פילה מדומה מס6' קפוא מוכ,שונות,UY,פילה מדומה מוכ,קילוגרמים,0.00,"ק""ג",true,0,44.90,44.90,true,1,
7290005358371,false,שריר מס' 8 מוכשר קפוא קג,פניסקור,XX,שריר מוכשר,קילוגרמים,0.00,"ק""ג",true,0,29.90,29.90,true,1,
7290005358739,false,בשר ראש קפוא איגוד האברכים,פריגוצאקו,IL,בשר ראש קפוא,קילוגרמים,0.00,"ק""ג",true,1,89.90,89.90,true,1,
7290005358883,false,בשר שריר קפוא איגוד האברכים,טאק טורו,BR,שריר מס' 8 קפוא,קילוגרמים,0.00,"ק""ג",true,1,29.90,29.90,true,1,
7290005416095,false,מחלבת טל גבינת עיזים טבעית 5% 200ג,"ל.ד בר אל בע""מ",IL,גבינת עזים 5% טל,גרמים,200.00,100 גרם,false,0,15.00,7.50,true,1,
7290005416262,false,מחלבת טל יוגורט עיזים בטעם תות 500מל,"ל.ד בר אל בע""מ",IL,יוגורט עיזים תות,מיליליטרים,500.00,"100 מ""ל",false,0,15.40,3.08,true,1,
7290005416279,false,מחלבת טל יוגורט עיזים בטעם פירות יער 500מל,"ל.ד בר אל בע""מ",IL,יוגורט עיזים,מיליליטרים,500.00,"100 מ""ל",false,0,15.40,3.08,true,1,
7290005416286,false,יוגורט עיזים ביו עם אננס 3.5%,"ל.ד בר אל בע""מ",IL,יוגורט עיזים,מיליליטרים,500.00,"100 מ""ל",false,0,15.40,3.08,true,1,
7290005423253,false,"סנו - מקסימה מרסס למייבש כביסה אולטרה פרש 750 מ""ל",החברה הדרומית לשיווק בעמ,IL,מקסימה למייבש,מיליליטרים,750.00,"100 מ""ל",false,0,14.90,1.98,true,1,
7290005423505,false,"אורביטול מי פה להלבנת השיניים 500 מ""ל",החברה הדרומית לשיווק בעמ,IL,מי פה אורביטול,מיליליטרים,500.00,"100 מ""ל",false,0,21.70,4.34,true,1,
7290005423567,false,מטליות ניקוי רב שימושיות בגליל סנו סושי 40 יחידות,החברה הדרומית לשיווק בעמ,IL,מטליות לניקוי,יחידה,1.00,יחידה,false,0,20.20,20.20,true,1,
7290005423635,false,ריצפז נוזל רצפות דוחה תיקנים סנו 2 ליטר,החברה הדרומית לשיווק בעמ,IL,ריצפז דוחה חרקים,ליטרים,2.00,ליטר,false,0,17.90,8.95,true,1,
7290005423734,false,מרכך כביסה מרוכז אולטרא פרש סנו מקסימה 4 ליטר,החברה הדרומית לשיווק בעמ,IL,מרכך כביסה,ליטרים,4.00,ליטר,false,0,21.90,5.48,true,1,
7290005423833,false,פוליוויקס נוזל לניקוי פרקט סנו (2 ליטר).,החברה הדרומית לשיווק בעמ,IL,פוליויקס פרקט,ליטרים,2.00,ליטר,false,0,19.90,9.95,true,1,
7290005423871,false,שלישיית משחת שיניים מנטול אורביטול 145 גרם,טרופיקל דגיל תעשיות קוסמ,IL,משחת שיניים,גרמים,435.00,100 גרם,false,0,15.90,3.66,true,1,
7290005423888,false,אלסבון כיף שלישיה מעורב,טרופיקל דגיל תעשיות,IL,אל סבון כיף 3 יח,ליטרים,1.50,ליטר,false,0,17.90,11.93,true,1,
7290005423918,false,סנו - מקסימה מרכך כביסה היפואלרגני אלוורה 4 ליטר,החברה הדרומית לשיווק בעמ,IL,מרכך כביסה,ליטרים,4.00,ליטר,false,0,19.90,4.98,true,1,
7290005424403,false,"אל סבון כיף אצות ים קטיפתי 1ליטר,",החברה הדרומית לשיווק בעמ,IL,אל סבון כיף,ליטרים,1.00,ליטר,false,0,10.90,10.90,true,1,
7290005424700,false,סנו - פורטה פלוס מרסס מסיר שומנים 1 ליטר,החברה הדרומית לשיווק בעמ,IL,סנו פורטה פלוס,ליטרים,1.00,ליטר,false,1,15.90,15.90,true,1,
7290005424762,false,ריצפז פלוס ווקס נוזל להברקת רצפות דוחה תיקנים סנו 2 ליטר,החברה הדרומית לשיווק בעמ,IL,ריצפז פלוס+ווקס,ליטרים,2.00,ליטר,false,0,26.30,13.15,true,1,
7290005424847,false,"מפיות נייר 30*30 ס""מ סנו סושי 150 יחידות",החברה הדרומית לשיווק בעמ,TR,מפיות דו שכבתי,יחידה,1.00,יחידה,false,0,8.50,8.50,true,1,
7290005424991,false,סנו פרש אוטומטיק בהתזה קצובה ניחוח בייבי פאודר,החברה הדרומית לשיווק בעמ,IL,סנו פרש בייבי,מיליליטרים,250.00,"100 מ""ל",false,1,12.80,5.12,true,1,
7290005425073,false,"מטהר אויר בניחוח יסמין ועץ סאנדלווד סנו 300 מ""ל",החברה הדרומית לשיווק בעמ,IL,סנו דואו פרש,מיליליטרים,300.00,"100 מ""ל",false,0,10.90,3.63,true,1,
7290005425196,false,"מקסימה אבקת כביסה סנסיטיב סנו 2.5 ק""ג",החברה הדרומית לשיווק בעמ,IL,אבקת כביסה,קילוגרמים,2.50,"ק""ג",false,0,25.90,10.36,true,1,
7290005425646,false,קליר נוזל לניקוי חלונות רב תכליתי סנו 1 ליטר,החברה הדרומית לשיווק בעמ,IL,סנוקליר 1 ליטר,ליטרים,1.00,ליטר,false,0,9.90,9.90,true,1,
7290005425714,false,"שמפו שטיחים סנו פלוס 600 מ""ל","סנו מפעלי ברונוס בע""\מ",IL,סנו שמפו שטיחים,מיליליטרים,600.00,"100 מ""ל",false,0,26.90,4.48,true,1,
7290005426186,false,סקוטש כריות קרצוף ענקיות סנו סושי 3 יחידות,החב. הדרומית לשיווק,US,סנו סושי כ.קרצוף,יחידה,1.00,יחידה,false,0,17.50,17.50,true,1,
7290005426568,false,"קרמה - קרם לחות לשיער רגיל 400 מ""ל",החברה הדרומית לשיווק בעמ,IL,קרם לחות קרמה,מיליליטרים,400.00,"100 מ""ל",false,0,19.80,4.95,true,1,
7290005426803,false,מקסימה מרכך כביסה פצ'ולי לבנדר סגול סנו 4 ליטר,החברה הדרומית לשיווק בעמ,IL,מרכך כביסה,ליטרים,4.00,ליטר,false,0,21.90,5.48,true,1,
7290005426964,false,סנובון סבון לאסלה בניחוח אפרסק סנו 3 יחידות,החברה הדרומית לשיווק בעמ,IL,סנובון שלישיה,גרמים,165.00,100 גרם,false,0,16.90,10.24,true,1,
7290005426971,false,סנובון סבון לאסלה תפוח כחול סנו 3 יחידות,החברה הדרומית לשיווק בעמ,IL,סנובון שלישיה,גרמים,165.00,100 גרם,false,0,16.90,10.24,true,1,
7290005427619,false,"כיף גל לשיער לשיער קוצים 1ק""ג",גוד פוד פרודקטס S.p,IL,ג'ל כיף לשיער,קילוגרמים,1.00,"ק""ג",false,0,19.90,19.90,true,1,
7290005427633,false,"כיף גל לשיער לשיער חזק במיוחד 1 ק""ג",החברה הדרומית לשיווק בעמ,IL,ג'ל כיף לשיער,קילוגרמים,1.00,"ק""ג",false,0,19.90,19.90,true,1,
7290005427763,false,אל סבון נוזלי בניחוח גינסינג כיף 2 ליטר,החברה הדרומית לשיווק בעמ,IL,אלסבון כיף,ליטרים,2.00,ליטר,false,0,20.90,10.45,true,1,
7290005427787,false,"קרמה - קרם לחות לשיער מתולתל 400 מ""ל",החברה הדרומית לשיווק בעמ,IL,קרם לשיער קרמה,מיליליטרים,400.00,"100 מ""ל",false,0,19.80,4.95,true,1,
7290005427978,false,"תחליב רחצה לפנים פילינג קרמה 180 מ""ל",החברה הדרומית לשיווק בעמ,IL,תחליב רחצה לפנים,מיליליטרים,180.00,"100 מ""ל",false,0,12.90,7.17,true,1,
7290005429279,false,סנו מקסימה קומפקט קומפקט אפקט גאוול 6 ק,החברה הדרומית לשיווק בעמ,IL,אבקת כביסה,קילוגרמים,6.00,"ק""ג",false,0,44.90,7.48,true,1,
7290005430602,false,"סנו אוקסיג'ן ספריי להסרת כתמים עם חמצן פעיל 750 מ""ל",החברה הדרומית לשיווק בעמ,IL,אוקסיג'ן מ.כתמים,מיליליטרים,750.00,"100 מ""ל",false,0,14.90,1.99,true,1,
7290005431159,false,תותים בקצפת לייט עדן קינוחים 80 גרם,עדן קינוחים,IL,תותים בקצפת לייט,גרמים,80.00,100 גרם,false,1,6.90,8.63,true,1,
7290005431883,false,מלבי חלבי עדן קינוחים 165 גרם,עדן קינוחים Eden,IL,מלבי,גרמים,165.00,100 גרם,false,1,6.90,4.18,true,1,
7290005431906,false,מארז קדאיף 82 גר`עדן קינוחים,עדן קינוחים Eden,IL,קדאיף,גרמים,82.00,100 גרם,false,1,6.90,8.41,true,1,
7290005431913,false,עוגת גבינה פירורים עדן קינוחים 92 גרם,עדן קינוחים Eden,IL,עוגת גבינה,גרמים,92.00,100 גרם,false,1,6.90,7.50,true,1,
7290005431920,false,עוגת גבינה פירורים לייט עדן קינוחים 78 גרם,עדן קינוחים Eden,IL,עוגת גבינה,גרמים,78.00,100 גרם,false,1,6.90,8.85,true,1,
7290005431968,false,מלבי שמנת עדן קינוחים 150 גרם,עדן קינוחים Eden,IL,מלבי שמנת,גרמים,150.00,100 גרם,false,1,6.90,4.60,true,1,
7290005437700,false,נתחי טונה בשמן טעמן,טעמן שיווק מזון בעמ,IL,טונה בשמן,גרמים,150.00,100 גרם,false,0,5.50,3.67,true,1,
7290005559907,false,פיצה משפחתית 100% גבינה מעדנות 500 גרם,תנובה מרכז שיתופי לשיווק תוצרת,IL,פיצה משפחתית,גרמים,500.00,100 גרם,false,0,23.90,4.78,true,1,
7290005559914,false,פיצה משפחתית עם 100% גבינה בתוספת זיתים מעדנות 550 גרם,תנובה מרכז שיתופי לשיווק תוצרת,IL,פיצה משפחתית,גרמים,550.00,100 גרם,false,0,21.90,3.98,true,1,
7290005559990,false,בצק עלים פילאס תורכי 600 גרם קפוא,תנובה מרכז שיתופי לשיווק תוצרת,IL,בצק פילאס תורכי,גרמים,600.00,100 גרם,false,0,22.90,3.82,true,1,
7290005569029,false,שום קלוף ישראלי 170 גרם,יגור חקלאות ועסקים,IL,שום קלוף ישראלי,גרמים,170.00,100 גרם,false,0,10.90,6.41,true,1,
7290005590016,false,עוף שלם טרי ארוז שופרסל,עוף הגליל,IL,עוף שלם טרי,קילוגרמים,0.00,"ק""ג",true,1,18.90,18.90,true,1,
7290005590023,false,כרעיים עוף טרי ארוז שופר,עוף הגליל,IL,כרעיים עוף טרי,קילוגרמים,0.00,"ק""ג",true,1,27.90,27.90,true,1,
7290005590054,false,ירכיים עוף טרי ארוז שופר,עוף הגליל,IL,ירכיים עוף טרי,קילוגרמים,0.00,"ק""ג",true,1,27.90,27.90,true,1,
7290005590061,false,שניצל עוף טרי ארוז שופרס,עוף הגליל,IL,שניצל עוף טרי,קילוגרמים,0.00,"ק""ג",true,1,34.90,34.90,true,1,
7290005590078,false,פילה עוף טרי ארוז שופרסל,עוף הגליל,IL,פילה עוף טרי,קילוגרמים,0.00,"ק""ג",true,1,34.90,34.90,true,1,
7290005590092,false,שווארמה עוף טרי ארוז שופ,עוף הגליל,IL,שווארמה עוף טרי,קילוגרמים,0.00,"ק""ג",true,1,59.90,59.90,true,1,
7290005590108,false,כנפיים עוף טרי ארוז שופר,עוף הגליל,IL,כנפיים עוף טרי,קילוגרמים,0.00,"ק""ג",true,1,11.90,11.90,true,1,
7290005590122,false,קורקבן עוף טרי ארוז שופר,עוף הגליל,IL,קורקבן עוף טרי,קילוגרמים,0.00,"ק""ג",true,1,9.90,9.90,true,1,
7290005590139,false,חזה עוף חצוי טרי ארוז שו,עוף הגליל,IL,חזה עוף טרי,קילוגרמים,0.00,"ק""ג",true,1,31.90,31.90,true,1,
7290005590146,false,חזה עוף דק דק טרי ארוז ש,עוף הגליל,IL,חזה עוף דק טרי,קילוגרמים,0.00,"ק""ג",true,1,39.90,39.90,true,1,
7290005610127,false,תפוח אדמה גורמה דוד משה,אראל תוצרת חקלאית בע,IL,"תפו""א גורמה לבן",קילוגרמים,0.00,"ק""ג",true,1,6.90,6.90,true,1,
7290005651069,false,"מזון חתולים לה קט מיקס 2.85 ק""ג",דיפלומט מפיצים (1968) בעמ**,FR,לה קט מיקס,קילוגרמים,2.85,"ק""ג",false,0,59.90,21.02,true,1,
7290005651427,false,"בונזו מזון לכלבים מולטיפק 1.2 ק""ג מארז 3 יחידות",דיפלומט מפיצים (1968) בעמ**,FR,מעדן בונזו בשר3*,קילוגרמים,1.20,"ק""ג",false,0,18.00,15.00,true,1,
7290005678073,false,פלפל צ'ילי זהבי יחידה,עומר יבולים בעמ*שיק ל 60 יום*,IL,פלפל צ'ילי זהבי,יחידה,1.00,יחידה,false,0,5.90,5.90,true,1,
7290005678387,false,ענב אוטום רויאל -שחור,מושב לכיש,IL,ענב אוטום-שחור,קילוגרמים,0.00,"ק""ג",true,0,22.90,22.90,true,1,
7290005678417,false,טלי ענב לבן בוטיק ווינטר קינג,"בכורי השדה צפון1994 ג.ד. בע""מ",IL,ענב ווינטר קינג,קילוגרמים,0.00,"ק""ג",true,1,25.90,25.90,true,1,
7290005678585,false,ענבים אדומים סקרלוטה טלי,"בכורי השדה צפון1994 ג.ד. בע""מ",IL,ענבים סקרלוטה,קילוגרמים,0.00,"ק""ג",true,0,16.90,16.90,true,1,
7290005678790,false,פלפל מיקס חריף יחידה,קטיף.,IL,פלפל מיקס חריף,יחידה,1.00,יחידה,false,1,8.90,8.90,true,1,
7290005678868,false,פלפל חריף חלפיניו,קטיף.,IL,פלפל חריף חלפיני,גרמים,200.00,100 גרם,false,1,8.90,4.45,true,1,
7290005680052,false,טמפונים סופר פלוס אובה 32 יחידות,גונסון אנד גונסון,GR,טמפוני או-בה,יחידה,1.00,יחידה,false,0,23.90,23.90,true,1,
7290005718021,false,שטורדל גבינה,"גידרון תעשיות בע""מ",IL,שטרודל גבינה,יחידה,1.00,יחידה,false,0,27.90,27.90,true,1,
7290005718038,false,"שטרודל תפו""ע","גידרון תעשיות בע""מ",IL,"שטרודל תפו""ע",יחידה,1.00,יחידה,false,0,27.90,27.90,true,1,
7290005719677,false,סירופ בטעם שוקולד – 600 ג',"פוליבה בע""\מ",IL,סירופ ט. שוקולד,גרמים,600.00,100 גרם,false,1,14.90,2.48,true,1,
7290005838002,false,מעדן גבינה ויוגורט בטעם וניל 88 ג' דניאלה,שטראוס גרופ בעמ/מצונן,IL,מעדן דניאלה,גרמים,88.00,100 גרם,false,0,4.10,4.66,true,1,
7290005838613,false,קרם גבינה 3% בטעם וניל סקי (125 גרם),שטראוס גרופ בעמ/מצונן,IL,סקי מעדן גבינה,גרמים,125.00,100 גרם,false,0,3.70,2.96,true,1,
7290005838972,false,סקי יום יום גבינה לבנה %5 125 גרם,שטראוס גרופ בעמ/מצונן,IL,גבינת סקי,גרמים,125.00,100 גרם,false,0,3.10,2.48,true,1,
7290005839078,false,שמיניית יוגורט לבן 3% ביו דנונה 150 גרם,שטראוס גרופ בעמ/מצונן,IL,דנונה ביו 8 יח,קילוגרמים,1.20,"ק""ג",false,0,16.90,14.08,true,1,
7290005839108,false,גבינה לבנה סימפוניה עם תוספות 200 ג'+זיתים 5%,שטראוס גרופ בעמ/מצונן,IL,גבינת סימפוניה,גרמים,200.00,100 גרם,false,0,11.00,5.50,true,1,
7290005839313,false,מילקי Top עם שוקולדה מגולגלת 140 גרם,שטראוס גרופ בעמ/מצונן,IL,מילקי טופ,מיליליטרים,170.00,"100 מ""ל",false,0,4.90,2.88,true,1,
7290005896439,false,"בירה מכבי, בקבוק חוזר 500 מ''ל","טמפו משקאות בע""מ",IL,בירה מכבי,מיליליטרים,500.00,"100 מ""ל",false,0,6.60,1.32,true,1,
7290005896453,false,"בירה מכבי 7.9%, בירה חזקה, בקבוק חוזר 500 מ''ל",פארייפאבה אגרואינדוס,IL,בירה מכבי 7.9%,מיליליטרים,500.00,"100 מ""ל",false,1,7.00,1.40,true,1,
7290005938245,false,ממרח פסטו קלאסי פרסקו 220ג' מצונן,מיוצר עי פרסקו חצבה,IL,פסטו קלאסי,גרמים,220.00,100 גרם,false,0,18.90,8.59,true,1,
7290005966347,false,יין גמלא סובניון בלנק 750 מל,יקבי רמת הגולן קצרין,IL,סוביניון בלאן,מיליליטרים,750.00,"100 מ""ל",false,0,59.90,7.99,true,1,
7290005992018,false,"יוגורט עיזים לשתיה 3% מחלבות גד 500 מ""ל",מחלבות גד שיווק 1992 בעמ,IL,יוגורט חלב עיזים,מיליליטרים,500.00,"100 מ""ל",false,0,12.20,2.44,true,1,
7290005992247,false,גבינה חלומי 24% גד ב,מחלבות גד,IL,חלומי גד,קילוגרמים,0.00,"ק""ג",true,0,87.00,87.00,true,1,
7290005992575,false,גבינה בולגרית למריחה 5% גד (250 גרם),מחלבות גד שיווק 1992 בעמ,IL,בולגרית למריחה,גרמים,250.00,100 גרם,false,0,15.90,6.36,true,1,
7290005992735,false,לאבנה טבעית 5% 250 גר' - רבנות,מחלבות גד שיווק 1992 בעמ,IL,גבינת לאבנה גד5%,גרמים,250.00,100 גרם,false,0,12.50,5.00,true,1,
7290005992858,false,גבינת פטה עיזים במשק,יושלם,IL,פטה עיזים5% משקל,קילוגרמים,0.00,"ק""ג",true,0,119.00,119.00,true,1,
7290005992872,false,גב.צפתית במים 5% במשקל,מחלבות גד,IL,גבינה צפתית 5%,קילוגרמים,0.00,"ק""ג",true,0,64.00,64.00,true,1,
7290005996825,false,נקניקיות בקר בסגנון אמריקאי 280 גרם,מעדני יחיעם (1993) בעמ,IL,"נקנ"" בקר בסגנון",גרמים,280.00,100 גרם,false,1,22.90,8.18,true,1,
7290005996979,false,נקניק סלמי פרח יחיעם 200 גרם,מעדני יחיעם (1993) בעמ,IL,סלמי פרח 200 גרם,גרמים,200.00,100 גרם,false,1,26.90,13.45,true,1,
7290006185501,false,"פנינה רוזנבלום -אל סבון נוזלי ורוד,1 ליטר","פנינה רוזנבלום בע""מ",IL,סבון נוזלי ורוד,ליטרים,1.00,ליטר,false,0,8.90,8.90,true,1,
7290006199027,false,מאגדת גלידל וניל מצופה סורבה תות שדה [8],הגלידות של פלדמן,IL,שלגוני וניל מצופ,גרמים,600.00,100 גרם,false,0,31.90,5.32,true,1,
7290006199218,false,"שמיניית גלידל אייס מוקה ""פלדמן""",הגלידות של פלדמן,IL,גלידל קפוצ'ינו,גרמים,400.00,100 גרם,false,0,31.90,7.98,true,1,
7290006199942,false,"שמיניית גלידל פרי דובדבן ""פלדמן""",הגלידות של פלדמן,IL,פרי דובדבן 8יח,גרמים,640.00,100 גרם,false,0,23.90,3.73,true,1,
7290006214003,false,חלבה ממולאת א.חלב נכ,אל מנאר,IL,חלבה ממולאת,קילוגרמים,0.00,"ק""ג",true,1,59.00,59.00,true,1,
7290006222497,false,פקאן מצופה בטעמים במ,"דין שיווק וקלייה בע""",IL,פקאן בטעמים,גרמים,0.00,"ק""ג",true,1,99.00,99.00,true,1,
7290006229427,false,סן בנדטו - מים מינרלים - מארז שישיית 500 מל,טמפו משקאות בע`מ,IT,סאן בנדטו 6 יח',ליטרים,3.00,ליטר,false,0,13.90,4.63,true,1,
7290006241504,false,"משקה תפוזים קפוא פריגת 340 מ""ל",החברה המרכזית טלהפצת משקאות בע,IL,פריגת תפוזים,מיליליטרים,280.00,"100 מ""ל",false,0,13.90,4.96,true,1,
7290006241535,false,"משקה מנגו קפוא פריגת 340 מ""ל",*החברה המרכזית להפצת משקאותבעמ,IL,פריגת מנגו פרי,מיליליטרים,280.00,"100 מ""ל",false,0,13.90,4.96,true,1,
7290006251107,false,תה מסאלה צ'אי ויסוצקי 25 יחידות,תה ויסוצקי (ישראל) בעמ,IL,תה צ'אי מסאלה,גרמים,50.00,100 גרם,false,0,18.90,37.80,true,1,
7290006251275,false,תה ירוק סיני קלאסי ויסוצקי 25 יחידות,תה ויסוצקי (ישראל) בעמ,IL,תה ירוק סיני,גרמים,37.00,100 גרם,false,0,24.90,67.30,true,1,
7290006251343,false,חליטת פסיפלורה מנגו הגן הקסום ויסוצקי 25 יחידות,תה ויסוצקי (ישראל) בעמ,IL,חליטת פסיפלורה,גרמים,62.00,100 גרם,false,0,18.90,30.48,true,1,
7290006251374,false,תה ירוק לימונית וג'ינג'ר ויסוצקי 25 יחידות,תה ויסוצקי (ישראל) בעמ,IL,תה ירוק לימונית,גרמים,37.00,100 גרם,false,0,24.90,67.30,true,1,
7290006251589,false,תה ירוק עם עלי נענע 50 שקיקים ויסוצקי,תה ויסוצקי (ישראל) בעמ,IL,תה ירוק נענע,גרמים,75.00,100 גרם,false,0,39.90,53.20,true,1,
7290006256089,false,"יין אדום קברנה סוביניון גאטו נגרו 750 מ""ל",היכל היין שקד גולן בעמ,AR,גאטו נגרו קברנה,מיליליטרים,750.00,"100 מ""ל",false,0,39.90,5.32,true,1,
7290006256775,false,"יין גאטו נגרו מלבק 750 מ""ל",היכל היין שקד גולן בעמ,AR,גאטו נגרו מלבק,מיליליטרים,750.00,"100 מ""ל",false,0,39.90,5.32,true,1,
7290006271174,false,ג'חנון לאפיה בתנור מעדנות 700 גרם,תנובה מרכז שיתופי לשיווק תוצרת,IL,ג'חנון בצק,גרמים,700.00,100 גרם,false,0,19.40,2.77,true,1,
7290006271181,false,ג'חנון אפוי למיקרוגל מעדנות 750 גרם,תנובה מרכז שיתופי לשיווק תוצרת,IL,ג'חנון אפוי,גרמים,750.00,100 גרם,false,0,25.60,3.41,true,1,
7290006271648,false,מיני בורקס תפוח אדמה מעדנות (800 גרם),תנובה מרכז שיתופי לשיווק תוצרת,IL,"מיני בורקס תפו""א",גרמים,800.00,100 גרם,false,1,22.70,2.84,true,1,
7290006271655,false,מיני בורקס במילוי גבינה מעדנות (800 גרם),תנובה מרכז שיתופי לשיווק תוצרת,IL,מיני בורקס גבינה,גרמים,800.00,100 גרם,false,1,26.90,3.36,true,1,
7290006272072,false,חטיפי פיצה גבינה מעדנות 650 גרם,תנובה קפואים,IL,חטיפי פיצה גבינה,גרמים,650.00,100 גרם,false,1,33.90,5.22,true,1,
7290006272430,false,בצק עלים חמאה חלבי מעדנות (600 גרם),מיוצר עי קונדיטוריית,IL,בצק עלים חמאה,גרמים,600.00,100 גרם,false,0,28.60,4.77,true,1,
7290006306296,false,רביולי במילוי גבינה לילדים 400 ג' פסטה נונה,דורום תעשיות מזון ופסטה,IL,רביולי גבינה,גרמים,400.00,100 גרם,false,0,23.90,5.98,true,1,
7290006306302,false,רביולי במילוי גבינות פרמזן ריקוטה 400 ג' פסטה נונה,דורום תעשיות מזון ופסטה,IL,רביולי גבינה,גרמים,400.00,100 גרם,false,0,23.90,5.98,true,1,
7290006306319,false,רביולי במילוי בטטה 400 ג' פסטה נונה,דורום תעשיות מזון ופסטה,IL,רביולי בטטה,גרמים,400.00,100 גרם,false,0,23.90,5.98,true,1,
7290006306357,false,רביולי במילוי גבינת עיזים 400 ג' פסטה נונה,דורום תעשיות מזון ופסטה,IL,רביולי גבינה,גרמים,400.00,100 גרם,false,0,22.90,5.73,true,1,
7290006322104,false,לחם ריחיים קל פרוס 500גר,מאפיית דוידוביץ ובניו בע,IL,לחם רחיים קל,גרמים,500.00,100 גרם,false,0,14.90,2.98,true,1,
7290006322111,false,לחמניות ריחיים 80*6 גרם,מאפיית דוידוביץ ובניו בע,IL,לחמניות ריחיים,גרמים,480.00,100 גרם,false,0,12.90,2.69,true,1,
7290006322197,false,לחמנ.הבית כפולות 125X4גר,מאפיית דוידוביץ ובניו בע,IL,4 לחמניות הבית,גרמים,500.00,100 גרם,false,0,14.50,2.90,true,1,
7290006322838,false,לחם מקמח מלא דוידובי,מאפיית דוידוביץ ובניו בע,IL,לחם קמח מלא,גרמים,750.00,100 גרם,false,0,13.50,1.80,true,1,
7290006342645,false,טורטיה גדולה שקדיה 840 גרם 12 יחידות,דין שיווק וקליה 2021 בעמ,TR,טורטיות 12 יח',גרמים,840.00,100 גרם,false,0,14.90,1.77,true,1,
7290006374660,false,שמן זית כתית לתיבול קלאסי יד מרדכי 1 ליטר,מכוורת יד מרדכי שטראוס ב,IL,שמן זית 2 קלאסי,ליטרים,1.00,ליטר,false,0,42.90,42.90,true,1,
7290006374738,false,קונפיטורה תות יד מרדכי בטעם תות,אף.סי תבליני בגליל ב,IL,קונפיטורה תות,גרמים,340.00,100 גרם,false,0,11.90,3.50,true,1,
7290006385178,false,לחם שאור עם אגוזים+צימוק,"גידרון תעשיות בע""מ",IL,לחם שאור+אגוזים,גרמים,525.00,100 גרם,false,0,16.90,3.22,true,1,
7290006390745,false,שבלול עם צימוקים קפוא,"גידרון תעשיות בע""מ",IL,שבלול עם צימוקים,יחידה,1.00,יחידה,false,0,4.50,4.50,true,1,
7290006390752,false,חלה מתוקה עגולה 500 גרם,"גידרון תעשיות בע""מ",IL,חלה מתוקה עגול,יחידה,1.00,יחידה,false,0,12.90,12.90,true,1,
7290006391025,false,בייגלה ירושלמי קפוא,"גידרון תעשיות בע""מ",IL,ביגלה ירושלמי,יחידה,1.00,יחידה,false,0,5.50,5.50,true,1,
7290006448040,false,גבינת שמנת שום שמיר נפוליאון 25% שומן 800 ג',תנובה,IL,גבינת נפוליאון,קילוגרמים,0.00,"ק""ג",true,1,40.00,40.00,true,1,
7290006464170,false,אוסובוקו עגל פרוס קפוא ק,לאטי עזרא,IL,אוסובוקו,קילוגרמים,0.00,"ק""ג",true,0,59.90,59.90,true,1,
7290006492432,false,גבינה מוצרלה בייבי 18% גד (150 גרם),מחלבות גד שיווק 1992 בעמ,IL,גבינה מוצרלה,גרמים,150.00,100 גרם,false,0,13.90,9.27,true,1,
7290006492616,false,גבינה בולגרית מעודנת פרוסות 5% גד 250 גרם,מחלבות גד שיווק 1992 בעמ,IL,גבינה בולגרית,גרמים,250.00,100 גרם,false,0,26.80,10.72,true,1,
7290006492630,false,גבינת פרומעז עיזים 22% גד 180 גרם,מחלבות גד שיווק 1992 בעמ,IL,גליל גבינת עיזים,גרמים,180.00,100 גרם,false,0,22.90,12.72,true,1,
7290006492685,false,גבינת לאבנה עיזים 5% גד (250 גרם),מחלבות גד שיווק 1992 בעמ,IL,לאבנה עיזים גד,גרמים,250.00,100 גרם,false,0,17.40,6.96,true,1,
7290006492852,false,גבינת עיזים למריחה 5% 250 גרם רובין,מחלבות גד שיווק 1992 בעמ,IL,גבינת עיזים גד,גרמים,250.00,100 גרם,false,0,16.50,6.60,true,1,
7290006492913,false,גבינת לאבנה ציזיקי 5% מחלבות גד 250 גרם,מחלבות גד שיווק 1992 בעמ,IL,ציזיקי למריחה,גרמים,250.00,100 גרם,false,0,13.20,5.28,true,1,
7290006494597,false,מרמולייט סירופ בטעם תפוחים 1ליטר,זנלכל,IL,תרכיז תפוחים,ליטרים,1.00,ליטר,false,0,18.90,18.90,true,1,
7290006494924,false,טוסו וופל קלאסי במילוי קרם לימון 200 גרם,"דנשר (1963) בע,מ",IL,ופלים טוסו,גרמים,200.00,100 גרם,false,1,9.80,4.90,true,1,
7290006511157,false,פטריות שמפניון שלמות וילי פוד (400 גרם),ג.וילי-פוד אינטרנשיונל בעמ,PL,פטריות שלמות,גרמים,400.00,100 גרם,false,0,8.00,2.00,true,1,
7290006541901,false,ממרח שום 180גרם מוטי,"איטיליאן פוד, אס.פי.",IL,ממרח שום מוטי שף,גרמים,180.00,100 גרם,false,0,21.30,11.83,true,1,
7290006550972,false,בשר בקר קפוא טחון מהדרין עטרה (1 קג),טיבון ויל אחזקות בעמ,IL,טחון בקר 1קג,גרמים,1000.00,100 גרם,false,0,34.90,3.49,true,1,
7290006559388,false,"יורט סגנון של יוגורט 850 גרם ""בופלו""",מחלבת חוות הבופאלו,IL,יורט ביו ביו,גרמים,850.00,100 גרם,false,0,24.90,2.93,true,1,
7290006559784,false,דבקה גבינה צ'רקסית 250גר,מחלבת חוות הבופאלו,IL,גבינה צ'רקסית,גרמים,250.00,100 גרם,false,1,27.90,11.16,true,1,
7290006567048,false,פתיתי קוסקוס ישראלי אסם (350 גרם),קבוצת אוסם סחר שותפות מוגבלת,IL,פתיתי קוסקוס,גרמים,350.00,100 גרם,false,0,7.90,2.26,true,1,
7290006582355,false,סילאן סירופ 900 גרם שקדיה,דין שיווק וקליה 2021 בעמ,TR,סילאן,גרמים,900.00,100 גרם,false,0,10.00,1.11,true,1,
7290006582669,false,גרנולה 800 גרם אגוזים שקדיה (12 יח`),קונסיגנציה-דין שיווק וקליה 202,IL,תערובת בריאות,גרמים,800.00,100 גרם,false,0,17.90,2.24,true,1,
7290006582751,false,גרנולה 800 גרם פירות שקדיה (12יח`),קונסיגנציה-דין שיווק וקליה 202,IL,תערובת בריאות,גרמים,800.00,100 גרם,false,0,17.90,2.24,true,1,
7290006618078,false,"מרסס לניקוי יסודי מטבח אסטוניש 750 מ""ל","יעקב יעקבי ובניו בע""מ",GB,אסטוניש מרסס,מיליליטרים,750.00,"100 מ""ל",false,0,12.90,1.72,true,1,
7290006618085,false,"אסטוניש תרסיס ניקוי אמבטיה וכיורים יעקבי 750 מ""ל",יעקב יעקבי ובניו בע`מ,GB,אסטוניש מרסס,מיליליטרים,750.00,"100 מ""ל",false,0,12.90,1.72,true,1,
7290006618146,false,"מדליק פחמים נוזלי הפי יעקבי 500 מ""ל","יעקב יעקבי ובניו בע""מ",NL,הפי מדליק פחם,מיליליטרים,500.00,"100 מ""ל",false,0,15.90,3.18,true,1,
7290006644480,false,תפוזינה תפוזים 0.5 ליטר,יפאורה שותפות מובגלת לשיווק,IL,תפוזינה תפוז,מיליליטרים,500.00,"100 מ""ל",false,0,5.50,1.10,true,1,
7290006644510,false,"מיץ ענבים 500 מ""ל תפוזינה",יפאורה שותפות מוגבלת לשיווק,IL,תפוזינה ענבים,מיליליטרים,500.00,"100 מ""ל",false,0,5.50,1.10,true,1,
7290006644527,false,תפוזינה תות בננה 0.5 ליטר,יפאורה שותפות מוגבלת לשיווק,IL,תפוזינה תות בננה,מיליליטרים,500.00,"100 מ""ל",false,0,5.50,1.10,true,1,
7290006651570,false,"קמיל בלו אל סבון ושמפו לתינוק ד""ר פישר 750 מ""ל","פישר תעשיות פרמצבטיות בע""מ",IL,שמפו/אל סבון,מיליליטרים,750.00,"100 מ""ל",false,0,17.90,2.39,true,1,
7290006652027,false,במבה חטיף בוטנים אסם 20*15 גרם,קבוצת אוסם סחר שותפות מוגבלת,IL,במבה 20 יח',גרמים,300.00,100 גרם,false,0,23.90,7.97,true,1,
7290006653819,false,קוסקוס אמיתי דק בשקית 350 גרם,קבוצת אוסם סחר שותפות מוגבלת,IL,קוסקוס דק,גרמים,350.00,100 גרם,false,0,7.90,2.26,true,1,
7290006664037,false,גמדים סופר ארוחת בוקר דגנים 4*100גר,שטראוס גרופ בעמ/מצונן,IL,מארז גמדים 4 יח,גרמים,400.00,100 גרם,false,0,10.00,2.50,true,1,
7290006664051,false,"אקטימל לבן 1.51 ק""ג מארז 14 יחידות",שטראוס גרופ בעמ/מצונן,IL,אקטימל מארז14יח',ליטרים,1.40,ליטר,false,0,29.90,21.36,true,1,
7290006664402,false,גבינה לבנה סקי 5% שומן 750 גרם,שטראוס גרופ בעמ/מצונן,IL,גבינת סקי5%,גרמים,750.00,100 גרם,false,0,14.94,1.99,true,1,
7290006664532,false,יוגורט עם תות 3% שומן 150 ג' דנונה,שטראוס גרופ בעמ/מצונן,IL,דנונה תות 3%,גרמים,150.00,100 גרם,false,0,3.90,2.60,true,1,
7290006664655,false,דנונה Actimel יוגורט טבעי 8*100 מ``ל,שטראוס גרופ בעמ/מצונן,IL,אקטימל לבן 8 יח,מיליליטרים,800.00,"100 מ""ל",false,0,20.90,2.61,true,1,
7290006664693,false,יוגורט עם אפרסק 3% שומן 150 ג' דנונה,שטראוס גרופ בעמ/מצונן,IL,דנונה אפרסק %3,גרמים,150.00,100 גרם,false,0,3.90,2.60,true,1,
7290006664990,false,"יוגורט דנונה ביו לבן 1.7% שומן 8*150 מ""ל",שטראוס גרופ בעמ/מצונן,IL,דנונה ביו 8 יח',קילוגרמים,1.20,"ק""ג",false,0,16.90,14.08,true,1,
7290006681003,false,גלידה קרמיסימו סרבט תות לימון 650 גרם,"גלידת שטראוס בע""\מ, רחוב",IL,קרמיסימו פרווה ת,ליטרים,1.33,ליטר,false,0,18.90,14.21,true,1,
7290006681577,false,מאגדת קרחון אסקימו לימון דובדובן 10 יח' שטראוס,"מיוצר ע""\י גלידת שטראוס",IL,מאגדת אסקימו,גרמים,700.00,100 גרם,false,0,16.90,2.41,true,1,
7290006712684,false,ספיד סטיק 24/7 סטיק כחול,קולגייט פלמוליב,US,דאודורנט,גרמים,50.00,100 גרם,false,0,16.90,33.80,true,1,
7290006712981,false,"משחת שיניים קולגייט ספיידרמן מגיל שש 50 מ""ל",הנסיך- מפעל לייצור ט,PL,משחת שיניים,מיליליטרים,50.00,"100 מ""ל",false,0,11.90,23.80,true,1,
7290006714428,false,רגל עגל פרוס קפוא קג,לאטי עזרא גלם ודגים,IL,רגל עגל פרוס,קילוגרמים,0.00,"ק""ג",true,0,35.90,35.90,true,1,
7290006738615,false,קבב פרימיום זהב 100% בשר זוגלובק 400 ג',נקניק נהריה כשר זוגל,IL,קבב זהב 400 גרם,גרמים,400.00,100 גרם,false,0,19.90,4.98,true,1,
7290006739247,false,פסטרמה איטלקית זוגלו,זוגלובק,IL,פסטרמה איטלקית,קילוגרמים,0.00,"ק""ג",true,0,85.00,85.00,true,1,
7290006739407,false,שניצל תירס לייט זוגלובק (630 גרם),נקניק נהריה כשר זוגל,IL,שניצל תירס,גרמים,630.00,100 גרם,false,0,27.90,4.43,true,1,
7290006739414,false,נקניק סלמי קוניאק זוגלובק 300 גרם,נקניק נהריה כשר זוגל,IL,סלמי קוניאק,גרמים,300.00,100 גרם,false,0,28.70,9.57,true,1,
7290006739421,false,נקניק סלמי מעושן איטלקי זוגלובק 300 גרם,נקניק נהריה כשר זוגל,IL,סלמי מעושן,גרמים,300.00,100 גרם,false,0,28.70,9.57,true,1,
7290006739445,false,שניצל תירס קלאסי 750 ג' זוגלובק,נקניק נהריה כשר זוגל,IL,שניצל תירס,גרמים,750.00,100 גרם,false,0,24.70,3.29,true,1,
7290006739544,false,כתף בקר 3% שומן זוגלובק (300 גרם),נקניק זוגלובק נהריה,IL,כתף בקר,גרמים,300.00,100 גרם,false,0,29.90,9.97,true,1,
7290006742179,false,קבב מזרחי זוגלובק 400 גרם,נקניק נהריה כשר זוגל,IL,קבב מזרחי,גרמים,400.00,100 גרם,false,0,19.90,4.98,true,1,
7290006742278,false,פסטרמה הודו צלויה על לבנים 330 ג' זוגלובק,נקניק נהריה כשר זוגל,IL,פסטרמה צלויה,גרמים,330.00,100 גרם,false,0,26.90,8.15,true,1,
7290006742292,false,פסטרמה הודו בדבש 330 ג' זוגלובק,נקניק נהריה כשר זוגל,IL,פסטרמה בדבש,גרמים,330.00,100 גרם,false,0,26.90,8.15,true,1,
7290006748072,false,"זר פרחים צבעוני ""פרחי דיאן""",פרחי ליידי דיאן,IL,1 ע צ י ץ,יחידה,1.00,יחידה,false,0,35.00,35.00,true,1,
7290006748096,false,זר פרחים מיוחד,פרחי ליידי דיאן,IL,זר סחלב,יחידה,1.00,יחידה,false,0,50.00,50.00,true,1,
7290006748133,false,"זר פרחים רגיל ""פרחי דיאן""",פרחי ליידי דיאן,IL,זר פרחים בינוני,יחידה,1.00,יחידה,false,0,25.00,25.00,true,1,
7290006748157,false,"זר פרחים 3 ""פרחי דיאן""",פרחי ליידי דיאן,IL,זר מיוחד,יחידה,1.00,יחידה,false,0,30.00,30.00,true,1,
7290006753939,false,קבב ג`מבו מזרחי מעדני הטלה 600 גר`,מעדני הטלה והעגל,IL,קבב ג'מבו מזרחי,גרמים,600.00,100 גרם,false,1,39.90,6.65,true,1,
7290006753953,false,המבורגר אנטריקוט מעדני הטלה 500 גר`,מעדני הטלה והעגל,IL,המבורגר אנטריקוט,גרמים,500.00,100 גרם,false,1,44.90,8.98,true,1,
7290006764065,false,בירה נשר מאלט ללא אלכוהול 500 מל,"טמפו משקאות בע""\ם.",IL,בירה נשר מאלט,מיליליטרים,500.00,"100 מ""ל",false,0,5.20,1.04,true,1,
7290006764072,false,"בירה גולדסטאר בקבוק 500 מ""ל חוזר","טמפו משקאות בע""\מ",IL,בירה גולדסטאר,מיליליטרים,500.00,"100 מ""ל",false,0,7.60,1.52,true,1,
7290006764096,false,"בירה איגל 3.8% בקבוק 500 מ""ל חוזר","טמפו משקאות בע""\מ",IL,בירה איגל,מיליליטרים,500.00,"100 מ""ל",false,1,5.90,1.18,true,1,
7290006764157,false,"בירה גולדסטאר Unfiltered, בירה לא מסוננת, בקבוק חוזר 500 מ""ל",פארייפאבה אגרואינדוס,IL,בירה גולדסטאר,מיליליטרים,500.00,"100 מ""ל",false,1,7.90,1.58,true,1,
7290006764485,false,"בירה שחורה נשר מאלט שישייה ח""פ 330*6 מ''ל","טמפו משקאות בע""\ם.",IL,נשר מאלט 6 יח,ליטרים,1.98,ליטר,false,0,30.30,15.30,true,1,
7290006765000,false,טורטיה מקמח מלא שקדיה 540 גרם,דין שיווק וקליה 2021 בעמ,TR,אורטיות 8 יח',גרמים,540.00,100 גרם,false,0,12.80,2.37,true,1,
7290006765871,false,שקד טבעי ענק במשקל,"דין שיווק וקלייה בע""",IL,שקד טבעי,גרמים,0.00,"ק""ג",true,0,69.00,69.00,true,1,
7290006788399,false,"דאו רול און נושם סנסיטיב ירוק קרליין 75 מ""ל",החברה הדרומית לשיווק בעמ,IL,דאודורנט קרליין,מיליליטרים,75.00,"100 מ""ל",false,0,12.90,17.20,true,1,
7290006788405,false,"קרליין - נושם אקטיב דאודורנט רול און לאישה ברודו 75 מ""ל",החברה הדרומית לשיווק בעמ,IL,דאודורנט קרליין,מיליליטרים,75.00,"100 מ""ל",false,0,12.90,17.20,true,1,
7290006788429,false,"קרליין - נושם סאן רייס דאודורנט רול און לאישה כתום 75 מ""ל",החברה הדרומית לשיווק בעמ,IL,דאודורנט קרליין,מיליליטרים,75.00,"100 מ""ל",false,0,12.90,17.20,true,1,
7290006788436,false,"קרליין - נושם פיור דאודורנט רול און לאישה ורוד 75 מ""ל",החברה הדרומית לשיווק בעמ,IL,דאודורנט קרליין,מיליליטרים,75.00,"100 מ""ל",false,0,12.90,17.20,true,1,
7290006788443,false,"קרליין - נושם אוקסיג'ן דאודורנט רול און לאישה סגול 75 מ""ל",החברה הדרומית לשיווק בעמ,IL,דאודורנט קרליין,מיליליטרים,75.00,"100 מ""ל",false,0,12.90,17.20,true,1,
7290006788481,false,"קרליין - נושם סאן רייס דאודורנט ספריי לאישה כתום 200 מ""ל",החברה הדרומית לשיווק בעמ,IL,דאודורנט קרליין,מיליליטרים,200.00,"100 מ""ל",false,0,11.90,5.95,true,1,
7290006788504,false,"קרליין - נושם אוקסיג'ן דאודורנט ספריי לאישה סגול 200 מ""ל",החברה הדרומית לשיווק בעמ,IL,דאודורנט קרליין,מיליליטרים,200.00,"100 מ""ל",false,0,11.90,5.95,true,1,
7290006789631,false,קרליין קרם לחות לשיער רגיל 400 גרם,החברה הדרומית לשיווק בעמ,IL,קרם לחות לשיער,מיליליטרים,400.00,"100 מ""ל",false,0,16.90,4.23,true,1,
7290006789655,false,"קרם לחות לסירוק קל לשיער מתולתל ומקורזל 10 קרליין 400 מ""ל",החברה הדרומית לשיווק בעמ,IL,קרם לחות לשיער,מיליליטרים,400.00,"100 מ""ל",false,0,16.90,4.23,true,1,
7290006805355,false,"פילסברי, כדורים בטעם שוקולד, תערובת להכנת כדורים בטעם שוקולד. 500 גרם.",הדקלאים אגודת שיתופי,IL,כדורי שוקולד,גרמים,500.00,100 גרם,false,0,17.90,3.58,true,1,
7290006805850,false,פילסברי פנקייק תערובת להכנת חביתיות,הדקלאים אגודת שיתופי,IL,תערובת לפנקייק,גרמים,500.00,100 גרם,false,0,17.90,3.58,true,1,
7290006822192,false,נקטר דיאט חמוציות אושן ספריי פריגת 1 ליטר,החברה המרכזית להפצת משקאות בעמ,IL,אושן ספריי,ליטרים,1.00,ליטר,false,0,11.90,11.90,true,1,
7290006855183,false,חטיף תמרים אגוזי מלך 4 יח`במארז ברבריא,טבעית מוצרים מן הטבע,IL,חטיפי ברבריא 4יח,גרמים,120.00,100 גרם,false,0,16.90,14.08,true,1,
7290006855190,false,חטיף תמרים ואגוזי מלך עם בננה ללא תוספת סוכר,טבעית מוצרים מן הטבע בעמ,IL,חטיף ברבריא,גרמים,120.00,100 גרם,false,1,16.90,14.08,true,1,
7290006855244,false,ברבריא חטיף שקדים צימוקים ודבש 120 גרם,טבעית מוצרים מן הטבע בעמ,IL,חטיפי ברבריא,גרמים,108.00,100 גרם,false,0,16.90,15.65,true,1,
7290006866363,false,מיץ סחוט אשכוליות אדומות פרימור 1 ליטר,שטראוס גרופ בעמ/מצונן,IL,מיץ אשכולית סחוט,ליטרים,1.00,ליטר,false,0,15.80,15.80,true,1,
7290006873361,false,גוורצטרמינר חצי יבש750מ,יקבי ירושליים,IL,גוורצטרמינר,מיליליטרים,750.00,"100 מ""ל",false,1,44.90,5.99,true,1,
7290006983152,false,קרוטונים מתובלים למרק אסם (400 גרם),קבוצת אוסם סחר שותפות מוגבלת,IL,קרוטונים מתובלים,גרמים,400.00,100 גרם,false,0,19.60,4.90,true,1,
7290006983176,false,קרקר לחמית שיפון אסם (230 גרם),קבוצת אוסם סחר שותפות מוגבלת,IL,לחמית שיפון אסם,גרמים,230.00,100 גרם,false,0,9.50,4.13,true,1,
7290006983763,false,עוגת הבית בטעם שוקולד אסם (400 גרם),קבוצת אוסם סחר שותפות מוגבלת,IL,עוגת שוקולד,גרמים,400.00,100 גרם,false,0,11.90,2.98,true,1,
7290006983770,false,עוגת הבית שיש אסם (400 גרם),קבוצת אוסם סחר שותפות מוגבלת,IL,עוגת שיש,גרמים,400.00,100 גרם,false,0,11.90,2.98,true,1,
7290006983787,false,עוגת הבית שוקולד צ'יפס אסם 400 גרם,קבוצת אוסם סחר שותפות מוגבלת,IL,עוגת שוקוצ'יפס,גרמים,400.00,100 גרם,false,0,11.90,2.98,true,1,
7290006983794,false,עוגת הבית בטעם תפוז אסם 400 גרם,קבוצת אוסם סחר שותפות מוגבלת,IL,עוגת תפוז,גרמים,400.00,100 גרם,false,0,11.90,2.98,true,1,
7290006992161,false,מטרנה - דייסת קורנפלור פרוביוטי 200 גרם,קבוצת אוסם סחר שותפות מוגבלת,IL,דייסת מטרנה,גרמים,200.00,100 גרם,false,0,13.90,6.95,true,1,
7290006992390,false,"מטרנה - דייסת וניל פרוביוטי כשל""פ 200 גרם",קבוצת אוסם סחר שותפות מוגבלת,IL,דייסת וניל מטרנה,גרמים,200.00,100 גרם,false,0,13.90,6.95,true,1,
7290008000796,false,"סופרמן משחת שיניים לילדים בטעם פירות כצט 50 מ""ל",גורי ע.ע.ע. בע`מ,IL,משחת שיניים,מיליליטרים,50.00,"100 מ""ל",false,0,10.90,21.80,true,1,
7290008101356,false,קריספ פאנקו זהב 300 גרם מיימונס,א.ל ייצור ושיווק תבלינים בעמ,IL,פנקו זהוב קריספ,גרמים,300.00,100 גרם,false,1,8.90,2.97,true,1,
7290008104050,false,"פמינה - שטיפה אינטימית קלאסית 220 מ""ל",גורי ע.ע.ע. בע`מ,IL,תחליב פמינה,מיליליטרים,220.00,"100 מ""ל",false,0,22.90,10.41,true,1,
7290008116541,false,שטיפת פה ליסטרין מנטה קריר 500 מ`ל,ג'\ונסון אנד ג'\ונסון,IT,מי פה ליסטרין,מיליליטרים,500.00,"100 מ""ל",false,0,17.90,3.58,true,1,
7290008116565,false,שטיפת פה ליסטרין מנטה מרענן 500 מ`ל,ג'\ונסון אנד ג'\ונסון,IT,מי פה ליסטרין,מיליליטרים,500.00,"100 מ""ל",false,0,17.90,3.58,true,1,
7290008154222,false,עוף טוב שניצלונים 700 גרם,קבוצת אוסם סחר-שות.מוגבלת,IL,שניצלונים 700ג,גרמים,700.00,100 גרם,false,0,19.90,2.84,true,1,
7290008175173,false,חמאה מפינלנד ללא מלח 200 גרם ויליפוד,ג.וילי-פוד אינטרנשיונל **גבינו,FI,חמאה ווליו,גרמים,200.00,100 גרם,false,0,11.90,5.95,true,1,
7290008175814,false,וילי פוד פטריות שמפיניון חתוך בדץ 400ג,ג.וילי פוד אינטרנשיונל בעמ,PL,פטריות חתוכות,גרמים,400.00,100 גרם,false,0,4.90,1.23,true,1,
7290008190909,false,עוגיות מיני קוקיס שוקולד צ'יפס בצנצנת כרמית 600 גרם,כרמית תעשיות ממתקים בעמ,IL,מיני קוקיס,גרמים,600.00,100 גרם,false,0,17.90,2.98,true,1,
7290008263023,false,פסטה פוסילי מלא אורגני הרדוף 500 גרם,פסטיפיסוי פליצ'טי,IT,פוסילי אורגני,גרמים,500.00,100 גרם,false,0,10.90,2.18,true,1,
7290008263054,false,ספגטי מלא אורגני הרדוף 500 גרם,פסטיפיסוי פליצ'טי,IT,ספגטי קמח מלא,גרמים,500.00,100 גרם,false,0,10.90,2.18,true,1,
7290008263597,false,קוואקר אורגני הרדוף 500 גרם,אול אורגני,IL,קוואקר אורגני,גרמים,500.00,100 גרם,false,0,10.90,2.18,true,1,
7290008263641,false,קוואקר עדין אורגני 500 גרם - הרדוף,אול אורגני,IL,קוואקר אורגני,גרמים,500.00,100 גרם,false,0,10.90,2.18,true,1,
7290008263658,false,"משקה סויה ללת""ס אורגני 1 ליטר",ליקואטס,ES,"משקה סויה ללת""ס",ליטרים,1.00,ליטר,false,0,12.90,12.90,true,1,
7290008263764,false,פסטה פוזילי טריקולור אורגנית 500 גר,פסטיפיסוי פליצ'טי,IT,פוזילי אורגני,גרמים,500.00,100 גרם,false,0,14.90,2.98,true,1,
7290008268455,false,קיווי ישראלי בראשית,בראשית - אגודה שיתופית חקלאית-,IL,קיווי במארז,יחידה,1.00,יחידה,false,1,16.90,16.90,true,1,
7290008328913,false,סילאן טבעי 100% 900 גרם יורו פוד,בני ג ורג שוקחה (חיפה) בעמ,TR,סילאן תמרים טהור,גרמים,900.00,100 גרם,false,0,21.70,2.41,true,1,
7290008340618,false,סלמון מעושן מצונן דלידג 100 ג',נטו מילנדה סחר בעמ*,IL,סלמון מעושן,גרמים,100.00,100 גרם,false,0,19.90,19.90,true,1,
7290008343466,false,בצק פילו שלושת האופים (500 גרם),שלושת האופים שגמור,IL,בצק פילו 500 גרם,גרמים,500.00,100 גרם,false,0,19.90,3.98,true,1,
7290008343558,false,סיגרים במילוי בשר פיקנטי 1 ק``ג קפוא,נטו מלינדה סחר בע`מ,IL,סיגרים פיקנטי,קילוגרמים,1.00,"ק""ג",false,0,19.90,19.90,true,1,
7290008343565,false,"סיגרים תפו""א 1 ק""ג שלושת האופים",נטו מלינדה סחר בעמ,IL,"סיגרים תפו""א",קילוגרמים,1.00,"ק""ג",false,0,19.90,19.90,true,1,
7290008343572,false,אגרול סיני 1 קג -שלושת האופים,נטו מלינדה סחר בע`מ,IL,אגרול סיני,גרמים,1000.00,100 גרם,false,0,21.90,2.19,true,1,
7290008343602,false,"קובה בשר 1 ק""ג שלושת האופים",נטו מלינדה סחר בעמ,IL,קובה במילוי בשר,קילוגרמים,1.00,"ק""ג",false,0,21.90,21.90,true,1,
7290008343619,false,"פסטלים תפו""א שלושת האופים 1 ק""ג",נטו מלינדה סחר בע`מ,IL,"פסטלים תפו""א",קילוגרמים,1.00,"ק""ג",false,0,19.90,19.90,true,1,
7290008343626,false,"כדורי פלאפל 1 ק""ג שלושת האופים",נטו מלינדה סחר בע`מ,IL,פלאפל 1 ק'ג,גרמים,1000.00,100 גרם,false,0,21.90,2.19,true,1,
7290008344258,false,המבורגר מיזרחי 400 גר`טיבונוויל,"טיבון ויל אחזקות בע""\מ",IL,המבורגר מזרחי,גרמים,400.00,100 גרם,false,0,20.90,5.23,true,1,
7290008344272,false,המבורגר 100% טיבון ויל 400 גרם,טיבון ויל אחזקות בעמ,IL,המבורגר בקר,גרמים,400.00,100 גרם,false,0,20.90,5.23,true,1,
7290008345132,false,הרינג כבוש דלידג 240 ג',נטו מלינדה סחר בעמ,IL,הרינג כבוש,גרמים,240.00,100 גרם,false,0,24.90,10.38,true,1,
7290008345170,false,מקרל חצאים מעושן דלי,נטו מלינדה סחר בע`מ,IL,מקרל מעושן,קילוגרמים,0.00,"ק""ג",true,0,105.00,105.00,true,1,
7290008345576,false,סלט איקרה ביתית לבנה 300 גרם דלידג,נטו מלינדה סחר בע`מ,IL,איקרה ביתית לבנה,גרמים,300.00,100 גרם,false,0,19.90,6.63,true,1,
7290008345583,false,סלט איקרה ביתית ורודה דלידג (300 גרם),נטו מלינדה סחר בע`מ,IL,איקרה ביתית,גרמים,300.00,100 גרם,false,0,19.90,6.63,true,1,
7290008403191,false,גבינת קשקבל בשלה במשקל,לקטיס סאן וינשנטה,ES,גבינת קשקבל,קילוגרמים,0.00,"ק""ג",true,0,115.00,115.00,true,1,
7290008403238,false,גבינת ברי צרפתית32% משקל,קואופורטיב איסיני סנט מר,FR,גבינת ברי,קילוגרמים,0.00,"ק""ג",true,1,132.00,132.00,true,1,
7290008403863,false,גבינת גאודה חצי קשה משקל,הנרי וויליך,NL,גבינת גאודה,קילוגרמים,0.00,"ק""ג",true,1,110.00,110.00,true,1,
7290008403870,false,גאודה עיזים הולנדית משקל,הנרי וויליך,NL,גאודה עיזים,קילוגרמים,0.00,"ק""ג",true,1,139.00,139.00,true,1,
7290008409049,false,שניצלונים בציפוי שומשום מיני מיני דק מאמא עוף 500 גרם,תנובה מרכז שיתופי לשיווק תוצרת,IL,שניצל מיני דק,גרמים,500.00,100 גרם,false,0,27.90,5.58,true,1,
7290008409100,false,אצבעות שניצל בציפוי שומשום מאמא עוף 700 גרם,תנובה גליל שותפות מוגבלת,IL,אצבעות שניצל,גרמים,700.00,100 גרם,false,0,36.90,5.27,true,1,
7290008409124,false,מאמא עוף קפוא שניצל ג'ונגל פריך 700 גרם,תנובה מרכז שיתופי לשיווק תוצרת,IL,שניצל ג'ונגל,גרמים,700.00,100 גרם,false,0,36.90,5.27,true,1,
7290008409216,false,מאמא עוף קפוא שניצל דק פריך 700 גרם,תנובה מרכז שיתופי לשיווק תוצרת,IL,שניצל דק דק פריך,גרמים,700.00,100 גרם,false,0,39.90,5.70,true,1,
7290008409315,false,שניצלונים בציפוי פריך מיני מיני דק מאמא עוף 500 גרם,תנובה מרכז שיתופי לשיווק תוצרת,IL,מיני דק שניצלוני,גרמים,500.00,100 גרם,false,0,27.90,5.58,true,1,
7290008409551,false,שניצל עוף אמיתי בציפוי מעודן 700 ג' מאמא עוף,תנובה מרכז שיתופי לשיווק תוצרת,IL,שניצל עוף אמיתי,גרמים,700.00,100 גרם,false,0,41.70,5.96,true,1,
7290008409582,false,שניצל עוף אמיתי בציפוי ביתי מאמא עוף 700 גרם,תנובה מרכז שיתופי לשיווק תוצרת,IL,שניצל אמיתי ביתי,גרמים,700.00,100 גרם,false,0,41.70,5.96,true,1,
7290008409605,false,כוכבי עוף בציפוי מעודן 700 גר`מאמא עוף,תנובה מרכז שיתופי לשיווק תוצרת,IL,כוכבי עוף בציפוי,גרמים,700.00,100 גרם,false,0,36.90,5.27,true,1,
7290008443616,false,"מרכך לשיער יבש אדום 750 מ""ל נקה 7",החברה הדרומית לשיווק בעמ,IL,קונדישנר נקה 7,מיליליטרים,750.00,"100 מ""ל",false,0,10.90,1.45,true,1,
7290008458214,false,כרעיים עוף טריתפז' שופרס,עוף הגליל,IL,כרעיים עוף טרי,קילוגרמים,0.00,"ק""ג",true,1,27.90,27.90,true,1,
7290008461221,false,סרדינים רוברט בשמן חמניות 115 גרם,א. סיימן סחר בעמ,PT,סרדין רוברט,גרמים,120.00,100 גרם,false,0,6.90,5.75,true,1,
7290008462204,false,חרדל דיז'ון מקורי נטו מאי 380 גרם,א. סיימן סחר בעמ,FR,חרדל דיז'ון,גרמים,380.00,100 גרם,false,0,12.90,3.39,true,1,
7290008462259,false,חרדל דיז'ון גרגירים מיילי 380 גרם,א. סיימן סחר בעמ,FR,חרדל דיז'ון,גרמים,380.00,100 גרם,false,0,13.90,3.66,true,1,
7290008464024,false,"בירה גולדסטאר Unfiltered, בירה לא מסוננת, פחית 500 מ""ל","טמפו משקאות בע""מ",IL,גולדסטאר בפחית,מיליליטרים,500.00,"100 מ""ל",false,0,9.70,1.94,true,1,
7290008464406,false,פפסי מקס – משקה מוגז דל קלוריות פחיות 300 מל' שישייה,"טמפו משקאות בע""מ",IL,פפסי מקס פחית,מיליליטרים,330.00,"100 מ""ל",false,0,6.40,1.94,true,1,
7290008464604,false,"בירה הייניקן פחית 500 מ""ל",טמפו משקאות בע''מ,NL,בירה היינקן פחית,מיליליטרים,500.00,"100 מ""ל",false,0,9.90,1.98,true,1,
7290008464697,false,"בירה מכבי 7.9%, בירה חזקה, מארז שישייה, בקבוק 330 מ""ל",טמפו משקאות בעמ,IL,בירה מכבי 6 יח,ליטרים,1.98,ליטר,false,0,27.90,14.09,true,1,
7290008464741,false,"בירה גולדסטאר, מארז שישייה, בקבוק 330 מ''ל","טמפו משקאות בע""\מ",IL,גולדסטאר 6 יח',ליטרים,1.98,ליטר,false,0,24.90,12.58,true,1,
7290008464796,false,"בירה היינקן, מארז שישייה, בקבוק 330 מ''ל",טמפו משקאות בע''מ,IL,בירה הייניקן 6יח,ליטרים,1.98,ליטר,false,0,36.90,18.63,true,1,
7290008469562,false,בשר מס' 5 מוכשר קפוא קג,שונות,XX,בשר מס' 5 מוכש,קילוגרמים,0.00,"ק""ג",true,0,69.90,69.90,true,1,
7290008469746,false,פילה מדומה מס6' חלק קפוא,לחוביץ,XX,פ.מדומה מס6' קפו,קילוגרמים,0.00,"ק""ג",true,1,44.90,44.90,true,1,
7290008493413,false,פירורי לחם מאיר בייגל פירורי גריסיני 200 גרם,"דנשר (1963) בע,מ",IL,פירורי גריסיני,גרמים,200.00,100 גרם,false,0,6.20,3.10,true,1,
7290008493710,false,פירורי לחם מאיר בייגל פרורי גריסני זהב 200 גרם,"דנשר (1963) בע,מ",IL,פירורי גריסיני,גרמים,200.00,100 גרם,false,1,6.20,3.10,true,1,
7290008614078,false,בשר לחמין מוכשר קפוא קג,לחוביץ,IL,בשר חמין מוכשר,קילוגרמים,0.00,"ק""ג",true,0,24.90,24.90,true,1,
7290008614528,false,צלי כתף מס5 חלק קפוא קג,לחוביץ,IL,צלי כתף קפוא,קילוגרמים,0.00,"ק""ג",true,1,69.90,69.90,true,1,
7290008644112,false,אחלה יום יום סלט מטבוחה יום יום 125 גרם,שטראוס גרופ בעמ/מצונן,IL,מטבוחה יום יום,גרמים,125.00,100 גרם,false,0,4.90,3.92,true,1,
7290008644235,false,מבחר עלי בייבי 120 גרם-טעם הטבע,שטראוס בריאות ירקות טריי,IL,עלי בייבי,גרמים,120.00,100 גרם,false,0,10.90,9.08,true,1,
7290008644945,false,סלט המושבה שטראוס 450 גר`-טעם הטבע,שטראוס בריאות ירקות טריי,IL,סלט המושבה,גרמים,450.00,100 גרם,false,0,12.90,2.87,true,1,
7290008645935,false,אחלה חומוס לניגוב 750 גרם,שטראוס גרופ בעמ/מצונן,IL,חומוס אחלה,גרמים,750.00,100 גרם,false,0,9.90,1.32,true,1,
7290008670012,false,"יין אדום קברנה סוביניון רקנאטי 750 מ""ל",היכל היין שקד גולן בעמ,IL,קברנה סוביניון,מיליליטרים,750.00,"100 מ""ל",false,0,53.50,7.13,true,1,
7290008670029,false,"יין אדום מרלו רקנאטי 750 מ""ל",היכל היין שקד גולן בעמ,IL,יין רקנאטי מרלו,מיליליטרים,750.00,"100 מ""ל",false,0,53.50,7.13,true,1,
7290008670159,false,"יין לבן יסמין רקנאטי 750 מ""ל",היכל היין שקד גולן בעמ,IL,רקנאטי יסמין,מיליליטרים,750.00,"100 מ""ל",false,0,32.90,4.38,true,1,
7290008670210,false,"יין אדום שירז רקנאטי אחים שקד 750 מ""ל",היכל היין שקד גולן בעמ,IL,רקנאטי שיראז,מיליליטרים,750.00,"100 מ""ל",false,0,53.50,7.13,true,1,
7290008679428,false,כפפות הנדי לבית ולמטבח בינוני,גורי מוצרי צריכה בעמ,TW,זוג כפפות בית,יחידה,1.00,יחידה,false,0,5.90,5.90,true,1,
7290008690713,false,נקטר חמוציות אושן ספריי פריגת (1 ליטר),החברה המרכזית להפצת משקאות בעמ,IL,אושן ספריי,ליטרים,1.00,ליטר,false,0,11.90,11.90,true,1,
7290008693134,false,מעדן גבינה ויוגורט בטעם תות 5% שומן 88 ג' דניאלה,שטראוס גרופ בעמ/מצונן,IL,דניאלה תות מוקצף,גרמים,88.00,100 גרם,false,0,4.10,4.66,true,1,
7290008713900,false,לחם שיפון עגול פרוס אחדות (750 גרם),מאפיית אנג'\ל אורנים מאפ,IL,לחם שיפון עגול,גרמים,750.00,100 גרם,false,0,13.90,1.85,true,1,
7290008745239,false,תפוצ'יפס קראנצ' בטעם טבעי עלית 50 גרם,"שטראוס פריטו ליי בע""\מ )",IL,תפוצ'יפס קראנצ',גרמים,50.00,100 גרם,false,0,4.00,8.00,true,1,
7290008747547,false,תפוצ'יפס קראנץ' בטעם טבעי עלית 200 גרם,"שטראוס פריטו ליי בע""\מ )",IL,תפוצ'יפס קראנצ',גרמים,200.00,100 גרם,false,0,9.90,4.95,true,1,
7290008750264,false,"מסטיק מאסט ציקלס דובדבן 28 גרם לל""ס מגדים",שטראוס גרופ בע`מ,IL,מסטיק מאסט,גרמים,28.00,100 גרם,false,0,4.30,15.36,true,1,
7290008753111,false,תפוצ'יפס קראנץ' בטעם מקסיקני עלית 50 גרם,"שטראוס פריטו ליי בע""\מ )",IL,תפוצ'יפס קראנצ',גרמים,50.00,100 גרם,false,0,4.00,8.00,true,1,
7290008757010,false,"שוופס ביטר לימון 250 מ""ל - בודד",יפאורה שותפות מובגלת לשיווק,IL,שוופס ביטר לימון,מיליליטרים,250.00,"100 מ""ל",false,0,7.20,2.88,true,1,
7290008757980,false,קרטונית ספרינג נקטר רימונים 1 ליטר,יפאורה שותפות מוגבלת לשיווק,IL,נקטר רימונים,ליטרים,1.00,ליטר,false,0,6.90,6.90,true,1,
7290008775816,false,ערגליות עוגיות במילוי שוקולד אסם 300 גרם,קבוצת אוסם סחר שותפות מוגבלת,IL,ערגליות שוקו,גרמים,300.00,100 גרם,false,0,9.90,3.30,true,1,
7290008775823,false,ערגליות עוגיות תות שדה אסם 300 גרם,קבוצת אוסם סחר שותפות מוגבלת,IL,ערגליות תות,גרמים,300.00,100 גרם,false,0,9.90,3.30,true,1,
7290008801089,false,"יין P.C קברנה סוביניון אדום יבש כרמל 375 מ""ל",אגודת הכורמים,IL,קברנה סוביניון,מיליליטרים,375.00,"100 מ""ל",false,1,19.90,5.31,true,1,
7290008801119,false,סלקטד סוביניון בלאן יקבי כרמל (750 מל),אגודת הכורמים הקואופרטיב,IL,סובניון בלאן,מיליליטרים,750.00,"100 מ""ל",false,0,29.90,3.99,true,1,
7290008801157,false,"יין מרלו סלקטד כרמל כרמל 750 מ""ל",אגודת הכורמים -כרמל מזרחי,IL,מרלו סלקטד,מיליליטרים,750.00,"100 מ""ל",false,0,29.90,3.99,true,1,
7290008801546,false,יין מוסקט מתוק קינג דיוויד יקבי כרמל,אגודת הכורמים הקואופרטיב,IL,מוסקט קינג דיווד,מיליליטרים,750.00,"100 מ""ל",false,0,21.90,2.92,true,1,
7290008801843,false,סלקטד קברנה סובניון יקבי כרמל (750 מל),אגודת הכורמים בעמ,IL,קברנה סוביניון,מיליליטרים,750.00,"100 מ""ל",false,0,29.90,3.99,true,1,
7290008801850,false,סלקטד אמרלד ריזלינג לבן חצי יבש 750 מל,אגודת הכורמים הקואופרטיב,IL,אמרלד ריזלינג,מיליליטרים,750.00,"100 מ""ל",false,0,29.90,3.99,true,1,
7290008802291,false,יין מרלו פרייבט קולקשן יקבי כרמל,אגודת הכורמים הקואופרטיב,IL,מרלו P.C,מיליליטרים,750.00,"100 מ""ל",false,0,37.90,5.05,true,1,
7290008802512,false,"יין וינו אדום ""כרמל מזרחי""",אגודת הכורמים בעמ,IL,יין אדום יבש,מיליליטרים,750.00,"100 מ""ל",false,0,21.90,2.92,true,1,
7290008802529,false,"יין לבן חצי יבש וינו 750 מ""ל",אגודת הכורמים בעמ,IL,יין לבן יבש וינו,מיליליטרים,750.00,"100 מ""ל",false,0,21.90,2.92,true,1,
7290008803021,false,"כרמל אדום עתיק 750 מ""ל",כרמל מזרחי,IL,יין אדום עתיק,מיליליטרים,750.00,"100 מ""ל",false,0,19.90,2.65,true,1,
7290008803090,false,"יין מרלו קולקשיין הסדרה האזורית כרמל 750 מ""ל",אגודת הכורמים הקואופרטיב,IL,יין מרלו,מיליליטרים,750.00,"100 מ""ל",false,0,54.90,7.32,true,1,
7290008804189,false,יין קברנה סוביניון גליל עליון סדרה אזורית יקבי כרמל,אגודת הכורמים הקואופרטיב,IL,קברנה סוביניון,מיליליטרים,750.00,"100 מ""ל",false,0,54.90,7.32,true,1,
7290008804332,false,שיראז אדום יבש פריווט קולקשיין 750מל,אגודת הכורמים הקואופרטיב,IL,שיראז אדום יבש,מיליליטרים,750.00,"100 מ""ל",false,0,37.90,5.05,true,1,
7290008806985,false,נישנושים גלידה שוקו וניל בציפוי שוקולד 60 יח' קרמיסימו,"גלידת שטראוס בע""\מ, רחוב",IL,נשנושי שוקווניל,גרמים,630.00,100 גרם,false,0,44.90,7.13,true,1,
7290008830676,false,תערובת מן הטבע יחידה,"דין שיווק וקלייה בע""",IL,תערובת מן הטבע,יחידה,1.00,יחידה,false,0,5.00,5.00,true,1,
7290008830690,false,מובחרים מן הטבע יחידה,קונסיגנציה-דין שיווק וקליה 202,IL,מובחרין מן הטבע,יחידה,1.00,יחידה,false,0,10.00,10.00,true,1,
7290008830836,false,תיבול לשניצל גריל 300גרם,,IL,תיבול לשניצל,גרמים,300.00,100 גרם,false,0,5.90,1.97,true,1,
7290008846219,false,"שמן זית כתית מעולה חלוצה 750 מ""ל",האי נאם סי או אל.טי.,IL,שמן זית כתית,מיליליטרים,750.00,"100 מ""ל",false,0,41.90,5.59,true,1,
7290008849661,false,אוליביה ממרח עגבניות מיובשות פיקנטי 180 גרם,טרופיקל דגיל תעשיות,IL,ממרח עגבניות,גרמים,180.00,100 גרם,false,1,12.90,7.17,true,1,
7290008866019,false,ברי עיזים בייבי28% משקל,גבינות יעקבס,IL,ברי עיזים בייבי,קילוגרמים,0.00,"ק""ג",true,1,149.00,149.00,true,1,
7290008909884,false,"קוקה קולה זירו 350 מ""ל בקבוק זכוכית",החברה המרכזית להפצת משקאות בעמ,IL,קולה זירו בקבוק,מיליליטרים,350.00,"100 מ""ל",false,1,7.50,2.14,true,1,
7290008926799,false,שוק הודו מפורק טרי ארוז,מילועוף,IL,שוק הודו מפורק,קילוגרמים,0.00,"ק""ג",true,0,54.90,54.90,true,1,
7290008926812,false,חזה הודו נ.טרי ארוז,מילועוף,IL,חזה הודו טרי,קילוגרמים,0.00,"ק""ג",true,0,34.90,34.90,true,1,
7290008926829,false,שוארמה הודו נ.טרי ארוז,מילועוף,IL,שוארמה הודו טרי,קילוגרמים,0.00,"ק""ג",true,0,69.90,69.90,true,1,
7290008975780,false,"מזון לכלבים בונזו מזון כלבים גזע קטן 3 ק""ג",דיפלומט מפיצים (1968) בעמ**,FR,בונזו גזע קטן,קילוגרמים,3.00,"ק""ג",false,0,44.90,14.97,true,1,
7290008981279,false,זעתר עם שומשום נחלה100גר,קפה אל נח'לה,IL,זעתר עם שומשום,גרמים,100.00,100 גרם,false,0,11.90,11.90,true,1,
7290008981538,false,זעתר עם שומשום אלנחלה 250 גרם צנצנת,קפה אל נח'לה,IL,תערובת זעתר,גרמים,250.00,100 גרם,false,1,19.90,7.96,true,1,
7290008989169,false,"אורז תפוח בשקית בטר אנד דיפרנט 500 גרם לל""ג",בטר אנד דיפרנט בעמ,IL,אורז תפוח,גרמים,500.00,100 גרם,false,0,21.90,4.38,true,1,
7290008989473,false,ממרח חרובים בטעם שוקולד בטר אנד דיפרנט 350 גרם,"בטר אנד דיפרנט בע""מ",IL,ממרח חרובים,גרמים,350.00,100 גרם,false,0,12.90,3.69,true,1,
7290008989602,false,בטר פצפוצי אורז מלא 450 גר`ללא גלוטן,בטר אנד דיפרנט בעמ,IL,אורז תפוח מלא,גרמים,450.00,100 גרם,false,0,21.90,4.87,true,1,
7290008989671,false,"ציפוי עדיף פריך ""ללא גלוטן"" בטר אנד דיפרנט 250 גרם",בטר אנד דיפרנט בעמ,IL,ציפוי עדיף פריך,גרמים,250.00,100 גרם,false,0,10.90,4.36,true,1,
7290008989749,false,פריכיות קינואה +אורז מלא בטר אנד דיפרנט 196 גרם,בטר אנד דיפרנט,IL,פריכיות קינואה,גרמים,200.00,100 גרם,false,0,13.90,6.95,true,1,
7290009011159,true,אמנון שלם טרי שופרסל לקג,דגת הארץ,IL,אמנון שלם טרי,קילוגרמים,0.00,"ק""ג",true,1,49.90,49.90,true,1,
7290009012101,true,צוואר טרי מוכשר אנגוס קג,פניסקו,AR,צוואר טרי,קילוגרמים,0.00,"ק""ג",true,1,49.90,49.90,true,1,
7290009012125,true,סטייק דנוור טרי חלק קג,,IL,סטייק דנוור טרי,קילוגרמים,0.00,"ק""ג",true,1,119.90,119.90,true,1,
7290009012835,true,שניצל דק טרי פרימיום קג,עוף עוז,IL,שניצל דק פרימיום,קילוגרמים,0.00,"ק""ג",true,1,44.90,44.90,true,1,
7290009017038,true,נקניק סלמי צרפתי שופרסל,מעדני יחיעם,IL,סלמי צרפתי,קילוגרמים,0.00,"ק""ג",true,1,130.00,130.00,true,1,
7290009017045,true,כתף בקר מפולפל שופרסל,מעדני יחיעם,IL,כתף בקר מפולפל,קילוגרמים,0.00,"ק""ג",true,1,105.00,105.00,true,1,
7290009017052,true,איטלקי מפולפל שופרסל,מעדני יחיעם,IL,איטלקי מפולפל,קילוגרמים,0.00,"ק""ג",true,1,66.00,66.00,true,1,
7290009017069,true,נקניק סרוולד שופרסל קג,מעדני יחיעם,IL,סלמי סרוולד,קילוגרמים,0.00,"ק""ג",true,1,130.00,130.00,true,1,
7290009017076,true,נקניק סלמי תה שופרסל קג,מעדני יחיעם,IL,סלמי תה,קילוגרמים,0.00,"ק""ג",true,1,49.00,49.00,true,1,
7290009068818,true,אגוז ברזיל טבעי במשקל,דין שיווק,IL,אגוז ברזיל טבע,גרמים,0.00,"ק""ג",true,0,99.00,99.00,true,1,
7290009068955,true,חמניות קלופות טבעי,דין שיווק,IL,חמניות קלופות,גרמים,0.00,"ק""ג",true,0,45.00,45.00,true,1,
7290009069518,true,ג'ינג'ר מסוכר במשקל,דין שיווק,TH,ג'ינג'ר מסוכר,גרמים,0.00,"ק""ג",true,0,40.00,40.00,true,1,
7290009069990,true,תערובת הבית במשקל,,,תערובת הבית,קילוגרמים,0.00,"ק""ג",true,0,114.00,114.00,true,1,
7290009077490,true,זית מרוקאי במשקל,,IL,זית מרוקאי,קילוגרמים,0.00,"ק""ג",true,0,49.00,49.00,true,1,
7290009077650,true,זית יווני ענק במשקל,,IL,זית יווני ענק,קילוגרמים,0.00,"ק""ג",true,0,64.00,64.00,true,1,
7290009077667,true,מלפפון/ירקות במשקל,,IL,מלפפון/ירקות,קילוגרמים,0.00,"ק""ג",true,0,35.00,35.00,true,1,
7290009090017,true,תבלינים,,,תבלינים,קילוגרמים,0.00,"ק""ג",true,0,99.00,99.00,true,1,
7290009098563,true,אבוקדו ארוז אורגני במשקל,,IL,אבוקדו אורגני,קילוגרמים,0.00,"ק""ג",true,1,13.90,13.90,true,1,
7290009099461,true,פפריקה במשקל,,IL,פפריקה במשקל,קילוגרמים,0.00,"ק""ג",true,0,64.00,64.00,true,1,
7290009105162,true,זוג נתחי סלמון ללא עור,ויליגר,IL,זוג נתחי סלמון ל,קילוגרמים,0.00,"ק""ג",true,0,99.90,99.90,true,1,
7290009137293,true,גב.פרמזן30% שופרסל במשקל,אמברוסי,IT,גבינת פרמזן,קילוגרמים,0.00,"ק""ג",true,1,83.00,83.00,true,1,
7290009137309,true,גב.פרמזן 30% מגורד משקל,אמברוסי,IT,גב.פרמזן מגורדת,קילוגרמים,0.00,"ק""ג",true,1,83.00,83.00,true,1,
7290009137408,true,מיקס דונאטס 4 יח,סטוקסון,PL,מיקס דונאטס 4 יח,יחידה,1.00,יחידה,false,1,19.90,19.90,true,1,
7290009137415,true,מיקס דונאטס 6 יח,סטוקסון,PL,מיקס דונאטס 6 יח,יחידה,1.00,יחידה,false,1,27.90,27.90,true,1,
7290009137668,true,גאודה עזים ישון שנה משקל,הנרי ויליך,NL,גאודה עיזים,קילוגרמים,0.00,"ק""ג",true,1,109.00,109.00,true,1,
7290009137675,true,גאודה בקר מיושן שנה משקל,הנרי ויליך,NL,גאודה בקר מיושנת,קילוגרמים,0.00,"ק""ג",true,1,109.00,109.00,true,1,
7290009137705,true,סופגניה מיני ללא ריבה4י,גידרון,IL,סופגניה מיני 4יח,יחידה,1.00,יחידה,false,1,12.90,12.90,true,1,
7290009137729,true,סופגניה גדולה ללא ריבה3י,גידרון,IL,סופגניה רגילה3יח,יחידה,1.00,יחידה,false,1,12.90,12.90,true,1,
7290009137750,true,גבינה צהובה28% במשקל,MLEKOVITA,PL,גבינה צהובה 28%,קילוגרמים,0.00,"ק""ג",true,1,27.00,27.00,true,1,
7290009137767,true,גבינה צהובה28%מגורד משקל,MLEKOVITA,PL,גב.צהובה מגורדת,קילוגרמים,0.00,"ק""ג",true,1,27.00,27.00,true,1,
7290009137804,true,מוצרלה שופרסל במשקל,קיוסריה,ES,מוצרלה שופרסל,קילוגרמים,0.00,"ק""ג",true,1,55.00,55.00,true,1,
7290009137811,true,מוצרלה שופרסל מגורד משקל,קיוסריה,ES,מוצרלה מגורדת,קילוגרמים,0.00,"ק""ג",true,1,55.00,55.00,true,1,
7290009137897,true,אבוקדו במשקל,,IL,אבקודו גליל,קילוגרמים,0.00,"ק""ג",true,1,13.90,13.90,true,1,
7290009144772,true,בשר טחון טרי יבוא קג,,IL,בשר טחון טרי,קילוגרמים,0.00,"ק""ג",true,1,39.90,39.90,true,1,
7290009148060,true,חזה עוף טרי ארוז חזה עוף,מילועוף,IL,חזה עוף טרי,קילוגרמים,0.00,"ק""ג",true,1,31.90,31.90,true,1,
7290009148077,true,כרעיים עוף טרי ארוז קג,מילועוף,IL,כרעיים עוף טרי,קילוגרמים,0.00,"ק""ג",true,1,27.90,27.90,true,1,
7290009148114,true,כבד עוף טרי ארוז קג,מילועוף,IL,כבד עוף טרי,קילוגרמים,0.00,"ק""ג",true,1,19.90,19.90,true,1,
7290009148145,true,שניצל עוף טרי ארוז קג,מילועוף,IL,שניצל עוף טרי,קילוגרמים,0.00,"ק""ג",true,1,34.90,34.90,true,1,
7290009148190,true,שניצל דק טרי ארוז דיל קג,מילועוף,IL,שניצל דק טרי ארו,קילוגרמים,0.00,"ק""ג",true,1,39.90,39.90,true,1,
7290009391282,true,פילהאמנון7-9ע.עור100%דג,הויזונג ביילו גוושי,CN,פילה אמנון קפוא,קילוגרמים,0.00,"ק""ג",true,0,34.90,34.90,true,1,
7290009391336,true,פילה אמנון קפוא 80% קג,XINTAISHENG HAINAN,CN,פילה אמנון קפוא,קילוגרמים,0.00,"ק""ג",true,0,29.90,29.90,true,1,
7290009391435,true,המבורגר טרי אנגוס חלק קג,שופרסל,AR,המבורגר טרי,קילוגרמים,0.00,"ק""ג",true,0,79.90,79.90,true,1,
7290009391626,true,שוקיים עוף טרי פרמיום קג,מילועוף,IL,שוקיים פרמיום,קילוגרמים,0.00,"ק""ג",true,1,37.90,37.90,true,1,
7290009391640,true,כנפיים עוף פרמיום שופרסל,מילועוף,IL,כנפיים פרמיום טר,קילוגרמים,0.00,"ק""ג",true,1,14.90,14.90,true,1,
7290009391664,true,פילה עוף טרי פרמיום שופר,מילועוף,IL,פילה פרמיום טרי,קילוגרמים,0.00,"ק""ג",true,1,49.90,49.90,true,1,
7290009391688,true,חזה עוף טרי פרמיום שופרס,מילועוף,IL,חזה פרמיום טרי,קילוגרמים,0.00,"ק""ג",true,1,39.90,39.90,true,1,
7290009391695,true,כתף בקר מעושן קג,מעדני יחיעם,IL,כתף בקר מעושן קג,קילוגרמים,0.00,"ק""ג",true,1,105.00,105.00,true,1,
7290009391701,true,סלמי קוניאק קג,מעדני יחיעם,IL,סלמי קוניאק קג,קילוגרמים,0.00,"ק""ג",true,1,66.00,66.00,true,1,
7290009391718,true,רוסט ביף קג,מעדני יחיעם,IL,רוסט ביף קג,קילוגרמים,0.00,"ק""ג",true,1,115.00,115.00,true,1,
7290009392050,true,פילה אמנון ללא עור קפוא,,CN,פילה אמנון ללא ע,קילוגרמים,0.00,"ק""ג",true,0,39.90,39.90,true,1,
7290009392685,true,אנטריקוט טרי מוכשר יבוא,,XX,אנטריקוט טרי,קילוגרמים,0.00,"ק""ג",true,0,129.90,129.90,true,1,
7290009392692,true,צלעות טרי מוכשר יבוא קג,,XX,צלעות טרי,קילוגרמים,0.00,"ק""ג",true,0,59.90,59.90,true,1,
7290009392715,true,כתף טרי מוכשר יבוא קג,,XX,כתף טרי,קילוגרמים,0.00,"ק""ג",true,0,74.90,74.90,true,1,
7290009392722,true,צלי כתף טרי מוכשר יבוא ק,,XX,צלי כתף טרי,קילוגרמים,0.00,"ק""ג",true,0,89.90,89.90,true,1,
7290009392739,true,פ.מדומה טרי מוכשר יבוא ק,,XX,פילה מדומה טרי,קילוגרמים,0.00,"ק""ג",true,0,74.90,74.90,true,1,
7290009392746,true,שריר טרי מוכשר יבוא קג,,XX,שריר טרי,קילוגרמים,0.00,"ק""ג",true,0,59.90,59.90,true,1,
7290009392807,true,סינטה טרי מוכשר יבוא קג,,XX,סינטה טרי,קילוגרמים,0.00,"ק""ג",true,1,129.90,129.90,true,1,
7290009392821,true,אנטריקוט טרי חלק יבוא קג,,XX,אנטריקוט טרי,קילוגרמים,0.00,"ק""ג",true,1,129.90,129.90,true,1,
7290009392838,true,צלעות טרי חלק יבוא קג,,XX,צלעות טרי,קילוגרמים,0.00,"ק""ג",true,0,59.90,59.90,true,1,
7290009392852,true,כתף טרי חלק יבוא קג,,XX,כתף בקר טרי,קילוגרמים,0.00,"ק""ג",true,0,74.90,74.90,true,1,
7290009392876,true,צלי כתף טרי חלק יבוא קג,,XX,צלי כתף טרי,קילוגרמים,0.00,"ק""ג",true,0,89.90,89.90,true,1,
7290009392883,true,פילה מדומה טרי חלק יבוא,,XX,פילה מדומה טרי,קילוגרמים,0.00,"ק""ג",true,0,74.90,74.90,true,1,
7290009392890,true,שריר טרי חלק יבוא קג,,XX,שרירי טרי,קילוגרמים,0.00,"ק""ג",true,0,59.90,59.90,true,1,
7290009392968,true,סינטה טרי חלק יבוא קג,,XX,סינטה טרי,קילוגרמים,0.00,"ק""ג",true,0,129.90,129.90,true,1,
7290009393071,true,כתף טרי חלק אנגוס קג,,AR,כתף טרי אנגוס,קילוגרמים,0.00,"ק""ג",true,0,69.90,69.90,true,1,
7290009393095,true,סינטה טרי חלק אנגוס קג,,AR,סינטה טרי אנגוס,קילוגרמים,0.00,"ק""ג",true,0,139.90,139.90,true,1,
7290009393118,true,אנטריקוט טרי חלק אנגוס ק,,AR,אנטריקוט טרי אנג,קילוגרמים,0.00,"ק""ג",true,0,159.90,159.90,true,1,
7290009393156,true,פילה מדומה טרי חלק אנגוס,,AR,פילה מדומה טרי א,קילוגרמים,0.00,"ק""ג",true,0,84.90,84.90,true,1,
7290009393194,true,צלי כתף טרי חלק אנגוס קג,,AR,צלי כתף טרי אנגו,קילוגרמים,0.00,"ק""ג",true,0,99.90,99.90,true,1,
7290009393262,true,צלעות טרי חלק אנגוס קג,,AR,צלעות טרי אנגוס,קילוגרמים,0.00,"ק""ג",true,1,79.90,79.90,true,1,
7290009393651,true,נתח קצבים סרעפת(עצמי) קג,שונות,IL,נתח קצבים,קילוגרמים,0.00,"ק""ג",true,0,119.90,119.90,true,1,
7290009396867,true,מארז לחמניית ביס 8יח,גידרון,IL,מארז לחמניית ביס,יחידה,1.00,יחידה,false,0,10.90,10.90,true,1,
7290009397642,true,חמישית מאפין שוקו 200גרם,גידרון,IL,חמישיית מאפין,גרמים,5.00,100 גרם,false,0,10.90,218.00,true,1,
7290009397697,true,מאפין שוק.צ'יפס 5י גדרון,גידרון,IL,חמישיית מאפין,גרמים,5.00,100 גרם,false,0,10.90,218.00,true,1,
7290009398021,true,לחמניית ביס באגט,גידרון,IL,לחמניית ביס באגט,יחידה,1.00,יחידה,false,0,1.70,1.70,true,1,
7290009398120,true,מארז לחמניית קשר קלה 5יח,גידרון,IL,לחמניה קשר קלה 5,יחידה,1.00,יחידה,false,0,13.90,13.90,true,1,
7290009398281,true,מארז פיתות אסלית100*10ג,מאפיית אנג'ל,IL,פיתות 10 יח,גרמים,1000.00,100 גרם,false,0,13.90,1.39,true,1,
7290009398618,true,סופגנ.מטוגנ.קפוא+ריבה80ג,גידרון,IL,סופגניה רגילה,גרמים,80.00,100 גרם,false,0,5.90,7.38,true,1,
7290009398687,true,דונטס מטוגן,גידרון,IL,דונאט,יחידה,1.00,יחידה,false,0,7.50,7.50,true,1,
7290009398786,true,מארז פיתות אסלית 5יח100*,מאפיית אנג'ל,IL,5 פיתות אסליות,גרמים,500.00,100 גרם,false,0,7.50,1.50,true,1,
7290009398847,true,לחמניית חלה מתוקה,גידרון,IL,לחמניית חלה מתוק,יחידה,1.00,יחידה,false,0,4.50,4.50,true,1,
7290009399165,true,לחמניה קלה,גידרון,IL,לחמניה קלה,יחידה,1.00,יחידה,false,0,3.20,3.20,true,1,
7290009399707,true,מארז 4יח לחמניה גידרול,גדרון סהרון,IL,לחמניה גידרול 4,יחידה,1.00,יחידה,false,0,13.90,13.90,true,1,
7290009399790,true,לחמניית קשר קלה,גידרון,IL,לחמניה קלה קשר,יחידה,1.00,יחידה,false,0,3.20,3.20,true,1,
7290009399868,true,לחמניית חלה קלה,גידרון,IL,לחמניה חלה קלה,יחידה,1.00,יחידה,false,0,4.50,4.50,true,1,
7290009401790,true,מארז פיתה כפרית 5יח100*ג,מאפיית אנג'ל,IL,פיתה קמח מלא 5יח,גרמים,500.00,100 גרם,false,0,8.90,1.78,true,1,
7290009401943,true,לחמניה קלה 5 יח,,,לחמניה קלה 5 יח,יחידה,1.00,יחידה,false,0,13.90,13.90,true,1,
7290009802191,true,עוף שלם טרי א.דיל ארוז,.,IL,עוף שלם טרי,קילוגרמים,0.00,"ק""ג",true,1,18.90,18.90,true,1,
7290009802221,true,כרעי עוף טרי א.דיל עצמי,.,IL,כרעי עוף טרי,קילוגרמים,0.00,"ק""ג",true,1,27.90,27.90,true,1,
7290009802481,true,קוקטייל טרי א.דיל עצמי,.,IL,קוקטייל טרי,קילוגרמים,0.00,"ק""ג",true,1,27.90,27.90,true,1,
7290009806571,true,חזה עוף טרי א.דיל עצמי,.,IL,חזה עוף טרי,קילוגרמים,0.00,"ק""ג",true,1,31.90,31.90,true,1,
7290009807592,true,כבד עוף טרי א.דיל עצמי,.,IL,כבד עוף טרי,קילוגרמים,0.00,"ק""ג",true,1,19.90,19.90,true,1,
7290009811490,true,שניצל עוף טרי א.דיל עצמי,.,IL,שניצל עוף טרי,קילוגרמים,0.00,"ק""ג",true,1,34.90,34.90,true,1,
7290009814316,true,פילה עוף טרי א.דיל עצמי,.,IL,פילה עוף טרי,קילוגרמים,0.00,"ק""ג",true,1,34.90,34.90,true,1,
7290009814347,true,קורקבן עוף טריא.דיל עצמי,,IL,קורקבן עוף טרי,קילוגרמים,0.00,"ק""ג",true,1,9.90,9.90,true,1,
7290009819137,true,שניצל דק טרי א.דיל עצמי,.,IL,שניצל דק טרי,קילוגרמים,0.00,"ק""ג",true,1,39.90,39.90,true,1,
7290009950724,true,סופגניה מיני מצופה,גידרון,IL,סופגנ.מיני מצופה,יחידה,1.00,יחידה,false,0,5.90,5.90,true,1,
7290009951387,true,לוקום ממולא,,,לוקום ממולא,קילוגרמים,0.00,"ק""ג",true,0,85.00,85.00,true,1,
7290009951400,true,סוכריות גומי במשקל,,,סוכריות גומי,קילוגרמים,0.00,"ק""ג",true,0,45.00,45.00,true,1,
7290009951417,true,לקריץ במשקל,,,לקריץ,קילוגרמים,0.00,"ק""ג",true,0,59.00,59.00,true,1,
7290009951424,true,פרלינים במשקל,,,פרלינים,קילוגרמים,0.00,"ק""ג",true,0,89.00,89.00,true,1,
7290009951431,true,פירות אקזוטיים במשקל,,,פירות אקזוטיים,קילוגרמים,0.00,"ק""ג",true,0,90.00,90.00,true,1,
7290009951455,true,תבלינים קבוצה 2 במשקל,,,תבלינים,קילוגרמים,0.00,"ק""ג",true,0,74.00,74.00,true,1,
7290009951479,true,תבלינים קבוצה 3 במשקל,,,תבלינים,קילוגרמים,0.00,"ק""ג",true,0,159.00,159.00,true,1,
7290009951561,true,סוכריות קשות במשקל,,,סוכריות קשות,קילוגרמים,0.00,"ק""ג",true,0,40.00,40.00,true,1,
7290009951899,true,מאפה מלוח משקל,גידרון,IL,מאפה מלוח חלבי,קילוגרמים,0.00,"ק""ג",true,0,42.00,42.00,true,1,
7290009951912,true,מאפה מתוק משקל,גידרון,IL,מאפה מתוק,קילוגרמים,0.00,"ק""ג",true,0,42.00,42.00,true,1,
7290009952308,true,מארז 4יח לחמניית דגנים י,גידרון,IL,לחמניה דגנים 4יח,יחידה,1.00,יחידה,false,0,13.90,13.90,true,1,
7290009952315,true,מארז בייגל אמריקאי4יח,גידרון,IL,4בייגלה אמרקאי,יחידה,1.00,יחידה,false,0,13.90,13.90,true,1,
7290009952339,true,מארז8 לחמניות אצבע יח,גידרון,IL,לחמניה אצבע 8יח,יחידה,1.00,יחידה,false,0,10.90,10.90,true,1,
7290009952346,true,מארז לחמניית חלה4יחי,גידרון,IL,לחמניה חלה 4יח,יחידה,1.00,יחידה,false,0,13.90,13.90,true,1,
7290009952377,true,מארז לחמנית קשר 5יח',גידרון,IL,לחמניה קשר 5יח,יחידה,1.00,יחידה,false,0,13.90,13.90,true,1,
7290009952988,true,מוצרלה מגורדת,,IL,מוצרלה מגורדת,קילוגרמים,0.00,"ק""ג",true,0,83.00,83.00,true,1,
7290009952995,true,מים מינרליים 1.5 ליטר,,,מים מינרליים,ליטרים,1.50,ליטר,false,0,3.20,2.13,true,1,
7290009953916,true,גבינת צ'דר כתומה,,GB,גבינת צ'דר כתומה,קילוגרמים,0.00,"ק""ג",true,0,130.00,130.00,true,1,
7290009954234,true,נועם גב.צהובה9%חריץ משקל,טרה,IL,גבינת נועם 9%,קילוגרמים,0.00,"ק""ג",true,0,71.00,71.00,true,1,
7290009954241,true,נועם ג.צהובה22%חריץ משקל,"טרופיקל דגיל תעשיות קוסמטיקה בע""מ",IL,גבינת נועם 22%,קילוגרמים,0.00,"ק""ג",true,0,42.58,42.58,true,1,
7290009954258,true,נועם ג.צהובה28%חריץ משקל,י. מלכי מוצרים,IL,גבינת נועם 28%,קילוגרמים,0.00,"ק""ג",true,0,44.79,44.79,true,1,
7290009954357,true,גב.עמק מגורדת במשקל,,IL,גבינת עמק מגורדת,קילוגרמים,0.00,"ק""ג",true,0,44.79,44.79,true,1,
7290009954364,true,גב.גלבוע מגורדת במשקל,תנובה,IL,גב.גלבוע מגורדת,קילוגרמים,0.00,"ק""ג",true,0,42.58,42.58,true,1,
7290009954371,true,עמק לייט מגורדת 9% במשקל,תנובה,IL,עמק לייט מגורדת,קילוגרמים,0.00,"ק""ג",true,0,72.00,72.00,true,1,
7290009954388,true,טל העמק מגורדת32% במשקל,תנובה,IL,טל העמק מגורדת,קילוגרמים,0.00,"ק""ג",true,0,58.00,58.00,true,1,
7290009954395,true,קולאז פרמזן מגורדת במשקל,תנובה,IL,פרמזן מגורדת,קילוגרמים,0.00,"ק""ג",true,0,113.00,113.00,true,1,
7290009955002,true,מים מצוננים1.5ל,,IL,מים מצוננים1.5ל,ליטרים,1.50,ליטר,false,0,4.80,3.20,true,1,
7290009955538,true,נועם צהובה 28%מגורד.משקל,טרה,IL,נועם 28% מגורדת,קילוגרמים,0.00,"ק""ג",true,1,44.79,44.79,true,1,
7290009956535,true,רצועות פילה נילוס קפוא ק,"טיבון ויל אחזקות בע""\מ",IL,רצועות נילוס,קילוגרמים,0.00,"ק""ג",true,1,69.90,69.90,true,1,
7290009957112,true,בלוז בסגנון דנאבלו במשקל,ארלה פודס אמבה,DK,גבינת בלוז,קילוגרמים,0.00,"ק""ג",true,1,79.00,79.00,true,1,
7290009957174,true,סלמון מעושן פסקאדו במשקל,ויליגר,IL,סלמון מעושן פסקא,קילוגרמים,0.00,"ק""ג",true,1,229.00,229.00,true,1,
7290009957198,true,גאודה מיושנת גולד במשקל,VANDERSTERRE,NL,גאודה מיושנת,קילוגרמים,0.00,"ק""ג",true,1,129.00,129.00,true,1,
7290009957228,true,גבינת גאודה 34% במשקל,B.V KAAS HAZELEGER,NL,גבינת גאודה,קילוגרמים,0.00,"ק""ג",true,1,79.00,79.00,true,1,
7290009957235,true,גבינת עיזים 34% הולנדית,B.V KAAS HAZELEGER,NL,גבינת עיזים,קילוגרמים,0.00,"ק""ג",true,1,109.00,109.00,true,1,
7290009957280,true,גרנה פדנו29% מגורדת משקל,זאנטי,IT,גרנה פדנו מגורדת,קילוגרמים,0.00,"ק""ג",true,1,109.00,109.00,true,1,
7290009957358,true,גרנו פדנו שופרסל 29%משקל,אמברוסי,IL,גרנו פדנו,קילוגרמים,0.00,"ק""ג",true,1,109.00,109.00,true,1,
7290009957365,true,מיקס מארז דונטס 2 יחידות,,PL,2 דנטס חלב נוכרי,יחידה,1.00,יחידה,false,1,10.90,10.90,true,1,
7290009957396,true,גבינת שמנת25%שופרסל משקל,גבינות משק יעקבס,IL,גבינת שמנת במשקל,קילוגרמים,0.00,"ק""ג",true,1,39.00,39.00,true,1,
7290009957402,true,גב.שמנת שום שמיר במשקל,גבינות משק יעקבס,IL,גבינת שמנת במשקל,קילוגרמים,0.00,"ק""ג",true,1,39.00,39.00,true,1,
7290009957419,true,בייבי מוצרלה18%שופר משקל,גבינות משק יעקבס,IL,בייבי מוצרלה,קילוגרמים,0.00,"ק""ג",true,1,79.00,79.00,true,1,
7290009957426,true,כדור מוצרלה שופרסל במשקל,גבינות משק יעקבס,IL,כדור מוצרלה,קילוגרמים,0.00,"ק""ג",true,1,79.00,79.00,true,1,
7290009957433,true,לאבנה בקר5% שופרסל במשקל,גבינות משק יעקבס,IL,לאבנה בקר במשקל,קילוגרמים,0.00,"ק""ג",true,1,35.00,35.00,true,1,
7290009957525,true,סופגניה מיני מצופה 4יח,גידרון,IL,4סופגניה מיני,יחידה,1.00,יחידה,false,1,19.90,19.90,true,1,
7290009957532,true,סופגניה מיני רגילה 4יח',גידרון,IL,סופגניה מיני 4יח,יחידה,1.00,יחידה,false,1,12.90,12.90,true,1,
7290009957556,true,סופגניה גדולה רגילה 3יח',גידרון,IL,סופגניה רגילה3יח,יחידה,1.00,יחידה,false,1,12.90,12.90,true,1,
7290009957914,true,מארז מאפה פרצל 3יחידות,אס.פי.דז.או.או.,PL,מארז 3 מאפה פרצל,יחידה,1.00,יחידה,false,1,13.90,13.90,true,1,
7290009958256,true,איבריקו שופרסל משקל,אל פסטור,ES,איבריקו שופרסל,קילוגרמים,0.00,"ק""ג",true,1,109.00,109.00,true,1,
7290009958263,true,מנצגו שופרסל משקל,אל פסטור,ES,מנצגו שופרסל,קילוגרמים,0.00,"ק""ג",true,1,109.00,109.00,true,1,
7290009958515,true,"תפו""ע קנדין אורגני במשקל",,IT,תפוח עץ קנדין,קילוגרמים,0.00,"ק""ג",true,1,22.90,22.90,true,1,
7290009958522,true,גבינת ברי במשקל,פטור'ז,FR,גבינת ברי במשקל,קילוגרמים,0.00,"ק""ג",true,1,99.00,99.00,true,1,
7290009958577,true,בולגרית מעודנת 5% משקל,מחלבות רמת הגולן,IL,בולגרית מעודנת,קילוגרמים,0.00,"ק""ג",true,1,45.00,45.00,true,1,
7290009958584,true,בולגרית 5% שופרסל משקל,מחלבות רמת הגולן,IL,בולגרית 5% משקל,קילוגרמים,0.00,"ק""ג",true,1,58.00,58.00,true,1,
7290009958591,true,בולגרית 16% שופרסל משקל,מחלבות רמת הגולן,IL,בולגרית 16% משקל,קילוגרמים,0.00,"ק""ג",true,1,59.00,59.00,true,1,
7290009958607,true,צפתית מעודנת5% משקל שופר,מחלבות רמת הגולן,IL,צפתית מעודנת 5%,קילוגרמים,0.00,"ק""ג",true,1,58.00,58.00,true,1,
7290010002023,false,כורכום הודי טחון תבליני מימון 100 גרם,א.ל. ייצור ושיווק תבלינים בע`מ,IL,כורכום טחון,גרמים,100.00,100 גרם,false,0,11.60,11.60,true,1,
7290010002078,false,פלפל שחור טחון תבליני מימון (100 גרם),א.ל. ייצור ושיווק תבלינים בע`מ,IL,פלפל שחור טחון,גרמים,100.00,100 גרם,false,0,15.50,15.50,true,1,
7290010002122,false,פפריקה הונגרית מתוקה תבליני מימון 100 גרם,א.ל. ייצור ושיווק תבלינים בע`מ,IL,פפריקה הונגרית,גרמים,100.00,100 גרם,false,0,11.60,11.60,true,1,
7290010002139,false,פפריקה הונגרית חריפה תבליני מימון 100 גרם,א.ל. ייצור ושיווק תבלינים בע`מ,IL,פפריקה הונגרית,גרמים,100.00,100 גרם,false,0,11.60,11.60,true,1,
7290010002146,false,פפריקה מרוקאית מתוקה תבליני מימון 100 גרם,א.ל. ייצור ושיווק תבלינים בע`מ,IL,פפריקה מרוקאית,גרמים,100.00,100 גרם,false,0,11.60,11.60,true,1,
7290010002153,false,פפריקה מרוקאית חריפה תבליני מימון 100 גרם,א.ל. ייצור ושיווק תבלינים בע`מ,IL,פפריקה מרוקאית,גרמים,100.00,100 גרם,false,0,11.60,11.60,true,1,
7290010002207,false,תבלין קינמון טחון תבליני מימון 100 גרם,א.ל. ייצור ושיווק תבלינים בע`מ,IL,קינמון טחון,גרמים,100.00,100 גרם,false,0,10.00,10.00,true,1,
7290010002214,false,תבלין צ'ילי גרוס תבליני מימון 80 גרם,א.ל. ייצור ושיווק תבלינים בע`מ,IL,צ'ילי מקסיקני,גרמים,70.00,100 גרם,false,0,11.60,16.57,true,1,
7290010002283,false,תבלין על האש תבליני מימון 100 גרם,א.ל. ייצור ושיווק תבלינים בע`מ,IL,תבלין על האש,גרמים,100.00,100 גרם,false,0,11.60,11.60,true,1,
7290010002313,false,תבלין ראס אל חנות תבליני מימון 100 גרם,א.ל. ייצור ושיווק תבלינים בע`מ,IL,תבלין לקציצות,גרמים,100.00,100 גרם,false,0,11.60,11.60,true,1,
7290010002320,false,תבלין לגריל עוף תבליני מימון (100 גרם),א.ל. ייצור ושיווק תבלינים בע`מ,IL,תבלין גריל עוף,גרמים,100.00,100 גרם,false,0,11.60,11.60,true,1,
7290010002351,false,זעתר ושומשום בלדי תבליני מימון (100 גרם),א.ל. ייצור ושיווק תבלינים בע`מ,IL,זעטר ושומשום,גרמים,100.00,100 גרם,false,0,11.60,11.60,true,1,
7290010002368,false,תערובת חווויג' תבליני מימון 100 גרם,א.ל. ייצור ושיווק תבלינים בע`מ,IL,חוויאג' למרק,גרמים,100.00,100 גרם,false,0,11.60,11.60,true,1,
7290010002382,false,תבלין אורגנו תבליני מימון 40 גרם,א.ל. ייצור ושיווק תבלינים בע`מ,IL,אורגנו,גרמים,40.00,100 גרם,false,0,10.60,26.50,true,1,
7290010002399,false,תבלין בזיליקום תבליני מימון 40 גרם,א.ל. ייצור ושיווק תבלינים בע`מ,IL,בזיליקום(ריחן),גרמים,40.00,100 גרם,false,0,10.60,26.50,true,1,
7290010002696,false,אקסטרה צ'יפס אורז חום מלא שמנת בצל 60 גרם,א.ל ייצור ושיווק תבלינים בעמ,BG,צ'יפס אורז מלא,גרמים,60.00,100 גרם,false,1,6.90,11.50,true,1,
7290010002726,false,תבלין לפרגיות תבליני מימון 100 גרם.,א.ל. ייצור ושיווק תבלינים בע`מ,IL,תבלין לפרגיות,גרמים,100.00,100 גרם,false,0,11.60,11.60,true,1,
7290010003051,false,פפריקה הונגרית מתוקה תבליני מימון 400 גרם,א.ל. ייצור ושיווק תבלינים בע`מ,IL,פפריקה הונגרית,גרמים,400.00,100 גרם,false,0,24.90,6.23,true,1,
7290010003075,false,פפריקה מרוקאית מתוקה תבליני מימון 400 גרם,א.ל. ייצור ושיווק תבלינים בע`מ,IL,פפריקה מרוקאית,גרמים,400.00,100 גרם,false,0,24.90,6.23,true,1,
7290010003693,false,פפריקה מתוקה בשקית תבליני מימון 80 גרם,א.ל. ייצור ושיווק תבלינים בע`מ,IL,פפריקה מתוקה,גרמים,80.00,100 גרם,false,0,5.90,7.38,true,1,
7290010003709,false,פלפל שחור טחון בשקית תבליני מימון 50 גרם,א.ל. ייצור ושיווק תבלינים בע`מ,IL,פלפל שחור טחון,גרמים,50.00,100 גרם,false,0,7.70,15.40,true,1,
7290010003754,false,כמון טחון בשקית תבליני תבליני מימון 50 גרם,א.ל. ייצור ושיווק תבלינים בע`מ,IL,כמון טחון,גרמים,50.00,100 גרם,false,0,6.00,12.00,true,1,
7290010023141,false,תה לימונענע הגן הקסום ויסוצקי 25 יחידות,תה ויסוצקי (ישראל) בעמ,IL,חליטת לימונענע,גרמים,55.00,100 גרם,false,0,18.90,34.36,true,1,
7290010032402,false,"דבש פרחי הדר 1 ק""ג מכוורת צוקרמן",,IL,דבש פרחי הדר,קילוגרמים,1.00,"ק""ג",false,0,54.90,54.90,true,1,
7290010032426,false,"דבש אקליפטוס 1 ק""ג מכוורת צוקרמן",,IL,דבש אקליפטוס,קילוגרמים,1.00,"ק""ג",false,0,54.90,54.90,true,1,
7290010045006,false,עוגיות חמאה פריכות לחמי (200 גרם),קונדטוריות לחמי,IL,עוגיות חמאה,גרמים,200.00,100 גרם,false,0,18.90,9.45,true,1,
7290010045013,false,עוגיות חמאה צרפתיות לחמי (200 גרם),קונדטוריות לחמי,IL,עוגיות חמאה,גרמים,200.00,100 גרם,false,0,18.90,9.45,true,1,
7290010045051,false,עוגיות מלבן שקדים לחמי (200 גרם),קונדטוריות לחמי,IL,עוגיות שקדים,גרמים,200.00,100 גרם,false,0,18.90,9.45,true,1,
7290010045068,false,עוגיות נסיכה לחמי (250 גרם),קונדטוריות לחמי,IL,עוגיות הנסיכה,גרמים,250.00,100 גרם,false,0,18.90,7.56,true,1,
7290010049004,false,מרמולייט תרכיז ענבים דיאט 1 ליטר,מרמולייט,IL,תרכיז ענבים,ליטרים,1.00,ליטר,false,0,18.90,18.90,true,1,
7290010065332,false,מחית תפוח עץ בננה ג'וניור פרינוק 190 גרם,גורי מוצרי צריכה (1991) בעמ,CZ,פריניוק ג'וניור,גרמים,190.00,100 גרם,false,0,5.90,3.11,true,1,
7290010065349,false,72900פרינוק מחית סלט פירות שלב 3 190 גרם,גורי מוצרי צריכה (1991) בעמ,CZ,פריניק ג'וניור,גרמים,190.00,100 גרם,false,0,5.90,3.11,true,1,
7290010066001,false,נתחי טונה עם שמן צמחי פילטונה 960 גרם,תעשיות פיל טונה בעמ,IL,נתחי טונה בשמן,גרמים,960.00,100 גרם,false,0,36.90,3.84,true,1,
7290010066445,false,טונה בשמן צמחי 414 גרם פילטונה.,תעשיות פילטונה,IL,נתחי טונה בשמן,גרמים,414.00,100 גרם,false,0,13.90,3.36,true,1,
7290010066513,false,נתחי טונה בשמן צמחי רביעיה *158ג' פילטונה,תעשיות פילטונה בעמ,IL,טונה בשמן 4 יח,גרמים,632.00,100 גרם,false,0,22.90,3.62,true,1,
7290010066575,false,נתחי טונה במים רביעיה *158ג' פילטונה,תעשיות פילטונה בעמ,IL,טונה במי מלח 4יח,גרמים,632.00,100 גרם,false,0,22.90,3.62,true,1,
7290010066582,false,נתחי טונה בשמן קנולה רביעיה * 158 ג' פילטונה,תעשיות פילטונה בעמ,IL,טונה בשמן 4 יח,גרמים,632.00,100 גרם,false,0,22.90,3.62,true,1,
7290010066599,false,רביעיית נתחי טונה בשמן זית פילטונה 158X4 גרם,תעשיות פילטונה בעמ,IL,טונה בשמן זית4יח,גרמים,632.00,100 גרם,false,0,27.90,4.41,true,1,
7290010066957,false,נתחי טונה קטנה בשמן צמחי 960ג' פרינס,תעשיות פילטונה,IL,נתחי טונה בשמן,גרמים,960.00,100 גרם,false,0,29.90,3.11,true,1,
7290010116980,false,שוקולית אבקה להכנת משקה שוקו שקית 850,הנסיך- מפעל לייצור ט,IL,שוקולית עלית,גרמים,850.00,100 גרם,false,0,15.90,1.87,true,1,
7290010117864,false,דוריטוס חטיף תירס בטעם חריף אש עלית 70 גרם,"שטראוס פריטו ליי בע""\מ )",IL,דוריטוס חריף,גרמים,70.00,100 גרם,false,0,3.60,5.14,true,1,
7290010129003,false,עוגיות אוזניים דולצ`ה ויטה 600 גר,שיבולים יצור ושיווק מוצרי מאפה,IL,עוגיות אוזניים,גרמים,600.00,100 גרם,false,0,19.90,3.32,true,1,
7290010129010,false,עוגיות כתר ריבה דולצ`ה ויטה (600 גרם),שיבולים יצור ושיווק מוצרי מאפה,IL,עוגיות כתר ריבה,גרמים,600.00,100 גרם,false,0,19.90,3.32,true,1,
7290010129027,false,עוגיות מרוקאיות דולצ`ה ויטה (600 גרם),שיבולים יצור ושיווק מוצרי מאפה,IL,עוגיות מרוקאיות,גרמים,600.00,100 גרם,false,0,19.90,3.32,true,1,
7290010129324,false,עוגיות מעמול דולצה ויטה 600 גר,שיבולים יצור ושיווק מוצרי מאפה,IL,עוגיות מעמול,גרמים,600.00,100 גרם,false,0,19.90,3.32,true,1,
7290010129348,false,עוגיות שוקולד דולצ`ה ויטה (600 גרם),שיבולים יצור ושיווק מוצרי מאפה,IL,עוגיות שוקולד,גרמים,600.00,100 גרם,false,0,19.90,3.32,true,1,
7290010129553,false,עוגיות רולדה תמרים דולצ`ה ויטה (600 גרם),שיבולים יצור ושיווק מוצרי מאפה,IL,עוגיות רולדה,גרמים,600.00,100 גרם,false,1,19.90,3.32,true,1,
7290010129942,false,עוגיות שמרים 500 גרם דולצה ויטה,שיבולים יצור ושיווק מוצרי מאפה,IL,עוגת שמרים,גרמים,500.00,100 גרם,false,0,14.90,2.98,true,1,
7290010129959,false,עוגיות שמרים 400 גרם דולצה ויטה,שיבולים יצור ושיווק מוצרי מאפה,IL,עוגיות שמרים,גרמים,400.00,100 גרם,false,0,11.90,2.98,true,1,
7290010154012,false,לימון בלאדי תבליני ביטון יוחאי (250 גרם),נטו מלינדה סחר בע`מ,IL,לימון בלאדי,גרמים,250.00,100 גרם,false,0,13.90,5.56,true,1,
7290010154029,false,אריסה מתוקה תבליני ביטון יוחאי (250 גרם),תבליני ביטון יוחאי,IL,אריסה מתוקה,גרמים,250.00,100 גרם,false,0,13.90,5.56,true,1,
7290010154050,false,ממרח שיפקה כבוש ביטון יוחאי (250 גרם),תבליני ביטון יוחאי,IL,ממרח שיפקה כבוש,גרמים,250.00,100 גרם,false,1,13.90,5.56,true,1,
7290010154241,false,סלט חזרת ביתית תבליני ביטון יוחאי (250 ג,נטו מלינדה סחר בע`מ,IL,סלט חזרת ביתית,גרמים,250.00,100 גרם,false,0,13.90,5.56,true,1,
7290010154265,false,פלפל צ`ומה תבליני ביטון יוחאי (250 גרם),תבליני יוחאי ביטון,IL,פלפל צ'ומה,גרמים,250.00,100 גרם,false,0,13.90,5.56,true,1,
7290010154678,false,אריסה מרוקאית תבליני ביטון 250 גרם,תבליני יוחאי ביטון,IL,אריסה מרוקאית,גרמים,250.00,100 גרם,false,1,13.90,5.56,true,1,
7290010154685,false,סלט שום כתוש 250 ג' ביטון יוחאי,תבליני ביטון יוחאי,IL,סלט שום כתוש,גרמים,250.00,100 גרם,false,1,13.90,5.56,true,1,
7290010163663,false,אגוזי קאשיו טבעיים 200ג,שקדיה,IL,אגוזי קאשיו טבעי,גרמים,200.00,100 גרם,false,0,23.70,11.85,true,1,
7290010163700,false,שקד קלוף טבעי200ג' שקדיה,שקדיה,IL,שקד טבעי,גרמים,200.00,100 גרם,false,0,18.90,9.45,true,1,
7290010195268,false,פופקורן פופסטאר חמישייה מופחת שומן טבעי,דנשר (1963) בעמ,US,פופסטאר לייט,גרמים,425.00,100 גרם,false,0,12.90,3.04,true,1,
7290010196678,false,קוקי ענק שקיות צליה מארז 10יח,ש.שסטוביץ בעמ,IL,קוקי שקיות,יחידה,1.00,יחידה,false,0,19.90,19.90,true,1,
7290010237531,false,משקה מוגז בטעם קולה פפסי (500 מל),סנו מפעלי ברונוס.,IL,פפסי בקבוק,מיליליטרים,500.00,"100 מ""ל",false,0,4.50,0.90,true,1,
7290010237548,false,"פפסי מקס דל קלוריות 500 מ""ל בקבוק",טמפו משקאות בע`מ,IL,פפסי מקס,מיליליטרים,500.00,"100 מ""ל",false,0,4.70,0.94,true,1,
7290010237784,false,בירה שנדי בתוספת משקה לימון ליים - שישייה,"טמפו משקאות בע""\מ",IL,מכבי שנדי 6 יח,ליטרים,1.98,ליטר,false,0,27.90,14.09,true,1,
7290010237890,false,"בירה הייניקן בקבוק 500 מ""ל חוזר",טמפו משקאות בע''מ,IL,בירה הייניקן,מיליליטרים,500.00,"100 מ""ל",false,0,9.20,1.84,true,1,
7290010259359,false,וילי פוד נודלס אטר.ביצים להקפצה בדץ 200ג,ג.וילי פוד אינטרנשיונל בעמ,CN,נודלס ביצים,גרמים,200.00,100 גרם,false,0,4.90,2.45,true,1,
7290010259366,false,וילי פוד נודלס אטר.ביצים מסולסל בדץ 200ג,ג. וילי-פוד אינטרנשיונל בע`מ,CN,נודלס ביצים,גרמים,200.00,100 גרם,false,0,4.90,2.45,true,1,
7290010259823,false,מנת השף נודלס בטעם עוף וילי פוד (70 גרם),ג. וילי-פוד אינטרנשיונל בע`מ,TH,מנת השף נודלס,גרמים,70.00,100 גרם,false,0,4.90,7.00,true,1,
7290010259830,false,מנת השף נודלס בסגנון סיני פיקנטי וילי פוד 70 גרם,ג. וילי-פוד אינטרנשיונל בע`מ,TH,מנת השף נודלס,גרמים,70.00,100 גרם,false,0,4.90,7.00,true,1,
7290010259847,false,מנת השף מרק עם נודלס בטעם תירס ויליפוד 70 גרם,ג. וילי-פוד אינטרנשיונל בע`מ,TH,מנת השף נודלס,גרמים,70.00,100 גרם,false,0,4.90,7.00,true,1,
7290010259854,false,מנת השף מרק עם נודלס בטעם פטריות ויליפוד 70 גרם,ג. וילי-פוד אינטרנשיונל בע`מ,TH,מנת השף נודלס,גרמים,70.00,100 גרם,false,0,4.90,7.00,true,1,
7290010259861,false,מנת השף מרק עם נודלס בטעם ירקות ויליפוד 70 גרם,ג. וילי-פוד אינטרנשיונל בע`מ,TH,מנת השף נודלס,גרמים,70.00,100 גרם,false,0,4.90,7.00,true,1,
7290010259977,false,שמן קנולה מזוכך ויליפוד 1 ליטר,ג.וילי-פוד אינטרנשיונל ***שמן,PL,שמן קנולה מזוכך,ליטרים,1.00,ליטר,false,0,10.90,10.90,true,1,
7290010259991,false,צנימים מיוחדים בטעם טבעי 250 ג',ג. וילי-פוד אינטרנשיונל בע`מ,GR,צנימים,גרמים,250.00,100 גרם,false,0,6.90,2.76,true,1,
7290010328505,false,"מארז מיני חלווה 15 יחידות לל""ס אחוה 150 גרם",אחדות ביחר לטחינה חל,IL,מיני חלווה,גרמים,150.00,100 גרם,false,0,9.90,6.60,true,1,
7290010328819,false,"ממרח טחינה עם שוקולד לל""ס 400 ג' אחדות!.",אחדות ביחר לטחינה חל,IL,ממרח טחינה,גרמים,400.00,100 גרם,false,1,10.00,2.50,true,1,
7290010329854,false,מיני קוקיס עוגיות בטעם חמאה ללא סוכר כרמית 600 גרם,כרמית תעשיות ממתקים בעמ,IL,מיני קוקיס חמאה,גרמים,600.00,100 גרם,false,0,19.90,3.32,true,1,
7290010382842,false,"קרם נטורל פורמולה קרם לחות קלילה לשיער רגיל, 400 מ""ל קלילה רגיל",החברה הדרומית לשיווק בעמ,IL,קרם לחות לשיער,מיליליטרים,400.00,"100 מ""ל",false,0,21.70,5.43,true,1,
7290010429554,false,"שמן זית כתית מעולה יד מרדכי 2 קלאסי, 750 מ""ל",מכוורת יד מרדכי שטראוס ב,IL,שמן זית 2 קלאסי,מיליליטרים,750.00,"100 מ""ל",false,0,33.90,4.52,true,1,
7290010471669,false,יוגורט תות עם קורנפלקס מצופה שוקולד ללא גלוטן 3.9%,שטראוס גרופ בעמ/מצונן,IL,דנונה בר תות,גרמים,175.00,100 גרם,false,0,4.60,2.63,true,1,
7290010472307,false,"שמיניית משקה גמדים תות בננה דיסני 108 מ""ל",שטראוס גרופ בעמ/מצונן,IL,גמדים לשתיה 8 יח,מיליליטרים,800.00,"100 מ""ל",false,0,20.00,2.50,true,1,
7290010472390,false,מארז 8 יחידות מעדן דני בטעם שוקולד 1.5%,שטראוס גרופ בעמ/מצונן,IL,דני שוקולד 8 יח',קילוגרמים,1.00,"ק""ג",false,0,15.90,15.90,true,1,
7290010513703,false,4079400330129צ`ופסטיקס צפצפה 20 יח,מזרח ומערב יבוא ושיווק,IL,צ'ופסטיקס צפצפה,יחידה,1.00,יחידה,false,0,6.50,6.50,true,1,
7290010513727,false,פנקו פרורי לחם 200 גרם (קינגדאו),מזרח ומערב יבוא ושיווק,CN,פנקו פרוי לחם,גרמים,200.00,100 גרם,false,0,7.90,3.95,true,1,
7290010517183,false,קברנה סוביניון פלם 750מל,יקב פלם,IL,קברנה סוביניון,מיליליטרים,750.00,"100 מ""ל",false,1,169.90,22.65,true,1,
7290010546343,false,חביתה טבעונית וגאנץ 100 גר,ל.י.ב. (לחיות יותר בטבע) בעמ,IL,חביתה טבעונית,גרמים,100.00,100 גרם,false,1,11.90,11.90,true,1,
7290010548514,false,קוביות עשבי תיבול לבישול איטלקי דורות 70 גרם,קבוצת אוסם סחר שותפות מוגבלת,IL,דורותעשבי תיבול,גרמים,70.00,100 גרם,false,0,9.90,14.14,true,1,
7290010561711,false,ברילי שייק קפה קיטו 30 גרם,אשבל,IL,אבקה להכנת קפה,גרמים,30.00,100 גרם,false,1,9.90,33.00,true,1,
7290010561728,false,אבקה להכנת משקה שוקו 40,אשבל,IL,אבקה משקה שוקו,גרמים,40.00,100 גרם,false,1,9.90,24.75,true,1,
7290010561780,false,אבקת הכנת פודינג וניל35ג,אשבל,IL,אבקת פודינג,גרמים,35.00,100 גרם,false,1,9.90,28.29,true,1,
7290010561797,false,אבקת להכנת פודינג 43 גרם,אשבל,IL,אבקת פודינג,גרמים,43.00,100 גרם,false,1,9.90,23.02,true,1,
7290010582341,false,אפרסמון קרמבו ארוז,מור פירות השרון,IL,אפרסמון קרמבו,קילוגרמים,0.00,"ק""ג",true,1,13.90,13.90,true,1,
7290010608041,false,"יין לבן סובאז' 750 מ""ל",יקבי יפו,IL,יין לבן סובאז',מיליליטרים,750.00,"100 מ""ל",false,1,69.90,9.32,true,1,
7290010609079,false,טרופיקש 10 יח,,IL,טרופיקש 10 יח,ליטרים,2.00,ליטר,false,0,15.30,7.65,true,1,
7290010627004,false,טחינה גולמית מסורתית ירושלים 500 ג',תה ויסוצקי (ישראל) בעמ,IL,טחינה ירושלים,גרמים,500.00,100 גרם,false,0,15.90,3.18,true,1,
7290010627844,false,טחינה גולמית שומשום מלא ירושלים 500גרם,תה ויסוצקי (ישראל) בעמ,IL,טחינה מלאה,גרמים,500.00,100 גרם,false,1,15.90,3.18,true,1,
7290010632787,false,צימרוני אוזניים מעץ אינטרסן) (300,הדקלאים אגודת שיתופי,CN,צמרוני אוזניים,יחידה,1.00,יחידה,false,0,3.90,3.90,true,1,
7290010650033,false,בצלצלי שלוט מגשית 350 גר,ביכורי השדה צפון 1994 ג.ד. בעמ,NL,בצלצלי שאלוט,גרמים,350.00,100 גרם,false,0,14.00,4.00,true,1,
7290010650040,false,פטריות שיטאקי חוות תקוע,ביכורי שדה דרום 2002,IL,פיטריות שיטאקי,גרמים,100.00,100 גרם,false,0,11.90,11.90,true,1,
7290010650194,false,זנגוויל (ג'ינג'ר)ארוז מגשית,"פסח בא בע""מ",CN,שורש גינגר טרי,גרמים,250.00,100 גרם,false,0,10.90,4.36,true,1,
7290010650415,false,עגבניות מיובשות 200 גרם תקוע,ביכורי השדה צפון 1994 ג.ד. בעמ,TR,עגבניה לחה,גרמים,200.00,100 גרם,false,0,14.90,7.45,true,1,
7290010650668,false,למון גראס -חוות תקוע,ביכורי השקמה,IL,למון גראס יחידה,יחידה,1.00,יחידה,false,1,11.90,11.90,true,1,
7290010650828,false,פטריות שימג'י חוות תקוע 150 גרם,ביכורי השדה צפון 1994 ג.ד. בעמ,CN,פטריות שי-מג'י,גרמים,150.00,100 גרם,false,1,11.90,7.93,true,1,
7290010650996,false,"פטריות שי מג'י חומות, 150 גרם חוות תקוע",ביכורי השדה צפון 1994 ג.ד. בעמ,CN,פטריות שי-מג'י,גרמים,150.00,100 גרם,false,1,11.90,7.93,true,1,
7290010748518,false,"סרקל פורטה שמפו לילדים 750 מ""ל",פישר תעשיות פרמבצטיות בעמ,IL,שמפו סרקל פורטה,מיליליטרים,750.00,"100 מ""ל",false,0,25.20,3.36,true,1,
7290010748525,false,"סרקל פורטה מרכך לילדים 750 מ""ל","פישר תעשיות פרמבצטיות בע""מ",IL,מרכך סרקל פורטה,מיליליטרים,750.00,"100 מ""ל",false,0,25.20,3.36,true,1,
7290010748860,false,"ד""ר פישר - אפקטיב קר קרם ידיים אינטנסיב 150 מ""ל","פישר תעשיות פרמבצטיות בע""מ",IL,קרם ידיים,מיליליטרים,150.00,"100 מ""ל",false,0,11.90,7.93,true,1,
7290010748884,false,אפקטיב קר קרם גוף אינטנסיב לעור יבש במיוחד ח 700,"פישר תעשיות פרמבצטיות בע""מ",IL,קרם גוף,מיליליטרים,700.00,"100 מ""ל",false,0,29.90,4.27,true,1,
7290010748891,false,אפקטיב קר קרם גוף מולטי ויטמין לעור רגיל יבש ח 7,פישר תעשיות פרמצבטיות בעמ,IL,קרם גוף,מיליליטרים,700.00,"100 מ""ל",false,0,29.90,4.27,true,1,
7290010760749,false,מארז לחמניות שישייה אריאל,מאפיית אריאל בעמ,IL,לחמניה ללא גלוטן,גרמים,400.00,100 גרם,false,0,17.90,4.48,true,1,
7290010766956,false,ממרח פלפלים מתוקים אדומים אוליביה 180 גרם,תה ויסוצקי (ישראל)בעמ,IL,ממרח פלפל גמבה,גרמים,180.00,100 גרם,false,0,13.90,7.72,true,1,
7290010777099,false,פיתות בעבודת יד פיתה אקספרס 8 יחידות,מגוון שיווק והפצת מאפים בעמ,IL,פיתות אקספרס 8יח,גרמים,800.00,100 גרם,false,1,11.90,1.49,true,1,
7290010777150,false,שמניית פיתה בריבוע מחיטה מלאה פיתה אקספרס,מגוון שיווק והפצת מאפים בעמ,IL,פיתות ריבוע,גרמים,900.00,100 גרם,false,0,13.90,1.54,true,1,
7290010777297,false,פיתות עבודת יד10 יח'/ פיתה ביס לבן 12 יח',מגוון שיווק והפצת מאפים בעמ,IL,פיתות ביס,גרמים,600.00,100 גרם,false,0,12.90,2.15,true,1,
7290010777358,false,מארז שמיניית פיתות 100% כוסמין מלא,מגוון שיווק והפצת מאפים בעמ,IL,פיתות כוסמין 8יח,גרמים,400.00,100 גרם,false,1,16.90,4.23,true,1,
7290010777488,false,ביס מקמח מלא מחמצת 99 קלוריות 10 יח`,מגוון שיווק והפצת מאפים בעמ,IL,פיתה מחמצת,גרמים,300.00,100 גרם,false,1,16.90,5.63,true,1,
7290010777525,false,מארז שישייה פיתות כוסמין פיתה אקספרס,מגוון שיווק והפצת מאפים בעמ,IL,פיתות כוסמין מלא,גרמים,300.00,100 גרם,false,1,16.90,5.63,true,1,
7290010791552,false,לה-קט דליקטס טונה ברוטב 85 גר',דיפלומט מפיצים (1968) בעמ**,TH,לה קט דליקטס,גרמים,85.00,100 גרם,false,0,5.90,6.94,true,1,
7290010814695,false,שוקולד מריר פרווה ללא תוספת סוכר כרמית 85 גרם,"כרמית תעשיות ממתקים בע""\",IL,שוקולד מריר,גרמים,85.00,100 גרם,false,0,5.90,6.94,true,1,
7290010814701,false,שוקולד חלב ללא תוספת סוכר וסטהיים,"כרמית תעשיות ממתקים בע""\",IL,שוקולד חלב,גרמים,85.00,100 גרם,false,0,5.90,6.94,true,1,
7290010838219,false,ממתיק על בסיס צמח הסטיביה - שקיות,"קיפל טבליות וממתיקים בע""מ",IL,ממתיק מרמולייט,גרמים,100.00,100 גרם,false,0,29.90,29.90,true,1,
7290010838424,false,ג'ל לניקוי מתקדם בניחוח רענן - מארז זוג,"איטיליאן פוד, אס.פי.",NL,דאק לאסלה זוג,ליטרים,1.50,ליטר,false,0,18.90,12.60,true,1,
7290010838431,false,ג'ל לניקוי מתקדם בניחוח ים - מארז זוג,מיוצר עי קונדיטוריית,NL,דאק לאסלה זוג,ליטרים,1.50,ליטר,false,0,18.90,12.60,true,1,
7290010839865,false,רוטב רכז רימונים ויליפוד 320 ג',ג. וילי-פוד אינטרנשיונל בע`מ,TR,רוטב רימונים,גרמים,320.00,100 גרם,false,0,10.90,3.41,true,1,
7290010931330,false,סלט מטבוחה אחלה 500 גרם,שטראוס גרופ בעמ/מצונן,IL,סלט מטבוחה אחלה,גרמים,500.00,100 גרם,false,0,13.80,2.76,true,1,
7290010945481,false,גבינה לבנה טרה 5% מרכיבים טבעיים,החברה המרכזית טלהפצת משקאות בע,IL,גבינה לבנה 5%,גרמים,500.00,100 גרם,false,0,9.96,1.99,true,1,
7290010970018,false,תמרים מרוסקים 500 גרם,,AE,תמרים מרוסקים,גרמים,500.00,100 גרם,false,1,13.90,2.78,true,1,
7290010970100,false,שמן שומשום כבישה קרה 250 מיל טעמים,"ג.מ טעם הארץ בע""\ם",IL,שמן שומשום,מיליליטרים,250.00,"100 מ""ל",false,1,29.60,11.84,true,1,
7290010970193,false,סילאן תמרים טבעי 100% תמרים,"ג.מ טעם הארץ בע""\ם",IL,סילאן תמרים טבעי,גרמים,900.00,100 גרם,false,1,19.90,2.21,true,1,
7290010970254,false,חומץ בן יין לבן מונט,"ג.מ טעם הארץ בע""\ם",IL,חומץ יין לבן,מיליליטרים,500.00,"100 מ""ל",false,0,15.20,3.04,true,1,
7290010970261,false,"חומץ תפוחי עץ 500 מ""ל ""טעמים""","ג.מ טעם הארץ בע""\ם",IL,חומץ תפוחי עץ,מיליליטרים,500.00,"100 מ""ל",false,0,15.20,3.04,true,1,
7290010970452,false,טחינה גולמית מעודנת 380 גרם,,IL,טחינה גולמית,גרמים,380.00,100 גרם,false,1,14.90,3.92,true,1,
7290010970537,false,שמן קנולה בתרסיס 200 גרם טעמים,"ג.מ טעם הארץ בע""\ם",IL,תרסיס שמן קנולה,גרמים,200.00,100 גרם,false,0,12.90,6.45,true,1,
7290010970551,false,שמן אבוקדו מעודן 250 מ`ל טעמים,"ג.מ טעם הארץ בע""\ם",IL,שמן אבוקדו,מיליליטרים,250.00,"100 מ""ל",false,1,29.60,11.84,true,1,
7290010970773,false,סילאן תמרים 100% טבעי בקבוק לחיץ 350 גרם,"ג.מ טעם הארץ בע""\ם",IL,סילאן טבעי,גרמים,350.00,100 גרם,false,1,14.90,4.26,true,1,
7290011015862,false,סירופ דיאט 750 מל בטעם לימונענע פריגת,החברה המרכזית להפצת משקאות בעמ,IL,סירופ לימונענע,מיליליטרים,750.00,"100 מ""ל",false,0,23.90,3.19,true,1,
7290011017866,false,פחית קולה סליק קוקה-קולה (330 מל),החברה המרכזית להפצת משקאות בעמ,IL,קוקה קולה פחית,מיליליטרים,330.00,"100 מ""ל",false,0,5.40,1.64,true,1,
7290011017873,false,פחית זירו סליק קוקה-קולה (330 מל),החברה המרכזית להפצת משקאות בעמ,IL,קולה זירו,מיליליטרים,330.00,"100 מ""ל",false,0,5.40,1.64,true,1,
7290011017880,false,פחית דיאט קולה סליק קוקה-קולה (330 מל),החברה המרכזית להפצת משקאות בעמ,IL,קוקה קולה דיאט,מיליליטרים,330.00,"100 מ""ל",false,0,5.40,1.64,true,1,
7290011018184,false,תה קר בטעם אפרסק פיוז-טי (500 מל),החברה המרכזית להפצת משקאות בעמ,IL,פיוז תה אפרסק,מיליליטרים,500.00,"100 מ""ל",false,0,7.40,1.48,true,1,
7290011018443,false,משקה מוגז אורנג` פאנטה (330 מל),החברה המרכזית להפצת משקאות בעמ,IL,פאנטה ט.אורנג פח,מיליליטרים,330.00,"100 מ""ל",false,0,5.40,1.64,true,1,
7290011018917,false,ק.קולה זירו פרידגפק סליק 330 מל שישייה,החברה המרכזית להפצת משקאות בעמ,IL,קוקה קולה זירו6י,ליטרים,1.98,ליטר,false,0,22.90,11.57,true,1,
7290011018924,false,"מארז פחיות דיאט קוקה קולה שישייה 330 מ""ל",החברה המרכזית להפצת משקאות בעמ,IL,שישיית קולה דיאט,ליטרים,1.98,ליטר,false,0,22.90,11.57,true,1,
7290011026530,false,ק.ב סנסטיב אל סבון לבנדר קמומיל לפני השינה 500 מ,"פישר תעשיות פרמצביטות בע""מ",IL,אל סבון קמיל,מיליליטרים,500.00,"100 מ""ל",false,0,17.90,3.58,true,1,
7290011091507,false,פלפל שחור שלם]פרג[100גר,תבליני הדור השלישי,IL,פלפל שחור טחון,גרמים,100.00,100 גרם,false,0,14.90,14.90,true,1,
7290011110109,false,תירס לבן מתוק יחידה,"יגור חקלאות בע""מ",IL,תירס לבן מתוק,יחידה,1.00,יחידה,false,1,17.90,17.90,true,1,
7290011113926,false,דאודורנט ספריי טיטניום בלאק Titanium Black,החברה הדרומית לשיווק בעמ,IL,דאודורנט טיטניום,מיליליטרים,200.00,"100 מ""ל",false,0,14.90,7.45,true,1,
7290011115203,false,אל סבון מוצק מבושם בניחוח עדין קלאסיק - מארז רביעיה,החברה הדרומית לשיווק בעמ,IL,סבון נקה 7 4 יח,גרמים,400.00,100 גרם,false,0,12.50,3.13,true,1,
7290011115258,false,אל סבון מוצק מבושם בניחוח עדין קלאסיק - מארז רביעיה,החברה הדרומית לשיווק בעמ,IL,נקה 7 סבון 4 יח,גרמים,400.00,100 גרם,false,0,12.50,3.13,true,1,
7290011126209,false,הגן הקסום תה טעם תפוח וקינמון סיידר ויסוצקי 25 יח',תה ויסוצקי (ישראל)בעמ,IL,חליטת תפוח קנמון,גרמים,67.00,100 גרם,false,0,18.90,28.21,true,1,
7290011126452,false,הגן הקסום תה בטעם קמומיל ונענע ויסוצקי 25 יחידות,תה ויסוצקי (ישראל) בעמ,IL,חליטת קמומיל,גרמים,37.00,100 גרם,false,0,18.90,51.08,true,1,
7290011126469,false,חליטת צמחים וקמומיל הגן הקסום ויסוצקי 25 יחידות,תה ויסוצקי (ישראל) בעמ,IL,חליטת קמומיל+דבש,גרמים,37.00,100 גרם,false,0,18.90,51.08,true,1,
7290011126940,false,תה ירוק ויסוצקי בתוספת מרווה 25 שקיקים,תה ויסוצקי (ישראל) בעמ,IL,תה ירוק מרווה,גרמים,37.00,100 גרם,false,0,24.90,67.30,true,1,
7290011131371,false,מוזלי קראנצ`י שקדים ואגוזים גרין (1 קג),ויטליאה ניקולה דו,MK,מוזלי קראנצ'י,קילוגרמים,1.00,"ק""ג",false,0,25.90,25.90,true,1,
7290011131395,false,מוזלי קראנצ`י 30% פירות גרין (1 קג),ויטליאה ניקולה דו,MK,מוזלי 30% פירות,קילוגרמים,1.00,"ק""ג",false,0,25.90,25.90,true,1,
7290011131609,false,"מיזלי מ.שומן 30% פירות 1 ק""ג",ויטליאה ניקולה דו.,MK,מוזלי 30% פירות,קילוגרמים,1.00,"ק""ג",false,0,25.90,25.90,true,1,
7290011131616,false,מוזלי אגוזים מופח.שומן1ק,ויטליאה ניקולה דו.,MK,מוזלי אגוזים,קילוגרמים,1.00,"ק""ג",false,0,25.90,25.90,true,1,
7290011132552,false,"רביעיית בירה פאולנר בקבוק 330 מ""ל",טמפו משקאות בעמ,DE,בירה פאולנר 4 יח,ליטרים,1.32,ליטר,false,0,36.90,27.96,true,1,
7290011132583,false,"מארז פפסי מקס 500 מ""ל*6 יח' בקבוק","טמפו משקאות בע""\מ",IL,פפסי מקס 6 יח,ליטרים,3.00,ליטר,false,0,20.90,6.97,true,1,
7290011133634,false,"פפסי מקס פחית צרה מארז שישייה 330 מ""ל","טמפו משקאות בע""\מ",IL,פפסי מקס 6 פחיות,ליטרים,1.98,ליטר,false,1,18.90,9.55,true,1,
7290011148935,false,מלפפון בייבי יחידה,חקלאי,IL,מלפפון בייבי,גרמים,350.00,100 גרם,false,0,9.90,2.83,true,1,
7290011154035,false,"תרכיז תפוחים סחוט 500 מ""ל טעמי הגליל",ליימן שליסל בעמ,IL,תרכיז תפוחים,מיליליטרים,500.00,"100 מ""ל",false,1,20.50,4.10,true,1,
7290011194215,false,מעדן גבינה ויוגורט בטעם בננה 5% שומן 88 ג' דניאלה,שטראוס גרופ בעמ/מצונן,IL,דניאלה בננה,גרמים,88.00,100 גרם,false,0,4.10,4.66,true,1,
7290011194246,false,קוטג 5% 250 גרם עם סידן שטראוס,שטראוס גרופ בעמ/מצונן,IL,קוטג' 5% שומן,גרמים,250.00,100 גרם,false,0,5.90,2.36,true,1,
7290011223038,false,בונומי עלים לקרמשניט שכבות אפויות מבצק עלים 300 גרם,דנשר (1963) בעמ,IT,עלים לקרמשניט,גרמים,300.00,100 גרם,false,1,15.90,5.30,true,1,
7290011223243,false,"טואלט דאק ג'ל לאסלה בניחוח לבנדר 55 מ""ל","איטיליאן פוד, אס.פי.",IT,דאק ג'ל לאסלה,מיליליטרים,55.00,"100 מ""ל",false,0,9.90,18.00,true,1,
7290011239336,false,חלבה ארוז ללא תוספת סוכר 400גר,סוכנויות עמוס ממתקים בעמ,IL,חלבה מחרום,גרמים,400.00,100 גרם,false,1,21.90,5.48,true,1,
7290011239343,false,חטיף שומשום 330 גרם,סוכניות עמוס ממתקים בעמ,IL,חלבה מחרום,גרמים,400.00,100 גרם,false,1,21.90,5.48,true,1,
7290011239404,false,חטיפים מתוקים טעמים שונים 330גר,סוכנויות עמוס ממתקים בעמ,IL,חטיפים ארוזים,גרמים,330.00,100 גרם,false,0,14.90,4.52,true,1,
7290011378028,false,חלבה קלאסית וניל ללא תוספת סוכר בארכה 350 גרם,קבוצת אסם סחר שות. מוגבלת,IL,"חלבה ללת""ס",גרמים,350.00,100 גרם,false,0,16.90,4.83,true,1,
7290011378257,false,חטיף חלבה בטעם וניל ללא תוספת סוכר בתוספת פיסטוק ופקאן,קבוצת אוסם סחר-שות.מוגבלת,IL,חטיפי חלבה 7 יח,גרמים,125.00,100 גרם,false,0,12.90,10.32,true,1,
7290011378769,false,חטיף חלווה וניל בארכה 126 גרם מארז 7 יחידות,קבוצת אוסם סחר שותפות מוגבלת,IL,חטיפי חלבה,גרמים,126.00,100 גרם,false,0,13.50,10.71,true,1,
7290011426415,false,"שמן פשתן טבעי 250 מ""ל",,IL,שמן פשתן,מיליליטרים,250.00,"100 מ""ל",false,1,25.90,10.36,true,1,
7290011435226,false,דבש מפרחי בר לחיץ 650 ג' יד מרדכי,מכוורת יד מרדכי שטראוס ב,IL,דבש בקבוק לחיץ,גרמים,650.00,100 גרם,false,0,31.90,4.91,true,1,
7290011438142,false,"משקה יטבתה אייס קפה בבקבוק אישי 350 מ""ל",שטראוס גרופ בעמ/מצונן,IL,משקה חלב קפה,מיליליטרים,350.00,"100 מ""ל",false,0,6.20,1.77,true,1,
7290011447267,false,מטרנה פרימיום חלבי שלב 1 700 גרם חיסכון,קבוצת אוסם סחר-שות.מוגבלת,IL,מטרנה חלבי,גרמים,700.00,100 גרם,false,0,49.90,7.13,true,1,
7290011447281,false,מטרנה פרימיום חלבי שלב 2 700 גרם חיסכון,קבוצת אוסם סחר שותפות מוגבלת,IL,מטרנה חלבי שלב 2,גרמים,700.00,100 גרם,false,0,49.90,7.13,true,1,
7290011447304,false,מטרנה פרימיום חלבי שלב 3 700 גרם חיסכון,קבוצת אוסם סחר שותפות מוגבלת,IL,מטרנה חלבי שלב 3,גרמים,700.00,100 גרם,false,0,49.90,7.13,true,1,
7290011473211,false,"עדשים אדומים אורגני 500 גרם ""תבואות""",גורי מוצרי צריכה (1991) בעמ,TR,עדשים אדומות,גרמים,500.00,100 גרם,false,0,12.40,2.48,true,1,
7290011473310,false,פולי אזוקי אורגני 500 גרם,תבואות,CN,פולי אזוקי,גרמים,500.00,100 גרם,false,0,13.20,2.64,true,1,
7290011473549,false,קמח קינואה אורגני 500 גר תבואות,תבואות,BO,קמח קינואה,גרמים,500.00,100 גרם,false,1,17.90,3.58,true,1,
7290011473860,false,שמרי בירה-אבקה טבעי 250 גר,תבואות,FR,שמרי בירה אבקה,גרמים,250.00,100 גרם,false,0,24.70,9.88,true,1,
7290011489694,false,פירורי ביסקוויט בטעם וניל 300 ג`הדר,ח.כהן סוכנות מזון ומשקאות בע,IL,פירורי בסקוויט,גרמים,300.00,100 גרם,false,0,5.90,1.97,true,1,
7290011498092,false,מרציפן נטו 56% 200 גרם,"אלמנדוס בע""מ",IL,מרציפן 56%,גרמים,200.00,100 גרם,false,1,21.90,10.95,true,1,
7290011498177,false,ממרח שקד לבן מקולף 700 ג,שקד תבור,IL,ממרח שקד לבן,גרמים,700.00,100 גרם,false,0,64.90,9.27,true,1,
7290011498283,false,אגוזי אדמה חמאה בוטנים 700 גר,שקד תבור,IL,חמאת בוטנים,גרמים,700.00,100 גרם,false,1,24.90,3.56,true,1,
7290011498351,false,ממרח אילסר אגוזי לוז,שקד תבור,IL,חמאת אגוזי לוז,גרמים,200.00,100 גרם,false,1,23.90,11.95,true,1,
7290011498511,false,ממרח חלבה מלאה עשירה350ג,שקד תבור,IL,ממרח חלבה,גרמים,350.00,100 גרם,false,1,15.90,4.54,true,1,
7290011498726,false,שמן שקדים 100% 250 מ,שקד תבור,IL,שמן שקדים100%,מיליליטרים,250.00,"100 מ""ל",false,0,32.90,13.16,true,1,
7290011498740,false,שקד מלא טחון בכבישה קרה,"אלמונדס בע""מ",IL,שקד מלא טחון,גרמים,310.00,100 גרם,false,0,34.90,11.26,true,1,
7290011498870,false,מארז חטיפי תמר במילוי חמאת שקדים 150 גרם,"אלמנדוס בע""מ",IL,חטיף תמרים,גרמים,150.00,100 גרם,false,0,17.90,11.93,true,1,
7290011498887,false,מארז חטיפי תמר במילוי חמאת קוקוס 150 גרם,"אלמנדוס בע""מ",IL,חטיף תמר + קוקוס,גרמים,150.00,100 גרם,false,0,17.90,11.93,true,1,
7290011498894,false,מארז חטיפי תמר במילוי חמאת בוטנים 150 גרם,מרכז השקד,IL,חטיפי תמר,גרמים,150.00,100 גרם,false,0,17.90,11.93,true,1,
7290011498948,false,מארז חטיפי תמר מצופה שוקולד 100% קקאו 150 גרם,"אלמנדוס בע""מ",IL,חטיפי תמר מצופים,גרמים,150.00,100 גרם,false,0,17.90,11.93,true,1,
7290011498955,false,אגוזי אדמה חמאת בוטנ300ג,שקד תבור,IL,חמאת בוטנים,גרמים,300.00,100 גרם,false,0,12.90,4.30,true,1,
7290011498962,false,שקד לבן בכבישה קרה 300 ג,"אלמונדס בע""מ",IL,שקד לבן כבישה קר,גרמים,300.00,100 גרם,false,0,38.90,12.97,true,1,
7290011499051,false,פטה כבשים מסורתית 20% בגביע 250 גרם - רובין,מחלבות גד שיווק 1992 בעמ,IL,פטה כבשים,גרמים,250.00,100 גרם,false,0,24.90,9.96,true,1,
7290011499105,false,בולגרית מסורתית 5% 250 גרם -רבנות,מחלבות גד שיווק 1992 בעמ,IL,גבינה בולגרית 5%,גרמים,250.00,100 גרם,false,0,22.60,9.04,true,1,
7290011499112,false,בולגרית מסורתית 16% 250 גרם - רבנות,מחלבות גד שיווק 1992 בעמ,IL,גבינה בולגרית,גרמים,250.00,100 גרם,false,0,22.60,9.04,true,1,
7290011499129,false,גבינה בולגרית מעודנת קוביות קטנות 5% גד 200 גרם,מחלבות גד שיווק 1992 בעמ,IL,קוביות בולגרית,גרמים,200.00,100 גרם,false,0,20.90,10.45,true,1,
7290011499303,false,פטה עיזים מעודנת 5% בגביע 250 גרם - רבנות,מחלבות גד שיווק 1992 בעמ,IL,פטה מעודנת עיזים,גרמים,250.00,100 גרם,false,0,30.90,12.36,true,1,
7290011499341,false,גבינת קשקבל ארוז 26 אחוז 250גרם גד,מחלבות גד שיווק 1992 בעמ,IL,גבינת קאשקבלו,גרמים,200.00,100 גרם,false,0,28.90,14.45,true,1,
7290011499358,false,פטה עיזים מסורתית 20% בגביע 200 גרם - רובין,מחלבות גד שיווק 1992 בעמ,IL,פטה עיזים20%,גרמים,200.00,100 גרם,false,0,26.00,13.00,true,1,
7290011499365,false,גבינת חלומי 24% מחלב בקר גד (200 גרם),מחלבות גד שיווק 1992 בעמ,IL,חלומי גד 24%,גרמים,200.00,100 גרם,false,0,20.90,10.45,true,1,
7290011499419,false,גבינה במרקם שמנת בטעם טבעי 5% ניו יורק,מחלבות גד שיווק 1992 בעמ,IL,גבינת שמנת גד5%,גרמים,200.00,100 גרם,false,0,11.40,5.70,true,1,
7290011499525,false,גבינת לאבנה דרוזית 9% גד 500 גרם,מחלבות גד שיווק 1992 בעמ,IL,לאבנה דרוזית 9%,גרמים,500.00,100 גרם,false,0,20.30,4.06,true,1,
7290011499624,false,שמנת 30% ניו יורק טבעי 200 גרם רבנות,מחלבות גד שיווק 1992 בעמ,IL,גבינת שמנת 30%,גרמים,200.00,100 גרם,false,0,12.90,6.45,true,1,
7290011499846,false,גבינת ריקוטה פרסקה 9% גד (300 גרם),מחלבות גד שיווק 1992 בעמ,IL,ריקוטה פרסקה 9%,גרמים,300.00,100 גרם,false,0,18.00,6.00,true,1,
7290011499853,false,שמנת 30% ניו יורק זיתים 200 גרם רובין,מחלבות גד שיווק 1992 בעמ,IL,גבינת שמנת,גרמים,200.00,100 גרם,false,0,12.90,6.45,true,1,
7290011501570,false,מיצוי שזיפים 1 ליטר,דין שיווק וקליה 2021 בעמ,US,מיץ שזיפים,מיליליטרים,946.00,"100 מ""ל",false,0,15.30,1.62,true,1,
7290011501617,false,חמוציות ברכז תפוחים ללא סוכר 250 גרם,דין שיווק וקליה 2021 בעמ,IL,חמוציות דל סוכר,גרמים,250.00,100 גרם,false,0,19.70,7.88,true,1,
7290011505806,false,קיסמי שיניים דנטאליים מפלסטיק 200 יחידות בחבית,אינטרסן (1996) בעמ,CN,קיסמי שיניים,יחידה,1.00,יחידה,false,0,9.80,9.80,true,1,
7290011515683,false,מאגדת טילון אקסטרים וניל נסטלה 6 יחידות,נגה גלידות שותפות מוגבלת,IL,מאגדת אקסטרים,גרמים,432.00,100 גרם,false,0,33.90,7.85,true,1,
7290011518561,false,"אקטימל תות 1.51 ק""ג מארז 14 יחידות",שטראוס גרופ בעמ/מצונן,IL,אקטימל מארז14יח',ליטרים,1.40,ליטר,false,0,29.90,21.36,true,1,
7290011525316,false,"ד""ר פישר - קמיל בלו סנסיטיב תחליב לתינוק שיבולת 500 מ""ל",פישר תעשיות פרמבצטיות בעמ,IL,קמיל בלו,מיליליטרים,500.00,"100 מ""ל",false,0,29.90,5.98,true,1,
7290011525323,false,אל סבון טיפולי לתינוק קמיל בלו סנסטיב שיבולת שועל,פישר תעשיות פרמבצטיות בעמ,IL,אל סבון קמיל בלו,מיליליטרים,500.00,"100 מ""ל",false,0,21.90,4.38,true,1,
7290011587581,false,פילה אנשובי תומר צנצנת 100 גרם,אינוורסינס פריסקו,PE,פילה אנשובי,גרמים,100.00,100 גרם,false,1,10.90,10.90,true,1,
7290011587598,false,פילה אנשובי בשמן תומר (45 גרם),תומר ייבוא ושיווק מוצרי מזון [,PE,פילה אנשובי,גרמים,45.00,100 גרם,false,0,6.90,15.33,true,1,
7290011598211,false,"סנו - אנטי קאלק מרסס ניקוי כללי 4 ב-1 700 מ""ל",החברה הדרומית לשיווק בעמ,IL,סנו אנטי קאלק,מיליליטרים,700.00,"100 מ""ל",false,0,17.90,2.56,true,1,
7290011598372,false,"מטלית מקצועית לריצפה פרופישיונל ""סנו סושי""",החברה הדרומית לשיווק בעמ,IL,מטלית לרצפה,יחידה,1.00,יחידה,false,0,10.90,10.90,true,1,
7290011598402,false,מקסימה מרכך כביסה ארומתרפי מאסק סנו 4 ליטר,החברה הדרומית לשיווק בעמ,IL,מרכך כביסה,ליטרים,4.00,ליטר,false,0,21.90,5.48,true,1,
7290011599836,false,משפר אפיה טבעי 100 ג' רובינפלד,"סופר קמח רובינפלד בע""מ",IL,משפר אפיה,גרמים,100.00,100 גרם,false,1,10.90,10.90,true,1,
7290011618025,false,בייבי ביס הוט קידס נגיסי אורז לתינוק,גואנז'ו יונג וואנט פ,CN,בייבי ביס,גרמים,50.00,100 גרם,false,0,14.90,29.80,true,1,
7290011618216,false,נגיסי אורז לתינוקות בטעם בננה,גואנז'ו יונג וואנט פ,CN,בייבי ביס,גרמים,50.00,100 גרם,false,0,14.90,29.80,true,1,
7290011622428,false,כתמטמינים-חטיף בריאות לתינוקות וילדים 45 ג',גורי מוצרי צריכה (1991) בעמ,IL,חטיף בריאות,גרמים,45.00,100 גרם,false,0,5.80,12.89,true,1,
7290011668136,false,מסיכה לשיער מחליקה 1 ליטר פנינה רוזנבלום,פנינה רוזנבלום בעמ,IL,מסיכה לשיער,קילוגרמים,1.00,"ק""ג",false,0,27.90,27.90,true,1,
7290011765095,false,קרמה מן גל גילוח אלוורה ירוק 200 מל,החברה הדרומית לשיווק בעמ,TR,ג'ל גילוח קרמה,מיליליטרים,200.00,"100 מ""ל",false,0,14.90,7.45,true,1,
7290011765118,false,קצף גילוח קרמה מן דליקט 200 מל,"אביאפ, איסטנבול, תור",TR,קצף גילוח עדין,מיליליטרים,200.00,"100 מ""ל",false,0,9.70,4.85,true,1,
7290011765446,false,משחת שיניים לילדים בוב ספוג בטעם מיץ ענבים עם פלואוריד למניעת עששת,טרופיקל דגיל תעשיות קוסמ,IL,משחת שיניים,גרמים,70.00,100 גרם,false,0,7.90,11.29,true,1,
7290011765620,false,"נוזל כלים סנו גרין פאוור אקולוגי 750 מ""ל",סנו מפעלי ברונוס בעמ,IL,נוזל כלים אקולוג,מיליליטרים,700.00,"100 מ""ל",false,1,9.90,1.41,true,1,
7290011800840,false,רפי כהן סלט טחינה בלאדי צבר 400 גרם,קבוצת אוסם סחר שותפות מוגבלת,IL,סלט טחינה בלאדי,גרמים,400.00,100 גרם,false,0,15.90,3.98,true,1,
7290011830168,false,פירורי לחם אורגני ק.כוסמין שקית 200 גרם,השדה מוצרים אורגניים,IL,פירורי לחם,גרמים,200.00,100 גרם,false,0,13.00,6.50,true,1,
7290011830205,false,פסטה כוסמין פטוציני השדה 350 גר,השדה מוצרים אורגניים,HU,פסטה פטוצ'יני,גרמים,350.00,100 גרם,false,0,19.90,5.69,true,1,
7290011830236,false,בייגלה מקמח כוסמין +מלח 200 גרם השדה,השדה מוצרים אורגניים,IL,בייגלה אורגני,גרמים,200.00,100 גרם,false,0,16.50,8.25,true,1,
7290011830243,false,אטריות אורג. ללא גלוטן מאורז תאילנדי 250,השדה מוצרים אורגניים,CN,אטריות אורז תאי,גרמים,250.00,100 גרם,false,0,16.50,6.60,true,1,
7290011830250,false,נודלס אורגני ללא גלוטן 100% כווסמת 250 גרם,השדה מוצרים אורגניים,CN,אטריות כוסמת,גרמים,250.00,100 גרם,false,0,17.90,7.16,true,1,
7290011830335,false,מחית תפוח עץ ובננה סקוויז אורגני השדה מוצרים אורגנים 100 גרם,השדה מוצרים טבעיים ו,ES,"מחית תפו""ע ובננה",גרמים,100.00,100 גרם,false,1,4.90,4.90,true,1,
7290011830564,false,פתיבר כוסמין אורגני השדה מוצרים אורגנים 200 גרם,השדה מוצרים אורגניים,IL,פתי בר כוסמין,גרמים,180.00,100 גרם,false,0,12.50,6.94,true,1,
7290011830991,false,צ'יקי מאנקי חטיף בוטנים אורגני 60 גרם ללא גלוטן,השדה מוצרים טבעיים ו,IL,חטיף בוטנים,גרמים,60.00,100 גרם,false,0,6.90,11.50,true,1,
7290011860271,false,ביסבול כדורי פירה מתפוחי אדמה תפוגן 700 גרם,קבוצת אוסם סחר שותפות מוגבלת,IL,ביסבול טבעי,גרמים,700.00,100 גרם,false,0,15.80,2.26,true,1,
7290011876388,false,קציצות עוף ובקר מאמא עוף (600 גרם),תנובה מרכז שיתופי לשיווק תוצרת,IL,קציצות עוף ובקר,גרמים,600.00,100 גרם,false,0,34.40,5.73,true,1,
7290011876494,false,שניצל עוף V ותירס מאמא עוף 750 גרם,תנובה קפואים,IL,שניצל עוף ותירס,גרמים,750.00,100 גרם,false,0,36.90,4.92,true,1,
7290011877156,false,"מבשם אוויר, בגדים וארונות פרש בניחוח מאסק",החברה הדרומית לשיווק בעמ,IL,סנו פרש ענק,מיליליטרים,375.00,"100 מ""ל",false,0,9.80,2.61,true,1,
7290011877835,false,שקיות ואקום לאחסון XXL סנו סושי 2 יחידות,מיוצר עי קונדיטוריית,TR,שקיות איחסון,יחידה,1.00,יחידה,false,0,23.90,23.90,true,1,
7290011877859,false,סנו אינסטלטור חדש פותח סתימות 200ג',החברה הדרומית לשיווק בעמ,IL,סנו אינסטלטור,גרמים,200.00,100 גרם,false,0,13.90,6.95,true,1,
7290011877866,false,"מקסימה אבקת כביסה בניחוח מאסק סנו 6 ק""ג",החברה הדרומית לשיווק בעמ,IL,אבקת כביסה,קילוגרמים,6.00,"ק""ג",false,0,44.90,7.48,true,1,
7290011878351,false,תמרים מגהול 400 גרם אורגני,,IL,תמר מג'הול,גרמים,400.00,100 גרם,false,0,27.90,6.98,true,1,
7290011878375,false,תמרים דקל נור 400 גרם,,IL,תמר דקל,גרמים,400.00,100 גרם,false,0,18.50,4.63,true,1,
7290011923303,false,טופו טבעי ליב (300 גרם),ל.י.ב. (לחיות יותר בטבע) בעמ,IL,טופו בטעם טבעי,גרמים,300.00,100 גרם,false,0,10.90,3.63,true,1,
7290011931186,false,מרכך מתיר קשר אזורה 750מ,שקד תבל בעמ,IL,מרכך מתיר קשרים,מיליליטרים,750.00,"100 מ""ל",false,0,14.90,1.99,true,1,
7290011947309,false,זיתים מצוננים סורי מבוקע ולימון כבוש זיתא 230 ג',תה ויסוצקי (ישראל) בעמ,IL,זית סורי,גרמים,230.00,100 גרם,false,0,13.90,6.04,true,1,
7290011947316,false,זיתא זיתי קלמטה בשמן זית כתית מעולה 215ג,תה ויסוצקי (ישראל) בעמ,IL,זיתי קלמטה,גרמים,215.00,100 גרם,false,1,13.90,6.47,true,1,
7290011947521,false,"שמן זית כתית מעולה 750 מ""ל טעם מודגש זיתא",תה ויסוצקי (ישראל) בעמ,IL,שמן זית כתית,מיליליטרים,750.00,"100 מ""ל",false,1,29.90,3.99,true,1,
7290011947743,false,זיתים זיתא מיקס זית ירוק וזית קלמטה 215 גרם,תה ויסוצקי (ישראל) בעמ,IL,מיקס זיתים,גרמים,215.00,100 גרם,false,1,13.90,6.47,true,1,
7290011947781,false,מיקס זית ירוק וזית קלמטה ללא גלעין עם שמן זית כתית מעולה,תה ויסוצקי (ישראל) בעמ,IL,מיקס זית ירוק,גרמים,190.00,100 גרם,false,1,13.90,7.32,true,1,
7290011947798,false,זית קלמטה ללא גלעין עם שמן זית כתית מעולה,תה ויסוצקי (ישראל) בעמ,IL,זית קלמטה,גרמים,190.00,100 גרם,false,1,13.90,7.32,true,1,
7290011947866,false,זיתא מיקס זיתים בפח 250 גרם,תה ויסוצקי (ישראל) בעמ,GR,מיקס זיתים בפח,גרמים,440.00,100 גרם,false,1,17.90,4.07,true,1,
7290011947903,false,מיקס זיתים יווני זיתא 215 גרם,תה ויסוצקי (ישראל) בעמ,IL,מיקס זיתים יווני,גרמים,232.00,100 גרם,false,1,13.90,5.99,true,1,
7290011964344,false,שום גבישי בקופ' 120 גר' טעם וריח,"תבליני טעם וריח בע""מ",IL,שום גבישי,גרמים,120.00,100 גרם,false,0,10.00,8.33,true,1,
7290011964658,false,מלח לימון בקופ' 170 גר' טעם וריח,"תבליני טעם וריח בע""מ",IL,מלח לימון,גרמים,170.00,100 גרם,false,0,10.00,5.88,true,1,
7290011964702,false,שווארמה ללא מונסודיום 100 גרם מיכל גדול,"תבליני טעם וריח בע""מ",IL,תיבול לשווארמה,גרמים,100.00,100 גרם,false,0,10.00,10.00,true,1,
7290012019043,false,שום צעיר כבוש בחומץ בצנצנת 330 גרם,FOODS CANDDED QINGDAO,CN,שום צעיר כבוש,גרמים,330.00,100 גרם,false,0,12.90,3.91,true,1,
7290012019258,false,מחית תפוחי עץ רביעיה 4 * 113 ג' תומר,תומר ייבוא ושיווק מוצרי מזון [,US,"רסק תפו""ע 4 יח",גרמים,452.00,100 גרם,false,0,10.90,2.41,true,1,
7290012019265,false,"מחית תפו""ע ללא תוספת סוכר 4*113גר",תומר ייבוא ושיווק מוצרי מזון [,US,"רסק תפו""ע ללת""ס",גרמים,452.00,100 גרם,false,0,10.90,2.41,true,1,
7290012019272,false,רביעיית מחית תפוח עץ וקינמון תומר 113 גרם,תומר ייבוא ושיווק מוצרי מזון [,US,"רסק תפו""ע",גרמים,452.00,100 גרם,false,0,10.90,2.41,true,1,
7290012022005,false,פריכיות חיטה 60 גרם,דילייט 2005 בעמ,IL,קריספיות טבעי,גרמים,60.00,100 גרם,false,0,13.90,23.17,true,1,
7290012022050,false,פריכיות חיטה מלאה 100 גרם,דילייט 2005 בעמ,IL,קריספיות דגנים,גרמים,75.00,100 גרם,false,0,15.90,21.20,true,1,
7290012022067,false,קריספיות קידס 30 גרם,דילייט 2005 בעמ,IL,קריספיות קידס,גרמים,30.00,100 גרם,false,0,12.90,43.00,true,1,
7290012086113,false,עגבניות שרי אשכולות מארז,ביכורי השדה הצפון בעמ` 1964,IL,שרי אשכולות,גרמים,460.00,100 גרם,false,0,9.90,2.15,true,1,
7290012116360,false,פוליויקס נוזל לניקוי רצפות גרניט פורצלן סנו 2 ליטר,החברה הדרומית לשיווק בעמ,IL,סנו פוליויקס,ליטרים,2.00,ליטר,false,0,14.90,7.45,true,1,
7290012116537,false,"מקסימה אבקת כביסה בניחוח מאסק סנו 2.5 ק""ג",החברה הדרומית לשיווק בעמ,IL,אבקת כביסה,קילוגרמים,2.50,"ק""ג",false,0,25.90,10.36,true,1,
7290012116551,false,אנטי קאלק נוזל לניקוי כללי סנו 2 ליטר,החברה הדרומית לשיווק בעמ,IL,סנו אנטי קאלק,ליטרים,2.00,ליטר,false,0,20.90,10.45,true,1,
7290012116612,false,אורביטול מברשת שיניים סופט 4 יח`,החברה הדרומית לשיווק בעמ,CN,4 מברשות שיניים,יחידה,1.00,יחידה,false,0,11.90,11.90,true,1,
7290012117091,false,"אבקת כביסה סנסיטיב סנו מקסימה 6 ק""ג",החברה הדרומית לשיווק בעמ,IL,אב.כביסה מקסימה,קילוגרמים,6.00,"ק""ג",false,0,44.90,7.48,true,1,
7290012117275,false,"קליר שקית מילוי לניקוי חלונות סנו 750 מ""ל",החברה הדרומית לשיווק בעמ,IL,סנוקליר מילוי,מיליליטרים,750.00,"100 מ""ל",false,0,5.90,0.79,true,1,
7290012117428,false,"ג'ל רחצה ושמפו מעיינות מנטה קרמה מן 700 מ""ל",החברה הדרומית לשיווק בעמ,IL,קרמה ג'ל רחצה,מיליליטרים,700.00,"100 מ""ל",false,0,15.00,2.14,true,1,
7290012117435,false,"קרמה - שמפו וג'ל רחצה 2 ב-1 אלוורה 700 מ""ל",החברה הדרומית לשיווק בעמ,IL,קרמה ג'ל רחצה,מיליליטרים,700.00,"100 מ""ל",false,0,15.00,2.14,true,1,
7290012117534,false,מרכך כביסה מרוכז תכלת קול סנו מקסימה 1 ליטר,החברה הדרומית לשיווק בעמ,IL,מקסימה ס.מרוכז,ליטרים,1.00,ליטר,false,0,17.90,17.90,true,1,
7290012117541,false,מקסימה מרכך כביסה מרוכז צהוב סנו 1 ליטר,החברה הדרומית לשיווק בעמ,IL,מקסימה מרכך,ליטרים,1.00,ליטר,false,0,17.90,17.90,true,1,
7290012117558,false,מקסימה מרכך כביסה מרוכז ורוד בניחוח מאסק סנו 1 ליטר,החברה הדרומית לשיווק בעמ,IL,מקסימה ס.מרוכז,ליטרים,1.00,ליטר,false,0,17.90,17.90,true,1,
7290012117732,false,מקסימה מרכך כביסה ארומתרפי קול סנו 4 ליטר,החברה הדרומית לשיווק בעמ,IL,מרכך מקסימה COOL,ליטרים,4.00,ליטר,false,0,21.90,5.48,true,1,
7290012117916,false,אינסטלטור נוזל לפתיחת סתימות סנו 1 ליטר,החברה הדרומית לשיווק בעמ,IL,אינסטלטור נוזלי,ליטרים,1.00,ליטר,false,0,26.90,26.90,true,1,
7290012159275,false,מיונז אמיתי 430 גרם LINA,יורוסטנדרט בעמ,LT,מיונז לינה,גרמים,430.00,100 גרם,false,0,11.90,2.77,true,1,
7290012208362,false,פריכיות כוסמת עם טף בהיר 135 גרם,זן - בר המכללה לטבעונות,IL,פריכיות כוסמת,גרמים,135.00,100 גרם,false,1,11.90,8.81,true,1,
7290012208614,false,עגבניות מרוסקות אורגני 700 גרם,,IT,עגבניות מרוסקות,גרמים,700.00,100 גרם,false,1,10.90,1.56,true,1,
7290012208676,false,מחית פרי אסאי אורגני100ג,גולה אינדוסטריה,BR,מחית פרי אסאי,גרמים,100.00,100 גרם,false,1,12.90,12.90,true,1,
7290012208768,false,וופל בלגי לנמנעים מגלוטן אביב ירוק 250 ג,מאפה פסח,IL,וופל בלגי,גרמים,250.00,100 גרם,false,1,28.90,11.56,true,1,
7290012208959,false,יובה חלבון סויה מיובש בצורת כנפיים 300 ג,נאיהואנג יג'\יה פוד רו א,CN,חלבון סויה מיובש,גרמים,100.00,100 גרם,false,0,19.90,19.90,true,1,
7290012226120,false,קבנוס זוגלובק (45x3 גרם),נקניק נהריה כשר זוגל,IL,קבנוס,גרמים,135.00,100 גרם,false,0,11.20,8.30,true,1,
7290012226342,false,נקניקיה טבעונית למחבת או לתנור עשירה בחלבון,זוגלובק שיווק בעמ,IL,נקניקיה טבעונית,גרמים,460.00,100 גרם,false,1,29.90,6.50,true,1,
7290012226939,false,קבנוס עם צ'ילי חריף זוגלובק 135 גרם,נקניק נהריה כשר זוגל,IL,קבנוס בטעם צ'ילי,גרמים,135.00,100 גרם,false,0,11.20,8.30,true,1,
7290012226991,false,"נקניקיות עוף באריזת ג''מבו 1.5 ק""ג זוגלובק",נקניק נהריה כשר זוגל,IL,נקניקיות ג'מבו,גרמים,1500.00,100 גרם,false,0,28.90,1.93,true,1,
7290012227912,false,קבנוס מעודן זוגלובק 135 גרם,נקניק זוגלובק נהריה,IL,קבנוס מעודן,גרמים,135.00,100 גרם,false,1,11.20,8.30,true,1,
7290012227974,false,פסטרמה הודו בדבש טהור דק דק דק,זוגלובק שיווק בעמ,IL,פסטרמה בדבש דק,גרמים,120.00,100 גרם,false,1,13.90,11.58,true,1,
7290012227981,false,פסטרמה דק דק ברביקיו 120 ג' זוגלובק,זוגלובק שיווק בעמ,IL,פסטרמה ברביקיו,גרמים,120.00,100 גרם,false,1,13.90,11.58,true,1,
7290012228124,false,קבנוס סטיקס עם נגיעות מלח ים סדרת ריינהולד'ס,זוגלובק שיווק בעמ,IL,קבנוס סטיקס דק ד,גרמים,50.00,100 גרם,false,1,9.90,19.80,true,1,
7290012228278,false,נקניקיות בוקוורסט הודו ובקר סדרת ריינהולדס 310 גרם,זוגלובק שיווק בעמ,IL,נקניקיות הודו-בק,גרמים,310.00,100 גרם,false,1,21.90,7.06,true,1,
7290012244070,false,עוגת שכבות שוקולד 920גרם,"גידרון תעשיות בע""מ",IL,עוגת שכבות,יחידה,1.00,יחידה,false,0,69.90,69.90,true,1,
7290012309878,false,חלבה עם פיסטוקים 500 גר`ששון הקולה,דין שיווק וקליה 2021 בעמ,IL,חלבה עם פיסטוקים,גרמים,500.00,100 גרם,false,0,16.90,3.38,true,1,
7290012309892,false,חלבה וניל 500 גרם ששון הקולה,דין שיווק וקליה 2021 בעמ,IL,חלבה וניל,גרמים,500.00,100 גרם,false,0,16.90,3.38,true,1,
7290012309939,false,חלווה מסולסלת בקופסא ששון הקולה 500 גרם,דין שיווק וקליה 2021 בעמ,IL,חלבה מסולסלת,גרמים,500.00,100 גרם,false,0,16.90,3.38,true,1,
7290012313141,false,מלפפונים פרוסות במלח קבוצת יבנה 330 גרם,קבוצת יבנה מוצרי מזון אגודה שי,IL,פרוסות מלפפונים,גרמים,540.00,100 גרם,false,0,6.90,1.28,true,1,
7290012313240,false,מיקס זית ירוק וקלמטה קבוצת יבנה 560 גרם,קבוצת יבנה מוצרי מזון בעמ,IL,מיקס זיתים,גרמים,560.00,100 גרם,false,1,12.60,2.25,true,1,
7290012313400,false,זיתים סורי מבוקעים 215 ג' יבנה,קבוצת יבנה מוצרי מזון בעמ,IL,זית סורי מבוקע,גרמים,215.00,100 גרם,false,1,12.90,6.00,true,1,
7290012313417,false,מיקס זיתים המסיק 215 גרם,קבוצת יבנה מוצרי מזון בעמ,IL,מיקס זיתים,גרמים,215.00,100 גרם,false,1,12.90,6.00,true,1,
7290012313424,false,זיתים קלמטה שלם 215 ג' יבנה,קבוצת יבנה מוצרי מזון בעמ,IL,זית קלמטה שלם,גרמים,215.00,100 גרם,false,1,12.90,6.00,true,1,
7290012313554,false,עלי גפן ממולא 400 גרםיבנה,קבוצת יבנה מוצרי מזון בעמ,TR,עלי גפן ממולאים,גרמים,400.00,100 גרם,false,1,8.90,2.23,true,1,
7290012316401,false,סובניון בלאן צובה 750 מל,,IL,סובניון בלאן,מיליליטרים,750.00,"100 מ""ל",false,1,84.90,11.32,true,1,
7290012349560,false,מלח עבה גבישי הימלאיה,,IL,מלח עבה גבישי,גרמים,500.00,100 גרם,false,0,14.90,2.98,true,1,
7290012367700,false,קרם גוף אינטנסיב רליף Intensive relief לעור יבש ומגורה,"פישר תעשיות פרמבצטיות בע""מ",IL,קרם גוף,מיליליטרים,700.00,"100 מ""ל",false,0,29.90,4.27,true,1,
7290012372117,false,"קמח 100% רובינפלד 1ק""ג","סופר קמח רובינפלד בע""מ",IL,קמח חיטה מלא,קילוגרמים,1.00,"ק""ג",false,0,10.90,10.90,true,1,
7290012372124,false,"קמח מנופה כוסמין מלא רוביפנלד 1 ק""ג","סופר קמח רובינפלד בע""מ",IL,קמח כוסמין,קילוגרמים,1.00,"ק""ג",false,1,17.90,17.90,true,1,
7290012372155,false,"קמח מנופה כוסמין 80% רוביפנלד 1 ק""ג","סופר קמח רובינפלד בע""מ",IL,קמח כוסמין,קילוגרמים,1.00,"ק""ג",false,1,17.90,17.90,true,1,
7290012372247,false,"קמח מנופה כוסמין לבן רוביפנלד 1 ק""ג","סופר קמח רובינפלד בע""מ",IL,קמח כוסמין,קילוגרמים,1.00,"ק""ג",false,1,17.90,17.90,true,1,
7290012404955,false,נקטר חמוציות ספרינג קולקשן (1.25 ליטר),יפאורה - שותפות מוגבלת לשיווק,IL,ספרינג חמוציות,ליטרים,1.25,ליטר,false,0,12.90,10.32,true,1,
7290012413636,false,תה ירוק צ'אי מסאלה ויסוצקי 25 יחידות,תה ויסוצקי (ישראל) בעמ,IL,תה ירוק צ'אי,גרמים,38.00,100 גרם,false,0,24.90,65.53,true,1,
7290012413643,false,תה ירוק קמומיל 25 שקיקים ויסוצקי,תה ויסוצקי (ישראל) בעמ,IL,תה ירוק קמומיל,גרמים,37.00,100 גרם,false,0,24.90,67.30,true,1,
7290012475108,false,משקה משעורה נמס אורגני גרין פילד 75 גרם,י.איטליאנו אחזקות בעמ,EG,משקה שעורה,גרמים,100.00,100 גרם,false,0,15.90,15.90,true,1,
7290012475832,false,"ממרח גבינה ואצות ע""ב אורז טבעוני 150 גר",פריסקולאט ס.ר.ל. קוסטנזה,IT,ממרח אצות,גרמים,150.00,100 גרם,false,1,24.90,16.60,true,1,
7290012475887,false,"ממרח קרם מסקרפונה ע""ב אורז טבעוני 150 ג",פריסקולאט ס.ר.ל. קוסטנזה,IT,ממרח קרם טבעוני,גרמים,150.00,100 גרם,false,1,24.90,16.60,true,1,
7290012522581,false,טבעול שניצל תירס ללא גלוטן טבעול 664 גרם,קבוצת אוסם סחר-שות.מוגבלת,IL,שניצל תירס,גרמים,664.00,100 גרם,false,0,23.90,3.60,true,1,
7290012576379,false,"יין ספיישל רזרב מרלו 750מ""ל",יקבי ברקן שיווק והפצה בע,IL,ספיישל מרלו,מיליליטרים,750.00,"100 מ""ל",false,1,69.90,9.32,true,1,
7290012576386,false,ספיישל רזרב פינוטאז750'מ,יקבי ברקן שיווק והפצה בע,IL,ספיישל פינוטאז',מיליליטרים,750.00,"100 מ""ל",false,1,69.90,9.32,true,1,
7290012576591,false,רזרב גוורצטרמינר 750 מל יקבי ברקן,יקבי ברקן שיווק והפצה בע,IL,יין גוורצטרמינר,מיליליטרים,750.00,"100 מ""ל",false,1,44.90,5.99,true,1,
7290012642852,false,פלפל אדום על האש תומר 330 גרם,סאטקו,BG,פלל אדום קלוי,גרמים,540.00,100 גרם,false,0,11.90,2.20,true,1,
7290012645112,false,יוגורט עיזים 2.8% בדלי חלב הארץ 750 גרם,שטראוס גרופ בעמ/מצונן,IL,יוגורט עיזים,גרמים,750.00,100 גרם,false,1,20.50,2.73,true,1,
7290012645174,false,גבינת עיזים 5% חלב הארץ 200 גרם,שטראוס גרופ בעמ/מצונן,IL,גבינת עיזים,גרמים,200.00,100 גרם,false,0,14.90,7.45,true,1,
7290012645280,false,יוגורט כבשים בסגנון יוני 5% חלב הארץ 150 גרם,שטראוס גרופ בעמ/מצונן,IL,יוגורט כבשים,גרמים,150.00,100 גרם,false,0,5.90,3.93,true,1,
7290012645297,false,יוגורט עיזים ביו 2.8% טעם טבעי חלב הארץ 150 גרם,שטראוס גרופ בעמ/מצונן,IL,יוגורט עיזים,גרמים,150.00,100 גרם,false,0,5.90,3.93,true,1,
7290012645389,false,יוגורט עיזים טבעי 1 ליטר בבקבוק חלב האר,שטראוס גרופ בעמ/מצונן,IL,יוגורט עיזים,ליטרים,1.00,ליטר,false,0,23.00,23.00,true,1,
7290012697081,false,סוכרזית מהטבע סטיוויה 100שקיות 100גרם,שטראוס גרופ בע`מ,IL,סוכרזית סטיוויה,גרמים,100.00,100 גרם,false,0,29.90,29.90,true,1,
7290012795183,false,קרקר אורז ללא גלוטן,ל.ב. זהר סחר ושיווק,IL,קרקר אורז,גרמים,140.00,100 גרם,false,1,16.90,12.07,true,1,
7290012803215,false,טוסו וופל בלגי ללתס בטעם שוקולד 200 גר`,בטר אנד דיפרנט,IL,וופל בלגי,גרמים,200.00,100 גרם,false,0,9.90,4.95,true,1,
7290012803222,false,טוסו ופל בסגנון בלגי בטעם לימון ללא תוספת סוכר 200 גרם,בטר אנד דיפרנט,IL,וופל בלגי,גרמים,200.00,100 גרם,false,0,9.90,4.95,true,1,
7290012803451,false,טוסו שוקולד מריר 62% מוצקי קקאו ללא תוספת סוכר 100 גרם,"דנשר (1963) בע,מ",TR,שוקולד מריר62%,גרמים,100.00,100 גרם,false,0,9.90,9.90,true,1,
7290012803796,false,טוסו שוקולד חלב עם אגוזים ללא תוספת סוכר 100 גר',אלטינמארקה גידה סאן,TR,שוקולד חלב אגוז,גרמים,100.00,100 גרם,false,0,9.90,9.90,true,1,
7290012823237,false,"תחליב רחצה קרמה בריזת ים 700 מ""ל",החברה הדרומית לשיווק בעמ,IL,קרמה תחליב רחצה,מיליליטרים,700.00,"100 מ""ל",false,0,16.90,2.41,true,1,
7290012823251,false,אל סבון נוזלי יסמין ולבנדר כיף (1 ליטר),החברה הדרומית לשיווק בעמ,IL,אל סבון כיף,ליטרים,1.00,ליטר,false,0,10.90,10.90,true,1,
7290012823374,false,אנטי קאלק מטליות לחות לניקוי כללי סנו 50 יחידות,מיוצר עי קונדיטוריית,IL,מטליות אנטי קאלק,יחידה,1.00,יחידה,false,0,10.90,10.90,true,1,
7290012823381,false,מקסימה מרכך כביסה מרוכז סנסטיב בייבי סנו 1 ליטר,החברה הדרומית לשיווק בעמ,IL,מרכך כביסה,ליטרים,1.00,ליטר,false,0,17.90,17.90,true,1,
7290012823398,false,מטליות חד פעמיות לניקוי הרצפה בניחוח מרכך כביסה 10יח' סנו,החברה הדרומית לשיווק בעמ,IL,מטליות ריצפז,יחידה,1.00,יחידה,false,1,10.90,10.90,true,1,
7290012823541,false,ריצפז פרש מטליות לחות לרצפה בניחוח לבנדר 10 יחידות,החברה הדרומית לשיווק בעמ,IL,מטליות ריצפז,יחידה,1.00,יחידה,false,0,10.90,10.90,true,1,
7290012823558,false,"מטליות לחות לרצפה 40*70 ס""מ סנו סושי 10 יחידות",החברה הדרומית לשיווק בעמ,IL,מטליות רצפה לחות,יחידה,1.00,יחידה,false,0,10.90,10.90,true,1,
7290012823916,false,גל כביסה סנו מקסימ מרוכז קריסטל נואר 5 ל,החברה הדרומית לשיווק בעמ,IL,מקסימה ג'ל,ליטרים,5.00,ליטר,false,0,44.90,8.98,true,1,
7290012823923,false,"מרכך כביסה מרוכז פרפיום גולדן מקסימה 750 מ""ל",החברה הדרומית לשיווק בעמ,IL,מקסימה פרפיום,מיליליטרים,750.00,"100 מ""ל",false,0,16.90,2.25,true,1,
7290012823947,false,"סנו - מרכך כביסה מרוכז פרפיום קריסטל נואר 750 מ""ל",החברה הדרומית לשיווק בעמ,IL,מקסימה פרפיום,מיליליטרים,750.00,"100 מ""ל",false,0,16.90,2.25,true,1,
7290012864254,false,נבטי ברוקולי אורגני יחיד,נבטי העמק,IL,נבטי ברוקולי,יחידה,1.00,יחידה,false,1,10.90,10.90,true,1,
7290012868115,false,"מהודר קמח כוסמין מלא 1 ק""ג",י.ש. חמד תעשיות,IL,קמח כוסמין מלא,קילוגרמים,1.00,"ק""ג",false,0,17.90,17.90,true,1,
7290012868689,false,"קמח כוסמין לבן 1 ק""ג",י.ש. חמד תעשיות,IL,קמח כוסמין לבן,קילוגרמים,1.00,"ק""ג",false,1,19.90,19.90,true,1,
7290012868719,false,"קמח כוסמין 70% 1 ק""ג",י.ש. חמד תעשיות,IL,קמח כוסמין 70%,קילוגרמים,1.00,"ק""ג",false,1,18.90,18.90,true,1,
7290012884986,false,צ`יפס לתנור עד 4% שומן תפוגן (1.5 קג),קבוצת אוסם סחר שותפות מוגבלת,IL,ציפס לתנור,קילוגרמים,1.50,"ק""ג",false,0,24.90,16.60,true,1,
7290012901355,false,דודלס ארוחת אטריות עם גבינה 206 גרם,האי נאם סי או אל.טי.,US,ארוחת מקרוני,גרמים,206.00,100 גרם,false,1,11.90,5.78,true,1,
7290012901362,false,אפלסנקס אורג.לא ממותק678,,CA,אפלסנקס 6 יח,גרמים,678.00,100 גרם,false,0,24.90,3.67,true,1,
7290012901959,false,ארוחת אטריות עם גבינה מסולסלים 156 גרם,מור-ים מרקטינג בעמ,US,ארוחת פסטה,גרמים,156.00,100 גרם,false,1,11.90,7.63,true,1,
7290012901973,false,"שעועית אדומה, 400 גרם גאלה",יורוקום אס.אר.אל,IT,שעועית אדומה,גרמים,400.00,100 גרם,false,1,9.90,2.48,true,1,
7290012921032,false,"בקבוק בירה מלכה אדמונית 330 מ""ל",הכרם - משקאות חריפים בעמ,IL,בירה מלכה,מיליליטרים,330.00,"100 מ""ל",false,0,14.90,4.52,true,1,
7290012921056,false,"בקבוק בירה מלכה חיטה 330 מ""ל",הכרם - משקאות חריפים בעמ,IL,בירה מלכה,מיליליטרים,330.00,"100 מ""ל",false,0,14.90,4.52,true,1,
7290012938405,false,"רדיד אלומיניום עבה במיוחד לבישול,אפייה והקפאה.",גורי ע.ע.ע. בע`מ,CN,רדיד אלומיניום,מטרים,7600.00,מטר,false,0,14.90,0.00,true,1,
7290012938580,false,"משחת שיניים סנסודיין להלבנה עדינה 75 מ""ל",גלקסוסמית'\קליין קונסיומ,GB,משחת סנסודיין,מיליליטרים,75.00,"100 מ""ל",false,0,22.90,30.53,true,1,
7290012938597,false,משחת שיניים רפיד רליף סנסודיין (75 מל),"סמיתקליין ביצ'ם בע""מ",GB,משחת סנסודיין,מיליליטרים,75.00,"100 מ""ל",false,0,25.90,34.53,true,1,
7290012938740,false,משחת שיניים סנסודיין פרש מינט מנטה 75 מל,גלקסו סמית קליין,GB,משחת סנסודיין,מיליליטרים,75.00,"100 מ""ל",false,0,22.90,30.53,true,1,
7290012938924,false,אקוהפרש מי פה ללא אלכוהול 500 מל,מולינו ניקולי s.p.a,GB,מי פה אקווה פרש,מיליליטרים,500.00,"100 מ""ל",false,0,12.90,2.58,true,1,
7290012962448,false,"מדליק פחם נוזלי 250 מ""ל עם פקק ביטחון EASY LIGHT",איזי לייט Easy light,NL,מדליק פחם,מיליליטרים,250.00,"100 מ""ל",false,0,9.80,3.92,true,1,
7290012962561,false,קיסמי שיניים במבוק הוסטס) (500,אינטרסן (1996) בעמ,CN,קיסמי שיניים,יחידה,1.00,יחידה,false,0,3.50,3.50,true,1,
7290012962578,false,צימרוני אוזניים עץ בקופסא 300 יחידות אינטרסאן,הדקלאים אגודת שיתופי,CN,צימרוני אוזניים,יחידה,1.00,יחידה,false,0,6.90,6.90,true,1,
7290013027399,false,לחם קמח מלא קל בתוספת שיפון 750 ג' אנג'ל,מאפיית שלמה א. אנג'\ל בע,IL,אנג'ל -100קל,גרמים,750.00,100 גרם,false,0,13.90,1.85,true,1,
7290013068361,false,שמן זית אליעד כתית מ,אליעד בית בד בגולן,IL,שמן זית,מיליליטרים,750.00,"100 מ""ל",false,0,36.90,4.92,true,1,
7290013068378,false,שמן זית ישראלי כתית 2 ל',אליעד בית בד בגולן,IL,שמן זית ישראלי,ליטרים,2.00,ליטר,false,0,79.30,39.65,true,1,
7290013068705,false,שמן זית ישראלי כתית750מ,אליעד בית בד בגולן,IL,"שמן זית 750 מ""ל",מיליליטרים,750.00,"100 מ""ל",false,0,36.90,4.92,true,1,
7290013083661,false,"מטרנה אקסטרה קר שלב 1 חסכון 700 גרם תמ""ל",קבוצת אוסם סחר-שות.מוגבלת,IL,מטרנה אקסטרה קר,גרמים,700.00,100 גרם,false,0,59.90,8.56,true,1,
7290013083678,false,"מטרנה אקסטרה קר שלב 2 חסכון 700 גרם תמ""ל",קבוצת אוסם סחר-שות.מוגבלת,IL,מטרנה אקסטרה קר,גרמים,700.00,100 גרם,false,0,59.90,8.56,true,1,
7290013083685,false,תחליף חלב מטרנה אקסטרה קר שלב 3 חסכון 700 גרם,קבוצת אוסם סחר-שות.מוגבלת,IL,מטרנה אקסטרה קר,גרמים,700.00,100 גרם,false,0,59.90,8.56,true,1,
7290013090225,false,סלרי עלים אורגני יחידה,.,IL,סלרי עלים אורגני,יחידה,1.00,יחידה,false,0,10.90,10.90,true,1,
7290013090362,false,עלי מנגולד אורגני יחידה,.,IL,עלי מנגולד אורגנ,יחידה,1.00,יחידה,false,0,9.90,9.90,true,1,
7290013090379,false,בצל ירוק אורגני יחידה,,IL,בצל ירוק אורגני,יחידה,1.00,יחידה,false,0,8.90,8.90,true,1,
7290013090386,false,לוף אורגני יחידה,.,IL,לוף אורגני,יחידה,1.00,יחידה,false,0,14.90,14.90,true,1,
7290013090492,false,כוסברה אורגני יח,,IL,כוסברה אורגני,יחידה,1.00,יחידה,false,0,5.90,5.90,true,1,
7290013090508,false,נענע אורגני יחידה,,IL,נענע אורגני,יחידה,1.00,יחידה,false,0,5.90,5.90,true,1,
7290013090522,false,שמיר אורגני יח,,IL,שמיר אורגני,יחידה,1.00,יחידה,false,0,5.90,5.90,true,1,
7290013117212,false,בורקס פילו במילוי גבינה 600 גר`מעדנות,תנובה מרכז שיתופי לשיווק תוצרת,IL,בורקס גבינה,גרמים,600.00,100 גרם,false,0,19.90,3.32,true,1,
7290013117229,false,"בורקס פילו במילוי תפו""א מעדנות 600 גר",תנובה מרכז שיתופי לשיווק תוצרת,IL,"בורקס תפו""א",גרמים,600.00,100 גרם,false,0,19.90,3.32,true,1,
7290013117243,false,בורקס פילו בולגרית מעדנות 600 גרם,תנובה מרכז שיתופי לשיווק תוצרת,IL,בורקס בולגרית,גרמים,600.00,100 גרם,false,0,19.90,3.32,true,1,
7290013117427,false,בצק פריך מרודד למאפים מלוחים מעדנות 2*450 גרם,תנובה מרכז שיתופי לשיווק תוצרת,IL,בצק פריך,גרמים,900.00,100 גרם,false,0,24.80,2.76,true,1,
7290013117526,false,בצק שמרים מרודד למאפים מתוקים מעדנות 900 גרם,תנובה מרכז שיתופי לשיווק תוצרת,IL,בצק שמרים,גרמים,900.00,100 גרם,false,0,22.90,2.54,true,1,
7290013121028,false,לחם לבן 500 גרם ללא גלוטן גרין לייט,אביב קונדיטוריה מעול,IL,לחם לבן ל.גלוטן,גרמים,500.00,100 גרם,false,0,17.90,3.58,true,1,
7290013121035,false,לחם פשתן ללא גלוטן 500 גר קפוא,אביב קונדיטוריה מעול,IL,לחם פשתן,גרמים,500.00,100 גרם,false,0,19.90,3.98,true,1,
7290013121042,false,לחם איטלקי ללא גלוטן 500 גר קפוא,אביב קונדיטוריה מעול,IL,לחם איטלקי,גרמים,500.00,100 גרם,false,0,19.90,3.98,true,1,
7290013121103,false,רביעיית לחמניות סנדויץ ללא גלוטן 460 גרם,אביב קונדיטוריה מעול,IL,רביעיית באגטים,גרמים,400.00,100 גרם,false,0,17.90,4.48,true,1,
7290013121127,false,לחמניות מיני ללא גלוטן גרין לייט 6 יחידות,אביב קונדיטוריה מעול,IL,לחמניות מיני,גרמים,460.00,100 גרם,false,0,17.90,3.89,true,1,
7290013121158,false,לחמניות סנדוויץ ללא גלוטן גרין לייט 4 * 115 גרם,אביב קונדיטוריה מעול,IL,רביעיית לחמניות,גרמים,460.00,100 גרם,false,0,17.90,3.89,true,1,
7290013121165,false,לחמניות נקניקיה ללא גלוטן גרין לייט 6 * 77 גרם,אביב קונדיטוריה מעול,IL,לחמניות נקניקיה,גרמים,460.00,100 גרם,false,0,17.90,3.89,true,1,
7290013121684,false,כדורי שוקולד 400 גרם ללא גלוטן,אביב קונדיטוריה מעול,IL,כדורי שוקולד,גרמים,400.00,100 גרם,false,0,25.90,6.48,true,1,
7290013121752,false,לחם לבן ביתי ללא גלוטן 700 גר קפוא,אביב קונדיטוריה מעול,IL,לחם לבן ביתי,גרמים,700.00,100 גרם,false,0,20.90,2.99,true,1,
7290013121769,false,רביעיית שליש באגט ללא תוספת סוכר וללא גלוטן,אביב קונדיטוריה מעול,IL,"שליש באגט ללת""ס",גרמים,400.00,100 גרם,false,0,19.90,4.98,true,1,
7290013121776,false,לחם כפרי ללא תוספת סוכר וללא גלוטן,אביב קונדיטוריה מעול,IL,"לחם כפרי ללת""ס",גרמים,700.00,100 גרם,false,0,19.90,2.84,true,1,
7290013144188,false,מימונס תערובת להכנת בראוניז 600 גרם,א.ל.יצור ושיווקתבלינים בעמ,IL,תערובת בראונס,גרמים,600.00,100 גרם,false,0,16.90,2.82,true,1,
7290013144195,false,מיימונס תערובת כדורי שוקולד 500 גרם.,א.ל.ייצור ושיווק תבלינים בעמ,IL,תערובת כ.שוקולד,גרמים,500.00,100 גרם,false,0,12.90,2.58,true,1,
7290013144201,false,תערובת להכנת פנקייק מימונס (400 גרם),א.ל.ייצור ושיווק תבלינים בעמ,IL,תערובת פנקייק,גרמים,400.00,100 גרם,false,0,12.90,3.23,true,1,
7290013144218,false,מיימונס תערובת עוגת וניל 560 גרם.,א.ל.ייצור ושיווק תבלינים בעמ,IL,תערובת עוגה וניל,גרמים,560.00,100 גרם,false,0,12.90,2.31,true,1,
7290013144232,false,מיימונס פודינג בטעם וניל 80 גרם,א.ל. ייצור ושיווק תבלינים בע`מ,IL,פודינג וניל,גרמים,80.00,100 גרם,false,0,5.50,6.88,true,1,
7290013144317,false,מימונס ג'וני גלילית וופל למילוי 18 יחידות,א.ל. ייצור ושיווק תבלינים בע`מ,IL,ג'וני גלילת וופל,יחידה,1.00,יחידה,false,0,22.90,22.90,true,1,
7290013144393,false,תמצית אפיה בטעם וניל מימונס (50 מל),א.ל. ייצור ושיווק תבלינים בע`מ,IL,תמצית וניל,מיליליטרים,50.00,"100 מ""ל",false,0,4.90,9.80,true,1,
7290013144409,false,תמצית אפיה בטעם רום מימונס (50 מל),א.ל. ייצור ושיווק תבלינים בע`מ,IL,תמצית רום,מיליליטרים,50.00,"100 מ""ל",false,0,4.90,9.80,true,1,
7290013144522,false,צבע מאכל ירוק מימונס (50 מל),א.ל. ייצור ושיווק תבלינים בע`מ,IL,צבע מאכל ירוק,מיליליטרים,50.00,"100 מ""ל",false,0,4.50,9.00,true,1,
7290013144560,false,מיימונס צבע מאכל כחול 50 גרם,א.ל. ייצור ושיווק תבלינים בע`מ,IL,צבע מאכל כחול,מיליליטרים,50.00,"100 מ""ל",false,0,4.50,9.00,true,1,
7290013144614,false,"מיימונס סירופ מייפל אמיתי 100% מקנדה 236 מ""ל",א.ל.ייצור ושיווק תבלינים בעמ,DK,סירופ מייפל,גרמים,236.00,100 גרם,false,0,29.90,12.67,true,1,
7290013144751,false,סירופ בטעם מייפל מימונס 500 גרם,א.ל. ייצור ושיווק תבלינים בע`מ,IL,סירופ טעם מייפל,גרמים,500.00,100 גרם,false,0,10.90,2.18,true,1,
7290013144768,false,סירופ בטעם שוקולד מימונס 500 גרם,א.ל. ייצור ושיווק תבלינים בע`מ,IL,סירופ טעם שוקולד,גרמים,500.00,100 גרם,false,0,10.90,2.18,true,1,
7290013144805,false,אבקת אייס קפה דיאט 320 גרם מימונס,א.ל. ייצור ושיווק תבלינים בע`מ,IL,אייס קפה דיאט,גרמים,245.00,100 גרם,false,1,17.90,7.31,true,1,
7290013144911,false,מימונס מיקס שוקולד צ'יפס מריר וחלב 250 גרם,א.ל. ייצור ושיווק תבלינים בע`מ,IL,מיקס שוקולד ציפס,גרמים,250.00,100 גרם,false,1,12.90,5.16,true,1,
7290013145017,false,אגוז מלך קלוף מיימונס 100 גרם,א.ל. ייצור ושיווק תבלינים בע`מ,IL,אגוז מלך קלוף,גרמים,100.00,100 גרם,false,0,12.50,12.50,true,1,
7290013145031,false,אגוזי לוז מסוכרים מיימונס 100 גרם,א.ל. ייצור ושיווק תבלינים בע`מ,IL,ברס אגוזי לוז,גרמים,100.00,100 גרם,false,0,13.90,13.90,true,1,
7290013145109,false,שקד מולבון טחון מימונס 100 גרם,א.ל. ייצור ושיווק תבלינים בע`מ,IL,שקד מולבן טחון,גרמים,100.00,100 גרם,false,0,12.90,12.90,true,1,
7290013145123,false,מיימונס שקד מולבן פרוס 100 גרם,א.ל. ייצור ושיווק תבלינים בע`מ,IL,שקד מולבן פרוס,גרמים,100.00,100 גרם,false,0,12.90,12.90,true,1,
7290013145178,false,קוקוס לבן טחון מימונס (100 גרם),א.ל. ייצור ושיווק תבלינים בע`מ,IL,קוקוס טחון לבן,גרמים,100.00,100 גרם,false,0,4.90,4.90,true,1,
7290013145192,false,שומשום מיימונס 100 גרם,א.ל. ייצור ושיווק תבלינים בע`מ,IL,שומשום,גרמים,100.00,100 גרם,false,0,4.60,4.60,true,1,
7290013145215,false,שומשום מימונס (400 גרם),א.ל.ייצור ושיווק תבלינים בעמ,IL,שומשום,גרמים,400.00,100 גרם,false,0,14.90,3.73,true,1,
7290013145277,false,עלים לקרמשניט מימונס 300 גרם,א.ל.ייצור ושיווק תבלינים בעמ,IT,עלים לקרמשניט,גרמים,300.00,100 גרם,false,1,17.90,5.97,true,1,
7290013145390,false,מימונס שוקולד צ'יפס מהדרין 250 גר,א.ל. ייצור ושיווק תבלינים בע`מ,IL,שוקולד צ'יפס,גרמים,250.00,100 גרם,false,0,9.90,3.96,true,1,
7290013145437,false,שוקולד מריר מעולה ציפס מימונס 250 ג',א.ל. ייצור ושיווק תבלינים בע`מ,IL,שוקולד צ'יפס,גרמים,250.00,100 גרם,false,0,14.00,5.60,true,1,
7290013145444,false,שוקולד מריר מעולה ציפס 66% מימונס 250 ג',א.ל. ייצור ושיווק תבלינים בע`מ,IL,שוקולד צ'יפס,גרמים,250.00,100 גרם,false,0,15.90,6.36,true,1,
7290013145529,false,סוכריות צבעוניות לקישוט מיימונס 90 גרם,א.ל. ייצור ושיווק תבלינים בע`מ,IL,סוכריות לקישוט,גרמים,90.00,100 גרם,false,0,5.90,6.56,true,1,
7290013145796,false,"רביעיית צבעי מאכל גל 4*25 מ""ל",א.ל.יצור ושיווקתבלינים בעמ,IL,צבעי מאכל 4 יח,מיליליטרים,100.00,"100 מ""ל",false,1,44.90,44.90,true,1,
7290013145826,false,פודניג בטעם וניל לבן במיוחד מימונס 80 ג',א.ל. ייצור ושיווק תבלינים בע`מ,IL,פודינג וניל,גרמים,80.00,100 גרם,false,1,5.50,6.88,true,1,
7290013145901,false,"סודה לשתיה 100 גרם ""מיימונס""",א.ל. ייצור ושיווק תבלינים בע`מ,IL,סודה לשתיה,גרמים,100.00,100 גרם,false,0,2.00,2.00,true,1,
7290013145918,false,אבקת סוכר מיימונס 100 גרם,א.ל. ייצור ושיווק תבלינים בע`מ,IL,אבקת סוכר,גרמים,100.00,100 גרם,false,0,2.00,2.00,true,1,
7290013145949,false,אבקת סוכר אריזת פטנט 250 גרם,א.ל. ייצור ושיווק תבלינים בע`מ,IL,אבקת סוכר,גרמים,250.00,100 גרם,false,0,12.90,5.16,true,1,
7290013145963,false,שמרים יבשים בוואקום מיימונס 125 גרם,א.ל. ייצור ושיווק תבלינים בע`מ,CN,שמרים יבשים,גרמים,125.00,100 גרם,false,0,5.90,4.72,true,1,
7290013145970,false,קורנפלור מימונס בשקית 200 ג',א.ל. ייצור ושיווק תבלינים בע`מ,IL,קורנפלור,גרמים,200.00,100 גרם,false,1,3.90,1.95,true,1,
7290013146083,false,מיימונס מלית חלבה 400 גרם,א.ל ייצור ושיווק תבלינים בעמ,IL,מלית חלבה,גרמים,400.00,100 גרם,false,0,13.90,3.48,true,1,
7290013146199,false,מלית קרם נוגט 350 גרם מימונס,א.ל ייצור ושיווק תבלינים בעמ,IL,קרם נוגט,גרמים,400.00,100 גרם,false,0,13.90,3.48,true,1,
7290013146274,false,מארז 8 יח תחתיות מרנג 10 גר`מימונס,א.ל.ייצור ושיווק תבלינים בעמ,IE,תחתיות מרנג,גרמים,100.00,100 גרם,false,1,19.90,19.90,true,1,
7290013146304,false,קורנפלור 500 גרם מימונס.,א.ל.ייצור ושיווק תבלינים בעמ,IL,קורנפלור,גרמים,500.00,100 גרם,false,1,7.50,1.50,true,1,
7290013146403,false,סירופ בטעם קרמל מלוח מימונס 500 גרם,א.ל ייצור ושיווק תבלינים בעמ,IL,סירופ בטעם קרמל,גרמים,500.00,100 גרם,false,0,16.90,3.38,true,1,
7290013146724,false,אבקת אייס קפה 350 גרם מימונס,א.ל. ייצור ושיווק תבלינים בע`מ,IL,אייס קפה,גרמים,350.00,100 גרם,false,1,15.90,4.54,true,1,
7290013146755,false,קצפת צמחי 24% 500 גרם מימונס,קפוא-זן תעשיות מזון בעמ - תפוג,BG,קצפת צמחית,מיליליטרים,500.00,"100 מ""ל",false,1,8.90,1.78,true,1,
7290013146762,false,מימונס קצפת מעולה 24% מעודנת 200מל,קפוא-זן תעשיות מזון בעמ - תפוג,BG,קצפת צמחית,מיליליטרים,200.00,"100 מ""ל",false,1,7.90,3.95,true,1,
7290013146854,false,קוקוס לבן טחון מימונס 400 ג',א.ל. ייצור ושיווק תבלינים בע`מ,IL,קוקוס לבן 400 גר,גרמים,400.00,100 גרם,false,0,14.90,3.73,true,1,
7290013156822,false,עוגיות רייף 350ג גאקובס,הלל בן הלל שיווק ומסחר בעמ,IL,עוגיות רייף,גרמים,350.00,100 גרם,false,1,16.90,4.83,true,1,
7290013156846,false,עוגיות מלוחות גיקובס,הלל בן הלל שיווק ומסחר בעמ,IL,עוגיות מלוחות,גרמים,350.00,100 גרם,false,1,16.90,4.83,true,1,
7290013156914,false,עוגיות כעך טוניסאי 350גר,הלל בן הלל שיווק ומסחר בעמ,IL,עוגיות כעך טוניס,גרמים,350.00,100 גרם,false,1,16.90,4.83,true,1,
7290013156921,false,עוגיות מרוקאיות ללא סוכר,הלל בן הלל שיווק ומסחר בעמ,IL,אצבעות מתוקות,גרמים,350.00,100 גרם,false,1,16.90,4.83,true,1,
7290013169600,false,דגנ.מרובעים קינמון412*2ג,קוואקר אוטס קומפני,US,דגנים מרובעים2יח,גרמים,824.00,100 גרם,false,0,35.10,4.26,true,1,
7290013169617,false,דגנים מרובעים 412*2 גרם,קוואקר אוטס קומפני,US,דגנים מרובעים2יח,גרמים,824.00,100 גרם,false,0,35.10,4.26,true,1,
7290013268020,false,מקסימה מרכך כביסה מרוכז בניחוח אולטרא פרש סנו 1 ליטר,החברה הדרומית לשיווק בעמ,IL,מרכך כביסה,ליטרים,1.00,ליטר,false,0,17.90,17.90,true,1,
7290013268242,false,תרכיז ריחני לניקוי רצפות בריח מלון מפנק ריצפז פרש,החברה הדרומית לשיווק בעמ,IL,ריצפז פרש הום,ליטרים,2.00,ליטר,false,1,17.90,8.95,true,1,
7290013268440,false,אורביטול צמד מברשות שיניים בובספוג+פיגור,החברה הדרומית לשיווק בעמ,CN,מברשת שיניים,יחידה,1.00,יחידה,false,1,17.90,17.90,true,1,
7290013268891,false,אוקסיג'ן ג'ל ללא אקונומיקה עם חמצן פעיל סנו 3 ליטר,החברה הדרומית לשיווק בעמ,IL,אוקסיג'ן ג'ל,ליטרים,3.00,ליטר,false,0,28.90,9.63,true,1,
7290013268983,false,מרכך כביסה סופר מרוכז בבישום עוצמתי סנו מקסימה 1 ל',החברה הדרומית לשיווק בעמ,IL,מרכך מרוכז ג'וי,ליטרים,1.00,ליטר,false,1,17.90,17.90,true,1,
7290013268990,false,מרכך כביסה מרוכז לבן ביו סנו מקסימה 1 ליטר,החברה הדרומית לשיווק בעמ,IL,מקסימה מרכך,ליטרים,1.00,ליטר,false,0,17.90,17.90,true,1,
7290013269003,false,מרכך כביסה סופר מרוכז בייבי לתינוקות ולעור רגיש,החברה הדרומית לשיווק בעמ,IL,מקסימה מרכך,ליטרים,1.00,ליטר,false,0,17.90,17.90,true,1,
7290013269263,false,ג'ל כביסה מרוכז מקסימה בבישום קריסטל נואר,החברה הדרומית לשיווק בעמ,IL,מקסימה ג'ל,ליטרים,3.00,ליטר,false,0,29.60,9.87,true,1,
7290013269287,false,סנו - מקסימה ג'ל כביסה מרוכז מאסק 3 ליטר,החברה הדרומית לשיווק בעמ,IL,ג'ל כביסה מרוכז,ליטרים,3.00,ליטר,false,0,29.60,9.87,true,1,
7290013269300,false,סושי ניילון נצמד פלוס סנו (150 מטר),החברה הדרומית לשיווק בעמ,IL,ניילון נצמד פלוס,מטרים,150.00,מטר,false,0,25.90,0.18,true,1,
7290013269621,false,ריצפז פרש לניקוי רצפות בניחוח מלון בוטיק,החברה הדרומית לשיווק בעמ,IL,ריצפז פרש הום,ליטרים,2.00,ליטר,false,1,17.90,8.95,true,1,
7290013269638,false,ספוג הפלא אקסטרה Extra- מארז 6 יח',החברה הדרומית לשיווק בעמ,US,ספוג הפלא אקסטרה,יחידה,1.00,יחידה,false,0,9.70,9.70,true,1,
7290013269645,false,ריצפז פרש מטליות לחות לריצפה בניחוח מאסק 10 יחידות,החברה הדרומית לשיווק בעמ,IL,מטליות ריצפז,יחידה,1.00,יחידה,false,0,10.90,10.90,true,1,
7290013269751,false,מטליות לחותריצפז פרש לניקוי ריצפה בניחות מלון בוטיק 10 יח' סנו,החברה הדרומית לשיווק בעמ,IL,מטליות ריצפז,יחידה,1.00,יחידה,false,1,10.90,10.90,true,1,
7290013269911,false,"סנו K-333 קוטל חרקים ללא ריח 750מ""ל",החברה הדרומית לשיווק בעמ,IL,סנו K333,מיליליטרים,750.00,"100 מ""ל",false,0,29.90,3.99,true,1,
7290013284112,false,פריניר זיתים חרוזית ירוק a2,פריניר ( הדס 1987) ב,IL,זיתים ירוקים,גרמים,560.00,100 גרם,false,0,7.90,1.41,true,1,
7290013284143,false,פריניר מלפפונים במלח 10-12 560ג.,אבאל יזמות בעמ,IL,מלפפונים במלח,גרמים,560.00,100 גרם,false,0,6.80,1.21,true,1,
7290013284150,false,פריניר מלפפונים במלח 13-17 560ג,אבאל יזמות בעמ,IL,מלפפונים במלח,גרמים,560.00,100 גרם,false,0,9.50,1.70,true,1,
7290013284174,false,פריניר מלפפונים בחומץ 7-9 560גר.,אבאל יזמות בעמ,IL,מלפפונים בחומץ,גרמים,560.00,100 גרם,false,0,6.10,1.09,true,1,
7290013284310,false,רוטב פסטה לילדים פריניר 240 גרם,ח.כהן סוכנות מזון ומשקאות בע,IL,רוטב פסטה,גרמים,240.00,100 גרם,false,0,5.90,2.46,true,1,
7290013310101,false,"שיפודי במבוק ג'מבו 50 יח' עובי 5 מ""מ אורך 30 ס""מ",הדקלאים אגודת שיתופי,CN,שיפודי במבוק,יחידה,1.00,יחידה,false,1,4.90,4.90,true,1,
7290013310163,false,מדליק פחם מוצק LIGHT EASY 40 יחידות,הדקלאים אגודת שיתופי,DE,מדליק פחם מוצק,יחידה,1.00,יחידה,false,0,6.50,6.50,true,1,
7290013310385,false,כפפות ניטריל M כחולות ללא אבקה 80 יח' EASY TOUCH,אינטרסן (1996) בעמ,TH,כפפות ניטריל,יחידה,1.00,יחידה,false,0,25.90,25.90,true,1,
7290013310392,false,כפפות ניטריל L כחולות ללא אבקה 80 יח' EASY TOUCH,אינטרסן (1996) בעמ,TH,כפפות כחולות L,יחידה,1.00,יחידה,false,0,25.90,25.90,true,1,
7290013358356,false,פירורי לחם מוזהבים מאסטר שף (320גרם),ש. שסטוביץ בע`מ,IL,פירורי לחם,גרמים,320.00,100 גרם,false,0,7.80,2.44,true,1,
7290013358363,false,מאסטר שף פרורי לחם פנקו עבים בסגנון יפני 300 גר,קריניציה ויטמינה אס,IL,פרורי לחם יפני,גרמים,300.00,100 גרם,false,0,9.80,3.27,true,1,
7290013358431,false,קרוטונים לסלט מאסטר שף בטעם עגבניות ובזיליקום 200 גרם,עינת תעשיות מזון אגו,IL,קרוטונים לסלט,גרמים,200.00,100 גרם,false,0,11.80,5.90,true,1,
7290013358493,false,מאסטר שף אסייאתי קרם קוקוס פחית 400 מל,תאי קוקונט פבליק קומפני,TH,קרם קוקוס,מיליליטרים,400.00,"100 מ""ל",false,1,9.80,2.45,true,1,
7290013358806,false,מנה מאגדת פריכיות אורז עם מלח 264 גרם,ש. שסטוביץ בע`מ,IL,פריכיות אורז,גרמים,264.00,100 גרם,false,0,11.90,4.51,true,1,
7290013366085,false,תירס מתוק במיוחד כרמ,כרמלים שדות חדשים,IL,תירס מתוק במיוחד,גרמים,800.00,100 גרם,false,1,19.90,2.49,true,1,
7290013366108,false,אספרגוס בשקית יחידה,כרמלים שדות חדשים,IL,אספרגוס ירוק,גרמים,400.00,100 גרם,false,1,31.90,7.98,true,1,
7290013366252,false,קטניות מונבטות יחידה,כרמלים שדות חדשים,IL,קטניות מונבטות,יחידה,1.00,יחידה,false,1,9.90,9.90,true,1,
7290013366665,false,חסה גמביט קראנצית יחידה,ביכורי השדה הצפון בעמ` 1964,IL,חסה גמביט יחידה,יחידה,1.00,יחידה,false,1,11.90,11.90,true,1,
7290013366719,false,פאק צ'וי כרמל יבולם,כרמלים שדות חדשים,IL,באקצ'וי,גרמים,200.00,100 גרם,false,1,13.90,6.95,true,1,
7290013430250,false,אלכסנדר חיטה ישראלית בקבוק בודד 330 מל,אלכסנדר- בירה ישראלית מע,IL,בירה אלכסנדר,מיליליטרים,330.00,"100 מ""ל",false,1,12.90,3.91,true,1,
7290013433077,false,גרנולה אגוזים 44% 300 גרם,אפקט טבעי,IL,גרנולה אגוזים,גרמים,300.00,100 גרם,false,0,19.90,6.63,true,1,
7290013433107,false,גרנולה חלבה תמר 43% 300 גרם,אפקט טבעי,IL,גרנולה,גרמים,300.00,100 גרם,false,0,19.90,6.63,true,1,
7290013433114,false,חמאת קוקוס טבעית 300 גרם,,IL,חמאת קוקוס טבעית,גרמים,300.00,100 גרם,false,0,29.60,9.87,true,1,
7290013433244,false,גרנולה עשירה בחלבון 300 ג,אפקטבעי,IL,גרנולה חלבון,גרמים,300.00,100 גרם,false,1,19.90,6.63,true,1,
7290013433336,false,גרנולה 48% סופר פודס 300 ג,אפקטבעי,IL,גרנולה סופרפוד,גרמים,300.00,100 גרם,false,1,19.90,6.63,true,1,
7290013440648,false,מאגדת שלגוני אבטיח נסטלה 5 יחידות,נגה גלידות שותפות מוגבלת,IL,מאגדת אבטיח,גרמים,540.00,100 גרם,false,0,25.90,4.80,true,1,
7290013453075,false,"דני וגלית עוגיות שיבולת שועל, טחינה וסילאן",דני וגלית בעמ,IL,עוגיות שיבולת,גרמים,270.00,100 גרם,false,0,24.70,9.15,true,1,
7290013453082,false,עוגיות כוסמין ושוקולד ציפס 230 גר,,IL,עוגיות גרנולה,גרמים,230.00,100 גרם,false,0,24.70,10.74,true,1,
7290013453105,false,דני וגלית עוגיות לתה מקמח מלא,,IL,עוגיות מרוקאיות,גרמים,240.00,100 גרם,false,0,19.70,8.21,true,1,
7290013453136,false,עוגיות כוסמין שטרודל תפוחים ללא תוספת סוכר טבעוני,דני וגלית,IL,עוגיות כוסמין,גרמים,230.00,100 גרם,false,0,24.70,10.74,true,1,
7290013453143,false,עוגיות טחינה ואגוזי לוז,האי נאם סי או אל.טי.,IL,עוגיות טחינה,גרמים,270.00,100 גרם,false,0,24.70,9.15,true,1,
7290013453150,false,דני וגלית עוגיות קוקוס ואגוזי לוז,האי נאם סי או אל.טי.,IL,עוגיות קוקוס,גרמים,230.00,100 גרם,false,0,24.70,10.74,true,1,
7290013453259,false,חטיפי חמאת קוקוס ושו,האי נאם סי או אל.טי.,IL,חטיפי שוקולדציפס,גרמים,230.00,100 גרם,false,0,24.70,10.74,true,1,
7290013453594,false,עוגיות גרנולה חמוציות וקשיו 230 גר,.,IL,עוגיות גרנולה,גרמים,230.00,100 גרם,false,1,24.70,10.74,true,1,
7290013453600,false,ביסקוט שוקוציפס ופירות מיובשים 200 גרם,"דני וגלית בע""מ",IL,ביסקוטי שוקולד,גרמים,170.00,100 גרם,false,1,24.70,14.53,true,1,
7290013453679,false,עוגיות אוכמניות ותפוז מקמח שקדים 230 גרם,,IL,עוגיות אוכמניות,גרמים,230.00,100 גרם,false,1,25.90,11.26,true,1,
7290013521132,false,נודלס אורז מלא אורגני אצות וואקמה 250 גר,,CN,אטריות אורגניות,גרמים,250.00,100 גרם,false,0,17.90,7.16,true,1,
7290013521354,false,חרדל דיזון אורגני עם גרגירים 200 גר,,NL,חרדל דיז'ון אורג,גרמים,200.00,100 גרם,false,0,14.40,7.20,true,1,
7290013521415,false,אבקת מרק אורגני 20 בטעם עוף 200 גר,השדה מוצרים אורגניים,NL,אבקת מרק אורגנית,גרמים,200.00,100 גרם,false,0,23.70,11.85,true,1,
7290013521491,false,השדה קטשופ אורגני 567 גרם,השדה מוצרים טבעיים ו,US,קטשופ אורגני,גרמים,568.00,100 גרם,false,0,18.90,3.33,true,1,
7290013521545,false,עוגיות חצי ירח אורגניות 180 גר,הגביע,IL,עוגיות חצי ירח,גרמים,180.00,100 גרם,false,1,14.00,7.78,true,1,
7290013521965,false,עוגיות אורגניות מקמח כוסמין מלא 180 גרם,השדה מוצרים טבעיים ו,IL,עוגיות חצי ירח,גרמים,180.00,100 גרם,false,1,16.90,9.39,true,1,
7290013531117,false,רוטב פסטה לילדים יכין (240 גר`),"זנלכל בע""\מ",IL,רוטב פסטה,גרמים,240.00,100 גרם,false,0,6.50,2.71,true,1,
7290013531346,false,סירופ דיאט בטעם לימונענע יכין 1 ליטר,זנלכול יכין,IL,סירופ לימונענע,ליטרים,1.00,ליטר,false,1,16.90,16.90,true,1,
7290013534057,false,"צ'יפס בטטה טבעי מיה 100ג' 'כשל""פ",מיה תעשיות מזון מ.ת.מ. בעמ,IL,צ'יפס בטטה טבעי,גרמים,100.00,100 גרם,false,0,9.90,9.90,true,1,
7290013540874,false,טונה בשמן קנולה 414 גרם פילטונה,תעשיות פילטונה,IL,נתחי טונה,גרמים,414.00,100 גרם,false,1,13.90,3.36,true,1,
7290013585233,false,"ספרייט זירו פחית סליק 330 מ""ל",החברה המרכזית להפצת משקאות בעמ,IL,ספרייט זירו,מיליליטרים,330.00,"100 מ""ל",false,1,5.40,1.64,true,1,
7290013585387,false,בקבוק זירו קוקה-קולה (1 ליטר),החברה המרכזית להפצת משקאות בעמ,IL,קולה זירו,ליטרים,1.00,ליטר,false,1,6.90,6.90,true,1,
7290013585394,false,בקבוק קוקה-קולה (1 ליטר),החברה המרכזית להפצת משקאות בעמ,IL,קוקה קולה,ליטרים,1.00,ליטר,false,1,7.20,7.20,true,1,
7290013608260,false,מיץ רימונים 100%מיץ סחוט טרי מצונן 1ליט,שטראוס גרופ בעמ/מצונן,IL,מיץ רימונים,ליטרים,1.00,ליטר,false,0,24.10,24.10,true,1,
7290013608864,false,פרימור משקה פירות הדר 1 ליטר בתוספת ויטמין C,שטראוס גרופ בעמ/מצונן,IL,משקה פירות הדר,ליטרים,1.00,ליטר,false,1,15.80,15.80,true,1,
7290013645050,false,פירורי לחם שרהלה 300 גרם,מוצרי הכט,IL,פרורי לחם,גרמים,300.00,100 גרם,false,0,21.70,7.23,true,1,
7290013652157,false,"ד""ר פישר - נטורל קר מגבונים להסרת איפור לעור רגיל יבש 30 יח' * 3","פישר תעשיות פרמצביטות בע""מ",IL,מגבונים 3 יח,יחידה,1.00,יחידה,false,0,19.90,19.90,true,1,
7290013652645,false,אוליביול Oliveyol קרם לטיפול ומניעת תפרחת חיתולים,פישר תעשיות פרמצבטיות בעמ,IL,משחה טיפולית,גרמים,100.00,100 גרם,false,0,24.90,24.90,true,1,
7290013675194,false,שניצל אמיתי ביתי ללא גלוטן מאמא עוף 700 גרם,תנובה מרכז שיתופי לשיווק תוצרת,IL,שניצל אמיתי,גרמים,700.00,100 גרם,false,1,39.90,5.70,true,1,
7290013675545,false,"שניצל כלי תחבורה ""מאמא עוף"" 700 גרם",תנובה גליל שותפות מוגבלת,IL,שניצל כליתחבורה,גרמים,700.00,100 גרם,false,1,36.90,5.27,true,1,
7290013683595,false,עוגת פס שביל החלב 600 גר,"גידרון תעשיות בע""מ",IL,עוגת פס שביל חלב,גרמים,600.00,100 גרם,false,0,42.90,7.15,true,1,
7290013713025,false,"בירה ג'מס פילס בקבוק 330 מ""ל",אגודת הכורמים,IL,בירה ג'מס פילס,מיליליטרים,330.00,"100 מ""ל",false,0,13.90,4.21,true,1,
7290013724946,false,שקדים בשוקולד מריר בקופסא 140 גרם,דין שיווק וקליה 2021 בעמ,IL,שקד בשוקולד מריר,גרמים,160.00,100 גרם,false,0,14.80,9.25,true,1,
7290013725639,false,רוטב צילי חריף סו שף,"דין שיווק וקליה בע""מ",TH,צ'ילי חריף,גרמים,700.00,100 גרם,false,0,13.00,1.86,true,1,
7290013725646,false,רוטב צילי מתוק סו שף,"דין שיווק וקליה בע""מ",TH,צ'ילי מתוק,גרמים,700.00,100 גרם,false,0,10.80,1.54,true,1,
7290013725684,false,"רוטב טריאקי 300 מ""ל",,TH,רוטב טריאקי,מיליליטרים,300.00,"100 מ""ל",false,0,11.90,3.97,true,1,
7290013725691,false,רוטב סויה בסגנון יפני,דין שיווק וקליה 2021 בעמ,TH,רוטב בסגנון יפני,מיליליטרים,300.00,"100 מ""ל",false,0,9.90,3.30,true,1,
7290013725714,false,רוטב סויה סגנון יפני623מ,"דין שיווק וקליה בע""מ",TH,רוטב סויה,מיליליטרים,623.00,"100 מ""ל",false,0,11.00,1.77,true,1,
7290013725752,false,נודלס דק להכנה מהירה400ג,דין שיווק וקליה 2021 בעמ,CN,נודלס דק,גרמים,400.00,100 גרם,false,0,7.50,1.88,true,1,
7290013725769,false,נודלס עבה הכנה מהירה400ג,דין שיווק וקליה 2021 בעמ,CN,נודלס עבה,גרמים,400.00,100 גרם,false,0,7.50,1.88,true,1,
7290013725820,false,אגוזי לוז בשוקולד מריר בקופסא 140 גרם,דין שיווק וקליה 2021 בעמ,IL,א.לוז בשוקולד,גרמים,160.00,100 גרם,false,0,14.80,9.25,true,1,
7290013746672,false,עוגיות אגוזים מכוסמין250,"דגן מיני מזונות בע""\מ",IL,עוגיות אגוזים,גרמים,250.00,100 גרם,false,1,28.90,11.56,true,1,
7290013746986,false,קרקר כוסמין עם חמניות וכורכום 200 גרם,"דגן מיני מזונות בע""\מ",IL,קרקר כוסמין,גרמים,200.00,100 גרם,false,1,28.90,14.45,true,1,
7290013771384,false,יוגורט יווני השומרון,מיוצר עי קונדיטוריית,IL,יוגורט יווני,גרמים,400.00,100 גרם,false,1,10.90,2.73,true,1,
7290013787392,false,רביולי גבינות קלאסי 330 גרם ריקו בית יוסף,דודו איטליאן פרודקטס בע\,IL,רביולי במילוי גב,גרמים,330.00,100 גרם,false,1,25.90,7.85,true,1,
7290013787408,false,רביולי בטטה 330 גרם ריקו בית יוסף,דודו איטליאן פרודקטס בע\,IL,רביולי בטטה,גרמים,330.00,100 גרם,false,1,25.90,7.85,true,1,
7290013787415,false,רביולי ריקוטה תרד 330 גרם ריקו בית יוסף,דודו איטליאן פרודקטס בע\,IL,רביולי תרד וריקו,גרמים,330.00,100 גרם,false,1,25.90,7.85,true,1,
7290013787422,false,רביולי פלין פטריות - כמהין 330 גרם ריקו בית יוסף,דודו איטליאן פרודקטס בע\,IL,פלין פטריות בטעם,גרמים,330.00,100 גרם,false,1,25.90,7.85,true,1,
7290013800916,false,מנגט קקאו אקולוגי מס 3 60 יח,,CN,מנג'ט אקולוגי,יחידה,1.00,יחידה,false,1,7.90,7.90,true,1,
7290013847454,false,טונה סטאריקיסט בשמן קנולה רביעייה 160 גר,דיפלומט מפיצים (1968) בעמ**,VN,טונה בשמן 4 יח,גרמים,640.00,100 גרם,false,1,24.90,3.89,true,1,
7290013847645,false,סטארקיסט טונה בשמן זית 80 גר' שלישיות,סטארקיסט Starkist,TR,טונה בשמן זית3יח,גרמים,240.00,100 גרם,false,1,17.90,7.46,true,1,
7290013848055,false,קרמה מן קרם גוף בניחוח גברי 400 מ' ל,קוסמופארם בע'\'\מ,IL,קרם גוף קרמה מן,מיליליטרים,400.00,"100 מ""ל",false,1,23.90,5.98,true,1,
7290013848383,false,קרמה מן גל רחצה אקטיב בלוק 700 מל לגבר,החברה הדרומית לשיווק בעמ,IL,ג'ל רחצה קרמה מן,מיליליטרים,700.00,"100 מ""ל",false,0,15.00,2.14,true,1,
7290013848758,false,מקסימה גל כביסה מרוכז בייבי 3ליטר סנסטיב,החברה הדרומית לשיווק בעמ,IL,ג'ל לכביסה בייבי,ליטרים,3.00,ליטר,false,0,34.90,11.63,true,1,
7290013861412,false,המתוקים של ששון קוקוס 250 גרם,דין שיווק וקליה 2021 בעמ,IL,חטיפי קוקוס,גרמים,250.00,100 גרם,false,0,9.90,3.96,true,1,
7290013861429,false,המתוקים של ששון שומשום 250 גרם,דין שיווק וקליה 2021 בעמ,IL,חטיפי שומשום,גרמים,250.00,100 גרם,false,0,9.90,3.96,true,1,
7290013861443,false,המתוקים של ששון בוטנים 250 גרם,דין שיווק וקליה 2021 בעמ,IL,חטיפי בוטנים,גרמים,250.00,100 גרם,false,0,9.90,3.96,true,1,
7290013861740,false,ניוקי תפוחי אדמה סו שף 500 ג',דין שיווק וקליה 2021 בעמ,IT,ניוקי,גרמים,500.00,100 גרם,false,0,7.00,1.40,true,1,
7290013861955,false,תערובת פיצוחים 200גרם,שקדיה,IL,תערובת פיצוחים,גרמים,200.00,100 גרם,false,0,23.70,11.85,true,1,
7290013861962,false,פיסטוק חלבי קלוי 200גרם,שקדיה,IL,פיסטוק קלוי,גרמים,200.00,100 גרם,false,0,23.70,11.85,true,1,
7290013883407,false,"דזיטול מרסס לחיטוי כללי יעקבי 750 מ""ל",יעקב יעקבי ובניו בע`מ,ES,דזיטול מרסס,מיליליטרים,750.00,"100 מ""ל",false,0,12.90,1.72,true,1,
7290013903327,false,טופו טבעי 500 יח 2 יח נפרדות ליב,ל.י.ב. (לחיות יותר בטבע) בעמ,IL,טופו בטעם טבעי,גרמים,500.00,100 גרם,false,1,14.90,2.98,true,1,
7290013903594,false,רסק תפוחים טבעי 670 גרם ליב,ל.י.ב. (לחיות יותר בטבע) בעמ,IL,רסק תפוחים טבעי,גרמים,670.00,100 גרם,false,1,12.90,1.93,true,1,
7290013906052,false,נקניקיות פרגיות טירת צבי 300 גרם,תנובה מרכז שיתופי לשיווק תוצרת,IL,נקניקיות פרגיות,גרמים,300.00,100 גרם,false,0,12.90,4.30,true,1,
7290013906205,false,פסטרמה עם שום וצילי טירת צבי 400 ג',תנובה מרכז שיתופי לשיווק תוצרת,IL,פסטרמה שום+צ'לי,גרמים,400.00,100 גרם,false,0,25.90,6.48,true,1,
7290013906212,false,"נקנקיות וינר טירת 1 ק""ג טירת צבי",תנובה מרכז שיתופי לשיווק תוצרת,IL,נקניקיות וינר,קילוגרמים,1.00,"ק""ג",false,0,22.90,22.90,true,1,
7290013906441,false,קבנוס טירת צבי 120 גרם,תנובה מרכז שיתופי לשיווק תוצרת,IL,קבנוס,גרמים,120.00,100 גרם,false,0,9.90,8.25,true,1,
7290013906687,false,פסט' צמד כפרית ברביקיו ודבש 300X2ג' טירת צבי,תנובה מרכז שיתופי לשיווק תוצרת,IL,צמד כפרי ברביקיו,גרמים,600.00,100 גרם,false,8,29.90,4.98,true,1,
7290013906694,false,נקניקיות שקית קילו וחצי טירת צבי,תנובה מרכז שיתופי לשיווק תוצרת,IL,נקניקיות עוף 1.5,גרמים,1500.00,100 גרם,false,1,35.90,2.39,true,1,
7290013927101,false,אחווה עוגה תפוחים ללא תוספת סוכר 450גר,אחדות ביחר לטחינה חל,IL,עוגת תפוח עץ,גרמים,450.00,100 גרם,false,0,11.90,2.64,true,1,
7290013927156,false,אחוה בטעם פירות יער ללא תוספת סוכר 450 גרם.,אחדות ביחר לטחינה חל,IL,עוגת פירות יער,גרמים,450.00,100 גרם,false,0,11.90,2.64,true,1,
7290013994417,false,הרדוף גרעיני שיבולת שועל אורגני 500 גרם,אול אורגני,IL,גרעיני שיבולת,גרמים,500.00,100 גרם,false,1,9.90,1.98,true,1,
7290013994547,false,אורז בסמטי חום אורגני 500 גר,אול אורגני,IL,אורז בסמטי חום,גרמים,500.00,100 גרם,false,0,12.90,2.58,true,1,
7290013994653,false,קינואה רויאל אורגני 500 גרם - הרדוף,אול אורגני,IL,קינואה אורגנית,גרמים,500.00,100 גרם,false,1,17.90,3.58,true,1,
7290013994707,false,פופקורן אורגני 500 גרם,אול אורגני,IL,פופקורן אורגני,גרמים,500.00,100 גרם,false,1,13.90,2.78,true,1,
7290013994806,false,אפונה עדינה קפוא אורג600,פינגווין,BE,אפונה עדינה,גרמים,600.00,100 גרם,false,1,23.70,3.95,true,1,
7290013994820,false,הרדוף שומשום שחור אורגני 300 גרם,אול אורגני,IL,שומשום שחור,גרמים,300.00,100 גרם,false,1,9.90,3.30,true,1,
7290013994905,false,"קמח חיטה 70% אורגני הרדוף 1 ק""ג",,IL,קמח חיטה 70%,קילוגרמים,1.00,"ק""ג",false,1,15.90,15.90,true,1,
7290013994912,false,"קמח כוסמין 70% אורגני הרדוף 1 ק""ג",עץ השדה,IL,קמח כוסמין 70%,קילוגרמים,1.00,"ק""ג",false,1,21.90,21.90,true,1,
7290014002197,false,חליטת קמומיל ולימונית הגן הקסום ויסוצקי 25 יחידות,תה ויסוצקי (ישראל) בעמ,IL,חליטת קמומיל,גרמים,75.00,100 גרם,false,0,18.90,25.20,true,1,
7290014002203,false,חליטת לימונית ולואיזה הגן הקסום ויסוצקי 25 יחידות,תה ויסוצקי (ישראל) בעמ,IL,חליטת לימונית,גרמים,75.00,100 גרם,false,0,18.90,25.20,true,1,
7290014002579,false,תה ירוק וניל ויסוצקי 25 יחידות,תה ויסוצקי (ישראל)בעמ,IL,תה ירוק וניל,גרמים,38.00,100 גרם,false,0,24.90,65.53,true,1,
7290014002944,false,גן קסום חליטת פירות וצמחים חמדת שקד 25 שקיקים,תה ויסוצקי (ישראל) בעמ,IL,חליטת חמדת שקד,גרמים,57.00,100 גרם,false,0,18.90,33.16,true,1,
7290014002982,false,תה ירוק לימונית ולואיזה ויסוצקי 25 יחידות תוספת סטיביה,תה ויסוצקי (ישראל) בעמ,IL,תה ירוק סטיביה,גרמים,37.00,100 גרם,false,0,24.90,67.30,true,1,
7290014015135,false,בצלצלי פנינה לשיפודים,קטיף.,IL,בצלצלי פנינה,קילוגרמים,0.00,"ק""ג",true,1,15.90,15.90,true,1,
7290014046016,false,פסטרמה של פעם דל שומן 2% רכיבים טבעיים,מעדני יחיעם ( 1993 ) בע`מ,IL,פסטרמה של פעם,גרמים,250.00,100 גרם,false,0,25.90,10.36,true,1,
7290014059085,false,"משחת שיניים סנסודיין 75 מ""ל פרימיום לשיקום והגנה","סמית קליין ביצ'ם בע""",GB,משחת סנסודיין,מיליליטרים,75.00,"100 מ""ל",false,0,25.90,34.53,true,1,
7290014059436,false,"משחת שיניים סנסודיין 75 מ""ל פרימיום לשיקום והגנה מלבינה 75 מ""ל","סמית קליין ביצ'ם בע""",GB,משחת סנסודיין,מיליליטרים,75.00,"100 מ""ל",false,0,25.90,34.53,true,1,
7290014066366,false,לנדוור-קפסולות אספרסו ריסטרטו(08) - 10יח'12X יח,ש.שסטוביץ בעמ,IL,קפסולות לנדוור,גרמים,50.00,100 גרם,false,1,14.90,29.80,true,1,
7290014066380,false,לנדוור-קפסולות אספרסו סופרימו(10) - 10יח'12X יח,ש.שסטוביץ בעמ,IL,קפסולות לנדוור,גרמים,50.00,100 גרם,false,1,14.90,29.80,true,1,
7290014066526,false,לנדוור-קפסולות אספרסו תערובת הבית(11) - 10יח'12X יח,ש.שסטוביץ בעמ,IL,קפסולות לנדוור,גרמים,50.00,100 גרם,false,1,14.90,29.80,true,1,
7290014066915,false,קפה טורקי לנדוור100*4גרם,לנדוור,IL,קפה טורקי 4 יח,גרמים,400.00,100 גרם,false,1,24.90,6.23,true,1,
7290014083479,false,גבינה פרוסה גאודה 27% שומן EURO CHEESE ויליפוד 150 גרם,ג.וילי פוד אינטרנשיונל בעמ,IL,גבינת גאודה,גרמים,150.00,100 גרם,false,0,9.90,6.60,true,1,
7290014094079,false,בוטן קלוף קלוי 200גרם,שקדיה,IL,בוטן קלוף קלוי,גרמים,200.00,100 גרם,false,0,9.80,4.90,true,1,
7290014094260,false,שיני שום קלוף קמעונאי,קונס`-מרינה פטריות הגליל בעמ*ש,CN,שיני שום קלופות,גרמים,160.00,100 גרם,false,1,10.90,6.81,true,1,
7290014094307,false,סילאן רכיבים טבעיים 380 גר-השקדיה,"דין שיווק וקליה בע""מ",IL,סילאן טבעי,גרמים,360.00,100 גרם,false,0,14.80,4.11,true,1,
7290014094505,false,אורז בסמתי טהור אהרוני 1 ק''ג,דין שיווק וקליה 2021 בעמ,IL,אורז בסמטי,קילוגרמים,1.00,"ק""ג",false,0,9.90,9.90,true,1,
7290014094512,false,"רוטב טריאקי 300 מ""ל אהרוני",דין שיווק וקליה 2021 בעמ,TH,רוטב טריאקי,מיליליטרים,300.00,"100 מ""ל",false,0,10.90,3.63,true,1,
7290014094543,false,תרסיס שמן קנולה מזוכך 186 מל שקדיה,דין שיווק וקליה 2021 בעמ,TR,תרסיס שמן קנולה,מיליליטרים,186.00,"100 מ""ל",false,0,14.90,8.01,true,1,
7290014094567,false,"שמן זית כתית מעולה 750מ""ל אהרוני",דין שיווק וקליה 2021 בעמ,IL,שמן זית,מיליליטרים,750.00,"100 מ""ל",false,0,29.90,3.99,true,1,
7290014095021,false,אגוז מלך טבעי150ג שקדיה,שקדיה,IL,אגוז מלך קלוף,גרמים,150.00,100 גרם,false,0,13.90,9.27,true,1,
7290014095052,false,פקאן מסוכר 150גרם,שקדיה,IL,פקאן מסוכר,גרמים,150.00,100 גרם,false,1,18.70,12.47,true,1,
7290014095472,false,חטיף דגנים עם חומציות שוקולד מריר שקדיה 125 גרם,****דין שיווק וקליה 2021 בעמ,IL,חטיפי גרנולה,גרמים,125.00,100 גרם,false,0,10.00,8.00,true,1,
7290014095496,false,חטיף דגנים עם אגוזים ושוקולד מריר 125 גר',****דין שיווק וקליה 2021 בעמ,IL,חטיפי גרנולה,גרמים,125.00,100 גרם,false,0,10.00,8.00,true,1,
7290014095861,false,שיבולת שועל דקה בשקית שקדיה 500 גרם,דין שיווק וקליה 2021 בעמ,IL,שיבולת שועל,גרמים,500.00,100 גרם,false,0,6.90,1.38,true,1,
7290014095953,false,פקאן בציפוי שוקולד בקופסא שקדיה 140 גרם,דין שיווק וקליה 2021 בעמ,IL,פקאן בשוקולד חלב,גרמים,160.00,100 גרם,false,0,14.80,9.25,true,1,
7290014217065,false,אורגנו עלים בקופ' 30 גר' טעם וריח,"תבליני טעם וריח בע""מ",IL,אורגנו,גרמים,30.00,100 גרם,false,0,10.00,33.33,true,1,
7290014217140,false,"מיכל ראס אל חנות 100 גר' ""טעם וריח""","תבליני טעם וריח בע""מ",IL,תיבול רס אל חנות,גרמים,100.00,100 גרם,false,1,10.00,10.00,true,1,
7290014217157,false,"מיכל טוסקנה תיבול 120 גר ""טעם וריח""","תבליני טעם וריח בע""מ",IL,תערובת טוסקנה,גרמים,120.00,100 גרם,false,1,9.90,8.25,true,1,
7290014217201,false,"תערובת תיבול סומק 45 גרם ""טעם וריח""","תבליני טעם וריח בע""מ",IL,סומק במיכל,גרמים,45.00,100 גרם,false,1,7.00,15.56,true,1,
7290014217225,false,גריל עוף בקופ' 120 גר' טעם וריח,"תבליני טעם וריח בע""מ",IL,גריל עוף,גרמים,120.00,100 גרם,false,0,10.00,8.33,true,1,
7290014217263,false,תיבול לפרגית בקופ' 100 גר' טעם וריח,"תבליני טעם וריח בע""מ",IL,תערובת לפרגיות,גרמים,100.00,100 גרם,false,1,10.00,10.00,true,1,
7290014217348,false,"מיכל צ'ילי כתוש 70 גר' ""טעם וריח""","תבליני טעם וריח בע""מ",IL,צ'ילי כתוש חריף,גרמים,70.00,100 גרם,false,1,10.00,14.29,true,1,
7290014217362,false,תיבול לקציצות בקופ' 100 גר' טעם וריח,"תבליני טעם וריח בע""מ",IL,תיבול לקציצות,גרמים,100.00,100 גרם,false,0,10.00,10.00,true,1,
7290014217379,false,תבלין למרינדה קלאסית 80 גרם טעם וריח,תבליני טעם וריח בעמ,IL,תערובת תיבול עוף,גרמים,80.00,100 גרם,false,1,11.90,14.88,true,1,
7290014217386,false,מרינדת צ'ילי חריף 80 גרם טעם וריח,תבליני טעם וריח בעמ,IL,תערובת תיבול עוף,גרמים,80.00,100 גרם,false,1,11.90,14.88,true,1,
7290014217485,false,תיבול קייג'ון בקופ' 100 גר' טעם וריח,"תבליני טעם וריח בע""מ",IL,תערובת תבלינים,גרמים,100.00,100 גרם,false,1,10.00,10.00,true,1,
7290014217515,false,לציפוי מאפה מלוח מיכל 90 גר`טעם וריח,"תבליני טעם וריח בע""מ",IL,תערובת ציפוי,גרמים,90.00,100 גרם,false,1,9.90,11.00,true,1,
7290014217911,false,תבלין פלפל אדום מתוק בשקית 150 גר,"תבליני טעם וריח בע""\מ",IL,פלפל מתוק שלם,גרמים,150.00,100 גרם,false,1,13.90,9.27,true,1,
7290014218321,false,בורקס אישי יפו גבינה מעדנות 600 גרם,תנובה מרכז שיתופי לשיווק תוצרת,IL,בורקס יפו גבינה,גרמים,600.00,100 גרם,false,1,17.90,2.98,true,1,
7290014218338,false,"בורקס אישי יפו תפו""א מעדנות 600 גרם",מיוצר עי קונדיטוריית,IL,"בורקס יפו תפו""א",גרמים,600.00,100 גרם,false,1,15.90,2.65,true,1,
7290014218932,false,חטיפי פיצה בתוספ זיתים בשקית מעדנות 710 גרם,מיוצר עי קונדיטוריית,IL,חטיפי פיצה בתוספ,גרמים,710.00,100 גרם,false,1,33.90,4.77,true,1,
7290014241589,false,מיקס אגוזים טבעי וחמוציות 150 גרם,פיצוחי הטיב,IL,מיקס אגוזים,גרמים,150.00,100 גרם,false,0,16.90,11.27,true,1,
7290014256620,false,"יין מבעבע קריניאנו באזז יקבי כרמל 750 מ""ל",אגודת הכורמים -כרמל מזרחי,IL,קריניאנו באזז,מיליליטרים,750.00,"100 מ""ל",false,0,27.90,3.72,true,1,
7290014321007,false,"שמן קוקוס אורגני 350 מ""ל",כפרי בריא,LK,שמן קוקוס אורגני,מיליליטרים,350.00,"100 מ""ל",false,0,32.70,9.34,true,1,
7290014397279,false,שקיות מזון גדולות XL סנו סושי 300 יחידות,החברה הדרומית לשיווק בעמ,CN,שקיות מזון,יחידה,1.00,יחידה,false,0,11.80,11.80,true,1,
7290014397453,false,סנו אוקסיגן גל מסיר כתמים כביסה לבנה 3 ל,החברה הדרומית לשיווק בעמ,IL,מסיר כתמים 3ליטר,ליטרים,3.00,ליטר,false,0,28.90,9.63,true,1,
7290014397514,false,"מבשם אויר סנו פרש הום בניחוח כותנה מלטפת 350 מ""ל",החברה הדרומית לשיווק בעמ,IL,סנופרש כותנה,מיליליטרים,350.00,"100 מ""ל",false,0,10.90,3.11,true,1,
7290014397705,false,פוליויקס פרקט טבעי וסינטטי סנו (2 ליטר),החברה הדרומית לשיווק בעמ,IL,סנו פוליוקס פרקט,ליטרים,2.00,ליטר,false,0,19.90,9.95,true,1,
7290014397729,false,אקונומיקה פיסגה,,IL,אקונומיקה פיסגה,ליטרים,2.00,ליטר,false,0,9.90,4.95,true,1,
7290014397781,false,סנו ריצפז פרש הום 2 ליטר בניחוח סבון,החברה הדרומית לשיווק בעמ,IL,ריצפז פרש הום,ליטרים,2.00,ליטר,false,0,17.90,8.95,true,1,
7290014397835,false,סנו - מט דוחה יתושים נוזלי מכשיר + מילוי 45 לילות,החברה הדרומית לשיווק בעמ,IT,סנומט סמארט,יחידה,1.00,יחידה,false,0,36.60,36.60,true,1,
7290014426061,false,משחת שיניים הלו קיטי בטעם ענבים לגיל 2-6,גורי ע.ע.ע. בע`מ,IL,משחת שיניים,מיליליטרים,50.00,"100 מ""ל",false,0,11.90,23.80,true,1,
7290014455245,false,גבינה גרנה פדנו משולש גד 200 גר',מחלבות גד שיווק 1992 בעמ,IT,גבינה גרנה פדנו,גרמים,200.00,100 גרם,false,1,25.20,12.60,true,1,
7290014455252,false,גבינת גרנה פדנו מגורדת 29% גד (100 גרם),מחלבות גד שיווק 1992 בעמ,IT,גבינה גרנה פדנו,גרמים,100.00,100 גרם,false,1,11.90,11.90,true,1,
7290014455320,false,גבינה כדורי מוצרלה פרסקה גד 100ג',מחלבות גד שיווק 1992 בעמ,IL,מוצרלה פרסקה,גרמים,100.00,100 גרם,false,1,9.70,9.70,true,1,
7290014455467,false,ירח מתוק מעדן חלב 2% ושיבולת שועל גד 150ג',מחלבות גד שיווק 1992 בעמ,IL,מעדן שיבולת שועל,גרמים,150.00,100 גרם,false,1,5.60,3.73,true,1,
7290014455610,false,"יוגורט עיזים תות 125 גרם ""גד""",מחלבות גד שיווק 1992 בעמ,IL,יוגורט עיזים,גרמים,125.00,100 גרם,false,1,6.10,4.88,true,1,
7290014455627,false,יוגורט עיזים עם דובדבן אמרנה 125גר,מחלבות גד שיווק 1992 בעמ,IL,יוגורט עיזים,גרמים,125.00,100 גרם,false,1,6.10,4.88,true,1,
7290014459373,false,"צ'יפס קראנצ'י לתנור קפוא תפוגן 1.5ק""ג",קבוצת אוסם סחר שותפות מוגבלת,IL,ציפס קראנצי,גרמים,1500.00,100 גרם,false,1,26.90,1.79,true,1,
7290014466463,false,הר חרמון מוסקט יקב רמת הגולן (750 מל),היכל היין שקד גולן בעמ,IL,הר חרמון מוסקטו,מיליליטרים,750.00,"100 מ""ל",false,0,31.90,4.25,true,1,
7290014466609,false,יין גמלא מרלו עברית 2018*,היכל היין שקד גולן בעמ,IL,גמלא מרלו,מיליליטרים,750.00,"100 מ""ל",false,1,59.40,7.92,true,1,
7290014471429,false,"מוזלי עם פירות 1 ק""ג - 429 סגול שקדיה",דין שיווק וקליה 2021 בעמ,MK,מוזלי פירות יבש,קילוגרמים,1.00,"ק""ג",false,0,19.90,19.90,true,1,
7290014471443,false,"גרנולה צימוקים אגוזים ושקדים1 ק""ג חדש - 443 כתום שקדיה (כתום)",דין שיווק וקליה 2021 בעמ,MK,גרנולה אגוזים,קילוגרמים,1.00,"ק""ג",false,0,19.90,19.90,true,1,
7290014472426,false,קונפיטורה דובדבן חמוץ 450 ג' שקדיה,דין שיווק וקליה 2021 בעמ,TR,קונפיטורה דובדבן,גרמים,450.00,100 גרם,false,0,13.80,3.07,true,1,
7290014472433,false,קונפיטורה תות שדה 70% פרי 450 גרם,דין שיווק וקליה 2021 בעמ,TR,קונפיטורה תות,גרמים,450.00,100 גרם,false,0,13.80,3.07,true,1,
7290014472440,false,קונפיטורה תפוז 70% פרי 450 גרם,דין שיווק וקליה 2021 בעמ,TR,קונפיטורה תפוז,גרמים,450.00,100 גרם,false,0,13.80,3.07,true,1,
7290014501225,false,יין הרי הגליל אדום 7,יקב הרי גליל,IL,יין בר אדום,מיליליטרים,750.00,"100 מ""ל",false,1,32.90,4.39,true,1,
7290014501232,false,יין בר הרי גליל לבן 750 מל,היכל היין שקד גולן בעמ,IL,יין בר לבן,מיליליטרים,750.00,"100 מ""ל",false,1,32.90,4.39,true,1,
7290014501331,false,"גליל גוורצטרמינר 750 מ""ל",היכל היין שקד גולן בעמ,,גליל גוורצטרמינר,יחידה,1.00,יחידה,false,0,64.60,64.60,true,1,
7290014501355,false,"יין יראון 750 מ""ל",יקב הרי גליל,IL,יין יראון,מיליליטרים,750.00,"100 מ""ל",false,1,109.90,14.65,true,1,
7290014501829,false,"יין גליל קברנה סוביניון 750מ""ל",היכל היין שקד גולן בעמ,,גליל קברנה,יחידה,1.00,יחידה,false,0,69.60,69.60,true,1,
7290014503137,false,יין אדום יבש יובלים יקב דלתון (750 מל),הכרם - משקאות חריפים בעמ,IL,כנען אדום גליל,מיליליטרים,750.00,"100 מ""ל",false,0,44.90,5.99,true,1,
7290014525016,false,עשיריית חטיף סלים פרוט מרבה יוגורט תות סלים דליס 18.2 גרם,ש.שסטוביץ בעמ,ES,חטיפי דגנים מרבה,גרמים,182.00,100 גרם,false,0,10.90,5.99,true,1,
7290014525290,false,חטיפי סלים דליס קריספי תות מרבה 125 גרם,סלים דליס Slim Delis,NL,סלים דליס חטיפים,גרמים,125.00,100 גרם,false,1,10.90,8.72,true,1,
7290014525313,false,חטיפי סלים דליס קריספי שוקולד מרבה 125 גרם,סלים דליס Slim Delis,NL,סלים דליס חטיפים,גרמים,125.00,100 גרם,false,1,10.90,8.72,true,1,
7290014525665,false,מרבה על חלל עוגיות קקאו וסוכריות שוק חלב 140 יח',ש.שסטוביץ בעמ,NL,עוגיות על חלל,גרמים,140.00,100 גרם,false,1,9.90,7.07,true,1,
7290014525672,false,מרבה על חלל עוגיות קקאו וסוכריות שוקולד חלב 140 גרם,ש.שסטוביץ בעמ,NL,עוגיות על חלל,גרמים,140.00,100 גרם,false,1,9.90,7.07,true,1,
7290014547322,false,סנסודין זוג מברשות שיניים שיקום כחול+תכל,גורי ע.ע.ע. בעמ,CN,מברשות שיניים2יח,יחידה,1.00,יחידה,false,0,29.90,29.90,true,1,
7290014547353,false,סנסודין זוג מברשות שיניים דואלקר ירוק+יר,גורי ע.ע.ע בעמ,CN,2 מברשו סנסודיין,יחידה,1.00,יחידה,false,1,19.90,19.90,true,1,
7290014562462,false,"תרכיז תפוחים 100% טבעי בי & די 650 מ""ל",,IL,תרכיז תפוחים,מיליליטרים,650.00,"100 מ""ל",false,0,29.90,4.60,true,1,
7290014562752,false,"תרכיז סיידר תפוחים ללס זכוכית בטר אנד דיפרנט 250 מ""ל",בטר אנד דיפרנט,IL,תרכיז סיידר תפוח,מיליליטרים,250.00,"100 מ""ל",false,1,15.90,6.36,true,1,
7290014578777,false,קוקוס תאילנדי,,TH,קוקוס תאילנדי,יחידה,1.00,יחידה,false,0,16.90,16.90,true,1,
7290014673366,false,כורכום טחון תבליני מימון (250 גרם),א.ל. ייצור ושיווק תבלינים בע`מ,IL,כורכום טחון,גרמים,250.00,100 גרם,false,0,22.90,9.16,true,1,
7290014673397,false,תיבול לגריל עוף תבליני מימון 250 גרם,א.ל. ייצור ושיווק תבלינים בע`מ,IL,תיבול לגריל עוף,גרמים,250.00,100 גרם,false,0,22.90,9.16,true,1,
7290014673410,false,פלפל שחור גרוס דק תבליני מימון 250 גרם,א.ל. ייצור ושיווק תבלינים בע`מ,IL,פלפל שחור גרוס,גרמים,250.00,100 גרם,false,0,31.90,12.76,true,1,
7290014674004,false,קריספ פירורי לחם שומשום ומלח ים 300 גרם מיימונס,א.ל ייצור ושיווק תבלינים בעמ,IL,פירורי לחם קריספ,גרמים,300.00,100 גרם,false,1,7.90,2.63,true,1,
7290014712546,false,"יוגורט בקבוק בטעם פירות יער 500 מ""ל הכפר",מחלבת בת הרים,IL,יוגורט פירות יער,מיליליטרים,500.00,"100 מ""ל",false,1,15.90,3.18,true,1,
7290014748651,false,דג טוב פילה אמנון מצופה נתח שלם 360 גרם,קבוצת אוסם סחר שותפות מוגבלת,IL,פילה אמנון מצופה,גרמים,360.00,100 גרם,false,1,34.90,9.69,true,1,
7290014748958,false,דג טוב פופקורן מיני אמנון ציפס נ.שלם 400גר,קבוצת אוסם סחר שותפות מוגבלת,IL,אמנון פופקורן,גרמים,400.00,100 גרם,false,1,34.90,8.73,true,1,
7290014749078,false,מקלוני קבנוס עוף טוב 200 גרם,קבוצת אוסם סחר-שות.מוגבלת,IL,מקלוני קבנוס,גרמים,200.00,100 גרם,false,1,17.90,8.95,true,1,
7290014749245,false,ספיישל רצועות שניצל שומשום עוף טוב 600 גרם,קבוצת אוסם סחר שותפות מוגבלת,IL,צ'ונגו רצועות,גרמים,600.00,100 גרם,false,1,34.90,5.82,true,1,
7290014749764,false,עוף טוב שניצל עוף ביתי עדין כזה 700 גרם,קבוצת אוסם סחר שותפות מוגבלת,IL,שניצל עוף ביתי ע,גרמים,700.00,100 גרם,false,1,44.90,6.41,true,1,
7290014749863,false,עוף טוב שניצל דק ענק קריספי צ'יפס 720 גרם,קבוצת אוסם סחר-שות.מוגבלת,IL,שניצל עוף דקענק,גרמים,720.00,100 גרם,false,1,39.90,5.54,true,1,
7290014749887,false,שניצל דק ענק קריספי קלאסי עוף טוב 720 גרם,קבוצת אוסם סחר שותפות מוגבלת,IL,שניצל עוף דק ענק,גרמים,720.00,100 גרם,false,1,39.90,5.54,true,1,
7290014758100,false,מאגדת יוגורט ביו 3% שומן 8 יח' *150ג' תנובה,מיוצר עי קונדיטוריית,IL,יוגורט ביו 8 יח,קילוגרמים,1.20,"ק""ג",false,0,16.90,14.08,true,1,
7290014758117,false,מאגדת יוגורט ביו 1.5% שומן 8 יח' *150 ג' תנובה,מיוצר עי קונדיטוריית,IL,יוגורט ביו 8 יח,קילוגרמים,1.20,"ק""ג",false,0,14.90,12.42,true,1,
7290014758162,false,חלב עיזים מלא 3.6% שומן תנובה (1 ליטר),תנובה מרכז שיתופי לש,IL,חלב עיזים מלא 1ל,ליטרים,1.00,ליטר,false,0,14.90,14.90,true,1,
7290014758681,false,גבינת קוטג`1% בגביע תנובה (250 גרם),מיוצר עי קונדיטוריית,IL,קוטג 1% שומן,גרמים,250.00,100 גרם,false,0,5.50,2.20,true,1,
7290014759909,false,פטה עיזים 5% 250 גר`גביע פיראוס תנובה,"תנובה, מחלבת טנא נוג",IL,פטה עיזים פיראוס,גרמים,250.00,100 גרם,false,0,28.40,11.36,true,1,
7290014759978,false,קצ`קאבל פלח גלעד 200 גר`קולקשיין תנובה,תנובה בעמ ***,IL,גב.קשקבל / גלעד,גרמים,200.00,100 גרם,false,0,26.60,13.30,true,1,
7290014759985,false,פרמזן פלח גבע 23% 200 גר`קולקשיין תנובה,תנובה - חלב,IL,גבינת פרמזן/גבע,גרמים,200.00,100 גרם,false,0,25.50,12.75,true,1,
7290014759992,false,פלח רוקפור גליל 26% 140 גר`קולקשיין תנו,"תנובה, מחלבת תל יוסף",IL,קולאז' רוקפור,גרמים,140.00,100 גרם,false,0,18.50,13.21,true,1,
7290014760134,false,"מעדן סויה בטעם וניל תנובה 125 מ""ל",תנובה Alternative,IL,מעדן סויה וניל,גרמים,125.00,100 גרם,false,1,4.20,3.36,true,1,
7290014760141,false,משקה שקדים טרי תנובה (1 ליטר),"תנובה בע""מ ***",IL,משקה שקדים,ליטרים,1.00,ליטר,false,1,12.90,12.90,true,1,
7290014760448,false,גבינה צהובה גלבוע 400 גרם 22% שומן תנובה,מחלבת בית יצחק,IL,גבינת גלבוע,גרמים,400.00,100 גרם,false,1,23.90,5.98,true,1,
7290014760912,false,גבינה צהובה 28% מהדרין גוש חלב (400 גרם),תנובה מרכז שיתופי לש,IL,גבינה גוש חלב,גרמים,400.00,100 גרם,false,1,26.00,6.50,true,1,
7290014761056,false,מעדן שוקולד חלב יולו תנובה 123 גרם,מיוצר עי קונדיטוריית,IL,יולו שוקולד חלב,גרמים,123.00,100 גרם,false,0,4.70,3.82,true,1,
7290014761063,false,מעדן שוקולד מריר יולו תנובה 123 גרם,מיוצר עי קונדיטוריית,IL,יולו שוקולד מריר,גרמים,123.00,100 גרם,false,0,4.70,3.82,true,1,
7290014761070,false,מעדן שוקולד לבן יולו תנובה 123 גרם,מיוצר עי קונדיטוריית,IL,יולו שוקולד לבן,גרמים,123.00,100 גרם,false,0,4.70,3.82,true,1,
7290014761414,false,יולו מעדן שכבות שוקולד חלב ולבן 123 גר,מיוצר עי קונדיטוריית,IL,יולו שכבות שוקו.,גרמים,123.00,100 גרם,false,0,4.70,3.82,true,1,
7290014761612,false,מעדן שכבות שוקולד מריר ולבן יולו 122 גרם,מיוצר עי קונדיטוריית,IL,יולו שכבות שוקו.,גרמים,122.00,100 גרם,false,1,4.70,3.85,true,1,
7290014762831,false,גבינת שמנת נפוליאון 16% עם פלפל חלפיניו תנובה 225 גרם,תנובה מרכז שיתופי לש,IL,גבינת נפוליאון,גרמים,225.00,100 גרם,false,1,13.90,6.18,true,1,
7290014762909,false,פתיתי מוצרלה השף הלבן 10% תוספת מתנה,"תנובה, מחלבת תל יוסף",IL,פתיתי מוצרלה200ג,גרמים,200.00,100 גרם,false,1,15.90,7.95,true,1,
7290014763272,false,יוגורט סויה BIO לשתיה תות ובננה אלטרנטיב,תות תעשיות מזון (201,IL,משקה סויה ביו,מיליליטרים,250.00,"100 מ""ל",false,1,5.90,2.36,true,1,
7290014763395,false,גבינה צהובה עמק פרוס 28% 600 גרם מהדרין,תנובה מרכז שיתופי לש,IL,עמק 28% 600גרם,גרמים,600.00,100 גרם,false,1,30.90,5.15,true,1,
7290014791725,false,"שוופס מוגז פירות תפוחים 500 מ""ל",יפאורה - שותפות מוגבלת לשיווק,IL,שוופס מוגז תפוח,מיליליטרים,500.00,"100 מ""ל",false,1,5.90,1.18,true,1,
7290014855434,false,מגבונים בייביסיטר פרפורמנס מבושם רביעיה,בייביסיטר Babysitter,IL,מגבונים לחים 4יח,יחידה,1.00,יחידה,false,1,16.90,16.90,true,1,
7290014855458,false,מגבוני בייביסיטר פרפורמנס ללא בישום מארז 72X4יח',בייביסיטר Babysitter,IL,מגבונים לחים 4יח,יחידה,1.00,יחידה,false,1,16.90,16.90,true,1,
7290014860070,false,"מקלוני אורז ללא גלוטן 5 מ""מ 454גר' (אור)",מזרח ומערב יבוא ושיווק,TH,מקלוני אורז,גרמים,454.00,100 גרם,false,0,10.90,2.40,true,1,
7290014860094,false,"מקלוני אורז ללא גלוטן 3מ""מ 454גר' (אור)",מזרח ומערב יבוא ושיווק,TH,מקלוני אורז,גרמים,454.00,100 גרם,false,0,10.90,2.40,true,1,
7290014860247,false,שבבי אורז מרובעים ללא גלוטן 227 גרם (Oriental),מזרח ומערב יבוא ושיווק,TH,שבבי אורז,גרמים,227.00,100 גרם,false,0,8.90,3.92,true,1,
7290014890176,false,ריקוטה סגנון איטלק5% 250,מחלבת משק יעקובס,IL,גבינת ריקוטה,גרמים,250.00,100 גרם,false,1,13.50,5.40,true,1,
7290014890206,false,קרם פרש 250גרם יעקוב,גבינות משק יעקבס,IL,קרם פרש,גרמים,250.00,100 גרם,false,1,15.50,6.20,true,1,
7290014890572,false,"יוגורט עיזים משק יעקבס 850 מ""ל",גבינות משק יעקבס,IL,יוגורט עיזים,גרמים,850.00,100 גרם,false,1,20.00,2.36,true,1,
7290014901247,false,"שמפו קרטין לאחר החלקה ועיצוב בחום סטייל 750 מ""ל",א.ל. ארמן ייצור תמרו,IL,שמפו קרטין,מיליליטרים,750.00,"100 מ""ל",false,0,24.90,3.32,true,1,
7290014910461,false,"ערק יודה 700 מ""ל כשל",בני בהיג'\ קעואר לתעשייה,IL,ערק יודה,מיליליטרים,700.00,"100 מ""ל",false,1,54.90,7.85,true,1,
7290014910515,false,שימורי דגים שפרוטים מעושנים בשמן צמחי 250 גרם,יורוסטנדרט בעמ,LV,שפרוטים מעושנים,גרמים,250.00,100 גרם,false,1,11.90,4.76,true,1,
7290014940901,false,לחם פשוט מלא לילדים פרוס אנג`ל (750 גרם),מאפיית שלמה א. אנג'\ל בע,IL,לחם מלא,גרמים,750.00,100 גרם,false,1,14.90,1.99,true,1,
7290014962521,false,"טפטפים משחת שיניים לילדים מגיל 2-6 50 מ""ל",גורי ע.ע.ע. בע`מ,IL,משחת שיניים,מיליליטרים,50.00,"100 מ""ל",false,0,10.90,21.80,true,1,
7290015009300,false,עלי טורטייה מקמח תירס 360 גרם,פרינסס,TR,עלי טורטייה,גרמים,360.00,100 גרם,false,1,15.90,4.42,true,1,
7290015009317,false,נאצ'וס תירס טבעי 200 גרם,אוקי סנייקס,DK,נאצ'וס תירס טבעי,גרמים,200.00,100 גרם,false,1,12.90,6.45,true,1,
7290015009324,false,נאצו'ס תירס ברביקיו 200 גרם,אוקיי סנקס,DK,נאצ'וס ברביקיו,גרמים,200.00,100 גרם,false,1,12.90,6.45,true,1,
7290015014182,false,לבבות קיסר בנספק רמי לוי,ביכורי השדה צפון 1994 ג.ד. בעמ,IL,לבבות חסה,גרמים,350.00,100 גרם,false,0,9.90,2.83,true,1,
7290015037273,false,פטרוזיליה אוצר הארץ - מהדרין,יעל ירק עלים לשיווק בעמ,IL,פטרוזיליה א.הארץ,יחידה,1.00,יחידה,false,0,6.40,6.40,true,1,
7290015037280,false,כוסברה אוצר הארץ - מהדרין,יעל ירק עלים לשיווק בעמ,IL,כוסברה,יחידה,1.00,יחידה,false,0,6.40,6.40,true,1,
7290015037419,false,סלרי אמריקאי אוצר הארץ,"בכורי השדה צפון1994 ג.ד. בע""מ",IL,סלרי,יחידה,1.00,יחידה,false,0,7.90,7.90,true,1,
7290015037433,false,חסה ערבית אוצר הארץ יחיד,"בכורי השדה צפון1994 ג.ד. בע""מ",IL,חסה ערבית,יחידה,1.00,יחידה,false,0,7.90,7.90,true,1,
7290015037440,false,"כרוב לבן שלם 1 ק""ג -א. הארץ",יעל ירק עלים לשיווק בעמ,IL,כרוב לבן שלם,גרמים,0.00,"ק""ג",true,0,14.90,14.90,true,1,
7290015039055,false,"רוטב צ'ילי חריף תאילנדי וילי פוד 700 מ""ל",ג.וילי פוד אינטרנשיונל בעמ,TH,רוטב צ'ילי חריף,מיליליטרים,700.00,"100 מ""ל",false,0,10.50,1.50,true,1,
7290015039246,false,נתחי טונה בשמן צמחי רביעיה * 160 ג' וילי פוד,ג.וילי פוד אינטרנשיונל בעמ,TH,נתחי טונה בשמן,גרמים,640.00,100 גרם,false,0,21.90,3.42,true,1,
7290015039338,false,נתחי טונה במי מלח רביעיה * 160 ג' וילי פוד,ג.וילי-פוד אינטרנשיונל בעמ,TH,נתחי טונה במים,גרמים,640.00,100 גרם,false,0,21.90,3.42,true,1,
7290015055000,false,עגבניה שרי ליקופ,,IL,עגבניה שרי ליקופ,גרמים,460.00,100 גרם,false,0,9.90,2.15,true,1,
7290015129121,false,אטריות גל קונג`אק נודלס ללא גלוטן סקיני,הוויזאי וואנגייה פוד,CN,אטריות קונגאק,גרמים,270.00,100 גרם,false,0,10.90,4.04,true,1,
7290015129145,false,אטריות קונג'אק בתוספת טפיוקה בצורת ספגטי,הוויזאי וואנגייה פוד,CN,אטריות קונגאק,גרמים,270.00,100 גרם,false,0,10.90,4.04,true,1,
7290015129251,false,איטריות גל קונג`אק בצורת פסטה פטוצ`יני ס,אף.סי תבליני בגליל ב,CN,פסטה קונגאק,גרמים,270.00,100 גרם,false,1,10.90,4.04,true,1,
7290015129312,false,תבשיל מרק עם אטריות קונגאק סקיני סופ בטע,אף.סי תבליני בגליל ב,CN,סקיני סופ,גרמים,234.00,100 גרם,false,1,15.90,6.79,true,1,
7290015137553,false,יין אדום יבש מרסלאן750מל,יקבי ירושלים,IL,יין מרסלאן,מיליליטרים,750.00,"100 מ""ל",false,1,44.90,5.99,true,1,
7290015139267,false,שוקולד מריר עם שקדים ללא תוספת סוכר וסטהיים,"כרמית תעשיות ממתקים בע""\",IL,שוקולד מריר,גרמים,85.00,100 גרם,false,1,5.90,6.94,true,1,
7290015150088,false,מחית עגבניות קלה גרנד איטליה 700 גרם,תה ויסוצקי (ישראל) בעמ,IT,מחית עגבניות,גרמים,700.00,100 גרם,false,1,12.30,1.76,true,1,
7290015150118,false,שלישיית עגבניות חתוכות דק גרנד איטליה 400 גרם,תה ויסוצקי (ישראל) בעמ,IT,עגבניות חתוכות,קילוגרמים,1.20,"ק""ג",false,1,17.60,14.67,true,1,
7290015150200,false,עגבניות חתוכות דק גרנד איטליה ויסוצקי,תה ויסוצקי (ישראל)בעמ,IT,עגבניות חתוכות,גרמים,400.00,100 גרם,false,1,5.90,1.48,true,1,
7290015150903,false,תה ירוק גן קסום קינמון ודבש 25 שק*1.5 גר,תה ויסוצקי (ישראל) בעמ,IL,תה ירוק ויסוצקי,גרמים,37.00,100 גרם,false,1,24.90,67.30,true,1,
7290015155823,false,מחית תפוחי עץ חטיפטף ללא תוספת סוכר,גורי מוצרי צריכה (1991) בעמ,CZ,חטיפטף פרינוק,גרמים,120.00,100 גרם,false,1,5.90,4.92,true,1,
7290015155847,false,מחית סלט פירות חטיפטף ללא תוספת סוכר,גורי מוצרי צריכה (1991) בעמ,CZ,חטיפטף פרינוק,גרמים,120.00,100 גרם,false,1,5.90,4.92,true,1,
7290015156813,false,מחית פרינוק פאוץ' פירות מעורבים 120 גרם,גורי מוצרי צריכה (1991) בעמ,CZ,חטיפטף פרינוק,גרמים,120.00,100 גרם,false,1,5.90,4.92,true,1,
7290015161367,false,אבקת מרק ירקות אורגני טבעוני דל שומן,נוטרה זן NutraZen,DE,אבקת מרק ירקות,גרמים,200.00,100 גרם,false,1,23.90,11.95,true,1,
7290015161558,false,קמח שיבולת שועל מלאה אורגני ללא גלוטן,י.איטליאנו אחזקות בעמ,DK,קמח שבולת שועל,גרמים,500.00,100 גרם,false,1,21.90,4.38,true,1,
7290015161572,false,גרנולה נוטרה זן 29% אגוזים וגרעינים ללא גלוטן 300 גרם,נוטרה זן NutraZen,IL,גרנולה אגוזים,גרמים,300.00,100 גרם,false,1,23.90,7.97,true,1,
7290015161831,false,פת פריכה אורגנית ללא גלוטן - אמרנט 100 ג,אקסטרודו בצ'\יצה,CZ,פת פריכה,גרמים,100.00,100 גרם,false,1,13.50,13.50,true,1,
7290015161848,false,פת פריכה אורגנית ללא גלוטן - כוסמת וקינואה 100 גרם,י.איטליאנו אחזקות בעמ,CZ,פת פריכה,גרמים,100.00,100 גרם,false,1,13.50,13.50,true,1,
7290015161862,false,פת פריכה אורגנית ללא גלוטן - ערמונים 100 גרם,י.איטליאנו אחזקות בעמ,CZ,פת פריכה,גרמים,100.00,100 גרם,false,1,13.50,13.50,true,1,
7290015161879,false,פת פריכה אורגנית PRO ללא גלוטן עדשים אדומות וחומות 100 ג',אקסטרודו בצ'\יצה,CZ,פת פריכה עדשים,גרמים,100.00,100 גרם,false,1,16.90,16.90,true,1,
7290015161893,false,פת פריכה אורגנית PRO ללא גלוטן זרעי דלעת בתיבול שום 100 ג',אקסטרודו בצ'\יצה,CZ,"פת פריכה לל""ג",גרמים,100.00,100 גרם,false,1,16.90,16.90,true,1,
7290015161923,false,קרם קוקוס 22% אורגני ללא גלוטן נוטרה זן,"אינסטנטה בע""מ",LK,קרם קוקוס אורגני,מיליליטרים,400.00,"100 מ""ל",false,1,12.90,3.23,true,1,
7290015279635,false,"עמק יזרעאל ארגמן 750 מ""ל",יקב עמק יזרעאל,IL,יין ארגמן,מיליליטרים,750.00,"100 מ""ל",false,1,189.90,25.32,true,1,
7290015279734,false,עמק יזרעאל קריניאן750מל,לף,IL,יין קריניאן,מיליליטרים,750.00,"100 מ""ל",false,1,149.90,19.99,true,1,
7290015324007,false,פלפל שחור גרוס 80 גר' טעם וריח,"תבליני טעם וריח בע""מ",IL,פלפל שחור גרוס,גרמים,80.00,100 גרם,false,0,9.90,12.38,true,1,
7290015324014,false,"פלפל שחור טחון בשקית 80 גרם ""טעם וריח""","תבליני טעם וריח בע""מ",IL,פלפל שחור טחון,גרמים,80.00,100 גרם,false,0,9.90,12.38,true,1,
7290015324038,false,פפריקה מתוקה בשמן 100 גרם טעם וריח,"תבליני טעם וריח בע""מ",IL,פפריקה בשמן,גרמים,80.00,100 גרם,false,0,6.00,7.50,true,1,
7290015324045,false,תבלין פפריקה חריפה 80 גר' שק',"תבליני טעם וריח בע""מ",IL,פפריקה חריפה,גרמים,80.00,100 גרם,false,0,5.90,7.38,true,1,
7290015324052,false,פפריקה מתוקה 80 גר' טעם וריח,"תבליני טעם וריח בע""מ",IL,פפריקה מתוקה,גרמים,80.00,100 גרם,false,0,5.90,7.38,true,1,
7290015324069,false,גריל עוף 80 גר' טעם וריח,"תבליני טעם וריח בע""מ",IL,גריל עוף,גרמים,80.00,100 גרם,false,0,5.90,7.38,true,1,
7290015324076,false,זעתר מעורב 80 גר' טעם וריח,"תבליני טעם וריח בע""מ",IL,זעתר,גרמים,80.00,100 גרם,false,0,6.00,7.50,true,1,
7290015324083,false,מלח לימון 80 גר' טעם וריח,"תבליני טעם וריח בע""מ",IL,מלח לימון,גרמים,80.00,100 גרם,false,0,5.90,7.38,true,1,
7290015324090,false,כמון טחון 80 גר' טעם וריח,"תבליני טעם וריח בע""מ",IL,כמון,גרמים,80.00,100 גרם,false,0,6.00,7.50,true,1,
7290015324106,false,כורכום טחון 80 גר' טעם וריח,"תבליני טעם וריח בע""מ",IL,כורכום,גרמים,80.00,100 גרם,false,0,6.00,7.50,true,1,
7290015324113,false,טעם וריח בהרט שקית 8,"תבליני טעם וריח בע""מ",IL,בהרט,גרמים,80.00,100 גרם,false,0,6.00,7.50,true,1,
7290015324571,false,פפריקה מתוקה בשמן בסגנון מרוקאי 400גרם.,"תבליני טעם וריח בע""\מ",IL,פפריקה מתוק בשמן,גרמים,400.00,100 גרם,false,1,18.00,4.50,true,1,
7290015348072,false,"למברוסקו אמיליאנו אדום 750 מ""ל",טמפו משקאות בעמ,IT,למברוסקו,מיליליטרים,750.00,"100 מ""ל",false,1,24.90,3.32,true,1,
7290015348300,false,"ריחן קברנה סוביניון 2012 ברקן 750 מ""ל",יקבי ברקן שיווק והפצה בע,IL,ריחן קברנה,מיליליטרים,750.00,"100 מ""ל",false,1,59.90,7.98,true,1,
7290015348386,false,"מרום גליל רוזה יבש750מ""ל","כרמי צבי-אחים סגל בע""\מ",IL,רוזה מרום גליל,מיליליטרים,750.00,"100 מ""ל",false,1,32.90,4.39,true,1,
7290015350150,false,יין אדום חצי יבש של סגל (750 מל),"כרמי צבי - אחים סגל בע""\",IL,יין אדום חצי יבש,מיליליטרים,750.00,"100 מ""ל",false,1,21.90,2.92,true,1,
7290015366663,false,"משחת שיניים מנטה עדין אקווה פרש 100 מ""ל",גלקסוסמיתקליין,SK,משחה אקווה פרש,מיליליטרים,100.00,"100 מ""ל",false,1,7.90,7.90,true,1,
7290015366670,false,משחת שיניים בטעם מנטה אקוהפרש (100 מל),גלקסוסמיתקליין,SK,משחה אקווה פרש,מיליליטרים,100.00,"100 מ""ל",false,1,7.90,7.90,true,1,
7290015395045,false,"קינואה בשקית שקדיה 400 גרם בד""ץ",דין שיווק וקליה 2021 בעמ,IL,קינואה,גרמים,400.00,100 גרם,false,0,11.90,2.98,true,1,
7290015470094,false,טבלאות שוקולד טוסו מר`שוקולד תפוז 100ג,דנשר (1963) בעמ,TR,שוקולד מריר ללתס,גרמים,100.00,100 גרם,false,1,9.90,9.90,true,1,
7290015596831,false,"קרם גוף מעושר בשמן אבוקדו אפקטיב קר ד""ר פישר",פישר תעשיות פרמבצטיות בעמ,IL,קרפ גוף אפקטיב,מיליליטרים,450.00,"100 מ""ל",false,1,21.90,4.86,true,1,
7290015599023,false,VEGA צהובה טבעונית בטעם קלאסי 200 גרם,וגה מוצרים טבעוניים VEGA,GR,צהובה טבעונית,גרמים,200.00,100 גרם,false,0,24.30,12.15,true,1,
7290015599030,false,צהובה טבעונית בטעם פיצה פפרוני 200 גרם,,GR,צהובה טבעונית,גרמים,200.00,100 גרם,false,0,24.30,12.15,true,1,
7290015599047,false,בלוק צהובה טבעונית לגירוד על פיצה 200 גרם ללא גלוטן,וגה מוצרים טבעוניים VEGA,GR,צהובה טבעונית,גרמים,200.00,100 גרם,false,0,17.70,8.85,true,1,
7290015599054,false,פרוסות צהובה טבעונית בטעם גבינת צ'דר,וגה מוצרים טבעוניים VEGA,GR,צהובה טבעונית,גרמים,200.00,100 גרם,false,0,24.30,12.15,true,1,
7290015599061,false,VEGA צהובה טבעונית בטעם מוצרלה 200 גרם,וגה מוצרים טבעוניים VEGA,GR,צהובה טבעונית,גרמים,200.00,100 גרם,false,1,24.30,12.15,true,1,
7290015599207,false,VEGA ממרח טבעוני בסגנון גבינת שמנת בטעם צ'דר 170 גרם,ביוטי איילנד פודס בע,GB,ממרח טבעוני,גרמים,170.00,100 גרם,false,1,18.90,11.12,true,1,
7290015599214,false,שמרים יבשים בתוספת ויטמינים 110 ג NOOCH,רד סטאר וסט קומפני,US,שמרים יבשים,גרמים,110.00,100 גרם,false,1,19.50,17.73,true,1,
7290015599504,false,VEGA ממרח בטעם חמאה אורגני 225 גרם,גוד פוד פרודקטס S.p,DK,ממרח טעם חמאה,גרמים,225.00,100 גרם,false,1,18.90,8.40,true,1,
7290015599702,false,ממרח טבעוני בבסגנון גבינת שמנת בטעם עזים - ללא גלוטן,ביוטי איילנד פודס בע,GB,ממרח טבעוני שמנת,גרמים,170.00,100 גרם,false,1,18.90,11.12,true,1,
7290015599719,false,תחליף פרמזן טבעוני 1,המאפיה של הרמן,GR,צהובה טבעונית,גרמים,150.00,100 גרם,false,1,24.90,16.60,true,1,
7290015602099,false,תבנית פשטידה צבעוני 20יח,,IL,תבנית פשטידה צבע,יחידה,1.00,יחידה,false,1,7.90,7.90,true,1,
7290015603188,false,אטריות ביצים 454ג' (כ) (fu),פוגיאן לונגהי אנלידה אינ,CN,איטריות ביצים,גרמים,454.00,100 גרם,false,1,9.90,2.18,true,1,
7290015603201,false,אטריות מחיטה מלאה 454ג' (כ) (fu),קסמיאן קסינגשנג פודסטטפס,CN,איטריות קמח מלא,גרמים,454.00,100 גרם,false,1,11.90,2.62,true,1,
7290015603218,false,אטריות עם עגבניה מזרח מערב 454 גרם,מזרח ומערב יבוא ושיווק,CN,איטריות עם עגבני,גרמים,454.00,100 גרם,false,1,9.90,2.18,true,1,
7290015603546,false,"שימורי קרם קוקוס 17-19% 400 מ""ל (ASIATIC)(כ)",מזרח ומערב יבוא ושיווק,TH,קרם קוקוס 19%,מיליליטרים,400.00,"100 מ""ל",false,1,9.90,2.48,true,1,
7290015603560,false,"שימורי קרם קוקוס 20-22% 400 מ""ל (ASIATIC)(כ)",אסיאטיק אגרו אינדוסטרי,TH,קרם קוקוס,מיליליטרים,400.00,"100 מ""ל",false,1,9.90,2.48,true,1,
7290015603584,false,ג'ינגר לבן כבוש ללא מונוסודיום 160 גרם (כ),מזרח ומערב יבוא ושיווק,CN,ג'ינג'ר לבן כבוש,גרמים,160.00,100 גרם,false,1,7.90,4.94,true,1,
7290015603591,false,גינגר ורוד כבוש ללא מונוסודיום 160 גרם,מזרח ומערב יבוא ושיווק,CN,ג'ינג'ר ורוד,גרמים,160.00,100 גרם,false,1,7.90,4.94,true,1,
7290015603638,false,"אורז קלרוז 1 ק""ג (כ) (Minh)",מזרח ומערב יבוא ושיווק,VN,אורז עגול קלרוז,קילוגרמים,1.00,"ק""ג",false,1,11.90,11.90,true,1,
7290015644297,false,שישיית לחמניות פשוט מלא אנג'ל 450 גרם,מאפיית שלמה א. אנג'\ל בע,IL,לחמניות 6 יח',גרמים,450.00,100 גרם,false,1,10.90,2.42,true,1,
7290015644426,false,"לחם צרפתי חיטה מלאה ודגנים 600 גרם ""אנג'ל""",מאפיית שלמה א. אנג'\ל בע,IL,לחם מחמצת,גרמים,600.00,100 גרם,false,1,17.90,2.98,true,1,
7290015644433,false,לחם מחמצת 100% שיפון קל אנג'ל 600 גרם,מאפיית שלמה א. אנג'\ל בע,IL,לחם מחמצת,גרמים,600.00,100 גרם,false,1,17.90,2.98,true,1,
7290015652124,false,"רוטב סריראציה חריף מאוד 450 מ""ל אהרוני",דין שיווק וקליה 2021 בעמ,TH,רוטב סריראצ'ה,גרמים,450.00,100 גרם,false,1,14.80,3.29,true,1,
7290015652247,false,תערובת אגוזים קלויים250ג,"דין שיווק וקלייה בע""",IL,תערובת פיצוחים,גרמים,250.00,100 גרם,false,1,20.00,8.00,true,1,
7290015652346,false,פלפלים ירוקים חריפים מוחמצים שקדיה 680 גרם,דין שיווק וקליה 2021 בעמ,TR,פלפלים ירוקים,גרמים,680.00,100 גרם,false,1,9.90,1.46,true,1,
7290015652506,false,נוזל קוקוס דל קלוריו,תאי קוקונט פבליק קומפני,TH,נוזל קוקוס,מיליליטרים,400.00,"100 מ""ל",false,1,9.80,2.45,true,1,
7290015652520,false,"תערובת השף עשבי תיבול ושום לתיבול דגים, עופות, מאפים ועוד","דין שיווק וקליה בע""מ",IL,תערובת השף,גרמים,70.00,100 גרם,false,1,14.80,21.14,true,1,
7290015652544,false,תבלין גריל עוף ארומטי 130 גרם - אהרוני,"נווה התבלין בע""מ",IL,גריל עוף ארומטי,גרמים,130.00,100 גרם,false,1,14.80,11.38,true,1,
7290015652551,false,תערובת תיבול זעתר ושומשום בלדי,"נווה התבלין בע""מ",IL,זעתר ושומשום,גרמים,150.00,100 גרם,false,1,14.80,9.87,true,1,
7290015673198,false,המבורגר טקסס עם פטריות טבע דלי 400 גרם,ל.י.ב. (לחיות יותר בטבע) בעמ,IL,המבורגר טקסס,גרמים,400.00,100 גרם,false,1,24.90,6.23,true,1,
7290015673204,false,קבב בולגרי עם פטרוזילה טבע דלי 400 גרם,ל.י.ב. (לחיות יותר בטבע) בעמ,IL,קבב מהצומח,גרמים,400.00,100 גרם,false,1,24.90,6.23,true,1,
7290015673211,false,טחון מהצומח להכנת בולונז קפוא 500 גר,טבע דלי,IL,טחון מהצומח,גרמים,500.00,100 גרם,false,1,24.90,4.98,true,1,
7290015673464,false,שווארמה מן הצומח קפוא 400 גר,טבע דלי,IL,שווארמה מן הצומח,גרמים,400.00,100 גרם,false,1,25.90,6.48,true,1,
7290015695800,false,נבטי ברוקולי אורגני יח,הנבטים של אודי,IL,נבטי ברוקולי,יחידה,1.00,יחידה,false,1,10.90,10.90,true,1,
7290015715935,false,מלח דל נתרן מועש.ביוד500,אן טי סולט,IL,מלח דל נתרן,גרמים,500.00,100 גרם,false,1,11.90,2.38,true,1,
7290015726115,false,לחם שאור קמח מלא אפוי670,מאפ גדרון,IL,לחם שאור קמח מלא,גרמים,670.00,100 גרם,false,11,16.90,2.52,true,1,
7290015726481,false,עוגת פס מוס שני שוקולדים,גידרון,IL,עוגת פס דואט,גרמים,550.00,100 גרם,false,1,47.90,8.71,true,1,
7290015726542,false,עוגת פס מוס חלבה ושוקולד,,IL,עוגת פס מוס,גרמים,500.00,100 גרם,false,1,47.90,9.58,true,1,
7290015726764,false,עוגיות כעכים מלוחים 500ג,,IL,עוגיות כעכים,גרמים,500.00,100 גרם,false,1,15.90,3.18,true,1,
7290015733977,false,תרכובת מזון קומפורט על בסיס חלבי דל לקטוז,קבוצת אוסם סחר שותפות מוגבלת,IL,מטרנה קומפורט עם,גרמים,700.00,100 גרם,false,1,69.90,9.99,false,1,
7290015781008,false,"יין VISION מרלו אדום טפרברג 750 מ""ל",יקב טפרברג 1870 בעמ (יינות ומש,IL,יין ויז'ן מרלו,מיליליטרים,750.00,"100 מ""ל",false,1,39.90,5.32,true,1,
7290015781015,false,יין אדום מלבק ויז`יון טפרברג (750 מל),יקב טפרברג 1870 בעמ (יינות ומש,IL,יין ויז'ין מלבק,מיליליטרים,750.00,"100 מ""ל",false,1,39.90,5.32,true,1,
7290015781091,false,"יין VISION קברנה סוביניון טפרברג 750 מ""ל",יקב טפרברג 1870 בעמ (יינות ומש,IL,קברנה ויז'ן,מיליליטרים,750.00,"100 מ""ל",false,1,39.90,5.32,true,1,
7290015781107,false,"יין סנג'ובזה 750 מ""ל IMPRESSION",יקב טפרברג 1870 בעמ (יינות ומש,IL,יין סנג'ובזה,מיליליטרים,750.00,"100 מ""ל",false,1,49.90,6.65,true,1,
7290015781114,false,יין אדום אימפרשיין מרלו טפרברג (750 מל),יקב טפרברג 1870 בעמ (יינות ומש,IL,יין מרלו,מיליליטרים,750.00,"100 מ""ל",false,1,49.90,6.65,true,1,
7290015781305,false,יין אדום אימפרשיין סירה טפרברג (750 מל),יקב טפרברג 1870 בעמ (יינות ומש,IL,יין סירה,מיליליטרים,750.00,"100 מ""ל",false,1,49.90,6.65,true,1,
7290015790000,false,גרגירי רימונים בקופס,רון שיווק,IL,גרגירי רימונים,גרמים,250.00,100 גרם,false,0,15.90,6.36,true,1,
7290015790017,false,פלחי פומלה מוכנים לא,רון שיווק,IL,פלחי פומלה,גרמים,250.00,100 גרם,false,1,14.90,5.96,true,1,
7290015856621,false,ביסקויט תירוש בטעם קרמל[לוטוס]175 גרם,אפיפית נצרת תעשיות ב,IL,ביסקוויט תירוש,גרמים,175.00,100 גרם,false,1,5.90,3.37,true,1,
7290015856713,false,סנקסו חטיף אפונה אפוי עם אריסה 50 גרם,אפיפית נצרת (1971) ב,IL,חטיף אפונה,גרמים,50.00,100 גרם,false,1,4.90,9.80,true,1,
7290015856720,false,סנקסו חטיף אפונה אפוי עם זעתר 50 גרם,תות תעשיות מזון (201,IL,חטיף אפונה,גרמים,50.00,100 גרם,false,1,4.90,9.80,true,1,
7290015856737,false,סנקסו חטיף אפונה אפוי עם פלפל 50 גרם,אפיפית נצרת (1971) ב,IL,חטיף אפונה,גרמים,50.00,100 גרם,false,1,4.90,9.80,true,1,
7290015856751,false,פירורי עוגיות אמריקאיות 250 גר',אפיפית,IL,פירורי עוגיות,גרמים,250.00,100 גרם,false,1,5.90,2.36,true,1,
7290015856768,false,פירורי עוגיות בטעם קרמל הדר 250 גרם,אפיפית,IL,פירורי עוגיות,גרמים,250.00,100 גרם,false,1,5.90,2.36,true,1,
7290015858106,false,"ממרח פסטו ביתי 180 גרם ""עללחם""",שטראוס גרופ בעמ/מצונן,IL,פסטו ביתי,גרמים,180.00,100 גרם,false,1,16.90,9.39,true,1,
7290015858113,false,"ממרח עגבניות מיובשות 180 גרם ""טריטרי""",שטראוס גרופ בעמ/מצונן,IL,ממרח עגבניות,גרמים,180.00,100 גרם,false,1,16.90,9.39,true,1,
7290015858144,false,ממרח ארטישוק עללחם 180 גרם,"מדשא תעשיות מזון בע""\מ",IL,ממרח ארטישוק,גרמים,180.00,100 גרם,false,1,16.90,9.39,true,1,
7290015858175,false,ממרח פלפלים קלויים 180 גרם עללחם,"מדשא תעשיות מזון בע""\מ",IL,ממרח פלפלים קלוי,גרמים,180.00,100 גרם,false,1,16.90,9.39,true,1,
7290015858212,false,ממרח לימון כבוש 180 גרם עללחם,שטראוס גרופ בעמ/מצונן,IL,ממרח לימון כבוש,גרמים,180.00,100 גרם,false,1,14.90,8.28,true,1,
7290015858328,false,עללחם ממרח איולי פסטו 295 גרם,"מדשא תעשיות מזון בע""\מ",IL,איולי פסטו,גרמים,295.00,100 גרם,false,1,15.90,5.39,true,1,
7290015858441,false,עללחם ממרח איולי פלפלים 295 גרם,"מדשא תעשיות מזון בע""\מ",IL,איולי פלפלים,גרמים,295.00,100 גרם,false,1,15.90,5.39,true,1,
7290015858687,false,עללחם ממרח איולי שום 295 גרם,"מדשא תעשיות מזון בע""\מ",IL,איולי שום,גרמים,295.00,100 גרם,false,1,15.90,5.39,true,1,
7290015858694,false,עללחם ממרח איולי שום לימון 295 גרם,"מדשא תעשיות מזון בע""\מ",IL,איולי שום לימון,גרמים,295.00,100 גרם,false,1,15.90,5.39,true,1,
7290015865722,false,ענבי ציון קונפיטורה לייט תות שדה 400 גר`,אבאל יזמות בעמ,IL,תענוג פרי,גרמים,400.00,100 גרם,false,1,19.90,4.98,true,1,
7290015951746,false,"ירדן סירה 750 מ""ל",יקבי רמת הגולן קצרין,IL,ירדן סירה,מיליליטרים,750.00,"100 מ""ל",false,1,99.90,13.32,true,1,
7290015968102,false,קיסמי שיניים רפויים עם חוט דנטאלי 100 יחידות,אינטרסן (1996) בעמ,CN,קיסמי שיניים,יחידה,1.00,יחידה,false,1,14.90,14.90,true,1,
7290016006346,false,שוופס סודה 0.5 ליטר מארז שישייה,יפאורה שותפות מובגלת לשיווק,IL,שוופס סודה,ליטרים,3.00,ליטר,false,1,14.50,4.83,true,1,
7290016035032,false,לחמניות פשתן מזרעי פשתן טחונים 250 גר,מאפית ביכורים,IL,לחמניות פשטן טרי,גרמים,250.00,100 גרם,false,1,24.90,9.96,true,1,
7290016047301,false,קמח רב תכליתי 500 גרם ללא גלוטן,גורי מוצרי צריכה (1991) בעמ,IL,קמח רב תכליתי,גרמים,500.00,100 גרם,false,1,24.90,4.98,true,1,
7290016077759,false,רוטב ברביקיו קלאסי היינץ 480 גרם,דיפלומט מפיצים (1968) בעמ**,NL,רוטב ברביקיו,גרמים,480.00,100 גרם,false,1,17.90,3.73,true,1,
7290016080551,false,מתבל עגבניות אורגני 580 גרם היינץ,ה.י. היינץ,NL,מתבל עגבניות,גרמים,580.00,100 גרם,false,1,15.90,2.74,true,1,
7290016087123,false,רוטב מתובל לפסטה בסגנון קלאסי פריניר 240 גרם,אבאל יזמות בעמ,IL,רוטב עגבניות,גרמים,240.00,100 גרם,false,1,5.90,2.46,true,1,
7290016087499,false,עגבניות חתוכות מארז 400X3ג' אריזות ירושלים,ח.כהן סוכנות מזון ומשקאות בע,IL,עגבניות חתוכ3.יח,קילוגרמים,1.20,"ק""ג",false,1,11.90,9.92,true,1,
7290016096491,false,נתחי טונה בהירה בשמן צמחי שלישיה *80ג' פילטונה,תעשיות פיל טונה בעמ,IL,3טונה בשמן צמחי,גרמים,240.00,100 גרם,false,1,12.90,5.38,true,1,
7290016096507,false,טונה בשמן קנולה 80גרם*מארז שלישיה,תעשיות פילטונה בעמ,IL,3טונה בשמן קנולה,גרמים,240.00,100 גרם,false,1,12.90,5.38,true,1,
7290016096934,false,מארז זוגות סלט טונה 2*160 ג' פילטונה,תעשיות פיל טונה בעמ,IL,סלט טונה 2 יח,גרמים,320.00,100 גרם,false,1,11.90,3.72,true,1,
7290016114300,false,נייר טואלט דו שכבתי אורך כפול לבן לילי 16 גלילים,קימברלי קלארק ישראל שיווק בעמ,IL,נייר טואלט לילי,מטרים,588.00,100 מטר,false,1,32.90,5.60,true,1,
7290016146004,false,קמח שקד מולבן 300 גרם,שקד תבור,IL,קמח שקד קלוף,גרמים,300.00,100 גרם,false,1,27.90,9.30,true,1,
7290016146455,false,שוקולד מריר תבור 100% 100 גרם BIO,שקד תבור,IL,שוקולד תבור% 100,גרמים,100.00,100 גרם,false,1,17.90,17.90,true,1,
7290016162264,false,עוגת גבינה רנסנס קפולסקי (450 גרם),קפולסקי שיווק וקמעונ,IL,עוגת גבינה רנסנס,גרמים,450.00,100 גרם,false,1,39.90,8.87,true,1,
7290016197488,false,מטליות מיקרופייבר למשטחים ניקול 3יח',קימברלי קלארק ישראל שיווק בעמ,CN,מטלית למשטחים,יחידה,1.00,יחידה,false,1,11.90,11.90,true,1,
7290016197600,false,דיפנד - תחבושת לנשים נורמל 12 יח',קימברלי קלארק ישראל שיווק בעמ,VN,תחבושות דיפנד,יחידה,1.00,יחידה,false,1,19.90,19.90,true,1,
7290016197617,false,תחבושת לנשים אקסטרה דיפנד 10 יחידות,קימברלי קלארק ישראל שיווק בעמ,VN,תחבושות דיפנד,יחידה,1.00,יחידה,false,1,19.90,19.90,true,1,
7290016197624,false,תחבושות לנשים סופר דיפנד 8 יחידות,קימברלי קלארק ישראל שיווק בעמ,VN,תחבושות דיפנד,יחידה,1.00,יחידה,false,1,19.90,19.90,true,1,
7290016217711,false,איקרה לבנה 200 גרם,סלטי שמיר,IL,איקרה לבנה,גרמים,200.00,100 גרם,false,1,16.90,8.45,true,1,
7290016217728,false,איקרה אדומה 200 גרם,סלטי שמיר,IL,איקרה אדומה,גרמים,200.00,100 גרם,false,1,16.90,8.45,true,1,
7290016233995,false,פילה אנשובי בפח עם שמן זית 45 גר`תומר,תומר יבוא ושיווק מוצרי מזון (1,PE,אנשובי בשמן זית,גרמים,45.00,100 גרם,false,1,6.90,15.33,true,1,
7290016234008,false,פילה אנשובי שמן זית תומר צנצנת 100 גרם,אינוורסינס פריסקו,PE,אנשובי בשמן זית,גרמים,100.00,100 גרם,false,1,10.90,10.90,true,1,
7290016238204,false,תרסיס למניעת פרעושים250מ,סולאנו,IL,תרסיס נגד פרעוש,מיליליטרים,250.00,"100 מ""ל",false,1,107.90,43.16,true,1,
7290016245318,false,לחם פשתן פרוס מזרעי פשתן טחונים 450 גר,ביכורים,IL,לחם פשתן פרוס,גרמים,450.00,100 גרם,false,1,24.90,5.53,true,1,
7290016245615,false,לחם שיפון 100% עם אג,מאפיית טעמי הכפר 201,IL,לחם שיפון,גרמים,900.00,100 גרם,false,1,20.90,2.32,true,1,
7290016245769,false,לחם כוסמין מחמצת בתו,ביכורים,IL,לחם כוסמין,גרמים,600.00,100 גרם,false,1,18.90,3.15,true,1,
7290016246018,false,חטיף מיקס פינוקיות חלבה בארכה 20ג*9,קבוצת אוסם סחר שותפות מוגבלת,IL,חלבה בארכה מיקס,גרמים,200.00,100 גרם,false,1,13.50,6.75,true,1,
7290016246025,false,בארכה מיקס פינוקיות חלווה ללא סוכר 10*20ג,קבוצת אוסם סחר שותפות מוגבלת,IL,פינוקיות חלבה,גרמים,200.00,100 גרם,false,1,13.90,6.95,true,1,
7290016246209,false,"חטיף חלבה וניל 100 גרם ""בארכה""",קבוצת אוסם סחר שותפות מוגבלת,IL,חטיף חלבה וניל,גרמים,100.00,100 גרם,false,1,3.80,3.80,true,1,
7290016246445,false,בארכה טחינה גולמית מעודנת שומשום מלא 310 גם,קבוצת אוסם סחר שותפות מוגבלת,IL,טחינה מעודנת,גרמים,310.00,100 גרם,false,1,12.90,4.16,true,1,
7290016246711,false,טחינה גולמית מעודנת הריסה בארכה 310 גרם,קבוצת אוסם סחר שותפות מוגבלת,IL,טחינה מעודנת,גרמים,310.00,100 גרם,false,1,12.90,4.16,true,1,
7290016248074,false,יין מסע ישראלי אדום ויתקין 750 מל,"ישראל-יקב ויתקין בע""",IL,יין מסע ישראלי,מיליליטרים,750.00,"100 מ""ל",false,1,79.90,10.65,true,1,
7290016273090,false,סוכריה על מקל בטעם תות בננה 31 גרם,אוריגינל גורמה,US,סוכריה על מקל,גרמים,31.00,100 גרם,false,1,5.00,16.13,true,1,
7290016276534,false,"שמן קוקוס לא מזוכך 500 מ""ל",קונסיגנציה-דין שיווק וקליה 202,LK,שמן קוקוס,מיליליטרים,500.00,"100 מ""ל",false,1,34.90,6.98,true,1,
7290016276787,false,מעדן אננס 100% רכיבי פרי ללא סוכר שקדיה 284 ג',דין שיווק וקליה 2021 בעמ,CN,מעדן אננס,גרמים,284.00,100 גרם,false,1,10.90,3.84,true,1,
7290016276800,false,מעדן תפוח עץ 100% רכיבי פרי ללא סוכר שקדיה 284 ג',דין שיווק וקליה 2021 בעמ,CN,מעדן תפוח עץ,גרמים,284.00,100 גרם,false,1,10.90,3.84,true,1,
7290016304404,false,לחם קוביות 100% כוסמין 600 גרם,מאפיית דוידוביץ ובניו בע,IL,לחם כוסמין,גרמים,600.00,100 גרם,false,1,18.50,3.08,true,1,
7290016304596,false,לחמניות לסנדביץ 75 גרם,מאפיית דווידוביץ ובנ,IL,לחמניות לסנדביץ',גרמים,750.00,100 גרם,false,1,14.90,1.99,true,1,
7290016308303,false,"גביעי אכסון איכות 270מ""ל",,IL,גביעי אכסון 270מ,יחידה,1.00,יחידה,false,1,7.90,7.90,true,1,
7290016314762,false,פרובנציאל מטיאס 200 גרם,סלטי שמיר,IL,פרובנציאל מטיאס,גרמים,200.00,100 גרם,false,1,21.90,10.95,true,1,
7290016314779,false,פילה מטיאס הולנדי 200גרם,סלטי שמיר,IL,פילה מטיאס,גרמים,200.00,100 גרם,false,1,21.90,10.95,true,1,
7290016314786,false,הרינג כבוש במרינדה 220גר,סלטי שמיר,IL,הרינג כבוש,גרמים,220.00,100 גרם,false,1,21.90,9.95,true,1,
7290016314793,false,מקרל מעושן פרוס בשמן190ג,סלטי שמיר,IL,מקרל מעושן,גרמים,190.00,100 גרם,false,1,21.90,11.53,true,1,
7290016314816,false,סלט הרינג עם מיונז 200 ג,,IL,סלט הרינג,גרמים,200.00,100 גרם,false,1,21.90,10.95,true,1,
7290016314823,false,סלט מטיאס עם מיונז 200 ג,סלטי שמיר,IL,סלט מטיאס,גרמים,200.00,100 גרם,false,1,21.90,10.95,true,1,
7290016314830,false,גרבדלקס סלמון 100 גרם,,IL,גרבדלקס סלמון,גרמים,100.00,100 גרם,false,1,19.90,19.90,true,1,
7290016314847,false,סלמון מובחר 100גרם,סלטי שמיר,IL,סלמון מובחר,גרמים,100.00,100 גרם,false,1,19.90,19.90,true,1,
7290016321661,false,פרש וואנס SENSITIVE מגבונים ללא בישום רביעייה 72 יחידות,עלבד משואות יצחק,IL,פרש וואנס 4יח,יחידה,1.00,יחידה,false,1,15.90,15.90,true,1,
7290016321678,false,מגבונים לחים בניחוח מרענן עם תמציות קמומיל ואלוורה,עלבד משואות יצחק,IL,פרש וואנס 4 יח,יחידה,1.00,יחידה,false,1,15.90,15.90,true,1,
7290016329308,false,"ד""ר פישר - סרקל קרם רוזמרין לשיער מתולתל 325 מ""ל","פישר תעשיות פרמבצטיות בע""מ",IL,סרקל מתיר קשרים,מיליליטרים,325.00,"100 מ""ל",false,1,24.90,7.66,true,1,
7290016329674,false,קמיל בלו קרם פנים לתינוק לעור יבש במיוחד,"פישר תעשיות פרמצביטות בע""מ",IL,קרם פנים קמיל,מיליליטרים,75.00,"100 מ""ל",false,1,21.90,29.20,true,1,
7290016334388,false,פלפל צ'ילי רמי לוי,ביכורי השדה צפון 1994 ג.ד. בעמ,IL,פלפל צילי,יחידה,1.00,יחידה,false,1,5.90,5.90,true,1,
7290016370300,false,זית קלמטה שלם צנצנת יבנה,קבוצת יבנה מוצרי מזון בעמ,GR,זית קלמטה,גרמים,580.00,100 גרם,false,1,14.90,2.57,true,1,
7290016370317,false,זית קלמטה ללא גלעין 560 גרם צנצנת יבנה,קבוצת יבנה מוצרי מזון בעמ,GR,זית קלמטה מגולען,גרמים,560.00,100 גרם,false,1,14.90,2.66,true,1,
7290016370904,false,זית חרוזית ירוק ‏400‏ ג' יבנה,קבוצת יבנה,IL,זיתים חרוזית,גרמים,430.00,100 גרם,false,1,6.90,1.60,true,1,
7290016370959,false,חציל קלוי (פירה) בצנצנת קבוצת יבנה 530 גרם,"קבוצת יבנה מוצרי מזון בע""מ",GR,חציל קלוי על האש,גרמים,530.00,100 גרם,false,1,9.90,1.87,true,1,
7290016370973,false,פלפל קלוי (גמביה) בצנצנת קבוצת יבנה 390 גרם,"קבוצת יבנה מוצרי מזון בע""מ",GR,פלפל אדום קלוי,גרמים,540.00,100 גרם,false,1,9.90,1.83,true,1,
7290016372342,false,עגבניות חתוך קוביות גראנד איטליה מארז 400X3ג',תה ויסוצקי (ישראל) בעמ,IT,עגבניות חתוכ3.יח,קילוגרמים,1.20,"ק""ג",false,1,17.60,14.67,true,1,
7290016372373,false,רסק עגבניות ללא תוספת סוכר ומלח - מארז זוג,תה ויסוצקי (ישראל) בעמ,IT,רסק עגבניות 2 יח,גרמים,280.00,100 גרם,false,1,7.90,2.82,true,1,
7290016372397,false,"תה ויסוצקי ירוק תפוז,ג'ינגר וכורכום 25 יח'",תה ויסוצקי (ישראל) בעמ,IL,תה ירוק תפוז,גרמים,37.00,100 גרם,false,1,24.90,67.30,true,1,
7290016372458,false,חליטת לימונית ולואיזה הגן הקסום ויסוצקי 50 יחידות,תה ויסוצקי (ישראל) בעמ,IL,חליטת לימונית,גרמים,75.00,100 גרם,false,1,31.90,42.54,true,1,
7290016372489,false,ויסוצקי חליטת ג'ינג'ר ולימון סודות הצמחים 25 שקיקים,תה ויסוצקי (ישראל) בעמ,IL,חליטת ג'ינג'ר,גרמים,37.00,100 גרם,false,1,18.90,51.08,true,1,
7290016372496,false,חליטת פירות וצמחים בטעם ג'ינג'ר ודבש -אפקט הג'ינג'ר,תה ויסוצקי (ישראל) בעמ,IL,חליטת ג'ינג'ר,גרמים,30.00,100 גרם,false,1,18.90,63.00,true,1,
7290016437423,false,דיפנד - גזרה גבוה תחתון לארג' נשים 16 יח',קימברלי קלארק ישראל שיווק בעמ,CZ,תחתון דיפנד,יחידה,1.00,יחידה,false,1,78.90,78.90,true,1,
7290016437430,false,דיפנד - גזרה גבוה תחתון אקסטרה לארג' נשים 16 יח',קימברלי קלארק ישראל שיווק בעמ,CZ,תחתון דיפנד,יחידה,1.00,יחידה,false,1,78.90,78.90,true,1,
7290016437461,false,דיפנד - גזרה גבוה תחתון לארג' גברים 16 יח',קימברלי קלארק ישראל שיווק בעמ,CZ,תחתון דיפנד,יחידה,1.00,יחידה,false,1,78.90,78.90,true,1,
7290016437508,false,מולט נייר טואלט 24 גלילים כפולים=48 גליל,קימברלי קלארק ישראל שיווק בעמ,IL,נייר טואלט מולט,מטרים,860.00,100 מטר,false,1,42.90,4.99,true,1,
7290016437607,false,קוטקס - תחתונים סופגים לנשים לאחר לידה לארג' 8 יח',קימברלי קלארק ישראל שיווק בעמ,KR,תחתונים סופגים,יחידה,1.00,יחידה,false,0,32.90,32.90,true,1,
7290016437652,false,חיתולי האגיס פרידום דריי pants מידה 6 30 יחידות,קימברלי קלארק ישראל שיווק בעמ,CZ,חיתולי האגיס,יחידה,1.00,יחידה,false,1,44.90,44.90,true,1,
7290016437706,false,שקיות אשפה לפחים גדולים בניחוח מרכך כביסה 40 יחי',חוגלה קימברלי,IL,שקיות אשפה L,יחידה,1.00,יחידה,false,1,25.90,25.90,true,1,
7290016437737,false,תח.קוטקס יאנג נייט20*2יח,קימברלי קלארק ישראל שיווק בעמ,CZ,תחבושות קוטקס,יחידה,1.00,יחידה,false,1,34.90,34.90,true,1,
7290016497243,false,בייגל בסגנון רומני ק,גידרון,IL,ביגלה רומני,גרמים,150.00,100 גרם,false,1,5.50,3.67,true,1,
7290016497519,false,בייגל טוסט לבן,גידרון,IL,בייגלה טוסט לבן,גרמים,150.00,100 גרם,false,1,4.50,3.00,true,1,
7290016497526,false,בגט אותנטי לבן אפוי 280ג,מאפ גדרון,IL,בגט אותנטי לבן,גרמים,280.00,100 גרם,false,1,8.50,3.04,true,1,
7290016505009,false,שוקולד פנדה קרם בוטנים טבעוני 100 גרם,"מדשא תעשיות מזון בע""",IL,ממתק פנדה,גרמים,100.00,100 גרם,false,1,18.70,18.70,true,1,
7290016505023,false,שוקולד פנדה קרם נוגט טבעוני 100 גרם,"מדשא תעשיות מזון בע""",IL,ממתק פנדה,גרמים,100.00,100 גרם,false,1,18.70,18.70,true,1,
7290016505047,false,שוקולד קרמל ומלח גס 100 גרם - פנדה,"מדשא תעשיות מזון בע""",IL,ממתק פנדה,גרמים,100.00,100 גרם,false,1,18.70,18.70,true,1,
7290016505061,false,שוקולד פנדה לבן עוגיות טבעוני 100 גרם,,IL,שוקולד עוגיות,גרמים,100.00,100 גרם,false,1,18.70,18.70,true,1,
7290016509304,false,סוד סבון לאסלה 4 כדוריותבניחוח לבנדר 50 ג',גורי שיווק בעמ,RS,סבון אסלה סוד,גרמים,50.00,100 גרם,false,1,8.90,17.80,true,1,
7290016509342,false,סוד מארז טריו כדוריות לאסלה כחול אקטיבי אקונומיקה,גורי שיווק בעמ,HU,סבון אסלה 3 יח,גרמים,150.00,100 גרם,false,1,16.90,11.27,true,1,
7290016509786,false,פרסיל גל לכביסה לבנה וצבעונית-ירוק 2.5 ל,גורי שיווק בעמ,IL,ג'ל כביסה פרסיל,ליטרים,2.50,ליטר,false,1,29.90,11.96,true,1,
7290016509793,false,ג'ל לכביסה לבנה וצבעונית אריזת XL,גורי שיווק בעמ,IL,ג'ל כביסה פרסיל,ליטרים,4.00,ליטר,false,1,44.90,11.23,true,1,
7290016509809,false,ג'ל מרוכז לכביסה קולור 2.5 ל' פרסיל,גורי שיווק בעמ,IL,ג'ל כביסה פרסיל,ליטרים,2.50,ליטר,false,1,29.90,11.96,true,1,
7290016509816,false,ג'ל לכביסה צבעונית אריזת XL,גורי שיווק בעמ,IL,ג'ל פרסיל קולור,ליטרים,4.00,ליטר,false,1,44.90,11.23,true,1,
7290016510263,false,"הוואי תחליב רחצה 700 מ""ל יוקרתי בניחוח ו",טרופיקל דגיל בעמ,IL,תחליב רחצה הוואי,מיליליטרים,700.00,"100 מ""ל",false,1,9.90,1.41,true,1,
7290016510898,false,הוואי שמפו לשיער רגיל 700 מל פריחת דודב,שוורצקוף& הנקל דיסלד,IL,שמפו הוואי,מיליליטרים,700.00,"100 מ""ל",false,1,9.90,1.41,true,1,
7290016524994,false,פילה דג ברבוניה ארוז 400 גרם,,VN,ברבוניה מנוקדת,גרמים,400.00,100 גרם,false,1,24.90,6.23,true,1,
7290016594027,false,שליז חמאת אגוזי נמר אגוזי לוז ושקדים 300,,IL,חמאת אגוזי לוז,גרמים,300.00,100 גרם,false,1,31.50,10.50,true,1,
7290016594065,false,שליז צופלה-ממרח אגוזי נמר קשיו קקאו 300ג,תבליני דניאל,IL,ממרח אגוזי נמר,גרמים,300.00,100 גרם,false,1,31.50,10.50,true,1,
7290016594140,false,"מחית אורגנית תפו""ע אגסים וברוקולי 120 גר",ביואיטליה,IT,מחית אורגנית,גרמים,120.00,100 גרם,false,1,5.90,4.92,true,1,
7290016646115,false,"היילה חלווה עם פיסטוק ללת""ס 400 גרם",,IL,חלווה עם פיסטוק,גרמים,400.00,100 גרם,false,1,26.90,6.73,true,1,
7290016646122,false,"היילה חלווה בטעם של פעם ללת""ס 400 גרם",,IL,חלווה טעם של פעם,גרמים,400.00,100 גרם,false,1,26.90,6.73,true,1,
7290016682243,false,פריניב מיץ אשכולית אדומה סחוט 1 ליטר,תנובה - פריניב,IL,מיץ אשכולית אדומ,ליטרים,1.00,ליטר,false,1,15.10,15.10,true,1,
7290016682335,false,מיץ תפוזים סחוט 2 ליטר פרי ניב,תנובה - פריניב,IL,מיץ תפוזים סחוט,ליטרים,2.00,ליטר,false,0,24.90,12.45,true,1,
7290016682342,false,מיץ תפוזים וולנסיה פרי ניב 2 ליטר-,תנובה - פריניב,IL,מיץ תפוזים סחוט,ליטרים,2.00,ליטר,false,0,24.90,12.45,true,1,
7290016682366,false,פריניב מיץ תפוחים צלול 2 ליטר.,תנובה - פריניב,IL,מיץ תפוח עץ,ליטרים,2.00,ליטר,false,0,24.90,12.45,true,1,
7290016682373,false,משקה קל לימונדה בלאדי 2 ליטר פריניב,תנובה - פריניב,IL,משקה קל מצנון,ליטרים,2.00,ליטר,false,0,24.90,12.45,true,1,
7290016682397,false,מיץ חמוציות פרי ניב 2 ליטר-,תנובה - פריניב,IL,נקטר חמוציות,ליטרים,2.00,ליטר,false,0,19.90,9.95,true,1,
7290016692198,false,מאמי קייר משחת החתלה קלנדולה קלאסיק,מאמי קר Mommy Care,IL,קלאסיק משחת החתל,מיליליטרים,120.00,"100 מ""ל",false,1,22.90,19.08,true,1,
7290016693799,false,"יין מוסקטו היוצר רוזה 750 מ""ל",קנטינה סנט,IT,יין מוסקטו רוזה,מיליליטרים,750.00,"100 מ""ל",false,1,38.90,5.19,true,1,
7290016717099,false,"יין כרמל סלקטד אדום חצי יבש, 750 מ""ל",אגודת הכורמים בעמ,IL,אדום חצי יבש,מיליליטרים,750.00,"100 מ""ל",false,1,29.90,3.99,true,1,
7290016717631,false,יין מוסקטו בעל חוזק אלכוהול נמוך פרייבט קולקשן,אגודת הכורמים הקואופרטיב,IL,מוסקטו P.C,מיליליטרים,750.00,"100 מ""ל",false,1,37.90,5.05,true,1,
7290016717754,false,יין היובל ישן נושן יקבי כרמל (750 מל),אגודת הכורמים -כרמל מזרחי,IL,יין ישן נושן,מיליליטרים,750.00,"100 מ""ל",false,1,19.90,2.65,true,1,
7290016717976,false,יין ספארקלינג בטעם אפרסק 750 מל BUZZ,אגודת הכורמים בעמ,IL,ספארקלינג אפרסק,מיליליטרים,750.00,"100 מ""ל",false,1,27.90,3.72,true,1,
7290016823059,false,טימין קורנית ארוז יח,"מרינה פטריות הגליל בע""מ",IL,טימין יחידה,יחידה,1.00,יחידה,false,1,6.90,6.90,true,1,
7290016866650,false,"פרודונטקס - משחת שיניים אוריג'ינל 75 מ""ל",פרודונטקס Parodontax,SK,משחה פרודונטקס,מיליליטרים,75.00,"100 מ""ל",false,1,30.90,41.20,true,1,
7290016866667,false,"משחת שיניים פרודונטקס ללא פלואוריד 75 מ""ל",פרודונטקס Parodontax,SK,משחה פרודונטקס,מיליליטרים,75.00,"100 מ""ל",false,1,30.90,41.20,true,1,
7290016866674,false,"פרודונטקס - משחת שיניים מלבינה 75 מ""ל",פרודונטקס Parodontax,SK,משחה פרודונטקס,מיליליטרים,75.00,"100 מ""ל",false,1,30.90,41.20,true,1,
7290016866735,false,סטייל קרם לחות קרטין E 400 מל לשיקום שיע,א.ל. ארמן,IL,קרם לחות קרטין,מיליליטרים,400.00,"100 מ""ל",false,1,39.90,9.98,true,1,
7290016867008,false,"לחם כוסמין מחמצת ד""ר מרק",המאפה של דר מרק בריאות באפייה,IL,לחם מחמצת,גרמים,750.00,100 גרם,false,1,18.90,2.52,true,1,
7290016867053,false,לחם קל כוסמין בתוספת מחמצת 450 גרם,המאפה של דר מרק בריאות באפייה,IL,לחם קל כוסמין,גרמים,450.00,100 גרם,false,1,19.90,4.42,true,1,
7290016867114,false,לחם קל מכוסמין מלא 500 גר`דר מרק,המאפה של דר מרק בריאות באפייה,IL,לחם קל מכוסמין,גרמים,500.00,100 גרם,false,1,19.50,3.90,true,1,
7290016867152,false,"מארז פיתות קלות כוסמין 5 יחידות ד""ר מרק",המאפה של דר מרק בריאות באפייה,IL,פיתות קלות,גרמים,330.00,100 גרם,false,1,14.50,4.39,true,1,
7290016867176,false,"מארז לחמניות קלות כוסמין שומשום במתיקות מעודמת 5 יחידות ד""ר מרק",המאפה של דר מרק בריאות באפייה,IL,לחמניות קלות,גרמים,351.00,100 גרם,false,1,13.90,3.96,true,1,
7290016897029,false,צ'אי מסאלה רויבוס 1.8 גרם עדנים,"תה עדנים בע""מ",IL,חליטת צמחים,גרמים,36.00,100 גרם,false,1,15.90,44.17,true,1,
7290016967074,false,לחם חיטה מלאה עם גרעינים ודגנים,מאפיית שלמה א. אנג'\ל בע,IL,אנג'ל חיטה מלאה,גרמים,750.00,100 גרם,false,1,16.90,2.25,true,1,
7290016980004,false,בטטה סגולה מארז,קטיף.,IL,בטטה סגולה,קילוגרמים,0.00,"ק""ג",true,1,9.90,9.90,true,1,
7290016980103,false,בייבי בטטה שקיל,אראל תוצרת חקלאית בע,IL,בייבי בטטה,קילוגרמים,0.00,"ק""ג",true,1,9.90,9.90,true,1,
7290017023212,false,"שוויפס מוגז פירות תפוח מארז רביעייה* 330 מ""ל",יפאורה שותפות מוגבלת לשיווק,IL,שוופס מוגז4פחיות,ליטרים,1.32,ליטר,false,1,13.50,10.23,true,1,
7290017023229,false,רביעיית פחיות שוופס מוגז פירות תות ליים 330 מל.,יפאורה שותפות מוגבלת לשיווק,IL,שוופס מוגז4פחיות,ליטרים,1.32,ליטר,false,1,13.50,10.23,true,1,
7290017023236,false,רביעיית פחיות שוופס מוגז פירות ענבים 330 מל.,יפאורה שותפות מוגבלת לשיווק,IL,שוופס מוגז4פחיות,ליטרים,1.32,ליטר,false,1,13.50,10.23,true,1,
7290017023823,false,"רביעיית ספרינג 250 מ""ל תות בננה",יפאורה שותפות מוגבלת לשיווק,IL,ספרינג משקה 4 יח,ליטרים,1.00,ליטר,false,1,11.50,11.50,true,1,
7290017023854,false,מי סודה בקבוקים אישיים - מארז 4 יח',יפאורה שותפות מוגבלת לשיווק,IL,שוופס סודה 4 יח,ליטרים,1.00,ליטר,false,1,11.90,11.90,true,1,
7290017023861,false,סודה בטעם לימון בקבוקים אישיים - מארז 4 יח',יפאורה שותפות מוגבלת לשיווק,IL,שוופס סודה 4 יח,ליטרים,1.00,ליטר,false,1,11.90,11.90,true,1,
7290017023878,false,סודה בטעם נענע ליים בקבוקים אישיים - מארז 4 יח',יפאורה שותפות מוגבלת לשיווק,IL,שוופס סודה 4 יח,ליטרים,1.00,ליטר,false,1,11.90,11.90,true,1,
7290017031477,false,"סנסודיין משחת שיניים רפיד רליף להלבנה 75 מ""ל","סמיתקליין ביצ'ם בע""מ",GB,משחת סנסודיין,מיליליטרים,75.00,"100 מ""ל",false,1,25.90,34.53,true,1,
7290017031705,false,משחת שיניים סנסודיין הגנה מלאה רגיל,גלקסוס סמית קליין,SK,משחת סנסודיין,מיליליטרים,75.00,"100 מ""ל",false,1,22.90,30.53,true,1,
7290017046044,false,עוגיות מרוקאיות עגולות,,IL,עוגיות מרוקאיות,גרמים,500.00,100 גרם,false,1,15.90,3.18,true,1,
7290017046082,false,עוגיות פרפריות שוקו 500,,IL,עוגיות פרפריות,גרמים,500.00,100 גרם,false,1,15.90,3.18,true,1,
7290017046105,false,עוגיות עניבה קינמון,,IL,עגיות קינמון,גרמים,500.00,100 גרם,false,1,15.90,3.18,true,1,
7290017046129,false,עוגיות דמקה 500 גרם,גידרון,IL,עוגיות דמקה,גרמים,500.00,100 גרם,false,1,15.90,3.18,true,1,
7290017046136,false,עוגיות פרסה 500 גרם,גידרון,IL,עוגיות פרסה,גרמים,500.00,100 גרם,false,1,15.90,3.18,true,1,
7290017058139,false,רביעיית מחית תפוח עץ ותות שדה תומר 113 גרם,תומר יבוא ושיווק מוצרי מזון (1,US,"רסק תפו""ע",גרמים,452.00,100 גרם,false,1,10.90,2.41,true,1,
7290017058146,false,רסק תפוע רביעייה עם אפרסק תומר,תומר יבוא ושיווק מוצרי מזון (1,US,"רסק תפו""ע",גרמים,452.00,100 גרם,false,1,10.90,2.41,true,1,
7290017065137,false,ריקוטה למריחה 5% טבעית 200 גר`מחלבות גד,מחלבות גד שיווק 1992 בעמ,IL,ריקוטה למריחה,גרמים,200.00,100 גרם,false,1,10.10,5.05,true,1,
7290017065144,false,ריקוטה למריחה בתוספת בזיליקום 5% גד 200 גם,מחלבות גד שיווק 1992 בעמ,IL,ריקוטה למריחה,גרמים,200.00,100 גרם,false,1,10.10,5.05,true,1,
7290017065168,false,גבינה כחולה denish blue cheese 100 גרם,מחלבות גד שיווק 1992 בעמ,DK,גבינה כחולה,גרמים,100.00,100 גרם,false,1,16.40,16.40,true,1,
7290017065212,false,גבינת קרם מסקרפונה מחלבות גד 250 גר,מחלבות גד שיווק 1992 בעמ,IL,קרם מסקרפונה,גרמים,250.00,100 גרם,false,1,17.60,7.04,true,1,
7290017065526,false,קוואטרו פורמאג'י 4 גבינות מגוררות 26%,מחלבות גד שיווק 1992 בעמ,IL,קוואטרו פורמאגי,גרמים,300.00,100 גרם,false,1,29.90,9.97,true,1,
7290017065649,false,קרם פטיסייר 250 גרם גד,מחלבות גד שיווק 1992 בעמ,IL,קרם פטיסייר,גרמים,250.00,100 גרם,false,1,19.90,7.96,true,1,
7290017065663,false,גבינת פטה עיזים מעודנת 16% גד 200 גרם,מחלבות גד שיווק 1992 בעמ,IL,פטה עיזים מעודנת,גרמים,250.00,100 גרם,false,1,30.90,12.36,true,1,
7290017065731,false,גבינת שמנת 30% ניו יורק +כמהין 200 גרם רבנות,מחלבות גד שיווק 1992 בעמ,IL,גבינת שמנת,גרמים,200.00,100 גרם,false,1,12.90,6.45,true,1,
7290017065762,false,גבינת מאנורי 30% שומן 100 גר`מחלבות גד,מחלבות גד שיווק 1992 בעמ,IL,גבינה מאנורי,גרמים,100.00,100 גרם,false,1,10.90,10.90,true,1,
7290017065861,false,קאצ`יו אה פפה רוטב פיקורינו ופלפל שחור 2,מחלבות גד שיווק 1992 בעמ,IL,רוטב פקורינו,גרמים,200.00,100 גרם,false,1,15.90,7.95,true,1,
7290017065878,false,רוטב לפסטה מק אנד צ'יז גד 200 גרם,מחלבות גד שיווק 1992 בעמ,IL,רוטב לפסטה צ'דר,גרמים,200.00,100 גרם,false,1,15.90,7.95,true,1,
7290017086057,false,כדורי פלאפל קציצות טבעוני 400 גרם,פייס אוף ביין,IL,כדורי פלאפל,גרמים,400.00,100 גרם,false,1,22.90,5.73,true,1,
7290017088099,false,בייביסיטר - חיתולי סטנדרט מידה 6 - 30 יח',די.פי.אל תעשיות מוצרים ח,IL,חיתולי בייביסיטר,יחידה,1.00,יחידה,false,1,30.90,30.90,true,1,
7290017088815,false,בריז תחבושות לבריחת שתן נורמל 12 יח,שקד תבל בעמ,IT,בריז תחבושות שתן,יחידה,1.00,יחידה,false,1,18.90,18.90,true,1,
7290017088877,false,BREEZE תחתונים לבריחת שתן מידה XL יח' 14,ניאופארם,IT,בריז תחתונים,יחידה,1.00,יחידה,false,1,67.90,67.90,true,1,
7290017088969,false,חיתולי בייביסיטר ניו בורן מידה 1 42 יח',די.פי.אל תעשיות מוצרים ח,IL,חיתול דק מידה 1,יחידה,1.00,יחידה,false,1,26.90,26.90,true,1,
7290017105468,false,מארז שלישייה אפונה קטנה יכין 3*200 גר,קשקמט קונסרב הונגריה,IL,אפונה קטנה 3 יח,גרמים,600.00,100 גרם,false,1,14.90,2.48,true,1,
7290017105550,false,רביעיית רסק עגבניות 100% יכין 4X100 גרם,היינץ צפון אמריקה מק,IL,רסק עגבניות 4 יח,גרמים,400.00,100 גרם,false,1,11.90,2.98,true,1,
7290017105895,false,גרגרי חומוס להכנת חומוס משובח יכין 560 ג,זנלכל בעמ,IL,גרגרי חומוס,גרמים,560.00,100 גרם,false,1,8.90,1.59,true,1,
7290017121086,false,"אריסה ביתית מתוקה עללחם, 250 גרם",שטראוס גרופ בעמ/מצונן,IL,אריסה מתוקה,גרמים,250.00,100 גרם,false,1,14.90,5.96,true,1,
7290017121093,false,"אריסה חריפה 250 גרם ""עללחם""","מדשא תעשיות מזון בע""\מ",IL,אריסה חריפה,גרמים,250.00,100 גרם,false,1,14.90,5.96,true,1,
7290017140056,false,קמח חומוס 500 גרם ללא גלוטן,גורי מוצרי צריכה (1991) בעמ,IL,קמח חומוס,גרמים,500.00,100 גרם,false,1,15.90,3.18,true,1,
7290017142111,false,פתיתי טונה בשמן זית טו גו עץ הזית 85 גרם,"יוניקורד ח.צ בע""מ",TH,פתיתי טונה,גרמים,85.00,100 גרם,false,1,9.90,11.65,true,1,
7290017142128,false,"שמן זית כתית מעולה קלאסי עץ הזית 750 מ""ל",סוגת תעשיות בעמ,IT,שמן זית כתית,מיליליטרים,750.00,"100 מ""ל",false,1,33.90,4.52,true,1,
7290017142159,false,"שלישיית נתחי טונה בהירה בשמן זית 80 גרם ""עץ הזית""",הנסיך- מפעל לייצור ט,TH,טונה בהירה,גרמים,240.00,100 גרם,false,1,20.90,8.71,true,1,
7290017142364,false,"שמן דלעת לא מזוכך 250 מ""ל עץ-הזית",סוגת תעשיות בעמ,SI,שמן זרעי דלעת,מיליליטרים,250.00,"100 מ""ל",false,1,31.90,12.76,true,1,
7290017142395,false,"LUNCH TO GO פסטה עם טונה בשמן זית 160 גרם ""עץ הזית""",יוניקורד ח.צ בעמ,TH,פסטה עם טונה,גרמים,160.00,100 גרם,false,1,13.90,8.69,true,1,
7290017142456,false,מארז נתחי טונה בהירה בשמן זית 2 * 160 ג' עץ הזית,יוניקורד ח.צ בעמ,TH,טונה בשמן זית2יח,גרמים,320.00,100 גרם,false,1,20.90,6.53,true,1,
7290017142487,false,"LUNCH TO GO בורגול עם חומוס טונה בשמן זית 160 גרם ""עץ הזית""",יוניקורד ח.צ בעמ,TH,בורגול עם טונה,גרמים,160.00,100 גרם,false,1,13.90,8.69,true,1,
7290017142500,false,תרסיס שמן זית כתית מעולה בטעם שום 150מל,קומטמפ קומפניה פורטו,IT,תרסיס שמן זית,מיליליטרים,150.00,"100 מ""ל",false,1,19.90,13.27,true,1,
7290017142609,false,"תרסיס שמן זית בטעם לימון עץ הזית 150 מ""ל",סוגת תעשיות בעמ,IT,תרסיס שמן זית,מיליליטרים,150.00,"100 מ""ל",false,1,19.90,13.27,true,1,
7290017142623,false,"תרסיס שמן זית בטעם צ'ילי עץ הזית 150 מ""ל",סוגת תעשיות בעמ,IT,תרסיס שמן זית,מיליליטרים,150.00,"100 מ""ל",false,1,19.90,13.27,true,1,
7290017217710,false,"שיפודי במבוק יקיטורי 15 ס""מ 100 יחידות",אינטרסן 1996 בעמ,CN,שיפודי במבוק,יחידה,1.00,יחידה,false,1,9.90,9.90,true,1,
7290017217918,false,"מדליק פחם נוזלי 500מ""ל פקק ביטחון",אינטרסן (1996) בעמ,NL,מדליק פחם,מיליליטרים,500.00,"100 מ""ל",false,1,16.90,3.38,true,1,
7290017232218,false,לחם קלאסי מופחת פחמימות איטסיין 430 גרם,,IL,לחם איטסיין,גרמים,430.00,100 גרם,false,1,24.90,5.79,true,1,
7290017232225,false,לחם גלילי מופחת פחמימות איטסיין 450 גרם,דבידוביץ,IL,לחם איטסיין,גרמים,450.00,100 גרם,false,1,24.90,5.53,true,1,
7290017239101,false,פילה סלמון נורווגי עישון קר עדין פרוס בא,פוד קולקשן בעמ,IL,סלמון אטלנטי,גרמים,100.00,100 גרם,false,1,21.90,21.90,true,1,
7290017289601,false,"יין בלנד לבן 750 מ""ל אימפרשיאון",יקב טפרברג 1870 בעמ,IL,פרנץ קולומבר,מיליליטרים,750.00,"100 מ""ל",false,1,49.90,6.65,true,1,
7290017289618,false,"יין IMPRESSION פטיט סירה 150 שנה טפרברג 750 מ""ל",יקב טפרברג 1870 בעמ (יינות ומש,IL,פטיט סירה,מיליליטרים,750.00,"100 מ""ל",false,1,49.90,6.65,true,1,
7290017296142,false,גרנולה חלבה ושוקולד פנינה רוזנבלום 400 גרם,"פנינה רוזנבלום בע""מ",IL,גרנולה חלווה,גרמים,400.00,100 גרם,false,1,25.90,6.48,true,1,
7290017304885,false,לחם שיפון מחיטה מלאה ללא תוספת סוכר 750 ג' אנג'ל,מאפיית שלמה א. אנג'\ל בע,IL,לחם שיפון מלא,גרמים,750.00,100 גרם,false,1,16.90,2.25,true,1,
7290017325347,false,מקלות בייגלה מקמח כוסמין אורגני הרדוף 200 גרם,"אם החיטה בע""\מ",IL,מקלות ביגלה,גרמים,200.00,100 גרם,false,1,16.90,8.45,true,1,
7290017325385,false,100% חמאה אורגנית 200 גרם - אדמה,,NL,חמאה אורגנית,גרמים,200.00,100 גרם,false,1,14.90,7.45,true,1,
7290017325477,false,רסק עגבניות 100 גר אורגני - הרדוף,פריניר (הדס 1987) בע,IL,רסק עגבניות,גרמים,100.00,100 גרם,false,1,3.80,3.80,true,1,
7290017325729,false,קמח כוסמת ירוקה אורגני 500גר הרדוף,טחנת קמח דגן לישראל,IL,קמח כוסמת ירוקה,גרמים,500.00,100 גרם,false,1,19.90,3.98,true,1,
7290017325743,false,"קמח עדשים אדומות לל""ג אורגני 500 גרם",טחנת קמח דגן לישראל,IL,קמח עדשים,גרמים,500.00,100 גרם,false,1,17.90,3.58,true,1,
7290017325750,false,"קמח חומוס לל""ג אורגני 500 גרם",טחנת קמח דגן לישראל,IL,קמח חומוסל.גלוטן,גרמים,500.00,100 גרם,false,1,18.90,3.78,true,1,
7290017325842,false,פריכיות אורז מלא אורגני הרדוף 110 גרם,פרח תעשיות מזון,IL,פריכיות אורז מלא,גרמים,110.00,100 גרם,false,1,9.80,8.91,true,1,
7290017325873,false,קרקר מקמח שיפון מלא אורגני 125גר הרדוף,"ל.ב. סחר ושיווק בע""\מ",IL,קרקר שיפון מלא,גרמים,125.00,100 גרם,false,1,19.90,15.92,true,1,
7290017325934,false,טחינה מלאה אורגני 450 גרם,הרדוף,IL,טחינה מלאה הרדוף,גרמים,450.00,100 גרם,false,1,18.90,4.20,true,1,
7290017334080,false,שמ.זית כתית כבישה קרה750,שמן זית אליעד,IL,שמן זית כתית,מיליליטרים,750.00,"100 מ""ל",false,1,29.90,3.99,true,1,
7290017440323,false,"ד""ר פישר - קידס שמפו + מרכך ויטמינים 750 מ""ל",פישר תעשיות פרמצבטיות בעמ,IL,שמפו+מרכך קידס,מיליליטרים,750.00,"100 מ""ל",false,1,16.90,2.25,true,1,
7290017440804,false,ד.פישר סילבר מסכת הזנה לשיער כסוף 300 מ,פישר תעשיות פרמבצטיות בעמ,IL,מסכה לשיער,מיליליטרים,300.00,"100 מ""ל",false,1,39.90,13.30,true,1,
7290017457574,false,כדוריות סבון נתלה לאסלה בניחוח פרחים - 3 יח',גורי שיווק בעמ,RS,סבון אסלה 3 יח,גרמים,150.00,100 גרם,false,1,16.90,11.27,true,1,
7290017457932,false,סוד מרכך כביסה מרוכז פרש קונטרול כחול,גורי שיווק בעמ,IL,סוד מרכך כחול,מיליליטרים,900.00,"100 מ""ל",false,1,12.90,1.43,true,1,
7290017477558,false,שמן זית כתית מעולה אספניולה 750 מל,דין שיווק וקליה 2021 בעמ,ES,שמן זית אספניולה,מיליליטרים,750.00,"100 מ""ל",false,1,29.90,3.99,true,1,
7290017513775,false,פליפז בייגלה מצופה שוקולד חלב מקוויטיס 140 גרם,תה ויסוצקי (ישראל) בעמ,TR,בייגלה מצופה,גרמים,140.00,100 גרם,false,1,8.90,6.36,true,1,
7290017513782,false,פליפז בייגלה מצופה שוקולד מריר מקוויטיס 140 גרם,תה ויסוצקי (ישראל) בעמ,TR,בייגלה מצופה,גרמים,140.00,100 גרם,false,1,8.90,6.36,true,1,
7290017513829,false,תה ירוק לימונית ג'ינג'ר 25 שקיקים בתוספת ויטמין Cּּ+D,תה ויסוצקי (ישראל) בעמ,IL,תה ירוק+ויטמינים,גרמים,37.00,100 גרם,false,1,24.90,67.30,true,1,
7290017513867,false,תה ירוק לימונית ולואיזה סתוספת ויטמינים ויסוצקי 25 יחידות,תה ויסוצקי (ישראל) בעמ,IL,תה ירוק+ויטמינים,גרמים,37.00,100 גרם,false,1,24.90,67.30,true,1,
7290017516561,false,שלשיית חטיפי חלבון פנגיאה אגוזי לוז 3*60 גרם,ש.ר רגע בטבע,IL,חטיפי חלבון 3 יח,גרמים,180.00,100 גרם,false,1,28.90,16.06,true,1,
7290017516585,false,שלשיית חטיפי חלבון פנגיאה וניל קפה 3*60 גרם,,IL,חטיפי חלבון 3 יח,גרמים,180.00,100 גרם,false,1,28.90,16.06,true,1,
7290017589176,false,אלטיטיוד 585 קברנה 750מל,יקבי ברקן שיווק והפצה בע,IL,אלטיטיוד קברנה,מיליליטרים,750.00,"100 מ""ל",false,1,124.90,16.65,true,1,
7290017589183,false,אלטיטיוד 624 קברנה 750מל,יקבי ברקן,IL,אלטיטיוד קברנה,מיליליטרים,750.00,"100 מ""ל",false,1,124.90,16.65,true,1,
7290017589633,false,"רזרב גולד אדישיין קברנה סוביניון 750 מ""ל",טמפו משקאות בעמ,IL,קברנה רזרב גולד,מיליליטרים,750.00,"100 מ""ל",false,1,49.90,6.65,true,1,
7290017599229,false,ממתיק סוכרלוז 200 טבליות סוכרזית,שטראוס גרופ בע`מ,IL,סוכרזית סוכרלוז,גרמים,17.00,100 גרם,false,1,23.90,140.59,true,1,
7290017599236,false,סוכרזית סיטיוויה 200 טבליות,סנו מפעלי ברונוס.,IL,סוכרזית סטיוויה,גרמים,17.00,100 גרם,false,1,25.90,152.35,true,1,
7290017599250,false,סוכרזית קלאסי 120 גר`שקיות,שטראוס גרופ בע`מ,IL,סוכרזית קלאסי,גרמים,120.00,100 גרם,false,1,17.90,14.92,true,1,
7290017599267,false,סוכרלוז 120 שקיות ממתיק שולחני,שטראוס גרופ בע`מ,IL,סוכרזית סוכרלוז,גרמים,120.00,100 גרם,false,1,24.90,20.75,true,1,
7290017617046,false,נתחי טונה בשמן זית כתית מעולה רביעיה * 140 ג',דיפלומט מפיצים (1968) בעמ**,TR,טונה בשמן זית4יח,גרמים,560.00,100 גרם,false,1,28.90,5.16,true,1,
7290017617084,false,סטארקיסט מיקס טוגו טונה עם שעועית 185 גרם,דיפלומט מפיצים (1968) בעמ**,TR,מיקס טו גו טונה,גרמים,185.00,100 גרם,false,1,12.90,6.97,true,1,
7290017617091,false,סטארקיסט מיקס טוגו טונה עם פתיתים 185 גרם,דיפלומט מפיצים (1968) בעמ**,TR,מיקס טו גו טונה,גרמים,185.00,100 גרם,false,1,12.90,6.97,true,1,
7290017617107,false,סטארקיסט מיקס טוגו טונה עם 4 דגנים 185 גרם,דיפלומט מפיצים (1968) בעמ**,TR,מיקס טו גו טונה,גרמים,185.00,100 גרם,false,1,12.90,6.97,true,1,
7290017617411,false,סטארקיסט מיקס סלמון עם אורז מלא וירקות 160 גרם,דיפלומט מפיצים (1968) בעמ**,PL,מיקס סלמון,גרמים,160.00,100 גרם,false,1,14.90,9.31,true,1,
7290017617428,false,סטארקיסט מיקס סלמון עם פסטה ברוטב עגבניות 160 גרם,דיפלומט מפיצים (1968) בעמ**,PL,מיקס סלמון,גרמים,160.00,100 גרם,false,1,14.90,9.31,true,1,
7290017617435,false,סטארקיסט מיקס סלמון עם עדשים קינואה וירק 160 גרם,דיפלומט מפיצים (1968) בעמ**,PL,מיקס סלמון,גרמים,160.00,100 גרם,false,1,14.90,9.31,true,1,
7290017618111,false,עוגיות מלבן שקדים עם טריפל שוקולד 180 גר,קונדטוריות לחמי,IL,עוגיות לחמי,גרמים,180.00,100 גרם,false,1,18.90,10.50,true,1,
7290017637563,false,שמפו לתלתלים מושלמים 500 מל מיקי בוגנים,סאסטק מיקי בוגנים,IL,MB שמפו לשיער,מיליליטרים,500.00,"100 מ""ל",false,1,23.90,4.78,true,1,
7290017637570,false,מרכך לתלתלים מושלמים 500 מל מיקי בוגנים,סאסאטק אגשח בעמ - סאסא MB,IL,MB מרכך לשיער,מיליליטרים,500.00,"100 מ""ל",false,1,23.90,4.78,true,1,
7290017637587,false,קרם CURLS לתלתלים מושלמים מיקי בוגנים 20,סאסאטק אגשח בעמ - סאסא MB,IL,MB תרסיס לשיער,מיליליטרים,200.00,"100 מ""ל",false,1,23.90,11.95,true,1,
7290017637617,false,מסיכת הזנה לשיער מיקי בוגנים 250 מל,סאסאטק אגשח בעמ - סאסא MB,IL,MB מסכה לשיער,מיליליטרים,250.00,"100 מ""ל",false,1,26.90,10.76,true,1,
7290017637624,false,מרכך יומיומי יסמין קסום 500 מל בוגנים,סאסאטק אגשח בעמ - סאסא MB,IL,MB שמפו יסמין,מיליליטרים,500.00,"100 מ""ל",false,1,23.90,4.78,true,1,
7290017637631,false,מרכך יומיומי יסמין קסום 500 מל בוגנים,סאסאטק אגשח בעמ - סאסא MB,IL,MB מרכך יסמין,מיליליטרים,500.00,"100 מ""ל",false,1,23.90,4.78,true,1,
7290017637655,false,שמפו קרטין ללא מלח מיקי בוגנים 500 מל,סאסאטק אגשח בעמ - סאסא MB,IL,MB שמפו קרטין,מיליליטרים,500.00,"100 מ""ל",false,1,26.90,5.38,true,1,
7290017647197,false,"יין ירדן מרלו 2017 750 מ""ל",מיוצר וממולא על ידי יקב,IL,ירדן מרלו,מיליליטרים,750.00,"100 מ""ל",false,1,99.90,13.32,true,1,
7290017647722,false,"רמת הגולן גמלא בלאנקו, 750 מ""ל י יקב רמת הגולן",היכל היין שקד גולן בעמ,IL,גמלא בלאנקו לבן,מיליליטרים,750.00,"100 מ""ל",false,1,64.90,8.65,true,1,
7290017677804,false,"רוטב סויה קיקומן ללא חומרים משמרים 444 מ""ל",דיפלומט מפיצים (1968) בעמ**,US,רוטב סויה קיקומן,מיליליטרים,444.00,"100 מ""ל",false,1,19.90,4.48,true,1,
7290017677811,false,"רוטב סויה קיקומן ללא חומרים משמרים 296 מ""ל",דיפלומט מפיצים (1968) בעמ**,NL,רוטב סויה קיקומן,מיליליטרים,296.00,"100 מ""ל",false,1,13.50,4.56,true,1,
7290017724003,false,עוגיות גריסיני קצח אקלר,הלל בן הלל שיווק ומסחר בעמ,IL,גריסיני,גרמים,250.00,100 גרם,false,1,23.90,9.56,true,1,
7290017724034,false,עוגיות סנדוויץ ריבה 250 גר`,הלל בן הלל שיווק ומסחר בעמ,IL,עוגיות ריבה,גרמים,250.00,100 גרם,false,1,23.90,9.56,true,1,
7290017724058,false,עוגיות מעדן תמר אגוז אקלר,הלל בן הלל שיווק ומסחר בעמ,IL,מעדן תמר אגוז,גרמים,250.00,100 גרם,false,1,23.90,9.56,true,1,
7290017724065,false,"עוגיות מעדן תפו""ע ואגוז אקלר",הלל בן הלל שיווק ומסחר בעמ,IL,"מעדן תפו""ע ואגוז",גרמים,250.00,100 גרם,false,1,23.90,9.56,true,1,
7290017724072,false,עוגיות רולדה שוקולד תמר 200 גר`,הלל בן הלל שיווק ומסחר בעמ,IL,רולדה שוקולד תמר,גרמים,200.00,100 גרם,false,1,23.90,11.95,true,1,
7290017724164,false,עוגיות אוזניים ללא סוכר אקלר,הלל בן הלל שיווק ומסחר בעמ,IL,עוגיות אוזניים,גרמים,200.00,100 גרם,false,1,23.90,11.95,true,1,
7290017724171,false,עוגיות סנדביץ ריבה ללא סוכר אקלר 200 גרם,הלל בן הלל שיווק ומסחר בעמ,IL,עוגיות פרח ריבה,גרמים,250.00,100 גרם,false,1,23.90,9.56,true,1,
7290017724232,false,עוגיות שומשומיות 200 גר`,הלל בן הלל שיווק ומסחר בעמ,IL,עוגיות שומשומית,גרמים,200.00,100 גרם,false,1,23.90,11.95,true,1,
7290017724256,false,עוגיות שומשיות ללא סוכר אקלר,הלל בן הלל שיווק ומסחר בעמ,IL,"שומשומית ללת""ס",גרמים,200.00,100 גרם,false,1,23.90,11.95,true,1,
7290017724263,false,עוגיות בטוהבן ללא סוכר אקלר,הלל בן הלל שיווק ומסחר בעמ,IL,עוגיות בטהובן,גרמים,300.00,100 גרם,false,1,23.90,7.97,true,1,
7290017724300,false,עוגיות גרנולה אקלר 200 גרם,הלל בן הלל שיווק ומסחר בעמ,IL,עוגיות גרנולה,גרמים,200.00,100 גרם,false,1,23.90,11.95,true,1,
7290017746128,false,מיני פיתות קלאסי50*10 גר,מאפיית דוידוביץ ובני,IL,מיני פיתות 10 יח,גרמים,500.00,100 גרם,false,1,14.50,2.90,true,1,
7290017746197,false,לחמניות המבורגר 6יחידות,מאפיית דוידוביץ ובניו בע,IL,לחמניות המבורגר,יחידה,1.00,יחידה,false,1,18.90,18.90,true,1,
7290017746258,false,מארז רביעיית לחמניות פרנה,מאפיית דוראל,IL,פרנה לחם מרוקאי,גרמים,400.00,100 גרם,false,1,15.50,3.88,true,1,
7290017812069,false,יין אמרלד ריזלינג שרדונה אקסלנס Excellence,אגודת הכורמים בעמ,IL,ריזלינג-שרדונה,מיליליטרים,750.00,"100 מ""ל",false,1,26.90,3.59,true,1,
7290017812106,false,מוג'ו בלנד לבן ח.מתוק750,אגודת הכורמים בעמ,IL,מוג'ו בלנד לבן,מיליליטרים,750.00,"100 מ""ל",false,1,34.90,4.65,true,1,
7290017812403,false,יין בלנד ים תיכוני מדיטרנייה 2017 750 מל,אגודת הכורמים הקואופרטיב,IL,יין מדיטרנייה,מיליליטרים,750.00,"100 מ""ל",false,1,139.90,18.65,true,1,
7290017812410,false,"כרמל לימיטד אדישן 750מ""ל",אגודת הכורמים הקואופרטיב,IL,יין כרמל לימיטד,מיליליטרים,750.00,"100 מ""ל",false,1,209.90,27.99,true,1,
7290017812571,false,מיץ ענבים תירוש אדום 100% טבעי כרמל 1 ליטר,אגודת הכורמים -כרמל מזרחי,IL,תירוש כרמל אדום,ליטרים,1.00,ליטר,false,1,19.90,19.90,true,1,
7290017812588,false,מיץ ענבים תירוש לבן 100% טבעי כרמל 1 ליטר,אגודת הכורמים -כרמל מזרחי,IL,מיץ תירוש לבן,ליטרים,1.00,ליטר,false,1,19.90,19.90,true,1,
7290017812618,false,מיץ ענבים תירוש אדום רוזה כרמל 1 ליטר,אגודת הכורמים -כרמל מזרחי,IL,תירוש רוזה,ליטרים,1.00,ליטר,false,1,19.90,19.90,true,1,
7290017812847,false,"יין כרמל סלקטד פרנץ' גוורצטרמינר, 750 מ""ל","כד בני דרום בע""מ",IL,פרנץ גוורצטרמינר,מיליליטרים,750.00,"100 מ""ל",false,1,29.90,3.99,true,1,
7290017812861,false,יין לבש יבש ( 750 מל) וינו,אגודת הכורמים בעמ,,יין וינו לבן יבש,יחידה,1.00,יחידה,false,0,21.60,21.60,true,1,
7290017812878,false,"אקסלנס וזה -קברנה סוביניון כרמל 750 מ""ל",אגודת הכורמים בעמ,IL,רוזה אקסלנס,מיליליטרים,750.00,"100 מ""ל",false,1,26.90,3.59,true,1,
7290017812977,false,"יין קריניאנו סלקטדאננס באז כרמל 750 מ""ל",אגודת הכורמים -כרמל מזרחי,IL,באזז בטעם אננס,מיליליטרים,750.00,"100 מ""ל",false,1,27.90,3.72,true,1,
7290017816012,false,קרם קרקר כוסמין מקור הכוסמין 250 גר,גורי מוצרי צריכה (1991) בעמ,IL,קרם קרקר כוסמין,גרמים,250.00,100 גרם,false,1,14.90,5.96,true,1,
7290017871462,false,טוסו חטיף פצפוצי אורז מצופה שוקולד מריר ללא תוספת סוכר,תות תעשיות מזון (2014) ב,IL,חטיף פצפוצי אורז,גרמים,105.00,100 גרם,false,1,15.90,15.15,true,1,
7290017871981,false,טוסו אבקת ג'לי טעם משמש 30גרם,אשבל מזון פונקציונלי בע\,IL,ג'לי בטעם משמש,גרמים,25.00,100 גרם,false,1,10.90,43.60,true,1,
7290017872018,false,"קרם החתלה פרשוואנס קמומיל וקלנדולה 100 סמ""ק",דנשר (1963) בעמ,IL,פרש וואנס קרם הח,מיליליטרים,100.00,"100 מ""ל",false,1,10.90,10.90,true,1,
7290017872162,false,טוסו - עוגיות אגוזי לוז ללא סוכר 200 גרם,"הגביע מוצרי וופלים בע""\מ",IL,עוגיות אגוזי לוז,גרמים,200.00,100 גרם,false,1,14.90,7.45,true,1,
7290017872179,false,טוסו - עוגיות טחינה ללא סוכר 200 גרם,"הגביע מוצרי וופלים בע""\מ",IL,עוגיות טחינה,גרמים,200.00,100 גרם,false,1,14.90,7.45,true,1,
7290017872186,false,טוסו - עוגיות פקאן ללא סוכר 200 גרם,"הגביע מוצרי וופלים בע""\מ",IL,עוגיות פקאן,גרמים,200.00,100 גרם,false,1,14.90,7.45,true,1,
7290017872193,false,טוסו עוגיות שקדים וקינמון ללא סוכר 200 גרם,"הגביע מוצרי וופלים בע""\מ",IL,עוגיות שקדים,גרמים,200.00,100 גרם,false,1,14.90,7.45,true,1,
7290017888026,false,"משקה אננס תפוח גזר פרות & ווג 350 מ""ל",יפאורה שותפות מוגבלת לשיווק,IL,משקה פרוט&וג',מיליליטרים,350.00,"100 מ""ל",false,1,7.60,2.17,true,1,
7290017888033,false,"משקה בננה מלון נענע פרות &ווג 350 מ""ל",יפאורה שותפות מוגבלת לשיווק,IL,משקה פרוט&ווג',מיליליטרים,350.00,"100 מ""ל",false,1,7.60,2.17,true,1,
7290017888729,false,שוופס סודה בקבוק 1 ל',יפאורה שותפות מוגבלת לשיווק,IL,סודה שוופס,ליטרים,1.00,ליטר,false,1,3.90,3.90,true,1,
7290017888972,false,בקבוק מי עדן פקק ספורט 1 ליטר,יפאורה שותפות מוגבלת לשיווק,IL,מי עדן ספורט,ליטרים,1.00,ליטר,false,1,5.20,5.20,true,1,
7290017894157,false,נייר אפייה טבעי 40יחידות,,IL,נייר אפייה טבעי,יחידה,1.00,יחידה,false,1,13.90,13.90,true,1,
7290017894195,false,קפסולות למדיח כלים 40 יח,אקופרנד,IL,קפסולות למדיח,יחידה,1.00,יחידה,false,1,39.90,39.90,true,1,
7290017907208,false,תערובת קמח רב תכליתי לנמנעים מגלוטן,י.איטליאנו אחזקות בעמ,IL,קמח רב תכליתי,גרמים,500.00,100 גרם,false,1,16.90,3.38,true,1,
7290017907222,false,תערובת קמח תופח לנמנעים מגלוטן,י.איטליאנו אחזקות בעמ,IL,קמח תמי תופח,גרמים,500.00,100 גרם,false,1,16.90,3.38,true,1,
7290017917382,false,אל סבון היגייני לניקוי יסודי ולהרגע העור clean & calm,"פישר תעשיות פרמבצטיות בע""מ",IL,קמיל סבון ידיים,ליטרים,1.00,ליטר,false,1,15.90,15.90,true,1,
7290017917450,false,קמיל בלו סנסיטיב אל סבון ושמפו לתינוק קמומיל ואלוורה,"פישר תעשיות פרמבצטיות בע""מ",IL,אל סבון ושמפו,ליטרים,1.00,ליטר,false,1,24.90,24.90,true,1,
7290017917764,false,"ד""ר פישר - אפקטיב קר קרם גוף מועשר בשמן ארגן 450 מ""ל",פישר תעשיות פרמבצטיות בעמ,IL,קרם גוף,מיליליטרים,450.00,"100 מ""ל",false,1,21.90,4.86,true,1,
7290017928036,false,מאיר בייגל מקלות גריסיני שומשום 175 גרם,מאיר את בייגל,IL,גריסיני שומשום,גרמים,175.00,100 גרם,false,1,11.90,6.80,true,1,
7290017928043,false,מקלות גריסיני קראנץ' מלח מאיר בייגל 175 גרם,מאיר את בייגל,IL,גריסיני קראנץ,גרמים,175.00,100 גרם,false,1,11.90,6.80,true,1,
7290017928098,false,בייגלה שטוח מלח 330 גר` מאיר בייגל,מאיר את בייגל,IL,בייגלה שטוחל'ה,גרמים,330.00,100 גרם,false,1,11.90,3.61,true,1,
7290017928210,false,בייגלה גדול שומשום מאיר בייגל 250 גרם,מאיר את בייגל,IL,בייגלה שומשום,גרמים,250.00,100 גרם,false,1,11.90,4.76,true,1,
7290017928227,false,"בייגלה שטוח'לה פינוקים שומשום, קצח, שום ובצל",מאיר את בייגל,IL,בייגלה שטוחלה,גרמים,300.00,100 גרם,false,1,11.90,3.97,true,1,
7290017928296,false,שברי בייגלה בטעם דבש חרדל ובצל 300 גר' מאיר את בייגל,"דנשר (1963) בע,מ",BG,סמאש שברי בייגלה,גרמים,300.00,100 גרם,false,1,12.90,4.30,true,1,
7290017928449,false,בייגלה שטוחלה פרו מלח 170 גר`מאיר בייגל,מאיר את בייגל,IL,בייגלה פרוטאין,גרמים,170.00,100 גרם,false,1,11.90,7.00,true,1,
7290017928463,false,מאיר בייגל -סמאש-שבורים בטעם דבש חרדל ובצל 300 גרם,דנשר (1963) בעמ,,שברי בייגלה,יחידה,1.00,יחידה,false,0,12.90,12.90,true,1,
7290017928494,false,שברי בייגלה בטעם צדר 300 גר' מאיר את בייגל,"דנשר (1963) בע,מ",BG,סמאש שברי בייגלה,גרמים,300.00,100 גרם,false,1,12.90,4.30,true,1,
7290017928609,false,בייגלה טבעות שומשום מאיר בייגל 300 גרם,מאיר את בייגל,IL,בייגלה טבעות,גרמים,300.00,100 גרם,false,1,11.90,3.97,true,1,
7290017928616,false,בייגלה שטוחלה שומשום 300 גר` מאיר בייגל,מאיר את בייגל,IL,בייגלה שטוחלה,גרמים,300.00,100 גרם,false,1,11.90,3.97,true,1,
7290017928630,false,מקלות גריסיני קראנץ' פינוקים מאיר בייגל 175 גרם,מאיר את בייגל,IL,גריסיני קראנץ,גרמים,175.00,100 גרם,false,1,11.90,6.80,true,1,
7290017928661,false,מאיר בייגל -סמאש-שבורים בטעם צ'דר 300 גרם,"דנשר (1963) בע,מ",,שברי בייגלה,יחידה,1.00,יחידה,false,0,12.90,12.90,true,1,
7290017928685,false,בייגלה שמיניות מלוח מאיר בייגל 400 גרם.,מאיר את בייגל,IL,בייגלה שמיניות,גרמים,400.00,100 גרם,false,1,11.90,2.98,true,1,
7290017928722,false,בייגלה שטוח ניגובים שומשום 300 ג' מאיר בייגל,מאיר את בייגל,IL,שטוחל'ה ניגובים,גרמים,300.00,100 גרם,false,1,11.90,3.97,true,1,
7290017928746,false,פירורי בייגלה מאיר בייגל 200 גרם,דנשר (1963) בעמ,IL,פירורי בייגלה,גרמים,200.00,100 גרם,false,1,6.20,3.10,true,1,
7290017928807,false,בייגלה אצבעות שומשום מאיר בייגל 300 גרם,מאיר את בייגל,IL,בייגלה אצבעות,גרמים,300.00,100 גרם,false,1,11.90,3.97,true,1,
7290017928821,false,מאיר בייגל מקלות גריסיני קלאסי 200 גרם,מאיר את בייגל,IL,גריסיני קלאסי,גרמים,200.00,100 גרם,false,1,11.90,5.95,true,1,
7290017932231,false,"סירופ מייפל טהור גאלה 250 מ""ל",בולדוק מייפל פרודקס,CA,סירופ מייפל טהור,מיליליטרים,250.00,"100 מ""ל",false,1,34.90,13.96,true,1,
7290017946368,false,שלישיית כדוריות סבון לאסלה אוקיינוס סוד 50 גרם,גורי שיווק בעמ,RS,סבון לאסלה סוד,גרמים,150.00,100 גרם,false,1,16.90,11.27,true,1,
7290017947105,false,לחם אנג'ל בסגנון אמריקה 500 גרם,מאפיית שלמה א. אנג'\ל בע,IL,לחם סגנון אמריקה,גרמים,500.00,100 גרם,false,1,14.90,2.98,true,1,
7290017947464,false,שמיניית פיתות כוסמין אנג'ל 8*50 גרם,מאפיית שלמה א.אנג'\ל בע\,IL,פיתות כוסמין,גרמים,400.00,100 גרם,false,1,16.90,4.23,true,1,
7290017947495,false,לחמניות כוסמין 6 יח(450 גר`)אנג`ל,"איטיליאן פוד, אס.פי.",,לחמניות כוסמין6*,יחידה,1.00,יחידה,false,0,15.90,15.90,true,1,
7290017947891,false,לחם אנג'ל כוסמין וחיטה מלאה 750 גרם,מאפיית שלמה א. אנג'\ל בע,IL,אנג'ל כוסמין,גרמים,750.00,100 גרם,false,1,16.90,2.25,true,1,
7290017947921,false,לחמניות המבורגר בסגנון אמריקאי מארז 6 יח',מאפיית שלמה א. אנג'\ל בע,IL,לחמניות המבורגר,גרמים,450.00,100 גרם,false,1,14.90,3.31,true,1,
7290017947938,false,מיני לחמניות המבורגר בסגנון אמריקה 400 ג' אנג'ל,מאפיית שלמה א. אנג'\ל בע,IL,לחמניות המבורגר,גרמים,400.00,100 גרם,false,1,14.90,3.73,true,1,
7290017962030,false,גרנולה סופר בריס 330 גרם,"דני וגלית בע""מ",IL,גרנולה סופר בריס,גרמים,330.00,100 גרם,false,1,19.70,5.97,true,1,
7290017962153,false,עוגיות כוסמין שקדים חמוציו טבעוני 230 גר,,IL,עוגיות כוסמין,גרמים,230.00,100 גרם,false,1,24.90,10.83,true,1,
7290017967004,false,"בירה קייזר בקבוק 500 מ""ל",ברסייר,FR,בירה קייזר,מיליליטרים,500.00,"100 מ""ל",false,1,5.90,1.18,true,1,
7290018029206,false,עוגיות כתר ריבה מיקס 600 גרם,שיבולים יצור ושיווק מוצרי מאפה,IL,עוגיות דולצ'ה,גרמים,600.00,100 גרם,false,1,19.90,3.32,true,1,
7290018038444,false,פיצה זוגית מרגריטה מבצק כוסמין 380 גר,פרוזן פקטורי,IL,פיצה מרגריטה,גרמים,380.00,100 גרם,false,1,25.90,6.82,true,1,
7290018043189,false,חטיף חלבון פראוד בלאק קשיו קרמל 60 גרם - 18 גרם חלבון,דיפלומט מפיצים (1968) בעמ**,NL,פראוד חטיף קשיו,גרמים,60.00,100 גרם,false,1,13.90,23.17,true,1,
7290018043295,false,חטיף חלבון בטעם ונילה קראנצ 60 גרם,דיפלומט מפיצים (1968) בעמ**,NL,פראוד חטיף וניל,גרמים,60.00,100 גרם,false,1,13.90,23.17,true,1,
7290018043523,false,אב.חלבון מי גבינה שוק759,,BE,אבקת חלבון,גרמים,759.00,100 גרם,false,1,129.90,17.11,true,1,
7290018045084,false,BON&BON דגנים במילוי קרם בטעם בראוניז 480 גרם,ר.ב. מוצרי דגנים בעמ,DE,דגנים במילוי קרם,גרמים,480.00,100 גרם,false,1,18.90,3.94,true,1,
7290018045497,false,בון בון דגנים במילוי קרם שוקולד 480 גרם,ר.ב. מוצרי דגנים בעמ,DE,דגנים במילוי,גרמים,480.00,100 גרם,false,1,18.90,3.94,true,1,
7290018045695,false,דגני בוקר בון בון במילוי קרם בטעם קרמל מ,ר.ב. מוצרי דגנים בעמ,DE,דגנים במילוי,גרמים,480.00,100 גרם,false,1,18.90,3.94,true,1,
7290018045893,false,דגני בוקר בון בון במילוי קרם נוגט 480 גר,ר.ב. מוצרי דגנים בעמ,DE,דגנים במילוי קרם,גרמים,480.00,100 גרם,false,1,18.90,3.94,true,1,
7290018080276,false,מאמי קר רפידות הנקה 60 יחידות,מאמי קר Mommy Care,IL,רפידות הנקה,יחידה,1.00,יחידה,false,1,47.90,47.90,true,1,
7290018091029,false,מקלות פילו תפוחי אדמה מעדנות 450 ג',תנובה ענף ב.ע.ד,IL,מקלותפילו ת.אדמה,גרמים,450.00,100 גרם,false,1,19.90,4.42,true,1,
7290018091234,false,פיצה מקסיקנית מעדנות 200 גרם,תנובה מעדנות,IL,פיצה מקסיקנית,גרמים,260.00,100 גרם,false,1,14.90,5.73,true,1,
7290018091876,false,מאפה פילו גבינה מעדנות 320 גרם,תנובה מרכז שיתופי לשיווק תוצרת,IL,מאפה פילו גבינה,גרמים,320.00,100 גרם,false,1,19.90,6.22,true,1,
7290018098585,false,קציצות צמחוניות 300 גרם,גורי מוצרי צריכה (1991) בעמ,IL,קציצות צמחוניות,גרמים,300.00,100 גרם,false,1,21.90,7.30,true,1,
7290018098592,false,שווארמה טבעוניות ביף,גורי מוצרי צריכה (1991) בעמ,IL,שווארמה צמחית,גרמים,300.00,100 גרם,false,1,21.90,7.30,true,1,
7290018127285,false,גרנולה קראנ'ץ קינמון 250,"מאמא יארא בע""\מ",IL,גרנולה קראנץ,גרמים,250.00,100 גרם,false,1,23.90,9.56,true,1,
7290018127292,false,גרנולה קראנץ קלאסית250ג,"מאמא יארא בע""\מ",IL,גרנולה קראנץ,גרמים,250.00,100 גרם,false,1,23.90,9.56,true,1,
7290018127469,false,"ביסקוויט פתי בר בטעם שוקולד לל""ג 200 גרם",אבאל יזמות בעמ,IL,פתיבר בטעם שוקו,גרמים,200.00,100 גרם,false,1,12.90,6.45,true,1,
7290018131534,false,מאגדת מיני בייטס מילקה 201 גרם,שוורצקוף& הנקל דיסלד,PL,מאגדת מיני בייטס,גרמים,162.00,100 גרם,false,1,19.90,12.28,true,1,
7290018131831,false,נסטלה מאגדת שלגון מילקה וניל חדש8 4*66ג,נגה גלידות שותפות מוגבלת,PL,מאגדת שלגון מילק,גרמים,284.00,100 גרם,false,1,24.90,8.76,true,1,
7290018131879,false,אקסטרים טילון חלב בדצ מאגדת 6*72 גרם נסטלה,נגה גלידות שותפות מוגבלת,IL,מאגדת אקסטרים,גרמים,432.00,100 גרם,false,1,33.90,7.85,true,1,
7290018131954,false,מאגדת לה פרוטה תות שוקולד נסטלה 350 גרם,נגה גלידות שותפות מוגבלת,IL,מאגדת להפרוטה תו,גרמים,350.00,100 גרם,false,1,29.90,8.54,true,1,
7290018165034,false,סופרייר קברנה סובניון750,יקב ברקן,IL,קברנה סובניון,מיליליטרים,750.00,"100 מ""ל",false,1,219.90,29.32,true,1,
7290018165447,false,רזרב גולד מרלו ( 750 מל) יקבי ברקן,יקבי ברקן שיווק והפצה בע,IL,מרלו רזרב גולד,מיליליטרים,750.00,"100 מ""ל",false,1,49.90,6.65,true,1,
7290018175002,false,פיתה מתנפחת ללא גלוטן300,,IL,פיתה מתנפחת,גרמים,300.00,100 גרם,false,1,20.00,6.67,true,1,
7290018175224,false,אצבעות בייגלה ירושלמי220,"מאמא יארא בע""\מ",IL,אצבעות בייגלה,גרמים,220.00,100 גרם,false,1,14.90,6.77,true,1,
7290018237281,false,עוף טוב נקניק סלמי ירדן 550 גר',קבוצת אוסם סחר-שות.מוגבלת,IL,נקניק סלמי ירדן,גרמים,550.00,100 גרם,false,1,21.90,3.98,true,1,
7290018237397,false,עוף טוב פסטרמה מקורמלת נתח שלם 8*300 גרם,קבוצת אוסם סחר שותפות מוגבלת,IL,פסטרמה מקורמלת מ,גרמים,300.00,100 גרם,false,1,27.90,9.30,true,1,
7290018237410,false,עוף טוב פסטרמה במעשנה נתח שלם 8*300 גרם,קבוצת אוסם סחר-שות.מוגבלת,IL,פסטרמה במעשנה,גרמים,300.00,100 גרם,false,1,27.90,9.30,true,1,
7290018237922,false,שניצלונים ציפוי צ'יפס עוף טוב 700 גרם,קבוצת אוסם סחר שותפות מוגבלת,IL,שניצלונים בציפוי,גרמים,700.00,100 גרם,false,1,19.90,2.84,true,1,
7290018237939,false,שניצלונים ציפוי שומשום עוף טוב 700 גרם,קבוצת אוסם סחר שותפות מוגבלת,IL,שניצלונים בציפוי,גרמים,700.00,100 גרם,false,1,19.90,2.84,true,1,
7290018249123,false,אינסטנט פודינג סוויטאנגו בטעם וניל,י.איטליאנו אחזקות בעמ,IL,אינסטנט פודינג,גרמים,50.00,100 גרם,false,1,11.90,23.80,true,1,
7290018249154,false,ממרח קקאו עם אגוזי סוויטאנגו 350 גר`,י.איטליאנו אחזקות בעמ,IL,ממרח קקאו,גרמים,350.00,100 גרם,false,1,32.90,9.40,true,1,
7290018249994,false,סוויטאנגו תחליף סוכר ממתיק 700 גר',מתבל תעשיות מזון,IL,סוויטאנגו,גרמים,700.00,100 גרם,false,1,56.90,8.13,true,1,
7290018294192,false,"יין בלנד היינן אדום יבש 750 מ""ל p.c",אגודת הכורמים -כרמל מזרחי,IL,יין בלנד אדום,מיליליטרים,750.00,"100 מ""ל",false,1,37.90,5.05,true,1,
7290018294208,false,"סלקטדאדום ישראלי יבש כרמל 750 מ""ל",אגודת הכורמים בעמ,IL,יין אדום סלקטד,מיליליטרים,750.00,"100 מ""ל",false,1,29.90,3.99,true,1,
7290018294352,false,"ארק יקבי כרמל 700 מ""",אגודת הכורמים -כרמל מזרחי,ES,ארק כרמל,מיליליטרים,700.00,"100 מ""ל",false,1,49.90,7.13,true,1,
7290018333082,false,אגו מיקס קורנפלקס שוקולד חלב ולבן כרמית 55 גרם,"כרמית תעשיות ממתקים בע""\",IL,אגו מיקס 55גרם,גרמים,55.00,100 גרם,false,1,4.90,8.91,true,1,
7290018338070,false,חיטה פריקי טבעי 500 גרם,תבואות,IL,חיטה פריקי,גרמים,500.00,100 גרם,false,1,14.90,2.98,true,1,
7290018343340,false,"ד""ר פישר - שמפו משקם לאחר החלקה ללא תוספת מלח 400 מ""ל",פישר תעשיות פרמבצטיות בעמ,IL,שמפו משקם,מיליליטרים,400.00,"100 מ""ל",false,1,39.90,9.98,true,1,
7290018343630,false,ד.פישר אפקטיב קר קרם גוף מועשר חמאת קקאו,פישר תעשיות פרמבצטיות בעמ,IL,קרם גוף אפקטיב,מיליליטרים,450.00,"100 מ""ל",false,1,21.90,4.86,true,1,
7290018344125,false,חטיף חלבון אגוזי לוז קקאו טבע ירוק 50 גר,אבאל יזמות בעמ,IL,חטיף חלבון אגוזי,גרמים,50.00,100 גרם,false,1,9.90,19.80,true,1,
7290018359082,false,מחית תפוחי עץ לאפיייה 550 גר יכין,זנלכל בעמ,IL,"מחית תפו""ע לאפיה",גרמים,560.00,100 גרם,false,1,7.90,1.41,true,1,
7290018359495,false,תירס מהשדה בלי תוספת סוכר יכין 550 גרם,היינץ צפון אמריקה מק,IL,"תירס מהשדה ללת""ס",גרמים,550.00,100 גרם,false,1,9.90,1.80,true,1,
7290018359518,false,תירס מהשדה בלי תוספת סוכר יכין מארז 200X3 גר',היינץ צפון אמריקה מק,IL,תירס מהשדה 3 יח,גרמים,600.00,100 גרם,false,1,14.90,2.48,true,1,
7290018359686,false,יכין חומוס גדול 550 גר A2,היינץ צפון אמריקה מק,IL,חומוס ענק,גרמים,550.00,100 גרם,false,1,8.90,1.62,true,1,
7290018359716,false,רוטב עגבניות פיצה טוסקנה 240 גרם יכין,"זנלכל בע""\מ",IL,רוטב לפיצה,גרמים,240.00,100 גרם,false,1,6.50,2.71,true,1,
7290018359884,false,פולפה ליקופן טבעית 2*400גר יכין A1.,זנלכול יכין,IL,פולפה ליקופן 2יח,גרמים,800.00,100 גרם,false,1,10.00,1.25,true,1,
7290018359938,false,"רוטב עגבניות לשקשוקה יכין, 400 גרם",זנלכול יכין,IL,רוטב שקשוקה,גרמים,400.00,100 גרם,false,1,10.00,2.50,true,1,
7290018359945,false,רוטב עגבניות פיקנטי מפלפלים וירקות יכין 400 גרם,זנלכול יכין,IL,חאריפה,גרמים,400.00,100 גרם,false,1,10.00,2.50,true,1,
7290018359952,false,רוטב עגבניות לפסטה יכין 400 גרם,זנלכול יכין,IL,רוטב עגבניות,גרמים,400.00,100 גרם,false,1,10.00,2.50,true,1,
7290018359969,false,רוטב עגבניות לפיצה 400 גרם יכין,זנלכול יכין,IL,רוטב פיצה,גרמים,400.00,100 גרם,false,1,10.00,2.50,true,1,
7290018371091,false,בייגלה אורגני מקמח כוסמין ללא מלח 200 גר,השדה מוצרים טבעיים ו,IL,בייגלה כוסמין,גרמים,200.00,100 גרם,false,1,16.50,8.25,true,1,
7290018371213,false,מחית (סקוויז) תפוח עץ ואפרסק אורגניים 100 גרם,השדה מוצרים טבעיים ו,ES,"מחית תפו""ע אפרסק",גרמים,100.00,100 גרם,false,1,4.90,4.90,true,1,
7290018371237,false,"חמאת בוטנים קראנץ ללת""ס/מלח אורגני 400 ג",סנקי,IL,חמאת בוטנים,גרמים,400.00,100 גרם,false,1,23.90,5.98,true,1,
7290018371411,false,פסטה רדיאטורי אורגנית255,,IT,פסטה אורגנית,גרמים,255.00,100 גרם,false,1,28.90,11.33,true,1,
7290018371503,false,וופל קמח כוסמין אגוזים אורגני 200 גרם,השדה מוצרים טבעיים ו,IL,וופל קמח כוסמין,גרמים,200.00,100 גרם,false,1,15.90,7.95,true,1,
7290018371534,false,וופל קוביות כוסמין חרובים אורגני 200 גר,"רוקחמן בע""מ",IL,וופל קוביות חרוב,גרמים,200.00,100 גרם,false,1,15.90,7.95,true,1,
7290018380741,false,דפי בצק פילו עגולים תומר 500 גרם,תומר ייבוא ושיווק מוצרי מזון [,TR,דפי בצק פילו,גרמים,500.00,100 גרם,false,1,15.90,3.18,true,1,
7290018394021,false,ח.תקוע פטריות מלך היער,חוות פטריות תקוע,CN,פטריות מלך היער,גרמים,150.00,100 גרם,false,1,11.90,7.93,true,1,
7290018400647,false,סנפרוסט סמודיז בננה תמר 300 גרם SMOOTHI,תנובה ענף ב.ע.ד,IL,SMOOTHIEבננה ותמ,גרמים,300.00,100 גרם,false,1,16.90,5.63,true,1,
7290018440209,false,פליפז בייגלה בציפוי פאדג' לבן מקוויטיס 140 גרם,תה ויסוצקי (ישראל) בעמ,,בייגלה מצופה,יחידה,1.00,יחידה,false,0,8.90,8.90,true,1,
7290018440247,false,תה צ'אי שקדים0 25 שקיקים ויסוצקי,תה ויסוצקי (ישראל) בעמ,IL,צ'אי שקדים,גרמים,50.00,100 גרם,false,1,21.90,43.80,true,1,
7290018440254,false,תה צ'אי קרמל מלוח 25 שקיקים ויסוצקי,תה ויסוצקי (ישראל) בעמ,IL,צ'\אי קרמל מלוח,גרמים,50.00,100 גרם,false,1,21.90,43.80,true,1,
7290018440384,false,תה ירוק מאטה לימון נענע ויסוצקי 25 יחידות,תה ויסוצקי (ישראל) בעמ,IL,תה ירוק ויסוצקי,גרמים,38.00,100 גרם,false,1,24.90,65.53,true,1,
7290018440391,false,תה ירוק מאטה נענע גוארנה ויסוצקי 25 יחידות,תה ויסוצקי (ישראל) בעמ,IL,תה ירוק ויסוצקי,גרמים,38.00,100 גרם,false,1,24.90,65.53,true,1,
7290018440438,false,Calvo טונה בשמן זית פתיחה קלה 3 * 65 גרם,תה ויסוצקי (ישראל) בעמ,ES,טונה בשמן זית3יח,גרמים,195.00,100 גרם,false,1,25.90,13.28,true,1,
7290018440445,false,טונה קאלוו בשמן זית 160 גר,"קאלוו קונסרבס ס.ל.יו. ,",ES,טונה בשמן זית,גרמים,160.00,100 גרם,false,1,16.90,10.56,true,1,
7290018440476,false,פליפז בייגלה מצופה בקרם עוגת גבינה ותותים מקוויטיס 140 גרם,תה ויסוצקי (ישראל) בעמ,TR,בייגלה עוג.גבינה,גרמים,140.00,100 גרם,false,1,8.90,6.36,true,1,
7290018440513,false,סלט קליפורנייה קאלוו עם טונה 150 גר,"קאלוו קונסרבס ס.ל.יו. ,",ES,סלט קליפורניה,גרמים,150.00,100 גרם,false,1,14.90,9.93,true,1,
7290018440520,false,סלט טונה קאלוו מקסיקני 150 גר,"קאלוו קונסרבס ס.ל.יו. ,",ES,סלט טונה מקסיקני,גרמים,150.00,100 גרם,false,1,14.90,9.93,true,1,
7290018440575,false,תה ירוק לימונית לואיזה 25+5 שקיקים,ויסוצקי,IL,תה ירוק לימונית,גרמים,48.00,100 גרם,false,1,24.90,51.88,true,1,
7290018441626,false,גלידת פיינטים מנטה עוגיות 430 ג' בן וג'ירי,מוצרי איכות אמריקאיים בעמ,IL,פיינט מנטה עוגיו,גרמים,430.00,100 גרם,false,1,19.90,4.63,true,1,
7290018468401,false,פסטרמה צמחונית בטעם גריל 100 גר טירת צבי,תנובה מרכז שיתופי לשיווק תוצרת,IL,פסטרמה צמחונית,גרמים,120.00,100 גרם,false,1,15.90,13.25,true,1,
7290018468418,false,פסטרמה צמחונית טעם מפולפל 120 גרם טירת צבי,תנובה מרכז שיתופי לשיווק תוצרת,IL,פסטרמה צמחונית,גרמים,120.00,100 גרם,false,1,15.90,13.25,true,1,
7290018468425,false,נקניק טבעוני בטעם פיקנטי 100 גרם טירת צבי,תנובה מרכז שיתופי לשיווק תוצרת,IL,נקניק טבעוני,גרמים,120.00,100 גרם,false,1,15.90,13.25,true,1,
7290018468432,false,נקניק טבעוני בטעם מעושן 100 גרם טירת צבי,תנובה מרכז שיתופי לשיווק תוצרת,IL,נקניק טבעוני,גרמים,100.00,100 גרם,false,1,15.90,15.90,true,1,
7290018471029,false,"סודה בטעם לימון - מארז 6 בקבוקים 500 מ""ל",יפאורה שותפות מוגבלת לשיווק,IL,שוופס סודה 6 יח,ליטרים,3.00,ליטר,false,1,14.50,4.83,true,1,
7290018471135,false,"ספרינג שייק בננה תמר תפוז 330 מ""ל זכוכית","יפאורה תבורי בע""\מ",IL,ספרינג שייק,מיליליטרים,330.00,"100 מ""ל",false,1,7.50,2.27,true,1,
7290018471142,false,"ספרינג שייק בננה אננס קוקוס פירות יער זכוכית 330 מ""ל","יפאורה תבורי בע""\מ",IL,ספרינג שייק בננה,מיליליטרים,330.00,"100 מ""ל",false,1,7.50,2.27,true,1,
7290018471180,false,משקה פרוט& ווג' אננס תפוח גזר 1 ליטר,יפאורה שותפות מוגבלת לשיווק,IL,מיץ פרוט & ווג',ליטרים,1.00,ליטר,false,1,13.10,13.10,true,1,
7290018471210,false,ספרינג נקטר אגס סברס תפוח 1ליטר קרטוני,יפאורה שותפות מוגבלת לשיווק,IL,ספרינג 1 ליטר,ליטרים,1.00,ליטר,false,1,6.90,6.90,true,1,
7290018471395,false,משקה פרוט& ווג' תפוח רימון ג'ינג'ר 1 ליטר,יפאורה שותפות מוגבלת לשיווק,IL,מיץ פרוט & ווג',ליטרים,1.00,ליטר,false,1,13.10,13.10,true,1,
7290018471401,false,משקה פרוט& ווג' אננס בננה כורכום 1 ליטר,יפאורה שותפות מוגבלת לשיווק,IL,מיץ פרוט & ווג',ליטרים,1.00,ליטר,false,1,13.10,13.10,true,1,
7290018471449,false,קרטונית ספרינג שייק בננה תמר תפוז 1 ליטר,יפאורה - שותפות מוגבלת לשיווק,IL,ספרינג שייק,ליטרים,1.00,ליטר,false,1,13.10,13.10,true,1,
7290018471463,false,תפוזינה נקטר תפוז מנגו קרטונית 1 ליטר,יפאורה שותפות מוגבלת לשיווק,IL,תפוזינה enjoy,ליטרים,1.00,ליטר,false,1,7.40,7.40,true,1,
7290018471470,false,תפוזינה נקטר תפוז פסיפלורה קרטונית 1 ליטר,יפאורה שותפות מוגבלת לשיווק,IL,תפוזינה enjoy,ליטרים,1.00,ליטר,false,1,7.40,7.40,true,1,
7290018471487,false,תפוזינה נקטר תפוז אננס קרטונית 1 ליטר,יפאורה שותפות מוגבלת לשיווק,IL,תפוזינה תפוז אננ,ליטרים,1.00,ליטר,false,1,7.40,7.40,true,1,
7290018471494,false,תפוזינה משקה תפוז גזר קרטונית 1 ליטר,יפאורה שותפות מוגבלת לשיווק,IL,תפוזינה תפוז גזר,ליטרים,1.00,ליטר,false,1,7.40,7.40,true,1,
7290018471548,false,"רביעיית ספרינג ענבים 250 מ""ל",יפאורה שותפות מוגבלת לשיווק,IL,משקה ספרינג 4יח,ליטרים,1.00,ליטר,false,1,11.50,11.50,true,1,
7290018471616,false,שוופס אינדיאן טוניק 1 ליטר,יפאורה שותפות מוגבלת לשיווק,IL,שוופס טוניק אינד,ליטרים,1.00,ליטר,false,1,9.30,9.30,true,1,
7290018471630,false,שוופס טוניק מלפפון ליים 1 ליטר,יפאורה שותפות מוגבלת לשיווק,IL,שוופס טוניק,ליטרים,1.00,ליטר,false,1,9.30,9.30,true,1,
7290018471906,false,שוופס מוגז פירות לימונדה ורודה 1.5 ליטר פיקדון,יפאורה - שותפות מוגבלת לשיווק,IL,שוופס לימונדה,ליטרים,1.50,ליטר,false,0,9.20,6.13,true,1,
7290018471913,false,משקה מוגז פירות תפוחים שוופס 1.5 ליטר,יפאורה - שותפות מוגבלת לשיווק,IL,שוופס תפוחים,ליטרים,1.50,ליטר,false,0,9.20,6.13,true,1,
7290018471920,false,שוופס מוגז פירות ענבים 1.5 ליטר פיקדון,יפאורה - שותפות מוגבלת לשיווק,IL,שוופס ענבים,ליטרים,1.50,ליטר,false,0,9.20,6.13,true,1,
7290018471937,false,שוופס מוגז פירות תות ליים 1.5 ליטר פיקדון,יפאורה - שותפות מוגבלת לשיווק,IL,שוופס מוגז תו,ליטרים,1.50,ליטר,false,0,9.20,6.13,true,1,
7290018471944,false,שוופס מוגז פירות לימונייד 1.5 ליטר פיקדון,יפאורה - שותפות מוגבלת לשיווק,IL,שוופס לימוניי,ליטרים,1.50,ליטר,false,0,9.20,6.13,true,1,
7290018471951,false,שוופס מוגז פירות אשכולית אדומה 1.5 ליטר פיקדון,יפאורה - שותפות מוגבלת לשיווק,IL,שוופס אשכולית,ליטרים,1.50,ליטר,false,0,9.20,6.13,true,1,
7290018493045,false,"קרם ידיים מועשר בשמן קוקוס ד""ר פישר 100 מ""ל","פישר תעשיות פרמבצטיות בע""מ",IL,קרם ידיים,מיליליטרים,100.00,"100 מ""ל",false,1,14.90,14.90,true,1,
7290018493144,false,קמיל קלין &נוריש אל סבון מועשר בשמן ארגן 1 ליטר,"פישר תעשיות פרמצביטות בע""מ",IL,אל סבון קמיל,מיליליטרים,1000.00,"100 מ""ל",false,1,15.90,1.59,true,1,
7290018493915,false,"ד""ר פישר - שמן גוף לתינוק מעושר בשמן שקדים 200 מ""ל",פישר תעשיות פרמצבטיות בעמ,IL,שמן גוף לתינוק,מיליליטרים,200.00,"100 מ""ל",false,1,16.90,8.45,true,1,
7290018507438,false,נתחי חזה עוף בציפוי פריך בטעם קלאסי 600,תנובה גליל שותפות מוגבלת,IL,שניצים נתחי חזה,גרמים,600.00,100 גרם,false,1,39.90,6.65,true,1,
7290018507445,false,רצועות חזה עוף בציפוי פריך בטעם קלאסי 60,תנובה גליל שותפות מוגבלת,IL,שניצים רצועות חז,גרמים,600.00,100 גרם,false,1,39.90,6.65,true,1,
7290018516331,false,פאוץ' פרינוק תפוח בננה ושיבולת שועל 120 גרם,גורי מוצרי צריכה (1991) בעמ,CZ,פרינוק,גרמים,120.00,100 גרם,false,1,5.90,4.92,true,1,
7290018516348,false,פאוץ' פרינוק סלט פירות ושיבולת שועל 120 גרם,גורי מוצרי צריכה (1991) בעמ,CZ,פרינוק,גרמים,120.00,100 גרם,false,1,5.90,4.92,true,1,
7290018516379,false,מחיט סלט פירות ושבולות שועל 190 ג' פרינוק גוניור,גורי מוצרי צריכה (1991) בעמ,CZ,פרינוק ארוחת סלט,גרמים,190.00,100 גרם,false,1,5.90,3.11,true,1,
7290018540817,false,ארטיזנל לחם מחמצת כוסמין אנג'ל 500 גרם,שלמה א. אנג`ל בעמ,IL,לחם מחמצת כוסמין,גרמים,500.00,100 גרם,false,1,18.90,3.78,true,1,
7290018540824,false,ארטיזנל לחם מחמצת כפרי אנג'ל 500 גרם,שלמה א. אנג`ל בעמ,IL,לחם מחמצת כפרי,גרמים,500.00,100 גרם,false,1,17.90,3.58,true,1,
7290018540831,false,ארטיזנל לחם מחמצת חיטה מלאה ודגנים אנג'ל 500 גרם,שלמה א. אנג`ל בעמ,IL,לחם מחמצת,גרמים,500.00,100 גרם,false,1,17.90,3.58,true,1,
7290018556252,false,רויאל ט.אשכולית אדומה750,פיירוואטר,IL,רויאל ט.אשכולית,מיליליטרים,750.00,"100 מ""ל",false,1,34.90,4.65,true,1,
7290018593004,false,פטה שקדים טבעי 200 גרם -פלנטי (חדש),פלנטי,IL,פטה שקדים טבעי,גרמים,200.00,100 גרם,false,1,29.90,14.95,true,1,
7290018593035,false,כמוצרלה קשיו 200 גרם - פלנטי (חדש),פלנטי,IL,כמוצרלה קשיו,גרמים,200.00,100 גרם,false,1,26.90,13.45,true,1,
7290018593110,false,רביולי גבינות שקדים וקשיו 400 גרם - פלנטי,,IL,רביולי גבינות,גרמים,400.00,100 גרם,false,1,38.90,9.73,true,1,
7290018652039,false,לה קרמריה קרמל מלוח ונוגט בדצ 6*1.4 ליטר,נגה גלידות שותפות מוגבלת,IL,להקרמריה קרמל מל,גרמים,700.00,100 גרם,false,1,18.90,2.70,true,1,
7290018652671,false,"לה קרמריה שוקולד וניל 1.4 ליטר [תו אי""ל]",נגה גלידות שותפות מוגבלת,IL,לה קרמריה שוקו ו,ליטרים,1.40,ליטר,false,1,18.90,13.50,true,1,
7290018652909,false,מאגדת מאגנום קפה שוקולד ופקאן 5 *43 ג' נסטלה,נגה גלידות שותפות מוגבלת,IL,מאגדת קפה שוקולד,גרמים,215.00,100 גרם,false,1,27.90,12.98,true,1,
7290018652923,false,מאגדת תות עוגת גבינה שוקולד 5 *43 ג' נסטלה,נגה גלידות שותפות מוגבלת,IL,מאגדת מסקרפונה,גרמים,215.00,100 גרם,false,1,27.90,12.98,true,1,
7290018703069,false,מאגדת חטיף חלבון עוגיות קראנצ 5*29 ג' פראוד,,NL,חטיפי פראוד 5 יח,גרמים,145.00,100 גרם,false,1,44.90,30.97,true,1,
7290018703083,false,פראוד חטיף חלבון דאבל שוקולד 60 גרם קראנץ,דיפלומט מפיצים (1968) בעמ**,NL,חטיף חלבון,גרמים,60.00,100 גרם,false,1,12.90,21.50,true,1,
7290018703496,false,פראוד - חטיף חלבון בטעם בננה טופי 60 גרם,דיפלומט מפיצים (1968) בעמ**,NL,חטיף חלבון,גרמים,60.00,100 גרם,false,1,12.90,21.50,true,1,
7290018720103,false,"אפיפיות וופל בטעם שוקו לל""ס הדר 250 גרם",רזיט שיווק בעמ,IL,אפיפיות ללא סוכר,גרמים,250.00,100 גרם,false,1,7.90,3.16,true,1,
7290018720110,false,מעדני המלך- יאמי עוגיות ממולאות בקרם אגוזים 30% 150 גרם,"הגביע מוצרי ופלים בע""\מ",IL,עוגיות יאמי,גרמים,150.00,100 גרם,false,1,6.90,4.60,true,1,
7290018732007,false,אבוקדו האס ארוז יחידה,ביכורי השדה צפון 1994 ג.ד. בעמ,,אבוקדו האס ארוז,יחידה,1.00,יחידה,false,0,11.90,11.90,true,1,
7290018752708,false,מארז שוקולתמר במילוי חמאת שקדים 120 גרם,,IL,שוקלדתמר מארז,גרמים,120.00,100 גרם,false,1,16.90,14.08,true,1,
7290018752722,false,מארז שוקולתמר במילוי חמאת בוטנים 120 גרם,,IL,שוקולדתמר מארז,גרמים,120.00,100 גרם,false,1,16.90,14.08,true,1,
7290018752739,false,שוקולדתמר+חמאת קוקוס120ג,,IL,שוקולדתמר מארז,גרמים,120.00,100 גרם,false,1,16.90,14.08,true,1,
7290018757000,false,מיץ רימונים אורגני עתיד ירוק 1 ליטר,,TR,מיץ רימונים,ליטרים,1.00,ליטר,false,1,22.90,22.90,true,1,
7290018757116,false,קמח שקדים עתיד ירוק 250 גרם,"אשבל פונקציות בע""מ",IL,קמח שקדים,גרמים,250.00,100 גרם,false,1,25.90,10.36,true,1,
7290018757222,false,בורגר פטריות טבעוני עתיד ירוק 375 גרם,"פרה מזון בע""\מ",IL,בורגר פטריות טבע,גרמים,375.00,100 גרם,false,1,21.90,5.84,true,1,
7290018757246,false,שווארמה טבעונית עתיד ירוק 400 גרם,פרה מזון בעמ,IL,שווארמה טבעונית,גרמים,400.00,100 גרם,false,1,21.90,5.48,true,1,
7290018757291,false,זרעי צ'יה לבנה 230 גרם,,PY,זרעי צ'יה לבנה,גרמים,230.00,100 גרם,false,1,19.90,8.65,true,1,
7290018757383,false,לחם קמח טף טבעוני 500 גר,אשבל בעמ,IL,לחם קמח טף,גרמים,500.00,100 גרם,false,1,22.90,4.58,true,1,
7290018757574,false,זרעי ציה 230 ג SUPER FOOD,,IL,זרעי צ'יה,גרמים,230.00,100 גרם,false,1,16.90,7.35,true,1,
7290018757710,false,אבקת קקאו אורגנית עתיד ירוק 100 גרם,,GH,אבקת קקאו אורגני,גרמים,100.00,100 גרם,false,1,14.90,14.90,true,1,
7290018792841,false,אבקת קקאו טבעי 150 גר` גאנה,תה ויסוצקי (ישראל) בעמ,IL,אבקת קקאו טבעי,גרמים,150.00,100 גרם,false,1,9.90,6.60,true,1,
7290018795842,false,שיני שום קלופות 500ג מרינה,קונס`-מרינה פטריות הגליל בעמ*ש,IL,שיני שום קלופות,גרמים,500.00,100 גרם,false,1,18.90,3.78,true,1,
7290018825020,false,תפוא לבן לאפייה דוד משה גורמה,תוצרת הנגב אגודה שיתופית חקלאי,IL,"תפו""א לבן גורמה",קילוגרמים,0.00,"ק""ג",true,1,6.90,6.90,true,1,
7290018825815,false,תפוח אדמהלבן בייבי גורמה,חבל מעון,IL,"תפו""א בייבי גורמ",קילוגרמים,0.00,"ק""ג",true,1,6.90,6.90,true,1,
7290018835005,false,אקסטרה צ'יפס אורז חום מלא מלח פלפל שמן זית 60 גרם,א.ל. ייצור ושיווק תבלינים בע`מ,BG,צ'יפס אורז חום,גרמים,60.00,100 גרם,false,1,6.90,11.50,true,1,
7290018857885,false,"חמאת בוטנים 1 ק""ג",,AR,חמאת בוטנים,קילוגרמים,1.00,"ק""ג",false,1,32.90,32.90,true,1,
7290018893005,false,"חטיפי בייגלה אפוי בטעם חרדל ודבש, 160 גרם",ש.שסטוביץ בעמ,RO,בייגלה חרדל ודבש,גרמים,160.00,100 גרם,false,1,6.90,4.31,true,1,
7290018893494,false,עלי וופל דקים בטעם חמאה צ'וקטה 100 גרם,דיסטרופר אוליבייר,NL,עלי וופל דקים,גרמים,100.00,100 גרם,false,1,9.90,9.90,true,1,
7290018893654,false,חטיפי בייגלה דקיקים ופריכים מלח צ'וקטה 200 ג',ש.שסטוביץ בעמ,RO,בייגלה + מלח,גרמים,200.00,100 גרם,false,1,6.90,3.45,true,1,
7290018893661,false,עוגות אישיות במילוי קרם קקאו ציפוי בטעם שוקולד מריר,"פרדי קונדיטוריה אס,פי.אי",IT,עוגות אישיות,גרמים,240.00,100 גרם,false,1,13.90,5.79,true,1,
7290018893852,false,חטיפי בייגלה דקיקים ופריכים שומשום צ'וקטה 200 ג',ש. שסטוביץ בע`מ,RO,בייגלה עם שומשום,גרמים,200.00,100 גרם,false,1,6.90,3.45,true,1,
7290018921203,false,"קמיל בלו קרם החתלה קמומיל 120 ג' ד""ר פישר",פישר תעשיות פרמבצטיות בעמ,IL,קרם החתלה קמומיל,גרמים,120.00,100 גרם,false,1,15.90,13.25,true,1,
7290018921609,false,"ד""ר פישר - קמיל בלו קרם החתלה קלנדולה 120 גרם","פישר תעשיות פרמצבטיות בע""מ",IL,קמיל בלו ק החתלה,גרמים,120.00,100 גרם,false,1,15.90,13.25,true,1,
7290018921753,false,קמיל אל סבון היגייני לניקוי יסודי מועשר בלחות 1 ליטר,פישר תעשיות פרמצבטיות בעמ,IL,אל סבון קמיל,ליטרים,1.00,ליטר,false,1,15.90,15.90,true,1,
7290018921807,false,"קמיל בלו משחת החתלה צמחי מרפא 120 ג' ד""ר פישר","פישר תעשיות פרמצבטיות בע""מ",IL,קמיל בלו משחה,גרמים,120.00,100 גרם,false,1,15.90,13.25,true,1,
7290018925065,false,מיץ תפוזים סחוט פרימור (2 ליטר),שטראוס גרופ בעמ/מצונן,IL,מיץ תפוזים סחוט,ליטרים,2.00,ליטר,false,1,26.90,13.45,true,1,
7290018925072,false,פרימור טרי מיץ לימונים עם נענע 2 ליטר,שטראוס גרופ בעמ/מצונן,IL,משקה קל לימונים,ליטרים,2.00,ליטר,false,1,26.90,13.45,true,1,
7290018925089,false,"מיץ פרימור תפו""ע צלול סחוט 2 ליטר-",שטראוס גרופ בעמ/מצונן,IL,מיץ תפוחי עץ,ליטרים,2.00,ליטר,false,1,26.90,13.45,true,1,
7290018949023,false,גרופר משקה קל מוגז אורגני לימוננדה 330 מ,טחנת האבן קואופ בעמ,PL,משקה מוגז לימון,מיליליטרים,330.00,"100 מ""ל",false,1,9.50,2.88,true,1,
7290018989128,false,סירופ בטעם ענבים יכין 1 ליטר,זנלכול יכין,IL,סירופ בטעם ענבים,ליטרים,1.00,ליטר,false,1,19.90,19.90,true,1,
7290018989135,false,סירופ 1 ליטר פטל יכין ליטר,זנלכול יכין,IL,סירופ בטעם פטל,ליטרים,1.00,ליטר,false,1,19.90,19.90,true,1,
7290019014614,false,"מרכך כביסה בלו 900 מ""ל",סאסא טק,IL,מרכך כביסה בלו,מיליליטרים,900.00,"100 מ""ל",false,1,19.90,2.21,true,1,
7290019014621,false,"מרכך כביסה לגונה 900 מ""ל",סאסא טק,IL,מרכך כביסה לגונה,מיליליטרים,900.00,"100 מ""ל",false,1,19.90,2.21,true,1,
7290019014638,false,מרכך כביסה פרש וויט 900,סאסא טק,IL,מרכך כביסה פרש,מיליליטרים,900.00,"100 מ""ל",false,1,19.90,2.21,true,1,
7290019014645,false,"מסיר כתמים טנקס 500 מ""ל",סאסא טק,IL,מסיר כתמים TNX,מיליליטרים,500.00,"100 מ""ל",false,1,24.90,4.98,true,1,
7290019014652,false,מרכך כביסה בייבי לאב900מ,סאסא טק,IL,מרכך כביסה בייבי,מיליליטרים,900.00,"100 מ""ל",false,1,23.90,2.66,true,1,
7290019014669,false,ג'ל לכביסה צבעונית 1.35ל,סאסא טק,IL,ג'ל לכביסה ירוק,ליטרים,1.35,ליטר,false,1,29.90,22.15,true,1,
7290019014676,false,ג'ל לכביסה לבנה 1.35 ל,סאסא טק,IL,ג'ל לכביסה לבנה,ליטרים,1.35,ליטר,false,1,29.90,22.15,true,1,
7290019014683,false,נוזל רצפות פרדייס 1.35 ל,סאסא טק,IL,נוזל לרצפות,ליטרים,1.35,ליטר,false,1,24.90,18.44,true,1,
7290019014706,false,נוזל רצפות פרש וויט1.35ל,סאסא טק,IL,נוזל רצפות פרש,ליטרים,1.35,ליטר,false,1,24.90,18.44,true,1,
7290019014737,false,"מבשם בדים ביץ קלאב500מ""ל",סאסא טק,IL,מבשם בדים קלאב,מיליליטרים,500.00,"100 מ""ל",false,1,19.90,3.98,true,1,
7290019014751,false,ניקוי כלים24% פלאוור750מ,סאסא טק,IL,ניקוי כלים 24%,מיליליטרים,750.00,"100 מ""ל",false,1,14.90,1.99,true,1,
7290019014768,false,"ניקוי כלים 24% 750מ""ל",סאסא טק,IL,ניקוי כלים 24%,מיליליטרים,750.00,"100 מ""ל",false,1,14.90,1.99,true,1,
7290019014782,false,מרסס אקונומיקה לבנדר750מ,סאסא טק,IL,מרסס אקונומיקה,מיליליטרים,750.00,"100 מ""ל",false,1,14.90,1.99,true,1,
7290019014799,false,מסיר אבנית לאמבטיה 750 מ,סאסא טק,IL,קצף מסיר אבנית,מיליליטרים,750.00,"100 מ""ל",false,1,14.90,1.99,true,1,
7290019014805,false,"מרסס מנקה ריפודים 500מ""ל",סאסא טק,IL,מרסס מנקה ריפוד,מיליליטרים,500.00,"100 מ""ל",false,1,24.90,4.98,true,1,
7290019014812,false,"מרסס מנטרל ריחות 500 מ""ל",סאסא טק,IL,מרסס מנטרל ריחות,מיליליטרים,500.00,"100 מ""ל",false,1,19.90,3.98,true,1,
7290019014843,false,תרסיס לניקוי חלונות400מל,סאסא טק,IL,תרסיס לחלונות,מיליליטרים,400.00,"100 מ""ל",false,1,19.90,4.98,true,1,
7290019014867,false,"תרסיס מסיר דיו+דבק400מ""ל",סאסא טק,IL,תרסיס מסיר דיו,מיליליטרים,400.00,"100 מ""ל",false,1,26.90,6.73,true,1,
7290019014874,false,נוזל רצפות אוריאנטל1.35ל,סאסא טק,IL,נוזל רצפות,ליטרים,1.35,ליטר,false,1,24.90,18.44,true,1,
7290019014898,false,רדיד אלומיניום 30 מטר רו,,IL,רדיד אלומיניום,מטרים,30.00,מטר,false,1,39.90,1.33,true,1,
7290019014904,false,ניילון נצמד 150/45 מטר,,CN,ניילון נצמד,מטרים,150.00,מטר,false,1,41.90,0.28,true,1,
7290019014935,false,תבנית אלומיניום עבה רוסט,,IL,תבנית אלומינום ר,יחידה,1.00,יחידה,false,1,14.90,14.90,true,1,
7290019014942,false,תבנית אלומיניום רוסטר מ,,IL,תבנית אלומינום ר,יחידה,1.00,יחידה,false,1,14.90,14.90,true,1,
7290019014959,false,תבנית אלומיניום עבה דגם,,IL,תבנית אלומינום ל,יחידה,1.00,יחידה,false,1,14.90,14.90,true,1,
7290019014973,false,מבשם בדים בייבי לאב500מ,סאסא טק,IL,מבשם בדים בייבי,מיליליטרים,500.00,"100 מ""ל",false,1,19.90,3.98,true,1,
7290019031741,false,"סוכר לבן 1 ק""ג",פולסקי,PL,סוכר לבן,קילוגרמים,1.00,"ק""ג",false,1,4.60,4.60,true,1,
7290019056003,false,שוופס מוגז פירות 1.5 ליטר רביעייה לימוני,"יפאורה תבורי בע""\מ",IL,שוופס למונ1.5*4ל,ליטרים,6.00,ליטר,false,0,32.20,5.37,true,1,
7290019056027,false,שוופס מוגז פירות תפוחים ללא סוכר 1.5 ליטר פיקדון,יפאורה - שותפות מוגבלת לשיווק,IL,שוופס ללא סוכ,ליטרים,1.50,ליטר,false,0,8.70,5.80,true,1,
7290019056034,false,שוופס מוגז פירות אננס ללא סוכר 1.5 ליטר פיקדון,יפאורה - שותפות מוגבלת לשיווק,IL,שוופס אננס,ליטרים,1.50,ליטר,false,0,8.70,5.80,true,1,
7290019056041,false,שוופס מוגז פירות לימונייד ללא סוכר 1.5 ליטר פיקדון,יפאורה - שותפות מוגבלת לשיווק,IL,שוופס למונייד,ליטרים,1.50,ליטר,false,0,8.70,5.80,true,1,
7290019056058,false,שוופס מוגז עדין תפוח ליים 1.5 ליטר פיקדון,יפאורה - שותפות מוגבלת לשיווק,IL,שוופס מוגז תפוח,ליטרים,1.50,ליטר,false,0,8.70,5.80,true,1,
7290019056065,false,שוופס מוגז עדין פירות יער 1.5 ליטר פיקדון,יפאורה - שותפות מוגבלת לשיווק,IL,שוופס מוגז,ליטרים,1.50,ליטר,false,0,8.70,5.80,true,1,
7290019056072,false,שוופס מוגז עדין אננס 1.5 ליטר פיקדון,יפאורה - שותפות מוגבלת לשיווק,IL,שוופס מוגז עד,ליטרים,1.50,ליטר,false,0,8.70,5.80,true,1,
7290019056089,false,שוופס מוגז עדין ענבי ריזלינג 1.5 ליטר פיקדון,יפאורה - שותפות מוגבלת לשיווק,IL,שוופס מוגז,ליטרים,1.50,ליטר,false,0,8.70,5.80,true,1,
7290019056096,false,שוופס מוגז עדין אפרסק 1.5 ליטר פיקדון,יפאורה - שותפות מוגבלת לשיווק,IL,שוופס אפרסק,ליטרים,1.50,ליטר,false,0,8.70,5.80,true,1,
7290019056119,false,שוופס סודה 1.5 ליטר פיקדון,יפאורה שותפות מוגבלת לשיווק,IL,שוופס מי סודה,ליטרים,1.50,ליטר,false,0,3.70,2.47,true,1,
7290019056164,false,שוופס סודה 1.5 ליטר רביעייה פיקדון,יפאורה - שותפות מוגבלת לשיווק,IL,שוופס סודה1.5*4ל,ליטרים,6.00,ליטר,false,0,12.20,2.03,true,1,
7290019056171,false,שוופס סודה לימון 1.5 ליטר רביעייה פיקדון,יפאורה - שותפות מוגבלת לשיווק,IL,סודה לימון 1.5*4,ליטרים,6.00,ליטר,false,0,12.20,2.03,true,1,
7290019056188,false,מארז רביעיית סודה בטעם נענע ליים 1.5 ל' שוופס,יפאורה - שותפות מוגבלת לשיווק,IL,שוופס סודה1.5*4ל,ליטרים,6.00,ליטר,false,0,12.20,2.03,true,1,
7290019056201,false,מארז רביעיית סודה בטעם פירות יער 1.5 ל' שוופס,יפאורה - שותפות מוגבלת לשיווק,IL,שוופס סודה1.5*4ל,ליטרים,6.00,ליטר,false,0,12.20,2.03,true,1,
7290019056232,false,משקה מוגז בטעם ליים מוחיטו 1.5 ל' שוופס,יפאורה - שותפות מוגבלת לשיווק,IL,שוופס ליים מו,ליטרים,1.50,ליטר,false,0,9.20,6.13,true,1,
7290019056249,false,שוופס מים בטעמים ענבים 1.5 ליטר פיקדון,יפאורה - שותפות מוגבלת לשיווק,IL,מים בטעם ענבי,ליטרים,1.50,ליטר,false,0,8.30,5.53,true,1,
7290019056256,false,שוופס מים בטעמים תפוחים 1.5 ליטר פיקדון,יפאורה - שותפות מוגבלת לשיווק,IL,שוופס מים תפו,ליטרים,1.50,ליטר,false,0,8.30,5.53,true,1,
7290019056263,false,שוופס מים בטעמים אפרסק 1.5 ליטר פיקדון,יפאורה - שותפות מוגבלת לשיווק,IL,שוופס מים אפר,ליטרים,1.50,ליטר,false,0,8.30,5.53,true,1,
7290019056270,false,שוופס מים בטעמים פירות יער 1.5 ליטר פיקדון,יפאורה - שותפות מוגבלת לשיווק,IL,מים פירות יער,ליטרים,1.50,ליטר,false,0,8.30,5.53,true,1,
7290019056294,false,שוופס ג'ינג'ר אייל 1.5 ליטר פיקדון,יפאורה - שותפות מוגבלת לשיווק,IL,שוופס ג'ינג'ר,ליטרים,1.50,ליטר,false,0,12.20,8.13,true,1,
7290019056300,false,משקה בטעם ביטר לימון 1.5 ל' שוויפס,יפאורה - שותפות מוגבלת לשיווק,IL,שוופס ביטר לי,ליטרים,1.50,ליטר,false,0,12.20,8.13,true,1,
7290019056317,false,משקה בטעם ראשן 1.5 ל' שוופס,יפאורה - שותפות מוגבלת לשיווק,IL,שוופס ראש'ן,ליטרים,1.50,ליטר,false,0,12.20,8.13,true,1,
7290019056324,false,משקה בטעם טוניק 1.5 ל' שוופס,יפאורה - שותפות מוגבלת לשיווק,IL,שוופס מי טוני,ליטרים,1.50,ליטר,false,0,12.20,8.13,true,1,
7290019056331,false,שוופס טוניק ללא סוכר 1.5 ליטר פיקדון,יפאורה - שותפות מוגבלת לשיווק,IL,מי טוניק ל.סו,ליטרים,1.50,ליטר,false,0,11.90,7.93,true,1,
7290019056355,false,תפוזינה לימונדה מיקס לימונענע 1.5 ליטר,יפאורה - שותפות מוגבלת לשיווק,IL,תפוזינה לימונ,ליטרים,1.50,ליטר,false,0,8.50,5.67,true,1,
7290019056362,false,תפוזינה משקה קל ענבים 1.5 ליטר,יפאורה - שותפות מוגבלת לשיווק,IL,תפוזינה ענבים,ליטרים,1.50,ליטר,false,0,8.50,5.67,true,1,
7290019056379,false,משקה קל תפוזינה 1.5 ליטר תפוזים,יפאורה - שותפות מוגבלת לשיווק,IL,תפוזינה תפוזי,ליטרים,1.50,ליטר,false,0,8.50,5.67,true,1,
7290019056386,false,משקה קל תפוזינה 1.5 ליטר אשכוליות,יפאורה - שותפות מוגבלת לשיווק,IL,תפוזינה אשכול,ליטרים,1.50,ליטר,false,0,8.50,5.67,true,1,
7290019056393,false,משקה קל תפוזינה 1.5 ליטר תות בננה,יפאורה - שותפות מוגבלת לשיווק,IL,תפוזינה תות ב,ליטרים,1.50,ליטר,false,0,8.50,5.67,true,1,
7290019056409,false,תפוזינה משקה קל מנגו עסיסי1.5ליטר,יפאורה - שותפות מוגבלת לשיווק,IL,תפוזינה מנגו,ליטרים,1.50,ליטר,false,0,8.50,5.67,true,1,
7290019056416,false,מיץ בטעם לימונדה ורודה 1.5 ל' תפוזינה,יפאורה - שותפות מוגבלת לשיווק,IL,תפוזינה לימונדה,ליטרים,1.50,ליטר,false,0,8.50,5.67,true,1,
7290019056423,false,תפוזינה משקה קל תפוח רענן 1.5ליטר,יפאורה - שותפות מוגבלת לשיווק,IL,תפוזינה תפוח,ליטרים,1.50,ליטר,false,0,8.50,5.67,true,1,
7290019056430,false,משקה קל תפוזינה 1.5 ליטר תפוזים לייט,יפאורה - שותפות מוגבלת לשיווק,IL,תפוזינה לייט,ליטרים,1.50,ליטר,false,0,7.90,5.27,true,1,
7290019056478,false,ספרינג טי קר אפרסק 1.5ליטר פיקדון,יפאורה - שותפות מוגבלת לשיווק,IL,ספרינג תה אפר,ליטרים,1.50,ליטר,false,0,8.10,5.40,true,1,
7290019056485,false,ספריג תה ירוק לימון לואיזה 1.5 ליטר פיקדון,יפאורה - שותפות מוגבלת לשיווק,IL,תה ספרינג ירו,ליטרים,1.50,ליטר,false,0,8.10,5.40,true,1,
7290019056508,false,פרוט ווטר ענבים 1.5 ליטר פיקדון,יפאורה - שותפות מוגבלת לשיווק,IL,פרוט ווטר ענב,ליטרים,1.50,ליטר,false,0,8.90,5.93,true,1,
7290019056515,false,פרוט ווטר אננס 1.5 ליטר פיקדון,יפאורה - שותפות מוגבלת לשיווק,IL,פרוט ווטר אננ,ליטרים,1.50,ליטר,false,0,8.90,5.93,true,1,
7290019056522,false,מים בטעם תות 1.5 ל' פרוט וואטר,יפאורה - שותפות מוגבלת לשיווק,IL,פרוט ווטר תות,ליטרים,1.50,ליטר,false,0,8.90,5.93,true,1,
7290019056539,false,fruit water פרוט ווטר אפרסק 1.5 ליטר-,יפאורה שותפות מוגבלת לשיווק,IL,פרוט ווטר אפר,ליטרים,1.50,ליטר,false,0,8.90,5.93,true,1,
7290019056546,false,fruit water פרוט ווטר אבטיח 1.5 ליטר-,יפאורה - שותפות מוגבלת לשיווק,IL,פרוט ווטר אבט,ליטרים,1.50,ליטר,false,0,8.90,5.93,true,1,
7290019056553,false,שישיית מים מינרלים עין גדי 2 ליטר,יפאורה - שותפות מוגבלת לשיווק,IL,מים עין גדי2*6ל,ליטרים,12.00,ליטר,false,0,13.30,1.11,true,1,
7290019056577,false,ספרינג קל מנגו 1.5 ליטר פיקדון,יפאורה - שותפות מוגבלת לשיווק,IL,ספרינג מנגו,ליטרים,1.50,ליטר,false,0,8.50,5.67,true,1,
7290019056584,false,משקה קל תפוזים ספרינג 1.5 ליטר,יפאורה - שותפות מוגבלת לשיווק,IL,ספרינג תפוזים,ליטרים,1.50,ליטר,false,0,8.50,5.67,true,1,
7290019056591,false,משקה קל ענבים ספרינג 1.5 ליטר,יפאורה - שותפות מוגבלת לשיווק,IL,ספרינג ענבים,ליטרים,1.50,ליטר,false,0,8.50,5.67,true,1,
7290019056607,false,משקה קל תפוחים ספרינג 1.5 ליטר,יפאורה - שותפות מוגבלת לשיווק,IL,ספרינג תפוחים,ליטרים,1.50,ליטר,false,0,8.50,5.67,true,1,
7290019056614,false,משקה קל אפרסק ספרינג 1.5 ליטר,יפאורה - שותפות מוגבלת לשיווק,IL,ספרינג אפרסק,ליטרים,1.50,ליטר,false,0,8.50,5.67,true,1,
7290019056621,false,משקה קל פירות טרופיים ספרינג 1.5 ליטר,יפאורה - שותפות מוגבלת לשיווק,IL,משקה ספרינג,ליטרים,1.50,ליטר,false,0,8.50,5.67,true,1,
7290019056638,false,משקה קל ספרינג 1.5 ליטר תות בננה,יפאורה - שותפות מוגבלת לשיווק,IL,ספרינג תות בנ,ליטרים,1.50,ליטר,false,0,8.50,5.67,true,1,
7290019056645,false,משקה קל ספרינג 1.5 ליטר אגס תפוח סברס,יפאורה - שותפות מוגבלת לשיווק,IL,משקה ספרינג,ליטרים,1.50,ליטר,false,0,8.50,5.67,true,1,
7290019056652,false,משקה קל ספרינג 1.5 ליטר אננס בננה,יפאורה - שותפות מוגבלת לשיווק,IL,ספרינג אננס ב,ליטרים,1.50,ליטר,false,0,8.50,5.67,true,1,
7290019056669,false,משקה קל ספרינג 1.5 ליטר תפוחים דיאט,יפאורה - שותפות מוגבלת לשיווק,IL,ספרינג תפוח ל,ליטרים,1.50,ליטר,false,0,7.90,5.27,true,1,
7290019056676,false,משקה קל אשכולית אננס דיאט ספרינג 1.5 ליטר,יפאורה - שותפות מוגבלת לשיווק,IL,ספרינג לייט,ליטרים,1.50,ליטר,false,0,7.90,5.27,true,1,
7290019056850,false,ספרינג תה אפרסק דיאט 1.5 ליטר פיקדון,יפאורה - שותפות מוגבלת לשיווק,IL,תה ספרינג דיא,ליטרים,1.50,ליטר,false,0,8.10,5.40,true,1,
7290019056973,false,מי עדן שישיה בק `1.5ליטר פיקדון,יפאורה - שותפות מוגבלת לשיווק,IL,מי עדן 1.5*6ל,ליטרים,9.00,ליטר,false,0,13.90,1.54,true,1,
7290019074090,false,"ד""ר פישר - קמיל בלו אקסטרה סופט אל סבון לתינוק 500 מ""ל","פישר תעשיות פרמצביטות בע""מ",IL,קמיל בלו אל סבון,מיליליטרים,500.00,"100 מ""ל",false,1,23.90,4.78,true,1,
7290019074885,false,"ד""ר פישר - קמיל בלו אקסטרה סופט קרם גוף לתינוק 500 מ""ל","פישר תעשיות פרמצביטות בע""מ",IL,קמיל בלו קרם גוף,מיליליטרים,500.00,"100 מ""ל",false,1,24.90,4.98,true,1,
7290019075479,false,"ד""ר פישר - קמיל בלו קלאסיק שמפו לתינוק 1 ליטר",פישר תעשיות פרמבצטיות בעמ,IL,שמפו לתינוק,ליטרים,1.00,ליטר,false,1,21.90,21.90,true,1,
7290019078784,false,אבקת קקאו אורגנית 400 גרם,"אלמונדס בע""מ",PE,אבקת קקאו אורגני,גרמים,400.00,100 גרם,false,1,31.90,7.98,true,1,
7290019153078,false,שוופס ביטר למון 1.5 לייט ליטר פיקדון,יפאורה - שותפות מוגבלת לשיווק,IL,שוופס ביטר למון,ליטרים,1.50,ליטר,false,1,11.90,7.93,true,1,
7290019153085,false,שוופס מוגז ליים מוחיטו ללא סוכר 1.5 ליטר-,יפאורה - שותפות מוגבלת לשיווק,IL,שוופס מוחיטו ללס,ליטרים,1.50,ליטר,false,1,8.90,5.93,true,1,
7290019153252,false,שוופס סודה תפוח 1.5 ליטר רביעייה פיקדון,יפאורה - שותפות מוגבלת לשיווק,IL,שוופס סודה 4 בק,ליטרים,6.00,ליטר,false,1,12.20,2.03,true,1,
7290019153269,false,שוופס סודה אננס 1.5 ליטר רביעייה פיקדון,יפאורה - שותפות מוגבלת לשיווק,IL,שוופס סודה 4 בק,ליטרים,6.00,ליטר,false,1,12.20,2.03,true,1,
7290019153313,false,"משקהתפוח חמוציות אוכמניות 350 מ""ל פרות & ווג",יפאורה - שותפות מוגבלת לשיווק,IL,משקה פרוט&וג',מיליליטרים,350.00,"100 מ""ל",false,1,7.60,2.17,true,1,
7290019153344,false,משקה קל תפוזינה 1.5 ליטר סנגרייה,יפאורה - שותפות מוגבלת לשיווק,IL,תפוזינה סנגרייה,ליטרים,1.50,ליטר,false,1,8.50,5.67,true,1,
7290019153351,false,משקה קל תפוזינה 1.5 ליטר פינק אוזו,יפאורה - שותפות מוגבלת לשיווק,IL,תפוזינה פינק,ליטרים,1.50,ליטר,false,1,8.50,5.67,true,1,
7290019153375,false,משקה קל תפוזינה 1.5 ליטר מוחיטו,יפאורה - שותפות מוגבלת לשיווק,IL,תפוזינה מוחיטו,ליטרים,1.50,ליטר,false,1,8.50,5.67,true,1,
7290019204206,false,עוף טוב פסטרמה בסגנון רומני 320 גרם,קבוצת אוסם סחר-שות.מוגבלת,IL,פסטרמה בסגנון ר,גרמים,320.00,100 גרם,false,1,24.90,7.78,true,1,
7290019204305,false,חזה הודו פסטרמה ברביקיו 350 גר',קבוצת אוסם סחר שותפות מוגבלת,IL,פסטרמה ברביקיו,גרמים,350.00,100 גרם,false,1,24.90,7.11,true,1,
7290019232094,false,חליטת פירות וצמחים אפרסק הגן הקסום ויסוצקי 25 יחידות,תה ויסוצקי (ישראל) בעמ,IL,חליטה בטעם אפרסק,גרמים,62.00,100 גרם,false,1,18.90,30.48,true,1,
7290019232155,false,"חליטת ""לילה טוב"" קמומיל לבנדר ו25 שקיקים ויסוצקי",תה ויסוצקי (ישראל) בעמ,IL,חליטת קמומיל,גרמים,50.00,100 גרם,false,1,23.90,47.80,true,1,
7290019232162,false,"חליטת ""לילה טוב"" קמומיל מליסה 25 שקיקים ויסוצקי",תה ויסוצקי (ישראל) בעמ,IL,חליטת קמומיל,גרמים,50.00,100 גרם,false,1,23.90,47.80,true,1,
7290019232186,false,תה ירוק לימונית לואיזהSTAY WELL 25 שקיקים ויסוצקי,תה ויסוצקי (ישראל) בעמ,IL,תה ירוק לימונית,גרמים,37.00,100 גרם,false,1,23.90,64.59,true,1,
7290019232407,false,תה ירוק נענע 25 שק5+שק,ויסוצקי,IL,תה ירוק נענע,גרמים,45.00,100 גרם,false,1,24.90,55.33,true,1,
7290019232803,false,הולגריין ביסקוויט+קרם חלב ושוקולד חלב 300 גרם רבנות,"אולקר ביסקווי סנאי, א.ס.",TR,ביסקוויט עם קרם,גרמים,300.00,100 גרם,false,1,11.90,3.97,true,1,
7290019232827,false,הולגריין ביסקוויט במילוי אגוזי לוז 300 גרם רבנות,"אולקר ביסקווי סנאי, א.ס.",TR,ביסקוויט עם קרם,גרמים,300.00,100 גרם,false,1,11.90,3.97,true,1,
7290019233008,false,רוטב עגבניות עם קוביות ארטישוק ושמן זית 420ג ויסוצקי,תה ויסוצקי (ישראל) בעמ,IT,רוטב לשקשוקה,גרמים,420.00,100 גרם,false,1,13.90,3.31,true,1,
7290019233039,false,רוטב עגבניות עם קוביות פלפלים ושמן זית 420ג' ויסוצקי,תה ויסוצקי (ישראל) בעמ,IT,רוטב לשקשוקה,גרמים,420.00,100 גרם,false,1,13.90,3.31,true,1,
7290019274056,false,נוזל רצפה בייבי לאב1.35ל,סאסא טק,IL,נוזל רצפה בייבי,ליטרים,1.35,ליטר,false,1,24.90,18.44,true,1,
7290019274087,false,"ארוסול קצף לאסלות 400מ""ל",סאסא טק,IL,ארוסול קצף ניקוי,מיליליטרים,400.00,"100 מ""ל",false,1,19.90,4.98,true,1,
7290019274117,false,"מרסס ניקוי נירוסטה500מ""ל",סאסא טק,IL,מנקה נירוסטה,מיליליטרים,500.00,"100 מ""ל",false,1,14.90,2.98,true,1,
7290019274261,false,"מבשם בדים לגון 500 מ""ל","סאסאטק אגש""\ח בע""\מ",IL,מבשם בדים לגון,מיליליטרים,500.00,"100 מ""ל",false,1,19.90,3.98,true,1,
7290019274278,false,מבשם בדים גרין פורסט500מ,"סאסאטק אגש""\ח בע""\מ",IL,מבשפ בדים פורסט,מיליליטרים,500.00,"100 מ""ל",false,1,19.90,3.98,true,1,
7290019274568,false,תרסיס לניקוי סירים 400מ,"סאסאטק אגש""\ח בע""\מ",IL,תרסיס קצף ניקוי,מיליליטרים,400.00,"100 מ""ל",false,1,19.90,4.98,true,1,
7290019297208,false,חטיף גרנולה עם פירות יבשים (5 יחידות) 175 גר',****דין שיווק וקליה 2021 בעמ,MK,חטיפי דגנים,גרמים,175.00,100 גרם,false,0,10.00,5.71,true,1,
7290019297215,false,"פולי סויה אדממה 1ק""ג",שקדיה,IL,פולי סויה אדממה,גרמים,1000.00,100 גרם,false,0,19.90,1.99,true,1,
7290019297222,false,פולי סויה אדממה 450גרם,שקדיה,IL,פולי סויה אדממה,גרמים,450.00,100 גרם,false,0,11.90,2.64,true,1,
7290019297420,false,מעדן תות שדה 100% רכיבי פרי 284 גר' ללא תוספת סוכר,דין שיווק וקליה 2021 בעמ,CN,מעדן תות שדה,גרמים,284.00,100 גרם,false,1,10.90,3.84,true,1,
7290019297437,false,מעדן אוכמניות 100% רכיבי פרי ללא תוספת,דין שיווק וקליה 2021 בעמ,CN,מעדן אוכמניות,גרמים,284.00,100 גרם,false,1,10.90,3.84,true,1,
7290019297444,false,פקאן טבעי 100גרם,שקדיה,IL,פקאן טבעי 100גרם,גרמים,100.00,100 גרם,false,1,16.90,16.90,true,1,
7290019297536,false,חמאת בוטנים עם שברי בוטנים שקדיה 510 גרם,דין שיווק וקליה 2021 בעמ,IN,חמאת בוטנים,גרמים,510.00,100 גרם,false,0,13.90,2.73,true,1,
7290019297543,false,חמאת בוטנים 510 גר` דין שיווק,דין שיווק וקליה 2021 בעמ,IN,חמאת בוטנים,גרמים,510.00,100 גרם,false,0,13.90,2.73,true,1,
7290019297550,false,בוטנים מטוגנים בקוספא 185 גרם,דין שיווק וקליה 2021 בעמ,IL,בוטנים מטוגנים,גרמים,185.00,100 גרם,false,0,9.90,5.35,true,1,
7290019297796,false,עלי גפן ממולאים אורז400ג,.,CN,עלי גפן ממולאים,גרמים,400.00,100 גרם,false,1,9.90,2.48,true,1,
7290019302315,false,יין ספארקלין אבטיח מלון 750 מל BUZZ,אגודת הכורמים בעמ,IL,באזז אבטיח מבעבע,מיליליטרים,750.00,"100 מ""ל",false,1,27.90,3.72,true,1,
7290019302377,false,"למברוסקו וילה אדום750מ""ל",ג'קובזי איי. אי פיגילי ג,IT,למברוסקו וילה,מיליליטרים,750.00,"100 מ""ל",false,1,29.90,3.99,true,1,
7290019302384,false,"למברוסקו וילה רוזה750מ""ל",ג'קובזי איי. אי פיגילי ג,IT,למברוסקו וילה,מיליליטרים,750.00,"100 מ""ל",false,1,29.90,3.99,true,1,
7290019302391,false,"למברוסקו וילה לבן 750מ""ל",,IT,למברוסקו וילה,מיליליטרים,750.00,"100 מ""ל",false,1,29.90,3.99,true,1,
7290019380344,false,"קולר ערק לימון 100*6 מ""ל",דודו הדיל,IL,קולר ערק לימון,מיליליטרים,600.00,"100 מ""ל",false,1,46.90,7.82,true,1,
7290100240144,false,בדין תרסיס למייבש הכביסה ורוד 500מל,יוניליוור ישראל שיווק בע`מ,IL,תרסיס למייבש,מיליליטרים,500.00,"100 מ""ל",false,0,16.90,3.38,true,1,
7290100240632,false,קרקר פתית 200-300ג' 6 דגנים 250 גרם,"יוניליוור ישראל שיווק בע""מ",IL,פתית 6 דגנים,גרמים,250.00,100 גרם,false,0,16.90,6.76,true,1,
7290100240656,false,"פתית שיפון בד""צ חדש 300X24 גר'",יוניליוור ישראל שיווק בע`מ,IL,פתית קרקר שיפון,גרמים,300.00,100 גרם,false,0,16.90,5.63,true,1,
7290100243671,false,"מרכך כביסה מרוכז אקסטרה כחול בדין 960 מ""ל",יוניליוור ישראל שיווק בע`מ,TR,מרכך כביסה בדין,מיליליטרים,960.00,"100 מ""ל",false,0,15.90,1.66,true,1,
7290100245231,false,נמס בכוס מרק בטעם עוף עם אטריות ושקדי מרק-2 שקיות,יוניליוור ישראל שיווק בע`מ,IL,נמס בכוס ט.עוף,גרמים,50.00,100 גרם,false,0,6.90,13.80,true,1,
7290100249659,false,"רוטב לעוף צ'ילי מתוק ושום קנור 320 גרם בד""צ","יוניליוור ישראל שיווק בע""מ",IL,רוטב לעוף,גרמים,320.00,100 גרם,false,0,10.90,3.41,true,1,
7290100412435,false,קוויק מטליות לחות 99.9% לניקוי כללי בריח פרחי בר 50 יחידות,שקד תבל בע`מ,IL,קוויק מגבונים,יחידה,1.00,יחידה,false,1,7.90,7.90,true,1,
7290100412763,false,"דר' עור תחליב רחצה קלאסי -לבנדר 700 מ""ל","אמיליה קוסמטיקס בע""מ",IL,תחליב רחצה,מיליליטרים,700.00,"100 מ""ל",false,1,16.90,2.41,true,1,
7290100412787,false,"ד""ר עור - תחליב רחצה קלאסי בניחוח פריחת הכותנה 700 מ""ל","אמיליה קוסמטיקס בע""מ",IL,תחליב רחצה,מיליליטרים,700.00,"100 מ""ל",false,1,16.90,2.41,true,1,
7290100412831,false,תחליב רחצה אנטי אייג'ינג בניחוח וניל טרופי,"אמיליה קוסמטיקס בע""מ",IL,תחליב רחצה,מיליליטרים,700.00,"100 מ""ל",false,1,16.90,2.41,true,1,
7290100653586,false,"דאודורנט ג'ל פרש פיוזן 24/7 ליידי ספיד סטיק 65 מ""ל",ליידי ספיד סטיק Lady Speed Stick,US,ליידי ס.סטיק24/7,גרמים,65.00,100 גרם,false,0,16.90,26.00,true,1,
7290100659090,false,פרי חטיפים ללא גלוטן ותוספת סוכר מארז 5 תמרים וקינמון,טבעית מוצרים מן הטבע בעמ,IL,חטיף FREE תמרים,גרמים,110.00,100 גרם,false,0,16.90,15.36,true,1,
7290100680667,false,מנה חמה נודלס בסגנון סצ`ואן אסם (76 גרם),קבוצת אוסם סחר שותפות מוגבלת,TH,מנה חמה נודלס,גרמים,76.00,100 גרם,false,0,5.90,7.76,true,1,
7290100680711,false,פירורית זהב אסם זהב 350ג',קבוצת אוסם סחר שותפות מוגבלת,IL,פירורית זהב אסם,גרמים,350.00,100 גרם,false,0,8.80,2.51,true,1,
7290100680728,false,פירורית רגילה שקית 350 גרם,קבוצת אוסם סחר שותפות מוגבלת,IL,פירורית אסם,גרמים,350.00,100 גרם,false,0,7.60,2.17,true,1,
7290100681015,false,אינסטנט פודינג בטעם ריבת חלב אסם 84 גרם,קבוצת אוסם סחר שותפות מוגבלת,IL,אינסטנט פודינג,גרמים,84.00,100 גרם,false,0,5.50,6.55,true,1,
7290100681138,false,מארז אפרופו חטיף תירס 3 יחידות,קבוצת אוסם סחר שותפות מוגבלת,IL,אפרופו 3יח במארז,גרמים,150.00,100 גרם,false,0,12.90,8.60,true,1,
7290100683880,false,פירה אסם ללא צורך בבישול 260 גרם,קבוצת אוסם סחר שותפות מוגבלת,IL,פירה אסם,גרמים,260.00,100 גרם,false,0,13.90,5.35,true,1,
7290100685136,false,"אבקת מרק טעם עוף 1 ק""ג 1/8 אסם",קבוצת אוסם סחר שותפות מוגבלת,IL,מרק טעם עוף,קילוגרמים,1.00,"ק""ג",false,0,14.90,14.90,true,1,
7290100685334,false,אבקת מרק עוף אמיתי בשרי רכיבים טבעיים אסם 400 גרם,קבוצת אוסם סחר שותפות מוגבלת,IL,מרק עוף אמיתי,גרמים,400.00,100 גרם,false,0,21.70,5.43,true,1,
7290100685341,false,אבקת מרק טעם עוף זך רכיבים טבעיים אסם 400 גרם,קבוצת אוסם סחר שותפות מוגבלת,IL,מרק טעם עוף,גרמים,400.00,100 גרם,false,0,15.80,3.95,true,1,
7290100686164,false,מארז מולטיפק ביסלי ברביקיו 6 יח 35 גר יח,קבוצת אוסם סחר שותפות מוגבלת,IL,ביסלי מארז 6 יח,גרמים,210.00,100 גרם,false,0,12.90,6.14,true,1,
7290100686171,false,מארז מולטיפק ביסלי גריל 6 יח 35 גר ליח,קבוצת אוסם סחר שותפות מוגבלת,IL,ביסלי מארז 6 יח,גרמים,210.00,100 גרם,false,0,12.90,6.14,true,1,
7290100689301,false,אבקת מרק בטעם עוף זך עדיף אסם 400 גרם,קבוצת אוסם סחר שותפות מוגבלת,IL,מרק בטעם עוף זך,גרמים,400.00,100 גרם,false,0,14.20,3.55,true,1,
7290100700006,false,"חיטה סוגת 1 ק""ג","סוגת תעשיות בע""\מ",IL,חיטה,קילוגרמים,1.00,"ק""ג",false,0,8.80,8.80,true,1,
7290100700020,false,גריסי פנינה סוגת (500 גרם),האי נאם סי או אל.טי.,IL,גריסי פנינה,גרמים,500.00,100 גרם,false,0,5.90,1.18,true,1,
7290100700075,false,פירורי לחם מוזהבים סוגת (200 גרם),"סוגת תעשיות בע""\מ",IL,פירורי לחם מוזהב,גרמים,200.00,100 גרם,false,0,3.90,1.95,true,1,
7290100700273,false,קינואה לבנה 500 ג סו,האי נאם סי או אל.טי.,IL,קינואה סוגת,גרמים,500.00,100 גרם,false,0,13.90,2.78,true,1,
7290100700327,false,"גריסי פנינה סוגת 1 ק""ג","סוגת תעשיות בע""\מ",IL,"גריסי פנינה 1ק""ג",קילוגרמים,1.00,"ק""ג",false,0,7.90,7.90,true,1,
7290100700372,false,"אורז בסגנון בסמטי מלא 1 ק""ג",האי נאם סי או אל.טי.,IL,אורז בסמטי מלא,קילוגרמים,1.00,"ק""ג",false,0,13.90,13.90,true,1,
7290100700389,false,"אורז אדום סוגת 1 ק""ג","סוגת תעשיות בע""\מ",IL,אורז אדום סוגת,קילוגרמים,1.00,"ק""ג",false,0,12.80,12.80,true,1,
7290100700396,false,"אורז יסמין קלאסי סוגת 1 ק""ג",האי נאם סי או אל.טי.,IL,אורז יסמין סוגת,קילוגרמים,1.00,"ק""ג",false,0,11.90,11.90,true,1,
7290100700419,false,"בורגול סוגת 1 ק""ג","סוגת תעשיות בע""\מ",IL,"בורגול 1 ק""ג",קילוגרמים,1.00,"ק""ג",false,0,7.90,7.90,true,1,
7290100700587,false,"בורגול ""סוגת"" 500 גרם",האי נאם סי או אל.טי.,IL,בורגול 500 גרם,גרמים,500.00,100 גרם,false,0,5.90,1.18,true,1,
7290100701157,false,אורז להכנת סושי סוגת (1 קג),"סוגת תעשיות בע""\מ",IL,אורז להכנת סושי,קילוגרמים,1.00,"ק""ג",false,0,11.90,11.90,true,1,
7290100701300,false,קינואה אדומה סוגת (500 גרם),"סוגת תעשיות בע""\מ",IL,קינואה אדומה,גרמים,500.00,100 גרם,false,0,12.90,2.58,true,1,
7290100701331,false,קמח רב תכליתי שטיבל קמח חיטה לבן בהיר,"שטיבל בע""\מ - טחנות קמח",IL,קמח רב תכליתי,קילוגרמים,1.00,"ק""ג",false,0,7.50,7.50,true,1,
7290100701454,false,בורגול דק גרישה סוגת (500 גרם),"סוגת תעשיות בע""\מ",IL,גרישה 500 גרם,גרמים,500.00,100 גרם,false,0,4.90,0.98,true,1,
7290100701577,false,קמח לחם קמח חיטה לבן שטיבל,טחנות קמח שטיבל באר שבע,IL,"קמח לחם 1 ק""ג",קילוגרמים,1.00,"ק""ג",false,0,7.50,7.50,true,1,
7290100701881,false,קמח פיצה ופוקצ'ה- קמח חיטה לבן בהיר שטיבל,"שטיבל בע""\מ - טחנת קמח",IL,קמח פיצה,קילוגרמים,1.00,"ק""ג",false,0,7.50,7.50,true,1,
7290100702383,false,"קמח תופח 1 ק""ג]סוגת[","שטיבל בע""\מ - טחנות קמח",IL,"קמח תופח 1 ק""ג",קילוגרמים,1.00,"ק""ג",false,0,7.50,7.50,true,1,
7290100702611,false,פתיתים אפויים אורז 500 גרם סוגת,"אסיף תעשיות מזון בע""\מ",IL,פתיתים סוגת,גרמים,500.00,100 גרם,false,0,4.90,0.98,true,1,
7290100702628,false,פתיתים אפויים קוסקוס סוגת 500 גרם,"אסיף תעשיות מזון בע""\מ",IL,פתיתים סוגת,גרמים,500.00,100 גרם,false,0,4.90,0.98,true,1,
7290100703007,false,"עדשים שחורות בלוגה 500 גרם ""סוגת""",האי נאם סי או אל.טי.,IL,עדשים שחורות,גרמים,500.00,100 גרם,false,1,8.90,1.78,true,1,
7290100703458,false,כוסמת לא קלויה 500ג סוגת*,"סוגת תעשיות בע""\מ",IL,כוסמת לא קלויה,גרמים,500.00,100 גרם,false,1,6.90,1.38,true,1,
7290100703861,false,"תערובת קסם לחלה ללא צורך בניפוי סוגת 1 ק""ג","שטיבל בע""\מ - טחנות קמח",IL,קמח קסם,קילוגרמים,1.00,"ק""ג",false,1,7.90,7.90,true,1,
7290100704493,false,קמח שמרים פיצה ללא צורך בניפוי 1 קג סוגת,"שטיבל בע""\מ - טחנת קמח",IL,קמח שמרים לפיצה,קילוגרמים,1.00,"ק""ג",false,1,8.90,8.90,true,1,
7290100704516,false,חומוס מיני סוגת (500 גרם),"סוגת תעשיות בע""\מ",IL,חומוס מיני,גרמים,500.00,100 גרם,false,1,5.90,1.18,true,1,
7290100704578,false,"קמח כוסמין לבן תופח סוגת 1 ק""ג","שטיבל בע""\מ - טחנת קמח",IL,קמח כוסמין לבן,קילוגרמים,1.00,"ק""ג",false,1,15.90,15.90,true,1,
7290100850916,false,דוריטוס חמוץ חריף מעודן 70 גרם כשר לפסח,"שטראוס פריטו ליי בע""\מ )",IL,דוריטוס חמוץ ח,גרמים,70.00,100 גרם,false,0,3.60,5.14,true,1,
7290100850923,false,חטיף תירס גריל דוריטוס (70 גרם),"שטראוס פריטו ליי בע""\מ )",IL,דוריטוס גריל,גרמים,70.00,100 גרם,false,0,3.60,5.14,true,1,
7290100850930,false,חטיף תירס בטעם טבעי דוריטוס (70 גרם),"שטראוס פריטו ליי בע""\מ )",IL,חטיף דוריטוס,גרמים,70.00,100 גרם,false,0,3.60,5.14,true,1,
7290100852606,false,קפה טורקי 100*4 גרם,שטראוס קפה בי.ויn\.,IL,קפה טורקי 4 יח,גרמים,400.00,100 גרם,false,0,30.90,7.73,true,1,
7290100858592,false,אבקת קקאו עלית שקית 150 ג',הנסיך- מפעל לייצור ט,IL,קקאו עלית,גרמים,150.00,100 גרם,false,0,9.90,6.60,true,1,
7290100858608,false,עלית אבקת קקאו כשלפ 500 גרם,שטראוס קפה בי.ויn\.,IL,קקאו עלית,גרמים,500.00,100 גרם,false,0,23.90,4.78,true,1,
7290100921401,false,"שמפו הוואי מועשר בקרטין 700מ""ל",טרופיקל דגיל,IL,שמפו הוואי,מיליליטרים,700.00,"100 מ""ל",false,0,9.90,1.41,true,1,
7290100921418,false,מרכך מועשר בקרטין הוואי (700 מל),תאי פרזידנט פוד פאבל,IL,מרכך הוואי,מיליליטרים,700.00,"100 מ""ל",false,0,9.90,1.41,true,1,
7290100921593,false,מנקה אסלה סוד 4 כדוריות לאסלה לימון נתלה 50 ג',גורי שיווק בעמ,RS,סבון אסלה סוד,גרמים,50.00,100 גרם,false,0,8.90,17.80,true,1,
7290100921609,false,סוד סבון לאסלה 4 כדוריות בניחוח אוקיינוס 50 ג',גורי שיווק בעמ,RS,סבון אסלה סוד,גרמים,50.00,100 גרם,false,0,8.90,17.80,true,1,
7290100924464,false,כדוריות סבון נתלה לאסלה עם אקונומיקה - 3 יח',גורי שיווק בעמ,HU,סבון אסלה 3 יח,גרמים,150.00,100 גרם,false,1,16.90,11.27,true,1,
7290100924631,false,מרכך כביסה מרוכז לבגדי תינוקות ובעלי עור רגיש,גורי שיווק בעמ,IL,סוד מרכךבייבי,מיליליטרים,900.00,"100 מ""ל",false,1,12.90,1.43,true,1,
7290100924693,false,סבון סוד 4 כדוריות מוצק כחול אקטיבי-אקנומיקה 50ג',גורי שיווק בעמ,HU,סבון אסלה סוד,גרמים,50.00,100 גרם,false,1,8.90,17.80,true,1,
7290100925669,false,דפים למניעת העברת צבע קולור קאצ`ר) (10,גורי שיווק בעמ,IE,דפי קולור קאצ'ר,יחידה,1.00,יחידה,false,1,13.90,13.90,true,1,
7290100925676,false,קולור קאצר 20 דפים לוכדי צבע למכונת כביס,גורי שיווק בעמ,IE,דפי קולור קאצ'ר,יחידה,1.00,יחידה,false,1,19.90,19.90,true,1,
7290100947968,false,מרלו טורס דה אספניה750מל,בומד,ES,מרלו,מיליליטרים,750.00,"100 מ""ל",false,1,42.90,5.72,true,1,
7290100947975,false,שרדונה טורס דה אספניה750,בומד,ES,שרדונה,מיליליטרים,750.00,"100 מ""ל",false,1,42.90,5.72,true,1,
7290101110811,false,מאגדת גלידל וניל מצופה סורבה פסיפלורה[8],פלקו בעמ חברה ישראלית,IL,גלידל פסיפלורה,גרמים,600.00,100 גרם,false,0,31.90,5.32,true,1,
7290101112228,false,מאגדת פופסיקל גלידל פרי אננס 8 יח`,פלקו בעמ חברה ישראלית,IL,מאגדת גלידל פרי,גרמים,640.00,100 גרם,false,48,23.90,3.73,true,1,
7290101112921,false,"גלידל פרי פירות טרופים לל""ס 8 יחידות",פלקו בעמ חברה ישראלית,IL,מאגדת גלידל פרי,גרמים,640.00,100 גרם,false,1,23.90,3.73,true,1,
7290101113157,false,מאגדת גלידל וניל עוגיות פלדמן 6 יחידות,"פלקו בע""\מ, חברה ישראלית",IL,מאגדת גלידל וניל,גרמים,312.00,100 גרם,false,1,25.90,8.30,true,1,
7290101113393,false,גלידה יופלה פריזי יוגורט פירות יער מאגדת 400 ג',פלקו בעמ חברה ישראלית,IL,מאגדת יוגורט פיר,גרמים,400.00,100 גרם,false,1,19.90,4.98,true,1,
7290101113409,false,גלידה יופלה פריזי יוגורט תות מאגדת 400 ג',פלקו בעמ חברה ישראלית,IL,מאגדת יוגורט תות,גרמים,400.00,100 גרם,false,1,19.90,4.98,true,1,
7290101113447,false,עשירייה גלידל מיני קסטה בטעמי שוקו ווניל 270 ג' פלדמן,פלקו בעמ חברה ישראלית,IL,גלידל מיני קסטה,גרמים,270.00,100 גרם,false,1,31.90,11.81,true,1,
7290101113454,false,מאגדת גלידל יוגורט אפרסק 8 יח 480 גרם,פלקו בעמ חברה ישראלית,IL,גלידל יוגורט אפר,גרמים,480.00,100 גרם,false,1,31.90,6.65,true,1,
7290101113591,false,מאגדת טילונים יולי 5 יחידות שוקולד לבן ועוגיות,פלקו בעמ חברה ישראלית,IL,מאגדת טילון יולו,גרמים,400.00,100 גרם,false,1,24.90,6.23,true,1,
7290101113751,false,מאגדת שלגון קרמל ושוקולד בלונדי רביעיה * 50 ג' יולו,פלקו בעמ חברה ישראלית,IL,מאגדת שלגון יולו,גרמים,200.00,100 גרם,false,1,19.90,9.95,true,1,
7290101113768,false,מאגדת שלגון עוגיות ושוקולד חלב רביעיה * 50 ג' יולו,פלקו בעמ חברה ישראלית,IL,מאגדת שלגון יולו,גרמים,200.00,100 גרם,false,1,19.90,9.95,true,1,
7290101113805,false,מאגדת (5) יופלה שייק פרי תות 70 אחוז פרי 350 גרם,פלקו בעמ חברה ישראלית,IL,מאגדת יופלה שייק,גרמים,350.00,100 גרם,false,1,19.90,5.69,true,1,
7290101113812,false,מאגדת יופלה שייק פרי אננס קוקוס פלדמן 5 יחידות,פלקו בעמ חברה ישראלית,IL,מאגדת יופלהשייק,גרמים,350.00,100 גרם,false,1,19.90,5.69,true,1,
7290101113904,false,מארז מנבו וניל 12 יח' פלדמן,פלקו בעמ חברה ישראלית,IL,מנבו וניל,גרמים,288.00,100 גרם,false,1,21.90,7.60,true,1,
7290101486688,false,חטיף דגנים עם שוקולד ללא גלוטן וסוכר פרי 5*20 גרם,טבעית מוצרים מן הטבע בעמ,IL,חטיף FREE 5 יח',גרמים,100.00,100 גרם,false,0,16.90,16.90,true,1,
7290101488286,false,"ליידי ספיד סטיק - דאודורנט ספריי לאישה 24/7 פרש פיוזן ורוד 150 מ""ל",ליידי ספיד סטיק Lady Speed Stick,RU,ליידי ספיד סטיק,מיליליטרים,150.00,"100 מ""ל",false,0,13.90,9.27,true,1,
7290101488316,false,ליידי ספיד סטיק - דאודורנט סטיק לאישה ללא סימן ורוד סטיק 65 גרם,ליידי ספיד סטיק Lady Speed Stick,US,ליידי ספיד סטיק,גרמים,65.00,100 גרם,false,0,16.90,26.00,true,1,
7290101488323,false,ליידי ספיד סטיק - דאודורנט סטיק לאישה ללא סימן ירוק סטיק 65 גרם,ליידי ספיד סטיק Lady Speed Stick,US,ליידי ספיד סטיק,גרמים,65.00,100 גרם,false,0,16.90,26.00,true,1,
7290101551027,false,קפסולות קפה אספרסו חזק במיוחד 14 עלית 10 יח',הנסיך- מפעל לייצור ט,IL,קפסולות מס' 14,גרמים,50.00,100 גרם,false,1,16.50,33.00,true,1,
7290101551263,false,סילאן טבעי 700 גרם יד מרדכי,"שטראוס גרופ בע""מ",IL,סילאן טבעי,גרמים,700.00,100 גרם,false,1,20.40,2.92,true,1,
7290101551300,false,סילאן טבעי ללא תוספת סוכר בקבוק לחיץ,מכוורת יד מרדכי שטראוס ב,IL,סילאן טבעי לחיץ,גרמים,380.00,100 גרם,false,1,14.90,3.92,true,1,
7290101551539,false,יוגורט PRO בטעם אפרסק 0% 20 גרם חלבון בגביע,שטראוס גרופ בעמ/מצונן,IL,דנונה פרו אפרסק,גרמים,200.00,100 גרם,false,1,5.90,2.95,true,1,
7290101551584,false,תפוצ'יפס קידס מארז 10 יח' * 20 ג',"שטראוס פריטו ליי בע""מ )פ",IL,תפוצ'יפס קידס10*,גרמים,200.00,100 גרם,false,1,12.90,6.45,true,1,
7290101551614,false,חטיף צ'יטוס קראנץ בטעם גבינה - מארז 8 יח',"שטראוס פריטו ליי בע""מ )פ",IL,צ'יטוס גבינה 8יח,גרמים,240.00,100 גרם,false,1,13.90,5.79,true,1,
7290101551638,false,חטיף צ'יטוס כאפה בטעם קטשופ - מארז 10 יח',"שטראוס פריטו ליי בע""מ )פ",IL,צ'יטוס כאפה 10יח,גרמים,200.00,100 גרם,false,1,12.90,6.45,true,1,
7290101581710,false,יין רזרב Reserve שיראז גליל,בנימינה Binyamina,IL,שיראז רזרב,מיליליטרים,750.00,"100 מ""ל",false,1,59.90,7.99,true,1,
7290101581734,false,יין רזרב Reserve מרלו גליל,בנימינה Binyamina,IL,מרלו רזרב,מיליליטרים,750.00,"100 מ""ל",false,1,59.90,7.99,true,1,
7290101863410,false,"סיליט באנג ספריי ניקוי עוצמתי מכיל אקונומיקה 750 מ""ל",רקיט בנקיזר (ניר איסט) בעמ,PL,סילים ספריי,מיליליטרים,750.00,"100 מ""ל",false,0,12.90,1.72,true,1,
7290101864127,false,ספריי להסרת כתמים וניש קליה (750 מל),רקיט בנקיזר (ניר איסט) בעמ,IL,קליה ספריי,מיליליטרים,750.00,"100 מ""ל",false,0,15.90,2.12,true,1,
7290101865261,false,נוזל הברקה למדיח כלים פיניש (800 מל),רקיט בנקיזר (ניר איסט) בעמ,PL,פיניש נוזל הברקה,מיליליטרים,800.00,"100 מ""ל",false,0,19.90,2.49,true,1,
7290101868958,false,פיניש נוזל הברקה למדיח בניחוח לימון,רקיט בנקיזר (ניר איסט) בעמ,PL,פיניש נוזל הברקה,מיליליטרים,800.00,"100 מ""ל",false,0,19.90,2.49,true,1,
7290101869726,false,ג'ל מרוכז למדיח הכל ב-1 פיניש 1 ליטר,רקיט בנקיזר (ניר איסט) בעמ,PL,פיניש ג'ל למדיח,ליטרים,1.00,ליטר,false,1,42.90,42.90,true,1,
7290101869733,false,פיניש ג'ל למדיח כלים בניחוח לימון 1 ליטר ALL IN 1,רקיט בנקיזר (ניר איסט) בעמ,PL,פיניש ג'ל למדיח,ליטרים,1.00,ליטר,false,1,42.90,42.90,true,1,
7290101869764,false,אירוויק מכשיר אוטומט+מילוי בניחוח חלום ליל קיץ,רקיט בנקיזר (ניר איסט) בעמ,CN,אירויק מכשיר,מיליליטרים,250.00,"100 מ""ל",false,1,39.90,15.96,true,1,
7290101869795,false,"אירוויק מילוי מבשם אויר אטומטי חלום ליל קיץ 250 מ""ל",רקיט בנקיזר (ניר איסט) בעמ,GB,אירוויק מילוי,מיליליטרים,250.00,"100 מ""ל",false,1,15.90,6.36,true,1,
7290101869832,false,"אירוויק מילוי מבשם אויר חשמלי חלום ליל קיץ 19 מ""ל",רקיט בנקיזר (ניר איסט) בעמ,CN,אירוויק מילוי,מיליליטרים,19.00,"100 מ""ל",false,1,16.90,88.95,true,1,
7290101869917,false,"אירוויק מילוי מבשם אויר אטומטי היער הקסום 19 מ""ל",רקיט בנקיזר (ניר איסט) בעמ,GB,אירוויק מילוי,מיליליטרים,250.00,"100 מ""ל",false,1,15.90,6.36,true,1,
7290102030330,false,תפוצ`יפס אקסטרא מקסיקני 200 גרם +20 תו,"שטראוס פריטו ליי בע""\מ )",IL,תפוצ'יפס,גרמים,200.00,100 גרם,false,0,9.90,4.95,true,1,
7290102031276,false,מארז 8 יחידות אקטימל משקה יוגורט בטעם תות בננה,שטראוס גרופ בעמ/מצונן,IL,אקטימל 8 יח,מיליליטרים,800.00,"100 מ""ל",false,0,20.90,2.61,true,1,
7290102060764,false,מארז זוג מברשות שיניים מרידול,יבואן ומשווק: ש. שסט,CH,2 מברשות שיניים,יחידה,1.00,יחידה,false,0,24.90,24.90,true,1,
7290102060979,false,אלמקס משחת שיניים למניעת עששת 100 מל,יבואן ומשווק: ש. שסט,PL,משחת שיניים,מיליליטרים,100.00,"100 מ""ל",false,0,13.90,13.90,true,1,
7290102062195,false,"משחת שיניים לילדים לגילאי 6-12 אלמקס 75 מ""ל",יבואן ומשווק: ש. שסט,PE,משחת אלמקס,מיליליטרים,75.00,"100 מ""ל",false,0,12.90,17.20,true,1,
7290102300822,false,גבינה צ'דר אנגלית כתומה 200 גרם,א. סיימן סחר בעמ,GB,גבינת צ'דר כתום,גרמים,200.00,100 גרם,false,0,24.90,12.45,true,1,
7290102302826,false,פילה דג סרדין בשמן זית 120 גר`רוברוט,רמירז אנד קה פילהאוס,PT,פילה סרדינים,גרמים,100.00,100 גרם,false,1,13.90,13.90,true,1,
7290102303878,false,אלוויר חמאת נורמנדי 200 גרם,א.סיימן סחר בעמ,FR,חמאה גורמה אלויר,גרמים,200.00,100 גרם,false,1,18.90,9.45,true,1,
7290102392254,false,"חלב בקרטון 1% 2 ליטר בד""צ - מוצר בפיקוח",*החברה המרכזית להפצת משקאותבעמ,IL,חלב 1% בקרטון,ליטרים,2.00,ליטר,false,0,11.72,5.86,true,1,
7290102393268,false,"גבינה לבנה 5% שומן, רכיבים טבעיים 750 גרם",*החברה המרכזית להפצת משקאותבעמ,IL,גבינה לבנה 5%,גרמים,750.00,100 גרם,false,0,14.94,1.99,true,1,
7290102395521,false,"שמנת לבישול 15% שומן 500 מ""ל טרה",החברה המרכזית טלהפצת משקאות בע,IL,שמנת לבישול,מיליליטרים,500.00,"100 מ""ל",false,0,16.20,3.24,true,1,
7290102398065,false,חלב טרה בקרטון 2 ליטר מהדרין 3% - מוצר בפיקוח,*החברה המרכזית להפצת משקאותבעמ,IL,חלב 3% בקרטון,ליטרים,2.00,ליטר,false,1,12.46,6.23,true,1,
7290103120658,false,דאודורנט ספיד סטיק גל שחור 85 גרם,הנסיך- מפעל לייצור ט,US,דאודורנט,גרמים,85.00,100 גרם,false,0,16.90,19.88,true,1,
7290103124588,false,"סבון נוזלי ארומה בניחוח לבנדר פטצ'ולי פלמוליב 750 מ""ל",הנסיך- מפעל לייצור ט,TR,סבון פלמוליב,מיליליטרים,750.00,"100 מ""ל",false,0,19.90,2.65,true,1,
7290103124601,false,"תחליב רחצה נוזל חלב ודבש משאבה 750מ""ל פלמוליב",הנסיך- מפעל לייצור ט,TR,סבון פלמוליב,מיליליטרים,750.00,"100 מ""ל",false,0,19.90,2.65,true,1,
7290103126797,false,"משחת שיניים סנסטיב פרו ריליף קולגייט 75 מ""ל",הנסיך- מפעל לייצור ט,BR,משחת קולגייט,מיליליטרים,75.00,"100 מ""ל",false,0,19.90,26.53,true,1,
7290103129378,false,ספיד סטיק - דאודורנט ג'ל לגבר איקס 5 85 גרם,הנסיך- מפעל לייצור ט,US,דאו. ספיד סטיק,גרמים,85.00,100 גרם,false,0,15.00,17.65,true,1,
7290103129392,false,ליידי ספיד סטיק פרש אסנס פרח הפרזיה סטיק 65 גר,ליידי ספיד סטיק Lady Speed Stick,US,ליידי ספיד סטיק,גרמים,65.00,100 גרם,false,0,16.90,26.00,true,1,
7290103129637,false,בלונס פדים אובליים להסרת איפור 40 יחידות,הנסיך- מפעל לייצור ט,GR,בלונס פרים,יחידה,1.00,יחידה,false,0,7.90,7.90,true,1,
7290103156930,false,כוסות יהלום חד פעמי,פאלאס תעשיות נטו (2014) בעמ,TR,כוס יהלום,יחידה,1.00,יחידה,false,1,9.90,9.90,true,1,
7290103400194,false,כרוב לבן 400 ג בדצ ירקות שטראוס טעם הטבע,שטראוס בריאות ירקות טריי,IL,כרוב לבן 400גרם,גרמים,400.00,100 גרם,false,0,9.90,2.48,true,1,
7290103400231,false,גזר גוליאן 400גר שטראוס טעם הטבע,ביכורי השדה הצפון בעמ` 1964,IL,"גזר 400גרם בד""צ",גרמים,400.00,100 גרם,false,0,8.90,2.23,true,1,
7290103400255,false,סלט קולסלאו 400 ג בדצ ירקות שטראוס טעם ה,שטראוס בריאות ירקות טריי,IL,סלט קולסלאו,גרמים,400.00,100 גרם,false,0,8.90,2.23,true,1,
7290103401429,false,קפה קצב ברזילאי אוריגינס 200 גר,הנסיך- מפעל לייצור ט,IL,קפה פלטינום,גרמים,200.00,100 גרם,false,0,21.90,10.95,true,1,
7290103681197,false,"יין הר שיראז מיתוג תנשמת 750 מ""ל",*החברה המרכזית להפצת משקאותבעמ,IL,יין שיראז הר,מיליליטרים,750.00,"100 מ""ל",false,1,35.90,4.79,true,1,
7290103681203,false,"יין מלכיה 750 מ""ל",יקב תבור,IL,יין מלכיה,מיליליטרים,750.00,"100 מ""ל",false,1,199.00,26.53,true,1,
7290103681241,false,"יין הר מוסקטו מיתוג תנשמת 750 מ""ל",*החברה המרכזית להפצת משקאותבעמ,IL,מוסקטו הר תבור,מיליליטרים,750.00,"100 מ""ל",false,1,35.90,4.79,true,1,
7290103681364,false,"קברנה סוביניון 750מ""ל תבור אדמה",*החברה המרכזית להפצת משקאותבעמ,IL,קברנה תבור,מיליליטרים,750.00,"100 מ""ל",false,1,59.50,7.93,true,1,
7290103681371,false,תבור קברנה סובניון 750 מ`ל,*החברה המרכזית להפצת משקאותבעמ,IL,מרלו תבור,מיליליטרים,750.00,"100 מ""ל",false,1,59.50,7.93,true,1,
7290103681395,false,"יין טיפסי לבן יקבי תבור 750 מ""ל",מיוצר על ידי יקב תבור,IL,יין טיפסי לבן,מיליליטרים,750.00,"100 מ""ל",false,1,29.90,3.99,true,1,
7290103681623,false,"יין הר מוסקטו רוזה יקבי תבור 750 מ""ל",יקבי תבור,IL,הר מוסקטו רוזה,מיליליטרים,750.00,"100 מ""ל",false,1,35.90,4.79,true,1,
7290103704957,false,מגבות נייר 3 שכבות ענק3ג,,IL,מגבות 3גלילי ענק,מטרים,57.00,מטר,false,1,19.90,0.35,true,1,
7290103704964,false,נייר טואלט 3 שכבות 9 גל,,IL,נייר טואלט 9 גל,מטרים,277.00,מטר,false,1,32.90,0.12,true,1,
7290104061417,false,סלט חומוס עם טחינה אחלה 400 גרם,שטראוס גרופ בעמ/מצונן,IL,חומוס טחינה אחלה,גרמים,400.00,100 גרם,false,0,10.90,2.73,true,1,
7290104061431,false,סלט חומוס עם צנובר אחלה 400 גרם,שטראוס גרופ בעמ/מצונן,IL,חומוס צנובר אחלה,גרמים,400.00,100 גרם,false,0,10.90,2.73,true,1,
7290104061448,false,סלט חומוס עם חריף אחלה 400 גרם,שטראוס גרופ בעמ/מצונן,IL,חומוס חריף אחלה,גרמים,400.00,100 גרם,false,0,10.90,2.73,true,1,
7290104062599,false,מארז 8 יחידות מעדן גמדים בטעמי תות ובננה,שטראוס גרופ בעמ/מצונן,IL,גמדים תות בננה,גרמים,800.00,100 גרם,false,0,18.90,2.36,true,1,
7290104066566,false,סלט טחינה שומשום מלא 500גר אחלה,שטראוס גרופ בעמ/מצונן,IL,טחינה אחלה 500גר,גרמים,500.00,100 גרם,false,0,14.90,2.98,true,1,
7290104068539,false,מאסט פליפטופ מלון ואבטיח ללא גרעינים,שטראוס גרופ בע`מ,IL,מסטיק מאסט,גרמים,28.00,100 גרם,false,0,4.30,15.36,true,1,
7290104500572,false,אפרופו חטיף תירס איטליאנו אסם 50 גרם,קבוצת אוסם סחר-שות.מוגבלת,IL,אפרופו איטליאנו,גרמים,50.00,100 גרם,false,0,5.00,10.00,true,1,
7290104504228,false,מיני דובונים אסם 100 גרם מארז 5 יחידות,קבוצת אוסם סחר-שות.מוגבלת,IL,מיני דובונים 5יח,גרמים,100.00,100 גרם,false,0,13.90,13.90,true,1,
7290104508943,false,במבה חטיף בוטנים אסם 200 גרם,קבוצת אוסם סחר-שות.מוגבלת,IL,במבה חטיף בוטנים,גרמים,200.00,100 גרם,false,0,8.90,4.45,true,1,
7290104721953,false,לקט מסולסלים 350 גרם שטראוס טעם הטבע,שטראוס בריאות ירקות טריי,IL,לקט מסולסלים350ג,גרמים,350.00,100 גרם,false,0,12.90,3.69,true,1,
7290104722530,false,תפוצ'יפס בטעם שמנת בצל עלית 200 גרם,"שטראוס פריטו ליי בע""\מ )",IL,תפוצ'יפס שמנת,גרמים,200.00,100 גרם,false,0,9.90,4.95,true,1,
7290104726262,false,רביעייה מעדן דני שוקולד דיסני לבנים 125 גרם,שטראוס גרופ בעמ/מצונן,IL,דני שלוק 4 יח,גרמים,500.00,100 גרם,false,0,10.90,2.18,true,1,
7290104726712,false,מארז 8 יחידות מעדן מילקי בטעם שוקולד עם קצפת,שטראוס גרופ בעמ/מצונן,IL,מארז מילקי 8 יח',ליטרים,1.36,ליטר,false,0,19.90,14.63,true,1,
7290104728310,false,"שמנת מתוקה עמידה 38% שומן ""יטבתה"" -מוצר בפיקוח",שטראוס גרופ בעמ/מצונן,IL,שמנת לקצפת 38%,גרמים,250.00,100 גרם,false,0,6.47,2.59,true,1,
7290104960239,false,תחליב רחצה בניחוח קמומיל נקה (7507 מל),טרופיקל דגיל תעשיות קוסמ,IL,תחליב רחצה נקה 7,מיליליטרים,750.00,"100 מ""ל",false,0,9.90,1.32,true,1,
7290104960246,false,נקה 7 ארומה תחליב רחצה ורד יסמין 750 מ,טרופיקל דגיל תעשיות קוסמ,IL,תחליב רחצה נקה 7,מיליליטרים,750.00,"100 מ""ל",false,0,9.90,1.32,true,1,
7290104960253,false,נקה 7 ארומה תחליב רחצה לבנדר ענוג 750,החברה הדרומית לשיווק בעמ,IL,תחליב רחצה נקה 7,מיליליטרים,750.00,"100 מ""ל",false,0,9.90,1.32,true,1,
7290104961243,false,"נקה 7 תחליב רחצה מגע קטיפה קוקוס ליים 750 מ""ל",טרופיקל דגיל תעשיות קוסמ,IL,תחליב רחצה,מיליליטרים,750.00,"100 מ""ל",false,0,9.90,1.32,true,1,
7290104961250,false,"נקה 7 תחליב רחצה מגע קטיפה וניל מאסק 750 מ""ל",טרופיקל דגיל תעשיות קוסמ,IL,תחליב רחצה נקה,מיליליטרים,750.00,"100 מ""ל",false,0,9.90,1.32,true,1,
7290104961526,false,דאודורנט ספריי גוף טיטניום קלאסיק Titanium Classic,החברה הדרומית לשיווק בעמ,IL,טיטניום ספריי,מיליליטרים,150.00,"100 מ""ל",false,0,12.90,8.60,true,1,
7290104961878,false,"שמפו לשיער קרטין אינטנס פורמולה 400 מ""ל נטורל",החברה הדרומית לשיווק בעמ,IL,שמפו קרטין,מיליליטרים,400.00,"100 מ""ל",false,0,29.90,7.48,true,1,
7290104961885,false,מרכך קרטין טהור לשיער שעבר החלקה או עיצוב בחום,החברה הדרומית לשיווק בעמ,IL,מרכך קרטין,מיליליטרים,400.00,"100 מ""ל",false,0,29.90,7.48,true,1,
7290104961892,false,מסכת קרטין טהור לשיער שעבר החלקה או עיצוב בחום,החברה הדרומית לשיווק בעמ,IL,מסכת קרטין,מיליליטרים,350.00,"100 מ""ל",false,0,40.00,11.43,true,1,
7290104961908,false,נ.פורמולה קרטין אינטנס סרום לשיער 145 מל,נטורל פורמולה Natural Formula,IL,סרום קרטין,מיליליטרים,145.00,"100 מ""ל",false,0,50.00,34.48,true,1,
7290104962073,false,דאודורנט ספריי גוף טיטניום גולד Titanium Gold,החברה הדרומית לשיווק בעמ,IL,דאו.טיטניום,מיליליטרים,180.00,"100 מ""ל",false,0,14.90,8.28,true,1,
7290104962110,false,"קרליין - נושם דאודורנט ספריי לבנות 150 מ""ל",החברה הדרומית לשיווק בעמ,IL,ספריי נושם,מיליליטרים,200.00,"100 מ""ל",false,0,11.90,5.95,true,1,
7290104962134,false,דאודורנט קרליין רול און נושם לנערות ללא אלומיניום,החברה הדרומית לשיווק בעמ,IL,רול און נושם,מיליליטרים,75.00,"100 מ""ל",false,0,12.90,17.20,true,1,
7290104962684,false,"קרליין - נושם דאודורנט רול און לאישה ללא אלומיניום 75 מ""ל",מיוצר עי : אמיליה קוסמטי,IL,דאו.קרליין,מיליליטרים,75.00,"100 מ""ל",false,0,12.90,17.20,true,1,
7290104962707,false,קרליין 25 מגבונים להסרת איפור דיספנסר,קרליין,IL,מגבונים לפנים,יחידה,1.00,יחידה,false,1,12.90,12.90,true,1,
7290104962868,false,"מסכת אמפולה לטיפול אינטנסיבי לשיער יבש, צבוע ופגום",נטורל פורמולה Natural Formula,IL,מסכת אמפולה,מיליליטרים,350.00,"100 מ""ל",false,1,40.00,11.43,true,1,
7290104962882,false,"קרליין - סבון פנים עם מברשת ניקוי 150 מ""ל","קוסמופארם בע""\מ.",IL,סבון פנים מקציף,מיליליטרים,150.00,"100 מ""ל",false,1,44.90,29.93,true,1,
7290104963001,false,סופטקר מגבונים לחים רביעייה בניחוח עדין,החברה הדרומית לשיווק בעמ,IL,מגבונים סופטקר,יחידה,1.00,יחידה,false,1,16.90,16.90,true,1,
7290104963018,false,סופטקר מגבונים לחים רביעייה ללא בישום,החברה הדרומית לשיווק בעמ,IL,מגבונים סופטקר,יחידה,1.00,יחידה,false,1,16.90,16.90,true,1,
7290104963216,false,סופטקר - אל סבון עדין לתינוק לעור רגיש 1 ליטר,החברה הדרומית לשיווק בעמ,IL,סופטקר אל סבון,ליטרים,1.00,ליטר,false,1,19.90,19.90,true,1,
7290104963223,false,סופטקר - אל סבון עדין לתינוק לעור רגיש 1 ליטר,החברה הדרומית לשיווק בעמ,IL,סופטקר אל סבון,ליטרים,1.00,ליטר,false,1,19.90,19.90,true,1,
7290104964084,false,"קרליין - מולטי אפקט קרם יום 50 מ""ל 25SPF",@@@ החב הדרומית לשיווק בעמ,IL,EFFECT MULTI קרם,מיליליטרים,50.00,"100 מ""ל",false,1,49.90,99.80,true,1,
7290104964091,false,"קרליין מולטי אפקט - קרם לילה 50 מ""ל",@@@ החב הדרומית לשיווק בעמ,IL,קרם לילה,מיליליטרים,50.00,"100 מ""ל",false,1,49.90,99.80,true,1,
7290104964213,false,"קרליין - פילינג פנים לניקוי עמוק 150 מ""ל",@@@ החב הדרומית לשיווק בעמ,IL,פילינג לפנים,מיליליטרים,150.00,"100 מ""ל",false,1,34.90,23.27,true,1,
7290104964916,false,קרליין - מגבונים להסרת איפור דו פאזי 25 יח',קוסמופארם,IL,מגבוני דו פזי פח,יחידה,1.00,יחידה,false,1,12.90,12.90,true,1,
7290105360250,false,קפסולות 09 עשיר וארומטי למכונת נספרסו עלית 10יח',הנסיך- מפעל לייצור ט,IL,קפסולות קפה,גרמים,50.00,100 גרם,false,0,16.50,33.00,true,1,
7290105360328,false,קפסולות אספרסו חזק למכונות נספרסו 10 יח',הנסיך- מפעל לייצור ט,IL,קפסולות מס' 10,גרמים,50.00,100 גרם,false,0,16.50,33.00,true,1,
7290105360335,false,קפסולות אספרסו למכונות נספרסו 50 גר,הנסיך- מפעל לייצור ט,IL,קפסולות מס' 7,גרמים,50.00,100 גרם,false,0,16.50,33.00,true,1,
7290105360755,false,"שמן זית 3 חזק 750 מ""ל יד מרדכי",מכוורת יד מרדכי שטראוס ב,IL,שמו זית 3 חזק,מיליליטרים,750.00,"100 מ""ל",false,0,33.90,4.52,true,1,
7290105362339,false,"שמנת לבישול 15% 250 מ""ל יטבתה מהדרין",שטראוס גרופ בעמ/מצונן,IL,שמנת לבישול 15%,מיליליטרים,250.00,"100 מ""ל",false,0,8.40,3.36,true,1,
7290105363602,false,מקלות כיף כף קלאסי עלית (40 גרם),שולן צ'\יקולטה גידה סאן.,TR,כיף כף מקלות,גרמים,40.00,100 גרם,false,0,4.80,12.00,true,1,
7290105364289,false,מקלות כיף כף פצפוצים עלית 40 גרם,שולן צ'\יקולטה גידה סאן.,TR,כיף כף מקלות,גרמים,40.00,100 גרם,false,0,4.80,12.00,true,1,
7290105364302,false,"עלית חטיף שוקולד כיף כף מקלות אגוזים, 40 גרם",שולן צ'\יקולטה גידה סאן.,TR,כיף כף מקלות,גרמים,42.00,100 גרם,false,0,4.80,11.43,true,1,
7290105364678,false,"אקטיביה משקה יוגורט בטעם אפרסק שטראוס 250 מ""ל",שטראוס גרופ בעמ/מצונן,IL,משקה אקטיביה,מיליליטרים,250.00,"100 מ""ל",false,0,5.00,2.00,true,1,
7290105366023,false,סלט חצילים בטעם כבד אחלה 400 גרם,שטראוס גרופ בעמ/מצונן,IL,חציל בטעם כבד,גרמים,400.00,100 גרם,false,0,15.90,3.98,true,1,
7290105366047,false,טחינה לבנה אחלה (400 גרם),שטראוס גרופ בעמ/מצונן,IL,טחינה לבנה,גרמים,400.00,100 גרם,false,0,15.90,3.98,true,1,
7290105366993,false,סימפוניה גבינת שמנת פלפל שיפקה 5% שטראוס 200 גרם,שטראוס גרופ בעמ/מצונן,IL,סימפוניה פלפל,גרמים,200.00,100 גרם,false,0,11.00,5.50,true,1,
7290105368331,false,מעדן מילקי בטעם תות עם קצפת,שטראוס גרופ בעמ/מצונן,IL,מילקי טעם תות,מיליליטרים,170.00,"100 מ""ל",false,0,2.90,1.71,true,1,
7290105368904,false,"שמנת מתוקה להקצפה 32% שומן 250 מ""ל יוטבתה",שטראוס גרופ בעמ/מצונן,IL,שמנת מתוקה32%,מיליליטרים,250.00,"100 מ""ל",false,0,7.60,3.04,true,1,
7290105368928,false,שמנת חמוצה יטבתה %9 200 מל גביע מהדרין,שטראוס גרופ בעמ/מצונן,IL,שמנת 9% יטבתה,מיליליטרים,200.00,"100 מ""ל",false,0,3.10,1.55,true,1,
7290105369130,false,סימפוניה גבינת שמנת בצל ירוק 5% שטראוס 200 גרם,שטראוס גרופ בעמ/מצונן,IL,גבינת סימפוניה,גרמים,200.00,100 גרם,false,0,11.00,5.50,true,1,
7290105430458,false,"פלמוליב - תחליב רחצה נטורלס שקדים 750 מ""ל",הנסיך- מפעל לייצור ט,TR,סבון פלמוליב,מיליליטרים,750.00,"100 מ""ל",false,0,19.90,2.65,true,1,
7290105433985,false,ליידי ספיד סטיק פרש אסנס פריחת הדובדבן סטיק 65 גר,ליידי ספיד סטיק Lady Speed Stick,US,ליידי ספיד סטיק,גרמים,65.00,100 גרם,false,0,16.90,26.00,true,1,
7290105434029,false,"ספיד סטיק - דאודורנט ספריי לגבר נוטרו פאואר 150 מ""ל",הנסיך- מפעל לייצור ט,RU,דאו. ספיד סטיק,מיליליטרים,150.00,"100 מ""ל",false,0,13.90,9.27,true,1,
7290105434050,false,ספיד סטיק - דאודורנט סטיק לגבר XL ירוק רגיולר 85 גרם,קולגייט פלמוליב,US,דאו. ספיד סטיק,יחידה,1.00,יחידה,false,0,16.90,16.90,true,1,
7290105434067,false,ספיד סטיק - דאודורנט סטיק לגבר XL אושן סרף 85 גרם,קולגייט פלמוליב,US,דאו. ספיד סטיק,יחידה,1.00,יחידה,false,0,16.90,16.90,true,1,
7290105436382,false,חטיף פרי תמרים קשיו ללא תוספת סוכר וגלוטן 5 יח,טבעית מוצרים מן הטבע בעמ,IL,חטיפי FREE,גרמים,125.00,100 גרם,false,0,16.90,13.52,true,1,
7290105438546,false,קוקי נייר אפייה פרימיום 40 יח',ש. שסטוביץ בע`מ,IL,קוקי נייר אפיה,יחידה,1.00,יחידה,false,0,9.90,9.90,true,1,
7290105439499,false,מאסטר שף מאסטר שף מיונז 480 גר כשלפ,רמיה סי.וי. הולנד,NL,מיונז מאסטר שף,גרמים,481.00,100 גרם,false,1,11.90,2.47,true,1,
7290105439505,false,מאסטר שף קרם בטעם מיונז לייט 479 גר כשלפ,רמיה סי.וי. הולנד,NL,ממרח מופחת,גרמים,521.00,100 גרם,false,1,11.90,2.28,true,1,
7290105439581,false,מנה מאסטר שף חרדל דיזיון צרפתי 370 גר,רמיה סי.וי.הולנד,FR,חרדל דיז'ון,גרמים,370.00,100 גרם,false,1,11.90,3.22,true,1,
7290105470645,false,מזון יבש לחתול סופר קט7ק,,FR,מזון סופר קט,קילוגרמים,7.00,"ק""ג",false,0,128.90,18.41,true,1,
7290105474124,false,"מזון לכלבים בונזו מזון כלבים בשר 12 ק""ג מחולק",דיפלומט מפיצים (1968) בעמ**,FR,בונזו מחולק 12קג,קילוגרמים,12.00,"ק""ג",false,0,118.90,9.91,true,1,
7290105479679,false,"בונזו בקר וכבד 12ק""ג מחולק",דיפלומט מפיצים (1968) בעמ**,FR,בונזו בקר וכבד,קילוגרמים,12.00,"ק""ג",false,1,118.90,9.91,true,1,
7290105500151,false,וודקה פינלנדיה רגיל 700,"אלטיה קורפ, הלסינקי,",FI,וודקה פינלנדיה,מיליליטרים,700.00,"100 מ""ל",false,0,57.90,8.27,true,1,
7290105500236,false,וויסקי ג'ק דניאלס מס' 7 Brand No,ג'ק דניאלס Jack Daniel's,US,וויסקי ג'ק דניאל,מיליליטרים,700.00,"100 מ""ל",false,0,119.90,17.13,true,1,
7290105691224,false,אסם חטיפי פריכונים טורטייה שום בצל 60 גרם,קבוצת אוסם סחר-שות.מוגבלת,IL,קריספי טורטיה,גרמים,60.00,100 גרם,false,0,7.50,12.50,true,1,
7290105691248,false,אסם חטיפי פריכונים טורטייה תירס 60 גרם,קבוצת אוסם סחר שותפות מוגבלת,IL,קריספי טורטיה,גרמים,60.00,100 גרם,false,0,7.50,12.50,true,1,
7290105691934,false,קמח שמרים אסם 1 קילו,קבוצת אוסם סחר שותפות מוגבלת,IL,"קמח שמרים 1 ק""ג",קילוגרמים,1.00,"ק""ג",false,0,9.90,9.90,true,1,
7290105693341,false,מארז עשיריית במבה אסם 25*10 גרם,קבוצת אוסם סחר שותפות מוגבלת,IL,במבה 10 יח,גרמים,250.00,100 גרם,false,0,14.90,5.96,true,1,
7290105694928,false,אבקת מרק בצל רכיבים טבעיים אסם 220 גרם,קבוצת אוסם סחר שותפות מוגבלת,IL,מרק בצל,גרמים,220.00,100 גרם,false,0,16.90,7.68,true,1,
7290105962331,false,סחוג תימני אדום חריף מאוד זהבי הכרם 220 גרם,שטראוס גרופ בעמ/מצונן,IL,סחוג חריף זהבי,גרמים,220.00,100 גרם,false,0,11.50,5.23,true,1,
7290105963864,false,חזרת אחלה שטראוס 220,שטראוס גרופ בעמ/מצונן,IL,חזרת אחלה,גרמים,220.00,100 גרם,false,0,12.90,5.86,true,1,
7290105964564,false,חומוס אחלה 400 גרם. שטראוס,שטראוס גרופ בעמ/מצונן,IL,סלט חומוס אחלה,גרמים,400.00,100 גרם,false,1,8.50,2.13,true,1,
7290105965738,false,יוגורט לשתיה בטעם תות בננה267 ג' דנונה,שטראוס גרופ בעמ/מצונן,IL,דנונה לשתיה,גרמים,267.00,100 גרם,false,0,5.00,1.87,true,1,
7290105966469,false,חומץ בלסמי ממודנה יד מרדכי (250 מל),אצטייה ג'וזפה קרמוני,IT,חומץ בלסמי,גרמים,250.00,100 גרם,false,0,14.70,5.88,true,1,
7290105968098,false,"סלט קולסלאו 500 גרם ""אחלה""",שטראוס גרופ בעמ/מצונן,IL,סלט קולסלאו אחלה,גרמים,500.00,100 גרם,false,0,15.90,3.18,true,1,
7290105968654,false,רביולי עם בטטה פרווה שטראוס (400 גרם),שטראוס גרופ בעמ/מצונן,IL,רביולי בטטה 400ג,גרמים,400.00,100 גרם,false,0,19.90,4.98,true,1,
7290105968777,false,פריכיות 5 דגנים עם תחתית שוקולד מריר 70 גרם,"טחנת האבן תעשיות בע""",IL,פריכיות + שוקולד,גרמים,70.00,100 גרם,false,0,7.90,11.29,true,1,
7290106410091,false,סוכ. גומי בצורת דובי500ג,טופגאם,IL,סוכריות גומי,גרמים,500.00,100 גרם,false,0,14.90,2.98,true,1,
7290106509818,false,48פלטינום נורמל קוואטרו,פרוקטר אנד גמבל,DE,תחבושות אולווייז,יחידה,1.00,יחידה,false,1,32.90,32.90,true,1,
7290106520066,false,"רבע לשבע שוקולד חלב במילוי אגוזים עלית 160 גרם בד""צ","הגביע מוצרי וופלים בע""\מ",IL,רבע לשבע 160 גרם,גרמים,160.00,100 גרם,false,0,10.90,6.81,true,1,
7290106520288,false,יוגורט פרו חלבון עם תות 2.4% שומן 150 ג' דנונה,שטראוס גרופ בעמ/מצונן,IL,דנונה WOW תות,גרמים,150.00,100 גרם,false,1,4.90,3.27,true,1,
7290106520813,false,תפוצ'יפס בטעם טבעי 50*6ג,"שטראוס פריטו ליי בע""\מ )",IL,תפוצ'יפס 6 יח,גרמים,300.00,100 גרם,false,0,14.90,4.97,true,1,
7290106520905,false,סלט טורקי אחלה (400 גרם),שטראוס גרופ בעמ/מצונן,IL,סלט טורקי,גרמים,400.00,100 גרם,false,0,15.90,3.98,true,1,
7290106520912,false,שמנת לבישול 9% שומן 258גר מהדרין יטבתה,שטראוס גרופ בעמ/מצונן,IL,שמנת לבישול 9%,מיליליטרים,250.00,"100 מ""ל",false,0,8.40,3.36,true,1,
7290106521049,false,אחלה טעמי השוק קוביות סלק 400 גר,שטראוס גרופ בעמ/מצונן,IL,סלט קוביות סלק,גרמים,400.00,100 גרם,false,0,15.90,3.98,true,1,
7290106524439,false,חטיף פופס תפוצ`יפס (60 גרם),"שטראוס פריטו ליי בע""\מ )",IL,תפוצ'יפס פופס,גרמים,60.00,100 גרם,false,1,4.00,6.67,true,1,
7290106525320,false,אבקת שוקולית לאפייה קופסא 500ג' עלית,הנסיך- מפעל לייצור ט,IL,שוקולית לאפיה,גרמים,500.00,100 גרם,false,0,15.50,3.10,true,1,
7290106525399,false,קפסולות 06 ברזיל למכונות נספרסו עלית 10יח',הנסיך- מפעל לייצור ט,IL,קפסולות קפה,גרמים,50.00,100 גרם,false,1,16.50,33.00,true,1,
7290106526822,false,פריכיות אורז חום מלא תחתית שוקולד חלב 80 גרם,"טחנת האבן תעשיות בע""",IL,פריכיות,גרמים,80.00,100 גרם,false,0,7.90,9.88,true,1,
7290106528567,false,חטיף תירס גריל דוריטוס (185 גרם),"שטראוס פריטו ליי בע""\מ )",IL,דוריטוס גריל,גרמים,185.00,100 גרם,false,1,7.40,4.00,true,1,
7290106528628,false,חטיף תירס בטעם טבעי דוריטוס (185 גרם),"שטראוס פריטו ליי בע""\מ )",IL,דוריטוס Dippas,גרמים,185.00,100 גרם,false,1,7.40,4.00,true,1,
7290106528949,false,סלט ערוגות שטראוס 450 גר`-טעם הטבע,ביכורי השדה הצפון בעמ` 1964,IL,לקט ערוגות,גרמים,450.00,100 גרם,false,0,12.90,2.87,true,1,
7290106572027,false,קרקר לחמית חמישה דגנים אסם (190 גרם),קבוצת אוסם סחר-שות.מוגבלת,IL,לחמית 5 דגנים,גרמים,190.00,100 גרם,false,0,9.50,5.00,true,1,
7290106572959,false,אפרופו חטיף קלאסי 5חי*25גר,קבוצת אוסם סחר שותפות מוגבלת,IL,אפרופו 5 יח,גרמים,125.00,100 גרם,false,0,12.50,10.00,true,1,
7290106574793,false,עוגת הבית בטעם שוקו-שוקוצ'יפס 350 ג' אסם,קבוצת אוסם סחר שותפות מוגבלת,IL,עוגת הבית,גרמים,350.00,100 גרם,false,0,11.90,3.40,true,1,
7290106574977,false,בייגלה שטוחים טבעות עם מלח אסם (300 גרם),קבוצת אוסם סחר שותפות מוגבלת,IL,בייגלה שטוחים,גרמים,300.00,100 גרם,false,0,10.90,3.63,true,1,
7290106575257,false,עוגת הבית סופלה בטעם שוקולד 340 ג' אסם,קבוצת אוסם סחר שותפות מוגבלת,IL,עוגת סופלה הבית,גרמים,340.00,100 גרם,false,0,11.90,3.50,true,1,
7290106575332,false,פתיתים אפויים פלוס בורגול 400 ג' אסם,קבוצת אוסם סחר שותפות מוגבלת,IL,פתיתים פלוס,גרמים,400.00,100 גרם,false,0,6.90,1.73,true,1,
7290106576537,false,חומוס מסעדה צבר (700 גרם),קבוצת אוסם סחר שותפות מוגבלת,IL,חומוס מסעדה צבר,גרמים,700.00,100 גרם,false,0,10.90,1.56,true,1,
7290106576797,false,"לה קרמריה גלידת וניל איטלקי כשל""פ 1.4ל'",נגה גלידות שותפות מוגבלת,IL,לה קרמריה וניל,ליטרים,1.40,ליטר,false,0,18.90,13.50,true,1,
7290106576834,false,גלידה לה קרמריה פונטש בננה1.4 ל' נסטלה,נגה גלידות שותפות מוגבלת,IL,לה קרמריה,ליטרים,1.40,ליטר,false,0,18.90,13.50,true,1,
7290106576919,false,"לה קרמריה סורבה תות לימו 1.4 ליטר כשל""פ",נגה גלידות שותפות מוגבלת,IL,לח קרמריה,ליטרים,1.40,ליטר,false,0,18.90,13.50,true,1,
7290106576971,false,גלידה לה קרמריה שוקולד בלגי 1.4 ל' נסטלה,נגה גלידות שותפות מוגבלת,IL,לה קרמריה,ליטרים,1.40,ליטר,false,0,18.90,13.50,true,1,
7290106576995,false,גלידה סורבה לה קרמריה תות מנגו לייט 1.4 ל' נסטלה,נגה גלידות שותפות מוגבלת,IL,לה קרמריה לייט,ליטרים,1.40,ליטר,false,0,18.90,13.50,true,1,
7290106577039,false,גלידה לה קרמריה שוקו וניל פליק 1.4 ל' נסטלה,נגה גלידות שותפות מוגבלת,IL,לא קרמריה,ליטרים,1.40,ליטר,false,0,18.90,13.50,true,1,
7290106652996,false,כיף כף מקלות קוקוס חלבי 40 גר',סולן בעבור שטראוס,TR,כיף כף מקלות,יחידה,1.00,יחידה,false,0,4.80,4.80,true,1,
7290106653689,false,לקט לסלט אסייתי 350 גר`-טעם הטבע,ביכורי השדה הצפון בעמ` 1964,IL,לקט לסלט אסייאתי,גרמים,350.00,100 גרם,false,1,10.90,3.11,true,1,
7290106654099,false,מילקי CAKE עוגות אישיות במילוי קרם חלב,בובארד איטליה אס.פי.איי,IT,מילקי קייק 8 יח',גרמים,272.00,100 גרם,false,1,20.00,7.35,true,1,
7290106656727,false,"עוגיות חיוכים שוקולד עלית 600 גרם בד""צ","אפיפית נצרת (1971) בע""\מ",IL,חיוכים שוקולד,גרמים,600.00,100 גרם,false,0,17.90,2.98,true,1,
7290106660410,false,"רביולי תרד וגבינה 400 גרם ""שטראוס""",שטראוס גרופ בעמ/מצונן,IL,רביולי תרד גבינה,גרמים,400.00,100 גרם,false,0,19.90,4.98,true,1,
7290106663558,false,"רוטב טריאקי ורימון יד מרדכי 280מ""ל",אף.סי תבליני בגליל ב,IL,רוטב טריאקי,גרמים,320.00,100 גרם,false,1,12.90,4.03,true,1,
7290106664067,false,לאבנה עם שמן זית וזעתר 10% שטראוס 400 ג',שטראוס גרופ בעמ/מצונן,IL,לאבנה שמן זית,גרמים,400.00,100 גרם,false,1,15.10,3.78,true,1,
7290106664555,false,"רוטב שמנת עם עגבניות 9% שומן 250 מ""ל יוטבתה",שטראוס גרופ בעמ/מצונן,IL,רוטב שמנת,מיליליטרים,250.00,"100 מ""ל",false,1,10.90,4.36,true,1,
7290106664562,false,רוטב שמנת עם פטריות 9% שומן 258 ג' יוטבתה,שטראוס גרופ בעמ/מצונן,IL,רוטב שמנת פטריות,מיליליטרים,250.00,"100 מ""ל",false,1,10.90,4.36,true,1,
7290106667266,false,חטיף תירס חמוץ חריף דוריטוס (185 גרם),"שטראוס פריטו ליי בע""\מ )",IL,דוריטוס,גרמים,185.00,100 גרם,false,1,7.40,4.00,true,1,
7290106668577,false,"מיץ לימון טבעי 250 מ""ל ""יד מרדכי""",האי נאם סי או אל.טי.,IT,מיץ לימון,גרמים,250.00,100 גרם,false,1,7.80,3.12,true,1,
7290106668713,false,יוגורט עם פירות יער 3% שומן 150 ג' דנונה,שטראוס גרופ בעמ/מצונן,IL,דנונה פירות יער,גרמים,150.00,100 גרם,false,1,3.90,2.60,true,1,
7290106669857,false,קפסולות אספרסו בטעם וניל עלית 10 יחידות,הנסיך- מפעל לייצור ט,IL,קפסולות וניל,גרמים,50.00,100 גרם,false,1,16.50,33.00,true,1,
7290106720626,false,חטיף תירס בטעם גבינה צ`יטוס (80 גרם),"שטראוס פריטו ליי בע""\מ )",IL,ציטוס גבינה,גרמים,80.00,100 גרם,false,1,4.50,5.63,true,1,
7290106721913,false,מסטיק מאסט MUST ללא סוכר בטעם מנטה מרעננת,שטראוס גרופ בע`מ,IL,מסטיק מרעננת,גרמים,66.00,100 גרם,false,1,9.90,15.00,true,1,
7290106721920,false,צנצנת מסטיק מאסט בטעם ספירמינט עדין 66 ג' עלית,"שטראוס גרופ בע""\מ.",IL,מסטיק ספירמינט,גרמים,66.00,100 גרם,false,1,9.90,15.00,true,1,
7290106725874,false,"סירופ מייפל טבעי 236 מ""ל ""יד מרדכי""","שטראוס גרופ בע""מ",CA,סירופ מייפל,מיליליטרים,236.00,"100 מ""ל",false,1,36.90,15.63,true,1,
7290106726178,false,יוגורט PRO עם פירות יער 2.4% 10 גרם חלבון בגביע,שטראוס גרופ בעמ/מצונן,IL,דנונה WOW פ.יער,גרמים,150.00,100 גרם,false,1,4.90,3.27,true,1,
7290106727984,false,"כיף כף פצפצים בגביע 135 גרם ""עלית""",שולן צ'\יקולטה גידה סאן.,TR,כיף כף פצפצים,גרמים,135.00,100 גרם,false,1,9.90,7.33,true,1,
7290106729650,false,יוגורט עם תות מאגדת 8 יח' * 150ג' דנונה,שטראוס גרופ בעמ/מצונן,IL,דנונה תות 8 יח,קילוגרמים,1.20,"ק""ג",false,1,25.00,20.83,true,1,
7290106770577,false,גרוסליין- בלגה ממרח חלבה 350 גרם.,"אלמונדס בע""מ",IL,ממרח חלבה,גרמים,350.00,100 גרם,false,1,13.90,3.97,true,1,
7290106772472,false,גרוסליין- בלגה ממרח שוקולד 350 גרם,"אלמנדוס בע""מ",IL,ממרח אגוזי לוז,גרמים,350.00,100 גרם,false,1,13.90,3.97,true,1,
7290106774612,false,סילאן טבעי אורגני לחיץ 500 גרם,,IL,סילאן אורגני,גרמים,500.00,100 גרם,false,1,18.90,3.78,true,1,
7290106775053,false,מחית נוגט פרווה אלמנדוס,"אלמנדוס בע""מ",IL,מחית נוגט פרווה,גרמים,400.00,100 גרם,false,1,24.90,6.23,true,1,
7290107280020,false,שלישיית מטליות לחות לניקוי כללי סנו סושי 50 יחידות,החברה הדרומית לשיווק בעמ,IL,מטליות לחות מארז,יחידה,1.00,יחידה,false,0,16.90,16.90,true,1,
7290107280037,false,50 מטליות לחות לניקוי כללי גדולות ועבות,החברה הדרומית לשיווק בעמ,IL,מגבונים לניקוי,יחידה,1.00,יחידה,false,0,9.90,9.90,true,1,
7290107280068,false,סנו סושי תבנית אלומיניום ענק א.לארג 2 יח,החברה הדרומית לשיווק בעמ,CN,תבניות אלומיניום,יחידה,1.00,יחידה,false,1,8.90,8.90,true,1,
7290107280075,false,סנו סושי תבנית אלומיניום לארג 4יח,החברה הדרומית לשיווק בעמ,CN,תבניות אלומיניום,יחידה,1.00,יחידה,false,1,8.90,8.90,true,1,
7290107280082,false,מארז 7 תבניות אלומיניום מוארכות לאפייה אינגליש קייק,החברה הדרומית לשיווק בעמ,CN,תבניות אלומיניום,יחידה,1.00,יחידה,false,1,8.90,8.90,true,1,
7290107280099,false,שלישיית מגובנים נשטפים באסלה סופט סוד 48 יחידות,החברה הדרומית לשיווק בעמ,IL,מגבוני נייר לחים,יחידה,1.00,יחידה,false,0,15.90,15.90,true,1,
7290107280341,false,ריצפז מטליות לחות לניקוי הרצפה בניחוח מלון מפנק,החברה הדרומית לשיווק בעמ,IL,מטליות ריצפז,יחידה,1.00,יחידה,false,1,10.90,10.90,true,1,
7290107280396,false,"סנו - ג'ט מרסס לניקוי יסודי במטבח 750 מ""ל",החברה הדרומית לשיווק בעמ,IL,מתז ג'ט למטבח,מיליליטרים,750.00,"100 מ""ל",false,0,11.90,1.59,true,1,
7290107280518,false,"סנו מקסימה אפקט ז'אוול 8 ק""ג",סנו,IL,מקסימה ג'אוול,קילוגרמים,8.00,"ק""ג",false,0,54.90,6.86,true,1,
7290107280563,false,סנו אוקסיג`ן ג`ל לכביסה בייבי 3 ל`,החברה הדרומית לשיווק בעמ,IL,אוקסיג'ן בייבי,ליטרים,3.00,ליטר,false,0,28.90,9.63,true,1,
7290107280570,false,סנו - מקסימה ג'ל כביסה מרוכז לכביסה צבעונית 3 ליטר,החברה הדרומית לשיווק בעמ,IL,ג'ל כביסה,ליטרים,3.00,ליטר,false,0,29.60,9.87,true,1,
7290107280600,false,טבליות למדיח סנו ספארק 100 טבליות במארז,החברה הדרומית לשיווק בעמ,PL,ספארק טב' למדיח,יחידה,1.00,יחידה,false,1,51.90,51.90,true,1,
7290107280709,false,ספארק נוזל הברקה למדיח סנו (700 מל),החברה הדרומית לשיווק בעמ,IL,נוזל הברקה למדיח,מיליליטרים,700.00,"100 מ""ל",false,1,13.90,1.98,true,1,
7290107280716,false,מלח למדיח להגנה מפני אבנית סנו ספארק Spark,החברה הדרומית לשיווק בעמ,IL,ספארק מלח למדיח,קילוגרמים,2.00,"ק""ג",false,1,10.90,5.45,true,1,
7290107280723,false,נוזל לניקוי כלים סנו ספארק Spark בניחוח לימון רענן,החברה הדרומית לשיווק בעמ,IL,נוזל לכלים לימון,מיליליטרים,700.00,"100 מ""ל",false,0,9.90,1.41,true,1,
7290107280747,false,נוזל לניקוי כלים סנו ספארק Spark קלאסי,החברה הדרומית לשיווק בעמ,IL,נוזל לכלים קלאסי,מיליליטרים,700.00,"100 מ""ל",false,0,9.90,1.41,true,1,
7290107280761,false,נוזל לניקוי כלים בניחוח לימון רענן סנו ספארק Spark,החברה הדרומית לשיווק בעמ,IL,נוזל כלים לימון,ליטרים,1.00,ליטר,false,0,10.90,10.90,true,1,
7290107280822,false,סנו ריצפז פרש הום 2 ליטר בניחוח ספא,החברה הדרומית לשיווק בעמ,IL,ריצפז פרש הום,ליטרים,2.00,ליטר,false,0,17.90,8.95,true,1,
7290107536042,false,מארז גיפט קארד מרובע ניי,.,IL,מארז גיפטקארד,יחידה,1.00,יחידה,false,1,6.00,6.00,true,1,
7290107645584,false,אבקת מרק עוף אמיתי רכיבים טבעיים 400 גרם - רבנות,יוניליוור ישראל שיווק בע`מ,IL,מרק עוף אמיתי,גרמים,400.00,100 גרם,false,1,19.90,4.98,true,1,
7290107645591,false,אבקת מרק בטעם עוף 100% רכיבים טבעיים 400 גרם,יוניליוור ישראל שיווק בע`מ,IL,מרק טעם עוף,גרמים,400.00,100 גרם,false,1,16.90,4.23,true,1,
7290107646062,false,אבקת מרק בצל רכיבים טבעיים קנור 400 ג',יוניליוור ישראל שיווק בע`מ,IL,מרק בצל,גרמים,400.00,100 גרם,false,1,25.00,6.25,true,1,
7290107646895,false,קנור - רוטב פסטה נפוליטנה 415 גרם חתם סופר,יוניליוור ישראל שיווק בע`מ,IT,רוטב נפוליטנה,גרמים,415.00,100 גרם,false,1,12.90,3.11,true,1,
7290107646918,false,רוטב עגבניות ופלפלים לשקשוקה 415 ג' קנור,יוניליוור ישראל שיווק בע`מ,IT,רוטב לשקשוקה,גרמים,415.00,100 גרם,false,1,12.90,3.11,true,1,
7290107647731,false,קוקומן חום לבן 20% פחות סוכר 375 גרם ב,יוניליוור ישראל שיווק בע`מ,IL,קוקומן חום לבן,גרמים,375.00,100 גרם,false,1,19.90,5.31,true,1,
7290107648943,false,"ברנפלקס קרנצ'ים מייפל תלמה 375 גרם בד""צ","יוניליוור ישראלשיווק בע""מ",IL,ברנפלקס קרנצ'ים,גרמים,375.00,100 גרם,false,1,18.90,5.04,true,1,
7290107648974,false,קנור רוטב לפסטה עגבניות עם בזיליקום,יוניליוור ישראל שיווק בע`מ,IL,רוטב עגבניות,גרמים,415.00,100 גרם,false,1,12.90,3.11,true,1,
7290107649100,false,בייגלה טבעות שומשום 300 גרם.,"יוניליוור ישראל שיווק בע""מ",IL,בייגלה טבעות,גרמים,300.00,100 גרם,false,1,10.40,3.47,true,1,
7290107649605,false,קליק אקסטרא לארג שוקולד חלב עם פתיתי תירס ודגנים,יוניליוור ישראל שיווק בע`מ,IL,שוקולד קליק,גרמים,85.00,100 גרם,false,1,5.90,6.94,true,1,
7290107779302,false,זרעי ברוקולי ירוק 20זרעי,"גדות אגרו בע""\מ",IL,ברוקולי ירוק,יחידה,1.00,יחידה,false,1,9.90,9.90,true,1,
7290107779319,false,זרעי ברוקולי סגול,"גדות אגרו בע""\מ",IL,זרעי ברוקולי,יחידה,1.00,יחידה,false,1,9.90,9.90,true,1,
7290107871990,false,פסטה צינורות מהדרין אסם (500 גרם),קבוצת אוסם סחר שותפות מוגבלת,IT,פסטה צינורות,גרמים,500.00,100 גרם,false,0,5.90,1.18,true,1,
7290107874502,false,ביסלי גריל קדמ. מארז אחיד 10 4*55 גרם,קבוצת אוסם סחר שותפות מוגבלת,IL,ביסלי גריל 4 יח,גרמים,220.00,100 גרם,false,1,12.50,5.68,true,1,
7290107875271,false,ביסלי ברביקיו קדמ. מארז אחיד10 4*55 גרם,קבוצת אוסם סחר שותפות מוגבלת,IL,ביסלי ברביקיו4יח,גרמים,220.00,100 גרם,false,1,12.50,5.68,true,1,
7290107877619,false,מארז במבה במילוי קרם נוגט 5*30ג' אסם,קבוצת אוסם סחר שותפות מוגבלת,IL,במבה נוגט 5 יח,גרמים,150.00,100 גרם,false,1,13.90,9.27,true,1,
7290107879521,false,קרחון לה פרוטה שרבט תות מאגדת 5יח',נגה גלידות שותפות מוגבלת,IL,מאגדת לה פרוטה,גרמים,350.00,100 גרם,false,1,24.90,7.11,true,1,
7290107879569,false,קרחון לה פרוטה שרבט מנגו מאגדת 5יח',נגה גלידות שותפות מוגבלת,IL,מאגדת לה פרוטה,גרמים,350.00,100 גרם,false,1,24.90,7.11,true,1,
7290107931397,false,כיף כף פצפוצים במילוי שוקולד 40 גרם,שולן צ'\יקולטה גידה סאן.,TR,כיף כף פצפצים,גרמים,40.00,100 גרם,false,1,4.90,12.25,true,1,
7290107932080,false,חלב 3% מועשר בבקבוק יטבתה (1 ליטר),שטראוס גרופ בעמ/מצונן,IL,חלב מועשר 3%,ליטרים,1.00,ליטר,false,1,7.70,7.70,true,1,
7290107933155,false,לקט סלנובה 200 גר ירקות שטראוס טעם הטבע,שטראוס בריאות ירקות טריי,IL,לקט סלנובה,גרמים,200.00,100 גרם,false,1,12.90,6.45,true,1,
7290107934473,false,שמינייה יוגורט לבן אקטיביה 1.5% דנונה 150 גרם,שטראוס גרופ בעמ/מצונן,IL,אקטביה 1.5% 8 יח,ליטרים,1.20,ליטר,false,1,19.90,16.58,true,1,
7290107936309,false,דנונה יוגורט 7% יווני לבן 130 ג',שטראוס גרופ בעמ/מצונן,IL,יוגורט יווני,גרמים,130.00,100 גרם,false,1,3.50,2.69,true,1,
7290107936460,false,מארז 8 יח' דנכול משקה יוגורט בטעם מעודן,שטראוס גרופ בעמ/מצונן,IL,דנכול מעודן 8 יח,גרמים,800.00,100 גרם,false,1,29.60,3.70,true,1,
7290107936958,false,עד חצות ביסקוויט אצבעות שוקולד 125 גרם,ביסקוויטס טור ד'\אלבון,FR,עד חצות אצבעות,גרמים,125.00,100 גרם,false,1,9.90,7.92,true,1,
7290107937542,false,משקה יוגורט אקטיביה עם תות 1.2% שומן,שטראוס גרופ בעמ/מצונן,IL,משקה אקטביה תות,גרמים,265.00,100 גרם,false,1,5.00,1.89,true,1,
7290107937627,false,מסטיק מאסט Must קוביות ללא סוכר בטעם מנטה עדינה,שטראוס גרופ בע`מ,DE,קוביות מסטיק,גרמים,58.00,100 גרם,false,1,9.90,17.07,true,1,
7290107937634,false,צנצנית מסטיק מאסט קוביות פפירמינט 58 ג' עלית,"שטראוס גרופ בע""מ",DE,קוביות מסטיק,גרמים,58.00,100 גרם,false,1,9.90,17.07,true,1,
7290107937641,false,צנצנת קוביות בזוקה גומי לעיסה 58גר,אסקום קונפקשיין,DE,קוביות מסטיק,גרמים,58.00,100 גרם,false,1,9.90,17.07,true,1,
7290107937856,false,קפסולות 11חזק למכונות נספרסו עלית 10יח',הנסיך- מפעל לייצור ט,IL,קפסולות עלית,גרמים,50.00,100 גרם,false,1,16.50,33.00,true,1,
7290107938396,false,שמיניית אקטימל תות דיסני בנים 108 גרם,שטראוס גרופ בעמ/מצונן,IL,אקטימל תות 8יח',מיליליטרים,800.00,"100 מ""ל",false,1,20.90,2.61,true,1,
7290107939027,false,גזר דק דק 250 גר שטראוס ירקות טעם הטבע,ביכורי השדה הצפון בעמ` 1964,IL,גזר דק דק 250גרם,גרמים,250.00,100 גרם,false,1,7.90,3.16,true,1,
7290107940467,false,אקטיביה יוגורט קרמי 1.5% דנונה (200 גרם),שטראוס גרופ בעמ/מצונן,IL,אקטיביה 1.5%,גרמים,200.00,100 גרם,false,1,4.00,2.00,true,1,
7290107941259,false,עדשים ירוקות מבושלות 475 גר ירקות שטראוס,ביכורי השדה הצפון בעמ` 1964,ES,עדשים ירוקות,גרמים,475.00,100 גרם,false,1,12.90,2.72,true,1,
7290107943192,false,"שמנת חמוצה מהערבה 27% שומן 200 מ""ל יטבתה",שטראוס גרופ בעמ/מצונן,IL,שמנת חמוצה 27%,מיליליטרים,200.00,"100 מ""ל",false,1,3.90,1.95,true,1,
7290107943369,false,קוואקר שיבולת שועל ללא גלוטן 511 גר'.,שטראוס פריטו ליי בע`מ,US,קוואקר ללא גלוטן,גרמים,511.00,100 גרם,false,1,17.00,3.33,true,1,
7290107944472,false,סימפוניה גבינה במרקם שמנת 5% שום שמיר,שטראוס גרופ בעמ/מצונן,IL,גבינת סימפוניה,גרמים,200.00,100 גרם,false,1,11.00,5.50,true,1,
7290107945165,false,קונפיטורת משמש יד מרדכי 340 גרם,אף.סי תבליני בגליל ב,IL,קונפיטורת משמש,גרמים,340.00,100 גרם,false,1,11.90,3.50,true,1,
7290107950190,false,מעדן חלב דל קלוריות בטעם שוקולד מריר 0.5% שומן,שטראוס גרופ בעמ/מצונן,IL,מעדן דיאט שוקולד,גרמים,130.00,100 גרם,false,1,3.30,2.54,true,1,
7290107950206,false,מעדן דיאט שוקולד שטראוס 130 גרם,שטראוס גרופ בעמ/מצונן,IL,מעדן דיאט שוקולד,גרמים,130.00,100 גרם,false,1,3.30,2.54,true,1,
7290107951104,false,בפלות ופלים ארוכים בטעם שוקולד,"שטראוס גרופ בע""\מ",IL,בפלות טעם שוקולד,גרמים,200.00,100 גרם,false,1,4.90,2.45,true,1,
7290107951111,false,בפלות ופלים ארוכים בטעם לימון,שטראוס גרופ בע`מ,IL,בפלות בטעם לימון,גרמים,200.00,100 גרם,false,1,4.90,2.45,true,1,
7290107953559,false,"מארז קפה טורקי עלית לדרך כשל""פ 168 גרם",הנסיך- מפעל לייצור ט,IL,קפה טורקי לדרך,גרמים,168.00,100 גרם,false,1,18.90,11.25,true,1,
7290107954709,false,"קונפיטורת פירות יער ""יד מרדכי"" 340 גר'",שטראוס גרופ בע`מ,IL,קונפיטורה פירות,גרמים,340.00,100 גרם,false,1,11.90,3.50,true,1,
7290107954976,false,משקה חלב PRO עם קפה 1.5% 25 גרם חלבון בבקבוק,שטראוס גרופ בעמ/מצונן,DE,משקה פרו קפה,מיליליטרים,350.00,"100 מ""ל",false,1,6.50,1.86,true,1,
7290107956642,false,"תרסיס שמן זית 150 מ""ל יד מרדכי כשלפ",פארייפאבה אגרואינדוס,ES,תרסיס שמן זית,מיליליטרים,150.00,"100 מ""ל",false,1,17.90,11.93,true,1,
7290107956895,false,קפסולות טעם קרמל למכונות נספרסו 50גר,שטראוס קפה בי.וי.,IL,קפסולות אספרסו,גרמים,50.00,100 גרם,false,1,16.50,33.00,true,1,
7290107956901,false,קפסולות בטעם אגוזים למכונת נספרסו עלית 10 יחידות,שטראוס קפה בי.וי.,IL,קפסולות אספרסו,גרמים,50.00,100 גרם,false,1,16.50,33.00,true,1,
7290107956925,false,קפסולות 13 אוגנדה למכונת נספרסו עלית 10יח',שטראוס קפה בי.וי.,IL,קפסולות קפה,גרמים,50.00,100 גרם,false,1,16.50,33.00,true,1,
7290107956932,false,קפסולות אינדונזיה מס 12 למכונת אספרסו,שטראוס קפה בי.וי.,IL,קפסולות אינדונזי,גרמים,50.00,100 גרם,false,1,16.50,33.00,true,1,
7290107957991,false,מילקי CAKE מיניס קרם חלב בציפוי שוקולד חלב שקית 16X9ג',בובארד איטליה אס.פי.איי,IT,מילקי קייק מיניס,גרמים,144.00,100 גרם,false,1,13.90,9.65,true,1,
7290107958035,false,יוגורט במתיקות מעודנת 2% ללא תוספת סוכר- מארז 8 יח,שטראוס גרופ בעמ/מצונן,IL,דנונה מעודן 8 יח,קילוגרמים,1.20,"ק""ג",false,1,18.50,15.42,true,1,
7290107971522,false,חטיף בוטנים ושקדים עם שוקולד מריר ופיסטוק,אמקו סאם מילס ספול.,CZ,חטיף FREE,גרמים,140.00,100 גרם,false,1,16.90,12.07,true,1,
7290107971539,false,חטיף בוטנים וקשיו עם שוקולד מריר ללא גלוטן,אמקו סאם מילס ספול.,CZ,חטיף FREE,גרמים,140.00,100 גרם,false,1,16.90,12.07,true,1,
7290107971751,false,מי פה קולגייט טוטל ללא אלכוהול פפרמינט,יבואן ומשווק: ש. שסט,PL,מי פה קולגייט,מיליליטרים,500.00,"100 מ""ל",false,1,24.90,4.98,true,1,
7290107973014,false,"סבון ידיים משאבה פלמוליב חלב ודבש 300 מ""ל",הנסיך- מפעל לייצור ט,TR,סבון ידיים,מיליליטרים,300.00,"100 מ""ל",false,1,10.90,3.63,true,1,
7290107973038,false,"סבון ידיים משאבה פלמוליב אקווריום 300 מ""ל",הנסיך- מפעל לייצור ט,IT,סבון פלמוליב,מיליליטרים,300.00,"100 מ""ל",false,1,10.90,3.63,true,1,
7290107973311,false,קולגייט מברשת שיניים 360 פחם זהב זוג,הנסיך- מפעל לייצור ט,CH,מברשות קולגייט,יחידה,1.00,יחידה,false,1,24.90,24.90,true,1,
7290107973809,false,שימורי עגבניות קוביות 400 ג' מאסטר שף,פראנו אריקו ופיגלי ס.פ.א,IT,קוביות עגבניות,גרמים,400.00,100 גרם,false,1,5.90,1.48,true,1,
7290107973861,false,מאסטר שף עגבניות קצוצות דק שלישיה 400ג*3 כשלפ,קונסרזיו קאסאלאסקו ד,IT,עגבניות קצוצות3י,קילוגרמים,1.20,"ק""ג",false,1,16.90,14.08,true,1,
7290107974073,false,מנה עלי טורטיה קמח לבן מ.שף 20 סמ 320 גר,אלקאטי קורביישיסי גי,ES,עלי טורטיה,גרמים,320.00,100 גרם,false,1,10.90,3.41,true,1,
7290107974301,false,ליידי ספיד סטיק - דאודורנט ג'ל לאישה אלוורה 45 גרם,ליידי ספיד סטיק Lady Speed Stick,US,ליידי ספיד סטיק,גרמים,45.00,100 גרם,false,1,16.90,37.55,true,1,
7290107975360,false,ליידי ספיד סטיק פיור פרשנס ג'ל נשים 65ג',ליידי ספיד סטיק Lady Speed Stick,US,ליידי ספיד סטיק,גרמים,45.00,100 גרם,false,1,16.90,37.55,true,1,
7290107976848,false,פלמוליב סבון מוצק קמומיל רביעייה 360 ג,קולגייט-פלמוליב,TR,סבון פלמוליב 4יח,גרמים,380.00,100 גרם,false,1,16.90,4.45,true,1,
7290107977456,false,"פלמוליב - ג'ל רחצה ושמפו ספורט לגבר 750 מ""ל",קולגייט פלמוליב,TR,ג'ל רחצה פלמוליב,מיליליטרים,750.00,"100 מ""ל",false,1,19.90,2.65,true,1,
7290107977753,false,"משחת שיניים פרודונט אקספרס 75 מ""ל ""מרידול""",קולגייט פלמוליב,PL,משחת שיניים,מיליליטרים,75.00,"100 מ""ל",false,1,25.90,34.53,true,1,
7290107978101,false,מש.שיניים קולגייט א.וויט אקסטרה פאוור 75,קולגייט-פלמוליב,PL,משחת אופטיק וייט,מיליליטרים,75.00,"100 מ""ל",false,1,24.90,33.20,true,1,
7290107978323,false,איטריות דקיקות מאסטר שף 400 גרם,הדקלאים אגודת שיתופי,PL,איטריות דקיקות,גרמים,400.00,100 גרם,false,1,5.90,1.48,true,1,
7290107978330,false,איטריות דקות מאסטר שף 400 גרם,הדקלאים אגודת שיתופי,PL,איטריות דקות,גרמים,400.00,100 גרם,false,1,5.90,1.48,true,1,
7290107978347,false,איטריות בינוניות מאסטר שף 400 גרם,הדקלאים אגודת שיתופי,PL,איטריות בינוניות,גרמים,400.00,100 גרם,false,1,5.90,1.48,true,1,
7290107978453,false,חטיף בטעם גריל קראנצ,ש. שסטוביץ בע`מ,IL,קראנצ'וס גריל,גרמים,55.00,100 גרם,false,1,3.50,6.36,true,1,
7290107978460,false,קראנצ וס פלאפל 60ג חדש,ש. שסטוביץ בע`מ,IL,קראנצ'וס פלאפל,גרמים,55.00,100 גרם,false,1,3.50,6.36,true,1,
7290107978637,false,משחת שיניים לחניכיים רגישות,קולגייט פלמוליב,PL,משחת מרידול,מיליליטרים,75.00,"100 מ""ל",false,1,19.90,26.53,true,1,
7290108201802,false,"ספריי דטול לחיטוי בניחוח כביסה 400 מ""ל",רקיט בנקיזר (ניר איסט) בעמ,US,דטול ספריי חיטוי,מיליליטרים,400.00,"100 מ""ל",false,1,16.90,4.23,true,1,
7290108350128,false,סנו סושי שקיות אשפה חזקות במיוחד 40 יח',החברה הדרומית לשיווק בעמ,IL,שקיות אשפה,יחידה,1.00,יחידה,false,1,23.90,23.90,true,1,
7290108350203,false,"סנו סושי כריות קרצוף+ספוג מקציף 6 יחידות 12X9 ס""מ",החברה הדרומית לשיווק בעמ,US,כריות קרצוף,יחידה,1.00,יחידה,false,1,9.60,9.60,true,1,
7290108350210,false,סנו סושי 30 שקיות אשפה XL חזקות במיוחד,החברה הדרומית לשיווק בעמ,IL,שקיות אשפה חזקות,יחידה,1.00,יחידה,false,1,24.90,24.90,true,1,
7290108350531,false,סנו ספארק נוזל כלים בניחוח קלאסי עם משאבה 1 ל',מיוצר עי קונדיטוריית,IL,ספארק לכלים,ליטרים,1.00,ליטר,false,1,10.90,10.90,true,1,
7290108350586,false,נוזל לניקוי כלים סנו ספארק Spark בניחוח לימון רענן,החברה הדרומית לשיווק בעמ,IL,ספארק נוזל לכלים,ליטרים,1.50,ליטר,false,1,13.90,9.27,true,1,
7290108350616,false,סנו - מקסימה מרכך כביסה מרוכז פריחה כחולה 1 ליטר,החברה הדרומית לשיווק בעמ,IL,מרכך מקסימה,ליטרים,1.00,ליטר,false,1,17.90,17.90,true,1,
7290108350623,false,מרכך כביסה סופר מרוכז סופט סילק מקסימה 1 ל' סנו,החברה הדרומית לשיווק בעמ,IL,מרכך מקסימה,ליטרים,1.00,ליטר,false,1,17.90,17.90,true,1,
7290108350753,false,"אורביטול משחת שיניים פרוטקט פרש, 145 גרם",גוד פוד פרודקטס S.p,IL,אורביטול פרוטקט,גרמים,145.00,100 גרם,false,1,12.90,8.90,true,1,
7290108351149,false,ג'ל ניקוי כללי בתוספת אבקת סודה ריח כביסה סנו ג'ט 1.5 ליטר,החברה הדרומית לשיווק בעמ,IL,סנו ג'ט פלוס,מיליליטרים,1500.00,"100 מ""ל",false,1,14.90,0.99,true,1,
7290108351156,false,ג'ל ניקוי כללי בתוספת חומץ בריח לבנדר סנו ג'ט 1.5 ליטר,החברה הדרומית לשיווק בעמ,IL,סנו ג'ט פלוס,ליטרים,1.50,ליטר,false,1,14.90,9.93,true,1,
7290108351507,false,מרכך כביסה אינספרישיין סנו מקסימה 4 ליטר,החברה הדרומית לשיווק בעמ,IL,מרכך מקסימה,ליטרים,4.00,ליטר,false,1,21.90,5.48,true,1,
7290108351521,false,סנו מקסימה ג`ל כביסה מרוכז 5 ל`מאסק,החברה הדרומית לשיווק בעמ,IL,מקסימה ג'ל,ליטרים,5.00,ליטר,false,1,44.90,8.98,true,1,
7290108351552,false,"סנו - ג'ט לניקוי כללי בתוספת חומץ בניחוח לבנדר 750 מ""ל",החברה הדרומית לשיווק בעמ,IL,סנו ג'ט עם חומץ,מיליליטרים,750.00,"100 מ""ל",false,1,15.90,2.12,true,1,
7290108351569,false,מבשם ומרכך למייבש כביסה Baby לתינוקות ולעור רגיש,החברה הדרומית לשיווק בעמ,IL,מקסימה למייבש,מיליליטרים,750.00,"100 מ""ל",false,1,14.90,1.98,true,1,
7290108351583,false,"סנו - ג'ט פלוס חומץ ג'ל לניקוי אסלות לבנדר 750 מ""ל",החברה הדרומית לשיווק בעמ,IL,סנו ג'ט לאסלות,מיליליטרים,750.00,"100 מ""ל",false,1,9.90,1.32,true,1,
7290108351613,false,סנו ריצפז פרש הום 2 ליטר בניחוח מלון חלומי,החברה הדרומית לשיווק בעמ,IL,ריצפז פרש הום,ליטרים,2.00,ליטר,false,1,17.90,8.95,true,1,
7290108351668,false,מטליות לחות לניקוי כללי בתוספת חומץ בניחוח לבנדר,טרופיקל דיגל- תעשיות,IL,סנו ג'ט מטליות,יחידה,1.00,יחידה,false,1,9.90,9.90,true,1,
7290108351682,false,גל כביסה סנו מקסימה ביו קולד ווטר 5 ל,"סנו מפעלי ברונוס בע""\מ",IL,מקסימה ג'ל,ליטרים,5.00,ליטר,false,1,44.90,8.98,true,1,
7290108351699,false,סנו - ג'ט מטליות לחות לניקוי כללי בתוספת חומץ לבנדר שלישיה,החברה הדרומית לשיווק בעמ,IL,סנו ג'ט מטליות3*,יחידה,1.00,יחידה,false,1,17.90,17.90,true,1,
7290108351804,false,מרכך כביסה סופר מרוכז Gentl Breeze סנו מקסימה 1 ליטר,החברה הדרומית לשיווק בעמ,IL,מרכך מקסימה,ליטרים,1.00,ליטר,false,1,17.90,17.90,true,1,
7290108351811,false,מרכך כביסה סופר מרוכז Floral touch סנו מקסימה 1 ליטר,החברה הדרומית לשיווק בעמ,IL,מרכך מקסימה,ליטרים,1.00,ליטר,false,1,17.90,17.90,true,1,
7290108351835,false,מרכך כביסה Pure Sensation סנו מקסימה 4 ליטר,החברה הדרומית לשיווק בעמ,IL,מרכך מקסימה,ליטרים,4.00,ליטר,false,1,21.90,5.48,true,1,
7290108351842,false,"סנו מקסימה בושם מרוכז לכביסה FOREVER כחול 600 מ""ל",החברה הדרומית לשיווק בעמ,IL,בושם לכביסה,מיליליטרים,600.00,"100 מ""ל",false,1,19.90,3.32,true,1,
7290108351927,false,סנו ספארק טבליות למדיח 70 יחידות,החברה הדרומית לשיווק בעמ,PL,טבליות למדיח,יחידה,1.00,יחידה,false,1,44.90,44.90,true,1,
7290108351958,false,סנובון סבון אסלה מוצק RINGS בניחוח אוקיינוס שלישיה,החברה הדרומית לשיווק בעמ,PL,סבון אסלה 3 יח,גרמים,120.00,100 גרם,false,1,15.00,12.50,true,1,
7290108351965,false,סנו ג'ט סבון אסלה בחומץ שלישיה,סנו מפעלי ברונוס בעמ,IL,ג'ט סבון אסלה3יח,גרמים,165.00,100 גרם,false,1,11.90,7.21,true,1,
7290108352009,false,סנו ספארק קפסולות למדיח כלים 50 יחידות,החברה הדרומית לשיווק בעמ,PL,קפסולות ספארק,יחידה,1.00,יחידה,false,1,39.90,39.90,true,1,
7290108352047,false,אורביטול - צמד מברשות שיניים 808 + חוט דנטלי במתנה,החברה הדרומית לשיווק בעמ,CN,זוג מברשות+חוט,יחידה,1.00,יחידה,false,1,15.00,15.00,true,1,
7290108352092,false,משחת שיניים אורביטול פרוטקטיב סולט בטעם מנטה,החברה הדרומית לשיווק בעמ,IL,משחת אורביטול,גרמים,145.00,100 גרם,false,1,10.90,7.51,true,1,
7290108352108,false,משחת שיניים אורביטול רעננות חריפה 145 גר,החברה הדרומית לשיווק בעמ,IL,משחת אורביטול,גרמים,145.00,100 גרם,false,1,10.90,7.52,true,1,
7290108352207,false,מקסימה 40 קפסולות לכביסה בניחוח fresh burst,החברה הדרומית לשיווק בעמ,IL,מקסימה קפסולות,יחידה,1.00,יחידה,false,1,31.90,31.90,true,1,
7290108352214,false,סנו - מקסימה קפסולות כביסה בניחוח בריזה מרעננת 40 יח',החברה הדרומית לשיווק בעמ,IL,קפסולות לכביסה,יחידה,1.00,יחידה,false,1,31.90,31.90,true,1,
7290108352221,false,סנופרש הום מבשם נוזלי בניחוח מלון מפנק,החברה הדרומית לשיווק בעמ,IL,סנו פרש הום,מיליליטרים,350.00,"100 מ""ל",false,1,10.90,3.11,true,1,
7290108352252,false,נוזל לניקוי כלים מתאים לניקוי ירקות ופירות סנו ספארק,החברה הדרומית לשיווק בעמ,IL,ספארק נוזל כלים,ליטרים,1.00,ליטר,false,1,10.90,10.90,true,1,
7290108352320,false,"מבשם אויר סנו פרש הום בניחוח כותנה מלטפת 350 מ""ל",החברה הדרומית לשיווק בעמ,IL,סנופרש הום,מיליליטרים,350.00,"100 מ""ל",false,1,10.90,3.11,true,1,
7290108352337,false,"מטהר אויר פרש הום אוטומטיק מלון מפנק 250 מ""ל",החברה הדרומית לשיווק בעמ,IL,סנו פרש מילוי,מיליליטרים,250.00,"100 מ""ל",false,1,12.80,5.12,true,1,
7290108352344,false,"פרש מבשם אויר אוטומטי בניחוח לבנדר סנו 250 מ""ל",החברה הדרומית לשיווק בעמ,IL,סנו פרש מילוי,מיליליטרים,250.00,"100 מ""ל",false,1,12.80,5.12,true,1,
7290108352399,false,ריצפז פרש הום בניחוח מרכך כביסה פלורל טאצ',החברה הדרומית לשיווק בעמ,IL,ריצפז פרש הום,ליטרים,2.00,ליטר,false,1,17.90,8.95,true,1,
7290108352412,false,"סנו - פרש הום מבשם לבית ולטקסטיל ורד אנגלי ועלים 300 מ""ל",מיוצר עי קונדיטוריית,IL,מבשם לבית,מיליליטרים,300.00,"100 מ""ל",false,1,14.90,4.97,true,1,
7290108352436,false,סנובון מוצק בניחוח נגוליה ונרולי שלישייה,החברה הדרומית לשיווק בעמ,IL,סנובון מוצק,גרמים,165.00,100 גרם,false,1,16.90,10.24,true,1,
7290108352498,false,מכשיר אוטומטי מעוצב ואלגנטי עם מילוי מלון בוטיק סנו פרש,החברה הדרומית לשיווק בעמ,CN,סנו פרש אוטמטי,מיליליטרים,250.00,"100 מ""ל",false,1,46.90,18.76,true,1,
7290108352511,false,"מקסימה לניקוי וחיטוי מכונת כביסה שקית 500 מ""ל",החברה הדרומית לשיווק בעמ,IL,מנקה מכונת כביסה,מיליליטרים,500.00,"100 מ""ל",false,1,12.90,2.58,true,1,
7290108352535,false,דפי בישום לחים למייבש הכביסה בניחוח מרכך כביסה 20 יח' מקסימה,החברה הדרומית לשיווק בעמ,IL,דפי בישום למייבש,יחידה,1.00,יחידה,false,1,12.80,12.80,true,1,
7290108352573,false,מרכך כביסה סנו מקסימה בבישום עוצמתי 4 ליטר,החברה הדרומית לשיווק בעמ,IL,מרכך כביסה קאלם,ליטרים,4.00,ליטר,false,1,21.90,5.48,true,1,
7290108352689,false,כריות קרצוף ללכלוך קשה סנו סושי 9 יחידות,החברה הדרומית לשיווק בעמ,US,כריות קרצוף,יחידה,1.00,יחידה,false,1,9.60,9.60,true,1,
7290108352795,false,שקיות זיפר 50 יח`במידה M סנו סושי,החברה הדרומית לשיווק בעמ,CN,שקיות מזון זיפר,יחידה,1.00,יחידה,false,1,10.00,10.00,true,1,
7290108352801,false,"שקיות אשפה לפחים קטנים 45 * 56 ס""מ סנו סושי 100 יחידות",החברה הדרומית לשיווק בעמ,IL,שקיות אשפה 100יח,יחידה,1.00,יחידה,false,1,18.90,18.90,true,1,
7290108352825,false,ספוג הפלא נירוסטה סנו סושי 3יח',החברה הדרומית לשיווק בעמ,CN,ספוג הפלא נירוסט,יחידה,1.00,יחידה,false,1,10.90,10.90,true,1,
7290108352849,false,שלישיית מטליות הפלא לניקוי כללי דקור סנו סושי,החברה הדרומית לשיווק בעמ,CN,מטלית הפלא,יחידה,1.00,יחידה,false,1,14.90,14.90,true,1,
7290108352863,false,סנו סושי שקיות צלייה 20יח' מידה L,החברה הדרומית לשיווק בעמ,TR,שקיות צלייה,יחידה,1.00,יחידה,false,1,7.90,7.90,true,1,
7290108352870,false,סנו סושי שקיות צלייה 10יח' מידה XL,החברה הדרומית לשיווק בעמ,TR,שקיות צלייה,יחידה,1.00,יחידה,false,1,7.90,7.90,true,1,
7290108352894,false,סנו סושי מפת שולחן חגיגית,החב הדרומית לשיווק,CN,מפת שולחן חגיגית,יחידה,1.00,יחידה,false,1,7.90,7.90,true,1,
7290108352979,false,"סנו סושי 4 תבניות L אקסטרה חזקות 26*36 ס""מ",יויו טינואט,CN,תבניות אלומיניום,יחידה,1.00,יחידה,false,1,10.90,10.90,true,1,
7290108353068,false,ספוג הפלא נירוסטה עם סיבי קירצוף סנו סושי 2 יח',החברה הדרומית לשיווק בעמ,CN,כריות קרצוף 2 יח,יחידה,1.00,יחידה,false,1,9.90,9.90,true,1,
7290108353082,false,ממחטות אף בקופסה 2 שכבות סנו סופט 120 דף,החברה הדרומית לשיווק בעמ,IL,ממחטות דו שכבתי,יחידה,1.00,יחידה,false,1,9.90,9.90,true,1,
7290108353099,false,ממחטות אף במארז ניילון סנו סופט 5 יח' * 100 דף,החברה הדרומית לשיווק בעמ,CN,ממחטות סופט מארז,יחידה,1.00,יחידה,false,1,12.90,12.90,true,1,
7290108353334,false,"כיף שמפו למניעת קשקשים עם שמן עץ התה ואסאי 700 מ""ל",החברה הדרומית לשיווק בעמ,IL,כיף שמפו,מיליליטרים,700.00,"100 מ""ל",false,1,12.90,1.84,true,1,
7290108353471,false,סנובון מוצק לאסלה DESIGN בניחוח ספא,החברה הדרומית לשיווק בעמ,IL,סבון אסלה דיזיין,גרמים,55.00,100 גרם,false,1,8.90,16.18,true,1,
7290108353501,false,"שקיות אשפה ענקיות עם ידיות ענקיות 75*90 ס""מ סנו סושי 25 יחידות",החברה הדרומית לשיווק בעמ,TR,שקיות אשפה XXL,יחידה,1.00,יחידה,false,1,20.00,20.00,true,1,
7290108353518,false,"תבניות אלומיניום עם ידיות אחיזה 34*29 ס""מ",החברה הדרומית לשיווק בעמ,CN,תבניות אלומיניום,יחידה,1.00,יחידה,false,1,11.90,11.90,true,1,
7290108353549,false,נייר אפיה 100 דפים סנו סושי,החברה הדרומית לשיווק בעמ,IL,סנו סושי נייר,יחידה,1.00,יחידה,false,1,19.90,19.90,true,1,
7290108353662,false,"סנו סושי מפת שולחן מוטבעת 120*270 ס""מ",החברה הדרומית לשיווק בעמ,CN,מפת שולחן,יחידה,1.00,יחידה,false,1,15.90,15.90,true,1,
7290108353686,false,מטלית חלומית לרצפה סנו סושי 1 יחידה,החברה הדרומית לשיווק בעמ,CN,מטלית לרצפה,יחידה,1.00,יחידה,false,1,10.90,10.90,true,1,
7290108353747,false,"תחליב רחצה אירוודה, בניחוח טונקה 600 מ""ל קרימה",החברה הדרומית לשיווק בעמ,IL,קרמה תחליב רחצה,מיליליטרים,600.00,"100 מ""ל",false,1,18.90,3.15,true,1,
7290108353761,false,"תחליב רחצה זן, בניחוח קשמיר 600 מ""ל קרימה",החברה הדרומית לשיווק בעמ,IL,קרמה תחליב רחצה,מיליליטרים,600.00,"100 מ""ל",false,1,18.90,3.15,true,1,
7290108353815,false,"תחליב רחצה מדיטציה בניחוח פצ'ולי לבנדר+משאבה 600 מ""ל",החב. הדרומית לשיווק,IL,קרמה תחליב רחצה,מיליליטרים,600.00,"100 מ""ל",false,1,18.90,3.15,true,1,
7290108353891,false,"קרמה - דאודורנט רול און לאישה קרמה מאסק 75 מ""ל",החברה הדרומית לשיווק בעמ,IL,דאודורנט קרמה,מיליליטרים,75.00,"100 מ""ל",false,1,13.90,18.53,true,1,
7290108353945,false,דאודורנט ספריי קרמה בניחוח אשכולית ולמון גראס,החברה הדרומית לשיווק בעמ,TR,דאודורנט קרמה,מיליליטרים,150.00,"100 מ""ל",false,1,14.90,9.93,true,1,
7290108353990,false,"קרמה - קרם גוף קרמה מאסק 500 מ""ל",החברה הדרומית לשיווק בעמ,IL,קרם גוף מאסק,מיליליטרים,500.00,"100 מ""ל",false,1,21.90,4.38,true,1,
7290108354034,false,"סבון ידיים קרמה חמאת שיאה וקוקוי 300 מ""ל",החברה הדרומית לשיווק בעמ,IL,סבון ידיים קרמה,מיליליטרים,300.00,"100 מ""ל",false,1,9.90,3.30,true,1,
7290108354164,false,"כיף שלישיית אל סבון קטיפתי מועשר בשמנים 3*500 מ""ל",החברה הדרומית לשיווק בעמ,IL,אלסבון כיף 3 יח,ליטרים,1.50,ליטר,false,1,19.90,13.27,true,1,
7290108354263,false,אורביטול גוניור משחת שיניים חד קרן 70גרם,החברה הדרומית לשיווק בעמ,IL,משחה אורביטול +6,מיליליטרים,70.00,"100 מ""ל",false,1,7.90,11.29,true,1,
7290108354270,false,מרכך כביסה מרוכז בבישום עוצמתי 1 ל' סנו מקסימה,החברה הדרומית לשיווק בעמ,IL,מרכך מקסימה,ליטרים,1.00,ליטר,false,1,17.90,17.90,true,1,
7290108354416,false,"תחליב רחצה יוגה, בניחוח ברגמוט 600מ""ל קרימה",החברה הדרומית לשיווק בעמ,IL,קרמה תחליב רחצה,מיליליטרים,600.00,"100 מ""ל",false,1,18.90,3.15,true,1,
7290108354430,false,"כיף שמפו לשיקום והזנה,שמן קוקוס וקרטין 700 מ""ל",החברה הדרומית לשיווק בעמ,IL,שמפו כיף,מיליליטרים,700.00,"100 מ""ל",false,1,12.90,1.84,false,1,
7290108354485,false,"קרליין מרכך 10 לשיער שמן ארגן 700 מ""ל",החברה הדרומית לשיווק בעמ,IL,מרכך 10 ארגן,מיליליטרים,700.00,"100 מ""ל",false,1,13.90,1.99,true,1,
7290108354492,false,"קרליין שמפו 10 לשיער שמן ארגן 700 מ""ל",החברה הדרומית לשיווק בעמ,IL,שמפו 10 ארגן,מיליליטרים,700.00,"100 מ""ל",false,1,13.90,1.99,true,1,
7290108354577,false,"קרמה דאודוראנט רולאון וניל ופלפל ורוד 75 מ""ל",החברה הדרומית לשיווק בעמ,IL,דאודורנט קרמה,מיליליטרים,75.00,"100 מ""ל",false,1,13.90,18.53,true,1,
7290108354591,false,"תחליב רחצה בניחוח מי קקטוס ושמן באבאסו 750 מ""ל נקה 7",החברה הדרומית לשיווק בעמ,IL,תחליב רחצה נקה 7,מיליליטרים,750.00,"100 מ""ל",false,1,9.90,1.32,true,1,
7290108354614,false,"מרכך בניחוח מי קקטוס ושמן באבאסו 750 מ""ל נקה 7",החברה הדרומית לשיווק בעמ,IL,מרכך נקה 7 קקטוס,מיליליטרים,750.00,"100 מ""ל",false,1,10.90,1.45,true,1,
7290108354706,false,"קרמה - תחליב רחצה מאסק 500 מ""ל",החברה הדרומית לשיווק בעמ,IL,תחליב רחצה קרמה,מיליליטרים,500.00,"100 מ""ל",false,1,12.90,2.58,true,1,
7290108354713,false,"קרמה - תחליב רחצה קלאסי 500 מ""ל",החברה הדרומית לשיווק בעמ,IL,תחליב רחצה קרמה,מיליליטרים,500.00,"100 מ""ל",false,1,12.90,2.58,true,1,
7290108354751,false,"סנו - ג'ט מרסס לניקוי כללי בתוספת אבקת סודה 750 מ""ל",החברה הדרומית לשיווק בעמ,IL,סנו ג'ט עם סודה,מיליליטרים,750.00,"100 מ""ל",false,1,15.90,2.12,true,1,
7290108354829,false,"קרם ידיים קרמה ורד וניל 100 מ""ל מ""ל",החברה הדרומית לשיווק בעמ,IL,קרמה קרם ידיים,מיליליטרים,100.00,"100 מ""ל",false,1,9.90,9.90,true,1,
7290108354911,false,"שמפו, ג'ל רחצה וגילוח מועשר בתמצית אלוורה",החברה הדרומית לשיווק בעמ,IL,קרמה 3ב1,מיליליטרים,700.00,"100 מ""ל",false,1,15.00,2.14,true,1,
7290108354973,false,"סבון ידיים ורד ווניל קרמה 300 מ""ל",החברה הדרומית לשיווק בעמ,IL,סבון ידיים קרמה,מיליליטרים,300.00,"100 מ""ל",false,1,9.90,3.30,true,1,
7290108354980,false,קרם ידיים מרוכז לידיים יבשות מאוד ללא בישום,החברה הדרומית לשיווק בעמ,IL,קרם ידיים מרוכז,מיליליטרים,50.00,"100 מ""ל",false,1,12.90,25.80,true,1,
7290108355000,false,שמפו לילדים מיניונים נקה 7 (750 מל),החברה הדרומית לשיווק בעמ,IL,שמפו נקה7,מיליליטרים,750.00,"100 מ""ל",false,1,10.90,1.45,true,1,
7290108355062,false,לחו.לשיער מקצועי קרטין נטורל פורמולה 400,החברה הדרומית לשיווק בעמ,IL,לחות נט.פורמולה,מיליליטרים,400.00,"100 מ""ל",false,1,29.90,7.48,true,1,
7290108355178,false,"קרמה - קרם ידיים חמאת שיאה וקוקוי 100 מ""ל",החברה הדרומית לשיווק בעמ,IL,קרמה קרם ידיים,מיליליטרים,100.00,"100 מ""ל",false,1,9.90,9.90,true,1,
7290108355192,false,"מרכך קרטין אינטנס למניעת קשקשים נטורל פורמולה 400 מ""ל",החברה הדרומית לשיווק בעמ,IL,מרכך נטורל פורמו,מיליליטרים,400.00,"100 מ""ל",false,1,29.90,7.48,true,1,
7290108355208,false,"שמפו קרטין אינטנס למניעת קשקשים נטורל 400 מ""ל",החברה הדרומית לשיווק בעמ,IL,שמפו נטורל פורמו,מיליליטרים,400.00,"100 מ""ל",false,1,29.90,7.48,true,1,
7290108355307,false,"נקה 7 - שמפו סירוק קל רוזמרין 750 מ""ל",החברה הדרומית לשיווק בעמ,IL,שמפו לסירוק קל,מיליליטרים,750.00,"100 מ""ל",false,1,12.90,1.72,true,1,
7290108355314,false,מרכך לסירוק קל בתוספת רוזמרין,החברה הדרומית לשיווק בעמ,IL,מרכך לסירוק קל,מיליליטרים,750.00,"100 מ""ל",false,1,12.90,1.72,true,1,
7290108355451,false,"קרמה - דאודורנט רול און לאישה קרמה ורד ווניל 75 מ""ל",החב הדרומית לשיווק,IL,דאודורנט קרמה,מיליליטרים,75.00,"100 מ""ל",false,1,13.90,18.53,true,1,
7290108355482,false,"קרמה - דאודורנט רול און לאישה קרמה לבנדר ואקליפטוס 75 מ""ל",החברה הדרומית לשיווק בעמ,IL,דאודורנט קרמה,מיליליטרים,75.00,"100 מ""ל",false,1,13.90,18.53,true,1,
7290108355543,false,"קרמה - דאודורנט ספריי לאישה נרולי מגנוליה 150 מ""ל",החברה הדרומית לשיווק בעמ,TR,דאודורנט קרמה,מיליליטרים,150.00,"100 מ""ל",false,1,14.90,9.93,true,1,
7290108355802,false,"תחליב רחצה קרמה ורד ווניל 700 מ""ל",החברה הדרומית לשיווק בעמ,IL,תחליב רחצה קרמה,מיליליטרים,700.00,"100 מ""ל",false,1,16.90,2.41,true,1,
7290108356106,false,כיף תחליב רחצה חלב שקדים 700 מל,החברה הדרומית לשיווק בעמ,IL,כיף תחליב רחצה,מיליליטרים,700.00,"100 מ""ל",false,1,10.90,1.56,true,1,
7290108356113,false,תחליב רחצה כיף ניחוח דבש 700 מל,החברה הדרומית לשיווק בעמ,IL,כיף תחליב רחצה,מיליליטרים,700.00,"100 מ""ל",false,1,10.90,1.56,true,1,
7290108356120,false,תחליב רחצה כיף ניחוח קוקוס וניל700 מל,החברה הדרומית לשיווק בעמ,IL,כיף תחליב רחצה,מיליליטרים,700.00,"100 מ""ל",false,1,10.90,1.56,true,1,
7290108356137,false,תחליב רחצה כיף ניחוח לבנדר 700 מל,החברה הדרומית לשיווק בעמ,IL,כיף תחליב רחצה,מיליליטרים,700.00,"100 מ""ל",false,1,10.90,1.56,true,1,
7290108356168,false,תחליב רחצה כיף ניחוח אוקיינס700 מל,החברה הדרומית לשיווק בעמ,IL,כיף תחליב רחצה,מיליליטרים,700.00,"100 מ""ל",false,1,10.90,1.56,true,1,
7290108356229,false,ג'ל גילוח לכל סוגי העור מועשר בפחם פעיל,החברה הדרומית לשיווק בעמ,TR,ג'ל גילוח מטהר,מיליליטרים,200.00,"100 מ""ל",false,1,14.90,7.45,true,1,
7290108356274,false,"כיף - מוס רחצה בניחוח תותים ושמנת 150 מ""ל",החברה הדרומית לשיווק בעמ,TR,כיף מוס רחצה,מיליליטרים,150.00,"100 מ""ל",false,1,10.00,6.67,true,1,
7290108356298,false,"כיף - מוס רחצה בניחוח קרם עוגיות 150 מ""ל",החברה הדרומית לשיווק בעמ,TR,כיף מוס רחצה,מיליליטרים,150.00,"100 מ""ל",false,1,10.00,6.67,true,1,
7290108356410,false,כיף תחליב רחצה בניחוח פנקייק בננה 700מ,החב. הדרומית לשיווק,IL,כיף תחליב רחצה,מיליליטרים,700.00,"100 מ""ל",false,1,10.90,1.56,true,1,
7290108356489,false,"כיף - תחליב רחצה אפרסק וחמאת מורומורו 700 מ""ל",החברה הדרומית לשיווק בעמ,IL,תחליב רחצה אפרסק,מיליליטרים,700.00,"100 מ""ל",false,1,10.90,1.56,true,1,
7290108356519,false,קרליין שמפו 10למניעת קשקשים 700מל,החברה הדרומית לשיווק בעמ,IL,שמפו 10 קרליין,מיליליטרים,700.00,"100 מ""ל",false,1,13.90,1.99,true,1,
7290108356526,false,"קרליין - שמפו 10 לשיער יבש 700 מ""ל",החברה הדרומית לשיווק בעמ,IL,שמפו 10 קרליין,מיליליטרים,700.00,"100 מ""ל",false,1,13.90,1.99,true,1,
7290108356540,false,קרוליין 10 שמפו לשיער צבוע 700 מל,החברה הדרומית לשיווק בעמ,IL,שמפו 10 קרליין,מיליליטרים,700.00,"100 מ""ל",false,1,13.90,1.99,true,1,
7290108356564,false,"קרליין - מרכך 10 לשיער רגיל 700 מ""ל",החברה הדרומית לשיווק בעמ,IL,מרכך 10 קרליין,מיליליטרים,700.00,"100 מ""ל",false,1,13.90,1.99,true,1,
7290108356571,false,"קרליין - מרכך 10 לשיער יבש 700 מ""ל",החברה הדרומית לשיווק בעמ,IL,מרכך 10 קרליין,מיליליטרים,700.00,"100 מ""ל",false,1,13.90,1.99,true,1,
7290108356595,false,קרוליין 10 מרכך לשיער צבוע 700 מל,החברה הדרומית לשיווק בעמ,IL,מרכך 10 קרליין,מיליליטרים,700.00,"100 מ""ל",false,1,13.90,1.99,true,1,
7290108356809,false,סבון בוטני ורד ומרווה לניקוי וטיפוח הידיים טבעוני 1 ל' כיף,החברה הדרומית לשיווק בעמ,IL,כיף סבון בוטני,ליטרים,1.00,ליטר,false,1,12.90,12.90,true,1,
7290108356816,false,"סבון בוטני גרניום ופטצ'ולי לניקוי וטיפוח הידיים, טבעוני 1 ל' כיף",החברה הדרומית לשיווק בעמ,IL,כיף סבון פטצ'ולי,ליטרים,1.00,ליטר,false,1,12.90,12.90,true,1,
7290108357004,false,כיף שמפו ורד ושמן קוקוי לרכות וברק,החברה הדרומית לשיווק בעמ,IL,שמפו כיף,מיליליטרים,700.00,"100 מ""ל",false,1,12.90,1.84,true,1,
7290108357028,false,"תחליב רחצה כיף ורד ושמן קוקוי 700 מ""ל",החברה הדרומית לשיווק בעמ,IL,כיף תחליב רחצה,מיליליטרים,700.00,"100 מ""ל",false,1,10.90,1.56,true,1,
7290108357042,false,"קרליין - נושם ביו דאודורנט רול און 75 מ""ל Citrus Blossoms לאישה",החברה הדרומית לשיווק בעמ,IL,דאו.רולאון ביו,מיליליטרים,75.00,"100 מ""ל",false,1,15.90,21.20,true,1,
7290108357073,false,"קרליין - נושם ביו דאודורנט ספריי 150 מ""ל Blossoms Citrus לאישה",החברה הדרומית לשיווק בעמ,CZ,דאו.ספריי ביו,מיליליטרים,150.00,"100 מ""ל",false,1,15.90,10.60,true,1,
7290108357080,false,"קרליין - נושם ביו דאודורנט ספריי 150 מ""ל Secret Garden לאישה",החברה הדרומית לשיווק בעמ,CZ,דאו.ספריי ביו,מיליליטרים,150.00,"100 מ""ל",false,1,15.90,10.60,true,1,
7290108357097,false,"קרליין - נושם ביו דאודורנט ספריי 150 מ""ל Velvet Rose לאישה",החברה הדרומית לשיווק בעמ,CZ,דאו.ספריי ביו,מיליליטרים,150.00,"100 מ""ל",false,1,15.90,10.60,true,1,
7290108357110,false,"קרליין - נושם ביו דאודורנט רול און 75 מ""ל Valvet Rose לאישה",החברה הדרומית לשיווק בעמ,IL,דאו.רולאון ביו,מיליליטרים,75.00,"100 מ""ל",false,1,15.90,21.20,true,1,
7290108357189,false,"מבשם ומרכך למייבש הכביסה מקסימה פלורל 750 מ""ל סנו",החברה הדרומית לשיווק בעמ,IL,מקסימה למייבש,מיליליטרים,750.00,"100 מ""ל",false,1,14.90,1.98,true,1,
7290108357196,false,"ג'ט פלוס לניקוי כללי בתוספת תמצית עץ התה 750 מ""ל סנו",החברה הדרומית לשיווק בעמ,IL,סנו ג'ט עץ התה,מיליליטרים,750.00,"100 מ""ל",false,1,15.90,2.12,true,1,
7290108357202,false,סנוקליר לניקוי בניחוח בלו בלוסום 1 ליטר,החברה הדרומית לשיווק בעמ,IL,סנו קליר,ליטרים,1.00,ליטר,false,1,9.90,9.90,true,1,
7290108357226,false,"אוקסיגן POWER אבקה לכביסה לבנה והסרת כתמים 1.4 ק""ג סנו",החברה הדרומית לשיווק בעמ,IL,אוקסיג'ן פאואר,קילוגרמים,1.40,"ק""ג",false,1,27.90,19.93,true,1,
7290108357240,false,"אוקסיג'ן פאוור תוסף להסרת כתמים קשים 1.4 ק""ג",החברה הדרומית לשיווק בעמ,IL,אוקסיג'ן פאואר,קילוגרמים,1.40,"ק""ג",false,1,27.90,19.93,true,1,
7290108357288,false,אקונומיקה ז'אוול בניחוח פריחה לבנה 4 ל' סנו,החברה הדרומית לשיווק בעמ,IL,אקונומיקה ג'אוול,ליטרים,4.00,ליטר,false,1,16.90,4.23,true,1,
7290108357295,false,"מרסס אוקסיג'ן מסיר כתמים סנו לכביסה לבנה 750 מ""ל",החברה הדרומית לשיווק בעמ,IL,אוקסיג'ן מסיר,מיליליטרים,750.00,"100 מ""ל",false,1,14.90,1.99,true,1,
7290108357301,false,"סנו - K300 קוטל חרקים תיקנים ונמלים 300 מ""ל",החברה הדרומית לשיווק בעמ,IL,K300 סנו,מיליליטרים,300.00,"100 מ""ל",false,1,14.90,4.96,true,1,
7290108357400,false,"תחליב רחצה קרמה לבנדר ואקליפטוס 700 מ""ל",החברה הדרומית לשיווק בעמ,IL,תחליב רחצה קרמה,מיליליטרים,700.00,"100 מ""ל",false,1,16.90,2.41,true,1,
7290108357448,false,"קרמה - קרם גוף קרמה לבנדר ואקליפטוס 500 מ""ל",החברה הדרומית לשיווק בעמ,IL,קרם גוף לבנדר,מיליליטרים,500.00,"100 מ""ל",false,1,21.90,4.38,true,1,
7290108357493,false,"תחליב רחצה קרמה וניל ופלפל ורוד 700 מ""ל",החברה הדרומית לשיווק בעמ,IL,תחליב רחצה קרמה,מיליליטרים,700.00,"100 מ""ל",false,1,16.90,2.41,true,1,
7290108357509,false,"קרם גוף קרמה וניל ופלפל ורוד 500 מ""ל",החברה הדרומית לשיווק בעמ,IL,קרם גוף קרמה,מיליליטרים,500.00,"100 מ""ל",false,1,21.90,4.38,true,1,
7290108357707,false,"כיף שמפו לשיער רגיל- תפוח זרעי צ'יה 700 מ""ל",החברה הדרומית לשיווק בעמ,IL,כיף שמפו,מיליליטרים,700.00,"100 מ""ל",false,1,12.90,1.84,true,1,
7290108357714,false,"כיף שמפו לשיער יבש -רימונים ושמן ארגן 700 מ""ל",החברה הדרומית לשיווק בעמ,IL,כיף שמפו,מיליליטרים,700.00,"100 מ""ל",false,1,12.90,1.84,true,1,
7290108357769,false,"מרכך לשיער רגיל תפוח וזרעי צ'יה 700 מ""ל כיף",החברה הדרומית לשיווק בעמ,IL,כיף מרכך שיער,מיליליטרים,700.00,"100 מ""ל",false,1,12.90,1.84,true,1,
7290108357776,false,"כיף מרכך לשיער יבש -רימונים ושמן ארגן 700 מ""ל",החברה הדרומית לשיווק בעמ,IL,כיף מרכך שיער,מיליליטרים,700.00,"100 מ""ל",false,1,12.90,1.84,true,1,
7290108357837,false,כיף אל סבון 1 ליטר ג'נסינג שקית מילוי + פקק,החברה הדרומית לשיווק בעמ,IL,כיף שקית מילוי,ליטרים,1.00,ליטר,false,1,9.90,9.90,true,1,
7290108357844,false,כיף אל סבון 1 ליטר אצות ים שקית מילוי + פקק,החברה הדרומית לשיווק בעמ,IL,כיף שקית מילוי,ליטרים,1.00,ליטר,false,1,9.90,9.90,true,1,
7290108357875,false,"כיף - שמפו לחות מוגברת עם אפרסק וחמאת מורומורו 700 מ""ל",החברה הדרומית לשיווק בעמ,IL,כיף שמפו אפרסק,מיליליטרים,700.00,"100 מ""ל",false,1,12.90,1.84,true,1,
7290108357882,false,"כיף - מרכך לחות מוגברת עם אפרסק וחמאת מורומורו 700 מ""ל",החברה הדרומית לשיווק בעמ,IL,כיף מרכך לשיער,מיליליטרים,700.00,"100 מ""ל",false,1,12.90,1.84,true,1,
7290108358070,false,"תחליב רחצה קלאסי קרמה 700מ""ל.",החברה הדרומית לשיווק בעמ,IL,קרמה תחליב רחצה,מיליליטרים,700.00,"100 מ""ל",false,1,16.90,2.41,true,1,
7290108358087,false,"תחליב רחצה מאסק קרמה 700מ""ל.",החברה הדרומית לשיווק בעמ,IL,תחליב רחצה קרמה,מיליליטרים,700.00,"100 מ""ל",false,1,16.90,2.41,true,1,
7290108358117,false,"פרש הום מקלות ריחניים לבית בניחוח כביסה רעננה 100 מ""ל",החברה הדרומית לשיווק בעמ,IL,מקלות ריחניים,מיליליטרים,100.00,"100 מ""ל",false,1,21.90,21.90,true,1,
7290108358124,false,דפי בישום לחים למייבש הכביסה בניחוח מרכך כביסה 20 יח' מקסימה,טרופיגל דגיל תעשיות קוסמ,IL,דפי בישום למייבש,יחידה,1.00,יחידה,false,1,12.80,12.80,true,1,
7290108359015,false,סושי שקיות זיפר עם סליידר 20 יח מדיום,החברה הדרומית לשיווק בעמ,CN,שקיות M זיפר,יחידה,1.00,יחידה,false,1,13.90,13.90,true,1,
7290108359077,false,סנו - סופט לושן ממחטות אף בקופסא 3 שכבות 120 יח',החברה הדרומית לשיווק בעמ,EG,סופט לושן ממחטות,יחידה,1.00,יחידה,false,1,12.90,12.90,true,1,
7290108359824,false,"כיף - בייבי כיף קרם 500 מ""ל",החברה הדרומית לשיווק בעמ,IL,קרם גוף בייבי,מיליליטרים,500.00,"100 מ""ל",false,1,19.90,3.98,true,1,
7290108359879,false,"אלסבון בייבי כיף+משאבה 750 מ""ל",החברה הדרומית לשיווק בעמ,IL,בייבי כיף אלסבון,מיליליטרים,750.00,"100 מ""ל",false,1,17.90,2.39,true,1,
7290108359893,false,"תחליב רחצה בייבי כיף+משאבה 750 מ""ל",החברה הדרומית לשיווק בעמ,IL,תחליב רחצה בייבי,מיליליטרים,750.00,"100 מ""ל",false,1,17.90,2.39,true,1,
7290108359985,false,סנו - ז'אוול מרסס קצף לניקוי וחינו בניחוח פריחה לבנה 1 ליטר,החברה הדרומית לשיווק בעמ,IL,ג'אוול קצף ניקוי,ליטרים,1.00,ליטר,false,1,18.90,18.90,true,1,
7290108500677,false,כבד דג שיבוט בשמן דג וילי פוד 115 גרם,ג. וילי-פוד אינטרנשיונל בע`מ,IS,כבד גד שיבוט,גרמים,115.00,100 גרם,false,1,9.50,8.26,true,1,
7290108501346,false,גבינה מגורדת גאודה 28% שומן EURO CHEESE ויליפוד 500 גרם,ג.וילי-פוד אינטרנשיונל **גבינו,IL,גאודה מגורדת,גרמים,500.00,100 גרם,false,1,24.90,4.98,true,1,
7290108501827,false,קדאיף שערות בצק ויליפוד 450 גרם,ג.וילי-פוד אינטרנשיונל **גבינו,GR,קדאיף שערות בצק,גרמים,450.00,100 גרם,false,1,19.90,4.42,true,1,
7290108502329,false,רביעיית טונה בשמן זית ויליפוד 4*160 גרם,ג. וילי-פוד אינטרנשיונל בע`מ,TH,טונה בשמן זית4יח,גרמים,160.00,100 גרם,false,1,27.90,17.44,true,1,
7290108502862,false,מלפפונים כבושים במלח 18-25 קטנים ויליפוד 600 גרם,ג. וילי-פוד אינטרנשיונל בע`מ,TR,מלפפונים כבושים,גרמים,600.00,100 גרם,false,1,11.90,1.98,true,1,
7290108503692,false,פיצה מרגריטה ויליפוד 380 גרם,ג.וילי-פוד אינטרנשיונל **גבינו,IT,פיצה מרגריטה 380,גרמים,380.00,100 גרם,false,1,14.90,3.92,true,1,
7290108504699,false,רביעיית טונה בשמן קנולה פתח קל ויליפוד 4*160 גרם,ג.וילי-פוד אינטרנשיונל בעמ,TH,נתחי טונה 4 יח,גרמים,640.00,100 גרם,false,1,21.90,3.42,true,1,
7290108504934,false,"דפי אורז למילוי 22 ס""מ 300 גרם בית יוסף",ג.וילי פוד אינטרנשיונל בעמ,VN,דפי אורז למילוי,גרמים,300.00,100 גרם,false,1,10.90,3.63,true,1,
7290108505160,false,יוגורט עם אגסים 4% שומן ויליפוד 150 גרם,ג.וילי-פוד אינטרנשיונל **גבינו,GR,יוגורט יווני,גרמים,150.00,100 גרם,false,1,5.50,3.67,true,1,
7290108505184,false,יוגורט עם קוקוס 5% שומן ויליפוד 150 גרם,ג.וילי-פוד אינטרנשיונל **גבינו,GR,יוגורט יווני,גרמים,150.00,100 גרם,false,1,5.50,3.67,true,1,
7290108505207,false,יוגורט עם אוכמניות 0% שומן ויליפוד 150 גרם,ג.וילי-פוד אינטרנשיונל **גבינו,GR,יוגורט יווני,גרמים,150.00,100 גרם,false,1,5.50,3.67,true,1,
7290108505214,false,יוגורט עם אפרסק 0% שומן ויליפוד 150 גרם,ג.וילי-פוד אינטרנשיונל **גבינו,GR,יוגורט יווני,גרמים,150.00,100 גרם,false,1,5.50,3.67,true,1,
7290108506426,false,סימיט בייגלה קפוא 400 גר` פינוקים וילי פ,ג.וילי-פוד אינטרנשיונל **גבינו,TR,סימיט בייגלה,גרמים,400.00,100 גרם,false,1,10.90,2.73,true,1,
7290108506495,false,"כנאפה מאפה בצק ""שערות"" קדאיף וגבינה",ג.וילי-פוד אינטרנשיונל **גבינו,TR,כנאפה קפוא,גרמים,192.00,100 גרם,false,1,14.90,7.76,true,1,
7290108507058,false,ביסקויט פריך בשוקולד חלב 100 גרם -קהילות,ג. וילי-פוד אינטרנשיונל בע`מ,TR,ביסקויט מצופה,גרמים,100.00,100 גרם,false,1,6.90,6.90,true,1,
7290108507645,false,ביסקויט פריך בשוקולד מריר 100 גרם -קהילות,ג. וילי-פוד אינטרנשיונל בע`מ,TR,ביסקויט בשוקולד,גרמים,100.00,100 גרם,false,1,6.90,6.90,true,1,
7290108507652,false,ביסקויט פריך בשוקולד לבן 100 גרם -קהילות,ג. וילי-פוד אינטרנשיונל בע`מ,TR,ביסקויט מצופנ,גרמים,100.00,100 גרם,false,1,6.90,6.90,true,1,
7290108508130,false,עגבניות איטלקיות מרוסקות 390 גרם,ג.וילי פוד אינטרנשיונל בעמ,IT,עגבניות מרוסקות,גרמים,390.00,100 גרם,false,1,8.90,2.28,true,1,
7290108508147,false,מחית עגבניות איטלקיות ויליפוד 500 גרם,ג.וילי פוד אינטרנשיונל בעמ,IT,מחית עגבניות,גרמים,500.00,100 גרם,false,1,8.90,1.78,true,1,
7290108508765,false,קונכיות פתיתים 400 גרם וילי פוד,ג. וילי-פוד אינטרנשיונל בע`מ,TR,קונכיות פתיתים,גרמים,400.00,100 גרם,false,1,5.90,1.48,true,1,
7290108509052,false,מאפה פילו במילוי גבינת פטה ויליפוד 400 גרם,ג.וילי-פוד אינטרנשיונל **גבינו,GR,מאפה פילו גבינת,גרמים,400.00,100 גרם,false,1,19.90,4.98,true,1,
7290108509069,false,מאפה פילו יווני מסורתי ממולא ירקות ירוקים,ג.וילי-פוד אינטרנשיונל **גבינו,GR,מאפה פילו ירקות,גרמים,400.00,100 גרם,false,1,19.90,4.98,true,1,
7290108509403,false,חלבה טורקית קלאסית 350 גרם ג.ויליפוד,ג.וילי פוד אינטרנשיונל בעמ,TR,חלבה טורקית,גרמים,350.00,100 גרם,false,1,10.00,2.85,true,1,
7290108509410,false,חלבה טורקית עם קקאו 350 גרם ויליפוד,ג.וילי פוד אינטרנשיונל בעמ,TR,חלבה טורקית,גרמים,350.00,100 גרם,false,1,10.00,2.85,true,1,
7290108509939,false,פרוסות פילה טונה בשמן זית כתית מעולה,ג. וילי-פוד אינטרנשיונל בע`מ,TH,פרוסות פילה טונה,גרמים,120.00,100 גרם,false,1,10.90,9.08,true,1,
7290108509960,false,נתחי טונה בהירה בשמן זית כתית מעולה - מארז 3 יח',ג. וילי-פוד אינטרנשיונל בע`מ,TH,טונה בשמן זית3יח,גרמים,240.00,100 גרם,false,1,15.90,6.63,true,1,
7290109230566,false,"וויסקי מילק&האני 700מ""ל",מזקקת מילק אנד האני,IL,וויסקי מילק האני,מיליליטרים,700.00,"100 מ""ל",false,1,199.90,28.56,true,1,
7290109351025,false,מלך החומוס חומוסטחינה 40% טחינה גולמית,קבוצת אוסם סחר שותפות מוגבלת,IL,חומוסטחינה צבר,גרמים,400.00,100 גרם,false,1,13.90,3.48,true,1,
7290109351957,false,פריכיות פיטנס מיני גדולות שוקולד חלב 100ג',קבוצת אוסם סחר שותפות מוגבלת,BE,פריכיות פיטנס,גרמים,100.00,100 גרם,false,1,8.50,8.50,true,1,
7290109352916,false,פריכיות דגנים פיטנס מצופות שוקולד לבן,קבוצת אוסם סחר שותפות מוגבלת,IL,פיטנס בר פריכיות,גרמים,84.00,100 גרם,false,1,12.90,15.36,true,1,
7290109353494,false,פסטה פרפקטו פארפאלה 500ג' אסם,קבוצת אוסם סחר-שות.מוגבלת,IT,פארפאלה פרפקטו,גרמים,500.00,100 גרם,false,1,6.90,1.38,true,1,
7290109354996,false,פתי בר ללא גלוטן שוקו 200 גרם אסם,קבוצת אוסם סחר שותפות מוגבלת,IL,פתי בר ללא גלוטן,גרמים,200.00,100 גרם,false,1,9.90,4.95,true,1,
7290109358482,false,עוגיות קרמוגית במילוי קרם בטעם חלבה,קבוצת אוסם סחר שותפות מוגבלת,IL,קרמוגית חלבה,גרמים,200.00,100 גרם,false,1,10.90,5.45,true,1,
7290109580036,false,"שניצל תירס 1.25 ק""ג זוגלובק",,IL,שניצל תירס 1.25,קילוגרמים,1.25,"ק""ג",false,1,39.90,31.92,true,1,
7290109580050,false,נקניקיות צ'וריסוס וונדרס 0% בשר טבעוני ללא גלוטן,זוגלובק שיווק בעמ ו/או וונדרס,IL,וונדרס נקנקיות צ,גרמים,226.00,100 גרם,false,1,29.90,13.23,true,1,
7290109580067,false,וונדרס טחון מן הצומח 340 גר`,זוגלובק שיווק בעמ ו/או וונדרס,IL,וונדרס טחון,גרמים,340.00,100 גרם,false,1,29.90,8.79,true,1,
7290109580098,false,קבנוס בטעם סרירצ'ה זוגלובק 135 גרם,נקניק זוגלובק נהריה,IL,קבנוס בטעם סרירצ,קילוגרמים,0.14,"ק""ג",false,1,11.20,80.00,true,1,
7290109580104,false,זוגלובק פרימיום רוסטביף 150 גרם,נקניק זוגלובק נהריה,IL,רוסטביף פרימיום,גרמים,150.00,100 גרם,false,1,22.90,15.27,true,1,
7290109580135,false,זוגלובק פרימיום קורנדביף 180 גרם,נקניק זוגלובק נהריה,IL,קורנדביף פרימיו,גרמים,180.00,100 גרם,false,1,22.90,12.72,true,1,
7290109580166,false,סרוולד קלאסי פרימיום 150 גרם זוגלובק,נקניק זוגלובק נהריה,IL,סרוולד קלאסי,גרמים,150.00,100 גרם,false,1,22.90,15.27,true,1,
7290109580227,false,נקניקיות עוף ובקר בסגנון ברלינאי קאריוורסט,נקניק זוגלובק נהריה,IL,נקניקיות קאריוור,גרמים,300.00,100 גרם,false,1,21.90,7.30,true,1,
7290109580241,false,נאגטס מן הצומח זוגלובק 500 גרם,נקניק זוגלובק נהריה,IL,נאגטס מן הצומח,קילוגרמים,0.50,"ק""ג",false,1,23.90,47.80,true,1,
7290109580319,false,"בורגר וונדרס 0% בשר , טבעוני",זוגלובק שיווק בעמ ו/או וונדרס,IL,וונדרס בורגר,גרמים,280.00,100 גרם,false,1,29.90,10.68,true,1,
7290109640198,false,מגורדת לפיצה ולאפיה 20% שומן 200 גרם - משומשו,קפוא זן תעשיות מזון בעמ,IL,מגורדת לפיצה,גרמים,200.00,100 גרם,false,1,19.90,9.95,true,1,
7290109640372,false,ממרח עם זיתים על בסיס רכיבי קוקוס 9%,קפוא זן תעשיות מזון בעמ,IL,"ממרח ע""ב קוקוס",גרמים,200.00,100 גרם,false,1,16.90,8.45,true,1,
7290109640396,false,ממרח שום שמיר על בסיס קוקוס 9% שומן 200 גרם - משומשו,קפוא זן תעשיות מזון בעמ,IL,"ממרח ע""ב קוקוס",גרמים,200.00,100 גרם,false,1,16.90,8.45,true,1,
7290109640631,false,לבנה על בסיס קוקוס 9% שומן 200 גרם - משומשו,קפוא זן תעשיות מזון בעמ,IL,לאבנה טבעוני,גרמים,200.00,100 גרם,false,1,16.90,8.45,true,1,
7290109920313,false,"אסטוניש מרסס לניקוי חלונות 750 מ""ל","יעקב יעקבי ובניו בע""מ",GB,מרסס חלונות,מיליליטרים,750.00,"100 מ""ל",false,1,12.90,1.72,true,1,
7290109920597,false,"אסטוניש - מרסס לניקוי המקלחון 750 מ""ל","יעקב יעקבי ובניו בע""מ",GB,מרסס למקלחון,מיליליטרים,750.00,"100 מ""ל",false,1,12.90,1.72,true,1,
7290109920627,false,"אסטוניש קרם ואקונומיקה לניקוי אמבטיות 500 מ""ל","יעקב יעקבי ובניו בע""מ",GB,אסטוניש אקונומיק,מיליליטרים,500.00,"100 מ""ל",false,1,11.90,2.38,true,1,
7290109921488,false,"דורגול לניקוי וחיטוי מכונת הכביסה יעקבי 500 מ""ל","יעקב יעקבי ובניו בע""מ",DE,דורגול למכ.כביסה,מיליליטרים,500.00,"100 מ""ל",false,1,29.90,5.98,true,1,
7290109922881,false,דורגול מרסס מרוכז למטבח 600 מל,יעקב יעקבי ובניו בעמ,CH,דורגול למטבח,מיליליטרים,600.00,"100 מ""ל",false,1,24.90,4.15,true,1,
7290109923024,false,"אסטוניש - מרסס פרמיום ארומטיק למטבח 750 מ""ל",יעקב יעקבי ובניו בעמ,GB,אסטוניש מרסס,מיליליטרים,750.00,"100 מ""ל",false,1,15.90,2.12,true,1,
7290109923147,false,אסטוניש מהדורה פרימיום פלא של אקונומיקה,יעקב יעקבי ובניו בע`מ,GB,אסטוניש מרסס,מיליליטרים,750.00,"100 מ""ל",false,1,14.90,1.99,true,1,
7290110000493,false,חמאת בוטנים טבעית קרנצ`י 350 גרם),"בטר אנד דיפרנט בע""מ",IL,חמאת בוטנים,גרמים,350.00,100 גרם,false,1,14.20,4.06,true,1,
7290110001841,false,חמאת בוטנים טבעית 760 גר,בטר אנד דיפרנט,IL,תמאת בוטנים טבעי,גרמים,760.00,100 גרם,false,1,24.90,3.28,true,1,
7290110110277,false,"סומרסבי סיידר תפוחים אלכוהולי 4*300 מ""ל",החברה המרכזית להפצת משקאות בעמ,HR,סומרסבי 4 יח',ליטרים,1.32,ליטר,false,1,27.90,21.13,true,1,
7290110110369,false,"שישייה בירה קרלסברג LUMA בקבוק 330 מ""ל",החברה המרכזית להפצת משקאות בעמ,IL,קרלסברג לומה 6יח,ליטרים,1.98,ליטר,false,1,37.90,19.14,true,1,
7290110114787,false,נביעות+ מים מינרליים בטעם תפוח 1.5 ליטר,החברה המרכזית להפצת משקאות בעמ,IL,נביעות+תפוח,ליטרים,1.50,ליטר,false,0,9.50,6.33,true,1,
7290110114794,false,נביעות+ מים מינרליים בטעם אפרסק 1.5 ליטר,החברה המרכזית להפצת משקאות בעמ,IL,נביעות+אפרסק,ליטרים,1.50,ליטר,false,0,9.50,6.33,true,1,
7290110114800,false,נביעות+ מים מינרליים בטעם ענבים 1.5 ליטר,החברה המרכזית להפצת משקאות בעמ,IL,נביעות+ענבים,ליטרים,1.50,ליטר,false,0,9.50,6.33,true,1,
7290110114855,false,"נביעות מים מינרליים, שישיה 6 * 1.5 ליטר פקדון",החברה המרכזית להפצת משקאות בעמ,IL,מים נביעות1.5*6ל,ליטרים,9.00,ליטר,false,0,12.70,1.41,true,1,
7290110114893,false,מיץ תפוזים מפוסטר סחוט 2 ליטר,*החברה המרכזית להפצת משקאותבעמ,IL,מיץ תפוזים,ליטרים,2.00,ליטר,false,0,23.90,11.95,true,1,
7290110114954,false,מיץ תפוזים מתקתקים פריגת 2 ליטר,*החברה המרכזית להפצת משקאותבעמ,IL,מיץ תפוזים,ליטרים,2.00,ליטר,false,0,21.40,10.70,true,1,
7290110114961,false,משקה קל בטעם תפוזים פריגת (1.5 ליטר),החברה המרכזית להפצת משקאות בעמ,IL,פריגת תפוזים,ליטרים,1.50,ליטר,false,0,8.90,5.93,true,1,
7290110114985,false,משקה קל בטעם אשכוליות פריגת (1.5 ליטר),החברה המרכזית להפצת משקאות בעמ,IL,פריגת אשכוליו,ליטרים,1.50,ליטר,false,0,8.90,5.93,true,1,
7290110114992,false,משקה קל בטעם אשכוליות לייט פריגת (1.5 לי,החברה המרכזית להפצת משקאות בעמ,IL,פריגת אשכולי,ליטרים,1.50,ליטר,false,0,8.50,5.67,true,1,
7290110115005,false,משקה קל בטעם ענבים פריגת (1.5 ליטר),החברה המרכזית להפצת משקאות בעמ,IL,פריגת ענבים,ליטרים,1.50,ליטר,false,0,8.90,5.93,true,1,
7290110115036,false,משקה קל בטעם מנגו פריגת (1.5 ליטר),החברה המרכזית להפצת משקאות בעמ,IL,פריגת מנגו,ליטרים,1.50,ליטר,false,0,8.90,5.93,true,1,
7290110115043,false,משקה קל בטעם לימונענע פריגת (1.5 ליטר),החברה המרכזית להפצת משקאות בעמ,IL,"משק""ל פריגת",ליטרים,1.50,ליטר,false,0,8.90,5.93,true,1,
7290110115050,false,משקה קל בטעם תות בננה פריגת (1.5 ליטר),החברה המרכזית להפצת משקאות בעמ,IL,פריגת תות בננ,ליטרים,1.50,ליטר,false,0,8.90,5.93,true,1,
7290110115081,false,פריגת צלול ענבים 1.5 ליטר פיקדון,החברה המרכזית להפצת משקאות בעמ,IL,פריגת צלול ענ,ליטרים,1.50,ליטר,false,0,8.50,5.67,true,1,
7290110115104,false,פריגת צלול אפרסק 1.5 ליטר פיקדון,החברה המרכזית להפצת משקאות בעמ,IL,פריגת צלול אפ,ליטרים,1.50,ליטר,false,0,8.50,5.67,true,1,
7290110115128,false,פריגת צלול בטעם לימונענע 1.5 ליטר פיקדון,החברה המרכזית להפצת משקאות בעמ,IL,פריגת צלול,ליטרים,1.50,ליטר,false,0,8.50,5.67,true,1,
7290110115203,false,קוקה קולה 1.5 ליטר פיקדון,החברה המרכזית להפצת משקאות בעמ,IL,קוקה קולה,ליטרים,1.50,ליטר,false,0,8.90,5.93,true,1,
7290110115210,false,קוקה קולה דיאט 1.5 ליטר פיקדון,החברה המרכזית להפצת משקאות בעמ,IL,קוקה קולה דיא,ליטרים,1.50,ליטר,false,0,8.50,5.67,true,1,
7290110115227,false,קוקה קולה Zero בקבוק 1.5 ליטר פיקדון,החברה המרכזית להפצת משקאות בעמ,IL,קוקה קולה זיר,ליטרים,1.50,ליטר,false,0,8.50,5.67,true,1,
7290110115234,false,קוקה קולה דיאט זירו 1.5 ליטר פיקדון,החברה המרכזית להפצת משקאות בעמ,IL,קולה זירו נטו,ליטרים,1.50,ליטר,false,0,8.50,5.67,true,1,
7290110115241,false,קוקה קולה דיאט לימון 1.5 ליטר פיקדון,החברה המרכזית להפצת משקאות בעמ,IL,קולה זירו לימ,ליטרים,1.50,ליטר,false,0,8.50,5.67,true,1,
7290110115258,false,קוקה קולה זירו מנגו 1.5 ליטר פיקדון,החברה המרכזית להפצת משקאות בעמ,IL,קולה זירו מנג,ליטרים,1.50,ליטר,false,0,8.50,5.67,true,1,
7290110115265,false,ספרייט לימון ליים 1.5 ליטר-,החברה המרכזית להפצת משקאות בעמ,IL,ספרייט ליים,ליטרים,1.50,ליטר,false,0,8.90,5.93,true,1,
7290110115272,false,ZERO ספרייט 1.5 ליטר פיקדון,החברה המרכזית להפצת משקאות בעמ,IL,ספרייט זירו,ליטרים,1.50,ליטר,false,0,8.90,5.93,true,1,
7290110115289,false,ספרייט 19 קל' לימון-נענע 1.5 ליטר פיקדון,החברה המרכזית להפצת משקאות בעמ,IL,ספרייט נענע,ליטרים,1.50,ליטר,false,0,8.90,5.93,true,1,
7290110115296,false,גזוז בטעם תפוז פאנטה 1.5 ליטר פיקדון,החברה המרכזית להפצת משקאות בעמ,IL,פאנטה אורנג',ליטרים,1.50,ליטר,false,0,8.90,5.93,true,1,
7290110115302,false,משקה מוגז אורנג' זירו פאנטה 1.5 ליטר,החברה המרכזית להפצת משקאות בעמ,IL,פאנטה זירו או,ליטרים,1.50,ליטר,false,0,8.90,5.93,true,1,
7290110115319,false,פאנטה אקזוטי פירות טרופיים 1.5ל פיקדון,החברה המרכזית להפצת משקאות בעמ,IL,פאנטה אקזוטי,ליטרים,1.50,ליטר,false,0,8.90,5.93,true,1,
7290110115333,false,גזוז בטעם תות פאנטה 1.5 ליטר פיקדון,החברה המרכזית להפצת משקאות בעמ,IL,פאנטה תות,ליטרים,1.50,ליטר,false,0,8.90,5.93,true,1,
7290110115357,false,קינלי סודה 1.5 ליטר פיקדון,החברה המרכזית להפצת משקאות בעמ,IL,קינלי סודה,ליטרים,1.50,ליטר,false,0,4.30,2.87,true,1,
7290110115364,false,קוקה קולה שישיות 1.5 ליטר פיקדון,החברה המרכזית להפצת משקאות בעמ,IL,קוקה קולה1.5*6ל,ליטרים,9.00,ליטר,false,0,49.90,5.54,true,1,
7290110115371,false,דיאט קוקה קולה שישיות 1.5 ליטר פיקדון,החברה המרכזית להפצת משקאות בעמ,IL,קולה דיאט1.5*6ל,ליטרים,9.00,ליטר,false,0,46.90,5.21,true,1,
7290110115388,false,ספרייט לימון ליים 1.5 ליטר מארז שישייה,החברה המרכזית להפצת משקאות בעמ,IL,ספרייט ליים1.5*6,ליטרים,9.00,ליטר,false,0,46.90,5.21,true,1,
7290110115395,false,ספרייט זירו שישיות 1.5 ליטר פיקדון,החברה המרכזית להפצת משקאות בעמ,IL,ספרייט זירו1.5*6,ליטרים,9.00,ליטר,false,0,43.90,4.88,true,1,
7290110115401,false,קינלי סודה שישייה 1.5 ליטר פיקדון,החברה המרכזית להפצת משקאות בעמ,IL,קינלי סודה1.5*6ל,ליטרים,9.00,ליטר,false,0,15.90,1.77,true,1,
7290110115418,false,קוקה קולה זירו 1.5 ליטר מארז שישייה,החברה המרכזית להפצת משקאות בעמ,IL,קולה זירו1.5*6ל,ליטרים,9.00,ליטר,false,0,46.90,5.21,true,1,
7290110115425,false,FUZE TEA גרין לימונענע -נענע 1.5 ליטר פיקדון,החברה המרכזית להפצת משקאות בעמ,IL,פיוז תה לימון,ליטרים,1.50,ליטר,false,0,8.90,5.93,true,1,
7290110115449,false,פיוז-טי תה מנגו אננס 1.5 ליטר פיקדון,החברה המרכזית להפצת משקאות בעמ,IL,תה מנגו אננס,ליטרים,1.50,ליטר,false,0,9.20,6.13,true,1,
7290110115456,false,פיוז-טי תה אפרסק 1.5 ליטר 19 קל פיקדון,החברה המרכזית להפצת משקאות בעמ,IL,פיוז תה אפרסק,ליטרים,1.50,ליטר,false,0,8.90,5.93,true,1,
7290110115463,false,פיוז-טי תה אפרסק 1.5 ליטר פיקדון,החברה המרכזית להפצת משקאות בעמ,IL,פיוז תה אפרסק,ליטרים,1.50,ליטר,false,0,9.20,6.13,true,1,
7290110115531,false,משקה מוגז תפוח זירו פאנטה 1.5 ליטר,החברה המרכזית להפצת משקאות בעמ,IL,פאנטה זירו תפ,ליטרים,1.50,ליטר,false,0,8.90,5.93,true,1,
7290110115586,false,פריגת תפוזים 40% פחות סוכר 1.5 ליטר פיקדון,החברה המרכזית להפצת משקאות בעמ,IL,פריגת תפוזים,ליטרים,1.50,ליטר,false,0,8.50,5.67,true,1,
7290110115593,false,פריגת אשכוליות 40% פחות סוכר 1.5 ליטר פיקדון,החברה המרכזית להפצת משקאות בעמ,IL,פריגת אשכוליו,ליטרים,1.50,ליטר,false,0,8.50,5.67,true,1,
7290110115616,false,פיוז-טי תה גרין אננס זירו 1.5 ליטר פיקדו,החברה המרכזית להפצת משקאות בעמ,IL,פיוז תה אננס,ליטרים,1.50,ליטר,false,1,8.90,5.93,true,1,
7290110115623,false,פיוז-טי תה אפרסק זירו 1.5 ליטר פיקדון,החברה המרכזית להפצת משקאות בעמ,IL,פיוז תה אפרסק,ליטרים,1.50,ליטר,false,1,8.90,5.93,true,1,
7290110116064,false,פאנטה זירו בטעם פירות ירוק 1.5 ל פיקדון,החברה המרכזית להפצת משקאות בעמ,IL,פאנטה זירו ירוק,ליטרים,1.50,ליטר,false,1,8.90,5.93,true,1,
7290110116125,false,"סירופ פריגת בטעם פטל 750 מ""ל פיקדון",החברה המרכזית להפצת משקאות בעמ,IL,סירופ בטעם פטל,מיליליטרים,750.00,"100 מ""ל",false,1,23.90,3.19,true,1,
7290110116132,false,"סירופ פריגת בטעם לימון 750 מ""ל פיקדון",החברה המרכזית להפצת משקאות בעמ,IL,סירופ בטעם לימון,מיליליטרים,750.00,"100 מ""ל",false,1,23.90,3.19,true,1,
7290110116149,false,"סירופ פריגת בטעם ענבים 750 מ""ל פיקדון",החברה המרכזית להפצת משקאות בעמ,IL,סירופ בטעם ענבים,מיליליטרים,750.00,"100 מ""ל",false,1,23.90,3.19,true,1,
7290110116194,false,נביעות+ סדרת 0 קלוריות לימון-ליים 1.5 ליטר,החברה המרכזית להפצת משקאות בעמ,IL,נביעות+למון ליים,ליטרים,1.50,ליטר,false,1,9.90,6.60,true,1,
7290110116217,false,נביעות+ סדרת 0 קלוריות אשכוליות 1.5 ליטר,החברה המרכזית להפצת משקאות בעמ,IL,נביעות+אשכולית,ליטרים,1.50,ליטר,false,1,9.90,6.60,true,1,
7290110116392,false,"סירופ פריגת בטעם תפוזים 750 מ""ל פיקדון",החברה המרכזית להפצת משקאות בעמ,IL,סירופ תפוזים,מיליליטרים,750.00,"100 מ""ל",false,1,23.90,3.19,true,1,
7290110116552,false,ספרייט לימון היט 1.5 ליטר LIME פיקדון,החברה המרכזית להפצת משקאות בעמ,IL,ספרייט למון היט,ליטרים,1.50,ליטר,false,1,8.90,5.93,true,1,
7290110116569,false,ספרייט זירו 1.5 ליטר LEMON HIT פיקדון,החברה המרכזית להפצת משקאות בעמ,IL,ספרייט זירו למון,ליטרים,1.50,ליטר,false,1,8.90,5.93,true,1,
7290110116576,false,ספרייט זירו לימון היט בקבוק 0.5,החברה המרכזית להפצת משקאות בעמ,IL,ספרייט זירו למון,מיליליטרים,500.00,"100 מ""ל",false,1,7.50,1.50,true,1,
7290110320683,false,שמיניית משקה יוגורט 1.5% טעם תות יופלה 107 גרם,מיוצר עי קונדיטוריית,IL,משקה יוגורט 8 יח,גרמים,856.00,100 גרם,false,1,17.00,1.99,true,1,
7290110320850,false,פתיתים גבינה חצי קשה מגורדת 28% שומן,תנובה מרכז שיתופי לש,IL,פתיתי עמק,גרמים,200.00,100 גרם,false,1,15.20,7.60,true,1,
7290110320867,false,פתיתים גבינה חצי קשה מגורדת 28% שומן,תנובה מרכז שיתופי לש,IL,פתיתי עמק,גרמים,500.00,100 גרם,false,1,34.90,6.98,true,1,
7290110320935,false,פרוסות מוצרלה 150 גר`קולקשיין תנובה,תנובה מרכז שיתופי לש,IL,פרוסות מוצרלה,גרמים,150.00,100 גרם,false,1,15.90,10.60,true,1,
7290110321031,false,מעדן חלב GO יוגורט מועשר בחלבון טבעי 200 ג' יופלה,"תנובה, מחלבת אלון תב",IL,יופלה GO יוגורט,גרמים,200.00,100 גרם,false,1,5.60,2.80,true,1,
7290110321277,false,קוטג בקטנה 5%. 100 גרם מהדרין תנובה,פארייפאבה אגרואינדוס,IL,קוטג' בקטנה 5%,גרמים,100.00,100 גרם,false,1,2.60,2.60,true,1,
7290110321284,false,קוטג' בקטנה 9% תנובה 100 גרם מהדרין,פארייפאבה אגרואינדוס,IL,קוטג' בקטנה 9%,גרמים,100.00,100 גרם,false,1,2.60,2.60,true,1,
7290110321604,false,קוביות פיראוס בולגרית מעודנת 5% 200 גרם - רבנות,"תנובה בע""מ ***",IL,קוביות מעודנת 5%,גרמים,200.00,100 גרם,false,1,21.60,10.80,true,1,
7290110321680,false,יוגורט GO בטעם תות 20 גרם חלבון בגביע,מיוצר עי קונדיטוריית,IL,יופלה GO יוגורט,גרמים,200.00,100 גרם,false,1,5.70,2.85,true,1,
7290110321697,false,יוגורט GO בטעם אפרסק 20 גרם חלבון בגביע,מיוצר עי קונדיטוריית,IL,יופלה GO יוגורט,גרמים,200.00,100 גרם,false,1,5.70,2.85,true,1,
7290110321703,false,יוגורט עם פירות יער בתוספת חלבוני חלב 2% שומן,מיוצר עי קונדיטוריית,IL,יופלה GO יוגורט,גרמים,200.00,100 גרם,false,1,5.70,2.85,true,1,
7290110321789,false,גבינת מסקרפונה 38% שומן 250 גר`השף הלבן,"תנובה בע""מ ***",IL,גבינת מסקרפונה,גרמים,250.00,100 גרם,false,1,20.60,8.24,true,1,
7290110322014,false,טופו בטעם טבעי תנובה ALTERNATIVE,שוורצקוף& הנקל דיסלד,IL,טופו טבעי300 גרם,גרמים,300.00,100 גרם,false,1,12.50,4.17,true,1,
7290110322021,false,"תנובה טופו בזיליקום 300 גר' בד""צ",שוורצקוף& הנקל דיסלד,IL,טופו בזיליקום,גרמים,300.00,100 גרם,false,1,12.50,4.17,true,1,
7290110322038,false,טופו בטעם פיקנטי 300 גר`תנובה,תנובה Alternative,IL,טופו פיקנטי,גרמים,300.00,100 גרם,false,1,12.50,4.17,true,1,
7290110322946,false,יופלה טיוב יוגורט במרקם חלק בטעם תות בננה כשרות רבנות 348 ג',תנובה - חלב,IL,יופלה טיוב 6 יח,גרמים,348.00,100 גרם,false,1,11.90,3.42,true,1,
7290110323073,false,"משקה יוגורט יופלה גו תות פטל 250 מ""ל - רבנות",מיוצר עי קונדיטוריית,IL,משקה יוגורט GO,מיליליטרים,250.00,"100 מ""ל",false,1,6.30,2.52,true,1,
7290110323301,false,טל העמק בסגנון אמנטל 32% שומן 200 גרם,"תנובה בע""מ ***",IL,גבינת טל העמק,גרמים,200.00,100 גרם,false,1,18.90,9.45,true,1,
7290110323585,false,יופלה יוגורט עם דובדבן מופחת קלוריות 200 ג' GO,"תנובה בע""מ ***",IL,יופלה GO דובדבן,גרמים,200.00,100 גרם,false,1,5.70,2.85,true,1,
7290110323592,false,יוגורט GO לייט בטעם אפרסק 20 גרם חלבון בגביע,תנובה בעמ ***,IL,יופלה GO אפרסק,גרמים,200.00,100 גרם,false,1,5.70,2.85,true,1,
7290110323714,false,משקה קוקוס שקדים תנובה E אלטרנטיב,מיוצר עי קונדיטוריית,IL,משקה קוקוס שקדים,ליטרים,1.00,ליטר,false,1,12.90,12.90,true,1,
7290110324353,false,יוגורט GO לייט בטעם אננס 20 גרם חלבון בגביע,מיוצר עי קונדיטוריית,IL,יופלה גו,גרמים,200.00,100 גרם,false,1,5.70,2.85,true,1,
7290110324551,false,יופלה טיוב יוגורט במרקם חלק תות כשרות מהדרין,"תנובה בע""מ ***",IL,יופלה טיוב תות,גרמים,348.00,100 גרם,false,1,11.90,3.42,true,1,
7290110324711,false,ממרח סויה 9% שומן בטעם טבעי תנובה 250 גרם,מיוצר עי קונדיטוריית,IL,ממרח סויה 9%,גרמים,250.00,100 גרם,false,1,9.90,3.96,true,1,
7290110324841,false,מעדן שקדים עם שוקולד מריר תנובה 125 גרם,מיוצר עי קונדיטוריית,IL,מעדן שקדים,גרמים,125.00,100 גרם,false,1,4.20,3.36,true,1,
7290110324858,false,מעדן שקדים בטעם אגוזי לוז תנובה 125 גרם,מיוצר עי קונדיטוריית,IL,מעדן שקדים,גרמים,125.00,100 גרם,false,1,4.20,3.36,true,1,
7290110324872,false,גבינה צהובה גלבוע (5% 200 גר`)תנובה,גלבוע - תנובה,IL,גלבוע 5%פרוסות,גרמים,200.00,100 גרם,false,1,17.90,8.95,true,1,
7290110324926,false,משקה סויה ללא תוספת סוכר E אלטרנטיב,תנובה מרכז שיתופי לש,IL,"משקה סויה ללת""ס",ליטרים,1.00,ליטר,false,1,10.90,10.90,true,1,
7290110325084,false,מאגדת שמינייה מיני קרלו שוניל 8*100גרם,"תנובה בע""מ ***",IL,מיני קרלו 8 יח,גרמים,800.00,100 גרם,false,1,14.90,1.86,true,1,
7290110325114,false,"משקה יוגורט יופלה גו לייט תות בננה 250 מ""ל - רבנות",מיוצר עי קונדיטוריית,IL,משקה יוגורט GO,מיליליטרים,250.00,"100 מ""ל",false,1,5.90,2.36,true,1,
7290110325169,false,פרוסות גאודה 170 גר` קולקשיין תנובה,תנובה בעמ ***,IL,פרוסות גאודה,גרמים,170.00,100 גרם,false,1,19.90,11.71,true,1,
7290110325305,false,יופלה GO סויה 20 גרם חלבון במתיקות מעודנת תנובה 200 גרם,מיוצר עי קונדיטוריית,IL,מעדן גו סויה,גרמים,200.00,100 גרם,false,1,5.70,2.85,true,1,
7290110325312,false,יופלה GO סויה 20 גרם חלבון בטעם תות תנובה 200 גרם,תנובה בעמ ***,IL,מעדן סויה ביו,גרמים,200.00,100 גרם,false,1,5.70,2.85,true,1,
7290110325619,false,משקה שיבולת שועל תנובה E אלטרנטיב,מיוצר עי קונדיטוריית,IL,משקה שיבולת שועל,ליטרים,1.00,ליטר,false,1,12.90,12.90,true,1,
7290110325701,false,פיראוס צזיקי יווני 9% שומן בשיטת יצור מסורתית על בסיס יוגורט,גוד פוד פרודקטס S.p,IL,צזיקי יווני,גרמים,250.00,100 גרם,false,1,12.90,5.16,true,1,
7290110325879,false,פתיתי גאודה תנובה 200 גרם,תנובה- השף הלבן,IL,פתיתי גאודה,גרמים,200.00,100 גרם,false,1,15.90,7.95,true,1,
7290110325893,false,משקה חלב GO מועשר בחלבון בטעם אייס קפה,מיוצר עי קונדיטוריית,IL,אייס קפה GO,מיליליטרים,340.00,"100 מ""ל",false,1,7.70,2.26,true,1,
7290110326227,false,יופלה און טופ קורנפלקס תנובה 157 גרם,מיוצר עי קונדיטוריית,IL,יופלה און טופ,גרמים,157.00,100 גרם,false,1,4.90,3.12,true,1,
7290110326234,false,יופלה און טופ כוכבים תנובה 157 גרם,מיוצר עי קונדיטוריית,IL,יופלה און טופ,גרמים,157.00,100 גרם,false,1,4.90,3.12,true,1,
7290110326333,false,פרוסות גבינה סקנדינבית 170 גר`קולקשיין,"תנובה בע""מ ***",IL,גבינה סקנדינבית,גרמים,170.00,100 גרם,false,1,19.90,11.71,true,1,
7290110327033,false,משקה סויה תנובה גו מועשר בחלבון במתיקות מופחתת,מיוצר עי קונדיטוריית,IL,משקה סויה מועשר,ליטרים,1.00,ליטר,false,1,12.90,12.90,true,1,
7290110327545,false,יופלה און טופ בטעם תות בתוספת פצפוצים מצופים שוקולד 157 גרם,מיוצר עי קונדיטוריית,IL,יופלה און טופ,גרמים,157.00,100 גרם,false,1,4.90,3.12,true,1,
7290110327798,false,חטיף חלבון GO - שוקולד 60 ג' חלב נוכרי - רבנות,"בלמונט קונפקציות בע""\מ.",US,חטיף חלבון,גרמים,60.00,100 גרם,false,1,12.90,21.50,true,1,
7290110327804,false,חטיף חלבון GO - עוגיות 60 ג' חלב נוכרי - רבנות,"בלמונט קונפקציות בע""\מ.",US,חטיף חלבון,גרמים,60.00,100 גרם,false,1,12.90,21.50,true,1,
7290110327811,false,חטיף חלבון GO בטעם בצק קוקוס 20 גר`חלבו,"בלמונט קונפקציות בע""\מ.",US,חטיף חלבון,גרמים,60.00,100 גרם,false,1,12.90,21.50,true,1,
7290110327828,false,חטיף חלבון GO - חמאת בוטנים 60 ג' חלב נוכרי - רבנות,"בלמונט קונפקציות בע""\מ.",US,חטיף חלבון,גרמים,60.00,100 גרם,false,1,12.90,21.50,true,1,
7290110328504,false,טריו - מיקס גבינות מוצרלה סקנדינבית וגאודה 300 גרם,מיוצר עי קונדיטוריית,IL,טריו פתיתי גבינה,גרמים,300.00,100 גרם,false,1,26.90,8.97,true,1,
7290110328627,false,יוגורט יופלה GO במרקם סמיך בטעם בננה קרמל 0%,מיוצר עי קונדיטוריית,IL,יוגורט גו קרמי,גרמים,200.00,100 גרם,false,1,5.90,2.95,true,1,
7290110328641,false,טופו טבעי 500 גר`אלטרנטיב 2*250 גר`,"תנובה בע""מ ***",IL,טופו טבעי,גרמים,500.00,100 גרם,false,1,18.90,3.78,true,1,
7290110328764,false,יוגורט יופלה GO במרקם סמיך עם תות 0%,מיוצר עי קונדיטוריית,IL,יוגורט גו קרמי,גרמים,200.00,100 גרם,false,1,5.90,2.95,true,1,
7290110328771,false,יוגורט יופלה GO במרקם סמיך עם פירות יער 0%,מיוצר עי קונדיטוריית,IL,יוגורט גו קרמי,גרמים,200.00,100 גרם,false,1,5.90,2.95,true,1,
7290110328788,false,יוגורט יופלה GO במרקם סמיך בטעם אפרסק 0%,תנובה מרכז שיתופי לש,IL,יוגורט גו סמיך,גרמים,200.00,100 גרם,false,1,5.90,2.95,true,1,
7290110328955,false,קוביות גבינת עזים בשמן מתובל פיראוס 350 גרם,דודוני תעשיית החלב החקלא,GR,קוביות גבינת עז,גרמים,150.00,100 גרם,false,1,26.90,17.93,true,1,
7290110329136,false,מעדן חלב מעושר בחלבון בטעם שוקולד 120 ג' GO,תנובה מרכז שיתופי לש,IL,מעדן חלב גו,גרמים,120.00,100 גרם,false,1,4.90,4.08,true,1,
7290110329143,false,מעדן חלב מעושר בחלבון בטעם וניל גביע 120 ג' GO,תנובה מרכז שיתופי לש,IL,מעדן חלב גו,גרמים,120.00,100 גרם,false,1,4.90,4.08,true,1,
7290110329266,false,יוגורט תנובה מחלב עיזים מלא תנובה 140 ג',תנובה בעמ ***,IL,יוגורט עיזים מלא,גרמים,140.00,100 גרם,false,1,5.90,4.21,true,1,
7290110329303,false,פרוסות בטעם צהובה קלאסית אלטרנטיב 200 גר,תנובה Alternative,IL,פרוסות צהובה,גרמים,200.00,100 גרם,false,1,21.90,10.95,true,1,
7290110329433,false,טופו טבעי עם רוטב סצ'ואן אלטרנטיב 250 גרם,תנובה - חלב,IL,טופו בטעם סצ'ואן,גרמים,310.00,100 גרם,false,1,13.90,4.48,true,1,
7290110329686,false,משקה GO חלב בטעם עוגיות 27 גר`חלבון,מיוצר עי קונדיטוריית,IL,משקה חלב GO,מיליליטרים,340.00,"100 מ""ל",false,1,7.70,2.26,true,1,
7290110329716,false,משקה חלב קר בטעם קפוצ'ינו 230 גרם תנובה,תנובה מרכז שיתופי לש,IL,משקה קפה קר,גרמים,230.00,100 גרם,false,1,7.90,3.43,true,1,
7290110329723,false,משקה חלב קר בטעם לאטה 230 גרם תנובה,תנובה מרכז שיתופי לש,IL,משקה קפה קר לאטה,גרמים,230.00,100 גרם,false,1,7.90,3.43,true,1,
7290110329730,false,"משקה חלב עם שוקולד וקפה בסגנון לאטה 2.7%  230 מ""ל תנובה",תנובה מרכז שיתופי לש,IL,משקה חלב שוקולד,גרמים,230.00,100 גרם,false,1,7.90,3.43,true,1,
7290110329792,false,יוגורט סויה BIO Alternative אפרסק 150 ג' תנובה,מיוצר עי קונדיטוריית,IL,מעדן סויה ביו,גרמים,150.00,100 גרם,false,1,4.90,3.27,true,1,
7290110329808,false,יוגורט סויה BIO Alternative תות 150 ג' תנובה,מיוצר עי קונדיטוריית,IL,מעדן סויה ביו,גרמים,150.00,100 גרם,false,1,4.90,3.27,true,1,
7290110329815,false,סויה BIO מתיקות מעודנת גביע 150 גרם אלטרנטיב,מיוצר עי קונדיטוריית,IL,מעדן סויה ביו,גרמים,150.00,100 גרם,false,1,4.90,3.27,true,1,
7290110329822,false,יוגורט סויה BIO Alternative פירות יער 150 ג' תנובה,מיוצר עי קונדיטוריית,IL,מעדן סויה ביו,גרמים,150.00,100 גרם,false,1,4.90,3.27,true,1,
7290110329846,false,יוגורט סויה BIO Alternative בטעם טבעי 150 ג' תנובה,מיוצר עי קונדיטוריית,IL,מעדן ביו טבעי,גרמים,150.00,100 גרם,false,1,4.90,3.27,true,1,
7290110329914,false,מאגדת משקה שיבולת שועל ושקדים 100 גרם*6 יח' ביו אלטרנטיב,תנובה מרכז שיתופי לש,IL,משקה שיבולת שועל,גרמים,600.00,100 גרם,false,1,19.90,3.32,true,1,
7290110550226,false,מטבעות שוקולד מריר לאפיה 400 גרם עלית,שטראוס גרופ בע`מ,IL,מטבעות שוקולד,גרמים,400.00,100 גרם,false,1,29.90,7.48,true,1,
7290110552121,false,יוגורט 5% בתוספת סידן וויטמין D היוגורט הראשון שלי,שטראוס גרופ בעמ/מצונן,IL,היוגורט הראשון,גרמים,100.00,100 גרם,false,1,2.30,2.30,true,1,
7290110552220,false,יוגורט PRO בטעם תות 0% סוכר לבן 20 גרם חלבון בגביע,שטראוס גרופ בעמ/מצונן,IL,דנונה פרו חלבון,גרמים,200.00,100 גרם,false,1,5.90,2.95,true,1,
7290110552237,false,יוגורט פרו בטעם אפרסק מנגו ללא סוכר 200 ג' דנונה,שטראוס גרופ בעמ/מצונן,IL,דנונה פרו חלבון,גרמים,200.00,100 גרם,false,1,5.90,2.95,true,1,
7290110553340,false,נמס מילקשייק- אבקה להכנת משקה קר בטעם מלבי,"שטראוס גרופ בע""מ",IL,אייס נמס מילקשיי,גרמים,200.00,100 גרם,false,1,13.70,6.85,true,1,
7290110553425,false,קפה נמס 200 גרם +20% תוספת עלית,שטראוס קפה בי.וי,IL,קפה נמס,גרמים,240.00,100 גרם,false,1,19.90,8.29,true,1,
7290110553623,false,צ'יטוס קראנצ'י בטעם צ'דר חלפיניו - חלבי,"שטראוס פריטו ליי בע""\מ )",IL,צי'טוס קראנץ,גרמים,80.00,100 גרם,false,1,4.50,5.63,true,1,
7290110554095,false,דבש לחיץ 440 גרם,מכוורת יד מרדכי שטראוס ב,IL,דבש לחיץ,גרמים,440.00,100 גרם,false,1,22.90,5.20,true,1,
7290110554262,false,חלבית מלבין קפה חלבי 350 ג' עלית,שטראוס גרופ בע`מ,PL,חלבית מלבין קפה,גרמים,350.00,100 גרם,false,1,20.90,5.97,true,1,
7290110554422,false,פומודורו רוטב עגבניות ופלפלים לשקשוקה לפסטה יד מרדכי 350 גרם,אמיליאנה קונסרב סוסייטה,IT,רוטב לשקשוקה,גרמים,350.00,100 גרם,false,1,11.90,3.40,true,1,
7290110554583,false,מארז חטיפי צ'יטוס פאפס בטעם גבינה - 10 יחידות,"שטראוס פריטו ליי בע""\מ )",IL,צ'יטוס פאפס 10יח,גרמים,200.00,100 גרם,false,1,12.90,6.45,true,1,
7290110554699,false,"קפה עולה קפסולות אספרסו קלייה איטית וכהה מאוד, 10 * 50 ג'",שטראוס קפה בי.וי.,IL,קפסולות בית קליה,גרמים,50.00,100 גרם,false,1,18.90,37.80,true,1,
7290110554712,false,"קפסולות קפה אספרסו קלייה איטית ובהירה, 10 * 50 ג'",שטראוס קפה בי.וי.,IL,קפסולות בית קליה,גרמים,50.00,100 גרם,false,1,18.90,37.80,true,1,
7290110554729,false,קפסולות עלית אספרסו 04 תואמות למכונות NESPRESSO,שטראוס קפה בי.וי.,IL,קפסולות מס' 4,גרמים,50.00,100 גרם,false,1,16.50,33.00,true,1,
7290110554798,false,פולי אספרסו עשירים וארומטיים עוצמה 8 עלית 250 גרם,שטראוס קפה בי. וי.,IL,פולי קפה אספרסו,גרמים,250.00,100 גרם,false,1,21.90,8.76,true,1,
7290110555078,false,לאבנה עם שמן זית ועשבי תיבול שטראוס 250 גרם,שטראוס גרופ בעמ/מצונן,IL,לאבנה,גרמים,250.00,100 גרם,false,1,11.00,4.40,true,1,
7290110555092,false,לאבנה עם שמן זית וצ'ילי שטראוס 250 גרם,שטראוס גרופ בעמ/מצונן,IL,לאבנה,גרמים,250.00,100 גרם,false,1,11.00,4.40,true,1,
7290110555306,false,רבע לשבע טבעוני סינמון באן עלית 125 גרם,"הגביע מוצרי וופלים בע""\מ",IL,רב לשבע טבעוני,גרמים,125.00,100 גרם,false,1,10.90,8.72,true,1,
7290110555368,false,רבע לשבע טבעוני מרשמלו עלית 125 גרם,"הגביע מוצרי וופלים בע""\מ",IL,רבע לשבע טבעוני,גרמים,125.00,100 גרם,false,1,10.90,8.72,true,1,
7290110555603,false,ספלנדיד אבקה להכנת משקה בטעם שוקולטה,"שטראוס גרופ בע""מ",GR,שוקולוטה ספלנדיד,גרמים,360.00,100 גרם,false,1,22.90,6.36,true,1,
7290110555665,false,קקאו דל שומן עלית בקופסא 220 גרם,"שטראוס גרופ בע""מ",GR,קקאו דל שומן,גרמים,220.00,100 גרם,false,1,19.90,9.05,true,1,
7290110556242,false,"שוקולד מריר פרווה 100 גר' בד""ץ תוצרת חוץ","שטראוס גרופ בע""מ.",FR,שוקולד פרה מריר,גרמים,100.00,100 גרם,false,1,5.50,5.50,true,1,
7290110557027,false,חומוס עשיר 50% טחינה גולמית 400 ג' אחלה,שטראוס גרופ בעמ/מצונן,IL,חומוס עשיר 50% ט,גרמים,400.00,100 גרם,false,1,13.90,3.48,true,1,
7290110557102,false,מעדן חלב עם שוקולד מועשר בחלבון 150 ג' שטראוס,שטראוס גרופ בעמ/מצונן,IL,מעדן שוקולד פרו,גרמים,150.00,100 גרם,false,1,5.30,3.53,true,1,
7290110557133,false,מעדן הגולן וניל 125 ג' שטראוס,שטראוס גרופ בעמ/מצונן,IL,מעדן הגולן וניל,גרמים,125.00,100 גרם,false,1,3.20,2.56,true,1,
7290110557317,false,יוגורט בתוספת סידן וויטמין ד עם שיבולת שועל 100 ג' דנונה,שטראוס גרופ בעמ/מצונן,IL,היוגורט הראשון,גרמים,100.00,100 גרם,false,1,2.30,2.30,true,1,
7290110557478,false,חומוס גלילי במרקם מעודן 600 גרם,שטראוס גרופ בעמ/מצונן,IL,חומוס גלילי,גרמים,600.00,100 גרם,false,1,12.90,2.15,true,1,
7290110558130,false,יוגורט אקטיביה עם שיבולת שועל ודבש 150 גרם,שטראוס גרופ בעמ/מצונן,IL,אקטיביה,גרמים,150.00,100 גרם,false,1,4.60,3.07,true,1,
7290110558154,false,דנונה לייט אנד פרי עוגת תפוחים 150ג דנונה,שטראוס גרופ בעמ/מצונן,IL,דנונה לייט,גרמים,150.00,100 גרם,false,1,4.50,3.00,true,1,
7290110558222,false,"וואו יוגורט עם שכבה בטעם בנופי פאי 5.4%, 150ג דנונה",שטראוס גרופ בעמ/מצונן,IL,דנונה WOW בנופי,גרמים,150.00,100 גרם,false,1,4.90,3.27,true,1,
7290110558239,false,"וואו יוגורט עם שכבה בטעם קראק פאי 5.4%, 150 ג דנונה",שטראוס גרופ בעמ/מצונן,IL,דנונה WOW,גרמים,150.00,100 גרם,false,1,4.90,3.27,true,1,
7290110558253,false,דנונה שייק נונה ריפרש בננה אננס וצ'יה,שטראוס גרופ בעמ/מצונן,IL,יוגורט ריפרש,גרמים,250.00,100 גרם,false,1,5.90,2.36,true,1,
7290110558284,false,דנונה ביו מולטי שטראוס 200 גרם,שטראוס גרופ בעמ/מצונן,IL,דנונה ביו מולטי,גרמים,200.00,100 גרם,false,1,4.30,2.15,true,1,
7290110558307,false,יוגורט דנונה PRO עם שיבולת שועל במתיקות מעודנת,שטראוס גרופ בעמ/מצונן,IL,דנונה פרו פלוס,גרמים,200.00,100 גרם,false,1,6.40,3.20,true,1,
7290110558314,false,דנונה פרו 20 גרם חלבון ללא סוכר פיסטוק 200 גרם,שטראוס גרופ בעמ/מצונן,IL,דנונה פרו,גרמים,200.00,100 גרם,false,1,5.90,2.95,true,1,
7290110558338,false,דנונה פרו 25 ג' חלבון 200 ג' שטראוס,שטראוס גרופ בעמ/מצונן,IL,דנונה פרו,גרמים,200.00,100 גרם,false,1,5.90,2.95,true,1,
7290110558666,false,מעדן גבינה בטעם תפוח 88 ג' דניאלה,שטראוס גרופ בעמ/מצונן,IL,דניאלה בטעם תפוח,גרמים,88.00,100 גרם,false,1,4.10,4.66,true,1,
7290110558918,false,עלי חסה קראנצ`שטופים 150 גר`טעם הטבע ש,ביכורי השדה הצפון בעמ` 1964,IL,עלי חסה קראנצ',גרמים,150.00,100 גרם,false,1,10.90,7.27,true,1,
7290110559748,false,ריל מאגדת שקדים קוקוס ושוקולד מריר שטראוס 105 גרם,"ואמואליס פודס אס.איי,",GR,חטיפי ריל אנרגי,גרמים,105.00,100 גרם,false,1,15.90,15.14,true,1,
7290110559755,false,ריל מאגדת בוטנים פיסטוק וחמוציות שטראוס 105 גרם,"ואמואליס פודס אס.איי,",GR,חטיפי ריל אנרגי,גרמים,105.00,100 גרם,false,1,15.90,15.14,true,1,
7290110560300,false,"הפריכיות הטעימות חומוס, עדשים שחורות, קינואה ופלפל שחור",אנרג'י Energy - שטראוס,IL,פריכיות אנרג'י,גרמים,30.00,100 גרם,false,1,5.00,16.67,true,1,
7290110560317,false,"הפריכיות הטעימות חומוס, עדשים שחורות, קינואה ומלח ים","פרח תעשיו מזון בע""מ",IL,פריכיות אנרג'י,גרמים,30.00,100 גרם,false,1,5.00,16.67,true,1,
7290110560324,false,"הפריכיות הטעימות תפו""א, אורז, אפונה ומלח ים","פרח תעשיו מזון בע""מ",IL,פריכיות אנרג'י,גרמים,30.00,100 גרם,false,1,5.00,16.67,true,1,
7290110561352,false,דנונה יוגורט ביו פרוביוטי 3% דל לקטוז 150ג',שטראוס גרופ בעמ/מצונן,IL,דנונה דל לקטוז,גרמים,200.00,100 גרם,false,1,3.70,1.85,true,1,
7290110561604,false,מארז 8 יחידות מעדן גמדים בטעם תות בננה,שטראוס גרופ בעמ/מצונן,IL,גמדים תות בננה8י,גרמים,800.00,100 גרם,false,1,18.90,2.36,true,1,
7290110563431,false,"משקה קפה קר בסגנון קלאסי 230 מ""ל 1.6% יוטבתה",שטראוס גרופ בעמ/מצונן,AT,משקה אייס קפה,מיליליטרים,230.00,"100 מ""ל",false,1,7.90,3.43,true,1,
7290110563448,false,"משקה קפה קר בסגנון מעודן 230 מ""ל 1.6% יוטבתה",שטראוס גרופ בעמ/מצונן,AT,משקה אייס קפה,מיליליטרים,230.00,"100 מ""ל",false,1,7.90,3.43,true,1,
7290110563462,false,חלב 2% דל לקטוז בבקבוק יטבתה 1 ליטר.,שטראוס גרופ בעמ/מצונן,IL,חלב נטול לקטוז,ליטרים,1.00,ליטר,false,1,8.20,8.20,true,1,
7290110564339,false,חומוס אחלה הסידרה המובחר 30% טחינה 400 גר',שטראוס גרופ בעמ/מצונן,IL,חומוס בטחינה,גרמים,400.00,100 גרם,false,1,13.90,3.48,true,1,
7290110564360,false,חומוס אחלה הסידרה המובחר 40% טחינה 400 גר',שטראוס גרופ בעמ/מצונן,IL,חומוס בטחינה,גרמים,400.00,100 גרם,false,1,13.90,3.48,true,1,
7290110565435,false,מעדן ג`לי בטעם פטל חלבי שטראוס (125 גרם,שטראוס גרופ בעמ/מצונן,IL,לימבו פטל,גרמים,125.00,100 גרם,false,1,2.10,1.68,true,1,
7290110565527,false,יוגורט PRO פרו 1.5% 20 גרם חלבון בגביע,שטראוס גרופ בעמ/מצונן,IL,דנונה פרו חלבון,גרמים,200.00,100 גרם,false,1,5.90,2.95,true,1,
7290110565572,false,מארז קפה טורקי עלית לדרך עם הל 168 גרם,שטראוס קפה בי.וי.,IL,קפה טורקי לדרך,גרמים,168.00,100 גרם,false,1,18.90,11.25,true,1,
7290110566975,false,דנונה פרו יוגורט 0% תות עשיר בחלבון 200ג',שטראוס גרופ בעמ/מצונן,IL,דנונה פרו חלבון,גרמים,200.00,100 גרם,false,1,5.90,2.95,true,1,
7290110568276,false,משקה וניל פרו Pro מועשר בחלבון 1.5%,שטראוס גרופ בעמ/מצונן,DE,משקה פרו וניל,גרמים,350.00,100 גרם,false,1,6.50,1.86,true,1,
7290110568559,false,דוריטוס עלית מארז חמוץ חריף 10 יח' *25 ג',"שטראוס פריטו ליי בע""מ )פ",IL,דוריטוס 10 יח,גרמים,250.00,100 גרם,false,1,13.90,5.56,true,1,
7290110568566,false,דוריטוס גריל עלית מארז 10 יח' *25 ג',"שטראוס פריטו ליי בע""מ )פ",IL,דוריטוס 10 יח,גרמים,250.00,100 גרם,false,1,13.90,5.56,true,1,
7290110571382,false,מעדן חלב בטעם וניל מעושר בחלבון 150 ג' שטראוס,שטראוס גרופ בעמ/מצונן,IL,מעדן פרו,גרמים,150.00,100 גרם,false,1,5.30,3.53,true,1,
7290110571399,false,צנצנת קוביות מסטיק בטעם גלידה תות 58 גר`,אסקום קונפקשיין,DE,מסטיק מאסט,גרמים,58.00,100 גרם,false,1,9.90,17.07,true,1,
7290110571535,false,מארז קפה טורקי הל עלית 300 גרם,שטראוס קפה בי.וי.,IL,עלית טורקי הל,גרמים,300.00,100 גרם,false,1,24.90,8.30,true,1,
7290110572129,false,כיף כף מקלות שוקולד לבן 40 ג' עלית,סולן בעבור שטראוס,TR,כיף כף מקלות,גרמים,40.00,100 גרם,false,1,4.80,12.00,true,1,
7290110572884,false,"קפסולות קפה מספר 20 למכונת אספרס אספרסו, 50 גרם",שטראוס קפה בי.וי.,IL,קפסולות קפה,גרמים,50.00,100 גרם,false,1,16.50,33.00,true,1,
7290110572969,false,כיף כף פצפצים עלית קרם לבן (40 גר`),שולן צ'\יקולטה גידה סאן.,TR,כיף כף פצפצים,גרמים,40.00,100 גרם,false,1,4.90,12.25,true,1,
7290110576363,false,"שוקולד ספלנדיד מריר 80% חלבי ,פולי קקאו מאוגנדה",שטראוס גרופ בע`מ,BE,שוקולד ספלנדיד,גרמים,100.00,100 גרם,false,1,8.90,8.90,true,1,
7290110576387,false,מאגדת שלישיית שוקולד אגוז חלב 300 ג' עלית,שטראוס גרופ בע`מ,FR,שוקולד אגוז 3 יח,גרמים,300.00,100 גרם,false,1,25.90,8.63,true,1,
7290110576752,false,טבלאות שוקולד ספלנדיד מריר 70% 100 ג' עלית,"שטראוס גרופ בע""מ",BE,שוקולד ספלנדיד,גרמים,100.00,100 גרם,false,1,10.00,10.00,true,1,
7290110576776,false,טבלאות שוקולד ספלנדיד מריר 85% 100 ג' עלית,שטראוס גרופ בע`מ,BE,שוקולד ספלנדיד,גרמים,100.00,100 גרם,false,1,10.00,10.00,true,1,
7290110576790,false,סקי בטעם מוקה 3% (125 גר`) דנונה,שטראוס גרופ בעמ/מצונן,IL,סקי בטעם מוקה,גרמים,125.00,100 גרם,false,1,3.70,2.96,true,1,
7290110576868,false,רבעיית גמדים סלט פירוט * 100 ג' שטראוס,שטראוס גרופ בעמ/מצונן,IL,גמדים 4 יח,גרמים,400.00,100 גרם,false,1,10.00,2.50,true,1,
7290110577230,false,משקה חלב בטעם פיסטוק בבקבוק יטבתה 1 ליטר,שטראוס גרופ בעמ/מצונן,IL,משקה חלב פיסטוק,ליטרים,1.00,ליטר,false,1,11.90,11.90,true,1,
7290110577247,false,"יטבתה משקה חלב-פיסטוק בבקבוק 350 מ""ל",שטראוס גרופ בעמ/מצונן,IL,משקה חלב פיסטוק,מיליליטרים,350.00,"100 מ""ל",false,1,6.20,1.77,true,1,
7290111097041,false,מגבונים בייביסיטר מבושם שמינייה,קיבוץ עמיר dpl,IL,מגבוני בייביסיטר,יחידה,1.00,יחידה,false,1,22.90,22.90,true,1,
7290111097546,false,קוויק מגבונים 99.9% לניקוי כללי למשטחים בניחוח מרכך כביסה 50 יחידות,שקד תבל בע`מ,IL,קוויק ניקוי משטח,יחידה,1.00,יחידה,false,1,7.90,7.90,true,1,
7290111340178,false,מטליות לחות לניקוי כללי בניחוח מרכך כביסה 50 יח' ניקול,קימברלי קלארק ישראל שיווק בעמ,IL,מטליות ניקוי,יחידה,1.00,יחידה,false,1,11.90,11.90,true,1,
7290111340185,false,מטליות לחות רצפה ניחוח מרכך כביסה ניקול 10 יחידות,קימברלי קלארק ישראל שיווק בעמ,IL,מטליות לרצפה,יחידה,1.00,יחידה,false,1,10.90,10.90,true,1,
7290111340956,false,ניקול מטליות לחות לרצפה בניחוח פריחה לבנה,קימברלי קלארק ישראל שיווק בעמ,IL,מטליות רצפה לחות,יחידה,1.00,יחידה,false,1,10.90,10.90,true,1,
7290111341366,false,מפיות אירוח איכותיות ונעימות למגע ניקול,קימברלי קלארק ישראל שיווק בעמ,SK,מפיות אירוח,יחידה,1.00,יחידה,false,1,7.90,7.90,true,1,
7290111341816,false,נייר אפייה ניקול עם סליידר 22 מ,קימברלי קלארק ישראל שיווק בעמ,IL,נייר אפיה,יחידה,1.00,יחידה,false,1,19.90,19.90,true,1,
7290111341984,false,לילי - מגבוני נייר טואלט לח פיור רביעייה,קימברלי קלארק ישראל שיווק בעמ,IL,נייר טואלט לח4יח,יחידה,1.00,יחידה,false,1,20.00,20.00,true,1,
7290111342042,false,כריות יפניות ניקול לניקוי אנטיבקטריאלי 4,קימברלי קלארק ישראל שיווק בעמ,IL,כריות יפניות,יחידה,1.00,יחידה,false,1,11.90,11.90,true,1,
7290111342059,false,50 מטליות מיקרופייבר לשטחים אנטיבקטריאלי ניקול,קימברלי קלארק ישראל שיווק בעמ,IL,מטליות לחות50יח,יחידה,1.00,יחידה,false,1,14.90,14.90,true,1,
7290111342073,false,מטליות מקרופייבר למשטחים אנטיבקטריאלי ניקול,קימברלי קלארק ישראל שיווק בעמ,CN,מטליות מקרופייבר,יחידה,1.00,יחידה,false,1,15.90,15.90,true,1,
7290111342738,false,לילי - מגבוני נייר טואלט לח קידס רביעייה,קימברלי קלארק ישראל שיווק בעמ,IL,נייר טואלט לח4יח,יחידה,1.00,יחידה,false,1,20.00,20.00,true,1,
7290111343117,false,קלינקס ממחטות לושן סופט פק זוגות 140דף,קימברלי קלארק ישראל שיווק בעמ,IL,קלינקס ממחטות,יחידה,1.00,יחידה,false,1,11.90,11.90,true,1,
7290111343483,false,קוטקס יאנג נייט תחבושות עם כנפיים 20 יח,חוגלה,CZ,תחבושות קוטקס,יחידה,1.00,יחידה,false,1,18.90,18.90,true,1,
7290111343759,false,דיפנד תחתונים סופגים XL נשים 9 יח,קימברלי קלארק ישראל שיווק בעמ,CZ,דיפנד תחתון סופג,יחידה,1.00,יחידה,false,1,54.90,54.90,true,1,
7290111343797,false,מטליות לחות לניקוי חלונות 48 יח' ניקול,קימברלי קלארק ישראל שיווק בעמ,IL,מטליות לחלונות,יחידה,1.00,יחידה,false,1,11.90,11.90,true,1,
7290111343841,false,ניקול ספוגית הקסם נירוסטה 3 יחידות,קימברלי קלארק ישראל שיווק בעמ,CN,ספוגית הקסם,יחידה,1.00,יחידה,false,1,11.90,11.90,true,1,
7290111343858,false,ניקול מטליות לחות לרצפה אנטיבקרטריאלי 10 יחידות,קימברלי קלארק ישראל שיווק בעמ,IL,מטליות לרצפה,יחידה,1.00,יחידה,false,1,13.90,13.90,true,1,
7290111344206,false,האגיס נטורל קר מגבונים לחים בבישום עדין רביעייה,קימברלי קלארק ישראל שיווק בעמ,IL,מגבונים האגיס 4*,יחידה,1.00,יחידה,false,1,19.90,19.90,true,1,
7290111344459,false,קוטוקס תחבושות נייט אקסטרא לונג 20 יח',קימברלי קלארק ישראל שיווק בעמ,CN,תחבושות נייט,יחידה,1.00,יחידה,false,1,18.90,18.90,true,1,
7290111344503,false,חיתולי האגיס אקסטרה קייר מידה +4 36 יח',קימברלי קלארק ישראל שיווק בעמ,CZ,האגיס אקסטרה קר,יחידה,1.00,יחידה,false,1,49.90,49.90,true,1,
7290111344527,false,ניקול שקיות אשפה XXL לפחים ענקיים 20 יחי,קימברלי קלארק ישראל שיווק בעמ,IL,שקיות אשפה XXL,יחידה,1.00,יחידה,false,1,25.90,25.90,true,1,
7290111344572,false,ניקול שקיות אשפה עם ידיות 25 יח',קימברלי קלארק ישראל שיווק בעמ,TR,שקיות אשפה XXL,יחידה,1.00,יחידה,false,1,19.90,19.90,true,1,
7290111344732,false,קלינקס - טיישו אלרג'י קומפורט ניילון זוגות 140 דף,קימברלי קלארק ישראל שיווק בעמ,IL,קלינקס זוג,יחידה,1.00,יחידה,false,1,15.90,15.90,true,1,
7290111344824,false,מגן תחתון קוטקס אקסטרא אנטיבקטריאלי לארג',קימברלי קלארק ישראל שיווק בעמ,CN,מגן תחתון קוטקס,יחידה,1.00,יחידה,false,1,19.90,19.90,true,1,
7290111344831,false,קוטקס - מגיני יום אקסטרא פרוטקט נורמל ביג 60 יח',קימברלי קלארק ישראל שיווק בעמ,CN,מגן תחתון קוטקס,יחידה,1.00,יחידה,false,1,19.90,19.90,true,1,
7290111344855,false,קוטקס - מגיני יום אקסטרא פרוטקט לארג' ביג 52 יח',קימברלי קלארק ישראל שיווק בעמ,CN,מגן תחתון קוטקס,יחידה,1.00,יחידה,false,1,19.90,19.90,true,1,
7290111344879,false,קוטקס מגיני תחתון 2IN1 מחזור+שתן 44 יחיד,קימברלי קלארק ישראל שיווק בעמ,CN,מגן תחתון קוטקס,יחידה,1.00,יחידה,false,1,19.90,19.90,true,1,
7290111344930,false,מטליות לחות לרצפה בניחוח כביסה ארומתרפיה ניקול 10 יח',קימברלי קלארק ישראל שיווק בעמ,IL,מטליות רצפה לחות,יחידה,1.00,יחידה,false,1,10.90,10.90,true,1,
7290111345043,false,ניקול מטליות מיקרופייבר דו צדדית למשטחים,קימברלי קלארק ישראל שיווק בעמ,CN,מטליות למשטחים,יחידה,1.00,יחידה,false,1,15.90,15.90,true,1,
7290111345050,false,כרית מיקרופייבר דו צדדית לניקוי עדין,קימברלי קלארק ישראל שיווק בעמ,CN,כריות דו צדדיות,יחידה,1.00,יחידה,false,1,12.30,12.30,true,1,
7290111345760,false,תחבושות נטורל דואו סופר 18 יח' קוטקס,קימברלי קלארק ישראל שיווק בעמ,CZ,תחבושות קוטקס,יחידה,1.00,יחידה,false,1,18.90,18.90,true,1,
7290111345777,false,תחבושת קוטקס כותנה לילה 16 יח' קוטקס,קימברלי קלארק ישראל שיווק בעמ,CZ,תחבושות קוטקס,יחידה,1.00,יחידה,false,1,18.90,18.90,true,1,
7290111350726,false,חטיף נאצוס הוטפופ בסגנון מקסיקני 322 גר,ליימן שליסל בע`מ,US,חטיף נאצ'וס,גרמים,322.00,100 גרם,false,1,16.90,5.25,true,1,
7290111350740,false,הוט פופ קידס טבעי+מלח 500 ג' +5 גביעים,ליימן שליסל בעמ,US,הוטפופ טבעי 5 יח,גרמים,500.00,100 גרם,false,1,14.90,2.98,true,1,
7290111352966,false,יוגטה סוכריות ממולאות בטעם פירות 250 גרם ללא ג'לטין,ליימן שליסל בע`מ,TR,סוכריות ממולאות,גרמים,250.00,100 גרם,false,1,6.90,2.76,true,1,
7290111352973,false,יוגוטה קוביות חמוצות ממולאות בטעם פירות,ליימן שליסל בע`מ,TR,סוכריות קוביות,גרמים,220.00,100 גרם,false,1,6.90,3.14,true,1,
7290111353055,false,"גומי דובי 200 גר' וסטהיים (כש""לפ בית יוסף)",אפגאם תעשיות ממתקים,TR,סוכריות גומי דוב,גרמים,200.00,100 גרם,false,1,9.90,4.95,true,1,
7290111353109,false,"גומי נחש מבריק 200 גר' וסטהיים (כש""לפ בית יוסף).",אפגאם תעשיות ממתקים,TR,סוכריות גומי נחש,גרמים,200.00,100 גרם,false,1,9.90,4.95,true,1,
7290111353239,false,"גומי יין 200 גר' וסטהיים (כש""לפ בית יוסף)",טופגם תעשיות ממתקים,TR,סוכריות גומי יין,גרמים,200.00,100 גרם,false,1,9.90,4.95,true,1,
7290111353376,false,שקית מנטוס 100 סוכריות בטעם מנטה,פרפטי ואן מלה ברדה,NL,מנטוס שמחות,גרמים,250.00,100 גרם,false,1,14.90,5.96,true,1,
7290111564239,false,מאגדת מיני קראנץ וניל 5 יח 275 גר,נגה גלידות שותפות מוגבלת,IL,מאגדת מיני קראנץ,גרמים,275.00,100 גרם,false,1,28.90,10.51,true,1,
7290111564277,false,פריכיות דקות ונימוחות 3 דגנים פיטנס Fitness,קבוצת אוסם סחר שותפות מוגבלת,IL,פריכיות פיטנס,גרמים,120.00,100 גרם,false,1,10.90,9.08,true,1,
7290111564291,false,פריכיות דקות ונימוחות 3 דגנים וקינואה פיטנס Fitness,קבוצת אוסם סחר שותפות מוגבלת,IL,פריכיות פיטנס,גרמים,120.00,100 גרם,false,1,10.90,9.08,true,1,
7290111565038,false,"לה קרמריה וניל קוקילידה בד""צ 1.4 ל'",נגה גלידות שותפות מוגבלת,IL,להקרמריה קוקיליד,ליטרים,1.40,ליטר,false,1,18.90,13.50,true,1,
7290111566240,false,שניצל דק מן הצומח בטעם צ'ילי חריף 700 גרם,קבוצת אוסם סחר שותפות מוגבלת,IL,שניצל דק בטעם צי,גרמים,564.00,100 גרם,false,1,31.90,5.66,true,1,
7290111566271,false,טבעול חטיפי תירס 657 גרם קפוא,קבוצת אוסם סחר שותפות מוגבלת,IL,חטיפי תירס טבעול,גרמים,657.00,100 גרם,false,1,29.90,4.55,true,1,
7290111566318,false,שניצל דק מן הצומח בטעם ביתי 700 גרם,קבוצת אוסם סחר שותפות מוגבלת,IL,שניצל דק מן הצומ,גרמים,564.00,100 גרם,false,1,31.90,5.66,true,1,
7290111566332,false,"נקניקיות וינר מן הצומח 680 גרם ""טבעול""",קבוצת אוסם סחר שותפות מוגבלת,IL,נקנ' וינר צמחוני,גרמים,680.00,100 גרם,false,1,31.90,4.69,true,1,
7290111566547,false,טבעול חזה בגריל צמחוני 99 קלוריות 560ג',קבוצת אוסם סחר-שות.מוגבלת,IL,חזה בגריל צמחוני,גרמים,560.00,100 גרם,false,1,31.90,5.70,true,1,
7290111566585,false,"שניצל צמחוני 99 קלוריות 650 גר' ""טבעול""",קבוצת אוסם סחר שותפות מוגבלת,IL,שניצל צמחוני,גרמים,650.00,100 גרם,false,1,31.90,4.91,true,1,
7290111566691,false,"שניצל תרד 99 קלוריות 560 גרם ""טבעול""",קבוצת אוסם סחר-שות.מוגבלת,IL,שניצל תרד 99 קלו,גרמים,560.00,100 גרם,false,1,31.90,5.70,true,1,
7290111566752,false,טבעול שניצל תירס 99 קלוריות 693 גרם,קבוצת אוסם סחר שותפות מוגבלת,IL,שניצל תירס 99,גרמים,693.00,100 גרם,false,1,31.90,4.60,true,1,
7290111568206,false,ביסלי פארטי מיקס אסם 150 גר',קבוצת אוסם סחר שותפות מוגבלת,IL,ביסלי פארטי מיקס,גרמים,150.00,100 גרם,false,1,7.50,5.00,true,1,
7290111568275,false,אטריות נודלס אורז רחבות אסם אסייתי 300גרם,קבוצת אוסם סחר שותפות מוגבלת,TH,נודלס אטריות,גרמים,300.00,100 גרם,false,1,9.90,3.30,true,1,
7290111660825,false,מפיות תחרה עגול 16 יחידו,,IL,מפיות תחרה,יחידה,1.00,יחידה,false,1,5.90,5.90,true,1,
7290111660863,false,מפיות תחרה מלבן 16 יחידו,,IL,מפיות תחרה,יחידה,1.00,יחידה,false,1,5.90,5.90,true,1,
7290111663291,false,כוס קריסטל כסף 10יחידות,,IL,כוס קריסטל,יחידה,1.00,יחידה,false,1,19.90,19.90,true,1,
7290111665097,false,תבנית נייר אינגליש קייק,,IL,תבנית אינגליש,יחידה,1.00,יחידה,false,1,2.00,2.00,true,1,
7290111775369,false,קטרקס חול לחתולים 6 ליטר,בנטאס,AM,חול לחתולים,ליטרים,6.00,ליטר,false,1,45.00,7.50,true,1,
7290111930799,false,חטיף בטעם בצל קראנצ',ש. שסטוביץ בע`מ,IL,קראנצ'וס בצל,גרמים,55.00,100 גרם,false,1,3.50,6.36,true,1,
7290111930850,false,קראנצ'וס טעם פיצה 55גר',ש. שסטוביץ בע`מ,IL,קראנצ'וס פיצה,גרמים,70.00,100 גרם,false,1,3.50,5.00,true,1,
7290111930898,false,חטיף פוף כוכבים גריל אמריקאי 40 גרם,ש. שסטוביץ בע`מ,IL,פוף כוכבים גריל,גרמים,40.00,100 גרם,false,1,3.90,9.75,true,1,
7290111930904,false,חטיף פוף כוכבים בצל 40 גרם,ש. שסטוביץ בע`מ,IL,פוף כוכבים בצל,גרמים,40.00,100 גרם,false,1,3.90,9.75,true,1,
7290111930911,false,חטיף פוף לבבות קלאסי 40 גרם,ש. שסטוביץ בע`מ,IL,פוף לבבות רגיל,גרמים,40.00,100 גרם,false,1,3.90,9.75,true,1,
7290111930928,false,חטיף פוף לבבות גריל 40 גרם,ש. שסטוביץ בע`מ,IL,פוף לבבות גריל,גרמים,40.00,100 גרם,false,1,3.90,9.75,true,1,
7290111930935,false,חטיף פוף טבעות קלאסי 40 גרם,ש. שסטוביץ בע`מ,IL,פוף טבעות,גרמים,40.00,100 גרם,false,1,3.90,9.75,true,1,
7290111932380,false,"מרידול משחת שיניים מארז 75X2מ""ל כשל""פ",ש.שסטוביץ בעמ,PL,משחת מרידול 2 יח,מיליליטרים,150.00,"100 מ""ל",false,1,24.90,16.60,true,1,
7290111932502,false,"משחת שיניים קולגייט אופטיק וייט אקספרט וויט 75 מ""ל",ש.שסטוביץ בעמ,PL,משחת שיניים,מיליליטרים,75.00,"100 מ""ל",false,1,24.90,33.20,true,1,
7290111933554,false,שלישייה עגבניות קוביות מאסטר שף 400 גרם,קונסוריזיו קאסאלסקו,IT,עגבניות קוביות,קילוגרמים,1.20,"ק""ג",false,1,16.90,14.08,true,1,
7290111933998,false,קוקי תבנית אינגליקייק עם נייר אפיה 4יח,ש.שסטוביץ בעמ,CN,תבנית אינגליש+ני,יחידה,1.00,יחידה,false,1,12.90,12.90,true,1,
7290111935527,false,"מ. שיניים קולגייט טוטל קלין מיניט -זוג כשל""פ2*100 גרם",קולגייט פלמוליב,PL,משחת קולגייט,מיליליטרים,200.00,"100 מ""ל",false,1,29.90,14.95,true,1,
7290111935961,false,מאסטר שף מחית עגבניות 690 גרם,פראנו אנריקו ופיגלי,IT,מחית עגבניות,גרמים,690.00,100 גרם,false,1,9.90,1.43,true,1,
7290111936203,false,"ליידי ספיד סטיק דרמה ספריי ויטמין אי 150 מ""ל",ליידי ספיד סטיק Lady Speed Stick,MX,ליידי ספיד סטיק,מיליליטרים,150.00,"100 מ""ל",false,1,13.90,9.27,true,1,
7290111936296,false,"פלמוליב סבון נוזלי בניחוח סנסיישן מסאז' ,750 מ""ל",קולגייט פלמוליב,TR,סבון פלמוליב,מיליליטרים,750.00,"100 מ""ל",false,1,19.90,2.65,true,1,
7290111936487,false,"קולגייט זוג משחת שיניים טוטל קלין להלבנה 100 מ""ל",קולגייט פלמוליב,PL,משחת קולגייט,מיליליטרים,200.00,"100 מ""ל",false,1,29.90,14.95,true,1,
7290111936784,false,מארז חמישיית חטיפי תמרים ואגוזי לוז פרי 125 גרם,"טבעית מוצרים מהטבע בע""\מ",IL,חטיפי פרי 5 יח,גרמים,125.00,100 גרם,false,1,16.90,13.52,true,1,
7290111937231,false,פרי מארז חטיפים 5 יחידות תמרים וקוקוס כשלפ,"טבעית מוצרים מהטבע בע""\מ",IL,חטיף פרי תמרים,גרמים,125.00,100 גרם,false,1,16.90,13.52,true,1,
7290111937248,false,פרי מארז חטיפים 5 יחידות תמרים קשיו ונגיעות לוז כשלפ,"טבעית מוצרים מהטבע בע""\מ",IL,חטיפי פרי 5 יח,גרמים,125.00,100 גרם,false,1,16.90,13.52,true,1,
7290111937712,false,קוקי רדיד אלומיניום עטוף בנייר אפייה,ש. שסטוביץ בע`מ,CN,רדיד אלומיניום,יחידה,1.00,יחידה,false,1,12.90,12.90,true,1,
7290111938481,false,"מאזטר שף רוטב סויה בהירה 300 מ""ל",ש. שסטוביץ בע`מ,TH,רוטב סויה בהירה,מיליליטרים,300.00,"100 מ""ל",false,1,8.90,2.97,true,1,
7290111939143,false,נייר אפייה קוקי עגול קוטר 28,,IL,נייר אפייה,יחידה,1.00,יחידה,false,1,7.90,7.90,true,1,
7290111939174,false,קוקי ניילון נצמד עם גומי מידה לארג,ש.שסטוביץ בעמ,CN,ניילון נצמד,יחידה,1.00,יחידה,false,1,9.90,9.90,true,1,
7290112000286,false,"גל לניקוי אסלות סיליט באנג לימון 750 מ""ל",רקיט בנקיזר (ניר איסט) בעמ,PL,סיליט ג'ל אסלה,מיליליטרים,750.00,"100 מ""ל",false,1,9.90,1.32,true,1,
7290112000293,false,"סיליט באנג ג'ל לחיטוי וניקוי האסלה פרש, 750 מ""ל",רקיט בנקיזר (ניר איסט) בעמ,PL,סיליט ג'ל לאסלה,מיליליטרים,750.00,"100 מ""ל",false,1,9.90,1.32,true,1,
7290112000408,false,מנקה ומחטא עוצמתי לניקוי כללי בניחוח לימון,רקיט בנקיזר (ניר איסט) בעמ,PL,דטול ספריי ניקוי,מיליליטרים,750.00,"100 מ""ל",false,1,11.90,1.59,true,1,
7290112000736,false,פיניש טבליות AIO 80 יח` אריזת חיסכון,רקיט בנקיזר (ניר איסט) בעמ,PL,פיניש 80 טבליות,יחידה,1.00,יחידה,false,1,55.90,55.90,true,1,
7290112000798,false,"דיטול תרסיסי חיטוי וניקוי אנטי בקטריאלי 750 מ""ל",רקיט בנקיזר (ניר איסט) בעמ,GB,דטול מחטא משטחים,מיליליטרים,750.00,"100 מ""ל",false,1,11.90,1.59,true,1,
7290112000828,false,דטול - מגבונים חיטוי וניקוי אנטי בקטריאלי 60 יח',רקיט בנקיזר (ניר איסט) בעמ,PL,מגבונים דטול,יחידה,1.00,יחידה,false,1,10.90,10.90,true,1,
7290112001030,false,"אירוויק ספרי אוטמטי מילוי פריחת הדובדבן 250 מ""ל",רקיט בנקיזר (ניר איסט) בעמ,GB,ארוויק מילוי,מיליליטרים,250.00,"100 מ""ל",false,1,15.90,6.36,true,1,
7290112001221,false,מנקה מכונת כביסה בניחוח נקי ורענן,רקיט בנקיזר (ניר איסט) בעמ,PT,קולון למכונה,מיליליטרים,250.00,"100 מ""ל",false,1,20.00,8.00,true,1,
7290112001436,false,"פיניש מנקה מדיח כלים בניחוח לימון 250 מ""ל",רקיט בנקיזר (ניר איסט) בעמ,PL,פיניש מנקה מדיח,מיליליטרים,250.00,"100 מ""ל",false,1,14.90,5.96,true,1,
7290112001740,false,ויט רצועות שעווה לפנים 40 יחידות,רקיט בנקיזר,FR,רצועות שעווה ויט,יחידה,1.00,יחידה,false,1,44.90,44.90,true,1,
7290112001900,false,פיניש ג'ל למדיח אקולוגי 1 ליטר,רקיט בנקיזר (ניר איסט) בעמ,FR,פיניש ג'ל למדיח,ליטרים,1.00,ליטר,false,1,42.90,42.90,true,1,
7290112002044,false,טבליות פיניש מנקה מדיח 3 יח,רקיט בנקיזר (ניר איסט) בעמ,HU,פיניש מנקה מדיח,יחידה,1.00,יחידה,false,1,14.90,14.90,true,1,
7290112002099,false,קולון גל כביסה מרוכז 2.5 ליטר קלאסי,רקיט בנקיזר (ניר איסט) בעמ,IL,ג'ל כביסה קולון,ליטרים,2.50,ליטר,false,1,21.90,8.76,true,1,
7290112002983,false,מרסס סיליט חומצת לימון לניקוי כללי 750מל,רקיט בנקיזר (ניר איסט) בעמ,PL,סיליט עם חומצה,מיליליטרים,750.00,"100 מ""ל",false,1,19.90,2.65,true,1,
7290112003553,false,איירוויק בוטניקה נר ריחני בניחוח עשבי יע,רקיט בנקיזר (ניר איסט) בעמ,CN,אירוויק נר ריחני,גרמים,205.00,100 גרם,false,1,24.90,12.15,true,1,
7290112004109,false,מטליות לחות לניקוי כללי וחיטוי בריח ליים ונענע- מארז,רקיט בנקיזר (ניר איסט) בעמ,PL,דטול מגבונים 3יח,יחידה,1.00,יחידה,false,1,21.90,21.90,true,1,
7290112004208,false,פיניש טבליות למדיח הכל ב 1 לימון 50 יחידות,רקיט בנקיזר (ניר איסט) בעמ,PL,פיניש לימון AIO,יחידה,1.00,יחידה,false,1,34.90,34.90,true,1,
7290112004611,false,"וניש קליה ג'ל מרוכז לטיפול נקודתי בכתמים 200 מ""ל",רקיט בנקיזר (ניר איסט) בעמ,PT,וניש קליה פאואר,מיליליטרים,200.00,"100 מ""ל",false,1,16.90,8.45,true,1,
7290112005045,false,וניש מסיר כתמים אבקה לכביסה לבנה 480 גרם,רקיט בנקיזר (ניר איסט) בעמ,IT,וניש אבקה לכביסה,גרמים,480.00,100 גרם,false,1,15.90,3.31,true,1,
7290112005052,false,וניש תוסף כביסה רב תכליתי לבגדים לבנים,רקיט בנקיזר (ניר איסט) בעמ,IT,וניש אבקה לכביסה,קילוגרמים,1.50,"ק""ג",false,1,39.90,26.60,true,1,
7290112005076,false,וניש תוסף כביסה רב תכליתי צבעוני 480 גרם,רקיט בנקיזר (ניר איסט) בעמ,IT,וניש אבקה לכביסה,גרמים,480.00,100 גרם,false,1,15.90,3.31,true,1,
7290112005083,false,וניש תוסף כביסה רב תכליתי לכביסה צבעונית,רקיט בנקיזר (ניר איסט) בעמ,IT,וניש אבקה לכביסה,קילוגרמים,1.50,"ק""ג",false,1,39.90,26.60,true,1,
7290112192578,false,משחת שיניים פרודונטקס אקסטרה פרש הגנה מלאה,ג'י.אס.קיי קונסיומר,IE,משחת פרודונטקס,מיליליטרים,75.00,"100 מ""ל",false,1,34.90,46.53,true,1,
7290112192875,false,"סנסודיין - משחת שיניים רגישות וחניכיים 75 מ""ל",סנסודיין Sensodyne,GB,משחת סנסודיין,מיליליטרים,75.00,"100 מ""ל",false,1,33.90,45.20,true,1,
7290112195227,false,איטריות ביצים ד`ע`ות 500 גר`,גורי מוצרי צריכה 1991 בעמ,PL,איטריות ביצים,גרמים,500.00,100 גרם,false,1,13.90,2.78,true,1,
7290112330352,false,"יוגורט PRO בטעם וניל 0% , 20 גרם חלבון בגביע",שטראוס גרופ בעמ/מצונן,IL,דנונה פרו20 וניל,גרמים,200.00,100 גרם,false,1,5.90,2.95,true,1,
7290112330390,false,דנונה פרו פירות יער 20 גרם חלבון 0% שומן 200 גרם,שטראוס גרופ בעמ/מצונן,IL,דנונה פרו 0%,גרמים,200.00,100 גרם,false,1,5.90,2.95,true,1,
7290112330420,false,דנונה פרו לבן 2.9% שומן בודד 150גר,שטראוס גרופ בעמ/מצונן,IL,דנונה עם חלבון,גרמים,150.00,100 גרם,false,1,4.90,3.27,true,1,
7290112332585,false,פריכיות משולש תפוא אורז בתיבול סלק ומלח ים אנרג'י 30 גרם,"פרח תעשיו מזון בע""מ",IL,"פריכיות תפו""א",גרמים,30.00,100 גרם,false,1,5.00,16.67,true,1,
7290112332691,false,פינוקיות עוגיות קרם פסק זמן אגוזים 200 גרם,"הגביע מוצרי וופלים בע""\מ",IL,פינוקיות פסק זמן,גרמים,200.00,100 גרם,false,1,10.90,5.45,true,1,
7290112332875,false,מסטיק מאסט קוביות בטעם מנטה עדינה 86 ג' עלית,שטראוס גרופ בע`מ,DE,מאסט קוביות,גרמים,86.00,100 גרם,false,1,13.90,16.16,true,1,
7290112335487,false,הפריכיות הטעימות קצח ודגנים אנרג'י 135 גרם,אנרג'י Energy - שטראוס,IL,הפריכיות הטעימות,גרמים,135.00,100 גרם,false,1,11.00,8.15,true,1,
7290112335494,false,הפריכיות הטעימות תפוחי אדמה בטעם פוטטוס,"פרח תעשיות מזון בע""\מ",IL,הפריכיות הטעימות,גרמים,135.00,100 גרם,false,1,11.00,8.15,true,1,
7290112336613,false,עד חצות עוגיות סנדוויץ במילוי שוקולד חלב,שטראוס גרופ בע`מ,FR,עד חצות סנדוויץ,גרמים,135.00,100 גרם,false,1,9.90,7.33,true,1,
7290112336644,false,סוכריות מאסט ללא סוכר לימון 80 ג' עלית,"שטראוס גרופ בע""מ",PL,סוכריות מאסט,גרמים,80.00,100 גרם,false,1,7.50,9.38,true,1,
7290112336651,false,סוכריות מאסט ללא סוכר ריבת חלב 80 ג' עלית,"שטראוס גרופ בע""מ",PL,סוכריות מאסט,גרמים,80.00,100 גרם,false,1,7.50,9.38,true,1,
7290112336712,false,יוגורט PRO לבן 0% 21 גרם חלבון בגביע,שטראוס גרופ בעמ/מצונן,IL,דנונה פרו 21,גרמים,200.00,100 גרם,false,1,5.90,2.95,true,1,
7290112337481,false,סוכריות מאסט ללא סוכר קפצ''ינו 80 ג' עלית,שטראוס גרופ בע`מ,PL,סוכריות מאסט,גרמים,80.00,100 גרם,false,1,7.50,9.38,true,1,
7290112338877,false,מעדן גבינה בטעם תות 3% 125ג' סקי,שטראוס גרופ בעמ/מצונן,IL,סקי תות,גרמים,125.00,100 גרם,false,1,3.70,2.96,true,1,
7290112339171,false,מעדן מוס שוקולד 81 גר`מילקי,שטראוס גרופ בעמ/מצונן,IL,מילקי מוס שוקולד,גרמים,81.00,100 גרם,false,1,3.50,4.32,true,1,
7290112339362,false,דנונה לייט אנד פריי בטעם קפוצ'ינו 150 גרם,שטראוס גרופ בעמ/מצונן,IL,דנונה לייט,גרמים,150.00,100 גרם,false,1,4.50,3.00,true,1,
7290112339867,false,גמדים לדרך גבינה לבנה עם מחית תות,שטראוס גרופ בעמ/מצונן,IL,גמדים לדרך,גרמים,100.00,100 גרם,false,1,5.90,5.90,true,1,
7290112339874,false,גמדים לדרך גבינה לבנה עם מחיות תות ובננה,שטראוס גרופ בעמ/מצונן,IL,גמדים לדרך,גרמים,100.00,100 גרם,false,1,5.90,5.90,true,1,
7290112340122,false,הפריכיות הטעימות 3 דגנים אנרג'י 135 גרם,"פרח תעשיות מזון בע""\מ",IL,פריכיות טעימות,גרמים,135.00,100 גרם,false,1,11.00,8.15,true,1,
7290112340245,false,מסטיק מאסט צנצנת בטעם דובדבן 66 גר` מגדי,"שטראוס גרופ בע""\מ",IL,מסטיק דובדבן,גרמים,66.00,100 גרם,false,1,9.90,15.00,true,1,
7290112340252,false,צנצנת מסטיק מאסט בטעם אבטיח מלון 66 ג' עלית,"שטראוס גרופ בע""\מ",IL,מסטיק אבטיח מלון,גרמים,66.00,100 גרם,false,1,9.90,15.00,true,1,
7290112340276,false,פינוקיות עוגיית קרם קפה נמס 200 גרם,"הגביע מוצרי וופלים בע""\מ",IL,פינוקיות קרם קפה,גרמים,200.00,100 גרם,false,1,10.90,5.45,true,1,
7290112340900,false,קפה טורקי האג נטול קפאין 200 גרם,הנסיך- מפעל לייצור ט,,קפה טורקי האג,יחידה,1.00,יחידה,false,0,24.90,24.90,true,1,
7290112341556,false,יוגורט אקטיביה עם צ'יה ותות 150 גרם,שטראוס גרופ בעמ/מצונן,IL,אקטיביה פרי,גרמים,150.00,100 גרם,false,1,4.60,3.07,true,1,
7290112341679,false,אקטיביה יוגורט 3% דנונה (200 גרם),שטראוס גרופ בעמ/מצונן,IL,אקטיביה 3%,גרמים,200.00,100 גרם,false,1,4.00,2.00,true,1,
7290112341686,false,שמינייה יוגורט לבן אקטיביה 3% דנונה 150 גרם.,שטראוס גרופ בעמ/מצונן,IL,אקטיביה מארז 8יח,קילוגרמים,1.20,"ק""ג",false,1,19.90,16.58,true,1,
7290112342102,false,סימפוניה גבינה במרקם שמנת בצל מקורמל 5%,שטראוס גרופ בעמ/מצונן,IL,גבינת סימפוניה,גרמים,200.00,100 גרם,false,1,11.00,5.50,true,1,
7290112342270,false,קפה פלטינום אינטנס מחוזק ב- 10% אספרסו,שטראוס קפה בי.וי,IL,קפה פלטינום,גרמים,125.00,100 גרם,false,1,18.20,14.56,true,1,
7290112343260,false,"יטבתה רוטב שמנת קלאסי 9% שומן 260 מ""ל",שטראוס גרופ בעמ/מצונן,IL,רוטב שמנת קלאסי,גרמים,260.00,100 גרם,false,1,10.90,4.19,true,1,
7290112343420,false,"משקה חלב עם דגנים מלאים ובננה פרו יטבתה 350מ""ל",שטראוס גרופ בעמ/מצונן,IL,יטבתה פרו משקה,מיליליטרים,350.00,"100 מ""ל",false,1,7.50,2.14,true,1,
7290112343499,false,חטיף צ'יטוס פאפס אפוי בטעם גבינה,"שטראוס פריטו ליי בע""\מ )",IL,חטיף צ'יטוס puff,גרמים,55.00,100 גרם,false,1,3.50,6.36,true,1,
7290112343512,false,צ'יטוס puffs בטעם גבינה 180 גרם,"שטראוס פריטו ליי בע""\מ )",IL,חטיף ציטוסpuffs,גרמים,160.00,100 גרם,false,1,7.90,4.94,true,1,
7290112344410,false,דבש טהור 400 גרם,מכוורת יד מרדכי שטראוס ב,IL,דבש טהור,גרמים,400.00,100 גרם,false,1,22.00,5.50,true,1,
7290112344564,false,רביולי גבינה קלאסי שטראוס 400 ג',שטראוס גרופ בעמ/מצונן,IL,רביולי גבינה,גרמים,400.00,100 גרם,false,1,19.90,4.98,true,1,
7290112344724,false,מילקי בטעם שוקולד בלונדי עם קצפת 133גר,שטראוס גרופ בעמ/מצונן,IL,מילקי בלונדי,גרמים,133.00,100 גרם,false,1,3.50,2.63,true,1,
7290112344755,false,מילקי עם 26% פחות סוכר 135 גר}שטראוס{,שטראוס גרופ בעמ/מצונן,IL,מילקי,גרמים,135.00,100 גרם,false,1,2.90,2.15,true,1,
7290112344786,false,קפה פלטינום קלאסיק עלית 200 גרם,הנסיך- מפעל לייצור ט,IL,קפה נמס פלטינום,גרמים,200.00,100 גרם,false,1,21.90,10.95,true,1,
7290112344953,false,סימפוניה חציל קלוי גבינה במקרם שמנת 5%,שטראוס גרופ בעמ/מצונן,IL,גבינת סימפוניה,גרמים,200.00,100 גרם,false,1,11.00,5.50,false,1,
7290112346360,false,בפלות אחת אחת בציפוי שוקולד חלב עלית 180 גרם,הגביע מוצרי וופלים ב,GR,בפלות אחת אחת,גרמים,180.00,100 גרם,false,1,13.90,7.72,true,1,
7290112346537,false,עוגיות פינוקיות בטעם טורטית 200 ג' עלית,"הגביע מוצרי ופלים בע""\מ",IL,פינוקיות טורטית,גרמים,200.00,100 גרם,false,1,10.90,5.45,true,1,
7290112346629,false,דנונה בר יוגורט+קורנפלקס מצופה שוקולד חלב ולבן 172 גרם,שטראוס גרופ בעמ/מצונן,IL,דנונה בר,גרמים,172.00,100 גרם,false,1,4.60,2.67,true,1,
7290112346773,false,יוגורט בטעם וניל 0% לייט אנד פרי 10 גרם חלבון בגביע,שטראוס גרופ בעמ/מצונן,IL,דנונה לייט וניל,גרמים,150.00,100 גרם,false,1,4.50,3.00,false,1,
7290112346797,false,יוגורט אקטיביה שיבולת שועל ושזיף 150 גרם,שטראוס גרופ בעמ/מצונן,IL,אקטיביה שזיף,גרמים,150.00,100 גרם,false,1,4.60,3.07,true,1,
7290112346827,false,אקטימל ויטמין c פטל שמינייה 864 גרם,שטראוס גרופ בעמ/מצונן,IL,אקטימל ויטמין C,מיליליטרים,800.00,"100 מ""ל",false,1,20.90,2.61,true,1,
7290112347008,false,גמדים לדרך גבינה לבנה עם מחית תות ושיבולת שועל,שטראוס גרופ בעמ/מצונן,IL,גמדים ארוחת בוקר,גרמים,100.00,100 גרם,false,1,5.90,5.90,true,1,
7290112348142,false,שעועית לבנה 380 גר' בקופסה טעם הטבע,שטראוס גרופ בע`מ,IT,שעועית לבנה,גרמים,380.00,100 גרם,false,1,6.90,1.82,true,1,
7290112348586,false,עלית - קפה נמס מילקשייק אייס קלאסי 200 גרם (2),שטראוס קפה בי.וי,IL,מילקשייק אייס,גרמים,200.00,100 גרם,false,1,13.70,6.85,true,1,
7290112348616,false,עלית - קפה נמס אגוזי לוז 100 גרם,שטראוס גרופ בע`מ,IL,קפה נמס טעם אגוז,גרמים,100.00,100 גרם,false,1,13.70,13.70,true,1,
7290112348999,false,הפריכיות הטעימות תירס דקות אנרג'י 135 גרם,שטראוס גרופ בע`מ,IL,פריכיות תירס,גרמים,135.00,100 גרם,false,1,11.00,8.15,true,1,
7290112349316,false,מסטיק בזוקה פופים ממולא בטעם תות ללא סוכר,"שטראוס גרופ בע""מ",DE,בזוקה פופים,גרמים,86.00,100 גרם,false,1,13.90,16.16,true,1,
7290112349538,false,קפה טורקי עלית 160 גרם,שטראוס קפה בי.וי.,IL,קפה טורקי עלית,גרמים,160.00,100 גרם,false,1,12.60,7.88,true,1,
7290112349606,false,מעדן גבינה ויוגורט תות בננה 88 ג' דניאלה,שטראוס גרופ בעמ/מצונן,IL,דניאלה תות בננה,גרמים,88.00,100 גרם,false,1,4.10,4.66,true,1,
7290112349705,false,פומודורו רוטב עגבניות קלאסי לפסטה יד מרדכי 350 גרם,אמיליאנה קונסרב סוסייטה,IT,רוטב לפסטה,גרמים,350.00,100 גרם,false,1,11.90,3.40,true,1,
7290112349736,false,בזיליקום רוטב עגבניות לפסטה יד מרדכי 350 גרם,אמיליאנה קונסרב סוסייטה,IT,רוטב עגבניות,גרמים,350.00,100 גרם,false,1,11.90,3.40,true,1,
7290112349743,false,ארביאטה רוטב עגבניות פיקנטי לפסטה 350 ג' יד מרדכי,אמיליאנה קונסרב סוסייטה,IT,רוטב עגבניות,גרמים,350.00,100 גרם,false,1,11.90,3.40,true,1,
7290112349750,false,פיצה רוטב עגבניות לפיצה יד מרדכי 350 גרם,אמיליאנה קונסרב סוסייטה,IT,רוטב עגבניות,גרמים,350.00,100 גרם,false,1,11.90,3.40,true,1,
7290112349897,false,מסטיק מאסט Must קוביות בטעם מנטה ללא סוכר,אסקום קונפקשיין,DE,מסטיק מאסט מנטה,גרמים,86.00,100 גרם,false,1,13.90,16.16,true,1,
7290112349903,false,רוטב שמנת עם גרגירי וניל 9% שומן 260 ג' יטבתה,שטראוס גרופ בעמ/מצונן,IL,רוטב שמנת,גרמים,260.00,100 גרם,false,1,10.90,4.19,true,1,
7290112350275,false,קפסולות LUNGO למכונת נספרסו עלית 10 יחידות,שטראוס קפה בי.וי,IL,קפסולות עלית,גרמים,55.00,100 גרם,false,1,16.50,30.00,true,1,
7290112350312,false,קפסולות 15 קפה יותר למכונות נספרסו עלית 10יח',הנסיך- מפעל לייצור ט,IL,קפסולות קפה,גרמים,50.00,100 גרם,false,1,16.50,33.00,true,1,
7290112350589,false,צ`יקו להכנת משקה צ`יקוריה עלית (65 גרם),שטראוס קפה בי.וי,IL,תחליף קפה צ'יקו,גרמים,65.00,100 גרם,false,1,11.50,17.69,true,1,
7290112351258,false,עוגיית קקאו פינוקיות שחור לבן 200 גר,"הגביע מוצרי ופלים בע""\מ",IL,פינוקיות שחור לב,גרמים,200.00,100 גרם,false,1,10.90,5.45,true,1,
7290112351463,false,שלישיית סוכריות מאסט FRESH פטל לימון 45 ג' עלית,"הליקון גידה בע""\מ",TR,"סוכריות לל""ס",גרמים,45.00,100 גרם,false,1,8.90,19.78,true,1,
7290112351470,false,סוכריות ללא סוכר בטעם תות רימון מאסט פרש,"הליקון גידה בע""\מ",TR,"סוכריות לל""ס",גרמים,45.00,100 גרם,false,1,8.90,19.78,true,1,
7290112351524,false,עלי סלנובה 200 גר' שטראוס טעם הטבע,שטראוס בריאות ירקות טריי,IL,עלי חסה סלנובה,גרמים,200.00,100 גרם,false,1,11.90,5.95,true,1,
7290112353887,false,"משקה קפה קר בטעם אגוזים יטבתה 230 מ""ל",האי נאם סי או אל.טי.,AT,קפה קר יטבתה,מיליליטרים,230.00,"100 מ""ל",false,1,7.90,3.43,true,1,
7290112354242,false,"קונוס פיצה ""דלישס"" שטראוס",קפוא זן תעשיות מזון בעמ,IL,דלישס קונוס פיצה,גרמים,280.00,100 גרם,false,1,25.90,9.25,true,1,
7290112354945,false,תפוצ'יפס WAVY בטעם טבעי 50 גרם,שטראוס פריטו ליי בע`מ,IL,תפוצ'יפס,גרמים,50.00,100 גרם,false,1,4.00,8.00,true,1,
7290112354952,false,תפוצ`יפס פפריקה (50 גרם)היתר מכירה,שטראוס פריטו ליי בע`מ,IL,תפוצ'יפס,גרמים,50.00,100 גרם,false,1,4.00,8.00,true,1,
7290112354969,false,תפוצ'יפס בטעם טבעי 200 גרם היתר מכירה,שטראוס פריטו ליי בע`מ,IL,תפוצ'יפס,גרמים,200.00,100 גרם,false,1,9.90,4.95,true,1,
7290112355027,false,דנונה פרו 20 גרם חלבון בטעם קרמל מלוח 200 גרם,שטראוס גרופ בעמ/מצונן,IL,דנונה פרו קרמל,גרמים,200.00,100 גרם,false,1,5.90,2.95,true,1,
7290112355102,false,גמדים סקוויז 100 גרם פאוץ סלט פירות 100 גרם,שטראוס גרופ בעמ/מצונן,IL,גמדים לדרך,גרמים,100.00,100 גרם,false,1,5.90,5.90,false,1,
7290112355393,false,"יטבתה רוטב שמנת+בטטה 9% שומן 250 מ""ל",שטראוס גרופ בעמ/מצונן,IL,רוטב שמנת בטטה,גרמים,257.00,100 גרם,false,1,10.90,4.24,true,1,
7290112357106,false,שעועית אדומה 380 גר' בקופסה טעם הטבע,"שטראוס גרופ בע""מ",IT,שעועית אדומה,גרמים,380.00,100 גרם,false,1,6.90,1.82,true,1,
7290112357113,false,גרגרי חומוס בקופסה 380 גר' טעם הטבע,"שטראוס גרופ בע""מ",IT,גרגרי חומוס,גרמים,380.00,100 גרם,false,1,6.90,1.82,true,1,
7290112358004,false,פסק זמן חטיף קראנץ עלית( 32 גר`),שולן צ'\יקולטה גידה סאן.,TR,חטיף פסק זמן,גרמים,32.00,100 גרם,false,1,4.90,15.31,true,1,
7290112358127,false,דנונה פרו חלבון+מגנזיום- וניל ועוגיות 200 גרם,שטראוס גרופ בעמ/מצונן,IL,דנונ.פרו+מגנזיום,גרמים,200.00,100 גרם,false,1,6.40,3.20,true,1,
7290112358219,false,רוטב צ`ילי מתוק יד מרדכי (300 גר`),אף.סי תבליני בגליל ב,IL,רוטב צ'ילי מתוק,גרמים,300.00,100 גרם,false,1,12.90,4.30,true,1,
7290112358233,false,רוטב צ`ילי חריף יד מרדכי (300 גר`),"שטראוס גרופ בע""מ",IL,רוטב צ'ילי חריף,גרמים,300.00,100 גרם,false,1,12.90,4.30,true,1,
7290112358240,false,רוטב גריל יד מרדכי 300 גרם,שטראוס גרופ בע`מ,IL,רוטב גריל,גרמים,300.00,100 גרם,false,1,12.90,4.30,true,1,
7290112358257,false,רוטב לעוף עם שזיפים יד מרדכי 300 גרם,שטראוס גרופ בע`מ,IL,רוטב לעוף,גרמים,300.00,100 גרם,false,1,12.90,4.30,true,1,
7290112358431,false,עד חצות דאבל ביסקוויט עם שוקולד חלב -8 אריזות אישיות,ביסקוויטס טור ד'\אלבון,FR,עד חצות דאבל,גרמים,200.00,100 גרם,false,1,12.90,6.45,true,1,
7290112358554,false,מארז קפה נמס מנות אישיות לדרך 50.4 גר,שטראוס גרופ בע`מ,RO,נמס לדרך מארז,גרמים,50.00,100 גרם,false,1,9.90,19.80,true,1,
7290112358561,false,קפה נמס פלטינום קלאסי 47 ג' עלית,שטראוס גרופ בע`מ,PL,קפה פלטינום קלאס,גרמים,47.00,100 גרם,false,1,8.90,18.94,true,1,
7290112359353,false,קפה טורקי אלדין ( 200 גר`) עלית,"שטראוס גרופ בע""מ",IL,קפה טורקי אלדין,גרמים,200.00,100 גרם,false,1,19.90,9.95,true,1,
7290112415400,false,עוגיות אלפחורס קפולסקי 280 גרם,תופינים מקבוצת קפולסקי,IL,עוגיות אלפחורס,גרמים,280.00,100 גרם,false,1,29.90,10.68,true,1,
7290112490032,false,"נמס בכוס טעם תירס קנור 31 גרם מארז זוגי בד""צ",יוניליוור ישראל שיווק בע`מ,IL,נמס בכוס תירס,גרמים,45.00,100 גרם,false,1,6.90,15.33,true,1,
7290112490209,false,נמס בכוס מרק עגבניות עם קרוטונים רכיבים טבעיים,"יוניליוור ישראל שיווק בע""מ",IL,מרק נמס בכוס,גרמים,56.00,100 גרם,false,1,6.90,12.32,true,1,
7290112490216,false,מרק נמס בכוס בטעם עוף קנור 100% רכיבים טבעיים,"יוניליוור ישראל שיווק בע""מ",IL,מרק נמס בכוס,גרמים,48.00,100 גרם,false,1,6.90,14.38,true,1,
7290112490230,false,מרק נמס בכוס אפונה קנור 100% רכיבים טבעיים,"יוניליוור ישראל שיווק בע""מ",IL,מרק נמס בכוס,גרמים,50.00,100 גרם,false,1,6.90,13.80,true,1,
7290112490650,false,קונפיטורה תות שדה 340 גרם-צנצנת,"יוניליוור ישראל שיווק בע""מ",BE,קונפיטורת תות,גרמים,340.00,100 גרם,false,1,12.90,3.79,true,1,
7290112490728,false,מרק עשיר ירקות עם בורגול רכיבים טבעיים 95 ג' קנור,יוניליוור ישראל שיווק בע`מ,IL,מרק עשיר ירקות,גרמים,95.00,100 גרם,false,1,11.90,12.53,true,1,
7290112490759,false,מרק עשיר עוף עם אטריות רכיבים טבעיים 74 ג' קנור,"יוניליוור ישראל שיווק בע""מ",IL,מרק היום עוף,גרמים,74.00,100 גרם,false,1,11.90,16.08,true,1,
7290112490827,false,תרסיס ריחני למייבש הכביסה בדין בייבי 500,"יוניליוור ישראל שיווק בע""מ",IL,תרסיס בדין בייבי,מיליליטרים,500.00,"100 מ""ל",false,1,16.90,3.38,true,1,
7290112491695,false,קונפיטורה משמש לייט 50%778פרי 260 גר',יוניליוור ישראל שיווק בע`מ,BE,קונפיטורה משמש,גרמים,260.00,100 גרם,false,1,12.90,4.96,true,1,
7290112491701,false,ברנפלקס בטעם וניל מעודן 20% חלבון Extra Protein,"יוניליוור ישראל שיווק בע""מ",IL,ברנפלקס אקסטרה,גרמים,375.00,100 גרם,false,1,19.90,5.31,true,1,
7290112491770,false,בייגלה דקים דקים מלח ים בייגל בייגל 300 גרם.,יוניליוור ישראל שיווק בע`מ,IL,בייגלה דקים,גרמים,300.00,100 גרם,false,1,9.90,3.30,true,1,
7290112491794,false,בייגלה דקים דקים בטעם שמנת ובצל בייגל בייגל 300 גרם,"יוניליוור ישראל שיווק בע""מ",IL,בייגלה דקים,גרמים,300.00,100 גרם,false,1,9.90,3.30,true,1,
7290112492449,false,פינוק שמפו שיער רגיל 700 מל-חדש,"יוניליוור ישראל שיווק בע""מ",IL,שמפו לשיער רגיל,מיליליטרים,700.00,"100 מ""ל",false,1,11.90,1.70,true,1,
7290112492456,false,"שמפו פינוק לשיער יבש/פגום 700 מ""ל",יוניליוור ישראל שיווק בע`מ,IL,שמפו לשיער יבש,מיליליטרים,700.00,"100 מ""ל",false,1,11.90,1.70,true,1,
7290112492463,false,"שמפו ומרכך 2 ב-1 לשיער רגיל פינוק 700 מ""ל.",יוניליוור ישראל שיווק בע`מ,IL,פינוק שמפו+מרכך,מיליליטרים,700.00,"100 מ""ל",false,0,11.90,1.70,true,1,
7290112492500,false,פינוק שמפו לשיער עם שמן קוקוס 700 מל,"יוניליוור ישראל שיווק בע""מ",IL,שמפו פינוק,מיליליטרים,700.00,"100 מ""ל",false,1,11.90,1.70,true,1,
7290112492531,false,"פינוק קונדישנר לשיער רגיל 700מ""ל","יוניליוור ישראל שיווק בע""מ",IL,מרכך לשיער רגיל,מיליליטרים,700.00,"100 מ""ל",false,1,11.90,1.70,true,1,
7290112492593,false,תחליב רחצה פינוק בניחוח פינוק קלאסי 700,יוניליוור ישראל שיווק בע`מ,IL,תחליב רחצה פינוק,מיליליטרים,700.00,"100 מ""ל",false,1,10.90,1.56,true,1,
7290112492609,false,"פינוק סבון נוזלי לבנדר ווניל 700 מ""ל","יוניליוור ישראל שיווק בע""מ",IL,תחליב רחצה פינוק,מיליליטרים,700.00,"100 מ""ל",false,1,10.90,1.56,true,1,
7290112492746,false,"פינוק מרכך ללא דמעות לסירוק קל לילדים 700 מ""ל",יוניליוור ישראל שיווק בע`מ,IL,מרכך פינוק ילדים,מיליליטרים,700.00,"100 מ""ל",false,1,13.90,1.99,true,1,
7290112492975,false,"קנור מרק טעם עוף 400 גרם כשל""פ",יוניליוור ישראל שיווק בעמ,IL,מרק טעם עוף,גרמים,400.00,100 גרם,false,1,12.90,3.23,true,1,
7290112492982,false,"אבקת מרק פטריות כשל""פ 100% רכיבים טבעיים 400 גרם",יוניליוור ישראל שיווק בע`מ,IL,מרק פטריות,גרמים,400.00,100 גרם,false,1,25.00,6.25,true,1,
7290112492999,false,קנור מרק עוף אמיתי 400 גרם פרווה,יוניליוור ישראל שיווק בע`מ,IL,מרק בטעם עוף,גרמים,400.00,100 גרם,false,1,12.90,3.23,true,1,
7290112493293,false,קנור - נמס ירקות וקרוטונים ר.טבעי 44 גרם,"יוניליוור ישראל שיווק בע""מ",IL,נמס בכוס,גרמים,44.00,100 גרם,false,1,6.90,15.68,true,1,
7290112493316,false,מרק היום אפונה 100% רכיבים טביעיים קנור,יוניליוור ישראל שיווק בע`מ,IL,מרק עשיר אפונה,גרמים,117.00,100 גרם,false,1,11.90,10.17,true,1,
7290112493927,false,גלידה בטעם ריבת חלב 1.33ל' קרמיסימו,"גלידת שטראוס בע""\מ, רחוב",IL,קרמיסימו ריבת חל,ליטרים,1.33,ליטר,false,1,18.90,14.21,true,1,
7290112493934,false,גלידה קרמיסימו וניל צרפתי 1.33 ליטר,"גלידת שטראוס בע""\מ, רחוב",IL,קרמיסימו וניל צר,ליטרים,1.33,ליטר,false,1,18.90,14.21,true,1,
7290112494153,false,תיבוליות ניחוח צלי קנור( 72 גרם),יוניליוור ישראל שיווק בע`מ,IL,תיבוליות לצלי,גרמים,72.00,100 גרם,false,1,8.90,12.36,true,1,
7290112494238,false,חטיף כדורים שוקולד חלב קליק (65 גרם),יוניליוור ישראל שיווק בע`מ,IL,קליק כדורים,גרמים,65.00,100 גרם,false,1,5.90,9.08,true,1,
7290112494283,false,חטיף כדורים מעורב חום לבו 65 גר`קליק,יוניליוור ישראל שיווק בע`מ,IL,קליק חום לבן,גרמים,65.00,100 גרם,false,1,5.90,9.08,true,1,
7290112494382,false,פירה בטעם ביתי 260 גרם-קופסא,יוניליוור ישראל שיווק בע`מ,IL,פירה בטעם ביתי,גרמים,260.00,100 גרם,false,1,11.90,4.58,true,1,
7290112494825,false,תרחיץ פנים לעור רגיש מכיל 25% קרם לחות,יוניליוור ישראל שיווק בע`מ,IL,דאב תרחיץ פנים,מיליליטרים,180.00,"100 מ""ל",false,1,12.90,7.17,true,1,
7290112494832,false,תרחיץ פנים לכל סוגי העור מכיל 25% קרם לחות,יוניליוור ישראל שיווק בע`מ,IL,דאב תרחיץ פנים,מיליליטרים,180.00,"100 מ""ל",false,1,12.90,7.17,true,1,
7290112495006,false,כריות דגנים במילוי נוגט בדצ 686 גרם,"יוניליוור ישראל שיווק בע""מ",IL,כריות נוגט,גרמים,686.00,100 גרם,false,1,24.90,3.63,true,1,
7290112495037,false,דגני בוקר בטעם שוקולד כדורים 375 ג' קוקומן,יוניליוור ישראל שיווק בע`מ,IL,קוקומן כדורים,גרמים,375.00,100 גרם,false,1,18.90,5.04,true,1,
7290112495044,false,דגני קוקומן פצפוצים תלמה (375 גרם),יוניליוור ישראל שיווק בע`מ,IL,קוקומן פצפוצים,גרמים,375.00,100 גרם,false,1,18.90,5.04,true,1,
7290112495105,false,נשנושים טעם שמנת בצל בייגל בייגל 260 גרם,"יוניליוור ישראל שיווק בע""מ",IL,נשנושים שמנת בצל,גרמים,260.00,100 גרם,false,1,12.70,4.88,true,1,
7290112495280,false,ברנפלקס ריבועי קינמון תלמה (400 גרם),יוניליוור ישראל שיווק בע`מ,IL,ברנפלקס קינמון,גרמים,400.00,100 גרם,false,1,18.90,4.73,true,1,
7290112495754,false,רוטב לסלט אלף האיים הלמנס (305 מל),יוניליוור ישראל שיווק בע`מ,IL,רוטב אלף האיים,גרמים,305.00,100 גרם,false,1,10.90,3.57,true,1,
7290112495761,false,רוטב לסלט אלף האיים לייט הלמנס (305 מל),"יוניליוור ישראל שיווק בע""מ",IL,רוטב אלף האיים,גרמים,305.00,100 גרם,false,1,10.90,3.57,true,1,
7290112495785,false,רוטב לסלט שום (300 גרם)הלמנס,"יוניליוור ישראל שיווק בע""מ",IL,רוטב שום לסלט,גרמים,300.00,100 גרם,false,1,10.90,3.63,true,1,
7290112495792,false,רוטב הלמנס שום לייט לסלט 305גר כשלפ,יוניליוור ישראל שיווק בע`מ,IL,רוטב שום לייט,גרמים,300.00,100 גרם,false,1,10.90,3.63,true,1,
7290112495808,false,רוטב לסלט חרדל ודבש הלמנס (305 מל),יוניליוור ישראל שיווק בע`מ,IL,רוטב חרדל ודבש,גרמים,305.00,100 גרם,false,1,10.90,3.57,true,1,
7290112495815,false,רוטב לסלט חרדל ודבש לייט (305 גרם)הלמנס,יוניליוור ישראל שיווק בע`מ,IL,רוטב חרדל ודבש,גרמים,305.00,100 גרם,false,1,10.90,3.57,true,1,
7290112496027,false,"סירופ שוקולד לחיץ 580 מ""ל כשל""פ אפיכל",יוניליוור ישראל שיווק בע`מ,IL,סירופ בטעם שוקול,גרמים,580.00,100 גרם,false,1,12.90,2.22,true,1,
7290112496218,false,קנור רוטב טריאקי הפחתה של מעל 50% סוכר ונתרן 310 ג',"יוניליוור ישראל שיווק בע""מ",IL,רוטב טריאקי,גרמים,370.00,100 גרם,false,1,10.90,2.95,true,1,
7290112496270,false,"פתית צ'יפס תפו""א בתוספת עגבניות ועשבי תיבול 22 גרם",יוניליוור ישראל שיווק בע`מ,GB,פתית צ'יפס,גרמים,22.00,100 גרם,false,1,4.90,22.27,true,1,
7290112496287,false,פתית - צ'יפס בטטה בטעם טבעי 21 גרם,יוניליוור ישראל שיווק בע`מ,GB,פתית צ'יפס,גרמים,21.00,100 גרם,false,1,4.90,23.33,true,1,
7290112496294,false,חטיף פתית צ'יפס עם אפונה ירוקה צהובה וצ'ילי,יוניליוור ישראל שיווק בע`מ,GB,פתית צ'יפס,גרמים,22.00,100 גרם,false,1,4.90,22.27,true,1,
7290112496331,false,קורנפלקס בננה תלמה אלופים 448 גרם,יוניליוור ישראל שיווק בע`מ,IL,קורנפלקס בננה,גרמים,448.00,100 גרם,false,1,18.70,4.17,true,1,
7290112496430,false,קנור נמס בכוס אקסטרה עגבניות+איטריות 37 גרם - רבנות,יוניליוור ישראל שיווק בע`מ,IL,נמס בכוס אקסטרה,גרמים,37.00,100 גרם,false,1,4.50,12.16,true,1,
7290112496447,false,נמס בכוס אקסטרה טעם עוף עם המון אטריות 27ג',"יוניליוור ישראל שיווק בע""מ",IL,נמס בכוס,גרמים,27.00,100 גרם,false,1,4.50,16.67,true,1,
7290112496461,false,נמס בכוס אקסטרה מרק ירקות עם המון אטריות,"יוניליוור ישראל שיווק בע""מ",IL,נמס בכוס אקסטרה,גרמים,32.00,100 גרם,false,1,4.50,14.06,true,1,
7290112497123,false,סחלב תערובת להכנת מעדן בטעם סחלב 112גרם,יוניליוור ישראל שיווק בע`מ,IL,תערובת לסחלב,גרמים,112.00,100 גרם,false,1,11.90,10.63,true,1,
7290112497369,false,"דאב - דאודורנט רול און לאישה טלק סופט 50 מ""ל",יוניליוור ישראל שיווק בעמ,GB,דאו דאב רול און,מיליליטרים,50.00,"100 מ""ל",false,1,14.90,29.80,false,1,
7290112497505,false,"תחליב גוף וזלין ירוק עם אלוורה 600מ""ל",יוניליוור ישראל שיווק בע`מ,US,קרם גוף ואזלין,מיליליטרים,600.00,"100 מ""ל",false,1,19.90,3.32,true,1,
7290112497710,false,פינוק בייבי שמפו אל דמע לתינוקות 700 מל,יוניליוור ישראל שיווק בע`מ,IL,בייבי שמפו תינוק,מיליליטרים,700.00,"100 מ""ל",false,1,14.90,2.13,true,1,
7290112497727,false,פינוק בייבי אל סבון אל דמע לתינוקות 700,"יוניליוור ישראל שיווק בע""מ",IL,אל סבון בייבי,מיליליטרים,700.00,"100 מ""ל",false,1,14.90,2.13,true,1,
7290112497994,false,"גרנולה תלמה פרוטאין בתוספת חלבון ואגוזים, 300 גרם",יוניליוור ישראל שיווק בע`מ,IL,גרנולה פרוטאין,גרמים,300.00,100 גרם,false,1,13.90,4.63,true,1,
7290112498007,false,גרנולה פרוטאין בתוספת חלבון שקדים וחמוציות תלמה 300 ג',"יוניליוור ישראל שיווק בע""מ",IL,גרנולה פרוטאין,גרמים,300.00,100 גרם,false,1,13.90,4.63,true,1,
7290112498069,false,#קוקומן ללא גלוטן כשלפ 375ג - חדש,יוניליוור ישראל שיווק בע`מ,IT,קוקומן ללא גלוטן,גרמים,375.00,100 גרם,false,1,22.90,6.11,true,1,
7290112498274,false,פינוק אלסבון לידיים לבנדר וניל 1ליטר+משא,יוניליוור ישראל שיווק בע`מ,IL,אל סבון פינוק,מיליליטרים,950.00,"100 מ""ל",false,1,11.90,1.25,true,1,
7290112498526,false,"פתית צ'יפס עם בטטה סגולה בטעם שמנת ובצל, 22 גרם",יוניליוור ישראל שיווק בע`מ,GB,פתית צ'יפס בטטה,גרמים,22.00,100 גרם,false,1,4.90,22.27,true,1,
7290112498748,false,מאגדת מיני סולרו וניל תות שדה 350 גר`,"מיוצר ע""\י גלידת שטראוס",IL,מאגדת סולרו מיני,גרמים,350.00,100 גרם,false,1,22.90,6.54,true,1,
7290112498915,false,מאגדת מיני מגנום שקדים מובחר שטראוס 250 גרם,"מיוצר ע""\י גלידת שטראוס",IL,מיני מגנום שקדים,גרמים,250.00,100 גרם,false,1,26.90,10.76,true,1,
7290112498922,false,מאגדת מיני מגנום לבן שטראוס 250 גרם,"מיוצר ע""\י גלידת שטראוס",IL,מאגדת מיני מגנום,גרמים,250.00,100 גרם,false,1,26.90,10.76,true,1,
7290112499097,false,מאגדת מיני מגנום מריר Intense Dark! 240 גרם,"מיוצר ע""\י גלידת שטראוס",IL,מאגדת מיני מגנום,גרמים,240.00,100 גרם,false,1,26.90,11.21,true,1,
7290112499189,false,"גלידת קרמיסימו חד קרן וניל תות, 1.33 ליטר","גלידת שטראוס בע""\מ, רחוב",IL,קרמיסימו חד קרן,ליטרים,1.33,ליטר,false,1,18.90,14.21,true,1,
7290112499196,false,גלידה בטעם החלב של הקורנפלקס 1.33 ל' קרמיסימו,"גלידת שטראוס בע""\מ, רחוב",IL,קרמיסימו ט. חלב,ליטרים,1.33,ליטר,false,1,18.90,14.21,true,1,
7290112499219,false,שלגון שמנת מופחת שומן וקלוריות בטעם פיסטוק עם ריפל בטעם שוקולד מריר וציפוי חלקי של שוקולד חלב מעולה,"גלידת שטראוס בע""\מ, רחוב",IL,גודיז גלידה פיסט,גרמים,235.00,100 גרם,false,1,24.90,10.60,true,1,
7290112499462,false,פינוק תחליב רחצה 700 בתוספת שמן קוקוס,יוניליוור ישראל שיווק בע`מ,IL,תחליב רחצה פינוק,מיליליטרים,700.00,"100 מ""ל",false,1,10.90,1.56,true,1,
7290112499509,false,"רקסונה - דאודורנט ספריי לאישה בניחוח אפרסק ולמון גראס 150 מ""ל","יוניליוור ישראל שיווק בע""מ",TR,דאו ספריי רקסונה,מיליליטרים,150.00,"100 מ""ל",false,1,13.90,9.27,true,1,
7290112499776,false,גלידת שמנת מופחתת שומן וקלוריות בטעם שוקולד לבן 240 גרם,"גלידת שטראוס בע""\מ, רח'\",IL,מאגדת גודיז 3 שו,גרמים,240.00,100 גרם,false,1,24.90,10.38,true,1,
7290112499844,false,מאגדת מיני מגנום דואט שוקולד עם נוגט שטראוס 310 גרם,"מיוצר ע""\י גלידת שטראוס",IL,מאגדת מגנום מיני,גרמים,310.00,100 גרם,false,1,26.90,8.68,true,1,
7290112499943,false,מיני מאגדת מיני מגנום טעמים שונים וניל+שוקו,"מיוצר ע""\י גלידת שטראוס",IL,מאגדת מיני מגנום,גרמים,250.00,100 גרם,false,1,26.90,10.76,true,1,
7290112961372,false,פיטנס חטיפי פריכיות דקות קינמון 60 גרם,קבוצת אוסם סחר שותפות מוגבלת,IL,פיטנס פריכיות,גרמים,60.00,100 גרם,false,1,8.90,14.83,true,1,
7290112961440,false,פיטנס חטיפי פריכיות שוקולד מריר 84 גרם,קבוצת אוסם סחר שותפות מוגבלת,IL,פריכיות פיטנס,גרמים,84.00,100 גרם,false,1,12.90,15.36,true,1,
7290112961464,false,פיטנס חטיפי פריכיות דגנים וחומוס מתובלות,קבוצת אוסם סחר שותפות מוגבלת,IL,חטיפי פריכיות,גרמים,60.00,100 גרם,false,1,8.90,14.83,true,1,
7290112963918,false,פיטנס חטיפי קרקר דק רוזמרין 140 גרם,קבוצת אוסם סחר שותפות מוגבלת,IL,קרקר דק פיטנס,גרמים,140.00,100 גרם,false,1,11.90,8.50,true,1,
7290112964410,false,אסם רוטב אלף האיים חדש לסלט 290 גרם,קבוצת אוסם סחר שותפות מוגבלת,IL,רוטב אלף האיים,גרמים,290.00,100 גרם,false,1,10.90,3.76,true,1,
7290112964458,false,אסם רוטב ויניגרט חדש לסלט 295 גרם,קבוצת אוסם סחר שותפות מוגבלת,IL,רוטב ויניגרט,גרמים,295.00,100 גרם,false,1,10.90,3.69,true,1,
7290112964472,false,אסם רוטב שום חדש לסלט 290 גרם,קבוצת אוסם סחר שותפות מוגבלת,IL,רוטב שום,גרמים,290.00,100 גרם,false,1,10.90,3.76,true,1,
7290112964564,false,רוטב אלף האיים לייט לסלט אסם (295 מל),קבוצת אוסם סחר שותפות מוגבלת,IL,רוטב אלף האיים,גרמים,295.00,100 גרם,false,1,10.90,3.69,true,1,
7290112964724,false,המבורגר צמחוני עם המון חלבון 580 גר,קבוצת אוסם סחר שותפות מוגבלת,IL,המבורגר צמחוני,גרמים,580.00,100 גרם,false,1,31.90,5.50,true,1,
7290112965288,false,מרק נמס ירקות אסם בדצ 56 גרם מארז זוגי,קבוצת אוסם סחר שותפות מוגבלת,IL,זוג מרק נמס,גרמים,56.00,100 גרם,false,1,5.90,10.54,true,1,
7290112965325,false,אורז בסגנון ספרדי אסם 140 גרם,קבוצת אוסם סחר שותפות מוגבלת,IL,תבשיל אורז,גרמים,140.00,100 גרם,false,1,11.50,8.21,true,1,
7290112965585,false,פרפקטו פסטה קסרצה אסם 500 גרם,קבוצת אוסם סחר שותפות מוגבלת,IT,פסטה פרפקטו,גרמים,500.00,100 גרם,false,1,6.90,1.38,true,1,
7290112965660,false,חטיף מולטיגריין מלח פלפל ( 25 גר`) פיטנס,קבוצת אוסם סחר שותפות מוגבלת,IL,חטיף פיטנס מלח,גרמים,25.00,100 גרם,false,1,4.90,19.60,true,1,
7290112965684,false,פיטנס - חטיף מולטיגריין עשבי תיבול 25 גרם,קבוצת אוסם סחר שותפות מוגבלת,IL,חטיף פיטנס,גרמים,25.00,100 גרם,false,1,4.90,19.60,true,1,
7290112965707,false,פיטנס - חטיף מולטיגריין צילי מעודן 25 גרם,קבוצת אוסם סחר שותפות מוגבלת,IL,חטיף פיטנס צ'ילי,גרמים,25.00,100 גרם,false,1,4.90,19.60,true,1,
7290112965745,false,אוסם - ביסלי פריסטייל בצל מעושן 60 גרם,קבוצת אוסם סחר שותפות מוגבלת,IL,ביסלי פריסטייל,גרמים,60.00,100 גרם,false,1,4.40,7.33,true,1,
7290112965943,false,נאגטס ירקות ירוקים ( 500 גר`) טבעול,קבוצת אוסם סחר שותפות מוגבלת,IL,נאגטס ירקות ירוק,גרמים,500.00,100 גרם,false,1,31.90,6.38,true,1,
7290112965967,false,נאגטס ירקות כתומים ( 500 גר`) טבעול,קבוצת אוסם סחר שותפות מוגבלת,IL,נאגטס ירקות כתומ,גרמים,500.00,100 גרם,false,1,31.90,6.38,true,1,
7290112966803,false,אינסטנט פודינג בטעם שוקולד אסם (88 גרם),קבוצת אוסם סחר שותפות מוגבלת,IL,פודינג שוקולד,גרמים,88.00,100 גרם,false,1,5.50,6.25,true,1,
7290112966841,false,אינסטנט פודינג בטעם שוקולד מריר 95 גרם,קבוצת אוסם סחר שותפות מוגבלת,IL,פודינג שוקולד,גרמים,90.00,100 גרם,false,1,5.50,6.11,true,1,
7290112967381,false,פיטנס חטיפי פריכיות קטניות ומלח ים 60 גרם,קבוצת אוסם סחר שותפות מוגבלת,IL,חטיפי פריכיות,גרמים,60.00,100 גרם,false,1,8.90,14.83,true,1,
7290112967824,false,בישולים מיקס קלאסי אוסם 200 גרם,קבוצת אוסם סחר שותפות מוגבלת,IL,בישולים מיקס,גרמים,200.00,100 גרם,false,1,17.90,8.95,true,1,
7290112968807,false,80018416694פיטנס חטיפי קרקר דק סלק 150גר,קבוצת אוסם סחר שותפות מוגבלת,IL,קרקר דק פיטנס,גרמים,140.00,100 גרם,false,1,11.90,8.50,true,1,
7290112968821,false,חטיפי קרקר דק בטטה 140 גר` פיטנס,קבוצת אוסם סחר שותפות מוגבלת,IL,קרקר דק פיטנס,גרמים,140.00,100 גרם,false,1,11.90,8.50,true,1,
7290113190375,false,סילאן טבעי שקדיה 900 גרם,דין שיווק וקליה 2021 בעמ,TR,"סילאן טבעי ללת""ס",גרמים,900.00,100 גרם,false,1,19.90,2.21,true,1,
7290113190450,false,ממרח תמרים 450 גרם שקדיה,דין שיווק וקליה 2021 בעמ,IL,ממרח תמרים,גרמים,450.00,100 גרם,false,1,5.90,1.31,true,1,
7290113190863,false,סילאן טבעי לחיץ 385 גר`שקדיה,דין שיווק וקליה 2021 בעמ,IL,סילאן שקדיה,גרמים,385.00,100 גרם,false,1,14.90,3.87,true,1,
7290113191006,false,פפריקה מתוקה 250גר אהרוני,****דין שיווק וקליה 2021 בעמ,IL,פפריקה מתוקה,גרמים,250.00,100 גרם,false,1,19.90,7.96,true,1,
7290113191037,false,פלפל שחור גרוס 250גר אהרוני,****דין שיווק וקליה 2021 בעמ,IL,פלפל שחור גרוס,גרמים,250.00,100 גרם,false,1,19.90,7.96,true,1,
7290113191051,false,כורכום טחון 250גר אהרוני,****דין שיווק וקליה 2021 בעמ,IL,כורכום טחון,גרמים,250.00,100 גרם,false,1,19.90,7.96,true,1,
7290113191099,false,"סירופ מייפל 250מ""ל שקדיה","קופרדקס איי פי אם בע""\מ",DK,סירופ מייפל טהור,מיליליטרים,250.00,"100 מ""ל",false,1,19.90,7.96,true,1,
7290113192324,false,זיתים ירוקים שלמים בינוניים בית השיטה,קבוצת אוסם סחר-שות.מוגבלת,IL,זיתים ירוקים,גרמים,560.00,100 גרם,false,1,10.60,1.89,true,1,
7290113192331,false,בית השיטה זיתים ירוקים גדולים 340 גרם*,קבוצת אוסם סחר שותפות מוגבלת,IL,זיתים ירוק גדול,גרמים,560.00,100 גרם,false,1,9.70,1.73,true,1,
7290113192348,false,בית השיטה זיתים ירוקים גדול מאודבטעם שום,קבוצת אוסם סחר-שות.מוגבלת,IL,זיתים טעם שום,גרמים,560.00,100 גרם,false,1,9.70,1.73,true,1,
7290113192355,false,חרוזית זיתים ירוקים ללא גלעין 275 ג' בית השיטה,קבוצת אוסם סחר שותפות מוגבלת,IL,זיתים חרוזית,גרמים,560.00,100 גרם,false,1,10.30,1.84,true,1,
7290113192362,false,בית השיטה טבעות זיתים ירק.א2 12*280ג חדש,קבוצת אוסם סחר שותפות מוגבלת,IL,טבעות זיתים ירוק,גרמים,560.00,100 גרם,false,1,10.60,1.89,true,1,
7290113192393,false,בית השיטה קוקטייל זיתים א2 336 גרם,קבוצת אוסם סחר שותפות מוגבלת,IL,קוקטייל זיתים,גרמים,560.00,100 גרם,false,1,11.90,2.13,true,1,
7290113192478,false,בית השיטה מלפפונים במלח בינוני 10-12 320 גרם,קבוצת אוסם סחר שותפות מוגבלת,IL,מלפפונים במלח,גרמים,560.00,100 גרם,false,1,7.60,1.36,true,1,
7290113192485,false,בית השיטה מלפפונים בחומץ בינוני 10-12 290 גרם,קבוצת אוסם סחר שותפות מוגבלת,IL,מלפפונים בחומץ,גרמים,560.00,100 גרם,false,1,7.60,1.36,true,1,
7290113192492,false,בית השיטה מלפפונים בחומץ קטנים 1317 290 גרם,קבוצת אוסם סחר שותפות מוגבלת,IL,מלפפונים בחומץ,גרמים,560.00,100 גרם,false,1,10.90,1.95,true,1,
7290113192508,false,ב.השיטה מלפפון במלח ר.טבע א2 17-13 320 גרם,קבוצת אוסם סחר שותפות מוגבלת,IL,מלפפונים מלח קטן,גרמים,560.00,100 גרם,false,1,10.90,1.95,true,1,
7290113192515,false,בית השיטה מלפפונים במלח קטן מאוד 1825 320 גרם,קבוצת אוסם סחר שותפות מוגבלת,IL,מלפפון במלח,גרמים,560.00,100 גרם,false,1,12.90,2.30,true,1,
7290113192522,false,בית השיטה מלפפונים בחומץ קטן מאוד 1825 290 גרם,קבוצת אוסם סחר שותפות מוגבלת,IL,מלפפונים בחומץ,גרמים,560.00,100 גרם,false,1,12.90,2.30,true,1,
7290113192539,false,בית השיטה מלפפונים במלח גדול 79 320 גרם,קבוצת אוסם סחר שותפות מוגבלת,IL,מלפפון במלח,גרמים,560.00,100 גרם,false,1,6.90,1.23,true,1,
7290113192546,false,"מלפפונים בחומץ רכיבים טבעיים 7-9 ""בית השיטה""",קבוצת אוסם סחר שותפות מוגבלת,IL,מלפפון בחומץ,גרמים,560.00,100 גרם,false,1,6.90,1.23,true,1,
7290113192553,false,מלפפונים במלח 13-17 פיקנטי בית השיטה 320 גרם,קבוצת אוסם סחר-שות.מוגבלת,IL,מלפפונים במלח,גרמים,560.00,100 גרם,false,1,10.70,1.91,true,1,
7290113192560,false,פלפל חריף כבוש שיפקה בית השיטה (430 גר`),קבוצת אוסם סחר שותפות מוגבלת,IL,פלפל שיפקה חריף,גרמים,560.00,100 גרם,false,1,7.50,1.34,true,1,
7290113192577,false,בית השיטה כרוב כבוש א2 12*430גרם חדש,קבוצת אוסם סחר שותפות מוגבלת,IL,כרוב כבוש,גרמים,560.00,100 גרם,false,1,8.20,1.46,true,1,
7290113192881,false,"טורטיה חיטה מופחת קלוריות, קוטר 20 ס""מ - 6 יח'",דין שיווק וקליה 2021 בעמ,TR,טורטיה,גרמים,270.00,100 גרם,false,1,10.00,3.70,true,1,
7290113192997,false,בית השיטה זית מרוקאי 340 גרם*,קבוצת אוסם סחר שותפות מוגבלת,IL,זית מרוקאי,גרמים,340.00,100 גרם,false,1,13.90,4.09,true,1,
7290113193017,false,בית השיטה חרוזית קוקטייל זיתים 275 גרם,קבוצת אוסם סחר שותפות מוגבלת,IL,קוקטייל זיתים,גרמים,275.00,100 גרם,false,1,13.90,5.05,true,1,
7290113193031,false,חרוזית קלמטה - זיתים שחורים ללא גלעין קלמטה,קבוצת אוסם סחר שותפות מוגבלת,IL,זית שחור חרוזית,גרמים,560.00,100 גרם,false,1,13.90,2.48,true,1,
7290113193369,false,בית השיטה תרסיס שמן קנולה מזוכך 150 מל,קבוצת אוסם סחר שותפות מוגבלת,ES,תרסיס שמן קנולה,מיליליטרים,150.00,"100 מ""ל",false,1,14.90,9.93,true,1,
7290113193406,false,"קוקטייל טבעות זיתים - זיתים ירוקים, שחורים מרינד",קבוצת אוסם סחר שותפות מוגבלת,IL,טבעות זיתים,גרמים,560.00,100 גרם,false,1,10.70,1.91,true,1,
7290113193888,false,בית השיטה חצילים מוחמצים 320 גרם,קבוצת אוסם סחר שותפות מוגבלת,IL,חצילים מוחמצים,גרמים,560.00,100 גרם,false,1,9.90,1.77,true,1,
7290113194090,false,בית השיטה טבעות זיתים קלמטה 280 גרם,קבוצת אוסם סחר שותפות מוגבלת,IL,טבעות זיתי קלמטה,גרמים,560.00,100 גרם,false,1,12.90,2.30,true,1,
7290113194632,false,ממרח שקדים 100% 500 גרם,דין שיווק וקליה 2021 בעמ,IL,ממרח שקדים 100%,גרמים,500.00,100 גרם,false,1,49.90,9.98,true,1,
7290113195066,false,חלבה טורקית בטעם וניל שקדיה 400 גרם,דין שיווק וקליה 2021 בעמ,IL,חלבה טורקית וניל,גרמים,400.00,100 גרם,false,1,11.90,2.98,true,1,
7290113195080,false,חלבה טורקית בטעם שוקו וניל 400 גר` שקדיה,דין שיווק וקליה 2021 בעמ,IL,חלבה טורקית שוקו,גרמים,400.00,100 גרם,false,1,11.90,2.98,true,1,
7290113195196,false,"רסק תפוחי עץ ללת""ס 710 גרם",דין שיווק וקליה 2021 בעמ,PL,"רסק תפו""ע ללת""ס",גרמים,710.00,100 גרם,false,1,9.90,1.39,true,1,
7290113195424,false,"אטריות אורז 5 מ""מ שקדיה 400 גרם",דין שיווק וקליה 2021 בעמ,VN,מקלות אורז,גרמים,400.00,100 גרם,false,1,10.50,2.63,true,1,
7290113196414,false,"אורז בסמטי 1 ק""ג - שקדיה כחול מטאלי",דין שיווק וקליה 2021 בעמ,PT,אורזבסמטי,קילוגרמים,1.00,"ק""ג",false,1,9.80,9.80,true,1,
7290113196780,false,ב.ה. זיתים ירוקים מבוקעים באלדי 900 גר',קבוצת אוסם סחר-שות.מוגבלת,IL,זית ירוק מבוקע,גרמים,900.00,100 גרם,false,1,21.90,2.44,true,1,
7290113199323,false,עלי טורטילוס בוריטו150גר,אלקטי קוראבייכיסיגידה טו,TR,עלי טורטילוס,גרמים,150.00,100 גרם,false,1,6.90,4.60,true,1,
7290113199668,false,"חלבה בטעם וניל ללת""ס 400 גרם",ח.אל עקר,IL,חלבה תלתלים ללתס,גרמים,400.00,100 גרם,false,1,17.90,4.48,true,1,
7290113199781,false,ממרח אגוזים ובוטנים 100% 200 גרם,דין שיווק וקליה 2021 בעמ,GR,ממרח אגוז בוטנים,גרמים,200.00,100 גרם,false,1,15.90,7.95,true,1,
7290113300194,false,פאוץ מתחוני לה קט עם עוף ברוטב 85ג,דיפלומט מפיצים (1968) בעמ**,CZ,פאוץ' נתחוני עוף,גרמים,85.00,100 גרם,false,1,4.90,5.76,true,1,
7290113300224,false,פאוץ מתחוני לה קט עם סלמון ברוטב 85ג,דיפלומט מפיצים (1968) בעמ**,CZ,פאוץ' נתחי סלמון,גרמים,85.00,100 גרם,false,1,4.90,5.76,true,1,
7290113300231,false,פאוץ מתחוני לה קט עם בקר בגלי 85ג,דיפלומט מפיצים (1968) בעמ**,CZ,פאוץ' נתחוני בקר,גרמים,85.00,100 גרם,false,1,4.90,5.76,true,1,
7290113560055,false,פרודונטקס מי פה טיפול יומי לחניכיים 500,"מאסטרפוד אוסטריה בע""מ",GB,פרודונטקס מי פה,מיליליטרים,500.00,"100 מ""ל",false,1,29.90,5.98,true,1,
7290113560109,false,פרודונטקס מ.שיניים בטעם צמחי 75 מל,פרודונטקס Parodontax,SK,משחה פרודונטקס,מיליליטרים,75.00,"100 מ""ל",false,1,30.90,41.20,true,1,
7290114310215,false,"שמנת מתוקה 38% רמת הגולן 250 מ""ל ווסטהיים - מוצר בפיקוח",החברה המרכזית טלהפצת משקאות בע,IL,שמנת מתוקה 38%,מיליליטרים,250.00,"100 מ""ל",false,1,6.47,2.59,true,1,
7290114310901,false,גבינה לבנה 5% טרה 250 גרם ווסטהים,*החברה המרכזית להפצת משקאותבעמ,IL,גבינה לבנה 5%,גרמים,250.00,100 גרם,false,1,4.98,1.99,true,1,
7290114311076,false,"חמאת מולר צהובה עם שום, 200 גרם",*החברה המרכזית להפצת משקאותבעמ,IL,חמאה צהובה מולר,גרמים,200.00,100 גרם,false,1,12.90,6.45,true,1,
7290114320191,false,קרמאמא שום שמיר 240 גרם,מאמא קיו,IL,קרמאמא שום שמיר,גרמים,240.00,100 גרם,false,1,15.90,6.63,true,1,
7290114320207,false,מאמא קיו קרמאמה זיתי,מאמא קיו,IL,קראמאמא זיתים,גרמים,240.00,100 גרם,false,1,15.90,6.63,true,1,
7290114320214,false,קרמאמא מעושנת בצל 240גרם,מאמא קיו,IL,קרמאמא מעושנת,גרמים,240.00,100 גרם,false,1,15.90,6.63,true,1,
7290114320238,false,גליל טבעוני גב.עיזים160ג,מאמא קיו,IL,גליל טבעוני,גרמים,160.00,100 גרם,false,1,15.90,9.94,true,1,
7290114320252,false,גליל טבעוני תוספת חלפניו,מאמא קיו,IL,גליל טבעוני,גרמים,160.00,100 גרם,false,1,15.90,9.94,true,1,
7290114320269,false,גליל טבעוני ט.פלפל קלוי,מאמא קיו,IL,גליל טבעוני,גרמים,160.00,100 גרם,false,1,15.90,9.94,true,1,
7290114600941,false,מאסטר שף מיונז הולנדי לחיץ 435 גרם,ש. שסטוביץ בע`מ,NL,מיונז לחיץ,גרמים,435.00,100 גרם,false,1,12.90,2.97,true,1,
7290114603508,false,"רוטב להקפצה מאסטר שף 300 מ""ל",ש. שסטוביץ בע`מ,TH,רוטב להקפצה,מיליליטרים,300.00,"100 מ""ל",false,1,8.90,2.97,true,1,
7290114603768,false,"מארז אג'קס כלורון נוזל לניקוי אסלות 750 מ""ל*2 יח'",קולגייט פלמוליב,FR,אג'קס לאסלה 2 יח,מיליליטרים,1500.00,"100 מ""ל",false,1,24.90,1.66,true,1,
7290114604840,false,"דפי אורז קוטר 16 כשל""פ מאסטר שף",ש. שסטוביץ בע`מ,VN,דפי אורז,יחידה,1.00,יחידה,false,1,11.90,11.90,true,1,
7290114604895,false,מאסטר שף מיונז ספייסי לחיץ 446 גרם,ש. שסטוביץ בע`מ,NL,ממרח ספייסי לחיץ,גרמים,446.00,100 גרם,false,1,13.90,3.12,true,1,
7290114604925,false,מנה אסייאתי קרם קוקוס פחית לייט 400 מ`ל,"תאי קוקונאט חברה בע""",TH,קרם קוקוס לייט,מיליליטרים,400.00,"100 מ""ל",false,1,8.90,2.23,true,1,
7290114604932,false,מאסטר שף רוטב ברביקיו דבש 520 גרם,רמיה סי.וי. הולנד,NL,רוטב ברביקיו דבש,גרמים,520.00,100 גרם,false,1,12.90,2.48,true,1,
7290114604949,false,מאסטר שף רוטב ברביקיו 524 גרם,רמיה סי.וי. הולנד,NL,רוטב ברביקיו,גרמים,524.00,100 גרם,false,1,12.90,2.46,true,1,
7290114604963,false,מאסטר שף פירורי לחם מתובלים 230 גרם,ש. שסטוביץ בע`מ,IL,פירורים מתובלים,גרמים,230.00,100 גרם,false,1,7.80,3.39,true,1,
7290114606530,false,רוטב בטעם מיונז וקטשופ 515 גרם מאסטר שף,ש. שסטוביץ בע`מ,NL,רוטב טעם מיונז,גרמים,515.00,100 גרם,false,1,13.90,2.70,true,1,
7290114606547,false,מיונז פטריות כמהין לחיץ מאסטר שף 242 גרם,ש. שסטוביץ בע`מ,NL,מיונז עם כמהין,גרמים,242.00,100 גרם,false,1,12.90,5.33,true,1,
7290114607391,false,"קולגייט משחת לילדים ברבי 2-5 שנים, 75 מ""ל",קולגייט פלמוליב,MX,קולגייט מינייוני,מיליליטרים,75.00,"100 מ""ל",false,1,12.90,17.20,true,1,
7290114608633,false,"דפי אצה מאסטר שף, 25 גרם",ש. שסטוביץ בע`מ,VN,דפי אצות,גרמים,25.00,100 גרם,false,1,11.90,47.60,true,1,
7290114821469,false,כבד דג שיבוט במיץ טבעי אופיסר (120 גרם),דיפלומט מפיצים (1968) בעמ**,IS,כבד דג מעושן,גרמים,120.00,100 גרם,false,1,13.90,11.58,true,1,
7290115190014,false,סיגריות מרלבורו רד קצר בוקס,פיליפ מוריס בעמ,IL,מרלבורו רד קצר,יחידה,1.00,יחידה,false,1,36.50,36.50,false,1,
7290115190090,false,סיגריות מרלבורו קצר בוקס בודד,פיליפ מוריס בעמ,US,מרלבורו גולד קצר,יחידה,1.00,יחידה,false,1,36.50,36.50,false,1,
7290115190137,false,סיגריות מרלבורו טאצ סילבר יחידה,פיליפ מוריס בעמ,IL,מרלבורו פיין טאץ,יחידה,1.00,יחידה,false,1,34.00,34.00,false,1,
7290115190151,false,סיגריות מרלבורו טאצ גולד,פיליפ מוריס בעמ,IL,מרלבורו גולד טאץ,יחידה,1.00,יחידה,false,1,34.00,34.00,false,1,
7290115190182,false,פרלמנט נייט 100 פאקט) (10 חדש,פיליפ מוריס בעמ,TR,פרלמנט נייט ארוך,יחידה,1.00,יחידה,false,1,398.00,398.00,false,1,
7290115190199,false,פרלמנט נייט ארוך חפיסה) (20,פיליפ מוריס בעמ,TR,פרלמנט נייט ארוך,יחידה,1.00,יחידה,false,1,42.50,42.50,false,1,
7290115190229,false,פרלמנט בלו פאקט) (10 חדש,פיליפ מוריס בעמ,TR,פרלמנט בלו קצר,יחידה,1.00,יחידה,false,1,398.00,398.00,false,1,
7290115190250,false,סיגריות פרלמנט קצר בודד,פיליפ מוריס בעמ,US,פרלמנט נייט קצר,יחידה,1.00,יחידה,false,1,42.50,42.50,false,1,
7290115190335,false,ל.מ.בלו לייבל ארוך בוקס חפיסה,פיליפ מוריס בעמ,TR,אל אם בלו ארוך,יחידה,1.00,יחידה,false,1,34.50,34.50,false,1,
7290115190342,false,אל אם כחול קצר לייבל,פיליפ מוריס בעמ,TR,אל אם בלו קצר,יחידה,1.00,יחידה,false,1,326.00,326.00,false,1,
7290115190359,false,אל.אמ בלו לייבל קצר חפיסה) (20,פיליפ מוריס בעמ,US,אל אם בלו קצר,יחידה,1.00,יחידה,false,1,34.50,34.50,false,1,
7290115190397,false,סיגריות L.M קצר רד לייבל בודד,פיליפ מוריס בעמ,US,אל אם רד קצר חפ,יחידה,1.00,יחידה,false,1,34.50,34.50,false,1,
7290115190434,false,סיגריות L.M וייב סלימס בודד,פיליפ מוריס בעמ,US,אל אם וויב סלימס,יחידה,1.00,יחידה,false,1,34.50,34.50,false,1,
7290115190458,false,סיגריות נקסט פיין אדג' בודד,פיליפ מוריס בעמ,TR,נקסט אדג',יחידה,1.00,יחידה,false,1,26.50,26.50,false,1,
7290115190472,false,סיגריות נקסט אדג' בודד,פיליפ מוריס בעמ,,נקסט פיין אדג',יחידה,1.00,יחידה,false,0,26.50,26.50,true,1,
7290115190489,false,נקסט פיין טייסט ארוך פקאט 10 יחידות,פיליפ מוריס בעמ,TR,נקסט פיין ארוך,יחידה,1.00,יחידה,false,1,277.00,277.00,false,1,
7290115190496,false,סיגריות נקסט ארוך בודד,פיליפ מוריס בעמ,IL,נקסט פיין ארוך,יחידה,1.00,יחידה,false,1,32.50,32.50,false,1,
7290115190519,false,סיגריות נקסט פיין חפ,פיליפ מוריס בעמ,PL,נקסט פיין חפ,יחידה,1.00,יחידה,false,1,32.50,32.50,false,1,
7290115190557,false,חפיסת סיגריות ריסס פילטר נקסט) (20,פיליפ מוריס בעמ,TR,נקסט ריסס קצר חפ,יחידה,1.00,יחידה,false,1,30.50,30.50,false,1,
7290115190564,false,נקסט לילך פקאט 10 יחידות,פיליפ מוריס בעמ,TR,נקסט לילך,יחידה,1.00,יחידה,false,1,277.00,277.00,false,1,
7290115190571,false,סיגריות נקסט לילך בודד,פיליפ מוריס בעמ,US,נקסט לילך,יחידה,1.00,יחידה,false,1,32.50,32.50,false,1,
7290115190595,false,סיגריות נקסט אוריגינ,פיליפ מוריס בעמ,PL,נקסט אוריג'ינל,יחידה,1.00,יחידה,false,1,32.50,32.50,false,1,
7290115190977,false,סיגריות מרלבורו טאץ אדום -בודד,פיליפ מוריס בעמ,TR,מרלבורו רד טאץ',יחידה,1.00,יחידה,false,1,34.00,34.00,false,1,
7290115200003,false,אסם פתי בר פינוקי וניל 16*220 ג',קבוצת אוסם סחר שותפות מוגבלת,PL,פתיבר פינוקים,גרמים,220.00,100 גרם,false,1,10.90,4.95,true,1,
7290115200027,false,אסם פתי בר פינוקים שוקו 220 גרם,קבוצת אוסם סחר שותפות מוגבלת,PL,פתיבר פינוקים,גרמים,220.00,100 גרם,false,1,10.90,4.95,true,1,
7290115200676,false,עוגיות קרמוגית במילוי קרם בטעם קרמל מלוח,קבוצת אוסם סחר שותפות מוגבלת,IL,קרמוגית קרמל,גרמים,200.00,100 גרם,false,1,10.90,5.45,true,1,
7290115200713,false,במבה קלאסי מארז אחיד 5*50 גר` אסם,קבוצת אוסם סחר שותפות מוגבלת,IL,במבה קלאסי 5 יח,גרמים,250.00,100 גרם,false,1,12.50,5.00,true,1,
7290115200881,false,בייגלה אסם שטוחים שומשום במליחות מעודנת 300 גר,קבוצת אוסם סחר שותפות מוגבלת,IL,בייגלה שטוחים,גרמים,300.00,100 גרם,false,1,10.90,3.63,true,1,
7290115201031,false,פתי בר פינוקי דובי שוקולד 175גר.,קבוצת אוסם סחר שותפות מוגבלת,PL,פתיבר דובי שוקול,גרמים,175.00,100 גרם,false,1,10.90,6.23,true,1,
7290115201451,false,לביבות בטטה וקארי 455 גר` טבעול גורמה,קבוצת אוסם סחר שותפות מוגבלת,IL,לביבות בטטה קארי,גרמים,455.00,100 גרם,false,1,34.90,7.67,true,1,
7290115201475,false,טבעול גורמה לביבות כרישה 434 גרם,קבוצת אוסם סחר-שות.מוגבלת,IL,לביבות כרישה,גרמים,434.00,100 גרם,false,1,34.90,8.04,true,1,
7290115201536,false,"טבעול גורמה לביבות כרובית ותפו""א 442 גרם",קבוצת אוסם סחר שותפות מוגבלת,IL,לביבות כרובית ות,גרמים,442.00,100 גרם,false,1,34.90,7.90,true,1,
7290115201680,false,ביסלי חטיף בטעם ברביקין אסם (70 גרם),קבוצת אוסם סחר שותפות מוגבלת,IL,ביסלי ברביקיו,גרמים,70.00,100 גרם,false,1,4.40,6.29,true,1,
7290115201703,false,ביסלי חטיף בטעם ברביקין אסם (200 גרם),קבוצת אוסם סחר שותפות מוגבלת,IL,ביסלי ברביקיו,גרמים,200.00,100 גרם,false,1,7.50,3.75,true,1,
7290115201727,false,ביסלי חטיף בטעם בצל אסם (200 גרם),קבוצת אוסם סחר-שות.מוגבלת,IL,ביסלי בצל,גרמים,200.00,100 גרם,false,1,7.50,3.75,true,1,
7290115202212,false,טבעול גורמה לביבות סלק 434 גרם,קבוצת אוסם סחר-שות.מוגבלת,IL,לביבות סלק,גרמים,434.00,100 גרם,false,1,34.90,8.04,true,1,
7290115202236,false,טופו קראנצי`ם 470 גרם טבעול,קבוצת אוסם סחר שותפות מוגבלת,IL,טופו קראנצ'ים,גרמים,470.00,100 גרם,false,1,31.90,6.79,true,1,
7290115202786,false,מנה חמה פאוצ' נדלס.אטר.טעם בקר 70 גרם,קבוצת אוסם סחר שותפות מוגבלת,TH,מנה חמה פאוצ',גרמים,70.00,100 גרם,false,1,4.90,7.00,true,1,
7290115202816,false,מנה חמה פאוץ נודלס אטריות טעם עוף 70 גרם,קבוצת אוסם סחר שותפות מוגבלת,TH,מנה חמה פאוצ',גרמים,70.00,100 גרם,false,1,4.90,7.00,true,1,
7290115203134,false,חטיף פופקו פופקורן במבה אסם (80 גרם),קבוצת אוסם סחר שותפות מוגבלת,IL,פופקו פופקורן,גרמים,80.00,100 גרם,false,1,5.40,6.75,true,1,
7290115203172,false,במבה PRO מכיל 18 גרם חלבון בשקית,קבוצת אוסם סחר שותפות מוגבלת,IL,חטיף במבה פרו,גרמים,80.00,100 גרם,false,1,4.30,5.38,true,1,
7290115204056,false,"קטשופ מופחת סוכר אסם 690 גרם כשל""פ",קבוצת אוסם סחר שותפות מוגבלת,IL,קטשופ מופחת סוכר,גרמים,690.00,100 גרם,false,1,10.90,1.58,true,1,
7290115204155,false,סחוג אדום המעדנייה ש,קבוצת אוסם סחר שותפות מוגבלת,IL,סחוג אדום צבר,גרמים,190.00,100 גרם,false,1,11.90,6.26,true,1,
7290115204186,false,פסטו המעדינה של צבר,קבוצת אוסם סחר שותפות מוגבלת,IL,פסטו צבר,גרמים,190.00,100 גרם,false,1,14.90,7.84,true,1,
7290115204995,false,לחמית ים תיכוני 160 גר`אסם,קבוצת אוסם סחר-שות.מוגבלת,IL,לחמית ים תיכונית,גרמים,160.00,100 גרם,false,1,9.90,6.19,true,1,
7290115205176,false,729001032825פיטנס חטיפי קרקר כפרי 140גר.,קבוצת אוסם סחר שותפות מוגבלת,IL,קרקר דק פיטנס,גרמים,140.00,100 גרם,false,1,11.90,8.50,true,1,
7290115205251,false,פיטנס בר פירכיות קרמל מלוח 84 גרם,קבוצת אוסם סחר שותפות מוגבלת,IL,פיטנס בר פריכיות,גרמים,84.00,100 גרם,false,1,12.90,15.36,true,1,
7290115205312,false,קרקר פיטנס דק עם זיתי קלמטה ועשבי תיבול,קבוצת אוסם סחר שותפות מוגבלת,IL,קרקר דק פיטנס,גרמים,140.00,100 גרם,false,1,11.90,8.50,true,1,
7290115205527,false,חטיף מולטיגריין עם עדשים ( 25 גר`) פיטנס,קבוצת אוסם סחר שותפות מוגבלת,IL,חטיף פיטנס,גרמים,25.00,100 גרם,false,1,4.90,19.60,true,1,
7290115205541,false,חטיף מולטיגריין עם חומוס ( 25 גר`) פיטנס,קבוצת אוסם סחר שותפות מוגבלת,IL,חטיף פיטנס,גרמים,25.00,100 גרם,false,1,4.90,19.60,true,1,
7290115205695,false,אסם בונזור בצק מצונן לפיצה 460 גרם,קבוצת אוסם סחר-שות.מוגבלת,CH,בצק פיצה מצונן,גרמים,460.00,100 גרם,false,1,16.50,3.59,true,1,
7290115205718,false,אסם בונזור בצק מצונן עלים 230 גרם,קבוצת אוסם סחר-שות.מוגבלת,CH,בצק עלים מצונן,גרמים,230.00,100 גרם,false,1,12.00,5.21,true,1,
7290115207620,false,"אסם רוטב בסגנון סויה קלאסי 290 מ""ל",קבוצת אוסם סחר שותפות מוגבלת,IL,רוטב סויה קלאסי,גרמים,333.00,100 גרם,false,1,12.90,3.87,true,1,
7290115207682,false,אסם רוטב בסגנון סויה סיני 9*290מל חדש,קבוצת אוסם סחר שותפות מוגבלת,IL,רוטב סויה סיני,גרמים,330.00,100 גרם,false,1,9.90,3.00,true,1,
7290115207811,false,"טבעול נקניקיות טבעוניות, 418 גרם",קבוצת אוסם סחר שותפות מוגבלת,IL,נקניקיות טבעוני,גרמים,418.00,100 גרם,false,1,34.90,8.35,true,1,
7290115207941,false,ויטמינצ'יק אננס סירופ 1 ליטר,קבוצת אוסם סחר שותפות מוגבלת,IL,ויטמינצ'יק אננס,ליטרים,1.00,ליטר,false,1,21.90,21.90,true,1,
7290115207989,false,ויטמינצ'יק תרכיז לימון 1 ליטר,קבוצת אוסם סחר שותפות מוגבלת,IL,ויטמינצ'יק לימון,ליטרים,1.00,ליטר,false,1,21.90,21.90,true,1,
7290115208009,false,ויטמינצ'יק ענבים סירופ 1 ליטר,קבוצת אוסם סחר שותפות מוגבלת,IL,ויטמינצ'יק ענבים,ליטרים,1.00,ליטר,false,1,21.90,21.90,true,1,
7290115208047,false,סירופ פטל ויטמינצ`יק (1 ליטר),קבוצת אוסם סחר שותפות מוגבלת,IL,ויטמינצ'יק פטל,ליטרים,1.00,ליטר,false,1,21.90,21.90,true,1,
7290115208061,false,ויטמינצ'יק תפוח סירופ 1 ליטר,קבוצת אוסם סחר שותפות מוגבלת,IL,ויטמינצ'יק תפוח,ליטרים,1.00,ליטר,false,1,21.90,21.90,true,1,
7290115208320,false,אפרופו חטיף בטעם ביסלי בצל 50 גרם,קבוצת אוסם סחר שותפות מוגבלת,IL,אפרופו טעם ביסלי,גרמים,50.00,100 גרם,false,1,5.00,10.00,true,1,
7290115208344,false,שטוחים בייגלה כפיות שמנת בצל 300גר,קבוצת אוסם סחר שותפות מוגבלת,IL,בייגלה כפיות,גרמים,300.00,100 גרם,false,1,10.90,3.63,true,1,
7290115208597,false,אסם קרמוגית מיניס קרמל מלוח 200 גרם,קבוצת אוסם סחר שותפות מוגבלת,IL,קרמוגית מיניס,גרמים,200.00,100 גרם,false,1,10.90,5.45,true,1,
7290115208801,false,קרקר לחמית דבש ואגוזים אסם (190 גרם),קבוצת אוסם סחר שותפות מוגבלת,IL,לחמית דבש ואגוזי,גרמים,190.00,100 גרם,false,1,9.90,5.21,true,1,
7290115209198,false,במבה אוורירית אסם 80 גרם,קבוצת אוסם סחר שותפות מוגבלת,IL,במבה אוורירית,גרמים,80.00,100 גרם,false,1,4.30,5.38,true,1,
7290115209358,false,במבה במילוי בראוניז אסם (60 גרם),קבוצת אוסם סחר שותפות מוגבלת,IL,במבה בראוניז,גרמים,60.00,100 גרם,false,1,4.30,7.17,true,1,
7290115209372,false,במבה במילוי בראוניז 150 גרם אוסם,קבוצת אוסם סחר שותפות מוגבלת,IL,במבה במילוי בראו,גרמים,150.00,100 גרם,false,1,10.90,7.27,true,1,
7290115401622,false,דובשניות מיני 350 גרם,אנגל,IL,דובשניות מיני,גרמים,350.00,100 גרם,false,1,12.90,3.69,true,1,
7290115480009,false,"מרכך כביסה מרוכז פרש קונטרול ירוק 900 מ""ל סוד",גורי שיווק בעמ,IL,סוד מרכך פרש,מיליליטרים,900.00,"100 מ""ל",false,1,12.90,1.43,true,1,
7290115480023,false,סוד פאוור קאפס לכביסה צבעונית 45 יחי,הנקל,RS,סוד קפסולות ג'ל,יחידה,1.00,יחידה,false,1,29.90,29.90,true,1,
7290115671223,false,מסטיק מאסט פאן אבטיח מנגו צנצנת 58 גרם,שטראוס גרופ בע`מ,DE,מסטיק מאסט,גרמים,58.00,100 גרם,false,1,9.90,17.07,true,1,
7290115675702,false,דגני בוקר קראנצ'ים שיבולת שועל עם פירות מיובשים,שטראוס פריטו ליי בע`מ,PL,דגני קוואקר,גרמים,375.00,100 גרם,false,1,16.90,4.51,true,1,
7290115675870,false,עלית קפה נמס מילקשייק קרמל מלוח 200גר,שטראוס קפה בי.וי,IL,קפה מילקשייק,גרמים,200.00,100 גרם,false,1,13.70,6.85,true,1,
7290115675986,false,דנונה יוגורט בר עם אגוזים מקורמלים 173 גרם,שטראוס גרופ בעמ/מצונן,IL,יוגורט בר,גרמים,173.00,100 גרם,false,1,4.60,2.66,false,1,
7290115676037,false,דנונה ריפרש יוגורט עם תות ודומדמניות 1.6% שומן,שטראוס גרופ בעמ/מצונן,IL,יוגורט דנונה,גרמים,250.00,100 גרם,false,1,5.90,2.36,true,1,
7290115676051,false,"משקה אקטיביה שיבולת שועל במתיקות מעודנת 250 מ""ל",שטראוס גרופ בעמ/מצונן,IL,משקה אקטיביה,גרמים,265.00,100 גרם,false,1,5.00,1.89,true,1,
7290115676082,false,משקה דנונה פרו 20 יוגורט תות 255 ג' רבנות,שטראוס גרופ בעמ/מצונן,IL,משקה דנונה פרו,גרמים,255.00,100 גרם,false,1,6.90,2.71,true,1,
7290115676099,false,משקה דנונה פרו 20 יוגורט וניל 255 ג' רבנות,שטראוס גרופ בעמ/מצונן,IL,משקה דנונה פרו,גרמים,255.00,100 גרם,false,1,6.90,2.71,true,1,
7290115677089,false,קונפיטורת יד מרדכי תפוח וקינמון 340 גרם,שטראוס גרופ בע`מ,IL,קונפיטורה תפוח,גרמים,340.00,100 גרם,false,1,11.90,3.50,true,1,
7290115677409,false,אורז קארי צהוב עם ירקות ברוטב קארי וקרם קוקוס,קפוא זן תעשיות מזון בעמ,IL,דלישס אורז קארי,גרמים,350.00,100 גרם,false,1,23.90,6.83,true,1,
7290115677966,false,ממרח אבוקדו טעם הטבע 200 גרם,שטראוס גרופ בעמ/מצונן,MX,ממרח אבוקדו,גרמים,200.00,100 גרם,false,1,14.90,7.45,true,1,
7290115678222,false,מארז 8 גביעים יוגורט Greek בסגנון יווני 6.5% שומן,שטראוס גרופ בעמ/מצונן,IL,דנונה יווני 8 יח,קילוגרמים,1.04,"ק""ג",false,1,25.90,24.90,true,1,
7290115678376,false,מעדן הגולן שוקולד 125 גרם,שטראוס גרופ בעמ/מצונן,IL,מעדן הגולן,גרמים,125.00,100 גרם,false,1,3.20,2.56,true,1,
7290115678383,false,מעדן הגולן שוקולד מריר בודד 125גר,שטראוס גרופ בעמ/מצונן,IL,מעדן הגולן,גרמים,125.00,100 גרם,false,1,3.20,2.56,true,1,
7290115678598,false,חסה אייסברג חיתוך גס 300 שטראוס טעם הטבע,שטראוס בריאות ירקות טריי,IL,חסה אייסברג חיתו,גרמים,300.00,100 גרם,false,1,10.90,3.63,true,1,
7290115678635,false,נשנושי גבינה -גבינת שמנת 16%+כעכים שטוחים עם מלח,שטראוס גרופ בעמ/מצונן,IL,נשנושי גבינה,גרמים,67.00,100 גרם,false,1,9.90,14.78,true,1,
7290115678642,false,נשנושי גבינה 16% עם חטיף אפוי עם זיתים 67 ג' שטראוס,שטראוס גרופ בעמ/מצונן,IL,נשנושי גבינה,גרמים,67.00,100 גרם,false,1,10.90,16.27,true,1,
7290115678888,false,"אבקת שוקולית טופי וקרמל פחית, 500 גרם עלית",שטראוס קפה בי.וי.,IL,שוקולית טופי,גרמים,500.00,100 גרם,false,1,15.50,3.10,true,1,
7290115679519,false,דלישס שייק פירות ורוד 150*2,קפוא זן תעשיות מזון בעמ,BE,שייק פירות,גרמים,300.00,100 גרם,false,1,19.90,6.63,true,1,
7290115679779,false,דלישס שייק פירות אדום 150*2,קפוא זן תעשיות מזון בעמ,BE,שייק פירו,גרמים,300.00,100 גרם,false,1,19.90,6.63,true,1,
7290115730746,false,מארז מנג'טים+קיסמים 42 י,,,מנג'טים+קיסמים,יחידה,1.00,יחידה,false,0,9.90,9.90,true,1,
7290115730999,false,מפות מוטבעות שחור,,CN,מפות,יחידה,1.00,יחידה,false,1,14.90,14.90,true,1,
7290115731910,false,דפנית אפיה לתבנית 15 יחי,,CN,דפנית אפיה,יחידה,1.00,יחידה,false,1,9.90,9.90,true,1,
7290115733402,false,תבנית נייר משפחתית גרניט,,IL,תבנית נייר,יחידה,1.00,יחידה,false,1,3.00,3.00,true,1,
7290116243962,false,אצבעות שוקולד ממולא בקרם חלב עם מדבקות 50 גרם - כוח פי גיי,Unknown,UA,אצבעות שוקולד,גרמים,50.00,100 גרם,false,1,3.90,7.80,true,1,
7290116243979,false,אצבעות שוקולד ממולא בקרם חלב עם מדבקות 50 גרם - LOL,,UA,אצבעות שוקולד,גרמים,50.00,100 גרם,false,1,3.90,7.80,true,1,
7290116244013,false,אצבעות שוק.סמי הכבאי50גר,Unknown,UA,אצבעות שוקולד,גרמים,50.00,100 גרם,false,1,3.90,7.80,true,1,
7290116530062,false,רוטב ויניגרט לסלט הלמנס 295 גרם,יוניליוור ישראל שיווק בע`מ,IL,רוטב ויניגרט,גרמים,295.00,100 גרם,false,1,10.90,3.69,true,1,
7290116530185,false,"קורנפלקס דלישקד קרמל מלוח 400 גרם בד""ץ",יוניליוור ישראל שיווק בע`מ,IL,דלישקד קרמל,גרמים,400.00,100 גרם,false,1,20.90,5.23,true,1,
7290116530222,false,דאודרנט סטיק לגבר אנרכי 76 ג' אקס,יוניליוור ישראל שיווק בעמ,US,דאו.סטיק אקס,גרמים,77.00,100 גרם,false,1,19.90,25.84,true,1,
7290116530871,false,נשנושים מיקס בייגל בייגל 240 גרם,יוניליוור ישראל שיווק בע`מ,IL,חטיף נשנושים,גרמים,240.00,100 גרם,false,1,12.70,5.29,true,1,
7290116531069,false,קנור מרק בצל 100% רכיבים טבעיים 225 גרם,יוניליוור ישראל שיווק בע`מ,IL,מרק בצל,גרמים,225.00,100 גרם,false,1,14.90,6.63,true,1,
7290116531076,false,מרק פטריות רכיבים טבעיים קטן 225 ג' קנור,יוניליוור ישראל שיווק בע`מ,IL,מרק פטריות,גרמים,225.00,100 גרם,false,1,14.90,6.63,true,1,
7290116531083,false,"ברנפלקס ללא ת.סוכר בטעם דבש בתוספת שקדים, 400 גרם",יוניליוור ישראל שיווק בע`מ,IL,ברנפלקס טעם דבש,גרמים,400.00,100 גרם,false,1,18.90,4.73,true,1,
7290116531090,false,בייגל בייגל דג דג במליחות עדינה 250 גרם,"יוניליוור ישראל שיווק בע""מ",IL,דגדג חטיף אפוי,גרמים,250.00,100 גרם,false,1,8.90,3.56,true,1,
7290116531243,false,"שמפו ומרכך 2ב-1 למניעת קשקשים 700 מ""ל פינוק","יוניליוור ישראל שיווק בע""מ",IL,שמפו פינוק,מיליליטרים,700.00,"100 מ""ל",false,1,12.90,1.84,true,1,
7290116531311,false,חטיף קליק בלאק אנד וויט שוקולד לבן 35 גר,יוניליוור ישראל שיווק בעמ,IL,חטיף קליק,גרמים,35.00,100 גרם,false,1,4.90,14.00,true,1,
7290116531328,false,"קליק בלאק אנד וויט חטיף שוקולד חלב 35 גרם כשל""פ",יוניליוור ישראל שיווק בעמ,IL,חטיף קליק,גרמים,35.00,100 גרם,false,1,4.90,14.00,true,1,
7290116531496,false,קינמונים דגנים פריכים מצופים קינמון 375,"יוניליוור ישראל שיווק בע""מ",LT,דגני קינמונים,גרמים,375.00,100 גרם,false,1,18.90,5.04,true,1,
7290116531762,false,דפים ריחניים למייבש כביסה בדין ורוד 40 יחידות,יוניליוור ישראל שיווק בע`מ,US,דפים למייבש,יחידה,1.00,יחידה,false,1,18.30,18.30,true,1,
7290116531779,false,דפים ריחניים למייבש כביסה בדין כחול 40 יחידות,"יוניליוור ישראל שיווק בע""מ",US,דפים למייבש,יחידה,1.00,יחידה,false,1,18.30,18.30,true,1,
7290116531885,false,"מיונז הלמנס טיבעוני בד""ץ 500 גר",יוניליוור ישראל שיווק בע`מ,IL,ממרח טבעוני,גרמים,500.00,100 גרם,false,1,16.90,3.38,true,1,
7290116531939,false,גלידה בשומן צמחי בטעם תות שדה בציפוי מכיל שוקולד,"גלידת שטראוס בע""\מ, רח'",IL,גלידונית בטעם ת,גרמים,630.00,100 גרם,false,1,44.90,7.13,true,1,
7290116532011,false,קליק אוקיי נוגט בציפוי שוקולד חלב 35 גרם,יוניליוור ישראל שיווק בע`מ,IL,חטיף קליק נוגט,גרמים,35.00,100 גרם,false,1,4.90,14.00,true,1,
7290116532219,false,קורנפלקס תות תלמה אלופים 448 גרם,"יוניליוור ישראל שיווק בע""מ",IL,קורנפלקס תות,גרמים,448.00,100 גרם,false,1,18.70,4.17,true,1,
7290116532240,false,קליק טבלה שוקולד חלב פצפוצי דגנים ועוגי 85 גרם רבנות,"יוניליוור ישראל שיווק בע""מ",IL,שוקולד קליק,גרמים,85.00,100 גרם,false,1,5.90,6.94,true,1,
7290116532264,false,גודיז פרי אפרסק – שלגון מופחת קלוריות עם יוגורט בציפוי בטעם אפרסק,"גלידת שטראוס בע""\מ, רחוב",IL,מאגדת גודיז לייט,גרמים,270.00,100 גרם,false,1,26.90,9.96,true,1,
7290116532394,false,"אל סבון ידיים נוזלי חמאת קקאו 950 מ""ל פינוק",יוניליוור ישראל שיווק בע`מ,IL,פינוק סבון ידיים,מיליליטרים,950.00,"100 מ""ל",false,1,11.90,1.25,true,1,
7290116532462,false,גלידת שמנת קליק בטעמי שוקולד בננה 384 ג' שטראוס,"גלידת שטראוס בע""\מ, רחוב",IL,"קליק גלידה 520מ""",מיליליטרים,520.00,"100 מ""ל",false,1,19.90,3.83,true,1,
7290116532585,false,דגני בוקר ברנפלקס קרנצ'ים בטעם דבש וקינמון,יוניליוור ישראל שיווק בע`מ,IL,קרנצים בטעם דבש,גרמים,375.00,100 גרם,false,1,18.90,5.04,true,1,
7290116532868,false,פינוק בייבי שמפו אל דמע לתינוקות 900 מל,יוניליוור ישראל שיווק בע`מ,IL,בייבי שמפו,מיליליטרים,900.00,"100 מ""ל",false,1,18.90,2.10,true,1,
7290116532899,false,נישנושים איירביס טעם פלאפל 155 גר`,"יוניליוור ישראל שיווק בע""מ",IL,נשנושים איירביס,גרמים,155.00,100 גרם,false,1,12.70,8.19,true,1,
7290116532905,false,נישנושים איירביס טעם ברביקיו 155 גר`,יוניליוור ישראל שיווק בע`מ,IL,נשנושים איירביס,גרמים,155.00,100 גרם,false,1,12.70,8.19,true,1,
7290116533063,false,דגני בוקר שוגי קרטיב ענבים 400 גרם,יוניליוור ישראל שיווק בע`מ,IL,שוגי קרטיב ענבים,גרמים,400.00,100 גרם,false,1,19.90,4.98,true,1,
7290116930015,false,GO חטיף חלבון חטיף בוטנים קריספי 20 גרם חלבון,"בלמונט קונפקציות בע""\מ.",US,חטיף חלבון GO,גרמים,60.00,100 גרם,false,1,12.90,21.50,true,1,
7290116930022,false,GO חטיף חלבון עוגיות ציפוי קריספי 20 גרם חלבון,"בלמונט קונפקציות בע""\מ.",US,חטיף חלבון GO,גרמים,60.00,100 גרם,false,1,12.90,21.50,true,1,
7290116930282,false,ארוחה בקטנה לאבנה עם קרקרים 150ג' תנובה,"תנובה בע""מ ***",IL,לאבנה,גרמים,150.00,100 גרם,false,1,8.90,5.93,true,1,
7290116930435,false,יופלה גו במרקם סמיך עם דובדבן 0% 200מל,תנובה מרכז שיתופי לש,IL,יוגורט גו סמיך,גרמים,200.00,100 גרם,false,1,5.90,2.95,true,1,
7290116930459,false,"יופלה שייק מנגו בננה אננס וקוקוס 230 מ""ל",קבוצת המזון אקטשלאר,IL,יופלה שייק,מיליליטרים,230.00,"100 מ""ל",false,1,8.30,3.61,true,1,
7290116930466,false,"משקה SHAKE בננה מנגן פסיפלורה והל 230 מ""ל יופלה",קבוצת המזון אקטשלאר,IL,יופלה שייק,מיליליטרים,230.00,"100 מ""ל",false,1,8.30,3.61,true,1,
7290116930480,false,"משקה SHAKE בננה קיווי תפוח 230 מ""ל יופלה",קבוצת המזון אקטשלאר,IL,יופלה שייק,מיליליטרים,230.00,"100 מ""ל",false,1,8.30,3.61,true,1,
7290116930626,false,ארוחה בקטנה ציזיקי עם קרקרים 150ג' תנובה,"תנובה בע""מ ***",IL,ציזיקי עם קרקרים,גרמים,150.00,100 גרם,false,1,8.90,5.93,true,1,
7290116930657,false,"משקה חלב גו בטעם בננה תמר בתוספת שיבולת שועל במרקם חלק 340 מ""ל",תנובה מרכז שיתופי לש,IL,משקה גו בננה תמר,מיליליטרים,340.00,"100 מ""ל",false,1,7.70,2.26,true,1,
7290116930701,false,מעדן חלב GO מועשר בחלבון בטעם קרמל מלוח,תנובה מרכז שיתופי לש,IL,מעדן חלב גו,גרמים,120.00,100 גרם,false,1,4.90,4.08,true,1,
7290116930725,false,סויה BIO קוקוס גביע 150 גרם אלטרנטיב,תנובה בעמ ***,IL,מעדן סויה ביו,גרמים,150.00,100 גרם,false,1,4.90,3.27,true,1,
7290116930954,false,יוגורט טעם פאי תפוחים 3% 150 ג' יופלה,תנובה בעמ ***,IL,יופלה פאי תפוחים,גרמים,150.00,100 גרם,false,1,5.00,3.33,true,1,
7290116931081,false,מעדן סויה - טופי קרמל 125 גרם אלטרנטיב,תנובה מרכז שיתופי לש,IL,מעדן סויה טופי,גרמים,125.00,100 גרם,false,1,4.20,3.36,true,1,
7290116931104,false,יופלה GO במרקם סמיך עם אננס 0% תנובה 200 גרם,תנובה בעמ ***,IL,יופלה גו סמיך,גרמים,200.00,100 גרם,false,1,5.90,2.95,true,1,
7290117260043,false,ריבת עלי ורדים ויליפוד 380 גרם,ג.וילי-פוד אינטרנשיונל בעמ,TR,ריבת עלי ורדים,גרמים,380.00,100 גרם,false,1,8.90,2.35,true,1,
7290117260050,false,קונפיטורה חבושים ויליפוד 380 גרם,ג. וילי-פוד אינטרנשיונל בע`מ,TR,קונפיטורה חבושים,גרמים,380.00,100 גרם,false,1,8.90,2.35,true,1,
7290117260173,false,"קמח חיטה רב תכליתי 1 ק""ג",ג. וילי-פוד אינטרנשיונל בע`מ,IT,קמח רב תכליתי,קילוגרמים,1.00,"ק""ג",false,1,7.90,7.90,true,1,
7290117260562,false,חמאה כפרית מסורתית בגביע,ג.וילי-פוד אינטרנשיונל **גבינו,TR,חמאה בגביע,גרמים,225.00,100 גרם,false,1,16.90,7.51,true,1,
7290117260685,false,תן בו וניל ציפויים בטעמים שונים 230 גרם,ג. וילי-פוד אינטרנשיונל בע`מ,DK,תן בו מיקס סמבה,גרמים,230.00,100 גרם,false,1,20.00,8.70,true,1,
7290117260807,false,קרמבו וניל בציפוי שוקולד לבן 300 ג' תן בו,ג.וילי פוד אינטרנשיונל בעמ,DK,תן בו שוקולד12יח,גרמים,300.00,100 גרם,false,1,20.00,6.67,true,1,
7290117260920,false,קרקרים ללא גלוטן 125 גרם ויליפוד,ג.וילי פוד אינטרנשיונל בעמ,IT,קרקרים ללא גלוטן,גרמים,125.00,100 גרם,false,1,6.90,5.52,true,1,
7290117260937,false,קרקרים עם עגבניות ואורגנו ללא גלוטן 125 ג' ויליפוד,ג.וילי-פוד אינטרנשיונל בעמ,IT,קרקר לללא גלוטן,גרמים,125.00,100 גרם,false,1,6.90,5.52,true,1,
7290117260968,false,ביסקוויטים ללא גלוטן 125 גרם ויליפוד,ג. וילי-פוד אינטרנשיונל בע`מ,IT,ביסקוויט ל.גלוטן,גרמים,125.00,100 גרם,false,1,6.90,5.52,true,1,
7290117260982,false,זיתים שחור מגולענים במי מלח וילי פוד300,ג.וילי פוד אינטרנשיונל בעמ,TR,זית שחור מגולען,גרמים,300.00,100 גרם,false,1,8.90,2.97,true,1,
7290117261200,false,ארוחת פסטה בהקפאה פוזילי פטריות וגזר 600,ג.וילי פוד אינטרנשיונל בעמ,GR,פסטה פוזילי פטרי,גרמים,600.00,100 גרם,false,1,23.90,3.98,true,1,
7290117261248,false,חטיף מוקצף בטעם שוקולד חלב 180ג' תן בו,ג.וילי פוד אינטרנשיונל בעמ,DK,תן בו בטעם שוקול,גרמים,180.00,100 גרם,false,1,16.90,9.39,true,1,
7290117261255,false,חטיף מוקצף בטעם שוקולד לבן 180ג' תן בו,ג.וילי פוד אינטרנשיונל בעמ,DK,תן בו בטעם שוקול,גרמים,180.00,100 גרם,false,1,16.90,9.39,true,1,
7290117261262,false,חטיף מוקצף בטעם שוקולד מריר ושבבי קוקוס 180ג' תן בו,ג.וילי פוד אינטרנשיונל בעמ,DK,תן בו בטעם שוקול,גרמים,180.00,100 גרם,false,1,16.90,9.39,true,1,
7290117261422,false,euro cheese יוגורט פרוביוטי תות שדה 2% שומן 125 גרם,ג.וילי-פוד אינטרנשיונל **גבינו,TR,יוגורט פרוביוטי,גרמים,125.00,100 גרם,false,1,2.90,2.32,true,1,
7290117261439,false,euro cheese יוגורט פרוביוטי פירות יער 2% שומן 125 גרם,ג.וילי-פוד אינטרנשיונל **גבינו,TR,יוגורט פרוביוטי,גרמים,125.00,100 גרם,false,1,2.90,2.32,true,1,
7290117261446,false,euro cheese יוגורט פרוביוטי אפרסק 2% שומן 125 גרם,ג.וילי-פוד אינטרנשיונל **גבינו,TR,יוגורט פרוביוטי,גרמים,125.00,100 גרם,false,1,2.90,2.32,true,1,
7290117261491,false,מאפה יווני ממולא פטה טבעונית 450 גרם,ג.וילי-פוד אינטרנשיונל **גבינו,GR,מאפה יווני,גרמים,450.00,100 גרם,false,1,24.90,5.53,true,1,
7290117261538,false,סלמון אטלנטי בשמן קנולה וצילי 120 גרם ויליפוד,ג. וילי-פוד אינטרנשיונל בע`מ,LV,סלמון אטלנטי,גרמים,120.00,100 גרם,false,1,13.90,11.58,true,1,
7290117261798,false,סימיט בייגלה ממולא קשקבל,,TR,סימיט בייגלה ממו,גרמים,360.00,100 גרם,false,1,10.90,3.03,true,1,
7290117261804,false,מאפה במילוי תרד וגבינת פ,,TR,מאפה במילוי תרד,גרמים,560.00,100 גרם,false,1,10.90,1.94,true,1,
7290117261811,false,מאפה במילוי גבינת פטה,,TR,מאפה במילוי גבינ,גרמים,560.00,100 גרם,false,1,10.90,1.94,true,1,
7290117261828,false,עוגיות אגוזים ופתיתים בט,,TR,עוגיות אגוזים ופ,גרמים,300.00,100 גרם,false,1,10.90,3.63,true,1,
7290117261859,false,מיני מאפים במילוי תרד וג,,TR,מיני מאפים במילו,גרמים,480.00,100 גרם,false,1,10.90,2.27,true,1,
7290117261866,false,"מיני מאפים במילוי תפוח""א",,TR,מיני מאפים במילו,גרמים,480.00,100 גרם,false,1,10.90,2.27,true,1,
7290117261873,false,מאפה פריך במילוי גבינה,,TR,מאפה פריך במילוי,גרמים,520.00,100 גרם,false,1,10.90,2.10,true,1,
7290117261880,false,"מאפה פריך במילוי תפו""א",,TR,מאפה פריך במילוי,גרמים,520.00,100 גרם,false,1,10.90,2.10,true,1,
7290117261897,false,מאפה פריך במילוי תרד,,TR,מאפה פריך במילוי,גרמים,520.00,100 גרם,false,1,10.90,2.10,true,1,
7290117262054,false,רגע-וופל במילוי עם שוקולד שוויצרי 200 גרם ויליפוד,ג.וילי פוד אינטרנשיונל בעמ,GR,גלילי וופל ממולא,גרמים,200.00,100 גרם,false,1,9.90,4.95,true,1,
7290117262061,false,רגע-וופל במילוי טעם קקאו ואגוזי לוז 200 גרם ויליפוד,ג.וילי פוד אינטרנשיונל בעמ,GR,גלילי וופל ממולא,גרמים,200.00,100 גרם,false,1,9.90,4.95,true,1,
7290117262290,false,פרלינים אגוזים במילוי פצפוצי דגנים פריכים מצופים שוקולד חלב 50 גרם,ג. וילי-פוד אינטרנשיונל בע`מ,TR,חטיף שוקולד,גרמים,50.00,100 גרם,false,1,4.90,9.80,true,1,
7290117262306,false,"קורנפלקס מצופה שוקולד חלב ד, 50 גרם",ג. וילי-פוד אינטרנשיונל בע`מ,TR,חטיף שוקולד,גרמים,50.00,100 גרם,false,1,4.90,9.80,true,1,
7290117262313,false,פצפוצי דגנים פריכים מצופים שוקולד חלב 50 גרם,ג. וילי-פוד אינטרנשיונל בע`מ,TR,חטיף דגנים פריכי,גרמים,50.00,100 גרם,false,1,4.90,9.80,true,1,
7290117262320,false,ביסקוויט מצופה שוקולד חלב 50 גר JAZZY,ג. וילי-פוד אינטרנשיונל בע`מ,TR,חטיפי שוקולד,גרמים,40.00,100 גרם,false,1,4.90,12.25,true,1,
7290117380192,false,חטיף פוף קראנץ בטעם גריל 60 גרם,ש. שסטוביץ בע`מ,IL,חטיף פוף קראנץ,גרמים,60.00,100 גרם,false,1,3.90,6.50,true,1,
7290117380208,false,חטיף פוף קראנץ בטעם חמוץ חריף 60 גרם,ש. שסטוביץ בע`מ,IL,חטיף פוף קראנץ',גרמים,60.00,100 גרם,false,1,3.90,6.50,true,1,
7290117380215,false,חטיף פוף קראנץ בטעם טאקו 60 גרם,ש. שסטוביץ בע`מ,IL,חטיף פוף קראנץ',גרמים,60.00,100 גרם,false,1,3.90,6.50,true,1,
7290117380857,false,"מרבה סלים דליס פייבר עוגות אישיות בטעם לימון, 120 גרם",ש. שסטוביץ בע`מ,NL,חטיפי דגנים,גרמים,120.00,100 גרם,false,1,10.90,9.08,true,1,
7290117382318,false,סלים דליס פרו 33 חטיף חלבון שוקולד מריר 60 גרם,"י. מרבה ישראל בע""\מ",IT,חטיף חלבון מצופה,גרמים,60.00,100 גרם,false,1,11.90,19.83,true,1,
7290117382325,false,חטיף חלבון מצופה שוקולד חלב פרו 33 סלים דליס 60 ג,"י. מרבה ישראל בע""\מ",IT,חטיף חלבון מצופה,גרמים,60.00,100 גרם,false,1,11.90,19.83,true,1,
7290117382332,false,סלים דליס פרו 33 חטיף חלבון שוקולד בטעם עוגיות 60 גרם,"י. מרבה ישראל בע""\מ",IT,סלים דליס חטיף,גרמים,60.00,100 גרם,false,1,11.90,19.83,true,1,
7290117860045,false,שמפו תמציות אלוורה ותה ירוק לשיער רגיל,"טרופיקל גליל בע""מ",IL,שמפו הוואי,מיליליטרים,700.00,"100 מ""ל",false,1,14.90,2.13,true,1,
7290117860090,false,מרכך תמציות אלוורה ותה ירוק לשיער רגיל,"טרופיקל דגיל בע""\מ",IL,מרכך מטפח לשיער,מיליליטרים,700.00,"100 מ""ל",false,1,14.90,2.13,true,1,
7290117860144,false,הוואי שמפו פירות אקזוטיים וקלנדולה 700,"טרופיקל גליל בע""מ",IL,שמפו הוואי,מיליליטרים,700.00,"100 מ""ל",false,1,14.90,2.13,true,1,
7290117860182,false,"הוואי - תחליב רחצה בניחוח מגנוליה ושמן שקדים 700 מ""ל","טרופיקל דגיל בע""\מ",IL,תחליב רחצה הוואי,מיליליטרים,700.00,"100 מ""ל",false,1,14.90,2.13,true,1,
7290117860199,false,שמפו שמן ורד הבר ושמן מקדמיה לשיער יבש,"טרופיקל דגיל בע""\מ",IL,שמפו הוואי,מיליליטרים,700.00,"100 מ""ל",false,1,14.90,2.13,true,1,
7290117860243,false,"הוואי - מרכך מעניק לחות לשיער יבש 700 מ""ל","טרופיקל גליל בע""מ",IL,מרכך הוואי,מיליליטרים,700.00,"100 מ""ל",false,1,14.90,2.13,true,1,
7290117860397,false,שמפו תמצית פריחת הדובדבן לשיער רגיל,"טרופיקל גליל בע""מ",IL,שמפו הוואי,מיליליטרים,700.00,"100 מ""ל",false,1,14.90,2.13,true,1,
7290117860441,false,הוואי מרכך פריחת הדובדבן 700 מ`ל,"טרופיקל גליל בע""מ",IL,מרכך פריחת הדובד,מיליליטרים,700.00,"100 מ""ל",false,1,14.90,2.13,true,1,
7290117860892,false,"הוואי - תחליב רחצה יוגורט בניחוח וניל ודבש 700 מ""ל","טרופיקל דגיל בע""\מ",IL,תחליב רחצה הוואי,מיליליטרים,700.00,"100 מ""ל",false,1,14.90,2.13,true,1,
7290117900888,false,טחינה אל מליכ 950 גרם,אחדות ביחר לטחינה חלוה,IL,טחינה אל מליכ,גרמים,950.00,100 גרם,false,1,19.90,2.09,true,1,
7290117900901,false,טחינה אבו חסן 950 גרם,אחדות ביחר לטחינה חלוה,IL,טחינה אבו חסן,גרמים,950.00,100 גרם,false,1,19.90,2.09,true,1,
7290117901199,false,טורטיה על גחלים שקדיה 520 גרם,דין שיווק וקליה 2021 בעמ,TR,עלי טורטייה,גרמים,520.00,100 גרם,false,1,10.00,1.92,true,1,
7290117901250,false,ממרח עגבניות מיובשות בתוספת זיתים ירוקים שקדיה 290 גרם,דין שיווק וקליה 2021 בעמ,TR,ממרח עגבניות,גרמים,290.00,100 גרם,false,1,15.10,5.21,true,1,
7290118420071,false,במבה ביסלי ברביקיו מיקס 80גר אסם{,קבוצת אוסם סחר שותפות מוגבלת,IL,במבה ביסלי מיקס,גרמים,80.00,100 גרם,false,1,4.30,5.38,true,1,
7290118420477,false,אסם בייגלה שטוחים בטעם ביסלי בצל 300 גרם,קבוצת אוסם סחר שותפות מוגבלת,IL,בייגלה שטוחים,גרמים,300.00,100 גרם,false,1,10.90,3.63,true,1,
7296058000526,false,פריכיות כוסמת פרח 160 גרם,מ.ד אטיאס סוכנויות מזון בע`מ,IL,פרכיות כוסמת,גרמים,160.00,100 גרם,false,0,8.90,5.56,true,1,
7296073005735,false,עוג.סנדוויץ שוק.שופרס150,"אחים פפושדו ובניהם בע""\מ",IL,עוגיות סנדוויץ,גרמים,150.00,100 גרם,false,0,4.50,3.00,true,1,
7296073005742,false,עוג.סנדוויץ וניל שופרסל,"אחים פפושדו ובניהם בע""\מ",IL,עוגיות סנדוויץ,גרמים,150.00,100 גרם,false,0,4.50,3.00,true,1,
7296073005841,false,אפונה ירוקה שופרסל500גרם,מיה,IL,אפונה ירוקה,גרמים,500.00,100 גרם,false,0,5.50,1.10,true,1,
7296073005858,false,בורגול שופרסל 500 גרם,מיה,IL,בורגול,גרמים,500.00,100 גרם,false,0,4.90,0.98,true,1,
7296073005902,false,כוסמת שופרסל 500 גרם,מיה,IL,כוסמת שופרסל,גרמים,500.00,100 גרם,false,0,5.90,1.18,true,1,
7296073005919,false,עדשים ירוקות שופרסל500ג,מיה,IL,עדשים ירוקות,גרמים,500.00,100 גרם,false,0,6.50,1.30,true,1,
7296073005926,false,עדשים אדומות שופרסל500גר,מיה,IL,עדשים אדומות,גרמים,500.00,100 גרם,false,0,6.50,1.30,true,1,
7296073005971,false,שעועית אדומה שופרסל500גר,מיה,IL,שעועית אדומה,גרמים,500.00,100 גרם,false,0,8.80,1.76,true,1,
7296073006015,false,"חומוס גדול שופרסל 1 ק""ג",מיה,IL,חומוס גדול,קילוגרמים,1.00,"ק""ג",false,0,10.50,10.50,true,1,
7296073006053,false,פרג שופרסל 100 גרם,,IL,פרג שופרסל,גרמים,100.00,100 גרם,false,1,4.90,4.90,true,1,
7296073006060,false,חומוס לבן ענק שופרסל 1קג,מיה,IL,חומוס לבן ענק,קילוגרמים,1.00,"ק""ג",false,0,12.90,12.90,true,1,
7296073006114,false,"עדשים ירוקות שופרסל 1ק""ג",מיה,IL,עדשים ירוקות,קילוגרמים,1.00,"ק""ג",false,0,10.90,10.90,true,1,
7296073006121,false,"עדשים אדומות שופרסל 1ק""ג",מיה,IL,עדשים אדומות,קילוגרמים,1.00,"ק""ג",false,0,10.90,10.90,true,1,
7296073006381,false,מנזנילו בינונ.שופרסל560ג,שופרסל,IL,זיתים ירוקים,גרמים,560.00,100 גרם,false,0,6.30,1.13,true,1,
7296073006398,false,מנזנילו גדול ירוק 560 גר,שופרסל,IL,זיתי מנזנילו,גרמים,560.00,100 גרם,false,0,6.80,1.21,true,1,
7296073006404,false,מלפפונים במלח גדולים 7-9,בני דרום,IL,מלפפון במלח 7-9,גרמים,560.00,100 גרם,false,0,6.30,1.13,true,1,
7296073006411,false,מלפפונים במלח בינוניים,בני דרום,IL,מלפפונים במלח,גרמים,560.00,100 גרם,false,0,6.80,1.21,true,1,
7296073006428,false,מלפ.במלח 13-17שופרסל560ג,שופרסל,IL,מלפפון במלח,גרמים,560.00,100 גרם,false,0,9.50,1.70,true,1,
7296073006435,false,מלפפונים במלח קטנים מאוד,שופרסל,IL,מלפפון במלח,גרמים,560.00,100 גרם,false,0,10.90,1.95,true,1,
7296073006497,false,גביעי גלידה שופרסל 30יח',"א.ג. גילרו בע""\מ",IL,גביעי גלידה,גרמים,115.00,100 גרם,false,0,10.00,8.70,true,1,
7296073006640,false,מלפפ.כבישה בית.שופר1.65ק,שופרסל,IL,מלפפון במלח ביתי,קילוגרמים,1.65,"ק""ג",false,0,26.90,16.30,true,1,
7296073011101,false,קוסקוס עבה שופרסל 350גרם,"אסיף תעשיות מזון בע""\מ",IL,קוסקוס עבה,גרמים,350.00,100 גרם,false,0,4.50,1.29,true,1,
7296073011118,false,קוסקוס דק שופרסל 350 גרם,"אסיף תעשיות מזון בע""\מ",IL,קוסקוס דק,גרמים,350.00,100 גרם,false,0,4.50,1.29,true,1,
7296073011217,false,פסטה פנה ריגטה31שופר500ג,שופרסל,IT,פסטה פנה ריגטה,גרמים,500.00,100 גרם,false,0,4.90,0.98,true,1,
7296073011224,false,פסטה פוסילי36שופר 500גרם,שופרסל,IT,פסטה פוסילי,גרמים,500.00,100 גרם,false,0,4.90,0.98,true,1,
7296073012009,false,קוסקוס בינוני שופרסל350ג,"אסיף תעשיות מזון בע""\מ",IL,קוסקוס בינוני,גרמים,350.00,100 גרם,false,0,4.50,1.29,true,1,
7296073020356,false,150כוס שתייה קרה בייסיק,שופרסל,IL,"כוסות שתייה חד""פ",יחידה,1.00,יחידה,false,0,17.90,17.90,true,1,
7296073020370,false,צלחות גדולות שופרסל 100,שופרסל,IL,צלחות גדולות,יחידה,1.00,יחידה,false,0,30.90,30.90,true,1,
7296073020394,false,"קעריות ח""פ שופרסל 50 יח'",שופרסל,IL,"קעריות מרק חד""פ",יחידה,1.00,יחידה,false,0,19.90,19.90,true,1,
7296073020400,false,"קעריות ח""פ אובלית שופרסל",שופרסל,IL,קעריות קסרול,יחידה,1.00,יחידה,false,0,14.90,14.90,true,1,
7296073020936,false,פטריות שמפיניון חתוכ400ג,פרוצ'אמפ,NL,פטריות חתוכות,גרמים,400.00,100 גרם,false,0,4.50,1.13,true,1,
7296073021568,false,"קמח חיטה לבן בהיר 1 ק""ג",שופרסל,IL,קמח לבן,קילוגרמים,1.00,"ק""ג",false,0,4.50,4.50,true,1,
7296073021575,false,"קמח תופח שופרסל 1 ק""ג",שופרסל,IL,קמח תופח,קילוגרמים,1.00,"ק""ג",false,0,6.50,6.50,true,1,
7296073021582,false,"סולת חיטה שופרסל 1 ק""ג",שופרסל,IL,סולת חיטה,קילוגרמים,1.00,"ק""ג",false,0,4.50,4.50,true,1,
7296073048992,false,פסטרמה בדבש שופרסל 300גר,מעדני יחיעם,IL,פסטרמה בדבש,גרמים,300.00,100 גרם,false,0,21.90,7.30,true,1,
7296073049029,false,כתף בקר שופרסל 300 גרם,מעדני יחיעם,IL,כתף בקר,גרמים,300.00,100 גרם,false,0,26.90,8.97,true,1,
7296073049043,false,פסטרמה ברבקיו שופרסל300ג,שופרסל,IL,פסטרמה ברבקיו,גרמים,300.00,100 גרם,false,0,21.90,7.30,true,1,
7296073049654,false,טבעות זיתים ירוקים 560גר,שופרסל,IL,טבעות זיתים,גרמים,560.00,100 גרם,false,0,8.40,1.50,true,1,
7296073053743,false,פסטה קונקיליוני39 שופרסל,שופרסל,IL,פסטה קונקיליוני,גרמים,500.00,100 גרם,false,0,4.90,0.98,true,1,
7296073053750,false,פסטה לומקה ריגטה 48 שופר,שופרסל,IT,פסטה לומקה ריגטה,גרמים,500.00,100 גרם,false,0,4.90,0.98,true,1,
7296073058984,false,גרנולה קראנץ פירות+אג400,בריגן קי. ג'י,DE,גרנולה קראנץ,גרמים,400.00,100 גרם,false,0,16.90,4.23,true,1,
7296073058991,false,מוזלי שופרסל 500 גרם,בריגן קי ג'י,DE,מוזלי,גרמים,500.00,100 גרם,false,0,16.90,3.38,true,1,
7296073059097,false,25 מגבונים להסרת איפור,שופרסל,IL,מגבונים לאיפור,יחידה,1.00,יחידה,false,0,9.90,9.90,true,1,
7296073059691,false,"50 צלחות גדול ח""פ שופרסל",שופרסל,IL,צלחות גדולות,יחידה,1.00,יחידה,false,0,17.90,17.90,true,1,
7296073059707,false,"צלחות קטנות ח""פ שופרסל 5",שופרסל,IL,"צלחות קטנות חד""פ",יחידה,1.00,יחידה,false,0,14.90,14.90,true,1,
7296073059745,false,"לפתניות ח""פ שופרסל 50 יח",שופרסל,IL,"ליפתניות חד""פ",יחידה,1.00,יחידה,false,0,14.90,14.90,true,1,
7296073059790,false,"צלחות מרכזיות ח""פ שופרסל",שופרסל,IL,צלחות מנה עיקרית,יחידה,1.00,יחידה,false,0,17.90,17.90,true,1,
7296073060024,false,"צלחות קטנות ח""פ שופרסל 1",שופרסל,IL,"צלחות קטנות חד""פ",יחידה,1.00,יחידה,false,0,22.90,22.90,true,1,
7296073064367,false,"בורקס תפו""א שופרסל 800 ג",שופרסל,IL,"800 בורקס תפו""א",גרמים,800.00,100 גרם,false,0,15.90,1.99,true,1,
7296073064398,false,בורקס גבינה שופרסל 800 ג,מאפ גדרון,IL,בורקס גבינה800,גרמים,800.00,100 גרם,false,0,17.90,2.24,true,1,
7296073066347,false,חלווה מסולסלת שופרסל250ג,"אחדות בע""מ א.ת. ברקן",IL,חלווה מסולסלת,גרמים,250.00,100 גרם,false,0,12.20,4.88,true,1,
7296073066354,false,חטיפי חלווה שופרסל 250 ג,"אחדות בע""מ א.ת. ברקן",IL,חטיפי חלווה,גרמים,250.00,100 גרם,false,0,9.70,3.88,true,1,
7296073066361,false,עוג.סנדביץ' שוקו שופר900,אחים פפושדו,IL,עוגיות סנדביץ',גרמים,900.00,100 גרם,false,0,19.90,2.21,true,1,
7296073066378,false,עוג.סנדוויץ בטעם וניל900,"אחים פפושדו ובניהם בע""\מ",IL,עוגיות סנדביץ,גרמים,900.00,100 גרם,false,0,19.90,2.21,true,1,
7296073074434,false,פתי בר גדול שופרסל500גרם,שופרסל,IL,פתיבר גדול,גרמים,500.00,100 גרם,false,0,8.90,1.78,true,1,
7296073074441,false,פתי בר שוקו גדול שופר500,שופרסל,IL,פתי בר גדול שוקו,גרמים,500.00,100 גרם,false,0,8.90,1.78,true,1,
7296073074656,false,ירקות מעורב.כבושים 1.65ק,שופרסל,IL,ירקות מעורבים,קילוגרמים,1.65,"ק""ג",false,0,25.90,15.70,true,1,
7296073078555,false,בצק עלים מרודד מוקפא,שופרסל,IL,בצק עלים 1קג,קילוגרמים,1.00,"ק""ג",false,0,16.90,16.90,true,1,
7296073078579,false,דבש טבעי מפרחי שדה 350 ג,שופרסל,IL,דבש טבעי,גרמים,350.00,100 גרם,false,0,16.90,4.83,true,1,
7296073078609,false,"דבש טבעי שופרסל 1 ק""ג",מכוורת עמק חפר,IL,דבש טבעי,קילוגרמים,1.00,"ק""ג",false,0,38.90,38.90,true,1,
7296073078616,false,דבש טבעי מפרחי שדה 1.5קג,מכוורת עמק חפר,IL,דבש טבעי,קילוגרמים,1.50,"ק""ג",false,0,53.40,35.60,true,1,
7296073078821,false,4 כריות יפניות שופרסל,פלסטו פוליש,IL,כריות יפניות,יחידה,1.00,יחידה,false,0,7.70,7.70,true,1,
7296073078838,false,6 כריות יפניות שופרסל,פלסטו פוליש,IL,כריות יפניות,יחידה,1.00,יחידה,false,0,9.50,9.50,true,1,
7296073078883,false,9 מטליות ניקוי כללי שופר,שופרסל,IL,מטליות לניקוי,יחידה,1.00,יחידה,false,0,8.90,8.90,true,1,
7296073078890,false,15מטליות ניקוי כללי שופר,שופרסל,IL,מטליות לניקוי,יחידה,1.00,יחידה,false,0,14.90,14.90,true,1,
7296073079002,false,פריכ.דקות אורז מלא ש100.,"פרח תעשיות מזון בע""\מ",IL,פריכיות דקות,גרמים,100.00,100 גרם,false,0,7.50,7.50,true,1,
7296073079019,false,פריכיות דק.קצח 100ג שופר,"פרח תעשיות מזון בע""\מ",IL,פריכיות דקות,גרמים,100.00,100 גרם,false,0,7.50,7.50,true,1,
7296073079040,false,פריכיות זעתר שופרסל 50גר,"פרח תעשיות מזון בע""\מ",IL,פריכיות אורז,גרמים,50.00,100 גרם,false,0,7.90,15.80,true,1,
7296073079842,false,עגבניות מקולפות שופר800ג,פריניר,IL,עגבניות מקולפ.,גרמים,800.00,100 גרם,false,0,5.90,0.74,true,1,
7296073079873,false,רוטב עגבנ.מרוכז מאוד580ג,פריניר,IL,תרכיז עגבניות,גרמים,580.00,100 גרם,false,0,5.90,1.02,true,1,
7296073079880,false,רסק עגבניות 22%שופר570ג,פריניר,IL,רוטב עגבניות,גרמים,570.00,100 גרם,false,0,5.80,1.02,true,1,
7296073079903,false,רוטב עגבניות 22%שופר100ג,פריניר,IL,רוטב עגבניות,גרמים,100.00,100 גרם,false,0,1.80,1.80,true,1,
7296073080497,false,שעועית אפויה שופרסל 580ג,פרי גליל,IL,שעועית אפויה,גרמים,580.00,100 גרם,false,0,6.90,1.19,true,1,
7296073080503,false,אפונה גדולה שופרסל550גרם,פרי גליל,IL,אפונה ירוקה,גרמים,550.00,100 גרם,false,0,6.50,1.18,true,1,
7296073080541,false,אפונה וגזר שופרסל 550 גר,פרי גליל,IL,אפונה וגזר,גרמים,550.00,100 גרם,false,0,6.50,1.18,true,1,
7296073081449,false,פירורי לחם מוזהב שופר200,"חטיפים מן הטבע בע""\מ",IL,פירורי לחם,גרמים,200.00,100 גרם,false,0,3.50,1.75,true,1,
7296073081456,false,פירורי לחם לבן שופרסל200,"חטיפים מן הטבע בע""\מ",IL,פירורי לחם לבן,גרמים,200.00,100 גרם,false,0,4.90,2.45,true,1,
7296073081678,false,מזון יבש לכלבים שופר12.ק,סנשיין מילס,US,מזון יבש מלא כלב,קילוגרמים,12.00,"ק""ג",false,0,99.90,8.33,true,1,
7296073081685,false,מזון יבש לחתול שופר1.5.ק,Tuffy's,US,מזון לחתולים,קילוגרמים,1.50,"ק""ג",false,0,27.70,18.47,true,1,
7296073081692,false,מזון יבש לחתול שופרסל3קג,Tuffy's,US,מזון לחתולים,קילוגרמים,3.00,"ק""ג",false,0,46.50,15.50,true,1,
7296073087175,false,ריבת תות שופרסל 370 גרם,LTD 99 CIMA,BG,ריבת תות שדה,גרמים,370.00,100 גרם,false,0,10.90,2.95,true,1,
7296073087182,false,ריבת מישמש שופרסל 370גרם,LTD 99 CIMA,BG,ריבת מישמש,גרמים,370.00,100 גרם,false,0,10.90,2.95,true,1,
7296073087205,false,ריבת אוכמניות שופרסל370ג,LTD 99 CIMA,BG,ריבת אוכמניות,גרמים,370.00,100 גרם,false,0,10.90,2.95,true,1,
7296073087243,false,קונפ.דובדבנים שופרסל370ג,LTD 99 CIMA,BG,קונפ.דובדבנים,גרמים,370.00,100 גרם,false,0,12.10,3.27,true,1,
7296073087250,false,קונפ.אוכמניות שופרסל370ג,LTD 99 CIMA,BG,קונפ.אוכמניות,גרמים,370.00,100 גרם,false,0,12.10,3.27,true,1,
7296073087274,false,קונפ.שזיפים שופרסל 370גר,LTD 99 CIMA,BG,קונפיט.שזיפים,גרמים,370.00,100 גרם,false,0,12.10,3.27,true,1,
7296073090496,false,צמר פלדה שופרסל 100 גרם,פלסטו פוליש,IL,צמר פלדה,גרמים,100.00,100 גרם,false,0,5.90,5.90,true,1,
7296073091226,false,פופקורן גרעינים שופר1.קג,מיה,IL,פופקורן גרעינים,קילוגרמים,1.00,"ק""ג",false,0,8.80,8.80,true,1,
7296073091394,false,גרעין לבן קלוי400גשופרסל,ששון,IL,גרעין לבן קלוי,גרמים,400.00,100 גרם,false,0,18.90,4.73,true,1,
7296073091417,false,בוטן בקליפה קלוי וממולח,ששון,IL,בוטן בקליפה קלוי,גרמים,400.00,100 גרם,false,0,17.90,4.48,true,1,
7296073091493,false,גרעין שחור קלוי200גשופרס,ששון,IL,גרעין שחור קלוי,גרמים,200.00,100 גרם,false,0,6.80,3.40,true,1,
7296073091547,false,צימוק בהיר 400ג שופרסל,ששון,IL,צימוק בהיר,גרמים,400.00,100 גרם,false,0,22.90,5.73,true,1,
7296073091646,false,צנוברים קלופים 100גרם,ששון,CN,צנוברים קלופים,גרמים,100.00,100 גרם,false,0,25.90,25.90,true,1,
7296073091677,false,חמוציות 250גרם שופרסל,ששון,US,חמוציות 250גרם,גרמים,250.00,100 גרם,false,0,11.90,4.76,true,1,
7296073093169,false,פלפל חריף שיפקה שופר540ג,שופרסל,IL,פלפל שיפקה,גרמים,540.00,100 גרם,false,0,5.90,1.09,true,1,
7296073094463,false,חלווה שיש שופרסל 400 גרם,"אחדות בע""מ א.ת. ברקן",IL,חלווה שיש,גרמים,400.00,100 גרם,false,0,12.20,3.05,true,1,
7296073094746,false,חלווה וניל שופרסל 400גרם,"אחדות בע""מ א.ת. ברקן",IL,חלווה וניל,גרמים,400.00,100 גרם,false,0,12.20,3.05,true,1,
7296073094753,false,חלווה וניל שופרסל 500 גר,"אחדות בע""מ א.ת. ברקן",IL,חלווה וניל,גרמים,500.00,100 גרם,false,0,12.90,2.58,true,1,
7296073095583,false,"אצטון שופרסל 100 מ""ל","ש. שוורץ )באר שבע( בע""\מ",IL,אצטון BE,מיליליטרים,100.00,"100 מ""ל",false,0,3.90,3.90,true,1,
7296073098263,false,גזר גמדי מוקפא שופרסל800,פרי גליל,IL,גזר גמדי מוקפא,גרמים,800.00,100 גרם,false,0,12.90,1.61,true,1,
7296073098287,false,לקט מעורבים שופרסל קפוא,פרי גליל,IL,לקט בורגונדי,גרמים,800.00,100 גרם,false,0,14.90,1.87,true,1,
7296073103813,false,תפוח אדמה לבן ארוז,שופרסל,IL,"תפו""א לבן ארוז",קילוגרמים,0.00,"ק""ג",true,0,3.90,3.90,true,1,
7296073103820,false,תפוח אדמה לטיגון ארוז,שופרסל,IL,"תפו""א לטיגון",קילוגרמים,0.00,"ק""ג",true,0,4.90,4.90,true,1,
7296073106074,false,טליאטלה שופרסל 500 גרם,שופרסל,IT,פסטה טליאטלה,גרמים,500.00,100 גרם,false,0,9.80,1.96,true,1,
7296073106098,false,פריכיות דק.כוסמת שופר100,"פרח תעשיות מזון בע""\מ",IL,פריכיות כוסמת,גרמים,100.00,100 גרם,false,0,7.50,7.50,true,1,
7296073106241,false,מטליות רצפה 6X,,,מטליות רצפה 6X,יחידה,1.00,יחידה,false,0,16.90,16.90,true,1,
7296073107392,false,גרנולה צימוק שקד תפוח400,בריגן קי ג'י,DE,גרנולה שופרסל,גרמים,400.00,100 גרם,false,0,16.90,4.23,true,1,
7296073107408,false,גרנולה שוקו.פקאן שופר400,בריגן קי ג'י,DE,גרנולה שוקולד,גרמים,400.00,100 גרם,false,0,16.90,4.23,true,1,
7296073107989,false,גרעיני תירס שופרסל 800 ג,פרי גליל,IL,גרעיני תירס,גרמים,800.00,100 גרם,false,0,12.90,1.61,true,1,
7296073107996,false,פול ירוק שופרסל 800 גרם,פרי גליל,GB,פול ירוק,גרמים,800.00,100 גרם,false,0,16.90,2.11,true,1,
7296073108047,false,שעועית ירוקה שלמה שופרסל,פרי גליל,IL,שעועית ירוקה,גרמים,800.00,100 גרם,false,0,12.90,1.61,true,1,
7296073108085,false,שעועית צהובה חתוכה שופרס,פרי גליל,IL,שעועית צהובה,גרמים,800.00,100 גרם,false,0,16.60,2.08,true,1,
7296073108108,false,לקט ירקות מעורבים שופרסל,פרי גליל,IL,לקט ירקות מעור,גרמים,800.00,100 גרם,false,0,12.90,1.61,true,1,
7296073108269,false,חסה ערבית שטופה לאכילה,פרסקו,IL,עלי חסה ערבית,גרמים,250.00,100 גרם,false,0,10.50,4.20,true,1,
7296073108313,false,סלט קולסלאו שטוף לאכילה,פרסקו,IL,סלט קולסלאו שטוף,גרמים,400.00,100 גרם,false,0,8.50,2.13,true,1,
7296073108320,false,שבבי גזר שטופים לאכילה,פרסקו,IL,שבבי גזר שטופים,גרמים,400.00,100 גרם,false,0,8.50,2.13,true,1,
7296073108344,false,לקט קלאסי שטוף לאכילה,"פרסקו חצבה 2006 בע""\מ",IL,לקט קלאסי שטוף,גרמים,350.00,100 גרם,false,0,10.50,3.00,true,1,
7296073108351,false,חסה אייסברג שטופה לאכילה,"פרסקו חצבה 2006 בע""\מ",IL,חסה אייסברג שטוף,גרמים,300.00,100 גרם,false,0,10.50,3.50,true,1,
7296073108368,false,לקט הגינה שטוף לאכילה,פרסקו,IL,לקט הגינה שטוף,גרמים,300.00,100 גרם,false,0,10.50,3.50,true,1,
7296073108375,false,כרוב לבן שטוף לאכילה400ג,"פרסקו חצבה 2006 בע""\מ",IL,כרוב לבן שטוף,גרמים,400.00,100 גרם,false,0,8.50,2.13,true,1,
7296073108443,false,"קמח מלא שופרסל 1 ק""ג",שופרסל,IL,קמח חיטה מלא,קילוגרמים,1.00,"ק""ג",false,0,6.90,6.90,true,1,
7296073109822,false,תמר מג'הול מעולה 400 גרם,הדיקלאים,IL,תמר מג'הול 400ג,גרמים,400.00,100 גרם,false,0,12.90,3.23,true,1,
7296073112457,false,קוסקוס חיטה מלא.שופר350ג,אסיף תעשיות מזון,IL,קוסקוס,גרמים,350.00,100 גרם,false,0,5.70,1.63,true,1,
7296073112464,false,פוזילי חיטה מלא.שופר500ג,שופרסל,IT,פוזילי חיטה מלאה,גרמים,500.00,100 גרם,false,0,7.50,1.50,true,1,
7296073112471,false,ספגטי חיטה מלאה שופר500ג,שופרסל,IT,ספגטי מקמח מלא,גרמים,500.00,100 גרם,false,0,7.50,1.50,true,1,
7296073112617,false,6 ספוג.לניקוי מופלא שופר,"סדובסקי בע""\מ",IL,ספוגית ניקוי,יחידה,1.00,יחידה,false,0,8.90,8.90,true,1,
7296073116769,false,קוקוס טחון שופרסל 100גרם,מיה,IL,קוקוס טחון,גרמים,100.00,100 גרם,false,0,4.50,4.50,true,1,
7296073116776,false,קוקוס טחון שופרסל 400גרם,מיה,IL,קוקוס טחון,גרמים,400.00,100 גרם,false,0,12.50,3.13,true,1,
7296073116783,false,שומשום שופרסל 100 גרם,מיה,IL,שומשום שופרסל,גרמים,100.00,100 גרם,false,0,3.50,3.50,true,1,
7296073116790,false,שומשום שופרסל 400 גרם,מיה,IL,שומשום שופרסל,גרמים,400.00,100 גרם,false,0,11.50,2.88,true,1,
7296073116813,false,קמח תירס שופרסל 400 גרם,מיה תעשיות מזון,IL,קמח תירס,גרמים,400.00,100 גרם,false,0,5.50,1.38,true,1,
7296073116820,false,"קמח תפו""א שופרסל 500 גרם",מיה,IL,"קמח תפו""א",גרמים,500.00,100 גרם,false,0,6.00,1.20,true,1,
7296073117865,false,טבעות זיתים מושחר 560 גר,קבוצת יבנה מוצרי מזון,IL,טבעות זיתים,גרמים,560.00,100 גרם,false,0,8.50,1.52,true,1,
7296073117872,false,חרוזי זיתים מושחר שופ560,קבוצת יבנה מוצרי מזון,IL,חרוזי זיתים,גרמים,540.00,100 גרם,false,0,8.00,1.48,true,1,
7296073118770,false,עלי בייבי שטופים לאכילה,"פרסקו חצבה 2006 בע""\מ",IL,עלי בייבי שטופים,גרמים,300.00,100 גרם,false,0,14.90,4.97,true,1,
7296073121176,false,תמר חלאוי 400ג שופרסל,הדיקלאים,IL,תמר חלאווי 400ג,גרמים,400.00,100 גרם,false,0,12.90,3.23,true,1,
7296073121190,false,תמר אמרי 400גרם שופרסל,הדיקלאים,IL,תמר אמרי 400ג,גרמים,400.00,100 גרם,false,0,12.90,3.23,true,1,
7296073122296,false,פסטרמה מסורתית שופר300.ג,שופרסל,IL,פסטרמה מסורתית,גרמים,300.00,100 גרם,false,0,21.90,7.30,true,1,
7296073122333,false,שקדי מרק מרכיבים טבעיים,שופרסל,IL,שקדי מרק בשקית,גרמים,400.00,100 גרם,false,0,7.90,1.98,true,1,
7296073123712,false,"תמצית רום שופרסל 50 מ""ל",מיה,IL,תמצית רום,מיליליטרים,50.00,"100 מ""ל",false,0,4.20,8.40,true,1,
7296073123729,false,"תמצית וניל שופרסל 50 מ""ל",מיה,IL,תמצית וניל,מיליליטרים,50.00,"100 מ""ל",false,0,4.20,8.40,true,1,
7296073124160,false,שום קפוא מגשית שופרסל 80,שופרסל,IL,שום קפוא במגשית,גרמים,80.00,100 גרם,false,0,11.90,14.88,true,1,
7296073124177,false,שום כתוש צנצנת שופרסל200,שופרסל,IL,שום כתוש,גרמים,200.00,100 גרם,false,0,14.90,7.45,true,1,
7296073124382,false,ספגטיני מספר 3 שופרסל500,שופרסל,IT,ספגטיני מספר 3,גרמים,500.00,100 גרם,false,0,4.90,0.98,true,1,
7296073124399,false,ספגטי מספר 5 שופרסל 500ג,שופרסל,IT,ספגטי מספר 5,גרמים,500.00,100 גרם,false,0,4.90,0.98,true,1,
7296073125303,false,מלפפונים בחומץ 7-9 560גר,קבוצת יבנה מוצרי מזון,IL,מלפפונים בחומץ,גרמים,560.00,100 גרם,false,0,6.30,1.13,true,1,
7296073125327,false,מלפפונים בינוני בחומץ560,קבוצת יבנה מוצרי מזון,IL,מלפפונים בחומץ,גרמים,560.00,100 גרם,false,0,6.80,1.21,true,1,
7296073125334,false,מלפפונים קטנים בחומץ560ג,קבוצת יבנה מוצרי מזון,IL,מלפפונים בחומץ,גרמים,560.00,100 גרם,false,0,9.50,1.70,true,1,
7296073125341,false,מלפפונים בחומץ18-25 540ג,קבוצת יבנה מוצרי מזון,IL,מלפפונים בחומץ,גרמים,540.00,100 גרם,false,0,10.90,2.02,true,1,
7296073125358,false,מלפפ.במלח7-9שופר560ג%20+,שופרסל,IL,מלפפונים במלח,גרמים,650.00,100 גרם,false,0,6.30,0.97,true,1,
7296073125907,false,מי פה ט.מנטה שופרסל500מל,שופרסל,ES,מי פה מנטה,מיליליטרים,500.00,"100 מ""ל",false,0,10.90,2.18,true,1,
7296073125914,false,מי פה ט.מרענן שופרסל500מ,מעבדות בוניקט,ES,מי פה טעם מרענן,מיליליטרים,500.00,"100 מ""ל",false,0,10.90,2.18,true,1,
7296073128229,false,שופרסל מעדן תות שדה284גר,LTD 99 CIMA,BG,מעדן תות שדה,גרמים,284.00,100 גרם,false,0,13.90,4.89,true,1,
7296073128236,false,מעדן מישמש שופרסל 284 גר,LTD 99 CIMA,BG,מעדן משמש,גרמים,284.00,100 גרם,false,0,13.90,4.89,true,1,
7296073128243,false,מעדן דובדבנים שופרסל284ג,LTD 99 CIMA,BG,מעדן דובדבן חמוץ,גרמים,284.00,100 גרם,false,0,13.90,4.89,true,1,
7296073129431,false,פתיתים קוסקוס שופרסל500ג,"אסיף תעשיות מזון בע""\מ",IL,פתיתים קוסקוס,גרמים,500.00,100 גרם,false,0,4.80,0.96,true,1,
7296073129448,false,פתיתים טבעות שופרסל500גר,"אסיף תעשיות מזון בע""\מ",IL,פתיתים טבעות,גרמים,500.00,100 גרם,false,0,4.80,0.96,true,1,
7296073129455,false,פתיתים אורז שופרסל 500גר,"אסיף תעשיות מזון בע""\מ",IL,פתיתים אורז,גרמים,500.00,100 גרם,false,0,4.80,0.96,true,1,
7296073129462,false,פתיתים לבבות שופרסל500גר,"אסיף תעשיות מזון בע""\מ",IL,פתיתים לבבות,גרמים,500.00,100 גרם,false,0,4.80,0.96,true,1,
7296073129479,false,פתיתים כוכבים שופרסל500ג,אסיף תעשיות מזון,IL,פתיתים כוכבים,גרמים,500.00,100 גרם,false,0,4.80,0.96,true,1,
7296073130499,false,"מיץ לימון שופרסל 200 מ""ל",סי פרווידר,IT,מיץ לימון שופרסל,מיליליטרים,200.00,"100 מ""ל",false,0,5.90,2.95,true,1,
7296073132400,false,"מיץ לימון שופרסל 500 מ""ל",סי פרווידר,IT,מיץ לימון,מיליליטרים,500.00,"100 מ""ל",false,0,6.90,1.38,true,1,
7296073132806,false,חרוזי זיתים שופרסל560גרם,קבוצת יבנה מוצרי מזון,IL,חרוזי זיתים,גרמים,560.00,100 גרם,false,0,8.80,1.57,true,1,
7296073132820,false,סלק בואקום 500 גרם,שופרסל,ES,סלק בואקום 500ג,גרמים,500.00,100 גרם,false,0,7.90,1.58,true,1,
7296073132936,false,עוגת מאפין שיש שופרסל400,גידרון,IL,עוגת מאפין,גרמים,400.00,100 גרם,false,0,10.90,2.73,true,1,
7296073132943,false,עוגת מאפין שוק.שופרסל400,גידרון,IL,עוגת מאפין,גרמים,400.00,100 גרם,false,0,10.90,2.73,true,1,
7296073132950,false,עוגת מאפין וניל שופר400ג,גידרון,IL,עוגת מאפין,גרמים,400.00,100 גרם,false,0,10.90,2.73,true,1,
7296073132974,false,צלחות גדולות לבן שופרסל,שופרסל,IL,צלחות ענקיות,יחידה,1.00,יחידה,false,0,24.90,24.90,true,1,
7296073132998,false,25צלחות קטנות לבן שופרסל,שופרסל,IL,צלחות קטנות,יחידה,1.00,יחידה,false,0,12.90,12.90,true,1,
7296073133001,false,קעריות מרק לבן שופרסל 25,שופרסל,IL,קעריות מרק לבנות,יחידה,1.00,יחידה,false,0,12.90,12.90,true,1,
7296073133056,false,צלחת קרם אלגנט ענק 25 יח,שופרסל,IL,צלחות קרם ענקיות,יחידה,1.00,יחידה,false,0,24.90,24.90,true,1,
7296073133063,false,צלחות בינונית קרם שופרסל,שופרסל,IL,צלחות גדולות,יחידה,1.00,יחידה,false,0,17.90,17.90,true,1,
7296073133070,false,צלחות קטנות קרם שופרסל 2,שופרסל,IL,צלחות קטנות,יחידה,1.00,יחידה,false,0,12.90,12.90,true,1,
7296073133087,false,קעריות מרק קרם שופרסל 25,שופרסל,IL,קעריות מרק,יחידה,1.00,יחידה,false,0,12.90,12.90,true,1,
7296073133094,false,מגשים אובליים קרם שופרסל,שופרסל,IL,מגשים אובליים,יחידה,1.00,יחידה,false,0,24.90,24.90,true,1,
7296073134442,false,קרקר חיטה שופרסל 300 גרם,שופרסל,CZ,קרקר חיטה,גרמים,300.00,100 גרם,false,0,13.50,4.50,true,1,
7296073134459,false,קרקר סגנ.שוודי שופרסל300,שופרסל,CZ,קרקר שוודי,גרמים,300.00,100 גרם,false,0,13.50,4.50,true,1,
7296073134534,false,קפה טורקי שופרסל 100 גרם,שופרסל,IL,קפה טורקי,גרמים,100.00,100 גרם,false,0,5.50,5.50,true,1,
7296073134541,false,קפה טורקי שופרסל 100*3גר,שופרסל,IL,מארז קפה טורקי,גרמים,300.00,100 גרם,false,0,14.80,4.93,true,1,
7296073140177,false,עוגת מאפין דבש שופר360גר,,IL,עוגת מאפין דבש,גרמים,360.00,100 גרם,false,0,14.10,3.92,true,1,
7296073140184,false,עוגת מאפין תפוז שופר400ג,גידרון,IL,עוגת מאפין תפוז,גרמים,400.00,100 גרם,false,0,10.90,2.73,true,1,
7296073140801,false,חטיף חלבה וניל שופרסל100,"אחדות בע""מ א.ת. ברקן",IL,חטיף חלבה שופרסל,גרמים,100.00,100 גרם,false,0,2.80,2.80,true,1,
7296073141143,false,שוקולד חלב שופרסל100 גרם,"שוקולד פריי בע""מ",CH,שוקולד חלב,גרמים,100.00,100 גרם,false,0,5.00,5.00,true,1,
7296073141150,false,שוקולד מריר שוויצרי100ג,"שוקולד פריי בע""מ",CH,שוקולד מריר,גרמים,100.00,100 גרם,false,0,5.00,5.00,true,1,
7296073142041,false,גביעי גלידה שופרסל 24יח',"א.ג. גילרו בע""\מ",IL,גביעי גלידה,גרמים,120.00,100 גרם,false,0,10.50,8.75,true,1,
7296073143437,false,"ברנפלקס ללת""ס שופרסל 500",בריגן קי. ג'י,DE,"ברנפלקס ללת""ס",גרמים,500.00,100 גרם,false,0,19.90,3.98,true,1,
7296073143758,false,עוגת בראוניס שופרסל400גר,גידרון,IL,עוגת בראוניס,גרמים,400.00,100 גרם,false,0,14.90,3.73,true,1,
7296073146940,false,שוק.אוורירי חלב שופר100ג,"שוקולד פריי בע""מ",CH,שוקולד אוורירי,גרמים,100.00,100 גרם,false,0,5.00,5.00,true,1,
7296073146957,false,שוק.חלב שברי אגוז שופ100,שופרסל,CH,שוקולד חלב אגוז,גרמים,100.00,100 גרם,false,0,5.00,5.00,true,1,
7296073150527,false,קורנפלקס שופרסל 750 גרם,שופרסל,DK,קורנפלקס שופרסל,גרמים,750.00,100 גרם,false,0,12.90,1.72,true,1,
7296073150756,false,שוק.חלב+שברי אגוז 100*3ג,"שוקולד פריי בע""מ",CH,שוקולד אגוזים3יח,גרמים,300.00,100 גרם,false,0,14.50,4.83,true,1,
7296073151548,false,מלח בישול גס שופרסל 1 קג,מלח הארץ אילת,IL,מלח בישול גס,קילוגרמים,1.00,"ק""ג",false,0,1.80,1.80,true,1,
7296073151555,false,מלח שולחן דק שופרסל 1 קג,מלח הארץ אילת,IL,מלח שולחן דק,קילוגרמים,1.00,"ק""ג",false,0,1.80,1.80,true,1,
7296073152453,false,קפה טורקי ואקום שופר200ג,שופרסל,IL,קפה טורקי בואקום,גרמים,200.00,100 גרם,false,0,14.10,7.05,true,1,
7296073153238,false,גזר ארוז שופרסל,,IL,גזר ארוז שופרסל,קילוגרמים,0.00,"ק""ג",true,0,3.90,3.90,true,1,
7296073153283,false,מזון לחתול מיקס שופר1.5ק,Tuffy's,IL,מזון לחתולים,קילוגרמים,1.50,"ק""ג",false,0,35.80,23.87,true,1,
7296073153290,false,מזון לחתול מיקס שופרסל3ק,Tuffy's,GB,מזון לחתולים,קילוגרמים,3.00,"ק""ג",false,0,48.00,16.00,true,1,
7296073153337,false,מקרוני בוקטיני מס14 500ג,שופרסל,IL,מקרוני,גרמים,500.00,100 גרם,false,0,4.90,0.98,true,1,
7296073153849,false,זוג רדידי אלומיניום 7.2X,שופרסל,IL,רדידי אלומיניום,מטרים,15.00,מטר,false,0,9.90,0.66,true,1,
7296073153870,false,זוג רדידי אלומיניום רחב,שופרסל,CN,זוג רדידי אלומינ,מטרים,15.00,מטר,false,0,14.90,0.99,true,1,
7296073156246,false,עוגת בראוניס ש.צ'יפס400ג,גידרון,IL,עוגת בראוניס,גרמים,400.00,100 גרם,false,0,14.90,3.73,true,1,
7296073156604,false,שוק.חלב עם אגוזי לוז100ג,שופרסל,CH,שוקולד+אגוזי לוז,גרמים,100.00,100 גרם,false,0,7.20,7.20,true,1,
7296073156611,false,שוקולד מריר 60% קקאו100ג,"שוקולד פריי בע""מ",CH,שוקולד מריר 60%,גרמים,100.00,100 גרם,false,0,6.80,6.80,true,1,
7296073160670,false,פסטה גנצ'טי מהיר.הכנה500,שופרסל,IT,פסטה גנצ'טי,גרמים,500.00,100 גרם,false,0,6.30,1.26,true,1,
7296073161479,false,פריכ.תירס+זרעי פשתן 100ג,"פרח תעשיות מזון בע""\מ",IL,פריכיות תירס,גרמים,100.00,100 גרם,false,0,7.50,7.50,true,1,
7296073161493,false,שוק.מריר60%שופרסל 100*2ג,"שוקולד פריי בע""מ",CH,שוקולד מריר זוג,גרמים,200.00,100 גרם,false,0,12.50,6.25,true,1,
7296073161509,false,שוק.חלב אגוזי לוז100*3גר,"שוקולד פריי בע""מ",CH,שוקולד אגוז 3 יח,גרמים,300.00,100 גרם,false,0,18.90,6.30,true,1,
7296073161516,false,שוק.מריר+אגוזים שלמ100*3,שופרסל,CH,שוקולד אגוז 3 יח,גרמים,300.00,100 גרם,false,0,18.90,6.30,true,1,
7296073161806,false,מנצ'ס 400גרם שופרסל,שופרסל,CN,מנצ'ס 400גרם,גרמים,400.00,100 גרם,false,0,12.90,3.23,true,1,
7296073161981,false,עוג.מילוי קרם שוק.שופ150,ויסנצ'י,IT,עוגיות קרם שוקו,גרמים,150.00,100 גרם,false,0,7.90,5.27,true,1,
7296073162001,false,עוג.קרם אגוז לוז שופר150,שופרסל,IT,עוגיות קרם אגוז,גרמים,150.00,100 גרם,false,0,7.90,5.27,true,1,
7296073163084,false,נקניקיות וינר שופרסל400ג,מעדני יחיעם,IL,נקניקיות וינר,גרמים,400.00,100 גרם,false,0,9.90,2.48,true,1,
7296073163107,false,נקניקיות וינר שופרסל1.5ק,שופרסל,IL,נקניקיות וינר,קילוגרמים,1.50,"ק""ג",false,0,28.90,19.27,true,1,
7296073163114,false,נקניקיות מיני שופרסל600ג,מעדני יחיעם,IL,נקניקיות מיני,גרמים,600.00,100 גרם,false,0,15.90,2.65,true,1,
7296073164388,false,עלי תרד אורגניים,,IL,עלי תרד אורגניים,יחידה,1.00,יחידה,false,0,11.90,11.90,true,1,
7296073164685,false,קייל אורגני גרין,,IL,קייל אורגני גרין,יחידה,1.00,יחידה,false,0,11.90,11.90,true,1,
7296073169543,false,40 מטליות רב שימושיות,שופרסל,IL,"מטליות רב""ש",יחידה,1.00,יחידה,false,0,16.90,16.90,true,1,
7296073169550,false,3 מטליות מיקרופייבר שופר,שופרסל,CN,מטליות מיקרופיבר,יחידה,1.00,יחידה,false,0,12.80,12.80,true,1,
7296073170839,false,שוקולד לבן שוויצרי 100גר,"שוקולד פריי בע""מ",CH,שוקולד לבן,גרמים,100.00,100 גרם,false,0,5.00,5.00,true,1,
7296073170853,false,צ'יפס קלאסי שופרסל 2.5קג,"תעשיות תפוגן בע""\מ",IL,צ'יפס קלאסי,קילוגרמים,2.50,"ק""ג",false,0,34.90,13.96,true,1,
7296073170860,false,צ'יפס קלאסי שופרסל 1.5קג,"תעשיות תפוגן בע""\מ",IL,צ'יפס קלאסי,קילוגרמים,1.50,"ק""ג",false,0,22.90,15.27,true,1,
7296073170884,false,סטייק צ'יפס שופרסל 1.5קג,"תעשיות תפוגן בע""\מ",IL,סטייק צ'יפס,קילוגרמים,1.50,"ק""ג",false,0,22.90,15.27,true,1,
7296073173045,false,דבש טבעי לחיץ שופרסל500ג,שופרסל,IL,דבש לחיץ שופרסל,גרמים,500.00,100 גרם,false,0,25.90,5.18,true,1,
7296073173199,false,אפונה ירוקה עדינה שופרסל,שופרסל,BE,אפונה עדינה,גרמים,600.00,100 גרם,false,0,12.90,2.15,true,1,
7296073173205,false,שעועית ירוקה עדינה שופרס,ARDO,BE,שעועית ירוקה,גרמים,600.00,100 גרם,false,0,12.90,2.15,true,1,
7296073173212,false,שעועית ירוקה שלמה שופרסל,ARDO,BE,שעועית ירוקה,גרמים,800.00,100 גרם,false,0,12.90,1.61,true,1,
7296073173229,false,שעועית ירוקה חתוכה שופרס,ARDO,BE,שעועית ירוקה,גרמים,800.00,100 גרם,false,0,12.90,1.61,true,1,
7296073173304,false,"קמח חיטה לאפיית לחם 1ק""ג",שופרסל,IL,קמח לאפיית לחם,קילוגרמים,1.00,"ק""ג",false,0,6.90,6.90,true,1,
7296073173311,false,קמח תופח מועשר שופרסל 1ק,שופרסל,IL,קמח תופח מועשר,קילוגרמים,1.00,"ק""ג",false,0,6.90,6.90,true,1,
7296073173335,false,קמח שיפון מלא שופרסל 1קג,שופרסל,IL,קמח שיפון מלא,קילוגרמים,1.00,"ק""ג",false,0,6.90,6.90,true,1,
7296073179863,false,דבש טבעי לחיץ שופרסל250ג,שופרסל,IL,דבש טבעי לחיץ,גרמים,250.00,100 גרם,false,0,15.50,6.20,true,1,
7296073180203,false,עלי רוקט שטופים 150גרם,"פרסקו חצבה 2006 בע""\מ",IL,עלי רוקט150ג',גרמים,150.00,100 גרם,false,0,10.50,7.00,true,1,
7296073180210,false,עלי תרד בייבי שטופים400ג,"פרסקו חצבה 2006 בע""\מ",IL,עלי תרד בייבי,גרמים,400.00,100 גרם,false,0,12.90,3.23,true,1,
7296073180548,false,א.מלך טבעי קלוף150גשופרס,ששון,US,א.מלך טבעי קלוף,גרמים,150.00,100 גרם,false,0,11.90,7.93,true,1,
7296073180630,false,מטליות לחות לרצפה 10יח,טרופיקל דגיל,IL,מטליות לחות,יחידה,1.00,יחידה,false,0,9.90,9.90,true,1,
7296073180944,false,מטלית רצפה,,CN,מטלית רצפה,יחידה,1.00,יחידה,false,0,9.90,9.90,true,1,
7296073187363,false,פחם דרום אמריקאי,,PY,פחם דרום אמריקאי,קילוגרמים,2.00,"ק""ג",false,0,13.90,6.95,true,1,
7296073189602,false,בוטן מטוגן 400גרם שופרסל,שקרצי,IL,חצאי בוטן מטוגן,גרמים,400.00,100 גרם,false,0,14.90,3.73,true,1,
7296073189688,false,ג.חמניה קלוף150ג שופרסל,ששון,IL,גרעין חמניה 150ג,גרמים,150.00,100 גרם,false,0,5.80,3.87,true,1,
7296073191261,false,תחתיות ארטישוק שופר390גר,Raal El Conservas,ES,תחתיות ארטישוק,גרמים,390.00,100 גרם,false,0,9.90,2.54,true,1,
7296073192633,false,שעועית לבנה שופרסל 800גר,פרי גליל,IL,שעועית לבנה,גרמים,800.00,100 גרם,false,0,14.90,1.86,true,1,
7296073192657,false,גרגרי חומוס שופרסל 800גר,פרי גליל,IL,גרגרי חומוס,גרמים,800.00,100 גרם,false,0,12.90,1.62,true,1,
7296073193784,false,כרובית שטופה 500גרם,"פרסקו חצבה 2006 בע""\מ",IL,כרובית שטופה,גרמים,500.00,100 גרם,false,0,15.90,3.18,true,1,
7296073193791,false,ברוקולי שטוף 400גרם,פרסקו,IL,ברוקולי שטוף,גרמים,400.00,100 גרם,false,0,15.90,3.98,true,1,
7296073195252,false,פריכיות אורז מלא גרין100,"פרח תעשיות מזון בע""\מ",IL,פריכיות אורז מלא,גרמים,100.00,100 גרם,false,0,7.90,7.90,true,1,
7296073195894,false,אטריות דקיקות שופרסל400ג,שיבולים בני דרום,IL,אטריות דקיקות,גרמים,400.00,100 גרם,false,0,4.90,1.23,true,1,
7296073195900,false,אטריות דקות שופרסל 400ג,שיבולים בני דרום,IL,אטריות דקות,גרמים,400.00,100 גרם,false,0,4.90,1.23,true,1,
7296073195917,false,אטריות בינוניות 400 גרם,שיבולים בני דרום,IL,אטריות בינוניות,גרמים,400.00,100 גרם,false,0,4.90,1.23,true,1,
7296073197461,false,שוקולד חלב 100*3 גרם,"שוקולד פריי בע""מ",CH,שוקולד חלב 3 יח,גרמים,300.00,100 גרם,false,0,12.90,4.30,true,1,
7296073197478,false,שוקולד מריר שוויצרי100*3,"שוקולד פריי בע""מ",CH,שוקולד מריר 3 יח,גרמים,300.00,100 גרם,false,0,12.90,4.30,true,1,
7296073198314,false,דייסת דגנים מעורבים 200ג,שופרסל,IL,דייסת דגנים,גרמים,200.00,100 גרם,false,0,10.90,5.45,true,1,
7296073199014,false,נודלס דק להקפצה 400 גרם,INDUSTRY ANLIDA LONGHAI FUJIAN,CN,נודלס דק להקפצה,גרמים,400.00,100 גרם,false,0,9.80,2.45,true,1,
7296073201410,false,נודלס רחב להקפצה 400ג,פרוצ'אמפ,CN,נודלס בינוני,גרמים,400.00,100 גרם,false,0,9.80,2.45,true,1,
7296073202479,false,שוק.מריר שוויצרי 100*6ג,"שוקולד פריי בע""מ",CH,שוקולד מריר 6 יח,גרמים,600.00,100 גרם,false,0,23.90,3.98,true,1,
7296073202493,false,שוק.חלב שופרסל 100*6 גרם,"שוקולד פריי בע""מ",CH,שוקולד חלב 6 יח,גרמים,600.00,100 גרם,false,0,23.90,3.98,true,1,
7296073203391,false,"מיקס מזון לכלבים 3 ק""ג",EFFEFFE,IT,מיקס מזון לכלבים,קילוגרמים,3.00,"ק""ג",false,0,34.90,11.63,true,1,
7296073203407,false,"מיקס מזון לכלבים 12 ק""ג",EFFEFFE,IT,מיקס מזון לכלבים,קילוגרמים,12.00,"ק""ג",false,0,99.90,8.33,true,1,
7296073204640,false,בוטן אמריקאי200ג שופרסל,ששון,IL,בוטנים אמריקאים,גרמים,200.00,100 גרם,false,0,6.90,3.45,true,1,
7296073205081,false,מיונז,,IL,מיונז,גרמים,500.00,100 גרם,false,0,7.90,1.58,true,1,
7296073205111,false,"ניוקי תפו""א ל.ג.גרין500ג",,IT,"ניוקי תפו""א",גרמים,500.00,100 גרם,false,0,10.00,2.00,true,1,
7296073205456,false,פנה מלא אורגני,,IT,פנה מלא אורגני,גרמים,500.00,100 גרם,false,0,9.90,1.98,true,1,
7296073205616,false,תמר מג'הול אורגני גרין1ק,אלסקה,IL,תמר מג'הול גרין,קילוגרמים,1.00,"ק""ג",false,0,22.90,22.90,true,1,
7296073205708,false,רוט.פסט.בזיליקום אורג350,אלת'אה אס.פי.איי,IT,רוטב פסטה,גרמים,350.00,100 גרם,false,0,10.00,2.86,true,1,
7296073206095,false,סירופ אגבה,,MX,סירופ אגבה,גרמים,330.00,100 גרם,false,0,16.90,5.12,true,1,
7296073209225,false,"3ספוגיות קירצוף 9*72 ס""מ",פלסטו פוליש,IL,ספוגיות קירצוף,יחידה,1.00,יחידה,false,0,7.90,7.90,true,1,
7296073209249,false,ספגיות קירצוף 6 יחידות,פלסטו פוליש,IL,ספוגיות קירצוף,יחידה,1.00,יחידה,false,0,4.90,4.90,true,1,
7296073211624,false,פילה אמנון קפוא קג,שופרסל,CN,פילה אמנון קפוא,קילוגרמים,0.00,"ק""ג",true,0,29.90,29.90,true,1,
7296073211969,false,וופל בלגי שופרסל 200 גרם,"גילרו בע""\מ",IL,וופל בלגי שוקולד,גרמים,200.00,100 גרם,false,0,4.00,2.00,true,1,
7296073214120,false,חתיכות אננס בסירופ850ג,CANNING FRUIT KUIBURI,TH,חתיכות אננס,גרמים,850.00,100 גרם,false,0,9.90,1.16,true,1,
7296073214137,false,פלחי אפרסקים,,CN,פלחי אפרסק,גרמים,820.00,100 גרם,false,0,8.90,1.09,true,1,
7296073214144,false,פלחי אפרסקים,,CN,פלחי אפרסק,גרמים,312.00,100 גרם,false,0,4.90,1.57,true,1,
7296073215820,false,כורכום טחון,,IL,כורכום טחון,גרמים,100.00,100 גרם,false,0,7.00,7.00,true,1,
7296073215844,false,כורכום טחון,,IL,כורכום טחון,גרמים,40.00,100 גרם,false,0,6.00,15.00,true,1,
7296073215851,false,כורכום במיכל,,IL,כורכום במיכל,גרמים,100.00,100 גרם,false,0,9.50,9.50,true,1,
7296073215899,false,כמון טחון,,IL,כמון טחון,גרמים,100.00,100 גרם,false,0,9.70,9.70,true,1,
7296073215912,false,קנמון טחון,,IL,קנמון טחון,גרמים,100.00,100 גרם,false,0,6.90,6.90,true,1,
7296073215936,false,קנמון טחון,,IL,קנמון טחון,גרמים,80.00,100 גרם,false,0,7.50,9.38,true,1,
7296073215943,false,אורגנו בשקית,,IL,אורגנו בשקית,גרמים,20.00,100 גרם,false,0,5.60,28.00,true,1,
7296073215967,false,שוםגבישי,,IL,שוםגבישי,גרמים,100.00,100 גרם,false,0,9.50,9.50,true,1,
7296073215974,false,שום גבישי,,IL,שום גבישי,גרמים,120.00,100 גרם,false,0,10.80,9.00,true,1,
7296073215998,false,אבקת שום,,IL,אבקת שום,גרמים,50.00,100 גרם,false,0,6.70,13.40,true,1,
7296073216001,false,תערובת תיבול עוף,,IL,תערובת תיבול עוף,גרמים,100.00,100 גרם,false,0,7.30,7.30,true,1,
7296073216018,false,תערובת תיבול,,IL,תערובת תיבול,גרמים,100.00,100 גרם,false,0,7.00,7.00,true,1,
7296073216032,false,תערובת גריל עוף,,IL,תערובת גריל עוף,גרמים,150.00,100 גרם,false,0,10.90,7.27,true,1,
7296073216049,false,תערוב תיבול,,IL,תערוב תיבול,גרמים,100.00,100 גרם,false,0,6.70,6.70,true,1,
7296073216063,false,חוואג' למרק,,IL,חוואג' למרק,גרמים,100.00,100 גרם,false,0,8.50,8.50,true,1,
7296073216070,false,פטרוזיליה תבלין,,IL,פטרוזיליה תבלין,גרמים,20.00,100 גרם,false,0,6.90,34.50,true,1,
7296073216094,false,בהרט,,IL,בהרט,גרמים,100.00,100 גרם,false,0,7.00,7.00,true,1,
7296073216100,false,צ'ילי כתוש,,IL,צ'ילי כתוש,גרמים,25.00,100 גרם,false,0,5.90,23.60,true,1,
7296073216124,false,בזיליקום תבלין,,IL,בזיליקום תבלין,גרמים,30.00,100 גרם,false,0,5.50,18.33,true,1,
7296073216131,false,טימין,,IL,טימין,גרמים,20.00,100 גרם,false,0,5.90,29.50,true,1,
7296073216155,false,פלפל שחור,,IL,פלפל שחור,גרמים,40.00,100 גרם,false,0,9.90,24.75,true,1,
7296073216162,false,פלפל שחור,,IL,פלפל שחור,גרמים,100.00,100 גרם,false,0,12.90,12.90,true,1,
7296073216193,false,פלפל שחור,,IL,פלפל שחור,גרמים,90.00,100 גרם,false,0,12.50,13.89,true,1,
7296073216209,false,פלפל שחור,,IL,פלפל שחור,גרמים,35.00,100 גרם,false,0,9.40,26.86,true,1,
7296073216216,false,פלפל לבן,,IL,פלפל לבן,גרמים,40.00,100 גרם,false,0,9.50,23.75,true,1,
7296073216223,false,פפריקה מתוקה,,IL,פפריקה מתוקה,גרמים,80.00,100 גרם,false,0,5.20,6.50,true,1,
7296073216247,false,פפריקה מתוקה,,IL,פפריקה מתוקה,גרמים,100.00,100 גרם,false,0,9.50,9.50,true,1,
7296073216254,false,פפריקה מתוקה,,IL,פפריקה מתוקה,גרמים,400.00,100 גרם,false,0,20.90,5.23,true,1,
7296073216292,false,פפריקה חריפה,,IL,פפריקה חריפה,גרמים,80.00,100 גרם,false,0,5.00,6.25,true,1,
7296073216315,false,מלח לימון,,IL,מלח לימון,גרמים,100.00,100 גרם,false,0,6.60,6.60,true,1,
7296073216322,false,מלח לימון,,IL,מלח לימון,גרמים,170.00,100 גרם,false,0,9.80,5.76,true,1,
7296073218234,false,סוכר חום אורגני גרין 1 ק,,IL,סוכר קנים חום,קילוגרמים,1.00,"ק""ג",false,0,10.00,10.00,true,1,
7296073218661,false,מטליות לרצפה 3יח,,CN,מטליות לרצפה 3יח,יחידה,1.00,יחידה,false,0,15.00,15.00,true,1,
7296073218807,false,בישקוטים,,IT,בישקוטים,גרמים,200.00,100 גרם,false,0,7.20,3.60,true,1,
7296073219088,false,מיונז אמיתי 1 קג,,IL,מיונז אמיתי 1 קג,קילוגרמים,1.00,"ק""ג",false,0,14.90,14.90,true,1,
7296073219255,false,קפה נמס,,IL,קפה נמס,גרמים,200.00,100 גרם,false,0,13.90,6.95,true,1,
7296073219262,false,קפה טורקי עם הל,,IL,קפה טורקי עם הל,גרמים,100.00,100 גרם,false,0,6.30,6.30,true,1,
7296073219330,false,לחם אחיד פרוס,,IL,לחם אחיד פרוס,גרמים,750.00,100 גרם,false,0,7.10,0.95,true,1,
7296073219347,false,לחם אחיד פרוס750ג שופרסל,מאפית ברמן,IL,לחם אחיד פרוס,גרמים,750.00,100 גרם,false,0,7.10,0.95,true,1,
7296073219606,false,כדורי דגנים,,LT,כדורי דגנים,גרמים,500.00,100 גרם,false,0,12.50,2.50,true,1,
7296073219675,false,פלפל שחור גרוס,,IL,פלפל שחור גרוס,גרמים,80.00,100 גרם,false,0,10.50,13.13,true,1,
7296073219880,false,פודינג שוקולד,,IL,פודינג שוקולד,גרמים,95.00,100 גרם,false,0,4.50,4.74,true,1,
7296073219897,false,פודינג וניל,,IL,פודינג וניל,גרמים,80.00,100 גרם,false,0,4.50,5.63,true,1,
7296073219903,false,ג'לי פטל,,IL,ג'לי פטל,גרמים,85.00,100 גרם,false,0,5.00,5.88,true,1,
7296073219910,false,ג'לי משמש,,IL,ג'לי משמש,גרמים,85.00,100 גרם,false,0,5.00,5.88,true,1,
7296073219927,false,ג'לי תות,,IL,ג'לי תות,גרמים,85.00,100 גרם,false,0,5.00,5.88,true,1,
7296073220008,false,ממתיק על בסיס סוכרלוז100,"ביסקול בע""מ",IL,ממתיק סוכרלוז,גרמים,100.00,100 גרם,false,0,16.90,16.90,true,1,
7296073220022,false,אבקת קקאו,,IL,אבקת קקאו,גרמים,150.00,100 גרם,false,0,7.50,5.00,true,1,
7296073220121,false,חטיפי קרח,,IL,חטיפי קרח,ליטרים,0.07,ליטר,false,0,13.40,191.43,true,1,
7296073220251,false,אבקת קקאו,,IL,אבקת קקאו,גרמים,500.00,100 גרם,false,0,23.70,4.74,true,1,
7296073220275,false,וופל ט.שוקולד שופרסל500ג,"מנעמים תעשיות מזון בע""\מ",IL,ופל טעם שוקולד,גרמים,500.00,100 גרם,false,0,9.90,1.98,true,1,
7296073220282,false,וופלים ט.לימון שופרסל500,"מנעמים תעשיות מזון בע""\מ",IL,ופל טעם לימון,גרמים,500.00,100 גרם,false,0,9.90,1.98,true,1,
7296073220442,false,דובדבן קפוא שופרסל 300גר,d.o.o Lukowa,RS,דובדבן,גרמים,300.00,100 גרם,false,0,16.90,5.63,true,1,
7296073221319,false,מארז כפות בצבע קרם,.,IL,כפות חד פעמיות,יחידה,1.00,יחידה,false,0,14.90,14.90,true,1,
7296073221326,false,"כפית קרם 100 יח,' 1.4גרם",.,TR,"מארז כפיות ח""פ",יחידה,1.00,יחידה,false,0,14.90,14.90,true,1,
7296073221333,false,מארז מזלגות בצבע קרם,.,IL,"מזלגות קרם ח""פ",יחידה,1.00,יחידה,false,0,14.90,14.90,true,1,
7296073221630,false,שמן קנולה שופרסל 1 ליטר,בוקרלמן,DE,שמן קנולה,ליטרים,1.00,ליטר,false,0,9.90,9.90,true,1,
7296073221791,false,וופל בטעם אגוזים 400 גרם,"מנעמים תעשיות מזון בע""\מ",IL,ופל אגוזים,גרמים,400.00,100 גרם,false,0,9.90,2.48,true,1,
7296073222224,false,פסטרמה ברביקיו דק דק140ג,מעדני יחיעם,IL,פסטרמה ברביקיו,גרמים,140.00,100 גרם,false,0,11.90,8.50,true,1,
7296073222231,false,פסטרמה בדבש דק דק 140 גר,מעדני יחיעם,IL,פסטרמה בדבש,גרמים,140.00,100 גרם,false,0,11.90,8.50,true,1,
7296073222255,false,סלמי מעושן שופרסל 400 גר,מעדני יחיעם,IL,סלמי מעושן,גרמים,400.00,100 גרם,false,0,16.90,4.23,true,1,
7296073222262,false,קבנוס שופרסל 100 גרם,מעדני יחיעם,IL,קבנוס,גרמים,100.00,100 גרם,false,0,8.90,8.90,true,1,
7296073222309,false,ג'חנון קפוא שופרסל 650 ג,אופרה,IL,ג'חנון קפוא שופר,גרמים,650.00,100 גרם,false,0,14.90,2.29,true,1,
7296073222316,false,ג'חנון אפוי שופרסל 650ג,אופרה,IL,ג'חנון אפוי שופר,גרמים,650.00,100 גרם,false,0,16.90,2.60,true,1,
7296073223009,false,שמן זית,,IT,שמן זית,מיליליטרים,750.00,"100 מ""ל",false,0,29.90,3.99,true,1,
7296073223993,false,מזון חתולים,,FR,מזון חתולים,גרמים,400.00,100 גרם,false,0,6.90,1.73,true,1,
7296073224006,false,מזון חתולים,,FR,מזון חתולים,גרמים,400.00,100 גרם,false,0,6.90,1.73,true,1,
7296073224013,false,מזון חתולים,,FR,מזון חתולים,גרמים,400.00,100 גרם,false,0,6.90,1.73,true,1,
7296073224020,false,מזון חתולים,,FR,מזון חתולים,גרמים,400.00,100 גרם,false,0,6.90,1.73,true,1,
7296073224037,false,מזון כלבים,,FR,מזון כלבים,גרמים,400.00,100 גרם,false,0,6.80,1.70,true,1,
7296073224044,false,מזון לכלב,,FR,מזון לכלב,גרמים,400.00,100 גרם,false,0,6.80,1.70,true,1,
7296073224051,false,מזון כלבים,,FR,מזון כלבים,גרמים,400.00,100 גרם,false,0,6.80,1.70,true,1,
7296073224204,false,שמן זית,,IT,שמן זית,ליטרים,1.00,ליטר,false,0,39.90,39.90,true,1,
7296073224433,false,אורז חום עגול מלא גר500,,IL,אורז חום עגול,גרמים,500.00,100 גרם,false,0,10.90,2.18,true,1,
7296073224457,false,כוסמת אורגנית גרין 500 ג,,IL,כוסמת אורגנית,גרמים,500.00,100 גרם,false,0,8.90,1.78,true,1,
7296073224471,false,עדשים אדומות אורגני גרין,,IL,עדשים אדומות,גרמים,500.00,100 גרם,false,0,10.90,2.18,true,1,
7296073224488,false,בורגול אורגני גרין 500 ג,,IL,בורגול אורגני,גרמים,500.00,100 גרם,false,0,7.90,1.58,true,1,
7296073224495,false,עדשים ירוק אורג.גרין500ג,,IL,עדשים ירוקות,גרמים,500.00,100 גרם,false,0,12.90,2.58,true,1,
7296073224525,false,שבבי שיב.שוע500גרוס גרין,,IL,קוואקר אורגני,גרמים,500.00,100 גרם,false,0,10.90,2.18,true,1,
7296073224549,false,זרעי פשתן גרין 500 גרם,,IL,זרעי פשתן,גרמים,500.00,100 גרם,false,0,10.90,2.18,true,1,
7296073224556,false,שבבי שיבולת שועל גרין500,,IL,קוואקר אורג.עבה,גרמים,500.00,100 גרם,false,0,10.90,2.18,true,1,
7296073224563,false,סלט טחינה שופרסל 400 גרם,סלטי שמיר,IL,סלט טחינה,גרמים,400.00,100 גרם,false,0,11.90,2.98,true,1,
7296073224570,false,חומוס אסלי שופרסל 400גרם,סלטי שמיר,IL,חומוס אסלי,גרמים,400.00,100 גרם,false,0,10.90,2.73,true,1,
7296073224587,false,כרוב אדום שופרסל 400 גרם,סלטי שמיר,IL,סלט כרוב אדום,גרמים,400.00,100 גרם,false,0,11.90,2.98,true,1,
7296073224594,false,סלט חציל במיונז שופר400ג,סלטי שמיר,IL,סלט חצילים מיונז,גרמים,400.00,100 גרם,false,0,11.90,2.98,true,1,
7296073224600,false,"חומוס שופרסל 1 ק""ג",סלטי שמיר,IL,סלט חומוס,קילוגרמים,1.00,"ק""ג",false,0,12.90,12.90,true,1,
7296073224648,false,"אורז פרסי שופרסל 5 ק""ג",ltd co produce Uthai,TH,"אורז פרסי 5 ק""ג",קילוגרמים,5.00,"ק""ג",false,0,29.90,5.98,true,1,
7296073224662,false,12ביצים חופש אורגניות M,חוות גבעות עולם,IL,ביצי חופש 12 יח,יחידה,1.00,יחידה,false,0,22.90,22.90,true,1,
7296073224679,false,12ביצים חופש אורגני L,חוות גבעות עולם,IL,ביצי חופש 12 יח,יחידה,1.00,יחידה,false,0,22.90,22.90,true,1,
7296073224815,false,מרכך מרוכז כחול,,IL,מרכך מרוכז כחול,ליטרים,1.00,ליטר,false,0,10.90,10.90,true,1,
7296073224822,false,מרכך מרוכז ורוד,,IL,מרכך מרוכז ורוד,ליטרים,1.00,ליטר,false,0,10.90,10.90,true,1,
7296073224839,false,מרכך מרוכז לבן,,IL,מרכך מרוכז לבן,ליטרים,1.00,ליטר,false,0,10.90,10.90,true,1,
7296073224846,false,מרכך מרוכז סגול,,IL,מרכך מרוכז סגול,ליטרים,1.00,ליטר,false,0,10.90,10.90,true,1,
7296073224891,false,אפונה ירוקה קפואה שופרסל,ARDO,BE,אפונה ירוקה,גרמים,800.00,100 גרם,false,0,12.90,1.61,true,1,
7296073224907,false,אפונה וגזר שופרסל 800גרם,ARDO,BE,אפונה וגזר,גרמים,800.00,100 גרם,false,0,12.90,1.62,true,1,
7296073225010,false,ריבועי דגנים+קינמון500גר,פודס,LT,ריבועי דגנים,גרמים,500.00,100 גרם,false,0,12.50,2.50,true,1,
7296073225072,false,לחמניות שופרסל 6יח75*גר,מאפיית שלמה א. אנג'\ל בע,IL,לחמניות 6 יחידות,גרמים,450.00,100 גרם,false,0,11.90,2.64,true,1,
7296073225249,false,גרעין חמניה לא תוספת מלח,ששון,IL,גרעין חמניה,גרמים,200.00,100 גרם,false,0,6.80,3.40,true,1,
7296073225256,false,גרעין חמנייה קליית עפולה,ששון,IL,גרעין חמנייה,גרמים,200.00,100 גרם,false,0,6.80,3.40,true,1,
7296073225492,false,רוטב עגבני.מרוכז22% 260ג,פריניר,IL,רוטב עגבניות,גרמים,260.00,100 גרם,false,0,3.10,1.19,true,1,
7296073225508,false,כוסות קפה גדולות שופרסל,.,CN,כוסות קפה גדולות,יחידה,1.00,יחידה,false,0,18.90,18.90,true,1,
7296073225515,false,"מכסים לכוסות קפה ח""פ 50",.,CN,מכסים לכוסות קפה,יחידה,1.00,יחידה,false,0,9.90,9.90,true,1,
7296073225560,false,"ופלים שוקולד ללת""ס200גרם","מנעמים תעשיות מזון בע""\מ",IL,"ופל שוקולד ללת""ס",גרמים,200.00,100 גרם,false,0,6.50,3.25,true,1,
7296073225720,false,שעועית מש 500 גרם,,IL,שעועית מש,גרמים,500.00,100 גרם,false,0,13.90,2.78,true,1,
7296073225744,false,חצילים על האש שופרסל400ג,סלטי שמיר,IL,סלט חצילים,גרמים,400.00,100 גרם,false,0,11.90,2.98,true,1,
7296073225751,false,חציל בטחינה 400 גרם,סלטי שמיר,IL,סלט חציל בטחינה,גרמים,400.00,100 גרם,false,0,11.90,2.98,true,1,
7296073225768,false,סלט מטבוחה שופרסל 400גרם,סלטי שמיר,IL,סלט מטבוחה,גרמים,400.00,100 גרם,false,0,11.90,2.98,true,1,
7296073225775,false,רצועות סלק שופרסל 400גרם,סלטי שמיר,IL,סלט סלק שופרסל,גרמים,400.00,100 גרם,false,0,11.90,2.98,true,1,
7296073226307,false,חיתולים שופרסל,,IL,חיתולים שופרסל,יחידה,1.00,יחידה,false,0,29.90,29.90,true,1,
7296073226536,false,וופל קוביות קרם אגוז250ג,בלקוני,IT,וופל קוביות,גרמים,250.00,100 גרם,false,0,10.90,4.36,true,1,
7296073226543,false,אורגנו תבלין,,IL,אורגנו תבלין,גרמים,40.00,100 גרם,false,0,9.20,23.00,true,1,
7296073226970,false,סלט חומוס+טחינה שופר400ג,סלטי שמיר,IL,חומוס עם טחינה,גרמים,400.00,100 גרם,false,0,10.90,2.73,true,1,
7296073226987,false,סלט חומוס+מסבחה שופר400ג,סלטי שמיר,IL,חומוס עם מסבחה,גרמים,400.00,100 גרם,false,0,10.90,2.73,true,1,
7296073227786,false,ביצים 12 יח,,IL,ביצים 12 יח,יחידה,1.00,יחידה,false,0,11.15,11.15,true,1,
7296073227793,false,ביצים 12 יח,,IL,ביצים 12 יח,יחידה,1.00,יחידה,false,0,12.05,12.05,true,1,
7296073227816,false,ביצים M שופרסל 30 יח,,IL,ביצים 30 יח,יחידה,1.00,יחידה,false,0,27.87,27.87,true,1,
7296073229650,false,סירופ טעם שוקולד,,IL,סירופ טעם שוקולד,גרמים,600.00,100 גרם,false,0,11.90,1.98,true,1,
7296073229667,false,סירופ טעם מייפל,,IL,סירופ טעם מייפל,גרמים,600.00,100 גרם,false,0,11.90,1.98,true,1,
7296073229698,false,12ביצים אורגנ+L.אומגה3,חוות גבעות עולם,IL,ביצים אורגניות,יחידה,1.00,יחידה,false,0,25.90,25.90,true,1,
7296073230021,false,מנקה רצפות כחול 2 ליטר,קליר כימיקלים,IL,מנקה רצפות כחול,ליטרים,2.00,ליטר,false,0,13.90,6.95,true,1,
7296073230045,false,מנקה רצפות סגול 2 ליטר,קליר כימיקלים,IL,מנקה רצפות,ליטרים,2.00,ליטר,false,0,13.90,6.95,true,1,
7296073230052,false,מנקה רצפות דוחה חרקים2ל,קליר כימיקלים,IL,מנקה רצפות,ליטרים,2.00,ליטר,false,0,12.00,6.00,true,1,
7296073230106,false,"סלט תפו""א שופרסל 400 גרם",סלטי שמיר,IL,"סלט תפו""א",גרמים,400.00,100 גרם,false,0,11.90,2.98,true,1,
7296073230113,false,לפתן פירות בסירופ קל225ג,.,CN,לפתן פירות,גרמים,225.00,100 גרם,false,0,4.50,2.00,true,1,
7296073230410,false,"כוסות קפה ח""פ",,CN,כוס שתיה חמה,יחידה,1.00,יחידה,false,0,14.90,14.90,true,1,
7296073230427,false,כפות שקופות,,IL,כפות שקופות,יחידה,1.00,יחידה,false,0,14.90,14.90,true,1,
7296073230441,false,כפיות שקופות עבות במיוחד,.,IL,כפיות שקופות,יחידה,1.00,יחידה,false,0,14.90,14.90,true,1,
7296073230465,false,מארז סכינים שקופים עבים,.,IL,סכינים שקופים,יחידה,1.00,יחידה,false,0,14.90,14.90,true,1,
7296073230489,false,מארז מזלגות שקופים עבים,.,TR,מזלגות שקופים,יחידה,1.00,יחידה,false,0,14.90,14.90,true,1,
7296073230649,false,קפה שחור שופרסל 120*2גרם,רוני רג'ואן ושות,IL,מארז קפה טורקי,גרמים,240.00,100 גרם,false,0,10.90,4.54,true,1,
7296073230656,false,מגבות נייר שופרסל 6 גל.,"שניב תעשיות נייר בע""\מ",IL,מגבות נייר,מטרים,63.00,מטר,false,0,9.90,0.16,true,1,
7296073230663,false,מגבות נייר שופרסל 8 גל.,"שניב תעשיות נייר בע""\מ",IL,מגבות נייר,מטרים,8.00,מטר,false,0,13.90,1.74,true,1,
7296073230885,false,גלילי וופל קרם אגוזים100,"מנעמים תעשיות מזון בע""\מ",IL,גלילי וופל,גרמים,100.00,100 גרם,false,1,4.90,4.90,true,1,
7296073230892,false,50כוסות קרטון,,CN,כוסות שתייה,יחידה,1.00,יחידה,false,0,21.90,21.90,true,1,
7296073230977,false,קרקר+שומשום רוזמרין גרין,נובה אינדסטריה,IT,קרקר שומשום,גרמים,250.00,100 גרם,false,1,5.90,2.36,true,1,
7296073231240,false,חט.פריכיות שוקו חלב18*5ג,בנליין פודס,RS,חטיף פריכיות,גרמים,90.00,100 גרם,false,1,9.90,11.00,true,1,
7296073231288,false,מרכך כביסה סגול 4 ליטר,גליל כימיקלים,IL,מרכך כביסה,ליטרים,4.00,ליטר,false,1,16.90,4.23,true,1,
7296073231455,false,"גביעי ופל לגלידה ללת""ס24",מנעמים,IL,גביעי גלידה 24יח,יחידה,1.00,יחידה,false,1,5.90,5.90,true,1,
7296073231547,false,חלב 1% בקרטון שופרסל 1ל,מחלבות רמת הגולן,IL,חלב 1% קרטון 1ל',ליטרים,1.00,ליטר,false,1,5.70,5.70,true,1,
7296073231554,false,חלב 3% בקרטון שופרסל 1ל,מחלבות רמת הגולן,IL,חלב 3% קרטון 1ל',ליטרים,1.00,ליטר,false,1,6.00,6.00,true,1,
7296073231561,false,שמנת עמידה לקצפת38% 250ג,מחלבות רמת הגולן,IL,שמנת להקצפה 38%,מיליליטרים,250.00,"100 מ""ל",false,1,6.20,2.48,true,1,
7296073231691,false,חט.פריכיות שוקו תפוז18*5,בנליין פודס,RS,חטיף פריכיות,גרמים,90.00,100 גרם,false,1,9.90,11.00,true,1,
7296073231769,false,חול לחתולים נטול ריח10ק,בנטס בנטוניט,TR,חול לחתלים,קילוגרמים,10.00,"ק""ג",false,1,49.90,4.99,true,1,
7296073231776,false,חול לחתולים לבנדר 10קג,בנטס בנטוניט,TR,חול לחתולים,קילוגרמים,10.00,"ק""ג",false,1,49.90,4.99,true,1,
7296073232377,false,חלב1% נטול לקטוז גרין1ל,מחלבת רמת-הגולן,IL,חלב נטול לקטוז,ליטרים,1.00,ליטר,false,1,7.90,7.90,true,1,
7296073232384,false,שוקו נטול לקטוז1%גרין1ל,מחלבות רמת הגולן,IL,שוקו נטול לקטוז,ליטרים,1.00,ליטר,false,1,7.90,7.90,true,1,
7296073236139,false,ביצים אורגניות שופרסל XL,חוות גבעות עולם,IL,ביצים אורגניות,יחידה,1.00,יחידה,false,1,25.90,25.90,true,1,
7296073236597,false,דייסת קורנפלור וניל 200ג,אשבל בעמ,IL,דייסת קורנפלור,גרמים,200.00,100 גרם,false,1,10.90,5.45,true,1,
7296073236603,false,"שמנת לבישול 15% 250 מ""ל",מחלבת רמת-הגולן,IL,שמנת לבישול 15%,מיליליטרים,250.00,"100 מ""ל",false,1,7.10,2.84,true,1,
7296073236887,false,סלט גזר מרוקאי 400 גרם,סלטי שמיר,IL,סלט גזר מרוקאי,גרמים,400.00,100 גרם,false,1,11.90,2.98,true,1,
7296073236894,false,סלט קולסלאו 400 גרם,סלטי שמיר,IL,סלט קולסלאו,גרמים,400.00,100 גרם,false,1,11.90,2.98,true,1,
7296073236931,false,קליונז מופחת קלוריות500ג,מיטב,IL,קליונז,גרמים,500.00,100 גרם,false,1,8.90,1.78,true,1,
7296073237525,false,קוקטייל פירות בסירופ קל,CANNED QIWWEI LINYI,CN,לפתן פירות,גרמים,820.00,100 גרם,false,1,9.90,1.21,true,1,
7296073237631,false,שוקולד מריר פרימיום 81%,פריי )שוקולד(,CH,שוקולד מריר 81%,גרמים,100.00,100 גרם,false,1,9.90,9.90,true,1,
7296073237655,false,שוק.מריר 72% קקאו 100 גר,"שוקולד פריי בע""מ",CH,שוקולד מריר 72%,גרמים,100.00,100 גרם,false,1,9.90,9.90,true,1,
7296073237662,false,שוק72%. מריר תפוז 100גרם,פריי )שוקולד(,CH,שוקולד מריר תפוז,גרמים,100.00,100 גרם,false,1,9.90,9.90,true,1,
7296073238355,false,ספוג עיסוי,שופרסל,IL,ספוג עיסוי,יחידה,1.00,יחידה,false,1,9.90,9.90,true,1,
7296073238379,false,זוג ספוגים דו צצדים,שופרסל,CN,זוג ספוגים,יחידה,1.00,יחידה,false,1,9.90,9.90,true,1,
7296073238386,false,זוג ספוגים שופרסל,שופרסל,CN,זוג ספוגים,יחידה,1.00,יחידה,false,1,9.90,9.90,true,1,
7296073238393,false,רצועות ליפה שופרסל,שופרסל,CN,רצועות ליפה,יחידה,1.00,יחידה,false,1,14.90,14.90,true,1,
7296073238409,false,רצועות גיישנית שופרסל,שופרסל,CN,רצועות גיישנית,יחידה,1.00,יחידה,false,1,9.90,9.90,true,1,
7296073238416,false,רצועת עיסוי,שופרסל,IL,רצועת עיסוי,יחידה,1.00,יחידה,false,1,14.90,14.90,true,1,
7296073238447,false,כדורי רחצה 3 יח,שופרסל,CN,כדורי רחצה 3 יח,יחידה,1.00,יחידה,false,1,9.90,9.90,true,1,
7296073239239,false,כוסות קפה פרימיום 50 יח',.,CN,כוסות שתיה חמה,יחידה,1.00,יחידה,false,1,17.90,17.90,true,1,
7296073239956,false,כוס שתיה חמה אספרסו120מל,.,CN,כוסות שתיה חמה,יחידה,1.00,יחידה,false,1,9.90,9.90,true,1,
7296073240853,false,"וופלים בטעם שוקולד 1 ק""ג","מנעמים תעשיות מזון בע""\מ",IL,ופלים שוקולד,קילוגרמים,1.00,"ק""ג",false,1,17.90,17.90,true,1,
7296073241324,false,פרוסות אננס בסירופ קל850,CANNING FRUIT KUIBURI,TH,פרוסות אננס,גרמים,850.00,100 גרם,false,1,9.90,1.16,true,1,
7296073241331,false,עגבניות שרי אדומות אורגנ,יבולי בר אורגני,IL,עגבניות שרי,גרמים,460.00,100 גרם,false,1,12.90,2.80,true,1,
7296073241522,false,ממחטות אף 100*5 יח,שניב תעשיות נייר,IL,ממחטות אף 5 יח,יחידה,1.00,יחידה,false,1,13.90,13.90,true,1,
7296073241935,false,נייר טואלט סופר דיל 48גל,שניב,IL,נ.טואלט סופר דיל,מטרים,860.00,100 מטר,false,1,44.90,5.22,true,1,
7296073242635,false,כוסות שתיה קרה מעוטר כסף,.,IL,כוסות שתייה,יחידה,1.00,יחידה,false,1,18.90,18.90,true,1,
7296073243342,false,עוג.במילוי וניל ל.ג300ג,קופרנט פיינבק ג'י אם בי,DE,עוגיות וניל,גרמים,300.00,100 גרם,false,1,14.90,4.97,true,1,
7296073243731,false,ריבת חלב שופרסל 400 גרם,מיה,IL,ריבת חלב,גרמים,400.00,100 גרם,false,1,12.90,3.23,true,1,
7296073243854,false,כוסות שתייה מעוטרות זהב,.,IL,כוסות שתייה,יחידה,1.00,יחידה,false,1,18.90,18.90,true,1,
7296073244417,false,"קורנפלקס ללא גלוטן כשל""פ",נקסקוב מילס,DK,קורנפלקס,גרמים,500.00,100 גרם,false,1,12.00,2.40,true,1,
7296073244769,false,"סוכר חום דמררה צנצ. 1ק""ג","סוגת תעשיות בע""\מ",IL,סוכר חום דמררה,קילוגרמים,1.00,"ק""ג",false,1,9.90,9.90,true,1,
7296073244899,false,טחינה מתובלת 500 גרם,,IL,טחינה מתובלת,גרמים,500.00,100 גרם,false,1,12.90,2.58,true,1,
7296073246015,false,כפפות ויניל ללא אבקה S,אינטרסן,CN,כפפות ויניל,יחידה,1.00,יחידה,false,1,29.90,29.90,true,1,
7296073246022,false,כפפות ויניל ללא אבקה M,אינטרסן,CN,כפפות ויניל,יחידה,1.00,יחידה,false,1,29.90,29.90,true,1,
7296073246039,false,כפפות ויניל ללא אבקה L,אינטרסן,CN,כפפות ויניל,יחידה,1.00,יחידה,false,1,29.90,29.90,true,1,
7296073246046,false,כפפות ויניל ללא אבקה XL,אינטרסן,CN,כפפות ויניל,יחידה,1.00,יחידה,false,1,29.90,29.90,true,1,
7296073246060,false,פולי סויה בקליפה 450 גרם,שופרסל,CN,פולי סויה,גרמים,450.00,100 גרם,false,1,11.90,2.64,true,1,
7296073246084,false,פולי סויה בקליפה 1 קג,שופרסל,CN,פולי סויה 1קג,קילוגרמים,1.00,"ק""ג",false,1,19.70,19.70,true,1,
7296073246251,false,קפיץ להסרת שיער שופרסל,TECHONGGIES TAIKONE,IL,קפיץ להסרת שיער,יחידה,1.00,יחידה,false,1,44.90,44.90,true,1,
7296073246367,false,תות שדה קפוא 300 גרם,.,RS,תות שדה קפוא,גרמים,300.00,100 גרם,false,12,16.90,5.63,true,1,
7296073246633,false,פרוסות אננס בסירופ קל227,CANNING FRUIT KUIBURI,TH,פרוסות אננס,גרמים,227.00,100 גרם,false,1,3.90,1.72,true,1,
7296073246640,false,חתיכות אננס בסירופ קל227,CANNING FRUIT KUIBURI,TH,חתיכות אננס,גרמים,227.00,100 גרם,false,1,3.90,1.72,true,1,
7296073247500,false,רביולי גבינה 300 גרם,פסטה נונה,IL,רביולי גבינה,גרמים,300.00,100 גרם,false,1,12.90,4.30,true,1,
7296073247517,false,רביולי בטטה 300 גרם,פסטה נונה,IL,רביולי בטטה,גרמים,300.00,100 גרם,false,1,12.90,4.30,true,1,
7296073248446,false,סט מברשות ומסרק לתינוק,N.R.CO.LTD,CN,סט מברשות,יחידה,1.00,יחידה,false,1,14.90,14.90,true,1,
7296073248521,false,זוג מוצצים סיליקון +0,GMBH NTX,DE,זוג מוצצים,יחידה,1.00,יחידה,false,1,21.90,21.90,true,1,
7296073248576,false,זוג מוצצים סיליקון +0,GMBH NTX,DE,זוג מוצצים,יחידה,1.00,יחידה,false,1,21.90,21.90,true,1,
7296073248637,false,מיכל חלוקה לאבקת חלב,N.R.CO.LTD,CN,מיכל חלוקה,יחידה,1.00,יחידה,false,1,11.90,11.90,true,1,
7296073254164,false,דג.בוקר נוגט גרין ל.ג375,נייס פוד,IT,דגני בוקר נוגט,גרמים,375.00,100 גרם,false,1,16.90,4.51,true,1,
7296073254256,false,ערמונים אורגניים גרין100,CO FOODS LIYUAN HEBEI,CN,ערמונים אורגניים,גרמים,100.00,100 גרם,false,1,7.90,7.90,true,1,
7296073254287,false,"אל סבון כחול 3 500* מ""ל",שופרסל,TR,אל סבון נוזלי3יח,ליטרים,1.50,ליטר,false,1,12.90,8.60,true,1,
7296073261247,false,"חומץ בלסמי שופרסל 500מ""ל",פונטי,IT,חומץ בלסמי,מיליליטרים,500.00,"100 מ""ל",false,1,18.90,3.78,true,1,
7296073261384,false,"אל סבון מעורב 500*3 מ""ל",טאהא קימיה,TR,אל סבון נוזלי3יח,ליטרים,1.50,ליטר,false,1,12.90,8.60,true,1,
7296073261551,false,קוקטייל פירות טרופיים850,קיובורי,TH,קוקטייל פירות,גרמים,850.00,100 גרם,false,1,9.30,1.09,true,1,
7296073262954,false,פסטה מאפלדה 400 גרם,שופרסל,IT,פסטה מאפלדה,גרמים,400.00,100 גרם,false,1,6.90,1.73,true,1,
7296073262961,false,גרנולה דואט שוקו אגוז400,בריגן קי ג'י,DE,גרנולה פרימיום,גרמים,400.00,100 גרם,false,1,19.90,4.98,true,1,
7296073262978,false,גרנולה טריפל אגוזים 400ג,בריגן קי ג'י,DE,גרנולה פרימיום,גרמים,400.00,100 גרם,false,1,19.90,4.98,true,1,
7296073263166,false,מרכך בייבי מרוכז 1ל,גליל כימיקלים,IL,מרכך בייבי מרוכז,ליטרים,1.00,ליטר,false,1,14.90,14.90,true,1,
7296073265184,false,שקיות אשפה ריחניות 40 יח,גליל כימיקלים,IL,שקיות אשפה,יחידה,1.00,יחידה,false,1,19.90,19.90,true,1,
7296073265344,false,חלב נטול לקטוז3%גרין 1ל,מחלבת רמת-הגולן,IL,חלב נטול לקטוז,ליטרים,1.00,ליטר,false,1,7.90,7.90,true,1,
7296073265351,false,ספגטי ללא גלוטן גרין400ג,SPA MENNUCCI PASTIFICI,IT,ספגטי ללא גלוטן,גרמים,400.00,100 גרם,false,1,10.90,2.73,true,1,
7296073265368,false,פסטה פנה ללא גלוטן 400גר,SPA MENNUCCI PASTIFICI,IT,פנה ללא גלוטן,גרמים,400.00,100 גרם,false,1,10.90,2.73,true,1,
7296073265375,false,פוזילי ללא גלוטן גרין400,SPA MENNUCCI PASTIFICI,IT,פוזילי ללא גלוטן,גרמים,400.00,100 גרם,false,1,10.90,2.73,true,1,
7296073265481,false,עוגת דבש ללא גלוטן400גרם,מאפ גדרון,IL,עוגת מאפין דבש,גרמים,400.00,100 גרם,false,1,19.90,4.98,true,1,
7296073266112,false,מפות שולחן עבות מניילון,.,IL,מפות שולחן 8 יח,יחידה,1.00,יחידה,false,1,9.90,9.90,true,1,
7296073266129,false,מפות שולחן עבות מניילון,.,IL,מפות שולחן 6 יח,יחידה,1.00,יחידה,false,1,9.90,9.90,true,1,
7296073266266,false,קוקטייל בסירופ קל 113*4ג,FOODS HUIXANG JIANGSU,CN,קוקטייל פירות,גרמים,452.00,100 גרם,false,1,9.90,2.19,true,1,
7296073266273,false,חתיכות אננס בסירופ113*4,FOODS HUIXANG JIANGSU,CN,לפתן אננס,גרמים,452.00,100 גרם,false,1,9.90,2.19,true,1,
7296073266303,false,"מחית תפו""ע ללא סוכר113*4",FOODS HUIXANG JIANGSU,CN,רסק תפוחי עץ,גרמים,452.00,100 גרם,false,1,9.90,2.19,true,1,
7296073266310,false,"רסק תפו""ע ללת""ס 113*4 גר",FOODS HUIZIANG JIANGSU,CN,"רסק תפו""ע 4 יח",גרמים,452.00,100 גרם,false,1,9.90,2.19,true,1,
7296073266693,false,מיץ תפוזים אורגני גרין1ל,גניר,IL,מיץ תפוזים,ליטרים,1.00,ליטר,false,1,17.90,17.90,true,1,
7296073266709,false,רוט.סויה ל.גלוטן גרין300,DEVELOPMENT YI LIAN,CN,רוטב סויה,מיליליטרים,280.00,"100 מ""ל",false,1,12.90,4.61,true,1,
7296073266723,false,רוטב סויה אורגני,DEVELOPMENT YI LIAN,CN,רוטב סויה אורגני,גרמים,300.00,100 גרם,false,1,15.90,5.30,true,1,
7296073266976,false,חטיף בוטנים ללא גלוטן80ג,סנקי,IL,חטיף בוטנים,גרמים,80.00,100 גרם,false,1,4.00,5.00,true,1,
7296073266983,false,חטיף בוטנים ללא גלוטן25ג,סנקי,IL,חטיף בוטנים,גרמים,25.00,100 גרם,false,1,2.20,8.80,true,1,
7296073267188,false,צמר גפן רפואי 100 גרם,SANAVI A.P,TR,צמר גפן רפואי,גרמים,100.00,100 גרם,false,1,6.90,6.90,true,1,
7296073267195,false,צמר גפן רפואי שופרס100*2,SANAVI A.P,TR,זוג צמר גפן,גרמים,200.00,100 גרם,false,1,11.90,5.95,true,1,
7296073268925,false,נייר טואלט דו שכבתי16גל,שניב תעשיות נייר,IL,נייר טואלט,מטרים,573.00,100 מטר,false,1,31.90,5.57,true,1,
7296073269991,false,שמן זרעי ענבים מזוכך1ל,"אוליפיציו סלוודורי בע""מ",IT,שמן זרעי ענבים,ליטרים,1.00,ליטר,false,1,24.90,24.90,true,1,
7296073270157,false,לקט הכפר 400גרם,"פרסקו חצבה 2006 בע""\מ",IL,לקט הכפר,גרמים,400.00,100 גרם,false,1,10.50,2.63,true,1,
7296073270287,false,תבניות אלומיניום מלבניות,.,IL,תבניות אינגליש,יחידה,1.00,יחידה,false,1,14.90,14.90,true,1,
7296073270294,false,תבניות אלומיניום מלבניות,.,IL,תבניות מלבניות,יחידה,1.00,יחידה,false,1,14.90,14.90,true,1,
7296073270300,false,תבניות אלומיניום קטנות15,.,IL,תבניות אלומיניום,יחידה,1.00,יחידה,false,1,14.90,14.90,true,1,
7296073270317,false,תבניות אלומיניום עגולות,.,IL,תבניות עגולות,יחידה,1.00,יחידה,false,1,14.90,14.90,true,1,
7296073270324,false,תבנית אלומיניום גדולה 7י,.,IL,תבניות אלומיניום,יחידה,1.00,יחידה,false,1,14.90,14.90,true,1,
7296073270331,false,תבנית אלומיניום ענקית 5י,.,IL,תבניות ענקיות,יחידה,1.00,יחידה,false,1,14.90,14.90,true,1,
7296073270348,false,תבנית אלומיניום קטנה 10י,.,IL,תבניות קטנות,יחידה,1.00,יחידה,false,1,14.90,14.90,true,1,
7296073270409,false,"גביע 500 מ""ל 15יחידות",.,CN,"גביע 500מ""ל",יחידה,1.00,יחידה,false,1,12.90,12.90,true,1,
7296073270416,false,"גביע 1000 מ""ל 10 יחידות",,CN,"גביע 1000מ""ל",יחידה,1.00,יחידה,false,1,9.90,9.90,true,1,
7296073270423,false,מיכל 1 ליטר 5 יחידות,.,CN,מיכל 1 ליטר,יחידה,1.00,יחידה,false,1,12.90,12.90,true,1,
7296073270430,false,מיכל 2 ליטר 4יחידות,.,CN,מיכל 2 ליטר,יחידה,1.00,יחידה,false,1,12.90,12.90,true,1,
7296073270980,false,"ופל בטעם לימון ללת""ס200ג",מנעמים,IL,"ופל לימון ללת""ס",גרמים,200.00,100 גרם,false,1,6.50,3.25,true,1,
7296073271550,false,ממרח עגבניות מיובשות190ג,SPA POLLI F.LLI,IT,ממרח עגבניות,גרמים,190.00,100 גרם,false,1,11.90,6.26,true,1,
7296073271567,false,טפנד זיתים ירוקים 190 גר,SPA POLLI F.LLI,IT,טפנד זיתים ירוק,גרמים,190.00,100 גרם,false,1,11.90,6.26,true,1,
7296073271574,false,ממרח זיתים שחורים 190גרם,SPA POLLI F.LLI,IT,טפנד זיתים,גרמים,190.00,100 גרם,false,1,11.90,6.26,true,1,
7296073272496,false,נייר טואלט דו שכבתי32גל,שניב תעשיות נייר,IL,נייר טואלט 32גל,מטרים,573.00,100 מטר,false,1,31.90,5.57,true,1,
7296073273448,false,"ג'ל אלוורה 100מ""ל",ש.שוורץ,IL,ג'ל אלוורה,מיליליטרים,100.00,"100 מ""ל",false,1,9.90,9.90,true,1,
7296073273455,false,תרסיס אלוורה שופרסל250מל,ש.שוורץ,IL,תרסיס ג'ל אלוורה,מיליליטרים,250.00,"100 מ""ל",false,1,19.90,7.96,true,1,
7296073273509,false,מקלוני אורז ללא גלוטן454,פוג'יאן לונגהי,CN,מקלוני אורז רחב,גרמים,454.00,100 גרם,false,1,8.90,1.96,true,1,
7296073273851,false,סט 2 מפות אל בד מודפס270,.,CN,מפות אל בד,יחידה,1.00,יחידה,false,1,14.90,14.90,true,1,
7296073274667,false,מקלוני אורז ללא גלוטן454,פוג'יאן לונגהי,CN,מקלוני אורז דק,גרמים,454.00,100 גרם,false,1,8.90,1.96,true,1,
7296073274957,false,חמאת בוטנים טבעית510גרם,יונייטד פודס,IN,חמאת בוטנים,גרמים,510.00,100 גרם,false,1,12.90,2.53,true,1,
7296073274964,false,חמאת בוטנים טבעית+שבבים,יונייטד פודס,IN,חמאת בוטנים,גרמים,510.00,100 גרם,false,1,12.90,2.53,true,1,
7296073275138,false,גבינת עיזים פרוס שופר150,ROUVEEN,US,גבינת עיזים,גרמים,150.00,100 גרם,false,1,19.90,13.27,true,1,
7296073277248,false,מגבונים ללא בישום 64*5יח,דינמיק,IL,מגבונים לחים 5יח,יחידה,1.00,יחידה,false,1,21.90,21.90,true,1,
7296073277255,false,מארז מגבונים לחים 6 יח,דינמיק,IL,מארז מגבוניםלחים,יחידה,1.00,יחידה,false,1,19.90,19.90,true,1,
7296073277262,false,מגבונים לחים 72 יח,שופרסל,IL,מגבונים לחים,יחידה,1.00,יחידה,false,1,4.90,4.90,true,1,
7296073277286,false,לקט להקפצה בווק 500גרם,פרסקו,IL,לקט להקפצה,גרמים,500.00,100 גרם,false,1,14.90,2.98,true,1,
7296073277903,false,ופל מצ.שוק.גרין21.5*3ל.ג,הלווה ופלבקרי,NL,וופל מצופה,גרמים,64.00,100 גרם,false,1,8.90,13.91,true,1,
7296073277927,false,וופל מצופ.ללתס שופרסל100,הלווה ופלבקרי,NL,"וופל מצופה ללת""ס",גרמים,100.00,100 גרם,false,1,10.90,10.90,true,1,
7296073277941,false,"אצבעות וופל שוקולד ללת""ס",הלווה ופלבקרי,NL,אצבעות וופל,גרמים,64.00,100 גרם,false,1,9.90,15.47,true,1,
7296073281696,false,מגבוני טואלט לילד 40*3יח,שופרסל,IL,"מגבוני נ""ט לילד",יחידה,1.00,יחידה,false,1,9.80,9.80,true,1,
7296073281702,false,מגבוני נ.טואלט למבוגרים,דינמיק תעשיות מגבונים,IL,מגבוני נייר לחים,יחידה,1.00,יחידה,false,1,9.90,9.90,true,1,
7296073281863,false,שמפו לשיער מוחלק שופרסל,"א.מ.ש.י תעשיות בע""מ",IL,שמפו לשיער מוחלק,מיליליטרים,750.00,"100 מ""ל",false,1,19.90,2.65,true,1,
7296073281894,false,מרכך לשיער מוחלק 750מל,"א.מ.ש.י תעשיות בע""מ",IL,מרכך שופרסל,מיליליטרים,750.00,"100 מ""ל",false,1,19.90,2.65,true,1,
7296073282846,false,"מיכל 500 מ""ל+מכסה 5יחידו",,CN,"מיכל 500מ""ל",יחידה,1.00,יחידה,false,1,9.90,9.90,true,1,
7296073282853,false,מיכל 2.5ליטר+מכסה 2יחידו,,CN,מיכל 2.5ליטר,יחידה,1.00,יחידה,false,1,9.90,9.90,true,1,
7296073282860,false,מיכל 3ליטר+מכסה 2יחידות,,CN,מיכל 3ליטר,יחידה,1.00,יחידה,false,1,9.90,9.90,true,1,
7296073283720,false,נקניקיות הודו פרימיום 30,זוגלובק,IL,נקנ' הודו ועוף,גרמים,300.00,100 גרם,false,1,17.90,5.97,true,1,
7296073283805,false,חתיכות אננס קפוא 300גרם,d.o.o Lukowa,RS,חתיכות אננס קפוא,גרמים,300.00,100 גרם,false,1,16.90,5.63,true,1,
7296073283812,false,קוביות מנגו קפוא 300 ג,d.o.o Lukowa,RS,קוביות מנגו,גרמים,300.00,100 גרם,false,1,16.90,5.63,true,1,
7296073283829,false,מיקס פירות טרופי קפוא 30,d.o.o Lukowa,RS,מיקס פירות טרופי,גרמים,300.00,100 גרם,false,1,16.90,5.63,true,1,
7296073285267,false,מארז סכינים שקופים עבים,.,CN,סכינים שקופים,יחידה,1.00,יחידה,false,1,17.90,17.90,true,1,
7296073285274,false,מארז מזלגות שקופים עבים,.,CN,מזלגות שקופים,יחידה,1.00,יחידה,false,1,17.90,17.90,true,1,
7296073285281,false,מארז כפיות שקופות עבות,.,CN,כפיות שקופות,יחידה,1.00,יחידה,false,1,17.90,17.90,true,1,
7296073285298,false,מארז כפות שקופות עבות,.,CN,כפות שקופות,יחידה,1.00,יחידה,false,1,17.90,17.90,true,1,
7296073285397,false,נר נשמה 24 שעות יחידה,CANDLE ITBRIGHT,CN,נר נשמה 24 שעות,יחידה,1.00,יחידה,false,1,2.20,2.20,true,1,
7296073285403,false,נרות חימום בשקית 50 יח,CANDLE ITBRIGHT,CN,נרות חימום בשקית,יחידה,1.00,יחידה,false,1,10.90,10.90,true,1,
7296073285410,false,נרות חימום בשקית 100 יחי,CANDLE ITBRIGHT,CN,נרות חימום בשקית,יחידה,1.00,יחידה,false,1,20.90,20.90,true,1,
7296073285427,false,שקית אשפה ריחנית לפח קטן,אשפלסט,IL,שקיות אשפה,יחידה,1.00,יחידה,false,1,12.90,12.90,true,1,
7296073285663,false,ממרח אגוז ללא שמן דקל350,SRL NUTKAO,IT,ממרח אגוזי לוז,גרמים,350.00,100 גרם,false,1,9.80,2.80,true,1,
7296073285670,false,ממרח אגוז ללא שמן דקל750,SRL NUTKAO,IT,ממרח אגוזים,גרמים,750.00,100 גרם,false,1,18.70,2.49,true,1,
7296073285953,false,אורז בסמ.מלא אורג.גרין1ק,קהמן,IN,אורז בסמטי אורגנ,קילוגרמים,1.00,"ק""ג",false,1,10.00,10.00,true,1,
7296073286011,false,אורז פרסי זיפר שופרסל1קג,ltd co produce Uthai,TH,אורז פרסי,קילוגרמים,1.00,"ק""ג",false,1,7.90,7.90,true,1,
7296073286035,false,"אורז תאילנדי זיפר 1 ק""ג",ltd co produce Uthai,TH,אורז תאילנדי,קילוגרמים,1.00,"ק""ג",false,1,5.90,5.90,true,1,
7296073286042,false,אורז יסמין זיפר שופרסל1ק,ltd co produce Uthai,TH,אורז יסמין,קילוגרמים,1.00,"ק""ג",false,1,10.90,10.90,true,1,
7296073286066,false,אורז בסמטי זיפר שופרסל1ק,SETIA LAL CHAMAN,IN,אורז בסמטי,קילוגרמים,1.00,"ק""ג",false,1,12.80,12.80,true,1,
7296073286073,false,"אורז בסמטי בצנצנת 1 ק""ג",SETIA LAL CHAMAN,IN,אורז בסמטי,קילוגרמים,1.00,"ק""ג",false,1,13.90,13.90,true,1,
7296073286349,false,שקיות אשפה חזקות L 55 יח,אשפלסט,IL,שקיות אשפה,יחידה,1.00,יחידה,false,1,19.90,19.90,true,1,
7296073286363,false,שקית ענקית לאשפה משרדית,אשפלסט,IL,שקיות אשפה,יחידה,1.00,יחידה,false,1,13.90,13.90,true,1,
7296073286394,false,שקיות אשפה חזקות L 100,אשפלסט,IL,שקיות אשפה,יחידה,1.00,יחידה,false,1,33.90,33.90,true,1,
7296073286417,false,שק.אשפה חזקות גדולות60יח,אשפלסט,IL,שקיות אשפה 60 יח,יחידה,1.00,יחידה,false,1,17.90,17.90,true,1,
7296073286493,false,צמד פטריות פורטובלה ושמפ,מרינה פטריות,IL,צמד פטריות פורטו,גרמים,420.00,100 גרם,false,1,15.90,3.79,true,1,
7296073288756,false,תירס ארוז,קטיף.,IL,תירס ארוז,קילוגרמים,0.00,"ק""ג",true,1,8.90,8.90,true,1,
7296073289739,false,שקיות צליה שופרסל 10 יח,.,TR,שקיות צליה,יחידה,1.00,יחידה,false,1,5.90,5.90,true,1,
7296073289746,false,50 מגבונים לניקוי כללי,דינמיק תעשיות מגבונים,IL,מגבונים לניקוי,יחידה,1.00,יחידה,false,1,8.90,8.90,true,1,
7296073290810,false,פלפל אדום קלוי על האש650,בלו גלו,TR,פלפל אדום קלוי,גרמים,650.00,100 גרם,false,1,10.90,1.68,true,1,
7296073290841,false,"נוזל קוקוס שופרסל 400מ""ל",COCONUT THAI,TH,נוזל קוקוס,מיליליטרים,400.00,"100 מ""ל",false,1,5.90,1.48,true,1,
7296073290858,false,"קרם קוקוס שופרסל 400 מ""ל",COCONUT THAI,TH,קרם קוקוס,מיליליטרים,400.00,"100 מ""ל",false,1,6.90,1.73,true,1,
7296073290933,false,"כוס שתייה קרה ח""פ 180מ""ל",.,CN,כוס חד פעמית,יחידה,1.00,יחידה,false,1,5.90,5.90,true,1,
7296073291077,false,משטחי החתלה שופרסל 10יח,PAKTEN,TR,משטחי החתלה,יחידה,1.00,יחידה,false,1,15.90,15.90,true,1,
7296073291084,false,עוגיות חמאה דניות 150גרם,BAKERY JACOBSENS,DK,עוגיות חמאה בפח,גרמים,150.00,100 גרם,false,1,12.90,8.60,true,1,
7296073291244,false,חומץ טבעי 5% שופרסל 1ל,מיטב,IL,חומץ 5%,ליטרים,1.00,ליטר,false,1,6.00,6.00,true,1,
7296073291251,false,מיץ לימון משומר שופרסל1ל,,IL,מיץ לימון משומר,ליטרים,1.00,ליטר,false,1,7.90,7.90,true,1,
7296073291916,false,ניוקי שופרסל 500גרם,ALIMENTARI CLEMME,IT,ניוקי שופרסל,גרמים,500.00,100 גרם,false,1,9.80,1.96,true,1,
7296073291923,false,מיני ניוקי שופרסל 500גרם,ALIMENTARI CLEMME,IT,מיני ניוקי,גרמים,500.00,100 גרם,false,1,9.80,1.96,true,1,
7296073291930,false,ניוקי עגבניות שופרסל500ג,ALIMENTARI CLEMME,IT,ניוקי עגבניות,גרמים,500.00,100 גרם,false,1,9.80,1.96,true,1,
7296073291947,false,ניוקי תרד שופרסל 500גרם,ALIMENTARI CLEMME,IT,ניוקי תרד,גרמים,500.00,100 גרם,false,1,9.80,1.96,true,1,
7296073291992,false,חסה סלנובה הידרופונית,כרמלים שדות חדשים,IL,חסה סלנובה,גרמים,160.00,100 גרם,false,1,12.90,8.06,true,1,
7296073292012,false,אננס ראש שישיות שקיל,קטיף.,IL,אננס ראש,קילוגרמים,0.00,"ק""ג",true,1,29.90,29.90,true,1,
7296073292111,false,מי פה צמחים שופרסל 500 מ,מעבדות בוניקט,ES,מי פה שופרסל,מיליליטרים,500.00,"100 מ""ל",false,1,10.90,2.18,true,1,
7296073292807,false,תפוח אדמה לבן גורמה,גידולי אגו,IL,"תפו""א זני השף",קילוגרמים,0.00,"ק""ג",true,1,6.90,6.90,true,1,
7296073292906,false,פירורי לחם מוזהב.זיפר350,מאפיית דוידוביץ ובניו בע,IL,פירורי לחם מוזהב,גרמים,350.00,100 גרם,false,1,6.50,1.86,true,1,
7296073292913,false,פירורי לחם לבן זיפר350גר,חטיפים מן הטבע,IL,פירורי לחם לבן,גרמים,350.00,100 גרם,false,1,6.50,1.86,true,1,
7296073293019,false,פלפל אורג.סוויט גרין200ג,יבולי בר אורגני,IL,פלפל אורגני,גרמים,200.00,100 גרם,false,1,11.90,5.95,true,1,
7296073293040,false,תבניות אפיה מוארכות+מכסה,,IL,תבניות אפיה+מכסה,יחידה,1.00,יחידה,false,1,14.90,14.90,true,1,
7296073293583,false,שמן קוקוס אורגני גרין330,סנקי,LK,שמן קוקוס אורגני,מיליליטרים,330.00,"100 מ""ל",false,1,18.90,5.73,true,1,
7296073294139,false,בזיליקום יחידה,,IL,בזיליקום,יחידה,1.00,יחידה,false,1,6.90,6.90,true,1,
7296073294214,false,פטרוזיליה יחידה,,IL,פטרוזליה,יחידה,1.00,יחידה,false,1,4.90,4.90,true,1,
7296073294221,false,כוסברה יחידה,,IL,כוסברה,יחידה,1.00,יחידה,false,1,4.90,4.90,true,1,
7296073294238,false,שמיר יחידה,קטיף,IL,שמיר,יחידה,1.00,יחידה,false,1,4.90,4.90,true,1,
7296073294245,false,נענע יחידה,,IL,נענע,יחידה,1.00,יחידה,false,1,3.90,3.90,true,1,
7296073294788,false,פירורי לחם ללא גלוטן250ג,אשבל מזון פונקציונלי בע\,IL,פירורי לחם,גרמים,250.00,100 גרם,false,1,15.90,6.36,true,1,
7296073294818,false,פתיתים קוסק.ללא גלוטן200,אשבול,IL,פתיתים קוסקוס,גרמים,200.00,100 גרם,false,1,12.90,6.45,true,1,
7296073294825,false,תערובת לעוגה לא גלוטן500,אשבול,IL,תערובת לעוגה,גרמים,500.00,100 גרם,false,1,16.50,3.30,true,1,
7296073294870,false,אוניברסיטה לתינוק,,CN,אוניברסיטה,יחידה,1.00,יחידה,false,1,149.90,149.90,true,1,
7296073295228,false,מפיות תלת שכבתי 20יחידות,,IL,מפיות,יחידה,1.00,יחידה,false,1,7.50,7.50,true,1,
7296073295655,false,"שוק.חלב ללת""ס שופרסל100ג",,IT,"שוקולד חלב ללת""ס",גרמים,100.00,100 גרם,false,1,6.90,6.90,true,1,
7296073295662,false,"שוק.מריר ללת""ס שופרסל100",,IT,שוקולד מריר ללתס,גרמים,100.00,100 גרם,false,1,6.90,6.90,true,1,
7296073295679,false,"שוק.אגוז ללת""ס שופרסל100",,IT,שוקולד אגוז ללתס,גרמים,100.00,100 גרם,false,1,7.90,7.90,true,1,
7296073296744,false,שמרים יבשים 500 גרם,,TR,שמרים יבשים,גרמים,500.00,100 גרם,false,1,13.90,2.78,true,1,
7296073296751,false,שמרים יבשים בוואקום 125ג,,TR,שמרים יבשים,גרמים,125.00,100 גרם,false,1,3.90,3.12,true,1,
7296073296942,false,חליטת הדרים ולואיזה 40גר,עדנים,IL,חליטת הדרים,גרמים,40.00,100 גרם,false,1,13.90,34.75,true,1,
7296073296966,false,חליטת צמחים ארץ ישראל25ג,,IL,חליטת ארץ ישראל,גרמים,25.00,100 גרם,false,1,13.90,55.60,true,1,
7296073298014,false,חטיפוני גזר 130גרם,,IL,חטיפוני גזר,גרמים,130.00,100 גרם,false,1,6.90,5.31,true,1,
7296073298021,false,חטיפוני גזר 350גרם,,IL,חטיפוני גזר,גרמים,350.00,100 גרם,false,1,12.90,3.69,true,1,
7296073298366,false,"חומץ מיין אדום 500 מ""ל",,ES,חומץ מיין אדום,מיליליטרים,500.00,"100 מ""ל",false,1,15.90,3.18,true,1,
7296073298373,false,"חומץ מיין לבן 500 מ""ל",,ES,חומץ מיין לבן,מיליליטרים,500.00,"100 מ""ל",false,1,15.90,3.18,true,1,
7296073298380,false,חומץ מסיידר תפוחים 500מל,,ES,חומץ מסיידר,מיליליטרים,500.00,"100 מ""ל",false,1,15.90,3.18,true,1,
7296073298588,false,"ניוקי טריקולור לל""ג500 ג",סיימה אלימינטרי,IT,ניוקי ללא גלוטן,גרמים,500.00,100 גרם,false,1,14.90,2.98,true,1,
7296073319795,false,רוטב עגבנ.אורגני גרין700,פרוטאגל,IT,רוטב עגבניות,גרמים,700.00,100 גרם,false,1,11.90,1.70,true,1,
7296073319801,false,עגב.מרוסק אורגני גרין690,פרוטאגל,IT,עגבניות מרוסקות,גרמים,690.00,100 גרם,false,1,11.90,1.72,true,1,
7296073320050,false,חסה רומית הידרופונית,יגור חקלאות ועסקים,IL,חסה רומית,גרמים,160.00,100 גרם,false,1,9.90,6.19,true,1,
7296073320081,false,"תפו""א למיקרו",,IL,"תפו""א למירקו",גרמים,700.00,100 גרם,false,1,6.90,0.99,true,1,
7296073320128,false,מלפפון בייבי אורגני יח,,IL,מלפפון בייבי,יחידה,1.00,יחידה,false,1,10.90,10.90,true,1,
7296073320159,false,חסה לבבות אורגני גרין יח,,IL,חסה לבבות,יחידה,1.00,יחידה,false,1,12.90,12.90,true,1,
7296073320289,false,אלסבון סילקי ארט 500*3מל,אקסן קוסמטיק,TR,אלסבון שופרסל3יח,ליטרים,1.50,ליטר,false,1,12.90,8.60,true,1,
7296073320388,false,עלי בייבי 120גרם,,IL,עלי בייבי 120גרם,גרמים,120.00,100 גרם,false,1,9.90,8.25,true,1,
7296073320395,false,עלי תרד בייבי 200גרם,,IL,עלי תרד בייבי,גרמים,200.00,100 גרם,false,1,8.90,4.45,true,1,
7296073320401,false,לקט בסגנון איטלקי 300גרם,"פרסקו חצבה 2006 בע""\מ",IL,לקט סגנון איטלקי,גרמים,300.00,100 גרם,false,1,10.50,3.50,true,1,
7296073320456,false,קרקר דק+שומשום ופשתן175ג,B.V BERGBANKET,NL,קרקר דק+שומשום,גרמים,175.00,100 גרם,false,1,12.90,7.37,true,1,
7296073321200,false,אבקת אפיה שופרסל 10*10גר,א.ל ייצור ושיווק תבלינים,IL,אבקת אפיה 10 יח,גרמים,100.00,100 גרם,false,1,3.00,3.00,true,1,
7296073321217,false,סוכר וניל שופרסל 10*10 ג,א.ל ייצור ושיווק תבלינים,IL,סוכר וניל 10 יח,גרמים,100.00,100 גרם,false,1,2.80,2.80,true,1,
7296073321231,false,אבקת סוכר שופרסל 100 גרם,א.ל ייצור ושיווק תבלינים,IL,אבקת סוכר שופרסל,גרמים,100.00,100 גרם,false,1,2.00,2.00,true,1,
7296073321446,false,סבון כחול לאסלה 50*3 גרם,קומפלקס כימיקלים בעמ,IL,3סבון כחול לאסלה,גרמים,150.00,100 גרם,false,1,10.90,7.27,true,1,
7296073321705,false,ג'ינג'ר גרין 250 גרם,,CN,ג'ינג'ר גרין,גרמים,250.00,100 גרם,false,1,14.90,5.96,true,1,
7296073321729,false,תבנית נייר מלבנית 4יח' 2,,CN,תבנית נייר,יחידה,1.00,יחידה,false,1,9.50,9.50,true,1,
7296073322450,false,לזניה 4גבינות ברוטב300ג,פסטה נונה,IL,לזניה 4גבינות,גרמים,300.00,100 גרם,false,1,16.90,5.63,true,1,
7296073322542,false,סוכר קוקוס אורגני,סנקי,IL,סוכר קוקוס,גרמים,300.00,100 גרם,false,1,12.90,4.30,true,1,
7296073322979,false,בוטנים מצופים קלויים50ג,ששון ושות'\ )ש.ת. תעשיות,IL,בוטנים אמריקאים,גרמים,50.00,100 גרם,false,1,2.50,5.00,true,1,
7296073323006,false,תה שחור שופרסל1.5*100 גר,עדנים,IL,תה שחור 100 שק.,גרמים,150.00,100 גרם,false,1,9.90,6.60,true,1,
7296073323037,false,תה ירוק נענע 37.5 גרם,עדנים,IL,תה ירוק נענע,גרמים,37.00,100 גרם,false,1,13.90,37.57,true,1,
7296073323044,false,תה ירוק לימונית לואיזה25,עדנים,IL,תה ירוק לימונית,גרמים,37.00,100 גרם,false,1,13.90,37.57,true,1,
7296073323051,false,פלפל חריף צ'ילי גרין80גר,נוברסקו,IT,פלפל חריף צ'ילי,גרמים,80.00,100 גרם,false,1,10.90,13.63,true,1,
7296073323143,false,חסה סלנובה הידרופונית,יגור חקלאות ועסקים,IL,חסה סלנובה,גרמים,160.00,100 גרם,false,1,12.90,8.06,true,1,
7296073323211,false,שקדים מולבנים טחונים100ג,ששון ושות)ש.ת תעשיות(,US,שקדים מולבנים,גרמים,100.00,100 גרם,false,1,12.90,12.90,true,1,
7296073323235,false,בוטנים גרוסים 100 גרם,,IL,בוטנים גרוסים,גרמים,100.00,100 גרם,false,1,4.90,4.90,true,1,
7296073323242,false,אגוזי מלך טחונים 100גרם,ששון ושות)ש.ת תעשיות(,IL,אגוז מלך 100גרם,גרמים,100.00,100 גרם,false,1,11.90,11.90,true,1,
7296073323433,false,סירופ מייפל אורג.גרין250,קופדקס,DK,סירופ מייפל,מיליליטרים,250.00,"100 מ""ל",false,1,22.90,9.16,true,1,
7296073323587,false,עגבניה שרי וויטני יחידה,עידו נחום,IL,שרי וויטני,גרמים,460.00,100 גרם,false,1,9.90,2.15,true,1,
7296073323594,false,נייר אפייה אקולוגי 40 יח,,IL,נייר אפייה 40 יח,יחידה,1.00,יחידה,false,1,12.90,12.90,true,1,
7296073323631,false,פריפלצת מחית מנגו בננ120,גו פרוסלבה,ES,מחית פירות,גרמים,120.00,100 גרם,false,1,4.50,3.75,true,1,
7296073323648,false,פריפלצת מחית בננ.תות120ג,גו פרוסלבה,ES,מחית פירות,גרמים,120.00,100 גרם,false,1,4.50,3.75,true,1,
7296073323655,false,פריפלצת מחית תפוח בננ120,גו פרוסלבה,ES,מחית פירות,גרמים,120.00,100 גרם,false,1,4.50,3.75,true,1,
7296073323662,false,פריפלצת מיקס פירות120ג,גו פרוסלבה,ES,מחית פירות,גרמים,120.00,100 גרם,false,1,4.50,3.75,true,1,
7296073323679,false,פריפלצת מחית אגס 120ג,גו פרוסלבה,ES,מחית פירות,גרמים,120.00,100 גרם,false,1,4.50,3.75,true,1,
7296073323693,false,פריפלצת מחית תפוח 120 גר,גו פרוסלבה,ES,מחית פירות,גרמים,120.00,100 גרם,false,1,4.50,3.75,true,1,
7296073323877,false,לחמניות מקמח מלא 6יחידות,מאפית ברמן,IL,6לחמניות קמח מלא,גרמים,450.00,100 גרם,false,1,12.90,2.87,true,1,
7296073324027,false,מנצ'ס פיקנטי 200 גרם,FOODS HARVEST DEZHOU,CN,מנצ'ס פיקנטי,גרמים,200.00,100 גרם,false,1,10.90,5.45,true,1,
7296073324690,false,מיץ אשכול.אדום אורגני1ל,גניר,IL,מיץ אשכוליות,ליטרים,0.00,ליטר,false,1,17.90,17.90,true,1,
7296073324850,false,צמד פטריות פורטובלה,,IL,פטריות פורטובלו,גרמים,420.00,100 גרם,false,1,15.90,3.79,true,1,
7296073325062,false,עוגיות רייף שופרסל 350גר,קונדיטוריית אנג'ל,IL,עוגיות רייף,גרמים,350.00,100 גרם,false,1,15.90,4.54,true,1,
7296073325147,false,36 חיתולים בייבי שלב 5,פיבי ספא,IT,חיתולים שלב 5,יחידה,1.00,יחידה,false,1,33.90,33.90,true,1,
7296073325239,false,רדיד אלומיניום 16 מיקרון,,CN,רדיד אלומיניום,מטרים,60.00,מטר,false,1,29.00,0.48,true,1,
7296073327615,false,תירס סוויט ארוז,צמח אבןקדו,IL,תירס סוויט,קילוגרמים,0.00,"ק""ג",true,1,9.90,9.90,true,1,
7296073328902,false,תמר מג'הול יבש 400גרם,,IL,תמר מגהול יבש,גרמים,400.00,100 גרם,false,1,12.90,3.23,true,1,
7296073330974,false,פינצטה לאב יו איכותית,BE NOW,CN,פינצטה לאב יו,יחידה,1.00,יחידה,false,0,19.90,19.90,true,1,
7296073331216,false,מספריים אל חלד לשיער,BE NOW,CN,מספריים לשיער,יחידה,1.00,יחידה,false,0,39.90,39.90,true,1,
7296073331278,false,"פצירת מתכת ""7 ידית שחורה",BE NOW,CN,"פצירת מתכת ""7",יחידה,1.00,יחידה,false,0,14.90,14.90,true,1,
7296073331612,false,מברשת שיער מטקה שחורה,BE NOW,CN,מברשת מטקה שחורה,יחידה,1.00,יחידה,false,0,29.90,29.90,true,1,
7296073331766,false,מברשת ש.התרת קשרים ורודה,BE NOW,CN,מברשת קשרים,יחידה,1.00,יחידה,false,0,34.90,34.90,true,1,
7296073331810,false,מברשת שיער ספרים מקצועית,BE NOW,CN,מברשת שיער ספרים,יחידה,1.00,יחידה,false,0,29.90,29.90,true,1,
7296073331940,false,גומיות שחורות 12 יח,BE NOW,CN,12 גומיות שחורות,יחידה,1.00,יחידה,false,0,9.90,9.90,true,1,
7296073332169,false,16גומיות מגבת קטן צבעוני,BE NOW,CN,16ג.מגבת S צבע,יחידה,1.00,יחידה,false,0,9.90,9.90,true,1,
7296073332176,false,6 גומיות שחור פתוחות,BE NOW,CN,6גומיות ש. פתוח,יחידה,1.00,יחידה,false,0,9.90,9.90,true,1,
7296073332220,false,2גומיות סקונצים עבה שחור,BE NOW,CN,2גומיות סקונצי'ם,יחידה,1.00,יחידה,false,0,14.90,14.90,true,1,
7296073332251,false,3 גומיות מסולסלות שחורות,BE NOW,CN,3גומיות מסולסלות,יחידה,1.00,יחידה,false,0,9.90,9.90,true,1,
7296073332398,false,סיכות תיקתק לבבות,BE NOW,CN,תיקתק לבבות,יחידה,1.00,יחידה,false,0,17.90,17.90,true,1,
7296073332428,false,6 תיקתק לבבות ופינגווין,BE NOW,CN,6תיקתק פינגווין,יחידה,1.00,יחידה,false,0,19.90,19.90,true,1,
7296073332572,false,קליפס בינוני חזק 3 יח,BE NOW,CN,3קליפס M חזק,יחידה,1.00,יחידה,false,0,14.90,14.90,true,1,
7296073332589,false,"קליפס ענק 13 ס""מ",BE NOW,CN,קליפס ענק 13 סמ,יחידה,1.00,יחידה,false,0,14.90,14.90,true,1,
7296073332640,false,קליפס M שחור בצורת רשת,BE NOW,CN,קליפס M שחור רשת,יחידה,1.00,יחידה,false,0,10.90,10.90,true,1,
7296073332671,false,זוג קליפסים שחור,BE NOW,CN,זוג קליפסים שחור,יחידה,1.00,יחידה,false,0,9.90,9.90,true,1,
7296073340096,false,שמפו מפרץ הרפתקאות 1ליטר,,TR,שמפו לילדים,ליטרים,1.00,ליטר,false,1,14.90,14.90,true,1,
7296073340331,false,גליל מטליות אקולוגי 40יח,נועם אורים,IL,גליל מטליות,יחידה,1.00,יחידה,false,1,21.90,21.90,true,1,
7296073341697,false,ממחטות אף לכיס 10 יחידות,שניב תעשיות נייר,IT,ממחטות אף לכיס,יחידה,1.00,יחידה,false,1,7.90,7.90,true,1,
7296073342915,false,פרושוטו בקר 80 גרם,מעדני יחיעם,IL,פרושוטו 80גרם,גרמים,80.00,100 גרם,false,1,18.90,23.63,true,1,
7296073342922,false,קורנביף 120 גרם,,IL,קורנביף 120גרם,גרמים,120.00,100 גרם,false,1,16.90,14.08,true,1,
7296073342939,false,סלמי צרפתי 120גרם,מעדני יחיעם,IL,סלמי צרפתי120גרם,גרמים,120.00,100 גרם,false,1,16.90,14.08,true,1,
7296073342946,false,סלמי סרוולט 120גרם,מעדני יחיעם,IL,סלמי סרוולט,גרמים,120.00,100 גרם,false,1,16.90,14.08,true,1,
7296073342953,false,כתף בקר מפולפל 100 גרם,מעדני יחיעם,IL,כתף בקר 100גרם,גרמים,100.00,100 גרם,false,1,18.90,18.90,true,1,
7296073342977,false,מינוט שווארמה דק דק 300,בלדי,IL,מינוט שואארמה,גרמים,300.00,100 גרם,false,1,26.90,8.97,true,1,
7296073343134,false,אל סבון ההרפתקאות ורוד1ל,אמיליה קוסמטיקס,TR,אל סבון ורוד,ליטרים,1.00,ליטר,false,1,14.90,14.90,true,1,
7296073343202,false,פריכיות כוסמת שופרסל160ג,פרח תעשיות מזון,IL,פריכיות כוסמת,גרמים,160.00,100 גרם,false,1,8.90,5.56,true,1,
7296073343219,false,פריכיות אורז מלא 310 גרם,פרח תעשיות מזון,IL,פריכיות שופרסל,גרמים,310.00,100 גרם,false,1,15.90,5.13,true,1,
7296073343462,false,"קרם חמצן 6% 60 מ""ל",,IL,קרם חמצן 6%,מיליליטרים,60.00,"100 מ""ל",false,1,3.90,6.50,true,1,
7296073343479,false,"קרם חמצן 9% 60 מ""ל",,IL,קרם חמצן 9%,מיליליטרים,60.00,"100 מ""ל",false,1,3.90,6.50,true,1,
7296073343486,false,אבקת הבהרה לשיער 10 גרם,,IL,אבקת הבהרה לשיער,גרמים,10.00,100 גרם,false,1,7.90,79.00,true,1,
7296073343493,false,כדורי צמר גפן 100 יח',BE NOW,IL,כדורי צמר גפן,יחידה,1.00,יחידה,false,1,9.90,9.90,true,1,
7296073343653,false,"מסיר לק קלאסי 175 מ""ל BE",,TR,מסיר לק קלאסי,מיליליטרים,175.00,"100 מ""ל",false,1,7.90,4.52,true,1,
7296073343660,false,Be מסיר לק לא אציטון175מ,,TR,מסיר לק ללא אציט,מיליליטרים,175.00,"100 מ""ל",false,1,10.90,6.23,true,1,
7296073343684,false,Be מסיר לק משאבה 150מל,,TR,מסיר לק משאבה,מיליליטרים,150.00,"100 מ""ל",false,1,7.90,5.27,true,1,
7296073344469,false,שבבי שוקולד מריר 250 גרם,מיה,IL,שבבי שוקולד,גרמים,250.00,100 גרם,false,1,8.90,3.56,true,1,
7296073344841,false,"מרסס לניקוי כללי 750 מ""ל",קליר כימיקלים,IL,מרסס לניקוי כללי,מיליליטרים,750.00,"100 מ""ל",false,1,11.90,1.59,true,1,
7296073345060,false,לחם לבן ללא גלוטן 500 גר,גידרון,IL,לחם לבן ל.גלוטן,גרמים,500.00,100 גרם,false,1,15.90,3.18,true,1,
7296073345145,false,בסיס פיצה אישי ל.ג120*3ג,גידרון,IL,בסיס לפיצה 3 יח,גרמים,360.00,100 גרם,false,1,15.90,4.42,true,1,
7296073345299,false,משחת שיניים מלבינה 100מל,,BG,משחת שיניים,מיליליטרים,100.00,"100 מ""ל",false,1,8.90,8.90,true,1,
7296073345305,false,משחת שיניים פרופ+הרבל100,,BG,משחת שיניים הרבל,מיליליטרים,100.00,"100 מ""ל",false,1,8.90,8.90,true,1,
7296073345329,false,משחת שיניים טריפל 250 מל,,BG,משחת שיניים טריפ,מיליליטרים,250.00,"100 מ""ל",false,1,14.90,5.96,true,1,
7296073345336,false,משחת שיניים לילדים 2-6,שופרסל,BG,משחת שיניים KIDS,מיליליטרים,50.00,"100 מ""ל",false,1,8.90,17.80,true,1,
7296073345381,false,מברשות שיניים 3 יחידות,,TR,מברשות שיניים3יח,יחידה,1.00,יחידה,false,1,12.90,12.90,true,1,
7296073345398,false,מברשת שיניים מבריקה,,TR,מברשת שיניים,יחידה,1.00,יחידה,false,1,11.90,11.90,true,1,
7296073345404,false,מברשת שיניים חשמלית,,CN,מברשת שינ.חשמלית,יחידה,1.00,יחידה,false,1,34.90,34.90,true,1,
7296073345459,false,קיסמים עם חוט בשקית50יח,,CN,קיסמים עם חוט,יחידה,1.00,יחידה,false,1,9.90,9.90,true,1,
7296073345466,false,32 קיסמי פלסטיק מברשת,,CN,קיסמי פלסטיק,יחידה,1.00,יחידה,false,1,13.90,13.90,true,1,
7296073345480,false,חוט דנטלי שעווה מנטה 50מ,,CN,חוט דנטלי מנטה,מטרים,50.00,מטר,false,1,8.90,0.18,true,1,
7296073345732,false,טופו אורגני גרין 300 גרם,כפרי בריא משק ויילר,IL,טופו אורגני,גרמים,300.00,100 גרם,false,1,9.90,3.30,true,1,
7296073345749,false,טופו רך גרין 300 גרם,כפרי בריא משק ויילר,IL,טופו רך,גרמים,300.00,100 גרם,false,1,8.90,2.96,true,1,
7296073345763,false,טופו טעם טבעי 300 גרם,כפרי בריא משק ויילר,IL,טופו טעם טבעי,גרמים,300.00,100 גרם,false,1,8.90,2.96,true,1,
7296073345787,false,בייגלה שמיניות מלוח200ג,,IL,בייגלה שמיניות,גרמים,200.00,100 גרם,false,1,4.90,2.45,true,1,
7296073345794,false,בייגלה אצבעות שומשום200ג,,IL,בייגלה אצבעות,גרמים,200.00,100 גרם,false,1,4.90,2.45,true,1,
7296073345800,false,בייגלה שטוח עם מלח 200 ג,,IL,בייגלה שטוח,גרמים,200.00,100 גרם,false,1,4.90,2.45,true,1,
7296073345817,false,בייגלה שטוח שומשום 200גר,,IL,בייגלה שטוח,גרמים,200.00,100 גרם,false,1,4.90,2.45,true,1,
7296073345947,false,"מדביר יתושים 630 מ""ל",,IL,מדביר יתושים,מיליליטרים,630.00,"100 מ""ל",false,1,16.90,2.68,true,1,
7296073345961,false,"מדביר תיקנים 630 מ""ל",,IL,מדביר תיקנים,מיליליטרים,630.00,"100 מ""ל",false,1,17.90,2.84,true,1,
7296073345985,false,רול און דוחה יתושים 70מל,,IL,רול און ד.יתושים,מיליליטרים,70.00,"100 מ""ל",false,1,13.90,19.86,true,1,
7296073346333,false,עוגות אישיות קרם חלב350ג,קסליני,IT,עוגות אישיות,גרמים,350.00,100 גרם,false,1,12.90,3.69,true,1,
7296073346340,false,עוגות אישיות קרם שוקו350,קסליני,IT,עוגות אישיות,גרמים,350.00,100 גרם,false,1,12.90,3.69,true,1,
7296073346760,false,שקיות אשפה כתום 2 * 10יח,אשפלסט,IL,שקיות אשפה,יחידה,1.00,יחידה,false,1,21.90,21.90,true,1,
7296073346777,false,שקיות רב שימושיות 300 יח,אשפלסט,IL,שקיות רב שימושי,יחידה,1.00,יחידה,false,1,12.50,12.50,true,1,
7296073347453,false,פטרוזליה יחידה,תנובות לכיש,IL,פטרוזליה,יחידה,1.00,יחידה,false,1,3.90,3.90,true,1,
7296073347460,false,שמיר יחידה,תנובות לכיש,IL,שמיר,יחידה,1.00,יחידה,false,1,3.90,3.90,true,1,
7296073347477,false,כוסברה,תנובות לכיש,IL,כוסברה,יחידה,1.00,יחידה,false,1,3.90,3.90,true,1,
7296073347484,false,נענע,תנובות לכיש,IL,נענע,יחידה,1.00,יחידה,false,1,3.90,3.90,true,1,
7296073348023,false,שבבי שקדים מולבנים 100ג,,US,שבבי שקד מולבן,גרמים,100.00,100 גרם,false,1,12.90,12.90,true,1,
7296073348221,false,מטהר אויר נטול גז 350מל,,IL,מטהר אויר נ.גז,מיליליטרים,350.00,"100 מ""ל",false,1,10.90,3.11,true,1,
7296073348238,false,מטהר אויר נטול גז לבנדר,,IL,מטהר אויר נ.גז,מיליליטרים,350.00,"100 מ""ל",false,1,10.90,3.11,true,1,
7296073348245,false,מטהר אויר אלוורה 350מל,,IL,מטהר אויר נ.גז,מיליליטרים,350.00,"100 מ""ל",false,1,10.90,3.11,true,1,
7296073348955,false,ספגטי אמר אורגני 500 גרם,,IT,ספגטי אמר אורגני,גרמים,500.00,100 גרם,false,1,12.90,2.58,true,1,
7296073348962,false,פסטה אמר פנה אורגני500גר,,IT,פסטה פנה אורגני,גרמים,500.00,100 גרם,false,1,12.90,2.58,true,1,
7296073349396,false,דובדבנים חמוצים סירופ680,,HU,דובדבנים חמוצים,גרמים,680.00,100 גרם,false,1,11.90,1.75,true,1,
7296073352150,false,פנה עדשים אדומות 250ג,,IT,פנה עדשים אדומות,גרמים,250.00,100 גרם,false,1,11.90,4.76,true,1,
7296073352167,false,פוזילי אפונה גרין 250גר,,IT,פוזילי אפונה ללג,גרמים,250.00,100 גרם,false,1,11.90,4.76,true,1,
7296073352839,false,מפיות חד שכבתי 100 יחידו,,IL,מפיות חד שכבתי,יחידה,1.00,יחידה,false,1,7.90,7.90,true,1,
7296073352846,false,"מפיות חד שכבתי 100 יח,'",,IL,מפיות,יחידה,1.00,יחידה,false,1,7.90,7.90,true,1,
7296073352853,false,מפיות נייר חד שכבתי,,IL,מפיות חד שכבתי,יחידה,1.00,יחידה,false,1,7.90,7.90,true,1,
7296073352860,false,מפיות נשלפות בדיספנסר,,IL,מפיות בדיספנסר,יחידה,1.00,יחידה,false,1,4.90,4.90,true,1,
7296073359234,false,גרעיני תירס מתוק 340 גרם,,HU,גרעיני תירס מתוק,גרמים,340.00,100 גרם,false,1,4.90,1.44,true,1,
7296073359838,false,עוגיות מקלות מרוקאיות500,גידרון,IL,עוגיות מרוקאיות,גרמים,500.00,100 גרם,false,1,15.90,3.18,true,1,
7296073359852,false,עוגיות גרנולה 500 גרם,,IL,עוגיות גרנולה,גרמים,500.00,100 גרם,false,1,15.90,3.18,true,1,
7296073359876,false,עוג.פרפריות ט.שוקולד500ג,,IL,עוגיות פרפריות,גרמים,500.00,100 גרם,false,1,15.90,3.18,true,1,
7296073359883,false,עוגיות פרפריות 500 גרם,,IL,עוגיות פרפריות,גרמים,500.00,100 גרם,false,1,15.90,3.18,true,1,
7296073359890,false,עוגיות מקלות מלוחים500ג,,IL,עוגיות מלוחות,גרמים,500.00,100 גרם,false,1,15.90,3.18,true,1,
7296073359906,false,עוג.כתר ריבה טעם תות500ג,,IL,עוגיות ריבה,גרמים,500.00,100 גרם,false,1,15.90,3.18,true,1,
7296073359920,false,עוגיות שוקוצ'יפס 500 גרם,,IL,עוגיות שוקוצ'יפס,גרמים,500.00,100 גרם,false,1,15.90,3.18,true,1,
7296073359937,false,עוגיות מעמול תמרים 500גר,,IL,עוגיות מעמול תמר,גרמים,500.00,100 גרם,false,1,15.90,3.18,true,1,
7296073361350,false,שמפו ללא מלחים רגיל 100,"א.מ.ש.י תעשיות בע""מ",IL,שמפו ללא מלח,מיליליטרים,100.00,"100 מ""ל",false,1,9.90,9.90,true,1,
7296073361671,false,רוטב ברביקיו 510 גרם,,US,רוטב ברביקיו,גרמים,510.00,100 גרם,false,1,11.90,2.33,true,1,
7296073361916,false,אגס ישראלי ארוז,קטיף.,IL,אגס ישראלי ארוז,קילוגרמים,0.00,"ק""ג",true,1,7.90,7.90,true,1,
7296073362036,false,אבקת שוקו מפרץ ההרפתקאות,,IL,אבקת שוקו,גרמים,500.00,100 גרם,false,1,10.80,2.16,true,1,
7296073362630,false,אקונומיקה סופר מבושמת 4ל,קומפלקס כימיקלים,IL,אקונומיקה מבושמת,ליטרים,4.00,ליטר,false,1,9.90,2.48,true,1,
7296073362647,false,אקונומיקה סמיכה שופרסל4ל,קומפלקס כימיקלים,IL,אקונומיקה סמיכה,ליטרים,4.00,ליטר,false,1,13.90,3.48,true,1,
7296073362654,false,אקונומיקה שופרסל 4 ליטר,קומפלקס כימיקלים,IL,אקונומיקה מבושמת,ליטרים,4.00,ליטר,false,1,8.90,2.23,true,1,
7296073362739,false,חמאת בוטנים 510 גרם,יונייטד פודס,IN,חמאת בוטנים,גרמים,510.00,100 גרם,false,1,14.90,2.92,true,1,
7296073362784,false,סלרי ראש,תנובות לכיש,IL,סלרי ראש,יחידה,1.00,יחידה,false,1,5.90,5.90,true,1,
7296073362807,false,פזיל / מנגולד יחידה,תנובות לכיש,IL,פזיל / מנגולד,יחידה,1.00,יחידה,false,1,5.90,5.90,true,1,
7296073362821,false,סב.ידיים בצבעי פסטל500*3,טאהא קימיה,TR,סבון ידיים 3 יח,ליטרים,1.50,ליטר,false,1,13.90,9.27,true,1,
7296073362890,false,בייבי גאודה 31% 280 גרם,הנרי ויליך,NL,בייבי גאודה,גרמים,280.00,100 גרם,false,1,31.90,11.39,true,1,
7296073362920,false,בייבי גאודה שום31% 280ג,הנרי ויליך,NL,בייבי גאודה,גרמים,280.00,100 גרם,false,1,31.90,11.39,true,1,
7296073362944,false,אבקת אפיה שופרסל 10*10 י,,IL,אבקת אפיה 10 יח,גרמים,100.00,100 גרם,false,1,3.00,3.00,true,1,
7296073362951,false,סוכר וניל שופרסל 10*10גר,ר.ס-.חברה ליבוא וייצור מ,IL,סוכר וניל 10 יח,גרמים,100.00,100 גרם,false,1,2.80,2.80,true,1,
7296073362975,false,אבקת סוכר שופרסל 100 גרם,ר.ס-.חברה ליבוא וייצור מ,IL,אבקת סוכר,גרמים,100.00,100 גרם,false,1,2.00,2.00,true,1,
7296073363194,false,Be מסכה לשיער יבש500מל,א.משי תעשיות,IL,מסכה לשיער יבשBE,מיליליטרים,500.00,"100 מ""ל",false,1,29.90,5.98,true,1,
7296073363200,false,Be מסכה לשיער מוחלק 500מ,א.משי תעשיות,IL,מסכה לשיער יבשBE,מיליליטרים,500.00,"100 מ""ל",false,1,29.90,5.98,true,1,
7296073363217,false,Beשמפו לשיער מוחלק 500מל,,IL,שמפו לשיער יבשBE,מיליליטרים,500.00,"100 מ""ל",false,1,19.90,3.98,true,1,
7296073363224,false,שמפו לשיער יבש BE 500,א.משי תעשיות,IL,שמפו לשיער יבשBE,מיליליטרים,500.00,"100 מ""ל",false,1,19.90,3.98,true,1,
7296073363231,false,שמפו לשיער רגילBE 500,א.משי תעשיות,IL,שמפו לשיער רגיBE,מיליליטרים,500.00,"100 מ""ל",false,1,19.90,3.98,true,1,
7296073363248,false,מרכך לשיער רגילBE 500,א.משי תעשיות,IL,מרכך לשיער רגיBE,מיליליטרים,500.00,"100 מ""ל",false,1,19.90,3.98,true,1,
7296073363262,false,"מרכך לשיער מוחלק 500 מ""ל",א.משי תעשיות,IL,מרכך לשיער יבש,מיליליטרים,500.00,"100 מ""ל",false,1,19.90,3.98,true,1,
7296073363705,false,שמפו לילדים סירוק קל750מ,BE NOW,IL,שמפו לילדים לסיר,מיליליטרים,750.00,"100 מ""ל",false,1,14.90,1.99,true,1,
7296073363712,false,מרכך לילדים סירוק קל750מ,BE NOW,IL,מרכך שיער לילדים,מיליליטרים,750.00,"100 מ""ל",false,1,14.90,1.99,true,1,
7296073363736,false,BE קרם מתיר קשרים לילד,BE NOW,IL,קרם מתיר קשרים,מיליליטרים,400.00,"100 מ""ל",false,1,10.00,2.50,true,1,
7296073363804,false,Be רצועות להסרת שיער50יח,BE NOW,IL,Be רצועות להסרת,יחידה,1.00,יחידה,false,1,15.90,15.90,true,1,
7296073363989,false,"סכיני גילוח חד""פ לאשה5יח",,US,"סכיני גילוח חד""פ",יחידה,1.00,יחידה,false,1,9.90,9.90,true,1,
7296073363996,false,"סכיני גילוח חד""פ לגבר5יח",,US,"סכיני גילוח חד""פ",יחידה,1.00,יחידה,false,1,9.90,9.90,true,1,
7296073364177,false,"שקיות זיפר 20*20 ס""מ",,CN,שקיות זיפר 50יח,יחידה,1.00,יחידה,false,1,9.90,9.90,true,1,
7296073364184,false,"שקיות סלייד 25*20 ס""מ 30",,CN,שקיות סלייד,יחידה,1.00,יחידה,false,1,13.90,13.90,true,1,
7296073364351,false,חומוס גדול זיפר 500 גרם,,IL,חומוס גדול,גרמים,500.00,100 גרם,false,1,6.50,1.30,true,1,
7296073364368,false,חומוס ענק לבן זיפר 500גר,,IL,חומוס ענק לבן,גרמים,500.00,100 גרם,false,1,7.90,1.58,true,1,
7296073364375,false,חיטה זיפר שופרסל 500 גרם,מיה,IL,חיטה,גרמים,500.00,100 גרם,false,1,5.00,1.00,true,1,
7296073364429,false,שעועית לבנה זיפר 500 גרם,,IL,שעועית לבנה,גרמים,500.00,100 גרם,false,1,10.00,2.00,true,1,
7296073364436,false,שעועית לבנה זיפר 900 גרם,,IL,שעועית לבנה,גרמים,900.00,100 גרם,false,1,13.90,1.54,true,1,
7296073364467,false,שעועית מעורבת זיפר 500גר,,IL,שעועית מעורבת,גרמים,500.00,100 גרם,false,1,12.80,2.56,true,1,
7296073364481,false,"אפונה ירוקה זיפר 1 ק""ג",,IL,אפונה ירוקה,קילוגרמים,1.00,"ק""ג",false,1,7.80,7.80,true,1,
7296073364511,false,"חיטה זיפר שופרסל 1 ק""ג",מיה,IL,חיטה,קילוגרמים,1.00,"ק""ג",false,1,7.80,7.80,true,1,
7296073364542,false,"אורז לבן עגול זיפר 1 ק""ג",,IL,אורז לבן עגול,קילוגרמים,1.00,"ק""ג",false,1,7.50,7.50,true,1,
7296073364559,false,"אורז פרסי מלא זיפר 1 ק""ג",,IL,אורז פרסי מלא,קילוגרמים,1.00,"ק""ג",false,1,8.00,8.00,true,1,
7296073364573,false,פופקורן באריזת זיפר,מיה,IL,פופקורן,גרמים,500.00,100 גרם,false,1,5.20,1.04,true,1,
7296073364610,false,שעועית ארגנטינאית זיפ500,,IL,שעועית ארגנטינאי,גרמים,500.00,100 גרם,false,1,9.80,1.96,true,1,
7296073364719,false,משחת שיניים לילדים גיל 6,MENUFACLURER,BG,משחת שיניים לילד,מיליליטרים,50.00,"100 מ""ל",false,1,8.90,17.80,true,1,
7296073365099,false,"כוס גדולה לאירוח 330 מ""ל",,CN,כוסות גדולות,יחידה,1.00,יחידה,false,1,17.90,17.90,true,1,
7296073365266,false,בייבי גאודה פסטו 280 גרם,הנרי ויליך,NL,בייבי גאודה פסטו,גרמים,280.00,100 גרם,false,1,31.90,11.39,true,1,
7296073365471,false,פותח סתימות 1 ליטר,,IL,פותח סתימות,ליטרים,1.00,ליטר,false,1,15.90,15.90,true,1,
7296073365563,false,פסטה קונקיליוני 500 גרם,,IT,פסטה קונקיליוני,גרמים,500.00,100 גרם,false,1,11.90,2.38,true,1,
7296073365730,false,מאגדת מצופה בננה 8יח,גלידות פלדמן,IL,מאגדת מצופה בננה,גרמים,560.00,100 גרם,false,1,17.90,3.19,true,1,
7296073365747,false,מאגדת מצופים שוקולד 8 יח,גלידות פלדמן,IL,מאגדת מצופים שוק,גרמים,560.00,100 גרם,false,1,17.90,3.19,true,1,
7296073365754,false,מאגדת גביע ופל וניל 260,גלידות פלדמן,IL,מאגדת גביע ופל,גרמים,260.00,100 גרם,false,1,17.90,6.88,true,1,
7296073365792,false,מאגדת מיני בר וניל 5 יח,גלידות פלדמן,IL,מאגדת מיני בר,גרמים,300.00,100 גרם,false,1,21.90,7.30,true,1,
7296073365808,false,מאגדת מיני ברשוקולד 5 יח,גלידות פלדמן,IL,מאגדת מיני בר,גרמים,300.00,100 גרם,false,1,21.90,7.30,true,1,
7296073365907,false,קורנפלור ללא גלוטן 500 ג,,IL,"קורנפלור לל""ג",גרמים,500.00,100 גרם,false,1,9.90,1.98,true,1,
7296073365914,false,קמח אורז לבן ל.גלוטן 500,,IL,"קמח אורז לל""ג",גרמים,500.00,100 גרם,false,1,9.90,1.98,true,1,
7296073365938,false,קמח טפיוקה498 גרם,,IL,קמח טפיוקה,גרמים,498.00,100 גרם,false,1,10.90,2.19,true,1,
7296073366898,false,גבינת קממבר 200 גרם,,FR,גבינת קמבבר,גרמים,200.00,100 גרם,false,1,21.90,10.95,true,1,
7296073367154,false,נקניקיות מרגז 400 גרם,טיבון ויל אחזקות בעמ,IL,נקניקיות מרגז,גרמים,400.00,100 גרם,false,1,19.90,4.98,true,1,
7296073367185,false,חטיף לכלב מקלות עוף 80 ג,,CN,חטיף לכלב,גרמים,80.00,100 גרם,false,1,14.90,18.63,true,1,
7296073367192,false,חטיף לכלב פילה עוף מיובש,,CN,חטיף לכלב,גרמים,80.00,100 גרם,false,1,14.90,18.63,true,1,
7296073367208,false,חטיף לכלב פילה ברווז 80,,CN,חטיף לכלב,גרמים,80.00,100 גרם,false,1,14.90,18.63,true,1,
7296073367215,false,חטיף לכלב עוף ודגים 80 ג,,CN,חטיף לכלב,גרמים,80.00,100 גרם,false,1,14.90,18.63,true,1,
7296073367239,false,חטיף לכלב סושי עוף 80 גר,,CN,חטיף לכלב,גרמים,80.00,100 גרם,false,1,14.90,18.63,true,1,
7296073367246,false,חטיף לכלב כוכבי ברווז 80,,CN,חטיף לכלב,גרמים,80.00,100 גרם,false,1,14.90,18.63,true,1,
7296073367260,false,חטיף לכלב משקולות עוף 80,,CN,חטיף לכלב,גרמים,80.00,100 גרם,false,1,14.90,18.63,true,1,
7296073367277,false,חטיף לכלב מיני נקניקיות,LTD J.M.P.P.S,CN,חטיף לכלב,גרמים,80.00,100 גרם,false,1,14.90,18.63,true,1,
7296073367284,false,חטיף פילה עוף לכלב250 גר,,CN,חטיף לכלב,גרמים,250.00,100 גרם,false,1,25.90,10.36,true,1,
7296073367291,false,חטיף חזה ברווז לכלב 250,,CN,חטיף לכלב,גרמים,250.00,100 גרם,false,1,25.90,10.36,true,1,
7296073367314,false,נגיסי סלמון בצורת חתול50,,CN,חטיף לחתול,גרמים,50.00,100 גרם,false,1,10.90,21.80,true,1,
7296073367321,false,חטיף לחתול נגיסי סלמון,,CN,חטיף לחתול,גרמים,50.00,100 גרם,false,1,10.90,21.80,true,1,
7296073368465,false,פיצה מרגריטה 320 גרם,סוילה אס.אר.אל,IT,פיצה מרגריטה,יחידה,1.00,יחידה,false,1,16.90,16.90,true,1,
7296073368472,false,פיצה מרגריטה עם זיתים יר,סוילה אס.אר.אל,IT,פיצה מרגריטה עם,גרמים,340.00,100 גרם,false,1,16.90,4.97,true,1,
7296073368496,false,אורז בסמטי בסגנון מרוקאי,,IL,אורז בסמטי מתובל,גרמים,400.00,100 גרם,false,1,11.90,2.98,true,1,
7296073368502,false,אורז בסמטי בסגנון בוכרי,,IL,אורז בסמטי מתובל,גרמים,400.00,100 גרם,false,1,11.90,2.98,true,1,
7296073368519,false,אורז בסמטי בתיבול ירקות,,IL,אורז בסמטי מתובל,גרמים,400.00,100 גרם,false,1,11.90,2.98,true,1,
7296073368526,false,אורז בסמטי בסגנון מג'דרה,,IL,אורז בסמטי מתובל,גרמים,400.00,100 גרם,false,1,11.90,2.98,true,1,
7296073368533,false,אורז בסמטי בסגנון פרסי,,IL,אורז בסמטי מתובל,גרמים,400.00,100 גרם,false,1,11.90,2.98,true,1,
7296073368557,false,ממרח עגבניות עם פרמזן190,,IT,ממרח עגבניות,גרמים,190.00,100 גרם,false,1,11.90,6.26,true,1,
7296073368670,false,מגבונים לחים מארז ענק 12,,IL,מגבונים לחים12יח,יחידה,1.00,יחידה,false,1,37.80,37.80,true,1,
7296073368830,false,טורטיות מקמח חיטה 320 גר,,RS,טורטייה,גרמים,320.00,100 גרם,false,1,9.90,3.09,true,1,
7296073368861,false,קוואקר דק מהיר הכנה500ג,,IL,קוואקר דק,גרמים,500.00,100 גרם,false,1,7.90,1.58,true,1,
7296073368878,false,קוואקר עבה 500 גרם,,IL,קוואקר עבה,גרמים,500.00,100 גרם,false,1,7.90,1.58,true,1,
7296073369004,false,פטריות סטייק פורטובלה,מרינה,IL,פטריות פורטובלה,גרמים,320.00,100 גרם,false,1,15.90,4.97,true,1,
7296073369035,false,קבוקים בציפוי שומשום400ג,,IL,קבוקים שומשום,גרמים,400.00,100 גרם,false,1,11.90,2.98,true,1,
7296073369592,false,תרסיס חיטוי וניקוי 750מל,,IL,תרסיס חיטוי כללי,מיליליטרים,750.00,"100 מ""ל",false,1,14.90,1.99,true,1,
7296073369622,false,"תרסיס חיטוי כללי 400 מ""ל",,IL,תרסיס חיטוי כללי,מיליליטרים,400.00,"100 מ""ל",false,1,19.90,4.98,true,1,
7296073369639,false,ערמונים קלופים קלויים100,,CN,ערמונים קלופים,גרמים,100.00,100 גרם,false,1,6.90,6.90,true,1,
7296073370253,false,פטריות שמפניון,מרינה,IL,פטריות שמפניון,גרמים,220.00,100 גרם,false,1,8.90,4.05,true,1,
7296073371892,false,קטשופ שופרסל 750 גרם,קונסרבאס סילביה,FR,קטשופ שופרסל,גרמים,750.00,100 גרם,false,1,8.90,1.19,true,1,
7296073372028,false,לפתן אפרסק 4 * 113 גרם,,CN,לפתן אפרסק,גרמים,452.00,100 גרם,false,1,9.90,2.19,true,1,
7296073372059,false,קפסולות אתיופיה לנספר50ג,DELICA,CH,קפסולות אתיופיה,גרמים,50.00,100 גרם,false,1,14.90,29.80,true,1,
7296073372073,false,קפסולות מס DOPPIO 11,DELICA,CH,קפסולות דפיו,גרמים,50.00,100 גרם,false,1,14.90,29.80,true,1,
7296073372097,false,קפסולות קולומביה 50 גרם,DELICA,CH,קפסולות קולומביה,גרמים,50.00,100 גרם,false,1,14.90,29.80,true,1,
7296073372103,false,קפסולות מס RISTRETTO 10,DELICA,CH,קפסולות ריסטרטו,גרמים,50.00,100 גרם,false,1,14.90,29.80,true,1,
7296073372158,false,צמד פטריות פורטובלה ושמפ,מרינה,IL,צמד פטריות,גרמים,420.00,100 גרם,false,1,15.90,3.79,true,1,
7296073372165,false,גלילים לאיסוף צרכים 3 יח,,CN,גלילים לא.צרכים,יחידה,1.00,יחידה,false,1,10.90,10.90,true,1,
7296073372172,false,קערת נירוסטה קטנה יחידה,,IN,קערת נירוסטה,יחידה,1.00,יחידה,false,1,10.90,10.90,true,1,
7296073372226,false,קולר לחתול יחידה,,CN,קולר לחתול,יחידה,1.00,יחידה,false,1,10.90,10.90,true,1,
7296073372233,false,"שמפו לכלב אלוורה 250 מ""ל",,CN,שמפו לכלב,מיליליטרים,250.00,"100 מ""ל",false,1,22.90,9.16,true,1,
7296073372240,false,מברשת לפרווה שיער ארוך,,CN,מברשת לפרווה,יחידה,1.00,יחידה,false,1,21.90,21.90,true,1,
7296073372271,false,שמנת לבישול נ.לקטוז250מל,,IL,שמנת לבישול15%,מיליליטרים,250.00,"100 מ""ל",false,1,7.50,3.00,true,1,
7296073372486,false,משקה אורז שקדים אורגני1ל,ליקואטס וגטאלס,ES,משקה אורז שקדים,ליטרים,1.00,ליטר,false,1,11.90,11.90,true,1,
7296073372509,false,משקה אורז אורגני 1 ליטר,ליקואטס וגטאלס,ES,משקה אורז אורגני,ליטרים,1.00,ליטר,false,1,11.90,11.90,true,1,
7296073372516,false,"משקה סויה אורגני ללת""ס1ל",ליקואטס וגטאלס,ES,משקה סויה אורגני,ליטרים,1.00,ליטר,false,1,11.90,11.90,true,1,
7296073372523,false,משקה שקדים אורגני 1 ליטר,ליקואטס וגטאלס,ES,משקה שקדים,ליטרים,1.00,ליטר,false,1,11.90,11.90,true,1,
7296073372530,false,"משקה שקדים ללת""ס 1 ליטר",ליקואטס וגטאלס,ES,"משקה שקדים ללת""ס",ליטרים,1.00,ליטר,false,1,11.90,11.90,true,1,
7296073372547,false,משקה ש.שועל שקדים 1 ליטר,ליקואטס וגטאלס,ES,משקה שיבולת שועל,ליטרים,1.00,ליטר,false,1,11.90,11.90,true,1,
7296073372554,false,משקה ש.שועל אורגני 1ליטר,ליקואטס וגטאלס,ES,משקה שיבולת שועל,ליטרים,1.00,ליטר,false,1,11.90,11.90,true,1,
7296073373421,false,קצף אקונומיקה 1 ליטר,קומפלקס כימיקלים,IL,קצף אקונומיקה,ליטרים,1.00,ליטר,false,1,12.70,12.70,true,1,
7296073373476,false,ברוקולי ארוז,,IL,ברוקולי ארוז,גרמים,350.00,100 גרם,false,1,10.90,3.11,true,1,
7296073375661,false,בקבוק לגדולים עם קשית,LUV.N`CARE,CN,בקבוק,יחידה,1.00,יחידה,false,1,42.90,42.90,true,1,
7296073376248,false,סינר מעוצב עם כיס ונשכן,LUV.N`CARE,CN,סינר עם סקוטש,יחידה,1.00,יחידה,false,1,24.90,24.90,true,1,
7296073376286,false,מברשת שיניים ילדים2-5,,TR,מברשת שיניים,יחידה,1.00,יחידה,false,1,8.90,8.90,true,1,
7296073376477,false,כוסות מהודרות כסף/זהב 10,,CN,כוסות מהודרות,יחידה,1.00,יחידה,false,1,12.90,12.90,true,1,
7296073377214,false,חסה לבבות קיסר,ביכורי השדה הצפון בעמ` 1964,IL,חסה לבבות קיסר,גרמים,400.00,100 גרם,false,1,9.90,2.48,true,1,
7296073377269,false,פולי סויה אדממה 454 גרם,,CN,פולי סויה אדממה,גרמים,454.00,100 גרם,false,1,11.90,2.62,true,1,
7296073379317,false,ג'ל כביסה מרוכז ורוד3ל,,IL,ג'ל כביסה מרוכז,ליטרים,3.00,ליטר,false,1,24.90,8.30,true,1,
7296073379331,false,רוטב לסלט ויניגרט חרדל,"פרסקו חצבה 2006 בע""\מ",IL,ויניגרט חרדל,גרמים,280.00,100 גרם,false,1,12.90,4.61,true,1,
7296073379348,false,רוטב לסלט ויניגרט הדרים,"פרסקו חצבה 2006 בע""\מ",IL,רוטב לסלט הדרים,גרמים,300.00,100 גרם,false,1,12.90,4.30,true,1,
7296073379362,false,רוטב לסלט קיסר,"פרסקו חצבה 2006 בע""\מ",IL,רוטב לסלט קיסר,מיליליטרים,280.00,"100 מ""ל",false,1,12.90,4.61,true,1,
7296073379560,false,אטריות שעועית ל.גלוטן250,,CN,אטריות שעועית,גרמים,250.00,100 גרם,false,1,7.90,3.16,true,1,
7296073379584,false,סינטה דק דק 250 גרם,,IL,סינטה דק דק,גרמים,250.00,100 גרם,false,1,24.90,9.96,true,1,
7296073379683,false,אגוז מוסקט טחון 40 גרם,א.ל ייצור ושיווק תבלינים,IL,אגוז מוסקט טחון,גרמים,40.00,100 גרם,false,1,14.90,37.25,true,1,
7296073379751,false,שקיות סלייד XL,,CN,שקיות סלייד,יחידה,1.00,יחידה,false,1,17.90,17.90,true,1,
7296073380153,false,עגבניות שרי מנומר יחידה,עידו נחום,IL,שרי מנומר,גרמים,460.00,100 גרם,false,1,9.90,2.15,true,1,
7296073380160,false,עגבניה שרי כתום,עידו נחום,IL,עגבניות שרי כתום,גרמים,460.00,100 גרם,false,1,9.90,2.15,true,1,
7296073380665,false,מברשת התרת קשרים שחורה,BE NOW,CN,מברשת התרת קשרים,יחידה,1.00,יחידה,false,1,34.90,34.90,true,1,
7296073380818,false,Be ג'ל רחצה אבוקדו 700 מ,קוסמטיקס,TR,Be ג'ל רחצה,מיליליטרים,700.00,"100 מ""ל",false,1,13.90,1.99,true,1,
7296073380825,false,Be ג'ל רחצה מקדמיה 700מ,קוסמטיקס,TR,Be ג'ל רחצה,מיליליטרים,700.00,"100 מ""ל",false,1,13.90,1.99,true,1,
7296073380832,false,Be ג'ל רחצה אורכידאה 700,קוסמטיקס,TR,Be ג'ל רחצה,מיליליטרים,700.00,"100 מ""ל",false,1,13.90,1.99,true,1,
7296073380887,false,דאו לגבר Boy Beach 150,סאסא קוסמטיקס,,דאו לגבר,יחידה,1.00,יחידה,false,0,11.90,11.90,true,1,
7296073380894,false,דאו לגבר Vib Morning 150,סאסא קוסמטיקס,,דאו לגבר,יחידה,1.00,יחידה,false,0,11.90,11.90,true,1,
7296073380900,false,רצועות שעווה לע.עדין 16י,VIOCOX,ES,רצועות שעווה,יחידה,1.00,יחידה,false,1,19.90,19.90,true,1,
7296073380924,false,רצועות שעווה לעור יבש 16,VIOCOX,ES,רצועות שעווה,יחידה,1.00,יחידה,false,1,19.90,19.90,true,1,
7296073380931,false,ג'ל אלכוהול 70%בניחוח ים,,TR,ג'ל אלכוהול 70%ב,מיליליטרים,500.00,"100 מ""ל",false,1,14.90,2.98,true,1,
7296073380948,false,ג'ל אלכוהול 70%בניחוח ים,,TR,ג'ל אלכוהול 70%ב,מיליליטרים,200.00,"100 מ""ל",false,1,7.90,3.95,true,1,
7296073381174,false,מברשת ספרים עם שיער .,BE NOW,CN,מברשת ספרים,יחידה,1.00,יחידה,false,1,34.90,34.90,true,1,
7296073381228,false,"תחליב רחצה Rose 700 מ""ל",שופרסל,TR,תחליב רחצה,מיליליטרים,700.00,"100 מ""ל",false,1,11.90,1.70,true,1,
7296073381235,false,תחליב רחצה Vanilla 700מ,שופרסל,TR,תחליב רחצה,מיליליטרים,700.00,"100 מ""ל",false,1,11.90,1.70,true,1,
7296073381242,false,"תחליב רחצה Cotton700מ""",שופרסל,TR,תחליב רחצה,מיליליטרים,700.00,"100 מ""ל",false,1,11.90,1.70,true,1,
7296073381747,false,עדשים שחורות אורגניות500,,IL,עדשים שחורות,גרמים,500.00,100 גרם,false,1,14.90,2.98,true,1,
7296073383604,false,חליטת קמומיל ולימונית25ש,,IL,חליטת קמומיל,גרמים,37.00,100 גרם,false,1,11.90,32.16,true,1,
7296073383611,false,תה קמומיל ונענע 38 גרם,,IL,חליטת קמומיל,גרמים,38.00,100 גרם,false,1,11.90,31.32,true,1,
7296073383628,false,תה ירוק עם מאצ''ה 37.5 ג,,IL,תה ירוק עם מאצ'ה,גרמים,37.00,100 גרם,false,1,13.90,37.57,true,1,
7296073383635,false,חליטת יער 50 גרם,,IL,חליטת יער,גרמים,50.00,100 גרם,false,1,11.90,23.80,true,1,
7296073383666,false,"סוכר לבן שופרסל 1 ק""ג",,PL,סוכר לבן,קילוגרמים,1.00,"ק""ג",false,1,4.60,4.60,true,1,
7296073384434,false,קציצות סג.גפילטע פיש350ג,,IL,קציצות עם דגים,גרמים,350.00,100 גרם,false,1,13.90,3.97,true,1,
7296073384526,false,ג'ל כביסה מרוכז סגול3ל,,IL,ג'ל כביסה מרוכז,ליטרים,3.00,ליטר,false,1,24.90,8.30,true,1,
7296073384779,false,פריפלצת אגס גזר דלעת120,פרוסלה,ES,פריפלצת אגס גזר,גרמים,120.00,100 גרם,false,1,4.50,3.75,true,1,
7296073384786,false,פריפלצת גזר בטטה 120 גרם,פרוסלה,ES,פריפלצת גזר בטטה,גרמים,120.00,100 גרם,false,1,4.50,3.75,true,1,
7296073384793,false,פריפלצת דלעת בטטה 120ג,פרוסלה,ES,פריפלצת דלעת,גרמים,120.00,100 גרם,false,1,4.50,3.75,true,1,
7296073385295,false,זית שחור טבעי חריף 400 ג,,TR,זית שחור טבעי,גרמים,400.00,100 גרם,false,1,14.90,3.73,true,1,
7296073385981,false,גרעין אבטיח קלוי במלח200,פיצוחי ציון,IL,גרעין אבטיח,גרמים,200.00,100 גרם,false,1,14.90,7.45,true,1,
7296073386018,false,אגוזי מלך קלוף טבעי 150ג,פיצוחי ציון,US,אגוזי מלך טבעי,גרמים,150.00,100 גרם,false,1,11.90,7.93,true,1,
7296073386094,false,שקד קלוף קלוי וממולח200ג,פיצוחי ציון,IL,שקד קלוף קלוי,גרמים,200.00,100 גרם,false,1,17.90,8.95,true,1,
7296073386100,false,בוטן קלוף קלוי וממולח300,פיצוחי ציון,IL,בוטן קלוף קלוי,גרמים,300.00,100 גרם,false,1,11.90,3.97,true,1,
7296073386124,false,גרעין דלעת קלוי במלח200ג,פיצוחי ציון,IL,גרעין דלעת קלוי,גרמים,200.00,100 גרם,false,1,11.90,5.95,true,1,
7296073386148,false,גרעין חמניה קלוי וממולח,פיצוחי ציון,IL,גרעין חמניה קלוי,גרמים,150.00,100 גרם,false,1,6.80,4.53,true,1,
7296073386247,false,עלי גפן ממולא.אורז 400 ג,אגה אזיר איסק סאניי,TR,עלי גפן ממולאים,גרמים,400.00,100 גרם,false,1,7.50,1.88,true,1,
7296073386292,false,מספרים רב תכליתיים,,CN,מספרים רב תכליתי,יחידה,1.00,יחידה,false,1,17.90,17.90,true,1,
7296073386414,false,נוזל לניקוי חלונות 1ליטר,,IL,נוזל לחלונות,ליטרים,1.00,ליטר,false,1,7.90,7.90,true,1,
7296073386957,false,נשיקות ללא גלוטן 100גרם,אשבל מזון פונקציונלי בע\,IL,"נשיקות לל""ג גרין",גרמים,100.00,100 גרם,false,1,21.90,21.90,true,1,
7296073386988,false,עוג.מזרחיות ל.גלוטן230,אשבל מזון פונקציונלי בע\,IL,עוגיות מזרחיות,גרמים,230.00,100 גרם,false,1,21.90,9.52,true,1,
7296073386995,false,"עוג.סנדויץ ריבה לל""ג250ג",אשבל מזון פונקציונלי בע\,IL,עוג.סנדויץ ריבה,גרמים,250.00,100 גרם,false,1,21.90,8.76,true,1,
7296073387053,false,תות בננה קפוא שופרסל 300,,RS,תות בננה קפוא,גרמים,300.00,100 גרם,false,1,16.90,5.63,true,1,
7296073387299,false,פלפל ננסי פיקנטי 670 גרם,,TR,פלפל ננסי פיקנטי,גרמים,670.00,100 גרם,false,1,11.90,1.78,true,1,
7296073387657,false,חצי באגט קפוא 2 יחידות,SA NEUHAUSER BOULANGERIE,FR,חצי באגט קפוא,גרמים,280.00,100 גרם,false,1,7.90,2.82,true,1,
7296073388531,false,ביצי הפתעה 20*3ג LOL,,IT,ביצי הפתעה LOL,גרמים,60.00,100 גרם,false,1,12.90,21.50,true,1,
7296073388548,false,ביצי הפתעה PJMASK 20*3ג,,IT,ביצי הפתעה PJ,גרמים,60.00,100 גרם,false,1,12.90,21.50,true,1,
7296073388722,false,שמפו ש.רגיל ביוטין700מל,,TR,שמפו לשיער רגיל,מיליליטרים,700.00,"100 מ""ל",false,1,9.90,1.41,true,1,
7296073388739,false,שמפו קוקוס לשיער שמן700מ,,TR,שמפו לשיער שמן,מיליליטרים,700.00,"100 מ""ל",false,1,9.90,1.41,true,1,
7296073388760,false,שמפו לשיער יבש אבוקדו700,BFF,TR,שמפו אבוקדו,מיליליטרים,700.00,"100 מ""ל",false,1,9.90,1.41,true,1,
7296073388784,false,מרכך קוקוס לשיער שמן700מ,שופרסל,TR,מרכך לשיער שמן,מיליליטרים,700.00,"100 מ""ל",false,1,9.90,1.41,true,1,
7296073388807,false,מרכך לשיער צבוע ארגן700מ,,TR,מרכך לשיער צבוע,מיליליטרים,700.00,"100 מ""ל",false,1,9.90,1.41,true,1,
7296073388814,false,מרכך לשיער יבש אבוקדו700,BFF,TR,מרכך אבוקדו,מיליליטרים,700.00,"100 מ""ל",false,1,9.90,1.41,true,1,
7296073388821,false,שוק.חלב ממולא ק.קרמל100ג,,CH,שוקולד חלב ממולא,גרמים,100.00,100 גרם,false,1,9.90,9.90,true,1,
7296073388845,false,שוק.מריר+קרם פירות100ג,"שוקולד פריי בע""מ",CH,שוקולד ממולא,גרמים,100.00,100 גרם,false,1,9.90,9.90,true,1,
7296073389422,false,"שמן זית אורגני 750 מ""ל",,IT,שמן זית אורגני,מיליליטרים,750.00,"100 מ""ל",false,1,29.90,3.99,true,1,
7296073389439,false,באגט ללא גלוטן,איתנ'ס יצור עוגות,IL,באגט ללא גלוטן,גרמים,240.00,100 גרם,false,1,15.90,6.63,true,1,
7296073389446,false,בגט גרעינים ללא גלוטן240,,IL,"בגט גרעינים לל""ג",גרמים,240.00,100 גרם,false,1,15.90,6.63,true,1,
7296073389460,false,לחם בסגנון צרפתי 500 גר,,IL,לחם בסגנון צרפתי,גרמים,500.00,100 גרם,false,1,21.90,4.38,true,1,
7296073389941,false,חטיפי חלבון קרמל מלוח4יח,,PL,חטיפי חלבון 4 יח,גרמים,160.00,100 גרם,false,1,21.90,13.69,true,1,
7296073390008,false,פרכיות מצופות שוק.מריר60,NETHERLANDS SANORICE,NL,פריכיות מצופות,גרמים,60.00,100 גרם,false,1,6.90,11.50,true,1,
7296073390015,false,פרכיות ציפוי שוק.קוקוס60,NETHERLANDS SANORICE,NL,פריכיות קטנות,גרמים,60.00,100 גרם,false,1,6.90,11.50,true,1,
7296073390206,false,עינוגי פקאן שופרסל 400 ג,בריגן קי ג'י,DE,עינוגי פקאן,גרמים,400.00,100 גרם,false,1,18.90,4.73,true,1,
7296073390213,false,ברנפלקס שופרסל 500 גרם,בריגן קי. ג'י,DE,ברנפלקס,גרמים,500.00,100 גרם,false,1,16.90,3.38,true,1,
7296073390275,false,לאבנה בקר5% שופרסל 200ג,,IL,לאבנה שופרסל,גרמים,200.00,100 גרם,false,1,9.90,4.95,true,1,
7296073390282,false,כדור מוצרלה שופרסל 200 ג,,IL,כדור מוצרלה,גרמים,200.00,100 גרם,false,1,8.90,4.45,true,1,
7296073390299,false,בייבי מוצרלה שופרסל150ג,,IL,בייבי מוצרלה,גרמים,200.00,100 גרם,false,1,11.90,5.95,true,1,
7296073390305,false,גבינת שמנת זיתים25% 200ג,,IL,גבינת שמנת זיתים,גרמים,200.00,100 גרם,false,1,9.90,4.95,true,1,
7296073390312,false,גב.שמנת שום שמיר25% 200ג,,IL,גב.שמנת שום שמיר,גרמים,200.00,100 גרם,false,1,9.90,4.95,true,1,
7296073390329,false,גבינת שמנת25% שופרסל200ג,,IL,גבינת שמנת,גרמים,200.00,100 גרם,false,1,9.90,4.95,true,1,
7296073390534,false,מטען קיר ראש כפול 2.1A,,CN,מטען קיר ראש,יחידה,1.00,יחידה,false,1,29.90,29.90,true,1,
7296073390541,false,מטען קיר כפול גלקסי 2.1,,CN,מטען קיר כפול,יחידה,1.00,יחידה,false,1,49.90,49.90,true,1,
7296073390558,false,מטען קיר כפול אפל 2.1A,,CN,מטען קיר כפול,יחידה,1.00,יחידה,false,1,49.90,49.90,true,1,
7296073390565,false,מטען קיר כפול TYPE 2.1A,,CN,מטען קיר כפול,יחידה,1.00,יחידה,false,1,49.90,49.90,true,1,
7296073390602,false,כבל 2M Type-C *,,CN,כבל Type-C 2,יחידה,1.00,יחידה,false,1,29.90,29.90,true,1,
7296073390626,false,כבל מיקרו 2M,,CN,כבל מיקרו 2M,יחידה,1.00,יחידה,false,1,29.90,29.90,true,1,
7296073390640,false,כבל אייפון 2M,,CN,כבל אייפון 2M,יחידה,1.00,יחידה,false,1,29.90,29.90,true,1,
7296073390947,false,חטיף פרכיות שוק.מריר18*5,בנליין פודס,RS,חטיפי פריכיות,גרמים,90.00,100 גרם,false,1,9.90,11.00,true,1,
7296073391654,false,מגבונים לחיטוי וניקוי50י,טרופיקל דגיל,IL,מגבונים לניקוי,יחידה,1.00,יחידה,false,1,12.90,12.90,true,1,
7296073391661,false,מטליות מיקרופייבר גדול2י,סין,CN,מטליות לרצפה 2יח,יחידה,1.00,יחידה,false,1,18.90,18.90,true,1,
7296073392873,false,חטיף תירס ללג אורגני80 ג,,IT,חטיף תירס,גרמים,80.00,100 גרם,false,1,9.90,12.38,true,1,
7296073392934,false,נייר טואלט גליל כפול24יח,,IL,נייר טואלט 24 גל,מטרים,860.00,100 מטר,false,1,44.90,5.22,true,1,
7296073393108,false,קפה מיובש בהקפאה קלאס200,,ES,קפה נמס קלאסי,גרמים,200.00,100 גרם,false,1,19.90,9.95,true,1,
7296073393115,false,קפה נמס ערביקה 200 גרם,,ES,קפה נמס ערביקה,גרמים,200.00,100 גרם,false,1,19.90,9.95,true,1,
7296073393122,false,קפה נמס בריסטה 200 גרם,,ES,קפה נמס בריסטה,גרמים,200.00,100 גרם,false,1,19.90,9.95,true,1,
7296073393573,false,גרנולה שוקולד ופקאן 370ג,בריגן קי ג'י,DE,גרנולה שוקולד,גרמים,370.00,100 גרם,false,1,16.90,4.57,true,1,
7296073393580,false,פת פריכה ל.גלוטן200ג,,CZ,פת פריכה ל.גלוטן,גרמים,200.00,100 גרם,false,1,10.00,5.00,true,1,
7296073393610,false,נוזל כלים 24% לימון 750מ,קומפלקס כימיקלים בעמ,IL,נוזל כלים לימון,מיליליטרים,750.00,"100 מ""ל",false,1,8.90,1.19,true,1,
7296073393634,false,נוזל כלים לימון+משאבה1ל,,IL,נוזל כלים לימון,ליטרים,1.00,ליטר,false,1,9.90,9.90,true,1,
7296073393641,false,נוזל כלים תפוח+משאבה 1ל,,IL,נוזל כלים תפוח,ליטרים,1.00,ליטר,false,1,9.90,9.90,true,1,
7296073393672,false,חט.חלבון בציפוי שוקו40*4,,PL,חטיפי חלבון 4 יח,גרמים,160.00,100 גרם,false,1,21.90,13.69,true,1,
7296073394662,false,אבוקדו בשל מוכן לאכילה,"מור בריאות בע""מ",IL,אבוקדו בשל,יחידה,1.00,יחידה,false,1,8.90,8.90,true,1,
7296073395157,false,משקה אנרגיהFIREשופרסל250,אקו וויט,PL,משקה אנרגיה,מיליליטרים,250.00,"100 מ""ל",false,1,3.60,1.44,true,1,
7296073396314,false,בייבי גאודה עיזים 280 גר,,NL,בייבי גאודה,גרמים,280.00,100 גרם,false,1,35.90,12.82,true,1,
7296073396635,false,מאגדת שוקוביס 380גרם,,IL,מאגדת שוקוביס,גרמים,380.00,100 גרם,false,1,21.90,5.76,true,1,
7296073396666,false,כדורי שוקו מופחת סוכר450,,LT,דגני בוקר,גרמים,450.00,100 גרם,false,1,12.50,2.78,true,1,
7296073396673,false,חצאי בוטן מטוגן וממולח,ששון ושות'\ )ש.ת. תעשיות,IL,חצאי בוטן מטוגן,גרמים,200.00,100 גרם,false,1,7.90,3.95,true,1,
7296073396819,false,אייס קפה קר אספרסו 250מ,ברגלנד מילך,AT,אייס קפה אספרסו,מיליליטרים,250.00,"100 מ""ל",false,1,6.60,2.64,true,1,
7296073396826,false,"אייס קפה קר לאטה 250 מ""ל",ברגלנד מילך,AT,אייס קפה קר לאטה,מיליליטרים,250.00,"100 מ""ל",false,1,6.60,2.64,true,1,
7296073396833,false,אייס קפה קר קפוצינו 250מ,ברגלנד מילך,AT,אייס קפה קפוצינו,מיליליטרים,250.00,"100 מ""ל",false,1,6.60,2.64,true,1,
7296073396840,false,לימון בלאדי,א.ל. ייצור ושיווק תבליני,IL,לימון בלאדי,גרמים,250.00,100 גרם,false,1,12.90,5.16,true,1,
7296073396857,false,אריסה מתוקה שופרסל 250 ג,א.ל. ייצור ושיווק תבליני,IL,אריסה מתוקה,גרמים,250.00,100 גרם,false,1,12.90,5.16,true,1,
7296073396888,false,אריסה מרוקאית שופרסל250ג,תבליני ביטון יוחאי,IL,אריסה חריפה,גרמים,250.00,100 גרם,false,1,12.90,5.16,true,1,
7296073396895,false,סלט שום כתוש,א.ל. ייצור ושיווק תבליני,IL,סלט שום כתוש,גרמים,250.00,100 גרם,false,1,12.90,5.16,true,1,
7296073397182,false,וופל Air קרם טעם שוקו150,,IL,וופל Air,גרמים,150.00,100 גרם,false,1,3.90,2.60,true,1,
7296073397304,false,מברשת מגהץ יחידה,TYF סחר,CN,מברשת מגהץ,יחידה,1.00,יחידה,false,1,4.90,4.90,true,1,
7296073397328,false,מברשת ניקוי אסלה יחידה,ד.ג.ש ייבוא ושיווק בעמ,CN,מברשת ניקוי אסלה,יחידה,1.00,יחידה,false,1,4.90,4.90,true,1,
7296073397335,false,רולר כפול יחידה,TYF סחר,CN,רולר כפול,יחידה,1.00,יחידה,false,1,12.90,12.90,true,1,
7296073397434,false,קליפס לשיער קולקשיין,שופרסל,CN,קליפס לשיער,יחידה,1.00,יחידה,false,1,4.90,4.90,true,1,
7296073397908,false,שבבי פקאן טבעי 100גרם,,ZA,שבבי פקאן טבעי,גרמים,100.00,100 גרם,false,1,12.90,12.90,true,1,
7296073398042,false,50כוס שתיה קרה מעוטר לבן,,IL,כוסות שתייה,יחידה,1.00,יחידה,false,1,18.90,18.90,true,1,
7296073398158,false,תפוחונים גרין1+5מארז132ג,,CN,תפוחונים מארז6יח,גרמים,132.00,100 גרם,false,1,13.90,10.53,true,1,
7296073398233,false,"סבון קוביה ברונזה 500מ""ל",אקסן קוסמטיק,TR,סבון קוביה,מיליליטרים,500.00,"100 מ""ל",false,1,9.90,1.98,true,1,
7296073398271,false,טופו חומוס 300 גרם,"משק ויילר בע""\מ",IL,טופו חומוס,גרמים,300.00,100 גרם,false,1,11.50,3.83,true,1,
7296073398318,false,טורטיה עם זרעי צ'יה320ג,,RS,טורטיה,גרמים,320.00,100 גרם,false,1,10.90,3.41,true,1,
7296073398325,false,טורטיה קמח כוסמת 320ג,,RS,טורטיה,גרמים,320.00,100 גרם,false,1,10.90,3.41,true,1,
7296073398509,false,אצבעות שוקולד שופרסל200ג,,FR,אצבעות שוקולד,גרמים,200.00,100 גרם,false,1,10.90,5.45,true,1,
7296073398530,false,פסטה ט.לימון שופרסל400גר,,IT,פסטה ט.לימון,גרמים,400.00,100 גרם,false,1,11.90,2.98,true,1,
7296073398646,false,סלט טונה עם ירקות 250 גר,,IL,סלט טונה,גרמים,250.00,100 גרם,false,1,18.90,7.56,true,1,
7296073398660,false,סלט חציל תאילנדי 250 גרם,,IL,סלט חציל תאילנדי,גרמים,250.00,100 גרם,false,1,13.90,5.56,true,1,
7296073398684,false,חציל במיונז שופרסל 250 ג,,IL,סלט במיונז,גרמים,250.00,100 גרם,false,1,10.90,4.36,true,1,
7296073398691,false,חומוס אבו גוש שופרסל 250,,IL,חומוס אבו גוש,גרמים,250.00,100 גרם,false,1,10.90,4.36,true,1,
7296073398707,false,חומוס מסבחה שופרסל 250 ג,,IL,חומוס מסבחה,גרמים,250.00,100 גרם,false,1,10.90,4.36,true,1,
7296073398776,false,גלידת שמנת בטעם וניל,DESSERT DE,NL,גלידת שמנת וניל,מיליליטרים,500.00,"100 מ""ל",false,1,9.90,1.98,true,1,
7296073398837,false,קפסולות לונגו8 נספרסו50ג,DELICA,CH,קפסולות לונגו,גרמים,50.00,100 גרם,false,1,14.90,29.80,true,1,
7296073398875,false,קרם קרקר 250 גרם,"אפיפית נצרת (1971) בע""\מ",IL,קרם קרקר,גרמים,250.00,100 גרם,false,1,7.50,3.00,true,1,
7296073398936,false,מגב לחלון יחידה,TYF סחר,IT,מגב לחלון,יחידה,1.00,יחידה,false,1,8.00,8.00,true,1,
7296073398974,false,רביעיית סוללות AA,בסט סין,CN,רביעיית סוללותAA,יחידה,1.00,יחידה,false,1,9.90,9.90,true,1,
7296073398998,false,שמינייה סוללות AA,בסט סין,CN,שמינייה סוללות,יחידה,1.00,יחידה,false,1,16.90,16.90,true,1,
7296073399001,false,שמינייה סוללות AAA,בסט סין,CN,שמינייה סוללות,יחידה,1.00,יחידה,false,1,16.90,16.90,true,1,
7296073399544,false,חלב נטול לקטוז2% 1 ליטר,מחלבות רמת הגולן,IL,חלב נטול לקטוז,ליטרים,1.00,ליטר,false,1,7.90,7.90,true,1,
7296073399551,false,שמיניית סוללות +AAרביעיה,,CN,שמיניית סוללות,יחידה,1.00,יחידה,false,1,19.90,19.90,true,1,
7296073399629,false,סב.נוזלי קוביה לבן 500,שופרסל,TR,סבון נוזלי,מיליליטרים,500.00,"100 מ""ל",false,1,9.90,1.98,true,1,
7296073399872,false,"מזון פרימיום לכלב 3 ק""ג",אדרגנה,IT,מזון לכלבים,קילוגרמים,3.00,"ק""ג",false,1,49.90,16.63,true,1,
7296073400004,false,"שמנת לבישול 15% 500 מ""ל",מחלבות רמת הגולן,IL,שמנת לבישול,מיליליטרים,500.00,"100 מ""ל",false,1,13.90,2.78,true,1,
7296073400035,false,מבשם כביסה ספא סגול750מל,,IL,מבשם כביסה ספא,מיליליטרים,750.00,"100 מ""ל",false,1,12.90,1.72,true,1,
7296073400103,false,מטאטא אנטי שוק יחידה,מיקסליר,IT,מטאטא,יחידה,1.00,יחידה,false,1,21.90,21.90,true,1,
7296073400110,false,מטאטא יח,מיקסליר,IT,מטאטא,יחידה,1.00,יחידה,false,1,19.90,19.90,true,1,
7296073400172,false,יעה+מקל מתקפל יח,מיקסליר,IT,יעה+מקל מתקפל יח,יחידה,1.00,יחידה,false,1,14.90,14.90,true,1,
7296073400196,false,דלי אוולי 15 ליטר יח,מיקסליר,IT,דלי 15 ליטר,יחידה,1.00,יחידה,false,1,19.90,19.90,true,1,
7296073400219,false,מקל 1.3 מטר יח,מיקסליר,IT,מקל 1.3 מטר יח,יחידה,1.00,יחידה,false,1,6.90,6.90,true,1,
7296073401063,false,שמן חמניות 1 ליטר,ברוקלמן,DE,שמן חמניות,ליטרים,1.00,ליטר,false,1,13.90,13.90,true,1,
7296073401568,false,סלט טחינה שופרסל 250 גרם,"סלטי שמיר 2006 בע""\מ",IL,סלט טחינה,גרמים,250.00,100 גרם,false,1,10.90,4.36,true,1,
7296073401575,false,חומוס מסעדות שופרסל250ג,"סלטי שמיר 2006 בע""\מ",IL,חומוס מסעדות,גרמים,250.00,100 גרם,false,1,10.90,4.36,true,1,
7296073402824,false,גלידת וניל עם שוקולד,פלקו,IL,גלידת וניל,ליטרים,1.40,ליטר,false,1,17.90,12.79,true,1,
7296073402879,false,גלידת שוקו נוגט,פלקו,IL,גלידת שוקו נוגט,ליטרים,1.40,ליטר,false,1,17.90,12.79,true,1,
7296073402886,false,גלידת וניל של פעם,פלקו,IL,גלידת וניל,ליטרים,1.40,ליטר,false,1,17.90,12.79,true,1,
7296073402893,false,גלידת וניל קפוצ'ינו,פלקו,IL,גלידת וניל קפוצ',ליטרים,1.40,ליטר,false,1,17.90,12.79,true,1,
7296073403142,false,סבון לאסלה לימון 50*3 גר,רנקסן,TR,סבון לאסלה לימון,גרמים,3.00,100 גרם,false,1,9.90,330.00,true,1,
7296073403159,false,סבון לאסלה אורנים 50*3גר,רנקסן,TR,סבון לאסלה,גרמים,3.00,100 גרם,false,1,9.90,330.00,true,1,
7296073403227,false,גביעי ופל גלידריה 132גרם,"א.ג. גילרו בע""\מ",IL,גביעי גלידריה,גרמים,132.00,100 גרם,false,1,13.90,10.53,true,1,
7296073403234,false,ביצי שוקולד מיני PJ 122,,IT,ביצי שוקולד pj,גרמים,122.00,100 גרם,false,1,10.90,8.93,true,1,
7296073404156,false,איטריות רחבות שופרסל400ג,,CN,איטריות רחבות,גרמים,400.00,100 גרם,false,1,9.80,2.45,true,1,
7296073404194,false,מיונז אמיתי לחיץ 395 גרם,ACESUR,ES,מיונז לחיץ,גרמים,395.00,100 גרם,false,1,10.00,2.53,true,1,
7296073404200,false,ממרח מופחת קלוריות 409 ג,ACESUR,ES,ממרח לחיץ,גרמים,409.00,100 גרם,false,1,10.00,2.45,true,1,
7296073404279,false,צלחות גדולות חד פעמיות,,GR,צלחות גדולות,קילוגרמים,1.00,"ק""ג",false,1,44.90,44.90,true,1,
7296073404712,false,איטר.אורז רחב שופרסל400ג,,CN,איטריות אורז רחב,גרמים,400.00,100 גרם,false,1,9.80,2.45,true,1,
7296073404729,false,איט.אורז צרות שופרסל400ג,,CN,איטריות אורז צר,גרמים,400.00,100 גרם,false,1,9.80,2.45,true,1,
7296073404736,false,פרכיות קטנ.מצופה תפוז60ג,NETHERLANDS SANORICE,NL,פרכיות קטנות,גרמים,60.00,100 גרם,false,1,6.90,11.50,true,1,
7296073404903,false,מיץ לימון טבעי זכוכית250,פולנגי,IT,מיץ לימון טבעי,מיליליטרים,250.00,"100 מ""ל",false,1,6.90,2.76,true,1,
7296073405467,false,שקיות אשפה חזקות XL 20י,,IL,שקיות אשפה,יחידה,1.00,יחידה,false,1,20.90,20.90,true,1,
7296073405474,false,שקיות אשפה חזקות XL 20 י,,IL,שקיות אשפה,יחידה,1.00,יחידה,false,1,20.90,20.90,true,1,
7296073405481,false,שקיות אשפה חזקות XL 25,,IL,שקיות אשפה,יחידה,1.00,יחידה,false,1,20.90,20.90,true,1,
7296073405771,false,אטבי כביסה 24 יחידות,PRC,CN,אטבי כביסה,יחידה,1.00,יחידה,false,1,9.90,9.90,true,1,
7296073405863,false,טחינה גול.מעודנת טבעי310,אר.ג'\י.אם תעשיות מזון ב,IL,טחינה גולמית,גרמים,310.00,100 גרם,false,1,10.90,3.52,true,1,
7296073405870,false,טחינה גולמית טעם שום310ג,אר.ג'\י.אם תעשיות מזון ב,IL,טחינה גולמית שום,גרמים,310.00,100 גרם,false,1,10.90,3.52,true,1,
7296073406594,false,לחמניות כוסמין מלאות 6יח,,IL,לחמניות כוסמין,גרמים,450.00,100 גרם,false,1,13.90,3.09,true,1,
7296073406617,false,צ'יפס גזר לבן+סלק+בטטה85,FOODS VIUBE,ES,צ'יפס גזר לבן,גרמים,85.00,100 גרם,false,1,11.90,14.00,true,1,
7296073407560,false,תמר מגהול סופר עסיסי,"דוד חי בע""מ",IL,תמר מגהול עסיסי,גרמים,500.00,100 גרם,false,1,29.90,5.98,true,1,
7296073408765,false,קרם מסקרפונה+תותים 82*2ג,,IL,קרם מסקרפונה 2יח,גרמים,164.00,100 גרם,false,1,12.90,7.87,true,1,
7296073408789,false,מלבי חלבי 2 * 160 גרם,,IL,מלבי חלבי 2 יח',גרמים,320.00,100 גרם,false,1,12.90,4.03,true,1,
7296073408819,false,כדורי דגנים שוקולד50גרם,,LT,כדוגרי דגנים,גרמים,50.00,100 גרם,false,1,4.90,9.80,true,1,
7296073408826,false,טבעות דגנים עם דבש 50 גר,,LT,טבעות דגנים,גרמים,50.00,100 גרם,false,1,4.90,9.80,true,1,
7296073408833,false,ריבועי דגנים+קינמון 50גר,,LT,ריבועי דגנים,גרמים,50.00,100 גרם,false,1,4.90,9.80,true,1,
7296073408888,false,נייר אפייה 50 יחידות,,IL,נייר אפייה,יחידה,1.00,יחידה,false,1,10.90,10.90,true,1,
7296073408895,false,כפפות S לטקס 100,WEIFANG,CN,כפפות לטקס,יחידה,1.00,יחידה,false,1,28.90,28.90,true,1,
7296073408901,false,כפפות M לטקס עם אבקה,WEIFANG,CN,כפפות לטקס,יחידה,1.00,יחידה,false,1,28.90,28.90,true,1,
7296073408918,false,כפפות L לטקס 100,WEIFANG,CN,כפפות לטקס,יחידה,1.00,יחידה,false,1,28.90,28.90,true,1,
7296073408925,false,כפפות XL לטקס100יח,WEIFANG,CN,כפפות לטקס,יחידה,1.00,יחידה,false,1,28.90,28.90,true,1,
7296073409113,false,פופקורן טבעי 5 * 100 גרם,AST נובולוג,BG,פופקורן למיקרוגל,גרמים,500.00,100 גרם,false,1,11.90,2.38,true,1,
7296073409120,false,פופקורן מופחת שומן85*5גר,AST נובולוג,BG,פופקורן למיקרוגל,גרמים,425.00,100 גרם,false,1,11.90,2.80,true,1,
7296073409144,false,מגבונים לחיטוי 50*3 יח',טרופיקל דגיל,IL,מגבונים לחיטוי,יחידה,1.00,יחידה,false,1,17.90,17.90,true,1,
7296073409625,false,גאודה 34% שופרסל 200 ג,B.V KAAS HAZELEGER,NL,גבינת גאודה,גרמים,200.00,100 גרם,false,1,19.90,9.95,true,1,
7296073409649,false,גב.עיזים הולנד שופרסל200,B.V KAAS HAZELEGER,NL,גבינת עיזים,גרמים,200.00,100 גרם,false,1,24.90,12.45,true,1,
7296073409670,false,גב.עיזים פרוס שופרסל150ג,B.V KAAS HAZELEGER,NL,גבינת עיזים,גרמים,150.00,100 גרם,false,1,19.90,13.27,true,1,
7296073409731,false,צמד פטריות שמפניון,מרינה,IL,צמד פטריות,גרמים,420.00,100 גרם,false,1,15.90,3.79,true,1,
7296073409885,false,מגשית פטרוזיליה שופרסל,דורות,IL,מגשית פטרוזיליה,גרמים,70.00,100 גרם,false,1,9.90,14.14,true,1,
7296073409892,false,מגשית כוסברה שופרסל,דורות,IL,מגשית כוסברה שופ,גרמים,70.00,100 גרם,false,1,9.90,14.14,true,1,
7296073409922,false,מגשית ג'ינג'רכתוש שופרסל,דורות,IL,מגשית ג'ינג'ר כת,גרמים,70.00,100 גרם,false,1,9.90,14.14,true,1,
7296073410478,false,ביצים חופש M שופרסל 12יח,משאבי הגליל,IL,ביצים חופש 12יחM,יחידה,1.00,יחידה,false,1,17.50,17.50,true,1,
7296073410485,false,ביצים אומגהL שופרסל 12יח,משאבי הגליל,IL,ביצים אומגה12יחL,יחידה,1.00,יחידה,false,1,21.50,21.50,true,1,
7296073411222,false,מרכך כביסה פריחת אביב 1ל,"סאסאטק אגש""ח בע""מ",IL,מרכך כביסה מרוכז,ליטרים,1.00,ליטר,false,1,14.90,14.90,true,1,
7296073411239,false,מרכך כביסה מרוכז מאסק1ל,,IL,מרכך כביסה מרוכז,ליטרים,1.00,ליטר,false,1,14.90,14.90,true,1,
7296073411246,false,מרכך מרוכז יסמין/לילך1ל,,IL,מרכך כביסה מרוכז,ליטרים,1.00,ליטר,false,1,14.90,14.90,true,1,
7296073413233,false,חסה עגולה ארוזה,"משק אסף פרחי בע""מ",IL,חסה עגולה,גרמים,200.00,100 גרם,false,1,6.90,3.45,true,1,
7296073413257,false,חסה לבבות,"משק אסף פרחי בע""מ",IL,חסה לבבות,גרמים,350.00,100 גרם,false,1,9.90,2.83,true,1,
7296073413325,false,ביסקוויט שוקולד חלב150גר,,ES,ביסקוויט שוקולד,גרמים,150.00,100 גרם,false,1,8.90,5.93,true,1,
7296073413332,false,ביסקוויט שוקולד מריר150ג,,ES,ביסקוויט שוקולד,גרמים,150.00,100 גרם,false,1,8.90,5.93,true,1,
7296073413349,false,ביסקוויט שוקולד לבן150ג,,ES,ביסקוויט שוקולד,גרמים,150.00,100 גרם,false,1,8.90,5.93,true,1,
7296073413356,false,קפסולות roast dark ג50,DELICA,CH,קפסולות dark,גרמים,50.00,100 גרם,false,1,14.90,29.80,true,1,
7296073413363,false,מברשת לשירותים יסמין יחי,ד.ג.ש ייבוא ושיווק בעמ,CN,מברשת לשירותים,יחידה,1.00,יחידה,false,1,14.90,14.90,true,1,
7296073413424,false,צנונית,חבל מעון,IL,צנונית,גרמים,400.00,100 גרם,false,1,6.90,1.73,true,1,
7296073413721,false,שוקולד מריר 77% פרו100ג,פריי )שוקולד(,CH,שוקולד מריר 77%,גרמים,100.00,100 גרם,false,1,9.90,9.90,true,1,
7296073413769,false,שוקולד מריר 83% 100גרם,פריי )שוקולד(,CH,שוקולד מריר,גרמים,100.00,100 גרם,false,1,9.90,9.90,true,1,
7296073413844,false,צמד הודו עוף+סלמי 800 גר,,IL,צמדהודועוף+סלמי,גרמים,800.00,100 גרם,false,1,25.90,3.24,true,1,
7296073413929,false,קינואה אדומה זיפר 500 גר,מיה,IL,קינואה אדומה,גרמים,500.00,100 גרם,false,1,11.90,2.38,true,1,
7296073413936,false,קינואה שחורה זיפר 400 גר,מיה,IL,קינואה שחורה,גרמים,400.00,100 גרם,false,1,11.90,2.98,true,1,
7296073414278,false,עגבניות חתוכות דק 400*3ג,פריניר,IL,עגבניות חתוכות3*,קילוגרמים,1.20,"ק""ג",false,1,11.90,9.92,true,1,
7296073414759,false,שמנת מתוקה24%להקצפה250מל,מחלבת רמת-הגולן,IL,שמנת מתוקה,מיליליטרים,250.00,"100 מ""ל",false,1,6.10,2.44,true,1,
7296073414964,false,נוזל כלים היבסקוס 1ליטר,,IL,נוזל כלים היבסקו,ליטרים,1.00,ליטר,false,1,9.90,9.90,true,1,
7296073414988,false,פלפלים ממולאים שופרסל400,אגה אזיר איסק סאניי,TR,פלפלים ממולאים,גרמים,400.00,100 גרם,false,1,7.90,1.98,true,1,
7296073414995,false,חצילים ממולאים שופרסל400,אגה אזיר איסק סאניי,TR,חצילים ממולאים,גרמים,400.00,100 גרם,false,1,7.90,1.98,true,1,
7296073415077,false,28תחבושות נורמל עם כנפי,קוראטקס,DE,תחבושות B,יחידה,1.00,יחידה,false,1,12.50,12.50,true,1,
7296073415084,false,2תחבושות סופר+ עם כנפיים,קוראטקס,DE,תחבושות B,יחידה,1.00,יחידה,false,1,12.50,12.50,true,1,
7296073415114,false,מגני תחתון נורמל 60 יח,קוראטקס,DE,מגני תחתון B,יחידה,1.00,יחידה,false,1,12.90,12.90,true,1,
7296073415121,false,מגני תחתון לארג' 52 יחיד,קוראטקס,DE,מגני תחתון B,יחידה,1.00,יחידה,false,1,12.90,12.90,true,1,
7296073415138,false,44 מגני תחתון לונג,קוראטקס,DE,מגני תחתון B,יחידה,1.00,יחידה,false,1,12.90,12.90,true,1,
7296073415152,false,60מגני תחתון לנערות פלקס,קוראטקס,DE,מגני תחתון B,יחידה,1.00,יחידה,false,1,12.90,12.90,true,1,
7296073415558,false,שניצל תירס צמחוני 750 גר,"טיבון ויל אחזקות בע""\מ",IL,שניצל תירס צמחונ,גרמים,750.00,100 גרם,false,1,19.90,2.65,true,1,
7296073415572,false,שניצלוני תירס צמחוני 650,"טיבון ויל אחזקות בע""\מ",IL,שניצלוני תירס צמ,גרמים,650.00,100 גרם,false,1,19.90,3.06,true,1,
7296073416012,false,תפוחונים קינמון 1+5מארז,,CN,תפוחונים 6 יח,גרמים,132.00,100 גרם,false,1,13.90,10.53,true,1,
7296073416036,false,פופקורן בטעם חמאה100*5גר,AST נובולוג,BG,פופקורן למיקרוגל,גרמים,500.00,100 גרם,false,1,11.90,2.38,true,1,
7296073416098,false,מי קוקוס טבעי אורגני 1 ל,,VN,מי קוקוס טבעי,ליטרים,1.00,ליטר,false,1,15.90,15.90,true,1,
7296073416104,false,"מי קוקוס אורגני 330 מ""ל",,VN,מי קוקוס טבעי,מיליליטרים,330.00,"100 מ""ל",false,1,8.60,2.61,true,1,
7296073416487,false,עצם מעור בקר טבעי 2 יחיד,LTD J.M.P.P.S,CN,עצם מעור בקר,יחידה,1.00,יחידה,false,1,29.90,29.90,true,1,
7296073416500,false,טוויסט מעור באפלו מצופה,LTD J.M.P.P.S,CN,טוויסט מעור באפל,גרמים,100.00,100 גרם,false,1,19.90,19.90,true,1,
7296073417422,false,מלפפון בייבי,משק גל,IL,מלפפון בייבי,גרמים,350.00,100 גרם,false,1,9.90,2.83,true,1,
7296073417439,false,קישוא זוקיני,משק גל,IL,קישוא זוקיני,קילוגרמים,0.00,"ק""ג",true,1,12.90,12.90,true,1,
7296073417446,false,פלפל מתוק,משק גל,IL,פלפל מתוק,גרמים,500.00,100 גרם,false,1,12.90,2.58,true,1,
7296073420323,false,פריכיות כוסמת אורגנית160,,IL,פריכיות כוסמת,גרמים,160.00,100 גרם,false,1,9.90,6.19,true,1,
7296073420330,false,פריכיות כוסמת ללא מלח160,,IL,פריכיות כוסמת,גרמים,160.00,100 גרם,false,1,9.90,6.19,true,1,
7296073420682,false,ביצי הפתעה Pups Mighty 3,SPA ZAINI LUIGI,IT,ביצי הפתעה,גרמים,60.00,100 גרם,false,1,12.90,21.50,true,1,
7296073421702,false,"מגב פטנט 40 ס""מ יחידה",מיקסליר,IT,"מגב פטנט 40 ס""מ",יחידה,1.00,יחידה,false,1,24.90,24.90,true,1,
7296073421719,false,"מגב רצפה 40ס""מ יחידה",מיקסליר,IT,"מגב רצפה 40ס""מ",יחידה,1.00,יחידה,false,1,10.90,10.90,true,1,
7296073421801,false,גבינת פרמזן30% 200ג שופר,אמברוסי,IT,גבינת פרמזן,גרמים,200.00,100 גרם,false,1,25.90,12.95,true,1,
7296073421825,false,גרנה פדנו29%שופרסל200ג,אמברוסי,IT,גרנה פדנו,גרמים,200.00,100 גרם,false,1,24.90,12.45,true,1,
7296073422211,false,שעועית ירוקה טרייה שטופה,גיזרונים,IL,שעועית ירוקה טרי,גרמים,410.00,100 גרם,false,1,14.90,3.63,true,1,
7296073422617,false,נבטי אלפלפא 120גרם,נבטי איילון,IL,נבטי אלפלפא,גרמים,120.00,100 גרם,false,1,6.90,5.75,true,1,
7296073422624,false,נבטי חמניות 150גרם,נבטי איילון,IL,נבטי חמניות,גרמים,150.00,100 גרם,false,1,8.90,5.93,true,1,
7296073422655,false,נבטים סיניים 220גרם,נבטי איילון,IL,נבטים סיניים,גרמים,220.00,100 גרם,false,1,6.90,3.14,true,1,
7296073422679,false,מיקס נבטים סינים וחמניה,נבטי איילון,IL,מיקס נבטים,גרמים,160.00,100 גרם,false,1,8.90,5.56,true,1,
7296073422693,false,אנדיב / עולש,חוות תקוע,IL,אנדיב / עולש,גרמים,220.00,100 גרם,false,1,11.90,5.41,true,1,
7296073423126,false,לקט עלי סלנובה ועלי בייב,"פרסקו חצבה 2006 בע""\מ",IL,לקטסלנובה ובייבי,גרמים,200.00,100 גרם,false,1,11.90,5.95,true,1,
7296073423133,false,עלי חסה סלנובה שטופים,"פרסקו חצבה 2006 בע""\מ",IL,עלי חסה סלנובה,גרמים,200.00,100 גרם,false,1,11.90,5.95,true,1,
7296073423447,false,חטיף אגס 20 גרם,נוביפרוטס,PT,חטיף אגס,גרמים,20.00,100 גרם,false,1,4.90,24.50,true,1,
7296073423461,false,חטיף תפוח עץ וקינמון20ג,נוביפרוטס,PT,חטיף תפוח עץ,גרמים,12.00,100 גרם,false,1,4.90,40.83,true,1,
7296073423478,false,חטיף קוקוס מיובש 20 גרם,נוביפרוטס,PT,חטיף קוקוס,גרמים,20.00,100 גרם,false,1,4.90,24.50,true,1,
7296073423485,false,"חטיף תפו""ע 20 גרם",נוביפרוטס,PT,"חטיף תפו""ע",גרמים,20.00,100 גרם,false,1,4.90,24.50,true,1,
7296073423645,false,פתי בר שופרסל 300 גרם,BV BISCUIT PALLY,NL,פתי בר,גרמים,300.00,100 גרם,false,1,4.90,1.63,true,1,
7296073423652,false,קרקרים בסגנון איטלקי180ג,יורוסנאקס,IT,חטיפי מיני קרקר,גרמים,180.00,100 גרם,false,1,7.90,4.39,true,1,
7296073423669,false,קרקר שמן זית וזיתים180גר,יורוסנאקס,IT,חטיפי מיני קרקר,גרמים,180.00,100 גרם,false,1,7.90,4.39,true,1,
7296073423676,false,קרקרים מיני רוזמרין180ג,יורוסנאקס,IT,חטיפי מיני קרקר,גרמים,180.00,100 גרם,false,1,7.90,4.39,true,1,
7296073424376,false,חסה אורגני יחידה,,IL,חסה אורגני יחידה,יחידה,1.00,יחידה,false,1,5.90,5.90,true,1,
7296073424383,false,כוסברה אורגני יחידה,,IL,כוסברה אורגני,יחידה,1.00,יחידה,false,1,5.90,5.90,true,1,
7296073424390,false,סלרי עלים אורני יחידה,,IL,סלרי עלים אורני,יחידה,1.00,יחידה,false,1,10.90,10.90,true,1,
7296073424406,false,בצל ירוק אורגני יחידה,,IL,בצל ירוק אורגני,יחידה,1.00,יחידה,false,1,8.90,8.90,true,1,
7296073424437,false,פטרוזיליה אורגני יחידה,,IL,פטרוזיליה אורגני,יחידה,1.00,יחידה,false,1,5.90,5.90,true,1,
7296073424444,false,שמיר אורגני י גרין חידה,,IL,שמיר אורגני,יחידה,1.00,יחידה,false,1,5.90,5.90,true,1,
7296073424451,false,נענע אורגני יחידה,,IL,נענע אורגני,יחידה,1.00,יחידה,false,1,5.90,5.90,true,1,
7296073424543,false,תערובת עוגת וניל 560 גרם,י.כהן,IL,תערובת עוגת וניל,גרמים,560.00,100 גרם,false,1,14.00,2.50,true,1,
7296073424697,false,קוואקר ש.שועל בפחית500ג,ZO SP. POLSER,AE,קוואקר ש.שועל פח,גרמים,500.00,100 גרם,false,1,9.90,1.98,true,1,
7296073426523,false,חלב אורגני גרין 3% 1 ל,מחלבות רמת הגולן,IL,חלב אורגני גרין,ליטרים,1.00,ליטר,false,1,9.90,9.90,true,1,
7296073426530,false,חלב אורגני גרין 1% 1ליטר,מחלבות רמת הגולן,IL,חלב אורגני גרין,ליטרים,1.00,ליטר,false,1,9.90,9.90,true,1,
7296073426592,false,עוג.ללא גלוטן שוקו150ג,,IT,עוגיות ללא גלוטן,גרמים,150.00,100 גרם,false,1,11.90,7.93,true,1,
7296073426608,false,עוג.ללא גלוטן לימון150ג,,IT,עוגיות ללא גלוטן,גרמים,150.00,100 גרם,false,1,11.90,7.93,true,1,
7296073427315,false,פיתות כוסמין 8יח50* גרם,"מאפיית אורן משי בע""\מ",IL,פיתות כוסמין 8יח,גרמים,440.00,100 גרם,false,1,14.90,3.39,true,1,
7296073427803,false,מטליות לרצפה מאסק10יח,פלסטו פוליש,IL,מטליות לרצפה,יחידה,1.00,יחידה,false,1,9.90,9.90,true,1,
7296073427810,false,מטליות רצפה לוונדר10יח,פלסטו פוליש,IL,מטליות לרצפה,יחידה,1.00,יחידה,false,1,9.90,9.90,true,1,
7296073427827,false,חט.דגנים שוק.חלב+חלבון4י,BACK AND SNACK,AT,חטיף דגנים,גרמים,160.00,100 גרם,false,1,14.90,9.31,true,1,
7296073427834,false,חט.דגנים שוק.מריר+חלבון4,BACK AND SNACK,AT,חטיף דגנים,גרמים,160.00,100 גרם,false,1,14.90,9.31,true,1,
7296073428084,false,מתקן לשקיות לאיסוף צרכים,PRODUCTS FOOD HIQ,CN,שקיות לצרכים,יחידה,1.00,יחידה,false,1,11.90,11.90,true,1,
7296073428343,false,מסיר שומנים 1 ליטר,קומפלקס כימיקלים,IL,מסיר שומנים,ליטרים,1.00,ליטר,false,1,11.90,11.90,true,1,
7296073428497,false,בורקס פטריות שופרסל 800,גידרון,IL,בורקס פטריות,גרמים,800.00,100 גרם,false,1,17.90,2.24,true,1,
7296073428503,false,אקונומיקה בישום עוצמתי4ל,סאסאטק,IL,אקונומיקה מבושמת,ליטרים,4.00,ליטר,false,1,15.90,3.98,true,1,
7296073429012,false,מנקה ומבשם רצפות אדום 2ל,ספידי תעשיות,IL,מנקה ומבשם רצפות,ליטרים,2.00,ליטר,false,1,16.90,8.45,true,1,
7296073429029,false,מנקה ומבשם רצפות ירוק 2ל,ספידי תעשיות,IL,מנקה ומבשם רצפות,ליטרים,2.00,ליטר,false,1,16.90,8.45,true,1,
7296073429210,false,מסיר אבנית למקלחון 1 ל,"סאסאטק אגש""ח בע""מ",IL,מסיר אבנית מרסס,ליטרים,1.00,ליטר,false,1,13.90,13.90,true,1,
7296073429234,false,ניקוי כללי+חומץ מרסס 1 ל,"סאסאטק אגש""ח בע""מ",IL,ניקוי כללי+חומץ,ליטרים,1.00,ליטר,false,1,13.90,13.90,true,1,
7296073429241,false,ניקוי כללי+אקונומיקה 1 ל,"סאסאטק אגש""ח בע""מ",IL,ניקוי כללי מרסס,ליטרים,1.00,ליטר,false,1,13.90,13.90,true,1,
7296073429258,false,חיטוי+חומץ לאמבט מרסס750,"סאסאטק אגש""ח בע""מ",IL,חיטוי לאמבט מרסס,מיליליטרים,750.00,"100 מ""ל",false,1,14.90,1.99,true,1,
7296073429753,false,ניילון נצמד בחיתוך קל,,CN,ניילון נצמד,מטרים,150.00,מטר,false,1,20.00,0.14,true,1,
7296073429807,false,ממרח בזיליקום ואגוזים180,"פרסקו חצבה 2006 בע""\מ",IL,פסטו,גרמים,180.00,100 גרם,false,1,11.90,6.61,true,1,
7296073429814,false,צימצורי שופרסל 180 גרם,"פרסקו חצבה 2006 בע""\מ",IL,צימצורי,גרמים,180.00,100 גרם,false,1,11.90,6.61,true,1,
7296073429890,false,"אורז בסמטי שופרסל 1 ק""ג",צמן,IN,אורז בסמטי,קילוגרמים,1.00,"ק""ג",false,1,10.90,10.90,true,1,
7296073430599,false,קפסולות מס 14 לנספרסו50ג,DELICA,CH,קפסולות מס 14,גרמים,50.00,100 גרם,false,1,14.90,29.80,true,1,
7296073430605,false,קפסולות מס 13 לנספרסו50ג,DELICA,CH,קפסולות מס 13,גרמים,50.00,100 גרם,false,1,14.90,29.80,true,1,
7296073430612,false,דלעת ארוזה,בוסתן,IL,דלעת ארוזה,קילוגרמים,0.00,"ק""ג",true,1,9.90,9.90,true,1,
7296073430636,false,אבוקדו ארוז ברשת,גרנות,IL,אבוקדו ברשת,קילוגרמים,0.00,"ק""ג",true,1,8.90,8.90,true,1,
7296073431114,false,רביולי תרד פרימיום 300 ג,פסטה נונה,IL,רביולי תרד פרימי,גרמים,300.00,100 גרם,false,1,18.90,6.30,true,1,
7296073431121,false,רביולי גבינה פרימיום 300,פסטה נונה,IL,רביולי גבינה פרי,גרמים,300.00,100 גרם,false,1,18.90,6.30,true,1,
7296073431138,false,רביולי בטטה פרימיום 300,פסטה נונה,,רביולי בטטה פרימ,יחידה,1.00,יחידה,false,0,18.90,18.90,true,1,
7296073431152,false,מיקס עגבניה שרי,עידו נחום,IL,מיקס עגבניות שרי,גרמים,460.00,100 גרם,false,1,9.90,2.15,true,1,
7296073431244,false,גאודה נטול לקטוז 150 גרם,,PL,גאודה נטול לקטוז,גרמים,150.00,100 גרם,false,1,7.50,5.00,true,1,
7296073431565,false,צלחות גדולות מקנה סוכר,,CN,צלחות מקנה סוכר,יחידה,1.00,יחידה,false,1,17.90,17.90,true,1,
7296073431589,false,צלחות קטנות מקנה סוכר,,CN,צלחת קנה סוכר,יחידה,1.00,יחידה,false,1,9.90,9.90,true,1,
7296073431862,false,עוגת מאפין שוקו וניל500ג,גידרון,IL,עוגת מאפין שיש,גרמים,500.00,100 גרם,false,1,20.00,4.00,true,1,
7296073431879,false,עוגת מאפין שוקו צ'יפס500,גידרון,IL,מאפין שוקוצ'יפס,גרמים,500.00,100 גרם,false,1,20.00,4.00,true,1,
7296073431886,false,עוגת מאפין שוקולד 500גרם,גידרון,IL,מאפין טעם שוקו,גרמים,500.00,100 גרם,false,1,20.00,4.00,true,1,
7296073431893,false,עוגת מאפין אגוזים 500גרם,,IL,מאפין אגוזים,גרמים,550.00,100 גרם,false,1,20.00,3.64,true,1,
7296073431909,false,עוגת מאפין תפוח עץ500גרם,גידרון,IL,מאפין תפוח עץ,גרמים,500.00,100 גרם,false,1,20.00,4.00,true,1,
7296073431916,false,עוגת מאפין תפוז 500גרם,גידרון,IL,מאפין בטעם תפוז,גרמים,500.00,100 גרם,false,1,20.00,4.00,true,1,
7296073432081,false,עוגת היער השחור 850 גרם,גידרון,IL,עוגת היער השחור,גרמים,850.00,100 גרם,false,1,69.90,8.22,true,1,
7296073432258,false,פס גבינה מעודן+אוכמנ650ג,גידרון,IL,פס גבינה+אוכמנ,גרמים,650.00,100 גרם,false,1,42.90,6.60,true,1,
7296073432326,false,מטלית אנטיבקטראל למשטחים,LTD Y.B.T.C,CN,מטלית למשטחים,יחידה,1.00,יחידה,false,1,5.90,5.90,true,1,
7296073432333,false,מטלית אנטיבקטראלי לרצפה,LTD Y.B.T.C,CN,מטלית לרצפה,יחידה,1.00,יחידה,false,1,10.90,10.90,true,1,
7296073440093,false,ג'ל כביסה מרוכז כחול 5ל,גליל כימיקלים,IL,ג'ל כביסה פרשבלו,ליטרים,5.00,ליטר,false,1,37.90,7.58,true,1,
7296073440109,false,קפסולות לכביסה 36 יחידות,גליל כימיקלים בעמ,IL,קפסולות לכביסה,יחידה,1.00,יחידה,false,1,32.00,32.00,true,1,
7296073440956,false,קינואה שופרסל זיפר 500 ג,"הנמל אריזות ושיווק בע""\מ",PE,קינואה זיפר,גרמים,500.00,100 גרם,false,1,12.90,2.58,true,1,
7296073440963,false,"קינואה שופרסל זיפר 1 ק""ג","הנמל אריזות ושיווק בע""\מ",PE,קינואה זיפר,קילוגרמים,1.00,"ק""ג",false,1,22.90,22.90,true,1,
7296073441335,false,פריכיות אורז מלא 110 גרם,"פרח תעשיות מזון בע""\מ",IL,פריכיות אורז מלא,גרמים,110.00,100 גרם,false,1,6.00,5.45,true,1,
7296073441366,false,פריכיות חומוס וקינואה110,"פרח תעשיות מזון בע""\מ",IL,פריכיות חומוס,גרמים,110.00,100 גרם,false,1,9.90,9.00,true,1,
7296073441373,false,פריכיות חומוס וצ'יה110ג,"פרח תעשיות מזון בע""\מ",IL,פריכיות חומוס,גרמים,110.00,100 גרם,false,1,9.90,9.00,true,1,
7296073441625,false,ג'ל רחצה לגבר 3 ב1- 700מ,טאהא קימיה,,ג'ל רחצה לגבר,יחידה,1.00,יחידה,false,0,8.90,8.90,true,1,
7296073441885,false,כריות יפניות אנטיבקטריאל,פלסטו פוליש,IL,כריות יפניות,יחידה,1.00,יחידה,false,1,9.90,9.90,true,1,
7296073442219,false,כדורי דגנים חום לבן500גר,CERERA,LT,כדורי דגנים,גרמים,500.00,100 גרם,false,1,12.50,2.50,true,1,
7296073442226,false,צדפים דגנים ט.שוקולד500ג,CERERA,LT,דגנים צדפים,גרמים,500.00,100 גרם,false,1,12.50,2.50,true,1,
7296073442349,false,סילאן טבעי לחיץ שופר840ג,"טעמי הגליל בע""\מ",IL,סילאן לחיץ,גרמים,840.00,100 גרם,false,1,21.90,2.61,true,1,
7296073444145,false,"תמר מג'הול מעולה 1ק""ג",הדיקלאים,IL,תמר מג'הול מעולה,קילוגרמים,1.00,"ק""ג",false,1,26.90,26.90,true,1,
7296073444190,false,ברוקולי 350גרם,מרינה,IL,ברוקולי,גרמים,350.00,100 גרם,false,1,10.90,3.11,true,1,
7296073444213,false,52 חיתולים שלב 3 שופרסל,די.פי.אל תעשיות מוצרים ח,IL,חיתולים שופרסל,יחידה,1.00,יחידה,false,1,29.90,29.90,true,1,
7296073444220,false,42 חיתולים שלב 4 שופרסל,די.פי.אל תעשיות מוצרים ח,IL,חיתולים שופרסל,יחידה,1.00,יחידה,false,1,29.90,29.90,true,1,
7296073444237,false,40חיתולים שלב 4+ שופרסל,די.פי.אל תעשיות מוצרים ח,IL,חיתולים שופרסל,יחידה,1.00,יחידה,false,1,29.90,29.90,true,1,
7296073444251,false,30 חיתולים שלב 6 שופרסל,די.פי.אל תעשיות מוצרים ח,IL,חיתולים שופרסל,יחידה,1.00,יחידה,false,1,29.90,29.90,true,1,
7296073444428,false,קינואה אורגנית אדומה340ג,,PE,קינואה אורגנית,גרמים,340.00,100 גרם,false,1,13.90,4.09,true,1,
7296073444633,false,גלילי וופל טעם שוקולד100,"מנעמים תעשיות מזון בע""\מ",IL,גלילי וופל,גרמים,100.00,100 גרם,false,1,4.90,4.90,true,1,
7296073445159,false,תחתיות ארטישוק 400 גרם,INDUSTRY FOOD FOR SILVA,EG,תחתיות ארטישוק,גרמים,400.00,100 גרם,false,1,12.90,3.23,true,1,
7296073445166,false,במיה קפואה 600 גרם,INDUSTRY FOOD FOR SILVA,IL,במיה 600 גרם,גרמים,600.00,100 גרם,false,1,12.90,2.15,true,1,
7296073445548,false,"מכשיר גילוח ר""פ לנשים2+",EDGEWELL,US,מ.גילוח לנשים,יחידה,1.00,יחידה,false,1,34.90,34.90,true,1,
7296073445555,false,סכיני גילוח רב''פ לנשים,EDGEWELL,US,סכיני גילוח נשים,יחידה,1.00,יחידה,false,1,29.90,29.90,true,1,
7296073445579,false,תמר מגהול אורגני פרימ500,הדקלאים,IL,תמר מג'הול,גרמים,500.00,100 גרם,false,1,19.90,3.98,true,1,
7296073445678,false,קצף אקונומיקה לוונדר 1 ל,קומפלקס כימיקלים,IL,קצף אקונומיקה,ליטרים,1.00,ליטר,false,1,12.70,12.70,true,1,
7296073445685,false,"מחית תפו""ע שופרסל 90 ג",DELAFRUIT,ES,"מחית תפו""ע",גרמים,90.00,100 גרם,false,1,4.90,5.44,true,1,
7296073445692,false,"מחית תפו""ע בננה שופרסל90",DELAFRUIT,ES,"מחית תפו""ע ובננה",גרמים,90.00,100 גרם,false,1,4.90,5.44,true,1,
7296073445708,false,מחית תפוח אפרסק בננה 90ג,DELAFRUIT,ES,מחית מיקס פירות,גרמים,90.00,100 גרם,false,1,4.90,5.44,true,1,
7296073446279,false,ממרח שקדים 300 גרם,ג'י אנד ג'י,IL,ממרח שקדים,גרמים,300.00,100 גרם,false,1,29.90,9.97,true,1,
7296073446996,false,גביעי ופל גלידריה שחור88,גילרו,IL,גביעי גלידריה,גרמים,88.00,100 גרם,false,1,13.90,15.80,true,1,
7296073447108,false,קמח עמילן ללא גלוטן500,,IT,קמח בסיס עמילן,גרמים,500.00,100 גרם,false,1,14.90,2.98,true,1,
7296073447528,false,קרקר עגבניות ובזיליקו105,אלביסקו,GR,קרקר עגבניות,גרמים,105.00,100 גרם,false,1,6.90,6.57,true,1,
7296073447535,false,קרקר תרד ושמיר 105 גרם,אלביסקו,GR,קרקר תרד ושמיר,גרמים,105.00,100 גרם,false,1,6.90,6.57,true,1,
7296073447917,false,מגבונים לחיטוי וניקוי400,סאסאטק,IL,מגבונים לחיטוי,יחידה,1.00,יחידה,false,1,29.90,29.90,true,1,
7296073447955,false,גלידה בטעם טירמיסו,פלקו,IL,גלידת טירמיסו,ליטרים,1.40,ליטר,false,1,17.90,12.79,true,1,
7296073448105,false,חטיף ש.שועל+קינמון42*5ג,"אפקטבעי בע""\מ",IL,חטיף שבולת שועל,גרמים,210.00,100 גרם,false,1,13.90,6.62,true,1,
7296073448112,false,חטיף ש.שועל+דבש42*5ג,"אפקטבעי בע""\מ",IL,חטיף שבולת שועל,גרמים,210.00,100 גרם,false,1,13.90,6.62,true,1,
7296073448129,false,חטיף ש.שועל+מייפל42*5ג,"אפקטבעי בע""\מ",IL,חטיף שבולת שועל,גרמים,210.00,100 גרם,false,1,13.90,6.62,true,1,
7296073448136,false,חטיף ש.שועל שוק.מריר42*5,"אפקטבעי בע""\מ",IL,חטיף שבולת שועל,גרמים,210.00,100 גרם,false,1,13.90,6.62,true,1,
7296073448150,false,מברשת לבקבוק מוסקו,פולסוס,CN,מברשת בקבוקים,יחידה,1.00,יחידה,false,1,10.90,10.90,true,1,
7296073448174,false,מברשת+יעה,פולסוס,CN,מברשת+יעה,יחידה,1.00,יחידה,false,1,15.90,15.90,true,1,
7296073449133,false,"מרכך לנערות 700 מ""ל",BFF,TR,מרכך לנערות 700,מיליליטרים,700.00,"100 מ""ל",false,1,12.90,1.85,true,1,
7296073449492,false,מגבוני בייבי 64*10 יח,דינמיק,IL,מגבוני בייבי 10*,יחידה,1.00,יחידה,false,1,37.80,37.80,true,1,
7296073449508,false,מגבוני ניו בורן 64*4,דינמיק,IL,מגבוני ניו בורן,יחידה,1.00,יחידה,false,1,19.90,19.90,true,1,
7296073449539,false,"סבון קוביה כחול 500 מ""ל",טאהא קימיה,TR,סבון קוביה כחול,מיליליטרים,500.00,"100 מ""ל",false,1,9.90,1.98,true,1,
7296073449881,false,מגבות נייר גליל כפול 6יח,שניב תעשיות נייר,IL,מגבות נייר,מטרים,130.00,מטר,false,1,18.90,0.15,true,1,
7296073449980,false,גביעי גלידריה צהוב88גרם,גילרו,IL,גביעי גלידה צהוב,גרמים,88.00,100 גרם,false,1,13.90,15.80,true,1,
7296073450313,false,תות בננה תמר קפוא לשייק,D.O.O LAKI,RS,תות בננה תמר קפו,גרמים,450.00,100 גרם,false,1,19.90,4.42,true,1,
7296073450320,false,מנגו תות תמר קפוא לשייק,D.O.O LAKI,RS,מנגו תות תמר קפו,גרמים,450.00,100 גרם,false,1,19.90,4.42,true,1,
7296073450726,false,פריכי.משולש פלפל שחור30ג,"פרח תעשיות מזון בע""\מ",IL,פריכיות משולשים,גרמים,30.00,100 גרם,false,1,3.90,13.00,true,1,
7296073450733,false,פריכיות משולש ברביקיו30ג,"פרח תעשיות מזון בע""\מ",IL,פריכיות משולשים,גרמים,30.00,100 גרם,false,1,3.90,13.00,true,1,
7296073450740,false,פריכיות משולשים ט.טבעי30,"פרח תעשיות מזון בע""\מ",IL,פריכיות משולשים,גרמים,30.00,100 גרם,false,1,3.90,13.00,true,1,
7296073450771,false,לקט קפוא דלעת גזר גמדי,פרי גליל,IL,לקט קפוא דלעת גז,גרמים,800.00,100 גרם,false,1,18.90,2.36,true,1,
7296073451044,false,3 מפות אל בד חלק 120*180,,CN,מפות אל בד,יחידה,1.00,יחידה,false,1,19.90,19.90,true,1,
7296073451068,false,חיתולי טטרא במבוק 2 יח',SUN,CN,זוג טטרא במבוק,יחידה,1.00,יחידה,false,1,34.90,34.90,true,1,
7296073451204,false,סדין למיטת תינוק מודפס,SUN,CN,סדין למיטת תינוק,יחידה,1.00,יחידה,false,1,29.90,29.90,true,1,
7296073451211,false,סדין חלק למיטת תינוק,SUN,CN,סדין תינוק,יחידה,1.00,יחידה,false,1,29.90,29.90,true,1,
7296073451235,false,שמיכת אינטרלוק,SUN,CN,שמיכת טריקו,יחידה,1.00,יחידה,false,1,49.90,49.90,true,1,
7296073451280,false,דאו.ספרייאנטי פרספפו150מ,סאסא קוסמטיקס,IL,דאו.ספרייאנטי,מיליליטרים,150.00,"100 מ""ל",false,1,11.90,7.93,true,1,
7296073451471,false,מלוואח ללא גלוטן 500 גרם,גידרון,IL,מלוואח ללא גלוטן,גרמים,400.00,100 גרם,false,1,22.90,5.73,true,1,
7296073451488,false,ג'חנון ללא גלוטן 400 גרם,גידרון,IL,ג'חנון ללא גלוטן,גרמים,400.00,100 גרם,false,1,21.90,5.48,true,1,
7296073451495,false,בצק עלים ללא גלוטן 450 ג,גידרון,IL,בצק עלים ל.גלוטן,גרמים,450.00,100 גרם,false,1,20.90,4.64,true,1,
7296073451501,false,"בורקס תפו""א ללא גלוטן500",גידרון,IL,"בורקס תפו""א",גרמים,500.00,100 גרם,false,1,23.90,4.78,true,1,
7296073451518,false,בורקס גבינה ל.גלוטן500ג,גידרון,IL,בורקס גבינה,גרמים,500.00,100 גרם,false,1,23.90,4.78,true,1,
7296073451570,false,בורקס פיצה ללא גלוטן500ג,גידרון,IL,בורקס פיצה,גרמים,500.00,100 גרם,false,1,23.90,4.78,true,1,
7296073451914,false,פסטו בזיליקום שופרסל,"פרסקו חצבה 2006 בע""\מ",IL,פסטו בזיליקום שו,גרמים,180.00,100 גרם,false,1,13.90,7.72,true,1,
7296073451921,false,פסטו כוסברה שופרסל,"פרסקו חצבה 2006 בע""\מ",IL,פסטו כוסברה שופר,גרמים,180.00,100 גרם,false,1,13.90,7.72,true,1,
7296073451938,false,טפנד זיתים שחורים שופרסל,"פרסקו חצבה 2006 בע""\מ",IL,טפנד זיתים שחורי,גרמים,180.00,100 גרם,false,1,13.90,7.72,true,1,
7296073451945,false,טפנד זיתים ירוקים שופרסל,"פרסקו חצבה 2006 בע""\מ",IL,טפנד זיתים ירוקי,גרמים,180.00,100 גרם,false,1,13.90,7.72,true,1,
7296073451952,false,ממרח שום שופרסל 180 גרם,"פרסקו חצבה 2006 בע""\מ",IL,ממרח שום שופרסל,גרמים,180.00,100 גרם,false,1,13.90,7.72,true,1,
7296073451976,false,ממרח עגבניות שופרסל,"פרסקו חצבה 2006 בע""\מ",IL,ממרח עגבניות שופ,גרמים,180.00,100 גרם,false,1,13.90,7.72,true,1,
7296073451990,false,ממרח צ'ימיצ'ורי שופרסל,"פרסקו חצבה 2006 בע""\מ",IL,ממרח צ'ימיצ'ורי,גרמים,180.00,100 גרם,false,1,13.90,7.72,true,1,
7296073452577,false,מרשמלו ורוד לבן 180 גרם,"כרמית מזון בע""\מ",IL,מרשמלו ורוד לבן,גרמים,180.00,100 גרם,false,1,5.90,3.28,true,1,
7296073452584,false,מרשמלו טוויסטר 180 גרם,"כרמית מזון בע""\מ",IL,מרשמלו טוויסטר,גרמים,180.00,100 גרם,false,1,5.90,3.28,true,1,
7296073452645,false,גזר צבעוני,גזר שליט,IL,גזר צבעוני,גרמים,630.00,100 גרם,false,1,6.90,1.10,true,1,
7296073453932,false,אורז בסגנון מקסיקני250ג,מניופקטר,FR,תבשיל אורז,גרמים,250.00,100 גרם,false,1,7.90,3.16,true,1,
7296073453949,false,בורגול בסג.ים תיכוני250ג,מניופקטר,FR,תבשיל בורגול,גרמים,250.00,100 גרם,false,1,7.90,3.16,true,1,
7296073453956,false,אורז בסגנון הודי 250 גרם,מניופקטר,FR,אורז בסגנון הודי,גרמים,250.00,100 גרם,false,1,7.90,3.16,true,1,
7296073453970,false,שניצל עוף אמיתי מעודן,מילועוף,IL,שניצל עוף אמיתי,גרמים,700.00,100 גרם,false,1,26.90,3.84,true,1,
7296073454441,false,זית ירוק ממולא שום70ג,מניופקטר,GR,זיתים ממולאים,גרמים,70.00,100 גרם,false,1,5.90,8.43,true,1,
7296073454885,false,נייר אפייה 100יח 38X42סמ,,PL,נייר אפייה,יחידה,1.00,יחידה,false,1,21.90,21.90,true,1,
7296073455356,false,טרליני בטעם טבעי 400 גרם,ATLANTE,IT,טרליני בטעם טבעי,גרמים,400.00,100 גרם,false,1,12.90,3.23,true,1,
7296073455387,false,טרליני עם שומר 400 גרם,ATLANTE,IT,טרליני עם שומר,גרמים,400.00,100 גרם,false,1,12.90,3.23,true,1,
7296073455400,false,טרליני חריף עם צ'ילי400ג,ATLANTE,IT,טרליני חריף,גרמים,400.00,100 גרם,false,1,12.90,3.23,true,1,
7296073455417,false,טרליני בטעם בצל 400 גרם,ATLANTE,IT,טרליני בטעם בצל,גרמים,400.00,100 גרם,false,1,12.90,3.23,true,1,
7296073456360,false,עוגת גבינה פרורים 92*2גר,עדן קינוחים,IL,עוגת גבינה זוג,גרמים,184.00,100 גרם,false,1,12.90,7.01,true,1,
7296073457237,false,שוקולד עם עוגיות 100 גרם,דליקה,CH,שוקולד עם עוגיות,גרמים,100.00,100 גרם,false,1,5.00,5.00,true,1,
7296073457244,false,שוקולד חלב קורנפלקס 100ג,דליקה,CH,שוקולד חלב,גרמים,100.00,100 גרם,false,1,5.00,5.00,true,1,
7296073457268,false,שוקולד חלב+נוגט וקרמל100,דליקה,CH,שוקולד חלב,גרמים,100.00,100 גרם,false,1,5.00,5.00,true,1,
7296073457619,false,מחית תפוח דלעת ופשתן 90ג,DELAFRUIT,ES,מחית תפוח דלעת,גרמים,90.00,100 גרם,false,1,4.90,5.44,true,1,
7296073457992,false,שורש גינגר טרי ארוז,POMMER,IL,שורש גינגר טרי,גרמים,250.00,100 גרם,false,1,9.90,3.96,true,1,
7296073458036,false,תירס גמדי שלם במי מלח425,מאנפאקטור,TH,תירס גמדי שלם,גרמים,425.00,100 גרם,false,1,5.90,1.39,true,1,
7296073459200,false,מיקס להכנת לחם כהה 500 ג,NIEDZWIADY MLYN,PL,מיקס להכנת לחם,גרמים,500.00,100 גרם,false,1,18.90,3.78,true,1,
7296073459620,false,"צלחת גדולה ""10 שקופה 50",,TR,צלחת גדולה,יחידה,1.00,יחידה,false,1,39.00,39.00,true,1,
7296073459637,false,"צלחת גדולה ""9 שקופה 75יח",,TR,צלחת גדולה,יחידה,1.00,יחידה,false,1,39.00,39.00,true,1,
7296073459651,false,צלחת מרק שקופה100יח,,TR,צלחת מרק,יחידה,1.00,יחידה,false,1,39.00,39.00,true,1,
7296073461968,false,בייגלה עם בצל מקורמל 200,אלקה קו,RO,בייגלה עם בצל,גרמים,200.00,100 גרם,false,1,10.00,5.00,true,1,
7296073461982,false,בייגלה עם עגבניות 200גרם,אלקה קו,RO,בייגלה +עגבניות,גרמים,200.00,100 גרם,false,1,10.00,5.00,true,1,
7296073472797,false,"קמח חיטה לבן מנופה 1 ק""ג","שטיבל בע""\מ",IL,קמח לבן מנופה,קילוגרמים,1.00,"ק""ג",false,1,6.90,6.90,true,1,
7296073472827,false,"קמח תופח לבן מנופה 1 ק""ג","שטיבל בע""\מ",IL,קמח תופח מנופה,קילוגרמים,1.00,"ק""ג",false,1,8.90,8.90,true,1,
7296073472841,false,"קמח חיטה מלא מנופה 1 ק""ג","שטיבל בע""\מ",IL,קמח חיטה מלאה,קילוגרמים,1.00,"ק""ג",false,1,8.90,8.90,true,1,
7296073472896,false,"קמח כוסמין מנופה 1 ק""ג","שטיבל בע""\מ",IL,קמח כוסמין מנופה,קילוגרמים,1.00,"ק""ג",false,1,12.90,12.90,true,1,
7296073473466,false,סילאן אורגני לחיץ 470 ג,,AE,סילאן אורגני,גרמים,470.00,100 גרם,false,1,18.90,4.02,true,1,
7296073473497,false,בולגרית מעודנת 5% 250 גר,מחלבות רמת הגולן,IL,בולגרית מעודנת,גרמים,250.00,100 גרם,false,1,17.90,7.16,true,1,
7296073473503,false,בולגרית 5% שופרסל 250 גר,מחלבות רמת הגולן,IL,גבינה בולגרית,גרמים,250.00,100 גרם,false,1,17.90,7.16,true,1,
7296073473510,false,בולגרית 16% שופרסל 250 ג,מחלבות רמת הגולן,IL,גבינה בולגרית,גרמים,250.00,100 גרם,false,1,17.90,7.16,true,1,
7296073473527,false,צפתית5% מעודנת שופרסל200,מחלבות רמת הגולן,IL,צפתית 5% מעודנת,גרמים,200.00,100 גרם,false,1,10.90,5.45,true,1,
7296073473596,false,פיתה ציפס בטעם טבעי 90 ג,SRL ONE,IT,פיתה ציפס,גרמים,90.00,100 גרם,false,1,5.90,6.56,true,1,
7296073473602,false,פיתה ציפס בטעם פפריקה90ג,SRL ONE,IT,פיתה צ'יפס,גרמים,90.00,100 גרם,false,1,5.90,6.56,true,1,
7296073473619,false,"צלחת דקל עגול 25 ס""מ 10",,IN,צלחת דקל,יחידה,1.00,יחידה,false,1,19.90,19.90,true,1,
7296073473664,false,עוגת שוקולד ללא גלוטן350,גידרון,IL,עוגת שוקולד,גרמים,350.00,100 גרם,false,1,19.90,5.69,true,1,
7296073473671,false,עוגת תפוזים ללא גלוטן350,גידרון,IL,עוגת תפוזים,גרמים,350.00,100 גרם,false,1,19.90,5.69,true,1,
7296073473688,false,"עוגת שוקוציפס לל""ג350ג",גידרון,IL,עוגת שוקוציפס,גרמים,350.00,100 גרם,false,1,19.90,5.69,true,1,
7296073473800,false,ספגטי קונג'אק ל.גלוטן270,MORNING EASTERN SICHUAN,CN,ספגטי קונג'אק,גרמים,270.00,100 גרם,false,1,9.90,3.67,true,1,
7296073473817,false,פטוציני קונג'אק 270 גרם,MORNING EASTERN SICHUAN,CN,פטוצ'יני קונג'אק,גרמים,270.00,100 גרם,false,1,9.90,3.67,true,1,
7296073473824,false,נודלס קונג'אק ל.גלוטן270,MORNING EASTERN SICHUAN,CN,נודלס קונג'אק,גרמים,270.00,100 גרם,false,1,9.90,3.67,true,1,
7296073473886,false,משקה סויה מתוק.מעודן1ל,,ES,משקה סויה אורגני,ליטרים,1.00,ליטר,false,1,11.90,11.90,true,1,
7296073473909,false,תרסיס שמן קנולה שופר150מ,מאנפקטור,ES,תרסיס שמן,מיליליטרים,150.00,"100 מ""ל",false,1,14.90,9.93,true,1,
7296073473916,false,תרסיס שמן זית כתית 150 מ,מאנפקטור,ES,תרסיס שמן,מיליליטרים,150.00,"100 מ""ל",false,1,14.90,9.93,true,1,
7296073473923,false,תרסיס שמן בטעם חמאה 150,מאנפקטור,ES,תרסיס שמן,מיליליטרים,150.00,"100 מ""ל",false,1,11.90,7.93,true,1,
7296073484004,false,שמן קנולה מזוכך 1 ליטר,בורחס,ES,שמן קנולה מזוכך,ליטרים,1.00,ליטר,false,1,9.90,9.90,true,1,
7296073484059,false,שמן סויה שופרסל 1 ליטר,סובנה,PT,שמן סויה,ליטרים,1.00,ליטר,false,1,10.90,10.90,true,1,
7296073484240,false,שקיות אוכל 150*2 יחידות,אשפלסט,IL,שקיות אוכל זוג,יחידה,1.00,יחידה,false,1,11.90,11.90,true,1,
7296073484257,false,בורקס טבעוני בטעם גבינה,גידרון,IL,בורקס טבעוני,גרמים,800.00,100 גרם,false,1,24.90,3.11,true,1,
7296073484332,false,קפסולות קפה 14 יחידות,DELICA,CH,סט 14 קפסולות,יחידה,1.00,יחידה,false,1,14.90,14.90,true,1,
7296073484462,false,"תחליב ושמפו 2 ב1- 750מ""ל",BFF,TR,תחליב ושמפו 2 ב1,מיליליטרים,750.00,"100 מ""ל",false,1,16.90,2.25,true,1,
7296073484479,false,קפסולות לכביסה22 יחידות,גליל כימיקלים בעמ,IL,קפסולות לכביסה,יחידה,1.00,יחידה,false,1,19.90,19.90,true,1,
7296073484769,false,מטלית רצפה עם חור למגב,סדובסקי,CN,מטלית רצפה,יחידה,1.00,יחידה,false,1,9.90,9.90,true,1,
7296073484776,false,2כריות ניקוי כלי נירוסטה,"סדובסקי בע""\מ",IL,כריות ניקוי 2 יח,יחידה,1.00,יחידה,false,1,7.90,7.90,true,1,
7296073484783,false,תמצית וניל לאפייה 30 מל,מיה,IL,תמצית וניל אמיתי,מיליליטרים,30.00,"100 מ""ל",false,1,21.90,73.00,true,1,
7296073484981,false,קרם קוקוס 24%-22% 500מל,תאי קוקונט אל טי די,TH,קרם קוקוס,מיליליטרים,500.00,"100 מ""ל",false,1,8.90,1.78,true,1,
7296073484998,false,נוזל קוקוס 18%-17% 500גר,תאי קוקונט אל טי די,TH,נוזל קוקוס,מיליליטרים,500.00,"100 מ""ל",false,1,8.90,1.78,true,1,
7296073485001,false,קצפת קוקוס 500 גרם,תאי קוקונט אל טי די,TH,קצפת קוקוס,מיליליטרים,400.00,"100 מ""ל",false,1,11.90,2.98,true,1,
7296073485018,false,מיוקטשופ 430 גרם,אסיור,ES,מיוקטשופ,גרמים,430.00,100 גרם,false,1,10.90,2.54,true,1,
7296073485629,false,גרנולה בתוספת גרעינים300,"אפקטבעי בע""\מ",IL,גרנולה בתוספת,גרמים,300.00,100 גרם,false,1,16.90,5.63,true,1,
7296073485636,false,גרנולה בתוספת בוטנים300ג,"אפקטבעי בע""\מ",IL,גרנולה סויה,גרמים,300.00,100 גרם,false,1,16.90,5.63,true,1,
7296073495758,false,חסה לאליק הידרופונית,יגור חקלאות ועסקים,IL,חסה לאליק הידרופ,גרמים,190.00,100 גרם,false,1,12.90,6.79,true,1,
7296073495819,false,סבון לאסלה 50*3 גרם,רנקסאן פלסטיק סונגר סאן,TR,סבון לאסלה,גרמים,150.00,100 גרם,false,1,9.90,6.60,true,1,
7296073495826,false,טופו צ'ילי גרין 300 גרם,משק ויילר,IL,טופו צ'ילי גרין,גרמים,300.00,100 גרם,false,1,12.50,4.17,true,1,
7296073495857,false,טופו אורגני רך 300 גרם,"משק ויילר בע""\מ",IL,טופו אורגני,גרמים,300.00,100 גרם,false,1,9.90,3.30,true,1,
7296073496090,false,חט.פריכונים עם דבש80גרם,NETHERLANDS SANORICE,BE,חטיפי פריכונים,גרמים,80.00,100 גרם,false,1,6.50,8.13,true,1,
7296073496113,false,בצק פילו 500 גרם,ARABATZIS,GR,בצק פילו 500 גרם,גרמים,500.00,100 גרם,false,1,11.90,2.38,true,1,
7296073496144,false,זית ירוק נטולי גלעין390ג,"בית השיטה תעשיות בע""\מ",IL,זיתים ירוקים,גרמים,390.00,100 גרם,false,1,6.90,1.77,true,1,
7296073496151,false,זית קלמטה נטולי גלעין560,"בית השיטה תעשיות בע""\מ",IL,זיתי קלמטה,גרמים,560.00,100 גרם,false,1,10.90,1.95,true,1,
7296073496168,false,זיתים מרוקאי 340 גרם,"בית השיטה תעשיות בע""\מ",IL,זיתים מרוקאי,גרמים,340.00,100 גרם,false,1,10.90,3.21,true,1,
7296073496311,false,WOW קראנץ קרמל/טופי 90גר,INNOVATION WAWI,DE,WOW קראנץ ט.קרמל,גרמים,90.00,100 גרם,false,1,9.90,11.00,true,1,
7296073496342,false,WOW ק.בוטנים+פיצפוצים110,INNOVATION WAWI,DE,WOW ק.בוטנים,גרמים,110.00,100 גרם,false,1,10.00,9.09,true,1,
7296073496489,false,שעועית אדומה מושרית מבוש,פרי גליל,IL,שעועית אדומה מבו,גרמים,800.00,100 גרם,false,1,15.90,1.99,true,1,
7296073496625,false,מגבונים לחיטוי+ניקוי250י,סאסאטק,IL,מגבוני ניקוי דלי,יחידה,1.00,יחידה,false,1,21.90,21.90,true,1,
7296073496748,false,"מגש דקל מלבני 34*26 ס""מ",,CN,מגש דקל,יחידה,1.00,יחידה,false,1,14.90,14.90,true,1,
7296073496793,false,תמרים דחוסים ללא חרצנים,"טעמי הגליל בע""\מ",IL,תמר דחוס,גרמים,500.00,100 גרם,false,1,13.90,2.78,true,1,
7296073496816,false,עגבניות מרוסקות400*3ג,S.P.A DAVIA,IT,עגבניות מרוסק3יח,קילוגרמים,1.20,"ק""ג",false,1,17.90,14.92,true,1,
7296073496823,false,עגבניות אורג.קוביות400ג,S.P.A DAVIA,IT,עגבניות אורגניות,גרמים,400.00,100 גרם,false,1,3.90,0.98,true,1,
7296073496830,false,עגבנ.אורגניות מקולפות400,S.P.A DAVIA,IT,עגבניות אורגניות,גרמים,400.00,100 גרם,false,1,3.90,0.98,true,1,
7296073497264,false,תערובת להכנת פרצל 300 גר,"י. כהן בע""\מ",IL,תערובת הכנת פרצל,גרמים,300.00,100 גרם,false,1,14.90,4.97,true,1,
7296073497271,false,תערוב.הכנת עוגת שמרים300,"י. כהן בע""\מ",IL,תערובת הכנת עוגה,גרמים,300.00,100 גרם,false,1,14.90,4.97,true,1,
7296073497318,false,פול מטוגן 150גרם,ששון ושות,CN,פול מטוגן 150גרם,גרמים,150.00,100 גרם,false,1,11.90,7.93,true,1,
7296073497455,false,"פצפוצי אורז ללת""ס 450גרם",אשבול,IL,פצפוצי אורז,גרמים,450.00,100 גרם,false,1,16.90,3.76,true,1,
7296073497622,false,עוגיות קרמבו שוקו 200 גר,"אפיפית נצרת (1971) בע""\מ",IL,עוגיות בטעם שוקו,גרמים,200.00,100 גרם,false,1,5.90,2.95,true,1,
7296073497721,false,ש.שועל דקה ללא גלוטן500ג,,IL,שיבולת שועל דקה,גרמים,500.00,100 גרם,false,1,17.90,3.58,true,1,
7296073497738,false,ש.שועל עבה ללא גלוטן500ג,,IL,שבולת שועל עבה,גרמים,500.00,100 גרם,false,1,17.90,3.58,true,1,
7296073497745,false,עגבניות חתוכות דק400*3גר,לה דוריה,IT,3 עגבניות חתוכות,קילוגרמים,1.20,"ק""ג",false,1,14.90,12.42,true,1,
7296073497752,false,מארז קפסולות קפה,DELICA,CH,קפסולות קפה,יחידה,1.00,יחידה,false,1,14.90,14.90,true,1,
7296073497813,false,סילאן אורגני 900 גרם,FACTORY DATES BARAKAH AL,AE,סילאן אורגני,גרמים,900.00,100 גרם,false,1,24.90,2.77,true,1,
7296073513629,false,מגבוני ניקוי עם חומץ50יח,עלבד,IL,מגבוני ניקוי,יחידה,1.00,יחידה,false,1,8.90,8.90,true,1,
7296073513636,false,מטליות להסרת שומנים40יח,עלבד,IL,מגבונים ניקוי,יחידה,1.00,יחידה,false,1,8.90,8.90,true,1,
7296073514541,false,ברזלית 6 יחידות,"סדובסקי בע""\מ",CN,ברזלית 6 יחידות,יחידה,1.00,יחידה,false,1,13.80,13.80,true,1,
7296073514848,false,שזיף מגולען באריזת זיפר,PEYMAN,TR,שזיף מגולען,גרמים,200.00,100 גרם,false,1,14.90,7.45,true,1,
7296073514855,false,משמש מיובש באריזת זיפר,PEYMAN,TR,משמש מיובש,גרמים,200.00,100 גרם,false,1,14.90,7.45,true,1,
7296073515043,false,משחת שיניים פחם ומאצ'ה75,MENUFACLURER,BG,משחת שיניים,מיליליטרים,75.00,"100 מ""ל",false,1,17.90,23.87,true,1,
7296073515050,false,"משחת שיניים קוקוס 75 מ""ל",MENUFACLURER,BG,משחת שיניים,מיליליטרים,75.00,"100 מ""ל",false,1,17.90,23.87,true,1,
7296073515104,false,סירופ סילאן בצנצנת 900 ג,"טעמי הגליל בע""\מ",IL,סירופ סילאן,גרמים,900.00,100 גרם,false,1,13.80,1.53,true,1,
7296073515135,false,מלית תמרים 450 גרם,"טעמי הגליל בע""\מ",IL,מלית תמרים,גרמים,450.00,100 גרם,false,1,5.40,1.20,true,1,
7296073515234,false,שורש כורכום יחידה,POMMER,IL,שורש כורכום,גרמים,120.00,100 גרם,false,1,11.90,9.92,true,1,
7296073515623,false,גבינה צהובה 28% 200 גרם,MLEKOVITA,PL,גבינה צהובה,גרמים,200.00,100 גרם,false,1,6.60,3.30,true,1,
7296073515630,false,גבינה צהובה 28% 400 גרם,MLEKOVITA,PL,גבינה צהובה,גרמים,400.00,100 גרם,false,1,13.20,3.30,true,1,
7296073515722,false,נבטי עדשים ירוקות יחידה,נבטי איילון,IL,נבטי עדשים ירוקו,יחידה,1.00,יחידה,false,1,6.90,6.90,true,1,
7296073515746,false,מלבי שמנת 150*2גרם,עדן קינוחים,IL,מלבי שמנת,גרמים,300.00,100 גרם,false,1,12.90,4.30,true,1,
7296073516019,false,דגנים ציפוי שוק.לבן65ג,נטורל קייקס,IL,דגנים בציפוי ללג,גרמים,65.00,100 גרם,false,1,8.90,13.69,true,1,
7296073516026,false,דגנים בציפוי שוקולד 65ג,נטורל קייקס,IL,דגנים בציפוי,גרמים,65.00,100 גרם,false,1,8.90,13.69,true,1,
7296073516132,false,מעדן סולת וקינמון 130*2ג,עדן קינוחים,IL,מעדן סולת,גרמים,260.00,100 גרם,false,1,12.90,4.96,true,1,
7296073516156,false,גליל עיזים שופרסל 180 גר,"שלושת האופים בע""\מ",IL,גליל גבינת עיזים,גרמים,180.00,100 גרם,false,1,21.90,12.17,true,1,
7296073516194,false,בזיליקום 100 גרם,בשמת,IL,בזיליקום,גרמים,100.00,100 גרם,false,1,9.90,9.90,true,1,
7296073526407,false,עוג.במילוי קרם וניל150גר,ויסנצ'י,IT,עוגיות במילוי,גרמים,150.00,100 גרם,false,1,7.90,5.27,true,1,
7296073526414,false,שזיפים אורגניים מיובש250,SERENA,BG,שזיפים אורגניים,גרמים,250.00,100 גרם,false,1,20.90,8.36,true,1,
7296073526445,false,צימוקים אורגניים 500 גרם,FOODS OZGUR,TR,צימוקים אורגניים,גרמים,500.00,100 גרם,false,1,19.90,3.98,true,1,
7296073526483,false,קפה טורקי 4 * 85 גרם,רוני רג'ואן ושות,IL,קפה טורקי 4 יח,גרמים,340.00,100 גרם,false,1,14.90,4.38,true,1,
7296073526520,false,בישקוטים ללא גלוטן 125 ג,ויסנזי,IT,בישקוטים ל.גלוטן,גרמים,125.00,100 גרם,false,1,14.90,11.92,true,1,
7296073526773,false,ג'ל להדברת נמלים10מל,סיקמקס,IL,ג'ל להדברת נמלים,גרמים,15.00,100 גרם,false,1,36.90,246.00,true,1,
7296073526834,false,שקיות אשפה בקרטון 75*2יח,אשפלסט,IL,שקיות אשפה 150יח,יחידה,1.00,יחידה,false,1,42.90,42.90,true,1,
7296073526919,false,פרל שמפו לשיער מוחלק500מ,א.משי תעשיות,IL,שמפו פרל לשיער,מיליליטרים,500.00,"100 מ""ל",false,1,19.90,3.98,true,1,
7296073526926,false,פרל שמפו לשיער צבוע500מל,א.משי תעשיות,IL,שמפו פרל לשיער,מיליליטרים,500.00,"100 מ""ל",false,1,19.90,3.98,true,1,
7296073526957,false,פרל מסכה לשיער מוחלק500מ,א.משי תעשיות,IL,פרל מסכה לשיער,מיליליטרים,500.00,"100 מ""ל",false,1,29.90,5.98,true,1,
7296073527282,false,תירוש מיץ ענבים אדום750מ,כרם מהדרין,IL,תירוש מיץ ענבים,מיליליטרים,750.00,"100 מ""ל",false,1,13.90,1.85,true,1,
7296073527299,false,תירוש מיץ ענבים אדום 1 ל,כרם מהדרין,IL,תירוש מיץ ענבים,ליטרים,1.00,ליטר,false,1,14.50,14.50,true,1,
7296073527374,false,גבינת גאודה מגורדת 400גר,ויליפוד,IL,גאודה מגורדת,גרמים,400.00,100 גרם,false,1,23.90,5.98,true,1,
7296073527381,false,אינסטנט פודינג וניל 1 קג,מיה,IL,פודינג טעם וניל,קילוגרמים,1.00,"ק""ג",false,1,16.90,16.90,true,1,
7296073528531,false,פרל מסכות לשיער צבוע 500,א.משי תעשיות,IL,פרל מסכות לשיער,מיליליטרים,500.00,"100 מ""ל",false,1,29.90,5.98,true,1,
7296073528562,false,"בצק עלים 1 ק""ג",ARABATZIS,GR,בצק עלים,קילוגרמים,1.00,"ק""ג",false,1,14.90,14.90,true,1,
7296073528678,false,תאנים מיובשות 200גרם,ששון ושות,IL,תאנים מיובשות,גרמים,200.00,100 גרם,false,1,13.90,6.95,true,1,
7296073528692,false,מלח ים טבעי שופרסל 500 ג,אינפוסה,ES,מלח ים,גרמים,500.00,100 גרם,false,1,5.90,1.18,true,1,
7296073528708,false,מלח ים טבעי שופרסל 250 ג,אינפוסה,ES,מלח ים,גרמים,250.00,100 גרם,false,1,4.90,1.96,true,1,
7296073528760,false,קיסמי אוזניים עץ שק100יח,אל ואי טי,CN,קיסמי אוזניים,יחידה,1.00,יחידה,false,1,2.00,2.00,true,1,
7296073528777,false,קיסמי אוזניים עץ שק300יח,אל ואי טי,CN,קיסמי אוזניים,יחידה,1.00,יחידה,false,1,5.90,5.90,true,1,
7296073528807,false,קיסמי אוזניים פלסטיק400י,אס טי או,CN,קיסמי אוזניים,יחידה,1.00,יחידה,false,1,10.90,10.90,true,1,
7296073528814,false,קיסמי אוזניים פלסטיק100י,אס טי או,CN,קיסמי אוזניים,יחידה,1.00,יחידה,false,1,2.00,2.00,true,1,
7296073529101,false,פטרוזיליה לתיבול 180גרם,"פרסקו חצבה 2006 בע""\מ",IL,פטרוזיליה לתיבול,גרמים,180.00,100 גרם,false,1,9.90,5.50,true,1,
7296073529125,false,מיקס ים תיכוני לתיבול,"פרסקו חצבה 2006 בע""\מ",IL,מיקס ים תיכוני ל,גרמים,180.00,100 גרם,false,1,9.90,5.50,true,1,
7296073529439,false,"כוסמת קלויה 1 ק""ג",מיה,IL,כוסמת קלויה,קילוגרמים,1.00,"ק""ג",false,1,10.90,10.90,true,1,
7296073529460,false,לקט לחמין 500 גרם,מיה,IL,לקט לחמין,גרמים,500.00,100 גרם,false,1,9.90,1.98,true,1,
7296073529514,false,רוטב 4 גבינות 200 גרם,דורום תעשיות מזון ופסטה,IL,רוטב 4 גבינות,גרמים,200.00,100 גרם,false,1,10.00,5.00,true,1,
7296073529521,false,רוטב רוזה ועגבניות 200 ג,דורום תעשיות מזון ופסטה,IL,רוטב רוזה,גרמים,250.00,100 גרם,false,1,10.00,4.00,true,1,
7296073529972,false,"יין קידוש גפן 750 מ""ל",כרם מהדרין,IL,יין קידוש גפן,מיליליטרים,750.00,"100 מ""ל",false,1,15.90,2.12,true,1,
7296073530091,false,קורנפלור 200 גרם,מיה,IL,קורנפלור 200 גרם,גרמים,200.00,100 גרם,false,1,3.50,1.75,true,1,
7296073530107,false,קורנפלור 500 גרם,מיה,IL,קורנפלור 500 גרם,גרמים,500.00,100 גרם,false,1,4.90,0.98,true,1,
7296073530336,false,תירס גמדי חתוך 425 גרם,מאנפאקטור,TH,תירס גמדי חתוך,גרמים,425.00,100 גרם,false,1,5.90,1.39,true,1,
7296073530343,false,סילאן פרימיום 350 גרם,"טעמי הגליל בע""\מ",IL,סילאן פרימיום,גרמים,350.00,100 גרם,false,1,13.00,3.71,true,1,
7296073530374,false,טחינה אורגנית גרין 500 ג,אחדות,IL,טחינה אורגנית,גרמים,500.00,100 גרם,false,1,10.00,2.00,true,1,
7296073530381,false,טחינה אורגנית מלאה500ג,אחדות,IL,טחינה אורגנית,גרמים,500.00,100 גרם,false,1,10.00,2.00,true,1,
7296073531050,false,ספוג הפלא+שכבה ירוקה 6יח,"סדובסקי בע""\מ",IL,ספוג הפלא 6 יח,יחידה,1.00,יחידה,false,1,8.50,8.50,true,1,
7296073531265,false,פדים להסרת איפור 80 יח,LTD CO S.T.O,TR,פדים להסרת איפור,יחידה,1.00,יחידה,false,1,7.50,7.50,true,1,
7296073531272,false,פדים להסרת איפור 3*80יח,LTD CO S.T.O,TR,פדים מסיר איפור,יחידה,1.00,יחידה,false,1,18.90,18.90,true,1,
7296073531289,false,פדים להסרת איפור אובלי40,LTD CO S.T.O,TR,פדים להסרת איפור,יחידה,1.00,יחידה,false,1,6.90,6.90,true,1,
7296073531296,false,קפסולות טעם וניל 50 גרם,דליקה,CH,קפסולות קפה,גרמים,10.00,100 גרם,false,1,14.90,149.00,true,1,
7296073531302,false,קפסול.קפה ט.אגוזי לוז50ג,דליקה,CH,קפסולות קפה,גרמים,10.00,100 גרם,false,1,14.90,149.00,true,1,
7296073531319,false,קפסול.אלומיניום ט.קרמל50,דליקה,CH,קפסולות קפה,גרמים,10.00,100 גרם,false,1,14.90,149.00,true,1,
7296073531333,false,דגני בוקר בטעם נוגט686ג,"נטורל קייקס בע""\מ",IL,דגני בוקר נוגט,גרמים,686.00,100 גרם,false,1,21.90,3.19,true,1,
7296073531340,false,דגני בוקר בטעם וניל686ג,"נטורל קייקס בע""\מ",IL,דגני בוקר וניל,גרמים,686.00,100 גרם,false,1,21.90,3.19,true,1,
7296073531357,false,דגני בוקר ט.וניל דארק686,"נטורל קייקס בע""\מ",IL,דגני בוקר וניל,גרמים,686.00,100 גרם,false,1,21.90,3.19,true,1,
7296073552758,false,סבון נוזלי מעוצב שחור500,טאהא קימיה,TR,סבון נוזלי,מיליליטרים,500.00,"100 מ""ל",false,1,9.90,1.98,true,1,
7296073552789,false,ביסקוויט בטעם קרמל 250גר,פאלי,NL,ביסקוויט ט.קרמל,גרמים,250.00,100 גרם,false,1,9.90,3.96,true,1,
7296073552802,false,רביולי בטטה קפוא 330 גרם,זוקה,IL,רביולי בטטה,גרמים,330.00,100 גרם,false,1,19.90,6.03,true,1,
7296073552833,false,"סבון נוזלי לבן 500 מ""ל",טאהא קימיה,TR,סבון נוזלי,מיליליטרים,500.00,"100 מ""ל",false,1,9.90,1.98,true,1,
7296073552963,false,מ.טואלט גיבורים לילד40*3,דינמיק תעשיות מגבונים,IL,מגבוני נ.טואלט,יחידה,1.00,יחידה,false,1,9.80,9.80,true,1,
7296073552970,false,ריזוטו טוסקנה 280 גרם,טרויג'אנו,ES,ריזוטו טוסקנה,גרמים,280.00,100 גרם,false,1,11.90,4.25,true,1,
7296073552987,false,קוסקוס ים תיכוני 280 גרם,טרויג'אנו,ES,קוסקוס ים תיכוני,גרמים,300.00,100 גרם,false,1,11.90,3.96,true,1,
7296073552994,false,ריזוטו ים תיכוני 280 גרם,טרויג'אנו,ES,ריזוטו ים תיכוני,גרמים,280.00,100 גרם,false,1,11.90,4.25,true,1,
7296073553007,false,קוסקוס מרוקאי 300 גרם,טרויג'אנו,ES,קוסקוס מרוקאי,גרמים,300.00,100 גרם,false,1,11.90,3.96,true,1,
7296073553045,false,קבבוני אנגוס 400 גרם,"טיבון ויל אחזקות בע""\מ",IL,קבבוני אנגוס,גרמים,400.00,100 גרם,false,1,24.90,6.23,true,1,
7296073553076,false,קבבונים עם שומן כבש,"טיבון ויל אחזקות בע""\מ",IL,קבבונים עם שומן,גרמים,400.00,100 גרם,false,1,24.90,6.23,true,1,
7296073553090,false,נקנקיות מרגזבסגנוןמרוקאי,"טיבון ויל אחזקות בע""\מ",IL,נקנקיות מרגזבסגנ,גרמים,400.00,100 גרם,false,1,24.90,6.23,true,1,
7296073553281,false,טורטיה חיטה מלאה 320 גרם,דליברדס יורופ,ES,טורטיה חיטה מלאה,גרמים,320.00,100 גרם,false,1,9.90,3.09,true,1,
7296073553298,false,טורטיה עם צ'יה 320 גרם,דליברדס יורופ,ES,טורטיה עם צ'יה,גרמים,320.00,100 גרם,false,1,10.90,3.41,true,1,
7296073553915,false,קממבר אגוזים 130 גרם,"מחלבת טבע עז בע""\מ",IL,קממבר אגוזים,גרמים,130.00,100 גרם,false,1,19.90,15.31,true,1,
7296073553922,false,ברי כבשים 130 גרם,"מחלבת טבע עז בע""\מ",IL,ברי כבשים,גרמים,130.00,100 גרם,false,1,19.90,15.31,true,1,
7296073554073,false,פיצה מרגריטה פרימיום,SRL PIZZA MEGIC,IT,פיצה מרגריטה,גרמים,400.00,100 גרם,false,1,24.90,6.23,true,1,
7296073554097,false,פיצה פרימיום עם זיתים 40,SRL PIZZA MEGIC,IT,פיצה פרימיום,גרמים,400.00,100 גרם,false,1,24.90,6.23,true,1,
7296073554103,false,עוגת גב.פירורים לייט78*2,עדן קינוחים,IL,עוגת גבינה לייט,גרמים,2.00,100 גרם,false,1,12.90,645.00,true,1,
7296073564683,false,BE אל סבון מאסק 1ליטר,טאהא קימיה,TR,BE אל סבון,ליטרים,1.00,ליטר,false,1,8.90,8.90,true,1,
7296073564690,false,BE אל סבון לבנדר 1 ליטר,טאהא קימיה,TR,BE אל סבון,ליטרים,1.00,ליטר,false,1,8.90,8.90,true,1,
7296073564706,false,BE אל סבון ורדים 1 ליטר,טאהא קימיה,TR,BE אל סבון,ליטרים,1.00,ליטר,false,1,8.90,8.90,true,1,
7296073565116,false,מטלית מיקורופייבר לרצפה,סדובסקי,CN,מטלית מקרופייבר,יחידה,1.00,יחידה,false,1,9.90,9.90,true,1,
7296073565550,false,קצפיות מרנג וניל 180 גרם,"אחדות ביח""ר לטחינה",IL,קצפיות מרנג וניל,גרמים,180.00,100 גרם,false,1,13.90,7.72,true,1,
7296073565567,false,קצפיות מרנג טעם תות 180ג,"אחדות ביח""ר לטחינה",IL,קצפיות מרנג תות,גרמים,180.00,100 גרם,false,1,13.90,7.72,true,1,
7296073567097,false,כרית שבת בקרטונית 2 יחיד,פלסטו פוליש,IL,כרית שבת,יחידה,1.00,יחידה,false,1,7.90,7.90,true,1,
7296073578161,false,כפפות לטקס S 100 יחידות,COMPANY DR.BOO,TH,כפפות לטקס S,יחידה,1.00,יחידה,false,1,28.90,28.90,true,1,
7296073579120,false,גליל עזים בציפוי פלפל120,"מחלבת טבע עז בע""\מ",IL,גליל עזים פלפל,גרמים,120.00,100 גרם,false,1,17.90,14.91,true,1,
7296073579649,false,לחם אחיד פרוס שופרסל900ג,מאפיית שלמה א. אנג'\ל בע,IL,לחם אחיד פרוס,גרמים,900.00,100 גרם,false,1,8.30,0.92,true,1,
7296073579731,false,צלחת PP לבן 40 יחידות,,CN,צלחת חד פעמית,יחידה,1.00,יחידה,false,1,25.00,25.00,true,1,
7296073579748,false,כוס שתייה כוכבים זהב 50,,CN,כוס שתיה,יחידה,1.00,יחידה,false,1,10.00,10.00,true,1,
7296073579762,false,כוס שתייה כוכבים כסף 50,,CN,כוס שתיה,יחידה,1.00,יחידה,false,1,10.00,10.00,true,1,
7296073580294,false,רדיד אלומיניום כוכבים 16,"אופל אריזות בע""\מ",IL,רדיד אלומיניום,יחידה,1.00,יחידה,false,1,20.00,20.00,true,1,
7296073590927,false,נבטי אפונה יחידה,קטיף.,IL,נבטי אפונה,יחידה,1.00,יחידה,false,1,6.90,6.90,true,1,
7297084000702,false,"צלחות דקל מרובעת 25 ס""מ",,IN,צלחת דקל,יחידה,1.00,יחידה,false,1,19.90,19.90,true,1,
7297084000757,false,"צלחות דקל מרובעת 15 ס""מ",,IN,צלחת דקל,יחידה,1.00,יחידה,false,1,14.90,14.90,true,1,
7297084000764,false,צלחות דקל מלבני 24X16סמ,,IN,צלחת דקל,יחידה,1.00,יחידה,false,1,17.90,17.90,true,1,
7297488097995,false,גרנולה דבש ללא גלוטן 250 גרם דגש,תות תעשיות מזון (201,IL,גרנולה דבש,גרמים,250.00,100 גרם,false,0,17.50,7.00,true,1,
7297488098152,false,קמח חומוס ללא גלוטן דגש 500 גרם,אף.סי תבליני בגליל ב,IL,קמח חומוס,גרמים,500.00,100 גרם,false,0,16.90,3.38,true,1,
7297488098305,false,"מרק דגש""קמח שקדים""250גרם","תבליני העליון בע""מ",IL,קמח שקדים,גרמים,250.00,100 גרם,false,0,26.90,10.76,true,1,
7297488099890,false,פרוסות בסגנון קלאסי מופחתת שומן טבעוני 200 גרם,"טרופיקל דגיל בע""מ אז",IL,פרוסות קלאסי,גרמים,200.00,100 גרם,false,1,19.90,9.95,true,1,
7312040017683,false,מארז אבסולוט רגיל(וודקה {}{700 עם כוס,טמפו משקאות בע`מ,SE,וודקה אבסולוט,מיליליטרים,700.00,"100 מ""ל",false,0,64.90,9.27,true,1,
7393714507020,false,קופרברג סיידר תות ליים 4.5% בקבוק 330 מ,הכרם משקאות חריפים בעמ,SE,סיידר תות ליים,מיליליטרים,330.00,"100 מ""ל",false,1,8.90,2.70,true,1,
7394376123337,false,"משקה שיבולת שועל אורגני מפוקח ע""י סקאל",טרנסומס פוד איי.בי,SE,משקה שיבולת שועל,ליטרים,1.00,ליטר,false,1,13.90,13.90,true,1,
7394376615825,false,אוטלי משקה שיבולת שועל מועשר בסידן וויטמינים 1 ליטר,ש. שסטוביץ בע`מ,SE,משקה שיבולת שועל,ליטרים,1.00,ליטר,false,1,13.90,13.90,true,1,
7394376616778,false,אוטלי משקה שיבולת שועל להקצפה בריסטה 1 ליטר,ש. שסטוביץ בע`מ,SE,משקה שיבולת שועל,ליטרים,1.00,ליטר,false,1,15.90,15.90,true,1,
7501013122039,false,ג'ומקס מיץ מנגו קרטונית ליטר תריסר,חומקס קומר קומרסאליזדורה,MX,משקה ג'ומקס מנגו,ליטרים,1.00,ליטר,false,1,10.10,10.10,true,1,
7501013122053,false,נקטר אפרסק ג'ומקס בקרטונית 1 ליטר,חומקס קומר קומרסאליזדורה,MX,משקה גומקס אפרסק,ליטרים,1.00,ליטר,false,1,10.10,10.10,true,1,
7501013122114,false,ג'ומקס מיץ אננס קרטונית ליטר תריסר,חומקס קומר קומרסאליזדורה,MX,משקה ג'ומקס אננס,ליטרים,1.00,ליטר,false,1,10.10,10.10,true,1,
7501013122190,false,ג'ומקס מיץ תפוחים קרטונית ליטר תריסר,חומקס קומר קומרסאליזדורה,MX,משקה ג'ומקס תפוח,ליטרים,1.00,ליטר,false,1,10.10,10.10,true,1,
7501013122992,false,ג'ומקס מיץ קוקוס אננס קרטונית ליטר תריסר,חומקס קומר קומרסאליזדורה,MX,משקה קוקוס אננס,ליטרים,1.00,ליטר,false,1,10.10,10.10,true,1,
7501013138184,false,משקה חמוציות יוניקו פרסקו ג'ומקס קרטונית 1 ליטר,חומקס קומר קומרסאליזדורה,MX,משקה חמוציות,ליטרים,1.00,ליטר,false,1,11.50,11.50,true,1,
7501064191398,false,שישיית בירה קורונה אקסטרא *355 מל,קריניציה ויטמינה אס,MX,בירה קורונה 6 יח,ליטרים,2.13,ליטר,false,1,39.90,18.73,true,1,
7509546061160,false,"משחת שיניים לילדים מיניונים 2-5 75 מ""ל קולגייט",קולגייט פלמוליב,MX,קולגייט מינייוני,מיליליטרים,75.00,"100 מ""ל",false,1,12.90,17.20,true,1,
7509546663265,false,קולגייט זירו משחת שיניים מנטה עדינה 98 מ,CP-Poland swidnica,MX,משחת שיניים זירו,מיליליטרים,98.00,"100 מ""ל",false,1,14.90,15.20,true,1,
7610023051212,false,פמיליה שוקו איקס תערובת דגנים פריכים בתוספת שוקולד 500 גרם,מיוצר עי קונדיטוריית,CH,שוקו X דגנים,גרמים,500.00,100 גרם,false,0,25.50,5.10,true,1,
7610100034084,false,מיונז טומי בשפורפרת 265 גרם,ליימן שליסל בע`מ,CH,מיונז טומי,גרמים,265.00,100 גרם,false,1,14.90,5.62,true,1,
7610113011652,false,בריזר - משקה כוהלי מוגז בטעם תפוח,בקרדי בריזר Bacardi Breezer,BE,בריזר טעם תפוח,מיליליטרים,275.00,"100 מ""ל",false,1,14.90,5.42,true,1,
7610148246586,false,סטלה אקספיריינס שוקולד 100% קקאו 70 ג,שוקולד סטלה,CH,שוקולד פולי קקאו,גרמים,70.00,100 גרם,false,0,19.30,27.57,true,1,
7610243004463,false,"דורגול - מרסס להסרת אבנית במקלחון 600 מ""ל","יעקב יעקבי ובניו בע""מ",CH,דורגול מרסס,מיליליטרים,600.00,"100 מ""ל",false,0,19.90,3.32,true,1,
7610400014649,false,לינדור קוביות במילוי קרם שוקולד חלב 100 גרם,לינדט ושפרונגלי קילשברג,CH,שוקולד לינדט,גרמים,100.00,100 גרם,false,0,15.80,15.80,true,1,
7610400068505,false,לינדט לינדור בונבוניירה שוקולד חלב 200 גרם,לינדט ושפרונגלי קילשברג,CH,בונבונירה לינדור,גרמים,200.00,100 גרם,false,0,29.90,14.95,true,1,
7610400074155,false,לינדט לינדור קוביות במילוי קרם שוקולד 60% מוצקי קקאו 100 גרם,לינדט ושפרונגלי קילשברג,CH,שוקולד לינדור,גרמים,100.00,100 גרם,false,0,15.80,15.80,true,1,
7610400075770,false,לינדט לה גרנד שוקולד מריר אגוז 150 גרם,לינדט ושפרונגלי קילשברג,CH,שוקולד לגרנד,גרמים,150.00,100 גרם,false,1,23.90,15.93,true,1,
7610400075787,false,לינדט לה גרנד שוקולד חלב אגוז 150 גרם,לינדט ושפרונגלי קילשברג,CH,שוקולד לגרנד,גרמים,150.00,100 גרם,false,1,23.90,15.93,true,1,
7610400091060,false,שוקולד מריר לינדט אקסלנס בתוספת תפוז ושקדים,לינדט ושפרונגלי קילש,CH,שוקולד לינדט,גרמים,100.00,100 גרם,false,1,14.90,14.90,true,1,
7613030979647,false,דגני בוקר טריקס פירות עולם היורה 480 ג',קבוצת אוסם סחר שותפות מוגבלת,CL,טריקס בטעם פירות,גרמים,480.00,100 גרם,false,1,25.50,5.31,true,1,
7613032045753,false,פיטנס דגנים מחיטה מלאה שוקולד 375גרם,קבוצת אוסם סחר שותפות מוגבלת,FR,פיטנס שוקולד,גרמים,375.00,100 גרם,false,0,19.90,5.31,true,1,
7613033548192,false,פיטנס - דגני בוקר שוקולד מריר 375 גרם,קבוצת אוסם סחר שותפות מוגבלת,FR,פיטנס שוקולד,גרמים,375.00,100 גרם,false,0,19.90,5.31,true,1,
7613033635571,false,פורינה וואן - חתול סטרילייז סלמון 800 גרם,קבוצת אוסם סחר-שות.מוגבלת,FR,ONE לחתול מסורס,גרמים,800.00,100 גרם,false,1,34.90,4.36,true,1,
7613034146656,false,מזון לכלבים קטנים בטעם בקר פורינה ONE,נסטלה פורינה איטליה,IT,ONE לכלב מיני,קילוגרמים,1.50,"ק""ג",false,1,54.90,36.60,true,1,
7613035379794,false,דנטלייף חטיף דנטלי לכלבים מגזע בינוני - 4 יחידות,קבוצת אוסם סחר-שות.מוגבלת,DE,דנטלייף גזע בינו,גרמים,115.00,100 גרם,false,1,15.90,13.83,true,1,
7613035514430,false,"פורינה ONE חתול בוגר סלמון 3 ק""ג",שחורי אריה ואנסטסיה,FR,ONE לחתול בוגר,קילוגרמים,3.00,"ק""ג",false,1,99.90,33.30,true,1,
7613035514560,false,מזון לחתול מעוקר עם בקר פורינה ONE,שחורי אריה ואנסטסיה,FR,ONE לחתול מסורס,קילוגרמים,3.00,"ק""ג",false,1,99.90,33.30,true,1,
7613035614482,false,מזון לגור חתולים בטעם עוף פורינה ONE,קבוצת אוסם סחר-שות.מוגבלת,FR,ONE לגורי חתולים,גרמים,800.00,100 גרם,false,1,39.90,4.99,true,1,
7613035622623,false,פיטנס גרנולה שקדים ודבש נסטלה (300 גרם),קבוצת אוסם סחר-שות.מוגבלת,LT,גרנולה פיטנס,גרמים,300.00,100 גרם,false,1,15.00,5.00,true,1,
7613035635845,false,פיטנס גרנולה שוקולד 300 גר`אסם,קבוצת אוסם סחר-שות.מוגבלת,LT,גרנולה פיטנס,גרמים,300.00,100 גרם,false,1,15.00,5.00,true,1,
7613035758834,false,פיטנס סופר גרנולה וחמוציות 300 גרם,קבוצת אוסם סחר שותפות מוגבלת,LT,גרנולה פיטנס,גרמים,300.00,100 גרם,false,1,15.00,5.00,true,1,
7613035807778,false,פרפקטו רוטב עגבניות לבולונז אסם 400 גרם,קבוצת אוסם סחר שותפות מוגבלת,ES,רוטב עגבניות,גרמים,400.00,100 גרם,false,1,9.90,2.48,true,1,
7613035809109,false,פרפקטו רוטב עגבניות ובזיליקום אסם 400 גרם,קבוצת אוסם סחר שותפות מוגבלת,ES,רוטב עגבניות,גרמים,400.00,100 גרם,false,1,9.90,2.48,true,1,
7613035809857,false,פרפקטו רוטב עגבניות לפסטה ולבישול אסם 400 גרם,קבוצת אוסם סחר שותפות מוגבלת,ES,רוטב עגבניות,גרמים,400.00,100 גרם,false,1,9.90,2.48,true,1,
7613036105545,false,"דוגלי גזע קטן 4*3 קילו ""אסם""",קבוצת אוסם סחר שותפות מוגבלת,HU,דוגלי גזע קטן,קילוגרמים,3.00,"ק""ג",false,1,49.00,16.33,true,1,
7613036105606,false,דוגלי בקר לכלבים בוגרים,קבוצת אוסם סחר שותפות מוגבלת,HU,דוגלי בוגר בקר,קילוגרמים,3.00,"ק""ג",false,1,49.90,16.63,true,1,
7613036105651,false,"דוגלי בקר לכלבים בוגרים 12 ק""ג",קבוצת אוסם סחר-שות.מוגבלת,HU,דוגלי בוגר בקר,קילוגרמים,12.00,"ק""ג",false,1,115.00,9.58,true,1,
7613036387798,false,פיטנס Fitness דגנים מלאים עם ציפוי בטעם יוגורט,קבוצת אוסם סחר שותפות מוגבלת,FR,דגני פיטנס,גרמים,350.00,100 גרם,false,1,19.90,5.69,true,1,
7613036520492,false,פרפקטו רוטב עגבניות לפיצה אסם 400 גרם,קבוצת אוסם סחר-שות.מוגבלת,ES,רוטב עגבניות,גרמים,400.00,100 גרם,false,1,9.90,2.48,true,1,
7613036710879,false,מארז מיני חטיפי קיט קט צ'אנקי Kit Kat Chanky,קבוצת אוסם סחר שותפות מוגבלת,DE,קיט קאט צ'אנקי,גרמים,194.00,100 גרם,false,1,14.90,7.68,true,1,
7613036725286,false,דנטלייף חטיף דנטלי לחתול בטעם סלמון,קבוצת אוסם סחר שותפות מוגבלת,DE,דנטלייף לחתול,גרמים,40.00,100 גרם,false,1,9.90,24.75,true,1,
7613036725309,false,דנטלייף חטיף דנטלי לחתול בטעם עוף,קבוצת אוסם סחר-שות.מוגבלת,DE,דנטלייף חתול עוף,גרמים,40.00,100 גרם,false,1,9.90,24.75,true,1,
7613036867870,false,נסקפה דולצה גוסטו אספרסו בריסטה קפסולות 112 ג',קבוצת אוסם סחר-שות.מוגבלת,ES,קפסולות נסקפה,גרמים,128.00,100 גרם,false,1,28.90,22.58,true,1,
7613036880534,false,גרבר מחית ירקות מעורבים מטרנה 190 גר',קבוצת אוסם סחר שותפות מוגבלת,PL,מחית מרק ירקות,גרמים,190.00,100 גרם,false,1,5.90,3.11,true,1,
7613036976657,false,מזון לחתולים פריסקיז פאוצ' הודו,קבוצת אוסם סחר-שות.מוגבלת,HU,פריסקיז פאוצ',גרמים,85.00,100 גרם,false,1,5.00,5.88,true,1,
7613036976671,false,פריסקיז פאוצ' עוף ברוטב 26*85גרם,קבוצת אוסם סחר שותפות מוגבלת,HU,פריסקיז פאוצ',גרמים,85.00,100 גרם,false,1,5.00,5.88,true,1,
7613036976695,false,פריסקיז - פאוץ בקר ברוטב 85 גרם,קבוצת אוסם סחר-שות.מוגבלת,HU,פריסקיז פאוצ',גרמים,85.00,100 גרם,false,1,5.00,5.88,true,1,
7613036976718,false,פריסקיז פאוצ' ברווז ברוטב 26*85גרם,קבוצת אוסם סחר-שות.מוגבלת,HU,פריסקיז פאוצ',גרמים,85.00,100 גרם,false,1,5.00,5.88,true,1,
7613036976732,false,פריסקיז פאוצ`סלמון ברוטב 85גר,קבוצת אוסם סחר-שות.מוגבלת,HU,פריסקיז פאוצ',גרמים,85.00,100 גרם,false,1,5.00,5.88,true,1,
7613037012095,false,פיטנס סופר גרנולה שוקולד קינואה ושקדים 300 גרם,קבוצת אסם סחר שות. מוגבלת,BE,גרנולה פיטנס,גרמים,300.00,100 גרם,false,1,15.00,5.00,true,1,
7613037276091,false,נסטלה מיקס מיני אריזות דגני בוקר 200 גרם,קבוצת אוסם סחר שותפות מוגבלת,FR,מיני דגני נסטלה,גרמים,200.00,100 גרם,false,1,17.90,8.95,true,1,
7613037686906,false,פיטנס - דגני בוקר שקדים ודבש 355 גרם,קבוצת אוסם סחר שותפות מוגבלת,FR,פיטנס שקדים ודבש,גרמים,355.00,100 גרם,false,1,19.90,5.61,true,1,
7613037687132,false,דגני בוקר פיטנס שקדים ודבש 585 גרם,קבוצת אוסם סחר שותפות מוגבלת,FR,פיטנס שקדים ודבש,גרמים,585.00,100 גרם,false,1,27.50,4.70,true,1,
7613037811629,false,קורנפלקס גו פרי ללא גלוטן 500 גר`,קבוצת אוסם סחר שותפות מוגבלת,GB,גו פרי קורנפלקס,גרמים,500.00,100 גרם,false,1,12.90,2.58,true,1,
7613038268262,false,דגני בוקר צ'יריוס דבש ושקדים במתיקות מעודנת,קבוצת אוסם סחר שותפות מוגבלת,FR,האני נאט צ'יריוס,גרמים,410.00,100 גרם,false,1,19.90,4.85,true,1,
7613038451954,false,דגני בוקר שוקולד מופחת סוכר 410 ג' קראנץ',קבוצת אוסם סחר-שות.מוגבלת,FR,קראנץ שוקולד,גרמים,410.00,100 גרם,false,1,21.90,5.34,true,1,
7613287121783,false,סמארטיס מיני 16*187 גרם,קבוצת אוסם סחר שותפות מוגבלת,DE,סמארטיס מיני,גרמים,187.00,100 גרם,false,1,14.90,7.97,true,1,
7613287325808,false,אוסם - דיפ אנד ספרד מטבל איולי שום 295 גרם,קבוצת אוסם סחר שותפות מוגבלת,PL,מתבל איולי שום,גרמים,295.00,100 גרם,false,1,12.90,4.37,true,1,
7613287325822,false,אוסם - דיפ אנד ספרד מטבל מיקס 295 גרם,קבוצת אוסם סחר שותפות מוגבלת,PL,מתבל מיונז,גרמים,295.00,100 גרם,false,1,12.90,4.37,true,1,
7613287325952,false,אוסם - דיפ אנד ספרד מטבל ברבקיו 345 גרם,קבוצת אוסם סחר שותפות מוגבלת,PL,מתבל ברביקיו,גרמים,345.00,100 גרם,false,1,12.90,3.74,true,1,
7613287325983,false,אוסם - דיפ אנד ספרד מטבל סלסה 335 גרם,קבוצת אוסם סחר-שות.מוגבלת,PL,מתבל סלסה,גרמים,335.00,100 גרם,false,1,12.90,3.85,true,1,
7613287394323,false,דגני בוקר מולטי צ'יריוס 600 גרם,קבוצת אוסם סחר שותפות מוגבלת,GB,מולטי צ'יריוס,גרמים,600.00,100 גרם,false,1,21.90,3.65,true,1,
7613287476494,false,אוסם - דיפ אנד ספרד מיונז בסגנון צרפתי 280 גרם,קבוצת אוסם סחר שותפות מוגבלת,PL,מתבל מיונז,גרמים,280.00,100 גרם,false,1,12.90,4.61,true,1,
7613287476678,false,דגני בוקר סינימיניס צ'ורוס נסטלה 360 ג',קבוצת אוסם סחר שותפות מוגבלת,PT,סיני מיניס צורוס,גרמים,360.00,100 גרם,false,1,24.60,6.83,true,1,
7614500035788,false,טובלרון שוקולד חלב 200 גרם,דיפלומט מפיצים (1968) בעמ**,CH,טובלרון חלב,גרמים,200.00,100 גרם,false,0,17.20,8.60,true,1,
7616500553484,false,שוקולד פריי מהודר מריר 78% 100גר,צוקולאט פריי אייץגיץ,CH,שוקולד מריר,גרמים,100.00,100 גרם,false,0,10.00,10.00,true,1,
7616500642560,false,שוקולד חלב פריי 300 גרם,"שוקולד פריי בע""מ",CH,שוקולד חלב 300 ג,גרמים,300.00,100 גרם,false,0,17.90,5.97,true,1,
7616500642577,false,שוקולד חלב עם אגוזים300ג,צוקולאט פריי אייץגיץ,CH,שוקולד אגוזים,גרמים,300.00,100 גרם,false,0,17.90,5.97,true,1,
7616500647268,false,שוקולד מריר+אגוזים180גר,צוקולאט פריי אייץגיץ,CH,שוקולד מריר,גרמים,180.00,100 גרם,false,0,14.90,8.28,true,1,
7616500664395,false,שוק.חלב אגוז/צימוק 300 ג,צוקולאט פריי אייץגיץ,CH,שוקולד חלב אגוז,גרמים,300.00,100 גרם,false,1,17.90,5.97,true,1,
7616500664906,false,שוק.מריר שקד+קרמל+מלח180,"שוקולד פריי בע""מ",CH,שוקולד מריר,גרמים,180.00,100 גרם,false,1,14.90,8.28,true,1,
7616500666092,false,שוק.חלב לוז/פיסטוק/שק200,פריי )שוקולד(,CH,שוקולד חלב אגוז,גרמים,180.00,100 גרם,false,1,14.90,8.28,true,1,
7616500668430,false,שוק.חלב אגוז קלאודס150גר,דליקה איי.ג'י,CH,שוקולד קלאודס,גרמים,150.00,100 גרם,false,1,14.90,9.94,true,1,
7616500668447,false,שוק.חלב צימוק קלאודס150ג,"שוקולד פריי בע""מ",CH,שוקולד קלאודס,גרמים,150.00,100 גרם,false,1,14.90,9.94,true,1,
7616500672109,false,שוקולד חלב צימוק+שקד180ג,"שוקולד פריי בע""מ",CH,שוקולד חלב,גרמים,180.00,100 גרם,false,1,14.90,8.28,true,1,
7617014149330,false,קפסולות קפה,,CH,קפסולות קפה,גרמים,96.00,100 גרם,false,0,29.60,30.83,true,1,
7622010001858,false,עוגיות אוראו ממולאות קרם וניל 176 גרם.,דיפלומט מפיצים (1968) בעמ**,UA,עוגיות אוראו,גרמים,176.00,100 גרם,false,1,8.90,5.06,true,1,
7622201120931,false,מילקה שוקולד אוראו לבן 100 גרם,דיפלומט מפיצים (1968) בעמ**,UA,מילקה אוראו לבן,גרמים,100.00,100 גרם,false,1,6.90,6.90,true,1,
7622201137052,false,אוראו מיני קוקיס - עוגיות שוקולד צ'יפס ותחתית מצופה שוקולד חלב,דיפלומט מפיצים (1968) בעמ**,ES,מיני קוקיז מילקה,גרמים,110.00,100 גרם,false,1,9.00,8.18,true,1,
7622201139278,false,גבינת פילדלפיה שמנת 150 גר`% (27 שומן),מיודלז אספניה פרודוק,ES,גבינת פילדלפיה,גרמים,150.00,100 גרם,false,1,13.90,9.27,true,1,
7622201401900,false,עוגיות מילקה סנסיישן אוראו 156 גרם,דיפלומט מפיצים (1968) בעמ**,PL,עוגיות מילקה,גרמים,156.00,100 גרם,false,1,10.90,6.99,true,1,
7622201502515,false,עוגיות מילקה קוקי לופ שוקולד צ'יפס,דיפלומט מפיצים (1968) בעמ**,HU,עוגיות מילקה,גרמים,132.00,100 גרם,false,1,10.90,8.26,true,1,
7622201521493,false,גבינת פילדלפיה שום ועשבי תיבול 150 גר` (,מיודלז אספניה פרודוק,ES,גבינת פילדלפיה,גרמים,150.00,100 גרם,false,1,10.90,7.27,true,1,
7622201798154,false,גבינת שמנת לייט מופחתת שומן 13% שומן,מיודלז אספניה פרודוק,ES,גבינת פילדלפיה,גרמים,150.00,100 גרם,false,1,13.90,9.27,true,1,
7622201801809,false,מילקה שוקולד חלב עם אגוזים 100 גרם חדש,מנדלז דויצ'\לנד סנקס פרו,DE,שוקולד מילקה,גרמים,100.00,100 גרם,false,1,6.90,6.90,true,1,
7622201802363,false,מילקה טבלת שוקולד חלב וצימוקים ואגוזים 100ג',דיפלומט מפיצים (1968) בעמ**,DE,שוקולד מילקה,גרמים,100.00,100 גרם,false,1,6.90,6.90,true,1,
7622201802394,false,שוקולד מילקה חלב מסרונים 100 גרם,מנדלז דויצ'\לנד סנקס פרו,DE,שוקולד חלב מילקה,גרמים,100.00,100 גרם,false,1,6.90,6.90,true,1,
7622201808631,false,אוראו מיני עוגיות ממולאות קרם וניל 67גרם,דיפלומט מפיצים (1968) בעמ**,ID,עוגיות אוראו מינ,גרמים,67.00,100 גרם,false,1,7.90,11.79,true,1,
7622201813390,false,וופל במילוי קרם קקאו בציפוי שוקולד חלב,דיפלומט מפיצים (1968) בעמ**,CZ,וופל ממולא מילקה,גרמים,150.00,100 גרם,false,1,10.90,7.27,true,1,
7622201819408,false,שוקולד מילקה דרק קרמל 85 גרם.,מונדלז דויטשלנד סנאק,DE,שוקולד מילקה,גרמים,85.00,100 גרם,false,1,7.90,9.29,true,1,
7622210078131,false,שוקולד חלב עם שבבי קרמל מילקה דיים 100 גרם,מנדלז דויצ'\לנד סנקס פרו,DE,שוקולד מילקה,גרמים,100.00,100 גרם,false,1,6.90,6.90,true,1,
7622210137234,false,אוראו עוגיות עם דאבל קרם בטעם וניל 170ג,דיפלומט מפיצים (1968) בעמ**,ES,עוגיות אוראו,גרמים,170.00,100 גרם,false,1,9.90,5.82,true,1,
7622210163899,false,שוקולד חלב במילוי סוכריות עדשים,דיפלומט מפיצים (1968) בעמ**,DE,שוקולד מילקה,גרמים,100.00,100 גרם,false,1,6.90,6.90,true,1,
7622210453327,false,עוגיות שוקוצ'יפס במילוי שוקולד סנסיישן,דיפלומט מפיצים (1968) בעמ**,PL,עוגיות מילקה,גרמים,156.00,100 גרם,false,1,10.90,6.99,true,1,
7622210464729,false,אוראו גולדן עוגיות וניל במילוי קרם וניל,דיפלומט מפיצים (1968) בעמ**,CZ,עוגיות אוראו,גרמים,154.00,100 גרם,false,1,6.90,4.48,true,1,
7622210637994,false,מיני עוגיות אוראו קראנצ'י בייטס אורגינל,דיפלומט מפיצים (1968) בעמ**,ES,עוגיות אוראו,גרמים,110.00,100 גרם,false,1,9.90,9.00,true,1,
7622210690883,false,מילקה שוקולד חלב-מהדורת מונדיאל 270 גרם,דיפלומט מפיצים (1968) בעמ**,AT,שוקולד מונדיאל,גרמים,270.00,100 גרם,false,1,14.90,5.52,true,1,
7622210826053,false,מילקה שוקולד אוראו סנדוויץ 100 גרם,דיפלומט מפיצים (1968) בעמ**,HU,שוקולד מילקה,גרמים,92.00,100 גרם,false,1,6.90,7.50,true,1,
7622210835338,false,אוראו עוגיות ממולאות טעם בראוניז 176 גרם,דיפלומט מפיצים (1968) בעמ**,ES,עוגיות אוראו,גרמים,176.00,100 גרם,false,1,8.90,5.06,true,1,
7622300270506,false,מילקה גריינס - עוגיות שיבולת שועל מצופות שוקולד 168 ג',דיפלומט מפיצים (1968) בעמ**,PL,עוגיות מילקה,גרמים,168.00,100 גרם,false,0,10.90,6.49,true,1,
7622300489427,false,עוגיות אוראו בציפוי בטעם שוקולד לבן 246 גרם,דיפלומט מפיצים (1968) בעמ**,ES,עוגיות אוראו,גרמים,246.00,100 גרם,false,1,18.90,7.68,true,1,
7622300489434,false,"עוגיות אוראו פאדג' בציפוי שוקולד חלב, 246 גרם",דיפלומט מפיצים (1968) בעמ**,ES,עוגיות אוראו,גרמים,246.00,100 גרם,false,1,18.90,7.68,true,1,
7622300503079,false,עוגיות ביסקוויט מצופה שוקולד חלב מילקה 200 גרם,דיפלומט מפיצים (1968) בעמ**,PL,ביסקוויט מצופה,גרמים,200.00,100 גרם,false,0,10.90,5.45,true,1,
7622300617820,false,מילקה שוקולד חלב במילוי קרם חלב ווניל ושבבי עוגיות אוראו 100 גרם,מנדלז דויצ'\לנד סנקס פרו,DE,שוקולד מילקה,גרמים,100.00,100 גרם,false,0,6.90,6.90,true,1,
7622400005190,false,שוקולד חלב נגיעות שוקולד לבן מילקה 100 ג,דיפלומט מפיצים (1968) בעמ**,DE,שוקולד מילקה,גרמים,100.00,100 גרם,false,0,6.90,6.90,true,1,
7630311507016,false,קפסולות קפה סטארבקס סאני דיי 12*57גר`,קבוצת אוסם סחר שותפות מוגבלת,CH,קפסולות Starbuck,גרמים,57.00,100 גרם,false,1,21.90,38.42,true,1,
7630477891592,false,סטארבקס קפסולות קפה האוס בלנד 10 יחידות,קבוצת אוסם סחר שותפות מוגבלת,CH,קפסולות Starbuck,גרמים,57.00,100 גרם,false,1,21.90,38.42,true,1,
7630477891615,false,סטארבקס קפסולות קפה סומטרה 10 יחידות,קבוצת אוסם סחר שותפות מוגבלת,CH,קפסולות Starbuck,גרמים,55.00,100 גרם,false,1,21.90,39.82,true,1,
7630477891639,false,קפסולות קפה סומטרה (10 יח) סטארבקס ( 55,קבוצת אוסם סחר שותפות מוגבלת,CH,קפסולות Starbuck,גרמים,55.00,100 גרם,false,1,21.90,39.82,true,1,
7630477891677,false,סטארבקס קפסולות קפה פייק פלייס 10 יחידות,קבוצת אוסם סחר שותפות מוגבלת,CH,קפסולות Starbuck,גרמים,53.00,100 גרם,false,1,21.90,41.32,true,1,
7630477891691,false,סטארבקס קפסולות קפה קולמביה 10 יחידות,קבוצת אוסם סחר שותפות מוגבלת,CH,קפסולות Starbuck,גרמים,57.00,100 גרם,false,1,21.90,38.42,true,1,
7630477891714,false,סטארבקס קפסולות קפה אספרסו 10 יחידות,קבוצת אוסם סחר שותפות מוגבלת,CH,קפסולות Starbuck,גרמים,57.00,100 גרם,false,1,21.90,38.42,true,1,
7630477891738,false,סטארבקס קפסולות קפה אספרסו בלונד 10 יחיד,קבוצת אוסם סחר שותפות מוגבלת,CH,קפסולות Starbuck,גרמים,53.00,100 גרם,false,1,21.90,41.32,true,1,
7638900426663,false,9 V סוללות אנרג`יזר ריפרש,דנשר (1963) בעמ,CN,סוללות ADVANCED,יחידה,1.00,יחידה,false,1,24.90,24.90,true,1,
7702018263783,false,סכיני גילוח מאך 3 ג'ילט 8 יחידות,דיפלומט מפיצים (1968) בעמ,PL,סכיני גילוח מאך3,יחידה,1.00,יחידה,false,1,99.90,99.90,true,1,
7702018264230,false,ג`ילט מאך 3 סכיני גילוח 4 יח`,פרוקטר אנד גמבל,PL,סכיני גילוח מאך3,יחידה,1.00,יחידה,false,1,59.90,59.90,true,1,
7702018271788,false,"דאודורנט קליר ג'ילט בניחוח ספורט 70 מ""ל",פארמה דיל (פ.א.ב.) שיווק והפצה,PL,דאודורנט קליר,מיליליטרים,70.00,"100 מ""ל",false,0,15.90,22.71,true,1,
7702018357871,false,גילט גל גילוח פרוגלייד 2ב1 לעור רגיש,פרוקטר אנד גמבל,US,ג'ל גילוח,מיליליטרים,200.00,"100 מ""ל",false,1,21.90,10.95,true,1,
7702018468447,false,גילט בלו 2 פלוס סכינים חד פעמיים עשירייה,דיפלומט מפיצים (1968) בעמ,PL,סכיני גילוח,יחידה,1.00,יחידה,false,1,29.90,29.90,true,1,
7702018497447,false,סכיני גילוח ונוס סנסיטיב אקסטרה סמוט - 4 יח',ג'ילט ונוס Gillette Venus,PL,רביעיית סכיני ונ,יחידה,1.00,יחידה,false,1,59.90,59.90,true,1,
7702018866946,false,מכשיר גילוח פיוז'ן ידני,פרוקטר & גמבל,PL,מכשיר גילוח,יחידה,1.00,יחידה,false,1,50.40,50.40,true,1,
7702018978106,false,"ג'ילט - דאודורנט ג'ל לגבר ארטיק אייס 70 מ""ל",פארמה דיל (פ.א.ב.) שיווק והפצה,PL,דאו.קליר ג'ל,מיליליטרים,70.00,"100 מ""ל",false,0,15.90,22.71,true,1,
7702018978120,false,"ג'ילט - דאודורנט ג'ל לגבר קול וייב 70 מ""ל",פארמה דיל (פ.א.ב.) שיווק והפצה,PL,דאו.קליר ג'ל,מיליליטרים,70.00,"100 מ""ל",false,0,15.90,22.71,true,1,
7702018980833,false,"ג'ילט ג'ל גילוח סירייס מועשר בלחות - 200 מ""ל",דיפלומט מפיצים 1968 בעמ,GB,ג'ל גילוח סירייס,מיליליטרים,200.00,"100 מ""ל",false,1,19.90,9.95,true,1,
7702024074625,false,חטיפי קרקר פיטנס Fitness עם חיטה מלאה,קבוצת אוסם סחר שותפות מוגבלת,CO,חטיפי קרקר פיטנס,גרמים,234.00,100 גרם,false,1,11.90,5.09,true,1,
7702024258322,false,"חטיפי קרקר עם חיטה מלאה, צ'יה וזרעי פשתן פיטנס",קבוצת אוסם סחר שותפות מוגבלת,CO,חטיפי קרקר,גרמים,156.00,100 גרם,false,1,11.90,7.63,true,1,
7702174068833,false,יוגטה סוכריות קשות על מקל ממולאות טופי בטעמי גלידת פירות 12 יח' 204 גרם,הדקלאים אגודת שיתופי,CO,לקקן יוגטה,גרמים,204.00,100 גרם,false,0,9.90,4.85,true,1,
7702174070201,false,יוגטה לקקן בטעם מסטיק ממולא טופי בטעם תות 12 יח' 204 גרם,הדקלאים אגודת שיתופי,CO,לקקן יוגטה מג'יק,גרמים,204.00,100 גרם,false,0,9.90,4.85,true,1,
7792860006218,false,סוכריות לקקן בייבי דול לריטייר (24 גרם),גוד פוד פרודקטס S.p,AR,בייבי דול לקקן,גרמים,24.00,100 גרם,false,0,2.20,9.17,true,1,
7798304600042,false,אוכמניות טריות 125 ג,מרינה,AR,אוכמניות טריות,גרמים,125.00,100 גרם,false,1,14.90,11.92,true,1,
7798382150019,false,אוכמניות טריות 125גרם,ביכורי השדה צפון 1994 ג.ד. בעמ,AR,אוכמניות טריות,גרמים,125.00,100 גרם,false,1,14.90,11.92,true,1,
7804414000860,false,קברנה סוביניון דון חוליו (750 מל),צ'ילה לואיס פיליפה אדוארדס,CL,דון חוליו קברנה,מיליליטרים,750.00,"100 מ""ל",false,0,29.90,3.99,true,1,
7804414000884,false,שרדונה BIN דון חוליו (750 מל),צ'ילה לואיס פיליפה אדוארדס,CL,דון חוליו שרדו,מיליליטרים,750.00,"100 מ""ל",false,0,29.90,3.99,true,1,
7804414001614,false,שיראז חצי יבש דון חוליו (750 מל),צ'ילה לואיס פיליפה אדוארדס,CL,יין שיראז,מיליליטרים,750.00,"100 מ""ל",false,0,29.90,3.99,true,1,
7804414012344,false,יין סוביניון בלאן 750 מל דון חוליו,הכרם - משקאות חריפים בעמ,CL,יין סובניון בלאן,מיליליטרים,750.00,"100 מ""ל",false,1,29.90,3.99,true,1,
7804414012351,false,יין מלבק 750 מל דון חוליו,הכרם - משקאות חריפים בעמ,CL,מלבק דון חוליו,מיליליטרים,750.00,"100 מ""ל",false,1,29.90,3.99,true,1,
7840392000232,false,פחם פרימיום אקולוגי 8 קג,BRICAPAR,PY,פחם 100% אקולוגי,קילוגרמים,8.00,"ק""ג",false,1,70.00,8.75,true,1,
7891024124826,false,"משחת שיניים קולגייט אופטייק וויט 75 מ""ל",הנסיך- מפעל לייצור ט,BR,משחת קולגייט,מיליליטרים,75.00,"100 מ""ל",false,0,19.90,26.53,true,1,
7891024130063,false,"קולגייט מי פה פלאקס ללא אלכוהול 500 מ""ל מהדרין",קולגייט- פלמוליב,BR,פלקס שטיפה,מיליליטרים,500.00,"100 מ""ל",false,0,24.90,4.98,true,1,
8000020107057,false,"צ'ינזנו פרו שפריץ 750מ""ל",נויד קמפרי,IT,צ'ינזנו שפריץ,מיליליטרים,750.00,"100 מ""ל",false,1,49.90,6.65,true,1,
8000070003774,false,קפסולות אספרסו לוואצה אינטנסו 13 16 יח,לואיג'י לוואצה,IT,קפסולות קפה,גרמים,120.00,100 גרם,false,1,29.90,24.92,true,1,
8000070003798,false,קפסולות אספרסו לוואצה דליסיוזו 8 16 יח,לאוג'י לוואצה אס.פי.אי,IT,קפסולות קפה,גרמים,120.00,100 גרם,false,1,29.90,24.92,true,1,
8000070003811,false,קפסולות אספרסו לוואצה פסיונלה 11 16 יח,לואיג'י לוואצה,IT,קפסולות קפה,גרמים,120.00,100 גרם,false,1,29.90,24.92,true,1,
8000070003842,false,לוואצה מס' 7 קפסולות לקפה 120 גרם,לווצה טורינו,IT,קפסולות קפה,גרמים,120.00,100 גרם,false,1,29.90,24.92,true,1,
8000070003880,false,קפסולות קפה לוואצה קרמה דולצ'ה חוזק 6,לווצה טורינו,IT,קפסולות קפה,גרמים,128.00,100 גרם,false,1,29.90,23.36,true,1,
8000070003972,false,קפסולות קפה סואבה 5 112,לאוג'י לוואצה אס.פי.אי,IT,קפסולות קפה,גרמים,112.00,100 גרם,false,1,29.90,26.70,true,1,
8000070010680,false,קפסולות אספרסו לוואצה NCC מותאמות למכונו,לאוג'י לוואצה אס.פי.אי,IT,קפסולות לוואצ'ה,גרמים,55.00,100 גרם,false,1,19.90,36.18,true,1,
8000070014916,false,מכונת לוואצה ג'ולי אדומה,,IT,מכונת קפה,יחידה,1.00,יחידה,false,1,599.00,599.00,true,1,
8000070016316,false,קפסולות קוואליטה אורו90ג,,IT,לוואצה קוואליטה,גרמים,90.00,100 גרם,false,1,29.90,33.22,true,1,
8000070032835,false,קפה לוואצה קלוי וטחון חוזק 10 מטינו 250 גר,לאוג'י לוואצה אס.פי.אי,IT,קפה לוואצה,גרמים,250.00,100 גרם,false,0,26.90,10.76,true,1,
8000070038868,false,קפה לוואצה קלוי וטחון חוזק 8 קלאסיקו 250 גר,לאוג'י לוואצה אס.פי.אי,IT,קפה לוואצה,גרמים,250.00,100 גרם,false,0,29.90,11.96,true,1,
8000070038974,false,"קרמה גוסטו פולי קפה 1 ג""ק לוואזה",,IT,פולי קפה לוואצה,קילוגרמים,1.00,"ק""ג",false,1,120.00,120.00,true,1,
8000070047129,false,קפסולות לוואצה פסיונלה54,,IT,קפסולות לוואצ'ה,גרמים,405.00,100 גרם,false,1,69.90,17.26,true,1,
8000070053465,false,קפסולות לוואצה למכונת אספרסו חוזק 8,לאוג'י לוואצה אס.פי.אי,IT,קפסולות לוואצ'ה,גרמים,55.00,100 גרם,false,1,19.90,36.18,true,1,
8000070053472,false,לוואצה קרמה גוסטו קלאסיקו מס' 12 קפסולות לקפה 55 גרם,לאוג'י לוואצה אס.פי.אי,IT,קפסולות לוואצ'ה,גרמים,57.00,100 גרם,false,1,19.90,34.91,true,1,
8000070053526,false,קפסולות לוואצה למכונת אספרסו חוזק 10,לאוג'י לוואצה אס.פי.אי,IT,קפסולות לוואצ'ה,גרמים,57.00,100 גרם,false,1,19.90,34.91,true,1,
8000070081000,false,לוואצה הורמוניקו מס' 8קפסולות לקפה 50 גרם,לאוג'\י לוואצה אס.פי.אי,IT,קפסולות קפה,גרמים,50.00,100 גרם,false,1,19.90,39.80,true,1,
8000113003402,false,"קמח תירס בוואקום 1 ק""ג",גורי מוצרי צריכה (1991) בעמ,IT,קמח תירס,קילוגרמים,1.00,"ק""ג",false,0,15.90,15.90,true,1,
8000215204219,false,משקה אורז ביו אורגני ויטאריז 1 ליטר,בטר אנד דיפרנט,IT,משקה אורז אורגני,ליטרים,1.00,ליטר,false,0,14.90,14.90,true,1,
8000215204240,false,משקה אורז ושקדים ביו אורגני ויטאריז 1 לי,בטר אנד דיפרנט,IT,משקה שקדים ואורז,ליטרים,1.00,ליטר,false,0,14.90,14.90,true,1,
8000215204271,false,ויטריז - משקה שקדים ואורז אישי 200 גר,"נטורפוד בע""מ",IT,משקה שקדים,גרמים,200.00,100 גרם,false,0,4.00,2.00,true,1,
8000215204363,false,משקה קוקוס אורגני 1 ליטר,אלינור,IT,משקה קוקוס,ליטרים,1.00,ליטר,false,1,11.90,11.90,true,1,
8000215204370,false,"ויטאריז לבישול תחליף שמנת צחית אורגנית 200 מ""ל",נטורפוד בעמ,IT,תחליף שמנת,מיליליטרים,200.00,"100 מ""ל",false,1,6.40,3.20,true,1,
8000215204394,false,משקה אורז ואגוזי לוז ביו אורגני ויטאריז,בטר אנד דיפרנט,US,משקה ויטריז,ליטרים,1.00,ליטר,false,0,18.90,18.90,true,1,
8000215204561,false,משקה שקדים אורגני וללא גלוטן ויטאסי 1 לי,בטר אנד דיפרנט,IT,משקה שקדים,ליטרים,1.00,ליטר,false,1,13.90,13.90,true,1,
8000215204653,false,משקה סויה ויטאסי 1 ליטר,בטר אנד דיפרנט,IT,משקה סויה אורגני,ליטרים,1.00,ליטר,false,1,13.50,13.50,true,1,
8000215204677,false,ויטריז - משקה שיבולת שועל בריסטה אורגני,בטר אנד דיפרנט,IT,משקה שיבולת שועל,ליטרים,1.00,ליטר,false,1,14.90,14.90,true,1,
8000215204714,false,משקה שיבולת שועל אורגני פרימונה 1 ליטר,בטר אנד דיפרנט,IT,משקה שיבולת שועל,ליטרים,1.00,ליטר,false,0,14.90,14.90,true,1,
8000380003723,false,וופלים גרנד פטיסרי במילוי קרם אגוזים 100,קריניציה ויטמינה אס,IT,גראנד פטיסרי,גרמים,100.00,100 גרם,false,0,12.20,12.20,true,1,
8000380003761,false,וופל גרנד פטיסרי שוקולד וקוקוס לואקר 100 גרם,קריניציה ויטמינה אס,IT,גראנד פטיסרי,גרמים,100.00,100 גרם,false,0,12.20,12.20,true,1,
8000380004669,false,וופל לואקר סנדוויץ קוביות ושוקולד 200ג',"א. לואקר, קונפקט ג'י",AT,וופל לואקר קקאו,גרמים,200.00,100 גרם,false,0,12.80,6.40,true,1,
8000380004676,false,קוביות וופל סנדוויץ Sandwich עם וניל וחלב,"א. לואקר, קונפקט ג'י",AT,ופלים לואקר,גרמים,200.00,100 גרם,false,0,12.80,6.40,true,1,
8000380004881,false,וופל קוארדטיני לואקר קוביות טרמיסו 220ג',קריניציה ויטמינה אס,IT,ופל קואדרטיני,גרמים,220.00,100 גרם,false,0,13.90,6.32,true,1,
8000380004911,false,קוביות וופל קואדרטיני Quadratini קרם אגוזים,קריניציה ויטמינה אס,AT,ופל קואדרטיני,גרמים,250.00,100 גרם,false,0,13.90,5.56,true,1,
8000380004942,false,וופל לואקר קוארדטיני קוביות ווניל 250ג',ליימן שליסל בע`מ,AT,וופלים קאודרטיני,גרמים,250.00,100 גרם,false,0,13.90,5.56,true,1,
8000380004966,false,וופל קוארדטיני לואקר קוביות שוקולד 250ג',קריניציה ויטמינה אס,AT,ופל קואדרטיני,גרמים,250.00,100 גרם,false,0,13.90,5.56,true,1,
8000380005598,false,מארז וופל שוקולד טורטינה Tortina שוקולד מריר,א. לואקר אס. פי. אי-אי.,IT,וופל טורטינה,גרמים,125.00,100 גרם,false,0,17.60,14.08,true,1,
8000380007219,false,וופל לואקר ממולא קרם אגוזים 175 גרם,ליימן שליסל בע`מ,AT,ופלים לואקר,גרמים,175.00,100 גרם,false,0,10.90,6.23,true,1,
8000380007257,false,וופל גרדנה במילוי קרם אגוזים מצופה,קריניציה ויטמינה אס,IT,ופלים גרדנה,גרמים,200.00,100 גרם,false,0,14.40,7.20,true,1,
8000380007264,false,וופל לואקר ממולא קרם קקאו 175 גרם,קריניציה ויטמינה אס,AT,ופלים לואקר,גרמים,175.00,100 גרם,false,0,10.90,6.23,true,1,
8000380007271,false,וופל במילוי קרם חלב לואקר (175 גרם),ליימן שליסל בע`מ,AT,ופלים לואקר,גרמים,175.00,100 גרם,false,0,10.90,6.23,true,1,
8000380106028,false,טורטינה לואקר וופל שוקולד ואגוזים שישיה 125ג',קריניציה ויטמינה אס,IT,וופל טורטינה,גרמים,125.00,100 גרם,false,0,17.60,14.08,true,1,
8000380144044,false,גרדנה וופל מצופה שוקולד חלב לואקר 200 גרם,ליימן שליסל בע`מ,IT,ופלים גרדנה,גרמים,200.00,100 גרם,false,0,14.40,7.20,true,1,
8000380153534,false,מארז וופל שוקולד טורטינה Tortina שוקולד לבן,א. לואקר אס. פי. אי-אי.,IT,טורטינה לבן,גרמים,125.00,100 גרם,false,0,17.60,14.08,true,1,
8000380180721,false,לואקר וופל קקאו במילוי קרם חלבי 175 גר,קריניציה ויטמינה אס,AT,וופל לואקר,גרמים,175.00,100 גרם,false,1,10.90,6.23,true,1,
8000380180745,false,וופל קוביות קקאו במילוי קרם חלב לואקר 250 גרם,"א. לואקר, קונפקט ג'י",AT,וופל קואדרטיני,גרמים,250.00,100 גרם,false,1,13.90,5.56,true,1,
8000380192151,false,טורטינה שישיה טריפל שוקולד מריר 125 גר`,א. לואקר אס. פי. אי-אי.,IT,וופל טורטינה,גרמים,125.00,100 גרם,false,1,17.60,14.08,true,1,
8000380192243,false,וופלים מלבנים פריכיים בטעם אגוז 200 גר`,ליימן שליסל בע`מ,AT,וופל אגוז לואקר,גרמים,200.00,100 גרם,false,1,14.90,7.45,true,1,
8000380192588,false,וופלים קואדרטיני דאבל שוקולד לואקר 250 גרם,קריניציה ויטמינה אס,AT,קואדרטיני דאבל,גרמים,250.00,100 גרם,false,1,13.90,5.56,true,1,
8000380201396,false,שוקולד חלב ממולא קרם קרמל ועלי וופל פריכ,ליימן שליסל בע`מ,AT,וופל טורטינה,גרמים,126.00,100 גרם,false,1,17.60,13.97,true,1,
8000380206896,false,וופל גרדנה במילוי חמאת בוטנים 200 גרם,ליימן שליסל בע`מ,IT,ופלים גרדנה,גרמים,200.00,100 גרם,false,1,14.40,7.20,true,1,
8000500009673,false,בונבוניירה פררו רושה 300 גרם,פרימיום חברה לדברי מתיקה ולמסח,IT,בונבוניירת רושה,גרמים,300.00,100 גרם,false,0,44.90,14.97,true,1,
8000500023624,false,חטיפי הפי היפו Happy Hippo במילוי קרם חלב וקקאו,פרימיום-חברה לדברי מתיקה ולמסח,DE,קינדר הפי היפו,גרמים,102.00,100 גרם,false,0,12.50,12.25,true,1,
8000500023976,false,בונבוניירת רפאלו פררו (150 גרם),פרימיום-חברה לדברי מתיקה ולמסח,PL,בונבונ.רפאלו,גרמים,150.00,100 גרם,false,0,15.90,10.60,true,1,
8000500026731,false,ביצי שוקולד קינדר מארז 3 יח סופרייז,פרימיום-חברה לדברי מתיקה ולמסח,IT,ביצי הפתעה קינדר,גרמים,60.00,100 גרם,false,1,14.90,24.83,true,1,
8000500029350,false,מארז וופל מצופה 3יח' *43 גרם קינדר בואנו,פרימיום-חברה לדברי מתיקה ולמסח,PL,קינדר בואנו,גרמים,129.00,100 גרם,false,0,10.00,7.75,true,1,
8000500037874,false,בונבוניירת פררו רושה 200 גרם,פרימיום חברה לדברי מתיקה ולמסח,IT,בונבוניירה רושה,גרמים,200.00,100 גרם,false,0,23.90,11.95,true,1,
8000500071083,false,אצבעות שוקולד קינדר Kinder שש עשרה יחידות,פרימיום-חברה לדברי מתיקה ולמסח,IT,שוקולד חלב קינדר,גרמים,200.00,100 גרם,false,0,12.50,6.25,true,1,
8000500121436,false,מארז קינדר בואנו Kinder Bueno לבן שלוש יחידות,פרימיום חברה לדברי מתיקה ולמסח,PL,קינדר בואנו לבן,גרמים,117.00,100 גרם,false,0,10.00,8.55,true,1,
8000500126325,false,ביצי שוקולד הפתעה קינדר ג'וי ורוד בנות שלישיה,פרימיום-חברה לדברי מתיקה ולמסח,ZA,קינדר ג'וי ורוד,גרמים,60.00,100 גרם,false,0,15.00,25.00,true,1,
8000500167656,false,קינדר שוקולד עם דגנים סיריאל 94 ג',פרימיום חברה לדברי מתיקה ולמסח,IT,קינדר שוקולד,גרמים,94.00,100 גרם,false,1,6.90,7.34,true,1,
8000500224281,false,וופל מלוח במילוי ממרח אגוזי לוז,פרימיום-חברה לדברי מתיקה ולמסח,IT,נוטלה בי רדי,גרמים,22.00,100 גרם,false,1,3.90,17.73,true,1,
8000500227848,false,נוטלה - בי רדי אצבעות ביסקוויט במילוי שוקולד 6 יח' * 22 גרם,פרימיום-חברה לדברי מתיקה ולמסח,IT,נוטלה בי רדי,גרמים,132.00,100 גרם,false,1,12.50,9.47,true,1,
8000500247150,false,פררו רושה קולקשיין קוקוס מילוי קרם ושקד שלם 172ג',פרימיום חברה לדברי מתיקה ולמסח,DE,פררו רושה,גרמים,172.00,100 גרם,false,1,26.90,15.64,true,1,
8000500249352,false,קינדר בואנו מיני מיקס שקית 205 ג',פרימיום-חברה לדברי מתיקה ולמסח,PL,קינדר בואנו מיני,גרמים,205.00,100 גרם,false,1,18.90,9.22,true,1,
8000500256213,false,קינדר שוקולד חלב במילוי קרם חלבי,פרימיום-חברה לדברי מתיקה ולמסח,IT,שוקולד מיני,גרמים,120.00,100 גרם,false,1,10.00,8.33,true,1,
8000500267103,false,קינדר דליס עוגת ספוג קקאו במילוי חלבי*10,פרימיום חברה לדברי מתיקה ולמסח,IT,עוגות קינדר דליס,גרמים,390.00,100 גרם,false,1,17.90,4.59,true,1,
8000500269169,false,קינדר קארדס Kinder Cards - חמישייה,פרימיום-חברה לדברי מתיקה ולמסח,IT,קינדר קארדס,גרמים,128.00,100 גרם,false,1,12.90,10.08,true,1,
8000500328750,false,כדור וופל פריך מצופה שוקולד פררו רושר 141 ג',פרימיום חברה לדברי מתיקה ולמסח,DE,בונבוניירה פררו,גרמים,138.00,100 גרם,false,1,26.90,19.49,true,1,
8000500353738,false,רביעיה סוכריות בטעם מנטה חזק 4 * 16 ג' טחק טק,פרימיום-חברה לדברי מתיקה ולמסח,ZA,סוכריות טיק טק,גרמים,64.00,100 גרם,false,1,10.90,17.03,true,1,
8000500374429,false,פררו גרנד רושה מעטפת שוקולד חלב 125 גרם,פרימיום-חברה לדברי מתיקה ולמסח,PL,גרנד רושה פררו,גרמים,125.00,100 גרם,false,1,16.90,13.52,true,1,
8000500386941,false,נוטלה ממרח קקאו עם אגוזי לוז 900 גר`,פרימיום חברה לדברי מתיקה ולמסח,IT,ממרח קקאו+אגוזים,גרמים,900.00,100 גרם,false,1,29.90,3.32,true,1,
8000500390238,false,ביצי הפתעה קינדר 20*4גרם,פררו,IT,ביצי הפתעה קינדר,גרמים,80.00,100 גרם,false,1,17.90,22.38,true,1,
8000570097006,false,מרטיני ביטר 1 ליטר,,IT,מרטיני ביטר,ליטרים,1.00,ליטר,false,1,99.90,99.90,true,1,
8001003100164,false,יוגטה סוכריות ג'לי בטעמי פירות 450 גרם,ליימן שליסל בע`מ,IT,סוכריות ג'לי,גרמים,450.00,100 גרם,false,1,11.90,2.64,true,1,
8001090156839,false,פמפרס בייבי דריי מידה 4 86 יח,פרוקטר & גמבל,TR,פמפרס אריזת ענק,יחידה,1.00,יחידה,false,1,71.50,71.50,true,1,
8001090184375,false,"נוזל כלים פיירי 900 מ""ל ירוק אורגינל",דיפלומט מפיצים (1968) בעמ,GB,פיירי לכלים,מיליליטרים,900.00,"100 מ""ל",false,1,12.50,1.39,true,1,
8001090184412,false,"פיירי נוזל לניקוי כלים לימון שקוף, 900 מ""ל",דיפלומט מפיצים (1968) בעמ,GB,פיירי לכלים,מיליליטרים,900.00,"100 מ""ל",false,1,12.50,1.39,true,1,
8001090222848,false,"הרבל אסנסס - שמפו שיקום שמן ארגן 400 מ""ל",דיפלומט מפיצים (1968) בעמ,FR,שמפו הרבל אסנס,מיליליטרים,400.00,"100 מ""ל",false,1,16.90,4.23,true,1,
8001090222879,false,"הרבל אסנסס - מרכך שיקום שמן ארגן 400 מ""ל",דיפלומט מפיצים (1968) בעמ,FR,מרכך הרבל אסנס,מיליליטרים,400.00,"100 מ""ל",false,1,16.90,4.23,true,1,
8001090336408,false,חיתולי ביביי דריי מידה 3 ( 38 יח) פמפרס,דיפלומט מפיצים (1986) בע`מ,DE,פמפרס בייבי,יחידה,1.00,יחידה,false,1,34.90,34.90,true,1,
8001090336446,false,חיתולי ביביי דריי מידה 4 ( 34 יח) פמפרס,דיפלומט מפיצים (1986) בע`מ,DE,פמפרס בייבי,יחידה,1.00,יחידה,false,1,34.90,34.90,true,1,
8001090336491,false,פמפרס בייבי דריי חיתולים מידה +4 31 יח,דיפלומט מפיצים (1986) בע`מ,DE,פמפרס בייבי,יחידה,1.00,יחידה,false,1,34.90,34.90,true,1,
8001090336606,false,חיתולי ביביי דריי מידה ( 26 יח`) פמפרס,דיפלומט מפיצים (1986) בע`מ,DE,פמפרס בייבי,יחידה,1.00,יחידה,false,1,34.90,34.90,true,1,
8001090364203,false,"משחת שיניים אורל בי G&E להלבנה עדינה 75 מ""ל",דיפלומט מפיצים (1968) בעמ,DE,משחת אורל בי,מיליליטרים,75.00,"100 מ""ל",false,1,15.90,21.20,true,1,
8001090364319,false,טייד קפסולות כביסה אפקט פיירי 37 יחידות,דיפלומט מפיצים (1986) בע`מ,FR,טייד קפסולות,יחידה,1.00,יחידה,false,1,56.90,56.90,true,1,
8001090368553,false,פמפרס בייבי דריי מידה 6 68 יח,פרוקטר & גמבל,TR,פמפרס אריזת ענק,יחידה,1.00,יחידה,false,1,71.50,71.50,true,1,
8001090375186,false,"מרכך מרוכז 200 מ""ל לצבע מלא חיים ""פנטן""",דיפלומט מפיצים (1986) בע`מ,FR,מרכך פנטן,מיליליטרים,200.00,"100 מ""ל",false,1,21.90,10.95,true,1,
8001090375285,false,"פנטן מרכך מרוכז 200 מ""ל למגע רך כשמי",דיפלומט מפיצים (1986) בע`מ,FR,מרכך פנטן,מיליליטרים,200.00,"100 מ""ל",false,1,21.90,10.95,true,1,
8001090377531,false,"מסכה לשיער פנטן לצבע מלא חיים 300 מ""ל",דיפלומט מפיצים (1968) בעמ,FR,מסיכה פנטן,מיליליטרים,300.00,"100 מ""ל",false,1,31.90,10.63,true,1,
8001090379368,false,פמפרס פרימיום קר חיתולים שלב 4 34 יח VP,דיפלומט מפיצים (1986) בע`מ,PL,פמפרס פרימיום,יחידה,1.00,יחידה,false,1,34.40,34.40,true,1,
8001090379399,false,פמפרס פרימיום קר חיתולים שלב 5 30 יח VP,דיפלומט מפיצים (1986) בע`מ,PL,פמפרס פרימיום,יחידה,1.00,יחידה,false,1,34.40,34.40,true,1,
8001090727831,false,אריאל אבקת כביסה7קג,פרוקטר אנד גמבל,CZ,אריאל אבקת כביסה,קילוגרמים,7.00,"ק""ג",false,1,64.90,9.27,true,1,
8001090727862,false,אריאל אבקת כביסה7קג,פרוקטר אנד גמבל )ראה קוד,CZ,אריאל אבקת כביסה,קילוגרמים,7.00,"ק""ג",false,1,64.90,9.27,true,1,
8001090734044,false,אולוויז מגן תחתון גיגה פק לארג' אקסטרה פרוטקט 64 יח',דיפלומט מפיצים (1986) בע`מ,DE,מגן תחתון אולווי,יחידה,1.00,יחידה,false,1,19.90,19.90,true,1,
8001090737809,false,אולוויז מגן תחתון סינגל טנגה 36 יחידות,דיפלומט מפיצים (1968) בעמ,ES,אולוויז חוטיני,יחידה,1.00,יחידה,false,1,15.90,15.90,true,1,
8001090740717,false,מגני תחתון אולוויז נורמל עם ניחוח רענן Fresh Scent,פרוקטר אנד גמבל )ראה קוד,UA,מגן תחתון אולווי,יחידה,1.00,יחידה,false,1,19.90,19.90,true,1,
8001090745903,false,אבקת כביסה טייד פרש אלפיין 4 קג,דיפלומט מפיצים (1986) בע`מ,CZ,טייד אבקת כביסה,קילוגרמים,4.00,"ק""ג",false,1,29.90,7.48,true,1,
8001090776068,false,פיירי נ.כלים משי ורד780מ,פרוקטר אנד גמבל,GB,פיירי נוזל כלים,מיליליטרים,780.00,"100 מ""ל",false,1,12.50,1.60,true,1,
8001090832450,false,"שמפו פנטן הנוסחה הקלאסית 660 מ""ל",דיפלומט מפיצים (1986) בע`מ,RO,שמפו פנטן,מיליליטרים,660.00,"100 מ""ל",false,1,19.90,3.02,true,1,
8001090832535,false,"שמפו פנטן שמן מרוקאי משקם 660 מ""ל",דיפלומט מפיצים (1986) בע`מ,RO,שמפו פנטן,מיליליטרים,660.00,"100 מ""ל",false,1,19.90,3.02,true,1,
8001090832573,false,שמפו שמן לחות מוגברת 660 מל פנטן,דיפלומט מפיצים (1986) בע`מ,RO,שמפו פנטן,מיליליטרים,660.00,"100 מ""ל",false,1,19.90,3.02,true,1,
8001090832696,false,"פנטן שמפו לתלתלים מושלמים 660 מ""ל",דיפלומט מפיצים (1986) בע`מ,RO,שמפו פנטן,מיליליטרים,660.00,"100 מ""ל",false,1,19.90,3.02,true,1,
8001090832818,false,מרכך פנטן הנוסחה הקלאסית לשיער רגיל ומעורב,דיפלומט מפיצים (1986) בע`מ,RO,מרכך פנטן,מיליליטרים,660.00,"100 מ""ל",false,1,19.90,3.02,true,1,
8001090832856,false,"פנטן 660 מ""ל קונדישינר מרוקאי משקם",דיפלומט מפיצים (1986) בע`מ,RO,מרכך פנטן,מיליליטרים,660.00,"100 מ""ל",false,1,19.90,3.02,true,1,
8001090832894,false,מרכך לשיער חלש ופגום לחות מוגברת,דיפלומט מפיצים (1986) בע`מ,RO,מרכך פנטן,מיליליטרים,660.00,"100 מ""ל",false,1,19.90,3.02,true,1,
8001090832979,false,"פנטן 660 מ""ל קונדישינר לתלתלים מושלמים",דיפלומט מפיצים (1986) בע`מ,RO,מרכך פנטן,מיליליטרים,660.00,"100 מ""ל",false,1,19.90,3.02,true,1,
8001090833136,false,אריאל ג`ל כביסה 2.255 ליטר בייבי,דיפלומט מפיצים (1986) בע`מ,FR,ג'ל כביסה בייבי,ליטרים,2.25,ליטר,false,1,32.90,14.62,true,1,
8001090856005,false,פאנטן 200 מרכך הקסם סופר פוד,פרוקטר אנד גמבל,FR,פנטן מרכך הקסם,מיליליטרים,200.00,"100 מ""ל",false,1,21.90,10.95,true,1,
8001090891273,false,לנור כדוריות בושם בניחוח סחלב 210 גרם,דיפלומט מפיצים (1968) בעמ,US,לנור מבשם כביסה,יחידה,1.00,יחידה,false,0,25.90,25.90,true,1,
8001090899194,false,תחבושות אולוויז פלטינום נורמל 24 יחידות,דיפלומט מפיצים (1986) בע`מ,DE,תחבושות אולוויז,יחידה,1.00,יחידה,false,1,19.90,19.90,true,1,
8001090899224,false,תחבושות אולוויז פלטינום לונג 20 יחידות,דיפלומט מפיצים (1986) בע`מ,DE,תחבושות אולוייז,יחידה,1.00,יחידה,false,1,19.90,19.90,true,1,
8001090899255,false,תחבושות אולוויז פלטינום לילה 16 יחידות,דיפלומט מפיצים (1986) בע`מ,DE,תחבשות אולוויז,יחידה,1.00,יחידה,false,1,19.90,19.90,true,1,
8001090992338,false,פיירי טבליות למדיח פלטינום פלוס 50 יחידו,דיפלומט מפיצים (1968) בעמ,BE,פיירי טב' למדיח,יחידה,1.00,יחידה,false,1,53.90,53.90,true,1,
8001160000888,false,"גטורייד משקה ספורט תפוז 500 מ""ל",אקווה מינרלה סאן בנדטו,IT,גטורייד תפוז,מיליליטרים,500.00,"100 מ""ל",false,1,10.40,2.08,true,1,
8001160001786,false,"משקה אנרגיה גטורייד ספורט כחול 500מ""ל",אקווה מינרלה סאן בנדטו,IT,גטורייד כחול,מיליליטרים,500.00,"100 מ""ל",false,0,10.40,2.08,true,1,
8001160001892,false,"משקה אנרגיה גטורייד ספורט תפוז אדום 500מ""ל",אקווה מינרלה סאן בנדטו,IT,גטורייד תפוז,מיליליטרים,500.00,"100 מ""ל",false,0,10.40,2.08,true,1,
8001505000184,false,מעדן אוכמניות אורגני 250 גר FIORDIFRUTT,אף.סי תבליני בגליל ב,IT,מ.אוכמניות אורגנ,גרמים,250.00,100 גרם,false,0,22.90,9.16,true,1,
8001505001105,false,ממרח אגוזי לוז אורגני 270 גרם NICCIOLATA,ריג'\וני דה אסינו,IT,ממרח אגוזי לוז,גרמים,270.00,100 גרם,false,1,22.90,8.48,true,1,
8001620011935,false,"סן בנדטו- מים מינרלים מוגז - מארז שישיית 500 מ""ל",אקווה מינרלה סאן בנד,IT,סאן בנדטו 6 יח',ליטרים,3.00,ליטר,false,0,13.90,4.63,true,1,
8001620015636,false,"משקה פירות פרוטה-מיקס פירות 400 מ""ל סאן בנדטו",אקווה מינרלה סאן בנדטו ב,IT,משקה פרוטה,מיליליטרים,400.00,"100 מ""ל",false,1,7.30,1.83,true,1,
8001620017456,false,"סן בנדטו ספורט, מים מינרלים טבעיים 500 מ""ל שישייה",אקווה מינרלה סאן בנדטו ב,IT,מים סאן בנדטו6יח,ליטרים,3.00,ליטר,false,1,14.90,4.97,true,1,
8001841006710,false,לנור כדוריות הבושם בניחוח רענן ( 210 גר`,דיפלומט מפיצים (1968) בעמ,GB,לנור מבשם כביסה,גרמים,210.00,100 גרם,false,1,25.90,12.33,true,1,
8001841006833,false,לנור כדוריות הבושם בניחוח אביבי 210 ג',פרוקטר אנד גמבל,GB,לנור מבשם כביסה,גרמים,210.00,100 גרם,false,1,25.90,12.33,true,1,
8001841053806,false,תחבושות היגייניות אולוויז מקסי עבה לילה,דיפלומט מפיצים (1968) בעמ,DE,תחבושות אולוויז,יחידה,1.00,יחידה,false,1,12.90,12.90,true,1,
8001841062624,false,מארז מגבוני פמפרס ללא בישום - רביעייה,דיפלומט מפיצים (1968) בעמ,DE,מגבוני פמפרס 4יח,יחידה,1.00,יחידה,false,1,16.90,16.90,true,1,
8001841077949,false,מארז מגבוני פמפרס בניחוח מרענן - רביעייה,דיפלומט מפיצים (1986) בע`מ,DE,מגבוני פמפרס 4יח,יחידה,1.00,יחידה,false,1,16.90,16.90,true,1,
8001841104614,false,פמפרס פרימיום חיתולים שלב 1 א.נשיאה 26יח,פרוקטר אנד גמבל,US,פמפרס פרימיום אר,יחידה,1.00,יחידה,false,1,23.30,23.30,true,1,
8001841105093,false,פמפרס פרימיום קר חיתולים שלב 6 26 יח VP,דיפלומט מפיצים (1986) בע`מ,US,פמפרס,יחידה,1.00,יחידה,false,1,34.40,34.40,true,1,
8001841137179,false,קונדישינר הד&שולדרס הנוסחה הקלאסית 275מל,דיפלומט מפיצים (1986) בע`מ,RO,מרכך הד&שולדרס,מיליליטרים,275.00,"100 מ""ל",false,1,13.90,5.06,true,1,
8001841216584,false,תחבושות אולוויז אולטרה לילה בטוח,דיפלומט מפיצים (1968) בעמ,UA,תחבושות אולוייז,יחידה,1.00,יחידה,false,1,32.90,32.90,true,1,
8001841272757,false,אורל-בי משחת שיניים להלבנה פחם- לניקוי עמוק,דיפלומט מפיצים (1968) בעמ,DE,משחת אורל בי,מיליליטרים,75.00,"100 מ""ל",false,1,31.90,42.53,true,1,
8001841410524,false,"הד שולדרס שמפו קוקוס 600מ""ל",דיפלומט מפיצים (1968) בעמ,RO,שמפו הד&שולדרס,מיליליטרים,600.00,"100 מ""ל",false,1,18.90,3.15,true,1,
8001841500942,false,"הרבל אסנסס - שמפו ללא סולפטים אלוורה ובמבוק 380 מ""ל",דיפלומט מפיצים (1986) בע`מ,FR,שמפו ללא סולפטים,מיליליטרים,380.00,"100 מ""ל",false,1,16.90,4.45,true,1,
8001841502601,false,"הרבל אסנסס - מרכך ללא סולפטים אלוורה ובמבוק 275 מ""ל",דיפלומט מפיצים (1968) בעמ,FR,מרכך ללא סולפטים,מיליליטרים,275.00,"100 מ""ל",false,1,16.90,6.15,true,1,
8001841566771,false,לנור כדוריות בושם בניחוח יסמין 210 גרם,דיפלומט מפיצים (1968) בעמ,,לנור מבשם כביסה,יחידה,1.00,יחידה,false,0,25.90,25.90,true,1,
8001841625188,false,סבון כלים פלטינום לימון X3 פעולות להסרת שומנים,דיפלומט מפיצים (1986) בע`מ,GB,פיירי נוזל כלים,מיליליטרים,515.00,"100 מ""ל",false,1,10.90,2.12,true,1,
8001841625362,false,"נוזל כלים בניחוח לימון פלטינום 780 מ""ל פיירי",דיפלומט מפיצים (1968) בעמ,GB,פיירי נוזל כלים,מיליליטרים,780.00,"100 מ""ל",false,1,12.50,1.60,true,1,
8001841625461,false,סבון כלים פלטינום X3 פעולות להסרת שומנים,דיפלומט מפיצים (1986) בע`מ,GB,פיירי נוזל כלים,מיליליטרים,515.00,"100 מ""ל",false,1,10.90,2.12,true,1,
8001841660530,false,קרם לחות מינרלס במבוק + חלבון משקם לשיער ארוך,דיפלומט מפיצים (1968) בעמ,FR,קרמ פנטן מיראקלס,גרמים,270.00,100 גרם,false,1,17.90,6.63,true,1,
8001841669519,false,קפסולות לכביסה ALL IN ONE אריאל 55 יחידות,דיפלומט מפיצים (1986) בע`מ,FR,קפסולות לכביסה,יחידה,1.00,יחידה,false,1,66.90,66.90,true,1,
8001841893990,false,פיירי טבליות למדיח פלטינום פלוס - מארז 30 יח',דיפלומט מפיצים (1986) בע`מ,,פיירי טב' למדיח,יחידה,1.00,יחידה,false,0,39.90,39.90,true,1,
8001841941929,false,אולוויז וליו פק לילה בטוח אקסטרא 16 יחידות,דיפלומט מפיצים (1986) בע`מ,DE,אולוויז לילה,יחידה,1.00,יחידה,false,1,19.90,19.90,true,1,
8001841943961,false,לנור כדוריות בושם בניחוח אוקיינוס 210 גר,דיפלומט מפיצים (1968) בעמ,US,לנור מבשם כביסה,גרמים,210.00,100 גרם,false,1,25.90,12.33,true,1,
8001841960081,false,פיירי טבליות למדיח פלטינום הכל באחד - מארז 37 יח',דיפלומט מפיצים (1986) בע`מ,,פיירי טב' למדיח,יחידה,1.00,יחידה,false,0,39.90,39.90,true,1,
8001906997557,false,פרל אנימה - מבעבע רוזה חצי מתוק 750 מל,,IT,פרל אנימה מבעבע,מיליליטרים,750.00,"100 מ""ל",false,1,35.20,4.69,true,1,
8002110383709,false,נוטרוגינה ס.נורבגית ק.ידיים לא מבושם 50מל,גונסון אנד גונסון,FR,קרם ידיים,מיליליטרים,50.00,"100 מ""ל",false,0,24.90,49.80,true,1,
8002205319835,false,מזון לחתולים בוגרים בטעם סלמון פורינה ONE,קבוצת אוסם סחר-שות.מוגבלת,FR,מזון לחתול בוגר,גרמים,800.00,100 גרם,false,1,34.90,4.36,true,1,
8002205319903,false,מזון לחתולים בוגרים בטעם עוף פורינה ONE,קבוצת אוסם סחר-שות.מוגבלת,FR,ONE לחתול בוגר,גרמים,800.00,100 גרם,false,1,34.90,4.36,true,1,
8002270436581,false,סאן פלגרינו פלסטיק מוגז שישייות 500*6,טמפו משקאות בע`מ,IT,6מים סן פלגרינו,ליטרים,3.00,ליטר,false,1,29.90,9.97,true,1,
8002450204009,false,משקה כהלי וורדי רספברי אפרסק,הכרם - משקאות חריפים בעמ,IT,ורדי אפרסק,מיליליטרים,750.00,"100 מ""ל",false,0,27.90,3.72,true,1,
8002450205006,false,"משקה כהלי וורדי תות ספרקלטיני 750מ""ל",הכרם - משקאות חריפים בעמ,IT,ורדי תות שדה,מיליליטרים,750.00,"100 מ""ל",false,1,27.90,3.72,true,1,
8002450206003,false,משקה כהלי ורדי רימונים ספרקלטיני 750מ,הכרם - משקאות חריפים בעמ,IT,ורדי רימונים,מיליליטרים,750.00,"100 מ""ל",false,0,27.90,3.72,true,1,
8002450209004,false,יין מבעבע ורדי רוזה,איטליה בוסקה,IT,ורדי רוזה,מיליליטרים,750.00,"100 מ""ל",false,1,27.90,3.72,true,1,
8002910043476,false,ויט רצועות שעווה מוכנות לקו הביקיני 12 יחידות,רקיט בנקיזר (ניר איסט) בעמ,FR,רצועות שעווה ויט,יחידה,1.00,יחידה,false,1,19.90,19.90,true,1,
8003130129506,false,סאן קרלו חטיפי תפוחי אדמה פריכים CLASSIC,קנדי חשמל ונכסים,IT,חטיפי תפוח אדמה,גרמים,50.00,100 גרם,false,1,5.90,11.80,true,1,
8003130129544,false,סאן קרלו חטיפי תפוחי אדמה פריכ.CROCCANTE,קנדי חשמל ונכסים,IT,חטיפי תפוח אדמה,גרמים,50.00,100 גרם,false,1,5.90,11.80,true,1,
8003405006051,false,וודקה ט.אסאי ר.קוואלי 1ל,טוסקני,IT,וודקה טעם אסאי,ליטרים,1.00,ליטר,false,1,149.90,149.90,true,1,
8003440997857,false,מסטיק פיור פרש בטעם מנטה אריזת חיסכון,פרפטי ואן מלה ברדה,TR,מסטיק מנטוס,גרמים,200.00,100 גרם,false,1,20.00,10.00,true,1,
8003753158556,false,אילי קפסולות אספרסו קלאסיקו 10 יח' 57 גרם,דיפלומט מפיצים (1968) בעמ**,FR,קפסולות קפה אילי,גרמים,57.00,100 גרם,false,1,24.90,43.68,true,1,
8004030102033,false,טונה בשמן זית עם מיץ לימון ופלפל שחור - מארז 3 יח',בולטון אלימנטרי,IT,טונה ריו מרה 3יח,גרמים,240.00,100 גרם,false,1,26.90,11.21,true,1,
8004123004893,false,"שמן מתובל בטעם פטריות כמהין 250 מ""ל",באסו פדלה,IT,שמן בטעם כמהין,מיליליטרים,250.00,"100 מ""ל",false,1,27.90,11.16,true,1,
8004690050507,false,L.M פסטה איטלקית פטוצ'יני 500 גרם,לה מוליסנה,IT,פסטה פטוצ'יני,גרמים,500.00,100 גרם,false,1,7.90,1.58,true,1,
8004690050620,false,L.M פסטה איטלקית לינגוויני 500 גרם,לה מוליזנה קמפובאסן,IT,פסטה לה מוליזנה,גרמים,500.00,100 גרם,false,1,7.90,1.58,true,1,
8004690051573,false,ספגטי לה מוליזנה 500 גרם,לה מוליזנה קמפובאסן,IT,ספגטי לה מוליזנה,גרמים,500.00,100 גרם,false,1,7.90,1.58,true,1,
8004690052044,false,פסטה לאמוליזנה פנה ז,לה מוליזנה קמפובאסן,IT,פנה ריגטה,גרמים,500.00,100 גרם,false,1,7.90,1.58,true,1,
8004690052846,false,L.M פסטה איטלקית פוזילי 500 גרם,לה מוליסנה,IT,פסטה פוזילי,גרמים,500.00,100 גרם,false,1,7.90,1.58,true,1,
8004690057308,false,L.M פסטה איטלקית רדיאטורי 500 גרם,לה מוליסנה,IT,פסטה רדיאטורי,גרמים,500.00,100 גרם,false,1,7.90,1.58,true,1,
8004690101513,false,פסטה קוואדרטו מוליסא,לה מוליזנה קמפובאסן,IT,פסטה קוואדרטו,גרמים,500.00,100 גרם,false,1,7.90,1.58,true,1,
8004690106600,false,פרפלה לה מוליזינה 500 גר,לה מוליזנה קמפובאסן,IT,פסטה לה מוליזנה,גרמים,500.00,100 גרם,false,0,7.90,1.58,true,1,
8004708048793,false,פלפל שחור במטחנה ארו 95 גרם,דרוגיה ואלימנטרי אס.אר.א,IT,פלפל שחור במטחנה,גרמים,95.00,100 גרם,false,1,29.90,31.47,true,1,
8004800000071,false,לאגו פלאסיר- גלילי ופל במילוי קרם אגוזי לוז שוקולד חלב - 100 ג',תה ויסוצקי (ישראל) בעמ,IT,גלילי וופל לאגו,גרמים,100.00,100 גרם,false,1,12.90,12.90,true,1,
8004800005502,false,וופל מיני רול גלילי ופל במילוי קרם קקאו- 125 ג' לאגו,תה ויסוצקי (ישראל) בעמ,IT,גלילי וופל מיני,גרמים,125.00,100 גרם,false,1,8.90,7.12,true,1,
8004800005519,false,וופל רול גלילי במילוי קרם אגוזי לוז- 125 ג' לאגו,תה ויסוצקי (ישראל) בעמ,IT,גלילי וופל מיני,גרמים,125.00,100 גרם,false,1,8.90,7.12,true,1,
8005110000416,false,עגבניות חתוכ.במיץ 300*2ג,מוטי אס.פי.אי,IT,עגבניות חתוכות2*,גרמים,600.00,100 גרם,false,1,12.90,2.15,true,1,
8005110001772,false,רוטב פסטה עגב.פיצוטלו400,מוטי אס.פי.אי,IT,רוטב לפסטה,גרמים,400.00,100 גרם,false,1,12.90,3.23,true,1,
8005110002243,false,רכז עגבניות Doppio Concentr בשפופרת 185 ג' MUTTI,רסטרטו יבוא ושיווק בעמ*אין החז,IT,תרכיז עגבניות,גרמים,185.00,100 גרם,false,1,7.50,4.05,true,1,
8005110002533,false,רוטב פסטה עגבנ.דטרינ400,מוטי אס.פי.אי,IT,רוטב לפסטה,גרמים,400.00,100 גרם,false,1,12.90,3.23,false,1,
8005110060007,false,עגבניות מקולפות 400 גרם MUTTI,רסטרטו יבוא ושיווק בעמ,IT,עגבניות מקולפות,גרמים,400.00,100 גרם,false,0,6.70,1.68,true,1,
8005110170300,false,עגבניות מרוסקות חתוכות מוטי MUTTI שלישיה *400,רסטרטו יבוא ושיווק בעמ*אין החז,IT,עגבניות חתוכות3*,קילוגרמים,1.20,"ק""ג",false,0,16.90,14.08,true,1,
8005110171215,false,עגבניות חתוכות 690 POLPAPEZZI ג' (כחול) MUTTI,רסטרטו יבוא ושיווק בעמ,IT,עגבניות חתוכות,גרמים,690.00,100 גרם,false,0,14.90,2.16,true,1,
8005110191015,false,רסק עגבניות ובזיליקום MUTTI{ירוק } 700 גרם,רסטרטו יבוא ושיווק בעמ,IT,מחית עגבניות קלה,גרמים,700.00,100 גרם,false,0,12.90,1.84,true,1,
8005110200014,false,רסק עגבניות 210 ג' CONCENTRATO MUTTI,רסטרטו יבוא ושיווק בעמ,IT,רכז עגבניות,גרמים,210.00,100 גרם,false,0,6.50,3.10,true,1,
8005110551253,false,רוטב לפיצה להכנת פיצה איטלקית קלאסית,רסטרטו יבוא ושיווק בעמ*אין החז,IT,רוטב לפיצה,גרמים,400.00,100 גרם,false,1,8.90,2.23,true,1,
8005200256587,false,נסטי - תה קר בטעם אפרסק 1.5 ליטר,פארייפאבה אגרואינדוס,IT,נסטי בטעם אפר,ליטרים,1.50,ליטר,false,0,8.90,5.93,true,1,
8005200286584,false,תה קר נסטי מנגו אננס 1.5 ליטר פיקדון,פארייפאבה אגרואינדוס,IT,נסטי מנגו אננ,ליטרים,1.50,ליטר,false,0,8.90,5.93,true,1,
8005200316588,false,תה קר נסטי אפרסק דיאט 1.5 ליטר פיקדון,פארייפאבה אגרואינדוס,IT,נסטי דיאט אפר,ליטרים,1.50,ליטר,false,0,8.90,5.93,true,1,
8005852750112,false,שזיר מעדן עוף 85 גרם,,TH,שזיר מעדן עוף,גרמים,85.00,100 גרם,false,0,6.00,7.06,true,1,
8005852750150,false,שזיר מעדן סלמון 85 גרם,,TH,שזיר מוס סלמון,גרמים,85.00,100 גרם,false,0,6.00,7.06,true,1,
8006227000733,false,סמנצאטו-טראמציני ח.מלאה 250 גרם,רו. מאר ס.ר.ל,IT,לחם ללא קשה,גרמים,250.00,100 גרם,false,1,16.90,6.76,true,1,
8006227001389,false,סמנצאטו – לחם מחמצת עם שמן זית ללא קשה 1400 גרם,רו. מאר ס.ר.ל,IT,לחם ללא קשה,גרמים,400.00,100 גרם,false,1,18.90,4.73,true,1,
8006540091937,false,לנור כדוריות הבושם בניחוח אריאל 210 גרם,פטר קרמר עבור פרוקטור אנ,GB,לנור מבשם כביסה,גרמים,210.00,100 גרם,false,1,25.90,12.33,true,1,
8006540112793,false,"מרכך כביסה מרוכז בניחוח יסמין לנור 900 מ""ל",דיפלומט מפיצים (1986) בע`מ,US,לנור מרכך מרוכז,מיליליטרים,900.00,"100 מ""ל",false,1,15.90,1.77,true,1,
8006540112823,false,"לנור מרכך כביסה מרוכז בניחוח האוקיינוס 900 מ""ל",דיפלומט מפיצים (1968) בעמ,US,לנור מרכך מרוכז,מיליליטרים,900.00,"100 מ""ל",false,1,15.90,1.77,true,1,
8006540112854,false,"מרכך כביסה מרוכז בניחוח סחלב לנור 900 מ""ל",דיפלומט מפיצים (1986) בע`מ,US,לנור מרכך מרוכז,מיליליטרים,900.00,"100 מ""ל",false,1,15.90,1.77,true,1,
8006540221068,false,מגן תחתון אלוויז וליופק לונג פלוס 40 יחי',פרוקטר & גמבל,DE,מגן תחתון אולווי,יחידה,1.00,יחידה,false,1,17.90,17.90,true,1,
8006540221341,false,אולוויז מגן תחתון וליופק לארג' 48 יחידות,,DE,מגן תחתון אולווי,יחידה,1.00,יחידה,false,1,17.90,17.90,true,1,
8006540353004,false,טמפקס פרל סופר 18 יחידות חדש,דיפלומט מפיצים (1986) בע`מ,HU,טמפקס,יחידה,1.00,יחידה,false,1,20.90,20.90,true,1,
8006540385029,false,הד&שולדרס MEN שמפו ומרכך 2ב-1 אולטרא 540,URLATI GAMBLE & PROCTER,RO,הד&שולדרס מן 2ב1,מיליליטרים,540.00,"100 מ""ל",false,1,18.90,3.50,true,1,
8006540404850,false,דיסקריט תחבושות לבריחת שתן לונג 10 יח,דיפלומט מפיצים (1968) בעמ,DE,דיסקריט תחבושות,יחידה,1.00,יחידה,false,1,15.00,15.00,true,1,
8006540404898,false,אולוויז דיסקריט לבריחת שתן לונג פלוס 8יח,דיפלומט מפיצים (1968) בעמ,DE,דיסקריט תחבושות,יחידה,1.00,יחידה,false,1,15.00,15.00,true,1,
8006540404935,false,אולוויז דיסקריט לבריחת שתן נורמל 12 יח,דיפלומט מפיצים (1968) בעמ,DE,דיסקריט תחבושות,יחידה,1.00,יחידה,false,1,15.00,15.00,true,1,
8006540405031,false,דיסקריט תחבושות לבריחת שתן סמול פלוס 16,דיפלומט מפיצים (1968) בעמ,DE,דיסקריט תחבושות,יחידה,1.00,יחידה,false,1,15.00,15.00,true,1,
8006540406694,false,פמפרס בייבי דריי פנטס מידה 4 42 יח,דיפלומט,PL,פמפרס מכנסונים,יחידה,1.00,יחידה,false,1,56.90,56.90,true,1,
8006540410967,false,הד&שולדרס 7 יתרונות ב-1 רב פעולות 450,S BLOIS GAMBLE & PROCTER,FR,הד&שולדרס שמפו,גרמים,450.00,100 גרם,false,1,18.90,4.20,true,1,
8006540463550,false,פיירי טבליות למדיח פלטינום 63 יחידות,דיפלומט מפיצים (1968) בעמ,BE,פיירי טבליות,יחידה,1.00,יחידה,false,1,53.90,53.90,true,1,
8006540491539,false,"נוזל כלים פיירי פלטינום אוריגינל 780 מ""ל",דיפלומט מפיצים (1986) בע`מ,GB,פיירי פלטינום,מיליליטרים,780.00,"100 מ""ל",false,1,12.50,1.60,true,1,
8006540495216,false,"לנור מרכך כביסה מרוכז בניחוח אמאטיסט 900 מ""ל",דיפלומט מפיצים (1968) בעמ,FR,מרכך כביסה לנור,מיליליטרים,900.00,"100 מ""ל",false,1,15.90,1.77,true,1,
8006540495247,false,"לנור מרכך כביסה מרוכז בניחוח פרחי בר 900 מ""ל",דיפלומט מפיצים (1968) בעמ,FR,מרכך כביסה לנור,מיליליטרים,900.00,"100 מ""ל",false,1,15.90,1.77,true,1,
8006540620403,false,"טייד אבקת כביסה אפקט פיירי 7 ק""ג",דיפלומט מפיצים (1986) בע`מ,TR,טייד אבקת כביסה,קילוגרמים,7.00,"ק""ג",false,1,56.90,8.13,true,1,
8007178120310,false,"חומץ בלסמי 500 מ""ל (דיפלומט)",דיפלומט מפיצים (1968) בעמ**,IT,חומץ בלסמי,מיליליטרים,500.00,"100 מ""ל",false,0,19.90,3.98,true,1,
8007178223547,false,ג`קובזי קרם בלסמי מצומצם ממודנה 250 מל,דיפלומט מפיצים (1968) בעמ**,IT,קרם בלסמי מצומצם,מיליליטרים,250.00,"100 מ""ל",false,1,24.90,9.96,true,1,
8008245004847,false,ממרח אגוזי לוז וקקאו מובנפיק 300 גרם,א. סיימן סחר בעמ,IT,ממרח אגוזי לוז,גרמים,300.00,100 גרם,false,1,14.90,4.97,true,1,
8008245004861,false,ממרח אגוזי לוז עם חלב מובנפיק 300 גרם,יבואן ומשווק: ש. שסט,IT,ממרח אגוזי לוז,גרמים,300.00,100 גרם,false,1,14.90,4.97,true,1,
8008343200035,false,פסטה רומו ספגטי 500 גרם,רומו Rummo,IT,פסטה רומו,גרמים,500.00,100 גרם,false,1,8.90,1.78,true,1,
8008343200134,false,פסטה רומו לינגוינה 500גר,רומו Rummo,IT,פסטה רומו,גרמים,500.00,100 גרם,false,1,8.90,1.78,true,1,
8008343200424,false,פסטה קונקילי ריגטה Conchiglie rigate,רומו Rummo,IT,פסטה רומו,גרמים,500.00,100 גרם,false,1,8.90,1.78,true,1,
8008343200486,false,פסטה רומו פוזילי 500 גרם,רומו Rummo,IT,פסטה רומו,גרמים,500.00,100 גרם,false,1,8.90,1.78,true,1,
8008343200851,false,פסטה רומו פרפלה 500 גרם,רומו Rummo,IT,פסטה רומו,גרמים,500.00,100 גרם,false,1,8.90,1.78,true,1,
8008343201377,false,פסטה רומו רדיאטורי 500גר,רומו Rummo,IT,פסטה רומו,גרמים,500.00,100 גרם,false,1,8.90,1.78,true,1,
8008698004548,false,ביסקוויט בציפוי שוקולד חלב ללא גלוטן,ל.י.ב. (לחיות יותר בטבע) בעמ,DE,ביסקוויט מצופה,גרמים,150.00,100 גרם,false,1,19.90,13.27,true,1,
8008698004852,false,מיקס - Cתערובת קמחים לאפיית עוגות 1קג ללא גלוטן,"ד""ר שר ס.ר.ל",IT,תערובת למאפים,קילוגרמים,1.00,"ק""ג",false,0,30.90,30.90,true,1,
8008698005231,false,עוגיות סנדוויץ בטעם שוקולד ממולאות קרם חלב ללא גלוט,שר Schar,IT,עוגיות סנדוויץ,גרמים,165.00,100 גרם,false,1,19.90,12.06,true,1,
8008698005347,false,"ביסקוויט מצופות שוקולד מריר לל""ג 150 גר",שר Schar,IT,ביסקויט שוקולד,גרמים,150.00,100 גרם,false,1,14.90,9.93,true,1,
8008698008157,false,שר עוגיות שוקולד במילוי קרם שמנת ללא גלוטן 100 גר',ל.י.ב. (לחיות יותר בטבע) בעמ,IT,עוגיות ממולאות,גרמים,100.00,100 גרם,false,0,10.90,10.90,true,1,
8008698054109,false,מילוי גריס - ממרח אגוזי לוז עם קקאו בתוספות מקלות 52 גרם,"ד""ר שר ס.ר.ל",IT,ממרח אגוזי לוז,גרמים,52.00,100 גרם,false,1,12.90,24.81,true,1,
8010024006010,false,חמאת שקדים 100% השקד נטורפוד 350 גרם,תות תעשיות מזון (201,IT,חמאת שקדים100%,גרמים,350.00,100 גרם,false,1,43.90,12.54,true,1,
8010445003308,false,שמן זית כתית מעולה 750 מ,CLEMENTE OLEARIA,IT,שמן זית קלמנטה,גרמים,750.00,100 גרם,false,0,34.90,4.65,true,1,
8011033011279,false,קוסקוס אמיתי 1 קג מר,דין שיווק וקליה 2021 בעמ,IT,קוסקוס מרקש,קילוגרמים,1.00,"ק""ג",false,0,9.90,9.90,true,1,
8014515330738,false,קוביות עגבניות פומו400גר,שופרסל-ייבוא,IT,קוביות עגבניות,גרמים,400.00,100 גרם,false,0,5.90,1.48,true,1,
8014601026354,false,"קמח ""00"" איטלקי לפיצה שף אדום 1 ק""ג",דיפלומט מפיצים (1968) בעמ**,IT,קמח פיצה שף,קילוגרמים,1.00,"ק""ג",false,1,12.90,12.90,true,1,
8014601028747,false,קמח 00 איטלקי כחול 1 קג CAPUTO,דיפלומט מפיצים (1968) בעמ**,IT,קמח אקסטרה,קילוגרמים,1.00,"ק""ג",false,1,11.90,11.90,true,1,
8021228902442,false,רביולי ללא גלוטן במילוי ביונד מיט 250 ג' דה אנג'ליס,ג.וילי-פוד אינטרנשיונל **גבינו,GR,רביולי במילוי בי,גרמים,250.00,100 גרם,false,1,14.90,5.96,true,1,
8023678164517,false,משקה שקדים ללא סוכר טבעי אורגני 1ליטר ISOLA,לחיות יותר בטבע בעמ,IT,משקה שקדים טבעי,ליטרים,1.00,ליטר,false,1,16.80,16.80,true,1,
8024046203012,false,מחית אורגנית תפוחי עץ ואוכמניות 120 גר,ביואיטליה,IT,מחית אורגנית,גרמים,120.00,100 גרם,false,1,5.90,4.92,true,1,
8024046204019,false,מחית אורגנית גזר משמש ודלעת 120 גרם,ביואיטליה,IT,מחית אורגנית,גרמים,120.00,100 גרם,false,1,5.90,4.92,true,1,
8024985000086,false,נטורה נובה - מחית תפוח בננה אורגנית 100% פרי,"נטורפוד בע""מ",IT,מחית תפוח בננה,גרמים,200.00,100 גרם,false,0,9.90,4.95,true,1,
8024985002950,false,מחית פירות סמוצ`י שזיף אורגנית נטורה נוב,נטורפוד בעמ,IT,סמוזי שזיף,גרמים,100.00,100 גרם,false,1,5.90,5.90,true,1,
8024985005234,false,מחית פירות סמוצ`י תפוח עץ ומנגו אורגנית,נטורפוד בעמ,IT,סמוזי תפוח אפרסק,גרמים,100.00,100 גרם,false,1,5.90,5.90,true,1,
8024985005296,false,סמוזי אגס בננה תפוח וקינואה אורגני,נטורפוד בעמ,IT,סמוזי,גרמים,120.00,100 גרם,false,1,6.50,5.42,true,1,
8024985008037,false,מחית פירות סמוצ`י תפוח אורגנית ללא תוספת,"נטורפוד בע""מ",IT,סמוזי תפוח,גרמים,100.00,100 גרם,false,0,5.90,5.90,true,1,
8024985008044,false,מחית פירות סמוצ`י אגס אורגנית ללתס נטור,"נטורפוד בע""מ",IT,סמוזי אגס,גרמים,100.00,100 גרם,false,0,5.90,5.90,true,1,
8024985008051,false,מחית פירות סמוצ`י פירות אדומים אורגנית ל,"נטורפוד בע""מ",IT,סמוזי פירות אדום,גרמים,100.00,100 גרם,false,0,5.90,5.90,true,1,
8024985011204,false,נטורה נובה-סמוזי תפוח תות בננה 100 גרם,נטורה נובה,IT,סמוזי תפוח,גרמים,100.00,100 גרם,false,1,5.90,5.90,true,1,
8032573170035,false,יין מוסקטו טרה סינה 750 מל,יקבי קנטינה,IT,יין מוסקטו,מיליליטרים,750.00,"100 מ""ל",false,0,38.90,5.19,true,1,
8032793342458,false,עגבניות מרוסקות דק ומסוננות בבקבוק 700 ג,קונסוריזיו קאסאלסקו דל פ,IT,עגבניות מרוסקות,גרמים,700.00,100 גרם,false,1,11.90,1.70,true,1,
8032793344292,false,עגבניות מרוסקות דק בקבוק 700 גר` פולפה,קונסוריזיו קאסאלסקו דל פ,IT,עגבניות חתוכות,גרמים,700.00,100 גרם,false,1,11.90,1.70,true,1,
8032804432024,false,דפי לזניה אורז-תירס אורגנית ללא גלוטן,מולינו אנדריאני,IT,לזניה אורז מלא,גרמים,250.00,100 גרם,false,1,17.90,7.16,true,1,
8032880800243,false,פיקניק הפתעה - אגוזי לוז ומקלות אפויים,"הוסטה איטליה, ס.ר.ל.",IT,פיקניק הפתעה,גרמים,50.00,100 גרם,false,0,7.90,15.80,true,1,
8033275522368,false,"יין מונטרו קיאנטי, 750 מ""ל י מונטרו",היכל היין שקד גולן בעמ,IT,מונטרו קיאנטי,מיליליטרים,750.00,"100 מ""ל",false,1,59.90,7.99,true,1,
8056040250068,false,טרה די סטה קיאנטי 750 מל,טרה די סטה,,טרה די סטה קיאנט,יחידה,1.00,יחידה,false,0,59.60,59.60,true,1,
8076800195033,false,ברילה - צ.א ספגטיני מס3 חדש 500 גרם,ברילה גי.אי.אר פרטלי ס.פ,IT,ספגטיני מס' 3,גרמים,500.00,100 גרם,false,0,6.90,1.38,true,1,
8076800195057,false,ברילה - צ.א ספגטי מס5 חדש 500 גרם,ברילה גי.אי.אר פרטלי ס.פ,IT,ספגטי מס 5 ברילה,גרמים,500.00,100 גרם,false,0,6.90,1.38,true,1,
8076800195132,false,ברילה - צ.א בבטה מס13 500 גרם,ברילה גי.אי.אר פרטלי ס.פ,IT,אטריות בבטה,גרמים,500.00,100 גרם,false,0,6.90,1.38,true,1,
8076800315097,false,פסטה מקרוני בוקטיני מספר 9 ברילה 500 גרם,ברילה גי.אי.אר פרטלי ס.פ,IT,ספגטי בוקטיני,גרמים,500.00,100 גרם,false,0,6.90,1.38,true,1,
8076802085738,false,ברילה - צ.ק פנה רגטה חדש 500 גרם,ברילה גי.אי.אר פרטלי ס.פ,IT,פנה ריגטה ברילה,גרמים,500.00,100 גרם,false,0,6.90,1.38,true,1,
8076802085837,false,ברילה - צ.ק טורטליוני מס83 500 גרם,הנסיך- מפעל לייצור ט,IT,פסטה טורטיליוני,גרמים,500.00,100 גרם,false,1,6.90,1.38,true,1,
8076802085936,false,ברילה פסטה צ.ק. קונצילה ריגטה חדש,ברילה גי.אי.אר פרטלי ס.פ,IT,קונצ'יליה,גרמים,500.00,100 גרם,false,0,6.90,1.38,true,1,
8076802085981,false,ברילה - צ.ק פוזילי חדש 500 גרם,ברילה גי.אי.אר פרטלי ס.פ,IT,פוזילי ברילה,גרמים,500.00,100 גרם,false,0,6.90,1.38,true,1,
8076808050440,false,פסטה מקרוני מספר 44 ברילה 500 גרם,ש. שסטוביץ בע`מ,IT,מקרוני ברילה,גרמים,500.00,100 גרם,false,0,6.90,1.38,true,1,
8076808060654,false,פסטה פרפלה מספר 65 ברילה 500 גרם,ברילה גי.אי.אר פרטלי ס.פ,IT,פסטה פרפלה ברילה,גרמים,500.00,100 גרם,false,0,6.90,1.38,true,1,
8076808150072,false,ברילה - צ.א ספגטוני מס7 חדש 500 גרם,ברילה גי.אי.אר פרטלי ס.פ,IT,ספגטי ברילה,גרמים,500.00,100 גרם,false,0,6.90,1.38,true,1,
8076809512268,false,פסטה גירנדולה טורסדס מספר 34 ברילה 500 גרם,ברילה גי.אי.אר פרטלי ס.פ,IT,פסטה גירנדולה,גרמים,500.00,100 גרם,false,0,6.90,1.38,true,1,
8076809513395,false,ברילה פומודורו רוטב עגבניות קלאסי 400 גר,ברילה גי.אי.אר פרטלי ס.פ,IT,רוטב עגבניות,גרמים,400.00,100 גרם,false,0,14.90,3.73,true,1,
8076809513654,false,בסיס רוטב עגבניות לבולונז 400 גרם ברילה,ברילה גי.אי.אר פרטלי ס.פ,IT,בסיס לרוטב,גרמים,400.00,100 גרם,false,0,14.90,3.73,true,1,
8076809513692,false,רוטב עגבניות נפולטנה בתוספת ירקות,ברילה גי.אי.אר פרטלי ס.פ,IT,רוטב לפסטה,גרמים,400.00,100 גרם,false,0,14.90,3.73,true,1,
8076809513739,false,ברילה רוטב עגבניות עם בזיליקום 400 גרם,ברילה גי.אי.אר פרטלי ס.פ,IT,רוטב בזיליקום,גרמים,400.00,100 גרם,false,0,14.90,3.73,true,1,
8076809514774,false,ברילה פפרדלה איטריות ביצים 250 גרם,ברילה גי.אי.אר פרטלי ס.פ,IT,פסטה ביצים,גרמים,250.00,100 גרם,false,0,17.90,7.16,true,1,
8076809515399,false,ברילה אמיליאנה טליאטלה 500 גר`ברילה,ברילה גי.אי.אר פרטלי ס.פ,IT,אמיליאנה טליאטלה,גרמים,500.00,100 גרם,false,1,16.90,3.38,true,1,
8076809519977,false,ברילה אורקייטה 500 גר`ברילה,ברילה גי.אי.אר פרטלי ס.פ,IT,פסטה אורקייטה,גרמים,500.00,100 גרם,false,1,16.90,3.38,true,1,
8076809523561,false,ברילה - רוטב פסטה בטעם טוסקנה 400 גרם,ברילה גי.אי.אר פרטלי ס.פ,IT,רוטב עגבניות,גרמים,400.00,100 גרם,false,0,14.90,3.73,true,1,
8076809523769,false,פסטה ברילה פלייה פיאנו 500 גרם,ברילה גי.אי.אר פרטלי ס.פ,IT,פסטה פלייה פיאנו,גרמים,500.00,100 גרם,false,0,16.90,3.38,true,1,
8076809545440,false,ספגטי מספר 5 ללא גלוטן ברילה (400 גרם),ברילה ג'.אי.אר פרטלי,IT,אטריות ללא גלוטן,גרמים,400.00,100 גרם,false,1,14.90,3.73,true,1,
8076809545457,false,ברילה אטריות ללא גלוטן 400 ג' צינורות 400 ג',ברילה ג'.אי.אר פרטלי,IT,ברילה צינורות,גרמים,400.00,100 גרם,false,1,14.90,3.73,true,1,
8076809547956,false,פסטה ברילה קיפרי 500 גרם,ברילה ג'.אי.אר פרטלי,IT,ברילה קיפרי,גרמים,500.00,100 גרם,false,1,6.90,1.38,true,1,
8076809578998,false,ברילה - צ.ק. סטלינה 500 גרם,ברילה גי. אי. אר פרטלי ס,IT,ברילה צ.ק סטלינה,גרמים,500.00,100 גרם,false,1,6.90,1.38,true,1,
8121300207004,false,טרוביה - סטיביה ממתיק בצנצנת 270 גרם,קספרס פאקאגעהג,US,טרוביה בצנצנת,גרמים,270.00,100 גרם,false,1,29.90,11.08,true,1,
8121300208780,false,טרוביה תחליף סוכר לכל מטרה 360 גרם,גורי ע.ע.ע. בעמ,US,טרוביה תחליף,גרמים,360.00,100 גרם,false,1,34.90,9.69,true,1,
8121300209466,false,טרוביה תחליף סוכר חום 320 גרם,גורי ע.ע.ע. בעמ,US,טרוביה תחליף,גרמים,320.00,100 גרם,false,1,34.90,10.91,true,1,
8410076600622,false,חטיפי גרנולה קראנצ'י עם שוקולד מריר נייצ'ר ואלי 210 גרם,ג'נרל מילס סאן אדריאן,ES,נייצר וואלי שוקו,גרמים,210.00,100 גרם,false,0,19.90,9.48,true,1,
8410076610386,false,נייטשר ואלי פרוטאין בוטנים עם ציפוי בטעם קרמל מלוח 160 ג',ג'\נרל מילס סאן אדריאן S,ES,נייטשר וואלי 4יח,גרמים,160.00,100 גרם,false,1,24.90,15.56,true,1,
8410076610492,false,חטיף שיבולת שועל מלאה ובוטנים בציפוי עם חמאת בוטנים,יבואן ומשווק: ש. שסט,GB,חטיפי צ'ואי 5 יח,גרמים,150.00,100 גרם,false,1,19.90,13.27,true,1,
8410076610508,false,"חטיף שיבולת שועל מלאה עם בוטנים, שקדים ושוקולד מריר בציפוי בטעם שוקולד",נייצ'ר ואלי Nature Valley,GB,חטיפי צ'ואי 5 יח,גרמים,150.00,100 גרם,false,1,19.90,13.27,true,1,
8410076621009,false,עוגות אישיות בטעם קרמל עם חתיכות בטעם קרמל מלוח,ליימן שליסל בע`מ,ES,חטיפי פייבר 1,גרמים,120.00,100 גרם,false,1,12.90,10.75,true,1,
8410076621047,false,עוגות אישיות בטעם שוקולד עם חתיכות בטעם שוקולד,ליימן שליסל בע`מ,ES,חטיפי פייבר 1,גרמים,120.00,100 גרם,false,1,12.90,10.75,true,1,
8410104039134,false,"מנקה ומחדש מדיח כלים פיניש 250 מ""ל",רקיט בנקיזר (ניר איסט) בעמ,PL,פיניש ניקוי מדיח,מיליליטרים,250.00,"100 מ""ל",false,0,14.90,5.96,true,1,
8410104045111,false,"פיניש מלח למדיח כלים 2ק""ג",רקיט בנקיזר (ניר איסט) בעמ,IL,מלח למדיח,קילוגרמים,2.00,"ק""ג",false,0,14.90,7.45,true,1,
8410104425906,false,שעווה חמה בניחוח יסמין,רקיט בנקיזר (ניר איסט) בעמ,FR,שעווה חמה ויט,מיליליטרים,250.00,"100 מ""ל",false,0,23.90,9.56,true,1,
8410104437268,false,מפיג ריח רגיל למדיח פיניש 1 יחידה,רקיט בנקיזר (ניר איסט) בעמ,HU,פיניש מפיג ריח,יחידה,1.00,יחידה,false,0,14.90,14.90,true,1,
8410104511340,false,ויט רצועות שעווה מוכנות לעור יבש 12 יחידות,רקיט בנקיזר (ניר איסט) בעמ,FR,רצועות שעווה ויט,יחידה,1.00,יחידה,false,0,19.90,19.90,true,1,
8410128783587,false,ויוה סוי שיבולת שועל בריסטה קרטונית,טמפו משקאות בעמ,ES,משקה שיבולת,ליטרים,1.00,ליטר,false,1,11.90,11.90,true,1,
8410128785734,false,משקה סויה ויוה סוי בריסטה 1 ליטר.,טמפו משקאות בעמ,ES,ויוה סוי סויה,ליטרים,1.00,ליטר,false,1,10.90,10.90,true,1,
8410179000411,false,שמן צמחי E+Dויטמין 1ל,PONTU BORGES ACEITES,ES,שמן צמחי מועשר,ליטרים,1.00,ליטר,false,1,14.90,14.90,true,1,
8410179004501,false,שמן חמניות+ E ויטמין 1ל,PONTU BORGES ACEITES,ES,שמן חמניות,ליטרים,1.00,ליטר,false,1,14.90,14.90,true,1,
8410179010809,false,שמן קנולה בורחס 1 ליטר,בורחס,ES,שמן קנולה,ליטרים,1.00,ליטר,false,1,13.90,13.90,true,1,
8410179014821,false,שמן קנולה + E ויטמין 1ל,PONTU BORGES ACEITES,ES,שמן קנולה,ליטרים,1.00,ליטר,false,1,14.90,14.90,true,1,
8410179018027,false,שמן קלונה מועשר 1 ליטר,FOO BRANDED BORGES,ES,שמן קנולה מועשר,ליטרים,1.00,ליטר,false,1,14.90,14.90,true,1,
8410179018034,false,שמן חמניות מועשר 1 ליטר,FOO BRANDED BORGES,ES,שמן חמניות,ליטרים,1.00,ליטר,false,1,14.90,14.90,true,1,
8410179018485,false,"שמן זית בטעם שום 750 מ""ל",בורחס,ES,שמן זית בטעם שום,מיליליטרים,750.00,"100 מ""ל",false,1,34.90,4.65,true,1,
8410179100043,false,שמן זית בורחס מעולה750מל,PONTU BORGES ACEITES,ES,שמן זית כתית,מיליליטרים,750.00,"100 מ""ל",false,0,33.90,4.52,true,1,
8410342003508,false,"טוראס- ממרח שוקולד ללת""ס 200 גרם",,ES,ממרח שוקולד ללתס,גרמים,200.00,100 גרם,false,1,19.90,9.95,true,1,
8410376009392,false,ביסקויט מחיטה מלאה ללא תוספת סוכר גולון 170 גרם,גאלטס גלון סא,ES,"ביסקוויט ללת""ס",גרמים,170.00,100 גרם,false,1,9.90,5.82,true,1,
8410376010701,false,"ביסקוויט ללת""ס גולון גלטה מריה 400 גר",תות תעשיות מזון (201,ES,"ביסקוויט ללת""ס",גרמים,400.00,100 גרם,false,1,18.90,4.73,true,1,
8410376037883,false,גוליאן עוגיות שוקו צפס ללא גלוטן 130 ג ו,תות תעשיות מזון (201,ES,שוקולד שוקוצ'יפס,גרמים,130.00,100 גרם,false,0,11.90,9.15,true,1,
8410376042481,false,גולון ביסקווט קרם יוגורט ללא תוספת סוכר 220 גרם,גלטס גולון,ES,ביסקוויט ממולא,גרמים,220.00,100 גרם,false,1,14.90,6.77,true,1,
8410376044959,false,גולון דיבוס שרקיז ללא גלוטן ולקטוז 250גר,דן נקסט,ES,ביסקויט לל גלוטן,גרמים,250.00,100 גרם,false,1,19.90,7.96,true,1,
8410376052633,false,גולון-עוגיות שוקוצ'יפס ללא תוספת סוכר 150 ג 1/12,VIRGINIAS INDUSTRIAS,ES,עוגיות שוקוצ'יפס,גרמים,150.00,100 גרם,false,1,11.70,7.80,true,1,
8410376057270,false,גולון-ביסקוויט ללא סוכר עם ש.מריר 150 גר' 1/12,גולון,ES,ביסקוויט שוקולד,גרמים,150.00,100 גרם,false,1,17.90,11.93,true,1,
8410650169156,false,אולטימה לכלבים גזע קטן3ק,,ES,מזון לכלבים,קילוגרמים,3.00,"ק""ג",false,1,108.90,36.30,true,1,
8410655000423,false,בירה רביעייה 5.4% אלכוהול 330 מל סאן מי,סרבסס סאן מיגל אס.אל.יו,ES,בירה סאן מיגל4יח,ליטרים,1.32,ליטר,false,0,29.90,22.65,true,1,
8412168008903,false,מחייה 13 משקה כוהלי בטעם אשכולית אדומה,דיסטיליארס לה הורטנה,ES,מחייה13 אשכוליות,מיליליטרים,700.00,"100 מ""ל",false,1,54.90,7.85,true,1,
8412300801072,false,"ניוואה קרם רב שימושי 400 מ""ל",אלפא- ב.ד.ף בעמ,DE,"ניוואה קרם רב""ש",מיליליטרים,400.00,"100 מ""ל",false,1,27.90,6.98,true,1,
8420822130624,false,"ספריי סופר מסיר כתמים 750מ""ל יעקבי","יעקב יעקבי ובניו בע""מ",ES,מסיר כתמים,מיליליטרים,750.00,"100 מ""ל",false,1,17.90,2.38,true,1,
8421401201209,false,פפריקה מתוקה מעושנת במיכל 70 גר`LACHINA,תבליני טעם וריח בעמ,ES,פפריקה מעושנת,גרמים,70.00,100 גרם,false,1,14.90,21.29,true,1,
8423207206488,false,סלים דליס חטיף דגנים מצופה שוקולד חלב מרבה 6*20 גרם,אף.סי תבליני בגליל ב,ES,חטיפי דגנים מרבה,גרמים,120.00,100 גרם,false,0,10.90,9.08,true,1,
8423207206495,false,סלים דליס חטיף דגנים מצופה שוקולד מריר מרבה 6*20 גרם,אף.סי תבליני בגליל ב,ES,חטיפי דגנים מרבה,גרמים,120.00,100 גרם,false,0,10.90,9.08,true,1,
8423207206501,false,סלים דליס חטיף דגנים עם שוקולד חלב מרבה 6*13 גרם,סלים דליס Slim Delis,ES,חטיפי דגנים מרבה,גרמים,120.00,100 גרם,false,0,10.90,9.08,true,1,
8423207207362,false,חטיפי סלים דליס שוקולד לבן מרבה 6 יחידות,ביסנצ'ורי אס.אל.יו,ES,סלים דליס,גרמים,120.00,100 גרם,false,0,10.90,9.08,true,1,
8423207208260,false,מרבה סלים דליס 125 ג' ללא גלוטן שוקולד חלב,ביסנצ'ורי אס.אל.יו,ES,חטיף דגנים,גרמים,78.00,100 גרם,false,1,10.90,13.97,true,1,
8423207208680,false,חטיף דגנים שוקולד סלים דליס לילדים מרבה 6 יחידות,ביסנצ'ורי אס.אל.יו,ES,סלים דליס 6 יח,גרמים,120.00,100 גרם,false,1,10.90,9.08,true,1,
8423207208697,false,חטיפי סלים דליס לילדים שוקולד לבן מרבה 6 יחידות,ביסנצ'ורי אס.אל.יו,ES,סלים דליס 6 יח,גרמים,120.00,100 גרם,false,1,10.90,9.08,true,1,
8423207208703,false,חטיפי סלים דליס שוקולד מריר מרבה 6 יחידות,ביסנצ'ורי אס.אל.יו,ES,סלים דליס 6 יח,גרמים,120.00,100 גרם,false,1,10.90,9.08,true,1,
8423207208871,false,פריכיות תירס בטעם טבעי סלים דליס 130 גרם,גורי מוצרי צריכה (1991) בעמ,ES,פריכיות תירס,גרמים,130.00,100 גרם,false,1,9.90,7.62,true,1,
8423207209748,false,חטיף דגנים מלאים שוקולד מריר נגיעות תפוז,ביסנצ'ורי אס.אל.יו,ES,סלים דליס 6 יח,גרמים,156.00,100 גרם,false,1,10.90,6.99,true,1,
8423207209885,false,מרבה חטיפי סלים דליס מהדורה מיוחדת שוקולד חלב,סלים דליס Slim Delis,ES,"סלים דליס כשל""פ",גרמים,120.00,100 גרם,false,1,10.90,9.08,true,1,
8423207210287,false,חטיפי סלים דליס שוקולד לבן יוגורט 6 יחידות,סלים דליס Slim Delis,ES,סלים דליס 6 יח,גרמים,120.00,100 גרם,false,1,10.90,9.08,true,1,
8423207210928,false,חטיף דגנים מצופה שוקולד חלב ואגוזי לוז - 5 במארז,נוטרישן אנד סנטה קוב,ES,חטיפי דגנים מרבה,גרמים,90.00,100 גרם,false,1,10.90,12.11,true,1,
8423371002725,false,סאליסול- קוקטייל מיקס 100 גרם,גלוברנדס,ES,קוקוטיל מיקס,גרמים,100.00,100 גרם,false,1,9.90,9.90,true,1,
8423371007089,false,סאליסול- בוטנים מלוחים בדבש 150 גרם,גלוברנדס,ES,בוטנים מלוחים,גרמים,150.00,100 גרם,false,1,9.90,6.60,true,1,
8423453905739,false,"שישיית בירה ווילדר לאגר 330 מ""ל בקבוק",פונט סאלם וולנסיה ספרד,ES,בירה ווילדר 6בקב,ליטרים,1.98,ליטר,false,1,29.90,15.10,true,1,
8425206000081,false,ריבת חלב מרדל 450 גרם,גורי מוצרי צריכה (1991) בעמ,ES,ריבת חלב,גרמים,450.00,100 גרם,false,0,17.90,3.98,true,1,
8427030005010,false,תרכובת מזון על בסיס חלב A.R מלידה ואילך,אבוט מעבדות רפואיות,ES,סימילאק AR,גרמים,375.00,100 גרם,false,0,46.50,12.40,true,1,
8435495807636,false,תינוקלין ג`ל כביסה בייבי סנסטיב היפואל,ליימן שליסל בע`מ,TR,תינוקלין ג'ל,ליטרים,2.00,ליטר,false,1,31.90,15.95,true,1,
8436037791550,false,קרם ליפטינג לפניםSPF30 3,RNB,ES,קרם ליפטינג לפני,מיליליטרים,50.00,"100 מ""ל",false,1,24.90,49.80,true,1,
8436037791802,false,"קרם ידיים אלוורה 125 מ""ל",RNB,ES,קרם ידיים,מיליליטרים,125.00,"100 מ""ל",false,1,8.90,7.12,true,1,
8436037792427,false,"קרם לכפות הרגליים 125מ""ל",RNB,ES,קרם לכף הרגל,מיליליטרים,125.00,"100 מ""ל",false,1,12.90,10.32,true,1,
8436037792847,false,קרם ידיים עם שמן זית 30מ,RNB,ES,קרם ידיים,מיליליטרים,30.00,"100 מ""ל",false,1,10.90,36.33,true,1,
8436037792960,false,"קרם רב""ש בפחית 70 מ""ל",RNB,ES,קרם רב שימושי,מיליליטרים,70.00,"100 מ""ל",false,1,10.00,14.29,true,1,
8436575292205,false,ארטיק חמשושים מאגדת 15*12 גר',נגה גלידות שותפות מוגבלת,IL,מאגדת חמשושים,גרמים,180.00,100 גרם,false,1,17.90,9.95,true,1,
8445290427120,false,דגני פיטנס Fitness שוקולד מריר ובננה,קבוצת אוסם סחר שותפות מוגבלת,FR,דגני בוקר פיטנס,גרמים,330.00,100 גרם,false,1,19.90,6.03,true,1,
8594403707977,false,"בירה באדוויזר לאגר פחית 500 מ""ל","מיוצר ע""\י מבשלת טוכרn\",CZ,באדוויזר לאגר,מיליליטרים,500.00,"100 מ""ל",false,1,7.90,1.58,true,1,
8594404001418,false,"בירה קוזל כהה בקבוק חוזר 500 מ""ל",פילזנסקי,CZ,בירה קוזל כהה,מיליליטרים,500.00,"100 מ""ל",false,1,8.90,1.78,true,1,
8606018615827,false,גלידת וניל עם שברי עוגיות אוראו 480 גרם,נגה גלידות שותפות מוגבלת,RS,פיינט אוראו,גרמים,300.00,100 גרם,false,1,19.90,6.63,true,1,
8606018615841,false,גלידה וניל עם ליבת שוקולד חלב מעולה 480 גרם,נגה גלידות שותפות מוגבלת,RS,פיינט מילקה וניל,גרמים,300.00,100 גרם,false,1,19.90,6.63,true,1,
8606018615865,false,פיינט מילקה קרמל ליבת שוקולד 480 גרם,נגה גלידות שותפות מוגבלת,RS,פיינט מילקה קרמל,גרמים,300.00,100 גרם,false,1,19.90,6.63,true,1,
8606109023647,false,"פרוויטה - מיץ סלק ותפוחי עץ 750 מ""ל",יורוסטנדרט בעמ,RS,"פרוויטה תפו""ע",מיליליטרים,750.00,"100 מ""ל",false,1,12.60,1.68,true,1,
8683130008355,false,מיונז שום לחיץ אמיתי הלמנס 400 גרם,יוניליוור ישראל שיווק בע`מ,TR,מיונז עם שום,גרמים,400.00,100 גרם,false,1,15.00,3.75,true,1,
8683130025574,false,"מרכך כביסה מרוכז אקסטרה לבנדר בדין 960 מ""ל",יוניליוור ישראל שיווק בע`מ,TR,מרכך בדין לבנדר,מיליליטרים,960.00,"100 מ""ל",false,1,15.90,1.66,true,1,
8690504081913,false,מקוויטיס טינס מצופה שוקולד חלב 150 גרם,תה ויסוצקי (ישראל) בעמ,TR,ביסקוויט טינס,גרמים,150.00,100 גרם,false,1,9.90,6.60,true,1,
8690504081920,false,מקוויטיס טינס מצופה שוקולד מריר 150 גרם,"אולקר ביסקווי סנאי, א.ס.",TR,ביסקוויט טינס,גרמים,150.00,100 גרם,false,1,9.90,6.60,true,1,
8690504153740,false,גודייבה שוקולד מריר במילוי קרם גנאש 86 גרם,תה ויסוצקי (ישראל) בעמ,TR,שוקולד מריר קרם,גרמים,86.00,100 גרם,false,1,14.90,17.33,true,1,
8690526009278,false,אי טי אי - חטיף קרמל מצופה שוקולד וחלב כדורוני דגנים 126 גרם,"GIDA ETI , טורקיה n\",TR,חטיף קרמל מצופה,גרמים,126.00,100 גרם,false,1,9.90,7.86,true,1,
8690526009353,false,אי טי אי - מיני חטיף בוטנים נוגט קרמל מצופה שוקולד חלב 140 גרם,"GIDA ETI , טורקיה n\",TR,מיני חטיף בוטנים,גרמים,140.00,100 גרם,false,1,9.90,7.07,true,1,
8690526019147,false,אי טי אי - וופל במילוי קרם אגוזי לוז 142 גרם,"GIDA ETI , טורקיה n\",TR,וופל קרם אגוזים,גרמים,142.00,100 גרם,false,1,7.90,5.56,true,1,
8690526019154,false,אי טי אי - וופל קקאו במילוי קרם קקאו 142 גרם,מולינו ניקולי s.p.a,TR,וופל קרם קקאו,גרמים,142.00,100 גרם,false,1,7.90,5.56,true,1,
8690526019178,false,אי טי אי - וופל קקאו במילוי קרם קוקוס 142 גרם,מולינו ניקולי s.p.a,TR,וופל קקאו קוקוס,גרמים,142.00,100 גרם,false,1,7.90,5.56,true,1,
8690526029238,false,אתי מארז וופלים במילוי שוקולד מריר 50גרם,"GIDA ETI , טורקיה n\",TR,וופל מצופה שוקול,גרמים,150.00,100 גרם,false,1,9.90,6.60,true,1,
8690530015043,false,סלפאק מגבות מטבח שישיה 3 שכבות,איפק,TR,מגבות נייר סלפאק,מטרים,57.00,מטר,false,1,16.90,0.30,true,1,
8690530036727,false,ממחטות סלפאק מקסי 3 שכבות 100 יח,איפק קג'יט,TR,ממחטות מקסי,יחידה,1.00,יחידה,false,1,9.90,9.90,true,1,
8690530036741,false,ממחטות נייר סלפאק 3 שכבות 48 יח,,TR,ממחטות בוטיק,יחידה,1.00,יחידה,false,1,7.90,7.90,true,1,
8690530132016,false,ממחטות טישו בקופסא 100 יח' סלפק,איפק קג'יט,TR,ממחטות בקופסא,יחידה,1.00,יחידה,false,1,9.90,9.90,true,1,
8690530161320,false,ממחטות נייר סלפאק פרמיום לושיין 10 יח,,TR,ממחטות פוקט,יחידה,1.00,יחידה,false,1,12.90,12.90,true,1,
8690530284463,false,נייר טואלט 3 שכבות 32 גלילים סלפאק,איפק קג'יט,TR,נייר טואלט סלפאק,מטרים,595.00,100 מטר,false,1,46.90,7.88,true,1,
8690572778326,false,פה ד.ספרי אנטיפרספינט 200 מל 1/12,שוורצקופף והנקל,TR,דאודורנט פה,מיליליטרים,200.00,"100 מ""ל",false,1,9.90,4.95,true,1,
8690572783931,false,"פה - דאודורנט ספריי לגבר אינוויזיבל פאוואר 200 מ""ל",שוורצקופף והנקל,TR,דאודורנט פה,מיליליטרים,200.00,"100 מ""ל",false,1,9.90,4.95,true,1,
8690572794692,false,"גליס - שמפו לאיזון והזנת הקרקפת 400 מ""ל","הובי קוסמטיק, חברת ייצור",TR,שמפו לאיזון והזנ,מיליליטרים,400.00,"100 מ""ל",false,1,12.90,3.23,true,1,
8690572794715,false,"גליס - מרכך לאיזון והזנת הקרקפת 400 מ""ל","הובי קוסמטיק, חברת ייצור",TR,מרכך לאיזון והזנ,מיליליטרים,400.00,"100 מ""ל",false,1,12.90,3.23,true,1,
8690572799482,false,"סאיוס מרכך לשיער גלי ומתולתל 500 מ""ל","הובי קוסמטיק, אנקרה, תור",TR,מרכך קרטין,מיליליטרים,500.00,"100 מ""ל",false,1,10.00,2.00,true,1,
8690572799529,false,"סאיוס - שמפו קרטין 500 מ""ל","הובי קוסמטיק, אנקרה, תור",TR,שמפו קרטין,מיליליטרים,500.00,"100 מ""ל",false,1,10.00,2.00,true,1,
8690637503856,false,ממרח הלמנס כ- 40% פחות שומן לעומת מיונז,יוניליוור ישראל שיווק בע`מ,TR,ממרח הלמנס לחיץ,גרמים,355.00,100 גרם,false,1,15.00,4.23,true,1,
8690637505607,false,מרכך כביסה מרוכז בדין אקסטרה בניחוח פינוק כחול,יוניליוור ישראל שיווק בע`מ,TR,מרכך כביסה בדין,מיליליטרים,960.00,"100 מ""ל",false,1,15.90,1.66,true,1,
8690637505959,false,דאב סבון ידיים הזנה לוטוס 500 מל,יוניליוור ישראל שיווק בעמ,TR,תחליב רחצת ידיים,מיליליטרים,500.00,"100 מ""ל",false,1,16.90,3.38,true,1,
8690637555084,false,"מרכך כביסה מרוכז אקסטרה פריחת התפוז בדין 960 מ""ל","יוניליוור ישראל שיווק בע""מ",TR,מרכך בדין אקסטרא,מיליליטרים,960.00,"100 מ""ל",false,0,15.90,1.66,true,1,
8690637704277,false,"שמפו ומרכך לשיער רגיל 600 מ""ל דאב","יוניליוור ישראל שיווק בע""מ",TR,שמפו דאב,מיליליטרים,600.00,"100 מ""ל",false,0,16.90,2.82,true,1,
8690637704291,false,שמפו לשיקום אינטנסיבי לשיער פגום,"יוניליוור ישראל שיווק בע""מ",TR,דאב שמפו משקם,מיליליטרים,600.00,"100 מ""ל",false,0,16.90,2.82,true,1,
8690637704376,false,"שמפו לטיפוח יום יומי דאב 600 מ""ל","יוניליוור ישראל שיווק בע""מ",TR,שמפו דאב,מיליליטרים,600.00,"100 מ""ל",false,0,16.90,2.82,true,1,
8690637704390,false,"מרכך שיער לטיפוח יום יומי דאב 600 מ""ל","יוניליוור ישראל שיווק בע""מ",TR,דאב מרכך שיער,מיליליטרים,600.00,"100 מ""ל",false,0,16.90,2.82,true,1,
8690637704437,false,שמפו עם שמני הזנה לטיפוח לשיער יבש,"יוניליוור ישראל שיווק בע""מ",TR,שמפו דאב,מיליליטרים,600.00,"100 מ""ל",false,0,16.90,2.82,true,1,
8690637799594,false,תה ירוק ליפטון נענע בסגנון מרוקאי 20יח',"יוניליוור ישראל שיווק בע""מ",TR,תה ירוק נענע,גרמים,36.00,100 גרם,false,1,16.50,45.83,true,1,
8690637835643,false,"תה ירוק לימונית ולאויזה 30 גרם ""ליפטון""","יוניליוור ישראל שיווק בע""מ",TR,תה ירוק ליפטון,גרמים,30.00,100 גרם,false,1,16.50,55.00,true,1,
8690637858734,false,ג'ל לניקוי כללי בתוספת אקונומיקה בניחוח לימון,"יוניליוור ישראל שיווק בע""מ",TR,סיף ג'ל לימון,מיליליטרים,750.00,"100 מ""ל",false,1,11.90,1.59,true,1,
8690637858741,false,ג'ל לניקוי כללי בתוספת אקונומיקה בניחוח רוח ים,יוניליוור ישראל שיווק בע`מ,TR,סיף ג'ל רוח ים,מיליליטרים,750.00,"100 מ""ל",false,1,11.90,1.59,true,1,
8690637865596,false,תחליב רחצה לניקוי וטיפוח עור היד 750 מ,יוניליוור ישראל שיווק בעמ,TR,דאב סבון ידיים,מיליליטרים,500.00,"100 מ""ל",false,1,16.90,3.38,true,1,
8690637871047,false,דאב שמפו בתוספת שמן קוקוס וכורכום 600 מל,"יוניליוור ישראל שיווק בע""מ",TR,שמפו דאב,מיליליטרים,600.00,"100 מ""ל",false,1,16.90,2.82,true,1,
8690637871061,false,"דאב שמפו עם שמן אבוקדו ותמצית קלנדולה 600 מ""ל",יוניליוור ישראל שיווק בע`מ,TR,שמפו דאב,מיליליטרים,600.00,"100 מ""ל",false,1,16.90,2.82,true,1,
8690637871245,false,הלמנס מיונז אמיתי 395 גר' בקבוק לחיץ.,יוניליוור ישראל שיווק בע`מ,TR,מיונז לחיץ הלמנס,גרמים,395.00,100 גרם,false,1,15.00,3.80,true,1,
8690637916977,false,מרכך עם שמן קוקוס וכורכום למראה שיער משוקם,יוניליוור ישראל שיווק בעמ,TR,מרכך דאב,מיליליטרים,600.00,"100 מ""ל",false,1,16.90,2.82,true,1,
8690637916991,false,מרכך דאב עם שמן אבוקדו ותמצית קלנדולה600,"יוניליוור ישראל שיווק בע""מ",TR,מרכך שיער דאב,מיליליטרים,600.00,"100 מ""ל",false,1,16.90,2.82,true,1,
8690637946318,false,"מרכך כביסה בדין מרוכז אקסטרה בייבי טלק 960 מ""ל",יוניליוור ישראל שיווק בע`מ,TR,מרכך בדין בייבי,מיליליטרים,960.00,"100 מ""ל",false,1,15.90,1.66,true,1,
8690637971310,false,"מרכך כביסה מרוכז אקסטרה בניחוח יערת הדבש בדין 960 מ""ל",יוניליוור ישראל שיווק בע`מ,TR,בדין מרכך אקסטרה,מיליליטרים,960.00,"100 מ""ל",false,1,15.90,1.66,true,1,
8690637976995,false,"מרכך כביסה מרוכז אקסטרה ורוד סחלבים פראי בדין 960 מ""ל","יוניליוור ישראל שיווק בע""מ",TR,בדין אקסטרה ורוד,מיליליטרים,960.00,"100 מ""ל",false,1,15.90,1.66,true,1,
8690637989612,false,שלגון שמנת בטעם וניל עם ריפל בטעם שוקולד 246 גרם,יונילוור סנאיי וי טיג'\,TR,מגנום מיני דולצ',גרמים,246.00,100 גרם,false,1,29.90,12.15,true,1,
8690757002475,false,ספוג להברקת נעליים גדול SILVER -נטורל,אינטרסן (1996) בעמ,TR,ספוג להברקת נעל,יחידה,1.00,יחידה,false,1,5.90,5.90,true,1,
8690757002819,false,"תרסיס מונע ריח לנעליים סילבר 100 מ""ל",סילברמיל,TR,תרסיס לנעליים,מיליליטרים,100.00,"100 מ""ל",false,1,23.90,23.90,true,1,
8690766156367,false,טבלת שוקולד חלב מעולה 90 גר` גודייבה,תה ויסוצקי (ישראל) בעמ,TR,שוקולד גודייבה,גרמים,90.00,100 גרם,false,1,14.90,16.56,true,1,
8690766156374,false,גודייבה שוקולד מריר מעולה 72% מוצקי קקאו 72גרם,תה ויסוצקי (ישראל) בעמ,TR,שוקולד גודייבה,גרמים,90.00,100 גרם,false,1,14.90,16.56,true,1,
8690766156381,false,גודייבה שוקולד מריר 90% מוצקי קקאו 90 גרם,תה ויסוצקי (ישראל) בעמ,TR,שוקולד גודייבה,גרמים,90.00,100 גרם,false,1,14.90,16.56,true,1,
8690766156404,false,שוקולד מריר מעולה גודייבה תפוז אדום 90 גרם,תה ויסוצקי (ישראל) בעמ,TR,שוקולד גודייבה,גרמים,90.00,100 גרם,false,1,14.90,16.56,true,1,
8690770322598,false,שמרים יבשים פוליבה הנמל 125 גרם,הנמל אריזות ושיווק (1984) בעמ,TR,שמרים יבשים,גרמים,125.00,100 גרם,false,0,4.60,3.68,true,1,
8690777204071,false,פלפלים כבושים חריפים סרה 320 גרם,ג. וילי-פוד אינטרנשיונל בע`מ,TR,פלפל חריף,גרמים,640.00,100 גרם,false,0,11.90,1.86,true,1,
8690777206051,false,חציל קלוי על האש סרה ויליפוד 650 גרם,ג. וילי-פוד אינטרנשיונל בע`מ,TR,חציל קלוי,גרמים,650.00,100 גרם,false,0,11.90,1.83,true,1,
8690777221405,false,פלפל אדום קלוי על האש 650 גר` ויליפוד,ג. וילי-פוד אינטרנשיונל בע`מ,TR,פלפל אדום קלוי,גרמים,650.00,100 גרם,false,0,11.90,1.83,true,1,
8690784516778,false,"דאק נוזל ג''ל לניקוי עם אקונומיקה מקציפה בניחות ים 750 מ""ל",טואלט דאק (ג'ונסון),NL,ג'ל מקציף דאק,מיליליטרים,750.00,"100 מ""ל",false,1,12.90,1.72,true,1,
8690946190006,false,פסטה פנה 500 גרם,,TR,פסטה פנה,גרמים,500.00,100 גרם,false,1,4.00,0.80,true,1,
8690946250014,false,פסטה ספגטי 500 גרם,מוטלו,TR,פסטה ספגטי,גרמים,500.00,100 גרם,false,1,4.00,0.80,true,1,
8690946250168,false,פסטה פוסילי 500 גרם,מוטלו,TR,פסטה פוסילי,גרמים,500.00,100 גרם,false,1,4.00,0.80,true,1,
8690946250182,false,פסטה קונכיות גדולות500גר,מוטלו,TR,פסטה קונכיות,גרמים,500.00,100 גרם,false,1,4.00,0.80,true,1,
8691530924670,false,סירופ רימונים נאטרסן345ג,נטורסן,TR,סירופ רימונים,מיליליטרים,345.00,"100 מ""ל",false,0,19.30,5.59,true,1,
8693323085100,false,גומי יוגטה שטיחים חמוצים טעם פירות 100 ג,ליימן שליסל בע`מ,TR,ממתק חמוץ,גרמים,100.00,100 גרם,false,1,4.50,4.50,true,1,
8693495037853,false,זוג מברשות שיניים קולגייט סלים סופט זהב,הנסיך- מפעל לייצור ט,CN,2 מברשות קולגייט,יחידה,1.00,יחידה,false,0,24.90,24.90,true,1,
8693495052177,false,פלמוליב נטורלס תחליב רחצה זיתים 750 מל,קולגייט פלמוליב,TR,סבון פלמוליב,מיליליטרים,750.00,"100 מ""ל",false,1,19.90,2.65,true,1,
8693495053693,false,מברשות 360 קולגייט 4 יח,,CN,מברשות 360 4 יח,יחידה,1.00,יחידה,false,1,34.90,34.90,true,1,
8697418280173,false,עלי טורטייה מחיטה מלאה 840 גרם LAVALIA,פרינסיס און וה אונלו,TR,עלי טורטיה,גרמים,840.00,100 גרם,false,0,26.70,3.18,true,1,
8697418280487,false,עלי טורטייה קמח תירס 20 סמ 540 ג LAVALIA,פרינסיס און וה אונלו,TR,עלי טורטייה,גרמים,540.00,100 גרם,false,1,21.70,4.02,true,1,
8697530910750,false,סיגריות פאל מאל כחול ארוך האוס,גלוברנדס בעמ - שיווק סיגריות,TR,פאלמאל כחול ארוך,יחידה,1.00,יחידה,false,0,30.50,30.50,false,1,
8697530911276,false,סיגריות קנט קצר חפיס,גלוברנדס בעמ - שיווק סיגריות,TR,קנט קצר,יחידה,1.00,יחידה,false,0,37.00,37.00,false,1,
8697826469092,false,טורטיה קטנה שקדיה 540 גרם 12 יחידות,דין שיווק וקליה 2021 בעמ,TR,טורטיות 12יח',גרמים,540.00,100 גרם,false,0,9.90,1.83,true,1,
8699250035041,false,"זיתים שחורים טבעיים יבשים 700 גרם ""תומר""",מנסווי גידה,TR,זיתים מושחרים,גרמים,700.00,100 גרם,false,1,19.90,2.84,true,1,
8710428016355,false,אבקת משקה להשלמה תזונתית שוקו 400 ג' פדיאשור,אבוט מעבדות רפואיות,NL,פדיאשור שוקולד,גרמים,400.00,100 גרם,false,1,39.90,9.98,true,1,
8710447224342,false,"שמפו קרטין קרטין400מ""ל טרזמה",יוניליוור ישראל שיווק בע`מ,PL,טרזמה שמפו קרטין,מיליליטרים,400.00,"100 מ""ל",false,1,14.90,3.73,true,1,
8710447224366,false,טרזמה מרכך קרטין לשיער 400 מל,יוניליוור ישראל שיווק בע`מ,PL,טרזמה מרכך קרטין,מיליליטרים,400.00,"100 מ""ל",false,1,14.90,3.73,true,1,
8710447275306,false,דאב קרם ידיים שמן אבוקדו ותמצית קלנדולה,יוניליוור ישראל שיווק בעמ,PL,קרם ידיים דאב,מיליליטרים,75.00,"100 מ""ל",false,1,9.90,13.20,true,1,
8710447275313,false,דאב קרם ידיים שמן קוקוס וחלב שקדים,יוניליוור ישראל שיווק בעמ,PL,קרם ידיים דאב,מיליליטרים,75.00,"100 מ""ל",false,1,9.90,13.20,true,1,
8710447331095,false,טרזמה בוטניק מסכה לשיער 300 מל,"יוניליוור ישראלשיווק בע""מ",PL,מסכה טרזמה,מיליליטרים,300.00,"100 מ""ל",false,1,29.90,9.97,true,1,
8710502060021,false,מרבה פטיסרי עוגיות מאפין רכות 210 גרם,ש. שסטוביץ בע`מ,NL,עוגיות מרבה,גרמים,210.00,100 גרם,false,1,10.90,5.19,true,1,
8710502064814,false,עוגיות מרבה שוקולד ציפס במרקם רך 175 גר,בנקטבקריי מרבה בי.וי,NL,עוגיות מרבה,גרמים,175.00,100 גרם,false,1,8.90,5.09,true,1,
8710502100864,false,מרבה פטיסרי עוגיות דאבל שוקולד 200 גרם,ש.שסטוביץ בעמ,NL,עוגיות מרבה,גרמים,200.00,100 גרם,false,1,10.90,5.45,true,1,
8710502139017,false,עוגיות טריפל שוקולד צ`יפס מרבה (180 גרם),בנקטבקריי מרבה בי.וי,NL,עוגיות שוקוצ'יפס,גרמים,180.00,100 גרם,false,0,8.90,4.94,true,1,
8710502194825,false,מרבה - עוגיות שוקוצ'יפס כשר למהדרין 150 גרם,ש.שסטוביץ בעמ,NL,עוגיות שוקוצ'יפס,גרמים,150.00,100 גרם,false,1,6.90,4.60,true,1,
8710502231018,false,מרבה מיני עוגיות שוקולד צ'יפס 175 גרם,ש. שסטוביץ בע`מ,NL,עוגיות מרבה,גרמים,175.00,100 גרם,false,1,9.90,5.66,true,1,
8710502260032,false,מרבה עוגיות שוקוצ'יפס 150גרם,בנקטבקריי מרבה בי.וי,NL,עוגיות שוקולד,גרמים,150.00,100 גרם,false,0,6.90,4.60,true,1,
8710502279003,false,עוגיות שוקולד צ'יפס מצופות 49% 180 ג' מרבה פטיסרי,ש.שסטוביץ בעמ,NL,עוגיות מרבה,גרמים,180.00,100 גרם,false,1,10.90,6.06,true,1,
8710502279010,false,מרבה עוגיות שוקולד צ'יפס מצופות שוקולד 175 גרם,"י.מרבה ישראל בע""מ",,עוגיות מרבה,יחידה,1.00,יחידה,false,0,8.90,8.90,true,1,
8710502405204,false,עוגיות שוקולד צ'יפס עם קרם שוקולד מרבה 175 גרם,קריניציה ויטמינה אס,NL,עוגיות מרבה,גרמים,175.00,100 גרם,false,0,8.90,5.09,true,1,
8710502470028,false,עוגיות שוקולד צ'יפס ממולאות בקרם נוגט,קריניציה ויטמינה אס,NL,עוגיות שוקוצ'יפס,גרמים,160.00,100 גרם,false,0,8.90,5.56,true,1,
8710502470035,false,עוגיות נוגטלי במילוי קרם אגוזים 200 ג' מרבה פטיסרי,ש. שסטוביץ בע`מ,NL,עוגיות מרבה,גרמים,200.00,100 גרם,false,1,10.90,5.45,true,1,
8710522584200,false,דאב תחליב רחצה אלוורה ומי ורדים 500 מל,"יוניליוור ישראל שיווק בע""מ",DE,תחליב רחצה דאב,מיליליטרים,500.00,"100 מ""ל",false,1,14.90,2.98,true,1,
8710552274614,false,שמפו קצף לנ.שטיחים וניש קליה גולד 600 מל,רקיט בנקיזר (ניר איסט) בעמ,GB,ספריי לשטיחים,מיליליטרים,600.00,"100 מ""ל",false,1,22.90,3.82,true,1,
8710800961310,false,סוכריות בטעם תות מנטוס 4*375 גרם,פרפטי ואן מלה ברדה,NL,מנטוס תות 4 יח,גרמים,150.00,100 גרם,false,0,11.30,7.53,true,1,
8710847860843,false,"רקסונה - דאודורנט רולאון לאישה אינביזיבל 50 מ""ל",יוניליוור אנגליה,GB,דאודורנט רקסונה,מיליליטרים,50.00,"100 מ""ל",false,1,15.90,31.80,true,1,
8710847973970,false,"תחליב רחצה דאב אלוורה מי עץ שדר, 750 מ""ל",יוניליוור ישראל שיווק בע`מ,DE,תחליב רחצה דאב,מיליליטרים,750.00,"100 מ""ל",false,1,15.90,2.12,true,1,
8710908326691,false,"תחליב רחצה פרח האדמונית דאב 750 מ""ל",יוניליוור ישראל שיווק בע`מ,DE,תחליב רחצה דאב,מיליליטרים,750.00,"100 מ""ל",false,1,15.90,2.12,true,1,
8710908693809,false,"TRESSEMME מסיכה טיפולית עם קרטין 300מ""ל",יוניליוור ישראל שיווק בעמ,PL,מסכה טרזמה,מיליליטרים,300.00,"100 מ""ל",false,1,29.90,9.97,true,1,
8711000360606,false,קפסולות קפה אספרסו רוז) (952 גר`לור,דיפלומט מפיצים (1968) בעמ**,FR,קפסולות לור,גרמים,52.00,100 גרם,false,1,19.90,38.27,true,1,
8711000362631,false,קפסולות קפה תואמות נספרסו אוניקס 12 ל'אור 10 יחידות,דיפלומט מפיצים (1968) בעמ**,FR,קפסולות לור,גרמים,52.00,100 גרם,false,1,19.90,38.27,true,1,
8711000362655,false,קפסולות קפה אספרסו אבסולו) (9 52 גר`לור,דיפלומט מפיצים (1968) בעמ**,FR,קפסולות לור,גרמים,52.00,100 גרם,false,1,19.90,38.27,true,1,
8711000362679,false,קפסולות קפה תואמות נספרסו קולומביה 8 ל'אור 10 יחידות,דיפלומט מפיצים (1968) בעמ**,FR,קפסולות לור,גרמים,52.00,100 גרם,false,1,19.90,38.27,true,1,
8711000362693,false,קפסולות קפה אספרסו פפואה (7)52 גר`לור,דיפלומט מפיצים (1968) בעמ**,FR,קפסולות לור,גרמים,52.00,100 גרם,false,1,19.90,38.27,true,1,
8711000362747,false,קפסולות קפה תואמות נספרסו ריסטרטו 11 ל'אור 10 יחידות,דיפלומט מפיצים (1968) בעמ**,FR,קפסולות לור,גרמים,52.00,100 גרם,false,1,19.90,38.27,true,1,
8711000371176,false,ג'ייקובס קפסולות קפה אספרסו קלאסיקו עוצמה 7,ג'ייקובס דאו אגברטס צרפת,FR,קפסולות ג'קובס,גרמים,52.00,100 גרם,false,1,16.90,32.50,true,1,
8711000371183,false,ג'ייקובס קפסולות קפה אספרסו אינטסו עוצמה 10,ג'ייקובס דאו אגברטס צרפת,FR,קפסולות ג'קובס,גרמים,52.00,100 גרם,false,1,16.90,32.50,true,1,
8711000371206,false,ג'ייקובס קפסולות קפה אספרסו ריסטרטו עוצמה 12,ג'ייקובס דאו אגברטס צרפת,FR,קפסולות ג'קובס,גרמים,52.00,100 גרם,false,1,16.90,32.50,true,1,
8711000431108,false,קפסולות קפה אספרסו הודו (10)52 גר`לור,דיפלומט מפיצים (1968) בעמ**,FR,קפסולות לור,גרמים,52.00,100 גרם,false,1,19.90,38.27,true,1,
8711000471296,false,קפסולות קפה תואמות נספרסו אולטימו 13 ל'אור 10 יחידות,ג'\ייקובס דאו אגרבטס צרפ,FR,קפסולות לור,גרמים,52.00,100 גרם,false,1,19.90,38.27,true,1,
8711327475618,false,מגנום פיינט וניל קלאסיק 260 גר`,"מפעל גלידות בווספרם, רחו",,גלידה מגנום וני,מיליליטרים,440.00,"100 מ""ל",false,0,21.90,4.98,true,1,
8711327475663,false,מגנום פיינט וניל שוקולד לבן 260 גרם,"מפעל גלידות בווספרם, רחו",,גל מגנום וניל שו,מיליליטרים,440.00,"100 מ""ל",false,0,21.90,4.98,true,1,
8711327475717,false,מגנום פיינט וניל שקדים 260 גרם,"מפעל גלידות בווספרם, רחו",,גלידה מגנום וניל,מיליליטרים,440.00,"100 מ""ל",false,0,21.90,4.98,true,1,
8711327475762,false,מגנום פיינט שוקולד לבן עוגיות 260 גרם,"מפעל גלידות בווספרם, רחו",,גלידה מגנום לבן,מיליליטרים,440.00,"100 מ""ל",false,0,21.90,4.98,true,1,
8712000051099,false,"שישיית בירה היינקן 0% אלכוהל בקבוק 330 מ""ל","מבשלת היינקן, ריטבלדנברג",NL,6 בירה הייניק0%,ליטרים,1.98,ליטר,false,1,32.60,16.46,true,1,
8712400802499,false,תרכובת מזון המשך לפעוטות על בסיס חלב שלב 1,דיפלומט מפיצים (1968) בעמ**,NL,נוטרילון שלה1-,גרמים,800.00,100 גרם,false,0,64.90,8.11,true,1,
8712400802512,false,תרכובת מזון המשך לפעוטות על בסיס חלב שלב 2,דיפלומט מפיצים (1968) בעמ**,NL,נוטרילון שלב2-,גרמים,800.00,100 גרם,false,0,64.90,8.11,true,1,
8712400802536,false,תרכובת מזון המשך לפעוטות על בסיס חלב שלב 3,דיפלומט מפיצים (1968) בעמ**,NL,נוטרילון שלב3-,גרמים,800.00,100 גרם,false,0,64.90,8.11,true,1,
8712561594240,false,"דאב תחליב רחצה להזנה עמוקה500 מ""ל-מרכז",יוניליוור ישראל שיווק בע`מ,DE,תחליב רחצה דאב,מיליליטרים,500.00,"100 מ""ל",false,1,14.90,2.98,true,1,
8712561594608,false,"דאב תחליב רחיצה להזנה עמוקה 750 מ""ל",יוניליוור ישראל שיווק בע`מ,DE,תחליב רחצה דאב,מיליליטרים,750.00,"100 מ""ל",false,1,15.90,2.12,true,1,
8712561611183,false,"דאב - תחליב רחצה תה ירוק ומלפפון 500 מ""ל",יוניליוור ישראל שיווק בע`מ,DE,תחליב רחצה דאב,מיליליטרים,500.00,"100 מ""ל",false,1,14.90,2.98,true,1,
8712561611411,false,"תחליב רחצה בניחוח מלפפון ותה ירוק דאב 750 מ""ל",יוניליוור ישראל שיווק בע`מ,DE,תחליב רחצה דאב,מיליליטרים,750.00,"100 מ""ל",false,1,15.90,2.12,true,1,
8712561626286,false,תחליב רחצה זוהר כמשי דאב (750 מל),יוניליוור ישראל שיווק בע`מ,DE,תחליב רחצה דאב,מיליליטרים,750.00,"100 מ""ל",false,1,15.90,2.12,true,1,
8714599410806,false,ג'ייקובס קרוננג מיובש בהקפאה 160 גרם סגירה חוזרת,דיפלומט מפיצים (1968) בעמ**,RU,קפה ג'קובס שקית,גרמים,160.00,100 גרם,false,1,17.90,11.19,true,1,
8714599412220,false,ג'ייקובס וולווט קפה נמס 95 מיובש בהקפאה,דיפלומט מפיצים (1968) בעמ**,RU,קפה ג'קובס,גרמים,95.00,100 גרם,false,1,15.90,16.74,true,1,
8714599412336,false,קפה נמס בריסטה אמריקנו קלוי וטחון 160 ג' ג'ייקובס,ג'\ייקובס דאו אגברטס רוס,RU,קפה ג'קובס,גרמים,160.00,100 גרם,false,1,26.90,16.81,true,1,
8714599512159,false,קפה נמס ג'קובס מונארך190,"אל.אל.סי ""גייקובס דא",RU,קפה נמס ג'קובס,גרמים,190.00,100 גרם,false,1,22.90,12.06,true,1,
8714599513835,false,גי'קובס קרונונג נייט אנד דיי - נטול קופיאין,דיפלומט מפיצים (1968) בעמ**,DE,קפה ג'קובס נטול,גרמים,200.00,100 גרם,false,1,34.90,17.45,true,1,
8714789177229,false,רבעיית מברשות שיניים קולגייט אקסטרה קלין 1 יחידה,הנסיך- מפעל לייצור ט,CN,4 מברשות שיניים,יחידה,1.00,יחידה,false,0,9.90,9.90,true,1,
8714789303925,false,מברשת שיניים 360 סנסטיב רכה במיוחד קולגייט 2 יחידות,קולגייט- פלמוליב,CH,2 מברשות שיניים,יחידה,1.00,יחידה,false,0,24.90,24.90,true,1,
8714789402918,false,נוזל לניקוי כללי ורצפות בניחוח פרחי בר אג'קס 1.5 ליטר,הנסיך- מפעל לייצור ט,GR,אג'קס לניקוי,ליטרים,1.50,ליטר,false,0,17.90,11.94,true,1,
8714789402932,false,נוזל לניקוי כללי ורצפות בניחוח ורדי בוקר אג'קס 1.5 ליטר,הנסיך- מפעל לייצור ט,GR,אג'קס לניקוי,ליטרים,1.50,ליטר,false,0,17.90,11.94,true,1,
8714789402970,false,נוזל לניקוי כללי ורצפות בניחוח פרחי אביב אגק'ס 1.5 ליטר,הנסיך- מפעל לייצור ט,GR,אג'קס לניקוי,ליטרים,1.50,ליטר,false,0,17.90,11.94,true,1,
8714789450315,false,פלמוליב כלים שקוף לימון 1.5 ליטר,הנסיך- מפעל לייצור ט,GR,פלמוליב לכלים,ליטרים,1.50,ליטר,false,0,15.90,10.60,true,1,
8714789529561,false,"משחת שיניים סנסטיב פרו ריליף להלבנה קולגייט 75 מ""ל",קולגייט פלמוליב,BR,משחת קולגייט,מיליליטרים,75.00,"100 מ""ל",false,0,19.90,26.53,true,1,
8714789582764,false,אג'קס ספריי לניקוי חלונות ומשטחים,הנסיך- מפעל לייצור ט,GR,מרסס לחלונות,מיליליטרים,750.00,"100 מ""ל",false,0,15.30,2.04,true,1,
8714789831275,false,מברשת שיניים 360 אופטיק ווייט קולגייט 2 יחידות,קולגייט-פלמוליב,CN,מברשות קולגייט,יחידה,1.00,יחידה,false,0,24.90,24.90,true,1,
8714789834467,false,פלמוליב נוזל לניקוי כלים קלאסי 1.5 ליטר,קולגייט-פלמוליב,GR,פלמוליב לכלים,ליטרים,1.50,ליטר,false,0,15.90,10.60,true,1,
8714789930848,false,"משחת שיניים אופטיק וייט הלבנה מיידית קולגייט 75 מ""ל",איינשטיין-צור יבוא-יצוא וסחר ב,PL,משחת קולגייט,מיליליטרים,75.00,"100 מ""ל",false,0,19.90,26.53,true,1,
8714789966403,false,ליידי ספיד סטיק פרו 5 ג`ל 65 גרם,קולגייט פלמוליב,US,ליידי ספיד סטיק,גרמים,65.00,100 גרם,false,1,16.90,26.00,true,1,
8715700110141,false,מיונז קרמי היינץ צנצנת 460ג',דיפלומט מפיצים (1968) בעמ**,NL,ממרח היינץ,גרמים,460.00,100 גרם,false,1,11.90,2.59,true,1,
8715700110158,false,היינץ ממרח במרקם קרמי צנצנת 490 גרם,דיפלומט מפיצים (1968) בעמ**,NL,ממרח במרקם קרמי,גרמים,490.00,100 גרם,false,1,11.90,2.43,true,1,
8715700115641,false,ממרח מיונז לחיץ לייט במרקם קרמי 420 ג' היינץ,דיפלומט מפיצים (1968) בעמ**,PL,ממרח במרקם קרמי,גרמים,420.00,100 גרם,false,1,14.90,3.55,true,1,
8715700117805,false,"קטשופ היינץ מתבל עגבניות ללא תוספת סוכר ומלח 425 מ""ל",דיפלומט מפיצים (1968) בעמ**,NL,מתבל עגבניות,גרמים,425.00,100 גרם,false,1,10.90,2.56,true,1,
8715700120874,false,מתבל עגבניות היינץ בתוספת שום,דיפלומט מפיצים (1968) בעמ**,NL,קטשופ שום היינץ,גרמים,460.00,100 גרם,false,1,10.90,2.37,true,1,
8715700419732,false,מתבל עגבניות היינץ (700 גרם),דיפלומט מפיצים (1968) בעמ**,NL,מתבל עגבניות,גרמים,700.00,100 גרם,false,0,11.90,1.70,true,1,
8715700422473,false,ממרח לכריכים וסלטים ללא ח. משמרים היינץ 395 גרם,דיפלומט מפיצים (1968) בעמ**,NL,ממרח היינץ,גרמים,395.00,100 גרם,false,1,14.90,3.77,true,1,
8715700423906,false,היינץ מתבל עגבניות מופחת סוכר ומלח 50/50 550 גרם,דיפלומט מפיצים (1968) בעמ**,NL,מתבל עגבניות,גרמים,555.00,100 גרם,false,1,11.50,2.07,true,1,
8717038900586,false,וודקה מידנייט אסאי 750מ,אוונדיס טים פרודקטס,NL,וודקה אסאי,מיליליטרים,750.00,"100 מ""ל",false,1,109.00,14.53,true,1,
8717163647240,false,"אקס דאודורנט ספריי גוף לגבר שוקולד 150 מ""ל",יוניליוור ישראל שיווק בע`מ,TR,אקס ספריי,מיליליטרים,150.00,"100 מ""ל",false,1,13.90,9.27,true,1,
8717163655764,false,"רקסונה - דאודורנט ספריי לאישה שוואר פרש 150 מ""ל",יוניליוור ישראל שיווק בעמ,TR,דאודורנט רקסונה,מיליליטרים,150.00,"100 מ""ל",false,1,13.90,9.27,true,1,
8717163655825,false,"רקסונה דאו' ספריי לנשים בניחוח כותנה, 150 מ""ל","יוניליוור ישראל שיווק בע""מ",TR,דאודורנט רקסונה,מיליליטרים,150.00,"100 מ""ל",false,1,13.90,9.27,true,1,
8717163658314,false,תחליב רחצה מים מיסלריים היפואלרגני לעור רגיש,יוניליוור ישראל שיווק בעמ,DE,תחליב רחצה דאב,מיליליטרים,500.00,"100 מ""ל",false,1,17.90,3.58,true,1,
8717163714850,false,דאודורנט ספריי קוקוס ויסמין( 150 מל),"יוניליוור ישראל שיווק בע""מ",TR,דאודורנט דאב,מיליליטרים,150.00,"100 מ""ל",false,1,14.90,9.93,true,1,
8717163842676,false,"תחליב רחצה חימר ורוד renewing glow דאב 500 מ""ל",יוניליוור ישראל שיווק בעמ,DE,תחליב רחצה דאב,מיליליטרים,500.00,"100 מ""ל",false,1,17.90,3.58,true,1,
8717344160025,false,דומדמניות אדומות,BERRUE FRUITFUK FRESH BE,EC,דומדמניות 125גרם,גרמים,125.00,100 גרם,false,1,23.90,19.12,true,1,
8717677336593,false,טוניס שוקולד חלב 180 גרם רבנות - נוכרי,טוניס/שוקולונלי,NL,שוקולד חלב מעולה,גרמים,180.00,100 גרם,false,1,17.90,9.94,true,1,
8717677336630,false,שוקולד חלב עם שקדים ודבש טוניס' שוקולונלי 180 גרם,ליימן שליסל בע`מ,NL,שוקולד חלב מעולה,גרמים,180.00,100 גרם,false,1,17.90,9.94,true,1,
8717677338436,false,שוקולד חלב עם אגוזי לוז טוניס' שוקולונלי 180 גרם,טוניס/שוקולונלי,NL,שוקולד חלב מעולה,גרמים,180.00,100 גרם,false,1,17.90,9.94,true,1,
8718114734484,false,ממרח מיוני מיילי 320 גרם,א. סיימן סחר בעמ,FR,מיונז מאיי,גרמים,320.00,100 גרם,false,0,13.90,4.34,true,1,
8718117607662,false,נוטרילון A.R תרכובת מזון מגיל לידה,דיפלומט מפיצים (1968) בעמ**,NL,נוטרילון AR,גרמים,900.00,100 גרם,false,1,94.90,10.54,true,1,
8718951030169,false,"קולגייט סנסיטיב הלבנה המסייעת בהגנה לשיניים רגישות 75 מ""ל",ש. שסטוביץ בע`מ,PL,משחת קולגייט,מיליליטרים,75.00,"100 מ""ל",false,1,17.90,23.87,true,1,
8718951030206,false,"קולגייט סנסיטיב פרוטקשן משחת שיניים לשיניים רגישות 75 מ""ל",קולגייט-פלמוליב,PL,משחת קולגייט,מיליליטרים,75.00,"100 מ""ל",false,1,17.90,23.87,true,1,
8718951160897,false,ספריי אקונומיקה עוצמת ה7 טריגר אגקס 500מ,קולגייט פלמוליב,GR,אג'קס אקונומיקה,מיליליטרים,500.00,"100 מ""ל",false,1,14.90,2.98,true,1,
8718951166288,false,"משחת שיניים קולגייט מקס וייט 125 מ""ל",הנסיך- מפעל לייצור ט,PL,משחת קולגייט מקס,מיליליטרים,125.00,"100 מ""ל",false,1,17.90,14.32,true,1,
8718951166561,false,משחת שיניים לרעננות מוגברת max fresh cooling crystals,הנסיך- מפעל לייצור ט,PL,משחת קולגייט מקס,מיליליטרים,125.00,"100 מ""ל",false,1,17.90,14.32,true,1,
8718951170445,false,"קולגייט סמיילס משחת שיניים ילדים גילאי 2-5 50 מ""ל",קולגייט פלמוליב,PL,קולגייט סמיילס,מיליליטרים,50.00,"100 מ""ל",false,1,11.90,23.80,true,1,
8718951175631,false,מש.שיניים קולגייט טוטל פרו גאם אקשן 75מל,ש. שסטוביץ בע`מ,PL,קולגייט טוטל,מיליליטרים,75.00,"100 מ""ל",false,1,16.90,22.53,true,1,
8718951187115,false,זוג מברשות שיניים אלמקס לילדים גילאי 3-6,ש.שסטוביץ בעמ,CN,מברשות אלמקס 2יח,יחידה,1.00,יחידה,false,1,19.90,19.90,true,1,
8718951236790,false,"קולגייט טוטאל משחת שיניים קלין מינט לפה בריא 100 מ""ל",קולגייט פלמוליב,PL,קולגייט טוטל,מיליליטרים,100.00,"100 מ""ל",false,1,16.90,16.90,true,1,
8718951236806,false,"קולגייט טוטאל הלבנה משחת שיניים המסייעת בהסרת כתמים 100 מ""ל",ש. שסטוביץ בע`מ,PL,קולגייט טוטל,מיליליטרים,100.00,"100 מ""ל",false,1,16.90,16.90,true,1,
8718951236813,false,"קולגייט טוטאל משחת שיניים ניקוי מתקדם לפה בריא יותר 100 מ""ל",קולגייט פלמוליב,PL,משחת קולגייט,מיליליטרים,100.00,"100 מ""ל",false,1,16.90,16.90,true,1,
8718951240742,false,"קולגייט טוטאל משחת שיניים פסים מרעננים 100 מ""ל",איינשטיין-צור יבוא-יצוא וסחר ב,PL,קולגייט טוטל,מיליליטרים,100.00,"100 מ""ל",false,1,16.90,16.90,true,1,
8718951264618,false,"קולגייט אופטיק וייט פחם צ'רקול משחת שיניים, 75 מ""ל",איינשטיין-צור יבוא-יצוא וסחר ב,PL,משחת קולגייט,מיליליטרים,75.00,"100 מ""ל",false,1,24.90,33.20,true,1,
8718951265103,false,קולגייט זוג מברשת שיניים אולטרה סופט,קולגייט פלמוליב,,מברשות קולגייט2*,יחידה,1.00,יחידה,false,0,29.90,29.90,true,1,
8718951288492,false,"משחת שיניים מרידול בי טיוב מארז 2*75 מ""ל",קולגייט פלמוליב,PL,משחת מרידול 2 יח,מיליליטרים,150.00,"100 מ""ל",false,1,24.90,16.60,true,1,
8718951314023,false,פלמוליב נטורלס תחליב רחצה אפרסק 750 מל,קולגייט פלמוליב,TR,תחליב רחצה אפרסק,מיליליטרים,750.00,"100 מ""ל",false,1,19.90,2.65,true,1,
8718951315303,false,"קולגייט אדומה משחת שיניים להגנה מפני עששת 2*100 מ""ל",קולגייט-פלמוליב,PL,משחת קולגייט 2יח,מיליליטרים,200.00,"100 מ""ל",false,1,19.90,9.95,true,1,
8718951319806,false,פלמוליב לגבר גל רחצה ושמפו מרענן 750 משא,פלמוליב Palmolive,TR,ג'ל רחצה לגבר,מיליליטרים,750.00,"100 מ""ל",false,1,19.90,2.65,true,1,
8718951333048,false,"פלמוליב סבון לידיים למטבח, 300 מ""ל",הנסיך- מפעל לייצור ט,IT,פלמוליב ידיים,מיליליטרים,300.00,"100 מ""ל",false,1,10.90,3.63,true,1,
8718951338128,false,"ליידי ספיד סטיק רול און שאוור פרש 50 מ""ל",קולגייט פלמוליב,IT,דאודורנט רול און,מיליליטרים,50.00,"100 מ""ל",false,1,13.90,27.80,true,1,
8718951338364,false,ספריי ניקוי אנטיבקטריאלי בניחוח תפוח,קולגייט פלמוליב,GR,אג'קס פיור הום,מיליליטרים,500.00,"100 מ""ל",false,1,16.90,3.38,true,1,
8718951354807,false,נוזל רצפות אגקס חגיגת הפרחים יסמין 1.5 ל,קולגייט פלמוליב,GR,אג'קס חגיגת פרחי,ליטרים,1.50,ליטר,false,1,17.90,11.94,true,1,
8718951361485,false,קולגייט הלבנה+פחם 75*2מל,קולגייט פלמוליב,PL,משחת קולגייט 2יח,מיליליטרים,150.00,"100 מ""ל",false,1,39.90,26.60,true,1,
8718951366015,false,"קולגייט - משחת שיניים אופטיק וויט אקס קומפ 75 מ""ל",ש.שסטוביץ בעמ,PL,קולגייט להלבנה,מיליליטרים,75.00,"100 מ""ל",false,1,39.90,53.20,true,1,
8718951400597,false,"תחליב רחצה קוקוס וחלב ללא משאבה750 מ""ל פלמוליב",קולגייט פלמוליב,TR,תחליב רחצה קוקוס,מיליליטרים,750.00,"100 מ""ל",false,1,19.90,2.65,true,1,
8718951415836,false,קולגייט מי פה פלאקס פחם לחיוך לבן 500 מל,ש.שסטוביץ בעמ,PL,קולגייט מי פה,מיליליטרים,500.00,"100 מ""ל",false,1,29.90,5.98,true,1,
8718951428522,false,"פלמוליב סבון רחצה לגבר 4 ב-1 המפ 750 מ""ל",ש.שסטוביץ בעמ,TR,סבון פלמוליב,מיליליטרים,750.00,"100 מ""ל",false,1,19.90,2.65,true,1,
8718951431614,false,"סבון רחצה פלמוליב סו פירם מינרלים משאבה 750 מ""ל",קולגייט פלמוליב,TR,פלמוליב סב.רחצה,מיליליטרים,750.00,"100 מ""ל",false,1,19.90,2.65,true,1,
8718951433120,false,קולגייט טוטאל משחת שיניים לילדים לגילאי,קולגייט פלמוליב,PL,משחת קולגייט ילד,מיליליטרים,50.00,"100 מ""ל",false,1,16.90,33.80,true,1,
8718951452770,false,סבון גוף עדין שקדים500מל,קולגייט פלמוליב,TR,סבון גוף פלמוליב,מיליליטרים,500.00,"100 מ""ל",false,1,15.90,3.18,true,1,
8718951470323,false,קולגייט סופט פואם פחם זוג מברשות שיניים,קולגייט פלמוליב,CN,זוג מברשות שינים,יחידה,1.00,יחידה,false,1,32.90,32.90,true,1,
8718951509627,false,"קולגייט אופטיק וייט לאוהבי קפה ותה משחת שיניים 75 מ""ל",קולגייט פלמוליב,PL,קולגייט משחה,מיליליטרים,75.00,"100 מ""ל",false,1,24.90,33.20,true,1,
8719200998001,false,מרגרינה לאפיה ובישול בלי מלח 200 ג' בלו בנד,יוניליוור ישראל מזון בע\,IL,מרגרינה בלובנד,גרמים,200.00,100 גרם,false,1,4.50,2.25,true,1,
8719200998018,false,מחמאה מרגרינה בטעם חמאה בלובנד 200 גרם,"מיוצר ע""\י יוניליוור ישר",IL,מחמאה מרגרינה,גרמים,200.00,100 גרם,false,1,4.80,2.40,true,1,
8719200998032,false,"מרגרינה מזולה גלורי טעם חמאה 250גר 8 יחידות - כשל""פ","מיוצר ע""\י יוניליוור ישר",IL,מזולה טעם חמאה,גרמים,250.00,100 גרם,false,1,9.90,3.96,true,1,
8719200998094,false,"מרגרינה מזולה לאפיה ללא תוספת מלח 200גר - 40 יח' -כשל""פ","מיוצר ע""\י יוניליוור ישר",IL,מזולה לאפייה,גרמים,200.00,100 גרם,false,1,6.50,3.25,true,1,
8719987368707,false,קשים לשתייה 100 יחידות,,CN,קשים,יחידה,1.00,יחידה,false,1,10.00,10.00,true,1,
8720181046605,false,דאב - דאודורנט ספריי לאישה אורגינל כחול 150מל,"יוניליוור ישראל שיווק בע""מ",TR,דאודורנט דאב,מיליליטרים,150.00,"100 מ""ל",false,1,14.90,9.93,true,1,
8720181046612,false,"דאב - דאודורנט רול און לאישה אורגינל 50 מ""ל","יוניליוור ישראל שיווק בע""מ",GB,דאב רול און,מיליליטרים,50.00,"100 מ""ל",false,1,14.90,29.80,true,1,
8720181090202,false,תחליב רחצה עם שמן זית דאב 750 מל,יוניליוור ישראל שיווק בע`מ,DE,תחליב רחצה דאב,מיליליטרים,750.00,"100 מ""ל",false,1,15.90,2.12,true,1,
8720181090219,false,תחליב רחצה רימונים ותמצית פרח היביסקוס,יוניליוור ישראל שיווק בעמ,DE,תחליב רחצה דאב,מיליליטרים,750.00,"100 מ""ל",false,1,15.90,2.12,true,1,
8720182253194,false,סבון מוצק דאב מלפפונים ותה ירוק שישיית,יוניליוור,DE,סבון מוצק 6יח,גרמים,540.00,100 גרם,false,1,17.90,3.31,true,1,
8720182256362,false,שישיית סבון מוצק דאב קלאסי 540 גר',יוניליוור,DE,סבון מוצק 6יח,גרמים,540.00,100 גרם,false,1,17.90,3.31,true,1,
8801055707966,false,קפה טייסטרס צ`ויס בריסטה נסקפה (180 גרם),קבוצת אוסם סחר שותפות מוגבלת,KR,טסטרס צ'וייס,גרמים,180.00,100 גרם,false,1,29.90,16.61,true,1,
8801055709427,false,נס קפה טייסטרס צ'ויס אלטה ריקה 100גרם,קבוצת אוסם סחר שותפות מוגבלת,KR,קפה טסטרס צ'ויס,גרמים,100.00,100 גרם,false,1,24.90,24.90,true,1,
8801055709434,false,קפה נמס טסטר'ס צ'ויס קולומביה 100 גרם,קבוצת אוסם סחר-שות.מוגבלת,KR,קפה טסטרס צ'ויס,גרמים,100.00,100 גרם,false,1,24.90,24.90,true,1,
8801055709458,false,אבקה להכנת משקה קפה בטעם קפוצ'ינו קרמל,קבוצת אוסם סחר שותפות מוגבלת,KR,קפוצ'ינו קרמל,גרמים,170.00,100 גרם,false,1,19.30,11.35,true,1,
8801055709465,false,אבקה להכנת משקה קפה בטעם קפוצ'ינו וניל,קבוצת אוסם סחר שותפות מוגבלת,KR,קפוצ'ינו וניל,גרמים,185.00,100 גרם,false,1,19.30,10.43,true,1,
8801055709472,false,נסטלה - נסקפה קפוצ'ינו קלאסי 12.50 גרם * 10,קבוצת אוסם סחר שותפות מוגבלת,KR,נס קפה קפוצ'ינו,גרמים,125.00,100 גרם,false,1,19.30,15.44,true,1,
8801055709489,false,אבקה להכנת משקה קפה בטעם קפוצ'ינו אגוזים,קבוצת אוסם סחר שותפות מוגבלת,KR,נס קפה קפוצ'ינו,גרמים,180.00,100 גרם,false,1,19.30,10.72,true,1,
8801055709526,false,אבקה להכנת משקה קפה בטעם קפוצ'ינו שוקולד לבן,קבוצת אוסם סחר שותפות מוגבלת,KR,נסקפה קפוצ'ינו,גרמים,180.00,100 גרם,false,1,19.30,10.72,true,1,
8809168840471,false,חטיף אצות מיובשות 9יח 4.5גרם.,מזרח ומערב יבוא ושיווק,KR,חטיף אצית,גרמים,40.00,100 גרם,false,1,24.90,62.25,true,1,
8850035104080,false,תירס גמדי חתוך מי מלח425,דהפיס קנינג 1958,TH,תירס גמדי,גרמים,425.00,100 גרם,false,1,6.90,1.62,true,1,
8850161166204,false,"קרם קוקוס 17-19% 500 מ""ל - AMPAWA",אמפווה קוקונט פרודקט,TH,קרם קוקוס,מיליליטרים,500.00,"100 מ""ל",false,1,10.90,2.18,true,1,
8850180040028,false,"טמפורה 500 גרם ""מזרח ומערב""",מזרח ומערב יבוא ושיווק,TH,טמפורה,גרמים,500.00,100 גרם,false,0,10.90,2.18,true,1,
8850206280049,false,רוטב צ'ילי חריף מיו 250 גרם,יאן וואל יון קו.לטד,TH,רוטב צ'ילי חריף,גרמים,250.00,100 גרם,false,1,16.90,6.76,true,1,
8850367992164,false,קרם קוקוס 250 מל 20-22% ללא חומר משמר,מזרח ומערב יבוא ושיווק,TH,קרם קוקוס,מיליליטרים,250.00,"100 מ""ל",false,0,8.40,3.36,true,1,
8850367994427,false,נוזל קוקוס מרוכז וממותק 330 גרם,c coconut Theppadungporn,TH,נוזל קוקוס מרוכז,מיליליטרים,400.00,"100 מ""ל",false,1,11.90,2.98,true,1,
8850367994779,false,מחית קארי ירוקה 50 גרם,מזרח ומערב יבוא ושיווק,TH,מחית קארי ירוקה,גרמים,50.00,100 גרם,false,1,5.90,11.80,true,1,
8850367994786,false,מחית קארי אדומה 50 גרם,מזרח ומערב יבוא ושיווק,TH,מחית קארי אדומה,גרמים,50.00,100 גרם,false,1,5.90,11.80,true,1,
8850367994793,false,מחית קארי צהובה 50 גרם,מזרח ומערב יבוא ושיווק,TH,מחית קארי צהובה,גרמים,50.00,100 גרם,false,1,5.90,11.80,true,1,
8850389103111,false,סאפי משקה אלוורה בטעם ענבים 300מל,פארייפאבה אגרואינדוס,TH,משקה סאפה ענבים,מיליליטרים,300.00,"100 מ""ל",false,0,6.90,2.30,true,1,
8850389105825,false,משקה אלוורה בטעם ענבים סאפה 1 ליטר,סאפה פובליק קומפני לימיט,TH,סאפה ענבים,ליטרים,1.00,ליטר,false,0,13.90,13.90,true,1,
8850389105832,false,סאפה משקה אלוורה בטעם תפוח עם קוביות אלוורה 1 ליטר,סאפה פובליק קומפני לימיט,TH,סאפה תפוחים,ליטרים,1.00,ליטר,false,0,13.90,13.90,true,1,
8850389105849,false,סאפה משקה אלוורה מופחת קלוריות בטעם אפרסק 1 ליטר,סאפה פובליק קומפני לימיט,TH,סאפה אפרסק,ליטרים,1.00,ליטר,false,0,13.90,13.90,true,1,
8850389111352,false,"משקה מלון עם חתיכות גלי קוקוס 320 מ""ל מוגו מוגו",סאפה פובליק קומפני לימיט,TH,מוגו מלון קוקוס,מיליליטרים,320.00,"100 מ""ל",false,1,6.90,2.16,true,1,
8850389115336,false,משקה אלוורה בטעם מלון סאפה 1 ליטר,סאפה פובליק קומפני לימיט,TH,משקה אלוורה,ליטרים,1.00,ליטר,false,1,13.90,13.90,true,1,
8850632604259,false,"יוגטה, חיספוסים, ממתק חמוץ בצורת מקלות בטעם תות שדה,50 גרם",ליימן שליסל בע`מ,TH,יוגטה ממתק חמוץ,גרמים,50.00,100 גרם,false,0,4.60,9.20,true,1,
8850632604372,false,"יוגטה, חיספוסים בצורת שטיח בטעם תות שדה 50 גרם",ליימן שליסל בע`מ,TH,יוגטה ממתק חמוץ,גרמים,50.00,100 גרם,false,0,4.60,9.20,true,1,
8850632604402,false,יוגטה חיספוסים בטעם מעורב תות שדה אבטיח ענבים בננה 50 גרם,ליימן שליסל בע`מ,TH,יוגטה ממתק חמוץ,גרמים,50.00,100 גרם,false,0,4.60,9.20,true,1,
8852633020403,false,פניני טפיוקה 500 גרם (כשר),מזרח ומערב יבוא ושיווק,TH,פניני טפיוקה,גרמים,500.00,100 גרם,false,0,11.90,2.38,true,1,
8854761020010,false,"צ'אבה משקה תפו""ע 1 ליטר",,TH,"משקה תפו""ע",ליטרים,1.00,ליטר,false,1,14.10,14.10,true,1,
8854761120116,false,צ'אבה משקה אננס 1 ליטר,,TH,משקה אננס,ליטרים,1.00,ליטר,false,1,14.10,14.10,true,1,
8854761370115,false,צ'אבה משקה מנדרין תפוז1ל,,TH,משקה מנדרין תפוז,ליטרים,1.00,ליטר,false,1,14.10,14.10,true,1,
8857101301008,false,רוטב צילי מתוק וילי 700 מל יצרןמותג: פאן,ג.וילי פוד אינטרנשיונל בעמ,TH,רוטב צ'ילי,מיליליטרים,700.00,"100 מ""ל",false,0,10.50,1.50,true,1,
8858271002870,false,רוטב פאד תאי 250 מ'ל - מקסצ'אפ,מזרח ומערב יבוא ושיווק,TH,רוטב פאד תאי,מיליליטרים,250.00,"100 מ""ל",false,0,11.90,4.76,true,1,
8858271002887,false,רוטב טריאקי 250 מ'ל - מקסצ'אפ,מזרח ומערב יבוא ושיווק,TH,רוטב טריאקי,מיליליטרים,250.00,"100 מ""ל",false,1,11.90,4.76,true,1,
8858271003020,false,רוטב סויה פורמולה 1 - 700 מ'ל מקסצ'אפ,מזרח ומערב יבוא ושיווק,TH,רוטב סויה,מיליליטרים,700.00,"100 מ""ל",false,0,15.90,2.27,true,1,
8858271003921,false,רוטב קארי אדום 250 מ'ל - מקסצ'אפ,מזרח ומערב יבוא ושיווק,TH,רוטב קארי אדום,גרמים,250.00,100 גרם,false,0,11.90,4.76,true,1,
8858271004034,false,רוטב צ'ילי חריף 700 מ'ל מקסצ'אפ,מזרח ומערב יבוא ושיווק,TH,רוטב צ'ילי חריף,מיליליטרים,700.00,"100 מ""ל",false,0,15.90,2.27,true,1,
8858271004126,false,רוטב חמוץ מתוק 700 מ'ל - מקסצ'אפ,מזרח ומערב יבוא ושיווק,TH,רוטב חמוץ מתוק,מיליליטרים,700.00,"100 מ""ל",false,0,16.90,2.41,true,1,
8858271004300,false,"רוטב טרייאקי 70 מ""ל מקסצ`אפ",מזרח ומערב יבוא ושיווק,TH,רוטב טריאקי,מיליליטרים,700.00,"100 מ""ל",false,0,19.90,2.84,true,1,
8858271004799,false,"רוטב צילי מתוק אל פורפסיס 700 מ""ל",מזרח ומערב יבוא ושיווק,TH,רוטב צ'לי מתוק,מיליליטרים,700.00,"100 מ""ל",false,0,12.90,1.84,true,1,
8888021200256,false,סוללות אנרג'ייזר AA מקס 8 יחידות,יצרן: אנרג'ייזר סינג,SG,שמינית סוללות,יחידה,1.00,יחידה,false,0,24.90,24.90,true,1,
8901138846626,false,מש.הימלאיה לילד מנטה80ג,הימלאיה,IN,משחת הימלאיה,גרמים,80.00,100 גרם,false,1,18.90,23.63,true,1,
8901537024014,false,"אורז בסמטי מובחר 1 ק""ג - דוואט) יורה דיעה",ג. וילי-פוד אינטרנשיונל בע`מ,IN,אורז בסמטי דאווט,קילוגרמים,1.00,"ק""ג",false,0,12.90,12.90,true,1,
8901537076679,false,אורז בסמטי חום מלא 1 קג`DAAWAT וילי פוד,ג. וילי-פוד אינטרנשיונל בע`מ,IN,אורז בסמטי חום,קילוגרמים,1.00,"ק""ג",false,1,15.90,15.90,true,1,
8934878081811,false,"דפי אורז 22 ס""מ 400 גר'(Trav) ללא גלוטן",מזרח ומערב יבוא ושיווק,VN,דפים אורז למילוי,גרמים,400.00,100 גרם,false,0,11.90,2.98,true,1,
8934878081866,false,"דפי אורז 22 ס""מ מרובעים 400 גרם TRAV",Chanh Khang Company,TH,דפי אורז מרובעים,גרמים,400.00,100 גרם,false,1,10.90,2.73,true,1,
8938535541366,false,"דפי אורז 22ס""מ צבעוני 400גר ללא גלוטן",מזרח ומערב יבוא ושיווק,VN,דפי אורז צבעונים,גרמים,400.00,100 גרם,false,1,14.90,3.73,true,1,
9000100760591,false,"פה - דאודורנט רול און לגבר אינוויזיבל פאוואר 50 מ""ל",שוורצקופף והנקל,DE,דאודורנט פה,מיליליטרים,50.00,"100 מ""ל",false,1,9.90,19.80,true,1,
9000100806657,false,"פה - דאודורנט רול און לאישה בלתי נראה 50 מ""ל",שוורצקופף והנקל,DE,דאודורנט פה,מיליליטרים,50.00,"100 מ""ל",false,0,9.90,19.80,true,1,
9000101380255,false,פרסיל דיסקס לכביסה ניקיון היגייני 22 יחידות,גורי שיווק בעמ,HU,פרסילקפסולות,יחידה,1.00,יחידה,false,1,34.90,34.90,true,1,
9000101418163,false,שלישיית סבון אסלה בניחוח מתחלף תפוח ירוק ברף,גורי שיווק בעמ,RS,ברף לאסלה 3 יח,גרמים,150.00,100 גרם,false,1,14.90,9.94,true,1,
9000101512526,false,פרסיל - פאוור קאפס קפסולות ג'ל מרוכזות לכביסה 26 יח',גורי שיווק בעמ,RS,פרסיל ג'ל,יחידה,1.00,יחידה,false,1,34.90,34.90,true,1,
9000101520965,false,שלישיית סבון אסלה בניחוח מתחלף לוטוס עדין ברף,גורי שיווק בעמ,RS,ברף לאסלה 3 יח,גרמים,150.00,100 גרם,false,1,14.90,9.94,true,1,
9000101521436,false,סבון אסלה בניחוח מתחלף לוטוס במבוק 50 ג' ברף,גורי שיווק בעמ,RS,ברף בניחוח מתחלף,גרמים,50.00,100 גרם,false,1,9.90,19.80,true,1,
9000101537550,false,פרסיל קאפסולות לכביסה לבנה וצבעונית 52 יח',גורי שיווק בעמ,HU,פרסיל פאוור קאפס,יחידה,1.00,יחידה,false,1,49.90,49.90,true,1,
9000101537581,false,פרסיל קאפסולות לכביסה צבעונית 52 יחידו,גורי שיווק בעמ,HU,פרסיל פאוור קאפס,יחידה,1.00,יחידה,false,1,49.90,49.90,true,1,
9001616203305,false,זוג פטמות X לבקבוק 6+ חודשים,אלפא קוסמטיקה בעמ,HU,פיטמה למזון סמיך,יחידה,1.00,יחידה,false,0,29.00,29.00,true,1,
9001616813856,false,מוצצי +6 יום לילה מארז שלישיה,אלפא קוסמטיקה,AT,מוצצים יום ולילה,יחידה,1.00,יחידה,false,1,39.90,39.90,true,1,
9002859058172,false,בונבוניירה בננה ציפוי שוקולד מריר 300 גר,GUNZ WARENHANDELS,AT,בננה בציפוי מריר,גרמים,300.00,100 גרם,false,0,13.80,4.60,true,1,
9002975393812,false,סוכריות גילי הריבו האפי צירי 70 גרם,"האריבו , ג'\י.אם.בי.אייץ",,סוכריות הריבו,יחידה,1.00,יחידה,false,0,6.90,6.90,true,1,
9002975393836,false,סוכריות גילי הריבו האפי קולה 70 גרם,"האריבו , ג'\י.אם.בי.אייץ",,סוכריות הריבו,יחידה,1.00,יחידה,false,0,6.90,6.90,true,1,
9002975393843,false,סוכריות גילי הריבו גולדברס 70 גרם,"האריבו , ג'\י.אם.בי.אייץ",,סוכריות הריבו,יחידה,1.00,יחידה,false,0,6.90,6.90,true,1,
9002975393850,false,סוכריות גילי הריבו וורמס 70 גרם,"האריבו , ג'\י.אם.בי.אייץ",,סוכריות הריבו,יחידה,1.00,יחידה,false,0,6.90,6.90,true,1,
9007829022023,false,"סוכר לבן 1 ק""ג","אגרנה צוקר בע""מ",AT,"סוכר לבן 1 ק""ג",קילוגרמים,1.00,"ק""ג",false,1,4.90,4.90,true,1,
9008700111546,false,נקטר דובדבנים חמוצים 1ל',Rauch fruchtsafte gm,HU,נקטר דובדבנים,ליטרים,1.00,ליטר,false,0,11.20,11.20,true,1,
9009200014559,false,סוכ.גומי אורגני פירות 100 גר BioBon,,AT,סוכריות ג'לי100ג,גרמים,100.00,100 גרם,false,0,12.90,12.90,true,1,
9044400826861,false,סוכריות פז מילוי סוכריות בטעם בננה אגס אסיאתי,פז פרודקשיין יורו,HU,סוכריות פז מילוי,יחידה,1.00,יחידה,false,0,8.90,8.90,true,1,
9120025834723,false,חטיף אוראו מצונן 120 גרם רבנות,ג.וילי-פוד אינטרנשיונל **גבינו,IT,חטיף אוראו מצונן,גרמים,120.00,100 גרם,false,1,15.00,12.50,true,1,
9120025839896,false,חטיף מילקה מצונן 128 גרם,ג.וילי-פוד אינטרנשיונל **גבינו,IT,חטיף מילקה מצונן,גרמים,120.00,100 גרם,false,1,15.00,12.50,true,1,
9310072028743,false,טים טם ביסקוויט במילוי שוקולד 200 גרם,"ארנוטס ביסקוויטס בע""",AU,טים טם אורגינל,גרמים,200.00,100 גרם,false,1,19.90,9.95,true,1,
9310072028750,false,חטיף שוקולד דאבל קרם טים טם (200 גרם),"ארנוטס ביסקוויטס בע""",AU,טים טם דאבל,גרמים,200.00,100 גרם,false,1,19.90,9.95,true,1,
9310088007015,false,דיפנד תחבושות אוברנייט בלילה,קימברלי קלארק ישראל שיווק בעמ,CN,תחבושות דיפנד,יחידה,1.00,יחידה,false,0,19.90,19.90,true,1,
9322969000015,false,פריכיות תירס בטעם אורגינל ריל פודס 150 ג',אף.סי תבליני בגליל ב,AU,פריכיות תירס,גרמים,150.00,100 גרם,false,0,12.80,8.53,true,1,
9322969000046,false,פריכיות תירס שומשום אורגני ריל פודס 150 ג',אף.סי תבליני בגליל ב,AU,פריכיות תירס,גרמים,150.00,100 גרם,false,0,12.80,8.53,true,1,
9421018071508,false,מאד האוס סובינ.בלאן750מל,היכל היין שקד גולן בעמ,NZ,מאד האוס סובניון,מיליליטרים,750.00,"100 מ""ל",false,1,69.90,9.32,true,1,
9720188050109,false,ממרח על בסיס סויה בסגנון גבינה טופוטי 225 גרם,*החברה המרכזית להפצת משקאותבעמ,IL,ממרח טופו גבינה,גרמים,225.00,100 גרם,false,0,19.90,8.84,true,1,
9843022871125,false,"נר הבדלה עששית ""בזה מדליקים""",,CN,נר הבדלה,גרמים,250.00,100 גרם,false,1,17.90,7.16,true,1,
