code,internal_code,name,manufacturer_name,manufacture_country,manufacturer_item_description,unit_qty,quantity,unit_of_measure,weighted,qty_in_package,price,unit_of_measure_price,allow_discount,status,item_id
319,true,תו סיבוס פטור מעמ,ספקים שונים,,,יח`,1,,false,1,0.01,0.01,false,1,
321,true,תן ביס פטור מעמ,ספקים שונים,,,יח`,1,,false,1,0.01,0.01,false,1,
501,true,ראש קוקוס,בכורי שדה דרום 2002 בעמ,,,יח`,1,,false,1,10.90,10.90,false,1,
600,true,סנדוויץ`עובד,קבוצת אסם סחר שות. מוגבלת,,,יח`,1,,false,1,3,3,false,1,
2001,true,אשכולית,פירות בני דרור בעמ,,,"ק""ג",1,,true,1,6.90,6.90,false,1,
2002,true,אשכולית אדומה,תעשיות תוצרת חקלאית אביטן בני,,,"ק""ג",1,,true,1,6.90,6.90,false,1,
2003,true,אבוקדו,גליל שוק מקומי אגשח*שיק ל60 יו,,,"ק""ג",1,,true,1,10.90,10.90,false,1,
2006,true,ארטישוק,אנונה שיווק בעמ*שיק 45 יום*,,,"ק""ג",1,,true,1,25,25,false,1,
2007,true,בטטה,משק כרמי ייצור ושיווק תוצרת*שי,,,"ק""ג",1,,true,1,9.90,9.90,false,1,
2009,true,בננות,גליל שוק מקומי אגשח*שיק ל60 יו,,,"ק""ג",1,,true,1,6.90,6.90,false,1,
2010,true,בצל יבש,רביבו יהודה חקלאות ונכסים בעמ,,,"ק""ג",1,,true,1,5.90,5.90,false,1,
2012,true,אננס,פירות הכרמל אגשח בעמ*שיק 45 יו,,,יח`,1,,false,1,40,40,false,1,
2013,true,גויאבה,אלדד קליימן שיווק בעמ*שיק 40 י,,,"ק""ג",1,,true,1,19.90,19.90,false,1,
2015,true,דלעת,שוסטר תעשיות מזון בעמ*שיק ל 60,,,"ק""ג",1,,true,1,9.90,9.90,false,1,
2016,true,דלורית,שוסטר תעשיות מזון בעמ*שיק ל 60,,,"ק""ג",1,,true,1,7.90,7.90,false,1,
2017,true,תפוח זהוב,בראשית - אגודה שיתופית חקלאית-,,,"ק""ג",1,,true,1,10.90,10.90,false,1,
2019,true,חסה עגולה,הירוקים של רצון בעמ,,,יח`,1,,false,1,5.90,5.90,false,1,
2020,true,חסה רגילה,הירוקים של רצון בעמ,,,יח`,1,,false,1,5.90,5.90,false,1,
2021,true,חצילים,שיווק העשור ירקות הזהב בעמ - (,,,"ק""ג",1,,true,1,7.90,7.90,false,1,
2022,true,ירק,א.אדמה (2007) בעמ,,,יח`,1,,false,1,3.90,3.90,false,1,
2023,true,תפוח יונתן,בראשית - אגודה שיתופית חקלאית-,,,"ק""ג",1,,true,1,14.90,14.90,false,1,
2024,true,כרוב לבן,תעשיות תוצרת חקלאית אביטן בני,,,"ק""ג",1,,true,1,3.90,3.90,false,1,
2025,true,כרובית,ד.ע. ימין גידול ושיווק ירקות*ש,,,"ק""ג",1,,true,1,8.90,8.90,false,1,
2026,true,כרוב סיני,בכורי שדה דרום 2002 בעמ,,,יח`,1,,false,1,5.10,5.10,false,1,
2027,true,לימון,אתרוג תוצרת חקלאית*שיק 30 יום*,,,"ק""ג",1,,true,1,9.90,9.90,false,1,
2028,true,מלפפון,נסים מאיר חקלאי בעמ*שיק 30 יום,,,"ק""ג",1,,true,1,6.90,6.90,false,1,
2029,true,מלון,בננות החוף אגשח בעמ,,,"ק""ג",1,,true,1,8.90,8.90,false,1,
2033,true,תפוח סמיט,בראשית - אגודה שיתופית חקלאית-,,,"ק""ג",1,,true,1,10.90,10.90,false,1,
2034,true,תפוח סטארקינג חרמון,בראשית - אגודה שיתופית חקלאית-,,,"ק""ג",1,,true,1,10.90,10.90,false,1,
2035,true,סלק,מלוא הסל שיווק ירקות בעמ*שיק 3,,,"ק""ג",1,,true,1,6.90,6.90,false,1,
2036,true,עגבניה,שיווק העשור ירקות הזהב בעמ - (,,,"ק""ג",1,,true,1,6.90,6.90,false,1,
2038,true,פטריות שמפיניון יחידה,מרינה פטריות הגליל בעמ,,,יח`,1,,false,1,9.90,9.90,true,1,
2039,true,פומלה,מהדרין תנופורט ייצוא פרי אור -,,,"ק""ג",1,,true,1,9.90,9.90,false,1,
2040,true,פלפל ירוק,ינאי - מרכז פרי והירק בעמ*שיק,,,"ק""ג",1,,true,1,8.90,8.90,false,1,
2041,true,פלפל חריף,שיווק העשור ירקות הזהב בעמ - (,,,"ק""ג",1,,true,1,9.90,9.90,false,1,
2043,true,צנונית,תוצרת הנגב אגודה שיתופית חקלאי,,,יח`,1,,false,1,6.90,6.90,false,1,
2044,true,צנון,עמית בראון שיווק עמ*שיק 40 יום,,,"ק""ג",1,,true,1,6.90,6.90,false,1,
2046,true,קולורבי,תעשיות תוצרת חקלאית אביטן בני,,,"ק""ג",1,,true,1,7.90,7.90,false,1,
2047,true,קלמנטינה,תעשיות תוצרת חקלאית אביטן בני,,,"ק""ג",1,,true,1,7.90,7.90,false,1,
2048,true,קישואים,אשר שי אלבז *שיק 30 יום*,,,"ק""ג",1,,true,1,9.90,9.90,false,1,
2049,true,קיווי,בראשית - אגודה שיתופית*שיק 45,,,"ק""ג",1,,true,1,19.90,19.90,false,1,
2050,true,פומלית,תעשיות תוצרת חקלאית אביטן בני,,,"ק""ג",1,,true,1,9.90,9.90,false,1,
2051,true,לפת,מלוא הסל שיווק ירקות בעמ*שיק 3,,,"ק""ג",1,,true,1,7.90,7.90,false,1,
2054,true,שומר,תעשיות תוצרת חקלאית אביטן בני,,,"ק""ג",1,,true,1,7.90,7.90,false,1,
2058,true,תפוא לבן,עוגן שיווק ואריזות בעמ,,,"ק""ג",1,,true,1,3.90,3.90,false,1,
2059,true,תפוזים,הדרי קטיף אריזה ושיווק בעמ*שיק,,,"ק""ג",1,,true,1,6.90,6.90,false,1,
2060,true,תירס ארוז,צמח שיווק תוצרת חקלאית *שיק 30,,,"ק""ג",1,,true,1,10.90,10.90,false,1,
2061,true,פלפל אדום,י.ל. החקלאים שיווק והפצה בעמ*ש,,,"ק""ג",1,,true,1,9.90,9.90,false,1,
2063,true,אגס,טריפל סל בעמ,,,"ק""ג",1,,true,1,13.90,13.90,false,1,
2064,true,כרוב אדום,תעשיות תוצרת חקלאית אביטן בני,,,"ק""ג",1,,true,1,6.90,6.90,false,1,
2065,true,פלפל חריף אדום,דובדבן שיווק בעמ*שיק 60 יום*,,,"ק""ג",1,,true,1,10.90,10.90,false,1,
2066,true,פלפל בהיר,שיווק העשור ירקות הזהב בעמ - (,,,"ק""ג",1,,true,1,10.90,10.90,false,1,
2067,true,פלפל צהוב,ב.ד. גידול ירקות בעמ*שיק 30 יו,,,"ק""ג",1,,true,1,9.90,9.90,false,1,
2068,true,אפרסמון,מור פירות השרון בעמ-לא לחייב,,,"ק""ג",1,,true,1,12.90,12.90,false,1,
2072,true,בצל אדום,רביבו יהודה חקלאות ונכסים בעמ,,,"ק""ג",1,,true,1,7.90,7.90,false,1,
2074,true,שרי ארוז,צימן עגבניות שיווק רמת הנגב בע,,,יח`,1,,false,1,9.90,9.90,false,1,
2082,true,תפוח פינק,בראשית - אגודה שיתופית חקלאית-,,,"ק""ג",1,,true,1,13.90,13.90,false,1,
2091,true,אפרסק,מיטב פרי הרמה (1995) בעמ*שיק 3,,,"ק""ג",1,,true,1,10.90,10.90,false,1,
2092,true,פלפל שושקה,י.ל. החקלאים שיווק והפצה בעמ*ש,,,"ק""ג",1,,true,1,10.90,10.90,false,1,
2093,true,תפוזינה,גליל שוק מקומי אגשח*שיק ל60 יו,,,"ק""ג",1,,true,1,5.90,5.90,false,1,
2094,true,תפוח ענה,ח.ע בסד שיווק פירות בעמ,,,"ק""ג",1,,true,1,10.90,10.90,false,1,
2095,true,סברס,מהדרין תנופורט יצוא *שיק 30 יו,,,"ק""ג",1,,true,1,29.90,29.90,false,1,
2099,true,שזיף אדום,בועז את עמיר בעמ*שיק 40 יום*,,,"ק""ג",1,,true,1,16.90,16.90,false,1,
2111,true,בטטה ירושלמית כסביה,הררי מאיר ובניו הובלות בקרור ב,,,"ק""ג",1,,true,1,13.90,13.90,false,1,
2113,true,פלפל כתום,י.ל. החקלאים שיווק והפצה בעמ*ש,,,"ק""ג",1,,true,1,9.90,9.90,false,1,
2114,true,ערמונים תפזורת,בכורי שדה דרום 2002 בעמ,,,"ק""ג",1,,true,1,19.90,19.90,false,1,
2116,true,קישואים עגולים,עמית בראון שיווק עמ*שיק 40 יום,,,"ק""ג",1,,true,1,10.90,10.90,false,1,
2117,true,פול ירוק,דובדבן שיווק בעמ*שיק 60 יום*,,,"ק""ג",1,,true,1,9.90,9.90,false,1,
2120,true,תפוא אדום,עוגן שיווק ואריזות בעמ,,,"ק""ג",1,,true,1,4.90,4.90,false,1,
2122,true,רימון,אלדד קליימן שיווק בעמ*שיק 40 י,,,"ק""ג",1,,true,1,8.90,8.90,false,1,
2127,true,ענבים ירוקים טלי,לכיש מושב עובדים להתישבות*30 י,,,"ק""ג",1,,true,1,29.90,29.90,false,1,
2130,true,אנונה,גליל שוק מקומי אגשח*שיק ל60 יו,,,"ק""ג",1,,true,1,19.90,19.90,false,1,
2132,true,ברוקולי ארוז,בננות החוף אגשח בעמ,,,יח`,1,,false,1,10,10,false,1,
2134,true,תפוח נאשי,בראשית - אגודה שיתופית חקלאית-,,,"ק""ג",1,,true,1,15.90,15.90,false,1,
2144,true,קישוא זוקיני,שיווק העשור ירקות הזהב*שיק 30,,,"ק""ג",1,,true,1,10.90,10.90,false,1,
2158,true,תפוזים ברשת,מהדרין תנופורט ייצוא פרי אור -,,,"ק""ג",1,,true,1,5.90,5.90,false,1,
2165,true,פטריות תפזורת גדולות למילוי,חוות השמפיניון בעמ,,,"ק""ג",1,,true,1,39.90,39.90,false,1,
2170,true,שעועית ירוקה,בננות החוף אגשח בעמ,,,יח`,1,,false,1,10,10,false,1,
2171,true,פאפיה,עומר יבולים בעמ*שיק ל 60 יום*,,,"ק""ג",1,,true,1,19.90,19.90,false,1,
2173,true,חציל בלדי,י.ל. החקלאים שיווק והפצה בעמ*ש,,,"ק""ג",1,,true,1,8.90,8.90,false,1,
2178,true,חצילונים,נווה ירק בעמ,,,"ק""ג",1,,true,1,7.90,7.90,false,1,
2186,true,תפוח גלה,בראשית - אגודה שיתופית חקלאית-,,,"ק""ג",1,,true,1,10.90,10.90,false,1,
2323,true,גבינה מגורדת מעדנייה,תנובה - חלב,,,"ק""ג",1000,גרם,true,1,48,4.80,false,1,
6007,true,חלה פרג/שומשום,י.את א. ברמן בעמ,,,יח`,1,,false,1,6.10,6.10,false,1,
11004,true,הולנדית+שויצרית+צ`דר,גבינות הכפר בעמ,,,"ק""ג",1000,גרם,true,1,40,4,false,1,
12001,true,מעושנת,גבינות הכפר בעמ,,,"ק""ג",1000,גרם,true,1,41,4.10,false,1,
14005,true,מקסיקנית,גבינות הכפר בעמ,,,"ק""ג",1000,גרם,true,1,39,3.90,false,1,
22024,true,פיתה אפויה מארז 10 יח,מגוון שיווק והפצת מאפים בעמ,,,יח`,1,,false,1,12.20,12.20,false,1,
36977,true,עוגיות שוקו שוקולדצ`יפס בונז`ור משקל,קבוצת אסם סחר שות. מוגבלת,,,"ק""ג",1,,true,1,39,39,false,1,
46549,true,מוצרלה חריץ תנובה,תנובה - חלב,,,"ק""ג",1000,גרם,true,1,76,7.60,false,1,
46662,true,סקנדינבית 31% תנובה,תנובה - חלב,,,"ק""ג",1000,גרם,true,1,76,7.60,false,1,
47485,true,בולגרית פיראוס 24% פח 3 קג`תנובה,תנובה - חלב,,,"ק""ג",1000,גרם,true,1,56,5.60,false,1,
58214,true,גבינת עיזים הולנד מעדנייה,א. סיימן סחר בעמ,,,"ק""ג",1000,גרם,true,1,179,17.90,false,1,
79684,true,קרוסון ביס שקדים בונז`ור,קבוצת אסם סחר שות. מוגבלת,,,"ק""ג",0,גרם,true,1,39,39,false,1,
328924,true,נפוליאון שום שמיר גבינת שמנת 25% מעדניה,תנובה - חלב,,,"ק""ג",1000,גרם,true,1,46,4.60,false,1,
369037,true,הקוביה הבולגרית 200 גר`,הגבינות של ניצן,,,יח`,200,גרם,false,1,16.30,8.15,false,1,
395408,true,גבנצ 28% נעם חריץ פיקוח מעדנייה,החב` המרכזית - טרה,,,"ק""ג",1000,גרם,true,1,44.79,4.48,false,1,
481043,true,פיתות כוסמין 10 יח`700 גר`,דגנית עין בר תעשיות מזון ואפיה,,,יח`,700,גרם,false,1,14.90,2.13,false,1,
482490,true,פרמז`נו פרמזן במשקל,ג.וילי-פוד אינטרנשיונל **גבינו,,,"ק""ג",1000,גרם,true,1,67,6.70,false,1,
482933,true,גבינת גאודה מהולנד וילי פוד מעדניה,ג.וילי-פוד אינטרנשיונל **גבינו,,,"ק""ג",1000,גרם,true,1,60,6,false,1,
554792,true,בולגרית 5% 16% מעודנת- גד מעדניה,מחלבות גד שיווק 1992 בעמ,,,"ק""ג",1000,גרם,true,1,58,5.80,false,1,
554914,true,גבינה צפתית רכה 5% מעדנייה גד,מחלבות גד שיווק 1992 בעמ,,,"ק""ג",1000,גרם,true,1,62,6.20,false,1,
554969,true,שמנות 30% גד,מחלבות גד שיווק 1992 בעמ,,,"ק""ג",1000,גרם,true,1,47,4.70,false,1,
554983,true,לאבנה גד,מחלבות גד שיווק 1992 בעמ,,,"ק""ג",1000,גרם,true,1,39,3.90,false,1,
554990,true,כדורי מוצרלה במים גד פרסקה מעדניה,מחלבות גד שיווק 1992 בעמ,,,"ק""ג",1000,גרם,true,1,95,9.50,false,1,
644820,true,שניצל ארוז קפוא מוביל חזה פרוס,עוף ירושלים שיווק בעמ,,,"ק""ג",1,,true,1,29.90,29.90,false,1,
657424,true,סופגניה אריאל במאפית,מאפיית אריאל בעמ,,,יח`,1,,false,1,3.50,3.50,false,1,
658926,true,פילה מרלוזה 100% דג קפוא תנובה,תנובה קפואים,,,"ק""ג",0,גרם,true,1,33.90,33.90,false,1,
659312,true,פילה סלמון תנובה בואקום קפוא,תנובה קפואים,,,"ק""ג",1,,true,1,74.90,74.90,false,1,
753218,true,חצי בגט,מאפיית קציר חיטים בעמ,,,יח`,1,,false,1,3.90,3.90,false,1,
820859,true,סטייק עין אנטריקוט קפוא פריגומרק מוביל,נחמיה לחוביץ בעמ,,,"ק""ג",1,,true,1,49.90,49.90,false,1,
821009,true,אצבעות אנטריקוט קפוא,נחמיה לחוביץ בעמ,,,"ק""ג",1,,true,1,56.90,56.90,false,1,
1022085,true,גבינת פקורינו מחלב כבשים 36% שומן,ג.וילי-פוד אינטרנשיונל **גבינו,,,"ק""ג",1,גרם,true,1,110,11000,false,1,
1121672,true,פסטרמה מעודנת בפפריקה 300 גר` יחיעם,מעדני יחיעם (1993) בעמ,,,יח`,300,גרם,false,1,22.40,7.47,true,1,
1231233,true,וינסטון בוקס,גלוברנדס בעמ - שיווק סיגריות,,,יח`,1,,false,1,33.50,33.50,true,1,
1385074,true,אסאדו טרי ארוז מוכשר,אדום אדום - תנובה בקר,,,"ק""ג",1,,true,1,59.90,59.90,false,1,
1385098,true,שריר טרי ארוז מוכשר,אדום אדום - תנובה בקר,,,"ק""ג",0,גרם,true,1,64.90,64.90,false,1,
1385104,true,אוסובוקו טרי ארוז מוכשר,אדום אדום - תנובה בקר,,,"ק""ג",1,גרם,true,1,49.90,4990,true,1,
1385128,true,צלי כתף טרי ארוז מוכשר,אדום אדום - תנובה בקר,,,"ק""ג",0,גרם,true,1,89.90,89.90,true,1,
1385159,true,קוביות לגולש טרי ארוז מוכשר,אדום אדום - תנובה בקר,,,"ק""ג",0,גרם,true,1,69.90,69.90,false,1,
1476208,true,ברי פקאן בלוק מעדנייה גד,מחלבות גד שיווק 1992 בעמ,,,"ק""ג",1000,גרם,true,1,131,13.10,false,1,
1516065,true,חזה עוף פרוס דק דק טרי ארוז,קורניש חן (1987) בעמ,,,"ק""ג",1,,true,1,37.90,37.90,true,1,
1710159,true,גולש עגל קפוא,לאטי עזרא בעמ,,,"ק""ג",1,,true,1,35.90,35.90,false,1,
1714874,true,כתף טרי ארוז מוכשר,אדום אדום - תנובה בקר,,,"ק""ג",0,גרם,true,1,69.90,69.90,false,1,
1714898,true,בשר ראש עגל קפוא מוביל,נחמיה לחוביץ בעמ,,,"ק""ג",0,גרם,true,1,59.90,59.90,false,1,
1726037,true,קרואסון ביס טעם נוגט בונז`ור,קבוצת אסם סחר שות. מוגבלת,,,"ק""ג",10,"ק""ג",true,1,39,3.90,false,1,
1842959,true,סטייק מינוט טרי ארוז מוכשר אנטריקוט,אדום אדום - תנובה בקר,,,"ק""ג",0,גרם,true,1,139,139,false,1,
2139898,true,סטייק טרי ארוז מוכשר אנטריקוט,אדום אדום - תנובה בקר,,,"ק""ג",0,גרם,true,1,139,139,false,1,
2206019,true,כרעיים עוף טרי ארוז,קורניש חן (1987) בעמ,,,"ק""ג",1,,true,1,25.90,25.90,true,1,
2206026,true,ירך עוף טרי ארוז,קורניש חן (1987) בעמ,,,"ק""ג",1,,true,1,25.90,25.90,true,1,
2206033,true,שוקיים עוף טרי ארוז,קורניש חן (1987) בעמ,,,"ק""ג",1,,true,1,29.90,29.90,false,1,
2206040,true,כנפיים עוף טרי ארוז,קורניש חן (1987) בעמ,,,"ק""ג",1,,true,1,12.90,12.90,true,1,
2206057,true,חזה עוף טרי שלם ארוז,קורניש חן (1987) בעמ,,,"ק""ג",1,,true,1,32.90,32.90,true,1,
2206101,true,סטייק פרגית ללא עור,קורניש חן (1987) בעמ,,,"ק""ג",1,,true,1,54.90,54.90,true,1,
2206118,true,כבד עוף לצליה טרי ארוז,קורניש חן (1987) בעמ,,,"ק""ג",1,,true,1,15.90,15.90,false,1,
2206385,true,גרון הודו נקבה טרי ארוז,קורניש חן (1987) בעמ,,,"ק""ג",1,,true,1,25.90,25.90,false,1,
2206408,true,חזה הודו נקבה טרי ארוז מוביל,קורניש חן (1987) בעמ,,,"ק""ג",1,,true,1,25.90,25.90,false,1,
2206422,true,כנפיים הודו נקבה טרי ארוז מוביל,קורניש חן (1987) בעמ,,,"ק""ג",1,,true,1,16.90,16.90,false,1,
2209071,true,פילה עוף טרי ארוז,קורניש חן (1987) בעמ,,,"ק""ג",1,,true,1,34.90,34.90,false,1,
2370055,true,גבינת גאודה עיזים חצי קשה 32% שומן,ג.וילי-פוד אינטרנשיונל **גבינו,,,"ק""ג",1000,גרם,true,1,118,11.80,false,1,
2370130,true,גבינת ברי צרפתית מעדנייה וילי פוד,ג.וילי-פוד אינטרנשיונל **גבינו,,,"ק""ג",1000,גרם,true,1,80,8,false,1,
2370284,true,גבינת קשקבל חצי קשה 31% שומן וילי פוד,ג.וילי-פוד אינטרנשיונל **גבינו,,,"ק""ג",1000,גרם,true,1,104,10.40,false,1,
2370420,true,גבינת גאודה מהולנד 30% שומן-מעדניה,ג.וילי-פוד אינטרנשיונל **גבינו,,,"ק""ג",1000,גרם,true,1,60,6,false,1,
2385158,true,בולגרית 24% מעודנת- גד מעדניה,מחלבות גד שיווק 1992 בעמ,,,"ק""ג",1000,גרם,true,1,61,6.10,false,1,
2385608,true,לבאנה 5% מעדנייה גד,מחלבות גד שיווק 1992 בעמ,,,"ק""ג",1000,גרם,true,1,42,4.20,false,1,
2385738,true,מנצ`גו משולשים מעדנייה גד,מחלבות גד שיווק 1992 בעמ,,,"ק""ג",1000,גרם,true,1,150,15,false,1,
2385745,true,פקורינו משולשים מעדנייה גד,מחלבות גד שיווק 1992 בעמ,,,"ק""ג",1000,גרם,true,1,155,15.50,false,1,
2447085,true,רצועות לשווארמה טרי ארוז מוכשר,אדום אדום - תנובה בקר,,,"ק""ג",0,גרם,true,1,74.90,74.90,false,1,
2502166,true,חצי באגט בונז`ור,קבוצת אסם סחר שות. מוגבלת,,,יח`,1,,false,1,3.90,3.90,false,1,
2502203,true,בורקס גבינה/תפוא חלבי בונז`ור,קבוצת אסם סחר שות. מוגבלת,,,"ק""ג",1000,גרם,true,1,39,3.90,false,1,
2519607,true,קיט נתחים לקצב טחון חלק,אדום אדום - תנובה בקר,,,"ק""ג",1,,true,1,49.90,49.90,true,1,
2596448,true,חזה בקר כבוש(קורנדביף),לאטי עזרא בעמ,,,"ק""ג",1,,true,1,35.90,35.90,false,1,
2757177,true,סטייק אנטריקוט מוכשר,עוף ירושלים שיווק בעמ,,,"ק""ג",1,,true,1,99,99,false,1,
2757535,true,בורקס פילו אצבעות גבינה 700 שלושת האופים,נטו מלינדה סחר בעמ,,,יח`,700,גרם,false,1,20.90,2.99,true,1,
2919612,true,אסאדו עגל קפוא 9 גלם מוביל קשתית,נחמיה לחוביץ בעמ,,,"ק""ג",1,,true,1,43.90,43.90,false,1,
3001620,true,בשר מס` 2 צלעות,נחמיה לחוביץ בעמ,,,"ק""ג",1,,true,1,33.90,33.90,false,1,
3006021,true,ניצן פטה סלט קוביות מעדן,הגבינות של ניצן,,,"ק""ג",1000,גרם,true,1,77,7.70,false,1,
3006120,true,טאמפס שכונתי- פלפל ממולא בגבינה,הגבינות של ניצן,,,"ק""ג",1000,גרם,true,1,152,15.20,false,1,
3414406,true,נטיפי אפייה חמאת בוטנים ריסז (283 גרם),ליימן שליסל בעמ,,,יח`,283,גרם,false,1,16.30,5.76,true,1,
3423909,true,חטיף שוקולד לבן עם שברי עוגיות הרשי 43 ג,ליימן שליסל בעמ,,,יח`,1,,false,1,5.70,5.70,false,1,
3444009,true,חטיף שוקולד חלב עם חמאת בוטנים הרשי 42 ג,ליימן שליסל בעמ,,,יח`,1,,false,1,4.60,4.60,false,1,
3578085,true,גבינת מוצרלה 21% מעדניה,ג.וילי-פוד אינטרנשיונל **גבינו,,,"ק""ג",1000,גרם,true,1,58,5.80,false,1,
3578580,true,גבינת פטה- מעדניה,ג.וילי-פוד אינטרנשיונל **גבינו,,,"ק""ג",1000,גרם,true,1,50,5,false,1,
3703227,true,חצי באגט סובין בונז`ור,קבוצת אסם סחר שות. מוגבלת,,,יח`,1,,false,1,3.90,3.90,false,1,
3796021,true,רצועות לטחינה /בשר לחמין קפוא,נחמיה לחוביץ בעמ,,,"ק""ג",1,,true,1,19.90,19.90,false,1,
3893843,true,פילה מושט ללא עור,בלו פיש גורמה סולושנס בעמ,,,"ק""ג",1,,true,1,29.90,29.90,false,1,
4033705,true,הבורגריה לחמניות המבוגר ביג לוקס 6 יח`,י.את א. ברמן בעמ,,,יח`,600,גרם,false,1,13.50,2.25,false,1,
4033712,true,לחם עננים מקמח מלא 750 גרם.,י.את א. ברמן בעמ,,,יח`,750,גרם,false,1,15.50,2.07,false,1,
4033729,true,לחם עננים כוסמין 750 גרם,י.את א. ברמן בעמ,,,יח`,750,גרם,false,1,16.50,2.20,false,1,
4033736,true,לחם עננים בסגנון בריוש 500 גר`,י.את א. ברמן בעמ,,,יח`,500,גרם,false,1,14.90,2.98,false,1,
4068332,true,קממבר בקר משולשים מעדנייה גד,מחלבות גד שיווק 1992 בעמ,,,"ק""ג",1000,גרם,true,1,115,11.50,false,1,
4122607,true,עמק לייט 9% חריץ מעדניה צהובה,תנובה - חלב,,,"ק""ג",1000,גרם,true,1,75,7.50,false,1,
4128401,true,פטה פיראוס 20%,תנובה - חלב,,,"ק""ג",1000,גרם,true,1,105,10.50,false,1,
4135324,true,פיראוס בולגרית 5% מעודנת,תנובה - חלב,,,"ק""ג",1000,גרם,true,1,43,4.30,false,1,
4135355,true,פיראוס בולגרית 3% מעודנת לייט,תנובה - חלב,,,"ק""ג",1000,גרם,true,1,42,4.20,false,1,
4136833,true,בולגרית פיראוס %16למעדניה,תנובה - חלב,,,"ק""ג",1000,גרם,true,1,58,5.80,false,1,
4480332,true,גאודה בקר משולש מעדניה גד,מחלבות גד שיווק 1992 בעמ,,,"ק""ג",1000,גרם,true,1,111,11.10,false,1,
4480349,true,גאודה עיזים משולש מעדניה גד,מחלבות גד שיווק 1992 בעמ,,,"ק""ג",1000,גרם,true,1,133,13.30,false,1,
4751001,true,סופגניה אריאל עם ריבה,מאפיית אריאל בעמ,,,יח`,1,,false,1,3.90,3.90,true,1,
4751002,true,סופגניה אריאל ללא ריבה,מאפיית אריאל בעמ,,,יח`,1,,false,1,3.90,3.90,true,1,
4751003,true,מיני סופגניה אריאל עם ריבה,מאפיית אריאל בעמ,,,יח`,1,,false,1,2.90,2.90,true,1,
4751004,true,מיני סופגניה אריאל ללא ריבה,מאפיית אריאל בעמ,,,יח`,1,,false,1,2.90,2.90,true,1,
5041198,true,קבב ביתי קפוא מעדני הטלה (1 קג),לאטי עזרא בעמ,,,יח`,1,"ק""ג",false,1,45.90,45.90,false,1,
5358005,true,נסיכת הנילוס שלם,גול סחר בעמ,,,"ק""ג",1,,true,1,29.90,29.90,false,1,
5384899,true,גבינת פטינה 21% מעדניה,ג.וילי-פוד אינטרנשיונל **גבינו,,,"ק""ג",1000,גרם,true,1,29,2.90,false,1,
5387227,true,בשר מס 8 שריר זרוע,נחמיה לחוביץ בעמ,,,"ק""ג",1,,true,1,29.90,29.90,false,1,
5992667,true,בולגרית מסורתית מעודנת 5%-16% מעדניה גד,מחלבות גד שיווק 1992 בעמ,,,"ק""ג",1000,גרם,true,1,58,5.80,false,1,
5992858,true,פטה עיזים 5%-20% גד מעדניה,מחלבות גד שיווק 1992 בעמ,,,"ק""ג",1000,גרם,true,1,115,11.50,false,1,
6131539,true,פילה לברק(בס)מוביל,ישראל פלדמן בעמ,,,"ק""ג",0,"ק""ג",true,1,42.90,42.90,false,1,
6131706,true,פילה אמנון (מושט) קפוא,נ.ת.נ.ג.ב החזקות יעוץ וניהול ב,,,"ק""ג",1,,true,1,24.90,24.90,false,1,
6131829,true,פילה סלמון מנות,נ.ת.נ.ג.ב החזקות יעוץ וניהול ב,,,"ק""ג",1,,true,1,84.90,84.90,false,1,
6131935,true,טונה פרוס בוואקום,נ.ת.נ.ג.ב החזקות יעוץ וניהול ב,,,"ק""ג",1,,true,1,39.90,39.90,false,1,
6210197,true,רוגעלך בונז`ור,קבוצת אסם סחר שות. מוגבלת,,,"ק""ג",1000,גרם,true,1,39,3.90,false,1,
6210203,true,בורקס תפוא בונז`ור,קבוצת אסם סחר שות. מוגבלת,,,"ק""ג",1000,גרם,true,1,39,3.90,false,1,
6210661,true,באגט בונז`ור,קבוצת אסם סחר שות. מוגבלת,,,יח`,1,,false,1,5.90,5.90,false,1,
6511010,true,פרמז`נו במשקל,ג.וילי-פוד אינטרנשיונל **גבינו,,,"ק""ג",1000,גרם,true,1,101,10.10,false,1,
6714824,true,עצמות עגל ארוז,לאטי עזרא בעמ,,,"ק""ג",1,,true,1,16.90,16.90,false,1,
6741806,true,בולגרית 16% מחלב בקר- מעדנייה,נטו מלינדה סחר בעמ,,,"ק""ג",1000,גרם,true,1,76,7.60,false,1,
8175760,true,גבינת מנצ`גו(חלב כבשים),ג.וילי-פוד אינטרנשיונל **גבינו,,,"ק""ג",1000,גרם,true,1,89,8.90,false,1,
8175777,true,איבריקו ויליפוד,ג.וילי-פוד אינטרנשיונל **גבינו,,,"ק""ג",1000,גרם,true,1,80,8,false,1,
8175906,true,גאודה מחלב עיזים חצי קשה 32%,ג.וילי-פוד אינטרנשיונל **גבינו,,,"ק""ג",1000,גרם,true,1,103,10.30,false,1,
8403191,true,גבינת קשקבל צאן בשלה משקל,א. סיימן סחר בעמ,,,"ק""ג",1000,גרם,true,1,120,12,false,1,
8403511,true,גבינת עיזים בשלה,נטו מלינדה סחר בעמ,,,"ק""ג",1000,גרם,true,1,124,12.40,false,1,
8403900,true,גאודה עגבניות וזיתים-מעדנייה,א. סיימן סחר בעמ,,,"ק""ג",1000,גרם,true,1,119,11.90,false,1,
8403931,true,גאודה כמון-מעדנייה,א. סיימן סחר בעמ,,,"ק""ג",1000,גרם,true,1,119,11.90,false,1,
8577267,true,עוף טרי שלם ארוז,קורניש חן (1987) בעמ,,,"ק""ג",1,,true,1,19.90,19.90,true,1,
8614788,true,סינטה בקר קפוא,נחמיה לחוביץ בעמ,,,"ק""ג",0,גרם,true,1,59.90,59.90,false,1,
8618007,true,דג פילה סלמון טרי פרוס מגש,מאסטרפוד בעמ,,,"ק""ג",1,,true,1,99,99,false,1,
8618021,true,דג פילה דניס טרי מגש,מאסטרפוד בעמ,,,"ק""ג",1,,true,1,119,119,false,1,
8618038,true,פילה לברק טרי מגש,מאסטרפוד בעמ,,,"ק""ג",1,,true,1,126,126,false,1,
32147230,true,מיץ לימון 200 מל,דנשר (1963) בעמ,,,יח`,200,"מ""ל",false,1,9.40,4.70,false,1,
40111216,true,באונטי חטיף שוקולד קוקוס 57 גרם,מרס ריגלי ישראל בעמ,,,יח`,57,גרם,false,1,4,7.02,true,1,
42182115,true,מסטיק פייב מנטה עדין ללס,מרס ריגלי ישראל בעמ,,,יח`,31,גרם,false,1,8,25.81,false,1,
59455233,true,סיגריות ווג ליידי כחול,גלוברנדס בעמ - שיווק סיגריות,,,יח`,1,,false,1,41,41,true,1,
72940761,true,מילקי שוקו,שטראוס גרופ בעמ/מצונן,,,יח`,130,"מ""ל",false,1,2.90,2.23,false,1,
72940952,true,מילקי פי 2 קצפת,שטראוס גרופ בעמ/מצונן,,,יח`,170,"מ""ל",false,1,3.90,2.29,false,1,
72940976,true,כרוב אדום 250,שטראוס גרופ בעמ/מצונן,,,יח`,250,גרם,false,1,9.40,3.76,false,1,
72940983,true,חומוס אחלה 250 גר,שטראוס גרופ בעמ/מצונן,,,יח`,250,גרם,false,1,7.10,2.84,false,1,
72941041,true,מילקי מיני שוקולד,שטראוס גרופ בעמ/מצונן,,,יח`,130,"מ""ל",false,1,2.10,1.62,false,1,
72961223,true,גיל 3% 200 מל בדצ פיקוח,תנובה - חלב,,,יח`,200,"מ""ל",false,1,1.51,0.76,false,1,
72961506,true,יוגורט עם תות 1.5% פרילי (125 גרם),תנובה - חלב,,,יח`,125,"מ""ל",false,1,3.50,2.80,false,1,
72961520,true,יוגורט עם אננס 1.5% פרילי (125 גרם),תנובה - חלב,,,יח`,125,"מ""ל",false,1,3.50,2.80,false,1,
72961544,true,יוגורט בטעם תות שדה 3% באדי (125 גרם),תנובה - חלב,,,יח`,125,"מ""ל",false,1,3,2.40,false,1,
72964422,true,יוגורט לבן 4.5% תנובה (200 מל),תנובה - חלב,,,יח`,200,"מ""ל",false,1,2.90,1.45,false,1,
72983928,true,גולף סופר סלימס מנטול,דובק בעמ,,,יח`,1,,false,1,35,35,true,1,
72986233,true,מעדן חלב בטעם וניל באדי (125 גרם),תנובה - חלב,,,יח`,125,"מ""ל",false,1,2.90,2.32,false,1,
72986240,true,מעדן חלב בטעם שוקולד באדי (125 גרם),תנובה - חלב,,,יח`,125,"מ""ל",false,1,2.90,2.32,false,1,
72986370,true,גלידת פיינטים וניל צרפתי בן אנד גריס,מוצרי איכות אמריקאיים בעמ,,,יח`,420,"מ""ל",false,1,20.30,4.83,true,1,
72986424,true,גלידת פיינטים קרם עוגיות,מוצרי איכות אמריקאיים בעמ,,,יח`,420,"מ""ל",false,1,20.30,4.83,true,1,
72986448,true,גלידת פיינטים טופי קרנץ,מוצרי איכות אמריקאיים בעמ,,,יח`,420,"מ""ל",false,1,20.30,4.83,true,1,
72986455,true,גלידת פיינטים ניו-יורק סופר,מוצרי איכות אמריקאיים בעמ,,,יח`,420,"מ""ל",false,1,20.30,4.83,true,1,
72986479,true,גלידת פיינטים צאנקי מנקי,מוצרי איכות אמריקאיים בעמ,,,יח`,420,"מ""ל",false,1,20.30,4.83,true,1,
72989425,true,גלידת פיינטים שוקולד בראוניס,מוצרי איכות אמריקאיים בעמ,,,יח`,420,"מ""ל",false,1,20.30,4.83,true,1,
72993637,true,דני שוקולד בודד,שטראוס גרופ בעמ/מצונן,,,יח`,125,"מ""ל",false,1,2.70,2.16,false,1,
72994061,true,Good2 פסק זמן 36 גרם,שטראוס גרופ בעמ,,,יח`,36,גרם,false,1,5.40,15,false,1,
80050025,true,טיק טק תפוז,פרימיום-חברה לדברי מתיקה ולמסח,,,יח`,16,גרם,false,1,4.10,25.63,true,1,
80050124,true,טיק טק מנטה,פרימיום-חברה לדברי מתיקה ולמסח,,,יח`,16,גרם,false,1,4.10,25.63,true,1,
80052760,true,בואנו קינדר בודד,פרימיום-חברה לדברי מתיקה ולמסח,,,יח`,1,,false,1,3.90,3.90,false,1,
80052883,true,טיק טק מנטה חזק,פרימיום-חברה לדברי מתיקה ולמסח,,,יח`,16,גרם,false,1,4.10,25.63,true,1,
80136194,true,חטיף היפו אגוזי לוז 5 יח,פרימיום-חברה לדברי מתיקה ולמסח,,,יח`,90,גרם,false,1,12.50,13.89,true,1,
80176800,true,ממרח אגוזי לוז נוטלה (750 גרם),פרימיום-חברה לדברי מתיקה ולמסח,,,יח`,750,גרם,false,1,25.90,3.45,false,1,
80177173,true,ממרח אגוזי לוז נוטלה (350 גרם),פרימיום-חברה לדברי מתיקה ולמסח,,,יח`,350,גרם,false,1,14.90,4.26,false,1,
80177616,true,אצבעות שוקולד קינדר (8 יח`- 100 גרם),פרימיום-חברה לדברי מתיקה ולמסח,,,יח`,1,,false,1,7.90,7.90,false,1,
80761761,true,קינדר בואנו לבן בודד 0.43 גר`,פרימיום-חברה לדברי מתיקה ולמסח,,,יח`,43,גרם,false,1,3.90,9.07,false,1,
80773429,true,מסטיק מנטוס פיור פרש בטעם תות ללס 60 גר,ליימן שליסל בעמ,,,יח`,60,גרם,false,1,10.50,17.50,true,1,
80773443,true,מסטיק מנטוס בטעם מנטה עדין ללס,ליימן שליסל בעמ,,,יח`,60,גרם,false,1,10.50,17.50,true,1,
80776307,true,מסטיק מנטוס ביג בטעם פירות-מנטה ללס 90,ליימן שליסל בעמ,,,יח`,1,,false,1,17.90,17.90,false,1,
80780595,true,מסטיק מנטוס ביג טעם מנטה עדינה ללס 90 ג,ליימן שליסל בעמ,,,יח`,1,,false,1,17.90,17.90,false,1,
80790990,true,מסטיק מנטוס טעם פירות מנטה ללס,ליימן שליסל בעמ,,,יח`,60,גרם,false,1,10.50,17.50,true,1,
80794233,true,מסטיק מנטוס ביג בטעם מנטה ללס 90 גר`,ליימן שליסל בעמ,,,יח`,1,,false,1,17.90,17.90,false,1,
80832560,true,סוכריות מנטוס פירות יער ללס,ליימן שליסל בעמ,,,יח`,21,גרם,false,1,7.90,37.62,false,1,
80843184,true,מסטיק מנטוס טעם ענבים ללס 60 גר,ליימן שליסל בעמ,,,יח`,60,גרם,false,1,10.50,17.50,true,1,
80854753,true,סוכריות מנטוס מנטה ללס,ליימן שליסל בעמ,,,יח`,1,,false,1,7.90,7.90,false,1,
80896081,true,מסטיק מנטוס פיור פרש טעם אבטיח ללס 60 ג,ליימן שליסל בעמ,,,יח`,60,גרם,false,1,10.50,17.50,true,1,
80913467,true,מסטיק מנטוס טעם מנטה ללס 60 גר,ליימן שליסל בעמ,,,יח`,60,גרם,false,1,10.50,17.50,true,1,
80926481,true,מסטיק מנטוס פיור פרש בטעם אבטיח ללס 90,ליימן שליסל בעמ,,,יח`,1,,false,1,18.30,18.30,false,1,
80936848,true,טיק טק תות שדה,פרימיום-חברה לדברי מתיקה ולמסח,,,יח`,16,גרם,false,1,4.10,25.63,true,1,
80945468,true,גומי לעיסה ללא סוכר בטעם מנטה מתוקה 60 ג,ליימן שליסל בעמ,,,יח`,60,גרם,false,1,10.90,18.17,true,1,
80979128,true,מסטיק מנטוס טעם דובדבן ללס 60 גר,ליימן שליסל בעמ,,,יח`,60,גרם,false,1,10.50,17.50,true,1,
80982470,true,מסטיק מנטוס פיור פרש בטעם מנטה חזקה ללס,ליימן שליסל בעמ,,,יח`,60,גרם,false,1,10.50,17.50,true,1,
80986348,true,גומי לעיסה ללא סוכר 60 גר`פיור וויט מנט,ליימן שליסל בעמ,,,יח`,60,גרם,false,1,10.90,18.17,true,1,
80995128,true,מסטיק מנטוס בטעם הדרים 60 גר`,ליימן שליסל בעמ,,,יח`,60,גרם,false,1,10.50,17.50,false,1,
87108538,true,סוכריות לעיסה בטעם תות מנטוס (37.5 גרם),ליימן שליסל בעמ,,,יח`,37,גרם,false,1,4,10.81,true,1,
87108651,true,מנטוס רביעיה,ליימן שליסל בעמ,,,יח`,150,גרם,false,1,14.90,9.93,true,1,
87311396,true,מנטוס גליל 7 טעמים,ליימן שליסל בעמ,,,יח`,37.50,גרם,false,1,4,10.67,true,1,
90162602,true,משקה אנרגיה רד בול (250 מל),דיפלומט היינץ,,,יח`,250,"מ""ל",false,1,6.90,2.64,true,1,
90162800,true,רד בול משקה אנרגיה 250 מל ללס,דיפלומט היינץ,,,יח`,250,"מ""ל",false,1,6.90,2.64,true,1,
90446269,true,משקה אנרגיה רד בול (250 מל),דיפלומט היינץ,,,יח`,250,"מ""ל",false,1,6.90,2.64,true,1,
90448867,true,רד בול משקה אנרגיה ללא פחמימות 250 מל,דיפלומט היינץ,,,יח`,250,"מ""ל",false,1,6.90,2.64,true,1,
90453427,true,רד בול משקה אנרגיה פיטאיה 250 מל,דיפלומט היינץ,,,יח`,250,"מ""ל",false,1,6.90,2.64,true,1,
9800800056,true,נוטלה אנד גו 52 גרם,פרימיום-חברה לדברי מתיקה ולמסח,,,יח`,52,גרם,false,1,5.50,10.58,true,1,
11182700954,true,קינג קול שעועית שחורה 454 גרם,מור-ים מרקטינג בעמ,,,יח`,439,גרם,false,1,10.90,2.48,false,1,
11210000032,true,טבסקו משפחתי,ציון תורג`מן בעמ,,,יח`,60,"מ""ל",false,1,50.90,84.83,false,1,
11210000094,true,טבסקו 60 מל,ציון תורג`מן בעמ,,,יח`,60,"מ""ל",false,1,13.50,22.50,false,1,
13495113506,true,חטיף ביסקויט שוקולד חלב קליק (75 גרם),יוניליוור ישראל שיווק בעמ,,,יח`,75,גרם,false,1,6.90,9.20,true,1,
13495113513,true,חטיף כדורים שוקולד חלב קליק (75 גרם),יוניליוור ישראל שיווק בעמ,,,יח`,75,גרם,false,1,6.90,9.20,true,1,
13495113520,true,חטיף קורנפלקס שוקולד חלב קליק (75 גרם),יוניליוור ישראל שיווק בעמ,,,יח`,75,גרם,false,1,6.90,9.20,true,1,
13495113537,true,חטיף שוקולד חום לבן קליק (75 גרם),יוניליוור ישראל שיווק בעמ,,,יח`,75,גרם,false,1,6.90,9.20,true,1,
13495113551,true,קליק שקיות עוגי,יוניליוור ישראל שיווק בעמ,,,יח`,75,גרם,false,1,6.90,9.20,true,1,
13495113582,true,חטיף כריות שוקולד חלב קליק (75 גרם),יוניליוור ישראל שיווק בעמ,,,יח`,75,גרם,false,1,6.90,9.20,true,1,
16000185517,true,פייבר וואן 555 גר`,קבוצת אסם סחר שות. מוגבלת,,,יח`,555,גרם,false,1,27.60,4.97,true,1,
16000423534,true,נייטשר וואלי 210 גר`שיבולת שועל ושוקולד,ליימן שליסל בעמ,,,יח`,210,גרם,false,1,14.90,7.10,false,1,
16000548503,true,נייטשר וואלי 210 גר`מייפל וסוכר חום,ליימן שליסל בעמ,,,יח`,210,גרם,false,1,14.90,7.10,false,1,
16000548602,true,נייטשר וואלי 210 גר`קינמון,ליימן שליסל בעמ,,,יח`,210,גרם,false,1,14.90,7.10,false,1,
16000548909,true,נייטשר וואלי 210 גר`מעורב,ליימן שליסל בעמ,,,יח`,210,גרם,false,1,14.90,7.10,false,1,
16229909819,true,קרם קוקוס 1 ליטר,גורי מוצרי צריכה (1991) בעמ,,,יח`,1,1 ליטר,false,1,25.90,25.90,false,1,
18000701223,true,פילסברי תערובת שוקולד,ליימן שליסל בעמ,,,יח`,517,גרם,false,1,18.90,3.66,false,1,
18000703517,true,פילסברי תערובת שיש,ליימן שליסל בעמ,,,יח`,559,גרם,false,1,20.30,3.63,false,1,
18000766413,true,תערובת לעוגת בראוניס פילסברי (550 גרם),ליימן שליסל בעמ,,,יח`,609,גרם,false,1,20.30,3.33,false,1,
22200956932,true,ספיד סטיק 24/7 ג`ל כחול,ש.שסטוביץ בעמ,,,יח`,0,גרם,false,1,16.90,16.90,false,1,
25700005674,true,שקיות אחסון סליידר גדולות 15 יח זיפלוק,דנשר (1963) בעמ,,,יח`,1,,false,1,16.90,16.90,true,1,
25700005681,true,שקיות אחסון סליידר בינוניות 20 יח זיפלוק,דנשר (1963) בעמ,,,יח`,1,,false,1,16.90,16.90,true,1,
30000315989,true,קוואקר פרוטאין חמוציות ושקדים 372 גר`,שטראוס פריטו ליי בעמ,,,יח`,372,גרם,false,1,23.90,6.42,false,1,
31290140190,true,אצבעות שוקולדמריר עם נגיעות מלח ים (90 ג,תה ויסוצקי (ישראל) בעמ,,,יח`,90,גרם,false,1,15.90,17.67,true,1,
33617322616,true,ואזה מקמח שיפון קלה ( 270 גר`),גורי מוצרי צריכה (1991) בעמ,,,יח`,270,גרם,false,1,14.90,5.52,true,1,
33617340610,true,ואזה מקמח שיפון 275 גר`,גורי מוצרי צריכה (1991) בעמ,,,יח`,275,גרם,false,1,14.90,5.42,true,1,
34000148301,true,נטיפי שוקולד מריר לאפייה 340 גר הרשי,ליימן שליסל בעמ,,,יח`,340,גרם,false,1,21.40,6.29,true,1,
34000196173,true,טבלת קוקיס אנד קרים-XL,ליימן שליסל בעמ,,,יח`,113,גרם,false,1,11.20,9.91,false,1,
34000442652,true,טבלת ריזס -XL,ליימן שליסל בעמ,,,יח`,120,גרם,false,1,11.20,9.33,false,1,
34000544028,true,חטיף גומ טויז תות,ליימן שליסל בעמ,,,יח`,198,גרם,false,1,9.10,4.60,false,1,
35000458476,true,מברשת שיניים ילדים 2+ מארז רביעייה קולגי,ש.שסטוביץ בעמ,,,יח`,1,,false,1,20.90,20.90,false,1,
37600207188,true,חמאת בוטנים קלאסי 462ג סקיפי,דיפלומט היינץ,,,יח`,462,גרם,false,1,19.90,4.31,false,1,
37600207256,true,חמאת בוטנים עם שברי בוטנים 462ג סקיפי,דיפלומט היינץ,,,יח`,462,גרם,false,1,19.90,4.31,false,1,
38000138607,true,פרינגלס מלח וחומץ 158 גר`,דיפלומט היינץ,,,יח`,158,גרם,false,1,9.90,6.27,true,1,
38000138638,true,פרינגלס פיצה 158 גר`,דיפלומט היינץ,,,יח`,158,גרם,false,1,9.90,6.27,true,1,
38000183928,true,פרינגלס דבש וחרדל 158 גר`,דיפלומט היינץ,,,יח`,158,גרם,false,1,9.90,6.27,true,1,
38000197840,true,פרינגלס ברביקיוו 137 גר`Wavy,דיפלומט היינץ,,,יח`,137,גרם,false,1,9.90,7.23,true,1,
38000232152,true,פרינגלס ברביקיו 158 גר`,דיפלומט היינץ,,,יח`,158,גרם,false,1,9.90,6.27,true,1,
38000232176,true,פרינגלס שמנת בצל 158 גר`,דיפלומט היינץ,,,יח`,158,גרם,false,1,9.90,6.27,true,1,
38000232183,true,פרינגלס אורגינל 149 גר`,דיפלומט היינץ,,,יח`,149,גרם,false,1,9.90,6.64,true,1,
38527591053,true,דגנים מרובעים קינמון קוואקר (411 גרם),שטראוס פריטו ליי בעמ,,,יח`,412,גרם,false,1,21.40,5.19,true,1,
38527591060,true,דגנים מרובעים קוואקר (411 גרם),שטראוס פריטו ליי בעמ,,,יח`,412,גרם,false,1,21.40,5.19,true,1,
41390010309,true,רוטב טריאקי קיקומן (444 מל),דיפלומט היינץ,,,יח`,444,"מ""ל",false,1,32.60,7.34,true,1,
42400108153,true,דגני בוקר מתוקים בטעם פירות( 354 גר`)פ,ר.ב מוצרי דגנים בעמ,,,יח`,354,גרם,false,1,21.50,6.07,false,1,
46214372250,true,עוגיות שטרודל תפוח עץ מרבה (225 גרם),ש.שסטוביץ בעמ,,,יח`,225,גרם,false,1,10.90,4.84,true,1,
46214731552,true,עוגיות שוקולד צ`יפס מרבה (225 גרם),ש.שסטוביץ בעמ,,,יח`,225,גרם,false,1,10.90,4.84,true,1,
55369901673,true,רסק תפוחי עץ+אפרסק ללתס רביעייה 452 גר`,מור-ים מרקטינג בעמ,,,יח`,452,גרם,false,1,14.90,3.30,false,1,
55369902557,true,רביעות רסק תפוחי עץ ממותק בסגנון ביתי 45,מור-ים מרקטינג בעמ,,,יח`,452,גרם,false,1,14.90,3.30,false,1,
55369902564,true,רסק תפוחי עץ ללתס רביעייה 452 גר`אלפסנ,מור-ים מרקטינג בעמ,,,יח`,452,גרם,false,1,14.90,3.30,false,1,
64144090013,true,תרסיס שמן קנולה בטעם חמאה פאם (148 מל),ליימן שליסל בעמ,,,יח`,148,"מ""ל",false,1,22.40,15.14,true,1,
64144090020,true,תרסיס שמן זית פאם (148 מל),ליימן שליסל בעמ,,,יח`,141,גרם,false,1,22.40,15.89,true,1,
64144090051,true,תרסיס שמן קנולה פאם (148 מל),ליימן שליסל בעמ,,,יח`,148,"מ""ל",false,1,22.40,15.14,true,1,
70177077563,true,תה ארל גריי טווינינג 25 שקיקים,משה סידס ובנו בעמ,,,יח`,1,,false,1,19.90,19.90,false,1,
70177077693,true,תה אינגליש ברקפסט 25 שקיקים טווינינג,משה סידס ובנו בעמ,,,יח`,1,,false,1,19.90,19.90,false,1,
70177078904,true,תה אינגליש ברקפסט 50 שקיקים טווינינג,משה סידס ובנו בעמ,,,יח`,1,,false,1,35.90,35.90,false,1,
70221011116,true,טובלרון- שוק`חלבי 100 גרם) (20,דיפלומט היינץ,,,יח`,100,גרם,false,1,6.90,6.90,false,1,
76840002542,true,גלידת פיינטים חמאת בוטנים עם בראוניס,מוצרי איכות אמריקאיים בעמ,,,יח`,420,"מ""ל",false,1,20.30,4.83,true,1,
76840100156,true,גלידת פיינט צ`רי גרסיה דובדבנים וחתיכות,מוצרי איכות אמריקאיים בעמ,,,יח`,473,גרם,false,1,20.30,4.29,true,1,
76840100583,true,גלידה וניל+בצק עוגיות ושוקולד ציפס 473ג,מוצרי איכות אמריקאיים בעמ,,,יח`,473,"מ""ל",false,1,20.30,4.29,true,1,
76840400218,true,גלידת פיינטים בן אנד גריס פיינט תות,מוצרי איכות אמריקאיים בעמ,,,יח`,750,"מ""ל",false,1,20.30,2.71,true,1,
76840620029,true,גלידת פיינטים שמנת עם תות,מוצרי איכות אמריקאיים בעמ,,,יח`,473,"מ""ל",false,1,20.30,4.29,true,1,
77245110610,true,סוכריות ללס בטעם מנטה מאסט (80 גרם),שטראוס גרופ בעמ,,,יח`,80,גרם,false,1,9.70,12.13,false,1,
77343000233,true,נרות חימום מנורה שי נר (50),אבאל יזמות בעמ,,,יח`,1,,false,1,10.50,10.50,true,1,
77343001100,true,נר נשמה מנורה 26 שעות,אבאל יזמות בעמ,,,יח`,1,,false,1,2.90,2.90,true,1,
77975093085,true,סניידרס בייגלה מצופה שוקולד חלב 141 גר`,ליימן שליסל בעמ,,,יח`,141,גרם,false,1,17.90,12.70,true,1,
77975093108,true,סניידרס בייגלה מצופה שוקולד לבן 141 גר`,ליימן שליסל בעמ,,,יח`,141,גרם,false,1,17.90,12.70,true,1,
77975094631,true,סניידרס בייגלה במילוי קרם צ`דר ( 226 גר`,ליימן שליסל בעמ,,,יח`,226,גרם,false,1,15.90,7.04,true,1,
77975094761,true,סניידרס שברי בייגל בטעם גבינת צ`אדר,ליימן שליסל בעמ,,,יח`,340,גרם,false,1,15.90,4.68,true,1,
77975094778,true,סניידרס שברי בייגל בטעם דבש וחרדל 340 גר,ליימן שליסל בעמ,,,יח`,340,גרם,false,1,15.90,4.68,true,1,
77975095133,true,סניידרס שברי בייגלה ממחמצת שאור בטעם פיק,ליימן שליסל בעמ,,,יח`,319,גרם,false,1,15.90,4.98,true,1,
77975095157,true,סניידרס שברי בייגלה חלפינו 318 גר`,ליימן שליסל בעמ,,,יח`,318,גרם,false,1,15.90,5,true,1,
77975095164,true,סניידרס שברי בייגלה ממחמצת שאור בטעם פרמ,ליימן שליסל בעמ,,,יח`,318,גרם,false,1,15.90,5,true,1,
80518532743,true,בלון פסטל שמחה זה אנחנו) (50,שמחה זה אנחנו בעמ,,,יח`,1,,false,1,11.90,11.90,false,1,
80518532859,true,שקית בלונים,שמחה זה אנחנו בעמ,,,יח`,1,,false,1,20.90,20.90,false,1,
89397344300,true,רוטב פסטה עגבניות ובזיליקום 737 גר`דיני,מור-ים מרקטינג בעמ,,,יח`,737,גרם,false,1,17.90,2.43,false,1,
608614310395,true,קוסקוס 350 גר`גודל בינוני 100% חיטת דור,אבאל יזמות בעמ,,,יח`,350,גרם,false,1,5.90,1.69,false,1,
609628012114,true,זית קלמטה פחית 430 גר`,תומר יבוא ושיווק מוצרי מזון (1,,,יח`,430,גרם,false,1,15.90,3.70,false,1,
611745285685,true,אבוקדו בשל ארוז - מור בריאות,קונסיגנציה-מור בריאות בעמ,,,יח`,1,,false,1,7.90,7.90,false,1,
613008742348,true,אריזונה ג`נסנג דבש ליטר,טמפו משקאות בעמ,,,יח`,1,1 ליטר,false,1,11.90,11.90,true,1,
613008742409,true,אריזונה אפרסק ליטר,טמפו משקאות בעמ,,,יח`,1,1 ליטר,false,1,11.90,11.90,true,1,
613008755461,true,אריזונה אוכמניות ליטר,טמפו משקאות בעמ,,,יח`,1,1 ליטר,false,1,11.90,11.90,true,1,
649660013281,true,היל ויו מימי שזיפים מיבשיום 946 מל כשר,מור-ים מרקטינג בעמ,,,יח`,946,"מ""ל",false,1,24.20,2.53,false,1,
651080647519,true,ג`ורדן פלקרס קיסם עם חוט-מנטה,דנשר (1963) בעמ,,,יח`,1,,false,1,13.20,13.20,false,1,
693493065641,true,טחינה הר כנען 100% 500 גר,אבאל יזמות בעמ,,,יח`,500,גרם,false,1,15.90,3.18,true,1,
693493168786,true,תמר מג`הול גמבו 1קג,סהר ותמר בעמ,,,יח`,1000,גרם,false,1,25,2.50,false,1,
710535495539,true,אורז בסמטי 96% ( 1 קג ) AVEL,אבאל יזמות בעמ,,,יח`,1,"ק""ג",false,1,12.90,12.90,true,1,
728229123590,true,חטיף צ`יפס אורגינל טרה (110 גרם)כשר ל,משה סידס ובנו בעמ,,,יח`,110,גרם,false,1,14.90,13.55,false,1,
728229123811,true,חטיף צ`יפס ים תיכוני טרה (110 גרם),משה סידס ובנו בעמ,,,יח`,110,גרם,false,1,14.90,13.55,false,1,
728229124771,true,חטיף טרה מבטטה בטעם ברבקיו 110 גר,משה סידס ובנו בעמ,,,יח`,110,גרם,false,1,14.90,13.55,false,1,
768404001640,true,גלידת פיינטים בטעם קפה,מוצרי איכות אמריקאיים בעמ,,,יח`,420,"מ""ל",false,1,20.30,4.83,true,1,
769904000607,true,שקדי מרק 200 גר`ללא גלוטן,בטר אנד דיפרנט בעמ,,,יח`,200,גרם,false,1,10.50,5.25,false,1,
835811000488,true,קערה תבור מלבן 2 ליטר הנמל,הנמל אריזות ושיווק (1984) בעמ,,,יח`,1,,false,1,9.90,9.90,false,1,
835811001676,true,מגש הכסף תבנית מלבןגדול 9 יח`,הנמל אריזות ושיווק (1984) בעמ,,,יח`,1,,false,1,10.90,10.90,false,1,
835811003427,true,צלחות גדול מקנה סוכר 1 קג הנמל,הנמל אריזות ושיווק (1984) בעמ,,,יח`,1,,false,1,37.90,37.90,true,1,
835811003458,true,מזלגות אלגנט שקוף 50 יח` הנמל,הנמל אריזות ושיווק (1984) בעמ,,,יח`,1,,false,1,10.90,10.90,true,1,
835811003489,true,כפיות אלגנט שקוף 50 יח` הנמל,הנמל אריזות ושיווק (1984) בעמ,,,יח`,1,,false,1,10.90,10.90,true,1,
835811003588,true,צלחות קלאסי גדול לבן 65 יח` הנמל,הנמל אריזות ושיווק (1984) בעמ,,,יח`,1,,false,1,35.90,35.90,true,1,
835811003595,true,צלחות קלאסי קטן לבן 65 יח`,הנמל אריזות ושיווק (1984) בעמ,,,יח`,1,,false,1,25.90,25.90,true,1,
835811004189,true,פירורי לחם הנמל (800גרם),הנמל אריזות ושיווק (1984) בעמ,,,יח`,800,גרם,false,1,10.90,1.36,false,1,
835811004202,true,מפת שולחן 6 יח עבה ניילון הנמל,הנמל אריזות ושיווק (1984) בעמ,,,יח`,1,,false,1,10.90,10.90,false,1,
835811004301,true,צלחות ונציה ענק שקוף נצנצים 10 יח`הנמל,הנמל אריזות ושיווק (1984) בעמ,,,יח`,1,,false,1,20.90,20.90,false,1,
835811004707,true,פרורי לחם מוזהבים הנמל (440 גרם),הנמל אריזות ושיווק (1984) בעמ,,,יח`,440,גרם,false,1,7.10,1.61,false,1,
835811005049,true,נייר אפייה 40 יח מתכלה ירוק הנמל,הנמל אריזות ושיווק (1984) בעמ,,,יח`,1,,false,1,10.90,10.90,true,1,
835811005407,true,כוסות קפה לדרך 12 יח`הנמל,הנמל אריזות ושיווק (1984) בעמ,,,יח`,12,יח`,false,1,13.90,1.16,false,1,
835811005704,true,נייר עטיפה לכריכים 100 יח`הנמל,הנמל אריזות ושיווק (1984) בעמ,,,יח`,1,,false,1,10.50,10.50,false,1,
835811005810,true,מגש הכסף תבנית מרובע קטן+מכסה 10 יח`,הנמל אריזות ושיווק (1984) בעמ,,,יח`,1,,false,1,10.90,10.90,true,1,
835811005933,true,מגש הכסף תבנית אלומ`ענק 5 יח`,הנמל אריזות ושיווק (1984) בעמ,,,יח`,1,,false,1,10.90,10.90,true,1,
835811005940,true,מגש הכסף תבנית אלומ` גדולה+ מכסה 8 יח`,הנמל אריזות ושיווק (1984) בעמ,,,יח`,1,,false,1,10.90,10.90,true,1,
835811005957,true,מגש הכסף תבנית אלומ` +90 מכסה 8 יח`,הנמל אריזות ושיווק (1984) בעמ,,,יח`,1,,false,1,10.90,10.90,true,1,
835811005964,true,מגש הכסף תבנית אלומ`מאורך 20 יח`,הנמל אריזות ושיווק (1984) בעמ,,,יח`,1,,false,1,10.90,10.90,true,1,
835811006220,true,צלחות ענק מקנה סוכר טבעי 25 יח`הנמל,הנמל אריזות ושיווק (1984) בעמ,,,יח`,1,,false,1,13.90,13.90,false,1,
835811006237,true,צלחות קטנות מקנה סוכר טבעי 25 יח`הנמל,הנמל אריזות ושיווק (1984) בעמ,,,יח`,1,,false,1,9.90,9.90,false,1,
835811006244,true,צלחות גדולות מקנה סוכר טבעי 25 יח`הנמל,הנמל אריזות ושיווק (1984) בעמ,,,יח`,1,,false,1,12.90,12.90,false,1,
835811006695,true,קוקטים לאפייה 20 יח`הנמל,הנמל אריזות ושיווק (1984) בעמ,,,יח`,1,,false,1,9.70,9.70,false,1,
835811006770,true,מגש הכסף תבנית עגול 5 יח`,הנמל אריזות ושיווק (1984) בעמ,,,יח`,1,,false,1,10.90,10.90,true,1,
835811007135,true,קוקוס הנמל (500 גרם),הנמל אריזות ושיווק (1984) בעמ,,,יח`,500,גרם,false,1,16.30,3.26,false,1,
835811007296,true,כפיות אלגנט קרם 50 יח` הנמל,הנמל אריזות ושיווק (1984) בעמ,,,יח`,1,,false,1,10.90,10.90,true,1,
835811007302,true,כפות אלגנט קרם 50 יח` הנמל,הנמל אריזות ושיווק (1984) בעמ,,,יח`,1,,false,1,10.90,10.90,true,1,
835811007319,true,מזלגות אלגנט קרם 50 יח` הנמל,הנמל אריזות ושיווק (1984) בעמ,,,יח`,1,,false,1,10.90,10.90,true,1,
835811007326,true,סכינים אלגנט קרם 50 יח`הנמל,הנמל אריזות ושיווק (1984) בעמ,,,יח`,1,,false,1,10.90,10.90,true,1,
835811007357,true,סלטינות אובלי 25 יח`הנמל,הנמל אריזות ושיווק (1984) בעמ,,,יח`,1,,false,1,5.90,5.90,true,1,
835811007432,true,תבנית אפייה משפחתית מקרטון הנמל) (3,הנמל אריזות ושיווק (1984) בעמ,,,יח`,1,,false,1,10.10,10.10,false,1,
835811007562,true,תבנית קרטון אינגליש קייק הנמל) (6,הנמל אריזות ושיווק (1984) בעמ,,,יח`,1,,false,1,10.10,10.10,false,1,
835811008996,true,כוסות קרטון 50 יח` OZ הנמל,הנמל אריזות ושיווק (1984) בעמ,,,יח`,1,,false,1,19.90,19.90,true,1,
835811009016,true,כוסות קרטון 50 יח`OZ הנמל,הנמל אריזות ושיווק (1984) בעמ,,,יח`,1,,false,1,7.90,7.90,true,1,
835811009115,true,מגש מלבן שקוף הנמל,הנמל אריזות ושיווק (1984) בעמ,,,יח`,1,,false,1,6,6,false,1,
835811009368,true,מרקיות צבע 25 יח`מעורב הנמל,הנמל אריזות ושיווק (1984) בעמ,,,יח`,1,,false,1,10.90,10.90,false,1,
835811009412,true,צלחות קטנות 25 יח`מעורב הנמל,הנמל אריזות ושיווק (1984) בעמ,,,יח`,1,,false,1,10.90,10.90,false,1,
835811009436,true,צלחות ענק צבע 25 יח`מעורב הנמל,הנמל אריזות ושיווק (1984) בעמ,,,יח`,1,,false,1,25.90,25.90,false,1,
839762000658,true,משקה גויאבה איילנד (1 ליטר),טמפו משקאות בעמ,,,יח`,1,1 ליטר,false,1,13.90,13.90,false,1,
856591000055,true,עוגיות מזרחיות קריספי עבאדי (400 גרם),תה ויסוצקי (ישראל) בעמ,,,יח`,400,גרם,false,1,18.50,4.63,false,1,
856591000062,true,עוגיות מזרחיות עם מלח עבאדי (400 גרם),תה ויסוצקי (ישראל) בעמ,,,יח`,400,גרם,false,1,18.50,4.63,false,1,
856591000109,true,עוגיות מזרחיות עבאדי 400 גר`,תה ויסוצקי (ישראל) בעמ,,,יח`,400,גרם,false,1,18.50,4.63,false,1,
856591000918,true,מארז חטיף טבעי עבאדי) (8X40,תה ויסוצקי (ישראל) בעמ,,,יח`,320,גרם,false,1,15.90,4.97,false,1,
856591000949,true,עבאדי קטנטנים חטיף טבעי 350 גרם,תה ויסוצקי (ישראל) בעמ,,,יח`,350,גרם,false,1,15.90,4.54,true,1,
859547004466,true,ספוג ניקוי SCRUB MOMMY,ר.ב מוצרי דגנים בעמ,,,יח`,1,,false,1,18.90,18.90,false,1,
884912359155,true,האני באנצס האני רוסטד 340 גר`.,ר.ב מוצרי דגנים בעמ,,,יח`,340,גרם,false,1,22.90,6.74,false,1,
884912377142,true,האני באנצס וניל 340 גר` .,ר.ב מוצרי דגנים בעמ,,,יח`,340,גרם,false,1,22.90,6.74,false,1,
893594002051,true,פופקורנס צ`יפס בטעם גבינת צ`דר,שטראוס פריטו ליי בעמ,,,יח`,32,גרם,false,1,6.90,21.56,false,1,
1230000068314,false,בשר טחון ביונד מיט מארז זוגות 300ג,זנברגן וורלד פינסט מיט ב,,,יח`,300,גרם,false,1,29.90,9.97,false,1,
1230000116022,false,המבורגר ביונד מיט מארז זוגות 226ג,ביונד מיט קליפורניה ארהב,,,יח`,226,גרם,false,1,34.90,15.44,true,1,
3014260201753,false,סכיני גילוח ג'ילט בלו 2 להבים - מארז 5 יח',דיפלומט מפיצים (1968) בעמ,,,יח`,1,,false,1,12.20,12.20,false,1,
3014260228842,false,"קצף גילוח ג'ילט לעור רגיל 200 מ""ל",דיפלומט מפיצים (1968) בעמ,,,יח`,200,"מ""ל",false,1,14.90,7.45,false,1,
3014260240226,false,"קצף גילוח ג'ילט לעור רגיש 200 מ""ל",דיפלומט מפיצים (1986) בע`מ,,,יח`,200,"מ""ל",false,1,14.90,7.45,false,1,
3014260289287,false,סכין גילוח גילט בלו 2 לנשים-חמישייה,דיפלומט מפיצים (1968) בעמ,,,יח`,1,,false,1,13.90,13.90,false,1,
3046920010047,false,לינדט שוקולד אקסלנס מריר 78% 100 גר,לינדט ושפרונגלי קילשברג,,,יח`,100,גרם,false,1,16.60,16.60,true,1,
3046920027281,false,שוקולד מריר אקסלנס במילוי קרמל ומלח ים,לינדט ושפרונגלי קילשברג,,,יח`,100,גרם,false,1,16.60,16.60,true,1,
3046920028004,false,לינדט שוקולד אקסלנס מריר 70% 100 גר,לינדט ושפרונגלי קילשברג,,,יח`,100,גרם,false,1,16.60,16.60,true,1,
3046920028363,false,לינדט אקסלנס 85% מוצקי קקאו 100 גרם,לינדט ושפרונגלי קילשברג,,,יח`,100,גרם,false,1,16.60,16.60,true,1,
3059943015128,false,מבשם אוויר נטול גז אקווה מיסט בניחוח לבנדר פראי ואוויר הרים,רקיט בנקיזר (ניר איסט) בעמ,,,יח`,345,"מ""ל",false,1,15.90,4.61,true,1,
3073781161663,false,גבינה מותכת 18.5% שומן לה וואש קירי,בני ג`ורג` שוקחה (חיפה) בעמ,,,יח`,128,גרם,false,1,11.90,9.30,false,1,
3073781162790,false,גבינה מותכת בייבי בל 120 גרם,א. סיימן סחר בעמ,,,יח`,120,גרם,false,1,22.90,19.08,false,1,
3083681142983,false,שעועית עדינה קפואה בונדואל 600 גר`,קפוא-זן תעשיות מזון בעמ - תפוג,,,יח`,600,גרם,false,1,22.90,3.82,false,1,
3083681143010,false,אפונת גן קפואה בונדואל 600 גר`,קפוא-זן תעשיות מזון בעמ - תפוג,,,יח`,600,גרם,false,1,14.90,2.48,false,1,
3083681143041,false,גרעיני תירס קפואים בונדואל 600 גר`,קפוא-זן תעשיות מזון בעמ - תפוג,,,יח`,600,גרם,false,1,15.90,2.65,false,1,
3083681143652,false,פרוסות חציל בגריל קפואים בונדואל 600ג,קפוא-זן תעשיות מזון בעמ - תפוג,,,יח`,600,גרם,false,1,25.90,4.32,false,1,
3083681143690,false,פרוסות זוקיני בגריל קפואים בונדואל 600ג,קפוא-זן תעשיות מזון בעמ - תפוג,,,יח`,600,גרם,false,1,25.90,4.32,false,1,
3083681143720,false,חצאי פלפלים בגריל קפואים בונדואל 60,קפוא-זן תעשיות מזון בעמ - תפוג,,,יח`,600,גרם,false,1,25.90,4.32,false,1,
3141360054405,false,פיניש מפיץ ריח למדיח בניחוח לימון וליים,רקיט בנקיזר (ניר איסט) בעמ,,,יח`,27,גרם,false,1,15.90,58.89,true,1,
3161911229199,false,חמאה צרפתית רכה למריחה אל & ויר 250 גרם,א. סיימן סחר בעמ,,,יח`,250,גרם,false,1,22.90,9.16,false,1,
3161911366429,false,חמאה צרפתית מלוחה רכה למריחה אלוויר 250 גר',א. סיימן סחר בעמ,,,יח`,250,גרם,false,1,22.90,9.16,false,1,
3178530402353,false,עוגות מיני מדלן קלאסי סאן מישל 175 גרם,סאן מישל ביסוויט,,,יח`,175,גרם,false,1,11.90,6.80,true,1,
3178530407938,false,עוגיות מיני מדליין עם שוקוצ'יפס סאן מישל 175 גרם,א. סיימן סחר בעמ,,,יח`,175,גרם,false,1,13.90,7.94,true,1,
3178530409673,false,עוגיות פיל סאן מישל קרמל 100 גר`,סאן מישל צ'\אמפאגנאק,,,יח`,100,גרם,false,1,16.90,16.90,false,1,
3228022910023,false,חמאה צרפתית פריזידאן פרזידנט (200 גרם),סוסייטה בארייר דה אי,,,יח`,200,גרם,false,1,16.80,8.40,false,1,
3387390320244,false,פיטנס דגני בוקר מחיטה מלאה עם פירות נסטלה 375 גרם,קבוצת אוסם סחר שותפות מוגבלת,,,יח`,375,גרם,false,1,20.30,5.41,true,1,
3387390525960,false,קראנץ' דגני בוקר עם שוקולד חלב נסטלה 500 גרם,קבוצת אוסם סחר שותפות מוגבלת,,,יח`,500,גרם,false,1,22.90,4.58,true,1,
3523230025652,false,"גבינת מיני בושה עם שום ועשי תיבול ועשבי, 125 גרם",א. סיימן סחר בעמ,,,יח`,125,גרם,false,1,24.90,19.92,false,1,
3523230026888,false,"גבינת עיזים שום ועשבי תיבול למריחה פירמידה, 140 גרם",א. סיימן סחר בעמ,,,יח`,140,גרם,false,1,22.90,16.36,false,1,
3523230045827,false,גבינת סנט מור עיזים160גר,א. סיימן סחר בעמ,,,יח`,160,גרם,false,1,28.90,18.06,false,1,
3563490014898,false,ריין דיז'ון חרדל דיז'ון 265 גרם,דיפלומט מפיצים (1968) בעמ**,,,יח`,265,גרם,false,1,13.20,4.98,false,1,
3574660464337,false,קרפרי מגה פק מגן תחתון אוורירי אלוורה 76,ג'\ונסון אנד ג'\ונסון,,,יח`,1,,false,1,20.90,20.90,false,1,
3574660464368,false,קרפרי מגה פק מגן תחתון אוורירי מבושם 76,גונסון אנד גונסון,,,יח`,1,,false,1,20.90,20.90,false,1,
3574660464429,false,מגני תחתון קרפרי נורמל אוורירי עם מעטפת כותנה,ג'\ונסון אנד ג'\ונסון,,,יח`,1,,false,1,20.90,20.90,false,1,
3574661203577,false,ליסטרין אדוונס וויט 500 מל-יבוא מקביל,בית הצעצוע בעמ,,,יח`,500,"מ""ל",false,1,15.90,3.18,false,1,
3574661444963,false,סוכריות ליסטרין 8 יחידות,פארמה דיל (פ.א.ב.) שיווק והפצה,,,יח`,12.50,גרם,false,1,7.90,63.20,false,1,
3600521720219,false,קרם פנים לילה עם פעולה משולשת לכל סוגי העור,לוריאל ישראל קוסמטיקס בעמ,,,יח`,50,"מ""ל",false,1,45.90,91.80,false,1,
3600522550129,false,קרם אנטי-אייג'ינג יום אייג' ספשיאליסט +45,לוריאל ישראל קוסמטיקס בעמ,,,יח`,1,,false,1,61.10,61.10,true,1,
3600522550204,false,קרם אנטי-אייג'ינג יום אייג' ספשיאליסט +55,לוריאל ישראל קוסמטיקס בעמ,,,יח`,1,,false,1,61.10,61.10,true,1,
3600522632436,false,קרם אנטי-אייג'ינג לילה אייג' ספשיאליסט +55,לוריאל ישראל קוסמטיקס בעמ,,,יח`,1,,false,1,61.10,61.10,true,1,
3600523782581,false,מרכך מתיר קשרים לשיער ארוך ופגום Dream Long,לוריאל ישראל קוסמטיקס בעמ,,,יח`,500,"מ""ל",false,1,15.90,3.18,false,1,
3600524051334,false,אלביב מרכך חומצה היאלורונית 400 מל,לוריאל ישראל קוסמטיקס בעמ,,,יח`,400,"מ""ל",false,1,14.90,3.73,false,1,
3600524051570,false,לוריאל - אלביב מסכה היאלורונית 300 מ''ל,לוריאל ישראל קוסמטיקס בעמ,,,יח`,300,"מ""ל",false,1,25.90,8.63,false,1,
3600524055400,false,לוריאל - אלביב שמפו היאלורונית 500 מ''ל,לוריאל ישראל קוסמטיקס בעמ,,,יח`,500,"מ""ל",false,1,15.90,3.18,false,1,
3600542366113,false,גרניה בוטניקל קרם לחות ענבים 50 מל,לוריאל ישראל קוסמטיקס בעמ,,,יח`,50,"מ""ל",false,1,30.90,61.80,false,1,
3600542385091,false,"גרנייה - דאודורנט רול און לאישה אקשן קונטרול 72 שעות 50 מ""ל",לוריאל ישראל קוסמטיקס בעמ,,,יח`,1,,false,1,12.90,12.90,false,1,
3600542385107,false,"גרנייה - דאודורנט רול און לאישה אינביזיבל BWC (ירוק) 50 מ""ל",לוריאל ישראל קוסמטיקס בעמ,,,יח`,50,"מ""ל",false,1,12.90,25.80,false,1,
3600542385268,false,"גרנייה - דאודורנט רול און לאישה אינביזיבל BWC (ורוד) 50 מ""ל",לוריאל ישראל קוסמטיקס בעמ,,,יח`,50,"מ""ל",false,1,12.90,25.80,false,1,
3600542398206,false,גרניה סקין נט תרחיץ אלוורה 200 מל,לוריאל ישראל קוסמטיקס בעמ,,,יח`,200,"מ""ל",false,1,25.90,12.95,true,1,
3614224056537,false,"דאו ספריי לנשים אדידס אדיפוואר 150 מ""ל",דנשר (1963) בעמ,,,יח`,150,"מ""ל",false,1,20.30,13.53,false,1,
4000351109380,false,שמן קנולה 1 ליטר BROLIO.,המותג-לא פעיל להקלדה,,,יח`,1,1 ליטר,false,1,8.90,8.90,false,1,
4000417019004,false,שוקולד חלב אגוזי לוז שלמים ריטר ספורט 100 גרם,ריטר ספורט Ritter sport,,,יח`,100,גרם,false,1,10.90,10.90,false,1,
4000417022004,false,ריטר ספורט שוקולד חלב מעולה עם צימוקים ואגוזי לוז 100 גרם,ריטר ספורט Ritter sport,,,יח`,100,גרם,false,1,10.50,10.50,false,1,
4000417023001,false,ריטר ספורט שוקולד חלב מעולה עם שקדים שלמים,ריטר ספורט Ritter sport,,,יח`,100,גרם,false,1,10.90,10.90,false,1,
4000417025005,false,שוקולד מריר במילוי מרציפן ריטר ספורט 100 גרם,ריטר ספורט Ritter sport,,,יח`,100,גרם,false,1,10.50,10.50,false,1,
4000417101211,false,גלילי וופל עם קרם אגוזי לוז בציפוי שוקולד חלב,ליימן שליסל בע`מ,,,יח`,150,גרם,false,1,18.90,12.60,true,1,
4000417212009,false,ריטר ספורט שוקולד מריר מעולה עם שקדים קצוצים וקליפות תפוז מסוכרות,ריטר ספורט Ritter sport,,,יח`,100,גרם,false,1,10.50,10.50,false,1,
4000417222008,false,שוקולד ריטר ספורט חלב+שברי אגוזים 100 גרם חלב נוכרי,ריטר ספורט Ritter sport,,,יח`,100,גרם,false,1,10.50,10.50,false,1,
4000417224002,false,"ריטר ספורט טבלת שוקולד מריר אגוזים, 100 גרם",ריטר ספורט Ritter sport,,,יח`,100,גרם,false,1,10.90,10.90,false,1,
4000522009747,false,"מקלות בייגלה תפו""א צ'יו 80 גרם",טרופיקל דגיל תעשיות,,,יח`,80,גרם,false,1,4.60,5.75,false,1,
4004666107819,false,"מלרוד - מרסס לניקוי וטיהור המזגן 500 מ""ל","יעקב יעקבי ובניו בע""מ",,,יח`,500,"מ""ל",false,1,23.90,4.78,false,1,
4005808515554,false,ניוואה סופט קרם רב שימושי מרקם עדין 300מ,אלפא- ב.ד.ף בעמ,,,יח`,300,"מ""ל",false,1,35.90,11.97,true,1,
4005808890507,false,ניוואה קרם סופט רב שימושי 200 מל יבוא,פארמה דיל (פ.א.ב.) שיווק והפצה,,,יח`,200,"מ""ל",false,1,16.90,8.45,false,1,
4005900036506,false,"ניוואה - דאודורנט רול און לגבר שקוף בלק 50 מ""ל",טרופיקל דגיל תעשיות,,,יח`,50,"מ""ל",false,1,13.90,27.80,true,1,
4005900542557,false,"ניוואה - דאודורנט רול און לאישה בלק אנד וויט 50 מ""ל",אלפא- ב.ד.ף בעמ,,,יח`,1,,false,1,13.90,13.90,true,1,
4005900648181,false,"ניוואה - תחליב רחצה אלוורה 750 מ""ל",אלפא- ב.ד.ף בעמ,,,יח`,750,"מ""ל",false,1,15.90,2.12,true,1,
4005900816016,false,"ניוואה - דאודורנט ספריי לאישה פרש טבעי לאישה 150 מ""ל",טרופיקל דגיל תעשיות,,,יח`,150,"מ""ל",false,1,15.90,10.60,true,1,
4005900828088,false,"ניוואה - דאודורנט רול און לגבר פרש 50 מ""ל",טרופיקל דגיל תעשיות,,,יח`,50,"מ""ל",false,1,13.90,27.80,true,1,
4008287058161,false,בירה קרומבאכר פילס 4.8% שישיה 6 * 330 מל,אגודת הכורמים -כרמל מזרחי,,,יח`,1980,"מ""ל",false,1,29.90,1.42,false,1,
4008287762020,false,בירה קרומבאכר חיטה 0.50 ליטר בקבוק,אגודת הכורמים -כרמל מזרחי,,,יח`,500,"מ""ל",false,1,10.90,2.12,true,1,
4008287905786,false,בירה קרומבאכר חיטה 5.3% פחית 500 מל,אגודת הכורמים -כרמל מזרחי,,,יח`,500,"מ""ל",false,1,9.90,1.92,true,1,
4009300522935,false,תה ירוק פומפדור לימונית ולואיזה 20 יחידות,"איטיליאן פוד, אס.פי.",,,יח`,30,גרם,false,1,17.90,59.67,true,1,
4009300522966,false,תה ירוק עם נענע פומפדור 20 יחידות,"איטיליאן פוד, אס.פי.",,,יח`,30,גרם,false,1,17.90,59.67,true,1,
4009300525684,false,חליטת צמחים פומפדור ג'ינג'ר ולימון 20 יחידות,ש. שסטוביץ בע`מ,,,יח`,35,גרם,false,1,17.30,49.43,true,1,
4009300526438,false,תה ירוק פומפדור קלאסי 20 יחידות,"איטיליאן פוד, אס.פי.",,,יח`,1,,false,1,17.90,17.90,true,1,
4009300528821,false,תה ירוק פומפדור ג'ינגר וקינמון 20 יחידות,ש.שסטוביץ בעמ,,,יח`,30,גרם,false,1,17.90,59.67,true,1,
4009900013581,false,מסטיק אורביט ספרמינט סטיקס משפחתי-חמישיות,"מרס ריגלי ישראל בע""מ",,,יח`,1,,false,1,11.20,11.20,false,1,
4009900385824,false,מסטיק אורביט פפרמינט סטיקס משפחתי-חמישיות,"מרס ריגלי ישראל בע""מ",,,יח`,1,,false,1,11.50,11.50,false,1,
4009900535823,false,מסטיק אורביט רפרשרס באבלמינט ללא סוכר 15.6גר',"מרס ריגלי ישראל בע""מ",,,יח`,15.60,גרם,false,1,4.90,31.41,true,1,
4009900536257,false,מסטיק אורביט רפרשרס ספירמינט בקבוקון ללא סוכר 67 גר',מרס ריגלי קונפקשונרי,,,יח`,67,גרם,false,1,12.90,19.25,true,1,
4009900539401,false,מסטייק אורבייט פייב באונוס מנטה HP,מרס ריגלי ישראל בעמ,,,יח`,14.40,גרם,false,1,4.90,34.03,false,1,
4011800528416,false,קורני חטיף דגנים עם בוטנים מתוק-מלוח*6,משה סידס ובנו בעמ,,,יח`,150,גרם,false,1,10.90,7.27,true,1,
4011800567613,false,מאגדת קורני מילק דרק & ואיט 120 גרם,מיוצר עי קונדיטוריית,,,יח`,120,גרם,false,1,10.90,9.08,true,1,
4011800628512,false,חטיף קורני שוקולד חלב 6 יח 150 גר,מיוצר עי קונדיטוריית,,,יח`,150,גרם,false,1,10.90,7.27,true,1,
4011800630515,false,חטיף קורני שוקולד חלב ובננה 6 יח 150 גר,מיוצר עי קונדיטוריית,,,יח`,150,גרם,false,1,10.90,7.27,true,1,
4011800632519,false,חטיף קורני שישייה שוקולד חלבי וקוקוס,מיוצר עי קונדיטוריית,,,יח`,150,גרם,false,1,10.90,7.27,true,1,
4011800633516,false,קורני שוקולד מריר מעולה 58% קקאו 6*1,משה סידס ובנו בעמ,,,יח`,150,גרם,false,1,10.90,7.27,true,1,
4011800636517,false,קורני פרי שוקולד חלב מעולה ללא סוכר 6*1,מיוצר עי קונדיטוריית,,,יח`,120,גרם,false,1,10.90,9.08,true,1,
4014400901191,false,בונבונריית מרסי מבחר ממתקי שוקולד 250 גרם,ליימן שליסל בע`מ,,,יח`,250,גרם,false,1,26.90,10.76,true,1,
4014400903409,false,בונבוניירה שוקולד אגוזים טופיפי 250 גרם,קריניציה ויטמינה אס,,,יח`,250,גרם,false,1,25.40,10.16,true,1,
4014400910063,false,סוכריות חמאה וורטרס אורגינל (135 גרם),ליימן שליסל בע`מ,,,יח`,135,גרם,false,1,9.50,7.04,false,1,
4014400914696,false,וורטרס אורגינל סוכריות ללא סוכר 80 גרם,ליימן שליסל בע`מ,,,יח`,80,גרם,false,1,9.50,11.88,false,1,
4014400914924,false,"סוכריות בטעם קפה וורטר אורגינל לל""ס 80 גרם",קריניציה ויטמינה אס,,,יח`,80,גרם,false,1,9.50,11.88,false,1,
4014400923711,false,בונבוניירה שוקולד אגוזים טופיפי 125 גרם,ליימן שליסל בע`מ,,,יח`,125,גרם,false,1,14.20,11.36,true,1,
4014400925319,false,וורטרס אורגינל פופקורן קרמל 140 גרם,ליימן שליסל בע`מ,,,יח`,140,גרם,false,1,15.90,11.36,true,1,
4014400929010,false,וופל מיני קנופרס 200 גר 10 גר*20 יחידות,ליימן שליסל בע`מ,,,יח`,200,גרם,false,1,20.90,10.45,true,1,
4014400931327,false,ורטרס אורגינל פופקורן עם קרמל זרעי דלעת 1/12,ליימן שליסל בע`מ,,,יח`,140,גרם,false,1,15.90,11.36,true,1,
4015000031394,false,"ספטיל - משחה להסרת כתמים 200 מ""ל",גורי שיווק בעמ,,,יח`,200,גרם,false,1,17.30,8.65,false,1,
4015400564034,false,מגן תחתון אולוויז מגה פק לונג פלוס 58 יחידות,דיפלומט מפיצים (1986) בע`מ,,,יח`,1,,false,1,24.90,24.90,true,1,
4015400681670,false,תחבושות אולוויז וליו פק לילה בטוח 18 יחידות,דיפלומט מפיצים (1986) בע`מ,,,יח`,1,,false,1,20.30,20.30,true,1,
4015400731719,false,תחבושות היגייניות אולוויז יום ולילה Day & Night,דיפלומט מפיצים (1986) בע`מ,,,יח`,1,,false,1,21.40,21.40,true,1,
4015400755241,false,תחבושות היגייניות אולוויז אולטרה נורמל - 28 יח',דיפלומט מפיצים (1986) בע`מ,,,יח`,1,,false,1,21.40,21.40,true,1,
4015400990482,false,אבקת כביסה אריאל קולור 3 ק`ג,דיפלומט מפיצים (1986) בע`מ,,,יח`,3000,גרם,false,1,35.60,1.19,false,1,
4015600762742,false,שמפו יומיומי למניעת קשקשים הנוסחה הקלאסית,דיפלומט מפיצים (1986) בע`מ,,,יח`,500,"מ""ל",false,1,21.90,4.38,false,1,
4015600762780,false,שמפו וקונדישינר יומיומי למניעת קשקשים הנוסחה הקלאסית 2in1,דיפלומט מפיצים (1986) בע`מ,,,יח`,500,"מ""ל",false,1,21.90,4.38,false,1,
4015600763022,false,שמפו יומיומי למניעת קשקשים לשיער יבש/פגום לשיער רך כמשי,דיפלומט מפיצים (1986) בע`מ,,,יח`,500,"מ""ל",false,1,21.90,4.38,false,1,
4015600763251,false,שמפו הד&שולדרס קלאסי 600 מל,דיפלומט מפיצים (1968) בעמ,,,יח`,600,"מ""ל",false,1,24.90,4.15,true,1,
4015600763299,false,"הד שולדרס שמפו קלאסי 2ב1 600מ""ל",דיפלומט מפיצים (1968) בעמ,,,יח`,600,"מ""ל",false,1,24.90,4.15,true,1,
4015600763411,false,שמפו הד&שולדרס מנטול 600 מל,דיפלומט מפיצים (1968) בעמ,,,יח`,600,"מ""ל",false,1,24.90,4.15,true,1,
4015600763459,false,שמפו הד&שולדרס תפוח 600 מל,דיפלומט מפיצים (1968) בעמ,,,יח`,600,"מ""ל",false,1,24.90,4.15,true,1,
4015600763534,false,שמפו הד&שולדרס מגע משי 600 מל,דיפלומט מפיצים (1968) בעמ,,,יח`,600,"מ""ל",false,1,24.90,4.15,true,1,
4015600766658,false,"הד אנד שולדרס שמפו2 ב 1 מנטול 600 מ""ל",דיפלומט מפיצים (1968) בעמ,,,יח`,600,"מ""ל",false,1,24.90,4.15,true,1,
4017100198151,false,בלזן היט ביסקוויט עם מלית קרם בטעם וניל (41%) 220 גרם,הדקלאים אגודת שיתופי,,,יח`,220,גרם,false,1,10.50,4.77,false,1,
4017100219900,false,בלזן וופלטן וופל מגולגל מצופה שוקולד חלב 100 גרם,הדקלאים אגודת שיתופי,,,יח`,100,גרם,false,1,14.20,14.20,true,1,
4017100290008,false,בלזן בסקויט חמאה מצופה שוקולד חלב 125 גרם,הדקלאים אגודת שיתופי,,,יח`,125,גרם,false,1,13.90,11.12,true,1,
4017100291005,false,בלזן לייבניז בסקויט חמאה מצופה שוקולד מריר 125 גרם,הדקלאים אגודת שיתופי,,,יח`,125,גרם,false,1,14.20,11.36,true,1,
4017100364112,false,בלזן היט בסקוויט סנדביץ עם מלית קרם בטעם שוקולד קקאו (41%) 220 גרם,הדקלאים אגודת שיתופי,,,יח`,220,גרם,false,1,11.20,5.09,false,1,
4022025261002,false,"בלו ווין גוורצטרמינר כשר 750 מ""ל",היכל היין שקד גולן בעמ,,,יח`,750,"מ""ל",false,1,52,6.89,true,1,
4025700001962,false,מילקה טבלה 100 גר' לבן 1/22 (4248023),דיפלומט מפיצים (1968) בעמ**,,,יח`,100,גרם,false,1,7.50,7.50,true,1,
4028208000284,false,נייר פילטר מספר 4 - BRIGITTA ובו 80 יחידות,דנשר (1963) בעמ,,,יח`,1,,false,1,11.90,11.90,false,1,
4053700292455,false,ויט רצועות שעווה מוכנות להסרת שיער לעור רגיל 12 יחידות,רקיט בנקיזר (ניר איסט) בעמ,,,יח`,1,יח`,false,1,25.90,25.90,false,1,
4065698201166,false,דונאטס מילקה אריזת זוג בלדי,בלדי בעמ,,,יח`,1,,false,1,14.90,14.90,false,1,
4067700014849,false,ליקר ייגרמייסטר 700מ`ל,הכרם -משקאות חריפים בע`מ,,,יח`,700,"מ""ל",false,1,106,15.10,false,1,
4079400330129,false,"בירה פילסנר וולטרס 4.9% 500 מ""ל בפחית",אבאל יזמות בעמ,,,יח`,500,"מ""ל",false,1,6.90,1.32,true,1,
4084500065536,false,פנטן קרם לחות מוגברת לעיצוב שיער 300 מל,דיפלומט מפיצים (1968) בעמ,,,יח`,300,"מ""ל",false,1,20.90,6.97,false,1,
4084500081314,false,משחת שיניים פרו אקספרט לניקוי עמוק בטעם מנטה,דיפלומט מפיצים (1968) בעמ,,,יח`,75,"מ""ל",false,1,13.20,17.60,false,1,
4084500088917,false,נוזל לניקוי כלים לימון פיירי (650 מל),דיפלומט מפיצים (1986) בע`מ,,,יח`,650,"מ""ל",false,1,11.90,1.83,false,1,
4084500371422,false,"אבקת כביסה אריאל שושן צחור 8 ק""ג",דיפלומט מפיצים (1968) בעמ,,,יח`,8000,גרם,false,1,59.90,0.75,true,1,
4084500853553,false,פיירי נוזל כלים קלאסי אורגינל 650 מל,דיפלומט מפיצים (1986) בע`מ,,,יח`,650,"מ""ל",false,1,11.90,1.83,false,1,
4084500853836,false,"נוזל כלים פיירי ורדים ומשי 515 מ""ל בד""צ",דיפלומט מפיצים (1986) בע`מ,,,יח`,515,"מ""ל",false,1,11.90,2.31,false,1,
4084500853898,false,"נוזל כלים פיירי אלוורה ומלפפונים 515 מ""ל בד""צ",דיפלומט מפיצים (1986) בע`מ,,,יח`,515,"מ""ל",false,1,11.90,2.31,false,1,
4100130937163,false,בירה בקס שישייה 6*275 מל,הכרם -משקאות חריפים בע`מ,,,יח`,1.65,1 ליטר,false,1,36.90,21.27,true,1,
4210201176718,false,אורל בי ראש חשמלי סנסיטיב רביעייה,דיפלומט מפיצים (1968) בעמ,,,יח`,1,,false,1,87.90,87.90,false,1,
4210201360742,false,אורל בי ראש חשמלי ניקוי יסודי רביעייה,דיפלומט מפיצים (1968) בעמ,,,יח`,1,,false,1,87.70,87.70,true,1,
4260147890513,false,אטריות ביצים דקות ורמיצ'לי 500ג',דין שיווק וקליה 2021 בעמ,,,יח`,500,גרם,false,1,11.50,2.30,true,1,
4260147890537,false,אטריות ביצים רצועות רחבות 500 גר,דין שיווק וקליה 2021 בעמ,,,יח`,500,גרם,false,1,11.50,2.30,true,1,
4260147890711,false,אטריות ביצים מגולגלות שקדיה 500 גרם,דין שיווק וקליה 2021 בעמ,,,יח`,500,גרם,false,1,11.50,2.30,true,1,
4600659010854,false,וודקה סטוליצ`יניה (700 מל),הכרם -משקאות חריפים בע`מ,,,יח`,700,"מ""ל",false,1,81.50,11.60,true,1,
4600659011059,false,וודקה סטולי פרימיום 1 ליטר,הכרם - משקאות חריפים בעמ,,,יח`,1,1 ליטר,false,1,80.60,80.60,false,1,
4603400000043,false,וודקה רוסקי יורוסטנדרט (700 מל),רוסקי סטנדרט וודקה,,,יח`,700,"מ""ל",false,1,59.90,8.51,false,1,
4605561010305,false,"חתיכות פילה הרינג עם שמיר בשמן 17.6 אונקיה, 500 גרם",דילר בי.אמ.די פורמולה בעמ,,,יח`,500,גרם,false,1,27.90,5.58,true,1,
4605561011975,false,חתיכות פילה דג הרינג בשמן מצונן 150 גרם,דילר בי.אם.די. פורמולה בעמ,,,יח`,150,גרם,false,1,8.90,5.93,false,1,
4640018993350,false,פיניש קוואנטום קפסולות ג'ל למדיח כלים לימון 30 יח',רקיט בנקיזר (ניר איסט) בעמ,,,יח`,1,,false,1,40.90,40.90,false,1,
4640018993398,false,פיניש קוואנטום 60 יח' קפסולות ג'ל למדיח כלים,רקיט בנקיזר (ניר איסט) בעמ,,,יח`,1,,false,1,61.90,61.90,true,1,
4810168000011,false,פילה דג הרינג מלוח מצונן 250 גרם,דילר בי.אם.די. פורמולה בעמ,,,יח`,250,גרם,false,1,14.90,5.96,true,1,
4810168000998,false,פילה דג הרינג מלוח מצונן עם בצל בצנצנת חתיכות 260גרם,דילר בי.אם.די. פורמולה בעמ,,,יח`,260,גרם,false,1,18.90,7.27,true,1,
4810168019051,false,חתיכות פילה דג הרינג מלוח מצונן עם תבלין 200גרם,דילר בי.אם.די. פורמולה בעמ,,,יח`,200,גרם,false,1,14.90,7.45,true,1,
4810168049966,false,בלינצ'ס במילוי דובדבן מוקפא 360 גרם,דילר בי.אם.די. פורמולה בעמ,,,יח`,360,גרם,false,1,13.90,3.86,true,1,
4810168055011,false,כיסונים במילוי גבינת טבורוג מוקפאים 450 גרם,דילר בי.אמ.די פורמולה בעמ,,,יח`,450,גרם,false,1,16.90,3.76,true,1,
4810168056964,false,בלינצ'ס במילוי ממרח קקאו-אגוזי לוז מוקפא 360 גרם,דילר בי.אמ.די פורמולה בעמ,,,יח`,360,גרם,false,1,13.90,3.86,true,1,
4810168057435,false,חתיכות פילה דג XXLהרינג מלוח בשמן מצונן 400 גרם,דילר בי.אם.די. פורמולה בעמ,,,יח`,400,גרם,false,1,27.90,6.98,true,1,
4810168058975,false,חתיכות פילה דג הרינג סקנדינבי מלוח מצונן 260 גר,דילר בי.אם.די. פורמולה בעמ,,,יח`,260,גרם,false,1,18.90,7.27,true,1,
4810168058982,false,חתיכות פילה דג הרינג סקנדינבי מלוח בשמן 400 גר,דילר בי.אם.די. פורמולה בעמ,,,יח`,400,גרם,false,1,27.90,6.98,true,1,
4823077602863,false,רושן סוכריות ג'לי קרייזי פצ'ולקה 200 גרם,דילר בי.אמ.די.אינטרנשויונל בעמ,,,יח`,200,גרם,false,1,7.90,3.95,false,1,
4823077612732,false,רושן סוכריות ממולאות בטעם פירות ביים בום 200 גרם,דילר בי.אמ.די.אינטרנשויונל בעמ,,,יח`,200,גרם,false,1,5.90,2.95,true,1,
4823077614675,false,ביסקוויט לקפה רושן בטעם חלב 185 גרם,דילר בי.אמ.די.אינטרנשויונל בעמ,,,יח`,185,גרם,false,1,4.90,2.65,true,1,
4823077614699,false,ביסקוויט לקפה רושן בטעם חמאה וניל 185 גרם,דילר בי.אמ.די.אינטרנשויונל בעמ,,,יח`,185,גרם,false,1,4.90,2.65,true,1,
4823077614767,false,שוקולד רושן חלב נוגט בטעם אגוזי לוז 90 גרם,דילר בי.אמ.די.אינטרנשויונל בעמ,,,יח`,90,גרם,false,1,5.90,6.56,true,1,
4823077614804,false,שוקולד רושן חלב נוגט בטעם אוכמניות כחולות 90 גרם,דילר בי.אמ.די.אינטרנשויונל בעמ,,,יח`,90,גרם,false,1,5.90,6.56,true,1,
4823077618161,false,גליליות ופל רושן קונפטו חלב 140 גרם,דילר בי.אמ.די.אינטרנשויונל בעמ,,,יח`,140,גרם,false,1,7.90,5.64,true,1,
4823077621635,false,חטיף שוקולד רושן בטעם חלב 72 גרם,דילר בי.אמ.די.אינטרנשויונל בעמ,,,יח`,72,גרם,false,1,4.90,6.81,true,1,
4823077621642,false,חטיף שוקולד רושן בטעם שוקולד 72 גר,דילר בי.אמ.די.אינטרנשויונל בעמ,,,יח`,72,גרם,false,1,4.90,6.81,true,1,
4823077621659,false,חטיף שוקולד רושן בטעם אגוז 72 גר,דילר בי.אמ.די.אינטרנשויונל בעמ,,,יח`,72,גרם,false,1,4.90,6.81,true,1,
4823077623684,false,רושן סוכריות ממולאות קרם בטעם חלב סוייט דרופס 150 גרם,דילר בי.אמ.די.אינטרנשויונל בעמ,,,יח`,150,גרם,false,1,5.90,3.93,true,1,
4823077624223,false,"רושן ממתקי סוכריות ג'ילי ""בוני פרוט"" בטעמי פירות 200 גר",דילר בי.אמ.די.אינטרנשויונל בעמ,,,יח`,200,גרם,false,1,7.90,3.95,true,1,
4823077624247,false,"רושן ממתקי סוכריות ג'ילי ""בוני פרוט"" בטעם הדרים 200 גר",דילר בי.אמ.די.אינטרנשויונל בעמ,,,יח`,200,גרם,false,1,7.90,3.95,true,1,
4823077625589,false,וופל וואפרס חלב רושן 216 גר,דילר בי.אמ.די.אינטרנשויונל בעמ,,,יח`,216,גרם,false,1,7.90,3.66,true,1,
4823077625626,false,וופל וואפרס אגוז רושן 216 גר,דילר בי.אמ.די.אינטרנשויונל בעמ,,,יח`,216,גרם,false,1,7.90,3.66,true,1,
4823077626203,false,שוקולד רושן אורירי מריר 80 גרם,דילר בי.אמ.די.אינטרנשויונל בעמ,,,יח`,80,גרם,false,1,7.90,9.88,true,1,
4823077626227,false,שוקולד רושן אורירי חלב 80 גרם,דילר בי.אמ.די.אינטרנשויונל בעמ,,,יח`,80,גרם,false,1,7.90,9.88,true,1,
4823077626241,false,שוקולד רושן אורירי לבן קרמל 80 גרם,דילר בי.אמ.די.אינטרנשויונל בעמ,,,יח`,80,גרם,false,1,7.90,9.88,true,1,
4823077626364,false,שוקולד רושן אורירי לבן 80 גרם,דילר בי.אמ.די.אינטרנשויונל בעמ,,,יח`,80,גרם,false,1,7.90,9.88,true,1,
4823077629136,false,שוקולד רושן חלב lacmuי 90 גרם,דילר בי.אמ.די.אינטרנשויונל בעמ,,,יח`,85,גרם,false,1,7.90,9.29,true,1,
4823077631467,false,קרקר עם מלח ים רושן 168 גר HI DAY,דילר בי.אמ.די.אינטרנשויונל בעמ,,,יח`,168,גרם,false,1,5.90,3.51,true,1,
4823077631474,false,קרקר קלאסי רושן 168 גר HI DAY,דילר בי.אמ.די.אינטרנשויונל בעמ,,,יח`,168,גרם,false,1,5.90,3.51,true,1,
4823077631863,false,גליליות ופל רושן קונפטו וניל 140 גרם,דילר בי.אמ.די.אינטרנשויונל בעמ,,,יח`,140,גרם,false,1,7.90,5.64,true,1,
4823077632570,false,שוקולד רושן BRUT מריר 85 גרם,דילר בי.אמ.די.אינטרנשויונל בעמ,,,יח`,85,גרם,false,1,7.90,9.29,true,1,
4823077632587,false,שוקולד רושן חלב עם שקד שלם 90 גר` LACMI,דילר בי.אמ.די.אינטרנשויונל בעמ,,,יח`,90,גרם,false,1,8.90,9.89,true,1,
4823077632594,false,שוקולד רושן חלב עם אגוז שלם 90 גר` LACMI,דילר בי.אמ.די.אינטרנשויונל בעמ,,,יח`,90,גרם,false,1,8.90,9.89,true,1,
4823077633034,false,"גליליות וופל רושן ""קונאפטו"" קקאו 140 ג",דילר בי.אמ.די.אינטרנשויונל בעמ,,,יח`,140,גרם,false,1,7.90,5.64,true,1,
4823077633058,false,"גליליות וופל רושן ""קונאפטו"" אגוז 140 ג",דילר בי.אמ.די.אינטרנשויונל בעמ,,,יח`,140,גרם,false,1,7.90,5.64,true,1,
4823077633317,false,עוגיות שוקוצ'יפס LOVITA שוקולד עם חתיכות שוקולד 150 גרם,דילר בי.אמ.די.אינטרנשויונל בעמ,,,יח`,150,גרם,false,1,7.90,5.27,true,1,
4823077633348,false,עוגיות שוקוצ'יפס LOVITA עם חתיכות בוטנים 150 גרם,דילר בי.אמ.די.אינטרנשויונל בעמ,,,יח`,150,גרם,false,1,7.90,5.27,true,1,
4823077634178,false,עוגיות רושן LOVITA במילוי תפוח קינמון 168 גרם,דילר בי.אמ.די.אינטרנשויונל בעמ,,,יח`,168,גרם,false,1,7.90,4.70,true,1,
4823077634192,false,עוגיות רושן LOVITA במילוי דובדבן וניל 168 גרם,דילר בי.אמ.די.אינטרנשויונל בעמ,,,יח`,168,גרם,false,1,7.90,4.70,true,1,
4823077634222,false,עוגיות Lovita ממולאות ג'לי תפוז מצופות צימקאו,דילר בי.אמ.די.אינטרנשויונל בעמ,,,יח`,135,גרם,false,1,7.90,5.85,true,1,
4823077634246,false,עוגיות Lovita ממולאות ג'לי פטל מצופות צימקאו,דילר בי.אמ.די.אינטרנשויונל בעמ,,,יח`,168,גרם,false,1,6.90,4.11,true,1,
4823077634277,false,עוגיות Lovita ממולאות ג'לי תות שדה מצופות צימקאו,דילר בי.אמ.די.אינטרנשויונל בעמ,,,יח`,135,גרם,false,1,7.90,5.85,true,1,
4823077635489,false,חטיף וופל רושן קרם קקאו JOHNY KROCKERי 350 גרם,דילר בי.אמ.די.אינטרנשויונל בעמ,,,יח`,350,גרם,false,1,17.90,5.11,true,1,
4823077636004,false,עוגיות Lovita ממולאות ג'לי דובדבן מצופות צימקאו,דילר בי.אמ.די.אינטרנשויונל בעמ,,,יח`,135,גרם,false,1,7.90,5.85,true,1,
4823077636059,false,עוגיות קקאו דובדבן LOVITAי 420 גרם,דילר בי.אמ.די.אינטרנשויונל בעמ,,,יח`,420,גרם,false,1,17.90,4.26,true,1,
4823077636073,false,עוגיות תות שדה LOVITAי 420 גרם,דילר בי.אמ.די.אינטרנשויונל בעמ,,,יח`,420,גרם,false,1,17.90,4.26,true,1,
4823077636097,false,עוגיות פטל LOVITAי 420 גרם,דילר בי.אמ.די.אינטרנשויונל בעמ,,,יח`,420,גרם,false,1,17.90,4.26,true,1,
4823077636561,false,סוכריות ממולאות בטעם חלב קפה קפה לייק 378 גרם,דילר בי.אמ.די.אינטרנשויונל בעמ,,,יח`,378,גרם,false,1,12.90,3.41,true,1,
4823077636578,false,סוכריות טופי כוס חלב מילקי ספלאש 325 גרם,דילר בי.אמ.די.אינטרנשויונל בעמ,,,יח`,325,גרם,false,1,12.90,3.97,true,1,
4903001904192,false,רוטב סויה יאמאסה פרימיום 500מ`ל,הדקלאים אגודת שיתופי,,,יח`,500,"מ""ל",false,1,18.30,3.66,false,1,
4903001925784,false,"רוטב סויה יאמאסה דל מלח 500מ""ל פרימיום",הדקלאים אגודת שיתופי,,,יח`,500,"מ""ל",false,1,18.30,3.66,false,1,
5000157143365,false,מתבל בטעם מיונז וקטשופ היינץ 425 גרם,דיפלומט מפיצים (1968) בעמ**,,,יח`,425,גרם,false,1,15.90,3.74,false,1,
5000159452540,false,סניקרס חטיף שוקולד עם בוטנים חמישייה ברי,"מרס ריגלי ישראל בע""מ",,,יח`,200,גרם,false,1,11.90,5.95,true,1,
5000159452977,false,מיקס שקית מיניס 400 גרם מרס-באונטי-טוויק,"מרס ריגלי ישראל בע""מ",,,יח`,400,גרם,false,1,19.90,4.98,false,1,
5000168199245,false,שוקולד חלב מעולה בתוספת קרמל מלוח פיור גודייבה 90 ג',"אולקר מקבוצת פלאדיס, ציק",,,יח`,90,גרם,false,1,15.90,17.67,true,1,
5000204220933,false,"קוטל מעופפים אירוסול אקליפטוס 300 מ""ל רייד","דנשר (1963) בע,מ",,,יח`,300,"מ""ל",false,1,20.30,6.77,false,1,
5000204243031,false,"נוזל לאסלה ירח פורח 750 מ""ל דאק",טואלט דאק (ג'ונסון),,,יח`,750,"מ""ל",false,1,11.90,1.59,false,1,
5000204254617,false,סבון מוצק לאסלה ירח פורח 38.6 ג' דאק,דאופלור אס.פי.אי כונ,,,יח`,1,,false,1,11.20,11.20,false,1,
5000394203921,false,זוג סוללות ליתיום 2032 דורסל,דיפלומט מפיצים (1986) בע`מ,,,יח`,1,,false,1,20.90,20.90,false,1,
5010029000252,false,וויטביקס תערובת דגנים מחיטה מלאה 430 גרם,ר.ב. מוצרי דגנים בעמ,,,יח`,430,גרם,false,1,25.90,6.02,false,1,
5010038454831,false,"בקבוק בירה בלומון 330 מ""ל",הכרם - משקאות חריפים בעמ,,,יח`,330,"מ""ל",false,1,13.90,4.12,true,1,
5010182997253,false,רייד תרסיס קוטל ג'וקים/תיקנים 300 מל,אס.סי.ג'ונסון מידרכט,,,יח`,300,"מ""ל",false,1,20.30,6.77,false,1,
5010182997338,false,דאק ג'ל לניקוי אסלות בניחוח רענן 55 מל,"איטיליאן פוד, אס.פי.",,,יח`,55,גרם,false,1,13.50,24.55,false,1,
5010182997680,false,"רייד ארוסול קוטל נמלים - 300 מ""ל",אס.סי.ג'ונסון מידרכט,,,יח`,300,"מ""ל",false,1,20.30,6.77,false,1,
5010182997918,false,דאק ג'ל לניקוי אסלות בניחוח ים 55 מל,"איטיליאן פוד, אס.פי.",,,יח`,55,גרם,false,1,13.50,24.55,false,1,
5010182998847,false,דאק נוזל לניקוי אסלות בניחוח ים 750 מל,מיוצר עי קונדיטוריית,,,יח`,750,"מ""ל",false,1,11.90,1.59,false,1,
5010327000046,false,"וויסקי גרנטס וויסקי 700 מ""ל","וויליאם גראנט ובניו בע""\",,,יח`,750,"מ""ל",false,1,106,14.09,true,1,
5010677551281,false,בריזר לימון בבקבוק בקרדי (275 מל),בקרדי בריזר Bacardi Breezer,,,יח`,275,"מ""ל",false,1,15.30,5.45,true,1,
5010677552387,false,"בקרדי בריזר אננס 275 מ""ל בקבוק",בקרדי בריזר Bacardi Breezer,,,יח`,275,"מ""ל",false,1,15.30,5.45,true,1,
5010677554398,false,בריזר אבטיח בבקבוק בקרדי (275 מל),בקרדי בריזר Bacardi Breezer,,,יח`,275,"מ""ל",false,1,15.30,5.45,true,1,
5011026108033,false,"וויסקי אירי טולומור דיו 700 מ""ל",הכרם - משקאות חריפים בעמ,,,יח`,700,"מ""ל",false,1,102,14.53,false,1,
5011157630281,false,אורז לבן ארוך בסמטי טילדה Tilda,ש. שסטוביץ בע`מ,,,יח`,1,"ק""ג",false,1,21.40,21.40,false,1,
5013931015789,false,דישמאטיק ידית הפלא עם כרית פלדה,דישמטיק Dish matic,,,יח`,1,,false,1,19.90,19.90,true,1,
5013931015819,false,מארז כריות פלדה דיש מטיק (2 יח),דישמטיק Dish matic,,,יח`,1,,false,1,19.90,19.90,true,1,
5014271002767,false,מעדן סנט דלפור מנגו ופסיפלורה,סאן דלפור - שמבור,,,יח`,284,גרם,false,1,21.90,7.71,true,1,
5014271310428,false,מעדן דובדבנים שחורים ללא תוספת סוכר 284 גרם,סאן דלפור - שמבור,,,יח`,284,גרם,false,1,21.90,7.71,true,1,
5014271330426,false,מעדן אוכמניות כחולות ללא תוספת סוכר 284 גרם,סאן דלפור - שמבור,,,יח`,284,גרם,false,1,21.90,7.71,true,1,
5014271360423,false,"מעדן תפוזים לל""ס סאן דלפור 284 גרם",סאן דלפור - שמבור,,,יח`,284,גרם,false,1,21.90,7.71,true,1,
5014271400426,false,"מעדן בטעם תות שדה לל""ס סאן דלפור 284 גרם",סאן דלפור - שמבור,,,יח`,284,גרם,false,1,21.90,7.71,true,1,
5060045588128,false,"וויסקי גים בים לבן 700 מ""ל",הכרם -משקאות חריפים בע`מ,,,יח`,700,"מ""ל",false,1,90.90,12.94,false,1,
5060517886486,false,"משקה אנרגיה מונסטר אנרג'י בפחית 500 מ""ל",החברה המרכזית להפצת משקאות בעמ,,,יח`,500,"מ""ל",false,1,6.90,1.32,true,1,
5060517886516,false,"משקה אנרגיה מונסטר אנרג'י זירו בפחית 500 מ""ל",החברה המרכזית להפצת משקאות בעמ,,,יח`,500,"מ""ל",false,1,6.90,1.32,true,1,
5060639129102,false,"משקה אנרגיה מונסטר אנרג'י מנגו בפחית 500 מ""ל",החברה המרכזית להפצת משקאות בעמ,,,יח`,500,"מ""ל",false,1,6.90,1.32,true,1,
5060751218173,false,"משקה אנרגיה מונסטר אנרג'י piplin punch בפחית 500 מ""ל",החברה המרכזית להפצת משקאות בעמ,,,יח`,500,"מ""ל",false,1,6.90,1.32,true,1,
5201347400545,false,רצועות שעווה מוכנות לשימוש לפנים ולאזורים רגישים,רקיט בנקיזר (ניר איסט) בעמ,,,יח`,1,יח`,false,1,25.90,25.90,false,1,
5202390014192,false,גבינה צהובה טבעונית זיתים ויאו לייף 200 ג',דיפלומט מפיצים (1968) בעמ**,,,יח`,200,גרם,false,1,24.40,12.20,false,1,
5202390015618,false,גבינה צהובה טבעונית אורגינל ויאו לייף 200 ג',דיפלומט מפיצים (1968) בעמ**,,,יח`,200,גרם,false,1,24.40,12.20,true,1,
5202390020407,false,פטה טבעונית גוש ויולייף 200 ג',דיפלומט מפיצים (1968) בעמ**,,,יח`,200,גרם,false,1,26.90,13.45,true,1,
5391523057936,false,סימילאק גולד שלב 2 תרכובת מזון על בסיס חלב,אבוט מעבדות רפואיות,,,יח`,700,גרם,false,1,74.90,10.70,true,1,
5391523057943,false,סימילאק גולד שלב 3 תרכובת מזון על בסיס חלב,אבוט מעבדות רפואיות,,,יח`,700,גרם,false,1,74.90,10.70,true,1,
5410076933129,false,אריאל אבקת כביסה שושן צחור 3 קג,דיפלומט מפיצים (1986) בע`מ,,,יח`,3000,גרם,false,1,35.60,1.19,false,1,
5410103161617,false,קרם יום עם פעולה משולשת Triple active לעור יבש ועדין,לוריאל ישראל קוסמטיקס בעמ,,,יח`,50,"מ""ל",false,1,45.90,91.80,false,1,
5410126006360,false,לוטוס עוגיות סנדוויץ' במילוי לוטוס 150 גר',דיפלומט מפיצים (1968) בעמ**,,,יח`,150,גרם,false,1,9.90,6.60,false,1,
5410126106183,false,עוגיות לוטוס 50 יחידות ארוזות בנפרד 312 גרם,דיפלומט מפיצים (1968) בעמ**,,,יח`,312,גרם,false,1,15.90,5.10,false,1,
5410126726947,false,ממרח ביסקוויט קרמל קראנץ' לוטוס 380 גרם,דיפלומט מפיצים (1968) בעמ**,,,יח`,380,גרם,false,1,24.40,6.42,true,1,
5410291021991,false,ממרח אגוזי לוז עם קקאו צ`וקטה (700 גרם),ש. שסטוביץ בע`מ,,,יח`,700,גרם,false,1,20.90,2.99,false,1,
5410291022011,false,ממרח אגוזי לוז עם קקאו צ`וקטה (350 גרם),ש. שסטוביץ בע`מ,,,יח`,350,גרם,false,1,13.90,3.97,true,1,
5410291022776,false,צ`וקטה ממרח אגוזי לוז עם קקאו 700 גר`,ש. שסטוביץ בע`מ,,,יח`,700,גרם,false,1,20.90,2.99,false,1,
5410316983693,false,וודקה סמירנוף אייס בודד 275 מ``ל.,החברה המרכזית להפצת משקאות בעמ,,,יח`,275,"מ""ל",false,1,14.20,5.05,true,1,
5410658902413,false,קפסולות קפה אלומיניום דרגת חוזק 08 Fortisimo- Espresso,אבאל יזמות בעמ,,,יח`,1,,false,1,13.20,13.20,true,1,
5410658902420,false,קפסולות קפה אלומיניום דרגת חוזק 10 Fortisimo- Espresso,אבאל יזמות בעמ,,,יח`,1,,false,1,13.20,13.20,true,1,
5410658902437,false,קפסולות קפה אלומיניום דרגת חוזק 07 Fortisimo- Espresso,אבאל יזמות בעמ,,,יח`,1,,false,1,13.20,13.20,true,1,
5410658902444,false,קפסולות קפה אלומיניום דרגת חוזק 14 Fortisimo- Espresso,אבאל יזמות בעמ,,,יח`,1,,false,1,13.20,13.20,true,1,
5410658902819,false,קפסולות קפה אלומיניום דרגת חוזק 12 Fortisimo- Espresso,אבאל יזמות בעמ,,,יח`,1,,false,1,13.20,13.20,true,1,
5410769800097,false,"בירה לה צרי שוף 8% 330 מ""ל בקבוק",הכרם -משקאות חריפים בע`מ,,,יח`,330,"מ""ל",false,1,16.50,4.91,true,1,
5411188081852,false,אלפרו משקה סויה בטעם וניל 1 ליטר,הנסיך- מפעל לייצור ט,,,יח`,1,1 ליטר,false,1,13.90,13.90,true,1,
5411188096108,false,"אלפרו שמנת צמחית לבישול לייט 250מ""ל",שטראוס גרופ בעמ/מצונן,,,יח`,250,"מ""ל",false,1,9.90,3.96,true,1,
5411188110835,false,אלפרו חלב סויה שקדים וניל 1ל',הנסיך- מפעל לייצור ט,,,יח`,1,1 ליטר,false,1,13.90,13.90,true,1,
5411188112709,false,"משקה קוקוס אלפרו 1 ליטר משקה שקדים לל""ס",הנסיך- מפעל לייצור ט,,,יח`,1,1 ליטר,false,1,13.90,13.90,true,1,
5411188115366,false,משקה קוקוס אלפרו 1 ליטר משקה שיבולת שועל 1 ליטר,הנסיך- מפעל לייצור ט,,,יח`,1,1 ליטר,false,1,13.90,13.90,true,1,
5411188115472,false,משקה סויה אלפרו 1 ליטר,הנסיך- מפעל לייצור ט,,,יח`,1,1 ליטר,false,1,13.90,13.90,true,1,
5411188120742,false,משקה קוקוס אלפרו 1 ליטר שקדים וניל 1 ל',הנסיך- מפעל לייצור ט,,,יח`,1,1 ליטר,false,1,13.90,13.90,true,1,
5411188120957,false,"אלפרו תערובת לבישול על בסיס קוקוס 250 מ""ל",שטראוס גרופ בעמ/מצונן,,,יח`,250,גרם,false,1,9.90,3.96,true,1,
5411188121923,false,"משקה סויה מועשר סידן אלפרו 3*250 מ""ל",הנסיך- מפעל לייצור ט,,,יח`,750,"מ""ל",false,1,16.90,2.25,false,1,
5411188124689,false,משקה אלפרו שיבולת שועל ללא סוכר 1 ליטר,שטראוס גרופ בע`מ,,,יח`,1,1 ליטר,false,1,13.90,13.90,true,1,
5411188129899,false,משקה אלפרו בריסטה שקדים 1 ליטר,הנסיך- מפעל לייצור ט,,,יח`,1,1 ליטר,false,1,13.90,13.90,true,1,
5411188133476,false,אלפרו משקה סויה שוקו+חלבון 250 גרם בית יוסף,שטראוס גרופ בעמ/מצונן,,,יח`,250,"מ""ל",false,1,7.90,3.16,false,1,
5411188133490,false,אלפרו משקה סויה קפה קרמל+חלבון 250 גרם בית יוסף,שטראוס גרופ בעמ/מצונן,,,יח`,250,"מ""ל",false,1,7.90,3.16,false,1,
5411188134985,false,אלפרו 3.5% NOT M*LK שיבולת שועל 1 ליטר בית יוסף,שטראוס גרופ בעמ/מצונן,,,יח`,1,1 ליטר,false,1,13.90,13.90,false,1,
5411188135005,false,אלפרו 1.8% NOT M*LK שיבולת שועל 1 ליטר בית יוסף,שטראוס גרופ בעמ/מצונן,,,יח`,1,1 ליטר,false,1,13.90,13.90,false,1,
5411188300328,false,אלפרו משקה סויה עמיד בטעם שוקו 1 ליטר,הנסיך- מפעל לייצור ט,,,יח`,1,1 ליטר,false,1,13.90,13.90,true,1,
5411188513483,false,"סויה לבישול 14% שומן אלפרו 250 מ""ל",שטראוס גרופ בעמ/מצונן,,,יח`,250,"מ""ל",false,1,9.90,3.96,true,1,
5411188543398,false,משקה סויה ללא סוכר אלפרו 1 ליטר,הנסיך- מפעל לייצור ט,,,יח`,1,1 ליטר,false,1,13.90,13.90,true,1,
5413149922907,false,"אבקת כביסה קולור וסטייל 5 ק""ג אריאל",דיפלומט מפיצים (1986) בע`מ,,,יח`,5,"ק""ג",false,1,45.90,9.18,true,1,
5413149922938,false,"אריאל אבקת כביסה שושן צחור, 5 ק""ג",דיפלומט מפיצים (1986) בע`מ,,,יח`,5,"ק""ג",false,1,45.90,9.18,true,1,
5413149930025,false,אבקת כביסה טייד אלפיין פרש,דיפלומט מפיצים (1968) בעמ,,,יח`,5,"ק""ג",false,1,35.90,7.18,false,1,
5413548040479,false,בונבוניירה רפאלו 240 גרם,פרימיום-חברה לדברי מתיקה ולמסח,,,יח`,240,גרם,false,1,26.50,11.04,false,1,
5601217129420,false,וולייט דפים למניעת העברת צבע 20 יחידות,רקיט בנקיזר (ניר איסט) בעמ,,,יח`,1,,false,1,24.40,24.40,false,1,
5701932026964,false,"הוטפופ גרעיני תירס להכנת פופקורן במיקרוגל בטעם טבעי, בתוספת מלח, 600 גרם",ליימן שליסל בע`מ,,,יח`,600,גרם,false,1,16.90,2.82,true,1,
5701932026971,false,הוטפופ גרעיני תירס להכנת פופקורן במיקרוגל בטעם חמאה 600 גרם,ליימן שליסל בע`מ,,,יח`,600,גרם,false,1,16.90,2.82,true,1,
5701932026995,false,"הוטפופ גרעיני תירס להכנת פופקורן במיקרוגל בטעם טבעי מופחת שומן, 510 גרם",קריניציה ויטמינה אס,,,יח`,600,גרם,false,1,16.90,2.82,true,1,
5705550300963,false,ביצי דג שיבוט 200 גרם יורו פוד,בני ג`ורג` שוקחה (חיפה) בעמ,,,יח`,200,גרם,false,1,12.90,6.45,false,1,
5711953103285,false,פטינה מעדנייה שטראוס,שטראוס גרופ בעמ/מצונן,,,"ק""ג",1000,גרם,true,1,32,3.20,false,1,
5711953106583,false,גבינת שמנת בטעם טבעי 200 גרם ארלה,שטראוס גרופ בעמ/מצונן,,,יח`,200,גרם,false,1,16.90,8.45,true,1,
5711953106606,false,גבינת שמנת עם תבלינים ועשבי תיבול 23.5%,שטראוס גרופ בעמ/מצונן,,,יח`,200,גרם,false,1,16.90,8.45,true,1,
5740900403215,false,ממרח חמאה דנית לורפק עם מלח 250 גרם,שטראוס גרופ בעמ/מצונן,,,יח`,250,גרם,false,1,17.90,7.16,false,1,
5740900403222,false,ממרח לורפק חמאה עם מלח מופחת שומן 250 ג,שטראוס גרופ בעמ/מצונן,,,יח`,250,גרם,false,1,17.90,7.16,false,1,
5740900403239,false,ממרח חמאה דנית לורפק ללא מלח 250 גרם,שטראוס גרופ בעמ/מצונן,,,יח`,250,גרם,false,1,17.90,7.16,false,1,
5740900403246,false,ממרח לורפק ללא תוספת מלח 500 גר,שטראוס גרופ בעמ/מצונן,,,יח`,500,גרם,false,1,28.90,5.78,false,1,
5740900403253,false,ממרח מחמאת לורפק עם מלח 500 ג',שטראוס גרופ בעמ/מצונן,,,יח`,500,גרם,false,1,28.90,5.78,false,1,
5740900403260,false,ממרח מחמאת לורפק ללא מלח 27% פחות שומן,שטראוס גרופ בעמ/מצונן,,,יח`,250,גרם,false,1,17.90,7.16,false,1,
5900020015174,false,פיטנס חטיפי אנרגיה דגנים בטעם שוקולד נסטלה 6*23.5 גרם,קבוצת אוסם סחר-שות.מוגבלת,,,יח`,141,גרם,false,1,17.50,12.41,true,1,
5900020018908,false,פיטנס חטיפי אנרגיה דגנים בטעם קרם עוגיות נסטלה 6*23.5 גרם,קבוצת אוסם סחר-שות.מוגבלת,,,יח`,141,גרם,false,1,17.30,12.27,true,1,
5900020024770,false,פיטנס - דליס חטיף דגנים שוקולד אגוז 22.50 גרם * 6,קבוצת אוסם סחר שותפות מוגבלת,,,יח`,135,גרם,false,1,17.50,12.96,true,1,
5900020024817,false,פיטנס דליס Fitness Delice חטיף דגנים עם שוקולד לבן,קבוצת אוסם סחר שותפות מוגבלת,,,יח`,135,גרם,false,1,17.50,12.96,true,1,
5900020026552,false,דגני בוקר האני נאט צ'יריוס בטעם דבש ושקדים,קבוצת אוסם סחר שותפות מוגבלת,,,יח`,625,גרם,false,1,22.90,3.66,true,1,
5900020029669,false,פיטנס - חטיף דגנים פירות יער 23.50 גרם * 6,קבוצת אוסם סחר שותפות מוגבלת,,,יח`,23.50,גרם,false,1,18.30,77.87,true,1,
5900020032539,false,מארז חטיף פיטנס שוקולד 8 X 23.5 גרם,קבוצת אוסם סחר שותפות מוגבלת,,,יח`,140,גרם,false,1,17.50,12.50,true,1,
5900020039590,false,פיטנס חטיף דגנים קלאסי 6.8*23.5גר פרווה,קבוצת אוסם סחר-שות.מוגבלת,,,יח`,141,גרם,false,1,17.50,12.41,true,1,
5900020039620,false,פיטנס חטיף דגנים שקדים ודבש פרווה 8 6*23 ג,קבוצת אוסם סחר שותפות מוגבלת,,,יח`,141,גרם,false,1,17.50,12.41,true,1,
5900020041142,false,קורנפלקס פיטנס 500 ג' אסם,קבוצת אוסם סחר-שות.מוגבלת,,,יח`,500,גרם,false,1,13.90,2.78,true,1,
5900352002576,false,ממתק ג`לי אוכמניות מצופה שוקולד190 גרם,יעד ממתקים בעמ,,,יח`,190,גרם,false,1,10.90,5.74,false,1,
5900627066715,false,טבליות למדיח פיניש הכל ב-1 100 יח,רקיט בנקיזר (ניר איסט) בעמ,,,יח`,1,,false,1,61.90,61.90,false,1,
5901414200411,false,בלזן היט מיני ביסקוויט סנדוויץ' עם מילוי קרם בטעם שוקולד 130 גרם,ליימן שליסל בע`מ,,,יח`,130,גרם,false,1,8.40,6.46,false,1,
5901888020546,false,FREEYU חטיף דגנים עם קינואה ומלח ים 70 גרם,"דנשר (1963) בע,מ",,,יח`,70,גרם,false,1,13.90,19.86,false,1,
5901888020560,false,חטיף דגנים עם קינואה בטעם עשבי תיבול 70ג FREEYU,"דנשר (1963) בע,מ",,,יח`,70,גרם,false,1,13.90,19.86,false,1,
5902198160403,false,XL משקה אנרגיה מוגז ללא סוכר עד 10 קלוריות לפחית 250 מל,"טמפו משקאות בע""\מ",,,יח`,250,"מ""ל",false,1,4.90,1.84,true,1,
5906485301012,false,משקה אנרגיה XL מוגז פחית 250 מל,טמפו משקאות בע`מ,,,יח`,250,"מ""ל",false,1,4.90,1.84,true,1,
6009188004828,false,קיט קאט צ`אנקי לבן 40 גר`,קבוצת אוסם סחר שותפות מוגבלת,,,יח`,40,גרם,false,1,3.90,9.75,false,1,
6111094000273,false,דארי קוסקוס שעורה 500 גרם,תומר יבוא ושיווק מוצרי מזון (1,,,יח`,500,גרם,false,1,10.90,2.18,false,1,
6901022100409,false,ג'ינג'ר כתוש לירון 100 גרם,ביג פוד כחול לבן בעמ*שיק 30 יו,,,יח`,100,גרם,false,1,6,6,false,1,
6901022100416,false,שום כתוש לירון 100 גרם,ביג פוד כחול לבן בעמ*שיק 30 יו,,,יח`,100,גרם,false,1,6,6,false,1,
6901022100584,false,רצועות פלפלים אדומים קלויים,ביג פוד כחול לבן בעמ*שיק 30 יו,,,יח`,350,גרם,false,1,13.90,3.97,false,1,
6901022100591,false,רצועות מיקס פלפלים קלויים,ביג פוד כחול לבן בעמ*שיק 30 יו,,,יח`,350,גרם,false,1,13.90,3.97,false,1,
7038513866304,false,גורדן מברשת בייבי T50 סופט סטפ בי סטפ,דנשר (1963) בעמ,,,יח`,1,,false,1,11.50,11.50,true,1,
7038513866328,false,גורדן מברשת ילדים 6-9 סופט סטפ בי סטפ,דנשר (1963) בעמ,,,יח`,1,,false,1,11.50,11.50,true,1,
7038516140357,false,מברשת שיניים ג'ורדן טוטל סופט מארז 4 יחידות,מיוצר במלזיה עבור ג',,,יח`,1,,false,1,21.40,21.40,true,1,
7046110071519,false,משחת שיניים לילדים לשיני חלב 2-6 ג`ורדון,דנשר (1963) בעמ,,,יח`,1,,false,1,12.90,12.90,true,1,
7271730901261,false,ווקי מאק ארוחת אטריות עם גבינה 156 גרם,ניו וורלד פסטה קומפנ,,,יח`,156,גרם,false,1,11.90,7.63,false,1,
7290000000374,false,"פטריות שמפיניון בד""ץ (רביבים)",ביכורי השדה צפון 1994 ג.ד. בעמ,,,יח`,1,,false,1,10.10,10.10,true,1,
7290000000459,false,פסטרמה לבן עם פלפל/ג,"ולדמן ביח""ר לנקניק ו",,,יח`,1,,false,1,6,6,false,1,
7290000000794,false,סלרי אמריקאי קצוץ,ביכורי השדה צפון 1994 ג.ד. בעמ,,,יח`,1,,false,1,5.90,5.90,false,1,
7290000023083,false,ערק אשקלון בקבוק 700,טמפו משקאות בע`מ,,,יח`,700,"מ""ל",false,1,50.90,7.23,false,1,
7290000023809,false,קלאסיק קברנה סובניון יקבי ברקן (750 מל),יקבי ברקן שיווק והפצה בע,,,יח`,750,"מ""ל",false,1,33.90,4.48,true,1,
7290000024202,false,רזרב קברנה סובניון יקבי ברקן (750 מל),ברקן שיווק והפצה בעמ,,,יח`,750,"מ""ל",false,1,45.90,6.08,true,1,
7290000040080,false,יופלה יוגורט אפרסק %3 גביע 150 גרם,"תנובה בע""מ ***",,,יח`,150,"מ""ל",false,1,5.20,3.47,false,1,
7290000040318,false,גבינת עדי ברי 24% קולאז` (125 גרם)קולקש,תנובה מרכז שיתופי לש,,,יח`,125,גרם,false,1,18.90,15.12,false,1,
7290000040974,false,חלב 2% דל לקטוז בקרטון תנובה (1 ליטר),תנובה מרכז שיתופי לש,,,יח`,1,1 ליטר,false,1,7.20,7.20,false,1,
7290000041407,false,"גיל קטן 3% תנובה 125 מ""ל בד""ץ",תנובה מרכז שיתופי לש,,,יח`,125,"מ""ל",false,1,0.95,0.76,false,1,
7290000041858,false,"שמנת חמוצה 15% מועשרת יטבתה 200 מ""ל",שטראוס גרופ בעמ/מצונן,,,יח`,200,"מ""ל",false,1,2.60,1.30,false,1,
7290000042015,false,חלב 3% בשקית בדצ תנובה (1 ליטר)פיקוח,תנובה מרכז שיתופי לש,,,יח`,1,1 ליטר,false,1,5.43,5.43,false,1,
7290000042435,false,חלב דל שומן 1% בקרטון תנובה (1 ליטר)פיק,תנובה מרכז שיתופי לש,,,יח`,1000,"מ""ל",false,1,5.86,0.59,false,1,
7290000042640,false,"חלב תנובה עמיד 3% קרטון 250 מ""ל",תנובה מרכז שיתופי לש,,,יח`,250,"מ""ל",false,1,2.60,1.04,false,1,
7290000042855,false,"שוקו בשקית 250 מ""ל ""יטבתה""",שטראוס גרופ בעמ/מצונן,,,יח`,225,"מ""ל",false,1,2.60,1.16,false,1,
7290000043012,false,"שוקו עמיד 2% בקרטון 250 מ""ל תנובה",תנובה מרכז שיתופי לש,,,יח`,250,"מ""ל",false,1,4.70,1.88,false,1,
7290000043111,false,תנובה חמאה 200 גרם - מוצר בפיקוח,תנובה מרכז שיתופי לש,,,יח`,200,גרם,false,1,7.80,3.90,false,1,
7290000043814,false,השף הלבן שמנת להקצפה 38% שומן 250 מל - מוצר בפיקוח,תנובה מרכז שיתופי לש,,,יח`,250,"מ""ל",false,1,6.47,2.59,false,1,
7290000043890,false,תנובה רויון לבן מחלב מפסוטר 1.5%,תנובה מרכז שיתופי לש,,,יח`,1,1 ליטר,false,1,11.50,11.50,false,1,
7290000044712,false,יוגורט עם תות 1.5% שומן 500 ג' פרילי,מיוצר עי קונדיטוריית,,,יח`,500,"מ""ל",false,1,10.90,2.18,false,1,
7290000045580,false,גבינה מותכת נעמה חורש תנובה 240 גרם,תנובה מרכז שיתופי לש,,,יח`,240,גרם,false,1,18.60,7.75,false,1,
7290000046020,false,"גלבוע 22% שקילה}גבנ""צ{*.",תנובה מרכז שיתופי לש,,,"ק""ג",1000,גרם,true,1,42.58,4.26,false,1,
7290000046327,false,גלבוע גבינה צהובה פרוסה 22% תנובה 200 גרם,תנובה מרכז שיתופי לש,,,יח`,200,גרם,false,1,13.20,6.60,false,1,
7290000047546,false,השף הלבן כנען גבינה לבנה דלת נתרן 5% תנובה 500 גרם,תנובה מרכז שיתופי לש,,,יח`,500,גרם,false,1,24.90,4.98,false,1,
7290000047621,false,גבינה לבנה רכה 5% תנובה 250ג' מהדרין,תנובה מרכז שיתופי לש,,,יח`,250,גרם,false,1,4.98,1.99,false,1,
7290000048185,false,גבינה לבנה 5% תנובה 250 גרם מהדרין,מיוצר עי קונדיטוריית,,,יח`,250,גרם,false,1,4.98,1.99,false,1,
7290000048413,false,גבינה חמד (25016% גרם)פיראוס תנובה,תנובה מרכז שיתופי לש,,,יח`,250,גרם,false,1,17.90,7.16,false,1,
7290000048437,false,גבינת צפתית (2005% גרם)פיראוס תנובה,פארייפאבה אגרואינדוס,,,יח`,200,גרם,false,1,15.90,7.95,false,1,
7290000049458,false,גבינה בולגרית עיזים (25016% גרם)פיראוס,תנובה מרכז שיתופי לש,,,יח`,250,גרם,false,1,28.50,11.40,false,1,
7290000050447,false,"יוגורט ביו בטעם תות YYY יופלה 500 מ""ל",מיוצר עי קונדיטוריית,,,יח`,1,1 ליטר,false,1,12.90,12.90,false,1,
7290000050454,false,יוגורט יופלה אפרסק 3% שומן 500 גרם,מיוצר עי קונדיטוריית,,,יח`,500,"מ""ל",false,1,12.90,2.58,false,1,
7290000051307,false,"מארז הפסקת אוכל עם דגני עוגי ומשקה חלב עמיד בטעם וניל 150 מ""ל",תנובה מרכז שיתופי לש,,,יח`,150,"מ""ל",false,1,9.90,6.60,false,1,
7290000051352,false,חלב מלא בטעם של פעם 3.4% תנובה קרטון 1 ל',תנובה מרכז שיתופי לש,,,יח`,1,1 ליטר,false,1,7.70,7.70,false,1,
7290000051376,false,יוגורט יופלה דיאט אננס 0% שומן 150 גרם,תנובה מרכז שיתופי לש,,,יח`,150,"מ""ל",false,1,5.20,3.47,false,1,
7290000051710,false,פיראוס גבינת לאבנה אסלית על בסיס יוגורט תנובה 263 גרם,"תנובה, מחלבת אלון תב",,,יח`,263,גרם,false,1,14.20,5.40,false,1,
7290000051956,false,טל העמק 9% חריץ תנובה,תנובה - חלב,,,"ק""ג",1000,גרם,true,1,82,8.20,false,1,
7290000052311,false,גבינה צהובה עמק לייט 15% שומן 200 גרם,תנובה מרכז שיתופי לש,,,יח`,200,גרם,false,1,16.30,8.15,false,1,
7290000052649,false,לאבנה אסלית (5005% גרם)פיראוס תנובה,תנובה מרכז שיתופי לש,,,יח`,500,גרם,false,1,20.90,4.18,false,1,
7290000052946,false,מארז יוגורט יופלה לבן מעודן בדצ 8*150,תנובה מרכז שיתופי לש,,,יח`,1.20,1 ליטר,false,1,20.90,17.42,false,1,
7290000053219,false,טל העמק חריץ 32% במשקל,תנובה מרכז שיתופי לש,,,"ק""ג",1000,גרם,true,1,55,5.50,false,1,
7290000053981,false,מאגדת יופלה 4*תות 150ג 4*אפרסק 150ג בדצ,תנובה מרכז שיתופי לש,,,יח`,1.20,1 ליטר,false,1,27.90,23.25,false,1,
7290000055015,false,פיראוס גבינת פטה כבשים 5% תנובה 250 גרם,תנובה מרכז שיתופי לש,,,יח`,250,גרם,false,1,27.90,11.16,false,1,
7290000055329,false,"משקה בוקר יוגורט 1.5% בטעם תות מלון יופלה 250 מ""ל",תנובה מרכז שיתופי לש,,,יח`,250,גרם,false,1,5.90,2.36,false,1,
7290000055336,false,"משקה יוגורט 1.5% בטעם בננה אפרסק יופלה 250 מ""ל",תנובה מרכז שיתופי לש,,,יח`,250,גרם,false,1,5.90,2.36,false,1,
7290000055343,false,משקה יוגורט יופלה פירות טרופיים 250 גרם,תנובה מרכז שיתופי לש,,,יח`,250,גרם,false,1,5.90,2.36,false,1,
7290000055350,false,גבינה צהובה חריץ עמק 28% במשקל,תנובה מרכז שיתופי לש,,,"ק""ג",1000,גרם,true,1,44.79,4.48,false,1,
7290000056081,false,מארז יוגורט פרילי טבע 6*200 גרם,מיוצר עי קונדיטוריית,,,יח`,1200,גרם,false,1,22.90,1.91,false,1,
7290000056753,false,עמק קלאסית 28% שומן 200 גרם פרוס בדצ בקופסא,תנובה - חלב,,,יח`,200,גרם,false,1,15.90,7.95,false,1,
7290000056883,false,שמיניית יוגורט יופלה 3% טעמים שונים 150 גרם,תנובה מרכז שיתופי לש,,,יח`,1200,"מ""ל",false,1,29.90,2.49,false,1,
7290000056906,false,מאגדת לבן טבעי 1.5% שומן 8 יח' * 150 ג' יופלה,מחלבת אלון תבור,,,יח`,1200,"מ""ל",false,1,17.90,1.49,false,1,
7290000056951,false,"תנובה, השף הלבן, שמנת לבישול 15% שומן 500 מל",תנובה מרכז שיתופי לש,,,יח`,500,"מ""ל",false,1,15.90,3.18,false,1,
7290000057088,false,עמק גבינה צהובה פרוסה דק דק 28% תנובה 200 גרם,תנובה מרכז שיתופי לש,,,יח`,200,גרם,false,1,16.30,8.15,false,1,
7290000057118,false,גבינה צהובה עמק 28% שומן ואקום 400 גרם,תנובה מרכז שיתופי לש,,,יח`,400,גרם,false,1,22.20,5.55,false,1,
7290000057132,false,יוגורט תנובה טבעי 1.5% גביע 200 גרם,מחלבת אלון תבור,,,יח`,200,גרם,false,1,3.20,1.60,false,1,
7290000057149,false,יוגורט תנובה טבעי 3% גביע 200 גרם,מיוצר עי קונדיטוריית,,,יח`,200,גרם,false,1,3.20,1.60,false,1,
7290000057453,false,עמק פיקוח 28% חריץ צהובה בדצ,תנובה - חלב,,,"ק""ג",1000,גרם,true,1,44.79,4.48,false,1,
7290000057552,false,יופלה דיאט עוגת גבינה ותות 0% גביע 150ג',תנובה - חלב,,,יח`,150,גרם,false,1,5.20,3.47,false,1,
7290000058030,false,"שמיניית יופלה שטוזים משקה יוגורט תות 100 מ""ל",מיוצר עי קונדיטוריית,,,יח`,1,,false,1,20.90,20.90,false,1,
7290000058047,false,שמנת להקצפה 38% 500מל מהדרין עמיד השף הלבן,תנובה מרכז שיתופי לש,,,יח`,500,"מ""ל",false,1,12.94,2.59,false,1,
7290000060088,false,בייגלה מקלות עם מלח אסם (400 גרם),קבוצת אוסם סחר שותפות מוגבלת,,,יח`,400,גרם,false,1,11.50,2.88,false,1,
7290000060163,false,פסטה אסם אטריות דקות 400גר,קבוצת אוסם סחר שותפות מוגבלת,,,יח`,400,גרם,false,1,8.50,2.13,true,1,
7290000060200,false,פסטה אסם פתיתים אפויים קוסקוס 500גר,קבוצת אוסם סחר שותפות מוגבלת,,,יח`,500,גרם,false,1,7.70,1.54,true,1,
7290000060217,false,פסטה מקרוני מספר 7 אסם (500 גרם),קבוצת אוסם סחר שותפות מוגבלת,,,יח`,500,גרם,false,1,6.10,1.22,true,1,
7290000060248,false,פסטה אסם פתיתים תלתלים 500 גר',קבוצת אוסם סחר שותפות מוגבלת,,,יח`,500,גרם,false,1,6.10,1.22,true,1,
7290000060408,false,פסטה אסם פתיתים אפויים טבעות 500 גר,קבוצת אוסם סחר שותפות מוגבלת,,,יח`,500,גרם,false,1,7.70,1.54,true,1,
7290000060576,false,פתיתים אפויים כוכבים אסם (500 גרם),קבוצת אוסם סחר שותפות מוגבלת,,,יח`,500,גרם,false,1,7.70,1.54,true,1,
7290000060781,false,פרומנטי פתיתים מסולסלים אוסם,קבוצת אוסם סחר שותפות מוגבלת,,,יח`,500,גרם,false,1,6.10,1.22,true,1,
7290000060828,false,פסטה קרניים בינוניות אסם (500 גרם),קבוצת אוסם סחר שותפות מוגבלת,,,יח`,500,גרם,false,1,6.10,1.22,true,1,
7290000060842,false,פסטה אסם פתיתים צדפים גדולים 500גר,קבוצת אוסם סחר שותפות מוגבלת,,,יח`,500,גרם,false,1,6.10,1.22,true,1,
7290000060859,false,פסטה אסם פתיתים צדפים קטנים 500גר,קבוצת אוסם סחר-שות.מוגבלת,,,יח`,500,גרם,false,1,6.10,1.22,true,1,
7290000060880,false,פסטה ספגטי מספר 8 אסם 500 גרם,קבוצת אוסם סחר שותפות מוגבלת,,,יח`,500,גרם,false,1,6.10,1.22,true,1,
7290000060903,false,פסטה אסם פתיתים אפויים אורז 500גר,קבוצת אוסם סחר שותפות מוגבלת,,,יח`,500,גרם,false,1,7.70,1.54,true,1,
7290000060958,false,אטריות מובחרות בינוניות אסם (400 גרם),קבוצת אוסם סחר שותפות מוגבלת,,,יח`,400,גרם,false,1,8.50,2.13,true,1,
7290000060965,false,פסטה אסם אטריות רחבות 400גר,קבוצת אוסם סחר שותפות מוגבלת,,,יח`,400,גרם,false,1,8.50,2.13,true,1,
7290000060972,false,פסטה אסם אטריות דקיקות 400 גרם,קבוצת אוסם סחר-שות.מוגבלת,,,יח`,400,גרם,false,1,8.50,2.13,true,1,
7290000061061,false,קרקר חיטה עם בצל אסם,קבוצת אוסם סחר שותפות מוגבלת,,,יח`,250,גרם,false,1,11.20,4.48,true,1,
7290000061085,false,"רוטב צילי מתוק 290 מ""ל-בקבוק",קבוצת אוסם סחר שותפות מוגבלת,,,יח`,290,"מ""ל",false,1,13.50,4.66,true,1,
7290000061108,false,"רוטב טריאקי 290 מ""ל-בקבוק",קבוצת אוסם סחר שותפות מוגבלת,,,יח`,290,"מ""ל",false,1,13.20,4.55,true,1,
7290000061245,false,עוגיות שוקוצ'יפס במילוי שוקולד אסם 220 גרם,קבוצת אוסם סחר-שות.מוגבלת,,,יח`,220,גרם,false,1,13.20,6,false,1,
7290000061450,false,פתיתים אפויים קוסקוס 3 צבעים אסם 500 גרם,קבוצת אסם סחר שות. מוגבלת,,,יח`,500,גרם,false,1,7.70,1.54,true,1,
7290000061764,false,קפה נמס מגורען רד מאג 200 גרם,קבוצת אוסם סחר שותפות מוגבלת,,,יח`,200,גרם,false,1,19.90,9.95,false,1,
7290000062952,false,אוסם - מיני קרוטונים למרק ולסלט 250 גרם,קבוצת אוסם סחר שותפות מוגבלת,,,יח`,250,גרם,false,1,17.30,6.92,false,1,
7290000063140,false,שקדי מרק רכיבים טבעיים בשקית 400 ג' אסם,קבוצת אוסם סחר שותפות מוגבלת,,,יח`,400,גרם,false,1,13.20,3.30,true,1,
7290000063157,false,"קמח עוגה תופח מאליו אסם 1 ק""ג",קבוצת אוסם סחר שותפות מוגבלת,,,יח`,1,"ק""ג",false,1,11.20,11.20,false,1,
7290000064758,false,קוסקוס בינוני אמיתי אסם 350 ג',קבוצת אוסם סחר שותפות מוגבלת,,,יח`,350,גרם,false,1,9.10,2.60,false,1,
7290000064871,false,"אוסם - מנה חמה פירה תפו""א עם בצל 56 גרם",קבוצת אוסם סחר שותפות מוגבלת,,,יח`,56,גרם,false,1,7.50,13.39,true,1,
7290000065090,false,מיני קרוטונים מתובלים למרק ולסלט אסם 400 גרם,קבוצת אוסם סחר שותפות מוגבלת,,,יח`,400,גרם,false,1,27.50,6.88,false,1,
7290000065540,false,אוסם - מנה חמה פסטה מוקרמת בטעם עוף 55 גרם,קבוצת אוסם סחר שותפות מוגבלת,,,יח`,55,גרם,false,1,7.50,13.64,true,1,
7290000065557,false,אוסם - מנה חמה קוסקוס עם ירקות 84 גרם,קבוצת אוסם סחר שותפות מוגבלת,,,יח`,62,גרם,false,1,7.50,12.10,true,1,
7290000066141,false,ביסלי חטיף בטעם גריל אסם (70 גרם),קבוצת אוסם סחר שותפות מוגבלת,,,יח`,70,גרם,false,1,4,5.71,true,1,
7290000066196,false,ביסלי חטיף בטעם גריל אסם (200 גרם),קבוצת אוסם סחר שותפות מוגבלת,,,יח`,200,גרם,false,1,9.10,4.55,true,1,
7290000066264,false,דובונים חטיף תפוחי אדמה אסם (40 גרם),קבוצת אוסם סחר שותפות מוגבלת,,,יח`,40,גרם,false,1,5.80,14.50,true,1,
7290000066295,false,במבה מתוקה מחומרים טבעיים 30 גרם,קבוצת אוסם סחר שותפות מוגבלת,,,יח`,30,גרם,false,1,3,10,false,1,
7290000066318,false,במבה חטיף בוטנים אסם 80 גרם,קבוצת אוסם סחר שותפות מוגבלת,,,יח`,80,גרם,false,1,4.40,5.50,true,1,
7290000066332,false,אפרופו חטיף תירס אסם (50 גרם),קבוצת אוסם סחר שותפות מוגבלת,,,יח`,50,גרם,false,1,5.70,11.40,true,1,
7290000066431,false,פופקו חטיף פופקורן בטעם חמאה ודבש אסם 80 גרם,קבוצת אוסם סחר שותפות מוגבלת,,,יח`,80,גרם,false,1,6.10,7.63,true,1,
7290000067599,false,מנה חמה ספגטי ברוטב בולונז אסם 65 גרם,קבוצת אוסם סחר שותפות מוגבלת,,,יח`,65,גרם,false,1,7.50,11.54,true,1,
7290000067735,false,פרפקטו ניוקי בצקיות תפוחי אדמה 500 ג' אסם,קבוצת אוסם סחר שותפות מוגבלת,,,יח`,500,גרם,false,1,13.90,2.78,false,1,
7290000068138,false,אינסטנט פודינג בטעם וניל אסם 80 גרם,קבוצת אוסם סחר שותפות מוגבלת,,,יח`,80,גרם,false,1,5.90,7.38,false,1,
7290000068343,false,אסם פריכונים פרוסות קלויות מלא,קבוצת אוסם סחר שותפות מוגבלת,,,יח`,140,גרם,false,1,9.90,7.07,false,1,
7290000069609,false,חטיפי קרקר בטעם זעתר אסם (300 גרם),קבוצת אסם סחר שות. מוגבלת,,,יח`,300,גרם,false,1,13.20,4.40,true,1,
7290000070308,false,אבקת מרק עוף אמיתי בשרי אסם 400 גרם,קבוצת אוסם סחר שותפות מוגבלת,,,יח`,400,גרם,false,1,20.40,5.10,false,1,
7290000070322,false,אבקת מרק פטריות רכיבים טבעיים אסם 400 גרם,קבוצת אוסם סחר שותפות מוגבלת,,,יח`,400,גרם,false,1,24.90,6.23,true,1,
7290000070353,false,אבקת מרק בצל רכיבים טבעיים אסם 400 גרם,קבוצת אוסם סחר שותפות מוגבלת,,,יח`,400,גרם,false,1,24.90,6.23,true,1,
7290000070919,false,בייגלה רשתות עם מלח אסם (400 גרם),קבוצת אוסם סחר שותפות מוגבלת,,,יח`,400,גרם,false,1,14.20,3.55,false,1,
7290000072241,false,"רוטב פיצה 290 מ""ל-בקבוק",קבוצת אוסם סחר שותפות מוגבלת,,,יח`,290,"מ""ל",false,1,13.20,4.55,true,1,
7290000072623,false,קטשופ אסם בקבוק לחיץ 750 גרם,קבוצת אוסם סחר שותפות מוגבלת,,,יח`,750,גרם,false,1,11.90,1.59,true,1,
7290000072630,false,קטשופ אסם חריף 750 גרם-בקבוק,קבוצת אוסם סחר שותפות מוגבלת,,,יח`,750,גרם,false,1,13.20,1.76,false,1,
7290000072753,false,קפה נמס מגורען טסטרס צ'ויס 200 גרם-,קבוצת אוסם סחר שותפות מוגבלת,,,יח`,200,גרם,false,1,29.90,14.95,false,1,
7290000072777,false,קפה נמס מגורען נטול קפאין טסטרס צ'ויס 200 גרם,קבוצת אוסם סחר שותפות מוגבלת,,,יח`,200,גרם,false,1,36.90,18.45,false,1,
7290000072968,false,דגני בוקר סיני מיניס חיטה מלאה וקינמון נסטלה 500 גרם,קבוצת אוסם סחר-שות.מוגבלת,,,יח`,375,גרם,false,1,22.90,6.11,true,1,
7290000073415,false,אוסם - מנה חמה פסטה ברוטב פיצה 61 גרם,קבוצת אוסם סחר שותפות מוגבלת,,,יח`,61,גרם,false,1,7.50,12.30,true,1,
7290000073750,false,מנה חמה נודלס אטר+ירקות טעם עוף 70 גרם,קבוצת אוסם סחר שותפות מוגבלת,,,יח`,70,גרם,false,1,8.50,12.14,true,1,
7290000073767,false,מנה חמה נודלס אטר.+ירקות טעם בקר 70 גרם,קבוצת אוסם סחר שותפות מוגבלת,,,יח`,70,גרם,false,1,8.50,12.14,true,1,
7290000073774,false,מנה חמה נודלס אטר+ירקות טעם צילי 70 גרם,קבוצת אוסם סחר שותפות מוגבלת,,,יח`,76,גרם,false,1,8.50,11.18,true,1,
7290000074153,false,ביסקוויט פתי בר שוקולד אסם (500 גרם),קבוצת אוסם סחר שותפות מוגבלת,,,יח`,500,גרם,false,1,12.90,2.58,false,1,
7290000074184,false,ביסקוויט פתי בר אסם (500 גרם),קבוצת אוסם סחר שותפות מוגבלת,,,יח`,500,גרם,false,1,12.20,2.44,true,1,
7290000074245,false,אוסם - קרם קרקר אסם 250 גרם,קבוצת אוסם סחר שותפות מוגבלת,,,יח`,250,גרם,false,1,11.20,4.48,true,1,
7290000074276,false,קרקר פיקנטי טבעון 250 ג' אסם,קבוצת אוסם סחר שותפות מוגבלת,,,יח`,250,גרם,false,1,11.20,4.48,true,1,
7290000074375,false,אוסם - קרקר זהב 150 גרם,קבוצת אוסם סחר שותפות מוגבלת,,,יח`,150,גרם,false,1,8.40,5.60,true,1,
7290000074481,false,קרקר לחמית אגוזים אסם (160 גרם),קבוצת אסם סחר שות. מוגבלת,,,יח`,160,גרם,false,1,12.20,7.63,false,1,
7290000074696,false,"קרם קרקר 1 ק""ג אוסם",קבוצת אוסם סחר שותפות מוגבלת,,,יח`,1,"ק""ג",false,1,30.50,30.50,false,1,
7290000074764,false,קרקר זהב אסם (900 גרם),קבוצת אוסם סחר שותפות מוגבלת,,,יח`,900,גרם,false,1,30.50,3.39,false,1,
7290000075204,false,קרקר לחמית חיטה מלאה אסם (250 גרם),קבוצת אוסם סחר שותפות מוגבלת,,,יח`,250,גרם,false,1,10,4,false,1,
7290000075693,false,עוגת הבית שמרים בריוש שוקולד אסם 360 גרם,קבוצת אסם סחר שות. מוגבלת,,,יח`,360,גרם,false,1,19.30,5.36,false,1,
7290000076126,false,אוסם - בייגלה שמיניות קטנות 80 גרם,קבוצת אוסם סחר שותפות מוגבלת,,,יח`,80,גרם,false,1,3.60,4.50,false,1,
7290000076133,false,בייגלה שמיניות קטנות עם מלח אסם 400 גרם,קבוצת אוסם סחר שותפות מוגבלת,,,יח`,400,גרם,false,1,10.10,2.53,false,1,
7290000077017,false,עוגיות קרמוגית במילוי קרם שוקולד אסם 200 גרם,קבוצת אוסם סחר שותפות מוגבלת,,,יח`,200,גרם,false,1,13.20,6.60,false,1,
7290000079233,false,קרם קרקר דיאטטי דל נתרן 250 גרם,קבוצת אוסם סחר שותפות מוגבלת,,,יח`,250,גרם,false,1,12.20,4.88,true,1,
7290000080765,false,פת קלויה טוסטעים עם שומשום אסם (100 גרם),קבוצת אוסם סחר שותפות מוגבלת,,,יח`,100,גרם,false,1,11.20,11.20,false,1,
7290000081663,false,"בייגלה טבעות שומשום אסם 300 גרם בד""ץ",קבוצת אוסם סחר שותפות מוגבלת,,,יח`,300,גרם,false,1,10.10,3.37,false,1,
7290000100128,false,פירות קפואים תות 300 גר`סנפרוסט,תנובה ענף ב.ע.ד,,,יח`,300,גרם,false,1,17.30,5.77,false,1,
7290000100135,false,פירות קפואים סנפרוסט דובדבן 300 גר,תנובה ענף ב.ע.ד,,,יח`,300,גרם,false,1,16.90,5.63,false,1,
7290000101132,false,לקט קטניות לחמין סנפרוסט 800 גר,תנובה ענף ב.ע.ד,,,יח`,800,גרם,false,1,21.40,2.68,false,1,
7290000101934,false,מיקס פירות יער מוקפאים 300 גר סנפרוסט,תנובה ענף ב.ע.ד,,,יח`,300,גרם,false,1,16.90,5.63,false,1,
7290000101941,false,אננס חתוך מוקפא סנפרוסט (300 גרם),תנובה ענף ב.ע.ד,,,יח`,300,גרם,false,1,16.90,5.63,false,1,
7290000101958,false,מנגו חתוך מוקפא סנפרוסט (300 גרם),תנובה ענף ב.ע.ד,,,יח`,300,גרם,false,1,16.90,5.63,false,1,
7290000103365,false,מרק ירקות עשיר סנפרוסט (550 גרם),תנובה מרכז שיתופי לשיווק תוצרת,,,יח`,560,גרם,false,1,19.40,3.46,false,1,
7290000103433,false,"לקט ירקות לתנור 800 גרם ""סנפרוסט""",תנובה מרכז שיתופי לשיווק תוצרת,,,יח`,800,גרם,false,1,23.40,2.93,false,1,
7290000103815,false,לקט להקפצה בסגנון תאילנדי סנפרוסט 800 גרם,תנובה מרכז שיתופי לשיווק תוצרת,,,יח`,800,גרם,false,1,25.50,3.19,false,1,
7290000103846,false,מרק אפונה עשיר בירקות סנפרוסט (572 גרם),תנובה מרכז שיתופי לשיווק תוצרת,,,יח`,572,גרם,false,1,19.40,3.39,false,1,
7290000104188,false,שעועית אדומה מוקפאת מבושלת מוכנה לאכילה,תנובה מרכז שיתופי לשיווק תוצרת,,,יח`,800,גרם,false,1,21.40,2.68,false,1,
7290000104201,false,אפונה עדינה מוקפאת סנפרוסט (600 גרם),תנובה ענף ב.ע.ד,,,יח`,600,גרם,false,1,20.90,3.48,false,1,
7290000104218,false,סנפרוסט במיה 600 גרם,תנובה מרכז שיתופי לשיווק תוצרת,,,יח`,600,גרם,false,1,19.30,3.22,false,1,
7290000104676,false,אפונה קפואה סנפרוסט 800 גרם,תנובה מרכז שיתופי לשיווק תוצרת,,,יח`,800,גרם,false,1,17.30,2.16,false,1,
7290000104683,false,שעועית ירוקה שלמה סנפרוסט (800 גרם),תנובה מרכז שיתופי לשיווק תוצרת,,,יח`,800,גרם,false,1,23.40,2.93,false,1,
7290000104706,false,גזר גמדי מוקפא סנפרוסט (800 גרם),תנובה מרכז שיתופי לשיווק תוצרת,,,יח`,800,גרם,false,1,20.30,2.54,false,1,
7290000104713,false,פול ירוק קפוא סנפורסט 800 גרם,תנובה מרכז שיתופי לשיווק תוצרת,,,יח`,800,גרם,false,1,27.50,3.44,false,1,
7290000104720,false,שעועית ירוקה חתוכה סנפרוסט (800 גרם),תנובה מרכז שיתופי לשיווק תוצרת,,,יח`,800,גרם,false,1,21.40,2.68,false,1,
7290000104744,false,כרובית מוקפאת סנפרוסט (800 גרם),תנובה מרכז שיתופי לשיווק תוצרת,,,יח`,800,גרם,false,1,27.60,3.45,false,1,
7290000104751,false,כרוב ניצנים סנפרוסט (800 גרם),תנובה מרכז שיתופי לשיווק תוצרת,,,יח`,800,גרם,false,1,27.50,3.44,false,1,
7290000104768,false,עלי תרד סנפרוסט (800 גרם),תנובה מרכז שיתופי לשיווק תוצרת,,,יח`,800,גרם,false,1,28.60,3.58,false,1,
7290000104775,false,תרד מדליונים סנפרוסט 800 גרם,תנובה מרכז שיתופי לשיווק תוצרת,,,יח`,800,גרם,false,1,28.60,3.58,false,1,
7290000104799,false,שעועית לבנה מבושלת סנפרוסט (800 גרם),תנובה מרכז שיתופי לשיווק תוצרת,,,יח`,800,גרם,false,1,21.40,2.68,false,1,
7290000104805,false,גרגרי חומוס מבושלים סנפרוסט (800 גרם),תנובה מרכז שיתופי לשיווק תוצרת,,,יח`,800,גרם,false,1,21.40,2.68,false,1,
7290000104829,false,קלחי תירס חתוכים סנפרוסט 1 קילו,תנובה מרכז שיתופי לשיווק תוצרת,,,יח`,1,"ק""ג",false,1,22.50,22.50,false,1,
7290000104836,false,שעועית ירוקה עדינה שלמה סנפרוסט 600 גרם,תנובה מרכז שיתופי לשיווק תוצרת,,,יח`,600,גרם,false,1,24.40,4.07,false,1,
7290000104874,false,לקט מוקפא לקוסקוס סנפרוסט (800 גרם),תנובה מרכז שיתופי לשיווק תוצרת,,,יח`,800,גרם,false,1,24.50,3.06,false,1,
7290000104881,false,לקט אפונה וגזר מוקפאים סנפרוסט (800 גרם),תנובה מרכז שיתופי לשיווק תוצרת,,,יח`,800,גרם,false,1,18.30,2.29,false,1,
7290000104911,false,לקט נורמנדי מוקפא סנפרוסט (800 גרם),תנובה מרכז שיתופי לשיווק תוצרת,,,יח`,800,גרם,false,1,17.90,2.24,false,1,
7290000106526,false,לקט חגיגה ירוקה להקפצה 800 גרם סנפרוסט,תנובה ענף ב.ע.ד,,,יח`,800,גרם,false,1,25.50,3.19,false,1,
7290000107165,false,חטיף סויה אדממה סנפרוסט (400 גרם),תנובה מרכז שיתופי לשיווק תוצרת,,,יח`,400,גרם,false,1,15.30,3.83,false,1,
7290000107295,false,תפרחות ברוקולי סנפרוסט 800 גרם,תנובה מרכז שיתופי לשיווק תוצרת,,,יח`,800,גרם,false,1,27.50,3.44,false,1,
7290000111117,false,מרכך כביסה לבן בדין (4 ליטר),יוניליוור ישראל שיווק בע`מ,,,יח`,4,1 ליטר,false,1,19.90,4.98,false,1,
7290000111186,false,"מיונז אמיתי תלמה 500 גרם בד""צ","יוניליוור ישראל שיווק בע""מ",,,יח`,500,גרם,false,1,10.90,2.18,true,1,
7290000111384,false,חרדל אמיתי בצנצנת 550 ג' תלמה,יוניליוור ישראל שיווק בע`מ,,,יח`,550,גרם,false,1,9.90,1.80,false,1,
7290000112220,false,טחינה גולמית שומשום טהור בארכה 500 גרם,קבוצת אוסם סחר שותפות מוגבלת,,,יח`,500,גרם,false,1,14.90,2.98,true,1,
7290000112497,false,מרק עשיר עוף אטריות קנור 75 גרם - שקיות,יוניליוור ישראל שיווק בע`מ,,,יח`,75,גרם,false,1,10.90,14.53,false,1,
7290000112619,false,אבקת מרק עוף אמיתי קנור 400 ג' כשלפ,יוניליוור ישראל שיווק בע`מ,,,יח`,400,גרם,false,1,26.50,6.63,false,1,
7290000116204,false,"אבקת מרק דגש בטעם עוף 1ק""ג קנור","יוניליוור ישראל שיווק בע""מ",,,יח`,1,"ק""ג",false,1,18.30,18.30,false,1,
7290000116884,false,"רוטב ברביקיו קנור 300 גרם בד""צ",יוניליוור ישראל שיווק בע`מ,,,יח`,300,"מ""ל",false,1,13.90,4.63,false,1,
7290000117720,false,נמס בכוס פטריות קנור 21.5 גרם מארז זוגי,יוניליוור ישראל שיווק בע`מ,,,יח`,43,גרם,false,1,7.60,17.67,false,1,
7290000120836,false,מיונז אמיתי הלמנס (394 גרם),"יוניליוור ישראל שיווק בע""מ",,,יח`,433,גרם,false,1,14.20,3.28,false,1,
7290000120874,false,מיונז הלמנס לייט מופחת קלוריות 424ג,"יוניליוור ישראלשיווק בע""מ",,,יח`,476,גרם,false,1,14.20,2.98,false,1,
7290000129457,false,אבקת רוטב פטריות קנור 28 ג' שקית,יוניליוור ישראל שיווק בע`מ,,,יח`,28,גרם,false,1,5.40,19.29,false,1,
7290000129785,false,מרכך כביסה ירוק בדין (4 ליטר),יוניליוור ישראל שיווק בע`מ,,,יח`,4,1 ליטר,false,1,19.90,4.98,false,1,
7290000134123,false,"פלפל שחור טחון 40 גרם ""טעם וריח""",תבליני טעם וריח בעמ,,,יח`,40,גרם,false,1,9.90,24.75,false,1,
7290000134314,false,פיצה תערובת תיבול 120 גרם מיכל גדול,"תבליני טעם וריח בע""מ",,,יח`,120,גרם,false,1,9.90,8.25,true,1,
7290000134338,false,אבקת שום בקופ' 90 גר' טעם וריח,"תבליני טעם וריח בע""מ",,,יח`,90,גרם,false,1,9.90,11,true,1,
7290000134352,false,קינמון טחון בקופ' 90 גר' טעם וריח,"תבליני טעם וריח בע""מ",,,יח`,90,גרם,false,1,9.90,11,true,1,
7290000134376,false,פפריקה בשמן בקופ' 90 גר' טעם וריח,"תבליני טעם וריח בע""מ",,,יח`,90,גרם,false,1,9.90,11,true,1,
7290000134758,false,"תיבול לתפו""א בקופ' 100 גר' טעם וריח","תבליני טעם וריח בע""מ",,,יח`,100,גרם,false,1,9.90,9.90,true,1,
7290000134833,false,כמון טחון בקופ' 100 גר' טעם וריח,"תבליני טעם וריח בע""מ",,,יח`,100,גרם,false,1,9.90,9.90,true,1,
7290000134840,false,כורכום טחון בקופ' 100 גר' טעם וריח,"תבליני טעם וריח בע""מ",,,יח`,100,גרם,false,1,9.90,9.90,true,1,
7290000134857,false,פפריקה מתוקה בקופ' 100 גר' טעם וריח,"תבליני טעם וריח בע""מ",,,יח`,100,גרם,false,1,9.90,9.90,true,1,
7290000134864,false,פפריקה חריפה בקופ' 100 גר' טעם וריח,"תבליני טעם וריח בע""\מ",,,יח`,100,גרם,false,1,9.90,9.90,true,1,
7290000134871,false,פלפל שחור טחון בקופ' 100 גר' טעם וריח,"תבליני טעם וריח בע""מ",,,יח`,100,גרם,false,1,12.90,12.90,true,1,
7290000134970,false,חוואיג' בקופ' 100 גר' טעם וריח,"תבליני טעם וריח בע""מ",,,יח`,100,גרם,false,1,9.90,9.90,true,1,
7290000134987,false,פלפל שחור גרוס בקופ' 90 גר' טעם וריח,"תבליני טעם וריח בע""מ",,,יח`,90,גרם,false,1,12.90,14.33,true,1,
7290000135052,false,"XL TEN משקה אנרגיה מנגו ללא סוכר 250 מ""ל","טמפו משקאות בע""\מ",,,יח`,250,"מ""ל",false,1,4.90,1.84,true,1,
7290000135113,false,משקה אנרגיה אקסל נענע ליים ללס (250 מל,"טמפו משקאות בע""\מ",,,יח`,250,"מ""ל",false,1,4.90,1.84,true,1,
7290000135595,false,פפסי מקס בטעם דובדבן 1.5 ללא סוכר,"טמפו משקאות בע""\מ",,,יח`,1500,"מ""ל",false,1,8.60,0.57,false,1,
7290000136141,false,פפסי קולה 1.5 ליטר פיקדון,"טמפו משקאות בע""\מ",,,יח`,1.50,1 ליטר,false,1,9.90,6.40,true,1,
7290000136158,false,פפסי מקס משקה מוגז דל קלוריות בטעם קולה,"טמפו משקאות בע""\מ",,,יח`,1.50,1 ליטר,false,1,8.90,5.73,true,1,
7290000136165,false,מירינדה אורנג` 1.5 ליטר פיקדון,"טמפו משקאות בע""\מ",,,יח`,1.50,1 ליטר,false,1,9.90,6.40,true,1,
7290000136172,false,משקה 7UP בקבוק 1.5 ליטר פיקדון,"טמפו משקאות בע""\מ",,,יח`,1.50,1 ליטר,false,1,9.90,6.40,true,1,
7290000136189,false,משקה דיאט 7UP בקבוק 1.5 ליטר פיקדון,"טמפו משקאות בע""\ם.",,,יח`,1.50,1 ליטר,false,1,8.50,5.47,true,1,
7290000136240,false,סודה 1.5 ליטר שישייה בודד,"טמפו משקאות בע""\מ",,,יח`,1.50,1 ליטר,false,1,3,1.80,false,1,
7290000136288,false,"סירופ בטעם תפוחים ג'ויסר סיידר הגליל 330 מ""ל","טמפו משקאות בע""\מ",,,יח`,330,"מ""ל",false,1,15.90,4.82,false,1,
7290000136455,false,משקה בטעם אשכוליות תריסר 1.5 ל' ג'אמפ,"טמפו משקאות בע""\ם.",,,יח`,1.50,1 ליטר,false,1,7.50,4.80,true,1,
7290000136523,false,ג`אמפ משקה קל ענבים 1.5 ליטר פיקדון,"טמפו משקאות בע""\ם.",,,יח`,1.50,1 ליטר,false,1,7.50,4.80,true,1,
7290000136561,false,משקה בטעם תות בננה תריסר 1.5 ל' ג'אמפ,"טמפו משקאות בע""\מ",,,יח`,1.50,1 ליטר,false,1,7.50,4.80,true,1,
7290000136585,false,משקה בטעם תפוזים תריסר 1.5 ל' ג'אמפ,"טמפו משקאות בע""\ם.",,,יח`,1.50,1 ליטר,false,1,7.50,4.80,true,1,
7290000136646,false,בירה שחורה נשר מאלט בקבוק 1.5 ליטר,"טמפו משקאות בע""\מ",,,יח`,1.50,1 ליטר,false,1,9.90,6.40,false,1,
7290000136653,false,בירה שחורה נשר מאלט דיאט בקבוק 1.5ל`,"טמפו משקאות בע""\מ",,,יח`,1500,"מ""ל",false,1,9.90,0.64,false,1,
7290000136776,false,שישיית פפסי מקס דל קלוריות 1.5 ליטר,טמפו משקאות בע`מ,,,יח`,9,1 ליטר,false,1,38.90,4.12,false,1,
7290000136790,false,טמפו מי סודה 6*1.5 ליטר פיקדון,"טמפו משקאות בע""\מ",,,יח`,9,1 ליטר,false,1,18.90,1.90,true,1,
7290000136813,false,סודה בטעם אננס מארז רביעייה 1.5 ל' טמפו,טמפו משקאות בע''מn\,,,יח`,6,1 ליטר,false,1,12.90,1.95,false,1,
7290000136837,false,רביעיית מי סודה נגיעות אפרסק טמפו 1.5 ליטר,טמפו משקאות בע''מn\,,,יח`,6,1 ליטר,false,1,12.90,1.95,false,1,
7290000136868,false,סאן בנדטו - מים מינרלים - מארז שישיית 1.5 ליטר,אקווה מינרלה סאן בנדטו ב,,,יח`,9,1 ליטר,false,1,19.90,2.01,false,1,
7290000137513,false,גלידונית גלידה וניל בציפוי שוקולד 60 יח' קרמיסימו,"גלידת שטראוס בע""\מ, רחוב",,,יח`,700,גרם,false,1,52,7.43,false,1,
7290000143293,false,"הוואי - מרכך ילדים מתיר קשרים 700 מ""ל",טרופיקל דגיל,,,יח`,700,"מ""ל",false,1,8.90,1.27,false,1,
7290000144467,false,שמן חמניות מועשר בנוגדי חמצון 1 ל' עץ הזית,"נארז ע""י : א.ג. גילר",,,יח`,1,1 ליטר,false,1,17.90,17.90,true,1,
7290000144474,false,שמן עץ הזית קנולה 1 ליטר בריאות מהטבע,סוגת תעשיות בעמ,,,יח`,1,1 ליטר,false,1,16.90,16.90,true,1,
7290000146928,false,"משחת שיניים לילדים בטעם ענבים טום וג'רי 50 מ""ל",טרופיקל דגיל קוסמטיק,,,יח`,60,גרם,false,1,10.10,16.83,true,1,
7290000148380,false,פיסטוקים קלויים קליית גת (200 גרם),ליימן שליסל בעמ,,,יח`,200,גרם,false,1,19.90,9.95,false,1,
7290000148489,false,"קליית גת גרעיני דלעת קלויים,200 גרם",ליימן שליסל בעמ,,,יח`,200,גרם,false,1,9.90,4.95,false,1,
7290000148618,false,קשיו מטוגן שקית קליית גת 200 גרם,ליימן שליסל בעמ,,,יח`,200,גרם,false,1,18.90,9.45,false,1,
7290000148748,false,קליית גת גרעיני חמניה קלויים ומומלחים200,ליימן שליסל בעמ,,,יח`,200,גרם,false,1,6.90,3.45,false,1,
7290000148939,false,שקדים קלויים קליית גת (200 גרם),ליימן שליסל בעמ,,,יח`,200,גרם,false,1,15.90,7.95,false,1,
7290000149615,false,רביעיית סבון מוצק קלאסי לתינוק נקה 7 4*100 גרם,החברה הדרומית לשיווק בעמ,,,יח`,400,גרם,false,1,11.90,2.98,true,1,
7290000149905,false,טקסטיל שמפו נוזלי לאריגים עדינים1ליט,החברה הדרומית לשיווק בעמ,,,יח`,1,1 ליטר,false,1,13.90,13.90,false,1,
7290000158105,false,שניצל עוף מיני דינוזאור ללא אנטיביוטיקה מ100% ר.טבעי,קבוצת אסם סחר שות. מוגבלת,,,יח`,700,גרם,false,1,37.70,5.39,true,1,
7290000168630,false,קליק שקיות דג דג שוקלד חלבי דצ,יוניליוור ישראל שיווק בעמ,,,יח`,75,גרם,false,1,6.90,9.20,true,1,
7290000174723,false,שוקולית אבקה להכנת משקה שוקו 500 גרם,הנסיך- מפעל לייצור ט,,,יח`,500,גרם,false,1,13.20,2.64,false,1,
7290000176062,false,קפה טורקי בשקית 100 ג' עלית,שטראוס קפה בי.ויn\.,,,יח`,100,גרם,false,1,9.10,9.10,false,1,
7290000176079,false,קפה טורקי עם הל עלית (100 גרם),הנסיך- מפעל לייצור ט,,,יח`,100,גרם,false,1,10.90,10.90,false,1,
7290000176413,false,קפה נמס עלית פחית 50 גרם,הנסיך- מפעל לייצור ט,,,יח`,50,גרם,false,1,10.50,21,false,1,
7290000176420,false,קפה נמס פחית עלית 200 גרם,פיקסל אם.גי.אם בעמ,,,יח`,200,גרם,false,1,19.90,9.95,false,1,
7290000176475,false,קפה נמס נטול קפאין האג עלית (200 גרם),שטראוס גרופ בע`מ,,,יח`,200,גרם,false,1,38.10,19.05,false,1,
7290000178707,false,חטיף צ`יפס בטעם טבעי תפוצ`יפס (50 גרם),"שטראוס פריטו ליי בע""\מ )",,,יח`,50,גרם,false,1,4,8,false,1,
7290000178721,false,חטיף צ`יפס בטעם טבעי תפוצ`יפס (200 גרם),"שטראוס פריטו ליי בע""\מ )",,,יח`,200,גרם,false,1,11.50,5.75,true,1,
7290000185330,false,סילאן טבעי תמר כנרת 900 גר,תה ויסוצקי (ישראל) בעמ,,,יח`,900,גרם,false,1,24.90,2.77,true,1,
7290000188553,false,קוטקס מגן תחתון יאנג ביג 60 יחידות,קימברלי קלארק ישראל שיווק בעמ,,,יח`,1,יח`,false,1,16.90,16.90,false,1,
7290000189277,false,תבניות מלבניות עבות וחזקות ניקול 3 יחידות,קימברלי קלארק ישראל שיווק בעמ,,,יח`,1,,false,1,11.90,11.90,false,1,
7290000189598,false,מטליות לחות חד פעמיות לניקוי כללי 50 יח' ניקול,קימברלי קלארק ישראל שיווק בעמ,,,יח`,1,יח`,false,1,13.90,13.90,true,1,
7290000189659,false,מטליות לחות לרצפה ניקול 10 יח'-מרכז,קימברלי קלארק ישראל שיווק בעמ,,,יח`,1,יח`,false,1,15.90,15.90,true,1,
7290000189734,false,מטליות לחות לניקוי פרקט ניקול 10 יחידות,קימברלי קלארק ישראל שיווק בעמ,,,יח`,1,,false,1,23.90,23.90,true,1,
7290000191225,false,חיתולים ליטל בייביז מידה 2 האגיס 46 יחידות,קימברלי קלארק ישראל שיווק בעמ,,,יח`,1,,false,1,35.60,35.60,false,1,
7290000191645,false,"חיתולים האגיס ליטל בייביס ניו בורן שלב 1 עד 4 ק""ג",קימברלי קלארק ישראל שיווק בעמ,,,יח`,1,,false,1,30.90,30.90,false,1,
7290000193083,false,נובה-לי תחבושות היגייניות לילי 28 יחידות,קימברלי קלארק ישראל שיווק בעמ,,,יח`,1,,false,1,12.20,12.20,false,1,
7290000193205,false,תחבושות עם כנפיים ללילה נטורל לילי 20 יחידות,קימברלי קלארק ישראל שיווק בעמ,,,יח`,1,יח`,false,1,16.90,16.90,false,1,
7290000193472,false,מגן תחתון נטורל נורמל לילי 60 יחידות,קימברלי קלארק ישראל שיווק בעמ,,,יח`,1,יח`,false,1,16.90,16.90,false,1,
7290000193649,false,תחבושות עם כנפיים נורמל פלוס לילי 24 יחידות,קימברלי קלארק ישראל שיווק בעמ,,,יח`,1,יח`,false,1,16.90,16.90,false,1,
7290000193656,false,תחבושות עם כנפיים סופר פלוס לילי 24 יחידות,קימברלי קלארק ישראל שיווק בעמ,,,יח`,1,יח`,false,1,16.90,16.90,false,1,
7290000194837,false,ניקול - שקיות מזון + ידיות קשירה אקסטרה לארג' 200 יח',קימברלי קלארק ישראל שיווק בעמ,,,יח`,1,,false,1,14.90,14.90,false,1,
7290000195216,false,נייר אפייה בשקית ניקול 50 יחידות,קימברלי קלארק ישראל שיווק בעמ,,,יח`,1,,false,1,10.90,10.90,false,1,
7290000195537,false,האגיס - מגבוני האגיס דיילי קר לא מבושם 64 יח' * 4,קימברלי קלארק ישראל שיווק בעמ,,,יח`,1,,false,1,21.90,21.90,true,1,
7290000195773,false,האגיס - מגבוני האגיס סנסטיב קר לא מבושם 64 יח' * 4,קימברלי קלארק ישראל שיווק בעמ,,,יח`,1,,false,1,21.90,21.90,true,1,
7290000196763,false,"שקיות אשפה חזקות במיוחד עם שרוך 52 * 65 ס""מ ניקול 40 יחידות",קימברלי קלארק ישראל שיווק בעמ,,,יח`,1,יח`,false,1,29.90,29.90,false,1,
7290000197012,false,שקיות ריצ'רץ' אחסון למזון ניקול 15 יחידות,קימברלי קלארק ישראל שיווק בעמ,,,יח`,15,יח`,false,1,15.90,1.06,false,1,
7290000197029,false,שקיות ריצ'רץ' רב תכליתיות ניקול 12 יחידות,קימברלי קלארק ישראל שיווק בעמ,,,יח`,12,יח`,false,1,15.90,1.33,false,1,
7290000197463,false,חיתולים פרידום דריי שלב +4 האגיס 40 יחידות,קימברלי קלארק ישראל שיווק בעמ,,,יח`,1,,false,1,43.90,43.90,true,1,
7290000197548,false,חיתולים פרידום דריי שלב 5 האגיס 36 יחידות,קימברלי קלארק ישראל שיווק בעמ,,,יח`,1,,false,1,43.90,43.90,true,1,
7290000197678,false,חיתולי האגיס פרידום דריי שלב 6 30 יחידות,קימברלי קלארק ישראל שיווק בעמ,,,יח`,1,,false,1,43.90,43.90,true,1,
7290000201849,false,חיתולי פרימיום שלב 4 טיטולים) (40,קימברלי קלארק ישראל שיווק בעמ,,,יח`,1,,false,1,40.70,40.70,false,1,
7290000204239,false,ניקול מטליות ריצפה רביעיה,קימברלי קלארק ישראל שיווק בעמ,,,יח`,4,יח`,false,1,14.90,3.73,true,1,
7290000204253,false,מטליות רב שימושיות לניקיון ניקול 9 יחידות,קימברלי קלארק ישראל שיווק בעמ,,,יח`,9,יח`,false,1,13.90,1.54,true,1,
7290000204512,false,מטליות לחות לניקוי רצפה בריח לימון ניקול 10 יחידות,קימברלי קלארק ישראל שיווק בעמ,,,יח`,1,,false,1,15.90,15.90,true,1,
7290000207063,false,רסק עגבניות פריכוז 28% 240 גרם יכין,היינץ צפון אמריקה מק,,,יח`,240,גרם,false,1,5.90,2.46,false,1,
7290000207162,false,רוטב עגבניות מרכיב טבעי 100 ג' יכין,זנלכול יכין,,,יח`,100,גרם,false,1,3.50,3.50,true,1,
7290000208022,false,עגבניות 2.5 A מרוסקות 850 גרם יכין,זנלכול יכין,,,יח`,800,גרם,false,1,10.90,1.36,false,1,
7290000208077,false,אפונת גינה גדולה יכין (550 גרם),זנלכול יכין,,,יח`,550,גרם,false,1,9.50,1.73,true,1,
7290000208091,false,אפונה קטנה עדינה יכין 550 גרם,"זנלכל בע""\מ",,,יח`,550,גרם,false,1,10.90,1.98,false,1,
7290000208114,false,"אפונה וגזר יכין A2 פ""ק בית יוסף",זנלכול יכין,,,יח`,550,גרם,false,1,9.50,1.73,true,1,
7290000208138,false,סירופ דיאט בטעם ענבים יכין (1 ליטר),זנלכול יכין,,,יח`,1000,"מ""ל",false,1,17.90,1.79,false,1,
7290000208145,false,גרעיני תירס מתוק לייט 550 גרם יכין,זנלכול יכין,,,יח`,550,גרם,false,1,10.90,1.98,false,1,
7290000208213,false,שעועית לבנה אפויה A2 ברוטב עגבניות יכין 560ג',היינץ צפון אמריקה מק,,,יח`,580,גרם,false,1,10.50,1.81,true,1,
7290000208312,false,גרעיני תירס מתוק בואקום יכין 400 גר',"זנלכל בע""\מ",,,יח`,400,גרם,false,1,7.50,1.88,true,1,
7290000208329,false,גרעיני תירס מתוק יכין (550 גרם),זנלכול יכין,,,יח`,550,גרם,false,1,9.50,1.73,true,1,
7290000208336,false,רסק יכין 240גר 22% יכין בית יוסף,"זנלכל בע""\מ",,,יח`,240,גרם,false,1,5.50,2.29,true,1,
7290000208350,false,עגבניות מרוסקות עם בצל יכין (800 גרם),זנלכול יכין,,,יח`,800,גרם,false,1,10.90,1.36,false,1,
7290000208367,false,עגבניות מרוסקות בזיליקום יכין A2.5 בית יוסף,זנלכול יכין,,,יח`,800,גרם,false,1,10.90,1.36,false,1,
7290000208428,false,גרגרי חומוס שלם 550 גרם יכין,היינץ צפון אמריקה מק,,,יח`,550,גרם,false,1,10.50,1.91,true,1,
7290000208534,false,תירס קיד גרעיני תירס מתוק יכין (550 גרם),זנלכול יכין,,,יח`,550,גרם,false,1,10.90,1.98,false,1,
7290000208800,false,תירס קיד גרעיני תירס מתוק יכין (400 גרם),זנלכול יכין,,,יח`,340,גרם,false,1,7.50,2.21,false,1,
7290000208893,false,גרעיני תירס מתוק לייט 400 גרם יכין,היינץ צפון אמריקה מק,,,יח`,340,גרם,false,1,7.50,2.21,true,1,
7290000208930,false,עגבניות מרוסקות בתוספת שום 240 גרם יכין,זנלכול יכין,,,יח`,240,גרם,false,1,6.50,2.71,false,1,
7290000208947,false,עגבניות מרוסקות יכין (240 גרם),היינץ צפון אמריקה מק,,,יח`,240,גרם,false,1,6.50,2.71,false,1,
7290000208978,false,רוטב עגבניות (10028% גרם)פריכוז יכין,זנלכול יכין,,,יח`,100,גרם,false,1,4.10,4.10,false,1,
7290000209012,false,חומץ 1ליטר יכין הדרים,"זנלכל בע""\מ",,,יח`,1,1 ליטר,false,1,7.90,7.90,true,1,
7290000209371,false,מארז גרעיני תירס מתוק יכין (200x3 גרם),היינץ צפון אמריקה מק,,,יח`,600,גרם,false,1,15.90,2.65,false,1,
7290000209524,false,סירופ דיאט בטעם פטל יכין (1 ליטר),זנלכול יכין,,,יח`,1000,"מ""ל",false,1,17.90,1.79,false,1,
7290000209555,false,סירופ דיאט בטעם תפוחים יכין 1 ליטר,זנלכול יכין,,,יח`,1000,"מ""ל",false,1,17.90,1.79,false,1,
7290000209708,false,עגבניות מרוסקות עם בזיליקום יכין 240 גרם,היינץ צפון אמריקה מק,,,יח`,240,גרם,false,1,6.50,2.71,false,1,
7290000209722,false,רוטב עגבניות 28% יכין (580 גרם)פריכוז,"זנלכל בע""\מ",,,יח`,580,גרם,false,1,11.90,2.05,false,1,
7290000209913,false,עגבניות חתוכות לקוביות 240 גרם יכין,"זנלכל בע""\מ",,,יח`,240,גרם,false,1,6.50,2.71,false,1,
7290000209944,false,רוטב לעגבניות בסיס לשקשוקה 240 ג' יכין,"זנלכל בע""\מ",,,יח`,240,גרם,false,1,6.50,2.71,false,1,
7290000209951,false,רוטב עגבניות לפיצה 260 גרם יכין,"זנלכל בע""\מ",,,יח`,240,גרם,false,1,6.50,2.71,false,1,
7290000209968,false,רוטב עגבניות ללזניה יכין 240 גרם,זנלכול יכין,,,יח`,240,גרם,false,1,6.50,2.71,false,1,
7290000210469,false,עגבניות שלמות מקולפות יכין (800 גרם),זנלכול יכין,,,יח`,800,גרם,false,1,10.90,1.36,false,1,
7290000210896,false,רוטב לפסטה בולונז 240 גרם יכין,זנלכול יכין,,,יח`,240,גרם,false,1,6.90,2.88,false,1,
7290000211169,false,"אורז תאילנדי אחד אחד סוגת 1 ק""ג",האי נאם סי או אל.טי.,,,יח`,1,"ק""ג",false,1,7.90,7.90,true,1,
7290000211312,false,סוגת אורז מלא פרסי אחד אחד 1 קג,האי נאם סי או אל.טי.,,,יח`,1,"ק""ג",false,1,8.90,8.90,false,1,
7290000211381,false,"סוכר חום כהה בשקית סוגת 1 ק""ג","טונגט היולט שוגר בע""",,,יח`,1,"ק""ג",false,1,15.90,15.90,false,1,
7290000211442,false,אורז בסגנון פרסי קלאסי סוגת (1 קג),האי נאם סי או אל.טי.,,,יח`,1,"ק""ג",false,1,10.90,10.90,false,1,
7290000211503,false,סוכר לבן ארוז בשקית,"סוגת תעשיות בע""\מ",,,יח`,1,"ק""ג",false,1,4,4,false,1,
7290000211985,false,אורז עגול ריזוטו אחד אחד 1 קג,"סוגת תעשיות בע""\מ",,,יח`,1,"ק""ג",false,1,11.50,11.50,false,1,
7290000238029,false,"בצק עלים צרפתי מרודד מעדנות 1 ק""ג",תנובה מרכז שיתופי לשיווק תוצרת,,,יח`,1000,גרם,false,1,24.40,2.44,false,1,
7290000238036,false,מלאווח מעדנות 6 יח`700 גרם קפוא,תנובה מרכז שיתופי לשיווק תוצרת,,,יח`,700,גרם,false,1,18.30,2.61,false,1,
7290000238173,false,.בורקס במילוי גבינה 800 גרם מעדנות,מיוצר עי קונדיטוריית,,,יח`,800,גרם,false,1,24.80,3.10,false,1,
7290000238180,false,בורקס במילוי תפוא 800 גרם מעדנות,מיוצר עי קונדיטוריית,,,יח`,800,גרם,false,1,21.40,2.68,false,1,
7290000244280,false,משחת גילוח רגיל 80 מ,עיסא ערטול בעמ,,,יח`,80,גרם,false,1,10.10,12.63,false,1,
7290000244761,false,קרם ידיים ולוטה (80 גרם),טרופיקל דגיל קוסמטיק,,,יח`,80,"מ""ל",false,1,12.20,15.25,true,1,
7290000245089,false,סוד סופט מרכך כביסה סגול 4 ליטר,גורי שיווק בעמ,,,יח`,4,1 ליטר,false,1,17.90,4.48,false,1,
7290000245157,false,סוד סופט מרכך כביסה סנסיישן 4 ליטר,גורי שיווק בעמ,,,יח`,4,1 ליטר,false,1,17.90,4.48,false,1,
7290000245270,false,"פרסיל אבקה לכביסה רגיל שקית 1.25 ק""ג",גורי שיווק בעמ,,,יח`,1.25,"ק""ג",false,1,16.30,13.04,false,1,
7290000245782,false,סוד סופט מרכך כביסה ורוד 4 ליטר,גורי שיווק בעמ,,,יח`,4,1 ליטר,false,1,17.90,4.48,false,1,
7290000245799,false,סוד סופט מרכך כביסה כחול 4 ליטר,גורי שיווק בעמ,,,יח`,4,1 ליטר,false,1,17.90,4.48,false,1,
7290000262413,false,חיתולי האגיס אקסטרה קייר מידה 5 34 יחידות,קימברלי קלארק ישראל שיווק בעמ,,,יח`,1,,false,1,46.90,46.90,false,1,
7290000272696,false,מיץ לימון טבעי משומר 1 ליטר עסיס כלפ,קבוצת אוסם סחר שותפות מוגבלת,,,יח`,1,1 ליטר,false,1,10.10,10.10,false,1,
7290000272726,false,חומץ רכיבים רכיבים טבעיים 5% עסיס 1 ליטר,קבוצת אוסם סחר שותפות מוגבלת,,,יח`,1,1 ליטר,false,1,8.40,8.40,false,1,
7290000286228,false,ספוגיות לניקוי כללי סנו סושי 6 יחידות,החברה הדרומית לשיווק בעמ,,,יח`,6,יח`,false,1,12.90,2.15,true,1,
7290000286297,false,"אנטי קאלק מסיר אבנית מקומקום סנו 700 מ""ל",החברה הדרומית לשיווק בעמ,,,יח`,700,"מ""ל",false,1,10.90,1.56,true,1,
7290000286549,false,מטליות לניקוי כללי סנו סושי 9 יחידות,החברה הדרומית לשיווק בעמ,,,יח`,9,יח`,false,1,12.90,1.43,true,1,
7290000286594,false,אבקה לניקוי במיכל לימון X סנו 600 גרם,החברה הדרומית לשיווק בעמ,,,יח`,600,גרם,false,1,10.90,1.82,false,1,
7290000286761,false,ניילון נצמד סנו סושי פלסטיק מארז 30X2 מ',החברה הדרומית לשיווק בעמ,,,יח`,1,,false,1,12.90,12.90,true,1,
7290000286921,false,סנוקל רסס וכבס תרסיס אקדח 750 מ``ל,החברה הדרומית לשיווק בעמ,,,יח`,750,"מ""ל",false,1,13.90,1.85,true,1,
7290000287492,false,"סנובון נוזל לניקוי אסלות בריח לימון סנו 750 מ""ל",החברה הדרומית לשיווק בעמ,,,יח`,750,"מ""ל",false,1,11.90,1.59,true,1,
7290000287621,false,"אנטי קאלק נוזל לניקוי אסלות סנו 750 מ""ל",החברה הדרומית לשיווק בעמ,,,יח`,750,"מ""ל",false,1,12.90,1.72,true,1,
7290000288024,false,סנו - ז'אוול אקונומיקה בריח לימון 4 ליטר,החברה הדרומית לשיווק בעמ,,,יח`,4000,"מ""ל",false,1,17.90,0.45,false,1,
7290000288031,false,"אקונומיקה תו תקן 4 ליטר ""סנו""",החברה הדרומית לשיווק בעמ,,,יח`,4,1 ליטר,false,1,12.20,3.05,false,1,
7290000288048,false,ז`אוול מרסס לניקוי כללי לבנדר סנו (1 ליט,החברה הדרומית לשיווק בעמ,,,יח`,1,1 ליטר,false,1,19.90,19.90,true,1,
7290000288079,false,סנו - ז'אוול אקונומיקה לימון 2 ליטר,החברה הדרומית לשיווק בעמ,,,יח`,2,1 ליטר,false,1,10.90,5.45,true,1,
7290000288642,false,מקסימה מרכך כביסה סנסיטיב בייבי סנו 4 ליטר,החברה הדרומית לשיווק בעמ,,,יח`,4,1 ליטר,false,1,22.40,5.60,true,1,
7290000289069,false,סנו - ז'אוול מרסס קצף ניקוי בתוספת אקונומיקה בריח לימון 1 ליטר,החברה הדרומית לשיווק בעמ,,,יח`,1,1 ליטר,false,1,19.90,19.90,true,1,
7290000289472,false,סנו סושי רב שקית שקיות אשפה90*76 50י,החברה הדרומית לשיווק בעמ,,,יח`,1,,false,1,18.90,18.90,false,1,
7290000289496,false,"סנו - ז'אוול ג'ל קרם לניקוי כללי לימון 750 מ""ל",החברה הדרומית לשיווק בעמ,,,יח`,750,"מ""ל",false,1,11.90,1.59,false,1,
7290000289595,false,"אורביטול משחת שיניים לילדים בטעם תות שדה 145 מ""ל",טרופיקל דגיל תעשיות קוסמ,,,יח`,145,גרם,false,1,8.90,6.14,false,1,
7290000289748,false,"מסיר שומנים לתנורים פורטה פלוס סנו 750 מ""ל",החברה הדרומית לשיווק בעמ,,,יח`,750,"מ""ל",false,1,14.90,1.99,true,1,
7290000291857,false,פוליויקס נוזל רצפות בניחוח גולדן סאנרייז סנו 2 ליטר,החברה הדרומית לשיווק בעמ,,,יח`,2,1 ליטר,false,1,21.90,10.95,true,1,
7290000292533,false,סנו גל לניקוי כללי על בסיס שמן אורנים 1ל,החברה הדרומית לשיווק בעמ,,,יח`,1,1 ליטר,false,1,17.90,17.90,false,1,
7290000292564,false,סנו K-2000 תרסיס מיקרו קפסולרי ללא ריח 750 מ”ל,החברה הדרומית לשיווק בעמ,,,יח`,750,"מ""ל",false,1,30.90,4.12,true,1,
7290000292915,false,רסס ונגב לניקוי כללי תרסיס סנו (750 מל),החברה הדרומית לשיווק בעמ,,,יח`,750,"מ""ל",false,1,15.90,2.12,true,1,
7290000293820,false,"קרמה מן שמפו וג'ל גל רחצה אקטיב בלוק 700מ""ל",החברה הדרומית לשיווק בעמ,,,יח`,700,"מ""ל",false,1,16,2.29,true,1,
7290000293943,false,"מרסס לבן מסיר אבנית 1 ליטר אנטי קאלק ""סנו""",החברה הדרומית לשיווק בעמ,,,יח`,1,1 ליטר,false,1,20.90,20.90,true,1,
7290000294773,false,אקונומיקה בריח לבנדר סנו ז'אוול 4 ליטר,החברה הדרומית לשיווק בעמ,,,יח`,4000,"מ""ל",false,1,17.90,0.45,false,1,
7290000294780,false,אקונומיקה סמיכה בריח לימון סנו ז'אוול 4 ליטר,החברה הדרומית לשיווק בעמ,,,יח`,4000,"מ""ל",false,1,17.90,0.45,false,1,
7290000295299,false,סנו סושי כריות הפלא רב תכלתיות רביעייה,החברה הדרומית לשיווק בעמ,,,יח`,1,,false,1,10.90,10.90,true,1,
7290000295367,false,"מקסימה אבקת כביסה אפקט ז'אוול סנו 2.5 ק""ג",החברה הדרומית לשיווק בעמ,,,יח`,2.50,"ק""ג",false,1,25.90,10.36,true,1,
7290000295503,false,זוג שקיות מזון טבע 19*25 סנו סושי 150 יחידות,החברה הדרומית לשיווק בעמ,,,יח`,1,,false,1,15.90,15.90,false,1,
7290000295558,false,"רדיד אלומיניום רוחב 30 ס""מ סנו סושי 2 יח' 7.5 מטר",החברה הדרומית לשיווק בעמ,,,יח`,1,,false,1,12.90,12.90,true,1,
7290000295565,false,"רדיד אלומיניום רוחב 45 ס""מ סנו 2 יח' 7.5 מטר",החברה הדרומית לשיווק בעמ,,,יח`,1,,false,1,18.90,18.90,true,1,
7290000295794,false,ספוגיות מתכת אל חלד לניקוי סנו 3 יחידות,החברה הדרומית לשיווק בעמ,,,יח`,1,,false,1,10.90,10.90,true,1,
7290000300900,false,שניצל תירס מרכיבים טבעיים טבעול 750 גרם,קבוצת אוסם סחר שותפות מוגבלת,,,יח`,750,גרם,false,1,25.40,3.39,true,1,
7290000303581,false,פול מצרי פרי הגליל 560 גרם,ויטה- פרי גליל (החדשה) בעמ,,,יח`,560,גרם,false,1,6.90,1.23,false,1,
7290000311128,false,עוגיות מובחרות בטעם חמאה מן (300 גרם),רוקחמן בעמ מפעל לייצור ופלים ו,,,יח`,300,גרם,false,1,8.90,2.97,true,1,
7290000311180,false,ופל ופליתעשיריות מן 250 גרם מארז 10 יחידות,ח.כהן סוכנות מזון ומשקאות בע,,,יח`,250,גרם,false,1,8.40,3.36,false,1,
7290000311203,false,"וופלים בטעם שוקולד ""מן"" 200 גרם",רוקחמן בעמ מפעל לייצור ופלים ו,,,יח`,200,גרם,false,1,5.50,2.75,false,1,
7290000311210,false,"וופלים בטעם לימון ""מן"" 200 גרם",רוקחמן בעמ מפעל לייצור ופלים ו,,,יח`,200,גרם,false,1,5.50,2.75,false,1,
7290000311227,false,"וופלים במילוי קרם קפה ""מן"" 200 גרם",ח.כהן סוכנות מזון ומשקאות בע,,,יח`,200,גרם,false,1,5.50,2.75,false,1,
7290000311234,false,וופל מן בטעם וניל 200 גרם,ח.כהן סוכנות מזון ומשקאות בע,,,יח`,200,גרם,false,1,5.50,2.75,false,1,
7290000311258,false,מן וופל מצופה שוקולד 250 גרם,"רוקחמן בע""מ",,,יח`,250,גרם,false,1,6.90,2.76,false,1,
7290000311319,false,"מן וופלים מצופים 10 יח' 1 ק""ג",רוקחמן בעמ מפעל לייצור ופלים ו,,,יח`,1,"ק""ג",false,1,26.90,26.90,false,1,
7290000311357,false,מן וופלים בטעם אגוזים 10*28 גר-נ.ל.פ,ח.כהן סוכנות מזון ומשקאות בע,,,יח`,280,גרם,false,1,12.90,4.61,false,1,
7290000311364,false,מן וופלים שוקולד טייק 1 מן 10*21 גרם,רוקחמן בעמ,,,יח`,210,גרם,false,1,8.40,4,false,1,
7290000311425,false,ופל מצופה עשיריות מן 220 גרם מארז 10 יחידות,רוקחמן בעמ מפעל לייצור ופלים ו,,,יח`,200,גרם,false,1,9.90,4.95,false,1,
7290000311432,false,עוגיות גרנולה קינמון ללא תוספת סוכר 200ג,"רוקחמן בע""מ",,,יח`,200,גרם,false,1,10.90,5.45,false,1,
7290000311470,false,מיני ופלים בטעם שוקולד ללא סוכר מן 200 גרם,"רוקחמן בע""מ",,,יח`,200,גרם,false,1,10.90,5.45,false,1,
7290000311500,false,וופלים מן שוקו ללא כולסטרול 500 גרם,רוקחמן בעמ מפעל לייצור ופלים ו,,,יח`,500,גרם,false,1,10.90,2.18,false,1,
7290000311517,false,מן וופלים בטעם לימון 500 גרם,ח.כהן סוכנות מזון ומשקאות בע,,,יח`,500,גרם,false,1,10.90,2.18,false,1,
7290000311708,false,מן עוגיות מחיטה מלאה 300 גרם*נ.ל.פ,רוקחמן בעמ מפעל לייצור ופלים ו,,,יח`,300,גרם,false,1,8.90,2.97,true,1,
7290000311715,false,מן עוגיות כוכבים בטעם שוקולד 300 גרם*נ.ל.פ,רוקחמן בעמ מפעל לייצור ופלים ו,,,יח`,300,גרם,false,1,8.90,2.97,true,1,
7290000311722,false,"עוגיות בטעם וניל עם כוכבים ""מן"" 300 גרם",רוקחמן בעמ מפעל לייצור ופלים ו,,,יח`,300,גרם,false,1,8.90,2.97,true,1,
7290000311746,false,עוגיות בטעם קרמל מן (300 גרם),"רוקחמן בע""מ",,,יח`,300,גרם,false,1,8.90,2.97,true,1,
7290000311753,false,עוגיות חיטה מלאה בטעם חלווה מן 250 גר',רוקחמן בעמ מפעל לייצור ופלים ו,,,יח`,250,גרם,false,1,8.90,3.56,true,1,
7290000311869,false,מן-וופלים בטעם שוק ללא תוספת סוכר 180ג,רוקחמן בעמ מפעל לייצור ופלים ו,,,יח`,180,גרם,false,1,9.50,5.28,false,1,
7290000311883,false,עוגיות גרנולה ללא תוספת סוכר מן 200 גרם,רוקחמן בעמ מפעל לייצור ופלים ו,,,יח`,200,גרם,false,1,10.90,5.45,false,1,
7290000313160,false,זהבה ושלושת הדובים עוגיות בטעם שוקולד אסם 350 גרם,קבוצת אוסם סחר שותפות מוגבלת,,,יח`,250,גרם,false,1,8.90,3.56,false,1,
7290000313290,false,אסם נודלס נודלס איטריות מסולסלות 200גר,קבוצת אוסם סחר שותפות מוגבלת,,,יח`,200,גרם,false,1,9.90,4.95,false,1,
7290000315133,false,קנור ציר בקר משחתי 300ג,יוניליוור ישראל שיווק בע`מ,,,יח`,300,גרם,false,1,27.50,9.17,false,1,
7290000318127,false,נקניקיות ביס יחיעם (380 גרם),מעדני יחיעם (1993) בעמ,,,יח`,380,גרם,false,1,11.20,2.95,false,1,
7290000318677,false,נקניק סלמי סרוולט יחיעם 150 גרם,מעדני יחיעם (1993) בעמ,,,יח`,150,גרם,false,1,25.40,16.93,false,1,
7290000318943,false,פסטרמה של פעם מעושן 1.5% יחיעם 200 גרם,מעדני יחיעם ( 1993 ) בע`מ,,,יח`,200,גרם,false,1,25.40,12.70,false,1,
7290000319063,false,כתף בקר מפולפל יחיעם 150 גרם,מעדני יחיעם (1993) בעמ,,,יח`,150,גרם,false,1,25.40,16.93,false,1,
7290000319124,false,סלמי סרוולט מאפ יחיעם 250 גרם,מעדני יחיעם ( 1993 ) בע`מ,,,יח`,250,גרם,false,1,35.60,14.24,false,1,
7290000319131,false,נקניקיות עוף יחיעם 400 גרם,מעדני יחיעם (1993) בעמ,,,יח`,400,גרם,false,1,11.90,2.98,true,1,
7290000319292,false,"נקנקיות וינר פלוס יחיעם 10 /ק""ג",מעדני יחיעם (1993) בעמ,,,יח`,1000,גרם,false,1,21.40,2.14,false,1,
7290000319520,false,נקניק סלמי צרפתי יחיעם 100 גרם,מעדני יחיעם (1993) בעמ,,,יח`,100,גרם,false,1,20.30,20.30,false,1,
7290000319834,false,קבנוס פפרוני יחיעם (125 גרם),מעדני יחיעם ( 1993 ) בע`מ,,,יח`,125,גרם,false,1,14.20,11.36,false,1,
7290000334745,false,"ציפס אמריקאי דקדק תפוגן 1.5 ק""ג",קבוצת אוסם סחר שותפות מוגבלת,,,יח`,1.50,"ק""ג",false,1,25.90,17.27,false,1,
7290000339566,false,מרכך כביסה ורוד בדין (4 ליטר),יוניליוור ישראל שיווק בע`מ,,,יח`,4,1 ליטר,false,1,19.90,4.98,false,1,
7290000345055,false,תה עלים ארל גריי ויסוצקי 100 גרם,תה ויסוצקי (ישראל) בעמ,,,יח`,100,גרם,false,1,15.20,15.20,false,1,
7290000345260,false,תה קלאסיק מעטפות ויסוצקי 25 יחידות,תה ויסוצקי (ישראל) בעמ,,,יח`,37.50,גרם,false,1,8,21.33,false,1,
7290000345284,false,תה ויסוצקי קלאסי אריזה ירוקה מרובעת (100 שקיקים),תה ויסוצקי (ישראל) בעמ,,,יח`,150,גרם,false,1,17.30,11.53,false,1,
7290000345291,false,תה ארל גרי 1.5/ 25 שקיקים ויסוצקי,תה ויסוצקי (ישראל) בעמ,,,יח`,37.50,גרם,false,1,17.30,46.13,false,1,
7290000345307,false,תה ארל גרי 1.5/ 50 שקיקים ויסוצקי,תה ויסוצקי (ישראל) בעמ,,,יח`,75,גרם,false,1,27.90,37.20,true,1,
7290000345536,false,תה נענע 1.5/ 25 שקיקים ויסוצקי,תה ויסוצקי (ישראל) בעמ,,,יח`,37.50,גרם,false,1,18.10,48.27,false,1,
7290000346205,false,חליטת קמומיל הגן הקסום ויסוצקי 25 יחידות,תה ויסוצקי (ישראל) בעמ,,,יח`,37.50,גרם,false,1,17.90,47.73,true,1,
7290000347738,false,תה ירוק בתוספת עלי נענע 25 שקיקים,תה ויסוצקי (ישראל) בעמ,,,יח`,37.50,גרם,false,1,27.90,74.40,true,1,
7290000347752,false,תה ירוק לימונית ולואיזה 25 שקיקים *1.5 ג'' ויסוצקי,תה ויסוצקי (ישראל) בעמ,,,יח`,1,,false,1,27.90,27.90,true,1,
7290000364261,false,"דקניקים, סלסולי פסטרמה כתף בקר מעושנת 120 גרם",תנובה מרכז שיתופי לשיווק תוצרת,,,יח`,120,גרם,false,1,17.30,14.42,true,1,
7290000364278,false,דקניקים סלסולי סלמי איטלקי משובח טירת צבי 120 גרם,תנובה מרכז שיתופי לשיווק תוצרת,,,יח`,120,גרם,false,1,17.30,14.42,true,1,
7290000364285,false,דקניקים סלסולי פסטרמה הודו טירת צבי 120 גרם,תנובה מרכז שיתופי לשיווק תוצרת,,,יח`,120,גרם,false,1,17.30,14.42,true,1,
7290000364292,false,דקניקים סלסולי פסטרמה הודו על גחלים 1% טירת צבי 120 גרם,תנובה מרכז שיתופי לשיווק תוצרת,,,יח`,120,גרם,false,1,17.30,14.42,true,1,
7290000364803,false,נקניקיות בקר אמריקאיות טירת צבי 500 גרם,הנסיך- מפעל לייצור ט,,,יח`,500,גרם,false,1,30.50,6.10,false,1,
7290000364810,false,נקניקיות עגל 500 גרםטירת צבי,הנסיך- מפעל לייצור ט,,,יח`,500,גרם,false,1,30.50,6.10,false,1,
7290000364858,false,"נקניקיות עוף טרי טירת צבי 1 ק""ג",הנסיך- מפעל לייצור ט,,,יח`,1,"ק""ג",false,1,23.90,23.90,true,1,
7290000364872,false,נקניקיות עוף טירת צבי (400 גרם),טיב טירת צבי 2000,,,יח`,400,גרם,false,1,15.20,3.80,true,1,
7290000367590,false,פסטרמה כפרית וסלמי פריזר כפרי טירת צבי 2*400 גרם,תנובה מרכז שיתופי לשיווק תוצרת,,,יח`,800,גרם,false,1,37.70,4.71,true,1,
7290000369341,false,לבנה אבו גוש ירוק15%משקל,גבינות אמיר ניצן בעמ,,,"ק""ג",1000,גרם,true,1,51,5.10,false,1,
7290000369365,false,מעדן גבינה בולגרית עם חציל 9% ניצן 200 גרם,גבינות אמיר ניצן בעמ,,,יח`,200,גרם,false,1,15.20,7.60,false,1,
7290000369617,false,מעדן כדורי פטה בשמן מתובל ניצן 230 גרם,גבינות אמיר ניצן בעמ,,,יח`,230,גרם,false,1,18.30,7.96,false,1,
7290000369709,false,חמאה עירונית בתוספת ריחן ושום טרי גבינות ניצן 100 גרם,גבינות אמיר ניצן בעמ,,,יח`,100,גרם,false,1,14.20,14.20,false,1,
7290000377209,false,בוטנים מטוגנים קליית גת (200 גרם),ליימן שליסל בעמ,,,יח`,200,גרם,false,1,7.90,3.95,false,1,
7290000377445,false,נש צ'אנס קליית גת 200 גרם,ליימן שליסל בעמ,,,יח`,200,גרם,false,1,8.90,4.45,false,1,
7290000379432,false,לחמניה אצבע אנג'ל 75 ג',שלמה א. אנג`ל בעמ,,,יח`,75,גרם,false,1,2.10,2.80,false,1,
7290000408316,false,יוגורט דנונה דל לקטוז 200 גרם,שטראוס גרופ בעמ/מצונן,,,יח`,200,"מ""ל",false,1,3.70,1.85,false,1,
7290000408354,false,יוגורט עם אורז מצופה שוקולד קקאו 175 ג' דנונה,שטראוס גרופ בעמ/מצונן,,,יח`,173,"מ""ל",false,1,4.50,2.60,false,1,
7290000416021,false,ממרח בטעם שוקולד השחר העולה (500 גרם),השחר העולה תעשית ממתקים בעמ,,,יח`,500,גרם,false,1,14.90,2.98,false,1,
7290000416045,false,ממרח בטעם שוקולד השחר העולה (1 קג),השחר העולה תעשית ממתקים בעמ,,,יח`,1,"ק""ג",false,1,25.90,25.90,true,1,
7290000416632,false,"ממרח שוקולד פרווה השחר 1 ק""ג כשל""פ",השחר העולה תעשית ממתקים בעמ,,,יח`,1,"ק""ג",false,1,25.90,25.90,true,1,
7290000416809,false,ממרח חצי חצי נוגט אגוזים וקרם חלב השחר 350ג',השחר העולה תעשית ממתקים בעמ,,,יח`,350,גרם,false,1,12.90,3.69,true,1,
7290000416922,false,השחר ממרח חלב 350 גרם,השחר העולה תעשית ממתקים בעמ,,,יח`,350,גרם,false,1,12.90,3.69,true,1,
7290000419220,false,לנדוור כחול המקורי קפה טחון טורקי 3*100 גרם 16 יח',ש.שסטוביץ בעמ,,,יח`,300,גרם,false,1,19.90,6.63,false,1,
7290000419909,false,לנדוור קפה שחור לבוקר טחון טורקי 100 גרם,מולינו ניקולי s.p.a,,,יח`,100,גרם,false,1,8.10,8.10,false,1,
7290000420325,false,"פופסטאר פופקורן למקירוגל בטעם טבעי 5 שקיות,500 גרם",פרסטון פארמס,,,יח`,500,גרם,false,1,18.50,3.70,true,1,
7290000420332,false,פופסטאר פופקורן למיקרוגל בטעם חמאה 5 יחידות 500 גרם,פרסטון פארמס,,,יח`,500,גרם,false,1,18.50,3.70,true,1,
7290000420417,false,גלילונית שקיות אשפה 52X65 עם שרוך 60 יחידות,"איטיליאן פוד, אס.פי.",,,יח`,1,,false,1,20.30,20.30,true,1,
7290000446547,false,חמאת בוטנים טבעית בטר אנד דיפרנט 350 גרם,"בטר אנד דיפרנט בע""מ",,,יח`,350,גרם,false,1,14.90,4.26,false,1,
7290000450209,false,נתחי טונה בהירה בשמן פוסידון (108 גרם),נטו מלינדה סחר בע`מ,,,יח`,108,גרם,false,1,7,6.48,false,1,
7290000453019,false,שמרים טריים לאפייה שקית שמרית 50 ג',שטראוס גרופ בעמ/מצונן,,,יח`,50,גרם,false,1,4.90,9.80,false,1,
7290000453125,false,שמרית שמרים טריים לאפיה +משפר אפיה 100ג,שטראוס גרופ בעמ/מצונן,,,יח`,100,גרם,false,1,7.90,7.90,false,1,
7290000453200,false,בלילה להכנת פנקייק עם רכיבים ביתיים,שטראוס גרופ בעמ/מצונן,,,יח`,750,"מ""ל",false,1,19.90,2.65,false,1,
7290000453408,false,בצק פיצה דק מצונן ומוכן לאפייה שמרית 415 גרם,שטראוס גרופ בעמ/מצונן,,,יח`,415,גרם,false,1,17.90,4.31,false,1,
7290000453415,false,בצק עלים מצונן ומוכן לאפייה שמרית 300 גרם,שטראוס גרופ בעמ/מצונן,,,יח`,300,גרם,false,1,17.90,5.97,false,1,
7290000453422,false,בצק פילו מצונן ומוכן לאפייה שמרית 300 גרם,שטראוס גרופ בעמ/מצונן,,,יח`,300,גרם,false,1,17.90,5.97,false,1,
7290000453484,false,בצק קדאיף לאפייה שמרית 350 גרם,שטראוס גרופ בעמ/מצונן,,,יח`,350,גרם,false,1,15.90,4.54,false,1,
7290000453866,false,נטורינה תחליף מרגרינה לבישול ואפיה קוקוס שמרית 200 גרם,שטראוס גרופ בעמ/מצונן,,,יח`,200,גרם,false,1,7.40,3.70,false,1,
7290000461625,false,בייגלה שמיניות מלח בייגל בייגל 400 ג',יוניליוור ישראל שיווק בע`מ,,,יח`,400,גרם,false,1,11.50,2.88,false,1,
7290000462103,false,סחוג תימני אדום חריף עדין זהבי הכרם 150 גרם,שטראוס גרופ בעמ/מצונן,,,יח`,150,גרם,false,1,8.90,5.93,false,1,
7290000462141,false,סחוג אדום תימני מקורי חריף מאוד זהבי 150 גרם,שטראוס גרופ בעמ/מצונן,,,יח`,150,גרם,false,1,9.10,6.07,false,1,
7290000462172,false,סחוג זחוק ירוק תימני חריף זהבי (150 גרם),שטראוס גרופ בעמ/מצונן,,,יח`,140,גרם,false,1,9.10,6.50,false,1,
7290000467153,false,מלך החומוס סמיר הגדול 400 גרם צבר,קבוצת אוסם סחר שותפות מוגבלת,,,יח`,400,גרם,false,1,15.20,3.80,false,1,
7290000474502,false,גבינה לבנה טרה 5% מרכיבים טבעיים,החברה המרכזית טלהפצת משקאות בע,,,יח`,250,גרם,false,1,4.98,1.99,false,1,
7290000474540,false,טוב טעם גבינה לבנה 3% טרה 250 גרם,החברה המרכזית טלהפצת משקאות בע,,,יח`,250,גרם,false,1,11.50,4.60,false,1,
7290000474830,false,נעם גבינה צהובה מגורדת 28% טרה 500 גרם,החברה המרכזית טלהפצת משקאות בע,,,יח`,500,גרם,false,1,34.60,6.92,false,1,
7290000480107,false,קוואקר שיבולת שועל פחית 500 גרם,שטראוס פריטו ליי בעמ,,,יח`,500,גרם,false,1,11.90,2.38,false,1,
7290000481029,false,10 פיתות בטעם ביתי דגנית עין בר,דגנית עין בר תעשיות מזון ואפיה,,,יח`,1000,גרם,false,1,9.90,0.99,false,1,
7290000481074,false,לחם משלושה קמחים מלאים 750 גר,דגנית עין בר תעשיות מזון ואפיה,,,יח`,750,גרם,false,1,15.90,2.12,false,1,
7290000481531,false,דגנית עין בר לחמניות אצבע מחיטה מלאה בשקית 750 ג',דגנית עין בר תעשיות מזון ואפיה,,,יח`,750,גרם,false,1,12.90,1.72,false,1,
7290000481883,false,דגנית עין בר מארז לחמניות 10 יח'*75 ג',דגנית עין בר תעשיות מזון ואפיה,,,יח`,750,גרם,false,1,12.90,1.72,false,1,
7290000481944,false,לחם דגנים קל דגנית עין בר (500 גרם),דגנית עין בר תעשיות מזון ואפיה,,,יח`,500,גרם,false,1,15.20,3.04,false,1,
7290000482033,false,שקיות לצליה בתנור ובמיקרוגל קוקי 5 יחידות,הנסיך- מפעל לייצור ט,,,יח`,1,,false,1,14.20,14.20,false,1,
7290000484747,false,"ארק עלית 700 מ""ל 40% יקב הגליל*",יקב הגליל יוסף גולד ובניו,,,יח`,700,"מ""ל",false,1,59.90,8.51,false,1,
7290000490625,false,שלגונים ציפוי שוקו מאגדת שמינייה 560 ג',פלקו בעמ חברה ישראלית,,,יח`,1,,false,1,26.50,26.50,false,1,
7290000490717,false,מאגדת גלית- שלגון חלבי בטעם וניל עם ציפו,הגלידות של פלדמן,,,יח`,1,,false,1,22.90,22.90,false,1,
7290000493176,false,אסם אבקת רוטב צלי לבשר 22 ג',קבוצת אוסם סחר שותפות מוגבלת,,,יח`,22,גרם,false,1,6.10,27.73,false,1,
7290000493183,false,אבקת רוטב פטריות לבשר-30 גרם,קבוצת אוסם סחר שותפות מוגבלת,,,יח`,30,גרם,false,1,5.40,18,false,1,
7290000497044,false,לחם אקטיב ברמן (750 גרם),מאפית י את א ברמן בע,,,יח`,750,גרם,false,1,15.90,2.12,false,1,
7290000497112,false,"לחם כהה פרוס וארוז ""ברמן""-מוצר בפיקוח",מאפית י את א ברמן בע,,,יח`,750,גרם,false,1,6.90,0.92,false,1,
7290000497198,false,מארז פיתות עשירייה אסלי,מאפית י את א ברמן בע,,,יח`,1000,גרם,false,1,10.90,1.09,false,1,
7290000497228,false,לחמניה רגילה בשקית ברמן 6יח',מאפית י את א ברמן בע,,,יח`,450,גרם,false,1,10.90,2.42,true,1,
7290000497273,false,לחמניות אקטיב ברמן שישייה 450 גרם,מאפית י את א ברמן בע,,,יח`,450,גרם,false,1,14.50,3.22,false,1,
7290000497303,false,"שישיית לחמניות מקמח מלא ""ברמן""",מאפית י את א ברמן בע,,,יח`,540,גרם,false,1,12.90,2.39,true,1,
7290000497426,false,לחם ברמן לענין פלוס 500 גרם,מאפית י את א ברמן בע,,,יח`,750,גרם,false,1,14.60,1.95,false,1,
7290000497488,false,חלה פלוס ברמן( 500 גרם),מאפית י את א ברמן בע,,,יח`,500,גרם,false,1,14.50,2.90,false,1,
7290000497532,false,לחם ברמן לעניין פרוס ברמן (750 גרם),מאפית י את א ברמן בע,,,יח`,750,גרם,false,1,14.50,1.93,false,1,
7290000497570,false,לחם דגנים פלוס ברמן 500 גרם,מאפית י את א ברמן בע,,,יח`,500,גרם,false,1,14.50,2.90,false,1,
7290000498003,false,לחם מקמח מלא 750 גר`E FREE ברמן,מאפית י את א ברמן בע,,,יח`,750,גרם,false,1,15.90,2.12,false,1,
7290000498034,false,לחם אי פרי קמח כוסמין מלא 750 גר',מאפית י את א ברמן בע,,,יח`,750,גרם,false,1,15.90,2.12,false,1,
7290000498355,false,לחם כהה פיקוח,י.את א. ברמן בעמ,,,יח`,750,גרם,false,1,4.40,0.59,false,1,
7290000498393,false,חלה רגילה (500 גרם) פיקוח,י.את א. ברמן בעמ,,,יח`,500,גרם,false,1,4.90,0.98,false,1,
7290000498409,false,חלה מתוקה ברמן 500 ג,מאפית י את א ברמן בע,,,יח`,500,גרם,false,1,9.90,1.98,false,1,
7290000504025,false,ממתיק סוכרזית פטרייה עלית 300 גרם,אף.סי תבליני בגליל ב,,,יח`,246,גרם,false,1,8.90,3.62,false,1,
7290000504049,false,סוכרזית קלאסי קנקן 1200 טבליות,אף.סי תבליני בגליל ב,,,יח`,984,גרם,false,1,23.40,2.38,false,1,
7290000504278,false,ממתיק סוכרזית אריזת פטנט 700 טבליות,אף.סי תבליני בגליל ב,,,יח`,574,גרם,false,1,14.90,2.60,false,1,
7290000521008,false,יין אדום יבש של סגל (750 מל),"כרמי צבי - אחים סגל בע""\",,,יח`,750,"מ""ל",false,1,22.90,3.01,true,1,
7290000521015,false,יין לבן יבש של סגל (750 מל),"מיוצר ע""י כרמי צבי-",,,יח`,750,"מ""ל",false,1,22.90,3.01,true,1,
7290000523125,false,מלח הארץ הים האדום 250 ג' עדין,"חברת מלח הארץ אילת בע""\מ",,,יח`,200,גרם,false,1,5.90,2.95,false,1,
7290000523224,false,מלח הארץ הים האדום 500 ג' עדין,"חברת מלח הארץ אילת בע""\מ",,,יח`,500,גרם,false,1,7.90,1.58,false,1,
7290000523514,false,מלח ים יבש מופחת נתרן מלח הארץ (250 גרם),"חברת מלח הארץ אילת בע""\מ",,,יח`,200,גרם,false,1,10.50,5.25,false,1,
7290000523804,false,"מלח עדין צנצנת 1 ק""ג מלח הארץ","חברת מלח הארץ אילת בע""\מ",,,יח`,1,"ק""ג",false,1,7.20,7.20,false,1,
7290000525969,false,מיץ תפוזים סחוט רכיבים טבעיים פרימור 1 ליטר,שטראוס גרופ בעמ/מצונן,,,יח`,1,1 ליטר,false,1,16.90,16.90,false,1,
7290000530086,false,נקניק סלמי מעושן 7000 זוגלובק (600 גרם),נקניק נהריה כשר זוגל,,,יח`,800,גרם,false,1,37.70,4.71,false,1,
7290000530109,false,קבנוס זוגי בואקום זוגלובק 180ג',נקניק נהריה כשר זוגל,,,יח`,360,גרם,false,1,26.90,7.47,true,1,
7290000530116,false,נקניק סלמי מעושן בשן 470 ג' זוגלובק,נקניק נהריה כשר זוגל,,,יח`,700,גרם,false,1,29.50,4.21,false,1,
7290000530291,false,נקניק מבשר הודו קטן זוגלובק 750 גרם,נקניק נהריה כשר זוגל,,,יח`,0,גרם,false,1,21,21,false,1,
7290000530468,false,נקניקיות וניר 1 קג` זוגלובק,זוגלובק שיווק בעמ,,,יח`,1,"ק""ג",false,1,31.60,31.60,true,1,
7290000530598,false,נקניקיות עוף וינר זוגלובק 500 גרם,נקניק נהריה כשר זוגל,,,יח`,500,גרם,false,1,18.30,3.66,true,1,
7290000530703,false,פסטרמה חרמון כפרית ונקניק תה מעושן זוגלובק 2*400 גרם,נקניק נהריה כשר זוגל,,,יח`,800,גרם,false,1,35.60,4.45,true,1,
7290000531601,false,סטייק בורגר בקר זהב 400 גרם קפוא,נקניק נהריה כשר זוגל,,,יח`,400,גרם,false,1,19.90,4.98,false,1,
7290000533353,false,"בצק עלים צרפתי 1 ק""ג זוגלובק",מאפיית אריאל וגידרון,,,יח`,1,"ק""ג",false,1,22.40,22.40,false,1,
7290000536316,false,שניצל מן הצומח זוגלובק (1 קג),נקניק נהריה כשר זוגל,,,יח`,1,"ק""ג",false,1,39.70,39.70,false,1,
7290000536743,false,שניצלונים קריספי ט. תירס 500 גר' זוגלובק,נקניק נהריה כשר זוגל,,,יח`,500,גרם,false,1,21.40,4.28,true,1,
7290000537566,false,נקניקיות עוף טרי 400 ג' זוגלובק,נקניק נהריה כשר זוגל,,,יח`,400,גרם,false,1,15.20,3.80,true,1,
7290000537603,false,נקניקיות עוף זוגלובק (1 קג),זוגלובק שיווק בעמ,,,יח`,1,"ק""ג",false,1,32.60,32.60,true,1,
7290000538709,false,נקניק סלמי תה מעושן זוגלובק 200 גרם,נקניק זוגלובק נהריה,,,יח`,200,גרם,false,1,16.30,8.15,false,1,
7290000540160,false,עוגיות ללא סוכר 500 גרם קמח מלא,ציון תורג`מן בעמ,,,יח`,500,גרם,false,1,23.40,4.68,false,1,
7290000552934,false,בשר הודו קפוא טחון טיבון ויל (500 גרם),"טיבון ויל אחזקות בע""\מ",,,יח`,500,גרם,false,1,13.20,2.64,false,1,
7290000552989,false,בשר טחון טיבון ויל 500 גרם,"טיבון ויל אחזקות בע""\מ",,,יח`,500,גרם,false,1,29.50,5.90,false,1,
7290000554457,false,גבינה צפתית 5% 350 גרם - רבנות,מחלבות גד שיווק 1992 בעמ,,,יח`,350,גרם,false,1,21.90,6.26,false,1,
7290000554471,false,נקניק מוצרלה 22 אחוז 180גרם גד מהדרין,מחלבות גד שיווק 1992 בעמ,,,יח`,180,גרם,false,1,17.90,9.94,false,1,
7290000554532,false,גבינה צפתית מעודנת במלח ים 5% 200 ג' גד,מחלבות גד שיווק 1992 בעמ,,,יח`,200,גרם,false,1,16.90,8.45,false,1,
7290000554600,false,מוצרלה מגורדת 22 אחוז 300גרם גד מהדרין,מחלבות גד שיווק 1992 בעמ,,,יח`,300,גרם,false,1,27.90,9.30,false,1,
7290000554686,false,גבינת לאבנה בתוספת שמן זית וזעתר 5% גד 250 גרם,מחלבות גד שיווק 1992 בעמ,,,יח`,250,גרם,false,1,14.90,5.96,false,1,
7290000554815,false,גבינת מוצרלה נקניק מעדנייה גד,מחלבות גד שיווק 1992 בעמ,,,"ק""ג",1000,גרם,true,1,83,8.30,false,1,
7290000554839,false,מסקרפונה שמנת מתוקה קשה בסגנון איטלקי 40% גד 250 גרם,מחלבות גד שיווק 1992 בעמ,,,יח`,250,גרם,false,1,22.90,9.16,false,1,
7290000560540,false,אדג`פרו ג`ל לגילוח עור רגיש כתום220,המאפיה של הרמן,,,יח`,198,גרם,false,1,20.70,10.45,false,1,
7290000571386,false,המחלבה יוגורמה יוגורט מחלב כבשים 5% 850 גרם,גבינות משק אחים מאיר בית,,,יח`,850,"מ""ל",false,1,25.90,3.05,false,1,
7290000572208,false,חלוה בטעם וניל אחווה 100 גרם,שוורצקוף& הנקל דיסלד,,,יח`,100,גרם,false,1,3.50,3.50,false,1,
7290000572529,false,חלוה עם פיסטוק אחווה 400 גרם,אחדות ביתחרושת לטחינה חלבה,,,יח`,400,גרם,false,1,14.90,3.73,false,1,
7290000572536,false,אחווה חלווה ווניל במגש 400 גר,אחדות ביתחרושת לטחינה חלבה,,,יח`,400,גרם,false,1,12.90,3.23,false,1,
7290000572543,false,חלוה בטעם שוקו וניל אחווה 400 גרם,אחדות ביתחרושת לטחינה חלבה,,,יח`,400,גרם,false,1,12.90,3.23,false,1,
7290000572673,false,חלבה וניל קקאו ואגוזים אחוה (25x12 גרם),שוורצקוף& הנקל דיסלד,,,יח`,300,גרם,false,1,13.90,4.63,false,1,
7290000574035,false,לחם אחיד פרוס דגנית עין בר (750 גרם),דגנית עין בר תעשיות מזון ואפיה,,,יח`,750,גרם,false,1,6.90,0.92,false,1,
7290000574066,false,לחם מלא פלוס שיפון 750 ג' דגנית עין בר,דגנית עין בר תעשיות מזון ואפיה,,,יח`,750,גרם,false,1,14.90,1.99,false,1,
7290000574141,false,לחם חיטה מלא 750ג' דגנית עין בר,דגנית עין בר תעשיות מזון ואפיה,,,יח`,750,גרם,false,1,14.90,1.99,false,1,
7290000574172,false,לחם קל מחיטה מלאה 750 ג' דגנית עין בר,דגנית עין בר תעשיות מזון ואפיה,,,יח`,750,גרם,false,1,15.90,2.12,false,1,
7290000574455,false,לחם חיטה מלא פלוס כוסמין 750 ג' דגנית עין בר,דגנית עין בר תעשיות מזון ואפיה,,,יח`,750,גרם,false,1,14.50,1.93,false,1,
7290000599472,false,כריות יפניות שישייה- שייני,מ.א.ייצור ויבוא מטליות בעמ,,,יח`,1,,false,1,9.10,9.10,false,1,
7290000644783,false,נתחי פילה סלמון קפוא קג,תנובה קפואים,,,"ק""ג",1,,true,1,89.90,89.90,false,1,
7290000646299,false,פילה נסיכת הנילוס 100% דג קפוא תנובה,תנובה מרכז שיתופי לשיווק תוצרת,,,"ק""ג",1,,true,1,49.90,49.90,false,1,
7290000652177,false,נתחי פילה נסיכה 100% דג קפוא תנובה,תנובה מרכז שיתופי לשיווק תוצרת,,,"ק""ג",1,,true,1,59.90,59.90,false,1,
7290000654973,false,גזר ארוז,מפעלי יופי אגשח בעמ*שיק 45 יום,,,"ק""ג",1,,true,1,5.90,5.90,false,1,
7290000655376,false,פילה דניס קפוא בוואקום 100% דג תנובה,תנובה קפואים,,,"ק""ג",1,,true,1,89.90,89.90,false,1,
7290000662817,false,סלמון מעושן 100 גרם נורבגי מדג טרי,תנובה ענף ב.ע.ד,,,יח`,100,גרם,false,1,19.90,19.90,false,1,
7290000688084,false,מי עדן פקק ספורטאים500מל,יפאורה שותפות מוגבלת לשיווק,,,יח`,500,"מ""ל",false,1,2.50,0.44,false,1,
7290000688381,false,מים מינרלים פקק ספורט מי עדן (500x6 מל),יפאורה שותפות מוגבלת לשיווק,,,יח`,3,1 ליטר,false,1,12.90,3.70,true,1,
7290000688503,false,"מים מינרלים פקק ספורט מי עדן 6*750 מ""ל",יפאורה שותפות מוגבלת לשיווק,,,יח`,4.50,1 ליטר,false,1,14.90,2.91,true,1,
7290000803067,false,"משחת שיניים לילדים גילאים 6-2 אלמקס 75 מ""ל",הנסיך- מפעל לייצור ט,,,יח`,75,גרם,false,1,16.90,22.53,false,1,
7290000841557,false,"סטרילי נוזל חיטוי 500 מ""ל לניקוי פירות וירקות",סטרילי מעבדות בעמ,,,יח`,700,"מ""ל",false,1,13.30,1.90,false,1,
7290000979427,false,עגבניות שרי כתום לבבות,צימן עגבניות *לא פעיל*,,,יח`,500,גרם,false,1,9.90,1.98,false,1,
7290000993461,false,עגבניות שרי צהוב פרמיום ארוז,צימן עגבניות *לא פעיל*,,,יח`,1,,false,1,9.90,9.90,false,1,
7290000993560,false,עגבניות שרי שוקו \מנומר 500ג' ארוז,צימן עגבניות *לא פעיל*,,,יח`,500,גרם,false,1,9.90,1.98,false,1,
7290000995410,false,נבטים סיניים נבטי העמק,"בכורי השדה צפון1994 ג.ד. בע""מ",,,יח`,1,,false,1,7.90,7.90,false,1,
7290001041123,false,שקדים מולבנים פרוסים מיה 100 גרם,מיה תעשיות מזון מ.ת.מ. בעמ,,,יח`,100,גרם,false,1,12.50,12.50,false,1,
7290001041260,false,שומשום מיה (400 גרם),מיה תעשיות מזון מ.ת.מ. בעמ,,,יח`,400,גרם,false,1,13.20,3.30,false,1,
7290001041635,false,פירורי לחם מוזהבים מיה 200 גרם,מיה תעשיות מזון מ.ת.מ. בעמ,,,יח`,200,גרם,false,1,4,2,true,1,
7290001041994,false,"סוכר דמררה בצנצנת מיה 1 ק""ג",מיה תעשיות מזון מ.ת.מ. בעמ,,,יח`,1,"ק""ג",false,1,12.20,12.20,false,1,
7290001045169,false,מיץ תפוחי עץ צלול פרימור 1 ליטר,שטראוס גרופ בעמ/מצונן,,,יח`,1,1 ליטר,false,1,16.90,16.90,false,1,
7290001045688,false,"מיץ תפוזים סחוט פרימור 400 מ""ל",שטראוס גרופ בעמ/מצונן,,,יח`,400,"מ""ל",false,1,7.90,1.90,false,1,
7290001121054,false,צמד חמד פסטרמה וסלמי יחיעם 700 גרם,מעדני יחיעם ( 1993 ) בע`מ,,,יח`,700,גרם,false,1,26.90,3.84,true,1,
7290001121238,false,קורנדביף 4% שומן יחיעם (180 גרם).,מעדני יחיעם ( 1993 ) בע`מ,,,יח`,180,גרם,false,1,25.40,14.11,false,1,
7290001121849,false,פסטרמה ברביקיו יחיעם 250 גרם ר.טבעיים,מעדני יחיעם ( 1993 ) בע`מ,,,יח`,250,גרם,false,1,25.90,10.36,false,1,
7290001123775,false,שווארמה אמיתית פרגיות טיבון ויל 500 גרם,"טיבול ויל אחזקות בע""",,,יח`,500,גרם,false,1,30.50,6.10,true,1,
7290001124611,false,שומן כבש טיבון ויל 200 גרם,טיבון ויל אחזקות בעמ,,,יח`,200,גרם,false,1,15.20,7.60,false,1,
7290001136287,false,"שמפו לשיער רגיל בבושם פרחים נקה 7 750 מ""ל",החברה הדרומית לשיווק בעמ,,,יח`,750,"מ""ל",false,1,11.90,1.59,true,1,
7290001136294,false,"שמפו לשיער יבש בבישום פרחים נקה 7 750 מ""ל",החברה הדרומית לשיווק בעמ,,,יח`,750,"מ""ל",false,1,11.90,1.59,true,1,
7290001136683,false,"מרכך לשיער רגיל בבושם פרחים נקה 7 750 מ""ל",החברה הדרומית לשיווק בעמ,,,יח`,750,"מ""ל",false,1,11.90,1.59,true,1,
7290001201589,false,ביצים ארוזות L מ. לסר) (12 פיקוח,מ לסר בעמ - חברה לשיווק ביצים,,,יח`,1,,false,1,12.05,12.05,false,1,
7290001201596,false,ביצים ארוזות M 12 יחידות,מ לסר בעמ - חברה לשיווק ביצים,,,יח`,1,,false,1,11.15,11.15,false,1,
7290001201602,false,ביצים 18 יח גדול לסר,מ לסר בעמ - חברה לשיווק ביצים,,,יח`,1,,false,1,18.07,18.07,false,1,
7290001201848,false,ביצים אורגניות 12 יח M,מ לסר בעמ - חברה לשיווק ביצים,,,יח`,1,,false,1,18.30,18.30,false,1,
7290001216231,false,טחינה גולמית שומשום מלא אל ארז 500 גרם,אגס ירוק מסחר ושירותים,,,יח`,500,גרם,false,1,18.90,3.78,false,1,
7290001245705,false,אקונומיקה מבושמת טאצ' 4 ליטר,סאסאטק אגשח בעמ,,,יח`,4,1 ליטר,false,1,10.90,2.73,false,1,
7290001245729,false,ג'ל כביסה ירוקה טאצ 3 ליטר סלקט,סאסאטק אגשח בעמ,,,יח`,3,1 ליטר,false,1,18.90,6.30,false,1,
7290001245736,false,ג'ל כביסה כחול טאצ' 3 ליטר סלקט,סאסאטק אגשח בעמ,,,יח`,3,1 ליטר,false,1,18.90,6.30,false,1,
7290001245798,false,נוזל כלים לימון טאצ' 18% 1.6 ליטר,סאסאטק אגשח בעמ,,,יח`,1600,"מ""ל",false,1,10.90,0.68,false,1,
7290001245828,false,נוזל כלים קלאסי טאצ' 18% 1.6 ליטר,סאסאטק אגשח בעמ,,,יח`,1600,"מ""ל",false,1,10.90,0.68,false,1,
7290001245842,false,נוזל רצפות מאסק 4 ליטר טאצ,סאסאטק אגשח בעמ,,,יח`,4,1 ליטר,false,1,14.90,3.73,false,1,
7290001245958,false,מרכך כביסה ורוד טאצ' 4 ליטר,סאסאטק אגשח בעמ,,,יח`,4,1 ליטר,false,1,14.90,3.73,false,1,
7290001245965,false,מרכך כביסה כחול טאצ' 4 ליטר,סאסאטק אגשח בעמ,,,יח`,4,1 ליטר,false,1,14.90,3.73,false,1,
7290001245972,false,מרכך כביסה לבן טאצ' 4 ליטר,סאסאטק אגשח בעמ,,,יח`,4,1 ליטר,false,1,14.90,3.73,false,1,
7290001246061,false,מרכך מרוכז פרימיום פנטזי( 1 ליטר)טאצ`,סאסאטק אגשח בעמ,,,יח`,1,1 ליטר,false,1,11.90,11.90,false,1,
7290001246078,false,מרכך מרוכך פרפיום סנשואל( 1 ליטר)טאצ`,סאסאטק אגשח בעמ,,,יח`,1,1 ליטר,false,1,11.90,11.90,false,1,
7290001246085,false,נוזל לניקוי חלונות 1 ליטר טאצ,סאסאטק אגשח בעמ,,,יח`,1000,"מ""ל",false,1,6.90,0.69,false,1,
7290001246108,false,תרסיס מסיר אבנית 750 מ``ל טאצ,סאסאטק אגשח בעמ,,,יח`,750,"מ""ל",false,1,12.90,1.72,false,1,
7290001246122,false,"תרסיס ניקוי כללי+ אקונומיקה 750 מ""ל טאצ",סאסאטק אגשח בעמ,,,יח`,750,"מ""ל",false,1,12.90,1.72,false,1,
7290001246351,false,נוזל רצפות לבנדר 4 ליטר טאצ,סאסאטק אגשח בעמ,,,יח`,4,1 ליטר,false,1,14.90,3.73,false,1,
7290001246474,false,תרסיס ניקוי שטיחים 600 מל טא`צ,סאסאטק אגשח בעמ,,,יח`,600,"מ""ל",false,1,15.90,2.65,false,1,
7290001246528,false,מרכך כביסה מרוכז פרפיום מיסטרי טאצ' 1 ל',סאסאטק אגשח בעמ,,,יח`,1,1 ליטר,false,1,11.90,11.90,false,1,
7290001246757,false,נוזל רצפות מלון בוטיק טאצ' 2 ליטר,סאסאטק אגשח בעמ,,,יח`,2,1 ליטר,false,1,18.90,9.45,false,1,
7290001247082,false,מיץ עגבניות רכיבים טבעיים ספרינג 1 ליטר,יפאורה שותפות מוגבלת לשיווק,,,יח`,1,1 ליטר,false,1,7.30,7.30,false,1,
7290001247099,false,קרטונית נקטר ספרינג מנגו 1 ליטר,יפאורה שותפות מוגבלת לשיווק,,,יח`,1,1 ליטר,false,1,7.30,7.30,false,1,
7290001247105,false,קרטונית נקטר ספרינג אפרסק 1 ליטר,יפאורה שותפות מוגבלת לשיווק,,,יח`,1,1 ליטר,false,1,7.30,7.30,false,1,
7290001247112,false,קרטונית נקטר ספרינג לימונענע 1 ליטר,יפאורה שותפות מוגבלת לשיווק,,,יח`,1,1 ליטר,false,1,7.30,7.30,false,1,
7290001247129,false,נקטר ספרינג תפוזים קרטונית 1 ל',יפאורה שותפות מוגבלת לשיווק,,,יח`,1,1 ליטר,false,1,7.30,7.30,false,1,
7290001247143,false,קרטונית נקטר ספרינג תפוחים 1 ליטר,יפאורה שותפות מוגבלת לשיווק,,,יח`,1,1 ליטר,false,1,7.30,7.30,false,1,
7290001274422,false,שלגונים ציפוי בננה מאגדת שמינייה 560 ג',פלקו בעמ חברה ישראלית,,,יח`,1,,false,1,26.50,26.50,false,1,
7290001274576,false,מאגדת גלידל וניל ותות 900 גר`פלדמן,גלידות פלדמן,,,יח`,900,גרם,false,1,20.90,2.32,false,1,
7290001274583,false,גלידה משפחתית גלידל ש. פאקן 900 גרם,"פלקו בע""\מ, חברה ישראלית",,,יח`,900,גרם,false,1,20.90,2.32,false,1,
7290001274941,false,"שמיניית גלידל פרי פטל ""פלדמן""",הגלידות של פלדמן,,,יח`,640,גרם,false,1,25.90,4.05,false,1,
7290001305058,false,"פלמוליב - נטורלס תחליב רחצה חלב ודבש 500 מ""ל",הנסיך- מפעל לייצור ט,,,יח`,500,"מ""ל",false,1,16.90,3.38,false,1,
7290001305188,false,"נוזל לניקוי כלים בריח לימון פלמוליב 750 מ""ל",יבואן ומשווק: ש. שסט,,,יח`,750,"מ""ל",false,1,13.90,1.85,true,1,
7290001327180,false,שטראוס קרמיסימו וניל ציפ 1.33 ליטר,"גלידת שטראוס בע""\מ, רחוב",,,יח`,1.33,1 ליטר,false,1,20.90,15.71,true,1,
7290001327197,false,שטראוס קרמיסימו שוקולד וניל,"גלידת שטראוס בע""\מ, רח'\",,,יח`,1.33,1 ליטר,false,1,20.90,15.71,true,1,
7290001327791,false,גלידה קרמיסימו וניל עוגיות 1.33 ליטר,"גלידת שטראוס בע""\מ, רחוב",,,יח`,1.33,1 ליטר,false,1,20.90,15.71,true,1,
7290001343845,false,תערובת מיזלי עם פירות מיובשים 1 קג,דין שיווק וקליה 2021 בעמ,,,יח`,1,"ק""ג",false,1,21.40,21.40,true,1,
7290001462010,false,אריסה מרוקאית תבליני ביטון יוחאי.,נטו מלינדה סחר בעמ,,,יח`,250,גרם,false,1,15.20,6.08,false,1,
7290001482384,false,חתיכות אננס בסירופ קל וילי פוד 227 גרם,ג.וילי-פוד אינטרנשיונל בעמ,,,יח`,227,גרם,false,1,4.90,2.16,false,1,
7290001482506,false,וילי פוד חומץ בלסמי בדץ 500מל,ג. וילי-פוד אינטרנשיונל בע`מ,,,יח`,500,"מ""ל",false,1,19.90,3.98,false,1,
7290001485019,false,גבינת קרם שמנת טבעי 5% טרה 200 גרם,החברה המרכזית טלהפצת משקאות בע,,,יח`,200,גרם,false,1,11.90,5.95,false,1,
7290001567555,false,פסטרמה מעודנת עם דבש 300 ג' יחיעם,מעדני יחיעם (1993) בעמ,,,יח`,300,גרם,false,1,25.40,8.47,true,1,
7290001567708,false,נקניקיות וינר יחיעם 400 גרם,מעדני יחיעם ( 1993 ) בע`מ,,,יח`,400,גרם,false,1,14.20,3.55,false,1,
7290001567760,false,פסטרמה של פעם יחיעם 300 גרם,מעדני יחיעם ( 1993 ) בע`מ,,,יח`,300,גרם,false,1,27.50,9.17,true,1,
7290001567937,false,"סלמי איטלקי מפולפל 200 גרם ""יחיעם""",מעדני יחיעם (1993) בעמ,,,יח`,200,גרם,false,1,13.20,6.60,false,1,
7290001591703,false,קבב אנגוס עגול טיבון ויל 500 גרם,נטו מלינדה סחר בעמ,,,יח`,500,גרם,false,1,23.90,4.78,false,1,
7290001591710,false,המבורגר אנגוס טיבון ויל 600 גרם,נטו מילנדה סחר בעמ*,,,יח`,600,גרם,false,1,23.90,3.98,false,1,
7290001591727,false,קבב על מקל 500 גר`טיבון ויל,נטו מלינדה סחר בעמ,,,יח`,500,גרם,false,1,23.90,4.78,false,1,
7290001591734,false,נקניקיה מרגז בסגנון מרוקאי טיבון ויל 500 גרם,נטו מילנדה סחר בעמ*,,,יח`,500,גרם,false,1,23.90,4.78,false,1,
7290001591741,false,קבבוני טלה טיבון ויל 500 גרם,נטו מלינדה סחר בעמ,,,יח`,500,גרם,false,1,23.90,4.78,false,1,
7290001594568,false,בירה בפחית קרלסברג (500 מל),החברה המרכזית להפצת משקאות בעמ,,,יח`,500,"מ""ל",false,1,9.90,1.92,false,1,
7290001594575,false,בירה בפחית רד טובורג (500 מל),החברה המרכזית להפצת משקאות בעמ,,,יח`,500,"מ""ל",false,1,10.90,2.12,true,1,
7290001594858,false,מארז שישייה בירה טובורג רד (330x6 מל),החברה המרכזית להפצת משקאות בעמ,,,יח`,1.98,1 ליטר,false,1,43.90,21.26,true,1,
7290001594865,false,"שישייה בירה קרלסברג בקבוק 330 מ""ל",החברה המרכזית להפצת משקאות בעמ,,,יח`,1.98,1 ליטר,false,1,36.90,17.73,true,1,
7290001670057,false,כפיות לבן 100 יח`הנמל,הנמל אריזות ושיווק (1984) בעמ,,,יח`,1,,false,1,11.90,11.90,true,1,
7290001670224,false,מלית פרג פוליבה 400 גרם,הנמל אריזות ושיווק (1984) בעמ,,,יח`,400,גרם,false,1,14.50,3.63,true,1,
7290001670255,false,כוס קרטון שתייה חמה 8B 50 יח',הנמל אריזות ושיווק (1984) בעמ,,,יח`,1,,false,1,10.90,10.90,true,1,
7290001670354,false,"מפת שולחן סופגת לבן 137X274 ס""מ במיוחד",הנמל אריזות ושיווק (1984) בעמ,,,יח`,1,,false,1,11.20,11.20,false,1,
7290001670873,false,"צלחות גדולות לבנות קשיח ח""פ הנמל 66יח'",הנמל אריזות ושיווק (1984) בעמ,,,יח`,1,,false,1,39.90,39.90,false,1,
7290001690147,false,טעם טוב גבינה מותכת למריחה 6% מון בלאן,נטו מלינדה סחר בע`מ,,,יח`,120,גרם,false,1,12.50,10.42,true,1,
7290001710111,false,נקניקיות מרגז חריפות מעדני הטלה 500 גר`,לאטי עזרא גלם ודגים,,,יח`,500,גרם,false,1,20.80,4.16,false,1,
7290001780428,false,מאגדת גלידת לייט שוקולד נסטלה 6יח' 312ג',נגה גלידות שותפות מוגבלת,,,יח`,312,גרם,false,1,30.50,9.78,false,1,
7290001791349,false,אקונומיקה פיסגה ריחנית סנו (4 ליטר),החברה הדרומית לשיווק בעמ,,,יח`,4,1 ליטר,false,1,12.90,3.23,true,1,
7290001817728,false,צ'יטוס אפוי כאפה בטעם קטשופ 55 גרם,"שטראוס פריטו ליי בע""\מ )",,,יח`,55,גרם,false,1,3.90,7.09,true,1,
7290001865453,false,פמילי לקשרי 1 ליטר לבנדר ארומטי+משאבה,מיוצר עי קונדיטוריית,,,יח`,1,1 ליטר,false,1,15.90,15.90,true,1,
7290001873441,false,המבורגר 320 גר` בלאק אנגוס מוכשר ארוז,טיבון ויל אחזקות בעמ,,,יח`,320,גרם,false,1,24.90,7.78,true,1,
7290001873458,false,סטייק בורגר 320 גר` בלאק אנגוס מוכשר אר,טיבון ויל אחזקות בעמ,,,יח`,320,גרם,false,1,24.90,7.78,true,1,
7290001873472,false,קבב 320 גר` בלאק אנגוס מוכשר ארוז,טיבון ויל אחזקות בעמ,,,יח`,400,גרם,false,1,24.90,6.23,true,1,
7290001881040,false,מלפפון ביביי כבוש במלח 600 גר`מאמא מרי,מאמא - מרי בעמ,,,יח`,600,גרם,false,1,19.90,3.32,false,1,
7290001881873,false,כרוב כבוש עם חמוציות 750 גר`מאמא מרי,מאמא - מרי בעמ,,,יח`,750,גרם,false,1,18.90,2.52,false,1,
7290001917527,false,פרש וואנס פדים להסרת איפור 80 יח' *3,דנשר (1963) בעמ,,,יח`,1,,false,1,19.60,19.60,false,1,
7290001946121,false,פפריקה מרוקאית מתוקה תבליני ביטון 400 גרם,דין שיווק וקליה 2021 בעמ,,,יח`,400,גרם,false,1,20.90,5.23,true,1,
7290001946404,false,סלט שום כתוש תבליני ביטון יוחאי,נטו מלינדה סחר בעמ,,,יח`,250,גרם,false,1,15.20,6.08,false,1,
7290001990094,false,"סוכר חום כהה צנצנת קלאסי סוגת 1ק""ג",האי נאם סי או אל.טי.,,,יח`,1000,גרם,false,1,15.90,1.59,false,1,
7290001990148,false,"סוכר גולדן קלאסי בצנצנת סוגת 1 ק""ג",האי נאם סי או אל.טי.,,,יח`,1,"ק""ג",false,1,14.90,14.90,false,1,
7290002000136,false,מגע הדבש -שעווה להסרת שיער למיקרוגל 500 גרם,"ש. שוורץ )באר שבע( בע""\מ",,,יח`,500,גרם,false,1,23.50,4.70,false,1,
7290002000143,false,"חדש -פנג'ל ק.ידיים קלאסיק 80מ""ל",מיוצר עי קונדיטוריית,,,יח`,100,"מ""ל",false,1,10.50,10.50,false,1,
7290002000266,false,שעווה מגע המשי הדבש תפוח למיקרו 500 גרם,המאפיה של הרמן,,,יח`,500,גרם,false,1,23.50,4.70,false,1,
7290002002857,false,ניירות להסרת שיער בשעווה 50 יחידות,"איטיליאן פוד, אס.פי.",,,יח`,1,יח`,false,1,26.50,26.50,false,1,
7290002007357,false,שקיות צליה דליקטס מיקרוגל הנמל 10 יח',הנמל אריזות ושיווק (1984) בעמ,,,יח`,1,,false,1,6.40,6.40,false,1,
7290002007890,false,כוסות חד פעמיות מפלסטיק 100 יח`,הנמל אריזות ושיווק (1984) בעמ,,,יח`,100,יח`,false,1,9.90,0.10,false,1,
7290002007999,false,צלחות פלסטיק גדולות חד פעמיות 50 יח,הנמל אריזות ושיווק (1984) בעמ,,,יח`,1,,false,1,15.90,15.90,true,1,
7290002008040,false,שיפודי במבוק הנמל 100 יחידות,הנמל אריזות ושיווק (1984) בעמ,,,יח`,1,,false,1,3,3,false,1,
7290002008156,false,גביעי נייר מספר 5 הנמל 1 יחידה,הנמל אריזות ושיווק (1984) בעמ,,,יח`,1,,false,1,8.40,8.40,false,1,
7290002008170,false,גביעי נייר מספר 3 הנמל 1 יחידה,הנמל אריזות ושיווק (1984) בעמ,,,יח`,1,,false,1,7.40,7.40,false,1,
7290002008309,false,עטרות נייר חום לעוגה מס' 4 הנמל 130יח',הנמל אריזות ושיווק (1984) בעמ,,,יח`,1,,false,1,7.60,7.60,false,1,
7290002008460,false,עטרות חום מספר 1.5 הנמל,הנמל אריזות ושיווק (1984) בעמ,,,יח`,1,,false,1,5.40,5.40,false,1,
7290002008507,false,נייר אפיה הנמל 50 יחידות,הנמל אריזות ושיווק (1984) בעמ,,,יח`,1,,false,1,9.90,9.90,true,1,
7290002008934,false,סוכריות צבעוניות לקישוט לעוגה 200 גר,הנמל אריזות ושיווק (1984) בעמ,,,יח`,200,גרם,false,1,8.90,4.45,false,1,
7290002008989,false,קישקשים קשים לשתיה 225יח הנמל,הנמל אריזות ושיווק (1984) בעמ,,,יח`,1,,false,1,8.90,8.90,false,1,
7290002019114,false,רוטב עגבניות מרוכז מאד 28-30BX פריניר,ח.כהן סוכנות מזון ומשקאות בע,,,יח`,580,גרם,false,1,8.50,1.47,true,1,
7290002019183,false,"עגבניות מקולפות 800ג בד""ץ פריניר*",ח.כהן סוכנות מזון ומשקאות בע,,,יח`,850,גרם,false,1,7.90,0.93,true,1,
7290002019763,false,עגבניות מרוסקות 800ג פריניר ה.מכירה *,ח.כהן סוכנות מזון ומשקאות בע,,,יח`,800,גרם,false,1,7.90,0.99,true,1,
7290002019787,false,רוטב עגבניות מרוכז מאוד 260 גרם פריניר,ח.כהן סוכנות מזון ומשקאות בע,,,יח`,260,גרם,false,1,3.90,1.50,true,1,
7290002019794,false,רוטב עגבניות מרוכז מאוד 100 גרם פריניר,ח.כהן סוכנות מזון ומשקאות בע,,,יח`,100,גרם,false,1,1.90,1.90,true,1,
7290002026341,false,אריסטו קראנץ ציפס בטטה טוגנים 500גר,מוצרי איכות אמריקאיים בעמ,,,יח`,500,גרם,false,1,16.20,3.24,false,1,
7290002026587,false,וופל בלגי פרווה בראנץ אנד קראנץ 8 יח',מוצרי איכות אמריקאיים בעמ,,,יח`,280,גרם,false,1,16.30,5.82,true,1,
7290002037163,false,לחם אחיד פרוס ודש ברמן (750 גרם),מאפית י.את א. ברמן ב,,,יח`,750,גרם,false,1,6.90,0.92,false,1,
7290002037309,false,לחמניות המבורגר מאפיית ודש 8),מאפית י את א ברמן בע,,,יח`,400,גרם,false,1,12.50,3.13,false,1,
7290002037637,false,לחמניות הבית מתוקות מאפיית ודש) (4,מאפית י את א ברמן בע,,,יח`,400,גרם,false,1,11.90,2.98,false,1,
7290002040019,false,קוסקוס רגיל מזון קוסקוס (350 גרם),הנמל אריזות ושיווק (1984) בעמ,,,יח`,350,גרם,false,1,6.90,1.97,false,1,
7290002040064,false,קוסקוס דק להכנה מהירה בשקית 350 גרם,הנמל אריזות ושיווק (1984) בעמ,,,יח`,350,גרם,false,1,6.90,1.97,false,1,
7290002040095,false,קוסקוס רגיל מארז 350X3ג' קוסקוס מזון,הנמל אריזות ושיווק (1984) בעמ,,,יח`,1,,false,1,14.90,14.90,false,1,
7290002043218,false,אקסטרה צ'יפס אורז חום מלא מלח 60 גרם,א.ל.ייצור ושיווק תבלינים בעמ,,,יח`,60,גרם,false,1,7.50,12.50,true,1,
7290002043331,false,אקסטרה צ'יפס אורז חום מלא כוסמת 60 גרם,א.ל.ייצור ושיווק תבלינים בעמ,,,יח`,60,גרם,false,1,8.50,14.17,false,1,
7290002043782,false,אקסטרה צ'יפס אורז חום מלא טקסס ברביקיו 60 גרם,א.ל.ייצור ושיווק תבלינים בעמ,,,יח`,60,גרם,false,1,7.50,12.50,true,1,
7290002065555,false,שישיית לחמנייה הכי רכה בהפסקה אנג'ל 450 גרם,מאפיית שלמה א. אנג'\ל בע,,,יח`,450,גרם,false,1,10.90,2.42,false,1,
7290002065616,false,לחם שיפון גרעינים פרוס אחדות (750 גרם),מאפיית שלמה א. אנג'\ל בע,,,יח`,750,גרם,false,1,12.50,1.67,false,1,
7290002077725,false,סלומון נורווגי מצונן דלידג 100ג',נטו מלינדה סחר בע`מ,,,יח`,100,גרם,false,1,19.90,19.90,false,1,
7290002107385,false,גליל גבינת עיזים מה עז משק צוריאל 180 גרם,החברה המרכזית טלהפצת משקאות בע,,,יח`,180,גרם,false,1,24.70,13.72,false,1,
7290002128311,false,נר נשמה בכוס זכוכית שבועי מנורה שי נר,"מנורה שי נר בע""מ",,,יח`,1,,false,1,10.90,10.90,false,1,
7290002128403,false,נרות שבת אורה מס 4 מנורה שי נר,אבאל יזמות בעמ,,,יח`,1,,false,1,3.50,3.50,false,1,
7290002128410,false,נרות שבת שבת אורה מס`6,אבאל יזמות בעמ,,,יח`,1,,false,1,3.50,3.50,false,1,
7290002128434,false,נרות שבת אורה 10 יחידות,אבאל יזמות בעמ,,,יח`,1,,false,1,3.50,3.50,false,1,
7290002128762,false,נר נשמה בכוס ל72 שעות מנורה שי נר,"מנורה שי נר בע""מ",,,יח`,1,,false,1,6.50,6.50,true,1,
7290002128946,false,נר נשמה בכוס ל48 שעות מנורה שי נר,מנורה אור חדש בעמ,,,יח`,1,,false,1,5.50,5.50,true,1,
7290002129479,false,פיצה איטלקית דקה שלושת האופים 320 גר,האי נאם סי או אל.טי.,,,יח`,320,גרם,false,1,14.90,4.66,true,1,
7290002129486,false,פיצה איטלקית דקה זיתים 340 ג' שלושת האופים,האי נאם סי או אל.טי.,,,יח`,340,גרם,false,1,15.90,4.68,true,1,
7290002130567,false,דבש דבורים טהור פרחי בר יד מרדכי 350 גרם,מכוורת יד מרדכי שטראוס ב,,,יח`,350,גרם,false,1,17.30,4.94,false,1,
7290002130574,false,דבש טהור מפרחי בר בזכוכית 500 ג' יד מרדכי,מכוורת יד מרדכי שטראוס ב,,,יח`,500,גרם,false,1,25.90,5.18,false,1,
7290002130581,false,דבש טהור מפרחי בר יד מרדכי (1 קג),מכוורת יד מרדכי שטראוס ב,,,יח`,1,"ק""ג",false,1,45.90,45.90,false,1,
7290002157960,false,טונה ויליגר רביעייה 140 גר במי מלח,נטו מילנדה סחר בעמ*,,,יח`,140,גרם,false,1,21.90,15.64,false,1,
7290002195092,false,קבב רומני קפוא בלדי (400 גרם),בלדי בעמ,,,יח`,400,גרם,false,1,12.90,3.23,false,1,
7290002232995,false,ציפוי פז דגש 500גר ללא גלוטן.,נטורפוד בעמ,,,יח`,500,גרם,false,1,27.90,5.58,false,1,
7290002239215,false,אפונה וגזר פרי הגליל 800 גרם,ויטה- פרי גליל (החדשה) בעמ,,,יח`,800,גרם,false,1,10.90,1.36,false,1,
7290002239307,false,שעועית צהובה חתוכה 800 גר`פרי גליל,ויטה- פרי גליל (החדשה) בעמ,,,יח`,800,גרם,false,1,10.90,1.36,false,1,
7290002239420,false,תירס גרעינים 800 ג ' פרי הגליל,ויטה- פרי גליל (החדשה) בעמ,,,יח`,800,גרם,false,1,10.90,1.36,false,1,
7290002253006,false,שום טרי כתוש צנצנת דורות 200 גרם,קבוצת אוסם סחר-שות.מוגבלת,,,יח`,200,גרם,false,1,16.90,8.45,false,1,
7290002253105,false,שום במגשית 20 שיניים כתושות קפוא 80,קבוצת אוסם סחר-שות.מוגבלת,,,יח`,80,גרם,false,1,15.20,19,false,1,
7290002253181,false,כוסברה טרייה קצוצה 20 קוביות 70 גרם קפוא,קבוצת אוסם סחר שותפות מוגבלת,,,יח`,70,גרם,false,1,12.20,17.43,false,1,
7290002263562,false,מיץ לימון משומר( 200 מל)תבליני מימון,א.ל.ייצור ושיווק תבלינים בעמ,,,יח`,200,"מ""ל",false,1,7.90,3.95,false,1,
7290002281498,false,גבינה צהובה מגורדת על בסיס חלב 500 ג' ריץ,נטו מילנדה סחר בעמ*,,,יח`,500,גרם,false,1,25.90,5.18,true,1,
7290002291046,false,המבורגר מסעדות 480 גרם הקצביה בלדי,יוליניבר,,,יח`,480,גרם,false,1,25.50,5.31,false,1,
7290002317005,false,זיתים טבעות מושחר 560ג A2 מטולה,שימורי מוטולה בעמ,,,יח`,560,גרם,false,1,10.90,1.95,false,1,
7290002317081,false,זיתים נטולי גלעין +20% 670ג A2 מטולה,שימורי מוטולה בעמ,,,יח`,560,גרם,false,1,10.90,1.95,true,1,
7290002317135,false,מלפפון 560ג במלח 13-17 A2 מטולה,שימורי מוטולה בעמ,,,יח`,560,גרם,false,1,10.90,1.95,false,1,
7290002317166,false,מלפפון 560ג בחומץ 10-12 A2 מטולה,שימורי מוטולה בעמ,,,יח`,560,גרם,false,1,10.90,1.95,true,1,
7290002317265,false,מלפפון 650ג במלח +20% 7-9 A2 מטולה,שימורי מוטולה בעמ,,,יח`,560,גרם,false,1,8.90,1.59,true,1,
7290002317296,false,פלפל חריף שיפקה 670ג 20%+A2 מטולה,שימורי מוטולה בעמ,,,יח`,540,גרם,false,1,9.90,1.83,true,1,
7290002317319,false,מלפפון 650ג בחומץ +20% 7-9 A2 מטולה,שימורי מוטולה בעמ,,,יח`,348,גרם,false,1,8.90,2.56,true,1,
7290002317326,false,זיתים מנזולינו 12-15 +20% 670ג A2 מטולה,שימורי מוטולה בעמ,,,יח`,560,גרם,false,1,9.90,1.77,true,1,
7290002317579,false,זיתים טבעות ירוק 560ג A2 מטולה,שימורי מוטולה בעמ,,,יח`,560,גרם,false,1,10.90,1.95,true,1,
7290002317609,false,כרוב כבוש 560ג A2 מטולה,שימורי מוטולה בעמ,,,יח`,560,גרם,false,1,9.90,1.77,true,1,
7290002317661,false,זיתים מנזולינו גדול מאוד זכוכית מוטולה,שימורי מוטולה בעמ,,,יח`,560,גרם,false,1,10.90,1.95,false,1,
7290002317678,false,חרוזית ירוק צנצנת זכוכית מוטולה,שימורי מוטולה בעמ,,,יח`,560,גרם,false,1,10.90,1.95,false,1,
7290002317753,false,זית טבעות ירוק בצנצנת זכוכית מוטולה,אבאל יזמות בעמ,,,יח`,560,גרם,false,1,10.90,1.95,false,1,
7290002319016,false,אבקת אפיה עשיריות מיה 100 גרם,מיה תעשיות מזון מ.ת.מ. בעמ,,,יח`,100,גרם,false,1,3.30,3.30,false,1,
7290002319023,false,סוכר וניל עשיריות מיה 100 גרם,מיה תבליני החיים ירושלים בע`מ,,,יח`,100,גרם,false,1,2.90,2.90,false,1,
7290002319054,false,פרג טחון מיה 100 גרם,מיה תעשיות מזון מ.ת.מ. בעמ,,,יח`,100,גרם,false,1,7.10,7.10,false,1,
7290002319061,false,קוקוס טחון מיה (100 גרם),מיה תעשיות מזון מ.ת.מ. בעמ,,,יח`,100,גרם,false,1,4,4,false,1,
7290002319078,false,שומשום מיה 100 גרם,מיה תעשיות מזון מ.ת.מ. בעמ,,,יח`,100,גרם,false,1,4,4,false,1,
7290002319115,false,חומוס גדול יבש מיה 500 גר',מיה תעשיות מזון מ.ת.מ. בעמ,,,יח`,500,גרם,false,1,8.40,1.68,true,1,
7290002319122,false,גריסים יבשים מיה 500 גר',מיה תעשיות מזון מ.ת.מ. בעמ,,,יח`,500,גרם,false,1,7.10,1.42,true,1,
7290002319139,false,שעועית לבנה יבשה מיה 500 ג',מיה תעשיות מזון מ.ת.מ. בעמ,,,יח`,500,גרם,false,1,11.20,2.24,true,1,
7290002319146,false,שעועית אדומה מיה (500 גרם),מיה תעשיות מזון מ.ת.מ. בעמ,,,יח`,500,גרם,false,1,12.20,2.44,false,1,
7290002319160,false,אפונה ירוקה יבשה מיה 500 ג',מיה תעשיות מזון מ.ת.מ. בעמ,,,יח`,500,גרם,false,1,7.40,1.48,true,1,
7290002319177,false,פופקורן גרעינים מיה 500 גר',מיה תעשיות מזון מ.ת.מ. בעמ,,,יח`,500,גרם,false,1,7.40,1.48,false,1,
7290002319184,false,עדשים אדומים יבשים מיה 500 גר',מיה תעשיות מזון מ.ת.מ. בעמ,,,יח`,500,גרם,false,1,10.10,2.02,true,1,
7290002319191,false,עדשים ירוקים יבשים מיה 500 גר',מיה תעשיות מזון מ.ת.מ. בעמ,,,יח`,500,גרם,false,1,9.10,1.82,true,1,
7290002319221,false,חיטה מיה (500 גרם),מיה תעשיות מזון מ.ת.מ. בעמ,,,יח`,500,גרם,false,1,6.90,1.38,true,1,
7290002319375,false,"קורנפלור 200 ג' בד""ץ מיה",מיה תעשיות מזון מ.ת.מ. בעמ,,,יח`,200,גרם,false,1,5.10,2.55,false,1,
7290002319740,false,אגוזי מלך טחונים מיה 100 גרם,מיה תעשיות מזון מ.ת.מ. בעמ,,,יח`,100,גרם,false,1,12.50,12.50,false,1,
7290002319771,false,תמצית אפיה בטעם וניל מיה (50 מל),מיה תעשיות מזון מ.ת.מ. בעמ,,,יח`,50,"מ""ל",false,1,4,8,false,1,
7290002319788,false,תמצית אפיה בטעם רום כשלפ בדצ העדח,מיה תעשיות מזון מ.ת.מ. בעמ,,,יח`,60,"מ""ל",false,1,4,6.67,false,1,
7290002319825,false,"אבקת סוכר 100 ג`בד""ץ מיה",מיה תעשיות מזון מ.ת.מ. בעמ,,,יח`,100,גרם,false,1,2.70,2.70,false,1,
7290002327028,false,ג`חנון בטעם מיוחד 650 גרם קפוא,נטו מלינדה סחר בע`מ,,,יח`,650,גרם,false,1,16.90,2.60,true,1,
7290002327042,false,"בורקס תפו""א 800 גר' שלושת האופים קהילות",נטו מלינדה סחר בע`מ,,,יח`,800,גרם,false,1,18.90,2.36,true,1,
7290002327059,false,"בצק עלים 1 ק""ג שלושת האופים קהילות",נטו מלינדה סחר בע`מ,,,יח`,1000,גרם,false,1,18.90,1.89,true,1,
7290002327073,false,בורקס גבינה 800 גר' שלושת האופים קהילות,נטו מלינדה סחר בע`מ,,,יח`,800,גרם,false,1,20.90,2.61,true,1,
7290002327912,false,מיני בורקס גבינה 700 גר`שלושת האופים,נטו מלינדה סחר בעמ,,,יח`,700,גרם,false,1,20.90,2.99,true,1,
7290002327929,false,מיני בורקס תפוח אדמה 700 גר שלושת האופים,נטו מלינדה סחר בע`מ,,,יח`,700,גרם,false,1,20.90,2.99,true,1,
7290002329718,false,עוגת דבש עוגל'ה 350 גרם-יחידה,בני פאוזי שמשום (2009) בעמ,,,יח`,350,גרם,false,1,7.90,2.26,true,1,
7290002331025,false,"מים מינרלים נביעות ספורט 500 מ""ל פקדון",החברה המרכזית להפצת משקאות בעמ,,,יח`,500,"מ""ל",false,1,3.40,0.62,false,1,
7290002331094,false,"מים מינרליים GO TO נביעות 755 מ""ל",החברה המרכזית להפצת משקאות בעמ,,,יח`,750,"מ""ל",false,1,4,0.49,false,1,
7290002331360,false,"נביעות מים מינרליים טו גו מארז 500X6מ""ל",החברה המרכזית להפצת משקאות בעמ,,,יח`,3,1 ליטר,false,1,17,5.07,true,1,
7290002331421,false,"שישיית מים מינרליים GO TO נביעות 755 מ""ל",החברה המרכזית להפצת משקאות בעמ,,,יח`,4.53,1 ליטר,false,1,17.30,3.42,false,1,
7290002331483,false,נביעות מים מינרלים שישיה בייבי 330 מ`ל,החברה המרכזית להפצת משקאות בעמ,,,יח`,1920,"מ""ל",false,1,14.90,0.68,false,1,
7290002331490,false,מים מינרלים נביעות (1 ליטר),החברה המרכזית להפצת משקאות בעמ,,,יח`,1,1 ליטר,false,1,3.30,3.30,true,1,
7290002345015,false,סינטה דק דק אל גאוצ'ו 250ג' מינוט,"טיבון ויל אחזקות בע""\מ",,,יח`,250,גרם,false,1,25.40,10.16,true,1,
7290002345022,false,אנטריקוט דק דק מינוט סטייק אל גאוצ'ו 250 גרם,"טיבון ויל אחזקות בע""\מ",,,יח`,250,גרם,false,1,25.40,10.16,true,1,
7290002348306,false,'קוקטייל פירות ויליגר 850 ג,נטו מילנדה סחר בעמ*,,,יח`,850,גרם,false,1,10.90,1.28,false,1,
7290002353836,false,סרדינים רוברט בשמן זית 115 גרם,קונסרבס פורטוגל נורטה,,,יח`,115,גרם,false,1,8.90,7.74,false,1,
7290002360155,false,חליטת תה פרחי שומר פומפדור 20 שקיקים,ש.שסטוביץ בעמ,,,יח`,40,גרם,false,1,17.30,43.25,true,1,
7290002360278,false,חליטת צמחים פומפדור מנטה 20 יחידות,"איטיליאן פוד, אס.פי.",,,יח`,45,גרם,false,1,17.30,38.44,true,1,
7290002371533,false,דקניקים סלסולי פסטרמה דבש טירת צבי 120 גרם,תנובה מרכז שיתופי לשיווק תוצרת,,,יח`,120,גרם,false,1,17.30,14.42,true,1,
7290002371939,false,סרוולד בסגנון צרפתי דליקטיב 120 גרם,תנובה מרכז שיתופי לשיווק תוצרת,,,יח`,120,גרם,false,1,30.50,25.42,true,1,
7290002374312,false,שמן קנולה מזוכך 6% מילומור (1 ליטר),"נארז ע""י : א.ג. גילר",,,יח`,1,1 ליטר,false,1,11.90,11.90,false,1,
7290002407102,false,זית סנטה מבוקע ענק ג`השאן (800 גרם),אבאל יזמות בעמ,,,יח`,800,גרם,false,1,22.90,2.86,false,1,
7290002407348,false,"שמן זית כתית מעולה 750 מ""ל ג'השאן",משק משפחת ג'השאן,,,יח`,750,"מ""ל",false,1,35.90,4.79,false,1,
7290002407454,false,שמן זית סורי כתית מעולה 750 מל,אבאל יזמות בעמ,,,יח`,750,"מ""ל",false,1,45.90,6.12,false,1,
7290002407645,false,שמן זית כתית מעולה ( 750 מל) ארץ הגליל,אבאל יזמות בעמ,,,יח`,750,"מ""ל",false,1,30.90,4.12,true,1,
7290002410713,false,קישקע- מעדני הטלה מוביל,לאטי עזרא גלם ודגים,,,יח`,500,גרם,false,1,9.90,1.98,false,1,
7290002507604,false,פיצה שגב השף מאיטליה 350 גרם,האי נאם סי או אל.טי.,,,יח`,320,גרם,false,1,16.90,5.28,true,1,
7290002512004,false,מלווח צנעני 900 גרם קפוא,צנעני מוצרי בצק בעמ,,,יח`,900,גרם,false,1,19.90,2.21,false,1,
7290002512011,false,ג`חנון צנעני (900 גרם),צנעני מוצרי בצק בעמ,,,יח`,900,גרם,false,1,19.90,2.21,false,1,
7290002512035,false,בצק עלים צנעני (1 קג),צנעני מוצרי בצק בעמ,,,יח`,1,"ק""ג",false,1,17.90,17.90,false,1,
7290002512257,false,מלווח מפחת שומן 700 גרם צנעני,צנעני מוצרי בצק בעמ,,,יח`,700,גרם,false,1,17.90,2.56,false,1,
7290002512264,false,צנעני גחנון מופחת שומן רווי 700 גר',צנעני מוצרי בצק בעמ,,,יח`,700,גרם,false,1,17.90,2.56,false,1,
7290002515333,false,"ד""ר פישר - קמיל בלו סנסיטיב אל סבון עדין לתינוק 500 מ""ל","פישר תעשיות פרמצביטות בע""מ",,,יח`,500,"מ""ל",false,1,18.90,3.78,false,1,
7290002515364,false,"קמיל בלו אל סבון לתינוק קלאסיק ד""ר פישר 500 מ""ל","פישר תעשיות פרמצביטות בע""מ",,,יח`,500,"מ""ל",false,1,18.50,3.70,false,1,
7290002515371,false,"קמיל בלו אל סבון לתינוקות ד""ר פישר 1 ליטר","פישר תעשיות פרמצביטות בע""מ",,,יח`,1,1 ליטר,false,1,32.90,32.90,true,1,
7290002517269,false,"פלפל שחור שלם 350 גרם ""טעם וריח""",תבליני טעם וריח בעמ,,,יח`,35,גרם,false,1,9.90,28.29,false,1,
7290002517290,false,תבלין קינמון טחון 40 גר' מיכל,"תבליני טעם וריח בע""מ",,,יח`,40,גרם,false,1,6.90,17.25,false,1,
7290002517337,false,אורגנו עלים 20 גר' טעם וריח,"תבליני טעם וריח בע""מ",,,יח`,20,גרם,false,1,6.90,34.50,false,1,
7290002517801,false,תבלין צ'ילי כתוש - חריף (פלפל קיינה) 30 ג',"תבליני טעם וריח בע""מ",,,יח`,30,גרם,false,1,6.90,23,false,1,
7290002542780,false,"שישייה בירה סטלה ארטואה בקבוק 330X6 מ""ל","אינבב, ברוורייפליין",,,יח`,1.98,1 ליטר,false,1,36.90,17.73,false,1,
7290002542810,false,"בירה הוגרדן בקבוק 330 מ""ל","אינבב, ברוורייפליין",,,יח`,330,"מ""ל",false,1,12.90,3.82,false,1,
7290002542865,false,"שישייה בירה הוגרדן בקבוק 330X6 מ""ל","אינבב, ברוורייפליין",,,יח`,1.98,1 ליטר,false,1,50.90,24.80,false,1,
7290002551003,false,נתחי טונה בהירה בשמן סטארקיסט (160 גרם),דיפלומט מפיצים (1968) בעמ**,,,יח`,160,גרם,false,1,8.70,5.44,false,1,
7290002551010,false,נתחי טונה בהירה במים סטארקיסט (160 גרם),דיפלומט מפיצים (1968) בעמ**,,,יח`,160,גרם,false,1,8.70,5.44,false,1,
7290002577492,false,"פילה דג הרינג מלוח בשמן, 340 גרם",מיוצר על ידי קוד יצר,,,יח`,240,גרם,false,1,25.90,10.79,true,1,
7290002603498,false,פיצת השף מאיטליה CHEF שגב אנטיפסטי 220,נטו מילנדה סחר בעמ*,,,יח`,220,גרם,false,1,15.90,7.23,true,1,
7290002628064,false,בשר בקר טחון קפוא בלדי (500 גרם),יוליניבר,,,יח`,500,גרם,false,1,16.90,3.38,false,1,
7290002661153,false,לחם דני קל פרוס ברמן (1 קג),מאפית י את א ברמן בע,,,יח`,1000,גרם,false,1,15.90,1.59,false,1,
7290002661214,false,ברמן לחם גליל קל מהדרין 750 גרם,מאפית י את א ברמן בע,,,יח`,700,גרם,false,1,12.50,1.79,false,1,
7290002692393,false,שמן קנולה מזוכך מועשר עץ הזית (1 ליטר),סוגת תעשיות בעמ,,,יח`,1,1 ליטר,false,1,16.90,16.90,true,1,
7290002692768,false,"תרסיס שמן קנולה מזוכך ללא תוספת גז עץ הזית 200 מ""ל",טרנסומס פוד איי בי,,,יח`,200,"מ""ל",false,1,21.90,10.95,true,1,
7290002692782,false,"תרסיס שמן זית כתית מעולה ללא תוספת גז עץ הזית 150 מ""ל",י.ב טכנולוגיות אריזה,,,יח`,150,"מ""ל",false,1,21.90,14.60,false,1,
7290002706960,false,פילה בינתן(ברבוניה) 400 גר`,נטו מלינדה סחר בעמ,,,יח`,400,גרם,false,1,24.90,6.23,false,1,
7290002730262,false,נוזל לניקוי כלים קלאסי פלמוליב (750 מל),יבואן ומשווק: ש. שסט,,,יח`,750,"מ""ל",false,1,13.90,1.85,true,1,
7290002730354,false,תחבושת הגיינית וניה מקסי לילה 12 יח',ש.שסטוביץ בעמ,,,יח`,1,,false,1,26.50,26.50,false,1,
7290002730903,false,פלמוליב סבון מוצק ורדים רביעייה * 125 ג',הנסיך- מפעל לייצור ט,,,יח`,400,גרם,false,1,15.90,3.98,false,1,
7290002730941,false,כדורי צמר גפן בלונס 100 יחידות,הנסיך- מפעל לייצור ט,,,יח`,100,גרם,false,1,7.50,7.50,false,1,
7290002752332,false,"סוכריות מנטוס פירות בגליל, 37.5 גרם",הדקלאים אגודת שיתופי,,,יח`,37.50,גרם,false,1,4,10.67,true,1,
7290002752349,false,סוכריות מנטוס מנטה 40יח' בגליל 38ג',ליימן שליסל בעמ,,,יח`,37.50,גרם,false,1,4,10.67,true,1,
7290002752493,false,רביעיה סוכריות מנטה 4* 16 ג' טיק טק,פרימיום-חברה לדברי מתיקה ולמסח,,,יח`,250,גרם,false,1,12.20,4.88,false,1,
7290002753223,false,רביעייה סוכריות תפוז 4*16 ג' טיק טק,פרימיום-חברה לדברי מתיקה ולמסח,,,יח`,250,גרם,false,1,12.20,4.88,false,1,
7290002757139,false,מלוואח 700 גר' שלושת האופים קהילות,נטו מלינדה סחר בע`מ,,,יח`,700,גרם,false,1,16.90,2.41,true,1,
7290002757528,false,"בורקס פילו תפו""א 700 גרם שלושת האופים",שלושת האופים שגמור,,,יח`,700,גרם,false,1,20.90,2.99,true,1,
7290002757672,false,המבורגר מזרחי טיבון ויל 400ג',נטו מילנדה סחר בעמ*,,,יח`,400,גרם,false,1,10.90,2.73,false,1,
7290002775010,false,מיני בורקס פילו גבינה שלושת האופים מהדרין 650 ג',שלושת האופים שגמור,,,יח`,650,גרם,false,1,20.90,3.22,true,1,
7290002787884,false,"מקלות פילו תפו""א 600 גרם שלושת האופים",נטו מלינדה סחר בע`מ,,,יח`,600,גרם,false,1,20.90,3.48,true,1,
7290002787891,false,מקלות פילו תרד 600 גרם שלושת האופים,נטו מלינדה סחר בע`מ,,,יח`,600,גרם,false,1,20.90,3.48,true,1,
7290002814016,false,"מסיר שומנים מתז 750 מ""ל סנט מוריץ כשל""פ עד""ח",קומפלקס כימיקלסבעמ ~~~,,,יח`,750,"מ""ל",false,1,12.90,1.72,false,1,
7290002814078,false,סנט מוריץ נוזל לניקוי אמבט אנטרטיק 1ל',קומפלקס כימיקלסבעמ ~~~,,,יח`,1,1 ליטר,false,1,8.90,8.90,true,1,
7290002814290,false,קצף מרוכז blanco בניחוח לימון משמיד 99.9% חיידקים סנט מוריץ 1 ליטר,קומפלקס כימיקלים בעמ,,,יח`,1,1 ליטר,false,1,13.90,13.90,true,1,
7290002814528,false,סנט מוריץ נוזל לאסלה No1 ירוק 1 ליטר,קומפלקס כימיקלסבעמ ~~~,,,יח`,1,1 ליטר,false,1,6.90,6.90,true,1,
7290002814603,false,"סנט מוריץ - מרסס מסיר שומנים קר מבושם לימון 750 מ""ל",קומפלקס כימיקלים בעמ,,,יח`,750,"מ""ל",false,1,13.90,1.85,true,1,
7290002824183,false,"גבינה לבנה סקי 500 גרם 5% ""שטראוס"" -מוצר בפיקוח",שטראוס גרופ בעמ/מצונן,,,יח`,500,גרם,false,1,9.50,1.90,false,1,
7290002824466,false,יוגורט דנונה ביו לבן 0% שומן 200 גרם,שטראוס גרופ בעמ/מצונן,,,יח`,200,"מ""ל",false,1,3.70,1.85,false,1,
7290002824640,false,"גבינת סקי 250 גרם 5% ""שטראוס"" -מוצר בפיקוח",שטראוס גרופ בעמ/מצונן,,,יח`,250,גרם,false,1,4.97,1.99,false,1,
7290002825722,false,כרוב אדום במיונז אחלה (500 גרם),שטראוס גרופ בעמ/מצונן,,,יח`,575,גרם,false,1,15.60,2.71,true,1,
7290002842002,false,פתיתי שיבולת שועל קוואקר אנגלי מורנפלייק,ליימן שליסל בעמ,,,יח`,500,גרם,false,1,10.90,2.18,false,1,
7290002868996,false,"קוטג' 5% שומן, רכיבים טבעיים, 250 גרם",החברה המרכזית טלהפצת משקאות בע,,,יח`,250,גרם,false,1,5.60,2.24,false,1,
7290002871248,false,"בירה טובורג רד בקבוק 500 מ""ל חוזר",החברה המרכזית להפצת משקאות בעמ,,,יח`,500,"מ""ל",false,1,8.10,1.38,false,1,
7290002871361,false,"בירה קרלסברג בקבוק 500 מ""ל חוזר",החברה המרכזית להפצת משקאות בעמ,,,יח`,500,"מ""ל",false,1,8.10,1.38,false,1,
7290002881612,false,לפתן דובדבנים חמוצים ללא חרצן תומר 720 ג',תומר יבוא ושיווק מוצרי מזון (1,,,יח`,680,גרם,false,1,9.90,1.46,false,1,
7290002881957,false,סרדינים מרוקאי חריף בשמן חמניות 125ג' תומר,תומר ייבוא ושיווק מוצרי מזון [,,,יח`,125,גרם,false,1,5.90,4.72,false,1,
7290002881988,false,סרדינים בשמן חמניות ולימון תומר 125 גרם,תומר ייבוא ושיווק מוצרי מזון [,,,יח`,125,גרם,false,1,5.90,4.72,false,1,
7290002909576,false,בשר בקר טחון לקציצות ולקבב 500 ג' 12 יח',יוליניבר,,,יח`,500,גרם,false,1,12.90,2.58,false,1,
7290002922117,false,מקלות קינמון וסוכר חום,הלל בן הלל שיווק ומסחר בעמ,,,יח`,1,,false,1,22.90,22.90,false,1,
7290002929642,false,נתחי טונה בהירה בשמן ויליגר (140x4 גרם),דיאמנט פוד פרודקט קו,,,יח`,460,גרם,false,1,21.90,4.76,false,1,
7290002971993,false,קמח כוסמין מלא ללא צורך בניפוי 1 קג שטיב,טחנות קמח שטיבל בש בעמ,,,יח`,1000,גרם,false,1,14.90,1.49,false,1,
7290002972365,false,קמח תופח שטיבל 13 ללא צורך בניפוי 1 קג,טחנות קמח שטיבל בש בעמ,,,יח`,1,"ק""ג",false,1,8.90,8.90,true,1,
7290002972426,false,"קמח 80% מלא ללא צורך בניפוי 1 ק""ג*",טחנות קמח שטיבל בש בעמ,,,יח`,1,"ק""ג",false,1,9.50,9.50,true,1,
7290002973669,false,"קמח שטיבל ללחם 2 ללא ניפוי 1 ק""ג",טחנת קמח דגן-שטיבל,,,יח`,1,"ק""ג",false,1,9.50,9.50,true,1,
7290002973812,false,קמח כוסמין (80% 1 קג)ללא צורך בניפוי ש,טחנות קמח שטיבל בש בעמ,,,יח`,1000,גרם,false,1,14.90,1.49,false,1,
7290002973829,false,קמח כוסמין לבן( 1 קג) ללא צורך ניפוי ש,טחנות קמח שטיבל בש בעמ,,,יח`,1000,גרם,false,1,14.90,1.49,false,1,
7290002974116,false,"קמח כפרי ללא צ.בניפוי שטיבל 1 ק""ג*",טחנות קמח שטיבל בש בעמ,,,יח`,1,"ק""ג",false,1,9.50,9.50,true,1,
7290002974222,false,קמח עוגיות ללא צורך בניפוי 1 קג שטיבל,טחנות קמח שטיבל בש בעמ,,,יח`,1,"ק""ג",false,1,9.50,9.50,true,1,
7290002974239,false,"קמח עוגות ללא צ.בניפוי שטיבל 1 ק""ג*",טחנות קמח שטיבל בש בעמ,,,יח`,1,"ק""ג",false,1,9.50,9.50,true,1,
7290002974314,false,"קמח פיצה שטיבל 1 ק""ג",טחנת קמח דגן-שטיבל,,,יח`,1,"ק""ג",false,1,11.50,11.50,false,1,
7290002987963,false,"חומוס אחלה 1 ק""ג שטראוס",שטראוס גרופ בעמ/מצונן,,,יח`,10000,גרם,false,1,14.50,0.15,false,1,
7290003009312,false,בוטן קלוי 200 גרם שקית קליית גת,הדקלאים אגודת שיתופי,,,יח`,200,גרם,false,1,7.90,3.95,true,1,
7290003009329,false,בוטנים אמריקאיים קליית גת (200 גרם),הדקלאים אגודת שיתופי,,,יח`,200,גרם,false,1,6.90,3.45,false,1,
7290003009336,false,קבוקים קליית גת (200 גרם),הדקלאים אגודת שיתופי,,,יח`,200,גרם,false,1,6.90,3.45,false,1,
7290003011087,false,אורז בסמטי 1 קג` שקית כחולה דין שיווק,דין שיווק וקליה 2021 בעמ,,,יח`,1,"ק""ג",false,1,12.20,12.20,true,1,
7290003026036,false,"ד""ר פישר - קמיל בלו סנסיטיב אל סבון עדין לתינוק 1 ליטר","פישר תעשיות פרמצביטות בע""מ",,,יח`,1,1 ליטר,false,1,34.90,34.90,true,1,
7290003026234,false,"ד""ר פישר - קמיל בלו תחליב לתינוק 500 מ""ל","פישר תעשיות פרמצבטיות בע""מ",,,יח`,500,"מ""ל",false,1,33.60,6.72,true,1,
7290003029181,false,משקה יטבתה שוקו' בקבוק 1ל מהדרין,שטראוס גרופ בעמ/מצונן,,,יח`,1,1 ליטר,false,1,11.90,11.90,false,1,
7290003029372,false,יטבתה משקה בטעם בננה %3 בקבוק 1 ליטר,שטראוס גרופ בעמ/מצונן,,,יח`,1,1 ליטר,false,1,11.90,11.90,false,1,
7290003029389,false,"משקה חלב בננה פקק ספורט 250 מ""ל יוטבתה",שטראוס גרופ בעמ/מצונן,,,יח`,250,"מ""ל",false,1,5.50,2.20,false,1,
7290003029433,false,"משקה יטבתה שוקו פקק 250 מ""ל מהדרין",שטראוס גרופ בעמ/מצונן,,,יח`,250,"מ""ל",false,1,5.60,2.24,false,1,
7290003029532,false,מוקה בבקבוק יטבתה 1 ליטר מהדרין,שטראוס גרופ בעמ/מצונן,,,יח`,1,1 ליטר,false,1,11.90,11.90,false,1,
7290003029792,false,"משקה יטבתה שוקו שקיות מהדרין מארז 225X8מ""ל",שטראוס גרופ בעמ/מצונן,,,יח`,1.80,1 ליטר,false,1,19.90,11.06,false,1,
7290003029815,false,כד חלב 3% יטבתה 2 ליטר מהדרין,שטראוס גרופ בעמ/מצונן,,,יח`,2000,"מ""ל",false,1,15.20,0.76,false,1,
7290003029907,false,משקה חלב אייס קפה 2% יטבתה (1 ליטר,שטראוס גרופ בעמ/מצונן,,,יח`,1,1 ליטר,false,1,11.90,11.90,false,1,
7290003072972,false,קבנוס בתיבול מעושן טירת צבי 120 גרם,טיב טירת צבי 2000,,,יח`,120,גרם,false,1,12.90,10.75,true,1,
7290003102136,false,צמר גפן COTTON SOFT רפואי 100 גר' 3102136,הדקלאים אגודת שיתופי,,,יח`,1,,false,1,6.50,6.50,false,1,
7290003102990,false,פדים להסרת איפור 80 יח',אינטרסן (1996) בעמ,,,יח`,1,,false,1,8.40,8.40,false,1,
7290003107315,false,סולת בשקית טחנת קמח דגן (1 קג),טחנות קמח דגן (2006) בעמ,,,יח`,1,"ק""ג",false,1,4.40,4.40,false,1,
7290003107346,false,קמח חיטה לבן בדץ טחנת קמח דגן (1 קג),טחנות קמח דגן (2006) בעמ,,,יח`,1,"ק""ג",false,1,4.40,4.40,false,1,
7290003126958,false,טופו גבינה גוש בואקום צוריאל 300 ג',החברה המרכזית טלהפצת משקאות בע,,,יח`,300,גרם,false,1,12.70,4.23,false,1,
7290003141159,false,יוגטה מרשמלו ממתק מוקצף בטעמי תות שדה ווניל 180 גרם,ליימן שליסל בעמ,,,יח`,180,גרם,false,1,9.90,5.50,true,1,
7290003142422,false,גרעיני חמניה בשקית ללא מלח קליית גת 180 גרם,ליימן שליסל בעמ,,,יח`,180,גרם,false,1,6.90,3.83,false,1,
7290003143139,false,סילאן תמרים קלית גת 900 ג',ליימן שליסל בעמ,,,יח`,900,גרם,false,1,16.30,1.81,false,1,
7290003143146,false,ממרח תמרים קליית גת (450 גרם),הדקלאים אגודת שיתופי,,,יח`,450,גרם,false,1,7.10,1.58,false,1,
7290003143276,false,יוגטה מרשמלו ממתק מוקצף בטעם תות שדה 180 גרם,תות ממתקי איכות,,,יח`,180,גרם,false,1,9.90,5.50,true,1,
7290003143337,false,סילאן רכיבים טבעיים לחיץ קליית גת 350 גרם,ליימן שליסל בעמ,,,יח`,350,גרם,false,1,18.30,5.23,true,1,
7290003144310,false,תערובת אגוזים וחמוציות קליית גת 150 גרם,ליימן שליסל בעמ,,,יח`,150,גרם,false,1,16.90,11.27,false,1,
7290003144419,false,סילאן טבעי קליית גת (710 גרם),ליימן שליסל בעמ,,,יח`,710,גרם,false,1,19.90,2.80,false,1,
7290003145751,false,אגוזי קשיו קלויים קליית גת (200 גרם),הדקלאים אגודת שיתופי,,,יח`,200,גרם,false,1,15.90,7.95,false,1,
7290003145959,false,פקאן טבעי קליית גת 150 גרם,ליימן שליסל בעמ,,,יח`,150,גרם,false,1,20.90,13.93,false,1,
7290003163939,false,מעדני הטלה נקניקיות,לאטי עזרא בעמ,,,יח`,1.50,"ק""ג",false,1,25.90,17.27,false,1,
7290003217052,false,פיתות כפריות קלות 5 יח`דגנית,דגנית עין בר תעשיות מזון ואפיה,,,יח`,500,גרם,false,1,6.30,1.26,false,1,
7290003224128,false,כיסוני תפוא 800 גר`קפוא מאמא מרי,מאמא - מרי בעמ,,,יח`,800,גרם,false,1,17.90,2.24,false,1,
7290003224258,false,כיסונים במילוי בשר 1.5 קג מאמא מרי,מאמא - מרי בעמ,,,יח`,1.50,"ק""ג",false,1,50.90,33.93,false,1,
7290003224456,false,"כיסונים בשר סיבירסקי מאמא מרי 1 ק""ג",מאמא - מרי בעמ,,,יח`,1,"ק""ג",false,1,28.90,28.90,false,1,
7290003224463,false,כיסונים בשר אוראינסקי 1 קג`מאמא מרי,מאמא - מרי בעמ,,,יח`,1,"ק""ג",false,1,28.90,28.90,false,1,
7290003224487,false,"כיסונים בשר 1 ק""ג מאמא מרי",מאמא - מרי בעמ,,,יח`,1,"ק""ג",false,1,28.90,28.90,false,1,
7290003229109,false,פסטרמה הודו בפפריקה טירת צבי (400 גרם),תנובה מרכז שיתופי לשיווק תוצרת,,,יח`,400,גרם,false,1,34.60,8.65,true,1,
7290003229116,false,פסטרמה הודו בדבש שומן טירת צבי 400 גרם,תנובה מרכז שיתופי לשיווק תוצרת,,,יח`,400,גרם,false,1,34.60,8.65,true,1,
7290003229123,false,פסטרמה הודו על גחלים 2% טירת צבי 400 גרם,תנובה מרכז שיתופי לשיווק תוצרת,,,יח`,400,גרם,false,1,34.60,8.65,true,1,
7290003229147,false,נקניק סלמי איטלקי מעושן טירת צבי 300 גרם,תנובה מרכז שיתופי לשיווק תוצרת,,,יח`,300,גרם,false,1,31.60,10.53,true,1,
7290003229154,false,נקניק סלמי קוניאק טירת צבי 300 גרם,תנובה מרכז שיתופי לשיווק תוצרת,,,יח`,300,גרם,false,1,31.60,10.53,true,1,
7290003229192,false,נקניק כתף בקר מעושן 2% טירת צבי 400 גרם,תנובה מרכז שיתופי לשיווק תוצרת,,,יח`,400,גרם,false,1,37.70,9.43,true,1,
7290003229208,false,פסטרמה ספרדית 2% טירת צבי 360 גרם,תנובה מרכז שיתופי לשיווק תוצרת,,,יח`,360,גרם,false,1,34.60,9.61,true,1,
7290003229215,false,פסטרמה איטלקית 3.5% טירת צבי 360 גרם,תנובה מרכז שיתופי לשיווק תוצרת,,,יח`,360,גרם,false,1,34.60,9.61,true,1,
7290003268252,false,לחם חיטה מלא לילדים 750 ג' דגנית עין בר,דגנית עין בר תעשיות מזון ואפיה,,,יח`,750,גרם,false,1,14.50,1.93,false,1,
7290003268429,false,לחם ירוק מקמח מלא דגנית עין בר (750 גרם),דגנית עין בר תעשיות מזון ואפיה,,,יח`,750,גרם,false,1,14.90,1.99,false,1,
7290003321155,false,יוגורט בר עם פקאן מצופה שוקולד 183 ג' דנונה,שטראוס גרופ בעמ/מצונן,,,יח`,175,"מ""ל",false,1,4.50,2.57,false,1,
7290003332007,false,קפה שחור עם הל נח`לה אדום (250 גרם),סובחי נחלה ובניו בעמ,,,יח`,250,גרם,false,1,15.20,6.08,false,1,
7290003332045,false,קפה שחור בלי הל נח`לה אדום (250 גרם),סובחי נחלה ובניו בעמ,,,יח`,250,גרם,false,1,15.20,6.08,false,1,
7290003401376,false,"קרם לחות ועיצוב לשיער אלוורה נטורל 400 מ""ל",החברה הדרומית לשיווק בעמ,,,יח`,400,"מ""ל",false,1,23.40,5.85,true,1,
7290003411689,false,לפתניות פלסטיק חד פעמיות 25 יח`,הנמל אריזות ושיווק (1984) בעמ,,,יח`,1,,false,1,4.90,4.90,true,1,
7290003411726,false,קיסמי שיניים מלחיה הנמל 300יח',הנמל אריזות ושיווק (1984) בעמ,,,יח`,1,,false,1,5.40,5.40,false,1,
7290003411832,false,גרנולה אגוזים הנמל (400 גרם),הנמל אריזות ושיווק (1984) בעמ,,,יח`,400,גרם,false,1,11.30,2.83,false,1,
7290003427154,false,"שמן זית כתית מעולה טעם מעודן זיתא 750 מ""ל",תה ויסוצקי (ישראל) בעמ,,,יח`,750,"מ""ל",false,1,29.90,3.99,true,1,
7290003438006,false,ממרח אולביה פסטו וצנובר איטלקי 190ג',תה ויסוצקי (ישראל) בעמ,,,יח`,190,גרם,false,1,14.90,7.84,true,1,
7290003438020,false,אוליביה ממרח עגבניות מיובשות (190 גרם),תה ויסוצקי (ישראל) בעמ,,,יח`,190,גרם,false,1,14.90,7.84,true,1,
7290003438709,false,ממרח אולביה זיתים שחורים וירוקים 190 ג',תה ויסוצקי (ישראל) בעמ,,,יח`,190,גרם,false,1,14.90,7.84,true,1,
7290003450602,false,חרדל אמיתי צהוב בקבוק לחיץ 255 גר,היינץ צפון אמריקה מקבוצת ה.י.היינץ,,,יח`,255,גרם,false,1,13.20,5.18,false,1,
7290003514007,false,מנה שקדי מרק מנה 400 גרם,ש.שסטוביץ בעמ,,,יח`,400,גרם,false,1,11.20,2.80,false,1,
7290003521081,false,"סרקל שמפו אל דמע לילדים ד""ר פישר 1 ליטר","פישר תעשיות פרמצביטות בע""מ",,,יח`,1,1 ליטר,false,1,31.90,31.90,false,1,
7290003521197,false,"ד""ר פישר - סרקל תרסיס מתיר קשרים 340 מ""ל","פישר תעשיות פרמצביטות בע""מ",,,יח`,340,"מ""ל",false,1,29.50,8.68,false,1,
7290003521463,false,"קמיל בלו שמפו לשיער אל דמע ד""ר פישר 2 ליטר","פישר תעשיות פרמצביטות בע""מ",,,יח`,2,1 ליטר,false,1,43.80,21.90,false,1,
7290003524297,false,אספרגוס לבן שלם בצנצנת ויליגר 330 גרם,צ'אמפהאוס טרידייג קו,,,יח`,330,גרם,false,1,10.90,3.30,false,1,
7290003550753,false,נתחי טונה בהירה בשמן פוסידון (108x4 גרם),נטו מילנדה סחר בעמ*,,,יח`,432,גרם,false,1,22.90,5.30,true,1,
7290003578061,false,לבבות דקל שלמים וילי פוד (400 גרם),ג.וילי-פוד אינטרנשיונל בעמ,,,יח`,400,גרם,false,1,13.90,3.48,false,1,
7290003578108,false,חתיכות אננס בסירופ קל וילי פוד (850 גרם),ג.וילי-פוד אינטרנשיונל בעמ,,,יח`,820,גרם,false,1,9.90,1.21,false,1,
7290003578177,false,תירס צעיר שלם וילי פוד (410 גרם),ג.וילי-פוד אינטרנשיונל בעמ,,,יח`,410,גרם,false,1,7.50,1.83,false,1,
7290003578313,false,דובדבנים ללא חרצנים ויליפוד 680 גרם,ג. וילי-פוד אינטרנשיונל בע`מ,,,יח`,720,גרם,false,1,9.50,1.32,true,1,
7290003598311,false,דק דק אנטריקוט 300 גר` קפוא פרוס מינוט,"בלדי בע""\מ",,,יח`,300,גרם,false,1,34.90,11.63,true,1,
7290003643004,false,אורז בסמטי קלאסי סוגת (1 קג),האי נאם סי או אל.טי.,,,יח`,1,"ק""ג",false,1,14.90,14.90,true,1,
7290003643127,false,עשיריה אבקת אפיה 10*10 גרם סוגת,גוד פוד פרודקטס S.p,,,יח`,100,גרם,false,1,3,3,false,1,
7290003643387,false,סוכר לבן בצנצנת פלסטיק 1 ק`ג,האי נאם סי או אל.טי.,,,יח`,1,"ק""ג",false,1,8.90,8.90,false,1,
7290003643646,false,"סוכר דמררה קלאסי בצנצנת סוגת 1 ק""ג",האי נאם סי או אל.טי.,,,יח`,1000,גרם,false,1,12.90,1.29,false,1,
7290003643684,false,אפונה יבשה סוגת 500 גר',האי נאם סי או אל.טי.,,,יח`,500,גרם,false,1,7.90,1.58,true,1,
7290003643714,false,חומוס גרגירים 500 גרם סוגת,האי נאם סי או אל.טי.,,,יח`,500,גרם,false,1,8.90,1.78,true,1,
7290003643738,false,חיטה סוגת (500 גרם),האי נאם סי או אל.טי.,,,יח`,500,גרם,false,1,6.50,1.30,true,1,
7290003643745,false,כוסמת סוגת (500 גרם),האי נאם סי או אל.טי.,,,יח`,500,גרם,false,1,8.90,1.78,true,1,
7290003643752,false,עדשים ירוקים יבש סוגת 500 גר',האי נאם סי או אל.טי.,,,יח`,500,גרם,false,1,8.90,1.78,true,1,
7290003643769,false,עדשים אדומים יבש סוגת 500 גר',"סוגת תעשיות בע""\מ",,,יח`,500,גרם,false,1,8.90,1.78,true,1,
7290003643776,false,"פופקורן גרעינים סוגת 500 ג' כשל""פ",האי נאם סי או אל.טי.,,,יח`,500,גרם,false,1,7.50,1.50,true,1,
7290003643783,false,קוקוס טחון סוגת 100 גרם,האי נאם סי או אל.טי.,,,יח`,100,גרם,false,1,4.70,4.70,false,1,
7290003643806,false,שעועית לבנה יבשה סוגת (500 גרם),האי נאם סי או אל.טי.,,,יח`,500,גרם,false,1,13.90,2.78,true,1,
7290003643813,false,שעועית אדומה יבשה סוגת 500 גר',האי נאם סי או אל.טי.,,,יח`,500,גרם,false,1,11.50,2.30,true,1,
7290003643820,false,חומוס ענק יבש סוגת 500 גרם,"סוגת תעשיות בע""\מ",,,יח`,500,גרם,false,1,13.90,2.78,true,1,
7290003681051,false,אגוזי פאקן סיני מסוכר 100 גר' מיה,מיה תעשיות מזון מ.ת.מ. בעמ,,,יח`,100,גרם,false,1,18.90,18.90,false,1,
7290003681303,false,שעועית מעורבת יבשה מיה 500 גר',מיה תעשיות מזון מ.ת.מ. בעמ,,,יח`,500,גרם,false,1,13.20,2.64,false,1,
7290003681334,false,"קוקוס 400 גרם מיה בד""צ",מיה תעשיות מזון מ.ת.מ. בעמ,,,יח`,400,גרם,false,1,13.20,3.30,false,1,
7290003681365,false,קישוט לעוגה צבעוני בבצנצנת מיה 80 גרם,מיה תעשיות מזון מ.ת.מ. בעמ,,,יח`,200,גרם,false,1,7.10,3.55,false,1,
7290003681693,false,חומוס לבן ענק יבש מיה 500 גר',מיה תעשיות מזון מ.ת.מ. בעמ,,,יח`,500,גרם,false,1,12.20,2.44,false,1,
7290003681716,false,גריסי פנינה מיה (500 גרם),מיה תעשיות מזון מ.ת.מ. בעמ,,,יח`,500,גרם,false,1,7.40,1.48,false,1,
7290003718610,false,"במיה 400 ג' בית יוסף כשל""פ",בלדי בעמ,,,יח`,400,גרם,false,1,10.90,2.73,false,1,
7290003718627,false,"פול ירוק 400 ג' בית יוסף כשל""פ",בלדי בעמ,,,יח`,400,גרם,false,1,10.90,2.73,false,1,
7290003719259,false,לחם אקסקלוסיבי פרוס ליבו (1 קג),מאפית י את א ברמן בע,,,יח`,1,"ק""ג",false,1,16.20,16.20,false,1,
7290003726141,false,טופו אמיתי כפרי בריא 300 גרם,מחלבות גד שיווק 1992 בעמ,,,יח`,320,גרם,false,1,12.90,4.03,false,1,
7290003726615,false,"טופו ויילר 300 גרם ""שטראוס""",שטראוס גרופ בעמ/מצונן,,,יח`,300,גרם,false,1,12.50,4.17,true,1,
7290003726622,false,טופו פיקנטי 300 ג' משק ויילר,שטראוס גרופ בעמ/מצונן,,,יח`,300,גרם,false,1,13.90,4.63,false,1,
7290003726684,false,טופו חומוס בטעם טבעי 300 ג' משק ויילר,שטראוס גרופ בעמ/מצונן,,,יח`,300,גרם,false,1,14.90,4.97,true,1,
7290003726868,false,טופו חומוס בתוספת עגבניות מיובשות 300 ג' משק ויילר,שטראוס גרופ בעמ/מצונן,,,יח`,300,גרם,false,1,13.90,4.63,true,1,
7290003744848,false,אובלטים גריל ברביקיו,שוקוטרייד בעמ,,,יח`,300,גרם,false,1,13.20,4.40,false,1,
7290003781065,false,מלפפונים בחומץ קטנים מאוד וילי פוד 370 גרם,ג. וילי-פוד אינטרנשיונל בע`מ,,,יח`,690,גרם,false,1,10.90,1.58,false,1,
7290003781850,false,גבינת קשקבל פרוסות 200 גרם - דיספליי (18),ג.וילי-פוד אינטרנשיונל **גבינו,,,יח`,200,גרם,false,1,20.90,10.45,false,1,
7290003804252,false,תיבוליות לאורז בנוסח הודי קנור 80גרם,יוניליוור ישראל שיווק בע`מ,,,יח`,80,גרם,false,1,10.90,13.63,false,1,
7290003804320,false,תיבולית שום ופטרוזיליה קנור 72 גרם,יוניליוור ישראל שיווק בע`מ,,,יח`,80,גרם,false,1,10.90,13.63,false,1,
7290003804382,false,תיבוליות פטריות קנור (8 יח`- 72 גרם),יוניליוור ישראל שיווק בע`מ,,,יח`,72,גרם,false,1,10.90,15.14,false,1,
7290003805501,false,"פתית בסגנון שוודי תלמה בד""צ 300 גרם",יוניליוור ישראל שיווק בע`מ,,,יח`,300,גרם,false,1,19.30,6.43,false,1,
7290003805587,false,"פתית חיטה מלאה בד""צ 250 גרם-קופסא",יוניליוור ישראל שיווק בע`מ,,,יח`,250,גרם,false,1,19.30,7.72,false,1,
7290003807482,false,קנור רוטב טריאקי מופחת נתרן 370 גרם,יוניליוור ישראל שיווק בע`מ,,,יח`,300,"מ""ל",false,1,13.90,4.63,false,1,
7290003864478,false,סרדינים בשמן צמחי פתח קל ויליפוד 110 גרם,ג.וילי-פוד אינטרנשיונל בעמ,,,יח`,110,גרם,false,1,6.10,5.55,true,1,
7290003864485,false,סרדינים ברוטב עגבנ יות ויליפוד 110ג' פתח קל,ג. וילי-פוד אינטרנשיונל בע`מ,,,יח`,110,גרם,false,1,6.10,5.55,true,1,
7290003864492,false,סרדינים בשמן צמחי חריף פתח קל ויליפוד 110ג',ג. וילי-פוד אינטרנשיונל בע`מ,,,יח`,110,גרם,false,1,6.10,5.55,true,1,
7290003882922,false,עלי גפן ממולאים באורז וילי פוד 360 גרם,ג. וילי-פוד אינטרנשיונל בע`מ,,,יח`,400,גרם,false,1,9.90,2.48,false,1,
7290003896141,false,חטיף ספרדי פיקנטי אלמנדוס 200 גרם,הדקלאים אגודת שיתופי,,,יח`,200,גרם,false,1,9.90,4.95,false,1,
7290003962013,false,סחוג אדום 200 גר`,מטעמי אביטלי,,,יח`,200,גרם,false,1,12.90,6.45,false,1,
7290003962099,false,פלפל צומה 200 גר`,מטעמי אביטלי,,,יח`,1,,false,1,12.90,12.90,false,1,
7290003976140,false,נוזל רצפות דוחה חרקים 2 ליטר טא`צ,סאסאטק אגשח בעמ,,,יח`,200,"מ""ל",false,1,18.90,9.45,false,1,
7290003976607,false,אקונומיקה סמיכה לבנדר 4 ליטר עם פקק ביטח,סאסאטק אגשח בעמ,,,יח`,4000,"מ""ל",false,1,12.90,0.32,false,1,
7290003976614,false,אקונומיקה סמיכה פרחים 4 ליטר עם פקק ביטח,סאסאטק אגשח בעמ,,,יח`,4000,"מ""ל",false,1,12.90,0.32,false,1,
7290003989096,false,סלט חצילים פיקנטי אחלה 500 גרם,שטראוס גרופ בעמ/מצונן,,,יח`,575,גרם,false,1,16.60,2.89,true,1,
7290003989539,false,רביולי עם גבינה שטראוס (400 גרם),שטראוס גרופ בעמ/מצונן,,,יח`,400,גרם,false,1,21.70,5.43,true,1,
7290004011284,false,בסיס להכנת קצפת צמחי ריץ` (212 מל),ריצ' פרודקטס קורפריי,,,יח`,212,"מ""ל",false,1,10.10,4.76,true,1,
7290004011291,false,בסיס להכנת קצפת צמחי ריץ` (425 מל),נטו מלינדה סחר בע`מ,,,יח`,425,"מ""ל",false,1,18.30,4.31,true,1,
7290004011345,false,"ספריי קצפת מתוקה מוכנה פרווה ריץ' 238 מ""ל",האי נאם סי או אל.טי.,,,יח`,250,"מ""ל",false,1,17.90,7.16,true,1,
7290004011796,false,קבבונים בקר קפוא אל גאוצ''ו 400ג',"טיבון ויל אחזקות בע""",,,יח`,400,גרם,false,1,23.40,5.85,true,1,
7290004011819,false,המבורגר ריב אנטריקוט אל גאוצ`ו 360 גר`ק,נטו מלינדה סחר בע`מ,,,יח`,360,גרם,false,1,24.40,6.78,true,1,
7290004011826,false,מיני המבורגר ריב אנטריקוט אל גאוצ`ו 360,טיבון ויל אחזקות בעמ,,,יח`,320,גרם,false,1,24.40,7.63,true,1,
7290004030100,false,מיץ תפוזים ולנסיה סחוט 100% 1 ליטר,תנובה - פריניב,,,יח`,1,1 ליטר,false,1,17.90,17.90,false,1,
7290004030445,false,מיץ תפוזים סחוט רכיבים טבעיים 1 ליטר פרי ניב,הנסיך- מפעל לייצור ט,,,יח`,1,1 ליטר,false,1,14.90,14.90,false,1,
7290004030834,false,מיץ רימונים סחוט 100% רכיבים טבעיים פרי ניב 1 ליטר,תנובה - פריניב,,,יח`,1,1 ליטר,false,1,25.90,25.90,false,1,
7290004063016,false,מלח שולחן מעולה סלית (1 קג)פיקוח,האי נאם סי או אל.טי.,,,יח`,1,"ק""ג",false,1,1.90,1.90,false,1,
7290004063115,false,"מלח מטבח עבה להמלחת בשר ובישול 1 ק""ג 1ק""ג",האי נאם סי או אל.טי.,,,יח`,1,"ק""ג",false,1,1.90,1.90,false,1,
7290004064174,false,"תבלין מלח ההימלאיה דק בצנצנת 1 ק""ג","חברת מלח הארץ אילת בע""\מ",,,יח`,1,"ק""ג",false,1,17.90,17.90,true,1,
7290004064181,false,"תבלין מלח ההימלאיה גס בצנצנת 1 ק""ג","חברת מלח הארץ אילת בע""\מ",,,יח`,1,"ק""ג",false,1,16.90,16.90,false,1,
7290004064358,false,"מלח דק זורם בקלות מלח הארץ קרטון 1 ק""ג","חברת מלח הארץ אילת בע""\מ",,,יח`,1,"ק""ג",false,1,5.90,5.90,true,1,
7290004064372,false,מטחנת מלח אקסטרא תבלינים איטלקי 105 גר,"חברת מלח הארץ בע""\מ",,,יח`,105,גרם,false,1,17.90,17.05,true,1,
7290004064389,false,מלח הימלאיה דק 250ג מלחיה סוגת*,"חברת מלח הארץ אילת בע""\מ",,,יח`,250,גרם,false,1,12.90,5.16,true,1,
7290004068028,false,"יוגורט צזיקי לשתיה 3.5% 500 מ""ל רובין",מחלבות גד שיווק 1992 בעמ,,,יח`,500,"מ""ל",false,1,10.90,2.18,false,1,
7290004068172,false,"יוגורט עיזים בדלי 5% 600 מ""ל רובין",מחלבות גד שיווק 1992 בעמ,,,יח`,600,גרם,false,1,18.90,3.15,false,1,
7290004078270,false,נוזל לניקוי כלים בריח לימון פלמוליב 1 ליטר,יבואן ומשווק: ש. שסט,,,יח`,1,1 ליטר,false,1,15.20,15.20,false,1,
7290004078690,false,"אגקס נוזל לניקוי אסלות מרענן 750 מ""ל",הנסיך- מפעל לייצור ט,,,יח`,750,"מ""ל",false,1,15.90,2.12,false,1,
7290004078942,false,ליידי ספיד סטיק - דאודורנט ג'ל לאישה 65 גרם,קולגייט-פלמוליב,,,יח`,65,גרם,false,1,18.90,29.08,true,1,
7290004119225,false,יופלה יוגורט בטעם אננס %3 150 גרם,תנובה מרכז שיתופי לש,,,יח`,150,"מ""ל",false,1,5.20,3.47,false,1,
7290004119928,false,מעדן חלב בטעם וניל 2% קרלו תנובה 125 גרם,מחלבת אלון תבור,,,יח`,125,"מ""ל",false,1,2.90,2.32,false,1,
7290004119973,false,קרלו מעדן שוקו רביעיה גביע 1.5% 125 גרם,תנובה מרכז שיתופי לש,,,יח`,125,"מ""ל",false,1,2.90,2.32,false,1,
7290004120061,false,מעדן חלב בטעם שוקו וניל שוניל 2% קרלו 125 גרם,תנובה מרכז שיתופי לש,,,יח`,125,"מ""ל",false,1,3,2.40,false,1,
7290004120108,false,יופלה דיאט יוגורט דובדבן %0 גביע 150גרם,תנובה מרכז שיתופי לש,,,יח`,150,"מ""ל",false,1,5.20,3.47,false,1,
7290004120566,false,גבינה בולגרית (25024% גרם)פיראוס תנובה,"תנובה בע""מ ***",,,יח`,250,גרם,false,1,22.90,9.16,false,1,
7290004120573,false,גבינה בולגרית (25016% גרם)פיראוס תנובה,תנובה מרכז שיתופי לש,,,יח`,250,גרם,false,1,23.90,9.56,false,1,
7290004120634,false,גבינה בולגרית (2505% גרם)פיראוס תנובה,תנובה מרכז שיתופי לש,,,יח`,250,גרם,false,1,21.90,8.76,false,1,
7290004120832,false,"חלב 2 ליטר 3% כד ""תנובה""- מוצר בפיקוח",תנובה מרכז שיתופי לש,,,יח`,2,1 ליטר,false,1,12.46,6.23,false,1,
7290004121525,false,יופלה מאגדת פרי 4 תות 4 אפרסק 3% 8 יח'*150 ג',תנובה מרכז שיתופי לש,,,יח`,1.20,1 ליטר,false,1,29.90,24.92,false,1,
7290004121839,false,גבינת פטה כבשים (25020% גרם)פיראוס בול,תנובה מרכז שיתופי לש,,,יח`,250,גרם,false,1,27.90,11.16,false,1,
7290004121853,false,גבינה בולגרית קוביות (2005% גרם)פיראוס,תנובה מרכז שיתופי לש,,,יח`,200,גרם,false,1,22.90,11.45,false,1,
7290004122195,false,גוש חלב גבינה צהובה פרוסה 28% תנובה 200 גרם,"תנובה בע""מ ***",,,יח`,200,גרם,false,1,14.50,7.25,false,1,
7290004122270,false,עמק קלאסית פרוסות גבינה חצי קשה 28% 200 גרם,תנובה מרכז שיתופי לש,,,יח`,200,גרם,false,1,16.10,8.05,false,1,
7290004122348,false,גבינה צהובה מופחתת שומן 9% עמק (200 גרם),תנובה מרכז שיתופי לש,,,יח`,200,גרם,false,1,16.90,8.45,false,1,
7290004122676,false,גבינה חמד לייט (2505% גרם)פיראוס תנובה,"תנובה,מחלבת טנא נוגה",,,יח`,250,גרם,false,1,17.90,7.16,false,1,
7290004122683,false,עמק חטיף אצבעות גבינה חצי קשה 28% שומן,תנובה מרכז שיתופי לש,,,יח`,172,גרם,false,1,16.80,9.77,false,1,
7290004124205,false,יופלה דיאט יוגורט תות %0 גביע 150 גרם,תנובה מרכז שיתופי לש,,,יח`,150,"מ""ל",false,1,5.20,3.47,false,1,
7290004124847,false,"קצפת צמחית השף הלבן 500 מ""ל תנובה",תנובה מרכז שיתופי לש,,,יח`,500,"מ""ל",false,1,15.90,3.18,false,1,
7290004125370,false,"שמנת חמוצה 9% מופחתת שומן תנובה 200 מ""ל מהדרין",תנובה מרכז שיתופי לש,,,יח`,200,"מ""ל",false,1,3.70,1.85,false,1,
7290004125400,false,"אשל שלי מהדרין 200 מ""ל 4.5% ""תנובה""- מוצר בפיקוח",פארייפאבה אגרואינדוס,,,יח`,200,"מ""ל",false,1,1.69,0.85,false,1,
7290004125417,false,"גיל 3% שלי 200 מ""ל ""תנובה"" -מוצר בפיקוח",תנובה מרכז שיתופי לש,,,יח`,200,"מ""ל",false,1,1.51,0.76,false,1,
7290004125455,false,"שמנת חמוצה 200 מ""ל 15% ""תנובה"" -מוצר בפיקוח",תנובה מרכז שיתופי לש,,,יח`,200,"מ""ל",false,1,2.40,1.20,false,1,
7290004125462,false,"שמנת חמוצה 15% תנובה 500 מ""ל מהדרין",תנובה מרכז שיתופי לש,,,יח`,500,"מ""ל",false,1,6,1.20,false,1,
7290004125509,false,"שמנת חמוצה 15% מועשרת תנובה 100 מ""ל",תנובה מרכז שיתופי לש,,,יח`,100,"מ""ל",false,1,1.70,1.70,false,1,
7290004125578,false,משקה סויה מעושר בסידן תנובה 1ל',תנובה מרכז שיתופי לש,,,יח`,1,1 ליטר,false,1,10.90,10.90,false,1,
7290004125585,false,משקה סויה בטעם וניל תנובה 1 ליטר,תנובה מרכז שיתופי לש,,,יח`,1,1 ליטר,false,1,10.90,10.90,false,1,
7290004125721,false,"השף הלבן שמנת עמידה לבישול 15% תנובה 250 מ""ל",תנובה מרכז שיתופי לש,,,יח`,250,"מ""ל",false,1,8.20,3.28,false,1,
7290004125738,false,שמנת מתוקה להקצפה32% 250מל עמיד השף הלבן,תנובה מרכז שיתופי לש,,,יח`,250,"מ""ל",false,1,6.70,2.68,false,1,
7290004125776,false,גבינה צהובה קלאסית 28% עמק (400 גרם),"תנובה בע""מ ***",,,יח`,400,גרם,false,1,29.20,7.30,false,1,
7290004126674,false,טל העמק פרוסות גבינה חצי קשה לייט %9 200 גרם בקופסא,תנובה מרכז שיתופי לש,,,יח`,200,גרם,false,1,18.90,9.45,false,1,
7290004126759,false,דאיט יופלה פירות יער טו יוג פרי 150גר.,"תנובה בע""מ ***",,,יח`,150,"מ""ל",false,1,5.20,3.47,false,1,
7290004126872,false,משקאות חלב תנובה שוקו בקבוק 250מל,תנובה - חלב,,,יח`,250,"מ""ל",false,1,5.90,2.36,false,1,
7290004127077,false,קוטג תנובה 3% גביע 250 גרם מהדרין,מיוצר עי קונדיטוריית,,,יח`,250,גרם,false,1,5.70,2.28,false,1,
7290004127329,false,קוטג תנובה גביע 250 גרם %5 ו.מהדרין,מיוצר עי קונדיטוריית,,,יח`,250,גרם,false,1,5.70,2.28,false,1,
7290004127336,false,קוטג תנובה גביע 250 גרם %9 ו.מהדרין,מיוצר עי קונדיטוריית,,,יח`,250,גרם,false,1,5.50,2.20,false,1,
7290004127800,false,"גבינה לבנה 500 גרם 5% ""תנובה"" -מוצר בפיקוח",מיוצר עי קונדיטוריית,,,יח`,500,גרם,false,1,9.96,1.99,false,1,
7290004127862,false,"גבינה לבנה 750 גרם 5% ""תנובה"" - מוצר בפיקוח",תנובה מרכז שיתופי לש,,,יח`,750,גרם,false,1,14.94,1.99,false,1,
7290004127916,false,גבינה לבנה 0.5% שומן 500 ג' תנובה,תנובה מרכז שיתופי לש,,,יח`,500,גרם,false,1,9.50,1.90,false,1,
7290004128333,false,לאבנה על בסיס יוגורט %9 שומן 500 ג' פיראוס,תנובה בעמ ***,,,יח`,500,גרם,false,1,20.90,4.18,false,1,
7290004128340,false,קרם גבינת שמנת %5 בטעם טבעי 200 ג' תנובה,"תנובה בע""מ ***",,,יח`,200,גרם,false,1,11.50,5.75,false,1,
7290004128432,false,פתיתים מיוחדים לפיצה על בסיס גבינה 500 ג',תנובה - חלב,,,יח`,500,גרם,false,1,22.30,4.46,false,1,
7290004129156,false,גבינת שמנת25% עם שום שמיר 225 ג' נפוליאון,תנובה מרכז שיתופי לש,,,יח`,225,גרם,false,1,14.90,6.62,false,1,
7290004129767,false,"3% 'יופלה לבן מארז שמינייה 1.2 ק""ג",תנובה מרכז שיתופי לש,,,יח`,1200,"מ""ל",false,1,17.90,1.49,false,1,
7290004130794,false,משקה סויה במתיקות מופחתת תנובה (1 ליטר),תנובה מרכז שיתופי לש,,,יח`,1,1 ליטר,false,1,10.90,10.90,false,1,
7290004131074,false,"חלב 1 ליטר 3% קרטון ""תנובה""- מוצר בפיקוח",תנובה מרכז שיתופי לש,,,יח`,1,1 ליטר,false,1,6.23,6.23,false,1,
7290004131432,false,יוגורט יופלה לבן ביו 3% 200 גרם,מיוצר עי קונדיטוריית,,,יח`,200,"מ""ל",false,1,3.90,1.95,false,1,
7290004131456,false,יוגורט ביו 1.5% שומן 200 ג' יופלה,מיוצר עי קונדיטוריית,,,יח`,200,"מ""ל",false,1,3.90,1.95,false,1,
7290004131531,false,שוקו 30% פחות תוספת סוכר תנובה (1 ליטר),פארייפאבה אגרואינדוס,,,יח`,1,1 ליטר,false,1,12.90,12.90,false,1,
7290004131814,false,גבינת צפתית מעודנת (2005% גרם)פיראוס ת,פארייפאבה אגרואינדוס,,,יח`,200,גרם,false,1,15.90,7.95,false,1,
7290004131845,false,לאבנה גביע 9% 750 גר`פיראוס תנובה,תנובה מרכז שיתופי לש,,,יח`,750,גרם,false,1,26.90,3.59,false,1,
7290004132552,false,משקה סויה בטעם טבעי לייט תנובה 1 ליטר,תנובה מרכז שיתופי לש,,,יח`,1,1 ליטר,false,1,10.90,10.90,false,1,
7290004132712,false,חטיף אצבעות גבינת מוצרלה 20% 172 ג' עמק,תנובה מרכז שיתופי לש,,,יח`,174,גרם,false,1,16.90,9.71,false,1,
7290004132903,false,גבינה לבנה 3% מהדרין תנובה 250 גרם,תנובה מרכז שיתופי לש,,,יח`,250,גרם,false,1,4.70,1.88,false,1,
7290004133511,false,יופלה מאגדת לבן 1.5% מעודן 8 יח' * 150 ג',מיוצר עי קונדיטוריית,,,יח`,1.20,1 ליטר,false,1,20.90,17.42,false,1,
7290004134945,false,יוגורט ביו 3% בטעם מוקה יופלה (150 גרם),תנובה מרכז שיתופי לש,,,יח`,150,"מ""ל",false,1,5.20,3.47,false,1,
7290004135058,false,שמיניית קרלו מיני שוקולד 100 גרם מהדרין,תנובה מרכז שיתופי לש,,,יח`,800,"מ""ל",false,1,13.90,1.74,false,1,
7290004135072,false,"מעדן חלב מיני שוקולדה 1.5% מהדרין קרלו 8*100 מ""ל",תנובה מרכז שיתופי לש,,,יח`,800,"מ""ל",false,1,13.90,1.74,false,1,
7290004135119,false,מעדן חלב בטעם וניל בדץ קרלו (100x8 גרם),תנובה מרכז שיתופי לש,,,יח`,800,"מ""ל",false,1,13.90,1.74,false,1,
7290004135225,false,מעדן חלב דל קלוריות בטעם שוקולד 0.2שומ,תנובה מרכז שיתופי לש,,,יח`,150,"מ""ל",false,1,4,2.67,false,1,
7290004135614,false,גבינה בולגרית מעודנת 5% פיראוס 250 גרם,"תנובה בע""מ ***",,,יח`,250,גרם,false,1,22.90,9.16,false,1,
7290004136598,false,מארז הפסקת אוכל עם קורנפלקס ומשקה חלב עמיד בטעם וניל,פארייפאבה אגרואינדוס,,,יח`,150,"מ""ל",false,1,9.90,6.60,false,1,
7290004136857,false,מעדן ג`לי בטעם פטל תנובה (125 גרם),תנובה מרכז שיתופי לש,,,יח`,125,"מ""ל",false,1,2.40,1.92,false,1,
7290004136864,false,מעדן ג'לי בטעם אננס עם חתיכות תנובה 125 גרם,תנובה בעמ ***,,,יח`,125,"מ""ל",false,1,2.70,2.16,false,1,
7290004136871,false,מעדן ג'לי בטעם אפרסק עם חתיכות תנובה 125 גרם,תנובה מרכז שיתופי לש,,,יח`,125,"מ""ל",false,1,2.70,2.16,false,1,
7290004137021,false,"שמנת עמידה לבישול מופחת שומן 10% השף הלבן 250 מ""ל",תנובה מרכז שיתופי לש,,,יח`,250,"מ""ל",false,1,8.20,3.28,false,1,
7290004137311,false,גבינה צהובה מופחתת שומן 9% עמק (400 גרם),"תנובה בע""מ ***",,,יח`,400,גרם,false,1,30.80,7.70,false,1,
7290004137809,false,לאבנה אסלית 5% גביע (250 גרם)פיראוס תנו,"תנובה, מחלבת אלון תב",,,יח`,250,גרם,false,1,13.50,5.40,false,1,
7290004150112,false,חומוס מזרחי פיקנטי פרימיום 300 גרם שמיר,"סלטי שמיר 2006 בע""\מ",,,יח`,300,גרם,false,1,15.90,5.30,false,1,
7290004150129,false,טחינה פיקנטי פרימיום 300 גרם,"סלטי שמיר 2006 בע""\מ",,,יח`,300,גרם,false,1,15.90,5.30,false,1,
7290004150143,false,חציל במיונז פיקנטי פרימיום 300 גרם שמיר,"סלטי שמיר 2006 בע""\מ",,,יח`,300,גרם,false,1,15.90,5.30,false,1,
7290004150204,false,מטבוחה 300 גרם פיקנטי פרימיום,"סלטי שמיר 2006 בע""\מ",,,יח`,300,גרם,false,1,15.90,5.30,false,1,
7290004150235,false,חומוס עם חריף פיקנטי פרימיום 300 גרם שמיר,"סלטי שמיר 2006 בע""\מ",,,יח`,300,גרם,false,1,15.90,5.30,false,1,
7290004199173,false,כפפות לטקס איזי טאצ 100 יח מדיום,הדקלאים אגודת שיתופי,,,יח`,1,,false,1,23.90,23.90,true,1,
7290004199180,false,כפפות לאטקס לארג` איזי טאצ` (100),הדקלאים אגודת שיתופי,,,יח`,1,,false,1,23.90,23.90,true,1,
7290004199203,false,קיסמי שיניים במבוק מלחיה לב הוסטס (300),הדקלאים אגודת שיתופי,,,יח`,1,,false,1,4.50,4.50,true,1,
7290004199579,false,פלסטר מעורב 100 יח' - SUNNY PLASTER,הדקלאים אגודת שיתופי,,,יח`,100,יח`,false,1,10.90,0.11,true,1,
7290004230944,false,מקלות פילו גבינה 600 גר' שלושת האופים לנדא,שלושת האופים שגמור,,,יח`,600,גרם,false,1,20.90,3.48,true,1,
7290004255305,false,נר נשמה שבועי בפלסטיק מנורה,"מנורה שי נר בע""מ",,,יח`,1,,false,1,10.90,10.90,false,1,
7290004256371,false,ריץ פרוס 400 ג' -צהובה פרוסה,נטו מילנדה סחר בעמ*,,,יח`,400,גרם,false,1,20.90,5.23,false,1,
7290004492274,false,בייגלה טבעות מלוחות בייגל בייגל 400 גרם,יוניליוור ישראל שיווק בע`מ,,,יח`,400,גרם,false,1,11.50,2.88,false,1,
7290004494315,false,יין כנען מוסקטו דלתון 750 מל,הכרם - משקאות חריפים בעמ,,,יח`,750,"מ""ל",false,1,49.90,6.61,true,1,
7290004494919,false,יין כנען קברנה שיראז 750 מל דלתון,הכרם - משקאות חריפים בעמ,,,יח`,750,"מ""ל",false,1,50.90,6.75,true,1,
7290004575632,false,קרמבו וניל 16 יחידות(ריאו).,ריאו נתניה ביחר לגלידה וממתקים,,,יח`,1,,false,1,21.90,21.90,false,1,
7290004584351,false,גבינה לבנה סימפוניה עם תוספות 200 ג' חמישית 200,שטראוס גרופ בעמ/מצונן,,,יח`,200,גרם,false,1,12.20,6.10,true,1,
7290004584528,false,יוגורט דנונה ביו לבן 1.7% שומן 200 גרם,שטראוס גרופ בעמ/מצונן,,,יח`,200,"מ""ל",false,1,3.70,1.85,false,1,
7290004585907,false,דני ועדן וניל 1.5% 125ג' שטראוס,שטראוס גרופ בעמ/מצונן,,,יח`,130,"מ""ל",false,1,2.70,2.08,false,1,
7290004652418,false,מיני ג'חנון ללא מרגרינה שגב 650 גרם,נטו מילנדה סחר בעמ*,,,יח`,650,גרם,false,1,20.90,3.22,false,1,
7290004658960,false,יין אמרלד ריזלינג פרייבט קולקשן יקבי כרמל,אגודת הכורמים הקואופרטיב,,,יח`,750,"מ""ל",false,1,41.90,5.55,true,1,
7290004685010,false,לחם 100% שיפון פלוס לחם הארץ 500 גר',מאפית י את א ברמן בע,,,יח`,500,גרם,false,1,16.20,3.24,false,1,
7290004685027,false,לחם חיטה מלאה פלוס לחם הארץ 500 גרם,מאפית י את א ברמן בע,,,יח`,500,גרם,false,1,16.20,3.24,false,1,
7290004685126,false,לחם 5 דגנים פרוס לחם הארץ (750 גרם),מאפית י את א ברמן בע,,,יח`,750,גרם,false,1,16.20,2.16,false,1,
7290004685157,false,לחם שיפון 100% פרוס לחם הארץ (750 גרם),מאפית י את א ברמן בע,,,יח`,750,גרם,false,1,16.20,2.16,false,1,
7290004685201,false,לחם הארץ שיפון אגוזים500,מאפית י את א ברמן בע,,,יח`,500,גרם,false,1,16.20,3.24,false,1,
7290004685225,false,לחם פומפרניקל פרוס לחם הארץ (750 גרם),מאפית י את א ברמן בע,,,יח`,750,גרם,false,1,16.20,2.16,false,1,
7290004685430,false,100% לחם כומסין 500 גר לחם הארץ,מאפית י את א ברמן בע,,,יח`,500,גרם,false,1,16.20,3.24,false,1,
7290004685447,false,לחמניות כוסמין 6 יח בשקית מלא 450 גר`E,מאפית ברמן מקבוצת י. את,,,יח`,450,גרם,false,1,15.90,3.53,false,1,
7290004685454,false,לחם שיבולת שועל 500 גר`ברמן,מאפית י את א ברמן בע,,,יח`,500,גרם,false,1,16.90,3.38,false,1,
7290004731090,false,אל סבון נוזלי קמומיל כיף (1 ליטר),החברה הדרומית לשיווק בעמ,,,יח`,1,1 ליטר,false,1,15.20,15.20,true,1,
7290004731472,false,"שלישיית אלסבון צבעוני כיף 500 מ""ל",החברה הדרומית לשיווק בעמ,,,יח`,1.50,1 ליטר,false,1,21.90,14.60,true,1,
7290004731564,false,"מקסימה מבשם ומרכך למייבש הכביסה בלו בלוסום 750 מ""ל",החברה הדרומית לשיווק בעמ,,,יח`,750,"מ""ל",false,1,18.90,2.52,true,1,
7290004737719,false,אספרגוס שלם מקולף בצנצנת ויליפוד 330 גרם,ג.וילי-פוד אינטרנשיונל בעמ,,,יח`,330,גרם,false,1,10.90,3.30,false,1,
7290004737900,false,חלב כחוש מרוכז וממותק בתוספת שמן צמחי ויליפוד 397 גרם,ג. וילי-פוד אינטרנשיונל בע`מ,,,יח`,397,גרם,false,1,10.90,2.75,false,1,
7290004944049,false,טחינה אסלי שמיר 400 גרם,"סלטי שמיר 2006 בע""מ",,,יח`,400,גרם,false,1,10.90,2.73,false,1,
7290004944056,false,סדרת האסלי חציל במיונז שמיר 400 גרם,"סלטי שמיר 2006 בע""מ",,,יח`,400,גרם,false,1,10.90,2.73,false,1,
7290004944063,false,סלט תורכי אסלי שמיר 400 ג',"סלטי שמיר 2006 בע""מ",,,יח`,400,גרם,false,1,10.90,2.73,false,1,
7290004982355,false,גבינת צדר טריפל במשק,א. סיימן סחר בעמ,,,"ק""ג",1000,גרם,true,1,129,12.90,false,1,
7290005008184,false,"סבון נוזלי בניחוח חלב שקדים פלמוליב 500 מ""ל",הנסיך- מפעל לייצור ט,,,יח`,500,"מ""ל",false,1,16.90,3.38,false,1,
7290005068492,false,לקט ירקות מעורבים 700 גרם פרי-גליל,ויטה- פרי גליל (החדשה) בעמ,,,יח`,800,גרם,false,1,10.90,1.36,false,1,
7290005084355,false,סנסודין משחת שיניים דואל קר פלואוריד 75,גלקסו סמית קליין,,,יח`,75,גרם,false,1,22.90,30.53,true,1,
7290005095641,false,חטיף תפוחה מצוקה 230 גר שלוה,מפעלי דגן ניסן את גפ,,,יח`,230,גרם,false,1,9.40,4.09,false,1,
7290005095658,false,תפיחוני תירס מתוקים 150 גר שלוה,מפעלי דגן ניסן את גפ,,,יח`,150,גרם,false,1,9.40,6.27,false,1,
7290005095702,false,חיטה תפוחה בדבש 200 גר שלוה,מפעלי דגן ניסן את גפ,,,יח`,210,גרם,false,1,9.40,4.48,false,1,
7290005174513,false,חציל על האש במיונז אחלה 400 גרם+225גר,שטראוס גרופ בעמ/מצונן,,,יח`,500,גרם,false,1,16.20,3.24,true,1,
7290005174551,false,סלט חומוס עם צנוברים 125 ג' אחלה,שטראוס גרופ בעמ/מצונן,,,יח`,125,גרם,false,1,5.10,4.08,false,1,
7290005174568,false,אחלה יום יום חצילים במיונז 125 גרם,שטראוס גרופ בעמ/מצונן,,,יח`,125,גרם,false,1,5.10,4.08,false,1,
7290005174575,false,טחינה אחלה יום יום משובחת 125ג',שטראוס גרופ בעמ/מצונן,,,יח`,125,גרם,false,1,5,4,false,1,
7290005175428,false,"קמח תירס לל""ג ריבארה 500 ג'",ג. וילי-פוד אינטרנשיונל בע`מ,,,יח`,500,גרם,false,1,6.90,1.38,false,1,
7290005197758,false,"עוגיות חיוכים שוקולד עלית 150 גרם בד""צ",אפיפית נצרת תעשיות ב,,,יח`,150,גרם,false,1,6.10,4.07,false,1,
7290005199578,false,קפה נמס מיובש בהקפאה נטול קפאין 200ג,שטראוס קפה בי.וי.,,,יח`,200,גרם,false,1,24.90,12.45,false,1,
7290005199738,false,גומי מאסט בטעם פפרמינט ריח פה נעים פליפטופ 28 ג' עלית,שטראוס גרופ בע`מ,,,יח`,30,גרם,false,1,5,16.67,false,1,
7290005200786,false,תפוצ'יפס בטעם שמנת בצל עלית 50 גרם,"שטראוס פריטו ליי בע""\מ )",,,יח`,50,גרם,false,1,4,8,false,1,
7290005201455,false,קפה נמס מגורען ארומה קלאסי עלית 200 גרם,שטראוס גרופ בע`מ,,,יח`,200,גרם,false,1,27.50,13.75,false,1,
7290005230042,false,צלחת קטנה לבן 50 יח פאלאס,פאלאס תעשיות נטו (2014) בעמ,,,יח`,1,,false,1,12.90,12.90,true,1,
7290005230059,false,צלחת מרק לבנה 25 יח פאלאס .,פאלאס תעשיות נטו (2014) בעמ,,,יח`,2500,גרם,false,1,9.90,0.40,false,1,
7290005230066,false,ליפתניות לבן 25 יח פאלאס,פאלאס תעשיות נטו (2014) בעמ,,,יח`,1,,false,1,5.90,5.90,true,1,
7290005230769,false,צלחת גדולה לבן 50 יח פאלאס,פאלאס תעשיות נטו (2014) בעמ,,,יח`,1,,false,1,16.90,16.90,true,1,
7290005230813,false,קערית אובלית לבן 25 יח פאלאס,פאלאס תעשיות נטו (2014) בעמ,,,יח`,1,,false,1,9.20,9.20,true,1,
7290005287213,false,"רביעיית טונה בשמן סטארקיסט 160 גרם בד""צ",דיפלומט מפיצים (1968) בעמ**,,,יח`,640,גרם,false,1,25.90,4.05,true,1,
7290005287527,false,"סטארקיסט טונה בשמן עם לימון 160 גרם בד""צ",סטארקיסט דיפלומט היינץ,,,יח`,160,גרם,false,1,9.90,6.19,false,1,
7290005287930,false,"טונה סטארקיסט רבעיות מים בד""ץ 112 גר-עדה",סטארקיסט דיפלומט היינץ,,,יח`,640,גרם,false,1,25.90,4.05,true,1,
7290005296260,false,"אסטוניש ספריי רסס ונגב לניקוי כללי יעקבי 750 מ""ל",יעקב יעקבי ובניו בע`מ,,,יח`,750,"מ""ל",false,1,11.90,1.59,false,1,
7290005326523,false,ממרח פסטו פטרוזיליה ונענע אוליביה 180 גרם,תה ויסוצקי (ישראל) בעמ,,,יח`,180,גרם,false,1,14.90,8.28,true,1,
7290005418709,false,"נטורל קרם לחות לקיבוע תלתלים גלי 400 מ""ל",החברה הדרומית לשיווק בעמ,,,יח`,400,"מ""ל",false,1,23.40,5.85,true,1,
7290005423253,false,"סנו - מקסימה מרסס למייבש כביסה אולטרה פרש 750 מ""ל",החברה הדרומית לשיווק בעמ,,,יח`,750,"מ""ל",false,1,18.90,2.52,true,1,
7290005423567,false,מטליות ניקוי רב שימושיות בגליל סנו סושי 40 יחידות,החברה הדרומית לשיווק בעמ,,,יח`,1,,false,1,20.90,20.90,true,1,
7290005423635,false,ריצפז נוזל רצפות דוחה תיקנים סנו 2 ליטר,החברה הדרומית לשיווק בעמ,,,יח`,2,1 ליטר,false,1,24.40,12.20,true,1,
7290005423734,false,מרכך כביסה מרוכז אולטרא פרש סנו מקסימה 4 ליטר,החברה הדרומית לשיווק בעמ,,,יח`,4,1 ליטר,false,1,22.40,5.60,true,1,
7290005423918,false,סנו - מקסימה מרכך כביסה היפואלרגני אלוורה 4 ליטר,החברה הדרומית לשיווק בעמ,,,יח`,4,1 ליטר,false,1,22.40,5.60,true,1,
7290005424762,false,ריצפז פלוס ווקס נוזל להברקת רצפות דוחה תיקנים סנו 2 ליטר,החברה הדרומית לשיווק בעמ,,,יח`,2,1 ליטר,false,1,27.50,13.75,false,1,
7290005425196,false,"מקסימה אבקת כביסה סנסיטיב סנו 2.5 ק""ג",החברה הדרומית לשיווק בעמ,,,יח`,2.50,"ק""ג",false,1,25.90,10.36,true,1,
7290005425646,false,קליר נוזל לניקוי חלונות רב תכליתי סנו 1 ליטר,החברה הדרומית לשיווק בעמ,,,יח`,1,1 ליטר,false,1,12.90,12.90,true,1,
7290005426193,false,ספוגית הפלא סנו סושי 6 יחידות,החברה הדרומית לשיווק בעמ,,,יח`,1,,false,1,13.90,13.90,true,1,
7290005426803,false,מקסימה מרכך כביסה פצ'ולי לבנדר סגול סנו 4 ליטר,החברה הדרומית לשיווק בעמ,,,יח`,4,1 ליטר,false,1,22.40,5.60,true,1,
7290005427107,false,סנו - סושי מגבות נייר הפלא 6 יחידות,החברה הדרומית לשיווק בעמ,,,יח`,570,גרם,false,1,13.90,2.44,true,1,
7290005428852,false,ממחטות טישו צבעוניים סנו סופט 5 יח' *100דף,החברה הדרומית לשיווק בעמ,,,יח`,650,גרם,false,1,12.90,1.98,false,1,
7290005429286,false,"אבקת כביסה מקסימה ביו 6 ק""ג סנו",החברה הדרומית לשיווק בעמ,,,יח`,6,"ק""ג",false,1,49.90,8.32,true,1,
7290005430602,false,"סנו אוקסיג'ן ספריי להסרת כתמים עם חמצן פעיל 750 מ""ל",החברה הדרומית לשיווק בעמ,,,יח`,750,"מ""ל",false,1,19.90,2.65,true,1,
7290005430671,false,פוליויקס נוזל לניקוי קרמיקה סנו 2 ליטר,החברה הדרומית לשיווק בעמ,,,יח`,2,1 ליטר,false,1,21.90,10.95,true,1,
7290005431883,false,מלבי חלבי עדן קינוחים 165 גרם,עדן קינוחים Eden,,,יח`,165,"מ""ל",false,1,7.20,4.36,false,1,
7290005431906,false,מארז קדאיף 82 גר` עדן קינוחים,עדן קינוחים Eden,,,יח`,124,גרם,false,1,7.20,5.81,false,1,
7290005431913,false,עוגת גבינה פירורים עדן קינוחים 92 גרם,עדן קינוחים Eden,,,יח`,92,גרם,false,1,7.20,7.83,false,1,
7290005431937,false,מעדן טירמיסו 82 גר` עדן קינוחים,עדן קינוחים Eden,,,יח`,82,גרם,false,1,7.20,8.78,false,1,
7290005431968,false,מלבי שמנת עדן קינוחים 150 גרם,עדן קינוחים Eden,,,יח`,150,"מ""ל",false,1,7.50,5,false,1,
7290005500558,false,ג'ל חזק לעיצוב שיער 1 ליטר פנינה רוזנבלום,פנינה רוזנבלום בעמ,,,יח`,1,"ק""ג",false,1,18.60,18.60,false,1,
7290005559907,false,פיצה משפחתית 100% גבינה מעדנות 500 גרם,תנובה מרכז שיתופי לשיווק תוצרת,,,יח`,500,גרם,false,1,27.50,5.50,false,1,
7290005559914,false,פיצה משפחתית עם 100% גבינה בתוספת זיתים מעדנות 550 גרם,תנובה מרכז שיתופי לשיווק תוצרת,,,יח`,550,גרם,false,1,27.50,5,false,1,
7290005559990,false,בצק עלים פילאס תורכי 600 גרם קפוא,תנובה מרכז שיתופי לשיווק תוצרת,,,יח`,600,גרם,false,1,25.40,4.23,false,1,
7290005591761,false,דבש טהור מפרחי בר בלחיץ 400 ג' יד מרדכי,מכוורת יד מרדכי שטרא,,,יח`,400,גרם,false,1,21.90,5.48,true,1,
7290005610509,false,צנונית ארוז דוד משה 500ג',תוצרת הנגב אגודה שיתופית חקלאי,,,יח`,1,,false,1,6.90,6.90,false,1,
7290005686436,false,תפוח עץ מיובש ששון ה,דין שיווק וקליה 2021 בעמ,,,יח`,200,גרם,false,1,12.90,6.45,false,1,
7290005838002,false,מעדן גבינה ויוגורט בטעם וניל 88 ג' דניאלה,שטראוס גרופ בעמ/מצונן,,,יח`,150,"מ""ל",false,1,4,2.67,false,1,
7290005838613,false,קרם גבינה 3% בטעם וניל סקי (125 גרם),שטראוס גרופ בעמ/מצונן,,,יח`,125,גרם,false,1,3.80,3.04,true,1,
7290005838972,false,סקי יום יום גבינה לבנה %5 125 גרם,שטראוס גרופ בעמ/מצונן,,,יח`,125,גרם,false,1,3.10,2.48,false,1,
7290005839078,false,שמיניית יוגורט לבן 3% ביו דנונה 150 גרם,שטראוס גרופ בעמ/מצונן,,,יח`,1.20,1 ליטר,false,1,17.50,14.58,false,1,
7290005839108,false,גבינה לבנה סימפוניה עם תוספות 200 ג'+זיתים 5%,שטראוס גרופ בעמ/מצונן,,,יח`,200,גרם,false,1,12.20,6.10,true,1,
7290005839313,false,מילקי Top עם שוקולדה מגולגלת 140 גרם,שטראוס גרופ בעמ/מצונן,,,יח`,130,"מ""ל",false,1,4.90,3.77,false,1,
7290005896453,false,"בירה מכבי 7.9%, בירה חזקה, בקבוק חוזר 500 מ''ל",פארייפאבה אגרואינדוס,,,יח`,500,"מ""ל",false,1,8.50,1.46,false,1,
7290005938245,false,ממרח פסטו קלאסי פרסקו 220ג' מצונן,מיוצר עי פרסקו חצבה,,,יח`,190,גרם,false,1,20.30,10.68,false,1,
7290005966088,false,"יין הר חרמון אדום עברית 750 מ""ל",היכל היין שקד גולן בעמ,,,יח`,750,"מ""ל",false,1,37.90,5.01,true,1,
7290005992018,false,"יוגורט עיזים לשתיה 3% מחלבות גד 500 מ""ל",מחלבות גד שיווק 1992 בעמ,,,יח`,500,"מ""ל",false,1,14.90,2.98,false,1,
7290005992575,false,גבינה בולגרית למריחה 5% גד (250 גרם),מחלבות גד שיווק 1992 בעמ,,,יח`,250,גרם,false,1,17.90,7.16,false,1,
7290005992735,false,לאבנה טבעית 5% 250 גר' - רבנות,מחלבות גד שיווק 1992 בעמ,,,יח`,250,גרם,false,1,12.90,5.16,false,1,
7290005996078,false,סלמי סרוולט הונגרי יחיעם 150 גרם,מעדני יחיעם (1993) בעמ,,,יח`,125,גרם,false,1,26.90,21.52,false,1,
7290005996221,false,פסטרמה של פעם דק דק (120 גר`)יחיעם,מעדני יחיעם (1993) בעמ,,,יח`,120,גרם,false,1,11.20,9.33,false,1,
7290005996238,false,פסטרמה בדבש דק דק (120 גר`)יחיעם,מעדני יחיעם (1993) בעמ,,,יח`,120,גרם,false,1,11.20,9.33,false,1,
7290006199218,false,"שמיניית גלידל אייס מוקה ""פלדמן""",הגלידות של פלדמן,,,יח`,640,גרם,false,1,31.90,4.98,false,1,
7290006229427,false,סן בנדטו - מים מינרלים - מארז שישיית 500 מל,טמפו משקאות בע`מ,,,יח`,3,1 ליטר,false,1,15,4.40,false,1,
7290006241191,false,אגוזי מלך טבעיים קליית גת (150 גרם),הדקלאים אגודת שיתופי,,,יח`,150,גרם,false,1,17.90,11.93,true,1,
7290006241214,false,שקדים טבעיים קליית גת (200 גרם),הדקלאים אגודת שיתופי,,,יח`,200,גרם,false,1,17.90,8.95,true,1,
7290006251275,false,תה ירוק סיני קלאסי ויסוצקי 25 יחידות,תה ויסוצקי (ישראל) בעמ,,,יח`,37.50,גרם,false,1,27.90,74.40,true,1,
7290006256089,false,"יין אדום קברנה סוביניון גאטו נגרו 750 מ""ל",היכל היין שקד גולן בעמ,,,יח`,750,"מ""ל",false,1,39.90,5.28,true,1,
7290006256102,false,"יין אדום מרלו גאטו נגרו 750 מ""ל",היכל היין שקד גולן בעמ,,,יח`,750,"מ""ל",false,1,39.90,5.28,true,1,
7290006265500,false,פטריות שמפיניון ארוז מרינה,קונס`-מרינה פטריות הגליל בעמ*ש,,,יח`,2.50,1 ליטר,false,1,9.90,3.96,true,1,
7290006271174,false,ג'חנון לאפיה בתנור מעדנות 700 גרם,תנובה מרכז שיתופי לשיווק תוצרת,,,יח`,700,גרם,false,1,20.60,2.94,false,1,
7290006271648,false,מיני בורקס תפוחי אדמה מעדנות 800 גרם,תנובה מרכז שיתופי לשיווק תוצרת,,,יח`,650,גרם,false,1,26.20,4.03,false,1,
7290006271655,false,מיני בורקס במילוי גבינה מעדנות (800 גרם),תנובה מרכז שיתופי לשיווק תוצרת,,,יח`,800,גרם,false,1,28.50,3.56,false,1,
7290006272072,false,חטיפי פיצה גבינה מעדנות 650 גרם,תנובה קפואים,,,יח`,650,גרם,false,1,35.90,5.52,false,1,
7290006272430,false,בצק עלים חמאה חלבי מעדנות (600 גרם),מיוצר עי קונדיטוריית,,,יח`,600,גרם,false,1,30.60,5.10,false,1,
7290006306296,false,רביולי במילוי גבינה לילדים 400 ג' פסטה נונה,דורום תעשיות מזון ופסטה,,,יח`,400,גרם,false,1,24.90,6.23,false,1,
7290006306302,false,רביולי במילוי גבינות פרמזן ריקוטה 400 ג' פסטה נונה,דורום תעשיות מזון ופסטה,,,יח`,400,גרם,false,1,24.90,6.23,false,1,
7290006342072,false,גרעין לבן ששון הקולה 200 גרם,דין שיווק וקליה 2021 בעמ,,,יח`,200,גרם,false,1,10.90,5.45,false,1,
7290006342447,false,גרעיני אבטיח ששון הקולה 200 גרם,דין שיווק וקליה 2021 בעמ,,,יח`,200,גרם,false,1,13.90,6.95,false,1,
7290006374738,false,קונפיטורה תות יד מרדכי בטעם תות,אף.סי תבליני בגליל ב,,,יח`,340,גרם,false,1,12.90,3.79,false,1,
7290006439482,false,שעועית לבנה 1 קג שוקחה,בני ג`ורג` שוקחה (חיפה) בעמ,,,יח`,1000,גרם,false,1,12.50,1.25,false,1,
7290006439512,false,פול גדול 750 גר` שוקחה,בני ג`ורג` שוקחה (חיפה) בעמ,,,יח`,750,גרם,false,1,13.90,1.85,true,1,
7290006459978,false,קרקר אובלטים קלאסי עם שומשום 282 גר,ציון תורג`מן בעמ,,,יח`,284,גרם,false,1,11.20,3.94,false,1,
7290006492432,false,גבינה מוצרלה בייבי 18% גד (150 גרם),מחלבות גד שיווק 1992 בעמ,,,יח`,170,גרם,false,1,14.90,8.76,false,1,
7290006492616,false,גבינה בולגרית מעודנת פרוסות 5% גד 250 גרם,מחלבות גד שיווק 1992 בעמ,,,יח`,250,גרם,false,1,27.90,11.16,false,1,
7290006492630,false,גבינת פרומעז עיזים 22% גד 180 גרם,מחלבות גד שיווק 1992 בעמ,,,יח`,180,גרם,false,1,23.90,13.28,false,1,
7290006492647,false,מטבעות גבינה עזים 22 אחוז 150גרם גד,מחלבות גד שיווק 1992 בעמ,,,יח`,150,גרם,false,1,25.90,17.27,false,1,
7290006492685,false,גבינת לאבנה עיזים 5% גד (250 גרם),מחלבות גד שיווק 1992 בעמ,,,יח`,250,גרם,false,1,18.90,7.56,false,1,
7290006492913,false,גבינת לאבנה ציזיקי 5% מחלבות גד 250 גרם,מחלבות גד שיווק 1992 בעמ,,,יח`,250,גרם,false,1,13.90,5.56,false,1,
7290006511157,false,פטריות שמפניון שלמות וילי פוד (400 גרם),ג.וילי-פוד אינטרנשיונל בעמ,,,יח`,400,גרם,false,1,8.50,2.13,false,1,
7290006511751,false,פטריות שמפניון חתוך ויליפוד 290X3 ג' בד”צ,ג.וילי-פוד אינטרנשיונל בעמ,,,יח`,870,גרם,false,1,12.50,1.44,false,1,
7290006567048,false,פתיתי קוסקוס ישראלי אסם (350 גרם),קבוצת אוסם סחר שותפות מוגבלת,,,יח`,350,גרם,false,1,9.10,2.60,false,1,
7290006618078,false,"מרסס לניקוי יסודי מטבח אסטוניש 750 מ""ל","יעקב יעקבי ובניו בע""מ",,,יח`,750,"מ""ל",false,1,11.90,1.59,false,1,
7290006618085,false,"אסטוניש תרסיס ניקוי אמבטיה וכיורים יעקבי 750 מ""ל",יעקב יעקבי ובניו בע`מ,,,יח`,750,"מ""ל",false,1,11.90,1.59,false,1,
7290006652027,false,במבה חטיף בוטנים אסם 20*15 גרם,קבוצת אוסם סחר שותפות מוגבלת,,,יח`,300,גרם,false,1,25.40,8.47,false,1,
7290006653819,false,קוסקוס אמיתי דק בשקית 350 גרם,קבוצת אוסם סחר שותפות מוגבלת,,,יח`,350,גרם,false,1,9.10,2.60,false,1,
7290006664051,false,"אקטימל לבן 1.51 ק""ג מארז 14 יחידות",שטראוס גרופ בעמ/מצונן,,,יח`,1.40,1 ליטר,false,1,30.90,22.07,false,1,
7290006664310,false,גבינה לבנה 3% שומן 250 ג' שטראוס,שטראוס גרופ בעמ/מצונן,,,יח`,250,גרם,false,1,4.70,1.88,false,1,
7290006664532,false,יוגורט עם תות 3% שומן 150 ג' דנונה,שטראוס גרופ בעמ/מצונן,,,יח`,150,"מ""ל",false,1,3.90,2.60,true,1,
7290006664655,false,דנונה Actimel יוגורט טבעי 8*100 מ``ל,שטראוס גרופ בעמ/מצונן,,,יח`,800,"מ""ל",false,1,20.90,2.61,false,1,
7290006664693,false,יוגורט עם אפרסק 3% שומן 150 ג' דנונה,שטראוס גרופ בעמ/מצונן,,,יח`,150,"מ""ל",false,1,3.90,2.60,true,1,
7290006664990,false,"יוגורט דנונה ביו לבן 1.7% שומן 8*150 מ""ל",שטראוס גרופ בעמ/מצונן,,,יח`,1.20,1 ליטר,false,1,17.50,14.58,false,1,
7290006681003,false,גלידה תות לימון סורבה 1.33 ל' קרמיסימו,"גלידת שטראוס בע""\מ, רחוב",,,יח`,1.33,1 ליטר,false,1,20.90,15.71,true,1,
7290006681553,false,קרמבו בטעם וניל שטראוס 8 יחידות,"גלידות שטראוס בע""מ",,,יח`,200,גרם,false,1,16.90,8.45,false,1,
7290006681966,false,שטראוס קרמיסימו,גלידות שטראוס בעמ,,,יח`,1.33,1 ליטר,false,1,20.90,15.71,true,1,
7290006681980,false,שטראוס קרמיסימו פירות יער,"גלידת שטראוס בע""\מ",,,יח`,1.33,1 ליטר,false,1,20.90,15.71,true,1,
7290006704061,false,עירית ארוזה,א.אדמה (2007) בעמ,,,יח`,1,,false,1,5.90,5.90,false,1,
7290006712981,false,"משחת שיניים קולגייט ספיידרמן מגיל שש 50 מ""ל",הנסיך- מפעל לייצור ט,,,יח`,66,גרם,false,1,12.90,19.55,false,1,
7290006714398,false,בשר הודו טחון קפוא מעדני הטלה 500 גר`,לאטי עזרא בעמ,,,יח`,500,גרם,false,1,13.90,2.78,false,1,
7290006739131,false,בצק גולמי פילו זוגלובק 500ג',זוגלובק שיווק בעמ,,,יח`,500,גרם,false,1,19.30,3.86,false,1,
7290006739346,false,נקניקיות פרגיות טרי 400 גרם זוגלובק,נקניק נהריה כשר זוגל,,,יח`,400,גרם,false,1,19.30,4.83,false,1,
7290006739414,false,נקניק סלמי קוניאק זוגלובק 300 גרם,נקניק נהריה כשר זוגל,,,יח`,350,גרם,false,1,32.60,9.31,true,1,
7290006739421,false,נקניק סלמי מעושן איטלקי זוגלובק 300 גרם,נקניק נהריה כשר זוגל,,,יח`,300,גרם,false,1,30.50,10.17,true,1,
7290006739445,false,שניצל תירס קלאסי 750 ג' זוגלובק,נקניק נהריה כשר זוגל,,,יח`,750,גרם,false,1,27.50,3.67,true,1,
7290006741363,false,בורקס תפוחי אדמה זוגלובק 800 גרם,מאפיית אריאל וגידרון,,,יח`,800,גרם,false,1,20.70,2.59,false,1,
7290006741387,false,מלווח תימני זוגלובק בד`צ 700 גרם קפוא,נקניק נהריה כשר זוגל,,,יח`,700,גרם,false,1,18.30,2.61,false,1,
7290006742278,false,פסטרמה הודו צלויה על לבנים 330 ג' זוגלובק,נקניק נהריה כשר זוגל,,,יח`,330,גרם,false,1,30.50,9.24,true,1,
7290006742292,false,פסטרמה הודו בדבש 330 ג' זוגלובק,נקניק נהריה כשר זוגל,,,יח`,330,גרם,false,1,30.50,9.24,true,1,
7290006764065,false,בירה שחורה נשר מאלט חוזר (500 מל),"טמפו משקאות בע""\ם.",,,יח`,500,"מ""ל",false,1,5.90,0.94,true,1,
7290006764072,false,"בירה גולדסטאר בקבוק 500 מ""ל חוזר","טמפו משקאות בע""\מ",,,יח`,500,"מ""ל",false,1,7.70,1.30,false,1,
7290006764157,false,"בירה גולדסטאר Unfiltered, בירה לא מסוננת, בקבוק חוזר 500 מ""ל",פארייפאבה אגרואינדוס,,,יח`,500,"מ""ל",false,1,7.90,1.34,false,1,
7290006764478,false,"בירה נשר מאלט בקבוק זכוכית 330 מ""ל",החברה המרכזית להפצת משקאות בעמ,,,יח`,330,"מ""ל",false,1,5.40,1.55,false,1,
7290006764485,false,"בירה שחורה נשר מאלט שישייה ח""פ 330*6 מ''ל","טמפו משקאות בע""\ם.",,,יח`,1.98,1 ליטר,false,1,28.90,13.69,false,1,
7290006775016,false,עוגת תפוז אחוה (450 גרם)אחוה,אחדות ביתחרושת לטחינה חלבה,,,יח`,450,גרם,false,1,11.90,2.64,true,1,
7290006775344,false,עוגת שמרים במילוי קרם קינמון אחוה 400 גרם,אחדות ביתחרושת לטחינה חלבה,,,יח`,400,גרם,false,1,11.90,2.98,false,1,
7290006785657,false,שקית 20 בלונים פסטל.,שמחה זה אנחנו בעמ,,,יח`,1,,false,1,5.90,5.90,false,1,
7290006788429,false,"קרליין - נושם סאן רייס דאודורנט רול און לאישה כתום 75 מ""ל",החברה הדרומית לשיווק בעמ,,,יח`,75,גרם,false,1,13.90,18.53,true,1,
7290006788481,false,"קרליין - נושם סאן רייס דאודורנט ספריי לאישה כתום 200 מ""ל",החברה הדרומית לשיווק בעמ,,,יח`,200,"מ""ל",false,1,13.90,6.95,true,1,
7290006788504,false,"קרליין - נושם אוקסיג'ן דאודורנט ספריי לאישה סגול 200 מ""ל",החברה הדרומית לשיווק בעמ,,,יח`,200,"מ""ל",false,1,13.90,6.95,true,1,
7290006805850,false,תערובת להכנת פנקייקס פילסברי (500 גרם),הדקלאים אגודת שיתופי,,,יח`,500,גרם,false,1,20.30,4.06,false,1,
7290006960429,false,כרוב בולגרי כבוש 750 גר` מאמא מרי,מאמא - מרי בעמ,,,יח`,750,גרם,false,1,18.90,2.52,false,1,
7290006983152,false,קרוטונים מתובלים למרק אסם (400 גרם),קבוצת אוסם סחר שותפות מוגבלת,,,יח`,400,גרם,false,1,21.40,5.35,false,1,
7290006983176,false,קרקר לחמית שיפון אסם (230 גרם),קבוצת אוסם סחר שותפות מוגבלת,,,יח`,230,גרם,false,1,10,4.35,false,1,
7290006983527,false,עוגת הבית תפוחי עץ עם פירורים 400 ג' אסם,קבוצת אוסם סחר שותפות מוגבלת,,,יח`,400,גרם,false,1,19.60,4.90,false,1,
7290006983763,false,עוגת הבית בטעם שוקולד אסם (400 גרם),קבוצת אוסם סחר שותפות מוגבלת,,,יח`,400,גרם,false,1,12.50,3.13,false,1,
7290006983770,false,עוגת הבית שיש אסם (400 גרם),קבוצת אוסם סחר שותפות מוגבלת,,,יח`,400,גרם,false,1,12.50,3.13,false,1,
7290006983787,false,עוגת הבית שוקולד צ'יפס אסם 400 גרם,קבוצת אוסם סחר שותפות מוגבלת,,,יח`,400,גרם,false,1,12.50,3.13,false,1,
7290006992185,false,"מטרנה - דייסת אורז פרוביוטי כשל""פ 200 גרם",קבוצת אוסם סחר שותפות מוגבלת,,,יח`,200,גרם,false,1,14.50,7.25,false,1,
7290006992208,false,מטרנה דייסת 8 דגנים מעורבים 200 גרם,קבוצת אוסם סחר שותפות מוגבלת,,,יח`,200,גרם,false,1,14.50,7.25,false,1,
7290008101356,false,קריספ פאנקו זהב 300 גרם מיימונס,א.ל.ייצור ושיווק תבלינים בעמ,,,יח`,300,גרם,false,1,10.90,3.63,true,1,
7290008154222,false,שניצלונים עוף טוב 700 גרם,קבוצת אוסם סחר-שות.מוגבלת,,,יח`,700,גרם,false,1,13.90,1.99,false,1,
7290008175173,false,חמאה מפינלנד ללא מלח 200 גרם ויליפוד,ג.וילי-פוד אינטרנשיונל **גבינו,,,יח`,200,גרם,false,1,11.90,5.95,false,1,
7290008268455,false,קיווי ישראלי בראשית,בראשית - אגודה שיתופית חקלאית-,,,יח`,1,,false,1,15,15,false,1,
7290008330107,false,מרכך כביסה סגול בדין (4 ליטר),יוניליוור ישראל שיווק בע`מ,,,יח`,4,1 ליטר,false,1,19.90,4.98,false,1,
7290008343466,false,בצק פילו שלושת האופים (500 גרם),שלושת האופים שגמור,,,יח`,500,גרם,false,1,20.90,4.18,true,1,
7290008343503,false,גחנון אפוי 650 גר' שלושת האופים קהילות,נטו מלינדה סחר בעמ,,,יח`,650,גרם,false,1,21.90,3.37,true,1,
7290008343558,false,סיגרים במילוי בשר פיקנטי 1 ק``ג קפוא,נטו מלינדה סחר בע`מ,,,יח`,1,"ק""ג",false,1,20.90,20.90,true,1,
7290008343565,false,"סיגרים תפו""א 1 ק""ג שלושת האופים",נטו מלינדה סחר בעמ,,,יח`,1,"ק""ג",false,1,20.90,20.90,true,1,
7290008343572,false,אגרול סיני 1 קג -שלושת האופים,נטו מלינדה סחר בע`מ,,,יח`,1,"ק""ג",false,1,20.90,20.90,true,1,
7290008343602,false,"קובה בשר 1 ק""ג שלושת האופים",נטו מלינדה סחר בעמ,,,יח`,1,"ק""ג",false,1,20.90,20.90,true,1,
7290008343619,false,"פסטלים תפו""א שלושת האופים 1 ק""ג",נטו מלינדה סחר בע`מ,,,יח`,1,"ק""ג",false,1,20.90,20.90,true,1,
7290008343626,false,כדורי פלאפל 1 קג -שלושת האופים,נטו מלינדה סחר בע`מ,,,יח`,1,"ק""ג",false,1,20.90,20.90,true,1,
7290008409049,false,שניצלונים בציפוי שומשום מיני מיני דק מאמא עוף 500 גרם,תנובה מרכז שיתופי לשיווק תוצרת,,,יח`,500,גרם,false,1,28.50,5.70,false,1,
7290008409100,false,אצבעות שניצל בציפוי שומשום מאמא עוף 700 גרם,תנובה גליל שותפות מוגבלת,,,יח`,600,גרם,false,1,38.80,6.47,false,1,
7290008409124,false,מאמא עוף קפוא שניצל ג'ונגל פריך 700 גרם,תנובה מרכז שיתופי לשיווק תוצרת,,,יח`,700,גרם,false,1,38.80,5.54,false,1,
7290008409315,false,שניצלונים בציפוי פריך מיני מיני דק מאמא עוף 500 גרם,תנובה מרכז שיתופי לשיווק תוצרת,,,יח`,500,גרם,false,1,28.50,5.70,false,1,
7290008409407,false,שניצל דק דק צ`יפס מאמא עוף (700 גרם),תנובה גליל שותפות מוגבלת,,,יח`,0,גרם,false,1,43.80,43.80,false,1,
7290008409582,false,שניצל עוף אמיתי בציפוי ביתי מאמא עוף 700 גרם,תנובה מרכז שיתופי לשיווק תוצרת,,,יח`,700,גרם,false,1,45.80,6.54,false,1,
7290008443616,false,"מרכך לשיער יבש אדום נקה 7 750 מ""ל",החברה הדרומית לשיווק בעמ,,,יח`,750,"מ""ל",false,1,11.90,1.59,true,1,
7290008443630,false,"שמפו לשיער מתולתל סגול נקה 7 750 מ""ל",החברה הדרומית לשיווק בעמ,,,יח`,750,"מ""ל",false,1,11.90,1.59,true,1,
7290008443647,false,"מרכך לשיער מתולתל סגול, 750 מ""ל נקה 7",החברה הדרומית לשיווק בעמ,,,יח`,750,"מ""ל",false,1,11.90,1.59,true,1,
7290008461238,false,"סרדינים בשמן חמניות ופלפל חריף רוברט 84 גרם, 115 גרם",א. סיימן סחר בעמ,,,יח`,115,גרם,false,1,7.50,6.52,false,1,
7290008464024,false,"בירה גולדסטאר Unfiltered, בירה לא מסוננת, פחית 500 מ""ל","טמפו משקאות בע""מ",,,יח`,500,"מ""ל",false,1,8.90,1.72,false,1,
7290008464130,false,"בירה גולדסטאר Unfiltered, בירה לא מסוננת, מארז שישייה, בקבוק 330 מ""ל",טמפו משקאות בעמ,,,יח`,1.98,1 ליטר,false,1,43.80,21.21,true,1,
7290008464222,false,"בירה מכבי 7.9%, בירה חזקה, פחית 500 מ""ל","טמפו משקאות בע""\מ",,,יח`,500,"מ""ל",false,1,7.90,1.52,false,1,
7290008464468,false,בירה בפחית גולדסטאר (500 מל),פארייפאבה אגרואינדוס,,,יח`,500,"מ""ל",false,1,8.50,1.64,false,1,
7290008464703,false,"שישיית בירה מכבי בקבוק 330 מ""ל",טמפו משקאות בע''מ,,,יח`,1.98,1 ליטר,false,1,36.60,17.58,true,1,
7290008464741,false,"בירה גולדסטאר, מארז שישייה, בקבוק 330 מ''ל","טמפו משקאות בע""\מ",,,יח`,1.98,1 ליטר,false,1,40.70,19.65,true,1,
7290008470766,false,שמינייה אורביט סטיקס בטעם פפרמינט,מרס ריגלי ישראל בעמ,,,יח`,1,,false,1,16.30,16.30,false,1,
7290008493413,false,פירורי לחם מאיר בייגל פירורי גריסיני 200 גרם,"דנשר (1963) בע,מ",,,יח`,200,גרם,false,1,6.40,3.20,false,1,
7290008493710,false,פרורי גריסני זהב פירורי לחם מאיר בייגל 200 גרם,"דנשר (1963) בע,מ",,,יח`,200,גרם,false,1,6.40,3.20,false,1,
7290008634045,false,"פלסטר שקוף 30 יחידות ""SUNNY PLASTER""",אינטרסן (1996) בעמ,,,יח`,30,יח`,false,1,6.90,0.23,false,1,
7290008636339,false,פירה שבבי תפוח אדמה מיה 500 גרם כשר לפסח,מיה תעשיות מזון מ.ת.מ. בעמ,,,יח`,400,גרם,false,1,13.20,3.30,false,1,
7290008636650,false,קמח מצה מיה 500 גרם,מיה תעשיות מזון מ.ת.מ. בעמ,,,יח`,500,גרם,false,1,9.40,1.88,false,1,
7290008636919,false,קקאו הולנדי בבשקית מיה 200 גרם,מיה תעשיות מזון מ.ת.מ. בעמ,,,יח`,200,גרם,false,1,14.20,7.10,false,1,
7290008636926,false,קקאו הולנדי בשקית מיה 500 גרם,מיה תעשיות מזון מ.ת.מ. בעמ,,,יח`,500,גרם,false,1,15.90,3.18,false,1,
7290008636988,false,גרעיני חמניות קלופים 100 גר' מיה,מיה תעשיות מזון מ.ת.מ. בעמ,,,יח`,100,גרם,false,1,5,5,false,1,
7290008636995,false,גרעיני דלעת קלופים מיה 100 גרם,מיה תעשיות מזון מ.ת.מ. בעמ,,,יח`,100,גרם,false,1,9.10,9.10,false,1,
7290008644112,false,אחלה יום יום סלט מטבוחה יום יום 125 גרם,שטראוס גרופ בעמ/מצונן,,,יח`,125,גרם,false,1,5,4,false,1,
7290008644235,false,מבחר עלי בייבי 120 גרם-טעם הטבע,שטראוס בריאות ירקות טריי,,,יח`,120,גרם,false,1,10.10,8.42,false,1,
7290008644945,false,סלט המושבה שטראוס 450 גר`-טעם הטבע,שטראוס בריאות ירקות טריי,,,יח`,450,גרם,false,1,11.20,2.49,false,1,
7290008645935,false,אחלה חומוס לניגוב 750 גרם,שטראוס גרופ בעמ/מצונן,,,יח`,750,גרם,false,1,9.90,1.32,false,1,
7290008670029,false,"יין אדום מרלו רקנאטי 750 מ""ל",היכל היין שקד גולן בעמ,,,יח`,750,"מ""ל",false,1,56,7.43,true,1,
7290008670159,false,"יין רקנאטי יסמין לבן 750 מ""ל",היכל היין שקד גולן בעמ,,,יח`,750,"מ""ל",false,1,39.90,5.28,true,1,
7290008670210,false,"יין אדום שירז רקנאטי אחים שקד 750 מ""ל",היכל היין שקד גולן בעמ,,,יח`,750,"מ""ל",false,1,56,7.43,true,1,
7290008690713,false,נקטר חמוציות אושן ספריי פריגת (1 ליטר),החברה המרכזית להפצת משקאות בעמ,,,יח`,1,1 ליטר,false,1,13.90,13.90,false,1,
7290008693134,false,מעדן גבינה ויוגורט בטעם תות 5% שומן 88 ג' דניאלה,שטראוס גרופ בעמ/מצונן,,,יח`,150,"מ""ל",false,1,4,2.67,false,1,
7290008713900,false,לחם שיפון עגול פרוס אחדות (750 גרם),מאפיית אנג'\ל אורנים מאפ,,,יח`,750,גרם,false,1,12.50,1.67,false,1,
7290008745239,false,תפוצ'יפס קראנצ' בטעם טבעי עלית 50 גרם,"שטראוס פריטו ליי בע""\מ )",,,יח`,55,גרם,false,1,4,7.27,false,1,
7290008747547,false,תפוצ'יפס קראנץ' בטעם טבעי עלית 200 גרם,"שטראוס פריטו ליי בע""\מ )",,,יח`,200,גרם,false,1,11.50,5.75,true,1,
7290008752244,false,תפוצ'יפס קראנץ' בטעם גריל עלית 50 גרם,"שטראוס פריטו ליי בע""\מ )",,,יח`,50,גרם,false,1,4,8,false,1,
7290008753111,false,תפוצ'יפס קראנץ' בטעם מקסיקני עלית 50 גרם,"שטראוס פריטו ליי בע""\מ )",,,יח`,50,גרם,false,1,4,8,false,1,
7290008754415,false,גומי מאסט בטעם ספירמינט עדין פליפטופ 28 ג' עלית,שטראוס גרופ בע`מ,,,יח`,28,גרם,false,1,5,17.86,false,1,
7290008757034,false,"שוופס סודה זכוכית 250 מ""ל",יפאורה שותפות מוגבלת לשיווק,,,יח`,250,"מ""ל",false,1,2.90,1.04,true,1,
7290008757980,false,קרטונית ספרינג נקטר רימונים 1 ליטר,יפאורה שותפות מוגבלת לשיווק,,,יח`,1,1 ליטר,false,1,7.30,7.30,false,1,
7290008775816,false,ערגליות עוגיות במילוי שוקולד אסם 300 גרם,קבוצת אוסם סחר שותפות מוגבלת,,,יח`,300,גרם,false,1,12.20,4.07,false,1,
7290008775823,false,ערגליות עוגיות תות שדה אסם 300 גרם,קבוצת אוסם סחר שותפות מוגבלת,,,יח`,300,גרם,false,1,12.20,4.07,false,1,
7290008792264,false,מפיות טישיו טאצ' 100יח',שניב תעשיות נייר בעמ,,,יח`,1,,false,1,5.90,5.90,false,1,
7290008801119,false,סלקטד סוביניון בלאן יקבי כרמל (750 מל),אגודת הכורמים הקואופרטיב,,,יח`,750,"מ""ל",false,1,30.90,4.08,true,1,
7290008801157,false,"יין מרלו סלקטד כרמל כרמל 750 מ""ל",אגודת הכורמים -כרמל מזרחי,,,יח`,750,"מ""ל",false,1,30.90,4.08,true,1,
7290008801522,false,יין קינג דויד קונקורד אדום מתוק 750 מל,אגודת הכורמים הקואופרטיב,,,יח`,750,"מ""ל",false,1,22.90,3.01,false,1,
7290008801539,false,כרמל 120 אדום מתוק 750 מל קינג דיוויד,אגודת הכורמים הקואופרטיב,,,יח`,750,"מ""ל",false,1,22.90,3.01,false,1,
7290008801850,false,סלקטד אמרלד ריזלינג לבן חצי יבש 750 מל,אגודת הכורמים הקואופרטיב,,,יח`,750,"מ""ל",false,1,30.90,4.08,true,1,
7290008802291,false,יין מרלו פרייבט קולקשן יקבי כרמל,אגודת הכורמים הקואופרטיב,,,יח`,750,"מ""ל",false,1,41.90,5.55,true,1,
7290008802512,false,"יין וינו אדום ""כרמל מזרחי""",אגודת הכורמים בעמ,,,יח`,750,"מ""ל",false,1,20.90,2.75,true,1,
7290008802529,false,"יין לבן חצי יבש וינו 750 מ""ל",אגודת הכורמים בעמ,,,יח`,750,"מ""ל",false,1,20.90,2.75,true,1,
7290008802895,false,יין קברנה סוביניון פרייבט קולקשן יקבי כרמל,אגודת הכורמים הקאופורטיב,,,יח`,750,"מ""ל",false,1,41.90,5.55,true,1,
7290008805520,false,"יין קברנה/סוביניון סלקטד כרמל 750 מ""ל",אגודת הכורמים בעמ,,,יח`,750,"מ""ל",false,1,30.90,4.08,true,1,
7290008805964,false,יין קברנה שיראז גליל עליון סדרה אזורית יקבי כרמל,אגודת הכורמים הקואופרטיב,,,יח`,750,"מ""ל",false,1,54.90,7.28,false,1,
7290008806961,false,גלידה שוקולד שבבי שוקולד פרה 1.33 ל' קרמיסימו,"גלידת שטראוס בע""\מ, רחוב",,,יח`,1.33,1 ליטר,false,1,20.90,15.71,true,1,
7290008849609,false,אוליביה רוטב לעוף שום דבש (330 גרם),תה ויסוצקי (ישראל) בעמ,,,יח`,275,"מ""ל",false,1,14.90,5.42,true,1,
7290008989473,false,ממרח חרובים בטעם שוקולד בטר אנד דיפרנט 350 גרם,"בטר אנד דיפרנט בע""מ",,,יח`,350,גרם,false,1,13.50,3.86,false,1,
7290010002023,false,כורכום הודי טחון תבליני מימון 100 גרם,א.ל. ייצור ושיווק תבלינים בע`מ,,,יח`,100,גרם,false,1,13.20,13.20,false,1,
7290010002030,false,תבלין כמון טחון תבליני מימון 100 גרם,א.ל. ייצור ושיווק תבלינים בע`מ,,,יח`,100,גרם,false,1,13.20,13.20,false,1,
7290010002047,false,תבלין מלח לימון תבליני מימון 200 גרם,א.ל. ייצור ושיווק תבלינים בע`מ,,,יח`,200,גרם,false,1,14.90,7.45,false,1,
7290010002078,false,פלפל שחור טחון תבליני מימון (100 גרם),א.ל. ייצור ושיווק תבלינים בע`מ,,,יח`,100,גרם,false,1,17.30,17.30,false,1,
7290010002092,false,תבלין פלפל שחור גרוס דק תבליני מימון 90,א.ל. ייצור ושיווק תבלינים בע`מ,,,יח`,90,גרם,false,1,17.30,19.22,false,1,
7290010002108,false,תבלין פלפל שחור גרוס גס תבליני מימון 90,א.ל. ייצור ושיווק תבלינים בע`מ,,,יח`,90,גרם,false,1,17.30,19.22,false,1,
7290010002122,false,פפריקה הונגרית מתוקה תבליני מימון 100 גרם,א.ל. ייצור ושיווק תבלינים בע`מ,,,יח`,100,גרם,false,1,13.20,13.20,false,1,
7290010002146,false,פפריקה מרוקאית מתוקה תבליני מימון 100 גרם,א.ל. ייצור ושיווק תבלינים בע`מ,,,יח`,100,גרם,false,1,13.20,13.20,false,1,
7290010002191,false,תבלין מקלות קינמון תבליני מימון 50 גרם,א.ל. ייצור ושיווק תבלינים בע`מ,,,יח`,50,גרם,false,1,14.90,29.80,false,1,
7290010002207,false,תבלין קינמון טחון תבליני מימון 100 גרם,א.ל. ייצור ושיווק תבלינים בע`מ,,,יח`,100,גרם,false,1,12.20,12.20,false,1,
7290010002214,false,תבלין צ'ילי גרוס תבליני מימון 80 גרם,א.ל. ייצור ושיווק תבלינים בע`מ,,,יח`,70,גרם,false,1,13.20,18.86,false,1,
7290010002290,false,תיבול לשווארמה תבליני מימון 100 גרם,א.ל. ייצור ושיווק תבלינים בע`מ,,,יח`,100,גרם,false,1,13.20,13.20,false,1,
7290010002320,false,תבלין לגריל עוף תבליני מימון (100 גרם),א.ל. ייצור ושיווק תבלינים בע`מ,,,יח`,100,גרם,false,1,13.20,13.20,false,1,
7290010002344,false,תבלין לדג תבליני מימון 100 גרם.,א.ל. ייצור ושיווק תבלינים בע`מ,,,יח`,100,גרם,false,1,13.20,13.20,false,1,
7290010002351,false,זעתר ושומשום בלדי תבליני מימון (100 גרם),א.ל. ייצור ושיווק תבלינים בע`מ,,,יח`,100,גרם,false,1,13.20,13.20,false,1,
7290010002382,false,תבלין אורגנו תבליני מימון 40 גרם,א.ל. ייצור ושיווק תבלינים בע`מ,,,יח`,40,גרם,false,1,12.20,30.50,false,1,
7290010002429,false,עלי דפנה תבליני מימון 20 גרם צנצנת,א.ל. ייצור ושיווק תבלינים בע`מ,,,יח`,20,גרם,false,1,12.20,61,false,1,
7290010002597,false,כוסברה ירוקה תבליני מימון (20 גרם),א.ל. ייצור ושיווק תבלינים בע`מ,,,יח`,30,גרם,false,1,12.20,40.67,false,1,
7290010002726,false,תבלין לפרגיות תבליני מימון 100 גרם.,א.ל. ייצור ושיווק תבלינים בע`מ,,,יח`,100,גרם,false,1,13.20,13.20,false,1,
7290010003693,false,פפריקה מתוקה בשקית תבליני מימון 80 גרם,א.ל. ייצור ושיווק תבלינים בע`מ,,,יח`,80,גרם,false,1,7.10,8.88,false,1,
7290010003709,false,פלפל שחור טחון בשקית תבליני מימון 50 גרם,א.ל. ייצור ושיווק תבלינים בע`מ,,,יח`,50,גרם,false,1,9.10,18.20,false,1,
7290010003754,false,כמון טחון בשקית תבליני תבליני מימון 50 גרם,א.ל. ייצור ושיווק תבלינים בע`מ,,,יח`,50,גרם,false,1,7.10,14.20,false,1,
7290010003761,false,כורכום טחון בשקית תבליני מימון 80 גרם,א.ל. ייצור ושיווק תבלינים בע`מ,,,יח`,80,גרם,false,1,7.10,8.88,false,1,
7290010003778,false,תיבול לגריל עוף בשקית תבליני מימון 80 גרם,א.ל. ייצור ושיווק תבלינים בע`מ,,,יח`,80,גרם,false,1,7.10,8.88,false,1,
7290010003808,false,זעתר ושומשום בשקית תבליני מימון (80 גרם),א.ל. ייצור ושיווק תבלינים בע`מ,,,יח`,80,גרם,false,1,7.10,8.88,false,1,
7290010003839,false,קינמון טחון בשקית תבליני מימון 80 גרם,א.ל. ייצור ושיווק תבלינים בע`מ,,,יח`,80,גרם,false,1,7.10,8.88,false,1,
7290010003846,false,אורגנו בשקית תבליני מימון 20 גרם,א.ל. ייצור ושיווק תבלינים בע`מ,,,יח`,20,גרם,false,1,7.10,35.50,false,1,
7290010003990,false,פטרוזיליה בשקית תבליני מימון 20 גרם,א.ל. ייצור ושיווק תבלינים בע`מ,,,יח`,80,גרם,false,1,7.10,8.88,false,1,
7290010023141,false,תה לימונענע הגן הקסום ויסוצקי 25 יחידות,תה ויסוצקי (ישראל) בעמ,,,יח`,50,גרם,false,1,17.90,35.80,true,1,
7290010023622,false,תה קלאסי עם נגיעות נענע ויסוצקי 100 יחידות,תה ויסוצקי (ישראל) בעמ,,,יח`,100,גרם,false,1,25.40,25.40,false,1,
7290010045006,false,עוגיות חמאה פריכות לחמי (200 גרם),קונדטוריות לחמי,,,יח`,200,גרם,false,1,19.90,9.95,false,1,
7290010045051,false,עוגיות מלבן שקדים לחמי (200 גרם),קונדטוריות לחמי,,,יח`,200,גרם,false,1,19.90,9.95,false,1,
7290010051021,false,בזיליקום ארוז א.אדמה,א.אדמה (2007) בעמ,,,יח`,1,,false,1,5.90,5.90,false,1,
7290010051045,false,עלי בייבי ארוז א.אדמה,א.אדמה (2007) בעמ,,,יח`,1,,false,1,9.90,9.90,false,1,
7290010051052,false,פטרוזיליה ארוז א.אדמה,א.אדמה (2007) בעמ,,,יח`,120,גרם,false,1,3.90,3.25,false,1,
7290010051076,false,לבבות חסה ארוז א.אדמה,א.אדמה (2007) בעמ,,,יח`,1,,false,1,11.90,11.90,false,1,
7290010051113,false,טימין - קורנית יח',א.אדמה (2007) בעמ,,,יח`,1,,false,1,5.90,5.90,false,1,
7290010051120,false,מרווה ארוז א.אדמה,א.אדמה (2007) בעמ,,,יח`,1,,false,1,5.90,5.90,false,1,
7290010051144,false,תרד עלים א.אדמה,ביכורי השדה צפון 1994 ג.ד. בעמ,,,יח`,180,גרם,false,1,9.90,5.50,false,1,
7290010051168,false,כוסברה ארוז א.אדמה,א.אדמה (2007) בעמ,,,יח`,1,,false,1,3.90,3.90,false,1,
7290010051175,false,כוסברה/שמיר ארוז,א.אדמה (2007) בעמ,,,יח`,1,,false,1,3.90,3.90,false,1,
7290010051182,false,נענע ארוז א.אדמה,א.אדמה (2007) בעמ,,,יח`,1,,false,1,3.90,3.90,false,1,
7290010051199,false,שורש פטרוזיליה ארוז א.אדמה,א.אדמה (2007) בעמ,,,יח`,1,,false,1,5.90,5.90,false,1,
7290010051205,false,סלרי עלים ארוז א.אדמה,א.אדמה (2007) בעמ,,,יח`,1,,false,1,5.90,5.90,false,1,
7290010051212,false,ראש סלרי א.אדמה,א.אדמה (2007) בעמ,,,יח`,300,גרם,false,1,5.90,1.97,false,1,
7290010051267,false,לוף בשקית א.אדמה,א.אדמה (2007) בעמ,,,יח`,1,,false,1,10.90,10.90,false,1,
7290010051281,false,רוקולה ארוז א.אדמה,ביכורי השדה צפון 1994 ג.ד. בעמ,,,יח`,110,גרם,false,1,9.90,9,false,1,
7290010051298,false,סלק עלים ארוז מנגולד א.אד,א.אדמה (2007) בעמ,,,יח`,1,,false,1,5.90,5.90,false,1,
7290010051311,false,סלרי חתוך א.אדמה,ביכורי השדה צפון 1994 ג.ד. בעמ,,,יח`,1,,false,1,6.90,6.90,false,1,
7290010051328,false,חסה באק צ`וי א. אדמה,א.אדמה (2007) בעמ,,,יח`,1,,false,1,12.90,12.90,false,1,
7290010051335,false,בצל ירוק ארוז א.אדמה,א.אדמה (2007) בעמ,,,יח`,1,,false,1,5.90,5.90,false,1,
7290010051373,false,לבבות חסה בשקית א.אדמה,ביכורי השדה צפון 1994 ג.ד. בעמ,,,יח`,1,,false,1,10.90,10.90,false,1,
7290010051403,false,סלרי אמריקאי ביכורי שדה ארוז,א.אדמה (2007) בעמ,,,יח`,1,,false,1,5.90,5.90,false,1,
7290010051434,false,חסה סלנובה ארוז א.אדמה,ביכורי שדה דרום,,,יח`,1,,false,1,11.90,11.90,false,1,
7290010051687,false,רוזמרין ארוז א.אדמה,א.אדמה (2007) בעמ,,,יח`,300,גרם,false,1,5.90,1.97,false,1,
7290010051724,false,מלפפון בייבי,א.אדמה (2007) בעמ,,,יח`,1,,false,1,9.90,9.90,false,1,
7290010065332,false,מחית תפוח עץ בננה ג'וניור פרינוק 190 גרם,גורי מוצרי צריכה (1991) בעמ,,,יח`,190,גרם,false,1,7.50,3.95,true,1,
7290010065349,false,מחית סלט פירות ג'וניור פרינוק 190 גרם,גורי מוצרי צריכה (1991) בעמ,,,יח`,190,גרם,false,1,7.50,3.95,true,1,
7290010066001,false,נתחי טונה עם שמן צמחי פילטונה 960 גרם,תעשיות פיל טונה בעמ,,,יח`,960,גרם,false,1,35.90,3.74,false,1,
7290010066025,false,טונה פילטונה בודד בשמן 160 ג`.,תעשיות פיל טונה בעמ,,,יח`,160,גרם,false,1,6.10,3.81,false,1,
7290010066056,false,טונה פילטונה במים-בודד,אחים אוחיון משקאות בעמ,,,יח`,170,גרם,false,1,6.10,3.59,false,1,
7290010066513,false,נתחי טונה בשמן צמחי רביעיה *158ג' פילטונה,תעשיות פילטונה בעמ,,,יח`,632,גרם,false,1,23.90,3.78,false,1,
7290010066575,false,נתחי טונה במים רביעיה *158ג' פילטונה,תעשיות פילטונה בעמ,,,יח`,632,גרם,false,1,23.90,3.78,false,1,
7290010066582,false,נתחי טונה בשמן קנולה רביעיה * 158 ג' פילטונה,תעשיות פילטונה בעמ,,,יח`,632,גרם,false,1,23.90,3.78,false,1,
7290010116980,false,שוקולית אבקה להכנת משקה שוקו שקית 850,הנסיך- מפעל לייצור ט,,,יח`,850,גרם,false,1,20.30,2.39,true,1,
7290010117864,false,דוריטוס חטיף תירס בטעם חריף אש עלית 70 גרם,"שטראוס פריטו ליי בע""\מ )",,,יח`,70,גרם,false,1,4,5.71,true,1,
7290010118328,false,חטיף צ`יפס בטעם טבעי תפוצ`יפס (40x6 גרם),"שטראוס פריטו ליי בע""מ",,,יח`,240,גרם,false,1,13.20,5.50,false,1,
7290010124190,false,אל מטאדור שניצל בקר מלינסה 250 גרם בלדי,בלדי בעמ,,,יח`,250,גרם,false,1,12.90,5.16,false,1,
7290010153503,false,שעועית בובס יבשה מיה 400 גר',מיה תעשיות מזון מ.ת.מ. בעמ,,,יח`,400,גרם,false,1,12.80,3.20,false,1,
7290010153510,false,בורגול יבש מיה 500 גר',מיה תעשיות מזון מ.ת.מ. בעמ,,,יח`,500,גרם,false,1,6.10,1.22,true,1,
7290010153527,false,ג'ריש מיה 500 גרם,מיה תעשיות מזון מ.ת.מ. בעמ,,,יח`,500,גרם,false,1,6.40,1.28,true,1,
7290010153534,false,קמח תירס מיה 400 גרם,מיה תעשיות מזון מ.ת.מ. בעמ,,,יח`,400,גרם,false,1,7.40,1.85,false,1,
7290010153688,false,חומץ רכיבים טבעיים 1 ליטר,מיה תעשיות מזון מ.ת.מ. בעמ,,,יח`,1,1 ליטר,false,1,8.10,8.10,false,1,
7290010153695,false,"פול גדול יבש מיה 400 גר' כשל""פ",מיה תעשיות מזון מ.ת.מ. בעמ,,,יח`,400,גרם,false,1,9.40,2.35,false,1,
7290010153770,false,ציפוי לשניצל פיקנטי מיה 500 גרם,מיה תעשיות מזון מ.ת.מ. בעמ,,,יח`,500,גרם,false,1,12.20,2.44,true,1,
7290010153787,false,ציפוי לשניצל עם שומשום 500 גר`מיה,מיה תעשיות מזון מ.ת.מ. בעמ,,,יח`,500,גרם,false,1,12.20,2.44,true,1,
7290010153794,false,ציפוי לשניצל עם עשבי תיבול מיה 500 גרם,מיה תעשיות מזון מ.ת.מ. בעמ,,,יח`,500,גרם,false,1,12.20,2.44,true,1,
7290010153800,false,ציפוי לשניצל עם תיבול עדין מיה (500 גרם),מיה תעשיות מזון מ.ת.מ. בעמ,,,יח`,500,גרם,false,1,12.20,2.44,true,1,
7290010154005,false,סחוג תימני תבליני ביטון יוחאי (250 גרם),תבליני יוחאי ביטון,,,יח`,250,גרם,false,1,15.20,6.08,false,1,
7290010154012,false,לימון בלאדי תבליני ביטון יוחאי (250 גרם),תבליני יוחאי ביטון,,,יח`,250,גרם,false,1,16.60,6.64,false,1,
7290010154029,false,אריסה מתוקה תבליני ביטון יוחאי (250 גרם),תבליני יוחאי ביטון,,,יח`,250,גרם,false,1,15.60,6.24,false,1,
7290010154036,false,עמבה תבליני ביטון יוחאי (250 גרם),תבליני יוחאי ביטון,,,יח`,250,גרם,false,1,15.20,6.08,false,1,
7290010154241,false,סלט חזרת ביתית תבליני ביטון יוחאי (250 ג,תבליני יוחאי ביטון,,,יח`,250,גרם,false,1,15.20,6.08,false,1,
7290010154265,false,פלפל צ`ומה תבליני ביטון יוחאי (250 גרם),תבליני יוחאי ביטון,,,יח`,250,גרם,false,1,16.30,6.52,false,1,
7290010154425,false,סחוג ירוק תבליני ביטון 130 גרם,תבליני יוחאי ביטון,,,יח`,130,גרם,false,1,9.40,7.23,true,1,
7290010163069,false,צנובר 100 גרם ששון הקולה,דין שיווק וקליה 2021 בעמ,,,יח`,100,גרם,false,1,25.90,25.90,false,1,
7290010195275,false,פופ סטאר גרעיני תירס להכנת פופקורן במיקרוגל בטעם חמאה מופחת שומן 425 גרם,דנשר (1963) בעמ,,,יח`,425,גרם,false,1,18.50,4.35,true,1,
7290010237548,false,"פפסי מקס דל קלוריות 500 מ""ל בקבוק",טמפו משקאות בע`מ,,,יח`,500,"מ""ל",false,1,4,0.74,true,1,
7290010237562,false,משקה מוגז בטעם תפוזים מירנדה (500 מל),טמפו משקאות בע`מ,,,יח`,500,"מ""ל",false,1,5.90,1.12,true,1,
7290010237579,false,משקה מוגז בטעם ליים סבן אפ (500 מל),טמפו משקאות בע`מ,,,יח`,500,"מ""ל",false,1,5.90,1.12,true,1,
7290010237890,false,"בירה הייניקן בקבוק 500 מ""ל חוזר",טמפו משקאות בע''מ,,,יח`,500,"מ""ל",false,1,8.90,1.54,false,1,
7290010259359,false,וילי פוד נודלס אטר.ביצים להקפצה בדץ 200ג,ג.וילי-פוד אינטרנשיונל בעמ,,,יח`,200,גרם,false,1,5.90,2.95,false,1,
7290010259366,false,וילי פוד נודלס אטר.ביצים מסולסל בדץ 200ג,ג. וילי-פוד אינטרנשיונל בע`מ,,,יח`,200,גרם,false,1,5.90,2.95,false,1,
7290010259823,false,מנת השף נודלס בטעם עוף וילי פוד (70 גרם),ג. וילי-פוד אינטרנשיונל בע`מ,,,יח`,70,גרם,false,1,5.50,7.86,false,1,
7290010259830,false,מנת השף נודלס בסגנון סיני פיקנטי וילי פוד 70 גרם,ג. וילי-פוד אינטרנשיונל בע`מ,,,יח`,70,גרם,false,1,5.50,7.86,false,1,
7290010259847,false,מנת השף מרק עם נודלס בטעם תירס ויליפוד 70 גרם,ג. וילי-פוד אינטרנשיונל בע`מ,,,יח`,70,גרם,false,1,5.50,7.86,false,1,
7290010259854,false,מנת השף מרק עם נודלס בטעם פטריות ויליפוד 70 גרם,ג. וילי-פוד אינטרנשיונל בע`מ,,,יח`,70,גרם,false,1,5.50,7.86,false,1,
7290010259861,false,מנת השף מרק עם נודלס בטעם ירקות ויליפוד 70 גרם,ג. וילי-פוד אינטרנשיונל בע`מ,,,יח`,70,גרם,false,1,5.50,7.86,false,1,
7290010259991,false,צנימים מיוחדים בטעם טבעי 250 ג',ג. וילי-פוד אינטרנשיונל בע`מ,,,יח`,250,גרם,false,1,9.10,3.64,true,1,
7290010278916,false,שקית 10 מודפס נסיכות,שמחה זה אנחנו בע`מ,,,יח`,1,,false,1,8.90,8.90,false,1,
7290010328505,false,"מארז מיני חלווה 15 יחידות לל""ס אחוה 150 גרם",אחדות ביחר לטחינה חל,,,יח`,1,,false,1,11.90,11.90,true,1,
7290010328680,false,עוגה בטעם שוקולד עם שוקוצ'יפס מריר ולבן 450 גרם,אחדות ביחר לטחינה חל,,,יח`,450,גרם,false,1,11.90,2.64,true,1,
7290010328727,false,ממרח טחינה עם שוקולד אחווה 400 גרם,אחדות ביחר לטחינה חל,,,יח`,400,גרם,false,1,10.90,2.73,false,1,
7290010471669,false,יוגורט תות עם קורנפלקס מצופה שוקולד ללא גלוטן 3.9%,שטראוס גרופ בעמ/מצונן,,,יח`,175,"מ""ל",false,1,4.50,2.57,false,1,
7290010472307,false,"שמיניית משקה גמדים תות בננה דיסני 108 מ""ל",שטראוס גרופ בעמ/מצונן,,,יח`,800,"מ""ל",false,1,20.90,2.61,true,1,
7290010472390,false,מארז 8 יחידות מעדן דני בטעם שוקולד 1.5%,שטראוס גרופ בעמ/מצונן,,,יח`,1,1 ליטר,false,1,16.80,16.80,false,1,
7290010546336,false,מנדל גרנולה בסילאן ללא תוספת סוכר 400 גר,גורי מוצרי צריכה (1991) בעמ,,,יח`,400,גרם,false,1,20.90,5.23,false,1,
7290010569717,false,שטראוס קרמיסימו,גלידות שטראוס בעמ,,,יח`,1.33,1 ליטר,false,1,20.90,15.71,true,1,
7290010627004,false,טחינה גולמית מסורתית ירושלים 500 ג',תה ויסוצקי (ישראל) בעמ,,,יח`,500,גרם,false,1,16.90,3.38,true,1,
7290010627844,false,טחינה גולמית שומשום מלא ירושלים 500גרם,תה ויסוצקי (ישראל) בעמ,,,יח`,500,גרם,false,1,16.90,3.38,true,1,
7290010690527,false,קייל ארוז גן ירק,א.אדמה (2007) בעמ,,,יח`,1,,false,1,11.90,11.90,false,1,
7290010711123,false,כריות מתכת שייני 4 יחידות,מ.א.ייצור ויבוא מטליות בעמ,,,יח`,1,,false,1,6.90,6.90,false,1,
7290010711543,false,כף אשפה + גומי SHINY,מ.א.ייצור ויבוא מטליות בעמ,,,יח`,1,,false,1,6.40,6.40,false,1,
7290010711550,false,דלי איטלקי עם פיה יוגב,מ.א.ייצור ויבוא מטליות בעמ,,,יח`,1,,false,1,12.50,12.50,false,1,
7290010711901,false,מיקרופייבר שלישייה לרצפה שייני,מ.א.ייצור ויבוא מטליות בעמ,,,יח`,1,,false,1,13.90,13.90,false,1,
7290010711918,false,שייני מטליות מיקרופייבר לניקוי כללי חמישיה,מ.א.ייצור ויבוא מטליות בעמ,,,יח`,1,,false,1,8.90,8.90,false,1,
7290010711932,false,מטליות רב שימושיות פרימיום שייני 9 יחידות,מ.א.ייצור ויבוא מטליות בעמ,,,יח`,1,,false,1,8.90,8.90,false,1,
7290010766734,false,רוטב פיצה אוליביה אסם 430 ג',תה ויסוצקי (ישראל) בעמ,,,יח`,415,"מ""ל",false,1,14.90,3.59,true,1,
7290010838219,false,ממתיק על בסיס צמח הסטיביה - שקיות,"קיפל טבליות וממתיקים בע""מ",,,יח`,100,יח`,false,1,28.90,0.29,false,1,
7290010838424,false,ג'ל לניקוי מתקדם בניחוח רענן - מארז זוג,"איטיליאן פוד, אס.פי.",,,יח`,1.50,1 ליטר,false,1,19.90,13.27,true,1,
7290010838431,false,דאק נוזל לניקוי אסלות זוג בניחוח ים 2*750 מל,מיוצר עי קונדיטוריית,,,יח`,1.50,1 ליטר,false,1,19.90,13.27,true,1,
7290010849505,false,די לואיג`י רוסו דולצ`ה 750 מל למברוסקו,הכרם - משקאות חריפים בעמ,,,יח`,750,"מ""ל",false,1,32.90,4.35,true,1,
7290010849529,false,"למברוסקו די לואיג`י ביאנקו 750מ""ל",הכרם - משקאות חריפים בעמ,,,יח`,750,"מ""ל",false,1,32.90,4.35,true,1,
7290010883356,false,כפפות אלוורה רב שימושיות גדולות L סנו סושי,החברה הדרומית לשיווק בעמ,,,יח`,1,,false,1,11.90,11.90,true,1,
7290010883370,false,כפפות אלוורה רב שימושיות בינוניות M סנו סושי,החברה הדרומית לשיווק בעמ,,,יח`,1,,false,1,11.90,11.90,true,1,
7290010922673,false,קרפצ`יו עגל פרימיום 140 גר`אל מטאדור,בלדי בעמ,,,יח`,140,גרם,false,1,19.90,14.21,false,1,
7290010922871,false,טחון בקר 1 קג ארוז קפוא -אשפר,בלדי בעמ,,,יח`,1000,גרם,false,1,29.90,2.99,false,1,
7290010931330,false,סלט מטבוחה אחלה 500 גרם,שטראוס גרופ בעמ/מצונן,,,יח`,500,גרם,false,1,15.60,3.12,true,1,
7290010945146,false,קוטג' 3% מועשר בסידן טרה 250 ג' מהדרין,החברה המרכזית טלהפצת משקאות בע,,,יח`,250,גרם,false,1,5.60,2.24,false,1,
7290010945306,false,חלב טרה קרטון 2 ליטר מהדרין*%*3,החברה המרכזית טלהפצת משקאות בע,,,יח`,2,1 ליטר,false,1,12.46,6.23,false,1,
7290010945450,false,גבינה לבנה 3% 250 גר מועשר בסידן וויטמין,החברה המרכזית טלהפצת משקאות בע,,,יח`,250,גרם,false,1,4.98,1.99,false,1,
7290010945481,false,גבינה לבנה טרה 5% מרכיבים טבעיים,החברה המרכזית טלהפצת משקאות בע,,,יח`,500,גרם,false,1,9.96,1.99,false,1,
7290011015862,false,סירופ דיאט 750 מל בטעם לימונענע פריגת,החברה המרכזית להפצת משקאות בעמ,,,יח`,750,"מ""ל",false,1,23.90,3.19,false,1,
7290011017866,false,פחית קולה סליק קוקה-קולה (330 מל),החברה המרכזית להפצת משקאות בעמ,,,יח`,330,"מ""ל",false,1,4.30,1.21,true,1,
7290011017873,false,פחית זירו סליק קוקה-קולה (330 מל),החברה המרכזית להפצת משקאות בעמ,,,יח`,330,"מ""ל",false,1,4.30,1.21,true,1,
7290011017880,false,פחית דיאט קולה סליק קוקה-קולה (330 מל),החברה המרכזית להפצת משקאות בעמ,,,יח`,330,"מ""ל",false,1,4.30,1.21,true,1,
7290011018443,false,משקה מוגז אורנג` פאנטה (330 מל),החברה המרכזית להפצת משקאות בעמ,,,יח`,330,"מ""ל",false,1,4.30,1.21,true,1,
7290011064020,false,בולגרית בעיר מעדן גבינה למריחה 200 גרם,גבינות עמיר ניצן בעמ,,,יח`,200,גרם,false,1,14.20,7.10,false,1,
7290011064075,false,מעדן לבנה מסבחה -אבו גוש 200 גרם,גבינות עמיר ניצן בעמ,,,יח`,200,גרם,false,1,14.20,7.10,false,1,
7290011064099,false,ירקות או פרות ממולאים במעדן גבינה ניצן 125 גרם,גבינות עמיר ניצן בעמ,,,יח`,125,גרם,false,1,21.40,17.12,false,1,
7290011081041,false,שטראוס קרמיסימו וניל גורמה,גלידות שטראוס בעמ,,,יח`,1.30,1 ליטר,false,1,20.90,16.08,true,1,
7290011081492,false,גלידה בטעם שלושה שוקולדים 1.33ל' קרמיסימו,"גלידת שטראוס בע""\מ, רחוב",,,יח`,1.33,1 ליטר,false,1,20.90,15.71,true,1,
7290011081690,false,קרמיסימו פרווה שוקו ציפ+וניל ציפ 1.33ל,"גלידת שטראוס בע""\מ, רחוב",,,יח`,1.33,1 ליטר,false,1,20.90,15.71,true,1,
7290011103088,false,זיקוקים 6 יח בשקית 15 סמ,שמחה זה אנחנו בעמ,,,יח`,1,,false,1,14.90,14.90,false,1,
7290011115203,false,אל סבון מוצק מבושם בניחוח עדין קלאסיק - מארז רביעיה,החברה הדרומית לשיווק בעמ,,,יח`,400,גרם,false,1,11.90,2.98,true,1,
7290011115258,false,אל סבון מוצק מבושם בניחוח עדין קלאסיק - מארז רביעיה,החברה הדרומית לשיווק בעמ,,,יח`,400,גרם,false,1,11.90,2.98,true,1,
7290011126452,false,הגן הקסום תה בטעם קמומיל ונענע ויסוצקי 25 יחידות,תה ויסוצקי (ישראל) בעמ,,,יח`,37.50,גרם,false,1,17.90,47.73,true,1,
7290011128050,false,השורשים של שליט גזר צבעוני מובחר,גזר שליט (חוות מיכאל)בעמ,,,יח`,1,,false,1,9.90,9.90,false,1,
7290011132552,false,רביעיית בירה פאולנר 330 מל בקבוק,טמפו משקאות בעמ,,,יח`,1.32,1 ליטר,false,1,50.90,37.65,false,1,
7290011148805,false,שעועית טריה עד 500 ג,ירקט ירקות צעירים ארוזים בעמ,,,יח`,1,,false,1,12.90,12.90,false,1,
7290011153885,false,נייר אכיל ממותג דיסני,שמחה זה אנחנו בע`מ,,,יח`,13,גרם,false,1,17.90,137.69,false,1,
7290011154080,false,"תרכיז תפוחים צלול טעמי הגליל 500 מ""ל",ליימן שליסל בעמ,,,יח`,500,"מ""ל",false,1,20.90,4.18,false,1,
7290011154899,false,"תרכיז תפוזים וענבים טבעי טעמי הגליל 500 מ""ל",ליימן שליסל בעמ,,,יח`,500,"מ""ל",false,1,27.90,5.58,false,1,
7290011194215,false,מעדן גבינה ויוגורט בטעם בננה 5% שומן 88 ג' דניאלה,שטראוס גרופ בעמ/מצונן,,,יח`,150,"מ""ל",false,1,4,2.67,false,1,
7290011194246,false,קוטג 5% 250 גרם עם סידן שטראוס,שטראוס גרופ בעמ/מצונן,,,יח`,250,גרם,false,1,6.10,2.44,false,1,
7290011223045,false,בישקוטים ליידיפינגרז בונומי (200 גרם),דנשר (1963) בעמ,,,יח`,200,גרם,false,1,8.50,4.25,false,1,
7290011254254,false,נטיפי שוקולד צ'יפס בטעם שוקולד מיה 300 גרם,מיה תעשיות מזון מ.ת.מ. בעמ,,,יח`,300,גרם,false,1,8.10,2.70,false,1,
7290011254605,false,תערובת לקדירה לקט חמין מיה 600 גרם,מיה תעשיות מזון מ.ת.מ. בעמ,,,יח`,600,גרם,false,1,14.50,2.42,false,1,
7290011254612,false,"לקט תערובת לקדירה 600 גרם ""מיה"" קדירה לקט בריאות",מיה תעשיות מזון מ.ת.מ. בעמ,,,יח`,600,גרם,false,1,14.50,2.42,false,1,
7290011254773,false,שעועית ארגנטינאית יבשה מיה 500 גר',מיה תעשיות מזון מ.ת.מ. בעמ,,,יח`,500,גרם,false,1,13.20,2.64,false,1,
7290011438142,false,"משקה יטבתה אייס קפה בבקבוק אישי 350 מ""ל",שטראוס גרופ בעמ/מצונן,,,יח`,350,"מ""ל",false,1,6.30,1.80,false,1,
7290011447281,false,מטרנה פרימיום חלבי שלב 2 700 גרם חיסכון,קבוצת אוסם סחר שותפות מוגבלת,,,יח`,700,גרם,false,1,57.10,8.16,false,1,
7290011447304,false,מטרנה פרימיום חלבי שלב 3 700 גרם חיסכון,קבוצת אוסם סחר שותפות מוגבלת,,,יח`,700,גרם,false,1,57.10,8.16,false,1,
7290011499051,false,פטה כבשים מסורתית 20% בגביע 250 גרם - רובין,מחלבות גד שיווק 1992 בעמ,,,יח`,250,גרם,false,1,27.90,11.16,false,1,
7290011499105,false,בולגרית מסורתית 5% 250 גרם -רבנות,מחלבות גד שיווק 1992 בעמ,,,יח`,250,גרם,false,1,24.90,9.96,false,1,
7290011499112,false,בולגרית מסורתית 16% 250 גרם - רבנות,מחלבות גד שיווק 1992 בעמ,,,יח`,250,גרם,false,1,23.90,9.56,false,1,
7290011499129,false,גבינה בולגרית מעודנת קוביות קטנות 5% גד 200 גרם,מחלבות גד שיווק 1992 בעמ,,,יח`,200,גרם,false,1,21.90,10.95,false,1,
7290011499303,false,פטה עיזים מעודנת 5% בגביע 250 גרם - רבנות,מחלבות גד שיווק 1992 בעמ,,,יח`,250,גרם,false,1,31.90,12.76,false,1,
7290011499327,false,גבינה בולגרית מעודנת 5% 250 גרם - רבנות,מחלבות גד שיווק 1992 בעמ,,,יח`,250,גרם,false,1,23.90,9.56,false,1,
7290011499341,false,גבינת קשקבל ארוז 26 אחוז 250גרם גד,מחלבות גד שיווק 1992 בעמ,,,יח`,200,גרם,false,1,26.90,13.45,false,1,
7290011499358,false,פטה עיזים מסורתית 20% בגביע 200 גרם - רובין,מחלבות גד שיווק 1992 בעמ,,,יח`,200,גרם,false,1,27.90,13.95,false,1,
7290011499365,false,גבינת חלומי 24% מחלב בקר גד (200 גרם),מחלבות גד שיווק 1992 בעמ,,,יח`,200,גרם,false,1,22.90,11.45,false,1,
7290011499419,false,גבינה במרקם שמנת בטעם טבעי 5% ניו יורק,מחלבות גד שיווק 1992 בעמ,,,יח`,200,גרם,false,1,12.90,6.45,false,1,
7290011499525,false,גבינת לאבנה דרוזית 9% גד 500 גרם,מחלבות גד שיווק 1992 בעמ,,,יח`,500,גרם,false,1,20.90,4.18,false,1,
7290011499624,false,שמנת 30% ניו יורק טבעי 200 גרם רבנות,מחלבות גד שיווק 1992 בעמ,,,יח`,200,גרם,false,1,13.90,6.95,false,1,
7290011499846,false,גבינת ריקוטה פרסקה 9% גד (300 גרם),מחלבות גד שיווק 1992 בעמ,,,יח`,300,גרם,false,1,18.90,6.30,false,1,
7290011499853,false,שמנת 30% ניו יורק זיתים מחלבות גד,מחלבות גד שיווק 1992 בעמ,,,יח`,200,גרם,false,1,13.90,6.95,false,1,
7290011505806,false,קיסמי שיניים דנטאליים מפלסטיק 200 יחידות בחבית,אינטרסן (1996) בעמ,,,יח`,1,,false,1,11.50,11.50,true,1,
7290011515683,false,מאגדת טילון אקסטרים וניל נסטלה 6 יחידות,נגה גלידות שותפות מוגבלת,,,יח`,432,גרם,false,1,32.90,7.62,false,1,
7290011515911,false,שלגוני לייט ריבת חלב עם סירופ 6*52 גרם,נגה גלידות שותפות מוגבלת,,,יח`,312,גרם,false,1,30.50,9.78,false,1,
7290011518561,false,"אקטימל תות 1.51 ק""ג מארז 14 יחידות",שטראוס גרופ בעמ/מצונן,,,יח`,1.40,1 ליטר,false,1,30.90,22.07,false,1,
7290011524548,false,גרגרי חומוס מוקפאים 800 גר`פרי גליל,ויטה- פרי גליל (החדשה) בעמ,,,יח`,800,גרם,false,1,10.90,1.36,false,1,
7290011524555,false,שעועית לבנה מבושלת קפוא 800 גר`פרי גליל,ויטה פרי גליל (החדשה) בע`מ,,,יח`,800,גרם,false,1,10.90,1.36,false,1,
7290011525712,false,"קמיל בלו אל סבון סנסיטיב לפני השינה ד""ר פישר 1 ליטר","פישר תעשיות פרמצביטות בע""מ",,,יח`,1,1 ליטר,false,1,34.90,34.90,true,1,
7290011530358,false,שייק איט 450 גרם friday מיקס פירות קפוא,"הבו-קדו בע""מ",,,יח`,450,גרם,false,1,29.90,6.64,true,1,
7290011530471,false,פולי סויה אדממה בלדי (1 קג)בדץ,ד'\ג'\יאנג קינשור פודס ק,,,יח`,100,גרם,false,1,16.90,16.90,false,1,
7290011530549,false,מיקס פירות קפואים שייק איט ורוד - 3*150 ג',"הבו-קדו בע""מ",,,יח`,450,גרם,false,1,29.90,6.64,true,1,
7290011530945,false,קרפצ'יו עגל פרימיום 210 גרם בלדי,בלדי בעמ,,,יח`,210,גרם,false,1,39.90,19,false,1,
7290011598211,false,"סנו - אנטי קאלק מרסס ניקוי כללי 4 ב-1 700 מ""ל",החברה הדרומית לשיווק בעמ,,,יח`,700,"מ""ל",false,1,15.90,2.27,true,1,
7290011598402,false,מקסימה מרכך כביסה ארומתרפי מאסק סנו 4 ליטר,החברה הדרומית לשיווק בעמ,,,יח`,4,1 ליטר,false,1,22.40,5.60,true,1,
7290011607197,false,"קולון 101 אבקת כביסה 5 ק""ג",רקיט בנקיזר (ניר איסט) בעמ,,,יח`,5,"ק""ג",false,1,41.90,8.38,false,1,
7290011618025,false,בייבי ביס הוט קידס נגיסי אורז לתינוק,גואנז'ו יונג וואנט פ,,,יח`,1,,false,1,14.90,14.90,false,1,
7290011622428,false,כתמטמינים-חטיף בריאות לתינוקות וילדים 45 ג',גורי מוצרי צריכה (1991) בעמ,,,יח`,46,גרם,false,1,6.90,15,false,1,
7290011668587,false,בריא מהטבע גרנולה בטעם עשיר 500 גרם פנינה רוזנבלום,בריא מהטבע פנינה רוזנבלום,,,יח`,500,גרם,false,1,31.60,6.32,true,1,
7290011765613,false,סנו מסיר עובש בניחות לימון מתז 1 ל',החברה הדרומית לשיווק בעמ,,,יח`,1000,"מ""ל",false,1,18.90,1.89,true,1,
7290011772468,false,אקונומיקה אמה 4 ליטר,עיסא ערטול בעמ,,,יח`,4000,"מ""ל",false,1,9.90,0.25,false,1,
7290011800840,false,רפי כהן סלט טחינה בלאדי צבר 400 גרם,קבוצת אוסם סחר שותפות מוגבלת,,,יח`,400,גרם,false,1,17.30,4.33,false,1,
7290011877866,false,"מקסימה אבקת כביסה בניחוח מאסק סנו 6 ק""ג",החברה הדרומית לשיווק בעמ,,,יח`,6,"ק""ג",false,1,49.90,8.32,true,1,
7290011947309,false,זיתים מצוננים סורי מבוקע ולימון כבוש זיתא 230 ג',תה ויסוצקי (ישראל) בעמ,,,יח`,230,גרם,false,1,14.90,6.48,false,1,
7290011947521,false,"שמן זית כתית מעולה 750 מ""ל טעם מודגש זיתא",תה ויסוצקי (ישראל) בעמ,,,יח`,750,"מ""ל",false,1,29.90,3.99,true,1,
7290011947781,false,מיקס זית ירוק וזית קלמטה ללא גלעין עם שמן זית כתית מעולה,תה ויסוצקי (ישראל) בעמ,,,יח`,190,גרם,false,1,14.90,7.84,false,1,
7290011964344,false,שום גבישי בקופ' 120 גר' טעם וריח,"תבליני טעם וריח בע""מ",,,יח`,120,גרם,false,1,9.90,8.25,true,1,
7290011964689,false,על האש לא מונוסודיום 100 גרם 100 גרם מיכל גדול,"תבליני טעם וריח בע""מ",,,יח`,100,גרם,false,1,9.90,9.90,true,1,
7290011964702,false,שווארמה ללא מונסודיום 100 גרם מיכל גדול,"תבליני טעם וריח בע""מ",,,יח`,100,גרם,false,1,9.90,9.90,true,1,
7290011969141,false,מגבון טייגר-בייבי 72 דף פאלאס 1*36 יח' בקרטון,פאלאס תעשיות נטו (2014) בעמ,,,יח`,1,,false,1,4.50,4.50,true,1,
7290011969158,false,חמישיית מגבונים טייגר בייבי פאלאס,פאלאס תעשיות נטו (2014) בעמ,,,יח`,5,יח`,false,1,13.90,2.78,false,1,
7290011996062,false,אורז לבן עגול מתאים להכנת סושי,טחנת האבן קואופ בעמ,,,יח`,1,"ק""ג",false,1,14.90,14.90,true,1,
7290011996109,false,רוטב צ`ילי מתוק טעמי אסיה (700 מל),טחנת האבן קואופ בעמ,,,יח`,700,"מ""ל",false,1,10.90,1.56,false,1,
7290011996123,false,אצות לסושי נורי גולד 10 יחידות,טחנת האבן קואופ בעמ,,,יח`,25,גרם,false,1,12.90,51.60,true,1,
7290011996185,false,חומץ אורז לבן לסושי טעמי אסיה (250 מל),טחנת האבן קואופ בעמ,,,יח`,250,"מ""ל",false,1,11.90,4.76,true,1,
7290011996222,false,מי קוקוס טעמי אסיה (400 מל),טחנת האבן קואופ בעמ,,,יח`,400,"מ""ל",false,1,9.90,2.48,false,1,
7290011996512,false,"טעם אסיה טעם אסיה אטריות אורז 3מ""מ 400ג'",טחנת האבן קואופ בעמ,,,יח`,400,גרם,false,1,11.90,2.98,false,1,
7290011996529,false,אטריות אורז 5 סמ טעמי אסיה (400 גרם),טחנת האבן קואופ בעמ,,,יח`,400,גרם,false,1,11.90,2.98,false,1,
7290011996758,false,קמח טמפורה כשר מזרח ומערב 500 גר`,טחנת האבן קואופ בעמ,,,יח`,500,גרם,false,1,12.90,2.58,false,1,
7290011996888,false,רוטב טריאקי טעמי אסיה (300 מל),קיי.אר.אס.ספייסי פוד,,,יח`,300,"מ""ל",false,1,12.90,4.30,false,1,
7290012001994,false,חרדל דיז'ון גרעינים 350 ג' ריין דיזון,דיפלומט מפיצים (1968) בעמ**,,,יח`,340,גרם,false,1,14.20,4.18,false,1,
7290012022005,false,פריכיות חיטה 60 גרם,דילייט 2005 בעמ,,,יח`,60,גרם,false,1,12.90,21.50,false,1,
7290012022050,false,קריספיות מרובה דגנים 75ג,דילייט 2005 בעמ,,,יח`,75,גרם,false,1,13.90,18.53,false,1,
7290012022067,false,קריספיות קידס 30 גרם,דילייט 2005 בעמ,,,יח`,30,גרם,false,1,10.90,36.33,false,1,
7290012116261,false,סנו מדיק ג'ל לניקוי ידיים אלוורה 500 מל,החברה הדרומית לשיווק בעמ,,,יח`,500,"מ""ל",false,1,18.90,3.78,true,1,
7290012116537,false,"מקסימה אבקת כביסה בניחוח מאסק סנו 2.5 ק""ג",החברה הדרומית לשיווק בעמ,,,יח`,2.50,"ק""ג",false,1,25.90,10.36,true,1,
7290012116551,false,אנטי קאלק נוזל לניקוי כללי סנו 2 ליטר,החברה הדרומית לשיווק בעמ,,,יח`,2,1 ליטר,false,1,20.90,10.45,true,1,
7290012116674,false,"דאודורנט גל קול 75 מ""ל קרמה מן",החברה הדרומית לשיווק בעמ,,,יח`,75,"מ""ל",false,1,13.90,18.53,true,1,
7290012117091,false,"אבקת כביסה סנסיטיב סנו מקסימה 6 ק""ג",החברה הדרומית לשיווק בעמ,,,יח`,6,"ק""ג",false,1,49.90,8.32,true,1,
7290012117275,false,"קליר שקית מילוי לניקוי חלונות סנו 750 מ""ל",החברה הדרומית לשיווק בעמ,,,יח`,750,"מ""ל",false,1,6.90,0.92,true,1,
7290012117350,false,"נוזל רצפות לילך 2 ליטר ""ריצפז פרש""",החברה הדרומית לשיווק בעמ,,,יח`,2,1 ליטר,false,1,20.90,10.45,false,1,
7290012117428,false,"ג'ל רחצה ושמפו מעיינות מנטה קרמה מן 700 מ""ל",החברה הדרומית לשיווק בעמ,,,יח`,700,"מ""ל",false,1,16,2.29,true,1,
7290012117534,false,מרכך כביסה מרוכז תכלת קול סנו מקסימה 1 ליטר,החברה הדרומית לשיווק בעמ,,,יח`,1,1 ליטר,false,1,18.90,18.90,true,1,
7290012117541,false,מרכך כביסה מרוכז צהוב סנו מקסימה 1 ליטר,החברה הדרומית לשיווק בעמ,,,יח`,1,1 ליטר,false,1,18.90,18.90,true,1,
7290012117558,false,מקסימה מרכך כביסה מרוכז ורוד בניחוח מאסק סנו 1 ליטר,החברה הדרומית לשיווק בעמ,,,יח`,1,1 ליטר,false,1,18.90,18.90,true,1,
7290012117732,false,מקסימה מרכך כביסה ארומתרפי קול סנו 4 ליטר,החברה הדרומית לשיווק בעמ,,,יח`,4,1 ליטר,false,1,22.40,5.60,true,1,
7290012226021,false,נקניק סלמי מעושן פראג זוגלובק (400 גרם),נקניק נהריה כשר זוגל,,,יח`,400,גרם,false,1,23.40,5.85,false,1,
7290012226120,false,קבנוס זוגלובק (45x3 גרם),נקניק נהריה כשר זוגל,,,יח`,135,גרם,false,1,12.50,9.26,true,1,
7290012227172,false,חרמן הודו בדבש וברביקיו זוג במארז 600 ג' זוגלובק,נקניק נהריה כשר זוגל,,,יח`,600,גרם,false,1,35.60,5.93,true,1,
7290012227325,false,סלמי דק דק מעושן איטלקי 120 ג' זוגלובק,זוגלובק שיווק בעמ,,,יח`,120,גרם,false,1,14.80,12.33,true,1,
7290012227615,false,נקניקיות עוף זוגלובק 800 ג' מחפוד,זוגלובק שיווק בעמ,,,יח`,800,גרם,false,1,29.50,3.69,false,1,
7290012227974,false,פסטרמה הודו בדבש טהור דק דק דק,זוגלובק שיווק בעמ,,,יח`,120,גרם,false,1,14.80,12.33,true,1,
7290012227981,false,פסטרמה דק דק ברביקיו 120 ג' זוגלובק,זוגלובק שיווק בעמ,,,יח`,120,גרם,false,1,14.80,12.33,true,1,
7290012227998,false,פסטרמה דק דק חזה בקר 120 ג' זוגלובק,זוגלובק שיווק בעמ,,,יח`,120,גרם,false,1,14.80,12.33,true,1,
7290012228261,false,נקנקיות קנקרס הודו ועוף ריינהולד'ס זוגלובק 300 ג',זוגלובק שיווק בעמ,,,יח`,300,גרם,false,1,21.40,7.13,false,1,
7290012228278,false,נקנקיות בוקוורסט עוף ובקר ריינהולד'ס 310 ג' זוגלובק,זוגלובק שיווק בעמ,,,יח`,310,גרם,false,1,21.40,6.90,false,1,
7290012228407,false,"נקניקיות ג'מבו מחפוד זוגלובק 1.5 ק""ג",זוגלובק שיווק בעמ,,,יח`,1500,גרם,false,1,38.90,2.59,false,1,
7290012228704,false,הספרדיה – נקניקיית עוף ובקר חריפות ריינהולד'ס,זוגלובק שיווק בעמ,,,יח`,310,גרם,false,1,20.90,6.74,false,1,
7290012309311,false,ערמונים קלופים ששון הקולה 100 גרם,דין שיווק וקליה 2021 בעמ,,,יח`,100,גרם,false,1,6.90,6.90,false,1,
7290012309878,false,חלבה עם פיסטוקים 500 גר`ששון הקולה,דין שיווק וקליה 2021 בעמ,,,יח`,500,גרם,false,1,13.90,2.78,false,1,
7290012349850,false,חטיף תמר בתוספת חלווה וקשיו 40 גר`,אבאל יזמות בעמ,,,יח`,40,גרם,false,1,8.90,22.25,false,1,
7290012349959,false,חטיף תמר בטעם שוקולד פררו 40 גר`,אבאל יזמות בעמ,,,יח`,40,גרם,false,1,8.90,22.25,false,1,
7290012367717,false,קרם ידיים וציפורניים Intensive relief לעור יבש ומגורה,"פישר תעשיות פרמצביטות בע""מ",,,יח`,100,גרם,false,1,19.90,19.90,true,1,
7290012413636,false,תה ירוק צ'אי מסאלה ויסוצקי 25 יחידות,תה ויסוצקי (ישראל) בעמ,,,יח`,37.50,גרם,false,1,27.90,74.40,true,1,
7290012413643,false,תה ירוק קמומיל ויסוצקי 25 יחידות,תה ויסוצקי (ישראל) בעמ,,,יח`,37.50,גרם,false,1,27.90,74.40,true,1,
7290012483608,false,"אורז בסגנון בסמטי מובחר 5ק""ג DAWAT",ג.וילי-פוד אינטרנשיונל בעמ,,,יח`,5,גרם,false,1,52.10,1042,false,1,
7290012522581,false,טבעול שניצל תירס ללא גלוטן טבעול 664 גרם,קבוצת אוסם סחר-שות.מוגבלת,,,יח`,750,גרם,false,1,20.30,2.71,false,1,
7290012576607,false,"יין קברנה סוביניון פרמייר מלבק אדום ברקן 750 מ""ל","ברקן שיווק והפצה בע""",,,יח`,750,"מ""ל",false,1,27.90,3.68,false,1,
7290012576614,false,יין Premieur לבן חצי יבש אמרלד ריזלינג קולומברד,יקבי ברקן שיווק והפצה בע,,,יח`,750,"מ""ל",false,1,27.90,3.68,false,1,
7290012645112,false,יוגורט עיזים 2.8% בדלי חלב הארץ 750 גרם,שטראוס גרופ בעמ/מצונן,,,יח`,750,"מ""ל",false,1,20.90,2.79,false,1,
7290012645129,false,יוגורט כבשים 5% בדלי חלב הארץ 750 גרם,שטראוס גרופ בעמ/מצונן,,,יח`,750,"מ""ל",false,1,20.90,2.79,false,1,
7290012645297,false,יוגורט עיזים ביו 2.8% טעם טבעי חלב הארץ 150 גרם,שטראוס גרופ בעמ/מצונן,,,יח`,150,גרם,false,1,5.90,3.93,true,1,
7290012803215,false,טוסו וופל בלגי ללתס בטעם שוקולד 200 גר`,בטר אנד דיפרנט,,,יח`,200,גרם,false,1,11.50,5.75,true,1,
7290012803222,false,טוסו ופל בסגנון בלגי בטעם לימון ללא תוספת סוכר 200 גרם,בטר אנד דיפרנט,,,יח`,200,גרם,false,1,11.50,5.75,true,1,
7290012803796,false,טוסו שוקולד חלב עם אגוזים ללא תוספת סוכר 100 גר',אלטינמארקה גידה סאן,,,יח`,100,גרם,false,1,14.20,14.20,false,1,
7290012823381,false,מקסימה מרכך כביסה מרוכז סנסטיב בייבי סנו 1 ליטר,החברה הדרומית לשיווק בעמ,,,יח`,1,1 ליטר,false,1,18.90,18.90,true,1,
7290012823398,false,מטליות חד פעמיות לניקוי הרצפה בניחוח מרכך כביסה 10יח' סנו,החברה הדרומית לשיווק בעמ,,,יח`,1,,false,1,12.90,12.90,true,1,
7290012823589,false,ריצפז פרש בניחוח לימון מרענן,החברה הדרומית לשיווק בעמ,,,יח`,2000,1 ליטר,false,1,20.90,0.01,false,1,
7290012823602,false,נייר טואלט סופט סילק לבן 32 גלילים סנו,החברה הדרומית לשיווק בעמ,,,יח`,1,,false,1,35.90,35.90,true,1,
7290012823923,false,"מרכך כביסה מרוכז פרפיום גולדן מקסימה 750 מ""ל",החברה הדרומית לשיווק בעמ,,,יח`,750,"מ""ל",false,1,18.90,2.52,true,1,
7290012864001,false,נבטי חמנייה ארוז א.אדמה,ביכורי השדה צפון 1994 ג.ד. בעמ,,,יח`,1,,false,1,10.90,10.90,false,1,
7290012864025,false,נבטי אלפא אלפא ארוז א.אדמה,"בכורי השדה צפון1994 ג.ד. בע""מ",,,יח`,1,,false,1,7.90,7.90,false,1,
7290012884986,false,צ`יפס לתנור עד 4% שומן תפוגן (1.5 קג),קבוצת אוסם סחר שותפות מוגבלת,,,יח`,1500,גרם,false,1,26.50,1.77,false,1,
7290012901355,false,דודלס ארוחת אטריות עם גבינה 206 גרם,האי נאם סי או אל.טי.,,,יח`,206,גרם,false,1,11.90,5.78,false,1,
7290012901959,false,ארוחת אטריות עם גבינה מסולסלים 156 גרם,מור-ים מרקטינג בעמ,,,יח`,206,גרם,false,1,11.90,5.78,false,1,
7290012911293,false,דפי אורז 22 סמ טעמי אסיה (300 גרם)-ללא,טחנת האבן קואופ בעמ,,,יח`,300,גרם,false,1,12.90,4.30,true,1,
7290012911477,false,קרם קוקוס טעמי אסיה (400 מל),אסיאטיק אגרו אינדסטר,,,יח`,400,גרם,false,1,11.90,2.98,false,1,
7290012911866,false,"דפי אורז מרוב עים 22 ס""מ 300 גרם",טחנת האבן קואופ בעמ,,,יח`,300,גרם,false,1,12.90,4.30,false,1,
7290012911934,false,שבבי אורז 227 גרם כש,טחנת האבן קואופ בעמ,,,יח`,227,גרם,false,1,6.90,3.04,false,1,
7290012911965,false,ג'ינג'ר לסושי ללא צבע כשר 250ג',טחנת האבן קואופ בעמ,,,יח`,250,גרם,false,1,10.90,4.36,false,1,
7290012921032,false,"בקבוק בירה מלכה אדמונית 330 מ""ל",הכרם - משקאות חריפים בעמ,,,יח`,330,"מ""ל",false,1,14.90,4.42,true,1,
7290012921056,false,"בקבוק בירה מלכה חיטה 330 מ""ל",הכרם - משקאות חריפים בעמ,,,יח`,330,"מ""ל",false,1,14.90,4.42,true,1,
7290012931116,false,מגב מיוחד איכותי חד להב עם מקל,מ.א.ייצור ויבוא מטליות בעמ,,,יח`,1,,false,1,23.70,23.70,false,1,
7290012931611,false,כריות ברזל לקרצוף חזק שייני 3 יחידות,מ.א.ייצור ויבוא מטליות בעמ,,,יח`,1,,false,1,7.90,7.90,false,1,
7290012936944,false,אגוז מוסקט טחון תבליני מימון (40 גרם),א.ל. ייצור ושיווק תבלינים בע`מ,,,יח`,40,גרם,false,1,16.30,40.75,false,1,
7290012938405,false,"רדיד אלומיניום עבה במיוחד לבישול,אפייה והקפאה.",גורי ע.ע.ע. בע`מ,,,יח`,1,,false,1,18.90,18.90,false,1,
7290012938580,false,"סנסודיין משחת שיניים להלבנה עדינה 75 מ""ל",גלקסוסמית'\קליין קונסיומ,,,יח`,75,"מ""ל",false,1,22.90,30.53,true,1,
7290012938740,false,"משחת שיניים פרש מינט מנטה 75מ""ל סנסודיין",גלקסו סמית קליין,,,יח`,75,גרם,false,1,22.90,30.53,true,1,
7290012983610,false,תמרים ללא חרצנים תמר כנרת 500 גרם,"חצר כנרת מוצרי תמר אגש""ח",,,יח`,500,גרם,false,1,10.90,2.18,false,1,
7290013027399,false,לחם קמח מלא קל בתוספת שיפון 750 ג' אנג'ל,מאפיית שלמה א. אנג'\ל בע,,,יח`,750,גרם,false,1,13.90,1.85,false,1,
7290013083678,false,"מטרנה אקסטרה קר שלב 2 חסכון 700 גרם תמ""ל",קבוצת אוסם סחר-שות.מוגבלת,,,יח`,700,גרם,false,1,63.90,9.13,false,1,
7290013083685,false,תחליף חלב מטרנה אקסטרה קר שלב 3 חסכון 700 גרם,קבוצת אוסם סחר-שות.מוגבלת,,,יח`,700,גרם,false,1,63.90,9.13,false,1,
7290013117212,false,בורקס פילו במילוי גבינה מעדנות 600 גר,תנובה מרכז שיתופי לשיווק תוצרת,,,יח`,600,גרם,false,1,24.40,4.07,false,1,
7290013117236,false,בורקס פילו פיצה מעדנות 600 גרם,תנובה מרכז שיתופי לשיווק תוצרת,,,יח`,600,גרם,false,1,24.40,4.07,false,1,
7290013117243,false,בורקס פילו בולגרית מעדנות 600 גרם,תנובה מרכז שיתופי לשיווק תוצרת,,,יח`,600,גרם,false,1,24.40,4.07,false,1,
7290013117427,false,בצק פריך מרודד למאפים מלוחים מעדנות 2*450 גרם,תנובה מרכז שיתופי לשיווק תוצרת,,,יח`,900,גרם,false,1,25.50,2.83,false,1,
7290013117526,false,בצק שמרים מרודד למאפים מתוקים מעדנות 900 גרם,תנובה מרכז שיתופי לשיווק תוצרת,,,יח`,900,גרם,false,1,24.40,2.71,false,1,
7290013121042,false,לחם איטלקי ללא גלוטן 500 גר קפוא,אביב קונדיטוריה מעול,,,יח`,500,גרם,false,1,20.90,4.18,false,1,
7290013121769,false,רביעיית שליש באגט ללא תוספת סוכר וללא גלוטן,אביב קונדיטוריה מעול,,,יח`,400,גרם,false,1,18.50,4.63,false,1,
7290013128324,false,ענב פליים ללא חרצנים,לכיש מושב עובדים להתישבות*30 י,,,"ק""ג",1,,true,1,15.90,15.90,false,1,
7290013144157,false,תערובת להכנת סחלב 130גרם,א.ל. ייצור ושיווק תבלינים בע`מ,,,יח`,130,גרם,false,1,11.90,9.15,true,1,
7290013144171,false,מיימונס תערובת עוגת שוקולד 560 גרם.,א.ל.ייצור ושיווק תבלינים בעמ,,,יח`,560,גרם,false,1,19.90,3.55,true,1,
7290013144195,false,מיימונס תערובת כדורי שוקולד 500 גרם.,א.ל.ייצור ושיווק תבלינים בעמ,,,יח`,500,גרם,false,1,19.90,3.98,true,1,
7290013144201,false,תערובת להכנת פנקייק מימונס (400 גרם),א.ל.ייצור ושיווק תבלינים בעמ,,,יח`,400,גרם,false,1,17.90,4.48,true,1,
7290013144218,false,מיימונס תערובת עוגת וניל 560 גרם.,א.ל.ייצור ושיווק תבלינים בעמ,,,יח`,560,גרם,false,1,19.90,3.55,true,1,
7290013144232,false,מיימונס פודינג בטעם וניל 80 גרם,א.ל. ייצור ושיווק תבלינים בע`מ,,,יח`,85,גרם,false,1,6.90,8.12,true,1,
7290013144317,false,מימונס ג'וני גלילית וופל למילוי 18 יחידות,א.ל. ייצור ושיווק תבלינים בע`מ,,,יח`,400,גרם,false,1,24.90,6.23,false,1,
7290013144393,false,תמצית אפיה בטעם וניל מימונס (50 מל),א.ל. ייצור ושיווק תבלינים בע`מ,,,יח`,50,גרם,false,1,5.90,11.80,false,1,
7290013144539,false,צבע מאכל אדום מימונס 50 גרם,א.ל. ייצור ושיווק תבלינים בע`מ,,,יח`,50,גרם,false,1,6.90,13.80,false,1,
7290013144560,false,מיימונס צבע מאכל כחול 50 גרם,א.ל. ייצור ושיווק תבלינים בע`מ,,,יח`,50,גרם,false,1,6.90,13.80,false,1,
7290013144751,false,סירופ בטעם מייפל מימונס 500 גרם,א.ל. ייצור ושיווק תבלינים בע`מ,,,יח`,500,"מ""ל",false,1,16.90,3.38,true,1,
7290013144768,false,סירופ בטעם שוקולד מימונס 500 גרם,א.ל. ייצור ושיווק תבלינים בע`מ,,,יח`,500,"מ""ל",false,1,16.90,3.38,true,1,
7290013144911,false,מימונס מיקס שוקולד צ'יפס מריר וחלב 250 גרם,א.ל. ייצור ושיווק תבלינים בע`מ,,,יח`,250,גרם,false,1,15.90,6.36,false,1,
7290013145031,false,אגוזי לוז מסוכרים מיימונס 100 גרם,א.ל. ייצור ושיווק תבלינים בע`מ,,,יח`,100,גרם,false,1,13.90,13.90,false,1,
7290013145048,false,צנוברים מימונס (100 גרם),א.ל.ייצור ושיווק תבלינים בעמ,,,יח`,100,גרם,false,1,28.90,28.90,false,1,
7290013145062,false,סירופ מייפל אמיתי 100% מימונס 187 מל*,א.ל.ייצור ושיווק תבלינים בעמ,,,יח`,187,"מ""ל",false,1,31.60,16.90,true,1,
7290013145116,false,מיימונס שקד מולבן מקלות 100 גרם.,א.ל. ייצור ושיווק תבלינים בע`מ,,,יח`,100,גרם,false,1,11.90,11.90,true,1,
7290013145123,false,מיימונס שקד מולבן פרוס 100 גרם,א.ל. ייצור ושיווק תבלינים בע`מ,,,יח`,100,גרם,false,1,11.90,11.90,true,1,
7290013145178,false,קוקוס לבן טחון מימונס (100 גרם),א.ל. ייצור ושיווק תבלינים בע`מ,,,יח`,100,גרם,false,1,6.90,6.90,false,1,
7290013145192,false,שומשום מימונס (100 גרם),א.ל. ייצור ושיווק תבלינים בע`מ,,,יח`,100,גרם,false,1,6.90,6.90,false,1,
7290013145215,false,שומשום מימונס (400 גרם),א.ל.ייצור ושיווק תבלינים בעמ,,,יח`,400,גרם,false,1,14.90,3.73,false,1,
7290013145277,false,עלים לקרמשניט מימונס 300 גרם,א.ל.ייצור ושיווק תבלינים בעמ,,,יח`,300,גרם,false,1,17.90,5.97,false,1,
7290013145390,false,מימונס שוקולד צ'יפס מהדרין 250 גר,א.ל. ייצור ושיווק תבלינים בע`מ,,,יח`,250,גרם,false,1,11.90,4.76,false,1,
7290013145406,false,שוקולד צ`יפס לבן מימונס (250 גרם),א.ל. ייצור ושיווק תבלינים בע`מ,,,יח`,250,גרם,false,1,11.90,4.76,false,1,
7290013145444,false,שוקולד מריר מעולה ציפס 66% מימונס 250 ג',א.ל. ייצור ושיווק תבלינים בע`מ,,,יח`,250,גרם,false,1,17.90,7.16,false,1,
7290013145529,false,סוכריות צבעוניות לקישוט מיימונס 90 גרם,א.ל. ייצור ושיווק תבלינים בע`מ,,,יח`,90,גרם,false,1,7.90,8.78,false,1,
7290013145567,false,מיימונס מיני מיני עדשים 90 גרם.,א.ל.ייצור ושיווק תבלינים בעמ,,,יח`,90,גרם,false,1,12.90,14.33,false,1,
7290013145574,false,ערכת קישוט לעוגות מימונס (100 גרם),א.ל. ייצור ושיווק תבלינים בע`מ,,,יח`,100,גרם,false,1,14.90,14.90,false,1,
7290013145628,false,סוכריות צבעוניות לקישוט מימונס 200 גרם,א.ל. ייצור ושיווק תבלינים בע`מ,,,יח`,200,גרם,false,1,10.90,5.45,false,1,
7290013145710,false,מיימונס דובדבנים מסוכרים 100 גרם,א.ל. ייצור ושיווק תבלינים בע`מ,,,יח`,100,גרם,false,1,10.90,10.90,false,1,
7290013145826,false,פודניג בטעם וניל לבן במיוחד מימונס 80 ג',א.ל. ייצור ושיווק תבלינים בע`מ,,,יח`,80,גרם,false,1,6.90,8.63,true,1,
7290013145840,false,סוכר וניל מימונס 10יח בצלופן,א.ל. ייצור ושיווק תבלינים בע`מ,,,יח`,10,יח`,false,1,3.90,0.39,false,1,
7290013145857,false,אבקת אפיה מימונס 10יח בצלופן,א.ל. ייצור ושיווק תבלינים בע`מ,,,יח`,10,יח`,false,1,3.90,0.39,false,1,
7290013145918,false,אבקת סוכר מימונס (100 גרם),א.ל. ייצור ושיווק תבלינים בע`מ,,,יח`,100,גרם,false,1,4.90,4.90,false,1,
7290013145956,false,שמרים יבשים בוואקום מיימונס 500 גרם,א.ל. ייצור ושיווק תבלינים בע`מ,,,יח`,500,גרם,false,1,13.90,2.78,false,1,
7290013145963,false,שמרים יבשים בוואקום מיימונס 125 גרם,א.ל. ייצור ושיווק תבלינים בע`מ,,,יח`,125,גרם,false,1,6.90,5.52,false,1,
7290013146656,false,כוכבים תכלת ירוק לבן לקישוט 60 גר`מימונ,א.ל.ייצור ושיווק תבלינים בעמ,,,יח`,60,גרם,false,1,12.90,21.50,false,1,
7290013146663,false,אטריות צבעוניות לקישוט מימונס 55 גרם,א.ל.ייצור ושיווק תבלינים בעמ,,,יח`,55,גרם,false,1,12.90,23.45,true,1,
7290013146670,false,סוכריות לב סגול ורוד לבן לקישוט 60 גרם,א.ל.ייצור ושיווק תבלינים בעמ,,,יח`,60,גרם,false,1,12.90,21.50,true,1,
7290013146816,false,אבקת סוכר שקית 500 מימונס,א.ל.ייצור ושיווק תבלינים בעמ,,,יח`,500,גרם,false,1,7.90,1.58,false,1,
7290013215017,false,פטריות זוגות חוות השמפניון,ביכורי השדה צפון 1994 ג.ד. בעמ,,,יח`,1,,false,1,18.90,18.90,false,1,
7290013221018,false,מנגו חתוך קפוא 500 גרם,"א.מ.שרון שיווק (2014) בע""מ",,,יח`,500,גרם,false,1,24.90,4.98,false,1,
7290013268020,false,מקסימה מרכך כביסה מרוכז בניחוח אולטרא פרש סנו 1 ליטר,החברה הדרומית לשיווק בעמ,,,יח`,1,1 ליטר,false,1,18.90,18.90,true,1,
7290013268839,false,פוליויקס פרקט-תרכיז ריחני לניקוי רצפות עץ,החברה הדרומית לשיווק בעמ,,,יח`,2000,"מ""ל",false,1,20.90,1.05,false,1,
7290013268884,false,"נוזל רצפות מאסק 2 ליטר ""ריצפז פרש""",החברה הדרומית לשיווק בעמ,,,יח`,2,1 ליטר,false,1,20.90,10.45,false,1,
7290013268983,false,מרכך כביסה סופר מרוכז בבישום עוצמתי סנו מקסימה 1 ל',החברה הדרומית לשיווק בעמ,,,יח`,1,1 ליטר,false,1,18.90,18.90,true,1,
7290013268990,false,מרכך כביסה מרוכז לבן ביו סנו מקסימה 1 ליטר,החברה הדרומית לשיווק בעמ,,,יח`,1,1 ליטר,false,1,18.90,18.90,true,1,
7290013269003,false,מרכך כביסה סופר מרוכז בייבי לתינוקות ולעור רגיש,החברה הדרומית לשיווק בעמ,,,יח`,1000,"מ""ל",false,1,20.90,2.09,true,1,
7290013269263,false,ג'ל כביסה מרוכז מקסימה בבישום קריסטל נואר,החברה הדרומית לשיווק בעמ,,,יח`,3,1 ליטר,false,1,34.60,11.53,true,1,
7290013269287,false,סנו - מקסימה ג'ל כביסה מרוכז מאסק 3 ליטר,החברה הדרומית לשיווק בעמ,,,יח`,3000,1 ליטר,false,1,34.60,0.01,true,1,
7290013269300,false,סושי ניילון נצמד פלוס סנו (150 מטר),החברה הדרומית לשיווק בעמ,,,יח`,1,,false,1,21.90,21.90,true,1,
7290013269621,false,ריצפז פרש לניקוי רצפות בניחוח מלון בוטיק,החברה הדרומית לשיווק בעמ,,,יח`,2,1 ליטר,false,1,22.90,11.45,true,1,
7290013269638,false,ספוג הפלא אקסטרה Extra- מארז 6 יח',החברה הדרומית לשיווק בעמ,,,יח`,1,,false,1,12.90,12.90,true,1,
7290013269645,false,ריצפז פרש מטליות לחות לריצפה בניחוח מאסק 10 יחידות,החברה הדרומית לשיווק בעמ,,,יח`,1,,false,1,12.90,12.90,true,1,
7290013269751,false,מטליות לחותריצפז פרש לניקוי ריצפה בניחות מלון בוטיק 10 יח' סנו,החברה הדרומית לשיווק בעמ,,,יח`,1,,false,1,12.90,12.90,true,1,
7290013284075,false,פריניר טבעות זיתים מושחרים 560ג.,אבאל יזמות בעמ,,,יח`,560,גרם,false,1,8.90,1.59,true,1,
7290013284082,false,פריניר זית מושחר ללא גלעין 275 גרם,אבאל יזמות בעמ,,,יח`,560,גרם,false,1,8.90,1.59,true,1,
7290013284112,false,פריניר זיתים חרוזית ירוק a2,פריניר ( הדס 1987) ב,,,יח`,100,גרם,false,1,8.50,8.50,true,1,
7290013284136,false,פריניר מלפפון במלח 7-9 560ג.,אבאל יזמות בעמ,,,יח`,560,גרם,false,1,6.90,1.23,true,1,
7290013284167,false,פריניר מלפפון במלח 18-25,אבאל יזמות בעמ,,,יח`,560,גרם,false,1,9.90,1.77,true,1,
7290013284174,false,פריניר מלפפונים בחומץ 7-9 560גר.,אבאל יזמות בעמ,,,יח`,560,גרם,false,1,6.90,1.23,true,1,
7290013284181,false,פריניר מלפפונים בחומץ10-12 560ג.,אבאל יזמות בעמ,,,יח`,560,גרם,false,1,7.90,1.41,true,1,
7290013284310,false,רוטב פסטה לילדים פריניר 240 גרם,ח.כהן סוכנות מזון ומשקאות בע,,,יח`,240,גרם,false,1,5.90,2.46,true,1,
7290013284662,false,רוטב פיצה פיתה לילדים 240 ג' פריניר,ח.כהן סוכנות מזון ומשקאות בע,,,יח`,240,גרם,false,1,5.90,2.46,true,1,
7290013310378,false,כפפות ניטריל S כחולות ללא אבקה 80 יח' EASY TOUCH,אינטרסן (1996) בעמ,,,יח`,80,יח`,false,1,25.90,0.32,true,1,
7290013310392,false,כפפות ניטריל L כחולות ללא אבקה 80 יח' EASY TOUCH,אינטרסן (1996) בעמ,,,יח`,80,יח`,false,1,25.90,0.32,true,1,
7290013358356,false,פירורי לחם מוזהבים מאסטר שף (320גרם),ש. שסטוביץ בע`מ,,,יח`,320,גרם,false,1,7.90,2.47,false,1,
7290013358363,false,מאסטר שף פרורי לחם פנקו עבים בסגנון יפני 300 גר,קריניציה ויטמינה אס,,,יח`,300,גרם,false,1,11.20,3.73,false,1,
7290013358530,false,מאסטר שף אסייאתי רוטב צ'ילי מתוק 700 מל כשלפ,קריניציה ויטמינה אס,,,יח`,700,"מ""ל",false,1,14.90,2.13,false,1,
7290013358547,false,מאסטר שף אסייאתי רוטב צ'ילי חריף 700 מל כשלפ,קי.אר.אס. ספייסי פוד,,,יח`,700,"מ""ל",false,1,14.90,2.13,false,1,
7290013358578,false,מנה אסייאתי אטריות אורז רחבות 400 ג מ.שף,ליינג טונג רייספלוור,,,יח`,400,גרם,false,1,10.90,2.73,false,1,
7290013358585,false,מנה אסייאתי נודלס ביצים להקפצה 400 מ.שף,הנסיך- מפעל לייצור ט,,,יח`,400,גרם,false,1,10.90,2.73,false,1,
7290013358806,false,מנה מאגדת פריכיות אורז עם מלח 264 גרם,ש. שסטוביץ בע`מ,,,יח`,264,גרם,false,1,15.20,5.76,false,1,
7290013389398,false,קמח תירס דק 1 קג פולטנה תומר,תומר ייבוא ושיווק מוצרי מזון [,,,יח`,1000,גרם,false,1,10.90,1.09,false,1,
7290013430083,false,"בירה אלכסנדר בלונד בקבוק 330 מ""ל",אגודת הכורמים -כרמל מזרחי,,,יח`,330,"מ""ל",false,1,13.90,4.12,true,1,
7290013430090,false,בירה אלכסנדר אמברה AMBREE בירה ישראלית,מנדלז סי.אר. פרודקשן,,,יח`,330,"מ""ל",false,1,13.90,4.12,true,1,
7290013430250,false,אלכסנדר חיטה ישראלית בקבוק בודד 330 מל,אלכסנדר- בירה ישראלית מע,,,יח`,330,"מ""ל",false,1,13.90,4.12,true,1,
7290013440648,false,מאגדת שלגוני אבטיח נסטלה 5 יחידות,נגה גלידות שותפות מוגבלת,,,יח`,540,גרם,false,1,25.40,4.70,false,1,
7290013531117,false,רוטב פסטה לילדים יכין (240 גר`),"זנלכל בע""\מ",,,יח`,240,גרם,false,1,6.90,2.88,false,1,
7290013531346,false,סירופ דיאט בטעם לימונענע יכין 1 ליטר,זנלכול יכין,,,יח`,1000,"מ""ל",false,1,17.90,1.79,false,1,
7290013531490,false,שעועית לבנה אפויה יכין,זנלכול יכין,,,יח`,550,גרם,false,1,11.90,2.16,false,1,
7290013531612,false,רוטב לפסטה נפוליטנה יכין 240 גרם,זנלכול יכין,,,יח`,240,גרם,false,1,6.90,2.88,false,1,
7290013531759,false,שעועית לבנה מבושלת במים יכין (550 גרם),זנלכול יכין,,,יח`,550,גרם,false,1,11.50,2.09,false,1,
7290013534057,false,"צ'יפס בטטה טבעי מיה 100ג' 'כשל""פ",מיה תעשיות מזון מ.ת.מ. בעמ,,,יח`,100,גרם,false,1,11.20,11.20,true,1,
7290013580009,false,המבורגר זהב 400 גרם הקצביה בלדי,בלדי בעמ,,,יח`,400,גרם,false,1,16.90,4.23,false,1,
7290013585233,false,"ספרייט זירו פחית סליק 330 מ""ל",החברה המרכזית להפצת משקאות בעמ,,,יח`,330,"מ""ל",false,1,4.30,1.21,true,1,
7290013585387,false,בקבוק זירו קוקה-קולה (1 ליטר),החברה המרכזית להפצת משקאות בעמ,,,יח`,1000,"מ""ל",false,1,7.90,0.76,false,1,
7290013585394,false,בקבוק קוקה-קולה (1 ליטר),החברה המרכזית להפצת משקאות בעמ,,,יח`,1000,"מ""ל",false,1,7.90,0.76,false,1,
7290013608260,false,מיץ רימונים 100%מיץ סחוט טרי מצונן 1ליט,שטראוס גרופ בעמ/מצונן,,,יח`,1,1 ליטר,false,1,21.90,21.90,false,1,
7290013652164,false,"ד""ר פישר - נטורל קר מגבונים להסרת איפור לעור רגיש 30 יח' * 3","פישר תעשיות פרמצביטות בע""מ",,,יח`,1,,false,1,25.40,25.40,false,1,
7290013675545,false,שניצל כלי תחבורה מאמא עוף (700 גרם),תנובה גליל שותפות מוגבלת,,,יח`,700,גרם,false,1,36.90,5.27,false,1,
7290013677747,false,"שוקו של מיה 500גרם בשקית בד""ץ",מיה תעשיות מזון מ.ת.מ. בעמ,,,יח`,500,גרם,false,1,6.90,1.38,false,1,
7290013713032,false,"בירה ג'מס חיטה בקבוק 330 מ""ל",אגודת הכורמים -כרמל מזרחי,,,יח`,330,"מ""ל",false,1,13.90,4.12,true,1,
7290013713049,false,בירה ג`מס בקבוק 8.80% אלכוהול ( 330 מל),אגודת הכורמים -כרמל מזרחי,,,יח`,330,"מ""ל",false,1,13.90,4.12,true,1,
7290013725769,false,נודלס עבה הכנה מהירה400ג,דין שיווק וקליה 2021 בעמ,,,יח`,400,גרם,false,1,8.50,2.13,false,1,
7290013787408,false,רביולי בטטה 330 גרם ריקו בית יוסף,דודו איטליאן פרודקטס בע\,,,יח`,330,גרם,false,1,27.90,8.45,false,1,
7290013787422,false,רביולי פלין פטריות - כמהין 330 גרם ריקו בית יוסף,דודו איטליאן פרודקטס בע\,,,יח`,330,גרם,false,1,30.90,9.36,false,1,
7290013848345,false,מארז מטליות לחיטוי וניקוי יסודי אנטיבקטריאלי 99.9%,החברה הדרומית לשיווק בעמ,,,יח`,1,,false,1,20.90,20.90,true,1,
7290013848611,false,רדיד אלומיניום סנו סושי (61 מטר),החברה הדרומית לשיווק בעמ,,,יח`,1,,false,1,42.90,42.90,true,1,
7290013848758,false,מקסימה גל כביסה מרוכז בייבי 3ליטר סנסטיב,החברה הדרומית לשיווק בעמ,,,יח`,3,1 ליטר,false,1,33.90,11.30,false,1,
7290013906205,false,פסטרמה שום וצילי טירת צבי (400 גרם),תנובה מרכז שיתופי לשיווק תוצרת,,,יח`,400,גרם,false,1,34.60,8.65,true,1,
7290013906212,false,"נקנקיות וינר טירת 1 ק""ג טירת צבי",תנובה מרכז שיתופי לשיווק תוצרת,,,יח`,1,1 ליטר,false,1,34.60,34.60,true,1,
7290013906687,false,פסט' צמד כפרית ברביקיו ודבש 300X2ג' טירת צבי,תנובה מרכז שיתופי לשיווק תוצרת,,,יח`,600,גרם,false,1,31.60,5.27,true,1,
7290013906694,false,נקניקיות שקית קילו וחצי טירת צבי,תנובה מרכז שיתופי לשיווק תוצרת,,,יח`,1.50,"ק""ג",false,1,40.90,27.27,false,1,
7290013927200,false,עוגיות שוקולד צ`יפס עשירה 400גרם אחוה,אחדות ביחר לטחינה חל,,,יח`,400,גרם,false,1,12.90,3.23,false,1,
7290013927514,false,רוגעלך קינמון במגש 400 גר`אחוה,אחדות ביחר לטחינה חל,,,יח`,400,גרם,false,1,10.90,2.73,false,1,
7290013927637,false,חלוה ללא תוספת סוכר במגש 400 גר' אחוה,אחדות ביחר לטחינה חל,,,יח`,400,גרם,false,1,13.90,3.48,false,1,
7290014002197,false,חליטת קמומיל ולימונית הגן הקסום ויסוצקי 25 יחידות,תה ויסוצקי (ישראל) בעמ,,,יח`,37.50,גרם,false,1,17.90,47.73,true,1,
7290014002203,false,חליטת לימונית ולואיזה הגן הקסום ויסוצקי 25 יחידות,תה ויסוצקי (ישראל) בעמ,,,יח`,37.50,גרם,false,1,17.90,47.73,true,1,
7290014002944,false,גן קסום חליטת פירות וצמחים חמדת שקד 25 שקיקים,תה ויסוצקי (ישראל) בעמ,,,יח`,1,,false,1,17.90,17.90,true,1,
7290014046016,false,פסטרמה של פעם דל שומן 2% רכיבים טבעיים,מעדני יחיעם ( 1993 ) בע`מ,,,יח`,250,גרם,false,1,25.90,10.36,false,1,
7290014046436,false,נשנושי קבנוס יחיעם (125 גרם),מעדני יחיעם ( 1993 ) בע`מ,,,יח`,125,גרם,false,1,13.20,10.56,false,1,
7290014046474,false,"נקניקיות עוף יחיעם 1.5 ק""ג",מעדני יחיעם ( 1993 ) בע`מ,,,יח`,1.50,"ק""ג",false,1,31.60,21.07,true,1,
7290014046580,false,פסטרמה מעודנת על גחלים יחיעם (300 גרם),מעדני יחיעם (1993) בעמ,,,יח`,300,גרם,false,1,25.40,8.47,true,1,
7290014046757,false,סלמי תה יחיעם (300 גרם),מעדני יחיעם (1993) בעמ,,,יח`,300,גרם,false,1,26.50,8.83,true,1,
7290014046764,false,סלמי פפרוני יחיעם 200 גרם,מעדני יחיעם (1993) בעמ,,,יח`,200,גרם,false,1,15.20,7.60,false,1,
7290014083813,false,וילי פוד מריגה שפרוטים מעושנים בשמן 190ג,ג. וילי-פוד אינטרנשיונל בע`מ,,,יח`,190,גרם,false,1,8.90,4.68,false,1,
7290014094352,false,אגוז מלך טבעי ששון הקולה (200 גרם),דין שיווק וקליה 2021 בעמ,,,יח`,200,גרם,false,1,15.90,7.95,true,1,
7290014094369,false,שקד טבעי קלוף ששון הקולה (200 גרם),דין שיווק וקליה 2021 בעמ,,,יח`,200,גרם,false,1,22.90,11.45,false,1,
7290014094383,false,משמש בקופסא ששון הקולה 250 גר`,דין שיווק וקליה 2021 בעמ,,,יח`,250,גרם,false,1,25.90,10.36,false,1,
7290014094390,false,חמוציות מסוכרות ששון הקולה 250 גר`,דין שיווק וקליה 2021 בעמ,,,יח`,250,גרם,false,1,13.90,5.56,false,1,
7290014094406,false,צימוק לבן בקופסא ששון הקולה 330 גרם,דין שיווק וקליה 2021 בעמ,,,יח`,330,גרם,false,1,18.90,5.73,false,1,
7290014094505,false,אורז בסמתי טהור אהרוני 1 ק''ג,דין שיווק וקליה 2021 בעמ,,,יח`,1,"ק""ג",false,1,13.50,13.50,false,1,
7290014094529,false,רוטב סויה 300 מל- אהרוני,דין שיווק וקליה 2021 בעמ,,,יח`,300,"מ""ל",false,1,11.90,3.97,false,1,
7290014094536,false,רוטב סויה 623מ''ל אהרוני,****דין שיווק וקליה 2021 בעמ,,,יח`,623,"מ""ל",false,1,20.90,3.35,false,1,
7290014094857,false,פקאן סיני מסוכר 150 גרם ששון הקולה,דין שיווק וקליה 2021 בעמ,,,יח`,150,גרם,false,1,20.90,13.93,false,1,
7290014095861,false,שיבולת שועל דקה בשקית שקדיה 500 גרם,דין שיווק וקליה 2021 בעמ,,,יח`,500,גרם,false,1,7.10,1.42,true,1,
7290014095960,false,שיבולת שועל עבה בשקית שקדיה 500 גרם,דין שיווק וקליה 2021 בעמ,,,יח`,500,גרם,false,1,7.10,1.42,true,1,
7290014126428,false,מרמולייט סטיביה ממתיק 150 טבליות,מיוצר עי קונדיטוריית,,,יח`,150,גרם,false,1,35.60,23.73,false,1,
7290014204560,false,"פנינהרוזנבלום- סבון נוזלי לידיים שלישיה,3*500 מ""ל","פנינה רוזנבלום בע""מ",,,יח`,1.50,1 ליטר,false,1,10.90,7.27,false,1,
7290014204690,false,אלסבון 1 ליטר משאבה ורוד פנינה רוזנבלום,פנינה רוזנבלום בעמ,,,יח`,1,1 ליטר,false,1,10.10,10.10,true,1,
7290014217027,false,עוף T130 -BUL בקופ' 120 גר' טעם וריח,"תבליני טעם וריח בע""מ",,,יח`,120,גרם,false,1,12.90,10.75,true,1,
7290014217065,false,אורגנו עלים בקופ' 30 גר' טעם וריח,"תבליני טעם וריח בע""מ",,,יח`,30,גרם,false,1,9.90,33,true,1,
7290014217119,false,תערובת לצ'יפס בקופ' 100 גר' טעם וריח,"תבליני טעם וריח בע""מ",,,יח`,100,גרם,false,1,9.90,9.90,true,1,
7290014217201,false,"תערובת תיבול סומק 45 גרם ""טעם וריח""","תבליני טעם וריח בע""מ",,,יח`,45,גרם,false,1,6.90,15.33,false,1,
7290014217225,false,גריל עוף בקופ' 120 גר' טעם וריח,"תבליני טעם וריח בע""מ",,,יח`,120,גרם,false,1,9.90,8.25,true,1,
7290014217348,false,"מיכל צ'ילי כתוש 70 גר' ""טעם וריח""","תבליני טעם וריח בע""מ",,,יח`,70,גרם,false,1,9.90,14.14,true,1,
7290014217409,false,תערובת עשבי תיבול הרבס דה פרובנס טעם וריח 100 ג',"תבליני טעם וריח בע""מ",,,יח`,30,גרם,false,1,9.90,33,false,1,
7290014217478,false,תערובת עשבי תיבול איטלקי ים תיכוני 30ג',"תבליני טעם וריח בע""מ",,,יח`,30,גרם,false,1,9.90,33,true,1,
7290014217973,false,תבלין פלפל צילי חריף יבש בשקית 150 גר',"תבליני טעם וריח בע""\מ",,,יח`,150,גרם,false,1,14.90,9.93,false,1,
7290014218505,false,"שלישית פיצות בחבק 3 יח`מעדנות 1.08 ק""",תנובה ענף ב.ע.ד,,,יח`,1080,גרם,false,1,32.90,3.05,false,1,
7290014218932,false,חטיפי פיצה בתוספ זיתים בשקית מעדנות 710 גרם,מיוצר עי קונדיטוריית,,,יח`,710,גרם,false,1,35.90,5.06,false,1,
7290014256620,false,"יין מבעבע קריניאנו באזז יקבי כרמל 750 מ""ל",אגודת הכורמים -כרמל מזרחי,,,יח`,750,"מ""ל",false,1,28.90,3.81,true,1,
7290014256637,false,"יין מבעבע מוסקטו באזז יקבי כרמל 750 מ""ל",אגודת הכורמים -כרמל מזרחי,,,יח`,750,"מ""ל",false,1,28.90,3.81,true,1,
7290014258723,false,תרכובת מזון צמחי לתינוקות מגיל 0 עד גיל שנה,קבוצת אוסם סחר שותפות מוגבלת,,,יח`,700,גרם,false,1,66.90,9.56,false,1,
7290014325036,false,סוכריות ג'לי עטופות שמחות מיה 600 גרם,מיה תעשיות מזון מ.ת.מ. בעמ,,,יח`,1,,false,1,21.40,21.40,false,1,
7290014325050,false,קורנפלור 500 גר` מיה ג.,מיה תעשיות מזון מ.ת.מ. בעמ,,,יח`,500,גרם,false,1,9.40,1.88,false,1,
7290014397682,false,"סנו מקסימה אבקת כביסה אפקט 6 1 ק""ג",החברה הדרומית לשיווק בעמ,,,יח`,1,,false,1,49.90,49.90,false,1,
7290014397699,false,פוליויקס גרניט פורצלן ושיש ניחוח קלאסי 3 ליטר,החברה הדרומית לשיווק בעמ,,,יח`,3,1 ליטר,false,1,24.40,8.13,true,1,
7290014397767,false,סנו ריצפז פרש הום 2 ליטר בניחוח כותנה-מרכז,החברה הדרומית לשיווק בעמ,,,יח`,2,1 ליטר,false,1,22.90,11.45,true,1,
7290014397781,false,סנו ריצפז פרש הום 2 ליטר בניחוח סבון,החברה הדרומית לשיווק בעמ,,,יח`,2,1 ליטר,false,1,22.90,11.45,true,1,
7290014397873,false,מרכך כביסה בבישום עוצמתי ג'נטל בריז,החברה הדרומית לשיווק בעמ,,,יח`,4000,"מ""ל",false,1,22.40,0.56,true,1,
7290014426061,false,משחת שיניים הלו קיטי בטעם ענבים לגיל 2-6,גורי ע.ע.ע. בע`מ,,,יח`,50,"מ""ל",false,1,12.90,25.80,false,1,
7290014435803,false,מטיאס הולנדי (פרובנציאל) עם בצל בשמן 180 גרם,שבעת הימים - שמיר,,,יח`,200,גרם,false,1,19.90,9.95,false,1,
7290014435810,false,נתחי הרינג כבוש עם בצל במרינת חמוץ מתוק שמיר 220 גרם,שבעת הימים - שמיר,,,יח`,220,גרם,false,1,19.90,9.05,false,1,
7290014435841,false,פילה הרינג עם בצל בשמן מטיאס הולנדי שמיר 200 גרם,סלטי שמיר 2006 בעמ,,,יח`,200,גרם,false,1,19.90,9.95,false,1,
7290014455184,false,קאשקבל משולש מעדנייה גד,מחלבות גד שיווק 1992 בעמ,,,"ק""ג",1000,גרם,true,1,126,12.60,false,1,
7290014455245,false,גבינת גרנה פדנו משולש 29% 200 גרם בית יוסף,מחלבות גד שיווק 1992 בעמ,,,יח`,200,גרם,false,1,27.90,13.95,false,1,
7290014455252,false,גבינת גרנה פדנו מגורדת 29% גד (100 גרם),מחלבות גד שיווק 1992 בעמ,,,יח`,100,גרם,false,1,14.90,14.90,false,1,
7290014455320,false,גבינה כדורי מוצרלה פרסקה גד 100ג',מחלבות גד שיווק 1992 בעמ,,,יח`,100,גרם,false,1,9.50,9.50,false,1,
7290014459373,false,"צ'יפס קראנצ'י לתנור קפוא תפוגן 1.5ק""ג",קבוצת אוסם סחר שותפות מוגבלת,,,יח`,1500,גרם,false,1,25.90,1.73,false,1,
7290014459472,false,"תפוגן צ יפס קלאסי 2ק""ג (תפוגן)",קבוצת אוסם סחר שותפות מוגבלת,,,יח`,2,"ק""ג",false,1,31.60,15.80,false,1,
7290014459632,false,"תפוגן צ'יפס טוגן 1.5 ק""ג",קבוצת אוסם סחר שותפות מוגבלת,,,יח`,1.50,"ק""ג",false,1,15.90,10.60,false,1,
7290014466609,false,יין גמלא מרלו עברית 2018*,היכל היין שקד גולן בעמ,,,יח`,750,"מ""ל",false,1,60.90,8.08,true,1,
7290014471443,false,"גרנולה צימוקים אגוזים ושקדים1 ק""ג חדש - 443 כתום שקדיה (כתום)",דין שיווק וקליה 2021 בעמ,,,יח`,1,"ק""ג",false,1,21.40,21.40,true,1,
7290014472433,false,קונפיטורה תות שדה 70% פרי 450 גרם,דין שיווק וקליה 2021 בעמ,,,יח`,450,גרם,false,1,11.90,2.64,false,1,
7290014472471,false,גרעיני חמנייה קלוי ענק ששון הקולה 200 גרם,דין שיווק וקליה 2021 בעמ,,,יח`,200,גרם,false,1,6.90,3.45,false,1,
7290014472488,false,שקד קלוי ענק פרימיום ששון הקולה 250 גרם,דין שיווק וקליה 2021 בעמ,,,יח`,250,גרם,false,1,25.90,10.36,false,1,
7290014472495,false,קשיו קלוי ענק פרימיום ששון הקולה 250 גרם,דין שיווק וקליה 2021 בעמ,,,יח`,250,גרם,false,1,20.90,8.36,false,1,
7290014472501,false,פיסטוק קלוי ענק פרימיום ששון הקולה 250 גרם,דין שיווק וקליה 2021 בעמ,,,יח`,250,גרם,false,1,25.90,10.36,false,1,
7290014472525,false,תערובת פיצוחים פרימיום ששון הקולה 250 גרם,דין שיווק וקליה 2021 בעמ,,,יח`,250,גרם,false,1,20.90,8.36,false,1,
7290014503137,false,יין אדום יבש יובלים יקב דלתון (750 מל),הכרם - משקאות חריפים בעמ,,,יח`,750,"מ""ל",false,1,50.90,6.75,true,1,
7290014525009,false,חטיף סלים פרוט Slim fruit בטעם יוגורט ובמילוי תפוח,סלים דליס Slim Delis,,,יח`,182,גרם,false,1,14.90,8.19,true,1,
7290014525290,false,חטיפי סלים דליס קריספי תות מרבה 125 גרם,סלים דליס Slim Delis,,,יח`,120,גרם,false,1,14.90,12.42,true,1,
7290014525313,false,חטיפי סלים דליס קריספי שוקולד מרבה 125 גרם,סלים דליס Slim Delis,,,יח`,125,גרם,false,1,14.90,11.92,true,1,
7290014603813,false,שטראוס קרמסימו מסטיגם 1.33 ליטר,גלידות שטראוס בעמ,,,יח`,1.33,1 ליטר,false,1,20.90,15.71,true,1,
7290014673410,false,פלפל שחור גרוס דק תבליני מימון 250 גרם,א.ל. ייצור ושיווק תבלינים בע`מ,,,יח`,250,גרם,false,1,31.60,12.64,false,1,
7290014673618,false,תבלינים זנגביל בצנצנת 30 גרם,א.ל. ייצור ושיווק תבלינים בע`מ,,,יח`,30,גרם,false,1,13.20,44,false,1,
7290014692299,false,גבינת ברי EURO CHEESE ויליפוד 125 גרם,ג.וילי-פוד אינטרנשיונל **גבינו,,,יח`,125,גרם,false,1,14.90,11.92,false,1,
7290014692305,false,גבינת קממבר EURO CHEESE ויליפוד 125 גרם,ג.וילי-פוד אינטרנשיונל **גבינו,,,יח`,125,גרם,false,1,14.90,11.92,false,1,
7290014692541,false,צהובה מגורדת גולדן 500 גרם ויליפוד,ג.וילי-פוד אינטרנשיונל **גבינו,,,יח`,500,גרם,false,1,20.90,4.18,false,1,
7290014692565,false,גרעיני תירס מתוק וילי פוד (320 גרם),ג.וילי-פוד אינטרנשיונל בעמ,,,יח`,320,גרם,false,1,5.50,1.72,false,1,
7290014749245,false,ספיישל רצועות שניצל שומשום עוף טוב 600 גרם,קבוצת אוסם סחר שותפות מוגבלת,,,יח`,600,גרם,false,1,33.90,5.65,true,1,
7290014749764,false,עוף טוב שניצל עוף ביתי עדין כזה 700 גרם,קבוצת אוסם סחר שותפות מוגבלת,,,יח`,700,גרם,false,1,46.90,6.70,true,1,
7290014749887,false,שניצל דק ענק קריספי קלאסי עוף טוב 720 גרם,קבוצת אוסם סחר שותפות מוגבלת,,,יח`,720,גרם,false,1,37.70,5.24,true,1,
7290014758100,false,מאגדת יוגורט ביו 3% שומן 8 יח' *150ג' תנובה,מיוצר עי קונדיטוריית,,,יח`,1200,גרם,false,1,16.90,1.41,false,1,
7290014758117,false,מאגדת יוגורט ביו 1.5% שומן 8 יח' *150 ג' תנובה,מיוצר עי קונדיטוריית,,,יח`,1200,גרם,false,1,16.90,1.41,false,1,
7290014758148,false,פרוסות גבינה 22% שומן 400 ג' גלבוע,תנובה - חלב,,,יח`,400,גרם,false,1,20.50,5.13,false,1,
7290014758162,false,חלב עיזים מלא 3.6% שומן תנובה (1 ליטר),תנובה מרכז שיתופי לש,,,יח`,1,1 ליטר,false,1,15.30,15.30,false,1,
7290014758681,false,גבינת קוטג`1% בגביע תנובה (250 גרם),מיוצר עי קונדיטוריית,,,יח`,250,גרם,false,1,5.70,2.28,false,1,
7290014759084,false,גבינת שמנת נפוליאון 16% מופחת שומן תנובה 225 גרם,תנובה מרכז שיתופי לש,,,יח`,225,גרם,false,1,14.90,6.62,false,1,
7290014759534,false,גבינה בולגרית למריחה טבעי 5% 200 ג' פיראוס,"תנובה, מחלבת תל יוסף",,,יח`,200,גרם,false,1,14.30,7.15,false,1,
7290014759909,false,פטה עיזים 5% 250 גר`גביע פיראוס תנובה,"תנובה, מחלבת טנא נוג",,,יח`,250,גרם,false,1,28.50,11.40,false,1,
7290014759978,false,קצ`קאבל פלח גלעד 200 גר`קולקשיין תנובה,"תנובה בע""מ ***",,,יח`,200,גרם,false,1,27.90,13.95,false,1,
7290014759992,false,פלח רוקפור גליל 26% 140 גר`קולקשיין תנו,"תנובה, מחלבת תל יוסף",,,יח`,200,גרם,false,1,18.90,9.45,false,1,
7290014760134,false,"מעדן סויה בטעם וניל תנובה 125 מ""ל","תנובה בע""מ ***",,,יח`,125,גרם,false,1,4.60,3.68,false,1,
7290014760141,false,משקה שקדים טרי תנובה (1 ליטר),"תנובה בע""מ ***",,,יח`,1000,"מ""ל",false,1,12.20,1.22,false,1,
7290014760448,false,גבינה צהובה גלבוע 400 גרם 22% שומן תנובה,מחלבת בית יצחק,,,יח`,400,גרם,false,1,22.90,5.73,false,1,
7290014760912,false,גבינה צהובה 28% מהדרין גוש חלב (400 גרם),תנובה מרכז שיתופי לש,,,יח`,400,גרם,false,1,25.90,6.48,false,1,
7290014761018,false,גיל בטעם וניל תנובה 125 גרם,תנובה מרכז שיתופי לש,,,יח`,125,"מ""ל",false,1,1.60,1.28,false,1,
7290014761056,false,מעדן שוקולד חלב יולו תנובה 123 גרם,מיוצר עי קונדיטוריית,,,יח`,123,"מ""ל",false,1,4.90,3.98,false,1,
7290014761063,false,מעדן שוקולד מריר יולו תנובה 123 גרם,מיוצר עי קונדיטוריית,,,יח`,123,"מ""ל",false,1,4.90,3.98,false,1,
7290014761070,false,מעדן שוקולד לבן יולו תנובה 123 גרם,מיוצר עי קונדיטוריית,,,יח`,123,"מ""ל",false,1,4.90,3.98,false,1,
7290014761193,false,יוגורט עם פירות יער 1.5% שומן 125 ג' פרילי,תנובה מרכז שיתופי לש,,,יח`,125,"מ""ל",false,1,3.50,2.80,false,1,
7290014761414,false,יולו מעדן שכבות שוקולד חלב ולבן 123 גר,מיוצר עי קונדיטוריית,,,יח`,123,"מ""ל",false,1,4.90,3.98,false,1,
7290014761438,false,פיראוס בולגרית קלאסית 24% סמי מעדניה 400,תנובה מרכז שיתופי לש,,,יח`,400,גרם,false,1,28.50,7.13,false,1,
7290014761612,false,מעדן שכבות שוקולד מריר ולבן יולו 122 גרם,מיוצר עי קונדיטוריית,,,יח`,123,"מ""ל",false,1,4.90,3.98,false,1,
7290014761698,false,"גבינת עמק 28% סמי חצי קשה 600 גרם בד""ץ",תנובה מרכז שיתופי לש,,,יח`,600,גרם,false,1,29.90,4.98,false,1,
7290014762756,false,גבינת שמנת נפוליאון 16% עם בצל תנובה 225 גרם,תנובה - חלב,,,יח`,225,גרם,false,1,14.90,6.62,false,1,
7290014762831,false,גבינת שמנת נפוליאון 16% עם פלפל חלפיניו תנובה 225 גרם,תנובה מרכז שיתופי לש,,,יח`,225,גרם,false,1,14.90,6.62,false,1,
7290014762909,false,פתיתי מוצרלה השף הלבן 10% תוספת מתנה,"תנובה, מחלבת תל יוסף",,,יח`,200,גרם,false,1,15.90,7.95,false,1,
7290014763272,false,יוגורט סויה BIO לשתיה תות ובננה אלטרנטיב,תות תעשיות מזון (201,,,יח`,250,גרם,false,1,6.80,2.72,false,1,
7290014785007,false,גרגרי טפיוקה קטנים 400 גר`טעמי אסיה,טחנת האבן קואופ בעמ,,,יח`,400,גרם,false,1,9.90,2.48,false,1,
7290014785076,false,"קרם קוקוס ללא תוספות חומר משמר 400 מ""ל",טחנת האבן קואופ בעמ,,,יח`,400,"מ""ל",false,1,11.90,2.98,false,1,
7290014785168,false,שיראטקי ג'ל קונג'אק בצורת אטריות,ננטונג דינגבורג סיוי,,,יח`,200,גרם,false,1,11.90,5.95,false,1,
7290014785564,false,אטריות אודון מוכנות 200 גר`,קינגדאן פרימה פודס ק,,,יח`,200,גרם,false,1,5.50,2.75,true,1,
7290014785571,false,"אטריות מוכנות מתאים להקפצה, מרקים ומנות קרות",טחנת האבן קואופ בעמ,,,יח`,200,גרם,false,1,5.50,2.75,true,1,
7290014785991,false,רוטב סויה ללא גולטן 500 מל טעמי אסיה,טחנת האבן קואופ בעמ,,,יח`,500,"מ""ל",false,1,14.90,2.98,false,1,
7290014855434,false,מגבונים בייביסיטר פרפורמנס מבושם רביעיה,בייביסיטר Babysitter,,,יח`,1,,false,1,19.30,19.30,true,1,
7290014901254,false,"מרכך קרטין לאחר החלקה ועיצוב בחום סטייל 750 מ""ל",א.ל ארמן ייצור תמרוק,,,יח`,750,"מ""ל",false,1,25.90,3.45,false,1,
7290014901896,false,"מי פה סנסודיין מנטה מרענן 500 מ""ל",גלקסוסמיתקליין,,,יח`,500,"מ""ל",false,1,26.90,5.38,true,1,
7290014910461,false,"ערק יודה 700 מ""ל כשל",בני בהיג'\ קעואר לתעשייה,,,יח`,700,"מ""ל",false,1,55.90,7.94,false,1,
7290014940901,false,לחם פשוט מלא לילדים פרוס אנג`ל (750 גרם),מאפיית שלמה א. אנג'\ל בע,,,יח`,500,גרם,false,1,14.50,2.90,false,1,
7290015037204,false,כרוב לבן קצוץ 400 גרם אוצר הארץ,"בכורי השדה צפון1994 ג.ד. בע""מ",,,יח`,400,גרם,false,1,11.90,2.98,false,1,
7290015037273,false,פטרוזיליה אוצר הארץ - מהדרין,יעל ירק עלים לשיווק בעמ,,,יח`,1,,false,1,6.40,6.40,false,1,
7290015037280,false,כוסברה אוצר הארץ - מהדרין,יעל ירק עלים לשיווק בעמ,,,יח`,1,,false,1,6.40,6.40,false,1,
7290015037419,false,סלרי אמריקאי אוצר הארץ,"בכורי השדה צפון1994 ג.ד. בע""מ",,,יח`,1,,false,1,7.40,7.40,false,1,
7290015037433,false,חסה ערבית אוצר הארץ יחיד,"בכורי השדה צפון1994 ג.ד. בע""מ",,,יח`,1,,false,1,7.40,7.40,false,1,
7290015037440,false,"כרוב לבן שלם 1 ק""ג -א. הארץ",יעל ירק עלים לשיווק בעמ,,,"ק""ג",0,"ק""ג",true,1,14.90,14.90,false,1,
7290015037693,false,לבבות חסה חלסלאט אוצר הארץ,"בכורי השדה צפון1994 ג.ד. בע""מ",,,יח`,1,,false,1,12.90,12.90,false,1,
7290015039246,false,נתחי טונה בשמן צמחי רביעיה * 160 ג' וילי פוד,ג.וילי-פוד אינטרנשיונל בעמ,,,יח`,640,גרם,false,1,22.90,3.58,true,1,
7290015039253,false,עלי גפן במי מלח ויליפוד 620 גרם,ג. וילי-פוד אינטרנשיונל בע`מ,,,יח`,620,גרם,false,1,9.90,1.60,false,1,
7290015039338,false,נתחי טונה במי מלח רביעיה * 160 ג' וילי פוד,ג.וילי-פוד אינטרנשיונל בעמ,,,יח`,640,גרם,false,1,22.90,3.58,true,1,
7290015129121,false,אטריות גל קונג`אק נודלס ללא גלוטן סקיני,הוויזאי וואנגייה פוד,,,יח`,270,גרם,false,1,10.90,4.04,false,1,
7290015129251,false,איטריות גל קונג`אק בצורת פסטה פטוצ`יני ס,אף.סי תבליני בגליל ב,,,יח`,270,גרם,false,1,10.90,4.04,false,1,
7290015129312,false,תבשיל מרק עם אטריות קונגאק סקיני סופ בטע,אף.סי תבליני בגליל ב,,,יח`,1,,false,1,15.90,15.90,false,1,
7290015150088,false,מחית עגבניות קלה גרנד איטליה 700 גרם,תה ויסוצקי (ישראל) בעמ,,,יח`,700,גרם,false,1,15.20,2.17,true,1,
7290015150118,false,שלישיית עגבניות חתוכות דק גרנד איטליה 400 גרם,תה ויסוצקי (ישראל) בעמ,,,יח`,1.20,"ק""ג",false,1,18.90,15.75,false,1,
7290015155823,false,מחית תפוחי עץ חטיפטף ללא תוספת סוכר,גורי מוצרי צריכה (1991) בעמ,,,יח`,120,גרם,false,1,6.50,5.42,true,1,
7290015155847,false,מחית סלט פירות חטיפטף ללא תוספת סוכר,גורי מוצרי צריכה (1991) בעמ,,,יח`,120,גרם,false,1,6.50,5.42,true,1,
7290015156776,false,מחית פירות טרופיים חטיפטף ללא תוספת סוכר,גורי מוצרי צריכה (1991) בעמ,,,יח`,120,גרם,false,1,6.50,5.42,true,1,
7290015156790,false,מחית לפתן פירות חטיפטף ללא תוספת סוכר,גורי מוצרי צריכה (1991) בעמ,,,יח`,120,גרם,false,1,6.50,5.42,true,1,
7290015161558,false,קמח שיבולת שועל מלאה אורגני ללא גלוטן,י.איטליאנו אחזקות בעמ,,,יח`,500,גרם,false,1,28,5.60,false,1,
7290015282000,false,איקרא אדומה SEVEN SEAS 200 גרם,שבעת הימים - שמיר,,,יח`,200,גרם,false,1,13.90,6.95,false,1,
7290015282024,false,איקרא לבנה SEVEN SEAS 200 גרם,שבעת הימים - שמיר,,,יח`,200,גרם,false,1,13.90,6.95,false,1,
7290015282581,false,חומוס אבו גוש עם חריף שמיר 200 גרם,"סלטי שמיר 2006 בע""מ",,,יח`,200,גרם,false,1,10.90,5.45,false,1,
7290015282604,false,טחינה מיוחדת גורמה שמיר 200 גרם,"סלטי שמיר 2006 בע""מ",,,יח`,200,גרם,false,1,10.90,5.45,false,1,
7290015282628,false,חציל בטעם כבד גורמה שמיר 200 גרם,"סלטי שמיר 2006 בע""מ",,,יח`,200,גרם,false,1,12.90,6.45,false,1,
7290015282635,false,חומוס מסבחה גורמה שמיר 200 גרם,"סלטי שמיר 2006 בע""מ",,,יח`,200,גרם,false,1,10.90,5.45,false,1,
7290015282673,false,חציל במיונז ביתי גורמה שמיר 200 גרם,"סלטי שמיר 2006 בע""מ",,,יח`,200,גרם,false,1,10.90,5.45,false,1,
7290015282680,false,קישוא בטעם כבד גורמה שמיר 200 גרם,"סלטי שמיר 2006 בע""מ",,,יח`,200,גרם,false,1,10.90,5.45,false,1,
7290015282727,false,גזר מרוקאי ברוטב פיקנטי אסלי שמיר 200 ג',"סלטי שמיר 2006 בע""מ",,,יח`,200,גרם,false,1,12.90,6.45,false,1,
7290015282741,false,חציל תאילנדי אסלי שמיר 200 ג',"סלטי שמיר 2006 בע""מ",,,יח`,200,גרם,false,1,12.90,6.45,false,1,
7290015282796,false,"סלט תפו""א שמיר במיונז 200ג'","סלטי שמיר 2006 בע""מ",,,יח`,200,גרם,false,1,12.90,6.45,false,1,
7290015320009,false,שלישיית שוקולד מריר השקדיה 100 גרם,דין שיווק וקליה 2021 בעמ,,,יח`,300,גרם,false,1,9.90,3.30,false,1,
7290015324007,false,פלפל שחור גרוס 80 גר' טעם וריח,"תבליני טעם וריח בע""מ",,,יח`,80,גרם,false,1,9.90,12.38,false,1,
7290015324014,false,"פלפל שחור טחון בשקית 80 גרם ""טעם וריח""","תבליני טעם וריח בע""מ",,,יח`,80,גרם,false,1,9.90,12.38,false,1,
7290015324038,false,פפריקה מתוקה בשמן 100 גרם טעם וריח,"תבליני טעם וריח בע""מ",,,יח`,80,גרם,false,1,5.90,7.38,false,1,
7290015324052,false,פפריקה מתוקה 80 גר' טעם וריח,"תבליני טעם וריח בע""מ",,,יח`,80,גרם,false,1,5.90,7.38,false,1,
7290015324069,false,גריל עוף 80 גר' טעם וריח,"תבליני טעם וריח בע""מ",,,יח`,80,גרם,false,1,5.90,7.38,false,1,
7290015324076,false,זעתר מעורב 80 גר' טעם וריח,"תבליני טעם וריח בע""מ",,,יח`,80,גרם,false,1,5.90,7.38,false,1,
7290015324083,false,מלח לימון 80 גר' טעם וריח,"תבליני טעם וריח בע""מ",,,יח`,80,גרם,false,1,5.90,7.38,false,1,
7290015324090,false,כמון טחון 80 גר' טעם וריח,"תבליני טעם וריח בע""מ",,,יח`,80,גרם,false,1,5.90,7.38,false,1,
7290015324106,false,כורכום טחון 80 גר' טעם וריח,"תבליני טעם וריח בע""מ",,,יח`,80,גרם,false,1,5.90,7.38,false,1,
7290015324113,false,טעם וריח בהרט שקית 8,"תבליני טעם וריח בע""מ",,,יח`,80,גרם,false,1,6.90,8.63,false,1,
7290015324151,false,חוואיג' למרק 80 גר' טעם וריח,"תבליני טעם וריח בע""מ",,,יח`,80,גרם,false,1,6.90,8.63,false,1,
7290015324168,false,שק 80 גרם על האש ללא מונוסטדיום,"תבליני טעם וריח בע""מ",,,יח`,80,גרם,false,1,5.90,7.38,false,1,
7290015324175,false,תיבול לשווארמה 80 גר' טעם וריח,"תבליני טעם וריח בע""מ",,,יח`,80,גרם,false,1,5.90,7.38,false,1,
7290015324281,false,"בצל מטוגן שקית 200 גרם""טעם וריח""",תבליני טעם וריח בעמ,,,יח`,200,גרם,false,1,10.90,5.45,false,1,
7290015324427,false,סודה לשתיה טעם וריח 80 גר',"תבליני טעם וריח בע""מ",,,יח`,80,גרם,false,1,4.90,6.13,false,1,
7290015324519,false,תערובת לפיצה שקית 80 גרם,"תבליני טעם וריח בע""מ",,,יח`,80,גרם,false,1,5.90,7.38,false,1,
7290015324526,false,תערובת תיבול לפרגיות 80 גרם,"תבליני טעם וריח בע""מ",,,יח`,80,גרם,false,1,5.90,7.38,false,1,
7290015324533,false,רוזמרין מיכל גדול 55 גרם,"תבליני טעם וריח בע""מ",,,יח`,55,גרם,false,1,9.90,18,true,1,
7290015324540,false,טימין מיכל גדול 30 גרם,"תבליני טעם וריח בע""מ",,,יח`,30,גרם,false,1,9.90,33,true,1,
7290015324571,false,פפריקה מתוקה בשמן בסגנון מרוקאי 400גרם.,"תבליני טעם וריח בע""\מ",,,יח`,400,גרם,false,1,19.90,4.98,false,1,
7290015324588,false,פלפל לבן 100 גר` טעם וריח,"תבליני טעם וריח בע""מ",,,יח`,100,גרם,false,1,12.90,12.90,true,1,
7290015324724,false,מחית צ`ילי חריף `טעם וריח' 230 גרם,ליני קאטייאמה פודסטאפס ב,,,יח`,230,גרם,false,1,14.90,6.48,true,1,
7290015325752,false,מגבונים אסותא רביעייה לתינוק,עיסא ערטול בעמ-סוכן הנקל סוד,,,יח`,1,,false,1,16.90,16.90,false,1,
7290015347273,false,נטיפי שוקולד לאפייה שוקולדמריר 250גר,מיה תעשיות מזון מ.ת.מ. בעמ,,,יח`,250,גרם,false,1,10.90,4.36,false,1,
7290015347464,false,מיה קינואה מעורבת 400 גרם,מיה תעשיות מזון מ.ת.מ. בעמ,,,יח`,400,גרם,false,1,21.40,5.35,true,1,
7290015347488,false,"סוכר דמררה חום שקית מיה 1 ק""ג",מיה תעשיות מזון מ.ת.מ. בעמ,,,יח`,1,"ק""ג",false,1,13.20,13.20,false,1,
7290015347525,false,צ'יפס בטטה עם שום ורוזמרין מיה 100 גרם,מיה תעשיות מזון מ.ת.מ. בעמ,,,יח`,80,גרם,false,1,11.20,14,true,1,
7290015347532,false,צ'יפס בטטה עם שמן זית ועשבי תיבול מיה 100 גרם,מיה תעשיות מזון מ.ת.מ. בעמ,,,יח`,80,גרם,false,1,11.20,14,true,1,
7290015366663,false,"משחת שיניים מנטה עדין אקווה פרש 100 מ""ל",גלקסוסמיתקליין,,,יח`,100,גרם,false,1,7.90,7.90,true,1,
7290015395045,false,"קינואה בשקית שקדיה 400 גרם בד""ץ",דין שיווק וקליה 2021 בעמ,,,יח`,400,גרם,false,1,16.30,4.08,true,1,
7290015470094,false,טבלאות שוקולד טוסו מר`שוקולד תפוז 100ג,דנשר (1963) בעמ,,,יח`,100,גרם,false,1,14.20,14.20,false,1,
7290015597548,false,קרמיסימו בננה שוקולד צ`יפ,"גלידת שטראוס בע""\מ",,,יח`,133,1 ליטר,false,1,20.90,0.16,true,1,
7290015597555,false,קרמיסימו וניל פירות טרופיים סולרו,גלידות שטראוס בעמ,,,יח`,133,1 ליטר,false,1,20.90,0.16,false,1,
7290015652087,false,תערובת פיצוחים בשקית ששון הקולה 150 גרם,דין שיווק וקליה 2021 בעמ,,,יח`,150,גרם,false,1,13.90,9.27,true,1,
7290015652124,false,"רוטב סריראציה חריף מאוד 450 מ""ל אהרוני",דין שיווק וקליה 2021 בעמ,,,יח`,450,גרם,false,1,21.40,4.76,false,1,
7290015652254,false,גרעיני חמניה קלויים ששון הקולה (400 גרם),דין שיווק וקליה 2021 בעמ,,,יח`,400,גרם,false,1,10,2.50,false,1,
7290015652261,false,בוטנים קלויים ששון הקולה 350 גרם,דין שיווק וקליה 2021 בעמ,,,יח`,300,גרם,false,1,10,3.33,false,1,
7290015652278,false,תערובת פיצוחים ששון הקולה 300 גרם,דין שיווק וקליה 2021 בעמ,,,יח`,250,גרם,false,1,20,8,false,1,
7290015652292,false,קבוקים עם שומשום ששון הקולה 400 גרם,דין שיווק וקליה 2021 בעמ,,,יח`,400,גרם,false,1,10,2.50,false,1,
7290015652308,false,מנצ'ס ששון הקולה 400 גרם,דין שיווק וקליה 2021 בעמ,,,יח`,300,גרם,false,1,10,3.33,false,1,
7290015652322,false,בוטנים אמריקאיים מצופים 400 גר ששון הקלה,דין שיווק וקליה 2021 בעמ,,,יח`,400,גרם,false,1,10,2.50,false,1,
7290015652407,false,פיסטוק קלוי ששון הקולה (250 גרם),דין שיווק וקליה 2021 בעמ,,,יח`,250,גרם,false,1,20,8,false,1,
7290015733120,false,מטרנה גולד שלב 1 תרכובת מזון על בסיס חלבי,קבוצת אוסם סחר שותפות מוגבלת,,,יח`,700,גרם,false,1,74.90,10.70,true,1,
7290015733144,false,מטרנה גולד שלב 2 תרכובת מזון על בסיס חלבי,קבוצת אוסם סחר-שות.מוגבלת,,,יח`,700,גרם,false,1,74.90,10.70,true,1,
7290015733427,false,מטרנה דייסת גם וגם וניל פרו12*300ג 2019,קבוצת אוסם סחר שותפות מוגבלת,,,יח`,300,גרם,false,1,19.50,6.50,false,1,
7290015781114,false,יין אדום אימפרשיין מרלו טפרברג (750 מל),יקב טפרברג 1870 בעמ (יינות ומש,,,יח`,750,"מ""ל",false,1,51.90,6.88,true,1,
7290015781121,false,"יין IMPRESSION קברנה סוביניון יבש טפרברג 750 מ""ל",יקב טפרברג 1870 בעמ (יינות ומש,,,יח`,750,"מ""ל",false,1,51.90,6.88,true,1,
7290015781299,false,יין שיראז ויזון יקב טפרברג (750 מל),יקב טפרברג 1870 בעמ (יינות ומש,,,יח`,750,"מ""ל",false,1,41.90,5.55,true,1,
7290015855013,false,פלפלונים -טינקרבל א.אדמה,א.אדמה (2007) בעמ,,,יח`,1,,false,1,9.90,9.90,false,1,
7290015855037,false,פלפל צ`ילי בשקית,א.אדמה (2007) בעמ,,,יח`,1,,false,1,9.90,9.90,false,1,
7290015855112,false,חמציץ,א.אדמה (2007) בעמ,,,יח`,1,,false,1,8.90,8.90,false,1,
7290015855143,false,שיני שום קלופות בנספ,א.אדמה (2007) בעמ,,,יח`,170,גרם,false,1,12.90,7.59,false,1,
7290015855181,false,גינג`ר יחידה טרי,א.אדמה (2007) בעמ,,,יח`,1,,false,1,8.90,8.90,false,1,
7290015855358,false,בצלצלי שאלוט 280 גרם,ביכורי השדה צפון 1994 ג.ד. בעמ,,,יח`,1,,false,1,14.90,14.90,false,1,
7290015855990,false,לקט ירקות למרק טרי,א.אדמה (2007) בעמ,,,יח`,1,,false,1,14.90,14.90,false,1,
7290015858106,false,"ממרח פסטו ביתי 180 גרם ""עללחם""",שטראוס גרופ בעמ/מצונן,,,יח`,180,גרם,false,1,17.90,9.94,false,1,
7290015858113,false,"ממרח עגבניות מיובשות 180 גרם ""טריטרי""",שטראוס גרופ בעמ/מצונן,,,יח`,180,גרם,false,1,17.90,9.94,false,1,
7290015858151,false,ממרח שום 180 גרם עללחם בית יוסף,שטראוס גרופ בעמ/מצונן,,,יח`,180,גרם,false,1,17.90,9.94,false,1,
7290015858229,false,"טפנד זיתי קלמטה 180 גרם ""עללחם""",שטראוס גרופ בעמ/מצונן,,,יח`,180,גרם,false,1,17.90,9.94,false,1,
7290015858434,false,שום כתוש עללחם 250 גרם,שטראוס גרופ בעמ/מצונן,,,יח`,250,גרם,false,1,14.90,5.96,false,1,
7290015858441,false,עללחם ממרח איולי פלפלים 295 גרם,"מדשא תעשיות מזון בע""\מ",,,יח`,295,גרם,false,1,13.90,4.71,true,1,
7290015858687,false,עללחם ממרח איולי שום 295 גרם,"מדשא תעשיות מזון בע""\מ",,,יח`,295,גרם,false,1,13.90,4.71,true,1,
7290015872096,false,חומוס סלטי שמיר 700 גרם,"סלטי שמיר 2006 בע""מ",,,יח`,700,גרם,false,1,10.90,1.56,false,1,
7290015951227,false,"יין גמלא השמורה סירה 2021 750 מ""ל",מיוצר וממולא על ידי יקב,,,יח`,750,"מ""ל",false,1,66.90,8.88,true,1,
7290015968782,false,פדים להסרת איפור במארז 80X3 יח',אינטרסן (1996) בעמ,,,יח`,1,,false,1,20.90,20.90,false,1,
7290016006292,false,נקטר מנגו בננה מלון קרטונית 1 ל' ספרינג,יפאורה שותפות מוגבלת לשיווק,,,יח`,1,1 ליטר,false,1,7.30,7.30,false,1,
7290016006322,false,מים מינרליים מי עדן,יפאורה שותפות מוגבלת לשיווק,,,יח`,1,1 ליטר,false,1,3,3,false,1,
7290016006339,false,מים מינרלים מי עדן (1x4 ליטר),יפאורה שותפות מוגבלת לשיווק,,,יח`,4,1 ליטר,false,1,10,2.20,false,1,
7290016006346,false,שוופס סודה 0.5 ליטר מארז שישייה,יפאורה שותפות מוגבלת לשיווק,,,יח`,3000,"מ""ל",false,1,14.20,0.41,false,1,
7290016077759,false,רוטב ברביקיו קלאסי היינץ 480 גרם,דיפלומט מפיצים (1968) בעמ**,,,יח`,480,גרם,false,1,18.50,3.85,false,1,
7290016087147,false,רוטב עגבניות מתובל לפיצה מרגריטה 240 גרם,אבאל יזמות בעמ,,,יח`,230,גרם,false,1,5.90,2.57,true,1,
7290016087222,false,רוטב עגבניות מרוכז לשקשוקה פריניר 230 גרם,פריניר ( הדס 1987) ב,,,יח`,230,גרם,false,1,5.90,2.57,true,1,
7290016087499,false,פריניר עגבניות חתוכות דק שלישיה 3 * 400 גרם,ח.כהן סוכנות מזון ומשקאות בע,,,יח`,1.20,"ק""ג",false,1,12.90,10.75,false,1,
7290016096491,false,נתחי טונה בהירה בשמן צמחי שלישיה *80ג' פילטונה,תעשיות פיל טונה בעמ,,,יח`,240,גרם,false,1,9.90,4.13,false,1,
7290016136142,false,תערובת להכנת פנקייק ללא גלוטן 400 גר,"אשבל -מזון פונקציונלי בע""מ",,,יח`,400,גרם,false,1,22.90,5.73,false,1,
7290016136722,false,פתיתים פנה ללא גלוטן 340 גרם גי פרי,גורי מוצרי צריכה (1991) בעמ,,,יח`,340,גרם,false,1,14.90,4.38,false,1,
7290016136739,false,GFREE פתיתי פוזילי על בסיס קמח תירס וקמח,גורי מוצרי צריכה (1991) בעמ,,,יח`,340,גרם,false,1,14.90,4.38,false,1,
7290016150117,false,סלק אדום מבושל 500 ג' בוואקום,ביג פוד כחול לבן בעמ*שיק 30 יו,,,יח`,1,,false,1,8.90,8.90,false,1,
7290016188592,false,למברוסקו אדום חצי יבש 750 מל יקבי כרמל,אגודת הכורמים -כרמל מזרחי,,,יח`,750,"מ""ל",false,1,28.50,3.76,true,1,
7290016188608,false,GIACOBAZZI למברוסקו לבן חצי יבש יקבי כרמל,אגודת הכורמים -כרמל מזרחי,,,יח`,750,"מ""ל",false,1,28.50,3.76,true,1,
7290016197488,false,מטליות מיקרופייבר למשטחים ניקול 3יח',קימברלי קלארק ישראל שיווק בעמ,,,יח`,1,,false,1,16.90,16.90,true,1,
7290016197495,false,ניקול זוג מטליות הקסם מיקרופייבר לרצפה,קימברלי קלארק ישראל שיווק בעמ,,,יח`,1,,false,1,26.90,26.90,true,1,
7290016197877,false,שקיות אשפה לפחים בינוניים עם שרוך 50 * 53 ניקול 50 יחידות,קימברלי קלארק ישראל שיווק בעמ,,,יח`,1,,false,1,23.90,23.90,false,1,
7290016217759,false,חציל מרוקאי 200גרם גורמה,"סלטי שמיר 2006 בע""מ",,,יח`,200,גרם,false,1,12.90,6.45,false,1,
7290016276534,false,"שמן קוקוס לא מזוכך 500 מ""ל",קונסיגנציה-דין שיווק וקליה 202,,,יח`,500,"מ""ל",false,1,34.90,6.98,false,1,
7290016276831,false,תבשיל איטריות בטעם בקר 70 גרם סו שף,דין שיווק וקליה 2021 בעמ,,,יח`,70,גרם,false,1,6.90,9.86,true,1,
7290016276848,false,תבשיל איטריות בטעם עוף 70 גרם סו שף,דין שיווק וקליה 2021 בעמ,,,יח`,70,גרם,false,1,6.90,9.86,true,1,
7290016276855,false,תבשיל אטריות בטעם ירקות 70 גרם סו שף,דין שיווק וקליה 2021 בעמ,,,יח`,70,גרם,false,1,6.90,9.86,true,1,
7290016277470,false,שיבולת שועל דקה 350 גר' שקית (3 ב- 10),דין שיווק וקליה 2021 בעמ,,,יח`,350,גרם,false,1,4.60,1.31,false,1,
7290016277487,false,שיבולת שועל עבה 350 גר',דין שיווק וקליה 2021 בעמ,,,יח`,350,גרם,false,1,4.60,1.31,false,1,
7290016277647,false,בננה מסוכרת 250 גרם ששון- קופסא,דין שיווק וקליה 2021 בעמ,,,יח`,330,גרם,false,1,10.80,3.27,false,1,
7290016319187,false,טוסו עוגיות סנדוויץ שוקו במילוי קרם שוקולד *זוג* 300 גרם,בטר אנד דיפרנט,,,יח`,300,גרם,false,1,17.90,5.97,false,1,
7290016319309,false,סבון נוזלי מאסק קלאסי+משאבה פמלי 1 ל,הנסיך- מפעל לייצור ט,,,יח`,1,1 ליטר,false,1,15.90,15.90,true,1,
7290016321661,false,פרש וואנס SENSITIVE מגבונים ללא בישום רביעייה 72 יחידות,עלבד משואות יצחק,,,יח`,1,,false,1,16.90,16.90,true,1,
7290016321678,false,מגבונים לחים בניחוח מרענן עם תמציות קמומיל ואלוורה,עלבד משואות יצחק,,,יח`,1,,false,1,16.90,16.90,true,1,
7290016372342,false,עגבניות חתוך קוביות גראנד איטליה מארז 400X3ג',תה ויסוצקי (ישראל) בעמ,,,יח`,1.20,"ק""ג",false,1,18.90,15.75,false,1,
7290016372373,false,רסק עגבניות ללא תוספת סוכר ומלח - מארז זוג,תה ויסוצקי (ישראל) בעמ,,,יח`,280,גרם,false,1,9.90,3.54,false,1,
7290016372397,false,"תה ויסוצקי ירוק תפוז,ג'ינגר וכורכום 25 יח'",תה ויסוצקי (ישראל) בעמ,,,יח`,1,,false,1,27.90,27.90,true,1,
7290016387841,false,אטבי כביסה JOY צבעוני שייני 50 יחידות,מ.א.ייצור ויבוא מטליות בעמ,,,יח`,1,,false,1,11.90,11.90,false,1,
7290016509786,false,פרסיל גל לכביסה לבנה וצבעונית-ירוק 2.5 ל,גורי שיווק בעמ,,,יח`,2.50,1 ליטר,false,1,35.90,14.36,true,1,
7290016564235,false,זוג מטליות מיקרופייבר לרצפה גדולות מבריק,אבאל יזמות בעמ,,,יח`,1,,false,1,18.90,18.90,false,1,
7290016564266,false,מבריקל הפלא כיסוי הפלא 3,ח.כהן סוכנות מזון ומשקאות בע,,,יח`,1,,false,1,10.90,10.90,false,1,
7290016564280,false,כריות קרצוף מבריקל הפלא,אבאל יזמות בעמ,,,יח`,1,,false,1,8.90,8.90,true,1,
7290016564297,false,מארז זוג שקיות סנדוויץ 300 גר מבריקל,אבאל יזמות בעמ,,,יח`,1,,false,1,12.90,12.90,true,1,
7290016564303,false,מטליות מייקרופייבר מארז 5 יח` מבריקל,אבאל יזמות בעמ,,,יח`,1,,false,1,9.90,9.90,true,1,
7290016564341,false,מבריקלמסיר אבנית 750 גר,אבאל יזמות בעמ,,,יח`,750,"מ""ל",false,1,12.90,1.72,true,1,
7290016564402,false,מטליות מיקרופייבר מארז שמיניה מבריקל,אבאל יזמות בעמ,,,יח`,1,,false,1,10.90,10.90,false,1,
7290016564426,false,מבריקל שקיות אשפה ג`מבו XXL עם ידית 25,אבאל יזמות בעמ,,,יח`,1,,false,1,15.90,15.90,true,1,
7290016564433,false,מבריקל מארז רביעית כרית יפנית,אבאל יזמות בעמ,,,יח`,1,,false,1,10.90,10.90,true,1,
7290016564440,false,ספוגית הפלא גדול מארז שישייה מבריקל,אבאל יזמות בעמ,,,יח`,1,,false,1,8.90,8.90,true,1,
7290016621358,false,"ד""ר פישר - קמיל אל סבון ניקיון והזנה ורוד 1 ליטר","פישר תעשיות פרמבצטיות בע""מ",,,יח`,1,1 ליטר,false,1,16.90,16.90,true,1,
7290016682328,false,מיץ תפוזים 100% עשוי מרכז 2 ל' פריניב,תנובה - פריניב,,,יח`,2,1 ליטר,false,1,21.90,10.80,false,1,
7290016682335,false,מיץ תפוזים סחוט 2 ליטר פרי ניב,תנובה - פריניב,,,יח`,2,1 ליטר,false,1,26.90,13.30,true,1,
7290016717754,false,יין היובל ישן נושן יקבי כרמל (750 מל),אגודת הכורמים הקואופרטיב,,,יח`,750,"מ""ל",false,1,20.90,2.75,true,1,
7290016866643,false,פרודונטקס מ.שיניים אקסטרה פרש 75 מל,פרודונטקס Parodontax,,,יח`,75,"מ""ל",false,1,31.90,42.53,true,1,
7290016866650,false,"פרודונטקס - משחת שיניים אוריג'ינל 75 מ""ל",פרודונטקס Parodontax,,,יח`,75,"מ""ל",false,1,31.90,42.53,true,1,
7290016866667,false,"פרודונטקס - משחת שיניים ללא פלאוריד 75 מ""ל",פרודונטקס Parodontax,,,יח`,75,"מ""ל",false,1,31.90,42.53,true,1,
7290016866674,false,"פרודונטקס - משחת שיניים מלבינה 75 מ""ל",פרודונטקס Parodontax,,,יח`,75,"מ""ל",false,1,31.90,42.53,true,1,
7290016866704,false,סטייל שמפו קרטין E 750 מל לשיקום שיער יב,גורי ע.ע.ע בעמ,,,יח`,750,"מ""ל",false,1,25.90,3.45,false,1,
7290016866711,false,סטייל מרכך קרטין E 750 מל לשיקום שיער יב,גורי ע.ע.ע בעמ,,,יח`,750,"מ""ל",false,1,25.90,3.45,false,1,
7290016866728,false,סטייל מסכה קרטין E 500 מל לשיקום שיער יב,גורי ע.ע.ע בעמ,,,יח`,500,"מ""ל",false,1,28.90,5.78,false,1,
7290016967074,false,לחם חיטה מלאה עם גרעינים ודגנים,מאפיית שלמה א. אנג'\ל בע,,,יח`,750,גרם,false,1,15.90,2.12,false,1,
7290016967456,false,לחם צרפתי מחמצת 100% כוסמין 600 ג' אנג'ל,"מאפיית אנג'\ל בעמ, מקבוצ",,,יח`,600,גרם,false,1,16.90,2.82,false,1,
7290017023212,false,"שוויפס מוגז פירות תפוח מארז רביעייה* 330 מ""ל",יפאורה שותפות מוגבלת לשיווק,,,יח`,1.32,1 ליטר,false,1,13.90,9.62,false,1,
7290017023663,false,"שוופס מיץ פירות לימונייד פחית מארז 330X4מ""ל",יפאורה שותפות מוגבלת לשיווק,,,יח`,1.32,1 ליטר,false,1,13.90,9.62,false,1,
7290017023861,false,סודה בטעם לימון בקבוקים אישיים - מארז 4 יח',יפאורה שותפות מוגבלת לשיווק,,,יח`,1,1 ליטר,false,1,14.90,14.90,true,1,
7290017031705,false,"סנסודיין משחת שיניים קלין & פרש 75 מ""ל",גלקסוס סמית קליין,,,יח`,75,גרם,false,1,22.90,30.53,true,1,
7290017044019,false,מגבונים אסותא בדלי עיסא ערטול) (400,עיסא ערטול בעמ-סוכן הנקל סוד,,,יח`,1,,false,1,20.90,20.90,false,1,
7290017062686,false,מרכך כביסה מרוכז בייבי 1 ל`טאצ`.,סאסאטק אגשח בעמ,,,יח`,1,1 ליטר,false,1,11.90,11.90,false,1,
7290017062693,false,מרכך כביסה מרוכז לבן 1*5 ליטר טאצ,סאסאטק אגשח בעמ,,,יח`,1,1 ליטר,false,1,11.90,11.90,false,1,
7290017062716,false,מרכך כביסה מרוכז ורוד 1 ל`טאצ`.,סאסאטק אגשח בעמ,,,יח`,1,1 ליטר,false,1,11.90,11.90,false,1,
7290017062747,false,נוזל כלים תפוח (36% 750 מל)+משאבה טאצ,סאסאטק אגשח בעמ,,,יח`,750,"מ""ל",false,1,10.90,1.45,false,1,
7290017065007,false,פרוסות גבינה מוצרלה חצי קשה 22% שומן 200 ג' גד,מחלבות גד שיווק 1992 בעמ,,,יח`,200,גרם,false,1,18.90,9.45,false,1,
7290017065137,false,ריקוטה למריחה 5% טבעית 200 גר`מחלבות גד,מחלבות גד שיווק 1992 בעמ,,,יח`,200,גרם,false,1,10.90,5.45,false,1,
7290017065144,false,ריקוטה למריחה בתוספת בזיליקום 5% גד 200 גם,מחלבות גד שיווק 1992 בעמ,,,יח`,200,גרם,false,1,10.90,5.45,false,1,
7290017065168,false,גבינה כחולה denish blue cheese 100 גרם,מחלבות גד שיווק 1992 בעמ,,,יח`,100,גרם,false,1,17.90,17.90,false,1,
7290017065175,false,גבינת מנצ`גו פרוסה 150 גר`מחלבות גד,מחלבות גד שיווק 1992 בעמ,,,יח`,150,גרם,false,1,21.90,14.60,false,1,
7290017065212,false,גבינת קרם מסקרפונה מחלבות גד 250 גר,מחלבות גד שיווק 1992 בעמ,,,יח`,250,גרם,false,1,21.90,8.76,false,1,
7290017065236,false,גבינה בולגרית מעודנת 24% גד (250 גרם),מחלבות גד שיווק 1992 בעמ,,,יח`,250,גרם,false,1,24.90,9.96,false,1,
7290017065311,false,פרוסות גבינה מוצרלה מעושנת 200 ג',מחלבות גד שיווק 1992 בעמ,,,יח`,200,גרם,false,1,20.90,10.45,false,1,
7290017065380,false,גרנה פדנו שבבים 100 גר`מחלבות גד,מחלבות גד שיווק 1992 בעמ,,,יח`,100,גרם,false,1,15.90,15.90,false,1,
7290017065434,false,גבינה גאודה פרוסה הולנדית 200 גר',מחלבות גד שיווק 1992 בעמ,,,יח`,200,גרם,false,1,22.90,11.45,false,1,
7290017065526,false,קוואטרו פורמאג'י 4 גבינות מגוררות 26%,מחלבות גד שיווק 1992 בעמ,,,יח`,300,גרם,false,1,29.90,9.97,false,1,
7290017065588,false,יוגורט יווני 600 גר`מחלבות גד,מחלבות גד שיווק 1992 בעמ,,,יח`,600,גרם,false,1,17.90,2.98,false,1,
7290017065618,false,גבינת פקורינו פרוס גד 150 גרם,מחלבות גד שיווק 1992 בעמ,,,יח`,150,גרם,false,1,21.90,14.60,false,1,
7290017065663,false,גבינת פטה עיזים מעודנת 16% גד 200 גרם,מחלבות גד שיווק 1992 בעמ,,,יח`,250,גרם,false,1,31.90,12.76,false,1,
7290017065731,false,גבינת שמנת 30% ניו יורק +כמהין 200 גרם רבנות,מחלבות גד שיווק 1992 בעמ,,,יח`,200,גרם,false,1,13.90,6.95,false,1,
7290017065762,false,גבינת מאנורי 30% שומן 100 גר`מחלבות גד,מחלבות גד שיווק 1992 בעמ,,,יח`,100,גרם,false,1,12.90,12.90,false,1,
7290017065786,false,גבינה אנגלית קשה צ`דר 210 גר`גד,מחלבות גד שיווק 1992 בעמ,,,יח`,210,גרם,false,1,24.90,11.86,false,1,
7290017068374,false,שמרים יבשים בואקום מיה 500 גרם,מיה תעשיות מזון מ.ת.מ. בעמ,,,יח`,500,גרם,false,1,13.50,2.70,false,1,
7290017068848,false,סוכריות קישוט לעוגה צבעוני מיה 200 גרם,מיה תעשיות מזון מ.ת.מ. בעמ,,,יח`,200,גרם,false,1,10.90,5.45,false,1,
7290017068978,false,שיבולת שועל מלאה להכנה מהירה מיה 500 גרם,מיה תעשיות מזון מ.ת.מ. בעמ,,,יח`,500,גרם,false,1,10.90,2.18,true,1,
7290017068985,false,שיבולת שועל מלאה עבה 500 גר בזיפר מיה,מיה תעשיות מזון מ.ת.מ. בעמ,,,יח`,500,גרם,false,1,10.90,2.18,true,1,
7290017088051,false,בייביסיטר - חיתולי סטנדרט מידה 3 - 52 יח',די.פי.אל תעשיות מוצרים ח,,,יח`,1,,false,1,34.90,34.90,true,1,
7290017088068,false,בייביסיטר - חיתולי סטנדרט מידה 4 - 42 יח',די.פי.אל תעשיות מוצרים ח,,,יח`,1,,false,1,34.90,34.90,true,1,
7290017088099,false,בייביסיטר - חיתולי סטנדרט מידה 6 - 30 יח',די.פי.אל תעשיות מוצרים ח,,,יח`,1,,false,1,34.90,34.90,true,1,
7290017088327,false,רבעיית מגבונים בייביסיטר אקסטרא סופט ללא בישום 64 יחידות,די.פי.אל בעמ,,,יח`,1,,false,1,19.30,19.30,true,1,
7290017088815,false,בריז תחבושות לבריחת שתן נורמל 12 יח,שקד תבל בעמ,,,יח`,1,,false,1,19.90,19.90,false,1,
7290017088822,false,BREEZE תחבושות לבריחת שתן אקסטרה (10 יח'),שקד תבל בעמ,,,יח`,1,,false,1,19.90,19.90,false,1,
7290017088846,false,BREEZE תחבושות לבריחת שתן מקסי (8 יח'),שקד תבל בעמ,,,יח`,1,,false,1,19.90,19.90,false,1,
7290017088983,false,חיתולי בייביסיטר ניו בורן מידה 2 38 יחי',די.פי.אל תעשיות מוצרים ח,,,יח`,1,,false,1,27.90,27.90,false,1,
7290017105550,false,רביעיית רסק עגבניות 100% יכין 4X100 גרם,היינץ צפון אמריקה מק,,,יח`,400,גרם,false,1,12.90,3.23,false,1,
7290017105895,false,גרגרי חומוס להכנת חומוס משובח יכין 560 ג,זנלכל בעמ,,,יח`,550,גרם,false,1,10.90,1.98,true,1,
7290017106069,false,"קוביות סלק יכין, 550 גרם",היינץ צפון אמריקה מק,,,יח`,550,גרם,false,1,10.90,1.98,false,1,
7290017121086,false,"אריסה ביתית מתוקה עללחם, 250 גרם",שטראוס גרופ בעמ/מצונן,,,יח`,250,גרם,false,1,14.90,5.96,false,1,
7290017121093,false,"אריסה חריפה 250 גרם ""עללחם""",שטראוס גרופ בעמ/מצונן,,,יח`,250,גרם,false,1,14.90,5.96,false,1,
7290017142111,false,פתיתי טונה בשמן זית טו גו עץ הזית 85 גרם,"יוניקורד ח.צ בע""מ",,,יח`,85,גרם,false,1,10.90,12.82,false,1,
7290017142159,false,"שלישיית נתחי טונה בהירה בשמן זית 80 גרם ""עץ הזית""",הנסיך- מפעל לייצור ט,,,יח`,240,גרם,false,1,24.90,10.38,true,1,
7290017142340,false,שמן זרעי ענבים מזוכך 1 ליטר עץ הזית*,אף.ג'\יי.סנצ'\ז סוקחורס,,,יח`,1,1 ליטר,false,1,30.90,30.90,true,1,
7290017142388,false,שמן חמניות פלוס אומגה 3 עץ הזית 1 ליטר,סוגת תעשיות בעמ,,,יח`,1,1 ליטר,false,1,16.90,16.90,true,1,
7290017142395,false,"LUNCH TO GO פסטה עם טונה בשמן זית 160 גרם ""עץ הזית""",יוניקורד ח.צ בעמ,,,יח`,160,גרם,false,1,14.90,9.31,true,1,
7290017142487,false,"LUNCH TO GO בורגול עם חומוס טונה בשמן זית 160 גרם ""עץ הזית""",יוניקורד ח.צ בעמ,,,יח`,160,גרם,false,1,14.90,9.31,true,1,
7290017142500,false,תרסיס שמן זית כתית מעולה בטעם שום 150מל,קומטמפ קומפניה פורטו,,,יח`,150,"מ""ל",false,1,18.90,12.60,false,1,
7290017289168,false,"יין ישראלי אדום יבש אפרת 750 מ""ל",יקב טפרברג 1870 בעמ (יינות ומש,,,יח`,750,"מ""ל",false,1,23.90,3.15,true,1,
7290017289182,false,"יין ישראלי לבן חצי יבש אפרת 750 מ""ל",יקב טפרברג 1870 בעמ (יינות ומש,,,יח`,750,"מ""ל",false,1,23.90,3.15,true,1,
7290017289618,false,"יין IMPRESSION פטיט סירה 150 שנה טפרברג 750 מ""ל",יקב טפרברג 1870 בעמ (יינות ומש,,,יח`,750,"מ""ל",false,1,51.90,6.88,true,1,
7290017291123,false,שום ייבוא ליח,",חברת יוסף אופנהימר 1986 בעמ",,,יח`,1,,false,1,5,5,false,1,
7290017291338,false,שום סולו יחידה,איגל טרייטדינג שיווק חקלאי בעמ,,,יח`,1,,false,1,9.90,9.90,false,1,
7290017297149,false,גרגירי חומוס להכנת חומוס ביתי פרי הגליל 550 גרם,ויטה- פרי גליל (החדשה) בעמ,,,יח`,550,גרם,false,1,6.90,1.25,false,1,
7290017304885,false,לחם שיפון מחיטה מלאה ללא תוספת סוכר 750 ג' אנג'ל,מאפיית שלמה א. אנג'\ל בע,,,יח`,750,גרם,false,1,16.90,2.25,false,1,
7290017374390,false,סט שירותים טורינו,מ.א.ייצור ויבוא מטליות בעמ,,,יח`,1,,false,1,22.40,22.40,false,1,
7290017374925,false,מטאטא אמור AMOR + מק,מ.א.ייצור ויבוא מטליות בעמ,,,יח`,1,,false,1,20.90,20.90,false,1,
7290017457581,false,"סוד מרכך כביסה מרוכז קוקוס 900 מ""ל",גורי שיווק בעמ,,,יח`,900,"מ""ל",false,1,12.90,1.43,false,1,
7290017457727,false,"סוד כחול מרכך כביסה מרוכז20%+בישום 900 מ""ל",גורי שיווק בעמ,,,יח`,900,"מ""ל",false,1,12.90,1.43,false,1,
7290017477169,false,קשיו קלוי 250 גרם ששון הקולה,דין שיווק וקליה 2021 בעמ,,,יח`,250,גרם,false,1,20,8,false,1,
7290017477305,false,זרעי צ`יה 250 גר`שקדיה,דין שיווק וקליה 2021 בעמ,,,יח`,250,גרם,false,1,10.90,4.36,false,1,
7290017477367,false,מטבעות שוקולד לבן לאפייה 300 גר`שקדיה,דין שיווק וקליה 2021 בעמ,,,יח`,300,גרם,false,1,14.90,4.97,false,1,
7290017513409,false,תה ירוק SUPER GREEN 87 גרםבטעם אוכמניות ואסאי,תה ויסוצקי (ישראל) בעמ,,,יח`,1,,false,1,27.90,27.90,true,1,
7290017513775,false,פליפז בייגלה מצופה שוקולד חלב מקוויטיס 140 גרם,תה ויסוצקי (ישראל) בעמ,,,יח`,140,גרם,false,1,8.90,6.36,true,1,
7290017513782,false,פליפז בייגלה מצופה שוקולד מריר מקוויטיס 140 גרם,תה ויסוצקי (ישראל) בעמ,,,יח`,140,גרם,false,1,8.90,6.36,true,1,
7290017536521,false,מארז סופגניות ללא גלוטן רביעייה קפוא,דויטש,,,יח`,1,,false,1,19.90,19.90,false,1,
7290017599267,false,סוכרלוז 120 שקיות ממתיק שולחני,שטראוס גרופ בע`מ,,,יח`,120,גרם,false,1,25.90,21.58,false,1,
7290017616100,false,פולי סויה אדממה 1 קילו,נ.ת.נ.ג.ב החזקות יעוץ וניהול ב,,,יח`,1000,גרם,false,1,15.90,1.59,false,1,
7290017617046,false,נתחי טונה בשמן זית כתית מעולה רביעיה * 140 ג',דיפלומט מפיצים (1968) בעמ**,,,יח`,560,גרם,false,1,27.90,4.98,true,1,
7290017617084,false,סטארקיסט מיקס טוגו טונה עם שעועית 185 גרם,דיפלומט מפיצים (1968) בעמ**,,,יח`,185,גרם,false,1,13.90,7.51,false,1,
7290017617107,false,סטארקיסט מיקס טוגו טונה עם 4 דגנים 185 גרם,דיפלומט מפיצים (1968) בעמ**,,,יח`,185,גרם,false,1,13.90,7.51,false,1,
7290017617282,false,נתחי טונה בהירה בשמן צמחי - מארז 4 יח',סטארקיסט דיפלומט היינץ,,,יח`,140,גרם,false,1,22.90,16.36,true,1,
7290017647425,false,"יין גמלא קברנה סוביניון שנת 2018 750 מ""ל",היכל היין שקד גולן בעמ,,,יח`,750,"מ""ל",false,1,69.90,9.28,true,1,
7290017647708,false,"רמת הגולן גמלא גוורצטרמינר, 750 מ""ל י יקב רמת הגולן",מיוצר וממולא על ידי יקב,,,יח`,750,"מ""ל",false,1,65.90,8.75,true,1,
7290017647722,false,"רמת הגולן גמלא בלאנקו, 750 מ""ל י יקב רמת הגולן",היכל היין שקד גולן בעמ,,,יח`,750,"מ""ל",false,1,65.90,8.75,true,1,
7290017677804,false,"רוטב סויה קיקומן ללא חומרים משמרים 444 מ""ל",דיפלומט מפיצים (1968) בעמ**,,,יח`,444,"מ""ל",false,1,32.90,7.41,true,1,
7290017677811,false,"רוטב סויה קיקומן ללא חומרים משמרים 296 מ""ל",דיפלומט מפיצים (1968) בעמ**,,,יח`,296,"מ""ל",false,1,12.90,4.36,false,1,
7290017682648,false,מגב חד להב עם תוספן+מקל (40 סמ)pvc on,מ.א.ייצור ויבוא מטליות בעמ,,,יח`,1,,false,1,19.90,19.90,false,1,
7290017724232,false,עוגיות שומשומיות 200 גר`,הלל בן הלל שיווק ומסחר בעמ,,,יח`,200,גרם,false,1,22.90,11.45,false,1,
7290017724294,false,עוגיות גרנולה צ`יפס חמוציות ללס 200 גר`,אקלר בעמ,,,יח`,200,גרם,false,1,20.90,10.45,false,1,
7290017812571,false,מיץ ענבים תירוש אדום 100% טבעי כרמל 1 ליטר,אגודת הכורמים -כרמל מזרחי,,,יח`,1,1 ליטר,false,1,21.20,21.20,false,1,
7290017812588,false,מיץ ענבים תירוש לבן 100% טבעי כרמל 1 ליטר,אגודת הכורמים -כרמל מזרחי,,,יח`,1,1 ליטר,false,1,20.90,20.90,false,1,
7290017812618,false,מיץ ענבים תירוש אדום רוזה כרמל 1 ליטר,אגודת הכורמים -כרמל מזרחי,,,יח`,1,1 ליטר,false,1,20.90,20.90,false,1,
7290017812663,false,"תירוש לבן מיץ ענבים מבעבע כרמל 750 מ""ל",ג'\קובז'\י איי.אי פיגלי,,,יח`,750,"מ""ל",false,1,20.90,2.75,false,1,
7290017812847,false,"יין פרנץ גוורצטרמינר סלקטד כרמל 750 מ""ל",אגודת הכורמים -כרמל מזרחי,,,יח`,750,"מ""ל",false,1,30.90,4.08,true,1,
7290017812885,false,"יין P.C סוביניון בלאן גוורצטרמינר כרמל 750 מ""ל",אגודת הכורמים א.ת אל,,,יח`,750,"מ""ל",false,1,41.90,5.55,true,1,
7290017812977,false,"יין קריניאנו סלקטדאננס באז כרמל 750 מ""ל",אגודת הכורמים -כרמל מזרחי,,,יח`,750,"מ""ל",false,1,28.90,3.81,true,1,
7290017871363,false,פמילי יהלום- פמלי סבון ידיים מועשר בשמן מקדמיה לניקוי וטיפוח עור הידיים,המאפיה של הרמן,,,יח`,500,"מ""ל",false,1,10.90,2.18,false,1,
7290017871370,false,פמילי יהלום- סבון ידיים מועשר בשמן אבוקדו לניקוי וטיפוח עור הידיים,המאפיה של הרמן,,,יח`,500,"מ""ל",false,1,10.90,2.18,false,1,
7290017871998,false,פודינג אינסטנט בטעם וניל 30 גר` טוסו,אשבל מזון פונקציונלי בע\,,,יח`,30,גרם,false,1,11.90,39.67,false,1,
7290017872056,false,פמלי אל סבון 3*1 הסדרה הלבנה-מעורב 500 גרם*3,אברנסל קוסמטיקס,,,יח`,1.50,1 ליטר,false,1,16.90,11.27,false,1,
7290017872063,false,אל סבון ארומתרפי מארז שלישייה 500 מל פמ,אברנסל קוסמטיקס,,,יח`,1.50,1 ליטר,false,1,16.90,11.27,false,1,
7290017872179,false,טוסו - עוגיות טחינה ללא סוכר 200 גרם,"הגביע מוצרי וופלים בע""\מ",,,יח`,200,גרם,false,1,20.30,10.15,false,1,
7290017872872,false,בייביביס חטיפי דגנים אפויים לתינוקות בטעם גזר וסלק,טאטא גלובל בוורג'ס,,,יח`,40,גרם,false,1,14.90,37.25,true,1,
7290017888026,false,"משקה אננס תפוח גזר פרות & ווג 350 מ""ל",יפאורה שותפות מוגבלת לשיווק,,,יח`,350,"מ""ל",false,1,7.90,2.17,true,1,
7290017888033,false,"משקה בננה מלון נענע פרות &ווג 350 מ""ל",יפאורה שותפות מוגבלת לשיווק,,,יח`,350,"מ""ל",false,1,7.90,2.17,true,1,
7290017888095,false,"רביעיית פחיות שוופס מוגז עדין פירות יער 330 מ""ל.",יפאורה שותפות מוגבלת לשיווק,,,יח`,1320,"מ""ל",false,1,13.90,0.96,false,1,
7290017888101,false,"שוויפס מוגז עדין אפרסק מארז רביעייה* 330 מ""ל",יפאורה שותפות מוגבלת לשיווק,,,יח`,1320,1 ליטר,false,1,13.90,0.01,false,1,
7290017888729,false,שוופס סודה בקבוק 1 ל',יפאורה שותפות מוגבלת לשיווק,,,יח`,1,1 ליטר,false,1,4.90,4.90,true,1,
7290017888972,false,בקבוק מי עדן פקק ספורט 1 ליטר,יפאורה שותפות מוגבלת לשיווק,,,יח`,1,1 ליטר,false,1,3.90,3.90,true,1,
7290017913131,false,אסותא מרכך כביסה 4 ליטר(כביסה שחורה),עיסא ערטול בעמ,,,יח`,4000,"מ""ל",false,1,15.90,0.40,false,1,
7290017917283,false,מגבונים מילוי קמיל בלו ללא בישום רביעייה,"פישר תעשיות פרמצביטות בע""מ",,,יח`,1,,false,1,20.90,20.90,true,1,
7290017928036,false,מקלות גריסיני שומשום מאיר בייגל 175 גרם,מאיר את בייגל,,,יח`,175,גרם,false,1,12.90,7.37,true,1,
7290017928098,false,בייגלה שטוח מלח 330 גר` מאיר בייגל,מאיר את בייגל,,,יח`,330,גרם,false,1,12.90,3.91,false,1,
7290017928210,false,בייגלה גדול שומשום מאיר בייגל 250 גרם,מאיר את בייגל,,,יח`,300,גרם,false,1,12.90,4.30,true,1,
7290017928609,false,בייגלה טבעות שומשום מאיר בייגל 300 גרם,מאיר את בייגל,,,יח`,300,גרם,false,1,12.90,4.30,true,1,
7290017928616,false,בייגלה שטוחלה שומשום 300 גר` מאיר בייגל,מאיר את בייגל,,,יח`,300,גרם,false,1,12.90,4.30,false,1,
7290017928661,false,מאיר בייגל -סמאש-שבורים בטעם צ'דר 300 גרם,"דנשר (1963) בע,מ",,,יח`,300,גרם,false,1,13.90,4.63,true,1,
7290017928821,false,מקלות גריסיני קלאסי מאיר בייגל 200 גרם,מאיר את בייגל,,,יח`,200,גרם,false,1,12.90,6.45,true,1,
7290017946368,false,שלישיית כדוריות סבון לאסלה אוקיינוס סוד 50 גרם,גורי שיווק בעמ,,,יח`,1,,false,1,17.90,17.90,true,1,
7290017947105,false,לחם אנג'ל בסגנון אמריקה 500 גרם,מאפיית שלמה א. אנג'\ל בע,,,יח`,500,גרם,false,1,14.90,2.98,false,1,
7290017947457,false,חלה קלועה כוסמין אנג'ל ארוזה 500 גרם,מאפיית שלמה א.אנג'ל,,,יח`,500,גרם,false,1,16.90,3.38,false,1,
7290017947464,false,שמיניית פיתות כוסמין אנג'ל 8*50 גרם,מאפיית שלמה א.אנג'\ל בע\,,,יח`,1,,false,1,16.90,16.90,false,1,
7290017947471,false,לחם מחמצת שיפון( 600 גר`)אנג`ל,שלמה א. אנג`ל בעמ,,,יח`,600,גרם,false,1,16.30,2.72,false,1,
7290017947495,false,לחמניות כוסמין 6 יח(450 גר`)אנג`ל,מאפיית שלמה א.אנג'\ל,,,יח`,450,גרם,false,1,14.90,3.31,false,1,
7290017947891,false,לחם אנג'ל כוסמין וחיטה מלאה 750 גרם,מאפיית שלמה א. אנג'\ל בע,,,יח`,750,גרם,false,1,16.90,2.25,false,1,
7290017947921,false,לחמניות המבורגר בסגנון אמריקאי מארז 6 יח',מאפיית שלמה א. אנג'\ל בע,,,יח`,450,גרם,false,1,14.90,3.31,false,1,
7290017947938,false,מיני לחמניות המבורגר בסגנון אמריקה 400 ג' אנג'ל,מאפיית שלמה א. אנג'\ל בע,,,יח`,400,גרם,false,1,14.90,3.73,false,1,
7290018011737,false,גלידת אייס קפה בננה,תמרה ארטיק בעמ,,,יח`,475,גרם,false,1,34.90,7.35,false,1,
7290018011935,false,גלידת יוגורט בתוספת דובדבני אמרה,תמרה ארטיק בעמ,,,יח`,475,גרם,false,1,34.90,7.35,false,1,
7290018131954,false,מאגדת לה פרוטה תות שוקולד נסטלה 350 גרם,נגה גלידות שותפות מוגבלת,,,יח`,350,גרם,false,1,28.90,8.26,false,1,
7290018132388,false,"מטרנה גולד בד""ץ שלב 2 700 גרם",קבוצת אוסם סחר שותפות מוגבלת,,,יח`,700,גרם,false,1,74.90,10.70,true,1,
7290018132425,false,מטרנה גולד בדץ שלב 3 700 גרם,קבוצת אוסם סחר שותפות מוגבלת,,,יח`,700,גרם,false,1,74.90,10.70,true,1,
7290018156124,false,"אל סבון קמיל צבעוני ד""ר פישר שלישיה* 500 מ""ל","פישר תעשיות פרמצביטות בע""מ",,,יח`,1500,"מ""ל",false,1,20.90,1.39,false,1,
7290018192658,false,מארז זוג פטריות פורטובלה ושמפיניון מרינה,קונס`-מרינה פטריות הגליל בעמ*ש,,,יח`,500,גרם,false,1,15.90,3.18,false,1,
7290018198148,false,"תפוגן קריספי צ'יפס קלאסי 1.25 ק""ג",קבוצת אוסם סחר-שות.מוגבלת,,,יח`,1.25,"ק""ג",false,1,28.90,23.12,false,1,
7290018198209,false,צ'יפס בטטה קראנצ'י תפוגן 500 גרם,קבוצת אוסם סחר שותפות מוגבלת,,,יח`,500,גרם,false,1,22.90,4.58,false,1,
7290018198254,false,"תפוגן קריספי צ'יפס פוטטוס 1.25 ק""ג",קבוצת אוסם סחר שותפות מוגבלת,,,יח`,1.25,"ק""ג",false,1,28.90,23.12,false,1,
7290018198384,false,תפוגן צ'יפס קריספי פרוסות לתנור אסם 1.25 קג,קבוצת אוסם סחר-שות.מוגבלת,,,יח`,1.50,"ק""ג",false,1,28.90,19.27,false,1,
7290018213094,false,מטאטא טוליפ,מ.א.ייצור ויבוא מטליות בעמ,,,יח`,1,,false,1,17.90,17.90,false,1,
7290018236635,false,צ'ונגו-פופקורן מצופה עוף טוב 600 גרם,קבוצת אוסם סחר שותפות מוגבלת,,,יח`,600,גרם,false,1,33.90,5.65,true,1,
7290018237922,false,שניצלונים ציפוי צ'יפס עוף טוב 700 גרם,קבוצת אוסם סחר שותפות מוגבלת,,,יח`,700,גרם,false,1,13.90,1.99,false,1,
7290018237939,false,שניצלונים ציפוי שומשום עוף טוב 700 גרם,קבוצת אוסם סחר שותפות מוגבלת,,,יח`,700,גרם,false,1,13.90,1.99,false,1,
7290018249994,false,סוויטאנגו תחליף סוכר ממתיק 700 גר',י.איטליאנו אחזקות בעמ,,,יח`,700,גרם,false,1,56.90,8.13,false,1,
7290018282731,false,אל סבון מרובעים שלישה סוגים שונים500 מל,פארמה דיל (פ.א.ב.) שיווק והפצה,,,יח`,500,"מ""ל",false,1,9.90,1.98,false,1,
7290018285145,false,קוסקוס איטלקי דר שקשוקה 500 גרם,ציון תורג`מן בעמ,,,יח`,500,גרם,false,1,10.90,2.18,false,1,
7290018294192,false,"יין בלנד היינן אדום יבש 750 מ""ל p.c",אגודת הכורמים -כרמל מזרחי,,,יח`,750,"מ""ל",false,1,41.90,5.55,true,1,
7290018294901,false,"יין מונלייט אדום יבש 750 מ""ל כרמל",יקבי כרמל Carmel Winery,,,יח`,750,"מ""ל",false,1,35.90,4.75,true,1,
7290018333624,false,גרנולפלקס קשיו פירות יבשים500ג כשלפ בית יוסף,כרמית תעשיות ממתקים בעמ,,,יח`,500,גרם,false,1,20.90,4.18,false,1,
7290018333631,false,גרנולפלקס חלבה ושקדים 500ג כשלפ בית יוסף,כרמית תעשיות ממתקים בעמ,,,יח`,500,גרם,false,1,20.90,4.18,false,1,
7290018344125,false,חטיף חלבון אגוזי לוז קקאו טבע ירוק 50 גר,אבאל יזמות בעמ,,,יח`,50,גרם,false,1,10.90,21.80,false,1,
7290018344156,false,חטיף חלווה משומשום מלא בתוספת שקדים ללא,"ממתקי השלום בעולם בע""\מ\",,,יח`,70,גרם,false,1,8.90,12.71,false,1,
7290018344194,false,חטיף חלווה משומשום מלא בתוספת נגיעות דבש 70 ג',אבאל יזמות בעמ,,,יח`,70,גרם,false,1,8.90,12.71,false,1,
7290018344736,false,"טבע ירוק עוגיות כוסמין שוקולד לל""ס 200 ג",אבאל יזמות בעמ,,,יח`,200,גרם,false,1,25.90,12.95,false,1,
7290018344767,false,עוגיות כוסמין אנרג`חמוציות שקדים ללא סו,אבאל יזמות בעמ,,,יח`,200,גרם,false,1,25.90,12.95,false,1,
7290018359129,false,פולפה עגבניות חתוכות מקולפות דק יכין 690 גרם,אמיליאנה קונסרב,,,יח`,690,גרם,false,1,11.90,1.72,true,1,
7290018359358,false,שלישית רוטב עגבניות מרוכז מאודפריכוז יכין 200 גרם,זנלכל בעמ,,,יח`,600,גרם,false,1,13.90,2.32,false,1,
7290018359495,false,תירס מהשדה בלי תוספת סוכר יכין 550 גרם,היינץ צפון אמריקה מק,,,יח`,550,גרם,false,1,10.90,1.98,false,1,
7290018359556,false,תירס מהשדה בלי תוספת סוכר יכין 400 גרם,זנלכל בעמ,,,יח`,400,גרם,false,1,7.90,1.98,false,1,
7290018440193,false,פליפז בייגלה בציפוי קרם בטעם חמאת בוטנים מקוויטיס 140 גרם,תה ויסוצקי (ישראל) בעמ,,,יח`,140,גרם,false,1,8.90,6.36,true,1,
7290018440209,false,פליפז בייגלה בציפוי פאדג' לבן מקוויטיס 140 גרם,תה ויסוצקי (ישראל) בעמ,,,יח`,140,גרם,false,1,8.90,6.36,true,1,
7290018440223,false,תה צ'אי מסאלה 25 שקיקים ויסוצקי,תה ויסוצקי (ישראל) בעמ,,,יח`,1,,false,1,20.90,20.90,true,1,
7290018440230,false,תה צ'אי ורדים 25 שקיקים ויסוצקי,תה ויסוצקי (ישראל) בעמ,,,יח`,1,,false,1,20.90,20.90,true,1,
7290018440438,false,Calvo טונה בשמן זית פתיחה קלה 3 * 65 גרם,תה ויסוצקי (ישראל) בעמ,,,יח`,195,גרם,false,1,26.90,13.79,true,1,
7290018440445,false,טונה קאלוו בשמן זית 160 גר,תה ויסוצקי (ישראל) בעמ,,,יח`,160,גרם,false,1,17.90,11.19,true,1,
7290018440476,false,פליפז בייגלה מצופה בקרם עוגת גבינה ותותים מקוויטיס 140 גרם,תה ויסוצקי (ישראל) בעמ,,,יח`,140,גרם,false,1,8.90,6.36,true,1,
7290018440483,false,פליפז בייגלה מצופה בקרמל מלוח ושוקולד מקוויטיס 140 גרם,תה ויסוצקי (ישראל) בעמ,,,יח`,140,גרם,false,1,8.90,6.36,true,1,
7290018440490,false,סלט טונה קאלוו עם קוסקוס 150 גר,תה ויסוצקי (ישראל) בעמ,,,יח`,150,גרם,false,1,15.90,10.60,true,1,
7290018440513,false,סלט קליפורנייה קאלוו עם טונה 150 גר,תה ויסוצקי (ישראל) בעמ,,,יח`,150,גרם,false,1,15.90,10.60,true,1,
7290018468425,false,נקניק טבעוני בטעם פיקנטי 100 גרם טירת צבי,תנובה מרכז שיתופי לשיווק תוצרת,,,יח`,100,גרם,false,1,18.90,18.90,false,1,
7290018471456,false,קרטונית ספרינג שייק אננס מנגו פסיפלורה 1 ליטר,יפאורה שותפות מוגבלת לשיווק,,,יח`,1,1 ליטר,false,1,12.90,12.90,true,1,
7290018471487,false,תפוזינה נקטר תפוז אננס קרטונית 1 ליטר,יפאורה שותפות מוגבלת לשיווק,,,יח`,1000,"מ""ל",false,1,7.30,0.73,false,1,
7290018471494,false,תפוזינה משקה תפוז גזר קרטונית 1 ליטר,יפאורה שותפות מוגבלת לשיווק,,,יח`,1000,"מ""ל",false,1,7.30,0.73,false,1,
7290018471616,false,שוופס אינדיאן טוניק 1 ליטר,יפאורה שותפות מוגבלת לשיווק,,,יח`,1,1 ליטר,false,1,9.50,9.50,true,1,
7290018471623,false,שוופס טוניק אשכוליות ליצ`י 1 ליטר,יפאורה שותפות מוגבלת לשיווק,,,יח`,1,1 ליטר,false,1,9.50,9.50,true,1,
7290018471692,false,ספרינג שייק בננה אננס קוקוס פירות יער קרטונית 1 ליטר,יפאורה - שותפות מוגבלת לשיווק,,,יח`,1,1 ליטר,false,1,12.90,12.90,true,1,
7290018471906,false,שוופס מוגז פירות לימונדה ורודה 1.5 ליטר פיקדון,יפאורה - שותפות מוגבלת לשיווק,,,יח`,1.50,1 ליטר,false,1,9.50,6.13,true,1,
7290018471913,false,משקה מוגז פירות תפוחים שוופס 1.5 ליטר,יפאורה - שותפות מוגבלת לשיווק,,,יח`,1.50,1 ליטר,false,1,9.50,6.13,true,1,
7290018471920,false,שוופס מוגז פירות ענבים 1.5 ליטר פיקדון,יפאורה - שותפות מוגבלת לשיווק,,,יח`,1.50,1 ליטר,false,1,9.50,6.13,true,1,
7290018471944,false,שוופס מוגז פירות לימונייד 1.5 ליטר פיקדון,יפאורה - שותפות מוגבלת לשיווק,,,יח`,1.50,1 ליטר,false,1,9.50,6.13,true,1,
7290018471951,false,שוופס מוגז פירות אשכולית אדומה 1.5 ליטר פיקדון,יפאורה - שותפות מוגבלת לשיווק,,,יח`,1.50,1 ליטר,false,1,9.50,6.13,true,1,
7290018493878,false,"ד""ר פישר - סרקל שמפו 750 מ""ל",פישר תעשיות פרמצבטיות בעמ,,,יח`,750,"מ""ל",false,1,20.90,2.79,false,1,
7290018493915,false,"ד""ר פישר - שמן גוף לתינוק מעושר בשמן שקדים 200 מ""ל",פישר תעשיות פרמצבטיות בעמ,,,יח`,200,"מ""ל",false,1,18.90,9.45,true,1,
7290018515020,false,חלבון סויה מיובש בצורת כנפי עוף 300 גרם,טחנת האבן קואופ בעמ,,,יח`,300,גרם,false,1,15.90,5.30,false,1,
7290018540459,false,לחמניות המבורגר כוסמין 6 יח`300 גרם אנג,מאפיית שלמה א.אנג'\ל בע\,,,יח`,300,גרם,false,1,14.90,4.97,false,1,
7290018540817,false,ארטיזנל לחם מחמצת כוסמין אנג'ל 500 גרם,שלמה א. אנג`ל בעמ,,,יח`,500,גרם,false,1,18.90,3.78,false,1,
7290018540831,false,ארטיזנל לחם מחמצת חיטה מלאה ודגנים אנג'ל 500 גרם,שלמה א. אנג`ל בעמ,,,יח`,500,גרם,false,1,17.90,3.58,false,1,
7290018571064,false,מקלוני טופי 450 גרם כשלפ,מיה תעשיות מזון מ.ת.מ. בעמ,,,יח`,450,גרם,false,1,16.90,3.76,false,1,
7290018571088,false,טופי חמוצמוץ 600 גרם כשלפ,מיה תעשיות מזון מ.ת.מ. בעמ,,,יח`,600,גרם,false,1,16.90,2.82,false,1,
7290018571101,false,אגוזי מלך בנספק ( 200 גר`) מיה,מיה תעשיות מזון מ.ת.מ. בעמ,,,יח`,200,גרם,false,1,20.90,10.45,true,1,
7290018571118,false,שקדים טבעי בנספק ( 200 גר`) מיה,מיה תעשיות מזון מ.ת.מ. בעמ,,,יח`,200,גרם,false,1,20.90,10.45,true,1,
7290018571125,false,אגוזי פקאן בנפסק( 200 גר`)מיה,מיה תעשיות מזון מ.ת.מ. בעמ,,,יח`,200,גרם,false,1,25.90,12.95,false,1,
7290018571132,false,פקאן סיני בנפסק (200 גר)מיה,מיה תעשיות מזון מ.ת.מ. בעמ,,,יח`,200,גרם,false,1,25.90,12.95,false,1,
7290018571149,false,שקד מולבן פרוס בנספק ( 200 גר`) מיה,מיה תעשיות מזון מ.ת.מ. בעמ,,,יח`,200,גרם,false,1,20.90,10.45,true,1,
7290018571156,false,שקד מולבן שבבים בנספק ( 200 גר`) מיה,מיה תעשיות מזון מ.ת.מ. בעמ,,,יח`,200,גרם,false,1,20.90,10.45,true,1,
7290018571286,false,פיסטוקים קלויים 200גרם בנספאק,מיה תעשיות מזון מ.ת.מ. בעמ,,,יח`,200,גרם,false,1,15.90,7.95,false,1,
7290018571293,false,קשיו קלוי בנספאק מיה 200 גרם,מיה תעשיות מזון מ.ת.מ. בעמ,,,יח`,200,גרם,false,1,15.90,7.95,false,1,
7290018571699,false,"קמח שקדים 250 גרם כשל""פ עד""ח",מיה תעשיות מזון מ.ת.מ. בעמ,,,יח`,250,גרם,false,1,25.90,10.36,false,1,
7290018571705,false,"אורז יסמין 1 ק""ג מיה.",מיה תעשיות מזון מ.ת.מ. בעמ,,,יח`,1,"ק""ג",false,1,11.90,11.90,true,1,
7290018571712,false,"אורז בסגנון פרסי 1 ק""ג",מיה תעשיות מזון מ.ת.מ. בעמ,,,יח`,1,"ק""ג",false,1,10.90,10.90,true,1,
7290018571729,false,"אורז ריזוטו עגול 1 ק""ג מיה.",מיה תעשיות מזון מ.ת.מ. בעמ,,,יח`,1,"ק""ג",false,1,9.90,9.90,false,1,
7290018652909,false,מאגדת מאגנום קפה שוקולד ופקאן 5 *43 ג' נסטלה,נגה גלידות שותפות מוגבלת,,,יח`,225,גרם,false,1,30.50,13.56,false,1,
7290018652923,false,פרוייקט סער-תות עוגת גבינה נסטלה 5*43 גרם,נגה גלידות שותפות מוגבלת,,,יח`,225,גרם,false,1,30.50,13.56,false,1,
7290018703182,false,פראוד חטיף חלבון שוקולד בוטנים קרמל 29 ג,דיפלומט היינץ,,,יח`,29,גרם,false,1,9.90,34.14,false,1,
7290018777268,false,חטיף חלבון בננה קקאו טבע ירוק 50 גרם,"ממתקי השלום בעולם בע""\מ\",,,יח`,50,גרם,false,1,10.90,21.80,false,1,
7290018792841,false,אבקת קקאו טבעי 150 גר` גאנה,תה ויסוצקי (ישראל) בעמ,,,יח`,150,גרם,false,1,11.90,7.93,true,1,
7290018825020,false,תפוא לבן לאפייה דוד משה גורמה,תוצרת הנגב אגודה שיתופית חקלאי,,,"ק""ג",1,,true,1,5.90,5.90,false,1,
7290018825228,false,תפוא אדום לטיגון דוד משה גורמה,תוצרת הנגב אגודה שיתופית חקלאי,,,"ק""ג",1,,true,1,5.90,5.90,false,1,
7290018825419,false,תפוח אדמה קטן אדום ברשת,תוצרת הנגב אגודה שיתופית חקלאי,,,"ק""ג",1,,true,1,3.90,3.90,false,1,
7290018825617,false,תפוא אפיה לבן,תוצרת הנגב אגודה שיתופית חקלאי,,,"ק""ג",1,,true,1,3.90,3.90,false,1,
7290018835005,false,אקסטרה צ'יפס אורז חום מלא מלח פלפל שמן זית 60 גרם,א.ל.ייצור ושיווק תבלינים בעמ,,,יח`,60,גרם,false,1,7.50,12.50,true,1,
7290018893005,false,"חטיפי בייגלה אפוי בטעם חרדל ודבש, 160 גרם",ש.שסטוביץ בעמ,,,יח`,160,גרם,false,1,7.90,4.94,false,1,
7290018893098,false,צ'וקטה עוגויות ביסקוויט מצופה שוקולד חלב 100 גרם,דיסטרופר אוליבייר,,,יח`,100,גרם,false,1,8.90,8.90,true,1,
7290018893456,false,צ'וקטה עוגות אישיות במילוי קרם ובציפוי בטעם שוקולד 300 גרם,"פרדי קונדיטוריה אס,פי.אי",,,יח`,300,גרם,false,1,13.90,4.63,true,1,
7290018893494,false,עלי וופל דקים בטעם חמאה ציוקטה 100 גר,דיסטרופר אוליבייר,,,יח`,100,גרם,false,1,10.90,10.90,true,1,
7290018893753,false,עלי וופל חמאה בטעם לימון 100 גר` צוקטה,ש.שסטוביץ בעמ,,,יח`,100,גרם,false,1,10.90,10.90,true,1,
7290018893876,false,עוגות אישיות רכות עם מילוי קרם בטעם וניל,פרדי קונדיטוריה אס.פ,,,יח`,200,גרם,false,1,13.90,6.95,false,1,
7290018894019,false,עוגות אישיות במילוי קרם חלבי ובציפוי קרם קקאו,ש. שסטוביץ בע`מ,,,יח`,350,גרם,false,1,15.90,4.54,true,1,
7290018894408,false,קוביות וופל במילוי קרם אגוזי לוז - חלבי,ש. שסטוביץ בע`מ,,,יח`,250,גרם,false,1,13.90,5.56,true,1,
7290018894606,false,בלקוני וופל קקאו 175 גרם חלבי OU,ש. שסטוביץ בע`מ,,,יח`,175,גרם,false,1,9.50,5.43,true,1,
7290018894804,false,וופלים במילוי קרם אגוזי לוז - חלבי,ש. שסטוביץ בע`מ,,,יח`,175,גרם,false,1,9.50,5.43,true,1,
7290018921609,false,"ד""ר פישר - קמיל בלו קרם החתלה קלנדולה 120 גרם","פישר תעשיות פרמצבטיות בע""מ",,,יח`,120,גרם,false,1,22.90,19.08,false,1,
7290018921852,false,"תחליב רחצה מועשר בשמן ארגן 700 מ""ל אפקטיב קר","פישר תעשיות פרמצבטיות בע""מ",,,יח`,700,"מ""ל",false,1,17.90,2.56,true,1,
7290018925065,false,מיץ תפוזים סחוט פרימור (2 ליטר),שטראוס גרופ בעמ/מצונן,,,יח`,2,1 ליטר,false,1,27.90,13.80,false,1,
7290018925416,false,פרימור סחוט לימון ופסיפלורה 400 מל,שטראוס גרופ בעמ/מצונן,,,יח`,400,"מ""ל",false,1,7.90,1.90,false,1,
7290018989081,false,יכין חומוס הבית להכנת חומוס טרי 410 גי,זנלכל בעמ,,,יח`,410,גרם,false,1,8.90,2.17,false,1,
7290019056027,false,שוופס מוגז פירות תפוחים ללא סוכר 1.5 ליטר פיקדון,יפאורה - שותפות מוגבלת לשיווק,,,יח`,1.50,1 ליטר,false,1,9.50,6.13,true,1,
7290019056041,false,שוופס מוגז פירות לימונייד ללא סוכר 1.5 ליטר פיקדון,יפאורה - שותפות מוגבלת לשיווק,,,יח`,1.50,1 ליטר,false,1,9.50,6.13,true,1,
7290019056058,false,שוופס מוגז עדין תפוח ליים 1.5 ליטר פיקדון,יפאורה - שותפות מוגבלת לשיווק,,,יח`,1.50,1 ליטר,false,1,9.50,6.13,true,1,
7290019056065,false,שוופס מוגז עדין פירות יער 1.5 ליטר פיקדון,יפאורה - שותפות מוגבלת לשיווק,,,יח`,1.50,1 ליטר,false,1,9.50,6.13,true,1,
7290019056072,false,שוופס מוגז עדין אננס 1.5 ליטר פיקדון,יפאורה - שותפות מוגבלת לשיווק,,,יח`,1.50,1 ליטר,false,1,9.50,6.13,true,1,
7290019056089,false,שוופס מוגז עדין ענבי ריזלינג 1.5 ליטר פיקדון,יפאורה - שותפות מוגבלת לשיווק,,,יח`,1.50,1 ליטר,false,1,9.50,6.13,true,1,
7290019056096,false,שוופס מוגז עדין אפרסק 1.5 ליטר פיקדון,יפאורה - שותפות מוגבלת לשיווק,,,יח`,1.50,1 ליטר,false,1,9.50,6.13,true,1,
7290019056119,false,שוופס סודה 1.5 ליטר פיקדון,יפאורה שותפות מוגבלת לשיווק,,,יח`,1.50,1 ליטר,false,1,3.90,2.40,true,1,
7290019056133,false,שוופס סודה נענע ליים 1.5 ליטר בק' בודד,יפאורה שותפות מוגבלת לשיווק,,,יח`,1.50,1 ליטר,false,1,3.90,2.40,true,1,
7290019056164,false,שוופס סודה 1.5 ליטר רביעייה פיקדון,יפאורה - שותפות מוגבלת לשיווק,,,יח`,6,1 ליטר,false,1,12.20,1.83,false,1,
7290019056188,false,שוופס סודה נענע ליים 1.5 ליטר רביעייה פיקדון,יפאורה - שותפות מוגבלת לשיווק,,,יח`,6,1 ליטר,false,1,12.20,1.83,false,1,
7290019056232,false,משקה מוגז בטעם ליים מוחיטו 1.5 ל' שוופס,יפאורה - שותפות מוגבלת לשיווק,,,יח`,1.50,1 ליטר,false,1,9.50,6.13,true,1,
7290019056249,false,שוופס מים בטעמים ענבים 1.5 ליטר פיקדון,יפאורה - שותפות מוגבלת לשיווק,,,יח`,1.50,1 ליטר,false,1,9.50,6.13,true,1,
7290019056270,false,שוופס מים בטעמים פירות יער 1.5 ליטר פיקדון,יפאורה - שותפות מוגבלת לשיווק,,,יח`,1.50,1 ליטר,false,1,9.50,6.13,true,1,
7290019056294,false,שוופס ג`ינג`ר אייל 1.5 ליטר פיקדון,יפאורה - שותפות מוגבלת לשיווק,,,יח`,1.50,1 ליטר,false,1,12.90,8.40,false,1,
7290019056300,false,משקה בטעם ביטר לימון 1.5 ל' שוויפס,יפאורה - שותפות מוגבלת לשיווק,,,יח`,1.50,1 ליטר,false,1,12.90,8.40,false,1,
7290019056317,false,שוופס ראשן 1.5 ליטר פיקדון,יפאורה - שותפות מוגבלת לשיווק,,,יח`,1500,"מ""ל",false,1,12.90,0.84,false,1,
7290019056324,false,שוופס טוניק 1.5 ליטר פיקדון,יפאורה - שותפות מוגבלת לשיווק,,,יח`,1.50,1 ליטר,false,1,12.90,8.40,false,1,
7290019056331,false,שוופס טוניק ללא סוכר 1.5 ליטר פיקדון,יפאורה - שותפות מוגבלת לשיווק,,,יח`,1.50,"מ""ל",false,1,12.90,840,false,1,
7290019056355,false,תפוזינה לימונדה מיקס לימונענע 1.5 ליטר,יפאורה - שותפות מוגבלת לשיווק,,,יח`,1.50,1 ליטר,false,1,9.50,6.13,true,1,
7290019056362,false,תפוזינה משקה קל ענבים 1.5 ליטר,יפאורה - שותפות מוגבלת לשיווק,,,יח`,1.50,1 ליטר,false,1,9.50,6.13,true,1,
7290019056379,false,משקה קל תפוזינה 1.5 ליטר תפוזים,יפאורה - שותפות מוגבלת לשיווק,,,יח`,1.50,1 ליטר,false,1,9.50,6.13,true,1,
7290019056393,false,משקה קל תפוזינה 1.5 ליטר תות בננה,יפאורה - שותפות מוגבלת לשיווק,,,יח`,1.50,1 ליטר,false,1,9.50,6.13,true,1,
7290019056409,false,תפוזינה משקה קל מנגו עסיסי1.5ליטר,יפאורה - שותפות מוגבלת לשיווק,,,יח`,1.50,1 ליטר,false,1,9.50,6.13,true,1,
7290019056423,false,תפוזינה משקה קל תפוח רענן 1.5ליטר,יפאורה - שותפות מוגבלת לשיווק,,,יח`,1.50,1 ליטר,false,1,9.50,6.13,true,1,
7290019056430,false,משקה קל תפוזינה 1.5 ליטר תפוזים לייט,יפאורה - שותפות מוגבלת לשיווק,,,יח`,1.50,1 ליטר,false,1,9.50,6.13,true,1,
7290019056447,false,משקה קל תפוזינה 1.5 ליטר אשכוליות לייט,יפאורה - שותפות מוגבלת לשיווק,,,יח`,1.50,1 ליטר,false,1,9.50,6.13,true,1,
7290019056478,false,ספרינג טי קר אפרסק 1.5ליטר פיקדון,יפאורה - שותפות מוגבלת לשיווק,,,יח`,1.50,1 ליטר,false,1,9.50,6.13,true,1,
7290019056485,false,ספריג תה ירוק לימון לואיזה 1.5 ליטר פיקדון,יפאורה - שותפות מוגבלת לשיווק,,,יח`,1.50,1 ליטר,false,1,9.50,6.13,true,1,
7290019056492,false,ספרינג תה מנגו אפרסק 1.5 ליטר פיקדון,יפאורה - שותפות מוגבלת לשיווק,,,יח`,1.50,1 ליטר,false,1,9.50,6.13,true,1,
7290019056508,false,פרוט ווטר ענבים 1.5 ליטר פיקדון,יפאורה - שותפות מוגבלת לשיווק,,,יח`,1.50,1 ליטר,false,1,9.50,6.13,true,1,
7290019056515,false,פרוט ווטר אננס 1.5 ליטר פיקדון,יפאורה - שותפות מוגבלת לשיווק,,,יח`,1.50,1 ליטר,false,1,9.50,6.13,true,1,
7290019056522,false,פרוט ווטר תות 1.5 ליטר פיקדון,יפאורה - שותפות מוגבלת לשיווק,,,יח`,1.50,1 ליטר,false,1,9.50,6.13,true,1,
7290019056539,false,פרוט ווטר אפרסק 1.5 ליטר פיקדון,יפאורה שותפות מוגבלת לשיווק,,,יח`,1.50,1 ליטר,false,1,9.50,6.13,true,1,
7290019056553,false,שישיית מים מינרלים עין גדי 2 ליטר,יפאורה - שותפות מוגבלת לשיווק,,,יח`,1.20,1 ליטר,false,1,13.70,9.92,false,1,
7290019056560,false,עין גדי מים מינרלים בקבוק 2 ליטר,יפאורה שותפות מוגבלת לשיווק,,,יח`,2,1 ליטר,false,1,3.30,1.65,false,1,
7290019056577,false,ספרינג קל מנגו 1.5 ליטר פיקדון,יפאורה - שותפות מוגבלת לשיווק,,,יח`,1.50,1 ליטר,false,1,9.50,6.13,true,1,
7290019056584,false,משקה קל תפוזים ספרינג 1.5 ליטר,יפאורה - שותפות מוגבלת לשיווק,,,יח`,1.50,1 ליטר,false,1,9.50,6.13,true,1,
7290019056591,false,משקה קל ענבים ספרינג 1.5 ליטר,יפאורה - שותפות מוגבלת לשיווק,,,יח`,1.50,1 ליטר,false,1,9.50,6.13,true,1,
7290019056614,false,משקה קל ספרינג 1.5 ליטר אפרסק,יפאורה - שותפות מוגבלת לשיווק,,,יח`,1.50,1 ליטר,false,1,9.50,6.13,true,1,
7290019056638,false,משקה קל תות בננה ספרינג 1.5 ליטר,יפאורה - שותפות מוגבלת לשיווק,,,יח`,1.50,1 ליטר,false,1,9.50,6.13,true,1,
7290019056645,false,משקה קל ספרינג 1.5 ליטר אגס תפוח סברס,יפאורה - שותפות מוגבלת לשיווק,,,יח`,1.50,1 ליטר,false,1,9.50,6.13,true,1,
7290019056669,false,משקה קל תפוחים דיאט ספרינג 1.5 ליטר,יפאורה - שותפות מוגבלת לשיווק,,,יח`,1.50,1 ליטר,false,1,9.50,6.13,true,1,
7290019056676,false,משקה קל אשכולית אננס דיאט ספרינג 1.5 ליטר,יפאורה - שותפות מוגבלת לשיווק,,,יח`,1.50,1 ליטר,false,1,9.50,6.13,true,1,
7290019056959,false,מי עדן בקבוק מתכווץ שקט 1.5 מ``ל,יפאורה - שותפות מוגבלת לשיווק,,,יח`,1.50,1 ליטר,false,1,2.80,1.67,false,1,
7290019056966,false,מי עדן בקבוק פיקדון 1.5 ליטר,תבורי-שותפות מוגבלת לשיווק,,,יח`,1500,"מ""ל",false,1,4.20,0.26,false,1,
7290019056973,false,מי עדן שישיה בק `1.5ליטר פיקדון,יפאורה - שותפות מוגבלת לשיווק,,,יח`,9,1 ליטר,false,1,13.90,1.34,false,1,
7290019094036,false,שמיר טוב הארץ,רביבים עלי דשא בעמ,,,יח`,1,,false,1,6.50,6.50,false,1,
7290019105107,false,רביעיות מגבונים לתינוק ויקטורי פרימיום מ,טרופיקל-דגיל תעשיות קוסמטיקה ב,,,יח`,1,,false,1,14.90,14.90,false,1,
7290019153085,false,שוופס מוגז ליים מוחיטו ללא סוכר 1.5 ליטר-,יפאורה - שותפות מוגבלת לשיווק,,,יח`,1.50,1 ליטר,false,1,9.50,6.13,true,1,
7290019153252,false,שוופס סודה תפוח 1.5 ליטר רביעייה פיקדון,יפאורה - שותפות מוגבלת לשיווק,,,יח`,6,1 ליטר,false,1,12.20,1.83,false,1,
7290019153351,false,משקה קל תפוזינה 1.5 ליטר פינק אוזו,יפאורה - שותפות מוגבלת לשיווק,,,יח`,1500,"מ""ל",false,1,9.50,0.61,true,1,
7290019153375,false,משקה קל תפוזינה 1.5 ליטר מוחיטו,יפאורה - שותפות מוגבלת לשיווק,,,יח`,1500,"מ""ל",false,1,9.50,0.61,true,1,
7290019153535,false,"רביעיית שוופס מוגז פירות למונייד ללא סוכר 330 מ""ל פחיות",יפאורה - שותפות מוגבלת לשיווק,,,יח`,1.32,1 ליטר,false,1,13.90,9.62,false,1,
7290019167020,false,עוגת גבינה עם פירות יער לייט עדן קינוחים 82 גרם,"תנובה בע""מ ***",,,יח`,82,גרם,false,1,7.20,8.78,false,1,
7290019167037,false,תותים בקצפת עדן קינוחים 82 גרם,תנובה בעמ ***,,,יח`,82,גרם,false,1,7.20,8.78,false,1,
7290019203001,false,טורטייה מעדשים כתומות ללא גלוטן 180 ג' Full Wrap,גורי מוצרי צריכה (1991) בעמ,,,יח`,180,גרם,false,1,22.90,12.72,false,1,
7290019232094,false,חליטת פירות וצמחים אפרסק הגן הקסום ויסוצקי 25 יחידות,תה ויסוצקי (ישראל) בעמ,,,יח`,37.50,גרם,false,1,17.90,47.73,true,1,
7290019232155,false,"חליטת ""לילה טוב"" קמומיל לבנדר ו25 שקיקים ויסוצקי",תה ויסוצקי (ישראל) בעמ,,,יח`,1,,false,1,26.90,26.90,true,1,
7290019232162,false,"חליטת ""לילה טוב"" קמומיל מליסה 25 שקיקים ויסוצקי",תה ויסוצקי (ישראל) בעמ,,,יח`,1,,false,1,26.90,26.90,true,1,
7290019232179,false,ויסוצקי פלוס תה ירוק נענע עם ויטמינים,תה ויסוצקי (ישראל) בעמ,,,יח`,1,,false,1,26.90,26.90,true,1,
7290019232193,false,תה ירוק לימונית ג'ינג'ר STAY WELL שקיקים 25 ויסוצקי,תה ויסוצקי (ישראל) בעמ,,,יח`,1,,false,1,26.90,26.90,true,1,
7290019232803,false,הולגריין ביסקוויט+קרם חלב ושוקולד חלב 300 גרם רבנות,"אולקר ביסקווי סנאי, א.ס.",,,יח`,300,גרם,false,1,12.90,4.30,true,1,
7290019232827,false,הולגריין ביסקוויט במילוי אגוזי לוז 300 גרם רבנות,"אולקר ביסקווי סנאי, א.ס.",,,יח`,300,גרם,false,1,12.90,4.30,true,1,
7290019232834,false,פליפז בייגלה מצופה קרם עוגיות ושוקולד מקוויטיס 140 גרם,תה ויסוצקי (ישראל) בעמ,,,יח`,140,גרם,false,1,8.90,6.36,true,1,
7290019233022,false,רוטב עגבניות עם קוביות ושמן זית 420ג זיתא,תה ויסוצקי (ישראל) בעמ,,,יח`,420,גרם,false,1,13.90,3.31,true,1,
7290019297161,false,טורטיה ראפ מקמח תירס שקדיה 450 גרם,דין שיווק וקליה 2021 בעמ,,,יח`,450,גרם,false,1,10.90,2.42,true,1,
7290019297246,false,שזיפים מיובשים ששון הקולה (330 גרם),דין שיווק וקליה 2021 בעמ,,,יח`,330,גרם,false,1,19.90,6.03,false,1,
7290019297512,false,"רוטב רימונים שקדיה 340 מ""ל בדץ",דין שיווק וקליה 2021 בעמ,,,יח`,340,"מ""ל",false,1,11.20,3.29,false,1,
7290019297536,false,חמאת בוטנים עם שברי בוטנים שקדיה 510 גרם,דין שיווק וקליה 2021 בעמ,,,יח`,510,גרם,false,1,14.20,2.78,true,1,
7290019297543,false,חמאת בוטנים 510 גר` דין שיווק,דין שיווק וקליה 2021 בעמ,,,יח`,510,גרם,false,1,14.20,2.78,true,1,
7290019297550,false,בוטנים מטוגנים בקופסא 185 גרם,דין שיווק וקליה 2021 בעמ,,,יח`,185,גרם,false,1,11.50,6.22,true,1,
7290019302315,false,יין ספארקלין אבטיח מלון 750 מל BUZZ,אגודת הכורמים -כרמל מזרחי,,,יח`,750,"מ""ל",false,1,28.90,3.81,true,1,
7290019393016,false,"קמח חיטה לבן ללא צורך בניפוי 1 ק""ג האופה",אבאל יזמות בעמ,,,יח`,1,"ק""ג",false,1,7.90,7.90,true,1,
7290019393054,false,"קמח כוסמין 80% ללא צורך בניפוי 1 ק""ג האופה",אבאל יזמות בעמ,,,יח`,1,"ק""ג",false,1,15.90,15.90,false,1,
7290019393061,false,"קמח כוסמין 100% ללא צורך בניפוי 1 ק""ג האופה",אבאל יזמות בעמ,,,יח`,1,"ק""ג",false,1,15.90,15.90,false,1,
7290022005562,false,קריספ פירורי לחם שום 300 גרם מיימונס,א.ל.ייצור ושיווק תבלינים בעמ,,,יח`,300,גרם,false,1,8.90,2.97,true,1,
7290100230145,false,בונז`ור חלה מתוקה קלועה אפייה 550גר,**קבוצת אוסם סחר-שות.מוגבלת,,,יח`,1,,false,1,11.90,11.90,false,1,
7290100240137,false,"תרסיס ריחני למייבש כחול בדין 500 מ""ל",יוניליוור ישראל שיווק בע`מ,,,יח`,500,"מ""ל",false,1,20.30,4.06,false,1,
7290100240632,false,קרקר פתית 200-300ג' 6 דגנים 250 גרם,יוניליוור ישראל שיווק בע`מ,,,יח`,250,גרם,false,1,19.30,7.72,false,1,
7290100240656,false,"פתית שיפון בד""צ חדש 300X24 גר'",יוניליוור ישראל שיווק בע`מ,,,יח`,300,גרם,false,1,19.30,6.43,false,1,
7290100245231,false,נמס בכוס מרק בטעם עוף עם אטריות ושקדי מרק-2 שקיות,יוניליוור ישראל שיווק בע`מ,,,יח`,50,גרם,false,1,7.60,15.20,false,1,
7290100247969,false,קליק שקיות כריות צ`וקולדה,יוניליוור ישראל שיווק בעמ,,,יח`,75,גרם,false,1,6.90,9.20,true,1,
7290100658338,false,"נוזל לניקוי כלים אוקסי פלוס פלמוליב 750 מ""ל",הנסיך- מפעל לייצור ט,,,יח`,750,"מ""ל",false,1,13.90,1.85,true,1,
7290100680650,false,מנה חמה נודלס-אטריות ירקות טעם תאילנדי אסם 76 ג',קבוצת אוסם סחר שותפות מוגבלת,,,יח`,76,גרם,false,1,8.50,11.18,true,1,
7290100680711,false,פירורית זהב אסם זהב 350ג',קבוצת אוסם סחר שותפות מוגבלת,,,יח`,350,גרם,false,1,10.10,2.89,false,1,
7290100680728,false,פירורית רגילה שקית 350 גרם,קבוצת אוסם סחר שותפות מוגבלת,,,יח`,350,גרם,false,1,8.40,2.40,false,1,
7290100681138,false,מארז אפרופו חטיף תירס 3 יחידות,קבוצת אוסם סחר שותפות מוגבלת,,,יח`,150,גרם,false,1,14.50,9.67,true,1,
7290100683880,false,פירה אסם ללא צורך בבישול 260 גרם,קבוצת אוסם סחר שותפות מוגבלת,,,יח`,260,גרם,false,1,14.90,5.73,false,1,
7290100684139,false,פסטה מיני מקרוני אסם (500 גרם),קבוצת אוסם סחר שותפות מוגבלת,,,יח`,500,גרם,false,1,6.10,1.22,true,1,
7290100685136,false,"אבקת מרק טעם עוף 1 ק""ג 1/8 אסם",קבוצת אוסם סחר שותפות מוגבלת,,,יח`,1,"ק""ג",false,1,15.90,15.90,false,1,
7290100685334,false,אבקת מרק עוף אמיתי בשרי רכיבים טבעיים אסם 400 גרם,קבוצת אוסם סחר שותפות מוגבלת,,,יח`,400,גרם,false,1,24.90,6.23,true,1,
7290100685341,false,אבקת מרק טעם עוף זך רכיבים טבעיים אסם 400 גרם,קבוצת אוסם סחר שותפות מוגבלת,,,יח`,400,גרם,false,1,18.30,4.58,true,1,
7290100685938,false,עוגת הבית דבש ותפוח עץ עם פירורים 400 גר,קבוצת אוסם סחר-שות.מוגבלת,,,יח`,400,גרם,false,1,19.60,4.90,false,1,
7290100686171,false,מארז מולטיפק ביסלי גריל 6 יח 35 גר ליח,קבוצת אוסם סחר שותפות מוגבלת,,,יח`,210,גרם,false,1,17.30,8.24,false,1,
7290100687109,false,במבה במילוי קרם נוגט 60ג' אסם,קבוצת אוסם סחר-שות.מוגבלת,,,יח`,60,גרם,false,1,4.40,7.33,true,1,
7290100689301,false,אבקת מרק בטעם עוף זך עדיף אסם 400 גרם,קבוצת אוסם סחר שותפות מוגבלת,,,יח`,400,גרם,false,1,17.30,4.33,true,1,
7290100700020,false,גריסי פנינה סוגת (500 גרם),האי נאם סי או אל.טי.,,,יח`,200,גרם,false,1,7.50,3.75,true,1,
7290100700068,false,סוגת שעועית צבעונית 500גרם,"סוגת תעשיות בע""מ",,,יח`,500,גרם,false,1,12.90,2.58,true,1,
7290100700075,false,פירורי לחם מוזהבים סוגת (200 גרם),"סוגת תעשיות בע""\מ",,,יח`,200,גרם,false,1,4.90,2.45,true,1,
7290100700273,false,קינואה לבנה 500 ג סו,האי נאם סי או אל.טי.,,,יח`,500,גרם,false,1,16.90,3.38,true,1,
7290100700297,false,עדשים שחורות מנומרות סוגת 500 גרם,"סוגת תעשיות בע""מ",,,יח`,500,גרם,false,1,8.90,1.78,true,1,
7290100700372,false,"אורז בסגנון בסמטי מלא 1 ק""ג",האי נאם סי או אל.טי.,,,יח`,1,"ק""ג",false,1,14.90,14.90,false,1,
7290100700396,false,"סוגת אורז יסמין קלאסי 1 ק""ג",האי נאם סי או אל.טי.,,,יח`,1,"ק""ג",false,1,13.50,13.50,true,1,
7290100700587,false,בורגול סוגת (500 גרם),האי נאם סי או אל.טי.,,,יח`,500,גרם,false,1,6.50,1.30,true,1,
7290100701157,false,אורז להכנת סושי סוגת (1 קג),"סוגת תעשיות בע""\מ",,,יח`,1,"ק""ג",false,1,12.90,12.90,false,1,
7290100701300,false,קינואה אדומה סוגת (500 גרם),"סוגת תעשיות בע""\מ",,,יח`,500,גרם,false,1,16.90,3.38,true,1,
7290100701454,false,בורגול דק גרישה סוגת (500 גרם),"סוגת תעשיות בע""\מ",,,יח`,500,גרם,false,1,6.50,1.30,true,1,
7290100702611,false,פתיתים אפויים אורז סוגת 500 גרם,"אסיף תעשיות מזון בע""\מ",,,יח`,500,גרם,false,1,6.50,1.30,true,1,
7290100702628,false,פתיתים אפויים קוסקוס סוגת 500 גרם,"אסיף תעשיות מזון בע""\מ",,,יח`,500,גרם,false,1,6.50,1.30,true,1,
7290100702994,false,סוכר דמררה קלאסי בשקית סוגת 500 גרם,"סוגת תעשיות בע""מ",,,יח`,500,גרם,false,1,7.50,1.50,true,1,
7290100703007,false,עדשים שחורות בלוגה סוגת (500 גרם),האי נאם סי או אל.טי.,,,יח`,500,גרם,false,1,8.90,1.78,true,1,
7290100703533,false,קמח קסם תערובת קמח שמרים סוגת 1 קג,טחנות קמח שטיבל באר שבע,,,יח`,1,"ק""ג",false,1,8.90,8.90,false,1,
7290100703861,false,"תערובת קסם לחלה ללא צורך בניפוי סוגת 1 ק""ג","שטיבל בע""\מ - טחנות קמח",,,יח`,1,"ק""ג",false,1,8.90,8.90,false,1,
7290100704493,false,קמח שמרים פיצה ללא צורך בניפוי 1 קג סוגת,"שטיבל בע""\מ - טחנת קמח",,,יח`,1,"ק""ג",false,1,8.90,8.90,false,1,
7290100704608,false,שעועית לבנה עדינה סוגת (500 גרם),"סוגת תעשיות בע""\מ",,,יח`,500,גרם,false,1,7.90,1.58,true,1,
7290100704622,false,סוכר דמררה דק דק בצנצנת סוגת 500 גרם,"סוגת תעשיות בע""\מ",,,יח`,500,גרם,false,1,8.90,1.78,false,1,
7290100704707,false,אורז מיקס סוגת (500גרם),סוגת תעשיות בעמ,,,יח`,500,גרם,false,1,10.90,2.18,false,1,
7290100850909,false,חטיף תירס נאצ`ו מקסיקני דוריטוס (70 גרם),"שטראוס פריטו ליי בע""\מ",,,יח`,70,גרם,false,1,4,5.71,true,1,
7290100850916,false,דוריטוס חמוץ חריף מעודן 70 גרם כשר לפסח,"שטראוס פריטו ליי בע""\מ )",,,יח`,70,גרם,false,1,4,5.71,true,1,
7290100850923,false,חטיף תירס גריל דוריטוס (70 גרם),"שטראוס פריטו ליי בע""\מ )",,,יח`,70,גרם,false,1,4,5.71,true,1,
7290100850930,false,חטיף תירס בטעם טבעי דוריטוס (70 גרם),"שטראוס פריטו ליי בע""\מ )",,,יח`,70,גרם,false,1,4,5.71,true,1,
7290100851968,false,מארז קפה נמס עלית זוגות,"שטראוס גרופ בע""מ",,,יח`,400,גרם,false,1,39.90,9.98,false,1,
7290100858592,false,אבקת קקאו עלית שקית 150 ג',הנסיך- מפעל לייצור ט,,,יח`,150,גרם,false,1,9.90,6.60,false,1,
7290100858608,false,עלית אבקת קקאו כשלפ 500 גרם,שטראוס קפה בי.ויn\.,,,יח`,500,גרם,false,1,24.50,4.90,false,1,
7290100921593,false,מנקה אסלה סוד 4 כדוריות לאסלה לימון נתלה 50 ג',גורי שיווק בעמ,,,יח`,1,,false,1,8.90,8.90,false,1,
7290100921623,false,מנקה אסלה סוד 4 כדוריות נתלה אקונומיקה נתלה 50 ג',גורי שיווק בעמ,,,יח`,1,,false,1,8.90,8.90,false,1,
7290100921760,false,שמפו לשיער ולגוף ספורט הוואי (700 מל),טרופיקל דגיל בעמ,,,יח`,700,"מ""ל",false,1,8.90,1.27,false,1,
7290100924204,false,"פרסיל אבקה לכביסה רגיל 8 ק""ג",גורי שיווק בעמ,,,יח`,8,"ק""ג",false,1,51.90,6.49,false,1,
7290100924457,false,שלישיית כדוריות סבון לאסלה לימון סוד 50 גרם,גורי שיווק בעמ,,,יח`,1,,false,1,17.90,17.90,true,1,
7290100924464,false,כדוריות סבון נתלה לאסלה עם אקונומיקה - 3 יח',גורי שיווק בעמ,,,יח`,1,,false,1,17.90,17.90,true,1,
7290100924631,false,מרכך כביסה מרוכז לבגדי תינוקות ובעלי עור רגיש,גורי שיווק בעמ,,,יח`,900,"מ""ל",false,1,13.20,1.47,false,1,
7290100925669,false,דפים למניעת העברת צבע קולור קאצ`ר) (10,גורי שיווק בעמ,,,יח`,1,,false,1,13.90,13.90,false,1,
7290100925751,false,נוזל כלים תפוח סוד (650 מל),גורי שיווק בעמ,,,יח`,650,"מ""ל",false,1,6.90,1.06,false,1,
7290100925768,false,"סוד נוזל כלים 650 מ""ל פירות טרופיים 1/15",גורי שיווק בעמ,,,יח`,650,"מ""ל",false,1,6.90,1.06,false,1,
7290101110149,false,גלידה בלסימו וניל עם פליק 1.3 ל' פלדמן,גלידות פלדמן,,,יח`,1.30,1 ליטר,false,1,19.90,15.31,true,1,
7290101110460,false,גלידה בליסימו וניל צרפתי 1.3 ל' פלדמן,פלקו בעמ חברה ישראלית,,,יח`,1.30,1 ליטר,false,1,19.90,15.31,true,1,
7290101112112,false,חגיגה טירמיסו פלדמן 1.8 ליטר,פלקו בעמ חברה ישראלית,,,יח`,1.80,1 ליטר,false,1,26.90,14.94,false,1,
7290101113430,false,מאגדת גלידל סירופ שוקולד פלדמן 6 יחידות,"פלקו בע""\מ, חברה ישראלית",,,יח`,1,,false,1,27.90,27.90,false,1,
7290101113584,false,מאגדת טילונים שוקולד לבן עם ליבת שוקולד יולו 5 יח',פלקו בעמ חברה ישראלית,,,יח`,1,,false,1,22.90,22.90,false,1,
7290101113638,false,מאגדת סנקור שוקו וניל שמינייה,פלקו בעמ חברה ישראלית,,,יח`,1,,false,1,26.90,26.90,false,1,
7290101113768,false,מאגדת שלגון עוגיות ושוקולד חלב רביעיה * 50 ג' יולו,פלקו בעמ חברה ישראלית,,,יח`,200,גרם,false,1,18.90,9.45,false,1,
7290101113904,false,מארז מנבו וניל 12 יח' פלדמן,פלקו בעמ חברה ישראלית,,,יח`,1,,false,1,23.90,23.90,false,1,
7290101455264,false,בקבוק שתייה דגם שקוף-700 מל-מפרץ ההרפ,שמחה זה אנחנו בעמ,,,יח`,1,,false,1,24.90,24.90,false,1,
7290101488323,false,ליידי ספיד סטיק - דאודורנט סטיק לאישה ללא סימן ירוק סטיק 65 גרם,ליידי ספיד סטיק Lady Speed Stick,,,יח`,65,"מ""ל",false,1,22.90,35.23,true,1,
7290101551027,false,קפסולות קפה אספרסו חזק במיוחד 14 עלית 10 יח',הנסיך- מפעל לייצור ט,,,יח`,50,גרם,false,1,18.50,37,true,1,
7290101551263,false,סילאן טבעי ללא תוספת סוכר,שטראוס גרופ בע`מ,,,יח`,700,גרם,false,1,19.90,2.84,false,1,
7290101551300,false,סילאן טבעי ללא תוספת סוכר בקבוק לחיץ,מכוורת יד מרדכי שטראוס ב,,,יח`,380,גרם,false,1,15.90,4.18,false,1,
7290101551539,false,יוגורט PRO בטעם אפרסק 0% 20 גרם חלבון בגביע,שטראוס גרופ בעמ/מצונן,,,יח`,200,גרם,false,1,6.10,3.05,false,1,
7290101551584,false,תפוצ'יפס קידס מארז 10 יח' * 20 ג',"שטראוס פריטו ליי בע""מ )פ",,,יח`,200,גרם,false,1,13.90,6.95,false,1,
7290101551638,false,חטיף צ'יטוס כאפה בטעם קטשופ - מארז 10 יח',"שטראוס פריטו ליי בע""מ )פ",,,יח`,200,גרם,false,1,13.90,6.95,true,1,
7290101863410,false,"סיליט באנג ספריי ניקוי עוצמתי מכיל אקונומיקה 750 מ""ל",רקיט בנקיזר (ניר איסט) בעמ,,,יח`,750,"מ""ל",false,1,13.90,1.85,false,1,
7290101864127,false,ספריי להסרת כתמים וניש קליה (750 מל),רקיט בנקיזר (ניר איסט) בעמ,,,יח`,750,"מ""ל",false,1,17.90,2.39,true,1,
7290101865261,false,נוזל הברקה למדיח כלים פיניש (800 מל),רקיט בנקיזר (ניר איסט) בעמ,,,יח`,800,"מ""ל",false,1,20.90,2.61,false,1,
7290101868958,false,פיניש נוזל הברקה למדיח בניחוח לימון,רקיט בנקיזר (ניר איסט) בעמ,,,יח`,800,"מ""ל",false,1,20.90,2.61,false,1,
7290101869719,false,ג'ל מרוכז למדיח פיניש all in one max בניחוח לימון,רקיט בנקיזר (ניר איסט) בעמ,,,יח`,600,"מ""ל",false,1,33.90,5.65,false,1,
7290101869726,false,ג'ל מרוכז למדיח הכל ב-1 פיניש 1 ליטר,רקיט בנקיזר (ניר איסט) בעמ,,,יח`,1,1 ליטר,false,1,44.90,44.90,false,1,
7290101869733,false,פיניש ג'ל למדיח כלים בניחוח לימון 1 ליטר ALL IN 1,רקיט בנקיזר (ניר איסט) בעמ,,,יח`,1,1 ליטר,false,1,44.90,44.90,false,1,
7290101869788,false,"אירוויק ספריי אוטומטי מילוי בניחוח אואזיס 250 מ""ל*",רקיט בנקיזר (ניר איסט) בעמ,,,יח`,250,"מ""ל",false,1,15.90,6.36,true,1,
7290101869795,false,"מטהר אוויר אירוויק ספריי מילוי חלום ליל קיץ 250 מ""ל",רקיט בנקיזר (ניר איסט) בעמ,,,יח`,250,"מ""ל",false,1,15.90,6.36,true,1,
7290101982951,false,בקבוק שתיה מועצב היי סקול,שמחה זה אנחנו בעמ,,,יח`,1,,false,1,26.90,26.90,false,1,
7290101999683,false,נרות מטה כוכבים- ברבי,שמחה זה אנחנו בעמ,,,יח`,1,,false,1,5.90,5.90,false,1,
7290101999751,false,נרות מטה לבבות- תותית,שמחה זה אנחנו בעמ,,,יח`,1,,false,1,6.90,6.90,false,1,
7290102030330,false,תפוצ`יפס אקסטרא מקסיקני 200 גרם +20 תו,"שטראוס פריטו ליי בע""\מ )",,,יח`,200,גרם,false,1,11.50,5.75,true,1,
7290102031276,false,מארז 8 יחידות אקטימל משקה יוגורט בטעם תות בננה,שטראוס גרופ בעמ/מצונן,,,יח`,800,"מ""ל",false,1,20.90,2.61,false,1,
7290102032334,false,אבקה להכנת משקה קפה בטעם וניל,שטראוס קפה בי.וי,,,יח`,200,גרם,false,1,21.90,10.95,false,1,
7290102060764,false,מרידול מברשת שיניים אריזת זוג,יבואן ומשווק: ש. שסט,,,יח`,1,,false,1,30.90,30.90,false,1,
7290102060979,false,"אלמקס משחת שיניים למניעת עששת 100מ""ל",יבואן ומשווק: ש. שסט,,,יח`,100,גרם,false,1,20.90,20.90,false,1,
7290102300815,false,"גבינת צ'דר אנגלית כתומה פרוס, 200 גרם",א. סיימן סחר בעמ,,,יח`,200,גרם,false,1,25.90,12.95,true,1,
7290102300860,false,"גבינת צ'דר אנגלית לבן, 200 גרם",א. סיימן סחר בעמ,,,יח`,200,גרם,false,1,23.90,11.95,true,1,
7290102302833,false,גאודה פרוסה 150 גר`הגבינות של נני,קאסמאקרי הנרי ויליך,,,יח`,150,גרם,false,1,22.90,15.27,false,1,
7290102302864,false,גבינה הולנדית עם פסטו ירוק 34%,הנרי ויליך Henri Willig,,,יח`,200,גרם,false,1,32.90,16.45,false,1,
7290102302932,false,גבינה גאיה קלאסית פרוסות 150ג,קריניציה ויטמינה אס,,,יח`,150,גרם,false,1,23.90,15.93,false,1,
7290102390427,false,יוגורט ביו עם קציפת תות 3% שומן 150 ג' מולר,החברה המרכזית טלהפצת משקאות בע,,,יח`,150,"מ""ל",false,1,5.30,3.53,false,1,
7290102390465,false,יוגורט ביו עם קציפת אפרסק ופסיפלורה 3% שומן 150 ג' מולר,החברה המרכזית טלהפצת משקאות בע,,,יח`,150,"מ""ל",false,1,5.30,3.53,false,1,
7290102390489,false,יוגורט ביו עם קציפת לימון 3% שומן 150 ג' מולר,החברה המרכזית טלהפצת משקאות בע,,,יח`,150,"מ""ל",false,1,5.30,3.53,false,1,
7290102392728,false,מולר ביאנקו נטורל יוגורט טבעי 2.8%,*החברה המרכזית להפצת משקאותבעמ,,,יח`,200,גרם,false,1,4,2,false,1,
7290102393039,false,"יוגורט ביו קרמי מיקס פצפוצי שוקולד 7.6% מולר 170 מ""ל",החברה המרכזית טלהפצת משקאות בע,,,יח`,170,גרם,false,1,6.20,3.65,false,1,
7290102393169,false,"יוגורט סימפלי פרוט בטעם תות 3% מולר 150 מ""ל",*החברה המרכזית להפצת משקאותבעמ,,,יח`,150,גרם,false,1,5.30,3.53,false,1,
7290102393176,false,סימפלי פרוט יוגורט אפרסק 3% שומן 150 ג' מולר,*החברה המרכזית להפצת משקאותבעמ,,,יח`,150,גרם,false,1,5.30,3.53,false,1,
7290102393190,false,"יוגורט סימפלי פרוט בטעם פירות יער 3% מולר 150 מ""ל",*החברה המרכזית להפצת משקאותבעמ,,,יח`,150,גרם,false,1,5.30,3.53,false,1,
7290102393268,false,"גבינה לבנה 5% שומן, רכיבים טבעיים 750 גרם",*החברה המרכזית להפצת משקאותבעמ,,,יח`,750,גרם,false,1,14.94,1.99,false,1,
7290102393299,false,יוגורט עיזים לשתייה 3% משק צוריאל 500 גרם,*החברה המרכזית להפצת משקאותבעמ,,,יח`,500,גרם,false,1,13.40,2.68,false,1,
7290102393718,false,גבינת חלומי מחלב בקר 28% משק צוריאל 200 גרם,החברה המרכזית טלהפצת משקאות בע,,,יח`,200,גרם,false,1,20.90,10.45,false,1,
7290102393947,false,סימפלי פרוט יוגורט בטעם קיווי 3% שומן 150 ג' מולר,*החברה המרכזית להפצת משקאותבעמ,,,יח`,150,"מ""ל",false,1,5.30,3.53,false,1,
7290102394258,false,גליל גבינת עיזים מה עז 9% משק צוריאל 180 גרם,*החברה המרכזית להפצת משקאותבעמ,,,יח`,180,גרם,false,1,23.70,13.17,false,1,
7290102394463,false,נעם גבינה צהובה פרוסה ואקום 28% טרה 500 גרם,החברה המרכזית טלהפצת משקאות בע,,,יח`,500,גרם,false,1,29.40,5.88,false,1,
7290102394821,false,גבינה צהובה 28% דק דק לפתיחה חוזרת 200,החברה המרכזית טלהפצת משקאות בע,,,יח`,200,גרם,false,1,17.40,8.70,false,1,
7290102394845,false,נעם גבינה צהובה לייט פרוסה דק דק 9% טרה 200 גרם,החברה המרכזית טלהפצת משקאות בע,,,יח`,200,גרם,false,1,17.80,8.90,false,1,
7290102395217,false,מאגדת שמיניה מולר במתיקות מעודנת 1.2% 8*150 ג',החברה המרכזית טלהפצת משקאות בע,,,יח`,1,,false,1,19.20,19.20,false,1,
7290102395224,false,שמיניית יוגורט ביו ביאנקו 1.7% מולר 150 גרם,החברה המרכזית טלהפצת משקאות בע,,,יח`,1200,גרם,false,1,18.80,1.57,false,1,
7290102395231,false,שמיניית יוגורט ביו ביאנקו 2.8% מולר 150 גרם,*החברה המרכזית להפצת משקאותבעמ,,,יח`,1,,false,1,18.80,18.80,false,1,
7290102395378,false,נעם גבינה צהובה פרוסה ואקום 28% טרה 360 גרם,*החברה המרכזית להפצת משקאותבעמ,,,יח`,360,גרם,false,1,20.90,5.81,false,1,
7290102395439,false,מארז 8 גביעים יוגורט בטעם פירות יער וקיווי 3% Simply Fruit,החברה המרכזית טלהפצת משקאות בע,,,יח`,1,,false,1,31.40,31.40,false,1,
7290102395446,false,מעדן חלב בטעם וניל עם קצפת 123 ג' טרה,*החברה המרכזית להפצת משקאותבעמ,,,יח`,123,גרם,false,1,3,2.44,false,1,
7290102395477,false,מעדן חלב בטעם שוקולד עם קצפת 123 ג' טרה,החברה המרכזית טלהפצת משקאות בע,,,יח`,123,גרם,false,1,3,2.44,false,1,
7290102396399,false,שמיניית מעדן שוקולד מוו 1.5% טרה 100 גרם,החברה המרכזית טלהפצת משקאות בע,,,יח`,800,גרם,false,1,14.20,1.78,false,1,
7290102396405,false,שמיניית מעדן וניל מוו 1.5% טרה 100 גרם,החברה המרכזית טלהפצת משקאות בע,,,יח`,800,גרם,false,1,14.20,1.78,false,1,
7290102396436,false,מעדן בטעם שוקולד 1.5% שומן מוו (125 גרם),החברה המרכזית טלהפצת משקאות בע,,,יח`,125,גרם,false,1,2.90,2.32,false,1,
7290102396443,false,מעדן בטעם וניל 1.5% שומן מוו (125 גרם),*החברה המרכזית להפצת משקאותבעמ,,,יח`,125,גרם,false,1,2.90,2.32,false,1,
7290102396597,false,מעדן מוו וניל ומוס שוקולד טרה 118 גרם,החברה המרכזית טלהפצת משקאות בע,,,יח`,123,גרם,false,1,3,2.44,false,1,
7290102396665,false,צהובה פרוסות דקדק פתח סגור 15% 200 גר`,החברה המרכזית טלהפצת משקאות בע,,,יח`,200,גרם,false,1,17.80,8.90,false,1,
7290102396719,false,יוגורט 0% תות סימפלי מולר (150 גרם),החברה המרכזית טלהפצת משקאות בע,,,יח`,150,גרם,false,1,5.30,3.53,false,1,
7290102396788,false,"טרה-מוו שוקו בשקית 200 מ""ל",החברה המרכזית טלהפצת משקאות בע,,,יח`,200,"מ""ל",false,1,2.70,1.35,false,1,
7290102397204,false,"גבנ""צ דק דק נעם פתיחה חוזרת 22% 200 גרם",*החברה המרכזית להפצת משקאותבעמ,,,יח`,200,גרם,false,1,17.80,8.90,false,1,
7290102397464,false,יוגורט ביו בתוספת גרעינים אגוזים וחמוציות 170 ג' מולר,החברה המרכזית טלהפצת משקאות בע,,,יח`,150,גרם,false,1,6.20,4.13,false,1,
7290102397600,false,מיקס יוגורט בתוספת שקדים ובוטנים מקורמלים 170 ג' מולר,החברה המרכזית טלהפצת משקאות בע,,,יח`,170,גרם,false,1,6.20,3.65,false,1,
7290102397679,false,קוטג' וחצי טרה 5% מרכיבים טבעיים,החברה המרכזית טלהפצת משקאות בע,,,יח`,375,גרם,false,1,8.30,2.21,false,1,
7290102397730,false,פרוסות גבינה אמנטל חצי קשה 30% שומן 200 ג' נעם,החברה המרכזית טלהפצת משקאות בע,,,יח`,200,גרם,false,1,17.80,8.90,false,1,
7290102397891,false,גבינה ניו יורק מותכת %16 4*25 גרם,החברה המרכזית טלהפצת משקאות בע,,,יח`,100,גרם,false,1,7.90,7.90,false,1,
7290102398331,false,חלב מועשר דל לקטוז 2% שומן טרה 1 ליטר,החברה המרכזית טלהפצת משקאות בע,,,יח`,1,1 ליטר,false,1,7.50,7.50,false,1,
7290102398560,false,משקה שוקו מועשר בבקבוק 1 ליטר טרה,החברה המרכזית טלהפצת משקאות בע,,,יח`,1,1 ליטר,false,1,12.10,12.10,false,1,
7290102398614,false,משקה חלב טרה ט. בננה 1ליטר בקבוק,החברה המרכזית טלהפצת משקאות בע,,,יח`,1,1 ליטר,false,1,12.10,12.10,false,1,
7290102398638,false,משקה חלב טרה ט.מוקה 1ליטר בקבוק,החברה המרכזית טלהפצת משקאות בע,,,יח`,1,1 ליטר,false,1,12.10,12.10,false,1,
7290102398782,false,.משקה סויה קלאסי 1ל בקבוק משק צוריא,החברה המרכזית טלהפצת משקאות בע,,,יח`,1,1 ליטר,false,1,10.90,10.90,false,1,
7290102398799,false,משקה סויה במתיקות מופחתת משק צוריאל 1 ליטר,החברה המרכזית טלהפצת משקאות בע,,,יח`,1,1 ליטר,false,1,10.90,10.90,false,1,
7290102399772,false,מולר ספרדבל-ממרח חמאת מולר במליחות עדינה 250 גרם,החברה המרכזית טלהפצת משקאות בע,,,יח`,250,גרם,false,1,17.80,7.12,false,1,
7290102399802,false,יוגורט עם תות מולר אקטיב מועשר בחלבון 200 גר',החברה המרכזית טלהפצת משקאות בע,,,יח`,200,גרם,false,1,6.20,3.10,true,1,
7290102399819,false,יוגורט עם פירות יער מולר אקטיב מועשר בחלבון 200 גר',החברה המרכזית טלהפצת משקאות בע,,,יח`,200,גרם,false,1,6.20,3.10,true,1,
7290102840175,false,אינסטנט פודינג בטעם וניל מיה (85 גרם),מיה תעשיות מזון מ.ת.מ. בעמ,,,יח`,85,גרם,false,1,5,5.88,false,1,
7290102840199,false,ג`לי בטעם משמש 90 גר`מיה,מיה תעשיות מזון מ.ת.מ. בעמ,,,יח`,90,גרם,false,1,5,5.56,false,1,
7290102840205,false,אבקה להכנת ג'לי בטעם תות מיה 90 גרם,מיה תעשיות מזון מ.ת.מ. בעמ,,,יח`,90,גרם,false,1,5,5.56,false,1,
7290103120658,false,דאודורנט ספיד סטיק גל שחור 85 גרם,הנסיך- מפעל לייצור ט,,,יח`,85,גרם,false,1,16.90,19.88,false,1,
7290103124601,false,"תחליב רחצה נוזל חלב ודבש משאבה 750מ""ל פלמוליב",הנסיך- מפעל לייצור ט,,,יח`,750,"מ""ל",false,1,20.90,2.79,true,1,
7290103126797,false,"משחת שיניים קולגייט סנסיטיב פרו רליף 75 מ""ל",הנסיך- מפעל לייצור ט,,,יח`,110,גרם,false,1,19.90,18.09,true,1,
7290103128739,false,בלונס מקלות אוזניים לתינוק 56 יחידות,הנסיך- מפעל לייצור ט,,,יח`,1,יח`,false,1,7.50,7.50,false,1,
7290103151485,false,גביעי איחסון 1/2 ליטר לפיד) (15,פאלאס תעשיות נטו (2014) בעמ,,,יח`,1,,false,1,10.10,10.10,false,1,
7290103151508,false,מיכל אחסון 1 ליטר לפיד) (5,פאלאס תעשיות נטו (2014) בעמ,,,יח`,1,,false,1,10.10,10.10,true,1,
7290103151515,false,מיכל אחסון 2 ליטר לפיד) (4,פאלאס תעשיות נטו (2014) בעמ,,,יח`,1,,false,1,10.10,10.10,true,1,
7290103152949,false,תבניות אלומניום גדול 105,פאלאס תעשיות נטו (2014) בעמ,,,יח`,1,,false,1,1.60,1.60,false,1,
7290103153656,false,מפה 45 מטר סופר עבה פאלאס,פאלאס תעשיות נטו (2014) בעמ,,,יח`,1,,false,1,36.70,36.70,false,1,
7290103156466,false,כפות חד פעמיות לפיד) (100,פאלאס תעשיות נטו (2014) בעמ,,,יח`,1,,false,1,10.90,10.90,true,1,
7290103156473,false,כפיות חד פעמי 100 יח,פאלאס תעשיות נטו (2014) בעמ,,,יח`,1,,false,1,10.90,10.90,true,1,
7290103156480,false,מזלג חד פעמי לפיד) (100,פאלאס תעשיות נטו (2014) בעמ,,,יח`,1,,false,1,10.90,10.90,true,1,
7290103156497,false,סכין לבן לפיד 100 יחידות,פאלאס תעשיות נטו (2014) בעמ,,,יח`,1,,false,1,10.90,10.90,true,1,
7290103400194,false,כרוב לבן 400 ג בדצ ירקות שטראוס טעם הטבע,שטראוס בריאות ירקות טריי,,,יח`,400,גרם,false,1,9,2.25,false,1,
7290103400255,false,סלט קולסלאו 400 ג בדצ ירקות שטראוס טעם ה,שטראוס בריאות ירקות טריי,,,יח`,400,גרם,false,1,9,2.25,false,1,
7290103401429,false,קפה קצב ברזילאי אוריגינס 200 גר,הנסיך- מפעל לייצור ט,,,יח`,200,גרם,false,1,24.90,12.45,false,1,
7290103404758,false,סלט כרוב אדום במיונז אחלה 120 גרם,שטראוס גרופ בעמ/מצונן,,,יח`,120,גרם,false,1,5.10,4.25,false,1,
7290103408206,false,עלי חסה ערבית שטופים 250 גר טעם הטבע,שטראוס בריאות ירקות טריי,,,יח`,250,גרם,false,1,10.10,4.04,false,1,
7290103702311,false,טאצ' ממחטות כיס עשירייה מנטול,שניב תעשיות נייר בעמ,,,יח`,1,,false,1,7.50,7.50,false,1,
7290103702649,false,מארז חמישייה מגבוני טישו דו שכבתי,שניב תעשיות נייר בעמ,,,יח`,1,,false,1,12.90,12.90,false,1,
7290103702779,false,מפיות שולחן איכותיות 150 יח',שניב תעשיות נייר בעמ,,,יח`,1,,false,1,8.50,8.50,false,1,
7290103704155,false,נייר מגבת טאצ' 6 גלילים מהדורת 2021,שניב תעשיות נייר בעמ,,,יח`,1,,false,1,11.90,11.90,false,1,
7290103704162,false,נייר טואלט טאצ' 32 גלילים מהדורה 2021,שניב תעשיות נייר בעמ,,,יח`,1,,false,1,28.90,28.90,false,1,
7290103704575,false,נייר טואלט טאצ' פרימיום 48 גלילים,שניב תעשיות נייר בעמ,,,יח`,1,,false,1,38.90,38.90,false,1,
7290103746001,false,ממחטות טאצ`חמישייה צבעוני 500 דף,שניב תעשיות נייר בעמ,,,יח`,1,,false,1,13.90,13.90,false,1,
7290104061417,false,סלט חומוס עם טחינה אחלה 400 גרם,שטראוס גרופ בעמ/מצונן,,,יח`,400,גרם,false,1,12.10,3.03,false,1,
7290104061431,false,סלט חומוס עם צנובר אחלה 400 גרם,שטראוס גרופ בעמ/מצונן,,,יח`,400,גרם,false,1,12.10,3.03,false,1,
7290104061448,false,סלט חומוס עם חריף אחלה 400 גרם,שטראוס גרופ בעמ/מצונן,,,יח`,400,גרם,false,1,12.10,3.03,false,1,
7290104062599,false,מארז 8 יחידות מעדן גמדים בטעמי תות ובננה,שטראוס גרופ בעמ/מצונן,,,יח`,800,"מ""ל",false,1,19.20,2.40,false,1,
7290104064012,false,חטיף פסק זמן GOOD שוקולד לבן גוד 36 גרם,שולן צ'יקולטה גידה ס,,,יח`,36,גרם,false,1,5.40,15,false,1,
7290104065934,false,עלי רוקט שטראוס 150 גר`-טעם הטבע,שטראוס בריאות ירקות טריי,,,יח`,150,גרם,false,1,10.50,7,false,1,
7290104500572,false,אפרופו חטיף תירס איטליאנו אסם 50 גרם,קבוצת אוסם סחר-שות.מוגבלת,,,יח`,50,גרם,false,1,5.70,11.40,true,1,
7290104501661,false,אינסטנט פודינג בטעם וניל צרפתי אסם 80 גרם,קבוצת אוסם סחר-שות.מוגבלת,,,יח`,80,גרם,false,1,6.80,8.50,false,1,
7290104508202,false,גביעי גלידה אמריקאים אסם 120 גרם 24 יחידות,קבוצת אוסם סחר-שות.מוגבלת,,,יח`,120,גרם,false,1,15.20,12.67,false,1,
7290104508943,false,במבה חטיף בוטנים אסם 200 גרם,קבוצת אוסם סחר-שות.מוגבלת,,,יח`,200,גרם,false,1,10.50,5.25,false,1,
7290104570162,false,תמרים ללא חרצנים תמר כבוש 500 גרם,מ.ד אטיאס סוכנויות מזון בע`מ,,,יח`,500,גרם,false,1,13.90,2.78,true,1,
7290104720499,false,מארז 8 יחידות מעדן דני בטעם וניל 1.5%,שטראוס גרופ בעמ/מצונן,,,יח`,1,1 ליטר,false,1,16.80,16.80,false,1,
7290104721533,false,רצועות פלפלים קלויים אחלה (400 גרם),שטראוס גרופ בעמ/מצונן,,,יח`,400,גרם,false,1,17.20,4.30,true,1,
7290104721762,false,מארז שלשות קפה טורקי עלית 85 ג',שטראוס גרופ בע`מ,,,יח`,255,גרם,false,1,19.90,7.80,false,1,
7290104721953,false,לקט מסולסלים 350 גרם שטראוס טעם הטבע,שטראוס בריאות ירקות טריי,,,יח`,350,גרם,false,1,13.50,3.86,false,1,
7290104722530,false,תפוצ'יפס בטעם שמנת בצל עלית 200 גרם,"שטראוס פריטו ליי בע""\מ )",,,יח`,200,גרם,false,1,11.50,5.75,true,1,
7290104726262,false,רביעייה מעדן דני שוקולד דיסני לבנים 125 גרם,שטראוס גרופ בעמ/מצונן,,,יח`,500,גרם,false,1,11.40,2.28,false,1,
7290104726712,false,מארז 8 יחידות מעדן מילקי בטעם שוקולד עם קצפת,שטראוס גרופ בעמ/מצונן,,,יח`,868,"מ""ל",false,1,20.90,2.41,false,1,
7290104728310,false,"שמנת מתוקה עמידה 38% שומן ""יטבתה"" -מוצר בפיקוח",שטראוס גרופ בעמ/מצונן,,,יח`,250,"מ""ל",false,1,6.47,2.59,true,1,
7290104729003,false,שמן זית כתית יד מרדכי 750 גרם [מוצר מדבקה],מכוורת יד מרדכי שטרא,,,יח`,750,"מ""ל",false,1,34.90,4.65,true,1,
7290104851339,false,צלחת קטנה קרם 25 יח פאלאס,פאלאס תעשיות נטו (2014) בעמ,,,יח`,1,,false,1,9.90,9.90,true,1,
7290104851674,false,קערית אובלית קרם 25 יח פאלאס,פאלאס תעשיות נטו (2014) בעמ,,,יח`,1,,false,1,8.90,8.90,true,1,
7290104851971,false,מפת שולחן עבה במיוחד 8 יח פאלאס,פאלאס תעשיות נטו (2014) בעמ,,,יח`,1,,false,1,9.90,9.90,false,1,
7290104852794,false,תבנית אלומניום קטנה R29 פאלאס 13 יח,פאלאס תעשיות נטו (2014) בעמ,,,יח`,1,,false,1,13.20,13.20,true,1,
7290104859809,false,תבנית אלומניום אינגליש R88 פאלאס 14 יח,פאלאס תעשיות נטו (2014) בעמ,,,יח`,1,,false,1,9.90,9.90,true,1,
7290104859823,false,תבנית אלומניום עמוקה R64 פאלאס 8 יח,פאלאס תעשיות נטו (2014) בעמ,,,יח`,1,,false,1,9.90,9.90,true,1,
7290104859830,false,תבנית אלומניום עגולה c10 פאלאס 8 יח,פאלאס תעשיות נטו (2014) בעמ,,,יח`,1,,false,1,10.10,10.10,true,1,
7290104960239,false,תחליב רחצה בניחוח קמומיל נקה (7507 מל),טרופיקל דגיל תעשיות קוסמ,,,יח`,750,"מ""ל",false,1,11.90,1.59,true,1,
7290104960338,false,"נקה 7 תחליב רחצה ארומה אלוורה ותה ירוק 750מ""ל",טרופיקל דגיל תעשיות קוסמ,,,יח`,750,"מ""ל",false,1,11.90,1.59,true,1,
7290104961878,false,"שמפו לשיער קרטין אינטנס פורמולה 400 מ""ל נטורל",החברה הדרומית לשיווק בעמ,,,יח`,400,"מ""ל",false,1,31.90,7.98,false,1,
7290104963001,false,סופטקר מגבונים לחים רביעייה בניחוח עדין,החברה הדרומית לשיווק בעמ,,,יח`,1,,false,1,16.90,16.90,false,1,
7290104965647,false,קרליין דאו רול און נושם סוויט קיס לנערות,החברה הדרומית לשיווק בעמ,,,יח`,75,גרם,false,1,13.90,18.53,true,1,
7290104965654,false,קרליין נושם דאו סטיק סוויט קיס לנערות 50,החברה הדרומית לשיווק בעמ,,,יח`,50,גרם,false,1,15.90,31.80,false,1,
7290105100054,false,מטריה אוטומטי מתקפל,טומי - קונסיגנציה,,,יח`,1,,false,1,15.90,15.90,false,1,
7290105100108,false,מטריה גמבו ארוך,טומי - קונסיגנציה,,,יח`,1,,false,1,19.90,19.90,false,1,
7290105100221,false,מטריה ג`מבו אוטומט,טומי - קונסיגנציה,,,יח`,1,,false,1,29.90,29.90,false,1,
7290105105905,false,נעלי בית חורפי,טומי - קונסיגנציה,,,יח`,1,,false,1,19.90,19.90,false,1,
7290105108272,false,מטריה מיני אוטו עמיד ברוח,טומי - קונסיגנציה,,,יח`,1,,false,1,29.90,29.90,false,1,
7290105360250,false,קפסולות 09 עשיר וארומטי למכונת נספרסו עלית 10יח',הנסיך- מפעל לייצור ט,,,יח`,1,,false,1,18.50,18.50,true,1,
7290105360328,false,קפסולות אספרסו חזק למכונות נספרסו 10 יח',הנסיך- מפעל לייצור ט,,,יח`,50,גרם,false,1,18.50,37,true,1,
7290105360335,false,קפסולות אספרסו למכונות נספרסו 50 גר,הנסיך- מפעל לייצור ט,,,יח`,50,גרם,false,1,18.50,37,true,1,
7290105362339,false,"שמנת לבישול 15% 250 מ""ל יטבתה מהדרין",שטראוס גרופ בעמ/מצונן,,,יח`,250,"מ""ל",false,1,8.60,3.44,true,1,
7290105364289,false,מקלות כיף כף פצפוצים עלית 40 גרם,שולן צ'\יקולטה גידה סאן.,,,יח`,40,גרם,false,1,5.70,14.25,true,1,
7290105364302,false,"עלית חטיף שוקולד כיף כף מקלות אגוזים, 40 גרם",שולן צ'\יקולטה גידה סאן.,,,יח`,42,גרם,false,1,5.70,13.57,true,1,
7290105366023,false,סלט חצילים בטעם כבד אחלה 400 גרם,שטראוס גרופ בעמ/מצונן,,,יח`,400,גרם,false,1,16.20,4.05,true,1,
7290105366047,false,טחינה לבנה אחלה (400 גרם),שטראוס גרופ בעמ/מצונן,,,יח`,400,גרם,false,1,16.20,4.05,true,1,
7290105366993,false,סימפוניה גבינת שמנת פלפל שיפקה 5% שטראוס 200 גרם,שטראוס גרופ בעמ/מצונן,,,יח`,200,גרם,false,1,12.20,6.10,true,1,
7290105368225,false,חומוס עם פלפל שיפקה אחלה (400 גרם),שטראוס גרופ בעמ/מצונן,,,יח`,400,גרם,false,1,12.10,3.03,false,1,
7290105368331,false,מעדן מילקי בטעם תות עם קצפת,שטראוס גרופ בעמ/מצונן,,,יח`,130,"מ""ל",false,1,2.80,2.15,false,1,
7290105368904,false,"שמנת מתוקה להקצפה 32% שומן 250 מ""ל יוטבתה",שטראוס גרופ בעמ/מצונן,,,יח`,250,"מ""ל",false,1,7.70,3.08,true,1,
7290105369130,false,סימפוניה גבינת שמנת בצל ירוק 5% שטראוס 200 גרם,שטראוס גרופ בעמ/מצונן,,,יח`,200,גרם,false,1,12.20,6.10,true,1,
7290105431516,false,מארז חטיף פריי תמרים ובוטנים ללא גלוטן ותוספת סוכר 125 גרם,טבעית מוצרים מן הטבע בעמ,,,יח`,125,גרם,false,1,16.90,13.52,false,1,
7290105436382,false,חטיף פרי תמרים קשיו ללא תוספת סוכר וגלוטן 5 יח,טבעית מוצרים מן הטבע בעמ,,,יח`,125,גרם,false,1,16.90,13.52,false,1,
7290105438539,false,קוקי נייר אפייה 40 דפים,ש. שסטוביץ בע`מ,,,יח`,1,,false,1,11.20,11.20,false,1,
7290105439499,false,מאסטר שף מאסטר שף מיונז 480 גר כשלפ,רמיה סי.וי. הולנד,,,יח`,483,גרם,false,1,12.50,2.59,false,1,
7290105439505,false,מאסטר שף קרם בטעם מיונז לייט 479 גר כשלפ,רמיה סי.וי. הולנד,,,יח`,479,גרם,false,1,12.90,2.69,false,1,
7290105439581,false,מנה מאסטר שף חרדל דיזיון צרפתי 370 גר,רמיה סי.וי.הולנד,,,יח`,370,גרם,false,1,12.90,3.49,false,1,
7290105691224,false,אסם חטיפי פריכונים טורטייה שום בצל 60 גרם,קבוצת אוסם סחר-שות.מוגבלת,,,יח`,60,גרם,false,1,9,15,false,1,
7290105691248,false,אסם חטיפי פריכונים טורטייה תירס 60 גרם,קבוצת אוסם סחר שותפות מוגבלת,,,יח`,60,גרם,false,1,9,15,false,1,
7290105691934,false,קמח שמרים אסם 1 קילו,קבוצת אוסם סחר שותפות מוגבלת,,,יח`,1,"ק""ג",false,1,12.20,12.20,false,1,
7290105693341,false,מארז עשיריית במבה אסם 25*10 גרם,קבוצת אוסם סחר שותפות מוגבלת,,,יח`,250,גרם,false,1,17.30,6.92,true,1,
7290105693457,false,עוגת הבית דמקה שוקו וניל 320 גר`בחושות,קבוצת אוסם סחר שותפות מוגבלת,,,יח`,320,גרם,false,1,12.50,3.91,false,1,
7290105694614,false,פסטה אוסם ספגטי מהיר הכנה 500 גרם,קבוצת אוסם סחר שותפות מוגבלת,,,יח`,500,גרם,false,1,6.10,1.22,true,1,
7290105694928,false,אבקת מרק בצל רכיבים טבעיים אסם 220 גרם,קבוצת אוסם סחר שותפות מוגבלת,,,יח`,220,גרם,false,1,16.90,7.68,false,1,
7290105695024,false,פתיתים אפויים אורז עם אטריות אסם 500 גרם,קבוצת אוסם סחר שותפות מוגבלת,,,יח`,1,,false,1,7.70,7.70,true,1,
7290105695321,false,עוגת הבית בראוניס פאדג' אסם 380 גרם,קבוצת אוסם סחר שותפות מוגבלת,,,יח`,400,גרם,false,1,19.60,4.90,false,1,
7290105962331,false,סחוג תימני אדום חריף מאוד זהבי הכרם 220 גרם,שטראוס גרופ בעמ/מצונן,,,יח`,220,גרם,false,1,9.90,4.50,false,1,
7290105964564,false,חומוס אחלה 400 גרם. שטראוס,שטראוס גרופ בעמ/מצונן,,,יח`,400,גרם,false,1,9.10,2.28,false,1,
7290105965738,false,יוגורט לשתיה בטעם תות בננה267 ג' דנונה,שטראוס גרופ בעמ/מצונן,,,יח`,263,"מ""ל",false,1,5.20,1.98,false,1,
7290105968654,false,רביולי עם בטטה פרווה שטראוס (400 גרם),שטראוס גרופ בעמ/מצונן,,,יח`,400,גרם,false,1,21.70,5.43,true,1,
7290105968777,false,פריכיות 5 דגנים עם תחתית שוקולד מריר 70 גרם,"טחנת האבן תעשיות בע""",,,יח`,80,גרם,false,1,9.40,11.75,true,1,
7290106520066,false,"רבע לשבע שוקולד חלב במילוי אגוזים עלית 160 גרם בד""צ","הגביע מוצרי וופלים בע""\מ",,,יח`,160,גרם,false,1,14.20,8.88,false,1,
7290106520288,false,יוגורט פרו חלבון עם תות 2.4% שומן 150 ג' דנונה,שטראוס גרופ בעמ/מצונן,,,יח`,150,גרם,false,1,4.60,3.07,true,1,
7290106520905,false,סלט טורקי אחלה (400 גרם),שטראוס גרופ בעמ/מצונן,,,יח`,400,גרם,false,1,17.20,4.30,true,1,
7290106520912,false,שמנת לבישול 9% שומן 258גר מהדרין יטבתה,שטראוס גרופ בעמ/מצונן,,,יח`,258,"מ""ל",false,1,8.60,3.33,true,1,
7290106521049,false,אחלה טעמי השוק קוביות סלק 400 גר,שטראוס גרופ בעמ/מצונן,,,יח`,400,גרם,false,1,16.20,4.05,true,1,
7290106524439,false,"תפוצ'יפס פופס 60 גרם ""עלית""","שטראוס פריטו ליי בע""\מ )",,,יח`,60,גרם,false,1,4,6.67,false,1,
7290106525399,false,קפסולות 06 ברזיל למכונות נספרסו עלית 10יח',הנסיך- מפעל לייצור ט,,,יח`,50,גרם,false,1,18.50,37,true,1,
7290106526822,false,פריכיות אורז חום מלא תחתית שוקולד חלב 80 גרם,"טחנת האבן תעשיות בע""",,,יח`,70,גרם,false,1,9.40,13.43,true,1,
7290106528567,false,חטיף תירס גריל דוריטוס (185 גרם),"שטראוס פריטו ליי בע""\מ )",,,יח`,185,גרם,false,1,7.90,4.27,false,1,
7290106528628,false,חטיף תירס בטעם טבעי דוריטוס (185 גרם),"שטראוס פריטו ליי בע""\מ )",,,יח`,185,גרם,false,1,7.90,4.27,false,1,
7290106528949,false,סלט ערוגות שטראוס 450 גר`-טעם הטבע,שטראוס בריאות ירקות טריי,,,יח`,450,גרם,false,1,11.80,2.62,false,1,
7290106571921,false,פיטנס עוגיות עם חמוציות נסטלה (180 גרם),קבוצת אוסם סחר שותפות מוגבלת,,,יח`,180,גרם,false,1,12.90,7.17,false,1,
7290106572027,false,קרקר לחמית חמישה דגנים אסם (190 גרם),קבוצת אוסם סחר-שות.מוגבלת,,,יח`,190,גרם,false,1,10,5.26,false,1,
7290106573598,false,חומוס לבנוני צבר (400 גרם),קבוצת אוסם סחר שותפות מוגבלת,,,יח`,400,גרם,false,1,13.30,3.33,false,1,
7290106573628,false,חומוס עם טחינה צבר (400 גרם),קבוצת אוסם סחר שותפות מוגבלת,,,יח`,400,גרם,false,1,13.30,3.33,false,1,
7290106574793,false,עוגת הבית בטעם שוקו-שוקוצ'יפס 350 ג' אסם,קבוצת אוסם סחר שותפות מוגבלת,,,יח`,350,גרם,false,1,12.50,3.57,false,1,
7290106574953,false,בייגלה שטוחים כעכים שטוחים עם שומשום,קבוצת אוסם סחר שותפות מוגבלת,,,יח`,300,גרם,false,1,10.10,3.37,false,1,
7290106574977,false,בייגלה שטוחים טבעות עם מלח אסם (300 גרם),קבוצת אוסם סחר שותפות מוגבלת,,,יח`,300,גרם,false,1,10.10,3.37,false,1,
7290106575257,false,עוגת הבית סופלה בטעם שוקולד 340 ג' אסם,קבוצת אוסם סחר שותפות מוגבלת,,,יח`,340,גרם,false,1,12.50,3.68,false,1,
7290106575431,false,עוגת הבית סופלה בטעם שוקוניל 340 ג' אסם,קבוצת אוסם סחר-שות.מוגבלת,,,יח`,340,גרם,false,1,12.50,3.68,false,1,
7290106576513,false,סלט רק חומוס צבר 400 גרם,קבוצת אוסם סחר שותפות מוגבלת,,,יח`,500,גרם,false,1,12.20,2.44,false,1,
7290106576858,false,גלידה לה קרמריה תותים בשמנת 1.4 ל' נסטלה,נגה גלידות שותפות מוגבלת,,,יח`,1.40,1 ליטר,false,1,23.40,16.71,false,1,
7290106576919,false,"לה קרמריה סורבה תות לימו 1.4 ליטר כשל""פ",נגה גלידות שותפות מוגבלת,,,יח`,1.40,1 ליטר,false,1,23.40,16.71,false,1,
7290106576957,false,"לה קרמריה גלידת שוקו וניל פליק פרווה כשל""פ 1.4",נגה גלידות שותפות מוגבלת,,,יח`,1.40,1 ליטר,false,1,23.40,16.71,false,1,
7290106576971,false,גלידה לה קרמריה שוקולד בלגי 1.4 ל' נסטלה,נגה גלידות שותפות מוגבלת,,,יח`,1.40,1 ליטר,false,1,23.40,16.71,false,1,
7290106577282,false,טחינה אמיתית מרובע 400 ג' צבר,קבוצת אוסם סחר-שות.מוגבלת,,,יח`,400,גרם,false,1,12.50,3.13,false,1,
7290106577541,false,צבר כרוב אדום מרובע 400גרם,קבוצת אוסם סחר-שות.מוגבלת,,,יח`,400,גרם,false,1,11.80,2.95,false,1,
7290106578692,false,ביסלי במבה מיקס מהדורת אליפות אסם 80 גרם,קבוצת אוסם סחר שותפות מוגבלת,,,יח`,80,גרם,false,1,4.40,5.50,true,1,
7290106578821,false,עוגת הבית שמרים קלאסית שוקולד אסם 350 גרם,קבוצת אוסם סחר שותפות מוגבלת,,,יח`,350,גרם,false,1,19.30,5.51,false,1,
7290106652996,false,כיף כף מקלות קוקוס חלבי 40 גר',סולן בעבור שטראוס,,,יח`,42,גרם,false,1,5.70,13.57,true,1,
7290106653689,false,לקט לסלט אסייתי 350 גר`-טעם הטבע,שטראוס בריאות ירקות טריי,,,יח`,350,גרם,false,1,11.20,3.20,false,1,
7290106654099,false,מילקי CAKE עוגות אישיות במילוי קרם חלב,בובארד איטליה אס.פי.איי,,,יח`,272,גרם,false,1,20.30,7.46,true,1,
7290106656734,false,"עוגיות חיוכים וניל עלית 600 גרם בד""צ",אפיפית נצרת תעשיות ב,,,יח`,600,גרם,false,1,19.30,3.22,false,1,
7290106663121,false,"עוגה אישית במילוי קרם חלב ""מילקי קייק"" שטראוס",בובארד איטליה אס.פי.איי,,,יח`,1,,false,1,3,3,false,1,
7290106663558,false,"רוטב טריאקי ורימון יד מרדכי 280מ""ל",אף.סי תבליני בגליל ב,,,יח`,320,גרם,false,1,14.90,4.66,false,1,
7290106664555,false,"רוטב שמנת עם עגבניות 9% שומן 250 מ""ל יוטבתה",שטראוס גרופ בעמ/מצונן,,,יח`,250,"מ""ל",false,1,10.10,4.04,true,1,
7290106666788,false,עלית - סוכריות נוסטלגיה דבש ממולאות 80 גרם,שטראוס גרופ בע`מ,,,יח`,80,גרם,false,1,6.90,8.63,false,1,
7290106667266,false,חטיף תירס חמוץ חריף דוריטוס (185 גרם),"שטראוס פריטו ליי בע""\מ )",,,יח`,185,גרם,false,1,7.90,4.27,false,1,
7290106668577,false,"מיץ לימון טיבעי 250 מ""ל יד מרדכי",האי נאם סי או אל.טי.,,,יח`,250,"מ""ל",false,1,7.90,3.16,true,1,
7290106668713,false,יוגורט עם פירות יער 3% שומן 150 ג' דנונה,שטראוס גרופ בעמ/מצונן,,,יח`,150,גרם,false,1,3.90,2.60,true,1,
7290106669857,false,קפסולות אספרסו בטעם וניל עלית 10 יחידות,הנסיך- מפעל לייצור ט,,,יח`,50,גרם,false,1,18.50,37,true,1,
7290106720626,false,חטיף תירס בטעם גבינה צ`יטוס (80 גרם),"שטראוס פריטו ליי בע""\מ )",,,יח`,80,גרם,false,1,5,6.25,false,1,
7290106721913,false,מסטיק מאסט MUST ללא סוכר בטעם מנטה מרעננת,שטראוס גרופ בע`מ,,,יח`,66,גרם,false,1,11.50,17.42,true,1,
7290106721920,false,צנצנת מסטיק מאסט בטעם ספירמינט עדין 66 ג' עלית,"שטראוס גרופ בע""\מ.",,,יח`,66,גרם,false,1,11.50,17.42,true,1,
7290106723689,false,עלי תרד בייבי 200 גר`שטראוס טעם הטבע,שטראוס בריאות ירקות טריי,,,יח`,200,גרם,false,1,11.20,5.60,false,1,
7290106725867,false,סירופ מייפל טהור ללס יד מרדכי 189 גר,שטראוס גרופ בע`מ,,,יח`,189,"מ""ל",false,1,31.60,16.72,true,1,
7290106726178,false,יוגורט PRO עם פירות יער 2.4% 10 גרם חלבון בגביע,שטראוס גרופ בעמ/מצונן,,,יח`,150,גרם,false,1,4.60,3.07,true,1,
7290106727984,false,"כיף כף פצפצים בגביע 135 גרם ""עלית""",שולן צ'\יקולטה גידה סאן.,,,יח`,135,גרם,false,1,10.90,8.07,false,1,
7290107280013,false,"חמישיית מגבונים ל.מבושם ""ליטופים""",החברה הדרומית לשיווק בעמ,,,יח`,1,,false,1,20.90,20.90,true,1,
7290107280020,false,שלישיית מטליות לחות לניקוי כללי סנו סושי 50 יחידות,החברה הדרומית לשיווק בעמ,,,יח`,1,,false,1,19.90,19.90,true,1,
7290107280129,false,סנו סושי 20 שקיות אשפה חזקות גדולות XXL,החברה הדרומית לשיווק בעמ,,,יח`,1,,false,1,24.90,24.90,false,1,
7290107280341,false,ריצפז מטליות לחות לניקוי הרצפה בניחוח מלון מפנק,החברה הדרומית לשיווק בעמ,,,יח`,1,,false,1,12.90,12.90,true,1,
7290107280389,false,"סנו - ג'ט מרסס לניקוי בחדר האמבטיה 750 מ""ל",החברה הדרומית לשיווק בעמ,,,יח`,750,"מ""ל",false,1,13.90,1.85,true,1,
7290107280570,false,סנו - מקסימה ג'ל כביסה מרוכז לכביסה צבעונית 3 ליטר,החברה הדרומית לשיווק בעמ,,,יח`,3,1 ליטר,false,1,34.60,11.53,true,1,
7290107280709,false,ספארק נוזל הברקה למדיח סנו (700 מל),החברה הדרומית לשיווק בעמ,,,יח`,900,"מ""ל",false,1,17.30,1.92,true,1,
7290107280723,false,נוזל לניקוי כלים סנו ספארק Spark בניחוח לימון רענן,החברה הדרומית לשיווק בעמ,,,יח`,700,"מ""ל",false,1,8.90,1.27,true,1,
7290107280730,false,נוזל לניקוי כלים סנו ספארק Spark בניחוח לבנדר,החברה הדרומית לשיווק בעמ,,,יח`,700,"מ""ל",false,1,8.90,1.27,true,1,
7290107280761,false,נוזל לניקוי כלים בניחוח לימון רענן סנו ספארק Spark,החברה הדרומית לשיווק בעמ,,,יח`,1,1 ליטר,false,1,12.20,12.20,false,1,
7290107280822,false,סנו ריצפז פרש הום 2 ליטר בניחוח ספא,החברה הדרומית לשיווק בעמ,,,יח`,2,1 ליטר,false,1,22.90,11.45,true,1,
7290107340243,false,מטען בית אייפון,קונסיגנציה-איי.איקס.אם ישראל ב,,,יח`,1,,false,1,39.90,39.90,false,1,
7290107341356,false,כבל אייפון imx,קונסיגנציה-איי.איקס.אם ישראל ב,,,יח`,1,,false,1,18.90,18.90,false,1,
7290107341363,false,כבל מיקרו imx.,קונסיגנציה-איי.איקס.אם ישראל ב,,,יח`,1,,false,1,18.90,18.90,false,1,
7290107341394,false,אוזניות לבן imx,קונסיגנציה-איי.איקס.אם ישראל ב,,,יח`,1,,false,1,28.90,28.90,false,1,
7290107645584,false,אבקת מרק עוף אמיתי רכיבים טבעיים 400 גרם - רבנות,יוניליוור ישראל שיווק בע`מ,,,יח`,400,גרם,false,1,29.50,7.38,false,1,
7290107645928,false,קליק ביסקוויט לבן 75 גרם,יוניליוור ישראל שיווק בעמ,,,יח`,75,גרם,false,1,6.90,9.20,true,1,
7290107646062,false,אבקת מרק בצל רכיבים טבעיים קנור 400 ג',יוניליוור ישראל שיווק בע`מ,,,יח`,400,גרם,false,1,29.50,7.38,false,1,
7290107646963,false,"מיונז תלמה טעם ספייסי 273 גר בד""ץ",יוניליוור ישראל שיווק בע`מ,,,יח`,250,גרם,false,1,7.90,3.16,false,1,
7290107647076,false,קרמיסימו תותים ושוקולד לבן,גלידות שטראוס בעמ,,,יח`,1.33,1 ליטר,false,1,20.90,15.71,true,1,
7290107647663,false,שטראוס קרמיסימו בננה טופי,גלידות שטראוס בעמ,,,יח`,1330,"מ""ל",false,1,20.90,1.57,true,1,
7290107647816,false,"דגני ברנפלקס ללא תוספת סוכר 500 גרם בד""צ",יוניליוור ישראל שיווק בע`מ,,,יח`,500,גרם,false,1,23.40,4.68,false,1,
7290107649643,false,קליק חטיף שוקולד בטעפ כדורי שוקולד 70 גר,יוניליוור ישראל שיווק בעמ,,,יח`,70,גרם,false,1,6.90,9.86,true,1,
7290107649773,false,שטראוס קרמיסימו טעם פיסטוק ושוקולד עם רי,גלידות שטראוס בעמ,,,יח`,1.33,1 ליטר,false,1,20.90,15.71,true,1,
7290107871990,false,פסטה צינורות מהדרין אסם (500 גרם),קבוצת אוסם סחר שותפות מוגבלת,,,יח`,500,גרם,false,1,6.10,1.22,true,1,
7290107874427,false,מיני פריכונים בטעם זעתר אסם (25 גרם),קבוצת אוסם סחר שותפות מוגבלת,,,יח`,1,,false,1,4.90,4.90,false,1,
7290107874441,false,פריכונים מיני בצל מקורמל אסם (25 גרם),קבוצת אוסם סחר שותפות מוגבלת,,,יח`,1,,false,1,4.90,4.90,false,1,
7290107874502,false,ביסלי גריל קדמ. מארז אחיד 10 4*55 גרם,קבוצת אוסם סחר שותפות מוגבלת,,,יח`,220,גרם,false,1,13.20,6,true,1,
7290107875004,false,פופקורן חמאה ודבש מארז12*20גר',קבוצת אסם סחר שות. מוגבלת,,,יח`,1,,false,1,20.90,20.90,false,1,
7290107875158,false,במבה קלאסי מארז 4 יח' *60ג' אסם,קבוצת אוסם סחר-שות.מוגבלת,,,יח`,240,גרם,false,1,14.20,5.92,true,1,
7290107875271,false,ביסלי ברביקיו קדמ. מארז אחיד10 4*55 גרם,קבוצת אוסם סחר שותפות מוגבלת,,,יח`,220,גרם,false,1,13.20,6,true,1,
7290107877619,false,מארז במבה במילוי קרם נוגט 5*30ג' אסם,קבוצת אוסם סחר שותפות מוגבלת,,,יח`,150,גרם,false,1,16.30,10.87,true,1,
7290107879521,false,קרחון לה פרוטה שרבט תות מאגדת 5יח',נגה גלידות שותפות מוגבלת,,,יח`,350,גרם,false,1,28.50,8.14,false,1,
7290107879569,false,קרחון לה פרוטה שרבט מנגו מאגדת 5יח',נגה גלידות שותפות מוגבלת,,,יח`,350,גרם,false,1,28.50,8.14,false,1,
7290107932080,false,חלב מועשר יוטבתה בבקבוק 3% 1 ליטר,שטראוס גרופ בעמ/מצונן,,,יח`,1000,"מ""ל",false,1,7.80,0.78,false,1,
7290107932134,false,חלב מועשר יוטבתה בבקבוק 1% 1 ליטר,שטראוס גרופ בעמ/מצונן,,,יח`,1000,"מ""ל",false,1,7.80,0.78,false,1,
7290107933155,false,לקט סלנובה 200 גר ירקות שטראוס טעם הטבע,שטראוס בריאות ירקות טריי,,,יח`,200,גרם,false,1,13.20,6.60,false,1,
7290107933193,false,סלק בוואקום מבושל שטראוס (500 גרם),ביכורי השדה הצפון בעמ` 1964,,,יח`,500,גרם,false,1,7.90,1.58,false,1,
7290107934473,false,שמינייה יוגורט לבן אקטיביה 1.5% דנונה 150 גרם,שטראוס גרופ בעמ/מצונן,,,יח`,1.20,1 ליטר,false,1,20.30,16.92,false,1,
7290107936309,false,דנונה יוגורט 7% יווני לבן 130 ג',שטראוס גרופ בעמ/מצונן,,,יח`,130,גרם,false,1,3.50,2.69,false,1,
7290107936958,false,עד חצות ביסקוויט אצבעות שוקולד 125 גרם,ביסקוויטס טור ד'\אלבון,,,יח`,125,גרם,false,1,12.20,9.76,false,1,
7290107936965,false,עיגולים עד חצות עם שוקולד חלב 225 גר,ביסקווטרי עוגיות סנט,,,יח`,225,גרם,false,1,12.90,5.73,false,1,
7290107937542,false,משקה יוגורט אקטיביה עם תות 1.2% שומן,שטראוס גרופ בעמ/מצונן,,,יח`,250,"מ""ל",false,1,4.90,1.96,false,1,
7290107937627,false,מסטיק מאסט Must קוביות ללא סוכר בטעם מנטה עדינה,שטראוס גרופ בע`מ,,,יח`,58,גרם,false,1,11.50,19.83,true,1,
7290107937634,false,צנצנית מסטיק מאסט קוביות פפירמינט 58 ג' עלית,שטראוס גרופ בע`מ,,,יח`,58,גרם,false,1,11.50,19.83,true,1,
7290107937641,false,צנצנת קוביות בזוקה גומי לעיסה 58גר,שטראוס גרופ בע`מ,,,יח`,58,גרם,false,1,11.50,19.83,true,1,
7290107937856,false,קפסולות 11חזק למכונות נספרסו עלית 10יח',הנסיך- מפעל לייצור ט,,,יח`,50,גרם,false,1,18.50,37,true,1,
7290107938396,false,שמיניית אקטימל תות דיסני בנים 108 גרם,שטראוס גרופ בעמ/מצונן,,,יח`,864,גרם,false,1,20.90,2.42,false,1,
7290107939027,false,גזר דק דק 250 גר שטראוס ירקות טעם הטבע,שטראוס בריאות ירקות טריי,,,יח`,250,גרם,false,1,7.90,3.16,false,1,
7290107943369,false,קוואקר שיבולת שועל ללא גלוטן 511 גרם,שטראוס פריטו ליי בע`מ,,,יח`,511,גרם,false,1,21.40,4.19,false,1,
7290107944243,false,אפיפיות בטעם שוקולד 200 גרם כשר לפסח,"שטראוס גרופ בע""\מ",,,יח`,200,גרם,false,1,7.90,3.95,false,1,
7290107944472,false,סימפוניה גבינה במרקם שמנת 5% שום שמיר,שטראוס גרופ בעמ/מצונן,,,יח`,200,גרם,false,1,12.20,6.10,true,1,
7290107945165,false,קונפיטורת משמש יד מרדכי 340 גרם,אף.סי תבליני בגליל ב,,,יח`,340,גרם,false,1,12.90,3.79,false,1,
7290107950190,false,מעדן חלב דל קלוריות בטעם שוקולד מריר 0.5% שומן,שטראוס גרופ בעמ/מצונן,,,יח`,130,גרם,false,1,3.30,2.54,false,1,
7290107950206,false,מעדן דיאט שוקולד שטראוס 130 גרם,שטראוס גרופ בעמ/מצונן,,,יח`,130,גרם,false,1,3.30,2.54,false,1,
7290107951104,false,בפלות ופלים ארוכים בטעם שוקולד,"שטראוס גרופ בע""\מ",,,יח`,200,גרם,false,1,4.90,2.45,false,1,
7290107953559,false,"מארז קפה טורקי עלית לדרך כשל""פ 168 גרם",הנסיך- מפעל לייצור ט,,,יח`,168,גרם,false,1,19.50,11.61,false,1,
7290107954709,false,"קונפיטורת פירות יער ""יד מרדכי"" 340 גר'",שטראוס גרופ בע`מ,,,יח`,340,גרם,false,1,12.90,3.79,false,1,
7290107954976,false,משקה חלב PRO עם קפה 1.5% 25 גרם חלבון בבקבוק,שטראוס גרופ בעמ/מצונן,,,יח`,350,"מ""ל",false,1,6.70,1.91,false,1,
7290107956925,false,קפסולות 13 אוגנדה למכונת נספרסו עלית 10יח',שטראוס קפה בי.וי.,,,יח`,50,גרם,false,1,18.50,37,true,1,
7290107956932,false,קפסולות אספרסו אידונזיה למכונות 50 גר,שטראוס קפה בי.וי.,,,יח`,50,גרם,false,1,18.50,37,true,1,
7290107957991,false,מילקי CAKE מיניס קרם חלב בציפוי שוקולד חלב שקית 16X9ג',בובארד איטליה אס.פי.איי,,,יח`,144,גרם,false,1,13.90,9.65,true,1,
7290107958035,false,יוגורט במתיקות מעודנת 2% ללא תוספת סוכר- מארז 8 יח,שטראוס גרופ בעמ/מצונן,,,יח`,1.20,1 ליטר,false,1,18.90,15.75,false,1,
7290107971539,false,פרי חטיף בוטנים וקשיו עם שוקולד מריר 125 גרם,אמקו סאם מילס ספול.,,,יח`,140,גרם,false,1,16.90,12.07,false,1,
7290107973861,false,מאסטר שף עגבניות קצוצות דק שלישיה 400ג*3 כשלפ,קונסרזיו קאסאלאסקו ד,,,יח`,1200,גרם,false,1,16.90,1.41,false,1,
7290107974066,false,"עלי טורטיה קמח מלא 20ס""מ 8יח' מאסטר שף 320ג'",אלקאטי קורביישיסי גי,,,יח`,320,גרם,false,1,11.20,3.50,false,1,
7290107974073,false,עלי טורטיה קמח לבן 320 גר`מנה מאסטר שף,אלקאטי קורביישיסי גי,,,יח`,320,גרם,false,1,11.20,3.50,false,1,
7290107974080,false,עלי טורטיה קמח לבן 744 גר`מנה מאסטר שף,הדקלאים אגודת שיתופי,,,יח`,744,גרם,false,1,16.90,2.27,false,1,
7290107974301,false,ליידי ספיד סטיק - דאודורנט ג'ל לאישה אלוורה 45 גרם,ליידי ספיד סטיק Lady Speed Stick,,,יח`,65,"מ""ל",false,1,16.90,26,false,1,
7290107974806,false,"אורז בסגנון בסמטי 1ק""ג מאסטר שף",דווה סינג שיהם סינג,,,יח`,1,"ק""ג",false,1,13.90,13.90,false,1,
7290107974813,false,מאסטר שף אורז יסמין 1 קג`,טאומי אינטרפרייד,,,יח`,1000,גרם,false,1,11.90,1.19,false,1,
7290107974820,false,ממרח בטעם ספייסי מיונז מאסטר שף 250 גרם,רמיה סי.וי.הולנד,,,יח`,252,גרם,false,1,9.10,3.61,false,1,
7290107974837,false,מנה מאסטר שף ממרח מתובל שום 246 גר,רמיה סי.וי.הולנד,,,יח`,253,גרם,false,1,9.10,3.60,false,1,
7290107975360,false,ליידי ספיד סטיק פיור פרשנס ג'ל נשים 65ג',ליידי ספיד סטיק Lady Speed Stick,,,יח`,65,"מ""ל",false,1,18.90,29.08,true,1,
7290107978347,false,איטריות בינוניות מאסטר שף 400 גרם,הדקלאים אגודת שיתופי,,,יח`,400,גרם,false,1,6.90,1.73,false,1,
7290108201864,false,קולון קפסולות גל לכביסה 28 יחידות,רקיט בנקיזר (ניר איסט) בעמ,,,יח`,1,,false,1,24.90,24.90,false,1,
7290108350128,false,סנו סושי שקיות אשפה חזקות במיוחד 40 יח',החברה הדרומית לשיווק בעמ,,,יח`,1,,false,1,24.90,24.90,false,1,
7290108350142,false,"שקיות רב שימושיות גדולות 25*35 ס""מ סנו סושי 270 יחידות",החברה הדרומית לשיווק בעמ,,,יח`,1,,false,1,12.90,12.90,false,1,
7290108350203,false,"סנו סושי כריות קרצוף+ספוג מקציף 6 יחידות 12X9 ס""מ",החברה הדרומית לשיווק בעמ,,,יח`,1,,false,1,11.90,11.90,false,1,
7290108350258,false,נייר טואלט דו שכבתי ארוך פי 3 - מארז 12 גלילים,החברה הדרומית לשיווק בעמ,,,יח`,1,,false,1,44.90,44.90,true,1,
7290108350586,false,נוזל לניקוי כלים סנו ספארק Spark בניחוח לימון רענן,החברה הדרומית לשיווק בעמ,,,יח`,1.50,1 ליטר,false,1,15.90,10.60,true,1,
7290108350616,false,סנו - מקסימה מרכך כביסה מרוכז פריחה כחולה 1 ליטר,החברה הדרומית לשיווק בעמ,,,יח`,1,1 ליטר,false,1,18.90,18.90,true,1,
7290108350623,false,מרכך כביסה סופר מרוכז סופט סילק מקסימה 1 ל' סנו,החברה הדרומית לשיווק בעמ,,,יח`,1,1 ליטר,false,1,18.90,18.90,true,1,
7290108351149,false,ג'ל ניקוי כללי בתוספת אבקת סודה ריח כביסה סנו ג'ט 1.5 ליטר,החברה הדרומית לשיווק בעמ,,,יח`,1.50,1 ליטר,false,1,13.90,9.27,true,1,
7290108351507,false,מרכך כביסה אינספרישיין סנו מקסימה 4 ליטר,החברה הדרומית לשיווק בעמ,,,יח`,4,1 ליטר,false,1,22.40,5.60,true,1,
7290108351606,false,מטהר אוויר בלו בלוסום סנו פרש הום 350 מל,החברה הדרומית לשיווק בעמ,,,יח`,350,"מ""ל",false,1,12.90,3.69,true,1,
7290108351699,false,סנו - ג'ט מטליות לחות לניקוי כללי בתוספת חומץ לבנדר שלישיה,החברה הדרומית לשיווק בעמ,,,יח`,1,,false,1,20.90,20.90,true,1,
7290108351781,false,ג'ל לניקוי אסלות + חומץ ומלח לימון בריח הדרים,החברה הדרומית לשיווק בעמ,,,יח`,750,"מ""ל",false,1,10.90,1.45,true,1,
7290108351804,false,מרכך כביסה סופר מרוכז Gentl Breeze סנו מקסימה 1 ליטר,החברה הדרומית לשיווק בעמ,,,יח`,1,1 ליטר,false,1,18.90,18.90,true,1,
7290108351811,false,מרכך כביסה סופר מרוכז Floral touch סנו מקסימה 1 ליטר,החברה הדרומית לשיווק בעמ,,,יח`,1,1 ליטר,false,1,18.90,18.90,true,1,
7290108351835,false,מרכך כביסה Pure Sensation סנו מקסימה 4 ליטר,החברה הדרומית לשיווק בעמ,,,יח`,4000,"מ""ל",false,1,22.40,0.56,true,1,
7290108351910,false,סנו ספארק טבליות למדיח 30 יחידות,החברה הדרומית לשיווק בעמ,,,יח`,1,,false,1,20.90,20.90,false,1,
7290108351927,false,סנו ספארק טבליות למדיח 70 יחידות,החברה הדרומית לשיווק בעמ,,,יח`,1,,false,1,39.90,39.90,false,1,
7290108351989,false,סנופרש הום מבשם לבית בניחוח מלון מפנק,החברה הדרומית לשיווק בעמ,,,יח`,200,"מ""ל",false,1,13.50,6.75,true,1,
7290108352009,false,סנו ספארק קפסולות למדיח כלים 50 יחידות,החברה הדרומית לשיווק בעמ,,,יח`,1,,false,1,39.90,39.90,false,1,
7290108352092,false,משחת שיניים אורביטול פרוטקטיב סולט בטעם מנטה,טרופיקל דגיל תעשיות קוסמ,,,יח`,145,גרם,false,1,18.90,13.03,true,1,
7290108352207,false,מקסימה 40 קפסולות לכביסה בניחוח fresh burst,החברה הדרומית לשיווק בעמ,,,יח`,1,,false,1,37.90,37.90,true,1,
7290108352214,false,סנו - מקסימה קפסולות כביסה בניחוח בריזה מרעננת 40 יח',החברה הדרומית לשיווק בעמ,,,יח`,1,,false,1,37.90,37.90,true,1,
7290108352290,false,שלישיית מטליות לחיטוי ולניקוי יסודי לחדר האמבטיה סדרת 99.9%,החברה הדרומית לשיווק בעמ,,,יח`,1,,false,1,20.90,20.90,true,1,
7290108352399,false,ריצפז פרש הום בניחוח מרכך כביסה פלורל טאצ',החברה הדרומית לשיווק בעמ,,,יח`,2,1 ליטר,false,1,22.90,11.45,true,1,
7290108352443,false,סנובון מוצק לניקוי אסלה כחול סנו 3 יחידות,החברה הדרומית לשיווק בעמ,,,יח`,165,גרם,false,1,18.90,11.45,true,1,
7290108352450,false,ריצפז פרש הום בניחוח מרכך כביסה בלו בלוסום,החברה הדרומית לשיווק בעמ,,,יח`,2,1 ליטר,false,1,22.90,11.45,true,1,
7290108352535,false,סנו - מקסימה דפי בישום לחים למייבש הכביסה בניחוח מרכך כביסה,טרופיגל דגיל תעשיות קוסמ,,,יח`,1,,false,1,13.90,13.90,false,1,
7290108352566,false,מרכך כביסה בבישום עוצמתי 4 ל' סנו מקסינה,החברה הדרומית לשיווק בעמ,,,יח`,4000,"מ""ל",false,1,22.40,0.56,true,1,
7290108352641,false,סנו סושי מטלית הפלא לניקוי כללי במארז שלישייה,החברה הדרומית לשיווק בעמ,,,יח`,1,,false,1,15.90,15.90,false,1,
7290108352672,false,צמד מטליות הפלא לרצפה מיקרפייבר סנו סושי,החברה הדרומית לשיווק בעמ,,,יח`,1,,false,1,20.90,20.90,true,1,
7290108352788,false,סנו סושי שקיות זיפר לאוכל L 20 יחידות,החברה הדרומית לשיווק בעמ,,,יח`,1,,false,1,12.90,12.90,true,1,
7290108352825,false,ספוג הפלא נירוסטה סנו סושי 3יח',החברה הדרומית לשיווק בעמ,,,יח`,1,,false,1,12.90,12.90,true,1,
7290108352870,false,סנו סושי שקיות צלייה 10יח' מידה XL,החברה הדרומית לשיווק בעמ,,,יח`,1,,false,1,9.90,9.90,false,1,
7290108352900,false,מגבות נייר בגליל כפול סנו סושי 12=6 גלילים,החברה הדרומית לשיווק בעמ,,,יח`,1,,false,1,25.90,25.90,true,1,
7290108353082,false,ממחטות אף בקופסה 2 שכבות סנו סופט 120 דף,החברה הדרומית לשיווק בעמ,,,יח`,1,,false,1,7.90,7.90,false,1,
7290108353099,false,ממחטות אף במארז ניילון סנו סופט 5 יח' * 100 דף,החברה הדרומית לשיווק בעמ,,,יח`,1,,false,1,12.90,12.90,false,1,
7290108353334,false,"שמפו למניעת קשקשים עם שמן עץ התה ואסאי 700 מ""ל כיף",החברה הדרומית לשיווק בעמ,,,יח`,700,"מ""ל",false,1,12.90,1.84,true,1,
7290108353501,false,"שקיות אשפה ענקיות עם ידיות ענקיות 75*90 ס""מ סנו סושי 25 יחידות",החברה הדרומית לשיווק בעמ,,,יח`,1,,false,1,20.90,20.90,false,1,
7290108353532,false,"שקיות אשפה חזקות עם שרוך לארג' 54 * 65 ס""מ סנו סושי 100 יחידות",החברה הדרומית לשיווק בעמ,,,יח`,1,,false,1,30.90,30.90,true,1,
7290108353648,false,סנו סושי - שקיות אוכל מנייר 70 יחידות,החברה הדרומית לשיווק בעמ,,,יח`,1,,false,1,12.90,12.90,false,1,
7290108353686,false,מטלית חלומית לרצפה סנו סושי 1 יחידה,החברה הדרומית לשיווק בעמ,,,יח`,1,,false,1,12.90,12.90,true,1,
7290108353709,false,סושי כפפות ניטריל שחורות 80 יחידות S,החברה הדרומית לשיווק בעמ,,,יח`,1,,false,1,30.90,30.90,true,1,
7290108353808,false,"תחליב רחצה מדגסקר נקה 7 בניחוח אמבר 750 מ""ל",החברה הדרומית לשיווק בעמ,,,יח`,750,"מ""ל",false,1,11.90,1.59,true,1,
7290108353839,false,סושי כפפות ניטריל שחורות 80 יחידות M,החברה הדרומית לשיווק בעמ,,,יח`,1,,false,1,30.90,30.90,true,1,
7290108353846,false,סושי כפפות ניטריל שחורות 80 יחידות L,החברה הדרומית לשיווק בעמ,,,יח`,1,,false,1,30.90,30.90,true,1,
7290108354164,false,"כיף שלישיית אל סבון קטיפתי מועשר בשמנים 3*500 מ""ל",החברה הדרומית לשיווק בעמ,,,יח`,1500,"מ""ל",false,1,20.90,1.39,true,1,
7290108354270,false,מרכך כביסה מרוכז בבישום עוצמתי 1 ל' סנו מקסימה,החברה הדרומית לשיווק בעמ,,,יח`,1,1 ליטר,false,1,18.90,18.90,true,1,
7290108354430,false,"שמפו כיף לשיקום והזנה שמן קוקוס וקרטין 700 מ""ל",החברה הדרומית לשיווק בעמ,,,יח`,700,"מ""ל",false,1,12.90,1.84,true,1,
7290108354447,false,"מרכך כיף לשיקום והזנה שמן קוקוס וקרטין 700 מ""ל",החברה הדרומית לשיווק בעמ,,,יח`,700,"מ""ל",false,1,12.90,1.84,true,1,
7290108354607,false,"שמפו בניחוח מי קקטוס ושמן באבאסו 750 מ""ל נקה 7",החברה הדרומית לשיווק בעמ,,,יח`,750,"מ""ל",false,1,11.90,1.59,true,1,
7290108354614,false,"מרכך בניחוח מי קקטוס ושמן באבאסו 750 מ""ל נקה 7",החברה הדרומית לשיווק בעמ,,,יח`,750,"מ""ל",false,1,11.90,1.59,true,1,
7290108354751,false,"סנו - ג'ט מרסס לניקוי כללי בתוספת אבקת סודה 750 מ""ל",החברה הדרומית לשיווק בעמ,,,יח`,750,"מ""ל",false,1,13.90,1.85,true,1,
7290108355147,false,תחליב רחצה שמנהי הזנה נקה (7507 מל),טרופיקל דגיל תעשיות קוסמ,,,יח`,750,"מ""ל",false,1,11.90,1.59,true,1,
7290108355154,false,נקה 7 שמפו לשיער שמני הזנה 750 מל,החברה הדרומית לשיווק בעמ,,,יח`,750,"מ""ל",false,1,11.90,1.59,true,1,
7290108355208,false,"שמפו קרטין אינטנס למניעת קשקשים נטורל 400 מ""ל",החברה הדרומית לשיווק בעמ,,,יח`,410,"מ""ל",false,1,31.90,7.78,false,1,
7290108356021,false,כיף תחליב רחצה בניחוח גלידת קרם עוגיות,החברה הדרומית לשיווק בעמ,,,יח`,700,"מ""ל",false,1,12.90,1.84,true,1,
7290108356045,false,"כיף תחליב רחצה בניחוח גלידת סוכריות ג'לי 700 מ""ל",החברה הדרומית לשיווק בעמ,,,יח`,700,"מ""ל",false,1,12.90,1.84,true,1,
7290108356106,false,כיף תחליב רחצה חלב שקדים 700 מל,החברה הדרומית לשיווק בעמ,,,יח`,700,"מ""ל",false,1,12.90,1.84,true,1,
7290108356113,false,תחליב רחצה כיף ניחוח דבש 700 מל,החברה הדרומית לשיווק בעמ,,,יח`,700,"מ""ל",false,1,12.90,1.84,true,1,
7290108356120,false,תחליב רחצה כיף ניחוח קוקוס וניל700 מל,החברה הדרומית לשיווק בעמ,,,יח`,700,"מ""ל",false,1,12.90,1.84,true,1,
7290108356137,false,תחליב רחצה כיף ניחוח לבנדר 700 מל,החברה הדרומית לשיווק בעמ,,,יח`,700,"מ""ל",false,1,12.90,1.84,true,1,
7290108356168,false,תחליב רחצה כיף ניחוח אוקיינס700 מל,החברה הדרומית לשיווק בעמ,,,יח`,700,"מ""ל",false,1,12.90,1.84,true,1,
7290108356489,false,"כיף - תחליב רחצה אפרסק וחמאת מורומורו 700 מ""ל",החברה הדרומית לשיווק בעמ,,,יח`,700,"מ""ל",false,1,12.90,1.84,true,1,
7290108356519,false,קרליין שמפו 10למניעת קשקשים 700מל,החברה הדרומית לשיווק בעמ,,,יח`,700,"מ""ל",false,1,15.90,2.27,true,1,
7290108356526,false,"קרליין - שמפו 10 לשיער יבש 700 מ""ל",החברה הדרומית לשיווק בעמ,,,יח`,700,"מ""ל",false,1,15.90,2.27,true,1,
7290108356533,false,קרוליין 10 שמפו לשיער מתולתל 700 מל,החברה הדרומית לשיווק בעמ,,,יח`,700,"מ""ל",false,1,15.90,2.27,true,1,
7290108356564,false,"קרליין - מרכך 10 לשיער רגיל 700 מ""ל",החברה הדרומית לשיווק בעמ,,,יח`,700,"מ""ל",false,1,15.90,2.27,true,1,
7290108356588,false,קרוליין 10 מרכך לשיער מתולתל 700 מל,החברה הדרומית לשיווק בעמ,,,יח`,700,"מ""ל",false,1,15.90,2.27,true,1,
7290108356809,false,סבון בוטני ורד ומרווה לניקוי וטיפוח הידיים טבעוני 1 ל' כיף,החברה הדרומית לשיווק בעמ,,,יח`,1,1 ליטר,false,1,15.90,15.90,true,1,
7290108357004,false,כיף שמפו ורד ושמן קוקוי לרכות וברק,החברה הדרומית לשיווק בעמ,,,יח`,700,"מ""ל",false,1,12.90,1.84,true,1,
7290108357011,false,כיף קונדישינר לשיער שמן קוקוי 700 מל,החברה הדרומית לשיווק בעמ,,,יח`,700,"מ""ל",false,1,12.90,1.84,true,1,
7290108357028,false,"תחליב רחצה כיף ורד ושמן קוקוי 700 מ""ל",החברה הדרומית לשיווק בעמ,,,יח`,700,"מ""ל",false,1,12.90,1.84,true,1,
7290108357073,false,"קרליין - נושם ביו דאודורנט ספריי 150 מ""ל Blossoms Citrus לאישה",החברה הדרומית לשיווק בעמ,,,יח`,150,"מ""ל",false,1,13.90,9.27,true,1,
7290108357097,false,"קרליין - נושם ביו דאודורנט ספריי 150 מ""ל Velvet Rose לאישה",החברה הדרומית לשיווק בעמ,,,יח`,150,"מ""ל",false,1,13.90,9.27,true,1,
7290108357189,false,"מבשם ומרכך למייבש הכביסה מקסימה פלורל 750 מ""ל סנו",החברה הדרומית לשיווק בעמ,,,יח`,750,"מ""ל",false,1,18.90,2.52,true,1,
7290108357264,false,"פרש אוטומטי מילוי בניחוח מרכך הכביסה אולטרה 375 מ""ל סנו",החברה הדרומית לשיווק בעמ,,,יח`,250,"מ""ל",false,1,14.90,5.96,false,1,
7290108357288,false,אקונומיקה ז'אוול בניחוח פריחה לבנה 4 ל' סנו,החברה הדרומית לשיווק בעמ,,,יח`,4000,"מ""ל",false,1,17.90,0.45,false,1,
7290108357295,false,"מרסס אוקסיג'ן מסיר כתמים סנו לכביסה לבנה 750 מ""ל",החברה הדרומית לשיווק בעמ,,,יח`,750,"מ""ל",false,1,19.90,2.65,true,1,
7290108357516,false,"קרמה - סבון ידיים וניל ופלפל ורוד 500 מ""ל",החברה הדרומית לשיווק בעמ,,,יח`,500,"מ""ל",false,1,13.90,2.78,false,1,
7290108357653,false,סנובון ג'ל לאסלה שלישיה בניחוח אוקיינוס,החברה הדרומית לשיווק בעמ,,,יח`,1,,false,1,15.90,15.90,false,1,
7290108357707,false,"כיף שמפו לשיער רגיל- תפוח זרעי צ'יה 700 מ""ל",החברה הדרומית לשיווק בעמ,,,יח`,700,"מ""ל",false,1,12.90,1.84,true,1,
7290108357714,false,"כיף שמפו לשיער יבש -רימונים ושמן ארגן 700 מ""ל",החברה הדרומית לשיווק בעמ,,,יח`,700,"מ""ל",false,1,12.90,1.84,true,1,
7290108357769,false,"מרכך לשיער רגיל תפוח וזרעי צ'יה 700 מ""ל כיף",החברה הדרומית לשיווק בעמ,,,יח`,700,"מ""ל",false,1,12.90,1.84,true,1,
7290108357837,false,כיף אל סבון 1 ליטר ג'נסינג שקית מילוי + פקק,החברה הדרומית לשיווק בעמ,,,יח`,1,1 ליטר,false,1,9.90,9.90,true,1,
7290108357851,false,"כיף - ג'ל רחצה אליקסיר אוילס מועשר בשמן קוקוס 700 מ""ל",החברה הדרומית לשיווק בעמ,,,יח`,700,"מ""ל",false,1,12.90,1.84,true,1,
7290108358124,false,דפי בישום לחים למייבש הכביסה בניחוח מרכך כביסה 20 יח' מקסימה,טרופיגל דגיל תעשיות קוסמ,,,יח`,1,,false,1,13.90,13.90,false,1,
7290108359039,false,שקיות אשפה עם ידיות סנו סושי לפחים 30 יחידות,החברה הדרומית לשיווק בעמ,,,יח`,1,,false,1,20.90,20.90,false,1,
7290108359060,false,סנו סושי כריות הפלא רב תכלתיות *4 לשבת,החברה הדרומית לשיווק בעמ,,,יח`,1,,false,1,12.90,12.90,true,1,
7290108359077,false,סנו - סופט לושן ממחטות אף בקופסא 3 שכבות 120 יח',החברה הדרומית לשיווק בעמ,,,יח`,1,,false,1,13.90,13.90,true,1,
7290108359084,false,סנו סושי כיסוי ניילון עם גומי 30 יחידות M,החברה הדרומית לשיווק בעמ,,,יח`,1,,false,1,10.90,10.90,true,1,
7290108359152,false,"תבנית אלומיניום עגולה 25 ס""מ -6 יחי סנו סושי",החברה הדרומית לשיווק בעמ,,,יח`,1,,false,1,10.90,10.90,true,1,
7290108359169,false,"תבנית אלומיניום עגולה 628 ס""מ יחי סנו סושי",החברה הדרומית לשיווק בעמ,,,יח`,1,,false,1,10.90,10.90,true,1,
7290108359176,false,סופט ממחטות אף צמד בשקית לושן 3 שכבות,החברה הדרומית לשיווק בעמ,,,יח`,1,,false,1,13.90,13.90,false,1,
7290108359183,false,שקית אשפה חזקות 70*50 60 יח' סנו סושי,החברה הדרומית לשיווק בעמ,,,יח`,1,,false,1,23.90,23.90,true,1,
7290108359824,false,"כיף - בייבי כיף קרם 500 מ""ל",החברה הדרומית לשיווק בעמ,,,יח`,500,"מ""ל",false,1,20.90,4.18,true,1,
7290108359879,false,"אלסבון בייבי כיף+משאבה 750 מ""ל",החברה הדרומית לשיווק בעמ,,,יח`,750,"מ""ל",false,1,15.90,2.12,true,1,
7290108359985,false,סנו - ז'אוול מרסס קצף לניקוי וחינו בניחוח פריחה לבנה 1 ליטר,החברה הדרומית לשיווק בעמ,,,יח`,1,1 ליטר,false,1,19.90,19.90,true,1,
7290108500677,false,כבד דג שיבוט בשמן דג וילי פוד 115 גרם,ג. וילי-פוד אינטרנשיונל בע`מ,,,יח`,115,גרם,false,1,10.90,9.48,true,1,
7290108501346,false,גבינה מגורדת גאודה 28% שומן EURO CHEESE ויליפוד 500 גרם,ג.וילי-פוד אינטרנשיונל **גבינו,,,יח`,500,גרם,false,1,24.90,4.98,false,1,
7290108501490,false,גבינת מוצרלה פרוסות 150 גר`וילי פוד,ג.וילי-פוד אינטרנשיונל **גבינו,,,יח`,150,גרם,false,1,13.90,9.27,false,1,
7290108502305,false,גבינת גרנה פדנו משולש ויליפוד 150 גרם,ג.וילי-פוד אינטרנשיונל **גבינו,,,יח`,150,גרם,false,1,20.90,13.93,true,1,
7290108502381,false,בסיסים להכנת פיצה קוטר 26 וילי פוד 480ג',ג. וילי-פוד אינטרנשיונל בע`מ,,,יח`,480,גרם,false,1,14.90,3.10,true,1,
7290108502725,false,גבינת גאודה פרוסות ויליפוד 400 גרם,ג.וילי-פוד אינטרנשיונל **גבינו,,,יח`,400,גרם,false,1,20.90,5.23,false,1,
7290108502763,false,גבינת קממבר ויליפוד 200 גרם,ג.וילי-פוד אינטרנשיונל **גבינו,,,יח`,200,גרם,false,1,20.90,10.45,false,1,
7290108503043,false,תפוחונים חטיף פלחים מיובשים מארז 22X4ג',ג. וילי-פוד אינטרנשיונל בע`מ,,,יח`,0,גרם,false,1,15.90,15.90,false,1,
7290108503708,false,פיצה עם פטריות ויליפוד 390 גרם,ג.וילי-פוד אינטרנשיונל **גבינו,,,יח`,390,גרם,false,1,14.90,3.82,false,1,
7290108505184,false,יוגורט עם קוקוס 5% שומן ויליפוד 150 גרם,ג.וילי-פוד אינטרנשיונל **גבינו,,,יח`,150,גרם,false,1,4.90,3.27,true,1,
7290108505375,false,גולדן צהובה פרוסה ויליפוד 400 גרם,ג.וילי-פוד אינטרנשיונל **גבינו,,,יח`,400,גרם,false,1,20.90,5.23,false,1,
7290108505504,false,דונאטס בציפוי קקאו וסוכריות דראג'ה 61 ג',ג.וילי-פוד אינטרנשיונל בעמ,,,יח`,58,גרם,false,1,6.50,11.21,false,1,
7290108505740,false,קשקבל גבינה חצי קשה EURO CHEESE ויליפוד 200 גרם,ג.וילי-פוד אינטרנשיונל **גבינו,,,יח`,200,גרם,false,1,14.90,7.45,true,1,
7290108506426,false,סימיט בייגלה קפוא 400 גר` פינוקים וילי פ,ג.וילי-פוד אינטרנשיונל **גבינו,,,יח`,400,גרם,false,1,14.90,3.73,true,1,
7290108506495,false,"כנאפה מאפה בצק ""שערות"" קדאיף וגבינה",ג.וילי-פוד אינטרנשיונל **גבינו,,,יח`,192.50,גרם,false,1,12.90,6.70,true,1,
7290108506549,false,גליליות וופל במילוי קרם וניל פינוקים 400 גרם,ג. וילי-פוד אינטרנשיונל בע`מ,,,יח`,400,גרם,false,1,13.90,3.48,true,1,
7290108506709,false,גבינת פרמג`אנו ר`גיאנו 150 גר וילי פוד,ג.וילי-פוד אינטרנשיונל **גבינו,,,יח`,150,גרם,false,1,18.90,12.60,false,1,
7290108508031,false,ויליפוד אננס שלם 830 גרם,ג. וילי-פוד אינטרנשיונל בע`מ,,,יח`,830,גרם,false,1,11.90,1.43,false,1,
7290108508765,false,קונכיות פתיתים 400 גרם וילי פוד,ג. וילי-פוד אינטרנשיונל בע`מ,,,יח`,400,גרם,false,1,6.90,1.73,true,1,
7290108509113,false,"גבינה בולגרית מעודנת 18% שומן 250 גרם חת""ס פ""ת",ג.וילי-פוד אינטרנשיונל **גבינו,,,יח`,250,גרם,false,1,12.90,5.16,true,1,
7290108509250,false,"אנטיפסטי ארטישוק+עגבניות מיובשות וצלפים בשמן חמניות 380 מ""ל",ג. וילי-פוד אינטרנשיונל בע`מ,,,יח`,380,גרם,false,1,25.90,6.82,false,1,
7290108509267,false,ארוחת פסטה עם רוטב גבינה ויליפוד 206 גרם,ג. וילי-פוד אינטרנשיונל בע`מ,,,יח`,206,גרם,false,1,8.90,4.32,true,1,
7290108509359,false,פופקורן בציפוי בטעם קרמל ויליפוד 90 גרם,ג. וילי-פוד אינטרנשיונל בע`מ,,,יח`,90,גרם,false,1,6.90,7.67,true,1,
7290108509700,false,אורז פרסי 1 קג`DAAWAT וילי פוד,ג. וילי-פוד אינטרנשיונל בע`מ,,,יח`,1,"ק""ג",false,1,9.90,9.90,false,1,
7290108509755,false,EURO גבינת חלומי 23% שומן 250 גרם,ג.וילי-פוד אינטרנשיונל **גבינו,,,יח`,250,גרם,false,1,25.90,10.36,false,1,
7290108509908,false,"מנת השף בשקית-איטריות בטעם ירקות 85 ג' חתם סופר ב""ב",ג. וילי-פוד אינטרנשיונל בע`מ,,,יח`,1,,false,1,4.90,4.90,true,1,
7290108509915,false,"מנת השף בשקית-איטריות בטעם סיני פיקנטי 85 ג' חתם סופר ב""ב",ג. וילי-פוד אינטרנשיונל בע`מ,,,יח`,1,,false,1,4.90,4.90,true,1,
7290108509939,false,פרוסות פילה טונה בשמן זית כתית מעולה,ג. וילי-פוד אינטרנשיונל בע`מ,,,יח`,120,גרם,false,1,13.90,11.58,true,1,
7290108509960,false,נתחי טונה בהירה בשמן זית כתית מעולה - מארז 3 יח',ג. וילי-פוד אינטרנשיונל בע`מ,,,יח`,240,גרם,false,1,14.90,6.21,false,1,
7290108509984,false,"רוטב סויה 300 מ""ל וילי פוד",ג.וילי-פוד אינטרנשיונל בעמ,,,יח`,300,"מ""ל",false,1,9.90,3.30,false,1,
7290108509991,false,"רוטב טריאקי 300 מ""ל וילי פוד",ג.וילי-פוד אינטרנשיונל בעמ,,,יח`,300,"מ""ל",false,1,9.90,3.30,false,1,
7290109351025,false,מלך החומוס חומוסטחינה 40% טחינה גולמית,קבוצת אוסם סחר שותפות מוגבלת,,,יח`,400,גרם,false,1,15.20,3.80,false,1,
7290109352916,false,פריכיות דגנים פיטנס מצופות שוקולד לבן,קבוצת אוסם סחר שותפות מוגבלת,,,יח`,84,גרם,false,1,16.30,19.40,false,1,
7290109353517,false,פסטה פאפארדלה אסם פרפקטו (500 גרם),קבוצת אסם סחר שות. מוגבלת,,,יח`,500,גרם,false,1,8.90,1.78,false,1,
7290109354057,false,קרחון לה פרוטה שרבט אננס תפוז מאגדת 5 יח',נגה גלידות שותפות מוגבלת,,,יח`,350,גרם,false,1,28.50,8.14,false,1,
7290109354972,false,אוסם - פתי בר וניל חלבי ללא גלוטן 200 גרם,קבוצת אוסם סחר שותפות מוגבלת,,,יח`,200,גרם,false,1,11.20,5.60,true,1,
7290109358284,false,"שניצל תירס עם חלבון 664 גר' ""טבעול""",קבוצת אוסם סחר שותפות מוגבלת,,,יח`,664,גרם,false,1,25.40,3.83,false,1,
7290109358482,false,עוגיות קרמוגית במילוי קרם בטעם חלבה,קבוצת אוסם סחר שותפות מוגבלת,,,יח`,200,גרם,false,1,13.20,6.60,false,1,
7290109580043,false,"שניצל תירס קלאסי זוגלובק 1.75 ק""ג",נקניק זוגלובק נהריה,,,יח`,1.80,גרם,false,1,50.90,2827.78,true,1,
7290109580098,false,קבנוס בטעם סרירצ'ה זוגלובק 135 גרם,נקניק זוגלובק נהריה,,,יח`,135,גרם,false,1,12.50,9.26,true,1,
7290109580104,false,רוסטביף פרימיום זוגלובק 150 גרם,נקניק זוגלובק נהריה,,,יח`,150,גרם,false,1,25.90,17.27,false,1,
7290109580111,false,צלעות אסאדו מעושנות פרימיום זוגלובק 120 גרם,נקניק זוגלובק נהריה,,,יח`,150,גרם,false,1,25.90,17.27,false,1,
7290109580135,false,קורנדביף פרימיום 180 גרם זוגלובק,נקניק זוגלובק נהריה,,,יח`,180,גרם,false,1,25.90,14.39,false,1,
7290109580166,false,סרוולד קלאסי פרימיום זוגלובק 150 גרם,נקניק זוגלובק נהריה,,,יח`,150,גרם,false,1,25.90,17.27,false,1,
7290109580210,false,נקנקיות ריינהולד'ס הצרפתיה זוגלובק 300 ג',נקניק זוגלובק נהריה,,,יח`,300,גרם,false,1,21.40,7.13,false,1,
7290109580227,false,נקניקיות עוף ובקר בסגנון ברלינאי קאריוורסט,נקניק זוגלובק נהריה,,,יח`,300,גרם,false,1,21.40,7.13,false,1,
7290109580241,false,נאגטס מן הצומח זוגלובק 500 גרם,נקניק זוגלובק נהריה,,,יח`,500,גרם,false,1,22.90,4.58,false,1,
7290109580319,false,"בורגר וונדרס 0% בשר , טבעוני",זוגלובק שיווק בעמ ו/או וונדרס,,,יח`,280,גרם,false,1,30.90,11.04,true,1,
7290109580432,false,פסטרמה חזה הודו מעושן דק דק זוגלובק 120 גרם,נקניק זוגלובק נהריה,,,יח`,120,גרם,false,1,14.80,12.33,true,1,
7290109920665,false,אסטוניש מרסס מסיר אוכל שרוף במטבח יעקובי,יעקב יעקבי ובניו בע`מ,,,יח`,750,"מ""ל",false,1,11.90,1.59,false,1,
7290109921075,false,"נוזל דזיטול מחטא בגדים בכביסה 500 מ""ל","יעקב יעקבי ובניו בע""מ",,,יח`,500,"מ""ל",false,1,13.90,2.78,false,1,
7290109921488,false,"דורגול לניקוי וחיטוי מכונת הכביסה יעקבי 500 מ""ל","יעקב יעקבי ובניו בע""מ",,,יח`,500,"מ""ל",false,1,30.90,6.18,false,1,
7290109922843,false,האקונומיקה המובילה באירופה נוסחה ייחודית מרוכז 2 ל,יעקב יעקבי ובניו בעמ,,,יח`,2,"מ""ל",false,1,12.90,645,false,1,
7290110110277,false,"סומרסבי סיידר תפוחים אלכוהולי 4*300 מ""ל",החברה המרכזית להפצת משקאות בעמ,,,יח`,1.32,1 ליטר,false,1,37.70,27.65,true,1,
7290110110369,false,"שישייה בירה קרלסברג LUMA בקבוק 330 מ""ל",החברה המרכזית להפצת משקאות בעמ,,,יח`,1980,"מ""ל",false,1,34.90,1.67,false,1,
7290110110574,false,פחית קוקה קולה סליק זירו לימון 330 מל,החברה המרכזית להפצת משקאות בעמ,,,יח`,330,"מ""ל",false,1,4.30,1.21,true,1,
7290110110659,false,"ספרייט לימון ליים פחית 330מ""ל",החברה המרכזית להפצת משקאות בעמ,,,יח`,330,"מ""ל",false,1,4.30,1.21,true,1,
7290110112257,false,פחית קוקה קולה 250 מל+קפה,החברה המרכזית להפצת משקאות בעמ,,,יח`,250,"מ""ל",false,1,3.90,1.44,false,1,
7290110113476,false,בירה קרלסברג ללא אלכוהול - שישייה,החברה המרכזית להפצת משקאות בעמ,,,יח`,1.98,1 ליטר,false,1,28.90,13.69,false,1,
7290110114787,false,נביעות+ מים מינרליים בטעם תפוח 1.5 ליטר,החברה המרכזית להפצת משקאות בעמ,,,יח`,1.50,1 ליטר,false,1,9.20,5.93,false,1,
7290110114794,false,נביעות+ מים מינרליים בטעם אפרסק 1.5 ליטר,החברה המרכזית להפצת משקאות בעמ,,,יח`,1.50,1 ליטר,false,1,9.20,5.93,false,1,
7290110114800,false,נביעות+ מים מינרליים בטעם ענבים 1.5 ליטר,החברה המרכזית להפצת משקאות בעמ,,,יח`,1.50,1 ליטר,false,1,9.20,5.93,false,1,
7290110114855,false,"נביעות מים מינרליים, שישיה 6 * 1.5 ליטר פקדון",החברה המרכזית להפצת משקאות בעמ,,,יח`,9,1 ליטר,false,1,13.90,1.34,false,1,
7290110114893,false,מיץ תפוזים מפוסטר סחוט 2 ליטר,החברה המרכזית טלהפצת משקאות בע,,,יח`,2,1 ליטר,false,1,30.90,15.30,true,1,
7290110114961,false,משקה קל בטעם תפוזים פריגת (1.5 ליטר),החברה המרכזית להפצת משקאות בעמ,,,יח`,1500,"מ""ל",false,1,9.90,0.64,false,1,
7290110114985,false,משקה קל בטעם אשכוליות פריגת (1.5 ליטר),החברה המרכזית להפצת משקאות בעמ,,,יח`,1500,"מ""ל",false,1,9.90,0.64,false,1,
7290110114992,false,משקה קל בטעם אשכוליות לייט פריגת (1.5 לי,החברה המרכזית להפצת משקאות בעמ,,,יח`,1500,"מ""ל",false,1,9.90,0.64,false,1,
7290110115005,false,משקה קל בטעם ענבים פריגת (1.5 ליטר),החברה המרכזית להפצת משקאות בעמ,,,יח`,1500,"מ""ל",false,1,9.90,0.64,false,1,
7290110115029,false,משקה קל בטעם תפוחים פריגת (1.5 ליטר),החברה המרכזית להפצת משקאות בעמ,,,יח`,1500,"מ""ל",false,1,9.90,0.64,false,1,
7290110115036,false,משקה קל בטעם מנגו פריגת (1.5 ליטר),החברה המרכזית להפצת משקאות בעמ,,,יח`,1500,"מ""ל",false,1,9.90,0.64,false,1,
7290110115043,false,משקה קל בטעם לימונענע פריגת (1.5 ליטר),החברה המרכזית להפצת משקאות בעמ,,,יח`,1500,"מ""ל",false,1,9.90,0.64,false,1,
7290110115050,false,משקה קל בטעם תות בננה פריגת (1.5 ליטר),החברה המרכזית להפצת משקאות בעמ,,,יח`,1500,"מ""ל",false,1,9.90,0.64,false,1,
7290110115081,false,פריגת צלול ענבים 1.5 ליטר פיקדון,החברה המרכזית להפצת משקאות בעמ,,,יח`,1500,"מ""ל",false,1,9.90,0.64,false,1,
7290110115104,false,פריגת צלול אפרסק 1.5 ליטר פיקדון,החברה המרכזית להפצת משקאות בעמ,,,יח`,1500,"מ""ל",false,1,9.90,0.64,false,1,
7290110115111,false,פריגת צלול אננס 1.5 ליטר פיקדון,החברה המרכזית להפצת משקאות בעמ,,,יח`,1500,"מ""ל",false,1,9.90,0.64,false,1,
7290110115128,false,פריגת צלול בטעם לימונענע 1.5 ליטר פיקדון,החברה המרכזית להפצת משקאות בעמ,,,יח`,1500,"מ""ל",false,1,9.90,0.64,false,1,
7290110115180,false,נביעות מים מינרלים שקט 1.5 ליטר פיקדון,החברה המרכזית להפצת משקאות בעמ,,,יח`,1.50,"מ""ל",false,1,3,180,true,1,
7290110115203,false,קוקה קולה 1.5 ליטר פיקדון,החברה המרכזית להפצת משקאות בעמ,,,יח`,0,1 ליטר,false,1,9.20,9.20,false,1,
7290110115210,false,קוקה קולה דיאט 1.5 ליטר פיקדון,החברה המרכזית להפצת משקאות בעמ,,,יח`,1.50,1 ליטר,false,1,9.20,5.93,false,1,
7290110115227,false,קוקה קולה Zero בקבוק 1.5 ליטר פיקדון,החברה המרכזית להפצת משקאות בעמ,,,יח`,1.50,1 ליטר,false,1,9.20,5.93,false,1,
7290110115234,false,קוקה קולה דיאט זירו 1.5 ליטר פיקדון,החברה המרכזית להפצת משקאות בעמ,,,יח`,1500,"מ""ל",false,1,9.20,0.59,false,1,
7290110115241,false,קוקה קולה דיאט לימון 1.5 ליטר פיקדון,החברה המרכזית להפצת משקאות בעמ,,,יח`,1500,"מ""ל",false,1,9.20,0.59,false,1,
7290110115265,false,ספרייט לימון ליים 1.5 ליטר-,החברה המרכזית להפצת משקאות בעמ,,,יח`,1.50,1 ליטר,false,1,9.20,5.93,false,1,
7290110115272,false,ZERO ספרייט 1.5 ליטר פיקדון,החברה המרכזית להפצת משקאות בעמ,,,יח`,1.50,1 ליטר,false,1,9.20,5.93,false,1,
7290110115289,false,ספרייט 19 קל' לימון-נענע 1.5 ליטר פיקדון,החברה המרכזית להפצת משקאות בעמ,,,יח`,1.50,1 ליטר,false,1,8.80,5.67,false,1,
7290110115319,false,פאנטה אקזוטי פירות טרופיים 1.5ל פיקדון,החברה המרכזית להפצת משקאות בעמ,,,יח`,1.50,1 ליטר,false,1,9.90,6.40,false,1,
7290110115326,false,פאנטה אורנג`מנגו מוגז 1.5 ליטר פיקדון,החברה המרכזית להפצת משקאות בעמ,,,יח`,1.50,1 ליטר,false,1,9.90,6.40,false,1,
7290110115333,false,גזוז בטעם תות פאנטה 1.5 ליטר פיקדון,החברה המרכזית להפצת משקאות בעמ,,,יח`,1.50,1 ליטר,false,1,9.90,6.40,false,1,
7290110115357,false,קינלי סודה 1.5 ליטר פיקדון,החברה המרכזית להפצת משקאות בעמ,,,יח`,1.50,1 ליטר,false,1,4.70,2.93,false,1,
7290110115364,false,שישייה קוקה קולה 1.5 ליטר פיקדון,החברה המרכזית להפצת משקאות בעמ,,,יח`,9,1 ליטר,false,1,52.90,5.68,false,1,
7290110115371,false,דיאט קוקה קולה שישיות 1.5 ליטר פיקדון,החברה המרכזית להפצת משקאות בעמ,,,יח`,9,1 ליטר,false,1,52.90,5.68,false,1,
7290110115395,false,ספרייט זירו שישיות 1.5 ליטר פיקדון,החברה המרכזית להפצת משקאות בעמ,,,יח`,9,1 ליטר,false,1,52.90,5.68,false,1,
7290110115401,false,קינלי סודה שישייה 1.5 ליטר פיקדון,החברה המרכזית להפצת משקאות בעמ,,,יח`,9,1 ליטר,false,1,17.50,1.74,true,1,
7290110115418,false,קוקה קולה זירו 1.5 ליטר מארז שישייה,החברה המרכזית להפצת משקאות בעמ,,,יח`,9,1 ליטר,false,1,52.90,5.68,false,1,
7290110115425,false,FUZE TEA גרין לימונענע -נענע 1.5 ליטר פיקדון,החברה המרכזית להפצת משקאות בעמ,,,יח`,1.50,1 ליטר,false,1,9.70,6.27,false,1,
7290110115449,false,פיוז-טי תה מנגו אננס 1.5 ליטר פיקדון,החברה המרכזית להפצת משקאות בעמ,,,יח`,1.50,1 ליטר,false,1,9.70,6.27,false,1,
7290110115463,false,פיוז-טי תה אפרסק 1.5 ליטר פיקדון,החברה המרכזית להפצת משקאות בעמ,,,יח`,1.50,1 ליטר,false,1,9.70,6.27,false,1,
7290110115494,false,תה קר בטעם ענבים פיוז טי 1.5 ליטר,החברה המרכזית להפצת משקאות בעמ,,,יח`,1.50,1 ליטר,false,1,9.70,6.27,false,1,
7290110115586,false,פריגת תפוזים 40% פחות סוכר 1.5 ליטר פיקדון,החברה המרכזית להפצת משקאות בעמ,,,יח`,1500,"מ""ל",false,1,9.90,0.64,false,1,
7290110115593,false,פריגת אשכוליות 40% פחות סוכר 1.5 ליטר פיקדון,החברה המרכזית להפצת משקאות בעמ,,,יח`,1500,"מ""ל",false,1,9.90,0.64,false,1,
7290110115616,false,פיוז-טי תה גרין אננס זירו 1.5 ליטר פיקדו,החברה המרכזית להפצת משקאות בעמ,,,יח`,1.50,1 ליטר,false,1,9.70,6.27,false,1,
7290110115623,false,פיוז-טי תה אפרסק זירו 1.5 ליטר פיקדון,החברה המרכזית להפצת משקאות בעמ,,,יח`,1.50,1 ליטר,false,1,9.70,6.27,false,1,
7290110116064,false,פאנטה זירו בטעם פירות ירוק 1.5 ל פיקדון,החברה המרכזית להפצת משקאות בעמ,,,יח`,1.50,1 ליטר,false,1,9.90,6.40,false,1,
7290110116132,false,"סירופ פריגת בטעם לימון 750 מ""ל פיקדון",החברה המרכזית להפצת משקאות בעמ,,,יח`,750,"מ""ל",false,1,25.90,3.45,false,1,
7290110116149,false,"סירופ פריגת בטעם ענבים 750 מ""ל פיקדון",החברה המרכזית להפצת משקאות בעמ,,,יח`,750,"מ""ל",false,1,25.90,3.45,false,1,
7290110116217,false,נביעות+ סדרת 0 קלוריות אשכוליות 1.5 ליטר,החברה המרכזית להפצת משקאות בעמ,,,יח`,1.50,1 ליטר,false,1,9.90,6.40,false,1,
7290110116385,false,"פחיות סטפאני מרשמלו אבטיח תות זירו 330 מ""ל",החברה המרכזית להפצת משקאות בעמ,,,יח`,330,"מ""ל",false,1,4.30,1.21,false,1,
7290110116392,false,"סירופ פריגת בטעם תפוזים 750 מ""ל פיקדון",החברה המרכזית להפצת משקאות בעמ,,,יח`,750,"מ""ל",false,1,25.90,3.45,false,1,
7290110116491,false,פריגת סחוט מיקס אפרסק משמש 1ליטר,*החברה המרכזית להפצת משקאותבעמ,,,יח`,1,1 ליטר,false,1,16.90,16.90,false,1,
7290110116507,false,פריגת סחוט מיקס אננס בננה אגס 1ליטר,*החברה המרכזית להפצת משקאותבעמ,,,יח`,1,1 ליטר,false,1,16.90,16.90,false,1,
7290110116552,false,ספרייט לימון היט 1.5 ליטר LIME פיקדון,החברה המרכזית להפצת משקאות בעמ,,,יח`,1.50,1 ליטר,false,1,9.20,5.93,false,1,
7290110116569,false,ספרייט זירו 1.5 ליטר LEMON HIT פיקדון,החברה המרכזית להפצת משקאות בעמ,,,יח`,1.50,1 ליטר,false,1,9.20,5.93,false,1,
7290110320683,false,שמיניית משקה יוגורט 1.5% טעם תות יופלה 107 גרם,מיוצר עי קונדיטוריית,,,יח`,0.90,גרם,false,1,17.50,1944.44,false,1,
7290110320850,false,פתיתים גבינה חצי קשה מגורדת 28% שומן,תנובה מרכז שיתופי לש,,,יח`,200,גרם,false,1,15.20,7.60,false,1,
7290110320867,false,פתיתים גבינה חצי קשה מגורדת 28% שומן,תנובה מרכז שיתופי לש,,,יח`,500,גרם,false,1,35.60,7.12,false,1,
7290110320935,false,פרוסות מוצרלה 150 גר`קולקשיין תנובה,תנובה מרכז שיתופי לש,,,יח`,150,גרם,false,1,17.90,11.93,false,1,
7290110321031,false,מעדן חלב GO יוגורט מועשר בחלבון טבעי 200 ג' יופלה,"תנובה, מחלבת אלון תב",,,יח`,200,"מ""ל",false,1,6.20,3.10,false,1,
7290110321277,false,קוטג' בקטנה 5% תנובה 100 גרם מהדרין,פארייפאבה אגרואינדוס,,,יח`,100,גרם,false,1,2.70,2.70,false,1,
7290110321284,false,קוטג' בקטנה 9% תנובה 100 גרם מהדרין,פארייפאבה אגרואינדוס,,,יח`,100,גרם,false,1,2.70,2.70,false,1,
7290110321604,false,קוביות פיראוס בולגרית מעודנת 5% 200 גרם - רבנות,"תנובה בע""מ ***",,,יח`,200,גרם,false,1,22.90,11.45,false,1,
7290110321680,false,יוגורט GO בטעם תות 20 גרם חלבון בגביע,מיוצר עי קונדיטוריית,,,יח`,200,"מ""ל",false,1,5.90,2.95,false,1,
7290110321697,false,יוגורט GO בטעם אפרסק 20 גרם חלבון בגביע,מיוצר עי קונדיטוריית,,,יח`,200,"מ""ל",false,1,5.90,2.95,false,1,
7290110322014,false,טופו בטעם טבעי תנובה ALTERNATIVE,שוורצקוף& הנקל דיסלד,,,יח`,300,גרם,false,1,11.90,3.97,false,1,
7290110322021,false,"תנובה טופו בזיליקום 300 גר' בד""צ",שוורצקוף& הנקל דיסלד,,,יח`,300,גרם,false,1,11.90,3.97,false,1,
7290110322038,false,טופו בטעם פיקנטי 300 גר`תנובה,"תנובה בע""מ ***",,,יח`,300,גרם,false,1,11.90,3.97,false,1,
7290110322946,false,יופלה טיוב יוגורט במרקם חלק בטעם תות בננה כשרות רבנות 348 ג',תנובה - חלב,,,יח`,348,גרם,false,1,12.90,3.71,false,1,
7290110323073,false,"משקה יוגורט יופלה גו תות פטל 250 מ""ל - רבנות",מיוצר עי קונדיטוריית,,,יח`,250,"מ""ל",false,1,6.60,2.64,false,1,
7290110323301,false,טל העמק בסגנון אמנטל 32% שומן 200 גרם,"תנובה בע""מ ***",,,יח`,200,גרם,false,1,19.90,9.95,false,1,
7290110323585,false,יופלה יוגורט עם דובדבן מופחת קלוריות 200 ג' GO,"תנובה בע""מ ***",,,יח`,200,גרם,false,1,5.60,2.80,false,1,
7290110323714,false,משקה קוקוס שקדים תנובה E אלטרנטיב,מיוצר עי קונדיטוריית,,,יח`,1000,"מ""ל",false,1,12.50,1.25,false,1,
7290110324353,false,יוגורט GO לייט בטעם אננס 20 גרם חלבון בגביע,מיוצר עי קונדיטוריית,,,יח`,200,"מ""ל",false,1,5.90,2.95,false,1,
7290110324551,false,יופלה טיוב יוגורט במרקם חלק תות כשרות מהדרין,"תנובה בע""מ ***",,,יח`,348,גרם,false,1,12.90,3.71,false,1,
7290110324711,false,ממרח סויה 9% שומן בטעם טבעי תנובה 250 גרם,מיוצר עי קונדיטוריית,,,יח`,250,גרם,false,1,9.90,3.96,true,1,
7290110324728,false,ממרח סויה 9% שומן עם שום שמיר תנובה 250 גרם,מיוצר עי קונדיטוריית,,,יח`,250,גרם,false,1,9.90,3.96,true,1,
7290110324841,false,מעדן שקדים עם שוקולד מריר תנובה 125 גרם,מיוצר עי קונדיטוריית,,,יח`,125,גרם,false,1,3.90,3.12,false,1,
7290110324858,false,מעדן שקדים בטעם אגוזי לוז תנובה 125 גרם,מיוצר עי קונדיטוריית,,,יח`,125,גרם,false,1,3.90,3.12,false,1,
7290110324872,false,גבינה צהובה גלבוע (5% 200 גר`)תנובה,גלבוע - תנובה,,,יח`,200,גרם,false,1,18.90,9.45,false,1,
7290110324926,false,משקה סויה ללא תוספת סוכר E אלטרנטיב,תנובה מרכז שיתופי לש,,,יח`,1,"מ""ל",false,1,10.90,1090,false,1,
7290110325114,false,"משקה יוגורט יופלה גו לייט תות בננה 250 מ""ל - רבנות",מיוצר עי קונדיטוריית,,,יח`,250,"מ""ל",false,1,6.20,2.48,false,1,
7290110325121,false,"משקה יוגורט יופלה גו לייט מנגו אננס 250 מ""ל",תנובה בעמ ***,,,יח`,250,"מ""ל",false,1,6.20,2.48,false,1,
7290110325169,false,פרוסות גאודה 170 גר`קולקשיין תנובה,תנובה בעמ ***,,,יח`,170,גרם,false,1,19.90,11.71,false,1,
7290110325305,false,יופלה GO סויה 20 גרם חלבון במתיקות מעודנת תנובה 200 גרם,מיוצר עי קונדיטוריית,,,יח`,200,"מ""ל",false,1,5.80,2.90,false,1,
7290110325312,false,יופלה GO סויה 20 גרם חלבון בטעם תות תנובה 200 גרם,תנובה בעמ ***,,,יח`,200,"מ""ל",false,1,5.90,2.95,false,1,
7290110325510,false,יופלה טיוב יוגורט במרקם חלק בטעם וניל-יוניקור,"תנובה בע""מ ***",,,יח`,348,גרם,false,1,12.90,3.71,false,1,
7290110325619,false,משקה שיבולת שועל תנובה E אלטרנטיב,מיוצר עי קונדיטוריית,,,יח`,1000,"מ""ל",false,1,12.20,1.22,false,1,
7290110325701,false,פיראוס צזיקי יווני 9% שומן בשיטת יצור מסורתית על בסיס יוגורט,גוד פוד פרודקטס S.p,,,יח`,250,גרם,false,1,11.90,4.76,false,1,
7290110325893,false,משקה חלב GO מועשר בחלבון בטעם אייס קפה,מיוצר עי קונדיטוריית,,,יח`,340,גרם,false,1,8.90,2.62,false,1,
7290110326210,false,יופלה און טופ פצפוצים תנובה 157 גרם,מיוצר עי קונדיטוריית,,,יח`,157,גרם,false,1,4.90,3.12,false,1,
7290110326227,false,יופלה און טופ קורנפלקס תנובה 157 גרם,מיוצר עי קונדיטוריית,,,יח`,157,גרם,false,1,4.90,3.12,false,1,
7290110326234,false,יופלה און טופ כוכבים תנובה 157 גרם,מיוצר עי קונדיטוריית,,,יח`,157,גרם,false,1,4.90,3.12,false,1,
7290110326241,false,יופלה און טופ גרנולה תנובה 157 גרם,מיוצר עי קונדיטוריית,,,יח`,157,גרם,false,1,4.90,3.12,false,1,
7290110326906,false,חלב נטול לקטוז 3% שומן( 1 ליטר)תנובה,מיוצר עי קונדיטוריית,,,יח`,1,"מ""ל",false,1,7.30,730,false,1,
7290110327033,false,משקה סויה תנובה גו מועשר בחלבון במתיקות מופחתת,מיוצר עי קונדיטוריית,,,יח`,1000,"מ""ל",false,1,12.50,1.25,false,1,
7290110327514,false,alternative משקה שיבולת שועל בטעם אגוזי לוז תנובה 1 ליטר,תנובה מרכז שיתופי לש,,,יח`,1000,"מ""ל",false,1,12.20,1.22,false,1,
7290110327545,false,יופלה און טופ בטעם תות בתוספת פצפוצים מצופים שוקולד 157 גרם,מיוצר עי קונדיטוריית,,,יח`,157,גרם,false,1,4.90,3.12,false,1,
7290110328504,false,טריו - מיקס גבינות מוצרלה סקנדינבית וגאודה 300 גרם,מיוצר עי קונדיטוריית,,,יח`,300,גרם,false,1,24.90,8.30,false,1,
7290110328610,false,משקה אורז ושקדים בריסטה אלטרנטיב 1 ליטר,תנובה Alternative,,,יח`,1000,"מ""ל",false,1,12.20,1.22,false,1,
7290110328627,false,יוגורט יופלה GO במרקם סמיך בטעם בננה קרמל 0%,מיוצר עי קונדיטוריית,,,יח`,200,גרם,false,1,5.90,2.95,false,1,
7290110328641,false,טופו טבעי 500 גר`אלטרנטיב 2*250 גר`,"תנובה בע""מ ***",,,יח`,500,גרם,false,1,17.90,3.58,false,1,
7290110328764,false,יוגורט יופלה GO במרקם סמיך עם תות 0%,מיוצר עי קונדיטוריית,,,יח`,200,גרם,false,1,5.90,2.95,false,1,
7290110328771,false,יוגורט יופלה GO במרקם סמיך עם פירות יער 0%,מיוצר עי קונדיטוריית,,,יח`,200,גרם,false,1,5.90,2.95,false,1,
7290110328788,false,יוגורט יופלה GO במרקם סמיך בטעם אפרסק 0%,תנובה מרכז שיתופי לש,,,יח`,200,גרם,false,1,5.90,2.95,false,1,
7290110328887,false,"חלב תנובה בקבוק 3%, כשרות מהדרין, 1 ליטר",הפריט בפיקוח,,,יח`,1,"מ""ל",false,1,6.23,623,false,1,
7290110329143,false,מעדן חלב מעושר בחלבון בטעם וניל גביע 120 ג' GO,תנובה מרכז שיתופי לש,,,יח`,120,גרם,false,1,5.90,4.92,false,1,
7290110329266,false,יוגורט תנובה מחלב עיזים מלא תנובה 140 ג',תנובה בעמ ***,,,יח`,140,גרם,false,1,5.50,3.93,false,1,
7290110329273,false,יוגורט תנובה מחלב עיזים מלא 750 גרם,תנובה בעמ ***,,,יח`,750,"מ""ל",false,1,19.90,2.65,false,1,
7290110329303,false,פרוסות בטעם צהובה קלאסית אלטרנטיב 200 גר,תנובה Alternative,,,יח`,200,גרם,false,1,22.90,11.45,false,1,
7290110329686,false,משקה GO חלב בטעם עוגיות 27 גר`חלבון,מיוצר עי קונדיטוריית,,,יח`,340,גרם,false,1,8.90,2.62,false,1,
7290110329723,false,משקה חלב קר בטעם לאטה 230 גרם תנובה,תנובה מרכז שיתופי לש,,,יח`,230,"מ""ל",false,1,7.90,3.43,false,1,
7290110329730,false,"משקה חלב עם שוקולד וקפה בסגנון לאטה 2.7%  230 מ""ל תנובה",תנובה מרכז שיתופי לש,,,יח`,230,"מ""ל",false,1,7.90,3.43,false,1,
7290110329792,false,יוגורט סויה BIO Alternative אפרסק 150 ג' תנובה,מיוצר עי קונדיטוריית,,,יח`,150,גרם,false,1,4.50,3,true,1,
7290110329808,false,יוגורט סויה BIO Alternative תות 150 ג' תנובה,מיוצר עי קונדיטוריית,,,יח`,150,גרם,false,1,4.50,3,true,1,
7290110329815,false,סויה BIO מתיקות מעודנת גביע 150 גרם אלטרנטיב,מיוצר עי קונדיטוריית,,,יח`,150,גרם,false,1,4.50,3,true,1,
7290110329822,false,יוגורט סויה BIO Alternative פירות יער 150 ג' תנובה,מיוצר עי קונדיטוריית,,,יח`,150,גרם,false,1,4.50,3,true,1,
7290110329846,false,יוגורט סויה BIO Alternative בטעם טבעי 150 ג' תנובה,מיוצר עי קונדיטוריית,,,יח`,150,גרם,false,1,4.50,3,true,1,
7290110329914,false,מאגדת משקה שיבולת שועל ושקדים 100 גרם*6 יח' ביו אלטרנטיב,תנובה מרכז שיתופי לש,,,יח`,600,גרם,false,1,18.90,3.15,false,1,
7290110552220,false,יוגורט PRO בטעם תות 0% סוכר לבן 20 גרם חלבון בגביע,שטראוס גרופ בעמ/מצונן,,,יח`,200,"מ""ל",false,1,5.90,2.95,false,1,
7290110552237,false,יוגורט פרו בטעם אפרסק מנגו ללא סוכר 200 ג' דנונה,שטראוס גרופ בעמ/מצונן,,,יח`,200,"מ""ל",false,1,5.90,2.95,false,1,
7290110553425,false,קפה נמס 200 גרם +20% תוספת עלית,שטראוס קפה בי.וי,,,יח`,240,גרם,false,1,19.90,8.29,false,1,
7290110553623,false,צ'יטוס קראנצ'י בטעם צ'דר חלפיניו - חלבי,"שטראוס פריטו ליי בע""\מ )",,,יח`,80,גרם,false,1,5,6.25,false,1,
7290110554262,false,חלבית מלבין קפה חלבי 350 ג' עלית,שטראוס גרופ בע`מ,,,יח`,350,גרם,false,1,18.30,5.23,false,1,
7290110554422,false,פומודורו רוטב עגבניות ופלפלים לשקשוקה לפסטה יד מרדכי 350 גרם,אמיליאנה קונסרב סוסייטה,,,יח`,350,גרם,false,1,11.90,3.40,true,1,
7290110554583,false,מארז חטיפי צ'יטוס פאפס בטעם גבינה - 10 יחידות,"שטראוס פריטו ליי בע""\מ )",,,יח`,200,גרם,false,1,13.90,6.95,true,1,
7290110554705,false,קפסולות נספרסו לקפה יוניקו סדרת בתי הקלייה 10יח,שטראוס קפה בי.וי.,,,יח`,1,,false,1,19.90,19.90,true,1,
7290110554712,false,"קפסולות קפה אספרסו קלייה איטית ובהירה, 10 * 50 ג'",שטראוס קפה בי.וי.,,,יח`,1,,false,1,19.90,19.90,true,1,
7290110554729,false,קפסולות עלית אספרסו 04 תואמות למכונות NESPRESSO,שטראוס קפה בי.וי.,,,יח`,50,גרם,false,1,18.50,37,true,1,
7290110554798,false,פולי אספרסו עשירים וארומטיים עוצמה 8 עלית 250 גרם,שטראוס קפה בי. וי.,,,יח`,250,גרם,false,1,20.90,8.36,false,1,
7290110555009,false,זוג פסאטה מחית עגבניות חלקה יד מרדכי 700 גרם,אמיליאנה קונסרב ס.פ.,,,יח`,700,גרם,false,1,13.90,1.99,false,1,
7290110556242,false,"שוקולד מריר פרווה 100 גר' בד""ץ תוצרת חוץ","שטראוס גרופ בע""מ.",,,יח`,100,גרם,false,1,5.90,5.90,true,1,
7290110557027,false,חומוס עשיר 50% טחינה גולמית 400 ג' אחלה,שטראוס גרופ בעמ/מצונן,,,יח`,400,גרם,false,1,15.20,3.80,true,1,
7290110557102,false,מעדן חלב עם שוקולד מועשר בחלבון 150 ג' שטראוס,שטראוס גרופ בעמ/מצונן,,,יח`,150,גרם,false,1,5.40,3.60,true,1,
7290110557133,false,מעדן הגולן וניל 125 ג' שטראוס,שטראוס גרופ בעמ/מצונן,,,יח`,125,"מ""ל",false,1,2.90,2.32,true,1,
7290110557478,false,חומוס גלילי במרקם מעודן 600 גרם,שטראוס גרופ בעמ/מצונן,,,יח`,600,גרם,false,1,13.90,2.32,false,1,
7290110558239,false,"וואו יוגורט עם שכבה בטעם קראק פאי 5.4%, 150 ג דנונה",שטראוס גרופ בעמ/מצונן,,,יח`,150,גרם,false,1,4.60,3.07,true,1,
7290110558253,false,דנונה שייק נונה ריפרש בננה אננס וצ'יה,שטראוס גרופ בעמ/מצונן,,,יח`,250,גרם,false,1,5.50,2.20,false,1,
7290110558284,false,דנונה ביו מולטי שטראוס 200 גרם,שטראוס גרופ בעמ/מצונן,,,יח`,200,גרם,false,1,3.90,1.95,false,1,
7290110558307,false,יוגורט דנונה PRO עם שיבולת שועל במתיקות מעודנת,שטראוס גרופ בעמ/מצונן,,,יח`,200,גרם,false,1,6.70,3.35,false,1,
7290110558314,false,דנונה פרו 20 גרם חלבון ללא סוכר פיסטוק 200 גרם,שטראוס גרופ בעמ/מצונן,,,יח`,200,"מ""ל",false,1,5.90,2.95,false,1,
7290110558338,false,דנונה פרו 25 ג' חלבון 200 ג' שטראוס,שטראוס גרופ בעמ/מצונן,,,יח`,200,גרם,false,1,6.70,3.35,false,1,
7290110559007,false,"שועועית חומה טעם הטבע קופסה, 380 גרם",שטראוס גרופ בע`מ,,,יח`,380,גרם,false,1,7.90,2.08,true,1,
7290110559014,false,שעועית שחורה מבושלת טעם הטבע 380 גרם,שטראוס גרופ בע`מ,,,יח`,380,גרם,false,1,7.90,2.08,true,1,
7290110560300,false,"הפריכיות הטעימות חומוס, עדשים שחורות, קינואה ופלפל שחור",אנרג'י Energy - שטראוס,,,יח`,30,גרם,false,1,4.90,16.33,false,1,
7290110560317,false,"הפריכיות הטעימות חומוס, עדשים שחורות, קינואה ומלח ים","פרח תעשיו מזון בע""מ",,,יח`,30,גרם,false,1,4.90,16.33,false,1,
7290110560324,false,"הפריכיות הטעימות תפו""א, אורז, אפונה ומלח ים","פרח תעשיו מזון בע""מ",,,יח`,30,גרם,false,1,4.90,16.33,false,1,
7290110561352,false,דנונה יוגורט ביו פרוביוטי 3% דל לקטוז 150ג',שטראוס גרופ בעמ/מצונן,,,יח`,200,"מ""ל",false,1,3.70,1.85,false,1,
7290110561604,false,מארז 8 יחידות מעדן גמדים בטעם תות בננה,שטראוס גרופ בעמ/מצונן,,,יח`,800,"מ""ל",false,1,19.20,2.40,false,1,
7290110563431,false,"משקה קפה קר בסגנון קלאסי 230 מ""ל 1.6% יוטבתה",שטראוס גרופ בעמ/מצונן,,,יח`,230,"מ""ל",false,1,7.90,3.43,true,1,
7290110563462,false,חלב 2% דל לקטוז בבקבוק יטבתה 1 ליטר.,שטראוס גרופ בעמ/מצונן,,,יח`,1,1 ליטר,false,1,7.90,7.90,false,1,
7290110564339,false,חומוס אחלה הסידרה המובחר 30% טחינה 400 גר',שטראוס גרופ בעמ/מצונן,,,יח`,400,גרם,false,1,15.20,3.80,true,1,
7290110564360,false,חומוס אחלה הסידרה המובחר 40% טחינה 400 גר',שטראוס גרופ בעמ/מצונן,,,יח`,400,גרם,false,1,15.20,3.80,true,1,
7290110564414,false,חומוס אחלה הסידרה המובחר 30% טחינה 600 גר',שטראוס גרופ בעמ/מצונן,,,יח`,600,גרם,false,1,16.30,2.72,false,1,
7290110564742,false,"משקה קפה קר בסגנון חזק 230 מ""ל 1.2% יוטבתה",שטראוס גרופ בעמ/מצונן,,,יח`,230,"מ""ל",false,1,7.90,3.43,true,1,
7290110565435,false,מעדן ג`לי בטעם פטל חלבי שטראוס (125 גרם,שטראוס גרופ בעמ/מצונן,,,יח`,125,גרם,false,1,2.10,1.68,true,1,
7290110565527,false,יוגורט PRO פרו 1.5% 20 גרם חלבון בגביע,שטראוס גרופ בעמ/מצונן,,,יח`,200,"מ""ל",false,1,5.90,2.95,false,1,
7290110566623,false,קפסולות קולומביה עלית 08 למכונת נספרסו מארז 5X10ג',שטראוס קפה בי.וי.,,,יח`,50,גרם,false,1,18.50,37,true,1,
7290110566975,false,דנונה פרו יוגורט 0% תות עשיר בחלבון 200ג',שטראוס גרופ בעמ/מצונן,,,יח`,200,"מ""ל",false,1,5.90,2.95,false,1,
7290110567057,false,צנצנת מסטיק מאסט קוביות מנטה חזקה 66 ג' עלית,"שטראוס גרופ בע""מ",,,יח`,64,גרם,false,1,11.20,17.50,true,1,
7290110568238,false,"קצפת צמחית 21% שומן 250 מ""ל יוטבתה",שטראוס גרופ בעמ/מצונן,,,יח`,250,"מ""ל",false,1,8.20,3.28,false,1,
7290110571184,false,עדשים חומות 380 גר` טעם הטבע שטראוס,שטראוס גרופ בע`מ,,,יח`,380,גרם,false,1,7.90,2.08,true,1,
7290110571382,false,מעדן חלב בטעם וניל מעושר בחלבון 150 ג' שטראוס,שטראוס גרופ בעמ/מצונן,,,יח`,150,גרם,false,1,5.40,3.60,true,1,
7290110571405,false,עלית - מיני פינוקיות בגביע פסק זמן 180 גרם,שטראוס גרופ בע`מ,,,יח`,180,גרם,false,1,11.90,6.61,true,1,
7290110571412,false,מיני פינוקיות - פאדג' שוקולד בגביע 180 גרם,שטראוס גרופ בע`מ,,,יח`,180,גרם,false,1,11.90,6.61,true,1,
7290110572129,false,כיף כף מקלות שוקולד לבן 40 ג' עלית,סולן בעבור שטראוס,,,יח`,40,גרם,false,1,5.70,14.25,true,1,
7290110572884,false,"קפסולות קפה מספר 20 למכונת אספרס אספרסו, 50 גרם",שטראוס קפה בי.וי.,,,יח`,50,גרם,false,1,18.50,37,true,1,
7290110572969,false,כיף כף פצפצים עלית קרם לבן (40 גר`),שולן צ'\יקולטה גידה סאן.,,,יח`,40,גרם,false,1,6.10,15.25,true,1,
7290110576318,false,מאגדת שלישיית שוקולד אגוז לבן 300 ג' עלית,שטראוס גרופ בע`מ,,,יח`,300,גרם,false,1,25.90,8.63,false,1,
7290110576370,false,מארז שלישייה שוקולד מריר חלבי עם אגוזי לוז,שטראוס גרופ בע`מ,,,יח`,300,גרם,false,1,25.90,8.63,false,1,
7290110576776,false,טבלאות שוקולד ספלנדיד מריר 85% 100 ג' עלית,שטראוס גרופ בע`מ,,,יח`,100,גרם,false,1,12.20,12.20,false,1,
7290110576790,false,סקי בטעם מוקה 3% (125 גר`) דנונה,שטראוס גרופ בעמ/מצונן,,,יח`,125,גרם,false,1,3.80,3.04,true,1,
7290110577230,false,משקה חלב בטעם פיסטוק בבקבוק יטבתה 1 ליטר,שטראוס גרופ בעמ/מצונן,,,יח`,1,1 ליטר,false,1,11.90,11.90,false,1,
7290111092985,false,מארז מגבונים לחים בייביסיטר ללא בישום רביעייה,שקד תבל בע`מ,,,יח`,1,,false,1,19.30,19.30,true,1,
7290111287015,false,בקבוק טריטן שקוף 708 מל ורוד,שמחה זה אנחנו בעמ,,,יח`,1,,false,1,29.90,29.90,false,1,
7290111342073,false,מטליות מקרופייבר למשטחים אנטיבקטריאלי ניקול,קימברלי קלארק ישראל שיווק בעמ,,,יח`,1,,false,1,16.90,16.90,true,1,
7290111343797,false,מטליות לחות לניקוי חלונות 48 יח' ניקול,קימברלי קלארק ישראל שיווק בעמ,,,יח`,1,,false,1,13.90,13.90,true,1,
7290111343841,false,ניקול ספוגית הקסם נירוסטה 3 יחידות,קימברלי קלארק ישראל שיווק בעמ,,,יח`,1,,false,1,13.90,13.90,true,1,
7290111343858,false,ניקול מטליות לחות לרצפה אנטיבקרטריאלי 10 יחידות,קימברלי קלארק ישראל שיווק בעמ,,,יח`,1,,false,1,14.90,14.90,true,1,
7290111344145,false,ניקול זוג מטליות מיקרופייבר אנטיבקטריאליות לרצפה,קימברלי קלארק ישראל שיווק בעמ,,,יח`,1,,false,1,30.90,30.90,false,1,
7290111344831,false,קוטקס - מגיני יום אקסטרא פרוטקט נורמל ביג 60 יח',קימברלי קלארק ישראל שיווק בעמ,,,יח`,1,,false,1,16.90,16.90,false,1,
7290111344855,false,קוטקס - מגיני יום אקסטרא פרוטקט לארג' ביג 52 יח',קימברלי קלארק ישראל שיווק בעמ,,,יח`,1,,false,1,16.90,16.90,false,1,
7290111345982,false,ניקול דפי ספוגית הקסם 10 יחידות,קימברלי קלארק ישראל שיווק בעמ,,,יח`,1,,false,1,13.90,13.90,true,1,
7290111346347,false,מגבוני אף אוריגינל סופט חמישיה קלינקס,קימברלי קלארק ישראל שיווק בעמ,,,יח`,1,,false,1,15.90,15.90,true,1,
7290111350047,false,תמרים מזן מגהול ללא חרצנים 500 גרם,ליימן שליסל בע`מ,,,יח`,500,גרם,false,1,12.20,2.44,false,1,
7290111350092,false,מארז מיקס חטיפי מיני לואקר בסט 200 גר,ליימן שליסל בעמ,,,יח`,200,גרם,false,1,21.40,10.70,false,1,
7290111350726,false,חטיף נאצוס הוטפופ בסגנון מקסיקני 322 גר,ליימן שליסל בע`מ,,,יח`,322,גרם,false,1,17.90,5.56,true,1,
7290111352508,false,סילאן טבעי לחיץ קליית גת 840 גרם,ליימן שליסל בע`מ,,,יח`,840,גרם,false,1,20.90,2.49,false,1,
7290111352942,false,יוגטה סוכריות טופי ללא גלוטן 850 ג',ליימן שליסל בע`מ,,,יח`,850,גרם,false,1,22.40,2.64,true,1,
7290111352966,false,יוגטה סוכריות ממולאות בטעם פירות 250 גרם ללא ג'לטין,ליימן שליסל בע`מ,,,יח`,250,גרם,false,1,8.90,3.56,true,1,
7290111353680,false,גרעיני חמנייה 350 גרם קליית גת,ליימן שליסל בעמ,,,יח`,350,גרם,false,1,10,2.86,false,1,
7290111564277,false,פריכיות דקות ונימוחות 3 דגנים פיטנס Fitness,קבוצת אוסם סחר שותפות מוגבלת,,,יח`,120,גרם,false,1,13.20,11,true,1,
7290111564727,false,עוגיות אסם קרמוגית וקרם אגוזים אסם 200ג',קבוצת אוסם סחר שותפות מוגבלת,,,יח`,200,גרם,false,1,13.20,6.60,false,1,
7290111565038,false,"לה קרמריה וניל קוקילידה בד""צ 1.4 ל'",נגה גלידות שותפות מוגבלת,,,יח`,1.40,1 ליטר,false,1,23.40,16.71,false,1,
7290111566240,false,שניצל דק מן הצומח בטעם צ'ילי חריף 700 גרם,קבוצת אוסם סחר שותפות מוגבלת,,,יח`,564,גרם,false,1,34.60,6.13,true,1,
7290111566271,false,טבעול חטיפי תירס 657 גרם קפוא,קבוצת אוסם סחר שותפות מוגבלת,,,יח`,657,גרם,false,1,34.60,5.27,false,1,
7290111566318,false,שניצל דק מן הצומח בטעם ביתי 700 גרם,קבוצת אוסם סחר שותפות מוגבלת,,,יח`,564,גרם,false,1,34.60,6.13,true,1,
7290111566332,false,"נקניקיות וינר מן הצומח 680 גרם ""טבעול""",קבוצת אוסם סחר שותפות מוגבלת,,,יח`,680,גרם,false,1,34.60,5.09,true,1,
7290111566547,false,טבעול חזה בגריל צמחוני 99 קלוריות 560ג',קבוצת אוסם סחר שותפות מוגבלת,,,יח`,560,גרם,false,1,30.90,5.52,true,1,
7290111566561,false,"שניצל ברוקולי 99 קלוריות 560 גר' ""טבעול""",קבוצת אוסם סחר שותפות מוגבלת,,,יח`,560,גרם,false,1,34.60,6.18,true,1,
7290111566585,false,"שניצל צמחוני 99 קלוריות 650 גר' ""טבעול""",קבוצת אוסם סחר שותפות מוגבלת,,,יח`,650,גרם,false,1,34.60,5.32,true,1,
7290111566714,false,טבעול המבורגר צמחוני 99 קלוריות 600 גרם,קבוצת אוסם סחר שותפות מוגבלת,,,יח`,600,גרם,false,1,34.60,5.77,true,1,
7290111566752,false,טבעול שניצל תירס 99 קלוריות 693 גרם,קבוצת אוסם סחר שותפות מוגבלת,,,יח`,693,גרם,false,1,34.60,4.99,true,1,
7290111566776,false,"נקניקיות קוקטייל מן הצומח 680 גרם ""טבעול""",קבוצת אוסם סחר שותפות מוגבלת,,,יח`,680,גרם,false,1,34.60,5.09,true,1,
7290111568275,false,אטריות נודלס אורז רחבות אסם אסייתי 300גרם,קבוצת אוסם סחר שותפות מוגבלת,,,יח`,300,גרם,false,1,10.90,3.63,false,1,
7290111568961,false,אסם בייגלה טבעות מלוח 400 גר`,קבוצת אוסם סחר שותפות מוגבלת,,,יח`,400,גרם,false,1,11.50,2.88,false,1,
7290111933998,false,קוקי תבנית אינגליקייק עם נייר אפיה 4יח,ש.שסטוביץ בעמ,,,יח`,1,,false,1,10.90,10.90,false,1,
7290111935961,false,מאסטר שף מחית עגבניות 690 גרם,פראנו אנריקו ופיגלי,,,יח`,690,גרם,false,1,10.90,1.58,false,1,
7290111936487,false,"קולגייט זוג משחת שיניים טוטל קלין להלבנה 100 מ""ל",קולגייט פלמוליב,,,יח`,200,גרם,false,1,29.90,14.95,false,1,
7290111936784,false,פרי מארז חטיפים 5 יחידות תמרים ואגוזי לוז כשלפ,"טבעית מוצרים מהטבע בע""\מ",,,יח`,125,גרם,false,1,16.90,13.52,false,1,
7290111937231,false,פרי מארז חטיפים 5 יחידות תמרים וקוקוס כשלפ,"טבעית מוצרים מהטבע בע""\מ",,,יח`,125,גרם,false,1,18.90,15.12,false,1,
7290111937248,false,פרי מארז חטיפים 5 יחידות תמרים קשיו ונגיעות לוז כשלפ,"טבעית מוצרים מהטבע בע""\מ",,,יח`,125,גרם,false,1,16.90,13.52,false,1,
7290111937262,false,מארז חמישיית חטיפי תמרים אגוזים ושברי קקאו פרי 125 גרם,"טבעית מוצרים מהטבע בע""\מ",,,יח`,125,גרם,false,1,16.90,13.52,false,1,
7290111938481,false,"רוטב סויה בהירה מאסטר שף 300 מ""ל",ש. שסטוביץ בע`מ,,,יח`,300,"מ""ל",false,1,13.90,4.63,false,1,
7290111938498,false,"מנה אסייאתי רוטב סויה בהירה 700 מ""ל מ.שף",קי.אר.אס. ספייסי פוד,,,יח`,700,"מ""ל",false,1,14.90,2.13,false,1,
7290112000736,false,פיניש טבליות AIO 80 יח` אריזת חיסכון,רקיט בנקיזר (ניר איסט) בעמ,,,יח`,1,,false,1,61.90,61.90,false,1,
7290112001238,false,"מנקה מכונת כביסה קולון לימון 250 מ""ל",רקיט בנקיזר (ניר איסט) בעמ,,,יח`,250,"מ""ל",false,1,20.90,8.36,false,1,
7290112001900,false,פיניש ג'ל למדיח אקולוגי 1 ליטר,רקיט בנקיזר (ניר איסט) בעמ,,,יח`,1,1 ליטר,false,1,44.90,44.90,false,1,
7290112002099,false,קולון גל כביסה מרוכז 2.5 ליטר קלאסי,רקיט בנקיזר (ניר איסט) בעמ,,,יח`,2.50,1 ליטר,false,1,25.90,10.36,false,1,
7290112002105,false,קולון גל כביסה מרוכז 2.5 ליטר ניחוח לילך,רקיט בנקיזר (ניר איסט) בעמ,,,יח`,2.50,1 ליטר,false,1,25.90,10.36,false,1,
7290112002112,false,ג'ל כביסה מרוכז קולון 101 בניחוח ורדים,רקיט בנקיזר (ניר איסט) בעמ,,,יח`,2.50,1 ליטר,false,1,25.90,10.36,false,1,
7290112002129,false,ג'ל כביסה מרוכז קולון 101 בניחוח פריחה מרענן,רקיט בנקיזר (ניר איסט) בעמ,,,יח`,2.50,1 ליטר,false,1,25.90,10.36,false,1,
7290112002136,false,ג'ל כביסה מרוכז קולון 101 קלאסי,רקיט בנקיזר (ניר איסט) בעמ,,,יח`,4,1 ליטר,false,1,35.90,8.98,false,1,
7290112002143,false,ג'ל כביסה מרוכז קולון 101 בניחוח לילך,רקיט בנקיזר (ניר איסט) בעמ,,,יח`,4,1 ליטר,false,1,35.90,8.98,false,1,
7290112002167,false,קולון ג'ל כביסה בניחוח פריחה מרענן ירוק 4 ליטר,רקיט בנקיזר (ניר איסט) בעמ,,,יח`,4,1 ליטר,false,1,35.90,8.98,false,1,
7290112003188,false,קולון קפסולות ג'ל 60 יח' אריזת חיסכון,רקיט בנקיזר (ניר איסט) בעמ,,,יח`,1,,false,1,55.90,55.90,true,1,
7290112003966,false,"אבקה להסרת כתמים לכביסה לבנה ""וניש גולד""",רקיט בנקיזר (ניר איסט) בעמ,,,יח`,470,גרם,false,1,17.90,3.81,false,1,
7290112004161,false,"ספריי אוטמטי מילוי בניחוח סנטורל 250 מ""ל אירוויק",רקיט בנקיזר (ניר איסט) בעמ,,,יח`,250,"מ""ל",false,1,15.90,6.36,true,1,
7290112004413,false,"ספריי וניש קליה להסרת כתמים לבגדים לבנים 750 מ""ל",רקיט בנקיזר (ניר איסט) בעמ,,,יח`,750,"מ""ל",false,1,17.90,2.39,true,1,
7290112004611,false,"וניש קליה ג'ל מרוכז לטיפול נקודתי בכתמים 200 מ""ל",רקיט בנקיזר (ניר איסט) בעמ,,,יח`,200,"מ""ל",false,1,17.90,8.95,false,1,
7290112004710,false,וניש תוסף כביסה גל מרוכז-כביסה לבנה,רקיט בנקיזר (ניר איסט) בעמ,,,יח`,750,"מ""ל",false,1,20.90,2.79,false,1,
7290112004772,false,אירוויק מילוי מבשם חשמלי כביסה באוויר,רקיט בנקיזר (ניר איסט) בעמ,,,יח`,1,,false,1,17.90,17.90,true,1,
7290112004970,false,פיניש אולטימייט קוואנטום 50 טבליות למדיח,רקיט בנקיזר (ניר איסט) בעמ,,,יח`,1,,false,1,61.90,61.90,true,1,
7290112005045,false,וניש מסיר כתמים אבקה לכביסה לבנה 480 גרם,רקיט בנקיזר (ניר איסט) בעמ,,,יח`,480,גרם,false,1,17.90,3.73,false,1,
7290112005052,false,וניש תוסף כביסה רב תכליתי לבגדים לבנים,רקיט בנקיזר (ניר איסט) בעמ,,,יח`,1.50,"ק""ג",false,1,40.90,27.27,true,1,
7290112005076,false,וניש תוסף כביסה רב תכליתי צבעוני 480 גרם,רקיט בנקיזר (ניר איסט) בעמ,,,יח`,480,גרם,false,1,17.90,3.73,false,1,
7290112005083,false,וניש תוסף כביסה רב תכליתי לכביסה צבעונית,רקיט בנקיזר (ניר איסט) בעמ,,,יח`,1.50,"ק""ג",false,1,40.90,27.27,true,1,
7290112192578,false,משחת שיניים פרודונטקס אקסטרה פרש הגנה מלאה,ג'י.אס.קיי קונסיומר,,,יח`,100,גרם,false,1,35.90,35.90,true,1,
7290112195784,false,תות שדה קפוא 300 גר` פרוסטי,נ.ת.נ.ג.ב החזקות יעוץ וניהול ב,,,יח`,300,גרם,false,1,7.90,2.63,false,1,
7290112197122,false,"סטייל - סבון ידיים ירוק 500 מ""ל חדש",רנקסאן פלסטיק יאנגר,,,יח`,500,"מ""ל",false,1,8.90,1.78,false,1,
7290112330352,false,"יוגורט PRO בטעם וניל 0% , 20 גרם חלבון בגביע",שטראוס גרופ בעמ/מצונן,,,יח`,200,"מ""ל",false,1,5.90,2.95,false,1,
7290112330390,false,דנונה פרו פירות יער 20 גרם חלבון 0% שומן 200 גרם,שטראוס גרופ בעמ/מצונן,,,יח`,200,"מ""ל",false,1,5.90,2.95,false,1,
7290112330420,false,דנונה פרו לבן 2.9% שומן בודד 150גר,שטראוס גרופ בעמ/מצונן,,,יח`,150,גרם,false,1,5,3.33,false,1,
7290112332585,false,פריכיות משולש תפוא אורז בתיבול סלק ומלח ים אנרג'י 30 גרם,"פרח תעשיו מזון בע""מ",,,יח`,30,גרם,false,1,4.90,16.33,false,1,
7290112332691,false,פינוקיות עוגיות קרם פסק זמן אגוזים 200 גרם,"הגביע מוצרי וופלים בע""\מ",,,יח`,200,גרם,false,1,11.90,5.95,true,1,
7290112332875,false,מסטיק מאסט קוביות בטעם מנטה עדינה 86 ג' עלית,שטראוס גרופ בע`מ,,,יח`,86,גרם,false,1,14.90,17.33,false,1,
7290112334596,false,שוקולית אבקת שוקו עלית,שטראוס קפה בי.וי.,,,יח`,935,גרם,false,1,20.30,2.17,true,1,
7290112334749,false,קפה טורקי בצלופן עלית 200 גרם+ 10% תוספת,שטראוס קפה בי.וי,,,יח`,220,גרם,false,1,16.30,7.41,true,1,
7290112335111,false,מסטיק מאסט קוביות בזוקה ללא גלוטן 86 גר,שטראוס גרופ בע`מ,,,יח`,86,גרם,false,1,14.90,17.33,false,1,
7290112335487,false,הפריכיות הטעימות קצח ודגנים אנרג'י 135 גרם,אנרג'י Energy - שטראוס,,,יח`,135,גרם,false,1,14.20,10.52,false,1,
7290112335494,false,הפריכיות הטעימות תפוחי אדמה בטעם פוטטוס,"פרח תעשיות מזון בע""\מ",,,יח`,135,גרם,false,1,14.20,10.52,false,1,
7290112335500,false,"פרכיות אנרג'י חומוס,אורז,עדשים שחורות וקינואה 135 גרם","פרח תעשיות מזון בע""\מ",,,יח`,135,גרם,false,1,14.20,10.52,false,1,
7290112336637,false,סוכריות מאסט Must ללא סוכר יוגורט תות ואוכניות,שטראוס גרופ בע`מ,,,יח`,80,גרם,false,1,9.70,12.13,false,1,
7290112336644,false,סוכריות מאסט ללא סוכר לימון 80 ג' עלית,שטראוס גרופ בע`מ,,,יח`,80,גרם,false,1,9.70,12.13,false,1,
7290112336651,false,סוכריות מאסט ללא סוכר ריבת חלב 80 ג' עלית,שטראוס גרופ בע`מ,,,יח`,80,גרם,false,1,9.70,12.13,false,1,
7290112336712,false,יוגורט PRO לבן 0% 21 גרם חלבון בגביע,שטראוס גרופ בעמ/מצונן,,,יח`,200,"מ""ל",false,1,6.10,3.05,false,1,
7290112337474,false,סוכריות מאסט ללא סוכר פטל לימון 80 ג' עלית,שטראוס גרופ בע`מ,,,יח`,80,גרם,false,1,9.70,12.13,false,1,
7290112337481,false,סוכריות מאסט ללא סוכר קפצ''ינו 80 ג' עלית,שטראוס גרופ בע`מ,,,יח`,80,גרם,false,1,9.70,12.13,false,1,
7290112338877,false,מעדן גבינה בטעם תות 3% 125ג' סקי,שטראוס גרופ בעמ/מצונן,,,יח`,125,גרם,false,1,3.80,3.04,true,1,
7290112339171,false,מעדן מוס שוקולד 81 גר`מילקי,שטראוס גרופ בעמ/מצונן,,,יח`,81,גרם,false,1,3.40,4.20,false,1,
7290112339867,false,גמדים לדרך גבינה לבנה עם מחית תות,שטראוס גרופ בעמ/מצונן,,,יח`,100,גרם,false,1,6,6,false,1,
7290112339874,false,גמדים לדרך גבינה לבנה עם מחיות תות ובננה,שטראוס גרופ בעמ/מצונן,,,יח`,100,גרם,false,1,6,6,false,1,
7290112340122,false,הפריכיות הטעימות 3 דגנים אנרג'י 135 גרם,"פרח תעשיות מזון בע""\מ",,,יח`,135,גרם,false,1,14.20,10.52,false,1,
7290112340245,false,מסטיק מאסט צנצנת בטעם דובדבן 66 גר` מגדי,"שטראוס גרופ בע""\מ",,,יח`,66,גרם,false,1,11.50,17.42,true,1,
7290112340252,false,צנצנת מסטיק מאסט בטעם אבטיח מלון 66 ג' עלית,"שטראוס גרופ בע""\מ",,,יח`,66,גרם,false,1,11.50,17.42,true,1,
7290112340276,false,פינוקיות עוגיית קרם קפה נמס 200 גרם,"הגביע מוצרי וופלים בע""\מ",,,יח`,200,גרם,false,1,11.90,5.95,true,1,
7290112341679,false,אקטיביה יוגורט 3% דנונה (200 גרם),שטראוס גרופ בעמ/מצונן,,,יח`,200,גרם,false,1,4.20,2.10,true,1,
7290112341686,false,שמינייה יוגורט לבן אקטיביה 3% דנונה 150 גרם.,שטראוס גרופ בעמ/מצונן,,,יח`,1.20,גרם,false,1,20.30,1691.67,false,1,
7290112342102,false,סימפוניה גבינה במרקם שמנת בצל מקורמל 5%,שטראוס גרופ בעמ/מצונן,,,יח`,200,גרם,false,1,12.20,6.10,true,1,
7290112342270,false,קפה פלטינום אינטנס מחוזק ב- 10% אספרסו,שטראוס קפה בי.וי,,,יח`,125,גרם,false,1,19.90,15.92,false,1,
7290112343260,false,"יטבתה רוטב שמנת קלאסי 9% שומן 260 מ""ל",שטראוס גרופ בעמ/מצונן,,,יח`,260,"מ""ל",false,1,10.10,3.88,true,1,
7290112343420,false,"משקה חלב עם דגנים מלאים ובננה פרו יטבתה 350מ""ל",שטראוס גרופ בעמ/מצונן,,,יח`,350,"מ""ל",false,1,7.90,2.26,false,1,
7290112343499,false,חטיף צ'יטוס פאפס אפוי בטעם גבינה,"שטראוס פריטו ליי בע""\מ )",,,יח`,60,גרם,false,1,3.90,6.50,true,1,
7290112344564,false,רביולי גבינה קלאסי שטראוס 400 ג',שטראוס גרופ בעמ/מצונן,,,יח`,400,גרם,false,1,21.70,5.43,true,1,
7290112344724,false,מילקי בטעם שוקולד בלונדי עם קצפת 133גר,שטראוס גרופ בעמ/מצונן,,,יח`,133,גרם,false,1,3.40,2.56,false,1,
7290112344755,false,מילקי עם 26% פחות סוכר 135 גר}שטראוס{,שטראוס גרופ בעמ/מצונן,,,יח`,135,גרם,false,1,2.90,2.15,false,1,
7290112344786,false,קפה פלטינום קלאסיק עלית 200 גרם,הנסיך- מפעל לייצור ט,,,יח`,200,גרם,false,1,24.90,12.45,false,1,
7290112346360,false,בפלות אחת אחת ופל בטעם שוקולד מצופה שוקולד,הגביע מוצרי וופלים ב,,,יח`,180,גרם,false,1,14.90,8.28,false,1,
7290112346629,false,דנונה בר יוגורט+קורנפלקס מצופה שוקולד חלב ולבן 172 גרם,שטראוס גרופ בעמ/מצונן,,,יח`,172,"מ""ל",false,1,4.50,2.62,false,1,
7290112346773,false,יוגורט בטעם וניל 0% לייט אנד פרי 10 גרם חלבון בגביע,שטראוס גרופ בעמ/מצונן,,,יח`,150,גרם,false,1,4.70,3.13,true,1,
7290112346827,false,שמיניית אקטימל ויטמין C פטל 108 גרם,שטראוס גרופ בעמ/מצונן,,,יח`,800,"מ""ל",false,1,20.90,2.61,false,1,
7290112347008,false,גמדים לדרך גבינה לבנה עם מחית תות ושיבולת שועל,שטראוס גרופ בעמ/מצונן,,,יח`,100,גרם,false,1,6,6,false,1,
7290112348142,false,שעועית לבנה 380 גר' בקופסה טעם הטבע,שטראוס גרופ בע`מ,,,יח`,380,גרם,false,1,7.90,2.08,true,1,
7290112348616,false,עלית - קפה נמס אגוזי לוז 100 גרם,שטראוס קפה בי.וי,,,יח`,100,גרם,false,1,17.30,17.30,false,1,
7290112348999,false,הפריכיות הטעימות תירס דקות אנרג'י 135 גרם,שטראוס גרופ בע`מ,,,יח`,135,גרם,false,1,14.20,10.52,false,1,
7290112349606,false,מעדן גבינה ויוגורט תות בננה 88 ג' דניאלה,שטראוס גרופ בעמ/מצונן,,,יח`,150,"מ""ל",false,1,4,2.67,false,1,
7290112349736,false,בזיליקום רוטב עגבניות לפסטה יד מרדכי 350 גרם,אמיליאנה קונסרב סוסייטה,,,יח`,350,גרם,false,1,11.90,3.40,true,1,
7290112349750,false,פיצה רוטב עגבניות לפיצה יד מרדכי 350 גרם,אמיליאנה קונסרב סוסייטה,,,יח`,350,גרם,false,1,11.90,3.40,true,1,
7290112349903,false,רוטב שמנת עם גרגירי וניל 9% שומן 260 ג' יטבתה,שטראוס גרופ בעמ/מצונן,,,יח`,260,"מ""ל",false,1,10.10,3.88,true,1,
7290112350275,false,קפסולות LUNGO למכונת נספרסו עלית 10 יחידות,שטראוס קפה בי.וי,,,יח`,55,גרם,false,1,18.50,33.64,true,1,
7290112350312,false,קפסולות 15 קפה יותר למכונות נספרסו עלית 10יח',הנסיך- מפעל לייצור ט,,,יח`,50,גרם,false,1,18.50,37,true,1,
7290112350589,false,צ`יקו להכנת משקה צ`יקוריה עלית (65 גרם),שטראוס קפה בי.וי,,,יח`,65,גרם,false,1,10.90,16.77,false,1,
7290112351067,false,סילאן טבעי 100% תמר מג'הול ללא תוספת סוכר,שטראוס גרופ בע`מ,,,יח`,630,גרם,false,1,24.90,3.95,false,1,
7290112351258,false,עוגיית קקאו פינוקיות שחור לבן 200 גר,"הגביע מוצרי ופלים בע""\מ",,,יח`,200,גרם,false,1,11.90,5.95,true,1,
7290112351463,false,שלישיית סוכריות מאסט FRESH פטל לימון 45 ג' עלית,"הליקון גידה בע""\מ",,,יח`,45,גרם,false,1,9.90,22,false,1,
7290112351470,false,סוכריות ללא סוכר בטעם תות רימון מאסט פרש,"הליקון גידה בע""\מ",,,יח`,45,גרם,false,1,9.90,22,false,1,
7290112351524,false,עלי סלנובה 200 גר' שטראוס טעם הטבע,שטראוס בריאות ירקות טריי,,,יח`,200,גרם,false,1,12.90,6.45,false,1,
7290112354945,false,תפוצ'יפס WAVY בטעם טבעי 50 גרם,שטראוס פריטו ליי בע”,,,יח`,50,גרם,false,1,4,8,false,1,
7290112355027,false,דנונה פרו 20 גרם חלבון בטעם קרמל מלוח 200 גרם,שטראוס גרופ בעמ/מצונן,,,יח`,200,"מ""ל",false,1,5.90,2.95,false,1,
7290112355393,false,"יטבתה רוטב שמנת+בטטה 9% שומן 250 מ""ל",שטראוס גרופ בעמ/מצונן,,,יח`,250,"מ""ל",false,1,10.10,4.04,true,1,
7290112355775,false,גבינת סימפוניה עם עירית 200 גרם,שטראוס גרופ בעמ/מצונן,,,יח`,200,גרם,false,1,12.20,6.10,true,1,
7290112355812,false,מילקי טופ קורנפלקס 141 ג' שטראוס,שטראוס גרופ בעמ/מצונן,,,יח`,130,"מ""ל",false,1,4.90,3.77,false,1,
7290112357045,false,עגבניות איטלקיות מרוסקות 390 גר' בקופסה טעם הטבע,"שטראוס גרופ בע""מ",,,יח`,500,גרם,false,1,7.90,1.58,true,1,
7290112357083,false,טעם הטבע אפונה ירוקה 380 גרם קופסה,הדקלאים אגודת שיתופי,,,יח`,380,גרם,false,1,7.90,2.08,true,1,
7290112357106,false,שעועית אדומה 380 גר' בקופסה טעם הטבע,שטראוס גרופ בע`מ,,,יח`,380,גרם,false,1,7.90,2.08,true,1,
7290112357113,false,גרגרי חומוס בקופסה 380 גר' טעם הטבע,שטראוס גרופ בע`מ,,,יח`,380,גרם,false,1,7.90,2.08,true,1,
7290112358004,false,פסק זמן חטיף קראנץ עלית( 32 גר`),שולן צ'\יקולטה גידה סאן.,,,יח`,32,גרם,false,1,5,15.63,false,1,
7290112358127,false,דנונה פרו חלבון+מגנזיום- וניל ועוגיות 200 גרם,שטראוס גרופ בעמ/מצונן,,,יח`,200,גרם,false,1,6.70,3.35,false,1,
7290112358219,false,רוטב צ`ילי מתוק יד מרדכי (300 גר`),אף.סי תבליני בגליל ב,,,יח`,300,גרם,false,1,14.90,4.97,false,1,
7290112358233,false,רוטב צ`ילי חריף יד מרדכי (300 גר`),שטראוס גרופ בע`מ,,,יח`,300,גרם,false,1,14.90,4.97,false,1,
7290112358240,false,רוטב גריל יד מרדכי 300 גרם,שטראוס גרופ בע`מ,,,יח`,300,גרם,false,1,14.90,4.97,false,1,
7290112358431,false,עד חצות דאבל ביסקוויט עם שוקולד חלב -8 אריזות אישיות,ביסקוויטס טור ד'\אלבון,,,יח`,200,גרם,false,1,14.50,7.25,false,1,
7290112358561,false,קפה נמס פלטינום קלאסי 47 ג' עלית,שטראוס גרופ בע`מ,,,יח`,47,גרם,false,1,6.90,14.68,false,1,
7290112359353,false,קפה טורקי אלדין ( 200 גר`) עלית,שטראוס קפה בי.וי,,,יח`,200,גרם,false,1,20.90,10.45,true,1,
7290112359902,false,"קפה פלטינום ברזיל עלית, 47 גרם",שטראוס גרופ בע`מ,,,יח`,47,גרם,false,1,6.90,14.68,false,1,
7290112480682,false,צלחת גדולה רנסנס 10 יח קרם,פאלאס תעשיות נטו (2014) בעמ,,,יח`,1,,false,1,22.90,22.90,false,1,
7290112482273,false,צלחות מרק 25 יח` טופ סטאר,פאלאס תעשיות נטו (2014) בעמ,,,יח`,1,,false,1,8.90,8.90,true,1,
7290112482518,false,צלחת גדולה לוקה לבן-זהב 10 יח לפיד,פאלאס תעשיות נטו (2014) בעמ,,,יח`,1,,false,1,21.90,21.90,false,1,
7290112483430,false,כפות שקופות לפיד 50 יח,פאלאס תעשיות נטו (2014) בעמ,,,יח`,1,,false,1,7.90,7.90,true,1,
7290112483454,false,מזלגות שקופות לפיד 50 יח,פאלאס תעשיות נטו (2014) בעמ,,,יח`,1,,false,1,7.90,7.90,true,1,
7290112483461,false,סכינים שקופות לפיד 50 יח,פאלאס תעשיות נטו (2014) בעמ,,,יח`,1,,false,1,7.90,7.90,true,1,
7290112484291,false,צלחת קטנה שקוף פאלאס 25 יחידות,פאלאס תעשיות נטו (2014) בעמ,,,יח`,1,,false,1,8.90,8.90,true,1,
7290112484307,false,צלחות גדולה שקוף 25 יח לפיד,פאלאס תעשיות נטו (2014) בעמ,,,יח`,1,,false,1,12.90,12.90,true,1,
7290112484314,false,צלחות לפתן שקוף 25 יח לפיד,פאלאס תעשיות נטו (2014) בעמ,,,יח`,1,,false,1,6.90,6.90,true,1,
7290112484321,false,צלחות ענק שקוף 25 יח לפיד,פאלאס תעשיות נטו (2014) בעמ,,,יח`,1,,false,1,16.90,16.90,false,1,
7290112484338,false,צלחות מרק שקוף 25 יח לפיד,פאלאס תעשיות נטו (2014) בעמ,,,יח`,1,,false,1,8.90,8.90,true,1,
7290112484345,false,קעריות אובלי שקוף25 יח לפיד,פאלאס תעשיות נטו (2014) בעמ,,,יח`,1,,false,1,6.90,6.90,true,1,
7290112490032,false,"נמס בכוס טעם תירס קנור 31 גרם מארז זוגי בד""צ",יוניליוור ישראל שיווק בע`מ,,,יח`,45,גרם,false,1,7.60,16.89,false,1,
7290112490209,false,נמס בכוס מרק עגבניות עם קרוטונים רכיבים טבעיים,יוניליוור ישראל שיווק בע`מ,,,יח`,56,גרם,false,1,7.60,13.57,false,1,
7290112490216,false,מרק נמס בכוס בטעם עוף קנור 100% רכיבים טבעיים,יוניליוור ישראל שיווק בע`מ,,,יח`,48,גרם,false,1,7.60,15.83,false,1,
7290112490230,false,מרק נמס בכוס אפונה קנור 100% רכיבים טבעיים,יוניליוור ישראל שיווק בע`מ,,,יח`,50,גרם,false,1,7.60,15.20,false,1,
7290112490742,false,מרק עשיר פטריות עם גריסים רכיבים טבעיים 104 ג' קנור,יוניליוור ישראל שיווק בע`מ,,,יח`,104,גרם,false,1,13.90,13.37,false,1,
7290112490803,false,קליק שקית עוגיות קרמל,יוניליוור ישראל שיווק בעמ,,,יח`,70,גרם,false,1,6.90,9.86,true,1,
7290112490810,false,קליק שקית עוגיות טעם חמאה,יוניליוור ישראל שיווק בעמ,,,יח`,70,גרם,false,1,6.90,9.86,true,1,
7290112490827,false,תרסיס ריחני למייבש הכביסה בדין בייבי 500,יוניליוור ישראל שיווק בע`מ,,,יח`,500,"מ""ל",false,1,20.30,4.06,false,1,
7290112491268,false,קליק כדורים פרווה 75 גר,יוניליוור ישראל שיווק בעמ,,,יח`,75,גרם,false,1,6.90,9.20,true,1,
7290112492449,false,פינוק שמפו שיער רגיל 700 מל-חדש,"יוניליוור ישראל שיווק בע""מ",,,יח`,700,גרם,false,1,13.50,1.93,false,1,
7290112492456,false,"שמפו פינוק לשיער יבש/פגום 700 מ""ל",יוניליוור ישראל שיווק בע`מ,,,יח`,700,"מ""ל",false,1,13.50,1.93,false,1,
7290112492463,false,"שמפו ומרכך 2 ב-1 לשיער רגיל פינוק 700 מ""ל.",יוניליוור ישראל שיווק בע`מ,,,יח`,700,"מ""ל",false,1,13.50,1.93,false,1,
7290112492470,false,"שמפו ומרכך 2 ב-1 לשיער יבש פינוק 700 מ""ל.",יוניליוור ישראל שיווק בע`מ,,,יח`,700,"מ""ל",false,1,13.50,1.93,false,1,
7290112492500,false,פינוק שמפו לשיער עם שמן קוקוס 700 מל,יוניליוור ישראל שיווק בע`מ,,,יח`,700,"מ""ל",false,1,13.50,1.93,false,1,
7290112492531,false,"פינוק קונדישנר לשיער רגיל 700מ""ל",יוניליוור ישראל שיווק בע`מ,,,יח`,700,"מ""ל",false,1,13.50,1.93,false,1,
7290112492548,false,"מרכך פינוק עם שמן חוחובה 700 מ""ל",יוניליוור ישראל שיווק בע`מ,,,יח`,700,"מ""ל",false,1,13.50,1.93,false,1,
7290112492593,false,תחליב רחצה פינוק בניחוח פינוק קלאסי 700,יוניליוור ישראל שיווק בע`מ,,,יח`,700,"מ""ל",false,1,14.20,2.03,false,1,
7290112492609,false,"תחליב רחצה פינוק 700 מ""ל לבנדר ווניל",יוניליוור ישראל שיווק בע`מ,,,יח`,700,"מ""ל",false,1,14.20,2.03,false,1,
7290112492982,false,"אבקת מרק פטריות כשל""פ 100% רכיבים טבעיים 400 גרם",יוניליוור ישראל שיווק בע`מ,,,יח`,400,גרם,false,1,29.50,7.38,false,1,
7290112492999,false,קנור מרק עוף אמיתי 400 גרם פרווה,יוניליוור ישראל שיווק בע`מ,,,יח`,400,גרם,false,1,17.30,4.33,false,1,
7290112493088,false,נמס בכוס עדשים מרק רכיבים טבעיים קנור 54 ג',יוניליוור ישראל שיווק בע`מ,,,יח`,54,גרם,false,1,7.90,14.63,false,1,
7290112493095,false,נמס בכוס מרק עגבניות חריף רכיבים טבעיים קנור 48 ג',יוניליוור ישראל שיווק בע`מ,,,יח`,48,גרם,false,1,7.90,16.46,false,1,
7290112493163,false,חטיף קליק מיקס כריות וגלילית (65 גרם),יוניליוור ישראל שיווק בעמ,,,יח`,65,גרם,false,1,6.90,10.62,true,1,
7290112493170,false,חטיף כריות נוגט לבן (75 גרם),יוניליוור ישראל שיווק בעמ,,,יח`,75,גרם,false,1,6.90,9.20,true,1,
7290112493927,false,גלידה בטעם ריבת חלב 1.33ל' קרמיסימו,"גלידת שטראוס בע""\מ, רחוב",,,יח`,1.33,1 ליטר,false,1,20.90,15.71,true,1,
7290112493934,false,קרמיסימו מעדן קפוא טעם וניל צרפתי,"גלידת שטראוס בע""\מ, רחוב",,,יח`,1.33,1 ליטר,false,1,20.90,15.71,true,1,
7290112493965,false,קרמיסימו חלבית בטעם מסטיק וניל 665 גר,"גלידת שטראוס בע""\מ, רחוב",,,יח`,1.33,1 ליטר,false,1,20.90,15.71,true,1,
7290112494153,false,תיבוליות ניחוח צלי קנור( 72 גרם),יוניליוור ישראל שיווק בע`מ,,,יח`,72,גרם,false,1,10.90,15.14,false,1,
7290112494214,false,חטיף קליק ביסקוויט לבן 65 גר`,יוניליוור ישראל שיווק בעמ,,,יח`,65,גרם,false,1,6.90,10.62,true,1,
7290112494221,false,חטיף ביסקויט שוקולד חלב קליק (65 גרם),יוניליוור ישראל שיווק בע`מ,,,יח`,65,גרם,false,1,6.90,10.62,true,1,
7290112494238,false,חטיף כדורים שוקולד חלב קליק (65 גרם),יוניליוור ישראל שיווק בע`מ,,,יח`,65,גרם,false,1,6.90,10.62,true,1,
7290112494269,false,חטיף קליק כריות צוקולטה 65 גר`,יוניליוור ישראל שיווק בעמ,,,יח`,65,גרם,false,1,6.90,10.62,true,1,
7290112494276,false,קליק כריות בתפזורת כשר לפסח,יוניליוור ישראל שיווק בע`מ,,,יח`,65,גרם,false,1,6.90,10.62,true,1,
7290112494283,false,חטיף כדורים מעורב חום לבו 65 גר`קליק,יוניליוור ישראל שיווק בע`מ,,,יח`,65,גרם,false,1,6.90,10.62,true,1,
7290112494290,false,קליק שקיות עוגי 65 גר`,יוניליוור ישראל שיווק בעמ,,,יח`,75,גרם,false,1,6.90,9.20,true,1,
7290112494313,false,קליק - קורנפלקס תפזורת 65 גרם,יוניליוור ישראל שיווק בע`מ,,,יח`,65,גרם,false,1,6.90,10.62,true,1,
7290112494344,false,קורנפלקס של אלופים תלמה (850 גרם)רבנות,יוניליוור ישראל שיווק בע`מ,,,יח`,850,גרם,false,1,19.90,2.34,true,1,
7290112494351,false,קורנפלקס של אלופים תלמה (850 גרם).בדצ,יוניליוור ישראל שיווק בע`מ,,,יח`,850,גרם,false,1,19.90,2.34,true,1,
7290112494382,false,פירה בטעם ביתי 260 גרם-קופסא,יוניליוור ישראל שיווק בע`מ,,,יח`,260,גרם,false,1,10.90,4.19,false,1,
7290112494825,false,תרחיץ פנים לעור רגיש מכיל 25% קרם לחות,יוניליוור ישראל שיווק בע`מ,,,יח`,180,"מ""ל",false,1,19.90,11.06,false,1,
7290112494832,false,תרחיץ פנים לכל סוגי העור מכיל 25% קרם לחות,יוניליוור ישראל שיווק בע`מ,,,יח`,180,"מ""ל",false,1,19.90,11.06,false,1,
7290112495006,false,כריות דגנים במילוי נוגט בדצ 686 גרם,יוניליוור ישראל שיווק בע`מ,,,יח`,686,גרם,false,1,26.90,3.92,true,1,
7290112495044,false,דגני קוקומן פצפוצים תלמה (375 גרם),יוניליוור ישראל שיווק בע`מ,,,יח`,375,גרם,false,1,22.40,5.97,false,1,
7290112495266,false,קליק דאבל קרם עוגיות 65 גר`,יוניליוור ישראל שיווק בעמ,,,יח`,65,גרם,false,1,6.90,10.62,true,1,
7290112495273,false,קליק דאבל קרם חלב 65 גר`,יוניליוור ישראל שיווק בעמ,,,יח`,65,גרם,false,1,6.90,10.62,true,1,
7290112495488,false,קורנפלקס פתיתי תירס קלויים ללא גלוטן 500,יוניליוור ישראל שיווק בע`מ,,,יח`,500,גרם,false,1,16.30,3.26,false,1,
7290112495747,false,רוטב צ''ילי מתוק כ 70% פחות סוכר 340 ג' קנור,יוניליוור ישראל שיווק בע`מ,,,יח`,340,"מ""ל",false,1,13.90,4.09,false,1,
7290112496287,false,פתית - צ'יפס בטטה בטעם טבעי 21 גרם,יוניליוור ישראל שיווק בע`מ,,,יח`,21,גרם,false,1,5.90,28.10,false,1,
7290112496447,false,נמס בכוס אקסטרה טעם עוף עם המון אטריות 27ג',יוניליוור ישראל שיווק בע`מ,,,יח`,27,גרם,false,1,5.90,21.85,false,1,
7290112496461,false,נמס בכוס אקסטרה מרק ירקות עם המון אטריות,יוניליוור ישראל שיווק בע`מ,,,יח`,32,גרם,false,1,5.90,18.44,false,1,
7290112496584,false,קליק כריות Black מצופה שוקולד לבן ועוגיות,יוניליוור ישראל שיווק בע`מ,,,יח`,65,גרם,false,1,6.90,10.62,true,1,
7290112496591,false,חטיף קליק כריות בלאק חלב 65 גר,יוניליוור ישראל שיווק בעמ,,,יח`,65,גרם,false,1,6.90,10.62,true,1,
7290112497031,false,קנור רוטב עגבניות לקציצות 415 גרם,יוניליוור ישראל שיווק בע`מ,,,יח`,415,גרם,false,1,13.90,3.35,false,1,
7290112497123,false,סחלב תערובת להכנת מעדן בטעם סחלב 112גרם,יוניליוור ישראל שיווק בע`מ,,,יח`,112,גרם,false,1,14.50,12.95,false,1,
7290112497727,false,פינוק בייבי אל סבון אל דמע לתינוקות 700,יוניליוור ישראל שיווק בע`מ,,,יח`,700,"מ""ל",false,1,15.90,2.27,false,1,
7290112498847,false,שטראוס קרמיסימו בטעמי נוגט וניל שוקולד,גלידות שטראוס בעמ,,,יח`,1.33,1 ליטר,false,1,20.90,15.71,true,1,
7290112499059,false,"קרמיסימו שוקולד לבן עם תות ""שטראוס""","גלידת שטראוס בע""מ, ר",,,יח`,1.33,1 ליטר,false,1,20.90,15.71,true,1,
7290112499066,false,שטראוס קרמיסימו שוקולד לבן ופיסטוק,"גלידת שטראוס בע""מ, ר",,,יח`,1.33,1 ליטר,false,1,20.90,15.71,true,1,
7290112499189,false,"גלידת קרמיסימו חד קרן וניל תות, 1.33 ליטר","גלידת שטראוס בע""\מ, רחוב",,,יח`,1.33,1 ליטר,false,1,20.90,15.71,true,1,
7290112499196,false,גלידה בטעם החלב של הקורנפלקס 1.33 ל' קרמיסימו,"גלידת שטראוס בע""\מ, רחוב",,,יח`,1.33,1 ליטר,false,1,20.90,15.71,true,1,
7290112499479,false,"פינוק - שמפו בתוספת קרטין 700 מ""ל",יוניליוור ישראל שיווק בע`מ,,,יח`,700,"מ""ל",false,1,13.50,1.93,false,1,
7290112960719,false,בגט מחמצת אפוי קפוא 240 גר`בונז`ור,**קבוצת אוסם סחר-שות.מוגבלת,,,יח`,240,גרם,false,1,7.90,3.29,false,1,
7290112961440,false,פיטנס חטיפי פריכיות שוקולד מריר 84 גרם,קבוצת אוסם סחר שותפות מוגבלת,,,יח`,84,גרם,false,1,16.30,19.40,false,1,
7290112961464,false,פיטנס חטיפי פריכיות דגנים וחומוס מתובלות,קבוצת אוסם סחר שותפות מוגבלת,,,יח`,60,גרם,false,1,9.90,16.50,false,1,
7290112961754,false,עוגיות שוקולד ציפס עם קרם בטעם אגוזים 220 גר',קבוצת אוסם סחר שותפות מוגבלת,,,יח`,220,גרם,false,1,13.20,6,false,1,
7290112962287,false,טבעול שווארמה טבעונית 6*450 גרם,קבוצת אוסם סחר שותפות מוגבלת,,,יח`,450,גרם,false,1,34.60,7.69,true,1,
7290112962546,false,מאגדת לה פרוטה מלון תפוח 350 גרם 5 יחידות,נגה גלידות שותפות מוגבלת,,,יח`,350,גרם,false,1,28.50,8.14,false,1,
7290112962737,false,שניצל מן הצומח עם חלבון טבעול 664 גרם,קבוצת אוסם סחר שותפות מוגבלת,,,יח`,664,גרם,false,1,25.40,3.83,false,1,
7290112963529,false,מאגדת טילון אקסטרים שוקו וניל פרווה נסטלה,נגה גלידות שותפות מוגבלת,,,יח`,432,גרם,false,1,32.90,7.62,false,1,
7290112963918,false,פיטנס חטיפי קרקר דק רוזמרין 140 גרם,קבוצת אוסם סחר שותפות מוגבלת,,,יח`,140,גרם,false,1,12.90,9.21,true,1,
7290112964410,false,אסם רוטב אלף האיים חדש לסלט 290 גרם,קבוצת אוסם סחר שותפות מוגבלת,,,יח`,290,"מ""ל",false,1,13.20,4.55,true,1,
7290112964434,false,אסם רוטב קיסר חדש לסלט 295 גרם,קבוצת אוסם סחר שותפות מוגבלת,,,יח`,290,"מ""ל",false,1,13.20,4.55,true,1,
7290112964458,false,רוטב ויניגרט חדש לסלט 295 גרם אסם,קבוצת אוסם סחר שותפות מוגבלת,,,יח`,295,"מ""ל",false,1,13.20,4.47,true,1,
7290112964472,false,אסם רוטב שום חדש לסלט 290 גרם,קבוצת אוסם סחר שותפות מוגבלת,,,יח`,290,"מ""ל",false,1,13.20,4.55,true,1,
7290112964502,false,רוטב אלף האיים לסלט אסם (600 מל),קבוצת אוסם סחר-שות.מוגבלת,,,יח`,600,"מ""ל",false,1,19.30,3.22,false,1,
7290112964564,false,רוטב אלף האיים לייט לסלט אסם (295 מל),קבוצת אוסם סחר שותפות מוגבלת,,,יח`,295,"מ""ל",false,1,13.20,4.47,true,1,
7290112964601,false,רוטב בנוסח סצ'ואן הסדרה האסייתית,קבוצת אוסם סחר שותפות מוגבלת,,,יח`,290,"מ""ל",false,1,15.90,5.48,true,1,
7290112964724,false,המבורגר צמחוני עם המון חלבון 580 גר,קבוצת אוסם סחר שותפות מוגבלת,,,יח`,504,גרם,false,1,34.60,6.87,true,1,
7290112965141,false,תבשיל פתיתים אפויים עם ירקות 130 גרם,קבוצת אוסם סחר שותפות מוגבלת,,,יח`,150,גרם,false,1,12.50,8.33,false,1,
7290112965165,false,מרק נמס פטריות אסם בדצ 48 גרם מארז זוגי,קבוצת אוסם סחר שותפות מוגבלת,,,יח`,48,גרם,false,1,6.90,14.38,false,1,
7290112965240,false,מרק נמס בטעם עגבניות זוג * 44 ג' אסם,קבוצת אוסם סחר שותפות מוגבלת,,,יח`,60,גרם,false,1,6.90,11.50,false,1,
7290112965264,false,אבקת מרק נמס אפונה אסם בדצ 52 גרם מארז זוגי,קבוצת אוסם סחר שותפות מוגבלת,,,יח`,52,גרם,false,1,6.90,13.27,false,1,
7290112965288,false,מרק נמס ירקות אסם בדצ 56 גרם מארז זוגי,קבוצת אוסם סחר שותפות מוגבלת,,,יח`,52,גרם,false,1,6.90,13.27,false,1,
7290112965301,false,זוג מרק נמס בטעם עוף עם שקדי מרק רגע חם,קבוצת אוסם סחר שותפות מוגבלת,,,יח`,52,גרם,false,1,6.90,13.27,false,1,
7290112965325,false,תבשיל אורז ספרדי אוסם 140 גרם,קבוצת אסם סחר שות. מוגבלת,,,יח`,140,גרם,false,1,12.50,8.93,false,1,
7290112965585,false,פרפקטו פסטה קסרצה אסם 500 גרם,קבוצת אוסם סחר שותפות מוגבלת,,,יח`,500,גרם,false,1,8.90,1.78,false,1,
7290112965981,false,"טבעול גורמה ארוחת דגנים, 450 גרם",קבוצת אוסם סחר-שות.מוגבלת,,,יח`,450,גרם,false,1,35.90,7.98,true,1,
7290112966001,false,"טבעול גורמה ארוחת ירוקים, 450 גרם",קבוצת אוסם סחר שותפות מוגבלת,,,יח`,450,גרם,false,1,35.90,7.98,true,1,
7290112966094,false,עוגת הבית בטעם תפוז מופחת סוכראסם (400 ג,קבוצת אוסם סחר שותפות מוגבלת,,,יח`,400,גרם,false,1,12.50,3.13,false,1,
7290112966445,false,במבה מתוקה אריזה גדולה 100 גר`אסם,קבוצת אוסם סחר שותפות מוגבלת,,,יח`,100,גרם,false,1,9.90,9.90,false,1,
7290112967114,false,פיטנס חטיפי פריכיות קטניות ופלפל 60 גרם,קבוצת אוסם סחר שותפות מוגבלת,,,יח`,60,גרם,false,1,9.90,16.50,false,1,
7290112967381,false,פיטנס חטיפי פריכיות קטניות ומלח ים 60 גרם,קבוצת אוסם סחר שותפות מוגבלת,,,יח`,60,גרם,false,1,9.90,16.50,false,1,
7290112967572,false,"אסם רוטב ברביקיו 290 מ""ל אסם",קבוצת אוסם סחר שותפות מוגבלת,,,יח`,250,גרם,false,1,13.20,5.28,true,1,
7290112968807,false,80018416694פיטנס חטיפי קרקר דק סלק 150גר,קבוצת אוסם סחר שותפות מוגבלת,,,יח`,140,גרם,false,1,12.90,9.21,true,1,
7290112968821,false,חטיפי קרקר דק בטטה 140 גר` פיטנס,קבוצת אוסם סחר שותפות מוגבלת,,,יח`,140,גרם,false,1,12.90,9.21,true,1,
7290112969286,false,בישולים רוטב חרדל ודבש ( 330 גר`) אסם,קבוצת אוסם סחר שותפות מוגבלת,,,יח`,330,גרם,false,1,16.90,5.12,true,1,
7290112969903,false,נאגטס ירקות לבנים ( 500 גר`) טבעול,קבוצת אוסם סחר-שות.מוגבלת,,,יח`,500,גרם,false,1,32.90,6.58,true,1,
7290113190375,false,סילאן טבעי שקדיה 900 גרם,דין שיווק וקליה 2021 בעמ,,,יח`,900,גרם,false,1,15.90,1.77,false,1,
7290113190450,false,ממרח תמרים 450 גרם שקדיה,דין שיווק וקליה 2021 בעמ,,,יח`,450,גרם,false,1,6.50,1.44,true,1,
7290113190771,false,חלבה מסולסלת שוקו וניל 300 גר`ששון הקו,דין שיווק וקליה 2021 בעמ,,,יח`,300,גרם,false,1,14.90,4.97,false,1,
7290113192171,false,מיקס אגוזים שקדים וחמוציות 150 גר`ששון,דין שיווק וקליה 2021 בעמ,,,יח`,150,גרם,false,1,15.90,10.60,false,1,
7290113192300,false,זיתים מושחרים חרוזית 275 גרם בית השיטה,קבוצת אוסם סחר שותפות מוגבלת,,,יח`,275,גרם,false,1,11.50,4.18,false,1,
7290113192317,false,זיתים מושחרים טבעות בית השיטה (280 גרם),קבוצת אוסם סחר שותפות מוגבלת,,,יח`,280,גרם,false,1,12,4.29,true,1,
7290113192348,false,בית השיטה זיתים ירוקים גדול מאודבטעם שום,קבוצת אוסם סחר-שות.מוגבלת,,,יח`,340,גרם,false,1,11.50,3.38,false,1,
7290113192355,false,חרוזית זיתים ירוקים ללא גלעין 275 ג' בית השיטה,קבוצת אוסם סחר שותפות מוגבלת,,,יח`,560,גרם,false,1,11.50,2.05,false,1,
7290113192362,false,זיתים ירוקים טבעות A2 בית השיטה 280 גרם,קבוצת אוסם סחר שותפות מוגבלת,,,יח`,560,גרם,false,1,11.90,2.13,true,1,
7290113192386,false,בית השיטה זיתים ירוקים סורי מבוקע 340גרם,קבוצת אוסם סחר שותפות מוגבלת,,,יח`,560,גרם,false,1,11.90,2.13,false,1,
7290113192393,false,בית השיטה קוקטייל זיתים א2 336 גרם,קבוצת אוסם סחר שותפות מוגבלת,,,יח`,336,גרם,false,1,12.90,3.84,false,1,
7290113192478,false,בית השיטה מלפפונים במלח בינוני 10-12 320 גרם,קבוצת אוסם סחר שותפות מוגבלת,,,יח`,320,גרם,false,1,8.40,2.63,false,1,
7290113192485,false,בית השיטה מלפפונים בחומץ בינוני 10-12 290 גרם,קבוצת אוסם סחר שותפות מוגבלת,,,יח`,290,גרם,false,1,8.40,2.90,false,1,
7290113192508,false,בית השיטה מלפפונים במלח קטן 1317 320 גרם,קבוצת אוסם סחר שותפות מוגבלת,,,יח`,320,גרם,false,1,10.90,3.41,false,1,
7290113192515,false,בית השיטה מלפפונים במלח קטן מאוד 1825 320 גרם,קבוצת אוסם סחר שותפות מוגבלת,,,יח`,320,גרם,false,1,13.50,4.22,false,1,
7290113192553,false,מלפפונים במלח 13-17 פיקנטי בית השיטה 320 גרם,קבוצת אוסם סחר-שות.מוגבלת,,,יח`,320,גרם,false,1,10.90,3.41,false,1,
7290113192560,false,פלפל חריף כבוש שיפקה בית השיטה (430 גר`),קבוצת אוסם סחר שותפות מוגבלת,,,יח`,430,גרם,false,1,7.90,1.84,false,1,
7290113192577,false,בית השיטה כרוב כבוש א2 12*430גרם חדש,קבוצת אוסם סחר שותפות מוגבלת,,,יח`,430,גרם,false,1,8.90,2.07,false,1,
7290113192881,false,"טורטיה חיטה מופחת קלוריות, קוטר 20 ס""מ - 6 יח'",דין שיווק וקליה 2021 בעמ,,,יח`,270,גרם,false,1,10.90,4.04,true,1,
7290113192997,false,בית השיטה חזית מרוקאי 340 גר`,קבוצת אוסם סחר שותפות מוגבלת,,,יח`,340,גרם,false,1,12.90,3.79,false,1,
7290113193321,false,שמן זית כתית מעולה בית השיטה 750 מייל,קבוצת אוסם סחר שותפות מוגבלת,,,יח`,750,"מ""ל",false,1,30.90,4.12,false,1,
7290113193406,false,"קוקטייל טבעות זיתים - זיתים ירוקים, שחורים מרינד",קבוצת אוסם סחר שותפות מוגבלת,,,יח`,280,גרם,false,1,12.90,4.61,false,1,
7290113195066,false,חלבה טורקית בטעם וניל שקדיה 400 גרם,דין שיווק וקליה 2021 בעמ,,,יח`,400,גרם,false,1,15.90,3.98,true,1,
7290113195479,false,קמח שקדים 200 גרם - שקדיה,דין שיווק וקליה 2021 בעמ,,,יח`,200,גרם,false,1,15.90,7.95,true,1,
7290113196001,false,פסטה ספגטי שקדיה 500 גר` .,דין שיווק וקליה 2021 בעמ,,,יח`,500,גרם,false,1,4.90,0.98,true,1,
7290113196018,false,פסטה ביסלי שקדיה 500 גרם,דין שיווק וקליה 2021 בעמ,,,יח`,500,גרם,false,1,4.90,0.98,true,1,
7290113196025,false,פסטה צינורות שקדיה 500 גר` .,דין שיווק וקליה 2021 בעמ,,,יח`,500,גרם,false,1,4.90,0.98,true,1,
7290113196032,false,פסטה צדפים שקדיה 500 גר` .,דין שיווק וקליה 2021 בעמ,,,יח`,500,גרם,false,1,4.90,0.98,true,1,
7290113196490,false,פריכיות כוסמת בתוספת זרעי ציה שקדיה 150 גרם,דין שיווק וקליה 2021 בעמ,,,יח`,150,גרם,false,1,11.90,7.93,true,1,
7290113196506,false,פריכיות כוסמת ללא מלח שקדיה 150 גרם,דין שיווק וקליה 2021 בעמ,,,יח`,150,גרם,false,1,11.90,7.93,true,1,
7290113196520,false,פריכיות כוסמין ללא מלח שקדיה 150 גרם,דין שיווק וקליה 2021 בעמ,,,יח`,150,גרם,false,1,11.90,7.93,true,1,
7290113196759,false,בית השיטה ירקות מעורבים צנ.פלסטיק 6*750 גרם,קבוצת אוסם סחר שותפות מוגבלת,,,יח`,750,גרם,false,1,30.90,4.12,false,1,
7290113197169,false,שקדיה חמאת בוטנים עם שברי בוטנים 510 גר,דין שיווק וקליה 2021 בעמ,,,יח`,510,גרם,false,1,16.90,3.31,false,1,
7290113197176,false,חמאת בוטנים טבעית עם שברי בוטנים 450,דין שיווק וקליה 2021 בעמ,,,יח`,510,גרם,false,1,16.90,3.31,false,1,
7290113198579,false,סוכריות גומי דובונים בטעמי פירות 200 ג' שקדיה,דין שיווק וקליה 2021 בעמ,,,יח`,200,גרם,false,1,10.90,5.45,true,1,
7290113198586,false,סוכריות גומי מסוכרות בטעם אפרסק 200 ג' שקדיה,דין שיווק וקליה 2021 בעמ,,,יח`,200,גרם,false,1,10.90,5.45,true,1,
7290113198593,false,סוכריות גומי מסוכרות בטעם בננה 200 ג' שקדיה,דין שיווק וקליה 2021 בעמ,,,יח`,200,גרם,false,1,10.90,5.45,true,1,
7290113198609,false,סוכריות גומי נחשים בטעמי פירות 200 ג' שקדיה,דין שיווק וקליה 2021 בעמ,,,יח`,200,גרם,false,1,10.90,5.45,true,1,
7290113199392,false,פרכיות כוסמת דקות בתוספת שקדים שקדיה 90 גרם,דין שיווק וקליה 2021 בעמ,,,יח`,90,גרם,false,1,10.90,12.11,true,1,
7290113199620,false,"חטיף שקדים גרעיני דלעת קשיו חמוציות וגרעיני חמניה לל""ס",דין שיווק וקליה 2021 בעמ,,,יח`,1,,false,1,15.90,15.90,false,1,
7290113199637,false,"חטיף בוטנים גרעיני דלעת חמוציות שומשום זרעי פשתן ציה לל""ס",דין שיווק וקליה 2021 בעמ,,,יח`,1,,false,1,15.90,15.90,false,1,
7290113199842,false,מגש אירוח סוכריות גומי 700 ג' שקדיה,דין שיווק וקליה 2021 בעמ,,,יח`,700,גרם,false,1,30.90,4.41,false,1,
7290113199897,false,סוכריות חמצוצים בטעם תות שדה 180 ג' שקדיה,דין שיווק וקליה 2021 בעמ,,,יח`,180,גרם,false,1,10.90,6.06,true,1,
7290113199903,false,סוכריות חמצוצים בטעם תות בננה 180 ג' שקדיה,דין שיווק וקליה 2021 בעמ,,,יח`,180,גרם,false,1,10.90,6.06,true,1,
7290113199927,false,סוכריות חמצוצים בטעם פירות 180 ג' שקדיה,דין שיווק וקליה 2021 בעמ,,,יח`,180,גרם,false,1,10.90,6.06,true,1,
7290113199934,false,סוכריות חמצוצים בטעם אוכמניות 180 ג' שקדיה,דין שיווק וקליה 2021 בעמ,,,יח`,180,גרם,false,1,10.90,6.06,true,1,
7290113560055,false,פרודונטקס מי פה טיפול יומי לחניכיים 500,"מאסטרפוד אוסטריה בע""מ",,,יח`,500,"מ""ל",false,1,30.90,6.18,true,1,
7290113560109,false,פרודונטקס מ.שיניים בטעם צמחי 75 מל,פרודונטקס Parodontax,,,יח`,75,"מ""ל",false,1,31.90,42.53,true,1,
7290113594142,false,בקבוק טריטן עם צמידים 700 - מיקי מאוס,שמחה זה אנחנו בעמ,,,יח`,1,,false,1,19.90,19.90,false,1,
7290113594562,false,שלישיית ביצי שוקולד סמי הכבאי,שמחה זה אנחנו בעמ,,,יח`,60,גרם,false,1,12.90,21.50,false,1,
7290113594579,false,שלישיית ביצי שוקולד(חלב נוכרי)-מפרץ הרפתקאות,שמחה זה אנחנו בעמ,,,יח`,60,גרם,false,1,12.90,21.50,false,1,
7290114310239,false,חלב נטול לקטוז מועשר בוויטמין D י 2% 1.5 ל' טרה,החברה המרכזית טלהפצת משקאות בע,,,יח`,1.50,"מ""ל",false,1,12.50,833.33,false,1,
7290114310246,false,גרנה פדנו צ'אנק משק צוריאל 125 גרם,*החברה המרכזית להפצת משקאותבעמ,,,יח`,125,גרם,false,1,18.80,15.04,false,1,
7290114310338,false,צפתית מעודנת 5% בגביע 225 גרם משק צוריאל,החברה המרכזית טלהפצת משקאות בע,,,יח`,255,גרם,false,1,19.10,7.49,false,1,
7290114310345,false,מעדן יוגורט בטעם תות 1.5% 125 גרם טרה,החברה המרכזית טלהפצת משקאות בע,,,יח`,125,גרם,false,1,3,2.40,false,1,
7290114310550,false,גבינת פטה עיזים מעודנת 5% משק צוריאל 200 גרם,החברה המרכזית טלהפצת משקאות בע,,,יח`,200,גרם,false,1,24.10,12.05,false,1,
7290114310673,false,לאבנה מחלב בקר 9% שומן 250 גרם,החברה המרכזית טלהפצת משקאות בע,,,יח`,250,גרם,false,1,12.50,5,false,1,
7290114310895,false,"סימפלי פרוט יוגורט עם מנגו תות, שמיניה 8 * 150 גרם",החברה המרכזית טלהפצת משקאות בע,,,יח`,1,,false,1,31.40,31.40,false,1,
7290114310963,false,יוגורט מחלב עיזים מלא כ3.8% שומן מועשר 500 גר',*החברה המרכזית להפצת משקאותבעמ,,,יח`,500,גרם,false,1,15.70,3.14,false,1,
7290114311014,false,"משקה חלב אייס קפוצ'ינו פקק ספורט טרה 250 מ""ל",החברה המרכזית טלהפצת משקאות בע,,,יח`,250,"מ""ל",false,1,5.20,2.08,true,1,
7290114311298,false,יוגורט מולר פרופ בטעם תות בננה מלון 150,החברה המרכזית טלהפצת משקאות בע,,,יח`,150,"מ""ל",false,1,5.30,3.53,false,1,
7290114311328,false,חלב מועשר דל לקטוז מעושר בויטמין Dי 2% שומן טרה 1 ליטר,החברה המרכזית טלהפצת משקאות בע,,,יח`,1,1 ליטר,false,1,7.50,7.50,false,1,
7290114311458,false,חלב קרטון 3% מועשר ויטמין די 1 ליטר,החברה המרכזית טלהפצת משקאות בע,,,יח`,1,1 ליטר,false,1,7.10,7.10,false,1,
7290114600927,false,עלי טורטייה חיטה מלאה מאסטר שף 320 גרם,אלקאטי קורביישיסי גי,,,יח`,320,גרם,false,1,11.20,3.50,false,1,
7290114600941,false,מאסטר שף מיונז הולנדי לחיץ 435 גרם,ש. שסטוביץ בע`מ,,,יח`,435,גרם,false,1,15.90,3.66,false,1,
7290114600989,false,"רוטב אלף האיים מאסטר שף 250 מ""ל",ש. שסטוביץ בע`מ,,,יח`,250,"מ""ל",false,1,10.90,4.36,false,1,
7290114600996,false,מאסטר שף רוטב שום 256 גרם,ש. שסטוביץ בע`מ,,,יח`,250,"מ""ל",false,1,10.90,4.36,false,1,
7290114603034,false,"פרי גרנולה אגוזים צימוקים וחמוציות, 300 ג'",ש. שסטוביץ בע`מ,,,יח`,300,גרם,false,1,14.90,4.97,false,1,
7290114603041,false,פריי גרנולה בוטנים אגוזים וקוקוס חלבון,ש. שסטוביץ בע`מ,,,יח`,300,גרם,false,1,11.90,3.97,false,1,
7290114603508,false,"רוטב להקצפה מאסטר שף 300 מ""ל",ש. שסטוביץ בע`מ,,,יח`,300,"מ""ל",false,1,13.90,4.63,false,1,
7290114604901,false,ממרח שום לחיץ מאסטר שף 444 גרם,ש. שסטוביץ בע`מ,,,יח`,444,גרם,false,1,15.90,3.58,false,1,
7290114604963,false,פירורי לחם מתובלים מאסטר שף 230 גרם,ש. שסטוביץ בע`מ,,,יח`,230,גרם,false,1,7.90,3.43,false,1,
7290114606547,false,מיונז פטריות כמהין לחיץ מאסטר שף 242 גרם,ש. שסטוביץ בע`מ,,,יח`,242,גרם,false,1,15.90,6.57,false,1,
7290114606554,false,מיונז מופחת קלוריות בקבוק לחיץ,ש. שסטוביץ בע`מ,,,יח`,470,גרם,false,1,15.90,3.38,false,1,
7290114606561,false,מאסטר שף אטריות אורז דקות ורמיצ'לי 400 ג,לינג טונג רייס ורמיצ'ילי,,,יח`,400,גרם,false,1,10.90,2.73,false,1,
7290114606592,false,רוטב סויה מסורתית 46% פולי סויה מאסטר שף 620 ג',קריניציה ויטמינה אס,,,יח`,620,גרם,false,1,12.90,2.08,true,1,
7290114655903,false,בקבוק טריטן עם צמידים -700ברבי,שמחה זה אנחנו בעמ,,,יח`,1,,false,1,19.90,19.90,false,1,
7290115190014,false,סיגריות מרלבורו רד קצר בוקס,פיליפ מוריס בעמ,,,יח`,1,,false,1,38.50,38.50,true,1,
7290115190045,false,מרלבורו פלייבור מיקס פאקט) (10,פיליפ מוריס בעמ,,,יח`,1,,false,1,335,335,false,1,
7290115190083,false,מרלבורו גולד פאקט) (10 חדש,פיליפ מוריס בעמ,,,יח`,1,,false,1,335,335,false,1,
7290115190090,false,סיגריות מרלבורו קצר בוקס בודד,פיליפ מוריס בעמ,,,יח`,1,,false,1,38.50,38.50,true,1,
7290115190137,false,סיגריות מרלבורו טאצ סילבר יחידה,פיליפ מוריס בעמ,,,יח`,1,,false,1,33.50,33.50,true,1,
7290115190151,false,סיגריות מרלבורו טאצ גולד,פיליפ מוריס בעמ,,,יח`,1,,false,1,33.50,33.50,true,1,
7290115190175,false,פרלמנט סופר סלימס קופסא,פיליפ מוריס בעמ,,,יח`,1,,false,1,43.50,43.50,true,1,
7290115190199,false,פרלמנט נייט ארוך חפיסה) (20,פיליפ מוריס בעמ,,,יח`,1,,false,1,43.50,43.50,true,1,
7290115190212,false,סיגריות פרלמנט בלו 100 BR בודד,פיליפ מוריס בעמ,,,יח`,1,,false,1,43.50,43.50,true,1,
7290115190236,false,סיגריות פרלמנט קצר בלו בודד,פיליפ מוריס בעמ,,,יח`,1,,false,1,43.50,43.50,true,1,
7290115190250,false,סיגריות פרלמנט קצר בודד,פיליפ מוריס בעמ,,,יח`,1,,false,1,43.50,43.50,true,1,
7290115190335,false,ל.מ.בלו לייבל ארוך בוקס חפיסה,פיליפ מוריס בעמ,,,יח`,1,,false,1,33,33,true,1,
7290115190342,false,אל אם כחול קצר לייבל,פיליפ מוריס בעמ,,,יח`,1,,false,1,295,295,false,1,
7290115190359,false,אל.אמ בלו לייבל קצר חפיסה) (20,פיליפ מוריס בעמ,,,יח`,1,,false,1,33,33,true,1,
7290115190397,false,סיגריות L.M קצר רד לייבל בודד,פיליפ מוריס בעמ,,,יח`,1,,false,1,33,33,true,1,
7290115190434,false,סיגריות L.M וייב סלימס בודד,פיליפ מוריס בעמ,,,יח`,1,,false,1,33,33,true,1,
7290115190458,false,סיגריות נקסט פיין אדג' בודד,פיליפ מוריס בעמ,,,יח`,1,,false,1,29.50,29.50,true,1,
7290115190472,false,סיגריות נקסט פיין אדג',פיליפ מוריס בעמ,,,יח`,1,,false,1,29.50,29.50,true,1,
7290115190519,false,סיגריות נקסט פיין חפ,פיליפ מוריס בעמ,,,יח`,1,,false,1,32,32,true,1,
7290115190557,false,חפיסת סיגריות ריסס פילטר נקסט) (20,פיליפ מוריס בעמ,,,יח`,1,,false,1,29.50,29.50,true,1,
7290115190564,false,נקסט לילך פקאט 10 יחידות,פיליפ מוריס בעמ,,,יח`,1,,false,1,285,285,false,1,
7290115190571,false,סיגריות נקסט לילך בודד,פיליפ מוריס בעמ,,,יח`,1,,false,1,32,32,true,1,
7290115190670,false,נקסט אוריגנל טבק סיגריות חפיס,פיליפ מוריס בעמ,,,יח`,1,,false,1,72,72,false,1,
7290115200027,false,אסם פתי בר פינוקים שוקו 220 גרם,קבוצת אוסם סחר שותפות מוגבלת,,,יח`,220,גרם,false,1,13.20,6,false,1,
7290115200676,false,עוגיות קרמוגית במילוי קרם בטעם קרמל מלוח,קבוצת אוסם סחר שותפות מוגבלת,,,יח`,200,גרם,false,1,13.20,6.60,false,1,
7290115200713,false,במבה קלאסי מארז אחיד 5*50 גר` אסם,קבוצת אוסם סחר שותפות מוגבלת,,,יח`,250,גרם,false,1,14.90,5.96,true,1,
7290115201031,false,פתי בר פינוקי דובי שוקולד 175גר.,קבוצת אוסם סחר שותפות מוגבלת,,,יח`,175,גרם,false,1,11.90,6.80,false,1,
7290115201277,false,לחם מחמצת עם בצלים 550 גר`בונז`ור,קבוצת אסם סחר שות. מוגבלת,,,יח`,1,,false,1,16.90,16.90,false,1,
7290115201451,false,לביבות בטטה וקארי 455 גר` טבעול גורמה,קבוצת אוסם סחר שותפות מוגבלת,,,יח`,455,גרם,false,1,35.90,7.89,true,1,
7290115201475,false,טבעול גורמה לביבות כרישה 434 גרם,קבוצת אוסם סחר-שות.מוגבלת,,,יח`,434,גרם,false,1,35.90,8.27,true,1,
7290115201536,false,"טבעול גורמה לביבות כרובית ותפו""א 442 גרם",קבוצת אוסם סחר שותפות מוגבלת,,,יח`,442,גרם,false,1,35.90,8.12,true,1,
7290115201680,false,ביסלי חטיף בטעם ברביקין אסם (70 גרם),קבוצת אוסם סחר שותפות מוגבלת,,,יח`,70,גרם,false,1,4,5.71,true,1,
7290115201741,false,ביסלי חטיף בטעם בצל אסם (70 גרם),קבוצת אוסם סחר שותפות מוגבלת,,,יח`,70,גרם,false,1,4,5.71,true,1,
7290115202212,false,טבעול גורמה לביבות סלק 434 גרם,קבוצת אוסם סחר-שות.מוגבלת,,,יח`,434,גרם,false,1,35.90,8.27,true,1,
7290115202236,false,טופו קראנצי`ם 470 גרם טבעול,קבוצת אוסם סחר שותפות מוגבלת,,,יח`,470,גרם,false,1,34.60,7.36,true,1,
7290115202250,false,טופו קראנצי`ם צ`ילי פיקנטי 470 גרם טבעול,קבוצת אוסם סחר שותפות מוגבלת,,,יח`,470,גרם,false,1,34.60,7.36,true,1,
7290115202762,false,מיני ניוקי טריקולור 500 גרם פרפקטו אסם,קבוצת אוסם סחר-שות.מוגבלת,,,יח`,500,גרם,false,1,9.90,1.98,false,1,
7290115203134,false,חטיף פופקו פופקורן במבה אסם (80 גרם),קבוצת אוסם סחר שותפות מוגבלת,,,יח`,80,גרם,false,1,6.10,7.63,true,1,
7290115203172,false,במבה PRO מכיל 18 גרם חלבון בשקית,קבוצת אוסם סחר שותפות מוגבלת,,,יח`,80,גרם,false,1,4.30,5.38,true,1,
7290115203486,false,פירורית טעם ביסלי גריל אסם (200 גרם),קבוצת אוסם סחר שותפות מוגבלת,,,יח`,200,גרם,false,1,7.50,3.75,false,1,
7290115204292,false,בגט אותנטיק לבן 240 גר`,קבוצת אסם סחר שות. מוגבלת,,,יח`,1,,false,1,6.90,6.90,false,1,
7290115204957,false,קרקר לחמית איטלקית אסם (190 גרם),קבוצת אוסם סחר-שות.מוגבלת,,,יח`,190,גרם,false,1,11.90,6.26,false,1,
7290115205176,false,729001032825פיטנס חטיפי קרקר כפרי 140גר.,קבוצת אוסם סחר שותפות מוגבלת,,,יח`,140,גרם,false,1,12.90,9.21,false,1,
7290115205251,false,פריכיות קרמל מלוח פיטנס בר 84 גרם,קבוצת אוסם סחר שותפות מוגבלת,,,יח`,84,גרם,false,1,16.30,19.40,false,1,
7290115205312,false,קרקר פיטנס דק עם זיתי קלמטה ועשבי תיבול,קבוצת אוסם סחר שותפות מוגבלת,,,יח`,140,גרם,false,1,12.90,9.21,true,1,
7290115205619,false,אסם פתי בר פינוקי עוגת גבינה 220 גרם,קבוצת אוסם סחר שותפות מוגבלת,,,יח`,220,גרם,false,1,11.90,5.41,false,1,
7290115205633,false,טבעול סנסשיונל/גורמה נקנקיות 350 גר',קבוצת אוסם סחר שותפות מוגבלת,,,יח`,350,גרם,false,1,29.90,8.54,true,1,
7290115205695,false,אסם בונזור בצק מצונן לפיצה 460 גרם,קבוצת אוסם סחר-שות.מוגבלת,,,יח`,460,גרם,false,1,19.90,4.33,false,1,
7290115205978,false,פתיבר ואצבעות שוקולד 180 גרם - רבנות,קבוצת אוסם סחר שותפות מוגבלת,,,יח`,180,גרם,false,1,13.20,7.33,false,1,
7290115206135,false,טבעול גורמה ארוחת קינואה 450 גרם,קבוצת אוסם סחר שותפות מוגבלת,,,יח`,450,גרם,false,1,35.90,7.98,true,1,
7290115207484,false,צבר סלט חציל על האש היתר 360 גרם,קבוצת אוסם סחר שותפות מוגבלת,,,יח`,400,גרם,false,1,16.90,4.23,false,1,
7290115207620,false,"רוטב בסגנון סויה קלאסי 290 מ""ל אסם",קבוצת אוסם סחר שותפות מוגבלת,,,יח`,290,"מ""ל",false,1,19.30,6.66,true,1,
7290115207682,false,אסם רוטב בסגנון סויה סיני 9*290מל חדש,קבוצת אוסם סחר שותפות מוגבלת,,,יח`,290,"מ""ל",false,1,13.20,4.55,true,1,
7290115207941,false,סירופ אננס ויטמינצ'יק 1 ליטר,קבוצת אוסם סחר שותפות מוגבלת,,,יח`,1000,"מ""ל",false,1,20.90,2.09,false,1,
7290115208009,false,סירופ ענבים ויטמינצ'יק 1 ליטר,קבוצת אוסם סחר שותפות מוגבלת,,,יח`,1000,"מ""ל",false,1,20.90,2.09,false,1,
7290115208047,false,סירופ פטל ויטמינצ`יק (1 ליטר),קבוצת אוסם סחר שותפות מוגבלת,,,יח`,1000,"מ""ל",false,1,20.90,2.09,false,1,
7290115208320,false,אפרופו חטיף בטעם ביסלי בצל 50 גרם,קבוצת אוסם סחר שותפות מוגבלת,,,יח`,50,גרם,false,1,5.70,11.40,true,1,
7290115208344,false,שטוחים בייגלה כפיות שמנת בצל 300גר,קבוצת אוסם סחר שותפות מוגבלת,,,יח`,300,גרם,false,1,10.10,3.37,false,1,
7290115209198,false,במבה אוורירית אסם 80 גרם,קבוצת אוסם סחר שותפות מוגבלת,,,יח`,80,גרם,false,1,4.40,5.50,true,1,
7290115209235,false,ביסקוויט פתי בר קפה אסם (500 גרם),קבוצת אוסם סחר שותפות מוגבלת,,,יח`,500,גרם,false,1,12.90,2.58,false,1,
7290115209358,false,במבה במילוי בראוניז אסם (60 גרם),קבוצת אוסם סחר שותפות מוגבלת,,,יח`,60,גרם,false,1,4.40,7.33,true,1,
7290115209372,false,במבה במילוי בראוניז 150 גרם אוסם,קבוצת אוסם סחר שותפות מוגבלת,,,יח`,150,גרם,false,1,10.90,7.27,false,1,
7290115400274,false,מיני דובשניות מתוקות 400 גרם אדל,שיבולים יצור ושיווק מוצרי מאפה,,,יח`,400,גרם,false,1,9.90,2.48,false,1,
7290115403299,false,עוגיות פרפריות 450ג דל,שיבולים יצור ושיווק מוצרי מאפה,,,יח`,450,גרם,false,1,15.90,3.53,false,1,
7290115403312,false,עוגיות מלוחות קריספי עגול 450ג דל,שיבולים יצור ושיווק מוצרי מאפה,,,יח`,450,גרם,false,1,15.90,3.53,false,1,
7290115403404,false,עוגיות פרפריות שוקו 450ג דל,שיבולים יצור ושיווק מוצרי מאפה,,,יח`,450,גרם,false,1,15.90,3.53,false,1,
7290115403435,false,עוגיות מעמול תמר 500ג דל,שיבולים יצור ושיווק מוצרי מאפה,,,יח`,500,גרם,false,1,15.90,3.18,false,1,
7290115403459,false,עוגיות נסיכה בטעם תות 500 גר`,שיבולים יצור ושיווק מוצרי מאפה,,,יח`,500,גרם,false,1,15.90,3.18,false,1,
7290115403466,false,עוגיות נסיכה מיקס 500ג דל,שיבולים יצור ושיווק מוצרי מאפה,,,יח`,500,גרם,false,1,15.90,3.18,false,1,
7290115403480,false,עוגיות בסגנון מרוקאי מיני 500ג דל,שיבולים יצור ושיווק מוצרי מאפה,,,יח`,500,גרם,false,1,15.90,3.18,false,1,
7290115403503,false,עוגיות פרסה תמרים 500ג דל,שיבולים יצור ושיווק מוצרי מאפה,,,יח`,500,גרם,false,1,15.90,3.18,false,1,
7290115403510,false,עוגיות מגולגלות תמרים 500ג דל,שיבולים יצור ושיווק מוצרי מאפה,,,יח`,500,גרם,false,1,15.90,3.18,false,1,
7290115480016,false,סוד פאוור קאפס לכביסה צבעונית 26 יחי,גורי שיווק בעמ,,,יח`,338,גרם,false,1,30.90,9.14,true,1,
7290115671155,false,שלישיית סוכריות מאסט FRESH ענבים 45 גרם,שטראוס גרופ בע`מ,,,יח`,45,גרם,false,1,9.90,22,false,1,
7290115671339,false,מיני פינוקיות בראוניז בייגל בוטן עלית 180 ג' עלית,"הגביע מוצרי ופלים בע""\מ",,,יח`,180,גרם,false,1,11.90,6.61,true,1,
7290115671346,false,מיני פינוקיות טופי קרמל מלוח עלית 180 גרם,"הגביע מוצרי ופלים בע""\מ",,,יח`,180,גרם,false,1,11.90,6.61,true,1,
7290115671353,false,מיני פינוקיות עוגיות קקאו במילוי קרם בטעם וניל,"הגביע מוצרי ופלים בע""\מ",,,יח`,180,גרם,false,1,11.90,6.61,true,1,
7290115675986,false,דנונה יוגורט בר עם אגוזים מקורמלים 173 גרם,שטראוס גרופ בעמ/מצונן,,,יח`,173,"מ""ל",false,1,4.50,2.60,false,1,
7290115676037,false,דנונה ריפרש יוגורט עם תות ודומדמניות 1.6% שומן,שטראוס גרופ בעמ/מצונן,,,יח`,250,גרם,false,1,5.50,2.20,false,1,
7290115676044,false,משקה דנונה ריפרש אפרסק מנגו,שטראוס גרופ בעמ/מצונן,,,יח`,250,גרם,false,1,5.50,2.20,false,1,
7290115676051,false,"משקה אקטיביה שיבולת שועל במתיקות מעודנת 250 מ""ל",שטראוס גרופ בעמ/מצונן,,,יח`,265,"מ""ל",false,1,4.90,1.85,false,1,
7290115676082,false,משקה דנונה פרו 20 יוגורט תות 255 ג' רבנות,שטראוס גרופ בעמ/מצונן,,,יח`,225,גרם,false,1,6.90,3.07,false,1,
7290115676099,false,משקה דנונה פרו 20 יוגורט וניל 255 ג' רבנות,שטראוס גרופ בעמ/מצונן,,,יח`,225,גרם,false,1,6.90,3.07,false,1,
7290115677140,false,תפוצ'יפס בטעם פפריקה 200 גרם היתר מכירה,שטראוס פריטו ליי בע”,,,יח`,200,גרם,false,1,11.50,5.75,true,1,
7290115678376,false,מעדן הגולן שוקולד 125 גרם,שטראוס גרופ בעמ/מצונן,,,יח`,1,,false,1,2.90,2.90,true,1,
7290115678383,false,מעדן הגולן שוקולד מריר בודד 125גר,שטראוס גרופ בעמ/מצונן,,,יח`,1,,false,1,2.90,2.90,true,1,
7290115678598,false,חסה אייסברג חיתוך גס 300 שטראוס טעם הטבע,שטראוס בריאות ירקות טריי,,,יח`,300,גרם,false,1,9.30,3.10,false,1,
7290115678635,false,נשנושי גבינה -גבינת שמנת 16%+כעכים שטוחים עם מלח,שטראוס גרופ בעמ/מצונן,,,יח`,67,גרם,false,1,9.90,14.78,true,1,
7290115678642,false,נשנושי גבינה 16% עם חטיף אפוי עם זיתים 67 ג' שטראוס,שטראוס גרופ בעמ/מצונן,,,יח`,67,גרם,false,1,9.90,14.78,true,1,
7290115678970,false,מארז סוכריות FRESH בטעם בזוקה עלית 3*15 ג',"הליקון גידה בע""\מ",,,יח`,45,גרם,false,1,9.90,22,false,1,
7290116530185,false,"קורנפלקס דלישקד קרמל מלוח 400 גרם בד""ץ",יוניליוור ישראל שיווק בע`מ,,,יח`,400,גרם,false,1,24.40,6.10,false,1,
7290116530314,false,קליק כריות דאבל בלק שוקולד לבן 65גר,יוניליוור ישראל שיווק בעמ,,,יח`,65,גרם,false,1,6.90,10.62,true,1,
7290116530321,false,קליק כריות דאבל בלק שוקולד חלב 65גר,יוניליוור ישראל שיווק בעמ,,,יח`,65,גרם,false,1,6.90,10.62,true,1,
7290116531496,false,קינמונים דגנים פריכים מצופים קינמון 375,"יוניליוור ישראל שיווק בע""מ",,,יח`,375,גרם,false,1,22.40,5.97,false,1,
7290116531748,false,קליק שוקו מיקס חום לבן כשר לפסח 65 גרם,יוניליוור ישראל שיווק בעמ,,,יח`,65,גרם,false,1,6.90,10.62,true,1,
7290116531762,false,דפים ריחניים למייבש כביסה בדין ורוד 40 יחידות,יוניליוור ישראל שיווק בע`מ,,,יח`,1,,false,1,19.60,19.60,false,1,
7290116531779,false,דפים ריחניים למייבש כביסה בדין כחול 40 יחידות,יוניליוור ישראל שיווק בע`מ,,,יח`,1,,false,1,19.50,19.50,false,1,
7290116532035,false,קליק קורנפלקס חום לבן כשר לפסח 65 גרם,יוניליוור ישראל שיווק בעמ,,,יח`,65,גרם,false,1,6.90,10.62,true,1,
7290116532042,false,קליק כריות נוגט כשר לפסח 65 גרם,יוניליוור ישראל שיווק בעמ,,,יח`,65,גרם,false,1,6.90,10.62,true,1,
7290116532615,false,פינוק שמפו לשיער בתוספת גוגי ברי 700 מל,יוניליוור ישראל שיווק בע`מ,,,יח`,700,גרם,false,1,13.50,1.93,false,1,
7290116532622,false,"מרכך לשיער בתוספת תמצית גוג'י ברי פינוק 700 מ""ל.",יוניליוור ישראל שיווק בע`מ,,,יח`,700,"מ""ל",false,1,13.50,1.93,false,1,
7290116532868,false,פינוק בייבי שמפו אל דמע לתינוקות 900 מל,יוניליוור ישראל שיווק בע`מ,,,יח`,900,"מ""ל",false,1,20.90,2.32,false,1,
7290116532875,false,פינוק בייבי אל סבון לתינוקות 970 מל-משאבה,יוניליוור ישראל שיווק בע`מ,,,יח`,900,"מ""ל",false,1,20.90,2.32,false,1,
7290116533032,false,"מארז זוג תחליב רחצה פינוק קלאסי 1400 מ""ל",יוניליוור ישראל שיווק בעמ,,,יח`,1400,"מ""ל",false,1,18.90,1.35,false,1,
7290116915142,false,בקבוק טריטן עם צמידים 700 - מיניונים,שמחה זה אנחנו בעמ,,,יח`,1,,false,1,19.90,19.90,false,1,
7290116915791,false,בקבוק טריטן עם צמידים -700מוזיקה,שמחה זה אנחנו בעמ,,,יח`,1,,false,1,19.90,19.90,false,1,
7290116930282,false,ארוחה בקטנה לאבנה עם קרקרים 150ג' תנובה,"תנובה בע""מ ***",,,יח`,150,גרם,false,1,7.90,5.27,false,1,
7290116930435,false,יופלה גו במרקם סמיך עם דובדבן 0% 200מל,תנובה מרכז שיתופי לש,,,יח`,200,גרם,false,1,5.90,2.95,false,1,
7290116930459,false,"יופלה שייק מנגו בננה אננס וקוקוס 230 מ""ל",קבוצת המזון אקטשלאר,,,יח`,230,"מ""ל",false,1,7.90,3.43,false,1,
7290116930466,false,"משקה SHAKE בננה מנגן פסיפלורה והל 230 מ""ל יופלה",קבוצת המזון אקטשלאר,,,יח`,230,"מ""ל",false,1,7.90,3.43,false,1,
7290116930480,false,"משקה SHAKE בננה קיווי תפוח 230 מ""ל יופלה",קבוצת המזון אקטשלאר,,,יח`,230,"מ""ל",false,1,7.90,3.43,false,1,
7290116930626,false,ארוחה בקטנה ציזיקי עם קרקרים 150ג' תנובה,"תנובה בע""מ ***",,,יח`,150,גרם,false,1,7.90,5.27,false,1,
7290116930657,false,"משקה חלב גו בטעם בננה תמר בתוספת שיבולת שועל במרקם חלק 340 מ""ל",תנובה מרכז שיתופי לש,,,יח`,340,גרם,false,1,8.90,2.62,false,1,
7290116930701,false,מעדן חלב GO מועשר בחלבון בטעם קרמל מלוח,תנובה מרכז שיתופי לש,,,יח`,120,גרם,false,1,4.90,4.08,false,1,
7290116930725,false,סויה BIO קוקוס גביע 150 גרם אלטרנטיב,תנובה בעמ ***,,,יח`,150,גרם,false,1,4.50,3,false,1,
7290116930954,false,יוגורט טעם פאי תפוחים 3% 150 ג' יופלה,תנובה בעמ ***,,,יח`,150,"מ""ל",false,1,5.20,3.47,false,1,
7290116931074,false,צהובה פרוסות טל העמק 32% 300 גר,"תנובה בע""מ ***",,,יח`,300,גרם,false,1,26.90,8.97,false,1,
7290116931081,false,מעדן סויה - טופי קרמל 125 גרם אלטרנטיב,תנובה מרכז שיתופי לש,,,יח`,125,גרם,false,1,4.60,3.68,false,1,
7290116931104,false,יופלה GO במרקם סמיך עם אננס 0% תנובה 200 גרם,"תנובה בע""מ ***",,,יח`,200,גרם,false,1,5.90,2.95,false,1,
7290117260050,false,קונפיטורה חבושים ויליפוד 380 גרם,ג. וילי-פוד אינטרנשיונל בע`מ,,,יח`,380,גרם,false,1,9.90,2.61,false,1,
7290117260562,false,חמאה כפרית מסורתית בגביע,ג.וילי-פוד אינטרנשיונל **גבינו,,,יח`,250,גרם,false,1,17.90,7.16,false,1,
7290117260890,false,פופקורן בציפוי בטעם קוקוס 90 גרם,ג. וילי-פוד אינטרנשיונל בע`מ,,,יח`,90,גרם,false,1,6.90,7.67,true,1,
7290117261088,false,בוראטה גבינת מוצרלה רכה 18% שומן 125 גר`,ג.וילי-פוד אינטרנשיונל **גבינו,,,יח`,125,גרם,false,1,20.90,16.72,false,1,
7290117261583,false,סרדינים בריסלינג מעושנים בשמן קנולה 129 גרם (צנצנת),ג. וילי-פוד אינטרנשיונל בע`מ,,,יח`,185,גרם,false,1,14.90,8.05,false,1,
7290117261590,false,סרדינים בריסלינג מעושנים בשמן זית 185 גרם צנצנת,ג. וילי-פוד אינטרנשיונל בע`מ,,,יח`,185,גרם,false,1,14.90,8.05,false,1,
7290117261927,false,גבינת פקורינו מחלב כבשים צ'אנק 150 EURO CHEESE,ג.וילי-פוד אינטרנשיונל **גבינו,,,יח`,150,גרם,false,1,20.90,13.93,false,1,
7290117261989,false,גבינת מנורי רכה מחלב צאן 43% שומן 170 גרם,ג.וילי-פוד אינטרנשיונל **גבינו,,,יח`,170,גרם,false,1,16.90,9.94,false,1,
7290117262627,false,מאפה דונאטס בציפוי ומילוי שוקולד ואגוז,ג.וילי-פוד אינטרנשיונל **גבינו,,,יח`,1,,false,1,6.90,6.90,false,1,
7290117262665,false,מאפה דונאטס בציפוי שוקולד ומילוי וניל 71,ג.וילי-פוד אינטרנשיונל **גבינו,,,יח`,1,,false,1,6.90,6.90,false,1,
7290117263075,false,מאפה דונאטס במילוי קרם אגוזים וציפוי שוק,ג.וילי-פוד אינטרנשיונל **גבינו,,,יח`,1,,false,1,6.90,6.90,false,1,
7290117263129,false,מאפה דונאטס במילוי מנגו וציפוי שבבי תפוז,ג.וילי-פוד אינטרנשיונל **גבינו,,,יח`,1,,false,1,6.90,6.90,false,1,
7290117383711,false,"מארז זוג תחליב רחצה חלב ודבש *750 מ""ל פלמוליב",קולגייט פלמוליב,,,יח`,1500,"מ""ל",false,1,30,2,false,1,
7290117383728,false,"מארז זוג תחליב רחצה לומינוס  אבוקדו 750 מ""ל פלמוליב",קולגייט פלמוליב,,,יח`,1500,"מ""ל",false,1,30,2,false,1,
7290117860045,false,שמפו תמציות אלוורה ותה ירוק לשיער רגיל,"טרופיקל גליל בע""מ",,,יח`,700,"מ""ל",false,1,14.90,2.13,true,1,
7290117860090,false,מרכך תמציות אלוורה ותה ירוק לשיער רגיל,"טרופיקל דגיל בע""\מ",,,יח`,700,"מ""ל",false,1,14.90,2.13,true,1,
7290117860144,false,הוואי שמפו פירות אקזוטיים וקלנדולה 700,"טרופיקל גליל בע""מ",,,יח`,700,"מ""ל",false,1,14.90,2.13,true,1,
7290117860540,false,הוואי שמפו לילדים רוזמרין מנגו ומשמש 700,"טרופיקל דגיל בע""\מ",,,יח`,700,"מ""ל",false,1,14.90,2.13,true,1,
7290117860595,false,הוואי מרכך לילדים רוזמרין מנגו ומשמש 700,"טרופיקל גליל בע""מ",,,יח`,700,"מ""ל",false,1,14.90,2.13,true,1,
7290117860892,false,"הוואי - תחליב רחצה יוגורט בניחוח וניל ודבש 700 מ""ל","טרופיקל דגיל בע""\מ",,,יח`,700,"מ""ל",false,1,14.90,2.13,true,1,
7290117900932,false,גרעיני אבטיח קלויים 130 גרם,דין שיווק וקליה 2021 בעמ,,,יח`,130,גרם,false,1,10,7.69,false,1,
7290117900949,false,בוטנים מצופים אמריקאים 250 גרם,דין שיווק וקליה 2021 בעמ,,,יח`,250,גרם,false,1,10,4,false,1,
7290117900956,false,תערובת פיצוחים קלויים ששון הקולה 180 גרם,דין שיווק וקליה 2021 בעמ,,,יח`,180,גרם,false,1,15,8.33,false,1,
7290117900963,false,בוטנים קלויים 270גר ששון הקולה,דין שיווק וקליה 2021 בעמ,,,יח`,270,גרם,false,1,10,3.70,false,1,
7290117901021,false,קבוקים בוטנים מצופים עם שומשום 220 גרם,דין שיווק וקליה 2021 בעמ,,,יח`,220,גרם,false,1,10,4.55,false,1,
7290117901038,false,אגוזי מלך קלופים ששון הקולה 190 גרם,דין שיווק וקליה 2021 בעמ,,,יח`,190,גרם,false,1,15,7.89,false,1,
7290117901175,false,שקדים קלופים 250 גרם ששון הקולה,דין שיווק וקליה 2021 בעמ,,,יח`,250,גרם,false,1,20,8,false,1,
7290117901182,false,בוטן קליפה קלוי 350 גרם ששון הקלה,דין שיווק וקליה 2021 בעמ,,,יח`,350,גרם,false,1,10,2.86,false,1,
7290117901274,false,ממרח זיתים 290 גר' גורמה,דין שיווק וקליה 2021 בעמ,,,יח`,290,גרם,false,1,15.90,5.48,false,1,
7290118420071,false,במבה ביסלי ברביקיו מיקס 80גר אסם{,קבוצת אוסם סחר שותפות מוגבלת,,,יח`,80,גרם,false,1,4.40,5.50,true,1,
7290118420378,false,פתיבר פינוקים בטעם תותים בשמנת - חלבי,קבוצת אוסם סחר שותפות מוגבלת,,,יח`,220,גרם,false,1,13.20,6,false,1,
7290118420415,false,קטשופ אסם קלאסי (750 גרם)היתר מכירה,קבוצת אסם סחר שות. מוגבלת,,,יח`,750,גרם,false,1,11.90,1.59,false,1,
7290118420477,false,אסם בייגלה שטוחים בטעם ביסלי בצל 300 גרם,קבוצת אוסם סחר שותפות מוגבלת,,,יח`,300,גרם,false,1,10.10,3.37,false,1,
7290118420514,false,אינסטנט פודינג בטעם נוגט אסם 75 גרם,קבוצת אוסם סחר שותפות מוגבלת,,,יח`,1,,false,1,5.90,5.90,false,1,
7290900010367,false,טורטייה שמינייה משקל נקי 360 ג' Avel,אבאל יזמות בעמ,,,יח`,360,גרם,false,1,9.90,2.75,true,1,
7297488098152,false,קמח חומוס ללא גלוטן דגש 500 גרם,אף.סי תבליני בגליל ב,,,יח`,500,גרם,false,1,15.80,3.16,false,1,
7297488098305,false,"מרק דגש""קמח שקדים""250גרם",תות תעשיות מזון (201,,,יח`,250,גרם,false,1,26.50,10.60,false,1,
7297488099777,false,עוגיות ללא גלוטן בטעם קאשיו דגש 250 גרם,דגש- דוכן גן שמואל,,,יח`,1,,false,1,25.90,25.90,false,1,
7394376615825,false,אוטלי משקה שיבולת שועל מועשר בסידן וויטמינים 1 ליטר,ש. שסטוביץ בע`מ,,,יח`,1,1 ליטר,false,1,14.90,14.90,true,1,
7394376615832,false,אוטלי משקה שיבולת שועל בטעם שוקולד 1 ליטר,ש. שסטוביץ בע`מ,,,יח`,1,1 ליטר,false,1,16.90,16.90,true,1,
7394376616778,false,אוטלי משקה שיבולת שועל להקצפה בריסטה 1 ליטר,ש. שסטוביץ בע`מ,,,יח`,1,1 ליטר,false,1,16.90,16.90,true,1,
7394376620294,false,אוטלי משקה שיבולת שועל בטעם וניל 1 ליטר,איי אם פי אס איי תעש,,,יח`,1000,"מ""ל",false,1,16.90,1.69,false,1,
7501013101447,false,"נקטר בטעם רימונים 500 מ""ל ""JUMEX""",חומקס קומר קומרסאליז,,,יח`,473,"מ""ל",false,1,9.90,2.03,false,1,
7501013122039,false,ג'ומקס מיץ מנגו קרטונית ליטר תריסר,חומקס קומר קומרסאליזדורה,,,יח`,1000,1 ליטר,false,1,10.60,0.01,true,1,
7501013122190,false,ג'ומקס מיץ תפוחים קרטונית ליטר תריסר,חומקס קומר קומרסאליזדורה,,,יח`,1,1 ליטר,false,1,10.60,10.60,false,1,
7501013138047,false,משקה רימונים יוניקו פרסקו ג'ומקס בקרטונית 1 ליטר,חומקס קומר קומרסאליזדורה,,,יח`,1,1 ליטר,false,1,12.60,12.60,false,1,
7501013138184,false,משקה חמוציות יוניקו פרסקו ג'ומקס קרטונית 1 ליטר,חומקס קומר קומרסאליזדורה,,,יח`,1,1 ליטר,false,1,12.60,12.60,false,1,
7501064191398,false,שישיית בירה קורונה אקסטרא *355 מל,קריניציה ויטמינה אס,,,יח`,2.13,1 ליטר,false,1,35.90,16.01,false,1,
7509546061672,false,דאודורנט סטיק אקסטרים אינטנס,קולגייט פלמוליב,,,יח`,50,גרם,false,1,18.30,36.60,false,1,
7509546666846,false,"קולגייט טוטאל משחת שיניים פחם 75 מ""ל",קולגייט פלמוליב,,,יח`,1,,false,1,20.90,20.90,false,1,
7610100034084,false,מיונז טומי בשפורפרת 265 גרם,ליימן שליסל בע`מ,,,יח`,265,גרם,false,1,14.20,5.36,false,1,
7610113011652,false,בריזר - משקה כוהלי מוגז בטעם תפוח,בקרדי בריזר Bacardi Breezer,,,יח`,275,"מ""ל",false,1,15.30,5.45,true,1,
7610400014649,false,לינדור קוביות במילוי קרם שוקולד חלב 100 גרם,לינדט ושפרונגלי קילשברג,,,יח`,100,גרם,false,1,16.60,16.60,false,1,
7610400068369,false,לינדט לינדור טבלאה קוביות במילוי קרם ושב,משה סידס ובנו בעמ,,,יח`,100,גרם,false,1,16.60,16.60,false,1,
7610400068505,false,לינדט לינדור בונבוניירה שוקולד חלב 200 גרם,לינדט ושפרונגלי קילשברג,,,יח`,200,גרם,false,1,34.60,17.30,true,1,
7610400074155,false,לינדט לינדור קוביות במילוי קרם שוקולד 60% מוצקי קקאו 100 גרם,לינדט ושפרונגלי קילשברג,,,יח`,100,גרם,false,1,16.60,16.60,false,1,
7610400075770,false,לינדט לה גרנד שוקולד מריר אגוז 150 גרם,לינדט ושפרונגלי קילשברג,,,יח`,150,גרם,false,1,26.50,17.67,true,1,
7613030979647,false,דגני בוקר טריקס פירות עולם היורה 480 ג',קבוצת אוסם סחר שותפות מוגבלת,,,יח`,480,גרם,false,1,22.90,4.77,true,1,
7613032045753,false,פיטנס דגנים מחיטה מלאה שוקולד 375גרם,קבוצת אוסם סחר שותפות מוגבלת,,,יח`,375,גרם,false,1,20.30,5.41,true,1,
7613035635845,false,פיטנס גרנולה שוקולד 300 גר`אסם,קבוצת אוסם סחר-שות.מוגבלת,,,יח`,300,גרם,false,1,17.30,5.77,false,1,
7613035758834,false,פיטנס סופר גרנולה וחמוציות 300 גרם,קבוצת אוסם סחר שותפות מוגבלת,,,יח`,300,גרם,false,1,17.30,5.77,false,1,
7613035809109,false,פרפקטו רוטב עגבניות ובזיליקום אסם 400 גרם,קבוצת אוסם סחר שותפות מוגבלת,,,יח`,400,גרם,false,1,11.20,2.80,false,1,
7613035809123,false,פרפקטו רוטב עגבניות עם פלפלים אסם 400 גרם,קבוצת אוסם סחר שותפות מוגבלת,,,יח`,400,גרם,false,1,11.20,2.80,false,1,
7613035809857,false,פרפקטו רוטב עגבניות לפסטה ולבישול אסם 400 גרם,קבוצת אוסם סחר שותפות מוגבלת,,,יח`,400,גרם,false,1,11.20,2.80,false,1,
7613036520492,false,פרפקטו רוטב עגבניות לפיצה אסם 400 גרם,קבוצת אוסם סחר-שות.מוגבלת,,,יח`,400,גרם,false,1,11.20,2.80,false,1,
7613037012095,false,פיטנס סופר גרנולה שוקולד קינואה ושקדים 300 גרם,קבוצת אסם סחר שות. מוגבלת,,,יח`,300,גרם,false,1,17.50,5.83,false,1,
7613037686906,false,פיטנס שקדים ודבש 355 גרם מופחת סוכר,קבוצת אוסם סחר שותפות מוגבלת,,,יח`,355,גרם,false,1,20.30,5.72,true,1,
7613039547632,false,גרבר מחית תפוח בננה ותות 90 גרם פאוץ,קבוצת אוסם סחר שותפות מוגבלת,,,יח`,90,גרם,false,1,7.90,8.78,false,1,
7613039547731,false,גרבר מחית תפוח עץ ומשמש 90 גרם פאוץ,קבוצת אוסם סחר שותפות מוגבלת,,,יח`,90,גרם,false,1,7.90,8.78,false,1,
7613039547922,false,גרבר מחית אגס תפוח ובננה 90 גרם פאוץ,קבוצת אוסם סחר-שות.מוגבלת,,,יח`,90,גרם,false,1,7.90,8.78,false,1,
7613039771174,false,טבעול סנסשיונל מינס טחון צמחוני 400 גרם,קבוצת אוסם סחר שותפות מוגבלת,,,יח`,400,גרם,false,1,33.90,8.48,true,1,
7613039879382,false,מחית תפוח עץ 190 גר` גרבר כשר לפסח,קבוצת אוסם סחר שותפות מוגבלת,,,יח`,190,גרם,false,1,8.10,4.26,false,1,
7613287186928,false,קפסולות קפה סומטרה (10 יח) סטארבקס (56 ג,קבוצת אוסם סחר שותפות מוגבלת,,,יח`,56,גרם,false,1,21.90,39.11,true,1,
7613287302373,false,סטארבקס קפסולות איטליאן סטייל רוסט 56 גרם,קבוצת אוסם סחר שותפות מוגבלת,,,יח`,56,גרם,false,1,21.90,39.11,true,1,
7613287325808,false,אוסם - דיפ אנד ספרד מטבל איולי שום 295 גרם,קבוצת אוסם סחר שותפות מוגבלת,,,יח`,295,גרם,false,1,15.90,5.39,true,1,
7613287325952,false,אוסם - דיפ אנד ספרד מטבל ברבקיו 345 גרם,קבוצת אוסם סחר שותפות מוגבלת,,,יח`,345,גרם,false,1,15.90,4.61,true,1,
7613287325983,false,אוסם - דיפ אנד ספרד מטבל סלסה 335 גרם,קבוצת אוסם סחר שותפות מוגבלת,,,יח`,335,גרם,false,1,15.90,4.75,true,1,
7613287476494,false,אוסם - דיפ אנד ספרד מיונז בסגנון צרפתי 280 גרם,קבוצת אוסם סחר שותפות מוגבלת,,,יח`,280,גרם,false,1,15.90,5.68,true,1,
7622010001858,false,עוגיות אוראו ממולאות קרם וניל 176 גרם.,דיפלומט מפיצים (1968) בעמ**,,,יח`,176,גרם,false,1,10.10,5.74,true,1,
7622201050757,false,מילקה שוקולד חלב במילוי קרם קרמל 100 ג,דיפלומט מפיצים (1968) בעמ**,,,יח`,100,גרם,false,1,7.50,7.50,true,1,
7622201137052,false,אוראו מיני קוקיס - עוגיות שוקולד צ'יפס ותחתית מצופה שוקולד חלב,דיפלומט מפיצים (1968) בעמ**,,,יח`,110,גרם,false,1,8.90,8.09,true,1,
7622201139278,false,גבינת פילדלפיה שמנת 150 גר`% (27 שומן),מיודלז אספניה פרודוק,,,יח`,150,גרם,false,1,14.90,9.93,true,1,
7622201401900,false,עוגיות סנסיישן אוראו מילקה 156 גרם,דיפלומט מפיצים (1968) בעמ**,,,יח`,156,גרם,false,1,13.90,8.91,true,1,
7622201502515,false,עוגיות מילקה קוקי לופ שוקולד צ'יפס,דיפלומט מפיצים (1968) בעמ**,,,יח`,132,גרם,false,1,13.50,10.23,true,1,
7622201521493,false,גבינת פילדלפיה שום ועשבי תיבול 150 גר` (,מיודלז אספניה פרודוק,,,יח`,150,גרם,false,1,14.90,9.93,true,1,
7622201798154,false,גבינת שמנת לייט מופחתת שומן 13% שומן,מיודלז אספניה פרודוק,,,יח`,150,גרם,false,1,14.90,9.93,true,1,
7622201801809,false,מילקה שוקולד חלב עם אגוזים 100 גרם חדש,מנדלז דויצ'\לנד סנקס פרו,,,יח`,100,גרם,false,1,7.50,7.50,false,1,
7622201802394,false,שוקולד מילקה חלב מסרונים 100 גרם,מנדלז דויצ'\לנד סנקס פרו,,,יח`,100,גרם,false,1,7.50,7.50,false,1,
7622201813390,false,עוגיות מילקה וואפל במילוי קרם קקאו 150 ג,דיפלומט מפיצים (1968) בעמ**,,,יח`,150,גרם,false,1,15.20,10.13,true,1,
7622201819408,false,שוקולד מילקה דרק קרמל 85 גרם.,מונדלז דויטשלנד סנאק,,,יח`,85,גרם,false,1,8.90,10.47,true,1,
7622210078131,false,שוקולד חלב עם שבבי קרמל מילקה דיים 100 גרם,מנדלז דויצ'\לנד סנקס פרו,,,יח`,100,גרם,false,1,7.50,7.50,true,1,
7622210137234,false,אוראו עוגיות עם דאבל קרם בטעם וניל 170ג,דיפלומט מפיצים (1968) בעמ**,,,יח`,170,גרם,false,1,11.20,6.59,true,1,
7622210163899,false,שוקולד חלב במילוי סוכריות עדשים,דיפלומט מפיצים (1968) בעמ**,,,יח`,100,גרם,false,1,7.50,7.50,true,1,
7622210453327,false,עוגיות שוקוצ'יפס במילוי שוקולד סנסיישן,דיפלומט מפיצים (1968) בעמ**,,,יח`,156,גרם,false,1,13.50,8.65,true,1,
7622210638021,false,מיני עוגיות אוראו קראנצ'י בייטס מצופים,דיפלומט מפיצים (1968) בעמ**,,,יח`,110,גרם,false,1,8.90,8.09,true,1,
7622210664150,false,"עוגיות אוראו וניל, 396 גרם",דיפלומט מפיצים (1968) בעמ**,,,יח`,396,גרם,false,1,16.90,4.27,false,1,
7622210690852,false,מילקה שוקולד טריולד 280 גרם,דיפלומט היינץ,,,יח`,280,גרם,false,1,15.90,5.68,true,1,
7622210690883,false,מילקה שוקולד חלב-מהדורת מונדיאל 270 גרם,דיפלומט מפיצים (1968) בעמ**,,,יח`,270,גרם,false,1,15.90,5.89,false,1,
7622210693266,false,מילקה שוקולד אגוזים שלמים 270 גרם,מונדלז אוסטרייך פרודקשן,,,יח`,270,גרם,false,1,16.90,6.26,true,1,
7622210826053,false,מילקה שוקולד אוראו סנדוויץ 100 גרם,דיפלומט מפיצים (1968) בעמ**,,,יח`,92,גרם,false,1,7.50,8.15,true,1,
7622210835338,false,אוראו עוגיות ממולאות טעם בראוניז 176 גרם,דיפלומט מפיצים (1968) בעמ**,,,יח`,176,גרם,false,1,10.10,5.74,true,1,
7622300270506,false,מילקה גריינס - עוגיות שיבולת שועל מצופות שוקולד 168 ג',דיפלומט מפיצים (1968) בעמ**,,,יח`,168,גרם,false,1,13.50,8.04,true,1,
7622300315283,false,אוראו עוגיות ממולאות קרם וניל 154 גרם,דיפלומט מפיצים (1968) בעמ**,,,יח`,154,גרם,false,1,8.90,5.78,false,1,
7622300489434,false,"עוגיות אוראו פאדג' בציפוי שוקולד חלב, 246 גרם",דיפלומט מפיצים (1968) בעמ**,,,יח`,246,גרם,false,1,20.30,8.25,true,1,
7622300495046,false,מילקה שוקולד חלב עם אקסטרה קקאו 100 גרם,מנדלז דויצ'\לנד סנקס פרו,,,יח`,100,גרם,false,1,7.50,7.50,true,1,
7622300503079,false,עוגיות ביסקוויט מצופה שוקולד חלב מילקה 200 גרם,דיפלומט מפיצים (1968) בעמ**,,,יח`,200,גרם,false,1,13.50,6.75,true,1,
7622300617820,false,מילקה שוקולד חלב במילוי קרם חלב ווניל ושבבי עוגיות אוראו 100 גרם,מנדלז דויצ'\לנד סנקס פרו,,,יח`,100,גרם,false,1,7.50,7.50,true,1,
7622300772314,false,עוגיות אוראו ממולאות קרם בטעם וניל 66גר,דיפלומט מפיצים (1968) בעמ**,,,יח`,66,גרם,false,1,4.50,6.82,true,1,
7622400005190,false,שוקולד חלב נגיעות שוקולד לבן מילקה 100 ג,מנדלז דויצ'\לנד סנקס פרו,,,יח`,100,גרם,false,1,7.50,7.50,false,1,
7630311507016,false,קפסולות קפה סטארבקס סאני דיי 12*57גר`,קבוצת אוסם סחר שותפות מוגבלת,,,יח`,57,גרם,false,1,21.90,38.42,true,1,
7630477891592,false,סטארבקס קפסולות קפה האוס בלנד 10 יחידות,קבוצת אוסם סחר שותפות מוגבלת,,,יח`,57,גרם,false,1,21.90,38.42,true,1,
7630477891639,false,קפסולות קפה סומטרה (10 יח) סטארבקס ( 55,קבוצת אוסם סחר שותפות מוגבלת,,,יח`,55,גרם,false,1,21.90,39.82,true,1,
7630477891653,false,סטארבקס קפסולות קפה אספרסו נטול 10 יחידו,קבוצת אוסם סחר שותפות מוגבלת,,,יח`,57,גרם,false,1,21.90,38.42,true,1,
7630477891677,false,סטארבקס קפסולות קפה פייק פלייס 10 יחידות,קבוצת אוסם סחר שותפות מוגבלת,,,יח`,57,גרם,false,1,21.90,38.42,true,1,
7630477891691,false,קפסולות קפה קולומביה (10 יח) סטארבקס ( 5,קבוצת אוסם סחר שותפות מוגבלת,,,יח`,57,גרם,false,1,21.90,38.42,true,1,
7630477891714,false,סטארבקס קפסולות קפה אספרסו 10 יחידות,קבוצת אוסם סחר שותפות מוגבלת,,,יח`,57,גרם,false,1,21.90,38.42,true,1,
7630477891738,false,סטארבקס קפסולות קפה אספרסו בלונד 10 יחיד,קבוצת אוסם סחר שותפות מוגבלת,,,יח`,53,גרם,false,1,21.90,41.32,true,1,
7638900426663,false,9 V סוללות אנרג`יזר ריפרש,דנשר (1963) בעמ,,,יח`,1,,false,1,28.90,28.90,false,1,
7702018263783,false,סכיני גילוח מאך 3 ג'ילט 8 יחידות,דיפלומט מפיצים (1968) בעמ,,,יח`,1,,false,1,72.90,72.90,false,1,
7702018263813,false,סכיני גילוח גילט מאך 3 טורבו 4 יח,דיפלומט מפיצים (1968) בעמ,,,יח`,1,,false,1,51.90,51.90,false,1,
7702018321520,false,דאודורנט סטיק לגבר Pro G Arctic ice,דיפלומט מפיצים (1968) בעמ,,,יח`,50,גרם,false,1,22.90,45.80,false,1,
7702018321582,false,דאודורנט סטיק מתקדם ג`ילט (45 מל),דיפלומט מפיצים (1968) בעמ,,,יח`,50,גרם,false,1,17.90,35.80,false,1,
7702018401055,false,מכשיר גילוח ג'ילט ונוס סווירל Extra Smooth,דיפלומט מפיצים (1968) בעמ,,,יח`,1,,false,1,39.90,39.90,false,1,
7702018462032,false,סכיני גילוח גילט מאך 3 רביעייה,דיפלומט מפיצים (1986) בע`מ,,,יח`,1,,false,1,25.90,25.90,false,1,
7702018469383,false,גילט מארז סכיני גילוח פיוזן ידני 12 יחיד,דיפלומט מפיצים (1968) בעמ,,,יח`,1,,false,1,148.90,148.90,true,1,
7702174066631,false,לקקן יוגטה פין פופ במילוי מסטיק 170 גר,קומסטיבלס לה רוזה אס.איי,,,יח`,180,גרם,false,1,7.90,4.39,false,1,
7702174070201,false,יוגטה לקקן בטעם מסטיק ממולא טופי בטעם תות 12 יח' 204 גרם,הדקלאים אגודת שיתופי,,,יח`,1,,false,1,11.90,11.90,false,1,
7702174073844,false,לקקן יוגטה פין פופ פירות 48 יח 672 גרם,הדקלאים אגודת שיתופי,,,יח`,1,,false,1,21.40,21.40,false,1,
7792860006218,false,סוכריות לקקן בייבי דול לריטייר (24 גרם),גוד פוד פרודקטס S.p,,,יח`,24,גרם,false,1,3,12.50,true,1,
7798304600011,false,אוכמניות- טרי 125 גר,בראשית - אגודה שיתופית*שיק 45,,,יח`,125,גרם,false,1,10,8,false,1,
7804414000860,false,קברנה סוביניון דון חוליו (750 מל),צ'ילה לואיס פיליפה אדוארדס,,,יח`,750,"מ""ל",false,1,31.50,4.16,true,1,
7804414000877,false,יין דון חוליו מרלו אדוארדס,צ'ילה לואיס פיליפה אדוארדס,,,יח`,750,"מ""ל",false,1,31.50,4.16,true,1,
7804414000884,false,שרדונה BIN דון חוליו (750 מל),צ'ילה לואיס פיליפה אדוארדס,,,יח`,750,"מ""ל",false,1,31.50,4.16,true,1,
7804414001614,false,שיראז חצי יבש דון חוליו (750 מל),צ'ילה לואיס פיליפה אדוארדס,,,יח`,750,"מ""ל",false,1,31.50,4.16,true,1,
7804414001621,false,שיראז קאזה דה לואיג`י (750 מל),הכרם - משקאות חריפים בעמ,,,יח`,750,"מ""ל",false,1,33.60,4.44,true,1,
7804414012344,false,יין סוביניון בלאן 750 מל דון חוליו,הכרם - משקאות חריפים בעמ,,,יח`,750,"מ""ל",false,1,31.50,4.16,true,1,
7804632390255,false,אוכמניות טרי 125 גר,בראשית - אגודה שיתופית*שיק 45,,,יח`,125,גרם,false,1,10,8,false,1,
7804651030026,false,אוכמניות טריות יחידה,איגל טרייטדינג שיווק חקלאי בעמ,,,יח`,125,גרם,false,1,10,8,false,1,
7891024124826,false,קולגייט משחת אופטיק ספרקלינג וייט 75מל,הנסיך- מפעל לייצור ט,,,יח`,103,גרם,false,1,20.90,20.29,false,1,
8000113003402,false,"קמח תירס בוואקום 1 ק""ג",גורי מוצרי צריכה (1991) בעמ,,,יח`,100,גרם,false,1,17.50,17.50,false,1,
8000215204219,false,משקה אורז ביו אורגני ויטאריז 1 ליטר,בטר אנד דיפרנט,,,יח`,1,1 ליטר,false,1,13.90,13.90,true,1,
8000215204240,false,משקה אורז ושקדים ביו אורגני ויטאריז 1 לי,בטר אנד דיפרנט,,,יח`,1,1 ליטר,false,1,13.90,13.90,true,1,
8000215204394,false,משקה אורז ואגוזי לוז ביו אורגני ויטאריז,בטר אנד דיפרנט,,,יח`,1,1 ליטר,false,1,17.90,17.90,false,1,
8000215204554,false,ויטאריז משקה אורז קוקוס אורגני 1 ליטר,נטורפוד בעמ,,,יח`,1,1 ליטר,false,1,13.90,13.90,false,1,
8000215204653,false,משקה סויה ויטאסי 1 ליטר,בטר אנד דיפרנט,,,יח`,1,1 ליטר,false,1,12.90,12.90,false,1,
8000215204714,false,משקה שיבולת שועל אורגני פרימונה 1 ליטר,בטר אנד דיפרנט,,,יח`,1,1 ליטר,false,1,13.90,13.90,false,1,
8000320010088,false,"רוטב עגבניות במרקם גס 680 מ""ל MUTTI",דיפלומט מפיצים (1968) בעמ**,,,יח`,680,"מ""ל",false,1,11.90,1.75,false,1,
8000380003723,false,וופלים גרנד פטיסרי במילוי קרם אגוזים 100,קריניציה ויטמינה אס,,,יח`,100,גרם,false,1,15.20,15.20,false,1,
8000380003761,false,וופל גרנד פטיסרי שוקולד וקוקוס לואקר 100 גרם,קריניציה ויטמינה אס,,,יח`,100,גרם,false,1,15.20,15.20,false,1,
8000380004676,false,קוביות וופל סנדוויץ Sandwich עם וניל וחלב,"א. לואקר, קונפקט ג'י",,,יח`,200,גרם,false,1,15.20,7.60,false,1,
8000380004911,false,קוביות וופל קואדרטיני Quadratini קרם אגוזים,קריניציה ויטמינה אס,,,יח`,250,גרם,false,1,16.30,6.52,true,1,
8000380004966,false,וופל קוארדטיני לואקר קוביות שוקולד 250ג',קריניציה ויטמינה אס,,,יח`,250,גרם,false,1,16.30,6.52,true,1,
8000380007219,false,וופל לואקר ממולא קרם אגוזים 175 גרם,ליימן שליסל בע`מ,,,יח`,175,גרם,false,1,11.90,6.80,true,1,
8000380007257,false,וופל גרדנה במילוי קרם אגוזים מצופה,קריניציה ויטמינה אס,,,יח`,200,גרם,false,1,16.60,8.30,false,1,
8000380007264,false,וופל לואקר ממולא קרם קקאו 175 גרם,קריניציה ויטמינה אס,,,יח`,175,גרם,false,1,11.90,6.80,true,1,
8000380007271,false,וופל במילוי קרם חלב לואקר (175 גרם),ליימן שליסל בע`מ,,,יח`,175,גרם,false,1,11.90,6.80,true,1,
8000380144044,false,גרדנה וופל מצופה שוקולד חלב לואקר 200 גרם,ליימן שליסל בע`מ,,,יח`,200,גרם,false,1,16.60,8.30,false,1,
8000380156573,false,לואקר בונבוניירה ורד הדולמיטים 150 גרם,קריניציה ויטמינה אס,,,יח`,150,גרם,false,1,27.50,18.33,true,1,
8000380156825,false,שוקולד חלב במילוי קרם חלב וופל לואקר 87 גרם,ליימן שליסל בעמ,,,יח`,1,,false,1,8.90,8.90,false,1,
8000380156856,false,שוקולד לבן במילוי קרם חלב וופל לואקר 87 גרם,ליימן שליסל בע`מ,,,יח`,1,,false,1,8.90,8.90,false,1,
8000380157440,false,שוקולד חלב במילוי קרם אגוזי לוז לואקר 87 גרם,ליימן שליסל בע`מ,,,יח`,85,גרם,false,1,9.10,10.71,false,1,
8000380157570,false,וופלים לואקר קלאסיק אגוז 262.5 גר,ליימן שליסל בע`מ,,,יח`,262.50,גרם,false,1,12.20,4.65,true,1,
8000380180721,false,לואקר וופל קקאו במילוי קרם חלבי 175 גר,קריניציה ויטמינה אס,,,יח`,175,גרם,false,1,11.90,6.80,true,1,
8000380180745,false,וופל קוביות קקאו במילוי קרם חלב לואקר 250 גרם,"א. לואקר, קונפקט ג'י",,,יח`,250,גרם,false,1,16.30,6.52,true,1,
8000380187119,false,עוגיות במילוי קרם אגוזי לוז לואקר 100 גר,ליימן שליסל בע`מ,,,יח`,100,גרם,false,1,15.90,15.90,true,1,
8000380189281,false,מארז מיני מיקס לואקר בשקית 210 גרם,ליימן שליסל בעמ,,,יח`,210,גרם,false,1,25.90,12.33,false,1,
8000380192151,false,טורטינה שישיה טריפל שוקולד מריר 125 גר`,א. לואקר אס. פי. אי-אי.,,,יח`,125,גרם,false,1,18.90,15.12,true,1,
8000380201396,false,שוקולד חלב ממולא קרם קרמל ועלי וופל פריכ,ליימן שליסל בע`מ,,,יח`,126,גרם,false,1,18.90,15,true,1,
8000500009673,false,בונבונרייה פררו רושר 300 גרם,פרימיום-חברה לדברי מתיקה ולמסח,,,יח`,300,גרם,false,1,45.90,15.30,true,1,
8000500023624,false,חטיפי הפי היפו Happy Hippo במילוי קרם חלב וקקאו,פרימיום-חברה לדברי מתיקה ולמסח,,,יח`,90,גרם,false,1,12.50,13.89,true,1,
8000500023976,false,בונבוניירת רפאלו פררו (150 גרם),פרימיום-חברה לדברי מתיקה ולמסח,,,יח`,150,גרם,false,1,16.90,11.27,false,1,
8000500026731,false,ביצי שוקולד קינדר מארז 3 יח סופרייז,פרימיום-חברה לדברי מתיקה ולמסח,,,יח`,60,גרם,false,1,15.90,26.50,true,1,
8000500028124,false,קינדר גוי ביצת הפתעה מארז שלישיה,פרימיום-חברה לדברי מתיקה ולמסח,,,יח`,60,גרם,false,1,15.90,26.50,false,1,
8000500029350,false,מארז וופל מצופה 3יח' *43 גרם קינדר בואנו,פרימיום-חברה לדברי מתיקה ולמסח,,,יח`,129,גרם,false,1,10.90,8.45,false,1,
8000500032237,false,בונבונרייה פררו רושר 375 גרם,פרימיום-חברה לדברי מתיקה ולמסח,,,יח`,375,גרם,false,1,45.90,12.24,true,1,
8000500037874,false,בונבונרייה פררו רושר 200 גרם,פרימיום-חברה לדברי מתיקה ולמסח,,,יח`,200,גרם,false,1,25.90,12.95,true,1,
8000500071083,false,אצבעות שוקולד קינדר Kinder שש עשרה יחידות,פרימיום-חברה לדברי מתיקה ולמסח,,,יח`,200,גרם,false,1,11.90,5.95,false,1,
8000500094976,false,"בונבוניירה פררו רושר רושה קונוס, 212 גרם T17X4",פרימיום-חברה לדברי מתיקה ולמסח,,,יח`,212,גרם,false,1,40.90,19.29,true,1,
8000500121436,false,מארז קינדר בואנו Kinder Bueno לבן שלוש יחידות,פרימיום-חברה לדברי מתיקה ולמסח,,,יח`,117,גרם,false,1,10.90,9.32,false,1,
8000500126325,false,ביצי שוקולד הפתעה קינדר ג'וי ורוד בנות שלישיה,פרימיום-חברה לדברי מתיקה ולמסח,,,יח`,60,גרם,false,1,15.90,26.50,false,1,
8000500217740,false,קינדר בואנו מיני 86 גרם,פרימיום-חברה לדברי מתיקה ולמסח,,,יח`,1,,false,1,10.90,10.90,false,1,
8000500227848,false,נוטלה - בי רדי אצבעות ביסקוויט במילוי שוקולד 6 יח' * 22 גרם,פרימיום-חברה לדברי מתיקה ולמסח,,,יח`,132,גרם,false,1,12.90,9.77,true,1,
8000500249352,false,קינדר בואנו מיני מיקס שקית 205 ג',פרימיום-חברה לדברי מתיקה ולמסח,,,יח`,0,גרם,false,1,19.90,19.90,false,1,
8000500256213,false,קינדר שוקולד חלב במילוי קרם חלבי,פרימיום-חברה לדברי מתיקה ולמסח,,,יח`,120,גרם,false,1,9.90,8.25,false,1,
8000500267103,false,קינדר דליס עוגת ספוג קקאו במילוי חלבי*10,פרימיום-חברה לדברי מתיקה ולמסח,,,יח`,390,גרם,false,1,20.90,5.36,false,1,
8000500269169,false,קינדר קארדס Kinder Cards - חמישייה,פרימיום-חברה לדברי מתיקה ולמסח,,,יח`,128,גרם,false,1,14.90,11.64,false,1,
8000798000307,false,מברשת מגהץ איכותית (,מ.א.ייצור ויבוא מטליות בעמ,,,יח`,1,יח`,false,1,6.40,6.40,false,1,
8000798000925,false,מטאטא רך שיער איטלקי עבה,מ.א.ייצור ויבוא מטליות בעמ,,,יח`,1,יח`,false,1,22.70,22.70,false,1,
8001003100218,false,סוכריות יוגטה ג'לי פירות 800 גר',ליימן שליסל בע`מ,,,יח`,800,גרם,false,1,21.40,2.68,false,1,
8001090033512,false,"טייד אבקת כביסה קולור 8 ק""ג",דיפלומט מפיצים (1968) בעמ,,,יח`,8,"ק""ג",false,1,51.90,6.49,false,1,
8001090066046,false,תחבושות אולוויז דיסקרט לילה 6 יח לבריחת שתן,דיפלומט מפיצים (1968) בעמ,,,יח`,1,,false,1,19.90,19.90,true,1,
8001090111685,false,תחתונים אולוויז דיסקריט מידה L לבריחת שתן,דיפלומט מפיצים (1968) בעמ,,,יח`,1,,false,1,34.90,34.90,true,1,
8001090111715,false,תחתונים אולוויז דיסקריט מידה M לבריחת שתן,דיפלומט מפיצים (1968) בעמ,,,יח`,1,,false,1,34.90,34.90,true,1,
8001090184412,false,"פיירי נוזל לניקוי כלים לימון שקוף, 900 מ""ל",דיפלומט מפיצים (1968) בעמ,,,יח`,900,"מ""ל",false,1,12.90,1.43,false,1,
8001090290830,false,"אוראל בי משחת שיניים- להלבנה פנינה בוהקת 75 מ""ל",דיפלומט מפיצים (1968) בעמ,,,יח`,75,גרם,false,1,29.90,39.87,true,1,
8001090336408,false,חיתולים בייבי דריי מידה 3 38 יח' פמפרס,דיפלומט מפיצים (1986) בע`מ,,,יח`,1,,false,1,31.90,31.90,true,1,
8001090336446,false,חיתולי ביביי דריי מידה 4 ( 34 יח) פמפרס,דיפלומט מפיצים (1986) בע`מ,,,יח`,1,,false,1,31.90,31.90,true,1,
8001090336521,false,חיתולי פמפרס בייבי דריי מידה 5 30 יח` `,דיפלומט מפיצים (1986) בע`מ,,,יח`,1,,false,1,31.90,31.90,true,1,
8001090364104,false,"משחת שיניים אורל בי G&E אורגינל 75 מ""ל",דיפלומט מפיצים (1968) בעמ,,,יח`,75,גרם,false,1,18.90,25.20,true,1,
8001090364159,false,"משחת שיניים אורל בי G&E רעננות מוגברת 75 מ""ל",דיפלומט מפיצים (1968) בעמ,,,יח`,75,גרם,false,1,18.90,25.20,true,1,
8001090364203,false,"משחת שיניים אורל בי G&E להלבנה עדינה 75 מ""ל",דיפלומט מפיצים (1968) בעמ,,,יח`,75,גרם,false,1,18.90,25.20,true,1,
8001090375230,false,"מרכך מרוכז 200 מ""ל לחות מוגברת ""פנטן""",דיפלומט מפיצים (1968) בעמ,,,יח`,200,"מ""ל",false,1,25.40,12.70,false,1,
8001090379337,false,פמפרס פרימיום קר חיתולים שלב 3 40 יח VP,דיפלומט מפיצים (1986) בע`מ,,,יח`,1,,false,1,33.90,33.90,true,1,
8001090379368,false,פמפרס פרימיום קר חיתולים שלב 4 34 יח VP,דיפלומט מפיצים (1986) בע`מ,,,יח`,1,,false,1,33.90,33.90,true,1,
8001090379399,false,פמפרס פרימיום קר חיתולים שלב 5 30 יח VP,דיפלומט מפיצים (1986) בע`מ,,,יח`,1,,false,1,33.90,33.90,true,1,
8001090458353,false,סבון כלים פעולה אנטי-בקטריאלית אקליפטוס,דיפלומט מפיצים (1986) בע`מ,,,יח`,515,"מ""ל",false,1,11.90,2.31,false,1,
8001090493675,false,הד&שולדרס MEN שמפו אולטרא טוטל קר 540 מל,דיפלומט מפיצים (1968) בעמ,,,יח`,540,"מ""ל",false,1,24.90,4.61,true,1,
8001090678614,false,"שמפו סופרים לחות הד אנד שולדרס 400 מ""ל",דיפלומט מפיצים (1986) בע`מ,,,יח`,400,"מ""ל",false,1,21.90,5.48,false,1,
8001090734044,false,אולוויז מגן תחתון גיגה פק לארג' אקסטרה פרוטקט 64 יח',דיפלומט מפיצים (1986) בע`מ,,,יח`,1,,false,1,24.90,24.90,true,1,
8001090802385,false,קפסולות גל לכביסה טייד בניחוח לנור 26 יח,דיפלומט מפיצים (1986) בע`מ,,,יח`,1,,false,1,30.90,30.90,true,1,
8001090832450,false,"שמפו פנטן הנוסחה הקלאסית 660 מ""ל",דיפלומט מפיצים (1986) בע`מ,,,יח`,660,"מ""ל",false,1,20.90,3.17,true,1,
8001090832573,false,שמפו שמן לחות מוגברת 660 מל פנטן,דיפלומט מפיצים (1986) בע`מ,,,יח`,660,"מ""ל",false,1,20.90,3.17,true,1,
8001090832610,false,שמפו שמן למגע רך כמשי 660 מל פנטן,דיפלומט מפיצים (1986) בע`מ,,,יח`,660,"מ""ל",false,1,20.90,3.17,true,1,
8001090832818,false,מרכך פנטן הנוסחה הקלאסית לשיער רגיל ומעורב,דיפלומט מפיצים (1986) בע`מ,,,יח`,660,"מ""ל",false,1,20.90,3.17,true,1,
8001090832894,false,מרכך לשיער חלש ופגום לחות מוגברת,דיפלומט מפיצים (1986) בע`מ,,,יח`,660,"מ""ל",false,1,20.90,3.17,true,1,
8001090832931,false,"פנטן 660 מ""ל קונדישינר למגע רך כמשי",דיפלומט מפיצים (1986) בע`מ,,,יח`,660,"מ""ל",false,1,20.90,3.17,true,1,
8001100059259,false,קוביות וואפל בטעם אגוזי לוז באלוקו 250 ג',אבאל יזמות בעמ,,,יח`,250,גרם,false,1,13.90,5.56,false,1,
8001100067940,false,וופל קוביות בטעם קקאו 125 גר` Balocco,אבאל יזמות בעמ,,,יח`,125,גרם,false,1,10.90,8.72,true,1,
8001160000888,false,"גטורייד משקה ספורט תפוז 500 מ""ל",אקווה מינרלה סאן בנדטו,,,יח`,500,"מ""ל",false,1,10.90,2.12,true,1,
8001160001786,false,"משקה אנרגיה גטורייד ספורט כחול 500מ""ל",אקווה מינרלה סאן בנדטו,,,יח`,500,"מ""ל",false,1,10.90,2.12,true,1,
8001440118944,false,שלישיית עגבניות פולפה צ'יריו 400 גרם,דיפלומט מפיצים (1968) בעמ**,,,יח`,1.20,"ק""ג",false,1,15.90,13.25,true,1,
8001440124150,false,"רוטב עגבניות צ'ילי לפסטה צ'ריו 446 מ""ל CIRIO",דיפלומט היינץ,,,יח`,420,"מ""ל",false,1,12.90,3.07,false,1,
8001440124181,false,"רוטב עגבניות בזיליקום לפסטה צ'ריו 446 מ""ל CIRIO",דיפלומט מפיצים {1968}בעמ,,,יח`,420,"מ""ל",false,1,12.90,3.07,false,1,
8001620011935,false,"סן בנדטו- מים מינרלים מוגז - מארז שישיית 500 מ""ל",אקווה מינרלה סאן בנד,,,יח`,3,1 ליטר,false,1,15,4.40,false,1,
8001620017456,false,"סן בנדטו ספורט, מים מינרלים טבעיים 500 מ""ל שישייה",אקווה מינרלה סאן בנדטו ב,,,יח`,3000,"מ""ל",false,1,15.20,0.45,false,1,
8001841053684,false,תחבושות אולוויז עבה לונג פלוס 12 יחידות,פרוקטר אנד גמבל )ראה קוד,,,יח`,1,,false,1,10.90,10.90,false,1,
8001841053806,false,תחבושות היגייניות אולוויז מקסי עבה לילה,דיפלומט מפיצים (1968) בעמ,,,יח`,1,,false,1,10.90,10.90,false,1,
8001841410524,false,שמפו הד&שולדרס קוקוס 600 מל,דיפלומט מפיצים (1968) בעמ,,,יח`,600,"מ""ל",false,1,24.90,4.15,true,1,
8001841502298,false,"הרבל אסנסס - מרכך ללא סולפטים אלוורה ומנגו 275 מ""ל",דיפלומט מפיצים (1968) בעמ,,,יח`,275,"מ""ל",false,1,20.90,7.60,true,1,
8001841502601,false,"הרבל אסנסס - מרכך ללא סולפטים אלוורה ובמבוק 275 מ""ל",דיפלומט מפיצים (1968) בעמ,,,יח`,275,"מ""ל",false,1,20.90,7.60,true,1,
8001841625188,false,סבון כלים פלטינום לימון X3 פעולות להסרת שומנים,דיפלומט מפיצים (1986) בע`מ,,,יח`,515,"מ""ל",false,1,11.90,2.31,true,1,
8001841665290,false,פנטן שמפו נוסחה קלאסית לשיער רגיל 400 מל,איינשטיין-צור יבוא-יצוא וסחר ב,,,יח`,400,"מ""ל",false,1,14.90,3.73,false,1,
8001841669465,false,קפסולות לכביסה אריאל בניחוח לנור 24 יחידות,דיפלומט מפיצים (1986) בע`מ,,,יח`,1,,false,1,35.90,35.90,true,1,
8001841715957,false,"ג'ל רחצה ושמפו ניקוי אינטנסיסי האד אנד שולדרס 360 מ""ל",דיפלומט מפיצים (1968) בעמ,,,יח`,360,"מ""ל",false,1,16.90,4.69,true,1,
8001943549122,false,צ'וקטה מטבעות שוקולד חלב 40 ג' נוכרי,ואל קור קורסניני אס אנ ס,,,יח`,40,גרם,false,1,3.50,8.75,true,1,
8002270015649,false,סן פלגרינו מים מינרלים טבעיים מוגזים,סן פלגרינו ס.פ.א לוק,,,יח`,250,"מ""ל",false,1,6.50,2.48,false,1,
8002270015656,false,מים מינרליים טבעיים מוגזים סן פלגרינו 750 מל זכוכית,סן פלגרינו ס.פ.א לוק,,,יח`,750,"מ""ל",false,1,10.50,1.36,false,1,
8002270436581,false,סאן פלגרינו פלסטיק מוגז שישייות 500*6,טמפו משקאות בעמ,,,יח`,3000,"מ""ל",false,1,27.90,0.87,false,1,
8002450006559,false,שרדונה קאזה דה לואיג`י (750 מל),הכרם - משקאות חריפים בעמ,,,יח`,750,"מ""ל",false,1,33.60,4.44,true,1,
8002450206508,false,קברנה סוביניון קאזה דה לואיג`י (750 מל),צ'ילה לואיס פיליפה אדוארדס,,,יח`,750,"מ""ל",false,1,33.60,4.44,true,1,
8002450206522,false,מרלו קאזה דה לואיג`י (750 מל),הכרם - משקאות חריפים בעמ,,,יח`,750,"מ""ל",false,1,33.60,4.44,true,1,
8004030022010,false,ירקות גינה עם טונה ריו מרה אינסלטיסימי 160 ג',"בולטון אלימנטרי בע""\מ",,,יח`,160,גרם,false,1,19.50,12.19,true,1,
8004030102033,false,טונה בשמן זית עם מיץ לימון ופלפל שחור - מארז 3 יח',בולטון אלימנטרי,,,יח`,240,גרם,false,1,29.90,12.46,false,1,
8004030177000,false,ריו מארה טונה בשמן זית עם צ`לי שלישיות 8,ש. שסטוביץ בע`מ,,,יח`,240,גרם,false,1,29.90,12.46,false,1,
8004030845046,false,טונה עם ירקות בתוספת עם אורז ריו מרה אינסלטיסימי 160 ג',בולטון אלימנטרי,,,יח`,160,גרם,false,1,19.50,12.19,true,1,
8004030860001,false,ירקות עם קוקוס וטונה ריו מרה אינסלטיסימי 160 ג',"בולטון אלימנטרי בע""\מ",,,יח`,160,גרם,false,1,19.30,12.06,true,1,
8004800000064,false,לאגו פלאסיר- גלילי ופל קרם קקאו בציפוי ש.חלב - 100 ג',תה ויסוצקי (ישראל) בעמ,,,יח`,100,גרם,false,1,12.90,12.90,true,1,
8004800004802,false,לאגו פלאסיר גליליוופל קרם דומדמניות 100 גרם,תה ויסוצקי (ישראל) בעמ,,,יח`,100,גרם,false,1,12.90,12.90,true,1,
8004800005502,false,וופל מיני רול גלילי ופל במילוי קרם קקאו- 125 ג' לאגו,תה ויסוצקי (ישראל) בעמ,,,יח`,125,גרם,false,1,10.90,8.72,false,1,
8004800005519,false,וופל רול גלילי במילוי קרם אגוזי לוז- 125 ג' לאגו,תה ויסוצקי (ישראל) בעמ,,,יח`,125,גרם,false,1,10.90,8.72,false,1,
8005200256587,false,נסטי - תה קר בטעם אפרסק 1.5 ליטר,מפעל סאנפלגרינו S.P.A,,,יח`,1500,"מ""ל",false,1,9.90,0.64,true,1,
8005200286584,false,תה קר נסטי מנגו אננס 1.5 ליטר פיקדון,מפעל סאנפלגרינו S.P.A,,,יח`,1500,"מ""ל",false,1,9.90,0.64,true,1,
8005200316588,false,תה קר נסטי אפרסק דיאט 1.5 ליטר פיקדון,מפעל סאנפלגרינו s.p.a,,,יח`,1500,"מ""ל",false,1,8.90,0.57,true,1,
8005803010371,false,"גריסיני רוזמרין - מקלות אפויים עם שמן זית, מלח ורוזמרין",ליימן שליסל בע`מ,,,יח`,125,גרם,false,1,9.10,7.28,true,1,
8005803010586,false,"מקלות אפויים עם שמן זית, מלח, עגבניות ואורגנו, 125 גרם, אמור די פאן","הוסטה איטליה, ס.ר.ל.",,,יח`,125,גרם,false,1,9.10,7.28,true,1,
8006540091906,false,לנור כדוריות הבושם בניחוח אריאל 140 גרם,פטר קרמר עבור פרוקטור אנ,,,יח`,140,גרם,false,1,20.90,14.93,false,1,
8006540383087,false,טבליות למדיח פיירי פלטינום פלוס דיפ קלין 42 יחידות,דיפלומט מפיצים (1968) בעמ,,,יח`,1,,false,1,45.90,45.90,false,1,
8006540404935,false,דיסקריט תחבושות לבריחת שתן נורמל 12 יח,דיפלומט מפיצים (1968) בעמ,,,יח`,1,,false,1,19.90,19.90,true,1,
8006540425930,false,אריאל קפסולות לכביסה ג'ל 24 יח' לכתמים קשים,דיפלומט מפיצים (1986) בע`מ,,,יח`,1,,false,1,35.90,35.90,true,1,
8008245004861,false,ממרח אגוזי לוז עם חלב מובנפיק 300 גרם,יבואן ומשווק: ש. שסט,,,יח`,300,גרם,false,1,15.90,5.30,false,1,
8017938005122,false,"נטורפוד חומץ תפוחים אורגני 750 מ""ל",מריה לוצ'יה מלצ'יורי,,,יח`,1,,false,1,19.50,19.50,false,1,
8024985002950,false,מחית פירות סמוצ`י שזיף אורגנית נטורה נוב,נטורפוד בעמ,,,יח`,100,גרם,false,1,5.90,5.90,true,1,
8024985005234,false,מחית פירות סמוצ`י תפוח עץ ומנגו אורגנית,נטורפוד בעמ,,,יח`,100,גרם,false,1,5.90,5.90,true,1,
8024985008037,false,מחית פירות סמוצ`י תפוח אורגנית ללא תוספת,"נטורפוד בע""מ",,,יח`,100,גרם,false,1,5.90,5.90,true,1,
8024985008044,false,מחית פירות סמוצ`י אגס אורגנית ללתס נטור,"נטורפוד בע""מ",,,יח`,100,גרם,false,1,5.90,5.90,true,1,
8024985008051,false,מחית פירות סמוצ`י פירות אדומים אורגנית ל,"נטורפוד בע""מ",,,יח`,100,גרם,false,1,5.90,5.90,true,1,
8032793344292,false,עגבניות מרוסקות דק בקבוק 700 גר` פולפה,קונסוריזיו קאסאלסקו דל פ,,,יח`,700,גרם,false,1,13.90,1.99,true,1,
8032793344520,false,תרכיז עגבניות רסק עגבניות מרוכז מאוד,גורי מוצרי צריכה (1991) בעמ,,,יח`,200,גרם,false,1,7.90,3.95,false,1,
8032880800243,false,פיקניק הפתעה - אגוזי לוז ומקלות אפויים,"הוסטה איטליה, ס.ר.ל.",,,יח`,50,גרם,false,1,7.90,15.80,true,1,
8076800195057,false,ברילה - צ.א ספגטי מס5 חדש 500 גרם,ברילה גי.אי.אר פרטלי ס.פ,,,יח`,500,גרם,false,1,7.50,1.50,false,1,
8076802085738,false,ברילה צ.ק פנה רגטה מס' 73 500 גרם,ברילה גי.אי.אר פרטלי ס.פ,,,יח`,500,גרם,false,1,7.50,1.50,false,1,
8076808070882,false,קנלוני מספר 88 ברילה (250 גרם),פאסטיפיקו ריגו אס.אר,,,יח`,250,גרם,false,1,15.90,6.36,false,1,
8076809513654,false,בסיס רוטב עגבניות לבולונז ברילה 400 גרם,ברילה גי.אי.אר פרטלי ס.פ,,,יח`,400,גרם,false,1,15.90,3.98,true,1,
8076809513739,false,ברילה רוטב עגבניות עם בזיליקום 400 גרם,ברילה גי.אי.אר פרטלי ס.פ,,,יח`,400,גרם,false,1,15.90,3.98,true,1,
8076809514774,false,ברילה פפרדלה איטריות ביצים 250 גרם,ברילה גי.אי.אר פרטלי ס.פ,,,יח`,250,גרם,false,1,18.90,7.56,false,1,
8076809523714,false,איטריות טליאטלה ברילה 500 גרם,"ש. שסטוביץ בע""\מ",,,יח`,500,גרם,false,1,26.90,5.38,false,1,
8076809523738,false,דפי לזניה ברילה 500 גרם,ברילה גי.אי.אר פרטלי ס.פ,,,יח`,500,גרם,false,1,24.90,4.98,false,1,
8076809529419,false,ספגטי מחיטה מלאה מס' 5 500 ג' ברילה,ברילה גי. אי. אר פרט,,,יח`,500,גרם,false,1,15.90,3.18,false,1,
8076809529433,false,פסטה פנה ריגטה חיטה מלאה ברילה (500 גרם),"ש. שסטוביץ בע""\מ",,,יח`,500,גרם,false,1,15.90,3.18,false,1,
8076809545464,false,ברילה פסטה ללא גלוטן צורת ספירלי 400 גר,מולינו אנדריאני אס.א,,,יח`,400,גרם,false,1,15.90,3.98,false,1,
8121300208780,false,טרוביה תחליף סוכר לכל מטרה 360 גרם,גורי ע.ע.ע. בעמ,,,יח`,360,גרם,false,1,35.90,9.97,true,1,
8358110076302,false,כוסות לחיים 40 יחידות,הנמל אריזות ושיווק (1984) בעמ,,,יח`,1,,false,1,5.90,5.90,false,1,
8410076600622,false,חטיפי גרנולה קראנצ'י עם שוקולד מריר נייצ'ר ואלי 210 גרם,ג'נרל מילס סאן אדריאן,,,יח`,210,גרם,false,1,14.90,7.10,false,1,
8410076610379,false,"חטיף בוטנים, חלבון סויה ושוקולד מריר עם ציפוי בטעם שוקולד",סריילטו ספיין פודס,,,יח`,210,גרם,false,1,26.50,12.62,false,1,
8410076610386,false,נייטשר ואלי פרוטאין בוטנים עם ציפוי בטעם קרמל מלוח 160 ג',ג'\נרל מילס סאן אדריאן S,,,יח`,210,גרם,false,1,26.50,12.62,false,1,
8410076621009,false,עוגות אישיות בטעם קרמל עם חתיכות בטעם קרמל מלוח,ליימן שליסל בע`מ,,,יח`,1,,false,1,15.90,15.90,true,1,
8410076621047,false,עוגות אישיות בטעם שוקולד עם חתיכות בטעם שוקולד,ליימן שליסל בע`מ,,,יח`,1,,false,1,15.90,15.90,true,1,
8410104039134,false,"מנקה ומחדש מדיח כלים פיניש 250 מ""ל",רקיט בנקיזר (ניר איסט) בעמ,,,יח`,250,"מ""ל",false,1,15.90,6.36,true,1,
8410104044916,false,אבקה למדיח כלים פיניש (2.7 קג),רקיט בנקיזר (ניר איסט) בעמ,,,יח`,2.70,"ק""ג",false,1,43.90,16.26,false,1,
8410104045111,false,"פיניש מלח למדיח כלים 2ק""ג",רקיט בנקיזר (ניר איסט) בעמ,,,יח`,2,"ק""ג",false,1,15.90,7.95,false,1,
8410655002458,false,"בירה סאן מיגל ללא גלוטן 330 מ""ל",אבאל יזמות בעמ,,,יח`,330,"מ""ל",false,1,10.90,3.21,false,1,
8423207206488,false,סלים דליס חטיף דגנים מצופה שוקולד חלב מרבה 6*20 גרם,אף.סי תבליני בגליל ב,,,יח`,120,גרם,false,1,14.90,12.42,true,1,
8423207206495,false,סלים דליס חטיף דגנים מצופה שוקולד מריר מרבה 6*20 גרם,אף.סי תבליני בגליל ב,,,יח`,120,גרם,false,1,14.90,12.42,true,1,
8423207206501,false,סלים דליס חטיף דגנים עם שוקולד חלב מרבה 6*13 גרם,סלים דליס Slim Delis,,,יח`,78,גרם,false,1,14.90,19.10,true,1,
8423207207362,false,חטיפי סלים דליס שוקולד לבן מרבה 6 יחידות,ביסנצ'ורי אס.אל.יו,,,יח`,120,גרם,false,1,14.90,12.42,true,1,
8423207208260,false,מרבה סלים דליס 125 ג' ללא גלוטן שוקולד חלב,ביסנצ'ורי אס.אל.יו,,,יח`,1,,false,1,14.90,14.90,true,1,
8423207208680,false,חטיף דגנים שוקולד סלים דליס לילדים מרבה 6 יחידות,ביסנצ'ורי אס.אל.יו,,,יח`,78,גרם,false,1,14.90,19.10,true,1,
8423207208697,false,חטיפי סלים דליס לילדים שוקולד לבן מרבה 6 יחידות,ביסנצ'ורי אס.אל.יו,,,יח`,78,גרם,false,1,14.90,19.10,true,1,
8423207208703,false,חטיפי סלים דליס שוקולד מריר מרבה 6 יחידות,ביסנצ'ורי אס.אל.יו,,,יח`,78,גרם,false,1,14.90,19.10,true,1,
8423207208871,false,פריכיות תירס בטעם טבעי סלים דליס 130 גרם,גורי מוצרי צריכה (1991) בעמ,,,יח`,130,גרם,false,1,10.90,8.38,false,1,
8423207208895,false,פריכיות תירס בטעם זיתים ועירית סלים דליס 123 ג',גורי מוצרי צריכה (1991) בעמ,,,יח`,123,גרם,false,1,10.90,8.86,false,1,
8423207209885,false,מרבה חטיפי סלים דליס מהדורה מיוחדת שוקולד חלב,סלים דליס Slim Delis,,,יח`,120,גרם,false,1,14.90,12.42,true,1,
8423207210287,false,מרבה סלים דליס שוקולד לבן בטעם יוגורט 120 ג',סלים דליס Slim Delis,,,יח`,120,גרם,false,1,14.90,12.42,true,1,
8423207210928,false,חטיף דגנים מצופה שוקולד חלב ואגוזי לוז - 5 במארז,נוטרישן אנד סנטה קוב,,,יח`,90,גרם,false,1,14.90,16.56,true,1,
8423207210942,false,חטיף דגנים מצופה שוקולד לבן ופירות יער,נוטרישן אנד סנטה קוב,,,יח`,90,גרם,false,1,14.90,16.56,true,1,
8423207210966,false,חטיף רב דגנים מצופה שוקולד לבן קוקוס ולימון,נוטרישן אנד סנטה קוב,,,יח`,120,גרם,false,1,14.90,12.42,true,1,
8423207210980,false,סלים דליס טופינג קליפת תפוז 90 גרם,נוטרישן אנד סנטה קוב,,,יח`,90,גרם,false,1,14.90,16.56,true,1,
8424842050030,false,צ'יפס בטעם מלח הימלאי 125 גרם רביו,א. סיימן סחר בעמ,,,יח`,125,גרם,false,1,13.90,11.12,true,1,
8424842201340,false,צ'יפס בטעם מסורתי פרימיום 130 גרם רביו,א. סיימן סחר בעמ,,,יח`,130,גרם,false,1,13.90,10.69,true,1,
8425206000081,false,ריבת חלב מרדל 450 גרם,גורי מוצרי צריכה (1991) בעמ,,,יח`,450,גרם,false,1,18.90,4.20,false,1,
8427030007281,false,סימילאק גולד קומפורט 1 תרכובת מזון על בסיס חלב,שקד תבל בעמ-סימילק,,,יח`,820,גרם,false,1,119,14.51,false,1,
8427030007298,false,סימילאק גולד קומפורט 2 תרכובת מזון על בסיס חלב,אבוט לבורטוריס ס.א.,,,יח`,820,גרם,false,1,119,14.51,false,1,
8435495805168,false,"תינוקלין לכביסה לעור רגיש אולימפיק 1.25ק""ג",מולינו ניקולי s.p.a,,,יח`,1.25,"ק""ג",false,1,22.40,17.92,false,1,
8435495805199,false,אבקת כביסה תינוקלין- 66 כביסות (3 קג),מולינו ניקולי s.p.a,,,יח`,3,"ק""ג",false,1,44.90,14.97,false,1,
8445290427120,false,דגני פיטנס Fitness שוקולד מריר ובננה,קבוצת אוסם סחר שותפות מוגבלת,,,יח`,330,גרם,false,1,20.30,6.15,true,1,
8593868006014,false,"בירה בלו מון 500מ""ל פחית 5.4%",הכרם - משקאות חריפים בעמ,,,יח`,500,"מ""ל",false,1,10.90,2.12,false,1,
8683323063024,false,יוגטה שטיחים בטעם תותי פרוטי 220 גרם,ליימן שליסל בע`מ,,,יח`,220,גרם,false,1,8.90,4.05,true,1,
8686868600051,false,המותג אביזרי שיער,אל האופק שיווק וסחר,,,יח`,1,,false,1,7.90,7.90,false,1,
8686868600068,false,אביזרי שיער סרטים וקשתות,אל האופק שיווק וסחר,,,יח`,1,,false,1,8.90,8.90,false,1,
8686868600075,false,אביזרי שיער סיכות פפיון גדולות,אל האופק שיווק וסחר,,,יח`,1,,false,1,9.90,9.90,false,1,
8686868600112,false,המותג אביזרי שיער,אל האופק שיווק וסחר,,,יח`,1,,false,1,13.90,13.90,false,1,
8686868600129,false,המותג אביזרי שיער,אל האופק שיווק וסחר,,,יח`,1,,false,1,14.90,14.90,false,1,
8686868600174,false,המותג אביזרי שיער,אל האופק שיווק וסחר,,,יח`,1,,false,1,19.90,19.90,false,1,
8686868600204,false,אביזרי מניקור טל טל,אל האופק שיווק וסחר,,,יח`,1,,false,1,9.90,9.90,false,1,
8690504153740,false,גודייבה שוקולד מריר במילוי קרם גנאש 86 גרם,תה ויסוצקי (ישראל) בעמ,,,יח`,1,,false,1,14.90,14.90,false,1,
8690521016882,false,דאב תארפי שמפו לשיער 400 רגיל מל,יוניליוור ישראל שיווק בע`מ,,,יח`,400,"מ""ל",false,1,17.30,4.33,false,1,
8690526019147,false,אי טי אי - וופל במילוי קרם אגוזי לוז 142 גרם,"GIDA ETI , טורקיה n\",,,יח`,142,גרם,false,1,8.90,6.27,true,1,
8690526039206,false,אי טי אי - מיני וופל במילוי קרם קקאו וחתיכות בוטנים 140 גרם,"GIDA ETI , טורקיה n\",,,יח`,140,גרם,false,1,10.90,7.79,false,1,
8690637506956,false,"דאב שמפו נגד קשקשים אלוורה 600 מ""ל",יוניליוור ישראל שיווק בע`מ,,,יח`,600,"מ""ל",false,1,15.90,2.65,false,1,
8690637555084,false,"מרכך כביסה מרוכז אקסטרה פריחת התפוז בדין 960 מ""ל",יוניליוור ישראל שיווק בע`מ,,,יח`,960,"מ""ל",false,1,17.30,1.80,false,1,
8690637842399,false,מאגדת מגנום מיני דאבל פרי יער שוקולד 6 יח' נסטלה,יוניליוור סנאי וי סי,,,יח`,323,גרם,false,1,35.50,10.99,false,1,
8690637858734,false,ג'ל לניקוי כללי בתוספת אקונומיקה בניחוח לימון,יוניליוור ישראל שיווק בע`מ,,,יח`,750,"מ""ל",false,1,13.20,1.76,false,1,
8690637858741,false,ג'ל לניקוי כללי בתוספת אקונומיקה בניחוח רוח ים,יוניליוור ישראל שיווק בע`מ,,,יח`,750,"מ""ל",false,1,13.20,1.76,false,1,
8690637871061,false,"דאב שמפו עם שמן אבוקדו ותמצית קלנדולה 600 מ""ל",יוניליוור ישראל שיווק בע`מ,,,יח`,600,"מ""ל",false,1,15.90,2.65,false,1,
8690637890666,false,מאגדת מגנום מיני דאבל פיסטוק 6 יח' שטראוס,יוניליוור סנאיי וי ט,,,יח`,282,גרם,false,1,35.50,12.59,false,1,
8690637946318,false,"מרכך כביסה בדין מרוכז אקסטרה בייבי טלק 960 מ""ל",יוניליוור ישראל שיווק בע`מ,,,יח`,960,"מ""ל",false,1,17.30,1.80,false,1,
8690758961009,false,אסותא צמרוני אוזנים כותנה לתינוקות,עיסא ערטול בעמ,,,יח`,1,,false,1,7.90,7.90,false,1,
8690766156367,false,טבלת שוקולד חלב מעולה 90 גר` גודייבה,תה ויסוצקי (ישראל) בעמ,,,יח`,90,גרם,false,1,15.90,17.67,true,1,
8690766156374,false,גודייבה שוקולד מריר מעולה 72% מוצקי קקאו 72גרם,תה ויסוצקי (ישראל) בעמ,,,יח`,90,גרם,false,1,15.90,17.67,true,1,
8690766156381,false,גודייבה שוקולד מריר 90% מוצקי קקאו 90 גרם,תה ויסוצקי (ישראל) בעמ,,,יח`,90,גרם,false,1,15.90,17.67,true,1,
8690766156404,false,שוקולד מריר מעולה גודייבה תפוז אדום 90 גרם,תה ויסוצקי (ישראל) בעמ,,,יח`,90,גרם,false,1,15.90,17.67,true,1,
8690770322079,false,שמרים יבשים 450 גר` בדצ הנמל,הנמל אריזות ושיווק (1984) בעמ,,,יח`,450,גרם,false,1,13.20,2.93,true,1,
8690770322598,false,שמרים יבשים פוליבה הנמל 125 גרם,הנמל אריזות ושיווק (1984) בעמ,,,יח`,125,גרם,false,1,5.90,4.72,true,1,
8690777204071,false,פלפלים כבושים חריפים סרה 320 גרם,ג. וילי-פוד אינטרנשיונל בע`מ,,,יח`,640,גרם,false,1,14.20,2.22,true,1,
8690777206051,false,חציל קלוי על האש סרה ויליפוד 650 גרם,ג. וילי-פוד אינטרנשיונל בע`מ,,,יח`,650,גרם,false,1,14.20,2.18,true,1,
8690777221405,false,פלפל אדום קלוי על האש 650 גר` ויליפוד,ג. וילי-פוד אינטרנשיונל בע`מ,,,יח`,650,גרם,false,1,14.20,2.18,true,1,
8690784516778,false,"דאק נוזל ג''ל לניקוי עם אקונומיקה מקציפה בניחות ים 750 מ""ל",טואלט דאק (ג'ונסון),,,יח`,750,"מ""ל",false,1,13.90,1.85,false,1,
8690784614665,false,סבון דאק לניקוי אסלה בניחוח ים נתלה,דאופלור אס.פי.אי כונ,,,יח`,1,,false,1,11.20,11.20,true,1,
8690784711777,false,דאק סבון אקטיבי בתוספת אקונומיקה מקציפה בניחוח ים,דאופלור אס.פי.אי כונ,,,יח`,1,,false,1,11.20,11.20,true,1,
8691058141238,false,ערמונים שלמים קלויים וקלופים 100 גר` Ave,אבאל יזמות בעמ,,,יח`,100,גרם,false,1,5.50,5.50,true,1,
8691707036014,false,אוזמו שוקולד בצורת ביצה,מוחמד נעמה (1994) בעמ,,,יח`,1,,false,1,3.90,3.90,false,1,
8691707061153,false,אוזמו בובה קריסמס כש,מוחמד נעמה (1994) בעמ,,,יח`,1,,false,1,3.90,3.90,false,1,
8691707066035,false,אוזמו בורגר ביסקוויט סנדוויץ ממולא,מוחמד נעמה (1994) בעמ,,,יח`,1,,false,1,2.90,2.90,false,1,
8691707087962,false,אוזמו סוכריה שוקולד על מקל,מוחמד נעמה (1994) בעמ,,,יח`,1,,false,1,2.90,2.90,false,1,
8693495051156,false,פלמוליב 4 סבונים חלב ורדים-יבוא מקביל .,בית הצעצוע בעמ,,,יח`,1,,false,1,8.90,8.90,false,1,
8693495053792,false,פלמוליב סבון מוצק זיתים רביעייה-יבוא מקב,פארמה דיל (פ.א.ב.) שיווק והפצה,,,יח`,1,,false,1,10.90,10.90,false,1,
8697431921701,false,קונפיטורה תות שדה 70% פרי פרופה 454 גר',תומר יבוא ושיווק מוצרי מזון (1,,,יח`,450,גרם,false,1,15.90,3.53,false,1,
8697530910958,false,פאקט סיגריות כחול ארוך פאל מאל) (200,גלוברנדס בעמ - שיווק סיגריות,,,יח`,1,,false,1,285,285,false,1,
8697826469092,false,טורטיה קטנה שקדיה 540 גרם 12 יחידות,דין שיווק וקליה 2021 בעמ,,,יח`,540,גרם,false,1,10.90,2.02,true,1,
8699141054595,false,אוזמו האפי ביסקוויט במילוי,מוחמד נעמה (1994) בעמ,,,יח`,1,,false,1,1.90,1.90,false,1,
8710428005762,false,תרכובת מזון לתינוקות על בסיס חלבון סויה איזומיל טף שלב 2,"אבוט מעבדות רפואיות בע""מ",,,יח`,400,גרם,false,1,47.90,11.98,false,1,
8710502100864,false,עוגיות מרבה פטיסרי דאבל שוקולד 200 גרם,ש.שסטוביץ בעמ,,,יח`,200,גרם,false,1,9.90,4.95,false,1,
8710502470028,false,עוגיות שוקולד צ'יפס ממולאות בקרם נוגט,קריניציה ויטמינה אס,,,יח`,160,גרם,false,1,10.90,6.81,true,1,
8710800961310,false,סוכריות בטעם תות מנטוס 4*375 גרם,פרפטי ואן מלה ברדה,,,יח`,150,גרם,false,1,14.90,9.93,true,1,
8711000362570,false,קפסולות קפה תואמות נספרסו פורזה 9 ל'אור 10 יחידות,דיפלומט מפיצים (1968) בעמ**,,,יח`,0,גרם,false,1,20.90,20.90,true,1,
8711000371183,false,ג'ייקובס קפסולות קפה אספרסו אינטסו עוצמה 10,ג'ייקובס דאו אגברטס צרפת,,,יח`,1,,false,1,16.90,16.90,true,1,
8711000371206,false,ג'ייקובס קפסולות קפה אספרסו ריסטרטו עוצמה 12,ג'ייקובס דאו אגברטס צרפת,,,יח`,1,,false,1,16.90,16.90,true,1,
8711000471296,false,קפסולות קפה תואמות נספרסו אולטימו 13 ל'אור 10 יחידות,דיפלומט מפיצים (1968) בעמ**,,,יח`,1,,false,1,20.90,20.90,true,1,
8711327475618,false,מגנום פיינט וניל קלאסיק 260 גר`,"מפעל גלידות בווספרם, רחו",,,יח`,260,"מ""ל",false,1,19.90,7.65,false,1,
8711327475663,false,מגנום פיינט וניל שוקולד לבן 260 גרם,"מפעל גלידות בווספרם, רחו",,,יח`,260,"מ""ל",false,1,19.90,7.65,false,1,
8712400718073,false,נוטרילון A.R תרכובת מזון מגיל לידה,דיפלומט מפיצים (1968) בעמ**,,,יח`,400,גרם,false,1,50.90,12.73,false,1,
8712400802499,false,תרכובת מזון המשך לפעוטות על בסיס חלב שלב 1,דיפלומט מפיצים (1968) בעמ**,,,יח`,800,גרם,false,1,64.90,8.11,true,1,
8712400802512,false,תרכובת מזון המשך לפעוטות על בסיס חלב שלב 2,דיפלומט מפיצים (1968) בעמ**,,,יח`,800,גרם,false,1,64.90,8.11,true,1,
8712400802536,false,תרכובת מזון המשך לפעוטות על בסיס חלב שלב 3,דיפלומט מפיצים (1968) בעמ**,,,יח`,800,גרם,false,1,64.90,8.11,true,1,
8714599104316,false,ג'ייקובס קפה שחור קלוי וטחון טורקי 200 גרם,דיפלומט מפיצים (1968) בעמ**,,,יח`,200,גרם,false,1,15.90,7.95,false,1,
8714599410806,false,ג'ייקובס קרוננג מיובש בהקפאה 160 גרם סגירה חוזרת,דיפלומט מפיצים (1968) בעמ**,,,יח`,160,גרם,false,1,18.90,11.81,true,1,
8714599412336,false,קפה נמס בריסטה אמריקנו קלוי וטחון 160 ג' ג'ייקובס,דיפלומט מפיצים (1968) בעמ**,,,יח`,160,גרם,false,1,27.90,17.44,true,1,
8714599513866,false,"קפה נמס מיובש בהקפאה קרונג צנצנת ג'ייקובס 200 גרם לל""ס",דיפלומט מפיצים (1968) בעמ**,,,יח`,200,גרם,false,1,24.90,12.45,false,1,
8714789177229,false,רבעיית מברשות שיניים קולגייט אקסטרה קלין 1 יחידה,הנסיך- מפעל לייצור ט,,,יח`,1,,false,1,10.90,10.90,false,1,
8714789402918,false,נוזל לניקוי כללי ורצפות בניחוח פרחי בר אג'קס 1.5 ליטר,הנסיך- מפעל לייצור ט,,,יח`,1.50,1 ליטר,false,1,20.90,13.93,false,1,
8714789529561,false,"משחת שיניים סנסטיב פרו ריליף להלבנה קולגייט 75 מ""ל",קולגייט-פלמוליב,,,יח`,75,גרם,false,1,23.90,31.87,true,1,
8714789930848,false,"משחת שיניים אופטיק וייט הלבנה מיידית קולגייט 75 מ""ל",איינשטיין-צור יבוא-יצוא וסחר ב,,,יח`,75,גרם,false,1,14.90,19.87,false,1,
8715700110141,false,מיונז קרמי היינץ צנצנת 460ג',דיפלומט מפיצים (1968) בעמ**,,,יח`,460,גרם,false,1,12.90,2.80,false,1,
8715700117805,false,"קטשופ היינץ מתבל עגבניות ללא תוספת סוכר ומלח 425 מ""ל",דיפלומט מפיצים (1968) בעמ**,,,יח`,400,גרם,false,1,12.90,3.23,false,1,
8715700419732,false,מתבל עגבניות היינץ (700 גרם),דיפלומט מפיצים (1968) בעמ**,,,יח`,700,גרם,false,1,13.20,1.89,false,1,
8715700422473,false,ממרח לכריכים וסלטים ללא ח. משמרים היינץ 395 גרם,דיפלומט מפיצים (1968) בעמ**,,,יח`,395,גרם,false,1,17.30,4.38,false,1,
8715700423906,false,היינץ מתבל עגבניות מופחת סוכר ומלח 50/50 550 גרם,דיפלומט מפיצים (1968) בעמ**,,,יח`,555,גרם,false,1,13.20,2.38,false,1,
8717163648667,false,"אקס ג'ל רחצה לגבר אייס צ'יל 400 מ""ל",יוניליוור ישראל שיווק בע`מ,,,יח`,400,"מ""ל",false,1,10.90,2.73,false,1,
8717677336593,false,טוניס שוקולד חלב 180 גרם רבנות - נוכרי,ליימן שליסל בע`מ,,,יח`,180,גרם,false,1,20.90,11.61,true,1,
8717677336616,false,שוקולד מריר עם שקדים ומלח טוניס' שוקולונלי 180 גרם,ליימן שליסל בע`מ,,,יח`,180,גרם,false,1,20.90,11.61,true,1,
8717677336630,false,שוקולד חלב עם שקדים ודבש טוניס' שוקולונלי 180 גרם,ליימן שליסל בע`מ,,,יח`,180,גרם,false,1,20.90,11.61,true,1,
8717677336654,false,טוניס - שוקולד חלב מעולה עם שברי קרמל מלוח,ליימן שליסל בע`מ,,,יח`,180,גרם,false,1,20.90,11.61,false,1,
8717677336661,false,טוניס שוקולד מריר מעולה 70% 180 גרם רבנות - נוכרי,ליימן שליסל בע`מ,,,יח`,180,גרם,false,1,20.90,11.61,true,1,
8717677338436,false,שוקולד חלב עם אגוזי לוז טוניס' שוקולונלי 180 גרם,ליימן שליסל בע`מ,,,יח`,180,גרם,false,1,20.90,11.61,true,1,
8718951001596,false,ספריי אמבטיות אג`קס (600 מל)-יבוא מקביל,הנסיך- מפעל לייצור ט,,,יח`,1,,false,1,9.90,9.90,false,1,
8718951001602,false,ספריי רב פעולות אג`קס (600 מל)-יבוא מקב,הנסיך- מפעל לייצור ט,,,יח`,1,,false,1,9.90,9.90,false,1,
8718951030206,false,"קולגייט סנסיטיב פרוטקשן משחת שיניים לשיניים רגישות 75 מ""ל",קולגייט-פלמוליב,,,יח`,75,גרם,false,1,16.30,21.73,true,1,
8718951048461,false,אג`קס חלונות 750 מל יבוא מקביל טריפל אק,אופאל יאצא בעמ,,,יח`,750,"מ""ל",false,1,11.90,1.59,false,1,
8718951093331,false,מרידול זוג מברשות שיניים אקסטרה סופט,קולגייט פלמוליב,,,יח`,1,,false,1,30.90,30.90,false,1,
8718951236790,false,"קולגייט טוטאל משחת שיניים קלין מינט לפה בריא 100 מ""ל",קולגייט פלמוליב,,,יח`,100,"מ""ל",false,1,17.90,17.90,true,1,
8718951236806,false,"קולגייט טוטאל הלבנה משחת שיניים המסייעת בהסרת כתמים 100 מ""ל",ש. שסטוביץ בע`מ,,,יח`,100,"מ""ל",false,1,17.90,17.90,true,1,
8718951236813,false,"קולגייט טוטאל משחת שיניים ניקוי מתקדם לפה בריא יותר 100 מ""ל",קולגייט פלמוליב,,,יח`,100,"מ""ל",false,1,17.90,17.90,true,1,
8718951315303,false,"קולגייט אדומה משחת שיניים להגנה מפני עששת 2*100 מ""ל",קולגייט-פלמוליב,,,יח`,200,גרם,false,1,20.90,10.45,false,1,
8718951338128,false,"ליידי ספיד סטיק רול און שאוור פרש 50 מ""ל",קולגייט פלמוליב,,,יח`,50,"מ""ל",false,1,17.90,35.80,true,1,
8718951382787,false,"משחת שיניים אופטיק וויט חימר ומינרלים 75 מ""ל קולגייט",ש.שסטוביץ בעמ,,,יח`,75,"מ""ל",false,1,30.90,41.20,true,1,
8718951428492,false,"פלמוליב סבון רחצה לגבר 4ב1 מועשר בפחם 750 מ""ל",ש.שסטוביץ בעמ,,,יח`,750,"מ""ל",false,1,20.90,2.79,true,1,
8718951428522,false,"פלמוליב סבון רחצה לגבר 4 ב-1 המפ 750 מ""ל",ש.שסטוביץ בעמ,,,יח`,750,"מ""ל",false,1,20.90,2.79,true,1,
8718951431614,false,"סבון רחצה פלמוליב סו פירם מינרלים משאבה 750 מ""ל",קולגייט פלמוליב,,,יח`,750,"מ""ל",false,1,20.90,2.79,true,1,
8718951466371,false,מרידול משחת לחניכיים רגישות 75 מל,קולגייט פלמוליב,,,יח`,75,גרם,false,1,20.90,27.87,false,1,
8718951509627,false,"קולגייט אופטיק וייט לאוהבי קפה ותה משחת שיניים 75 מ""ל",קולגייט פלמוליב,,,יח`,75,"מ""ל",false,1,30.90,41.20,false,1,
8719128117249,false,"סירופ פפסי מקס 440 מ""ל סודהסטרים",סודהסטרים ישראל בעמ,,,יח`,440,"מ""ל",false,1,23.90,5.43,false,1,
8719128117263,false,"סירופ מירנדה 440 מ""ל סודהסטרים",סודה סטרים ישראל בעמ,,,יח`,440,"מ""ל",false,1,23.90,5.43,false,1,
8719200997998,false,מרגרינה למריחה בישול וטיגון 200 ג' בלו בנד,דיפלומט מפיצים (1968) בעמ**,,,יח`,200,גרם,false,1,4.60,2.30,false,1,
8719200998001,false,מרגרינה לאפיה ובישול בלי מלח 200 ג' בלו בנד,יוניליוור ישראל מזון בע\,,,יח`,200,גרם,false,1,4.60,2.30,false,1,
8719200998032,false,"מרגרינה מזולה גלורי טעם חמאה 250גר 8 יחידות - כשל""פ","מיוצר ע""\י יוניליוור ישר",,,יח`,250,גרם,false,1,11.20,4.48,false,1,
8719200998094,false,"מרגרינה מזולה לאפיה ללא תוספת מלח 200גר - 40 יח' -כשל""פ","מיוצר ע""\י יוניליוור ישר",,,יח`,200,גרם,false,1,7.10,3.55,false,1,
8719200998100,false,מרגרינה מזולה לאפיה טעם חמאה 200גר - 40 יח',דיפלומט מפיצים (1968) בעמ**,,,יח`,200,גרם,false,1,7.10,3.55,false,1,
8720181114458,false,אקס דאו ספריי לאישה 150 מל(יבוא מקביל,איינשטיין-צור יבוא-יצוא וסחר ב,,,יח`,150,"מ""ל",false,1,10.90,7.27,false,1,
8720181114465,false,"אקס - דאודורנט ספריי לגבר אנרכי 150 מ""ל",איינשטיין-צור יבוא-יצוא וסחר ב,,,יח`,150,"מ""ל",false,1,10.90,7.27,false,1,
8720181114472,false,"אקס - דאודורנט ספריי לגבר אפולו 150 מ""ל",איינשטיין-צור יבוא-יצוא וסחר ב,,,יח`,150,"מ""ל",false,1,10.90,7.27,false,1,
8720181114496,false,"אקס - דאודורנט ספריי לגבר שוקולד 150 מ""ל",איינשטיין-צור יבוא-יצוא וסחר ב,,,יח`,150,"מ""ל",false,1,10.90,7.27,false,1,
8723400756552,false,מארז סוכריות מנטוס Mentos ריינבואו,פרפטי ואן מלה ברדה,,,יח`,150,גרם,false,1,14.90,9.93,true,1,
8723900935174,false,טבק גולדן ורגיניה ירוק 40 גר`+נייר,גלוברנדס בעמ - שיווק סיגריות,,,יח`,1,,false,1,82,82,false,1,
8801055707966,false,קפה טייסטרס צ`ויס בריסטה נסקפה (180 גרם),קבוצת אוסם סחר שותפות מוגבלת,,,יח`,180,גרם,false,1,32.90,18.28,false,1,
8802241131664,false,חטיף אצות קלויות עם מלח ים Laverland Crunch,טחנת האבן קואופ בעמ,,,יח`,40.50,גרם,false,1,31.90,78.77,false,1,
8832774554005,false,תנור קוורץ BENATON BT-55400,קונסיגנציה-ד.ש.ש. אלקטרוניקה ב,,,יח`,1,,false,1,39,39,false,1,
8850389103128,false,"משקה קל סאפה בטעם תפוח 300 מ""ל",פארייפאבה אגרואינדוס,,,יח`,300,"מ""ל",false,1,8.90,2.87,false,1,
8850389105825,false,משקה אלוורה בטעם ענבים סאפה 1 ליטר,סאפה פובליק קומפני לימיט,,,יח`,1,1 ליטר,false,1,14.90,14.90,false,1,
8850389105849,false,סאפה משקה אלוורה מופחת קלוריות בטעם אפרסק 1 ליטר,סאפה פובליק קומפני לימיט,,,יח`,1,1 ליטר,false,1,14.90,14.90,false,1,
8850632604259,false,"יוגטה, חיספוסים, ממתק חמוץ בצורת מקלות בטעם תות שדה,50 גרם",ליימן שליסל בע`מ,,,יח`,50,גרם,false,1,4,8,false,1,
8850632604266,false,"יוגטה, ממתק חמוץ בצורת מקלות בטעם קולה, 50 גרם",ליימן שליסל בע`מ,,,יח`,50,גרם,false,1,4,8,false,1,
8850632604372,false,"יוגטה, חיספוסים בצורת שטיח בטעם תות שדה 50 גרם",ליימן שליסל בע`מ,,,יח`,50,גרם,false,1,4,8,false,1,
8850632604402,false,יוגטה חיספוסים בטעם מעורב תות שדה אבטיח ענבים בננה 50 גרם,ליימן שליסל בע`מ,,,יח`,50,גרם,false,1,4,8,false,1,
8851613101378,false,"נוזל קוקוס ארוי די 250 מ""ל",גורי מוצרי צריכה (1991) בעמ,,,יח`,250,"מ""ל",false,1,10.90,4.36,false,1,
8851613101385,false,"חלב קוקוס ארוי-די קרטון 500מ""ל",גורי מוצרי צריכה (1991) בעמ,,,יח`,500,"מ""ל",false,1,13.90,2.78,false,1,
8888021200256,false,סוללות אנרג'ייזר AA מקס 8 יחידות,יצרן: אנרג'ייזר סינג,,,יח`,1,,false,1,26.90,26.90,false,1,
8888021200720,false,סוללות אנרג'ייזר AAA מקס 8 יחידות,יצרן: אנרג'ייזר סינג,,,יח`,1,,false,1,26.90,26.90,false,1,
8901314517999,false,מברשת שיניים קולגייט צ`רקואל מארז רביעיי,פארמה דיל (פ.א.ב.) שיווק והפצה,,,יח`,1,,false,1,20.90,20.90,false,1,
8901537024014,false,"אורז בסמטי מובחר 1 ק""ג - דוואט) יורה דיעה",ג. וילי-פוד אינטרנשיונל בע`מ,,,יח`,1,"ק""ג",false,1,11.90,11.90,false,1,
8901537076679,false,אורז בסמטי חום מלא 1 קג`DAAWAT וילי פוד,ג. וילי-פוד אינטרנשיונל בע`מ,,,יח`,1,"ק""ג",false,1,11.90,11.90,false,1,
8959286455405,false,תנור קוורץ BENATON BT-55405,קונסיגנציה-ד.ש.ש. אלקטרוניקה ב,,,יח`,1,,false,1,69,69,false,1,
9000101372878,false,קפסולות דיסקס לניקוי כביסה לבנה וצבעונית Deep Clean,גורי שיווק בעמ,,,יח`,1,,false,1,34.90,34.90,false,1,
9322969000015,false,פריכיות תירס בטעם אורגינל ריל פודס 150 ג',אף.סי תבליני בגליל ב,,,יח`,150,גרם,false,1,15.50,10.33,false,1,
9322969000022,false,"ריל פוד פריכיות תירס עם סויה וזרעי פשתן, ללא גלוטן 150 גרם",אף.סי תבליני בגליל ב,,,יח`,150,גרם,false,1,15.50,10.33,false,1,
9322969000039,false,פריכיות תירס עם ארבע דגנים מלאים 150 גר`,ריאל פודס בעמ,,,יח`,150,גרם,false,1,15.50,10.33,false,1,
9322969000046,false,פריכיות תירס שומשום אורגני ריל פודס 150 ג',אף.סי תבליני בגליל ב,,,יח`,150,גרם,false,1,15.50,10.33,false,1,
9711953105807,false,בלוז מעדנייה שטראוס,שטראוס גרופ בעמ/מצונן,,,"ק""ג",1000,גרם,true,1,71,7.10,false,1,
9720188050109,false,ממרח על בסיס סויה בסגנון גבינה טופוטי 225 גרם,החברה המרכזית טלהפצת משקאות בע,,,יח`,227,גרם,false,1,21.90,9.65,false,1,
