code,internal_code,name,manufacturer_name,manufacture_country,manufacturer_item_description,unit_qty,quantity,unit_of_measure,weighted,qty_in_package,price,unit_of_measure_price,allow_discount,status,item_id
319,true,תו סיבוס פטור מעמ,ספקים שונים,,,יח`,1,,false,1,0.01,0.01,false,1,
321,true,תן ביס פטור מעמ,ספקים שונים,,,יח`,1,,false,1,0.01,0.01,false,1,
930,true,ארגז קטן,מחלבת המושבה בעמ,,,"ק""ג",1,,true,1,25.99,25.99,false,1,
2001,true,אשכולית,פירות בני דרור בעמ,,,"ק""ג",1,,true,1,6.90,6.90,false,1,
2002,true,אשכולית אדומה,תעשיות תוצרת חקלאית אביטן בני,,,"ק""ג",1,,true,1,6.90,6.90,false,1,
2003,true,אבוקדו,גליל שוק מקומי אגשח*שיק ל60 יו,,,"ק""ג",1,,true,1,13.90,13.90,false,1,
2006,true,ארטישוק,אנונה שיווק בעמ*שיק 45 יום*,,,"ק""ג",1,,true,1,25,25,false,1,
2007,true,בטטה,משק כרמי ייצור ושיווק תוצרת*שי,,,"ק""ג",1,,true,1,9.90,9.90,false,1,
2009,true,בננות,גליל שוק מקומי אגשח*שיק ל60 יו,,,"ק""ג",1,,true,1,6.90,6.90,false,1,
2010,true,בצל יבש,רביבו יהודה חקלאות ונכסים בעמ,,,"ק""ג",1,,true,1,5.90,5.90,false,1,
2012,true,אננס,פירות הכרמל אגשח בעמ*שיק 45 יו,,,יח`,1,,false,1,40,40,false,1,
2013,true,גויאבה,אלדד קליימן שיווק בעמ*שיק 40 י,,,"ק""ג",1,,true,1,19.90,19.90,false,1,
2015,true,דלעת,שוסטר תעשיות מזון בעמ*שיק ל 60,,,"ק""ג",1,,true,1,9.90,9.90,false,1,
2016,true,דלורית,שוסטר תעשיות מזון בעמ*שיק ל 60,,,"ק""ג",1,,true,1,7.90,7.90,false,1,
2017,true,תפוח זהוב,בראשית - אגודה שיתופית*שיק 45,,,"ק""ג",1,,true,1,10.90,10.90,false,1,
2019,true,חסה עגולה,הירוקים של רצון בעמ,,,יח`,1,,false,1,5.90,5.90,false,1,
2020,true,חסה רגילה,הירוקים של רצון בעמ,,,יח`,1,,false,1,5.90,5.90,false,1,
2021,true,חצילים,שיווק העשור ירקות הזהב*שיק 30,,,"ק""ג",1,,true,1,7.90,7.90,false,1,
2022,true,ירק,א.אדמה (2007) בעמ,,,יח`,1,,false,1,4.90,4.90,false,1,
2023,true,תפוח יונתן,בראשית - אגודה שיתופית*שיק 45,,,"ק""ג",1,,true,1,14.90,14.90,false,1,
2024,true,כרוב לבן,תעשיות תוצרת חקלאית אביטן בני,,,"ק""ג",1,,true,1,3.90,3.90,false,1,
2025,true,כרובית,ד.ע. ימין גידול ושיווק ירקות*ש,,,"ק""ג",1,,true,1,8.90,8.90,false,1,
2026,true,כרוב סיני,בכורי שדה דרום 2002 בעמ,,,יח`,1,,false,1,5.10,5.10,false,1,
2027,true,לימון,אתרוג תוצרת חקלאית*שיק 30 יום*,,,"ק""ג",1,,true,1,9.90,9.90,false,1,
2028,true,מלפפון,נסים מאיר חקלאי בעמ*שיק 30 יום,,,"ק""ג",1,,true,1,7.90,7.90,false,1,
2029,true,מלון,בננות החוף אגשח בעמ,,,"ק""ג",1,,true,1,8.90,8.90,false,1,
2033,true,תפוח סמיט,בראשית - אגודה שיתופית*שיק 45,,,"ק""ג",1,,true,1,10.90,10.90,false,1,
2034,true,תפוח סטארקינג חרמון,בראשית - אגודה שיתופית*שיק 45,,,"ק""ג",1,,true,1,10.90,10.90,false,1,
2035,true,סלק,מלוא הסל שיווק ירקות בעמ*שיק 3,,,"ק""ג",1,,true,1,6.90,6.90,false,1,
2036,true,עגבניה,שיווק העשור ירקות הזהב*שיק 30,,,"ק""ג",1,,true,1,4.90,4.90,true,1,
2038,true,פטריות שמפיניון יחידה,מרינה פטריות הגליל בעמ,,,יח`,1,,false,1,9.90,9.90,true,1,
2039,true,פומלה,מהדרין תנופורט יצוא *שיק 30 יו,,,"ק""ג",1,,true,1,9.90,9.90,false,1,
2040,true,פלפל ירוק,ינאי - מרכז פרי והירק בעמ*שיק,,,"ק""ג",1,,true,1,8.90,8.90,false,1,
2041,true,פלפל חריף,שיווק העשור ירקות הזהב*שיק 30,,,"ק""ג",1,,true,1,9.90,9.90,false,1,
2046,true,קולורבי,תעשיות תוצרת חקלאית אביטן בני,,,"ק""ג",1,,true,1,7.90,7.90,false,1,
2047,true,קלמנטינה,תעשיות תוצרת חקלאית אביטן בני,,,"ק""ג",1,,true,1,7.90,7.90,false,1,
2048,true,קישואים,אשר שי אלבז *שיק 30 יום*,,,"ק""ג",1,,true,1,9.90,9.90,false,1,
2049,true,קיווי,בראשית - אגודה שיתופית*שיק 45,,,"ק""ג",1,,true,1,9.90,9.90,false,1,
2050,true,פומלית,תעשיות תוצרת חקלאית אביטן בני,,,"ק""ג",1,,true,1,9.90,9.90,false,1,
2051,true,לפת,מלוא הסל שיווק ירקות בעמ*שיק 3,,,"ק""ג",1,,true,1,7.90,7.90,false,1,
2054,true,שומר,תעשיות תוצרת חקלאית אביטן בני,,,"ק""ג",1,,true,1,7.90,7.90,false,1,
2056,true,שרי תפזורת,שיווק העשור ירקות הזהב*שיק 30,,,"ק""ג",1,,true,1,19.90,19.90,false,1,
2058,true,תפוא לבן,עוגן שיווק ואריזות בעמ,,,"ק""ג",1,,true,1,3.90,3.90,false,1,
2059,true,תפוזים,הדרי קטיף אריזה ושיווק בעמ*שיק,,,"ק""ג",1,,true,1,6.90,6.90,false,1,
2060,true,תירס ארוז,צמח שיווק תוצרת חקלאית *שיק 30,,,"ק""ג",1,,true,1,10.90,10.90,false,1,
2061,true,פלפל אדום,י.ל. החקלאים שיווק והפצה בעמ*ש,,,"ק""ג",1,,true,1,9.90,9.90,false,1,
2063,true,אגס,טריפל סל בעמ,,,"ק""ג",1,,true,1,13.90,13.90,false,1,
2064,true,כרוב אדום,תעשיות תוצרת חקלאית אביטן בני,,,"ק""ג",1,,true,1,6.90,6.90,false,1,
2066,true,פלפל בהיר,שיווק העשור ירקות הזהב*שיק 30,,,"ק""ג",1,,true,1,10.90,10.90,false,1,
2067,true,פלפל צהוב,ב.ד. גידול ירקות בעמ*שיק 30 יו,,,"ק""ג",1,,true,1,9.90,9.90,false,1,
2068,true,אפרסמון,מור פירות השרון בעמ* שיק 45 יו,,,"ק""ג",1,,true,1,12.90,12.90,false,1,
2072,true,בצל אדום,רביבו יהודה חקלאות ונכסים בעמ,,,"ק""ג",1,,true,1,7.90,7.90,false,1,
2074,true,שרי ארוז,צימן עגבניות שיווק רמת הנגב בע,,,יח`,1,,false,1,9.90,9.90,false,1,
2082,true,תפוח פינק,בראשית - אגודה שיתופית*שיק 45,,,"ק""ג",1,,true,1,13.90,13.90,false,1,
2088,true,מנגו,מרים שהם בעמ * שיק 60 יום*,,,"ק""ג",1,,true,1,8.90,8.90,false,1,
2092,true,פלפל שושקה,י.ל. החקלאים שיווק והפצה בעמ*ש,,,"ק""ג",1,,true,1,10.90,10.90,false,1,
2094,true,תפוח ענה,ח.ע בסד שיווק פירות בעמ,,,"ק""ג",1,,true,1,10.90,10.90,false,1,
2098,true,משמש,אלדד קליימן שיווק בעמ*שיק 40 י,,,"ק""ג",1,,true,1,19.90,19.90,false,1,
2099,true,שזיף אדום,בועז את עמיר בעמ*שיק 40 יום*,,,"ק""ג",1,,true,1,16.90,16.90,false,1,
2104,true,מבצע ירקות,שפע בפרי ארצנו בעמ,,,"ק""ג",1,,true,1,4.90,4.90,false,1,
2113,true,פלפל כתום,י.ל. החקלאים שיווק והפצה בעמ*ש,,,"ק""ג",1,,true,1,9.90,9.90,false,1,
2114,true,ערמונים תפזורת,בכורי שדה דרום 2002 בעמ,,,"ק""ג",1,,true,1,19.90,19.90,false,1,
2115,true,שום טרי בתפזורת,בננות החוף אגשח בעמ,,,"ק""ג",1,,true,1,10,10,false,1,
2120,true,תפוא אדום,עוגן שיווק ואריזות בעמ,,,"ק""ג",1,,true,1,4.90,4.90,false,1,
2122,true,רימון,אלדד קליימן שיווק בעמ*שיק 40 י,,,"ק""ג",1,,true,1,8.90,8.90,false,1,
2127,true,ענבים ירוקים טלי,לכיש מושב עובדים להתישבות*30 י,,,"ק""ג",1,,true,1,29.90,29.90,false,1,
2130,true,אנונה,גליל שוק מקומי אגשח*שיק ל60 יו,,,"ק""ג",1,,true,1,19.90,19.90,false,1,
2132,true,ברוקולי ארוז,בננות החוף אגשח בעמ,,,יח`,1,,false,1,10,10,false,1,
2134,true,תפוח נאשי,בראשית - אגודה שיתופית*שיק 45,,,"ק""ג",1,,true,1,15.90,15.90,false,1,
2158,true,תפוזים ברשת,מהדרין תנופורט יצוא *שיק 30 יו,,,"ק""ג",1,,true,1,5.90,5.90,false,1,
2165,true,פטריות תפזורת גדולות למילוי,חוות השמפיניון בעמ,,,"ק""ג",1,,true,1,39.90,39.90,false,1,
2168,true,תפוח ברשת,אמצע השוק בעמ,,,"ק""ג",1,,true,1,9.90,9.90,false,1,
2170,true,שעועית ירוקה,בננות החוף אגשח בעמ,,,יח`,1,,false,1,10,10,false,1,
2173,true,חציל בלדי,י.ל. החקלאים שיווק והפצה בעמ*ש,,,"ק""ג",1,,true,1,8.90,8.90,false,1,
2186,true,תפוח גלה,בראשית - אגודה שיתופית*שיק 45,,,"ק""ג",1,,true,1,10.90,10.90,false,1,
2323,true,גבינה מגורדת מעדנייה,תנובה - חלב,,,"ק""ג",10,100 גרם,true,1,48,4.80,false,1,
4013,true,חמאה צהובה,תנובה - חלב,,,"ק""ג",10,100 גרם,true,1,42,4.20,false,1,
4440,true,ניסיון עץ מוצר,מחלבות גד שיווק 1992 בעמ,,,יח`,10,100 גרם,false,1,48.18,4.82,false,1,
11004,true,הולנדית+שויצרית+צ`דר,גבינות הכפר בעמ,,,"ק""ג",10,100 גרם,true,1,37,3.70,false,1,
12001,true,מעושנת,גבינות הכפר בעמ,,,"ק""ג",10,100 גרם,true,1,38,3.80,false,1,
14005,true,מקסיקנית,גבינות הכפר בעמ,,,"ק""ג",10,100 גרם,true,1,36,3.60,false,1,
15002,true,גבינה שום שמיר+זיתים במישקל,גבינות הכפר בעמ,,,"ק""ג",10,100 גרם,true,1,36,3.60,false,1,
17006,true,אדם לייט,גבינות הכפר בעמ,,,"ק""ג",10,100 גרם,true,1,36,3.60,false,1,
22009,true,גבינת מסקרפונה 35% שומן מעדנייה,ג.וילי-פוד אינטרנשיונל **גבינו,,,"ק""ג",10,100 גרם,true,1,50,5,false,1,
22016,true,גבינת ריקוטה 5% שומן מעדנייה,ג.וילי-פוד אינטרנשיונל **גבינו,,,"ק""ג",10,100 גרם,true,1,35,3.50,false,1,
46136,true,אחוזה 22% תנובה,תנובה - חלב,,,"ק""ג",10,100 גרם,true,1,40.59,4.06,false,1,
46549,true,מוצרלה חריץ תנובה,תנובה - חלב,,,"ק""ג",10,100 גרם,true,1,76,7.60,false,1,
46662,true,סקנדינבית 31% תנובה,תנובה - חלב,,,"ק""ג",10,100 גרם,true,1,76,7.60,false,1,
47027,true,קשקבל (27% גלעד) תנובה,תנובה - חלב,,,"ק""ג",10,100 גרם,true,1,121,12.10,false,1,
47485,true,בולגרית פיראוס 24% פח 3 קג`תנובה,תנובה - חלב,,,"ק""ג",10,100 גרם,true,1,56,5.60,false,1,
47898,true,לאבנה 9% תנובה,תנובה - חלב,,,"ק""ג",10,100 גרם,true,1,37,3.70,false,1,
48444,true,חמד 16% 1 קג`פיראוס תנובה,תנובה - חלב,,,יח`,10,100 גרם,false,1,55,5.50,false,1,
49854,true,עמק 28% פרוסות,תנובה - חלב,,,"ק""ג",10,100 גרם,true,1,42.70,4.27,false,1,
49861,true,גלבוע פרוס %22,תנובה - חלב,,,"ק""ג",10,100 גרם,true,1,40.59,4.06,false,1,
50001,true,אבוקדו וולט,ספקים שונים,,,יח`,1,,false,1,2.90,2.90,true,1,
50003,true,בטטה וולט,ספקים שונים,,,יח`,10,100 גרם,false,1,2.30,0.23,false,1,
50004,true,בצל אדום וולט,ספקים שונים,,,יח`,1,,false,1,2,2,false,1,
50005,true,בצל וולט,ספקים שונים,,,יח`,1,,false,1,1.10,1.10,false,1,
50006,true,ברוקולי וולט,ספקים שונים,,,יח`,1,,false,1,14,14,false,1,
50007,true,גזר וולט,ספקים שונים,,,יח`,1,,false,1,1,1,false,1,
50013,true,חצילים וולט,ספקים שונים,,,יח`,1,,false,1,2,2,false,1,
50015,true,כרוב לבן וולט,ספקים שונים,,,יח`,1,,false,1,4.90,4.90,false,1,
50016,true,כרובית וולט,ספקים שונים,,,יח`,1,,false,1,12,12,false,1,
50017,true,לימון וולט,ספקים שונים,,,יח`,1,,false,1,1.50,1.50,false,1,
50019,true,מלפפון וולט,ספקים שונים,,,יח`,1,,false,1,0.70,0.70,false,1,
50020,true,סלק אדום וולט,ספקים שונים,,,יח`,1,,false,1,1.70,1.70,false,1,
50022,true,עגבניה וולט,ספקים שונים,,,יח`,1,,false,1,1,1,false,1,
50024,true,פטריות וולט,ספקים שונים,,,יח`,1,,false,1,10.80,10.80,false,1,
50025,true,פלפל אדום וולט,ספקים שונים,,,יח`,1,,false,1,2,2,false,1,
50026,true,פלפל בהיר וולט,ספקים שונים,,,יח`,1,,false,1,2.50,2.50,false,1,
50029,true,פלפל כתום וולט,ספקים שונים,,,יח`,1,,false,1,2.30,2.30,false,1,
50030,true,פלפל צהוב וולט,ספקים שונים,,,יח`,1,,false,1,3,3,false,1,
50031,true,צנון וולט,ספקים שונים,,,יח`,1,,false,1,1.10,1.10,false,1,
50035,true,קישואים וולט,ספקים שונים,,,יח`,1,,false,1,1.70,1.70,false,1,
50036,true,שום יבש וולט,ספקים שונים,,,יח`,1,,false,1,9,9,false,1,
50038,true,שרי מנומר וולט,ספקים שונים,,,יח`,1,,false,1,10.80,10.80,false,1,
50042,true,תפוא לבן וולט,ספקים שונים,,,יח`,1,,false,1,1.40,1.40,false,1,
50044,true,אגסים וולט,ספקים שונים,,,יח`,1,,false,1,2.80,2.80,false,1,
50046,true,בננות וולט,ספקים שונים,,,יח`,1,,false,1,1,1,false,1,
50049,true,תפוזים וולט,ספקים שונים,,,יח`,1,,false,1,1.70,1.70,false,1,
50050,true,תפוח זהוב וולט,ספקים שונים,,,יח`,1,,false,1,2,2,false,1,
50051,true,תפוח חרמון וולט,ספקים שונים,,,יח`,1,,false,1,2,2,false,1,
50054,true,תפוח סמיט וולט,ספקים שונים,,,יח`,1,,false,1,2.50,2.50,false,1,
50060,true,ענבים ירוקים וולט,ספקים שונים,,,יח`,1,,false,1,39.90,39.90,false,1,
50063,true,מלון וולט,ספקים שונים,,,יח`,1,,false,1,13.90,13.90,false,1,
50067,true,שזיף אדום וולט,ספקים שונים,,,יח`,1,,false,1,2,2,false,1,
50088,true,קלמנטינה וולט,ספקים שונים,,,יח`,1,,false,1,1,1,false,1,
50091,true,פומלית וולט,ספקים שונים,,,יח`,1,,false,1,4.90,4.90,false,1,
50092,true,פומלה וולט,ספקים שונים,,,יח`,1,,false,1,6.90,6.90,false,1,
55183,true,צפתית מלבנית 5% פיראוס מעודנת,תנובה - חלב,,,"ק""ג",10,100 גרם,true,1,42,4.20,false,1,
58009,true,דנאבלו(רוקפור),ג.וילי-פוד אינטרנשיונל **גבינו,,,"ק""ג",10,100 גרם,true,1,85,8.50,false,1,
58214,true,גבינת עיזים הולנד מעדנייה,א. סיימן סחר בעמ,,,"ק""ג",10,100 גרם,true,1,169,16.90,false,1,
59297,true,גבינה לבנה 5% טעמים במשקל,מחלבות גד שיווק 1992 בעמ,,,"ק""ג",10,100 גרם,true,1,25,2.50,false,1,
287454,true,גבינת ברס בלו,א. סיימן סחר בעמ,,,"ק""ג",10,100 גרם,true,1,180,18,false,1,
328900,true,נפוליאון טבעי גבינת שמנת 25% מעדניה,תנובה - חלב,,,"ק""ג",10,100 גרם,true,1,46,4.60,false,1,
328917,true,נפוליאון זיתים גבינת שמנת 24% מעדניה,תנובה - חלב,,,"ק""ג",10,100 גרם,true,1,46,4.60,false,1,
328924,true,נפוליאון שום שמיר גבינת שמנת 25% מעדניה,תנובה - חלב,,,"ק""ג",10,100 גרם,true,1,46,4.60,false,1,
370734,true,גבינת צמות במי מלח במשקל 25% שומן מעדנ,ג.וילי-פוד אינטרנשיונל **גבינו,,,"ק""ג",10,100 גרם,true,1,95,9.50,false,1,
370741,true,גבינה לבנה מלוחה מחלב עיזים 19% מעדנייה,ג.וילי-פוד אינטרנשיונל **גבינו,,,"ק""ג",10,100 גרם,true,1,100,10,false,1,
370772,true,כדורי מוצרלה מעדנייה וילי פוד,ג.וילי-פוד אינטרנשיונל **גבינו,,,"ק""ג",10,100 גרם,true,1,85,8.50,false,1,
395408,true,גבנצ 28% נעם חריץ פיקוח מעדנייה,החב` המרכזית - טרה,,,"ק""ג",10,100 גרם,true,1,44.79,4.48,false,1,
395415,true,גבנצ 9% נעם חריץ מעדנייה,החב` המרכזית - טרה,,,"ק""ג",10,100 גרם,true,1,76,7.60,false,1,
395422,true,גבנצ 22% נעם חריץ פיקוח מעדנייה,החב` המרכזית - טרה,,,"ק""ג",10,100 גרם,true,1,42.58,4.26,false,1,
481043,true,פיתות כוסמין 10 יח`700 גר`,דגנית עין בר תעשיות מזון ואפיה,,,יח`,7,100 גרם,false,1,14.90,2.13,false,1,
482049,true,בולגריה בקוביות עם שמן ותבלינים,ג.וילי-פוד אינטרנשיונל **גבינו,,,"ק""ג",10,100 גרם,true,1,65,6.50,false,1,
482490,true,פרמז`נו פרמזן במשקל,ג.וילי-פוד אינטרנשיונל **גבינו,,,"ק""ג",10,100 גרם,true,1,65,6.50,false,1,
482933,true,גבינת גאודה מהולנד וילי פוד מעדניה,ג.וילי-פוד אינטרנשיונל **גבינו,,,"ק""ג",10,100 גרם,true,1,59,5.90,false,1,
554655,true,מוצרלה נקניק מעושן 22% מעדנייה גד,מחלבות גד שיווק 1992 בעמ,,,"ק""ג",10,100 גרם,true,1,84,8.40,false,1,
554662,true,בולגרית למריחה/פירורים-גד,מחלבות גד שיווק 1992 בעמ,,,"ק""ג",10,100 גרם,true,1,45,4.50,false,1,
554792,true,בולגרית 5% 16% מעודנת- גד מעדניה,מחלבות גד שיווק 1992 בעמ,,,"ק""ג",10,100 גרם,true,1,56,5.60,false,1,
554914,true,גבינה צפתית רכה 5% מעדנייה גד,מחלבות גד שיווק 1992 בעמ,,,"ק""ג",10,100 גרם,true,1,60,6,false,1,
554921,true,ריקוטה מעדנייה גד,מחלבות גד שיווק 1992 בעמ,,,"ק""ג",10,100 גרם,true,1,57,5.70,false,1,
554945,true,קאש גד מעדניה,מחלבות גד שיווק 1992 בעמ,,,"ק""ג",10,100 גרם,true,1,67,6.70,false,1,
554969,true,שמנות 30% גד,מחלבות גד שיווק 1992 בעמ,,,"ק""ג",10,100 גרם,true,1,45,4.50,false,1,
554983,true,לאבנה גד,מחלבות גד שיווק 1992 בעמ,,,"ק""ג",10,100 גרם,true,1,38,3.80,false,1,
554990,true,כדורי מוצרלה במים גד פרסקה מעדניה,מחלבות גד שיווק 1992 בעמ,,,"ק""ג",10,100 גרם,true,1,92,9.20,false,1,
571126,true,גאודה כמון 30%,מחלבות גד שיווק 1992 בעמ,,,"ק""ג",10,100 גרם,true,1,99,9.90,false,1,
571287,true,חלומי 24% בית יצחק מעדניה,תנובה - חלב,,,"ק""ג",10,100 גרם,true,1,84,8.40,false,1,
571294,true,גאודה מעושנת 30% במשקל,מחלבות גד שיווק 1992 בעמ,,,"ק""ג",10,100 גרם,true,1,99,9.90,false,1,
571584,true,גאודה כבשים 30%,מחלבות גד שיווק 1992 בעמ,,,"ק""ג",10,100 גרם,true,1,102,10.20,false,1,
620039,true,ברי עיזים,נטו מלינדה סחר בעמ,,,"ק""ג",10,100 גרם,true,1,149,14.90,false,1,
659312,true,פילה סלמון תנובה בואקום קפוא,תנובה קפואים,,,"ק""ג",1,,true,1,74.90,74.90,false,1,
1022085,true,גבינת פקורינו מחלב כבשים 36% שומן,ג.וילי-פוד אינטרנשיונל **גבינו,,,"ק""ג",0.01,100 גרם,true,1,110,11000,false,1,
1230331,true,כאמל בוקס,גלוברנדס בעמ - שיווק סיגריות,,,יח`,1,,false,1,34,34,true,1,
1230739,true,כאמל כחול,גלוברנדס בעמ - שיווק סיגריות,,,יח`,1,,false,1,34,34,true,1,
1231932,true,וינסטון כחול בוקס,גלוברנדס בעמ - שיווק סיגריות,,,יח`,1,,false,1,33.50,33.50,true,1,
1258170,true,רוקפור כבשים משק יעקבס,גבינות משק יעקבס בעמ,,,"ק""ג",10,100 גרם,true,1,120,12,false,1,
1258248,true,אופיר משק יעקבס,גבינות משק יעקבס בעמ,,,"ק""ג",10,100 גרם,true,1,115,11.50,false,1,
1258590,true,מנצגו משק יעקבס.,גבינות משק יעקבס בעמ,,,"ק""ג",0,100 גרם,true,1,122,122,false,1,
1385074,true,אסאדו טרי ארוז מוכשר,אדום אדום - תנובה בקר,,,"ק""ג",1,,true,1,59.90,59.90,false,1,
1385098,true,שריר טרי ארוז מוכשר,אדום אדום - תנובה בקר,,,"ק""ג",0,100 גרם,true,1,64.90,64.90,false,1,
1385128,true,צלי כתף טרי ארוז מוכשר,אדום אדום - תנובה בקר,,,"ק""ג",0,100 גרם,true,1,89.90,89.90,false,1,
1385142,true,פילה מדומה טרי ארוז מוכשר,אדום אדום - תנובה בקר,,,"ק""ג",0,100 גרם,true,1,84.90,84.90,false,1,
1385159,true,קוביות לגולש טרי ארוז מוכשר,אדום אדום - תנובה בקר,,,"ק""ג",0,100 גרם,true,1,69.90,69.90,false,1,
1476208,true,ברי פקאן בלוק מעדנייה גד,מחלבות גד שיווק 1992 בעמ,,,"ק""ג",10,100 גרם,true,1,131,13.10,false,1,
1482421,true,הבולגריה במעדניהוילי פוד(שקיל),ג.וילי-פוד אינטרנשיונל **גבינו,,,"ק""ג",10,100 גרם,true,1,29,2.90,false,1,
1482827,true,גאודה 27% גבינה קשה-המותג,המותג-לא פעיל להקלדה,,,"ק""ג",10,100 גרם,true,1,49,4.90,false,1,
1516065,true,חזה עוף פרוס דק דק טרי ארוז,קורניש חן (1987) בעמ,,,"ק""ג",1,,true,1,37.90,37.90,true,1,
2077657,true,גבינה סגנון פטה,נטו מלינדה סחר בעמ,,,"ק""ג",10,100 גרם,true,1,29,2.90,false,1,
2107743,true,צפתית מעודנת 5% צוריאל,החב` המרכזית - טרה,,,"ק""ג",10,100 גרם,true,1,44,4.40,false,1,
2107958,true,בולגרית מעודנת 5% צוריאל,החב` המרכזית - טרה,,,"ק""ג",0,100 גרם,true,1,48.47,48.47,false,1,
2139898,true,סטייק טרי ארוז מוכשר אנטריקוט,אדום אדום - תנובה בקר,,,"ק""ג",0,100 גרם,true,1,139,139,false,1,
2206019,true,כרעיים עוף טרי ארוז,קורניש חן (1987) בעמ,,,"ק""ג",1,,true,1,26.90,26.90,true,1,
2206033,true,שוקיים עוף טרי ארוז,קורניש חן (1987) בעמ,,,"ק""ג",1,,true,1,29.90,29.90,true,1,
2206040,true,כנפיים עוף טרי ארוז,קורניש חן (1987) בעמ,,,"ק""ג",1,,true,1,12.90,12.90,false,1,
2206057,true,חזה עוף טרי שלם ארוז,קורניש חן (1987) בעמ,,,"ק""ג",1,,true,1,32.90,32.90,true,1,
2208013,true,גבינת קשקבל כבשים במשקל,נטו מלינדה סחר בעמ,,,"ק""ג",10,100 גרם,true,1,139,13.90,false,1,
2208181,true,גבינת תום כבשים במשקל,נטו מלינדה סחר בעמ,,,"ק""ג",10,100 גרם,true,1,139,13.90,false,1,
2209071,true,פילה עוף טרי ארוז,קורניש חן (1987) בעמ,,,"ק""ג",1,,true,1,34.90,34.90,false,1,
2277880,true,גבינת מוצרלה חצי קשה 22% שומן פיקוח,נטו מלינדה סחר בעמ,,,"ק""ג",10,100 גרם,true,1,34,3.40,false,1,
2300878,true,גבינת צדר אנגלית במשקל,א. סיימן סחר בעמ,,,"ק""ג",10,100 גרם,true,1,125,12.50,false,1,
2300885,true,גבינת צ`דר אנגלי כתום משקל,א. סיימן סחר בעמ,,,"ק""ג",10,100 גרם,true,1,125,12.50,false,1,
2345060,true,מאסדם הולנדי אמיתי חצי גלגל,נטו מלינדה סחר בעמ,,,"ק""ג",10,100 גרם,true,1,90,9,false,1,
2370000,true,גבינת גאודה בתופסת תערובת פפריקה עירית ו,ג.וילי-פוד אינטרנשיונל **גבינו,,,"ק""ג",10,100 גרם,true,1,100,10,false,1,
2370017,true,גבינת גאודה בתוספת תערובת בזיליקום ושום,ג.וילי-פוד אינטרנשיונל **גבינו,,,"ק""ג",10,100 גרם,true,1,80,8,false,1,
2370024,true,גבינת גאודה בתוספת תערובת עגבניות זיתים,ג.וילי-פוד אינטרנשיונל **גבינו,,,"ק""ג",10,100 גרם,true,1,100,10,false,1,
2370031,true,מוצרלה,ג.וילי-פוד אינטרנשיונל **גבינו,,,"ק""ג",10,100 גרם,true,1,52,5.20,false,1,
2370048,true,גבינה חצי קשה גאודה הולנדית 29%,ג.וילי-פוד אינטרנשיונל **גבינו,,,"ק""ג",10,100 גרם,true,1,55,5.50,false,1,
2370055,true,גבינת גאודה עיזים חצי קשה 32% שומן,ג.וילי-פוד אינטרנשיונל **גבינו,,,"ק""ג",10,100 גרם,true,1,115,11.50,false,1,
2370093,true,גבינה גאודה מעושנת חצי קשה 28% שומן SAY,ג.וילי-פוד אינטרנשיונל **גבינו,,,"ק""ג",10,100 גרם,true,1,79,7.90,false,1,
2370109,true,גבינת פטה 5% שומן מעדנייה וילי פוד,ג.וילי-פוד אינטרנשיונל **גבינו,,,"ק""ג",10,100 גרם,true,1,55,5.50,false,1,
2370116,true,גבינה מחלב כבשים חצי קשה וילי פוד,ג.וילי-פוד אינטרנשיונל **גבינו,,,"ק""ג",10,100 גרם,true,1,98,9.80,false,1,
2370130,true,גבינת ברי צרפתית מעדנייה וילי פוד,ג.וילי-פוד אינטרנשיונל **גבינו,,,"ק""ג",10,100 גרם,true,1,99,9.90,false,1,
2370147,true,גבינה גאודה סטייל בלוק שקיל וילי פוד,ג.וילי-פוד אינטרנשיונל **גבינו,,,"ק""ג",10,100 גרם,true,1,55,5.50,false,1,
2370154,true,הולנדית+שויצרית+צ`דר משקל,ג.וילי-פוד אינטרנשיונל **גבינו,,,"ק""ג",10,100 גרם,true,1,98,9.80,false,1,
2370161,true,גבינת צ`דר בשלה matured oranga מעדניה,ג.וילי-פוד אינטרנשיונל **גבינו,,,"ק""ג",10,100 גרם,true,1,95,9.50,false,1,
2370185,true,פטריות ממולאות בגבינת שמנת,ג.וילי-פוד אינטרנשיונל **גבינו,,,"ק""ג",10,100 גרם,true,1,120,12,false,1,
2370192,true,פלפלים ירוקים פיקנטיים ממולאים בגבינת שמ,ג.וילי-פוד אינטרנשיונל **גבינו,,,"ק""ג",10,100 גרם,true,1,120,12,false,1,
2370208,true,פלפלים אדומים חריפים ממולאים בגבינת שמנת,ג.וילי-פוד אינטרנשיונל **גבינו,,,"ק""ג",10,100 גרם,true,1,120,12,false,1,
2370215,true,פלפלים אדומים מתוקים פיקנטים ממולאים בגב,ג.וילי-פוד אינטרנשיונל **גבינו,,,"ק""ג",10,100 גרם,true,1,120,12,false,1,
2370239,true,גבינת חצי קשה פיקנטית 31% שומן וילי פוד,ג.וילי-פוד אינטרנשיונל **גבינו,,,"ק""ג",10,100 גרם,true,1,90,9,false,1,
2370246,true,גבינת גרנה פנדו מעדנייה-וילי פוד,ג.וילי-פוד אינטרנשיונל **גבינו,,,"ק""ג",10,100 גרם,true,1,129,12.90,false,1,
2370253,true,גבינת גורגונזולה איטלקית,ג.וילי-פוד אינטרנשיונל **גבינו,,,"ק""ג",10,100 גרם,true,1,130,13,false,1,
2370260,true,גבינת טלג`ין איטלקית,ג.וילי-פוד אינטרנשיונל **גבינו,,,"ק""ג",10,100 גרם,true,1,130,13,false,1,
2370284,true,גבינת קשקבל חצי קשה 31% שומן וילי פוד,ג.וילי-פוד אינטרנשיונל **גבינו,,,"ק""ג",10,100 גרם,true,1,99,9.90,false,1,
2370291,true,גבינת פרובולונקה שקיל וילי פוד,ג.וילי-פוד אינטרנשיונל **גבינו,,,"ק""ג",10,100 גרם,true,1,120,12,false,1,
2370307,true,גבינה שווצרית חצי קשה 22% שומן וילי פוד,ג.וילי-פוד אינטרנשיונל **גבינו,,,"ק""ג",10,100 גרם,true,1,99,9.90,false,1,
2370314,true,חמאה מעדנייה מהדרין וילי פוד,ג.וילי-פוד אינטרנשיונל **גבינו,,,"ק""ג",10,100 גרם,true,1,50,5,false,1,
2370321,true,גבינת שמנת למעדניה טבעי 24% וילי פוד,ג.וילי-פוד אינטרנשיונל **גבינו,,,"ק""ג",10,100 גרם,true,1,55,5.50,false,1,
2370338,true,גבינת שמנת למעדניה עשבי תיבול 24% וילי פ,ג.וילי-פוד אינטרנשיונל **גבינו,,,"ק""ג",10,100 גרם,true,1,55,5.50,false,1,
2370345,true,גבינת גאודה 16% שומן מעדניה וילי פוד,ג.וילי-פוד אינטרנשיונל **גבינו,,,"ק""ג",10,100 גרם,true,1,50,5,false,1,
2370352,true,גבינת גאודה מיושנת מעדניה וילי פוד,ג.וילי-פוד אינטרנשיונל **גבינו,,,"ק""ג",10,100 גרם,true,1,85,8.50,false,1,
2370420,true,גבינת גאודה מהולנד 30% שומן-מעדניה,ג.וילי-פוד אינטרנשיונל **גבינו,,,"ק""ג",10,100 גרם,true,1,59,5.90,false,1,
2370451,true,חמאה ללא תוספת מלח 1 קג וילי פוד מעדנייה,ג.וילי-פוד אינטרנשיונל **גבינו,,,"ק""ג",10,100 גרם,true,1,50,5,false,1,
2370468,true,גאודה סטייל גלגל מעדנייה-וילי פוד,ג.וילי-פוד אינטרנשיונל **גבינו,,,"ק""ג",10,100 גרם,true,1,70,7,false,1,
2370475,true,גבינת דנהבלו בשלה עם עובש כחול 31% מעדנ,ג.וילי-פוד אינטרנשיונל **גבינו,,,"ק""ג",10,100 גרם,true,1,89,8.90,false,1,
2370529,true,גבינת שמנת למעדניה 30%,ג.וילי-פוד אינטרנשיונל **גבינו,,,"ק""ג",10,100 גרם,true,1,39.90,3.99,false,1,
2370536,true,גבינת לאבנה למעדנייה 30% בדלי,ג.וילי-פוד אינטרנשיונל **גבינו,,,"ק""ג",10,100 גרם,true,1,39.90,3.99,false,1,
2370673,true,שערות גבינה 22% מעדנייה וילי פוד,ג.וילי-פוד אינטרנשיונל **גבינו,,,"ק""ג",10,100 גרם,true,1,120,12,false,1,
2370680,true,אצבעות מוצרלה במשקל 18% שומן מעדנייה,ג.וילי-פוד אינטרנשיונל **גבינו,,,"ק""ג",6,"ק""ג",true,1,69,11.50,false,1,
2370789,true,גבינת כבשים עם פטריות כמהין במשקל 36% שו,ג.וילי-פוד אינטרנשיונל **גבינו,,,"ק""ג",10,100 גרם,true,1,150,15,false,1,
2370796,true,גבינת כבשים בציפוי רוזמרין במשקרל 36% שו,ג.וילי-פוד אינטרנשיונל **גבינו,,,"ק""ג",10,100 גרם,true,1,150,15,false,1,
2370901,true,גבינת עיזים בלוק מעדנייה,ג.וילי-פוד אינטרנשיונל **גבינו,,,"ק""ג",10,100 גרם,true,1,99,9.90,false,1,
2370918,true,גבינת אמנטל בלוק משקל מעדנייה,ג.וילי-פוד אינטרנשיונל **גבינו,,,"ק""ג",10,100 גרם,true,1,99,9.90,false,1,
2370932,true,גבינת גאודה הולנדית-מעדניה,ג.וילי-פוד אינטרנשיונל **גבינו,,,"ק""ג",10,100 גרם,true,1,59,5.90,false,1,
2370956,true,גבינת קשקבל גלגל במשקל מעדנייה,ג.וילי-פוד אינטרנשיונל **גבינו,,,"ק""ג",10,100 גרם,true,1,99,9.90,false,1,
2370994,true,גבינת גאודה עם פטריות כמהין,ג.וילי-פוד אינטרנשיונל **גבינו,,,"ק""ג",10,100 גרם,true,1,150,15,false,1,
2385066,true,בולגרית קוביות 5% גד,מחלבות גד שיווק 1992 בעמ,,,"ק""ג",10,100 גרם,true,1,58,5.80,false,1,
2385127,true,לאבנה שמן זית מעדנייה גד,מחלבות גד שיווק 1992 בעמ,,,"ק""ג",10,100 גרם,true,1,41,4.10,false,1,
2385158,true,בולגרית 24% מעודנת- גד מעדניה,מחלבות גד שיווק 1992 בעמ,,,"ק""ג",10,100 גרם,true,1,59,5.90,false,1,
2385196,true,רוקפור גבינה כחולה מעדנייה גד,מחלבות גד שיווק 1992 בעמ,,,"ק""ג",10,100 גרם,true,1,132,13.20,false,1,
2385264,true,פטה בלקנית 16% גד מעדנייה,מחלבות גד שיווק 1992 בעמ,,,"ק""ג",10,100 גרם,true,1,35,3.50,false,1,
2385400,true,ריקוטה פרסקה גד מעדניה,מחלבות גד שיווק 1992 בעמ,,,"ק""ג",10,100 גרם,true,1,60,6,false,1,
2385424,true,בולגרית מסורתית/מעודנת 5% מעדנייה גד,מחלבות גד שיווק 1992 בעמ,,,"ק""ג",10,100 גרם,true,1,58,5.80,false,1,
2385455,true,בולגרית מעודנת 24% מעדנייה גד,מחלבות גד שיווק 1992 בעמ,,,"ק""ג",10,100 גרם,true,1,61,6.10,false,1,
2385479,true,צפתית 5% מלבן מעדנייה גד,מחלבות גד שיווק 1992 בעמ,,,"ק""ג",10,100 גרם,true,1,62,6.20,false,1,
2385486,true,שמנות 30% טעמים מהדרין מעדנייה גד,מחלבות גד שיווק 1992 בעמ,,,"ק""ג",10,100 גרם,true,1,45,4.50,false,1,
2385530,true,גבינת מוצרלה נקניק מעדנייה גד בדצ,מחלבות גד שיווק 1992 בעמ,,,"ק""ג",10,100 גרם,true,1,80,8,false,1,
2385578,true,גבינה לבנה 5%,מחלבות גד שיווק 1992 בעמ,,,"ק""ג",10,100 גרם,true,1,27,2.70,false,1,
2385592,true,גבינה לבנה טעמים 5% מעדנייה גד,מחלבות גד שיווק 1992 בעמ,,,"ק""ג",10,100 גרם,true,1,28,2.80,false,1,
2385608,true,לבאנה 5% מעדנייה גד,מחלבות גד שיווק 1992 בעמ,,,"ק""ג",10,100 גרם,true,1,40,4,false,1,
2385622,true,ריקוטה,מחלבות גד שיווק 1992 בעמ,,,"ק""ג",10,100 גרם,true,1,57,5.70,false,1,
2385738,true,מנצ`גו משולשים מעדנייה גד,מחלבות גד שיווק 1992 בעמ,,,"ק""ג",10,100 גרם,true,1,150,15,false,1,
2385745,true,פקורינו משולשים מעדנייה גד,מחלבות גד שיווק 1992 בעמ,,,"ק""ג",10,100 גרם,true,1,150,15,false,1,
2439752,true,גאודה הולנדית- מעדנייה,נטו מלינדה סחר בעמ,,,"ק""ג",10,100 גרם,true,1,110,11,false,1,
2447085,true,רצועות לשווארמה טרי ארוז מוכשר,אדום אדום - תנובה בקר,,,"ק""ג",0,100 גרם,true,1,74.90,74.90,false,1,
2447146,true,שניצל עגל טרי ארוז מוכשר,אדום אדום - תנובה בקר,,,"ק""ג",0,"ק""ג",true,1,79.90,79.90,false,1,
2461098,true,נילוס פרוס,גול סחר בעמ,,,"ק""ג",1,,true,1,49.90,49.90,false,1,
2507383,true,בולגרית 5% מחלב בקר- מעדנייה,נטו מלינדה סחר בעמ,,,"ק""ג",10,100 גרם,true,1,74,7.40,false,1,
2623021,true,גבינה קשה גרויר,ארצינו ט בעמ,,,"ק""ג",10,100 גרם,true,1,150,15,false,1,
2623267,true,גבינה קשה גרויר 28% שומן,ארצינו ט בעמ,,,"ק""ג",10,100 גרם,true,1,155,15.50,false,1,
2623427,true,גבינה כחולה עם עובש 27% שומן,ארצינו ט בעמ,,,"ק""ג",10,100 גרם,true,1,135,13.50,false,1,
2787792,true,מוצרלה נקניק עלמה,נטו מלינדה סחר בעמ,,,"ק""ג",10,100 גרם,true,1,66,6.60,false,1,
2920168,true,רולדה עיזים גד בציפוי אגוזי מלך מעדניה,מחלבות גד שיווק 1992 בעמ,,,"ק""ג",10,100 גרם,true,1,141,14.10,false,1,
2920311,true,קממבר צאן מעדנייה גד,מחלבות גד שיווק 1992 בעמ,,,"ק""ג",10,100 גרם,true,1,121,12.10,false,1,
2929130,true,דנאבלו גבינה+עובש משקל,נטו מלינדה סחר בעמ,,,"ק""ג",10,100 גרם,true,1,110,11,false,1,
2929222,true,גבינה צהובה- גאודה עלמה פיקוח,נטו מלינדה סחר בעמ,,,"ק""ג",10,100 גרם,true,1,34,3.40,false,1,
3006021,true,ניצן פטה סלט קוביות מעדן,הגבינות של ניצן,,,"ק""ג",10,100 גרם,true,1,75,7.50,false,1,
3006120,true,טאמפס שכונתי- פלפל ממולא בגבינה,הגבינות של ניצן,,,"ק""ג",10,100 גרם,true,1,149,14.90,false,1,
3006212,true,צדיקי בלקני מעדנייה,הגבינות של ניצן,,,"ק""ג",10,100 גרם,true,1,50,5,false,1,
3578085,true,גבינת מוצרלה 21% מעדניה,ג.וילי-פוד אינטרנשיונל **גבינו,,,"ק""ג",10,100 גרם,true,1,52,5.20,false,1,
3578467,true,גבינת חלומי פרוסות,ג.וילי-פוד אינטרנשיונל **גבינו,,,"ק""ג",10,100 גרם,true,1,90,9,false,1,
3578474,true,פרמז`ן מעדניה,ג.וילי-פוד אינטרנשיונל **גבינו,,,"ק""ג",10,100 גרם,true,1,99,9.90,false,1,
3578504,true,גבינת אדם- מעדניה,ג.וילי-פוד אינטרנשיונל **גבינו,,,"ק""ג",10,100 גרם,true,1,55,5.50,false,1,
3578580,true,גבינת פטה- מעדניה,ג.וילי-פוד אינטרנשיונל **גבינו,,,"ק""ג",10,100 גרם,true,1,49,4.90,false,1,
3578917,true,גבינה מעושנת ומותכת וילי פוד מעדנייה,ג.וילי-פוד אינטרנשיונל **גבינו,,,"ק""ג",10,100 גרם,true,1,89,8.90,false,1,
3578931,true,גבינה רסטה חצי רכה -20% מעדנייה,ג.וילי-פוד אינטרנשיונל **גבינו,,,"ק""ג",10,100 גרם,true,1,79,7.90,false,1,
3632367,true,פילה ברבוניה,נ.ת.נ.ג.ב החזקות יעוץ וניהול ב,,,יח`,4,100 גרם,false,1,19.90,4.98,false,1,
3632404,true,פילה מרלוזה ארגנטיני ללא עור מוביל,בלדי בעמ,,,"ק""ג",1,,true,1,32.90,32.90,false,1,
4033705,true,הבורגריה לחמניות המבוגר ביג לוקס 6 יח`,י.את א. ברמן בעמ,,,יח`,6,100 גרם,false,1,13.50,2.25,false,1,
4033712,true,לחם עננים מקמח מלא 750 גרם.,י.את א. ברמן בעמ,,,יח`,7.50,100 גרם,false,1,15.50,2.07,true,1,
4033736,true,לחם עננים בסגנון בריוש 500 גר`,י.את א. ברמן בעמ,,,יח`,5,100 גרם,false,1,14.90,2.98,true,1,
4068394,true,קממבר בקר גלגל גד מעדנייה,מחלבות גד שיווק 1992 בעמ,,,"ק""ג",10,100 גרם,true,1,92,9.20,false,1,
4068424,true,גאודה בקר משולש מעדנייה גד,מחלבות גד שיווק 1992 בעמ,,,"ק""ג",10,100 גרם,true,1,108,10.80,false,1,
4068523,true,גבינה צהובה 28% מחעדנייה גד,מחלבות גד שיווק 1992 בעמ,,,"ק""ג",10,100 גרם,true,1,39,3.90,false,1,
4068585,true,גאודה עיזים משולש מעדנייה גד,מחלבות גד שיווק 1992 בעמ,,,"ק""ג",10,100 גרם,true,1,132,13.20,false,1,
4068912,true,גרנה פדנו מעדנייה-גד,מחלבות גד שיווק 1992 בעמ,,,"ק""ג",10,100 גרם,true,1,149,14.90,false,1,
4068929,true,בולגרית מסורתית 24% מעדנייה גד,מחלבות גד שיווק 1992 בעמ,,,"ק""ג",10,100 גרם,true,1,61,6.10,false,1,
4068950,true,מורצלה לפיצה-מעדנייה,מחלבות גד שיווק 1992 בעמ,,,"ק""ג",10,100 גרם,true,1,99,9.90,false,1,
4122607,true,עמק לייט 9% חריץ מעדניה צהובה,תנובה - חלב,,,"ק""ג",10,100 גרם,true,1,75,7.50,false,1,
4128401,true,פטה פיראוס 20%,תנובה - חלב,,,"ק""ג",10,100 גרם,true,1,105,10.50,false,1,
4129569,true,שמנות 25% תנובה,תנובה - חלב,,,"ק""ג",10,100 גרם,true,1,41,4.10,false,1,
4129576,true,שמנות 25% תנובה,תנובה - חלב,,,"ק""ג",10,100 גרם,true,1,41,4.10,false,1,
4129903,true,נפוליאון 25%,תנובה - חלב,,,"ק""ג",10,100 גרם,true,1,41,4.10,false,1,
4135324,true,פיראוס בולגרית 5% מעודנת,תנובה - חלב,,,"ק""ג",10,100 גרם,true,1,43,4.30,false,1,
4135355,true,פיראוס בולגרית 3% מעודנת לייט,תנובה - חלב,,,"ק""ג",10,100 גרם,true,1,42,4.20,false,1,
4136291,true,צפתית/מעודנת 5%,תנובה - חלב,,,"ק""ג",10,100 גרם,true,1,51,5.10,false,1,
4136833,true,בולגרית פיראוס %16למעדניה,תנובה - חלב,,,"ק""ג",10,100 גרם,true,1,58,5.80,false,1,
4225025,true,סגנון פטה 4 קג,נטו מלינדה סחר בעמ,,,"ק""ג",10,100 גרם,true,1,39,3.90,false,1,
4229740,true,סגנון פטה,נטו מלינדה סחר בעמ,,,"ק""ג",10,100 גרם,true,1,30,3,false,1,
4256180,true,גבינת גאודה חצי קשה,נטו מלינדה סחר בעמ,,,"ק""ג",10,100 גרם,true,1,90,9,false,1,
4256197,true,גאודה עיזים הולנדית,נטו מלינדה סחר בעמ,,,"ק""ג",10,100 גרם,true,1,120,12,false,1,
4480059,true,גאודה בקר מעדניה מחלבות גד,מחלבות גד שיווק 1992 בעמ,,,"ק""ג",3,"ק""ג",true,1,130,43.33,false,1,
4480219,true,גבינת צ`דר מחלבות גד מעדנייה,מחלבות גד שיווק 1992 בעמ,,,"ק""ג",2.50,"ק""ג",true,1,125,50,false,1,
4480301,true,גבינת שמנת כמהין מעדנייה,מחלבות גד שיווק 1992 בעמ,,,"ק""ג",2,"ק""ג",true,1,60,30,false,1,
4480332,true,גאודה בקר משולש מעדניה גד,מחלבות גד שיווק 1992 בעמ,,,"ק""ג",10,100 גרם,true,1,108,10.80,false,1,
4480349,true,גאודה עיזים משולש מעדניה גד,מחלבות גד שיווק 1992 בעמ,,,"ק""ג",10,100 גרם,true,1,132,13.20,false,1,
4480394,true,גבינת שמנת %30שומן עם עירית מעדנייה,מחלבות גד שיווק 1992 בעמ,,,"ק""ג",10,100 גרם,true,1,45,4.50,false,1,
4725426,true,עמק פיקוח 28% חריץ צהובה,תנובה - חלב,,,"ק""ג",10,100 גרם,true,1,44.79,4.48,false,1,
4725846,true,חריץ גאודה קולקשן תנובה,תנובה - חלב,,,"ק""ג",10,100 גרם,true,1,76,7.60,false,1,
4725921,true,גבינה ספרדית בסגנון מנצ`גו,תנובה - חלב,,,"ק""ג",10,100 גרם,true,1,120,12,false,1,
4828011,true,גבינת תום נוף הרים כמהין מעדנייה,אמא מ.א.א. ניהול והשקעות בעמ,,,"ק""ג",10,100 גרם,true,1,162,16.20,false,1,
4828172,true,גאודה נוף הרים טבעי 32% מעדנייה,אמא מ.א.א. ניהול והשקעות בעמ,,,"ק""ג",10,100 גרם,true,1,150,15,false,1,
4828189,true,גבינת תום הרים טבעי 28% מעדנייה,אמא מ.א.א. ניהול והשקעות בעמ,,,"ק""ג",10,100 גרם,true,1,162,16.20,false,1,
4828202,true,גבינת מנצ`גו נוף הרים טבעי 30% מעדנייה,אמא מ.א.א. ניהול והשקעות בעמ,,,"ק""ג",10,100 גרם,true,1,162,16.20,false,1,
4828479,true,גבינת תום נוף הרים כמון 28% מעדנייה,אמא מ.א.א. ניהול והשקעות בעמ,,,"ק""ג",10,100 גרם,true,1,162,16.20,false,1,
4828486,true,גבינת תום נוף הרים ביין 28% מעדנייה,אמא מ.א.א. ניהול והשקעות בעמ,,,"ק""ג",10,100 גרם,true,1,162,16.20,false,1,
4828493,true,גבינת תום נוף הרים פלפל שחור 28% מעדנייה,אמא מ.א.א. ניהול והשקעות בעמ,,,"ק""ג",10,100 גרם,true,1,162,16.20,false,1,
4861070,true,צפתית קשה מ.,מחלבת המושבה בעמ,,,"ק""ג",1,,true,1,49,49,false,1,
4982379,true,פול אפי במשקל 3 קג,נטו מלינדה סחר בעמ,,,"ק""ג",10,100 גרם,true,1,155,15.50,false,1,
5079221,true,צוריאל בולגרית מעודנת%5 מעדנייה,החב` המרכזית - טרה,,,"ק""ג",10,100 גרם,true,1,52,5.20,false,1,
5079238,true,בולגרית עיזים מעודנת 16% צוריאל,החב` המרכזית - טרה,,,"ק""ג",10,100 גרם,true,1,105,10.50,false,1,
5079320,true,בולגרית 24% צוריאל,החב` המרכזית - טרה,,,"ק""ג",10,100 גרם,true,1,51,5.10,false,1,
5079344,true,מוצרלה נעם רכיבים מעדנייה,החב` המרכזית - טרה,,,"ק""ג",10,100 גרם,true,1,90,9,false,1,
5079412,true,גבנצ חריץ אמנטל נעם מעדנייה,החב` המרכזית - טרה,,,"ק""ג",10,100 גרם,true,1,72,7.20,false,1,
5079474,true,מוצרלה-נעם מעדנייה,החב` המרכזית - טרה,,,"ק""ג",10,100 גרם,true,1,82,8.20,false,1,
5079511,true,צפתית 5% מעדנייה,החב` המרכזית - טרה,,,"ק""ג",10,100 גרם,true,1,56,5.60,false,1,
5079634,true,גליל קשקבל טרה מעדנייה,החב` המרכזית - טרה,,,"ק""ג",10,100 גרם,true,1,99,9.90,false,1,
5175473,true,גבינת גרוייר-גבינה קשה למחצה וילי פוד,ג.וילי-פוד אינטרנשיונל **גבינו,,,"ק""ג",10,100 גרם,true,1,79,7.90,false,1,
5175626,true,אמה חוויה טעם אודם,ג.וילי-פוד אינטרנשיונל **גבינו,,,"ק""ג",10,100 גרם,true,1,39,3.90,false,1,
5175701,true,גבינת בסגנון קשקוול 24%,ג.וילי-פוד אינטרנשיונל **גבינו,,,"ק""ג",10,100 גרם,true,1,79,7.90,false,1,
5384295,true,גבינה חצי קשה גאודה 28%,ג.וילי-פוד אינטרנשיונל בעמ,,,"ק""ג",10,100 גרם,true,1,48,4.80,false,1,
5384325,true,גבינת חצי קשה הוארטי,ג.וילי-פוד אינטרנשיונל **גבינו,,,"ק""ג",10,100 גרם,true,1,59,5.90,false,1,
5384356,true,גבינה קשה למחצה אמנטל 28% שומן,ג.וילי-פוד אינטרנשיונל **גבינו,,,"ק""ג",10,100 גרם,true,1,99,9.90,false,1,
5384394,true,גבינת פטה,ג.וילי-פוד אינטרנשיונל **גבינו,,,"ק""ג",10,100 גרם,true,1,63,6.30,false,1,
5384899,true,גבינת פטינה 21% מעדניה,ג.וילי-פוד אינטרנשיונל **גבינו,,,"ק""ג",10,100 גרם,true,1,27,2.70,false,1,
5387227,true,בשר מס 8 שריר זרוע,נחמיה לחוביץ בעמ,,,"ק""ג",1,,true,1,29.90,29.90,false,1,
5992247,true,חלומי 24% מעדנייה גד,מחלבות גד שיווק 1992 בעמ,,,"ק""ג",10,100 גרם,true,1,95,9.50,false,1,
5992667,true,בולגרית מסורתית מעודנת 5%-16% מעדניה גד,מחלבות גד שיווק 1992 בעמ,,,"ק""ג",10,100 גרם,true,1,56,5.60,false,1,
5992858,true,פטה עיזים 5%-20% גד מעדניה,מחלבות גד שיווק 1992 בעמ,,,"ק""ג",10,100 גרם,true,1,110,11,false,1,
5992964,true,פטה כבשים מעדניה-גד מהדרין,מחלבות גד שיווק 1992 בעמ,,,"ק""ג",10,100 גרם,true,1,100,10,false,1,
6010032,true,מצוני 5 ליטר יבנה,גבינות הכפר בעמ,,,"ק""ג",10,100 גרם,true,1,10,1,false,1,
6030207,true,גבינת שמנת יבנה,גבינות הכפר בעמ,,,"ק""ג",10,100 גרם,true,1,23,2.30,false,1,
6040619,true,גבינת טבורוג 5% יבנה,גבינות הכפר בעמ,,,"ק""ג",10,100 גרם,true,1,22,2.20,false,1,
6041043,true,גבינת צימוקים יבנה,גבינות הכפר בעמ,,,"ק""ג",10,100 גרם,true,1,23,2.30,false,1,
6131706,true,פילה אמנון (מושט) קפוא,נ.ת.נ.ג.ב החזקות יעוץ וניהול ב,,,"ק""ג",1,,true,1,24.90,24.90,false,1,
6131935,true,טונה פרוס בוואקום,נ.ת.נ.ג.ב החזקות יעוץ וניהול ב,,,"ק""ג",1,,true,1,39.90,39.90,false,1,
6448064,true,כיכר גבינה כחולה מעדנייה,תנובה - חלב,,,"ק""ג",10,100 גרם,true,1,125,12.50,false,1,
6464828,true,בשר מס` 8 שריר,ישראל פלדמן בעמ,,,"ק""ג",1,,true,1,29.90,29.90,false,1,
6511010,true,פרמז`נו במשקל,ג.וילי-פוד אינטרנשיונל **גבינו,,,"ק""ג",10,100 גרם,true,1,100,10,false,1,
6511737,true,גבינה בסגנון אמנטל שקיל וילי פוד,ג.וילי-פוד אינטרנשיונל **גבינו,,,"ק""ג",10,100 גרם,true,1,57,5.70,false,1,
6511904,true,כדורי גבינה אדם,ג.וילי-פוד אינטרנשיונל **גבינו,,,"ק""ג",10,100 גרם,true,1,59,5.90,false,1,
6578266,true,גבינת פיור גולד הנרי וויליך במשקל,א. סיימן סחר בעמ,,,"ק""ג",10,100 גרם,true,1,199,19.90,false,1,
6741806,true,בולגרית 16% מחלב בקר- מעדנייה,נטו מלינדה סחר בעמ,,,"ק""ג",10,100 גרם,true,1,74,7.40,false,1,
6748009,true,זר פרימיום,פרחי ליידי דיאן בעמ,,,יח`,1,,false,1,99,99,false,1,
6748072,true,פרחים זר צבעוני,פרחי ליידי דיאן בעמ,,,יח`,1,,false,1,35,35,false,1,
6748133,true,פרחים זר רגיל,פרחי ליידי דיאן בעמ,,,יח`,1,,false,1,25,25,false,1,
6748157,true,פרחים זר 30,פרחי ליידי דיאן בעמ,,,יח`,1,,false,1,30,30,false,1,
6748218,true,פרחים בקופסא,פרחי ליידי דיאן בעמ,,,יח`,1,,false,1,119,119,false,1,
6748225,true,זר מיוחד מספר 9,פרחי ליידי דיאן בעמ,,,יח`,1,,false,1,85,85,false,1,
6748232,true,פרחים מס 12,פרחי ליידי דיאן בעמ,,,יח`,1,,false,1,9.90,9.90,false,1,
6748249,true,זר מיוחד מספר 15,פרחי ליידי דיאן בעמ,,,יח`,1,,false,1,75,75,false,1,
6869920,true,גבינת שמנת צוריאל,החב` המרכזית - טרה,,,"ק""ג",10,100 גרם,true,1,35,3.50,false,1,
6920096,true,מוצרלה מגורדת מ.,גבינות הכפר בעמ,,,"ק""ג",10,100 גרם,true,1,45,4.50,false,1,
6920461,true,מוצרלה מגורדת,גבינות הכפר בעמ,,,"ק""ג",10,100 גרם,true,1,45,4.50,false,1,
8175753,true,כדורי גבינה אדם בייבי,ג.וילי-פוד אינטרנשיונל **גבינו,,,"ק""ג",10,100 גרם,true,1,102,10.20,false,1,
8175760,true,גבינת מנצ`גו(חלב כבשים),ג.וילי-פוד אינטרנשיונל **גבינו,,,"ק""ג",10,100 גרם,true,1,99,9.90,false,1,
8175807,true,פילפלים ממולאים בגבינת שמנת,ג.וילי-פוד אינטרנשיונל **גבינו,,,"ק""ג",10,100 גרם,true,1,104,10.40,false,1,
8175906,true,גאודה מחלב עיזים חצי קשה 32%,ג.וילי-פוד אינטרנשיונל **גבינו,,,"ק""ג",10,100 גרם,true,1,99,9.90,false,1,
8211147,true,גבינת גאודה חצי קשה,א. סיימן סחר בעמ,,,"ק""ג",10,100 גרם,true,1,120,12,false,1,
8379977,true,גבינת סולוגוני במשקל,נטו מלינדה סחר בעמ,,,"ק""ג",10,100 גרם,true,1,99,9.90,false,1,
8403054,true,גבינה סנט פולאן משקל,נטו מלינדה סחר בעמ,,,"ק""ג",10,100 גרם,true,1,145,14.50,false,1,
8403184,true,גבינה צהובה עדן- מעדנייה,נטו מלינדה סחר בעמ,,,"ק""ג",10,100 גרם,true,1,35,3.50,false,1,
8403191,true,גבינת קשקבל צאן בשלה משקל,א. סיימן סחר בעמ,,,"ק""ג",10,100 גרם,true,1,110,11,false,1,
8403238,true,גבינת ברי איסיני סנט מר במשקל,א. סיימן סחר בעמ,,,"ק""ג",10,100 גרם,true,1,139,13.90,false,1,
8403269,true,גבינת אמנטל שווייצרי במשקל,נטו מלינדה סחר בעמ,,,"ק""ג",10,100 גרם,true,1,120,12,false,1,
8403290,true,אדם כדור,נטו מלינדה סחר בעמ,,,"ק""ג",10,100 גרם,true,1,69,6.90,false,1,
8403337,true,לנדנה עיזים צעירה- מעדנייה,נטו מלינדה סחר בעמ,,,"ק""ג",10,100 גרם,true,1,155,15.50,false,1,
8403351,true,לנדנה כמהין פטריות,נטו מלינדה סחר בעמ,,,"ק""ג",10,100 גרם,true,1,149,14.90,false,1,
8403375,true,לנדנה פסטו ירוק,נטו מלינדה סחר בעמ,,,"ק""ג",10,100 גרם,true,1,129,12.90,false,1,
8403382,true,לנדנה פסטו אדום- מעדנייה,נטו מלינדה סחר בעמ,,,"ק""ג",10,100 גרם,true,1,135,13.50,false,1,
8403399,true,לנדנה עגבניות וזיתים- מעדנייה,נטו מלינדה סחר בעמ,,,"ק""ג",10,100 גרם,true,1,115,11.50,false,1,
8403412,true,מוצרלה מעדנייה,נטו מלינדה סחר בעמ,,,"ק""ג",10,100 גרם,true,1,75,7.50,false,1,
8403429,true,איבריקו מעדנייה,נטו מלינדה סחר בעמ,,,"ק""ג",3,"ק""ג",true,1,135,45,false,1,
8403443,true,קברה מעדנייה,נטו מלינדה סחר בעמ,,,"ק""ג",10,100 גרם,true,1,145,14.50,false,1,
8403450,true,מנצ`גו מעדנייה,א. סיימן סחר בעמ,,,"ק""ג",10,100 גרם,true,1,169,16.90,false,1,
8403474,true,גבינת קומטה מעדניה,נטו מלינדה סחר בעמ,,,"ק""ג",10,100 גרם,true,1,169,16.90,false,1,
8403504,true,לנדנה כמון,נטו מלינדה סחר בעמ,,,"ק""ג",10,100 גרם,true,1,129,12.90,false,1,
8403511,true,גבינת עיזים בשלה,נטו מלינדה סחר בעמ,,,"ק""ג",10,100 גרם,true,1,120,12,false,1,
8403528,true,גבינת עיזים טרייה,נטו מלינדה סחר בעמ,,,"ק""ג",10,100 גרם,true,1,120,12,false,1,
8403894,true,גבינת קשקבל בלוק הגבינות של נני,נטו מלינדה סחר בעמ,,,"ק""ג",10,100 גרם,true,1,95,9.50,false,1,
8403900,true,גאודה עגבניות וזיתים-מעדנייה,א. סיימן סחר בעמ,,,"ק""ג",10,100 גרם,true,1,119,11.90,false,1,
8403917,true,גאודה פסטו ירוק-מעדנייה,א. סיימן סחר בעמ,,,"ק""ג",10,100 גרם,true,1,149,14.90,false,1,
8403924,true,גאודה פסטו אדום-מעדנייה,א. סיימן סחר בעמ,,,"ק""ג",10,100 גרם,true,1,149,14.90,false,1,
8403931,true,גאודה כמון-מעדנייה,א. סיימן סחר בעמ,,,"ק""ג",10,100 גרם,true,1,119,11.90,false,1,
8461047,true,סיימן ברי לה רוסטיק מעדנייה,א. סיימן סחר בעמ,,,"ק""ג",10,100 גרם,true,1,159,15.90,false,1,
8462310,true,סנט מור במשקל- מעדנייה,א. סיימן סחר בעמ,,,"ק""ג",10,100 גרם,true,1,169,16.90,false,1,
8577267,true,עוף טרי שלם ארוז,קורניש חן (1987) בעמ,,,"ק""ג",1,,true,1,19.90,19.90,false,1,
8618007,true,דג פילה סלמון טרי פרוס מגש,מאסטרפוד בעמ,,,"ק""ג",1,,true,1,99,99,false,1,
8618021,true,דג פילה דניס טרי מגש,מאסטרפוד בעמ,,,"ק""ג",1,,true,1,119,119,false,1,
8618038,true,פילה לברק טרי מגש,מאסטרפוד בעמ,,,"ק""ג",1,,true,1,126,126,false,1,
8618052,true,פילה בורי טרי מגש,מאסטרפוד בעמ,,,"ק""ג",1,,true,1,99,99,false,1,
8618069,true,דג פילה ברמונדי טרי מגש,מאסטרפוד בעמ,,,"ק""ג",1,,true,1,110,110,false,1,
8618083,true,פילה אמנון טרי מגש,מאסטרפוד בעמ,,,"ק""ג",1,,true,1,69.90,69.90,false,1,
41001356,true,בירה בקס פחית 500 מל,הכרם - משקאות חריפים בעמ,,,יח`,5,"100 מ""ל",false,1,11.90,2.32,true,1,
42138105,true,וינסטון סופר סלימס כחול,גלוברנדס בעמ - שיווק סיגריות,,,יח`,1,,false,1,33.50,33.50,true,1,
59039549,true,ווג פריזון לייט,גלוברנדס בעמ - שיווק סיגריות,,,יח`,1,,false,1,41,41,true,1,
59068907,true,פאל מאל כול דמי סלימס,גלוברנדס בעמ - שיווק סיגריות,,,יח`,1,,false,1,29,29,true,1,
72940754,true,מילקי וניל,שטראוס גרופ בעמ/מצונן,,,יח`,1.30,"100 מ""ל",false,1,2.80,2.15,false,1,
72940761,true,מילקי שוקו,שטראוס גרופ בעמ/מצונן,,,יח`,1.30,"100 מ""ל",false,1,2.90,2.23,false,1,
72940952,true,מילקי פי 2 קצפת,שטראוס גרופ בעמ/מצונן,,,יח`,1.70,"100 מ""ל",false,1,3.90,2.29,false,1,
72941041,true,מילקי מיני שוקולד,שטראוס גרופ בעמ/מצונן,,,יח`,1.30,"100 מ""ל",false,1,2.10,1.62,false,1,
72961506,true,יוגורט עם תות 1.5% פרילי (125 גרם),תנובה - חלב,,,יח`,1.25,"100 מ""ל",false,1,3.50,2.80,false,1,
72961520,true,יוגורט עם אננס 1.5% פרילי (125 גרם),תנובה - חלב,,,יח`,1.25,"100 מ""ל",false,1,3.50,2.80,false,1,
72964422,true,יוגורט לבן 4.5% תנובה (200 מל),תנובה - חלב,,,יח`,2,"100 מ""ל",false,1,2.90,1.45,false,1,
72986240,true,מעדן חלב בטעם שוקולד באדי (125 גרם),תנובה - חלב,,,יח`,1.25,"100 מ""ל",false,1,2.90,2.32,false,1,
72986370,true,גלידת פיינטים וניל צרפתי בן אנד גריס,מוצרי איכות אמריקאיים בעמ,,,יח`,4.20,"100 מ""ל",false,1,20.30,4.83,true,1,
72986424,true,גלידת פיינטים קרם עוגיות,מוצרי איכות אמריקאיים בעמ,,,יח`,4.20,"100 מ""ל",false,1,20.30,4.83,true,1,
72986448,true,גלידת פיינטים טופי קרנץ,מוצרי איכות אמריקאיים בעמ,,,יח`,4.20,"100 מ""ל",false,1,20.30,4.83,true,1,
72986455,true,גלידת פיינטים ניו-יורק סופר,מוצרי איכות אמריקאיים בעמ,,,יח`,4.20,"100 מ""ל",false,1,20.30,4.83,true,1,
72986479,true,גלידת פיינטים צאנקי מנקי,מוצרי איכות אמריקאיים בעמ,,,יח`,4.20,"100 מ""ל",false,1,20.30,4.83,true,1,
72991886,true,גלידת פיינטים בן אנד גריס פיינט 500 מל,מוצרי איכות אמריקאיים בעמ,,,יח`,5,"100 מ""ל",false,1,20.30,4.06,true,1,
72994061,true,Good2 פסק זמן 36 גרם,שטראוס גרופ בעמ,,,יח`,0.36,100 גרם,false,1,5.40,15,false,1,
76136184,true,פאל מאל סופר סלים כחול,גלוברנדס בעמ - שיווק סיגריות,,,יח`,1,,false,1,30,30,true,1,
80136194,true,חטיף היפו אגוזי לוז 5 יח,פרימיום-חברה לדברי מתיקה ולמסח,,,יח`,0.90,100 גרם,false,1,12.50,13.89,false,1,
80176800,true,ממרח אגוזי לוז נוטלה (750 גרם),פרימיום-חברה לדברי מתיקה ולמסח,,,יח`,7.50,100 גרם,false,1,25.90,3.45,false,1,
80177173,true,ממרח אגוזי לוז נוטלה (350 גרם),פרימיום-חברה לדברי מתיקה ולמסח,,,יח`,3.50,100 גרם,false,1,15.90,4.54,false,1,
80177609,true,קינדר שוקולד 50 גר,פרימיום-חברה לדברי מתיקה ולמסח,,,יח`,0.50,100 גרם,false,1,4.50,9,false,1,
80177616,true,אצבעות שוקולד קינדר (8 יח`- 100 גרם),פרימיום-חברה לדברי מתיקה ולמסח,,,יח`,1,,false,1,7.90,7.90,false,1,
80310167,true,קינדר מקסי שישיה,פרימיום-חברה לדברי מתיקה ולמסח,,,יח`,1.25,100 גרם,false,1,10.90,8.72,false,1,
80768258,true,ביצת קינדר ג`וי בודד ורוד,פרימיום-חברה לדברי מתיקה ולמסח,,,יח`,0.20,100 גרם,false,1,5.50,27.50,false,1,
80773429,true,מסטיק מנטוס פיור פרש בטעם תות ללס 60 גר,ליימן שליסל בעמ,,,יח`,0.60,100 גרם,false,1,10.50,17.50,true,1,
80773443,true,מסטיק מנטוס בטעם מנטה עדין ללס,ליימן שליסל בעמ,,,יח`,0.60,100 גרם,false,1,10.50,17.50,true,1,
80790990,true,מסטיק מנטוס טעם פירות מנטה ללס,ליימן שליסל בעמ,,,יח`,0.60,100 גרם,false,1,10.50,17.50,true,1,
80843184,true,מסטיק מנטוס טעם ענבים ללס 60 גר,ליימן שליסל בעמ,,,יח`,0.60,100 גרם,false,1,10.50,17.50,true,1,
80913467,true,מסטיק מנטוס טעם מנטה ללס 60 גר,ליימן שליסל בעמ,,,יח`,0.60,100 גרם,false,1,10.50,17.50,true,1,
80979128,true,מסטיק מנטוס טעם דובדבן ללס 60 גר,ליימן שליסל בעמ,,,יח`,0.60,100 גרם,false,1,10.50,17.50,true,1,
85942707,true,נייר קצר לגלגול ללא פילטר עבה,צפניה ברזילי בעמ,,,יח`,1,,false,1,2,2,false,1,
85951730,true,פילטרים לגילגול סיגריות סלים פארטי) (120,צפניה ברזילי בעמ,,,יח`,1,,false,1,4,4,false,1,
85966611,true,נייר גלגול גדול Black כולל פילטר,צפניה ברזילי בעמ,,,יח`,1,,false,1,6,6,false,1,
90162602,true,משקה אנרגיה רד בול (250 מל),דיפלומט היינץ,,,יח`,2.50,"100 מ""ל",false,1,6.90,2.64,true,1,
90162800,true,רד בול משקה אנרגיה 250 מל ללס,דיפלומט היינץ,,,יח`,2.50,"100 מ""ל",false,1,6.90,2.64,true,1,
90446269,true,משקה אנרגיה רד בול (250 מל),דיפלומט היינץ,,,יח`,2.50,"100 מ""ל",false,1,6.90,2.64,true,1,
11182700930,true,קינג קול שעועית אדומה כהה 439 גרם,מור-ים מרקטינג בעמ,,,יח`,4.39,100 גרם,false,1,10.90,2.48,false,1,
16000423534,true,נייטשר וואלי 210 גר`שיבולת שועל ושוקולד,ליימן שליסל בעמ,,,יח`,2.10,100 גרם,false,1,14.90,7.10,false,1,
16000548404,true,נייטשר וואלי 210 גר`שיבולת שועל ודבש,ליימן שליסל בעמ,,,יח`,1.75,100 גרם,false,1,14.90,8.51,false,1,
16000548503,true,נייטשר וואלי 210 גר`מייפל וסוכר חום,ליימן שליסל בעמ,,,יח`,2.10,100 גרם,false,1,14.90,7.10,false,1,
18000701223,true,פילסברי תערובת שוקולד,ליימן שליסל בעמ,,,יח`,5.17,100 גרם,false,1,17.90,3.46,false,1,
22200956949,true,ספיד סטיק 24/7 ג`ל קול פיוזן יבוא מקביל,בית הצעצוע בעמ,,,יח`,0.51,100 גרם,false,1,15.90,31.18,false,1,
37600207188,true,חמאת בוטנים קלאסי 462ג סקיפי,דיפלומט היינץ,,,יח`,4.62,100 גרם,false,1,19.90,4.31,false,1,
37600207256,true,חמאת בוטנים עם שברי בוטנים 462ג סקיפי,דיפלומט היינץ,,,יח`,4.62,100 גרם,false,1,20.90,4.52,false,1,
38000183690,true,חטיף צ`יפס בטעם ברביקיו פרינגלס (71 גרם),דיפלומט היינץ,,,יח`,0.67,100 גרם,false,1,5.90,8.81,false,1,
38000232152,true,פרינגלס ברביקיו 158 גר`,דיפלומט היינץ,,,יח`,1.58,100 גרם,false,1,9.90,6.27,true,1,
38000232169,true,חטיף צ`יפס אורגינל מידי פרינגלס (67 גרם),דיפלומט היינץ,,,יח`,0.67,100 גרם,false,1,5.90,8.81,false,1,
38000232176,true,פרינגלס שמנת בצל 158 גר`,דיפלומט היינץ,,,יח`,1.58,100 גרם,false,1,9.90,6.27,true,1,
38000232183,true,פרינגלס אורגינל 149 גר`,דיפלומט היינץ,,,יח`,1.49,100 גרם,false,1,9.90,6.64,true,1,
38000845253,true,פרינגלס מידי שמנת בצל 71 גר,דיפלומט היינץ,,,יח`,0.67,100 גרם,false,1,5.90,8.81,false,1,
38527591060,true,דגנים מרובעים קוואקר (411 גרם),שטראוס פריטו ליי בעמ,,,יח`,4.12,100 גרם,false,1,21.90,5.32,true,1,
41190007097,true,חומץ תפוחים 946 מל גאלה,מור-ים מרקטינג בעמ,,,יח`,9.46,"100 מ""ל",false,1,14.90,1.58,false,1,
41390001079,true,רוטב סויה דל נתרן קיקומן (444 מל),דיפלומט היינץ,,,יח`,4.44,"100 מ""ל",false,1,32.60,7.34,true,1,
41390010309,true,רוטב טריאקי קיקומן (444 מל),דיפלומט היינץ,,,יח`,4.44,"100 מ""ל",false,1,32.60,7.34,true,1,
46214731552,true,עוגיות שוקולד צ`יפס מרבה (225 גרם),ש.שסטוביץ בעמ,,,יח`,2.25,100 גרם,false,1,10.90,4.84,true,1,
55369902557,true,רביעות רסק תפוחי עץ ממותק בסגנון ביתי 45,מור-ים מרקטינג בעמ,,,יח`,4.52,100 גרם,false,1,14.90,3.30,false,1,
55369902564,true,רסק תפוחי עץ ללתס רביעייה 452 גר`אלפסנ,מור-ים מרקטינג בעמ,,,יח`,4.52,100 גרם,false,1,14.50,3.21,false,1,
72600007123,true,הר חטיף תפוח אדמה קטל טבעי 142 גר`,מור-ים מרקטינג בעמ,,,יח`,1.42,100 גרם,false,1,20.90,14.72,false,1,
76840100156,true,גלידת פיינט צ`רי גרסיה דובדבנים וחתיכות,מוצרי איכות אמריקאיים בעמ,,,יח`,4.73,100 גרם,false,1,20.30,4.29,true,1,
76840100583,true,גלידה וניל+בצק עוגיות ושוקולד ציפס 473ג,מוצרי איכות אמריקאיים בעמ,,,יח`,4.73,"100 מ""ל",false,1,20.30,4.29,true,1,
77245110610,true,סוכריות ללס בטעם מנטה מאסט (80 גרם),שטראוס גרופ בעמ,,,יח`,0.80,100 גרם,false,1,9.70,12.13,false,1,
77975094624,true,סניידרס שברי בייגלה במילוי חמאת בוטנים 2,ליימן שליסל בעמ,,,יח`,2.8350,100 גרם,false,1,15.90,5.61,true,1,
77975094761,true,סניידרס שברי בייגל בטעם גבינת צ`אדר,ליימן שליסל בעמ,,,יח`,3.40,100 גרם,false,1,16.90,4.97,true,1,
77975094778,true,סניידרס שברי בייגל בטעם דבש וחרדל 340 גר,ליימן שליסל בעמ,,,יח`,3.40,100 גרם,false,1,16.90,4.97,true,1,
87147894534,true,קולגייט משפחתי 100 גר`יבוא מקביל,איינשטיין-צור יבוא-יצוא וסחר ב,,,יח`,1,100 גרם,false,1,9.90,9.90,false,1,
608011104269,true,חלה מיוחדת מתוקה לשבת וחג,מגוון שיווק והפצת מאפים בעמ,,,יח`,1,,false,1,12.90,12.90,false,1,
611745285685,true,אבוקדו בשל ארוז - מור בריאות,קונסיגנציה-מור בריאות בעמ,,,יח`,1,,false,1,7.90,7.90,true,1,
613008753290,true,אריזונה אפרסק 450 מל בקבוק,טמפו משקאות בעמ,,,יח`,4.50,"100 מ""ל",false,1,8.90,1.91,true,1,
613008753320,true,אריזונה ג`נסנג ודבש בקבוק 450 מל,טמפו משקאות בעמ,,,יח`,4.50,"100 מ""ל",false,1,8.90,1.91,true,1,
613008753382,true,אריזונה תה אוכמניות 450 מל בקבוק,טמפו משקאות בעמ,,,יח`,4.50,"100 מ""ל",false,1,8.90,1.91,true,1,
649660432020,true,שזיפים מיובשים מגולענים 567 גר`היל ויו,מור-ים מרקטינג בעמ,,,יח`,5.67,100 גרם,false,1,30.90,5.45,false,1,
693493065634,true,ניוקי תפוא 3 צבעים אבאל,אבאל יזמות בעמ,,,יח`,5,100 גרם,false,1,9.90,1.98,false,1,
693493065641,true,טחינה הר כנען 100% 500 גר,אבאל יזמות בעמ,,,יח`,5,100 גרם,false,1,15.90,3.18,true,1,
693493065672,true,טחינה מלאה הר כנען 500 גר`,אבאל יזמות בעמ,,,יח`,5,100 גרם,false,1,16.90,3.38,true,1,
693493168786,true,תמר מג`הול גמבו 1קג,סהר ותמר בעמ,,,יח`,10,100 גרם,false,1,25,2.50,false,1,
728229123590,true,חטיף צ`יפס אורגינל טרה (110 גרם)כשר לפס,משה סידס ובנו בעמ,,,יח`,1.10,100 גרם,false,1,14.90,13.55,true,1,
728229123811,true,חטיף צ`יפס ים תיכוני טרה (110 גרם),משה סידס ובנו בעמ,,,יח`,1.10,100 גרם,false,1,14.90,13.55,true,1,
728229124764,true,חטיף צ`יפס עם מלח ים טרה (110 גרם),משה סידס ובנו בעמ,,,יח`,1.10,100 גרם,false,1,14.90,13.55,true,1,
728229124771,true,חטיף טרה מבטטה בטעם ברבקיו 110 גר,משה סידס ובנו בעמ,,,יח`,1.10,100 גרם,false,1,14.90,13.55,true,1,
732494000500,true,קרטורס פופקורן קרמל 227 גר`.,מור-ים מרקטינג בעמ,,,יח`,2.27,100 גרם,false,1,26.90,11.85,false,1,
833949000264,true,סירופ מייפל אורגני דרבל מייפל 250 מל,נטורפוד בעמ,,,יח`,1,,false,1,26.90,26.90,false,1,
835811005940,true,מגש הכסף תבנית אלומ` גדולה+ מכסה 8 יח`,הנמל אריזות ושיווק (1984) בעמ,,,יח`,1,,false,1,10.90,10.90,true,1,
835811005964,true,מגש הכסף תבנית אלומ`מאורך 20 יח`,הנמל אריזות ושיווק (1984) בעמ,,,יח`,1,,false,1,10.90,10.90,true,1,
835811006220,true,צלחות ענק מקנה סוכר טבעי 25 יח`הנמל,הנמל אריזות ושיווק (1984) בעמ,,,יח`,1,,false,1,13.90,13.90,false,1,
835811006435,true,מגש הכסף תבנית מלבןעמוק+ מכסה 9 יח`,הנמל אריזות ושיווק (1984) בעמ,,,יח`,1,,false,1,10.90,10.90,true,1,
839762000641,true,משקה איילנד 1 ליטר מנגו,טמפו משקאות בעמ,,,יח`,1,1 ליטר,false,1,13.90,13.90,true,1,
839762000658,true,משקה גויאבה איילנד (1 ליטר),טמפו משקאות בעמ,,,יח`,1,1 ליטר,false,1,13.90,13.90,true,1,
840294102901,true,מיטת אריג משובץ,שחורי אריה ואנסטסיה,,,יח`,1,,false,1,159.90,159.90,false,1,
856591000055,true,עוגיות מזרחיות קריספי עבאדי (400 גרם),תה ויסוצקי (ישראל) בעמ,,,יח`,4,100 גרם,false,1,18.50,4.63,false,1,
856591000062,true,עוגיות מזרחיות עם מלח עבאדי (400 גרם),תה ויסוצקי (ישראל) בעמ,,,יח`,4,100 גרם,false,1,18.50,4.63,true,1,
856591000109,true,עוגיות מזרחיות עבאדי 400 גר`,תה ויסוצקי (ישראל) בעמ,,,יח`,4,100 גרם,false,1,18.50,4.63,false,1,
856591000512,true,עוגיות מזרחיות עבאדי מקלונים פריכים 400,תה ויסוצקי (ישראל) בעמ,,,יח`,4,100 גרם,false,1,18.50,4.63,true,1,
856591000970,true,מקלונים בטעם חריף 400 גר` עבאדי,תה ויסוצקי (ישראל) בעמ,,,יח`,4,100 גרם,false,1,18.50,4.63,true,1,
893594002068,true,פופקורנס צ`יפס עם מלח ים .,שטראוס פריטו ליי בעמ,,,יח`,0.32,100 גרם,false,1,6.90,21.56,false,1,
1230000068314,false,בשר טחון ביונד מיט 300 גרם,דיפלומט היינץ,,,יח`,3,100 גרם,false,1,29.90,9.97,false,1,
1230000116022,false,המבורגר ביונד מיט 113 גר` זוג,דיפלומט היינץ,,,יח`,2.26,100 גרם,false,1,35.90,15.88,true,1,
3046920028363,false,אקסלנס 85% קקאו לינדט (100 גרם),משה סידס ובנו בעמ,,,יח`,1,100 גרם,false,1,16.60,16.60,true,1,
3046920029674,false,אקסלנס עם שבבי מלח לינדט (100 גרם),משה סידס ובנו בעמ,,,יח`,1,100 גרם,false,1,16.60,16.60,true,1,
3046920029759,false,אקסלנס שוקולד מריר 90% לינדט (100 גרם),משה סידס ובנו בעמ,,,יח`,1,100 גרם,false,1,16.30,16.30,true,1,
3068320055008,false,מים אויאן 500 מל,יורוסטנדרט בעמ,,,יח`,5,"100 מ""ל",false,1,7.90,1.52,false,1,
3387390730852,false,פיטנס 375 גר` דגני בוקר,קבוצת אסם סחר שות. מוגבלת,,,יח`,3.75,100 גרם,false,1,21.90,5.84,true,1,
3523230025638,false,גבינת עיזים בושה טבעי 125 גרם,א. סיימן סחר בעמ,,,יח`,1.25,100 גרם,false,1,24.90,19.92,false,1,
3523230025652,false,בושה עיזים שום 125 גרם,א. סיימן סחר בעמ,,,יח`,1.25,100 גרם,false,1,24.90,19.92,false,1,
3563490014898,false,חרדל דיזון לחיץ 265 גר,דיפלומט היינץ,,,יח`,2.65,100 גרם,false,1,13.90,5.25,false,1,
3574660649987,false,ליסטרין זירו 500 מל-יבוא מקביל,בית הצעצוע בעמ,,,יח`,5,"100 מ""ל",false,1,15.90,3.18,true,1,
3574661135601,false,מי פה ליסטרין קול מינט 1 ליטר יבוא מקבי,איינשטיין-צור יבוא-יצוא וסחר ב,,,יח`,10,"100 מ""ל",false,1,19.90,1.99,false,1,
3574661226491,false,מי פה ליסטרין טוטאל 1 ליטר יבוא מקבי,איינשטיין-צור יבוא-יצוא וסחר ב,,,יח`,10,"100 מ""ל",false,1,19.90,1.99,false,1,
4000417019004,false,שוקולד ריטר חלבי אגוזים 100 גר`,ליימן שליסל בעמ,,,יח`,1,100 גרם,false,1,10.90,10.90,true,1,
4000417025005,false,שוקולד ריטרמרציפן 100 גר`,ליימן שליסל בעמ,,,יח`,1,100 גרם,false,1,10.50,10.50,true,1,
4000417101211,false,אמיצ`לי גלילי וופל עם קרם אגוזי לוז בציפ,ליימן שליסל בעמ,,,יח`,1.50,100 גרם,false,1,17.90,11.93,true,1,
4000417219008,false,ריטר שוקולד חלב דובדבן שקד 100 גר`,ליימן שליסל בעמ,,,יח`,1,100 גרם,false,1,10.50,10.50,true,1,
4000417224002,false,שוקולד ריטר מריר אגוזים 100 גרם,ליימן שליסל בעמ,,,יח`,1,100 גרם,false,1,10.90,10.90,true,1,
4000417629616,false,שוקולד ריטר שקדים מקורמלים 100 גר`,ליימן שליסל בעמ,,,יח`,1,100 גרם,false,1,10.50,10.50,false,1,
4000417692313,false,שוקולד לבן ריטר קינמון קריספי 100 גרם,ליימן שליסל בעמ,,,יח`,1,100 גרם,false,1,10.50,10.50,false,1,
4000417694119,false,שוקולד ריטר קפה קריספי 100 גר`,ליימן שליסל בעמ,,,יח`,1,100 גרם,false,1,10.50,10.50,false,1,
4008600242888,false,קונדום R3 גדולים במיוחד 12 יח.,שקד תבל בעמ,,,יח`,1,,false,1,34.90,34.90,true,1,
4009900403023,false,מסטיק אורביט וויט בטעם מנטה ללס,מרס ריגלי ישראל בעמ,,,יח`,1,,false,1,11.50,11.50,true,1,
4009900482417,false,מסטיק אורביט בטעם פירות ומנטה ללס,מרס ריגלי ישראל בעמ,,,יח`,1,,false,1,11.50,11.50,true,1,
4011800633516,false,חטיף קורני שישייה שוקולד מריר,משה סידס ובנו בעמ,,,יח`,1.50,100 גרם,false,1,10.90,7.27,true,1,
4011800636517,false,קורני פרי ללתס חטיף דגנים+שוקולד 6 יח`,משה סידס ובנו בעמ,,,יח`,1.20,100 גרם,false,1,10.90,9.08,true,1,
4014400904376,false,סוכריות שטורק שוקולדן 325 גר`,ליימן שליסל בעמ,,,יח`,3.25,100 גרם,false,1,15.90,4.89,false,1,
4014400904390,false,סוכריות שטורק וולמיש 325 גר`,ליימן שליסל בעמ,,,יח`,3.25,100 גרם,false,1,15.90,4.89,false,1,
4014400913910,false,וורטרס אורגינל קרימי,ליימן שליסל בעמ,,,יח`,1.25,100 גרם,false,1,9.50,7.60,true,1,
4014400914696,false,וורטר שקית חמאה ללס 80 גר`,ליימן שליסל בעמ,,,יח`,0.80,100 גרם,false,1,9.50,11.88,true,1,
4014400920857,false,וורטר ללס בטעם שוקולד 70גר`,ליימן שליסל בעמ,,,יח`,0.70,100 גרם,false,1,9.50,13.57,true,1,
4014400923711,false,חטיפי שוקולד טופיפי (125 גרם),ליימן שליסל בעמ,,,יח`,1.25,100 גרם,false,1,13.50,10.80,true,1,
4015000031394,false,ספטיל 200 מל מסיר כתמים,גורי שיווק בעמ,,,יח`,2,100 גרם,false,1,17.50,8.75,false,1,
4015400564034,false,מגן תחתון אולווייז מגה פק לונג פלוס 58 י,דיפלומט מפיצים (1968) בעמ,,,יח`,1,,false,1,24.90,24.90,true,1,
4015400564454,false,מגן תחתון אולוויז מגה פק לארג`68 יח,דיפלומט מפיצים (1968) בעמ,,,יח`,1,,false,1,24.90,24.90,true,1,
4015400598329,false,אולוויז קוואטרו נורמל פלוס 56 יח`,דיפלומט מפיצים (1968) בעמ,,,יח`,1,,false,1,42.90,42.90,true,1,
4015400598381,false,אולוויז קוואטרו לונג פלוס 48 יח`,דיפלומט מפיצים (1968) בעמ,,,יח`,1,,false,1,42.90,42.90,true,1,
4015400681670,false,תחבושות לילה בטוח אולווייז) (18,דיפלומט מפיצים (1968) בעמ,,,יח`,1,,false,1,20.30,20.30,true,1,
4015400690498,false,טמפקס קומפאק פרל סופר פלוס 18 יח,דיפלומט מפיצים (1968) בעמ,,,יח`,1,,false,1,22.90,22.90,true,1,
4015400731719,false,תחבושות לילה וליו פק אולווייז) (20,דיפלומט מפיצים (1968) בעמ,,,יח`,1,,false,1,21.40,21.40,true,1,
4015400746812,false,מגן תחתון אולווייז מגה פק נורמל 80 יח`,דיפלומט מפיצים (1968) בעמ,,,יח`,1,,false,1,24.90,24.90,true,1,
4015400755241,false,תחבושות אולוויז וליו פק נורמל פלוס 28 יח,דיפלומט מפיצים (1968) בעמ,,,יח`,1,,false,1,21.40,21.40,true,1,
4015400755487,false,תחבושות אולטרה לונג פלוס אולווייז) (24,דיפלומט מפיצים (1968) בעמ,,,יח`,1,,false,1,19.90,19.90,true,1,
4015400990482,false,אבקת כביסה אריאל קולור 3 קג,דיפלומט מפיצים (1968) בעמ,,,יח`,30,100 גרם,false,1,35.60,1.19,false,1,
4015600762742,false,הד אנד שולדרס שמפו 500 מל כחול,דיפלומט מפיצים (1968) בעמ,,,יח`,5,"100 מ""ל",false,1,20.90,4.18,true,1,
4017100364112,false,היט עוגיות סנדוויץ`שוקו בלזן (220 גרם),ליימן שליסל בעמ,,,יח`,2.20,100 גרם,false,1,11.20,5.09,true,1,
4025700001962,false,שוקולד לבן מילקה (100 גרם),דיפלומט היינץ,,,יח`,1,100 גרם,false,1,7.90,7.90,true,1,
4028208000284,false,נייר פילטר מס 4,דנשר (1963) בעמ,,,יח`,1,,false,1,11.90,11.90,false,1,
4033100014468,false,ל.ד אדום בודד,גלוברנדס בעמ - שיווק סיגריות,,,יח`,1,,false,1,32,32,true,1,
4033100024146,false,סיגריות ווינסטון קוד בודד,גלוברנדס בעמ - שיווק סיגריות,,,יח`,1,,false,1,32,32,true,1,
4033100024252,false,סיגריות ווינסטון אקווה בודד,גלוברנדס בעמ - שיווק סיגריות,,,יח`,1,,false,1,32,32,true,1,
4079400330129,false,בירה וולטרס (500 מל),אבאל יזמות בעמ,,,יח`,5,"100 מ""ל",false,1,6.90,1.32,true,1,
4079400382753,false,בירה וולטרס בק`,אבאל יזמות בעמ,,,יח`,1.98,1 ליטר,false,1,6.90,3.33,false,1,
4084500065598,false,קרם לחות לתלתלים פנטן (300 מל),דיפלומט מפיצים (1968) בעמ,,,יח`,3,"100 מ""ל",false,1,20.90,6.97,true,1,
4084500088917,false,נוזל לניקוי כלים לימון פיירי (650 מל),דיפלומט מפיצים (1968) בעמ,,,יח`,6.50,"100 מ""ל",false,1,11.90,1.83,true,1,
4084500854048,false,נוזל לניקוי כלים לימון פיירי (1.24 ליטר),דיפלומט מפיצים (1968) בעמ,,,יח`,1.24,1 ליטר,false,1,19.30,15.56,true,1,
4100130937163,false,בירה בק`ס (275x6 מל),הכרם - משקאות חריפים בעמ,,,יח`,1.65,1 ליטר,false,1,36.90,21.27,true,1,
4600659010854,false,וודקה סטוליצ`יניה (700 מל),הכרם - משקאות חריפים בעמ,,,יח`,7,"100 מ""ל",false,1,81.50,11.60,true,1,
4603400000043,false,וודקה רוסקי יורוסטנדרט (700 מל),יורוסטנדרט בעמ,,,יח`,7,"100 מ""ל",false,1,63.20,8.99,false,1,
4603928000983,false,בלוגה וודקה 1 ליטר,טמפו פרנו,,,יח`,1,1 ליטר,false,1,149.90,149.90,false,1,
4640018993343,false,פיניש קוואנטום 30 קפסולות שקית,רקיט בנקיזר (ניר איסט) בעמ,,,יח`,1,,false,1,42.90,42.90,false,1,
4710068001692,false,מאסטר קפה 250 מל לאטה,טמפו משקאות בעמ,,,יח`,2.50,"100 מ""ל",false,1,7.20,2.88,true,1,
4710068001715,false,משקה בטעם טירמיסו מאסטר קפה (240 מל),טמפו משקאות בעמ,,,יח`,2.40,"100 מ""ל",false,1,7.20,3,true,1,
4710068001739,false,מאסטר קפה 250 מל קולומביאני,טמפו משקאות בעמ,,,יח`,2.50,"100 מ""ל",false,1,7.20,2.88,true,1,
4710068002798,false,מאסטר קפה 250 מל ונילה,טמפו משקאות בעמ,,,יח`,2.50,"100 מ""ל",false,1,7.20,2.88,true,1,
4823077636332,false,עוגיות רושן במילוי קרם שוקולד,דילר בי.אמ.די.אינטרנשויונל בעמ,,,יח`,1.27,100 גרם,false,1,7.90,6.22,false,1,
4823077636400,false,עוגיות רושן במילוי קרם חלב 127 גר`,דילר בי.אמ.די.אינטרנשויונל בעמ,,,יח`,1.27,100 גרם,false,1,7.90,6.22,false,1,
4823077636417,false,עוגיות רושן במילוי קרם אגוזים 127 גר`,דילר בי.אמ.די.אינטרנשויונל בעמ,,,יח`,1.27,100 גרם,false,1,7.90,6.22,false,1,
5000157143365,false,מתבל בטעם מיונז וקטשופ 425 מל,דיפלומט היינץ,,,יח`,4.25,100 גרם,false,1,14.90,3.51,false,1,
5000204254617,false,דאק סבון מוצק לאסלה ירח פורח,דנשר (1963) בעמ,,,יח`,1,,false,1,11.20,11.20,false,1,
5000219120112,false,פאל מאל כחול ארוך סטרים פילטר פאקט,גלוברנדס בעמ - שיווק סיגריות,,,יח`,1,,false,1,285,285,false,1,
5000394140820,false,דורסל שישיות AA פלוס פאוור 2021,דיפלומט מפיצים (1968) בעמ,,,יח`,1,,false,1,17.90,17.90,false,1,
5000394141209,false,דורסל שישיות AAA פלוס פאוור 2021,דיפלומט מפיצים (1968) בעמ,,,יח`,1,,false,1,17.90,17.90,false,1,
5010123703547,false,ליסטרין פרש בורסט 500 מל-יבוא מקביל,בית הצעצוע בעמ,,,יח`,5,"100 מ""ל",false,1,15.90,3.18,true,1,
5010123703585,false,ליסטרין קולמינט 500 מל-יבוא מקביל,בית הצעצוע בעמ,,,יח`,5,"100 מ""ל",false,1,15.90,3.18,true,1,
5010182997338,false,ג`ל לאסלה שדות ירוקים טואלט דאק (55 מל),דנשר (1963) בעמ,,,יח`,0.55,100 גרם,false,1,13.50,24.55,false,1,
5010182997918,false,טואלט דאק ג`ל לאסלה,דנשר (1963) בעמ,,,יח`,0.55,100 גרם,false,1,13.50,24.55,false,1,
5010327000046,false,וויסקי גרנטס (700 מל),הכרם - משקאות חריפים בעמ,,,יח`,7.50,"100 מ""ל",false,1,106,14.09,true,1,
5010327399614,false,גלנפידיך 12 אמריקן אוק 700 מל,הכרם - משקאות חריפים בעמ,,,יח`,7,"100 מ""ל",false,1,159.90,22.80,false,1,
5010677552387,false,בריזר אננס בקרדי (275 מל),טמפו משקאות בעמ,,,יח`,2.75,"100 מ""ל",false,1,15.30,5.45,true,1,
5012251012249,false,תרחיץ פלינג לפנים בתוספת פחם פעיל 150 מ,פארמה דיל (פ.א.ב.) שיווק והפצה,,,יח`,0,"100 מ""ל",false,1,14.90,14.90,false,1,
5013931015741,false,ידית הפלא לשטיפת כלים דיש מטיק,דנשר (1963) בעמ,,,יח`,1,,false,1,19.90,19.90,true,1,
5014271400426,false,מעדן סנט דלפור תות שדה,א. סיימן סחר בעמ,,,יח`,2.84,100 גרם,false,1,21.90,7.71,true,1,
5014271795980,false,מעדן סנט דלפור חמוציות ואוכמניות,א. סיימן סחר בעמ,,,יח`,2.84,100 גרם,false,1,21.90,7.71,true,1,
5014379009972,false,בירה באדוויזר פחית 500 מל,הכרם - משקאות חריפים בעמ,,,יח`,5,"100 מ""ל",false,1,9.90,1.92,true,1,
5201004020338,false,גליליות קלאסיק קפריס 400 גרם,משה סידס ובנו בעמ,,,יח`,4,100 גרם,false,1,20.90,5.23,false,1,
5202390015618,false,צהובה טבעונית אורגינל,דיפלומט היינץ,,,יח`,2,100 גרם,false,1,24.40,12.20,true,1,
5202390020407,false,בסגנון פטה טבעוני 200 גר,דיפלומט היינץ,,,יח`,2,100 גרם,false,1,26.90,13.45,true,1,
5391523058070,false,סימילאק אדוונס פלוס שלב 3 700 גר,שקד תבל בעמ-סימילק,,,יח`,7,100 גרם,false,1,68.90,9.84,true,1,
5410076933129,false,אריאל 3 קג`,דיפלומט מפיצים (1968) בעמ,,,יח`,30,100 גרם,false,1,35.60,1.19,false,1,
5410126006087,false,ביסקוויט בטעם קרמל לוטוס (700 גרם),דיפלומט היינץ,,,יח`,7,100 גרם,false,1,29.90,4.27,true,1,
5410126666038,false,עוגיות לוטוס 2*18 279 גר`,דיפלומט היינץ,,,יח`,2.79,100 גרם,false,1,13.40,4.80,true,1,
5410228267508,false,בירה באדוויזר בקבוק 330 מל,הכרם - משקאות חריפים בעמ,,,יח`,3.30,"100 מ""ל",false,1,7.90,2.30,false,1,
5410658902413,false,קפסולות קפה דרגת חוזק 8 fortisimo Espres,אבאל יזמות בעמ,,,יח`,1,,false,1,13.20,13.20,true,1,
5411188094159,false,אלפרו מעדן סויה בטעם שוקו מריר רביעייה,שטראוס גרופ בעמ,,,יח`,5,100 גרם,false,1,16.90,3.38,false,1,
5411188096108,false,אלפרו סויה לבישול ( 250 מל),שטראוס גרופ בעמ/מצונן,,,יח`,2.50,"100 מ""ל",false,1,9.90,3.96,true,1,
5411188110835,false,משקה שקדים אלפרו (1 ליטר),שטראוס גרופ בעמ,,,יח`,1,1 ליטר,false,1,13.90,13.90,true,1,
5411188112709,false,משקה שקדים ללס אלפרו (1 ליטר),שטראוס גרופ בעמ,,,יח`,1,1 ליטר,false,1,13.90,13.90,true,1,
5411188115434,false,אלפרו בריסטה סויה 1 ליטר,שטראוס גרופ בעמ,,,יח`,1,1 ליטר,false,1,13.90,13.90,true,1,
5411188115472,false,משקה סויה 1 ליטר אלפרו,שטראוס גרופ בעמ,,,יח`,1,1 ליטר,false,1,13.90,13.90,true,1,
5411188116905,false,אלפרו משקה סויה בטעם בננה 1 ליטר,שטראוס גרופ בעמ,,,יח`,1,1 ליטר,false,1,13.90,13.90,true,1,
5411188118732,false,משקה קוקוס ושקדים אלפרו (1 ליטר),שטראוס גרופ בעמ,,,יח`,1,1 ליטר,false,1,13.90,13.90,true,1,
5411188122661,false,אלפרו משקה שקדים לא קלויים ללתס 1 ליטר,שטראוס גרופ בעמ,,,יח`,1,1 ליטר,false,1,13.90,13.90,true,1,
5411188129899,false,אלפרו בריסטה שקדים 1 ליטר,שטראוס גרופ בעמ,,,יח`,1,1 ליטר,false,1,13.90,13.90,true,1,
5411188134985,false,אלפרו NOT MILK שיבולת שועל 3.5% שומן 1 ל,שטראוס גרופ בעמ/מצונן,,,יח`,1,1 ליטר,false,1,14.90,14.90,false,1,
5411188135005,false,אלפרו NOT MILK שיבולת שועל 1.8% ליטר,שטראוס גרופ בעמ/מצונן,,,יח`,1,1 ליטר,false,1,13.90,13.90,false,1,
5411188300328,false,משקה סויה בטעם שוקו אלפרו (1 ליטר),שטראוס גרופ בעמ,,,יח`,1,1 ליטר,false,1,13.90,13.90,true,1,
5411188543398,false,משקה סויה ללס אלפרו 1 ליטר,שטראוס גרופ בעמ,,,יח`,1,1 ליטר,false,1,13.90,13.90,true,1,
5411396025136,false,ממרח חמאה פטיסי,נטו מלינדה סחר בעמ,,,"ק""ג",10,100 גרם,true,1,38,3.80,false,1,
5411686700118,false,בירה פירות לייפמנס (250 מל),הכרם - משקאות חריפים בעמ,,,יח`,2.50,"100 מ""ל",false,1,14.90,5.84,false,1,
5413149655522,false,אבקת כביסה שושן אריאל 1.25 קג,דיפלומט מפיצים (1968) בעמ,,,יח`,0.0130,100 גרם,false,1,17.90,1376.92,false,1,
5701932026964,false,הוט פופ 600 גר`,ליימן שליסל בעמ,,,יח`,6,100 גרם,false,1,16.90,2.82,true,1,
5701932026971,false,הוט פופ חמאה 600 גר`,ליימן שליסל בעמ,,,יח`,6,100 גרם,false,1,16.90,2.82,true,1,
5701932026995,false,הוט פופ לייט 600גר`,ליימן שליסל בעמ,,,יח`,6,100 גרם,false,1,16.90,2.82,true,1,
5711953103285,false,פטינה מעדנייה שטראוס,שטראוס גרופ בעמ/מצונן,,,"ק""ג",10,100 גרם,true,1,30,3,false,1,
5711953106583,false,גבינת שמנת עשבי טבעי 200 גר` ארלה,שטראוס גרופ בעמ/מצונן,,,יח`,2,100 גרם,false,1,16.90,8.45,true,1,
5711953106606,false,גבינת שמנת עשבי תיבול 200 גר` ארלה,שטראוס גרופ בעמ/מצונן,,,יח`,2,100 גרם,false,1,16.90,8.45,true,1,
5740900108264,false,ממרח לופרק ללא מלח מעדניה שטראוס,שטראוס גרופ בעמ/מצונן,,,"ק""ג",10,100 גרם,true,1,42,4.20,false,1,
5740900403215,false,ממרח לורפק עם מלח 250 גר`,שטראוס גרופ בעמ/מצונן,,,יח`,2.50,100 גרם,false,1,17.90,7.16,false,1,
5740900403222,false,ממרח לורפק עם מלח מופחת שומן 250 גר`,שטראוס גרופ בעמ/מצונן,,,יח`,2.50,100 גרם,false,1,17.90,7.16,false,1,
5740900403239,false,ממרח לורפק ללא מלח 250 גר`,שטראוס גרופ בעמ/מצונן,,,יח`,2.50,100 גרם,false,1,17.90,7.16,false,1,
5740900403864,false,ממרח לורפק 200 גר` עם מלח,שטראוס גרופ בעמ/מצונן,,,יח`,2,100 גרם,false,1,12.50,6.25,false,1,
5740900806108,false,ממרח חמאה דנית מעדנייה שטראוס,שטראוס גרופ בעמ/מצונן,,,"ק""ג",10,100 גרם,true,1,42,4.20,false,1,
5900020015174,false,פיטנס חטיפי דגנים שוקולד מריר,קבוצת אסם סחר שות. מוגבלת,,,יח`,1.41,100 גרם,false,1,17.50,12.41,true,1,
5900020018908,false,פיטנס חטיפי דגנים קרם עוגיות,קבוצת אסם סחר שות. מוגבלת,,,יח`,1.41,100 גרם,false,1,17.30,12.27,true,1,
5900020020710,false,מארז קראנץ בר שוקו וניל שישייה,קבוצת אסם סחר שות. מוגבלת,,,יח`,1.50,100 גרם,false,1,18.30,12.20,true,1,
5900020024770,false,פיטנס בר דליס שוקולד אגוז,קבוצת אסם סחר שות. מוגבלת,,,יח`,1.35,100 גרם,false,1,17.50,12.96,true,1,
5900020026552,false,האני נאט צ`יריוס עידן הקרח 625 גרם,קבוצת אסם סחר שות. מוגבלת,,,יח`,6.25,100 גרם,false,1,25.90,4.14,false,1,
5900020029669,false,חטיף דגנים פירות יער מארז 6 יח פיטנס,קבוצת אסם סחר שות. מוגבלת,,,יח`,0.2350,100 גרם,false,1,18.30,77.87,true,1,
5900020033314,false,פיטנס חטיפי דגנים ליון 150 גר`,קבוצת אסם סחר שות. מוגבלת,,,יח`,1.50,100 גרם,false,1,17.50,11.67,true,1,
5900020034021,false,פיטנס חטיף דגנים שוקו בננה נסטלה (23.5x6,קבוצת אסם סחר שות. מוגבלת,,,יח`,1.41,100 גרם,false,1,17.50,12.41,true,1,
5900020034991,false,קראנץ צדפים בטעם שוקולד 450 גר`,קבוצת אסם סחר שות. מוגבלת,,,יח`,4.50,100 גרם,false,1,22.90,5.09,true,1,
5900020036407,false,דגני בוקר שוקולד קרמל (480 גר`) ליון,קבוצת אסם סחר שות. מוגבלת,,,יח`,4.80,100 גרם,false,1,27.90,5.81,true,1,
5900020037916,false,דגני בוקר שיבולת שועל 375 גר,קבוצת אסם סחר שות. מוגבלת,,,יח`,3.75,100 גרם,false,1,16.90,4.51,false,1,
5900020039590,false,פיטנס חטיף דגנים קלאסי 6.*23.5גר,קבוצת אסם סחר שות. מוגבלת,,,יח`,1.41,100 גרם,false,1,17.50,12.41,true,1,
5900627063233,false,פיניש 50 טבליות AIO MAX,רקיט בנקיזר (ניר איסט) בעמ,,,יח`,1,,false,1,41.90,41.90,true,1,
5902198160403,false,xl ten פחית 250 מל ללס,טמפו משקאות בעמ,,,יח`,2.50,"100 מ""ל",false,1,4.90,1.84,true,1,
5906485301012,false,משקה אנרגיה אקסל (250 מל),טמפו משקאות בעמ,,,יח`,2.50,"100 מ""ל",false,1,4.90,1.84,true,1,
6008165003984,false,פאל מאל כחול סטרים פילטר,גלוברנדס בעמ - שיווק סיגריות,,,יח`,1,,false,1,30,30,true,1,
6008165274629,false,פאל מאל כחול ארוך סטרים פילטר חפיסה,גלוברנדס בעמ - שיווק סיגריות,,,יח`,1,יח`,false,1,30,30,true,1,
6901022100409,false,ג`ינג`ר כתוש טרי לירון,ביג פוד כחול לבן בעמ*שיק 30 יו,,,יח`,1,100 גרם,false,1,6,6,false,1,
6901022100416,false,שום כתוש טרי לירון,ביג פוד כחול לבן בעמ*שיק 30 יו,,,יח`,1,100 גרם,false,1,6,6,false,1,
6902176502491,false,סלק אדום מקולף מבושל 500 גרם לירון,ביג פוד כחול לבן בעמ*שיק 30 יו,,,יח`,5,100 גרם,false,1,8.90,1.78,true,1,
7271730901261,false,ארוחת אטריות עם גבינה 156 גר`וויקי מאק,מור-ים מרקטינג בעמ,,,יח`,1.56,100 גרם,false,1,11.90,7.63,false,1,
7290000000374,false,פטריות שמפיניון א.א,חוות השמפיניון בעמ,,,יח`,1,,false,1,10.10,10.10,true,1,
7290000000459,false,אלפלפא,א.אדמה (2007) בעמ,,,יח`,1,,false,1,6,6,false,1,
7290000023083,false,ערק אשקלון (700 מל),טמפו משקאות בעמ,,,יח`,7,"100 מ""ל",false,1,54.90,7.80,false,1,
7290000023816,false,קלאסיק אמרלד ריזלינג יקבי ברקן (750 מל),טמפו משקאות בעמ,,,יח`,7.50,"100 מ""ל",false,1,33.90,4.48,true,1,
7290000040042,false,יוגורט ביו 3% תות יופלה (150 גרם),תנובה - חלב,,,יח`,1.50,"100 מ""ל",false,1,5,3.33,false,1,
7290000040066,false,יופלה דובדבן 3%,תנובה - חלב,,,יח`,1.50,"100 מ""ל",false,1,5.20,3.47,false,1,
7290000040080,false,יוגורט ביו 3% אפרסק יופלה (150 גרם),תנובה - חלב,,,יח`,1.50,"100 מ""ל",false,1,5.20,3.47,false,1,
7290000040974,false,חלב 2% דל לקטוז בקרטון תנובה (1 ליטר),תנובה - חלב,,,יח`,1,1 ליטר,false,1,7.10,7.10,false,1,
7290000042435,false,חלב דל שומן 1% בקרטון תנובה (1 ליטר)פיק,תנובה - חלב,,,יח`,10,"100 מ""ל",false,1,5.86,0.59,false,1,
7290000042855,false,שוקו שקית,שטראוס גרופ בעמ/מצונן,,,יח`,2.25,"100 מ""ל",false,1,2.50,1.11,false,1,
7290000043814,false,השף הלבן שמנת עמיד 38% קר 250,תנובה - חלב,,,יח`,2.50,"100 מ""ל",false,1,6.47,2.59,false,1,
7290000043890,false,רויון 1.5% תנובה (1 ליטר),תנובה - חלב,,,יח`,1,1 ליטר,false,1,11.50,11.50,false,1,
7290000043944,false,יוגורט לבן 4% תנובה (1.5 ליטר),תנובה - חלב,,,יח`,1.50,1 ליטר,false,1,16.50,11,false,1,
7290000045573,false,גבינת נעמה,תנובה - חלב,,,יח`,2,100 גרם,false,1,15.90,7.95,false,1,
7290000045580,false,גבינת חורש,תנובה - חלב,,,יח`,2.40,100 גרם,false,1,18.60,7.75,false,1,
7290000045917,false,פרומעז גבינת עיזים 23% קולקשיין תנובה,תנובה - חלב,,,יח`,2,100 גרם,false,1,26.70,13.35,false,1,
7290000046020,false,גבינת גלבוע 22% תנובה,תנובה - חלב,,,"ק""ג",10,100 גרם,true,1,42.58,4.26,false,1,
7290000046327,false,גבינה צהובה 22% גלבוע (200 גרם),תנובה - חלב,,,יח`,2,100 גרם,false,1,12.90,6.45,false,1,
7290000046563,false,קולאג 23% פרמזן חריץ תנובה,תנובה - חלב,,,"ק""ג",10,100 גרם,true,1,113,11.30,false,1,
7290000047034,false,רוקפור (26% גליל) חריץ תנובה,תנובה - חלב,,,"ק""ג",10,100 גרם,true,1,122,12.20,false,1,
7290000048185,false,גבינה לבנה 5% תנובה (250 גרם)פיקוח,תנובה - חלב,,,יח`,2.50,100 גרם,false,1,4.98,1.99,false,1,
7290000048437,false,גבינת צפתית (2005% גרם)פיראוס תנובה,תנובה - חלב,,,יח`,2,100 גרם,false,1,15.90,7.95,false,1,
7290000051352,false,חלב של פעם 3.8% בקרטון תנובה (1 ליטר),תנובה - חלב,,,יח`,1,1 ליטר,false,1,7.60,7.60,false,1,
7290000051376,false,יופלה דיאט אננס 0%,תנובה - חלב,,,יח`,1.50,"100 מ""ל",false,1,5.20,3.47,false,1,
7290000051956,false,טל העמק 9% חריץ תנובה,תנובה - חלב,,,"ק""ג",10,100 גרם,true,1,82,8.20,false,1,
7290000053219,false,טל העמק 32% צהובה,תנובה - חלב,,,"ק""ג",10,100 גרם,true,1,55,5.50,false,1,
7290000055329,false,יופלה משקה יוגורט 250 מל תות מלון,תנובה - חלב,,,יח`,2.50,100 גרם,false,1,5.80,2.32,false,1,
7290000055336,false,יופלה משקה יוגורט 250 מל בננה אפרסק,תנובה - חלב,,,יח`,2.50,100 גרם,false,1,5.90,2.36,false,1,
7290000055343,false,משקה יוגורט 1.5% טרופי יופלה (250 גרם),תנובה - חלב,,,יח`,2.50,100 גרם,false,1,5.90,2.36,false,1,
7290000055350,false,עמק פיקוח 28% צהובה מעדנייה,תנובה - חלב,,,"ק""ג",10,100 גרם,true,1,44.79,4.48,false,1,
7290000055893,false,חמאה מהדרין תנובה (200 גרם)פיקוח,תנובה - חלב,,,יח`,1,,false,1,7.80,7.80,false,1,
7290000056272,false,גבינה לבנה 5% עם זיתים תנובה (250 גרם),תנובה - חלב,,,יח`,2.50,100 גרם,false,1,5.70,2.28,false,1,
7290000056784,false,פטה כבשים 5%,תנובה - חלב,,,"ק""ג",10,100 גרם,true,1,117,11.70,false,1,
7290000056883,false,יופלה טעמים משתנים 3% 8*150 מל,תנובה - חלב,,,יח`,12,"100 מ""ל",false,1,29.90,2.49,false,1,
7290000056906,false,יופלה לבן שמינייה 1.5%,תנובה - חלב,,,יח`,12,"100 מ""ל",false,1,17.90,1.49,false,1,
7290000057088,false,גבינת עמק דק 200 גר,תנובה - חלב,,,יח`,2,100 גרם,false,1,16.30,8.15,false,1,
7290000057118,false,סמי עמק 400 גר,תנובה - חלב,,,יח`,4,100 גרם,false,1,21.90,5.48,false,1,
7290000057453,false,עמק פיקוח 28% חריץ צהובה בדצ,תנובה - חלב,,,"ק""ג",10,100 גרם,true,1,44.79,4.48,false,1,
7290000060088,false,בייגלה מקלות עם מלח אסם (400 גרם),קבוצת אסם סחר שות. מוגבלת,,,יח`,4,100 גרם,false,1,11.50,2.88,true,1,
7290000060163,false,אטריות דקות אסם (400 גרם),קבוצת אסם סחר שות. מוגבלת,,,יח`,4,100 גרם,false,1,6.90,1.73,true,1,
7290000060200,false,פתיתים אפויים קוסקוס אסם (500 גרם),קבוצת אסם סחר שות. מוגבלת,,,יח`,5,100 גרם,false,1,7.70,1.54,true,1,
7290000060217,false,פסטה מקרוני מספר 7 אסם (500 גרם),קבוצת אסם סחר שות. מוגבלת,,,יח`,5,100 גרם,false,1,6.10,1.22,true,1,
7290000060408,false,פתיתים אפויים טבעות אסם (500 גרם),קבוצת אסם סחר שות. מוגבלת,,,יח`,5,100 גרם,false,1,7.70,1.54,true,1,
7290000060576,false,פתיתים אפויים כוכבים אסם (500 גרם),קבוצת אסם סחר שות. מוגבלת,,,יח`,5,100 גרם,false,1,7.70,1.54,true,1,
7290000060781,false,פסטה מסולסלים אסם (500 גרם),קבוצת אסם סחר שות. מוגבלת,,,יח`,5,100 גרם,false,1,5.90,1.18,true,1,
7290000060828,false,פסטה קרניים בינוניות אסם (500 גרם),קבוצת אסם סחר שות. מוגבלת,,,יח`,5,100 גרם,false,1,5.90,1.18,true,1,
7290000060842,false,פסטה צדפים גדולים אסם (500 גרם),קבוצת אסם סחר שות. מוגבלת,,,יח`,5,100 גרם,false,1,5.90,1.18,true,1,
7290000060880,false,ספגטי אסם (500 גרם),קבוצת אסם סחר שות. מוגבלת,,,יח`,5,100 גרם,false,1,5.90,1.18,true,1,
7290000060903,false,פתיתים אפויים אורז אסם (500 גרם),קבוצת אסם סחר שות. מוגבלת,,,יח`,5,100 גרם,false,1,7.70,1.54,true,1,
7290000060958,false,אטריות מובחרות בינוניות אסם (400 גרם),קבוצת אסם סחר שות. מוגבלת,,,יח`,4,100 גרם,false,1,8.50,2.13,true,1,
7290000061061,false,קרקר בצל אסם (250 גרם),קבוצת אסם סחר שות. מוגבלת,,,יח`,2.50,100 גרם,false,1,11.90,4.76,true,1,
7290000061214,false,פתיתים אפויים 500 גר` קוסקוס+בצל אסם,קבוצת אסם סחר שות. מוגבלת,,,יח`,5,100 גרם,false,1,7.70,1.54,true,1,
7290000063102,false,קמח תופח אסם (350 גרם),קבוצת אסם סחר שות. מוגבלת,,,יח`,3.50,100 גרם,false,1,5.30,1.51,false,1,
7290000063140,false,שקדי מרק אסם (400 גרם),קבוצת אסם סחר שות. מוגבלת,,,יח`,4,100 גרם,false,1,11.90,2.98,false,1,
7290000063157,false,קמח תופח אסם (1 קג),קבוצת אסם סחר שות. מוגבלת,,,יח`,1,"ק""ג",false,1,9.50,9.50,false,1,
7290000065090,false,מיני קרוטונים למרק וסלט,קבוצת אסם סחר שות. מוגבלת,,,יח`,4,100 גרם,false,1,27.50,6.88,false,1,
7290000065335,false,מנה חמה פירה עם ירקות אסם (55 גרם),קבוצת אסם סחר שות. מוגבלת,,,יח`,0.55,100 גרם,false,1,7.50,13.64,true,1,
7290000065540,false,מנה חמה פסטה מוקרמת,קבוצת אסם סחר שות. מוגבלת,,,יח`,0.55,100 גרם,false,1,7.50,13.64,true,1,
7290000065557,false,מנה חמה קוסקוס עם ירקות אסם (84 גרם),קבוצת אסם סחר שות. מוגבלת,,,יח`,0.62,100 גרם,false,1,7.50,12.10,true,1,
7290000066141,false,ביסלי חטיף בטעם גריל אסם (70 גרם),קבוצת אסם סחר שות. מוגבלת,,,יח`,0.70,100 גרם,false,1,4,5.71,true,1,
7290000066165,false,ביסלי חטיף בטעם ברביקיו אסם (67 גרם),קבוצת אסם סחר שות. מוגבלת,,,יח`,0.67,100 גרם,false,1,4,5.97,false,1,
7290000066172,false,ביסלי חטיף בטעם פיצה אסם (70 גרם),קבוצת אסם סחר שות. מוגבלת,,,יח`,0.70,100 גרם,false,1,4,5.71,true,1,
7290000066196,false,ביסלי חטיף בטעם גריל אסם (200 גרם),קבוצת אסם סחר שות. מוגבלת,,,יח`,2,100 גרם,false,1,9.10,4.55,true,1,
7290000066264,false,דובונים חטיף תפוחי אדמה אסם (40 גרם),קבוצת אסם סחר שות. מוגבלת,,,יח`,0.40,100 גרם,false,1,5.80,14.50,true,1,
7290000066318,false,במבה אסם (80 גרם),קבוצת אסם סחר שות. מוגבלת,,,יח`,0.80,100 גרם,false,1,4.40,5.50,true,1,
7290000066332,false,אפרופו חטיף תירס אסם (50 גרם),קבוצת אסם סחר שות. מוגבלת,,,יח`,0.50,100 גרם,false,1,5.50,11,true,1,
7290000066431,false,חטיף פופקו חמאה ודבש אסם (80 גרם),קבוצת אסם סחר שות. מוגבלת,,,יח`,0.80,100 גרם,false,1,5.50,6.88,true,1,
7290000067544,false,פירורית זהב אסם (200 גרם),קבוצת אסם סחר שות. מוגבלת,,,יח`,2,100 גרם,false,1,7.10,3.55,false,1,
7290000067599,false,מנה חמה ספגטי בולונז אסם (65 גרם),קבוצת אסם סחר שות. מוגבלת,,,יח`,0.65,100 גרם,false,1,7.50,11.54,true,1,
7290000068138,false,פודינג בטעם וניל 80 גר`אסם,קבוצת אסם סחר שות. מוגבלת,,,יח`,0.80,100 גרם,false,1,6.50,8.13,false,1,
7290000068190,false,אבקה להכנת ג`לי בטעם תות אסם (90 גרם),קבוצת אסם סחר שות. מוגבלת,,,יח`,0.90,100 גרם,false,1,7.80,8.67,false,1,
7290000068701,false,שקדי מרק במיכל,קבוצת אסם סחר שות. מוגבלת,,,יח`,4,100 גרם,false,1,18.50,4.63,false,1,
7290000069609,false,חטיפי קרקר בטעם זעתר אסם (300 גרם),קבוצת אסם סחר שות. מוגבלת,,,יח`,3,100 גרם,false,1,13.20,4.40,true,1,
7290000069715,false,חטיפי קרקר מלוח אסם (300 גרם),קבוצת אסם סחר שות. מוגבלת,,,יח`,3,100 גרם,false,1,13.20,4.40,true,1,
7290000070308,false,מרק עוף אמיתי בשרי אסם (400 גרם),קבוצת אסם סחר שות. מוגבלת,,,יח`,4,100 גרם,false,1,22.90,5.73,false,1,
7290000072067,false,במבה במילוי קרם חלבה אסם (60 גרם),קבוצת אסם סחר שות. מוגבלת,,,יח`,0.60,100 גרם,false,1,4.80,8,true,1,
7290000072241,false,רוטב פיצה אסם (290 מל),קבוצת אסם סחר שות. מוגבלת,,,יח`,2.90,"100 מ""ל",false,1,13.20,4.55,true,1,
7290000072623,false,קטשופ אסם (750 גרם),קבוצת אסם סחר שות. מוגבלת,,,יח`,7.50,100 גרם,false,1,11.90,1.59,true,1,
7290000072753,false,קפה טייסטרס צ`ויס נסקפה (200 גרם),קבוצת אסם סחר שות. מוגבלת,,,יח`,2,100 גרם,false,1,31.90,15.95,false,1,
7290000072777,false,טייסטר צ ויס נטול 200 גר,קבוצת אסם סחר שות. מוגבלת,,,יח`,2,100 גרם,false,1,37.90,18.95,false,1,
7290000072968,false,סיני מיניס בטעם קינמון נסטלה (500 גרם),קבוצת אסם סחר שות. מוגבלת,,,יח`,3.75,100 גרם,false,1,24.90,6.64,true,1,
7290000073415,false,מנה חמה פסטה ברוטב פיצה אסם (61 גרם),קבוצת אסם סחר שות. מוגבלת,,,יח`,0.61,100 גרם,false,1,7.50,12.30,true,1,
7290000073699,false,צבר חומוס 150 גר`,קבוצת אסם סחר שות. מוגבלת,,,יח`,1.50,100 גרם,false,1,5.50,3.67,false,1,
7290000073750,false,מנה חמה נודלס בטעם עוף אסם (70 גרם),קבוצת אסם סחר שות. מוגבלת,,,יח`,0.70,100 גרם,false,1,7.90,11.29,true,1,
7290000073767,false,מנה חמה נודלס בטעם בקר אסם (70 גרם),קבוצת אסם סחר שות. מוגבלת,,,יח`,0.70,100 גרם,false,1,8.50,12.14,true,1,
7290000073774,false,מנה חמה נודלס בטעם פיקנטי אסם (70 גרם),קבוצת אסם סחר שות. מוגבלת,,,יח`,0.76,100 גרם,false,1,7.90,10.39,true,1,
7290000074153,false,ביסקוויט פתי בר שוקולד אסם (500 גרם),קבוצת אסם סחר שות. מוגבלת,,,יח`,5,100 גרם,false,1,12.90,2.58,false,1,
7290000074184,false,ביסקוויט פתי בר אסם (500 גרם),קבוצת אסם סחר שות. מוגבלת,,,יח`,5,100 גרם,false,1,12.90,2.58,true,1,
7290000074245,false,קרם קרקר אסם (250 גרם),קבוצת אסם סחר שות. מוגבלת,,,יח`,2.50,100 גרם,false,1,11.20,4.48,true,1,
7290000074276,false,קרקר פיקנטי אסם (250 גרם),קבוצת אסם סחר שות. מוגבלת,,,יח`,2.50,100 גרם,false,1,10.90,4.36,true,1,
7290000074375,false,קרקר זהב אסם (150 גרם),קבוצת אסם סחר שות. מוגבלת,,,יח`,1.50,100 גרם,false,1,7.90,5.27,true,1,
7290000075204,false,קרקר לחמית חיטה מלאה אסם (250 גרם),קבוצת אסם סחר שות. מוגבלת,,,יח`,2.50,100 גרם,false,1,9.90,3.96,true,1,
7290000076133,false,בייגלה שמיניות עם מלח אסם (400 גרם),קבוצת אסם סחר שות. מוגבלת,,,יח`,4,100 גרם,false,1,10.10,2.53,true,1,
7290000076645,false,טוסטעים חיטה מלאה אסם (100 גרם),קבוצת אסם סחר שות. מוגבלת,,,יח`,1,100 גרם,false,1,10.90,10.90,false,1,
7290000077253,false,קרקר לחמית כפרית אסם (190 גרם),קבוצת אסם סחר שות. מוגבלת,,,יח`,1.90,100 גרם,false,1,12.20,6.42,true,1,
7290000078212,false,קרוטונים מתובלים למרק אסם (250 גרם),קבוצת אסם סחר שות. מוגבלת,,,יח`,2.50,100 גרם,false,1,17.30,6.92,false,1,
7290000078762,false,פריכונים בדבש מאורז מלא אסם (80 גרם),קבוצת אסם סחר שות. מוגבלת,,,יח`,0.80,100 גרם,false,1,7.90,9.88,true,1,
7290000079233,false,קרם קרקר דל נתרן אסם (250 גרם),קבוצת אסם סחר שות. מוגבלת,,,יח`,2.50,100 גרם,false,1,11.90,4.76,true,1,
7290000080765,false,פת קלויה טוסטעים עם שומשום אסם (100 גרם),קבוצת אסם סחר שות. מוגבלת,,,יח`,1,100 גרם,false,1,10.90,10.90,false,1,
7290000100128,false,פירות קפואים תות 300 גר`סנפרוסט,תנובה קפואים,,,יח`,3,100 גרם,false,1,16.90,5.63,true,1,
7290000100135,false,פירות קפואים דובדבן 300 גר`סנפרוסט,תנובה קפואים,,,יח`,3,100 גרם,false,1,16.90,5.63,true,1,
7290000101927,false,אוכמניות כחולות מקופאים 300 גר סנפרוסט,תנובה קפואים,,,יח`,3,100 גרם,false,1,16.90,5.63,true,1,
7290000101934,false,מיקס פירות יער מוקפאים 300 גר סנפרוסט,תנובה קפואים,,,יח`,3,100 גרם,false,1,16.90,5.63,true,1,
7290000101941,false,אננס חתוך מוקפא סנפרוסט (300 גרם),תנובה קפואים,,,יח`,3,100 גרם,false,1,16.90,5.63,true,1,
7290000101958,false,מנגו חתוך מוקפא סנפרוסט (300 גרם),תנובה קפואים,,,יח`,3,100 גרם,false,1,16.90,5.63,true,1,
7290000104201,false,אפונה עדינה מוקפאת סנפרוסט (600 גרם),תנובה קפואים,,,יח`,6,100 גרם,false,1,20.90,3.48,true,1,
7290000104218,false,במיה 600 גר`סנפרוסט,תנובה קפואים,,,יח`,6,100 גרם,false,1,19.30,3.22,true,1,
7290000104676,false,אפונה 800 גר`סנפרוסט,תנובה קפואים,,,יח`,8,100 גרם,false,1,18.90,2.36,true,1,
7290000104683,false,שעועית ירוקה שלמה סנפרוסט (800 גרם),תנובה קפואים,,,יח`,8,100 גרם,false,1,22.90,2.86,true,1,
7290000104690,false,גרעיני תירס מוקפאים סנפרוסט (800 גרם),תנובה קפואים,,,יח`,8,100 גרם,false,1,18.90,2.36,true,1,
7290000104713,false,פול ירוק 800 גר`סנפרוסט,תנובה קפואים,,,יח`,8,100 גרם,false,1,27.50,3.44,true,1,
7290000104720,false,שעועית ירוקה חתוכה סנפרוסט (800 גרם),תנובה קפואים,,,יח`,8,100 גרם,false,1,20.90,2.61,true,1,
7290000104744,false,כרובית מוקפאת סנפרוסט (800 גרם),תנובה קפואים,,,יח`,8,100 גרם,false,1,27.60,3.45,true,1,
7290000104799,false,שעועית לבנה מבושלת סנפרוסט (800 גרם),תנובה קפואים,,,יח`,8,100 גרם,false,1,20.90,2.61,true,1,
7290000104805,false,גרגרי חומוס מבושלים סנפרוסט (800 גרם),תנובה קפואים,,,יח`,8,100 גרם,false,1,20.90,2.61,true,1,
7290000104836,false,שעועית עדינה שלמה סנפרוסט (600 גרם),תנובה קפואים,,,יח`,6,100 גרם,false,1,24.90,4.15,true,1,
7290000104881,false,לקט אפונה וגזר מוקפאים סנפרוסט (800 גרם),תנובה קפואים,,,יח`,8,100 גרם,false,1,17.90,2.24,true,1,
7290000107165,false,חטיף סויה אדממה סנפרוסט (400 גרם),תנובה קפואים,,,יח`,4,100 גרם,false,1,15.30,3.83,true,1,
7290000107295,false,ברוקולי סנפרוסט (800 גרם),תנובה קפואים,,,יח`,8,100 גרם,false,1,26.90,3.36,true,1,
7290000111186,false,מיונז אמיתי תלמה (500 גרם),יוניליוור ישראל שיווק בעמ,,,יח`,5,100 גרם,false,1,10.90,2.18,false,1,
7290000112220,false,בארכה טחינה 100% שומשום,קבוצת אסם סחר שות. מוגבלת,,,יח`,5,100 גרם,false,1,14.90,2.98,true,1,
7290000112497,false,מרק עשיר עוף עם אטריות קנור (68 גרם),יוניליוור ישראל שיווק בעמ,,,יח`,0.75,100 גרם,false,1,10.90,14.53,true,1,
7290000112619,false,מרק עוף אמיתי בשרי קנור (400 גרם),יוניליוור ישראל שיווק בעמ,,,יח`,4,100 גרם,false,1,22.90,5.73,true,1,
7290000116884,false,רוטב ברביקיו קנור (300 מל),יוניליוור ישראל שיווק בעמ,,,יח`,3,"100 מ""ל",false,1,13.90,4.63,true,1,
7290000117171,false,נמס בכוס מרק עוף דל קל,יוניליוור ישראל שיווק בעמ,,,יח`,0.46,100 גרם,false,1,7.50,16.30,false,1,
7290000117720,false,מרק נמס בכוס פטריות קנור (21.5x2 גרם),יוניליוור ישראל שיווק בעמ,,,יח`,0.43,100 גרם,false,1,7.60,17.67,true,1,
7290000118277,false,אבקה לקניידלך קנור (2 יח`- 130 גרם),יוניליוור ישראל שיווק בעמ,,,יח`,1.30,100 גרם,false,1,13.90,10.69,true,1,
7290000120836,false,מיונז אמיתי הלמנס (394 גרם),יוניליוור ישראל שיווק בעמ,,,יח`,4.33,100 גרם,false,1,12.90,2.98,true,1,
7290000120874,false,מיונז לייט הלמנס (424 גרם),יוניליוור ישראל שיווק בעמ,,,יח`,4.76,100 גרם,false,1,12.90,2.71,true,1,
7290000121031,false,גבינה חתול 120ג,נטו מלינדה סחר בעמ,,,יח`,1.20,100 גרם,false,1,12.20,10.17,true,1,
7290000121093,false,מון בלאן שויצרית,נטו מלינדה סחר בעמ,,,יח`,1.20,100 גרם,false,1,12.40,10.33,true,1,
7290000129457,false,רוטב פטריות קנור (28 גרם),יוניליוור ישראל שיווק בעמ,,,יח`,0.28,100 גרם,false,1,5.40,19.29,true,1,
7290000134123,false,פלפל שחור טחון 40 גר`,תבליני טעם וריח בעמ,,,יח`,0.40,100 גרם,false,1,9.90,24.75,false,1,
7290000134307,false,קינמון טחון 50 גר`,תבליני טעם וריח בעמ,,,יח`,0.50,100 גרם,false,1,6.90,13.80,false,1,
7290000134338,false,שום אבקה 90 גר`,תבליני טעם וריח בעמ,,,יח`,0.90,100 גרם,false,1,9.90,11,true,1,
7290000134352,false,קינמון טחון 90 גר`,תבליני טעם וריח בעמ,,,יח`,0.90,100 גרם,false,1,9.90,11,true,1,
7290000134826,false,זעתר מעורב 100 גר`,תבליני טעם וריח בעמ,,,יח`,1,100 גרם,false,1,9.90,9.90,true,1,
7290000134864,false,פפריקה חריפה 100 גר`,תבליני טעם וריח בעמ,,,יח`,1,100 גרם,false,1,9.90,9.90,true,1,
7290000134871,false,פלפל שחור טחון 100 גר`,תבליני טעם וריח בעמ,,,יח`,1,100 גרם,false,1,14.90,14.90,true,1,
7290000134987,false,פלפל שחור גרוס 90 גר`,תבליני טעם וריח בעמ,,,יח`,0.90,100 גרם,false,1,13.90,15.44,true,1,
7290000134994,false,טימין 20 גר`,תבליני טעם וריח בעמ,,,יח`,0.20,100 גרם,false,1,6.90,34.50,false,1,
7290000135052,false,משקה אנרגיה מנגו אקסל (250 מל) TEN,טמפו משקאות בעמ,,,יח`,2.50,"100 מ""ל",false,1,4.90,1.84,true,1,
7290000135113,false,משקה אנרגיה אקסל נענע ליים ללס (250 מל,טמפו משקאות בעמ,,,יח`,2.50,"100 מ""ל",false,1,4.90,1.84,true,1,
7290000135311,false,פפסי מקס ליים 1.5 ליטר,טמפו משקאות בעמ,,,יח`,15,"100 מ""ל",false,1,8.90,0.57,true,1,
7290000136141,false,פפסי 1.5 ליטר,טמפו משקאות בעמ,,,יח`,1.50,1 ליטר,false,1,9.90,6.40,true,1,
7290000136158,false,פפסי מקס 1.5 ליטר,טמפו משקאות בעמ,,,יח`,1.50,1 ליטר,false,1,8.90,5.73,true,1,
7290000136165,false,מירנדה 1.5 ליטר,טמפו משקאות בעמ,,,יח`,1.50,1 ליטר,false,1,9.90,6.40,true,1,
7290000136172,false,סבן אפ 1.5 ליטר,טמפו משקאות בעמ,,,יח`,1.50,1 ליטר,false,1,9.90,6.40,true,1,
7290000136240,false,סודה טמפו 1.5 ליטר,טמפו משקאות בעמ,,,יח`,1.50,1 ליטר,false,1,3,1.80,false,1,
7290000136387,false,סודה אננס 1.5 ליטר,טמפו משקאות בעמ,,,יח`,15,"100 מ""ל",false,1,3,0.18,false,1,
7290000136455,false,ג`אמפ בטעם אשכוליות 1.5 ליטר,טמפו משקאות בעמ,,,יח`,1.50,1 ליטר,false,1,7.50,4.80,true,1,
7290000136646,false,בירה שחורה נשר מאלט (1.5 ליטר),טמפו משקאות בעמ,,,יח`,1.50,1 ליטר,false,1,9.90,6.40,true,1,
7290000136653,false,בירה שחורה דיאט נשר מאלט (1.5 ליטר),טמפו משקאות בעמ,,,יח`,15,"100 מ""ל",false,1,9.90,0.64,false,1,
7290000136691,false,סבן אפ 1.5 ליטר שישייה,טמפו משקאות בעמ,,,יח`,9,1 ליטר,false,1,42.30,4.50,false,1,
7290000136790,false,סודה טמפו 1.5 ליטר שישייה,טמפו משקאות בעמ,,,יח`,9,1 ליטר,false,1,18.90,1.90,true,1,
7290000136820,false,סודה בטעם פירות יער 1.5 ליטר רביעייה טמפ,טמפו משקאות בעמ,,,יח`,6,1 ליטר,false,1,12.90,1.95,false,1,
7290000144467,false,שמן חמניות מזוכך עץ הזית (1 ליטר),סוגת תעשיות בעמ,,,יח`,1,1 ליטר,false,1,17.90,17.90,true,1,
7290000144474,false,שמן קנולה מזוכך עץ הזית (1 ליטר),סוגת תעשיות בעמ,,,יח`,1,1 ליטר,false,1,16.90,16.90,true,1,
7290000168173,false,ברנפלקס קרנצ`ים 375 גר`בדצ,יוניליוור ישראל שיווק בעמ,,,יח`,3.75,100 גרם,false,1,23.90,6.37,true,1,
7290000169798,false,עוגי מופחת סוכר 500גר,יוניליוור ישראל שיווק בעמ,,,יח`,5,100 גרם,false,1,22.90,4.58,true,1,
7290000174723,false,שוקולית אבקת שוקו עלית (500 גרם),שטראוס גרופ בעמ,,,יח`,5,100 גרם,false,1,13.90,2.78,false,1,
7290000176062,false,קפה טורקי עלית (100 גרם),שטראוס גרופ בעמ,,,יח`,1,100 גרם,false,1,9.10,9.10,false,1,
7290000176413,false,נס קפה קטן פח,שטראוס גרופ בעמ,,,יח`,0.50,100 גרם,false,1,10.50,21,false,1,
7290000176420,false,קפה נמס עלית (200 גרם),שטראוס גרופ בעמ,,,יח`,2,100 גרם,false,1,20.90,10.45,false,1,
7290000178707,false,חטיף צ`יפס בטעם טבעי תפוצ`יפס (50 גרם),שטראוס פריטו ליי בעמ,,,יח`,0.50,100 גרם,false,1,4.40,8.80,false,1,
7290000188355,false,מגבת נייר ניקול) (6,קימברלי קלארק ישראל שיווק בעמ,,,יח`,1,,false,1,12.90,12.90,false,1,
7290000189871,false,שקיות אשפה לפח עם שרוך 64x52 ניקול) (55,קימברלי קלארק ישראל שיווק בעמ,,,יח`,1,,false,1,22.90,22.90,true,1,
7290000190198,false,מטליות לניקוי וחיטוי ניקול,קימברלי קלארק ישראל שיווק בעמ,,,יח`,1,,false,1,12.90,12.90,true,1,
7290000190853,false,נייר טואלט 30 גלילים לילי לבן,קימברלי קלארק ישראל שיווק בעמ,,,יח`,23,100 גרם,false,1,42.90,1.87,false,1,
7290000191225,false,חיתולי ליטל בייביס שלב 2 האגיס) (44,קימברלי קלארק ישראל שיווק בעמ,,,יח`,1,,false,1,35.60,35.60,false,1,
7290000195537,false,מגבוני האגיס דיילי קר ללא בישום 4*64,קימברלי קלארק ישראל שיווק בעמ,,,יח`,1,,false,1,21.90,21.90,false,1,
7290000195773,false,מגבוני האגיס סנסיטיב קייר ללא בישום 4*64,קימברלי קלארק ישראל שיווק בעמ,,,יח`,1,,false,1,21.90,21.90,false,1,
7290000197012,false,שקית ריצ`רץ`למזון ניקול) (15,קימברלי קלארק ישראל שיווק בעמ,,,יח`,15,יח`,false,1,15.90,1.06,false,1,
7290000197029,false,שקיות ריצ`רץ`רב תכליתיות ניקול) (12,קימברלי קלארק ישראל שיווק בעמ,,,יח`,12,יח`,false,1,15.90,1.33,false,1,
7290000197425,false,חיתולי פרידום דריי שלב 3 האגיס) (52,קימברלי קלארק ישראל שיווק בעמ,,,יח`,1,,false,1,44.90,44.90,true,1,
7290000197456,false,חיתולי פרידום דריי שלב 4 האגיס) (44,קימברלי קלארק ישראל שיווק בעמ,,,יח`,1,,false,1,44.90,44.90,true,1,
7290000197548,false,חיתולי פרידום דריי שלב 5 האגיס) (36,קימברלי קלארק ישראל שיווק בעמ,,,יח`,1,,false,1,44.90,44.90,true,1,
7290000204512,false,מטליות לחות לרצפה בריח לימון 10 יח,קימברלי קלארק ישראל שיווק בעמ,,,יח`,1,,false,1,15.90,15.90,true,1,
7290000208077,false,אפונת גינה גדולה יכין (550 גרם),זנלכל בעמ,,,יח`,5.50,100 גרם,false,1,8.50,1.55,true,1,
7290000208114,false,אפונת גינה וגזר יכין (550 גרם),זנלכל בעמ,,,יח`,5.50,100 גרם,false,1,8.50,1.55,true,1,
7290000208145,false,תירס לייט יכין (550 גרם),זנלכל בעמ,,,יח`,5.50,100 גרם,false,1,10.90,1.98,false,1,
7290000208213,false,שעועית לבנה ברוטב עגבניות יכין (580 גרם),זנלכל בעמ,,,יח`,5.80,100 גרם,false,1,9.50,1.64,true,1,
7290000208329,false,גרעיני תירס מתוק יכין (550 גרם),זנלכל בעמ,,,יח`,5.50,100 גרם,false,1,9.50,1.73,true,1,
7290000208428,false,חומוס שלם יכין (550 גרם),זנלכל בעמ,,,יח`,5.50,100 גרם,false,1,9.50,1.73,true,1,
7290000208893,false,תירס לייט יכין (400 גרם),זנלכל בעמ,,,יח`,3.40,100 גרם,false,1,7.50,2.21,true,1,
7290000211169,false,אורז בסגנון תאילנדי סוגת (1 קג),סוגת תעשיות בעמ,,,יח`,1,"ק""ג",false,1,7.90,7.90,true,1,
7290000211442,false,אורז בסגנון פרסי קלאסי סוגת (1 קג),סוגת תעשיות בעמ,,,יח`,1,"ק""ג",false,1,9.90,9.90,false,1,
7290000211503,false,סוכר לבן סוגת (1 קג),סוגת תעשיות בעמ,,,יח`,1,"ק""ג",false,1,4.40,4.40,false,1,
7290000211985,false,אורז ריזוטו עגול סוגת (1 קג),סוגת תעשיות בעמ,,,יח`,1,"ק""ג",false,1,9.90,9.90,false,1,
7290000238029,false,בצק עלים מרודד מעדנות (1 קג),תנובה קפואים,,,יח`,10,100 גרם,false,1,23.90,2.39,false,1,
7290000238036,false,מלווח מעדנות (6 יח`- 700 גרם),תנובה קפואים,,,יח`,7,100 גרם,false,1,17.90,2.56,false,1,
7290000238173,false,בורקס גבינה מעדנות,תנובה קפואים,,,יח`,8,100 גרם,false,1,21.90,2.74,false,1,
7290000238180,false,בורקס תפוא מעדנות,תנובה קפואים,,,יח`,8,100 גרם,false,1,22.90,2.86,false,1,
7290000253220,false,שוקולדצ`יפס לאפייה 260 גר`אופנהיימר,תה ויסוצקי (ישראל) בעמ,,,יח`,2.60,100 גרם,false,1,12.90,4.96,false,1,
7290000272696,false,מיץ לימון משומר עסיס (1 ליטר),קבוצת אסם סחר שות. מוגבלת,,,יח`,1,1 ליטר,false,1,10.10,10.10,false,1,
7290000272726,false,חומץ 5% עסיס (1 ליטר),קבוצת אסם סחר שות. מוגבלת,,,יח`,1,1 ליטר,false,1,7.90,7.90,false,1,
7290000286228,false,כרית יפנית סנו סושי) (6,החברה הדרומית לשיווק בעמ,,,יח`,6,יח`,false,1,12.90,2.15,true,1,
7290000286549,false,מטלית לכל סנו סושי) (9,החברה הדרומית לשיווק בעמ,,,יח`,9,יח`,false,1,12.90,1.43,true,1,
7290000286761,false,ניילון נצמד סנו סושי (30x2 מטר),החברה הדרומית לשיווק בעמ,,,יח`,1,,false,1,11.90,11.90,true,1,
7290000287430,false,סנובון לאסלה לימון סנו (55x3 גרם),החברה הדרומית לשיווק בעמ,,,יח`,1.65,100 גרם,false,1,12.90,7.82,true,1,
7290000288017,false,אקונומיקה ז`אוול לימון סנו (1 ליטר),החברה הדרומית לשיווק בעמ,,,יח`,1,1 ליטר,false,1,9.90,9.90,false,1,
7290000288024,false,אקונומיקה ז`אוול לימון סנו (4 ליטר),החברה הדרומית לשיווק בעמ,,,יח`,40,"100 מ""ל",false,1,18.90,0.47,false,1,
7290000288048,false,ז`אוול מרסס לניקוי כללי לבנדר סנו (1 ליט,החברה הדרומית לשיווק בעמ,,,יח`,1,1 ליטר,false,1,18.90,18.90,true,1,
7290000288079,false,לימון 2 ליטר JAVEL אקונומיקה,החברה הדרומית לשיווק בעמ,,,יח`,2,1 ליטר,false,1,11.90,5.95,true,1,
7290000289069,false,סנו ז`אוול מרסס 1 ליטר,החברה הדרומית לשיווק בעמ,,,יח`,1,1 ליטר,false,1,18.90,18.90,true,1,
7290000289380,false,ז`אוול מונטבלאן ג`ל לאסלות סנו (750 מל),החברה הדרומית לשיווק בעמ,,,יח`,7.50,"100 מ""ל",false,1,11.90,1.59,false,1,
7290000291963,false,אקונומיקה ז`אוול סמיכה סנו (1 ליטר),החברה הדרומית לשיווק בעמ,,,יח`,1,1 ליטר,false,1,9.90,9.90,false,1,
7290000292564,false,קוטל חרקים K2000 ללא ריח סנו (750 מל),החברה הדרומית לשיווק בעמ,,,יח`,7.50,"100 מ""ל",false,1,30.90,4.12,true,1,
7290000292687,false,סנובון לאסלה קלאסיק כחול סנו (55x3 גרם),החברה הדרומית לשיווק בעמ,,,יח`,1.65,100 גרם,false,1,17.90,10.85,true,1,
7290000293943,false,אנטי קלאק מרסס ברזים/כיורים,החברה הדרומית לשיווק בעמ,,,יח`,1,1 ליטר,false,1,20.90,20.90,true,1,
7290000294780,false,אקונומיקה ז`אוול סמיכה סנו (4 ליטר),החברה הדרומית לשיווק בעמ,,,יח`,40,"100 מ""ל",false,1,18.90,0.47,false,1,
7290000295503,false,שקיות סנדביצ`ים סנו סושי) (150x2,החברה הדרומית לשיווק בעמ,,,יח`,1,,false,1,14.90,14.90,false,1,
7290000295541,false,רב מגבת ג`מבו סנו סושי,החברה הדרומית לשיווק בעמ,,,יח`,3.90,100 גרם,false,1,20.90,5.36,true,1,
7290000295558,false,סושי רדיד אלומיניום צמד,החברה הדרומית לשיווק בעמ,,,יח`,1,,false,1,12.90,12.90,true,1,
7290000295565,false,סנו סושי- רדיד אלומיניום צמד 7.5*45,החברה הדרומית לשיווק בעמ,,,יח`,1,,false,1,18.90,18.90,true,1,
7290000295794,false,ספוגיות אל חלד סנו) (3,החברה הדרומית לשיווק בעמ,,,יח`,1,,false,1,10.90,10.90,true,1,
7290000300900,false,טבעול-שניצל תירס 750 גרם,קבוצת אסם סחר שות. מוגבלת,,,יח`,7.50,100 גרם,false,1,27.90,3.72,true,1,
7290000313160,false,חברים זהבה 3 דובים שוקו,קבוצת אסם סחר שות. מוגבלת,,,יח`,2.50,100 גרם,false,1,8.90,3.56,false,1,
7290000313290,false,נודלס אטריות מסולסלות אסם (50x4 גרם),קבוצת אסם סחר שות. מוגבלת,,,יח`,2,100 גרם,false,1,9.90,4.95,false,1,
7290000315133,false,ציר בקר קנור (300 גרם),יוניליוור ישראל שיווק בעמ,,,יח`,3,100 גרם,false,1,27.50,9.17,true,1,
7290000315140,false,קורנפלקס מלא בדצ 500 גר`,יוניליוור ישראל שיווק בעמ,,,יח`,5,100 גרם,false,1,16.30,3.26,true,1,
7290000318127,false,נקניקיות ביס יחיעם (380 גרם),מעדני יחיעם (1993) בעמ,,,יח`,3.80,100 גרם,false,1,11.20,2.95,false,1,
7290000318677,false,סלמי סרוולט יחיעם 150 גר`,מעדני יחיעם (1993) בעמ,,,יח`,1.50,100 גרם,false,1,25.40,16.93,false,1,
7290000319063,false,כתף בקר מפולפל 150 גר`יחיעם,מעדני יחיעם (1993) בעמ,,,יח`,1.50,100 גרם,false,1,25.40,16.93,false,1,
7290000319803,false,קבנוס קלאסי יחיעם (125 גרם),מעדני יחיעם (1993) בעמ,,,יח`,1.25,100 גרם,false,1,13.90,11.12,false,1,
7290000319834,false,קבנוס פפרוני יחיעם (125 גרם),מעדני יחיעם (1993) בעמ,,,יח`,1.25,100 גרם,false,1,13.90,11.12,false,1,
7290000345260,false,תה קלאסיק ויסוצקי) (25,תה ויסוצקי (ישראל) בעמ,,,יח`,0.3750,100 גרם,false,1,8,21.33,false,1,
7290000345291,false,תה ארל גריי ויסוצקי) (25,תה ויסוצקי (ישראל) בעמ,,,יח`,0.3750,100 גרם,false,1,17.30,46.13,true,1,
7290000346120,false,תה קסם הקינמון ויסוצקי הגן הקסום) (25,תה ויסוצקי (ישראל) בעמ,,,יח`,0.6250,100 גרם,false,1,17.90,28.64,true,1,
7290000346199,false,תה פירות היער ויסוצקי הגן הקסום) (25,תה ויסוצקי (ישראל) בעמ,,,יח`,0.6750,100 גרם,false,1,17.90,26.52,true,1,
7290000346205,false,תה קמומיל ויסוצקי הגן הקסום) (25,תה ויסוצקי (ישראל) בעמ,,,יח`,0.3750,100 גרם,false,1,17.90,47.73,true,1,
7290000347752,false,תה ירוק לימונית ולואיזה ויסוצקי) (25,תה ויסוצקי (ישראל) בעמ,,,יח`,1,,false,1,27.90,27.90,true,1,
7290000363899,false,נקניקיות פיקנטיות 400 גר`טירת צבי,תנובה קפואים,,,יח`,4,100 גרם,false,1,15.20,3.80,true,1,
7290000364261,false,סלסולי כתף בקר 120 גר`טירת צבי,תנובה קפואים,,,יח`,1.20,100 גרם,false,1,16.90,14.08,true,1,
7290000364858,false,נקניקיות עוף טירת צבי (1 קג),תנובה קפואים,,,יח`,1,"ק""ג",false,1,25.90,25.90,true,1,
7290000364872,false,נקניקיות עוף טירת צבי (400 גרם),תנובה קפואים,,,יח`,4,100 גרם,false,1,15.20,3.80,true,1,
7290000369341,false,לבנה אבו גוש במשקל,הגבינות של ניצן,,,"ק""ג",10,100 גרם,true,1,50,5,false,1,
7290000379432,false,לחמניה אנג`ל,שלמה א. אנג`ל בעמ,,,יח`,0.75,100 גרם,false,1,2.10,2.80,false,1,
7290000408316,false,יוגורט ביו 3% דנונה (200 גרם),שטראוס גרופ בעמ/מצונן,,,יח`,2,"100 מ""ל",false,1,3.60,1.80,false,1,
7290000408354,false,דנונה בר פיצפוצים,שטראוס גרופ בעמ/מצונן,,,יח`,1.73,"100 מ""ל",false,1,4.60,2.66,false,1,
7290000416021,false,ממרח בטעם שוקולד השחר העולה (500 גרם),השחר העולה תעשית ממתקים בעמ,,,יח`,5,100 גרם,false,1,14.50,2.90,true,1,
7290000416632,false,ממרח פרווה 1 קג` השחר,השחר העולה תעשית ממתקים בעמ,,,יח`,1,"ק""ג",false,1,25.90,25.90,true,1,
7290000420332,false,פופקורן פופסטאר חמישייה חמאה,דנשר (1963) בעמ,,,יח`,5,100 גרם,false,1,18.50,3.70,true,1,
7290000450209,false,נתחי טונה בהירה בשמן פוסידון (108 גרם),נטו מלינדה סחר בעמ,,,יח`,1.08,100 גרם,false,1,7,6.48,false,1,
7290000461625,false,בייגלה שמונה שמונה 400 גר`,יוניליוור ישראל שיווק בעמ,,,יח`,4,100 גרם,false,1,11.50,2.88,true,1,
7290000461656,false,בייגלה אחד אחד 400 גר`,יוניליוור ישראל שיווק בעמ,,,יח`,4,100 גרם,false,1,11.50,2.88,true,1,
7290000461724,false,גדול גדול שומשום,יוניליוור ישראל שיווק בעמ,,,יח`,4,100 גרם,false,1,15.20,3.80,true,1,
7290000462141,false,סחוג תימני,שטראוס גרופ בעמ/מצונן,,,יח`,1.50,100 גרם,false,1,8.90,5.93,false,1,
7290000462172,false,סחוג זחוק ירוק תימני חריף זהבי (150 גרם),שטראוס גרופ בעמ/מצונן,,,יח`,1.40,100 גרם,false,1,9.10,6.50,false,1,
7290000467153,false,חומוס צבר סמיר הגדול,קבוצת אסם סחר שות. מוגבלת,,,יח`,4,100 גרם,false,1,15.20,3.80,false,1,
7290000474090,false,חלב 1% בקרטון טרה (1 ליטר)פ,החב` המרכזית - טרה,,,יח`,1,1 ליטר,false,1,5.86,5.86,false,1,
7290000474502,false,גבינה לבנה 5% 250 גר`פיקוח,החב` המרכזית - טרה,,,יח`,2.50,100 גרם,false,1,4.98,1.99,false,1,
7290000474540,false,גבינת טוב טעם,החב` המרכזית - טרה,,,יח`,2.50,100 גרם,false,1,12.20,4.88,false,1,
7290000480107,false,שיבולת שועל קוואקר (500 גרם),שטראוס פריטו ליי בעמ,,,יח`,5,100 גרם,false,1,13.90,2.78,false,1,
7290000481029,false,10 פיתות בטעם ביתי דגנית עין בר,דגנית עין בר תעשיות מזון ואפיה,,,יח`,10,100 גרם,false,1,9.90,0.99,false,1,
7290000481074,false,לחם טריו 750 גר`דגנית עין בר,דגנית עין בר תעשיות מזון ואפיה,,,יח`,7.50,100 גרם,false,1,15.90,2.12,false,1,
7290000481531,false,לחמניות חיטה מלאה דגנית עין בר) (10,דגנית עין בר תעשיות מזון ואפיה,,,יח`,7.50,100 גרם,false,1,12.90,1.72,false,1,
7290000481883,false,לחמניות אצבע דגנית עין בר) (10,דגנית עין בר תעשיות מזון ואפיה,,,יח`,7.50,100 גרם,false,1,12.90,1.72,false,1,
7290000484716,false,אלוף הארק 50% 700 מל,יקב הגליל שיווק בעמ,,,יח`,7,"100 מ""ל",false,1,71.50,10.17,false,1,
7290000484747,false,עלית הארק יקב הגליל (700 מל),יקב הגליל שיווק בעמ,,,יח`,7,"100 מ""ל",false,1,59.90,8.51,false,1,
7290000490397,false,קרמבו מנבו 20 יח`וניל,פלקו בעמ,,,יח`,1,,false,1,33.90,33.90,false,1,
7290000490601,false,מאגדת מצופה דיאט שמינייה,פלקו בעמ,,,יח`,4,100 גרם,false,1,31.90,7.98,false,1,
7290000490625,false,מאגדת שלגונים ציפוי שוקו 8יח,פלקו בעמ,,,יח`,1,,false,1,26.50,26.50,false,1,
7290000490762,false,מאגדת מצופה דיאט שמינייה,פלקו בעמ,,,יח`,4,100 גרם,false,1,30.90,7.73,false,1,
7290000497044,false,לחם אקטיב ברמן (750 גרם),י.את א. ברמן בעמ,,,יח`,7.50,100 גרם,false,1,15.90,2.12,false,1,
7290000497112,false,לחם אחיד כהה פרוס ברמן (750 גרם)פי,י.את א. ברמן בעמ,,,יח`,7.50,100 גרם,false,1,6.90,0.92,false,1,
7290000497198,false,פיתות אסלי ברמן) (10,י.את א. ברמן בעמ,,,יח`,10,100 גרם,false,1,10.90,1.09,false,1,
7290000497228,false,לחמניות שישייה,י.את א. ברמן בעמ,,,יח`,4.50,100 גרם,false,1,10.90,2.42,false,1,
7290000497358,false,חלומית חלה מתוקה קלועה ברמן (500 גרם),י.את א. ברמן בעמ,,,יח`,5,100 גרם,false,1,12.90,2.58,false,1,
7290000497426,false,לחם לענין פלוס ברמן,י.את א. ברמן בעמ,,,יח`,7.50,100 גרם,false,1,14.60,1.95,false,1,
7290000497532,false,לחם ברמן לעניין פרוס ברמן (750 גרם),י.את א. ברמן בעמ,,,יח`,7.50,100 גרם,false,1,14.50,1.93,false,1,
7290000497570,false,דגנים פלוס ברמן (500 גרם),י.את א. ברמן בעמ,,,יח`,5,100 גרם,false,1,14.50,2.90,false,1,
7290000498256,false,10 לחמניות בשקית ברמן,י.את א. ברמן בעמ,,,יח`,7.50,100 גרם,false,1,12.90,1.72,false,1,
7290000498393,false,חלה רגילה (500 גרם)פיקוח,י.את א. ברמן בעמ,,,יח`,5,100 גרם,false,1,4.90,0.98,false,1,
7290000504025,false,סוכרזית פטריה) (300,שטראוס גרופ בעמ,,,יח`,2.46,100 גרם,false,1,8.90,3.62,false,1,
7290000504209,false,סוכרזית דיאט טיפ נוזל,שטראוס גרופ בעמ,,,יח`,2.20,"100 מ""ל",false,1,17.90,8.14,false,1,
7290000504278,false,סוכרזית פטנט) (700,שטראוס גרופ בעמ,,,יח`,5.74,100 גרם,false,1,14.90,2.60,false,1,
7290000521008,false,יין אדום יבש של סגל (750 מל),טמפו משקאות בעמ,,,יח`,7.50,"100 מ""ל",false,1,22.90,3.01,true,1,
7290000523224,false,מלח ים יבש מלח הארץ (500 גרם),סוגת תעשיות בעמ,,,יח`,5,100 גרם,false,1,8.40,1.68,false,1,
7290000523521,false,מלח הארץ מועשר ביוד 250 גר`,סוגת תעשיות בעמ,,,יח`,2,100 גרם,false,1,5.90,2.95,false,1,
7290000525969,false,מיץ תפוזים סחוט טבעי פרימור (1 ליטר),שטראוס גרופ בעמ/מצונן,,,יח`,1,1 ליטר,false,1,16.90,16.90,false,1,
7290000530086,false,נקניק סלמי מעושן 7000 זוגלובק (600 גרם),זוגלובק שיווק בעמ,,,יח`,8,100 גרם,false,1,37.70,4.71,false,1,
7290000530598,false,נקניקיות וינר זוגלובק (500 גרם),זוגלובק שיווק בעמ,,,יח`,5,100 גרם,false,1,17.50,3.50,true,1,
7290000530703,false,מארז פסטרמה חרמון+תה,זוגלובק שיווק בעמ,,,יח`,8,100 גרם,false,1,35.60,4.45,true,1,
7290000537566,false,נקניקיות עוף זוגלובק (400 גרם),זוגלובק שיווק בעמ,,,יח`,4,100 גרם,false,1,13.90,3.48,true,1,
7290000554471,false,גבינה מוצרלה 22% גד (180 גרם),מחלבות גד שיווק 1992 בעמ,,,יח`,1.80,100 גרם,false,1,17.90,9.94,false,1,
7290000554532,false,גבינה צפתית מעודנת 5% גד (200 גרם),מחלבות גד שיווק 1992 בעמ,,,יח`,2,100 גרם,false,1,15.40,7.70,false,1,
7290000554600,false,מוצרלה מגורדת 22% גד (300 גרם),מחלבות גד שיווק 1992 בעמ,,,יח`,3,100 גרם,false,1,24.90,8.30,false,1,
7290000554624,false,ירח מתוק-גד,מחלבות גד שיווק 1992 בעמ,,,יח`,1.50,"100 מ""ל",false,1,5.90,3.93,true,1,
7290000554686,false,לבנה בשמן זית-גד- מדף,מחלבות גד שיווק 1992 בעמ,,,יח`,2.50,100 גרם,false,1,14.90,5.96,false,1,
7290000554815,false,גבינת מוצרלה נקניק מעדנייה גד,מחלבות גד שיווק 1992 בעמ,,,"ק""ג",10,100 גרם,true,1,80,8,false,1,
7290000554839,false,גבינת מסקרפונה 40% גד (250 גרם),מחלבות גד שיווק 1992 בעמ,,,יח`,2.50,100 גרם,false,1,21.90,8.76,false,1,
7290000554952,false,צפתית קשה 10% מעדנייה גד,מחלבות גד שיווק 1992 בעמ,,,"ק""ג",10,100 גרם,true,1,74,7.40,false,1,
7290000571119,false,גאודה 30% חריץ מעדניה,מחלבות גד שיווק 1992 בעמ,,,"ק""ג",10,100 גרם,true,1,99,9.90,false,1,
7290000571188,false,גאודה עז 28%,מחלבות גד שיווק 1992 בעמ,,,"ק""ג",10,100 גרם,true,1,135,13.50,false,1,
7290000571232,false,קלאסיק בית יצחק גאודה פרוס 30% 150ג,מחלבות גד שיווק 1992 בעמ,,,יח`,1.50,100 גרם,false,1,23.90,15.93,false,1,
7290000571386,false,יוגורמה בית יצחק,מחלבות גד שיווק 1992 בעמ,,,יח`,8.50,"100 מ""ל",false,1,25.90,3.05,false,1,
7290000571478,false,גבינת עיזים תום פרוסה המחלבה (200 גרם),מחלבות גד שיווק 1992 בעמ,,,יח`,2,100 גרם,false,1,35.90,17.95,false,1,
7290000574028,false,לחם שחור מעושר פלוס 750 גר`דגנית,דגנית עין בר תעשיות מזון ואפיה,,,יח`,7.50,100 גרם,false,1,7.90,1.05,false,1,
7290000574035,false,לחם אחיד פרוס דגנית עין בר (750 גרם),דגנית עין בר תעשיות מזון ואפיה,,,יח`,7.50,100 גרם,false,1,6.90,0.92,false,1,
7290000574141,false,לחם חיטה מלאה 750 גר`דגנית,דגנית עין בר תעשיות מזון ואפיה,,,יח`,7.50,100 גרם,false,1,14.90,1.99,false,1,
7290000574172,false,לחם קל חיטה מלאה 750 גר`דגנית,דגנית עין בר תעשיות מזון ואפיה,,,יח`,7.50,100 גרם,false,1,15.90,2.12,false,1,
7290000644783,false,פילה סלמון תנובה מנות,תנובה קפואים,,,"ק""ג",1,,true,1,89.90,89.90,false,1,
7290000654973,false,גזר ארוז,מפעלי יופי אגשח בעמ*שיק 45 יום,,,"ק""ג",1,,true,1,5.90,5.90,false,1,
7290000688084,false,מי עדן ספורט 1/2 ליטר,יפאורה,,,יח`,5,"100 מ""ל",false,1,2.50,0.44,false,1,
7290000688381,false,מים מינרלים פקק ספורט מי עדן (500x6 מל),יפאורה,,,יח`,3,1 ליטר,false,1,12.90,3.70,true,1,
7290000688466,false,מי עדן 0.75 ליטר ספורט בודד,יפאורה,,,יח`,7.50,"100 מ""ל",false,1,2.50,0.29,false,1,
7290000688503,false,מי עדן 0.75 ליטר ספורט שישייה,יפאורה,,,יח`,4.50,1 ליטר,false,1,14.90,2.91,false,1,
7290000993560,false,עגבניות שרי מנומר ארוז,צימן עגבניות *לא פעיל*,,,יח`,5,100 גרם,false,1,9.90,1.98,false,1,
7290001041123,false,שקד מולבן פרוס 100 גר`,מיה תעשיות מזון מ.ת.מ. בעמ,,,יח`,1,100 גרם,false,1,12.50,12.50,false,1,
7290001041185,false,פופקורן 1 קג`,מיה תעשיות מזון מ.ת.מ. בעמ,,,יח`,1,"ק""ג",false,1,12.90,12.90,false,1,
7290001041192,false,עדשים אדומות מיה (1 קג),מיה תעשיות מזון מ.ת.מ. בעמ,,,יח`,1,"ק""ג",false,1,12.90,12.90,true,1,
7290001041208,false,עדשים ירוקות מיה (1 קג),מיה תעשיות מזון מ.ת.מ. בעמ,,,יח`,1,"ק""ג",false,1,13.20,13.20,true,1,
7290001045169,false,סחוט 1 ליטר פרימור,שטראוס גרופ בעמ/מצונן,,,יח`,1,1 ליטר,false,1,16.90,16.90,false,1,
7290001045688,false,מיץ תפוזים סחוט 400 מל פרימור,שטראוס גרופ בעמ/מצונן,,,יח`,4,"100 מ""ל",false,1,7.90,1.90,false,1,
7290001136683,false,נקה 7 מרכך 750 מל ירוק,החברה הדרומית לשיווק בעמ,,,יח`,7.50,"100 מ""ל",false,1,11.90,1.59,true,1,
7290001201589,false,ביצים ארוזות L מ. לסר) (12 פיקוח,מ לסר בעמ - חברה לשיווק ביצים,,,יח`,1,,false,1,12.05,12.05,false,1,
7290001201596,false,ביצים 12 יחידות M פיקוח,מ לסר בעמ - חברה לשיווק ביצים,,,יח`,1,,false,1,11.15,11.15,false,1,
7290001201602,false,ביצים 18 יח`L פיקוח,מ לסר בעמ - חברה לשיווק ביצים,,,יח`,1,,false,1,18.07,18.07,false,1,
7290001201824,false,ביצים אורגני L 12 יח,מ לסר בעמ - חברה לשיווק ביצים,,,יח`,1,,false,1,19.30,19.30,false,1,
7290001201862,false,ביצי חופש 12 L,מ לסר בעמ - חברה לשיווק ביצים,,,יח`,1,,false,1,17.30,17.30,false,1,
7290001201893,false,ביצים אומגה 12 יח`M,מ לסר בעמ - חברה לשיווק ביצים,,,יח`,1,,false,1,17.30,17.30,false,1,
7290001216040,false,טחינה רגילה 500 גר`אל ארז,סוגת תעשיות בעמ,,,יח`,5,100 גרם,false,1,16.90,3.38,false,1,
7290001216101,false,טחינה מלאה 1 קג אל ארז,סוגת תעשיות בעמ,,,יח`,10,100 גרם,false,1,34.90,3.49,false,1,
7290001216231,false,טחינה משומשום מלא אל ארז (500 גרם),סוגת תעשיות בעמ,,,יח`,5,100 גרם,false,1,18.90,3.78,false,1,
7290001247082,false,נקטר עגבניות ספרינג( 1 ליטר),יפאורה,,,יח`,1,1 ליטר,false,1,7.30,7.30,false,1,
7290001247099,false,נקטר מנגו ספרינג (1 ליטר),יפאורה,,,יח`,1,1 ליטר,false,1,7.30,7.30,false,1,
7290001247112,false,נקטר לימונענע ספרינג( 1 ליטר),יפאורה,,,יח`,1,1 ליטר,false,1,7.30,7.30,false,1,
7290001247129,false,נקטר תפוזים ספרינג (1 ליטר),יפאורה,,,יח`,1,1 ליטר,false,1,7.30,7.30,false,1,
7290001247143,false,נקטר תפוחים ספרינג (1 ליטר),יפאורה,,,יח`,1,1 ליטר,false,1,7.30,7.30,false,1,
7290001274071,false,קרחון אבטיח,פלקו בעמ,,,יח`,1,,false,1,2.30,2.30,false,1,
7290001274132,false,שלגון מצופה וניל.,פלקו בעמ,,,יח`,1,,false,1,4,4,false,1,
7290001274149,false,שלגון מצופה שוקו.,פלקו בעמ,,,יח`,1,,false,1,4,4,false,1,
7290001274156,false,שלגון מצופה בננה.,פלקו בעמ,,,יח`,1,,false,1,4,4,false,1,
7290001274262,false,שלגון לוקס,פלקו בעמ,,,יח`,1,,false,1,7.20,7.20,false,1,
7290001274422,false,מאגדת ציפוי שוקו בננה 8 יח`,פלקו בעמ,,,יח`,1,,false,1,26.50,26.50,false,1,
7290001274576,false,מאגדת גלידל וניל ותות 900 גר`פלדמן,פלקו בעמ,,,יח`,9,100 גרם,false,1,20.90,2.32,false,1,
7290001274583,false,מאגדת גלידל פקאן 900 גר`פלדמן,פלקו בעמ,,,יח`,9,100 גרם,false,1,20.90,2.32,false,1,
7290001274934,false,מאגדת קרחונים דיאט שמינייה,פלקו בעמ,,,יח`,6.40,100 גרם,false,1,25.90,4.05,false,1,
7290001274941,false,מאגדת קרחונים דיאט שמינייה,פלקו בעמ,,,יח`,6.40,100 גרם,false,1,25.90,4.05,false,1,
7290001343845,false,גרנולה עם תוספות 1 קג,דין שיווק וקליה 2021 בעמ,,,יח`,1,"ק""ג",false,1,21.40,21.40,true,1,
7290001407547,false,טחינה בארכה שומשום מלא פי 6 סידן,קבוצת אסם סחר שות. מוגבלת,,,יח`,5,100 גרם,false,1,14.20,2.84,false,1,
7290001436790,false,מרגז מיני אקסטרה 500 גר`8 יח,בלדי בעמ,,,יח`,5,100 גרם,false,1,28.90,5.78,false,1,
7290001482094,false,וילי פוד פרמז`נו 200 גר`,ג.וילי-פוד אינטרנשיונל **גבינו,,,יח`,2,100 גרם,false,1,21.90,10.95,false,1,
7290001482506,false,חומץ בלסמי ממודנה 500 גר`,ג.וילי-פוד אינטרנשיונל בעמ,,,יח`,5,"100 מ""ל",false,1,19.90,3.98,false,1,
7290001594568,false,בירה בפחית קרלסברג (500 מל),החברה המרכזית להפצת משקאות בעמ,,,יח`,5,"100 מ""ל",false,1,9.90,1.92,false,1,
7290001594858,false,מארז שישייה בירה טובורג רד (330x6 מל),החברה המרכזית להפצת משקאות בעמ,,,יח`,1.98,1 ליטר,false,1,43.90,21.26,true,1,
7290001594865,false,בירה קרלסברג (330x6 מל),החברה המרכזית להפצת משקאות בעמ,,,יח`,1.98,1 ליטר,false,1,36.90,17.73,true,1,
7290001670057,false,כפיות לבן 100 יח`הנמל,הנמל אריזות ושיווק (1984) בעמ,,,יח`,1,,false,1,11.90,11.90,true,1,
7290001670064,false,סכינים לבן 100 יח`הנמל,הנמל אריזות ושיווק (1984) בעמ,,,יח`,1,,false,1,11.90,11.90,true,1,
7290001670071,false,כפות לבן 100 יח`הנמל,הנמל אריזות ושיווק (1984) בעמ,,,יח`,1,,false,1,11.90,11.90,true,1,
7290001670255,false,כוסות קרטון 8B 50 יח`הנמל,הנמל אריזות ושיווק (1984) בעמ,,,יח`,1,,false,1,10.90,10.90,true,1,
7290001670873,false,צלחות 1 קג`הנמל,הנמל אריזות ושיווק (1984) בעמ,,,יח`,1,,false,1,39.90,39.90,false,1,
7290001780428,false,מאגדת גלידה לייט שוקו 6 יח`,נגה גלידות שותפות מוגבלת,,,יח`,3.12,100 גרם,false,1,29.90,9.58,false,1,
7290001985007,false,מצופה שוקו-שוקו,גלידות שטראוס בעמ,,,יח`,0.60,100 גרם,false,1,4.90,8.17,false,1,
7290001990148,false,סוכר גולדן קלאסי סוגת (1 קג),סוגת תעשיות בעמ,,,יח`,1,"ק""ג",false,1,14.90,14.90,false,1,
7290002007890,false,כוסות 100 יח`200 PP הנמל,הנמל אריזות ושיווק (1984) בעמ,,,יח`,100,יח`,false,1,9.90,0.10,false,1,
7290002008507,false,נייר אפיה הנמל 50 יח`,הנמל אריזות ושיווק (1984) בעמ,,,יח`,1,,false,1,9.90,9.90,true,1,
7290002019114,false,רוטב עגבניות מרוכז 28 580 גר`פריניר,אבאל יזמות בעמ,,,יח`,5.80,100 גרם,false,1,8.50,1.47,true,1,
7290002019763,false,עגבניות מרוסקות 800 גר`פריניר,אבאל יזמות בעמ,,,יח`,8,100 גרם,false,1,7.90,0.99,true,1,
7290002019787,false,רוטב עגבניות מרוכז עגבניות 22% 260 גר`פ,אבאל יזמות בעמ,,,יח`,2.60,100 גרם,false,1,3.90,1.50,true,1,
7290002019794,false,רוטב עגבניות מרוכז 22% 100 גר`פריניר,אבאל יזמות בעמ,,,יח`,1,100 גרם,false,1,1.90,1.90,true,1,
7290002037637,false,לחמניות הבית מתוקות מאפיית ודש) (4,י.את א. ברמן בעמ,,,יח`,4,100 גרם,false,1,11.90,2.98,false,1,
7290002040019,false,קוסקוס רגיל מזון קוסקוס (350 גרם),הנמל אריזות ושיווק (1984) בעמ,,,יח`,3.50,100 גרם,false,1,6.90,1.97,false,1,
7290002107385,false,דליקט עז 180 גרם צוריאל,החב` המרכזית - טרה,,,יח`,1.80,100 גרם,false,1,26,14.44,false,1,
7290002107491,false,גבינה עיזים 5% למריחה 250 גר`,החב` המרכזית - טרה,,,יח`,2.50,100 גרם,false,1,17.60,7.04,true,1,
7290002107798,false,בולגרית בקר 5% בגביע 250 גר`,החב` המרכזית - טרה,,,יח`,2.50,100 גרם,false,1,25.40,10.16,false,1,
7290002128311,false,נר נשמה בכוס זכוכית שבועי מנורה שי נר,אבאל יזמות בעמ,,,יח`,1,,false,1,10.90,10.90,true,1,
7290002128410,false,נרות שבת שבת אורה מס`6,אבאל יזמות בעמ,,,יח`,1,,false,1,3.50,3.50,false,1,
7290002130567,false,דבש טהור מפרחי בר יד מרדכי (350 גרם),שטראוס גרופ בעמ,,,יח`,3.50,100 גרם,false,1,18.90,5.40,false,1,
7290002130581,false,דבש טהור מפרחי בר יד מרדכי (1 קג),שטראוס גרופ בעמ,,,יח`,1,"ק""ג",false,1,45.90,45.90,false,1,
7290002132011,false,עוגיות מזרחיות עם שומשום עבאדי (400 גר),תה ויסוצקי (ישראל) בעמ,,,יח`,4,100 גרם,false,1,18.50,4.63,true,1,
7290002195054,false,המבורגר קפוא בלדי (400 גרם),בלדי בעמ,,,יח`,4,100 גרם,false,1,12.90,3.23,false,1,
7290002195092,false,קבב רומני קפוא בלדי (400 גרם),בלדי בעמ,,,יח`,4,100 גרם,false,1,12.90,3.23,false,1,
7290002259640,false,דיימונד 084 0.30*7.50,גורי ע.ע.ע בעמ,,,יח`,1,,false,1,13.90,13.90,false,1,
7290002291046,false,בלדי המבורגר מסעדות קצבייה,בלדי בעמ,,,יח`,4.80,100 גרם,false,1,25.50,5.31,false,1,
7290002317081,false,זית חרוזית A2 מוטולה,אבאל יזמות בעמ,,,יח`,5.60,100 גרם,false,1,10.90,1.95,true,1,
7290002317128,false,מלפפון במלח 10-12 מוטולה,אבאל יזמות בעמ,,,יח`,5.60,100 גרם,false,1,10.90,1.95,true,1,
7290002317135,false,מלפפון במלח 13-17 מוטולה,אבאל יזמות בעמ,,,יח`,5.60,100 גרם,false,1,10.90,1.95,true,1,
7290002317265,false,מלפפון במלח 7-9 מוטולה,אבאל יזמות בעמ,,,יח`,5.60,100 גרם,false,1,8.90,1.59,true,1,
7290002317296,false,פלפל שיפקה A2 מוטולה,אבאל יזמות בעמ,,,יח`,5.40,100 גרם,false,1,9.90,1.83,true,1,
7290002317319,false,מלפפון בחומץ 7-9 מוטולה,אבאל יזמות בעמ,,,יח`,3.48,100 גרם,false,1,8.90,2.56,true,1,
7290002317326,false,זיתים מנזלינו 12-15 מוטולה,אבאל יזמות בעמ,,,יח`,5.60,100 גרם,false,1,9.90,1.77,true,1,
7290002317357,false,פלפל שיפקה חריף צנצנת זכוכית מוטולה,אבאל יזמות בעמ,,,יח`,5.50,100 גרם,false,1,9.90,1.80,true,1,
7290002317579,false,טבעות זיתים ירוק מוטולה,אבאל יזמות בעמ,,,יח`,5.60,100 גרם,false,1,10.90,1.95,true,1,
7290002317678,false,חרוזית ירוק צנצנת זכוכית מוטולה,אבאל יזמות בעמ,,,יח`,5.60,100 גרם,false,1,10.90,1.95,true,1,
7290002319016,false,אבקת אפיה מיה (10x10 גרם),מיה תעשיות מזון מ.ת.מ. בעמ,,,יח`,1,100 גרם,false,1,3.30,3.30,true,1,
7290002319023,false,סוכר ווניל עשירייה,מיה תעשיות מזון מ.ת.מ. בעמ,,,יח`,1,100 גרם,false,1,2.90,2.90,true,1,
7290002319078,false,שומשום 100 גר`,מיה תעשיות מזון מ.ת.מ. בעמ,,,יח`,1,100 גרם,false,1,4,4,false,1,
7290002319344,false,שקדים100ג,מיה תעשיות מזון מ.ת.מ. בעמ,,,יח`,1,100 גרם,false,1,12.50,12.50,false,1,
7290002319375,false,קורנפלור 200 גר`,מיה תעשיות מזון מ.ת.מ. בעמ,,,יח`,2,100 גרם,false,1,5.10,2.55,false,1,
7290002319610,false,שקדים טחונים 100 גר`,מיה תעשיות מזון מ.ת.מ. בעמ,,,יח`,1,100 גרם,false,1,12.50,12.50,false,1,
7290002319740,false,אגוזים טחונים 100 גר`,מיה תעשיות מזון מ.ת.מ. בעמ,,,יח`,1,100 גרם,false,1,12.50,12.50,false,1,
7290002319771,false,תמצית אפיה בטעם וניל מיה (50 מל),מיה תעשיות מזון מ.ת.מ. בעמ,,,יח`,0.50,"100 מ""ל",false,1,4,8,false,1,
7290002319825,false,אבקת סוכר 100 גר`,מיה תעשיות מזון מ.ת.מ. בעמ,,,יח`,1,100 גרם,false,1,2.70,2.70,true,1,
7290002331483,false,נביעות בייבי 320*6 מל,החברה המרכזית להפצת משקאות בעמ,,,יח`,19.20,"100 מ""ל",false,1,14.90,0.68,false,1,
7290002331490,false,מים מינרלים נביעות (1 ליטר),החברה המרכזית להפצת משקאות בעמ,,,יח`,1,1 ליטר,false,1,3.30,3.30,true,1,
7290002371533,false,סלסולי פסטרמה בדבש טירת צבי (120 גרם),תנובה קפואים,,,יח`,1.20,100 גרם,false,1,16.90,14.08,true,1,
7290002371540,false,נקניקים קורנדביף 120 גר`טירת צבי,תנובה קפואים,,,יח`,1.20,100 גרם,false,1,16.90,14.08,true,1,
7290002371939,false,סרוולד צרפתי 120 גר`טירת צבי,תנובה קפואים,,,יח`,1.20,100 גרם,false,1,30.50,25.42,true,1,
7290002374312,false,שמן קנולה מזוכך 6% מילומור (1 ליטר),סוגת תעשיות בעמ,,,יח`,1,1 ליטר,false,1,11.90,11.90,false,1,
7290002407102,false,זית סנטה מבוקע ענק ג`השאן (800 גרם),אבאל יזמות בעמ,,,יח`,8,100 גרם,false,1,22.90,2.86,true,1,
7290002407348,false,שמן זית ג`השאן כתית מעולה 750 מל`,אבאל יזמות בעמ,,,יח`,7.50,"100 מ""ל",false,1,35.90,4.79,true,1,
7290002407454,false,שמן זית סורי כתית מעולה 750 מל,אבאל יזמות בעמ,,,יח`,7.50,"100 מ""ל",false,1,45.90,6.12,true,1,
7290002407645,false,שמן זית כתית מעולה( 750 מל)ארץ הגליל,אבאל יזמות בעמ,,,יח`,7.50,"100 מ""ל",false,1,30.90,4.12,true,1,
7290002512035,false,בצק עלים צנעני (1 קג),צנעני מוצרי בצק בעמ,,,יח`,1,"ק""ג",false,1,17.90,17.90,true,1,
7290002512264,false,ג`חנון מופחת שומן צנעני,צנעני מוצרי בצק בעמ,,,יח`,7,100 גרם,false,1,17.90,2.56,true,1,
7290002517276,false,פלפל אנגלי שלם 25 גר`,תבליני טעם וריח בעמ,,,יח`,0.25,100 גרם,false,1,9.90,39.60,false,1,
7290002517290,false,קינמון טחון 40 גר`,תבליני טעם וריח בעמ,,,יח`,0.40,100 גרם,false,1,6.90,17.25,false,1,
7290002517337,false,אורגנו עלים 20 גר`,תבליני טעם וריח בעמ,,,יח`,0.20,100 גרם,false,1,6.90,34.50,false,1,
7290002517375,false,בזילקום עלים 30 גר`,תבליני טעם וריח בעמ,,,יח`,0.30,100 גרם,false,1,6.90,23,false,1,
7290002517726,false,קינמון מקלות 15 גר`,תבליני טעם וריח בעמ,,,יח`,0.15,100 גרם,false,1,6.90,46,false,1,
7290002517733,false,קצח 40 גר`,תבליני טעם וריח בעמ,,,יח`,0.40,100 גרם,false,1,6.90,17.25,false,1,
7290002517801,false,צ`ילי כתוש- חריף(פלפל קיינה)30 גר`,תבליני טעם וריח בעמ,,,יח`,0.30,100 גרם,false,1,6.90,23,false,1,
7290002517849,false,שום גבישי 50 גר`,תבליני טעם וריח בעמ,,,יח`,0.50,100 גרם,false,1,6.90,13.80,false,1,
7290002542506,false,בירה קורונה 355 מל,תימקו בירה בעמ,,,יח`,3.55,"100 מ""ל",false,1,9.90,2.70,false,1,
7290002542780,false,בירה סטלה ארטואה 330 מל בקבוק שישייה,תימקו בירה בעמ,,,יח`,1.98,1 ליטר,false,1,38.70,18.64,true,1,
7290002542810,false,בירה הוגרדן 330 מל בקבוק,תימקו בירה בעמ,,,יח`,3.30,"100 מ""ל",false,1,12.90,3.82,false,1,
7290002543237,false,קורנפלקס קלוגס (750 גרם),דיפלומט היינץ,,,יח`,7.50,100 גרם,false,1,16.90,2.25,false,1,
7290002628064,false,בשר בקר טחון קפוא בלדי (500 גרם),בלדי בעמ,,,יח`,5,100 גרם,false,1,16.90,3.38,false,1,
7290002692393,false,שמן קנולה מזוכך מועשר עץ הזית (1 ליטר),סוגת תעשיות בעמ,,,יח`,1,1 ליטר,false,1,16.90,16.90,true,1,
7290002730941,false,צמר גפן פרוס בלונס (100 גרם),ש.שסטוביץ בעמ,,,יח`,1,100 גרם,false,1,7.50,7.50,false,1,
7290002752332,false,מנטוס גליל פירות,ליימן שליסל בעמ,,,יח`,0.3750,100 גרם,false,1,4,10.67,false,1,
7290002752349,false,מנטוס גליל טעם מנטה (37.5 גרם),ליימן שליסל בעמ,,,יח`,0.3750,100 גרם,false,1,4,10.67,false,1,
7290002824183,false,קרם גבינה 5% סקי (500 גרם),שטראוס גרופ בעמ/מצונן,,,יח`,5,100 גרם,false,1,9.50,1.90,false,1,
7290002824466,false,יוגורט ביו 0% דנונה (200 גרם),שטראוס גרופ בעמ/מצונן,,,יח`,2,"100 מ""ל",false,1,3.60,1.80,false,1,
7290002824640,false,קרם גבינה 5% סקי (250 גרם),שטראוס גרופ בעמ/מצונן,,,יח`,2.50,100 גרם,false,1,4.97,1.99,false,1,
7290002825722,false,כרוב אדום במיונז אחלה (500 גרם),שטראוס גרופ בעמ/מצונן,,,יח`,5.75,100 גרם,false,1,15.60,2.71,true,1,
7290002868996,false,קוטג`5% מועשר 250 גר`,החב` המרכזית - טרה,,,יח`,2.50,100 גרם,false,1,5.90,2.36,false,1,
7290002871248,false,בירה טובורג רד (500 מל),החברה המרכזית להפצת משקאות בעמ,,,יח`,5,"100 מ""ל",false,1,9.70,1.70,false,1,
7290002871361,false,בירה קרלסברג (500 מל),החברה המרכזית להפצת משקאות בעמ,,,יח`,5,"100 מ""ל",false,1,9.70,1.70,false,1,
7290002881209,false,רסק תפוע דיאט 700 גר`תומר,תומר יבוא ושיווק מוצרי מזון (1,,,יח`,7,100 גרם,false,1,10.90,1.56,false,1,
7290002881247,false,אננס שלם 825 גר`תומר,תומר יבוא ושיווק מוצרי מזון (1,,,יח`,8.25,100 גרם,false,1,10.90,1.32,false,1,
7290002881612,false,לפתן דובדבנים חמוצים תומר (680 גרם),תומר יבוא ושיווק מוצרי מזון (1,,,יח`,6.80,100 גרם,false,1,9.90,1.46,false,1,
7290002971993,false,קמח כוסמין מלא ללא צורך בניפוי 1 קג שטיב,אבאל יזמות בעמ,,,יח`,10,100 גרם,false,1,14.90,1.49,false,1,
7290002972006,false,קמח בהיר) (405ללא צורך בניפוי( 1 קג),אבאל יזמות בעמ,,,יח`,1,"ק""ג",false,1,9.50,9.50,true,1,
7290002972365,false,קמח תופח ללא צורך בניפוי 1 קג שטיבל,אבאל יזמות בעמ,,,יח`,1,"ק""ג",false,1,8.90,8.90,true,1,
7290002972426,false,קמח מלא% 80 ללא צורך בניפוי 1 קג,אבאל יזמות בעמ,,,יח`,1,"ק""ג",false,1,9.50,9.50,true,1,
7290002973669,false,קמח שטיבל 2,אבאל יזמות בעמ,,,יח`,1,"ק""ג",false,1,9.50,9.50,true,1,
7290002973829,false,קמח כוסמין לבן( 1 קג) ללא צורך ניפוי ש,אבאל יזמות בעמ,,,יח`,10,100 גרם,false,1,14.90,1.49,false,1,
7290002974222,false,קמח עוגיות ללא צורך בניפוי 1 קג שטיבל,אבאל יזמות בעמ,,,יח`,1,"ק""ג",false,1,9.50,9.50,true,1,
7290003009640,false,מיץ סחוט תפוזים טבעי פריגת (1 ליטר),החב` המרכזית - טרה,,,יח`,1,1 ליטר,false,1,16.90,16.90,true,1,
7290003026036,false,קמיל בלו סנסטיב אל סבון,פישר תעשיות פרמצבטיות בעמ,,,יח`,1,1 ליטר,false,1,34.90,34.90,true,1,
7290003026197,false,קמיל בלו שמן תינוקות 500 מל,פישר תעשיות פרמצבטיות בעמ,,,יח`,5,"100 מ""ל",false,1,27.90,5.58,true,1,
7290003029181,false,שוקו 2% בבקבוק יטבתה (1 ליטר),שטראוס גרופ בעמ/מצונן,,,יח`,1,1 ליטר,false,1,11.90,11.90,false,1,
7290003029433,false,שוקו 2% עם פקק ספורט יטבתה (250 מל),שטראוס גרופ בעמ/מצונן,,,יח`,2.50,"100 מ""ל",false,1,5.50,2.20,false,1,
7290003029792,false,שוקו 2% יטבתה (225x8 מל),שטראוס גרופ בעמ/מצונן,,,יח`,1.80,1 ליטר,false,1,19.90,11.06,false,1,
7290003054657,false,חרדל דיז`ון ריין דה דיז`ון (370 גרם),דיפלומט היינץ,,,יח`,3.70,100 גרם,false,1,12.50,3.38,false,1,
7290003107247,false,שמרים יבשים 33 גר`שטיבל,אבאל יזמות בעמ,,,יח`,0.33,100 גרם,false,1,7.90,23.94,true,1,
7290003107315,false,סולת בשקית טחנת קמח דגן (1 קג),טחנות קמח דגן (2006) בעמ,,,יח`,1,"ק""ג",false,1,4.40,4.40,false,1,
7290003107346,false,קמח חיטה לבן בדץ טחנת קמח דגן (1 קג),טחנות קמח דגן (2006) בעמ,,,יח`,1,"ק""ג",false,1,4.40,4.40,true,1,
7290003126712,false,יוגורט עיזים 3.9% משק צוריאל (150 גרם),החב` המרכזית - טרה,,,יח`,1.50,"100 מ""ל",false,1,7.10,4.73,false,1,
7290003126958,false,טופו משק צוריאל (300 גרם),החב` המרכזית - טרה,,,יח`,3,100 גרם,false,1,13.10,4.37,true,1,
7290003229116,false,פסטרמה בדבש 3% שומן טירת צבי (400 גרם),תנובה קפואים,,,יח`,4,100 גרם,false,1,31.90,7.98,true,1,
7290003229123,false,פסטרמה גחלים 400 גר`טירת צבי,תנובה קפואים,,,יח`,4,100 גרם,false,1,31.90,7.98,true,1,
7290003229147,false,סלמי בסגנון איטלקי טירת צבי (300 גרם),תנובה קפואים,,,יח`,3,100 גרם,false,1,31.60,10.53,true,1,
7290003229192,false,כתף בקר מעושן 400 גר`טירת צבי,תנובה קפואים,,,יח`,4,100 גרם,false,1,37.70,9.43,true,1,
7290003268641,false,חלה קלועה מתוקה 500 גר`דגנית,דגנית עין בר תעשיות מזון ואפיה,,,יח`,5,100 גרם,false,1,12.90,2.58,false,1,
7290003287260,false,צ`וריסוס ארוז 600 גר קצביה,בלדי בעמ,,,יח`,6,100 גרם,false,1,28.90,4.82,false,1,
7290003287291,false,קבב טלה וצנובר ארוז 600 גר קצביה,בלדי בעמ,,,יח`,6,100 גרם,false,1,28.90,4.82,false,1,
7290003321155,false,דנונה פרי בר פקאן,שטראוס גרופ בעמ/מצונן,,,יח`,1.75,"100 מ""ל",false,1,4.60,2.63,false,1,
7290003411566,false,צמרוני עץ 200 יח`הנמל,הנמל אריזות ושיווק (1984) בעמ,,,יח`,1,,false,1,3.20,3.20,false,1,
7290003411726,false,קיסמים הנמל) (300,הנמל אריזות ושיווק (1984) בעמ,,,יח`,1,,false,1,5.40,5.40,false,1,
7290003427154,false,שמן זית כתית מעולה 750 מל זיתא,תה ויסוצקי (ישראל) בעמ,,,יח`,7.50,"100 מ""ל",false,1,32.90,4.39,false,1,
7290003438006,false,אוליביה ממרח פסטו איטלקי 180 גר`,תה ויסוצקי (ישראל) בעמ,,,יח`,1.90,100 גרם,false,1,14.90,7.84,false,1,
7290003438013,false,אוליביה ממרח זיתים ירוקים (190 גרם),תה ויסוצקי (ישראל) בעמ,,,יח`,1.90,100 גרם,false,1,14.90,7.84,false,1,
7290003438020,false,אוליביה ממרח עגבניות מיובשות (190 גרם),תה ויסוצקי (ישראל) בעמ,,,יח`,1.90,100 גרם,false,1,14.90,7.84,false,1,
7290003438853,false,אוליביה אריסה חריפה (185 גרם),תה ויסוצקי (ישראל) בעמ,,,יח`,1.80,100 גרם,false,1,14.90,8.28,false,1,
7290003457861,false,סולרו פרות טרופים.,גלידות שטראוס בעמ,,,יח`,1,,false,1,7.90,7.90,true,1,
7290003550753,false,נתחי טונה בהירה בשמן פוסידון (108x4 גרם),נטו מלינדה סחר בעמ,,,יח`,4.32,100 גרם,false,1,22.90,5.30,true,1,
7290003570171,false,מינוט שניצל 300 גר`,בלדי בעמ,,,יח`,3,100 גרם,false,1,23.90,7.97,false,1,
7290003578061,false,לבבות דקל שלמים וילי פוד (400 גרם),ג.וילי-פוד אינטרנשיונל בעמ,,,יח`,4,100 גרם,false,1,13.90,3.48,false,1,
7290003578108,false,חתיכות אננס בסירופ קל וילי פוד (850 גרם),ג.וילי-פוד אינטרנשיונל בעמ,,,יח`,8.20,100 גרם,false,1,9.90,1.21,false,1,
7290003578177,false,תירס צעיר שלם וילי פוד (410 גרם),ג.וילי-פוד אינטרנשיונל בעמ,,,יח`,4.10,100 גרם,false,1,6.90,1.68,false,1,
7290003598311,false,דק דק אנטריקוט 300 גר`קפוא פרוס מינוט,בלדי בעמ,,,יח`,3,100 גרם,false,1,34.90,11.63,true,1,
7290003643004,false,אורז בסמטי קלאסי סוגת (1 קג),סוגת תעשיות בעמ,,,יח`,1,"ק""ג",false,1,14.90,14.90,true,1,
7290003643387,false,סוכר לבן בצנצנת סוגת (1 קג),סוגת תעשיות בעמ,,,יח`,1,"ק""ג",false,1,8.90,8.90,false,1,
7290003643646,false,סוכר דמררה סוגת 1 קג,סוגת תעשיות בעמ,,,יח`,10,100 גרם,false,1,13.50,1.35,false,1,
7290003643684,false,אפונה סוגת (500 גרם),סוגת תעשיות בעמ,,,יח`,5,100 גרם,false,1,7.50,1.50,true,1,
7290003643714,false,חומוס סוגת (500 גרם),סוגת תעשיות בעמ,,,יח`,5,100 גרם,false,1,7.90,1.58,true,1,
7290003643738,false,חיטה סוגת (500 גרם),סוגת תעשיות בעמ,,,יח`,5,100 גרם,false,1,6.50,1.30,true,1,
7290003643745,false,כוסמת סוגת (500 גרם),סוגת תעשיות בעמ,,,יח`,5,100 גרם,false,1,8.90,1.78,true,1,
7290003643752,false,עדשים ירוקות סוגת (500 גרם),סוגת תעשיות בעמ,,,יח`,5,100 גרם,false,1,8.90,1.78,true,1,
7290003643769,false,עדשים אדומות סוגת (500 גרם),סוגת תעשיות בעמ,,,יח`,5,100 גרם,false,1,7.50,1.50,true,1,
7290003643776,false,פופקורן סוגת (500 גרם),סוגת תעשיות בעמ,,,יח`,5,100 גרם,false,1,6.90,1.38,true,1,
7290003643806,false,שעועית לבנה יבשה סוגת (500 גרם),סוגת תעשיות בעמ,,,יח`,5,100 גרם,false,1,13.90,2.78,true,1,
7290003643820,false,חומוס ענק סוגת (500 גרם),סוגת תעשיות בעמ,,,יח`,5,100 גרם,false,1,13.90,2.78,true,1,
7290003726141,false,טופו משק גאיה (300 גרם),מחלבות גד שיווק 1992 בעמ,,,יח`,3.20,100 גרם,false,1,12.90,4.03,false,1,
7290003726615,false,טופו ויילר 300 גר`,שטראוס גרופ בעמ/מצונן,,,יח`,3,100 גרם,false,1,12.50,4.17,false,1,
7290003781065,false,קורנישונים כבושום בחומץ 680 גר`וילי פוד,ג.וילי-פוד אינטרנשיונל בעמ,,,יח`,6.90,100 גרם,false,1,10.90,1.58,false,1,
7290003781652,false,צלפים 350 גר`,ג.וילי-פוד אינטרנשיונל בעמ,,,יח`,3.50,100 גרם,false,1,9.50,2.71,false,1,
7290003805501,false,פתית בסגנון שוודי תלמה (300 גרם),יוניליוור ישראל שיווק בעמ,,,יח`,3,100 גרם,false,1,18.70,6.23,true,1,
7290003807178,false,רוטב סויה סגנון סיני קנור (300 מל),יוניליוור ישראל שיווק בעמ,,,יח`,3,"100 מ""ל",false,1,13.90,4.63,true,1,
7290003807482,false,רוטב טריאקי קנור (300 מל),יוניליוור ישראל שיווק בעמ,,,יח`,3,"100 מ""ל",false,1,13.90,4.63,true,1,
7290003864478,false,סרדינים בשמן צמחי וילי פוד (110 גרם),ג.וילי-פוד אינטרנשיונל בעמ,,,יח`,1.10,100 גרם,false,1,6.10,5.55,true,1,
7290003864492,false,סרדין בשמן צמחי 110 גר`,ג.וילי-פוד אינטרנשיונל בעמ,,,יח`,1.10,100 גרם,false,1,5.90,5.36,true,1,
7290003882922,false,עלי גפן ממולאים באורז 400 גר`.,ג.וילי-פוד אינטרנשיונל בעמ,,,יח`,4,100 גרם,false,1,9.90,2.48,false,1,
7290003903771,false,קפוצ ינו פחית 200 גר`,שטראוס גרופ בעמ,,,יח`,2,100 גרם,false,1,24.90,12.45,false,1,
7290003996018,false,חסה חסלט,יעל ירק עלים לשיווק בעמ,,,יח`,1,,false,1,7.90,7.90,false,1,
7290004011338,false,קצפת מתוקה מוכנה ספריי ריץ` (250 מל),נטו מלינדה סחר בעמ,,,יח`,2.50,"100 מ""ל",false,1,17.90,7.16,true,1,
7290004030445,false,סחוט 1 ליטר תפוזים פרי ניב,תנובה - פריניב,,,יח`,1,1 ליטר,false,1,14.90,14.90,false,1,
7290004063016,false,מלח שולחן מעולה סלית (1 קג)פיקוח,סוגת תעשיות בעמ,,,יח`,1,"ק""ג",false,1,1.90,1.90,false,1,
7290004064389,false,מלח הימלאיה דק מלחייה 250 גרם,סוגת תעשיות בעמ,,,יח`,2.50,100 גרם,false,1,12.90,5.16,true,1,
7290004068011,false,יוגורט כבשים 5% גד (600 גרם),מחלבות גד שיווק 1992 בעמ,,,יח`,6,100 גרם,false,1,17.90,2.98,false,1,
7290004068028,false,ציזיקי 500 מל,מחלבות גד שיווק 1992 בעמ,,,יח`,5,"100 מ""ל",false,1,10.90,2.18,false,1,
7290004068172,false,יוגורט עיזים 5% גד (600 גרם),מחלבות גד שיווק 1992 בעמ,,,יח`,6,100 גרם,false,1,17.90,2.98,false,1,
7290004119133,false,יוגורט 7% תנובה (1.5 ליטר),תנובה - חלב,,,יח`,1.50,1 ליטר,false,1,17.50,11.67,false,1,
7290004119225,false,יוגורט ביו 3% אננס יופלה (150 גרם),תנובה - חלב,,,יח`,1.50,"100 מ""ל",false,1,5,3.33,false,1,
7290004119928,false,מעדן חלב 3% בטעם וניל קרלו (125 גרם),תנובה - חלב,,,יח`,1.25,"100 מ""ל",false,1,2.90,2.32,false,1,
7290004120566,false,גבינה בולגרית (25024% גרם)פיראוס תנובה,תנובה - חלב,,,יח`,2.50,100 גרם,false,1,23.20,9.28,false,1,
7290004120573,false,גבינה בולגרית (25016% גרם)פיראוס תנובה,תנובה - חלב,,,יח`,2.50,100 גרם,false,1,23.90,9.56,false,1,
7290004120634,false,גבינה בולגרית (2505% גרם)פיראוס תנובה,תנובה - חלב,,,יח`,2.50,100 גרם,false,1,21.90,8.76,false,1,
7290004121488,false,יוגורט ביו דיאט 0% אפרסק יופלה (150 גרם),תנובה - חלב,,,יח`,1.50,"100 מ""ל",false,1,5.20,3.47,false,1,
7290004121525,false,מאגדת 8 יופלה 3%,תנובה - חלב,,,יח`,1.20,1 ליטר,false,1,29.90,24.92,false,1,
7290004122119,false,פתיתי פרמז`ן השף הלבן (100 גרם),תנובה - חלב,,,יח`,1,100 גרם,false,1,12.90,12.90,false,1,
7290004122195,false,גוש חלב פרוס,תנובה - חלב,,,יח`,2,100 גרם,false,1,14.20,7.10,false,1,
7290004122270,false,גבינה צהובה קלאסית 28% עמק (200 גרם),תנובה - חלב,,,יח`,2,100 גרם,false,1,16.30,8.15,false,1,
7290004122348,false,גבינה צהובה מופחתת שומן 9% עמק (200 גרם),תנובה - חלב,,,יח`,2,100 גרם,false,1,16.90,8.45,false,1,
7290004122676,false,גבינה חמד לייט (2505% גרם)פיראוס תנובה,תנובה - חלב,,,יח`,2.50,100 גרם,false,1,17.90,7.16,false,1,
7290004124205,false,יוגורט ביו דיאט 0% תות יופלה (150 גרם),תנובה - חלב,,,יח`,1.50,"100 מ""ל",false,1,5.20,3.47,false,1,
7290004124847,false,קצפת צמחית השף הלבן 500,תנובה - חלב,,,יח`,5,"100 מ""ל",false,1,15.90,3.18,false,1,
7290004125370,false,שמנת 9%,תנובה - חלב,,,יח`,2,"100 מ""ל",false,1,3.70,1.85,false,1,
7290004125400,false,אשל 4.5% מהדרין תנובה (200 מל)פיקוח,תנובה - חלב,,,יח`,2,"100 מ""ל",false,1,1.69,0.85,false,1,
7290004125417,false,גיל 3% מהדרין תנובה (200 מל)פיקוח,תנובה - חלב,,,יח`,2,"100 מ""ל",false,1,1.51,0.76,false,1,
7290004125455,false,שמנת חמוצה 15% מהדרין תנובה (200 מל),תנובה - חלב,,,יח`,2,"100 מ""ל",false,1,2.40,1.20,false,1,
7290004125509,false,שמנת חמוצה 15% תנובה (100 מל),תנובה - חלב,,,יח`,1,"100 מ""ל",false,1,1.70,1.70,false,1,
7290004125578,false,משקה סויה מועשר תנובה (1 ליטר),תנובה - חלב,,,יח`,1,1 ליטר,false,1,11.50,11.50,false,1,
7290004125585,false,משקה סויה 1 ליטר וניל על הבוקר,תנובה - חלב,,,יח`,1,1 ליטר,false,1,11.50,11.50,false,1,
7290004125721,false,שמנת עמידה לבישול 15% השף הלבן (250 מל),תנובה - חלב,,,יח`,2.50,"100 מ""ל",false,1,8.20,3.28,false,1,
7290004125738,false,השף הלבן שמנת להקצפה 250,תנובה - חלב,,,יח`,2.50,"100 מ""ל",false,1,6.60,2.64,false,1,
7290004125776,false,גבינה צהובה קלאסית 28% עמק (400 גרם),תנובה - חלב,,,יח`,4,100 גרם,false,1,28.80,7.20,false,1,
7290004126674,false,טל העמק לייט,תנובה - חלב,,,יח`,2,100 גרם,false,1,18.90,9.45,false,1,
7290004127077,false,גבינת קוטג`3% תנובה (250 גרם),תנובה - חלב,,,יח`,2.50,100 גרם,false,1,5.70,2.28,false,1,
7290004127329,false,גבינת קוטג`5% תנובה (250 גרם),תנובה - חלב,,,יח`,2.50,100 גרם,false,1,5.70,2.28,false,1,
7290004127336,false,גבינת קוטג`9% תנובה (250 גרם),תנובה - חלב,,,יח`,2.50,100 גרם,false,1,5.50,2.20,false,1,
7290004127800,false,גבינה לבנה 5% תנובה (500 גרם)פיק,תנובה - חלב,,,יח`,5,100 גרם,false,1,9.96,1.99,false,1,
7290004127862,false,גבינה לבנה 5% תנובה (750 גרם),תנובה - חלב,,,יח`,7.50,100 גרם,false,1,14.94,1.99,false,1,
7290004129101,false,גבינת נפוליאון 225 גר`טבעי גביע,תנובה - חלב,,,יח`,2.25,100 גרם,false,1,14.50,6.44,false,1,
7290004129156,false,גבינת נפוליאון 225 גר`שום שמיר גביע,תנובה - חלב,,,יח`,2.25,100 גרם,false,1,14.50,6.44,false,1,
7290004130794,false,משקה סויה במתיקות מופחתת תנובה (1 ליטר),תנובה - חלב,,,יח`,1,1 ליטר,false,1,11.50,11.50,false,1,
7290004130916,false,יופלה שמנת עם פירות יער,תנובה - חלב,,,יח`,1.50,"100 מ""ל",false,1,5,3.33,false,1,
7290004131074,false,חלב 3% מהדרין תנובה (1 ליטר),תנובה - חלב,,,יח`,1,1 ליטר,false,1,6.23,6.23,false,1,
7290004131456,false,יופלה-קרם יוגורט 1.5%,תנובה - חלב,,,יח`,2,"100 מ""ל",false,1,3.90,1.95,false,1,
7290004131814,false,גבינת צפתית מעודנת (2005% גרם)פיראוס ת,תנובה - חלב,,,יח`,2,100 גרם,false,1,15.90,7.95,false,1,
7290004132552,false,משקה סויה 1 ליטר דיא,תנובה - חלב,,,יח`,1,1 ליטר,false,1,11.50,11.50,false,1,
7290004133511,false,מאגדת שמינייה יופלה,תנובה - חלב,,,יח`,1.20,1 ליטר,false,1,20.90,17.42,false,1,
7290004135614,false,גבינה בולגרית מעודנת (2505% גרם)פיראוס,תנובה - חלב,,,יח`,2.50,100 גרם,false,1,22.30,8.92,false,1,
7290004137021,false,שמנת עמידה לבישול 10% השף הלבן (250 מל),תנובה - חלב,,,יח`,2.50,"100 מ""ל",false,1,8.20,3.28,false,1,
7290004255428,false,נר נשמה בפחית 24 שעות מנורה,אבאל יזמות בעמ,,,יח`,1,,false,1,1.90,1.90,false,1,
7290004256371,false,צהובה ריץ פרוסה 400 גר`,נטו מלינדה סחר בעמ,,,יח`,4,100 גרם,false,1,20.90,5.23,false,1,
7290004480356,false,ברי פקאן גלגל מעדניה גד,מחלבות גד שיווק 1992 בעמ,,,"ק""ג",10,100 גרם,true,1,131,13.10,false,1,
7290004480363,false,קאשקבל גלגל מעדניה גד,מחלבות גד שיווק 1992 בעמ,,,"ק""ג",10,100 גרם,true,1,120,12,false,1,
7290004494131,false,קברנה סוביניון 750 מל D דלתון,הכרם - משקאות חריפים בעמ,,,יח`,7.50,"100 מ""ל",false,1,65.90,8.75,true,1,
7290004494919,false,יין קברנה שיראז דלתון (750 מל),הכרם - משקאות חריפים בעמ,,,יח`,7.50,"100 מ""ל",false,1,50.90,6.75,true,1,
7290004584351,false,גבינת במרקם שמנת 5% סימפוניה 200 גר (200,שטראוס גרופ בעמ/מצונן,,,יח`,2,100 גרם,false,1,11.90,5.95,false,1,
7290004584528,false,יוגורט ביו 1.7% דנונה (200 גרם),שטראוס גרופ בעמ/מצונן,,,יח`,2,"100 מ""ל",false,1,3.60,1.80,false,1,
7290004585907,false,דני וניל בודד,שטראוס גרופ בעמ/מצונן,,,יח`,1.30,"100 מ""ל",false,1,2.60,2,false,1,
7290004652166,false,גאודה עלמה צהובה 27%,נטו מלינדה סחר בעמ,,,"ק""ג",10,100 גרם,true,1,28,2.80,false,1,
7290004685089,false,לחם חמניות ברמן,י.את א. ברמן בעמ,,,יח`,1,,false,1,16.20,16.20,false,1,
7290004685126,false,לחם 5 דגנים פרוס לחם הארץ (750 גרם),י.את א. ברמן בעמ,,,יח`,7.50,100 גרם,false,1,16.20,2.16,false,1,
7290004685157,false,לחם שיפון 100% פרוס לחם הארץ (750 גרם),י.את א. ברמן בעמ,,,יח`,7.50,100 גרם,false,1,16.20,2.16,false,1,
7290004685195,false,לחם 10 דגנים פרוס לחם הארץ (750 גרם),י.את א. ברמן בעמ,,,יח`,7.50,100 גרם,false,1,16.20,2.16,false,1,
7290004685430,false,100% לחם כומסין 500 גר לחם הארץ,י.את א. ברמן בעמ,,,יח`,5,100 גרם,false,1,16.20,3.24,false,1,
7290004685447,false,לחמניות כוסמין 6 יח בשקית מלא 450 גר`E,י.את א. ברמן בעמ,,,יח`,4.50,100 גרם,false,1,15.90,3.53,true,1,
7290004685478,false,פיתות כוסמין 10 בשקית,י.את א. ברמן בעמ,,,יח`,5.50,100 גרם,false,1,16.90,3.07,false,1,
7290004737719,false,אספרגוס שלם בצנצנת 330 גר`,ג.וילי-פוד אינטרנשיונל בעמ,,,יח`,3.30,100 גרם,false,1,10.90,3.30,false,1,
7290004737955,false,חמאה צהובה מעדניה,ג.וילי-פוד אינטרנשיונל **גבינו,,,"ק""ג",10,100 גרם,true,1,35,3.50,false,1,
7290004982355,false,צ`דר טריפל- מעדנייה,א. סיימן סחר בעמ,,,"ק""ג",10,100 גרם,true,1,119,11.90,false,1,
7290005068447,false,תירס קל ואקום340 גר,ויטה -פרי גליל (החדשה) בעמ,,,יח`,3.40,100 גרם,false,1,6.90,2.03,false,1,
7290005079290,false,גבנצ 15% נעם חריץ מעדנייה,החב` המרכזית - טרה,,,"ק""ג",10,100 גרם,true,1,68,6.80,false,1,
7290005084355,false,משחת שיניים דואל קר סנסודיין (75 מל),גורי ע.ע.ע בעמ,,,יח`,0.75,100 גרם,false,1,22.90,30.53,true,1,
7290005174551,false,חומוס אחלה (125 גרם),שטראוס גרופ בעמ/מצונן,,,יח`,1.25,100 גרם,false,1,5.50,4.40,false,1,
7290005174568,false,חצילים אחלה יום יום 125 גר`,שטראוס גרופ בעמ/מצונן,,,יח`,1.25,100 גרם,false,1,5.10,4.08,false,1,
7290005174575,false,טחינה אחלה (125 גרם),שטראוס גרופ בעמ/מצונן,,,יח`,1.25,100 גרם,false,1,5,4,false,1,
7290005197758,false,חיוכים שוקו 150,שטראוס גרופ בעמ,,,יח`,1.50,100 גרם,false,1,6.10,4.07,false,1,
7290005200786,false,תפוצ`יפס 50 גר שמנת בצל,שטראוס פריטו ליי בעמ,,,יח`,0.50,100 גרם,false,1,4.40,8.80,false,1,
7290005201882,false,קפה טורקי עלית (200 גרם),שטראוס גרופ בעמ,,,יח`,2,100 גרם,false,1,16.30,8.15,true,1,
7290005287206,false,טונה סטאריקיסט בשמן 160 גר`רביעייה,סטארקיסט דיפלומט היינץ,,,יח`,6.40,100 גרם,false,1,26.90,4.20,true,1,
7290005287213,false,טונה סטארקיסט בשמן 160 גר`רביעייה בדצ,סטארקיסט דיפלומט היינץ,,,יח`,6.40,100 גרם,false,1,26.90,4.20,true,1,
7290005287251,false,טונה סטארקיסט במים 160 גר`רביעייה,סטארקיסט דיפלומט היינץ,,,יח`,6.40,100 גרם,false,1,26.90,4.20,true,1,
7290005296260,false,אסטוניש רסס נגב ירוק,יעקב יעקבי ובניו בעמ,,,יח`,7.50,"100 מ""ל",false,1,11.90,1.59,false,1,
7290005326523,false,אוליביה פסטו פטרוזיליה ונענע (180 גרם),תה ויסוצקי (ישראל) בעמ,,,יח`,1.80,100 גרם,false,1,14.90,8.28,false,1,
7290005424403,false,אל סבון נוזלי כיף (1 ליטר),החברה הדרומית לשיווק בעמ,,,יח`,1,1 ליטר,false,1,13.90,13.90,true,1,
7290005424700,false,מתז פורטה פלוס 1 ליטר XL סנו,החברה הדרומית לשיווק בעמ,,,יח`,10,"100 מ""ל",false,1,18.90,1.89,true,1,
7290005424847,false,מפיות נייר סנו סושי) (150,החברה הדרומית לשיווק בעמ,,,יח`,150,יח`,false,1,8.90,0.06,true,1,
7290005425110,false,מרסס לחיטוי משטחים 99.9% 750 מל סנו,החברה הדרומית לשיווק בעמ,,,יח`,7.50,"100 מ""ל",false,1,15.90,2.12,true,1,
7290005425127,false,מרסס מנקה שומנים ואבנית 99.9% 750 מל סנ,החברה הדרומית לשיווק בעמ,,,יח`,7.50,"100 מ""ל",false,1,15.90,2.12,true,1,
7290005427107,false,מגבת הפלא סנו סושי (6),החברה הדרומית לשיווק בעמ,,,יח`,5.70,100 גרם,false,1,13.90,2.44,true,1,
7290005430602,false,סנו אוקסיג`ן מרסס מסיר כתמים,החברה הדרומית לשיווק בעמ,,,יח`,7.50,"100 מ""ל",false,1,19.90,2.65,true,1,
7290005431883,false,מלבי חלבי 165 גר`עדן קינוחים,תנובה - חלב,,,יח`,1.65,"100 מ""ל",false,1,7.20,4.36,false,1,
7290005431913,false,עוגת גבינה פרורים 92 גר`עדן קינוחים,תנובה - חלב,,,יח`,0.92,100 גרם,false,1,7.20,7.83,false,1,
7290005431937,false,מעדן טירמיסו 82 גר`עדן קינוחים,תנובה - חלב,,,יח`,0.82,100 גרם,false,1,7.20,8.78,false,1,
7290005431968,false,מלבי שמנת 150 גר`תנובה,תנובה - חלב,,,יח`,1.50,"100 מ""ל",false,1,7.50,5,false,1,
7290005559907,false,פיצה משפחתית גבינה מעדנות (500 גרם),תנובה קפואים,,,יח`,5,100 גרם,false,1,23.90,4.78,false,1,
7290005559990,false,בצק פילאס תורכי מעדנות (600 גרם),תנובה קפואים,,,יח`,6,100 גרם,false,1,25.90,4.32,false,1,
7290005591761,false,דבש לחיץ 400 גר` יד מרדכי,שטראוס גרופ בעמ,,,יח`,4,100 גרם,false,1,22.90,5.73,false,1,
7290005610097,false,תפוא אפיה אדום,תוצרת הנגב אגודה שיתופית חקלאי,,,"ק""ג",1,,true,1,3.90,3.90,false,1,
7290005610509,false,צנונית ארוזה,תוצרת הנגב אגודה שיתופית חקלאי,,,יח`,1,,false,1,6.90,6.90,true,1,
7290005838002,false,דניאלה מעדן בטעם וניל שטראוס (88 גרם),שטראוס גרופ בעמ/מצונן,,,יח`,1.50,"100 מ""ל",false,1,4,2.67,false,1,
7290005839078,false,יוגורט ביו 3% דנונה (150x8 גרם),שטראוס גרופ בעמ/מצונן,,,יח`,1.20,1 ליטר,false,1,17.20,14.33,false,1,
7290005839108,false,סימפוניה 200 גר +5%זיתים,שטראוס גרופ בעמ/מצונן,,,יח`,2,100 גרם,false,1,11.90,5.95,false,1,
7290005839313,false,מילקי טופ מגולגלת,שטראוס גרופ בעמ/מצונן,,,יח`,1.30,"100 מ""ל",false,1,4.90,3.77,false,1,
7290005896439,false,בירה בקבוק מכבי (500 מל),טמפו משקאות בעמ,,,יח`,5,"100 מ""ל",false,1,7.50,1.26,false,1,
7290005938245,false,ממרח פסטו קלאסי 220,נטו מלינדה סחר בעמ,,,יח`,1.90,100 גרם,false,1,20.30,10.68,false,1,
7290005966088,false,ירדן הר חרמון אדום 750 מל,היכל היין שקד גולן בעמ,,,יח`,7.50,"100 מ""ל",false,1,37.90,5.01,true,1,
7290005992018,false,יוגורט עיזים 3% לשתיה גד (500 מל),מחלבות גד שיווק 1992 בעמ,,,יח`,5,"100 מ""ל",false,1,14.90,2.98,false,1,
7290005992735,false,לאבנה 5% גד (250 גרם),מחלבות גד שיווק 1992 בעמ,,,יח`,2.50,100 גרם,false,1,12.40,4.96,false,1,
7290005996221,false,פסטרמה של פעם דק דק (120 גר`)יחיעם,מעדני יחיעם (1993) בעמ,,,יח`,1.20,100 גרם,false,1,11.20,9.33,false,1,
7290005996238,false,פסטרמה בדבש דק דק (120 גר`)יחיעם,מעדני יחיעם (1993) בעמ,,,יח`,1.20,100 גרם,false,1,11.20,9.33,false,1,
7290005996276,false,פסטרמה ברביקין דק דק (120 גר`)יחיעם,מעדני יחיעם (1993) בעמ,,,יח`,1.20,100 גרם,false,1,11.20,9.33,false,1,
7290006199027,false,מאגדת מצופה דיאט שמינייה,פלקו בעמ,,,יח`,6.40,100 גרם,false,1,30.90,4.83,false,1,
7290006199096,false,חטיפי עינוגים ביג 60יח,פלקו בעמ,,,יח`,7.20,100 גרם,false,1,35.70,4.96,false,1,
7290006199218,false,מאגדת מצופה דיאט שמינייה,פלקו בעמ,,,יח`,6.40,100 גרם,false,1,31.90,4.98,false,1,
7290006199461,false,קרחון מלון,פלקו בעמ,,,יח`,1,,false,1,2.30,2.30,false,1,
7290006199867,false,קרמבו מנבו 20 יח`מוקה,פלקו בעמ,,,יח`,1,,false,1,33.90,33.90,false,1,
7290006199942,false,מאגדת גלידל פרי דובדבן,פלקו בעמ,,,יח`,6.40,100 גרם,false,1,25.90,4.05,false,1,
7290006229427,false,מים מינרלים סאן בנדטו (500x6 מל),טמפו משקאות בעמ,,,יח`,3,1 ליטר,false,1,15,4.40,true,1,
7290006251374,false,תה ירוק לימונית וג`ינג`ר ויסוצקי) (25,תה ויסוצקי (ישראל) בעמ,,,יח`,0.25,100 גרם,false,1,27.90,111.60,true,1,
7290006265500,false,פטריות שמפניון ארוז,קונס`-מרינה פטריות הגליל בעמ*ש,,,יח`,2.50,1 ליטר,false,1,9.90,3.96,true,1,
7290006265845,false,חסה ערבית שמיטה,מרינה פטריות הגליל בעמ,,,יח`,1,,false,1,6.20,6.20,false,1,
7290006271655,false,מיני בורקס במילוי גבינה מעדנות (800 גרם),תנובה קפואים,,,יח`,8,100 גרם,false,1,26.90,3.36,false,1,
7290006272072,false,מעדנות חטיפי פיצה 650 גר`,תנובה קפואים,,,יח`,6.50,100 גרם,false,1,34.90,5.37,false,1,
7290006272430,false,בצק עלים חמאה חלבי מעדנות (600 גרם),תנובה קפואים,,,יח`,6,100 גרם,false,1,30.60,5.10,false,1,
7290006306302,false,רביולי פרמזן ריקוטה פסטה נונה (400 גרם),מחלבות גד שיווק 1992 בעמ,,,יח`,4,100 גרם,false,1,24.90,6.23,true,1,
7290006374738,false,קונפיטורת תות יד מרדכי 340 גר`,שטראוס גרופ בעמ,,,יח`,3.40,100 גרם,false,1,12.90,3.79,false,1,
7290006492432,false,גבינה מוצרלה בייבי 18% גד (150 גרם),מחלבות גד שיווק 1992 בעמ,,,יח`,1.70,100 גרם,false,1,14.90,8.76,false,1,
7290006492616,false,בולגרית פרוסות -2505%גד,מחלבות גד שיווק 1992 בעמ,,,יח`,2.50,100 גרם,false,1,27.50,11,false,1,
7290006492630,false,גבינה עיזים גדעז 20% גד (180 גרם),מחלבות גד שיווק 1992 בעמ,,,יח`,1.80,100 גרם,false,1,23.90,13.28,false,1,
7290006492685,false,גבינת לאבנה עיזים 5% גד (250 גרם),מחלבות גד שיווק 1992 בעמ,,,יח`,2.50,100 גרם,false,1,18.90,7.56,false,1,
7290006492852,false,גבינה לבנה עיזים 5% גד (250 גרם),מחלבות גד שיווק 1992 בעמ,,,יח`,2.50,100 גרם,false,1,17.90,7.16,true,1,
7290006492913,false,לבנה ציזיקי 250 גר,מחלבות גד שיווק 1992 בעמ,,,יח`,2.50,100 גרם,false,1,13.90,5.56,false,1,
7290006511751,false,שלישית פטריות חתוכות,ג.וילי-פוד אינטרנשיונל בעמ,,,יח`,8.70,100 גרם,false,1,12.50,1.44,false,1,
7290006567048,false,פתיתי קוסקוס ישראלי אסם (350 גרם),קבוצת אסם סחר שות. מוגבלת,,,יח`,3.50,100 גרם,false,1,9.10,2.60,false,1,
7290006618078,false,אסטוניש מרסס צהוב למטבח,יעקב יעקבי ובניו בעמ,,,יח`,7.50,"100 מ""ל",false,1,11.90,1.59,false,1,
7290006644480,false,תפוזינה תפוזים 500מל,יפאורה,,,יח`,5,"100 מ""ל",false,1,5.90,1.12,true,1,
7290006653819,false,קוסקוס דק אסם (350 גרם),קבוצת אסם סחר שות. מוגבלת,,,יח`,3.50,100 גרם,false,1,8.90,2.54,false,1,
7290006664051,false,אקטימל 1.8% דנונה (100x14 מל),שטראוס גרופ בעמ/מצונן,,,יח`,1.40,1 ליטר,false,1,30.90,22.07,false,1,
7290006664532,false,יוגורט ביו 3% תות דנונה (150 גרם),שטראוס גרופ בעמ/מצונן,,,יח`,1.50,"100 מ""ל",false,1,3.90,2.60,false,1,
7290006664990,false,יוגורט ביו 1.7% דנונה (150x8 גרם),שטראוס גרופ בעמ/מצונן,,,יח`,1.20,1 ליטר,false,1,17.20,14.33,false,1,
7290006681065,false,טעמקור XL,גלידות שטראוס בעמ,,,יח`,1,100 גרם,false,1,6.90,6.90,true,1,
7290006681553,false,קרמבו שמינייה וניל,גלידות שטראוס בעמ,,,יח`,2,100 גרם,false,1,17.90,8.95,false,1,
7290006681560,false,קרמבו שמינייה מוקה,גלידות שטראוס בעמ,,,יח`,2,100 גרם,false,1,17.90,8.95,false,1,
7290006704061,false,עירית ארוזה,א.אדמה (2007) בעמ,,,יח`,1,,false,1,5.90,5.90,false,1,
7290006704269,false,חסה עגולה,מרינה פטריות הגליל בעמ,,,יח`,1,,false,1,5.10,5.10,false,1,
7290006739414,false,סלמי קוניאק זוגלובק (300 גרם),זוגלובק שיווק בעמ,,,יח`,3.50,100 גרם,false,1,29.90,8.54,true,1,
7290006742278,false,פסטרמה צלויה 330 גר`,זוגלובק שיווק בעמ,,,יח`,3.30,100 גרם,false,1,30.50,9.24,true,1,
7290006742292,false,פסטרממיה בדבש 330 גר`,זוגלובק שיווק בעמ,,,יח`,3.30,100 גרם,false,1,30.50,9.24,true,1,
7290006748119,false,פרחים זר גרברה,פרחי ליידי דיאן בעמ,,,יח`,1,,false,1,59,59,false,1,
7290006764065,false,בירה שחורה נשר מאלט חוזר (500 מל),טמפו משקאות בעמ,,,יח`,5,"100 מ""ל",false,1,5.90,0.94,true,1,
7290006764072,false,בירה גולדסטאר (500 מל),טמפו משקאות בעמ,,,יח`,5,"100 מ""ל",false,1,8.70,1.50,false,1,
7290006878045,false,סלרי גוש,י.יבולי קטיף מהדרין בעמ-חזרות,,,יח`,1,,false,1,6.20,6.20,false,1,
7290006983152,false,קרוטונים מתובלים למרק אסם (400 גרם),קבוצת אסם סחר שות. מוגבלת,,,יח`,4,100 גרם,false,1,21.40,5.35,false,1,
7290006983176,false,קרקר לחמית שיפון אסם (230 גרם),קבוצת אסם סחר שות. מוגבלת,,,יח`,2.30,100 גרם,false,1,9.90,4.30,true,1,
7290006983770,false,עוגת הבית שיש אסם (400 גרם),קבוצת אסם סחר שות. מוגבלת,,,יח`,4,100 גרם,false,1,12.50,3.13,false,1,
7290006983787,false,עוגת הבית שוקוצ`יפס אסם (400 גרם),קבוצת אסם סחר שות. מוגבלת,,,יח`,4,100 גרם,false,1,12.50,3.13,false,1,
7290006983794,false,עוגת הבית תפוז אסם (400 גרם),קבוצת אסם סחר שות. מוגבלת,,,יח`,4,100 גרם,false,1,12.50,3.13,false,1,
7290008175210,false,פרמז`נו מגורדת 90 גר`,ג.וילי-פוד אינטרנשיונל **גבינו,,,יח`,0.90,100 גרם,false,1,17.90,19.89,false,1,
7290008175692,false,איטריות נודלס 400 גר`,ג.וילי-פוד אינטרנשיונל בעמ,,,יח`,4,100 גרם,false,1,8.90,2.23,false,1,
7290008175814,false,פטריות חתוך 400 גר`,ג.וילי-פוד אינטרנשיונל בעמ,,,יח`,4,100 גרם,false,1,4.90,1.23,false,1,
7290008268455,false,קיווי ארוז בראשית,בראשית - אגודה שיתופית*שיק 45,,,יח`,1,,false,1,15,15,false,1,
7290008343558,false,סיגרים בשר 1 קג שלושת האופים,נטו מלינדה סחר בעמ,,,יח`,1,"ק""ג",false,1,20.90,20.90,true,1,
7290008409124,false,שניצל ג`ונגל מאמא עוף (700 גרם),תנובה קפואים,,,יח`,7,100 גרם,false,1,38.80,5.54,false,1,
7290008409216,false,שניצל דק דק פריך מאמא עוף (700 גרם),תנובה קפואים,,,יח`,7,100 גרם,false,1,42.90,6.13,false,1,
7290008409544,false,שניצל עוף אמיתי מאמא עוף (700 גרם),תנובה קפואים,,,יח`,7,100 גרם,false,1,45.90,6.56,false,1,
7290008409582,false,שניצל עוף אמיתי ביתי מאמא עוף,תנובה קפואים,,,יח`,7,100 גרם,false,1,45.80,6.54,false,1,
7290008415071,false,חומוס עם טחינה צבר (150 גרם),קבוצת אסם סחר שות. מוגבלת,,,יח`,1.50,100 גרם,false,1,5,3.33,false,1,
7290008415514,false,צבר חומוס+חריף 150,קבוצת אסם סחר שות. מוגבלת,,,יח`,1.50,100 גרם,false,1,5,3.33,false,1,
7290008443616,false,נקה 7 מרכך 750 מל ורוד,החברה הדרומית לשיווק בעמ,,,יח`,7.50,"100 מ""ל",false,1,11.90,1.59,true,1,
7290008464024,false,בירה לא מסוננת גולדסטאר (500 מל),טמפו משקאות בעמ,,,יח`,5,"100 מ""ל",false,1,8.90,1.72,false,1,
7290008464109,false,גולדסטאר לא מסונן בודד 330 מל,טמפו משקאות בעמ,,,יח`,3.30,"100 מ""ל",false,1,8.20,2.39,false,1,
7290008464222,false,בירה מכבי 7.9% 500 פחית.,טמפו משקאות בעמ,,,יח`,5,"100 מ""ל",false,1,7.90,1.52,false,1,
7290008464345,false,בקבוק גולדסטאר 330 מל,טמפו משקאות בעמ,,,יח`,3.30,"100 מ""ל",false,1,6.80,1.97,false,1,
7290008464468,false,בירה בפחית גולדסטאר (500 מל),טמפו משקאות בעמ,,,יח`,5,"100 מ""ל",false,1,8.50,1.64,false,1,
7290008464475,false,בירה מכבי פחית 500 מל,טמפו משקאות בעמ,,,יח`,5,"100 מ""ל",false,1,7.50,1.44,false,1,
7290008464505,false,מים סאן בנדטו 500 מל,טמפו משקאות בעמ,,,יח`,5,"100 מ""ל",false,1,4.90,0.92,false,1,
7290008464697,false,בירה 7.9% אלכוהול מכבי (330x6 מל),טמפו משקאות בעמ,,,יח`,1.98,1 ליטר,false,1,37.70,18.13,true,1,
7290008464703,false,בירה מכבי (330x6 מל),טמפו משקאות בעמ,,,יח`,1.98,1 ליטר,false,1,36.60,17.58,true,1,
7290008464741,false,בירה גולדסטאר 330 מל בקבוק שישייה,טמפו משקאות בעמ,,,יח`,1.98,1 ליטר,false,1,40.70,19.65,true,1,
7290008636926,false,אבקת קקאו מיה (500 גרם),מיה תעשיות מזון מ.ת.מ. בעמ,,,יח`,5,100 גרם,false,1,15.90,3.18,false,1,
7290008636964,false,שקדים מולבנים שבבים 100 גר`,מיה תעשיות מזון מ.ת.מ. בעמ,,,יח`,1,100 גרם,false,1,12.50,12.50,false,1,
7290008644112,false,מטבוחה 125אחלה יום יום,שטראוס גרופ בעמ/מצונן,,,יח`,1.25,100 גרם,false,1,5.50,4.40,false,1,
7290008644235,false,מבחר עלי בייבי 120 גרם-טעם הטבע,שטראוס גרופ בעמ/מצונן,,,יח`,1.20,100 גרם,false,1,10.10,8.42,false,1,
7290008644945,false,סלט המושבה שטראוס 450 גר`-טעם הטבע,שטראוס גרופ בעמ/מצונן,,,יח`,4.50,100 גרם,false,1,11.20,2.49,false,1,
7290008645935,false,חומוס אחלה (750 גרם),שטראוס גרופ בעמ/מצונן,,,יח`,7.50,100 גרם,false,1,10.90,1.45,false,1,
7290008693134,false,דניאלה מעדן בטעם תות שטראוס (88 גרם),שטראוס גרופ בעמ/מצונן,,,יח`,1.50,"100 מ""ל",false,1,4,2.67,false,1,
7290008745239,false,תפוצ`יפס 50 גר קראנץ`,שטראוס פריטו ליי בעמ,,,יח`,0.55,100 גרם,false,1,4,7.27,false,1,
7290008753111,false,תפוצ`יפס 50 גר קראנץ`מקסיקני,שטראוס פריטו ליי בעמ,,,יח`,0.50,100 גרם,false,1,4.40,8.80,false,1,
7290008757034,false,סודה 250 מל,יפאורה,,,יח`,2.50,"100 מ""ל",false,1,2.90,1.04,true,1,
7290008802529,false,וינו לבן 750 מל,אגודת הכורמים,,,יח`,7.50,"100 מ""ל",false,1,20.90,2.75,true,1,
7290008803090,false,מרלו אזורית אדום יבש 750 מל,אגודת הכורמים,,,יח`,7.50,"100 מ""ל",false,1,54.90,7.28,true,1,
7290008805520,false,קברנה מרלו סלקטד אדום יבש 750 מל,אגודת הכורמים,,,יח`,7.50,"100 מ""ל",false,1,30.90,4.08,true,1,
7290010045006,false,עוגיות חמאה פריכות לחמי (200 גרם),אבאל יזמות בעמ,,,יח`,2,100 גרם,false,1,19.90,9.95,true,1,
7290010045051,false,עוגיות מלבן שקדים לחמי (200 גרם),אבאל יזמות בעמ,,,יח`,2,100 גרם,false,1,19.90,9.95,true,1,
7290010045068,false,עוגיות נסיכה לחמי (250 גרם),אבאל יזמות בעמ,,,יח`,2.50,100 גרם,false,1,19.90,7.96,true,1,
7290010051021,false,בזיליקום א.אדמה,א.אדמה (2007) בעמ,,,יח`,1,,false,1,5.90,5.90,false,1,
7290010051045,false,סלט ביבי מיקס בנספק,א.אדמה (2007) בעמ,,,יח`,1,,false,1,9.90,9.90,false,1,
7290010051052,false,פטרוזליה א. אדמה,א.אדמה (2007) בעמ,,,יח`,1.20,100 גרם,false,1,4.90,4.08,false,1,
7290010051076,false,לבבות חסה קיסר,א.אדמה (2007) בעמ,,,יח`,1,,false,1,11.90,11.90,false,1,
7290010051113,false,טימין / קורנית,א.אדמה (2007) בעמ,,,יח`,1,,false,1,5.90,5.90,false,1,
7290010051144,false,תרד עלים א.אדמה,א.אדמה (2007) בעמ,,,יח`,1.80,100 גרם,false,1,9.90,5.50,false,1,
7290010051168,false,כוסברה א. אדמה,א.אדמה (2007) בעמ,,,יח`,1,,false,1,4.90,4.90,false,1,
7290010051175,false,שמיר א. אדמה,א.אדמה (2007) בעמ,,,יח`,1,,false,1,4.90,4.90,false,1,
7290010051182,false,עלי נענע א. אדמה,א.אדמה (2007) בעמ,,,יח`,1,,false,1,4.90,4.90,false,1,
7290010051205,false,עלי סלרי א. אדמה,א.אדמה (2007) בעמ,,,יח`,1,,false,1,5.90,5.90,false,1,
7290010051212,false,סלרי ראש.,א.אדמה (2007) בעמ,,,יח`,3,100 גרם,false,1,5.90,1.97,false,1,
7290010051267,false,לוף ארוז- א.אדמה,א.אדמה (2007) בעמ,,,יח`,1,,false,1,10.90,10.90,false,1,
7290010051281,false,עלה רוקולה 110 גר,א.אדמה (2007) בעמ,,,יח`,1.10,100 גרם,false,1,9.90,9,false,1,
7290010051298,false,סלק עלים ארוז מנגולד א.אד,א.אדמה (2007) בעמ,,,יח`,1,,false,1,5.90,5.90,false,1,
7290010051335,false,בצל ירוק,א.אדמה (2007) בעמ,,,יח`,1,,false,1,6.90,6.90,false,1,
7290010051373,false,לבבות חסה בשקית,א.אדמה (2007) בעמ,,,יח`,1,,false,1,10.90,10.90,false,1,
7290010051687,false,רוזמרין ארוז,א.אדמה (2007) בעמ,,,יח`,3,100 גרם,false,1,5.90,1.97,false,1,
7290010051724,false,מלפפון בייבי,א.אדמה (2007) בעמ,,,יח`,1,,false,1,9.90,9.90,false,1,
7290010066513,false,טונה בשמן צמחי 158 גר`רביעייה פילטונה,פילטונה תעשיות בעמ,,,יח`,6.32,100 גרם,false,1,23.90,3.78,false,1,
7290010066575,false,טונה במי מלח 158 גר`רביעייה פילטונה,פילטונה תעשיות בעמ,,,יח`,6.32,100 גרם,false,1,23.90,3.78,false,1,
7290010129003,false,עוגיות אוזניים דולצ`ה ויטה 600 גר,שיבולים יצור ושיווק מוצרי מאפה,,,יח`,6,100 גרם,false,1,20.90,3.48,false,1,
7290010129010,false,עוגיות כתר ריבה דולצ`ה ויטה (600 גרם),שיבולים יצור ושיווק מוצרי מאפה,,,יח`,6,100 גרם,false,1,20.90,3.48,false,1,
7290010129720,false,עוגיות רוגלך קינמון 400 גר`,שיבולים יצור ושיווק מוצרי מאפה,,,יח`,4,100 גרם,false,1,12.90,3.23,false,1,
7290010129959,false,עוגיות רוגלך טעם שוקולד 400 גר`,שיבולים יצור ושיווק מוצרי מאפה,,,יח`,4,100 גרם,false,1,12.90,3.23,false,1,
7290010154265,false,פלפל צ`ומה תבליני ביטון יוחאי (250 גרם),נטו מלינדה סחר בעמ,,,יח`,2.50,100 גרם,false,1,15.90,6.36,true,1,
7290010173174,false,יין אדום יבש אלון יקב הרי גליל 750 מל,היכל היין שקד גולן בעמ,,,יח`,7.50,"100 מ""ל",false,1,57.90,7.68,true,1,
7290010237548,false,פפסי קול מקס 500 מל,טמפו משקאות בעמ,,,יח`,5,"100 מ""ל",false,1,4,0.74,true,1,
7290010237685,false,בירה הייניקן 330 בקבוק,טמפו משקאות בעמ,,,יח`,3.30,"100 מ""ל",false,1,10.80,3.18,false,1,
7290010259366,false,נודלס מסולסלות וילי פוד (200 גרם),ג.וילי-פוד אינטרנשיונל בעמ,,,יח`,2,100 גרם,false,1,5.90,2.95,false,1,
7290010259830,false,מנת השף מרק+נודלס פיקנטי,ג.וילי-פוד אינטרנשיונל בעמ,,,יח`,0.70,100 גרם,false,1,5.50,7.86,false,1,
7290010259991,false,צנימים וילי פוד (250 גרם),ג.וילי-פוד אינטרנשיונל בעמ,,,יח`,2.50,100 גרם,false,1,9.10,3.64,true,1,
7290010471669,false,דנונה פרי בר קורנפלקס,שטראוס גרופ בעמ/מצונן,,,יח`,1.75,"100 מ""ל",false,1,4.50,2.57,false,1,
7290010654109,false,גבינת שמנת%5 טבעי מעדנייה,אמא מ.א.א. ניהול והשקעות בעמ,,,"ק""ג",0,100 גרם,true,1,29,29,false,1,
7290010654833,false,בולגרית מעודנת 5% שש בש,אמא מ.א.א. ניהול והשקעות בעמ,,,"ק""ג",10,100 גרם,true,1,40,4,false,1,
7290010654949,false,גבינת שמנת%5 זיתים מעדנייה,אמא מ.א.א. ניהול והשקעות בעמ,,,"ק""ג",10,100 גרם,true,1,29,2.90,false,1,
7290010757961,false,ג`חנון ללא גלוטן 450 גר`אריאל,מאפיית אריאל בעמ,,,יח`,4.50,100 גרם,false,1,20.90,4.64,false,1,
7290010777297,false,פיתות ביס פיתה אקספרס (10 יח`- 600 גרם),מגוון שיווק והפצת מאפים בעמ,,,יח`,0.01,1 ליטר,false,1,12.50,1250,false,1,
7290010838431,false,טואלט דאק 750 מל זוג,דנשר (1963) בעמ,,,יח`,1.50,1 ליטר,false,1,19.90,13.27,false,1,
7290010849529,false,די לואיג`י ביאנקו 750 מל למברוסקו,הכרם - משקאות חריפים בעמ,,,יח`,7.50,"100 מ""ל",false,1,32.90,4.35,true,1,
7290010945146,false,קוטג`3% מועשר 250 גר`,החב` המרכזית - טרה,,,יח`,2.50,100 גרם,false,1,5.90,2.36,false,1,
7290010945450,false,גבינה לבנה 3% 250 גר`פיקוח,החב` המרכזית - טרה,,,יח`,2.50,100 גרם,false,1,4.98,1.99,false,1,
7290011017866,false,פחית קולה סליק קוקה-קולה (330 מל),החברה המרכזית להפצת משקאות בעמ,,,יח`,3.30,"100 מ""ל",false,1,4.30,1.21,true,1,
7290011017873,false,פחית זירו סליק קוקה-קולה (330 מל),החברה המרכזית להפצת משקאות בעמ,,,יח`,3.30,"100 מ""ל",false,1,4.30,1.21,true,1,
7290011017880,false,פחית דיאט קולה סליק קוקה-קולה (330 מל),החברה המרכזית להפצת משקאות בעמ,,,יח`,3.30,"100 מ""ל",false,1,4.30,1.21,true,1,
7290011064280,false,גבינת צאן עירונית,הגבינות של ניצן,,,"ק""ג",10,100 גרם,true,1,15.90,1.59,false,1,
7290011126452,false,תה קמומיל ונענע ויסוצקי הגן הקסום) (25,תה ויסוצקי (ישראל) בעמ,,,יח`,0.3750,100 גרם,false,1,17.90,47.73,true,1,
7290011131371,false,מוזלי קראנצ`י שקדים ואגוזים גרין (1 קג),משה סידס ובנו בעמ,,,יח`,1,"ק""ג",false,1,28.50,28.50,false,1,
7290011131395,false,מוזלי קראנצ`י 30% פירות גרין (1 קג),משה סידס ובנו בעמ,,,יח`,1,"ק""ג",false,1,28.50,28.50,false,1,
7290011148805,false,שעועית טריה ירקט,ירקט ירקות צעירים ארוזים בעמ,,,יח`,1,,false,1,12.90,12.90,false,1,
7290011148959,false,פלפל טינקרבל- 200 גר- מרינה,מרינה פטריות הגליל בעמ,,,יח`,2,100 גרם,false,1,8.10,4.05,false,1,
7290011194246,false,גבינת קוטג`5% שטראוס (250 גרם),שטראוס גרופ בעמ/מצונן,,,יח`,2.50,100 גרם,false,1,5.90,2.36,false,1,
7290011223243,false,ג`ל לאסלה לבנדר טואלט דאק (55 מל),דנשר (1963) בעמ,,,יח`,0.55,"100 מ""ל",false,1,13.50,24.55,false,1,
7290011435226,false,דבש מפרחי בר בלחיץ 650 גר`,שטראוס גרופ בעמ,,,יח`,6.50,100 גרם,false,1,34.90,5.37,false,1,
7290011438142,false,משקה בטעם קפה בקבוק 350,שטראוס גרופ בעמ/מצונן,,,יח`,3.50,"100 מ""ל",false,1,6.30,1.80,false,1,
7290011499051,false,גבינת פטה כבשים 20% גד (250 גרם),מחלבות גד שיווק 1992 בעמ,,,יח`,2.50,100 גרם,false,1,26.90,10.76,false,1,
7290011499105,false,גבינה בולגרית 5% גד (250 גרם),מחלבות גד שיווק 1992 בעמ,,,יח`,2.50,100 גרם,false,1,24.50,9.80,false,1,
7290011499112,false,גבינה בולגרית 16% גד (250 גרם),מחלבות גד שיווק 1992 בעמ,,,יח`,2.50,100 גרם,false,1,23.90,9.56,false,1,
7290011499129,false,בולגרית לסלט 5% 200 גר`,מחלבות גד שיווק 1992 בעמ,,,יח`,2,100 גרם,false,1,22.90,11.45,false,1,
7290011499303,false,פטה עיזים מעודנת 5% גד,מחלבות גד שיווק 1992 בעמ,,,יח`,2.50,100 גרם,false,1,30.90,12.36,false,1,
7290011499327,false,גבינה בולגרית מעודנת 5% גד (250 גרם),מחלבות גד שיווק 1992 בעמ,,,יח`,2.50,100 גרם,false,1,23.30,9.32,false,1,
7290011499358,false,גבינה פטה עיזים 20% גד (200 גרם),מחלבות גד שיווק 1992 בעמ,,,יח`,2,100 גרם,false,1,27.90,13.95,false,1,
7290011499419,false,גבינת במרקם שמנת 5% טבעי גד,מחלבות גד שיווק 1992 בעמ,,,יח`,2,100 גרם,false,1,11.90,5.95,false,1,
7290011499624,false,גבינת שמנת 30% 200 גר`גד,מחלבות גד שיווק 1992 בעמ,,,יח`,2,100 גרם,false,1,13.20,6.60,true,1,
7290011499846,false,גבינת ריקוטה פרסקה 9% גד (300 גרם),מחלבות גד שיווק 1992 בעמ,,,יח`,3,100 גרם,false,1,18.90,6.30,false,1,
7290011518561,false,אקטימל בטעם תות דנונה (100x14 מל),שטראוס גרופ בעמ/מצונן,,,יח`,1.40,1 ליטר,false,1,30.90,22.07,false,1,
7290011598211,false,סנו אנטי קאלק 4ב1 700 מל,החברה הדרומית לשיווק בעמ,,,יח`,7,"100 מ""ל",false,1,19.90,2.84,true,1,
7290011765446,false,משחת שיניים אורביטול בוב ספוג 70 גרם,החברה הדרומית לשיווק בעמ,,,יח`,0.70,100 גרם,false,1,9.90,14.14,true,1,
7290011800840,false,טחינה בלאדי רפי כהן צבר (400 גרם),קבוצת אסם סחר שות. מוגבלת,,,יח`,4,100 גרם,false,1,16.50,4.13,false,1,
7290011877859,false,אינסטלטור פותח סתימות סנו (200 גרם),החברה הדרומית לשיווק בעמ,,,יח`,2,"100 מ""ל",false,1,15.90,7.95,true,1,
7290011923273,false,טופו אורגני ליב (300 גרם),ל.י.ב. (לחיות יותר בטבע) בעמ,,,יח`,3,100 גרם,false,1,12.20,4.07,false,1,
7290011923303,false,טופו טבעי ליב (300 גרם),ל.י.ב. (לחיות יותר בטבע) בעמ,,,יח`,3,100 גרם,false,1,10.50,3.50,false,1,
7290011947316,false,זיתי קלמטה 215 גר,תה ויסוצקי (ישראל) בעמ,,,יח`,2.15,100 גרם,false,1,14.90,6.93,false,1,
7290011947781,false,מיקס זית ירוק וזית קלמטה ללא גלעין עם שמ,תה ויסוצקי (ישראל) בעמ,,,יח`,1.90,100 גרם,false,1,14.40,7.58,false,1,
7290011947798,false,זית קלמטה ללא גלעין עם שמן זית כתית מעול,תה ויסוצקי (ישראל) בעמ,,,יח`,1.90,100 גרם,false,1,14.40,7.58,false,1,
7290011964344,false,שום גבישי 120 גר`,תבליני טעם וריח בעמ,,,יח`,1.20,100 גרם,false,1,9.90,8.25,true,1,
7290011964689,false,תיבול על האש 100 גר`,תבליני טעם וריח בעמ,,,יח`,1,100 גרם,false,1,9.90,9.90,true,1,
7290011964702,false,תיבול לשווארמה 100 גר`,תבליני טעם וריח בעמ,,,יח`,1,100 גרם,false,1,9.90,9.90,true,1,
7290011996109,false,רוטב צ`ילי מתוק טעמי אסיה (700 מל),טחנת האבן קואופ בעמ,,,יח`,7,"100 מ""ל",false,1,10.90,1.56,false,1,
7290011996123,false,אצות נורי גולד טעמי אסיה) (10,טחנת האבן קואופ בעמ,,,יח`,0.25,100 גרם,false,1,12.90,51.60,true,1,
7290011996178,false,רוטב סויה בסגנון יפני 300 מל,טחנת האבן קואופ בעמ,,,יח`,3,"100 מ""ל",false,1,10.90,3.63,false,1,
7290011996222,false,מי קוקוס טעמי אסיה (400 מל),טחנת האבן קואופ בעמ,,,יח`,4,"100 מ""ל",false,1,9.90,2.48,false,1,
7290011996499,false,אטריות אורז דקות טעמי אסיה (400 גרם),טחנת האבן קואופ בעמ,,,יח`,4,100 גרם,false,1,11.90,2.98,false,1,
7290011996512,false,אטריות אורז 3 סמ טעמי אסיה (400 גרם),טחנת האבן קואופ בעמ,,,יח`,4,100 גרם,false,1,11.90,2.98,false,1,
7290011996888,false,רוטב טריאקי טעמי אסיה (300 מל),טחנת האבן קואופ בעמ,,,יח`,3,"100 מ""ל",false,1,11.90,3.97,false,1,
7290012022005,false,קריספיות,דילייט 2005 בעמ,,,יח`,0.60,100 גרם,false,1,12.90,21.50,false,1,
7290012022050,false,קריספיות חיטה מלאה,דילייט 2005 בעמ,,,יח`,0.75,100 גרם,false,1,13.90,18.53,false,1,
7290012022067,false,קריספיות קידס 30 גרם,דילייט 2005 בעמ,,,יח`,0.30,100 גרם,false,1,10.90,36.33,false,1,
7290012117350,false,ריצפז פרש 2 ליטר לילך,החברה הדרומית לשיווק בעמ,,,יח`,2,1 ליטר,false,1,20.90,10.45,true,1,
7290012117534,false,סנו מקסימה מרכך 1 ליטר כחול,החברה הדרומית לשיווק בעמ,,,יח`,1,1 ליטר,false,1,18.90,18.90,true,1,
7290012212154,false,מלפפון במלח קטן צנצנת זכוכית,אבאל יזמות בעמ,,,יח`,5.60,100 גרם,false,1,12.90,2.30,true,1,
7290012226021,false,נקניק סלמי מעושן פראג זוגלובק (400 גרם),זוגלובק שיווק בעמ,,,יח`,4,100 גרם,false,1,23.40,5.85,false,1,
7290012226120,false,קבנוס זוגלובק (45x3 גרם),זוגלובק שיווק בעמ,,,יח`,1.35,100 גרם,false,1,12.50,9.26,true,1,
7290012227981,false,פסטרמה ברביקין 120 גר`זוגלובק,זוגלובק שיווק בעמ,,,יח`,1.20,100 גרם,false,1,13.90,11.58,true,1,
7290012227998,false,חזה בקר 120 גר`זוגלובק,זוגלובק שיווק בעמ,,,יח`,1.20,100 גרם,false,1,14.70,12.25,true,1,
7290012576607,false,יין פרימייר אדום-קברנה סובניון ומלבק,טמפו משקאות בעמ,,,יח`,7.50,"100 מ""ל",false,1,27.90,3.68,false,1,
7290012645112,false,יוגורט עיזים 750 מל בדלי,שטראוס גרופ בעמ/מצונן,,,יח`,7.50,"100 מ""ל",false,1,20.90,2.79,false,1,
7290012697081,false,סטיוויה שקיות סוכרזית) (100,שטראוס גרופ בעמ,,,יח`,1,100 גרם,false,1,30.50,30.50,true,1,
7290012759024,false,חטיף אישי חמוציות ואגוזי מלך 50 גר`,טחנת האבן קואופ בעמ,,,יח`,0.50,100 גרם,false,1,7.90,15.80,true,1,
7290012759031,false,חטיף אישי בננה פקאן 50 גר`,טחנת האבן קואופ בעמ,,,יח`,0.50,100 גרם,false,1,7.90,15.80,true,1,
7290012759727,false,חטיף אישי בראוניז תמר שוקולד פקאן ופולי,טחנת האבן קואופ בעמ,,,יח`,0.50,100 גרם,false,1,7.90,15.80,true,1,
7290012759734,false,חטיף בראוניז חמאת בוטנים קשיו וגוג`י 40,טחנת האבן קואופ בעמ,,,יח`,0.30,100 גרם,false,1,7.90,26.33,true,1,
7290012759949,false,חטיף אישי חלבון תמר לוז וצ`יה 50 גר`,טחנת האבן קואופ בעמ,,,יח`,0.50,100 גרם,false,1,9.50,19,true,1,
7290012803451,false,טוסו שוקולד מריר ללתס 100 גר` 62%,דנשר (1963) בעמ,,,יח`,1,100 גרם,false,1,14.20,14.20,false,1,
7290012803765,false,טוסו שוקולד מריר ללתס 100 גר`,דנשר (1963) בעמ,,,יח`,1,100 גרם,false,1,14.20,14.20,false,1,
7290012823381,false,סנו מקסימה מרכך 1 ליטר ורוד פסים,החברה הדרומית לשיווק בעמ,,,יח`,1,1 ליטר,false,1,18.90,18.90,true,1,
7290012823602,false,נייר טואלט סופט 32 גלילים,החברה הדרומית לשיווק בעמ,,,יח`,1,,false,1,35.90,35.90,true,1,
7290012901355,false,ארוחת אטריות עם גבינה 206 גר`Doodles,מור-ים מרקטינג בעמ,,,יח`,2.06,100 גרם,false,1,11.90,5.78,false,1,
7290012911156,false,רוטב טריאקי שומשום 300 מל,טחנת האבן קואופ בעמ,,,יח`,3,"100 מ""ל",false,1,15.90,5.30,false,1,
7290012911293,false,דפי אורז 22 סמ טעמי אסיה (300 גרם)-ללא,טחנת האבן קואופ בעמ,,,יח`,3,100 גרם,false,1,12.90,4.30,true,1,
7290012911415,false,ממרח קארי ירוק טעמי אסיה (400 גרם),טחנת האבן קואופ בעמ,,,יח`,4,100 גרם,false,1,19.50,4.88,true,1,
7290012911422,false,ממרח קארי אדום טעמי אסיה (400 גרם),טחנת האבן קואופ בעמ,,,יח`,4,100 גרם,false,1,19.50,4.88,true,1,
7290012911477,false,קרם קוקוס טעמי אסיה (400 מל),טחנת האבן קואופ בעמ,,,יח`,4,100 גרם,false,1,10.90,2.73,false,1,
7290012911804,false,שמן שומשום טעמי אסיה (150 מל),טחנת האבן קואופ בעמ,,,יח`,1.50,"100 מ""ל",false,1,16.90,11.27,true,1,
7290012911941,false,רוטב צילי מתוק ללתס 700 מל,טחנת האבן קואופ בעמ,,,יח`,7,"100 מ""ל",false,1,15.90,2.27,false,1,
7290012921025,false,בירה בהירה בירה מלכה (330 מל),הכרם - משקאות חריפים בעמ,,,יח`,3.30,"100 מ""ל",false,1,14.90,4.42,true,1,
7290012938924,false,אקווה פרש מי פה 500 מל,גורי ע.ע.ע בעמ,,,יח`,5,"100 מ""ל",false,1,22.40,4.48,false,1,
7290013027399,false,לחם אנג`ל 100 בתוספת שיפון-קל 750גר,שלמה א. אנג`ל בעמ,,,יח`,7.50,100 גרם,false,1,13.90,1.85,false,1,
7290013128324,false,ענבים שחורים,לכיש מושב עובדים להתישבות*30 י,,,"ק""ג",1,,true,1,15.90,15.90,false,1,
7290013153418,false,סחוט 1 ליטר פריגת לימונענע,החב` המרכזית - טרה,,,יח`,1,1 ליטר,false,1,16.90,16.90,true,1,
7290013153593,false,פריגת תפוזים מתקתק 100% 1 ליטר,החב` המרכזית - טרה,,,יח`,10,"100 מ""ל",false,1,11.90,1.16,false,1,
7290013215017,false,דואט פטריות -יחידה,חוות השמפיניון בעמ,,,יח`,1,,false,1,18.90,18.90,false,1,
7290013268884,false,ריצפז פרש 2 ליטר מאסק,החברה הדרומית לשיווק בעמ,,,יח`,2,1 ליטר,false,1,20.90,10.45,true,1,
7290013268990,false,מקסימה מרכך סופר מרוכז ביו סנו (1 ליטר),החברה הדרומית לשיווק בעמ,,,יח`,1,1 ליטר,false,1,18.90,18.90,true,1,
7290013269300,false,סושי ניילון נצמד פלוס סנו (150 מטר),החברה הדרומית לשיווק בעמ,,,יח`,1,,false,1,21.90,21.90,true,1,
7290013269751,false,ריצפז פרש מטליות חד פעמיות 10 יח`,החברה הדרומית לשיווק בעמ,,,יח`,1,,false,1,12.90,12.90,true,1,
7290013276117,false,בירה נגב אואזיס 330 מל,הכרם - משקאות חריפים בעמ,,,יח`,3.30,"100 מ""ל",false,1,14.90,4.42,true,1,
7290013276124,false,בירה נגב אמבר אייל 330 מל,הכרם - משקאות חריפים בעמ,,,יח`,3.30,"100 מ""ל",false,1,14.90,4.42,true,1,
7290013284310,false,רוטב פסטה 240 גר`פריניר,אבאל יזמות בעמ,,,יח`,2.40,100 גרם,false,1,5.90,2.46,true,1,
7290013284662,false,רוטב פיצה 240 גר`פריניר,אבאל יזמות בעמ,,,יח`,2.40,100 גרם,false,1,5.90,2.46,true,1,
7290013310408,false,כפפות ניטריל ללא אבקה XL 80 יח`,אינטרסן 1996 בעמ,,,יח`,80,יח`,false,1,25.90,0.32,false,1,
7290013358363,false,פירורי לחם פנקו מוזהבים 300 גר`מנה מאסט,ש.שסטוביץ בעמ,,,יח`,3,100 גרם,false,1,10.90,3.63,false,1,
7290013358530,false,רוטב צ`ילי מתוק מאסטר שף (700 מל),ש.שסטוביץ בעמ,,,יח`,7,"100 מ""ל",false,1,14.90,2.13,false,1,
7290013358578,false,אטריות אורז רחבות 400 גר`מנה מאסטר שף,ש.שסטוביץ בעמ,,,יח`,4,100 גרם,false,1,10.90,2.73,false,1,
7290013430250,false,אלכסנדר חיטה ישראלית בקבוק בודד 330 מל,אגודת הכורמים,,,יח`,3.30,"100 מ""ל",false,1,13.90,4.12,true,1,
7290013492005,false,תפוא ננסי מיקרוגל,א.אדמה (2007) בעמ,,,יח`,1,,false,1,8.90,8.90,false,1,
7290013531759,false,שעועית לבנה מבושלת במים יכין (550 גרם),זנלכל בעמ,,,יח`,5.50,100 גרם,false,1,8.50,1.55,false,1,
7290013580009,false,המבורגר זהב 400 גר`בלדי,בלדי בעמ,,,יח`,4,100 גרם,false,1,16.90,4.23,false,1,
7290013585233,false,ספרייט זירו 330 מלסילק,החברה המרכזית להפצת משקאות בעמ,,,יח`,3.30,"100 מ""ל",false,1,4.30,1.21,true,1,
7290013585387,false,בקבוק זירו קוקה-קולה (1 ליטר),החברה המרכזית להפצת משקאות בעמ,,,יח`,10,"100 מ""ל",false,1,7.90,0.76,false,1,
7290013585394,false,בקבוק קוקה-קולה (1 ליטר),החברה המרכזית להפצת משקאות בעמ,,,יח`,10,"100 מ""ל",false,1,7.90,0.76,false,1,
7290013675545,false,שניצל כלי תחבורה מאמא עוף (700 גרם),תנובה קפואים,,,יח`,7,100 גרם,false,1,36.90,5.27,false,1,
7290013677846,false,כוסמת מיה (1 קג),מיה תעשיות מזון מ.ת.מ. בעמ,,,יח`,1,"ק""ג",false,1,14.50,14.50,false,1,
7290013847454,false,טונה סטאריקיסט בשמן קנולה רביעייה 160 גר,סטארקיסט דיפלומט היינץ,,,יח`,6.40,100 גרם,false,1,26.90,4.20,true,1,
7290013848345,false,מטליות לניקוי לחיטוי ולניקוי 50 יח סנו,החברה הדרומית לשיווק בעמ,,,יח`,1,,false,1,20.90,20.90,true,1,
7290013903310,false,טופו אורגני 500 יח 2 יח נפרדות ליב,ל.י.ב. (לחיות יותר בטבע) בעמ,,,יח`,5,100 גרם,false,1,18.90,3.78,true,1,
7290013903594,false,רסק תפוחי עץ ליב 670 גר`,ל.י.ב. (לחיות יותר בטבע) בעמ,,,יח`,6.70,100 גרם,false,1,12.20,1.82,true,1,
7290014002197,false,הגן הקסום קמומיל לימונית 25 שקיקים,תה ויסוצקי (ישראל) בעמ,,,יח`,0.3750,100 גרם,false,1,17.90,47.73,true,1,
7290014002203,false,חליטת לימונית לואיזה ויסוצקי) (25,תה ויסוצקי (ישראל) בעמ,,,יח`,0.3750,100 גרם,false,1,17.90,47.73,true,1,
7290014002944,false,תה חמדת השקד ויסוצקי הגן הקסום) (25,תה ויסוצקי (ישראל) בעמ,,,יח`,1,,false,1,17.90,17.90,true,1,
7290014046436,false,נשנושי קבנוס יחיעם (125 גרם),מעדני יחיעם (1993) בעמ,,,יח`,1.25,100 גרם,false,1,13.90,11.12,false,1,
7290014046580,false,פסטרמה מעודנת על גחלים יחיעם (300 גרם),מעדני יחיעם (1993) בעמ,,,יח`,3,100 גרם,false,1,25.40,8.47,true,1,
7290014083813,false,שפורטים בשמן וילי פוד (190 גרם),ג.וילי-פוד אינטרנשיונל בעמ,,,יח`,1.90,100 גרם,false,1,8.90,4.68,false,1,
7290014094369,false,שקד טבעי קלוף ששון הקולה (200 גרם),דין שיווק וקליה 2021 בעמ,,,יח`,2,100 גרם,false,1,21.90,10.95,false,1,
7290014094406,false,צימוק לבן ששון הקולה (330 גרם),דין שיווק וקליה 2021 בעמ,,,יח`,3.30,100 גרם,false,1,18.90,5.73,false,1,
7290014094642,false,אגוזי קשיו טבעיים ששון הקולה (250 גרם),דין שיווק וקליה 2021 בעמ,,,יח`,2,100 גרם,false,1,24.90,12.45,false,1,
7290014094857,false,פקאן סיני 150 גר`,דין שיווק וקליה 2021 בעמ,,,יח`,1.50,100 גרם,false,1,19.90,13.27,false,1,
7290014095861,false,שיבולת שועל דקה שקדיה (500 גרם),דין שיווק וקליה 2021 בעמ,,,יח`,5,100 גרם,false,1,6.90,1.38,true,1,
7290014095960,false,שיבולת שועל עבה שקדיה (500 גרם),דין שיווק וקליה 2021 בעמ,,,יח`,5,100 גרם,false,1,6.90,1.38,true,1,
7290014217164,false,פטרוזיליה 20 גר`,תבליני טעם וריח בעמ,,,יח`,0.20,100 גרם,false,1,9.90,49.50,true,1,
7290014217201,false,סומק 45 גר`,תבליני טעם וריח בעמ,,,יח`,0.45,100 גרם,false,1,6.90,15.33,false,1,
7290014217263,false,תיבול לפרגית 100 גר`,תבליני טעם וריח בעמ,,,יח`,1,100 גרם,false,1,9.90,9.90,true,1,
7290014217348,false,צ`ילי כתוש 70 גר`,תבליני טעם וריח בעמ,,,יח`,0.70,100 גרם,false,1,9.90,14.14,true,1,
7290014218932,false,חטיפי פיצה בתוספת זיתים 710 גר`מעדנות,תנובה קפואים,,,יח`,7.10,100 גרם,false,1,34.90,4.92,false,1,
7290014325036,false,סוכריות ג`לי שמחה 600 גרם,מיה תעשיות מזון מ.ת.מ. בעמ,,,יח`,1,,false,1,21.40,21.40,false,1,
7290014455184,false,קאשקבל משולש מעדנייה גד,מחלבות גד שיווק 1992 בעמ,,,"ק""ג",10,100 גרם,true,1,120,12,false,1,
7290014455245,false,גרנה פדנו משולש גד -200גר`,מחלבות גד שיווק 1992 בעמ,,,יח`,2,100 גרם,false,1,25.90,12.95,false,1,
7290014455252,false,גבינת גרנה פדנו מגורדת 29% גד (100 גרם),מחלבות גד שיווק 1992 בעמ,,,יח`,1,100 גרם,false,1,12.40,12.40,false,1,
7290014455320,false,כדורי מוצרלה פרסקה גד (100 גרם),מחלבות גד שיווק 1992 בעמ,,,יח`,1,100 גרם,false,1,9.90,9.90,false,1,
7290014455467,false,מעדן חלב עם שיבולת שועל 2% גד (150 גרם),מחלבות גד שיווק 1992 בעמ,,,יח`,1.50,100 גרם,false,1,5.90,3.93,true,1,
7290014466609,false,יין גמלא מרלו 750 מל,היכל היין שקד גולן בעמ,,,יח`,7.50,"100 מ""ל",false,1,60.90,8.08,true,1,
7290014471412,false,מוזלי בוטנים אגוזים ושקדים 1קג - שקדיה,דין שיווק וקליה 2021 בעמ,,,יח`,1,"ק""ג",false,1,21.40,21.40,true,1,
7290014471429,false,מוזלי עם פירות שקדיה (1 קג),דין שיווק וקליה 2021 בעמ,,,יח`,1,"ק""ג",false,1,21.40,21.40,true,1,
7290014472488,false,שקד קלויים 250 גר`ששון הקולה,דין שיווק וקליה 2021 בעמ,,,יח`,2.50,100 גרם,false,1,25.90,10.36,false,1,
7290014472990,false,ממרח 100% שקדים שקדיה (300 גרם),דין שיווק וקליה 2021 בעמ,,,יח`,3,100 גרם,false,1,36.70,12.23,true,1,
7290014525313,false,סלים דליס קריספי שוקולד מרבה (125 גרם),ש.שסטוביץ בעמ,,,יח`,1.25,100 גרם,false,1,14.90,11.92,true,1,
7290014603028,false,סולרו וניל ותות שדה,גלידות שטראוס בעמ,,,יח`,0.76,100 גרם,false,1,7.90,10.39,true,1,
7290014648906,false,LA BELLEמסיר לק מהציפורניים 100 מל,פארמה דיל (פ.א.ב.) שיווק והפצה,,,יח`,1,"100 מ""ל",false,1,3.90,3.90,false,1,
7290014648920,false,קיסמיים דנטלים 200 יח pharma dent,פארמה דיל (פ.א.ב.) שיווק והפצה,,,יח`,1,,false,1,9.90,9.90,false,1,
7290014692541,false,פתיתים מגורדת וילי פוד (500 גרם)GOLDEN,ג.וילי-פוד אינטרנשיונל **גבינו,,,יח`,5,100 גרם,false,1,20.90,4.18,false,1,
7290014692565,false,גרעיני תירס מתוק וילי פוד (320 גרם),ג.וילי-פוד אינטרנשיונל בעמ,,,יח`,3.20,100 גרם,false,1,5.50,1.72,false,1,
7290014758117,false,יוגורט ביו 1.5% תנובה (150x8 גרם),תנובה - חלב,,,יח`,12,100 גרם,false,1,16.90,1.41,false,1,
7290014759084,false,גבינת נפוליאון 225 גר`16% גביע,תנובה - חלב,,,יח`,2.25,100 גרם,false,1,14.50,6.44,false,1,
7290014759909,false,פטה עיזים 5% 250 גר`גביע פיראוס תנובה,תנובה - חלב,,,יח`,2.50,100 גרם,false,1,28.50,11.40,false,1,
7290014759978,false,קצ`קאבל פלח גלעד 200 גר`קולקשיין תנובה,תנובה - חלב,,,יח`,2,100 גרם,false,1,27.90,13.95,false,1,
7290014759985,false,פרמזן פלח גבע 23% 200 גר`קולקשיין תנובה,תנובה - חלב,,,יח`,2,100 גרם,false,1,23.90,11.95,false,1,
7290014760134,false,מעדן סויה בטעם וניל 125 גר`תנובה,תנובה - חלב,,,יח`,1.25,100 גרם,false,1,4.50,3.60,false,1,
7290014760141,false,משקה שקדים טרי תנובה (1 ליטר),תנובה - חלב,,,יח`,10,"100 מ""ל",false,1,13.90,1.39,false,1,
7290014760448,false,גבינה צהובה 22% שומן גלבוע (400 גרם),תנובה - חלב,,,יח`,4,100 גרם,false,1,22.90,5.73,false,1,
7290014760912,false,גבינה צהובה 28% מהדרין גוש חלב (400 גרם),תנובה - חלב,,,יח`,4,100 גרם,false,1,26.10,6.53,false,1,
7290014761056,false,מעדן שוקולד חלב יולו (123 גרם),תנובה - חלב,,,יח`,1.23,"100 מ""ל",false,1,4.80,3.90,false,1,
7290014761063,false,מעדן שוקולד מריר יולו (123 גרם),תנובה - חלב,,,יח`,1.23,"100 מ""ל",false,1,4.90,3.98,false,1,
7290014761070,false,מעדן שוקולד לבן יולו (123 גרם),תנובה - חלב,,,יח`,1.23,"100 מ""ל",false,1,4.90,3.98,false,1,
7290014761414,false,יולו מעדן שכבות שוקולד חלבי לבן,תנובה - חלב,,,יח`,1.23,"100 מ""ל",false,1,4.80,3.90,false,1,
7290014761612,false,יולו מעדן שכבות שוקולד מריר לבן,תנובה - חלב,,,יח`,1.23,"100 מ""ל",false,1,4.90,3.98,false,1,
7290014762756,false,גבינת שמנת 16% עם בצל נפוליאון (225 גרם),תנובה - חלב,,,יח`,2.25,100 גרם,false,1,14.90,6.62,false,1,
7290014762831,false,גבינת נפוליאון 225 גר`חלפיניו גביע,תנובה - חלב,,,יח`,2.25,100 גרם,false,1,14.90,6.62,false,1,
7290014763272,false,משקה סויה BIO עם תות בננה בתוספת חיידקי,תנובה - חלב,,,יח`,2.50,100 גרם,false,1,6.80,2.72,false,1,
7290014763371,false,גבינת שמנת נפוליאון 16% בטעם טבעי מעדניה,תנובה - חלב,,,"ק""ג",10,100 גרם,true,1,40,4,false,1,
7290015039246,false,טונה בשמן רביעייה 160 גר - וילי פוד,ג.וילי-פוד אינטרנשיונל בעמ,,,יח`,6.40,100 גרם,false,1,22.90,3.58,true,1,
7290015039338,false,טונה במים רביעייה 160 גר - וילי פוד,ג.וילי-פוד אינטרנשיונל בעמ,,,יח`,6.40,100 גרם,false,1,22.90,3.58,true,1,
7290015150118,false,עגבניות חתוכות דק בלה איטליה 3*400,תה ויסוצקי (ישראל) בעמ,,,יח`,1.20,"ק""ג",false,1,17.90,14.92,false,1,
7290015253277,false,פחמים 2קג,פחם קוואנגו סחר בעמ,,,יח`,20,100 גרם,false,1,11.90,0.60,false,1,
7290015324007,false,פלפל שחור גרוס 80 גר`,תבליני טעם וריח בעמ,,,יח`,0.80,100 גרם,false,1,11.90,14.88,false,1,
7290015324014,false,פלפל שחור טחון 80 גר`,תבליני טעם וריח בעמ,,,יח`,0.80,100 גרם,false,1,10.90,13.63,false,1,
7290015324052,false,פפריקה מתוקה 80 גר`,תבליני טעם וריח בעמ,,,יח`,0.80,100 גרם,false,1,5.90,7.38,false,1,
7290015324069,false,גריל עוף 80 גר`,תבליני טעם וריח בעמ,,,יח`,0.80,100 גרם,false,1,5.90,7.38,false,1,
7290015324076,false,זעתר מעורב 80 גר`,תבליני טעם וריח בעמ,,,יח`,0.80,100 גרם,false,1,5.90,7.38,false,1,
7290015324083,false,מלח לימון 80 גר`,תבליני טעם וריח בעמ,,,יח`,0.80,100 גרם,false,1,5.90,7.38,false,1,
7290015324090,false,כמון טחון 80 גר`,תבליני טעם וריח בעמ,,,יח`,0.80,100 גרם,false,1,5.90,7.38,false,1,
7290015324120,false,שום גבישי 80 גר`,תבליני טעם וריח בעמ,,,יח`,0.80,100 גרם,false,1,6.90,8.63,false,1,
7290015324151,false,חוואיג`למרק 80 גר`,תבליני טעם וריח בעמ,,,יח`,0.80,100 גרם,false,1,6.90,8.63,false,1,
7290015324427,false,סודה לשתיה 80 גר`,תבליני טעם וריח בעמ,,,יח`,0.80,100 גרם,false,1,4.90,6.13,false,1,
7290015324519,false,תערובת לפיצה 80 גר`,תבליני טעם וריח בעמ,,,יח`,0.80,100 גרם,false,1,5.90,7.38,false,1,
7290015347273,false,נטיפי שוקולד לאפייה שוקולדמריר 250גר,מיה תעשיות מזון מ.ת.מ. בעמ,,,יח`,2.50,100 גרם,false,1,10.90,4.36,false,1,
7290015652292,false,קבוקים עם שומשום 400 גר`,דין שיווק וקליה 2021 בעמ,,,יח`,4,100 גרם,false,1,10,2.50,false,1,
7290015652322,false,בוטנים אמריקאים מצופים 400 גר`,דין שיווק וקליה 2021 בעמ,,,יח`,4,100 גרם,false,1,10,2.50,false,1,
7290015652407,false,פיסטוק קלוי ששון הקולה (250 גרם),דין שיווק וקליה 2021 בעמ,,,יח`,2.50,100 גרם,false,1,20,8,false,1,
7290015673181,false,בורגר על האש קליפורניה עם ברוקולי 400 גר,ל.י.ב. (לחיות יותר בטבע) בעמ,,,יח`,4,100 גרם,false,1,25.90,6.48,false,1,
7290015781121,false,יין קברנה סובניון 750 מל IMPRESSION,יקב טפרברג 1870 בעמ (יינות ומש,,,יח`,7.50,"100 מ""ל",false,1,51.90,6.88,true,1,
7290015855006,false,לוף ארוז- א.אדמה,א.אדמה (2007) בעמ,,,יח`,1,,false,1,10.10,10.10,false,1,
7290015855013,false,פלפלונים -טינקרבל א.אדמה,א.אדמה (2007) בעמ,,,יח`,1,,false,1,9.90,9.90,false,1,
7290015855037,false,פלפל צ`ילי בשקית,א.אדמה (2007) בעמ,,,יח`,1,,false,1,9.90,9.90,false,1,
7290015855082,false,ברוקולי ארוז,א.אדמה (2007) בעמ,,,יח`,1,,false,1,10.90,10.90,false,1,
7290015855143,false,שום קלוף 170 גרם,א.אדמה (2007) בעמ,,,יח`,1.70,100 גרם,false,1,12.90,7.59,false,1,
7290015855181,false,גינג`ר יחידה טרי,א.אדמה (2007) בעמ,,,יח`,1,,false,1,8.90,8.90,false,1,
7290015855938,false,עלי בייבי א.אדמה,א.אדמה (2007) בעמ,,,יח`,2.50,100 גרם,false,1,14.90,5.96,false,1,
7290015858106,false,ממרח פסטו ביתי 180 גר-על לחם,שטראוס גרופ בעמ/מצונן,,,יח`,1.80,100 גרם,false,1,17.90,9.94,false,1,
7290015858113,false,ממרח עגבניות מיובשות 180 גר-על לחם,שטראוס גרופ בעמ/מצונן,,,יח`,1.80,100 גרם,false,1,17.90,9.94,false,1,
7290015858229,false,זיתי קלמטה 180 גר על לחם,שטראוס גרופ בעמ/מצונן,,,יח`,1.80,100 גרם,false,1,17.90,9.94,false,1,
7290016087222,false,רוטב עגבניות לשקשוקה 230 גר`פריניר,אבאל יזמות בעמ,,,יח`,2.30,100 גרם,false,1,5.90,2.57,true,1,
7290016087499,false,עגבניות חתוכות דק שליישיה 400 גר`פריניר,אבאל יזמות בעמ,,,יח`,1.20,"ק""ג",false,1,12.90,10.75,true,1,
7290016150117,false,סלק אדום בוואקום 500 גרם,ביג פוד כחול לבן בעמ*שיק 30 יו,,,יח`,1,,false,1,8.90,8.90,true,1,
7290016150711,false,נוזל קוקוס פחית 400 גר`AVEL,אבאל יזמות בעמ,,,יח`,4,100 גרם,false,1,6.90,1.73,true,1,
7290016197495,false,מטליות מיקרופייבר לרצפה ניקול) (2,קימברלי קלארק ישראל שיווק בעמ,,,יח`,1,,false,1,24.90,24.90,true,1,
7290016277470,false,שיבולת שועל 350 גר`דקה,דין שיווק וקליה 2021 בעמ,,,יח`,3.50,100 גרם,false,1,4.60,1.31,true,1,
7290016334296,false,ברוקולי,בכורי השדה צפון 1994 ג.ד. בעמ,,,יח`,1,,false,1,9.90,9.90,false,1,
7290016372373,false,רסק עגבניות בלה איטליה 140*2 גר`,תה ויסוצקי (ישראל) בעמ,,,יח`,2.80,100 גרם,false,1,9.90,3.54,false,1,
7290016372489,false,חליטת ג`ינג`ר ולימון-סודות הצמחים 25 שק,תה ויסוצקי (ישראל) בעמ,,,יח`,0,100 גרם,false,1,17.90,17.90,true,1,
7290016509786,false,פרסיל ג`ל 2.5 ליטר ירוק,גורי שיווק בעמ,,,יח`,2.50,1 ליטר,false,1,35.90,14.36,true,1,
7290016509809,false,פרסיל ג`ל 2.5 ליטר קולור,גורי שיווק בעמ,,,יח`,2.50,1 ליטר,false,1,35.90,14.36,true,1,
7290016545005,false,דודהש`ך בירה קראפט סגנון אמבר אייל 330 מ,טחנת האבן קואופ בעמ,,,יח`,3.30,"100 מ""ל",false,1,14.90,4.42,false,1,
7290016564006,false,מבריקל הפלא- ספוג לכלים שלישייה,אבאל יזמות בעמ,,,יח`,1,,false,1,9.90,9.90,false,1,
7290016564075,false,זוג מטליות מייקרופייבר לניקוי והברקה מבר,אבאל יזמות בעמ,,,יח`,1,,false,1,10.10,10.10,true,1,
7290016564266,false,כיסוי הפלא 30 יח מבריקל,אבאל יזמות בעמ,,,יח`,1,,false,1,10.90,10.90,true,1,
7290016564358,false,מבריק קל נוזל חלונות ריח בית מלון 750 גר,אבאל יזמות בעמ,,,יח`,7.50,"100 מ""ל",false,1,12.90,1.72,true,1,
7290016564402,false,מטליות מיקרופייבר מארז שמיניה מבריקל,אבאל יזמות בעמ,,,יח`,1,,false,1,10.90,10.90,true,1,
7290016564426,false,מבריקל שקיות אשפה ג`מבו XXL עם ידית 25,אבאל יזמות בעמ,,,יח`,1,,false,1,15.90,15.90,true,1,
7290016564440,false,ספוגית הפלא גדול מארז שישייה מבריקל,אבאל יזמות בעמ,,,יח`,1,,false,1,8.90,8.90,true,1,
7290016866643,false,משחת שיניים פרודונטקס פרש 75 מל,גורי ע.ע.ע בעמ,,,יח`,0.75,"100 מ""ל",false,1,31.90,42.53,true,1,
7290017040363,false,מארז דונאטס אוראו רביעייה,נטו מלינדה סחר בעמ,,,יח`,2.92,100 גרם,false,1,29.90,10.24,false,1,
7290017040370,false,מארז דונאטס מילקה רביעייה,נטו מלינדה סחר בעמ,,,יח`,2.60,100 גרם,false,1,29.90,11.50,false,1,
7290017065007,false,מוצרלה פרוסה 200 גר-מדף,מחלבות גד שיווק 1992 בעמ,,,יח`,2,100 גרם,false,1,18.90,9.45,false,1,
7290017065137,false,ריקוטה למריחה 5% טבעית 200 גר`מחלבות גד,מחלבות גד שיווק 1992 בעמ,,,יח`,2,100 גרם,false,1,10.70,5.35,false,1,
7290017065144,false,ריקוטה למריחה 5% עם בזיליקום 200 גר`גד,מחלבות גד שיווק 1992 בעמ,,,יח`,2,100 גרם,false,1,10.90,5.45,false,1,
7290017065236,false,גבינה בולגרית מעודנת 24% גד (250 גרם),מחלבות גד שיווק 1992 בעמ,,,יח`,2.50,100 גרם,false,1,24.90,9.96,false,1,
7290017065434,false,פרוסות גאודה הולנדית 200 גר`גד,מחלבות גד שיווק 1992 בעמ,,,יח`,2,100 גרם,false,1,22.90,11.45,false,1,
7290017065441,false,פרוסות גאודה עיזים הולנדית 200 גר`גד,מחלבות גד שיווק 1992 בעמ,,,יח`,2,100 גרם,false,1,34.90,17.45,false,1,
7290017065526,false,קוואטרו פורמאדי 300 גר`גד,מחלבות גד שיווק 1992 בעמ,,,יח`,3,100 גרם,false,1,29.90,9.97,false,1,
7290017065588,false,יוגורט יווני 600 גר`מחלבות גד,מחלבות גד שיווק 1992 בעמ,,,יח`,6,100 גרם,false,1,16.90,2.82,false,1,
7290017065731,false,גבינת שמנת ניו יורק 30% עם כמהין 200 גר`,מחלבות גד שיווק 1992 בעמ,,,יח`,2,100 גרם,false,1,13.90,6.95,true,1,
7290017065786,false,גבינה אנגלית קשה צ`דר 210 גר`גד,מחלבות גד שיווק 1992 בעמ,,,יח`,2.10,100 גרם,false,1,24.90,11.86,false,1,
7290017068374,false,שמרים בוואקום 500 גר`מיה,מיה תעשיות מזון מ.ת.מ. בעמ,,,יח`,5,100 גרם,false,1,13.50,2.70,false,1,
7290017068886,false,ג`לי דובונים בציפוי שמן 350 גר`מיה,מיה תעשיות מזון מ.ת.מ. בעמ,,,יח`,3.50,100 גרם,false,1,15.90,4.54,false,1,
7290017142159,false,נתחי טונה בהירה בשמן זית 80 גר`שלישייה,סוגת תעשיות בעמ,,,יח`,2.40,100 גרם,false,1,23.90,9.96,true,1,
7290017142487,false,בורגול עם גרגירי חומוס עם טונה בשמן זית,סוגת תעשיות בעמ,,,יח`,1.60,100 גרם,false,1,14.90,9.31,true,1,
7290017291123,false,שום יבש,חברת יוסף אופנהימר 1986 בעמ,,,יח`,1,,false,1,5,5,false,1,
7290017297088,false,ציפס 2 קג,ויטה -פרי גליל (החדשה) בעמ,,,יח`,20,100 גרם,false,1,22.90,1.15,false,1,
7290017477169,false,אגוזי קשיו 250 גר`ששון הקולה,דין שיווק וקליה 2021 בעמ,,,יח`,2.50,100 גרם,false,1,20,8,false,1,
7290017477305,false,זרעי צ`יה 250 גר`שקדיה,דין שיווק וקליה 2021 בעמ,,,יח`,2.50,100 גרם,false,1,10.90,4.36,false,1,
7290017477596,false,תמר מג`הול 400 גר`שקדיה,דין שיווק וקליה 2021 בעמ,,,יח`,4,100 גרם,false,1,19.90,4.98,true,1,
7290017513775,false,בייגלהמצופים שוקולד חלב 140 גר` פליפז,תה ויסוצקי (ישראל) בעמ,,,יח`,1.40,100 גרם,false,1,8.90,6.36,true,1,
7290017516318,false,חטיפ בריאות פרוטאין שוקולד 50 גר`פנגיאה,י.איטליאנו אחזקות בעמ,,,יח`,0.50,100 גרם,false,1,11.90,23.80,false,1,
7290017516332,false,חטיפ בריאות פרוטאין חמאת בוטנים 50 גר`פ,י.איטליאנו אחזקות בעמ,,,יח`,0.50,100 גרם,false,1,11.90,23.80,false,1,
7290017516479,false,חטיפ בריאות וניל קפה 50 גר`פרוטאין פנגי,י.איטליאנו אחזקות בעמ,,,יח`,0.50,100 גרם,false,1,11.90,23.80,false,1,
7290017516509,false,חטיפ בריאות קרמל מלוח 50 גר`פרוטאין פנג,י.איטליאנו אחזקות בעמ,,,יח`,0.50,100 גרם,false,1,11.90,23.80,false,1,
7290017617046,false,טונה בשמן זית כתית מעולה 140 גר` סטארקיס,סטארקיסט דיפלומט היינץ,,,יח`,5.60,100 גרם,false,1,28.90,5.16,true,1,
7290017617084,false,סטארקיסט מיקס טוגו טונה עם שעועית 185 גר,סטארקיסט דיפלומט היינץ,,,יח`,1.85,100 גרם,false,1,13.90,7.51,false,1,
7290017617107,false,סטארקיסט מיקס טוגו טונה עם 4 דגנים 185 ג,סטארקיסט דיפלומט היינץ,,,יח`,1.85,100 גרם,false,1,13.90,7.51,false,1,
7290017618111,false,עוגיות מלבן שקדים עם טריפל שוקולד 180 גר,אבאל יזמות בעמ,,,יח`,1.80,100 גרם,false,1,19.90,11.06,true,1,
7290017677804,false,רוטב סויה (444 מל) קיקומן,דיפלומט היינץ,,,יח`,4.44,"100 מ""ל",false,1,32.90,7.41,true,1,
7290017812571,false,תירוש אדום 1 ליטר 100% טבעי,אגודת הכורמים,,,יח`,1,1 ליטר,false,1,21.20,21.20,true,1,
7290017888026,false,אננס תפוח גזר 350 מל fruit & veg,יפאורה,,,יח`,3.50,"100 מ""ל",false,1,7.90,2.17,true,1,
7290017888033,false,בננה לימון נענע סלק 350 מל fruit & veg,יפאורה,,,יח`,3.50,"100 מ""ל",false,1,7.90,2.17,true,1,
7290017932231,false,סירופ מייפל טהור גאלה 250 מל,מור-ים מרקטינג בעמ,,,יח`,2.50,"100 מ""ל",false,1,27.90,11.16,false,1,
7290018011003,false,ארטיק אננס,תמרה ארטיק בעמ,,,יח`,1,,false,1,9.90,9.90,false,1,
7290018011010,false,ארטיק עוגת גבינה ותות טבעוני,תמרה ארטיק בעמ,,,יח`,1,,false,1,9.90,9.90,false,1,
7290018011027,false,ארטיק מנגו קוקוס מלוח,תמרה ארטיק בעמ,,,יח`,1,,false,1,9.90,9.90,false,1,
7290018011034,false,ארטיק פטל ליים,תמרה ארטיק בעמ,,,יח`,1,,false,1,9.90,9.90,false,1,
7290018011041,false,ארטיק תות בננה,תמרה ארטיק בעמ,,,יח`,1,,false,1,9.90,9.90,false,1,
7290018011058,false,ארטיק עוגת גבינה ופטל,תמרה ארטיק בעמ,,,יח`,1,,false,1,9.90,9.90,false,1,
7290018011065,false,ארטיק קפה קר,תמרה ארטיק בעמ,,,יח`,1,,false,1,9.90,9.90,false,1,
7290018011072,false,ארטיק פיסטוק,תמרה ארטיק בעמ,,,יח`,1,,false,1,9.90,9.90,false,1,
7290018011126,false,מאגדת שלגון אננס פסיפלורה ומנגו 5יח`,תמרה ארטיק בעמ,,,יח`,4,100 גרם,false,1,42.90,10.73,false,1,
7290018011201,false,ארטיק אננס פסיפלורה ומנגו,תמרה ארטיק בעמ,,,יח`,1,,false,1,9.90,9.90,false,1,
7290018011218,false,ארטיק לימונענע,תמרה ארטיק בעמ,,,יח`,1,,false,1,9.90,9.90,false,1,
7290018011225,false,ארטיק סורבה קוקוס,תמרה ארטיק בעמ,,,יח`,1,,false,1,9.90,9.90,false,1,
7290018011256,false,ארטיק יוגורט תות ומקופלת,תמרה ארטיק בעמ,,,יח`,1,,false,1,9.90,9.90,false,1,
7290018011263,false,ארטיק קרם פסיפלורה,תמרה ארטיק בעמ,,,יח`,1,,false,1,9.90,9.90,false,1,
7290018011270,false,ארטיק שוקולד לבן דובדבן,תמרה ארטיק בעמ,,,יח`,1,,false,1,9.90,9.90,false,1,
7290018011324,false,מאגדת סורבה קוקוס 5 יח`,תמרה ארטיק בעמ,,,יח`,4,100 גרם,false,1,42.90,10.73,false,1,
7290018011409,false,ארטיק אסאי,תמרה ארטיק בעמ,,,יח`,1,,false,1,9.90,9.90,false,1,
7290018011416,false,ארטיק מנגו מאיה,תמרה ארטיק בעמ,,,יח`,1,,false,1,9.90,9.90,false,1,
7290018011454,false,ארטיק סחלב קר,תמרה ארטיק בעמ,,,יח`,1,,false,1,9.90,9.90,false,1,
7290018011478,false,ארטיק תות שמנת,תמרה ארטיק בעמ,,,יח`,1,,false,1,9.90,9.90,false,1,
7290018011485,false,ארטיק תות שוקולד לבן,תמרה ארטיק בעמ,,,יח`,1,,false,1,9.90,9.90,false,1,
7290018011522,false,מאגדת שלגון בננה ושוקולד 5 יח`,תמרה ארטיק בעמ,,,יח`,4,100 גרם,false,1,42.90,10.73,false,1,
7290018011539,false,סורבה חלבה עם קראסט שומשום,תמרה ארטיק בעמ,,,יח`,4.75,100 גרם,false,1,34.90,7.35,false,1,
7290018011607,false,ארטיק בננה תמר ופקאן,תמרה ארטיק בעמ,,,יח`,1,,false,1,9.90,9.90,false,1,
7290018011614,false,ארטיק ליצ`י,תמרה ארטיק בעמ,,,יח`,1,,false,1,9.90,9.90,false,1,
7290018011645,false,ארטיק בננה ושוקולד,תמרה ארטיק בעמ,,,יח`,1,,false,1,9.90,9.90,false,1,
7290018011713,false,מאגדת יוגורט תות ומקופלת 5 יח`,תמרה ארטיק בעמ,,,יח`,4,100 גרם,false,1,42.90,10.73,false,1,
7290018011720,false,סורבה פסיפלורה ונענע,תמרה ארטיק בעמ,,,יח`,4.75,100 גרם,false,1,34.90,7.35,false,1,
7290018011805,false,ארטיק טפיוקה מלון,תמרה ארטיק בעמ,,,יח`,1,,false,1,9.90,9.90,false,1,
7290018011836,false,ארטיק שוקולד חמאת בוטנים,תמרה ארטיק בעמ,,,יח`,1,,false,1,9.90,9.90,false,1,
7290018011843,false,ארטיק יוגורט ופירות יער,תמרה ארטיק בעמ,,,יח`,1,,false,1,9.90,9.90,false,1,
7290018011850,false,ארטיק קרם קוקוס,תמרה ארטיק בעמ,,,יח`,1,,false,1,9.90,9.90,false,1,
7290018011867,false,ארטיק שוקולד קרמל מלוח,תמרה ארטיק בעמ,,,יח`,1,,false,1,9.90,9.90,false,1,
7290018011874,false,ארטיק טחינה אלארז,תמרה ארטיק בעמ,,,יח`,1,,false,1,9.90,9.90,false,1,
7290018011928,false,סורבה ליצ`י אננס וג`ינג`ר,תמרה ארטיק בעמ,,,יח`,4.75,100 גרם,false,1,34.90,7.35,false,1,
7290018011934,false,גלידת יוגורט בתוספת דובדבני אמרה,תמרה ארטיק בעמ,,,יח`,4.75,100 גרם,false,1,34.90,7.35,false,1,
7290018029206,false,עוגיות כתר ריבה מיקס 600 גר`,שיבולים יצור ושיווק מוצרי מאפה,,,יח`,6,100 גרם,false,1,20.90,3.48,false,1,
7290018043844,false,דאבל בוטנים קרמל קראנץ 60 גר`,דיפלומט היינץ,,,יח`,0.60,100 גרם,false,1,13.90,23.17,true,1,
7290018249802,false,ממתיק sweetango צנצנת 280 גר`נטו,אבאל יזמות בעמ,,,יח`,2.80,100 גרם,false,1,27.90,9.96,true,1,
7290018294932,false,מיץ ענבים אדום 1 ליטר,אגודת הכורמים,,,יח`,1,1 ליטר,false,1,13.90,13.90,false,1,
7290018344095,false,חטיף חלבון VEG PROTEIN בטעם בוטנים מלח 5,אבאל יזמות בעמ,,,יח`,0.50,100 גרם,false,1,10.90,21.80,true,1,
7290018344125,false,חטיף חלבון VEG PROTEIN בטעם אגוזי לוז וק,אבאל יזמות בעמ,,,יח`,0.50,100 גרם,false,1,10.90,21.80,true,1,
7290018344163,false,חטיף חלווה משומשום מלא בתוספת פולי קקאו,אבאל יזמות בעמ,,,יח`,0.70,100 גרם,false,1,8.90,12.71,true,1,
7290018344767,false,עוגיות כוסמין אנרג`חמוציות שקדים ללא סו,אבאל יזמות בעמ,,,יח`,2,100 גרם,false,1,25.90,12.95,true,1,
7290018344774,false,עוגיות כוסמין אנרג`אוכמניות ללא סוכר,אבאל יזמות בעמ,,,יח`,2,100 גרם,false,1,25.90,12.95,true,1,
7290018359495,false,תירס מהשדה בלי תוספת סוכר( 550 גר`)יכי,זנלכל בעמ,,,יח`,5.50,100 גרם,false,1,10.90,1.98,false,1,
7290018440209,false,בייגלה בציפוי פאדג` לבן 140 גר` פליפז,תה ויסוצקי (ישראל) בעמ,,,יח`,1.40,100 גרם,false,1,8.90,6.36,true,1,
7290018440254,false,צ`אי קרמל מלוח 25 שקיקים,תה ויסוצקי (ישראל) בעמ,,,יח`,1,,false,1,20.90,20.90,true,1,
7290018440476,false,בייגלה מצופה בקרם עוגת גבינה ותותים 140,תה ויסוצקי (ישראל) בעמ,,,יח`,1.40,100 גרם,false,1,8.90,6.36,true,1,
7290018471180,false,פרוט אנד ווג`אננס תפוח גזר 1 ליטר,יפאורה,,,יח`,10,"100 מ""ל",false,1,12.90,1.26,true,1,
7290018471494,false,תפוזינה נקטר תפוז גזר 1 ליטר,יפאורה,,,יח`,10,"100 מ""ל",false,1,7.30,0.73,false,1,
7290018471906,false,משקה מוגז שוופס (1.5 ליטר) לימונדה ורוד,יפאורה,,,יח`,1.50,1 ליטר,false,1,9.50,6.13,true,1,
7290018471944,false,משקה מוגז פירות שוופס (1.5 ליטר) לימונ,יפאורה,,,יח`,1.50,1 ליטר,false,1,9.50,6.13,true,1,
7290018516324,false,פאוץ`פרינוק תפוח ושיבולת שועל 120 גר`,גורי מוצרי צריכה (1991) בעמ,,,יח`,1.20,100 גרם,false,1,6.50,5.42,true,1,
7290018703052,false,פראוד חטיף חלבון עוגיות קראנץ גר`,דיפלומט היינץ,,,יח`,0.29,100 גרם,false,1,9.90,34.14,false,1,
7290018703496,false,דאבל בננה טופי קראנץ 60 גר`,דיפלומט היינץ,,,יח`,0.60,100 גרם,false,1,13.90,23.17,true,1,
7290018724408,false,דגני בוקר נטורלה נוגט ללא גלוטן 375 גר,י.איטליאנו אחזקות בעמ,,,יח`,3.75,100 גרם,false,1,20.90,5.57,false,1,
7290018724415,false,דגני בוקר נטורלה בראוניז ללא גלוטן 375,י.איטליאנו אחזקות בעמ,,,יח`,3.75,100 גרם,false,1,20.90,5.57,false,1,
7290018777190,false,חטיף ספירולינה בטעם קקאו קוקוס 40 גר`,אבאל יזמות בעמ,,,יח`,0.40,100 גרם,false,1,10.90,27.25,true,1,
7290018777268,false,חטיף חלבון VEG PROTEIN בננה קקאו 50 גר`,אבאל יזמות בעמ,,,יח`,0.50,100 גרם,false,1,10.90,21.80,true,1,
7290018878743,false,חמישיות שוקולד מריר (5*100 גר`)כרמית,כרמית תעשיות ממתקים בעמ,,,יח`,5,100 גרם,false,1,18.90,3.78,false,1,
7290018925065,false,מיץ תפוזים סחוט פרימור (2 ליטר),שטראוס גרופ בעמ/מצונן,,,יח`,2,1 ליטר,false,1,27.90,13.80,false,1,
7290018949009,false,גרופר משקה קל מוגז אורגני תפוזזה 330 מל,טחנת האבן קואופ בעמ,,,יח`,3.30,"100 מ""ל",false,1,8.90,2.70,false,1,
7290018949023,false,גרופר משקה קל מוגז אורגני לימוננדה 330 מ,טחנת האבן קואופ בעמ,,,יח`,3.30,"100 מ""ל",false,1,8.90,2.70,false,1,
7290018989005,false,פולפה טבעית) (3*400 יכין,זנלכל בעמ,,,יח`,0.0120,100 גרם,false,1,16.90,1408.33,true,1,
7290019056041,false,משקה מוגז פירות שוופס (1.5 ליטר) לימונ,יפאורה,,,יח`,1.50,1 ליטר,false,1,9.50,6.13,true,1,
7290019056058,false,שוופס מוגז עדין( 1.5 ליטר) תפוח ליים,יפאורה,,,יח`,1.50,1 ליטר,false,1,9.50,6.13,true,1,
7290019056096,false,שוופס מוגז עדין( 1.5 ליטר) אפרסק,יפאורה,,,יח`,1.50,1 ליטר,false,1,9.50,6.13,true,1,
7290019056119,false,מי סודה (1.5 ליטר) שוופס,יפאורה,,,יח`,1.50,1 ליטר,false,1,3.90,2.40,true,1,
7290019056164,false,מי סודה (1.5x4 ליטר)שוופס,יפאורה,,,יח`,6,1 ליטר,false,1,12.20,1.83,false,1,
7290019056256,false,שוופס מים 1.5 ליטר בטעם תפוחים,יפאורה,,,יח`,1.50,1 ליטר,false,1,9.50,6.13,true,1,
7290019056317,false,משקה שוופס (1.5 ליטר)ראשן,יפאורה,,,יח`,15,"100 מ""ל",false,1,12.90,0.84,false,1,
7290019056324,false,שוופס (1.5 ליטר)מי טוניק,יפאורה,,,יח`,1.50,1 ליטר,false,1,12.90,8.40,false,1,
7290019056331,false,שוופס מי טוניק (1.5 ליטר)ללס,יפאורה,,,יח`,0.0150,"100 מ""ל",false,1,12.90,840,false,1,
7290019056416,false,משקה תפוזינה 1.5 ליטר לימונדה ורודה,יפאורה,,,יח`,1.50,1 ליטר,false,1,9.50,6.13,true,1,
7290019056539,false,פרוט ווטר 1.5 ליטר בטעם אפרסק,יפאורה,,,יח`,1.50,1 ליטר,false,1,9.50,6.13,true,1,
7290019056553,false,מים מינרלים עין גדי (2x6 ליטר),יפאורה,,,יח`,1.20,1 ליטר,false,1,13.70,9.92,false,1,
7290019056560,false,מים עין גדי בודד 2 ליטר,יפאורה,,,יח`,2,1 ליטר,false,1,3.30,1.65,false,1,
7290019056621,false,משקה קל ספרינג 1.5 ליטר פירות טרופיים,יפאורה,,,יח`,1.50,1 ליטר,false,1,9.50,6.13,true,1,
7290019056645,false,משקה קל ספרינג 1.5 ליטר אגס תפוח סברס,יפאורה,,,יח`,1.50,1 ליטר,false,1,9.50,6.13,true,1,
7290019056959,false,מי עדן בודד 1.5 ליטר,יפאורה,,,יח`,1.50,1 ליטר,false,1,2.80,1.67,false,1,
7290019056966,false,מי עדן בקבוק פיקדון 1.5 ליטר,יפאורה,,,יח`,15,"100 מ""ל",false,1,4.20,0.26,false,1,
7290019056973,false,מים מינרלים (1.5x6 ליטר)מי עדן,יפאורה,,,יח`,9,1 ליטר,false,1,14.90,1.46,false,1,
7290019074366,false,אפקטיב קר תחליב רחצה מעושר בשמן ארגן 450,פישר תעשיות פרמצבטיות בעמ,,,יח`,4.50,"100 מ""ל",false,1,15.90,3.53,false,1,
7290019074762,false,אפקטיב קר תחליב רחצה מעושר בשמן כותנה 45,פישר תעשיות פרמצבטיות בעמ,,,יח`,4.50,"100 מ""ל",false,1,15.90,3.53,false,1,
7290019105107,false,רביעיות מגבונים לתינוק ויקטורי פרימיום מ,טרופיקל-דגיל תעשיות קוסמטיקה ב,,,יח`,1,,false,1,14.90,14.90,false,1,
7290019105930,false,רביעיות מגבונים לתינוק ויקטורי פרימיום ל,טרופיקל-דגיל תעשיות קוסמטיקה ב,,,יח`,1,,false,1,14.90,14.90,false,1,
7290019167020,false,עוגת גבינה עם פירורים 82 גרם עדן קינוחים,תנובה - חלב,,,יח`,0.82,100 גרם,false,1,7.20,8.78,false,1,
7290019232834,false,בייגלה מצופים בקרם עוגיות ושוקולד 140 גר,תה ויסוצקי (ישראל) בעמ,,,יח`,1.40,100 גרם,false,1,8.90,6.36,true,1,
7290019297239,false,צימוק כהה 330 גר`,דין שיווק וקליה 2021 בעמ,,,יח`,3.30,100 גרם,false,1,13.90,4.21,false,1,
7290019297550,false,בוטנים מטוגנים בקופסא 185 גר`,דין שיווק וקליה 2021 בעמ,,,יח`,1.85,100 גרם,false,1,11.50,6.22,true,1,
7290019393016,false,קמח חיטה לבן ללא צורך בניפוי 1 קג,אבאל יזמות בעמ,,,יח`,1,"ק""ג",false,1,8.90,8.90,true,1,
7290019393061,false,קמח כוסמין 100% ללא צורך בניפוי 1 קג,אבאל יזמות בעמ,,,יח`,1,"ק""ג",false,1,16.90,16.90,true,1,
7290100245231,false,נמס בכוס ועוד טעם עוף שקדי מרק,יוניליוור ישראל שיווק בעמ,,,יח`,0.50,100 גרם,false,1,7.60,15.20,true,1,
7290100680711,false,פירורית זהב אסם (350 גרם),קבוצת אסם סחר שות. מוגבלת,,,יח`,3.50,100 גרם,false,1,8.90,2.54,false,1,
7290100680728,false,פירורית אסם (350 גרם),קבוצת אסם סחר שות. מוגבלת,,,יח`,3.50,100 גרם,false,1,8.40,2.40,false,1,
7290100681138,false,אפרופו מארז שלישיה,קבוצת אסם סחר שות. מוגבלת,,,יח`,1.50,100 גרם,false,1,13.90,9.27,true,1,
7290100685334,false,אבקת מרק עוף אמיתי מרכיבים 400 גר`,קבוצת אסם סחר שות. מוגבלת,,,יח`,4,100 גרם,false,1,24.90,6.23,true,1,
7290100685341,false,אבקת מרק רכיבים 400 גר`,קבוצת אסם סחר שות. מוגבלת,,,יח`,4,100 גרם,false,1,18.30,4.58,true,1,
7290100686171,false,ביסלי חטיף בטעם גריל אסם (35x6 גרם),קבוצת אסם סחר שות. מוגבלת,,,יח`,2.10,100 גרם,false,1,17.30,8.24,true,1,
7290100689301,false,מרק בטעם עוף זך אסם (400 גרם),קבוצת אסם סחר שות. מוגבלת,,,יח`,4,100 גרם,false,1,17.30,4.33,false,1,
7290100700020,false,גריסי פנינה סוגת (500 גרם),סוגת תעשיות בעמ,,,יח`,2,100 גרם,false,1,7.50,3.75,true,1,
7290100700075,false,פירורי לחם מוזהבים סוגת (200 גרם),סוגת תעשיות בעמ,,,יח`,2,100 גרם,false,1,4.90,2.45,true,1,
7290100700242,false,אורז מלא עגול סוגת (1 קג),סוגת תעשיות בעמ,,,יח`,10,100 גרם,false,1,10.90,1.09,false,1,
7290100700273,false,קינואה 500 גר`,סוגת תעשיות בעמ,,,יח`,5,100 גרם,false,1,15.90,3.18,true,1,
7290100700396,false,אורז יסמין סוגת (1 קג),סוגת תעשיות בעמ,,,יח`,1,"ק""ג",false,1,12.40,12.40,true,1,
7290100700563,false,אורז מיקס קלאסי סוגת (1 קג),סוגת תעשיות בעמ,,,יח`,1,"ק""ג",false,1,13.90,13.90,false,1,
7290100700587,false,בורגול סוגת (500 גרם),סוגת תעשיות בעמ,,,יח`,5,100 גרם,false,1,6.50,1.30,true,1,
7290100701140,false,אורז ריזוטו ארבוריו סוגת (1 קג),סוגת תעשיות בעמ,,,יח`,1,"ק""ג",false,1,13.90,13.90,false,1,
7290100701157,false,אורז להכנת סושי סוגת (1 קג),סוגת תעשיות בעמ,,,יח`,1,"ק""ג",false,1,12.90,12.90,false,1,
7290100701300,false,קינואה אדומה סוגת (500 גרם),סוגת תעשיות בעמ,,,יח`,5,100 גרם,false,1,16.90,3.38,true,1,
7290100701454,false,בורגול דק גרישה סוגת (500 גרם),סוגת תעשיות בעמ,,,יח`,5,100 גרם,false,1,5.90,1.18,true,1,
7290100703007,false,עדשים שחורות בלוגה סוגת (500 גרם),סוגת תעשיות בעמ,,,יח`,5,100 גרם,false,1,8.90,1.78,true,1,
7290100704660,false,קינואה מיקס 500 גר`,סוגת תעשיות בעמ,,,יח`,5,100 גרם,false,1,15.90,3.18,true,1,
7290100850916,false,חטיף תירס חמוץ חריף דוריטוס (70 גרם),שטראוס פריטו ליי בעמ,,,יח`,0.70,100 גרם,false,1,4.20,6,true,1,
7290100850923,false,חטיף תירס גריל דוריטוס (70 גרם),שטראוס פריטו ליי בעמ,,,יח`,0.70,100 גרם,false,1,4.20,6,true,1,
7290100850930,false,חטיף תירס בטעם טבעי דוריטוס (70 גרם),שטראוס פריטו ליי בעמ,,,יח`,0.70,100 גרם,false,1,4.20,6,true,1,
7290100858592,false,אבקת קקאו עלית (150 גרם),שטראוס גרופ בעמ,,,יח`,1.50,100 גרם,false,1,9.90,6.60,false,1,
7290100921593,false,סוד כדוריות נתלה לאסלה לימון,גורי שיווק בעמ,,,יח`,1,,false,1,8.90,8.90,true,1,
7290101110033,false,קרחון ענבים,פלקו בעמ,,,יח`,1,,false,1,2.20,2.20,false,1,
7290101110057,false,קרחון לימון,פלקו בעמ,,,יח`,1,,false,1,2.20,2.20,false,1,
7290101110071,false,קרחון משמש,פלקו בעמ,,,יח`,1,,false,1,2.20,2.20,false,1,
7290101110088,false,קרחון אננס,פלקו בעמ,,,יח`,1,,false,1,2.20,2.20,false,1,
7290101110095,false,קרחון קולה,פלקו בעמ,,,יח`,1,,false,1,2.20,2.20,false,1,
7290101110149,false,בליסימו גלידה 1.3 ליטר וניל עם פליק,פלקו בעמ,,,יח`,1.30,1 ליטר,false,1,19.90,15.31,true,1,
7290101110163,false,בליסימו 1.3 וניל עוגיות,פלקו בעמ,,,יח`,1,,false,1,17.90,17.90,false,1,
7290101110262,false,מלבי 1.8,פלקו בעמ,,,יח`,1.80,1 ליטר,false,1,26.90,14.94,false,1,
7290101110279,false,בליסימו שוקולד 1.3 ליטר פאג`ג פקאן,פלקו בעמ,,,יח`,1.30,1 ליטר,false,1,19.90,15.31,true,1,
7290101110309,false,שוקו אגוז חלבי 1.8 ליטר,פלקו בעמ,,,יח`,1.80,1 ליטר,false,1,18.40,10.22,false,1,
7290101110347,false,קרחון דובדבן,פלקו בעמ,,,יח`,1,,false,1,2.20,2.20,false,1,
7290101110354,false,טילון וניל,פלקו בעמ,,,יח`,1,,false,1,5,5,false,1,
7290101110361,false,טילון שוקו,פלקו בעמ,,,יח`,1,,false,1,5,5,false,1,
7290101110378,false,טילון ריבת חלב,פלקו בעמ,,,יח`,1,,false,1,5,5,false,1,
7290101110453,false,שרבט תות פרווה 1.8 ליטר,פלקו בעמ,,,יח`,1.80,1 ליטר,false,1,18.90,10.50,false,1,
7290101110460,false,בליסימו 1.3 וניל צרפתי,פלקו בעמ,,,יח`,1.30,1 ליטר,false,1,19.90,15.31,true,1,
7290101110477,false,בקלאווה 1.8,פלקו בעמ,,,יח`,1.80,1 ליטר,false,1,26.90,14.94,false,1,
7290101110811,false,מאגדת מצופה דיאט שמינייה,פלקו בעמ,,,יח`,6.40,100 גרם,false,1,28.60,4.47,false,1,
7290101111085,false,בליסימו שוקולד 1.3 ליטר מריר נוגט,פלקו בעמ,,,יח`,1.30,1 ליטר,false,1,17.90,13.77,false,1,
7290101111269,false,פונטש בננה 1.8 ליטר,פלקו בעמ,,,יח`,1.80,1 ליטר,false,1,18.90,10.50,false,1,
7290101111351,false,שוקו מוקה 1.8 ליטר,פלקו בעמ,,,יח`,1.80,1 ליטר,false,1,18.90,10.50,false,1,
7290101111399,false,מאגדת שלגון יוגורט שישייה,פלקו בעמ,,,יח`,1,,false,1,21.50,21.50,false,1,
7290101111429,false,בליסימו 1.3 שוקולד וניל דובדבן פרווה,פלקו בעמ,,,יח`,1,,false,1,17.90,17.90,false,1,
7290101111481,false,קרחון פסיפלורה,פלקו בעמ,,,יח`,1,,false,1,2.20,2.20,false,1,
7290101111573,false,מאגדת שלגון יוגורט שישייה,פלקו בעמ,,,יח`,1,,false,1,21.50,21.50,false,1,
7290101111580,false,שלגון יוגורט סורבה,פלקו בעמ,,,יח`,1,,false,1,4.60,4.60,false,1,
7290101111597,false,מאגדת שלגון יוגורט שישייה,פלקו בעמ,,,יח`,1,,false,1,21.50,21.50,false,1,
7290101111603,false,שלגון יוגורט סורבה,פלקו בעמ,,,יח`,1,,false,1,4.60,4.60,false,1,
7290101111702,false,מאגדת מצופה דיאט שמינייה,פלקו בעמ,,,יח`,1,,false,1,28.60,28.60,false,1,
7290101111757,false,שלגון כוכב ההפתעות,פלקו בעמ,,,יח`,1,,false,1,4.60,4.60,false,1,
7290101111771,false,דה לה קרם מרובע וניל שוקו 2 ליטר,פלקו בעמ,,,יח`,2,1 ליטר,false,1,16.40,8.20,false,1,
7290101111788,false,דה לה קרם מרובע ריבת חלב 2 ליטר,פלקו בעמ,,,יח`,2,1 ליטר,false,1,16.40,8.20,false,1,
7290101111795,false,דה לה קרם מרובע תות בננה 2 ליטר,פלקו בעמ,,,יח`,2,1 ליטר,false,1,16.40,8.20,false,1,
7290101111894,false,דה לה קרם מרובע שוקו 2 ליטר,פלקו בעמ,,,יח`,2,1 ליטר,false,1,16.40,8.20,false,1,
7290101112037,false,דה לה קרם וניל שוקו תות,פלקו בעמ,,,יח`,2,1 ליטר,false,1,16.40,8.20,false,1,
7290101112044,false,דה לה קרם שוקו פקאן,פלקו בעמ,,,יח`,2,1 ליטר,false,1,16.40,8.20,false,1,
7290101112075,false,מאגדת שישייה שייק פרי,פלקו בעמ,,,יח`,1,,false,1,30.50,30.50,false,1,
7290101112099,false,מאגדת רביעייה שייק פרי יוגורט,פלקו בעמ,,,יח`,1,,false,1,20.30,20.30,false,1,
7290101112105,false,גלידה חגיגה טעם וניל בראוניז,פלקו בעמ,,,יח`,1.80,1 ליטר,false,1,26.60,14.78,false,1,
7290101112112,false,גלידה חגיגה טעם טרמיסו,פלקו בעמ,,,יח`,1.80,1 ליטר,false,1,26.90,14.94,false,1,
7290101112211,false,מאגדת שישיה שייק פרי אננס קוקוס,פלקו בעמ,,,יח`,1,,false,1,30.50,30.50,false,1,
7290101112228,false,מאגדת גלידה פרי שמיניה אננס 8יח,פלקו בעמ,,,יח`,8,100 גרם,false,1,25.90,3.24,false,1,
7290101112518,false,מאגדת אייס קפה 6יח פלדמן,פלקו בעמ,,,יח`,1,,false,1,20.90,20.90,true,1,
7290101112594,false,בליסימו מילקשייק שוקולטה וניל 1.3,פלקו בעמ,,,יח`,1.30,1 ליטר,false,1,17.90,13.77,false,1,
7290101112600,false,בליסימו מילקשייק וניל מוקה 1.3,פלקו בעמ,,,יח`,1.30,1 ליטר,false,1,19.90,15.31,true,1,
7290101112624,false,מאגדת שלגון פרוזן יוגורט תות אננס שישי,פלקו בעמ,,,יח`,1,,false,1,20.40,20.40,false,1,
7290101112679,false,מאגדת קוקטייל שישייה פינקולדה קוקוס- חל,פלקו בעמ,,,יח`,1,,false,1,26.50,26.50,false,1,
7290101112716,false,מאגדת שישייה שייק פרי תות-תפוז-גזר-לימונ,פלקו בעמ,,,יח`,1,,false,1,31.60,31.60,false,1,
7290101112761,false,מאגדת שלגוןיוגיפרי 6 יח פרווה,פלקו בעמ,,,יח`,1,,false,1,20.40,20.40,false,1,
7290101112808,false,מאגדת גלידל פרי מרגריטה אשכולית 8 יח,פלקו בעמ,,,יח`,8,100 גרם,false,1,24.40,3.05,false,1,
7290101112853,false,מאגדת שלגון פטיסרי בטעם פאי לימון 4 יח,פלקו בעמ,,,יח`,1,,false,1,25.40,25.40,false,1,
7290101112860,false,מאגדת פטיסרי אקלר טופי קרמל 4 יח,פלקו בעמ,,,יח`,1,,false,1,25.40,25.40,false,1,
7290101112921,false,מאגדת גלידל פרי פירות טרופים 8 יח,פלקו בעמ,,,יח`,6.40,100 גרם,false,1,25.90,4.05,false,1,
7290101112938,false,מאגדת שלגון פרוזן יוגורט בציפוי שוקולד,פלקו בעמ,,,יח`,1,,false,1,20.40,20.40,false,1,
7290101112983,false,מאגדת גרניטה אפרסק 6 יח,פלקו בעמ,,,יח`,1,,false,1,19.90,19.90,true,1,
7290101112990,false,מאגדת גרניטה קוקוס 6 יח,פלקו בעמ,,,יח`,1,,false,1,19.90,19.90,true,1,
7290101113003,false,דיזרט 1.8 אקלר קרמבל תפוחים,פלקו בעמ,,,יח`,1.80,1 ליטר,false,1,26.60,14.78,false,1,
7290101113010,false,דיזרט 1.8 אקלר טופי קרמל,פלקו בעמ,,,יח`,1.80,1 ליטר,false,1,26.60,14.78,false,1,
7290101113096,false,מאגדת גרניטה דובדבן 6 יח,פלקו בעמ,,,יח`,1,,false,1,19.90,19.90,false,1,
7290101113102,false,מאגדת שייק פרי תות ואננס חמישייה,פלקו בעמ,,,יח`,1,,false,1,20.90,20.90,false,1,
7290101113119,false,מאגדת שייק פרי מנגו פסיפלורה חמישייה,פלקו בעמ,,,יח`,1,,false,1,20.90,20.90,false,1,
7290101113157,false,מאגדת גלידל חלבי וניל 6 יח פלדמן,פלקו בעמ,,,יח`,1,,false,1,27.90,27.90,false,1,
7290101113201,false,מאגדת גרניטה לימונדה 6 יח,פלקו בעמ,,,יח`,1,,false,1,19.90,19.90,false,1,
7290101113225,false,מאגדת שיק פרי מנגו 5 יח,פלקו בעמ,,,יח`,1,,false,1,20.90,20.90,false,1,
7290101113423,false,גלידל פרי תות לימון 8 יח,פלקו בעמ,,,יח`,1,,false,1,23.90,23.90,false,1,
7290101113430,false,מאגדת גלידל ריפל שוקלוד 6 יח,פלקו בעמ,,,יח`,1,,false,1,27.90,27.90,false,1,
7290101113447,false,מאגדת גלידל מיני קסטה שוקו וניל,פלקו בעמ,,,יח`,1,,false,1,30.90,30.90,false,1,
7290101113454,false,מאגדת גלידל יוגורט אפרסק 8 יח,פלקו בעמ,,,יח`,1,,false,1,30.90,30.90,false,1,
7290101113461,false,מאגדת מיני מילקבר 5 יח,פלקו בעמ,,,יח`,0,100 גרם,false,1,9.90,9.90,false,1,
7290101113492,false,מאגדת מעל המצופה 8 יח`פלד`מן,פלקו בעמ,,,יח`,1,,false,1,14.90,14.90,false,1,
7290101113584,false,מאגדת טילונים שוקולד לבן עם ליבת שוקולד,פלקו בעמ,,,יח`,1,,false,1,22.90,22.90,false,1,
7290101113591,false,מאגדת טילונים שוקולד לבן עם עוגיות יולו,פלקו בעמ,,,יח`,1,,false,1,22.90,22.90,false,1,
7290101113614,false,מאגדת טילונים וניל עם בוטנים חמישייה,פלקו בעמ,,,יח`,1,,false,1,20.90,20.90,false,1,
7290101113621,false,מאגדת טילונים ריבת חלב עם בוטנים חמישייה,פלקו בעמ,,,יח`,1,,false,1,20.90,20.90,false,1,
7290101113638,false,מאגדת סנקור ארוך 8יח,פלקו בעמ,,,יח`,1,,false,1,26.90,26.90,false,1,
7290101113652,false,מאגדת שלגון אבטיח 5 יח,פלקו בעמ,,,יח`,1,,false,1,15.90,15.90,false,1,
7290101113669,false,מאגדת חמישיה כוכב סופרסטאר,פלקו בעמ,,,יח`,1,,false,1,19.90,19.90,false,1,
7290101113676,false,מאגדת שלגון רמזור שישייה,פלקו בעמ,,,יח`,1,,false,1,10.90,10.90,false,1,
7290101113683,false,מאגדת גרניטה אייס ונילה 6 יח,פלקו בעמ,,,יח`,1,,false,1,19.90,19.90,true,1,
7290101113751,false,מאגדת שלגון יולו קרמל ושוקולד בלונדי 4 י,פלקו בעמ,,,יח`,2,100 גרם,false,1,18.90,9.45,false,1,
7290101113768,false,מאגדת שלגון יולו עוגיות שוקולד חלב 4 יח`,פלקו בעמ,,,יח`,2,100 גרם,false,1,18.90,9.45,false,1,
7290101113836,false,טילון גליגל שוקו חמישייה,פלקו בעמ,,,יח`,2.75,100 גרם,false,1,27,9.82,false,1,
7290101551362,false,פלפלים קלויים חריפים 350 גר` אחלה,שטראוס גרופ בעמ/מצונן,,,יח`,3.50,100 גרם,false,1,16.20,4.63,true,1,
7290101551539,false,דנונה פרו 20 גר`אפרסק,שטראוס גרופ בעמ/מצונן,,,יח`,2,100 גרם,false,1,6.10,3.05,false,1,
7290101864127,false,ספריי להסרת כתמים וניש קליה (750 מל),רקיט בנקיזר (ניר איסט) בעמ,,,יח`,7.50,"100 מ""ל",false,1,20.90,2.79,false,1,
7290101865261,false,נוזל הברקה למדיח כלים פיניש (800 מל),רקיט בנקיזר (ניר איסט) בעמ,,,יח`,8,"100 מ""ל",false,1,20.90,2.61,false,1,
7290101866633,false,ג`ל להסרת כתמים וניש קליה (3 ליטר),רקיט בנקיזר (ניר איסט) בעמ,,,יח`,3,1 ליטר,false,1,29.90,9.97,false,1,
7290101866787,false,קליה ג`ל 3 ליטר,רקיט בנקיזר (ניר איסט) בעמ,,,יח`,3,1 ליטר,false,1,30.90,10.30,false,1,
7290101869733,false,פיניש ג`ל 1 ליטר AIO,רקיט בנקיזר (ניר איסט) בעמ,,,יח`,1,1 ליטר,false,1,44.90,44.90,false,1,
7290102030330,false,תפוצ`יפס 200 גר` קראנץ` מקסיקני,שטראוס פריטו ליי בעמ,,,יח`,2,100 גרם,false,1,10.90,5.45,true,1,
7290102031276,false,שמיניית אקטימל תות בננה,שטראוס גרופ בעמ/מצונן,,,יח`,8,"100 מ""ל",false,1,20.90,2.61,false,1,
7290102032334,false,קפה נמס וניל עלית (200 גרם),שטראוס גרופ בעמ,,,יח`,2,100 גרם,false,1,21.90,10.95,false,1,
7290102300822,false,גבינת צ`דר אנגלית כתומה 200 גרם,א. סיימן סחר בעמ,,,יח`,2,100 גרם,false,1,25.90,12.95,true,1,
7290102300860,false,גבינת צ`דר אנגלית 200 גרם,א. סיימן סחר בעמ,,,יח`,2,100 גרם,false,1,23.90,11.95,true,1,
7290102302826,false,פילה דג סרדין בשמן זית 120 גר`רוברוט,א. סיימן סחר בעמ,,,יח`,1.20,100 גרם,false,1,16.90,14.08,false,1,
7290102390427,false,יוגורט ביו פרופ 3% תות מולר (150 גרם),החב` המרכזית - טרה,,,יח`,1.50,"100 מ""ל",false,1,5.60,3.73,false,1,
7290102390465,false,מולר מעדן אפרסק 150 מל,החב` המרכזית - טרה,,,יח`,1.50,"100 מ""ל",false,1,5.60,3.73,false,1,
7290102390489,false,יוגורט ביו פרופ 3% לימון מולר (150 גרם),החב` המרכזית - טרה,,,יח`,1.50,"100 מ""ל",false,1,5.60,3.73,false,1,
7290102391844,false,מולר יוגורט פרי פרופ יער 150 מל,החב` המרכזית - טרה,,,יח`,1.50,"100 מ""ל",false,1,5.60,3.73,false,1,
7290102392049,false,תבור גבינה לאפיה צוריאל,החב` המרכזית - טרה,,,יח`,5,100 גרם,false,1,22,4.40,false,1,
7290102392094,false,חלב עיזים מלא 4.1% משק צוריאל (1 ליטר),החב` המרכזית - טרה,,,יח`,1,1 ליטר,false,1,18.40,18.40,false,1,
7290102393039,false,מולר מיקס יוגורט קרמי,החב` המרכזית - טרה,,,יח`,1.70,100 גרם,false,1,6.60,3.88,false,1,
7290102393060,false,מולר מיקס יוגורט קרמי,החב` המרכזית - טרה,,,יח`,1.70,"100 מ""ל",false,1,6.60,3.88,false,1,
7290102393176,false,מולר סימפלי פרויט אפרסק,החב` המרכזית - טרה,,,יח`,1.50,100 גרם,false,1,5.60,3.73,true,1,
7290102393190,false,מולר סימפלי פרויט פירות היער,החב` המרכזית - טרה,,,יח`,1.50,100 גרם,false,1,5.60,3.73,true,1,
7290102393268,false,גבינה לבנה 5% 750 גר`פיקוח,החב` המרכזית - טרה,,,יח`,7.50,100 גרם,false,1,14.94,1.99,false,1,
7290102393947,false,מולר סימפלי פרויט קיווי,החב` המרכזית - טרה,,,יח`,1.50,"100 מ""ל",false,1,5.60,3.73,true,1,
7290102394463,false,גבינה צהובה ואקום 28%,החב` המרכזית - טרה,,,יח`,5,100 גרם,false,1,31,6.20,false,1,
7290102394821,false,גבינה צהובה 200 גר`דק דק 28% אדם נעם,החב` המרכזית - טרה,,,יח`,2,100 גרם,false,1,18.40,9.20,false,1,
7290102394845,false,גבינה צהובה 200 גר`דק דק 9% נעם,החב` המרכזית - טרה,,,יח`,2,100 גרם,false,1,18.80,9.40,false,1,
7290102395224,false,יוגורט ביו נטורל 1.7% מולר (150x8 גרם),החב` המרכזית - טרה,,,יח`,12,100 גרם,false,1,19.80,1.65,false,1,
7290102395231,false,יוגורט ביו נטורל 2.8% מולר (150x8 גרם),החב` המרכזית - טרה,,,יח`,1,,false,1,19.80,19.80,false,1,
7290102395439,false,מאגדת שמינייה מולר סיפלי פרוט,החב` המרכזית - טרה,,,יח`,1,,false,1,33.10,33.10,false,1,
7290102395521,false,שמנת לבישול 15% 500 מל,החב` המרכזית - טרה,,,יח`,5,"100 מ""ל",false,1,18.40,3.68,false,1,
7290102396665,false,גבינה צהובה דקה דקה 15% נעם (200 גרם),החב` המרכזית - טרה,,,יח`,2,100 גרם,false,1,18.80,9.40,false,1,
7290102396672,false,גבינה צהובה נעם דק דק 9% פתח סגור 360 ג,החב` המרכזית - טרה,,,יח`,3.60,100 גרם,false,1,28.70,7.97,false,1,
7290102396719,false,יוגורט 0% תות סימפלי מולר (150 גרם),החב` המרכזית - טרה,,,יח`,1.50,100 גרם,false,1,5.60,3.73,true,1,
7290102396726,false,יוגורט 0% אפרסק סימפלי מולר (150 גרם),החב` המרכזית - טרה,,,יח`,1.50,100 גרם,false,1,5.60,3.73,false,1,
7290102397204,false,גבינה צהובה נעם דק דק פתח סגור 200 גר,החב` המרכזית - טרה,,,יח`,2,100 גרם,false,1,18.80,9.40,false,1,
7290102397334,false,בולגרית 5% בגביע 250 גר`צוריאל,החב` המרכזית - טרה,,,יח`,2.50,100 גרם,false,1,25.40,10.16,false,1,
7290102397464,false,מולר נטורל+פקאן גרעינים וחמוציות 150,החב` המרכזית - טרה,,,יח`,1.50,100 גרם,false,1,6.60,4.40,false,1,
7290102397600,false,מולר מיקס שקדים ובוטנים בקרמל 170 גרם,החב` המרכזית - טרה,,,יח`,1.70,100 גרם,false,1,6.60,3.88,false,1,
7290102397679,false,קוטג`וחצי 5% 375 גר,החב` המרכזית - טרה,,,יח`,3.75,100 גרם,false,1,8.80,2.35,false,1,
7290102397730,false,גבינה צהובה אמנטל 30% נעם (200 גרם),החב` המרכזית - טרה,,,יח`,2,100 גרם,false,1,18.80,9.40,false,1,
7290102397747,false,מוצרלה נעם פתיחה חוזרת 200 גר`,החב` המרכזית - טרה,,,יח`,2,100 גרם,false,1,21,10.50,false,1,
7290102397891,false,גבינה מותכת 100 גר צוריאל,החב` המרכזית - טרה,,,יח`,1,100 גרם,false,1,8.40,8.40,false,1,
7290102398065,false,חלב קרטון 2 ליטר 3% מהדרין וסט,החב` המרכזית - טרה,,,יח`,2,1 ליטר,false,1,12.46,6.23,false,1,
7290102398331,false,חלב מועשר דל לקטוז 1 ליטר טרה,החב` המרכזית - טרה,,,יח`,1,1 ליטר,false,1,7.90,7.90,false,1,
7290102398560,false,משקה שוקו מועשר בבקבוק 1 ליטר טרה,החב` המרכזית - טרה,,,יח`,1,1 ליטר,false,1,12.80,12.80,false,1,
7290102398577,false,שוקו מעושר בבקבוק 250 מל טרה,החב` המרכזית - טרה,,,יח`,2.50,"100 מ""ל",false,1,5.50,2.20,false,1,
7290102398669,false,משקה חלב אייס קפוצינו 1 ליטר טרה,החב` המרכזית - טרה,,,יח`,1,1 ליטר,false,1,12.80,12.80,false,1,
7290102398782,false,משקה סויה קלאסי 1 ליטר משק צוריאל,החב` המרכזית - טרה,,,יח`,1,1 ליטר,false,1,10.50,10.50,false,1,
7290102398799,false,משקה סויה במתיקות מופחת 1 ליטר משק צוריא,החב` המרכזית - טרה,,,יח`,1,1 ליטר,false,1,10.50,10.50,false,1,
7290102398836,false,משקה שקדים קלאסי 1 ליטר משק צוריאל,החב` המרכזית - טרה,,,יח`,10,"100 מ""ל",false,1,12.60,1.26,false,1,
7290102399048,false,קשקבל נעם פתיחה חוזרת 200 גר`,החב` המרכזית - טרה,,,יח`,2,100 גרם,false,1,24.30,12.15,false,1,
7290102399772,false,ממרח חמאה מולר במליחות עדינה 250 גר`,החב` המרכזית - טרה,,,יח`,2.50,100 גרם,false,1,18.80,7.52,false,1,
7290102399789,false,ממרח חמאה מולר ללא מלח 250 גר`,החב` המרכזית - טרה,,,יח`,2.50,100 גרם,false,1,18.80,7.52,false,1,
7290102399796,false,יוגורט מולר אקטיב לבן חלבון 25 גר,החב` המרכזית - טרה,,,יח`,2,100 גרם,false,1,6.60,3.30,true,1,
7290102399802,false,יוגורט מולר אקטיב תות חלבון 20גר,החב` המרכזית - טרה,,,יח`,2,100 גרם,false,1,6.60,3.30,true,1,
7290102399819,false,יוגורט מולר אקטיב פירות יער חלבון 20גר,החב` המרכזית - טרה,,,יח`,2,100 גרם,false,1,6.60,3.30,true,1,
7290102840175,false,אינסטנט פודינג בטעם וניל מיה (85 גרם),מיה תעשיות מזון מ.ת.מ. בעמ,,,יח`,0.85,100 גרם,false,1,5,5.88,false,1,
7290103401429,false,קפה PLATINUM ברזילאי 200 גר,שטראוס גרופ בעמ,,,יח`,2,100 גרם,false,1,26.90,13.45,true,1,
7290103404758,false,כרוב אדום במיונז אחלה (120 גרם),שטראוס גרופ בעמ/מצונן,,,יח`,1.20,100 גרם,false,1,5.50,4.58,false,1,
7290103408206,false,עלי חסה ערבית שטופים 250 גר טעם הטבע,שטראוס גרופ בעמ/מצונן,,,יח`,2.50,100 גרם,false,1,10.10,4.04,false,1,
7290104061417,false,חומוס עם טחינה אחלה (400 גרם),שטראוס גרופ בעמ/מצונן,,,יח`,4,100 גרם,false,1,12.10,3.03,false,1,
7290104061424,false,חומוס וזעתר אחלה (400 גרם),שטראוס גרופ בעמ/מצונן,,,יח`,4,100 גרם,false,1,12.10,3.03,false,1,
7290104061431,false,חומוס עם צנובר אחלה (400 גרם),שטראוס גרופ בעמ/מצונן,,,יח`,4,100 גרם,false,1,11.50,2.88,false,1,
7290104061448,false,חומוס וחריף אחלה (400 גרם),שטראוס גרופ בעמ/מצונן,,,יח`,4,100 גרם,false,1,11.50,2.88,false,1,
7290104065934,false,עלי רוקט שטראוס 150 גר`-טעם הטבע,שטראוס גרופ בעמ/מצונן,,,יח`,1.50,100 גרם,false,1,10.50,7,false,1,
7290104067693,false,חומוס אחלה עם תוספת חריף 150 גר,שטראוס גרופ בעמ/מצונן,,,יח`,1.50,100 גרם,false,1,6.10,4.07,false,1,
7290104501661,false,פודינג בטעם וניל צרפתי 80 גר`אסם,קבוצת אסם סחר שות. מוגבלת,,,יח`,0.80,100 גרם,false,1,6.80,8.50,false,1,
7290104721762,false,קפה טורקי עלית (85x3 גרם),שטראוס גרופ בעמ,,,יח`,2.55,100 גרם,false,1,19.90,7.80,false,1,
7290104722530,false,תפוצ`יפס 200 גר` שמנת בצל,שטראוס פריטו ליי בעמ,,,יח`,2,100 גרם,false,1,10.90,5.45,true,1,
7290104726712,false,מילקי שמיניה,שטראוס גרופ בעמ/מצונן,,,יח`,8.68,"100 מ""ל",false,1,20.90,2.41,false,1,
7290104728310,false,שמנת עמידה לקצפת 38% שומן 250 מל,שטראוס גרופ בעמ/מצונן,,,יח`,2.50,"100 מ""ל",false,1,6.47,2.59,false,1,
7290104729003,false,שמן זית כתית מעולה יד מרדכי (750 מל),שטראוס גרופ בעמ,,,יח`,7.50,"100 מ""ל",false,1,34.90,4.65,true,1,
7290105360250,false,קפסולות קפה עלית עשיר וארומטי)(10,שטראוס גרופ בעמ,,,יח`,1,,false,1,18.50,18.50,true,1,
7290105360328,false,קפסולות 10 חזק ועוצמתי עלית) (10,שטראוס גרופ בעמ,,,יח`,0.50,100 גרם,false,1,18.50,37,true,1,
7290105362339,false,שמנת לבישול 15% יטבתה (250 מל),שטראוס גרופ בעמ/מצונן,,,יח`,2.50,"100 מ""ל",false,1,8.40,3.36,true,1,
7290105363602,false,מקלות כיף כף קלאסי עלית (40 גרם),שטראוס גרופ בעמ,,,יח`,0.40,100 גרם,false,1,5.70,14.25,true,1,
7290105364302,false,מקלות כיף כף אגוזים עלית (42 גרם),שטראוס גרופ בעמ,,,יח`,0.42,100 גרם,false,1,5.70,13.57,true,1,
7290105366993,false,סימפוניה 200 גר פלפל שיפקה חריף,שטראוס גרופ בעמ/מצונן,,,יח`,2,100 גרם,false,1,11.90,5.95,false,1,
7290105368331,false,מילקי תות פיקוח,שטראוס גרופ בעמ/מצונן,,,יח`,1.30,"100 מ""ל",false,1,2.80,2.15,false,1,
7290105369130,false,סימפוניה 200 גר בצל ירוק 5%,שטראוס גרופ בעמ/מצונן,,,יח`,2,100 גרם,false,1,12.20,6.10,false,1,
7290105439499,false,מיונז הולנדי מאסטר שף (483 גר`),ש.שסטוביץ בעמ,,,יח`,4.83,100 גרם,false,1,12.50,2.59,false,1,
7290105691224,false,חטיף טורטיה שום ובצל אסם (60 גרם),קבוצת אסם סחר שות. מוגבלת,,,יח`,0.60,100 גרם,false,1,9,15,true,1,
7290105691934,false,קמח שמרים אסם (1 קג),קבוצת אסם סחר שות. מוגבלת,,,יח`,1,"ק""ג",false,1,10.90,10.90,false,1,
7290105693341,false,במבה אסם (25x10 גרם),קבוצת אסם סחר שות. מוגבלת,,,יח`,2.50,100 גרם,false,1,17.30,6.92,true,1,
7290105694614,false,ספגטי מהיר הכנה אסם (500 גרם),קבוצת אסם סחר שות. מוגבלת,,,יח`,5,100 גרם,false,1,6.10,1.22,true,1,
7290105695024,false,פתיתים אפויים 500 גר` אורז עם אטריות אסם,קבוצת אסם סחר שות. מוגבלת,,,יח`,1,,false,1,7.70,7.70,true,1,
7290105695321,false,עוגת בראוניז פאדג`,קבוצת אסם סחר שות. מוגבלת,,,יח`,4,100 גרם,false,1,19.60,4.90,false,1,
7290105695536,false,אבקת מרק ירקות שורש 220 גר,קבוצת אסם סחר שות. מוגבלת,,,יח`,2.20,100 גרם,false,1,18.60,8.45,false,1,
7290105695895,false,עוגת הבית דמקה דבש אסם (320 גרם),קבוצת אסם סחר שות. מוגבלת,,,יח`,3.20,100 גרם,false,1,12.50,3.91,false,1,
7290105964564,false,חומוס אחלה (400 גרם),שטראוס גרופ בעמ/מצונן,,,יח`,4,100 גרם,false,1,9.10,2.28,false,1,
7290105965738,false,דנונה לשתיה תות בננה,שטראוס גרופ בעמ/מצונן,,,יח`,2.63,"100 מ""ל",false,1,5,1.90,false,1,
7290105966469,false,חומץ בלסמי ממודנה יד מרדכי (250 מל),שטראוס גרופ בעמ,,,יח`,2.50,100 גרם,false,1,13.90,5.56,false,1,
7290106520066,false,רבע לשבע- רגיל,שטראוס גרופ בעמ,,,יח`,1.60,100 גרם,false,1,14.20,8.88,false,1,
7290106525399,false,קפסולות קפה עליתברזיל)(10,שטראוס גרופ בעמ,,,יח`,0.50,100 גרם,false,1,18.50,37,true,1,
7290106526822,false,אנרג`י פריכיות תחתית שוקולד,שטראוס גרופ בעמ,,,יח`,0.70,100 גרם,false,1,9.40,13.43,true,1,
7290106528628,false,חטיף תירס בטעם טבעי דוריטוס (185 גרם),שטראוס פריטו ליי בעמ,,,יח`,1.85,100 גרם,false,1,7.90,4.27,false,1,
7290106528949,false,סלט ערוגות שטראוס 450 גר`-טעם הטבע,שטראוס גרופ בעמ/מצונן,,,יח`,4.50,100 גרם,false,1,11.80,2.62,false,1,
7290106571921,false,פיטנס עוגיות עם חמוציות נסטלה (180 גרם),קבוצת אסם סחר שות. מוגבלת,,,יח`,1.80,100 גרם,false,1,12.90,7.17,false,1,
7290106572027,false,קרקר לחמית חמישה דגנים אסם (190 גרם),קבוצת אסם סחר שות. מוגבלת,,,יח`,1.90,100 גרם,false,1,10,5.26,true,1,
7290106572065,false,חטיפי טורטיה בטעם חמוץ מתוק אסם (60 גרם),קבוצת אסם סחר שות. מוגבלת,,,יח`,0.60,100 גרם,false,1,9,15,true,1,
7290106573277,false,קריספי טאפאס זיתים,קבוצת אסם סחר שות. מוגבלת,,,יח`,1.50,100 גרם,false,1,12.90,8.60,false,1,
7290106573598,false,חומוס לבנוני צבר (400 גרם),קבוצת אסם סחר שות. מוגבלת,,,יח`,4,100 גרם,false,1,12,3,false,1,
7290106573628,false,חומוס עם טחינה צבר (400 גרם),קבוצת אסם סחר שות. מוגבלת,,,יח`,4,100 גרם,false,1,12,3,false,1,
7290106574793,false,עוגת הבית שוקוצ`יפס אסם (350 גרם),קבוצת אסם סחר שות. מוגבלת,,,יח`,3.50,100 גרם,false,1,12.50,3.57,false,1,
7290106574953,false,בייגלה שטוחים עם שומשום,קבוצת אסם סחר שות. מוגבלת,,,יח`,3,100 גרם,false,1,10.90,3.63,true,1,
7290106576513,false,חומוס צבר (400 גרם),קבוצת אסם סחר שות. מוגבלת,,,יח`,5,100 גרם,false,1,11.90,2.38,false,1,
7290106576537,false,חומוס מסעדה צבר (700 גרם),קבוצת אסם סחר שות. מוגבלת,,,יח`,7,100 גרם,false,1,11.90,1.70,false,1,
7290106577282,false,טחינה אמיתית צבר (400 גרם),קבוצת אסם סחר שות. מוגבלת,,,יח`,4,100 גרם,false,1,12.50,3.13,false,1,
7290106577541,false,סלט כרוב אדום צבר (400 גרם),קבוצת אסם סחר שות. מוגבלת,,,יח`,4,100 גרם,false,1,12.90,3.23,false,1,
7290106577572,false,צבר מרובע סלט מטבוחה 400 גר`,קבוצת אסם סחר שות. מוגבלת,,,יח`,4,100 גרם,false,1,13.20,3.30,false,1,
7290106578692,false,במבה ביסלי מיקס 80 גר`,קבוצת אסם סחר שות. מוגבלת,,,יח`,0.80,100 גרם,false,1,4.80,6,true,1,
7290106578821,false,עוגת הבית שמרים שוקולד קלאסית,קבוצת אסם סחר שות. מוגבלת,,,יח`,3.50,100 גרם,false,1,19.30,5.51,false,1,
7290106652996,false,כיף כף מקלות קוקוס,שטראוס גרופ בעמ,,,יח`,0.42,100 גרם,false,1,5.70,13.57,true,1,
7290106662025,false,תפוציפס טבעי מלח פלפל( 50 גר`),שטראוס פריטו ליי בעמ,,,יח`,0.50,100 גרם,false,1,4.40,8.80,false,1,
7290106663121,false,עוגה אישית מילקי -CAKE בודד,שטראוס גרופ בעמ/מצונן,,,יח`,1,,false,1,3,3,false,1,
7290106668577,false,יד מרדכי מיץ לימון 250 מל,שטראוס גרופ בעמ,,,יח`,2.50,"100 מ""ל",false,1,7.90,3.16,true,1,
7290106720626,false,חטיף תירס בטעם גבינה צ`יטוס (80 גרם),שטראוס פריטו ליי בעמ,,,יח`,0.80,100 גרם,false,1,4.90,6.13,false,1,
7290106721920,false,צנצנת ספירמינט צ`יקלט,שטראוס גרופ בעמ,,,יח`,0.66,100 גרם,false,1,11.50,17.42,true,1,
7290106723689,false,עלי תרד בייבי 200 גר`שטראוס טעם הטבע,שטראוס גרופ בעמ/מצונן,,,יח`,2,100 גרם,false,1,11.20,5.60,false,1,
7290106727984,false,כיף כף פצפצים עלית (135 גרם),שטראוס גרופ בעמ,,,יח`,1.35,100 גרם,false,1,10.90,8.07,false,1,
7290107280020,false,מטליות לחות לניקוי כללי סושי סנו) (50x3,החברה הדרומית לשיווק בעמ,,,יח`,1,,false,1,19.90,19.90,true,1,
7290107280129,false,שקיות אשפה חזקות 90x78 סנו סושי) (20,החברה הדרומית לשיווק בעמ,,,יח`,1,,false,1,24.90,24.90,false,1,
7290107280341,false,ריצפז פרש מטליות חד פעמיות ניחוח מלון מפ,החברה הדרומית לשיווק בעמ,,,יח`,1,,false,1,12.90,12.90,true,1,
7290107645584,false,מרק עוף רכיבים טבעיים 400 גר`קנור,יוניליוור ישראל שיווק בעמ,,,יח`,4,100 גרם,false,1,29.50,7.38,true,1,
7290107645591,false,מרק טעם עוף רכיבים טבעיים 400 גר`קנור,יוניליוור ישראל שיווק בעמ,,,יח`,4,100 גרם,false,1,18.30,4.58,true,1,
7290107647731,false,קוקומן חום לבן 20% פחות סוכר 375 גר`,יוניליוור ישראל שיווק בעמ,,,יח`,3.75,100 גרם,false,1,23.50,6.27,true,1,
7290107647816,false,ברנפלקס ללתס 500 גר`בדצ,יוניליוור ישראל שיווק בעמ,,,יח`,5,100 גרם,false,1,23.40,4.68,true,1,
7290107647854,false,שוגי 500 גר`,יוניליוור ישראל שיווק בעמ,,,יח`,5,100 גרם,false,1,20.30,4.06,true,1,
7290107871990,false,פסטה צינורות מהדרין אסם (500 גרם),קבוצת אסם סחר שות. מוגבלת,,,יח`,5,100 גרם,false,1,5.90,1.18,true,1,
7290107874427,false,מיני פריכונים בטעם זעתר אסם (25 גרם),קבוצת אסם סחר שות. מוגבלת,,,יח`,1,,false,1,4.90,4.90,false,1,
7290107874441,false,פריכונים מיני בצל מקורמל אסם (25 גרם),קבוצת אסם סחר שות. מוגבלת,,,יח`,1,,false,1,4.90,4.90,false,1,
7290107874502,false,ביסלי חטיף בטעם גריל אסם (55x4 גרם),קבוצת אסם סחר שות. מוגבלת,,,יח`,2.20,100 גרם,false,1,13.20,6,true,1,
7290107875271,false,ביסלי ברביקיו מארז 4יח*55גרם,קבוצת אסם סחר שות. מוגבלת,,,יח`,2.20,100 גרם,false,1,13.20,6,true,1,
7290107877619,false,במבה במילוי נוגט אסם (30x5 גרם),קבוצת אסם סחר שות. מוגבלת,,,יח`,1.50,100 גרם,false,1,16.30,10.87,true,1,
7290107931397,false,כיף כף פצפצים עלית (40 גרם),שטראוס גרופ בעמ,,,יח`,0.40,100 גרם,false,1,6.10,15.25,true,1,
7290107932080,false,חלב 3% מועשר בבקבוק יטבתה (1 ליטר),שטראוס גרופ בעמ/מצונן,,,יח`,10,"100 מ""ל",false,1,7.90,0.79,false,1,
7290107933155,false,לקט סלנובה 200 גר ירקות שטראוס טעם הטבע,שטראוס גרופ בעמ/מצונן,,,יח`,2,100 גרם,false,1,13.20,6.60,false,1,
7290107933193,false,סלק בוואקום מבושל שטראוס (500 גרם),שטראוס גרופ בעמ/מצונן,,,יח`,5,100 גרם,false,1,7.90,1.58,false,1,
7290107936309,false,דנונה יווני לבן 7%,שטראוס גרופ בעמ/מצונן,,,יח`,1.30,100 גרם,false,1,3.50,2.69,false,1,
7290107936958,false,עד חצות אצבעות 125 גר`עלית,שטראוס גרופ בעמ,,,יח`,1.25,100 גרם,false,1,12.20,9.76,false,1,
7290107937627,false,צנצנת קוביות ספירמינט גומי לעיסה 58גר,שטראוס גרופ בעמ,,,יח`,0.58,100 גרם,false,1,11.50,19.83,true,1,
7290107937634,false,צנצנת קוביות פפירמינט גומי לעיסה 58גר,שטראוס גרופ בעמ,,,יח`,0.58,100 גרם,false,1,11.50,19.83,true,1,
7290107937641,false,צנצנת קוביות בזוקה גומי לעיסה 58גר,שטראוס גרופ בעמ,,,יח`,0.58,100 גרם,false,1,11.50,19.83,true,1,
7290107938396,false,אקטימל תות שמינייה בנים,שטראוס גרופ בעמ/מצונן,,,יח`,8.64,100 גרם,false,1,21.70,2.51,false,1,
7290107940467,false,אקטיביה יוגורט קרמי 1.5% דנונה (200 גרם),שטראוס גרופ בעמ/מצונן,,,יח`,2,100 גרם,false,1,4.20,2.10,false,1,
7290107941259,false,עדשים ירוקות מבושלות 475 גר ירקות שטראוס,שטראוס גרופ בעמ/מצונן,,,יח`,4.75,100 גרם,false,1,13.20,2.78,false,1,
7290107941273,false,טעם הטבע חומוס מבושל שטראוס (475 גרם),שטראוס גרופ בעמ/מצונן,,,יח`,4.75,100 גרם,false,1,13.20,2.78,false,1,
7290107943192,false,שמנת חמוצה מהערבה 27% שומן יטבתה,שטראוס גרופ בעמ/מצונן,,,יח`,2,"100 מ""ל",false,1,4,2,false,1,
7290107943369,false,קוואקר שיבולת שועל ללא גולטן 511 גר`,שטראוס פריטו ליי בעמ,,,יח`,5.11,100 גרם,false,1,21.40,4.19,false,1,
7290107944472,false,סימפוניה 200 גר שום שמיר 5%,שטראוס גרופ בעמ/מצונן,,,יח`,2,100 גרם,false,1,11.90,5.95,false,1,
7290107951104,false,בפלות שוקולד 200 גר`עלית,שטראוס גרופ בעמ,,,יח`,2,100 גרם,false,1,4.90,2.45,false,1,
7290107951715,false,צנצנת קוביות ענבים 58 גר,שטראוס גרופ בעמ,,,יח`,0.58,100 גרם,false,1,11.50,19.83,true,1,
7290107953559,false,מארז טורקי לדרך כשלפ,שטראוס גרופ בעמ,,,יח`,1.68,100 גרם,false,1,19.50,11.61,false,1,
7290107954709,false,קונפיטורת פירות יער 340 גר יד מרדכי,שטראוס גרופ בעמ,,,יח`,3.40,100 גרם,false,1,13.90,4.09,false,1,
7290107954976,false,משקה יטבתה פרו קפה 350 מל,שטראוס גרופ בעמ/מצונן,,,יח`,3.50,"100 מ""ל",false,1,6.70,1.91,false,1,
7290107956925,false,קפסולות קפה עלית אוגנדה 13 למכונות נספרו,שטראוס גרופ בעמ,,,יח`,0.50,100 גרם,false,1,18.50,37,true,1,
7290107957229,false,נטיפי שוקולד צ`יפס מריר 250 גר`עלית,שטראוס גרופ בעמ,,,יח`,2.50,100 גרם,false,1,13.90,5.56,false,1,
7290107957991,false,מילקי מיניייס cake,שטראוס גרופ בעמ/מצונן,,,יח`,1.44,100 גרם,false,1,13.90,9.65,false,1,
7290107973861,false,מארז עגבניות קצוצות דק שלישייה מנה מאסט,ש.שסטוביץ בעמ,,,יח`,12,100 גרם,false,1,16.90,1.41,false,1,
7290107974066,false,עלי טורטיה קמח מלא 320 גר`מנה מאסטר שף,ש.שסטוביץ בעמ,,,יח`,3.20,100 גרם,false,1,11.20,3.50,false,1,
7290107974073,false,עלי טורטיה קמח לבן 320 גר`מנה מאסטר שף,ש.שסטוביץ בעמ,,,יח`,3.20,100 גרם,false,1,11.20,3.50,false,1,
7290107974080,false,עלי טורטיה קמח לבן 744 גר`מנה מאסטר שף,ש.שסטוביץ בעמ,,,יח`,7.44,100 גרם,false,1,16.90,2.27,false,1,
7290107978330,false,מאסטר שף איטריות דקות 400 גר,ש.שסטוביץ בעמ,,,יח`,4,100 גרם,false,1,6.90,1.73,false,1,
7290108350128,false,סושי-שקיות אשפה חזקות במיוחד,החברה הדרומית לשיווק בעמ,,,יח`,1,,false,1,29.90,29.90,false,1,
7290108350623,false,מקסימה מרכך כביסה סופט סילק סנו (1 ליטר),החברה הדרומית לשיווק בעמ,,,יח`,1,1 ליטר,false,1,18.90,18.90,true,1,
7290108351552,false,ג`ט פלוס לניקוי כללי+חומץ 750 ל סנו,החברה הדרומית לשיווק בעמ,,,יח`,7.50,"100 מ""ל",false,1,14.90,1.99,true,1,
7290108351613,false,ריצפז פרש הום בניחות מלון חלומי 2 ליטר,החברה הדרומית לשיווק בעמ,,,יח`,2,1 ליטר,false,1,22.90,11.45,true,1,
7290108352672,false,מטלית הפלא לריצפה צמד במארז סנו סושי,החברה הדרומית לשיווק בעמ,,,יח`,1,,false,1,20.90,20.90,true,1,
7290108353099,false,ממחטות אף סנו סופט חמישייה,החברה הדרומית לשיווק בעמ,,,יח`,1,,false,1,12.90,12.90,false,1,
7290108353549,false,100 דפי נייר אפיה סנו סושי,החברה הדרומית לשיווק בעמ,,,יח`,1,,false,1,20.90,20.90,false,1,
7290108353679,false,מפות ניילוון שקופות סנו סושי 10 יח,החברה הדרומית לשיווק בעמ,,,יח`,1,,false,1,15.90,15.90,false,1,
7290108354065,false,קרמה ג`ל רחצה פילינג לגבר 700 מל,החברה הדרומית לשיווק בעמ,,,יח`,7,"100 מ""ל",false,1,16,2.29,false,1,
7290108354164,false,כיף שלישיית אל סבון קטיפתי מעושר בשמנים,החברה הדרומית לשיווק בעמ,,,יח`,15,"100 מ""ל",false,1,20.90,1.39,true,1,
7290108356113,false,תחליב רחצה כיף ניחוח דבש 700 מל,החברה הדרומית לשיווק בעמ,,,יח`,7,"100 מ""ל",false,1,12.90,1.84,true,1,
7290108356168,false,תחליב רחצה כיף ניחוח אוקיינס700 מל,החברה הדרומית לשיווק בעמ,,,יח`,7,"100 מ""ל",false,1,12.90,1.84,true,1,
7290108356717,false,כיף לגבר קפאין שמפו ג`ל רחצה וסבון פנים,החברה הדרומית לשיווק בעמ,,,יח`,7,"100 מ""ל",false,1,12.90,1.84,false,1,
7290108356724,false,כיף לגבר אלוורה שמפו ג`ל רחצה וסבון פנים,החברה הדרומית לשיווק בעמ,,,יח`,7,"100 מ""ל",false,1,12.90,1.84,false,1,
7290108357240,false,סנו אוקסיג`ן להסרת כתמים 1.4 קג,החברה הדרומית לשיווק בעמ,,,יח`,14,100 גרם,false,1,30.90,2.21,false,1,
7290108357875,false,כיף שמפו לשיער רגיל אפרסק וחמאת מורומורו,החברה הדרומית לשיווק בעמ,,,יח`,7,"100 מ""ל",false,1,12.90,1.84,true,1,
7290108359985,false,סנו ז`אוול מרסס ניחוח פריחה לבנה 1 ליטר,החברה הדרומית לשיווק בעמ,,,יח`,1,1 ליטר,false,1,19.90,19.90,true,1,
7290108500271,false,שלישית פטריות חתוכות כשרות מהודרת,ג.וילי-פוד אינטרנשיונל בעמ,,,יח`,8.70,100 גרם,false,1,12.50,1.44,false,1,
7290108500677,false,כבד דג שיבוט בשמן הדג 115 גר`,ג.וילי-פוד אינטרנשיונל בעמ,,,יח`,1.15,100 גרם,false,1,10.90,9.48,true,1,
7290108502305,false,גבינת גרדה פדנו משולש 150 גר` וילי פוד,ג.וילי-פוד אינטרנשיונל **גבינו,,,יח`,1.50,100 גרם,false,1,20.90,13.93,true,1,
7290108504286,false,איבריקו צ`אנק 150 גר` וילי פוד,ג.וילי-פוד אינטרנשיונל **גבינו,,,יח`,1.50,100 גרם,false,1,17.90,11.93,true,1,
7290108506624,false,עיזים צ`אנק 150 גר` וילי פוד,ג.וילי-פוד אינטרנשיונל **גבינו,,,יח`,1.50,100 גרם,false,1,17.90,11.93,true,1,
7290108506709,false,גבינת פרמג`אנו ר`גיאנו 150 גר וילי פוד,ג.וילי-פוד אינטרנשיונל **גבינו,,,יח`,1.50,100 גרם,false,1,22.90,15.27,false,1,
7290108508963,false,גבינת מוצרלה מגורדת 25% שומן( 200 גר`)יו,ג.וילי-פוד אינטרנשיונל **גבינו,,,יח`,2,100 גרם,false,1,14.90,7.45,true,1,
7290108509250,false,אנטיפסטי ארטישוק עגבניות מיובשות וצלפים,ג.וילי-פוד אינטרנשיונל בעמ,,,יח`,3.80,100 גרם,false,1,25.90,6.82,false,1,
7290109351025,false,חומוסטחינה חלק צבר (400 גרם),קבוצת אסם סחר שות. מוגבלת,,,יח`,4,100 גרם,false,1,13.90,3.48,false,1,
7290109354101,false,קרקר לחמית ללא גלוטן 200 גר אסם,קבוצת אסם סחר שות. מוגבלת,,,יח`,2,100 גרם,false,1,11.20,5.60,true,1,
7290109354972,false,ביסקוויט פתי בר ללא גלוטן אסם (200 גרם),קבוצת אסם סחר שות. מוגבלת,,,יח`,2,100 גרם,false,1,10.50,5.25,true,1,
7290109354996,false,פתי בר שוקו ללא גלוטן 200 גרם,קבוצת אסם סחר שות. מוגבלת,,,יח`,2,100 גרם,false,1,11.20,5.60,true,1,
7290109358765,false,קראנץ` רולס 450 גר דגני בוקר,קבוצת אסם סחר שות. מוגבלת,,,יח`,4.50,100 גרם,false,1,22.90,5.09,true,1,
7290109580050,false,וונדרס נקניקיות צ`וריסוס 226 גר`,זוגלובק-וונדרס,,,יח`,2.26,100 גרם,false,1,30.90,13.67,true,1,
7290109580104,false,רוסטביף פרימיום 150 גר`זוגלובק,זוגלובק שיווק בעמ,,,יח`,1.50,100 גרם,false,1,25.90,17.27,false,1,
7290109580135,false,קורנדביף פרימיום 180 גר`זוגלובק,זוגלובק שיווק בעמ,,,יח`,1.80,100 גרם,false,1,25.90,14.39,false,1,
7290109580166,false,סרוולד קלאסי פרימיום 150 גר`זוגלובק,זוגלובק שיווק בעמ,,,יח`,1.50,100 גרם,false,1,25.90,17.27,false,1,
7290109580210,false,נקנקיות ריינהולד`ס הצרפתייה 300 גר`זוגל,זוגלובק שיווק בעמ,,,יח`,3,100 גרם,false,1,21.40,7.13,false,1,
7290109580227,false,נקנקיות ריינהולד`ס קאריווסט 300 גר`זוגל,זוגלובק שיווק בעמ,,,יח`,3,100 גרם,false,1,21.40,7.13,false,1,
7290109920146,false,דורגול מסיר אבנית 750 מל,יעקב יעקבי ובניו בעמ,,,יח`,7.50,"100 מ""ל",false,1,21.50,2.87,false,1,
7290109920580,false,אסטוניש מרסס עם אקונומיקה,יעקב יעקבי ובניו בעמ,,,יח`,7.50,"100 מ""ל",false,1,11.90,1.59,false,1,
7290109920603,false,אסטוניש קרם מטבח 500 מל,יעקב יעקבי ובניו בעמ,,,יח`,5,"100 מ""ל",false,1,19.50,3.90,false,1,
7290109920627,false,אסטוניש קרם אמבט ניקוי עם אקנומיקה 500 מ,יעקב יעקבי ובניו בעמ,,,יח`,5,"100 מ""ל",false,1,19.30,3.86,false,1,
7290110110369,false,קרלסברג לומה 6*330 מל,החברה המרכזית להפצת משקאות בעמ,,,יח`,19.80,"100 מ""ל",false,1,34.90,1.67,false,1,
7290110110574,false,פחית קוקה קולה סליק זירו לימון 330 מל,החברה המרכזית להפצת משקאות בעמ,,,יח`,3.30,"100 מ""ל",false,1,4.30,1.21,true,1,
7290110110659,false,פחית ספרייט ליים330 מל סליק,החברה המרכזית להפצת משקאות בעמ,,,יח`,3.30,"100 מ""ל",false,1,4.30,1.21,true,1,
7290110114787,false,נביעות פלוס 1.5 ליטר תפוח,החברה המרכזית להפצת משקאות בעמ,,,יח`,1.50,1 ליטר,false,1,9.20,5.93,false,1,
7290110114794,false,נביעות פלוס 1.5 ליטר אפרסק,החברה המרכזית להפצת משקאות בעמ,,,יח`,1.50,1 ליטר,false,1,9.20,5.93,false,1,
7290110114800,false,נביעות פלוס 1.5 ליטר ענבים,החברה המרכזית להפצת משקאות בעמ,,,יח`,1.50,1 ליטר,false,1,9.20,5.93,false,1,
7290110114855,false,נביעות 1.5 ליטר שישייה,החברה המרכזית להפצת משקאות בעמ,,,יח`,9,1 ליטר,false,1,13.90,1.34,true,1,
7290110114893,false,פריגת סחוט תפוז 2 ליטר,החב` המרכזית - טרה,,,יח`,2,1 ליטר,false,1,30.90,15.30,true,1,
7290110114916,false,פריגת סחוט לימונענע 2 ליטר,החב` המרכזית - טרה,,,יח`,2,1 ליטר,false,1,30.90,15.30,true,1,
7290110114954,false,פריגת תפוזים מתקתק 2 ליטר,החב` המרכזית - טרה,,,יח`,2,1 ליטר,false,1,25.90,12.80,true,1,
7290110114961,false,משקה קל בטעם תפוזים פריגת (1.5 ליטר),החברה המרכזית להפצת משקאות בעמ,,,יח`,15,"100 מ""ל",false,1,9.90,0.64,false,1,
7290110115005,false,משקה קל בטעם ענבים פריגת (1.5 ליטר),החברה המרכזית להפצת משקאות בעמ,,,יח`,15,"100 מ""ל",false,1,9.90,0.64,false,1,
7290110115043,false,משקה קל בטעם לימונענע פריגת (1.5 ליטר),החברה המרכזית להפצת משקאות בעמ,,,יח`,15,"100 מ""ל",false,1,9.90,0.64,false,1,
7290110115050,false,משקה קל בטעם תות בננה פריגת (1.5 ליטר),החברה המרכזית להפצת משקאות בעמ,,,יח`,15,"100 מ""ל",false,1,9.90,0.64,false,1,
7290110115180,false,מים נביעות 1.5 ליטר,החברה המרכזית להפצת משקאות בעמ,,,יח`,0.0150,"100 מ""ל",false,1,3,180,false,1,
7290110115203,false,קוקה קולה 1.5 ליטר,החברה המרכזית להפצת משקאות בעמ,,,יח`,0,1 ליטר,false,1,9.20,9.20,false,1,
7290110115210,false,קוקה קולה דיאט 1.5 ליטר,החברה המרכזית להפצת משקאות בעמ,,,יח`,1.50,1 ליטר,false,1,9.20,5.93,false,1,
7290110115227,false,קוקה קולה זירו 1.5 ליטר,החברה המרכזית להפצת משקאות בעמ,,,יח`,1.50,1 ליטר,false,1,9.20,5.93,false,1,
7290110115234,false,קוקה קולה זירו נטול 1.5 ליטר,החברה המרכזית להפצת משקאות בעמ,,,יח`,15,"100 מ""ל",false,1,9.20,0.59,false,1,
7290110115241,false,קוקה קולה זירו לימון 1.5 ליטר,החברה המרכזית להפצת משקאות בעמ,,,יח`,15,"100 מ""ל",false,1,9.20,0.59,false,1,
7290110115265,false,ספרייט ליים 1.5 ליטר,החברה המרכזית להפצת משקאות בעמ,,,יח`,1.50,1 ליטר,false,1,9.20,5.93,true,1,
7290110115272,false,ספרייט זירו 1.5 ליטר,החברה המרכזית להפצת משקאות בעמ,,,יח`,1.50,1 ליטר,false,1,9.20,5.93,true,1,
7290110115296,false,פאנטה אורנג`1.5 ליטר,החברה המרכזית להפצת משקאות בעמ,,,יח`,1.50,1 ליטר,false,1,9.90,6.40,false,1,
7290110115302,false,פאנטה אורנג`זירו 1.5 ליטר,החברה המרכזית להפצת משקאות בעמ,,,יח`,1.50,1 ליטר,false,1,9.90,6.40,false,1,
7290110115319,false,פאנטה אקזוטיק 1.5 ליטר,החברה המרכזית להפצת משקאות בעמ,,,יח`,1.50,1 ליטר,false,1,9.90,6.40,false,1,
7290110115326,false,פאנטה אורנג`מנגו 1.5 ליטר,החברה המרכזית להפצת משקאות בעמ,,,יח`,1.50,1 ליטר,false,1,9.90,6.40,false,1,
7290110115418,false,קוקה קולה זירו 1.5 ליטר מארז שישייה,החברה המרכזית להפצת משקאות בעמ,,,יח`,9,1 ליטר,false,1,56.70,6.10,false,1,
7290110115425,false,פיוז תה 1.5 ליטר בטעם גרין לימון-נענע,החברה המרכזית להפצת משקאות בעמ,,,יח`,1.50,1 ליטר,false,1,9.70,6.27,false,1,
7290110115456,false,פיוז תה 1.5 ליטר בטעם אפרסק 19 קל`,החברה המרכזית להפצת משקאות בעמ,,,יח`,1.50,1 ליטר,false,1,9.70,6.27,false,1,
7290110115463,false,פיוז תה 1.5 ליטר בטעם אפרסק,החברה המרכזית להפצת משקאות בעמ,,,יח`,1.50,1 ליטר,false,1,9.70,6.27,false,1,
7290110115593,false,משקה קל בטעם אשכוליות 40% פחות סוכר פריג,החברה המרכזית להפצת משקאות בעמ,,,יח`,15,"100 מ""ל",false,1,9.90,0.64,false,1,
7290110115623,false,פיוז תה זירו 1.5 ליטר בטעם אפרסק,החברה המרכזית להפצת משקאות בעמ,,,יח`,1.50,1 ליטר,false,1,9.70,6.27,false,1,
7290110116316,false,קוקה קולה 1.5 ליטר מארז שישייה חג שמח,החברה המרכזית להפצת משקאות בעמ,,,יח`,9,1 ליטר,false,1,56.70,6.10,false,1,
7290110116484,false,פריגת מיקס תות (1 ליטר),החב` המרכזית - טרה,,,יח`,1,1 ליטר,false,1,16.90,16.90,false,1,
7290110116491,false,פריגת מיקס (1 ליטר),החב` המרכזית - טרה,,,יח`,1,1 ליטר,false,1,16.90,16.90,false,1,
7290110116507,false,פריגת מיקס אננס (1 ליטר),החב` המרכזית - טרה,,,יח`,1,1 ליטר,false,1,16.90,16.90,false,1,
7290110320850,false,פתיתי עמק 200 גר,תנובה - חלב,,,יח`,2,100 גרם,false,1,15.20,7.60,false,1,
7290110320867,false,פתיתי עמק למאפים 28% 500 גר,תנובה - חלב,,,יח`,5,100 גרם,false,1,35.60,7.12,false,1,
7290110320935,false,פרוסות מוצרלה 150 גר`קולקשיין תנובה,תנובה - חלב,,,יח`,1.50,100 גרם,false,1,17.90,11.93,false,1,
7290110321277,false,קוטג בקטנה 5% מהדרין 100 גר`תנובה,תנובה - חלב,,,יח`,1,100 גרם,false,1,2.70,2.70,false,1,
7290110321284,false,קוטג בקטנה 9% מהדרין 100 גר`תנובה,תנובה - חלב,,,יח`,1,100 גרם,false,1,2.70,2.70,false,1,
7290110321680,false,יוגורט גו תות 200 מל,תנובה - חלב,,,יח`,2,"100 מ""ל",false,1,5.90,2.95,false,1,
7290110321697,false,יוגורט גו אפרסק 200 מל,תנובה - חלב,,,יח`,2,"100 מ""ל",false,1,5.70,2.85,false,1,
7290110321703,false,יוגורט גו פירות יער 200 מל,תנובה - חלב,,,יח`,2,"100 מ""ל",false,1,5.70,2.85,false,1,
7290110322014,false,טופו בטעם טבעי 300 גר`תנובה,תנובה - חלב,,,יח`,3,100 גרם,false,1,12.50,4.17,false,1,
7290110322021,false,טופו בטעם בזיליקום 300 גר`תנובה,תנובה - חלב,,,יח`,3,100 גרם,false,1,11.90,3.97,false,1,
7290110322038,false,טופו בטעם פיקנטי 300 גר`תנובה,תנובה - חלב,,,יח`,3,100 גרם,false,1,12.50,4.17,false,1,
7290110323073,false,משקה גו תות פטל 250 מל,תנובה - חלב,,,יח`,2.50,"100 מ""ל",false,1,6.20,2.48,false,1,
7290110323301,false,גבינת טל עמק 32% שומן(200 גר`)תנובה,תנובה - חלב,,,יח`,2,100 גרם,false,1,19.40,9.70,false,1,
7290110323592,false,יוגורט גו לייט אפרסק 200 מל,תנובה - חלב,,,יח`,2,100 גרם,false,1,5.70,2.85,false,1,
7290110323714,false,משקה קוקוס שקדים 1 ליטר תנובה,תנובה - חלב,,,יח`,10,"100 מ""ל",false,1,12.50,1.25,false,1,
7290110324711,false,ממרח סויה 9% בטעם טבעי 250 גר` תנובה,תנובה - חלב,,,יח`,2.50,100 גרם,false,1,9.90,3.96,true,1,
7290110324841,false,מעדן שקדים עם שוקולד מריר 125 גר`,תנובה - חלב,,,יח`,1.25,100 גרם,false,1,3.90,3.12,false,1,
7290110324858,false,מעדן שקדים בטעם אגוזי 125 גר`,תנובה - חלב,,,יח`,1.25,100 גרם,false,1,4.20,3.36,false,1,
7290110324872,false,גבינה צהובה גלבוע (5% 200 גר`)תנובה,תנובה - חלב,,,יח`,2,100 גרם,false,1,18.90,9.45,false,1,
7290110324926,false,משקה סויה ללתס 1 ליטר תנובה,תנובה - חלב,,,יח`,0.01,"100 מ""ל",false,1,11.50,1150,false,1,
7290110325305,false,מעדן גו סויה מעודן 200 מל,תנובה - חלב,,,יח`,2,"100 מ""ל",false,1,5.80,2.90,false,1,
7290110325312,false,מעדן גו סויה תות 200 מל,תנובה - חלב,,,יח`,2,"100 מ""ל",false,1,5.90,2.95,false,1,
7290110325619,false,משקה שיבולת שועל 1 ליטר תנובה,תנובה - חלב,,,יח`,10,"100 מ""ל",false,1,13.50,1.35,false,1,
7290110327033,false,משקה גו סויה במתיקות מופחתת,תנובה - חלב,,,יח`,10,"100 מ""ל",false,1,12.50,1.25,false,1,
7290110328610,false,משקה אורז ושקדים בריסטה 1 ליטר אלטרנטיב,תנובה - חלב,,,יח`,10,"100 מ""ל",false,1,13.50,1.35,false,1,
7290110328641,false,טופו טבעי אלטרנטיב 2*250 תנובה,תנובה - חלב,,,יח`,5,100 גרם,false,1,17.90,3.58,false,1,
7290110328764,false,יוגורט גו סמיך תות 0% שומן 200 גרם,תנובה - חלב,,,יח`,2,100 גרם,false,1,6.20,3.10,false,1,
7290110328771,false,יוגורט גו סמיך פירות יער 0% שומן 200 גרם,תנובה - חלב,,,יח`,2,100 גרם,false,1,5.90,2.95,false,1,
7290110328788,false,יוגורט גו סמיך אפרסק 0% שומן 200 גרם,תנובה - חלב,,,יח`,2,100 גרם,false,1,5.90,2.95,false,1,
7290110329136,false,מעדן חלב גו בטעם שוקולד 12 גר`חלבון,תנובה - חלב,,,יח`,1.20,100 גרם,false,1,5.90,4.92,false,1,
7290110329686,false,משקה חלב גו בטעם עוגיות 340 מל,תנובה - חלב,,,יח`,3.40,100 גרם,false,1,8.90,2.62,false,1,
7290110329716,false,משקה קפה קר בטעם קפוצ`ינו 230 מל,תנובה - חלב,,,יח`,2.30,"100 מ""ל",false,1,7.90,3.43,false,1,
7290110329723,false,משקה קפה קר בטעם לאטה 230 מל,תנובה - חלב,,,יח`,2.30,"100 מ""ל",false,1,7.90,3.43,false,1,
7290110329792,false,סויה BIO אפרסק גביע 150 גרם Alternative,תנובה - חלב,,,יח`,1.50,100 גרם,false,1,4.50,3,true,1,
7290110329822,false,סויה BIO פירות יער גביע 150 גרם Alternat,תנובה - חלב,,,יח`,1.50,100 גרם,false,1,4.50,3,true,1,
7290110329839,false,פרוסות צהובה בטעם זיתים 200 גרם alternat,תנובה - חלב,,,יח`,2,100 גרם,false,1,22.90,11.45,false,1,
7290110329846,false,סויה BIO טבעי גביע 150 גרם Alternative,תנובה - חלב,,,יח`,1.50,100 גרם,false,1,4.50,3,true,1,
7290110329914,false,ביו אלטרנטיב מאגדת משקה שיבולת שועל שקדי,תנובה - חלב,,,יח`,6,100 גרם,false,1,18.90,3.15,false,1,
7290110550370,false,משולשות קינואה ופלפל שחור 65 גר`עלית,שטראוס גרופ בעמ,,,יח`,0.65,100 גרם,false,1,10.90,16.77,true,1,
7290110552039,false,דוריטוס אקסטרים ספייסי נאצו 70 גר`,שטראוס פריטו ליי בעמ,,,יח`,0.70,100 גרם,false,1,4.90,7,false,1,
7290110552220,false,דנונה פרו ללא סוכר בטעם תות 200 גר`,שטראוס גרופ בעמ/מצונן,,,יח`,2,"100 מ""ל",false,1,5.90,2.95,false,1,
7290110552237,false,דנונה פרו ללא סוכר בטעם אפרסק מנגו 200 ג,שטראוס גרופ בעמ/מצונן,,,יח`,2,"100 מ""ל",false,1,5.90,2.95,false,1,
7290110553425,false,קפה נמס עלית 200+20%,שטראוס גרופ בעמ,,,יח`,2.40,100 גרם,false,1,19.90,8.29,false,1,
7290110554507,false,קפה טורקי תימני 100 גר`,שטראוס גרופ בעמ,,,יח`,1,100 גרם,false,1,9.50,9.50,false,1,
7290110556242,false,שוקולד פרה מריר פרווה עלית (100 גרם),שטראוס גרופ בעמ,,,יח`,1,100 גרם,false,1,5.90,5.90,true,1,
7290110557102,false,מעדן חלב עם שוקולד מעושר בחלבון,שטראוס גרופ בעמ/מצונן,,,יח`,1.50,100 גרם,false,1,5.40,3.60,true,1,
7290110557133,false,מעדן הגולן וניל 125 גרם,שטראוס גרופ בעמ/מצונן,,,יח`,1.25,"100 מ""ל",false,1,2.90,2.32,true,1,
7290110557645,false,אנרג`י מיקס צימוקים חמוציות וש. לבן שטרא,שטראוס גרופ בעמ,,,יח`,1.05,100 גרם,false,1,15.90,15.14,true,1,
7290110558253,false,דנונה ריפרש בננה אננס וצ`יה,שטראוס גרופ בעמ/מצונן,,,יח`,2.50,100 גרם,false,1,5.50,2.20,false,1,
7290110558284,false,דנונה ביו מולטי 200 גר`,שטראוס גרופ בעמ/מצונן,,,יח`,2,100 גרם,false,1,3.90,1.95,false,1,
7290110558314,false,דנונה פרו ללא סוכר בטעם פיסטוק 200 גר`,שטראוס גרופ בעמ/מצונן,,,יח`,2,"100 מ""ל",false,1,5.90,2.95,false,1,
7290110558666,false,דניאלה מעדן בטעם תפוח (88 גרם),שטראוס גרופ בעמ/מצונן,,,יח`,1.50,"100 מ""ל",false,1,4,2.67,false,1,
7290110559007,false,שעועית חומה 380 גר` טעם הטבע שטראוס,שטראוס גרופ בעמ,,,יח`,3.80,100 גרם,false,1,7.90,2.08,true,1,
7290110559755,false,ריל מאגדת בוטנים פיסטוק וחמוציות שטראוס,שטראוס גרופ בעמ,,,יח`,1.05,100 גרם,false,1,15.90,15.14,true,1,
7290110560300,false,פריכיות משולשות-פלפל שחור 30 גר`אנג`י,שטראוס גרופ בעמ,,,יח`,0.30,100 גרם,false,1,4.90,16.33,false,1,
7290110560317,false,פריכיות משולשות-מלח ים אנג`י,שטראוס גרופ בעמ,,,יח`,0.30,100 גרם,false,1,4.90,16.33,false,1,
7290110560324,false,פריכיות משולשות-אפונה ירוקה 30 גר`אנרג,שטראוס גרופ בעמ,,,יח`,0.30,100 גרם,false,1,4.90,16.33,false,1,
7290110561352,false,דנונה דל לקטוז ביו 200 גר`,שטראוס גרופ בעמ/מצונן,,,יח`,2,"100 מ""ל",false,1,3.60,1.80,false,1,
7290110563448,false,משקה קפה קר בסגנון מעודן 1.6% (230 גר`),שטראוס גרופ בעמ/מצונן,,,יח`,2.30,"100 מ""ל",false,1,7.90,3.43,true,1,
7290110563462,false,חלב נטול לקטוז 2% יטבתה בקבוק,שטראוס גרופ בעמ/מצונן,,,יח`,1,1 ליטר,false,1,7.90,7.90,false,1,
7290110564339,false,חומוס הסדרה המובחרת עשיר 30% טחינה 400 ג,שטראוס גרופ בעמ/מצונן,,,יח`,4,100 גרם,false,1,14.50,3.63,false,1,
7290110564360,false,חומוס הסדרה המובחרת עשיר 40% טחינה 400 ג,שטראוס גרופ בעמ/מצונן,,,יח`,4,100 גרם,false,1,14.50,3.63,false,1,
7290110564742,false,משקה קפה קר בסגנון חזק 1.2% (230 גר`) י,שטראוס גרופ בעמ/מצונן,,,יח`,2.30,"100 מ""ל",false,1,7.90,3.43,true,1,
7290110565527,false,דנונה פרו 20 גר`חלבון,שטראוס גרופ בעמ/מצונן,,,יח`,2,"100 מ""ל",false,1,5.90,2.95,false,1,
7290110565572,false,מארז טורקי לדרך עם הל 168 גר`,שטראוס גרופ בעמ,,,יח`,1.68,100 גרם,false,1,19.50,11.61,false,1,
7290110566975,false,דנונה פרו 200 גר`תות,שטראוס גרופ בעמ/מצונן,,,יח`,2,"100 מ""ל",false,1,5.90,2.95,false,1,
7290110570224,false,משקה קפה קר בטעם עוגיות (230 גר`) יטבתה,שטראוס גרופ בעמ/מצונן,,,יח`,2.30,"100 מ""ל",false,1,7.90,3.43,true,1,
7290110571184,false,עדשים חומות 380 גר` טעם הטבע שטראוס,שטראוס גרופ בעמ,,,יח`,3.80,100 גרם,false,1,7.90,2.08,true,1,
7290110571382,false,מעדן חלב בטעם וניל מועשר בחלבון,שטראוס גרופ בעמ/מצונן,,,יח`,1.50,100 גרם,false,1,5.40,3.60,true,1,
7290110571412,false,מיני פינוקיות בגביע פאדג` 180 גר`,שטראוס גרופ בעמ,,,יח`,1.80,100 גרם,false,1,11.90,6.61,false,1,
7290110572129,false,כיף כף מקלות שוקולד לבן,שטראוס גרופ בעמ,,,יח`,0.40,100 גרם,false,1,5.70,14.25,true,1,
7290110572884,false,קפסולות 20 למכונות נספרו עלית) (10,שטראוס גרופ בעמ,,,יח`,0.50,100 גרם,false,1,18.50,37,true,1,
7290110576387,false,מארז שלישיית אגוז חלב )(3X100 עלית,שטראוס גרופ בעמ,,,יח`,3,100 גרם,false,1,25.90,8.63,false,1,
7290111340178,false,ניקול מטליות לחות לשיש ניחוח מרכך כביסה,קימברלי קלארק ישראל שיווק בעמ,,,יח`,1,,false,1,13.90,13.90,true,1,
7290111340185,false,ניקול מטליות לחות לריצפה ניחוח מרכך כביס,קימברלי קלארק ישראל שיווק בעמ,,,יח`,1,,false,1,14.90,14.90,true,1,
7290111344206,false,מגבוני האגיס נטורל קייר מבושם 4*64,קימברלי קלארק ישראל שיווק בעמ,,,יח`,1,,false,1,21.90,21.90,false,1,
7290111345814,false,לילי נטורל קייל 30 גלילים,קימברלי קלארק ישראל שיווק בעמ,,,יח`,1,,false,1,35.90,35.90,false,1,
7290111346088,false,נייר טואלט מולט דו שכבתי 30 גלילים,קימברלי קלארק ישראל שיווק בעמ,,,יח`,1,,false,1,32.90,32.90,false,1,
7290111346293,false,מגבת נייר רב שימושית שישייה ניקול,קימברלי קלארק ישראל שיווק בעמ,,,יח`,1,,false,1,13.90,13.90,false,1,
7290111346347,false,קלינקס טישו אוריגינל חמישייה,קימברלי קלארק ישראל שיווק בעמ,,,יח`,1,,false,1,15.90,15.90,true,1,
7290111350726,false,נאצוס בסגנון מקסיקני 322 גר`היט הופ,ליימן שליסל בעמ,,,יח`,3.22,100 גרם,false,1,17.90,5.56,true,1,
7290111352508,false,סילאן טבעי 840 גר`קליית גת,ליימן שליסל בעמ,,,יח`,8.40,100 גרם,false,1,20.90,2.49,true,1,
7290111352966,false,יוגטה גומי מקלות ממולאות 250 גר` יוגטה,ליימן שליסל בעמ,,,יח`,2.50,100 גרם,false,1,8.90,3.56,false,1,
7290111566226,false,שניצל ברוקולי 667 גר` טבעול,קבוצת אסם סחר שות. מוגבלת,,,יח`,6.67,100 גרם,false,1,33.90,5.08,true,1,
7290111566240,false,שניצל דק בטעם צ`לי חריף 564 גר` טבעול,קבוצת אסם סחר שות. מוגבלת,,,יח`,5.64,100 גרם,false,1,34.60,6.13,true,1,
7290111566271,false,חטיפי תירס 657 גר` טבעול,קבוצת אסם סחר שות. מוגבלת,,,יח`,6.57,100 גרם,false,1,29.90,4.55,false,1,
7290111566318,false,שניצל דק מן הצומח 564 גר` טבעול,קבוצת אסם סחר שות. מוגבלת,,,יח`,5.64,100 גרם,false,1,33.90,6.01,true,1,
7290111566332,false,נקניקיות טינר צמחוניות 680 גר` טבעול,קבוצת אסם סחר שות. מוגבלת,,,יח`,6.80,100 גרם,false,1,32.90,4.84,true,1,
7290111566417,false,טחון מן הצומח טבעול (500גרם),קבוצת אסם סחר שות. מוגבלת,,,יח`,5,100 גרם,false,1,34.60,6.92,true,1,
7290111566547,false,חזה בגריל צמחוני 99 קלוריות 560 גר` טבע,קבוצת אסם סחר שות. מוגבלת,,,יח`,5.60,100 גרם,false,1,30.90,5.52,true,1,
7290111566776,false,נקניקיות קוקטייל צמחונית 680 גר` טבעול,קבוצת אסם סחר שות. מוגבלת,,,יח`,6.80,100 גרם,false,1,34.60,5.09,true,1,
7290111568206,false,ביסלי פארטי מיקס 150 גר`אסם,קבוצת אסם סחר שות. מוגבלת,,,יח`,1.50,100 גרם,false,1,8.90,5.93,true,1,
7290111568275,false,נודלס אטריות אורז רחבות 300 גר`אסם,קבוצת אסם סחר שות. מוגבלת,,,יח`,3,100 גרם,false,1,10.90,3.63,false,1,
7290111568466,false,רוטב אסייתי למוקפץ 290 מל אסם,קבוצת אסם סחר שות. מוגבלת,,,יח`,2.90,"100 מ""ל",false,1,15.90,5.48,true,1,
7290111938498,false,רוטב סויה בהירה מאסטר שף (700 מל),ש.שסטוביץ בעמ,,,יח`,7,"100 מ""ל",false,1,14.90,2.13,false,1,
7290112002099,false,קולון ג`ל 2.5 ליטר כחול,רקיט בנקיזר (ניר איסט) בעמ,,,יח`,2.50,1 ליטר,false,1,25.90,10.36,true,1,
7290112005168,false,פיניש קוואנטום לימון 60 קפסולות,רקיט בנקיזר (ניר איסט) בעמ,,,יח`,1,,false,1,61.90,61.90,true,1,
7290112330352,false,דנונה פרו 200 גר`וניל 0% שומן,שטראוס גרופ בעמ/מצונן,,,יח`,2,"100 מ""ל",false,1,6.10,3.05,false,1,
7290112330390,false,דנונה פרו 200 גר`פירות יער 0% שומן,שטראוס גרופ בעמ/מצונן,,,יח`,2,"100 מ""ל",false,1,6.10,3.05,false,1,
7290112332585,false,פריכיות משולשות-אורז בתיבול סלק ומלח ים,שטראוס גרופ בעמ,,,יח`,0.30,100 גרם,false,1,4.90,16.33,false,1,
7290112332691,false,עוגיות קרם פסק זמן אגוזים 200 גר` עלית,שטראוס גרופ בעמ,,,יח`,2,100 גרם,false,1,11.90,5.95,false,1,
7290112334749,false,קפה טורקי עלית (200 גרם) 10% תוספת,שטראוס גרופ בעמ,,,יח`,2.20,100 גרם,false,1,16.30,7.41,true,1,
7290112335111,false,מאסט קוביות בטעם בזוקה 86 גר`,שטראוס גרופ בעמ,,,יח`,0.86,100 גרם,false,1,14.90,17.33,false,1,
7290112335487,false,פריכיות הטעימות קצח ודגנים 135,שטראוס גרופ בעמ,,,יח`,1.35,100 גרם,false,1,14.20,10.52,false,1,
7290112335500,false,הפריכיות הטעימות חלבון 135 גר`,שטראוס גרופ בעמ,,,יח`,1.35,100 גרם,false,1,14.20,10.52,false,1,
7290112336644,false,מאסט סוכריות לימון 80 גר ללא סוכר,שטראוס גרופ בעמ,,,יח`,0.80,100 גרם,false,1,9.70,12.13,false,1,
7290112336712,false,דנונה פרו 21% חלבון 0,שטראוס גרופ בעמ/מצונן,,,יח`,2,"100 מ""ל",false,1,6.10,3.05,false,1,
7290112337474,false,מאסט סוכריות פטל לימון 80 גר ללא סוכר,שטראוס גרופ בעמ,,,יח`,0.80,100 גרם,false,1,9.70,12.13,false,1,
7290112337481,false,מאסט סוכריות קפוצ`נו 80 גר ללא סוכר,שטראוס גרופ בעמ,,,יח`,0.80,100 גרם,false,1,9.70,12.13,false,1,
7290112339867,false,גמדים סקוויז בודד תות (100 גר`),שטראוס גרופ בעמ/מצונן,,,יח`,1,100 גרם,false,1,6,6,false,1,
7290112339874,false,גמדים סקוויז בודד תות בננה (100 גר`),שטראוס גרופ בעמ/מצונן,,,יח`,1,100 גרם,false,1,6,6,false,1,
7290112340122,false,פריכיות טעימות 3 דגנים 135 גר`,שטראוס גרופ בעמ,,,יח`,1.35,100 גרם,false,1,12.90,9.56,false,1,
7290112340245,false,מסטיק מאסט צנצנת בטעם דובדבן 66 גר` מגדי,שטראוס גרופ בעמ,,,יח`,0.66,100 גרם,false,1,11.50,17.42,true,1,
7290112340276,false,עוגיות קרם קפה עלית 200 גר` עלית,שטראוס גרופ בעמ,,,יח`,2,100 גרם,false,1,11.90,5.95,false,1,
7290112341679,false,אקטיביה יוגורט 3% דנונה (200 גרם),שטראוס גרופ בעמ/מצונן,,,יח`,2,100 גרם,false,1,4,2,false,1,
7290112341686,false,אקטיביה יוגורט 3% דנונה (150x8 גרם),שטראוס גרופ בעמ/מצונן,,,יח`,0.0120,100 גרם,false,1,20.70,1725,false,1,
7290112342102,false,סימפוניה בצל מקורמל 5% שטראוס,שטראוס גרופ בעמ/מצונן,,,יח`,2,100 גרם,false,1,11.90,5.95,false,1,
7290112342195,false,תפוצ`יפס מקלות טבעי 200 גרם כשלפ,שטראוס פריטו ליי בעמ,,,יח`,2,100 גרם,false,1,10.90,5.45,true,1,
7290112343420,false,יטבתה פרו ארוחת בוקר 350 מל,שטראוס גרופ בעמ/מצונן,,,יח`,3.50,"100 מ""ל",false,1,7.90,2.26,false,1,
7290112343499,false,צ`יטוס 55 גר` puffs,שטראוס פריטו ליי בעמ,,,יח`,0.60,100 גרם,false,1,3.90,6.50,true,1,
7290112344755,false,מילקי עם 26% פחות סוכר( 135 גר`),שטראוס גרופ בעמ/מצונן,,,יח`,1.35,100 גרם,false,1,2.80,2.07,false,1,
7290112346360,false,בפלות אחת אחת בציפוי שוקלוד חלב עלית,שטראוס גרופ בעמ,,,יח`,1.80,100 גרם,false,1,14.90,8.28,false,1,
7290112346537,false,פינוקיות בטעם טורטית 200 גר` עלית,שטראוס גרופ בעמ,,,יח`,2,100 גרם,false,1,11.90,5.95,false,1,
7290112346629,false,דנונה בר קורנפלקס מצופה 172 גר`,שטראוס גרופ בעמ/מצונן,,,יח`,1.72,"100 מ""ל",false,1,4.50,2.62,false,1,
7290112346773,false,דנונה לייט אנד פריי וניל עם חלבון,שטראוס גרופ בעמ/מצונן,,,יח`,1.50,100 גרם,false,1,4.70,3.13,true,1,
7290112347008,false,גמדים ארוחת בוקר תות סקוויז 100 גר,שטראוס גרופ בעמ/מצונן,,,יח`,1,100 גרם,false,1,6,6,false,1,
7290112348142,false,שעועית לבנה 380 גר` טעם הטבע קופסה,שטראוס גרופ בעמ,,,יח`,3.80,100 גרם,false,1,7.90,2.08,true,1,
7290112348999,false,פריכיות טעימות תירס דקות( 135 גר`)עלית,שטראוס גרופ בעמ,,,יח`,1.35,100 גרם,false,1,12.90,9.56,false,1,
7290112349316,false,בזוקה ביג פופים בטעם תות,שטראוס גרופ בעמ,,,יח`,0.86,100 גרם,false,1,15.50,18.02,false,1,
7290112349545,false,קפה טורקי עלית 200גר% `+20תוספת,שטראוס גרופ בעמ,,,יח`,2.40,100 גרם,false,1,16.30,6.79,false,1,
7290112349606,false,דניאלה מעדן בטעם תות בננה שטראוס (88 גרם,שטראוס גרופ בעמ/מצונן,,,יח`,1.50,"100 מ""ל",false,1,4,2.67,false,1,
7290112349705,false,מחית עגבניות קלאסי לפסטה 350 גר` פומודור,שטראוס גרופ בעמ,,,יח`,3.50,100 גרם,false,1,11.90,3.40,true,1,
7290112349736,false,רוטב עגבניות לפסטה 350 גר` בזיליקום,שטראוס גרופ בעמ,,,יח`,3.50,100 גרם,false,1,11.90,3.40,true,1,
7290112349743,false,רוטב עגבניות פיקנטי לפסטה 350 גר` ארביאט,שטראוס גרופ בעמ,,,יח`,3.50,100 גרם,false,1,10.90,3.11,true,1,
7290112349750,false,רוטב עגבניות לפיצה 350 גר`,שטראוס גרופ בעמ,,,יח`,3.50,100 גרם,false,1,11.90,3.40,true,1,
7290112349897,false,מאסט קוביות מנטה ללס 86 גר`,שטראוס גרופ בעמ,,,יח`,0.86,100 גרם,false,1,14.90,17.33,false,1,
7290112350312,false,קפסולות 15 למכונות נספרו עלית) (10,שטראוס גרופ בעמ,,,יח`,0.50,100 גרם,false,1,18.50,37,true,1,
7290112351258,false,פינוקיות שחור לבן 200 גר עלית,שטראוס גרופ בעמ,,,יח`,2,100 גרם,false,1,11.90,5.95,false,1,
7290112351524,false,עלי חסה סלנובה 200 גר טעם הטבע,שטראוס גרופ בעמ/מצונן,,,יח`,2,100 גרם,false,1,12.90,6.45,false,1,
7290112354945,false,תפוצ`יפס (50 גרם)היתר מכירה,שטראוס פריטו ליי בעמ,,,יח`,0.50,100 גרם,false,1,4.40,8.80,false,1,
7290112354952,false,תפוצ`יפס פפריקה (50 גרם)היתר מכירה,שטראוס פריטו ליי בעמ,,,יח`,0.50,100 גרם,false,1,4.40,8.80,false,1,
7290112355027,false,דנונה פרו 20 גר`חלבון בטעם קרמל מלוח(,שטראוס גרופ בעמ/מצונן,,,יח`,2,"100 מ""ל",false,1,5.90,2.95,false,1,
7290112357045,false,עגבניות איטלקיות מרוסקות 390 גר` טעם הטב,שטראוס גרופ בעמ,,,יח`,5,100 גרם,false,1,7.90,1.58,true,1,
7290112357083,false,אפונת גינה 380 גר טעם הטבע קופסה,שטראוס גרופ בעמ,,,יח`,3.80,100 גרם,false,1,7.90,2.08,true,1,
7290112357106,false,שעועית אדומה 380 גר` טעם הטבע קופסה,שטראוס גרופ בעמ,,,יח`,3.80,100 גרם,false,1,7.90,2.08,true,1,
7290112357113,false,גרגרי חומוס 380 גר טעם הטבע קופסה,שטראוס גרופ בעמ,,,יח`,3.80,100 גרם,false,1,7.90,2.08,true,1,
7290112358004,false,פסק זמן חטיף קראנץ עלית( 32 גר`),שטראוס גרופ בעמ,,,יח`,0.32,100 גרם,false,1,5,15.63,false,1,
7290112358127,false,דנונה פרו 20 גר`חלבון עם מגנזיום( 200,שטראוס גרופ בעמ/מצונן,,,יח`,2,100 גרם,false,1,6.50,3.25,false,1,
7290112358431,false,ביסקוויט עד חצות דאבל 200 גר`,שטראוס גרופ בעמ,,,יח`,2,100 גרם,false,1,14.50,7.25,false,1,
7290112490209,false,מרק נמס בכוס עגבניות קנור) (2*28,יוניליוור ישראל שיווק בעמ,,,יח`,0.56,100 גרם,false,1,7.60,13.57,true,1,
7290112490216,false,מרק נמס בכוס טעם עוף קנור (2*24 גר`),יוניליוור ישראל שיווק בעמ,,,יח`,0.48,100 גרם,false,1,7.60,15.83,true,1,
7290112490230,false,מרק נמס בכוס אפונה קנור) (25*2,יוניליוור ישראל שיווק בעמ,,,יח`,0.50,100 גרם,false,1,7.60,15.20,true,1,
7290112490735,false,מרק עשיר עגבניות עם פסטה קנור רכיבים טבע,יוניליוור ישראל שיווק בעמ,,,יח`,1.05,100 גרם,false,1,13.90,13.24,true,1,
7290112490742,false,מרק עשיר פטריות עם גריסים קנור רכיבים טב,יוניליוור ישראל שיווק בעמ,,,יח`,1.04,100 גרם,false,1,13.90,13.37,true,1,
7290112491701,false,ברנפלקס חלבון 375 גר`,יוניליוור ישראל שיווק בעמ,,,יח`,3.75,100 גרם,false,1,23.40,6.24,true,1,
7290112491770,false,בייגלה דק דק מלח 300 גר`,יוניליוור ישראל שיווק בעמ,,,יח`,3,100 גרם,false,1,11.50,3.83,true,1,
7290112492449,false,שמפו פינוק שיער רגיל 700 מל,יוניליוור ישראל שיווק בעמ,,,יח`,7,100 גרם,false,1,12.90,1.84,true,1,
7290112492463,false,שמפו פינוק2ב (7001 מל),יוניליוור ישראל שיווק בעמ,,,יח`,7,"100 מ""ל",false,1,12.90,1.84,true,1,
7290112492470,false,שמפו ומרכך פינוק 2ב (7001 מל),יוניליוור ישראל שיווק בעמ,,,יח`,7,"100 מ""ל",false,1,13.50,1.93,true,1,
7290112492609,false,תחליב רחצה לבנדר ווניל (700 מל)פינוק,יוניליוור ישראל שיווק בעמ,,,יח`,7,"100 מ""ל",false,1,12.90,1.84,true,1,
7290112492982,false,מרק פטריות רכיבים טבעיים 400 גר`קנור,יוניליוור ישראל שיווק בעמ,,,יח`,4,100 גרם,false,1,29.50,7.38,true,1,
7290112492999,false,אבקת מרק טעם עוף 400 גר`קנור,יוניליוור ישראל שיווק בעמ,,,יח`,4,100 גרם,false,1,17.30,4.33,true,1,
7290112493088,false,נמס בכוס עדשים 100% רכיבים טביעיים קנור,יוניליוור ישראל שיווק בעמ,,,יח`,0.54,100 גרם,false,1,7.90,14.63,false,1,
7290112494221,false,חטיף ביסקויט שוקולד חלב קליק (65 גרם),יוניליוור ישראל שיווק בעמ,,,יח`,0.65,100 גרם,false,1,6.60,10.15,true,1,
7290112494283,false,חטיף כדורים מעורב חום לבו 65 גר`קליק,יוניליוור ישראל שיווק בעמ,,,יח`,0.65,100 גרם,false,1,6.60,10.15,true,1,
7290112494313,false,חטיף קליק קורנפלקס 65 גר`,יוניליוור ישראל שיווק בעמ,,,יח`,0.65,100 גרם,false,1,6.60,10.15,true,1,
7290112494344,false,קורנפלקס של אלופים תלמה (850 גרם)רבנות,יוניליוור ישראל שיווק בעמ,,,יח`,8.50,100 גרם,false,1,18.90,2.22,false,1,
7290112494351,false,קורנפלקס של אלופים תלמה (850 גרם).בדצ,יוניליוור ישראל שיווק בעמ,,,יח`,8.50,100 גרם,false,1,18.90,2.22,false,1,
7290112494993,false,כריות וניל 686 גר`תלמה,יוניליוור ישראל שיווק בעמ,,,יח`,6.86,100 גרם,false,1,29.90,4.36,true,1,
7290112495006,false,כריות נוגט 686 גר`תלמה,יוניליוור ישראל שיווק בעמ,,,יח`,6.86,100 גרם,false,1,26.90,3.92,false,1,
7290112495037,false,קוקומן כדורים 375 גר`תלמה,יוניליוור ישראל שיווק בעמ,,,יח`,3.75,100 גרם,false,1,22.40,5.97,true,1,
7290112495105,false,נישנושים תפוא שמנת בצל 260 גר`,יוניליוור ישראל שיווק בעמ,,,יח`,2.60,100 גרם,false,1,14.50,5.58,true,1,
7290112495112,false,נישנושים זעתר 260 גר`,יוניליוור ישראל שיווק בעמ,,,יח`,2.60,100 גרם,false,1,14.50,5.58,true,1,
7290112495433,false,דליפקאן תוספת אגוזי פקאן ושקדים תלמה (40,יוניליוור ישראל שיווק בעמ,,,יח`,4,100 גרם,false,1,23.90,5.98,true,1,
7290112495754,false,רוטב לסלט אלף האיים הלמנס (305 מל),יוניליוור ישראל שיווק בעמ,,,יח`,3.05,"100 מ""ל",false,1,13.90,4.56,true,1,
7290112495785,false,רוטב לסלט שום (300 גרם)הלמנס,יוניליוור ישראל שיווק בעמ,,,יח`,3,100 גרם,false,1,13.90,4.63,true,1,
7290112496287,false,פתית ציפס בטטה בטעם טבעי 21 גר.,יוניליוור ישראל שיווק בעמ,,,יח`,0.21,100 גרם,false,1,4.90,23.33,true,1,
7290112496294,false,פתית ציפס אפונה בתוספת צ`לי 22 גר.,יוניליוור ישראל שיווק בעמ,,,יח`,0.22,100 גרם,false,1,5.90,26.82,true,1,
7290112496430,false,נמס בכוס אקסטרה עגבניות,יוניליוור ישראל שיווק בעמ,,,יח`,0.37,100 גרם,false,1,5.90,15.95,false,1,
7290112497123,false,אבקת להכנת סחלב קנור (112 גר`),יוניליוור ישראל שיווק בעמ,,,יח`,1.12,100 גרם,false,1,14.50,12.95,true,1,
7290112498922,false,מאגדת-מיני מגנום לבן,גלידות שטראוס בעמ,,,יח`,1,,false,1,30.50,30.50,false,1,
7290112498939,false,בומבה,גלידות שטראוס בעמ,,,יח`,1,,false,1,7.90,7.90,true,1,
7290112499127,false,מגנום שוקולד לבן ותות 77 גר`,גלידות שטראוס בעמ,,,יח`,1,,false,1,9.90,9.90,true,1,
7290112499929,false,מגנום שוקולד 85 גר`שטראוס,גלידות שטראוס בעמ,,,יח`,1,,false,1,9.90,9.90,true,1,
7290112961266,false,בייגלה כפיות פיזור איטלקי 300 גר` אסם,קבוצת אסם סחר שות. מוגבלת,,,יח`,3,100 גרם,false,1,10.10,3.37,true,1,
7290112963918,false,חטיפי קרקר דק רוזמרין 140 גר` פיטנס,קבוצת אסם סחר שות. מוגבלת,,,יח`,1.40,100 גרם,false,1,12.90,9.21,true,1,
7290112964410,false,רוטב אלף האיים לסלט( 290 גר`)אסם,קבוצת אסם סחר שות. מוגבלת,,,יח`,2.90,"100 מ""ל",false,1,13.20,4.55,true,1,
7290112964434,false,רוטב לסלט קיסר אסם (295 מל),קבוצת אסם סחר שות. מוגבלת,,,יח`,2.90,"100 מ""ל",false,1,13.20,4.55,true,1,
7290112965165,false,מרק נמס בטעם פטריות אסם (24x2 גרם)בדצ,קבוצת אסם סחר שות. מוגבלת,,,יח`,0.48,100 גרם,false,1,6.90,14.38,false,1,
7290112965288,false,מרק נמס בטעם ירקות אסם 52 גר`,קבוצת אסם סחר שות. מוגבלת,,,יח`,0.52,100 גרם,false,1,6.90,13.27,false,1,
7290112965660,false,חטיף מולטיגריין מלח פלפל( 25 גר`)פיטנס,קבוצת אסם סחר שות. מוגבלת,,,יח`,1,,false,1,5,5,false,1,
7290112965806,false,ביסלי פריסטייל חמוץ חריף 60 גר` אסם,קבוצת אסם סחר שות. מוגבלת,,,יח`,0.60,100 גרם,false,1,4,6.67,true,1,
7290112965868,false,קרם קרקר במליחות מעודנת 250 גר`אסם,קבוצת אסם סחר שות. מוגבלת,,,יח`,2.50,100 גרם,false,1,11.20,4.48,true,1,
7290112966247,false,לחמית כוסמין 200 גר`אסם,קבוצת אסם סחר שות. מוגבלת,,,יח`,2,100 גרם,false,1,11.20,5.60,true,1,
7290112967114,false,חטיפי פריכיות קטניות ופלפל 60 גר`פיטנס,קבוצת אסם סחר שות. מוגבלת,,,יח`,0.60,100 גרם,false,1,8.90,14.83,false,1,
7290112967381,false,חטיפי פריכיות קטניות ומלח ים 60 גר פיטנס,קבוצת אסם סחר שות. מוגבלת,,,יח`,0.60,100 גרם,false,1,8.90,14.83,false,1,
7290112968203,false,סלט טחינה בלאדי 250 גר`צבר,קבוצת אסם סחר שות. מוגבלת,,,יח`,2.50,100 גרם,false,1,10.90,4.36,false,1,
7290112968524,false,סלט חומוס סמיר 250 גר`צבר,קבוצת אסם סחר שות. מוגבלת,,,יח`,2.50,100 גרם,false,1,10.90,4.36,false,1,
7290112968807,false,חטיפי קרקר דק סלק 140 גר` פיטנס,קבוצת אסם סחר שות. מוגבלת,,,יח`,1.40,100 גרם,false,1,12.90,9.21,true,1,
7290112968821,false,חטיפי קרקר דק בטטה 140 גר` פיטנס,קבוצת אסם סחר שות. מוגבלת,,,יח`,1.40,100 גרם,false,1,12.90,9.21,true,1,
7290113192355,false,זיתים חרוזית ירוק A2 בית השיטה,קבוצת אסם סחר שות. מוגבלת,,,יח`,5.60,100 גרם,false,1,11.50,2.05,true,1,
7290113192386,false,זיתים סורי מבוקע A2 בית השיטה,קבוצת אסם סחר שות. מוגבלת,,,יח`,5.60,100 גרם,false,1,11.90,2.13,false,1,
7290113192478,false,מלפפון במלח 10-12 A2 בית השיטה,קבוצת אסם סחר שות. מוגבלת,,,יח`,3.20,100 גרם,false,1,8.50,2.66,true,1,
7290113192485,false,מלפפון בחומץ 10-12 A2 בית השיטה( 290 גר,קבוצת אסם סחר שות. מוגבלת,,,יח`,2.90,100 גרם,false,1,8.50,2.93,true,1,
7290113192515,false,מלפפון במלח 18-25 A2 בית השיטה( 320 גר`,קבוצת אסם סחר שות. מוגבלת,,,יח`,3.20,100 גרם,false,1,13.50,4.22,false,1,
7290113192522,false,מלפפון בחומץ 18-25 A2 בית השיטה( 320 גר,קבוצת אסם סחר שות. מוגבלת,,,יח`,3.20,100 גרם,false,1,13.50,4.22,false,1,
7290113192560,false,פלפל חריף כבוש שיפקה בית השיטה (430 גר`),קבוצת אסם סחר שות. מוגבלת,,,יח`,4.30,100 גרם,false,1,7.90,1.84,true,1,
7290113192577,false,כרוב כבוש בית השיטה (430 גר`),קבוצת אסם סחר שות. מוגבלת,,,יח`,4.30,100 גרם,false,1,8.50,1.98,false,1,
7290113192997,false,זית מרוקאי 340 גר`בית השיטה,קבוצת אסם סחר שות. מוגבלת,,,יח`,3.40,100 גרם,false,1,12.90,3.79,false,1,
7290113193321,false,שמן זית כתית מעולה 750 מל בית השיטה,קבוצת אסם סחר שות. מוגבלת,,,יח`,7.50,"100 מ""ל",false,1,30.90,4.12,false,1,
7290113193406,false,טבעות קוקטייל זיתים 280 גר`בית השיטה,קבוצת אסם סחר שות. מוגבלת,,,יח`,2.80,100 גרם,false,1,12.90,4.61,false,1,
7290113195066,false,חלבה טורקית בטעם וניל 400 גר` שקדיה,דין שיווק וקליה 2021 בעמ,,,יח`,4,100 גרם,false,1,15.90,3.98,true,1,
7290113195073,false,חלבה טורקית עם פיסטוקים 400 גר` שקדיה,דין שיווק וקליה 2021 בעמ,,,יח`,4,100 גרם,false,1,15.90,3.98,true,1,
7290113195479,false,קמח שקדים( 200 גר`)שקדיה,דין שיווק וקליה 2021 בעמ,,,יח`,2,100 גרם,false,1,15.90,7.95,true,1,
7290113199903,false,סוכריות חמצוצים בטעם תות בננה 180 גר`,דין שיווק וקליה 2021 בעמ,,,יח`,1.80,100 גרם,false,1,10.90,6.06,true,1,
7290113199910,false,סוכריות חמצוצים בטעם קולה 180 גר`,דין שיווק וקליה 2021 בעמ,,,יח`,1.80,100 גרם,false,1,10.90,6.06,true,1,
7290114310222,false,חלב מועשר בסידן ווטמין D טרה( 1.5 ליט,החב` המרכזית - טרה,,,יח`,0.0150,"100 מ""ל",false,1,13.20,880,false,1,
7290114310239,false,חלב נטול לקטוז מעושר( 1.5 ליטר)בויטמין,החב` המרכזית - טרה,,,יח`,0.0150,"100 מ""ל",false,1,13.20,880,false,1,
7290114310338,false,צפתית מעודנת (2255% גר`)משק צוריאל,החב` המרכזית - טרה,,,יח`,2.55,100 גרם,false,1,20.20,7.92,false,1,
7290114310536,false,יוגורט מולר אקטיב וניל חלבון 25 גר`,החב` המרכזית - טרה,,,יח`,2,100 גרם,false,1,6.60,3.30,true,1,
7290114310550,false,צוריאל פטה עיזים מעודנת 5% 200 גר,החב` המרכזית - טרה,,,יח`,2,100 גרם,false,1,25.40,12.70,false,1,
7290114310567,false,צוריאל לאבנה עיזים 5% 200 גר,החב` המרכזית - טרה,,,יח`,2,100 גרם,false,1,15.40,7.70,true,1,
7290114310963,false,יוגורט מחלב עיזים 3.7% שומן 500 גר`,החב` המרכזית - טרה,,,יח`,5,100 גרם,false,1,16.60,3.32,false,1,
7290114311014,false,אייס קפוצ`ינו פקק ספורט 250 מל טרה,החב` המרכזית - טרה,,,יח`,2.50,"100 מ""ל",false,1,5.50,2.20,false,1,
7290114311038,false,שמנת מתוקה 32% בבקבוק 250 מל טרה,החב` המרכזית - טרה,,,יח`,2.50,"100 מ""ל",false,1,7.30,2.92,false,1,
7290114311069,false,יוגורט מולר אקטיב 0% לבן חלבון 25 גר,החב` המרכזית - טרה,,,יח`,2,100 גרם,false,1,6.60,3.30,true,1,
7290114311298,false,קציפת תות בננה מלון מולר פרופ 150 גר`,החב` המרכזית - טרה,,,יח`,1.50,"100 מ""ל",false,1,5.60,3.73,false,1,
7290114311304,false,קציפת מנגו פסיפלורה בננה מולר פרופ 150 ג,החב` המרכזית - טרה,,,יח`,1.50,"100 מ""ל",false,1,5.60,3.73,false,1,
7290114311328,false,חלב נטול לקטוז מועשר בוויטמין D טרה,החב` המרכזית - טרה,,,יח`,1,1 ליטר,false,1,7.90,7.90,false,1,
7290114311458,false,חלב קרטון 3% מועשר ויטמין די 1 ליטר,החב` המרכזית - טרה,,,יח`,1,1 ליטר,false,1,7.10,7.10,false,1,
7290114311496,false,חלב קרטון מועשר 1% שומן 1 ליטר,החב` המרכזית - טרה,,,יח`,1,1 ליטר,false,1,7.10,7.10,false,1,
7290114600927,false,עלי טורטיה חיטה מלאה 320 גר`מאסטר שף,ש.שסטוביץ בעמ,,,יח`,3.20,100 גרם,false,1,11.20,3.50,false,1,
7290115190014,false,מרלבורו רד חפיסה) (20,פיליפ מוריס בעמ,,,יח`,1,,false,1,38.50,38.50,true,1,
7290115190076,false,מרלבורו גולד 100 חפיסה) (20,פיליפ מוריס בעמ,,,יח`,1,,false,1,38.50,38.50,true,1,
7290115190090,false,מרלבורו גולד חפיסה) (20,פיליפ מוריס בעמ,,,יח`,1,,false,1,38.50,38.50,true,1,
7290115190120,false,מרלבורו פיין טאצ`פאקט) (10,פיליפ מוריס בעמ,,,יח`,1,,false,1,295,295,false,1,
7290115190137,false,מרלבורו גולדפין טאצ`בודד,פיליפ מוריס בעמ,,,יח`,1,,false,1,33.50,33.50,true,1,
7290115190151,false,מרלבורו גולד טאצ`בודד,פיליפ מוריס בעמ,,,יח`,1,,false,1,33.50,33.50,true,1,
7290115190175,false,פרלמנט סופר סלימס בודד,פיליפ מוריס בעמ,,,יח`,1,,false,1,43.50,43.50,true,1,
7290115190212,false,פרלמנט ארוך בלו RCB בודד,פיליפ מוריס בעמ,,,יח`,1,,false,1,43.50,43.50,true,1,
7290115190236,false,פרלמנט קצר בלו בודד,פיליפ מוריס בעמ,,,יח`,1,,false,1,43.50,43.50,true,1,
7290115190250,false,פרלמנט קצר בודד,פיליפ מוריס בעמ,,,יח`,1,,false,1,43.50,43.50,true,1,
7290115190359,false,אל.אמ בלו לייבל קצר חפיסה) (20,פיליפ מוריס בעמ,,,יח`,1,,false,1,33,33,true,1,
7290115190373,false,ל.מ.פורוורד בודד,פיליפ מוריס בעמ,,,יח`,1,,false,1,33,33,true,1,
7290115190397,false,אל.אמ קצר רד לייבל חפיסה) (20,פיליפ מוריס בעמ,,,יח`,1,,false,1,33,33,true,1,
7290115190410,false,ל.מ סילבר לייבל בודד,פיליפ מוריס בעמ,,,יח`,1,,false,1,33,33,true,1,
7290115190434,false,אל.אמ וייב סלימס חפיסה) (20,פיליפ מוריס בעמ,,,יח`,1,,false,1,33,33,true,1,
7290115190519,false,נקסט לייט חפיסה) (20,פיליפ מוריס בעמ,,,יח`,1,,false,1,32,32,true,1,
7290115190571,false,נקסט לילך,פיליפ מוריס בעמ,,,יח`,1,,false,1,32,32,true,1,
7290115190595,false,נקסט FF בודד,פיליפ מוריס בעמ,,,יח`,1,,false,1,32,32,true,1,
7290115190939,false,ל.מ קליק קפסולה חפיסה,פיליפ מוריס בעמ,,,יח`,1,,false,1,30,30,true,1,
7290115190977,false,מרלבורו טאצ`אדום.,פיליפ מוריס בעמ,,,יח`,1,,false,1,33.50,33.50,true,1,
7290115191035,false,מרלבורו סאמר ספלאש בודד,פיליפ מוריס בעמ,,,יח`,1,,false,1,35,35,true,1,
7290115200027,false,פתי בר פינוקי שוקו 200 גר`אסם,קבוצת אסם סחר שות. מוגבלת,,,יח`,2.20,100 גרם,false,1,11.40,5.18,true,1,
7290115200676,false,קרמוגית קרמל מלוח 200 גר` אסם,קבוצת אסם סחר שות. מוגבלת,,,יח`,2,100 גרם,false,1,13.20,6.60,false,1,
7290115201680,false,ביסלי חטיף בטעם ברביקין אסם (70 גרם),קבוצת אסם סחר שות. מוגבלת,,,יח`,0.70,100 גרם,false,1,4,5.71,true,1,
7290115201727,false,ביסלי חטיף בטעם בצל אסם (200 גרם),קבוצת אסם סחר שות. מוגבלת,,,יח`,2,100 גרם,false,1,9.10,4.55,true,1,
7290115201741,false,ביסלי חטיף בטעם בצל אסם (70 גרם),קבוצת אסם סחר שות. מוגבלת,,,יח`,0.70,100 גרם,false,1,4,5.71,true,1,
7290115202434,false,חומוס עם זעתר 375 גר`צבר,קבוצת אסם סחר שות. מוגבלת,,,יח`,3.75,100 גרם,false,1,13.30,3.55,false,1,
7290115203134,false,חטיף פופקו פופקורן במבה אסם (80 גרם),קבוצת אסם סחר שות. מוגבלת,,,יח`,0.80,100 גרם,false,1,6.10,7.63,true,1,
7290115203486,false,פירורית טעם ביסלי גריל אסם (200 גרם),קבוצת אסם סחר שות. מוגבלת,,,יח`,2,100 גרם,false,1,7.50,3.75,false,1,
7290115204056,false,קטשופ 56% פחות סוכר 690 גרם אסם,קבוצת אסם סחר שות. מוגבלת,,,יח`,6.90,100 גרם,false,1,12.20,1.77,false,1,
7290115205176,false,חטיפי קרקר כפרי 140 גר` פיטנס,קבוצת אסם סחר שות. מוגבלת,,,יח`,1.40,100 גרם,false,1,12.90,9.21,true,1,
7290115205312,false,חטיפי קרקר זיתים 140 גר` thin deli פיטנס,קבוצת אסם סחר שות. מוגבלת,,,יח`,1.40,100 גרם,false,1,12.90,9.21,true,1,
7290115206173,false,פתי בר קרמל 500 גרם אסם,קבוצת אסם סחר שות. מוגבלת,,,יח`,5,100 גרם,false,1,11.90,2.38,false,1,
7290115206852,false,ביסלי חטיף בטעם צ`יזי סטיקס 70 גר`,קבוצת אסם סחר שות. מוגבלת,,,יח`,0.70,100 גרם,false,1,4,5.71,true,1,
7290115206890,false,ביסלי חטיף בטעם המבורגר אסם (70 גרם),קבוצת אסם סחר שות. מוגבלת,,,יח`,0.70,100 גרם,false,1,4,5.71,true,1,
7290115207361,false,פתי בר פיסטוק 500 גרם אסם,קבוצת אסם סחר שות. מוגבלת,,,יח`,5,100 גרם,false,1,11.90,2.38,false,1,
7290115207484,false,צבר חציל על האש 400 גר`,קבוצת אסם סחר שות. מוגבלת,,,יח`,4,100 גרם,false,1,16.90,4.23,false,1,
7290115208009,false,ויטמינצ`יק ענבים 1 ליטר,קבוצת אסם סחר שות. מוגבלת,,,יח`,10,"100 מ""ל",false,1,20.90,2.09,false,1,
7290115208047,false,סירופ פטל ויטמינצ`יק (1 ליטר),קבוצת אסם סחר שות. מוגבלת,,,יח`,10,"100 מ""ל",false,1,20.90,2.09,false,1,
7290115208344,false,בייגלה כפיות שמנת בצל אסם (300 גרם),קבוצת אסם סחר שות. מוגבלת,,,יח`,3,100 גרם,false,1,10.90,3.63,true,1,
7290115208597,false,קרמוגית מיניס קרמל מלוח 200 גר` אסם,קבוצת אסם סחר שות. מוגבלת,,,יח`,2,100 גרם,false,1,13.20,6.60,false,1,
7290115208801,false,קרקר לחמית דבש ואגוזים אסם (190 גרם),קבוצת אסם סחר שות. מוגבלת,,,יח`,1.90,100 גרם,false,1,12.20,6.42,true,1,
7290115209198,false,במבה אורירית 80 גר` אסם,קבוצת אסם סחר שות. מוגבלת,,,יח`,0.80,100 גרם,false,1,4.40,5.50,true,1,
7290115209235,false,ביסקוויט פתי בר קפה אסם (500 גרם),קבוצת אסם סחר שות. מוגבלת,,,יח`,5,100 גרם,false,1,12.90,2.58,false,1,
7290115209358,false,במבה במילוי בראוניז אסם (60 גרם),קבוצת אסם סחר שות. מוגבלת,,,יח`,0.60,100 גרם,false,1,4.80,8,true,1,
7290115403312,false,עוגיות מלוחות קריספי עגול 450 גר`,שיבולים יצור ושיווק מוצרי מאפה,,,יח`,4.50,100 גרם,false,1,15.90,3.53,false,1,
7290115403404,false,עוגיות פרפריות שוקו 450 גר`,שיבולים יצור ושיווק מוצרי מאפה,,,יח`,4.50,100 גרם,false,1,15.90,3.53,false,1,
7290115403435,false,עוגיות מעמול תמר 500 גר`,שיבולים יצור ושיווק מוצרי מאפה,,,יח`,5,100 גרם,false,1,15.90,3.18,false,1,
7290115403459,false,עוגיות נסיכה בטעם תות 500 גר`,שיבולים יצור ושיווק מוצרי מאפה,,,יח`,5,100 גרם,false,1,15.90,3.18,false,1,
7290115403466,false,עוגיות נסיכה מיקס 500 גר`,שיבולים יצור ושיווק מוצרי מאפה,,,יח`,5,100 גרם,false,1,15.90,3.18,false,1,
7290115403480,false,עוגיות בסגנון מרוקאי מיני 500 גר`,שיבולים יצור ושיווק מוצרי מאפה,,,יח`,5,100 גרם,false,1,15.90,3.18,false,1,
7290115403527,false,עוגיות עינוגי תמרים 500 גר`,שיבולים יצור ושיווק מוצרי מאפה,,,יח`,5,100 גרם,false,1,15.90,3.18,false,1,
7290115670677,false,אנרג`י גרנולה פירות טרופיים 400 גרם,שטראוס גרופ בעמ,,,יח`,4,100 גרם,false,1,13.90,3.48,false,1,
7290115671155,false,סוכריות שלישיית fresh ענבים ללס מאסט,שטראוס גרופ בעמ,,,יח`,0.45,100 גרם,false,1,9.90,22,false,1,
7290115671223,false,מסטיק מאסט פאן אבטיח מנגו (58 גרם),שטראוס גרופ בעמ,,,יח`,1,,false,1,11.50,11.50,true,1,
7290115675696,false,קוואקר דגני בוקר קרנצי`ם ואגוזים 375 גרם,שטראוס פריטו ליי בעמ,,,יח`,3.75,100 גרם,false,1,20.90,5.57,true,1,
7290115675719,false,קוואקר דגני בוקר קראנצי`ם ושוקולד 375 גר,שטראוס פריטו ליי בעמ,,,יח`,3.75,100 גרם,false,1,20.90,5.57,true,1,
7290115675986,false,דנונה בר עם אגוזים מקורמלים 173 גרם,שטראוס גרופ בעמ/מצונן,,,יח`,1.73,"100 מ""ל",false,1,4.60,2.66,false,1,
7290115676037,false,משקה דנונה ריפרש תות דומדמניות,שטראוס גרופ בעמ/מצונן,,,יח`,2.50,100 גרם,false,1,5.50,2.20,false,1,
7290115676051,false,אקטיביה משקה מתיקות מעודנת+ש. שועל 265מל,שטראוס גרופ בעמ/מצונן,,,יח`,2.65,"100 מ""ל",false,1,4.90,1.85,false,1,
7290115676099,false,משקה דנונה פרו וניל,שטראוס גרופ בעמ/מצונן,,,יח`,2.25,100 גרם,false,1,6.90,3.07,false,1,
7290115678376,false,מעדן הגולן שוקולד 125 גרם,שטראוס גרופ בעמ/מצונן,,,יח`,1,,false,1,2.90,2.90,true,1,
7290115678598,false,חסה אייסברג חיתוך גס 300 שטראוס טעם הטבע,שטראוס גרופ בעמ/מצונן,,,יח`,3,100 גרם,false,1,9.30,3.10,false,1,
7290115679960,false,ציטוס פופקורן טבעי 60 גר`,שטראוס פריטו ליי בעמ,,,יח`,0.60,100 גרם,false,1,4.50,7.50,true,1,
7290116530185,false,דלישקד קרמל מלוח תלמה (400 גרם),יוניליוור ישראל שיווק בעמ,,,יח`,4,100 גרם,false,1,24.40,6.10,true,1,
7290116531083,false,ברנפלקס תלמה שקדים ודבש 400 גר`,יוניליוור ישראל שיווק בעמ,,,יח`,4,100 גרם,false,1,23.40,5.85,true,1,
7290116532585,false,ברנפלקס קרנצ`ים דבש וקינמון 375 גר`,יוניליוור ישראל שיווק בעמ,,,יח`,3.75,100 גרם,false,1,23.90,6.37,true,1,
7290116533094,false,שמפו לשיער בניחוח ורדים לבנים (700 מל),יוניליוור ישראל שיווק בעמ,,,יח`,7,"100 מ""ל",false,1,13.50,1.93,true,1,
7290116533117,false,תחליב רחצה בניחוח ורדים לבנים 700 מל פי,יוניליוור ישראל שיווק בעמ,,,יח`,7,"100 מ""ל",false,1,12.90,1.84,true,1,
7290116930022,false,חטיף חלבון GO קרם עוגיות ציפוי קריספי 20,שקד תבל בעמ,,,יח`,1,,false,1,12.90,12.90,true,1,
7290116930435,false,יוגורט גו סמיך דובדבן 0% שומן 200 גרם,תנובה - חלב,,,יח`,2,100 גרם,false,1,5.90,2.95,false,1,
7290116930459,false,יופלה שייק בננה אננס וקוקוס 230 מל,תנובה - חלב,,,יח`,2.30,"100 מ""ל",false,1,7.90,3.43,false,1,
7290116930480,false,יופלה שייק בננה קיווי תפוח 230 מל,תנובה - חלב,,,יח`,2.30,"100 מ""ל",false,1,7.90,3.43,false,1,
7290116930725,false,סויה BIO קוקוס גביע 150 גרם Alternative,תנובה - חלב,,,יח`,1.50,100 גרם,false,1,4.50,3,false,1,
7290117261378,false,גבינת קשקבל לייט 250 גר`8% שומן,ג.וילי-פוד אינטרנשיונל **גבינו,,,יח`,2.50,100 גרם,false,1,14.90,5.96,true,1,
7290117261705,false,חמאת עיזים 200 גר`,ג.וילי-פוד אינטרנשיונל **גבינו,,,יח`,2,100 גרם,false,1,13.90,6.95,false,1,
7290117261767,false,דבש פרחים 900 גר`צנצנת וילי פוד,ג.וילי-פוד אינטרנשיונל בעמ,,,יח`,9,100 גרם,false,1,19.90,2.21,false,1,
7290117900949,false,בוטנים מצופים אמריקאים 250גר,דין שיווק וקליה 2021 בעמ,,,יח`,2.50,100 גרם,false,1,10,4,false,1,
7290117900970,false,שקדים קלויים 180 גר ששון הקולה,דין שיווק וקליה 2021 בעמ,,,יח`,1.80,100 גרם,false,1,15,8.33,false,1,
7290117901007,false,פיסטוקים קלויים 130 גר ששון הקולה,דין שיווק וקליה 2021 בעמ,,,יח`,1.30,100 גרם,false,1,15,11.54,false,1,
7290117901175,false,שקדים קלופים 250 גר`שקדיה,דין שיווק וקליה 2021 בעמ,,,יח`,2.50,100 גרם,false,1,20,8,false,1,
7290118420415,false,קטשופ אסם קלאסי (750 גרם)היתר מכירה,קבוצת אסם סחר שות. מוגבלת,,,יח`,7.50,100 גרם,false,1,11.90,1.59,false,1,
7290119041312,false,עוגיות ממולאות טעם שוקולד מצופה,שיבולים יצור ושיווק מוצרי מאפה,,,יח`,3.50,100 גרם,false,1,15.90,4.54,false,1,
7290119041411,false,עוגיות נסיכה טעם תות מצופות-אדל,שיבולים יצור ושיווק מוצרי מאפה,,,יח`,3.50,100 גרם,false,1,15.90,4.54,false,1,
7290900010367,false,טורטיה 360 גר AVEL,אבאל יזמות בעמ,,,יח`,3.60,100 גרם,false,1,9.90,2.75,true,1,
7297488098305,false,קמח שקדים דגש 250 גרם,נטורפוד בעמ,,,יח`,2.50,100 גרם,false,1,26.50,10.60,false,1,
7394376615825,false,משקה שיבולת שועל מועשר בסידן ווטימינים 1,ש.שסטוביץ בעמ,,,יח`,1,1 ליטר,false,1,13.90,13.90,false,1,
7394376615832,false,משקה שיבולת שועל בטעם שוקולד 1 ליטר אוטל,ש.שסטוביץ בעמ,,,יח`,1,1 ליטר,false,1,16.90,16.90,false,1,
7394376616778,false,משקה שיבולת שועל להקפצה בריסטה 1 ליטר או,ש.שסטוביץ בעמ,,,יח`,1,1 ליטר,false,1,16.90,16.90,false,1,
7394376620294,false,אוטלי משקה שיבולת שועל וניל 1 ליטר,ש.שסטוביץ בעמ,,,יח`,10,"100 מ""ל",false,1,16.90,1.69,false,1,
7501013101362,false,ג`ומקס משקה קוקו,טמפו משקאות בעמ,,,יח`,4.73,"100 מ""ל",false,1,8.90,1.82,true,1,
7501013122053,false,נקטר אפרסק קרטונית ליטר גומקס,טמפו משקאות בעמ,,,יח`,1,1 ליטר,false,1,10.60,10.60,true,1,
7501013122114,false,נקטר אננס קרטונית ליטר גומקס,טמפו משקאות בעמ,,,יח`,1,1 ליטר,false,1,10.60,10.60,true,1,
7501013122190,false,משקה תפוחים קרטונית ליטר גו`מקס,טמפו משקאות בעמ,,,יח`,1,1 ליטר,false,1,10.60,10.60,false,1,
7501064191398,false,בירה קורונה 355 מל בקבוק שישייה,תימקו בירה בעמ,,,יח`,2.13,1 ליטר,false,1,38.70,17.32,true,1,
7610400075770,false,לינדט לה גרנד שוקולד מריר אגוז 150 גרם,משה סידס ובנו בעמ,,,יח`,1.50,100 גרם,false,1,26.50,17.67,false,1,
7610400075787,false,לינדט לה גרנד שוקולד חלב אגוז 150 גרם,משה סידס ובנו בעמ,,,יח`,1.50,100 גרם,false,1,26.50,17.67,false,1,
7610400091060,false,אקסלנס תפוז לינדט (100 גרם),משה סידס ובנו בעמ,,,יח`,1,100 גרם,false,1,16.60,16.60,true,1,
7613030979647,false,טריקס נסטלה (480 גרם),קבוצת אסם סחר שות. מוגבלת,,,יח`,4.80,100 גרם,false,1,25.90,5.40,true,1,
7613035635845,false,פיטנס גרנולה שוקולד 300 גר`אסם,קבוצת אסם סחר שות. מוגבלת,,,יח`,3,100 גרם,false,1,15.90,5.30,false,1,
7613035758834,false,פיטנס גרנולה חמוציות 300 גר`אסם,קבוצת אסם סחר שות. מוגבלת,,,יח`,3,100 גרם,false,1,17.30,5.77,false,1,
7613035807778,false,רוטב עגבניות לבולנז פרפקטו,קבוצת אסם סחר שות. מוגבלת,,,יח`,4,100 גרם,false,1,11.20,2.80,true,1,
7613035809109,false,רוטב עגבניות ובזיליקום פרפקטו,קבוצת אסם סחר שות. מוגבלת,,,יח`,4,100 גרם,false,1,11.20,2.80,true,1,
7613035809123,false,רוטב עגבניות עם פלפלים פרפקטו,קבוצת אסם סחר שות. מוגבלת,,,יח`,4,100 גרם,false,1,11.20,2.80,true,1,
7613035809857,false,רוטב עגבניות לפסטה פרפקטו,קבוצת אסם סחר שות. מוגבלת,,,יח`,4,100 גרם,false,1,11.20,2.80,true,1,
7613036520492,false,רוטב עגבניות לפיצה 400 גר`פרפקטו,קבוצת אסם סחר שות. מוגבלת,,,יח`,4,100 גרם,false,1,11.20,2.80,true,1,
7613036880534,false,מחית מרק ירקות מעורבים 190 גר` גרבר,קבוצת אסם סחר שות. מוגבלת,,,יח`,1.90,100 גרם,false,1,8.10,4.26,false,1,
7613037012095,false,פיטנס גרנולה שוקולד קינואה ושקדים נסטלה,קבוצת אסם סחר שות. מוגבלת,,,יח`,3,100 גרם,false,1,17.50,5.83,false,1,
7613037686906,false,פיטנס שקדים ודבש (355 גרם) נסטלה,קבוצת אסם סחר שות. מוגבלת,,,יח`,3.55,100 גרם,false,1,21.90,6.17,true,1,
7613039547632,false,מחית תפוח בננה תות פאוץ 90 גר`גרבר,קבוצת אסם סחר שות. מוגבלת,,,יח`,0.90,100 גרם,false,1,7.90,8.78,false,1,
7613039770450,false,סנסשיונל בורגר 226 גר` טבעול,קבוצת אסם סחר שות. מוגבלת,,,יח`,2.26,100 גרם,false,1,29.90,13.23,false,1,
7613039771174,false,סנסשיונל מינס 400 גר` טבעול,קבוצת אסם סחר שות. מוגבלת,,,יח`,4,100 גרם,false,1,33.90,8.48,true,1,
7613039879382,false,מחית תפוח עץ 190 גר` גרבר כשר לפסח,קבוצת אסם סחר שות. מוגבלת,,,יח`,1.90,100 גרם,false,1,8.10,4.26,false,1,
7613287325808,false,מטבל איולי שום 295 גר אסם,קבוצת אסם סחר שות. מוגבלת,,,יח`,2.95,100 גרם,false,1,15.90,5.39,true,1,
7613287325822,false,מטבל מיקס 295 גר אסם,קבוצת אסם סחר שות. מוגבלת,,,יח`,2.95,100 גרם,false,1,15.90,5.39,true,1,
7613287325853,false,מטבל איולי ספייסי 295 גר אסם,קבוצת אסם סחר שות. מוגבלת,,,יח`,2.95,100 גרם,false,1,15.90,5.39,true,1,
7613287476678,false,סינימיניס צ`ורוס 360 גרם,קבוצת אסם סחר שות. מוגבלת,,,יח`,3.60,100 גרם,false,1,22.90,6.36,true,1,
7613287855640,false,קפסולות גוואטמלה סטארבקס( 52 גר`),קבוצת אסם סחר שות. מוגבלת,,,יח`,0.52,100 גרם,false,1,21.90,42.12,true,1,
7622010001858,false,אוראו וניל 176 גר`,דיפלומט היינץ,,,יח`,1.76,100 גרם,false,1,9.90,5.63,true,1,
7622201050757,false,שוקולד חלב עם קרמל מילקה (100 גרם),דיפלומט היינץ,,,יח`,1,100 גרם,false,1,7.90,7.90,true,1,
7622201137052,false,מילקה מיני קוקיז 110 גרם,דיפלומט היינץ,,,יח`,1.10,100 גרם,false,1,8.90,8.09,true,1,
7622201401900,false,עוגיות מילקה סנביישן אוראו 156 גר`,דיפלומט היינץ,,,יח`,1.56,100 גרם,false,1,13.90,8.91,true,1,
7622201801809,false,שוקולד חלב עם אגוזים מילקה (100 גרם),דיפלומט היינץ,,,יח`,1,100 גרם,false,1,7.90,7.90,false,1,
7622201802394,false,שוקולד חלב מילקה (100 גרם),דיפלומט היינץ,,,יח`,1,100 גרם,false,1,7.90,7.90,false,1,
7622201808631,false,אוראו מיני כוסות בטעם וניל 67 גר`,דיפלומט היינץ,,,יח`,0.67,100 גרם,false,1,7.90,11.79,false,1,
7622201813390,false,וופל במילוי קרם קקאו מילקה (150 גרם),דיפלומט היינץ,,,יח`,1.50,100 גרם,false,1,12.90,8.60,true,1,
7622210078131,false,שוקולד חלב דיים מילקה (100 גרם),דיפלומט היינץ,,,יח`,1,100 גרם,false,1,7.90,7.90,true,1,
7622210163899,false,שוקולד חלב עם עדשים 100 גר` מילקה,דיפלומט היינץ,,,יח`,1,100 גרם,false,1,7.90,7.90,true,1,
7622210453327,false,מילקה סנסייטן 156 גר`,דיפלומט היינץ,,,יח`,1.56,100 גרם,false,1,13.50,8.65,true,1,
7622210664150,false,עוגיות אוראו וניל 396 גר`,דיפלומט היינץ,,,יח`,3.96,100 גרם,false,1,16.90,4.27,false,1,
7622210820310,false,שוקולד חלב בוטנים קרמל 90 גר`מילקה,דיפלומט היינץ,,,יח`,1,100 גרם,false,1,7.90,7.90,false,1,
7622210835338,false,אוראו בראוניז 176 גר`,דיפלומט היינץ,,,יח`,1.76,100 גרם,false,1,10.10,5.74,true,1,
7622300270506,false,עוגיות מילקה גריינס שיבולת שועל,דיפלומט היינץ,,,יח`,1.68,100 גרם,false,1,13.50,8.04,true,1,
7622300489427,false,אוראו פאדג שוקולד לבן 246גר,דיפלומט היינץ,,,יח`,2.46,100 גרם,false,1,19.90,8.09,true,1,
7622300489434,false,עוגיות אוראו בציפוי שוקולד חלבי 246 גרם,דיפלומט היינץ,,,יח`,2.46,100 גרם,false,1,20.30,8.25,true,1,
7622300495046,false,שוקולד עם אקסטרה קקאו מילקה (100 גרם),דיפלומט היינץ,,,יח`,1,100 גרם,false,1,7.90,7.90,true,1,
7622300503079,false,ביסקוויט מצופה שוקולד מילקה (200 גרם),דיפלומט היינץ,,,יח`,2,100 גרם,false,1,13.50,6.75,true,1,
7622300617820,false,שוקולד אוראו מילקה (100 גרם),דיפלומט היינץ,,,יח`,1,100 גרם,false,1,7.90,7.90,true,1,
7622400005190,false,שוקולד חלב ולבן מילקה (100 גרם),דיפלומט היינץ,,,יח`,1,100 גרם,false,1,7.90,7.90,false,1,
7630477891691,false,קפסולות קפה קולומביה (10 יח) סטארבקס( 5,קבוצת אסם סחר שות. מוגבלת,,,יח`,0.57,100 גרם,false,1,21.90,38.42,true,1,
7702024074625,false,חטיפי קרקר חיטה מלאה 234 גר`פיטנס,קבוצת אסם סחר שות. מוגבלת,,,יח`,2.34,100 גרם,false,1,12.90,5.51,false,1,
7702024258322,false,חטיפי קרקר צ`יה ופשתן 234 גר`פיטנס,קבוצת אסם סחר שות. מוגבלת,,,יח`,2.34,100 גרם,false,1,12.90,5.51,false,1,
7702174066631,false,לקקן יוגטה פינפופ 10 יחידות,ליימן שליסל בעמ,,,יח`,1.80,100 גרם,false,1,7.90,4.39,true,1,
7702174068826,false,לקקן יוגטה12 יח`,ליימן שליסל בעמ,,,יח`,2.16,100 גרם,false,1,11.90,5.51,false,1,
7702174070201,false,לקקן יוגטה מג`יק 12 יח`,ליימן שליסל בעמ,,,יח`,1,,false,1,11.90,11.90,false,1,
7798304600011,false,אוכמניות-טרי 125 גר,בראשית - אגודה שיתופית*שיק 45,,,יח`,1.25,100 גרם,false,1,10,8,false,1,
7804414000860,false,קברנה סוביניון דון חוליו (750 מל),הכרם - משקאות חריפים בעמ,,,יח`,7.50,"100 מ""ל",false,1,31.50,4.16,true,1,
7804414000884,false,שרדונה BIN דון חוליו (750 מל),הכרם - משקאות חריפים בעמ,,,יח`,7.50,"100 מ""ל",false,1,31.50,4.16,true,1,
7804414012344,false,יין סוביניון בלאן 750 מל דון חוליו,הכרם - משקאות חריפים בעמ,,,יח`,7.50,"100 מ""ל",false,1,32.20,4.25,true,1,
7804632390255,false,אוכמניות טרי 125 גר,בראשית - אגודה שיתופית*שיק 45,,,יח`,1.25,100 גרם,false,1,10,8,false,1,
7804651030026,false,אוכמניות-טרי 125 גר,איגל טרייטדינג שיווק חקלאי בעמ,,,יח`,1.25,100 גרם,false,1,10,8,false,1,
8000215204219,false,משקה אורז ביו אורגני ויטאריז 1 ליטר,נטורפוד בעמ,,,יח`,1,1 ליטר,false,1,13.90,13.90,true,1,
8000215204240,false,משקה אורז ושקדים ביו אורגני ויטאריז 1 לי,נטורפוד בעמ,,,יח`,1,1 ליטר,false,1,13.90,13.90,true,1,
8000215204714,false,משקה שיבולת שועל אורגני פרימונה 1 ליטר,נטורפוד בעמ,,,יח`,1,1 ליטר,false,1,13.90,13.90,false,1,
8000380003723,false,גרנד פטיסרי 100 גר`אגוז,ליימן שליסל בעמ,,,יח`,1,100 גרם,false,1,15.20,15.20,true,1,
8000380003761,false,גרנד פטיסרי 100 גר`קוקוס,ליימן שליסל בעמ,,,יח`,1,100 גרם,false,1,13.90,13.90,true,1,
8000380004676,false,וופל סנדוויץ`בטעם וניל לואקר (200 גרם),ליימן שליסל בעמ,,,יח`,2,100 גרם,false,1,14.90,7.45,true,1,
8000380004911,false,קוארדטיני 250 גר` אגוז,ליימן שליסל בעמ,,,יח`,2.50,100 גרם,false,1,14.90,5.96,true,1,
8000380004966,false,קוארדטיני 250 גר` קקאו,ליימן שליסל בעמ,,,יח`,2.50,100 גרם,false,1,14.90,5.96,true,1,
8000380007219,false,וופל בטעם אגוזים לואקר (175 גרם),ליימן שליסל בעמ,,,יח`,1.75,100 גרם,false,1,11.90,6.80,true,1,
8000380007257,false,וופל לואקר גרדנה 200 גר`,ליימן שליסל בעמ,,,יח`,2,100 גרם,false,1,14.70,7.35,true,1,
8000380007264,false,וופל קקאו לואקר (175 גרם),ליימן שליסל בעמ,,,יח`,1.75,100 גרם,false,1,11.90,6.80,true,1,
8000380106028,false,טורטינה שישיה אורגינל לואקר 125 גר,ליימן שליסל בעמ,,,יח`,1.25,100 גרם,false,1,18.90,15.12,true,1,
8000380144044,false,וופל לואקר גרדנה שוקולד 200 גר`,ליימן שליסל בעמ,,,יח`,2,100 גרם,false,1,16.60,8.30,true,1,
8000380152704,false,מארז חטיפי אצבעות גרדנה אגוז 125 גר,ליימן שליסל בעמ,,,יח`,1.25,100 גרם,false,1,17.90,14.32,true,1,
8000380152728,false,מארז חטיפי אצבעות גרדנה שוקולד 125 גר,ליימן שליסל בעמ,,,יח`,1.25,100 גרם,false,1,17.90,14.32,true,1,
8000380153534,false,טורטינה שישיה לבן 125 גר`,ליימן שליסל בעמ,,,יח`,1.25,100 גרם,false,1,18.90,15.12,false,1,
8000500026731,false,ביצת הפתעה קינדר (20x3 גרם),פרימיום-חברה לדברי מתיקה ולמסח,,,יח`,0.60,100 גרם,false,1,15.90,26.50,true,1,
8000500029350,false,קינדר בואנו וופל שלישייה (43x3 גרם),פרימיום-חברה לדברי מתיקה ולמסח,,,יח`,1.29,100 גרם,false,1,10.90,8.45,true,1,
8000500037874,false,רושר בוני 200 גר`,פרימיום-חברה לדברי מתיקה ולמסח,,,יח`,2,100 גרם,false,1,25.90,12.95,false,1,
8000500071083,false,אצבעות שוקולד קינדר (16 יח`- 200 גרם),פרימיום-חברה לדברי מתיקה ולמסח,,,יח`,2,100 גרם,false,1,12.90,6.45,false,1,
8000500121436,false,קינדר בואנו וופל לבן שלישייה (39x3גרם),פרימיום-חברה לדברי מתיקה ולמסח,,,יח`,1.17,100 גרם,false,1,10.90,9.32,true,1,
8000500167656,false,קינדר שוקולד עם דגנים,פרימיום-חברה לדברי מתיקה ולמסח,,,יח`,1,,false,1,8.50,8.50,false,1,
8000500224281,false,וופל מלוח במילוי ממרח אגוזי לוז,פרימיום-חברה לדברי מתיקה ולמסח,,,יח`,1,,false,1,3.90,3.90,false,1,
8000500256213,false,קינדר שוקולד מיני 120 גר`,פרימיום-חברה לדברי מתיקה ולמסח,,,יח`,1.20,100 גרם,false,1,9.90,8.25,false,1,
8000500267103,false,10 עוגות אישית בעטיפה אישית 39 גר`קינדר,פרימיום-חברה לדברי מתיקה ולמסח,,,יח`,3.90,100 גרם,false,1,20.90,5.36,true,1,
8000500269169,false,קינדר קארדס 5 יח`128 גר`,פרימיום-חברה לדברי מתיקה ולמסח,,,יח`,1.28,100 גרם,false,1,14.90,11.64,false,1,
8001003100218,false,יוגטה גומי 800 גר`ג`לי,ליימן שליסל בעמ,,,יח`,8,100 גרם,false,1,21.40,2.68,false,1,
8001090016003,false,טבליות למדיח קלאסי הכל באחד פיירי,דיפלומט מפיצים (1968) בעמ,,,יח`,1,,false,1,44.90,44.90,false,1,
8001090066008,false,תחבושות אולוויז דיסקרט לונג פלוס 8 יח,דיפלומט מפיצים (1968) בעמ,,,יח`,1,,false,1,19.90,19.90,false,1,
8001090802385,false,טייד קפסולות ג`ל בניחוח לנור 26 יח,דיפלומט מפיצים (1968) בעמ,,,יח`,1,,false,1,30.90,30.90,true,1,
8001090832856,false,קונדישנר מרוקאי משקם 660 מל פנטן,דיפלומט מפיצים (1968) בעמ,,,יח`,6.60,"100 מ""ל",false,1,20.90,3.17,true,1,
8001090833136,false,אריאל ג`ל כביסה 2.255 ליטר בייבי,דיפלומט מפיצים (1968) בעמ,,,יח`,2.2550,1 ליטר,false,1,34.60,15.34,true,1,
8001090833167,false,אריאל ג`ל 2.365 ליטר ניחוח הרים,דיפלומט מפיצים (1968) בעמ,,,יח`,2.3650,1 ליטר,false,1,34.90,14.76,true,1,
8001090943095,false,פיירי אנטי בקטריאלי 1.015 ליטר,דיפלומט מפיצים (1968) בעמ,,,יח`,1.0150,1 ליטר,false,1,19.30,19.01,true,1,
8001100011776,false,וופל שכבות בטעם וניל 175 גר`Balocco,אבאל יזמות בעמ,,,יח`,1.75,100 גרם,false,1,10.90,6.23,true,1,
8001100059259,false,וופל קוביות בטעם אגוזי לוז 250 גר`Baloc,אבאל יזמות בעמ,,,יח`,2.50,100 גרם,false,1,13.90,5.56,true,1,
8001160001786,false,גטורייד ספורט כחול,טמפו משקאות בעמ,,,יח`,5,"100 מ""ל",false,1,10.90,2.12,true,1,
8001620011935,false,סאן בנדטו מוגז שישייה 500 מל,טמפו משקאות בעמ,,,יח`,3,1 ליטר,false,1,15,4.40,true,1,
8001620015612,false,פרוטה פירות טעם תפוז גזר לימון,טמפו משקאות בעמ,,,יח`,4,"100 מ""ל",false,1,7.50,1.80,false,1,
8001620018408,false,פרוטה מנגו תפוח 400 מל,טמפו משקאות בעמ,,,יח`,4,"100 מ""ל",false,1,7.50,1.80,false,1,
8001841062624,false,מגבוני פמפרס ללא בישום 4*52 יח`,דיפלומט מפיצים (1968) בעמ,,,יח`,1,,false,1,18.90,18.90,true,1,
8001841077949,false,מגבוני פמפרס פרש 4*52 יח`,דיפלומט מפיצים (1968) בעמ,,,יח`,1,,false,1,18.90,18.90,true,1,
8001841625287,false,נוזל כלים פיירי פלטינום לימון 1.015 מל,דיפלומט מפיצים (1968) בעמ,,,יח`,1.0150,1 ליטר,false,1,19.30,19.01,true,1,
8001841625461,false,נוזל כלים פלטינום אורגינל פיירי (515 מל,דיפלומט מפיצים (1968) בעמ,,,יח`,5.15,"100 מ""ל",false,1,11.90,2.31,true,1,
8001841625508,false,נוזל כלים פיירי פלטינום 1.015 מל,דיפלומט מפיצים (1968) בעמ,,,יח`,1.0150,1 ליטר,false,1,19.30,19.01,true,1,
8002270436581,false,סאן פלגרינו פלסטיק מוגז שישייות 500*6,טמפו משקאות בעמ,,,יח`,30,"100 מ""ל",false,1,27.90,0.87,false,1,
8002270846472,false,מים סאן פלגרינו 500 מל מוגז,טמפו משקאות בעמ,,,יח`,5,"100 מ""ל",false,1,6,1.14,false,1,
8002450204009,false,ורדי אפרסק 750 מל,הכרם - משקאות חריפים בעמ,,,יח`,7.50,"100 מ""ל",false,1,27.50,3.63,true,1,
8004030845046,false,ריו מארה אינסלטיסימי אורז עם טונה 160 גר,ש.שסטוביץ בעמ,,,יח`,1.60,100 גרם,false,1,19.50,12.19,false,1,
8004030860001,false,ריו מארה אינסלטיסימיה קוסקוס עם טונה 160,ש.שסטוביץ בעמ,,,יח`,1.60,100 גרם,false,1,19.30,12.06,false,1,
8005110002243,false,רכז עגבניות בשפרפרת 185 גר`mutti,רסטרטו יבוא ושיווק בעמ*אין החז,,,יח`,1.85,100 גרם,false,1,7.90,4.27,false,1,
8005110170300,false,עגבניות חתוכות דק 400 גר` שלישייה פולפה,רסטרטו יבוא ושיווק בעמ*אין החז,,,יח`,12,100 גרם,false,1,18.90,1.58,true,1,
8006540112823,false,לנור מרכך מרוכז בניחוח אוקיינוס 900 מל,דיפלומט מפיצים (1968) בעמ,,,יח`,9,"100 מ""ל",false,1,15.90,1.77,true,1,
8006540425930,false,אריאל טבליות לכביסה 24 יחידות,דיפלומט מפיצים (1968) בעמ,,,יח`,1,,false,1,35.90,35.90,true,1,
8007178223547,false,קרם בלסמי מצומצם 250 מל,דיפלומט היינץ,,,יח`,2.50,"100 מ""ל",false,1,25.90,10.36,false,1,
8008698004630,false,עוגיות דבל שוקולד 250 גר`ללא גלוטן,ל.י.ב. (לחיות יותר בטבע) בעמ,,,יח`,2.50,100 גרם,false,1,21.50,8.60,false,1,
8008698012857,false,ביסקוויט פתי ללא גלוטן שר (165 גרם),ל.י.ב. (לחיות יותר בטבע) בעמ,,,יח`,1.65,100 גרם,false,1,14.20,8.61,false,1,
8017938005122,false,חומץ תפוחים אורגני נטורפוד 750 מל,נטורפוד בעמ,,,יח`,1,,false,1,19.50,19.50,false,1,
8024985008044,false,מחית פירות סמוצ`י אגס אורגנית ללתס נטור,נטורפוד בעמ,,,יח`,1,100 גרם,false,1,5.90,5.90,false,1,
8076800195057,false,ברילה 500 גר` ספגטי מס` 5 צ.א,ש.שסטוביץ בעמ,,,יח`,5,100 גרם,false,1,7.50,1.50,false,1,
8076802085738,false,ברילה 500 גר` פנה רגטה צ.ק,ש.שסטוביץ בעמ,,,יח`,5,100 גרם,false,1,7.50,1.50,false,1,
8076802085981,false,ברילה 500 גר` פוזילי צ.ק,ש.שסטוביץ בעמ,,,יח`,5,100 גרם,false,1,7.50,1.50,false,1,
8076808060654,false,ברילה 500 גר` פרפלה מס` 65 צ.ק,ש.שסטוביץ בעמ,,,יח`,5,100 גרם,false,1,7.50,1.50,false,1,
8076808070882,false,קנלוני מספר 88 ברילה (250 גרם),ש.שסטוביץ בעמ,,,יח`,2.50,100 גרם,false,1,15.90,6.36,false,1,
8076808150072,false,ברילה 500 גר` ספגטוני מס` 7 צ.א,ש.שסטוביץ בעמ,,,יח`,5,100 גרם,false,1,7.50,1.50,false,1,
8076809513692,false,רוטב לפסטה נפולטנה ברילה (400 גרם),ש.שסטוביץ בעמ,,,יח`,4,100 גרם,false,1,15.90,3.98,false,1,
8076809523738,false,לזניה ברילה (500 גרם),ש.שסטוביץ בעמ,,,יח`,5,100 גרם,false,1,24.90,4.98,false,1,
8076809529433,false,פסטה פנה ריגטה חיטה מלאה ברילה (500 גרם),ש.שסטוביץ בעמ,,,יח`,5,100 גרם,false,1,15.90,3.18,false,1,
8076809545464,false,פסטה פוזילי ללא גלוטן ברילה (400 גרם),ש.שסטוביץ בעמ,,,יח`,4,100 גרם,false,1,15.90,3.98,false,1,
8410076610379,false,נייטשר וואלי פרוטאין בוטנים ושבבי שוקולד,ליימן שליסל בעמ,,,יח`,2.10,100 גרם,false,1,25.90,12.33,true,1,
8410076610508,false,נייטשר וואלי צ`ואי סוליט מריר,ליימן שליסל בעמ,,,יח`,1.50,100 גרם,false,1,14.90,9.93,false,1,
8410076621009,false,חטיף פייברONE טעם קרמל מלוח,ליימן שליסל בעמ,,,יח`,1,,false,1,15.90,15.90,true,1,
8410076621047,false,חטיף פייברONE בטעם שוקולד,ליימן שליסל בעמ,,,יח`,1,,false,1,15.90,15.90,true,1,
8410104045111,false,פינש מלח למדיח 2 קג`,רקיט בנקיזר (ניר איסט) בעמ,,,יח`,2,"ק""ג",false,1,15.90,7.95,false,1,
8410655002458,false,סאן מיגל בירה ללא גלוטן 330 מל,אבאל יזמות בעמ,,,יח`,3.30,"100 מ""ל",false,1,10.90,3.21,true,1,
8420708012822,false,קשקבל צאן ספרדי בשלה 200 גר,א. סיימן סחר בעמ,,,יח`,2,100 גרם,false,1,27.90,13.95,false,1,
8420708018817,false,גבינת מנצ`גו 150 גרם,א. סיימן סחר בעמ,,,יח`,1.50,100 גרם,false,1,29.90,19.93,false,1,
8423207206488,false,מרבה סלים דליס שוקולד חלב,ש.שסטוביץ בעמ,,,יח`,1.20,100 גרם,false,1,14.90,12.42,true,1,
8423207206495,false,מרבה סלים דליס שוקולד מריר,ש.שסטוביץ בעמ,,,יח`,1.20,100 גרם,false,1,14.90,12.42,true,1,
8423207207362,false,מרבה סלים דליס,ש.שסטוביץ בעמ,,,יח`,1.20,100 גרם,false,1,14.90,12.42,true,1,
8423207208697,false,סלים דליס לילדים עם שוקולד לבן,ש.שסטוביץ בעמ,,,יח`,0.78,100 גרם,false,1,14.90,19.10,true,1,
8423207208703,false,סלים דליס מהדורה מיוחדת עם שוקולד מריר,ש.שסטוביץ בעמ,,,יח`,0.78,100 גרם,false,1,14.90,19.10,true,1,
8423207209748,false,מרבה סלים דליס שוקולד מריר בנגיעות מריר,ש.שסטוביץ בעמ,,,יח`,1.20,100 גרם,false,1,14.90,12.42,true,1,
8423207209885,false,סלים דליס מהדורה מיוחדת עם שוקולד חלב,ש.שסטוביץ בעמ,,,יח`,1.20,100 גרם,false,1,14.90,12.42,true,1,
8445290427120,false,פיטנס שוקולד מריר ובננה 330 גר`,קבוצת אסם סחר שות. מוגבלת,,,יח`,3.30,100 גרם,false,1,21.90,6.64,true,1,
8595134503487,false,פילטרים לגלגול 5.3 ארוך,צפניה ברזילי בעמ,,,יח`,1,,false,1,4,4,false,1,
8595134503975,false,נייר גלגול בינוני Black כולל פילטר,צפניה ברזילי בעמ,,,יח`,1,,false,1,6,6,false,1,
8690504153740,false,שוקולד מריר עם גאנש מריר 86 גר,תה ויסוצקי (ישראל) בעמ,,,יח`,1,,false,1,14.90,14.90,false,1,
8690526009308,false,חטיף קוקוס מצופה שוקולדחלב וכדורוני דגני,גורי ע.ע.ע בעמ,,,יח`,1.26,100 גרם,false,1,10.90,8.65,false,1,
8690637073434,false,תה ארל גריי ברגמוט ליפטון) (100,יוניליוור ישראל שיווק בעמ,,,יח`,2,100 גרם,false,1,21.90,10.95,false,1,
8690637858734,false,סיף ג`ל אקונומיקה לימון 750 מל,יוניליוור ישראל שיווק בעמ,,,יח`,7.50,"100 מ""ל",false,1,13.20,1.76,true,1,
8690766156367,false,טבלת שוקולד חלב מעולה 90 גר` גודייבה,תה ויסוצקי (ישראל) בעמ,,,יח`,0.90,100 גרם,false,1,15.90,17.67,true,1,
8690766156374,false,שוקולד מריר מעולה 72% גודייבה ( 90 גר`),תה ויסוצקי (ישראל) בעמ,,,יח`,0.90,100 גרם,false,1,15.90,17.67,true,1,
8690766156381,false,שוקולד מריר מעולה 90% גודייבה(90 גר` ),תה ויסוצקי (ישראל) בעמ,,,יח`,0.90,100 גרם,false,1,15.90,17.67,true,1,
8690777221405,false,פלפל אדום קלוי על האש 650 גר` ויליפוד,ג.וילי-פוד אינטרנשיונל בעמ,,,יח`,6.50,100 גרם,false,1,12.90,1.98,true,1,
8690784614771,false,דאק סבון ניקוי אסלה בניחוח רענן,דנשר (1963) בעמ,,,יח`,1,,false,1,11.20,11.20,true,1,
8691058141238,false,ערמונים שלמים קלויים וקלופים 100 גר`Ave,אבאל יזמות בעמ,,,יח`,1,100 גרם,false,1,5.50,5.50,true,1,
8695543006798,false,כדורי מוצרלה מעדנייה וילי פוד,ג.וילי-פוד אינטרנשיונל **גבינו,,,"ק""ג",10,100 גרם,true,1,120,12,false,1,
8695543006828,false,גבינת cheese long מעדנייה וילי פוד,ג.וילי-פוד אינטרנשיונל **גבינו,,,"ק""ג",10,100 גרם,true,1,120,12,false,1,
8695543007245,false,גבינת רכה בצורת חיות 20% שומן וילי פוד,ג.וילי-פוד אינטרנשיונל **גבינו,,,"ק""ג",10,100 גרם,true,1,89,8.90,false,1,
8697530910743,false,פאל מאל כחול,גלוברנדס בעמ - שיווק סיגריות,,,יח`,1,,false,1,30,30,true,1,
8697530910750,false,פאל מאל כחול 100 ארוך,גלוברנדס בעמ - שיווק סיגריות,,,יח`,1,,false,1,30,30,true,1,
8697530910781,false,פאל מאל אדום,גלוברנדס בעמ - שיווק סיגריות,,,יח`,1,,false,1,30,30,true,1,
8710502139017,false,עוגיות טריפל שוקולד צ`יפס מרבה (180 גרם),ש.שסטוביץ בעמ,,,יח`,2.25,100 גרם,false,1,10.90,4.84,true,1,
8710502194801,false,מרבה עוגיות שוקולד צ`יפס רכה פירות יער,ש.שסטוביץ בעמ,,,יח`,1.75,100 גרם,false,1,10.90,6.23,true,1,
8710502279010,false,עוגיות שוקולד צ`יפס מצופות שוקולד ( 175,ש.שסטוביץ בעמ,,,יח`,1.75,100 גרם,false,1,10.90,6.23,true,1,
8710732228918,false,מצת cricket,צפניה ברזילי בעמ,,,יח`,1,,false,1,5,5,false,1,
8711000362747,false,קפסולות קפה אספרסו ריסטרטו) (11 52 גר`ל,דיפלומט היינץ,,,יח`,1,,false,1,20.90,20.90,true,1,
8711000371183,false,קפסולות קפה אספרסו קלאסיקו אינטנסו עוצמה,דיפלומט היינץ,,,יח`,1,,false,1,16.90,16.90,true,1,
8711327475762,false,מגנום פיינט שוקולד לבן עוגיות,גלידות שטראוס בעמ,,,יח`,2.60,"100 מ""ל",false,1,19.90,7.65,false,1,
8712561611183,false,דאב תחליב רחצה ירוק ומלפפון 500 מל,יוניליוור ישראל שיווק בעמ,,,יח`,5,"100 מ""ל",false,1,16.90,3.38,true,1,
8712561611411,false,דאב תחליב רחצה ירוק ומלפפון 750 מל,יוניליוור ישראל שיווק בעמ,,,יח`,7.50,"100 מ""ל",false,1,18.90,2.52,true,1,
8714599513835,false,ג`יקובס נטול קופאין 200 גר`מיובש בהקפאה,דיפלומט היינץ,,,יח`,2,100 גרם,false,1,33.90,16.95,false,1,
8714599513866,false,קפה נמס קרוננג ג`יקובס 200 גר`,דיפלומט היינץ,,,יח`,2,100 גרם,false,1,27.90,13.95,true,1,
8714789930848,false,קולגייט משחת אופטיק וייט הלבנה מיידית 75,איינשטיין-צור יבוא-יצוא וסחר ב,,,יח`,0.75,100 גרם,false,1,14.90,19.87,false,1,
8715300238306,false,חמאה הולנדית ללא מלח 200 גרם,בני ג`ורג` שוקחה (חיפה) בעמ,,,יח`,2,100 גרם,false,1,13.90,6.95,false,1,
8715700110141,false,מיונז צנצנת 460 גר`היינץ,דיפלומט היינץ,,,יח`,4.60,100 גרם,false,1,12.90,2.80,true,1,
8715700110158,false,מיונז לייט צנצנת 490 גר`היינץ,דיפלומט היינץ,,,יח`,4.90,100 גרם,false,1,12.90,2.63,true,1,
8715700117805,false,מתבל עגבניות ללתס ומלח 400 מל היינץ,דיפלומט היינץ,,,יח`,4,100 גרם,false,1,12.90,3.23,true,1,
8715700419732,false,מתבל עגבניות היינץ (700 גרם),דיפלומט היינץ,,,יח`,7,100 גרם,false,1,12.90,1.84,true,1,
8715700423906,false,היינץ מתבל עגבניות 555 גר,דיפלומט היינץ,,,יח`,5.55,100 גרם,false,1,11.90,2.14,true,1,
8717644390566,false,דאב סבון מוצק רביעייה- מלפפונים ותה ירו,יוניליוור ישראל שיווק בעמ,,,יח`,4,100 גרם,false,1,14.90,3.73,true,1,
8717677336593,false,שוקולד חלב טוניס שוקולונלי 180 גר`,ליימן שליסל בעמ,,,יח`,1.80,100 גרם,false,1,20.90,11.61,true,1,
8717677336630,false,שוקולד חלב עם שקדים ודבש טוניס שוקולונלי,ליימן שליסל בעמ,,,יח`,1.80,100 גרם,false,1,20.90,11.61,true,1,
8717677338436,false,שוקולד חלב עם אגוזי לוז קצוצים טוניס שוק,ליימן שליסל בעמ,,,יח`,1.80,100 גרם,false,1,20.90,11.61,true,1,
8718951001596,false,ספריי אמבטיות אג`קס (600 מל)-יבוא מקביל,בית הצעצוע בעמ,,,יח`,1,,false,1,9.90,9.90,false,1,
8718951001602,false,ספריי רב פעולות אג`קס (600 מל)-יבוא מקב,בית הצעצוע בעמ,,,יח`,1,,false,1,9.90,9.90,false,1,
8718951048461,false,אג`קס חלונות 750 מל יבוא מקביל טריפל אק,אופאל יאצא בעמ,,,יח`,7.50,"100 מ""ל",false,1,11.90,1.59,true,1,
8718951236783,false,קולגייט משחת שיניים טוטל פרש סטריפ 100 מ,איינשטיין-צור יבוא-יצוא וסחר ב,,,יח`,1,"100 מ""ל",false,1,13.90,13.90,false,1,
8718951236806,false,קולגייט טוטאל משחת שיניים המסייעת בהסרת,ש.שסטוביץ בעמ,,,יח`,1,"100 מ""ל",false,1,17.90,17.90,true,1,
8718951509627,false,קולגיט אופטיק וויט לאוהבי קפה 75 מל,ש.שסטוביץ בעמ,,,יח`,0.75,"100 מ""ל",false,1,30.90,41.20,false,1,
8719200998001,false,בלו בנד בלי מלח 250 גר`,דיפלומט היינץ,,,יח`,2,100 גרם,false,1,4.50,2.25,false,1,
8719200998018,false,מרגרינה מחמאה בטעם חמאה 200 גר`בלובנד,דיפלומט היינץ,,,יח`,2,100 גרם,false,1,4.90,2.45,false,1,
8719200998032,false,מרגרינה למריחה בטעם חמאה (250 גרם)מזולה,דיפלומט היינץ,,,יח`,2.50,100 גרם,false,1,11.20,4.48,false,1,
8720181114489,false,אקס דאו ספרי י black 150 מל לגבר(יבו,איינשטיין-צור יבוא-יצוא וסחר ב,,,יח`,1.50,"100 מ""ל",false,1,10.90,7.27,true,1,
8801055707966,false,קפה טייסטרס צ`ויס בריסטה נסקפה (180 גרם),קבוצת אסם סחר שות. מוגבלת,,,יח`,1.80,100 גרם,false,1,32.90,18.28,false,1,
8801055709465,false,נס קפה קפוצ`ינו וניל 185 גר`,קבוצת אסם סחר שות. מוגבלת,,,יח`,1.85,100 גרם,false,1,19.90,10.76,false,1,
8802241131664,false,חטיף אצות ים קלויות 9 יח עם מלח,טחנת האבן קואופ בעמ,,,יח`,0.4050,100 גרם,false,1,31.90,78.77,true,1,
8850389105825,false,משקה אלוורה ענבים סאפה (1 ליטר),טמפו משקאות בעמ,,,יח`,1,1 ליטר,false,1,14.90,14.90,false,1,
8850389105832,false,משקה אלוורה תפוחים סאפה (1 ליטר),טמפו משקאות בעמ,,,יח`,1,1 ליטר,false,1,14.90,14.90,false,1,
8850389105849,false,משקה אלוורה אפרסק סאפה (1 ליטר),טמפו משקאות בעמ,,,יח`,1,1 ליטר,false,1,14.90,14.90,false,1,
8901537024014,false,אורז בסמטי דאווט וילי פוד (1 קג),ג.וילי-פוד אינטרנשיונל בעמ,,,יח`,1,"ק""ג",false,1,12.90,12.90,false,1,
8994692541038,false,שלישייה קונוסים לגלגול,צפניה ברזילי בעמ,,,יח`,1,,false,1,6,6,false,1,
9000101418163,false,ברף סבון אסלה מוצק בניחוח תפוח ירוק-נופר,גורי שיווק בעמ,,,יח`,1,,false,1,20.90,20.90,true,1,
9000101537550,false,פרסיל פאוור קאפס יוניברסל,גורי שיווק בעמ,,,יח`,1,,false,1,60.90,60.90,true,1,
9002975393843,false,הריבו גולדברס 70 גר`,משה סידס ובנו בעמ,,,יח`,0.70,100 גרם,false,1,7.90,11.29,true,1,
9002975393850,false,הריבו וורמס 70 גר`,משה סידס ובנו בעמ,,,יח`,0.70,100 גרם,false,1,7.90,11.29,true,1,
9711953105807,false,בלוז מעדנייה שטראוס,שטראוס גרופ בעמ/מצונן,,,"ק""ג",10,100 גרם,true,1,69,6.90,false,1,
9720188050109,false,גבינת טופו בטעמים צוריאל,החב` המרכזית - טרה,,,יח`,2.27,100 גרם,false,1,22.60,9.96,false,1,
