code,internal_code,name,manufacturer_name,manufacture_country,manufacturer_item_description,unit_qty,quantity,unit_of_measure,weighted,qty_in_package,price,unit_of_measure_price,allow_discount,status,item_id
2,true,עגבניות,ביכורי שדה דרום 2002,,עגבניות,קילוגרמים,1.00,"ק""ג",true,,6.50,6.5000,true,1,24468
3,true,עגבניות שרי,ביכורי שדה דרום 2002,,עגבניות שרי,קילוגרמים,1.00,"ק""ג",true,,18.90,18.9000,true,1,25139
4,true,מלפפון,ביכורי שדה דרום 2002,,מלפפון,קילוגרמים,1.00,"ק""ג",true,,6.90,6.9000,true,1,26411
6,true,גזר ארוז,ביכורי שדה דרום 2002,,גזר ארוז,קילוגרמים,1.00,"ק""ג",true,,3.90,3.9000,true,1,25891
7,true,סלק,ביכורי שדה דרום 2002,,סלק,קילוגרמים,1.00,"ק""ג",true,,5.90,5.9000,true,1,23601
8,true,כרוב לבן,ביכורי שדה דרום 2002,,כרוב לבן,קילוגרמים,1.00,"ק""ג",true,,4.50,4.5000,true,1,23860
10,true,תפוח אדמה ירושלמי/כו,ירק הגליל,,תפוח אדמה ירושלמי/כוזביה,קילוגרמים,1.00,"ק""ג",true,,13.90,13.9000,true,1,21928
11,true,שזיף שגיב,ביכורי שדה דרום 2002,,שזיף שגיב,קילוגרמים,1.00,"ק""ג",true,,19.90,19.9000,true,1,26136
12,true,כרוב אדום,ביכורי שדה דרום 2002,,כרוב אדום,קילוגרמים,1.00,"ק""ג",true,,5.90,5.9000,true,1,24915
13,true,כרובית,ביכורי שדה דרום 2002,,כרובית,קילוגרמים,1.00,"ק""ג",true,,9.90,9.9000,true,1,24955
14,true,צנון,ביכורי שדה דרום 2002,,צנון,קילוגרמים,1.00,"ק""ג",true,,6.90,6.9000,true,1,24967
15,true,צנונית ארוזה,ביכורי שדה דרום 2002,,צנונית ארוזה,Unknown,0.00,Unknown,false,1,5.90,0.0000,true,1,24976
16,true,קישואים,ביכורי שדה דרום 2002,,קישואים,קילוגרמים,1.00,"ק""ג",true,,9.90,9.9000,true,1,22200
17,true,קישוא עגול,,,קישוא עגול,קילוגרמים,1.00,"ק""ג",true,,8.90,8.9000,true,1,24406
19,true,תרד,,,תרד,Unknown,0.00,Unknown,false,1,7.90,0.0000,true,1,25680
20,true,חציל,ביכורי שדה דרום 2002,,חציל,קילוגרמים,1.00,"ק""ג",true,,6.90,6.9000,true,1,25063
22,true,פלפל ירוק,ביכורי שדה דרום 2002,,פלפל ירוק,קילוגרמים,1.00,"ק""ג",true,,9.90,9.9000,true,1,25710
23,true,פלפל בהיר,ביכורי שדה דרום 2002,,פלפל בהיר,קילוגרמים,1.00,"ק""ג",true,,9.90,9.9000,true,1,25715
24,true,פלפל צילי,,,"פלפל צ""ילי",Unknown,0.00,Unknown,false,1,6.90,0.0000,true,1,25725
25,true,פלפל חריף ירוק,ביכורי שדה דרום 2002,,פלפל חריף ירוק,קילוגרמים,1.00,"ק""ג",true,,8.90,8.9000,true,1,23028
26,true,פלפל אדום,ביכורי שדה דרום 2002,,פלפל אדום,קילוגרמים,1.00,"ק""ג",true,,9.90,9.9000,true,1,22315
27,true,פלפל צהוב,ביכורי שדה דרום 2002,,פלפל צהוב,קילוגרמים,1.00,"ק""ג",true,,10.90,10.9000,true,1,23035
28,true,פלפל כתום,ביכורי שדה דרום 2002,,פלפל כתום,קילוגרמים,1.00,"ק""ג",true,,9.90,9.9000,true,1,26368
30,true,מלון,ביכורי שדה דרום 2002,,מלון,קילוגרמים,1.00,"ק""ג",true,,6.90,6.9000,true,1,23057
31,true,בצל יבש,ביכורי שדה דרום 2002,,בצל יבש,קילוגרמים,1.00,"ק""ג",true,,3.90,3.9000,true,1,23931
32,true,בצל יבש לבן,ביכורי שדה דרום 2002,,בצל יבש לבן,קילוגרמים,1.00,"ק""ג",true,,5.90,5.9000,true,1,22346
33,true,בצל יבש אדום,ביכורי שדה דרום 2002,,בצל יבש אדום,קילוגרמים,1.00,"ק""ג",true,,6.90,6.9000,true,1,25151
34,true,בצל ירוק,,,בצל ירוק ארוז,Unknown,0.00,Unknown,false,1,4.90,0.0000,true,1,24535
35,true,קולורבי,ביכורי שדה דרום 2002,,קולורבי,קילוגרמים,1.00,"ק""ג",true,,8.90,8.9000,true,1,22800
36,true,חסה ערבית,ביכורי שדה דרום 2002,,חסה ערבית,Unknown,0.00,Unknown,false,1,3.90,0.0000,true,1,23942
37,true,חסה עגולה,ביכורי שדה דרום 2002,,חסה עגולה,Unknown,0.00,Unknown,false,1,5.90,0.0000,true,1,25787
44,true,לוף,ביכורי שדה דרום 2002,,לוף,קילוגרמים,1.00,"ק""ג",true,,14.90,14.9000,true,1,26443
46,true,שעועית ירוקה,ביכורי שדה דרום 2002,,שעועית ירוקה,קילוגרמים,1.00,"ק""ג",true,,17.90,17.9000,true,1,26455
50,true,דלעת,ביכורי שדה דרום 2002,,דלעת,קילוגרמים,1.00,"ק""ג",true,,11.50,11.5000,true,1,23998
51,true,דלורית,ביכורי שדה דרום 2002,,דלורית,קילוגרמים,1.00,"ק""ג",true,,7.90,7.9000,true,1,25233
52,true,שמיר ארוז,,,שמיר ארוז,Unknown,0.00,Unknown,false,1,3.90,0.0000,true,1,24005
53,true,כוסברה ארוזה,,,כוסברה ארוזה,Unknown,0.00,Unknown,false,1,3.90,0.0000,true,1,26474
54,true,נענע ארוזה,,,נענע ארוזה,Unknown,0.00,Unknown,false,1,3.90,0.0000,true,1,23082
55,true,סלרי ראש ארוז,,,סלרי ראש ארוז,Unknown,0.00,Unknown,false,1,4.90,0.0000,true,1,26478
56,true,סלרי אמריקאי ארו,,,סלרי אמריקאי ארו,Unknown,0.00,Unknown,false,1,5.90,0.0000,true,1,26489
57,true,שורש פטרוזיליה ארוז,,,שורש פטרוזיליה ארוז,Unknown,0.00,Unknown,false,1,4.90,0.0000,true,1,26492
60,true,תפוח עץ זהב,ביכורי שדה דרום 2002,,תפוח זהב,קילוגרמים,1.00,"ק""ג",true,,9.90,9.9000,true,1,24642
61,true,תפוח עץ סמיט גרנד,ביכורי שדה דרום 2002,,"תפו""ע  סמיט גרנד",קילוגרמים,1.00,"ק""ג",true,,9.90,9.9000,true,1,23570
65,true,קורנית,מרינה פטריות הגליל,,קורנית,Unknown,0.00,Unknown,false,1,4.90,0.0000,true,1,24670
66,true,נבטי אלפלפא,,,נבטי אלפלפא,Unknown,0.00,Unknown,false,1,5.90,0.0000,true,1,26542
67,true,תפוח עץ גלה,ביכורי שדה דרום 2002,,תפוח עץ גלה,קילוגרמים,1.00,"ק""ג",true,,11.90,11.9000,true,1,23151
69,true,טימין ארוז,,,טימין ארוז,Unknown,0.00,Unknown,false,1,4.90,0.0000,true,1,24092
70,true,רוקט ארוז,,,רוקט ארוז,Unknown,0.00,Unknown,false,1,4.90,0.0000,true,1,23159
71,true,דלעת ספגטי,,,דלעת ספגטי,קילוגרמים,1.00,"ק""ג",true,,13.90,13.9000,true,1,24689
76,true,צנונית במשקל,,,צנונית במשקל,קילוגרמים,1.00,"ק""ג",true,,6.90,6.9000,true,1,25491
81,true,לבבות חסה רומית,ביכורי שדה דרום 2002,,לבבות חסה רומית,Unknown,0.00,Unknown,false,1,8.90,0.0000,true,1,24869
87,true,מנגולד ארוז,,,מנגולד ארוז,Unknown,0.00,Unknown,false,1,5.90,0.0000,true,1,24875
89,true,ארטישוק,ביכורי שדה דרום 2002,,ארטישוק,קילוגרמים,1.00,"ק""ג",true,,19.90,19.9000,true,1,24877
90,true,נבטים,ביכורי שדה דרום 2002,,נבטים,Unknown,0.00,Unknown,false,1,5.90,0.0000,true,1,24879
93,true,פטריות שמפיניון,,,פטריות שמפיניון,Unknown,0.00,Unknown,false,1,8.50,0.0000,true,1,26132
94,true,מלפפון מיני ארוז,,,מלפפון מיני ארוז,Unknown,0.00,Unknown,false,1,9.90,0.0000,true,1,25515
96,true,פטריות במשקל,מרינה פטריות הגליל,,פטריות במשקל,קילוגרמים,1.00,"ק""ג",true,,29.90,29.9000,true,1,24300
97,true,שום יבש,,,שום יבש,Unknown,0.00,Unknown,false,1,7.90,0.0000,true,1,23913
99,true,שומר,ביכורי שדה דרום 2002,,שומר,קילוגרמים,1.00,"ק""ג",true,,7.90,7.9000,true,1,22749
101,true,תירס ארוז,ביכורי שדה דרום 2002,,תירס ארוז,קילוגרמים,1.00,"ק""ג",true,,9.90,9.9000,true,1,21991
102,true,בטטה,ביכורי שדה דרום 2002,,בטטה,קילוגרמים,1.00,"ק""ג",true,,9.90,9.9000,true,1,21772
103,true,ברוקולי ארוז,ביכורי שדה דרום 2002,,ברוקולי ארוז,קילוגרמים,1.00,"ק""ג",true,,16.90,16.9000,true,1,21892
104,true,תפוח אדמה לבן,ביכורי שדה דרום 2002,,"תפו""א לבן",קילוגרמים,1.00,"ק""ג",true,,3.90,3.9000,true,1,21774
105,true,תפוח אדמה אדום,ביכורי שדה דרום 2002,,"תפו""א אדום",קילוגרמים,1.00,"ק""ג",true,,5.90,5.9000,true,1,21775
106,true,תפוח עץ ורוד,ביכורי שדה דרום 2002,,"תפו""ע ורוד",קילוגרמים,1.00,"ק""ג",true,,13.90,13.9000,true,1,21993
107,true,תפוח עץ חרמון/סטרקינ,ביכורי שדה דרום 2002,,"תפו""ע חרמון/סטרקינג",קילוגרמים,1.00,"ק""ג",true,,9.90,9.9000,true,1,21906
108,true,אגס ירוק,ביכורי שדה דרום 2002,,אגס ירוק,קילוגרמים,1.00,"ק""ג",true,,13.90,13.9000,true,1,21907
109,true,אגס אדום,ביכורי שדה דרום 2002,,אגס אדום,קילוגרמים,1.00,"ק""ג",true,,16.90,16.9000,true,1,21938
110,true,בננה,ביכורי שדה דרום 2002,,בננה,קילוגרמים,1.00,"ק""ג",true,,8.50,8.5000,true,1,21789
111,true,ענב לבן,ביכורי שדה דרום 2002,,ענב לבן,קילוגרמים,1.00,"ק""ג",true,,18.90,18.9000,true,1,26147
112,true,ענב שחור,ביכורי שדה דרום 2002,,ענב שחור,קילוגרמים,1.00,"ק""ג",true,,19.50,19.5000,true,1,22150
113,true,שזיף אדום,ביכורי שדה דרום 2002,,שזיף אדום,קילוגרמים,1.00,"ק""ג",true,,17.90,17.9000,true,1,22015
116,true,אפרסק,ביכורי שדה דרום 2002,,אפרסק,קילוגרמים,1.00,"ק""ג",true,,11.90,11.9000,true,1,26166
117,true,נקטרינה,ביכורי שדה דרום 2002,,נקטרינה,קילוגרמים,1.00,"ק""ג",true,,11.90,11.9000,true,1,21835
118,true,מנגו,ביכורי שדה דרום 2002,,מנגו,קילוגרמים,1.00,"ק""ג",true,,12.90,12.9000,true,1,21851
119,true,תפוזים,ביכורי שדה דרום 2002,,תפוזים,קילוגרמים,1.00,"ק""ג",true,,6.50,6.5000,true,1,21850
120,true,תפוז ברשת,ביכורי שדה דרום 2002,,תפוז דם,קילוגרמים,1.00,"ק""ג",true,,5.90,5.9000,true,1,21852
123,true,אשכולית לבנה,ביכורי שדה דרום 2002,,אשכולית,קילוגרמים,1.00,"ק""ג",true,,7.90,7.9000,true,1,22903
125,true,לימון,ביכורי שדה דרום 2002,,לימון,קילוגרמים,1.00,"ק""ג",true,,8.90,8.9000,true,1,21940
126,true,קלמנטינה,ביכורי שדה דרום 2002,,קלמנטינה,קילוגרמים,1.00,"ק""ג",true,,7.50,7.5000,true,1,26212
127,true,פומלה אדומה,ביכורי שדה דרום 2002,,פומלה אדומה,קילוגרמים,1.00,"ק""ג",true,,7.90,7.9000,true,1,26213
128,true,פומלית,ביכורי שדה דרום 2002,,פומלית,קילוגרמים,1.00,"ק""ג",true,,7.90,7.9000,true,1,22907
129,true,אבוקדו,ביכורי שדה דרום 2002,,אבוקדו,קילוגרמים,1.00,"ק""ג",true,,12.90,12.9000,true,1,23454
130,true,פלפל שושקה,,,פלפל שושקה,קילוגרמים,1.00,"ק""ג",true,,13.90,13.9000,true,1,21945
131,true,אפרסמון,ביכורי שדה דרום 2002,,אפרסמון,קילוגרמים,1.00,"ק""ג",true,,14.90,14.9000,true,1,26214
132,true,קיווי,ביכורי שדה דרום 2002,,קיווי,קילוגרמים,1.00,"ק""ג",true,,16.90,16.9000,true,1,23471
134,true,אנונה,ביכורי שדה דרום 2002,,אנונה,קילוגרמים,1.00,"ק""ג",true,,29.90,29.9000,true,1,25611
136,true,משמש,ביכורי שדה דרום 2002,,משמש,קילוגרמים,1.00,"ק""ג",true,,19.90,19.9000,true,1,23477
138,true,סברס,ביכורי שדה דרום 2002,,סברס,קילוגרמים,1.00,"ק""ג",true,,26.90,26.9000,true,1,23478
139,true,רימון,ביכורי שדה דרום 2002,,רימון,קילוגרמים,1.00,"ק""ג",true,,8.90,8.9000,true,1,23479
141,true,לימון סיני/ליים,ביכורי שדה דרום 2002,,לימון סיני/ליים,קילוגרמים,1.00,"ק""ג",true,,11.90,11.9000,true,1,23482
143,true,אננס,ביכורי שדה דרום 2002,,אננס,Unknown,0.00,Unknown,false,1,29.90,0.0000,true,1,26228
146,true,פטאיה,,,פטאיה,קילוגרמים,1.00,"ק""ג",true,,29.90,29.9000,true,1,24381
147,true,פסיפלורה,ביכורי שדה דרום 2002,,פסיפלורה,קילוגרמים,1.00,"ק""ג",true,,29.90,29.9000,true,1,23502
149,true,צנון שחור,ביכורי שדה דרום 2002,,צנון שחור,קילוגרמים,1.00,"ק""ג",true,,9.90,9.9000,true,1,22921
151,true,קרמבולה,ביכורי שדה דרום 2002,,קרמבולה,קילוגרמים,1.00,"ק""ג",true,,29.90,29.9000,true,1,49603
152,true,אבטיח,ביכורי שדה דרום 2002,,אבטיח,קילוגרמים,1.00,"ק""ג",true,,5.90,5.9000,true,1,22189
153,true,פטרוזיליה ארוזה,,,פטרוזיליה ארוזה,Unknown,0.00,Unknown,false,1,3.90,0.0000,true,1,22190
157,true,קובו,ירק הגליל,,קובו,קילוגרמים,1.00,"ק""ג",true,,27.90,27.9000,true,1,23510
159,true,אפרסמון קרמבו,ירק הגליל,,אפרסמון קרמבו,קילוגרמים,1.00,"ק""ג",true,,14.90,14.9000,true,1,24982
160,true,תפוח עץ יונתן,ביכורי שדה דרום 2002,,"תפו""ע יונתן",קילוגרמים,1.00,"ק""ג",true,,11.90,11.9000,true,1,22201
163,true,פומלה לבנה,ביכורי שדה דרום 2002,,פומלה לבנה,קילוגרמים,1.00,"ק""ג",true,,7.90,7.9000,true,1,24403
171,true,תפוח אדמה למיקרו 700,ביכורי שדה דרום 2002,,"תפו""א למיקרו",גרמים,700.00,100 גרם,false,1,7.90,1.1286,true,1,22219
173,true,אוכמניות טריות,פרי וירק טמרה ושותפי,,אוכמניות,Unknown,0.00,Unknown,false,1,14.90,0.0000,true,1,48404
175,true,פאפיה,ביכורי שדה דרום 2002,,פאפיה,קילוגרמים,1.00,"ק""ג",true,,19.90,19.9000,true,1,26282
178,true,זוקיני,,,זוקיני,קילוגרמים,1.00,"ק""ג",true,,11.90,11.9000,true,1,25660
185,true,אשכולית אדומה,ביכורי שדה דרום 2002,,אשכולית אדומה,קילוגרמים,1.00,"ק""ג",true,,7.90,7.9000,true,1,22251
187,true,אגס חום,ביכורי שדה דרום 2002,,אגס חום,קילוגרמים,1.00,"ק""ג",true,,16.90,16.9000,true,1,23695
188,true,אגס נאשי לבן,ביכורי שדה דרום 2002,,אגס נאשי לבן,קילוגרמים,1.00,"ק""ג",true,,16.90,16.9000,true,1,26294
189,true,אגס נאשי חום,ביכורי שדה דרום 2002,,אגס נאשי חום,קילוגרמים,1.00,"ק""ג",true,,16.90,16.9000,true,1,26299
193,true,תפוח עץ אודם,ביכורי שדה דרום 2002,,תפוח עץ אודם,קילוגרמים,1.00,"ק""ג",true,,11.90,11.9000,true,1,26312
241,true,רו בייקון,ישרקו שיווק מותגי מז,,רו בייקון,קילוגרמים,1.00,"ק""ג",true,,269.00,269.0000,true,1,23022
252,true,סלמי טורו,ישרקו שיווק מותגי מז,,סלמי סלמין,קילוגרמים,1.00,"ק""ג",true,,159.00,159.0000,true,1,49361
300,true,נקניקיות פרנקפורטר,זילבר תעשיות מוצרי ב,,נקניקיות עגל,קילוגרמים,1.00,"ק""ג",true,,59.00,59.0000,true,1,23058
301,true,שוק שלם,זילבר תעשיות מוצרי ב,,שוק שלם,קילוגרמים,1.00,"ק""ג",true,,129.00,129.0000,true,1,23927
302,true,נקניקיות קנקרס,זילבר תעשיות מוצרי ב,,קנקר,קילוגרמים,1.00,"ק""ג",true,,59.00,59.0000,true,1,23928
303,true,בוזנינה אוריגינל,זילבר תעשיות מוצרי ב,,"בוז""נינה אוריגינל",קילוגרמים,1.00,"ק""ג",true,,139.00,139.0000,true,1,23064
316,true,מיני שוק,זילבר תעשיות מוצרי ב,,מיני שוק,קילוגרמים,1.00,"ק""ג",true,,119.00,119.0000,true,1,24528
317,true,פסטרמה צוואר מעושן,זילבר תעשיות מוצרי ב,,פסטרמה צוואר מעושן,קילוגרמים,1.00,"ק""ג",true,,169.00,169.0000,true,1,23934
319,true,שפק מעושן,זילבר תעשיות מוצרי ב,,שפק,קילוגרמים,1.00,"ק""ג",true,,199.00,199.0000,true,1,22797
322,true,בק בייקון,זילבר תעשיות מוצרי ב,,בק ביקון,קילוגרמים,1.00,"ק""ג",true,,119.00,119.0000,true,1,24532
324,true,פסטרמה הודו לבן,זילבר תעשיות מוצרי ב,,הודו לבן,קילוגרמים,1.00,"ק""ג",true,,54.00,54.0000,true,1,26395
337,true,ישבן הודו מעושן,מעדני בשר יהודה,,ישבן הודו מעושן,קילוגרמים,1.00,"ק""ג",true,,22.00,22.0000,true,1,73096
346,true,שינקן וירגיניה מעושן,,,ווירגיניה שנקן,קילוגרמים,1.00,"ק""ג",true,,139.00,139.0000,true,1,112685
355,true,סלמי פרח/צרפתי/מסקוב,מעדני בשר יהודה,,נקניקים מעושנים פרוס,קילוגרמים,1.00,"ק""ג",true,,95.00,95.0000,true,1,22801
358,true,וטצינה עגל הודו,מעדני בשר יהודה,,"וטצ""ינה עגל-הודו",קילוגרמים,1.00,"ק""ג",true,,59.00,59.0000,true,1,23370
363,true,סרדלקה עגל,מעדני בשר יהודה,,סרדלקה עגל,קילוגרמים,1.00,"ק""ג",true,,35.00,35.0000,true,1,23944
364,true,נקניק ילדים,מעדני בשר יהודה,,נקניק ילדים,קילוגרמים,1.00,"ק""ג",true,,35.00,35.0000,true,1,22353
365,true,נקניקיות קוקטייל,מעדני בשר יהודה,,נקניקיות קוקטייל,קילוגרמים,1.00,"ק""ג",true,,25.00,25.0000,true,1,23945
368,true,נקניק בייגלה,מעדני בשר יהודה,,נקניק בייגלה,קילוגרמים,1.00,"ק""ג",true,,59.00,59.0000,true,1,22354
369,true,חזה הודו ברביקיו,מעדני בשר יהודה,,מבצע חזה הודו ברביקיו,קילוגרמים,1.00,"ק""ג",true,,59.00,59.0000,true,1,23374
371,true,נקניק מורטדלה,מעדני בשר יהודה,,נקניק מורטדלה,קילוגרמים,1.00,"ק""ג",true,,42.00,42.0000,true,1,23946
373,true,פריזר מיני/ עם שום/,מעדני בשר יהודה,,פריזר מיני,קילוגרמים,1.00,"ק""ג",true,,42.00,42.0000,true,1,23376
376,true,נקניק עוף,מעדני בשר יהודה,,נקניק עוף,קילוגרמים,1.00,"ק""ג",true,,49.00,49.0000,true,1,26406
378,true,חזה בקר מעושן/פלפל,מעדני בשר יהודה,,חזה בקר מעושן/פלפל,קילוגרמים,1.00,"ק""ג",true,,79.00,79.0000,true,1,25788
379,true,נקניק תה רוסי,זילבר תעשיות מוצרי ב,,נקניק תה רוסי,קילוגרמים,1.00,"ק""ג",true,,69.00,69.0000,true,1,49057
381,true,פסטרמה הודו פרפר מעו,מעדני בשר יהודה,,פסטרמה הודו פרפר חוט,קילוגרמים,1.00,"ק""ג",true,,65.00,65.0000,true,1,22355
382,true,חזה הודו מעודן,מעדני בשר יהודה,,חזה הודו מעודן,קילוגרמים,1.00,"ק""ג",true,,95.00,95.0000,true,1,23378
385,true,פסטרמה חזה הודו,מעדני בשר יהודה,,"פסטרמה חזה הודו בוז""",קילוגרמים,1.00,"ק""ג",true,,59.00,59.0000,true,1,25789
387,true,קבנוס/ קבנוס פיקנטי,מעדני בשר יהודה,,קבנוס/ קבנוס פיקנטי,קילוגרמים,1.00,"ק""ג",true,,59.00,59.0000,true,1,26407
388,true,פריזר תה מעושן,מעדני בשר יהודה,,פריזר תה מעושן,קילוגרמים,1.00,"ק""ג",true,,37.00,37.0000,true,1,24541
389,true,נקניקיות פס אדום/ שח,מעדני בשר יהודה,,נקניקיות פס אדום/ שח,קילוגרמים,1.00,"ק""ג",true,,29.00,29.0000,true,1,26408
392,true,נקניק צרקסקיה,,,נקניק צרקסקיה,קילוגרמים,1.00,"ק""ג",true,,119.00,119.0000,true,1,24542
783,true,קוטלט הודו,מעדני רובינשטיין תעש,,קוטלט הודו,קילוגרמים,1.00,"ק""ג",true,,129.00,129.0000,true,1,23331
800,true,תה מעושן רחב,נקניק נהריה כשר זוגל,,תה מעושן רחב,קילוגרמים,1.00,"ק""ג",true,,45.00,45.0000,true,1,24865
801,true,מעושן איטלקי,נקניק נהריה כשר זוגל,,מעושן איטלקי,קילוגרמים,1.00,"ק""ג",true,,75.00,75.0000,true,1,26108
839,true,סלמי יברייסקיה,מעדני מניה תעשיות בש,,סלמי יברייסקיה,קילוגרמים,1.00,"ק""ג",true,,149.00,149.0000,true,1,24282
845,true,סרדלקי סביניה,מעדני בשר השוקת,,סרדלקי סביניה,קילוגרמים,1.00,"ק""ג",true,,75.00,75.0000,true,1,25499
846,true,דוקטורסקיה דימוב,מעדני בשר השוקת,,דוקטורסקיה דימוב,קילוגרמים,1.00,"ק""ג",true,,85.00,85.0000,true,1,26713
847,true,מולוצניה דימוב,מעדני בשר השוקת,,"מולוצ""ניה דימוב",קילוגרמים,1.00,"ק""ג",true,,85.00,85.0000,true,1,26714
849,true,ליברניה,מעדני בשר השוקת,,ליברניה,קילוגרמים,1.00,"ק""ג",true,,79.00,79.0000,true,1,23866
855,true,מוסקובסקיה דימוב,מעדני בשר השוקת,,מוסקובסקיה דימוב,קילוגרמים,1.00,"ק""ג",true,,135.00,135.0000,true,1,22729
861,true,בראונשווייגסקיה חי,מעדני בשר השוקת,,בראונשווייגסקיה חי,קילוגרמים,1.00,"ק""ג",true,,159.00,159.0000,true,1,25502
862,true,מוסקובסקיה דימוב חי,מעדני בשר השוקת,,מוסקובסקיה דימוב חי,קילוגרמים,1.00,"ק""ג",true,,159.00,159.0000,true,1,23351
863,true,סרוולט דימוב חי,מעדני בשר השוקת,,סרוולט דימוב חי,קילוגרמים,1.00,"ק""ג",true,,159.00,159.0000,true,1,22731
865,true,וטצינה לארוחת בוקר,מעדני בשר השוקת,,"וטצ""ינה לארוחת בוקר",קילוגרמים,1.00,"ק""ג",true,,85.00,85.0000,true,1,24874
868,true,נקניק חי סרוולט בלגי,קרלברג ייצור ושיווק,,נקניק חי סרוולט בלגי דימוב,קילוגרמים,1.00,"ק""ג",true,,169.00,169.0000,true,1,54340
873,true,נקניק חי איטלקי דימו,מעדני בשר השוקת,,נקניק חי איטלקי דימוב,קילוגרמים,1.00,"ק""ג",true,,159.00,159.0000,true,1,75622
888,true,נקניק חי סלמי סוגוק,ישרקו שיווק מותגי מז,,נקניק  חי סלמי סוגוק,קילוגרמים,1.00,"ק""ג",true,,155.00,155.0000,true,1,95456
910,true,קוטלט מעושן חצי,מעדני בשר השוקת,,קוטלט מעושן חצי,קילוגרמים,1.00,"ק""ג",true,,99.00,99.0000,true,1,23355
911,true,פולקה איטלקי,מעדני בשר השוקת,,פולקה איטלקי,קילוגרמים,1.00,"ק""ג",true,,95.00,95.0000,true,1,23356
915,true,לוביטלסקיה חצי,מעדני בשר השוקת,,לוביטלסקיה חצי,קילוגרמים,1.00,"ק""ג",true,,85.00,85.0000,true,1,26120
917,true,דוקטורסקיה חצי,מעדני בשר השוקת,,דוקטורסקיה חצי,קילוגרמים,1.00,"ק""ג",true,,85.00,85.0000,true,1,24293
920,true,בוזנינה,מעדני בשר השוקת,,"בוז""נינה",קילוגרמים,1.00,"ק""ג",true,,109.00,109.0000,true,1,25512
921,true,יאזיקוביה חצי,מעדני בשר השוקת,,יזיקובה חצי,קילוגרמים,1.00,"ק""ג",true,,85.00,85.0000,true,1,25513
922,true,סינטה חצי עם פלפל/ ש,מעדני בשר השוקת,,סינטה חצי בטעמים,קילוגרמים,1.00,"ק""ג",true,,99.00,99.0000,true,1,26725
931,true,פסטרמה עם שפק שלם,מעדני בשר השוקת,,פסטרמה עם שפק שלם,קילוגרמים,1.00,"ק""ג",true,,79.00,79.0000,true,1,26726
943,true,אודסקיה,מעדני בשר השוקת,,אודסקיה,קילוגרמים,1.00,"ק""ג",true,,79.00,79.0000,true,1,24894
951,true,סלמי פיקולו,,,סלמי פיקולו,קילוגרמים,1.00,"ק""ג",true,,169.00,169.0000,true,1,47839
952,true,נקניק הרץ בעישון קר,,,נקניק הרץ בעישון קר,קילוגרמים,1.00,"ק""ג",true,,165.00,165.0000,true,1,47834
961,true,שפק מעושן חצי,מעדני בשר השוקת,,שפק מעושן -חצי,קילוגרמים,1.00,"ק""ג",true,,139.00,139.0000,true,1,23911
987,true,סרוולט הונגרי,,,פריט לא קיים,קילוגרמים,1.00,"ק""ג",true,,199.00,199.0000,true,1,126513
988,true,נקניק סרוולט,,,סרוולט,קילוגרמים,1.00,"ק""ג",true,,159.00,159.0000,true,1,125420
989,true,נקניק סלמי צרפתי,,,סלמי צרפתי,קילוגרמים,1.00,"ק""ג",true,,159.00,159.0000,true,1,125421
1001,true,שאריות אסורטי,,,שאריות אסורטי,קילוגרמים,1.00,"ק""ג",true,,49.00,49.0000,true,1,22127
1079,true,חזה בקר מעושן,קרלברג ייצור ושיווק,,מוסקובסקייה,קילוגרמים,1.00,"ק""ג",true,,76.00,76.0000,true,1,80227
1080,true,חזה בקר צילי,,,נקניק פלרמו,קילוגרמים,1.00,"ק""ג",true,,76.00,76.0000,true,1,96765
1115,true,נקניקיות וינה,מעדני מניה תעשיות בש,,נקניקיות וינה,קילוגרמים,1.00,"ק""ג",true,,35.00,35.0000,true,1,25529
1123,true,פלרמו שלם,מעדני מניה תעשיות בש,,פלרמו שלם,קילוגרמים,1.00,"ק""ג",true,,159.00,159.0000,true,1,26154
1171,true,פסטרמה הודו בדבש,קרלברג ייצור ושיווק,,נקניק אגוזית,קילוגרמים,1.00,"ק""ג",true,,59.00,59.0000,true,1,80237
1172,true,פסטרמה הודו גחלים,קרלברג ייצור ושיווק,,נקניק צרסקיה,קילוגרמים,1.00,"ק""ג",true,,59.00,59.0000,true,1,80231
1173,true,פסטרמה הודו פלפל,קרלברג ייצור ושיווק,,נקניק דבוריאנסקיה,קילוגרמים,1.00,"ק""ג",true,,59.00,59.0000,true,1,80233
1175,true,חזה אווז מעושן,קרלברג ייצור ושיווק,,נקניק ונסקיה,קילוגרמים,1.00,"ק""ג",true,,175.00,175.0000,true,1,80238
1177,true,כתף בקר בצילי,קרלברג ייצור ושיווק,,טורינו חי,קילוגרמים,1.00,"ק""ג",true,,85.00,85.0000,true,1,80235
1178,true,כתף בקר בשום,קרלברג ייצור ושיווק,,נקניק הרץ שלם,קילוגרמים,1.00,"ק""ג",true,,85.00,85.0000,true,1,80232
1179,true,חזה בקר פלפל,קרלברג ייצור ושיווק,,נקניק מוסקובסקיה/לבו,קילוגרמים,1.00,"ק""ג",true,,76.00,76.0000,true,1,80236
1200,true,פסטרמה לבנה רוסית בש,ישרקו שיווק מותגי מז,,פסטרמה לבנה רוסית בשום,קילוגרמים,1.00,"ק""ג",true,,119.00,119.0000,true,1,21908
1218,true,פסטרמה הודו עם אווז,ישרקו שיווק מותגי מז,,פסטרמה הודו עם אווז,קילוגרמים,1.00,"ק""ג",true,,139.00,139.0000,true,1,22019
1319,true,פריזר ילדים,זילבר תעשיות מוצרי ב,,פריזר ילדים,קילוגרמים,1.00,"ק""ג",true,,65.00,65.0000,true,1,130791
1320,true,שולטר אמריקאי מעושן,זילבר תעשיות מוצרי ב,,שולטר אמריקאי מעושן,קילוגרמים,1.00,"ק""ג",true,,109.00,109.0000,true,1,126155
1329,true,נקניק ראש בבוט,זילבר תעשיות מוצרי ב,,נקניק ראש בבוט,קילוגרמים,1.00,"ק""ג",true,,69.00,69.0000,true,1,50059
1341,true,שוק צועני ציגאיינר,,,שוק צועני ציגאיינר,קילוגרמים,1.00,"ק""ג",true,,139.00,139.0000,true,1,121808
1346,true,שינקן פולני,,,שנקן חצי/מבושל,קילוגרמים,1.00,"ק""ג",true,,139.00,139.0000,true,1,112686
1363,true,סרדלקי עוף,מעדני בשר יהודה,,סרדלקי עוף,קילוגרמים,1.00,"ק""ג",true,,35.00,35.0000,true,1,51320
1364,true,סרדלקי עגל בוואקום,מעדני בשר יהודה,,סרדלקי עגל בוואקום,קילוגרמים,1.00,"ק""ג",true,,35.00,35.0000,true,1,78409
1371,true,כתף בקר,מעדני בשר יהודה,,כתף בקר,קילוגרמים,1.00,"ק""ג",true,,95.00,95.0000,true,1,25161
1372,true,פריזר מעושן פרימיום,מעדני בשר יהודה,,פריזר מעושן פרימיום,קילוגרמים,1.00,"ק""ג",true,,45.00,45.0000,true,1,73715
1374,true,רוסטביף,מעדני בשר יהודה,,רוסטביף,קילוגרמים,1.00,"ק""ג",true,,95.00,95.0000,true,1,25613
1376,true,פסטרמה הודו  פרפר בר,מעדני בשר יהודה,,פסטרמה פרפר הודו ברשת,קילוגרמים,1.00,"ק""ג",true,,65.00,65.0000,true,1,51531
1377,true,נקניק ביתי דיברובסקי,מעדני בשר יהודה,,נקניק ביתי דיברובסקיה,קילוגרמים,1.00,"ק""ג",true,,65.00,65.0000,true,1,73914
1379,true,נקניק תה רוסי מיני,זילבר תעשיות מוצרי ב,,פריזר ילדים,קילוגרמים,1.00,"ק""ג",true,,69.00,69.0000,true,1,72867
1389,true,נקניקיות פס אדום/שחו,מעדני בשר יהודה,,נקניקיות פס אדום/שחור בוואקום,קילוגרמים,1.00,"ק""ג",true,,29.00,29.0000,true,1,49566
1394,true,פסטרמה סטוליצניה,"ולדמן ביח""ר לנקניק ו",,פסטרמה סטוליצניה,קילוגרמים,1.00,"ק""ג",true,,135.00,135.0000,true,1,95763
1530,true,שפק אוקראינסקי,מעדני מניה תעשיות בש,,מינסקייה חי שלם,קילוגרמים,1.00,"ק""ג",true,,125.00,125.0000,true,1,23506
1592,true,נקניקיות בוואריה,,,פירורי לחם,קילוגרמים,1.00,"ק""ג",true,,35.00,35.0000,true,1,120550
1840,true,נקניקיות שמנת אישי ב,,,נקניקיות שמנת אישי בוואקום של דימוב,קילוגרמים,1.00,"ק""ג",true,,79.00,79.0000,true,1,129412
1842,true,נקניקיות שוויצרסקיה,,,נקניקיות שוויצרסקיה בוואקום,קילוגרמים,1.00,"ק""ג",true,,89.00,89.0000,true,1,116358
1846,true,נקניק דוקטורסקיה דימ,,,נקניק דוקטורסקיה דימוב,קילוגרמים,1.00,"ק""ג",true,,85.00,85.0000,true,1,107963
1847,true,נקניק מולוצניה דימוב,,,נקניק מולוצניה דימוב,קילוגרמים,1.00,"ק""ג",true,,85.00,85.0000,true,1,107964
1857,true,סלמי פינסקיה דימוב ש,מעדני בשר השוקת,,סלמי פינסקיה דימוב שלם,קילוגרמים,1.00,"ק""ג",true,,96.00,96.0000,true,1,25043
1865,true,ויטצינה לארוחת בוקר,,,ויטצינה לארוחת בוקר דימוב,קילוגרמים,1.00,"ק""ג",true,,85.00,85.0000,true,1,107965
1895,true,גרודינקה,מעדני בשר השוקת,,גרודינקה,קילוגרמים,1.00,"ק""ג",true,,139.00,139.0000,true,1,24453
1910,true,קוטלט מעושן בואקום,,,קוטלט מעושן בואקום,קילוגרמים,1.00,"ק""ג",true,,99.00,99.0000,true,1,129409
1943,true,נקניק אודסקיה אישי ב,,,נקניק אודסקיה אישי בואקום,קילוגרמים,1.00,"ק""ג",true,,79.00,79.0000,true,1,129411
1961,true,שפק מעושן גוש בואקום,,,שפק מעושן גוש בואקום,קילוגרמים,1.00,"ק""ג",true,,139.00,139.0000,true,1,129408
2000,true,גבינה קשקבל חצי קשה,,,גבינה קשקבל חצי קשה מחלב כבשים,קילוגרמים,1.00,"ק""ג",true,,119.00,119.0000,true,1,22988
2020,true,גבינה גאודה הולנדית,,,גבינה גאודה הולנדית לימונצלו חלב בקר,קילוגרמים,1.00,"ק""ג",true,,119.00,119.0000,true,1,50633
2073,true,תחליף גבינה גאודה מע,,,תחליף גבינה גאודה מעושנת,קילוגרמים,1.00,"ק""ג",true,,79.00,79.0000,true,1,101231
2083,true,בסגנון גאודה,,,תחליף גבינה גאודה גולד,קילוגרמים,1.00,"ק""ג",true,,69.00,69.0000,true,1,101223
2085,true,בסגנון מאסדם,,,תחליף גבינה מאסדם גולד,קילוגרמים,1.00,"ק""ג",true,,69.00,69.0000,true,1,101224
2086,true,תחליף גבינה בארון,,,תחליף גבינה בארון,קילוגרמים,1.00,"ק""ג",true,,79.00,79.0000,true,1,101226
2094,true,תחליף גבינה דניש קומ,מחלבת עברי,,גבינה צפתית חצי קשה 9%,קילוגרמים,1.00,"ק""ג",true,,69.00,69.0000,true,1,99086
2099,true,גבינת טבורוג 0.5%,,,גבינת טבורוג 0.5%,קילוגרמים,1.00,"ק""ג",true,,29.00,29.0000,true,1,50776
2101,true,גבינה קשה מנצגו מחלב,,,גבינה קשה מנצגו מחלב כבשים,קילוגרמים,1.00,"ק""ג",true,,179.00,179.0000,true,1,25703
2111,true,גבינת טבורוג 16%,,,גבינת טבורוג 16%,קילוגרמים,1.00,"ק""ג",true,,42.00,42.0000,true,1,22165
2126,true,גבינה רולדה לבנה מחל,,,גבינה רולדה לבנה מחלב עיזים,קילוגרמים,1.00,"ק""ג",true,,149.00,149.0000,true,1,75946
2127,true,רולדה גבינת עיזים בט,,,רולדה גבינת עיזים בטעמים,קילוגרמים,1.00,"ק""ג",true,,149.00,149.0000,true,1,75947
2130,true,גבינה גאודה פסטו ירו,,,גבינת גאודה פסטו ירוק,קילוגרמים,1.00,"ק""ג",true,,119.00,119.0000,true,1,79843
2136,true,גבינה בולגרית לגירוד,,,גבינה ריקוטה,קילוגרמים,1.00,"ק""ג",true,,35.00,35.0000,true,1,98914
2144,true,תחליף גבינה גאודה עם,,,תחליף גבינה גאודה עם חמניות,קילוגרמים,1.00,"ק""ג",true,,79.00,79.0000,true,1,101236
2145,true,תחליף גבינה גאודה עם,,,תחליף גבינה גאודה עם עגבניות ושום,קילוגרמים,1.00,"ק""ג",true,,79.00,79.0000,true,1,101237
2149,true,תחליף גבינת פיצה בלו,,,תחליף גבינת גרנד פיצה,קילוגרמים,1.00,"ק""ג",true,,49.00,49.0000,true,1,104093
2156,true,ברינזה,מחלבת ציפורי הגלילית,,ברינזה,קילוגרמים,1.00,"ק""ג",true,,55.00,55.0000,true,1,22278
2168,true,תחליף גבינה ריבר בלו,,,תחליף גבינת ריבר סטרונג,קילוגרמים,1.00,"ק""ג",true,,79.00,79.0000,true,1,104094
2169,true,תחליף גבינה פטה לבן,,,גבינה פטה לבן,קילוגרמים,1.00,"ק""ג",true,,24.00,24.0000,true,1,115176
2170,true,קאש 5%,טריקטה,,קאש 5%,קילוגרמים,1.00,"ק""ג",true,,42.00,42.0000,true,1,102614
2171,true,גבינה צדר עם חמוציות,טריקטה,,גבינה צדר עם חמוציות,קילוגרמים,1.00,"ק""ג",true,,159.00,159.0000,true,1,102613
2180,true,גבינת גאודה חרדל,,,גבינת גאודה חרדל,קילוגרמים,1.00,"ק""ג",true,,119.00,119.0000,true,1,109389
2186,true,גבינה גרוייר שוויצרי,,,גבינה גרוייר שוויצרי קלאסי,קילוגרמים,1.00,"ק""ג",true,,229.00,229.0000,true,1,109403
2190,true,גבינה צדר מיושן,,,גבינה צדר מיושן,קילוגרמים,1.00,"ק""ג",true,,129.00,129.0000,true,1,109406
2193,true,גבינה גאודה שום,,,גבינה גאודה שום,קילוגרמים,1.00,"ק""ג",true,,119.00,119.0000,true,1,109397
2198,true,שמנת חמוצה 15%,,,שמנת חמוצה 15%,קילוגרמים,1.00,"ק""ג",true,,19.00,19.0000,true,1,141607
2236,true,גבינה אולד אמסטרדם ג,,,"גבינה באוסקס/ריז""סקי",קילוגרמים,1.00,"ק""ג",true,,149.00,149.0000,true,1,22282
2241,true,חטיפי גבינה מעושנת ב,,,חטיפי גבינה מעושנת בטעמים,קילוגרמים,1.00,"ק""ג",true,,99.00,99.0000,true,1,25076
2253,true,גבינה גאודה חלפניו,,,גבינה גאודה חלפניו,קילוגרמים,1.00,"ק""ג",true,,115.00,115.0000,true,1,25713
2260,true,גבינה גאודה צילי,לנדנה,,גבינה גאודה צילי,קילוגרמים,1.00,"ק""ג",true,,99.00,99.0000,true,1,97955
2269,true,גבינה צדר אנגלי,,,גבינה צדר אנגלי,קילוגרמים,1.00,"ק""ג",true,,89.00,89.0000,true,1,114739
2271,true,גבינה קשה כבשים כמהי,,,גבינה קשה כבשים כמהין,קילוגרמים,1.00,"ק""ג",true,,199.00,199.0000,true,1,120320
2277,true,גבינה גרוייר ריזרב מ,,,גבינה גרוייר ריזרב משולש,קילוגרמים,1.00,"ק""ג",true,,199.00,199.0000,true,1,120933
2477,true,גבינה ברי צרפתית,,,גבינה ברי צרפתית,קילוגרמים,1.00,"ק""ג",true,,119.00,119.0000,true,1,112214
2510,true,גבינה עמק,,,עמק משקל,קילוגרמים,1.00,"ק""ג",true,,44.79,44.7900,true,1,25098
2512,true,גבינה טל העמק,,,גבינה טל העמק,קילוגרמים,1.00,"ק""ג",true,,59.00,59.0000,true,1,23029
2514,true,קולאז רוקפור חריץ,,,"קולאז"" רוקפור חריץ",קילוגרמים,1.00,"ק""ג",true,,129.00,129.0000,true,1,26349
2517,true,גבינה סקנדינבית,,,גבינה סקנדינבית,קילוגרמים,1.00,"ק""ג",true,,77.00,77.0000,true,1,22308
2520,true,גבינה בולגרית 24%,,,גבינה בולגרית 24%,קילוגרמים,1.00,"ק""ג",true,,55.00,55.0000,true,1,26351
2651,true,תחליף גבינה אליטני,טרה פוד,,תחליף גבינה אליטני,קילוגרמים,1.00,"ק""ג",true,,49.00,49.0000,true,1,25110
2655,true,גבינה שוויצרי,ספומלק,,גבינה שוויצרי,קילוגרמים,1.00,"ק""ג",true,,72.00,72.0000,true,1,48818
2656,true,גבינה סלמי,ספומלק,,גבינה סלמי,קילוגרמים,1.00,"ק""ג",true,,59.00,59.0000,true,1,48819
2657,true,פילה דג הרינג מלוח,,,תחליף גבינה דונסקוי,קילוגרמים,1.00,"ק""ג",true,,39.00,39.0000,true,1,48820
2659,true,גבינה קייבסקי,רוקי,,גבינה קייבסקי,קילוגרמים,1.00,"ק""ג",true,,72.00,72.0000,true,1,49583
2689,true,תחליף גבינה גורמן מע,,,תחליף גבינה גורמן מעושן,קילוגרמים,1.00,"ק""ג",true,,69.00,69.0000,true,1,105295
2690,true,תחליף גבינה סבליה,סבליה,,תחליף גבינה סבליה,קילוגרמים,1.00,"ק""ג",true,,69.00,69.0000,true,1,105966
2691,true,תחליף גבינה דברו,סבליה,,תחליף גבינה דברו,קילוגרמים,1.00,"ק""ג",true,,69.00,69.0000,true,1,105967
2692,true,תחליף גבינה רוסייסקי,סבליה,,תחליף גבינה רוסייסקי,קילוגרמים,1.00,"ק""ג",true,,69.00,69.0000,true,1,105968
2704,true,תחליף גבינה שום שמיר,,,תחליף גבינה שום שמיר,קילוגרמים,1.00,"ק""ג",true,,45.00,45.0000,true,1,115177
2763,true,גבינה פרימדונה,,,גבינה פרימדונה,קילוגרמים,1.00,"ק""ג",true,,199.00,199.0000,true,1,113857
2844,true,שאריות גבינה,,,שאריות גבינה,קילוגרמים,1.00,"ק""ג",true,,35.00,35.0000,true,1,23046
2846,true,חתיכות גבינה,,,פירורי גבינה,קילוגרמים,1.00,"ק""ג",true,,45.00,45.0000,true,1,25756
2894,true,גבינת ברי פטריות,,,גבינת ברי פטריות,קילוגרמים,1.00,"ק""ג",true,,189.00,189.0000,true,1,25125
2900,true,גבינה צדר טריפל,שבינגטון,,גבינה צדר טריפל,קילוגרמים,1.00,"ק""ג",true,,139.00,139.0000,true,1,99765
2940,true,גבינת גאודה אגוזים,,,גבינת גאודה אגוזים ה,קילוגרמים,1.00,"ק""ג",true,,139.00,139.0000,true,1,22785
2972,true,כדורי מוצרלה בופלו,,,כדורי מוצרלה בופלו,קילוגרמים,1.00,"ק""ג",true,,149.00,149.0000,true,1,96021
3054,true,גאודה עיזים בלייכן,,,גאודה עיזים בלייכן,קילוגרמים,1.00,"ק""ג",true,,159.00,159.0000,true,1,121016
3113,true,פרזסקיה אלכסון,מעדני בשר השוקת,,פרזסקיה  אלכסון,קילוגרמים,1.00,"ק""ג",true,,145.00,145.0000,true,1,113406
3182,true,גבינה בולגרית עיזים,,,גבינה בולגרית עיזים 22%,קילוגרמים,1.00,"ק""ג",true,,95.00,95.0000,true,1,129867
4100,true,סוכריות 29.00,,,סוכריות 29.00,קילוגרמים,1.00,"ק""ג",true,,29.00,29.0000,true,1,25793
4101,true,סוכריות 39.00,,,סוכריות 39.00,קילוגרמים,1.00,"ק""ג",true,,39.00,39.0000,true,1,73371
4102,true,סוכריות 49.00,,,סוכריות 49.00,קילוגרמים,1.00,"ק""ג",true,,49.00,49.0000,true,1,73373
4103,true,סוכריות 59.00,,,סוכריות 59.00,קילוגרמים,1.00,"ק""ג",true,,59.00,59.0000,true,1,22376
4104,true,סוכריות 69.00,,,סוכריות 69.00,קילוגרמים,1.00,"ק""ג",true,,69.00,69.0000,true,1,25794
4105,true,סוכריות 79.00,,,סוכריות 79.00,קילוגרמים,1.00,"ק""ג",true,,79.00,79.0000,true,1,23956
4106,true,סוכריות 89.00,,,סוכריות 89.00,קילוגרמים,1.00,"ק""ג",true,,89.00,89.0000,true,1,73372
4107,true,סוכריות 99.00,,,סוכריות 99.00,קילוגרמים,1.00,"ק""ג",true,,99.00,99.0000,true,1,22814
4108,true,סוכריות 19.00,,,סוכריות 19.00,קילוגרמים,1.00,"ק""ג",true,,19.00,19.0000,true,1,26422
4109,true,סוכריות 119.00,,,סוכריות 119.00,קילוגרמים,1.00,"ק""ג",true,,119.00,119.0000,true,1,23957
4110,true,סוכריות 129.00,,,סוכריות 129.00,קילוגרמים,1.00,"ק""ג",true,,129.00,129.0000,true,1,73374
4112,true,סוכריות 109.00,,,סוכריות 109.00,קילוגרמים,1.00,"ק""ג",true,,109.00,109.0000,true,1,26423
4751,true,שוקולד כריסמס,,,שוקולד כריסמס,קילוגרמים,1.00,"ק""ג",true,,99.00,99.0000,true,1,24585
5300,true,תחליף גבינה גאודה עם,,,תחליף גבינה גאודה עם טימין,קילוגרמים,1.00,"ק""ג",true,,79.00,79.0000,true,1,137977
5301,true,תחליף גבינה מאסדם מע,,,תחליף גבינה מאסדם מעושן,קילוגרמים,1.00,"ק""ג",true,,79.00,79.0000,true,1,137976
5310,true,גבינה מעושנת קשה 27%,,,גבינה מעושנת קשה 27%,קילוגרמים,1.00,"ק""ג",true,,79.00,79.0000,true,1,135099
5652,true,קוליץ קטן 130 גר,קונסטנטין שיווק מוצר,,"קוליץ"" קטן 130גר""",גרמים,130.00,100 גרם,false,1,10.90,8.3846,true,1,24623
5750,true,חלווה חמניות בטעמים,סידשלף,,חלווה חמניות בטעמים,קילוגרמים,1.00,"ק""ג",true,,29.00,29.0000,true,1,25259
5867,true,חלווה וניל/שוקולד/שי,,,חלווה וניל/שוקולד/שיש,קילוגרמים,1.00,"ק""ג",true,,39.00,39.0000,true,1,23562
5870,true,חלווה ללא סוכר,,,חלבה ללא סוכר,קילוגרמים,1.00,"ק""ג",true,,49.00,49.0000,true,1,102025
5871,true,קוקוס/חלביצה/קריש,,,קוקוס/חלביצה/קריש,קילוגרמים,1.00,"ק""ג",true,,49.00,49.0000,true,1,103013
5874,true,חלווה בטעמים,,,חלבה עם פיסטוק/שקדים/חמוציות/תפוז,קילוגרמים,1.00,"ק""ג",true,,49.00,49.0000,true,1,107795
6106,true,גזר קוריאני,סלטי עמים ברדה,,גזר קוריאני,קילוגרמים,1.00,"ק""ג",true,,39.00,39.0000,true,1,26516
6115,true,זית סורי,,,זית סורי,קילוגרמים,1.00,"ק""ג",true,,49.00,49.0000,true,1,108570
6116,true,זית על האש,,,זית על האש,קילוגרמים,1.00,"ק""ג",true,,59.00,59.0000,true,1,108568
6123,true,כרוב בולגרי,סלטי עמים ברדה,,כרוב בולגרי,קילוגרמים,1.00,"ק""ג",true,,29.00,29.0000,true,1,25276
6133,true,כרוב במלח עם חמוציות,סלטי עמים ברדה,,כרוב במלח עם חמוציות,קילוגרמים,1.00,"ק""ג",true,,29.00,29.0000,true,1,24056
6140,true,גבינה אמנטל,,,גבינה אמנטל,קילוגרמים,1.00,"ק""ג",true,,129.00,129.0000,true,1,22511
6142,true,מלפפון בייבי מובחר ב,,,מלפפון בייבי מובחר במלח,קילוגרמים,1.00,"ק""ג",true,,39.00,39.0000,true,1,49320
6143,true,גבינה קממבר כבשים כמ,,,גבינה קממבר כבשים כמהין,קילוגרמים,1.00,"ק""ג",true,,159.00,159.0000,true,1,110441
6145,true,זיתים שחורים/ירוקים,,,זיתים שחורים/ירוקים ממולא גבינת שמנת,קילוגרמים,1.00,"ק""ג",true,,149.00,149.0000,true,1,110442
6147,true,גבינה גאודה ברביקיו,,,גבינה גאודה ברביקיו,קילוגרמים,1.00,"ק""ג",true,,219.00,219.0000,true,1,110444
6148,true,גבינה גאודה קימל,,,גבינה גאודה קימל,קילוגרמים,1.00,"ק""ג",true,,139.00,139.0000,true,1,110440
6153,true,גבינה קברה,,,פריט לא קיים,קילוגרמים,1.00,"ק""ג",true,,149.00,149.0000,true,1,116805
6159,true,גבינה טרופדו כמהין,,,פריט לא קיים,קילוגרמים,1.00,"ק""ג",true,,229.00,229.0000,true,1,116806
6160,true,גבינה מגורדת טריפל,,,גבינה מגורדת טריפל,קילוגרמים,1.00,"ק""ג",true,,69.00,69.0000,true,1,113089
6161,true,גבינה מגורדת עיזים ג,,,גבינה מגורדת עיזים גאודה,קילוגרמים,1.00,"ק""ג",true,,99.00,99.0000,true,1,113090
6166,true,גבינה מנצגו חום,,,גבינה מנצגו חום,קילוגרמים,1.00,"ק""ג",true,,139.00,139.0000,true,1,113178
6167,true,גבינה מנצגו רוזמרין/,,,גבינה מנצגו רוזמרין/יין אדום,קילוגרמים,1.00,"ק""ג",true,,159.00,159.0000,true,1,113177
6176,true,גבינה אל וינו,,,פריט לא קיים,קילוגרמים,1.00,"ק""ג",true,,179.00,179.0000,true,1,116804
6177,true,גבינה גאודה איטלקית,,,פריט לא קיים,קילוגרמים,1.00,"ק""ג",true,,139.00,139.0000,true,1,127420
6180,true,זית ירוק עם גרעין,,,זית ירוק עם גרעין,קילוגרמים,1.00,"ק""ג",true,,59.00,59.0000,true,1,52277
6181,true,זית שחור עם גרעין,,,זית שחור עם גרעין,קילוגרמים,1.00,"ק""ג",true,,59.00,59.0000,true,1,52281
6182,true,זית ירוק ממולא שום,,,זיתים ממולאים,קילוגרמים,1.00,"ק""ג",true,,59.00,59.0000,true,1,52278
6183,true,זית שחור מגולען,,,זית שחור מגולען,קילוגרמים,1.00,"ק""ג",true,,69.00,69.0000,true,1,52280
6184,true,זית שחור יבש מרוקאי,,,זית שחור יבש מרוקאי,קילוגרמים,1.00,"ק""ג",true,,59.00,59.0000,true,1,52279
6187,true,זית ירוק מעדן איטלקי,,,זית ירוק מעדן איטלקי,קילוגרמים,1.00,"ק""ג",true,,59.00,59.0000,true,1,75020
6194,true,גבינה גאודה טריקולור,,,ראש סלמון מעושן,קילוגרמים,1.00,"ק""ג",true,,189.00,189.0000,true,1,128037
6203,true,טבורוג 9% פרמרסקי,,,טבורוג 9% פרמרסקי,קילוגרמים,1.00,"ק""ג",true,,39.00,39.0000,true,1,129682
6208,true,כדורי לאבנה בשמן,,,סלט ירקות ברביקיו/בי,קילוגרמים,1.00,"ק""ג",true,,119.00,119.0000,true,1,129684
6218,true,בולגרית כבשים,,,סלט תירס עם פיטריות,קילוגרמים,1.00,"ק""ג",true,,95.00,95.0000,true,1,129697
6238,true,גבינה טרטופו כמהין ע,,,גבינה טרטופו כמהין עזים,קילוגרמים,1.00,"ק""ג",true,,209.00,209.0000,true,1,133340
6364,true,גבינה רוקפור דייניש,,,גבינה רוקפור דייניש בלו,קילוגרמים,1.00,"ק""ג",true,,145.00,145.0000,true,1,100039
6380,true,גבינה טבורוג שוקולד,,,מקרל קר,קילוגרמים,1.00,"ק""ג",true,,59.00,59.0000,true,1,24665
6383,true,שום כבוש,,,שום כבוש,קילוגרמים,1.00,"ק""ג",true,,89.00,89.0000,true,1,25297
6388,true,ירקות חמוצים מעורבים,,,ירקות חמוצים מעורבים,קילוגרמים,1.00,"ק""ג",true,,59.00,59.0000,true,1,102417
6394,true,גבינה צדר כתום אנגלי,,,גבינה צדר כתום אנגלי,קילוגרמים,1.00,"ק""ג",true,,129.00,129.0000,true,1,111949
6395,true,גבינה שברה/בושה עיזי,,,גבינה שברה עיזים,קילוגרמים,1.00,"ק""ג",true,,159.00,159.0000,true,1,111951
6397,true,גבינה גאודה עיזים,,,גבינה גאודה עיזים,קילוגרמים,1.00,"ק""ג",true,,159.00,159.0000,true,1,111956
6398,true,גבינה אולד אמסטרדם,,,גבינה אולד אמסטרדם,קילוגרמים,1.00,"ק""ג",true,,189.00,189.0000,true,1,111953
6400,true,גבינה דנבלו,,,גבינה דנה בלו,קילוגרמים,1.00,"ק""ג",true,,99.00,99.0000,true,1,24668
6402,true,גבינה פרמזן איטלקי,,,גבינה פרמזן איטלקי,קילוגרמים,1.00,"ק""ג",true,,129.00,129.0000,true,1,111957
6405,true,כדורי מוצרלה,,,כדורי מוצרלה,קילוגרמים,1.00,"ק""ג",true,,99.00,99.0000,true,1,111958
6407,true,אצבעות שוקולד,,,אצבעות שוקולד בטעמים,קילוגרמים,1.00,"ק""ג",true,,69.00,69.0000,true,1,111950
6408,true,גבינה טבורוג וניל/דו,,,גבינה טבורוג וניל/דובדבן/חמוציות/צימוקים,קילוגרמים,1.00,"ק""ג",true,,49.00,49.0000,true,1,111952
6414,true,טבורוג כפרי,,,טבורוג כפרי,קילוגרמים,1.00,"ק""ג",true,,36.00,36.0000,true,1,112703
6419,true,זית קלמטה,,,זית קלמטה,קילוגרמים,1.00,"ק""ג",true,,69.00,69.0000,true,1,118109
6422,true,גבינה גרוזינית,,,גבינה גרוזינית,קילוגרמים,1.00,"ק""ג",true,,69.00,69.0000,true,1,111964
6424,true,גבינה חלומי,,,גבינה חלומי,קילוגרמים,1.00,"ק""ג",true,,89.00,89.0000,true,1,111966
6425,true,שמנת סליבקי,,,סליבקי,קילוגרמים,1.00,"ק""ג",true,,49.00,49.0000,true,1,111967
6426,true,שמנת חמוצה,,,שמנת חמוצה,קילוגרמים,1.00,"ק""ג",true,,22.00,22.0000,true,1,111968
6428,true,גבינה גאודה הולנדית,,,גבינה גאודה הולנדית,קילוגרמים,1.00,"ק""ג",true,,89.00,89.0000,true,1,111970
6429,true,גבינה מאסדם הולנדית,,,גבינה מסדאם הולנדית,קילוגרמים,1.00,"ק""ג",true,,89.00,89.0000,true,1,111971
6446,true,גבינה גאודה שום שחור,,,גבינה גאודה שום שחור,קילוגרמים,1.00,"ק""ג",true,,195.00,195.0000,true,1,113282
6448,true,גבינת גאודה זעתר,,,גבינת גאודה זעתר,קילוגרמים,1.00,"ק""ג",true,,159.00,159.0000,true,1,114138
6453,true,גבינה קשקבל,,BG,חציל תאילנדי,קילוגרמים,1.00,"ק""ג",true,,119.00,119.0000,true,1,52816
6460,true,זית ירוק מגולען,,,סלומון מעושן,קילוגרמים,1.00,"ק""ג",true,,69.00,69.0000,true,1,118111
6488,true,גבינת מנצגו עם שום פ,,,חציל במיונז,קילוגרמים,1.00,"ק""ג",true,,229.00,229.0000,true,1,119954
6491,true,גבינה גאודה פסטו עם,,,סלט טורקי,קילוגרמים,1.00,"ק""ג",true,,159.00,159.0000,true,1,118551
6511,true,כרוב צבוע/אביבי/סלט,סלטי עמים ברדה,,כרוב צבוע/אביבי/סלט,קילוגרמים,1.00,"ק""ג",true,,39.00,39.0000,true,1,25914
6589,true,גבינה אדם כדור,,NL,גבינה אדם כדור,קילוגרמים,1.00,"ק""ג",true,,79.00,79.0000,true,1,120466
6713,true,דג קילקה בלי ראש,,,דג קילקה בלי ראש,קילוגרמים,1.00,"ק""ג",true,,65.00,65.0000,true,1,99202
6723,true,סאלאקה מעושנת,,,סאלאקה  מעושנת,קילוגרמים,1.00,"ק""ג",true,,69.00,69.0000,true,1,105992
6982,true,דניס שלם מעושן,,,דניס שלם מעושן,קילוגרמים,1.00,"ק""ג",true,,139.00,139.0000,true,1,24680
6986,true,סלמון פרוס במליחות מ,,,סלמון פרוס במליחות מעודנת,קילוגרמים,1.00,"ק""ג",true,,199.00,199.0000,true,1,24096
6990,true,עגבניות שרי ממולאים,,,עגבניות שרי ממולאים שום ושמיר,קילוגרמים,1.00,"ק""ג",true,,79.00,79.0000,true,1,23600
6991,true,סלמון בייבי מעושן,,,סלמון בייבי מעושן,קילוגרמים,1.00,"ק""ג",true,,125.00,125.0000,true,1,26551
7108,true,קוויאר אדום גולד אקס,א.ר.ד.י.ו,,קוויאר אדום גולד אקסטרה,קילוגרמים,1.00,"ק""ג",true,,559.00,559.0000,true,1,98653
7320,true,טשה סלמון,הרמס דגים,,טשה סלמון,קילוגרמים,1.00,"ק""ג",true,,89.00,89.0000,true,1,25482
7321,true,פילה סלמון,הרמס דגים,,סלמון שלם/פילה סלמון,קילוגרמים,1.00,"ק""ג",true,,149.00,149.0000,true,1,24853
7322,true,דג שפרוטים קר/חם,הרמס דגים,,שפרוטים קר,קילוגרמים,1.00,"ק""ג",true,,85.00,85.0000,true,1,23320
7323,true,נילוס פרוס,הרמס דגים,,נילוס פרוס,קילוגרמים,1.00,"ק""ג",true,,169.00,169.0000,true,1,25483
7327,true,דג סלמון מעושן פרוס,הרמס דגים,,דג פורל/סלמון מעושן פרוס,קילוגרמים,1.00,"ק""ג",true,,149.00,149.0000,true,1,24257
7328,true,קילקה,הרמס דגים,,קילקה,קילוגרמים,1.00,"ק""ג",true,,45.00,45.0000,true,1,23819
7330,true,פילה הרינג מעושן,הרמס דגים,,פילה הרינג מעושן,קילוגרמים,1.00,"ק""ג",true,,49.00,49.0000,true,1,25484
7332,true,דג מקרל מעושן קר בשמ,הרמס דגים,,מקרל מעושן קר,קילוגרמים,1.00,"ק""ג",true,,89.00,89.0000,true,1,23322
7334,true,מקרל מעושן גדול,הרמס דגים,,מקרל מעושן גדול,קילוגרמים,1.00,"ק""ג",true,,89.00,89.0000,true,1,25485
7338,true,בטן הליבוט,הרמס דגים,,בטן הליבוט,קילוגרמים,1.00,"ק""ג",true,,69.00,69.0000,true,1,24259
7340,true,בייבי סלמון,הרמס דגים,,בייבי סלמון,קילוגרמים,1.00,"ק""ג",true,,129.00,129.0000,true,1,23324
7342,true,שאריות סלומון,הרמס דגים,,שאריות סלומון,קילוגרמים,1.00,"ק""ג",true,,89.00,89.0000,true,1,23822
7344,true,דג הליבוט (פלטוס),הרמס דגים,,דג הליבוט (פלטוס),קילוגרמים,1.00,"ק""ג",true,,159.00,159.0000,true,1,22703
7346,true,ממרח סלמון,הרמס דגים,,מויבה בלי ראש/איוסי,קילוגרמים,1.00,"ק""ג",true,,89.00,89.0000,true,1,22704
7348,true,דג רוטבש,הרמס דגים,,דג רוטבש,קילוגרמים,1.00,"ק""ג",true,,95.00,95.0000,true,1,23823
7350,true,בקלה מעושן חם,הרמס דגים,,בקלה מעושן חם,קילוגרמים,1.00,"ק""ג",true,,65.00,65.0000,true,1,50319
7351,true,דג מלוח גדול,הרמס דגים,,דג מלוח גדול,קילוגרמים,1.00,"ק""ג",true,,29.00,29.0000,true,1,50268
7384,true,דג מויבה מיובש,,,דג מויבה מיובשת,קילוגרמים,1.00,"ק""ג",true,,99.00,99.0000,true,1,125713
7386,true,דג מויבה מעושנת,,,דג מויבה מעושנת,קילוגרמים,1.00,"ק""ג",true,,75.00,75.0000,true,1,125712
7392,true,הרינג דונאי,,,הרינג דונאי,קילוגרמים,1.00,"ק""ג",true,,35.00,35.0000,true,1,138805
7393,true,לש מעושן,,,לש מעושן,קילוגרמים,1.00,"ק""ג",true,,75.00,75.0000,true,1,138806
7395,true,מקרל בעישון קר,,,מקרל בעישון קר,קילוגרמים,1.00,"ק""ג",true,,59.00,59.0000,true,1,138808
7412,true,גבינה בושה ספרדי,,,סלט אצות ים תאילנדי/,קילוגרמים,1.00,"ק""ג",true,,149.00,149.0000,true,1,120849
7413,true,גבינה גאודה שחורה לי,,,נבטים כבושים,קילוגרמים,1.00,"ק""ג",true,,239.00,239.0000,true,1,120952
7417,true,גבינה אמסטרדם פיסטוק,,,פטריות שמפניון/יער,קילוגרמים,1.00,"ק""ג",true,,159.00,159.0000,true,1,120953
7435,true,גבינה גאודה כמהין,,,גבינה גאודה כמהין,קילוגרמים,1.00,"ק""ג",true,,199.00,199.0000,true,1,121881
7450,true,גבינה גאודה עיזים דב,,,גבינה גאודה עיזים דבש,קילוגרמים,1.00,"ק""ג",true,,189.00,189.0000,true,1,122551
7459,true,נקניק מוצרלה,,,נקניק מוצרלה,קילוגרמים,1.00,"ק""ג",true,,69.00,69.0000,true,1,124640
7464,true,גבינה מוצרלה איטלקית,,,גבינה מוצרלה איטלקית,קילוגרמים,1.00,"ק""ג",true,,89.00,89.0000,true,1,125417
7473,true,גבינה פרובולונה מעוש,,,גבינה פרובולונה מעושן נקניק,קילוגרמים,1.00,"ק""ג",true,,139.00,139.0000,true,1,125947
7475,true,גבינה מנצגו דיאבלו,,,גבינה מנזגו דיאבלו,קילוגרמים,1.00,"ק""ג",true,,229.00,229.0000,true,1,126423
7601,true,דג מקרוסקה,,,דג מקרוסקה,קילוגרמים,1.00,"ק""ג",true,,129.00,129.0000,true,1,80118
9174,true,גריל עוף,,,גריל עוף,קילוגרמים,1.00,"ק""ג",true,,29.00,29.0000,true,1,23359
9184,true,פפריקה מתוקה,,,פפריקה מתוקה,קילוגרמים,1.00,"ק""ג",true,,29.00,29.0000,true,1,23873
9300,true,פלפל שחור טחון,,,פלפל שחור טחון,קילוגרמים,1.00,"ק""ג",true,,59.00,59.0000,true,1,52602
9301,true,פלפל שחור גרוס,,,פלפל שחור גרוס,קילוגרמים,1.00,"ק""ג",true,,59.00,59.0000,true,1,52601
9302,true,פלפל שחור שלם,,,פלפל שחור שלם,קילוגרמים,1.00,"ק""ג",true,,59.00,59.0000,true,1,52603
9304,true,פלפל אנגלי שלם,,,פלפל אנגלי שלם,קילוגרמים,1.00,"ק""ג",true,,69.00,69.0000,true,1,52605
9308,true,צילי מקסיקני,,,"צ""ילי מקסיקני",קילוגרמים,1.00,"ק""ג",true,,39.00,39.0000,true,1,52609
9309,true,פפריקה מתוקה,,,פפריקה מתוקה,קילוגרמים,1.00,"ק""ג",true,,39.00,39.0000,true,1,52890
9310,true,פפריקה מתוקה בשמן,,,פפריקה מתוקה בשמן,קילוגרמים,1.00,"ק""ג",true,,39.00,39.0000,true,1,52891
9311,true,פפריקה מתוקה מעושנת,,,פפריקה מתוקה מעושנת,קילוגרמים,1.00,"ק""ג",true,,59.00,59.0000,true,1,52612
9312,true,פפריקה חריפה,,,פפריקה חריפה,קילוגרמים,1.00,"ק""ג",true,,39.00,39.0000,true,1,52613
9313,true,כמון טחון,,,כמון טחון,קילוגרמים,1.00,"ק""ג",true,,49.00,49.0000,true,1,52624
9314,true,כורכום טחון,,,כורכום טחון,קילוגרמים,1.00,"ק""ג",true,,39.00,39.0000,true,1,52625
9315,true,שום גבישי דק,,,שום גבישי דק,קילוגרמים,1.00,"ק""ג",true,,49.00,49.0000,true,1,52626
9317,true,בצל מטוגן,,,בצל מטוגן,קילוגרמים,1.00,"ק""ג",true,,39.00,39.0000,true,1,52628
9323,true,זנגביל טחון,,,זנגביל טחון,קילוגרמים,1.00,"ק""ג",true,,69.00,69.0000,true,1,52632
9329,true,ציפורן שלם,,,ציפורן שלם,קילוגרמים,1.00,"ק""ג",true,,199.00,199.0000,true,1,52638
9330,true,עלי דפנה,,,עלי דפנה,קילוגרמים,1.00,"ק""ג",true,,39.00,39.0000,true,1,52639
9331,true,מלח לימון,,,מלח לימון,קילוגרמים,1.00,"ק""ג",true,,29.00,29.0000,true,1,52640
9332,true,קינמון טחון,,,קינמון טחון,קילוגרמים,1.00,"ק""ג",true,,49.00,49.0000,true,1,52641
9333,true,קינמון מקלות,,,קינמון מקלות,קילוגרמים,1.00,"ק""ג",true,,59.00,59.0000,true,1,52642
9342,true,תבלין לצלי בשר,,,תבלין לצלי בשר,קילוגרמים,1.00,"ק""ג",true,,59.00,59.0000,true,1,52651
9343,true,תבלין גריל עוף,,,תבלין גריל עוף,קילוגרמים,1.00,"ק""ג",true,,39.00,39.0000,true,1,52652
9344,true,תבלין פילדלפיה,,,תבלין פילדלפיה,קילוגרמים,1.00,"ק""ג",true,,59.00,59.0000,true,1,52653
9347,true,תבלין שוארמה,,,תבלין שוארמה,קילוגרמים,1.00,"ק""ג",true,,59.00,59.0000,true,1,52656
9356,true,תערובת לאורז אשפלוב,,,תערובת לאורז אשפלוב,קילוגרמים,1.00,"ק""ג",true,,69.00,69.0000,true,1,52662
9366,true,תערובת טוסקנה,,,תערובת טוסקנה,קילוגרמים,1.00,"ק""ג",true,,69.00,69.0000,true,1,53163
9400,true,ציפוי לשניצל,,,פירורי לחם/ציפוי לשניצל,קילוגרמים,1.00,"ק""ג",true,,29.00,29.0000,true,1,52615
10040,true,חלה רגילה 500 גר,מאפיית ברמן,,"חלה רגילה 500 גר""",גרמים,500.00,100 גרם,false,1,5.00,1.0000,true,1,21960
10094,true,פירושקי עם כרוב,,,פירושקי עם כרוב,Unknown,0.00,Unknown,false,1,5.90,0.0000,true,1,21881
10130,true,פיתה לעובד,,,פיתה לעובד,Unknown,0.00,Unknown,false,1,2.00,0.0000,false,1,21785
10211,true,פירושקי אפוי עם בשר,,,פירושקי אפוי עם בשר,Unknown,0.00,Unknown,false,1,6.90,0.0000,true,1,72625
10500,true,ארוחה לעובד,,,ארוחה לעובד,Unknown,0.00,Unknown,false,1,10.00,0.0000,false,1,131729
11044,true,שקית מתנה קטנה,,,שקיות מתנה קטנה,Unknown,0.00,Unknown,false,1,0.50,0.0000,true,1,21976
11102,true,סל רב פעמי קשת טעמים,,,סל רב פעמי קשת טעמים,Unknown,0.00,Unknown,false,1,2.90,0.0000,true,1,21804
11111,true,שקיות גופייה מודפסות,,,שקיות גופייה מודפסות,Unknown,0.00,Unknown,false,1,0.10,0.0000,false,1,103673
11113,true,ציידנית קשת טעמים,,,תיק ציידנית קשת טעמים,Unknown,0.00,Unknown,false,1,14.90,0.0000,true,1,106630
11490,true,מצית,,,מצית,Unknown,0.00,Unknown,false,1,2.90,0.0000,true,1,21820
11857,true,פינסקיה אלכסון,מעדני בשר השוקת,,פינסקיה  אלכסון,קילוגרמים,1.00,"ק""ג",true,,99.00,99.0000,true,1,77241
15874,true,סלט סלק עם כוסברה,,,סלט סלק עם כוסברה,קילוגרמים,1.00,"ק""ג",true,,45.00,45.0000,true,1,114942
15899,true,רגל קרושה בקר,,,רגל קרושה בקר,קילוגרמים,1.00,"ק""ג",true,,59.00,59.0000,true,1,118233
15974,true,צלי בקר ביין,,,צלי בקר ביין,קילוגרמים,1.00,"ק""ג",true,,119.00,119.0000,true,1,114955
15981,true,אורז פרסי עם פול ואפ,,,אורז פרסי עם פול ואפונה,קילוגרמים,1.00,"ק""ג",true,,39.00,39.0000,true,1,114956
15987,true,חציל עם בשר ברוטב קר,,,חציל עם בשר ברוטב קרמל,קילוגרמים,1.00,"ק""ג",true,,59.00,59.0000,true,1,109620
15992,true,לשון עגל עם פטריות ש,,,לשון עגל עם פטריות שיטאקי ושמפיניון,קילוגרמים,1.00,"ק""ג",true,,99.00,99.0000,true,1,110139
16000,true,כיסונים עם בשר,,,כיסונים עם בשר,קילוגרמים,1.00,"ק""ג",true,,59.00,59.0000,true,1,25631
16002,true,כרוב ממולא בשר,,,כרוב ממולא בשר,קילוגרמים,1.00,"ק""ג",true,,59.00,59.0000,true,1,25632
16006,true,פירושקי תפוחים,,,פירושקי עם תפוע,Unknown,0.00,Unknown,false,1,5.90,0.0000,true,1,25633
16007,true,"כיסונים עם תפו""א",,,כיסונים עם תפוא,קילוגרמים,1.00,"ק""ג",true,,55.00,55.0000,true,1,24987
16009,true,"בלינצ""יס עם בשר",,,בלינציס עם בשר,קילוגרמים,1.00,"ק""ג",true,,65.00,65.0000,true,1,22203
16010,true,סלט אוליביה,,,סלט אוליביה,קילוגרמים,1.00,"ק""ג",true,,55.00,55.0000,true,1,26247
16011,true,גפילטע פיש,,,גפילטע פיש,קילוגרמים,1.00,"ק""ג",true,,79.00,79.0000,true,1,24988
16012,true,אורז לבן,,,אורז לבן,קילוגרמים,1.00,"ק""ג",true,,35.00,35.0000,true,1,25634
16016,true,קציצות עוף עם הודו מ,,,קציצות עוף עם הודו מטוגנות,קילוגרמים,1.00,"ק""ג",true,,65.00,65.0000,true,1,24395
16022,true,סלט עדשים,,,סלט עדשים,קילוגרמים,1.00,"ק""ג",true,,49.00,49.0000,true,1,24396
16023,true,עוף בסגנון סיני,,,עוף בסגנון סיני,קילוגרמים,1.00,"ק""ג",true,,69.00,69.0000,true,1,24989
16025,true,"צ""בורקי עם בשר",,,צבורקי עם בשר,Unknown,0.00,Unknown,false,1,7.90,0.0000,true,1,23513
16029,true,בלינצס גבינה,,,בלינצס גבינה,קילוגרמים,1.00,"ק""ג",true,,59.00,59.0000,true,1,22057
16030,true,סלט פטריות דליקטסני,,,סלט פטריות דליקטסני,קילוגרמים,1.00,"ק""ג",true,,75.00,75.0000,true,1,49487
16032,true,גולש עגל הונגרי,,,גולש עגל הונגרי,קילוגרמים,1.00,"ק""ג",true,,85.00,85.0000,true,1,26251
16034,true,דג מרלוזה מטוגן,,,דג מרלוזה מטוגן,קילוגרמים,1.00,"ק""ג",true,,65.00,65.0000,true,1,22058
16044,true,נקניק ביתי,,,נקניק ביתי,קילוגרמים,1.00,"ק""ג",true,,89.00,89.0000,true,1,25635
16045,true,אנזלה צוואר עוף ממול,,,אנזלה צוואר עוף ממולא,קילוגרמים,1.00,"ק""ג",true,,69.00,69.0000,true,1,23531
16052,true,תפוח אדמה אפוי,,,תפוח אדמה אפוי,קילוגרמים,1.00,"ק""ג",true,,35.00,35.0000,true,1,22207
16053,true,כבד עוף קצוץ,,,כבד עוף קצוץ,קילוגרמים,1.00,"ק""ג",true,,69.00,69.0000,true,1,49547
16054,true,סלט ויניגרט,,,סלט ויניגרט,קילוגרמים,1.00,"ק""ג",true,,49.00,49.0000,true,1,23532
16055,true,סלט שובה,,,סלט שובה,קילוגרמים,1.00,"ק""ג",true,,55.00,55.0000,true,1,22208
16056,true,כנפיים ברביקיו,,,כנפיים ברביקיו,קילוגרמים,1.00,"ק""ג",true,,35.00,35.0000,true,1,24400
16058,true,ציקן קייב,,,ציקן קייב,קילוגרמים,1.00,"ק""ג",true,,79.00,79.0000,true,1,24995
16061,true,קנישס בשר,,,קנישס בשר,קילוגרמים,1.00,"ק""ג",true,,75.00,75.0000,true,1,25636
16065,true,סלט ריגה,,,סלט ריגה,קילוגרמים,1.00,"ק""ג",true,,65.00,65.0000,true,1,49554
16068,true,סלט ביצים,,,סלט ביצים,קילוגרמים,1.00,"ק""ג",true,,49.00,49.0000,true,1,49548
16071,true,סלט חצילים במרינדה,,,סלט חצילים במרינד,קילוגרמים,1.00,"ק""ג",true,,49.00,49.0000,true,1,49555
16076,true,סלט פרשמק,,,סלט פרשמק,קילוגרמים,1.00,"ק""ג",true,,49.00,49.0000,true,1,49560
16080,true,בקר בנוסח סצואן,,,בקר בנוסח סצואן,קילוגרמים,1.00,"ק""ג",true,,99.00,99.0000,true,1,49564
16081,true,רגל קרושה עוף,,,רגל כרושה עוף,קילוגרמים,1.00,"ק""ג",true,,59.00,59.0000,true,1,49576
16107,true,קבב רומני,,,קבב רומני,קילוגרמים,1.00,"ק""ג",true,,59.00,59.0000,true,1,75692
16121,true,סלט טונה,,,סלט טונה,קילוגרמים,1.00,"ק""ג",true,,65.00,65.0000,true,1,77517
16124,true,פלפלים ממולאים,,,ירקות שוק ממולאים,קילוגרמים,1.00,"ק""ג",true,,59.00,59.0000,true,1,77520
16125,true,רטטוי,,,רטטוי,קילוגרמים,1.00,"ק""ג",true,,49.00,49.0000,true,1,77521
16128,true,סלט סלמון,,,סלט סלמון,קילוגרמים,1.00,"ק""ג",true,,75.00,75.0000,true,1,77919
16132,true,סלט סורימי,,,סלט סורימי,קילוגרמים,1.00,"ק""ג",true,,59.00,59.0000,true,1,78777
16138,true,עוגה בחושה תפוזים 50,,,עוגה בחושה תפוזים,גרמים,500.00,100 גרם,false,1,12.90,2.5800,true,1,79173
16142,true,קציצות עם פטריות,,,קציצות  עם פטריות,קילוגרמים,1.00,"ק""ג",true,,59.00,59.0000,true,1,79415
16146,true,סלט עוף ואננס,,,סלט עוף ואננס,קילוגרמים,1.00,"ק""ג",true,,55.00,55.0000,true,1,79886
16147,true,סלט פטריות כבושות,,,סלט פטריות כבושות,קילוגרמים,1.00,"ק""ג",true,,65.00,65.0000,true,1,79887
16151,true,לזניה בשר,,,לזניה בשר,קילוגרמים,1.00,"ק""ג",true,,79.00,79.0000,true,1,79880
16152,true,לביבות גבינה,,,לביבות גבינה,קילוגרמים,1.00,"ק""ג",true,,59.00,59.0000,true,1,79898
16167,true,רולדת סלמון וגבינה,,,רולדת סלמון וגבינה,קילוגרמים,1.00,"ק""ג",true,,119.00,119.0000,true,1,80855
16180,true,עלי גפן ממולאים,,,עלי גפן ממולאים,קילוגרמים,1.00,"ק""ג",true,,59.00,59.0000,true,1,97392
16186,true,עוגת פס תפוחים,,,עוגת פס תפוע,קילוגרמים,1.00,"ק""ג",true,,39.00,39.0000,true,1,97584
16189,true,סלט שרימפס ברוטב שום,,,סלט בייבי שרימפס ברוטב שום ופלפלים,קילוגרמים,1.00,"ק""ג",true,,119.00,119.0000,true,1,98144
16205,true,כרעיים מתובלים,,,כרעיים מתובלים,קילוגרמים,1.00,"ק""ג",true,,49.00,49.0000,true,1,98416
16209,true,לשון מבושלת,,,לשון פרוסה,קילוגרמים,1.00,"ק""ג",true,,89.00,89.0000,true,1,99630
16226,true,שעועית ירוקה,,,שעועית ירוקה,קילוגרמים,1.00,"ק""ג",true,,39.00,39.0000,true,1,99870
16234,true,גלילת חצילים,,,גלילת חצילים וגבינה,קילוגרמים,1.00,"ק""ג",true,,59.00,59.0000,true,1,100655
16242,true,לחם שיפון ביתי 580 ג,,,לחם שיפון ביתי 580 גר,גרמים,580.00,100 גרם,false,1,13.90,2.3966,true,1,103452
16245,true,שניצל עגל בציפוי בית,,,שניצל עגל בציפוי ביתי,קילוגרמים,1.00,"ק""ג",true,,89.00,89.0000,true,1,103718
16248,true,לחם אגוזים 500 גר,,,לחם אגוזים 500 גר,גרמים,500.00,100 גרם,false,1,13.90,2.7800,true,1,104321
16249,true,לחם איטלקי 500 גר,,,לחם איטלקי 500 גר,גרמים,500.00,100 גרם,false,1,13.90,2.7800,true,1,104320
16250,true,עוגת פס גבינה,,,עוגת פס גבינה,קילוגרמים,1.00,"ק""ג",true,,44.00,44.0000,true,1,104521
16251,true,שרימפס ברוטב שמנת,,,שרימפס ברוטב שמנת,קילוגרמים,1.00,"ק""ג",true,,129.00,129.0000,true,1,105756
16253,true,לחם בצל 600 גר,,,לחם בצל 600 גר,גרמים,600.00,100 גרם,false,1,13.90,2.3167,true,1,105820
16261,true,"לטקס תפו""א",,,לטקס תפוא,קילוגרמים,1.00,"ק""ג",true,,55.00,55.0000,true,1,106091
16266,true,אורז איטריות,,,אורז איטריות,קילוגרמים,1.00,"ק""ג",true,,35.00,35.0000,true,1,106634
16267,true,סלט טבולה,,,סלט טבולה,קילוגרמים,1.00,"ק""ג",true,,49.00,49.0000,true,1,106635
16268,true,ביף סטרוגנוף,,,ביף סטרוגנוף,קילוגרמים,1.00,"ק""ג",true,,79.00,79.0000,true,1,106636
16274,true,עוגה בחושה בננה 500,,,עוגה בחושה בננה,גרמים,500.00,100 גרם,false,1,12.90,2.5800,true,1,106645
16275,true,עוגה בחושה שוקו 500,,,עגה בחושה שוקו,גרמים,500.00,100 גרם,false,1,12.90,2.5800,true,1,106646
16276,true,עוגה בחושה פרג 500 ג,,,עוגה בחושה פרג,גרמים,500.00,100 גרם,false,1,12.90,2.5800,true,1,106647
16277,true,עוגת בחושה תפוע 500,,,עוגת בחושה תפוע,גרמים,500.00,100 גרם,false,1,12.90,2.5800,true,1,106648
16278,true,פירושקי דובדבן,,,פירושקי עם דובדובן,Unknown,0.00,Unknown,false,1,5.90,0.0000,true,1,106820
16279,true,פלוב - אורז עם בשר,,,פלוב - אורז עם בשר,קילוגרמים,1.00,"ק""ג",true,,55.00,55.0000,true,1,106642
16280,true,עוגת פס פרג,,,עוגת פס פרג,קילוגרמים,1.00,"ק""ג",true,,39.00,39.0000,true,1,106643
16282,true,עוגת מאפינס חלווה 50,,,עוגת מאפינס חלווה,גרמים,500.00,100 גרם,false,1,18.90,3.7800,true,1,106649
16283,true,עוגת מאפינס קפה 500,,,עוגת מאפינס קפה,גרמים,500.00,100 גרם,false,1,18.90,3.7800,true,1,106650
16284,true,עוגת מאפינס שוקולד ד,,,עוגת מאפינס שוקולד דובדובן,גרמים,500.00,100 גרם,false,1,18.90,3.7800,true,1,106651
16286,true,עוגת מאפינס תפוח 500,,,עוגת מאפינס תפוח,גרמים,500.00,100 גרם,false,1,18.90,3.7800,true,1,106653
16301,true,סלט פטריות אסייתי,,,סלט פטריות אסייתי,קילוגרמים,1.00,"ק""ג",true,,59.00,59.0000,true,1,107029
16310,true,שקיות פילו עם פטריות,,,שקיות פילו עם פטריות וגבינה,קילוגרמים,1.00,"ק""ג",true,,59.00,59.0000,true,1,107012
16330,true,כרעיים מתובלים אישי,,,כרעיים מתובלים בוואקום,קילוגרמים,1.00,"ק""ג",true,,45.00,45.0000,true,1,111520
16336,true,קיש אישי בטטה 250 גר,,,קיש אישי בטטה,גרמים,250.00,100 גרם,false,1,19.90,7.9600,true,1,111863
16337,true,קיש אישי בצל 250 גר,,,קיש אישי בצל,גרמים,250.00,100 גרם,false,1,19.90,7.9600,true,1,111864
16338,true,קיש אישי ברוקולי 250,,,קיש אישי ברוקולי,גרמים,250.00,100 גרם,false,1,19.90,7.9600,true,1,111865
16340,true,קיש אישי פטריות 250,,,קיש אישי פטריות,גרמים,250.00,100 גרם,false,1,19.90,7.9600,true,1,110918
16341,true,קיש אישי פלפלים 250,,,קיש אישי פלפלים,גרמים,250.00,100 גרם,false,1,19.90,7.9600,true,1,111407
16391,true,כבד עוף עם בצל מטוגן,,,כבד עוף עם בצל מטוגן ויין,קילוגרמים,1.00,"ק""ג",true,,59.00,59.0000,true,1,116359
16401,true,פילה סלמון,,,קונפיטורות מיני,קילוגרמים,1.00,"ק""ג",true,,129.00,129.0000,true,1,109360
16434,true,חציל יווני,,,סנטה יושב על 2 מתנות,קילוגרמים,1.00,"ק""ג",true,,45.00,45.0000,true,1,120970
16453,true,מאפה פילו במילוי בשר,,,מאפה פילו במילוי בשר,קילוגרמים,1.00,"ק""ג",true,,69.00,69.0000,true,1,123015
16579,true,כרעיים עוף איטלקי,,,כרעיים עוף איטלקי,קילוגרמים,1.00,"ק""ג",true,,65.00,65.0000,true,1,133848
16656,true,קציצות דג,,,קציצות דג,קילוגרמים,1.00,"ק""ג",true,,69.00,69.0000,true,1,133247
16666,true,סלט אוליביה ללא נקני,,,סלט אוליביה ללא נקניק,קילוגרמים,1.00,"ק""ג",true,,49.00,49.0000,true,1,139260
17000,true,עוף שלם טרי,פנדי עוף,,עוף טרי,קילוגרמים,1.00,"ק""ג",true,,17.90,17.9000,true,1,24408
17001,true,כרעיים עוף,פנדי עוף,,כרעיים עוף,קילוגרמים,1.00,"ק""ג",true,,19.90,19.9000,true,1,26257
17002,true,חזה עוף,פנדי עוף,,חזה עוף,קילוגרמים,1.00,"ק""ג",true,,33.90,33.9000,true,1,25641
17003,true,שניצל עוף,פנדי עוף,,שניצל עוף,קילוגרמים,1.00,"ק""ג",true,,39.90,39.9000,true,1,22070
17004,true,שוקיים עוף,פנדי עוף,,שוקיים עוף,קילוגרמים,1.00,"ק""ג",true,,26.90,26.9000,true,1,26258
17005,true,כנפיים עוף,פנדי עוף,,כנפיים עוף,קילוגרמים,1.00,"ק""ג",true,,15.90,15.9000,true,1,25003
17011,true,טחון עוף,פנדי עוף,,טחון עוף,קילוגרמים,1.00,"ק""ג",true,,39.90,39.9000,true,1,25004
17014,true,שאריות עוף,,,שאריות עוף,קילוגרמים,1.00,"ק""ג",true,,7.00,7.0000,true,1,25643
17019,true,עוף מיני,,,עוף מיני,Unknown,0.00,Unknown,false,,24.90,0.0000,true,1,25644
17020,true,פרגיות עוף עם עור,,,פרגיות עוף עם עור,קילוגרמים,1.00,"ק""ג",true,,39.90,39.9000,true,1,22936
17025,true,טחון עוף והודו,,,טחון עוף והודו,קילוגרמים,1.00,"ק""ג",true,,36.90,36.9000,true,1,24412
17030,true,סטייק פרגית עוף טרי,,,פרגיות עוף בלי עור,קילוגרמים,1.00,"ק""ג",true,,49.90,49.9000,true,1,26260
17031,true,פרגית צרפתי,פנדי עוף,,פרגית צרפתי,קילוגרמים,1.00,"ק""ג",true,,29.90,29.9000,true,1,25006
17032,true,עוף מפורק,פנדי עוף,,עוף מפורק,קילוגרמים,1.00,"ק""ג",true,,19.90,19.9000,true,1,24413
17053,true,ירכיים עוף טרי,פנדי עוף,,ירכיים עוף טרי,קילוגרמים,1.00,"ק""ג",true,,19.90,19.9000,true,1,22937
17110,true,טחון הודו,,,טחון הודו,קילוגרמים,1.00,"ק""ג",true,,32.90,32.9000,true,1,22075
17116,true,שווארמה הודו ארוך,שיווק שווארמה הצפון,,שווארמה הודו ארוך,קילוגרמים,1.00,"ק""ג",true,,64.90,64.9000,true,1,23539
17200,true,בשר עגל בלי עצם,,,בשר עגל בלי עצם,קילוגרמים,1.00,"ק""ג",true,,62.90,62.9000,true,1,23542
17201,true,וייסברטן בקר טרי,בית מטבחיים דבאח,,ויסברטן עגל טרי,קילוגרמים,1.00,"ק""ג",true,,67.90,67.9000,true,1,22223
17205,true,אנטריקוט בר מחולק 3,,,אנטריקוט בר מחולק 3,קילוגרמים,1.00,"ק""ג",true,,109.90,109.9000,true,1,25013
17207,true,עצמות עגל,,,עצמות עגל,קילוגרמים,1.00,"ק""ג",true,,10.00,10.0000,true,1,23543
17210,true,ריאות עגל,בית מטבחיים דבאח,,ריאות עגל,קילוגרמים,1.00,"ק""ג",true,,9.90,9.9000,true,1,23544
17211,true,כליות עגל,בית מטבחיים דבאח,,כליות עגל,קילוגרמים,1.00,"ק""ג",true,,12.90,12.9000,true,1,22078
17212,true,לשון עגל טרי,בית מטבחיים דבאח,,לשון עגל טרי,קילוגרמים,1.00,"ק""ג",true,,42.90,42.9000,true,1,22941
17213,true,אוסובוקו עגל,בית מטבחיים דבאח,,אוסובוקו עגל,קילוגרמים,1.00,"ק""ג",true,,39.90,39.9000,true,1,23545
17215,true,לב עגל,בית מטבחיים דבאח,,לב עגל,קילוגרמים,1.00,"ק""ג",true,,17.90,17.9000,true,1,24421
17216,true,טחון בקר מבשר קפוא,,,טחון בקר מבשר קפוא,קילוגרמים,1.00,"ק""ג",true,,39.90,39.9000,true,1,24422
17217,true,רגל עגל,בית מטבחיים דבאח,,רגל עגל,קילוגרמים,1.00,"ק""ג",true,,19.90,19.9000,true,1,22942
17218,true,כבד עגל טרי,בית מטבחיים דבאח,,כבד עגל טרי,קילוגרמים,1.00,"ק""ג",true,,19.90,19.9000,true,1,26268
17219,true,זנב עגל טרי,בית מטבחיים דבאח,,זנב עגל טרי,קילוגרמים,1.00,"ק""ג",true,,39.90,39.9000,true,1,23546
17222,true,חזה עגל,בית מטבחיים דבאח,,חזה עגל,קילוגרמים,1.00,"ק""ג",true,,34.90,34.9000,true,1,25015
17227,true,פיקניה עגל טרי נתח ש,בית מטבחיים דבאח,,שפיץ צך עגל טרי,קילוגרמים,1.00,"ק""ג",true,,99.90,99.9000,true,1,23547
17229,true,טחון בקר וחזיר,,,טחון בקר וחזיר,קילוגרמים,1.00,"ק""ג",true,,49.90,49.9000,true,1,25016
17231,true,אנטריקוט עגל עם עצם,בית מטבחיים דבאח,,אנטריקוט עגל עם עצם,קילוגרמים,1.00,"ק""ג",true,,99.90,99.9000,true,1,22081
17233,true,כף בקר טרי,בית מטבחיים דבאח,,כף עגל טרי,קילוגרמים,1.00,"ק""ג",true,,67.90,67.9000,true,1,22082
17236,true,עגל עם עצם,,,עגל עם עצם,קילוגרמים,1.00,"ק""ג",true,,44.90,44.9000,true,1,22944
17239,true,רוטפלייש דק טרי ארוז,בית מטבחיים דבאח,,רוטפלייש דק טרי ארוז,קילוגרמים,1.00,"ק""ג",true,,89.90,89.9000,true,1,55244
17246,true,אסאדו בקר דרום אמריק,בית מטבחיים דבאח,,אסאדו בקר,קילוגרמים,1.00,"ק""ג",true,,49.90,49.9000,true,1,25018
17248,true,שייטל בקר טרי,בית מטבחיים דבאח,,שייטל עגל טרי,קילוגרמים,1.00,"ק""ג",true,,74.90,74.9000,true,1,24424
17250,true,פלדה עגל,בית מטבחיים דבאח,,פלדה עגל,קילוגרמים,1.00,"ק""ג",true,,54.90,54.9000,true,1,26274
17254,true,נתחי עגל עם שומן כבש,בית מטבחיים דבאח,,צלי כתף מופשר,קילוגרמים,1.00,"ק""ג",true,,54.90,54.9000,true,1,76612
17261,true,ויסברטן עגל מצונן,,,"חזה בקר מס"" 3 מצונן",קילוגרמים,1.00,"ק""ג",true,,67.90,67.9000,true,1,25019
17300,true,ראש חזיר\זנב,המפרק פירוק ושיווק ב,,ראש חזיר\זנב,Unknown,0.00,Unknown,false,1,49.90,0.0000,true,1,23551
17302,true,ספריבס לבן טרי,המפרק פירוק ושיווק ב,,ספריבס לבן טרי,קילוגרמים,1.00,"ק""ג",true,,84.90,84.9000,true,1,22947
17303,true,פולקה לבן,המפרק פירוק ושיווק ב,,פולקה לבן,קילוגרמים,1.00,"ק""ג",true,,54.90,54.9000,true,1,26276
17304,true,אוסובוקו לבן,המפרק פירוק ושיווק ב,,אוסובוקו לבן,קילוגרמים,1.00,"ק""ג",true,,34.90,34.9000,true,1,22227
17306,true,לב/כבד לבן/ריאות/כלי,אטליז שיתי זאהי,,לב/כבד לבן/ריאות/כלי,קילוגרמים,1.00,"ק""ג",true,,11.90,11.9000,true,1,25656
17308,true,עצמות לבן,המפרק פירוק ושיווק ב,,עצמות לבן,קילוגרמים,1.00,"ק""ג",true,,14.90,14.9000,true,1,23552
17310,true,טחון לבן,המפרק פירוק ושיווק ב,,טחון לבן,קילוגרמים,1.00,"ק""ג",true,,52.90,52.9000,true,1,23631
17311,true,רגליים חזיר,המפרק פירוק ושיווק ב,,רגליים חזיר,קילוגרמים,1.00,"ק""ג",true,,12.90,12.9000,true,1,24427
17313,true,פולקה שלם עם עצם,המפרק פירוק ושיווק ב,,פולקה שלם עם עצם,קילוגרמים,1.00,"ק""ג",true,,44.90,44.9000,true,1,22229
17316,true,קוטלט לבן,המפרק פירוק ושיווק ב,,קוטלט לבן,קילוגרמים,1.00,"ק""ג",true,,71.90,71.9000,true,1,22230
17317,true,שולטר לבן,המפרק פירוק ושיווק ב,,שולטר לבן,קילוגרמים,1.00,"ק""ג",true,,54.90,54.9000,true,1,26277
17318,true,פילה לבן,המפרק פירוק ושיווק ב,,פילה לבן,קילוגרמים,1.00,"ק""ג",true,,84.90,84.9000,true,1,25024
17321,true,סטייק צוואר,המפרק פירוק ושיווק ב,,סטייק צוואר,קילוגרמים,1.00,"ק""ג",true,,84.90,84.9000,true,1,26278
17322,true,סינטה בלי עצם,המפרק פירוק ושיווק ב,,סינטה בלי עצם,קילוגרמים,1.00,"ק""ג",true,,79.90,79.9000,true,1,22085
17324,true,שומן מובחר,המפרק פירוק ושיווק ב,,שומן מובחר,קילוגרמים,1.00,"ק""ג",true,,109.90,109.9000,true,1,26279
17326,true,אקס לבן,המפרק פירוק ושיווק ב,,אקס לבן,קילוגרמים,1.00,"ק""ג",true,,44.90,44.9000,true,1,22949
17331,true,צוואר לבן בלי עצם,המפרק פירוק ושיווק ב,,צוואר לבן בלי עצם,קילוגרמים,1.00,"ק""ג",true,,109.90,109.9000,true,1,23634
17335,true,בייבי ריבס לבן,המפרק פירוק ושיווק ב,,בביריבס לבן,קילוגרמים,1.00,"ק""ג",true,,99.90,99.9000,true,1,78270
17339,true,ברוסט,המפרק פירוק ושיווק ב,,ברוסט,קילוגרמים,1.00,"ק""ג",true,,84.90,84.9000,true,1,26281
17400,true,אחורי טלה טרי,בית מטבחיים דבאח,,שוק טלה/אחורי טלה טרי,קילוגרמים,1.00,"ק""ג",true,,79.90,79.9000,true,1,22950
17401,true,צלעות טלה,בית מטבחיים דבאח,,צלעות טלה,קילוגרמים,1.00,"ק""ג",true,,139.90,139.9000,true,1,23635
17403,true,כתף טלה,בית מטבחיים דבאח,,כתף טלה,קילוגרמים,1.00,"ק""ג",true,,89.90,89.9000,true,1,75546
17404,true,ספריבס טלה טרי,בית מטבחיים דבאח,,ספריבס טלה טרי,קילוגרמים,1.00,"ק""ג",true,,69.90,69.9000,true,1,25028
17406,true,שומן טלה לייה,בית מטבחיים דבאח,,שומן טלה,קילוגרמים,1.00,"ק""ג",true,,94.90,94.9000,true,1,22951
17409,true,שומן טלה,בית מטבחיים דבאח,,שוק טלה מפורק עם עצם,קילוגרמים,1.00,"ק""ג",true,,69.90,69.9000,true,1,76592
17410,true,צוואר כבש,בית מטבחיים דבאח,,צוואר כבש,קילוגרמים,1.00,"ק""ג",true,,79.90,79.9000,true,1,22091
17415,true,פלדה כבש,,,פלדה כבש,קילוגרמים,1.00,"ק""ג",true,,69.90,69.9000,true,1,104533
18210,true,שעועית ברבוניה,,,שעועית ברבוניה,קילוגרמים,1.00,"ק""ג",true,,14.90,14.9000,true,1,25663
18232,true,אורז בסמטי תפזורת,,,אורז בסמטי תפזורת,קילוגרמים,1.00,"ק""ג",true,,11.90,11.9000,true,1,52678
18234,true,סובין שיבולת שועל,,,סובין שיבולת שועל,קילוגרמים,1.00,"ק""ג",true,,14.90,14.9000,true,1,24437
18237,true,גרעיני דלעת קלופה,,,גרעיני דלעת קלופה,קילוגרמים,1.00,"ק""ג",true,,40.00,40.0000,true,1,104239
19009,true,רגל עגל פרוס,בית מטבחיים דבאח,,רגל עגל פרוס דבאח,קילוגרמים,1.00,"ק""ג",true,,24.90,24.9000,true,1,22977
19193,true,צוריסוס לבן במגש,זילבר תעשיות מוצרי ב,,"צ""וריסוס לבן במגש",קילוגרמים,1.00,"ק""ג",true,,75.90,75.9000,true,1,26308
19641,true,לשון בקר,,,לשון בקר,קילוגרמים,1.00,"ק""ג",true,,29.90,29.9000,true,1,25690
20076,true,שקיות טרמיות,,,שקיות טרמיות,Unknown,0.00,Unknown,false,1,9.90,0.0000,true,1,139816
110111,true,צוריסוס לבן במגש,זילבר תעשיות מוצרי ב,,"צ""וריסוס לבן במגש",קילוגרמים,1.00,"ק""ג",true,,69.90,69.9000,true,1,138017
110289,true,צוריסוס עגל קפוא,,,צוריסוס עגל קפוא,קילוגרמים,1.00,"ק""ג",true,,54.90,54.9000,true,1,106295
532171,true,דג הרינג מלוח ואקום,הרמס דגים,,הרינג נורווגי מלוח ואקום,קילוגרמים,1.00,"ק""ג",true,,29.00,29.0000,true,1,99522
532188,true,מקרל מעושן גדול וואק,הרמס דגים,,מקרל מעושן גדול ואקום,קילוגרמים,1.00,"ק""ג",true,,89.00,89.0000,true,1,123900
888029,true,קופון ציפר,,,קופון ציפר,Unknown,0.00,Unknown,false,1,0.01,0.0000,true,1,131251
888074,true,קופון ציפר,,,קופון ציפר,Unknown,0.00,Unknown,false,1,0.01,0.0000,true,1,134132
32147230,false,מיץ לימון סיצילייה 2,סידג,,מיץ לימון סיצילייה 2,מיליליטרים,200.00,"100 מ""ל",false,1,6.90,3.4500,true,1,34622
40786179,false,בירה לוונבראו פחית 5,Spaten,,"בירה ""לבנבראו""פח"" 50",מיליליטרים,500.00,"100 מ""ל",false,1,10.90,2.1800,true,1,139923
41001356,false,בירה בקס פחית 500 מל,Beck and Co,,בירה בקס פח,מיליליטרים,500.00,"100 מ""ל",false,1,10.90,2.1800,true,1,140237
41019467,false,בירה גרמניה 500 מל,איכבאום,,"בירה גרמניה 0.5 ל"" פ",מיליליטרים,500.00,"100 מ""ל",false,12,7.90,1.5800,true,1,140007
42061939,false,בירה בקס בק 500 מל,,,"בירה בקס בק 500 מ""ל",מיליליטרים,500.00,"100 מ""ל",false,1,8.90,1.7800,true,1,113840
42134978,false,סרגל מרציפן סנטה 100,,,סרגל מרציפן סנטה 100 גר,גרמים,100.00,100 גרם,false,21,10.90,10.9000,true,1,110521
42135012,false,סרגל איש קרח נוגט 10,,,סרגל איש קרח נוגט 100 גר,גרמים,100.00,100 גרם,false,1,10.90,10.9000,true,1,117747
42138105,false,וינסטון סופר סלימס כ,,,וינסטון סופר סלימס כחול,Unknown,0.00,Unknown,false,1,33.00,0.0000,false,1,35011
42149996,false,בירה בקס 275 מל,בקס,,"בירה בקס 275 מ""ל",מיליליטרים,275.00,"100 מ""ל",false,1,6.90,2.5091,true,1,98733
42182115,false,מסטיק פייב ספירמינט,מרס,,מסטיק פייב ספירמינט,Unknown,0.00,Unknown,false,1,6.90,0.0000,true,1,35027
42188889,false,מסטיק פייב בטעם אבטי,,,"מסטיק ""פייב"" בטעם אב",Unknown,0.00,Unknown,false,1,6.90,0.0000,true,1,35028
50157471,false,רוטב בורגר 230 גר,,,רוטב בורגר 230 גר,גרמים,230.00,100 גרם,false,1,17.90,7.7826,true,1,132929
54051140,false,מעדן סויה וניל אלפרו,ALPRO,,"רביעיית מעדן ""אלפרו""",גרמים,500.00,100 גרם,false,1,17.90,3.5800,true,1,35312
54051157,false,מעדן סויה בטעם שוקול,ALPRO,,"רביעיית מעדן סויה ""א",גרמים,500.00,100 גרם,false,1,17.90,3.5800,true,1,35313
59039549,false,ווג פריזון מנטול,,,ווג פריזון מנטול,Unknown,0.00,Unknown,false,1,38.50,0.0000,false,1,35317
59068907,false,פאל מאל כחול דמי סלי,,,פאל מאל כחול דמי סלימס,Unknown,0.00,Unknown,false,1,26.00,0.0000,false,1,114987
59068914,false,פאל מאל סילבר דמי סל,,,פאל מאל סילבר דמי סלימס,Unknown,0.00,Unknown,false,1,26.00,0.0000,false,1,114988
59455233,false,ווג כחול,,,ווג כחול,Unknown,0.00,Unknown,false,1,38.50,0.0000,false,1,35319
59455240,false,ווג ליידי לילך סגול,,,ווג  ליידי לילך סגול,Unknown,0.00,Unknown,false,1,38.50,0.0000,false,1,35320
72940754,false,מילקי וניל 133 גר,STRAUSS-ISRAEL,,מילקי וניל 133 גר,גרמים,133.00,100 גרם,false,1,2.90,2.1805,true,1,38518
72940761,false,מילקי שוקולד 133 גר,STRAUSS-ISRAEL,,מילקי שוקולד 133 גר,גרמים,133.00,100 גרם,false,1,2.90,2.1805,true,1,38519
72940952,false,מילקי פי 2 קצפת 170,STRAUSS-ISRAEL,,"מילקי פי 2 קצפת 170 מ""ל",מיליליטרים,170.00,"100 מ""ל",false,1,3.80,2.2353,true,1,38520
72940976,false,כרוב אדום אחלה 250 ג,STRAUSS-ISRAEL,,כרוב אדום אחלה 250גר,גרמים,250.00,100 גרם,false,1,6.90,2.7600,true,1,38521
72940983,false,חומוס אחלה 250 גר,STRAUSS-ISRAEL,,"חומוס אחלה 250 ג""ר",גרמים,250.00,100 גרם,false,1,6.90,2.7600,true,1,38522
72945308,false,שמרית קוביה 50 גר,"פאקא תעשיות בע""מ",,שמרית קוביה,גרמים,50.00,100 גרם,false,1,3.90,7.8000,true,1,38524
72963753,false,שמנת של פעם 27% 200,,,שמנת של פעם 27% 200 גר,מיליליטרים,200.00,"100 מ""ל",false,1,4.00,2.0000,true,1,38539
72986370,false,גלידת יוגורט יווני א,,,גלידת יוגורט יווני אוכמניות ופירורי עוגי,מיליליטרים,500.00,"100 מ""ל",false,1,19.90,3.9800,true,1,52904
72986424,false,גלידת פיינט קרם עוגי,,,"גלידת קרם עוגיות 500 מ""ל",מיליליטרים,500.00,"100 מ""ל",false,1,19.90,3.9800,true,1,52908
72986448,false,גלידת פיינט טופי קרא,,,"גלידת טופ קראנץ"" 500 מ""ל",מיליליטרים,500.00,"100 מ""ל",false,1,19.90,3.9800,true,1,52913
72986455,false,גלידת פיינט ניו יורק,,,"גלידת ניו יורק סופר 500 מ""ל",מיליליטרים,500.00,"100 מ""ל",false,1,19.90,3.9800,true,1,52906
72986479,false,גלידת פיינט צאנקי מא,,,"גלידת צ""אנקי מנקי 500 מ""ל",מיליליטרים,500.00,"100 מ""ל",false,1,19.90,3.9800,true,1,52907
72989425,false,גלידת פיינט שוקולד ב,,,"גלידת שוקולד בראוניס 500 מ""ל",מיליליטרים,500.00,"100 מ""ל",false,1,19.90,3.9800,true,1,52909
72991886,false,גלידת פיינט דולצה דה,,,"גלידת דולצ""ה דה לצ""ה 500 מ""ל",מיליליטרים,500.00,"100 מ""ל",false,1,19.90,3.9800,true,1,52910
72993637,false,מעדן דני שוקולד 125,STRAUSS-ISRAEL,,"מעדן ""דני"" שוקולד",גרמים,125.00,100 גרם,false,1,2.60,2.0800,true,1,38593
72994061,false,חטיף שוקולד פסק זמן,SOLEN CIKOLATA GIDA,,פסק זמן 36 גרם,גרמים,36.00,100 גרם,false,1,4.90,13.6111,true,1,38604
76136184,false,פאל מאל סופר סלימס כ,,,פאל מאל סופר סלימס כחול,Unknown,0.00,Unknown,false,1,30.00,0.0000,false,1,38617
80001287,false,גרנדה אגוז,,,גרנדה אגוז 38 גר,גרמים,38.00,100 גרם,false,1,3.90,10.2632,true,1,38659
80001461,false,גרדנה שוקולד מר 38 ג,,,גרדנה שוקולד מר 38גר,גרמים,38.00,100 גרם,false,1,3.90,10.2632,true,1,38663
80001485,false,חטיף גרדנה קוקוס 38,,,חטיף גרדנה קוקוס 38,גרמים,38.00,100 גרם,false,1,3.90,10.2632,true,1,38664
80136194,false,חטיף קינדר הפי היפו,,,חטיף קינדר הפי היפו אגוזי לוז חמישייה,גרמים,104.00,100 גרם,false,1,13.90,13.3654,true,1,111641
80176800,false,ממרח שוקולד נוטלה 75,,,ממרח שוקולד נוטלה 750 גר,גרמים,750.00,100 גרם,false,1,26.90,3.5867,true,1,39153
80177173,false,ממרח שוקולד נוטלה 35,,,ממרח שוקולד נוטלה 350 גר,גרמים,350.00,100 גרם,false,1,14.90,4.2571,true,1,39154
80177616,false,שוקולד אצבעות קינדר,,,שוקולד אצבעות קינדר 100 גר,גרמים,100.00,100 גרם,false,1,7.90,7.9000,true,1,39157
80273660,false,שום במטחנה 50 גר,,,שום במטחנה 50 גר,גרמים,50.00,100 גרם,false,1,14.90,29.8000,true,1,134938
80273684,false,תערובת עשבי פרובנס ב,,,תערובת עשבי פרובנס במטחנה 20 גר,גרמים,20.00,100 גרם,false,1,14.90,74.5000,true,1,134941
80310167,false,שוקולד קינדר מקסי שי,,,קינדר מקס,גרמים,128.00,100 גרם,false,20,9.90,7.7344,true,1,87227
80310334,false,שוקולד קינדר סנטה 55,,,שוקולד קינדר סנטה 55 גר,גרמים,55.00,100 גרם,false,24,12.90,23.4545,true,1,136377
80533917,false,פילה אנשובי בשמן זית,,,פילה אנשובי בשמן זית 75 גר,גרמים,75.00,100 גרם,false,1,24.90,33.2000,true,1,128739
80650874,false,תיבול גורמה שום ופטר,,,תיבול גורמה שום ופטרוזיליה 80 גר,גרמים,80.00,100 גרם,false,1,14.90,18.6250,true,1,134942
80768258,false,ביצת הפתעה קינדר גוי,,,ביצת הפתעה קינדר גוי ורוד 20 גר,גרמים,20.00,100 גרם,false,1,5.90,29.5000,true,1,97962
80773429,false,מסטיק מנטוס פיור תות,פרפטי ואן מלה הולנד,,מסטיק מנטוס פיור תות ללא סוכר 60 גר,גרמים,60.00,100 גרם,false,1,9.90,16.5000,true,1,112690
80773443,false,מסטיק מנטוס בטעם פיר,פרפטי ואן מלה הולנד,,מסטיק מנטוס בטעם פירות מנטה,גרמים,60.00,100 גרם,false,1,9.90,16.5000,true,1,108695
80776307,false,מסטיק מנטוס ביג בטעם,פרפטי ואן מלה הולנד,,מסטיק מנטוס ביג בטעם פירות מנטה,גרמים,105.00,100 גרם,false,1,12.90,12.2857,true,1,108692
80780595,false,מסטיק מנטוס ביג בטעם,פרפטי ואן מלה הולנד,,מסטיק מנטוס ביג בטעם מנטה עדינה,גרמים,105.00,100 גרם,false,1,12.90,12.2857,true,1,108691
80790990,false,מסטיק מנטוס בטעם מנט,פרפטי ואן מלה הולנד,,מסטיק מנטוס בטעם מנטה עדינה,גרמים,60.00,100 גרם,false,1,9.90,16.5000,true,1,108694
80794233,false,מסטיק מנטוס ביג בטעם,פרפטי ואן מלה הולנד,,מסטיק מנטוס ביג בטעם מנטה,גרמים,105.00,100 גרם,false,1,12.90,12.2857,true,1,108690
80831402,false,סוכריות מנטוס בטעם מ,,,סוכריות מנטוס בטעם מנטה עדינה 30 יח,Unknown,0.00,Unknown,false,1,6.90,0.0000,true,1,128008
80843184,false,מסטיק מנטוס פיור בטע,פרפטי ואן מלה הולנד,TR,מסטיק מנטוס פיור בטעם ענבים בק 60 גר,גרמים,60.00,100 גרם,false,1,9.90,16.5000,true,1,134289
80854753,false,סוכריות מנטוס בטעם מ,,,סוכריות מנטוס בטעם מנטה 30 יח,Unknown,0.00,Unknown,false,1,6.90,0.0000,true,1,128007
80862130,false,מסטיק מנטוס פיור בטע,,,מסטיק מנטוס פיור בטעם אבטיח 28 גר,גרמים,28.00,100 גרם,false,1,4.90,17.5000,true,1,131830
80864295,false,מסטיק מנטוס בטעם מנט,פרפטי ואן מלה הולנד,,מסטיק מנטוס בטעם מנטה עדינה בק 30 יח,גרמים,60.00,100 גרם,false,1,9.90,16.5000,true,1,135412
80896081,false,מסטיק מנטוס פיור אבט,פרפטי ואן מלה הולנד,,מסטיק מנטוס פיור אבטיח ללא סוכר 60 גר,גרמים,60.00,100 גרם,false,1,9.90,16.5000,true,1,112691
80913467,false,מסטיק מנטוס בטעם מנט,פרפטי ואן מלה הולנד,,מסטיק מנטוס בטעם מנטה ללא סוכר 60 גר,גרמים,60.00,100 גרם,false,1,9.90,16.5000,true,1,108693
80926481,false,מסטיק מנטוס ביג בטעם,פרפטי ואן מלה הולנד,,מסטיק מנטוס ביג בטעם אבטיח,גרמים,105.00,100 גרם,false,1,12.90,12.2857,true,1,133773
80945468,false,מסטיק מנטוס בטעם מנט,פרפטי ואן מלה הולנד,,מסטיק מנטוס בטעם מנטה מתוקה בק 30 יח,גרמים,60.00,100 גרם,false,1,9.90,16.5000,true,1,135413
80974215,false,מסטיק מנטוס ביג בטעם,פרפטי ואן מלה הולנד,,מסטיק מנטוס ביג בטעם תות,גרמים,105.00,100 גרם,false,1,12.90,12.2857,true,1,131417
80977070,false,מסטיק מנטוס פיור בטע,,,מסטיק מנטוס פיור בטעם טרופי 28 גר,גרמים,28.00,100 גרם,false,1,4.90,17.5000,true,1,131831
80979128,false,מסטיק מנטוס פיור בטע,פרפטי ואן מלה הולנד,TR,מסטיק מנטוס פיור בטעם דובדבן בק 60 גר,גרמים,60.00,100 גרם,false,1,9.90,16.5000,true,1,134288
80986348,false,מסטיק מנטוס בטעם מנט,פרפטי ואן מלה הולנד,,מסטיק מנטוס בטעם מנטה בק 30 יח,גרמים,60.00,100 גרם,false,1,9.90,16.5000,true,1,135411
80995128,false,מסטיק מנטוס ויטמין ב,פרפטי ואן מלה הולנד,TR,מסטיק מנטוס ויטמין בטעם הדרים 60 גר,גרמים,60.00,100 גרם,false,1,9.90,16.5000,true,1,142911
87108538,false,מנטוס תות 40 גלילים,,,מנטוס תות 40 גלילים,גרמים,37.00,100 גרם,false,1,3.50,9.4595,true,1,39193
87108712,false,מנטוס פירות 1/4 150,,,מנטוס פירות 1/4,גרמים,150.00,100 גרם,false,1,9.90,6.6000,true,1,39195
87311396,false,סוכריות בטעם ריינבאו,,,"סוכריות ""מנטוס"" ריינבואו",Unknown,0.00,Unknown,false,1,3.50,0.0000,true,1,49506
90034107,false,בירה שטיגל גולדבראו,מבשלת שטיגל,,"בירה שטיגל גולדבראו 500 מ""ל",מיליליטרים,500.00,"100 מ""ל",false,1,10.90,2.1800,true,1,101526
90087011,false,מיץ תפוחים 1 ל,Rauch fruchtsafte gm,,מיץ תפוחים 1 ליטר,ליטרים,1.00,ליטר,false,1,12.90,12.9000,true,1,39313
90087066,false,מיץ תפוזים 100% טבעי,,,"מיץ ""ראוך"" תפוזים 10",Unknown,0.00,Unknown,false,1,12.90,0.0000,true,1,39314
90087271,false,נקטר אוכמניות 1 ל,Rauch fruchtsafte gm,,נקטר אוכמניות 1 ליטר,ליטרים,1.00,ליטר,false,1,12.90,12.9000,true,1,39315
90087547,false,מיץ עגבניות ראוך 1 ל,Rauch fruchtsafte gm,,"מיץ עגבניות ""ראוך"" 1",ליטרים,1.00,ליטר,false,1,12.90,12.9000,true,1,39317
90087769,false,מיץ אננס 1 ל,Rauch fruchtsafte gm,,מיץ אננס,ליטרים,1.00,ליטר,false,1,12.90,12.9000,true,1,39318
90087974,false,חומץ תפוחים 1.5% 750,Rauch fruchtsafte gm,,חומץ תפוחים 1.5%,מיליליטרים,750.00,"100 מ""ל",false,1,13.90,1.8533,true,1,39320
90162602,false,משקה אנרגיה רד בול 2,REDBULL,AT,"משקה אנרגיה ""רד בול""",מיליליטרים,250.00,"100 מ""ל",false,24,6.90,2.7600,true,1,39322
90162800,false,משקה אנרגיה רד בול ל,,AT,"משקה אנרגיה ""רד בול"" דיאט 250 מל",מיליליטרים,250.00,"100 מ""ל",false,24,6.90,2.7600,true,1,39323
90446269,false,משקה אנרגיה אבטיח רד,REDBULL,AT,משקה אנרגיה אבטיח רד בול 250 מל,מיליליטרים,250.00,"100 מ""ל",false,24,6.90,2.7600,true,1,133114
8112100298,false,שמן שומשום טהור 185,Flavor full foods in,,"שמן שומשום טהור 185 מ""ל",מיליליטרים,185.00,"100 מ""ל",false,1,14.90,8.0541,true,1,39182
8421361250,false,בובות עיניים גדולות,,,בובות עיניים גדולות קטן,Unknown,0.00,Unknown,false,1,24.90,0.0000,true,1,105250
11210000032,false,רוטב פלפל טבסקו אדום,,,רוטב פלפל טבסקו אדום,מיליליטרים,350.00,"100 מ""ל",false,1,49.90,14.2571,true,1,34405
11210000094,false,רוטב פלפל טבסקו אדום,,,רוטב פלפל טבסקו אדום,מיליליטרים,60.00,"100 מ""ל",false,1,11.90,19.8333,true,1,34406
11210000216,false,בלאדי מרי מיקס טבסקו,,,בלאדי מרי מיקס טבסקו,גרמים,200.00,100 גרם,false,1,29.90,14.9500,true,1,34407
11210002500,false,רוטב טבסקו בפאלו 150,,,"רוטב טבסקו בפאלו 150 מ""ל",מיליליטרים,150.00,"100 מ""ל",false,1,22.90,15.2667,true,1,108644
11210006508,false,רוטב טבסקו הבנרו אקס,,,רוטב טבסקו הבנרו,מיליליטרים,60.00,"100 מ""ל",false,1,17.90,29.8333,true,1,34409
11210007253,false,רוטב פלפל טבסקו שום,,,רוטב פלפל טבסקו שום,מיליליטרים,60.00,"100 מ""ל",false,1,11.90,19.8333,true,1,34410
11210009387,false,רוטב פלפל טבסקו ירוק,,,רוטב פלפל טבסקו ירוק,מיליליטרים,60.00,"100 מ""ל",false,1,11.90,19.8333,true,1,34412
11210607040,false,רוטב טבסקו ציפוטלה מ,,,"רוטב צ""יפוטלי טבסקו",מיליליטרים,60.00,"100 מ""ל",false,1,11.90,19.8333,true,1,34413
11210618503,false,רוטב טבסקו סקורפיון,,,רוטב טבסקו סקורפיון 60 מל,מיליליטרים,60.00,"100 מ""ל",false,1,17.90,29.8333,true,1,126869
11210698055,false,רוטב טבסקו סרירצה 56,,,רוטב טבסקו סרירצה 566 גר,גרמים,566.00,100 גרם,false,1,27.90,4.9293,true,1,112588
11359640205,false,עלי טורטיה בטעם צילי,,,עלי טורטיה בטעם צילי וסלסה 240 גר,גרמים,240.00,100 גרם,false,1,11.90,4.9583,true,1,135110
11359640250,false,עלי טורטיה מקמח תירס,,,עלי טורטיה מקמח תירס 240 גר,גרמים,240.00,100 גרם,false,1,11.90,4.9583,true,1,135111
11359645286,false,טורטילה ציפס נאצוס ג,,,טורטילה ציפס נאצוס גבינה 200 גר,גרמים,200.00,100 גרם,false,1,10.90,5.4500,true,1,135106
11359650105,false,רוטב לטאקו בחריפות ע,,,רוטב לטאקו בחריפות עדינה 220 גר,גרמים,220.00,100 גרם,false,1,9.90,4.5000,true,1,135113
11359650341,false,דיפ סלסה בחריפות מעו,,,דיפ סלסה בחריפות מעודנת 190 גר,גרמים,190.00,100 גרם,false,1,9.90,5.2105,true,1,135112
13000008143,false,חומץ תפוחים היינץ 97,,,"חומץ תפוחים היינץ 976 מ""ל",מיליליטרים,976.00,"100 מ""ל",false,12,16.90,1.7316,true,1,123995
13300000120,false,מיקס פילסברי פאן פטי,,,מיקס פילסברי פאן פטי גלקסי 432 גר,גרמים,432.00,100 גרם,false,1,16.90,3.9120,true,1,139953
13300555392,false,מיקס בראוניז שוקולד,,,מיקס בראוניז שוקולד חלב פילסברי 521 גר,גרמים,521.00,100 גרם,false,1,16.90,3.2438,true,1,134576
13300600283,false,מיקס תות פילסברי 432,,,מיקס תות פילסברי 432 גר,גרמים,432.00,100 גרם,false,1,16.90,3.9120,true,1,134578
13300601204,false,ציפוי קרמל מלוח פילס,,,ציפוי קרמל מלוח פילסברי 453 גר,גרמים,453.00,100 גרם,false,1,15.90,3.5099,true,1,134571
13300602355,false,מיקס זהוב פילסברי 43,,,מיקס זהוב פילסברי 432 גר,גרמים,432.00,100 גרם,false,1,16.90,3.9120,true,1,134579
13300604410,false,תערובת מגוון טעמים פ,,,תערובת מגוון טעמים פילסברי 432 גר,גרמים,432.00,100 גרם,false,1,16.90,3.9120,true,1,134580
13300607961,false,מיקס גולדן פילסברי 4,,,מיקס גולדן פילסברי 432 גר,גרמים,432.00,100 גרם,false,1,16.90,3.9120,true,1,134581
13300609118,false,מיקס שוקולד פילסברי,,,מיקס שוקולד פילסברי 432 גר,גרמים,432.00,100 גרם,false,1,16.90,3.9120,true,1,134583
13300760802,false,ציפוי וניל פילסברי 4,,,ציפוי וניל פילסברי 453 גר,גרמים,453.00,100 גרם,false,1,15.90,3.5099,true,1,134573
13409341155,false,רוטב ברביקיו עם דבש,,US,רוטב ברביקיו עם דבש 510 גר,גרמים,510.00,100 גרם,false,12,21.90,4.2941,true,1,118261
13409351505,false,רוטב ברביקיו סוכר חו,,US,רוטב ברביקיו סוכר חום 510 גר,גרמים,510.00,100 גרם,false,12,21.90,4.2941,true,1,118264
13409918104,false,רוטב ברביקיו אורגינל,,US,רוטב ברביקיו אורגינל 510 גר,גרמים,510.00,100 גרם,false,12,21.90,4.2941,true,1,118262
16000185517,false,דגני בוקר פייבר וואן,,US,דגני בוקר פייבר וואן 555 גר,גרמים,555.00,100 גרם,false,6,25.90,4.6667,true,1,136794
16000423534,false,חטיף נטיור ואלי שיבו,,,"חטיף ""נטיור ואלי"" בט",גרמים,210.00,100 גרם,false,1,14.90,7.0952,true,1,39414
16000548404,false,חטיף גרנולה קראנצ שי,,,קראנצי חט.גרנולה ש.ש,גרמים,210.00,100 גרם,false,1,14.90,7.0952,true,1,39417
16000548503,false,חטיף נייטשר וואלי מי,,,קראנצי חט.גרנולה+מיי,גרמים,210.00,100 גרם,false,1,14.90,7.0952,true,1,39419
16000548909,false,חטיף גרנולה קראנצ מע,,,קראנצי חטיף גרנולה מ,גרמים,210.00,100 גרם,false,1,14.90,7.0952,true,1,39423
16229918378,false,ארוי די רוטב קארי מא,,,ארוי די רוטב קארי מאסמן 250 מל,מיליליטרים,250.00,"100 מ""ל",false,1,9.90,3.9600,true,1,127674
16229924263,false,קרם קוקוס 250 מל,,,קרם קוקוס 250 מל,מיליליטרים,250.00,"100 מ""ל",false,1,9.90,3.9600,true,1,127671
18000701223,false,תערובת עוגת שוקולד 5,,,תערובת עוגת שוקולד 500 גר,גרמים,500.00,100 גרם,false,1,16.90,3.3800,true,1,39428
18000703494,false,תערובת עוגת וניל 524,,,תערובת עוגת וניל 524,גרמים,524.00,100 גרם,false,1,16.90,3.2252,true,1,39429
18000766413,false,תערובת עוגת בראוניס,,,תערובת עוגת בראוניס,גרמים,609.00,100 גרם,false,1,16.90,2.7750,true,1,39431
18200004735,false,בירה באדוויזר בק אלו,,,בירה באדוויזר בק אלומיניום 473 מל,מיליליטרים,473.00,"100 מ""ל",false,1,10.90,2.3044,true,1,127573
21000052288,false,רוטב ברביקיו קראפט א,,,"רוטב ברביקיו קראפט אוריגינל 510 מ""ל",גרמים,510.00,100 גרם,false,12,12.90,2.5294,true,1,123996
21000052325,false,רוטב ברביקיו קראפט ד,,,"רוטב ברביקיו קראפט דבש חריף 510 מ""ל",גרמים,510.00,100 גרם,false,12,12.90,2.5294,true,1,123997
21000052387,false,רוטב ברביקיו קראפט ד,,,"רוטב ברביקיו קראפט דבש מתוק 510 מ""ל",גרמים,510.00,100 גרם,false,12,12.90,2.5294,true,1,123998
21723758887,false,רוטב דגים טיפארוס 70,Tang sang hah co. lt,,רוטב דגים טיפארוס 700מל,מיליליטרים,700.00,"100 מ""ל",false,1,15.90,2.2714,true,1,75209
22014004607,false,רסק תפוחי עץ אורגני,,,רסק תפוחי עץ אורגני 452 גרם,גרמים,452.00,100 גרם,false,1,17.90,3.9602,true,1,133334
22014031023,false,רסק תפוחי עץ אורגני,,,רסק תפוחי עץ אורגני בפאוץ 360 גרם,גרמים,360.00,100 גרם,false,1,18.90,5.2500,true,1,133335
27379005634,false,פנדורו מיני 80 גר,,,פנדורו מיני 80 גר,גרמים,80.00,100 גרם,false,1,12.90,16.1250,true,1,117764
27379005740,false,פנתוני מיני פיצפוצי,,,פנתוני מיני פיצפוצי שוקולד סוויט איטלי,גרמים,100.00,100 גרם,false,1,12.90,12.9000,true,1,117765
29801025203,false,עוגיות חמאה קריספי ב,HAMLET NV,,עוגיות חמאה קריספי 2,גרמים,200.00,100 גרם,false,1,17.90,8.9500,true,1,39537
30000315958,false,קוואקר פרוטאין בננה,,,קוואקר פרוטאין בננה אגוזים 366 גר,גרמים,366.00,100 גרם,false,1,23.90,6.5301,true,1,121275
33617000026,false,פת פריכה מקמח מלא 26,,,ואזה מקמח מלא 260 גר,גרמים,260.00,100 גרם,false,1,13.90,5.3462,true,1,127692
33617322616,false,ואזה קלה מקמח שיפון,,,פת פריכה קלה מקמח שי,גרמים,270.00,100 גרם,false,1,13.90,5.1481,true,1,39710
33617340610,false,ואזה מקמח שיפון 275,,,פת פריכה קמח שיפון 2,גרמים,275.00,100 גרם,false,1,13.90,5.0545,true,1,39711
34000312177,false,סירופ שוקולד למאפים,,,"סירופ שוקולד למאפים ""הרשיס סירופ"" 680 גר",גרמים,680.00,100 גרם,false,1,17.90,2.6324,true,1,74306
34000470228,false,חטיף שוקולד חלב ריזס,,,"חטיף שוקולד חלב ""ריזס"" מיניס 70 גר",גרמים,70.00,100 גרם,false,1,6.50,9.2857,true,1,74304
36000516890,false,ממחטות אף קלינקס לוש,,,ממחטות אף קלינקס לושן 3 שכבות 120 יח,Unknown,0.00,Unknown,false,1,19.90,0.0000,true,1,124962
37600207188,false,חמאת בוטנים סקיפי קל,,,"חמאת בוטנים ""סקיפי"" קלאסי 462 גר",גרמים,462.00,100 גרם,false,1,17.90,3.8745,true,1,77143
37600207256,false,חמאת בוטנים סקיפי שב,,,"חמאת בוטנים ""סקיפי"" עם שברי בוטנים 462גר",גרמים,462.00,100 גרם,false,1,17.90,3.8745,true,1,77144
37600207287,false,חמאה בוטנים סקיפי עם,,,"חמאה בוטנים ""סקיפי"" עם דבש 462 גר",גרמים,462.00,100 גרם,false,1,17.90,3.8745,true,1,77145
37600297943,false,מתבל סלסה חריף 439 ג,,,מתבל סלסה חריף 439 גר,גרמים,439.00,100 גרם,false,1,19.90,4.5330,true,1,143090
38000138607,false,ציפס פרינגלס חומץ מל,פרינגלס מנופקצ'ורינג,US,ציפס פרינגלס חומץ מלח 158 גר,גרמים,158.00,100 גרם,false,14,8.90,5.6329,true,1,122131
38000138638,false,ציפס פרינגלס פיצה 15,,,ציפס פרינגלס פיצה 158 גר,גרמים,158.00,100 גרם,false,1,8.90,5.6329,true,1,105417
38000138720,false,פרינגלס ראנץ 158 גר,פרינגלס מנופקצ'ורינג,,פרינגלס ראנץ 158 גר,גרמים,158.00,100 גרם,false,1,8.90,5.6329,true,1,115619
38000183928,false,חטיף פרינגלס חרדל וד,פרינגלס מנופקצ'ורינג,US,חטיף פרינגלס חרדל ודבש 158 גר,גרמים,158.00,100 גרם,false,8,8.90,5.6329,true,1,131817
38000202278,false,חטיף פרינגלס גלי אור,פרינגלס מנופקצ'ורינג,US,חטיף פרינגלס חרדל ודבש 158 גרם,גרמים,130.00,100 גרם,false,8,8.90,6.8462,true,1,127778
38000232152,false,חטיף פרינגלס ברביקיו,פרינגלס מנופקצ'ורינג,US,חטיף פרינגלס ברביקיו 158 גר,גרמים,158.00,100 גרם,false,14,8.90,5.6329,true,1,126174
38000232176,false,חטיף פרינגלס שמנת בצ,פרינגלס מנופקצ'ורינג,US,חטיף פרינגלס שמנת בצל 158 גר,גרמים,158.00,100 גרם,false,14,8.90,5.6329,true,1,126173
38000232183,false,חטיף פרינגלס אוריגינ,פרינגלס מנופקצ'ורינג,US,חטיף פרינגלס אוריגינל 149 גר,גרמים,149.00,100 גרם,false,14,8.90,5.9732,true,1,126176
38527591060,false,דגני בוקר קוואקר סוכ,BEVERAGES FOODS & SE,,דגני בוקר קוואקר סוכר חום 411גר,גרמים,411.00,100 גרם,false,1,19.90,4.8418,true,1,48177
39047005426,false,ביסקוויט ווקרס עם גי,,,ביסקוויט ווקרס עם גינגר  150 גר,גרמים,150.00,100 גרם,false,1,16.90,11.2667,true,1,105219
40000513568,false,סוכריות מ&מס שוקו 15,מרס,,סוכריות מ&מס שוקו 156 גר,גרמים,156.00,100 גרם,false,1,11.90,7.6282,true,1,108995
40000513629,false,סוכריות מ&מס חמאת בו,מרס,,סוכריות מ&מס חמאת בוטנים 142 גר,גרמים,142.00,100 גרם,false,1,11.90,8.3803,true,1,108993
40000514480,false,סוכריות מ&מס שוקו 48,מרס,,"סוכריות מ&מס"" שוקו 48 גר",גרמים,48.00,100 גרם,false,1,4.90,10.2083,true,1,104191
41390001079,false,רוטב קוקומן סויה 444,,,רוטב קוקומן סויה 444 מל,מיליליטרים,444.00,"100 מ""ל",false,1,19.90,4.4820,true,1,78541
41390010309,false,רוטב קיקומן טריאקי 4,,,רוטב קיקומן טריאקי 444 מל,מיליליטרים,444.00,"100 מ""ל",false,1,19.90,4.4820,true,1,78540
44600002217,false,משחרר סתימות אפור 94,,,"חומר משחרר סתימות אפור 946 מ""ל",מיליליטרים,946.00,"100 מ""ל",false,1,25.90,2.7378,true,1,111191
44600008899,false,כלורקס לחלונות משטחי,,,כלורקס לחלונות משטחים 409 946 מל,מיליליטרים,946.00,"100 מ""ל",false,1,19.90,2.1036,true,1,127985
44600300580,false,מרסס בריח לוונדר קלי,,,מרסס בריח לוונדר קלין אפ 946 מל,מיליליטרים,946.00,"100 מ""ל",false,1,19.90,2.1036,true,1,130359
46214372250,false,עוגיות מרבה שטרודל ת,Merba BV,,"עוגיות ""מרבה"" שטרודל תפוחים 225 גר",גרמים,200.00,100 גרם,false,1,8.90,4.4500,true,1,41166
46214382259,false,עוגיות מרבה בראוניס,Merba BV,,"עוגיות ""מרבה"" בראוניס 225 גר",גרמים,200.00,100 גרם,false,1,8.90,4.4500,true,1,41167
46214731552,false,עוגיות מרבה 37% שוקו,Merba BV,,"עוגיות ""מרבה"" 37% שוקולד צ""יפס 225 גר",גרמים,225.00,100 גרם,false,1,8.90,3.9556,true,1,41168
48256214758,false,אבקת הפלא אסטוניש 40,אסטוניש,,"אבקת הפלא אסטוניש 400 מ""ל",מיליליטרים,400.00,"100 מ""ל",false,1,25.90,6.4750,true,1,106084
50000015474,false,פריסקיז מעדני הים 1.,,,פריסקיז מעדני הים 1.43 ק,קילוגרמים,1.43,"ק""ג",false,1,39.90,27.9021,true,1,41199
50000100347,false,פריסקיז מעדני חתול 1,נסטלה פורינה  USA מק,,פריסקיז מעדני חתול 1,קילוגרמים,1.40,"ק""ג",false,1,39.90,28.5000,true,1,41207
50000168583,false,פריסקיז אקסטרא קראנץ,,,פריסקיז אקסטרא קראנץ 1.43 קג,קילוגרמים,1.43,"ק""ג",false,1,39.90,27.9021,true,1,132749
50000170180,false,מזון לחתולים פריסקיז,פריסקיז,,מזון לחתולים פריסקיז פילה עוף 156 גר,גרמים,156.00,100 גרם,false,1,6.90,4.4231,true,1,41209
50000225224,false,מזון לחתולים פריסקיז,פריסקיז,,מזון לחתולים פריסקיז פילה הודו 156 גר,גרמים,156.00,100 גרם,false,1,6.90,4.4231,true,1,98369
50000429042,false,פנסי פיסט כבד מעודן,נסטלה פורינה  USA ג',,פנסי פיסט כבד מעודן,גרמים,85.00,100 גרם,false,1,5.90,6.9412,true,1,41215
50000429448,false,פנסי פיסט מוס סלמון,נסטלה פורינה  USA סט,,פנסי פיסט מוס סלמון,גרמים,85.00,100 גרם,false,1,5.90,6.9412,true,1,41216
50000429646,false,פנסי פיסט דג אוקיינו,נסטלה פורינה  USA ג',,פנסי פיסט דג אוקיינו,גרמים,85.00,100 גרם,false,1,5.90,6.9412,true,1,41217
51500000793,false,קונפיטורת אוכמניות 3,,,קונפיטורת אוכמניות 340 גר,גרמים,340.00,100 גרם,false,1,14.90,4.3824,true,1,138296
51500000816,false,קונפיטורת דובדבנים 3,,,קונפיטורת דובדבנים 340 גר,גרמים,340.00,100 גרם,false,1,14.90,4.3824,true,1,138298
51500000953,false,קונפיטורת תות שדה 34,,,קונפיטורת תות שדה 340 גר,גרמים,340.00,100 גרם,false,1,14.90,4.3824,true,1,138297
51500017470,false,חמאת בוטנים עם גלי ע,,,חמאת בוטנים עם גלי ענבים גובר 350 גר,גרמים,350.00,100 גרם,false,1,19.90,5.6857,true,1,133895
51500255162,false,חמאת בוטנים גיף חלקה,,,חמאת בוטנים גיף חלקה 454 גר,גרמים,454.00,100 גרם,false,1,17.90,3.9427,true,1,105636
51500255377,false,חמאת בוטנים גיף עם ש,,,חמאת בוטנים גיף עם שברי בוטנים 454 גר,גרמים,454.00,100 גרם,false,1,17.90,3.9427,true,1,105637
54881000062,false,תה שחור לימונית וקמו,,,תה שחור לימונית וקמומיל 20 שק,גרמים,30.00,100 גרם,false,1,10.90,36.3333,true,1,106042
54881000208,false,תה שחור לימון וגינגר,,,תה שחור לימון וגינגר 20 שק,Unknown,0.00,Unknown,false,1,10.90,0.0000,true,1,106043
54881001779,false,תה 12 טעמים אחמד טי,,,"תה 12 סוגים 177 גר""",גרמים,120.00,100 גרם,false,1,29.90,24.9167,true,1,41684
54881003988,false,תה 4 סוגים 20 שק,,,"תה 4 סוגים 20 שק""",Unknown,0.00,Unknown,false,1,10.90,0.0000,true,1,41685
54881003995,false,תה בטעם פירות 20 שק,,,תה בטעם פירות 20 שק,גרמים,40.00,100 גרם,false,1,10.90,27.2500,true,1,109008
54881004787,false,תה ירוק אחמד 100 שק,Sunshine tea (pvt) l,,תה ירוק אחמד 100 שקי,גרמים,200.00,100 גרם,false,1,19.90,9.9500,true,1,53142
54881006958,false,תה שחור קינמון 20 שק,Sunshine tea (pvt) l,,"תה שחור ""קינמון "" 20 שק",גרמים,40.00,100 גרם,false,1,10.90,27.2500,true,1,47761
54881006996,false,תה שחור אחמד אפרסק ו,Sunshine tea (pvt) l,,תה שחור אחמד אפרסק ופסיפלורה 20 שק,Unknown,0.00,Unknown,false,1,10.90,0.0000,true,1,107149
54881007108,false,תה שחור דומדמניות 20,Sunshine tea (pvt) l,,"תה שחור ""דומדמניות 20 שק",יחידה,1.00,יחידה,false,1,10.90,10.9000,true,1,47760
54881008167,false,תה אינגליש 100 שק,Sunshine tea (pvt) l,,"תה אינגליש 100 שק""",גרמים,200.00,100 גרם,false,1,19.90,9.9500,true,1,41701
54881008174,false,תה ארל גריי 100 שק,Sunshine tea (pvt) l,,"תה ארל גריי 100 שק""",גרמים,200.00,100 גרם,false,1,19.90,9.9500,true,1,41702
54881008181,false,תה אינגליש 100 שק,Sunshine tea (pvt) l,,"תה אינגליש 100 שק""",גרמים,200.00,100 גרם,false,1,19.90,9.9500,true,1,41703
54881012423,false,תה ירוק בטעם פטל ורי,,,תה ירוק בטעם פטל ורימונים 20 שק,Unknown,0.00,Unknown,false,1,10.90,0.0000,true,1,110155
55369901673,false,רביעית רסק תפוחים וא,Cherry growers inc,,רביעית רסק תפוח עץ ללא תוספת סוכר 113 גר,גרמים,452.00,100 גרם,false,1,16.90,3.7389,true,1,142705
55369902564,false,רביעית רסק תפוח עץ א,Cherry growers inc,,רביעית רסק תפוח עץ אפלסנקס 113 גר,גרמים,452.00,100 גרם,false,1,16.90,3.7389,true,1,142708
55500012046,false,מרסס כלורקס קלין אפ,,,כלורקס קלין אפ,מיליליטרים,946.00,"100 מ""ל",false,1,19.90,2.1036,true,1,41719
64144090013,false,תרסיס שמן פאם חמאה 1,,,"תרסיס שמן ""פאם"" חמאה",גרמים,141.00,100 גרם,false,1,16.90,11.9858,true,1,49201
64144090020,false,תרסיס שמן פאם זית 14,,,"תרסיס שמן ""פאם"" זית",גרמים,141.00,100 גרם,false,1,16.90,11.9858,true,1,49200
64144090051,true,תרסיס שמן פאם קנולה,,,"תרסיס שמן ""פאם"" קנול",גרמים,141.00,100 גרם,false,1,16.90,11.9858,true,1,96486
65627019712,false,ביסקוויט ספקולס קרמל,,,ביסקוויט ספקולס קרמל דה רוטר 250 גר,גרמים,250.00,100 גרם,false,1,10.90,4.3600,true,1,132557
70080000016,false,חרדל צהוב רגיל 297 ג,,,חרדל צהוב רגיל 297 גר,גרמים,297.00,100 גרם,false,1,8.90,2.9966,true,1,103422
70177077563,false,תה טווינינג ארל גריי,טווינינג,PL,תה טווינינג ארל גריי 50 גר,גרמים,50.00,100 גרם,false,12,18.90,37.8000,true,1,119920
70177077693,false,תה טווינינג אינגליש,טווינינג,PL,תה טווינינג  אינגליש ברקפסט 50 גר,גרמים,50.00,100 גרם,false,12,18.90,37.8000,true,1,119921
70221011116,false,שוקולד טובלרון חלב 1,,,"שוקולד ""טובלרון"" חלב",גרמים,100.00,100 גרם,false,1,9.90,9.9000,true,1,41965
71505022453,false,גבינת אריטאג קרם ציז,,,גבינת אריטאג קרם ציז בר 227 גר,גרמים,227.00,100 גרם,false,1,17.90,7.8855,true,1,128888
72392636914,false,פריז פופ סקיטלס 283.,,,פריז פופ סקיטלס 283.5 גר,גרמים,284.00,100 גרם,false,1,16.90,5.9507,true,1,142600
74234512141,false,פיקו דה גאלו מתבל על,סאן מרקוס,,פיקו דה גאלו מתבל על בסיס עגבניות 230 גר,גרמים,230.00,100 גרם,false,1,11.90,5.1739,true,1,106351
74234531142,false,פלפל חלפניו פרוס כבו,סאן מרקוס,,פלפל חלפניו פרוס כבוש 210 גר,גרמים,210.00,100 גרם,false,1,11.90,5.6667,true,1,106348
74234935230,false,סלסה ציפוטלה ברביקיו,סאן מרקוס,,סלסה ציפוטלה ברביקיו  230 גר,גרמים,230.00,100 גרם,false,1,11.90,5.1739,true,1,106352
74410470050,false,אצות קומבו 57 גר,Qingdao Sun-growing,,"אצות ""קומבו"" 57 גר""",גרמים,57.00,100 גרם,false,1,11.90,20.8772,true,1,50207
76808009330,false,עוגיות ברילה סנדוויץ,,,עוגיות ברילה סנדוויץ אגוזי לוז 200 גר,גרמים,200.00,100 גרם,false,1,11.90,5.9500,true,1,142643
76808009361,false,עוגיות ברילה לב שוקו,,,עוגיות ברילה לב שוקולד 200 גר,גרמים,200.00,100 גרם,false,1,11.90,5.9500,true,1,142641
76840001767,false,גלידת וניל עם עוגיות,,,גלידת וניל עם עוגיות חמאת בוטנים,מיליליטרים,473.00,"100 מ""ל",false,6,19.90,4.2072,true,1,126729
76840001774,false,גלידת עוגיות חלב עם,,,גלידת עוגיות חלב עם חתיכות פאדג,מיליליטרים,473.00,"100 מ""ל",false,6,19.90,4.2072,true,1,126728
76840002351,false,גלידה פיינט מרשמלו פ,,,פיינט סקוטיש,מיליליטרים,500.00,"100 מ""ל",false,6,19.90,3.9800,true,1,74801
76840100156,false,גלידת פיינט צרי גרסי,,,גלידת פיינט צרי 500 מל,מיליליטרים,500.00,"100 מ""ל",false,6,19.90,3.9800,true,1,99629
76840100583,false,גלידת בצק עוגיות 500,,,גלידת בצק עוגיות 500 מל,מיליליטרים,500.00,"100 מ""ל",false,1,19.90,3.9800,true,1,52917
76840100989,false,גלידת שוקולד עם מרשמ,,,גלידת שוקולד עם מרשמלו קרמל וחתיכות פאדג,מיליליטרים,500.00,"100 מ""ל",false,1,19.90,3.9800,true,1,117729
76840102051,false,גלידת פיינט קינמון ב,,,"גלידת קינמון באנס 500 מ""ל",מיליליטרים,500.00,"100 מ""ל",false,1,19.90,3.9800,true,1,52915
76840620029,false,גלידת ברי נייס 500 מ,,,גלידת ברי נייס 500 מל,מיליליטרים,500.00,"100 מ""ל",false,1,19.90,3.9800,true,1,52912
76840620036,false,גלידת פיינטים וניל ש,,,"גלידת פיינטים וניל שמנת משובחת 500 מ""ל",מיליליטרים,500.00,"100 מ""ל",false,1,19.90,3.9800,true,1,113411
77245110610,false,סוכריות מאסט ללא סוכ,MIESZKO S.A - MS. JO,,"סוכריות ""מאסט"" מנטה",גרמים,80.00,100 גרם,false,1,6.90,8.6250,true,1,42212
77975034071,false,שברי בייגלה סניידרס,,US,שברי בייגלה סניידרס ניברלס 255 גר,גרמים,255.00,100 גרם,false,12,14.90,5.8431,true,1,131416
77975036976,false,מטבל סלסה סניידרס 43,,,מטבל סלסה סניידרס 439 גרם,גרמים,439.00,100 גרם,false,1,15.90,3.6219,true,1,133341
77975091975,false,סנדוויץ בייגלה סנייד,,US,סנדוויץ בייגלה סניידרס בטעם פיצה 227 גר,גרמים,227.00,100 גרם,false,12,14.90,6.5639,true,1,125341
77975094624,false,בייגלה סניידרס במילו,,US,בייגלה סניידרס במילוי חמאת בוטנים 280 ג,גרמים,280.00,100 גרם,false,12,14.90,5.3214,true,1,129644
77975094631,false,סנדוויץ בייגלה סנייד,,,סנדוויץ בייגלה סניידרס במילוי קרם צדר,גרמים,227.00,100 גרם,false,12,14.90,6.5639,true,1,129643
77975094761,false,שברי בייגלה סניידרס,,,שברי בייגלה סניידרס בטעם צדר 340 גר,גרמים,340.00,100 גרם,false,1,14.90,4.3824,true,1,133062
77975094778,false,שברי בייגלה סניידרס,,,שברי בייגלה סניידרס בטעם דבש חרדל 340 גר,גרמים,340.00,100 גרם,false,1,14.90,4.3824,true,1,133942
77975095157,false,שברי בייגלה סניידרס,,,שברי בייגלה סניידרס בטעם חלפיניו 318 גר,גרמים,318.00,100 גרם,false,12,14.90,4.6855,true,1,139374
77975095164,false,שברי בייגלה סניידרס,,,שברי בייגלה סניידרס פרמזן ושום 318 גר,גרמים,318.00,100 גרם,false,12,14.90,4.6855,true,1,142908
78548293024,false,מקלות גונץ אפויים עם,GUNZ WARENHANDELS,,מקלות גונץ אפויים עם שמן זית 250גר,גרמים,250.00,100 גרם,false,1,16.90,6.7600,true,1,135163
80244009236,false,ויסקי בורבון באפלו ט,,,"וויסקי ""ברבן באפלו טרייס"" 750 מל",מיליליטרים,750.00,"100 מ""ל",false,1,149.90,19.9867,true,1,51646
80432402931,false,ויסקי שיבאס ריגאל 12,,,ויסקי שיבאס ריגאל 12 שנים 700 מל,מיליליטרים,700.00,"100 מ""ל",false,1,124.90,17.8429,true,1,72983
80432402979,false,ויסקי סקוטי גלאן גרא,,,"ויסקי סקוטי גלאן גראנט 10 שנים 700 מ""ל",מיליליטרים,700.00,"100 מ""ל",false,1,129.90,18.5571,true,1,112720
80432402993,false,ויסקי סקוטי גלן גראנ,,,"ויסקי סקוטי גלן גראנט 700 מ""ל",מיליליטרים,700.00,"100 מ""ל",false,1,99.90,14.2714,true,1,42311
80480005269,false,רום בקרדי שחור קרטה,,,"רום בקרדי שחור 700 מ""ל",מיליליטרים,750.00,"100 מ""ל",false,1,149.90,19.9867,true,1,106304
80518532859,false,שקיות רמה,,,שקיות רמה,Unknown,0.00,Unknown,false,1,18.90,0.0000,true,1,42318
80518532903,false,שקית 5 שיש,סודי,,שקית 5 שיש,Unknown,0.00,Unknown,false,1,5.90,0.0000,true,1,42322
84279978727,false,יין גוורצטרמינר פאלץ,,,יין גוורצטרמינר פאלץ לבן חצי יבש  0.75לי,מיליליטרים,750.00,"100 מ""ל",false,1,49.90,6.6533,true,1,72800
84380987649,false,וודקה פרבדה 700 מל,,,וודקה פרבדה 700 מל,מיליליטרים,700.00,"100 מ""ל",false,1,89.90,12.8429,true,1,124902
85156515417,false,וודקה קטל וואן 750 מ,,,וודקה קטל וואן 0.75 ל,מיליליטרים,750.00,"100 מ""ל",false,1,99.90,13.3200,true,1,54883
85696608037,false,טופו רך ללא גלוטן 34,Morinaga NUTRITIONAL,,טופו רך ללא גלוטן 340גר,גרמים,340.00,100 גרם,false,1,14.90,4.3824,true,1,79818
85696608044,false,טופו ללא גלוטן 340 ג,Morinaga NUTRITIONAL,,טופו ללא גלוטן 340גר,גרמים,340.00,100 גרם,false,1,14.90,4.3824,true,1,79819
87000006928,false,רום קפטיין מורגן כהה,,,"רום ""קפטיין מורגן"" כהה 0.75 ל",מיליליטרים,750.00,"100 מ""ל",false,1,99.90,13.3200,true,1,42762
88586000720,false,יין טו ויינז קברנה 7,סנט מישל גרופ,,יין טו ויינז קברנה 750 גר,מיליליטרים,750.00,"100 מ""ל",false,1,44.90,5.9867,true,1,53337
88586001109,false,יין טו ויינז מרלו 75,סנט מישל גרופ,,יין טו ויינז מרלו 750מל,מיליליטרים,750.00,"100 מ""ל",false,1,44.90,5.9867,true,1,80153
88586001338,false,יין טו ויינז שירז 75,סנט מישל גרופ,,יין טו ויינז שירז 750 מל,מיליליטרים,750.00,"100 מ""ל",false,1,44.90,5.9867,true,1,53338
88586418976,false,מרלו קברנה טו ויינז,סנט מישל גרופ,,מרלו קברנה טו ויינז 750 מל,מיליליטרים,750.00,"100 מ""ל",false,1,44.90,5.9867,true,1,42771
88586421860,false,יין טו ויינז ריזלינג,סנט מישל גרופ,,יין טו ויינז ריזלינג 750מל,מיליליטרים,750.00,"100 מ""ל",false,1,44.90,5.9867,true,1,80154
88586425868,false,יין טו ויינז גוורצטר,סנט מישל גרופ,,יין טו ויינז גוורצטרמינר 750 מל,מיליליטרים,750.00,"100 מ""ל",false,1,44.90,5.9867,true,1,53340
89041081056,false,שמן צילי 185 מל,Flavor full foods in,,"שמן צ""ילי 185 מ""ל",מיליליטרים,185.00,"100 מ""ל",false,1,11.90,6.4324,true,1,42772
89744770394,false,יין ריוניטה למברוסקו,,,יין ריוניטה למברוסקו אמיליה פחית 250 מל,מיליליטרים,250.00,"100 מ""ל",false,1,8.90,3.5600,true,1,141826
305210416383,false,קרם גוף וזילין לגבר,יוניליוור,,"קרם גוף וזילין לגבר נספג במהירות 618 מ""ל",מיליליטרים,618.00,"100 מ""ל",false,1,24.90,4.0291,true,1,111391
305213079004,false,תחליף גוף וזלין צהוב,יוניליוור,,"תחליף גוף וזלין צהוב להזנה עמוקה 603 מ""ל",מיליליטרים,603.00,"100 מ""ל",false,1,24.90,4.1294,true,1,111389
308910525744,false,אטריות אורז דקות 454,Oriental food co. lt,,אטריות אורז דקות 454 גר,גרמים,454.00,100 גרם,false,1,10.90,2.4009,true,1,39599
613008742348,false,משקה אריזונה גינסנג,,,אריזונה 1 ל גינסנג ודבש,ליטרים,1.00,ליטר,false,6,11.90,11.9000,true,1,130921
613008742409,false,משקה אריזונה אפרסק 1,,,אריזונה 1 ל אפרסק,ליטרים,1.00,ליטר,false,6,11.90,11.9000,true,1,130920
613008753290,false,משקה אריזונה אפרסק 4,,,"משקה אריזונה אפרסק 450 מ""ל",מיליליטרים,450.00,"100 מ""ל",false,1,7.90,1.7556,true,1,121493
613008753320,false,משקה אריזונה גינסנג,,,"משקה אריזונה גינסנג ודבש 450 מ""ל",מיליליטרים,450.00,"100 מ""ל",false,1,7.90,1.7556,true,1,121494
613008753351,false,משקה אריזונה רימונים,,,"משקה אריזונה רימונים 450 מ""ל",מיליליטרים,450.00,"100 מ""ל",false,1,7.90,1.7556,true,1,121495
613008755461,false,משקה אריזונה אוכמניו,,,אריזונה 1 ל אוכמניות,ליטרים,1.00,ליטר,false,6,11.90,11.9000,true,1,130919
628154383659,false,דגני פוסט פרוטי פבלס,,,דגני פוסט פרוטי פבלס ללא גלוטן 311 גר,גרמים,311.00,100 גרם,false,1,25.90,8.3280,true,1,141913
633824111838,false,וודקה ואן גוך אננס 7,מזקקת דירקזוואכר סכי,,"וודקה ""ואן גוך"" אננס 750 מ""ל",מיליליטרים,750.00,"100 מ""ל",false,1,139.90,18.6533,true,1,72700
633824913432,false,וודקה ואן גוך אסאי 7,מזקקת דירקזוואכר סכי,,"וודקה ""ואן גוג"" אסאי",מיליליטרים,750.00,"100 מ""ל",false,1,139.90,18.6533,true,1,41818
645173863337,true,שימורי ביצי דג זהבנו,,,שימורי ביצי דג זהבנון 185 גר,גרמים,185.00,100 גרם,false,1,10.90,5.8919,true,1,112536
645173863351,true,שימורי ביצי דג מעושן,,,שימורי ביצי דג מעושן זהבנון 185 גר,גרמים,185.00,100 גרם,false,1,10.90,5.8919,true,1,112537
645173863610,false,שום כבוש בחומץ 500 ג,,,שום כבוש בחומץ 500 גר,גרמים,500.00,100 גרם,false,1,14.90,2.9800,true,1,116993
645173911038,false,קורנישוון בחומץ 720,,,קורנישוון בחומץ 720 גר,גרמים,720.00,100 גרם,false,1,9.90,1.3750,true,1,41867
645173911427,false,מלפפון במלח 1 ל,,,מלפפון במלח 1 ליטר,קילוגרמים,1.00,"ק""ג",false,1,13.90,13.9000,true,1,41875
645173995618,false,רוטב שזיפים בר טקמלי,ארומה פרודקטס,,רוטב שזיפים בר טקמלי אדום 370 גר,גרמים,370.00,100 גרם,false,1,12.90,3.4865,true,1,109546
645173995632,false,רוטב שזיפים בר טקמלי,ארומה פרודקטס,,רוטב שזיפים בר טקמלי ירוק 370 גר,גרמים,370.00,100 גרם,false,1,11.90,3.2162,true,1,109548
645173995656,false,רוטב פלפל ירוק 370 ג,,,רוטב פלפל ירוק 370 גר,גרמים,370.00,100 גרם,false,1,12.90,3.4865,true,1,109553
645173995687,false,רוטב דובדבנים קורניל,,,רוטב דובדבנים קורנילה 420 גר,גרמים,420.00,100 גרם,false,1,22.90,5.4524,true,1,109556
645173995694,false,רוטב עגבניות 370 גר,ארומה פרודקטס,,רוטב עגבניות 370 גר,גרמים,370.00,100 גרם,false,20,11.90,3.2162,true,1,109549
660089001147,false,פותח סתימות נוזל 1 ל,סטרוכם,,פותח סתימות נוזל 1 ל,ליטרים,1.00,ליטר,false,1,23.90,23.9000,true,1,41939
693493010788,false,נאצוס ברביקיו 200 גר,,,נאצוס ברביקיו 200 גר,גרמים,200.00,100 גרם,false,1,12.90,6.4500,true,1,140771
693493010818,false,נאצוס טבעי 200 גר,,,נאצוס טבעי 200 גר,גרמים,200.00,100 גרם,false,1,12.90,6.4500,true,1,140772
693493028868,false,מלפפון בייבי,,,מלפפון בייבי,Unknown,0.00,Unknown,false,1,9.90,0.0000,true,1,129006
693493028875,false,פלפל טינקרבל,,,פלפל טינקרבל,Unknown,0.00,Unknown,false,1,6.90,0.0000,true,1,129005
693493028882,false,גינגר ארוז,,,גינגר ארוז,Unknown,0.00,Unknown,false,1,9.90,0.0000,true,1,129108
693493131032,false,חלבה פקאן ללא סוכר 3,,,חלבה פקאן ללא סוכר 330 גר,גרמים,330.00,100 גרם,false,1,23.90,7.2424,true,1,139329
693493138413,false,מיקס שורשים למרק,,,מיקס שורשים למרק,Unknown,0.00,Unknown,false,1,11.90,0.0000,true,1,131800
693493150545,false,דבש טהור פרחי בר 500,,,דבש טהור פרחי בר 500 גר,גרמים,500.00,100 גרם,false,1,31.90,6.3800,true,1,135180
693493161978,false,דבש טהור פרחי אבוקדו,,,דבש טהור פרחי אבוקדו 500 גר,גרמים,500.00,100 גרם,false,1,31.90,6.3800,true,1,135181
693493168632,false,זית קלמטה מגולען במי,,,זית קלמטה מגולען במי מלח 430 גר,גרמים,430.00,100 גרם,false,1,16.90,3.9302,true,1,138425
693493168649,false,זית קלמטה שלם במי מל,,,זית קלמטה שלם במי מלח 430 גר,גרמים,430.00,100 גרם,false,1,16.90,3.9302,true,1,138426
693493197540,false,תערובת לימון ופלפל 2,,,תערובת לימון ופלפל 205 גר,גרמים,205.00,100 גרם,false,1,24.90,12.1463,true,1,140832
693493197571,false,תבלין צילי מעושן ומל,,,תבלין צילי מעושן ומלח ים 220 גר,גרמים,220.00,100 גרם,false,1,19.90,9.0455,true,1,140827
693493197588,false,ריינבו פלפל 165 גר,,,ריינבו פלפל 165 גר,גרמים,165.00,100 גרם,false,1,34.90,21.1515,true,1,140833
707596280204,false,יין בלו נאן רוזה 750,,,"יין ""בלו נאן"" רוזה 0",מיליליטרים,750.00,"100 מ""ל",false,1,44.90,5.9867,true,1,45769
720495922327,false,חטיף פריידי מאק אנד,,,חטיף פריידי מאק אנד ציז 92.3 גר,גרמים,92.00,100 גרם,false,1,12.90,14.0217,true,1,139976
723830000100,false,בירה לגוניטס 355 מל,,,"בירה לגוניטס 355 מ""ל",מיליליטרים,355.00,"100 מ""ל",false,1,11.90,3.3521,true,1,126087
728229123590,false,חטיף ציפס טארה ירקות,Global Gourmet Produ,,חטיף ציפס טארה ירקות בטעם טבעי 110 גר,גרמים,110.00,100 גרם,false,1,14.90,13.5455,true,1,51252
728229123811,false,חטיף ציפס טארה ירקות,Global Gourmet Produ,,חטיף ציפס טארה ירקות ים תיכוני 110 גר,גרמים,110.00,100 גרם,false,1,14.90,13.5455,true,1,51254
728229124764,false,חטיף טארה בטטה מלח י,Global Gourmet Produ,US,חטיף טארה בטטה מלח ים  110 גר,גרמים,110.00,100 גרם,false,12,14.90,13.5455,true,1,117338
728229130444,false,חטיף ציפס טארה ירק ת,Global Gourmet Produ,,חטיף ציפס טארה ירק תפוא כחול סלק 110 גר,גרמים,110.00,100 גרם,false,1,14.90,13.5455,true,1,101742
729612384031,false,גלילי וופל קרם וניל,,,"גליליות ""בולירו"" וניל 400 גר",גרמים,400.00,100 גרם,false,1,17.90,4.4750,true,1,45795
736920111310,false,בירה גוס איילנדר איי,,,בירה גוס איילנדר איי פי איי בק 355 מל,מיליליטרים,355.00,"100 מ""ל",false,1,12.90,3.6338,true,1,140362
750536639419,false,מארז ויסקי בושמילס,,,מארז ויסקי בושמילס  700 מל,מיליליטרים,700.00,"100 מ""ל",false,1,129.90,18.5571,true,1,138847
753182340302,false,אבקת וואסבי 35 גר,,,אבקת וואסבי 35 גר,גרמים,35.00,100 גרם,false,1,13.90,39.7143,true,1,52102
768404001640,false,גלידת בן אנד גריס קפ,,,"גלידת בן אנד גריס קופי 500 מ""ל",מיליליטרים,500.00,"100 מ""ל",false,1,19.90,3.9800,true,1,99760
777696000033,false,מול שחור קנדי 907 גר,,,מול שחור קנדי 907 גר,גרמים,907.00,100 גרם,false,1,49.90,5.5017,true,1,45861
782706544933,false,זית ירוק ענק 500 גר,,,זית ירוק ענק 500 גר,גרמים,500.00,100 גרם,false,1,22.90,4.5800,true,1,141273
782706544940,false,זית שחור ענק 500 גר,,,זית שחור ענק 500 גר,גרמים,500.00,100 גרם,false,1,22.90,4.5800,true,1,141272
782706544964,false,זית סורי 500 גר,,,זית סורי 500 גר,גרמים,500.00,100 גרם,false,1,22.90,4.5800,true,1,141270
786150000274,false,בירה לף בראון בק 330,,,בירה לף בראון בק 330 מל,מיליליטרים,330.00,"100 מ""ל",false,1,10.90,3.3030,true,1,139474
805278001847,false,אורז בסמטי תומר 1 קג,,,אורז בסמטי תומר 1 קג,קילוגרמים,1.00,"ק""ג",false,1,9.90,9.9000,true,1,134156
811538010375,false,ליקר טקילה קוקוס 180,,,ליקר טקילה קוקוס 1800 750מל,מיליליטרים,750.00,"100 מ""ל",false,1,199.90,26.6533,true,1,80675
811538013031,false,רום מתובל קראקן 700,,,"רום מתובל קראקן 700 מ""ל",מיליליטרים,700.00,"100 מ""ל",false,12,119.90,17.1286,true,1,120231
812664009356,false,רכז תמר הינדי 400 גר,TAMICON,,רכז תמר הינדי 400 גר,גרמים,400.00,100 גרם,false,1,19.90,4.9750,true,1,99272
835811000396,false,נייר אפייה לתבנית מו,,,נייר אפייה לתבנית מוארכת 30 יח,Unknown,0.00,Unknown,false,1,9.90,0.0000,true,1,124858
835811000907,false,כוס יין מעוטר כסף 50,,,כוס יין מעוטר כסף 50 יח,Unknown,0.00,Unknown,false,1,11.90,0.0000,true,1,129295
835811003601,false,מקלוני כותנה לתינוק,,,מקלוני כותנה לתינוק 90 יח,Unknown,0.00,Unknown,false,12,4.90,0.0000,true,1,117566
835811004684,false,עטרות לאפיה כסף/זהב,,,עטרות לאפיה כסף/זהב מס 3  100 יח,Unknown,0.00,Unknown,false,1,8.90,0.0000,true,1,99468
835811005049,false,נייר אפייה מתכלה ירו,,,נייר אפייה מתכלה ירוק שקית 40 יח,Unknown,0.00,Unknown,false,1,9.90,0.0000,true,1,124857
835811005339,false,שקיות אוכל הנמל זוג,,,זוג שקיות אוכל,Unknown,0.00,Unknown,false,1,11.90,0.0000,true,1,50882
835811005728,false,עלים לקרמשניט 400 גר,,,עלים לקרמשניט,גרמים,400.00,100 גרם,false,1,26.90,6.7250,true,1,74108
835811006985,false,בורגול מרובע 500 גר,,,"בורגול מרובע 500 גר""",גרמים,500.00,100 גרם,false,1,4.90,0.9800,true,1,45971
835811007180,false,פופקורן הנמל 500 גר,,,"פופקורן 500 ג""ר",גרמים,500.00,100 גרם,false,1,5.90,1.1800,true,1,45977
835811007197,false,לקט עדשים אדומות 500,,,לקט עדשים אדומים 500,גרמים,500.00,100 גרם,false,1,7.90,1.5800,true,1,45978
835811007210,false,לקט חומוס 500 גר,,,"לקט חומוס 500 ג""ר",גרמים,500.00,100 גרם,false,1,5.90,1.1800,true,1,45980
835811007234,false,אפונה 500 גר,,,"אפונה 500 ג""ר",גרמים,500.00,100 גרם,false,1,5.90,1.1800,true,1,45982
835811007258,false,שעועית 500 גר,,,שעועית 500 גרם,גרמים,500.00,100 גרם,false,1,7.90,1.5800,true,1,45984
835811007494,false,גלטין טהור מדגים 28,,,גלטין טהור מדגים,גרמים,28.00,100 גרם,false,1,9.90,35.3571,true,1,45991
835811008743,false,קינואה מרובע 500 גר,,,"קינואה מרובע 500 גר""",גרמים,500.00,100 גרם,false,1,12.90,2.5800,true,1,46007
835811008767,false,גריסי פנינה 500 גר,,,גריסי פנינה 500 גרם,גרמים,500.00,100 גרם,false,1,5.90,1.1800,true,1,46008
835811008927,false,כוס ויסקי גבוה 10 יח,,,כוס וויסקי גבוהה 10,Unknown,0.00,Unknown,false,1,14.90,0.0000,true,1,46018
839762000641,false,משקה איילנד בטעם מנג,The Egyptian Co. for,,משקה איילנד בטעם מנגו 1ל,ליטרים,1.00,ליטר,false,1,11.90,11.9000,true,1,79089
839762000658,false,משקה איילנד בטעם גוי,The Egyptian Co. for,,משקה איילנד בטעם גויאבה 1ל,ליטרים,1.00,ליטר,false,1,11.90,11.9000,true,1,79090
841058006633,false,גל גילוח אדג מעושר ב,,US,אדג גל גילוח מעושר בשיבולת שועל,גרמים,200.00,100 גרם,false,12,16.90,8.4500,true,1,130777
842826001126,false,תבלין וגטה זכוכית 40,,,תבלין וגטה זכוכית 400 גר,גרמים,400.00,100 גרם,false,1,32.90,8.2250,true,1,129393
844510012227,false,יין רמת חברון פרדס 7,,,"יין רמת חברון פרדס 750 מ""ל",מיליליטרים,750.00,"100 מ""ל",false,1,99.90,13.3200,true,1,123038
844510013101,false,יין ירושלים הילס קבר,,,"יין גרוזלם הילס קברנה סוביניון 750 מ""ל",מיליליטרים,750.00,"100 מ""ל",false,12,42.90,5.7200,true,1,119901
844510013125,false,יין ירושלים הילס מרל,,,"יין גרוזלם הילס מרלו 750 מ""ל",מיליליטרים,750.00,"100 מ""ל",false,12,42.90,5.7200,true,1,119908
844510013149,false,יין ירושלים הילס קבר,,,יין גרוזלם הילס קברנה סוביניון שיראז 750,מיליליטרים,750.00,"100 מ""ל",false,12,42.90,5.7200,true,1,119909
844510013200,false,יין ירושלים הילס רוז,,,"יין ירושלים הילס רוזה 750 מ""ל",מיליליטרים,750.00,"100 מ""ל",false,12,42.90,5.7200,true,1,121742
844510013248,false,יין ירושלים הילס ריז,,,"יין גרוזלם הילס ריזלינג חצי יבש 750 מ""ל",מיליליטרים,750.00,"100 מ""ל",false,12,42.90,5.7200,true,1,119912
850307005617,false,אטריות ביצים ורמישל,א.ל.ב גולד,,איטריות ביצים ורמישל דק 500גר,גרמים,500.00,100 גרם,false,1,10.90,2.1800,true,1,103324
850307005624,false,אטריות ביצים ורמישל,א.ל.ב גולד,,איטריות ביצים ורמישל עבה 500גר,גרמים,500.00,100 גרם,false,1,10.90,2.1800,true,1,77245
850307005716,false,אטריות ביצים ספירל 5,א.ל.ב גולד,,איטריות ביצים ספירל 500גר,גרמים,500.00,100 גרם,false,1,10.90,2.1800,true,1,77248
850307005747,false,אטריות ביצים תלתל 50,א.ל.ב גולד,,איטריות ביצים תלתל 500גר,גרמים,500.00,100 גרם,false,1,10.90,2.1800,true,1,77247
850307005792,false,אטריות ביצים לפשה עב,א.ל.ב גולד,,איטריות ביצים לפשה עבה 500גר,גרמים,500.00,100 גרם,false,1,10.90,2.1800,true,1,77250
851621000043,false,בירה בלאנק 1664 בק 3,,,"בירה בלאנק 1664 בק 330 מ""ל",מיליליטרים,330.00,"100 מ""ל",false,1,9.90,3.0000,true,1,122304
851621000050,false,בירה בלאנק 1664 בק 3,,,"בירה בלאנק 1664 בק 330 מ""ל שישייה",מיליליטרים,1980.00,"100 מ""ל",false,1,54.90,2.7727,true,1,121953
856591000062,false,עוגיות מזרחיות עם מל,,,"עוגיות מזרחיות ""עבאד",גרמים,400.00,100 גרם,false,1,15.90,3.9750,true,1,42576
856591000109,false,עוגיות מזרחיות פריכי,,,עוגיות מזרחיות פריך,גרמים,400.00,100 גרם,false,1,15.90,3.9750,true,1,46033
856591000512,false,עוגיות מזרחיות מקלונ,,,עוגיות מזרחיות מקלות,גרמים,400.00,100 גרם,false,1,15.90,3.9750,true,1,46034
859547004466,false,ספוג ניקוי אדום סקרא,,,ספוג ניקוי אדום סקראב דרי יחידה,Unknown,0.00,Unknown,false,1,18.90,0.0000,true,1,139515
876153002266,false,יין קסטלו דל פוגי מו,,,יין קסטלו דל פוגי מוסקטו 750 מל,מיליליטרים,750.00,"100 מ""ל",false,1,44.90,5.9867,true,1,138834
876153002662,false,יין קסטלו דל פוגי רו,,,יין קסטלו דל פוגי רוזה מתוק 750 מל,מיליליטרים,750.00,"100 מ""ל",false,1,44.90,5.9867,true,1,138835
877358000293,false,יין רימונים חצי יבש,פרושן,,יין רימונים חצי יבש 750 מל,מיליליטרים,750.00,"100 מ""ל",false,1,29.90,3.9867,true,1,73861
884912002372,false,סלקט קרנברי 396 גר,,,סלקט קרנברי 396 גר,גרמים,396.00,100 גרם,false,1,23.90,6.0354,true,1,141915
884912102102,false,דגני בוקר בלובלרי מו,,,דגני בוקר בלובלרי מורנינג 382 גר,גרמים,382.00,100 גרם,false,1,23.90,6.2565,true,1,141916
884912359155,false,דגני בוקר האני באנצס,,,דגני בוקר האני באנצס רוסטד 340 גר,גרמים,340.00,100 גרם,false,12,23.90,7.0294,true,1,141880
884912359162,false,דגני בוקר האני באנצס,,,דגני בוקר האני באנצס שקדים 340 גר,גרמים,340.00,100 גרם,false,12,23.90,7.0294,true,1,141879
884912365200,false,דגני בוקר אוראו שחור,,,דגני בוקר אוראו שחור לבן 311 גר,גרמים,311.00,100 גרם,false,1,23.90,7.6849,true,1,142463
893594002051,false,פופקורנס גבינת צדר 2,,,פופקורנס גבינת צדר 28 גר,גרמים,28.00,100 גרם,false,1,5.90,21.0714,true,1,141318
893594002068,false,פופקורנס מלח ים 28 ג,,,פופקורנס מלח ים 28 גר,גרמים,28.00,100 גרם,false,1,5.90,21.0714,true,1,141317
3012991502002,false,רום נגריטה לבן 700 מ,ברדינה,,רום נגריטה לבן,מיליליטרים,700.00,"100 מ""ל",false,1,79.90,11.4143,true,1,34556
3012999150496,false,ליקר קרם קסיס 700 מל,ברדינה,,"ברדינה קרם קסיס דיז""",מיליליטרים,700.00,"100 מ""ל",false,1,54.90,7.8429,true,1,34559
3014260022839,false,מברשת שיניים אורל בי,פרוקטר אנד גמבל,,זוג מברשת שיניים אורל בי נטורל פרש,Unknown,0.00,Unknown,false,1,19.90,0.0000,true,1,96228
3014260023089,false,מברשות שיניים קלאסיק,,,מברשת שיניים שלישייה,Unknown,0.00,Unknown,false,1,12.90,0.0000,true,1,97920
3014260201753,false,בלו 2 פלוס LONG HAND,,,בלו 2 פלוס LONG HAND,Unknown,0.00,Unknown,false,1,15.90,0.0000,true,1,34562
3014260228842,false,גילט קצף גילוח 200 מ,,,"ג""ילט קצף גילוח לעור 200מל",מיליליטרים,200.00,"100 מ""ל",false,1,14.90,7.4500,true,1,34570
3014260240226,false,גילט קצף גילוח לעור,,,"ג""ילט קצף גילוח לעור 200מל",מיליליטרים,200.00,"100 מ""ל",false,1,14.90,7.4500,true,1,34571
3014260287030,false,סכיני גילוח חד פעמיי,,,"ג""ילט 2 (5 יח"")",Unknown,0.00,Unknown,false,1,8.90,0.0000,true,1,34583
3014260289287,false,סכיני גילוח לנשים חמ,,,סכיני גילוח לנשים חמישייה,Unknown,0.00,Unknown,false,1,14.90,0.0000,true,1,85540
3024482270109,false,קוניאק רמי מרטן 700,רמי מרטן,,"קוניאק ""רמי מרטין"" V",מיליליטרים,700.00,"100 מ""ל",false,1,219.90,31.4143,true,1,39550
3028130076563,false,קוניאק קמוס 700 מל,,,קוניאק קמוס 700 מל,מיליליטרים,700.00,"100 מ""ל",false,1,499.90,71.4143,true,1,133075
3028130077751,false,קוניאק קמוס 700 מל,,,קוניאק קמוס 700 מל,מיליליטרים,700.00,"100 מ""ל",false,1,119.90,17.1286,true,1,133073
3045140280902,false,שוקולד מילקה צימוקים,,,שוקולד מילקה  צימוקים ואגוזים 100 גר,גרמים,100.00,100 גרם,false,1,5.90,5.9000,true,1,39572
3045200760009,false,מחטא בגדים דזיטול 50,,,"דזיטול מחטא בגדים 500 מ""ל",מיליליטרים,500.00,"100 מ""ל",false,1,11.90,2.3800,true,1,116683
3045206312257,false,מגבונים לחיטוי כללי,מרקה,,מגבונים לחיטוי כללי דזיטול 24 יח,Unknown,0.00,Unknown,false,1,10.90,0.0000,true,1,106017
3045206360609,false,דזיטול נוזל מחטא בדי,רלוי,,דזיטול נוזל מחטא בדים בכביסה 1 ל,ליטרים,1.00,ליטר,false,1,22.90,22.9000,true,1,134604
3046920010801,false,שוקולד לינדט אקסלנס,לינדט,,שוקולד לינדט אקסלנס הזלנט 100 גר,גרמים,100.00,100 גרם,false,1,15.90,15.9000,true,1,108300
3046920016377,false,שוקולד לינדט אקסלנס,לינדט,FR,שוקולד לינדט אקסלנס 100% 50 גר,גרמים,50.00,100 גרם,false,18,15.90,31.8000,true,1,128519
3046920027281,false,שוקולד לינדט אקסלנס,לינדט,,שוקולד לינדט אקסלנס קרמלסולט 100 גר,גרמים,100.00,100 גרם,false,1,15.90,15.9000,true,1,96647
3046920028004,false,שוקולד לינדט אקסלנס,לינדט,,"שוקולד ""לינדט אקסלנס",גרמים,100.00,100 גרם,false,1,15.90,15.9000,true,1,39573
3046920028363,false,שוקולד מריר 85% לינד,לינדט,,"שוקולד ""לינדט אקסלנס",גרמים,100.00,100 גרם,false,1,15.90,15.9000,true,1,39574
3046920028721,false,שוקולד לינדט אקסלנס,לינדט,,שוקולד לינדט אקסלנס 99% 50 גר,גרמים,50.00,100 גרם,false,1,15.90,31.8000,true,1,108574
3046920028752,false,שוקולד מריר עם מנטה,לינדט,,"שוקולד ""לינדט אקסלנס",גרמים,100.00,100 גרם,false,1,15.90,15.9000,true,1,39576
3046920029759,false,שוקולד לינדט אקסלנס,לינדט,,שוקולד לינדט אקסלנס 90% 100 גר,גרמים,100.00,100 גרם,false,1,15.90,15.9000,true,1,96645
3046920029780,false,שוקולד לינדט מריר 70,לינדט,,שוקולד לינדט אקסלנס 70% 100 גר,גרמים,100.00,100 גרם,false,1,15.90,15.9000,true,1,108060
3049197110076,false,קוניאק קורווזיה 700,,,"קוניאק קורווזיה 700 מ""ל מארז עם כוסות",מיליליטרים,700.00,"100 מ""ל",false,1,139.90,19.9857,true,1,111122
3059943015104,false,ספריי איירויק נטול ג,,,"מבשם אוויר ""אירוויק""",Unknown,0.00,Unknown,false,1,14.90,0.0000,true,1,87670
3059943015128,false,מטהר אוויר נטול גז ל,,,"מבשם אוויר ""אירוויק""",מיליליטרים,345.00,"100 מ""ל",false,1,14.90,4.3188,true,1,39583
3068320014067,false,מים מינרליים אוויאן,,,מים מינרליים אוויאן 750 מל,מיליליטרים,750.00,"100 מ""ל",false,1,9.90,1.3200,true,1,140097
3068320017846,false,מים מינרליים אוויאן,,,מים מינרליים אוויאן 1 ל,ליטרים,1.00,ליטר,false,1,10.90,10.9000,true,1,140098
3068320055008,false,מים מינרליים אוויאן,,,מים מינרליים אוויאן 500 מל,מיליליטרים,500.00,"100 מ""ל",false,1,6.90,1.3800,true,1,140096
3073780538442,false,גבינה לוואש קירי ממר,"מפעלי גבינות    ""ביל",,"גבינה ""לוואש קירי"" ממרח 200 גר",גרמים,200.00,100 גרם,false,1,24.90,12.4500,true,1,51928
3073780574242,false,גבינה לה ואש קירי 16,,,גבינה לה ואש קירי 16 240 גר,גרמים,240.00,100 גרם,false,1,24.90,10.3750,true,1,39589
3073780574310,false,גבינה לה ואש קירי 24,,,גבינה לה ואש קירי 24 360 גר,גרמים,360.00,100 גרם,false,1,36.90,10.2500,true,1,39590
3073780591591,false,גבינה לואש קירי 192,"מפעלי גבינות    ""ביל",,גבינה לואש קירי 192 גר,גרמים,192.00,100 גרם,false,48,19.90,10.3646,true,1,39591
3073780593083,false,גבינה לה ואש קירי 32,"מפעלי גבינות    ""ביל",,גבינה לה ואש קירי 32 480 גר,גרמים,480.00,100 גרם,false,1,46.90,9.7708,true,1,39592
3073780839631,false,גבינה קירי 6 יח 100,"מפעלי גבינות    ""ביל",,גבינה קירי 6יח 100גר,גרמים,100.00,100 גרם,false,1,14.90,14.9000,true,1,74703
3073781162790,false,גבינת אדם בייבי בל 1,בל,,גבינת אדם בייבי בל 120 גר,גרמים,120.00,100 גרם,false,1,22.90,19.0833,true,1,139478
3073781177220,false,גבינת אדם בייבי בל ר,בל,FR,גבינת אדם בייבי בל רול 102 גר,גרמים,102.00,100 גרם,false,8,22.90,22.4510,true,1,142122
3120581430694,false,יין הנרי דה פלורט קו,,,יין הנרי דה פלורט קוט דו רון אדום יבש,מיליליטרים,750.00,"100 מ""ל",false,1,39.90,5.3200,true,1,128477
3147690014607,false,יין פורט קאלווארש דר,דרוז,,יין פורט דרוז ברדינה,מיליליטרים,750.00,"100 מ""ל",false,1,49.90,6.6533,true,1,76619
3147690045908,false,ארמניאק דה לה מזייר,לה מזייר,,ארמניאק דה לה מזייר,מיליליטרים,750.00,"100 מ""ל",false,1,119.90,15.9867,true,1,39616
3147690083207,false,ארמניאק סאן ויואן 75,לה מזייר,,ארמניאק סאן ויוא,מיליליטרים,750.00,"100 מ""ל",false,1,149.90,19.9867,true,1,39620
3147697720204,false,ויסקי לייבל בלאק 5 ק,,,"ויסקי לייבל בלאק 5 קלאסיק 700 מ""ל",מיליליטרים,700.00,"100 מ""ל",false,1,79.90,11.4143,true,1,101329
3159560595000,false,יין סמוק רוזה דאנזן,,,"יין סמוק רוזה דאנזן יבש 750 מ""ל",מיליליטרים,750.00,"100 מ""ל",false,1,44.90,5.9867,true,1,106339
3161420001972,false,ברנדי סט רמי 700 מל,רמי קואנטרו,,"ברנדי ""סט רמי"" VSOP",מיליליטרים,700.00,"100 מ""ל",false,1,79.90,11.4143,true,1,77511
3161712996153,true,גבינה מיני ברי כחולה,,,גבינה מיני ברי כחולה 125 גר,גרמים,125.00,100 גרם,false,,24.90,19.9200,true,1,139876
3175520018594,false,יין רוש מאזה סביניון,castel freres,,"יין ""רוש מאזה""סביניון 750 מ""ל",מיליליטרים,750.00,"100 מ""ל",false,1,34.90,4.6533,true,1,66533
3175520020597,false,יין רוש מאזה סירה 75,castel freres,,יין ראש מאזה סירה 750מל,מיליליטרים,750.00,"100 מ""ל",false,1,34.90,4.6533,true,1,77562
3175529640758,false,יין רוש מאזה לבן יבש,castel freres,,"יין  רוש מאזה לבן יבש שרדנה 750 מ""ל",מיליליטרים,750.00,"100 מ""ל",false,1,34.90,4.6533,true,1,99362
3175529640789,false,יין רוש מאזה קברנה ס,castel freres,,"יין ""רוש מאזה"" קברנה סובניון 750 מ""ל",מיליליטרים,750.00,"100 מ""ל",false,1,34.90,4.6533,true,1,97448
3175529644916,false,יין רוש מאזה לבן מתו,castel freres,,"יין רוש מאזה לבן מתוק מוסקט 750 מ""ל",מיליליטרים,750.00,"100 מ""ל",false,6,34.90,4.6533,true,1,120487
3177380046014,false,קוניאק קרויזט 700 מל,,,קוניאק קרויזט 700 מל,מיליליטרים,700.00,"100 מ""ל",false,1,169.90,24.2714,true,1,139144
3177381116051,false,קוניאק קרויזט 700 מל,,,קוניאק קרויזט 700 מל,מיליליטרים,700.00,"100 מ""ל",false,1,169.90,24.2714,true,1,139145
3179732348913,false,מים מינרליים פרייה פ,,,מים מינרליים  פרייה פלסטיק 1 ל,ליטרים,1.00,ליטר,false,1,9.90,9.9000,true,1,87697
3219820000078,false,קוניאק מרטל 700 מל,MARTEL COGNAC,,קוניאק מרטל 700 מל,מיליליטרים,700.00,"100 מ""ל",false,1,139.90,19.9857,true,1,39649
3245990969419,false,קוניאק הנסי 40% 700,jas hennessy,,"קוניאק ""הנסי"" 700 מל",מיליליטרים,700.00,"100 מ""ל",false,1,269.90,38.5571,true,1,51657
3245995960015,false,קוניאק הנסי 40% 700,jas hennessy,,קוניאק הנסי V.S,מיליליטרים,700.00,"100 מ""ל",false,1,149.90,21.4143,true,1,75866
3256760106408,false,פלשארד בסגנון פטה קו,,,פלשארד קרטונית מנות,גרמים,500.00,100 גרם,false,1,11.90,2.3800,true,1,39658
3256761201003,false,תחליף גבינה פטה פלשא,,,"גבינה פטה ""פלשארד"" ב",גרמים,500.00,100 גרם,false,1,11.90,2.3800,true,1,39661
3263280107495,false,יין סנגריה מריה אולה,,,יין סנגריה מריה אולה 1.5 ל,ליטרים,1.50,ליטר,false,1,19.90,13.2667,true,1,137126
3263286301323,false,יין גיי פי שנה קברנה,,,יין קברנה סירה JP,מיליליטרים,750.00,"100 מ""ל",false,1,39.90,5.3200,true,1,87705
3263286301385,false,יין גי פי גראנש סנסו,,,"יין JP CHENET גראנש סנסו 750 מ""ל",מיליליטרים,750.00,"100 מ""ל",false,1,39.90,5.3200,true,1,123199
3263286314989,false,יין ברון דאריניאק אד,,,"יין ברון דאריניאק אדום 750 מ""ל",מיליליטרים,750.00,"100 מ""ל",false,1,34.90,4.6533,true,1,97011
3263286328993,false,יין גיי פי שנה מרלו,,,יין מרלו JP CHENET,מיליליטרים,750.00,"100 מ""ל",false,1,39.90,5.3200,true,1,123440
3263286346683,false,יין גיי פי שנה קולומ,לנדר,FR,יין קולומברד שרדונה לבן יבש JP,מיליליטרים,750.00,"100 מ""ל",false,6,39.90,5.3200,true,1,121679
3263286355906,false,יין גיי פי שנה סובינ,לנדר,FR,יין סוביניון בלאן לבן יבש JP,מיליליטרים,750.00,"100 מ""ל",false,6,39.90,5.3200,true,1,121680
3263289990203,false,יין גיי פי שנה שרדונ,,,יין JP לבן שרדונה,מיליליטרים,750.00,"100 מ""ל",false,1,39.90,5.3200,true,1,103271
3263289998711,false,ייין גיי פי שנה שירא,,,יין JP אדום שיראז,מיליליטרים,750.00,"100 מ""ל",false,1,39.90,5.3200,true,1,103270
3269863001891,false,ברנדי דרוסארק נפוליא,,,ברנדי דרוסארק נפוליאון באריזת שי 700 מל,מיליליטרים,700.00,"100 מ""ל",false,1,79.90,11.4143,true,1,129123
3270620001498,false,קוניאק לואי רוייה 70,,,"קוניאק לואי רוייה XO 700 מ""ל",מיליליטרים,700.00,"100 מ""ל",false,1,499.90,71.4143,true,1,110866
3270620001757,false,קוניאק לואי רוייה 70,,,"קוניאק ""לואי רוייר"" 0.7 ל",מיליליטרים,700.00,"100 מ""ל",false,1,109.90,15.7000,true,1,54881
3272810233177,false,יין בורדו דה שבל בלא,גראן שר דה פראנס,,"יין בורדו דה שבל בלאן אדום יבש 750 מ""ל",מיליליטרים,750.00,"100 מ""ל",false,1,55.90,7.4533,true,1,139910
3278480396310,false,קוניאק גודה 700 מל V,COGNAC GODET,FR,"קוניאק גודה VS 700 מ""ל",מיליליטרים,700.00,"100 מ""ל",false,6,104.90,14.9857,true,1,116094
3328640121945,false,ויסקי היילנד קווין ב,,,ויסקי היילנד קווין בלנדד שרי פיניש 1 ל,ליטרים,1.00,ליטר,false,1,99.90,99.9000,true,1,109019
3387390320244,false,פיטנס דגנים עם פירות,נסטלה צרפת איטנקורט,,פיטנס דגנים עם פירות,גרמים,375.00,100 גרם,false,1,19.90,5.3067,true,1,39712
3387390525960,false,"דגני בוקר ""קראנץ"" מש",נסטלה צרפת רומילי,,"דגני בוקר ""קראנץ"" מש",גרמים,500.00,100 גרם,false,1,21.90,4.3800,true,1,39713
3417320023881,false,בירה סברנה פרמיום פח,קלסברוג ברוארי,,"בירה סברנה פרמיום פח 500 מ""ל",מיליליטרים,500.00,"100 מ""ל",false,1,6.90,1.3800,true,1,97931
3472710055040,false,בונ טראפלס בלגי בטעם,,,בונ טראפלס בלגי בטעם קקאו 150 גר,גרמים,150.00,100 גרם,false,1,11.90,7.9333,true,1,124554
3472710058256,false,בונ טראפלס אגוזי לוז,,,בונ טראפלס אגוזי לוז 150 גר,גרמים,150.00,100 גרם,false,1,11.90,7.9333,true,1,140809
3500610033346,false,יין גיי פי שנה אדום,,,יין JP אדום חצי מתוק,מיליליטרים,750.00,"100 מ""ל",false,1,39.90,5.3200,true,1,103273
3500610051111,false,יין ברון דאריניאק רו,,FR,"יין ברון דאריניאק רוזה 750 מ""ל",מיליליטרים,750.00,"100 מ""ל",false,1,34.90,4.6533,true,1,117720
3500610063046,false,יין בורדו דומיין דה,גראן שר דה פראנס,,יין בורדו דומיין דה שבל בלאן לבן יבש 750,מיליליטרים,750.00,"100 מ""ל",false,1,55.90,7.4533,true,1,106123
3500610066122,false,יין שאטו דו פביליון,,,יין שאטו דו פביליון בורדו אדום יבש,מיליליטרים,750.00,"100 מ""ל",false,1,39.90,5.3200,true,1,128479
3500610079160,false,יין בורדו שאטו מולין,מק-דול אינטרנשיונל,,יין בורדו שאטו מולין פונטט אדום יבש 750,מיליליטרים,750.00,"100 מ""ל",false,1,49.90,6.6533,true,1,99015
3500610084676,false,יין מבעבע בלאן פוסי,GCF,,יין מבעבע בלאן פוסי אייס לבן חצי יבש 750,מיליליטרים,750.00,"100 מ""ל",false,1,39.90,5.3200,true,1,100849
3500610122644,false,יין גיי פי שנה גוורט,,,יין שנה לבן יבש גוורטטרמינר JP,מיליליטרים,750.00,"100 מ""ל",false,1,39.90,5.3200,true,1,111926
3500610137518,false,יין שאטו דו פר בורדו,,,יין שאטו דו פר בורדו אדום יבש,מיליליטרים,750.00,"100 מ""ל",false,1,39.90,5.3200,true,1,128478
3523230025652,true,גבינה בושה עיזים שום,אוריאל,,גבינה בושה עיזים שום 125 גר,גרמים,125.00,100 גרם,false,1,24.90,19.9200,true,1,100395
3523230026888,true,גבינת פירמידה עיזים,אוריאל,,גבינת פירמידה עיזים שום 140 גר,גרמים,140.00,100 גרם,false,1,24.90,17.7857,true,1,100393
3574660058857,false,שמן לגוף התינוק גונס,Johnson Toilet-IT,IT,"שמן גיונסונס בייבי 500 מ""ל",מיליליטרים,500.00,"100 מ""ל",false,1,29.90,5.9800,true,1,120621
3574660089547,false,טמפון או.בי נורמל,Johnson Toilet-IT,,טמפון או.בי נורמל,Unknown,0.00,Unknown,false,1,24.90,0.0000,true,1,39745
3574660333466,false,טמפונים ללא מוליך מי,Johnson Toilet-IT,,"טמפוני ""או.בי"" מיני 32 יח",גרמים,240.00,100 גרם,false,1,24.90,10.3750,true,1,49693
3574660464429,false,מגן תחתון קרפרי אוור,,,מגן תחתון קרפרי אוורירי 76 יח,Unknown,0.00,Unknown,false,1,22.90,0.0000,true,1,115245
3574661003924,false,מי פה ליסטרין טוטל ק,,,"מי פה ליסטרין טוטל קאר 500 מ""ל",מיליליטרים,500.00,"100 מ""ל",false,1,21.90,4.3800,true,1,116268
3574661114637,false,מי פה ליסטרין זירו 5,,,"מי פה ליסטרין זירו 500 מ""ל",מיליליטרים,500.00,"100 מ""ל",false,1,19.90,3.9800,true,1,116266
3574661363998,false,מי פה ליסטרין גרין ט,,,"מי פה ליסטרין גרין טי 500 מ""ל",מיליליטרים,500.00,"100 מ""ל",false,1,21.90,4.3800,true,1,116269
3574661428048,false,סבון ידיים גונסון 50,,,סבון ידיים גונסון 500 מל,מיליליטרים,500.00,"100 מ""ל",false,1,11.90,2.3800,true,1,140700
3574661487328,false,מגני תחתון קרפרי רגי,Johnson Toilet-IT,,מגני תחתון קרפרי רגיל 56 יח,Unknown,0.00,Unknown,false,1,17.90,0.0000,true,1,122917
3574661487618,false,מגן תחתון קרפרי מקסי,Johnson Toilet-IT,,מגן תחתון קרפרי מקסי מבושם 48 יח,Unknown,0.00,Unknown,false,1,17.90,0.0000,true,1,122919
3574661487625,false,מגן תחתון קרפרי מקסי,Johnson Toilet-IT,,מגן תחתון קרפרי מקסי לארג 48 יח,Unknown,0.00,Unknown,false,1,17.90,0.0000,true,1,122918
3574661491806,false,מי פה ליסטרין אדואנס,,,מי פה ליסטרין אדואנסיד וויט 500 מל,מיליליטרים,500.00,"100 מ""ל",false,1,21.90,4.3800,true,1,132208
3574661552804,false,מגני תחתון קרפרי אלו,Johnson Toilet-IT,IT,מגני תחתון קרפרי אלוורה 56 יח,Unknown,0.00,Unknown,false,5,17.90,0.0000,true,1,126898
3574661552811,false,מגני תחתון קרפרי כות,Johnson Toilet-IT,IT,מגני תחתון קרפרי כותון אוורירי 56 יח,Unknown,0.00,Unknown,false,5,17.90,0.0000,true,1,126896
3574661554877,false,מגני תחתון קרפרי כות,Johnson Toilet-IT,IT,מגני תחתון קרפרי כותון מבושם 56 יח,Unknown,0.00,Unknown,false,5,17.90,0.0000,true,1,126897
3574669907729,false,שמפו גינסונס בייבי ג,Johnson Toilet-IT,IT,שמפו גינסונס בייבי גולד 750 מל,מיליליטרים,750.00,"100 מ""ל",false,1,19.80,2.6400,true,1,140730
3574669907972,false,שמפו גונסון טיפות של,ג'ונסונ'ס,IT,"שמפו גונסון טיפות של ברק 750 מ""ל",מיליליטרים,750.00,"100 מ""ל",false,1,24.90,3.3200,true,1,120631
3574669908443,false,אל סבון וקצף אמבטיה,Johnson Toilet-IT,IT,"אל סבון וקצף אמבטיה גונסון בייבי 750 מ""ל",מיליליטרים,750.00,"100 מ""ל",false,1,19.90,2.6533,true,1,120630
3574669908481,false,אל סבון גונסונס בייב,Johnson Toilet-IT,IT,"אל סבון גונסונס בייבי אמבט 750 מ""ל",מיליליטרים,750.00,"100 מ""ל",false,1,19.90,2.6533,true,1,120629
3574669908665,false,אל סבון גונסון בייבי,Johnson Toilet-IT,IT,"אל סבון גונסון בייבי לפני שינה 750 מ""ל",מיליליטרים,750.00,"100 מ""ל",false,1,19.90,2.6533,true,1,120627
3574669908948,false,אל סבון גונסון בייבי,Johnson Toilet-IT,IT,"אל סבון גונסון בייבי לרחצה עדינה 750 מ""ל",מיליליטרים,750.00,"100 מ""ל",false,1,19.90,2.6533,true,1,120628
3600522943419,false,דאודורנט לוריאל מן א,,,דאודורנט לוריאל מן אקס אקספרט קול פאוור,מיליליטרים,150.00,"100 מ""ל",false,1,18.90,12.6000,true,1,123984
3600523462360,false,דאודורנט לוריאל מן א,,,דאודורנט לוריאל מן אקס סנסיטיב קונטרול,מיליליטרים,150.00,"100 מ""ל",false,1,18.90,12.6000,true,1,123986
3600523642489,false,מסיכה 6 שמנים 300 מל,"לוריאל ישראל בע""מ",,"מסיכה 6 שמנים 300 מ""ל",מיליליטרים,300.00,"100 מ""ל",false,1,24.90,8.3000,true,1,121972
3600523651900,false,מרכך אלביב ארגנין 55,,,"מרכך אלביב ארגנין 550 מ""ל",מיליליטרים,550.00,"100 מ""ל",false,1,15.90,2.8909,true,1,116619
3600523652280,false,שמפו אלביב 6 שמנים 5,,,"שמפו אלביב 6 שמנים 550 מ""ל",מיליליטרים,550.00,"100 מ""ל",false,1,15.90,2.8909,true,1,116613
3600523653638,false,מרכך אלביב חימר 550,,,"מרכך אלביב חימר 550 מ""ל",מיליליטרים,550.00,"100 מ""ל",false,1,15.90,2.8909,true,1,116622
3600523782574,false,מסכה לשיער אלביב דרי,,,"מסכה לשיער אלביב דרים לונג 300 מ""ל",מיליליטרים,300.00,"100 מ""ל",false,1,24.90,8.3000,true,1,121967
3607340717635,false,גל רחצה אדידס אייס ד,קוטי ס.פ,,"גל רחצה אדידס אייס דייב 400 מ""ל",מיליליטרים,400.00,"100 מ""ל",false,1,12.90,3.2250,true,1,112881
3607347320449,false,גל רחצה אדידס ספורט,קוטי ס.פ,,"גל רחצה אדידס ספורט אנרגי 400 מ""ל",מיליליטרים,400.00,"100 מ""ל",false,1,12.90,3.2250,true,1,112879
3614223736003,false,דאו ספריי לגבר אדיפי,,,דאו ספריי לגבר אדיפיור 150 מל,מיליליטרים,150.00,"100 מ""ל",false,1,9.90,6.6000,true,1,130806
3614224050986,false,דאו ספריי לגבר אדיפא,,,דאו ספריי לגבר אדיפיור 72 ש 150 מל,מיליליטרים,150.00,"100 מ""ל",false,1,9.90,6.6000,true,1,130807
3665468301723,false,אירוויק באז מבשם מנו,,PL,אירוויק באז מבשם מנוטרל בניחוח לילות לבנ,מיליליטרים,237.00,"100 מ""ל",false,8,14.90,6.2869,true,1,141748
3700485100048,false,ברנדי נשיונאל 700 מל,jas hennessy,,"ברנדי ""נשיונאל"" 0.7",ליטרים,0.70,ליטר,false,1,109.90,157.0000,true,1,42877
3700485100260,false,קוניאק פוסוני סלקשיי,,,"קוניאק פוסוני סלקשיין 700 מ""ל",מיליליטרים,700.00,"100 מ""ל",false,1,149.90,21.4143,true,1,121996
3700619334226,false,יין קיילי מינוג קוטס,,,יין קיילי מינוג קוטס דה פרובנס 750 מל,מיליליטרים,750.00,"100 מ""ל",false,1,99.90,13.3200,true,1,140066
3701086304309,false,יין לה קוק סירה בלאק,,FR,יין לה קוק סירה בלאק 750 מל,מיליליטרים,750.00,"100 מ""ל",false,6,64.90,8.6533,true,1,140811
3760027605462,false,יין רוזה דום דו פונט,TIFFON,FR,יין רוזה דום דו פונט סנסו 750 מל,מיליליטרים,750.00,"100 מ""ל",false,1,39.90,5.3200,true,1,133786
3760027605578,false,יין דום דו פונט סובי,TIFFON,IT,יין דום דו פונט סוביניון בלאן לבן 750 מל,מיליליטרים,750.00,"100 מ""ל",false,6,39.90,5.3200,true,1,143253
3760027605592,false,יין דום דו פונט שרדו,,IT,יין דום דו פונט שרדונה לבן 750 מל,מיליליטרים,750.00,"100 מ""ל",false,6,39.90,5.3200,true,1,143251
3760027608845,false,יין דום דו פונט מרלו,TIFFON,IT,יין דום דו פונט מרלו 750 מל,מיליליטרים,750.00,"100 מ""ל",false,6,39.90,5.3200,true,1,143252
3760040420394,false,יין פול מאס קלו דה מ,פול מאס,,יין פול מאס קלו דה מור אדום,Unknown,0.00,Unknown,false,1,79.90,0.0000,true,1,53336
3760130710435,false,יין בורדו סופריור שא,,,יין אדום יבש בורדו סופריור שאטו לסקו 750,מיליליטרים,750.00,"100 מ""ל",false,1,49.90,6.6533,true,1,141816
3760263790021,false,יין דומיין אלכסנדר ש,,,יין דומיין אלכסנדר שאבלי לבן יבש 750 מל,מיליליטרים,750.00,"100 מ""ל",false,1,79.90,10.6533,true,1,128171
3770012307042,false,יין לבן יבש פטי שאבל,,,יין לבן יבש פטי שאבלי 750 מל,מיליליטרים,750.00,"100 מ""ל",false,1,69.90,9.3200,true,1,141818
3770012307059,false,יין לבן יבש שאבלי 75,,,יין לבן יבש שאבלי 750 מל,מיליליטרים,750.00,"100 מ""ל",false,1,79.90,10.6533,true,1,141819
3800020418819,false,קיט קט צאנקי בוטנים,,,רביעיית קיט קט צאנקי בוטנים,גרמים,168.00,100 גרם,false,1,12.90,7.6786,true,1,133747
3800034954150,false,מטהר אוויר לרכב שליש,,,מטהר אוויר לרכב שליש,Unknown,0.00,Unknown,false,1,11.90,0.0000,true,1,42908
3800034965798,false,מטהר אוויר פחית,,,מטהר אוויר פחית,Unknown,0.00,Unknown,false,1,15.90,0.0000,true,1,122026
3800034966122,false,מטהר אוויר לבית 85 מ,,,מטהר אוויר לבית 85 מל,Unknown,0.00,Unknown,false,1,17.90,0.0000,true,1,111371
3800034977807,false,מפיץ ריח לבית 50 מל,,,מפיץ ריח לבית 50 מל,מיליליטרים,50.00,"100 מ""ל",false,1,12.90,25.8000,true,1,135765
3800034979030,false,מפיץ ריח לבית 50 מל,,,מפיץ ריח לבית 50 מל,מיליליטרים,50.00,"100 מ""ל",false,1,12.90,25.8000,true,1,135764
3800061607968,false,חטיפי וופל בטעם קקאו,,,חטיפי וופל בטעם קקאו עם קרם 180 גר,גרמים,180.00,100 גרם,false,1,9.90,5.5000,true,1,141212
3800061608200,false,עוגיות סנדוויץ בטעם,,,עוגיות סנדוויץ בטעם יוגורט תות 153 גר,גרמים,153.00,100 גרם,false,1,9.90,6.4706,true,1,141213
3800061608231,false,עוגיות במילוי בטעם פ,,,עוגיות במילוי בטעם פירות יער 134 גר,גרמים,134.00,100 גרם,false,1,9.90,7.3881,true,1,141216
3800065711289,false,ביסקוויט ריבת פירות,,,ביסקוויט במילוי ריבת פירות יער מצופה,גרמים,150.00,100 גרם,false,1,8.90,5.9333,true,1,77156
3800065711319,false,ביסקויט ריבת תות בצי,,,ביסקויט במילוי ריבת תות בציפוי קקאו 150,גרמים,150.00,100 גרם,false,1,8.90,5.9333,true,1,77155
3800065711685,false,אצבעות ביסקוויט קקאו,,,אצבעות ביסקוויט קקאו בציפוי קקאו 130 גר,גרמים,130.00,100 גרם,false,1,8.90,6.8462,true,1,140652
3800065723015,false,סטיקס גריסיני קלאסי,,,סטיקס גריסיני קלאסי עם מלח 250 גר,גרמים,250.00,100 גרם,false,12,8.90,3.5600,true,1,98688
3800065723022,false,סטיקס גריסיני  פרג 2,זרחני איזדליה ורנה (,,סטיקס גריסיני פרג 235 גר,גרמים,235.00,100 גרם,false,12,8.90,3.7872,true,1,104467
3800065781114,false,עוגת וופל במילוי קרם,זרחני איזדליה ורנה (,,עוגת ועוגת וופל במילוי קרם קקאו ובוטנים 250 גר,גרמים,250.00,100 גרם,false,1,11.90,4.7600,true,1,42930
3800065781206,false,מיני וופל במילוי קרם,זרחני איזדליה ורנה (,,מיני וופל במילוי קרם קקאו 260 גר,גרמים,260.00,100 גרם,false,1,11.90,4.5769,true,1,107589
3800065781244,false,עוגת וופל צודו קרם ק,זרחני איזדליה ורנה (,,עוגת וופל צודו קרם קקאו וקוקוס 180 גר,גרמים,180.00,100 גרם,false,1,9.90,5.5000,true,1,73022
3800065781268,false,עוגת וופל במילוי קרם,זרחני איזדליה ורנה (,,עוגת וופל במילוי קרם קקאו ובוטנים 180 גר,גרמים,180.00,100 גרם,false,1,9.90,5.5000,true,1,73023
3800065781275,false,אצבעות וופל במילוי ק,,,אצבעות וופל במילוי קרם קקאו מצופה 160 גר,גרמים,160.00,100 גרם,false,1,8.90,5.5625,true,1,140651
3800065781688,false,עוגת וופל במילוי קרם,זרחני איזדליה ורנה (,,עוגת וופל במילוי קרם אגוזי לוז 125 גר,גרמים,125.00,100 גרם,false,1,9.90,7.9200,true,1,77149
3800065781978,false,עוגת וופל במילוי קרם,זרחני איזדליה ורנה (,,עוגת וופל במילוי קרם בוטנים ותפוז 180 גר,גרמים,180.00,100 גרם,false,1,9.90,5.5000,true,1,140656
3800065783187,false,וופל במילוי קרם קקאו,זרכני איזדליה,,וופל במילוי קרם קקאו 170 גר,גרמים,170.00,100 גרם,false,1,5.90,3.4706,true,1,95739
3800065783415,false,מיני וופל במילוי קרם,זרחני איזדליה ורנה (,,מיני וופל במילוי קרם בטעם תות 280 גר,גרמים,280.00,100 גרם,false,1,11.90,4.2500,true,1,140654
3800065784009,false,חטיפי וופל במילוי קר,,,חטיפי וופל במילוי קרם אגוזי לוז 120 גר,גרמים,120.00,100 גרם,false,1,8.90,7.4167,true,1,140650
3800205875109,false,צנימים מרטי עגבניות,,,צנימים מרטי בטעם עגבניות זיתים ואורגנו,גרמים,70.00,100 גרם,false,1,5.90,8.4286,true,1,55286
3800205875208,false,צנימים מרטי בטעם פיט,,,צנימים מרטי בטעם פיטריות ושמנת 70 גר,גרמים,70.00,100 גרם,false,1,5.90,8.4286,true,1,55287
3800205875307,false,צנימים מרטי בטעם תער,,,צנימים מרטי בטעם תערובת ירקות 70 גר,גרמים,70.00,100 גרם,false,1,5.90,8.4286,true,1,55288
3800205877325,false,צנימים מרטי בטעם שמנ,,,צנימים מרטי בטעם שמנת בצל 70 גר,גרמים,70.00,100 גרם,false,1,5.90,8.4286,true,1,129472
3800727040115,false,לפתן משמש 700 גר,,,לפתן משמש  700 גר,גרמים,700.00,100 גרם,false,1,12.90,1.8429,true,1,51804
3800727040320,false,לפתן אפרסק 1 קג,קרנובטפלוד,,לפתן אפרסק 1 קג,קילוגרמים,1.00,"ק""ג",false,1,18.90,18.9000,true,1,51798
3800727040818,false,לפתן דובדבן חמוץ ללא,קרנובטפלוד,,לפתן דובדבן חמוץ ללא חרצן 700 מל,מיליליטרים,700.00,"100 מ""ל",false,1,11.90,1.7000,true,1,52475
3800740010928,false,עגבניות טודורקה 1 קג,DERONI,,עגבניות טודורקה עם פ,קילוגרמים,1.00,"ק""ג",false,1,19.90,19.9000,true,1,43008
3800740017156,false,עגבניות טודורקה 1 קג,DERONI,,"עגבניות ""טודורקה"" עם",קילוגרמים,1.00,"ק""ג",false,1,19.90,19.9000,true,1,43034
3800740021870,false,ממרח ירקות לוטניצה ב,,,ממרח ירקות לוטניצה בסגנון ביתי ווליקא,גרמים,265.00,100 גרם,false,1,20.90,7.8868,true,1,138386
3800740027155,false,שימורי ירקות ליוטיני,DERONI,,שימורי ירקות ליוטיניצה טודורקה 315 גר,גרמים,315.00,100 גרם,false,1,14.90,4.7302,true,1,107495
3800740028220,false,רוטב עגבניות ברביקיו,,,רוטב עגבניות ברביקיו קלאסי 330 גר,גרמים,330.00,100 גרם,false,1,12.90,3.9091,true,1,138380
3800740030001,false,ממרח ירקות אייוור 25,,,ממרח ירקות איוור 250 גר,גרמים,250.00,100 גרם,false,1,22.90,9.1600,true,1,138383
3800740031060,false,רוטב עגבניות עם אוכמ,,,רוטב עגבניות עם אוכמניות 330 גר,גרמים,330.00,100 גרם,false,1,13.90,4.2121,true,1,138375
3800740031084,false,רוטב עגבניות עם אוכמ,,,רוטב עגבניות עם אוכמניות וצילי 330 גר,גרמים,330.00,100 גרם,false,1,13.90,4.2121,true,1,138376
3838945007870,false,מיץ תפוזים פרוקטל עם,FRUCTAL,,מיץ תפוזים פרוקטל עם ויטמין סי 1 ל,ליטרים,1.00,ליטר,false,1,12.90,12.9000,true,1,134749
3838945027854,false,מיץ פרוקטל מולטיויטמ,FRUCTAL,,מיץ פרוקטל מולטיויטמין 1 ל,ליטרים,1.00,ליטר,false,1,12.90,12.9000,true,1,75784
3838945509015,false,נקטר פרוקטל אוכמניות,FRUCTAL,,נקטר פרוקטל אוכמניות שחורות 1 ל,ליטרים,1.00,ליטר,false,1,12.90,12.9000,true,1,75785
3838945509022,false,נקטר פרוקטל תות שדה,FRUCTAL,,נקטר פרוקטל תות שדה 1 ל,ליטרים,1.00,ליטר,false,1,12.90,12.9000,true,1,75787
3838945509060,false,מיץ תפוחים פרוקטל 10,FRUCTAL,,מיץ תפוחים פרוקטל 100% פרי 1 ל,ליטרים,1.00,ליטר,false,1,12.90,12.9000,true,1,79126
3838945509077,false,מיץ אננס פרוקטל 100%,FRUCTAL,,מיץ אננס פרוקטל 100% פרי 1 ל,ליטרים,1.00,ליטר,false,1,12.90,12.9000,true,1,79127
3850104008054,false,תבלין וגטה ירקות 75,פודרבקה ד.ד,,תבלין וגטה ירקות 75 גר,גרמים,75.00,100 גרם,false,1,6.90,9.2000,true,1,43045
3850104008443,false,תבלין וגטה תערובת עם,פודרבקה ד.ד,,תבלין וגטה תערובת עם ירקות 500 גר,גרמים,500.00,100 גרם,false,1,33.90,6.7800,true,1,43046
3850104008597,false,תערובת תבלינים וגטה,PODRAVKA POLSKA,,תערובת תבלינים וגטה עם ירקות 250 גר,גרמים,250.00,100 גרם,false,1,17.90,7.1600,true,1,43047
3850104008825,false,תבלין וגטה תערובת עם,פודרבקה ד.ד,,תבלין וגטה תערובת עם ירקות 125 גר,גרמים,125.00,100 גרם,false,1,10.90,8.7200,true,1,43048
3850104029189,false,תבלין וגטה פלוב 20 ג,,,"תבלין ""וגטה"" פלוב 30",גרמים,20.00,100 גרם,false,1,4.90,24.5000,true,1,69609
3850158301088,false,משקה סליבוביץ 40% 70,MARASKA,,"משקה סליבוביץ 40%  700 מ""ל",מיליליטרים,700.00,"100 מ""ל",false,1,99.90,14.2714,true,1,100072
4000269001370,false,ליקר קסו קסו 700 מל,,,ליקר קסו קסו 700 מל,מיליליטרים,700.00,"100 מ""ל",false,1,59.90,8.5571,true,1,133354
4000281497502,false,בונבוניירה דלטון טיצ,פיאסטן,,בונבוניירה דלטון טיצרס ויסקי 150 גר,גרמים,150.00,100 גרם,false,1,10.90,7.2667,true,1,106712
4000281499506,false,בונבוניירה דלטון איר,פיאסטן,,בונבוניירה דלטון איריש ליקר 150 גר,גרמים,150.00,100 גרם,false,1,10.90,7.2667,true,1,106714
4000415004408,false,שוקולד שוגטן מריר אג,,,שוקולד שוגטן מריר אגוזים 100 גר,גרמים,100.00,100 גרם,false,1,5.90,5.9000,true,1,120375
4000415039707,false,שוקולד אוריו בלאק הנ,,,שוקולד אוריו בלאק הנד וואיט,גרמים,100.00,100 גרם,false,1,5.90,5.9000,true,1,80447
4000415040109,false,שוקולד קרמל חום 100,,,שוקולד קרמל חום 100 גר,גרמים,100.00,100 גרם,false,1,5.90,5.9000,true,1,80446
4000415143800,false,שוקולד טרילוגיה 100,,,שוקולד טרילוגיה 100,גרמים,100.00,100 גרם,false,1,5.90,5.9000,true,1,34693
4000415730109,false,שוקולד שוגטן מריר אג,,,שוקולד שוגטן מריר אגוזים קצוצים 100 גר,גרמים,100.00,100 גרם,false,1,5.90,5.9000,true,1,138649
4000415749606,false,שוקולד שוגטן יום הול,,,שוקולד שוגטן יום הולדת 100 גר,גרמים,100.00,100 גרם,false,15,5.90,5.9000,true,1,140094
4000415757502,false,שוקולד שוגטן קאפקייק,,,שוקולד שוגטן קאפקייק לימון 100 גר,גרמים,100.00,100 גרם,false,15,5.90,5.9000,true,1,141321
4000415851705,false,שוקולד שוגטן נוגט 10,,,שוקולד שוגטן נוגט 10,גרמים,100.00,100 גרם,false,1,5.90,5.9000,true,1,34698
4000415856601,false,שוקולד לבן 100 גר,,,שוקולד לבן 100 גר,גרמים,100.00,100 גרם,false,1,5.90,5.9000,true,1,34699
4000417022004,false,שוקולד ריטר אגוז צימ,,,"שוקולד ""ריטר"" חלב עם",גרמים,100.00,100 גרם,false,1,8.90,8.9000,true,1,34703
4000417025005,false,שוקולד ריטר עם מרציפ,,,שוקולד ריטר עם מרציפן,גרמים,100.00,100 גרם,false,1,8.90,8.9000,true,1,34705
4000417211002,false,שוקולד ריטר מוס קרמל,,,שוקולד ריטר ספורט מוס קרמל ושברי שקדים,גרמים,100.00,100 גרם,false,1,8.90,8.9000,true,1,107646
4000417212009,false,שוקולד ריטר מריר תפו,,,שוקולד ריטר מריר תפוז שקד,גרמים,100.00,100 גרם,false,1,8.90,8.9000,true,1,131418
4000417222008,false,שוקולד חלב ריטר שברי,RITTER SPORT,,שוקולד חלב ריטר ספורט עם שברי אגוזים 100,גרמים,100.00,100 גרם,false,1,8.90,8.9000,true,1,101151
4000417294005,false,שוקולד ריטר מוס קקאו,,,שוקולד ריטר מוס קקאו 100 גר,גרמים,100.00,100 גרם,false,1,8.90,8.9000,true,1,74825
4000417298003,false,שוקולד ריטר קרם קוקו,,,שוקולד ריטר ספורט ממולא קרם קוקוס וחלב,גרמים,100.00,100 גרם,false,1,8.90,8.9000,true,1,72978
4000504149027,false,גבינה קממבר דה לוקס,,,גבינה קממברט דה לוקס 125 גר,גרמים,125.00,100 גרם,false,1,24.90,19.9200,true,1,137693
4000504149324,false,גבינה רוגט 125 גר,,,גבינה רוגט 125 גר,גרמים,125.00,100 גרם,false,1,24.90,19.9200,true,1,133273
4000504149423,false,גבינה קמבוזולה כחולה,,,גבינה קמבוזולה כחולה 125 גר,גרמים,125.00,100 גרם,false,1,24.90,19.9200,true,1,133274
4000539280726,false,שוקולד לינדט מריר 70,לינדט,,שוקולד לינדט מריר 70% 100 גר,גרמים,100.00,100 גרם,false,1,15.90,15.9000,true,1,141029
4000539280740,false,שוקולד לינדט אקסלנס,,,שוקולד לינדט אקסלנס 78% 100 גר,גרמים,100.00,100 גרם,false,1,15.90,15.9000,true,1,141419
4000607850004,false,שוקולד שוגטן חלב 100,,,שוקולד שוגטן חלב 100,גרמים,100.00,100 גרם,false,1,5.90,5.9000,true,1,34733
4000607851001,false,שוקולד שוגטן חלב אגו,,,שוקולד שוגטן חלב אגו,גרמים,100.00,100 גרם,false,1,5.90,5.9000,true,1,34734
4000607852008,false,שוקולד מריר 100 גר,,,"שוקולד מריר 100 ג""ר",גרמים,100.00,100 גרם,false,1,5.90,5.9000,true,1,34735
4000607854705,false,שוקולד שוגטן יוגורט,,,שוקולד שוגטן יוגורט,גרמים,100.00,100 גרם,false,1,5.90,5.9000,true,1,34737
4000869050723,false,טבליות למדיח 60 יח,,,"טבליות למדיח 60 יח""",יחידה,60.00,יחידה,false,1,34.90,0.5817,true,1,34739
4001242003015,false,מטבל סלסה ציו דיפ חר,,,מטבל סלסה ציו דיפ חריפות בינונית 200 מל,מיליליטרים,200.00,"100 מ""ל",false,1,14.90,7.4500,true,1,134627
4001507161948,false,פתיתי שיבולת שועל 50,FORTIN,,פתיתי שיבולת שועל 500 גר,גרמים,500.00,100 גרם,false,1,6.90,1.3800,true,1,99868
4001507161955,false,פתיתי שיבולת שועל עב,FORTIN,,פתיתי שיבולת שועל עבה קווקר 500 גר,גרמים,500.00,100 גרם,false,1,6.90,1.3800,true,1,112696
4001518003800,false,אצבעות מאפה מלח פלפל,,,אצבעות מאפה מלח פלפל גריסון טורינוס 125,גרמים,125.00,100 גרם,false,8,14.90,11.9200,true,1,136480
4001518003817,false,אצבעות מאפה עם גאודה,,,אצבעות מאפה עם גאודה גריסון טורינוס 125,גרמים,125.00,100 גרם,false,12,14.90,11.9200,true,1,136479
4001518106112,false,אצבעות מאפה רוזמרין,,,אצבעות מאפה רוזמרין מלח גריסון טורינוס,גרמים,125.00,100 גרם,false,12,14.90,11.9200,true,1,136481
4001724037514,false,פיצה 4 גבינות 340 גר,,,פיצה 4 גבינות 340 גר,גרמים,340.00,100 גרם,false,7,29.90,8.7941,true,1,142121
4001724037637,false,פיצה מוצרלה אפויה 35,,,פיצה מוצרלה אפויה 355 גר,גרמים,355.00,100 גרם,false,7,29.90,8.4225,true,1,142230
4001751035705,false,חרדל עם דבש 215 גר,Erich trapp,,חרדל עם דבש 215גר,גרמים,215.00,100 גרם,false,1,9.90,4.6047,true,1,79465
4001751038669,false,חזרת עם וואסבי 190 ג,Erich trapp,,חזרת עם וואסבי 190גר,גרמים,190.00,100 גרם,false,1,9.90,5.2105,true,1,79463
4001751064262,false,חזרת בשמנת 190 גר,Erich trapp,,חזרת בשמנת 200גר,גרמים,190.00,100 גרם,false,1,9.90,5.2105,true,1,79464
4001751073677,false,רוטב חזרת עם סלק 200,Erich trapp,,רוטב חזרת עם סלק 200 גר,גרמים,200.00,100 גרם,false,1,9.90,4.9500,true,1,99854
4001751094283,false,חרדל בטעם תפוזים 210,Erich trapp,,חרדל בטעם תפוזים 210גר,גרמים,210.00,100 גרם,false,1,9.90,4.7143,true,1,79466
4002103250487,false,בירה ארדינגר בהירה 5,ארדינגר,,"בירה ארדינגר בהירה 500 מ""ל",מיליליטרים,500.00,"100 מ""ל",false,1,11.90,2.3800,true,1,106616
4002103289449,false,בירה ארדינגר ללא אלכ,Erdinger,,ארדינגר ללא אלכוהול,מיליליטרים,330.00,"100 מ""ל",false,1,5.90,1.7879,true,1,102376
4002103311515,false,בירה ארדינגר כהה דנו,,,בירה ארדינגר כהה דנוקל בק 500 מל,מיליליטרים,500.00,"100 מ""ל",false,1,11.90,2.3800,true,1,133756
4002309009100,false,ממרח דאבל אגוזי לוז,,,ממרח שוקולד KIDDY DUO,גרמים,350.00,100 גרם,false,12,14.90,4.2571,true,1,121377
4002448017684,false,סיליט באנג לניקוי כל,,,סיליט באנג ספריי רב,מיליליטרים,750.00,"100 מ""ל",false,1,12.90,1.7200,true,1,34763
4002448019480,false,סיליט באנג מסיר שומנ,,,סיליט באנג מסיר שומנ,מיליליטרים,750.00,"100 מ""ל",false,1,12.90,1.7200,true,1,34764
4002590000022,false,קלפני פירות יער 150,,,קלפני פירות יער 150,גרמים,150.00,100 גרם,false,1,9.90,6.6000,true,1,34770
4002590000046,false,קלפני מנטה מרענן 150,,,קלפני מנטה מרענן 150,גרמים,150.00,100 גרם,false,1,9.90,6.6000,true,1,34772
4002590000633,false,קלפני פירות 150 גר,,,"קלפני פירות 150 ג""ר",גרמים,150.00,100 גרם,false,1,9.90,6.6000,true,1,34775
4002590703541,false,סוכריות קלפני טרופי,,,סוכריות קלפני טרופי 150 גר,גרמים,150.00,100 גרם,false,1,9.90,6.6000,true,1,81098
4002603087767,false,שוקולד אייס 800 גר,,,שוקולד אייס 800 גר,גרמים,800.00,100 גרם,false,1,33.90,4.2375,true,1,109235
4002631025830,false,בירה קוניגסבכר חיטה,,,בירה קוניגסבכר חיטה 538 גר,מיליליטרים,500.00,"100 מ""ל",false,1,6.90,1.3800,true,1,126149
4003301010125,false,יין אנדס צילה קברנה,,,"יין צ""ילה ""קברנה סוב",מיליליטרים,750.00,"100 מ""ל",false,1,29.90,3.9867,true,1,34795
4003301016912,false,יין אנדס צילה שרדונה,,,"יין צ""ילה ""שרדונה"" 0",מיליליטרים,750.00,"100 מ""ל",false,1,29.90,3.9867,true,1,34798
4003301016936,false,יין אנדס צילה מרלו 7,,,"יין צ""ילה ""מרלו"" 0.7",מיליליטרים,750.00,"100 מ""ל",false,1,29.90,3.9867,true,1,34799
4003301051340,false,יין מייבך ריזלינג יב,,DE,יין מייבך ריזלינג יבש 750 מל,מיליליטרים,750.00,"100 מ""ל",false,1,49.90,6.6533,true,1,134878
4003301051364,false,יין ריזלינג מייבך לב,,,יין ריזלינג מייבך לבן חצי מתוק 750 מל,מיליליטרים,750.00,"100 מ""ל",false,1,49.90,6.6533,true,1,72799
4003301058486,false,יין מייבך סוביניון ב,,,יין מייבך סוביניון בלאן לבן חצי יבש 750,מיליליטרים,750.00,"100 מ""ל",false,1,49.90,6.6533,true,1,134877
4003301071768,false,יין מבעבע דונה רימונ,,,"יין מבעבע דונה רימונים 750 מ""ל",מיליליטרים,750.00,"100 מ""ל",false,1,14.90,1.9867,true,1,103327
4003301081835,false,יין מייבך שרדונה לבן,,,יין מייבך שרדונה לבן יבש 750 מל,מיליליטרים,750.00,"100 מ""ל",false,1,49.90,6.6533,true,1,134876
4003301084577,false,יין אדום מתוק מייבאך,,,יין אדום מתוק מייבאך ספאטבורגונר 750 מל,מיליליטרים,750.00,"100 מ""ל",false,1,49.90,6.6533,true,1,138070
4003754021662,false,בונ קרסטנס מרציפן עם,,,בונ קרסטנס מרציפן עם שזיף ביין בשוקולד מ,גרמים,210.00,100 גרם,false,1,24.90,11.8571,true,1,126128
4003754021679,false,בונ קרסטנס מרציפן מח,,,בונ קרסטנס מרציפן מחית דובדבן בשוקולד חל,גרמים,210.00,100 גרם,false,1,24.90,11.8571,true,1,126129
4003754081000,false,חטיף מרציפן קארסטנס,,,חטיף מרציפן קארסטנס ארסמי 100 גר,גרמים,100.00,100 גרם,false,1,7.90,7.9000,true,1,102526
4003754206151,false,שוקולד מריר קרסטנס מ,,,שוקולד מריר קרסטנס עם מרציפן ותפוז 140 ג,גרמים,140.00,100 גרם,false,10,10.90,7.7857,true,1,137789
4004666042004,false,מרסס מלרוד 500 מל,מרלוד,,"מרסס מלרוד 500 מ""ל",מיליליטרים,500.00,"100 מ""ל",false,1,27.90,5.5800,true,1,106079
4004666107819,false,מלרוד לניקוי וטיהור,,,"מלרוד לניקוי וטיהור המזגן 500 מ""ל",מיליליטרים,500.00,"100 מ""ל",false,1,24.90,4.9800,true,1,120768
4004715020755,false,קישוטי עוגה פרינס 15,,,קישוטי עוגה פרינס 150גר,גרמים,150.00,100 גרם,false,1,12.90,8.6000,true,1,48267
4005563194025,false,ליקר פידג תאנים 700,,,"פידג"" תאנים 0.7",מיליליטרים,700.00,"100 מ""ל",false,1,54.90,7.8429,true,1,54535
4005563378029,false,סליבוביץ סוקולובסקי,,,סליבוביץ סוקולובסקי 0.7לי,מיליליטרים,700.00,"100 מ""ל",false,1,109.90,15.7000,true,1,54561
4005808128273,false,ניוואה גל רחצה לגבר,,,ניוואה גל רחצה לגבר מעורר 500 מל,מיליליטרים,500.00,"100 מ""ל",false,1,14.90,2.9800,true,1,129567
4005808128631,false,ניוואה גל רחצה לגבר,,,ניוואה גל רחצה לגבר תמציןת ליים 500 מל,מיליליטרים,500.00,"100 מ""ל",false,1,14.90,2.9800,true,1,129568
4005808366392,false,שפתון לבלו כחול,,,לבלו כחול בליסטר 5.5 מל,Unknown,0.00,Unknown,false,1,11.90,0.0000,true,1,129579
4005808515554,false,ניוואה סופט קרם לחות,,,ניוואה סופט קרם לחות 300 מל,מיליליטרים,300.00,"100 מ""ל",false,1,24.90,8.3000,true,1,141032
4005808588640,false,ניוואה קרם גילוח לעו,,,ניוואה קרם גילוח לעור רגיש 100 מל,מיליליטרים,100.00,"100 מ""ל",false,1,14.90,14.9000,true,1,129576
4005808817405,false,ניוואה גל גילוח רגיש,,,ניוואה גל גילוח רגיש 200 מל,מיליליטרים,200.00,"100 מ""ל",false,1,17.90,8.9500,true,1,129573
4005808850907,false,לבלו הידרו קר בליסטר,,,לבלו הידרו קר בליסטר 5.5 מל,Unknown,0.00,Unknown,false,1,11.90,0.0000,true,1,129578
4005900036476,false,ניוואה דאו רול און ב,,,ניוואה דאו רול און בלאק אנד וויט קליר 50,מיליליטרים,50.00,"100 מ""ל",false,1,14.90,29.8000,true,1,129558
4005900036483,false,ניוואה דאו ספריי לגב,,,ניוואה דאו ספריי לגבר שקוף בלאק וויט,מיליליטרים,150.00,"100 מ""ל",false,1,14.90,9.9333,true,1,129562
4005900036506,false,ניוואה דאו רול און ג,,,ניוואה דאו רול און גבר שקוף בלאק וויט,מיליליטרים,50.00,"100 מ""ל",false,1,14.90,29.8000,true,1,129553
4005900494924,false,ניוואה דאו ספריי אשה,,,ניוואה דאו ספריי אשה דריי פרש 150 מל,מיליליטרים,150.00,"100 מ""ל",false,1,14.90,9.9333,true,1,129565
4005900542557,false,ניוואה דאו רול און א,,,ניוואה דאו רול און אשה בלאק וויט 50 מל,מיליליטרים,50.00,"100 מ""ל",false,1,14.90,29.8000,true,1,133151
4005900648181,false,ניוואה תחליב רחצה אל,,,ניוואה תחליב רחצה אלוורה 750 מל,מיליליטרים,750.00,"100 מ""ל",false,1,14.90,1.9867,true,1,134158
4005900683878,false,שפתון לבלו סקראב אלו,,,שפתון לבלו סקראב אלוורה,Unknown,0.00,Unknown,false,1,11.90,0.0000,true,1,131124
4005900816016,false,ניוואה דאו ספריי אשה,,,ניוואה דאו ספריי אשה פרש טבעי 150 מל,מיליליטרים,150.00,"100 מ""ל",false,1,14.90,9.9333,true,1,129563
4005900816108,false,ניוואה דאו רול און ג,,,ניוואה דאו רול און גבר יבש,מיליליטרים,50.00,"100 מ""ל",false,1,14.90,29.8000,true,1,129554
4005900816115,false,ניוואה דאו רול און א,,,ניוואה דאו רול און אשה יבש,מיליליטרים,50.00,"100 מ""ל",false,1,14.90,29.8000,true,1,129559
4005900828088,false,ניוואה דאו רול און ג,,,ניוואה דאו רול און גבר פרש 50 מל,מיליליטרים,50.00,"100 מ""ל",false,1,14.90,29.8000,true,1,129552
4005900845733,false,דאו ספריי ניוואה מן,,,דאו ספריי ניוואה מן קול קיק לגבר 150 מל,מיליליטרים,150.00,"100 מ""ל",false,1,14.90,9.9333,true,1,134924
4006387085407,false,פילטרים מקסטרה+ שליש,,,שלישיית פילטרים מקסטרה+,Unknown,0.00,Unknown,false,1,119.90,0.0000,true,1,114675
4006591310005,false,עוגת גבינה עם תפוחים,,,עוגת גבינה עם תפוחים קפואה 1250 גר,גרמים,1250.00,100 גרם,false,1,79.90,6.3920,true,1,137991
4006591330003,false,עוגת שזפים 1250 גר,,,עוגת עם שזפים קפואה 1.25קג,קילוגרמים,1.25,"ק""ג",false,1,79.90,63.9200,true,1,80162
4006591350001,false,עוגת גבינה שמנת מנדר,,,עוגת גבינה שמנת מנדרינות 1050 גר,גרמים,1050.00,100 גרם,false,1,79.90,7.6095,true,1,137992
4006591380008,false,עוגת גבינה עם דובדבנ,,,עוגת גבינה עם דובדבנים קפואה 1050 גר,קילוגרמים,1.05,"ק""ג",false,1,79.90,76.0952,true,1,80015
4006814000720,false,סנטה קלנדר 75 גר,,,סנטה קלנדר 75 גר,גרמים,75.00,100 גרם,false,1,9.90,13.2000,true,1,64058
4006814000751,false,סנטה בודד עם כובע 80,,,סנטה בודד עם כובע 80 גר,גרמים,80.00,100 גרם,false,40,12.90,16.1250,true,1,136306
4006814000874,false,סנטה בודד עם כובע 20,,,סנטה בודד עם כובע 200 גר WAWI,גרמים,200.00,100 גרם,false,1,27.90,13.9500,true,1,117741
4006814011061,false,סנטה גונץ 60 גר,WAWI,,"סנטה ""גונץ"" 60 גר""",גרמים,60.00,100 גרם,false,30,4.90,8.1667,true,1,34834
4006814011108,false,"סנטה בודד 150 גר""",WAWI,,"סנטה בודד 150 גר""",גרמים,150.00,100 גרם,false,30,9.90,6.6000,true,1,34835
4006814071003,false,סנטה שקית 100 גר,WAWI,,סנטה שקית 100 גר,גרמים,100.00,100 גרם,false,1,9.90,9.9000,true,1,73034
4006814072000,false,סנטה שקית 200 גר,WAWI,,סנטה שקית 200 גר,גרמים,200.00,100 גרם,false,1,15.90,7.9500,true,1,73033
4007745058811,false,חרדל צרפתי חלק 145 ג,,,חרדל צרפתי חלק 145 גר,גרמים,145.00,100 גרם,false,12,11.90,8.2069,true,1,119504
4007993031239,false,גלידה מילקה שוקולד א,,,גלידה מילקה שוקולד אגוז לוז פיינט 312 גר,גרמים,312.00,100 גרם,false,1,29.90,9.5833,true,1,141414
4007993031260,false,גלידה אוראו בכוס פיי,,,גלידה אוראו בכוס פיינט 324 גר,גרמים,324.00,100 גרם,false,1,29.90,9.2284,true,1,141413
4008287051032,false,בירה קרומבאכר פילס פ,,,בירה קרומבאכר פילס פחית 500 מל,מיליליטרים,500.00,"100 מ""ל",false,1,9.90,1.9800,true,1,64089
4008287058161,false,בירה קרומבאכר פילס 3,,,שישיית בירה קרומבאכר פילס 330 מל,מיליליטרים,1980.00,"100 מ""ל",false,1,36.90,1.8636,true,1,64090
4008287905786,false,בירה קרומבאכר חיטה פ,,,בירה קרומבאכר חיטה פחית 500 מל,מיליליטרים,500.00,"100 מ""ל",false,1,9.90,1.9800,true,1,133482
4008400290423,false,עוגת ספוג קינדר פינג,,,עוגת ספוג במילוי קינדר פינגווי מצופה 120,גרמים,120.00,100 גרם,false,1,12.90,10.7500,true,1,133754
4008400511528,false,קינדר סנטה קישוט עץ,,,קינדר סנטה קישוט עץ 3*15 גר,גרמים,45.00,100 גרם,false,1,14.90,33.1111,true,1,142879
4008429056710,false,אוכל לחתולים ויסקס ב,,,אוכל לחתולים ויסקס ביף 400 גר,גרמים,400.00,100 גרם,false,24,9.90,2.4750,true,1,95572
4008429951916,false,אוכל לחתולים ויסקס ט,,,אוכל לחתולים ויסקס טונה 400 גר,גרמים,400.00,100 גרם,false,24,9.90,2.4750,true,1,95574
4009300524588,false,תה פומפדור פירות יער,TEEKANNE- POMPADOU,,"תה ""פומפדור"" חליטת צ",גרמים,60.00,100 גרם,false,1,15.90,26.5000,true,1,34866
4009300524625,false,תה פומפדור מסאלה 40,TEEKANNE- POMPADOU,,תה פומפדור מסאלה 30גר,גרמים,40.00,100 גרם,false,1,15.90,39.7500,true,1,79160
4009300525684,false,חליטת לימון גינגר פו,TEEKANNE- POMPADOU,,"תה ""פומפדור"" חליטת פירות לימון גינגיר",גרמים,35.00,100 גרם,false,1,15.90,45.4286,true,1,50397
4009300595120,false,חליטת צמחים פומפדור,TEEKANNE- POMPADOU,DE,חליטת צמחים פומפדור גינגר מנגו,גרמים,30.00,100 גרם,false,100,15.90,53.0000,true,1,128266
4009887165709,false,גין יבש גי אם גי 700,,,"ג""ין 0.7 ל""GMG",מיליליטרים,700.00,"100 מ""ל",false,1,64.90,9.2714,true,1,34868
4009887221702,false,ליקר הולידיי קרם 700,,,"ליקר ""הולידיי קרם"" 0",ליטרים,0.70,ליטר,false,1,39.90,57.0000,true,1,34869
4009887266703,false,ליקר צמחים יאגטראום,,,"ליקר צמחים ""יאגטראום",מיליליטרים,700.00,"100 מ""ל",false,1,64.90,9.2714,true,1,34870
4009887360708,false,רום לבן קריביקה 700,,,רום לבן קריביקה 0.7,מיליליטרים,700.00,"100 מ""ל",false,1,64.90,9.2714,true,1,34871
4009900013581,false,אורביט סטיקס ספירמינ,,,אורביט סטיקס ספירמינט חמישייה,Unknown,0.00,Unknown,false,1,9.90,0.0000,true,1,73351
4009900385824,false,אורביט סטיקס פפרמינט,,,אורביט סטיקס פפרמינט חמישייה,Unknown,0.00,Unknown,false,1,9.90,0.0000,true,1,73350
4009900402965,false,מסטיק אורביט בקבוקון,,,"מסטיק ""אורביט"" בקבוקון בטעם פירות",Unknown,0.00,Unknown,false,1,9.90,0.0000,true,1,51278
4009900403023,false,מסטיק אורביט בקבוקון,,,"מסטיק ""אורביט"" בקבוקון בטעם מנטה",גרמים,64.00,100 גרם,false,1,9.90,15.4688,true,1,51277
4009900420129,false,מסטיק אורביט פרופשיו,מרס,PL,מסטיק  אורביט פרופשיונל פפרמינט בקבוקון,Unknown,0.00,Unknown,false,12,9.90,0.0000,true,1,119376
4009900426039,false,מסטיק איירוויז מנטה,מרס,,מסטיק איירוויז מנטה אקליפטוס,Unknown,0.00,Unknown,false,1,9.90,0.0000,true,1,104427
4009900426121,false,מסטיק איירוויז אוכמנ,מרס,,מסטיק איירוויז אוכמניות,Unknown,0.00,Unknown,false,1,9.90,0.0000,true,1,104428
4009900479998,false,מסטיק אורביט בטעם או,,,מסטיק אורביט בטעם אוכמניות בקבוקון,לא מנהל יחידת מידה,0.00,לא מנהל יחידת מידה,false,1,9.90,0.0000,true,1,77760
4009900482417,false,מסטיק אורביט באבל מי,,,מסטיק אורביט באבל מינט בקבוקון,לא מנהל יחידת מידה,0.00,לא מנהל יחידת מידה,false,1,9.90,0.0000,true,1,54572
4009900487283,false,אורביט סטיקס פירות ח,,,אורביט סטיקס פירות חמישייה,Unknown,0.00,Unknown,false,1,9.90,0.0000,true,1,73353
4009900491044,false,איירוויבז בקבוק אוכמ,מרס,GB,איירוויבז בקבוק אוכמניות,Unknown,0.00,Unknown,false,6,12.90,0.0000,true,1,120295
4009900521581,false,סוכריות אורביט מינטס,מרס,,סוכריות אורביט מינטס דובדבן בקבוקון,Unknown,0.00,Unknown,false,1,8.90,0.0000,true,1,110181
4009900521611,false,סוכריות אורביט מינטס,מרס,,סוכריות אורביט מינטס מנטה בקבוקון,Unknown,0.00,Unknown,false,1,8.90,0.0000,true,1,110182
4009900531122,false,מסטיק אורביט פרופשיו,מרס,PL,מסטיק  אורביט פרופשיונל ספירמינט בקבוקו,Unknown,0.00,Unknown,false,12,9.90,0.0000,true,1,119377
4009900535519,false,אורביט רפרשרס ספירמי,,,אורביט רפרשרס ספירמינט 15.6 גר,גרמים,16.00,100 גרם,false,1,3.90,24.3750,true,1,131785
4009900535540,false,אורביט רפרשרס פפרמינ,,,אורביט רפרשרס פפרמינט 15.6 גר,גרמים,16.00,100 גרם,false,1,3.90,24.3750,true,1,131786
4009900535823,false,אורביט רפרשרס באבלמי,,,אורביט רפרשרס באבלמינט 15.6 גר,גרמים,16.00,100 גרם,false,1,3.90,24.3750,true,1,131787
4009900536257,false,אורביט רפרשרס ספירמי,,,אורביט רפרשרס ספירמינט בק 67 גר,גרמים,67.00,100 גרם,false,1,11.90,17.7612,true,1,131782
4009900539685,false,פייב באונס בטעם מנטה,,PL,פייב באונס בטעם מנטה בק 61.8 גר,גרמים,62.00,100 גרם,false,6,11.90,19.1935,true,1,138466
4009900539746,false,פייב באונס בטעם אבטי,,PL,פייב באונס בטעם אבטיח בק 61.8 גר,גרמים,62.00,100 גרם,false,6,11.90,19.1935,true,1,138467
4009900540551,false,אורביט ריפרשרס טרופי,,PL,אורביט ריפרשרס טרופיקל בק 67 גר,גרמים,67.00,100 גרם,false,6,11.90,17.7612,true,1,137843
4011100002227,false,מיני חטיפי באונטי שק,מרס,,מיני חטיפי באונטי שקית 403 גר,גרמים,403.00,100 גרם,false,1,22.90,5.6824,true,1,74658
4011800528416,false,קורני בייס סויט & סו,Schwartauer,,קורני בייס  סויט & סולט 150 גר,גרמים,150.00,100 גרם,false,1,10.90,7.2667,true,1,129583
4011800567613,false,קורני סנדוויץ שחור ו,Schwartauer,,קורני סנדוויץ שחור ולבן עם קרם חלב,גרמים,120.00,100 גרם,false,1,10.90,9.0833,true,1,108931
4011800577810,false,חטיף קורני פרי נוגט,Schwartauer,,חטיף קורני פרי נוגט 120 גר,גרמים,120.00,100 גרם,false,10,10.90,9.0833,true,1,138842
4011800628512,false,חטיף קורני בייס שוקו,Schwartauer,,"חטיף ""קורני"" עם שוקולד חלב  150 גר",גרמים,150.00,100 גרם,false,1,10.90,7.2667,true,1,78359
4011800630515,false,חטיף קורני בייס שוקו,Schwartauer,,"חטיף ""קורני"" עם שוקולד חלב ובננה 150 גר",גרמים,150.00,100 גרם,false,1,10.90,7.2667,true,1,78358
4011800632519,false,קורני בייס קוקונט 15,Schwartauer,,"חטיף ""קורני"" עם שוקולד חלב וקוקוס 150 גר",גרמים,150.00,100 גרם,false,1,10.90,7.2667,true,1,78360
4011800633516,false,קורני בייס שוקולד מר,Schwartauer,,"חטיף ""קורני"" עם שוקולד מריר מעולה 150 גר",גרמים,138.00,100 גרם,false,1,10.90,7.8986,true,1,98889
4011800636517,false,קורני פרי שוקולד 120,Schwartauer,,"חטיף ""קורני"" עם שוקולד חלב  150 גר",גרמים,120.00,100 גרם,false,1,10.90,9.0833,true,1,98891
4013197767027,false,סוכריות בטעם דובדבן,,,סוכריות בטעם דובדבן,גרמים,200.00,100 גרם,false,1,9.90,4.9500,true,1,34935
4013197767034,false,סוכריות בטעם לימון ח,,,סוכריות בטעם לימון ב,גרמים,200.00,100 גרם,false,1,9.90,4.9500,true,1,34936
4014086020308,false,בירה אותינגר לא מסונ,מבשלות אוטנגר -גוטא,,"בירה ""אותינגר"" פח"" צ",מיליליטרים,500.00,"100 מ""ל",false,1,7.90,1.5800,true,1,34952
4014086020339,false,בירה אותינגר אקספורט,מבשלות אוטנגר -גוטא,,"בירה ""אותינגר "" אקספ",מיליליטרים,500.00,"100 מ""ל",false,1,7.90,1.5800,true,1,34953
4014086020360,false,בירה אותינגר פח 500,מבשלות אוטנגר -גוטא,,"בירה ""אותינגר"" פח"" א",מיליליטרים,500.00,"100 מ""ל",false,1,5.90,1.1800,true,1,34954
4014086020414,false,בירה אותינגר ללא אלכ,מבשלות אוטנגר -גוטא,,"בירה ""אותינגר"" ללא אלכוהול פחי 500 מל",מיליליטרים,500.00,"100 מ""ל",false,1,5.90,1.1800,true,1,50533
4014086020483,false,בירה אותינגר סופרפור,מבשלות אוטנגר -גוטא,,"בירה ""אותינגר"" סופר",מיליליטרים,500.00,"100 מ""ל",false,1,8.90,1.7800,true,1,34955
4014400900217,false,בונבוניירה מרסי מעור,,,"בונבוניירות ""מרסי"" 4",גרמים,400.00,100 גרם,false,1,49.90,12.4750,true,1,39848
4014400901191,false,בונבוניירת מרסי 250,,,בונבוניירת מרסי 250 גר,גרמים,250.00,100 גרם,false,1,26.90,10.7600,true,1,39849
4014400901412,false,בונבוניירת מרסי מריר,,,"בונבוניירות ""מרסי"" מ",גרמים,250.00,100 גרם,false,1,26.90,10.7600,true,1,39851
4014400903409,false,בונבוניירה טופיפי 25,,,"בונבוניירות ""טופיפי""",גרמים,250.00,100 גרם,false,1,23.90,9.5600,true,1,39852
4014400907902,false,סוכ ללא סוכר בטעם קר,,,"סוכריות ""וורטר"" בקופ",גרמים,42.00,100 גרם,false,1,5.90,14.0476,true,1,39858
4014400910063,false,סוכריות וורטר אורגינ,,,סוכריות וורטר שקית 1,גרמים,135.00,100 גרם,false,1,8.90,6.5926,true,1,39863
4014400913910,false,סוכריות וורטר מילוי,,,סוכריות וורטר מילוי קרם 125 גר,גרמים,125.00,100 גרם,false,1,8.90,7.1200,true,1,77508
4014400914245,false,טבלת שוקולד מרסי חלב,MERCI,,טבלת שוקולד מרסי חלב 100 גר,גרמים,100.00,100 גרם,false,1,11.90,11.9000,true,1,101154
4014400914252,false,טבלת שוקולד מרסי אגו,MERCI,,טבלת שוקולד מרסי אגוזים 100 גר,גרמים,100.00,100 גרם,false,1,11.90,11.9000,true,1,101158
4014400914276,false,טבלת שוקולד מרסי מרי,MERCI,,טבלת שוקולד מרסי מריר 72% 100 גר,גרמים,100.00,100 גרם,false,1,11.90,11.9000,true,1,101155
4014400914696,false,סוכריות וורטר חמאה ל,,,"סוכריות וורטר לל""""ס",גרמים,80.00,100 גרם,false,1,8.90,11.1250,true,1,39870
4014400914924,false,סוכריות וורטר קפה לל,,,"סוכריות וורטר לל""""ס",גרמים,80.00,100 גרם,false,1,8.90,11.1250,true,1,39871
4014400920857,false,סוכריות וורטר שוקולד,,,סוכריות וורטר שוקולד ללא סוכר 70 גר,גרמים,70.00,100 גרם,false,1,8.90,12.7143,true,1,133774
4014400923711,false,טופיפי 125 גר כשלפ,שטורק,,"טופיפי 125 גר כשל""פ",גרמים,125.00,100 גרם,false,1,13.90,11.1200,true,1,105577
4014400925265,false,שוקולד מרסי תפוז/שקד,,,שוקולד מרסי תפוז/שקד 100 גר,גרמים,100.00,100 גרם,false,1,11.90,11.9000,true,1,135513
4014964117663,false,בירה קוסטריצר 5 ל,,,בירה קוסטריצר 5ל,ליטרים,5.00,ליטר,false,1,99.90,19.9800,true,1,75130
4015042030782,false,בירה דרגונר פילסנר פ,,DE,"בירה ""דארגונר"" 500 מ",מיליליטרים,500.00,"100 מ""ל",false,1,6.90,1.3800,true,1,39902
4015400564454,false,מגן תחתון אולוויז לא,,,מגן תחתון אולוויז,Unknown,0.00,Unknown,false,4,18.90,0.0000,true,1,51613
4015400681670,false,תחבושות אולוויז דואו,,,תחבושות אולוויז דואו לילה בטוח 18 יח,Unknown,0.00,Unknown,false,1,19.90,0.0000,true,1,101073
4015400690313,false,טמפונים טמפקס קומפאק,P&G,,טמפונים טמפקס קומפאק פרל רגולר 18 יח,Unknown,0.00,Unknown,false,1,21.90,0.0000,true,1,103857
4015400690405,false,טמפונים טמפקס קומפאק,P&G,,טמפונים טמפקס קומפאק פרל סופר 18 יח,Unknown,0.00,Unknown,false,1,21.90,0.0000,true,1,103858
4015400731719,false,תחבושות אולוייז דואו,פרוקטר אנד גמבל,,תחבושות אולוייז דואו לילה 20 יח,Unknown,0.00,Unknown,false,1,19.90,0.0000,true,1,101324
4015400746812,false,מגן תחתון אולוויז נו,,,מגן תחתון אולוויז נורמל מגה פק 80 יח,Unknown,0.00,Unknown,false,1,18.90,0.0000,true,1,102543
4015400755241,false,תחבושות אולוייז דואו,פרוקטר אנד גמבל,,תחבושות אולוייז דואו נורמל פלוס 28 יח,Unknown,0.00,Unknown,false,1,19.90,0.0000,true,1,101325
4015400755487,false,תחבושות אולוייז דואו,פרוקטר אנד גמבל,,תחבושות אולוייז דואו לונג פלוס 24 יח,Unknown,0.00,Unknown,false,6,19.90,0.0000,true,1,101326
4015400824725,false,טמפקס פלאש סופר 30,,,טמפקס פלאש סופר 30,Unknown,0.00,Unknown,false,1,29.90,0.0000,true,1,39976
4015576156835,false,בירה לא מסוננת ברלינ,,,בירה בהירה לא מסוננת ברלינר גשיחטה 500 מ,מיליליטרים,500.00,"100 מ""ל",false,1,7.90,1.5800,true,1,140568
4015576235493,false,בירה בהירה ברלינר גש,,,בירה בהירה ברלינר גשיחטה הל פחית 500 מל,מיליליטרים,500.00,"100 מ""ל",false,1,7.90,1.5800,true,1,140569
4015600762742,false,שמפו הד & שולדרס קלא,,,"שמפו ""הד & שולדרס"" קלאסי 500 מל",מיליליטרים,500.00,"100 מ""ל",false,1,19.90,3.9800,true,1,54846
4015600762780,false,שמפו הד & שולדרס 2 ב,,,"שמפו ""הד & שולדרס"" 2 ב-1 500 מל",מיליליטרים,500.00,"100 מ""ל",false,1,19.90,3.9800,true,1,54847
4015600762902,false,שמפו הד & שולדרס מנט,,,"שמפו ""הד & שולדרס"" מנטול 500 מל",מיליליטרים,500.00,"100 מ""ל",false,1,19.90,3.9800,true,1,54848
4015600762940,false,שמפו הד & שולדרס תפו,,,"שמפו ""הד & שולדרס"" תפוח 500 מל",מיליליטרים,500.00,"100 מ""ל",false,1,19.90,3.9800,true,1,54852
4015600763022,false,שמפו הד & שולדרס מגע,,,"שמפו ""הד & שולדרס"" מגע משי 500 מל",מיליליטרים,500.00,"100 מ""ל",false,1,19.90,3.9800,true,1,54851
4015600766900,false,שמפו הד & שולדרס מנט,,,"שמפו ""הד & שולדרס"" מנטול 500 מל",מיליליטרים,500.00,"100 מ""ל",false,1,19.90,3.9800,true,1,75803
4017100198151,false,בלזן היט וניל 220 גר,,,בלזן היט וניל 220 גר,גרמים,220.00,100 גרם,false,1,7.90,3.5909,true,1,96203
4017100219900,false,בלזן גליליות וופלטן,,,בלזן גליליות וופלטן חלב שוקולד 100 גר,גרמים,100.00,100 גרם,false,1,10.90,10.9000,true,1,39982
4017100290008,false,ביסקוויט ליבניץ שוקו,,,"ביסקוויט ""ליבניץ"" שוקולד חלב 125 גר",גרמים,125.00,100 גרם,false,1,10.90,8.7200,true,1,39984
4017100290503,false,ביסקוויט ליבניץ שוקו,,,ביסקוויט ליבניץ שוקולד תפוז 125 גר,גרמים,125.00,100 גרם,false,12,10.90,8.7200,true,1,139040
4017100291005,false,בלזן ביסקוויט מצופה,,,בלזן ביסקוויט מצופה שוקולד מריר 125 גר,גרמים,125.00,100 גרם,false,1,10.90,8.7200,true,1,39985
4017100364112,false,עוגיות היט קקאו 220,,,עוגיות היט קקאו 220 גר,גרמים,220.00,100 גרם,false,1,7.90,3.5909,true,1,81102
4017100366239,false,עוגיות ליבניץ אנד קר,,,עוגיות ליבניץ אנד קרים 190 גר,גרמים,190.00,100 גרם,false,1,10.90,5.7368,true,1,139378
4019400440657,false,דפדפי שוקולד הלורן ב,,,דפדפי שוקולד הלורן בטעם מנטה 200 גר,גרמים,200.00,100 גרם,false,1,15.90,7.9500,true,1,39997
4019400445676,false,שוקולד ונבנד בוהן עם,Halloren,,שוקולד ונבנד בוהן עם ברנדי 400 גר,גרמים,400.00,100 גרם,false,1,29.90,7.4750,true,1,98045
4020461022997,false,פינה קולדה - קרם אננ,,,פינה קולדה - קרם אננ,מיליליטרים,700.00,"100 מ""ל",false,1,39.90,5.7000,true,1,39999
4022025000137,false,יין בלו נאן גוורטצטר,,,"יין ""בלו נאן"" גוורטצ",מיליליטרים,750.00,"100 מ""ל",false,1,44.90,5.9867,true,1,40001
4022025000236,false,יין בלו נאן אותנטיק,,,יין בלו נאן אותנטיק 1 ל,ליטרים,1.00,ליטר,false,1,44.90,44.9000,true,1,103660
4022025002445,false,יין בלו נאן גוורטצטר,,,יין בלו נאן גוורטצטרמינר 750 מל,מיליליטרים,750.00,"100 מ""ל",false,1,44.90,5.9867,true,1,142227
4022025371039,false,יין מבעבע בלו נאן חצ,,,"יין מבעבע בלו נאן חצי יבש 750 מ""ל",מיליליטרים,750.00,"100 מ""ל",false,1,49.90,6.6533,true,1,112797
4022025372036,false,יין מבעבע בלו נאן מה,,,יין מבעבע בלו נאן מהדרות הזהב 750מל,מיליליטרים,750.00,"100 מ""ל",false,1,49.90,6.6533,true,1,78089
4022025390030,false,יין בלו נאן ריזלינג,,,"יין בלו נאן ריזלינג 750 מ""ל",מיליליטרים,750.00,"100 מ""ל",false,1,44.90,5.9867,true,1,96855
4023800012109,false,מרציפן מצופה 100 גר,,,מרציפן מצופה 100 גרם,גרמים,100.00,100 גרם,false,1,6.90,6.9000,true,1,40007
4023800531648,false,בונבוניירה מוצרט 200,,,בונבוניירה מוצרט 200 גר,גרמים,200.00,100 גרם,false,1,18.90,9.4500,true,1,138765
4025700001962,false,שוקולד לבן מילקה 100,מונדולז,UA,שוקולד לבן מילקה 100 גר,גרמים,100.00,100 גרם,false,22,5.90,5.9000,true,1,103631
4029261000341,false,בירה קרמליטן דופלבוק,,,"בירה קרמליטן דופלבוק חזקה 500 מ""ל",מיליליטרים,500.00,"100 מ""ל",false,1,10.90,2.1800,true,1,115246
4030011350197,false,סלט דונייסקי 720 גר,,,"סלט ""דונייסקי"" 720 ג",גרמים,720.00,100 גרם,false,1,14.90,2.0694,true,1,40028
4030011350289,false,סלט ירקות עם אורז 72,,,סלט ירקות עם אורז 720גר,גרמים,720.00,100 גרם,false,1,19.90,2.7639,true,1,40029
4030011410303,false,לצו איסיס 720 גר,,,"לצ""ו ""איסיס"" 720 ג""ר",גרמים,720.00,100 גרם,false,1,18.90,2.6250,true,1,40030
4030011420128,false,ממרח קישואים עם שום,,,ממרח קישואים עם שום,גרמים,720.00,100 גרם,false,1,14.90,2.0694,true,1,40032
4030011420203,false,ממרח קישואים איסיס 7,,,"ממרח קישואים ""איסיס""",גרמים,720.00,100 גרם,false,1,14.90,2.0694,true,1,40033
4030011420401,false,ממרח חצילים איסיס 72,,,"ממרח חצילים ""איסיס""",גרמים,720.00,100 גרם,false,1,14.90,2.0694,true,1,40034
4030011420500,false,ממרח חצילים מקוצץ 72,,,ממרח חצילים מקוצץ 720גר,גרמים,720.00,100 גרם,false,1,18.90,2.6250,true,1,40036
4030011430110,false,אדזיקה חריפה 350 גר,,,"אדז""יקה חריפה 380 גר",גרמים,350.00,100 גרם,false,1,12.90,3.6857,true,1,40037
4030011430158,false,אדזיקה 350 גר,,,"אדז""יקה 380 גרם",גרמים,350.00,100 גרם,false,1,12.90,3.6857,true,1,40038
4030011500028,false,עגבניות עיסיס 1 ל,,,עגבניות עיסיס 1 ל,ליטרים,1.00,ליטר,false,1,14.90,14.9000,true,1,40039
4030011510034,false,מלפפון איסיס 1 ל,,,"מלפפון ""איסיס"" 1 ליט",ליטרים,1.00,ליטר,false,1,14.90,14.9000,true,1,40043
4030011510041,false,מלפפונים חריפים בחומ,,,מלפפון איסיס חריף 1 קג,קילוגרמים,1.00,"ק""ג",false,1,14.90,14.9000,true,1,40044
4030011620146,false,מיץ עץ לבנה 1 ל,,,מיץ עץ לבנה 1 ל,ליטרים,1.00,ליטר,false,1,18.90,18.9000,true,1,142564
4033100013348,false,אל די ארוך,,,אל די ארוך,Unknown,0.00,Unknown,false,1,28.00,0.0000,false,1,40079
4033100014468,false,אל די אדום,,,אל די אדום,Unknown,0.00,Unknown,false,1,28.00,0.0000,false,1,40081
4033100014529,false,אל די סלימס,,,אל די סלימס,Unknown,0.00,Unknown,false,1,26.00,0.0000,false,1,40085
4033100024146,false,וינסטון קוד,,,וינסטון קוד,Unknown,0.00,Unknown,false,1,31.00,0.0000,false,1,50325
4033100024252,false,וינסטון אקווה,,,וינסטון אקווה,Unknown,0.00,Unknown,false,1,31.00,0.0000,false,1,50328
4033100046490,false,וינסטון אקווה 100,,,וינסטון אקווה 100,Unknown,0.00,Unknown,false,1,31.00,0.0000,false,1,73152
4037719066009,false,סוכריות בצנצנת 966 ג,,,סוכריות בצנצנת 996 ג,גרמים,966.00,100 גרם,false,1,39.90,4.1304,true,1,40090
4037719657290,false,סוכריות בצנצנת 300 ג,,,סוכריות בצנצנת 300 ג,גרמים,300.00,100 גרם,false,1,19.90,6.6333,true,1,40093
4037719680212,false,סוכריות בטעם תות שדה,קוון דיש,,סוכריות בטעם תות שדה  פחיות 200 גר,גרמים,200.00,100 גרם,false,1,9.90,4.9500,true,1,103801
4046234847345,false,קפסולות קפה דווידוף,,,קפסולות קפה דווידוף אלגנס 10 יח,Unknown,0.00,Unknown,false,1,14.90,0.0000,true,1,103074
4046234847369,false,קפסולות קפה דווידוף,,,קפסולות קפה דווידוף פרסטיז 10 יח,Unknown,0.00,Unknown,false,1,14.90,0.0000,true,1,103072
4052197000017,false,בירה לבנה בנדיקטינר,,,"בירה לבנה ""בנדיקטינר",מיליליטרים,500.00,"100 מ""ל",false,1,10.90,2.1800,true,1,40104
4052197000369,false,בירה בנדיקטינר 330 מ,,,"בירה בנדיקטינר 330 מ""ל שישייה",מיליליטרים,1980.00,"100 מ""ל",false,1,45.90,2.3182,true,1,106122
4052197000390,false,בירה בנדיקטינר 5 ל,,,"בירה ""בנדיקטינר"" 5ל",ליטרים,5.00,ליטר,false,1,99.90,19.9800,true,1,54326
4052197000925,false,בירה בנדיקטינר דונקל,,,בירה בנדיקטינר דונקל בק 500מל,מיליליטרים,500.00,"100 מ""ל",false,1,10.90,2.1800,true,1,75129
4052197001366,false,בירה בנדיקטינר ללא א,,,"בירה בנדיקטינר ללא אלכוהול 500 מ""ל",מיליליטרים,500.00,"100 מ""ל",false,1,9.90,1.9800,true,1,104023
4052197002806,false,בירה בנדיקטינר 500 מ,,,בירה בנדיקטינר רביעייה,מיליליטרים,2000.00,"100 מ""ל",false,1,34.90,1.7450,true,1,99519
4052197002844,false,בירה בנדיקטינר לאגר,,,בירה בנדיקטינר לאגר פחית רביעייה,מיליליטרים,2000.00,"100 מ""ל",false,6,34.90,1.7450,true,1,129667
4052197003254,false,בירה בנדיקטינר לאגר,,,"בירה בנדיקטינר לאגר אוריגינל בק 500 מ""ל",מיליליטרים,500.00,"100 מ""ל",false,1,10.90,2.1800,true,1,100695
4052197004466,false,בירה בנדיקטינר דונקל,,,בירה בנדיקטינר דונקל פחית רביעייה,מיליליטרים,2000.00,"100 מ""ל",false,6,34.90,1.7450,true,1,128468
4054500101008,false,בירה אייל חיטה 5.3%,,,בירה אייל חיטה 5.3% אפוסטל ברו פח 500 מל,מיליליטרים,500.00,"100 מ""ל",false,24,7.90,1.5800,true,1,129086
4054500114015,false,בירה אפוסטל בראון לא,,,"בירה  אפוסטל בראון לאגר פח"" 500 מל",מיליליטרים,500.00,"100 מ""ל",false,1,7.90,1.5800,true,1,54926
4054500121365,false,בירה קראפט אימפריאל,,,בירה קראפט אימפריאל סטאוט 500 מל,מיליליטרים,500.00,"100 מ""ל",false,24,10.90,2.1800,true,1,139261
4054500121372,false,בירה קראפט רד 500 מל,,,בירה קראפט רד 500 מל,מיליליטרים,500.00,"100 מ""ל",false,24,10.90,2.1800,true,1,139965
4054500121389,false,בירה קראפט 500 מל,,,בירה קראפט 500 מל,מיליליטרים,500.00,"100 מ""ל",false,24,10.90,2.1800,true,1,139964
4054500140410,false,בירה קראפט 500 מל,,,בירה קראפט 500 מל,מיליליטרים,500.00,"100 מ""ל",false,24,10.90,2.1800,true,1,133224
4054500140434,false,בירה קראפט 500 מל,,,בירה קראפט 500 מל,מיליליטרים,500.00,"100 מ""ל",false,24,10.90,2.1800,true,1,133223
4054500527853,false,בירה דורלאכר חוף 500,מבשלת איכבאום,,"בירה דורלאכר חוף 500 מ""ל",מיליליטרים,500.00,"100 מ""ל",false,1,7.90,1.5800,true,1,114116
4061445096689,false,קפה דוידוף אספרסו 57,דוידוף,,קפה דוידוף אספרסו 57 100 גרם,גרמים,100.00,100 גרם,false,1,22.90,22.9000,true,1,127643
4061445096702,false,קפה דוידוף פיין ארומ,דוידוף,,קפה דוידוף פיין ארומה 100 גרם,גרמים,100.00,100 גרם,false,1,22.90,22.9000,true,1,127642
4062400115483,false,טקילה סיארה סילבר 70,,,"טקילה ""סיארה"" סילבר",מיליליטרים,700.00,"100 מ""ל",false,1,94.90,13.5571,true,1,40107
4062400521000,false,רום לבן אולד פסקס 1,,,"רום לבן ""אולד פסקס"" 1 ל",ליטרים,1.00,ליטר,false,1,89.90,89.9000,true,1,40108
4062400543125,false,טקילה סיארה זהב 700,,,"טקילה ""סיארה"" רפוסאד",מיליליטרים,700.00,"100 מ""ל",false,1,94.90,13.5571,true,1,40109
4066600601920,false,בירה פאולנר לא מסונן,,,"בירה פאולנר לא מסונן פח 500 מ""ל",מיליליטרים,500.00,"100 מ""ל",false,1,10.90,2.1800,true,1,126088
4066600612049,false,בירה פאולנר בק 500 מ,,,"בירה פאולנר בק 500 מ""ל",מיליליטרים,500.00,"100 מ""ל",false,1,11.90,2.3800,true,1,109632
4066600999614,false,בירה פאולנר בק 500 מ,,,"בירה פאולנר בק 500 מ""ל",מיליליטרים,500.00,"100 מ""ל",false,1,11.90,2.3800,true,1,106241
4067600001123,false,פילה הרינג מעושן בשמ,,,פילה הרינג מעושן בשמן לארסן 190 גר,גרמים,190.00,100 גרם,false,1,12.90,6.7895,true,1,139931
4067700014849,false,ליקר ייגרייסטר 700 מ,יגרמייסטר,,"ליקר ייגרמייסטר 700 מ""ל כשר",מיליליטרים,700.00,"100 מ""ל",false,1,89.90,12.8429,true,1,103251
4072700001089,false,בירה ספאטן אוקטוברפס,Franziskaner,,בירה ספאטן אוקטוברספט 500 מל,מיליליטרים,500.00,"100 מ""ל",false,1,10.90,2.1800,true,1,128662
4072700001188,false,בירה פרנסיסקנר כהה ב,Franziskaner,,"בירה פרנסיסקנר דנקל 500 מ""ל",מיליליטרים,500.00,"100 מ""ל",false,1,11.90,2.3800,true,1,40117
4072700001775,false,בירה פרנסיסקנר בהירה,Franziskaner,,"בירה פרנסיסקנר 500 מ""ל",מיליליטרים,500.00,"100 מ""ל",false,1,10.90,2.1800,true,1,40120
4072700003649,false,בירה פרנסיסקנר בהירה,Franziskaner,,בירה פרנסיסקנר 500 מל,מיליליטרים,500.00,"100 מ""ל",false,1,11.90,2.3800,true,1,40121
4079400182742,false,בירה וולטרס פילסנר ב,,,"בירה וולטרס פילסנר בק 330 מ""ל שישייה",מיליליטרים,1980.00,"100 מ""ל",false,1,29.90,1.5101,true,1,112313
4079400330129,false,בירה וולטארס פלזנר פ,,,"בירה וולטארס פלזנר פח 500 מ""ל",מיליליטרים,500.00,"100 מ""ל",false,1,5.90,1.1800,true,1,47694
4084500065598,false,קרם לחות פנטן לתלתלי,,,קרם לחות פנטן לתלתלים מושלמים 300מל,מיליליטרים,300.00,"100 מ""ל",false,1,19.90,6.6333,true,1,104934
4084500088917,false,נוזל לניקוי כלים פיי,פרוקטר אנד גמבל,,"נוזל לניקוי כלים פיירי לימון 650 מ""ל",מיליליטרים,650.00,"100 מ""ל",false,1,9.90,1.5231,true,1,74023
4084500149526,false,גל כביסה טייד 2.48 ל,,,"ג""ל כביסה ""טייד"" 2.48ל",ליטרים,2.48,ליטר,false,1,26.90,10.8468,true,1,76034
4084500739253,false,משחת שיניים אורל בי,,,משחת שיניים אורל בי להלבנה מושלמת,מיליליטרים,75.00,"100 מ""ל",false,1,24.90,33.2000,true,1,134185
4084500853553,false,נוזל כלים פיירי אורי,פרוקטר אנד גמבל,,"נוזל כלים פיירי אוריגינל 650 מ""ל",מיליליטרים,650.00,"100 מ""ל",false,1,9.90,1.5231,true,1,97574
4084500853836,false,נוזל כלים פיירי ורדי,פרוקטר אנד גמבל,,"נוזל כלים פיירי ורדים ומשי 515 מ""ל",מיליליטרים,515.00,"100 מ""ל",false,1,9.90,1.9223,true,1,97573
4084500853898,false,נוזל כלים פיירי אלוו,פרוקטר אנד גמבל,,"נוזל כלים פיירי אלוורה  515 מ""ל",מיליליטרים,515.00,"100 מ""ל",false,1,9.90,1.9223,true,1,97572
4100130924002,false,בירה בקס ללא אלכוהול,,,בירה בקס ללא אלכוהול 275 מל שישייה,מיליליטרים,1650.00,"100 מ""ל",false,4,27.90,1.6909,true,1,131834
4100130937163,false,בירה בקס 275 מל שישי,בקס,,"בירה בקס 275 מ""ל שישייה",מיליליטרים,1650.00,"100 מ""ל",false,1,29.90,1.8121,true,1,98734
4100470106700,false,חומץ תפוחים נטורפוד,,,"חומץ תפוחים נטורפוד 750 מ""ל",מיליליטרים,750.00,"100 מ""ל",false,6,19.90,2.6533,true,1,119507
4101540707933,false,עוגת שטולן עשירה עם,,,עוגת שטולן עשירה עם מרציפן 450 גר,גרמים,450.00,100 גרם,false,10,29.90,6.6444,true,1,124067
4101540719103,false,עוגת שטולן עם מרציפן,,,עוגת שטולן עם מרציפן ודובדבנים 700 גר,גרמים,700.00,100 גרם,false,7,42.90,6.1286,true,1,131383
4101540719127,false,עוגת שטולן חמאה ושקד,,,עוגת שטולן חמאה ושקדים ירוק 700 גר,גרמים,700.00,100 גרם,false,7,49.90,7.1286,true,1,131387
4101540719219,false,עוגת שטולן עשירה עם,,,עוגת שטולן עשירה עם מרציפן 700 גר,גרמים,700.00,100 גרם,false,7,39.90,5.7000,true,1,131386
4101540773655,false,עוגת שטולן מרציפן 18,,,עוגת שטולן מרציפן 180 גר,גרמים,180.00,100 גרם,false,1,15.90,8.8333,true,1,143282
4101540773723,false,עוגת שטולן 450 גר,,,עוגת שטולן 450 גר,גרמים,450.00,100 גרם,false,10,29.90,6.6444,true,1,124065
4101540775413,false,עוגת שטולן עשירה עם,,,עוגת שטולן עשירה עם מרציפן 950 גר,גרמים,950.00,100 גרם,false,6,46.90,4.9368,true,1,131388
4101940131611,false,בירה סטפאנס בראו לאג,מבשלת איכבאום,,"בירה סטפאנס בראו לאגר 500 מ""ל",מיליליטרים,500.00,"100 מ""ל",false,1,7.90,1.5800,true,1,114118
4101940131628,false,בירה סטפאנס בראו ווי,מבשלת איכבאום,,"בירה סטפאנס בראו וויסבר 500 מ""ל",מיליליטרים,500.00,"100 מ""ל",false,1,7.90,1.5800,true,1,114119
4101940426823,false,בירה אפוסטל בראון חז,,,"בירה  אפוסטל בראון חזק פח"" 500 מ""ל",מיליליטרים,500.00,"100 מ""ל",false,1,7.90,1.5800,true,1,54927
4102430000806,false,בירה ביטבורגר 5 ל,,,"בירה ""ביטבורגר"" 5ל",ליטרים,5.00,ליטר,false,1,99.90,19.9800,true,1,54327
4102430003418,false,בירה ביטבורגר פח 500,מבשלת ביטבורגר,,"בירה ביטבורגר פח 500 מ""ל רביעייה",ליטרים,2.00,ליטר,false,1,29.90,14.9500,true,1,97111
4102430013615,false,בירה ביטבורגר 330 מל,,,"בירה ביטבורגר 330 מ""ל שישייה",מיליליטרים,1980.00,"100 מ""ל",false,1,39.90,2.0152,true,1,106120
4102430310615,false,בירה ביטבורגר ללא אל,,,"בירה ביטבורגר דרייב בק 330 מ""ל שישייה",מיליליטרים,1980.00,"100 מ""ל",false,1,45.90,2.3182,true,1,123882
4105120623941,false,בירה ווינשטפן בק 500,,,"בירה ווינשטפן בק 500 מ""ל",מיליליטרים,500.00,"100 מ""ל",false,1,11.90,2.3800,true,1,109152
4105120624412,false,בירה ויינשטפן ויטוס,,,"בירה וינשטפן ויטוס בק 500 מ""ל",מיליליטרים,500.00,"100 מ""ל",false,1,11.90,2.3800,true,1,121192
4250594209648,false,בירה פלדשלוסן פילזנר,,,"בירה פלדשלוסן פילזנר פח 500 מ""ל",מיליליטרים,500.00,"100 מ""ל",false,1,6.90,1.3800,true,1,121387
4260007240502,false,ממרח חצילים 680 גר,אולן,BG,ממרח חצילים 680 גר,גרמים,680.00,100 גרם,false,1,18.90,2.7794,true,1,40180
4260007240519,false,ממרח קישואים 680 גר,אולן,BG,ממרח קישואים 680 גר,גרמים,680.00,100 גרם,false,1,18.90,2.7794,true,1,40181
4260007246917,false,עגבניות שרי בחומץ 1,אולן,BG,עגבניות שרי בחומץ 1 קג,קילוגרמים,1.00,"ק""ג",false,1,19.90,19.9000,true,1,40190
4260007247754,false,עגבניות שרי בחומץ עם,אולן,BG,"עגבניות ""אולן"" שמיר",קילוגרמים,1.00,"ק""ג",false,1,19.90,19.9000,true,1,40193
4260147890513,false,אטריות ביצים דקות או,,,אטריות ביצים דקות אותנטי 500 גר,גרמים,500.00,100 גרם,false,1,11.90,2.3800,true,1,118438
4260423410893,false,בירה גרמנית הופייגר,,,בירה גרמנית הופייגר פילזנר 5 ל,ליטרים,5.00,ליטר,false,1,99.90,19.9800,true,1,140567
4260423410916,false,בירה גרמנית הופייגר,,,בירה גרמנית הופייגר חיטה 5 ל,ליטרים,5.00,ליטר,false,1,99.90,19.9800,true,1,140566
4560198160055,false,צנון יפני טקואן 500,Qingdao Sun-growing,,צנון יפני טקואן 500 גר,גרמים,500.00,100 גרם,false,1,24.90,4.9800,true,1,40215
4600068009043,false,קוואס אוצקובסקויה 2,,,קוואס אוצקובסקויה 2 ל,ליטרים,2.00,ליטר,false,1,24.90,12.4500,true,1,73554
4600068009883,false,קוואס אוצקובסקויה 50,,,"קוואס אוצקובסקויה 500 מ""ל",מיליליטרים,500.00,"100 מ""ל",false,1,8.90,1.7800,true,1,40230
4600080501013,false,וופל קורובקה בטעם חל,רוט פרונט,,וופל קורובקה בטעם חלב 250 גר,גרמים,250.00,100 גרם,false,1,15.90,6.3600,true,1,97987
4600080501037,false,וופל קורובקה מצופה ש,רוט פרונט,,וופל קורובקה מצופה שוקולד 250 גר,גרמים,250.00,100 גרם,false,1,15.90,6.3600,true,1,97988
4600080501082,false,וופלים ממולאים עם קק,רוט פרונט,,וופלים ממולאים עם קקאו 150גר,גרמים,150.00,100 גרם,false,1,9.90,6.6000,true,1,77128
4600300000739,false,קקאו זולוטוי ירליק 1,קרסניי אוקטברי,,"קקאו ""זולוטוי ירליק"" 100 גר",גרמים,100.00,100 גרם,false,1,11.90,11.9000,true,1,40262
4600300071067,false,שוקולד מישקה קוסולפי,קרסניי אוקטברי,,"שוקולד ""מישקה קוסולו",גרמים,75.00,100 גרם,false,1,7.90,10.5333,true,1,40264
4600300071180,false,שוקולד מריר 80% קקאו,קרסניי אוקטברי,,שוקולד מריר 80% קקאו,גרמים,75.00,100 גרם,false,1,7.90,10.5333,true,1,40265
4600300077656,false,בונ טרטיאקובסקיה גלר,קרסניי אוקטברי,,בונ טרטיאקובסקיה גלריה 240 גר,גרמים,240.00,100 גרם,false,1,29.90,12.4583,true,1,40268
4600300079865,false,בונ חלב ציפור 200 גר,קרסניי אוקטברי,,בונ חלב ציפור 200 גר,גרמים,200.00,100 גרם,false,1,16.90,8.4500,true,1,40272
4600300080014,false,חטיף שוקולד אליונקה,קרסניי אוקטברי,,חטיף שוקולד אליונקה ריבת חלב 48 גר,גרמים,48.00,100 גרם,false,1,4.90,10.2083,true,1,40273
4600300082599,false,בונבוניירה ארטפסיון,קרסניי אוקטברי,,בונבוניירה ארטפסיון אגוזי לוז 240גר,גרמים,240.00,100 גרם,false,1,29.90,12.4583,true,1,79606
4600300085613,false,בונ קרם אגוזי לוז קר,,,בונ. קרסני אוקטובר סוכ. במילוי קרם אגוזי,גרמים,200.00,100 גרם,false,10,29.90,14.9500,true,1,118241
4600495539892,false,סוכריות קרמל ראצקי-מ,,,סוכריות קרמל ראצקי-מוראצקי,קילוגרמים,1.00,"ק""ג",true,,19.90,19.9000,true,1,138882
4600521002611,false,קוניאק קווינט *5 500,KVINT,,קוניאק קווינט *5 500,מיליליטרים,500.00,"100 מ""ל",false,1,64.90,12.9800,true,1,73525
4600528345629,false,מיונז פרובנסל 800 גר,,,מיונז פרובנסל 800 גר,גרמים,800.00,100 גרם,false,1,24.90,3.1125,true,1,104034
4600528345636,false,מיונז פרובנסל זיתים,,,מיונז פרובנסל זיתים 800 גר,גרמים,800.00,100 גרם,false,1,24.90,3.1125,true,1,104035
4600528347289,false,מיונז ריאבה פרובנסל,,,מיונז ריאבה פרובנסל 200 גר,גרמים,200.00,100 גרם,false,1,6.90,3.4500,true,1,125595
4600528347821,false,מיונז פרובנסל 410 גר,,,מיונז פרובנסל 410 גר,גרמים,410.00,100 גרם,false,1,11.90,2.9024,true,1,104032
4600528347838,false,מיונז פרובנסל זיתים,,,מיונז פרובנסל זיתים 390 גר,גרמים,390.00,100 גרם,false,1,11.90,3.0513,true,1,104033
4600528355963,false,מיונז עם ביצי שליו 3,,,מיונז עם ביצי שליו 372 גר,גרמים,372.00,100 גרם,false,24,11.90,3.1989,true,1,125692
4600528357080,false,רוטב לתיבול אסטוריה,ניז'גורודסקי,,רוטב לתיבול אסטוריה 200 גר,גרמים,200.00,100 גרם,false,1,7.90,3.9500,true,1,122149
4600528357981,false,רוטב אסטוריה המבורגר,ניז'גורודסקי,,רוטב אסטוריה המבורגר 200 גר,גרמים,200.00,100 גרם,false,6,9.90,4.9500,true,1,131585
4600528359060,false,רוטב אסטוריה בצל עם,ניז'גורודסקי,,רוטב אסטוריה בצל עם שמנת 233 גר,גרמים,233.00,100 גרם,false,16,9.90,4.2489,true,1,128594
4600528359077,false,רוטב אסטוריה שום שמנ,ניז'גורודסקי,,רוטב אסטוריה שום שמנת 233 גר,גרמים,233.00,100 גרם,false,16,9.90,4.2489,true,1,128597
4600528359084,false,רוטב אסטוריה שמנת פט,ניז'גורודסקי,,רוטב אסטוריה שמנת פטריות 233 גר,גרמים,233.00,100 גרם,false,16,9.90,4.2489,true,1,128595
4600528359091,false,רוטב אסטוריה סנדוויץ,,,רוטב אסטוריה סנדוויץ 200 גר,גרמים,200.00,100 גרם,false,1,9.90,4.9500,true,1,133052
4600528359107,false,רוטב אסטוריה בטעם גב,ניז'גורודסקי,,רוטב אסטוריה בטעם גבינה 233 גר,גרמים,233.00,100 גרם,false,16,9.90,4.2489,true,1,128596
4600528359114,false,רוטב אסטוריה צסר גבי,ניז'גורודסקי,,רוטב אסטוריה צסר גבינה 233 גר,גרמים,233.00,100 גרם,false,16,9.90,4.2489,true,1,128593
4600545011026,false,נודלס להכנה מהירה מר,,RU,נודלס להכנה מהירה מרק עוף 60 גר,גרמים,60.00,100 גרם,false,50,2.90,4.8333,true,1,121461
4600545012023,false,נודלס להכנה מהירה מר,,RU,נודלס להכנה מהירה מרק בקר 60 גר,גרמים,60.00,100 גרם,false,25,2.90,4.8333,true,1,121459
4600545013020,false,נודלס להכנה מהירה מר,,RU,נודלס להכנה מהירה מרק פטריות 60 גר,גרמים,60.00,100 גרם,false,25,2.90,4.8333,true,1,121460
4600545031031,false,אטריות להכנה מהירה ע,,RU,איטריות להכנה מהירה,גרמים,75.00,100 גרם,false,24,6.90,9.2000,true,1,40304
4600545033035,false,אטריות להכנה מהירה ב,,RU,איטריות להכנה מהירה,גרמים,75.00,100 גרם,false,24,6.90,9.2000,true,1,40306
4600545035039,false,אטריות להכנה מהירה פ,,RU,איטריות להכנה מהירה,גרמים,75.00,100 גרם,false,24,6.90,9.2000,true,1,40308
4600545833239,false,מרק אטריות כוס מרק ע,,RU,מרק אטריות כוס מרק עוף 50 גר,גרמים,50.00,100 גרם,false,24,5.90,11.8000,true,1,121463
4600545833246,false,מרק אטריות כוס מרק ב,,RU,מרק אטריות כוס מרק בקר 50 גר,גרמים,50.00,100 גרם,false,24,5.90,11.8000,true,1,121462
4600545833253,false,מרק אטריות כוס מרק פ,,RU,מרק אטריות כוס מרק פטריות 50 גר,גרמים,50.00,100 גרם,false,24,5.90,11.8000,true,1,121464
4600625307407,false,גלידת שמנת שוקולד לנ,iceberry,,גלידת שמנת שוקולד לנינגרדסקוויה 80 גר,גרמים,80.00,100 גרם,false,1,6.90,8.6250,true,1,81062
4600625307568,false,גלידה לקומקה פלומביר,,,גלידה לקומקה פלומביר 90 גר,גרמים,90.00,100 גרם,false,1,6.90,7.6667,true,1,88154
4600625314498,false,גלידה אסקימו פלומביר,,,גלידה אסקימו פלומביר 80 גר,גרמים,80.00,100 גרם,false,1,6.90,8.6250,true,1,66975
4600659010854,false,וודקה סטולי אדום 700,אס פי אי,,וודקה סטולי אדום 700,מיליליטרים,700.00,"100 מ""ל",false,1,59.90,8.5571,true,1,40329
4600680013152,false,תערובת להכנת צלי בסג,,,תערובת להכנת צלי בסגנון ביתי מאגי 20 גר,גרמים,20.00,100 גרם,false,15,4.90,24.5000,true,1,137050
4600680014548,false,תערובת להכנת תפוא מו,,,תערובת להכנת תפוא מוזהב מאגי 20 גר,גרמים,20.00,100 גרם,false,25,4.90,24.5000,true,1,137049
4600682001126,false,בירה בלטיקה מס 9 פחי,,,בירה בלטיקה מס 9 פחית 900 מל,מיליליטרים,900.00,"100 מ""ל",false,1,13.90,1.5444,true,1,127014
4600682009450,false,בירה בלטיקה 9 450 מל,BALTIKA,,"בירה בלטיקה 9 450 מ""ל",מיליליטרים,450.00,"100 מ""ל",false,1,9.90,2.2000,true,1,104312
4600682023524,false,בירה גורקובסקיה בוהמ,,,בירה גורקובסקיה בוהמיין לא מסוננת 440 מל,מיליליטרים,440.00,"100 מ""ל",false,1,8.90,2.0227,true,1,141875
4600682023654,false,בירה גורקובסקיה וויז,,,בירה גורקובסקיה וויזאן לא מסוננת 440 מל,מיליליטרים,440.00,"100 מ""ל",false,1,8.90,2.0227,true,1,141874
4600682200093,false,בירה בלטיקה 3 900 מל,BALTIKA,,"בירה בלטיקה 3 900 מ""ל",מיליליטרים,900.00,"100 מ""ל",false,1,13.90,1.5444,true,1,104307
4600682225478,false,בירה בלטיקה קולר 470,,,"בירה ""בלטיקה"" קולר 470 מ""ל",מיליליטרים,470.00,"100 מ""ל",false,1,9.90,2.1064,true,1,79761
4600682401476,false,בירה בלטיקה 0 ללא אל,BALTIKA,,בירה בלטיקה 0 ללא אלכוהול,מיליליטרים,470.00,"100 מ""ל",false,1,7.90,1.6809,true,1,104313
4600682407096,false,בירה בלטיקה 7 900 מל,BALTIKA,,"בירה בלטיקה 7 900 מ""ל",מיליליטרים,900.00,"100 מ""ל",false,1,13.90,1.5444,true,1,104308
4600682407478,false,בירה בלטיקה 7 470 מל,BALTIKA,,"בירה בלטיקה 7 470 מ""ל",מיליליטרים,470.00,"100 מ""ל",false,1,9.90,2.1064,true,1,104315
4600682483472,false,בירה זיטאסקי גוס 480,,,"בירה זיטאסקי גוס 480 מ""ל",מיליליטרים,480.00,"100 מ""ל",false,1,9.90,2.0625,true,1,139952
4600699501121,false,שמן חמניות סלובודה מ,,,"שמן חמניות ""סלובודה"" מזוכך 1 ל",ליטרים,1.00,ליטר,false,1,16.90,16.9000,true,1,74390
4600699502494,false,שמן חמניות סלובודה מ,,,"שמן חמניות ""סלובודה"" מזוכך 1.8 ל",ליטרים,1.80,ליטר,false,1,29.90,16.6111,true,1,74392
4600699505433,false,שמן חמניות סלובודה ל,,,"שמן חמניות ""סלובודה"" לא מזוכך 1 ל",ליטרים,1.00,ליטר,false,1,16.90,16.9000,true,1,74391
4600699505525,false,מיונז סלובודה פרובנס,,,"מיונז סלובודה פרובנסל 67% 800 מ""ל",מיליליטרים,800.00,"100 מ""ל",false,1,19.90,2.4875,true,1,113418
4600699505532,false,מיונז סלובודה פרובנס,,,"מיונז ""סלובודה"" פרובנסל 67 % 800 מל",מיליליטרים,800.00,"100 מ""ל",false,1,19.90,2.4875,true,1,74393
4600699505570,false,מיונז סלובודה פרובנס,,,"מיונז סלובודה פרובנסל זיתים 67% 800 מ""ל",מיליליטרים,800.00,"100 מ""ל",false,1,19.90,2.4875,true,1,113419
4600699505587,false,מיונז סלובודה בטעם ז,,,"מיונז ""סלובודה"" בטעם זיתים 67 % 800 מל",מיליליטרים,800.00,"100 מ""ל",false,1,19.90,2.4875,true,1,74394
4600699506911,false,רוטב תיבול בטעם שום,,,רוטב תיבול בטעם שום סלובודה 217 גר,גרמים,217.00,100 גרם,false,1,9.90,4.5622,true,1,138182
4600699507352,false,רוטב תיבול בטעם פטרי,,,רוטב תיבול בטעם פטריות סלובודה 217 גר,גרמים,217.00,100 גרם,false,1,9.90,4.5622,true,1,138184
4600699512363,false,מיונז פרובנסל סלובוד,,,מיונז פרובנסל סלובודה ביצי שליו 750 גר,גרמים,750.00,100 גרם,false,1,19.90,2.6533,true,1,135645
4600756200547,false,צנימים עם סוכר וצימו,,RU,צנימים עם סוכר וצימוקים סרפוחוב 330 גר,גרמים,330.00,100 גרם,false,12,18.90,5.7273,true,1,137745
4600823009059,false,שוקולד ודוחנובניה קל,,,שוקולד ודוחנובניה קלאסי 100 גר,גרמים,100.00,100 גרם,false,1,9.90,9.9000,true,1,40389
4600823030091,false,חטיף שוקולד עם קרם פ,בבייבסקי,,"בטונצ""יק ממולא שמנת",גרמים,50.00,100 גרם,false,1,3.90,7.8000,true,1,40392
4600823031098,false,חטיף שוקולד עם קרם ש,בבייבסקי,,"בטונצ""יק שוקולד 50 ג",גרמים,50.00,100 גרם,false,1,3.90,7.8000,true,1,40393
4600823093010,false,שוקולד בבייבסקי מריר,בבייבסקי,,שוקולד בבייבסקי מריר,גרמים,100.00,100 גרם,false,1,8.90,8.9000,true,1,40394
4600823094017,false,שוקולד בבייבסקי פונד,בבייבסקי,,שוקולד בבייבסקי פונד,גרמים,100.00,100 גרם,false,1,8.90,8.9000,true,1,40395
4600823122017,false,שוקולד בבייבסקי אליט,בבייבסקי,,שוקולד בבייבסקי אליטני 75% 100 גר,גרמים,100.00,100 גרם,false,1,8.90,8.9000,true,1,40397
4600823125018,false,שוקולד באבייבסקי אור,,,שוקולד באבייבסקי אוריגינל 100 גר,גרמים,100.00,100 גרם,false,1,8.90,8.9000,true,1,110255
4600823143005,false,שוקולד בבייבסקי מריר,בבייבסקי,,שוקולד בבייבסקי מריר 100 גר,גרמים,100.00,100 גרם,false,1,8.90,8.9000,true,1,40398
4600823174016,false,שוקולד חלב אליונקה 1,בבייבסקי,,"שוקולד ""אליונקה"" חלב",גרמים,100.00,100 גרם,false,1,7.90,7.9000,true,1,40406
4600823179011,false,שוקולד מריר בבאיבסקי,בבייבסקי,,"שוקולד ""בבייבסקי"" פו",גרמים,100.00,100 גרם,false,1,8.90,8.9000,true,1,40407
4600823193109,false,שוקולד בבייבסקי שזיפ,,,שוקולד באבייבסקי חתיכות שזיפים מיובשים,גרמים,100.00,100 גרם,false,1,8.90,8.9000,true,1,110257
4600823197152,false,שוקולד אטרשיון שקדים,בבאיבסקי,,שוקולד אטרשיון שקדים 100 גר,גרמים,100.00,100 גרם,false,1,8.90,8.9000,true,1,96956
4600823197213,false,שוקולד דרקס אליטני 7,בבייבסקי,,שוקולד דרקס אליטני 75% 100גר,גרמים,100.00,100 גרם,false,1,8.90,8.9000,true,1,79376
4600823197336,false,שוקולד דרקס עם אגוזי,בבייבסקי,,שוקולד דרקס עם אגוזי לוז וצימוקים 100גר,גרמים,100.00,100 גרם,false,1,8.90,8.9000,true,1,77124
4600823201033,false,בונבוניירות ודוחנובנ,בבייבסקי,,בונבוניירות  ודוחנובניה 400 גר,גרמים,400.00,100 גרם,false,8,44.90,11.2250,true,1,120491
4600823235199,false,בונ מסכה 300 גר,,,בונ מסכה 300 גר,גרמים,300.00,100 גרם,false,1,32.90,10.9667,true,1,111302
4600851005429,false,חרדל 100 גר,,,חרדל 100 גרם,גרמים,100.00,100 גרם,false,1,5.90,5.9000,true,1,88180
4600851005443,false,חרדל עם חזרת 100 גר,Moskovskiy Zirovoy K,,חרדל עם חזרת 100 גר,גרמים,100.00,100 גרם,false,1,5.90,5.9000,true,1,67049
4600851008758,false,חרדל 195 גר,,,חרדל 195 גרם,גרמים,195.00,100 גרם,false,1,7.90,4.0513,true,1,95589
4600851010669,false,מיונז פרובנסל 450 מל,סולנצ'ניי פרודוקטי,,"מיונז ""פרובנסל"" 450 מל",מיליליטרים,450.00,"100 מ""ל",false,1,14.90,3.3111,true,1,73672
4600851010676,false,מיונז פרובנסל 850 מל,סולנצ'ניי פרודוקטי,,"מיונז ""פרובנסל"" 850 מל",מיליליטרים,850.00,"100 מ""ל",false,1,26.90,3.1647,true,1,73671
4600851011185,false,חרדל עם דבש 100 גר,Moskovskiy Zirovoy K,,חרדל עם דבש 100 גר,גרמים,100.00,100 גרם,false,1,5.90,5.9000,true,1,97067
4600851011567,false,מיונז קלאסי 700 מל,סולנצ'ניי פרודוקטי,,מיונז קלאסי 700 מל,מיליליטרים,700.00,"100 מ""ל",false,1,17.90,2.5571,true,1,100021
4600851013288,false,מיונז מוסקובסקי קלאס,Moskovskiy Zirovoy K,,"מיונז מוסקובסקי קלאסי דלי 800 מ""ל",מיליליטרים,800.00,"100 מ""ל",false,1,21.90,2.7375,true,1,115001
4600851014544,false,מיונז קלאסי 200 מל,סולנצ'ניי פרודוקטי,,"מיונז קלאסי 200 מ""ל",מיליליטרים,200.00,"100 מ""ל",false,40,5.90,2.9500,true,1,122766
4600874000623,false,תמצית ציקורי נמס טבע,,,תמצית ציקורי נמס טבעי 100 גר,גרמים,100.00,100 גרם,false,1,20.90,20.9000,true,1,115913
4600893900805,false,וודקה גרין מארק 700,TOPAZ,,"וודקה ""זליוניה מרקה""",מיליליטרים,700.00,"100 מ""ל",false,1,59.90,8.5571,true,1,40413
4600893900843,false,וודקה זליוניה מרקה ר,TOPAZ,,וודקה זליוניה מרקה רזאניאה 0.7ל,מיליליטרים,700.00,"100 מ""ל",false,1,59.90,8.5571,true,1,40415
4600893900997,false,וודקה זליניה מרקה קד,TOPAZ,,וודקה זליניה מרקה קדרוביאה 0.7ל,מיליליטרים,700.00,"100 מ""ל",false,1,59.90,8.5571,true,1,40417
4600925007274,false,עוגיות עם צימוקים 18,,,עוגיות עם צימוקים 180 גר,גרמים,180.00,100 גרם,false,1,6.90,3.8333,true,1,132458
4600935020331,false,כוסמת אלטאי 800 גר,,,כוסמת אלטאי 800 גר,גרמים,800.00,100 גרם,false,1,15.90,1.9875,true,1,142565
4601021046051,false,וופל ארטק פלוס 225 ג,פנזה,,וופל ארטק פלוס 225 גר,גרמים,225.00,100 גרם,false,1,8.90,3.9556,true,1,40424
4601021049342,false,וופל ארטק 200 גר,,,וופל ארטק 200 גר,גרמים,200.00,100 גרם,false,1,7.90,3.9500,true,1,111887
4601021050225,false,דובשניות עם חלב מרוכ,,,דובשניות עם חלב מרוכז מבושל 300 גר,גרמים,300.00,100 גרם,false,1,9.90,3.3000,true,1,110619
4601339005320,false,תערובת להכנת גולש מא,,,תערובת להכנת גולש מאגי 37 גר,גרמים,37.00,100 גרם,false,12,5.90,15.9459,true,1,137032
4601513006662,false,ביסקוויט אליונקה בטע,,,ביסקוויט  אליונקה בטעם קרם שמנת 240 גר,גרמים,240.00,100 גרם,false,1,16.90,7.0417,true,1,67158
4601513007997,false,רולדה קורובקה בטעם ח,יוז'נואורלקונדיטר,,רולדה קורובקה בטעם חלב מבושל 200גר,גרמים,200.00,100 גרם,false,1,9.90,4.9500,true,1,80557
4601513008253,false,ביסקוויט אליונקה בטע,,,ביסקוויט אליונקה בטעם קרם שוקולד 240 גר,גרמים,240.00,100 גרם,false,1,16.90,7.0417,true,1,67159
4601513008581,false,רולדה אליונקה בטעם ש,יוז'נואורלקונדיטר,,רולדה אליונקה בטעם שוקולד חלב 200גר,גרמים,200.00,100 גרם,false,1,9.90,4.9500,true,1,80555
4601513008970,false,רולדה ציודו יאגודה ע,יוז'נואורלקונדיטר,,רולדה ציודו יאגודה עם דובדבנים 200גר,גרמים,200.00,100 גרם,false,1,9.90,4.9500,true,1,80556
4601513009250,false,רולדה חלב ציפורי בטע,יוז'נואורלקונדיטר,,רולדה חלב ציפורי בטעם שמנת 200גר,גרמים,200.00,100 גרם,false,1,9.90,4.9500,true,1,80558
4601513012342,false,רולדה יגודה בטעם פטל,,,רולדה יגודה בטעם פטל 200 גר,גרמים,200.00,100 גרם,false,1,9.90,4.9500,true,1,111760
4601513012359,false,רולדה יגודה בטעם תות,,,רולדה יגודה בטעם תות שדה 200 גר,גרמים,200.00,100 גרם,false,1,9.90,4.9500,true,1,111759
4601576004025,false,רוטב תיבול בטעם זיתי,OAO ZHIROVOY KOMBINA,,רוטב תיבול בטעם זיתים מצטה חוזייקי 480 מל,מיליליטרים,480.00,"100 מ""ל",false,1,12.90,2.6875,true,1,53041
4601576004032,false,רוטב תיבול בטעם זיתי,OAO ZHIROVOY KOMBINA,,רוטב תיבול בטעם זיתים מצטה חוזייקי 900 מל,מיליליטרים,900.00,"100 מ""ל",false,1,19.90,2.2111,true,1,53039
4601576004094,false,רוטב תיבול פרובנסל מ,OAO ZHIROVOY KOMBINA,,רוטב תיבול פרובנסל מצטה חוזייקי קלאסי 480 מל,מיליליטרים,480.00,"100 מ""ל",false,1,12.90,2.6875,true,1,53040
4601576004100,false,רוטב תיבול פרובנסל ק,OAO ZHIROVOY KOMBINA,,רוטב תיבול פרובנסל קלאסי מצטה חוזייקי 900 מל,מיליליטרים,900.00,"100 מ""ל",false,1,19.90,2.2111,true,1,53038
4601576009839,false,רוטב תיבול עם שמנת מ,OAO ZHIROVOY KOMBINA,,רוטב תיבול עם שמנת מצטה חוזייקי 900 מל,מיליליטרים,900.00,"100 מ""ל",false,1,19.90,2.2111,true,1,133483
4601576010101,false,רוטב תיבול עם ביצי ש,,,רוטב תיבול עם ביצי שליו מצטה חוזייקי,מיליליטרים,900.00,"100 מ""ל",false,1,19.90,2.2111,true,1,135301
4601576010170,false,רוטב תיבול עם ביצי ש,OAO ZHIROVOY KOMBINA,,רוטב תיבול עם ביצי שליו מצטה חוזייקי,מיליליטרים,480.00,"100 מ""ל",false,1,12.90,2.6875,true,1,135302
4601619000625,false,אבקת חרדל סארפתה 400,צרפתה,,אבקת חרדל סארפתה 400 גר,גרמים,400.00,100 גרם,false,21,11.90,2.9750,true,1,120875
4601713000873,false,קרקר ולשבני קליידוסק,,,קרקר ולשבני קליידוסקופ 400 גר,גרמים,400.00,100 גרם,false,1,11.90,2.9750,true,1,40479
4601713001054,false,קרקר בטעם גבינה בצור,,,קרקר בטעם גבינה בצורת דגים 400 גר,גרמים,400.00,100 גרם,false,1,11.90,2.9750,true,1,135313
4601713001702,false,דובשנית טולסקיי פריא,טולה,,דובשנית טולסקיי פריאניק פירות 140 גר,גרמים,140.00,100 גרם,false,1,6.90,4.9286,true,1,53323
4601713001719,false,דובשנית טולסקיי פריא,טולה,,דובשנית טולסקיי פריאניק חלב 140 גר,גרמים,140.00,100 גרם,false,1,6.90,4.9286,true,1,53324
4601713006813,false,קרקר וסיולי קליידוסק,,,קרקר וסיולי קליידוסקופ 400 גר,גרמים,400.00,100 גרם,false,1,11.90,2.9750,true,1,135312
4601713008190,false,דובשניות טולסקי פריא,,,דובשניות טולסקי פריאניק אוכמניות 140 גר,גרמים,140.00,100 גרם,false,22,6.90,4.9286,true,1,130848
4601728011079,false,וודקה חמישה אגמים 70,אומסקווינפרום,,"וודקה ""5 אגמים"" 0.7",מיליליטרים,700.00,"100 מ""ל",false,1,59.90,8.5571,true,1,40482
4601728011949,false,וודקה חמישה אגמים מי,אומסקווינפרום,,"וודקה ""5 אגמים"" אוסו",מיליליטרים,700.00,"100 מ""ל",false,1,59.90,8.5571,true,1,40492
4601780002565,false,קמח מקפה חיטה 2 קג,MAKFA,,"קמח מקפה חיטה 2 ק""ג",קילוגרמים,2.00,"ק""ג",false,1,18.90,9.4500,true,1,40496
4601780002572,false,קמח חיטה 1 קג,מקפה,,"קמח חיטה 1 ק""ג",קילוגרמים,1.00,"ק""ג",false,1,9.90,9.9000,true,1,40497
4601780005399,false,כוסמת להכנה מהירה 80,מקפה,,כוסמת להכנה מהירה 800 גר,גרמים,800.00,100 גרם,false,1,16.90,2.1125,true,1,40498
4601780005412,false,אורז מקפה מאודה 800,MAKFA,,אורז מקפה מאודה 800 גר,גרמים,800.00,100 גרם,false,1,12.90,1.6125,true,1,98581
4601780005429,false,אורז עגול 800 גר,,,אורז עגול 800 גר,גרמים,800.00,100 גרם,false,1,14.90,1.8625,true,1,113563
4601780005436,false,אפונה גרוסה 800 גר,מקפה,,אפונה גרוסה 800 גר,גרמים,800.00,100 גרם,false,1,9.90,1.2375,true,1,96650
4601780005443,false,דוחן 800 גר,מקפה,,דוחן 800 גר,גרמים,800.00,100 גרם,false,1,14.90,1.8625,true,1,40499
4601780005450,false,דגני חיטה ארטק 700 ג,מקפה,,דגני חיטה ארטק 700 גר,גרמים,700.00,100 גרם,false,1,11.90,1.7000,true,1,40500
4601780005689,false,אורז מאודה 800 גר,מקפה,,אורז מאודה  800 גרם,גרמים,800.00,100 גרם,false,1,12.90,1.6125,true,1,40501
4601780006211,false,סולת 700 גר,מקפה,,סולת 700 גר,גרמים,700.00,100 גרם,false,1,11.90,1.7000,true,1,40502
4601780006976,false,איטריות צדפות 400 גר,מקפה,,איטריות צדפות 400 גר,גרמים,400.00,100 גרם,false,1,7.90,1.9750,true,1,77191
4601780006990,false,אטריות ספירלות 400 ג,מקפה,,אטריות ספירלות 400 גר,גרמים,400.00,100 גרם,false,1,7.90,1.9750,true,1,77186
4601780007072,false,אטריות פיתולים 400 ג,מקפה,,אטריות פיתולים 400 גר,גרמים,400.00,100 גרם,false,1,7.90,1.9750,true,1,96654
4601780010003,false,כוסמת 400 גר,מקפה,,כוסמת 400 גר,גרמים,400.00,100 גרם,false,1,10.90,2.7250,true,1,40513
4601780010065,false,אורז 400 גר,מקפה,,אורז 400 גר,גרמים,400.00,100 גרם,false,1,7.90,1.9750,true,1,40514
4601780010102,false,דוחן 400 גר,מקפה,,דוחן 400 גר,גרמים,400.00,100 גרם,false,1,8.90,2.2250,true,1,40515
4601780010126,false,גריסי חיטה פולטבסקיה,מקפה,,גריסי חיטה פולטבסקיה 80 גר חמישייה,גרמים,400.00,100 גרם,false,1,6.90,1.7250,true,1,40516
4601780010508,false,אטריות ארוכות 400 גר,מקפה,,אטריות ארוכות 400 גר,גרמים,400.00,100 גרם,false,1,6.90,1.7250,true,1,77192
4601780010676,false,גריסי פנינה 400 גר,מקפה,,גריסי פנינה 400 גר,גרמים,400.00,100 גרם,false,1,9.90,2.4750,true,1,75645
4601780010690,false,גריסי פנינה 800 גר,מקפה,,גריסי פנינה  800 גר,גרמים,800.00,100 גרם,false,1,8.90,1.1125,true,1,75644
4601780010805,false,גריסי תירס 400 גר,מקפה,,גריסי תירס 400 גר,גרמים,400.00,100 גרם,false,1,7.90,1.9750,true,1,96652
4601780011390,false,פתיתים מקפה כוכבים 3,MAKFA,,פתיתים מקפה כוכבים 300 גר,גרמים,300.00,100 גרם,false,1,6.90,2.3000,true,1,98573
4602009007729,false,לש ארנה 300 גר,ARENA,,לש ארנה 300 גר,גרמים,300.00,100 גרם,false,1,25.90,8.6333,true,1,98112
4602009008412,false,דג קרפיון ארנה ללא ק,ARENA,,דג קרפיון ארנה ללא קרביים 150 גר,גרמים,150.00,100 גרם,false,1,18.90,12.6000,true,1,98115
4602009008443,false,דג קרפיון ארנה אדום,ARENA,,דג קרפיון ארנה אדום  150 גר,גרמים,150.00,100 גרם,false,1,18.90,12.6000,true,1,98114
4602009299742,false,זפיר בטעם וניל 420 ג,נבסקי קונדיטר,,זפיר בטעם וניל 420גר,גרמים,420.00,100 גרם,false,1,14.90,3.5476,true,1,78365
4602009299759,false,זפיר לבן ורוד 420 גר,נבסקי קונדיטר,,זפיר לבן ורוד 420גר,גרמים,420.00,100 גרם,false,1,14.90,3.5476,true,1,78364
4602009299766,false,זפיר קרם ברולה 420 ג,נבסקי קונדיטר,,זפיר קרם ברולה 420גר,גרמים,420.00,100 גרם,false,1,14.90,3.5476,true,1,78366
4602009299773,false,זפיר וניל מצופה שוקו,נבסקי קונדיטר,,זפיר וניל מצופה שוקולד 450גר,גרמים,450.00,100 גרם,false,1,15.90,3.5333,true,1,78367
4602041012736,false,מקלות תירס מתוקים 10,,,מקלות תירס מתוקים 100 גר,גרמים,100.00,100 גרם,false,1,8.90,8.9000,true,1,141143
4602112203612,false,חטיף תפוא בטעם בצל ו,,,"חטיף תפו""א בטעם בצל ושמנת חמוצה 70 גר",גרמים,70.00,100 גרם,false,1,7.90,11.2857,true,1,127650
4602112203636,false,חטיף תפוא בטעם גבינה,,,"חטיף תפו""א בטעם גבינה 70 גר",גרמים,70.00,100 גרם,false,1,7.90,11.2857,true,1,127651
4602112203674,false,חטיף תפוא בטעם בייקו,,,"חטיף תפו""א בטעם בייקון 70 גר",גרמים,70.00,100 גרם,false,1,7.90,11.2857,true,1,127652
4602112212447,false,חטיף תפוא בטעם פטריו,,,"חטיף תפו""א בטעם פטריות יער ברוטב שמנת 60",גרמים,60.00,100 גרם,false,1,7.90,13.1667,true,1,127654
4602220000387,false,משקה מאלט חלבני 1.5,,,משקה מאלט חלבני 1.5 ל,ליטרים,1.50,ליטר,false,6,16.90,11.2667,true,1,130786
4602220000813,false,משקה מאלט דומשני 1.5,,,משקה מאלט דומשני 1.5 ל,ליטרים,1.50,ליטר,false,6,16.90,11.2667,true,1,130785
4602220003661,false,משקה מאלט שיפון 1.5,,,משקה מאלט שיפון 1.5 ל,ליטרים,1.50,ליטר,false,6,16.90,11.2667,true,1,130787
4602220005108,false,קוואס חלבני פחית 500,,,קוואס חלבני פחית 500 מל,מיליליטרים,500.00,"100 מ""ל",false,1,7.90,1.5800,true,1,139677
4602248009485,false,תערובת למרק אטריות 1,YELLI,RU,תערובת למרק אטריות 150 גר,גרמים,150.00,100 גרם,false,12,9.90,6.6000,true,1,117976
4602248011549,false,תערובת לבורשט עם שעו,YELLI,RU,תערובת לבורשט עם שעועית 130 גר,גרמים,130.00,100 גרם,false,12,9.90,7.6154,true,1,117977
4602358003472,false,גלידה מגה בטעם וניל,ז'יטומרסקי זאבוד,,גלידה מגה בטעם וניל גביע 100 גר,גרמים,100.00,100 גרם,false,1,6.90,6.9000,true,1,139198
4602358003663,false,גלידת שמנת בטעם קרם,ז'יטומרסקי זאבוד,,גלידת שמנת בטעם קרם ברולה 100 גר,גרמים,100.00,100 גרם,false,1,6.90,6.9000,true,1,124046
4602358003670,false,גלידה מגה בטעם שוקול,ז'יטומרסקי זאבוד,,גלידה מגה בטעם שוקולד גביע 100 גר,גרמים,100.00,100 גרם,false,1,6.90,6.9000,true,1,139199
4602358003823,false,גלידה פלומביר בטעם ו,,,גלידה פלומביר בטעם וניל 400 גר,גרמים,400.00,100 גרם,false,1,28.90,7.2250,true,1,139227
4602358005346,false,גלידת שמנת בציפוי בט,ז'יטומרסקי זאבוד,,גלידת שמנת בציפוי בטעם שוקולד 90 גר,גרמים,90.00,100 גרם,false,1,6.90,7.6667,true,1,124047
4602358005667,false,שלגון גלידת שמנת בטע,ז'יטומרסקי זאבוד,,שלגון גלידת שמנת בטעם וניל שבבי אגוז לוז,גרמים,70.00,100 גרם,false,1,6.90,9.8571,true,1,128279
4602358006664,false,גלידה פלומביר בטעם ו,,,גלידה פלומביר בטעם וניל דומדמניות 400 גר,גרמים,400.00,100 גרם,false,1,28.90,7.2250,true,1,139228
4602358006909,false,שלגון גלידת שמנת בטע,ז'יטומרסקי זאבוד,,שלגון גלידת שמנת בטעם שוקולד שבבי קקאו,גרמים,70.00,100 גרם,false,1,6.90,9.8571,true,1,128278
4602441005093,false,משקה צירנוגולובקי בא,אקוואלייף,,משקה צירנוגולובקי באיקל 2ל,ליטרים,2.00,ליטר,false,1,16.90,8.4500,true,1,77229
4602441005109,false,משקה צירנוגולובקי דו,אקוואלייף,,משקה צירנוגולובקי דושס 2ל,ליטרים,2.00,ליטר,false,1,16.90,8.4500,true,1,77230
4602441005116,false,משקה צירנוגולובקי טר,אקוואלייף,,משקה צירנוגולובקי טרחון 2ל,ליטרים,2.00,ליטר,false,1,16.90,8.4500,true,1,77228
4602441017911,false,סוכריות קרמל 120 גר,,,סוכריות קרמל 120 גר,גרמים,120.00,100 גרם,false,1,5.90,4.9167,true,1,135682
4602481010019,false,קמח חיטה לבן 1 קג,סויוזפישפרום,,קמח חיטה לבן 1קג,קילוגרמים,1.00,"ק""ג",false,1,12.90,12.9000,true,1,74049
4602481010026,false,קמח חיטה לבן 2 קג,סויוזפישפרום,,קמח חיטה לבן 2קג,קילוגרמים,2.00,"ק""ג",false,1,21.90,10.9500,true,1,74050
4602481010033,false,סולת 800 גר,סויוזפישפרום,,סולת 800גר,גרמים,800.00,100 גרם,false,1,12.90,1.6125,true,1,74058
4602481107719,false,חטיף לחם מתערובת דגנ,דינמו ק מוסקבה,,חטיף לחם מתערובת דגנים 90 גר,גרמים,90.00,100 גרם,false,20,8.90,9.8889,true,1,120146
4602481107726,false,חטיף לחם תירס חיטה ע,דינמו ק מוסקבה,,חטיף לחם תירס חיטה עם חלבון 90 גר,גרמים,90.00,100 גרם,false,20,8.90,9.8889,true,1,120149
4602481107733,false,חטיף לחם שיפון עם סו,דינמו ק מוסקבה,,חטיף לחם שיפון עם סובין 90 גר,גרמים,90.00,100 גרם,false,20,8.90,9.8889,true,1,120148
4602481107740,false,חטיף לחם שיבולת שועל,דינמו ק מוסקבה,,חטיף לחם שיבולת שועל 90 גר,גרמים,90.00,100 גרם,false,20,8.90,9.8889,true,1,120147
4602481805264,false,שעורה 800 גר,סויוזפישפרום,,שעורה 800 גר,גרמים,800.00,100 גרם,false,1,9.90,1.2375,true,1,142383
4602481805295,false,גריסי חיטה צאר 600 ג,סויוזפישפרום,,גריסי חיטה צאר 600 גר,גרמים,600.00,100 גרם,false,1,10.90,1.8167,true,1,140409
4602486002057,false,וודקה בלנקאיה ללא גל,,,"וודקה בלנקאיה ללא גלוטן 700 מ""ל",מיליליטרים,700.00,"100 מ""ל",false,12,69.90,9.9857,true,1,126285
4602486002071,false,וודקה בלנקיה גולד 70,,,"וודקה בלנקיה גולד 700 מ""ל",מיליליטרים,700.00,"100 מ""ל",false,1,54.90,7.8429,true,1,124025
4602486002477,false,וודקה בלנקאיה אקסטרה,,,"וודקה בלנקאיה אקסטרה 700 מ""ל",מיליליטרים,700.00,"100 מ""ל",false,12,69.90,9.9857,true,1,125726
4603134002214,false,גריסים 800 גר,סויוזפישפרום,,גריסים 800גר,גרמים,800.00,100 גרם,false,1,13.90,1.7375,true,1,74066
4603134002283,false,אפונה צאר יבש 800 גר,סיוז פישפרום,,אפונה צאר יבש 800 גר,גרמים,800.00,100 גרם,false,1,14.90,1.8625,true,1,99914
4603134002801,false,דוחן 800 גר,סויוזפישפרום,,דוחן 800גר,גרמים,800.00,100 גרם,false,1,14.90,1.8625,true,1,74062
4603400000043,false,וודקה רוסקי סטנדרט 7,RUSSIAN STANDART,,וודקה רוסקי סטנדרט 7,מיליליטרים,700.00,"100 מ""ל",false,1,59.90,8.5571,true,1,54933
4603400000180,false,וודקה רוסקי סטנדרט פ,RUSSIAN STANDART,,"וודקה ""רוסקי סטנדרט",מיליליטרים,700.00,"100 מ""ל",false,1,89.90,12.8429,true,1,67260
4603400000197,false,וודקה רוסקי סטנדרט 5,RUSSIAN STANDART,,וודקה רוסקי סטנדרט 5,מיליליטרים,500.00,"100 מ""ל",false,1,44.90,8.9800,true,1,40563
4603400001026,false,וודקה רוסקי סטנדרט ג,RUSSIAN STANDART,,וודקה רוסקי סטנדרט גולד 0.7,מיליליטרים,700.00,"100 מ""ל",false,1,79.90,11.4143,true,1,40570
4603514009277,false,גין באריסטר יבש 700,,,גין באריסטר יבש 700 מל,מיליליטרים,700.00,"100 מ""ל",false,6,84.90,12.1286,true,1,129451
4603514010327,false,גין באריסטר פינק מתו,,,גין באריסטר פינק מתובל 700 מל,מיליליטרים,700.00,"100 מ""ל",false,6,84.90,12.1286,true,1,129453
4603514010334,false,גין באריסטר אורנג מת,,,גין באריסטר אורנג מתובל 700 מל,מיליליטרים,700.00,"100 מ""ל",false,6,84.90,12.1286,true,1,129454
4603514010341,false,גין באריסטר בלו מתוב,,,גין באריסטר בלו מתובל 700 מל,מיליליטרים,700.00,"100 מ""ל",false,6,84.90,12.1286,true,1,129452
4603566903950,false,תבלינים סול 7 מנות 4,אגרואימפורט,,תבלינים סול 7 מנות 400 גר,גרמים,400.00,100 גרם,false,1,11.90,2.9750,true,1,107926
4603566907958,false,תבלינים סול מנות ראש,אגרואימפורט,,תבלינים סול  מנות ראשונות 400 גר,גרמים,400.00,100 גרם,false,1,11.90,2.9750,true,1,107927
4603566908955,false,תבלינים סול שום ירוק,אגרואימפורט,,תבלינים סול שום ירוק  400 גר,גרמים,400.00,100 גרם,false,1,11.90,2.9750,true,1,107928
4603566921954,false,תבלינים סול 12 ירקות,אגרואימפורט,,תבלינים סול 12 ירקות 400 גר,גרמים,400.00,100 גרם,false,1,11.90,2.9750,true,1,107929
4603928000976,false,וודקה בלוגה 700 מל,סויוז,,"וודקה בלוגה 700 מ""ל",מיליליטרים,700.00,"100 מ""ל",false,1,135.90,19.4143,true,1,49319
4603928004158,false,וודקה בלוגה גולד ליי,,,"וודקה בלוגה גולד ליין 700 מ""ל מארז עור",מיליליטרים,700.00,"100 מ""ל",false,1,319.90,45.7000,true,1,119626
4603928005834,false,וודקה בלוגה טראנסאטל,,,וודקה בלוגה טראנסאטלנטיק נייבי בלו 700 מ,מיליליטרים,700.00,"100 מ""ל",false,1,159.90,22.8429,true,1,142392
4604248000103,false,רוטב לסלט בטעם זיתים,אסן פרודקשן,,"מיונז ""מחייב"" זיתים",מיליליטרים,800.00,"100 מ""ל",false,1,18.90,2.3625,true,1,40620
4604248000349,false,רוטב לסלט פרובנסל 38,אסן פרודקשן,,"מיונז ""מחייב"" פרובנס",גרמים,380.00,100 גרם,false,1,11.90,3.1316,true,1,40621
4604248000554,false,רוטב לסלט פרובנסל מח,אסן פרודקשן,,"מיונז ""מחייב"" פרובנס",גרמים,800.00,100 גרם,false,1,18.90,2.3625,true,1,40622
4604248000844,false,מיונז עם שמן זית מחי,אסן פרודקשן,,"מיונז ""מחייב"" עם זיתים 380 גר",גרמים,380.00,100 גרם,false,1,11.90,3.1316,true,1,50367
4604248000851,false,מיונז פרובנסל עם מיץ,אסן פרודקשן,,"מיונז ""מחייב"" עם לימון 380 גר""",גרמים,380.00,100 גרם,false,1,11.90,3.1316,true,1,50368
4604248002671,false,רוטב לסלט פרובנסל מי,אסן פרודקשן,,"מיונז ""מחייב"" מיץ לי",גרמים,800.00,100 גרם,false,1,18.90,2.3625,true,1,40623
4604248003043,false,קטשופ שישליק 500 גר,אסן פרודקשן,,קטשופ שישליק 500גרם,גרמים,500.00,100 גרם,false,1,11.90,2.3800,true,1,40624
4604248003050,false,קטשופ צילי 500 גר,PRODEX,,קטשופ צילי 500 גרם,גרמים,500.00,100 גרם,false,1,11.90,2.3800,true,1,40625
4604248003067,false,קטשופ לצו 500 גר,אסן פרודקשן,,"קטשופ ""לצ""ו"" 500 גר",גרמים,500.00,100 גרם,false,1,11.90,2.3800,true,1,55252
4604248003081,false,רוטב לסלט עם ביצת של,אסן פרודקשן,,"מיונז ""מחייב"" על ביצ",גרמים,380.00,100 גרם,false,1,11.90,3.1316,true,1,40626
4604248003517,false,חרדל רוסקיה 140 גר,אסן פרודקשן,,"חרדל ""רוסקיה"" 140 גר",גרמים,140.00,100 גרם,false,1,4.90,3.5000,true,1,40628
4604248003845,false,קטשופ עגבניות 500 גר,אסן פרודקשן,,קטשופ עגבניות 500גרם,גרמים,500.00,100 גרם,false,1,11.90,2.3800,true,1,48952
4604248004316,false,ריבת אוכמניות 300 גר,אסן פרודקשן,,ריבת אוכמניות 300גר,גרמים,300.00,100 גרם,false,1,11.90,3.9667,true,1,77820
4604248005405,false,ריבת ענבי שועל 300 ג,אסן פרודקשן,,ריבת ענבי שועל 300גר,גרמים,300.00,100 גרם,false,1,11.90,3.9667,true,1,77818
4604248006204,false,ריבת תות 300 גר,אסן פרודקשן,,ריבת תות 300גר,גרמים,300.00,100 גרם,false,1,11.90,3.9667,true,1,80491
4604248006877,false,ריבת פטל 300 גר,אסן פרודקשן,,ריבת פטל 300גר,גרמים,300.00,100 גרם,false,1,12.90,4.3000,true,1,77819
4604248006921,false,ריבת מחייב לימון בזכ,,,ריבת מחייב לימון בזכוכית 400 גר,גרמים,400.00,100 גרם,false,1,21.90,5.4750,true,1,113565
4604248006945,false,ריבת מחייב ענבי שועל,,,ריבת מחייב ענבי שועל בזכוכית 400 גר,גרמים,400.00,100 גרם,false,1,21.90,5.4750,true,1,113564
4604248006952,false,ריבת מחייב תות שדה ב,,,ריבת מחייב תות שדה בזכוכית 400 גר,גרמים,400.00,100 גרם,false,1,21.90,5.4750,true,1,130660
4604248008635,false,ריבת מחייב אוכמניות,אסן פרודקשן,,ריבת מחייב אוכמניות זכוכית 400 גר,גרמים,400.00,100 גרם,false,1,21.90,5.4750,true,1,112333
4604248012601,false,חזרת 190 גר,אסן פרודקשן,,חזרת 190 גר,גרמים,190.00,100 גרם,false,1,9.90,5.2105,true,1,75811
4604248012618,false,חרדל רוסקיה 190 גר,אסן פרודקשן,,"חרדל ""רוסקיה"" 190 גר",גרמים,190.00,100 גרם,false,1,7.90,4.1579,true,1,75810
4604248013240,false,ריבת פירות יער 300 ג,,,ריבת פירות יער 300 גר,גרמים,300.00,100 גרם,false,1,11.90,3.9667,true,1,115231
4604248014667,false,תערובת תבלינים תחמיץ,Maheev,,תערובת תבלינים תחמיץ לעוף בטעם חרדל 300,גרמים,300.00,100 גרם,false,1,7.90,2.6333,true,1,102279
4604248014674,false,תערובת תבלינים תחמיץ,Maheev,,תערובת תבלינים תחמיץ לשישליק 300 גר,גרמים,300.00,100 גרם,false,1,7.90,2.6333,true,1,102278
4604248014766,false,רוטב תיבול חריף אגיק,אסן פרודקשן,,רוטב תיבול חריף אגיקה 140 גר,גרמים,140.00,100 גרם,false,24,6.90,4.9286,true,1,112329
4604248014797,false,רוטב תיבול חריף אדזי,אסן פרודקשן,,רוטב תיבול חריף אדזיקה 190 גר,גרמים,190.00,100 גרם,false,1,9.90,5.2105,true,1,109639
4604248016197,false,תערובת תבלינים תחמיץ,Maheev,,תערובת תבלינים תחמיץ ברביקיו,גרמים,300.00,100 גרם,false,1,7.90,2.6333,true,1,109382
4604248016272,false,ריבת מחייב דובדבן זכ,אסן פרודקשן,,ריבת מחייב דובדבן זכוכית 400 גר,גרמים,400.00,100 גרם,false,1,21.90,5.4750,true,1,112335
4604248016289,false,ריבת מחייב פירות יער,אסן פרודקשן,,ריבת מחייב פירות יער זכוכית 400 גר,גרמים,400.00,100 גרם,false,1,21.90,5.4750,true,1,112332
4604248016920,false,ריבת מחייב אפרסק ומנ,אסן פרודקשן,,ריבת מחייב אפרסק ומנגו זכוכית 400 גר,גרמים,400.00,100 גרם,false,1,21.90,5.4750,true,1,126382
4604248018269,false,רוטב קיסר 200 גר,,,רוטב קיסר 200 גר,גרמים,200.00,100 גרם,false,1,7.90,3.9500,true,1,131494
4604248018276,false,רוטב בטעם גבינה 200,,,רוטב בטעם גבינה 200 גר,גרמים,200.00,100 גרם,false,1,7.90,3.9500,true,1,133418
4604248018283,false,רוטב בטעם שמנת חמוצה,,,רוטב בטעם שמנת חמוצה עם פטריות 200 גר,גרמים,200.00,100 גרם,false,1,7.90,3.9500,true,1,131493
4604248018290,false,רוטב בטעם שום ושמנת,,,רוטב בטעם שום ושמנת 200 גר,גרמים,200.00,100 גרם,false,1,7.90,3.9500,true,1,133419
4604248022709,false,רוטב לסלט עם ביצת של,אסן פרודקשן,,רוטב לסלט עם ביצת שליו מחייב 800 גר,גרמים,800.00,100 גרם,false,1,18.90,2.3625,true,1,123526
4604248024109,false,מרינדה אוניברסלית 30,Maheev,,מרינדה אוניברסלית 300 גר,גרמים,300.00,100 גרם,false,1,7.90,2.6333,true,1,133397
4605246002700,false,קפה קלוי שחור גוקיי,,,קפה קלוי שחור גוקיי בסגנון מזרחי 250 גר,גרמים,250.00,100 גרם,false,1,18.90,7.5600,true,1,110222
4605246003523,false,תה שחור גרינפילד גול,אורימי,,תה שחור גרינפילד גולדן ציילוני 25 שק,גרמים,50.00,100 גרם,false,1,11.90,23.8000,true,1,40660
4605246003585,false,תה ירוק גרינפילד סינ,אורימי,,תה ירוק  גרינפילד סיני 25 שק,גרמים,50.00,100 גרם,false,1,11.90,23.8000,true,1,40663
4605246003738,false,תה ירוק גרינפילד יסמ,אורימי,,תה ירוק גרינפילד יסמין 25 שק,גרמים,50.00,100 גרם,false,1,11.90,23.8000,true,1,40664
4605246004261,false,תה גרינפילד גריי פנט,,,תה גרינפילד גריי פנטזי שחור 100 גר,גרמים,100.00,100 גרם,false,14,11.90,11.9000,true,1,130246
4605246004278,false,תה שחור גרינפילד ארל,אורימי,,תה שחור גרינפילד ארל גריי 25 שק,גרמים,50.00,100 גרם,false,1,11.90,23.8000,true,1,40665
4605246004322,false,תה גרינפילד תפוח וקי,אורימי,,תה  גרינפילד תפוח וקינמון 25 שק,גרמים,38.00,100 גרם,false,1,11.90,31.3158,true,1,40668
4605246004643,false,קפה קלוי שחור גוקיי,,,קפה קלוי שחור גוקיי בסגנון איטלקי 100 גר,גרמים,100.00,100 גרם,false,1,9.90,9.9000,true,1,127938
4605246005251,false,תה שחור גרינפילד פיר,אורימי,,תה שחור גרינפילד פירות יער 25 שק,גרמים,38.00,100 גרם,false,1,11.90,31.3158,true,1,40683
4605246005817,false,תה גרינפילד גולדן צי,אורימי,,תה גרינפילד גולדן ציילון 100 גר,גרמים,200.00,100 גרם,false,1,29.90,14.9500,true,1,110495
4605246005848,false,תה שחור גרינפילד ארל,אורימי,,תה שחור גרינפילד ארל גריי 100 שק,גרמים,200.00,100 גרם,false,1,29.90,14.9500,true,1,99448
4605246005855,false,תה ירוק דרקון גרינפי,אורימי,,תה ירוק דרקון גרינפילד 100 שק,גרמים,200.00,100 גרם,false,1,29.90,14.9500,true,1,99447
4605246005879,false,תה טס סנרייז 100 גר,,,"תה ""טס"" סנרייז 100 גר",גרמים,100.00,100 גרם,false,1,11.90,11.9000,true,1,107719
4605246005893,false,תה ירוק טס סטייל 100,,,"תה ירוק ""טס"" סטייל 100 גר",גרמים,100.00,100 גרם,false,1,11.90,11.9000,true,1,107718
4605246005947,false,תה טס פלזה 25 שק,,,"תה ""טס"" פלזה 25 שק",Unknown,0.00,Unknown,false,1,12.90,0.0000,true,1,107713
4605246005961,false,תה טס ליים 25 שק,,,"תה ""טס"" ליים 25 שק",Unknown,0.00,Unknown,false,1,12.90,0.0000,true,1,114038
4605246006005,false,תה שחור מקנייה גרינפ,אורימי,,עלי תה שחור מקנייה גרינפילד 100 שק,גרמים,200.00,100 גרם,false,1,29.90,14.9500,true,1,130115
4605246006272,false,קפה נמס מיובש בהקפאה,אורימי,,קפה נמס מיובש בהקפאה זרדין קולומביה 95 ג,גרמים,95.00,100 גרם,false,1,25.90,27.2632,true,1,40689
4605246006289,false,קפה נמס מיובש בהקפאה,אורימי,,קפה נמס מיובש בהקפאה זרדין קילימנגרו 95,גרמים,95.00,100 גרם,false,1,25.90,27.2632,true,1,40690
4605246006296,false,קפה נמס מיובש בהקפאה,אורימי,,קפה נמס מיובש בהקפאה זרדין גואטמלה אטיטל,גרמים,95.00,100 גרם,false,1,25.90,27.2632,true,1,40691
4605246006333,false,תה טס ציילון 25 שק,,,"תה ""טס"" ציילון 25 שק",Unknown,0.00,Unknown,false,1,12.90,0.0000,true,1,114040
4605246006456,false,תה טס ארל גריי 25 שק,,,"תה ""טס"" ארל גריי 25 שק",Unknown,0.00,Unknown,false,1,12.90,0.0000,true,1,107716
4605246006487,false,תה ירוק טס פלירט 100,,,"תה ירוק ""טס"" פלירט 100 גר",גרמים,100.00,100 גרם,false,1,11.90,11.9000,true,1,114033
4605246006517,false,תה טס פלייס 25 שק,,,"תה ""טס"" פלייס 25 שק",Unknown,0.00,Unknown,false,1,12.90,0.0000,true,1,114044
4605246007729,false,קפה קלוי שחור גוקיי,,,קפה קלוי שחור גוקיי לפינזאן 100 גר,גרמים,100.00,100 גרם,false,1,9.90,9.9000,true,1,107706
4605246007736,false,קפה קלוי שחור גוקיי,,,קפה קלוי שחור גוקיי לפינזאן 200 גר,גרמים,200.00,100 גרם,false,1,15.90,7.9500,true,1,110223
4605246007842,false,תה טס פורסט דרים 20,,,"תה ""טס"" פורסט דרים 20 שק",Unknown,0.00,Unknown,false,1,14.90,0.0000,true,1,40703
4605246007859,false,תה טס ברי בר 20 שק,,,"תה ""טס"" ברי בר 20 שק",גרמים,36.00,100 גרם,false,1,14.90,41.3889,true,1,40704
4605246007873,false,תה ירוק טס פינה קולד,,,"תה ירוק ""טס"" פינה קולדה 20 שק",גרמים,36.00,100 גרם,false,1,14.90,41.3889,true,1,40705
4605246007880,false,תה ירוק טס גינגר מוח,,,"תה ירוק ""טס"" גינגר מוחיטו 20 שק",Unknown,0.00,Unknown,false,1,14.90,0.0000,true,1,40706
4605246007897,false,תה טס סאמר טיים 20 ש,,,"תה ""טס"" סאמר טיים  20 שק",גרמים,36.00,100 גרם,false,1,14.90,41.3889,true,1,114048
4605246008795,false,תה ירוק גרין מליסה 1,,,תה שחור גרין מליסה 100 שק,Unknown,0.00,Unknown,false,1,29.90,0.0000,true,1,99449
4605246008832,false,תה טס קרמל שארם 20 ש,,,"תה ""טס"" קרמל שארם 20 שק",גרמים,36.00,100 גרם,false,1,14.90,41.3889,true,1,114045
4605246008986,false,תה גרינפילד פירמידה,אורימי,,תה גרינפילד פירמידה ציילון 20 יח,גרמים,40.00,100 גרם,false,1,13.90,34.7500,true,1,110489
4605246009020,false,תה גרינפילד פירמידה,אורימי,,תה גרינפילד פירמידה אוכמניות 20 יח,גרמים,36.00,100 גרם,false,1,13.90,38.6111,true,1,110491
4605246009181,false,תה טס סאנרייז 100 שק,,,"תה ""טס"" סאנרייז 100 שק",גרמים,180.00,100 גרם,false,1,29.90,16.6111,true,1,114049
4605246009198,false,תה טס פלזה 100 שק,,,"תה ""טס"" פלזה 100 שק",Unknown,0.00,Unknown,false,1,32.90,0.0000,true,1,110228
4605246009372,false,תה טס סנרייז 25 שק,,,"תה ""טס"" סנרייז 25 שק",Unknown,0.00,Unknown,false,1,12.90,0.0000,true,1,107714
4605246009969,false,תה אוכמניות 1.5 גר 2,אורימי,,תה אוכמניות 1.5 גר 25 שק,גרמים,38.00,100 גרם,false,1,11.90,31.3158,true,1,110863
4605246010040,false,תה טס סאנרייז 200 גר,קרסניי אוקטברי,,"תה ""טס"" סאנרייז 200 גר",גרמים,200.00,100 גרם,false,1,18.90,9.4500,true,1,114245
4605246010088,false,תה שחור טס קוסמופולי,,,"תה שחור ""טס"" קוסמופוליטן פרטי 20 שק",גרמים,40.00,100 גרם,false,1,14.90,37.2500,true,1,110229
4605246010743,false,תה גרינפילד 30 סוגים,אורימי,,מארז מתנה תה גרינפילד 30 סוגים,גרמים,211.00,100 גרם,false,1,59.90,28.3886,true,1,110496
4605246011191,false,תה שחור גרינפילד טיל,אורימי,,תה שחור גרינפילד טיליה דבש 25 שק,Unknown,0.00,Unknown,false,1,11.90,0.0000,true,1,131214
4605246011313,false,תה טס טיים 25 שק,,,"תה ""טס"" טיים 25 שק",Unknown,0.00,Unknown,false,1,12.90,0.0000,true,1,107715
4605246011320,false,תה טס גולדברי 100 גר,,,"תה ""טס"" גולדברי 100 גר",גרמים,100.00,100 גרם,false,1,11.90,11.9000,true,1,114036
4605246011344,false,תערובת תה שחור צמחים,אורימי,,תערובת תה שחור צמחים גרינפילד אוכמניו,גרמים,36.00,100 גרם,false,1,13.90,38.6111,true,1,130114
4605246011450,false,תה טס בננה ספליט 20,,,"תה ""טס"" בננה ספליט  20 שק",גרמים,36.00,100 גרם,false,1,14.90,41.3889,true,1,114046
4605246011535,false,קפה נמס מיובש בהקפאה,קרסניי אוקטברי,,קפה נמס מיובש בהקפאה זרדין פיליגראנו 95,גרמים,95.00,100 גרם,false,1,30.90,32.5263,true,1,114244
4605246011719,false,קפה קלוי שחור גוקיי,קרסניי אוקטברי,,קפה קלוי שחור גוקיי לפינזאן פרמיום 100 ג,גרמים,100.00,100 גרם,false,1,8.90,8.9000,true,1,114243
4605246011795,false,תה ירוק טס סטייל 25,,,"תה ירוק ""טס"" סטייל 25 שק",Unknown,0.00,Unknown,false,1,12.90,0.0000,true,1,107712
4605246012518,false,תה טס ארל גריי 100 ש,,,"תה ""טס"" ארל גריי 100 שק",Unknown,0.00,Unknown,false,1,32.90,0.0000,true,1,114050
4605246012549,false,קפה נמס גוקיי פובורי,,,קפה נמס גוקיי פובורית מגורען 95 גר,גרמים,95.00,100 גרם,false,1,15.90,16.7368,true,1,108712
4605246012587,false,תה ירוק טס דייקירי ב,,,"תה ירוק ""טס"" דייקירי בריז 20 שק",גרמים,36.00,100 גרם,false,1,14.90,41.3889,true,1,110225
4605246013270,false,קפה קלוי שחור גוקיי,קרסניי אוקטברי,,קפה קלוי שחור גוקיי בסגנון מזרחי 75 גר,גרמים,75.00,100 גרם,false,1,9.90,13.2000,true,1,114242
4605246013492,false,תה טס ארל גריי 200 ג,קרסניי אוקטברי,,"תה ""טס"" ארל גריי 200 גר",גרמים,200.00,100 גרם,false,1,18.90,9.4500,true,1,114248
4605246013690,false,תה גרינפילד סאמר בוא,,,תה גרינפילד סאמר בואוז 100 גר,גרמים,100.00,100 גרם,false,15,11.90,11.9000,true,1,130244
4605246013836,false,תה שחור אינגליש אדיש,,,תה שחור אינגליש אידישון 100 שק,גרמים,200.00,100 גרם,false,1,29.90,14.9500,true,1,136107
4605246013904,false,תה גרינפילד תות שדה,אורימי,,תה גרינפילד תות שדה 25 שק,גרמים,50.00,100 גרם,false,1,11.90,23.8000,true,1,116974
4605246015274,false,תה שחור טס בלוברי טא,,,תה שחור טס בלוברי טארט 20 שק,Unknown,0.00,Unknown,false,12,14.90,0.0000,true,1,122137
4605246015380,false,תערובת צמחים ופירות,אורימי,,תערובת צמחים ופירות בטעם דובדבן גרינפיל,Unknown,0.00,Unknown,false,1,11.90,0.0000,true,1,130112
4605246015397,false,תערובת צמחים פירות י,אורימי,,תערובת צמחים פירות יער גרינפילד  25 שק,Unknown,0.00,Unknown,false,1,11.90,0.0000,true,1,130110
4605246016691,false,תה ירוק טס 20 שק,,,תה ירוק טס 20 שק,Unknown,0.00,Unknown,false,1,12.90,0.0000,true,1,141661
4605246016707,false,תה אולונג טס 20 שק,,,תה אולונג טס 20 שק,Unknown,0.00,Unknown,false,1,12.90,0.0000,true,1,141662
4605246016714,false,תה שחור טס 20 שק,,,תה שחור טס 20 שק,Unknown,0.00,Unknown,false,1,12.90,0.0000,true,1,141663
4605362008716,false,גרעינים בבקיני 300 ג,קה דה או קרסנודר,,גרעינים בבקיני 300 גר,גרמים,300.00,100 גרם,false,1,18.90,6.3000,true,1,133834
4605362008839,false,גרעינים בבקיני עם מל,קה דה או קרסנודר,,גרעינים בבקיני עם מלח 250 גר,גרמים,250.00,100 גרם,false,10,16.90,6.7600,true,1,131735
4605504512316,false,עוגיות עם אגוזים 200,סורמובסקי,,עוגיות עם אגוזים 200,גרמים,200.00,100 גרם,false,1,5.90,2.9500,true,1,40743
4605504512347,false,עוגיות תות שדה 200 ג,סורמובסקי,,עוגיות תות שדה 200 ג,גרמים,200.00,100 גרם,false,1,5.90,2.9500,true,1,40744
4605504512378,false,עוגיות שמנת 200 גר,סורמובסקי,,"עוגיות שמנת 200 ג""ר",גרמים,200.00,100 גרם,false,1,5.90,2.9500,true,1,40745
4605504512620,false,עוגיות עם ריבת חלב 2,סורמובסקי,,עוגיות עם ריבת חלב 2,גרמים,200.00,100 גרם,false,1,5.90,2.9500,true,1,40747
4605504513382,false,זפיר וניל אקסטרה 280,סורמובסקי,,זפיר וניל אקסטרה 280 גר,גרמים,280.00,100 גרם,false,1,11.90,4.2500,true,1,40748
4605504513856,false,זפיר קפה עם חלב אובו,סורמובסקי,,זפיר קפה עם חלב אקסט,גרמים,280.00,100 גרם,false,1,11.90,4.2500,true,1,40749
4605504518646,false,זפיר וניל ורוד אקסטר,סורמובסקי,,זפיר וניל ורוד אקסטרה 280 גר,גרמים,280.00,100 גרם,false,1,11.90,4.2500,true,1,40751
4605504522711,false,וופל קורובקה ממולא ב,,,וופל קורובקה ממולא בטעם חלב מבושל 300 גר,גרמים,300.00,100 גרם,false,1,14.90,4.9667,true,1,111881
4605504522728,false,וופל קורובקה ממולא ב,,,וופל קורובקה ממולא בטעם שוקולד 300 גר,גרמים,300.00,100 גרם,false,1,14.90,4.9667,true,1,111882
4605516014617,false,זפיר סלדקיי איסטוריי,וורונז',,זפיר סלדקיי איסטוריי עם אוכמניות 180גר,גרמים,180.00,100 גרם,false,1,16.90,9.3889,true,1,80559
4605516020366,false,זפיר וודוחנובניה קינ,,,זפיר וודוחנובניה בטעם קינוח אגס מצופה,גרמים,245.00,100 גרם,false,1,29.90,12.2041,true,1,134793
4605516020380,false,זפיר וודוחנובניה פיר,,,זפיר וודוחנובניה בטעם פירות יער מצופה,גרמים,245.00,100 גרם,false,1,29.90,12.2041,true,1,134794
4605516025538,false,זפיר וודוחנובניה סור,,,זפיר וודוחנובניה בטעם סורבה תפוז מצופה,גרמים,245.00,100 גרם,false,1,29.90,12.2041,true,1,134795
4605561010305,false,חתיכות פילה הרינג עם,,,חתיכות פילה הרינג עם שמיר בשמן 500 גר,גרמים,500.00,100 גרם,false,6,26.90,5.3800,true,1,130057
4605561010329,false,חתיכות פילה הרינג בט,,,חתיכות פילה הרינג בטעם מעושן בשמן 500 גר,גרמים,500.00,100 גרם,false,6,26.90,5.3800,true,1,130058
4605561010343,false,חתיכות פילה הרינג בש,,,חתיכות פילה הרינג בשמן 500 גר,גרמים,500.00,100 גרם,false,6,26.90,5.3800,true,1,130056
4605561011975,false,חתיכות פילה הרינג בש,,,חתיכות פילה הרינג בשמן 150 גר,גרמים,150.00,100 גרם,false,1,7.90,5.2667,true,1,127962
4605561012613,false,פילה הרינג קצוץ בשמן,,,פילה הרינג קצוץ בשמן 400 גר,גרמים,400.00,100 גרם,false,1,15.90,3.9750,true,1,127969
4605561013009,false,פילה הרינג בשמן 400,,,פילה הרינג בשמן 400 גר,גרמים,400.00,100 גרם,false,1,15.90,3.9750,true,1,127968
4605622010237,false,בירה בוצונוק מלניק 4,אפיס ברברי,,"בירה בוצונוק מלניק 4.3% 450 מ""ל",מיליליטרים,450.00,"100 מ""ל",false,12,9.90,2.2000,true,1,121547
4605622010268,false,בירה מלניק ברחטנויה,אפיס ברברי,,בירה מלניק ברחטנויה 4.2% 450 מל,מיליליטרים,450.00,"100 מ""ל",false,12,9.90,2.2000,true,1,121174
4605622010503,false,בירה מדבד 8% פחית 45,,,בירה מדבד 8% פחית 450 מל,מיליליטרים,450.00,"100 מ""ל",false,24,8.90,1.9778,true,1,127596
4605627003104,false,פרוטיס אפרסק/פסיפלור,,,פרוטיס אפרסק/פסיפלורה/דובדבן 115 גר,גרמים,115.00,100 גרם,false,1,4.90,4.2609,true,1,113908
4605627003128,false,פרוטיס אננס/מלון/פטל,,,פרוטיס אננס/מלון/פטל  115 גר,גרמים,115.00,100 גרם,false,1,4.90,4.2609,true,1,113906
4605627003142,false,פרוטיס משמש/מנגו/פיר,,,פרוטיס משמש/מנגו/פירות יער 115 גר,גרמים,115.00,100 גרם,false,1,4.90,4.2609,true,1,113905
4605627003166,false,פרוטיס תות שדה/תפוח/,,,פרוטיס תות שדה/תפוח/אגס 115 גר,גרמים,115.00,100 גרם,false,1,4.90,4.2609,true,1,113909
4605627006600,false,יוגורט פרוטיס תות שד,,,"יוגורט פרוטיס תות שדה 290 מ""ל",מיליליטרים,290.00,"100 מ""ל",false,1,9.90,3.4138,true,1,116038
4605627006624,false,יוגורט פרוטיס אפרסק,,,"יוגורט פרוטיס אפרסק 290 מ""ל",מיליליטרים,290.00,"100 מ""ל",false,1,9.90,3.4138,true,1,78882
4605627006747,false,יוגורט פרוטיס תות שד,,,יוגורט פרוטיס תות שדה עם קורנפלקס 165גר,גרמים,165.00,100 גרם,false,1,7.90,4.7879,true,1,81004
4605627007409,false,פרוטיס אגס/וניל/דובד,,,פרוטיס אגס/וניל/דובדבן פלומביר 115 גר,גרמים,115.00,100 גרם,false,1,4.90,4.2609,true,1,113907
4605627007485,false,פרוטיס בננה/ספליט/פי,,,פרוטיס בננה/ספליט/פינקולדה 115 גר,גרמים,115.00,100 גרם,false,1,4.90,4.2609,true,1,113910
4605664011261,false,בירה זולוטייה בוצקה,,,"בירה זולוטייה בוצקה בהירה 450 מ""ל",מיליליטרים,450.00,"100 מ""ל",false,1,8.90,1.9778,true,1,107940
4605664011308,false,בירה זולוטייה בוצקה,,,"בירה זולוטייה בוצקה קלאסיק 450 מ""ל",מיליליטרים,450.00,"100 מ""ל",false,1,8.90,1.9778,true,1,107939
4605664011803,false,בירה זולוטייה בוצקה,,,בירה זולוטייה בוצקה אקסטרה פח 450 מל,מיליליטרים,450.00,"100 מ""ל",false,24,8.90,1.9778,true,1,127595
4606495001414,false,דג יבש לש מקולף 150,,,דג יבש לש מקולף 150 גר,גרמים,150.00,100 גרם,false,1,24.90,16.6000,true,1,134431
4606598001342,false,תבלין לבשר מגיה ווסט,PROFAGROTECHNIKA,,"תבלין ""מגיה ווסטוקה""",גרמים,15.00,100 גרם,false,1,2.90,19.3333,true,1,50514
4606598001359,false,תבלין לעוף בגריל מגי,PROFAGROTECHNIKA,,"תבלין ""מגיה ווסטוקה""",גרמים,15.00,100 גרם,false,1,2.90,19.3333,true,1,40816
4606598001397,false,תבלין לתפוא מגיה ווס,PROFAGROTECHNIKA,,"תבלין ""מגיה ווסטוקה""",גרמים,15.00,100 גרם,false,1,2.90,19.3333,true,1,40819
4606598001465,false,תבלין לבשר לבן מגיה,,,"תבלין ""מגיה ווסטוקה""",גרמים,15.00,100 גרם,false,1,2.90,19.3333,true,1,40824
4606598001731,false,תבלין לגריל מגיה ווס,PROFAGROTECHNIKA,,"תבלין ""מגיה ווסטוקה""",גרמים,15.00,100 גרם,false,1,2.90,19.3333,true,1,50515
4606598002011,false,אבקת חרדל 200 גר,PROFAGROTECHNIKA,,אבקת חרדל 200 גר,גרמים,200.00,100 גרם,false,1,8.90,4.4500,true,1,40829
4606598002134,false,תבלין שמיר מגיה ווסט,PROFAGROTECHNIKA,,"תבלין ""מגיה ווסטוקה""",גרמים,15.00,100 גרם,false,1,2.90,19.3333,true,1,40831
4606598002745,false,תבלין לדג סולומון מג,PROFAGROTECHNIKA,,"תבלין ""מגיה ווסטוקה""",גרמים,15.00,100 גרם,false,1,2.90,19.3333,true,1,40837
4606598003155,false,תערובת תיבול להכנת מ,PROFAGROTECHNIKA,,תערובת תיבול להכנת מרק עם דג 15 גר,גרמים,15.00,100 גרם,false,1,2.90,19.3333,true,1,114910
4606598003681,false,תבלין לגזר קוריאני מ,PROFAGROTECHNIKA,,"תבלין ""מגיה ווסטוקה""",גרמים,15.00,100 גרם,false,1,2.90,19.3333,true,1,40842
4606598006422,false,עלי דפנה 15 גר,,,עלי דפנה 15 גר,גרמים,15.00,100 גרם,false,1,2.90,19.3333,true,1,127941
4606598007085,false,פלפל קלאסיק שלם 10 ג,PROFAGROTECHNIKA,,פלפל קלאסיק שלם 10 גר,גרמים,10.00,100 גרם,false,1,2.90,29.0000,true,1,114908
4606598007603,false,תבלין קינמון טחון 15,PROFAGROTECHNIKA,,תבלין קינמון טחון 15 גר,גרמים,15.00,100 גרם,false,1,2.90,19.3333,true,1,40850
4606598007610,false,כורכום 40 גר,PROFAGROTECHNIKA,,כורכום 40 גר,גרמים,40.00,100 גרם,false,1,2.90,7.2500,true,1,132433
4606598007641,false,תבלין פלפל רייחני של,PROFAGROTECHNIKA,,"תבלין ""מגיה ווסטוקה""",גרמים,15.00,100 גרם,false,1,2.90,19.3333,true,1,74487
4606598007658,false,תבלין פלפל רייחני טח,PROFAGROTECHNIKA,,"תבלין ""מגיה ווסטוקה""",גרמים,15.00,100 גרם,false,1,2.90,19.3333,true,1,74915
4606598007672,false,שום מיובש טחון 40 גר,PROFAGROTECHNIKA,,שום מיובש טחון 40 גר,גרמים,40.00,100 גרם,false,1,2.90,7.2500,true,1,40852
4606598008679,false,תבלין קבקזי לשישליק,PROFAGROTECHNIKA,,"תבליני ""מגיה ווסטוקה",גרמים,15.00,100 גרם,false,1,2.90,19.3333,true,1,40853
4606598010764,false,אורז בטעם גזר ובצל 4,PROFAGROTECHNIKA,,אורז בטעם גזר ובצל 40 גר,גרמים,40.00,100 גרם,false,1,3.90,9.7500,true,1,50532
4606598011334,false,פירה תפוא בטעם פטריו,,,"פירה תפו""א בטעם פטריות 34 גר",גרמים,34.00,100 גרם,false,1,3.90,11.4706,true,1,51115
4606598015790,false,תערובת תיבול לעלי גפ,PROFAGROTECHNIKA,,תערובת תיבול לעלי גפן ממולאים 15 גר,גרמים,15.00,100 גרם,false,1,2.90,19.3333,true,1,114913
4606598015806,false,תערובת תיבול למרק סו,PROFAGROTECHNIKA,,תערובת תיבול למרק סולנקה  15 גר,גרמים,15.00,100 גרם,false,1,2.90,19.3333,true,1,114914
4606598016001,false,תערובת תיבול לבשר על,PROFAGROTECHNIKA,,תערובת תיבול לבשר על האש  15 גר,גרמים,15.00,100 גרם,false,1,2.90,19.3333,true,1,114915
4606598016018,false,תערובת תיבול לעוף על,PROFAGROTECHNIKA,,תערובת תיבול לעוף על האש  15 גר,גרמים,15.00,100 גרם,false,1,2.90,19.3333,true,1,114916
4606598016025,false,תערובת תיבול לבשר כב,PROFAGROTECHNIKA,,תערובת תיבול לבשר כבש על האש 15 גר,גרמים,15.00,100 גרם,false,1,2.90,19.3333,true,1,142602
4606598016032,false,תערובת תיבול לדג על,PROFAGROTECHNIKA,,תערובת תיבול לדג על האש  15 גר,גרמים,15.00,100 גרם,false,1,2.90,19.3333,true,1,114917
4606598016285,false,תערובת תיבול לשעועית,PROFAGROTECHNIKA,,תערובת תיבול לשעועית 15 גר,גרמים,15.00,100 גרם,false,1,2.90,19.3333,true,1,114919
4606598016308,false,תערובת תיבול למאנטי,PROFAGROTECHNIKA,,תערובת תיבול למאנטי חינקלי 15 גר,גרמים,15.00,100 גרם,false,1,2.90,19.3333,true,1,114920
4606599008883,false,חלב מרוכז ממותק בתוס,,,חלב מרוכז ממותק בתוספת שומן צמחי  370 גר,גרמים,370.00,100 גרם,false,45,9.90,2.6757,true,1,126184
4606599009880,false,חלב מרוכז ממותק בתוס,,,חלב מרוכז ממותק בתוספת שומן צמחי 1000,גרמים,1000.00,100 גרם,false,9,19.90,1.9900,true,1,126185
4606599013320,false,חלב מרוכז ממותק בתוס,,,חלב מרוכז ממותק בתוספת שומן צמחי 500 גר,גרמים,500.00,100 גרם,false,12,10.90,2.1800,true,1,137522
4607001410317,false,רולדה אגדה תות שדה 2,רמנסקי,,רולדה אגדה תות שדה 200 גר,גרמים,200.00,100 גרם,false,1,6.90,3.4500,true,1,97073
4607001410324,false,רולדה אגדה פירות יער,רמנסקי,,רולדה אגדה פירות יער 200 גר,גרמים,200.00,100 גרם,false,1,6.90,3.4500,true,1,40866
4607001411666,false,רולדה אגדה ריבת חלב,,,רולדה אגדה ריבת חלב 200 גר,גרמים,200.00,100 גרם,false,1,6.90,3.4500,true,1,67551
4607001414445,false,טארטלט מתוק 180 גר,רמנסקי,,טארטלט מתוק 180 גר,גרמים,180.00,100 גרם,false,1,9.90,5.5000,true,1,97078
4607001414452,false,טארטלט רגיל 180 גר,רמנסקי,,טארטלט רגיל 180 גר,גרמים,180.00,100 גרם,false,1,9.90,5.5000,true,1,40881
4607001415442,false,עוגה אישית ארנבון במ,רמנסקי,,עוגה אישית ארנבון במילוי שוקולד 150 גר,גרמים,150.00,100 גרם,false,1,11.90,7.9333,true,1,98270
4607001415725,false,טורט שוורצואלד יער ש,רמנסקי,,טורט שוורצואלד יער שחור ודובדבן 350 גר,גרמים,350.00,100 גרם,false,1,16.90,4.8286,true,1,97074
4607001415732,false,טורט סיציליה תפוזים,רמנסקי,,טורט סיציליה תפוזים 350 גר,גרמים,350.00,100 גרם,false,1,16.90,4.8286,true,1,97075
4607001416241,false,קקס עם קרם חלב מרוכז,רמנסקי,,קקס עם קרם חלב מרוכז 470 גר,גרמים,470.00,100 גרם,false,1,15.90,3.3830,true,1,105498
4607001416265,false,קקס בטעם תות 470 גר,רמנסקי,,קקס בטעם תות 470 גר,גרמים,470.00,100 גרם,false,1,15.90,3.3830,true,1,106112
4607001417569,false,טורט דבש במילוי ריבת,רמנסקי,,טורט דבש במילוי ריבת חלב 350 גר,גרמים,350.00,100 גרם,false,1,16.90,4.8286,true,1,135465
4607001850359,false,פסטה טליאטלה 3 צבעים,,,פסטה טליאטלה 3 צבעים 450 גר,גרמים,450.00,100 גרם,false,9,9.90,2.2000,true,1,137055
4607001852759,false,פסטה נודלס לאגמן 350,,,פסטה נודלס לאגמן 350 גר,גרמים,350.00,100 גרם,false,28,5.90,1.6857,true,1,137053
4607002990238,false,שעועית אדומה דוד וני,,RU,שעועית אדומה דוד וניה 400 גר,גרמים,400.00,100 גרם,false,12,9.90,2.4750,true,1,138005
4607002990252,false,שעועית לבנה דוד וניה,,RU,שעועית לבנה דוד וניה 400 גר,גרמים,400.00,100 גרם,false,12,9.90,2.4750,true,1,138006
4607002990290,false,מלפפון מוחמץ דיאדיה,,,מלפפון מוחמץ דיאדיה וניה 680 גר,גרמים,680.00,100 גרם,false,1,13.90,2.0441,true,1,111870
4607002990474,false,עגבניות מוחמצות 680,,,עגבניות מוחמצות 680 גר,גרמים,680.00,100 גרם,false,1,13.90,2.0441,true,1,113951
4607002990481,false,עגבניות במיץ עגבניות,,,עגבניות במיץ עגבניות דיאדיה וניה 680 גר,גרמים,680.00,100 גרם,false,1,13.90,2.0441,true,1,111871
4607002991235,false,אסורטי מוחמץ דיאדיה,,,אסורטי מוחמץ דיאדיה וניה 1.8 ל,ליטרים,1.80,ליטר,false,1,29.90,16.6111,true,1,113648
4607002991358,false,מלפפון מוחמץ דיאדיה,,,מלפפון מוחמץ דיאדיה וניה 1.8 ל,ליטרים,1.80,ליטר,false,1,29.90,16.6111,true,1,113646
4607002991587,false,עגבניות מוחמץ דיאדיה,,,עגבניות מוחמץ דיאדיה וניה 1.8 ל,ליטרים,1.80,ליטר,false,1,29.90,16.6111,true,1,113647
4607002995752,false,אסורטי עגבניות ומלפפ,,,אסורטי עגבניות ומלפפון דיאדיה וניה 680 ג,גרמים,680.00,100 גרם,false,1,13.90,2.0441,true,1,116970
4607002995868,false,לצו דיאדיה וניה 680,,,לצו דיאדיה וניה 680 גר,גרמים,680.00,100 גרם,false,1,13.90,2.0441,true,1,111869
4607002995943,false,ממרח קישואים קלויים,,,ממרח קישואים קלויים 460 גר,גרמים,460.00,100 גרם,false,1,11.90,2.5870,true,1,123405
4607002997558,false,סלט הונגרי דיאדיה ונ,,,סלט הונגרי דיאדיה וניה 460 גר,גרמים,460.00,100 גרם,false,1,11.90,2.5870,true,1,111867
4607002997633,false,אדגיקה ממרח פיקנטי ד,,,אדגיקה ממרח פיקנטי  דיאדיה וניה 460 גר,גרמים,460.00,100 גרם,false,1,11.90,2.5870,true,1,113616
4607002998142,false,מלפפונים בחומץ דיאדי,,,מלפפונים בחומץ דיאדיה וניה 950 גר,גרמים,950.00,100 גרם,false,1,16.90,1.7789,true,1,131485
4607002998180,false,מלפפונים במלח דיאדיה,,,מלפפונים במלח דיאדיה וניה 950 גר,גרמים,950.00,100 גרם,false,1,16.90,1.7789,true,1,131484
4607002999286,false,קישואים באדזיקה דיאד,,,קישואים באדזיקה דיאדיה וניה 460 גר,גרמים,460.00,100 גרם,false,1,11.90,2.5870,true,1,111868
4607002999309,false,שעועית לבנה אפויה 48,,,שעועית לבנה אפויה 480 גר,גרמים,480.00,100 גרם,false,1,11.90,2.4792,true,1,123402
4607002999323,false,ממרח חצילים 460 גר,,,ממרח חצילים 460 גר,גרמים,460.00,100 גרם,false,1,11.90,2.5870,true,1,123406
4607002999545,false,שעועית אדומה לוביו 4,,,שעועית אדומה לוביו 480 גר,גרמים,480.00,100 גרם,false,1,11.90,2.4792,true,1,123404
4607002999620,false,כוסמת עם פטריות שמפי,,,כוסמת עם פטריות שמפיניון 460 גר,גרמים,460.00,100 גרם,false,1,11.90,2.5870,true,1,123403
4607005092441,false,תבלין מלח סונסקיה קל,אגרואימפורט,,תבלין מלח סונסקיה קלאסי 200 גר,גרמים,200.00,100 גרם,false,10,11.90,5.9500,true,1,134125
4607005400550,false,שוקולד מריר 72% 250,POBEDA,,"שוקולד מריר 250 ג""ר",גרמים,250.00,100 גרם,false,1,19.90,7.9600,true,1,40887
4607005400567,false,שוקולד עם צימוק ואגו,POBEDA,,שוקולד עם אגוזים וצי,גרמים,250.00,100 גרם,false,1,18.90,7.5600,true,1,40888
4607005400574,false,שוקולד אגוזים 250 גר,POBEDA,,שוקולד לסנוי אורך 25,גרמים,250.00,100 גרם,false,1,18.90,7.5600,true,1,40889
4607005401175,false,שוקולד חלב עם אגוזים,POBEDA,,שוקולד חלב עם אגוזים 250 גר,גרמים,250.00,100 גרם,false,1,18.90,7.5600,true,1,40893
4607005401229,false,שוקולד חלב עם דובדבן,POBEDA,,שוקולד עם דובדבן 250,גרמים,250.00,100 גרם,false,1,18.90,7.5600,true,1,40895
4607011260230,false,עוגיות שיבולת שועל ח,לובימיי קראי,,עוגיות שיבולת שועל חווטי קא קלאסי 400 גר,גרמים,400.00,100 גרם,false,1,9.90,2.4750,true,1,100514
4607011260247,false,עוגיות שיבולת שועל ח,לובימיי קראי,,עוגיות שיבולת שועל חוואטי קא חלב 400 גר,גרמים,400.00,100 גרם,false,1,9.90,2.4750,true,1,100515
4607011268687,false,עוגיות שיבולת שועל ע,"""lyubimiy kray""",,עוגיות שיבולת שועל עםחמוציות ופרוקטוזה 3,גרמים,300.00,100 גרם,false,1,11.90,3.9667,true,1,74773
4607012350992,false,גרעיני חמניות מרטין,Martin,,גרעיני חמניות מרטין ללא מלח 100 גר,גרמים,100.00,100 גרם,false,1,6.90,6.9000,true,1,95875
4607012351005,false,גרעיני חמנייה מרטין,MARTIN,,גרעיני חמנייה מרטין 200גר,גרמים,200.00,100 גרם,false,1,12.90,6.4500,true,1,76279
4607012351128,false,גרעיני חמניות מרטין,MARTIN,,גרעיני חמניות מרטין 500גר,גרמים,500.00,100 גרם,false,1,29.90,5.9800,true,1,77487
4607012351791,false,סוחריקי מרטין גבינה,MARTIN,,סוחריקי מרטין גבינה 60גר,גרמים,60.00,100 גרם,false,1,4.90,8.1667,true,1,77491
4607012351807,false,סוחריקי מרטין בייקון,MARTIN,,סוחריקי מרטין בייקון 60גר,גרמים,60.00,100 גרם,false,1,4.90,8.1667,true,1,77490
4607012351821,false,סוחריקי מרטין ירק עם,MARTIN,,סוחריקי מרטין ירק עם שמנת 60גר,גרמים,60.00,100 גרם,false,1,4.90,8.1667,true,1,77488
4607012351951,false,גרעיני חמניות מרטין,Martin,,גרעיני חמניות מרטין עם מלח 100 גר,גרמים,100.00,100 גרם,false,1,6.90,6.9000,true,1,95876
4607012351999,false,גרעיני חמנייה מרטין,,,גרעיני חמנייה מרטין עם מלח 200גר,גרמים,200.00,100 גרם,false,1,12.90,6.4500,true,1,80917
4607012352002,false,גרעיני דלעת מרטין 10,MARTIN,,גרעיני דלעת מרטין 100 גר,גרמים,100.00,100 גרם,false,1,12.90,12.9000,true,1,96667
4607012352095,false,גרעיני חמניות מרטין,MARTIN,,גרעיני חמניות מרטין עם מלח  500 גר,גרמים,500.00,100 גרם,false,1,29.90,5.9800,true,1,99080
4607012352453,false,גרעיני חמניות מרטין,מרטין,,גרעיני חמניות מרטין פסים 150 גר,גרמים,150.00,100 גרם,false,1,9.90,6.6000,true,1,109841
4607012352804,false,בוטנים קלופים קלויים,,,בוטנים קלופים קלויים מרטין עם מלח 100 גר,גרמים,100.00,100 גרם,false,20,6.90,6.9000,true,1,124520
4607012352927,false,בוטנים מרטין קלויים,MARTIN,,גרעיני חמניות מרטין בלי מלח 200 גר,גרמים,200.00,100 גרם,false,14,12.90,6.4500,true,1,125163
4607012353382,false,גרעיני חמניות לבן מר,,,גרעיני חמניות לבן מרטין עם מלח 250 גר,גרמים,250.00,100 גרם,false,1,14.90,5.9600,true,1,135684
4607014780551,false,שמן חמניות בלאגו מזו,קליסה,,"שמן חמניות ""בלאגו"" מ",מיליליטרים,1000.00,"100 מ""ל",false,1,21.90,2.1900,true,1,40907
4607014782111,false,שמן חמניות בלאגו לא,קליסה,,"שמן חמניות ""בלאגו"" ל",מיליליטרים,1000.00,"100 מ""ל",false,1,21.90,2.1900,true,1,40908
4607014788014,false,שמן קנולה 1 ל,,,שמן קנולה 1 ל,ליטרים,1.00,ליטר,false,1,11.90,11.9000,true,1,137872
4607016240374,false,גריסים פנינה 800 גר,אובלקה,,גריסים פנינה 800 גר,גרמים,800.00,100 גרם,false,1,8.90,1.1125,true,1,40910
4607016240381,false,אורז ארוך מלוטש 800,,,אורז ארוך מלוטש 800 גר,גרמים,800.00,100 גרם,false,1,12.90,1.6125,true,1,106311
4607016240398,false,סולת 700 גר,אובלקה,,"סולת 700 גר""",גרמים,700.00,100 גרם,false,1,9.90,1.4143,true,1,40911
4607016240831,false,קמח כוסמת 500 גר,אובלקה,,קמח כוסמת 500 גר,גרמים,500.00,100 גרם,false,1,14.90,2.9800,true,1,40929
4607016240893,false,כוסמת 800 גר,אובלקה,,כוסמת 800 גר,גרמים,800.00,100 גרם,false,1,16.90,2.1125,true,1,40930
4607016240909,false,אפונה מרוסקת 800 גר,אובלקה,,"אפונה מרוסקת 800 גר""",גרמים,800.00,100 גרם,false,1,10.90,1.3625,true,1,40931
4607016240923,false,גריסי שעורה 600 גר,אובלקה,,גריסי שעורה 600גר,גרמים,600.00,100 גרם,false,1,8.90,1.4833,true,1,40933
4607016240930,false,דוחן 800 גר,אובלקה,,דוחן 800גר,גרמים,800.00,100 גרם,false,1,12.90,1.6125,true,1,40934
4607016241104,false,גריסי פנינה 80 גר חמ,אובלקה,,"גריסי פנינה 80 גר"" ח",גרמים,400.00,100 גרם,false,1,8.90,2.2250,true,1,40936
4607016243047,false,שיבולת שועל עם תות 2,אובלקה,,שיבולת שועל עם תות 200 גר,גרמים,200.00,100 גרם,false,1,13.90,6.9500,true,1,40949
4607016243078,false,שיבולת שועל עם תות 2,אובלקה,,שיבולת שועל עם תות 200 גר,גרמים,200.00,100 גרם,false,1,13.90,6.9500,true,1,40950
4607016243108,false,שיבולת שועל עם פטל 2,אובלקה,,דייסה שיבולת שועל עם פטל חמישייה,גרמים,200.00,100 גרם,false,1,13.90,6.9500,true,1,40951
4607016243139,false,שיבולת שועל עם פטל 2,אובלקה,,שיבולת שועל עם פטל 200 גר,גרמים,200.00,100 גרם,false,1,13.90,6.9500,true,1,40952
4607016243160,false,שיבולת שועל עם אפרסק,אובלקה,,שיבולת שועל עם אפרסק 200 גר,גרמים,200.00,100 גרם,false,1,13.90,6.9500,true,1,40953
4607016243191,false,שיבולת שועל עם אוכמנ,אובלקה,,שיבולת שועל עם אוכמניות 200 גר,גרמים,200.00,100 גרם,false,1,13.90,6.9500,true,1,40954
4607016243221,false,שיבולת שועל עם תפוח,אובלקה,,שיבולתשועל עם תפוח 200 גר,גרמים,200.00,100 גרם,false,1,13.90,6.9500,true,1,40955
4607016244716,false,גריסי תירס 750 גר,אובלקה,,גריסי תירס 750 גר,גרמים,750.00,100 גרם,false,1,8.90,1.1867,true,1,51299
4607016245324,false,תערובת 4 דגנים 350 ג,,,תערובת 4 דגנים 350 גר,גרמים,350.00,100 גרם,false,1,7.90,2.2571,true,1,109845
4607016245348,false,פתיתי 5 דגנים אובלקה,,,פתיתי 5 דגנים אובלקה דקים 350 גר,גרמים,350.00,100 גרם,false,1,7.90,2.2571,true,1,102261
4607016245430,false,תערובת 6 דגנים אובלק,או.או.או.רסורס,,תערובת 6 דגנים אובלקה 350 גר,גרמים,350.00,100 גרם,false,1,9.90,2.8286,true,1,100357
4607016245461,false,קטניות גריסי חיטה 80,אובלקה,,קטניות גריסי חיטה 80 גר חמישייה,גרמים,400.00,100 גרם,false,1,10.90,2.7250,true,1,102493
4607016245478,false,גריסי דוחן 80 גר חמי,אובלקה,,גריסי דוחן 80 גר חמישייה,גרמים,400.00,100 גרם,false,1,10.90,2.7250,true,1,102495
4607016245485,false,קטניות כוסמת 80 גר ח,אובלקה,,קטניות כוסמת 80 גר חמישייה,גרמים,400.00,100 גרם,false,1,12.90,3.2250,true,1,102496
4607016245508,false,גריסי שעורה 80 גר חמ,אובלקה,,גריסי שעורה 80 גר חמישייה,גרמים,400.00,100 גרם,false,1,9.90,2.4750,true,1,102494
4607016245522,false,עדשים 80 גר חמישיה,אובלקה,,עדשים 80 גר חמישיה,גרמים,400.00,100 גרם,false,1,15.90,3.9750,true,1,103242
4607016245539,false,אפונה מרוסקת 80 גר ח,אובלקה,,אפונה מרוסקת 80 גר חמישייה,גרמים,400.00,100 גרם,false,1,10.90,2.7250,true,1,103061
4607016245584,false,פתיתי כוסמת אובלקה 4,אובלקה,,פתיתי כוסמת אובלקה 400 גר,גרמים,400.00,100 גרם,false,1,16.90,4.2250,true,1,104029
4607016245782,false,שיבולת שועל עם ענב ש,אובלקה,,דייסה שיבולת שועל עם ענב שחור חמישייה,גרמים,200.00,100 גרם,false,1,13.90,6.9500,true,1,102485
4607016245805,false,שיבולת שועל עם תערוב,אובלקה,,דייסה שיבולת שועל עם תערובת פירות יער 5,גרמים,200.00,100 גרם,false,1,13.90,6.9500,true,1,102486
4607016246024,false,פתיתי שיבולת שועל לה,,,שיבולת שועל להכנה מהירה 500 גר,גרמים,500.00,100 גרם,false,1,9.90,1.9800,true,1,114581
4607016246031,false,פתיתי שיבולת שועל דק,,,שיבולת שועל שקה להכנה מיידית 500 גר,גרמים,500.00,100 גרם,false,1,9.90,1.9800,true,1,114582
4607016246413,false,תערובת 5 דגנים 400 ג,,,תערובת 5 דגנים  400 גר,גרמים,400.00,100 גרם,false,1,5.90,1.4750,true,1,127865
4607016246437,false,פתית שיבולת שועל הרק,,,פתית שיבולת שועל הרקולס 400 גר,גרמים,400.00,100 גרם,false,1,4.90,1.2250,true,1,127863
4607016246444,false,NH פתיתי כוסמת 500 ג,,,NH פתיתי כוסמת 500 גר,גרמים,500.00,100 גרם,false,1,12.90,2.5800,true,1,128293
4607016246840,false,כוסמת 800 גר,,,כוסמת 800 גר,גרמים,800.00,100 גרם,false,1,16.90,2.1125,true,1,128284
4607016247335,false,דייסת שיבולת שועל עם,,,"דייסת שיבולת שועל עם תפו""ע חמישייה",גרמים,200.00,100 גרם,false,1,9.90,4.9500,true,1,127866
4607016247359,false,דייסת שיבולת שועל עם,,,דייסת שיבולת שועל עם ענבי שועל חמישייה,גרמים,200.00,100 גרם,false,1,9.90,4.9500,true,1,127867
4607016247373,false,דייסת שיבולת שועל עם,,,דייסת שיבולת שועל עם פטל חמישייה,גרמים,200.00,100 גרם,false,1,9.90,4.9500,true,1,127868
4607016247397,false,דייסת שיבולת שועל עם,,,דייסת שיבולת שועל עם תות שדה חמישייה,גרמים,200.00,100 גרם,false,1,9.90,4.9500,true,1,127869
4607016247410,false,דייסת שיבולת שועל עם,,,דייסת שיבולת שועל עם משמש חמישייה,גרמים,200.00,100 גרם,false,1,9.90,4.9500,true,1,127870
4607016247441,false,דייסת שיבולת שועל 5,,,דייסת שיבולת שועל 5 טעמים חמישייה,גרמים,200.00,100 גרם,false,1,9.90,4.9500,true,1,127871
4607016248448,false,שיבולת שועל עם בננה,אובלקה,,דייסה שיבולת שועל עם בננה ותות שדה,גרמים,200.00,100 גרם,false,1,13.90,6.9500,true,1,132522
4607016248608,false,פתיתי שיבולת שועל עם,אובלקה,,"פתיתי שיבולת שועל עם חמוציות ותפו""ע 240",גרמים,240.00,100 גרם,false,1,13.90,5.7917,true,1,132516
4607016313375,false,רוטב פלפל אדום 265 ג,,,רוטב פלפל אדום 265 גר,גרמים,265.00,100 גרם,false,1,16.90,6.3774,true,1,142632
4607016313382,false,רוטב פלפל ירוק 265 ג,,,רוטב פלפל ירוק 265 גר,גרמים,265.00,100 גרם,false,1,16.90,6.3774,true,1,142633
4607016313412,false,רוטב פלפל אדום חריף,,,רוטב פלפל אדום חריף 265 גר,גרמים,265.00,100 גרם,false,1,14.90,5.6226,true,1,142631
4607016418322,false,דובשניות במילוי בטעם,,,דובשניות במילוי בטעם תות שדה 500 גר,גרמים,500.00,100 גרם,false,1,15.90,3.1800,true,1,134910
4607016419060,false,דובשניות במילוי בטעם,,,דובשניות במילוי בטעם ריבת חלב 500 גר,גרמים,500.00,100 גרם,false,1,15.90,3.1800,true,1,134912
4607017090350,false,מים מינרליים יסנטוקי,,,מים מינרליים יסנטוקי 1.5 ל,ליטרים,1.50,ליטר,false,1,10.90,7.2667,true,1,107562
4607017091029,false,מים מינרליים יסנטוקי,,,מים מינרליים יסנטוקי 1.5 ל,ליטרים,1.50,ליטר,false,1,10.90,7.2667,true,1,107563
4607017097878,false,מים מינרליים סטארי א,,,מים מינרליים סטארי איסטוצניק מס 4 450 מל,מיליליטרים,450.00,"100 מ""ל",false,1,7.90,1.7556,true,1,131588
4607017097885,false,מים מינרליים סטארי א,,,מים מינרליים סטארי איסטוצניק 17 450 מל,מיליליטרים,450.00,"100 מ""ל",false,1,7.90,1.7556,true,1,131589
4607018271727,false,בלינציס במילוי מחית,,,בלינציס במילוי מחית תות 360 גר,גרמים,360.00,100 גרם,false,1,11.90,3.3056,true,1,49781
4607018271758,false,בלינציס במילוי דובדב,,,בלינציס במילוי דובדבנים 360 גר,גרמים,360.00,100 גרם,false,1,11.90,3.3056,true,1,49898
4607018271765,false,בלינציס במילוי גבינה,לינה,,בלינציס במילוי גבינה לבנה 360 גר,גרמים,360.00,100 גרם,false,1,11.90,3.3056,true,1,96495
4607018271819,false,בלינציס 450 גר,,,בלינציס 450 גר,גרמים,450.00,100 גרם,false,1,16.90,3.7556,true,1,49785
4607018276890,false,בלינציס במילוי מחית,לינה,,בלינציס במילוי מחית אוכמניות שחורות 360,גרמים,360.00,100 גרם,false,1,11.90,3.3056,true,1,129471
4607018771791,false,מים מינרליים טבעיים,טסטי פוד,RU,מים מינרליים טבעיים מוגז יסינטוקי מס 17,מיליליטרים,450.00,"100 מ""ל",false,20,9.90,2.2000,true,1,137744
4607018771821,false,מים מינרליים טבעיים,טסטי פוד,RU,מים מינרליים טבעיים מוגזים יסינטוקי מס 4,מיליליטרים,450.00,"100 מ""ל",false,20,9.90,2.2000,true,1,137743
4607023791029,false,קוויאר אדום 95 גר,א.ר.ד.י.ו,,קוויאר פחיות 95 גרם,גרמים,95.00,100 גרם,false,1,34.90,36.7368,true,1,40958
4607025280019,false,קמח 2 קג,אובלקה,,"קמח 2 ק""ג",גרמים,2000.00,100 גרם,false,1,20.90,1.0450,true,1,40959
4607025280026,false,קמח חיטה 1 קג,אובלקה,,"קמח חיטה 1 ק""ג",גרמים,1000.00,100 גרם,false,1,10.90,1.0900,true,1,40960
4607025280217,false,תערובת לבלינצס 500 ג,אובלקה,,תערובת לבלינצס 500,גרמים,500.00,100 גרם,false,1,13.90,2.7800,true,1,40961
4607026342341,false,יין מבעבע לבן חצי מת,,,יין מבעבע לבן חצי מתוק אבראו דורסו 750,מיליליטרים,750.00,"100 מ""ל",false,1,39.90,5.3200,true,1,133990
4607026342495,false,יין מבעבע לבן יבש מא,,,יין מבעבע לבן יבש מאוד ברוט אבראו דורסו,מיליליטרים,750.00,"100 מ""ל",false,1,39.90,5.3200,true,1,133989
4607026342761,false,יין מבעבע לבן חצי יב,,,יין מבעבע לבן חצי יבש אבראו דורסו 750 מל,מיליליטרים,750.00,"100 מ""ל",false,1,39.90,5.3200,true,1,133987
4607029050373,false,שמן חמניות לא מזוכך,קובנוצ'קה,,שמן חמניות לא מזוכך פרימיום קובנוצקה 1 ל,ליטרים,1.00,ליטר,false,1,24.90,24.9000,true,1,100758
4607029051059,false,מלפפונים בחומץ  קובנ,,,מלפפונים בחומץ  קובנוצקה 720 גר,גרמים,720.00,100 גרם,false,1,14.90,2.0694,true,1,137119
4607029052643,false,מלפפון בחומץ קובנוצק,,,מלפפון בחומץ קובנוצקה 1500 גר,גרמים,1500.00,100 גרם,false,1,26.90,1.7933,true,1,102234
4607029052650,false,מלפפון ועגבניות בחומ,,,מלפפון ועגבניות בחומץ קובנוצקה 1500 גר,גרמים,1500.00,100 גרם,false,1,26.90,1.7933,true,1,102235
4607029052704,false,עגבניות אדומות בחומץ,קובנוצ'קה,,עגבניות אדומות בחומץ קובנוצקה 1500 גר,גרמים,1500.00,100 גרם,false,1,26.90,1.7933,true,1,111126
4607029053060,false,ממרח חצילים קובנוצקה,,,ממרח חצילים קובנוצקה 500 גר,גרמים,500.00,100 גרם,false,1,14.90,2.9800,true,1,137110
4607029053077,false,ממרח קישואים קובנוצק,,,ממרח קישואים קובנוצקה 500 גר,גרמים,500.00,100 גרם,false,1,14.90,2.9800,true,1,137109
4607029053091,false,תבשיל ירקות ראגו הונ,,,תבשיל ירקות ראגו הונגרי קובנוצקה 500 גר,גרמים,500.00,100 גרם,false,1,14.90,2.9800,true,1,137114
4607029053107,false,רוטב אדגיקה בסגנון א,,,רוטב אדגיקה בסגנון ארמני קובנוצקה 500 גר,גרמים,500.00,100 גרם,false,1,14.90,2.9800,true,1,137111
4607029053367,false,תבשיל סאוטה חצילים ק,,,תבשיל סאוטה חצילים קובנוצקה 500 גר,גרמים,500.00,100 גרם,false,1,14.90,2.9800,true,1,137113
4607029053428,false,ממרח סלק קובנוצקה 50,,,ממרח סלק קןבנוצקה 500 גר,גרמים,500.00,100 גרם,false,1,14.90,2.9800,true,1,139076
4607029053770,false,תערובת מלפפון ועגבני,,,תערובת מלפפון ועגבניה בחומץ  קובנוצקה,גרמים,720.00,100 גרם,false,1,14.90,2.0694,true,1,137118
4607032239963,false,ברנדי גולדן רזרב 500,,,ברנדי גולדן רזרב 500 מל,מיליליטרים,500.00,"100 מ""ל",false,1,54.90,10.9800,true,1,133153
4607035190711,false,תיבול אוניברסלי לכל,COMPANI SPACE,,תיבול אוניברסלי לכל מנות  200גר,גרמים,200.00,100 גרם,false,1,8.90,4.4500,true,1,79208
4607035192333,false,קוואס יבש 200 גר,COMPANI SPACE,,קוואס יבש 200גר,גרמים,200.00,100 גרם,false,1,5.90,2.9500,true,1,80461
4607036201560,false,ממרח קישואים פיקנטה,,,ממרח קישואים פיקנטה 520 גר,גרמים,520.00,100 גרם,false,1,10.90,2.0962,true,1,120010
4607036201577,false,ממרח חצילים פיקנטה 5,,,ממרח חצילים פיקנטה 520 גר,גרמים,520.00,100 גרם,false,1,10.90,2.0962,true,1,120009
4607037431164,false,זפיר לאנז סליבוצני 4,פקטורי נבה אל טי די,,זפיר לאנז סליבוצני 420 גר,גרמים,420.00,100 גרם,false,1,19.90,4.7381,true,1,98436
4607037431188,false,זפיר לאנז מצופה שוקו,NEVA,,זפיר מצופה שוקולד 45,גרמים,450.00,100 גרם,false,1,27.90,6.2000,true,1,40987
4607037431218,false,זפיר קרם ברולה 420 ג,NEVA,,זפיר קרם ברולה 420 ג,גרמים,420.00,100 גרם,false,1,19.90,4.7381,true,1,40988
4607037431225,false,זפיר ורוד לבן 420 גר,NEVA,,"זפיר ורוד לבן 420 ג""",גרמים,420.00,100 גרם,false,9,19.90,4.7381,true,1,40989
4607037431263,false,זפיר לאנז בטעם ריבת,פקטורי נבה אל טי די,,זפיר לאנז בטעם ריבת חלב 420 גר,גרמים,420.00,100 גרם,false,1,19.90,4.7381,true,1,98437
4607037431300,false,זפיר וניל 420 גר,NEVA,,זפיר וניל 420 גר,גרמים,420.00,100 גרם,false,1,19.90,4.7381,true,1,40990
4607037433380,false,מבחר ממתקי גלי בטעם,פנזה,,מבחר ממתקי גלי בטעם פירות 250 גר,גרמים,250.00,100 גרם,false,1,14.90,5.9600,true,1,132500
4607037435797,false,ממתק מוקצף בטעם וניל,פנזה,,ממתק מוקצף בטעם וניל וחתיכות מרמלדה 220,גרמים,220.00,100 גרם,false,1,11.90,5.4091,true,1,132497
4607037437296,false,פסטילה וניל 200 גר,NEVA,,פסטילה וניל 200 גרי,גרמים,200.00,100 גרם,false,1,11.90,5.9500,true,1,73936
4607037437616,false,פסטילה לבן ורוד 200,פקטורי נבה אל טי די,,פסטילה לבן ורוד 200 גר,גרמים,200.00,100 גרם,false,1,11.90,5.9500,true,1,98439
4607037437647,false,זפיר לאנז חמוציות 42,,,זפיר לאנז חמוציות 420 גר,גרמים,420.00,100 גרם,false,1,19.90,4.7381,true,1,102901
4607037437777,false,זפיר בטעם תפוח 420 ג,NEVA,,זפיר בטעם תפוח 420 גר,גרמים,420.00,100 גרם,false,1,19.90,4.7381,true,1,103448
4607037437852,false,זפיר שמנת 800 גר,,,זפיר שמנת 800 גר,גרמים,800.00,100 גרם,false,1,34.90,4.3625,true,1,140415
4607037437906,false,זפיר וניל מצופה שוקו,,,זפיר וניל מצופה שוקולד 900 גר,גרמים,900.00,100 גרם,false,1,46.90,5.2111,true,1,140417
4607037439535,false,פסטילה בטעם וניל עם,פקטורי נבה אל טי די,,פסטילה בטעם וניל עם מרמלד 200 גר,גרמים,200.00,100 גרם,false,1,12.90,6.4500,true,1,98440
4607037439887,false,ממתק מוקצף בטעם וניל,NEVA,,ממתק מוקצף בטעם וניל מצופה 170 גר,גרמים,170.00,100 גרם,false,1,7.90,4.6471,true,1,73941
4607037439962,false,זפיר וניל פרוקטוזה מ,NEVA,,זפיר וניל פרוקטוזה מצופה שוקולד 200ג,גרמים,200.00,100 גרם,false,1,19.90,9.9500,true,1,73945
4607038060035,false,שימורי דג סיירה בשמן,אואואו רוסקי מיר,,שימורי דג סיירה בשמן,גרמים,250.00,100 גרם,false,1,16.90,6.7600,true,1,40992
4607038060080,false,שימורי דג גרבושה טבע,אואואו רוסקי מיר,,שימורי דג גרבושה טבעי 250 גר,גרמים,250.00,100 גרם,false,48,13.90,5.5600,true,1,40993
4607038060103,false,שימורי דג סיירה טבעי,אואואו רוסקי מיר,,שימורי דג סיירה טבעי 250גר,גרמים,250.00,100 גרם,false,1,16.90,6.7600,true,1,40994
4607041130039,false,רוטב שישליק פפריצי 3,,,רוטב שישליק פפריצי 320 גר,גרמים,320.00,100 גרם,false,1,8.90,2.7813,true,1,88869
4607041130268,false,רוטב פפריצי חריף מתו,,,רוטב פפריצי חריף-מתוק 320 גר,גרמים,320.00,100 גרם,false,1,8.90,2.7813,true,1,67774
4607041230289,false,כעכים פוסולסקי צילנו,וופלשניה,,כעכים פוסולסקי צילנוציוק 200גר,גרמים,200.00,100 גרם,false,1,5.90,2.9500,true,1,77845
4607041230630,false,צנימים פוסולסקי וניל,וופלשניה,,צנימים פוסולסקי וניל 250גר,גרמים,250.00,100 גרם,false,1,8.90,3.5600,true,1,77850
4607041230647,false,צנימים מיני פוסולסקי,וופלשניה,,צנימים מיני פוסולסקי צימוקים 250 גר,גרמים,250.00,100 גרם,false,1,8.90,3.5600,true,1,77851
4607041230852,false,צנימים פוסולסקי צימו,וופלשניה,,צנימים פוסולסקי צימוקים וסוכר  300גר,גרמים,300.00,100 גרם,false,1,10.90,3.6333,true,1,77852
4607041232641,false,צנימים בטעם וניל פוס,וופלשניה,,צנימים בטעם וניל פוסולסקי 300 גר,גרמים,300.00,100 גרם,false,1,10.90,3.6333,true,1,110877
4607041232665,false,צנימים עם צימוקים פו,וופלשניה,,צנימים עם צימוקים פוסולסקי 300 גר,גרמים,300.00,100 גרם,false,1,10.90,3.6333,true,1,110878
4607041232672,false,כעכים פוסולסקי מליוט,וופלשניה,,כעכים פוסולסקי מליוטקה מצופים 200 גר,גרמים,200.00,100 גרם,false,1,5.90,2.9500,true,1,108862
4607041232689,false,כעכים פוסולסקי מליוט,וופלשניה,,כעכים פוסולסקי מליוטקה עם פרג 200 גר,גרמים,200.00,100 גרם,false,1,5.90,2.9500,true,1,108861
4607041232757,false,כעכים פוסולסקי מליוט,וופלשניה,,כעכים פוסולסקי מליוטקה 200 גר,גרמים,200.00,100 גרם,false,1,5.90,2.9500,true,1,108859
4607041232764,false,כעכים פוסולסקי מליוט,וופלשניה,,כעכים פוסולסקי מליוטקה טעם וניל 200 גר,גרמים,200.00,100 גרם,false,1,5.90,2.9500,true,1,108860
4607041232979,false,צנימים פוסולסקי צימו,וופלשניה,,צנימים פוסולסקי צימוקים וסוכר 250 גר,גרמים,250.00,100 גרם,false,1,8.90,3.5600,true,1,115314
4607041310660,false,גרעיני חמניות קלויים,,,גרעיני חמניות קלויים בוגטירי 250 גר,גרמים,250.00,100 גרם,false,16,11.90,4.7600,true,1,124900
4607044600027,false,רוטב עשן קלאסיק 330,,,רוטב עשן קלאסיק 330,מיליליטרים,330.00,"100 מ""ל",false,1,21.90,6.6364,true,1,49708
4607051158092,false,תה קורטיס בננה 36 גר,או א.או מאי קומפני,,תה קורטיס בננה 36 גר,גרמים,36.00,100 גרם,false,1,12.90,35.8333,true,1,107825
4607051158221,false,תה ארל גריי 34 גר,או א.או מאי קומפני,,תה ארל גריי 34 גר,גרמים,34.00,100 גרם,false,1,12.90,37.9412,true,1,97489
4607051158269,false,תה לימון 34 גר,או א.או מאי קומפני,,תה לימון 34 גר,גרמים,34.00,100 גרם,false,1,12.90,37.9412,true,1,97490
4607051158306,false,תה ענבים 36 גר,או א.או מאי קומפני,,תה ענבים 36 גר,גרמים,36.00,100 גרם,false,1,12.90,35.8333,true,1,97491
4607051158481,false,תה מוחיטו 34 גר,או א.או מאי קומפני,,תה מוחיטו 34 גר,גרמים,34.00,100 גרם,false,1,12.90,37.9412,true,1,97493
4607051158672,false,תה קורטיס ברייס 34 ג,או א.או מאי קומפני,,תה קורטיס ברייס 34 גר,גרמים,34.00,100 גרם,false,1,12.90,37.9412,true,1,97496
4607051159945,false,תה RICHARD ROYAL CEY,או א.או מאי קומפני,,תה RICHARD ROYAL CEYLON 100,Unknown,0.00,Unknown,false,1,21.90,0.0000,true,1,112850
4607054450810,false,גרעיני חמניות עם מלח,,,גרעיני חמניות עם מלח 200 גר,גרמים,200.00,100 גרם,false,1,10.90,5.4500,true,1,134920
4607054450841,false,גרעינים שחורים מטוגנ,,,"גרעינים שחורים מטוגנ ""סטאניצ""ניה"" 400 גר",גרמים,400.00,100 גרם,false,1,24.90,6.2250,true,1,54857
4607054450865,false,גרעינים סטניצניה באי,אגרוסויוז,,גרעינים סטניצניה באיקי XXL,גרמים,400.00,100 גרם,false,1,22.90,5.7250,true,1,103572
4607054450988,false,גרעיני דלעת סטאניצני,אגרוסויוז,,גרעיני דלעת סטאניצניה קלויים עם מלח 200,גרמים,200.00,100 גרם,false,1,27.90,13.9500,true,1,111278
4607054451718,false,גרעינים טמבובסקי וול,או.או.או אגרוסווז,,גרעינים טמבובסקי וולק 230 גר,גרמים,230.00,100 גרם,false,1,11.90,5.1739,true,1,98772
4607054451732,false,גרעינים XXL טמבובסקי,או.או.או אגרוסווז,,גרעינים טמבובסקי וולק XXL,גרמים,400.00,100 גרם,false,1,15.90,3.9750,true,1,98774
4607054451831,false,גרעינים טמבובסקי וול,או.או.או אגרוסווז,,גרעינים טמבובסקי וולק עם מלח 200 גר,גרמים,200.00,100 גרם,false,1,11.90,5.9500,true,1,98773
4607054452319,false,גרעיני דלעת 200 גר,,,גרעיני דלעת 200 גר,גרמים,200.00,100 גרם,false,1,20.90,10.4500,true,1,120005
4607054452371,false,גרעיני חמניות קלויים,,,גרעיני חמניות קלויים סטניצניה 250 גר,גרמים,250.00,100 גרם,false,1,17.90,7.1600,true,1,110882
4607054452395,false,גרעיני דלעת קלויים 2,אגרוסויוז,RU,גרעיני דלעת קלויים 200 גר,גרמים,200.00,100 גרם,false,15,22.90,11.4500,true,1,116068
4607054452418,false,גרעיני חמניות קלויים,אגרוסויוז,RU,גרעיני חמניות קלויים 400 גר,גרמים,400.00,100 גרם,false,10,19.90,4.9750,true,1,116065
4607054452470,false,גרעינים טמבובסקי וול,או.או.או אגרוסווז,,גרעינים טמבובסקי וולק 500 גר,גרמים,500.00,100 גרם,false,1,20.90,4.1800,true,1,114989
4607054452555,false,גרעיני חמניות סטאניצ,אגרוסויוז,,גרעיני חמניות סטאניצניה קלויים עם מלח,גרמים,500.00,100 גרם,false,1,27.90,5.5800,true,1,111280
4607054452579,false,גרעיני חמניות קלויים,אגרוסויוז,RU,גרעיני חמניות קלויים ומלוחים 400 גר,גרמים,400.00,100 גרם,false,10,19.90,4.9750,true,1,116066
4607054452616,false,גרעיני חמניות סטאניצ,אגרוסויוז,,גרעיני חמניות סטאניצניה קלויים 500 גר,גרמים,500.00,100 גרם,false,1,27.90,5.5800,true,1,111279
4607054453255,false,גרעיני חמניות קלויים,אגרוסויוז,RU,גרעיני חמניות קלויים 250 גר,גרמים,250.00,100 גרם,false,15,11.90,4.7600,true,1,116067
4607054453651,false,בוטנים טמבובסקי וולק,,,בוטנים טמבובסקי וולק קלויים 250 גר,גרמים,250.00,100 גרם,false,1,15.90,6.3600,true,1,128121
4607056587507,false,משקה לתת מוגז חבית צ,,RU,משקה לתת מוגז חבית צהובה 1.5 ל,ליטרים,1.50,ליטר,false,6,17.90,11.9333,true,1,128466
4607065411312,false,פטריות אופיאטה פוסול,,CN,פטריות אופיאטה 680 ג,גרמים,680.00,100 גרם,false,6,14.90,2.1912,true,1,41036
4607065411329,false,פטריות מסליאטה פוסול,,CN,"פטריות מסלטה 680 גר""",גרמים,680.00,100 גרם,false,6,14.90,2.1912,true,1,41037
4607065411343,false,פטריות אסורטי פוסולס,,CN,פטריות אסורטי 680 גר,גרמים,680.00,100 גרם,false,6,14.90,2.1912,true,1,41039
4607065411398,false,פטריות שיטאקי פוסולס,,CN,"פטריות שיטקי 680 גר""",גרמים,680.00,100 גרם,false,6,14.90,2.1912,true,1,41040
4607065580070,false,אטריות דושירק להכנה,,,"לפשה ""קוויסטי"" בקר",גרמים,70.00,100 גרם,false,1,2.90,4.1429,true,1,88955
4607065580087,false,אטריות דושירק להכנה,,,"לפשה ""קוויסטי"" עוף",גרמים,70.00,100 גרם,false,1,2.90,4.1429,true,1,88956
4607065580094,false,אטריות דושירק להכנה,,,"לפשה ""קוויסטי"" פטריו",גרמים,70.00,100 גרם,false,1,2.90,4.1429,true,1,88957
4607065580100,false,אטריות דושירק להכנה,,,"לפשה ""קוויסטי"" ביקון",גרמים,70.00,100 גרם,false,1,2.90,4.1429,true,1,88958
4607065580193,false,איטריות דושירק בטעם,,,"איטריות ""דושירק"" עגל",גרמים,90.00,100 גרם,false,1,8.90,9.8889,true,1,41041
4607065580209,false,תבשיל איטריות דושירק,,,"איטריות ""דושירק"" עוף",גרמים,90.00,100 גרם,false,1,8.90,9.8889,true,1,41042
4607065580216,false,איטריות דושירק בטעם,,,"איטריות ""דושירק"" בקר",גרמים,90.00,100 גרם,false,1,8.90,9.8889,true,1,41043
4607065580223,false,איטריות דושירק בטעם,,,"איטריות ""דושירק"" עוף",גרמים,90.00,100 גרם,false,1,8.90,9.8889,true,1,41044
4607065580230,false,איטריות דושירק בטעם,,,"איטריות ""דושירק"" פטר",גרמים,90.00,100 גרם,false,1,8.90,9.8889,true,1,41045
4607065580247,false,איטריות דושירק בטעם,,,"איטריות ""דושירק"" בטע",גרמים,90.00,100 גרם,false,1,8.90,9.8889,true,1,41046
4607065580353,false,תבשיל איטריות דושירק,,,"איטריות ""דושירק"" קימ",גרמים,90.00,100 גרם,false,1,8.90,9.8889,true,1,41047
4607065580575,false,אטריות דושיראק להכנה,DOSHIRAK,,אטריות דושיראק להכנה מהירה בטעם בקר 110,גרמים,110.00,100 גרם,false,1,11.90,10.8182,true,1,108322
4607067933911,false,גלידת שמנת קרמל עם ר,iceberry,,גלידת שמנת קרמל עם ריבת חלב 80 גר,גרמים,80.00,100 גרם,false,1,6.90,8.6250,true,1,105930
4607067934055,false,אסקימו זמצוזינה רוסי,,,אסקימו זמצוזינה רוסיה שבבי שקדים 80 גר,גרמים,80.00,100 גרם,false,1,6.90,8.6250,true,1,121983
4607067935175,false,אסקימו זמצוזינה רוסי,,,אסקימו זמצוזינה רוסיה פיסטוק 80 גר,גרמים,80.00,100 גרם,false,1,6.90,8.6250,true,1,121984
4607067937537,false,פלומביר פילובסקויה 1,iceberry,,פלומביר פילובסקויה 100 גר,גרמים,100.00,100 גרם,false,1,6.90,6.9000,true,1,99758
4607067937551,false,פלומביר שוקולד פילוב,iceberry,,פלומביר  שוקולד פילובסקויה 100 גר,גרמים,100.00,100 גרם,false,1,6.90,6.9000,true,1,99759
4607067937681,false,גלידה פלומביר וולוגו,,,גלידה פלומביר וולוגודסקי וניל 250 גר,גרמים,250.00,100 גרם,false,1,9.90,3.9600,true,1,140631
4607067938558,false,גלידה פלומביר וולוגו,,,גלידה פלומביר וולוגודסקי שוקולד 250 גר,גרמים,250.00,100 גרם,false,1,9.90,3.9600,true,1,140632
4607069986830,false,גבינה מותכת שוויצרית,,,גבינה מותכת שוויצרית 17.5% 180 גר,גרמים,180.00,100 גרם,false,16,18.90,10.5000,true,1,135325
4607069986861,false,גבינה מותכת דרוגבה 1,,,גבינה מותכת דרוגבה 180 גר,גרמים,180.00,100 גרם,false,16,18.90,10.5000,true,1,135841
4607069986885,false,גבינה מותכת בטעם פטר,,,גבינה מותכת בטעם פטריות 180 גר,גרמים,180.00,100 גרם,false,16,18.90,10.5000,true,1,135750
4607083550468,false,שמן חמניות אידאל מזו,,,שמן חמניות אידאל מזוכך 1 ל,ליטרים,1.00,ליטר,false,1,18.90,18.9000,true,1,122160
4607083551755,false,שמן חמניות אידאל מזו,,,שמן חמניות אידאל מזוכך 2 ל,ליטרים,2.00,ליטר,false,1,37.90,18.9500,true,1,122161
4607084351385,false,עוגיות שוקו פאי 360,,,עוגיות שוקו פאי 360 גר,גרמים,360.00,100 גרם,false,1,15.90,4.4167,true,1,99683
4607084352115,false,עוגיות שוקו פאי תפוז,לוט.ק.פ,RU,עוגיות שוקו פאי תפוז 360 גר,גרמים,360.00,100 גרם,false,8,15.90,4.4167,true,1,128090
4607084352511,false,עוגיות שוקו פאי אוכמ,לוט.ק.פ,RU,עוגיות שוקו פאי אוכמניות שחורות 360 גר,גרמים,360.00,100 גרם,false,8,15.90,4.4167,true,1,128088
4607084352542,false,עוגיות שוקו פאי מנגו,לוט.ק.פ,RU,עוגיות שוקו פאי מנגו 360 גר,גרמים,360.00,100 גרם,false,8,15.90,4.4167,true,1,129052
4607084352931,false,עוגיות שוקו פאי תפוח,לוט.ק.פ,RU,עוגיות שוקו פאי תפוח 360 גר,גרמים,360.00,100 גרם,false,8,15.90,4.4167,true,1,138117
4607084416916,false,אפונה ירוקה במי מלח,,,אפונה ירוקה במי מלח 480 גר,גרמים,480.00,100 גרם,false,1,8.90,1.8542,true,1,141123
4607084419375,false,שעועית לבנה עם פטריו,,,שעועית לבנה עם פטריות סגנון יווני EKO,גרמים,510.00,100 גרם,false,1,12.90,2.5294,true,1,117711
4607084419382,false,חצילים מטוגנים עם יר,,,חצילים מטוגנים עם ירקות סגנון הונגרי EKO,גרמים,480.00,100 גרם,false,1,12.90,2.6875,true,1,117712
4607084419955,false,סלט ירקות יסיצילאיני,,,סלט ירקות יסיצילאיני 500 גר EKO,גרמים,500.00,100 גרם,false,1,12.90,2.5800,true,1,117713
4607084419986,false,סלט כרוב לבן עם פטרי,,,סלט כרוב לבן עם פטריות סגנון צכי 480 EKO,גרמים,480.00,100 גרם,false,1,12.90,2.6875,true,1,117714
4607086730423,false,גרעיני חמניות קלויים,KARPAY,,גרעיני חמניות קלויים 200 גר,גרמים,200.00,100 גרם,false,24,12.90,6.4500,true,1,119861
4607086730782,false,גרעיני חמניות קלויים,KARPAY,,גרעיני חמניות קלויים במלח 200 גר,גרמים,200.00,100 גרם,false,30,12.90,6.4500,true,1,117796
4607097070150,false,פתיתי כוסמת אלטייסקי,מלניצ'ני קומפלקס,,פתיתי כוסמת אלטייסקיה סקזקה 400 גר,גרמים,400.00,100 גרם,false,1,10.90,2.7250,true,1,97484
4607097074769,false,כוסמת אלטייסקיה סקאז,מלניצ'ני קומפלקס,,"כוסמת ""אלטייסקיה סקא",גרמים,800.00,100 גרם,false,1,14.90,1.8625,true,1,41085
4607109409619,false,טבליות מדיח פיניש או,,,טבליות מדיח פיניש אול אין וואן 25 יח,Unknown,0.00,Unknown,false,1,26.90,0.0000,true,1,103735
4607116766170,false,שעועית אדומה טבעי 36,,,שעועית אדומה טבעי 360 גר,גרמים,360.00,100 גרם,false,1,9.90,2.7500,true,1,108163
4607116766187,false,שעועית אדומה ברוטב ע,,,שעועית אדומה ברוטב עגבניות 360 גר,גרמים,360.00,100 גרם,false,1,9.90,2.7500,true,1,108161
4607116766194,false,שעועית לבנה טבעי 360,,,שעועית לבנה טבעי 360 גר,גרמים,360.00,100 גרם,false,1,9.90,2.7500,true,1,108162
4607116767054,false,זיתים ירוקים עם לימו,,,זיתים ירוקים עם לימון 280 גר,גרמים,280.00,100 גרם,false,1,7.90,2.8214,true,1,108167
4607123920220,false,ברנדי קיזליאר 5 שנים,,,"ברנדי ""קיזליאר"" 5שנים 0.5ל",מיליליטרים,500.00,"100 מ""ל",false,1,79.90,15.9800,true,1,41095
4607135892973,false,וופל מצופה קורובקה 2,סרברניי בור,,וופל מצופה קורובקה 200גר,גרמים,200.00,100 גרם,false,1,17.90,8.9500,true,1,78022
4607144734370,false,עוגיות קורובקה סוכר,,,עוגיות קורובקה סוכר בטעם חלב 375 גר,גרמים,375.00,100 גרם,false,1,13.90,3.7067,true,1,101664
4607144734387,false,עוגיות קורובקה עם חל,,,עוגיות קורובקה עם חלב מרוכז 375 גר,גרמים,375.00,100 גרם,false,1,13.90,3.7067,true,1,101665
4607145720280,false,תערובת ירקות בחומץ 9,,,תערובת ירקות בחומץ 950 מל,גרמים,900.00,100 גרם,false,1,20.90,2.3222,true,1,134804
4607145720822,false,תערובת ירקות במלח 95,,,תערובת ירקות במלח 950 מל,מיליליטרים,950.00,"100 מ""ל",false,1,20.90,2.2000,true,1,134802
4607149551835,false,ממתק טופי חלב עם בוט,,,ממתק טופי חלב עם בוטנים וצימוקיןם 200 גר,גרמים,200.00,100 גרם,false,24,7.90,3.9500,true,1,128399
4607163091577,false,מיץ תפוע ירוקים 1 ל,,,מיץ תפוע ירוקים 1 ל,ליטרים,1.00,ליטר,false,1,13.90,13.9000,true,1,139119
4607163091584,false,מיץ אפרסק ותפוע 1 ל,,,מיץ אפרסק ותפוע 1 ל,ליטרים,1.00,ליטר,false,1,13.90,13.9000,true,1,141851
4607163091607,false,מיץ דובדבן ותפוחים 1,,,מיץ דובדבן ותפוחים 1 ל,ליטרים,1.00,ליטר,false,1,13.90,13.9000,true,1,139115
4607163091621,false,מיץ פירות טרופיים עם,,,מיץ פירות טרופיים עם כתישה 1 ל,ליטרים,1.00,ליטר,false,1,13.90,13.9000,true,1,139116
4607163093014,false,מיץ תפוע וענבים 1 ל,,,מיץ תפוע וענבים 1 ל,ליטרים,1.00,ליטר,false,1,13.90,13.9000,true,1,139114
4607163093038,false,מיץ תפוע ואגסים 1 ל,,,מיץ תפוע ואגסים 1 ל,ליטרים,1.00,ליטר,false,1,13.90,13.9000,true,1,139118
4607167190054,false,ריבת אימפריה תות שדה,אימפריה ג'מוב,,"ריבת אימפריה תות שדה  1 ק""ג",קילוגרמים,1.00,"ק""ג",false,1,36.90,36.9000,true,1,111253
4607167190078,false,ריבת אימפריה משמש 1,אימפריה ג'מוב,,"ריבת אימפריה משמש 1 ק""ג",קילוגרמים,1.00,"ק""ג",false,1,36.90,36.9000,true,1,111250
4607167190115,false,ריבת אימפריה פטל 1 ק,אימפריה ג'מוב,,"ריבת אימפריה פטל 1 ק""ג",קילוגרמים,1.00,"ק""ג",false,1,39.90,39.9000,true,1,111251
4607167190146,false,ריבת אימפריה חמוציות,אימפריה ג'מוב,,"ריבת אימפריה חמוציות 1 ק""ג",קילוגרמים,1.00,"ק""ג",false,1,36.90,36.9000,true,1,111249
4607167190177,false,ריבת אימפריה אגסים 1,אימפריה ג'מוב,,"ריבת אימפריה אגסים 1 ק""ג",קילוגרמים,1.00,"ק""ג",false,1,36.90,36.9000,true,1,111241
4607167191211,false,ריבה אימפריה דובדבן,,,ריבה אימפריה דובדבן זכוכית 550 גר,גרמים,550.00,100 גרם,false,1,34.90,6.3455,true,1,120348
4607167191228,false,ריבה אימפריה דומדמני,,,ריבה אימפריה דומדמניות שחורות 550 גר,גרמים,550.00,100 גרם,false,1,34.90,6.3455,true,1,120347
4607167191297,false,ריבת אימפריה אובלפיח,אימפריה ג'מוב,,"ריבת אימפריה אובלפיחה 1 ק""ג",קילוגרמים,1.00,"ק""ג",false,1,36.90,36.9000,true,1,111242
4607167191464,false,ריבת אימפריה חזרזר 1,אימפריה ג'מוב,,"ריבת אימפריה חזרזר 1 ק""ג",קילוגרמים,1.00,"ק""ג",false,1,36.90,36.9000,true,1,111248
4607167191488,false,ריבת אימפריה פירות י,אימפריה ג'מוב,,"ריבת אימפריה פירות יער 1 ק""ג",קילוגרמים,1.00,"ק""ג",false,1,36.90,36.9000,true,1,111252
4607174180017,false,עוגיות סוכר בטעם שמנ,,RU,עוגיות מורוזובה בטעם שמנת 430 גר,גרמים,430.00,100 גרם,false,25,15.90,3.6977,true,1,114394
4607174180147,false,עוגיות סוכר בטעם חלב,,RU,עוגיות בטעם חלב מרוכז 430 גר,גרמים,430.00,100 גרם,false,25,15.90,3.6977,true,1,121318
4607174180192,false,עוגיות סוכר בטעם תות,,,עוגיות מורוזובה בטעם תות 430 גר,גרמים,430.00,100 גרם,false,25,15.90,3.6977,true,1,114396
4607174184244,false,עוגיות סוכר בטעם גבי,,RU,עוגיות בטעם גבינה לבנה 430 גר,גרמים,430.00,100 גרם,false,25,15.90,3.6977,true,1,121320
4607174188037,false,עוגיות שיבולת שועל ק,,RU,עוגיות שיבולת שועל קלאסיק 300 גר,גרמים,300.00,100 גרם,false,9,15.90,5.3000,true,1,137125
4607175973366,false,סובין דגנים עם שיבול,,,סובין דגנים עם שיבולת שועל 200 גר,גרמים,200.00,100 גרם,false,1,11.90,5.9500,true,1,112418
4607175973403,false,סובין דגנים ניקוי שי,,,סובין דגנים ניקוי שיבולת שועל 200 גר,גרמים,200.00,100 גרם,false,1,11.90,5.9500,true,1,112417
4607179801993,false,וודקה ראשן קרוון 700,,,וודקה ראשן קרוון  0.7ל,ליטרים,0.70,ליטר,false,1,59.90,85.5714,true,1,80755
4607931605210,false,משקה דושס 500 מל,RASSVET,,"משקה ""דושס"" 0.5 ל",מיליליטרים,500.00,"100 מ""ל",false,1,9.90,1.9800,true,1,80419
4607931605227,false,משקה טרחון 500 מל,RASSVET,,"משקה ""טרחון"" 0.5 ל",מיליליטרים,500.00,"100 מ""ל",false,1,9.90,1.9800,true,1,80421
4607931605234,false,משקה לימונד 500 מל,RASSVET,,"משקה ""לימונד"" 0.5 ל",מיליליטרים,500.00,"100 מ""ל",false,1,9.90,1.9800,true,1,80420
4607931605654,false,משקה מוחיטו 500 מל,משקה,,"משקה מוחיטו 500 מ""ל",מיליליטרים,500.00,"100 מ""ל",false,1,9.90,1.9800,true,1,95946
4607952850156,false,קוויאר אדום צנצנת זכ,,,קוויאר אדום צנצנת זכוכית 230 גר,גרמים,230.00,100 גרם,false,1,129.90,56.4783,true,1,139483
4610007300131,false,קמח טיחורצקיה 1 קג,,,קמח טיחורצקיה 1 קג,קילוגרמים,1.00,"ק""ג",false,1,9.90,9.9000,true,1,141222
4610007300179,false,קמח חיטה טיחורצקיה 2,,,קמח חיטה טיחורצקיה 2 קג,קילוגרמים,2.00,"ק""ג",false,1,15.90,7.9500,true,1,141124
4610017680551,false,בירה בהירה קרופטובוי,,,בירה בהירה קרופטובויה 750 מל,מיליליטרים,750.00,"100 מ""ל",false,6,19.90,2.6533,true,1,131975
4610017684474,false,בירה פורטר כהה חזקה,אפנסיי,,"בירה פורטר כהה חזקה 500 מ""ל",מיליליטרים,500.00,"100 מ""ל",false,1,11.90,2.3800,true,1,126086
4610017684627,false,בירה כהה קרופטובויה,,,בירה כהה קרופטובויה 750 מל,מיליליטרים,750.00,"100 מ""ל",false,6,19.90,2.6533,true,1,131976
4610017688724,false,בירה בהירה מרוצנויה,חברה פרטית מבשלת ביר,,בירה בהירה מרוצנויה 500 מל,מיליליטרים,500.00,"100 מ""ל",false,1,11.90,2.3800,true,1,134823
4610017688793,false,בירה כהה מרוצינוה 50,חברה פרטית מבשלת ביר,,בירה כהה מרוצינוה 500 מל,מיליליטרים,500.00,"100 מ""ל",false,1,11.90,2.3800,true,1,139497
4610028130052,false,וודקה לגנד אוף קרמלי,,,וודקה לגנד אוף קרמלין 700,מיליליטרים,700.00,"100 מ""ל",false,1,99.90,14.2714,true,1,115769
4610082860049,false,דייסת 5 דגנים עם משמ,אובלקה,,דייסת 5 דגנים עם משמש 200 גר,גרמים,200.00,100 גרם,false,1,13.90,6.9500,true,1,142188
4610082860124,false,פתיתי 5 דגנים עם משמ,אובלקה,,פתיתי 5 דגנים עם משמש 240 גר,גרמים,240.00,100 גרם,false,1,13.90,5.7917,true,1,142186
4610082860131,false,פתיתי 5 דגנים עם שזי,אובלקה,,פתיתי 5 דגנים עם שזיף מיובש 240 גר,גרמים,240.00,100 גרם,false,1,13.90,5.7917,true,1,142187
4620015850351,false,תה קורטיס ירוק חוגו,או א.או מאי קומפני,,תה מאיסקי ירוק חוגו קוקטייל 20 שק,Unknown,0.00,Unknown,false,1,12.90,0.0000,true,1,98771
4620015850603,false,תה ירוק 200 גר,או א.או מאי קומפני,,תה ירוק RICHARD ROYAL GREEN 100,גרמים,200.00,100 גרם,false,1,21.90,10.9500,true,1,112852
4620015851044,false,תה לבן קורטיס 34 גר,או א.או מאי קומפני,,תה לבן קורטיס 34 גר,גרמים,34.00,100 גרם,false,1,12.90,37.9412,true,1,107829
4620015851051,false,תה ירוק קורטיס מנגו,זא א או מאי קומפני,,תה ירוק קורטיס מנגו 36 גר,גרמים,36.00,100 גרם,false,1,12.90,35.8333,true,1,103318
4620015851068,false,תה שחור קורטיס טרופל,זא א או מאי קומפני,,תה שחור קורטיס טרופל 36 גר,גרמים,36.00,100 גרם,false,1,12.90,35.8333,true,1,103319
4620015851082,false,תה שחור ארל גריי 200,או א.או מאי קומפני,,תה שחור  RICHARD ארל גריי 100 שק,גרמים,200.00,100 גרם,false,1,21.90,10.9500,true,1,112846
4620015851778,false,תה שחור RICHARD ENG.,או א.או מאי קומפני,,תה שחור  RICHARD ENG.BREAKFAST 100,Unknown,0.00,Unknown,false,1,21.90,0.0000,true,1,112847
4620015851860,false,תה שחור ריצארד רויאל,או א.או מאי קומפני,,תה שחור RICHARD ROYAL MISS GREY,גרמים,34.00,100 גרם,false,1,12.90,37.9412,true,1,111092
4620015851877,false,תה שחור ריצארד רויאל,או א.או מאי קומפני,,תה שחור RICHARD ROYAL CEYLON,גרמים,34.00,100 גרם,false,1,12.90,37.9412,true,1,111091
4620015851884,false,תה שחור ריצארד רויאל,או א.או מאי קומפני,,תה שחור RICHARD ROYAL LIME+MINT,גרמים,34.00,100 גרם,false,1,12.90,37.9412,true,1,111093
4620015852454,false,תה שחור RICHARD ROYA,או א.או מאי קומפני,,תה שחור RICHARD ROYAL KENIA 100,Unknown,0.00,Unknown,false,1,21.90,0.0000,true,1,112851
4620015852546,false,תה שחור קורטיס ברברי,או א.או מאי קומפני,,תה שחור CURTIS BARBERRY MELODY,גרמים,36.00,100 גרם,false,1,12.90,35.8333,true,1,111089
4620015852553,false,תה שחור קורטיס אוכמנ,או א.או מאי קומפני,,תה שחור CURTIS BLUE BERRIES,גרמים,36.00,100 גרם,false,1,12.90,35.8333,true,1,111090
4620015852966,false,תה שחור ריצרד רואיל,או א.או מאי קומפני,,תה שחור ריצרד רואיל ענבים 36 גר,גרמים,36.00,100 גרם,false,12,12.90,35.8333,true,1,117031
4620015852973,false,תה פירות ריצרד רואיל,או א.או מאי קומפני,,תה פירות ריצרד רואיל אדום 34 גר,גרמים,34.00,100 גרם,false,12,12.90,37.9412,true,1,117032
4620015854779,false,תה שחור קרטיס מנגו ו,קאן אגריטך פרייבט למ,,תה שחור קרטיס מנגו ופירות 20 שק,Unknown,0.00,Unknown,false,1,12.90,0.0000,true,1,140076
4620015854915,false,תה שחור רוייל קולקשן,,,תה שחור רוייל קולקשן 230.4 גר,גרמים,230.00,100 גרם,false,1,59.90,26.0435,true,1,135681
4620032651207,false,כוס פלומביר וולוגודס,,,כוס פלומביר וולוגודסקי ריבת חלב 100 גר,גרמים,100.00,100 גרם,false,1,6.90,6.9000,true,1,121985
4620060880044,false,סוכריות קרמל על מקל,,,סוכריות קרמל על מקל בטעמים שונים 26 גר,גרמים,26.00,100 גרם,false,1,2.90,11.1538,true,1,137841
4623720616311,false,זפיר אסורטי בטעם פיר,פטרבורג.קונדיטר,,זפיר אסורטי בטעם פירות 420גר,גרמים,420.00,100 גרם,false,1,14.90,3.5476,true,1,78363
4623721523441,false,זפיר בטעם קפוצינו 42,פטרבורג.קונדיטר,,זפיר בטעם קפוצינו 420 גר,גרמים,420.00,100 גרם,false,1,14.90,3.5476,true,1,101875
4623721523458,false,זפיר בטעם שמנת 420 ג,פטרבורג.קונדיטר,,זפיר בטעם שמנת 420 גר,גרמים,420.00,100 גרם,false,1,14.90,3.5476,true,1,101876
4623721717444,false,זפיר בטעם תפוח עץ יר,פטרבורג.קונדיטר,,זפיר בטעם תפוח עץ ירוק 420 גר,גרמים,420.00,100 גרם,false,1,14.90,3.5476,true,1,101873
4627084680346,false,רוטב רימונים 310 מל,,,רוטב רימונים 300 גר,מיליליטרים,310.00,"100 מ""ל",false,1,24.90,8.0323,true,1,109554
4630009187882,false,מיץ ירקות עם מלח וכת,,,מיץ ירקות עם מלח וכתישה 1 ל,ליטרים,1.00,ליטר,false,1,13.90,13.9000,true,1,139112
4630009189558,false,מחית תפוח דומדמניות,,,מחית תפוח דומדמניות 120 גר,גרמים,120.00,100 גרם,false,1,5.90,4.9167,true,1,139125
4630009189619,false,מחית תפוח דובדבן 120,,,מחית תפוח דובדבן 120 גר,גרמים,120.00,100 גרם,false,1,5.90,4.9167,true,1,139122
4630009189633,false,מחית תפוח אפרסק 120,,,מחית תפוח אפרסק 120 גר,גרמים,120.00,100 גרם,false,1,5.90,4.9167,true,1,139126
4630009189657,false,מחית תפוח משמש 120 ג,,,מחית תפוח משמש 120 גר,גרמים,120.00,100 גרם,false,1,5.90,4.9167,true,1,139127
4630009189671,false,מחית תפוח אגס שזיף 1,,,מחית תפוח אגס שזיף 120 גר,גרמים,120.00,100 גרם,false,1,5.90,4.9167,true,1,139121
4630016490067,false,משקה מוגז סן סלוויה,SAN SLAVIA,,משקה מוגז סן סלוויה מוחיטו 500מל,מיליליטרים,500.00,"100 מ""ל",false,1,9.90,1.9800,true,1,98944
4630016490074,false,משקה מוגז סן סלוויה,SAN SLAVIA,,משקה מוגז סן סלוויה לימון ליים 500מל,מיליליטרים,500.00,"100 מ""ל",false,1,9.90,1.9800,true,1,98946
4630016490081,false,משקה מוגז סן סלוויה,SAN SLAVIA,,משקה מוגז סן סלוויה אגס 500מל,מיליליטרים,500.00,"100 מ""ל",false,1,9.90,1.9800,true,1,98940
4630016490135,false,משקה מוגז סן סלוויה,SAN SLAVIA,,משקה מוגז סן סלוויה מוחיטו תות 500מל,מיליליטרים,500.00,"100 מ""ל",false,1,9.90,1.9800,true,1,98945
4630016490159,false,משקה מוגז סן סלוויה,SAN SLAVIA,,משקה מוגז סן סלוויה טרחון 500מל,מיליליטרים,500.00,"100 מ""ל",false,1,9.90,1.9800,true,1,98947
4630016490166,false,משקה מוגז סן סלוויה,SAN SLAVIA,,משקה מוגז סן סלוויה אייבה 500מל,מיליליטרים,500.00,"100 מ""ל",false,1,9.90,1.9800,true,1,98939
4630016490173,false,משקה מוגז סן סלוויה,SAN SLAVIA,,משקה מוגז סן סלוויה תפוז 500מל,מיליליטרים,500.00,"100 מ""ל",false,1,9.90,1.9800,true,1,98943
4630038370828,false,עגבניות כבושות במלח,,,עגבניות כבושות במלח ואניה 950 גר,גרמים,950.00,100 גרם,false,1,16.90,1.7789,true,1,136700
4630049326746,false,שמן חמניות בראביטה 8,,,שמן חמניות בראביטה 870 מל,מיליליטרים,870.00,"100 מ""ל",false,,12.90,1.4828,true,1,140016
4631149937504,false,פחם עץ אלון בקופסא 2,,,פחם עץ אלון בקופסא 2 קג,קילוגרמים,2.00,"ק""ג",false,1,29.90,14.9500,true,1,138896
4640001890031,false,סודה לשתיה 500 גר,או או או בשקיריה,,"סודה לשתיה 500 גר""",גרמים,500.00,100 גרם,false,1,7.90,1.5800,true,1,74478
4640013601007,false,ונילין 1.5 גר,PROFAGROTECHNIKA,,ונילין 1.5 גר,Unknown,0.00,Unknown,false,1,0.90,0.0000,true,1,132427
4640013602165,false,שמרים יבשים לאפייה 7,PROFAGROTECHNIKA,,שמרים יבשים לאפייה 75 גר,גרמים,75.00,100 גרם,false,1,6.90,9.2000,true,1,132421
4640013603087,false,תערובת לאפיית בלינצס,,,תערובת לאפיית בלינצס 300 גר,גרמים,300.00,100 גרם,false,1,6.90,2.3000,true,1,132444
4640013605333,false,תערובת לאפיית לחם מת,,,תערובת לאפיית לחם מתובל עם שום 400 גר,גרמים,400.00,100 גרם,false,1,8.90,2.2250,true,1,132442
4640013605340,false,תערובת לאפיית לחם דג,,,תערובת לאפיית לחם דגנים 400 גר,גרמים,400.00,100 גרם,false,1,8.90,2.2250,true,1,132441
4640013607283,false,תחליף אבקת שמנת 200,PROFAGROTECHNIKA,,תחליף אבקת שמנת 200 גר,גרמים,200.00,100 גרם,false,1,15.90,7.9500,true,1,132423
4640013607313,false,תחליף אבקת חלב 150 ג,PROFAGROTECHNIKA,,תחליף אבקת חלב 150 גר,גרמים,150.00,100 גרם,false,1,12.90,8.6000,true,1,132422
4640018668463,false,תערובת לתיבול עוף 20,פפק,,תערובת לתיבול עוף 200 גר,גרמים,200.00,100 גרם,false,15,8.90,4.4500,true,1,122843
4640018668524,false,תערובת לתיבול בשר 20,פפק,,תערובת לתיבול בשר 200 גר,גרמים,200.00,100 גרם,false,15,8.90,4.4500,true,1,122844
4640018993350,false,קפסולות מדיח קוואנטו,,,פיניש קוואנטום 30 יח קפסולות גל למדיח ל,Unknown,0.00,Unknown,false,1,39.90,0.0000,true,1,128061
4640018993398,false,גל קפסולות פיניש קוו,,,גל קפסולות פיניש קוואנטום 60 יח,Unknown,0.00,Unknown,false,1,54.90,0.0000,true,1,129013
4650056310217,false,שימורי כרוב ים 220 ג,,,שימורי כרוב ים 220 גר,גרמים,220.00,100 גרם,false,1,5.90,2.6818,true,1,135676
4650100190390,false,תבלין כוסברה שלמה 10,,,תבלין כוסברה שלמה 10 גר,גרמים,10.00,100 גרם,false,1,2.90,29.0000,true,1,133676
4650100191250,false,אגוז מוסקט 10 גר,,,אגוז מוסקט 10 גר,גרמים,10.00,100 גרם,false,1,2.90,29.0000,true,1,133677
4650100191298,false,תבלין הל טחון 10 גר,,,תבלין הל טחון 10 גר,גרמים,10.00,100 גרם,false,1,2.90,29.0000,true,1,133674
4650100191304,false,תבלין אזובית יבש 10,,,תבלין אזובית יבש 10 גר,גרמים,10.00,100 גרם,false,1,2.90,29.0000,true,1,133679
4650100191472,false,תבלין טימין 10 גר,,,תבלין טימין 10 גר,גרמים,10.00,100 גרם,false,1,2.90,29.0000,true,1,133695
4660007024575,false,משקה מורס בטעם אוכמנ,,,משקה מורס בטעם אוכמניות שחורות 1 ל,ליטרים,1.00,ליטר,false,1,16.90,16.9000,true,1,142625
4660013940456,false,שוקולד מריר 55% 250,POBEDA,,שוקולד מריר 55% 250 גר,גרמים,250.00,100 גרם,false,1,14.90,5.9600,true,1,121333
4660013940463,false,שוקולד מריר 50% עם א,POBEDA,,שוקולד מריר 50% עם אגוזי לוז 250 גר,גרמים,250.00,100 גרם,false,1,14.90,5.9600,true,1,121334
4660013940494,false,שוקולד חלב 32% עם אג,POBEDA,,שוקולד חלב 32% עם אגוזי לוז וצימוק 250 ג,גרמים,250.00,100 גרם,false,1,14.90,5.9600,true,1,121337
4660013940500,false,שוקולד חלב 30% אקסטר,,,שוקולד חלב 30% אקסטרה קרימי 250 גר,גרמים,250.00,100 גרם,false,1,14.90,5.9600,true,1,128314
4660013944942,false,שוקולד עם מרציפן מצו,BIZIM TARLA,,שוקולד עם מרציפן מצופה שוקולד טראפל 854,גרמים,854.00,100 גרם,false,1,17.90,2.0960,true,1,135697
4660047661723,false,ממרח פטה עם כבד עוף,,,ממרח פטה עם כבד עוף 100 גר,גרמים,100.00,100 גרם,false,1,4.90,4.9000,true,1,120014
4660047661730,false,ממרח פטה עם כבד אווז,,,ממרח פטה עם כבד אווז 100 גר,גרמים,100.00,100 גרם,false,1,4.90,4.9000,true,1,120015
4660047661761,false,ממרח פטה עם כבד ברוו,,,ממרח פטה עם כבד ברווז 100 גר,גרמים,100.00,100 גרם,false,1,4.90,4.9000,true,1,120018
4660047661778,false,ממרח פטה עם כבד הודו,,,ממרח פטה עם כבד הודו 100 גר,גרמים,100.00,100 גרם,false,1,4.90,4.9000,true,1,120019
4660115902291,false,תה שחור פטל 20 שק 34,או א.או מאי קומפני,,תה שחור פטל 20 שק 34 גר,גרמים,34.00,100 גרם,false,1,12.90,37.9412,true,1,142874
4660115904431,false,תה ירוק קרטיס 20 שק,קאן אגריטך פרייבט למ,,תה ירוק קרטיס 20 שק,Unknown,0.00,Unknown,false,1,12.90,0.0000,true,1,140077
4660115904479,false,תה ירוק קרטיס 20 שק,קאן אגריטך פרייבט למ,,תה ירוק קרטיס 20 שק,Unknown,0.00,Unknown,false,1,12.90,0.0000,true,1,140078
4665270950033,false,כוסמת סמייניה זאקרומ,או או או פמילי סטוק,,כוסמת סמייניה זאקרומה 800 גר,גרמים,800.00,100 גרם,false,12,14.90,1.8625,true,1,107845
4670033810707,false,פירורי לחם לעוף קריס,PROFAGROTECHNIKA,,פירורי לחם לעוף קריספי ונגטס 200 גר,גרמים,200.00,100 גרם,false,1,7.90,3.9500,true,1,132420
4678599099161,false,ארנה דג גוסטרה 150 ג,MALBI CHOCOLATE,,ארנה דג גוסטרה 150 גר,גרמים,150.00,100 גרם,false,1,18.90,12.6000,true,1,127397
4678599099215,false,רצועות דג נרקה ממולח,,,רצועות דג נרקה ממולח ומיובש 60 גר,גרמים,60.00,100 גרם,false,1,15.90,26.5000,true,1,123312
4680009730021,false,דובשניות סחרניה בטעם,,,דובשניות סחרניה בטעם וניל 500 גר,גרמים,500.00,100 גרם,false,1,12.90,2.5800,true,1,134914
4680009730045,false,דובשניות סחרניה בטעם,,,דובשניות סחרניה בטעם דבש 500 גר,גרמים,500.00,100 גרם,false,1,12.90,2.5800,true,1,134913
4680009731387,false,בייגלה עם פרג 315 גר,,,בייגלה עם פרג 315 גר,גרמים,315.00,100 גרם,false,1,11.90,3.7778,true,1,134916
4680009734395,false,בייגל בטעם וניל 500,BKK,RU,בייגל בטעם וניל 500 גר,גרמים,500.00,100 גרם,false,10,12.90,2.5800,true,1,129139
4680009735859,false,דובשניות במילוי בטעם,,,דובשניות במילוי בטעם דובדבנים 500 גר,גרמים,500.00,100 גרם,false,1,15.90,3.1800,true,1,134911
4680019560854,false,מיץ עגבניות עם מלח ו,,,מיץ עגבניות עם מלח וכתישה 1 ל,ליטרים,1.00,ליטר,false,1,13.90,13.9000,true,1,139113
4680019560922,false,משקה שיבולת שועל קלא,,,משקה שיבולת שועל קלאסי 1 ל,ליטרים,1.00,ליטר,false,1,12.90,12.9000,true,1,141097
4680019560953,false,משקה שיבולת שועל שוק,,,משקה שיבולת שועל שוקולד 1 ל,ליטרים,1.00,ליטר,false,1,12.90,12.9000,true,1,141099
4680019562018,false,משקה כוסמת 1 ל,,,משקה כוסמת 1 ל,ליטרים,1.00,ליטר,false,1,12.90,12.9000,true,1,141095
4680019563442,false,משקה אורז 1 ל,,,משקה אורז 1 ל,ליטרים,1.00,ליטר,false,1,12.90,12.9000,true,1,141100
4680019564715,false,מחית פירות 120 גר,,,מחית פירות 120 גר,גרמים,120.00,100 גרם,false,1,5.90,4.9167,true,1,139123
4680019565262,false,מיץ תפוע ירוקים 2 ל,,,מיץ תפוע ירוקים 2 ל,ליטרים,2.00,ליטר,false,1,22.90,11.4500,true,1,139105
4680019565309,false,מיץ פירות עם כתישה 2,,,מיץ פירות עם כתישה 2 ל,ליטרים,2.00,ליטר,false,1,22.90,11.4500,true,1,139106
4680019565408,false,מיץ עגבניות עם מלח,,,מיץ עגבניות עם מלח  2 ל,ליטרים,2.00,ליטר,false,1,22.90,11.4500,true,1,139110
4680019566450,false,משקה שקדים 1 ל,,,משקה שקדים 1 ל,ליטרים,1.00,ליטר,false,1,12.90,12.9000,true,1,141102
4680036910151,false,תמד עם נענע 4% נפראו,,,תמד עם נענע 4% נפראווילני מיוד 450 מל,מיליליטרים,450.00,"100 מ""ל",false,1,10.90,2.4222,true,1,136743
4680036910199,false,בירה קראפט APA וולפב,,,בירה קראפט וולפבריו APA,מיליליטרים,450.00,"100 מ""ל",false,1,10.90,2.4222,true,1,123183
4680036910212,false,בירה קראפט וולפבריו,,,"בירה קראפט וולפבריו בלנש דה מזה 450 מ""ל",מיליליטרים,450.00,"100 מ""ל",false,1,10.90,2.4222,true,1,123184
4680036910298,false,בירה זיגולי 900 מל,,,"בירה זיגולי 900 מ""ל",מיליליטרים,900.00,"100 מ""ל",false,1,14.90,1.6556,true,1,109052
4680036910434,false,בירה קראפט וולפבריו,,,"בירה קראפט וולפבריו סבטלויה  450 מ""ל",מיליליטרים,450.00,"100 מ""ל",false,1,10.90,2.4222,true,1,123185
4680036910502,false,בירה זיגולי אקספורט,,,"בירה זיגולי אקספורט 450 מ""ל",מיליליטרים,450.00,"100 מ""ל",false,1,9.90,2.2000,true,1,109051
4680036912940,false,בירה זיגולי ללא אלכו,,,"בירה זיגולי ללא אלכוהול פח 450 מ""ל",מיליליטרים,450.00,"100 מ""ל",false,1,7.90,1.7556,true,1,116243
4680036913039,false,בירה זיגולי פחית 450,חברה פרטית מבשלת ביר,RU,"בירה זיגולי פחית 450 מ""ל שישייה",מיליליטרים,2700.00,"100 מ""ל",false,1,42.90,1.5889,true,1,116967
4680036913121,false,קוואס יאחונט 450 מל,,,קוואס יאחונט 450 מל,מיליליטרים,450.00,"100 מ""ל",false,1,8.90,1.9778,true,1,138864
4680036914036,false,בירה זיגולי קראפט לא,אוזרסקי סובניר,,"בירה זיגולי IPA לא מסוננת זכוכית 450 מ""ל",מיליליטרים,450.00,"100 מ""ל",false,1,10.90,2.4222,true,1,122451
4680036914913,false,בירה גיגולי ללא אלכו,,,בירה גיגולי ללא אלכוהול בק 450 מל,מיליליטרים,450.00,"100 מ""ל",false,1,7.90,1.7556,true,1,127631
4680036914982,false,בירה זיגולי משי 450,,,"בירה זיגולי משי 450 מ""ל",מיליליטרים,450.00,"100 מ""ל",false,1,9.90,2.2000,true,1,126501
4680036915002,false,בירה זיגולי חיטה בק,,,בירה זיגולי חיטה בק 450 מל,מיליליטרים,450.00,"100 מ""ל",false,1,9.90,2.2000,true,1,127630
4680036915231,false,בירה קראפט אייל חזקה,,,בירה קראפט אייל חזקה מישנקה פוד וישנקוי,מיליליטרים,450.00,"100 מ""ל",false,1,10.90,2.4222,true,1,128046
4680036915934,false,בירה זיגולי בק 450 מ,,,בירה זיגולי בק 500 מל,מיליליטרים,450.00,"100 מ""ל",false,1,9.90,2.2000,true,1,139603
4680036916191,false,בירה מוחנטי שמל לא מ,מוספיבו,,בירה מוחנטי שמל לא מסונן 500 מל,מיליליטרים,500.00,"100 מ""ל",false,1,10.90,2.1800,true,1,136607
4680036916214,false,בירה מוחנטי שמל אייל,,,בירה מוחנטי שמל אייל לא מסונן 1 ל,ליטרים,1.00,ליטר,false,1,20.90,20.9000,true,1,136606
4680036917167,false,בירה קראפט כהה חזקה,,,בירה קראפט כהה חזקה סטאוט שוקולד 450 מל,מיליליטרים,450.00,"100 מ""ל",false,1,10.90,2.4222,true,1,137967
4680036918379,false,בירה זיגולי מנגו פסי,,,בירה זיגולי מנגו פסיפלורה לא מסונן 450 מ,מיליליטרים,450.00,"100 מ""ל",false,1,9.90,2.2000,true,1,141474
4680036919154,false,בירה בטעם תות ליים ל,,,בירה בטעם תות ליים לא מסונן 400 מל,מיליליטרים,400.00,"100 מ""ל",false,1,9.90,2.4750,true,1,141472
4680036919475,false,בירה זיגולי 1968 רכה,,,בירה זיגולי 1968 רכה במיוחד 430 מל,מיליליטרים,430.00,"100 מ""ל",false,1,9.90,2.3023,true,1,141473
4680046809247,false,שמן חמניות לוקס 870,,,שמן חמניות לוקס 870 מל,מיליליטרים,870.00,"100 מ""ל",false,1,14.90,1.7126,true,1,126886
4699302736913,false,חטיפי פיתה לבשיקי בט,,,חטיפי פיתה לבשיקי בטעם בצל ירוק 100 גר,גרמים,100.00,100 גרם,false,1,7.90,7.9000,true,1,140621
4699302736920,false,חטיפי פיתה לבשיקי בט,,,חטיפי פיתה לבשיקי בטעם נקניקיות שום 100,גרמים,100.00,100 גרם,false,1,7.90,7.9000,true,1,140622
4710068001692,false,קפה קר מאסטר קפה לאט,L.S XILAGORA,,קפה קר מאסטר קפה לאטה 240מל,מיליליטרים,240.00,"100 מ""ל",false,1,7.90,3.2917,true,1,79094
4710068001715,false,קפה קר מאסטר קפה טרמ,L.S XILAGORA,,קפה קר מאסטר קפה טרמיסו 240מל,מיליליטרים,240.00,"100 מ""ל",false,1,7.90,3.2917,true,1,79096
4710068001739,false,קפה קר מאסטר קפה קול,L.S XILAGORA,,קפה קר מאסטר קפה קולומביאני 240מל,מיליליטרים,240.00,"100 מ""ל",false,1,7.90,3.2917,true,1,79095
4710068002798,false,קפה קר מאסטר קפה וני,L.S XILAGORA,,"קפה קר מאסטר קפה ונילה 240 מ""ל",מיליליטרים,240.00,"100 מ""ל",false,24,7.90,3.2917,true,1,122021
4710964170799,false,שומשום שחור קלוי 91,Flavor full foods in,,שומשום שחור קלוי 91 גר,גרמים,91.00,100 גרם,false,24,16.90,18.5714,true,1,43050
4711476002813,false,קפה קר פיפו מוקצינו,,,"קפה קר פיפו מוקצינו 240 מ""ל",מיליליטרים,240.00,"100 מ""ל",false,24,8.90,3.7083,true,1,125315
4740012034667,false,שוקולד מריר עם דובדב,ORKLA,EE,שוקולד מריר עם דובדב,גרמים,100.00,100 גרם,false,13,7.90,7.9000,true,1,43063
4740012034711,false,שוקולד לבן עם עוגיות,ORKLA,EE,שוקולד לבן עם עוגיות ותות 1/13 100 גר,גרמים,100.00,100 גרם,false,13,7.90,7.9000,true,1,119285
4740012035299,false,שוקולד חלב עם אגוזי,ORKLA,EE,שוקולד חלב עם אגוזי לוז 100 גר,גרמים,100.00,100 גרם,false,11,7.90,7.9000,true,1,119283
4740019500004,false,סיידר בטעם תות בר פח,,,סיידר KISS בטעם תות בר מותסס פחית 500 מל,מיליליטרים,500.00,"100 מ""ל",false,1,6.90,1.3800,true,1,122162
4740036005551,false,חמאה טארה 200 גר,,,חמאה טארה 200 גר,גרמים,200.00,100 גרם,false,1,12.90,6.4500,true,1,139013
4740056913492,false,פנקייק ויסי קלאסי 50,,,פנקייק ויסי קלאסי 500 גר,גרמים,500.00,100 גרם,false,1,21.90,4.3800,true,1,125597
4740098079309,false,סידר פיז אוכמניות 4%,CESU ALUS,,"סידר פיז אוכמניות 4% פח  500 מ""ל",מיליליטרים,500.00,"100 מ""ל",false,1,8.90,1.7800,true,1,96814
4740098079316,false,סידר פיז תות שדה 500,CESU ALUS,,"סידר פיז תות שדה 500 מ""ל",מיליליטרים,500.00,"100 מ""ל",false,1,8.90,1.7800,true,1,96815
4740098079323,false,סידר פיז אגס פח 500,CESU ALUS,,"סידר פיז אגס פח  500 מ""ל",מיליליטרים,500.00,"100 מ""ל",false,1,8.90,1.7800,true,1,121458
4740098084440,false,סידר פיז תפוח עץ 4%,CESU ALUS,,"סידר פיז תפוח עץ 4% פח  500 מ""ל",מיליליטרים,500.00,"100 מ""ל",false,1,8.90,1.7800,true,1,106110
4740098098331,false,קוקטייל בלו לגון לה,,,קוקטייל בלו לגון לה קוק 330 מל,מיליליטרים,330.00,"100 מ""ל",false,1,9.90,3.0000,true,1,140380
4740098098355,false,קוקטייל לה קוק מוחיט,,,קוקטייל לה קוק מוחיטו 330 מל,מיליליטרים,330.00,"100 מ""ל",false,1,9.90,3.0000,true,1,139290
4740098098379,false,קוקטייל לה קוק מרגרי,,,קוקטייל לה קוק מרגריטה 330 מל,מיליליטרים,330.00,"100 מ""ל",false,1,9.90,3.0000,true,1,139289
4740098098393,false,קוקטייל סקס און דה ב,,,קוקטייל סקס און דה ביץ לה קוק 330 מל,מיליליטרים,330.00,"100 מ""ל",false,1,9.90,3.0000,true,1,139291
4744131014159,false,קנקן זאספר 2.8 ל,,,קנקן זאספר 2.8 ל,Unknown,0.00,Unknown,false,6,79.90,0.0000,true,1,130526
4744131014265,false,סט שלישיית סננים לקנ,,,סט שלישיית סננים לקנקן,Unknown,0.00,Unknown,false,12,69.90,0.0000,true,1,130528
4750001001891,false,שוקולד לאימה חלב 100,LAIMA,,"שוקולד ""לאימה"" חלב 100 גר",גרמים,100.00,100 גרם,false,1,5.90,5.9000,true,1,53074
4750001008869,false,אסורטי מריר 70% 360,LAIMA,,אסורטי מריר 70% 360 גר,גרמים,360.00,100 גרם,false,1,40.90,11.3611,true,1,43084
4750001814743,false,אסורטי ורדים אדומים,LAIMA,,אסורטי ורדים אדומים 470 גר,גרמים,470.00,100 גרם,false,1,39.90,8.4894,true,1,43088
4750001816617,false,שוקולד לאימה אקסטרים,LAIMA,,"שוקולד ""לאימה"" אקסטרים מריר 100 גר",גרמים,100.00,100 גרם,false,1,5.90,5.9000,true,1,75603
4750001948110,false,שוקולד לאימה חלב אסו,LAIMA,,שוקולד לאימה חלב אסורטי 70% 215 גר,גרמים,215.00,100 גרם,false,1,26.90,12.5116,true,1,80724
4750001948127,false,שוקולד לאימה מריר אס,LAIMA,,שוקולד לאימה מריר אסורטי 215 גר,גרמים,215.00,100 גרם,false,1,26.90,12.5116,true,1,80722
4750001950038,false,בונ לאימה סלקשן שוקו,LAIMA,,בונ לאימה סלקשן שוקולד מריר עם בלסם 420,גרמים,420.00,100 גרם,false,1,39.90,9.5000,true,1,104219
4750001950113,false,בונ לאימה שוקולד מרי,LAIMA,,בונ לאימה שוקולד מריר עם בלסם 420 גר,גרמים,420.00,100 גרם,false,1,39.90,9.5000,true,1,104218
4750001950946,false,שוקולד מריר לאימה 70,LAIMA,,שוקולד מריר לאימה 70% 100 גר,גרמים,100.00,100 גרם,false,1,10.90,10.9000,true,1,113326
4750001951141,false,שוקולד מריר לאימה 70,,,שוקולד מריר לאימה 70% 100 גר,גרמים,90.00,100 גרם,false,1,10.90,12.1111,true,1,111459
4750001951592,false,שוקולד מריר 87% קקאו,ORKLA,LV,שוקולד מריר 87% קקאו לאימה 100 גר,גרמים,100.00,100 גרם,false,17,10.90,10.9000,true,1,119301
4750001952698,false,שוקולד מריר אגוזי לו,,,שוקולד מריר אגוזי לוז שלם לאימה 200 גר,גרמים,200.00,100 גרם,false,9,18.90,9.4500,true,1,123098
4750001955507,false,עוגת וופל טרופל 350,,,עוגת וופל טרופל 350 גר,גרמים,350.00,100 גרם,false,1,22.90,6.5429,true,1,141361
4750007897375,false,ביסקוויט לאימה חיות,,,ביסקוויט לאימה חיות 500 גר,גרמים,500.00,100 גרם,false,1,12.90,2.5800,true,1,111009
4750010011232,false,שפרוטים מטוגנים ברוט,אונדה אל טי די,,קילקה מטוגנת ברוטב עגבניות 240 גר,גרמים,240.00,100 גרם,false,24,7.90,3.2917,true,1,119661
4750010492826,false,דג שפרוטים מעושנים ר,,,דג שפרוטים מעושנים ריגה צנצנת 250 גר,גרמים,250.00,100 גרם,false,1,14.90,5.9600,true,1,122110
4750010502228,false,דג שפרוטים ריגה מעוש,אונדה אל טי די,,דג שפרוטים ריגה מעושנים 160 גר,גרמים,160.00,100 גרם,false,36,8.90,5.5625,true,1,119659
4750011814511,false,ממתק גלי לאימה מסוכר,LAIMA,,ממתק גלי לאימה מסוכרות לימון ותפוזים 190,גרמים,190.00,100 גרם,false,1,16.90,8.8947,true,1,90722
4750011849063,false,ממתק גלי לאימה מסוכר,LAIMA,,ממתק גלי לאימה מסוכרות בטעם חמוציות 190,גרמים,190.00,100 גרם,false,1,16.90,8.8947,true,1,104220
4750021101380,false,בלזאם ריגה בלאק 700,אס פי אי,,בלזאם שחור 0.7 ל,מיליליטרים,700.00,"100 מ""ל",false,1,79.90,11.4143,true,1,49607
4750021201349,false,וודקה בלאק ריגה 700,,,"וודקה ""בלאק ריגה"" 0.7 ל",מיליליטרים,700.00,"100 מ""ל",false,1,79.90,11.4143,true,1,73553
4750021538377,false,בלזאם ריגה בלאק דומד,אס פי אי,,בלזאם שחור עם דומדמניות 0.7 ל,מיליליטרים,700.00,"100 מ""ל",false,1,79.90,11.4143,true,1,49606
4750022002150,false,סלט ירקות על האש 580,,,סלט ירקות על האש 580 מל,מיליליטרים,580.00,"100 מ""ל",false,6,20.90,3.6034,true,1,130734
4750022002167,false,חמציץ 580 מל,,,חמציץ 580 מל,מיליליטרים,580.00,"100 מ""ל",false,6,20.90,3.6034,true,1,130735
4750022615091,false,רוטב בולונז 510 גר,,,רוטב בולונז 510 גר,גרמים,510.00,100 גרם,false,6,15.90,3.1176,true,1,130739
4750022626059,false,רוטב אסיאתי 270 גר,SPILVA SIA,,רוטב אסיאתי 270 גר,גרמים,270.00,100 גרם,false,1,12.90,4.7778,true,1,77937
4750022686190,false,רוטב מנגו צילי 285 ג,,,רוטב מנגו צילי 285 גר,גרמים,285.00,100 גרם,false,6,21.90,7.6842,true,1,130747
4750022694195,false,רוטב פרמזן שום 280 ג,,,רוטב פרמזן שום  280 גר,גרמים,280.00,100 גרם,false,6,21.90,7.8214,true,1,130748
4750022741295,false,מחית תפוחים עם אפרסק,,,מחית תפוחים עם אפרסק שמנת מתוקה 510 גר,גרמים,510.00,100 גרם,false,6,15.90,3.1176,true,1,130738
4750022745293,false,מחית תפוחים עם תות ש,,,מחית תפוחים עם תות שמנת מתוקה 510 גר,גרמים,510.00,100 גרם,false,6,15.90,3.1176,true,1,130737
4750022781253,false,רוטב בלסמי 270 גר,,,רוטב בלסמי 270 גר,גרמים,270.00,100 גרם,false,6,13.90,5.1481,true,1,142040
4750024001212,false,חטיף ציפס תפוא בטעם,,,חטיף ציפס תפוא בטעם פפריקה 75 גר,גרמים,75.00,100 גרם,false,1,4.90,6.5333,true,1,142037
4750024001908,false,טונגי תפוא בטעם שמיר,,,טונגי תפוא בטעם שמיר 130 גר,גרמים,130.00,100 גרם,false,1,15.90,12.2308,true,1,140812
4750024002004,false,טונגי תפוא בטעם חזרת,,,טונגי תפוא בטעם חזרת 130 גר,גרמים,130.00,100 גרם,false,1,15.90,12.2308,true,1,142462
4750024002011,false,טונגי תפוא בטעם צימי,,,טונגי תפוא בטעם צימיצורי 130 גר,גרמים,130.00,100 גרם,false,1,15.90,12.2308,true,1,142161
4750024002172,false,טונגי תפוא בטעם שישל,,,טונגי תפוא בטעם שישליק ובצל מטוגן 130 גר,גרמים,130.00,100 גרם,false,1,15.90,12.2308,true,1,142158
4750024002189,false,טונגי תפוא בטעם שמנת,,,טונגי תפוא בטעם שמנת חמוצה ובצל 130 גר,גרמים,130.00,100 גרם,false,1,15.90,12.2308,true,1,142159
4750024002196,false,טונגי תפוא בטעם גבינ,,,טונגי תפוא בטעם גבינת שמנת  130 גר,גרמים,130.00,100 גרם,false,1,15.90,12.2308,true,1,142160
4750042000136,false,משקה אבטיח מלון 1.5,Cido,LV,משקה אבטיח מלון 1.5 ל פרוטו,ליטרים,1.50,ליטר,false,8,14.90,9.9333,true,1,125695
4750042000150,false,משקה פירות שדה 1.5 ל,Cido,LV,משקה פירות שדה 1.5 ל פרוטו,ליטרים,1.50,ליטר,false,8,14.90,9.9333,true,1,119320
4750042000167,false,משקה פירות יער 1.5 ל,Cido,LV,משקה פירות יער 1.5 ל פרוטו,ליטרים,1.50,ליטר,false,8,14.90,9.9333,true,1,119321
4750042000181,false,נקטר תפוחים 1.5 ל פר,Cido,LV,נקטר תפוחים 1.5 ל פרוטו,ליטרים,1.50,ליטר,false,8,14.90,9.9333,true,1,125694
4750042300878,false,מיץ עגבניות סידו עם,,,מיץ עגבניות סידו עם מלח ים 1 ל,ליטרים,1.00,ליטר,false,1,14.90,14.9000,true,1,43170
4750042302711,false,נקטר סידו חמוציות 30,,,נקטר סידו חמוציות 30% 1ל,ליטרים,1.00,ליטר,false,1,14.90,14.9000,true,1,80937
4750042303336,false,נקטר סידו רימונים 1,Cido,,נקטר סידו רימונים  1 ל,ליטרים,1.00,ליטר,false,1,14.90,14.9000,true,1,96644
4750042303947,false,מיץ דובדבנים 100% סי,,,מיץ דובדבנים 100% סידו 1ל,ליטרים,1.00,ליטר,false,1,14.90,14.9000,true,1,80936
4750042305842,false,מורס סידו חמוציות ות,,,מורס סידו חמוציות ותות 1ל,ליטרים,1.00,ליטר,false,1,14.90,14.9000,true,1,104047
4750042804215,false,מיץ תפוחים 100% סידו,,,מיץ תפוחים 100% סידו 1ל,ליטרים,1.00,ליטר,false,1,14.90,14.9000,true,1,80935
4750042804222,false,מיץ עגבניות 100% סיד,,,מיץ עגבניות 100% סידו 1ל,ליטרים,1.00,ליטר,false,1,14.90,14.9000,true,1,80934
4750042804321,false,נקטר סידו אננס 50% 1,Cido,,נקטר סידו אננס 50% 1 ל,ליטרים,1.00,ליטר,false,15,14.90,14.9000,true,1,121140
4750042804338,false,מיץ ירקות סידו 100%,Cido,,מיץ ירקות סידו  100% 1 ל,ליטרים,1.00,ליטר,false,1,14.90,14.9000,true,1,43174
4750042884668,false,נקטר סידו שזיפים 1 ל,Cido,,נקטר סידו שזיפים 1 ל,ליטרים,1.00,ליטר,false,1,14.90,14.9000,true,1,43175
4750050000128,false,חטיף גבינה קרומס פטל,PIENSAIMNIEKS,,חטיף גבינה קרומס פטל רימון 38 גר,גרמים,38.00,100 גרם,false,40,3.90,10.2632,true,1,123838
4750050341405,false,חטיף גבינה בטעם וניל,PIENSAIMNIEKS,,ממתק גבינה בשוקולד,גרמים,45.00,100 גרם,false,1,3.90,8.6667,true,1,43181
4750050342211,false,חטיף גבינה קרומס 45,PIENSAIMNIEKS,,חטיף גבינה קרומס 45 גר 6+1,גרמים,315.00,100 גרם,false,1,22.90,7.2698,true,1,95912
4750072012604,false,גבינת קרם ציז 150 גר,,,גבינה סטרינגציז,גרמים,150.00,100 גרם,false,,9.90,6.6000,true,1,74093
4750072013335,false,תחליף פטה קומבי וויט,,,תחליף פטה קומבי וויט 250 גר,גרמים,250.00,100 גרם,false,1,16.90,6.7600,true,1,116826
4750093002837,false,גבינת גאודה מעושנת ק,,,גבינת גאודה מעושנת קשה למחצה 31% 125 גר,גרמים,125.00,100 גרם,false,1,13.90,11.1200,true,1,137460
4750093002868,false,גבינה חצי קשה 10% שו,,,גבינת חצי קשה 10% שומן 125 גר,גרמים,125.00,100 גרם,false,1,12.90,10.3200,true,1,138892
4750093002974,false,גבינת צדר אדום פרוס,,,גבינת צדר אדום פרוס 125 גר,גרמים,125.00,100 גרם,false,1,12.90,10.3200,true,1,138890
4750093002981,false,גבינת מאסדם פרוס 125,,,גבינת מאסדם פרוס 125 גר,גרמים,125.00,100 גרם,false,1,12.90,10.3200,true,1,138891
4750109000338,false,ממרח על בסיס שמנת חמ,,,ממרח על בסיס שמנת חמוצה 20% 400 גר,גרמים,400.00,100 גרם,false,1,13.90,3.4750,true,1,128849
4750109157643,false,ממרח על בסיס שמנת חמ,,,ממרח על בסיס שמנת חמוצה 20% 200 גר,גרמים,200.00,100 גרם,false,1,7.90,3.9500,true,1,128848
4750142002078,false,בירה צסו יורמלה פחית,"""cesu alus""",,בירה צסו יורמלה פחית 500 מל,מיליליטרים,500.00,"100 מ""ל",false,1,6.90,1.3800,true,1,139481
4750142002719,false,בירה צסו יורמלה לא מ,"""cesu alus""",,בירה צסו יורמלה לא מסוננת פחית 500 מל,מיליליטרים,500.00,"100 מ""ל",false,1,6.90,1.3800,true,1,139482
4750142003426,false,בירה פילזנר אקסטרה פ,"""cesu alus""",,בירה פילזנר אקסטרה פחית 500 מל,מיליליטרים,500.00,"100 מ""ל",false,1,6.90,1.3800,true,1,126894
4750142004980,false,בירה ציסו פרמיום פח,"""cesu alus""",,בירה ציסו פרמיום פח 568 מל,מיליליטרים,568.00,"100 מ""ל",false,1,8.90,1.5669,true,1,139829
4750142005000,false,בירה ציסו כהה בוהמיי,"""cesu alus""",,בירה ציסו כהה בוהמיין פח 568 מל,מיליליטרים,568.00,"100 מ""ל",false,1,8.90,1.5669,true,1,139817
4750142005062,false,בירה צסו ברוזה לא מס,,,בירה צסו ברוזה לא מסוננת פח 568 מל,מיליליטרים,568.00,"100 מ""ל",false,1,8.90,1.5669,true,1,139738
4750142016518,false,בירה ציסו לא מסוננת,"""cesu alus""",,בירה ציסו לא מסוננת פח568מל,מיליליטרים,568.00,"100 מ""ל",false,1,8.90,1.5669,true,1,76280
4750142021505,false,בירה פילזנר בהירה 50,"""cesu alus""",,"בירה פילזנר בהירה 500 מ""ל",מיליליטרים,500.00,"100 מ""ל",false,1,6.90,1.3800,true,1,43199
4750163986357,false,צנימים מטוגנים עם מל,,,צנימים מטוגנים מלחם שיפון 180 גר,גרמים,180.00,100 גרם,false,1,15.90,8.8333,true,1,140815
4750163986647,false,צנימים מטוגנים מלחם,,,צנימים מטוגנים מלחם שיפון ברביקיו 180 גר,גרמים,180.00,100 גרם,false,1,15.90,8.8333,true,1,140814
4750163986661,false,צנימים מטוגנים מלחם,,,צנימים מטוגנים מלחם שיפון עם שום 180 גר,גרמים,180.00,100 גרם,false,1,15.90,8.8333,true,1,140813
4750192243520,false,עוגת נפוליאון 1200 ג,,,עוגת נפוליאון 1200 גר,גרמים,1200.00,100 גרם,false,1,99.90,8.3250,true,1,142798
4750192243544,false,עוגת דבש טרטיסימו 1,MAIZNIEKS,,"עוגת דבש טרטיסימו 1 ק""ג",קילוגרמים,1.00,"ק""ג",false,1,89.90,89.9000,true,1,103834
4750211417116,false,שימורי חמציץ קרוניס,,,שימורי חמציץ קרוניס 290 גר,גרמים,290.00,100 גרם,false,8,9.90,3.4138,true,1,122420
4750211710415,false,מרק קרוניקס בורש 500,,,מרק קרוניקס בורש 500 גר,גרמים,500.00,100 גרם,false,1,11.90,2.3800,true,1,99669
4750211740412,false,מרק קרוניס מכרוב כבו,,,מרק קרוניקס בורש 500 גר,גרמים,500.00,100 גרם,false,8,11.90,2.3800,true,1,113624
4750211741112,false,מרק סלק קר עם חרדל 5,,,מרק סלק קר עם חרדל 500 גר,גרמים,500.00,100 גרם,false,1,11.90,2.3800,true,1,141187
4750211750411,false,מרק קרוניס שעועית 50,סיא קרוניס,,מרק קרוניס שעועית 500 גר,גרמים,500.00,100 גרם,false,1,11.90,2.3800,true,1,101288
4750211760410,false,מרק קרוניקס אפונה 50,,,מרק קרוניקס אפונה 500 גר,גרמים,500.00,100 גרם,false,1,11.90,2.3800,true,1,99667
4750211770419,false,מרק קרוניקס חרצו 500,,,מרק קרוניקס חרצו 500 גר,גרמים,500.00,100 גרם,false,1,11.90,2.3800,true,1,99666
4750211797218,false,מרק קרוניס פטריות 50,סיא קרוניס,,מרק קרוניס פטריות 500 גר,גרמים,500.00,100 גרם,false,1,12.90,2.5800,true,1,101287
4750616000258,false,שפרוטים גדולים בשמן,BRINVAS VILNUS,,שפרוטים גדולים בשמן 190 גר,גרמים,190.00,100 גרם,false,1,8.90,4.6842,true,1,69708
4750616000593,false,שפרוטים ריגה בשמן 19,BRINVAS VILNUS,,שפרוטים ריגה בשמן 190 גר,גרמים,190.00,100 גרם,false,1,8.90,4.6842,true,1,43264
4750616001194,false,שפרוטים ריגה בשמן 24,BRINVAS VILNUS,,שפרוטים ריגה בשמן 240 גר,גרמים,240.00,100 גרם,false,1,8.90,3.7083,true,1,49893
4750616001217,false,סרדינים בשמן 240 גר,BRINVAS VILNUS,,סרדינים בשמן 240 גר,גרמים,240.00,100 גרם,false,1,6.90,2.8750,true,1,106672
4750616001262,false,שפרוטים צארסקיה בשמן,BRINVAS VILNUS,,שפרוטים צארסקיה בשמן 240 גר,גרמים,240.00,100 גרם,false,1,12.90,5.3750,true,1,43265
4750616001361,false,סלאקה מעושנת 190 גר,BRINVAS VILNUS,,סלאקה מעושנת 190 גר,גרמים,190.00,100 גרם,false,1,8.90,4.6842,true,1,106671
4750616001439,false,סרדינים במיץ עגבניות,BRINVAS VILNUS,,סרדינים במיץ עגבניות 240 גר,גרמים,240.00,100 גרם,false,1,6.90,2.8750,true,1,106673
4750616001651,false,שפרוטים גדולים בשמן,BRINVAS VILNUS,,שפרוטים גדולים בשמן 240 גר,גרמים,240.00,100 גרם,false,1,8.90,3.7083,true,1,43271
4750616001989,false,פטה שפרוטים 250 גר,BRINVAS VILNUS,,פטה שפרוטים 250 גר,גרמים,250.00,100 גרם,false,1,6.90,2.7600,true,1,43273
4750616002276,false,קילקה במיץ עגבניות ע,BRINVAS VILNUS,,קילקה במיץ עגבניות עם צילי 240 גר,גרמים,240.00,100 גרם,false,1,6.90,2.8750,true,1,43274
4750616002337,false,קילקה במיץ עגבניות 2,BRINVAS VILNUS,,קילקה במיץ עגבניות 240 גר,גרמים,240.00,100 גרם,false,1,6.90,2.8750,true,1,43276
4750616002344,false,קילקה במיץ עגבניות ו,BRINVAS VILNUS,,קילקה ברוטב עגבניות וירקות,גרמים,240.00,100 גרם,false,1,6.90,2.8750,true,1,43277
4750616006564,false,סרדינים על הגריל בשמ,,LV,סרדינים על הגריל בשמן זית 190 גר,גרמים,190.00,100 גרם,false,48,10.90,5.7368,true,1,129420
4750616006571,false,סרדינים על הגריל בשמ,,LV,סרדינים על הגריל בשמן זית עם צילי 190 גר,גרמים,190.00,100 גרם,false,48,10.90,5.7368,true,1,137955
4750817032003,false,סלט סלמון עם ירקות ב,,,סלט סלמון עם ירקות בטעם אסיאתי 240 גר,גרמים,240.00,100 גרם,false,48,7.90,3.2917,true,1,124440
4750817032010,false,סלט סלמון עם ירקות ב,,,סלט סלמון עם ירקות בטעם מקסיקני 240 גר,גרמים,240.00,100 גרם,false,48,7.90,3.2917,true,1,124438
4750817032027,false,סלט סלמון עם ירקות ב,,,סלט סלמון עם ירקות בטעם איטלקי 240 גר,גרמים,240.00,100 גרם,false,48,7.90,3.2917,true,1,124439
4750817111005,false,פילה סלמון במיץ טבעי,ZENTENE,LV,פילה סלמון במיץ טבעי 200 גר,גרמים,200.00,100 גרם,false,48,9.90,4.9500,true,1,121208
4750817111067,false,פילה סלמון עדין במיץ,,,פילה סלמון עדין במיץ טבעי 200 גר,גרמים,200.00,100 גרם,false,1,7.90,3.9500,true,1,140199
4750817130808,false,סאירה במיץ טבעי 240,,,סאירה במיץ טבעי 240 גר,גרמים,240.00,100 גרם,false,48,10.90,4.5417,true,1,136859
4750817132505,false,פילה קלמרי במיץ טבעי,,,פילה קלמרי במיץ טבעי BEST OF RIGA,גרמים,240.00,100 גרם,false,48,11.90,4.9583,true,1,124443
4750817133120,false,סרדינים בשמן 240 גר,ZENTENE,LV,סרדינים בשמן 240 גר,גרמים,240.00,100 גרם,false,48,8.90,3.7083,true,1,121202
4750817135124,false,הרינג בשמן 240 גר,ZENTENE,LV,הרינג בשמן 240 גר,גרמים,240.00,100 גרם,false,48,7.90,3.2917,true,1,121204
4750817136619,false,קילקה ברוטב עגבניות,ZENTENE,LV,קילקה ברוטב עגבניות 240 גר,גרמים,240.00,100 גרם,false,48,5.90,2.4583,true,1,121201
4750817136817,false,סרדינים ברוטב עגבניו,ZENTENE,LV,סרדינים ברוטב עגבניות 240 גר,גרמים,240.00,100 גרם,false,48,8.90,3.7083,true,1,121203
4750817137111,false,מקרל ברוטב עגבניות 2,ZENTENE,LV,מקרל ברוטב עגבניות 240 גר,גרמים,240.00,100 גרם,false,48,9.90,4.1250,true,1,121207
4750817138101,false,סאירה במיץ טבעי בתוס,,,סאירה במיץ טבעי בתוספת שמן 240 גר,גרמים,240.00,100 גרם,false,48,10.90,4.5417,true,1,136861
4750817138125,false,סאירה בשמן צמחי 240,,,סאירה בשמן צמחי 240 גר,גרמים,240.00,100 גרם,false,48,10.90,4.5417,true,1,136858
4750817138811,false,סאירה ברוטב עגבניות,,,סאירה ברוטב עגבניות 240 גר,גרמים,240.00,100 גרם,false,48,10.90,4.5417,true,1,136860
4750817140920,false,פילה סלמון על האש בר,,,פילה סלמון על האש ברוטב קרם 220 גר,גרמים,220.00,100 גרם,false,1,10.90,4.9545,true,1,133512
4750817224927,false,שפרוטים מעושנים בשמן,,,שפרוטים מעושנים בשמן צמחי שקוף 240 גר,גרמים,240.00,100 גרם,false,1,14.90,6.2083,true,1,133513
4750817520791,false,פילה סלומון על האש ב,PIEJURA,,פילה סלומון על האש בשמן צמחי 220 גרם,גרמים,220.00,100 גרם,false,1,11.90,5.4091,true,1,132295
4751000171417,false,דובשניות עם מילוי חמ,ADUGS,,דובשניות במילוי חמוציות 250 גר,גרמים,250.00,100 גרם,false,1,9.90,3.9600,true,1,43287
4751000171424,false,דובשניות במילוי דובד,ADUGS,,דובשניות במילוי דובדבן 250 גר,גרמים,250.00,100 גרם,false,1,9.90,3.9600,true,1,43288
4751000174586,false,דובשניות אדוגס בטעם,ADUGS,,דובשניות אדוגס בטעם שמנת 500 גר,גרמים,500.00,100 גרם,false,1,12.90,2.5800,true,1,103147
4751000174654,false,דובשניות אדוגס בטעם,ADUGS,,דובשניות אדוגס בטעם לוקס 500 גר,גרמים,500.00,100 גרם,false,1,12.90,2.5800,true,1,103151
4751001583226,false,דג שפרוטים מעושנים ב,גמה,,דג שפרוטים מעושנים בשמן זית 100 גר,גרמים,100.00,100 גרם,false,1,10.90,10.9000,true,1,105844
4751001583820,false,שפרוטים שקוף מעושנים,GAMMA-A,,שפרוטים ריגה 240גר,גרמים,240.00,100 גרם,false,1,13.90,5.7917,true,1,75708
4751002121601,false,לחם שחור 700 גר,MATSS,,לחם שחור 700 גר,גרמים,700.00,100 גרם,false,8,23.90,3.4143,true,1,128789
4751002121625,false,לחם בורודינסקי 350 ג,MATSS,,לחם בורודינסקי 350 גר,גרמים,350.00,100 גרם,false,20,12.90,3.6857,true,1,128788
4751002127467,false,לחם שיפון פרוס בורוד,סיא פוטרוס פוד,,לחם שיפון פרוס בורודינסקי 500 גר,גרמים,500.00,100 גרם,false,1,12.90,2.5800,true,1,106814
4751003923105,false,שפרוטים מעושנים בשמן,סיא בוגה,,שפרוטים מעושנים בשמן 160 גר,גרמים,160.00,100 גרם,false,1,7.90,4.9375,true,1,98518
4751005700551,false,שפרוטים ברוטב עגבניו,PIEJURA,,שפרוטים ברוטב עגבניות 280גר,גרמים,280.00,100 גרם,false,1,16.90,6.0357,true,1,80284
4751005703569,false,שפרוטים פיגיורה בשמן,PIEJURA,,שפרוטים פיגיורה בשמן 250גר,גרמים,250.00,100 גרם,false,1,16.90,6.7600,true,1,77033
4751007730488,false,טונה עם ירקות איטלקי,,,טונה עם ירקות איטלקי 185 גר,גרמים,185.00,100 גרם,false,1,11.90,6.4324,true,1,134561
4751007730495,false,טונה עם ירקות מקסיקנ,,,טונה עם ירקות מקסיקני 185 גר,גרמים,185.00,100 גרם,false,1,11.90,6.4324,true,1,134562
4751007730938,false,שפרוטים מעושנים בשמן,,,שפרוטים מעושנים בשמן צמחי 240 גר,גרמים,240.00,100 גרם,false,24,8.90,3.7083,true,1,115926
4751007732840,false,פילה סלמון 170 גר,KARAVELA,,פילה סלומון,גרמים,170.00,100 גרם,false,1,11.90,7.0000,true,1,43329
4751007732864,false,פילה סלמון ברוטב חרד,KARAVELA,,פילה סלמון ברוטב חרד,גרמים,170.00,100 גרם,false,1,11.90,7.0000,true,1,43330
4751007732970,false,סלט איטלקי עם סלומון,KARAVELA,,סלט איטלקי עם סלומון 220 גר,גרמים,220.00,100 גרם,false,1,11.90,5.4091,true,1,43331
4751007732994,false,סלט מקסיקני עם סלומו,KARAVELA,,סלט מקסיקני עם סלומון 220 גר,גרמים,220.00,100 גרם,false,1,11.90,5.4091,true,1,43332
4751007733007,false,סלט צרפתי עם סלומון,KARAVELA,,סלט צרפתי עם סלומון 220 גר,גרמים,220.00,100 גרם,false,1,11.90,5.4091,true,1,43333
4751007733236,false,פילה סלמון בקרם מנגו,,,פילה סלמון בקרם מנגו עם פלפל ארנולד,גרמים,170.00,100 גרם,false,1,11.90,7.0000,true,1,127005
4751007734004,false,פילה סלומון במיץ טבע,KARAVELA,,פילה סלומון במיץ טבע,גרמים,170.00,100 גרם,false,1,11.90,7.0000,true,1,43334
4751007737111,false,דג סלמון במי מלח 240,ALTAYSKAYA KRUPA,,דג סלמון במי מלח 240 גר,מיליליטרים,240.00,"100 מ""ל",false,24,7.90,3.2917,true,1,137002
4751007737760,false,קילקה ברוטב עגבניות,SAIVA,,קילקה ברוטב עגבניות 240 גר,גרמים,240.00,100 גרם,false,24,6.90,2.8750,true,1,124060
4751007738064,false,שפרוטים מעושנים בשמן,,,שפרוטים מעושנים בשמן לארסן 160 גר,גרמים,160.00,100 גרם,false,1,12.90,8.0625,true,1,139924
4751007738095,false,סלט סלמון עם ירקות מ,,,סלט סלמון עם ירקות מקסיקני לארסן 220 גר,גרמים,220.00,100 גרם,false,1,12.90,5.8636,true,1,139925
4751007738385,false,קילקה ברוטב עגבניות,,,קילקה ברוטב עגבניות פתיחה קלה 240 גר,גרמים,240.00,100 גרם,false,24,5.90,2.4583,true,1,125707
4751007738392,false,שימורי דג שפרוטים מע,,,שימורי דג שפרוטים מעושנים 240 גר,גרמים,240.00,100 גרם,false,24,10.90,4.5417,true,1,130648
4751007738408,false,שימורי דג קילקה מטוג,MALBI CHOCOLATE,,שימורי דג קילקה מטוגנת ברוטב עגבניות 240,גרמים,240.00,100 גרם,false,1,7.90,3.2917,true,1,127400
4751007738804,false,שימורי דג שפרוטים מע,,,שימורי דג שפרוטים מעושנים 190 גר,גרמים,190.00,100 גרם,false,21,10.90,5.7368,true,1,130647
4751007739542,false,שימורי סורימי במרינד,,,שימורי סורימי במרינדה עם פטרוזיליה 160 ג,גרמים,160.00,100 גרם,false,1,18.90,11.8125,true,1,141132
4751008660821,false,ממתק אומניה ללא סוכר,,,ממתק אומניה ללא סוכר עם  אגוזי לוז 90,גרמים,90.00,100 גרם,false,1,6.90,7.6667,true,1,113961
4751008660845,false,ממתק אומניה ללא סוכר,,,ממתק אומניה ללא סוכר עם  שקדים 90 גר,גרמים,90.00,100 גרם,false,1,6.90,7.6667,true,1,113962
4751017400227,false,קילקה באנגה ברוטב עג,סיא בוגה,,קילקה באנגה ברוטב עגבניות 240 גר,גרמים,240.00,100 גרם,false,1,5.90,2.4583,true,1,97533
4751017401682,false,כבד דג שיבוט במיץ טב,,,כבד דג שיבוט במיץ טבעי בנגה 115 גר,גרמים,115.00,100 גרם,false,1,9.90,8.6087,true,1,122441
4751017402832,false,שימורי מולים מעושנים,סיא בוגה,LV,שימורי מולים מעושנים בשמן באנגה 120 גר,גרמים,120.00,100 גרם,false,14,12.90,10.7500,true,1,128659
4751017403419,false,כבד דג שיבוט במיץ טב,MALBI CHOCOLATE,,כבד דג שיבוט במיץ טבעי 115 גר,גרמים,115.00,100 גרם,false,1,9.90,8.6087,true,1,127399
4751019530809,false,מוזלי לייט גרסי 400,,,מוזלי לייט גרסי 400 גר,גרמים,400.00,100 גרם,false,1,15.90,3.9750,true,1,129679
4751019530984,false,מוזלי שוקולד גרסי 50,,,מוזלי שוקולד גרסי 500 גר,גרמים,500.00,100 גרם,false,1,21.90,4.3800,true,1,129676
4751019539048,false,מוזלי גרסי טין 400 ג,,,מוזלי גרסי טין 400 גר,גרמים,400.00,100 גרם,false,1,15.90,3.9750,true,1,129681
4751024270028,false,מקלוני גבינה קשה מעו,,,מקלוני גבינה קשה מעושנת 28% 100 גר,גרמים,100.00,100 גרם,false,1,19.90,19.9000,true,1,116203
4751024270059,false,צמת גבינה קשה מעושנת,,,צמת גבינה קשה מעושנת 28% 100 גר,גרמים,100.00,100 גרם,false,1,19.90,19.9000,true,1,116202
4751024270103,false,צמת גבינה קשה מעושנת,,,צמת גבינה קשה מעושנת 28% 200 גר,גרמים,200.00,100 גרם,false,1,29.90,14.9500,true,1,116204
4751027951122,false,שוקולד חלב ללא סוכר,,,שוקולד חלב ללא סוכר 60% מריר 26 גר,גרמים,26.00,100 גרם,false,1,3.90,15.0000,true,1,141359
4751029291134,false,שפרוטים מעושנים בשמן,סיא בוגה,,שפרוטים מעושנים בשמן 190 גר,גרמים,190.00,100 גרם,false,18,8.90,4.6842,true,1,129054
4751031690048,false,חתיכות סורימי 300 גר,,,חתיכות סורימי 300 גר,גרמים,300.00,100 גרם,false,1,16.90,5.6333,true,1,142328
4751031690277,false,מקלות סורימי אטלנטיק,,,מקלות סורימי אטלנטיקה 250 גר,גרמים,250.00,100 גרם,false,1,13.90,5.5600,true,1,142327
4751032740353,false,מרק רסולניק עם מלפפו,DIMDINI,LV,מרק רסולניק עם מלפפון כבוש 500 מל,מיליליטרים,500.00,"100 מ""ל",false,6,9.90,1.9800,true,1,131530
4751032740377,false,סלט וינגרט 500 מל,,,סלט וינגרט 500 מל,מיליליטרים,500.00,"100 מ""ל",false,1,11.90,2.3800,true,1,141366
4751033540235,false,שוקולד מריר 72% ללא,,,שוקולד מריר 72% ללא סוכר 100 גר,גרמים,100.00,100 גרם,false,20,9.90,9.9000,true,1,140928
4751033540419,false,שוקולד חלב 70% 100 ג,,,שוקולד חלב 70% 100 גר,גרמים,100.00,100 גרם,false,1,12.90,12.9000,true,1,128330
4751033540426,false,שוקולד מריר 80% קולו,,,שוקולד חלב 80% קולומביה 100 גר,גרמים,100.00,100 גרם,false,1,12.90,12.9000,true,1,128331
4752038001929,false,קרקר מלוח 300 גר,ADUGS,,קרקר מלוח 300 גרם,גרמים,300.00,100 גרם,false,1,10.90,3.6333,true,1,43344
4752038001936,false,קרקר עם בצל 300 גר,ADUGS,,קרקר עם בצל 300 גרם,גרמים,300.00,100 גרם,false,1,10.90,3.6333,true,1,43345
4760007300461,false,רוטב רימונים נרשרב 4,,,רוטב רימונים נרשרב 450 גר,גרמים,450.00,100 גרם,false,1,25.90,5.7556,true,1,104173
4760013403637,false,וופל בטעם לימון 200,,,וופל בטעם לימון 200 גר,גרמים,200.00,100 גרם,false,1,5.90,2.9500,true,1,142304
4760013403644,false,וופל בטעם חלב 200 גר,,,וופל בטעם חלב 200 גר,גרמים,200.00,100 גרם,false,1,5.90,2.9500,true,1,142305
4760013403781,false,עוגיות בטעם חלב 320,,,עוגיות בטעם חלב 320 גר,גרמים,320.00,100 גרם,false,1,6.90,2.1563,true,1,142300
4760013404047,false,עוגיות בטעם חמאה עם,,,עוגיות בטעם חמאה עם צימוקים 420 גר,גרמים,420.00,100 גרם,false,1,6.90,1.6429,true,1,142298
4760013404061,false,עוגיות בטעם שמנת וני,,,עוגיות בטעם שמנת וניל 370 גר,גרמים,370.00,100 גרם,false,1,6.90,1.8649,true,1,142299
4760013409554,false,וופל בטעם חלב 400 גר,,,וופל בטעם חלב 400 גר,גרמים,400.00,100 גרם,false,1,11.90,2.9750,true,1,142306
4760013409585,false,וופל בטעם קקאו ואגוז,,,וופל בטעם קקאו ואגוזי לוז 400 גר,גרמים,400.00,100 גרם,false,1,11.90,2.9750,true,1,142307
4760018504612,false,ריבת דובדבן 400 גר,BIZIM TARLA,,ריבת דובדבן 400 גר,גרמים,400.00,100 גרם,false,1,15.90,3.9750,true,1,50823
4760018504735,false,ריבת דובדבן לבן 400,BIZIM TARLA,,ריבת דובדבן לבן 400 גר,גרמים,400.00,100 גרם,false,1,17.90,4.4750,true,1,50822
4760018504773,false,ריבת אגוזי מלך 400 ג,BIZIM TARLA,,ריבת אגוזי מלך 400 גר,גרמים,400.00,100 גרם,false,1,17.90,4.4750,true,1,50820
4760062100846,false,תה שחור בוקט 250 גר,,,תה שחור בוקט 250 גר,גרמים,250.00,100 גרם,false,1,29.90,11.9600,true,1,125302
4760062101775,false,תה שחור בוקט 200 גר,,,תה שחור בוקט 200 גר,גרמים,200.00,100 גרם,false,1,29.90,14.9500,true,1,125301
4760062101805,false,תה שחור בוקט 50 גר,,,תה שחור בוקט 50 גר,גרמים,50.00,100 גרם,false,1,9.90,19.8000,true,1,125305
4760062105070,false,תה ירוק בוקט באריזה,,,תה ירוק בוקט באריזה שקופה 200 גר,גרמים,200.00,100 גרם,false,1,15.90,7.9500,true,1,125313
4760065702009,false,רוטב רימונים 345 גר,,,רוטב רימונים 345 גר,גרמים,345.00,100 גרם,false,1,22.90,6.6377,true,1,134611
4760065704652,false,מיץ רימונים 1 ל,,,מיץ רימונים 1 ל,ליטרים,1.00,ליטר,false,1,21.90,21.9000,true,1,108473
4760065708957,false,עגבניות אדומות קלופו,BIZIM TARLA,,עגבניות אדומות קלופות במיץ עגבניות 680 ג,גרמים,680.00,100 גרם,false,1,13.90,2.0441,true,1,141030
4760065708964,false,עגבניות אדומות קלופו,,,עגבניות אדומות קלופות חתוכות 660 גר,גרמים,660.00,100 גרם,false,12,12.90,1.9545,true,1,139880
4760065709145,false,מלפפון בחומץ 670 גר,אינטרקום יוון,,מלפפון בחומץ 670 גר,גרמים,670.00,100 גרם,false,12,14.90,2.2239,true,1,138218
4760065709251,false,ממרח חוצילים 660 גר,,,ממרח חוצילים 660 גר,גרמים,660.00,100 גרם,false,1,19.90,3.0152,true,1,133090
4760068001567,false,סלט פלפלים צלויים 31,,,סלט פלפלים צלויים 315 גר,גרמים,315.00,100 גרם,false,1,13.90,4.4127,true,1,133093
4760068001710,false,ריבת תות שדה 400 גר,,,ריבת תות שדה 400 גר,גרמים,400.00,100 גרם,false,1,15.90,3.9750,true,1,135692
4760068002274,false,ריבת חבושים 400 גר,BIZIM TARLA,,ריבת חבושים 400 גר,גרמים,400.00,100 גרם,false,1,15.90,3.9750,true,1,135693
4760074601058,false,גלידת שמנת בטעם וניל,,,גלידת שמנת בטעם וניל בציפוי שוקולד 75 גר,גרמים,75.00,100 גרם,false,1,6.90,9.2000,true,1,141841
4760074601072,false,גלידת שמנת בטעם וניל,,,גלידת שמנת בטעם וניל בציפוי שוקולד אגוז,גרמים,75.00,100 גרם,false,1,6.90,9.2000,true,1,141843
4760074601324,false,גלידת שמנת בטעם שוקו,,,גלידת שמנת בטעם שוקולד בציפוי קקאו 90 גר,גרמים,90.00,100 גרם,false,1,6.90,7.6667,true,1,141848
4760074601331,false,גלידת שמנת וניל בציפ,,,גלידת שמנת וניל בציפוי קקאו 90 גר,גרמים,90.00,100 גרם,false,1,6.90,7.6667,true,1,141846
4760074601669,false,גלידת שמנת פלומביר ו,,,גלידת שמנת פלומביר וניל בגביע וופל 80 גר,גרמים,80.00,100 גרם,false,1,6.90,8.6250,true,1,141844
4760074601973,false,גלידת שמנת פלומביר ב,,,גלידת שמנת פלומביר בטעם שוקולד בגביע 80,גרמים,80.00,100 גרם,false,1,6.90,8.6250,true,1,141847
4760074602420,false,אסקימו וניל בציפוי ש,,,אסקימו וניל בציפוי שוקולד 70 גר,גרמים,70.00,100 גרם,false,1,6.90,9.8571,true,1,141845
4760127703234,false,מאפינס בטעם שוקולד ד,,,מאפינס בטעם שוקולד דרנקה 500 גר,גרמים,500.00,100 גרם,false,1,19.90,3.9800,true,1,142285
4760127703753,false,מאפינס בטעם וניל ולי,,,מאפינס בטעם וניל ולימון דרנקה 210 גר,גרמים,210.00,100 גרם,false,1,9.90,4.7143,true,1,142283
4760127704347,false,מיני עוגת רולדה בטעם,,,מיני עוגת רולדה בטעם שוקולד 500 גר,גרמים,500.00,100 גרם,false,1,19.90,3.9800,true,1,142279
4760127706976,false,עוגיות ממולאות בטעם,,,עוגיות ממולאות בטעם לימון דליציה 200 גר,גרמים,200.00,100 גרם,false,1,8.90,4.4500,true,1,142290
4760127706990,false,עוגיות ממולאות בטעם,,,עוגיות ממולאות בטעם תות דליציה 200 גר,גרמים,200.00,100 גרם,false,1,8.90,4.4500,true,1,142288
4760129500107,false,ריבת דובדבן לבן 400,,,ריבת דובדבן לבן 400 גר,גרמים,400.00,100 גרם,false,1,18.90,4.7250,true,1,139999
4760129500268,false,ריבת חבושים 400 גר,,,ריבת חבושים 400 גר,גרמים,400.00,100 גרם,false,1,18.90,4.7250,true,1,140002
4760129500961,false,ריבת דובדבן 400 גר,,,ריבת דובדבן 400 גר,גרמים,400.00,100 גרם,false,1,18.90,4.7250,true,1,140001
4760129500978,false,ריבת תות שדה 400 גר,,,ריבת תות שדה 400 גר,גרמים,400.00,100 גרם,false,1,18.90,4.7250,true,1,140000
4760129500985,false,ריבת קורנל 400 גר,,,ריבת קורנל 400 גר,גרמים,400.00,100 גרם,false,1,18.90,4.7250,true,1,139998
4760156500118,false,אפרסמון מיובש 100 גר,,,אפרסמון מיובש 100 גר,גרמים,100.00,100 גרם,false,1,13.90,13.9000,true,1,140943
4760165590087,false,דובשניות ממולאות בטע,,,דובשניות ממולאות בטעם שוקולד 240 גר,גרמים,240.00,100 גרם,false,1,8.90,3.7083,true,1,142293
4770033221395,false,וודקה גולד פיטראד 70,STUMBRAS,,"וודקה ""גולד פיטראד"" 0.7 ל",מיליליטרים,700.00,"100 מ""ל",false,1,54.90,7.8429,true,1,50204
4770033221609,false,וודקה סטרקה ליטה 700,STUMBRAS,,וודקה סטרקה ליטה 0.7,מיליליטרים,700.00,"100 מ""ל",false,1,59.90,8.5571,true,1,43370
4770033223085,false,וודקה גולד 500 מל,STUMBRAS,LT,"וודקה אוריגינל 500 מ""ל",מיליליטרים,500.00,"100 מ""ל",false,1,39.90,7.9800,true,1,120027
4770033223986,false,ברנדי גלוריה 700 מל,STUMBRAS,,"ברנדי ""גלוריה"" 0.7 ל",מיליליטרים,700.00,"100 מ""ל",false,1,69.90,9.9857,true,1,43377
4770033223993,false,ברנדי גלוריה 5 שנים,STUMBRAS,,"ברנדי ""גלוריה"" 0.5 ל",מיליליטרים,500.00,"100 מ""ל",false,1,54.90,10.9800,true,1,43378
4770033224136,false,וודקה חמוציות 700 מל,STUMBRAS,,וודקה חמוציות 0.7 לי,מיליליטרים,700.00,"100 מ""ל",false,1,49.90,7.1286,true,1,43379
4770033224167,false,וודקה ליטה פלפל דבש,STUMBRAS,,וודקה ליטה פלפל דבש,מיליליטרים,700.00,"100 מ""ל",false,1,54.90,7.8429,true,1,43381
4770033224846,false,וודקה פטל 700 מל,STUMBRAS,,וודקה פטל 0.7 ליטר,מיליליטרים,700.00,"100 מ""ל",false,1,49.90,7.1286,true,1,43386
4770033227472,false,ברנדי גלוריה 700 מל,STUMBRAS,,"ברנדי ""גלוריה""  XO 0.7 ל",מיליליטרים,700.00,"100 מ""ל",false,1,119.90,17.1286,true,1,50205
4770033228035,false,נסטויקה ליטא דובדבן,STUMBRAS,,"נסטויקה ""ליטא"" דובדבן 0.7ל",מיליליטרים,700.00,"100 מ""ל",false,1,49.90,7.1286,true,1,50813
4770075221162,false,סיידר KISS בטעם אגס,,,סיידר KISS בטעם אגס מותסס פחית 500 מל,מיליליטרים,500.00,"100 מ""ל",false,1,6.90,1.3800,true,1,122163
4770075221186,false,סיידר KISS בטעם דובד,,,סיידר KISS בטעם דובדבן מותסס פחית 500 מל,מיליליטרים,500.00,"100 מ""ל",false,1,6.90,1.3800,true,1,122164
4770173822292,false,מלח ורוד הימלאיה 600,,,מלח ורוד הימלאיה 600 גר,גרמים,600.00,100 גרם,false,1,17.90,2.9833,true,1,141145
4770173822353,false,תערובת תיבול ארומט ל,,,תערובת תיבול ארומט לפלוב 370 גר,גרמים,370.00,100 גרם,false,1,17.90,4.8378,true,1,141147
4770173822452,false,תערובת תיבול ארומט 5,,,תערובת תיבול ארומט 500 גר,גרמים,500.00,100 גרם,false,1,17.90,3.5800,true,1,141144
4770173822469,false,תערובת תיבול ארומט ח,,,תערובת תיבול ארומט חמלי סונלי 190 גר,גרמים,190.00,100 גרם,false,1,17.90,9.4211,true,1,141146
4770179100349,false,שוקולד פרגלה מריר 72,,,שוקולד פרגלה מריר 72% קקאו 250 גר,גרמים,250.00,100 גרם,false,10,13.90,5.5600,true,1,115787
4770179109991,false,בונבוניירה פרגלה עם,,,בונבוניירה פרגלה עם וודקה 190 גר,גרמים,190.00,100 גרם,false,1,16.90,8.8947,true,1,122689
4770179110096,false,בונבוניירה פרגלה עם,,,בונבוניירה פרגלה עם ברנדי 190 גר,גרמים,190.00,100 גרם,false,1,16.90,8.8947,true,1,122688
4770179110126,false,בונבוניירה פרגלה עם,,,בונבוניירה פרגלה עם ליקר שרי 190 גר,גרמים,190.00,100 גרם,false,1,16.90,8.8947,true,1,122690
4770179125076,false,שוקולד מריר פרגלה עם,PERGALE,,שוקולד מריר פרגלה עם קרם מנגו 100גר,גרמים,100.00,100 גרם,false,1,4.90,4.9000,true,1,74900
4770179125120,false,שוקולד מריר פרגלה 10,PERGALE,,שוקולד מריר פרגלה 100גר,גרמים,100.00,100 גרם,false,1,4.90,4.9000,true,1,74897
4770179125144,false,שוקולד מריר פרגלה עם,PERGALE,,שוקולד מריר פרגלה עם קרם קפה 100גר,גרמים,100.00,100 גרם,false,1,4.90,4.9000,true,1,74901
4770179125281,false,שוקולד חלב פרגלה עם,PERGALE,,שוקולד חלב פרגלה עם קרם פירות יער 100גר,גרמים,100.00,100 גרם,false,1,4.90,4.9000,true,1,74895
4770179125342,false,שוקולד פרגלה חלב עם,PERGALE,,"שוקולד ""פרגלה"" חלב עם אגוזים שלמים 250גר",גרמים,250.00,100 גרם,false,8,13.90,5.5600,true,1,43453
4770179125434,false,שוקולד פרגלה מריר עם,PERGALE,,"שוקולד ""פרגלה"" מריר עם אגוזים שלמים 250ג",גרמים,250.00,100 גרם,false,8,13.90,5.5600,true,1,43456
4770179180082,false,ממתק שוקולד פרגלה דו,,,ממתק שוקולד פרגלה דובדבן 225 גר,גרמים,225.00,100 גרם,false,1,21.90,9.7333,true,1,133627
4770179998090,false,בונבוניירת פרחים 348,PERGALE,,בונבוניירת פרחים 348 גר,גרמים,348.00,100 גרם,false,1,32.90,9.4540,true,1,138327
4770179998168,false,בונ אסורטי וילנוס 34,,,בונ אסורטי וילנוס 348 גר,גרמים,348.00,100 גרם,false,10,32.90,9.4540,true,1,136347
4770179998250,false,בונ אסורטי סופיה 348,,,בונ אסורטי סופיה 348 גר,גרמים,348.00,100 גרם,false,10,32.90,9.4540,true,1,136348
4770179998335,false,בונ אסורטי סנסיס ויל,,,בונ אסורטי סנסיס וילנוס 348 גר,גרמים,348.00,100 גרם,false,10,32.90,9.4540,true,1,136350
4770179998366,false,בונ פרליני שקולד בטע,,,בונ פרליני שקולד בטעמי קינוחים 113 גר,גרמים,113.00,100 גרם,false,1,10.90,9.6460,true,1,134666
4770179998397,false,בונ פרליני שקולד קרם,,,בונ פרליני שקולד קרם אגוזי לוז 110 גר,גרמים,110.00,100 גרם,false,1,10.90,9.9091,true,1,134667
4770179998656,false,בונ פרליני שקולד קרם,,,בונ פרליני שקולד קרם בטעמים שונים 114 גר,גרמים,114.00,100 גרם,false,1,10.90,9.5614,true,1,134668
4770179999042,false,בונ פרליני שקולד מרי,,,בונ פרליני שקולד מריר 114 גר,גרמים,114.00,100 גרם,false,1,10.90,9.5614,true,1,134669
4770190108959,false,כיסוני גיוזה עם דובד,VICHUNAY,LT,כיסוני גיוזה עם דובדבנים VICI,גרמים,400.00,100 גרם,false,6,24.90,6.2250,true,1,121221
4770190113991,false,כיסוני גיוזה עם תפוא,VICHUNAY,LT,"כיסוני גיוזה עם תפו""א ופטריות VICI",גרמים,400.00,100 גרם,false,6,17.90,4.4750,true,1,121219
4770190133210,false,מקלות סורימי עם בשר,,,מקלות סורימי עם בשר סרטן ים 200 גר,גרמים,200.00,100 גרם,false,14,16.90,8.4500,true,1,130728
4770190151832,false,נקניק סורימי 500 גר,,,נקניק סורימי 500 גר,גרמים,500.00,100 גרם,false,1,36.90,7.3800,true,1,142034
4770237048088,false,גלידת יוגורט אוכמניו,,,גלידת יוגורט אוכמניות בכוס 82 גר,גרמים,82.00,100 גרם,false,1,5.90,7.1951,true,1,80830
4770237049290,false,גלידה אסקימו פלומביר,,,גלידה אסקימו פלומביר 58 גר,גרמים,58.00,100 גרם,false,1,5.90,10.1724,true,1,69847
4770237049313,false,גלידה אסקימו פלומביר,,,גלידה אסקימו פלומביר עם שקדים 63 גר,גרמים,63.00,100 גרם,false,1,5.90,9.3651,true,1,69849
4770237049443,false,גלידת פלומביר קרם בר,,,גלידת פלומביר קרם ברולה בכוס 70 גר,גרמים,70.00,100 גרם,false,1,5.90,8.4286,true,1,80829
4770237049450,false,גלידת פלומביר בכוס 7,,,גלידת פלומביר בכוס 70 גר,גרמים,70.00,100 גרם,false,1,5.90,8.4286,true,1,80827
4770237050432,false,גלידת פלומביר שוקולד,,,גלידת פלומביר שוקולד בכוס 70 גר,גרמים,70.00,100 גרם,false,1,5.90,8.4286,true,1,80828
4770237051804,false,חטיף גבינה וניל 45 ג,פנו ז'ויגזדס,,חטיף גבינה וניל 45 גר,גרמים,45.00,100 גרם,false,1,3.90,8.6667,true,1,78156
4770237051811,false,חטיף גבינה ריבת חלב,פנו ז'ויגזדס,,חטיף גבינה ריבת חלב 45 גר,גרמים,45.00,100 גרם,false,1,3.90,8.6667,true,1,78159
4770237051828,false,חטיף גבינה תות שדה 4,פנו ז'ויגזדס,,חטיף גבינה תות שדה 45 גר,גרמים,45.00,100 גרם,false,1,3.90,8.6667,true,1,78158
4770237051842,false,חטיף גבינה שוקולד 45,פנו ז'ויגזדס,,חטיף גבינה שוקולד 45 גר,גרמים,45.00,100 גרם,false,1,3.90,8.6667,true,1,78157
4770237052092,false,גלידת סליבוצנויה גבי,,,גלידת סליבוצנויה גביע וופל 85 גר,גרמים,85.00,100 גרם,false,1,5.90,6.9412,true,1,80832
4770237054423,false,גלידה שרבט עם מנגו ו,,,גלידה שרבט עם מנגו ואפרסק בכוס 85 גר,גרמים,85.00,100 גרם,false,1,5.90,6.9412,true,1,101314
4770237055048,false,בסגנון שמנת 15% 350,,,בסגנון שמנת 15% 350 גר,גרמים,350.00,100 גרם,false,1,10.90,3.1143,true,1,116717
4770237055055,false,בסגנון שמנת 30% 200,,,בסגנון שמנת 30% 200 גר,גרמים,200.00,100 גרם,false,1,10.90,5.4500,true,1,116718
4770237055574,false,גלידת שמנת עם שקדים,,,גלידת שמנת עם שקדים 85 גר,גרמים,85.00,100 גרם,false,1,5.90,6.9412,true,1,115735
4770237055598,false,גלידה פלומביר וניל ס,,,גלידה פלומביר וניל סבליה דלי 400,גרמים,400.00,100 גרם,false,1,25.90,6.4750,true,1,117108
4770237055604,false,גלידה שוקו פלומביר ע,,,גלידה שוקו פלומביר עם אגוז סבליה דלי 400,גרמים,400.00,100 גרם,false,1,25.90,6.4750,true,1,117107
4770237056748,false,גלידת אסקימו עגול פל,ז'יטומרסקי זאבוד,,גלידת אסקימו עגול פלומביר מסטיק סבליה 58,גרמים,58.00,100 גרם,false,30,5.90,10.1724,true,1,128198
4770265045264,false,דייסת שיבולת שועל 20,,,דייסת שיבולת שועל 200 גר,גרמים,200.00,100 גרם,false,1,7.90,3.9500,true,1,114071
4770265046452,false,גבינה מותכת סבליה 28,,,גבינה מותכת סבליה 28% 185 גר,גרמים,185.00,100 גרם,false,1,19.90,10.7568,true,1,122945
4770265046568,false,דייסת אורז עם משמש 2,,,דייסת אורז עם משמש 200 גר,גרמים,200.00,100 גרם,false,1,7.90,3.9500,true,1,114074
4770265046575,false,דייסת סולת עם תותי ב,,,דייסת סולת עם תותי בר 200 גר,גרמים,200.00,100 גרם,false,1,7.90,3.9500,true,1,114073
4770265212024,false,גבינה מותכת דברו 22%,,,גבינה מותכת דברו 22% 135 גר,גרמים,135.00,100 גרם,false,1,14.90,11.0370,true,1,122944
4770265213786,false,ריאזנקה סבליה 500 מל,,,"ריאזנקה סבליה 500 מ""ל",מיליליטרים,500.00,"100 מ""ל",false,1,10.90,2.1800,true,1,107487
4770265214752,false,יוגורט יווני סבליה 2,,,יוגורט יווני סבליה 200 גר,גרמים,200.00,100 גרם,false,1,9.90,4.9500,true,1,115003
4770265214783,false,יוגורט יווני סבליה ד,,,יוגורט יווני סבליה דובדבן 150 גר,גרמים,150.00,100 גרם,false,1,9.90,6.6000,true,1,115005
4770265215018,false,יוגורט יווני סבליה א,,,יוגורט יווני סבליה אפרסק 150 גר,גרמים,150.00,100 גרם,false,1,9.90,6.6000,true,1,115007
4770265219382,false,תחליף גבינה אנלוגי ג,,,ת.גבינה אנלוגי גורמן מעושנת 600 גר,גרמים,600.00,100 גרם,false,1,44.90,7.4833,true,1,134817
4770265219405,false,תחליף גבינה אנלוגי ס,,,ת.גבינה אנלוגי סבליה 600 גר,גרמים,600.00,100 גרם,false,1,44.90,7.4833,true,1,134814
4770265219429,false,תחליף גבינה אנלוגי ד,,,ת.גבינה אנלוגי דברו 600 גר,גרמים,600.00,100 גרם,false,1,44.90,7.4833,true,1,134815
4770265219443,false,תחליף גבינה אנלוגי ר,,,ת.גבינה אנלוגי רוסייסקי 600 גר,גרמים,600.00,100 גרם,false,1,44.90,7.4833,true,1,134816
4770265219535,false,תחליף גבינה מעושנת ג,,,תחליף גבינה אבלוגי מעושנת גורמן 150 גר,גרמים,150.00,100 גרם,false,1,11.90,7.9333,true,1,134778
4770266127853,false,חלבה חמניות 300 גר,,,חלבה חמניות 300 גר,גרמים,300.00,100 גרם,false,10,10.90,3.6333,true,1,136828
4770266187161,false,וופל במילוי קרמל 440,,,וופל במילוי קרמל 440 גר,גרמים,440.00,100 גרם,false,1,24.90,5.6591,true,1,141364
4770275048354,false,גבינה סבליה ברינזה 6,פנו ז'ויגזדס,,גבינה סבליה ברינזה 60%  400גר,גרמים,400.00,100 גרם,false,1,49.90,12.4750,true,1,78161
4770275049580,false,בסגנון טבורוג סבליה,,,בסגנון טבורוג סבליה 5% 370 גר,גרמים,370.00,100 גרם,false,1,18.90,5.1081,true,1,102607
4770275049597,false,בסגנון טבורוג סבליה,,,בסגנון טבורוג סבליה 5% 900 גר,גרמים,900.00,100 גרם,false,1,39.90,4.4333,true,1,102608
4770275049603,false,בסגנון טבורוג סבליה,,,בסגנון טבורוג סבליה 9% 370 גר,גרמים,370.00,100 גרם,false,1,18.90,5.1081,true,1,102606
4770299045100,false,ממרח חמאה לנקו ליטא,,,ממרח חמאה לנקו ליטא 200,גרמים,200.00,100 גרם,false,1,6.90,3.4500,true,1,43484
4770299045186,false,חמאה ליטאית דמיטיזוס,,,"חמאה ""ג""מיטוס"" 200 ג",גרמים,200.00,100 גרם,false,1,11.90,5.9500,true,1,43485
4770299399708,false,חמאת דזוגס 200 גר,,,חמאת דזוגס 200 גר,גרמים,200.00,100 גרם,false,1,11.90,5.9500,true,1,137503
4770301230821,false,בירה אינדיה פייל איי,,,בירה אינדיה פייל אייל וולפאס אנגלמן 568,מיליליטרים,568.00,"100 מ""ל",false,1,9.90,1.7430,true,1,139579
4770301231811,false,בירה קרייק דובדבן וו,,,בירה קרייק דובדבן וולפאס אנגלמן 568 מל,מיליליטרים,568.00,"100 מ""ל",false,1,9.90,1.7430,true,1,139582
4770301232023,false,בירה אוסטרליה פייל א,,,בירה אוסטרליה פייל אייל וולפאס אנגלמן,מיליליטרים,568.00,"100 מ""ל",false,1,9.90,1.7430,true,1,139578
4770301234935,false,בירה באלטיק פורטר וו,,,בירה באלטיק פורטר וולפאס אנגלמן 568 מל,מיליליטרים,568.00,"100 מ""ל",false,1,9.90,1.7430,true,1,139580
4770301234973,false,בירה בלנש חיטה וולפא,,,בירה בלנש חיטה וולפאס אנגלמן 568 מל,מיליליטרים,568.00,"100 מ""ל",false,1,9.90,1.7430,true,1,139581
4770301235246,false,בירה חיטה מייסטר וול,,,בירה חיטה מייסטר וולפאס אנגלמן 500 מל,מיליליטרים,500.00,"100 מ""ל",false,1,6.90,1.3800,true,1,140625
4770301235338,false,בירה ניו אינגלנד וול,,,בירה ניו אינגלנד וולפאס אנגלמן 500 מל,מיליליטרים,500.00,"100 מ""ל",false,1,9.90,1.9800,true,1,139583
4770301236861,false,משקה קוואס לבובסקי 1,,,משקה קוואס לבובסקי 1.5 ל,ליטרים,1.50,ליטר,false,1,13.90,9.2667,true,1,140623
4770337046427,false,גבינה מאסדם 24.7% פר,,,גבינה מאסדם 24.7% פרוסות 150 גר,גרמים,150.00,100 גרם,false,1,17.90,11.9333,true,1,137870
4770337046748,false,גבינה פרמזן 200 גר,,,גבינה פרמזן 200 גר,גרמים,200.00,100 גרם,false,1,23.90,11.9500,true,1,122008
4770337047264,false,גבינה 200 גר AGED GO,,,גבינה 200 גר OLD GILDIJA,גרמים,200.00,100 גרם,false,1,23.90,11.9500,true,1,123314
4770337047295,false,גבינה 200 גר OLD GIL,,,גבינה 200 גר OLD GILDIJA,גרמים,200.00,100 גרם,false,1,23.90,11.9500,true,1,123313
4770337047431,false,תחליף גבינה סבליה 15,,,תחליף גבינה סבליה 150 גר,גרמים,150.00,100 גרם,false,1,11.90,7.9333,true,1,105793
4770337047448,false,תחליף גבינה דברו 150,,,תחליף גבינה דברו 150 גר,גרמים,150.00,100 גרם,false,1,11.90,7.9333,true,1,105794
4770337047455,false,תחליף גבינה רוסייסקי,,,תחליף גבינה רוסייסקי 150 גר,גרמים,150.00,100 גרם,false,1,11.90,7.9333,true,1,105795
4770337047530,false,תחליף גבינה סבליה 24,,,תחליף גבינה סבליה 240 גר,גרמים,240.00,100 גרם,false,1,17.90,7.4583,true,1,115651
4770337048124,false,תחליף גבינה דברו 240,,,תחליף גבינה דברו 240 גר,גרמים,240.00,100 גרם,false,1,17.90,7.4583,true,1,120533
4770337048131,false,תחליף גבינה רוסייסקי,,,תחליף גבינה רוסייסקי 240 גר,גרמים,240.00,100 גרם,false,1,17.90,7.4583,true,1,120534
4770337048377,false,גבינה אולד וילנוס 27,,,גבינה אולד וילנוס 27.5% פרוסות 150 גר,גרמים,150.00,100 גרם,false,1,17.90,11.9333,true,1,137871
4770337048797,false,גבינה אמנטל 27% פרוס,,,גבינה אמנטל 27% פרוסות 150 גר,גרמים,150.00,100 גרם,false,1,17.90,11.9333,true,1,137869
4770349231316,false,בירה הלס בורג 5% פח,,,בירה הלס בורג 5% פח 500 מל,מיליליטרים,500.00,"100 מ""ל",false,1,6.90,1.3800,true,1,141263
4770583213727,false,מיונז פרבונסל 430 גר,KEDANEYSKI KONSERVNY,,מיונז פרבונסל 450 גר,גרמים,430.00,100 גרם,false,1,12.90,3.0000,true,1,43509
4770583219194,false,כרוב עם חמוציות 900,KEDANEYSKI KONSERVNY,,"כרוב עם חמוציות 900 מ""ל",מיליליטרים,900.00,"100 מ""ל",false,8,17.90,1.9889,true,1,116685
4770583228219,false,ממרח סלמון בטעם לימו,,,ממרח סלמון בטעם לימון 280 גר,גרמים,280.00,100 גרם,false,1,17.90,6.3929,true,1,139786
4770583228226,false,ממרח סלמון בטעם מתוב,,,ממרח סלמון בטעם מתובל 280 גר,גרמים,280.00,100 גרם,false,1,17.90,6.3929,true,1,139787
4770583228233,false,ממרח סלמון בטעם פיקנ,,,ממרח סלמון בטעם פיקנטי 280 גר,גרמים,280.00,100 גרם,false,1,17.90,6.3929,true,1,139788
4771033017070,false,בגט צרפתי אפוי למחצה,סיא בוגה,,בגט צרפתי אפוי למחצה עם חמאה ושום 175 גר,גרמים,175.00,100 גרם,false,1,10.90,6.2286,true,1,128250
4771632000350,false,חליטת תה פירות יער א,,,חליטת תה פירות יער ארומה 20 שק 40 גר,גרמים,40.00,100 גרם,false,,9.90,24.7500,true,1,140017
4771632000367,false,חליטת תה פטל ותות אר,,,חליטת תה פטל ותות ארומה 20 שק 40 גר,גרמים,40.00,100 גרם,false,,9.90,24.7500,true,1,140018
4771632000374,false,חליטת תה פירות אקזוט,,,חליטת תה פירות אקזוטיים ארומה 20 שק 40 ג,גרמים,40.00,100 גרם,false,,9.90,24.7500,true,1,140020
4771632000398,false,חליטת תה אפרסק ומנגו,,,חליטת תה אפרסק ומנגו ארומה 20 שק 40 גר,גרמים,40.00,100 גרם,false,,9.90,24.7500,true,1,140019
4771632086859,false,קפה טחון ארומה גולד,,,קפה טחון ארומה גולד בשקית 80 גר,גרמים,80.00,100 גרם,false,24,7.90,9.8750,true,1,109559
4779020987689,false,כבד שיבוט 240 גר,,,כבד שיבוט 240 גר,גרמים,240.00,100 גרם,false,1,19.90,8.2917,true,1,140201
4779027471143,false,חטיף גבינה לבנה בטעם,,,חטיף גבינה לבנה בטעם חלב מרוכז 43 גר,גרמים,43.00,100 גרם,false,,3.90,9.0698,true,1,140817
4779027471167,false,חטיף גבינה לבנה בטעם,,,חטיף גבינה לבנה בטעם קרם ברולה 43 גר,גרמים,43.00,100 גרם,false,,3.90,9.0698,true,1,140819
4779027471181,false,חטיף גבינה לבנה במיל,,,חטיף גבינה לבנה במילוי דובדבנים 43 גר,גרמים,43.00,100 גרם,false,,3.90,9.0698,true,1,140820
4779031277830,false,פיצה מנטינגה 3 גבינו,MANTINGA,,פיצה מנטינגה 3 גבינות נפולטנה 305 גר,גרמים,305.00,100 גרם,false,1,20.90,6.8525,true,1,128102
4779031278738,false,פיצה מנטינגה 3 גבינו,MANTINGA,,פיצה מנטינגה 3 גבינות נפולטנה פטריות 315,גרמים,315.00,100 גרם,false,1,20.90,6.6349,true,1,134069
4779036871743,false,גלידת שמנת בטעם בננה,,,גלידת שמנת בטעם בננה בגביע 75 גר,גרמים,75.00,100 גרם,false,1,5.90,7.8667,true,1,139849
4779036871750,false,גלידת שמנת בטעם מסטי,,,גלידת שמנת בטעם מסטיק בגביע 75 גר,גרמים,75.00,100 גרם,false,1,5.90,7.8667,true,1,139851
4779036940852,false,עוגיות שוקו גריבוצקי,קאן אגריטך פרייבט למ,,עוגיות שוקו גריבוצקי,Unknown,0.00,Unknown,false,1,5.90,0.0000,true,1,140079
4779036941149,false,עוגיות גריבוצקי 170,,,עוגיות גריבוצקי 170 גר,גרמים,170.00,100 גרם,false,1,11.90,7.0000,true,1,140498
4779038723033,false,וופל מגולגל במילוי ב,,,וופל מגולגל במילוי בטעם וניל 120 גר,גרמים,120.00,100 גרם,false,1,8.90,7.4167,true,1,142110
4780030111308,false,עגבניות בחומץ 720 מל,,,עגבניות בחומץ 720 מל,מיליליטרים,720.00,"100 מ""ל",false,1,12.90,1.7917,true,1,141676
4780030111315,false,עגבניות שרי בחומץ 72,,,עגבניות שרי בחומץ 720 מל,מיליליטרים,720.00,"100 מ""ל",false,1,12.90,1.7917,true,1,141677
4780030690063,false,עגבניות שרי ומלפפוני,,,עגבניות שרי ומלפפונים בחומץ 720 מל,מיליליטרים,720.00,"100 מ""ל",false,1,14.90,2.0694,true,1,141679
4780030690292,false,מלפפונים בחומץ שום ש,,,מלפפונים בחומץ שום שמיר 720 מל,מיליליטרים,720.00,"100 מ""ל",false,1,13.90,1.9306,true,1,141674
4780030690339,false,מלפפונים בחומץ שום ש,,,מלפפונים בחומץ שום שמיר 720 מל,מיליליטרים,720.00,"100 מ""ל",false,1,15.90,2.2083,true,1,141673
4780030690346,false,מלפפונים בחומץ שום ש,,,מלפפונים בחומץ שום שמיר 1000 מל,מיליליטרים,1000.00,"100 מ""ל",false,1,15.90,1.5900,true,1,141675
4780030690360,false,עגבניות ומלפפונים בח,,,עגבניות ומלפפונים בחומץ 2 ל,ליטרים,2.00,ליטר,false,1,32.90,16.4500,true,1,141678
4780037060098,false,ממרח קישואים 500 מל,,,ממרח קישואים 500 מל,מיליליטרים,500.00,"100 מ""ל",false,1,12.90,2.5800,true,1,141681
4780047500010,false,לפתן דובדבנים 1 ל,,,לפתן דובדבנים 1 ל,ליטרים,1.00,ליטר,false,1,16.90,16.9000,true,1,141692
4780047500041,false,לפתן פירות אסורטי 1,,,לפתן פירות אסורטי 1 ל,ליטרים,1.00,ליטר,false,1,16.90,16.9000,true,1,141693
4780047500409,false,תערובת ירקות בחומץ 1,,,תערובת ירקות בחומץ 1 ל,ליטרים,1.00,ליטר,false,1,19.90,19.9000,true,1,141687
4780047500515,false,עלי גפן טריים מעוכרי,,,עלי גפן טריים מעוכרים  1 ל,ליטרים,1.00,ליטר,false,1,16.90,16.9000,true,1,141688
4780047500546,false,פלפל דונגני בחומץ 1,,,פלפל דונגני בחומץ 1 ל,ליטרים,1.00,ליטר,false,1,19.90,19.9000,true,1,141689
4780047500584,false,מלפפונים בחומץ 1 ל,,,מלפפונים בחומץ 1 ל,ליטרים,1.00,ליטר,false,1,16.90,16.9000,true,1,141686
4780047500683,false,שום בחומץ 720 גר,,,שום בחומץ 720 גר,גרמים,720.00,100 גרם,false,1,19.90,2.7639,true,1,141685
4780047500799,false,פלפל חריף בחומץ 320,,,פלפל חריף בחומץ 320 גר,גרמים,320.00,100 גרם,false,1,12.90,4.0313,true,1,141684
4780047500843,false,לפתן שזיפים 1 ל,,,לפתן שזיפים 1 ל,ליטרים,1.00,ליטר,false,1,16.90,16.9000,true,1,141691
4780048900819,false,כמון שלם 45 גר,,,כמון שלם 45 גר,גרמים,45.00,100 גרם,false,1,16.90,37.5556,true,1,139552
4780048901311,false,ברבריס 25 גר,,,ברבריס 25 גר,גרמים,25.00,100 גרם,false,1,14.90,59.6000,true,1,139551
4780100580065,false,עלי תה ירוק סיני מעי,יוטי פקטורי,,"תה מעיין ירוק 200 ג""",גרמים,200.00,100 גרם,false,1,15.90,7.9500,true,1,43553
4780112260016,false,מיקס פירות יבשים לקו,,,מיקס פירות יבשים לקומפוט 400 גר,גרמים,400.00,100 גרם,false,1,17.90,4.4750,true,1,141694
4791021001096,false,תה סגול עטוף 100 שק,IMPRA,,"תה סגול עטוף 100יח""",גרמים,200.00,100 גרם,false,1,22.90,11.4500,true,1,43572
4791021001836,false,תה סגול 25 שק,IMPRA,,תה סגול 25 שק,Unknown,0.00,Unknown,false,1,6.90,0.0000,true,1,50555
4791021002574,false,תה ארל גריי 250 גר,IMPRA,,"תה ""ארל גריי"" 250 ג""",גרמים,250.00,100 גרם,false,1,35.90,14.3600,true,1,43574
4791021002789,false,תה ירוק אימפרה 100 ש,IMPRA,,תה ירוק אימפרה 100 ש,גרמים,200.00,100 גרם,false,1,22.90,11.4500,true,1,43576
4791021003397,false,תה אימפרה שחור פירות,IMPRA,,"תה ""מתנה"" שחור פירות",גרמים,160.00,100 גרם,false,1,29.90,18.6875,true,1,43577
4791021003588,false,תה אימפרה צהוב 100 ש,IMPRA,,תה אימפרה צהוב 100 ש,גרמים,150.00,100 גרם,false,1,11.90,7.9333,true,1,43578
4791021004110,false,תה רויאל 25 שק,IMPRA,,תה רויאל 25 שק,Unknown,0.00,Unknown,false,1,5.90,0.0000,true,1,50556
4791021004608,false,תה ירוק יסמין 100 שק,IMPRA,,תה ירוק יסמין 2גר 10,גרמים,200.00,100 גרם,false,1,22.90,11.4500,true,1,43585
4791021004615,false,תה ירוק בטעמי פירות,IMPRA,,"תה ""מתנה"" ירוק פירות",גרמים,160.00,100 גרם,false,1,29.90,18.6875,true,1,43586
4791021006930,false,תה ירוק אימפרה 250 ג,IMPRA,,תה ירוק אימפרה 250 ג,גרמים,250.00,100 גרם,false,1,11.90,4.7600,true,1,43591
4791021008248,false,תה ירוק 250 גר,IMPRA,,"תה ירוק 250 ג""ר",גרמים,250.00,100 גרם,false,1,35.90,14.3600,true,1,43592
4791021009047,false,תה חלומות פלא 100 שק,IMPRA,,תה חלומות פלא 100 שק,גרמים,200.00,100 גרם,false,1,22.90,11.4500,true,1,43594
4791021009054,false,תה אנגלי 100 שק,IMPRA,,"תה אנגלי 100 שק""",גרמים,200.00,100 גרם,false,1,22.90,11.4500,true,1,43595
4791021012504,false,תה אימפרה אדום 250 ג,IMPRA,,תה אימפרה אדום 250 ג,גרמים,250.00,100 גרם,false,1,17.90,7.1600,true,1,43597
4791021112501,false,תה קלאסיק פיל 250 גר,IMPRA,,"תה קלאסיק פיל 250 ג""",גרמים,250.00,100 גרם,false,1,17.90,7.1600,true,1,43599
4791021904861,false,תה ירוק גינגר 30 שק,IMPRA,,"תה ירוק ג""ינג""ר 30שק",גרמים,50.00,100 גרם,false,1,11.90,23.8000,true,1,43605
4791021917595,false,תה ארל גריי 250 גר,IMPRA,,תה ארל גריי 250 גר,גרמים,250.00,100 גרם,false,1,15.90,6.3600,true,1,50559
4791021944720,false,תה ארל גריי ספיישל 1,IMPRA,,תה ארל גריי ספיישל 200 גר,גרמים,200.00,100 גרם,false,1,22.90,11.4500,true,1,115541
4791021947592,false,תה רויאל 100 שק * 15,IMPRA,,תה רויאל 100 שק * 15 גר,גרמים,150.00,100 גרם,false,18,14.90,9.9333,true,1,124062
4791045001539,false,תה הייליס אריסטוקרט,,,"תה ""הייליס אריסטוקרט",גרמים,250.00,100 גרם,false,1,19.90,7.9600,true,1,43610
4791045001560,false,תה הייליס ברקפסט 150,,,תה הייליס ברקפסט 150 גר,גרמים,150.00,100 גרם,false,1,22.90,15.2667,true,1,43611
4791045001874,false,תה אריסטוקרט 100 שק,,,תה אריסטוקרט 100 שק,גרמים,200.00,100 גרם,false,1,22.90,11.4500,true,1,69908
4791045002154,false,תה שחור רויאל 100 גר,,,"תה שחור ""רויאל"" 100",גרמים,100.00,100 גרם,false,1,22.90,22.9000,true,1,43616
4791045002536,false,תה אנגלי 230 גר,,,"תה אנגלי 230 ג""ר",גרמים,230.00,100 גרם,false,1,24.90,10.8261,true,1,43618
4791045002611,false,תה הייליס אריסטוקרט,,,תה הייליס אריסטוקרט 300גר,גרמים,300.00,100 גרם,false,1,34.90,11.6333,true,1,80053
4791045006572,false,תה ירוק 100 שק,,,תה ירוק 100 שק,גרמים,200.00,100 גרם,false,1,22.90,11.4500,true,1,43635
4791045010937,false,תה ארל גריי 250 גר,,,"תה ""ארל גריי"" 250 גר",גרמים,250.00,100 גרם,false,1,24.90,9.9600,true,1,49775
4791045011361,false,תה שחור הייליס ארל ג,,,תה שחור הייליס ארל גרי 100שק,גרמים,200.00,100 גרם,false,1,25.90,12.9500,true,1,80083
4791045018179,false,תה היליס מילק אולונג,אוזרסקי סובניר,,תה היליס מילק אולונג 100 גר,גרמים,100.00,100 גרם,false,1,29.90,29.9000,true,1,122450
4791045019787,false,תה היליס אריסטוקרט פ,,,תה היליס אריסטוקרט פח 100 גר,גרמים,100.00,100 גרם,false,1,24.90,24.9000,true,1,139674
4791045024064,false,תה היליס  ארל גריי פ,,,תה היליס  ארל גריי פח 100 גר,גרמים,100.00,100 גרם,false,1,24.90,24.9000,true,1,139675
4791045024071,false,תה היליס ירוק יסמין,,,תה היליס ירוק יסמין פח 100 גר,גרמים,100.00,100 גרם,false,1,24.90,24.9000,true,1,139676
4792252001107,false,תה שחור פירות אסורטי,בסילר,,תה שחור פירות הקסם 20 שקי,גרמים,40.00,100 גרם,false,12,19.90,49.7500,true,1,51418
4792252001114,false,תה ספיישל קלאסיק ארל,בסילר,,תה שחור שמן ברגמות 20 שקי,Unknown,0.00,Unknown,false,1,18.90,0.0000,true,1,51419
4792252001169,false,תה ירוק איסלנד בסילו,בסילר,,"תה ירוק ""סנצ""ה"" 100 גר",גרמים,100.00,100 גרם,false,24,19.90,19.9000,true,1,51422
4792252002074,false,תה שחור תות קיווי בס,בסילר,,תה שחור תות קיווי  20 שקי,גרמים,40.00,100 גרם,false,12,18.90,47.2500,true,1,51427
4792252007222,false,תה סיזון חורפי בסילו,בסילר,,תה שחור חמוציות 100 שק,גרמים,200.00,100 גרם,false,12,39.90,19.9500,true,1,51437
4792252100060,false,תה ציילון אובה בסילו,בסילור,,תה ציילון אובה 100 גר,גרמים,100.00,100 גרם,false,24,19.90,19.9000,true,1,96511
4792252100343,false,תה שחור תות קיווי בס,בסילר,,תה שחור תות קיווי 100 גר,גרמים,100.00,100 גרם,false,24,23.90,23.9000,true,1,51440
4792252100398,false,תה סיזון חורפי בסילו,בסילר,,תה שחור חמוציות 100 גר,גרמים,100.00,100 גרם,false,24,19.90,19.9000,true,1,51443
4792252100695,false,תה איסלנד גולד 20 שק,בסילר,,"תה שחור ""גולד"" 20 שקי",גרמים,40.00,100 גרם,false,12,18.90,47.2500,true,1,51453
4792252915503,false,תה בסילור סזון אוסני,בסילר,,"תה ""בזילור"" סזון אוסני 100 גר",גרמים,100.00,100 גרם,false,24,19.90,19.9000,true,1,55310
4792252916227,false,תה בסילור סזון אסורט,בסילר,,"תה ""בזילור"" סזון אסורטי 20 שק",גרמים,35.00,100 גרם,false,12,19.90,56.8571,true,1,55314
4792252920705,false,תה בליסור ספישל קלאס,בליסור,,תה בליסור ספישל קלאסיק ארל גריי 100 גר,גרמים,100.00,100 גרם,false,1,23.90,23.9000,true,1,111142
4792252922747,false,תה ספיישל קלאסי ארל,,,תה ספיישל קלאסי ארל גריי,גרמים,200.00,100 גרם,false,1,41.90,20.9500,true,1,118926
4792252922792,false,תה בליסור חרבל קמומי,בליסור,,תה בליסור חרבל קמומיל 20 שק,גרמים,24.00,100 גרם,false,1,15.90,66.2500,true,1,111147
4792252925922,false,תה איסלנד ספיישל 100,בסילור,,תה איסלנד ספיישל 100 גר,גרמים,200.00,100 גרם,false,12,35.90,17.9500,true,1,96529
4792252925939,false,תה איסלנד גולד 200 ג,בסילור,,תה איסלנד גולד 100 גר,גרמים,200.00,100 גרם,false,12,35.90,17.9500,true,1,96530
4792252927308,false,תה בליסור פרסונל פרו,בליסור,,תה בליסור פרסונל פרוט שופ  100 גר,גרמים,100.00,100 גרם,false,1,23.90,23.9000,true,1,111143
4792252937628,false,תה סין חלב אולונג 10,,,תה סין חלב אולונג 100 גר,גרמים,100.00,100 גרם,false,1,23.90,23.9000,true,1,118933
4798810000896,false,תה ירוק אנונה עם ניצ,טורלטון,,תה ירוק אנונה עם ניצני פח 250 גר,גרמים,250.00,100 גרם,false,1,39.90,15.9600,true,1,72994
4800888150080,false,דאודורנט דאב רול און,יוניליוור  פיליפינים,,"דאודורנט ""דאב"" רול און מלפפונים 50 גר",גרמים,50.00,100 גרם,false,1,15.90,31.8000,true,1,52218
4800888219510,false,דאודורנט דאב סטיק מל,יוניליוור  פיליפינים,,דאודורנט דאב סטיק מלפפון 50 גר,גרמים,50.00,100 גרם,false,1,15.90,31.8000,true,1,139764
4800888219534,false,דאודורנט דאב סטיק או,יוניליוור  פיליפינים,,דאודורנט דאב סטיק אוריגינל 50 גר,גרמים,50.00,100 גרם,false,1,15.90,31.8000,true,1,139765
4809014001029,false,אטריות קנטון 454 גר,,,אטריות קנטון 454 גר,גרמים,454.00,100 גרם,false,15,29.90,6.5859,true,1,104171
4810014018412,false,בירה קריניצה זיגולוב,,,בירה קריניצה זיגולובסקויה אוסובויה פח,מיליליטרים,450.00,"100 מ""ל",false,24,6.90,1.5333,true,1,130150
4810014018559,false,בירה קריניצה קלאסיצנ,או.או.או. קריניצה,,בירה קריניצה קלאסיצנה פח 450 מל,מיליליטרים,450.00,"100 מ""ל",false,24,6.90,1.5333,true,1,132573
4810014018658,false,קוואס סטארוזיטני 1.4,,,קוואס סטארוזיטני 1.4 ל,ליטרים,1.40,ליטר,false,1,15.90,11.3571,true,1,142613
4810014019808,false,קוואס סטארוזיטני לא,,,קוואס סטארוזיטני לא מסונן 1.4 ל,ליטרים,1.40,ליטר,false,1,15.90,11.3571,true,1,142614
4810067007852,false,עוגיות ספרטק בצורת ח,SPARTAK,,עוגיות ספרטק בצורת חיות 450 גר,גרמים,450.00,100 גרם,false,1,14.90,3.3111,true,1,108302
4810077001710,false,גלטין בקר 50 גר,,,גלטין בקר 50 גרם,גרמים,50.00,100 גרם,false,1,9.90,19.8000,true,1,134103
4810108007506,false,חלב מרוכז 380 גר,,,חלב מרוכז 380 גר,גרמים,380.00,100 גרם,false,1,14.90,3.9211,true,1,127419
4810168000011,false,פילה דג הרינג מלוח מ,,,פילה דג הרינג מלוח מצונן 250 גר,גרמים,250.00,100 גרם,false,1,13.90,5.5600,true,1,70001
4810168000066,false,פילה דג הרינג מלוח מ,,,דג מטיאס מתובל 250 גר,גרמים,250.00,100 גרם,false,1,13.90,5.5600,true,1,72661
4810168000103,false,פילה דג הרינג מלוח מ,,,דג מטיאס מעושן 250 גר,גרמים,250.00,100 גרם,false,1,13.90,5.5600,true,1,72670
4810168000998,false,חתיכות פילה דג הרינג,,,חתיכות פילה דג הרינג מלוח מצונן עם בצל,גרמים,260.00,100 גרם,false,1,17.90,6.8846,true,1,80672
4810168001056,false,חתיכות פילה דג הרינג,,,חתיכות פילה דג הרינג מלוח מצונן 260 גר,גרמים,260.00,100 גרם,false,1,17.90,6.8846,true,1,72672
4810168001933,false,מקלות סורימי בטעם סר,,,מקלות סורימי בטעם סרטן 200 גרם,גרמים,200.00,100 גרם,false,1,6.90,3.4500,true,1,134095
4810168001964,false,נתחי סורימי בטעם סרט,,,נתחי סורימי בטעם סרטן 200 גרם,גרמים,200.00,100 גרם,false,1,6.90,3.4500,true,1,134096
4810168004132,false,ביצי דג טרוטונית אטל,,,ביצי דג טרוטונית אטלנטי מומלח מצונן 180,גרמים,180.00,100 גרם,false,1,15.90,8.8333,true,1,72664
4810168004149,false,ביצי דג טרוטונית אטל,,,ביצי דג טרוטונית אטלנטי מעושן מצונן 180,גרמים,180.00,100 גרם,false,1,15.90,8.8333,true,1,72665
4810168004156,false,ביצי דג טרוטונית אטל,,,ביצי דג טרוטונית אטלנטי עם סלמון מעושן,גרמים,180.00,100 גרם,false,1,15.90,8.8333,true,1,72666
4810168011017,false,סורימי בטעם סרטן 150,,,סורימי בטעם סרטן 150 גר,גרמים,150.00,100 גרם,false,1,9.90,6.6000,true,1,142704
4810168016104,false,ביצי דג טרוטונית אטל,,,ביצי דג טרוטונית אטלנטי עם הסילונים 180,גרמים,180.00,100 גרם,false,1,15.90,8.8333,true,1,72668
4810168018795,false,חתיכות פילה דג הרינג,,,חתיכות פילה דג הרינג מלוח מצונן 200 גר,גרמים,200.00,100 גרם,false,1,13.90,6.9500,true,1,72671
4810168019051,false,חתיכות פילה הרינג מל,,,חתיכות פילה דג הרינג מלוח מצונן עם תבלי,גרמים,200.00,100 גרם,false,1,13.90,6.9500,true,1,120089
4810168020309,false,אצות ים מוחמצות 150,,,אצות ים מוחמצות 150 גר,גרמים,150.00,100 גרם,false,1,6.90,4.6000,true,1,70020
4810168020330,false,אצות ים מוחמצות עם פ,,,אצות ים מוחמצות עם פטריות 150 גר,גרמים,150.00,100 גרם,false,1,6.90,4.6000,true,1,70021
4810168020361,false,אצות ים מוחמצות עם ח,,,אצות ים מוחמצות עם חצילים 150 גר,גרמים,150.00,100 גרם,false,1,6.90,4.6000,true,1,70022
4810168020392,false,אצות ים מוחמצות עם ג,,,אצות ים מוחמצות עם גזר 150 גר,גרמים,150.00,100 גרם,false,1,6.90,4.6000,true,1,70023
4810168023478,false,סלט אצות ים צוקה 150,,,סלט אצות ים צוקה 150 גר,גרמים,150.00,100 גרם,false,1,14.90,9.9333,true,1,142703
4810168024260,false,ביצי דג שיבוט מומלח,,,ביצי דג שיבוט מומלח מצונן 130 גר,גרמים,130.00,100 גרם,false,1,15.90,12.2308,true,1,76814
4810168024512,false,חתיכות פילה דג הרינג,,,חתיכות פילה דג הרינג מלוח מצונן עם תבלין,גרמים,260.00,100 גרם,false,1,17.90,6.8846,true,1,72673
4810168025793,false,ביצי דג זהבנון מומלח,,,ביצי דג זהבנון מומלח מצונן 130 גר,גרמים,130.00,100 גרם,false,1,15.90,12.2308,true,1,76813
4810168031794,false,ביצי דג הרינג אטלנטי,,,ביצי דג הרינג אטלנטי מומלח מצונן 110 גר,גרמים,110.00,100 גרם,false,1,15.90,14.4545,true,1,80697
4810168035785,true,ממרח עם קריל מצונן 1,,,ממרח עם קריל מצונן 150 גר,גרמים,150.00,100 גרם,false,,14.90,9.9333,true,1,121030
4810168035792,true,ממרח עם קריל מעושן מ,,,ממרח עם קריל מעושן מצונן 150 גר,גרמים,150.00,100 גרם,false,,14.90,9.9333,true,1,121031
4810168035808,true,ממרח עם קריל ברוטב ש,,,ממרח עם קריל ברוטב שמנת ושום 150 גר,גרמים,150.00,100 גרם,false,,14.90,9.9333,true,1,121032
4810168037888,true,גלידת פלומביר אסקימו,,,גלידת פלומביר אסקימו עם אגוזי לוז,גרמים,65.00,100 גרם,false,42,5.90,9.0769,true,1,96861
4810168038250,false,גלידה אסקימו יוקי חל,,,"גלידה אסקימו ""יוקי"" חלב ציפורים 65 גר",גרמים,65.00,100 גרם,false,1,5.90,9.0769,true,1,97907
4810168038267,false,גלידה פלומביר אסקימו,,,"גלידה פלומביר אסקימו ""יוקי"" 65 גר",גרמים,65.00,100 גרם,false,1,5.90,9.0769,true,1,97322
4810168038977,false,גלידה פלומביר יוקי ב,,,גלידה פלומביר יוקי בכוס 75 גר,גרמים,75.00,100 גרם,false,1,5.90,7.8667,true,1,108850
4810168038984,false,גלידת פלומביר יוקי ב,,,"גלידת פלומביר ""יוקי"" בריקט 80 גר",גרמים,80.00,100 גרם,false,1,5.90,7.3750,true,1,97909
4810168038991,false,גלידת פלומביר יוקי ש,,,"גלידת פלומביר ""יוקי""  שוקולד בגביע 75 גר",גרמים,75.00,100 גרם,false,1,5.90,7.8667,true,1,97906
4810168039004,false,גלידת פלומביר יוקי מ,,,"גלידת פלומביר ""יוקי"" משפחתית 400 גר",גרמים,400.00,100 גרם,false,1,23.90,5.9750,true,1,97910
4810168045098,false,גלידה קרם ברולה פלומ,santa bremor,,גלידה קרם ברולה פלומביר בכוס יוקי 70 גר,גרמים,70.00,100 גרם,false,52,5.90,8.4286,true,1,116190
4810168045432,false,גלידת אסקימו יוקי טר,santa bremor,,גלידת  אסקימו יוקי טרופל 65 גר,גרמים,65.00,100 גרם,false,1,5.90,9.0769,true,1,115068
4810168047351,false,בצק עלים מרודד מוקפא,,,בצק עלים מרודד מוקפא 450 גר,גרמים,450.00,100 גרם,false,1,8.90,1.9778,true,1,133805
4810168047368,false,בצק שמרים עלים מרודד,,,בצק שמרים עלים מרודד מוקפא 450 גר,גרמים,450.00,100 גרם,false,1,8.90,1.9778,true,1,133806
4810168049966,false,בלינצס במילוי דובדבן,,,בלינצס במילוי דובדבן מוקפא 360 גר,גרמים,360.00,100 גרם,false,1,12.90,3.5833,true,1,133800
4810168051396,false,בצק שמרים מרודד מוקפ,,,בצק שמרים מרודד מוקפא 450 גר,גרמים,450.00,100 גרם,false,1,6.90,1.5333,true,1,133804
4810168051570,false,בלינצס במילוי תפוע ו,,,"בלינצס במילוי תפו""ע וקינמון 360 גר",גרמים,360.00,100 גרם,false,1,12.90,3.5833,true,1,133802
4810168052270,false,עלי בלינצס מוקפאים 3,,,עלי בלינצס מוקפאים 320 גר,גרמים,320.00,100 גרם,false,1,9.90,3.0938,true,1,133803
4810168053031,false,גלידה פלומביר יוקי ב,,,גלידה פלומביר יוקי בריקט שוקולד 80 גר,גרמים,80.00,100 גרם,false,1,5.90,7.3750,true,1,128995
4810168055004,false,כיסונים במילוי אוכמנ,,,כיסונים במילוי אוכמניות כחולות 450 גר,גרמים,450.00,100 גרם,false,1,18.90,4.2000,true,1,133791
4810168055011,false,כיסונים במילוי גבינת,,,כיסונים במילוי גבינת טבורוג מוקפא 450 ג,גרמים,450.00,100 גרם,false,1,14.90,3.3111,true,1,133794
4810168055028,false,כיסונים במילוי דובדב,,,כיסונים במילוי דובדבנים מוקפא 450 גר,גרמים,450.00,100 גרם,false,1,18.90,4.2000,true,1,133792
4810168055035,false,כיסונים במילוי טבורו,,,כיסונים במילוי טבורוג וצימוקים 450 גר,גרמים,450.00,100 גרם,false,1,14.90,3.3111,true,1,133831
4810168055042,false,כיסונים במילוי פטל מ,,,כיסונים במילוי פטל מוקפא 450 גר,גרמים,450.00,100 גרם,false,1,18.90,4.2000,true,1,133793
4810168055059,false,כיסונים במילוי גבינת,,,כיסונים במילוי גבינת ריקוטה ותרד 450 גר,גרמים,450.00,100 גרם,false,1,18.90,4.2000,true,1,133790
4810168055066,false,כיסונים במילוי תפוא,,,"כיסונים במילוי תפו""א ופטריות 450 גר",גרמים,450.00,100 גרם,false,1,11.90,2.6444,true,1,133796
4810168055073,false,כיסונים במילוי תפוא,,,"כיסונים במילוי תפו""א ובצל 450 גר",גרמים,450.00,100 גרם,false,1,11.90,2.6444,true,1,133797
4810168055080,false,כיסונים במילוי כרוב,,,כיסונים במילוי כרוב ופטריות 450 גר,גרמים,450.00,100 גרם,false,1,11.90,2.6444,true,1,133798
4810168055165,false,לביבות גבינת טבורוג,,,לביבות גבינת טבורוג מוקפא 450 גר,גרמים,450.00,100 גרם,false,1,18.90,4.2000,true,1,133789
4810168055875,false,חתיכות פילה הרינג מת,,,חתיכות פילה הרינג מתובל מלוח בשמן 1.2 קג,קילוגרמים,1.20,"ק""ג",false,1,39.90,33.2500,true,1,135006
4810168055882,false,חתיכות פילה דג הרינג,,,חתיכות פילה דג הרינג מומלח בשמן 1.2 קג,קילוגרמים,1.20,"ק""ג",false,1,39.90,33.2500,true,1,135005
4810168055899,false,פילה דג הרינג מומלח,,,פילה דג הרינג מומלח בשמן מצונן 1.2 קג,קילוגרמים,1.20,"ק""ג",false,1,39.90,33.2500,true,1,135003
4810168055905,false,פילה דג הרינג סקנדינ,,,פילה דג הרינג סקנדינבי מומלח בשמן 1.2 קג,קילוגרמים,1.20,"ק""ג",false,1,39.90,33.2500,true,1,135004
4810168056964,false,בלינצס במילוי ממרח ק,,,בלינצס במילוי ממרח קקאו אגוזי לוז 360 גר,גרמים,360.00,100 גרם,false,6,12.90,3.5833,true,1,136507
4810168057435,false,חתיכות פילה דג הרינג,,,חתיכות פילה דג הרינג מלוח בשמן 400 גר,גרמים,400.00,100 גרם,false,1,26.90,6.7250,true,1,136397
4810168057510,false,חתיכות פילה דג הרינג,,,חתיכות פילה דג הרינג מלוח בשמן 400 גר,גרמים,400.00,100 גרם,false,1,26.90,6.7250,true,1,137488
4810168058548,false,חתיכות פילה דג הרינג,,,חתיכות פילה דג הרינג מלוח בשמן 1.2 קג,קילוגרמים,1.20,"ק""ג",false,1,39.90,33.2500,true,1,137487
4810168058975,false,חתיכות פילה הרינג סק,,,חתיכות פילה הרינג סקנדינבי מצונן 260 גר,גרמים,260.00,100 גרם,false,1,17.90,6.8846,true,1,141168
4810168058982,false,חתיכות פילה הרינג סק,,,חתיכות פילה הרינג סקנדינבי בשמן 400 גר,גרמים,400.00,100 גרם,false,1,26.90,6.7250,true,1,141167
4810168058999,false,פילה דג הרינג סקנדינ,,,פילה דג הרינג סקנדינבי מלוח מצונן 250 גר,גרמים,250.00,100 גרם,false,10,13.90,5.5600,true,1,139892
4810168061142,false,בסיגנון קוויאר כדורי,פירסט קוואליטי תרייד,,בסיגנון קוויאר כדורי סלמון ופורל 230 גר,גרמים,230.00,100 גרם,false,1,14.90,6.4783,true,1,142701
4810168061159,false,בסיגנון קוויאר כדורי,פירסט קוואליטי תרייד,,בסיגנון קוויאר כדורי סלמון ופורל 230 גר,גרמים,230.00,100 גרם,false,1,14.90,6.4783,true,1,142702
4810206006968,false,גלידה שמנת בטעם וניל,Belgorodskiy hladoco,,גלידה שמנת בטעם וניל בקקאו 70 ג,גרמים,70.00,100 גרם,false,1,5.90,8.4286,true,1,137095
4810268027345,false,טבורוג קלאסי 9% סבוש,,,טבורוג קלאסי 9% סבושקין 300 גר,גרמים,300.00,100 גרם,false,1,21.90,7.3000,true,1,138027
4810268028847,false,טבורוג זרניסטי סבושק,,,טבורוג זרניסטי סבושקין 350 גר,גרמים,350.00,100 גרם,false,1,15.90,4.5429,true,1,138022
4810268028908,false,טבורוג זרניסטי 9% סב,,,טבורוג זרניסטי 9% סבושקין 350 גר,גרמים,350.00,100 גרם,false,1,24.90,7.1143,true,1,138026
4810268030178,false,טבורוג קלאסי 5% סבוש,,,טבורוג קלאסי 5% סבושקין 300 גר,גרמים,300.00,100 גרם,false,1,13.90,4.6333,true,1,138025
4810268036439,false,טבורוג זרניסטי 5% סב,,,טבורוג זרניסטי 5% סבושקין 700 גר,גרמים,700.00,100 גרם,false,1,26.90,3.8429,true,1,138023
4810268041907,false,טבורוג קלאסי 5% סבוש,,,טבורוג קלאסי 5% סבושקין 200 גר,גרמים,200.00,100 גרם,false,1,9.90,4.9500,true,1,138024
4810268041914,false,טבורוג קלאסי 9% סבוש,,,טבורוג קלאסי 9% סבושקין 200 גר,גרמים,200.00,100 גרם,false,1,15.90,7.9500,true,1,138028
4810278003995,false,חליטת פירות וצמחים S,,,חליטת פירות וצמחים SWEET GINGER,Unknown,0.00,Unknown,false,1,10.90,0.0000,true,1,130090
4810278004008,false,חליטת פירות וצמחים O,,,חליטת פירות וצמחים ORANGE BERRY,Unknown,0.00,Unknown,false,1,10.90,0.0000,true,1,130089
4810285006743,false,קוואס לידסקיי כהה 1.,לידסקויה פיבו,,קוואס לידסקיי כהה 1.5 ל,ליטרים,1.50,ליטר,false,1,13.90,9.2667,true,1,100519
4810350000027,false,לחם מאסטר 700 גר,ארדי שיווק וסיטונאות,,לחם מאסטר 500 גר,גרמים,700.00,100 גרם,false,1,13.90,1.9857,true,1,43729
4810410024130,false,שוקולד מריר מילוי בט,קמונרקה,BY,שוקולד מריר מילוי בטעם גין 200 גר,גרמים,200.00,100 גרם,false,17,14.90,7.4500,true,1,129145
4810410024420,false,שוקולד מריר מילוי בט,קמונרקה,BY,שוקולד מריר מילוי בטעם חלב מרוכז 200 גר,גרמים,200.00,100 גרם,false,17,14.90,7.4500,true,1,129144
4810410046941,false,שוקולד חלב קומונרקה,קמונרקה,BY,שוקולד חלב קומונרקה לובימיה אליונקה 200,גרמים,200.00,100 גרם,false,17,14.90,7.4500,true,1,130149
4810410052294,false,שוקולד מריר מילוי בט,קמונרקה,BY,שוקולד מריר מילוי בטעם דובדבן 200 גר,גרמים,200.00,100 גרם,false,17,14.90,7.4500,true,1,129143
4810410054472,false,שוקולד מריר 68% קומו,קמונרקה,BY,שוקולד מריר 68% קומונרקה 200 גר,גרמים,200.00,100 גרם,false,17,14.90,7.4500,true,1,129142
4810410075293,false,שוקולד מריר קומונרקה,קמונרקה,BY,שוקולד מריר קומונרקה מילוי חמוציות 200 ג,גרמים,200.00,100 גרם,false,17,14.90,7.4500,true,1,130146
4810410075309,false,שוקולד מריר קומונרקה,קמונרקה,BY,שוקולד מריר קומונרקה מילוי משמש 200 גר,גרמים,200.00,100 גרם,false,17,14.90,7.4500,true,1,130145
4810410075316,false,שוקולד מריר קומונרקה,קמונרקה,BY,שוקולד מריר קומונרקה מילוי דומדומיות שחו,גרמים,200.00,100 גרם,false,17,14.90,7.4500,true,1,130147
4810410078027,false,שוקולד חלב קומונרקה,קמונרקה,BY,שוקולד חלב קומונרקה מילוי קרמל מלוח 200,גרמים,200.00,100 גרם,false,17,14.90,7.4500,true,1,130148
4811168003989,false,וודקה בולבש אוסוביה,,,"וודקה ""בולבש"" אוסוביה 0.7 ל",מיליליטרים,700.00,"100 מ""ל",false,1,59.90,8.5571,true,1,72702
4811222003962,false,קוואס חתני אמיתי 900,,,קוואס חתני אמיתי 900 מל,מיליליטרים,900.00,"100 מ""ל",false,1,10.90,1.2111,true,1,141052
4811222003979,false,קוואס חתני אמיתי 1.4,,,קוואס חתני אמיתי 1.4 ל,ליטרים,1.40,ליטר,false,1,14.90,10.6429,true,1,141054
4811222005393,false,קוואס חתני כהה 900 מ,,,קוואס חתני כהה 900 מל,מיליליטרים,900.00,"100 מ""ל",false,1,10.90,1.2111,true,1,141053
4811222005409,false,קוואס חתני כהה 1.4 ל,,,קוואס חתני כהה 1.4 ל,ליטרים,1.40,ליטר,false,1,14.90,10.6429,true,1,141055
4813538004275,false,נקטר סוצני אשכולית א,OASIS GROUP,,"נקטר ""סוצני"" אשכולית אדומה 1.950 ל",ליטרים,1.95,ליטר,false,1,24.90,12.7692,true,1,96727
4813538005500,false,נקטר סוצני מולטיויטמ,OASIS GROUP,,נקטר סוצני  מולטיויטמין 1.950 ל,ליטרים,1.95,ליטר,false,1,24.90,12.7692,true,1,106109
4813538005548,false,נקטר סוצני מולטיפרוק,OASIS GROUP,,"נקטר ""סוצני"" מולטיפרוקט 1.950 ל",ליטרים,1.95,ליטר,false,1,24.90,12.7692,true,1,104167
4813538006880,false,נקטר סוצני תפוח עץ 1,OASIS GROUP,,נקטר סוצני תפוח עץ 1.950 ל,ליטרים,1.95,ליטר,false,6,19.90,10.2051,true,1,142384
4815387001849,false,תה שחור פירות ועלי כ,MALBI CHOCOLATE,,תה שחור פירות ועלי כותרת פרחים אפרסק 80,גרמים,80.00,100 גרם,false,1,14.90,18.6250,true,1,142126
4815387001887,false,תה ירוק פירות ועלי כ,MALBI CHOCOLATE,,תה ירוק פירות ועלי כותרת פרחים פטל 80 גר,גרמים,80.00,100 גרם,false,1,14.90,18.6250,true,1,142124
4815387001931,false,תה צמחים עם פירות בנ,MALBI CHOCOLATE,,תה צמחים עם פירות בניחוח דובדבן 80 גר,גרמים,80.00,100 גרם,false,1,14.90,18.6250,true,1,142128
4815387002136,false,תה שחור דאלאי 60 שק,,,תה שחור דאלאי 60 שק,גרמים,104.00,100 גרם,false,1,29.90,28.7500,true,1,126053
4820000190954,false,בירה אובולון בהירה 5,OBOLON,,"בירה ""אובולון"" בהירה",מיליליטרים,500.00,"100 מ""ל",false,1,7.90,1.5800,true,1,43776
4820000190985,false,בירה אובולון פחית יר,OBOLON,,בירה אובולון ירוק בפ,מיליליטרים,500.00,"100 מ""ל",false,1,7.90,1.5800,true,1,43778
4820000191579,false,בירה אובולון בהירה 2,OBOLON,,"בירה ""אובולון"" בהירה",ליטרים,2.00,ליטר,false,1,21.90,10.9500,true,1,43781
4820000191586,false,בירה אובולון 1 ל,OBOLON,,בירה אובולון בהיר 1,מיליליטרים,1000.00,"100 מ""ל",false,1,11.90,1.1900,true,1,43782
4820000192101,false,בירה קלה בטעם לימון,OBOLON,,בירה קלה בטעם לימון 500 גר,גרמים,500.00,100 גרם,false,1,7.90,1.5800,true,1,55257
4820000192125,false,בירה קלה בטעם דובדבן,OBOLON,,בירה קלה בטעם דובדבן 500 מל,מיליליטרים,500.00,"100 מ""ל",false,1,7.90,1.5800,true,1,55256
4820000193238,false,בירה קלה בטעם פטל 50,OBOLON,,בירה קלה בטעם פטל 500 גר,גרמים,500.00,100 גרם,false,1,7.90,1.5800,true,1,55258
4820000195850,false,בירה זיגוליובסקויה 1,OBOLON,,בירה זיגוליובסקויה  1 לי,מיליליטרים,1000.00,"100 מ""ל",false,1,11.90,1.1900,true,1,73971
4820000195867,false,בירה זיגולובסקויה 2,OBOLON,,"בירה ""ז""יגולובסקויה""",ליטרים,2.00,ליטר,false,1,21.90,10.9500,true,1,43798
4820000196581,false,בירה זיגוליובסקויה 2,,,בירה זיגוליובסקויה 2.5 ל,ליטרים,2.50,ליטר,false,1,27.90,11.1600,true,1,109264
4820000453394,false,בירה סלבוטיץ 2 ל,,,בירה סלבוטיץ 2 ל,ליטרים,2.00,ליטר,false,1,20.90,10.4500,true,1,43814
4820000453998,false,בירה לביבסקה בהירה 2,קרלסברג אוקראינה,,בירה לביבסקה  בהירה 2.5 ל,ליטרים,2.50,ליטר,false,1,29.90,11.9600,true,1,100899
4820000455503,false,בירה זיגוליובסקויה 2,,,בירה זיגוליובסקויה 2.5 ל,ליטרים,2.50,ליטר,false,1,29.90,11.9600,true,1,108470
4820000455732,false,בירה לבובסקי בק 450,,,"בירה לבובסקי בק 450 מ""ל",מיליליטרים,450.00,"100 מ""ל",false,1,8.90,1.9778,true,1,100901
4820000455909,false,קוואס טאראס 1.5 ל,,,קוואס טאראס 1.5 ל,ליטרים,1.50,ליטר,false,1,19.90,13.2667,true,1,100904
4820000456272,false,בירה לביבסקי פרמיום,חרקוב ביסקוויט,,"בירה לביבסקי פרמיום בק 500 מ""ל",מיליליטרים,500.00,"100 מ""ל",false,1,9.90,1.9800,true,1,126381
4820000456401,false,בירה רוברט דומס בק 5,קלסברג אוקראינה,,"בירה רוברט דומס בק 500 מ""ל",מיליליטרים,500.00,"100 מ""ל",false,1,9.90,1.9800,true,1,100099
4820000458238,false,בירה אריה כהה בק 500,,,בירה אריה כהה בק 500 מל,מיליליטרים,500.00,"100 מ""ל",false,1,9.90,1.9800,true,1,130652
4820000458788,false,בירה רוברט דומס בלגי,,,בירה רוברט דומס בלגייסקי פח 500 מל,מיליליטרים,500.00,"100 מ""ל",false,1,9.90,1.9800,true,1,130653
4820000459617,false,בירה אריה לבן לא מסו,,,בירה אריה לבן לא מסוננת בק 500 מל,מיליליטרים,500.00,"100 מ""ל",false,1,9.90,1.9800,true,1,132885
4820002300238,false,קרקר בוטרברודניי 400,חרקוב בסקוויט,,"קרקר ""בוטרברודניי"" 4",גרמים,400.00,100 גרם,false,1,12.90,3.2250,true,1,43959
4820002300306,false,וופל ארטק 130 גר,חרקוב בסקוויט,,"וופל ""ארטק"" 130 גר""",גרמים,130.00,100 גרם,false,1,5.90,4.5385,true,1,43960
4820002300764,false,עוגיות ללא סוכר 200,לקורנה,,עוגיות ללא סוכר 200,גרמים,200.00,100 גרם,false,1,5.90,2.9500,true,1,43962
4820002301907,false,ביסקוויט סכרנויה 180,,,"עוגיות סוכר 180 ג""ר",גרמים,180.00,100 גרם,false,1,5.90,3.2778,true,1,91265
4820002302058,false,קרקר עדין 400 גר,חרקוב בסקוויט,,"קרקר עדין 400 ג""ר",גרמים,400.00,100 גרם,false,1,12.90,3.2250,true,1,43966
4820002303727,false,וופל לימונציק על בסי,חרקוב בסקוויט,,"וופלים לימונצ""יק עם",גרמים,130.00,100 גרם,false,1,6.90,5.3077,true,1,43971
4820002304014,false,ביסקויט פטל עם שמנת,חרקוב בסקוויט,,ביסקויט פטל עם שמנת,גרמים,330.00,100 גרם,false,1,17.90,5.4242,true,1,43974
4820002305462,false,ביסקוויט על פרוקטוז,חרקוב בסקוויט,,ביסקוויט דיאט עם פרו,גרמים,400.00,100 גרם,false,1,12.90,3.2250,true,1,43978
4820002309224,false,קרקר סניור באטוניו 3,KHARKIV BISCUIT,,קרקר סניור באטוניו 350 גר,גרמים,350.00,100 גרם,false,1,10.90,3.1143,true,1,104971
4820002309538,false,עוגת וופל קפריזוליה,KHARKIV BISCUIT,,עוגת וופל קפריזוליה פרוקטוזה 210 גר,גרמים,210.00,100 גרם,false,1,12.90,6.1429,true,1,104970
4820002710242,false,בירה אובולון אוקסמיט,OBOLON,,בירה אובולון אוקסמיט,מיליליטרים,1000.00,"100 מ""ל",false,1,11.90,1.1900,true,1,43990
4820002710426,false,בירה אובולון לבנה 1,OBOLON,,"בירה ""אובולון"" לבנה",מיליליטרים,1000.00,"100 מ""ל",false,1,11.90,1.1900,true,1,43991
4820002710860,false,בירה אובלון פשניצינו,OBOLON,,"בירה ""אובלון פשניצינויה"" 1 ל",ליטרים,1.00,ליטר,false,1,11.90,11.9000,true,1,50387
4820003148358,false,רוטב מיונז בסגנון אד,,,רוטב מיונז בסגנון אדגיקה 180 גר,גרמים,180.00,100 גרם,false,1,8.90,4.9444,true,1,142104
4820003148365,false,רוטב מיונז בורגר סטי,,,רוטב מיונז בורגר סטייל 180 גר,גרמים,180.00,100 גרם,false,1,8.90,4.9444,true,1,142105
4820003350041,false,יין מבעבע ארטימובסקו,ARTWINER,,יין מבעבע ארטימובסקויה אדום חצי מתוק,מיליליטרים,750.00,"100 מ""ל",false,1,44.90,5.9867,true,1,44004
4820003350164,false,יין מבעבע ארטימובסקו,ARTWINER,,יין מבעבע ארטימובסקויה לבן חצי יבש,מיליליטרים,750.00,"100 מ""ל",false,1,39.90,5.3200,true,1,103259
4820003350171,false,יין מבעבע ארטימובסקו,ARTWINER,,יין מבעבע ארטימובסקויה רוזה חצי יבש,מיליליטרים,750.00,"100 מ""ל",false,1,44.90,5.9867,true,1,120165
4820003353332,false,יין מבעבע ארטימובסקו,ARTWINER,,יין מבעבע ארטימובסקויה לבן חצי מתוק,מיליליטרים,750.00,"100 מ""ל",false,1,39.90,5.3200,true,1,132133
4820003353363,false,יין מבעבע ארטימובסקו,ARTWINER,,יין מבעבע ארטימובסקויה לבן ברוט,מיליליטרים,750.00,"100 מ""ל",false,1,39.90,5.3200,true,1,120166
4820003353622,false,יין מבעבע ארטיומובסק,ARTWINER,,יין מבעבע ארטיומובסקויה לבן חצי מתוק 750,מיליליטרים,750.00,"100 מ""ל",false,1,39.90,5.3200,true,1,116686
4820003689189,false,נקטר ויטמארק עגבניות,,,"נקטר ""ויטמארק"" עגבניות 1.93 ל",ליטרים,1.93,ליטר,false,1,24.90,12.9016,true,1,77002
4820003689196,false,נקטר ויטמארק תפוחים,ויטמרק,,"נקטר ""ויטמארק"" תפוחים 1.93 ל",ליטרים,1.93,ליטר,false,1,22.90,11.8653,true,1,77000
4820003689325,false,נקטר מולטיפרוט נאש ס,נאש סוק,,נקטר מולטיפרוט  1.93 ל,ליטרים,1.93,ליטר,false,6,24.90,12.9016,true,1,107192
4820003689349,false,נקטר מולטיויטמין נאש,ויטמרק,,"נקטר ""ויטמארק""מולטי ויטמין 1.93 ל",ליטרים,1.93,ליטר,false,1,24.90,12.9016,true,1,77001
4820003689356,false,נקטר אפרסק נאש סוק 1,נאש סוק,,נקטר אפרסק נאש סוק 1.93 ל,ליטרים,1.93,ליטר,false,1,24.90,12.9016,true,1,106723
4820003689387,false,נקטר נאש סוק בטעם דו,ויטמרק,,נקטר נאש סוק בטעם דובדבן 1.93 ל,ליטרים,1.93,ליטר,false,1,24.90,12.9016,true,1,76998
4820004382157,false,יין מבעבע פרנצ בוולו,וינפרום,,"יין מבעבע פרנצ בוולוורד חצי יבש 750 מ""ל",מיליליטרים,750.00,"100 מ""ל",false,1,32.90,4.3867,true,1,101897
4820004383345,false,יין מבעבע פרנצ בוולו,וינפרום,,"יין מבעבע פרנצ בוולוורד חצי מתוק 750 מ""ל",מיליליטרים,750.00,"100 מ""ל",false,1,32.90,4.3867,true,1,101898
4820004383352,false,יין מבעבע פרנץ בוליו,,,יין מבעבע בוליוורד פרנץ גולד מוסקט מתוק,מיליליטרים,750.00,"100 מ""ל",false,1,32.90,4.3867,true,1,111521
4820004383369,false,יין מבעבע פרנצ בוולו,וינפרום,,"יין מבעבע פרנצ בוולוורד מתוק גולד 750 מ""",מיליליטרים,750.00,"100 מ""ל",false,1,32.90,4.3867,true,1,101899
4820004384120,false,יין מבעבע פרנץ בוליו,,,יין מבעבע בוליוורד פרנץ חצי אדום מתוק,מיליליטרים,750.00,"100 מ""ל",false,1,32.90,4.3867,true,1,111522
4820004923589,false,יין מבעבע מרנגו חצי,,,"יין מבעבע מרנגו חצי יבש 750 מ""ל",מיליליטרים,750.00,"100 מ""ל",false,1,24.90,3.3200,true,1,123780
4820004924814,false,יין מבעבע מרנגו אקסט,,,"יין מבעבע מרנגו אקסטרא ברוט יבש 750 מ""ל",מיליליטרים,750.00,"100 מ""ל",false,1,24.90,3.3200,true,1,123781
4820005193073,false,שוקולד מלניום גולד מ,מלבי,,"שוקולד ""מילניום גולד",גרמים,100.00,100 גרם,false,1,7.90,7.9000,true,1,44050
4820005198597,false,שוקולד מריר מילניום,מלבי,,"שוקולד ""מילניום פאבו",גרמים,100.00,100 גרם,false,1,7.90,7.9000,true,1,44063
4820005443871,false,שעועית עם ירקות 460,,,שעועית עם ירקות 460 גר,גרמים,460.00,100 גרם,false,1,8.90,1.9348,true,1,134643
4820012598373,false,פלומביר אליסקה 80 גר,laska,,פלומביר אליסקה 80גר,גרמים,80.00,100 גרם,false,1,5.90,7.3750,true,1,79872
4820012599356,false,גלידה כוס וליקן קקאו,,,גלידה כוס וליקן קקאו 70 גר,גרמים,70.00,100 גרם,false,18,5.90,8.4286,true,1,124838
4820012790210,false,פטריות מיובשות חתוכו,,,פטריות מיובשות חתוכות לבנות 15 גר,גרמים,15.00,100 גרם,false,1,16.90,112.6667,true,1,79919
4820015165213,false,גלידת בריקט פלומביר,ז'יטומרסקי זאבוד,,גלידת בריקט פלומביר,Unknown,0.00,Unknown,false,1,5.90,0.0000,true,1,44200
4820024797511,false,ממרח קישואים גוספודר,,,ממרח קישואים  גוספודרוצקה,גרמים,475.00,100 גרם,false,1,10.90,2.2947,true,1,106495
4820024797535,false,איקרה חצילים גספרוצק,גספודרוציקה,,איקרה חצילים גספרוצקיה  445 גר,גרמים,445.00,100 גרם,false,1,11.90,2.6742,true,1,97250
4820024798761,false,עגבניות לא מקולפות ב,אודסה  קונדיטר,UA,עגבניות לא מקולפות במיץ עגבניות 875 גר,גרמים,875.00,100 גרם,false,1,13.90,1.5886,true,1,103687
4820029431083,false,משקה כהלי מוגז בטעם,OBOLON,,"משקה כהלי מוגז בטעם גין טוניק 330 מ""ל",מיליליטרים,330.00,"100 מ""ל",false,1,10.90,3.3030,true,1,112347
4820029431090,false,משקה כהלי מוגז בטעם,OBOLON,,"משקה כהלי מוגז בטעם ברנדי קולה 330 מ""ל",מיליליטרים,330.00,"100 מ""ל",false,1,10.90,3.3030,true,1,112348
4820029431106,false,משקה כהלי מוגז בטעם,OBOLON,,"משקה כהלי מוגז בטעם רום עם קולה 330 מ""ל",מיליליטרים,330.00,"100 מ""ל",false,1,10.90,3.3030,true,1,112346
4820029431175,false,משקה כהלי מוגז בטעם,OBOLON,,"משקה כהלי מוגז בטעם וודקה ליים 330 מ""ל",מיליליטרים,330.00,"100 מ""ל",false,1,10.90,3.3030,true,1,120425
4820029960354,false,קונפיטורה אוכמניות א,,,קונפיטורה אוכמניות אדומות 1200 גר,גרמים,1200.00,100 גרם,false,1,39.90,3.3250,true,1,142891
4820029960439,false,קונפיטורה דומדמניות,טסומאן,,קונפיטורה דומדמניות 1200 גר,גרמים,1200.00,100 גרם,false,1,39.90,3.3250,true,1,142896
4820029960446,false,קונפיטורה חמוציות 12,טסומאן,,קונפיטורה חמוציות 1200 גר,גרמים,1200.00,100 גרם,false,1,39.90,3.3250,true,1,142895
4820029960514,false,קונפיטורה ארוניה שחו,,,קונפיטורה ארוניה שחורה 1200 גר,גרמים,1200.00,100 גרם,false,1,39.90,3.3250,true,1,79585
4820029960552,false,קונפיטורה אוכמניות ש,,,קונפיטורה אוכמניות שחורות 1200 גר,גרמים,1200.00,100 גרם,false,1,39.90,3.3250,true,1,142892
4820029960620,false,קונפיטורה דובדבנים ל,טסומאן,,קונפיטורה דובדבנים ללא חרצנים 1250 גר,גרמים,1250.00,100 גרם,false,1,39.90,3.1920,true,1,79586
4820029961238,false,קונפיטורה פירות יער,טסומאן,,קונפיטורה פירות יער עם לינגונברי 1200 גר,גרמים,1200.00,100 גרם,false,1,39.90,3.3250,true,1,142898
4820029961245,false,קונפיטורה דובדבני קר,,,קונפיטורה דובדבני קרנילה ען חרצן 1200 גר,גרמים,1200.00,100 גרם,false,1,39.90,3.3250,true,1,142893
4820029961313,false,קונפיטורה פטל 1200 ג,טסומאן,,קונפיטורה פטל 1200 גר,גרמים,1200.00,100 גרם,false,1,39.90,3.3250,true,1,142894
4820029961320,false,קונפיטורה אוכמניות ב,טסומאן,,קונפיטורה אוכמניות בר 1200 גר,גרמים,1200.00,100 גרם,false,1,39.90,3.3250,true,1,142897
4820030561380,false,ממרח קישואים קיץ 500,אוריקה,,ממרח קישואים קיץ  200 גר,גרמים,500.00,100 גרם,false,1,11.90,2.3800,true,1,104130
4820030561410,false,שעועית ברוטב עגבניות,אוריקה,,שעועית ברוטב עגבניות 540 גר,גרמים,540.00,100 גרם,false,1,12.90,2.3889,true,1,101524
4820030561526,false,שימורי אפונה ירוקה 5,אוריקה,,שימורי אפונה ירוקה  500 גר,גרמים,500.00,100 גרם,false,12,12.90,2.5800,true,1,102702
4820030561557,false,שעועית לבנה 540 גר,אוריקה,,שעועית לבנה 540 גר,גרמים,540.00,100 גרם,false,1,12.90,2.3889,true,1,101523
4820030561755,false,מיץ עגבניות 1 ל,,,מיץ עגבניות 1 ל,ליטרים,1.00,ליטר,false,6,16.90,16.9000,true,1,131058
4820039710628,false,קונפיטורה פוסולסקי ד,,,קונפיטורה פוסולסקי דבור ארוניה 1.25 קג,קילוגרמים,1.25,"ק""ג",false,1,32.90,26.3200,true,1,130107
4820039710710,false,קונפיטורה פוסולסקי ד,,,"קונפיטורה פוסולסקי דבור פטל 1.25 ק""ג",קילוגרמים,1.25,"ק""ג",false,1,37.90,30.3200,true,1,110487
4820043010028,false,שמן אגוזי מלך 350 מל,אגרוספרום,,"שמן אגוזי  מלך 350 מ""ל",מיליליטרים,350.00,"100 מ""ל",false,1,44.90,12.8286,true,1,44564
4820043010394,false,שמן חמניות אוקראיני,אגרוספרום,,"שמן חמניות  אוקראיני 500 מ""ל",מיליליטרים,500.00,"100 מ""ל",false,1,34.90,6.9800,true,1,44565
4820043010745,false,שמן מגדילן מצוי 350,אגרוספרום,,"שמן מגדילן מצוי 350 מ""ל",מיליליטרים,350.00,"100 מ""ל",false,1,69.90,19.9714,true,1,44570
4820043011193,false,שמן חמניות 500 מל,אגרוספרום,,"שמן חמניות 500 מ""ל",מיליליטרים,500.00,"100 מ""ל",false,1,36.90,7.3800,true,1,44574
4820046960511,true,בירה אבטורסקה חזקה 6,,,"בירה אבטורסקה חזקה 6.5% כהה 500 מ""ל",מיליליטרים,500.00,"100 מ""ל",false,1,11.90,2.3800,true,1,100371
4820046961310,false,בירה אנדרייבסקי בהיר,,,"בירה אנדרייבסקי בהירה 5.5% 500 מ""ל",מיליליטרים,500.00,"100 מ""ל",false,1,10.90,2.1800,true,1,100687
4820046962652,true,בירה בהירה בוצקובויה,,,בירה בהירה בוצקובויה 4.3% 500 מל לא מסונ,מיליליטרים,500.00,"100 מ""ל",false,20,11.90,2.3800,true,1,115163
4820046962782,true,בירה בטעם דובדבן טטר,,,בירה בטעם דובדבן טטרב 7% 500 מל,מיליליטרים,500.00,"100 מ""ל",false,20,11.90,2.3800,true,1,130871
4820046962829,true,בירה כהה בוצקובויה 4,,,בירה כהה בוצקובויה 4.3% 500 מל לא מסונ,מיליליטרים,500.00,"100 מ""ל",false,20,11.90,2.3800,true,1,129723
4820056380354,false,עולש ציקורי פלוס 100,ורחובינקה,UA,עולש ציקורי פלוס 100 גר,גרמים,100.00,100 גרם,false,24,7.90,7.9000,true,1,116959
4820060252470,false,וודקה בלגוף תפוח ירו,,,"וודקה ""בלגוף"" תפוח י",מיליליטרים,700.00,"100 מ""ל",false,1,49.90,7.1286,true,1,44714
4820060254153,false,וודקה בלגוף דאבל אספ,,,וודקה בלגוף דאבל אספרסו 0.7,מיליליטרים,700.00,"100 מ""ל",false,1,39.90,5.7000,true,1,48684
4820061980433,false,ביצקי עם ירקות ברוטב,,,ביצקי עם ירקות ברוטב עגבניות 250 גר,גרמים,250.00,100 גרם,false,1,7.90,3.1600,true,1,139254
4820065703328,false,פילה דג סלמון אטלנטי,,,דג סלמון אטלנטי מעושן פילה פרוס 200 גר,גרמים,200.00,100 גרם,false,1,34.90,17.4500,true,1,122586
4820065920886,false,חטיף מקלות תירס 175,,,חטיף מקלות תירס 175 גר,גרמים,175.00,100 גרם,false,1,6.90,3.9429,true,1,128307
4820075500092,false,ממתקי שוקולד במילוי,MALBI CHOCOLATE,,ממתקי שוקולד במילוי קרם אגוזים מצופה מיל,גרמים,205.00,100 גרם,false,1,19.90,9.7073,true,1,127395
4820075500856,false,ממתקי שוקולד חלב במי,MALBI CHOCOLATE,,ממתקי שוקולד חלב במילוי אלגנט 285 גר,גרמים,285.00,100 גרם,false,1,24.90,8.7368,true,1,127394
4820075502515,false,סוכריות ריביירה 250,MALBI CHOCOLATE,,סוכריות ריביירה 250 גר,גרמים,250.00,100 גרם,false,1,29.90,11.9600,true,1,98591
4820075503017,false,סוכריות טרופל טרופ פ,MALBI CHOCOLATE,,סוכריות טרופל טרופ פור יו 300 גר,גרמים,300.00,100 גרם,false,1,29.90,9.9667,true,1,98592
4820075506155,false,שוקולד מריר מילניום,,,שוקולד מריר מילניום 100 גר,גרמים,100.00,100 גרם,false,1,5.90,5.9000,true,1,127382
4820075508678,false,סוכריות טרופל טרופל,MALBI CHOCOLATE,,סוכריות טרופל טרופל לוקסרי 195 גר,גרמים,195.00,100 גרם,false,1,19.90,10.2051,true,1,127396
4820077081124,false,שמן חמניות גארנה לא,,,"שמן חמניות גארנה לא מזוכך 850 מ""ל",מיליליטרים,850.00,"100 מ""ל",false,1,12.90,1.5176,true,1,107095
4820077081148,false,שמן חמניות גארנה מזו,,,"שמן חמניות גארנה מזוכך 850 מ""ל",מיליליטרים,850.00,"100 מ""ל",false,1,12.90,1.5176,true,1,107094
4820077083449,false,שמן חמניות לא מזוכך,,,שמן חמניות לא מזוכך 1 ל,ליטרים,1.00,ליטר,false,1,20.90,20.9000,true,1,141668
4820080720584,false,וודקה חלבני דאר קלאס,NATIONAL ALCOHOL COM,,"וודקה חלבני דאר קלאסיק 700 מ""ל",מיליליטרים,700.00,"100 מ""ל",false,1,54.90,7.8429,true,1,44791
4820080720768,false,וודקה חלבניי דאר חיט,NATIONAL ALCOHOL COM,,"וודקה ""חלבניי דאר"" פ",מיליליטרים,700.00,"100 מ""ל",false,1,54.90,7.8429,true,1,44792
4820080721536,false,וודקה חלבני דאר שיפו,NATIONAL ALCOHOL COM,,"וודקה "" חלבני דאר"" ז",מיליליטרים,700.00,"100 מ""ל",false,1,54.90,7.8429,true,1,44795
4820092131163,false,וופל מגולגל בטעם חלב,,,וופל מגולגל בטעם חלב אפוי רולו 100 גר,גרמים,100.00,100 גרם,false,1,4.90,4.9000,true,1,142106
4820097815563,false,תערובת תה עלים בטעם,MALBI CHOCOLATE,,תערובת תה עלים בטעם ענבים עם עלי כותרת,גרמים,80.00,100 גרם,false,1,14.90,18.6250,true,1,127411
4820097894025,false,סיידר תפוחים הפס בטע,BEVERAGES FOODS & SE,UA,"סיידר תפוחים הפס בטעם טבעי 330 מ""ל",מיליליטרים,330.00,"100 מ""ל",false,12,7.90,2.3939,true,1,117923
4820097895190,false,סיידר תפוחים הפס בטע,BEVERAGES FOODS & SE,UA,"סיידר תפוחים הפס בטעם דובדבן 330 מ""ל",מיליליטרים,330.00,"100 מ""ל",false,12,7.90,2.3939,true,1,117922
4820097896166,false,סיידר תפוחים הפס חצי,BEVERAGES FOODS & SE,UA,"סיידר תפוחים הפס חצי מתוק 330 מ""ל",מיליליטרים,330.00,"100 מ""ל",false,12,7.90,2.3939,true,1,121302
4820097896265,false,סיידר תפוחים הפס בטע,BEVERAGES FOODS & SE,UA,"סיידר תפוחים הפס בטעם אגס 330 מ""ל",מיליליטרים,330.00,"100 מ""ל",false,12,7.90,2.3939,true,1,117924
4820097898016,false,סיידר הפס דובדבן רבי,,UA,מארז סיידר הפס דובדבן רביעייה,מיליליטרים,1320.00,"100 מ""ל",false,6,25.90,1.9621,true,1,127821
4820097898023,false,סיידר הפס אגס רביעיי,,UA,מארז סיידר הפס אגס רביעייה,מיליליטרים,1320.00,"100 מ""ל",false,6,25.90,1.9621,true,1,127820
4820097898030,false,סיידר הפס טבעי רביעי,,UA,מארז סיידר הפס טבעי רביעייה,מיליליטרים,1320.00,"100 מ""ל",false,6,25.90,1.9621,true,1,127822
4820097898221,false,שייק קוקטייל בורה בו,,,שייק קוקטייל בורה בורה בק 330 מל,מיליליטרים,330.00,"100 מ""ל",false,24,7.90,2.3939,true,1,127223
4820097898238,false,שייק קוקטייל סקס און,,,שייק קוקטייל סקס און דה ביץ בק 330 מל,מיליליטרים,330.00,"100 מ""ל",false,24,7.90,2.3939,true,1,127222
4820097899150,false,שייק גין אשכוליות בק,,,שייק גין אשכוליות בק 330 מל,מיליליטרים,330.00,"100 מ""ל",false,24,7.90,2.3939,true,1,129328
4820097899433,false,שייק אבטיח בק 330 מל,,,שייק אבטיח בק 330 מל,מיליליטרים,330.00,"100 מ""ל",false,24,7.90,2.3939,true,1,130519
4820103341574,false,חלב מרוכז 370 גר,,,"חלב מרוכז 400 גר""",גרמים,370.00,100 גרם,false,1,10.90,2.9459,true,1,73330
4820106160691,false,גרעיני חמניות קלויים,,,גרעיני חמניות קלויים אלמז 200 גר,גרמים,200.00,100 גרם,false,1,9.90,4.9500,true,1,141654
4820134850243,false,פחם עץ תפוחים 2 קג,,,"פחם עץ תפוחים 2 ק""ג",קילוגרמים,2.00,"ק""ג",false,1,28.90,14.4500,true,1,116814
4820139474291,false,שכר ארוניה זלטוגור 5,,,שכר ארוניה זלטוגור 500מל,מיליליטרים,500.00,"100 מ""ל",false,1,19.90,3.9800,true,1,80069
4820139474321,false,שכר פירות יער זלטוגו,,,שכר פירות יער זלטוגור 500מל,מיליליטרים,500.00,"100 מ""ל",false,1,19.90,3.9800,true,1,80072
4820139479975,false,שכר אובלפיחה זלטוגור,,UA,"שכר אובלפיחה זלטוגור 500 מ""ל",מיליליטרים,500.00,"100 מ""ל",false,20,19.90,3.9800,true,1,121790
4820145960238,false,דג קילקה 240 גר,סופוי,,דג קילקה 240 גר,גרמים,240.00,100 גרם,false,24,5.90,2.4583,true,1,104379
4820146444621,false,מיץ אפרסק 1.9 ל,אקו ספרה אל.אל.סי,,מיץ אפרסק 1.9 ל,ליטרים,1.90,ליטר,false,1,17.90,9.4211,true,1,138839
4820154722148,false,גלידה לנינגרד שוקו 7,ז'יטומרסקי זאבוד,,גלידה לנינגרד 70שוקו גר,גרמים,70.00,100 גרם,false,1,5.90,8.4286,true,1,52256
4820154722162,false,גלידה לנינגרד 70 גר,ז'יטומרסקי זאבוד,,גלידה לנינגרד 70גר,גרמים,70.00,100 גרם,false,1,5.90,8.4286,true,1,52255
4820154722445,false,גלידה אסקימוס וניל 7,ז'יטומרסקי זאבוד,,גלידה אסקימוס וניל 750גר,גרמים,750.00,100 גרם,false,1,29.90,3.9867,true,1,75530
4820154722803,false,גלידה אסקימוס שוקולד,ז'יטומרסקי זאבוד,,גלידה אסקימוס שוקולד 750גר,גרמים,750.00,100 גרם,false,1,29.90,3.9867,true,1,75531
4820154723275,false,גלידה אסקימוס אסקימו,ז'יטומרסקי זאבוד,,גלידה אסקימוס אסקימו 85גר,גרמים,85.00,100 גרם,false,1,5.90,6.9412,true,1,75529
4820154725187,false,גלידה אסקימוס אסקימו,ז'יטומרסקי זאבוד,,גלידה אסקימוס אסקימו 85גר,גרמים,85.00,100 גרם,false,1,5.90,6.9412,true,1,79908
4820154727938,false,גלידה אסקימו מלון לי,ז'יטומרסקי זאבוד,,גלידה אסקימו מלון ליים 85גר,גרמים,85.00,100 גרם,false,1,5.90,6.9412,true,1,108713
4820156631042,false,עוגיות גרונה זוו 250,GRONA,,עוגיות גרונה זוו 160 גר,גרמים,250.00,100 גרם,false,1,8.90,3.5600,true,1,100595
4820156631059,false,עוגיות גרונה מריה 31,GRONA,,עוגיות גרונה מריה 310 גר,גרמים,310.00,100 גרם,false,1,10.90,3.5161,true,1,100589
4820156631066,false,עוגיות גרונה נפוליאו,GRONA,,עוגיות גרונה נפוליאון 290 גר,גרמים,290.00,100 גרם,false,1,10.90,3.7586,true,1,100590
4820156631189,false,עוגיות גרונה סלאסטיו,GRONA,,עוגיות גרונה סלאסטיונה 360 גר,גרמים,360.00,100 גרם,false,1,10.90,3.0278,true,1,100591
4820156633473,false,מאפה בצק עלים פלמנקו,GRONA,,מאפה בצק עלים פלמנקו 320 גר,גרמים,320.00,100 גרם,false,1,12.90,4.0313,true,1,113718
4820165641353,false,סושקה מליוטקה עם פרו,סלובוז'נסקי ברד בייק,,סושקה מליוטקה עם פרוקטוזה 300 גר,גרמים,300.00,100 גרם,false,1,6.90,2.3000,true,1,96946
4820165641377,false,סושקה מליוטקה פלורה,סלובוז'נסקי ברד בייק,,סושקה מליוטקה פלורה 300 גר,גרמים,300.00,100 גרם,false,1,6.90,2.3000,true,1,96950
4820165641384,false,סושקה מליוטקה וניל פ,סלובוז'נסקי ברד בייק,,סושקה מליוטקה וניל פלורה 300 גר,גרמים,300.00,100 גרם,false,1,6.90,2.3000,true,1,96953
4820165641391,false,סושקה בטעם וניל פלור,סלובוז'נסקי ברד בייק,,סושקה בטעם וניל פלורה 300 גר,גרמים,300.00,100 גרם,false,1,6.90,2.3000,true,1,96947
4820165641421,false,סולומקה חרומטיק מתוק,סלובוז'נסקי ברד בייק,,סולומקה חרומטיק מתוקה 250 גר,גרמים,250.00,100 גרם,false,1,6.90,2.7600,true,1,96945
4820165641438,false,סולומקה בטעם פירות 2,סלובוז'נסקי ברד בייק,,סולומקה בטעם פירות 250 גר,גרמים,250.00,100 גרם,false,1,6.90,2.7600,true,1,96949
4820168881985,false,מלח שולחן דק 400 גר,,,מלח שולחן דק 400 גר,גרמים,400.00,100 גרם,false,8,3.80,0.9500,true,1,130827
4820171991664,false,קרפלך עם תפוא 900 גר,לאסקה,,"קרפלך עם תפו""א 900 גר",גרמים,900.00,100 גרם,false,1,26.90,2.9889,true,1,97233
4820171991701,false,קרפלך במילוי דובדבן,,,קרפלך במילוי דובדבן 900 גר,גרמים,900.00,100 גרם,false,1,39.90,4.4333,true,1,120141
4820171991770,false,קרפלך עם גבינה מתוקה,לאסקה,,קרפלך עם גבינה מתוקה 900 גר,גרמים,900.00,100 גרם,false,1,31.90,3.5444,true,1,97235
4820171993279,false,קרפלך עם תפוא ופטריו,לאסקה,,"קרפלך עם תפו""א ופטריות 900 גר",גרמים,900.00,100 גרם,false,1,26.90,2.9889,true,1,99158
4820171993293,false,קרפלך עם גבינה מלוחה,לאסקה,,קרפלך עם גבינה מלוחה 900 גר,גרמים,900.00,100 גרם,false,1,31.90,3.5444,true,1,99192
4820171997819,false,קרפלך תפוא עם בצל 90,לאסקה,,"קרפלך תפו""א עם בצל 900 גר",גרמים,900.00,100 גרם,false,1,26.90,2.9889,true,1,119097
4820171997833,false,קרפלך תפוא ושמיר 900,,,"קרפלך תפו""א ושמיר 900 גר",גרמים,900.00,100 גרם,false,1,26.90,2.9889,true,1,120140
4820176062956,false,יין מבעבע קרים לבן ח,,,יין מבעבע קרים לבן מתוק 750 מל,מיליליטרים,750.00,"100 מ""ל",false,1,49.90,6.6533,true,1,131105
4820176203946,false,חטיף תירס ממולא בטעם,,,חטיף תירס ממולא בטעם רפאלו 100 גר,גרמים,100.00,100 גרם,false,,5.90,5.9000,true,1,142119
4820176204080,false,חטיף תירס ממולא בטעם,,,חטיף תירס ממולא בטעם נוטלה 100 גר,גרמים,100.00,100 גרם,false,,5.90,5.9000,true,1,142118
4820179251593,false,אטריות רולטון להכנה,MAREVEN FOOD,,אטריות רולטון להכנה מהירה בקר בכוס 75 גר,גרמים,75.00,100 גרם,false,1,6.90,9.2000,true,1,112340
4820179251616,false,אטריות רולטון להכנה,MAREVEN FOOD,,אטריות רולטון להכנה מהירה עוף בכוס 75 גר,גרמים,75.00,100 גרם,false,1,6.90,9.2000,true,1,112339
4820179254013,false,פירה רולטון בטעם שמנ,,,פירה רולטון בטעם שמנת בכוס 40 גר,גרמים,40.00,100 גרם,false,1,5.90,14.7500,true,1,124408
4820179254044,false,פירה רולטון בטעם עוף,,,פירה רולטון בטעם עוף בכוס 40 גר,גרמים,40.00,100 גרם,false,1,5.90,14.7500,true,1,124406
4820180250042,false,צמות סולוגוני מעושן,,,צמות סולוגוני מעושן 100 גר,גרמים,100.00,100 גרם,false,1,18.90,18.9000,true,1,109790
4820180251018,false,צמות סולוגוני מעושן,,,צמות סולוגוני מעושן 100 גר,גרמים,100.00,100 גרם,false,1,18.90,18.9000,true,1,120327
4820182740084,false,ציפס בטעם בייקון 70,קלוס צ'פסוב,,ציפס בטעם בייקון 70 גר,גרמים,70.00,100 גרם,false,1,8.90,12.7143,true,1,99040
4820182742897,false,קרוטונים פלינט בטעם,Snacks,,קרוטונים פלינט בטעם בייקון 35 גר,גרמים,35.00,100 גרם,false,1,2.90,8.2857,true,1,122209
4820182742903,false,קרוטונים פלינט בטעם,Snacks,,קרוטונים פלינט בטעם סרטן 35 גר,גרמים,35.00,100 גרם,false,1,2.90,8.2857,true,1,122210
4820182742972,false,קרוטונים פלינט בטעם,Snacks,,קרוטונים פלינט בטעם קוויאר 35 גר,גרמים,35.00,100 גרם,false,1,2.90,8.2857,true,1,122211
4820182742989,false,קרוטונים פלינט בטעם,Snacks,,קרוטונים פלינט בטעם גבינה 35 גר,גרמים,35.00,100 גרם,false,1,2.90,8.2857,true,1,127356
4820182742996,false,קרוטונים פלינט בטעם,Snacks,,קרוטונים פלינט בטעם סלמי 35 גר,גרמים,35.00,100 גרם,false,1,2.90,8.2857,true,1,127352
4820182743009,false,קרוטונים פלינט בטעם,Snacks,,קרוטונים פלינט בטעם שישליק 35 גר,גרמים,35.00,100 גרם,false,1,2.90,8.2857,true,1,123524
4820182743160,false,קרוטונים פלינט בטעם,MALBI CHOCOLATE,,קרוטונים פלינט בטעם שום 70 גר,גרמים,70.00,100 גרם,false,1,3.90,5.5714,true,1,127416
4820182746895,false,קרוטונים פלינט בטעם,MALBI CHOCOLATE,,קרוטונים פלינט בטעם קבנוס 70 גר,גרמים,70.00,100 גרם,false,1,3.90,5.5714,true,1,141777
4820182746918,false,קרוטונים פלינט בטעם,MALBI CHOCOLATE,,קרוטונים פלינט בטעם עגל עם אדזיקה 70 גר,גרמים,70.00,100 גרם,false,1,3.90,5.5714,true,1,141778
4820182746932,false,קרוטונים פלינט בטעם,MALBI CHOCOLATE,,קרוטונים פלינט בטעם עגבניות מתובלות 70 ג,גרמים,70.00,100 גרם,false,1,3.90,5.5714,true,1,141779
4820185102162,false,פילה פורל ים מעושן ע,UFO,UA,פילה פורל ים מעושן על עור 240 גר NORVEN,גרמים,240.00,100 גרם,false,15,42.90,17.8750,true,1,119315
4820185106207,false,פילה סלמון מעושן 500,UFO,UA,פילה סלמון מעושן 500 גר,גרמים,500.00,100 גרם,false,17,59.90,11.9800,true,1,119318
4820185230018,false,גלידה לסקה בטעם שוקו,לסקה,,"גלידה לסקה בטעם שוקולד 1 ק""ג",קילוגרמים,1.00,"ק""ג",false,1,32.90,32.9000,true,1,96726
4820185230179,false,גלידה לקומקה עם קקאו,laska,,גלידה לקומקה עם קקאו 100גר,גרמים,100.00,100 גרם,false,1,5.90,5.9000,true,1,79865
4820185230186,false,גלידה לקומקה 100 גר,laska,,גלידה לקומקה  100גר,גרמים,100.00,100 גרם,false,1,5.90,5.9000,true,1,79866
4820185230230,false,גלידה לסקה בטעם וניל,לסקה,,"גלידה לסקה בטעם וניל 1 ק""ג",קילוגרמים,1.00,"ק""ג",false,1,32.90,32.9000,true,1,96725
4820185230384,false,פלומביר בלורוסי 90 ג,laska,,פלומביר בלורוסי 90גר,גרמים,90.00,100 גרם,false,1,5.90,6.5556,true,1,98916
4820185230643,false,פלומביר סובייטי 60 ג,,,פלומביר סובייטי 60 גר,גרמים,60.00,100 גרם,false,1,5.90,9.8333,true,1,96119
4820185230988,false,גלידה מקסימוס בריקט,laska,,גלידה מקסימוס 90 גר,גרמים,90.00,100 גרם,false,30,5.90,6.5556,true,1,102373
4820185231978,false,גלידה פלומביר בלורוס,לסקה,,גלידה פלומביר בלורוסקי 600 גר,גרמים,600.00,100 גרם,false,1,26.90,4.4833,true,1,100416
4820185232296,false,גלידה אסקימו גרנדי ל,,,גלידה אסקימו גרנדי לאסקה  80 גר,גרמים,80.00,100 גרם,false,1,5.90,7.3750,true,1,120461
4820185234535,false,גלידה רוזוק גרצקי פק,,,גלידה רוזוק גרצקי פקל,גרמים,145.00,100 גרם,false,1,8.90,6.1379,true,1,121608
4820189290117,false,ברנדי אזנאורי 5 שנים,,,ברנדי אזנאורי 5 שנים 500 מל,מיליליטרים,500.00,"100 מ""ל",false,1,54.90,10.9800,true,1,131487
4820189290193,false,יין אזנאורי ספווי אד,,,"יין אזנאורי ספווי אדום יבש 750 מ""ל",מיליליטרים,750.00,"100 מ""ל",false,12,32.90,4.3867,true,1,124517
4820189290209,false,יין אזנאורי רקציטלי,,,"יין אזנאורי רקציטלי לבן יבש 750 מ""ל",מיליליטרים,750.00,"100 מ""ל",false,12,32.90,4.3867,true,1,124516
4820189290216,false,יין אזנאורי אדום חצי,,,"יין אזנאורי אדום חצי מתוק 750 מ""ל",מיליליטרים,750.00,"100 מ""ל",false,12,32.90,4.3867,true,1,124514
4820189290223,false,יין אזנאורי לבן חצי,,,"יין אזנאורי לבן חצי מתוק 750 מ""ל",מיליליטרים,750.00,"100 מ""ל",false,12,32.90,4.3867,true,1,124515
4820189290896,false,יין אזנאורי רוזה חצי,,,"יין אזנאורי רוזה חצי מתוק 750 מ""ל",מיליליטרים,750.00,"100 מ""ל",false,12,32.90,4.3867,true,1,129040
4820193030303,false,בירה זיברט בהירה פח,Obolon,,"בירה זיברט בהירה פח 500 מ""ל",מיליליטרים,500.00,"100 מ""ל",false,1,7.90,1.5800,true,1,102280
4820193031706,false,בירה אובולון חזקה בה,OBOLON,,בירה אובולון חזקה בהירה פחית 500 מל,מיליליטרים,500.00,"100 מ""ל",false,1,8.90,1.7800,true,1,131495
4820193034707,false,בירה אובולון מחוזקת,OBOLON,,בירה אובולון מחוזקת 1 ל,ליטרים,1.00,ליטר,false,1,11.90,11.9000,true,1,133280
4820193551754,false,גלידה שמנת לסונקה בט,laska,,"גלידה שמנת לסונקה בטעם וניל 1 ק""ג",קילוגרמים,1.00,"ק""ג",false,4,35.90,35.9000,true,1,124839
4820193551990,false,גלידה כוס וליקן משמש,,,גלידה כוס וליקן משמש דובדבן 70 גר,גרמים,70.00,100 גרם,false,18,5.90,8.4286,true,1,124837
4820195093214,false,ממתק וופל עם פרוקטוז,ז'יטומיר,,ממתק וופל עם פרוקטוזה מצופה שוקולד לנה,גרמים,372.00,100 גרם,false,1,17.90,4.8118,true,1,120898
4820195096147,false,ביסקוויט עם תפוע וקי,ז'יטומיר,,"ביסקוויט עם תפו""ע וקינמון 680 גר",גרמים,680.00,100 גרם,false,1,17.90,2.6324,true,1,120900
4820198871277,false,תה שחור עלי כותרת פר,MALBI CHOCOLATE,,תה שחור עלי כותרת פרחים ופירות יער 80 גר,גרמים,80.00,100 גרם,false,1,14.90,18.6250,true,1,133414
4820198873271,false,תה שחור לדי גריי 25,,,תה שחור לדי גריי 25 שק,Unknown,0.00,Unknown,false,1,10.90,0.0000,true,1,123934
4820198873288,false,תה ירוק דאליי 25 שק,,,תה ירוק דאליי 25 שק,Unknown,0.00,Unknown,false,1,10.90,0.0000,true,1,123938
4820198873295,false,תה ירוק אורנג מינט 2,,,תה ירוק אורנג מינט 25 שק,Unknown,0.00,Unknown,false,1,10.90,0.0000,true,1,123939
4820198873318,false,תה שחור מונטן בריז 2,,,תה שחור מונטן בריז 25 שק,Unknown,0.00,Unknown,false,1,10.90,0.0000,true,1,123936
4820198873325,false,חליטת פירות וצמחים ס,,,חליטת פירות וצמחים סאמה טיים 25 שק,Unknown,0.00,Unknown,false,1,10.90,0.0000,true,1,123940
4820198873332,false,תה שחור אסורטי 4 פלו,,,תה שחור אסורטי 4 פלוורס 24 שק,Unknown,0.00,Unknown,false,1,10.90,0.0000,true,1,123937
4820198874063,false,חליטת פירות וצמחים ש,,,חליטת פירות וצמחים שרי דלייט 25 שק,Unknown,0.00,Unknown,false,1,10.90,0.0000,true,1,123941
4820198874605,false,תערובת תה עלים בטעם,MALBI CHOCOLATE,,תערובת תה עלים בטעם ענבים עלי כותרת פרחי,גרמים,30.00,100 גרם,false,1,9.90,33.0000,true,1,127402
4820198874643,false,תערובת תה פירות ופרח,MALBI CHOCOLATE,,תערובת תה פירות ופרחים בטעם פירות יער,גרמים,30.00,100 גרם,false,1,9.90,33.0000,true,1,127404
4820198876418,false,תה שחור בניחוח וניל,,,תה שחור בניחוח וניל וברגמיט 30 גר,גרמים,30.00,100 גרם,false,1,9.90,33.0000,true,1,133412
4820199870019,false,סושקה וניל 300 גר,BKK,,סושקה וניל 300 גר,גרמים,300.00,100 גרם,false,1,6.90,2.3000,true,1,108596
4820199870026,false,סושקה מלוטקה 300 גר,BKK,,סושקה מלוטקה 300 גר,גרמים,300.00,100 גרם,false,1,6.90,2.3000,true,1,108597
4820199870057,false,סושקה פירמינייה 300,BKK,,סושקה פירמינייה 300 גר,גרמים,300.00,100 גרם,false,1,6.90,2.3000,true,1,108599
4820199870620,false,סולומקה מתוקה 100 גר,BKK,,סולומקה מתוקה 100 גר,גרמים,100.00,100 גרם,false,1,4.90,4.9000,true,1,108602
4820213960023,false,יין מבעבע לבן חצי מת,,,יין מבעבע לבן חצי מתוק אודסה 750 מל,מיליליטרים,750.00,"100 מ""ל",false,1,34.90,4.6533,true,1,135858
4820213960085,false,יין מבעבע רוזה חצי מ,,,יין מבעבע רוזה חצי מתוק אודסה 750 מל,מיליליטרים,750.00,"100 מ""ל",false,1,34.90,4.6533,true,1,135857
4820217240114,false,חמאה פרמה 82.5% 200,,,חמאה פרמה 82.5% 200 גר,גרמים,200.00,100 גרם,false,1,7.80,3.9000,true,1,122617
4820229031311,false,וודקה חורטיצה פלטינו,,,"וודקה חורטיצה פלטינום 700 מ""ל",מיליליטרים,700.00,"100 מ""ל",false,1,59.90,8.5571,true,1,129395
4820229031991,false,וודקה פרבק חיטה 700,,,וודקה פרבק חיטה 700 מל,מיליליטרים,700.00,"100 מ""ל",false,12,59.90,8.5571,true,1,126386
4820229032042,false,וודקה פרבק שיפון 700,,,וודקה פרבק שיפון 700 מל,מיליליטרים,700.00,"100 מ""ל",false,12,59.90,8.5571,true,1,127500
4820229033520,false,וודקה פרבק פלפל ודבש,,,וודקה פרבק פלפל ודבש 700 מל,מיליליטרים,700.00,"100 מ""ל",false,12,59.90,8.5571,true,1,126436
4823005000372,false,בירה לביבסקה 1715 פח,קלסברג אוקראינה,,"בירה לביבסקה 1715 פח. 500 מ""ל",מיליליטרים,500.00,"100 מ""ל",false,1,7.90,1.5800,true,1,75816
4823006800964,false,עגבניות כבושות נזין,NEZHIN,,"עגבניות כבושות נז""ין 920 גר",גרמים,920.00,100 גרם,false,1,21.90,2.3804,true,1,44999
4823006801251,false,עגבניות במיץ עגבניות,NEZHIN,,עגבניות במיץ עגבניות,גרמים,920.00,100 גרם,false,1,21.90,2.3804,true,1,45000
4823006801435,false,לצו 450 גר,NEZHIN,,"לצ""ו 450 גר""",גרמים,450.00,100 גרם,false,1,14.90,3.3111,true,1,45002
4823006801800,false,מלפפונים במלח 920 גר,NEZHIN,,מלפפונים במלח 920 גר,גרמים,920.00,100 גרם,false,1,21.90,2.3804,true,1,45003
4823006801862,false,איקרה קישואים 450 גר,NEZHIN,,איקרה קישואים 450 גר,גרמים,450.00,100 גרם,false,1,14.90,3.3111,true,1,45004
4823006802050,false,אסורטי נזין 920 גר,NEZHIN,,"אסורטי ""נז""ין"" 920 ג",גרמים,920.00,100 גרם,false,1,21.90,2.3804,true,1,45007
4823006802128,false,מלפפונים בחומץ 920 ג,NEZHIN,,מלפפונים בחומץ 920 ג,גרמים,920.00,100 גרם,false,1,21.90,2.3804,true,1,45009
4823006802135,false,איקרה חצילים 450 גר,NEZHIN,,"איקרה חצילים 450 גר""",גרמים,450.00,100 גרם,false,1,14.90,3.3111,true,1,45010
4823006802395,false,חצילים נזין 450 גר,NEZHIN,,חצילים נזין 450גר,גרמים,450.00,100 גרם,false,1,14.90,3.3111,true,1,45012
4823006802401,false,אדגיקה 450 גר,NEZHIN,,"אדג""יקה 450 גר""",גרמים,450.00,100 גרם,false,1,14.90,3.3111,true,1,45013
4823006802418,false,חציל יווני 450 גר,NEZHIN,,"חציל יווני 450 גר""",גרמים,450.00,100 גרם,false,1,14.90,3.3111,true,1,45014
4823006803873,false,רטטוי נזין סלט ירקות,NEZHIN,,רטטוי נזין סלט ירקות 450גר,גרמים,450.00,100 גרם,false,1,14.90,3.3111,true,1,79174
4823006805037,false,רגו פייסטה מקסיקנית,NEZHIN,,רגו פייסטה מקסיקנית 470 גר,גרמים,470.00,100 גרם,false,12,14.90,3.1702,true,1,120417
4823006805327,false,סלט מתוק חריף 450 גר,NEZHIN,,סלט מתוק חריף 450 גר,גרמים,450.00,100 גרם,false,1,14.90,3.3111,true,1,132312
4823054603586,false,מאפה עלים עם סוכר 35,לוקס פרודקטס,UA,מאפה עלים עם סוכר 350 גר,גרמים,350.00,100 גרם,false,1,14.90,4.2571,true,1,120672
4823063112895,false,נקטר סנדורה דומדמניו,סנדורה,,נקטר סנדורה דומדמניות שחורות וענבים 950,מיליליטרים,950.00,"100 מ""ל",false,1,15.90,1.6737,true,1,113653
4823063113007,false,נקטר סנדורה רימונים,סנדורה,,"נקטר סנדורה רימונים 950 מ""ל",מיליליטרים,950.00,"100 מ""ל",false,1,15.90,1.6737,true,1,113655
4823063113038,false,מיץ סנדורה ירקות מעו,סנדורה,,"מיץ סנדורה ירקות מעוקר 950 מ""ל",מיליליטרים,950.00,"100 מ""ל",false,1,15.90,1.6737,true,1,113651
4823063113052,false,משקה סנדורה חמוציות,סנדורה,,"משקה סנדורה חמוציות מעוקר 950 מ""ל",מיליליטרים,950.00,"100 מ""ל",false,1,15.90,1.6737,true,1,113656
4823063113854,false,נקטר סאנדורה תפוחי ע,,,נקטר סאנדורה תפוחי עץ מעוקר 100% פרי 950,מיליליטרים,950.00,"100 מ""ל",false,1,15.90,1.6737,true,1,118187
4823063113885,false,מיץ סנדורה עגבניות ע,סנדורה,,"מיץ סנדורה עגבניות עם מלח 950 מ""ל",מיליליטרים,950.00,"100 מ""ל",false,1,15.90,1.6737,true,1,122901
4823063707879,false,תה ירוק סיני 20 שק,או א.או מאי קומפני,,תה ירוק סיני 20 שק,גרמים,36.00,100 גרם,false,1,11.90,33.0556,true,1,132686
4823077604171,false,סוכ קארא קום 1 קג,,,סוכ קארא קום 1 קג,קילוגרמים,1.00,"ק""ג",false,1,54.90,54.9000,true,1,102082
4823077604331,false,סוכ ציטרוס מיקס 1 קג,,,"סוכ ציטרוס מיקס 1 ק""ג",קילוגרמים,1.00,"ק""ג",false,1,16.90,16.9000,true,1,102057
4823077604379,false,סוכ ראצקי 1 קג,קייב קרמנציק,,"סוכ ראצקי 1 ק""ג",קילוגרמים,1.00,"ק""ג",false,1,24.90,24.9000,true,1,102065
4823077604416,false,סוכ קראסני מאק 1 קג,,,סוכ קראסני מאק 1 קג,קילוגרמים,1.00,"ק""ג",false,1,54.90,54.9000,true,1,102081
4823077604553,false,סוכ אברוליפט מנטה 1,,,"סוכ אברוליפט מנטה 1 ק""ג",קילוגרמים,1.00,"ק""ג",false,1,16.90,16.9000,true,1,102056
4823077605215,false,סוכריות גלי רושן 1 ק,קייב קרמנציק,,סוכריות גלי רושן 1 קג,קילוגרמים,1.00,"ק""ג",false,,29.90,29.9000,true,1,102072
4823077605376,false,סוכ ממולאות בטעם חלב,קייב קרמנציק,,סוכ ממולאות בטעם חלב קפה רושן 1 קג,קילוגרמים,1.00,"ק""ג",false,,29.90,29.9000,true,1,141154
4823077607493,false,סוכ ברבריס 1 קג,,,"סוכ ברבריס 1 ק""ג",קילוגרמים,1.00,"ק""ג",false,1,16.90,16.9000,true,1,102053
4823077607530,false,סוכ דושס 1 קג,,,"סוכ דושס 1 ק""ג",קילוגרמים,1.00,"ק""ג",false,1,16.90,16.9000,true,1,102054
4823077608933,false,סוכ לצינה 1 קג,,,סוכ לצינה,Unknown,0.00,Unknown,false,1,54.90,0.0000,true,1,102083
4823077611049,true,סוכ נוגט קרמל+בוטנים,,,סוכ נוגט קרמל+בוטנים 1 קג,קילוגרמים,1.00,"ק""ג",false,6,34.90,34.9000,true,1,120480
4823077611308,false,עוגת רושן נפוליאון 1,,,"עוגת רושן נפוליאון 1 ק""ג",קילוגרמים,1.00,"ק""ג",false,1,65.90,65.9000,true,1,109663
4823077611933,false,בונבוניירה אסורטי אל,קייב קרמנציק,,בונבוניירה אסורטי אליגנט 145 גר,גרמים,145.00,100 גרם,false,1,18.90,13.0345,true,1,100248
4823077613203,false,שוקולד רושן מריר+פונ,רושן,,שוקולד רושן מריר+פונדוק שלם 90 גר,גרמים,90.00,100 גרם,false,1,7.90,8.7778,true,1,102037
4823077613630,false,בטונציק שוקולד רושן,רושן,,בטונציק שוקולד רושן קרם ברולה 43 גר,גרמים,43.00,100 גרם,false,1,3.90,9.0698,true,1,101311
4823077614675,false,ביסקוויט חלב 185 גר,קייב קרמנציק,,ביסקוויט חלב 185 גר,גרמים,185.00,100 גרם,false,1,3.90,2.1081,true,1,102052
4823077614699,false,ביסקוויט וניל 185 גר,קייב קרמנציק,,ביסקוויט וניל 185 גר,גרמים,185.00,100 גרם,false,1,3.90,2.1081,true,1,102051
4823077614767,false,שוקולד חלב נוגט רושן,רושן,,שוקולד חלב נוגט רושן בטעם אגוזי לוז 90 ג,גרמים,90.00,100 גרם,false,1,4.90,5.4444,true,1,134396
4823077614804,false,שוקולד חלב נוגט בטעם,רושן,,שוקולד חלב נוגט בטעם אוכמניות כחולות 90,גרמים,90.00,100 גרם,false,1,4.90,5.4444,true,1,103595
4823077615757,false,בונ סטרלה 200 גר,רושן,,בונ סטרלה 200 גר,גרמים,200.00,100 גרם,false,1,24.90,12.4500,true,1,102040
4823077616013,false,בונ וצרני קייב 176 ג,רושן,,בונ וצרני קייב 176 גר,גרמים,176.00,100 גרם,false,1,25.90,14.7159,true,1,104462
4823077617041,false,חטיף שוקולד רושן קרמ,רושן,,בטונציק שוקולד רושן קרמל  43 גר,גרמים,43.00,100 גרם,false,1,3.90,9.0698,true,1,102026
4823077617645,false,עוגת פרזסקי רושן 850,,,עוגת פרזסקי רושן 850 גר,גרמים,850.00,100 גרם,false,1,79.90,9.4000,true,1,118162
4823077617829,false,עוגת רושן קייבסקי 45,,,עוגת רושן קייבסקי 450 גר,גרמים,450.00,100 גרם,false,1,59.90,13.3111,true,1,109662
4823077617836,false,עוגת רושן קייבסקי 85,,,עוגת רושן קייבסקי 850 גר,גרמים,850.00,100 גרם,false,1,95.90,11.2824,true,1,109664
4823077618901,false,בונ שוטרס רום ליקר 1,רושן,,בונ שוטרס רום ליקר 150 גר,גרמים,150.00,100 גרם,false,1,12.90,8.6000,true,1,108865
4823077618918,false,בונ שוטרס ברנדי ליקר,רושן,,בונ שוטרס ברנדי ליקר 150 גר,גרמים,150.00,100 גרם,false,1,12.90,8.6000,true,1,108866
4823077620102,false,עוגת רושן גריליאז 45,,,עוגת רושן גריליאז 450 גר,גרמים,450.00,100 גרם,false,1,49.90,11.0889,true,1,109659
4823077620737,false,בונ וצרני קייב 352 ג,,,בונ בצרני קייב 352 גר,גרמים,352.00,100 גרם,false,1,39.90,11.3352,true,1,110888
4823077621154,false,בטונציק שוקולד רושן,רושן,,בטונציק שוקולד רושן ממולא 43 גר,גרמים,43.00,100 גרם,false,1,3.90,9.0698,true,1,114144
4823077621635,false,וופל רושן בטעם חלב 7,,,וופל רושן בטעם חלב 72 גר,גרמים,72.00,100 גרם,false,1,3.90,5.4167,true,1,135321
4823077621642,false,וופל רושן בטעם שוקול,,,וופל רושן בטעם שוקולד 72 גר,גרמים,72.00,100 גרם,false,1,3.90,5.4167,true,1,135322
4823077621659,false,וופל רושן בטעם אגוז,,,וופל רושן בטעם אגוז 72 גר,גרמים,72.00,100 גרם,false,1,3.90,5.4167,true,1,135323
4823077624223,false,גלי בוני פרוט סאמר מ,,,גלי בוני פרוט סאמר מיקס 200 גר,גרמים,200.00,100 גרם,false,1,6.90,3.4500,true,1,117737
4823077624247,false,גלי בוני פרוט ציטרוס,,,גלי בוני פרוט ציטרוס מיקס 200 גר,גרמים,200.00,100 גרם,false,1,6.90,3.4500,true,1,117735
4823077624261,false,גלי בוני פרוט ברי מי,,,גלי בוני פרוט ברי מיקס 200 גר,גרמים,200.00,100 גרם,false,1,6.90,3.4500,true,1,117736
4823077624285,false,בונ אסורטי שוקולאטרי,,,בונ אסורטי שוקולאטריה 194 גר,גרמים,194.00,100 גרם,false,8,22.90,11.8041,true,1,116992
4823077624865,false,סוכריות כוס חלב 500,,,סוכריות כוס חלב 500 גר,גרמים,500.00,100 גרם,false,1,17.90,3.5800,true,1,120208
4823077625145,false,בונ דובדבן+ליקר דובד,רושן,,בונ דובדבן+ליקר דובדבן 155 גר,גרמים,155.00,100 גרם,false,1,12.90,8.3226,true,1,120197
4823077625589,false,וופל רושן חלב 216 גר,,,וופל רושן חלב 216 גר,גרמים,216.00,100 גרם,false,1,6.90,3.1944,true,1,120937
4823077625602,false,וופל רושן שוקולד 216,,,וופל רושן שוקולד 216 גר,גרמים,216.00,100 גרם,false,1,6.90,3.1944,true,1,120938
4823077625626,false,וופל רושן אגוז 216 ג,,,וופל רושן אגוז 216 גר,גרמים,216.00,100 גרם,false,1,6.90,3.1944,true,1,120939
4823077625879,false,בונבוניירה קומפלימנט,קייב קרמנציק,,בונבוניירה קומפלימנט 145 גר,גרמים,145.00,100 גרם,false,8,18.90,13.0345,true,1,123877
4823077626203,false,שוקולד אוורירי מריר,רושן,,שוקולד אוורירי מריר 80 גר,גרמים,80.00,100 גרם,false,20,6.90,8.6250,true,1,121788
4823077626227,false,שוקולד אורירי חלב 80,רושן,,שוקולד אורירי חלב 80 גר,גרמים,80.00,100 גרם,false,20,6.90,8.6250,true,1,121787
4823077626241,false,שוקולד אוורירי לבן ק,רושן,,שוקולד אוורירי לבן קרמל 80 גר,גרמים,80.00,100 גרם,false,20,6.90,8.6250,true,1,121786
4823077626364,false,שוקולד אוורירי לבן 8,רושן,,שוקולד אוורירי לבן 80 גר,גרמים,80.00,100 גרם,false,20,6.90,8.6250,true,1,121785
4823077627750,false,בונ מומנט 116 גר,רושן,,בונ מומנט 116 גר,גרמים,116.00,100 גרם,false,10,12.90,11.1207,true,1,123876
4823077628054,false,סוכריות חמאה חלבי מל,קייב קרמנציק,,סוכריות חמאה חלבי מלוח רושן 1 קג,קילוגרמים,1.00,"ק""ג",false,,29.90,29.9000,true,1,141153
4823077629136,false,שוקולד חלב לקמי רושן,,,שוקולד חלב לקמי רושן 90 גר,גרמים,90.00,100 גרם,false,1,6.90,7.6667,true,1,141156
4823077630422,false,קרקר סנדוויץ חלב וני,רושן,,קרקר סנדוויץ חלב וניל רושן 235 גר,גרמים,235.00,100 גרם,false,1,9.90,4.2128,true,1,133499
4823077630439,false,קרקר סנדוויץ שוקולד,רושן,,קרקר סנדוויץ שוקולד רושן 235 גר,גרמים,235.00,100 גרם,false,1,9.90,4.2128,true,1,133498
4823077630743,false,סוכריות מקל רושן קוק,,,סוכריות מקל רושן קוקטייל 920 גר,גרמים,920.00,100 גרם,false,1,24.90,2.7065,true,1,133506
4823077630996,false,קרקר סנדוויץ קקאו אג,רושן,,קרקר סנדוויץ קקאו אגוז רושן 235 גר,גרמים,235.00,100 גרם,false,1,9.90,4.2128,true,1,133497
4823077631023,false,עוגת רושן טרופל 520,,,עוגת רושן טרופל 520 גר,גרמים,520.00,100 גרם,false,1,49.90,9.5962,true,1,142907
4823077631337,false,בונ וצרני קייב גולד,,,בונ וצרני קייב גולד 132 גר,גרמים,132.00,100 גרם,false,9,18.90,14.3182,true,1,129633
4823077631467,false,קרקר עם מלח ים רושן,רושן,,קרקר עם מלח ים רושן 168 גר,גרמים,168.00,100 גרם,false,1,4.90,2.9167,true,1,133496
4823077631474,false,קרקר קלאסי רושן 168,רושן,,קרקר קלאסי רושן 168 גר,גרמים,168.00,100 גרם,false,1,4.90,2.9167,true,1,133495
4823077631856,false,וופל רול קונאפטו קוק,רושן,,וופל רול קונאפטו קוקוס 140 גר,גרמים,140.00,100 גרם,false,15,6.90,4.9286,true,1,131508
4823077631863,false,וופל רול קונאפטו וני,רושן,,וופל רול קונאפטו וניל 140 גר,גרמים,140.00,100 גרם,false,15,6.90,4.9286,true,1,131507
4823077631962,false,סוכריות טופי רושן במ,,,סוכריות טופי רושן במילוי שוקולד,קילוגרמים,1.00,"ק""ג",false,1,34.90,34.9000,true,1,133493
4823077632112,false,וופל רושן בטעם קקאו,,,וופל רושן בטעם קקאו חלב 216 גר,גרמים,216.00,100 גרם,false,1,6.90,3.1944,true,1,133490
4823077632259,false,בטונציק קרם בוטנים ר,רושן,,בטונציק קרם בוטנים רושן 38 גר,גרמים,38.00,100 גרם,false,30,3.90,10.2632,true,1,132047
4823077632327,false,סוכ קשות מנטה מנטול,,,סוכ קשות מנטה מנטול 1 קג,קילוגרמים,1.00,"ק""ג",false,1,24.90,24.9000,true,1,141155
4823077632495,false,פרלינים מונבלאן שוקו,,,פרלינים מונבלאן שוקולד אגוז שלם 1 קג,קילוגרמים,1.00,"ק""ג",false,1,69.90,69.9000,true,1,134090
4823077632501,false,פרלינים מונבלאן שוקו,,,פרלינים מונבלאן שוקולד שומשום 1 קג,קילוגרמים,1.00,"ק""ג",false,1,69.90,69.9000,true,1,134088
4823077632570,false,שוקולד מריר ברוט 85,רושן,,שוקולד מריר ברוט 80 גר,גרמים,85.00,100 גרם,false,20,6.90,8.1176,true,1,134099
4823077632587,false,שוקולד רושן חלב שקד,רושן,,שוקולד רושן חלב שקד שלם 90 גר,גרמים,90.00,100 גרם,false,1,7.90,8.7778,true,1,134098
4823077632594,false,שוקולד רושן חלב אגוז,רושן,,שוקולד רושן חלב אגוז שלם 90 גר,גרמים,90.00,100 גרם,false,1,7.90,8.7778,true,1,134097
4823077633034,false,גליליות וופל רושן קו,רושן,,גליליות וופל רושן קונאפטו קקאו 140 גר,גרמים,140.00,100 גרם,false,15,6.90,4.9286,true,1,132210
4823077633058,false,גליליות וופל רושן קו,רושן,,גליליות וופל רושן קונאפטו אגוז 140 גר,גרמים,140.00,100 גרם,false,15,6.90,4.9286,true,1,132209
4823077633317,false,עוגיות שוקולד עם חתי,,,עוגיות שוקולד עם חתיכות שוקולד 150 גר,גרמים,150.00,100 גרם,false,16,6.90,4.6000,true,1,133486
4823077633324,false,עוגיות שוקוציפס חתיכ,,,עוגיות שוקוציפס חתיכות שוקולד 150 גר,גרמים,150.00,100 גרם,false,16,6.90,4.6000,true,1,133485
4823077633331,false,עוגיות רושן בטעם תפו,,,עוגיות רושן בטעם תפוז 150 גר,גרמים,150.00,100 גרם,false,16,6.90,4.6000,true,1,133484
4823077633348,false,עוגיות רושן לוויטה ע,,,עוגיות רושן לוויטה עם חתיכות בוטנים 150,גרמים,150.00,100 גרם,false,16,6.90,4.6000,true,1,133502
4823077633508,false,חטיף וופל במילוי קרם,,,חטיף וופל במילוי קרם קקאו רושן 34 גר,גרמים,34.00,100 גרם,false,1,3.90,11.4706,true,1,141159
4823077633690,false,בונ שוטרס ויסקי רושן,רושן,,בונ שוטרס ויסקי רושן 150 גר,גרמים,150.00,100 גרם,false,1,12.90,8.6000,true,1,135727
4823077634116,false,סוכ קורובקה 1 קג,,,סוכ קורובקה 1 קג,קילוגרמים,1.00,"ק""ג",false,7,24.90,24.9000,true,1,133670
4823077634178,false,עוגיות במילוי תפוח ק,,,עוגיות במילוי תפוח קינמון 168 גר,גרמים,168.00,100 גרם,false,1,6.90,4.1071,true,1,135718
4823077634222,false,עוגיות תפוז 135 גר,,,עוגיות תפוז 135 גר,גרמים,135.00,100 גרם,false,1,6.90,5.1111,true,1,135723
4823077634246,false,עוגיות פטל 135 גר,,,עוגיות פטל 135 גר,גרמים,135.00,100 גרם,false,1,6.90,5.1111,true,1,135721
4823077634277,false,עוגיות תות שדה 135 ג,,,עוגיות תות שדה 135 גר,גרמים,135.00,100 גרם,false,1,6.90,5.1111,true,1,135722
4823077634345,false,ממתקי קקאו עם קרמל ב,,,ממתקי קקאו עם קרמל בוטנים תירס רושן 1 קג,קילוגרמים,1.00,"ק""ג",false,1,44.90,44.9000,true,1,141152
4823077634369,false,שוקולד חלב ופצפוצי א,,,שוקולד חלב ופצפוצי אורז לקמי רושן 85 גר,גרמים,85.00,100 גרם,false,1,6.90,8.1176,true,1,141157
4823077634376,false,שוקולד חלב וקרם אגוז,,,שוקולד חלב וקרם אגוזים לקמי רושן 85 גר,גרמים,85.00,100 גרם,false,1,6.90,8.1176,true,1,141158
4823077634413,false,עוגות אישיות תות שדה,,,עוגות אישיות תות שדה 270 גר,גרמים,270.00,100 גרם,false,1,13.90,5.1481,true,1,135726
4823077634420,false,עוגות אישיות חלב 270,,,עוגות אישיות חלב 270 גר,גרמים,270.00,100 גרם,false,1,13.90,5.1481,true,1,135724
4823077634741,false,עוגיות במילוי תות שד,,,עוגיות במילוי תות שדה 168 גר,גרמים,168.00,100 גרם,false,1,6.90,4.1071,true,1,135728
4823077635489,false,חטיף וופל רושן קרם ק,,,חטיף וופל רושן קרם קקאו 350 גר,גרמים,350.00,100 גרם,false,1,16.90,4.8286,true,1,137830
4823077635533,false,חטיף וופל רושן קרם ח,,,חטיף וופל רושן קרם חלב 350 גר,גרמים,350.00,100 גרם,false,1,16.90,4.8286,true,1,137829
4823077635564,false,חטיף וופל רושן גוני,,,חטיף וופל רושן גוני קרוקר קרם קקאו 1 קג,קילוגרמים,1.00,"ק""ג",false,,34.90,34.9000,true,1,137712
4823077635601,false,חטיף וופל רושן גוני,,,חטיף וופל רושן גוני קרוקר קרם חלב,קילוגרמים,1.00,"ק""ג",false,,34.90,34.9000,true,1,137711
4823077636004,false,עוגיות קקאו דובדבן ל,,,עוגיות קקאו דובדבן לוביטה 135 גר,גרמים,135.00,100 גרם,false,1,6.90,5.1111,true,1,137831
4823077636059,false,עוגיות קקאו דובדבן ל,,,עוגיות קקאו דובדבן לוביטה 420 גר,גרמים,420.00,100 גרם,false,1,16.90,4.0238,true,1,137828
4823077636073,false,עוגיות תות שדה לוביט,,,עוגיות תות שדה לוביטה 420 גר,גרמים,420.00,100 גרם,false,1,16.90,4.0238,true,1,137826
4823077636097,false,עוגיות פטל לוביטה 42,,,עוגיות פטל לוביטה 420 גר,גרמים,420.00,100 גרם,false,1,16.90,4.0238,true,1,137825
4823077636110,false,עוגיות תפוז לוביטה 4,,,עוגיות תפוז לוביטה 420 גר,גרמים,420.00,100 גרם,false,1,16.90,4.0238,true,1,137827
4823077636172,false,וופל רושן בטעם לימון,,,וופל רושן בטעם לימון 216 גר,גרמים,216.00,100 גרם,false,20,6.90,3.1944,true,1,139891
4823077636554,false,סוכ טיפת חלב 378 גר,רושן,,סוכ טיפת חלב 378 גר,גרמים,378.00,100 גרם,false,12,11.90,3.1481,true,1,139459
4823077636578,false,סוכ כוס חלב 325 גר,רושן,,סוכ כוס חלב 325 גר,גרמים,325.00,100 גרם,false,12,11.90,3.6615,true,1,139461
4823077638367,false,עוגת רושן זולוטוי קל,,,עוגת רושן זולוטוי קלוציק 500 גר,גרמים,500.00,100 גרם,false,1,49.90,9.9800,true,1,142906
4823090300838,false,קרקר פאני פישס 400 ג,,,קרקר פאני פישס 400 גר,גרמים,400.00,100 גרם,false,1,12.90,3.2250,true,1,113567
4823090302436,false,פאי קרוסטטה ענבי שוע,KHARKIV BISCUIT,UA,פאי קרוסטטה ענבי שועל 370 גר,גרמים,370.00,100 גרם,false,8,17.90,4.8378,true,1,120886
4823090302481,false,ביסקוויט לוזוק בטעם,,,ביסקוויט לוזוק בטעם חלב אפוי 180 גר,גרמים,180.00,100 גרם,false,1,5.90,3.2778,true,1,120447
4823090302498,false,ביסקוויט לוזוק בטעם,,,ביסקוויט לוזוק בטעם שמנת 180 גר,גרמים,180.00,100 גרם,false,1,5.90,3.2778,true,1,120448
4823090302528,false,ביסקוויט לוזוק בטעם,,,ביסקוויט לוזוק בטעם ריבת חלב 180 גר,גרמים,180.00,100 גרם,false,1,5.90,3.2778,true,1,120446
4823090302948,false,פאי קרוסטטה דובדבן 3,KHARKIV BISCUIT,UA,פאי קרוסטטה דובדבן 370 גר,גרמים,370.00,100 גרם,false,8,17.90,4.8378,true,1,130658
4823090303525,false,עוגת וופל קפריזוליה,חרקוב בסקוויט,,עוגת וופל קפריזוליה בטעם שוקולד 220 גר,גרמים,220.00,100 גרם,false,1,10.90,4.9545,true,1,129540
4823096001258,false,רוטב צומק בטעם גבינה,,,רוטב צומק בטעם גבינה 340 גר,גרמים,340.00,100 גרם,false,1,10.90,3.2059,true,1,118181
4823097809747,false,גלידת שוקולד בכוס 70,ז'יטומרסקי זאבוד,,גלידת שוקולד בכוס 70 גר,גרמים,70.00,100 גרם,false,1,5.90,8.4286,true,1,135559
4823097809754,false,גלידה בריקט צימוקים,ז'יטומרסקי זאבוד,,גלידה בריקט 90 גר צימוקים,גרמים,90.00,100 גרם,false,1,5.90,6.5556,true,1,133071
4823097809778,false,גלידה בריקט שוקולד 9,ז'יטומרסקי זאבוד,,גלידה בריקט שוקולד 90 גר,גרמים,90.00,100 גרם,false,25,5.90,6.5556,true,1,133466
4823097809785,false,גלידה בטעם וניל 1 קג,ז'יטומרסקי זאבוד,,גלידה וניל 1 קג,קילוגרמים,1.00,"ק""ג",false,1,36.90,36.9000,true,1,133070
4823097809792,false,גלידה שוקו 1 קג,ז'יטומרסקי זאבוד,,גלידה שוקו 1 קג,קילוגרמים,1.00,"ק""ג",false,6,36.90,36.9000,true,1,135558
4823097809808,false,גלידה וניל 500 גר,ז'יטומרסקי זאבוד,,גלידה וניל 500 גר,גרמים,500.00,100 גרם,false,1,21.90,4.3800,true,1,135557
4823098200208,false,וודקה חלבני דאר קראפ,NATIONAL ALCOHOL COM,,"וודקה חלבני דאר קראפטד קלאסיק 700 מ""ל",מיליליטרים,700.00,"100 מ""ל",false,1,54.90,7.8429,true,1,115411
4823105400096,false,מלפפונים בחומץ 300 ג,,,מלפפונים בחומץ 300 גר,גרמים,300.00,100 גרם,false,1,12.90,4.3000,true,1,140440
4823105400393,false,אגיקה בסגנון גרוזיני,,,אגיקה בסגנון גרוזיני 310 גר,גרמים,310.00,100 גרם,false,1,13.90,4.4839,true,1,140435
4823105400447,false,אגיקה בסגנון קווקזי,,,אגיקה בסגנון קווקזי חריפה 220 גר,גרמים,220.00,100 גרם,false,1,9.90,4.5000,true,1,140436
4823105400508,false,חרדל בסגנון צרפתי 19,,,חרדל בסגנון צרפתי 190 גר,גרמים,190.00,100 גרם,false,1,6.90,3.6316,true,1,140431
4823105400539,false,מרינדה לעוף 140 גר,,,מרינדה לעוף 140 גר,גרמים,140.00,100 גרם,false,1,6.90,4.9286,true,1,125176
4823105400553,false,מרינדה לשישליק 140 ג,,,מרינדה לשישליק 140 גר,גרמים,140.00,100 גרם,false,1,6.90,4.9286,true,1,125174
4823105400577,false,ממרח חצילים עם ירקות,,,ממרח חצילים עם ירקות 500 גר,גרמים,500.00,100 גרם,false,1,13.90,2.7800,true,1,140446
4823105400713,false,חצילים ברוטב סלסה 50,,,חצילים ברוטב סלסה 500 גר,גרמים,500.00,100 גרם,false,1,14.90,2.9800,true,1,140448
4823105400720,false,חציל עם ירקות 500 גר,,,חציל עם ירקות 500 גר,גרמים,500.00,100 גרם,false,1,14.90,2.9800,true,1,140449
4823105400768,false,פלפל מתוק בחומץ 500,,,פלפל מתוק בחומץ 500 גר,גרמים,500.00,100 גרם,false,1,13.90,2.7800,true,1,140451
4823105400775,false,עגבניות בחומץ 780 גר,,,עגבניות בחומץ 780 גר,גרמים,780.00,100 גרם,false,1,17.90,2.2949,true,1,140444
4823105400805,false,אפונה במי מלח 510 גר,,,אפונה במי מלח 510 גר,גרמים,510.00,100 גרם,false,1,12.90,2.5294,true,1,140439
4823105400898,false,מרינדה לברביקיו 140,,,מרינדה לברביקיו 140 גר,גרמים,140.00,100 גרם,false,1,6.90,4.9286,true,1,140454
4823105401086,false,ממרח זוקיני עם פלפל,,,ממרח זוקיני עם פלפל חריף 500 גר,גרמים,500.00,100 גרם,false,1,13.90,2.7800,true,1,140447
4823105402618,false,חרדל בסגנון רוסי חרי,,,חרדל בסגנון רוסי חריף 190 גר,גרמים,190.00,100 גרם,false,1,6.90,3.6316,true,1,140428
4823105403004,false,פלפל שחור טחון 20 גר,,,פלפל שחור טחון 20 גר,גרמים,20.00,100 גרם,false,1,2.90,14.5000,true,1,140455
4823105403059,false,תערובת תיבול לשישליק,,,תערובת תיבול לשישליק 20 גר,גרמים,20.00,100 גרם,false,1,2.90,14.5000,true,1,140459
4823105403066,false,תערובת תיבול לבשר 20,,,תערובת תיבול לבשר 20 גר,גרמים,20.00,100 גרם,false,1,2.90,14.5000,true,1,140461
4823105403073,false,תערובת תיבול לפלוב 2,,,תערובת תיבול לפלוב 20 גר,גרמים,20.00,100 גרם,false,1,2.90,14.5000,true,1,140462
4823105403615,false,תערובת תיבול ירקות ב,,,תערובת תיבול ירקות בטעם פטריות 10 גר,גרמים,10.00,100 גרם,false,1,2.90,29.0000,true,1,140464
4823105403622,false,עלי דפנה 7 גר,,,עלי דפנה 7 גר,גרמים,7.00,100 גרם,false,1,2.90,41.4286,true,1,140458
4823105404131,false,חרדל דיזון 200 גר,,,חרדל דיזון 200 גר,גרמים,200.00,100 גרם,false,1,6.90,3.4500,true,1,140430
4823105802913,false,בונ שוקולדני נוצ 170,,,בונ שוקולדני נוצ 170 גר,גרמים,170.00,100 גרם,false,1,29.90,17.5882,true,1,127926
4823105808410,false,חטיף שוקולד מריר ממו,,,חטיף שוקולד מריר ממולא שוקולד עם פרוקטוז,גרמים,38.00,100 גרם,false,1,3.90,10.2632,true,1,138174
4840008000499,false,סושקה פרנזלוטה צלנוצ,FRANZELUTA,,סושקה  פרנזלוטה צלנוצוק 500גר,גרמים,500.00,100 גרם,false,1,9.90,1.9800,true,1,74779
4840008000987,false,סושקה פרנזלוטה בטעם,FRANZELUTA,,סושקה  פרנזלוטה בטעם וניל 500גר,גרמים,500.00,100 גרם,false,1,9.90,1.9800,true,1,74777
4840008001199,false,סושקה מיני פרנזלוטה,FRANZELUTA,,סושקה מיני פרנזלוטה בטעם וניל 500 גר,גרמים,500.00,100 גרם,false,1,9.90,1.9800,true,1,74774
4840008001205,false,סושקה מיני פרנזלוטה,FRANZELUTA,,סושקה מיניע פרנזלוטה עם פרג 500גר,גרמים,500.00,100 גרם,false,1,9.90,1.9800,true,1,74775
4840008008624,false,סושקה מיני פרנזלוטה,FRANZELUTA,,סושקה מיניע פרנזלוטה לוביטלסקייה 500גר,גרמים,500.00,100 גרם,false,1,9.90,1.9800,true,1,74776
4840008017749,false,מיני סוחרי וניל פראנ,FRANZELUTA,,מיני סוחרי וניל פראנזלוטה 200 גר,גרמים,200.00,100 גרם,false,1,7.90,3.9500,true,1,105379
4840008017763,false,מיני צנימים פראנזלוצ,FRANZELUTA,,מיני צנימים פראנזלוצה עם צימוקים 200גר,גרמים,200.00,100 גרם,false,1,7.90,3.9500,true,1,76278
4840008018319,false,דובשניות עם שזיף 400,Franzeluta,,דובשניות עם שזיף 400 גר,גרמים,400.00,100 גרם,false,1,8.90,2.2250,true,1,109299
4840008018333,false,דובשניות פרנזולטה בט,Franzeluta,,דובשניות פרנזולטה בטעם דבש 400 גר,גרמים,400.00,100 גרם,false,1,8.90,2.2250,true,1,96668
4840008018371,false,דובשניות פרנזלוטה סב,FRANZELUTA,,דובשניות פרנזלוטה סברניה 400 גר,גרמים,400.00,100 גרם,false,1,8.90,2.2250,true,1,97758
4840008019521,false,עוגיות פרנזולטה בצק,FRANZELUTA,,עוגיות פרנזולטה בצק עלים לבבות דקל 350 ג,גרמים,350.00,100 גרם,false,1,9.90,2.8286,true,1,109836
4840008028028,false,צנימים פראנזלוצה עם,FRANZELUTA,,צנימים פראנזלוצה עם צימוקים 200גר,גרמים,200.00,100 גרם,false,1,7.90,3.9500,true,1,76277
4840008030243,false,לחם שיפון טאלין פרוס,,,לחם שיפון טאלין פרוס 500 גר,גרמים,500.00,100 גרם,false,1,9.90,1.9800,true,1,132591
4840008031806,false,דובשניות בטעם חלב מר,Franzeluta,,דובשניות בטעם חלב מרוכז 400 גר,גרמים,400.00,100 גרם,false,1,8.90,2.2250,true,1,106612
4840008037778,false,סופר מיני סושקה וניל,,MD,סופר מיני סושקה וניל 300 גר,גרמים,300.00,100 גרם,false,12,7.90,2.6333,true,1,136824
4840008037792,false,סופר מיני סושקה לובי,,MD,סופר מיני סושקה לוביטלסקיה 300 גר,גרמים,300.00,100 גרם,false,12,7.90,2.6333,true,1,136825
4840013000217,false,יין מבעבע קריקובה חצ,קריקובה,MD,שמפניה קריקובה חצי מ,מיליליטרים,750.00,"100 מ""ל",false,12,39.90,5.3200,true,1,48029
4840013000248,false,יין מבעבע קריקובה חצ,קריקובה,MD,שמפניה קריקובה חצי י,מיליליטרים,750.00,"100 מ""ל",false,12,39.90,5.3200,true,1,48030
4840013000866,false,יין מבעבע קריקובה אד,קריקובה,MD,שמפניה קריקובה אדום,מיליליטרים,750.00,"100 מ""ל",false,12,39.90,5.3200,true,1,92021
4840013001054,false,יין מבעבע קריקובה מו,קריקובה,MD,שמפניה קריקובה מוסקט,מיליליטרים,750.00,"100 מ""ל",false,12,39.90,5.3200,true,1,48031
4840013006868,false,יין מבעבע קריקובה בר,קריקובה,MD,"יין מבעבע קריקובה ברוט 750 מ""ל",מיליליטרים,750.00,"100 מ""ל",false,12,39.90,5.3200,true,1,124829
4840019004622,false,מלפפונים בחומץ 670 ג,,,מלפפונים בחומץ 670 גר,גרמים,670.00,100 גרם,false,1,10.90,1.6269,true,1,140663
4840019004639,false,אסורטי עגבניות ומלפפ,,,אסורטי עגבניות ומלפפונים מוחמצים 980 גר,גרמים,980.00,100 גרם,false,1,13.90,1.4184,true,1,140667
4840019004646,false,פלפל מתוק מוחמץ 400,,,פלפל מתוק מוחמץ 400 גר,גרמים,400.00,100 גרם,false,1,13.90,3.4750,true,1,140669
4840019004653,false,עגבניות שרי מוחמצות,,,עגבניות שרי מוחמצות 670 גר,גרמים,670.00,100 גרם,false,1,10.90,1.6269,true,1,140665
4840019004660,false,עגבניות אדמדמות וחומ,,,עגבניות אדמדמות וחומות מוחמצות 670 גר,גרמים,670.00,100 גרם,false,1,10.90,1.6269,true,1,140664
4840019004721,false,קורנישונים בחומץ 670,,,קורנישונים בחומץ 670 גר,גרמים,670.00,100 גרם,false,1,10.90,1.6269,true,1,140666
4840022000956,false,מיץ ויטה פרמיום תפוח,,,מיץ ויטה פרמיום תפוח גזר 1ל,ליטרים,1.00,ליטר,false,1,12.90,12.9000,true,1,75412
4840022001199,false,מיץ ויטה פרמיום עגבנ,,,מיץ ויטה פרמיום עגבניות 1ל,ליטרים,1.00,ליטר,false,1,12.90,12.9000,true,1,75411
4840022004107,false,ריבת אוכמניות שחורות,,,ריבת אוכמניות שחורות 680גר,גרמים,670.00,100 גרם,false,1,26.90,4.0149,true,1,48285
4840022004152,false,נקטר ויטה נטורליס תפ,,,נקטר ויטה נטורליס תפוח משמש 1ל,ליטרים,1.00,ליטר,false,1,9.90,9.9000,true,1,75407
4840022004169,false,נקטר ויטה נטורליס תפ,,,נקטר ויטה נטורליס תפוח אגסים 1ל,ליטרים,1.00,ליטר,false,1,9.90,9.9000,true,1,75405
4840022004183,false,מיץ ויטה נטורליס שזי,,,מיץ ויטה נטורליסשזיפים 1 ליטר,ליטרים,1.00,ליטר,false,1,9.90,9.9000,true,1,75394
4840022004190,false,נקטר ויטה נטורליס אפ,,,נקטר ויטה נטורליס אפרסק 1 ל,ליטרים,1.00,ליטר,false,1,9.90,9.9000,true,1,116713
4840022004206,false,מיץ עגבניות ויטה נטו,,,מיץ עגבניות ויטה נטורליס 1ל,ליטרים,1.00,ליטר,false,1,9.90,9.9000,true,1,76187
4840022004589,false,מיץ ויטה נטורליס תפו,,,מיץ ויטה נטורליס תפוח-משמש 2 ליטר,ליטרים,2.00,ליטר,false,1,16.90,8.4500,true,1,75395
4840022004626,false,מיץ ויטה נטורליס עגב,,,מיץ ויטה נטורליס עגבניות 2 ליטר,ליטרים,2.00,ליטר,false,1,16.90,8.4500,true,1,75397
4840022005265,false,מיץ תפוחים 1 ל,,,מיץ תפוחים 1 ליטר,ליטרים,1.00,ליטר,false,1,10.90,10.9000,true,1,48286
4840022005272,false,מיץ תפוח ענבים 1 ל,,,מיץ תפוח ענבים 1 ליטר,ליטרים,1.00,ליטר,false,1,10.90,10.9000,true,1,48287
4840022005289,false,נקטר ויטה משמש 1 ל,,,נקטר ויטה משמש 1ל,ליטרים,1.00,ליטר,false,1,10.90,10.9000,true,1,75400
4840022005319,false,נקטר דובדבן חמוץ מתו,,,נקטר דובדבן חמוץ מתוק 1 ליטר,ליטרים,1.00,ליטר,false,1,10.90,10.9000,true,1,48192
4840022005326,false,מיץ עגבניות ויטה 1 ל,,,מיץ עגבניות 1 ליטר,ליטרים,1.00,ליטר,false,1,10.90,10.9000,true,1,48193
4840022005647,false,ריבת תותים 680 גר,,,ריבת תותים 680גר,גרמים,680.00,100 גרם,false,1,26.90,3.9559,true,1,48194
4840022005760,false,נקטר ויטה תות בננה 1,,,נקטר ויטה תות בננה 1 ל,ליטרים,1.00,ליטר,false,1,10.90,10.9000,true,1,121019
4840022005876,false,נקטר רימונים 1 ל,,,נקטר רימונים 1 ליטר,ליטרים,1.00,ליטר,false,1,10.90,10.9000,true,1,48291
4840022006200,false,נקטר ויטה אננס 1 ל,,,נקטר ויטה אננס 1 ל,ליטרים,1.00,ליטר,false,1,10.90,10.9000,true,1,121018
4840022006637,false,נקטר נטורליס תפוח דו,,,נקטר ויטה נטורליס תפוח דובדבן 1 ליטר,ליטרים,1.00,ליטר,false,1,9.90,9.9000,true,1,48296
4840022006651,false,נקטר ויטה נטורליס תפ,,,"נקטר ויטה נטורליס תפו""ע ענבים 1 ל",ליטרים,1.00,ליטר,false,1,9.90,9.9000,true,1,116714
4840022006668,false,נקטר ויטה נטוראליס ת,,,נקטר ויטה נטוראליס תפוח ענבים 2ל,ליטרים,2.00,ליטר,false,1,16.90,8.4500,true,1,75410
4840022006675,false,נקטר ויטה דובדבן 1 ל,,,נקטר ויטה דובדבן 1ל,ליטרים,1.00,ליטר,false,1,10.90,10.9000,true,1,75401
4840022006699,false,נקטר ויטה נטורליס תפ,,,נקטר ויטה נטורליס תפוח עץ אדום 1ל,ליטרים,1.00,ליטר,false,1,9.90,9.9000,true,1,76186
4840022006705,false,נקטר ויטה נטוראליס ת,,,נקטר ויטה נטוראליס תפוח אדום 2ל,ליטרים,2.00,ליטר,false,1,16.90,8.4500,true,1,75409
4840022007238,false,קונפיטיור ויטה אפרסק,סיא בוגה,,קונפיטיור ויטה אפרסק 360 גר,גרמים,360.00,100 גרם,false,1,9.90,2.7500,true,1,112921
4840022007368,false,פטיסונים מוחמצים ויט,,,פטיסונים מוחמצים ויטה 660גר,גרמים,660.00,100 גרם,false,1,16.90,2.5606,true,1,75419
4840022007429,false,קונפיטיור ויטה חבושי,סיא בוגה,,קונפיטיור ויטה חבושים 380 גר,גרמים,380.00,100 גרם,false,1,9.90,2.6053,true,1,117408
4840022007870,false,ממרח קישואים ויטה 40,,,ממרח קישואים ויטה 400 גר,גרמים,400.00,100 גרם,false,1,9.90,2.4750,true,1,127597
4840022008044,false,קונפיטיור ויטה פירות,סיא בוגה,,קונפיטיור ויטה פירות יער 360 גר,גרמים,360.00,100 גרם,false,1,9.90,2.7500,true,1,112924
4840022008709,false,משקה קל ויטה נטורליס,,,משקה קל ויטה נטורליס אפרסק מנגו 1 ל,ליטרים,1.00,ליטר,false,1,9.90,9.9000,true,1,116715
4840022008747,false,ריבה שזיפים ויטה 680,,,ריבה שזיפים ויטה 680 גר,גרמים,680.00,100 גרם,false,1,26.90,3.9559,true,1,113416
4840022009225,false,ריבה אפרסקים ויטה 68,,,ריבה אפרסקים ויטה 680 גר,גרמים,680.00,100 גרם,false,1,26.90,3.9559,true,1,113415
4840022009553,false,משקה קל נטורליס פירו,,,משקה קל נטורליס פירות טרופיים 1 ל,ליטרים,1.00,ליטר,false,1,9.90,9.9000,true,1,120909
4840022009560,false,משקה קל ויטה נטורליס,,,משקה קל ויטה נטורליס תפוחים פירות יער 1ל,ליטרים,1.00,ליטר,false,1,9.90,9.9000,true,1,121612
4840022009997,false,משקה קל נטורליס אפרס,,,משקה קל  נטורליס אפרסק מנגו 2 ל,ליטרים,2.00,ליטר,false,1,16.90,8.4500,true,1,135164
4840022010436,false,ריבת דובדבן חמוץ ויט,,,ריבת דובדבן חמוץ ויטה 680 גר,גרמים,680.00,100 גרם,false,1,26.90,3.9559,true,1,132622
4840022010788,false,משקה קל תפוח ענבים נ,,,משקה קל תפוח ענבים נטורליס 1 ל,ליטרים,1.00,ליטר,false,1,9.90,9.9000,true,1,139808
4840022010795,false,משקה קל תפוח חמוציות,,,משקה קל תפוח חמוציות נטורליס 1 ל,ליטרים,1.00,ליטר,false,1,9.90,9.9000,true,1,139807
4840034001866,false,אפונה ירוקה ויטה 415,,,אפונה ירוקה ויטה 415גר,גרמים,415.00,100 גרם,false,1,8.90,2.1446,true,1,80028
4840048000299,false,ברנדי בליי אייסט 500,,,"ברנדי ""בליי אייסט"" 0",מיליליטרים,500.00,"100 מ""ל",false,1,69.90,13.9800,true,1,45244
4840095001263,false,בונבוניירות מטאורית,BUCURIA,,"בונבוניירות ""מטאורית 400גר",גרמים,400.00,100 גרם,false,1,29.90,7.4750,true,1,45255
4840095003090,false,מרמלד דולקי 350 גר,BUCURIA,,"מרמלד דולקי 350 ג""ר",גרמים,350.00,100 גרם,false,1,11.90,3.4000,true,1,45259
4840095032236,false,בונבוניירת חלב ציפור,BUCURIA,,בונבוניירת חלב ציפורים פסרייה מאיסטרה,גרמים,260.00,100 גרם,false,1,19.90,7.6538,true,1,110414
4840095033134,false,עוגה אישית חלב ציפור,BUCURIA,,עוגה אישית חלב ציפורים פסרייה מאיסטרה,גרמים,350.00,100 גרם,false,1,19.90,5.6857,true,1,110415
4840181001436,false,יין רטריו איזבלה אדו,,,"יין אדום ""רטריו"" איז",מיליליטרים,750.00,"100 מ""ל",false,1,31.90,4.2533,true,1,45272
4840181001559,false,יין לבן גראנד מוסקט,,,"יין לבן ""גראנד"" מוסק",מיליליטרים,750.00,"100 מ""ל",false,1,31.90,4.2533,true,1,45274
4840181001597,false,יין קגור 750 מל,,,"יין ""קגור"" 0.75 ליטר",מיליליטרים,750.00,"100 מ""ל",false,1,31.90,4.2533,true,1,45275
4840254002162,false,יין לטו לבן חצי מתוק,,,יין לטו לבן חצי מתוק שרדונה 1ל,ליטרים,1.00,ליטר,false,1,39.90,39.9000,true,1,79698
4840254002179,false,יין לטו לבן חצי מתוק,,,יין לטו לבן חצי מתוק מוסקט 1ל,ליטרים,1.00,ליטר,false,1,39.90,39.9000,true,1,79699
4840254002186,false,יין אדום בון וייז מר,,,"יין אדום ""בון וייז"" מרלו 1 ל",ליטרים,1.00,ליטר,false,1,39.90,39.9000,true,1,45277
4840259011046,false,כעכים עם סובין 300 ג,,,כעכים עם סובין 300 גר,גרמים,300.00,100 גרם,false,1,9.90,3.3000,true,1,141109
4840259011053,false,כעכים עם חיטה מונבטת,,,כעכים עם חיטה מונבטת 300 גר,גרמים,300.00,100 גרם,false,1,9.90,3.3000,true,1,141110
4840267006881,false,יין קברנה אדום חצי מ,אלבסטרילי ויינס אס א,,"יין קברנה אדום חצי מתוק 750 מ""ל",מיליליטרים,750.00,"100 מ""ל",false,1,32.90,4.3867,true,1,104742
4840267007031,false,יין שרדונה לבן חצי מ,אלבסטרילי ויינס אס א,,"יין שרדונה לבן חצי מתוק 750 מ""ל",מיליליטרים,750.00,"100 מ""ל",false,1,32.90,4.3867,true,1,104745
4840267007048,false,יין מרלו אדום חצי מת,אלבסטרילי ויינס אס א,,"יין מרלו אדום חצי מתוק 750 מ""ל",מיליליטרים,750.00,"100 מ""ל",false,1,32.90,4.3867,true,1,104739
4840267008168,false,יין אדום חצי מתוק אי,אלבסטרילי ויינס אס א,,"יין אדום חצי מתוק איזבלה 750 מ""ל",מיליליטרים,750.00,"100 מ""ל",false,1,32.90,4.3867,true,1,110285
4840472005532,false,יין פורקרי מרלו 750,,,יין פורקרי מרלו 750 מל,מיליליטרים,750.00,"100 מ""ל",false,1,64.90,8.6533,true,1,71297
4840472005556,false,יין פורקרי פינו נואר,,,"יין ""פורקארו"" פינות",מיליליטרים,750.00,"100 מ""ל",false,6,64.90,8.6533,true,1,71299
4840472005563,false,יין פורקרי שרדונה 75,,,"יין ""פורקארו"" שרדונה",מיליליטרים,750.00,"100 מ""ל",false,6,64.90,8.6533,true,1,71300
4840472005570,false,יין פורקרי סוביניון,,,"יין ""פורקארו"" סביון",מיליליטרים,750.00,"100 מ""ל",false,6,64.90,8.6533,true,1,71301
4840472013551,false,יין פורקרי ררה נגרה,,,יין פורקרי ררה נגרה 750 מל,מיליליטרים,750.00,"100 מ""ל",false,6,64.90,8.6533,true,1,131865
4840472017597,false,יין פרידום דה פורקרי,,,יין פרידום דה פורקרי 750 מל,מיליליטרים,750.00,"100 מ""ל",false,1,79.90,10.6533,true,1,138949
4840472020122,false,יין מלבק דה פורקרי 7,,,יין מלבק דה פורקרי 750 מל,מיליליטרים,750.00,"100 מ""ל",false,1,79.90,10.6533,true,1,140614
4840472020900,false,יין פורקרי ויין קריי,,,יין פורקרי ויין קריים 750 מל,מיליליטרים,750.00,"100 מ""ל",false,1,64.90,8.6533,true,1,142420
4840490000304,false,גרעינים דנדר לא קלוי,DANDAR,,גרעינים דנדר לא קלויים 800גר,גרמים,800.00,100 גרם,false,1,16.90,2.1125,true,1,77492
4840526001398,false,יין לבן בון וייג מתו,,,"יין לבן ""בון וייג"" מ",ליטרים,1.00,ליטר,false,1,39.90,39.9000,true,1,45316
4840526001428,false,יין אדום בון וייג 1,,,"יין אדום ""בון וייג""",ליטרים,1.00,ליטר,false,1,39.90,39.9000,true,1,45317
4840526005761,false,יין סטורקס אדום חצי,,,יין סטורקס אדום חצי יבש מרלו 750 מל,מיליליטרים,750.00,"100 מ""ל",false,1,31.90,4.2533,true,1,79712
4840526006249,false,יין סטורקס לבן חצי י,,,יין סטורקס לבן חצי יבש שרדונה 750 מל,מיליליטרים,750.00,"100 מ""ל",false,1,31.90,4.2533,true,1,79713
4840557002937,false,ברנדי קנטמרי פרסטיז,מולדבסקי סטנדרט,,"ברנדי קנטמרי פרסטיז 500 מ""ל",מיליליטרים,500.00,"100 מ""ל",false,1,49.90,9.9800,true,1,139951
4840709003393,false,ברנדי קווינט 500 מל,,,"ברנדי קווינט 500 מ""ל",מיליליטרים,500.00,"100 מ""ל",false,1,49.90,9.9800,true,1,102912
4840748000476,false,מלפפונים 6-9 מוחמצים,,,מלפפונים 6-9 מוחמצים 670 גר,גרמים,670.00,100 גרם,false,1,10.90,1.6269,true,1,141780
4840748000506,false,מלפפונים 9-11 מוחמצי,,,מלפפונים 9-11 מוחמצים 1600 גר,גרמים,1600.00,100 גרם,false,1,24.90,1.5562,true,1,141781
4840748000605,false,עגבניות מוחמצות 670,,,עגבניות מוחמצות 670 גר,גרמים,670.00,100 גרם,false,1,10.90,1.6269,true,1,142123
4840748000667,false,פטיסונים מוחמצים 670,,,פטיסונים מוחמצים 670 גר,גרמים,670.00,100 גרם,false,1,14.90,2.2239,true,1,45349
4840748000698,false,מלפפונים ועגבניות מו,,,מלפפונים ועגבניות מוחמצים 670 גר,גרמים,670.00,100 גרם,false,1,10.90,1.6269,true,1,139757
4840748002753,false,אפונה בראבו 420 גר,נטור ברבו,,אפונה בראבו 420 גר,גרמים,420.00,100 גרם,false,1,7.90,1.8810,true,1,102628
4840748005556,false,מלפפונים 6-9 במלח 92,,,מלפפונים 6-9 במלח 925 גר,גרמים,925.00,100 גרם,false,1,14.90,1.6108,true,1,139756
4841883000123,false,קוניאק XO קווינט דוי,,,קוניאק קווינט דוינה 9 שנים XO,מיליליטרים,500.00,"100 מ""ל",false,1,79.90,15.9800,true,1,122885
4850001001911,false,ברנדי אררט 3 שנים 70,ירוואן ברנדי קומפני,,"ברנדי אררט 3 שנים 700 מ""ל",מיליליטרים,700.00,"100 מ""ל",false,1,109.90,15.7000,true,1,101736
4850001001942,false,ברנדי אררט 5 שנים 70,,,"ברנדי אררט 5 שנים 700 מ""ל",מיליליטרים,700.00,"100 מ""ל",false,1,149.90,21.4143,true,1,112666
4850001005285,false,ברנדי אררט אפריקוט 7,,AM,ברנדי אררט אפריקוט 700 מל,מיליליטרים,700.00,"100 מ""ל",false,12,149.90,21.4143,true,1,134201
4850001005599,false,ברנדי אררט אני 7 שני,,AM,ברנדי אררט אני 7 שנים 700 מל,מיליליטרים,700.00,"100 מ""ל",false,12,174.90,24.9857,true,1,134200
4850001032540,false,קונפיטורת תאנים 600,,,קונפיטורת תאנים 600 גר,גרמים,600.00,100 גרם,false,1,25.90,4.3167,true,1,124495
4850001032595,false,ריבת אגוזי מלך ירוקי,,,ריבת אגוזי מלך ירוקים 600 גר,גרמים,600.00,100 גרם,false,1,25.90,4.3167,true,1,114878
4850001035268,false,ריבת חבוש 600 גר,,,ריבת חבוש 600 גר,גרמים,600.00,100 גרם,false,1,25.90,4.3167,true,1,114880
4850001035275,false,ריבת דובדבני קורנילה,,,ריבת דובדבני קורנילה קיזיל 600 גר,גרמים,600.00,100 גרם,false,1,25.90,4.3167,true,1,118952
4850001035381,false,ריבת עלי ורדים 600 ג,,,ריבת עלי ורדים 600 גר,גרמים,600.00,100 גרם,false,1,25.90,4.3167,true,1,114881
4850001035602,false,ריבת דובדבן חמוץ 600,,,ריבת דובדבן חמוץ 600 גר,גרמים,600.00,100 גרם,false,1,25.90,4.3167,true,1,118951
4850001035619,false,ריבת פרי עץ תות 600,,,ריבת פרי עץ תות 600 גר,גרמים,600.00,100 גרם,false,1,25.90,4.3167,true,1,114879
4850001035718,false,ריבת דובדבנים לבנים,,,ריבת דובדבנים לבנים 600 גר,גרמים,600.00,100 גרם,false,1,25.90,4.3167,true,1,118950
4850001036951,false,רוטב רימונים 420 גר,,,רוטב רימונים 420 גר,גרמים,420.00,100 גרם,false,1,24.90,5.9286,true,1,140595
4850001037668,false,ריבת שזיפי בר 600 גר,,,ריבת שזיפי בר 600 גר,גרמים,600.00,100 גרם,false,8,25.90,4.3167,true,1,130917
4850001110033,false,נקטר סיס תפוחים 1.6,,,"נקטר ""סיס"" תפוחים 1.6 ל",ליטרים,1.60,ליטר,false,1,18.90,11.8125,true,1,110457
4850001110064,false,נקטר סיס דומדמניות ש,,,"נקטר ""סיס"" דומדמניות שחורות 1.6 ל",ליטרים,1.60,ליטר,false,1,18.90,11.8125,true,1,110464
4850001110132,false,נקטר סיס תות בננה 1.,,,"נקטר ""סיס"" תות בננה 1.6 ל",ליטרים,1.60,ליטר,false,1,18.90,11.8125,true,1,110460
4850001110415,false,נקטר סיס דובדבנים 1.,,,"נקטר ""סיס"" דובדבנים 1.6 ל",ליטרים,1.60,ליטר,false,1,18.90,11.8125,true,1,110456
4850001110439,false,ממרח חצילים יאן 470,,,"ממרח חצילים ""יאן"" 470 גר",גרמים,470.00,100 גרם,false,1,15.90,3.3830,true,1,108507
4850001110606,false,נקטר סיס רימונים 1.6,,,"נקטר ""סיס"" רימונים 1.6 ל",ליטרים,1.60,ליטר,false,1,18.90,11.8125,true,1,110455
4850001111009,false,מיץ רימונים יאן טבעי,,,"מיץ רימונים ""יאן"" טבעי 930 מ""ל",מיליליטרים,930.00,"100 מ""ל",false,1,18.90,2.0323,true,1,108482
4850001111016,false,מיץ יאן תפוזים טבעי,,,"מיץ ""יאן"" תפוזים טבעי 930 מ""ל",מיליליטרים,930.00,"100 מ""ל",false,1,18.90,2.0323,true,1,108488
4850001111023,false,מיץ יאן מולטיפרוט טב,,,"מיץ ""יאן"" מולטיפרוט טבעי 930 מ""ל",מיליליטרים,930.00,"100 מ""ל",false,1,18.90,2.0323,true,1,108483
4850001111061,false,מיץ יאן אפרסק טבעי 9,,,"מיץ ""יאן"" אפרסק טבעי 930 מ""ל",מיליליטרים,930.00,"100 מ""ל",false,1,18.90,2.0323,true,1,108487
4850001111085,false,מיץ יאן תפוח טבעי 93,,,"מיץ ""יאן"" תפוח טבעי 930 מ""ל",מיליליטרים,930.00,"100 מ""ל",false,1,18.90,2.0323,true,1,108485
4850001111092,false,מיץ יאן פקעות ורדים,,,"מיץ ""יאן"" פקעות ורדים 930 מ""ל",מיליליטרים,930.00,"100 מ""ל",false,1,18.90,2.0323,true,1,108492
4850001111153,false,מיץ יאן דובדבן 930 מ,,,"מיץ ""יאן"" דובדבן  930 מ""ל",מיליליטרים,930.00,"100 מ""ל",false,1,18.90,2.0323,true,1,108491
4850001111498,false,מיץ יאן מנגו טבעי 93,,,"מיץ ""יאן"" מנגו טבעי 930 מ""ל",מיליליטרים,930.00,"100 מ""ל",false,1,18.90,2.0323,true,1,108494
4850001111511,false,מיץ יאן עגבניות טבעי,,,"מיץ ""יאן"" עגבניות טבעי 930 מ""ל",מיליליטרים,930.00,"100 מ""ל",false,1,18.90,2.0323,true,1,108490
4850001112358,false,מיץ יאן אשחר עם אפרס,,,"מיץ יאן אשחר עם אפרסק ותפוח 930 מ""ל",מיליליטרים,930.00,"100 מ""ל",false,1,18.90,2.0323,true,1,110477
4850001113911,false,פלפל ירוק חריף עם שו,,,פלפל ירוק חריף עם שום יאן 440 גר,גרמים,440.00,100 גרם,false,1,15.90,3.6136,true,1,132454
4850001114482,false,קונפיטורה יאן תאנים,,,קונפיטורה יאן תאנים 567 גר,גרמים,567.00,100 גרם,false,1,19.90,3.5097,true,1,116898
4850001115151,false,סלט יאן אימם באלדי 4,,,"סלט ""יאן"" אימם באלדי 485 גר",גרמים,485.00,100 גרם,false,1,15.90,3.2784,true,1,108504
4850001116486,false,אדגיקה חריפה יאן 250,,,אדגיקה חריפה יאן 250 גר,גרמים,250.00,100 גרם,false,1,15.90,6.3600,true,1,110467
4850001116493,false,סלט יאן ממרח חצילים,,,סלט יאן ממרח חצילים פיקנטי 470 גר,גרמים,470.00,100 גרם,false,1,15.90,3.3830,true,1,110471
4850001117728,false,רוטב שזיפים טקמאלי י,,,רוטב שזיפים טקמאלי ירוק 330 גר,גרמים,330.00,100 גרם,false,1,10.90,3.3030,true,1,131347
4850001117773,false,ממרח קישואים יאן 470,,,ממרח קישואים יאן 470 גר,גרמים,470.00,100 גרם,false,1,15.90,3.3830,true,1,128091
4850001273219,false,ברנדי 5 שנים ארמטי 5,פרושן,,"ברנדי ""ארמטי"" 500 מל",מיליליטרים,500.00,"100 מ""ל",false,1,64.90,12.9800,true,1,73870
4850001396604,false,רחת לוקום בטעם ורדים,,,רחת לוקום בטעם ורדים גויקו 250 גר,גרמים,250.00,100 גרם,false,1,7.90,3.1600,true,1,142628
4850001921622,false,ברנדי לגנד ארמני 3 ש,,,"ברנדי לגנד ארמני 3 שנים 500 מ""ל",מיליליטרים,500.00,"100 מ""ל",false,1,59.90,11.9800,true,1,109136
4850001921646,false,ברנדי לגנד ארמני 5 ש,,,"ברנדי לגנד ארמני 5 שנים 500 מ""ל",מיליליטרים,500.00,"100 מ""ל",false,1,69.90,13.9800,true,1,109137
4850001923442,false,ברנדי לגנד ארמניה 15,,,"ברנדי לגנד ארמניה 15 שנים 500 מ""ל",מיליליטרים,500.00,"100 מ""ל",false,1,199.90,39.9800,true,1,120029
4850001925644,false,משקה כוהלי על בסיס ב,,,משקה כוהלי על בסיס ברנדי בטעם משמש 500 מ,מיליליטרים,500.00,"100 מ""ל",false,12,69.90,13.9800,true,1,137795
4850001925651,false,משקה כוהלי על בסיס ב,,,משקה כוהלי על בסיס ברנדי בטעם קפה 500 מל,מיליליטרים,500.00,"100 מ""ל",false,12,69.90,13.9800,true,1,137796
4850004380037,false,שוקולד מריר 72% 90 ג,,,שוקולד מריר 72% 90 גר,גרמים,90.00,100 גרם,false,1,9.90,11.0000,true,1,142819
4850004380945,false,מבחר ממתקים מירז בלו,,,מבחר ממתקים מירז בלו 320 גר,גרמים,320.00,100 גרם,false,1,48.90,15.2812,true,1,142806
4850004381546,false,שוקולד מריר 82% 90 ג,,,שוקולד מריר 82% 90 גר,גרמים,90.00,100 גרם,false,1,9.90,11.0000,true,1,142820
4850004382192,false,שוקולד מריר 62% 90 ג,,,שוקולד מריר 62% 90 גר,גרמים,90.00,100 גרם,false,1,9.90,11.0000,true,1,142818
4850004382772,false,מבחר ממתקי שוקולד מי,,,מבחר ממתקי שוקולד מיוחד 360 גר,גרמים,360.00,100 גרם,false,1,69.90,19.4167,true,1,142805
4850004383250,false,מבחר ממתקים מירז אדו,,,מבחר ממתקים מירז אדום 320 גר,גרמים,320.00,100 גרם,false,1,48.90,15.2812,true,1,142807
4850004383977,false,שזיפים עם שקדים מצופ,,,שזיפים עם שקדים מצופה שוקולד מריר 110 גר,גרמים,110.00,100 גרם,false,1,19.90,18.0909,true,1,142816
4850004384035,false,משמש עם אגוז מלך מצו,,,משמש עם אגוז מלך מצופה שוקולד מריר 110 ג,גרמים,110.00,100 גרם,false,1,19.90,18.0909,true,1,142817
4850006190504,false,חטיף מקלות תירס אפצה,ADUGS,,חטיף מקלות תירס אפצה קלאסי 85 גר,גרמים,85.00,100 גרם,false,1,6.90,8.1176,true,1,141064
4850006190511,false,חטיף מקלות תירס אפצה,ADUGS,,חטיף מקלות תירס אפצה חלב מרוכז 85 גר,גרמים,85.00,100 גרם,false,1,6.90,8.1176,true,1,141065
4850006190528,false,חטיף מקלות תירס אפצה,ADUGS,,חטיף מקלות תירס אפצה בטעם תות שדה 85 גר,גרמים,85.00,100 גרם,false,1,6.90,8.1176,true,1,141067
4850006190535,false,חטיף מקלות תירס אפצה,ADUGS,,חטיף מקלות תירס אפצה בטעם אננס 85 גר,גרמים,85.00,100 גרם,false,1,6.90,8.1176,true,1,141066
4850008150728,false,שכר רימונים מתוק 750,ארמניה ויין פקטורי,,"שכר רימונים מתוק 750 מ""ל",מיליליטרים,750.00,"100 מ""ל",false,1,39.90,5.3200,true,1,97508
4850009741475,false,לפתן אפרסק ודובדבן 1,,,לפתן אפרסק ודובדבן 1 ל,ליטרים,1.00,ליטר,false,1,14.90,14.9000,true,1,138308
4850009745596,false,לפתן אוכמניות שחורות,,,לפתן אוכמניות שחורות 1 ל,ליטרים,1.00,ליטר,false,1,14.90,14.9000,true,1,138310
4850009745718,false,לפתן דובדבנים קורלינ,,,לפתן דובדבנים קורלינה 1 ל,ליטרים,1.00,ליטר,false,1,14.90,14.9000,true,1,138314
4850009745756,false,לפתן אפרסקים 1 ל,,,לפתן אפרסקים 1 ל,ליטרים,1.00,ליטר,false,1,14.90,14.9000,true,1,101814
4850009745794,false,לפתן תות שדה 1 ל,,,לפתן תות שדה 1 ל,ליטרים,1.00,ליטר,false,1,14.90,14.9000,true,1,101818
4850009748153,false,לפתן משמש ודובדבנים,,,לפתן משמש ודובדבנים 1 ל,ליטרים,1.00,ליטר,false,1,14.90,14.9000,true,1,101819
4850011110528,false,קונפיטורה תמרה תות ש,תמרה פירות,,קונפיטורה תמרה תות שדה 400 גר,גרמים,400.00,100 גרם,false,1,21.90,5.4750,true,1,112179
4850011110818,false,קונפיטורה תמרה דובדב,תמרה פירות,,קונפיטורה תמרה דובדבן 400 גר,גרמים,400.00,100 גרם,false,1,22.90,5.7250,true,1,112176
4850011110832,false,קונפיטורה תמרה פטל 4,תמרה פירות,,קונפיטורה תמרה פטל 400 גר,גרמים,400.00,100 גרם,false,1,24.90,6.2250,true,1,112175
4850011110856,false,קונפיטורה תמרה דובדב,תמרה פירות,,קונפיטורה תמרה דובדבון לבן 400 גר,גרמים,400.00,100 גרם,false,1,22.90,5.7250,true,1,112173
4850011110870,false,קונפיטורה תמרה תאנים,תמרה פירות,,קונפיטורה תמרה תאנים 400 גר,גרמים,400.00,100 גרם,false,1,21.90,5.4750,true,1,112178
4850011110887,false,קונפיטורה תמרה אגוז,תמרה פירות,,קונפיטורה תמרה אגוז מלך 400 גר,גרמים,400.00,100 גרם,false,1,22.90,5.7250,true,1,112174
4850011110931,false,קונפיטורה תמרה קיזיל,תמרה פירות,,קונפיטורה תמרה קיזיל 400 גר,גרמים,400.00,100 גרם,false,1,21.90,5.4750,true,1,112177
4850011110955,false,קונפיטורה תמרה תות ל,תמרה פירות,,קונפיטורה תמרה תות לבן 400 גר,גרמים,400.00,100 גרם,false,1,21.90,5.4750,true,1,112184
4850011113390,false,קונפיטורה תמרה דובדב,,,קונפיטורה תמרה דובדבן קורנילה 900 גר,גרמים,900.00,100 גרם,false,1,35.90,3.9889,true,1,121771
4850011113918,false,קונפיטורה תמרה דובדב,,,קונפיטורה תמרה דובדבנים 900 גר,גרמים,900.00,100 גרם,false,1,35.90,3.9889,true,1,121773
4850016340036,false,דג חדקן במיץ טבעי 24,או או או אקו פוד,,דג חדקן במיץ טבעי 240 גר,גרמים,240.00,100 גרם,false,1,32.90,13.7083,true,1,102653
4850016340135,false,מרק דגים חדקן רואילי,או או או אקו פוד,,מרק דגים חדקן רואילי 530 גר,גרמים,530.00,100 גרם,false,1,17.90,3.3774,true,1,102652
4850016340142,false,מרק דגים פורל רואילי,או או או אקו פוד,,מרק דגים פורל רואילי 530 גר,גרמים,530.00,100 גרם,false,1,17.90,3.3774,true,1,102651
4850016340333,false,מרק דג חדקן חארצו עם,או או או אקו פוד,,מרק דג חדקן חארצו עם אגוזי מלך 530 גר,גרמים,530.00,100 גרם,false,1,24.90,4.6981,true,1,104734
4850016340371,false,דג בלוגה במיץ טבעי 2,,,דג בלוגה במיץ טבעי 240 גר,גרמים,240.00,100 גרם,false,1,34.90,14.5417,true,1,106758
4850019024742,false,לפתן שזיפים 1 ל,,,לפתן שזיפים 1 ל,ליטרים,1.00,ליטר,false,1,14.90,14.9000,true,1,138309
4850022431841,false,דרזה שמנת  150 גר,,,דרזה שמנת  150 גר,גרמים,150.00,100 גרם,false,20,8.90,5.9333,true,1,121551
4850022432015,false,דרזה שוקולד אגוזים 1,,,דרזה שוקולד אגוזים 150 גר,גרמים,150.00,100 גרם,false,20,8.90,5.9333,true,1,121550
4850022432046,false,דרזה שוקולד מריר 150,,,דרזה שוקולד מריר 150 גר,גרמים,150.00,100 גרם,false,20,8.90,5.9333,true,1,121552
4850023112008,false,ברנדי סטארי ירבאן אר,ארמווין,,"ברנדי סטארי ירבאן ארמני 500 מ""ל",מיליליטרים,500.00,"100 מ""ל",false,1,49.90,9.9800,true,1,100862
4850026140077,false,ממרח חצילים  הום לנד,,,ממרח חצילים  הום לנד 390 גר,גרמים,390.00,100 גרם,false,1,14.90,3.8205,true,1,142659
4850026140084,false,ממרח חצילים חריף  הו,,,ממרח חצילים חריף  הום לנד 390 גר,גרמים,390.00,100 גרם,false,1,14.90,3.8205,true,1,142660
4850026140152,false,ממרח קישואים הום לנד,,,ממרח קישואים הום לנד 390 גר,גרמים,390.00,100 גרם,false,1,11.90,3.0513,true,1,142661
4850026140244,false,אדגיקה ביתי הום לנד,,,אדגיקה ביתי הום לנד 390 גר,גרמים,390.00,100 גרם,false,1,14.90,3.8205,true,1,142656
4850026140619,false,עלי גפן הום לנד 720,,,עלי גפן הום לנד 720 גר,גרמים,720.00,100 גרם,false,1,14.90,2.0694,true,1,142663
4850026141210,false,ממרח פלפל חריף אש הו,,,ממרח פלפל חריף אש הום לנד 200 גר,גרמים,200.00,100 גרם,false,1,11.90,5.9500,true,1,142662
4860001120437,false,משקה אגסים זכוכית 50,,,"משקה אגסים זכוכית 500 מ""ל",מיליליטרים,500.00,"100 מ""ל",false,1,7.90,1.5800,true,1,123140
4860001120451,false,משקה טרחון זכוכית 50,,,"משקה טרחון זכוכית 500 מ""ל",מיליליטרים,500.00,"100 מ""ל",false,1,7.90,1.5800,true,1,123141
4860001590124,false,מים מינרליים מוגזים,,,מים מינרליים מוגזים סאיירמה 500 מל,מיליליטרים,500.00,"100 מ""ל",false,1,6.90,1.3800,true,1,139882
4860001590162,false,מים מינרליים מוגזים,,,מים מינרליים מוגזים סאיירמה 1 ל,ליטרים,1.00,ליטר,false,1,7.90,7.9000,true,1,139881
4860004070173,false,יין גרוזיני אלזאני א,GWS,,יין גרוזיני אלזאני אדום 750מל,מיליליטרים,750.00,"100 מ""ל",false,1,35.90,4.7867,true,1,74808
4860004070227,false,יין גרוזיני אלזאני ל,GWS,,יין גרוזיני אלזאני לבן 750מל,מיליליטרים,750.00,"100 מ""ל",false,1,35.90,4.7867,true,1,74809
4860004073082,false,יין גרוזיני ספראבי 7,GWS,,יין גרוזיני ספראבי 750מל,מיליליטרים,750.00,"100 מ""ל",false,1,35.90,4.7867,true,1,74806
4860004073105,false,יין גרוזיני קינזמראו,GWS,,יין גרוזיני קינזמראולי 750מל,מיליליטרים,750.00,"100 מ""ל",false,1,35.90,4.7867,true,1,74807
4860008660011,false,יין סאפרבי  750 מל,KVARELI CELLAR,,"יין סאפרבי  750 מ""ל",מיליליטרים,750.00,"100 מ""ל",false,1,49.80,6.6400,true,1,98826
4860008660196,false,יין קינזמראולי אדום,KVARELI CELLAR,,"יין קינזמראולי אדום 750 מ""ל",מיליליטרים,750.00,"100 מ""ל",false,1,32.90,4.3867,true,1,98820
4860008660202,false,יין חבנצקרה אדום חצי,KVARELI CELLAR,,"יין חבנצקרה אדום חצי מתוק  750 מ""ל",מיליליטרים,750.00,"100 מ""ל",false,1,32.90,4.3867,true,1,98821
4860008660479,false,יין סאפרבי אדום יבש,KVARELI CELLAR,,"יין סאפרבי אדום יבש  750 מ""ל",מיליליטרים,750.00,"100 מ""ל",false,1,32.90,4.3867,true,1,98823
4860008660615,false,יין חבנצקרה 750 מל,KVARELI CELLAR,,"יין חבנצקרה 750 מ""ל",מיליליטרים,750.00,"100 מ""ל",false,1,49.80,6.6400,true,1,98827
4860008662251,false,יין קינדזמראולי אדום,,,"יין קינדזמראולי אדום חצי מתוק 750 מ""ל",מיליליטרים,750.00,"100 מ""ל",false,1,39.90,5.3200,true,1,114512
4860008662275,false,יין עמק אלזאני לבן ח,,,"יין עמק אלזאני לבן חצי מתוק 750 מ""ל",מיליליטרים,750.00,"100 מ""ל",false,1,39.90,5.3200,true,1,116494
4860008662312,false,יין פירוסמני אדום חצ,,,"יין פירוסמני אדום חצי יבש 750 מ""ל",מיליליטרים,750.00,"100 מ""ל",false,1,39.90,5.3200,true,1,114513
4860009120170,false,נקטר רימונים קמפה 1,,,נקטר רימונים קמפה 1 ל,ליטרים,1.00,ליטר,false,1,11.90,11.9000,true,1,134639
4860009120194,false,מיץ תפוחי עץ 100% קמ,,,מיץ תפוחי עץ 100% קמפה 1 ל,ליטרים,1.00,ליטר,false,1,11.90,11.9000,true,1,134636
4860009120200,false,מיץ תפוזים 100% קמפה,,,מיץ תפוזים 100% קמפה 1 ל,ליטרים,1.00,ליטר,false,1,11.90,11.9000,true,1,134638
4860009120279,false,מיץ דובדבן ורימון קמ,,,מיץ דובדבן ורימון קמפה 1 ל,ליטרים,1.00,ליטר,false,1,11.90,11.9000,true,1,134637
4860009120286,false,נקטר אפרסק קמפה 1 ל,,GE,נקטר אפרסק קמפה 1 ל,ליטרים,1.00,ליטר,false,12,11.90,11.9000,true,1,136342
4860009120460,false,נקטר פירות טרופיים ק,,GE,נקטר פירות טרופיים קמפה 1 ל,ליטרים,1.00,ליטר,false,12,11.90,11.9000,true,1,136343
4860009786253,false,גלידה משפחתית קרמל 9,,,גלידה משפחתית קרמל 900 מל,מיליליטרים,900.00,"100 מ""ל",false,1,21.90,2.4333,true,1,141306
4860009786260,false,גלידה משפחתית טרמיסו,,,גלידה משפחתית טרמיסו 900 מל,מיליליטרים,900.00,"100 מ""ל",false,1,21.90,2.4333,true,1,141305
4860013080521,false,ברנדי אולד קאחטי 4 ש,קחטיאן טרדיטיונל,,"ברנדי אולד קאחטי 4 שנים 500 מ""ל",מיליליטרים,500.00,"100 מ""ל",false,1,59.90,11.9800,true,1,99109
4860013080538,false,ברנדי אולד קאחטי 5 ש,קחטיאן טרדיטיונל,,"ברנדי אולד קאחטי 5 שנים 500 מ""ל",מיליליטרים,500.00,"100 מ""ל",false,1,64.90,12.9800,true,1,99110
4860013080613,false,ברנדי אולד קאחטי 7 ש,,,ברנדי אולד קאחטי 7 שנים 500 מל,מיליליטרים,500.00,"100 מ""ל",false,1,75.90,15.1800,true,1,131882
4860013080682,false,ברנדי אולד קאחטי 10,,,ברנדי אולד קאחטי 10 שנים 500 מל,מיליליטרים,500.00,"100 מ""ל",false,1,84.90,16.9800,true,1,131883
4860018004416,false,ברנדי שרהגישוילי 3 כ,,,"ברנדי שרהגישוילי 3 כוכבים 700 מ""ל",מיליליטרים,700.00,"100 מ""ל",false,1,99.90,14.2714,true,1,124948
4860018004454,false,ברנדי שרהגישוילי 5 כ,,,"ברנדי שרהגישוילי 5 כוכבים 700 מ""ל",מיליליטרים,700.00,"100 מ""ל",false,1,109.90,15.7000,true,1,124949
4860018004478,false,ברנדי שרהגישוילי וי,,,"ברנדי שרהגישוילי וי אס 7 שנים 700 מ""ל",מיליליטרים,700.00,"100 מ""ל",false,1,119.90,17.1286,true,1,123127
4860018004492,false,ברנדי שרהגישוילי 700,,GE,ברנדי שרהגישוילי VSOP,מיליליטרים,700.00,"100 מ""ל",false,6,149.90,21.4143,true,1,125730
4860018008391,false,ברנדי אגוזי מלך 500,,,ברנדי אגוזי מלך 500 מל,מיליליטרים,500.00,"100 מ""ל",false,1,99.90,19.9800,true,1,132350
4860019001346,false,מים מינרליים בורזומי,BORJOMI,,"מים מינרליים ""בורג""ו",מיליליטרים,500.00,"100 מ""ל",false,1,7.90,1.5800,true,1,45428
4860019001414,false,מים מינירליים בורגומ,BORJOMI,,מים מינירליים בורגומי 750מל,מיליליטרים,750.00,"100 מ""ל",false,1,8.50,1.1333,true,1,74803
4860019001421,false,מים מינירליים בורגומ,,,מים מינירליים בורגומי 750מל שישייה,מיליליטרים,750.00,"100 מ""ל",false,1,39.90,5.3200,true,1,74835
4860053011103,false,צאצא אסקנלי גולד 45%,"אחים אסקנלי בע""מ",RU,"צאצא אסקנלי גולד 45% 500 מ""ל",מיליליטרים,500.00,"100 מ""ל",false,12,59.90,11.9800,true,1,121656
4860053011677,false,יין אסקנלי ספראבי מו,"אחים אסקנלי בע""מ",GE,יין אסקנלי ספראבי מוסקט אדום חצי מתוק,מיליליטרים,750.00,"100 מ""ל",false,1,49.90,6.6533,true,1,128494
4860053011998,false,ברנדי אסקנלי 8 כוכבי,סקיני ברנדס,GE,"ברנדי אסקנלי 8 כוכבים 500 מ""ל",מיליליטרים,500.00,"100 מ""ל",false,12,69.90,13.9800,true,1,125731
4860053012032,false,ברנדי אסקנלי 5* 40%,"אחים אסקנלי בע""מ",,"ברנדי אסקנלי 5* 40% 500 מ""ל",מיליליטרים,500.00,"100 מ""ל",false,1,59.90,11.9800,true,1,112585
4860053012780,false,ברנדי אסקנלי 500 מל,,,ברנדי אסקנלי VS,מיליליטרים,500.00,"100 מ""ל",false,1,69.90,13.9800,true,1,123020
4860053012797,false,ברנדי אסקנלי 500 מל,,,ברנדי אסקנלי VSOP,מיליליטרים,500.00,"100 מ""ל",false,1,79.90,15.9800,true,1,123021
4860065010026,false,יין מוקוזאני מגאורגי,תליאני וולי,,יין מוקוזאני מגאורגיה 750 מל,מיליליטרים,750.00,"100 מ""ל",false,6,44.90,5.9867,true,1,127622
4860065010040,false,יין ספראבי אדום יבש,תליאני וולי,GE,יין ספראבי אדום יבש 750 מל,מיליליטרים,750.00,"100 מ""ל",false,6,44.90,5.9867,true,1,131866
4860065010071,false,יין קינדזמאראולי מגא,תליאני וולי,,יין קינזמראולי קרמיק,מיליליטרים,750.00,"100 מ""ל",false,6,44.90,5.9867,true,1,71359
4860065010088,false,יין אחאשני אדום מגאו,תליאני וולי,,יין אחאשני אדום מגאורגיה 750 מל,מיליליטרים,750.00,"100 מ""ל",false,6,44.90,5.9867,true,1,127623
4860065010101,false,יין ציננדלי לבן יבש,,,יין ציננדלי לבן יבש מגאורגיה,Unknown,0.00,Unknown,false,1,44.90,0.0000,true,1,92117
4860065010163,false,יין פירוסמאני אדום ח,תליאני וולי,GE,יין פירוסמאני אדום חצי יבש 750 מל,מיליליטרים,750.00,"100 מ""ל",false,6,44.90,5.9867,true,1,131867
4860065010286,false,יין אודגלשי אדום חצי,תליאני וולי,GE,יין אטנורי קרמיקה 0.,מיליליטרים,750.00,"100 מ""ל",false,6,44.90,5.9867,true,1,71361
4860065010293,false,יין לבן חצי מתוק תבי,,,יין לבן חצי מתוק תבישי 750 מל,מיליליטרים,750.00,"100 מ""ל",false,6,44.90,5.9867,true,1,131581
4860065012495,false,יין קברנה ספראבי אדו,תליאני וולי,GE,יין קברנה ספראבי אדום יבש 750 מל,מיליליטרים,750.00,"100 מ""ל",false,6,44.90,5.9867,true,1,131870
4860065013164,false,יין מבעבע חצי יבש עמ,,,יין מבעבע חצי יבש עמק תליאני 750 מל,מיליליטרים,750.00,"100 מ""ל",false,1,39.90,5.3200,true,1,133973
4860065013324,false,צאצא סילבר גאורגית 5,,,צאצא סילבר גאורגית 500 מל,מיליליטרים,500.00,"100 מ""ל",false,1,84.90,16.9800,true,1,132349
4860065014284,false,יין קיסי מצבאנה מגאו,תליאני וולי,,יין קיסי מצבאנה מגאורגיה 750 מל,מיליליטרים,750.00,"100 מ""ל",false,6,44.90,5.9867,true,1,127624
4860065015205,false,יין פירוסמאני לבן חצ,תליאני וולי,GE,יין פירוסמאני לבן חצי יבש 750 מל,מיליליטרים,750.00,"100 מ""ל",false,6,44.90,5.9867,true,1,131868
4860065015922,false,יין ספרבי אדום יבש 7,,,יין ספרבי אדום יבש 750 מל,מיליליטרים,750.00,"100 מ""ל",false,1,64.90,8.6533,true,1,141902
4860065016165,false,יין מבעבע רוזה מוסקט,,GE,יין מבעבע רוזה מוסקט תליאני 750 מל,מיליליטרים,750.00,"100 מ""ל",false,6,39.90,5.3200,true,1,137741
4860102000157,false,גונגולי צלפים בסגנון,,,גונגולי צלפים בסגנון גאורגי 560 גר,גרמים,560.00,100 גרם,false,1,24.90,4.4464,true,1,135394
4860102000164,false,פלפל כבוש מומלח 540,,GE,פלפל כבוש מומלח 540 גר,גרמים,540.00,100 גרם,false,6,24.90,4.6111,true,1,137700
4860102000171,false,שום לבן גאורגי כבוש,,,שום לבן גאורגי כבוש 570 גר,גרמים,570.00,100 גרם,false,1,24.90,4.3684,true,1,135393
4860102000195,false,סלט גמבה גאורגי 580,,,סלט גמבה גאורגי 580 גר,גרמים,580.00,100 גרם,false,1,24.90,4.2931,true,1,135392
4860102000515,false,אדגיקה סחוג אבחזי 12,,GE,אדגיקה סחוג אבחזי 120 גר,גרמים,120.00,100 גרם,false,12,9.90,8.2500,true,1,137699
4860102000522,false,רוטב טקמלי אדום גאור,,,רוטב טקמלי אדום גאורגי 270 גר,גרמים,270.00,100 גרם,false,1,9.90,3.6667,true,1,135389
4860102000539,false,רוטב טקמלי צהוב גאור,,,רוטב טקמלי צהוב גאורגי 270 גר,גרמים,270.00,100 גרם,false,1,9.90,3.6667,true,1,135388
4860102000553,false,רוטב סצבלי קלאסיק 27,,GE,רוטב סצבלי קלאסיק 270 גר,גרמים,270.00,100 גרם,false,6,9.90,3.6667,true,1,137697
4860102001116,false,מלח סוונטי 170 גר,,,מלח סוונטי 170 גר,גרמים,170.00,100 גרם,false,1,14.90,8.7647,true,1,135397
4860102001154,false,רוטב רימונים ללא תוס,,,רוטב רימונים ללא תוספת סוכר 350 גר,גרמים,350.00,100 גרם,false,1,27.90,7.9714,true,1,135390
4860102001161,false,מלח סוונטי פיקנטי 17,,,מלח סוונטי פיקנטי 170 גר,גרמים,170.00,100 גרם,false,1,14.90,8.7647,true,1,135398
4860102001178,false,אדגיקה יבשה 120 גר,,GE,אדגיקה יבשה 120 גר,גרמים,120.00,100 גרם,false,12,14.90,12.4167,true,1,137701
4860102001192,false,תבלין סציבי לעוף 108,,GE,תבלין סציבי לעוף 108 גר,גרמים,108.00,100 גרם,false,12,14.90,13.7963,true,1,137702
4860102001208,false,תערובת תבלינים חרצו,,GE,תערובת תבלינים חרצו 108 גר,גרמים,108.00,100 גרם,false,12,14.90,13.7963,true,1,137703
4860102001314,false,תבלין חמלי סונלי גאו,,,תבלין חמלי סונלי גאורגי 108 גר,גרמים,108.00,100 גרם,false,1,14.90,13.7963,true,1,135395
4860102001321,false,תבלין אוצחו סונלי גא,,,תבלין אוצחו סונלי גאורגי 108 גר,גרמים,108.00,100 גרם,false,1,14.90,13.7963,true,1,135396
4860102001383,false,רוטב פטל שחור 270 גר,,GE,רוטב פטל שחור 270 גר,גרמים,270.00,100 גרם,false,6,9.90,3.6667,true,1,141465
4860102001413,false,אדגיקה סחוג יקור גאו,,GE,אדגיקה סחוג יקור גאורגי 120 גר,גרמים,120.00,100 גרם,false,12,9.90,8.2500,true,1,140173
4860102001567,false,ריבת משמש גאורגי 590,,,ריבת משמש גאורגי 590 גר,גרמים,590.00,100 גרם,false,1,21.90,3.7119,true,1,142618
4860102001574,false,ריבת אפרסק גאורגי 59,,,ריבת אפרסק גאורגי 590 גר,גרמים,590.00,100 גרם,false,1,21.90,3.7119,true,1,142619
4860104540620,false,אגוזי לוז בדבש לינדן,,,אגוזי לוז בדבש לינדן גאורגי 350 גר,גרמים,350.00,100 גרם,false,1,39.90,11.4000,true,1,140010
4860104540637,false,אגוזי מלך בדבש לינדן,,,אגוזי מלך בדבש לינדן גאורגי 390 גר,גרמים,390.00,100 גרם,false,1,39.90,10.2308,true,1,140009
4860108700150,true,רוטב שזיפי בר טקמלי,,,"רוטב שזיפי בר טקמלי ירוק 500 מ""ל",מיליליטרים,540.00,"100 מ""ל",false,12,13.90,2.5741,true,1,112521
4860108700174,true,רוטב שזיפי בר טקמלי,,,"רוטב שזיפי בר טקמלי אדום 500 מ""ל",מיליליטרים,540.00,"100 מ""ל",false,1,13.90,2.5741,true,1,112519
4860108700624,true,רוטב עגבניות סאציבלי,,,"רוטב עגבניות סאציבלי 540 מ""ל",מיליליטרים,540.00,"100 מ""ל",false,12,13.90,2.5741,true,1,121175
4860108710531,false,לפתן תות שדה 100% 1,קחטיאן טרדיטיונל,,לפתן תות שדה 100% 1 ל,ליטרים,1.00,ליטר,false,1,14.90,14.9000,true,1,109541
4860108710661,false,לפתן אפרסק 100% 1 ל,קחטיאן טרדיטיונל,,לפתן אפרסק 100% 1 ל,ליטרים,1.00,ליטר,false,1,14.90,14.9000,true,1,109540
4860108710708,false,לפתן שזיפים 100% 1 ל,קחטיאן טרדיטיונל,,לפתן שזיפים 100% 1 ל,ליטרים,1.00,ליטר,false,6,14.90,14.9000,true,1,109539
4860111650633,false,משקה קזבגי גזוז אגס,,,משקה קזבגי גזוז אגס 500 מל,מיליליטרים,500.00,"100 מ""ל",false,1,7.90,1.5800,true,1,141900
4860111650640,false,משקה קזבגי גזוז טרגו,,,משקה קזבגי גזוז טרגון 500 מל,מיליליטרים,500.00,"100 מ""ל",false,1,7.90,1.5800,true,1,141899
4860111650657,false,משקה קזבגי גזוז לימו,,,משקה קזבגי גזוז לימון 500 מל,מיליליטרים,500.00,"100 מ""ל",false,1,7.90,1.5800,true,1,141898
4860111650671,false,משקה קזבגי גזוז קרם,,,משקה קזבגי גזוז קרם 500 מל,מיליליטרים,500.00,"100 מ""ל",false,1,7.90,1.5800,true,1,141897
4860111650749,false,בירה קזבגי גאורגית 5,,,בירה קזבגי גאורגית 500 מל,מיליליטרים,500.00,"100 מ""ל",false,1,9.90,1.9800,true,1,141304
4860111650800,false,משקה קזבגי גזוז פיגו,,GE,משקה קזבגי גזוז פיגואה 500 מל,מיליליטרים,500.00,"100 מ""ל",false,20,7.90,1.5800,true,1,142871
4860111650824,false,משקה מוגז קזבגי אגס,,GE,משקה מוגז קזבגי אגס 1 ל,ליטרים,1.00,ליטר,false,6,10.90,10.9000,true,1,141792
4860111650831,false,משקה מוגז קזבגי טרגו,,GE,משקה מוגז קזבגי טרגון 1 ל,ליטרים,1.00,ליטר,false,1,10.90,10.9000,true,1,141791
4860111650848,false,משקה מוגז קזבגי קרם,,,משקה מוגז קזבגי קרם 1 ל,ליטרים,1.00,ליטר,false,1,10.90,10.9000,true,1,141300
4860111650855,false,משקה מוגז קזבגי פיגו,,,משקה מוגז קזבגי פיגואה 1 ל,ליטרים,1.00,ליטר,false,1,10.90,10.9000,true,1,141303
4860111650862,false,משקה מוגז קזבגי לימו,,,משקה מוגז קזבגי לימון 1 ל,ליטרים,1.00,ליטר,false,1,10.90,10.9000,true,1,141301
4860111650879,false,משקה מוגז קזבגי ענבי,,,משקה מוגז קזבגי ענבים 1 ל,ליטרים,1.00,ליטר,false,1,10.90,10.9000,true,1,141302
4860115861332,false,רוטב שזיפי בר טקמלי,דילאבר מוסקבה,,רוטב שזיפי בר טקמלי ירוק 330 גר,גרמים,330.00,100 גרם,false,1,11.90,3.6061,true,1,140695
4860115861356,false,רוטב עגבניות סציבי,דילאבר מוסקבה,,רוטב עגבניות סציבי  330 גר,גרמים,330.00,100 גרם,false,1,11.90,3.6061,true,1,140697
4865602000010,false,מים מינרלים נבגלבי 5,NABEGLAVI,,"מים ""נבגלוי"" 0.5 ליט",מיליליטרים,500.00,"100 מ""ל",false,1,6.90,1.3800,true,1,49444
4865602000027,false,מים מינרליים נבגלבי,,,מים מינרליים נבגלבי מוגז 1 ל,ליטרים,1.00,ליטר,false,1,6.90,6.9000,true,1,73608
4867106010151,false,ברנדי בגרטיון 500 מל,,,ברנדי בגרטיון 0.5ל,מיליליטרים,500.00,"100 מ""ל",false,1,89.90,17.9800,true,1,45459
4867106010403,false,וודקה צאצא ענבים לבן,,,"וודקה צ""אצ""א  ענבים לבן 500מל",מיליליטרים,500.00,"100 מ""ל",false,1,69.90,13.9800,true,1,45463
4867106070018,false,יין גרוזיני חבנצקרה,אליאנס,,"יין גרוזיני חבנצקרה  700 מ""ל",מיליליטרים,700.00,"100 מ""ל",false,1,34.90,4.9857,true,1,100196
4867106070025,false,יין גרוזיני קינזמראו,אליאנס,,"יין גרוזיני קינזמראולי 700 מ""ל",מיליליטרים,700.00,"100 מ""ל",false,1,34.90,4.9857,true,1,100197
4867106070032,false,יין אחשני אדום חצי מ,אליאנס,,"יין אחשני אדום חצי מתוק 700 מ""ל",מיליליטרים,700.00,"100 מ""ל",false,1,34.90,4.9857,true,1,101895
4867106070049,false,יין גרוזיני מוקוזני,אליאנס,,"יין גרוזיני מוקוזני 700 מ""ל",מיליליטרים,700.00,"100 מ""ל",false,1,34.90,4.9857,true,1,100198
4867106070056,false,יין ספראבי 700 מל,אליאנס,,"יין ספראבי 700 מ""ל",מיליליטרים,700.00,"100 מ""ל",false,1,34.90,4.9857,true,1,101896
4867106070063,false,יין גרוזיני אלזני וו,אליאנס,,"יין גרוזיני אלזני וולי 700 מ""ל",מיליליטרים,700.00,"100 מ""ל",false,1,34.90,4.9857,true,1,100199
4867106070070,false,יין גרוזיני ציננדלי,אליאנס,,"יין גרוזיני ציננדלי לבן יבש 700 מ""ל",מיליליטרים,700.00,"100 מ""ל",false,1,34.90,4.9857,true,1,100194
4867106070087,false,יין גרוזיני רקציטלי,אליאנס,,"יין גרוזיני רקציטלי לבן חצי מתוק 700 מ""ל",מיליליטרים,700.00,"100 מ""ל",false,1,34.90,4.9857,true,1,100195
4867106998718,false,ברנדי גרוזיני מס 1 5,,,"ברנדי גרוזיני מס 1 500 מ""ל",מיליליטרים,500.00,"100 מ""ל",false,1,49.90,9.9800,true,1,108714
4867258525701,false,יין חבנצקרה 750 מל,,,"יין חבנצ""קרה 0.75ל",מיליליטרים,750.00,"100 מ""ל",false,1,59.90,7.9867,true,1,50859
4891130001199,false,רוטב צדפות 530 גר,Pun chun sauce & pre,,"רוטב צדפות 450 מ""ל",גרמים,530.00,100 גרם,false,1,24.90,4.6981,true,1,45484
4891130005111,false,רוטב הוייסן 360 גר,,,רוטב הוייסן 360 גר,גרמים,360.00,100 גרם,false,1,19.90,5.5278,true,1,129635
4891228304454,false,מכשיר+סכין שיק היידר,,CN,מכשיר+סכין שיק היידרו 5 סנס,Unknown,0.00,Unknown,false,6,29.80,0.0000,true,1,119853
4891228304478,false,סכיני גילוח 5 להבים,,CN,רביעיית סכינים שיק היידרו 5 סנס,Unknown,0.00,Unknown,false,10,39.80,0.0000,true,1,119852
4891228308049,false,שיק היידרו לגבר מארז,,CN,שיק היידרו לגבר מארז סנס ידית + 7 סכינים,Unknown,0.00,Unknown,false,1,49.80,0.0000,true,1,127437
4891228430047,false,סכיני גילוח חד פעמי,Schick,,סכיני גילוח חד פעמי,Unknown,0.00,Unknown,false,1,19.80,0.0000,true,1,45492
4891228430092,false,סכיני גילוח חד פעמי,Schick,,סכיני גילוח חד פעמי,Unknown,0.00,Unknown,false,1,19.90,0.0000,true,1,45495
4903001904192,false,רוטב סויה יאמסה 500,,,"רוטב סויה יאמסה 500 מ""ל",מיליליטרים,500.00,"100 מ""ל",false,1,17.90,3.5800,true,1,46644
4903001904208,false,רוטב סויה יאמסה 1 ל,,,"רוטב סויה ""יאמסה"" 1 ל",מיליליטרים,1000.00,"100 מ""ל",false,1,31.90,3.1900,true,1,101784
4903001925784,false,רוטב סויה יאמאסה 500,,,"רוטב סויה ""יאמסה"" 500 מ""ל",מיליליטרים,500.00,"100 מ""ל",false,1,17.90,3.5800,true,1,80683
4903001930993,false,רוטב טריאקי יאמאסה 5,,,רוטב טריאקי יאמאסה 500 מל,מיליליטרים,500.00,"100 מ""ל",false,1,17.90,3.5800,true,1,133351
4905846117478,false,ליקר צויה מיושן שנה,,JP,"ליקר צויה מיושן שנה 720 מ""ל",מיליליטרים,720.00,"100 מ""ל",false,1,79.90,11.0972,true,1,123946
4905846117966,false,ליקר צויה גולדן עם פ,,,"ליקר צויה קלאסיק עם פרי שלם 750 מ""ל",מיליליטרים,650.00,"100 מ""ל",false,1,79.90,12.2923,true,1,123945
4934418001310,false,בירה היטאצינו אורז א,מבשלת קיוצ'י,,"בירה היטאצינו אורז אדום  330 מ""ל",מיליליטרים,330.00,"100 מ""ל",false,1,15.90,4.8182,true,1,100528
4934418001624,false,בירה היטאצינו ואיט א,מבשלת קיוצ'י,,"בירה היטאצינו ואיט אייל 330 מ""ל",מיליליטרים,330.00,"100 מ""ל",false,1,15.90,4.8182,true,1,100525
4934418001914,false,בירה היטאצינו גינגר,מבשלת קיוצ'י,,"בירה היטאצינו גינגר  330 מ""ל",מיליליטרים,330.00,"100 מ""ל",false,1,15.90,4.8182,true,1,100529
4934418110029,false,סאקה קיקוסאקארי גונמ,קיוצ'י,,"סאקה קיקוסאקארי גונמאישו 720 מ""ל",מיליליטרים,720.00,"100 מ""ל",false,1,39.90,5.5417,true,1,108356
4978094999219,false,מחית סויה לבנה 500 ג,Qingdao Sun-growing,,מחית סויה לבנה 500 גר,גרמים,500.00,100 גרם,false,1,18.90,3.7800,true,1,51364
5000108478119,false,קוואקר פחית שיבולת ש,,,קוואקר פחית שיבולת שועל 500 גר,גרמים,500.00,100 גרם,false,1,11.90,2.3800,true,1,134376
5000111041065,false,היינץ רוטב וסטרשייר,,,היינץ רוטב וסטרשייר 150 מל,מיליליטרים,150.00,"100 מ""ל",false,1,11.90,7.9333,true,1,130972
5000111047364,false,רוטב HP ברביקיו דבש,היינץ,,רוטב HP ברביקיו דבש 465 גר,גרמים,465.00,100 גרם,false,1,14.90,3.2043,true,1,109942
5000111047371,false,רוטב HP ברביקיו קלאס,היינץ,,רוטב HP ברביקיו קלאסי 465 גר,גרמים,465.00,100 גרם,false,1,14.90,3.2043,true,1,109944
5000146057710,false,ספריי לניקוי חלונות,,,"גלסקס חלונות 750 מ""ל",מיליליטרים,750.00,"100 מ""ל",false,1,9.90,1.3200,true,1,35077
5000157143365,false,מתבל בטעם מיונז וקטש,,,"מתבל בטעם מיונז וקטשופ היינץ 425 מ""ל",מיליליטרים,425.00,"100 מ""ל",false,1,16.90,3.9765,true,1,125144
5000157144324,false,מיונז עם כמהין היינץ,,,מיונז עם כמהין היינץ 220 גר,גרמים,220.00,100 גרם,false,1,27.90,12.6818,true,1,134469
5000159020312,false,סוכריות מלטיזרס 37 ג,מרס,,סוכריות מלטיזרס 37 גר,גרמים,37.00,100 גרם,false,1,4.90,13.2432,true,1,76284
5000159407236,false,חטיף מרס 51 גר,,,חטיף מרס 51 גר,גרמים,51.00,100 גרם,false,1,3.90,7.6471,true,1,35090
5000159409179,false,מיני חטיפי סניקרס שק,מרס,,מיני חטיפי סניקרס שקית 403 גר,גרמים,403.00,100 גרם,false,1,22.90,5.6824,true,1,74659
5000159452540,false,חטיפי שוקולד סניקרס,מרס,NL,מארז שוקולד סניקרס חמישייה,גרמים,250.00,100 גרם,false,12,10.90,4.3600,true,1,127498
5000159452663,false,מאגדת שוקולד מרס 45,מרס,NL,מאגדת שוקולד מרס חמישייה,גרמים,225.00,100 גרם,false,17,10.90,4.8444,true,1,133246
5000159461122,false,חטיף סניקרס 50 גר,,,חטיף סניקרס 50 גר,גרמים,50.00,100 גרם,false,1,3.90,7.8000,true,1,53344
5000159461412,false,מארז מילקי ווי חטיף,,,מארז מילקי ווי חטיף נוגט וקרמל,Unknown,0.00,Unknown,false,1,9.90,0.0000,true,1,135140
5000159483063,false,גלידה באונטי שמנת שי,,,שישיית גלידה באונטי 234 גר,גרמים,234.00,100 גרם,false,12,24.90,10.6410,true,1,115650
5000159484695,false,מאגדת גלידה טוויקס 2,,,גלידה טוויקס 34.2 גר שישייה,גרמים,265.00,100 גרם,false,12,32.90,12.4151,true,1,114461
5000159515443,false,גלידה סניקרס אסקימו,,,גלידה סניקרס אסקימו עם קרמל 240 גר,גרמים,240.00,100 גרם,false,1,42.90,17.8750,true,1,141412
5000159516235,false,שוקולד אמ אנד אמס בו,,,שוקולד אמ אנד אמס בוטנים 165 גר,גרמים,165.00,100 גרם,false,1,18.90,11.4545,true,1,134592
5000159516259,false,שוקולד אמ אנד אמס שו,,,שוקולד אמ אנד אמס שוקו 165 גר,גרמים,165.00,100 גרם,false,1,18.90,11.4545,true,1,134589
5000159516273,false,שוקולד אמ אנד אמס קר,,,שוקולד אמ אנד אמס קריספי 150 גר,גרמים,150.00,100 גרם,false,1,18.90,12.6000,true,1,134590
5000159516297,false,שוקולד אמ אנד אמס אג,,,שוקולד אמ אנד אמס אגוזים 165 גר,גרמים,165.00,100 גרם,false,1,18.90,11.4545,true,1,134591
5000159537537,false,שוקולד אמ אנד אמס קו,,,שוקולד אמ אנד אמס קוקיז 165 גר,גרמים,165.00,100 גרם,false,1,18.90,11.4545,true,1,134587
5000159538626,false,מאגדת שוקולד טוויקס,מרס,NL,מאגדת שוקולד טוויקס חמישייה,גרמים,250.00,100 גרם,false,18,10.90,4.3600,true,1,133244
5000159538640,false,מאגדת שוקולד באונטי,מרס,NL,מאגדת שוקולד באונטי חמישייה,גרמים,285.00,100 גרם,false,12,10.90,3.8246,true,1,133245
5000204114867,false,גלייד ארוסול בניחוח,coster aerosol vail,,גלייד אירוסול בניחוח וניל,מיליליטרים,300.00,"100 מ""ל",false,1,8.90,2.9667,true,1,125225
5000204114898,false,גלייד ארוסול בניחוח,coster aerosol vail,,גלייד ארוסול בניחוח מרכך כביסה,מיליליטרים,300.00,"100 מ""ל",false,1,8.90,2.9667,true,1,125227
5000204114928,false,גלייד ארוסול בניחוח,coster aerosol vail,,גלייד ארוסול בניחוח דובדבו,מיליליטרים,300.00,"100 מ""ל",false,1,8.90,2.9667,true,1,125224
5000204133509,false,זיפלוק שקיות אחסון ג,,,זיפלוק שקיות אחסון גדולות 19 יח,Unknown,0.00,Unknown,false,1,13.90,0.0000,true,1,130793
5000204151053,false,אירוסול לניקוי רהיטי,,,אירוסול לניקוי רהיטים פלדג קלאסי 250 מל,מיליליטרים,250.00,"100 מ""ל",false,1,10.90,4.3600,true,1,131950
5000204182057,false,גל גלייד ריחני בניחו,,,גל גלייד ריחני בניחוח לבנדר 180 גר,גרמים,180.00,100 גרם,false,1,15.90,8.8333,true,1,133871
5000204196689,false,מכשיר חשמלי רייד+נוז,SC Jonson,,מכשיר חשמלי רייד+נוזל מילוי 90 לילות,Unknown,0.00,Unknown,false,1,39.90,0.0000,true,1,133855
5000204196924,false,נוזל מילוי להרחקת ית,SC Jonson,,רייד נוזל מילוי זוג 90 לילות,Unknown,0.00,Unknown,false,1,29.90,0.0000,true,1,133856
5000204197051,false,רייד מכשיר חשמלי+נוז,SC Jonson,,רייד מכשיר חשמלי+נוזל מילוי אקליפטוס 45,Unknown,0.00,Unknown,false,1,29.90,0.0000,true,1,133859
5000204220933,false,רייד קוטל מעופפים אי,SC Jonson,NL,רייד קוטל מעופפים אירוסול אקליפטוס 300 מ,מיליליטרים,300.00,"100 מ""ל",false,12,15.90,5.3000,true,1,138771
5000204243000,false,טואלט דאק נוזל אפרסק,,NL,טואלט דאק נוזל אפרסק על חלל 750 מל,מיליליטרים,750.00,"100 מ""ל",false,1,9.90,1.3200,true,1,138774
5000204243031,false,טואלט דאק נוזל ירח פ,,NL,טואלט דאק נוזל ירח פורח 750 מל,מיליליטרים,750.00,"100 מ""ל",false,1,9.90,1.3200,true,1,138775
5000204254587,false,סבון דאק ניקוי אסלה,,PL,סבון דאק ניקוי אסלה אפרסק על חלל 38.6 גר,גרמים,39.00,100 גרם,false,1,5.90,15.1282,true,1,138773
5000204254617,false,סבון דאק ניקוי אסלה,,PL,סבון דאק ניקוי אסלה ירח פורח 38.6 גר,גרמים,39.00,100 גרם,false,1,5.90,15.1282,true,1,138772
5000213014905,false,בירה גינס פחית 440 מ,קרלסברג ישראל,,"בירה ""גינס"" פחית 440 מל",מיליליטרים,440.00,"100 מ""ל",false,1,14.90,3.3864,true,1,54888
5000267014203,false,ויסקי גוני ווקר אדום,,,ויסקי JW,מיליליטרים,700.00,"100 מ""ל",false,1,79.90,11.4143,true,1,35132
5000267024202,false,ויסקי גוני ווקר בלאק,,,"ג""וני ווקר שחור",מיליליטרים,700.00,"100 מ""ל",false,1,124.90,17.8429,true,1,35133
5000267116426,false,ויסקי גיוני ווקר דאב,,,"ויסקי ""גיוני ווקר"" דאבל בלאק 700 מל",מיליליטרים,700.00,"100 מ""ל",false,1,159.90,22.8429,true,1,54877
5000267117560,false,ויסקי גולד לייבל רזר,,,"ויסקי ""גיוני ווקר"" גולד ריזרב 700 מ""ל",מיליליטרים,700.00,"100 מ""ל",false,1,189.90,27.1286,true,1,101441
5000267179902,false,ויסקי גוני ווקר אדום,,,ויסקי גוני ווקר אדום 700 מל,מיליליטרים,700.00,"100 מ""ל",false,1,84.90,12.1286,true,1,133596
5000267186757,false,מארז גוני שחור 700 מ,,,מארז גוני שחור 700 מל+2 כוסות הייבול,מיליליטרים,700.00,"100 מ""ל",false,1,124.90,17.8429,true,1,141924
5000281040899,false,רום קפטן מורגן ווייט,,,רום קפטן מורגן ווייט 700 מל,מיליליטרים,700.00,"100 מ""ל",false,6,99.90,14.2714,true,1,130939
5000289925440,false,גין גורדון 700 מל,,,"גין גורדון 700 מ""ל",מיליליטרים,700.00,"100 מ""ל",false,1,89.90,12.8429,true,1,106289
5000289929417,false,גין גורדון פינק 700,,,גין גורדון פינק 700 מל,מיליליטרים,700.00,"100 מ""ל",false,1,89.90,12.8429,true,1,129043
5000299223031,false,רום קפטיין מורגן ספי,,,רום קפטיין מורגן ספייסד 750מל,מיליליטרים,750.00,"100 מ""ל",false,1,99.90,13.3200,true,1,76826
5000299604717,false,ויסקי בלנטיינס הארד,,,"ויסקי בלנטיינס הארד פיירד 700 מ""ל",מיליליטרים,700.00,"100 מ""ל",false,1,99.80,14.2571,true,1,103224
5000299609347,false,ויסקי גלנליווט פאונד,,,"וויסקי גלנליווט פאונדרס רזרב 700 מ""ל",מיליליטרים,700.00,"100 מ""ל",false,1,169.90,24.2714,true,1,100946
5000299622049,false,ויסקי שיבאס 15 שנה 7,,,"ויסקי XV שיבאס 15 שנה 700 מ""ל",מיליליטרים,700.00,"100 מ""ל",false,1,179.90,25.7000,true,1,117928
5000299629253,false,מארז ויסקי בלנטיינס,,,מארז ויסקי בלנטיינס 700 מל+2 כוסות,מיליליטרים,700.00,"100 מ""ל",false,1,89.90,12.8429,true,1,138909
5000329002193,false,גין ביפיטר 700 מל,,,"גין ביפיטר 700 מ""ל",מיליליטרים,700.00,"100 מ""ל",false,1,104.90,14.9857,true,1,100947
5000394019171,false,סוללות פלוס פאור D,,,סוללות פלוס פאור D,Unknown,0.00,Unknown,false,1,24.90,0.0000,true,1,102550
5000394140820,false,סוללות דורסל AA פלוס,,,סוללות דורסל AA פלוס פאור שישייה,Unknown,0.00,Unknown,false,1,18.90,0.0000,true,1,135563
5000394141209,false,סוללות דורסל AAA פלו,,,סוללות דורסל AAA פלוס פאור שישייה,Unknown,0.00,Unknown,false,1,18.90,0.0000,true,1,135564
5000394142190,false,סוללות פלוס פאוור 9,,,סוללות פלוס פאוור 9,Unknown,0.00,Unknown,false,1,24.90,0.0000,true,1,140939
5010035068376,false,עוגיות טריפל שוקוציפ,,,עוגיות טריפל שוקוציפס לבן ומריו פוקס 180,גרמים,180.00,100 גרם,false,1,10.90,6.0556,true,1,135128
5010038454831,false,בירה בלו מון 330 מל,בלו מון ברווינז קומפ,,"בירה בלו מון 330 מ""ל",מיליליטרים,330.00,"100 מ""ל",false,1,11.90,3.6061,true,1,124024
5010182996799,false,גל אסלה טואלט דאק 55,DEOFLOR,,"ג""ל אסלה ""טואלט דאק""",מיליליטרים,55.00,"100 מ""ל",false,1,9.90,18.0000,true,1,35162
5010182997253,false,רייד קוטל גוקים ארוס,SC Jonson,,"ארוסול ""רייד"" קוטל ג",מיליליטרים,300.00,"100 מ""ל",false,1,15.90,5.3000,true,1,35163
5010182997338,false,גל לאסלה טואלט דאק 5,DEOFLOR,,"ג""ל לאסלה ""טואלט דאק",מיליליטרים,55.00,"100 מ""ל",false,1,9.90,18.0000,true,1,35164
5010182997918,false,גל אסלה טואלט דאק 55,DEOFLOR,,"ג""ל אסלה ""טואלט דאק""",מיליליטרים,55.00,"100 מ""ל",false,1,9.90,18.0000,true,1,35168
5010182998847,false,טואלט דאק נוזל כחול,SC Jonson,,טואלט דאק נוזל כחול 750 מל,מיליליטרים,750.00,"100 מ""ל",false,1,9.90,1.3200,true,1,35169
5010182998861,false,טואלט דאק נוזל ירוק,SC Jonson,,ט דאק ירוק,מיליליטרים,750.00,"100 מ""ל",false,1,9.90,1.3200,true,1,35170
5010327000046,false,ויסקי גרנטס 700 מל ב,ויליאם גראנט,,וויסקי גרנטיס באריזת,מיליליטרים,700.00,"100 מ""ל",false,1,79.90,11.4143,true,1,35177
5010327000176,false,ויסקי גלנפידיך 12 שנ,ויליאם גראנט,,"ויסקי ""גלנפידיך מולט",מיליליטרים,700.00,"100 מ""ל",false,1,179.90,25.7000,true,1,35178
5010327105215,false,ויסקי מנקיי שולדר 70,ויליאם גראנט,,וויסקי מוניק שולדר 0.7ל,מיליליטרים,700.00,"100 מ""ל",false,1,149.90,21.4143,true,1,74210
5010327324333,false,ויסקי גלנפידיך סינגל,,,"ויסקי גלנפידיך סינגל מאלט 14 שנה 700 מ""ל",מיליליטרים,700.00,"100 מ""ל",false,1,219.90,31.4143,true,1,122895
5010327325125,false,ויסקי סולרה ריזרב 15,ויליאם גראנט,,וויסקי סולרה ריזרב 0.7ל,מיליליטרים,700.00,"100 מ""ל",false,1,249.90,35.7000,true,1,74206
5010327399614,false,ויסקי גלנפידיך 12 שנ,ויליאם גראנט,,ויסקי גלנפידיך 12 שנה אמריקן אוק 700 מל,מיליליטרים,700.00,"100 מ""ל",false,1,179.90,25.7000,true,1,141314
5010327505138,false,ויסקי באלויני 700 מל,,,"ויסקי באלויני 700 מ""ל",מיליליטרים,700.00,"100 מ""ל",false,1,269.90,38.5571,true,1,107545
5010391100703,false,ליקר דרמבו קלאסי 40%,,,"ליקר דרמבו קלאסי 40% 700 מ""ל",מיליליטרים,700.00,"100 מ""ל",false,1,139.90,19.9857,true,1,95562
5010394984577,false,פדיגרי דנטא סטיקס 10,,,פדיגרי דנטא סטיקס 100 גר,גרמים,110.00,100 גרם,false,1,12.90,11.7273,true,1,35187
5010494560282,false,ויסקי גלנמורנגי אורי,גלנמורנג'י,,וויסקי גלנמורנגי אוריגינל 10 שנים 700 מל,מיליליטרים,700.00,"100 מ""ל",false,1,149.90,21.4143,true,1,97915
5010494917840,false,ויסקי גלנמורנגי לסנט,,,ויסקי גלנמורנגי לסנטה 12 שנה 700 מל,מיליליטרים,700.00,"100 מ""ל",false,1,249.90,35.7000,true,1,140060
5010504100057,false,ויסקי קאטי סארק 1 ל,ארדינגטון דיסטילרי,,וויסקי קאטי סארק 1 ל,ליטרים,1.00,ליטר,false,1,109.90,109.9000,true,1,100858
5010504100149,false,ויסקי קאטי סארק סטור,,,"ויסקי קאטי סארק סטורם 700 מ""ל",מיליליטרים,700.00,"100 מ""ל",false,1,114.90,16.4143,true,1,108338
5010509001229,false,ויסקי הנקי בניסטר 70,אינוור האוס דיסטילרס,,"וויסקי הנקי בניסטר 700 מ""ל",מיליליטרים,700.00,"100 מ""ל",false,1,64.90,9.2714,true,1,35193
5010509414081,false,ויסקי הנקי בניסטר 1,,,וויסקי הנקי בניסטר 1ל,ליטרים,1.00,ליטר,false,1,89.90,89.9000,true,1,78014
5010509419468,false,ויסקי הנקי בניסטר 12,,,וויסקי הנקי בניסטר 12שנה 700מל,מיליליטרים,700.00,"100 מ""ל",false,1,89.90,12.8429,true,1,78015
5010677551281,false,בקרדי בריזר לימון 27,,,בקרדי בריזר לימון 275 מל,מיליליטרים,275.00,"100 מ""ל",false,1,14.90,5.4182,true,1,35202
5010677551397,false,בקרדי בריזר לימון לי,,,בקרדי בריזר לימון ליים 275 מל,מיליליטרים,275.00,"100 מ""ל",false,1,14.90,5.4182,true,1,53997
5010677552387,false,בקרדי בריזר אננס 275,,,בקרדי בריזר אננס 275,מיליליטרים,275.00,"100 מ""ל",false,1,14.90,5.4182,true,1,35203
5010677554398,false,בקרדי בריזר אבטיח 27,,,בקרדי בריזר אבטיח 27,מיליליטרים,275.00,"100 מ""ל",false,1,14.90,5.4182,true,1,35204
5010677714006,false,גין בומביי ספייר 700,,,"גין בומביי ספייר 700 מ""ל",מיליליטרים,700.00,"100 מ""ל",false,1,129.90,18.5571,true,1,112697
5010677850100,false,וודקה גריי גוס 700 מ,בקרדי מרטיני,FR,"וודקה גריי גוס 700 מ""ל",מיליליטרים,700.00,"100 מ""ל",false,6,119.90,17.1286,true,1,121234
5010852000917,false,ויסקי בארקליס 700 מל,CAMPBELL MEYER,,וויסקי בארקליס 0.7 ל,מיליליטרים,700.00,"100 מ""ל",false,1,64.90,9.2714,true,1,35209
5010867400092,false,יין פורט גראהם בציר,,,"יין פורט גראהם בציר 750 מ""ל",מיליליטרים,750.00,"100 מ""ל",false,1,99.90,13.3200,true,1,106279
5011007003005,false,ויסקי גיימסון 700 מל,,,"ויסקי ג""יימסון 0.7 ל",מיליליטרים,700.00,"100 מ""ל",false,1,99.90,14.2714,true,1,35220
5011013100132,false,ליקר אייריש קרם בייל,,,"אייריש קרים ""בייליס""",מיליליטרים,750.00,"100 מ""ל",false,1,89.90,11.9867,true,1,35222
5011013500680,false,ליקר שרידנס 700 מל,,,ליקר שרידנס 700 מל,מיליליטרים,700.00,"100 מ""ל",false,1,89.90,12.8429,true,1,76507
5011013934546,false,ליקר בייליס אייריש ק,,,ליקר בייליס אייריש קרים קרמל מלוח 700 מל,מיליליטרים,700.00,"100 מ""ל",false,1,89.90,12.8429,true,1,141921
5011013935178,false,ליקר בייליס אייריש ק,,,ליקר בייליס אייריש קרים פאי תפוחים 700 מ,מיליליטרים,700.00,"100 מ""ל",false,1,89.90,12.8429,true,1,141922
5011026108033,false,ויסקי טולמור דיו 700,טולמור דיו,,וויסקי טולמור דיו 0.7ל,מיליליטרים,700.00,"100 מ""ל",false,1,89.90,12.8429,true,1,74204
5011157630281,false,אורז טילדה בסמטי 1 ק,TILDA,,אורז טילדה בסמטי 1קג,קילוגרמים,1.00,"ק""ג",false,1,24.90,24.9000,true,1,35233
5011166055709,false,ויסקי אירי פוגס 700,,,ויסקי אירי פוגס 700 מל,מיליליטרים,700.00,"100 מ""ל",false,1,89.90,12.8429,true,1,132707
5011166059745,false,ויסקי פוגס סינגל מאל,,,ויסקי אירי סינגל מאלט פוגס 700 מל,מיליליטרים,700.00,"100 מ""ל",false,1,114.90,16.4143,true,1,132708
5011311150709,false,ויסקי אולד קליפר 700,WM Maxwell,,ויסקי אולד קליפר 0.7,מיליליטרים,750.00,"100 מ""ל",false,1,79.90,10.6533,true,1,35239
5011348008479,false,בירה קינג גובלין 500,ויצ'וויד,,"בירה  קינג גובלין 500 מ""ל",מיליליטרים,500.00,"100 מ""ל",false,8,16.90,3.3800,true,1,35268
5011348010335,false,בירה גינגר בירד 500,Wychwood,,"בירה גינגר בירד 500 מ""ל",מיליליטרים,500.00,"100 מ""ל",false,1,16.90,3.3800,true,1,95725
5011348016238,false,בירה שיפיארד 500 מל,ויצ'וויד,,בירה  שיפיארד 500 מל,מיליליטרים,500.00,"100 מ""ל",false,8,16.90,3.3800,true,1,132054
5011348016474,false,בירה פייר קאצר 500 מ,,,בירה פייר קאצר 500 מל,מיליליטרים,500.00,"100 מ""ל",false,8,16.90,3.3800,true,1,128488
5011348019772,false,בירה הובגובלין איי פ,ויצ'וויד,,"בירה  הובגובלין אי.פי.איי 500 מ""ל",מיליליטרים,500.00,"100 מ""ל",false,1,16.90,3.3800,true,1,115655
5011348023892,false,בירה דייס מן 500 מל,,,בירה דייס מן 500 מל,מיליליטרים,500.00,"100 מ""ל",false,1,16.90,3.3800,true,1,128487
5014271300429,false,מעדן סנט דלפור משמש,סאנטדלפור,,"מעדן ""סנט דלפור"" משמ",גרמים,284.00,100 גרם,false,1,19.90,7.0070,true,1,35290
5014271310428,false,מעדן סנט דלפור דובדב,סאנטדלפור,,"מעדן ""סנט דלפור"" דוב",גרמים,284.00,100 גרם,false,1,19.90,7.0070,true,1,35291
5014271330426,false,מעדן סנט דלפור אוכמנ,סאנטדלפור,,"מעדן ""סנט דלפור"" אוכ",גרמים,284.00,100 גרם,false,1,19.90,7.0070,true,1,35292
5014271350424,false,מעדן סנט דלפור ארבע,סאנטדלפור,,"מעדן ""סנט דלפור"" ארב",גרמים,284.00,100 גרם,false,1,19.90,7.0070,true,1,41220
5014271560427,false,מעדן סנט דלפור תפוז,סאנטדלפור,,"מעדן ""סנט דלפור"" תפו",גרמים,284.00,100 גרם,false,1,19.90,7.0070,true,1,41226
5014379009972,false,בירה באדוויזר פחית 5,,,"בירה באדוויזר פחית 500 מ""ל",מיליליטרים,500.00,"100 מ""ל",false,1,9.90,1.9800,true,1,124558
5016840000211,false,ויסקי היי קומישיונר,,,ויסקי היי קומישנר,מיליליטרים,700.00,"100 מ""ל",false,1,59.90,8.5571,true,1,41233
5021349103103,false,ויסקי סקוטי פרקרס 40,,,ויסקי סקוטי פרקרס 40% 1 ל,ליטרים,1.00,ליטר,false,1,89.90,89.9000,true,1,132669
5021349700098,false,ויסקי טומינטול פיטי,טילינג,,"וויסקי טומינטול פיטי טאנג 700 מ""ל",מיליליטרים,700.00,"100 מ""ל",false,1,159.90,22.8429,true,1,86107
5021349702412,false,ויסקי סקוטי קינג דונ,מלבי,,ויסקי סקוטי קינג דונק 40% 700 מל,מיליליטרים,700.00,"100 מ""ל",false,1,59.90,8.5571,true,1,128397
5021349702832,false,ויסקי טומינטול גלן מ,,,ויסקי טומינטול גלן מקאדם 1825 700 מל,מיליליטרים,700.00,"100 מ""ל",false,1,159.90,22.8429,true,1,141855
5021349703976,false,ויסקי טומינטול סינגל,,,ויסקי טומינטול סינגל מאלט שרי פיניש 700,מיליליטרים,700.00,"100 מ""ל",false,1,159.90,22.8429,true,1,129151
5023625004487,false,בירה הובגובלין 500 מ,ויצ'וויד,,"בירה  הובגובלין 500 מ""ל",מיליליטרים,500.00,"100 מ""ל",false,1,16.90,3.3800,true,1,41247
5024546356587,false,ויסקי מקניש 1 ל,,,ויסקי מקניש 1 ל,מיליליטרים,1000.00,"100 מ""ל",false,1,99.90,9.9900,true,1,41251
5024546366630,false,ויסקי סקוטש לאודרס 1,,,"וויסקי ""סקוטש לאודרס",מיליליטרים,1000.00,"100 מ""ל",false,1,99.90,9.9900,true,1,41255
5029053002408,false,נייר טואלט קלינקס לב,חוגלה קימברלי,,נייר טואלט קלינקס לב,גרמים,1184.00,100 גרם,false,1,34.90,2.9476,true,1,41265
5029053002439,false,נייר טואלט קלינקס צה,חוגלה קימברלי,,נייר טואלט קלינקס צה,Unknown,0.00,Unknown,false,1,34.90,0.0000,true,1,41266
5029053510811,false,תחבושות נורמל פלוס ע,KC Turkey,,"תחבושות ""קוטקס"" נורמ",Unknown,0.00,Unknown,false,1,17.90,0.0000,true,1,41270
5029053523446,false,תחבושות קוטקס אולטרא,KC Turkey,,"תחבושות ""קוטקס"" נייט",Unknown,0.00,Unknown,false,1,17.90,0.0000,true,1,41276
5029053534589,false,טמפונים ללא מוליך מי,KC Czech,,"טמפונים ""קוטקס""",Unknown,0.00,Unknown,false,1,19.80,0.0000,true,1,41280
5029053535227,false,טמפונים עם מוליך פלס,KC Czech,,"טמפוני ""קוטקס"" עם מו",Unknown,0.00,Unknown,false,1,21.90,0.0000,true,1,41284
5029053535234,false,טמפונים עם מוליך פלס,KC Czech,,"טמפוני ""קוטקס"" עם מו",Unknown,0.00,Unknown,false,1,21.90,0.0000,true,1,41285
5029053538426,false,טיטולי שחיה האגיס,KC Czech,,טיטולי שחיה האגיס,Unknown,0.00,Unknown,false,1,29.90,0.0000,true,1,75537
5029054220085,false,מגבונים לחים האגיס ק,,,מגבונים לחים האגיס קייר לא מבושם,Unknown,0.00,Unknown,false,1,24.90,0.0000,true,1,139102
5035766044673,false,סיידר סטרונגבאו תפוח,,,סיידר סטרונגבאו תפוחים 330מל,מיליליטרים,330.00,"100 מ""ל",false,1,7.90,2.3939,true,1,77131
5035766060253,false,בירה מרפיס סטאוט 500,,,"בירה מרפיס סטאוט 500 מ""ל",מיליליטרים,500.00,"100 מ""ל",false,1,12.90,2.5800,true,1,41288
5038342511385,false,גין קורייר 700 מל,,,"גין קורייר 700 מ""ל",מיליליטרים,700.00,"100 מ""ל",false,12,59.90,8.5571,true,1,116780
5050083302862,false,דגני בוקר קלוגס פופס,,,דגני בוקר קלוגס פופס עם דבש 375 גר,גרמים,375.00,100 גרם,false,1,18.90,5.0400,true,1,134626
5050974505259,false,פת פריכה רייויטה גרע,,,פת פריכה רייויטה גרעינים ודגנים 250 גר,גרמים,250.00,100 גרם,false,12,10.90,4.3600,true,1,129362
5053827191753,false,דגני בוקר קלוגס 8 וו,,,דגני בוקר קלוגס 8 ווראייטי 190 גר,גרמים,190.00,100 גרם,false,24,18.90,9.9474,true,1,141174
5055966830142,false,ויסקי בושמילס חביות,,,ויסקי בושמילס חביות רום 700 מל,מיליליטרים,700.00,"100 מ""ל",false,1,129.90,18.5571,true,1,134507
5055966830159,false,ויסקי בושמילס חביות,,,ויסקי בושמילס חביות ברבן 700 מל,מיליליטרים,700.00,"100 מ""ל",false,1,129.90,18.5571,true,1,134508
5056192408242,false,פריז פופ בטעמים 600,,,פריז פופ בטעמים 600 גר,גרמים,600.00,100 גרם,false,1,19.90,3.3167,true,1,142601
5060045588128,false,גים בים לבן כשר 700,בים סנטורי,,"גים בים לבן כשר 700 מ""ל",מיליליטרים,700.00,"100 מ""ל",false,1,99.90,14.2714,true,1,114659
5060045590190,false,ויסקי גים בים דבש 70,בים סנטורי,,ויסקי גים בים דבש 700 מל,מיליליטרים,700.00,"100 מ""ל",false,1,99.90,14.2714,true,1,134108
5060045590213,false,ויסקי גים בים תפוח 7,בים סנטורי,,ויסקי גים בים תפוח 700 מל,מיליליטרים,700.00,"100 מ""ל",false,1,99.90,14.2714,true,1,134107
5060108450003,false,מי טוניק פיבר טריי 2,,,מי טוניק פיבר טריי 200 מל,מיליליטרים,200.00,"100 מ""ל",false,1,7.90,3.9500,true,1,132318
5060190561267,false,בירה אינס אנד גון לא,,,"בירה אינס אנד גון לאגר 330 מ""ל",מיליליטרים,330.00,"100 מ""ל",false,1,12.90,3.9091,true,1,110361
5060250343765,false,ריסז ראונדס בוטנים 6,,,ריסז ראונדס בוטנים 6 יח 96 גר,גרמים,96.00,100 גרם,false,1,10.90,11.3542,true,1,139968
5060255492154,false,אבר קלין תורכיז ללא,,,אבר קלין תורכיז ללא בישום 6 ל,ליטרים,6.00,ליטר,false,1,54.90,9.1500,true,1,140266
5060255492185,false,אבר קלין חול עוצמה מ,,,אבר קלין חול עוצמה מחוזקת 6 קג,קילוגרמים,6.00,"ק""ג",false,1,54.90,9.1500,true,1,127700
5060336504486,false,חרדל פיקלילי 400 גר,,,חרדל פיקלילי 400 גר,גרמים,400.00,100 גרם,false,1,23.90,5.9750,true,1,132903
5060412214124,false,אבר קלין חול פיזור צ,,,אבר קלין חול פיזור צהוב מופחת 6 קג,קילוגרמים,6.00,"ק""ג",false,1,54.90,9.1500,true,1,127987
5060434130228,false,גין זאנפאודר דרמשנבו,,,גין זאנפאודר דרמשנבו אירי 700 מל,מיליליטרים,700.00,"100 מ""ל",false,1,159.90,22.8429,true,1,133985
5060517886486,false,משקה אנרגיה מונסטר פ,,RS,"משקה אנרגיה מונסטר פחית 500 מ""ל",מיליליטרים,500.00,"100 מ""ל",false,24,7.90,1.5800,true,1,125785
5060517886516,false,משקה אנרגיה מונסטר ז,,RS,"משקה אנרגיה מונסטר זירו פחית 500 מ""ל",מיליליטרים,500.00,"100 מ""ל",false,24,7.90,1.5800,true,1,125786
5060639129102,false,משקה אנרגיה מונסטר מ,,RS,משקה אנרגיה מונסטר מנגו פחית 500 מל,מיליליטרים,500.00,"100 מ""ל",false,24,7.90,1.5800,true,1,131474
5060671000063,false,סנסט אשכולית ורודה 2,,,סנסט אשכולית ורודה 200 מל,מיליליטרים,200.00,"100 מ""ל",false,1,7.90,3.9500,true,1,134747
5060671000124,false,סנסט למון טוניק 200,,,סנסט למון טוניק 200 מל,מיליליטרים,200.00,"100 מ""ל",false,1,7.90,3.9500,true,1,134748
5060751218173,false,משקה אנרגיה מונסטר פ,,RS,משקה אנרגיה מונסטר פחית 500 מל,מיליליטרים,500.00,"100 מ""ל",false,24,7.90,1.5800,true,1,139716
5060751219033,false,משקה אנרגיה מונסטר א,,RS,משקה אנרגיה מונסטר אולטרה פחית 500 מל,מיליליטרים,500.00,"100 מ""ל",false,24,7.90,1.5800,true,1,139873
5087396103237,false,חול קריסטל יהלום חתו,חטיפים מן הטבע,,חול קריסטל יהלום חתול 3.8 ל,ליטרים,3.80,ליטר,false,1,29.90,7.8684,true,1,140784
5099873017623,false,ויסקי גיק דניאלס טנס,,,וויסקי גיק דניאלס טנסי אפל 700 מל,מיליליטרים,700.00,"100 מ""ל",false,6,109.90,15.7000,true,1,130949
5099873038758,false,ויסקי גנטלמן גק 700,,,וויסקי גנטלמן גק 700מל,מיליליטרים,700.00,"100 מ""ל",false,1,139.90,19.9857,true,1,99815
5150245200988,false,מטרייה עם ידית במגוו,,,מטרייה עם ידית במגוון צבעים,Unknown,0.00,Unknown,false,1,29.90,0.0000,true,1,130193
5200100943701,false,עוגיות שוקולד ציפס מ,,,עוגיות שוקולד ציפס ממולאות קרם אגוזי לוז,גרמים,200.00,100 גרם,false,12,10.90,5.4500,true,1,132062
5200100943763,false,עוגיות סנדוויץ שיבול,,,עוגיות סנדוויץ שיבולת שועל קרם טחינה 180,גרמים,180.00,100 גרם,false,12,10.90,6.0556,true,1,132065
5200100943787,false,עוגיות סנדוויץ שיבול,,,עוגיות סנדוויץ שיבולת שועל קרם שוקולד מר,גרמים,180.00,100 גרם,false,12,10.90,6.0556,true,1,132066
5200106871084,true,יוגורט יווני 150 גר,,,יוגורט יווני 150 גר,גרמים,150.00,100 גרם,false,,5.90,3.9333,true,1,121452
5200106871121,false,יוגורט יווני 1 קג,,,"יוגורט יווני 1 ק""ג",קילוגרמים,1.00,"ק""ג",false,1,29.90,29.9000,true,1,120752
5200106871251,false,יוגורט יווני 350 גר,,,יוגורט יווני 350 גר,גרמים,350.00,100 גרם,false,1,11.90,3.4000,true,1,120751
5200106871275,false,יוגורט יווני 0% 350,,,יוגורט יווני 0% 350 גר,גרמים,350.00,100 גרם,false,1,11.90,3.4000,true,1,128028
5200133120476,false,גליליות וופלים אגוזי,,,גליליות וופלים אגוזים קקאו גולדן ברייק,גרמים,400.00,100 גרם,false,1,16.90,4.2250,true,1,114696
5200133120483,false,גליליות וופלים גולדן,,,גליליות וופלים גולדן ברייק וניל 400 גר,גרמים,400.00,100 גרם,false,1,16.90,4.2250,true,1,114695
5200133120735,false,גליליות וופלים שוקול,גולדן ברייק,GR,גליליות וופלים שוקולד מריר 400 גר,גרמים,400.00,100 גרם,false,12,16.90,4.2250,true,1,125432
5200303832925,false,גלילי וופל קרם קפוצי,,,"וופל ""בולירו"" קפוצ""י",גרמים,400.00,100 גרם,false,1,17.90,4.4750,true,1,41306
5201004020338,false,וופל רולס קפריס קלאס,,,וופל רולס קפריס קלאסיק 400 גר,גרמים,400.00,100 גרם,false,1,19.90,4.9750,true,1,120539
5201184053614,false,נר מספר דיסני ליום ה,סודי,,נר מספר דיסני ליום הולדת,Unknown,0.00,Unknown,false,1,6.90,0.0000,true,1,48243
5201184054505,false,מפה לשולחן,,,מפה לשולחן,Unknown,0.00,Unknown,false,1,16.90,0.0000,true,1,41327
5201205111279,false,ספוג סופג ריח,סדובסקי,,ספוג סופג ריח,Unknown,0.00,Unknown,false,1,11.90,0.0000,true,1,41334
5201261201532,false,רביעיית בירה היינקן,,,רביעיית בירה היינקן פחית 500 מל,מיליליטרים,2000.00,"100 מ""ל",false,6,39.90,1.9950,true,1,135241
5201306800812,false,זית קלמטה 465 גר,,,זית קלמטה 465 גר,גרמים,465.00,100 גרם,false,12,26.90,5.7849,true,1,134425
5201306803400,false,זיתים מושחרים 465 גר,אינטרקום יוון,,זיתים מושחרים 465 גר,גרמים,465.00,100 גרם,false,12,26.90,5.7849,true,1,41336
5201306803455,false,זיתים ירוקים 465 גר,אינטרקום יוון,,זיתים ירוקים 465 גר,גרמים,465.00,100 גרם,false,12,26.90,5.7849,true,1,79684
5201306810422,false,זיתי קלמטה יווני 150,,,זיתי קלמטה יווני 150 גר,גרמים,150.00,100 גרם,false,1,12.90,8.6000,true,1,142609
5201306810439,false,מיקס זיתי יווני בעשב,,,מיקס זיתי יווני בעשבי תיבול 150 גר,גרמים,150.00,100 גרם,false,1,12.90,8.6000,true,1,142610
5201347160326,false,גל למניעת אבנית קלגו,רקיט,,"גל למניעת אבנית קלגון 750 מ""ל",מיליליטרים,750.00,"100 מ""ל",false,1,24.90,3.3200,true,1,111118
5201940040117,false,זיתים ירוקים במלח 70,,,זיתים ירוקים במלח 700 גר,גרמים,700.00,100 גרם,false,6,18.90,2.7000,true,1,116241
5201940060078,false,זיתים קלמטה במלח 700,,,זיתים קלמטה במלח 700 גר,גרמים,700.00,100 גרם,false,1,18.90,2.7000,true,1,41364
5202152200108,false,זיתים ירוקים שלמים ב,,,זיתים ירוקים שלמים במי מלח 370 גר,גרמים,370.00,100 גרם,false,1,14.90,4.0270,true,1,140522
5202175001515,false,ציפס נאצו מלוח 225 ג,,,ציפס נאצו מלוח 225 גר,גרמים,225.00,100 גרם,false,1,10.90,4.8444,true,1,111383
5202175001546,false,ציפס נאצו בטעם ברביק,,,ציפס נאצו בטעם ברביקיו 225 גר,גרמים,225.00,100 גרם,false,1,10.90,4.8444,true,1,111382
5202390015618,false,ויולייף צהובה טבעוני,,,ויולייף צהובה טבעונית פרוסה 200 גר,גרמים,200.00,100 גרם,false,1,19.90,9.9500,true,1,131749
5202390015885,false,ויולייף צדר פרוסות 2,,,ויולייף צדר פרוסות 200 גר,גרמים,200.00,100 גרם,false,12,19.90,9.9500,true,1,140931
5202390019319,false,ויולייף מוצרלה טבעונ,,,ויולייף מוצרלה טבעונית מגורדת 200 גר,גרמים,200.00,100 גרם,false,1,24.90,12.4500,true,1,131751
5202390020407,false,ויולייף פטה טבעונית,,,ויולייף פטה טבעונית גוש 200 גר,גרמים,200.00,100 גרם,false,1,23.90,11.9500,true,1,131750
5202390021121,false,ויולייף קרמי טבעוני,,,ויולייף קרמי טבעוני 150 גר,גרמים,150.00,100 גרם,false,1,19.90,13.2667,true,1,131753
5202413007019,false,ערק אוזו פלומארי 700,,,"ערק אוזו פלומארי 700 מ""ל",מיליליטרים,700.00,"100 מ""ל",false,1,79.90,11.4143,true,1,120804
5202429109394,false,זיתים מושחרים אליטה,,,זיתים מושחרים אליטה 820 מל,גרמים,820.00,100 גרם,false,1,19.90,2.4268,true,1,133127
5202795080709,false,אוזו מטקסה 700 מל,רמי קואנטרו,,אוזו מטקסה 0.7 ל,מיליליטרים,700.00,"100 מ""ל",false,1,79.90,11.4143,true,1,49013
5202795120054,false,ברנדי יווני מטאקסה 5,רמי קואנטרו,,"ברנדי יווני ""מטאקסה""",מיליליטרים,700.00,"100 מ""ל",false,1,94.90,13.5571,true,1,41375
5202795130022,false,ברנדי מטאקסה 700 מל,רמי קואנטרו,,ברנדי מטאקסה 0.7ל,מיליליטרים,700.00,"100 מ""ל",false,1,119.90,17.1286,true,1,74212
5203819013406,false,אוזו מלטמי 38% 700 מ,,,אוזו מלטמי 38% 700 מל,מיליליטרים,700.00,"100 מ""ל",false,1,69.90,9.9857,true,1,128092
5208049001841,false,פאל מאל סלימס דמי קפ,,,פאל מאל סלימס דמי קפסולה,Unknown,0.00,Unknown,false,1,26.00,0.0000,false,1,122886
5390424121845,false,ויסקי דה דאבלינר בור,,,ויסקי דה דאבלינר בורבון קאסק 700 מל,מיליליטרים,700.00,"100 מ""ל",false,1,99.90,14.2714,true,1,128574
5391523270021,false,ויסקי אירי טילינג סמ,טילינג,,"וויסקי אירי טילינג סמול באטש 700 מ""ל",מיליליטרים,700.00,"100 מ""ל",false,1,159.90,22.8429,true,1,100852
5391524713169,false,רום כהה מתובל אייט א,,,רום כהה מתובל אייט איילנדס 700 מל,מיליליטרים,700.00,"100 מ""ל",false,1,109.90,15.7000,true,1,134124
5391533970003,false,ויסקי סינגל מאלט סקס,,,"ויסקי סינגל מאלט סקסטון 700 מ""ל",מיליליטרים,700.00,"100 מ""ל",false,1,139.90,19.9857,true,1,125436
5400265012186,false,קופידו פרלינים בלגים,HAMLET NV,,קופידו פרלינים בלגים,גרמים,500.00,100 גרם,false,1,64.90,12.9800,true,1,41442
5400265022796,false,המלט דפדפי שוקולד קר,HAMLET NV,,המלט דפדפי שוקולד קר,גרמים,125.00,100 גרם,false,1,16.90,13.5200,true,1,41467
5400265022802,false,המלט דפדפי שוקולד 57,HAMLET NV,,המלט דפדפי שוקולד 57,גרמים,125.00,100 גרם,false,1,16.90,13.5200,true,1,41468
5400265022826,false,המלט דפדפי שוקולד קר,HAMLET NV,,המלט דפדפי שוקולד קר,גרמים,125.00,100 גרם,false,1,16.90,13.5200,true,1,41470
5400265024349,false,המלט מאפה בצק עלים מ,HAMLET NV,,המלט-מאפה בצק עלים מ,גרמים,250.00,100 גרם,false,1,12.90,5.1600,true,1,41475
5400265032344,false,המלט מתנה ליין לאב מ,,,המלט מתנה ליין לאב מעורב 250 גר,גרמים,250.00,100 גרם,false,1,49.90,19.9600,true,1,134630
5410059024721,false,שוקולד מריר בלגי 200,,,שוקולד מריר בלגי 200 גר,גרמים,200.00,100 גרם,false,1,16.90,8.4500,true,1,141357
5410126006087,false,ביסקוויט לוטוס קרמל,,,"ביסקוויט ""לוטוס"" קרמל 700 גר",גרמים,700.00,100 גרם,false,1,24.90,3.5571,true,1,73656
5410126006377,false,עוגיות במילוי קרם ונ,,,עוגיות במילוי קרם וניל לוטוס 150 גר,גרמים,150.00,100 גרם,false,1,9.90,6.6000,true,1,134205
5410126106022,false,מארז חגים עוגיות לוט,,,מארז חגים עוגיות לוטוס 2*250,גרמים,500.00,100 גרם,false,,15.90,3.1800,true,1,128869
5410126106183,false,ביסקויט קרמל לוטוס 3,,,ביסקויט קרמל לוטוס 3,גרמים,312.00,100 גרם,false,1,15.90,5.0962,true,1,41497
5410126116953,false,ממרח עוגיות לוטוס קר,,,"ממרח עוגיות ""לוטוס"" קרמל 400 גר",גרמים,400.00,100 גרם,false,1,19.90,4.9750,true,1,51292
5410126666038,false,עוגיות לוטוס 279 גר,לוטס,BE,עוגיות לוטוס 279 גר,גרמים,279.00,100 גרם,false,10,9.90,3.5484,true,1,117740
5410126716016,false,ביסקוויט בטעם קרמל ל,,,ביסקויט בטעם קרמל לו,גרמים,250.00,100 גרם,false,1,11.90,4.7600,true,1,41498
5410126726947,false,ממרח עוגיות לוטוס קר,,,ממרח עוגיות לוטוס קראנץי 380 גר,גרמים,380.00,100 גרם,false,1,19.90,5.2368,true,1,76523
5410228267515,false,בירה באדוויזר בק 330,,,"בירה באדוויזר בק 330 מ""ל שישייה",מיליליטרים,1980.00,"100 מ""ל",false,1,34.90,1.7626,true,1,124557
5410291021991,false,ממרח צוקטה אגוזי לוז,נטרה,,ממרח צוקטה אגוזי לוז עם קקאו 700 גר,גרמים,700.00,100 גרם,false,1,19.90,2.8429,true,1,101682
5410291022011,false,ממרח צוקטה אגוזי לוז,נטרה,,ממרח צוקטה אגוזי לוז עם קקאו 350 גר,גרמים,350.00,100 גרם,false,1,11.90,3.4000,true,1,101681
5410291022738,false,ממרח דואו צוקטה 350,,,ממרח דואו צוקטה 350 גר,גרמים,350.00,100 גרם,false,1,11.90,3.4000,true,1,134171
5410316983693,false,סמירנוף אייס 275 מל,IBBLS,,אייס סמירנוף,מיליליטרים,275.00,"100 מ""ל",false,1,12.90,4.6909,true,1,41518
5410316994019,false,וודקה סמירנוף 700 מל,,,וודקה סמירנוף 0.7 ל,מיליליטרים,700.00,"100 מ""ל",false,1,54.90,7.8429,true,1,52949
5410481080029,false,נוגט פיסטוק קרלייר 1,,,נוגט פיסטוק קרלייר 100 גר,גרמים,100.00,100 גרם,false,1,13.90,13.9000,true,1,134614
5410481080173,false,נוגט שקדים וניל שוקו,,,נוגט שקדים וניל שוקולד קרלייר 100 גר,גרמים,100.00,100 גרם,false,1,13.90,13.9000,true,1,139593
5410658902413,false,קפסולות קפה פורטיסימ,,,קפסולות קפה פורטיסימו אספרסו 08,Unknown,0.00,Unknown,false,1,11.90,0.0000,true,1,112372
5410658902420,false,קפסולות קפה פורטיסימ,,,קפסולות קפה פורטיסימו ריסטרטו 10,Unknown,0.00,Unknown,false,1,11.90,0.0000,true,1,112371
5410658902437,false,קפסולות קפה פורטיסימ,,,קפסולות קפה פורטיסימו לונגו פורטה 07,Unknown,0.00,Unknown,false,1,11.90,0.0000,true,1,112373
5410658902444,false,קפסולות קפה פורטיסימ,,,קפסולות קפה פורטיסימו לונגו קלאסיק 04,Unknown,0.00,Unknown,false,1,11.90,0.0000,true,1,112374
5410769100081,false,בירה לה שוף 330 מל,,,"בירה לה שוף 330 מ""ל",מיליליטרים,330.00,"100 מ""ל",false,1,13.90,4.2121,true,1,106117
5410769101095,false,בירה נייס שוף בק 750,,,"בירה נייס שוף בק 750 מ""ל",מיליליטרים,750.00,"100 מ""ל",false,1,29.90,3.9867,true,1,116047
5410769200088,false,בירה מק שוף 330 מל,,,"בירה מק שוף 330 מ""ל",מיליליטרים,330.00,"100 מ""ל",false,1,13.90,4.2121,true,1,106118
5410769800097,false,בירה צרי שוף 8% 330,,,"בירה צרי שוף 8% 330 מ""ל",מיליליטרים,330.00,"100 מ""ל",false,1,13.90,4.2121,true,1,109365
5410769800554,false,בירה צרי שוף בק 750,,,"בירה צרי שוף בק 750 מ""ל",מיליליטרים,750.00,"100 מ""ל",false,1,29.90,3.9867,true,1,121833
5410976823018,false,גיליאן שוקולד מריר פ,,,גיליאן שוקולד מריר פטל 100 גר,גרמים,100.00,100 גרם,false,1,14.90,14.9000,true,1,126756
5411081000523,false,בירה קסטיל דונקר 330,מבשלת קסטל ואן הונסב,,"בירה קסטיל דונקר 330 מ""ל",מיליליטרים,330.00,"100 מ""ל",false,1,12.90,3.9091,true,1,41526
5411081003654,false,בירה קסטיל רוז 330 מ,מבשלת קסטל ואן הונסב,,"בירה  קסטיל רוז 330 מ""ל",מיליליטרים,330.00,"100 מ""ל",false,1,12.90,3.9091,true,1,41528
5411081003661,false,בירה קסטיל רוז 750 מ,מבשלת קסטל ואן הונסב,,"בירה קסטיל רוז 750 מ""ל",מיליליטרים,750.00,"100 מ""ל",false,1,32.90,4.3867,true,1,41529
5411081005696,false,בירה קסטיל בריסטה שו,מבשלת קסטל ואן הונסב,,"בירה קסטיל בריסטה שוקולד 330 מ""ל",מיליליטרים,330.00,"100 מ""ל",false,1,12.90,3.9091,true,1,117586
5411188081852,false,משקה סויה אלפרו וניל,ALPRO,,חלב סויה וניל 1 ל,ליטרים,1.00,ליטר,false,1,13.90,13.9000,true,1,76028
5411188096108,false,רוטב סויה לבישול 4.7,ALPRO,,רוטב סויה לבישול 4.7% אלפרו 250 מל,מיליליטרים,250.00,"100 מ""ל",false,1,9.90,3.9600,true,1,41533
5411188110835,false,משקה שקדים אלפרו 1 ל,ALPRO,,חלב שקדים אלפרו 1 לי,ליטרים,1.00,ליטר,false,1,13.90,13.9000,true,1,54764
5411188112549,false,מקשה אורז אלפרו 1 ל,ALPRO,,"מקשה אורז ""אלפרו"" 1 ל",ליטרים,1.00,ליטר,false,1,13.90,13.9000,true,1,76139
5411188112709,false,משקה אלפרו שקדים ללא,ALPRO,,אלפרו משקה שקדים ללא סוכר,ליטרים,1.00,ליטר,false,1,13.90,13.9000,true,1,102643
5411188115366,false,משקה שיבולת שועל אלפ,ALPRO,,"משקה שיבולת שועל ""אלפרו"" 1 ל",ליטרים,1.00,ליטר,false,1,13.90,13.9000,true,1,76138
5411188115434,false,משקה אלפרו בריסטה סו,ALPRO,,משקה אלפרו בריסטה סויה 1 ל,ליטרים,1.00,ליטר,false,1,14.90,14.9000,true,1,138289
5411188115472,false,משקה סויה אלפרו 1 ל,ALPRO,,משקה סויה אלפרו 1 ל,ליטרים,1.00,ליטר,false,1,14.90,14.9000,true,1,128893
5411188118732,false,משקה שקדים קוקוס אלפ,אלפרו,,משקה שקדים אלפרו קוקוס  1 ל,ליטרים,1.00,ליטר,false,1,13.90,13.9000,true,1,99046
5411188120742,false,משקה שקדים בטעם וניל,אלפרו,,משקה שקדים אלפרו בטעם וניל 1 ל,ליטרים,1.00,ליטר,false,1,13.90,13.9000,true,1,99045
5411188121923,false,משקה סויה אלפרו 250,ALPRO,,"משקה סויה אלפרו 250 מ""ל שלישייה",מיליליטרים,750.00,"100 מ""ל",false,1,13.90,1.8533,true,1,114496
5411188121978,false,משקה סויה אלפרו 250,ALPRO,,"משקה סויה אלפרו 250 מ""ל שלישייה",מיליליטרים,750.00,"100 מ""ל",false,1,13.90,1.8533,true,1,110960
5411188124689,false,משקה שיבולת שועל ללס,ALPRO,,משקה שיבולת שועל ללס אלפרו 1 ל,ליטרים,1.00,ליטר,false,8,14.90,14.9000,true,1,129516
5411188127697,false,משקה אלפרו בריסטה שי,ALPRO,,משקה  אלפרו בריסטה שיבולת שועל 1  ל,ליטרים,1.00,ליטר,false,1,14.90,14.9000,true,1,128896
5411188129899,false,משקה אלפרו בריסטה שק,ALPRO,,משקה  אלפרו בריסטה שקדים 1  ל,ליטרים,1.00,ליטר,false,1,14.90,14.9000,true,1,128897
5411188134985,false,משקה שיבולת שועל 3.5,,,משקה שיבולת שועל 3.5% אלפרו 1 ל,ליטרים,1.00,ליטר,false,1,13.90,13.9000,true,1,135272
5411188135005,false,משקה שיבולת שועל 1.8,,,משקה שיבולת שועל 1.8% אלפרו 1 ל,ליטרים,1.00,ליטר,false,1,13.90,13.9000,true,1,135273
5411188300328,false,משקה סויה אלפרו שוקו,ALPRO,,"חלב סויה ""אלפרו"" שוקו 1 ל",ליטרים,1.00,ליטר,false,1,13.90,13.9000,true,1,76027
5411188543398,false,משקה סויה אלפרו ללא,ALPRO,,משקה סויה אלפרו ללא סוכר 1 ל,ליטרים,1.00,ליטר,false,1,14.90,14.9000,true,1,128894
5411223030081,false,בירה לינדמנס דובדבן,מבשלת לינדמנס,,"בירה לינדמנס דובדבן 250 מ""ל",מיליליטרים,250.00,"100 מ""ל",false,1,13.90,5.5600,true,1,100444
5411223100579,false,בירה לינדמנס תפוחים,מבשלת לינדמנס,,"בירה לינדמנס תפוחים 250 מ""ל",מיליליטרים,250.00,"100 מ""ל",false,1,13.90,5.5600,true,1,123942
5411223100838,false,בירה לינדמנס אפרסק 2,מבשלת לינדמנס,,"בירה לינדמנס אפרסק 250 מ""ל",מיליליטרים,250.00,"100 מ""ל",false,1,13.90,5.5600,true,1,123835
5411223100920,false,בירה לינדמנס קריק דו,,,"בירה לינדמנס קריק דובדבן 750 מ""ל",מיליליטרים,750.00,"100 מ""ל",false,1,29.90,3.9867,true,1,128817
5411616002190,false,בירה מרטנס חזק 500 מ,,,בירה מרטנס חזק 500מל,מיליליטרים,500.00,"100 מ""ל",false,1,7.90,1.5800,true,1,80194
5411616133245,false,בירה מרטנס ירוק 500,,,"בירה ""מרטנס ירוק"" 50",מיליליטרים,500.00,"100 מ""ל",false,1,7.90,1.5800,true,1,41540
5411616148546,false,בירה מרטנס גולד 500,,,"בירה ""מרטנס גולד"" 50",מיליליטרים,500.00,"100 מ""ל",false,1,7.90,1.5800,true,1,41542
5411676100874,false,בירה ברבר בלונד 330,,,בירה ברבר בלונד 330 מל,מיליליטרים,330.00,"100 מ""ל",false,1,13.90,4.2121,true,1,136298
5411676100928,false,בירה ברבר רוז 330 מל,,,בירה ברבר רוז 330 מל,מיליליטרים,330.00,"100 מ""ל",false,1,13.90,4.2121,true,1,136300
5411676301356,false,בירה ברבר בוק 330 מל,,,בירה ברבר בוק 330 מל,מיליליטרים,330.00,"100 מ""ל",false,1,13.90,4.2121,true,1,136299
5411681014005,false,בירה דובל 330 מל,דובל מורטגט,,"בירה דובל 330 מ""ל",מיליליטרים,330.00,"100 מ""ל",false,1,13.90,4.2121,true,1,100442
5411681038001,false,בירה מרדסוס טריפל חז,דובל מורטגט,,"בירה מרדסוס טריפל חזקה 330 מ""ל",מיליליטרים,330.00,"100 מ""ל",false,1,13.90,4.2121,true,1,100441
5411681038056,false,בירה מרדסו טריפל בק,,,"בירה מרדסו טריפל בק 750 מ""ל",מיליליטרים,750.00,"100 מ""ל",false,1,29.90,3.9867,true,1,116045
5411681402635,false,בירה דובל בק 750 מל,,,"בירה דובל בק 750 מ""ל",מיליליטרים,750.00,"100 מ""ל",false,1,29.90,3.9867,true,1,116046
5411686700118,false,בירה ליפמנס און דה ר,אודנרד,,"בירה ליפמנס און דה רוקס 250 מ""ל",מיליליטרים,250.00,"100 מ""ל",false,1,13.90,5.5600,true,1,100446
5412186002436,false,בירה  דליריאום רד בט,L.HUYGHE,,בירה  דליריאום רד בטעם פירות 330 מל,מיליליטרים,330.00,"100 מ""ל",false,1,14.90,4.5152,true,1,109166
5412956214519,false,שוקולד מריר תפוז ושק,,,שוקולד מריר תפוז ושקדים קאשט 100 גר,גרמים,100.00,100 גרם,false,1,9.90,9.9000,true,1,115778
5412956214526,false,שוקולד מריר אגס ושקד,,,שוקולד מריר אגס ושקדים קאשט 100 גר,גרמים,100.00,100 גרם,false,1,9.90,9.9000,true,1,115775
5412956214533,false,שוקולד מריר לימון ופ,,,שוקולד מריר לימון ופלפל שחור קאשט 100 גר,גרמים,100.00,100 גרם,false,1,9.90,9.9000,true,1,115776
5412956214540,false,שוקולד מריר גינגר וא,,,שוקולד מריר גינגר ואוכמניות קאשט 100 גר,גרמים,100.00,100 גרם,false,1,9.90,9.9000,true,1,115777
5412956214649,false,שוקולד מריר 85% קקאו,,,שוקולד מריר 85% קקאו קאשט 100 גר,גרמים,100.00,100 גרם,false,1,9.90,9.9000,true,1,115774
5412956214670,false,שוקולד מריר 70% קקאו,,,שוקולד מריר 70% קקאו קאשט 100 גר,גרמים,100.00,100 גרם,false,1,9.90,9.9000,true,1,115772
5413121355105,false,שוקולד בלגי פרסטיז ח,BCG,,"פרסטיז"" שוקולד בלגי",גרמים,100.00,100 גרם,false,1,12.90,12.9000,true,1,41578
5413121356737,false,שוקולד מריר בלגי ללא,BCG,,"בלג""יאן שוקולד בלגי",גרמים,100.00,100 גרם,false,1,14.90,14.9000,true,1,41580
5413121356829,false,שוקולד חלב ללא סוכר,BCG,,"בלג""יאן שוקולד בלגי",גרמים,100.00,100 גרם,false,1,14.90,14.9000,true,1,41581
5413121358694,false,שוקולד בלגי פרסטיז מ,BCG,,"פרסטיז"" שוקולד בלגי",גרמים,100.00,100 גרם,false,1,12.90,12.9000,true,1,41582
5413121359769,false,בונ צדפי שוקולד בלגי,BCG,,"צדפי שוקולד בלגי ""בל",גרמים,195.00,100 גרם,false,1,16.90,8.6667,true,1,41587
5413121365616,false,בלגיאן שוקולד מריר מ,BCG,,בלגיאן שוקולד מריר משובח 90% 100 גר,גרמים,100.00,100 גרם,false,1,12.90,12.9000,true,1,120492
5413149655522,false,אבקת כביסה אריאל 1.2,,,אבקת כביסה אריאל שוש,קילוגרמים,1.25,"ק""ג",false,1,14.90,11.9200,true,1,41619
5413149922907,false,אבקת כביסה אריאל 5 ק,,,אבקת כביסה אריאל 5 קג,קילוגרמים,5.00,"ק""ג",false,1,39.90,7.9800,true,1,41650
5413149922938,false,אבקת כביסה אריאל 5 ק,,,"אבקת כביסה ""אריאל"" ש",קילוגרמים,5.00,"ק""ג",false,1,39.90,7.9800,true,1,41651
5414145035585,false,ויסקי בורבון קנטקי ג,סודיקו,US,וויסקי קנטוקי גיק 0.7ל,מיליליטרים,700.00,"100 מ""ל",false,6,74.90,10.7000,true,1,74125
5414145035622,false,ויסקי בורבון קנטקי ג,סודיקו,US,וויסקי קנטוקי גיק 1ל,מיליליטרים,1000.00,"100 מ""ל",false,6,99.90,9.9900,true,1,76086
5414145036568,false,ליקר קרם קלאב בתוספת,סודיקו,US,"ליקר קרם קלאב אוריגל בתוספת ויסקי 700 מ""",מיליליטרים,700.00,"100 מ""ל",false,6,49.90,7.1286,true,1,117908
5420066330173,false,טרופל ביאנקה שוקולד,Q Chocolate,,טרופל ביאנקה שוקולד מריר 175גר,גרמים,175.00,100 גרם,false,1,14.90,8.5143,true,1,77828
5420066330203,false,טרופל ביאנקה קקאו בא,Chocolate Q,,טרופל ביאנקה קקאו באריזת זהב 175 גר,גרמים,175.00,100 גרם,false,1,14.90,8.5143,true,1,96797
5420066370001,false,טרופל בלגי קרמל 150,,,טרופל בלגי קרמל 150 גר,גרמים,150.00,100 גרם,false,1,14.90,9.9333,true,1,103220
5420066370018,false,טרופל בלגי קקאו 150,,,טרופל בלגי קקאו 150 גר,גרמים,150.00,100 גרם,false,1,14.90,9.9333,true,1,103217
5420066370025,false,טרופל בלגי קפה 150 ג,,,טרופל בלגי קפה 150 גר,גרמים,150.00,100 גרם,false,1,14.90,9.9333,true,1,103219
5420066370032,false,טרופל בלגי מריר 150,,,טרופל בלגי מריר 150 גר,גרמים,150.00,100 גרם,false,1,14.90,9.9333,true,1,103216
5420066370049,false,טרופל בלגי תפוז 150,,,טרופל בלגי תפוז 150 גר,גרמים,150.00,100 גרם,false,1,14.90,9.9333,true,1,103221
5420066370384,false,טרופל בלגי אגוזים 15,,,טרופל בלגי אגוזים 150 גר,גרמים,150.00,100 גרם,false,1,14.90,9.9333,true,1,103218
5420066384084,false,שוקולד ביאנקה מריר 7,,,שוקולד ביאנקה מריר 72%  100 גר,גרמים,100.00,100 גרם,false,1,9.90,9.9000,true,1,106897
5420066389010,false,שוקולד חלב עם קרמל ו,,,שוקולד חלב עם קרמל ומלח ים 150 גר,גרמים,150.00,100 גרם,false,1,14.90,9.9333,true,1,139277
5420066389034,false,שוקולד חלב עם חתיכות,,,שוקולד חלב עם חתיכות בראוני 150 גר,גרמים,150.00,100 גרם,false,1,14.90,9.9333,true,1,139275
5420066389065,false,שוקולד מריר עם דובדב,,,שוקולד מריר עם דובדבן 150 גר,גרמים,150.00,100 גרם,false,1,14.90,9.9333,true,1,139273
5425017240075,false,בירה חזקה ברוז זוט ד,,,בירה חזקה ברוז זוט דאבל 330 מל,מיליליטרים,330.00,"100 מ""ל",false,1,13.90,4.2121,true,1,141550
5425017240457,false,בירה חזקה שטאפה הנדר,,,בירה חזקה שטאפה הנדריק טריפל 330 מל,מיליליטרים,330.00,"100 מ""ל",false,1,13.90,4.2121,true,1,141551
5425017240648,false,בירה חזקה שטאפה הנדר,,,בירה חזקה שטאפה הנדריק קוודרופל 330 מל,מיליליטרים,330.00,"100 מ""ל",false,1,13.90,4.2121,true,1,141552
5600241519009,false,סרדין בלמר בשמן זית,,,סרדין בלמר בשמן זית ללא עור ועצמות 120 ג,גרמים,120.00,100 גרם,false,1,22.90,19.0833,true,1,134710
5600241519016,false,סרדין בלמר בשמן זית,,,סרדין בלמר בשמן זית 120 גר,גרמים,120.00,100 גרם,false,1,15.90,13.2500,true,1,134707
5600241519023,false,סרדין בלמר בשמן זית,,,סרדין בלמר בשמן זית ולימון 120 גר,גרמים,120.00,100 גרם,false,1,15.90,13.2500,true,1,134709
5600241519061,false,פילה מקרל בלמר בשמן,,,פילה מקרל בלמר בשמן זית  120 גר,גרמים,120.00,100 גרם,false,1,19.90,16.5833,true,1,134711
5600241519252,false,זוג נתחי טונה קרדום,,,זוג נתחי טונה קרדום במים 160 גר,גרמים,320.00,100 גרם,false,1,14.90,4.6563,true,1,134719
5600241519269,false,זוג נתחי טונה קרדום,,,זוג נתחי טונה קרדום בשמן זית 160 גר,גרמים,320.00,100 גרם,false,1,14.90,4.6563,true,1,134720
5600241519276,false,זוג נתחי טונה קרדום,,,זוג נתחי טונה קרדום בשמן חמניות 160 גר,גרמים,320.00,100 גרם,false,1,14.90,4.6563,true,1,134721
5600241519283,false,זוג נתחי טונה קרדום,,,זוג נתחי טונה קרדום ברוטב עגבניות 160 גר,גרמים,320.00,100 גרם,false,1,14.90,4.6563,true,1,134722
5600241519399,false,פילה מקרל קרדום בשמן,,,פילה מקרל קרדום בשמן זית 120 גר,גרמים,120.00,100 גרם,false,1,12.90,10.7500,true,1,134714
5600241519429,false,תמנון קרדום ברוטב עג,,,תמנון קרדום ברוטב עגבניות 120 גר,גרמים,120.00,100 גרם,false,1,10.90,9.0833,true,1,134715
5600241519436,false,סרדין קרדום בשמן זית,,,סרדין קרדום בשמן זית 120 גר,גרמים,120.00,100 גרם,false,1,8.90,7.4167,true,1,134716
5600241519450,false,סרדין קרדום ברוטב עג,,,סרדין קרדום ברוטב עגבניות 120 גר,גרמים,120.00,100 גרם,false,1,8.90,7.4167,true,1,134717
5600241519467,false,סרדין קרדום ברוטב עג,,,סרדין קרדום ברוטב עגבניות פיקנטי 120 גר,גרמים,120.00,100 גרם,false,1,8.90,7.4167,true,1,134718
5600241519481,false,נתחי טונה קרדום בשמן,,,נתחי טונה קרדום בשמן זית 160 גר,גרמים,160.00,100 גרם,false,1,9.90,6.1875,true,1,139487
5601008200451,false,עוגיות מרבה גודיס שו,Goodies,,"עוגיות ""מרבה"" גודיס שוקולד מריר 150 גר",גרמים,150.00,100 גרם,false,1,5.90,3.9333,true,1,41723
5601012021509,false,יין מטאוס לבן פורטוג,,,"יין מטאוס לבן פורטוגל 750 מ""ל",מיליליטרים,750.00,"100 מ""ל",false,1,34.90,4.6533,true,1,129329
5601012837636,true,יין סילק אנד ספייס א,,,יין סילק אנד ספייס אדום 750 מל,מיליליטרים,750.00,"100 מ""ל",false,,59.90,7.9867,true,1,133938
5601217129420,false,דפים לכביסה שומרי צב,רקיט,,דפים לכביסה שומרי צבע וולייט 20 יח,Unknown,0.00,Unknown,false,1,19.90,0.0000,true,1,111514
5601560112247,false,צנימים 225 גר,PRIMART,,צנימים 225 גר,גרמים,225.00,100 גרם,false,1,12.90,5.7333,true,1,141294
5601560112254,false,צנימים עם חיטה מלאה,PRIMART,,צנימים עם חיטה מלאה 225 גר,גרמים,225.00,100 גרם,false,1,12.90,5.7333,true,1,141295
5601560113060,false,צנימים מיני 120 גר,PRIMART,,צנימים מיני 120 גר,גרמים,120.00,100 גרם,false,1,8.90,7.4167,true,1,141293
5601560113077,false,צנימים מיני עם חיטה,PRIMART,,צנימים מיני עם חיטה מלאה 120 גר,גרמים,120.00,100 גרם,false,1,8.90,7.4167,true,1,141292
5601560113169,false,צנימים עם שיפון מיקס,PRIMART,,צנימים עם שיפון מיקס 300 גר,גרמים,300.00,100 גרם,false,1,16.90,5.6333,true,1,141297
5601996023780,false,יין פורטה 6 רוזה 750,,,יין פורטה 6 רוזה 750 מל,מיליליטרים,750.00,"100 מ""ל",false,1,44.90,5.9867,true,1,127495
5601996025258,false,יין וידיגל בואה נוצה,,,יין וידיגל בואה נוצה 750 מל,מיליליטרים,750.00,"100 מ""ל",false,1,74.90,9.9867,true,1,140840
5601996289728,false,יין פורטה 6 אדום מגנ,,,יין פורטה 6 אדום מגנום 1.5 ל,ליטרים,1.50,ליטר,false,1,79.90,53.2667,true,1,134946
5601996355485,false,יין פורטה 6 לבן 750,,,יין פורטה 6 לבן 750 מל,מיליליטרים,750.00,"100 מ""ל",false,1,44.90,5.9867,true,1,127494
5601996547897,false,יין פורטה 6 אדום 750,,,יין פורטה 6 אדום 750 מל,מיליליטרים,750.00,"100 מ""ל",false,1,44.90,5.9867,true,1,127493
5694230223312,false,שימורי כבד דג במיץ ט,,IS,שימורי כבד דג במיץ טבעי 121 גר,גרמים,121.00,100 גרם,false,12,9.90,8.1818,true,1,120880
5701215042391,false,גבינת קממבר 125 גר,,,"גבינת ""קממברט"" 125 ג",גרמים,125.00,100 גרם,false,1,17.90,14.3200,true,1,73522
5701215042407,false,גבינת ברי 125 גר,,,"גבינת ""ברי"" 125 גר""",גרמים,125.00,100 גרם,false,1,16.90,13.5200,true,1,73646
5701397311346,false,חטיף ציפס בטעם מלח י,,,חטיף ציפס בטעם מלח ים 150 גר,גרמים,150.00,100 גרם,false,1,15.90,10.6000,true,1,140773
5701932026964,false,הוטפופ מלוח 600 גר,,,"הוטפופ מלוח 600 ג""ר",גרמים,600.00,100 גרם,false,1,15.90,2.6500,true,1,45547
5701932026971,false,הוטפופ חמאה 600 גר,,,"הוטפופ חמאה 600 ג""ר",גרמים,600.00,100 גרם,false,1,15.90,2.6500,true,1,45548
5701932026995,false,הוטפופ לייט 510 גר,,,"הוטפופ לייט 510 ג""ר",גרמים,510.00,100 גרם,false,1,15.90,3.1176,true,1,45549
5704025032156,false,דניש קומבי בלו 100 ג,Lazur,,דניש קומבי בלו 100 גר,גרמים,100.00,100 גרם,false,1,10.90,10.9000,true,1,124397
5705550300963,false,ביצי דג שיבוט 200 גר,,,ביצי דג שיבוט 200 גר,גרמים,200.00,100 גרם,false,1,11.90,5.9500,true,1,104490
5706516031358,false,הוטפופ פופקורן להכנה,,,הוטפופ פופקורן להכנה במיקרוגל  500 גר,גרמים,500.00,100 גרם,false,1,15.90,3.1800,true,1,48032
5706516110039,false,פופקורן הוטפופ בטעם,,,פופקורן הוטפופ בטעם טבעי 540 גר,גרמים,540.00,100 גרם,false,12,15.90,2.9444,true,1,129256
5711953106583,false,גבינת שמנת ארלה טבעי,,,גבינת שמנת ארלה טבעי 200 גר,גרמים,200.00,100 גרם,false,1,14.90,7.4500,true,1,123557
5711953106590,false,גבינת שמנת ארלה שום,,,גבינת שמנת ארלה שום 200 גר,גרמים,200.00,100 גרם,false,1,14.90,7.4500,true,1,123559
5711953106606,false,גבינת שמנת ארלה עשבי,,,גבינת שמנת ארלה עשבי תיבול 200 גר,גרמים,200.00,100 גרם,false,1,14.90,7.4500,true,1,123558
5740900403215,false,ממרח מחמאת לורפק עם,,,ממרח מחמאת לורפק עם מלח 250 גר,גרמים,250.00,100 גרם,false,1,16.90,6.7600,true,1,120858
5740900403222,false,ממרח מחמאת לורפק עם,,,ממרח מחמאת לורפק עם מלח 27% פחות שומן,גרמים,250.00,100 גרם,false,1,16.90,6.7600,true,1,120860
5740900403239,false,ממרח מחמאת לורפק ללא,,,ממרח מחמאת לורפק ללא מלח 250 גר,גרמים,250.00,100 גרם,false,1,16.90,6.7600,true,1,120859
5740900403246,false,ממרח מחמאת לורפק ללא,,,ממרח מחמאת לורפק ללא מלח 500 גר,גרמים,500.00,100 גרם,false,1,27.90,5.5800,true,1,120856
5740900403253,false,ממרח מחמאה לורפק עם,,,ממרח מחמאת לורפק עם מלח 500 גר,גרמים,500.00,100 גרם,false,1,27.90,5.5800,true,1,120857
5740900403260,false,ממרח מחמאת לורפק ללא,,,ממרח מחמאת לורפק ללא מלח 27% פחות שומן,גרמים,250.00,100 גרם,false,1,16.90,6.7600,true,1,120861
5740900403284,false,חמאה לורפק ללא מלח 2,,,חמאה לורפק ללא מלח 200 גר,גרמים,200.00,100 גרם,false,1,11.90,5.9500,true,1,129176
5740900403864,false,חמאה לורפק מלח 200 ג,,,חמאה לורפק מלח 200 גר,גרמים,200.00,100 גרם,false,20,11.90,5.9500,true,1,134772
5774540132006,false,שוקולד אנטון ברג קרם,,,שוקולד אנטון ברג קרם קרמל וקונטרו 90 גר,גרמים,90.00,100 גרם,false,12,17.90,19.8889,true,1,138050
5774540132204,false,שוקולד אנטון ברג קרם,,,שוקולד אנטון ברג קרם קרמל וליקר 90 גר,גרמים,90.00,100 גרם,false,12,17.90,19.8889,true,1,138052
5774540819303,false,מיקס אלכוהול שחור אנ,,,מיקס אלכוהול שחור אנטון ברג 187 גר,גרמים,187.00,100 גרם,false,14,56.90,30.4278,true,1,138059
5774540984056,false,שוק מריר מרציפן אנטו,,,שוק מריר מרציפן אנטון ברג תות ושמפניה,גרמים,220.00,100 גרם,false,1,39.90,18.1364,true,1,104448
5774540984155,false,שוק מריר מרציפן אנטו,,,שוק מריר מרציפן אנטון ברג שזיף במדרה 220,גרמים,220.00,100 גרם,false,1,39.90,18.1364,true,1,104447
5774540984254,false,שוק מריר מרציפן אנטו,,,שוק מריר מרציפן אנטון ברג משמש בברנדי,גרמים,220.00,100 גרם,false,1,39.90,18.1364,true,1,104445
5774540984452,false,שוק מריר מרציפן אנטו,,,שוק מריר מרציפן אנטון ברג דובדבן ברום,גרמים,220.00,100 גרם,false,1,39.90,18.1364,true,1,104444
5774540989853,false,שוק מריר מרציפן אנטו,,,שוק מריר מרציפן אנטון ברג פטל בליקר תפוז,גרמים,220.00,100 גרם,false,1,39.90,18.1364,true,1,104446
5774540990057,false,שוק מריר מרציפן אנטו,,,שוק מריר מרציפן אנטון ברג אוכמניות בוודק,גרמים,220.00,100 גרם,false,1,39.90,18.1364,true,1,104443
5900020012814,false,נסקוויק דגני בוקר בט,נסטלה פולין דגני בוק,,נסקוויק דגני בוקר בט,גרמים,500.00,100 גרם,false,1,21.90,4.3800,true,1,45572
5900020024770,false,חטיפי דגנים פיטנס בר,נסטלה פולין ברים,,חטיפי דגנים פיטנס בר דליס שוקולד אגוזים,גרמים,135.00,100 גרם,false,1,13.90,10.2963,true,1,96579
5900020025647,false,חטיפי דגנים פיטנס בר,נסטלה פולין ברים,,חטיפי דגנים פיטנס בר דליס שוקולד חלב,גרמים,135.00,100 גרם,false,1,13.90,10.2963,true,1,96578
5900020026552,false,דגני בוקר האני נאט צ,,,דגני בוקר האני נאט ציריוס 625 גר,גרמים,625.00,100 גרם,false,1,21.90,3.5040,true,1,100711
5900020031877,false,חטיף דגנים ציריוס הא,נסטלה פולין ברים,PL,חטיף דגנים ציריוס האני שמינייה,גרמים,132.00,100 גרם,false,8,13.90,10.5303,true,1,115856
5900020032454,false,חטיפי דגנים פיטנס עו,נסטלה פולין ברים,PL,חטיפי דגנים פיטנס עוגיות שישייה,גרמים,141.00,100 גרם,false,8,13.90,9.8582,true,1,134455
5900020032539,false,חטיפי דגנים פיטנס שו,נסטלה פולין ברים,PL,חטיפי דגנים פיטנס שוקולד שישייה,גרמים,141.00,100 גרם,false,8,13.90,9.8582,true,1,134456
5900020033314,false,חטיף דגנים ליון שמינ,נסטלה פולין ברים,,חטיף דגנים ליון שמינייה 150 גר,גרמים,150.00,100 גרם,false,1,13.90,9.2667,true,1,118412
5900020034991,false,דגני בוקר קראנץ צדפי,ג.נרל מילס,,דגני בוקר קראנץ צדפים בטעם שוקולד 450 גר,גרמים,450.00,100 גרם,false,6,21.90,4.8667,true,1,126577
5900020036407,false,דגני בוקר ליון שוקול,נסטלה פולין דגני בוק,,דגני בוקר ליון שוקולד וקרמל 480 גר,גרמים,480.00,100 גרם,false,1,21.90,4.5625,true,1,127541
5900020037916,false,דגני בוקר ציריוס שיב,ג.נרל מילס,,דגני בוקר ציריוס שיבולת שועל 375 גר,גרמים,375.00,100 גרם,false,16,17.90,4.7733,true,1,131593
5900073020071,false,חטיפי תפוא בטעם בייק,,,חטיפי תפוא בטעם בייקון מעושן 135 גר,גרמים,135.00,100 גרם,false,1,12.90,9.5556,true,1,141652
5900073020088,false,חטיפי תפוא בטעם גבינ,,,חטיפי תפוא בטעם גבינה ובצל 135 גר,גרמים,135.00,100 גרם,false,1,12.90,9.5556,true,1,141651
5900073180935,false,חטיפי תפוא בטעם חמאה,,,חטיפי תפוא בטעם חמאה 135 גר,גרמים,135.00,100 גרם,false,1,12.90,9.5556,true,1,141650
5900073180959,false,חטיפי תפוא בטעם שמנת,,,חטיפי תפוא בטעם שמנת ובצל 135 גר,גרמים,135.00,100 גרם,false,1,12.90,9.5556,true,1,141653
5900084052092,false,חרדל עם חזרת 185 גר,,LT,חרדל עם חזרת 185 גר,גרמים,185.00,100 גרם,false,6,10.90,5.8919,true,1,138405
5900084064064,false,חרדל בסגנון צרפתי 18,,LT,חרדל בסגנון צרפתי 185 גר,גרמים,185.00,100 גרם,false,1,10.90,5.8919,true,1,135890
5900084204910,false,חרדל בסגנון רוסי 180,,LT,חרדל בסגנון רוסי 180 גר,גרמים,180.00,100 גרם,false,1,10.90,6.0556,true,1,135891
5900189500580,false,בונבוניירת דלפין 480,,,בונבוניירת דלפין 480 גר,גרמים,480.00,100 גרם,false,1,29.90,6.2292,true,1,45578
5900259056160,false,חטיפי תפוא בטעם פפרי,,,חטיפי תפוא בטעם פפריקה של לייס 125 ג,גרמים,125.00,100 גרם,false,1,18.90,15.1200,true,1,140419
5900343005296,false,וודקה זוברובקה 700 מ,,,"וודקה זוברובקה 700 מ""ל",מיליליטרים,700.00,"100 מ""ל",false,1,84.90,12.1286,true,1,125706
5900352000770,false,גלרטקה דובדבן 190 גר,,,"גלרטקה דובדבן 190 ג""",גרמים,190.00,100 גרם,false,1,8.90,4.6842,true,1,45615
5900352002576,false,גלרטקה אוכמניות שחור,,,גלרטקה אוכמניות שחור,גרמים,190.00,100 גרם,false,1,8.90,4.6842,true,1,45619
5900353616321,false,בונבוניירת שוקולדורו,MIESZKO,,בונבוניירת שוקולדורו 178 גר,גרמים,178.00,100 גרם,false,1,28.90,16.2360,true,1,45636
5900353646755,false,סליוקה שזיפים בשוקול,,,סליוקה שזיפים בשוקולד שקית 255 גר,גרמים,255.00,100 גרם,false,1,19.90,7.8039,true,1,133877
5900353647219,false,סליוקה שזיפים בשוקול,,,סליוקה שזיפים בשוקולד קופסא 205 גר,גרמים,205.00,100 גרם,false,1,17.90,8.7317,true,1,133878
5900437005171,false,פיצה 4 גבינות 335 גר,,,פיצה 4 גבינות 335 גר,גרמים,335.00,100 גרם,false,5,24.90,7.4328,true,1,130730
5900437705125,false,פיצה 4 גבינות 325 גר,,,פיצה 4 גבינות 325 גר,גרמים,325.00,100 גרם,false,5,24.90,7.6615,true,1,130729
5900580000696,false,מלפפון בחומץ עם שום,פרוויטוס,,מלפפון בחומץ עם שום שמיר פרוביטוס 640 ג,גרמים,640.00,100 גרם,false,1,15.90,2.4844,true,1,45676
5900580002263,false,רוטב פסטו רוסו מפוסט,פרוויטוס,,רוטב פסטו רוסו מפוסטר פרוביטוס 160 גר,גרמים,160.00,100 גרם,false,1,12.90,8.0625,true,1,141279
5900580004168,false,רוטב חרדל חזק פרוביט,,,רוטב חרדל חזק פרוביטוס 160 גר,גרמים,160.00,100 גרם,false,1,6.90,4.3125,true,1,141280
5900580004175,false,רוטב חרדל עם דבש פרו,,,רוטב חרדל עם דבש פרוביטוס 160 גר,גרמים,160.00,100 גרם,false,1,6.90,4.3125,true,1,141281
5900627026429,false,סיליט באנג גל שירותי,,,סיליט באנג 750 מל,מיליליטרים,750.00,"100 מ""ל",false,1,12.90,1.7200,true,1,49455
5900627066715,false,טבליות למדיח פיניש 1,,PL,טבליות למדיח כלים פיניש 100 יח,Unknown,0.00,Unknown,false,1,64.90,0.0000,true,1,114070
5900675009023,false,תה חמוציות באלין 40,,,תה חמוציות באלין 40 גר,גרמים,40.00,100 גרם,false,18,3.90,9.7500,true,1,138495
5900675009030,false,תה ורד הבר באלין 35,,,תה ורד הבר באלין 35 גר,גרמים,35.00,100 גרם,false,18,3.90,11.1429,true,1,138496
5900675009047,false,תה פטל באלין 40 גר,,,תה פטל באלין 40 גר,גרמים,40.00,100 גרם,false,18,3.90,9.7500,true,1,138497
5900675009054,false,תה ענבי שועל שחורים,,PL,תה ענבי שועל שחורים באלין 40 גר,גרמים,40.00,100 גרם,false,18,3.90,9.7500,true,1,138498
5900675009061,false,תה אוכמניות שחורות ב,,PL,תה אוכמניות שחורות באלין 40 גר,גרמים,40.00,100 גרם,false,18,3.90,9.7500,true,1,138499
5900675009078,false,תה פירות יער באלין 3,,PL,תה פירות יער באלין 35 גר,גרמים,35.00,100 גרם,false,18,3.90,11.1429,true,1,138500
5900675009085,false,תה דובדבנים באלין 35,,PL,תה דובדבנים באלין 35 גר,גרמים,35.00,100 גרם,false,18,3.90,11.1429,true,1,138502
5900675009092,false,תה תות שדה באלין 35,,PL,תה תות שדה באלין 35 גר,גרמים,35.00,100 גרם,false,18,3.90,11.1429,true,1,138501
5900675009108,false,תה היביסקוס באלין 30,,PL,תה היביסקוס באלין 30 גר,גרמים,30.00,100 גרם,false,18,3.90,13.0000,true,1,138503
5900675009115,false,תה נענע באלין 30 גר,,PL,תה נענע באלין 30 גר,גרמים,30.00,100 גרם,false,18,3.90,13.0000,true,1,138504
5900675009122,false,תה בבונג באלין 30 גר,,PL,תה בבונג באלין 30 גר,גרמים,30.00,100 גרם,false,18,3.90,13.0000,true,1,138505
5900675009139,false,תה ירוק  באלין 30 גר,,PL,תה ירוק  באלין 30 גר,גרמים,30.00,100 גרם,false,18,3.90,13.0000,true,1,138506
5900675009146,false,תה פירות גן באלין 35,,PL,תה פירות גן באלין 35 גר,גרמים,35.00,100 גרם,false,18,3.90,11.1429,true,1,138507
5900675009153,false,תה מליסה באלין 24 גר,,PL,תה מליסה באלין 24 גר,גרמים,24.00,100 גרם,false,18,3.90,16.2500,true,1,138508
5900820000813,false,גבינה מותכת פטריות 1,,,"גבינה מותכת פטריות """,גרמים,100.00,100 גרם,false,1,7.90,7.9000,true,1,45708
5900820000820,false,גבינה טפיאוני עם שום,,,"גבינה ""טפיאוני"" עם שום 100גר",גרמים,100.00,100 גרם,false,1,7.90,7.9000,true,1,48518
5900820000851,false,גבינה טפיאוני עם בצל,,,"גבינה ""טפיאוני"" עם בצל 100גר",גרמים,100.00,100 גרם,false,1,7.90,7.9000,true,1,48516
5900820014230,false,גבינה נורויסקי סלמון,מלקפול,,גבינה נורוויסקי סלמון 150 גר,גרמים,150.00,100 גרם,false,1,12.90,8.6000,true,1,96820
5900857007793,false,גבינה רדמר סרנדה פרו,,,ת.גבינה רדמר סרנדה פרוס 135 גר,גרמים,135.00,100 גרם,false,1,11.90,8.8148,true,1,120569
5900857007892,false,גבינה גאודה סרנדה פר,,,ת.גבינה גאודה סרנדה פרוס 135 גר,גרמים,135.00,100 גרם,false,1,11.90,8.8148,true,1,120573
5900857007953,false,גבינה סלמי סרנדה פרו,,,ת.גבינה סלמי סרנדה פרוס 135 גר,גרמים,135.00,100 גרם,false,1,11.90,8.8148,true,1,120571
5900907000101,false,תערובת מלפפונים ועגב,URBANEK,,תערובת מלפפונים ועגב,קילוגרמים,2.55,"ק""ג",false,1,29.90,11.7255,true,1,45709
5900907000217,false,פלפל אדום בחומץ 550,URBANEK,,פלפל אדום בחומץ,גרמים,550.00,100 גרם,false,1,14.90,2.7091,true,1,45711
5900907000347,false,פטריות בחומץ 500 גר,URBANEK,,"פטריות בחומץ 900 ג""ר",גרמים,500.00,100 גרם,false,1,18.90,3.7800,true,1,45712
5900907000477,false,ריבת שזיפים 330 גר,URBANEK,,ריבת שזיפים 330גר,גרמים,330.00,100 גרם,false,1,9.90,3.0000,true,1,77554
5900907000491,false,"לצ""ו",URBANEK,,"לצ""ו",גרמים,680.00,100 גרם,false,1,13.90,2.0441,true,1,45713
5900907000521,false,חזרת,URBANEK,,חזרת,גרמים,180.00,100 גרם,false,1,7.90,4.3889,true,1,45714
5900907000583,false,מלפפון בחומץ 900 גר,URBANEK,,"מלפפון בחומץ 900 ג""ר",גרמים,900.00,100 גרם,false,1,14.90,1.6556,true,1,45715
5900907000828,false,"לצ""ו פיטריות",URBANEK,,"לצ""ו פיטריות",גרמים,680.00,100 גרם,false,1,14.90,2.1912,true,1,45716
5900907000835,false,מלפפונים בחומץ 2.55,URBANEK,,מלפפונים בחומץ 2.55,קילוגרמים,2.55,"ק""ג",false,1,29.90,11.7255,true,1,45717
5900907000965,false,פטיסון בחומץ 910 גר,URBANEK,,פטיסון בחומץ 900 גר,גרמים,910.00,100 גרם,false,1,18.90,2.0769,true,1,45718
5900907001412,false,אסורטי אורבנק 2.55 ק,URBANEK,,"אסורטי 2.55 ק""ג",קילוגרמים,2.55,"ק""ג",false,1,29.90,11.7255,true,1,45720
5900907001429,false,אסורטי 920 גר,URBANEK,,"אסורטי 920 ג""ר",גרמים,900.00,100 גרם,false,1,14.90,1.6556,true,1,45721
5900907001450,false,מלפפונים במלח 900 גר,URBANEK,,מלפפונים במלח 900 גר,גרמים,900.00,100 גרם,false,1,14.90,1.6556,true,1,45722
5900907001474,false,עגבניות בחומץ 900 גר,URBANEK,,עגבניות בחומץ 900גר,גרמים,900.00,100 גרם,false,1,14.90,1.6556,true,1,45723
5900907001498,false,עלי חומעה כבושים 350,URBANEK,,עלי חומעה כבושים,גרמים,350.00,100 גרם,false,1,9.90,2.8286,true,1,45724
5900907001597,false,כרוב כבוש עם גזר 900,URBANEK,,כרוב כבוש עם גזר,גרמים,900.00,100 גרם,false,1,14.90,1.6556,true,1,45725
5900907001719,false,תערובת מלפפונים ועגב,URBANEK,,תערובת מלפפונים ועגב,גרמים,900.00,100 גרם,false,1,14.90,1.6556,true,1,45728
5900907003027,false,עגבניות במיץ טבעי 92,URBANEK,,"עגבניות במיץ טבעי ""א",גרמים,920.00,100 גרם,false,12,14.90,1.6196,true,1,45732
5900907003393,false,עגבניות שרי בחומץ 93,URBANEK,,עגבניות שרי בחומץ 930 גר,גרמים,930.00,100 גרם,false,12,15.90,1.7097,true,1,50549
5900915014558,false,שוקולד סנטה טרוויטה,,,שוקולדסנטה טרוויטה חלב בטעם אגוזים 90 גר,גרמים,90.00,100 גרם,false,30,6.90,7.6667,true,1,110522
5900915014572,false,שוקולד סנטה טרוויטה,,,שוקולדסנטה טרוויטה חלב בטעם טופי 90 גר,גרמים,90.00,100 גרם,false,30,6.90,7.6667,true,1,110523
5900950926090,false,קנקן מים יוניברסל +,FORMASTER S.A,,קנקן מים יוניברסל + 5 פילטרים,Unknown,0.00,Unknown,false,1,139.90,0.0000,true,1,74092
5900951020889,false,אוכל לחתולים ויסקס צ,,,אוכל לחתולים ויסקס ציקן 400 גר,גרמים,400.00,100 גרם,false,1,9.90,2.4750,true,1,95573
5900951283963,false,חטיף סניקרס קרימי חמ,,,חטיף סניקרס קרימי חמאת בוטנים,Unknown,0.00,Unknown,false,24,3.90,0.0000,true,1,135182
5900951284571,false,אוכל לכלבים פדיגרי ב,,,אוכל לכלבים פדיגרי בקר פח 400 גר,גרמים,400.00,100 גרם,false,24,9.90,2.4750,true,1,131510
5901008990322,false,פטיסונים מוחמצים 860,,,פטיסונים מוחמצים 860 גר,גרמים,860.00,100 גרם,false,1,15.90,1.8488,true,1,73565
5901008990407,false,מלפפונים מוחמצים 860,,,מלפפונים מוחמצים 860 גר,גרמים,860.00,100 גרם,false,1,15.90,1.8488,true,1,73564
5901008990414,false,קורנישונים מוחמצים 8,,,קורנישונים מוחמצים 860 גר,גרמים,860.00,100 גרם,false,1,15.90,1.8488,true,1,73563
5901041003003,false,וודקה בלוודר פרמיום,polmos,,וודקה בלוודר פרמיום,מיליליטרים,700.00,"100 מ""ל",false,1,109.90,15.7000,true,1,48103
5901064000287,false,יין טוטינו ביאנקו 1,VINPOL,,יין טוטינו ביאנקו 1 ל,ליטרים,1.00,ליטר,false,1,34.90,34.9000,true,1,46653
5901064761805,false,שכר פטל נלבקה באבוני,וינפוד,,שכר פטל 750מל,מיליליטרים,750.00,"100 מ""ל",false,1,29.90,3.9867,true,1,75044
5901064761911,false,שכר דמדמניות שחורות,וינפוד,,שכר אוכמניות 750מל,מיליליטרים,750.00,"100 מ""ל",false,1,29.90,3.9867,true,1,75042
5901064766497,false,ליקר קנרי פינה קולדה,,,"ליקר קנרי פינה קולדה 350 מ""ל",מיליליטרים,350.00,"100 מ""ל",false,1,39.90,11.4000,true,1,107208
5901064774201,false,יין טוטינה מיוזיק מו,הנקלנדקו פולסקה,,יין טוטינה מיוזיק מוחיטו 1 ל,ליטרים,1.00,ליטר,false,1,34.90,34.9000,true,1,102640
5901064774256,false,שכר טוטינו קוסמופולי,הנקלנדקו פולסקה,,שכר טוטינו קוסמופוליטן 1 ל,ליטרים,1.00,ליטר,false,6,34.90,34.9000,true,1,132370
5901064774263,false,שכר טוטינו פינה קולד,הנקלנדקו פולסקה,,שכר טוטינו פינה קולדה 1 ל,ליטרים,1.00,ליטר,false,6,34.90,34.9000,true,1,132369
5901121000274,false,שוקולד חלב במילוי בט,,,שוקולד חלב במילוי בטעם ליקר 148 גר,גרמים,148.00,100 גרם,false,1,14.90,10.0676,true,1,46666
5901121001523,false,שוקולד חלב מילוי בטע,,,שוקולד חלב מילוי בטעם תות 148 גר,גרמים,148.00,100 גרם,false,1,14.90,10.0676,true,1,46670
5901121001547,false,שוקולד חלב מילוי בטע,,,שוקולד חלב מילוי בטעם נענע 154 גר,גרמים,154.00,100 גרם,false,1,14.90,9.6753,true,1,141068
5901121001837,false,בונ שוקולד בלטיק קול,,,בונ שוקולד בלטיק קולקשן 125 גר,גרמים,125.00,100 גרם,false,1,21.90,17.5200,true,1,72156
5901121001974,false,שוקולד חלב מילוי שקד,,,שוקולד חלב מילוי שקדים 151 גר,גרמים,151.00,100 גרם,false,1,14.90,9.8675,true,1,141069
5901121006290,false,פרלינים במילוי קרם ת,,,פרלינים במילוי קרם תפוזים 180 גר,גרמים,180.00,100 גרם,false,,21.90,12.1667,true,1,141087
5901121008331,false,שוקולד חלב במילוי בט,,,שוקולד חלב במילוי בטעם ברנדי 145 גר,גרמים,145.00,100 גרם,false,1,14.90,10.2759,true,1,141070
5901121008423,false,בונ שוקולד במילוי בט,,,בונ שוקולד במילוי בטעם נליבקה 180 גר,גרמים,180.00,100 גרם,false,,21.90,12.1667,true,1,141079
5901134009745,false,תה פירות יער 90 גר,,,תה פירות יער 90 גר,גרמים,90.00,100 גרם,false,1,9.90,11.0000,true,1,52176
5901134009776,false,תה פירות ורד הבר 90,,,תה פירות ורד הבר 90 גר,גרמים,90.00,100 גרם,false,1,9.90,11.0000,true,1,52179
5901134009783,false,תה פירות אוכמניות 90,,,תה פירות אוכמניות 90 גר,גרמים,90.00,100 גרם,false,1,9.90,11.0000,true,1,52180
5901177155959,false,בונ שרי טראפז 210 גר,,,בונ שרי טראפז 210 גר,גרמים,210.00,100 גרם,false,10,19.90,9.4762,true,1,128548
5901414200411,false,עוגיות סנדוויץ ממולא,,,עוגיות סנדוויץ ממולא שוקולד,גרמים,130.00,100 גרם,false,1,6.90,5.3077,true,1,46691
5901483010409,false,תה אוכמניות 25 שק,BIFIX,,"תה אוכמניות 25 שק""",גרמים,38.00,100 גרם,false,1,9.90,26.0526,true,1,46695
5901483010706,false,תה ורדים 25 שק,BIFIX,,"תה ורדים 25 שק""",גרמים,50.00,100 גרם,false,1,9.90,19.8000,true,1,46697
5901483020101,false,חליטת פטל סגל 25 שק,BIFIX,,"תה פטל 25 שק""",גרמים,38.00,100 גרם,false,1,9.90,26.0526,true,1,46698
5901483020200,false,תה אוכמניות כחולות 2,BIFIX,,תה אוכמניות כחולות 2,גרמים,38.00,100 גרם,false,1,9.90,26.0526,true,1,46699
5901483020309,false,תה פרות יער 25 שק,BIFIX,,"תה פרות יער 25 שק""",גרמים,38.00,100 גרם,false,1,9.90,26.0526,true,1,46700
5901483020408,false,תה תות בר 25 שק,BIFIX,,"תה תות בר 25 שק""",גרמים,50.00,100 גרם,false,1,9.90,19.8000,true,1,46701
5901483060022,false,חליטת עלי מרווה ביופ,BIFIX,,"חליטת תה עלי מרווה """,יחידה,25.00,יחידה,false,1,9.90,0.3960,true,1,46702
5901483060107,false,חליטת עלי טיליה ללא,BIFIX,,חליטת  טיליה 20 שק,Unknown,0.00,Unknown,false,1,9.90,0.0000,true,1,46703
5901483060206,false,תה מנטה 20 שק,BIFIX,,תה מנטה 20שק,יחידה,1.00,יחידה,false,1,9.90,9.9000,true,1,77573
5901483060305,false,תה מליסה 20 שק,BIFIX,,תה מליסה 20שק,יחידה,1.00,יחידה,false,1,9.90,9.9000,true,1,77572
5901483060404,false,תה בבונג 20 שק,BIFIX,,"תה בבונג 20 שק""",גרמים,50.00,100 גרם,false,1,9.90,19.8000,true,1,46704
5901483061401,false,תה בבונג 30 גר,BIFIX,,תה בבונג 30גר,גרמים,30.00,100 גרם,false,1,13.90,46.3333,true,1,77575
5901483080501,false,תה פירות יער 100 גר,BIFIX,,תה פירות יער 100 גר,גרמים,100.00,100 גרם,false,1,13.90,13.9000,true,1,46708
5901483080907,false,תה אוכמניות כחולות 1,BIFIX,,תה אוכמניות כחולות 1,גרמים,100.00,100 גרם,false,1,13.90,13.9000,true,1,46710
5901483081003,false,חליטת פטל 100 גר,BIFIX,,תה פטל 100גר,גרמים,100.00,100 גרם,false,1,13.90,13.9000,true,1,46711
5901483082970,false,חליטת ורדי בר פרי של,,,חליטת ורדי בר פרי שלם 100 גר,גרמים,100.00,100 גרם,false,1,13.90,13.9000,true,1,112575
5902198160403,false,משקה אנרגיה XL ten 2,,,משקה אנרגיה XL ten,מיליליטרים,250.00,"100 מ""ל",false,1,4.20,1.6800,true,1,107326
5902377000087,false,גבינה מותכת יאנטרני,JAL,,"גבינה מותכת טבעי ""יא",גרמים,100.00,100 גרם,false,1,5.90,5.9000,true,1,46765
5902377000612,false,ממרח קורובקינו גבינה,KOROVKINO,,ממרח קורובקינו גבינה מותכת עם אמנטל 100,גרמים,100.00,100 גרם,false,1,4.90,4.9000,true,1,108316
5902377000629,false,ממרח קורובקינו גבינה,KOROVKINO,,ממרח קורובקינו גבינה מותכת עם פטריות 100,גרמים,100.00,100 גרם,false,1,4.90,4.9000,true,1,108317
5902377000643,false,ממרח קורובקינו גבינה,KOROVKINO,,ממרח קורובקינו גבינה מותכת עם שינקה 100,גרמים,100.00,100 גרם,false,1,4.90,4.9000,true,1,108319
5902377000650,false,ממרח קורובקינו גבינה,KOROVKINO,,ממרח קורובקינו גבינה מותכת עם סלמון 100,גרמים,100.00,100 גרם,false,1,4.90,4.9000,true,1,108320
5902377001145,false,גבינה מותכת יאנטרני,JAL,,גבינה מותכת יאנטרני בטעם סלמון,גרמים,100.00,100 גרם,false,10,5.90,5.9000,true,1,123603
5902377001244,false,גבינה מותכת יאנטרני,JAL,,גבינה מותכת בטעם פלפ,גרמים,100.00,100 גרם,false,10,5.90,5.9000,true,1,46767
5902510274146,false,ממרח סלמון עם שום 10,,,ממרח סלמון עם שום 100 גר,גרמים,100.00,100 גרם,false,1,3.90,3.9000,true,1,124434
5902510274153,false,ממרח סלמון קלאסי 100,,,ממרח סלמון קלאסי 100 גר,גרמים,100.00,100 גרם,false,1,3.90,3.9000,true,1,124433
5902510274160,false,ממרח סלמון עם שמיר 1,,,ממרח סלמון עם שמיר 100 גר,גרמים,100.00,100 גרם,false,1,3.90,3.9000,true,1,124435
5902510275327,false,ממרח בטעם כבד אווז ו,,,ממרח בטעם כבד אווז ופטריות 300 גר,גרמים,300.00,100 גרם,false,1,9.90,3.3000,true,1,140673
5902510275334,false,ממרח בטעם כבד אווז ד,,PL,ממרח בטעם כבד אווז דליקטס 130 גר,גרמים,130.00,100 גרם,false,1,4.90,3.7692,true,1,132194
5902510275341,false,ממרח בטעם כבד אווז ד,,,ממרח בטעם כבד אווז דליקטס 300 גר,גרמים,300.00,100 גרם,false,1,9.90,3.3000,true,1,140670
5902510275358,false,ממרח בטעם כבד ברווז,,PL,ממרח בטעם כבד ברווז מעודן 130 גר,גרמים,130.00,100 גרם,false,1,4.90,3.7692,true,1,132195
5902510275365,false,ממרח בטעם כבד ברווז,,,ממרח בטעם כבד ברווז מעודן 300 גר,גרמים,300.00,100 גרם,false,1,9.90,3.3000,true,1,140671
5902510275389,false,ממרח בטעם כבד ברווז,,,ממרח בטעם כבד ברווז צרפתי 300 גר,גרמים,300.00,100 גרם,false,1,9.90,3.3000,true,1,140674
5902510275396,false,ממרח בטעם כבד עוף עד,,PL,ממרח בטעם כבד עוף עדין 130 גר,גרמים,130.00,100 גרם,false,1,4.90,3.7692,true,1,132197
5902510275402,false,ממרח בטעם כבד עוף עד,,,ממרח בטעם כבד עוף עדין 300 גר,גרמים,300.00,100 גרם,false,1,9.90,3.3000,true,1,140672
5902768879025,false,כבד דג שיבוט 240 גר,,,כבד דג שיבוט 240 גר,גרמים,240.00,100 גרם,false,1,15.90,6.6250,true,1,113328
5902781000024,false,חליטת היביסקוס מלווה,,,"תה קרקדה 25 שק""",Unknown,0.00,Unknown,false,1,7.90,0.0000,true,1,46797
5902781000055,false,תה אוכמניות שחורות 2,,,תה אוכמניות שחור,גרמים,50.00,100 גרם,false,1,7.90,15.8000,true,1,46799
5902781000062,false,תה ורד הבר 25 שק,,,"תה ורד הבר 25 שק""",גרמים,75.00,100 גרם,false,1,7.90,10.5333,true,1,46800
5902781000093,false,חליטת תה מלווה קמומל,,,"תה קמומיל 25 שק""",Unknown,0.00,Unknown,false,1,7.90,0.0000,true,1,46801
5902781000109,false,תה פרע (זברובוי) 25,,,תה פרע (זברובוי) 25,Unknown,0.00,Unknown,false,1,7.90,0.0000,true,1,46802
5902781000130,false,חליטת פטל מלווה 25 ש,,,"תה 25 שק""",גרמים,50.00,100 גרם,false,1,7.90,15.8000,true,1,46803
5902781000192,false,תה מרווה (שאלפי) 25,,,תה מרווה (שאלפי) 25,Unknown,0.00,Unknown,false,1,7.90,0.0000,true,1,46804
5902781000215,false,חליטת ענבי שועל שחור,,,תה דמדמניות שחורות 2,Unknown,0.00,Unknown,false,1,7.90,0.0000,true,1,46805
5902781000260,false,חליטת חמוציות מלווה,,,תה חמוציות,Unknown,0.00,Unknown,false,1,7.90,0.0000,true,1,46807
5902781000468,false,חליטת דובדבן מלווה 2,,,תה דובדובן,גרמים,75.00,100 גרם,false,1,7.90,10.5333,true,1,46812
5902781000499,false,תה ירוק 50 גר,,,תה ירוק 50 גר,גרמים,50.00,100 גרם,false,1,7.90,15.8000,true,1,46813
5902781001205,false,תה סרפד (קרפיבה) 25,,,תה סרפד (קרפיבה) 25,גרמים,75.00,100 גרם,false,1,7.90,10.5333,true,1,46816
5902781001281,false,תה נענע מלווה 25 שק,,,תה נענע,Unknown,0.00,Unknown,false,1,7.90,0.0000,true,1,46824
5902781001304,false,חליטת מליסה מלווה 25,,,תה מליסה,Unknown,0.00,Unknown,false,1,7.90,0.0000,true,1,46825
5902781001366,false,תה פיגורה לוקס מלווה,,,תה פיגורה לוקס,גרמים,40.00,100 גרם,false,1,9.90,24.7500,true,1,46831
5902781001373,false,חליטת עוזרר מלווה 25,,,תה עוזרר (בולרישניק),Unknown,0.00,Unknown,false,1,7.90,0.0000,true,1,46832
5902781002028,false,תה שומר 25 שק,,,תה שומר,Unknown,0.00,Unknown,false,1,7.90,0.0000,true,1,46880
5902781002172,false,תה אקסקלוסיב ירוק רי,,,תה בריאות גרעיני פיש,Unknown,0.00,Unknown,false,1,12.90,0.0000,true,1,46895
5902781002202,false,תה רויבוס דבש וגינסנ,,,"תה רוייבוס עם ז""אנסא",יחידה,20.00,יחידה,false,1,12.90,0.6450,true,1,46898
5902781002219,false,תה אקסקלוסיב ורד אוכ,,,תה ורד הבר עם אוכמני,יחידה,20.00,יחידה,false,1,12.90,0.6450,true,1,46899
5902781002226,false,תה אקסקלוסיב גינגר ו,,,"תה ג""ינג""ר עם לימון",יחידה,20.00,יחידה,false,1,12.90,0.6450,true,1,46900
5902781002240,false,תה סוד היער 20 שק,,,"תה סוד היער 20 שק""",יחידה,20.00,יחידה,false,1,12.90,0.6450,true,1,46902
5902781002257,false,תה אחינאצייה עם ורד,,,תה אחינאצייה עם ורד,גרמים,40.00,100 גרם,false,1,9.90,24.7500,true,1,46903
5902781002264,false,תה קוקטייל פירות 20,,,תה קוקטייל פירות 20,יחידה,20.00,יחידה,false,1,9.90,0.4950,true,1,46904
5902781002288,false,תה גינגר עם ורד הב,,,"תה ג""ינג""ר עם ורד הב",Unknown,0.00,Unknown,false,1,9.90,0.0000,true,1,46906
5902781002295,false,תה פטל עם אוכמניות מ,,,תה פטל עם אוכמניות כ,גרמים,40.00,100 גרם,false,1,9.90,24.7500,true,1,46907
5902781002325,false,תה קמומיל עם לימון 2,,,תה קמומיל עם לימון 2,יחידה,20.00,יחידה,false,1,9.90,0.4950,true,1,46910
5902781002332,false,תה שזיפים עם חוזרר 2,,,תה שזיפים עם חוזרר ש,יחידה,20.00,יחידה,false,1,9.90,0.4950,true,1,46911
5902781002349,false,תה חמוציות עם רימון,,,תה חמוציות עם רימון,גרמים,40.00,100 גרם,false,1,9.90,24.7500,true,1,46912
5902781002479,false,תה ופטל ותות שדה מלו,,,תה תות שדה ופטל,Unknown,0.00,Unknown,false,1,12.90,0.0000,true,1,53098
5902781002486,false,תה אקסקלוסיב ירוק עם,,,"תה ירוק עם ג""ינג""ר",Unknown,0.00,Unknown,false,1,12.90,0.0000,true,1,53097
5902781002509,false,תה מליסה ורד הבר,,,תה מליסה ורד הבר,Unknown,0.00,Unknown,false,1,9.90,0.0000,true,1,53100
5902781002578,false,תה ספוקויניי סון 20,,,תה ספוקויניי סון 20שק,Unknown,0.00,Unknown,false,1,9.90,0.0000,true,1,77863
5902781002684,false,תה ארל גריי עם גינגר,,,תה ארל גריי עם גינגר 20 שק,Unknown,0.00,Unknown,false,1,12.90,0.0000,true,1,98747
5902781002691,false,תה עם ליים 20 שק,,,"תה עם ליים 20 שק""",גרמים,40.00,100 גרם,false,1,12.90,32.2500,true,1,106674
5902795003653,false,תבלין ויגורה 200 גר,,,"תבלין ""ויגורה"" 200 ג",גרמים,200.00,100 גרם,false,1,7.90,3.9500,true,1,50157
5902795033131,false,תבלין בזיליקום 10 גר,,,תבלין בזיליקום,Unknown,0.00,Unknown,false,1,2.90,0.0000,true,1,52515
5902795033148,false,תבלין קרי 15 גר,,,תבלין קרי 15גר,גרמים,15.00,100 גרם,false,1,2.90,19.3333,true,1,50159
5902795033179,false,עלי דפנה 5 גר,,,עלי דפנה 5 גר,גרמים,5.00,100 גרם,false,1,2.90,58.0000,true,1,50350
5902795033230,false,תבלין לעוף 25 גר,,,"תבלין לעוף 25 ג""ר",גרמים,25.00,100 גרם,false,1,2.90,11.6000,true,1,50160
5902795033247,false,תבלין שישליק 25 גר,,,"תבלין שישליק 25 ג""ר",גרמים,25.00,100 גרם,false,1,2.90,11.6000,true,1,50161
5902795033254,false,תבלין חמלי סונלי 25,,,תבלינים חמלי סונלי 25 גר,גרמים,25.00,100 גרם,false,1,2.90,11.6000,true,1,50162
5902795033261,false,תבלין לבורש 25 גר,,,"תבלין לבורש"" 25גר",גרמים,25.00,100 גרם,false,1,2.90,11.6000,true,1,50163
5902795033278,false,תבלין לתפוא 25 גר,,,"תבלין לתפו""א 25 גר""",גרמים,25.00,100 גרם,false,1,2.90,11.6000,true,1,50164
5902795033292,false,תבלין לטחון 25 גר,,,"תבלין לטחון 25 גר""",גרמים,25.00,100 גרם,false,1,2.90,11.6000,true,1,50166
5902795033308,false,תבלין לטיגון בשר 25,,,תבלין לטיגון בשר 25 גר,גרמים,25.00,100 גרם,false,1,2.90,11.6000,true,1,50167
5902795033315,false,תערובת תיבול לפירות,,,תבלין לפירות ים,Unknown,0.00,Unknown,false,1,2.90,0.0000,true,1,50176
5902795033322,false,תבלין לאורז 25 גר,,,תבלין לאורז 25גר,גרמים,25.00,100 גרם,false,1,2.90,11.6000,true,1,50168
5902795033339,false,תבלין לדגים 25 גר,,,"תבלין לדגים 25 גר""",גרמים,25.00,100 גרם,false,1,2.90,11.6000,true,1,50169
5902795033346,false,תבלין לסלט 25 גר,,,"תבלין לסלט 25 גר""",גרמים,25.00,100 גרם,false,1,2.90,11.6000,true,1,50170
5902795033353,false,תבלין לבשר לבן 25 גר,,,"תבלין לבשר לבן 25 ג""",גרמים,25.00,100 גרם,false,1,2.90,11.6000,true,1,50171
5902795033360,false,תבלין גרוזיני 25 גר,,,"תבלין גרוזיני 25 ג""ר",גרמים,25.00,100 גרם,false,1,2.90,11.6000,true,1,50172
5902795033377,false,תבלין קבקזי 25 גר,,,תבלין קבקזי 25גר,גרמים,25.00,100 גרם,false,1,2.90,11.6000,true,1,50173
5902795033384,false,תבלין ארמני 25 גר,,,"תבלין ארמני 25 ג""ר",גרמים,25.00,100 גרם,false,1,2.90,11.6000,true,1,50174
5902795033445,false,תבלין שמיר 7 גר,,,תבלין שמיר 7גר,גרמים,7.00,100 גרם,false,1,2.90,41.4286,true,1,79715
5902795033452,false,תבלין קוריאנדר 7 גר,,,תבלין קוריאנדר,יחידה,1.00,יחידה,false,1,2.90,2.9000,true,1,76967
5902808786672,false,טורטילאב דפי טורטיה,,,"טורטילאב דפי טורטיה 20 ס""מ 320 גר",גרמים,320.00,100 גרם,false,1,7.90,2.4688,true,1,126758
5902808786696,false,טורטילאב דפי טורטיה,,,"טורטילאב דפי טורטיה 25 ס""מ 360 גר",גרמים,360.00,100 גרם,false,1,8.90,2.4722,true,1,126759
5904277112044,false,קפה אספרסו 100 גר,INSTANTA,,קפה אספרסו 100 גר,גרמים,100.00,100 גרם,false,1,19.90,19.9000,true,1,47015
5904356955807,false,עוגיות עם שבבי שוקול,PRIMART,,עוגיות עם שבבי שוקולד חלב ומריר 180 גר,גרמים,180.00,100 גרם,false,1,12.90,7.1667,true,1,141289
5904356957511,false,עוגיות סנדוויץ קרם א,,,עוגיות סנדוויץ קרם אגוזים מצופה קקאו 220,גרמים,220.00,100 גרם,false,1,9.90,4.5000,true,1,74759
5904356958655,false,עוגיות ספוג קרם תפוז,PRIMART,,עוגיות ספוג קרם תפוז מצופה קקאו 260 גר,גרמים,260.00,100 גרם,false,1,12.90,4.9615,true,1,101591
5904603190302,false,סלט כרוב כבוש 850 גר,דבורק,,סלט כרוב כבוש 850גר,גרמים,850.00,100 גרם,false,1,11.90,1.4000,true,1,79195
5904603190340,false,מלפפונים בחומץ עם שמ,,,מלפפונים בחומץ עם שמיר ושזיפים 860גר,גרמים,860.00,100 גרם,false,1,12.90,1.5000,true,1,95556
5904603190432,false,אפונה ירוקה דבורק 48,,,אפונה ירוקה דבורק 480 גר,גרמים,480.00,100 גרם,false,1,10.90,2.2708,true,1,141135
5904603190555,false,מלפפון בחומץ עם חזרת,,,מלפפון בחומץ עם שמיר 860 גר,גרמים,860.00,100 גרם,false,1,12.90,1.5000,true,1,105713
5904603190623,false,מלפפונים בחומץ עם שו,,,מלפפונים בחומץ עם עלי שום ושמיר 860גר,גרמים,860.00,100 גרם,false,8,12.90,1.5000,true,1,79186
5904603190654,false,עגבניות צהוב אדום בח,דבורק,,עגבניות צהוב אדום בחומץ דבוריק 880 גר,גרמים,880.00,100 גרם,false,8,12.90,1.4659,true,1,79190
5904603190715,false,עגבניות בחומץ פיקנטי,דבורק,,עגבניות בחומץ פיקנטי דבוריק 880 גר,גרמים,880.00,100 גרם,false,8,12.90,1.4659,true,1,79180
5904603191323,false,מלפפונים כבושים 860,דבורק,,מלפפונים כבושים 860גר,גרמים,860.00,100 גרם,false,1,12.90,1.5000,true,1,79193
5904603192054,false,מלפפונים בחומץ עם רו,,,מלפפונים בחומץ עם רוטב חרדל 700 גר,גרמים,700.00,100 גרם,false,8,12.90,1.8429,true,1,127668
5904941750312,false,משקה אנרגיה מוחיטו ל,,,"משקה אנרגיה ""בלו"" מוחיטו",Unknown,0.00,Unknown,false,1,3.90,0.0000,true,1,52819
5904941751302,false,משקה אנרגיה בלו 250,,,"משקה אנרגיה ""BLU""",מיליליטרים,250.00,"100 מ""ל",false,1,3.90,1.5600,true,1,47055
5904941751524,false,משקה אנרגיה בלו דיי,,,"משקה אנרגיה ""בלו"" אבטיח",Unknown,0.00,Unknown,false,1,3.90,0.0000,true,1,52818
5904941751715,false,משקה אנרגיה בטעם חמו,,,"משקה אנרגיה ""BLU"" קר",מיליליטרים,250.00,"100 מ""ל",false,1,3.90,1.5600,true,1,47059
5904941751920,false,משקה אנרגיה בלו דיי,,,"משקה אנרגיה ""בלו"" די",Unknown,0.00,Unknown,false,1,3.90,0.0000,true,1,47065
5905643070876,false,פטל שחור בסירופ קל 4,,,פטל שחור בסירופ קל 425 גר,גרמים,400.00,100 גרם,false,1,12.90,3.2250,true,1,101921
5905643070883,false,תות שדה בסירופ קל 40,,,תות שדה  בסירופ קל 425 גר,גרמים,400.00,100 גרם,false,1,12.90,3.2250,true,1,101918
5905643070906,false,תערובת פירות בסירופ,,,תערובת פירות בסירופ קל 425 גר,גרמים,400.00,100 גרם,false,1,12.90,3.2250,true,1,101917
5906485301012,false,משקה אנרגיה XL 250 מ,,,משקה אנרגיה XL 250 מ,מיליליטרים,250.00,"100 מ""ל",false,1,4.20,1.6800,true,1,47093
5906747312138,false,עוגיות מילקה שוקוציפ,,,עוגיות מילקה שוקוציפס אגוז 135 גר,גרמים,135.00,100 גרם,false,24,6.90,5.1111,true,1,93975
5907042012389,false,גליליות וופל ממולאות,,,גליליות וופל ממולאות קרם ליקר ביצים 160,גרמים,160.00,100 גרם,false,1,7.90,4.9375,true,1,140220
5907042013768,false,עוגיות ממולאות קרם ל,,,עוגיות ממולאות קרם לימון 150 גר,גרמים,150.00,100 גרם,false,1,8.90,5.9333,true,1,140212
5907042018732,false,עוגיות ממולאות בטעם,,,עוגיות ממולאות בטעם תות שדה 150 גר,גרמים,150.00,100 גרם,false,1,8.90,5.9333,true,1,140205
5907070001065,false,גבינה לאזור בלו 100,Lazur,,"גבינה ""לזור"" בלו 100 גר",גרמים,100.00,100 גרם,false,1,12.90,12.9000,true,1,74252
5907070004141,false,גבינה לאזור סילבר 10,Lazur,,"גבינה ""לזור"" סילבר 100 גר",גרמים,100.00,100 גרם,false,1,12.90,12.9000,true,1,74250
5907070005124,false,גבינה לאזור סקלמרסקי,Lazur,,גבינה לזור סקלמירצסקי100גר,גרמים,100.00,100 גרם,false,1,12.90,12.9000,true,1,76674
5907377111344,false,גלידה בטעם קרמל משפח,,,גלידה בטעם קרמל משפחתית 430 גר,גרמים,490.00,100 גרם,false,6,19.90,4.0612,true,1,124608
5907573337845,false,תערובת תיבול עם ירקו,,,תערובת תיבול עם ירקות מיובשים 75 גר,גרמים,75.00,100 גרם,false,1,9.90,13.2000,true,1,129387
5907623350404,false,כבד דג שיבוט 240 גר,,,כבד דג שיבוט 240 גר,גרמים,240.00,100 גרם,false,1,16.90,7.0417,true,1,47795
5907768229818,false,ביסקוויט מקורמל 180,PRIMART,,ביסקוויט מקורמל 180 גר,גרמים,180.00,100 גרם,false,1,6.90,3.8333,true,1,141291
5941000025608,false,חטיפי תפוא בטעם ברבי,,,חטיפי תפוא בטעם ברביקיו של לייס 140 גר,גרמים,140.00,100 גרם,false,1,18.90,13.5000,true,1,140425
5941000025615,false,חטיפי תפוא בטעם גבינ,,,חטיפי תפוא בטעם גבינה של לייס 140 גר,גרמים,140.00,100 גרם,false,1,18.90,13.5000,true,1,140426
5941000025639,false,חטיפי תפוא עם מלח של,,,חטיפי תפוא עם מלח של לייס 140 גר,גרמים,140.00,100 גרם,false,1,18.90,13.5000,true,1,140423
5941000025646,false,חטיפי תפוא בטעם שמנת,,,חטיפי תפוא בטעם שמנת חמוצה של לייס 140 ג,גרמים,140.00,100 גרם,false,1,18.90,13.5000,true,1,140427
5941021000639,false,שוקולד חלב היידי גרא,,,שוקולד חלב בתוספת אג,גרמים,100.00,100 גרם,false,12,10.90,10.9000,true,1,94004
5941021000899,false,שוקולד מריר היידי גר,,,שוקולד מריר בתוספת א,גרמים,100.00,100 גרם,false,12,10.90,10.9000,true,1,94005
5941021001247,false,שוקולד היידי גראנדור,,,שוקולד מריר בטעם קפה,גרמים,80.00,100 גרם,false,20,10.90,13.6250,true,1,72397
5941021001254,false,שוקולד היידי גראנדור,,,שוקולד מריר תפוז 80,גרמים,80.00,100 גרם,false,20,10.90,13.6250,true,1,72398
5941021001261,false,שוקולד היידי גראנדור,,,"שוקולד מריר 75% ""היי",גרמים,80.00,100 גרם,false,20,10.90,13.6250,true,1,47162
5941021001674,false,שוקולד היידי גראנדור,,,"שוקולד ""היידי"" מריר",גרמים,80.00,100 גרם,false,20,10.90,13.6250,true,1,47163
5941021002282,false,בונבוניירה היידי גור,,,בונבוניירה היידי גורמה דובדבן 100 גר,גרמים,100.00,100 גרם,false,1,11.90,11.9000,true,1,138819
5941021004989,false,שוקולד איש שלג היידי,,,איש שלג היידי 70 גר,גרמים,70.00,100 גרם,false,14,14.90,21.2857,true,1,118127
5941021005122,false,שוקולד היידי גראנדור,,,שוקולד מריר חמוציות,גרמים,80.00,100 גרם,false,20,10.90,13.6250,true,1,72400
5941021005139,false,שוקולד חלב היידי גרא,,,שוקולד חלב היידי גראנדור שקד 100 גר,גרמים,100.00,100 גרם,false,15,10.90,10.9000,true,1,128790
5941021011147,false,שוקולד מריר היידי גר,,,שוקולד מריר היידי גראנדור פלורנטין 100 גר,גרמים,100.00,100 גרם,false,1,10.90,10.9000,true,1,119712
5941021017897,false,בונבוניירה היידי בוק,,,בונבוניירה היידי בוקה אספרסו 120 גר,גרמים,120.00,100 גרם,false,1,15.90,13.2500,true,1,138822
5941802581234,false,יין מורפטלר פינו נוא,מורפטלר,RO,"יין מורפטלר פינו נואר חצי מתוק 750 מ""ל",מיליליטרים,750.00,"100 מ""ל",false,12,24.80,3.3067,true,1,125737
5942219000059,false,מים מינרליים בורסק 1,,,מים מינרליים בורסק 1.5 ליטר,ליטרים,1.50,ליטר,false,1,8.90,5.9333,true,1,47181
5996496002855,false,בונבוניירה שרי קווין,,,בונבוניירה שרי קווין 108 גר,גרמים,108.00,100 גרם,false,1,14.90,13.7963,true,1,138162
5997321701806,false,אבקה למניעת אבנית קל,,,"אבקה למניעת אבנית קלגון 1 ק""ג",קילוגרמים,1.00,"ק""ג",false,1,24.90,24.9000,true,1,111509
5998749109113,false,פדיגרי דנטא סטיקס 27,,,פדיגרי דנטא סטיקס 270 גר,גרמים,270.00,100 גרם,false,1,23.90,8.8519,true,1,95588
5998749129746,false,אוכל לחתולים ויסקס א,,,"אוכל לחתולים ויסקס אדולט ביף 1.4 ק""ג",קילוגרמים,1.40,"ק""ג",false,6,49.90,35.6429,true,1,101483
5998749129784,false,אוכל לחתולים ויסקס א,,,"אוכל לחתולים ויסקס אדולט צוקו 1.4 ק""ג",קילוגרמים,1.40,"ק""ג",false,6,49.90,35.6429,true,1,101484
5998749132340,false,אוכל לכלבים פדיגרי ג,,,"אוכל לכלבים פדיגרי גוני ציקו וריס 2.2 ק""",קילוגרמים,2.20,"ק""ג",false,6,64.90,29.5000,true,1,108781
6001067017523,false,מברשת שיניים קולגייט,CP- China-SH,,מברשת שיניים קולגייט לילדים 5,Unknown,0.00,Unknown,false,1,14.90,0.0000,true,1,54768
6001067017530,false,מברשת שיניים קולגייט,CP- China-SH,,מברשת שיניים קולגייט לילדים 2-5,Unknown,0.00,Unknown,false,1,14.90,0.0000,true,1,54767
6001506003407,false,יין קברנה אאודה קאפ,אאודה קאפ,,"יין ""אאודה קאפ"" קלאס",Unknown,0.00,Unknown,false,1,29.90,0.0000,true,1,35341
6001506003902,false,יין אאודה קאפ שנין ב,אאודה קאפ,,"יין ""אאודה קאפ "" שני",Unknown,0.00,Unknown,false,1,29.90,0.0000,true,1,35342
6001506004343,false,אאודה קאפ אלגנט וויט,אאודה קאפ,,אאודה קאפ אלגנט וויט,Unknown,0.00,Unknown,false,1,29.90,0.0000,true,1,35343
6003105001396,false,תבלין לימון ופלפל שח,INA PAARMANS,ZA,תבלין לימון ופלפל שחור אינה פארמנס 200 ג,גרמים,200.00,100 גרם,false,12,22.90,11.4500,true,1,118666
6003105001563,false,תבלין בריי וגריל אינ,INA PAARMANS,ZA,תבלין בריי וגריל אינה פארמנס 200 גר,גרמים,200.00,100 גרם,false,12,22.90,11.4500,true,1,118663
6003105003185,false,ציר בקר מרוכז למרק 2,,,ציר בקר מרוכז למרק 200 גר,גרמים,200.00,100 גרם,false,1,29.90,14.9500,true,1,119676
6006507004996,false,תבלין כאפה הרבס ים ת,CAPE HERBS SPICES,ZA,תבלין כאפה הרבס ים תיכוני  100 גר,גרמים,100.00,100 גרם,false,6,19.90,19.9000,true,1,118626
6006507005016,false,תבלין כאפה הרבס טקסס,CAPE HERBS SPICES,ZA,תבלין כאפה הרבס טקסס סטייק 100 גר,גרמים,100.00,100 גרם,false,6,19.90,19.9000,true,1,118625
6006570000079,false,תבלין כאפה הרבס צילי,CAPE HERBS SPICES,ZA,תבלין כאפה הרבס צילי חריף 75 גר,גרמים,75.00,100 גרם,false,6,19.90,26.5333,true,1,118628
6008165274629,false,פאל מאל כחול ארוך סט,,,פאל מאל כחול ארוך סטרים פילטר,Unknown,0.00,Unknown,false,1,30.00,0.0000,false,1,97108
6034114001350,false,מפיות כריסמס חגיגיות,,,מפיות כריסמס חגיגיות,Unknown,0.00,Unknown,false,1,6.90,0.0000,true,1,135900
6118000061090,false,סרדין מרוקאי בשמן סו,,,סרדין מרוקאי בשמן סויה 125 גר,גרמים,125.00,100 גרם,false,50,3.90,3.1200,true,1,131328
6224009761463,false,תחתיות ארטישוק פח 40,,,תחתיות ארטישוק פח 400 גר,גרמים,400.00,100 גרם,false,1,19.90,4.9750,true,1,136519
6253503710110,false,בירה הנינגר 500 מל,"גנירל אינווסטמנט בע""",,"בירה הנינגר 500 מ""ל",מיליליטרים,500.00,"100 מ""ל",false,1,6.90,1.3800,true,1,41793
6411401072666,false,פייזר פרליני שוקולד,,,"בונ"" ""פייזר ליקר"" 15",גרמים,150.00,100 גרם,false,12,19.90,13.2667,true,1,41840
6411401072703,false,פייזר שוקולד חלב גיי,,,"בונ"" ""פייזר גיישה"" 1",גרמים,150.00,100 גרם,false,12,19.90,13.2667,true,1,41843
6416453072770,false,פייזר פרליני שוקולד,,,"בונ"" ""פייזר מיקסר"" 1",גרמים,150.00,100 גרם,false,12,19.90,13.2667,true,1,41848
6430016342049,false,חמאה טאוסנד לייק 475,,,"חמאה ""טאוסנד לייק"" 475 גר",גרמים,475.00,100 גרם,false,1,36.90,7.7684,true,1,80499
6430016342872,true,חמאה טאוסנד לייק 200,,,חמאה טאוסנד לייק 200 גר,גרמים,200.00,100 גרם,false,,14.90,7.4500,true,1,131430
6569513465316,false,פטריות אופיטה בחומץ,china port,,פטריות אופיטה בחומץ,מיליליטרים,530.00,"100 מ""ל",false,1,14.90,2.8113,true,1,41914
6569513465323,false,פטריות מסליאטה בחומץ,china port,,פטריות מסליאטה בחומץ,מיליליטרים,530.00,"100 מ""ל",false,1,14.90,2.8113,true,1,41915
6569513465347,false,פטריות אסורטי במלח 5,,,פטריות אסורטי במלח,מיליליטרים,530.00,"100 מ""ל",false,1,15.90,3.0000,true,1,41917
6572259822855,false,אריזת מתנה לבקבוק פו,,IL,אריזת מתנה לבקבוק פופיון 12*10*36 סמ,Unknown,0.00,Unknown,false,1,4.90,0.0000,true,1,122742
6572259830096,false,אריזת מתנה לבקבוק כו,,,אריזת מתנה לבקבוק כוס יין 11*9*35 סמ,Unknown,0.00,Unknown,false,1,4.90,0.0000,true,1,135821
6901022100409,false,גינגר כתוש 95% גינגר,עבדו,,גינגר כתוש 95% גינגר טרי 100 גר,גרמים,100.00,100 גרם,false,1,6.90,6.9000,true,1,142401
6901022100416,false,שום כתוש 95% שום טרי,עבדו,,שום כתוש 95% שום טרי 100 גר,גרמים,100.00,100 גרם,false,1,6.90,6.9000,true,1,142400
6901248680891,false,טבעות דיונון מעושנים,אקוואטיק,,טבעות דיונן מעושנים 90גרי,גרמים,90.00,100 גרם,false,1,16.90,18.7778,true,1,47236
6901248680907,false,דיונון מיובש 90 גר,אקוואטיק,,"דיונון מיובש 90 ג""ר",גרמים,90.00,100 גרם,false,1,16.90,18.7778,true,1,47237
6901489340257,false,פטריות כבושות אופיאט,,,פטריות כבושות אופיאטה 880 מל,גרמים,840.00,100 גרם,false,1,19.90,2.3690,true,1,54470
6910191800287,false,דפי אצות נורי 10 דף,Nantong haida aquati,,דפי אצות נורי 10 דף,גרמים,25.00,100 גרם,false,1,11.90,47.6000,true,1,49683
6912977000140,false,אטריות שעועית דקות 2,Yantai Yinsida Longk,,אטריות שעועית דקות 250גר,גרמים,250.00,100 גרם,false,1,9.90,3.9600,true,1,74736
6920221673668,false,ספל חגיגי לבן 9*8.5,,,ספל חגיגי לבן 9*8.5 סמ,Unknown,0.00,Unknown,false,1,24.90,0.0000,true,1,136123
6920221673729,false,ספל וכפית לבנים 9*8.,,,ספל וכפית לבנים 9*8.5 סמ,Unknown,0.00,Unknown,false,1,24.90,0.0000,true,1,136129
6920221673743,false,ספל וכפית כחולים 9*8,,,ספל וכפית כחולים 9*8.5 סמ,Unknown,0.00,Unknown,false,1,24.90,0.0000,true,1,136131
6920510504345,false,צעצוע פרוזן עם ממתק,,,צעצוע פרוזן עם ממתק סוויט בוקס 10 גר,Unknown,0.00,Unknown,false,1,11.90,0.0000,true,1,137950
6920510504369,false,צעצוע מכוניות עם ממת,,,צעצוע מכוניות עם ממתק סוויט בוקס 10 גר,Unknown,0.00,Unknown,false,1,11.90,0.0000,true,1,137951
6920510504383,false,צעצוע נסיכות עם ממתק,,,צעצוע נסיכות עם ממתק סוויט בוקס 10 גר,Unknown,0.00,Unknown,false,1,11.90,0.0000,true,1,137952
6920510504420,false,צעצוע ספיידרמן עם ממ,,,צעצוע ספיידרמן עם ממתק סוויט בוקס 10 גר,Unknown,0.00,Unknown,false,1,11.90,0.0000,true,1,137954
6920510504444,false,צעצוע הנוקמים עם ממת,,,צעצוע הנוקמים עם ממתק סוויט בוקס 10 גר,Unknown,0.00,Unknown,false,1,11.90,0.0000,true,1,137953
6920902690489,false,דגל ישראל לרכב עם מק,,,דגל לרכב,Unknown,0.00,Unknown,false,1,3.90,0.0000,true,1,126775
6921236832910,false,פיטריות מסליאטה מוחמ,דליאן ג'יי אנד אן פו,,פיטריות מסליאטה כבוש,גרמים,840.00,100 גרם,false,1,23.90,2.8452,true,1,47330
6921295003146,false,נתחי סורימי 200 גר,,,"נתחי סורימי 200 גר""",גרמים,200.00,100 גרם,false,1,4.90,2.4500,true,1,47337
6921476201088,false,מקלות סורימי 200 גר,,,מקלות סורימי 200 גרם,גרמים,200.00,100 גרם,false,1,5.90,2.9500,true,1,118935
6921476201095,false,נתחי סורימי 200 גר,,,נתחי סורימי 200 גר,גרמים,200.00,100 גרם,false,1,5.90,2.9500,true,1,118730
6921476201101,false,סורימי צבת סרטן 250,,,סורימי צבת סרטן,גרמים,250.00,100 גרם,false,1,9.90,3.9600,true,1,120855
6922276100083,false,מחית וואסבי 43 גר,Qingdao Sun-growing,,מחית וואסבי 43 גר,גרמים,43.00,100 גרם,false,1,9.90,23.0233,true,1,52103
6922571302076,false,דג מינטאי ארנה מיובש,אקוואטיק,,דג מינטאי ארנה מיובש וממולח 100 גר,גרמים,100.00,100 גרם,false,1,16.90,16.9000,true,1,122667
6922571302083,false,ארנה-זרועות דיונון פ,ארנה,CN,ארנה-זרועות דיונון פרוסות 90 גר,גרמים,90.00,100 גרם,false,50,23.90,26.5556,true,1,120212
6922571302205,false,דג בליצוק ארנה 100 ג,אקוואטיק,,דג בליצוק ארנה 100 גר,גרמים,100.00,100 גרם,false,1,16.90,16.9000,true,1,122666
6926442680331,false,מקלות סורימי 200 גר,,,"מקלות סורימי 200 גר""",גרמים,200.00,100 גרם,false,1,4.90,2.4500,true,1,47406
6933960500089,false,קנפיו רצועות דלעת כב,Qingdao Sun-growing,,קנפיו רצועות דלעת כבושות 100גר,גרמים,100.00,100 גרם,false,1,15.90,15.9000,true,1,48817
6934731200078,false,אטריות טריות דקות 20,Qingdao Sun-growing,,אטריות טריות דקות 200 גר,גרמים,200.00,100 גרם,false,1,6.90,3.4500,true,1,120708
6934731210138,false,אטריות טריות עבות 20,Qingdao Sun-growing,,אטריות טריות עבות 200 גר,גרמים,200.00,100 גרם,false,1,6.90,3.4500,true,1,120707
6934931974892,false,צלפים בחומץ 350 גר,,,צלפים בחומץ 350 גר,גרמים,350.00,100 גרם,false,1,10.90,3.1143,true,1,139888
6936745600462,false,רוטב מירין לתיבול מז,Qingdao Sun-growing,,"מירין מיזקאן 500 מ""ל",מיליליטרים,500.00,"100 מ""ל",false,1,24.90,4.9800,true,1,50209
6936745600783,false,חומץ אורז מיצוקאן 50,Qingdao Sun-growing,,"חומץ אורז מיצוקאן 500 מ""ל",מיליליטרים,500.00,"100 מ""ל",false,1,16.90,3.3800,true,1,50208
6936995128334,false,מפיות מודפסות,,,מפיות מודפסות,Unknown,0.00,Unknown,false,1,6.90,0.0000,true,1,124767
6940589714230,false,מטריה גדולה 70 סמ,,,מטריה גדולה 70 סמ,Unknown,0.00,Unknown,false,1,49.90,0.0000,true,1,135814
6941156100166,false,מחית סויה אדומה 500,Qingdao Sun-growing,,מחית סויה אדומה 500 גר,גרמים,500.00,100 גרם,false,1,18.90,3.7800,true,1,51363
6944027000015,false,תה סיני 125 גר,זאינינג קריאלס אואיל,,"תה סיני 125 גר""",מיליליטרים,125.00,"100 מ""ל",false,1,6.90,5.5200,true,1,47547
6944027000428,false,תה ירוק סיני 250 גר,זאינינג קריאלס אואיל,,"תה סיני 250 גר""",גרמים,250.00,100 גרם,false,1,11.90,4.7600,true,1,47548
6944027000503,false,תה סיני 500 גר,זאינינג קריאלס אואיל,,"תה סיני 500 גר""",גרמים,500.00,100 גרם,false,1,23.90,4.7800,true,1,47549
6944027000725,false,תה ירוק יסמין 100 גר,זאינינג קריאלס אואיל,,"תה סיני ""ג""אסמין"" 10",גרמים,100.00,100 גרם,false,1,9.90,9.9000,true,1,47550
6948626581883,false,שמיכה צבעונית,,,שמיכה צבעונית,Unknown,0.00,Unknown,false,1,19.90,0.0000,true,1,122743
6950357124390,false,מטריה בינונית 55 סמ,,,מטריה בינונית 55 סמ,Unknown,0.00,Unknown,false,1,29.90,0.0000,true,1,135818
6957763801518,false,סאיירה במיץ טבעי 425,,,סאיירה במיץ טבעי 425 גר,גרמים,425.00,100 גרם,false,1,12.90,3.0353,true,1,135303
6959123012367,false,בובת נמר עם שמש ופרח,,,בובת נמר עם שמש ופרח 25 סמ,Unknown,0.00,Unknown,false,1,49.90,0.0000,true,1,136244
6959123012404,false,בובת נמר עם גבות בול,,,בובת נמר עם גבות בולטות 25 סמ,Unknown,0.00,Unknown,false,1,49.90,0.0000,true,1,136247
6959123012435,false,בובת נמר שוכב 30 סמ,,,בובת נמר שוכב 30 סמ,Unknown,0.00,Unknown,false,1,49.90,0.0000,true,1,136249
6970245820104,false,סוכ פריך בוטנים,,,סוכ פריך בוטנים,קילוגרמים,1.00,"ק""ג",true,,69.00,69.0000,true,1,139094
6971289090010,false,פטריות מאסליאטה מוחמ,,,פטריות מאסליאטה מוחמצות שלמות 530 מל,מיליליטרים,530.00,"100 מ""ל",false,1,15.90,3.0000,true,1,114193
6971289090027,false,פטריות לבנות מוחמצות,,,"פטריות לבנות מוחמצות שלמות 530 מ""ל",מיליליטרים,530.00,"100 מ""ל",false,1,15.90,3.0000,true,1,114197
6971289090065,false,פטריות אופיאטה מוחמצ,,,פטריות אופיאטה מוחמצות שלמות 530 מל,מיליליטרים,530.00,"100 מ""ל",false,1,17.90,3.3774,true,1,114195
6971289090072,false,פטריות מאסלטה מוחמצו,,,"פטריות מאסלטה מוחמצות אלפא שלמות 840 מ""ל",גרמים,840.00,100 גרם,false,1,22.90,2.7262,true,1,115078
6971289090089,false,פטריות אסורטי מוחמצו,,,"פטריות אסורטי מוחמצות אלפא שלמות 840 מ""ל",מיליליטרים,840.00,"100 מ""ל",false,1,19.90,2.3690,true,1,115076
6971289090096,false,פטריות אופיאטה מוחמצ,,,פטריות אופיאטה מוחמצות אלפא שלמות 840 מל,מיליליטרים,840.00,"100 מ""ל",false,1,24.90,2.9643,true,1,115075
6971289090102,false,פטריות אסורטי מוחמצו,,,פטריות אסורטי מוחמצות שלמות 530 מל,מיליליטרים,530.00,"100 מ""ל",false,1,15.90,3.0000,true,1,114196
6972554330015,true,קיסמי שיניים,,IL,קיסמי שיניים,Unknown,0.00,Unknown,false,1,1.50,0.0000,true,1,129264
6974640730167,false,פטריות שיטאקה 100 גר,ZHEJIANG FOREST FOOD,,פטריות שיטאקה 100 גר,גרמים,100.00,100 גרם,false,1,15.90,15.9000,true,1,140338
6989877718772,true,חבילת שיפודים למנגל,,,חבילת שיפודים למנגל 30*0.5 סמ,Unknown,0.00,Unknown,false,1,3.90,0.0000,true,1,137740
7046110071519,false,משחת שיניים גורדן לש,,,"משחת שיניים גורדן לשיני חלב 2-6 50 מ""ל",מיליליטרים,50.00,"100 מ""ל",false,1,11.90,23.8000,true,1,120772
7290000000075,false,עולש /אנדיב,מרינה פטריות הגליל,,עולש,Unknown,0.00,Unknown,false,1,14.90,0.0000,true,1,23828
7290000000169,false,תפוח אדמה לאפיה,ביכורי שדה דרום 2002,,"תפו""א לאפיה",קילוגרמים,1.00,"ק""ג",true,,4.90,4.9000,true,1,25639
7290000000202,false,סלמי כפרית פרוס,ישרקו שיווק מותגי מז,,סלמי כפרית פרוס,קילוגרמים,1.00,"ק""ג",true,,165.00,165.0000,true,1,26327
7290000000203,false,סלמי מילאנו פרוס,ישרקו שיווק מותגי מז,,סלמי מילנו פרוס,קילוגרמים,1.00,"ק""ג",true,,165.00,165.0000,true,1,22157
7290000000204,false,סלמי הרץ,ישרקו שיווק מותגי מז,,סלמי הרץ פרוס,קילוגרמים,1.00,"ק""ג",true,,149.00,149.0000,true,1,25698
7290000000205,false,מוסקובסקייה פרוס,ישרקו שיווק מותגי מז,,מוסקובסקייה פרוס,קילוגרמים,1.00,"ק""ג",true,,119.00,119.0000,true,1,22159
7290000000217,false,סלמי פפרוני,ישרקו שיווק מותגי מז,,סלמי פפרוני,קילוגרמים,1.00,"ק""ג",true,,165.00,165.0000,true,1,23833
7290000000219,false,זלץ לבן,ישרקו שיווק מותגי מז,,זלץ לבן,קילוגרמים,1.00,"ק""ג",true,,85.00,85.0000,true,1,23005
7290000000221,false,נקניק קרוביאנקה,ישרקו שיווק מותגי מז,,נקניק קרוביאנקה,קילוגרמים,1.00,"ק""ג",true,,75.00,75.0000,true,1,24486
7290000000222,false,וטצינה מוסקובסקיה,ישרקו שיווק מותגי מז,,"וטצ""ינה מוסקובסקיה",קילוגרמים,1.00,"ק""ג",true,,149.00,149.0000,true,1,22280
7290000000228,false,סלמי הונגרי,ישרקו שיווק מותגי מז,,סלמי הונגרי,קילוגרמים,1.00,"ק""ג",true,,165.00,165.0000,true,1,26342
7290000000229,false,סלמי צרפתי,ישרקו שיווק מותגי מז,,סלמי צרפתי,קילוגרמים,1.00,"ק""ג",true,,165.00,165.0000,true,1,22285
7290000000230,false,רוסקי סרוולט,ישרקו שיווק מותגי מז,,רוסקי סרוולט,קילוגרמים,1.00,"ק""ג",true,,155.00,155.0000,true,1,23013
7290000000231,false,סרוולט מוסקובסקי,ישרקו שיווק מותגי מז,,סרוולט מוסקובסקי,קילוגרמים,1.00,"ק""ג",true,,155.00,155.0000,true,1,48527
7290000000233,false,נקניק זרניסטיה,ישרקו שיווק מותגי מז,,נקניק זרניסטיה,קילוגרמים,1.00,"ק""ג",true,,149.00,149.0000,true,1,25719
7290000000234,false,סלה ביתי/הונגרי,ישרקו שיווק מותגי מז,,סלה כל הסוגים,קילוגרמים,1.00,"ק""ג",true,,105.00,105.0000,true,1,22407
7290000000238,false,רו סרוולט,ישרקו שיווק מותגי מז,,רו-סרוולט,קילוגרמים,1.00,"ק""ג",true,,155.00,155.0000,true,1,22412
7290000000239,false,סלמי ספרטק,ישרקו שיווק מותגי מז,,סלמי ספרטק,קילוגרמים,1.00,"ק""ג",true,,155.00,155.0000,true,1,23848
7290000000243,false,נקניק סבינייה,ישרקו שיווק מותגי מז,,נקניק סבינייה,קילוגרמים,1.00,"ק""ג",true,,179.00,179.0000,true,1,25090
7290000000246,false,סרוולט אוסטרי,ישרקו שיווק מותגי מז,,סרוולט אוסטרי,קילוגרמים,1.00,"ק""ג",true,,169.00,169.0000,true,1,76627
7290000000247,false,סלמי בקר גרנאדה,ישרקו שיווק מותגי מז,,סלמי נאפולי,קילוגרמים,1.00,"ק""ג",true,,79.00,79.0000,true,1,76632
7290000000248,false,פרושוטו רוסי,ישרקו שיווק מותגי מז,,פרושוטו רוסי,קילוגרמים,1.00,"ק""ג",true,,199.00,199.0000,true,1,22303
7290000000249,false,סרוולט קופצסקיי,ישרקו שיווק מותגי מז,,"סרוולט קופצ""סקי",קילוגרמים,1.00,"ק""ג",true,,115.00,115.0000,true,1,22421
7290000000250,false,סלמי פינלנד,ישרקו שיווק מותגי מז,,סלמי פינלנד,קילוגרמים,1.00,"ק""ג",true,,155.00,155.0000,true,1,24504
7290000000255,false,פפרוני עגל,ישרקו שיווק מותגי מז,,פפרוני עגל,קילוגרמים,1.00,"ק""ג",true,,159.00,159.0000,true,1,25738
7290000000267,false,אסאדו לבן,ישרקו שיווק מותגי מז,,אסאדו לבן,קילוגרמים,1.00,"ק""ג",true,,139.00,139.0000,true,1,26362
7290000000268,false,בסטורמה ארמנית,ישרקו שיווק מותגי מז,,בסטרומה ארמנית,קילוגרמים,1.00,"ק""ג",true,,219.00,219.0000,true,1,22767
7290000000269,false,פסטרמה הודו פרפר בטע,ישרקו שיווק מותגי מז,,פסטרמה הודו פרפר בטעמים,קילוגרמים,1.00,"ק""ג",true,,59.00,59.0000,true,1,22768
7290000000272,false,נקניקיות סליבוצניה,ישרקו שיווק מותגי מז,,"נקניקיות סליבוצ""ניה",קילוגרמים,1.00,"ק""ג",true,,59.00,59.0000,true,1,23901
7290000000273,false,פרושוטו,ישרקו שיווק מותגי מז,,פרושוטו,קילוגרמים,1.00,"ק""ג",true,,309.00,309.0000,true,1,26365
7290000000285,false,נקניק אגסי,ישרקו שיווק מותגי מז,,נקניק אגסי,קילוגרמים,1.00,"ק""ג",true,,179.00,179.0000,true,1,25757
7290000000289,false,לשון זליבנוי טילצי,ישרקו שיווק מותגי מז,,"לשון זליבנוי טילצ""י",קילוגרמים,1.00,"ק""ג",true,,89.00,89.0000,true,1,22776
7290000000396,false,פריזר אליטניה,"ולדמן ביח""ר לנקניק ו",,פריזר אליטנאיה,קילוגרמים,1.00,"ק""ג",true,,85.00,85.0000,true,1,22359
7290000000403,false,עוף מעושן,"ולדמן ביח""ר לנקניק ו",,עוף מעושן,קילוגרמים,1.00,"ק""ג",true,,49.00,49.0000,true,1,22807
7290000000404,false,וטצינה רוסקיה,"ולדמן ביח""ר לנקניק ו",,"ויצ""ינה רוסקיה",קילוגרמים,1.00,"ק""ג",true,,119.00,119.0000,true,1,24546
7290000000409,false,בוזנינה הודו ביתית,"ולדמן ביח""ר לנקניק ו",,בוזנינה הודו ביתית,קילוגרמים,1.00,"ק""ג",true,,69.00,69.0000,true,1,22813
7290000000414,false,נקניק קרקובסקיה,"ולדמן ביח""ר לנקניק ו",,נקניק קרקובסקיה,קילוגרמים,1.00,"ק""ג",true,,109.00,109.0000,true,1,25171
7290000000423,false,ישבן הודו מעושן,"ולדמן ביח""ר לנקניק ו",,ישבן הודו מעושן,קילוגרמים,1.00,"ק""ג",true,,29.00,29.0000,true,1,23414
7290000000426,false,נקניק פולטבסקיה,"ולדמן ביח""ר לנקניק ו",,נקניק פלטבסקיה,קילוגרמים,1.00,"ק""ג",true,,119.00,119.0000,true,1,22826
7290000000437,false,בוזנינה חזיר ביתית,"ולדמן ביח""ר לנקניק ו",,בוזנינה חזיר ביתית,קילוגרמים,1.00,"ק""ג",true,,119.00,119.0000,true,1,23969
7290000000441,false,נקניק פרח פרוס,"ולדמן ביח""ר לנקניק ו",,נקניק פרח פרוס,קילוגרמים,1.00,"ק""ג",true,,99.00,99.0000,true,1,22392
7290000000444,false,קופצסקי סרוולט,"ולדמן ביח""ר לנקניק ו",,"קופצ""סקי סרוולד",קילוגרמים,1.00,"ק""ג",true,,99.00,99.0000,true,1,25818
7290000000447,false,ציגיינר,"ולדמן ביח""ר לנקניק ו",,ציגיינר,קילוגרמים,1.00,"ק""ג",true,,119.00,119.0000,true,1,25819
7290000000448,false,קייזר גרודינקה,"ולדמן ביח""ר לנקניק ו",,קייזר גרודינקה,קילוגרמים,1.00,"ק""ג",true,,189.00,189.0000,true,1,26447
7290000000456,false,פרלמנט,"ולדמן ביח""ר לנקניק ו",,פרלמנט,קילוגרמים,1.00,"ק""ג",true,,89.00,89.0000,true,1,22840
7290000000460,false,שונים נקניק\דברצין,"ולדמן ביח""ר לנקניק ו",,"שונים נקניק\דברצ""ין",קילוגרמים,1.00,"ק""ג",true,,48.00,48.0000,true,1,25200
7290000000462,false,צוואר מעושן,"ולדמן ביח""ר לנקניק ו",,צוואר מעושן,קילוגרמים,1.00,"ק""ג",true,,149.00,149.0000,true,1,25826
7290000000468,false,כרעיים/שוקיים עוף מע,"ולדמן ביח""ר לנקניק ו",,כרעיים/שוקיים עוף מע,קילוגרמים,1.00,"ק""ג",true,,49.00,49.0000,true,1,24580
7290000000470,false,קייזר כפול/עם תבליני,"ולדמן ביח""ר לנקניק ו",,קייזר כפול/עם תבלחנים,קילוגרמים,1.00,"ק""ג",true,,189.00,189.0000,true,1,24581
7290000000472,false,ליפצקיה,"ולדמן ביח""ר לנקניק ו",,ליפצקיה,קילוגרמים,1.00,"ק""ג",true,,99.00,99.0000,true,1,25828
7290000000473,false,קבנוס בווארסקיי,"ולדמן ביח""ר לנקניק ו",,קבנוס בוורסקיי,קילוגרמים,1.00,"ק""ג",true,,109.00,109.0000,true,1,23458
7290000000478,false,לשון בקר מבושל,"ולדמן ביח""ר לנקניק ו",,לשון בקר מבושל,קילוגרמים,1.00,"ק""ג",true,,85.00,85.0000,true,1,22850
7290000000482,false,סנטור פריזר מעושן,"ולדמן ביח""ר לנקניק ו",,סנטור פריזר מעושן,קילוגרמים,1.00,"ק""ג",true,,79.00,79.0000,true,1,24593
7290000000484,false,נקניקיות גבינה,"ולדמן ביח""ר לנקניק ו",,נקניקיות גבינה,קילוגרמים,1.00,"ק""ג",true,,65.00,65.0000,true,1,25836
7290000000486,false,נקניק סרוולט אורחובי,"ולדמן ביח""ר לנקניק ו",,נקניק סרוולט אורחובי,קילוגרמים,1.00,"ק""ג",true,,99.00,99.0000,true,1,23992
7290000000491,false,נקניקיות וטציניה טבע,"ולדמן ביח""ר לנקניק ו",,"נקניקיות ויצ""ינה טבע",קילוגרמים,1.00,"ק""ג",true,,69.00,69.0000,true,1,25228
7290000000495,false,קבנוס פראג,"ולדמן ביח""ר לנקניק ו",,קבנוס פראג,קילוגרמים,1.00,"ק""ג",true,,99.00,99.0000,true,1,22855
7290000000497,false,וטצינה אוסטרי,"ולדמן ביח""ר לנקניק ו",,וטצינה אוסטרי,קילוגרמים,1.00,"ק""ג",true,,110.00,110.0000,true,1,25229
7290000000500,false,פריזר רוסי גדול,מעדני מניה תעשיות בש,,פריזר רוסי גדול,קילוגרמים,1.00,"ק""ג",true,,69.00,69.0000,true,1,23999
7290000000501,false,קרמליובסקיה,מעדני מניה תעשיות בש,,קרמליובסקיה,קילוגרמים,1.00,"ק""ג",true,,155.00,155.0000,true,1,24602
7290000000502,false,נקניק דומשניה,מעדני מניה תעשיות בש,,נקניק דומשניה,קילוגרמים,1.00,"ק""ג",true,,59.00,59.0000,true,1,22443
7290000000511,false,גולן פרוס,מעדני מניה תעשיות בש,,גולן פרוס,קילוגרמים,1.00,"ק""ג",true,,109.00,109.0000,true,1,22444
7290000000512,false,דליקטסנייה פרוס,מעדני מניה תעשיות בש,,דליקטסנייה פרוס,קילוגרמים,1.00,"ק""ג",true,,95.00,95.0000,true,1,24001
7290000000513,false,אסאדו על האש,מעדני מניה תעשיות בש,,אסאדו על האש,קילוגרמים,1.00,"ק""ג",true,,129.00,129.0000,true,1,25234
7290000000518,false,וינר חדש,מעדני מניה תעשיות בש,,וינר חדש,קילוגרמים,1.00,"ק""ג",true,,69.00,69.0000,true,1,24003
7290000000521,false,בסטורמה בקר,מעדני מניה תעשיות בש,,בסטרומה בקר,קילוגרמים,1.00,"ק""ג",true,,135.00,135.0000,true,1,51313
7290000000522,false,וינר חדש עבה,מעדני מניה תעשיות בש,,וינר חדש עבה,קילוגרמים,1.00,"ק""ג",true,,69.00,69.0000,true,1,24605
7290000000524,false,פסטרמה הונגרית,מעדני מניה תעשיות בש,,פסטרמה הונגרית,קילוגרמים,1.00,"ק""ג",true,,129.00,129.0000,true,1,25237
7290000000526,false,קנקרס מעושן,מעדני מניה תעשיות בש,,"קנקרס לבן/מעושן, קוק",קילוגרמים,1.00,"ק""ג",true,,35.00,35.0000,true,1,24011
7290000000531,false,נקניק קרסטיאנסקיה,מעדני מניה תעשיות בש,,נקניק קרסטיאנסקיה,קילוגרמים,1.00,"ק""ג",true,,99.00,99.0000,true,1,22451
7290000000533,false,בייקון חי,מעדני מניה תעשיות בש,,בייקון חי,קילוגרמים,1.00,"ק""ג",true,,189.00,189.0000,true,1,25239
7290000000535,false,רולדה/רולדה פלפל/פפר,מעדני מניה תעשיות בש,,רולדה/רולדה פלפל/פפר,קילוגרמים,1.00,"ק""ג",true,,139.00,139.0000,true,1,25240
7290000000536,false,פרושוטו חי,מעדני מניה תעשיות בש,,פרושוטו חי,קילוגרמים,1.00,"ק""ג",true,,159.00,159.0000,true,1,22453
7290000000537,false,לקס צוואר,מעדני מניה תעשיות בש,,לקס צוואר,קילוגרמים,1.00,"ק""ג",true,,189.00,189.0000,true,1,23081
7290000000543,false,נקניק אוכוטניציה,מעדני מניה תעשיות בש,,"נקניק אוכוטניצ""יה",קילוגרמים,1.00,"ק""ג",true,,95.00,95.0000,true,1,23514
7290000000547,false,נקניקיות וינר מעושן,מעדני מניה תעשיות בש,,נקניקיות וינר מעושן/,קילוגרמים,1.00,"ק""ג",true,,35.00,35.0000,true,1,22458
7290000000553,false,קייזר,מעדני מניה תעשיות בש,,קייזר,קילוגרמים,1.00,"ק""ג",true,,129.00,129.0000,true,1,24023
7290000000554,false,נקניק חי כפרי,מעדני מניה תעשיות בש,,נקניק חי כפרי,קילוגרמים,1.00,"ק""ג",true,,159.00,159.0000,true,1,24617
7290000000555,false,גרמני,מעדני מניה תעשיות בש,,גרמני,קילוגרמים,1.00,"ק""ג",true,,109.00,109.0000,true,1,23085
7290000000558,false,שוק איטלקי,מעדני מניה תעשיות בש,,שוק איטלקי,קילוגרמים,1.00,"ק""ג",true,,109.00,109.0000,true,1,23090
7290000000559,false,נקניק רוסקיה,מעדני מניה תעשיות בש,,נקניק רוסקיה,קילוגרמים,1.00,"ק""ג",true,,155.00,155.0000,true,1,26476
7290000000568,false,לשון בקר מעושנת,מעדני מניה תעשיות בש,,לשון בקר מעושנת,קילוגרמים,1.00,"ק""ג",true,,79.00,79.0000,true,1,23092
7290000000570,false,סרוולט,מעדני מניה תעשיות בש,,סרוולט,קילוגרמים,1.00,"ק""ג",true,,159.00,159.0000,true,1,26493
7290000000572,false,צוואר פיקנטי,מעדני מניה תעשיות בש,,צוואר פיקנטי,קילוגרמים,1.00,"ק""ג",true,,129.00,129.0000,true,1,26496
7290000000573,false,נקניק קייבסקיה,מעדני מניה תעשיות בש,,נקניק קייבסקיה,קילוגרמים,1.00,"ק""ג",true,,95.00,95.0000,true,1,23553
7290000000575,false,פסטרמה דליקטסניה,מעדני מניה תעשיות בש,,פסטרמה דליקטסניה,קילוגרמים,1.00,"ק""ג",true,,99.00,99.0000,true,1,23554
7290000000576,false,בראונשבייגסקייה,מעדני מניה תעשיות בש,,בראונשבייסקייה,קילוגרמים,1.00,"ק""ג",true,,155.00,155.0000,true,1,25874
7290000000581,false,בליק קייבסקי,מעדני מניה תעשיות בש,,בליק קייבסקי,קילוגרמים,1.00,"ק""ג",true,,119.00,119.0000,true,1,26502
7290000000585,false,צוואר מעושן,מעדני מניה תעשיות בש,,צוואר מעושן,קילוגרמים,1.00,"ק""ג",true,,129.00,129.0000,true,1,26504
7290000000587,false,נקניקיות עוף לילדים,מעדני מניה תעשיות בש,,נקניקיות עוף לילדים,קילוגרמים,1.00,"ק""ג",true,,35.00,35.0000,true,1,22488
7290000000600,false,סלמי רוונה,קרלברג ייצור ושיווק,,סלמי רוונה,קילוגרמים,1.00,"ק""ג",true,,99.00,99.0000,true,1,24643
7290000000611,false,פריזר סליבוצניה,,,רולדה הודו,קילוגרמים,1.00,"ק""ג",true,,85.00,85.0000,true,1,23120
7290000000805,false,נקניק סרוולט,קרלברג ייצור ושיווק,,נקניק סרוולט,קילוגרמים,1.00,"ק""ג",true,,135.00,135.0000,true,1,23338
7290000000830,false,בוזנינה רגילה,מעדני מניה תעשיות בש,,"בוז""נינה רגילה",קילוגרמים,1.00,"ק""ג",true,,129.00,129.0000,true,1,24279
7290000000831,false,רוחברג,מעדני מניה תעשיות בש,,רוחברג,קילוגרמים,1.00,"ק""ג",true,,155.00,155.0000,true,1,26112
7290000000832,false,פריזר ביצה,מעדני מניה תעשיות בש,,פריזר ביצה,קילוגרמים,1.00,"ק""ג",true,,39.00,39.0000,true,1,26113
7290000000834,false,נקניק הרץ,מעדני מניה תעשיות בש,,נקניק הרץ,קילוגרמים,1.00,"ק""ג",true,,95.00,95.0000,true,1,26711
7290000000838,false,אכוטניצה כפרי,מעדני מניה תעשיות בש,,אכוטניצה כפרי,קילוגרמים,1.00,"ק""ג",true,,99.00,99.0000,true,1,24281
7290000000850,false,קרקובסקיה דימוב,מעדני בשר השוקת,,קרקובסקיה דימוב,קילוגרמים,1.00,"ק""ג",true,,99.00,99.0000,true,1,23867
7290000000857,false,סלמי פינסקיה דימוב,מעדני בשר השוקת,,סלמי פינסקיה דימוב,קילוגרמים,1.00,"ק""ג",true,,99.00,99.0000,true,1,23868
7290000000901,false,נקניקיות שפיקצקי,מעדני בשר השוקת,,"נקניקיות שפיקצ""קי",קילוגרמים,1.00,"ק""ג",true,,69.00,69.0000,true,1,26718
7290000000918,false,סלמי פולני,מעדני בשר השוקת,,סלמי פולני,קילוגרמים,1.00,"ק""ג",true,,85.00,85.0000,true,1,26122
7290000001011,false,זרניסטיה,מעדני מניה תעשיות בש,,זרניסטיה,קילוגרמים,1.00,"ק""ג",true,,155.00,155.0000,true,1,21883
7290000001012,false,טוסקנה,מעדני מניה תעשיות בש,,טוסקנה,קילוגרמים,1.00,"ק""ג",true,,159.00,159.0000,true,1,21900
7290000001016,false,מילאנו חי,מעדני מניה תעשיות בש,,מילנו חי,קילוגרמים,1.00,"ק""ג",true,,155.00,155.0000,true,1,22133
7290000001017,false,נקניק נאפולי פרוס,מעדני מניה תעשיות בש,,נקניק נאפולי פרוס,קילוגרמים,1.00,"ק""ג",true,,155.00,155.0000,true,1,21887
7290000001023,false,פלרמו,מעדני מניה תעשיות בש,,פלרמו,קילוגרמים,1.00,"ק""ג",true,,159.00,159.0000,true,1,21965
7290000001024,false,פפרוני,מעדני מניה תעשיות בש,,פפרוני,קילוגרמים,1.00,"ק""ג",true,,159.00,159.0000,true,1,21902
7290000001025,false,קוניאק ניקול,מעדני מניה תעשיות בש,,קוניאק ניקול,קילוגרמים,1.00,"ק""ג",true,,155.00,155.0000,true,1,22138
7290000001026,false,פרובנס,מעדני מניה תעשיות בש,,פרובנס,קילוגרמים,1.00,"ק""ג",true,,155.00,155.0000,true,1,21903
7290000001040,false,נקניק אקסטרה,מעדני מניה תעשיות בש,,נקניק אקסטרה,קילוגרמים,1.00,"ק""ג",true,,39.00,39.0000,true,1,52056
7290000001051,false,רולדה עוף,מעדני ויטו שיווק ויי,,רולדה עוף,קילוגרמים,1.00,"ק""ג",true,,65.00,65.0000,true,1,50630
7290000001053,false,לשון בקר בגל תאומים,מעדני ויטו שיווק ויי,,לשון בקר בגל תאומים,קילוגרמים,1.00,"ק""ג",true,,89.00,89.0000,true,1,50621
7290000001071,false,פסטרמה הודו ברביקיו,קרלברג ייצור ושיווק,,נקניק אגוזית,קילוגרמים,1.00,"ק""ג",true,,59.00,59.0000,true,1,50720
7290000001072,false,פסטרמה הודו מעושנת,קרלברג ייצור ושיווק,,נקניק צרסקיה,קילוגרמים,1.00,"ק""ג",true,,59.00,59.0000,true,1,50711
7290000001073,false,פסטרמה הודו מקסיקנית,קרלברג ייצור ושיווק,,נקניק דבוריאנסקיה,קילוגרמים,1.00,"ק""ג",true,,59.00,59.0000,true,1,50712
7290000001077,false,כתף בקר מעושן,קרלברג ייצור ושיווק,,טורינו חי,קילוגרמים,1.00,"ק""ג",true,,85.00,85.0000,true,1,80229
7290000001078,false,כתף בקר פלפל,קרלברג ייצור ושיווק,,סלמי אוקראינסקיה,קילוגרמים,1.00,"ק""ג",true,,85.00,85.0000,true,1,80230
7290000001104,false,פטריות פורטבלה ארוזו,מרינה פטריות הגליל,,פטריות פורטבלה ארוזות,גרמים,200.00,100 גרם,false,1,9.90,4.9500,true,1,41998
7290000001128,false,נקניקיות פרנקפורט בק,מעדני מניה תעשיות בש,,נקניקיות פרנקפורט בקר,קילוגרמים,1.00,"ק""ג",true,,49.00,49.0000,true,1,51843
7290000001140,false,פריזר תה בייבי,מעדני מניה תעשיות בש,,"נקניק פריזר תה צ""איניה בייבי",קילוגרמים,1.00,"ק""ג",true,,65.00,65.0000,true,1,52057
7290000001144,false,שייקה מוסקובסקיה,מעדני מניה תעשיות בש,,שייקה מוסקובסקיה,קילוגרמים,1.00,"ק""ג",true,,110.00,110.0000,true,1,78924
7290000001153,false,לשון בקר בגל קוביות,,,לשון בקר בגל קוביות,קילוגרמים,1.00,"ק""ג",true,,89.00,89.0000,true,1,50728
7290000001206,false,שווארמה הודו צועני,ישרקו שיווק מותגי מז,,שווארמה הודו אפויה/צועני,קילוגרמים,1.00,"ק""ג",true,,119.00,119.0000,true,1,26182
7290000001216,false,נקניקיות פרגית,ישרקו שיווק מותגי מז,,נקניקיות פרגית,קילוגרמים,1.00,"ק""ג",true,,36.00,36.0000,true,1,22018
7290000001220,false,פטה כבד עוף בלוק,ישרקו שיווק מותגי מז,,פטה כבד עוף בלוק,קילוגרמים,1.00,"ק""ג",true,,85.00,85.0000,true,1,23434
7290000001254,false,סלו כפרי,ישרקו שיווק מותגי מז,,סלו כפרי,קילוגרמים,1.00,"ק""ג",true,,129.00,129.0000,true,1,79948
7290000001257,false,שוק חזירון,ישרקו שיווק מותגי מז,,שוק חזירון,קילוגרמים,1.00,"ק""ג",true,,119.00,119.0000,true,1,126873
7290000001288,false,פטה אווז בלוק,ישרקו שיווק מותגי מז,,פטה אווז בלוק,קילוגרמים,1.00,"ק""ג",true,,69.00,69.0000,true,1,121666
7290000001391,false,שינקן מבושל/מעושן,"ולדמן ביח""ר לנקניק ו",,שינקן מבושל/מעושן,קילוגרמים,1.00,"ק""ג",true,,119.00,119.0000,true,1,22036
7290000001396,false,פריזר אליטניה מיני,"ולדמן ביח""ר לנקניק ו",,פריזר אליטניה מיני,קילוגרמים,1.00,"ק""ג",true,,85.00,85.0000,true,1,22917
7290000001401,false,נקניק סופר דומשניה,"ולדמן ביח""ר לנקניק ו",,נקניק סופר דומאשניה,קילוגרמים,1.00,"ק""ג",true,,119.00,119.0000,true,1,26224
7290000001417,false,נקניק ליברנייה,"ולדמן ביח""ר לנקניק ו",,נקניק ליברנייה,קילוגרמים,1.00,"ק""ג",true,,69.00,69.0000,true,1,78515
7290000001437,false,בוזנינה פסטיבל ביתי,"ולדמן ביח""ר לנקניק ו",,בוזנינה פסטיבל ביתי,קילוגרמים,1.00,"ק""ג",true,,119.00,119.0000,true,1,78464
7290000001447,false,סינטה בוזנינה ביתית,"ולדמן ביח""ר לנקניק ו",,סינטה בוזינינה ביתית,קילוגרמים,1.00,"ק""ג",true,,145.00,145.0000,true,1,25616
7290000001450,false,סינטה ברשת,"ולדמן ביח""ר לנקניק ו",,סינטה ברשת,קילוגרמים,1.00,"ק""ג",true,,139.00,139.0000,true,1,78468
7290000001459,false,פסטרמה חזיר צאך עם ח,"ולדמן ביח""ר לנקניק ו",,פסטרמה חזיר צך בטעמים עם שומן,קילוגרמים,1.00,"ק""ג",true,,115.00,115.0000,true,1,78479
7290000001469,false,שוק רוסי מעושן,"ולדמן ביח""ר לנקניק ו",,שוק רוסי מעושן,קילוגרמים,1.00,"ק""ג",true,,115.00,115.0000,true,1,78472
7290000001470,false,קייזר כפול מחולק בוו,"ולדמן ביח""ר לנקניק ו",,קייזר קפול מחולק בוואקום,קילוגרמים,1.00,"ק""ג",true,,179.00,179.0000,true,1,78475
7290000001499,false,כנפיים עוף מעושנים,"ולדמן ביח""ר לנקניק ו",,כנפיים עוף מעושנים,קילוגרמים,1.00,"ק""ג",true,,29.00,29.0000,true,1,80871
7290000001500,false,פריזר רוסי קטן,מעדני מניה תעשיות בש,,פריזר רוסי קטן,קילוגרמים,1.00,"ק""ג",true,,69.00,69.0000,true,1,25618
7290000001502,false,לחם בשר,מעדני מניה תעשיות בש,,לחם בשר,קילוגרמים,1.00,"ק""ג",true,,59.00,59.0000,true,1,23503
7290000001508,false,פריזר בייגלה,מעדני מניה תעשיות בש,,פריזר בייגלה,קילוגרמים,1.00,"ק""ג",true,,69.00,69.0000,true,1,25620
7290000001518,false,פסטרמה דליקטסניה לבנ,מעדני מניה תעשיות בש,,פסטרמה דליקטסניה לבנ,קילוגרמים,1.00,"ק""ג",true,,99.00,99.0000,true,1,22043
7290000001521,false,נקניק לבירה,מעדני מניה תעשיות בש,,"נקניק לבירה ""קפיבו""",קילוגרמים,1.00,"ק""ג",true,,155.00,155.0000,true,1,22925
7290000001527,false,גרודינקה ביתית/כפרית,מעדני מניה תעשיות בש,,פרס בייקון,קילוגרמים,1.00,"ק""ג",true,,145.00,145.0000,true,1,25621
7290000001529,false,נקניק מורטדלה חדשה,מעדני מניה תעשיות בש,,נקניק מורטדלה חדשה,קילוגרמים,1.00,"ק""ג",true,,69.00,69.0000,true,1,25622
7290000001535,false,פילה א,מעדני מניה תעשיות בש,,"פילה א""",קילוגרמים,1.00,"ק""ג",true,,119.00,119.0000,true,1,26238
7290000001543,false,אוסובוקו מעושן,מעדני מניה תעשיות בש,,אוסובוקו מעושן,קילוגרמים,1.00,"ק""ג",true,,45.00,45.0000,true,1,74032
7290000001547,false,רולדה לשון בקר בגל ע,מעדני מניה תעשיות בש,,רולדה לשון בקר בגל עם קורקבן עוף,קילוגרמים,1.00,"ק""ג",true,,69.00,69.0000,true,1,73710
7290000001549,false,בליק דרניצקי,מעדני מניה תעשיות בש,,בליק דרניצקי,קילוגרמים,1.00,"ק""ג",true,,169.00,169.0000,true,1,73709
7290000001553,false,קוסטיצה לבן/שחור,מעדני מניה תעשיות בש,,קוסטיצה לבן/שחור,קילוגרמים,1.00,"ק""ג",true,,129.00,129.0000,true,1,25625
7290000001562,false,קבנוס,מעדני מניה תעשיות בש,,קבנוס,קילוגרמים,1.00,"ק""ג",true,,59.00,59.0000,true,1,72918
7290000001564,false,בייקון אנגלי,מעדני מניה תעשיות בש,,בייקון אנגלי,קילוגרמים,1.00,"ק""ג",true,,105.00,105.0000,true,1,77504
7290000001597,false,פריזר עגל בייבי,מעדני מניה תעשיות בש,,פריזר עגל ביבי,קילוגרמים,1.00,"ק""ג",true,,55.00,55.0000,true,1,26245
7290000001864,false,פיקוליני שום/חרדל/בי,מעדני בשר השוקת,,פיקוליני אישי שום/חרדל/ביקון/שישליק/גבינ,קילוגרמים,1.00,"ק""ג",true,,159.00,159.0000,true,1,48432
7290000001918,false,סלמי פולני שלם,מעדני בשר השוקת,,סלמי פולני שלם,קילוגרמים,1.00,"ק""ג",true,,82.00,82.0000,true,1,23790
7290000002008,false,בסגנון אמנטלר,,,"תחליף גבינה "" אמנטלר""",קילוגרמים,1.00,"ק""ג",true,,69.00,69.0000,true,1,48543
7290000002013,false,גבינה פיאדר 3%,,,"גבינה ""פיאדר"" 3%",קילוגרמים,1.00,"ק""ג",true,,99.00,99.0000,true,1,72874
7290000002016,false,גבינה גולדן לאזור עם,Lazur,,"גבינה ""גולדן לאזור"" עם עובש כחול",קילוגרמים,1.00,"ק""ג",true,,99.00,99.0000,true,1,72879
7290000002017,false,גבינה סילבר לאזור עם,Lazur,,"גבינה ""סילבר לאזור"" עם עובש כחול",קילוגרמים,1.00,"ק""ג",true,,99.00,99.0000,true,1,72877
7290000002018,false,גבינה בלו לאזור עם ע,Lazur,,"גבינה ""בלו לאזור"" עם עובש כחול",קילוגרמים,1.00,"ק""ג",true,,99.00,99.0000,true,1,72878
7290000002019,false,גבינה טורקיז לאזור ע,Lazur,,"גבינה ""טורקיז לאזור"" עם עובש כחול",קילוגרמים,1.00,"ק""ג",true,,99.00,99.0000,true,1,72875
7290000002022,false,גבינה רקלט דור שוויצ,,,גבינת רקלט דור שוויצרית,קילוגרמים,1.00,"ק""ג",true,,189.00,189.0000,true,1,73099
7290000002034,false,גבינת חלומי,מחלבת המושבה,,גבינת חלומי,קילוגרמים,1.00,"ק""ג",true,,99.00,99.0000,true,1,73349
7290000002035,false,גבינה רדמר,Spomlek,,גבינה רדמר,קילוגרמים,1.00,"ק""ג",true,,89.00,89.0000,true,1,75195
7290000002036,false,גבינה סלמי סרנדה,Spomlek,,גבינה סלמי סרנד,קילוגרמים,1.00,"ק""ג",true,,79.00,79.0000,true,1,75196
7290000002037,false,גבינה גרנד גאודה,Spomlek,,גבינה גרנד גאודה,קילוגרמים,1.00,"ק""ג",true,,89.00,89.0000,true,1,75197
7290000002038,false,גבינה גרנד רדמר,Spomlek,,גבינה גרנד רדמר,קילוגרמים,1.00,"ק""ג",true,,89.00,89.0000,true,1,75198
7290000002039,false,גבינה קשטן,Spomlek,,גבינה קשטן,קילוגרמים,1.00,"ק""ג",true,,119.00,119.0000,true,1,75199
7290000002044,false,גבינה סטרי אולדר,Spomlek,,גבינה סטרי אולדר,קילוגרמים,1.00,"ק""ג",true,,119.00,119.0000,true,1,75200
7290000002055,false,תחליף גבינה גאודה עם,,,קממבר טבעי/אגוזים,קילוגרמים,1.00,"ק""ג",true,,79.00,79.0000,true,1,26328
7290000002056,false,תחליף גבינה גאודה עם,,,אופיר טבעי/מתובל,קילוגרמים,1.00,"ק""ג",true,,79.00,79.0000,true,1,25700
7290000002059,false,גבינה קשה פרובולונה,,,גבינה קשה פרובולונה 26%,קילוגרמים,1.00,"ק""ג",true,,149.00,149.0000,true,1,26329
7290000002063,false,גבינה קשה פרובולונה,,,גבינה קשה פרובולונה 23%,קילוגרמים,1.00,"ק""ג",true,,169.00,169.0000,true,1,75766
7290000002069,false,בסגנון פרמזן גוזוס ג,Rokisko,,תחליב גבינה פרמזן גוזוס גולד 40%,קילוגרמים,1.00,"ק""ג",true,,79.00,79.0000,true,1,75773
7290000002104,false,גבינת סולוגוני,מחלבת עברי,,גבינת סולוגוני,קילוגרמים,1.00,"ק""ג",true,,89.00,89.0000,true,1,23002
7290000002106,false,גלגל גרוזיני,מחלבת עברי,,גלגל גרוזיני,קילוגרמים,1.00,"ק""ג",true,,79.00,79.0000,true,1,22163
7290000002109,false,שמנת חמוצה 15%,,,שמנת חמוצה 15%,קילוגרמים,1.00,"ק""ג",true,,26.00,26.0000,true,1,22276
7290000002117,false,גבינת ריקוטה,מחלבת עברי,,גבינת ריקוטה,קילוגרמים,1.00,"ק""ג",true,,59.00,59.0000,true,1,23004
7290000002140,false,ירקות/פירות ממולא בג,גבינות עמיר ניצן,,טאפס שכונתי,קילוגרמים,1.00,"ק""ג",true,,169.00,169.0000,true,1,76017
7290000002141,false,גבינה לבנה אבו גוש,גבינות עמיר ניצן,,גבינה לבנה אבו גוש,קילוגרמים,1.00,"ק""ג",true,,49.00,49.0000,true,1,76018
7290000002142,false,סלט קוביות מעדן פטה,גבינות עמיר ניצן,,סלט קוביות מעדן פטה,קילוגרמים,1.00,"ק""ג",true,,79.00,79.0000,true,1,76019
7290000002152,false,צפתית 5%,מחלבת ציפורי הגלילית,,צפתית 5%,קילוגרמים,1.00,"ק""ג",true,,49.00,49.0000,true,1,25071
7290000002161,false,גבינה אורדה,מחלבת ציפורי הגלילית,,גבינה אורדה,קילוגרמים,1.00,"ק""ג",true,,46.00,46.0000,true,1,25709
7290000002204,false,גבינה קורולבסקי/מרקי,,,גבינה קורולבסקי/מרקיז/מגנט,קילוגרמים,1.00,"ק""ג",true,,79.00,79.0000,true,1,23006
7290000002209,false,בסגנון פרמזן,,,בסגנון פרמזן,קילוגרמים,1.00,"ק""ג",true,,74.00,74.0000,true,1,23834
7290000002211,false,גאודה עיזים הולנדי ע,,,גאודה עיזים הולנדי עשבי תיבול,קילוגרמים,1.00,"ק""ג",true,,169.00,169.0000,true,1,54890
7290000002216,false,בסגנון פטה דניש קומב,,,גבינת פטה דניש קומבי,קילוגרמים,1.00,"ק""ג",true,,25.00,25.0000,true,1,22169
7290000002217,false,בסגנון בולגרית,,,בסגנון בולגרית,קילוגרמים,1.00,"ק""ג",true,,42.00,42.0000,true,1,22170
7290000002218,false,גבינת עיזים פריסלנד,,,גבינה עיזים פריסלנד,קילוגרמים,1.00,"ק""ג",true,,139.00,139.0000,true,1,54892
7290000002220,false,גבינה פרמזן,,,גבינה פרמזו,קילוגרמים,1.00,"ק""ג",true,,99.00,99.0000,true,1,73855
7290000002222,false,גבינה ברי צרפתי,,,גבינה ברי צרפתי,קילוגרמים,1.00,"ק""ג",true,,99.00,99.0000,true,1,77114
7290000002227,false,קרם ציז אמריקאי פאו,,,"קרם צ""יז אמריקאי פאו",קילוגרמים,1.00,"ק""ג",true,,64.00,64.0000,true,1,24489
7290000002232,false,גבינת גאודה,,,גבינת גאודה,קילוגרמים,1.00,"ק""ג",true,,75.00,75.0000,true,1,23839
7290000002234,false,תחליף גבינה דנבלו,,,גבינת דנאבלו,קילוגרמים,1.00,"ק""ג",true,,69.00,69.0000,true,1,22281
7290000002240,false,גבינה גאודה פסטו,,,גבינה גאודה פסטו,קילוגרמים,1.00,"ק""ג",true,,119.00,119.0000,true,1,78218
7290000002243,false,גבינה פושחונסקי,,,גבינות פושחונסקי,קילוגרמים,1.00,"ק""ג",true,,79.00,79.0000,true,1,23011
7290000002249,false,גבינה גאודה עיזים בל,,,גבינה גאודה,קילוגרמים,1.00,"ק""ג",true,,159.00,159.0000,true,1,80670
7290000002274,false,פטה צאן יווני,,,פטה צאן יווני,קילוגרמים,1.00,"ק""ג",true,,109.00,109.0000,true,1,120755
7290000002285,false,גבינה מנורי צאן יוונ,,,גבינה מנורי צאן יווני בלוק,קילוגרמים,1.00,"ק""ג",true,,119.00,119.0000,true,1,125920
7290000002304,false,גבינה גאודה עגול,פריזלנד,,"גבינה ""גאודה"" עגול",קילוגרמים,1.00,"ק""ג",true,,79.00,79.0000,true,1,22287
7290000002307,false,גבינה אדם עם פלפל,פריזלנד,,"גבינה ""אידם"" עם פלפל",קילוגרמים,1.00,"ק""ג",true,,109.00,109.0000,true,1,25717
7290000002313,false,גבינת מאסדם אמנטל,פריזלנד,,"גבינת ""אמנטל""",קילוגרמים,1.00,"ק""ג",true,,79.00,79.0000,true,1,25718
7290000002315,false,גבינה מעושנת,פריזלנד,,גבינה מעושן גדול,קילוגרמים,1.00,"ק""ג",true,,109.00,109.0000,true,1,22404
7290000002442,false,גבינת איבריקו,,,גבינת איבריקו,קילוגרמים,1.00,"ק""ג",true,,119.00,119.0000,true,1,25733
7290000002454,false,בולגרית מעודנת 5%,,,בולגרית מעודנת 5%,קילוגרמים,1.00,"ק""ג",true,,49.00,49.0000,true,1,24502
7290000002455,false,ברינזה צאן,,,ברינזה צאן,קילוגרמים,1.00,"ק""ג",true,,75.00,75.0000,true,1,25095
7290000002457,false,בולגרית צאן סופיה,,,בולגרית צאן סופיה,קילוגרמים,1.00,"ק""ג",true,,65.00,65.0000,true,1,23027
7290000002511,false,גבינת גלבוע 22%,,,גבינת גלבוע 22%,קילוגרמים,1.00,"ק""ג",true,,42.58,42.5800,true,1,25099
7290000002533,false,גבינה פיראוס בולגרית,,,גבינה פיראוס בולגרית,קילוגרמים,1.00,"ק""ג",true,,48.00,48.0000,true,1,22310
7290000002620,false,גבינה צהובה נעם 22%,,,גבינה צהובה נעם 22%,קילוגרמים,1.00,"ק""ג",true,,42.58,42.5800,true,1,26355
7290000002636,false,גבינה צהובה נעם 28%,,,גבינה צהובה נעם 28%,קילוגרמים,1.00,"ק""ג",true,,44.79,44.7900,true,1,54579
7290000002642,false,גבינה צהובה נעם 9%,,,גבינה צהובה נעם 9%,קילוגרמים,1.00,"ק""ג",true,,85.00,85.0000,true,1,54578
7290000002700,false,מוצרלה/הולנדית/שוויצ,,,מוצרלה/הולנדית/שוויצרית/צדר,קילוגרמים,1.00,"ק""ג",true,,45.00,45.0000,true,1,25743
7290000002702,false,תחליף גבינה מעושנת נ,,,תחליף גבינה מעושן,קילוגרמים,1.00,"ק""ג",true,,49.00,49.0000,true,1,25744
7290000002703,false,תחליף גבינה מקסיקנית,,,תחליף גבינה מקסיקני,קילוגרמים,1.00,"ק""ג",true,,45.00,45.0000,true,1,24512
7290000002830,false,גבינה צדר אנגלי כתום,שבינגטון,,גבינה  צידר אנגלי כתום,קילוגרמים,1.00,"ק""ג",true,,139.00,139.0000,true,1,48077
7290000002831,false,גבינה צדר אנגלי,שבינגטון,,גבינה  צידר אנגלי,קילוגרמים,1.00,"ק""ג",true,,139.00,139.0000,true,1,48078
7290000002860,false,גבינה דורבלו גלגל,,,גבינה דורבלו גלגל,קילוגרמים,1.00,"ק""ג",true,,169.00,169.0000,true,1,78102
7290000002861,false,גבינה קשקווליו איטלק,,,גבינה קשקווליו איטלקי,קילוגרמים,1.00,"ק""ג",true,,199.00,199.0000,true,1,78103
7290000002867,false,גבינה מונטניולו גרמנ,,,גבינת מונטניולו גרמנ,קילוגרמים,1.00,"ק""ג",true,,169.00,169.0000,true,1,25758
7290000002871,false,גאודה הולנדית,,,גאודה הולנדית,קילוגרמים,1.00,"ק""ג",true,,79.00,79.0000,true,1,23914
7290000002872,false,גבינה מאסדם הולנדית,,,גבינת מאסדם הולנדית,קילוגרמים,1.00,"ק""ג",true,,79.00,79.0000,true,1,22774
7290000002874,false,גבינה קמברזולה,,,גבינה קמבוזולה,קילוגרמים,1.00,"ק""ג",true,,199.00,199.0000,true,1,24517
7290000002881,false,ברי צרפתי,,,ברי צרפתי,קילוגרמים,1.00,"ק""ג",true,,165.00,165.0000,true,1,26374
7290000002883,false,גבינה צדר גרמני אדום,,,גבינה צדר גרמני אדום,קילוגרמים,1.00,"ק""ג",true,,89.00,89.0000,true,1,22330
7290000002889,false,גורגונזולה פיקנטי/דו,,,גורגונזולה פיקנטי/דו,קילוגרמים,1.00,"ק""ג",true,,189.00,189.0000,true,1,23051
7290000002890,false,שמברי שקיל,,,שמברי שקיל,קילוגרמים,1.00,"ק""ג",true,,199.00,199.0000,true,1,25124
7290000002928,false,פטה עיזים,מחלבת המושבה,,פטה עיזים,קילוגרמים,1.00,"ק""ג",true,,109.00,109.0000,true,1,25129
7290000002929,false,ברינזה צאן,מחלבת המושבה,,ברינזה צאן,קילוגרמים,1.00,"ק""ג",true,,89.00,89.0000,true,1,26380
7290000002930,false,גבינה צפתית טבעי/צפת,מחלבת המושבה,,גבינה צפתית טבעי/צפת,קילוגרמים,1.00,"ק""ג",true,,49.00,49.0000,true,1,25765
7290000002931,false,גבינה בולגרית 5% מסו,מחלבת המושבה,,גבינה בולגרית קשה 5%,קילוגרמים,1.00,"ק""ג",true,,49.00,49.0000,true,1,24519
7290000002932,false,גבינת קאש,מחלבת המושבה,,גבינת קאש,קילוגרמים,1.00,"ק""ג",true,,49.00,49.0000,true,1,25130
7290000002934,false,גבינת שמנת 30% טבעי,מחלבת המושבה,,גבינת שמנת 30% טבעי,קילוגרמים,1.00,"ק""ג",true,,55.00,55.0000,true,1,25131
7290000002935,false,לאבנה טבעי,מחלבת המושבה,,לאבנה טבעי,קילוגרמים,1.00,"ק""ג",true,,39.00,39.0000,true,1,22781
7290000002937,false,טבורוג טבעי,מחלבת המושבה,,טבורוג טבעי,קילוגרמים,1.00,"ק""ג",true,,36.00,36.0000,true,1,22783
7290000002938,false,טבורוג צימוקים 9%,מחלבת המושבה,,טבורוג בטעמים שונים,קילוגרמים,1.00,"ק""ג",true,,36.00,36.0000,true,1,23055
7290000002949,false,גבינה גאודה פסטו הול,,,גבינת גאודה פסטו הול,קילוגרמים,1.00,"ק""ג",true,,159.00,159.0000,true,1,25132
7290000002952,false,גבינה צדר עם ויסקי,,,"גבינה צ""דר עם יין/ויסקי/חמוציות",קילוגרמים,1.00,"ק""ג",true,,159.00,159.0000,true,1,25768
7290000002960,false,גבינה בולגרית 5%/16%,מחלבת המושבה,,גבינה בולגרית חלקה 5,קילוגרמים,1.00,"ק""ג",true,,55.00,55.0000,true,1,25770
7290000002964,false,גבינה בולגרית קוביות,מחלבת המושבה,,גבינה בולגרית קוביות 5%,קילוגרמים,1.00,"ק""ג",true,,55.00,55.0000,true,1,73431
7290000002970,false,אצבעות שוקולד,מחלבת המושבה,,אצבעות שוקולד,קילוגרמים,1.00,"ק""ג",true,,69.00,69.0000,true,1,73573
7290000002982,false,גבינה ערקית,מחלבת המושבה,,גבינה ערקית,קילוגרמים,1.00,"ק""ג",true,,75.00,75.0000,true,1,22791
7290000002983,false,גבינת מנצגו/תום/פקור,מחלבת המושבה,,"גבינת מנצ""גו/תום/פיק",קילוגרמים,1.00,"ק""ג",true,,159.00,159.0000,true,1,24524
7290000002993,false,גבינה בלו סטילטון אנ,,,גבינה בלו סטילטון אנגלי,קילוגרמים,1.00,"ק""ג",true,,169.00,169.0000,true,1,25137
7290000002995,false,גבינת שמנת שום שמיר,,,גבינת שמנת שום שמיר 30%,קילוגרמים,1.00,"ק""ג",true,,55.00,55.0000,true,1,25138
7290000003021,false,אוקורוק קרשיאטיק,מעדני בשר השוקת,,אוקורוק קרשיאטיק,קילוגרמים,1.00,"ק""ג",true,,89.00,89.0000,true,1,26389
7290000003024,false,פסטרמה יער שחור,מעדני בשר השוקת,,פסטרמה יער שחור,קילוגרמים,1.00,"ק""ג",true,,85.00,85.0000,true,1,24527
7290000003025,false,פסטרמה עננים,מעדני בשר השוקת,,פסטרמה עננים,קילוגרמים,1.00,"ק""ג",true,,85.00,85.0000,true,1,25774
7290000003028,false,סטייק סטוליצני,מעדני בשר השוקת,,"סטייק סטוליצ""ני",קילוגרמים,1.00,"ק""ג",true,,95.00,95.0000,true,1,26390
7290000003050,false,גבינה פרמגאנו רגאנו,,,גבינה פרמיגאנו ראגאנו משולשים,קילוגרמים,1.00,"ק""ג",true,,199.00,199.0000,true,1,128711
7290000003176,false,גבינת ברי פקאן,מחלבת המושבה,,גבינת ברי פקאן,קילוגרמים,1.00,"ק""ג",true,,129.00,129.0000,true,1,125933
7290000003266,false,פילה סלמון,,,פילה סלמון,קילוגרמים,1.00,"ק""ג",true,,89.90,89.9000,true,1,143441
7290000005868,false,חלווה שכבות/סנדויץ,,,חלווה שכבות/סנדויץ,קילוגרמים,1.00,"ק""ג",true,,49.00,49.0000,true,1,24042
7290000005875,false,חלווה נוגט במשקל,,,חלווה נוגט במשקל,קילוגרמים,1.00,"ק""ג",true,,49.00,49.0000,true,1,114888
7290000006107,false,צימצה,,,"צ""ימצ""ה",קילוגרמים,1.00,"ק""ג",true,,59.00,59.0000,true,1,24648
7290000006129,false,מלפפון ירוק אדמה מוח,,,מלפפון ירוק אדמה,קילוגרמים,1.00,"ק""ג",true,,39.00,39.0000,true,1,22508
7290000006130,false,עגבניות שרי,סלטי עמים ברדה,,עגבניות שרי,קילוגרמים,1.00,"ק""ג",true,,49.00,49.0000,true,1,26517
7290000006131,false,פלפל אדום במרינדה,,,פלפל אדום במרינדה,קילוגרמים,1.00,"ק""ג",true,,49.00,49.0000,true,1,25278
7290000006132,false,עגבניות אדומות מוחמצ,סלטי עמים ברדה,,עגבניות אדומות,קילוגרמים,1.00,"ק""ג",true,,39.00,39.0000,true,1,25897
7290000006134,false,עגבניות ירוקות,,,עגבניות ירוקות,קילוגרמים,1.00,"ק""ג",true,,39.00,39.0000,true,1,26518
7290000006136,false,מלפפון במלח,,,מלפפון במלח,קילוגרמים,1.00,"ק""ג",true,,39.00,39.0000,true,1,24057
7290000006149,false,כרוב כבוש,סלטי עמים ברדה,,כרוב כבוש,קילוגרמים,1.00,"ק""ג",true,,29.00,29.0000,true,1,23124
7290000006150,false,גבינה מנצגו מיושן,,,סלט ויניגרט,קילוגרמים,1.00,"ק""ג",true,,189.00,189.0000,true,1,23573
7290000006173,false,פטריות במרינדה במשקל,,,פטריות במשקל,קילוגרמים,1.00,"ק""ג",true,,69.00,69.0000,true,1,25899
7290000006236,false,גבינת עיזים מעובדת,,,גבינה סבליה מעושנת מותכת 25%,קילוגרמים,1.00,"ק""ג",true,,89.00,89.0000,true,1,101696
7290000006330,false,בולגרית למריחה,,,בולגרית למריחה,קילוגרמים,1.00,"ק""ג",true,,45.00,45.0000,true,1,24073
7290000006331,false,גבינה מוצרלה נקניק ט,,,גבינה מוצרלה נקניק טבעי,קילוגרמים,1.00,"ק""ג",true,,79.00,79.0000,true,1,24074
7290000006332,false,גבינה ריקוטה,,,גבינה ריקוטה,קילוגרמים,1.00,"ק""ג",true,,59.00,59.0000,true,1,23138
7290000006345,false,פטה עיזים מסורתית,,,פטה עזים מסורתי,קילוגרמים,1.00,"ק""ג",true,,119.00,119.0000,true,1,78183
7290000006347,false,צפתית רגילה/פרח 5%,,,צפתית רגילה/פרח 5%,קילוגרמים,1.00,"ק""ג",true,,65.00,65.0000,true,1,78179
7290000006352,false,גבינה מוצרלה במים גד,,,גבינה מוצרלה במים גדול/קטן/בייבי,קילוגרמים,1.00,"ק""ג",true,,99.00,99.0000,true,1,78177
7290000006356,false,גבינה פיקורינו,,,גבינה פיקורינו,קילוגרמים,1.00,"ק""ג",true,,149.00,149.0000,true,1,78205
7290000006360,false,גבינת שמנת 30%,,,גבינת שמנת 30% טבעי/זיתים/שום שמיר/ירקות,קילוגרמים,1.00,"ק""ג",true,,49.00,49.0000,true,1,78209
7290000006376,false,גבינה מסקרפונה,,,גבינה מסקרפונה,קילוגרמים,1.00,"ק""ג",true,,69.00,69.0000,true,1,80914
7290000006384,false,פלפל טינקרבל,,,פלפל טינקרבל,קילוגרמים,1.00,"ק""ג",true,,79.00,79.0000,true,1,24666
7290000006387,false,כרוב ארמני/מקסיקני,,,כרוב ארמני/מקסיקני,קילוגרמים,1.00,"ק""ג",true,,39.00,39.0000,true,1,25299
7290000006595,false,טבורוג קיבוצני,,,טבורוג קיבוצני,קילוגרמים,1.00,"ק""ג",true,,49.00,49.0000,true,1,120374
7290000006703,false,בייבי סלמון,,,בייבי סלמון,קילוגרמים,1.00,"ק""ג",true,,159.00,159.0000,true,1,77720
7290000006705,false,פלטוס,,,פלטוס,קילוגרמים,1.00,"ק""ג",true,,149.00,149.0000,true,1,77717
7290000006707,false,רוטבש בעישון חם,,,רוטבש בעישון חם,קילוגרמים,1.00,"ק""ג",true,,99.00,99.0000,true,1,77718
7290000007325,false,דג סלמון מעושן חם,הרמס דגים,,דג סלמון מעושן חם,קילוגרמים,1.00,"ק""ג",true,,159.00,159.0000,true,1,123134
7290000007353,false,פורל בעישון חם,הרמס דגים,,פורל בעישון חם שלם,קילוגרמים,1.00,"ק""ג",true,,159.00,159.0000,true,1,73503
7290000007362,false,דג כסיף בעישון קר,,,שאריות דגים מעושנים ב,קילוגרמים,1.00,"ק""ג",true,,99.00,99.0000,true,1,113025
7290000007387,false,דג רינגו מעושנת,,,דג רינגו מעושנת,קילוגרמים,1.00,"ק""ג",true,,39.00,39.0000,true,1,127159
7290000007388,false,דג סלמון בעישון קר פ,,,דג סלמון בעישון קר פרוס,קילוגרמים,1.00,"ק""ג",true,,189.00,189.0000,true,1,127160
7290000007396,false,דג וובלה,,,דג וובלה,קילוגרמים,1.00,"ק""ג",true,,79.00,79.0000,true,1,138863
7290000007410,false,סלט אצות ים בטעמים,,,סלט אצות ים בטעמים,קילוגרמים,1.00,"ק""ג",true,,55.00,55.0000,true,1,23827
7290000007602,false,דג מקרל מעושן גדול,,,דג מקרל מעושן גדול,קילוגרמים,1.00,"ק""ג",true,,89.00,89.0000,true,1,80119
7290000007603,false,דג מקרל בעישון חם גד,,,דג מקרל בעישון חם גדול פיקלינג,קילוגרמים,1.00,"ק""ג",true,,99.00,99.0000,true,1,80120
7290000007605,false,פילה הרינג לבן/אדום/,,,פילה הרינג לבן/אדום/כבוש,קילוגרמים,1.00,"ק""ג",true,,45.00,45.0000,true,1,80122
7290000007606,false,מויבה מעושנת,,,מויבה מעושנת,קילוגרמים,1.00,"ק""ג",true,,89.00,89.0000,true,1,80123
7290000007609,false,בטן סלמון,,,בטן סלמון,קילוגרמים,1.00,"ק""ג",true,,95.00,95.0000,true,1,80126
7290000007611,false,מקרל מלוח,,,מקרל מלוח,קילוגרמים,1.00,"ק""ג",true,,69.00,69.0000,true,1,80128
7290000010042,false,לחמניה רגילה,,,לחמניה רגילה,Unknown,0.00,Unknown,false,1,1.90,0.0000,true,1,21783
7290000011559,false,נקניק רוסקיה/זרניסטי,מעדני מניה תעשיות בש,,נקניק רוסקיה/זרניסטיה 420 גר,גרמים,420.00,100 גרם,false,,64.90,15.4524,true,1,142904
7290000016669,false,חריימה דג,,,חריימה דג,קילוגרמים,1.00,"ק""ג",true,,89.00,89.0000,true,1,139793
7290000017007,false,כבד עוף,,,כבד עוף,קילוגרמים,1.00,"ק""ג",true,,19.90,19.9000,true,1,24409
7290000017008,false,לבבות עוף,פנדי עוף,,לבבות עוף,קילוגרמים,1.00,"ק""ג",true,,34.90,34.9000,true,1,22214
7290000017009,false,קורקבני עוף,,,קורקבני עוף,קילוגרמים,1.00,"ק""ג",true,,11.90,11.9000,true,1,25642
7290000017100,false,גרון הודו,,,גרון הודו,קילוגרמים,1.00,"ק""ג",true,,32.90,32.9000,true,1,24416
7290000017101,false,חזה הודו מובחר,,,חזה הודו מובחר,קילוגרמים,1.00,"ק""ג",true,,32.90,32.9000,true,1,25008
7290000017102,false,שוקיים הודו,,,שוקיים הודו,קילוגרמים,1.00,"ק""ג",true,,29.90,29.9000,true,1,22938
7290000017103,false,כנפיים הודו,,,כנפיים הודו,קילוגרמים,1.00,"ק""ג",true,,14.90,14.9000,true,1,24417
7290000017104,false,כבד הודו,,,כבד הודו,קילוגרמים,1.00,"ק""ג",true,,21.90,21.9000,true,1,22220
7290000017105,false,לבבות הודו,,,לבבות הודו,קילוגרמים,1.00,"ק""ג",true,,21.90,21.9000,true,1,24418
7290000017106,false,קורקבני הודו,,,קורקבני הודו,קילוגרמים,1.00,"ק""ג",true,,14.90,14.9000,true,1,26261
7290000017107,false,הודו שלם,,,הודו שלם,קילוגרמים,1.00,"ק""ג",true,,29.90,29.9000,true,1,26262
7290000017112,false,זנבות הודו,,,זנבות הודו,קילוגרמים,1.00,"ק""ג",true,,7.90,7.9000,true,1,25650
7290000017114,false,נתחי חזה הודו,,,נתחי חזה הודו,קילוגרמים,1.00,"ק""ג",true,,29.90,29.9000,true,1,22221
7290000017117,false,ירך הודו,,,ירך הודו,קילוגרמים,1.00,"ק""ג",true,,59.90,59.9000,true,1,26263
7290000017230,false,צלי בקר מס 5 טרי,,,צלי בקר מס 5 טרי,קילוגרמים,1.00,"ק""ג",true,,74.90,74.9000,true,1,22225
7290000017232,false,פילה מדומה בקר מס 6,,,פילה מדומה מס 6 טרי,קילוגרמים,1.00,"ק""ג",true,,67.90,67.9000,true,1,26272
7290000017242,false,פילה עגל עם רצועה טר,בית מטבחיים דבאח,,פילה עגל טרי,קילוגרמים,1.00,"ק""ג",true,,189.90,189.9000,true,1,25017
7290000017244,false,סינטה עגל טרי מיושן,,,סינטה עגל מיושנת,קילוגרמים,1.00,"ק""ג",true,,99.90,99.9000,true,1,25653
7290000017260,false,אנטריקוט בקר מופשר מ,,,אנטריקוט בקר מופשר מיושן,קילוגרמים,1.00,"ק""ג",true,,109.90,109.9000,true,1,24425
7290000017265,false,אנטריקוט ורד הצלע,,,אנטריקוט ורד הצלע,קילוגרמים,1.00,"ק""ג",true,,129.90,129.9000,true,1,52751
7290000017266,false,אנטריקוט עגל טרי מוב,,,אנטריקוט עגל טרי מובחר אנגוס,קילוגרמים,1.00,"ק""ג",true,,149.90,149.9000,true,1,52752
7290000017268,false,צלי כתף עגל מס 5 טרי,,,צלי מתובל חצוי,קילוגרמים,1.00,"ק""ג",true,,74.90,74.9000,true,1,52754
7290000018200,false,קווקר עבה,HAMMA,,קווקר עבה,קילוגרמים,1.00,"ק""ג",true,,8.90,8.9000,true,1,23641
7290000018202,false,אפונה ירוקה,,,אפונה ירוקה,קילוגרמים,1.00,"ק""ג",true,,9.90,9.9000,true,1,22956
7290000018207,false,קווקר דק,,,קווקר דק,קילוגרמים,1.00,"ק""ג",true,,8.90,8.9000,true,1,52673
7290000018209,false,שעועית אדומה,,,שעועית אדומה,קילוגרמים,1.00,"ק""ג",true,,14.90,14.9000,true,1,23644
7290000018211,false,חומוס ספרדי (ענק),,,חומוס ספרדי (ענק),קילוגרמים,1.00,"ק""ג",true,,18.90,18.9000,true,1,26286
7290000018214,false,גריסים פנינה,,,גריסים פנינה,קילוגרמים,1.00,"ק""ג",true,,7.90,7.9000,true,1,25664
7290000018230,false,כוסמת קלויה,,,כוסמת קלויה,קילוגרמים,1.00,"ק""ג",true,,11.90,11.9000,true,1,25667
7290000018243,false,עדשים שחורות,,,עדשים שחורים,קילוגרמים,1.00,"ק""ג",true,,11.90,11.9000,true,1,25039
7290000023083,false,ערק אשקלון 40% 700 מ,,,ערק אשקלון 40% 0.7ל,מיליליטרים,700.00,"100 מ""ל",false,1,49.90,7.1286,true,1,75722
7290000023809,false,יין קלאסיק קברנה סוב,,,"יין ""קלאסיק"" קברנה ס",מיליליטרים,750.00,"100 מ""ל",false,1,32.90,4.3867,true,1,23181
7290000023816,false,יין קלאסיק אמרלד ריז,,,"יין ""קלאסיק"" אמרלד ר",מיליליטרים,750.00,"100 מ""ל",false,1,32.90,4.3867,true,1,23619
7290000023823,false,יין ברקן קלאסיק סובנ,,,"יין ""קלאסיק"" סוביניו",מיליליטרים,750.00,"100 מ""ל",false,1,32.90,4.3867,true,1,23620
7290000023830,false,יין קלאסיק שיראז 750,,,"יין ""קלאסיק"" שיראז 0",מיליליטרים,750.00,"100 מ""ל",false,1,32.90,4.3867,true,1,24111
7290000023847,false,יין קלאסיק שרדונה 75,,,"יין ""קלאסיק"" שרדונה",מיליליטרים,750.00,"100 מ""ל",false,1,32.90,4.3867,true,1,25324
7290000023977,false,יין קלאסיק מרלו 750,,,"יין ""קלאסיק"" מרלו 750 מ""ל",מיליליטרים,750.00,"100 מ""ל",false,1,32.90,4.3867,true,1,23182
7290000024523,false,מיץ ענבים ברקן 1 ל,,,מיץ ענבים ברקן 1ליטר,מיליליטרים,1000.00,"100 מ""ל",false,1,17.90,1.7900,true,1,53389
7290000024561,false,יין אסמבלאז איתן 200,,,"יין ""אסמבלאז"" איתן 2008 750 מל",מיליליטרים,750.00,"100 מ""ל",false,1,69.90,9.3200,true,1,53093
7290000024905,false,וודקה קגלביץ קלאס 70,,,"וודקה ""קגלביץ"""" קלאס",מיליליטרים,700.00,"100 מ""ל",false,1,52.90,7.5571,true,1,23184
7290000040042,false,יוגורט תות יופלה 3%,,,יופלה תות 3%,גרמים,150.00,100 גרם,false,1,4.90,3.2667,true,1,24116
7290000040080,false,יוגורט אפרסק יופלה 3,,,יופלה אפרסק 3%,גרמים,150.00,100 גרם,false,1,4.90,3.2667,true,1,23625
7290000040301,false,גבינת קממבר בקר עין,,,"קולאז"" קממבר (עין גד",גרמים,125.00,100 גרם,false,1,18.50,14.8000,true,1,24701
7290000040974,false,חלב טרי דל לקטוז 1 ל,,,חלב טרי דל לקטוז 1 ל,ליטרים,1.00,ליטר,false,1,7.00,7.0000,true,1,23189
7290000041452,false,גבינת קוטג 9% 250 גר,,,"גבינת קוטג"" 9%",גרמים,250.00,100 גרם,false,1,5.50,2.2000,true,1,25331
7290000041858,false,שמנת חמוצה 15% 200 מ,STRAUSS-ISRAEL,,שמנת חמוצה 15%,מיליליטרים,200.00,"100 מ""ל",false,1,2.40,1.2000,true,1,23190
7290000041865,false,אשל 4.5% 200 מל,STRAUSS-ISRAEL,,אשל 4.5%,מיליליטרים,200.00,"100 מ""ל",false,1,2.00,1.0000,true,1,25955
7290000042015,false,חלב 3% מהדרין שקית 1,,,חלב שקית 1 ליטר מהדר,ליטרים,1.00,ליטר,false,1,5.43,5.4300,true,1,25332
7290000042404,false,חלב מועשר 3% בשקית 1,STRAUSS-ISRAEL,,חלב 3% 1 ליטר שקית,ליטרים,1.00,ליטר,false,1,5.90,5.9000,true,1,24704
7290000042435,false,חלב 1% קרטון 1 ל,,,חלב דל שומן בקרטון 1,ליטרים,1.00,ליטר,false,1,5.86,5.8600,true,1,25334
7290000042640,false,חלב עמיד 3% 250 מל,,,250 חלב עמיד,מיליליטרים,250.00,"100 מ""ל",false,1,2.90,1.1600,true,1,25335
7290000042855,false,שוקו שקית 225 מל,STRAUSS-ISRAEL,,"שוקו שקית 225 מ""ל",מיליליטרים,225.00,"100 מ""ל",false,1,2.50,1.1111,true,1,22579
7290000043012,false,שוקו עמיד 250 מל,,,25שוקו עמיד,מיליליטרים,250.00,"100 מ""ל",false,1,4.60,1.8400,true,1,24706
7290000043111,false,חמאה רגילה 200 גר,,,חמאה רגילה 200 גר,גרמים,200.00,100 גרם,false,1,7.80,3.9000,true,1,22580
7290000043814,false,שמנת עמידה לקצפת 38%,,,שמנת עמידה לקצפת 38%,מיליליטרים,250.00,"100 מ""ל",false,1,6.47,2.5880,true,1,24120
7290000043890,false,רויון 1 ל,,,רויון 1 ליטר,ליטרים,1.00,ליטר,false,1,11.20,11.2000,true,1,24707
7290000044712,false,יוגורט עם תות פרילי,,,"פרילי תות 500 מ""ל",מיליליטרים,500.00,"100 מ""ל",false,1,10.70,2.1400,true,1,24708
7290000044880,false,יוגורט בטעם תות 3% ב,,,"באדי תות 500 מ""ל",גרמים,500.00,100 גרם,false,1,8.80,1.7600,true,1,23192
7290000045573,false,גבינה משולשת נעמה 20,,,גבינה משולשת נעמה 20,גרמים,200.00,100 גרם,false,1,14.90,7.4500,true,1,23193
7290000045917,false,גבינת קולאז עיזים 20,,,"קולאז"" גבינת עיזים (",גרמים,200.00,100 גרם,false,1,25.90,12.9500,true,1,24709
7290000046327,false,גבינה גלבוע צהובה פר,,,גבינה גלבוע פרוס,גרמים,200.00,100 גרם,false,1,12.90,6.4500,true,1,24711
7290000047546,false,גבינה לבנה כנען 500,,,גבינה לבנה כנען 500 גר,גרמים,500.00,100 גרם,false,1,23.50,4.7000,true,1,22581
7290000048185,false,גבינה למריחה 5% 250,,,גבינה למריחה 5% 250,גרמים,250.00,100 גרם,false,1,4.90,1.9600,true,1,22582
7290000048192,false,גבינה למריחה 9% 250,,,גבינה למריחה 9% 250,גרמים,250.00,100 גרם,false,1,4.90,1.9600,true,1,22583
7290000049458,false,גבינה פטה עיזים פירא,,,בולגרית פיראוס עזים,גרמים,250.00,100 גרם,false,1,27.90,11.1600,true,1,23653
7290000050447,false,יוגורט ביו בטעם תות,,,"יופלה ""YYY"" תות 3% 5",גרמים,500.00,100 גרם,false,1,13.00,2.6000,true,1,23196
7290000050454,false,יוגורט ביו 3% בטעם א,,,"יופלה ""YYY"" אפרסק 3%",מיליליטרים,500.00,"100 מ""ל",false,1,13.00,2.6000,true,1,24125
7290000051307,false,הפסקת אוכל דגני עוגי,,,הפסקת אוכל דגני עוגי,גרמים,150.00,100 גרם,false,1,8.90,5.9333,true,1,24717
7290000051352,false,חלב של פעם מלא 3.5%,,,חלב של פעם מלא 3.5%,ליטרים,1.00,ליטר,false,1,7.40,7.4000,true,1,22585
7290000052311,false,גבינה עמק פרוס בקופס,,,עמק פרוס בקופסה 15%,גרמים,200.00,100 גרם,false,1,15.80,7.9000,true,1,24132
7290000052649,false,גבינת פיראוס לאבנה 5,,,גבינת פיראוס לאבנה 5% 500 גר,גרמים,500.00,100 גרם,false,1,19.40,3.8800,true,1,25341
7290000053981,false,יוגורט ביו 3% תות וא,,,מאגדת שמינייה יופלה 3% תות/אפרסק 150 גר,גרמים,1200.00,100 גרם,false,1,27.90,2.3250,true,1,50183
7290000055015,false,גבינת פטה כבשים 5% 2,,,פטה כבשים פיראוס 5% 250 גר,גרמים,250.00,100 גרם,false,1,26.80,10.7200,true,1,23665
7290000055329,false,משקה יוגורט בטעם תות,,,"משקה יוגורט ""יופלה""",גרמים,250.00,100 גרם,false,1,5.30,2.1200,true,1,26592
7290000055343,false,משקה יוגורט מנגו פסי,,,"משקה יוגורט ""יופלה""",גרמים,250.00,100 גרם,false,1,5.30,2.1200,true,1,23666
7290000056845,false,חלב טרי הומוגני 3% 1,,,חלב טרי הומוגני 3% 1.5 ליטר,מיליליטרים,1500.00,"100 מ""ל",false,1,9.34,0.6227,true,1,23213
7290000056883,false,יוגורט בטעמים שונים,,,"מאגדת ""יופלה"" טעמים",גרמים,1200.00,100 גרם,false,1,29.90,2.4917,true,1,25975
7290000056951,false,שמנת לבישול 15% 500,,,שמנת לבישול 15% 500מ,מיליליטרים,500.00,"100 מ""ל",false,1,16.00,3.2000,true,1,26595
7290000057118,true,גבינה עמק קלאסית 400,,,גבינה סמי עמק 400 גר,גרמים,400.00,100 גרם,false,1,20.90,5.2250,true,1,25256
7290000057149,false,יוגורט ביו 3% 200 גר,,,יוגורט תנובה טבעי 3% 200 גר,גרמים,200.00,100 גרם,false,1,3.10,1.5500,true,1,25977
7290000058047,true,שמנת 38% עמידה 500 מ,,,שמנת 38% עמידה 500 מל,מיליליטרים,500.00,"100 מ""ל",false,1,12.94,2.5880,true,1,51195
7290000060071,false,חטיפי פריכונים בטעם,פרח תעשיות,,חטיפי פריכונים בטעם,גרמים,80.00,100 גרם,false,1,6.90,8.6250,true,1,25982
7290000060088,false,בייגלה מקלות מלוחים,אסם,,בייגלה מקלות מלוחים 400 גר,גרמים,400.00,100 גרם,false,1,9.90,2.4750,true,1,23215
7290000060156,false,אטריות ביצים דקות 20,אסם,,אטריות ביצים דקות 200 גר,גרמים,200.00,100 גרם,false,1,6.90,3.4500,true,1,26597
7290000060200,false,פתיתים אפויים קוסקוס,אסם,,פתיתים אפויים קוסקוס,גרמים,500.00,100 גרם,false,1,7.90,1.5800,true,1,26598
7290000060217,false,"פסטה מקרוני 500 ג""ר",זארה,,"פסטה מקרוני 500 ג""ר",גרמים,500.00,100 גרם,false,1,5.90,1.1800,true,1,22603
7290000060248,false,אטריות אסם תלתלים 50,זארה,,אטריות אסם  תלתלים 500 גר,גרמים,500.00,100 גרם,false,1,5.90,1.1800,true,1,22604
7290000060316,false,פרפקטו ספגטי 3 500 ג,זארה,,פרפקטו ספגטי (3) 500,גרמים,500.00,100 גרם,false,1,6.90,1.3800,true,1,25984
7290000060330,false,פרפקטו ספירלי 57 500,זארה,,פרפקטו ספירלי (57) 5,גרמים,500.00,100 גרם,false,1,6.90,1.3800,true,1,23671
7290000060408,false,פתיתים אפויים טבעות,אסם,,פתיתים אפויים טבעות,גרמים,500.00,100 גרם,false,1,7.90,1.5800,true,1,25985
7290000060576,false,פתיתים אפויים כוכבים,אסם,,פתיתים אפויים כוכבים,גרמים,500.00,100 גרם,false,1,7.90,1.5800,true,1,26599
7290000060781,false,פתיתים אסם מסולסלים,זארה,,פתיתים אסם מסולסלים,גרמים,500.00,100 גרם,false,1,5.90,1.1800,true,1,25987
7290000060828,false,פסטה אסם קרניים בינו,זארה,,פסטה אסם קרניים בינו,גרמים,500.00,100 גרם,false,1,5.90,1.1800,true,1,26600
7290000060842,false,פסטה אסם צדפים גדולי,זארה,,פסטה אסם צדפים גדולי,גרמים,500.00,100 גרם,false,1,5.90,1.1800,true,1,24739
7290000060880,false,"ספגטי אסם (3) 500 ג""",זארה,,"ספגטי אסם (3) 500 ג""",גרמים,500.00,100 גרם,false,1,5.90,1.1800,true,1,22606
7290000060903,false,פתיתים אפויים אורז 5,אסם,,פתיתים אפויים אורז 5,גרמים,500.00,100 גרם,false,1,7.90,1.5800,true,1,23674
7290000060958,false,אסם אטריות בינוניות,אסם,,אסם אטריות בינוניות,גרמים,400.00,100 גרם,false,1,6.90,1.7250,true,1,23675
7290000060965,false,אסם אטריות רחבות 400,אסם,,אסם אטריות רחבות 400,גרמים,400.00,100 גרם,false,1,6.90,1.7250,true,1,24148
7290000061085,false,רוטב צילי מתוק 345 ג,אסם,,"רוטב צ""ילי מתוק 290",גרמים,345.00,100 גרם,false,1,10.90,3.1594,true,1,23676
7290000061108,false,רוטב טריאקי 360 גר,אסם,,"רוטב טריאקי 290 מ""ל",גרמים,360.00,100 גרם,false,1,10.90,3.0278,true,1,22608
7290000061450,false,פתיתים אפויים קוסקוס,אסם,,פתיתים אפויים קוסקוס,גרמים,500.00,100 גרם,false,1,7.90,1.5800,true,1,25988
7290000061764,false,קפה נמס רד מאג 200 ג,נסטלה ספרד קפה,,קפה נמס רד מאג 200 ג,גרמים,200.00,100 גרם,false,1,24.90,12.4500,true,1,23677
7290000062952,false,אסם מיני קרוטונים למ,עינת,,אסם מיני קרוטונים למ,גרמים,250.00,100 גרם,false,1,14.90,5.9600,true,1,24744
7290000063102,false,קמח תופח מאליו 350 ג,אסם,,קמח תופח מאליו 350 ג,גרמים,350.00,100 גרם,false,1,4.90,1.4000,true,1,25359
7290000063133,false,שקדי מרק רכיבים טבעי,אסם,,שקדי מרק רכיבים טבעי,גרמים,100.00,100 גרם,false,1,4.90,4.9000,true,1,25991
7290000063140,false,שקדי מרק רכיבים טבעי,אסם,,שקדי מרק רכיבים טבעי,גרמים,400.00,100 גרם,false,1,10.90,2.7250,true,1,24745
7290000063157,false,קמח תופח מאליו 1 קג,אסם,,"קמח תופח מאליו 1 ק""ג",גרמים,1000.00,100 גרם,false,1,9.90,0.9900,true,1,25992
7290000064758,false,קוסקוס אמיתי בשקית 3,קוסקוס,,קוסקוס אמיתי בשקית 3,גרמים,350.00,100 גרם,false,1,7.90,2.2571,true,1,23222
7290000064871,false,"מנה חמה פירה תפו""א ו",אסם,,"מנה חמה פירה תפו""א ו",גרמים,87.00,100 גרם,false,1,6.90,7.9310,true,1,25361
7290000065090,false,מיני קרוטונים למרק 4,עינת,,מיני קרוטונים למרק 400 גר,גרמים,400.00,100 גרם,false,1,22.90,5.7250,true,1,26606
7290000065335,false,"מנה חמה פירה תפו""א ע",אסם,,"מנה חמה פירה תפו""א ע",גרמים,55.00,100 גרם,false,1,6.90,12.5455,true,1,23680
7290000065391,false,פילה נסיכת הנילוס 10,,,פילה נסיכת הנילוס 100%,קילוגרמים,1.00,"ק""ג",true,,49.90,49.9000,true,1,142638
7290000065540,false,מנה חמה פסטה מוקרמת,אסם,,מנה חמה פסטה מוקרמת,גרמים,55.00,100 גרם,false,1,6.90,12.5455,true,1,24750
7290000065557,false,מנה חמה קוסקוס עם יר,אסם,,מנה חמה קוסקוס עם יר,גרמים,84.00,100 גרם,false,1,6.90,8.2143,true,1,24154
7290000066196,false,ביסלי בטעם גריל 200,אסם,,ביסלי בטעם גריל 200,גרמים,200.00,100 גרם,false,1,7.90,3.9500,true,1,23226
7290000066226,false,ביסלי בטעם פיצה 200,אסם,,ביסלי בטעם פיצה 200,גרמים,200.00,100 גרם,false,1,7.90,3.9500,true,1,23227
7290000066295,false,במבה מתוקה בטעם תות,אסם,,במבה מתוקה מחומרים ט,גרמים,30.00,100 גרם,false,1,2.90,9.6667,true,1,25998
7290000066332,false,חטיף אפרופו 50 גרם,אסם,,"אפרופו 50 ג""ר",גרמים,50.00,100 גרם,false,1,4.90,9.8000,true,1,22614
7290000066349,false,אפרופו 100 גר,אסם,,"אפרופו 100 ג""ר",גרמים,100.00,100 גרם,false,1,8.90,8.9000,true,1,24161
7290000067544,false,פירורי לחם מוזהבים פ,עינת,,"פירורית זהב 200 ג""ר",גרמים,200.00,100 גרם,false,1,6.50,3.2500,true,1,23686
7290000067599,false,מנה חמה ספגטי בולונז,אסם,,מנה חמה ספגטי בולונז,גרמים,65.00,100 גרם,false,1,6.90,10.6154,true,1,24165
7290000068138,false,פודינג אינסטנט וניל,אסם,,פודינג אינסטנט בטעם,גרמים,80.00,100 גרם,false,1,5.40,6.7500,true,1,23229
7290000068190,false,גלי בטעם תות פרווה א,אסם,,"ג""לי בזק בטעם תות שד",גרמים,90.00,100 גרם,false,1,5.90,6.5556,true,1,25368
7290000068206,false,גלי בטעם משמש פרווה,אסם,,"ג""לי בזק בטעם משמש צ",גרמים,85.00,100 גרם,false,1,5.90,6.9412,true,1,24758
7290000068237,false,גלי בטעם פטל פרווה א,אסם,,"ג""לי בזק בטעם פטל צב",גרמים,85.00,100 גרם,false,1,5.90,6.9412,true,1,25369
7290000068251,false,גלי בטעם אננס פרווה,אסם,,"ג""לי בזק בטעם אננס צ",גרמים,85.00,100 גרם,false,1,5.90,6.9412,true,1,25370
7290000068343,false,פריכונים מאורז מלא 1,פרח תעשיות,,פריכונים מאורז מלא 1,גרמים,140.00,100 גרם,false,1,7.90,5.6429,true,1,22618
7290000068701,false,שקדי מרק רכיבים טבעי,אסם,,שקדי מרק רכיבים טבעי,גרמים,400.00,100 גרם,false,1,15.90,3.9750,true,1,24168
7290000069609,false,חטיפי קרקר עם זעתר 3,אסם,,חטיפי קרקר עם זעתר 3,גרמים,300.00,100 גרם,false,1,10.90,3.6333,true,1,24760
7290000069715,false,חטיפי קרקר טעם מלוח,אסם,,חטיפי קרקר טעם מלוח,גרמים,300.00,100 גרם,false,1,10.90,3.6333,true,1,26613
7290000070308,false,אבקת מרק עוף אמיתי,אסם,,אבקת מרק עוף אמיתי בשרי אסם 400 גר,גרמים,400.00,100 גרם,false,1,19.90,4.9750,true,1,25376
7290000070322,false,אבקת מרק פטריות רכיב,אסם,,אבקת מרק פטריות רכיב,גרמים,400.00,100 גרם,false,1,21.90,5.4750,true,1,26006
7290000070353,false,אבקת מרק בצל רכיבים,אסם,,אבקת מרק בצל רכיבים,גרמים,400.00,100 גרם,false,1,21.90,5.4750,true,1,22622
7290000072067,false,במבה במילוי קרם חלוו,אסם,,במבה במילוי קרם חלבה,גרמים,60.00,100 גרם,false,1,4.90,8.1667,true,1,24764
7290000072623,false,קטשופ בקבוק לחיץ 750,אסם,,קטשופ בקבוק לחיץ 750,גרמים,750.00,100 גרם,false,1,10.90,1.4533,true,1,26010
7290000072753,false,קפה טסטר צויס 200 גר,נסטלה קוריאה - קפה,,"קפה טסטר צ""ויס 200 גר",גרמים,200.00,100 גרם,false,1,29.90,14.9500,true,1,23716
7290000072777,false,קפה נמס נטול קפאין ט,נסטלה קוריאה - קפה,,"""טסטר צ""ויס"" נטול קו",גרמים,200.00,100 גרם,false,1,39.90,19.9500,true,1,23241
7290000072968,false,סיני מיניס דגני בוקר,נסטלה פולין דגני בוק,,סיני מיניס דגני בוקר 500 גר,גרמים,500.00,100 גרם,false,1,21.90,4.3800,true,1,25382
7290000073415,false,מנה חמה פסטה ברוטב פ,אסם,,מנה חמה פסטה ברוטב פ,גרמים,61.00,100 גרם,false,1,6.90,11.3115,true,1,23243
7290000073699,false,חומוס צבר 150 גר,צבר,,"חומוס ""צבר"" 150 גרם",גרמים,150.00,100 גרם,false,1,4.90,3.2667,true,1,48875
7290000073750,false,מנה חמה נודלס אטריות,טאי רזידנט,,מנה חמה נודלס - אטרי,גרמים,71.00,100 גרם,false,1,6.90,9.7183,true,1,26012
7290000073767,false,מנה חמה נודלס- אטריו,טאי רזידנט,,מנה חמה נודלס- אטריו,גרמים,71.00,100 גרם,false,1,6.90,9.7183,true,1,26618
7290000073774,false,מנה חמה נודלס פיקנטי,טאי רזידנט,,מנה חמה נודלס - אטרי,גרמים,71.00,100 גרם,false,1,6.90,9.7183,true,1,25383
7290000074153,false,פתי בר שוקו 500 גר,אסם,,"פתי בר שוקו 500 ג""ר",גרמים,500.00,100 גרם,false,1,12.90,2.5800,true,1,22629
7290000074184,false,פתי בר 500 גר,אסם,,"פתי בר 500 ג""ר",גרמים,500.00,100 גרם,false,1,11.90,2.3800,true,1,25384
7290000074245,false,קרם קרקר 250 גר,אסם,,"קרם קרקר 250 ג""ר",גרמים,250.00,100 גרם,false,1,9.90,3.9600,true,1,24770
7290000074252,false,קרקר שומשום 250 גרם,אסם,,"קרקר שומשום 250 ג""ר",גרמים,250.00,100 גרם,false,1,9.90,3.9600,true,1,24179
7290000074276,false,קרקר פיקנטי 250 גרם,אסם,,"קרקר פיקנטי 250 ג""ר",גרמים,250.00,100 גרם,false,1,9.90,3.9600,true,1,24771
7290000074375,false,קרקר זהב 150 גר,אסם,,"קרקר זהב 150 ג""ר",גרמים,150.00,100 גרם,false,1,7.90,5.2667,true,1,23244
7290000074481,false,לחמית עם אגוזים 160,אסם,,לחמית עם אגוזים 160,גרמים,160.00,100 גרם,false,1,9.90,6.1875,true,1,26014
7290000074696,false,קרם קרקר 1 קג,אסם,,"קרם קרקר 1 ק""ג",קילוגרמים,1.00,"ק""ג",false,1,28.90,28.9000,true,1,25386
7290000074764,false,קרקר זהב 900 גר,אסם,,"קרקר זהב 900 ג""ר",גרמים,900.00,100 גרם,false,1,28.90,3.2111,true,1,25388
7290000075204,false,לחמית חיטה מלאה 250,אסם,,לחמית חיטה מלאה 250,גרמים,250.00,100 גרם,false,1,8.90,3.5600,true,1,26018
7290000075693,false,עוגת בריוש שוקולד 36,אסם,,עוגת בריוש שוקולד 360 גר,גרמים,360.00,100 גרם,false,1,15.90,4.4167,true,1,22635
7290000076133,false,בייגלה שמיניות קטנות,אסם,,בייגלה שמיניות קטנות 400 גר,גרמים,400.00,100 גרם,false,1,9.90,2.4750,true,1,25390
7290000076645,false,טוסטעים חיטה מלאה 10,ון-דר-מולן,,טוסטעים חיטה מלאה 10,גרמים,100.00,100 גרם,false,1,9.90,9.9000,true,1,23248
7290000077017,false,עוגיות קרמוגית עם קר,אסם,,עוגיות קרמוגית במילו,גרמים,200.00,100 גרם,false,1,9.90,4.9500,true,1,25393
7290000077253,false,לחמית כפרית 190 גר,אסם,,לחמית כפרית 190 גרם,גרמים,190.00,100 גרם,false,1,9.90,5.2105,true,1,24182
7290000078212,false,קרוטונים מתובלים 250,עינת,,קרוטונים מתובלים 250,גרמים,250.00,100 גרם,false,1,14.90,5.9600,true,1,26625
7290000078762,false,פריכונים חטיפי אורז,הרטו בלגיה,,פריכונים חטיפי אורז,גרמים,80.00,100 גרם,false,1,6.90,8.6250,true,1,22639
7290000079233,false,קרם קרקר דל נתרן 250,אסם,,קרם קרקר דל נתרן 250,גרמים,250.00,100 גרם,false,1,9.90,3.9600,true,1,26023
7290000080758,false,טוסטעים פת קלויה 100,ון-דר-מולן,,טוסטעים פת קלויה 100,גרמים,100.00,100 גרם,false,1,9.90,9.9000,true,1,24778
7290000080765,false,טוסטעים פת קלויה שומ,ון-דר-מולן,,טוסטעים פת קלויה שומ,גרמים,100.00,100 גרם,false,1,9.90,9.9000,true,1,22641
7290000081663,false,בייגלה טבעות עם שומש,אסם,,בייגלה טבעות עם שומש,גרמים,300.00,100 גרם,false,1,9.90,3.3000,true,1,23730
7290000094530,false,דג בקלה ארוז,,,דג בקלה ארוז,קילוגרמים,1.00,"ק""ג",true,,21.90,21.9000,true,1,124528
7290000094882,false,פלאונדר דג סול שלם,,,פלאונדר דג סול שלם,קילוגרמים,1.00,"ק""ג",true,,24.90,24.9000,true,1,141890
7290000101934,false,פירות יער סנפרוסט קפ,,,פירות יער סנפרוסט קפוא 300 גר,גרמים,300.00,100 גרם,false,1,14.90,4.9667,true,1,108857
7290000103365,false,מרק ירקות סנפרוסט 55,,,"מרק ירקות ""סנפרוסט""560  גר",גרמים,550.00,100 גרם,false,12,17.90,3.2545,true,1,50077
7290000103730,false,לקט להקפצה עם פסטה פ,,,לקט להקפצה עם פסטה פ,גרמים,800.00,100 גרם,false,1,19.90,2.4875,true,1,26628
7290000103815,false,לקט להקפצה תאילנדי 8,,,לקט להקפצה תאילנדי,גרמים,800.00,100 גרם,false,1,19.90,2.4875,true,1,48602
7290000103839,false,מרק כתום סנפרוסט 570,,,"מרק כתום ""סנפרוסט"" 5",גרמים,570.00,100 גרם,false,12,17.90,3.1404,true,1,22139
7290000103846,false,מרק אפונה סנפרוסט 57,,,"מרק אפונה ""סנפרוסט""",גרמים,570.00,100 גרם,false,12,17.90,3.1404,true,1,21966
7290000103860,false,מרק עדשים סנפרוסט 57,,,"מרק עדשים ""סנפרוסט""",גרמים,570.00,100 גרם,false,12,17.90,3.1404,true,1,21967
7290000103877,false,מרק שעועית סנפרוסט 6,,,"מרק שעועית ""סנפרוסט""",גרמים,640.00,100 גרם,false,12,17.90,2.7969,true,1,21937
7290000104201,false,אפונה עדינה 600 גר,,,"אפונה עדינה 600 ג""ר",גרמים,600.00,100 גרם,false,1,17.90,2.9833,true,1,22642
7290000104676,false,אפונת גינה 800 גר,,,"אפונת גינה 800 ג""ר",גרמים,800.00,100 גרם,false,1,17.90,2.2375,true,1,23732
7290000104775,false,מדליוני תרד 800 גר,סנפרוסט,,מדליוני תרד 800 גר,גרמים,800.00,100 גרם,false,1,23.90,2.9875,true,1,96152
7290000104799,false,שעועית לבנה מבושלת 8,,,שעועית לבנה מבושלת 8,גרמים,800.00,100 גרם,false,1,17.90,2.2375,true,1,24782
7290000104805,false,גרגירי חומוס קפוא 80,,,גרגירי חומוס קפוא 80,גרמים,800.00,100 גרם,false,1,17.90,2.2375,true,1,25405
7290000104911,false,לקט נורמנדי 800 גר,,,"לקט נורמנדי 800 ג""ר",גרמים,800.00,100 גרם,false,1,17.90,2.2375,true,1,24191
7290000106526,false,חגיגה ירוקה להקפצה 8,,,חגיגה ירוקה להקפצה 800 גר,גרמים,800.00,100 גרם,false,12,19.90,2.4875,true,1,122248
7290000107189,false,תחתיות ארטישוק 400 ג,,,תחתיות ארטישוק 400 ג,גרמים,400.00,100 גרם,false,1,21.90,5.4750,true,1,26030
7290000107295,false,תפרחות ברוקולי 800 ג,,,תפרחות ברוקולי 800 ג,גרמים,800.00,100 גרם,false,1,21.90,2.7375,true,1,22645
7290000107615,false,מנה אסייטית צבעונית,,,מנה אסייטית צבעונית ועשירה 800 גר,גרמים,800.00,100 גרם,false,12,19.90,2.4875,true,1,122249
7290000107622,false,פסטה וירקות איטליה 8,,,פסטה וירקות איטליה,גרמים,800.00,100 גרם,false,12,19.90,2.4875,true,1,122250
7290000110844,false,כיפלי גריל 70 גר בדץ,אתר שפע,,"כיפלי גריל 70 ג""ר בד",גרמים,70.00,100 גרם,false,1,4.90,7.0000,true,1,24195
7290000110851,false,כיפלי בצל 70 גר בדץ,אתר שפע,,"כיפלי בצל 70 ג""ר בד""",גרמים,70.00,100 גרם,false,1,4.90,7.0000,true,1,23261
7290000111063,false,מיונז תלמה 250 גר,אתר חיפה ממרחים,,"מיונז תלמה 250 ג""ר",גרמים,250.00,100 גרם,false,1,6.90,2.7600,true,1,26031
7290000111117,false,מרכך כביסה בדין לבן,אתר ליוור,,מרכך כביסה בדין לבן,ליטרים,4.00,ליטר,false,1,19.90,4.9750,true,1,25410
7290000111186,false,מיונז תלמה 500 גר,אתר חיפה ממרחים,,"מיונז תלמה 500 ג""ר",גרמים,500.00,100 גרם,false,1,9.90,1.9800,true,1,23262
7290000111353,false,מיונז תלמה 1 קג,אתר חיפה ממרחים,,"מיונז ""תלמה"" 1 ק""ג",קילוגרמים,1.00,"ק""ג",false,1,16.90,16.9000,true,1,24196
7290000111384,false,חרדל תלמה 550 גר,אתר חיפה ממרחים,,"חרדל ""תלמה"" 550 ג""ר",גרמים,550.00,100 גרם,false,1,8.90,1.6182,true,1,24784
7290000112220,false,טחינה בארכה שומשום 1,,,טחינה בארכה שומשום  100% 500 גר,גרמים,500.00,100 גרם,false,1,13.90,2.7800,true,1,25412
7290000112237,false,טחינה בארכה שומשום 1,,,"טחינה בארכה שומשום 100% 1 ק""ג",קילוגרמים,1.00,"ק""ג",false,1,26.90,26.9000,true,1,26639
7290000112497,false,מרק עוף עם איטריות 7,אתר חיפה אבקות,,מרק עוף עם איטריות 6,גרמים,75.00,100 גרם,false,1,9.90,13.2000,true,1,24786
7290000112503,false,מרק עשיר ירקות 69 גר,אתר חיפה אבקות,,"מרק עשיר ירקות 61 ג""",גרמים,69.00,100 גרם,false,1,9.90,14.3478,true,1,26640
7290000112619,false,מרק עוף קנור 400 גר,אתר חיפה אבקות,,"קנור מרק עוף 400 ג""ר",גרמים,400.00,100 גרם,false,1,14.90,3.7250,true,1,26641
7290000116204,false,מרק דגש תלמה בטעם עו,אתר חיפה אבקות,,"מרק דגש ""תלמה"" בטעם",קילוגרמים,1.00,"ק""ג",false,1,14.90,14.9000,true,1,23739
7290000116884,false,רוטב ברביקיו 350 גר,אתר חיפה  778,,"רוטב ברביקיו 350 ג""ר",גרמים,350.00,100 גרם,false,1,10.90,3.1143,true,1,23740
7290000116921,false,רוטב צילי מתוק 370 ג,אתר חיפה  778,,"רוטב צ""ילי מתוק 300 מ""ל",גרמים,370.00,100 גרם,false,1,10.90,2.9459,true,1,24793
7290000116945,false,רוטב סויה קנור 300 מ,אתר חיפה  778,,רוטב סויה קנור 340 ג,מיליליטרים,300.00,"100 מ""ל",false,1,10.90,3.6333,true,1,24794
7290000117171,false,מרק טעם עוף דל קלורי,אתר חיפה אבקות,,מרק טעם עוף דל קל 48,גרמים,48.00,100 גרם,false,1,6.90,14.3750,true,1,26038
7290000117720,false,נמס בכוס פטריות שקית,יוניליוור,,נמס בכוס פטריות שקית,גרמים,43.00,100 גרם,false,1,6.90,16.0465,true,1,25420
7290000118277,false,קניידלך קנור 65 גר,אתר חיפה אבקות,,"קניידלך ""קנור"" 65 ג""",גרמים,130.00,100 גרם,false,1,9.90,7.6154,true,1,23272
7290000118352,false,לטקס קנור 85 גר,,,"לטקס ""קנור"" 85 ג""ר",גרמים,170.00,100 גרם,false,1,13.80,8.1176,true,1,23743
7290000120836,false,מיונז הלמנס 394 גר,"יונילוור ארה""ב",,"מיונז הלמנס 394 ג""ר",גרמים,394.00,100 גרם,false,1,9.90,2.5127,true,1,23274
7290000120874,false,מיונז הלמנס לייט 424,"יונילוור ארה""ב",,מיונז הלמנס לייט 424,גרמים,424.00,100 גרם,false,1,9.90,2.3349,true,1,24203
7290000122830,false,רוטב קנור סצואן 370,אתר חיפה  778,,"רוטב קנור סצ""ואן בקב",גרמים,370.00,100 גרם,false,1,10.90,2.9459,true,1,23748
7290000129457,false,רוטב פטריות קנור 28,אתר חיפה אבקות,,רוטב פטריות קנור 28 גר,גרמים,28.00,100 גרם,false,1,3.90,13.9286,true,1,24215
7290000129785,false,מרכך כביסה בדין ירוק,אתר ליוור,,מרכך כביסה בדין ירוק,ליטרים,4.00,ליטר,false,1,19.90,4.9750,true,1,23752
7290000133645,false,משחת שיניים סודה לשת,,,אורביטול משחת שיניים,גרמים,435.00,100 גרם,false,1,17.90,4.1149,true,1,23754
7290000135045,false,משקה אנרגיה XL ten ת,,,משקה אנרגיה XL ten תפוח,מיליליטרים,250.00,"100 מ""ל",false,24,4.20,1.6800,true,1,120950
7290000135052,false,משקה אנרגיה XL ten מ,,,משקה אנרגיה XL ten מנגו,מיליליטרים,250.00,"100 מ""ל",false,24,4.20,1.6800,true,1,120949
7290000135113,false,משקה אנרגיה XL TEN נ,,,"משקה אנרגיה XL TEN נענע ליים 250 מ""ל",מיליליטרים,250.00,"100 מ""ל",false,24,4.20,1.6800,true,1,125507
7290000135342,false,מי סודה טמפו 500 מל,,,מי סודה טמפו 500 מל,מיליליטרים,500.00,"100 מ""ל",false,1,2.90,0.5800,true,1,133641
7290000135595,false,פפסי מקס דובדבן 1.5,,,פפסי מקס דובדבן 1.5 ליטר,ליטרים,1.50,ליטר,false,1,7.90,5.2667,true,1,133478
7290000135625,false,גולדסטאר פח 500 מל ר,,,רביעיית פחיות גולדסטאר 500 מל,ליטרים,2.00,ליטר,false,1,32.90,16.4500,true,1,134743
7290000135632,false,גולדסטאר לא מסונן פח,,,רביעיית פחיות גולדסטאר לא מסונן 500 מל,ליטרים,2.00,ליטר,false,1,36.90,18.4500,true,1,134744
7290000136141,false,פפסי קולה 1.5 ל,,,פפסי קולה 1.5 ל,ליטרים,1.50,ליטר,false,1,7.90,5.2667,true,1,137203
7290000136257,false,פאנק טוניק טמפו 1.5,,,פאנק טוניק טמפו 1.5 ל,ליטרים,1.50,ליטר,false,1,10.90,7.2667,true,1,137186
7290000136264,false,מי טוניק טמפו 1.5 ל,,,מי טוניק טמפו 1.5 ל,ליטרים,1.50,ליטר,false,1,10.90,7.2667,true,1,137185
7290000136431,false,גאמפ אפרסק 1.5 ל,,,גאמפ אפרסק 1.5 ל,ליטרים,1.50,ליטר,false,1,7.90,5.2667,true,1,137194
7290000136516,false,גאמפ מנגו 1.5 ל,,,גאמפ מנגו 1.5 ל,מיליליטרים,1500.00,"100 מ""ל",false,1,7.90,0.5267,true,1,137187
7290000136523,false,גאמפ ענבים 1.5 ל,,,גאמפ ענבים 1.5 ל,מיליליטרים,1500.00,"100 מ""ל",false,1,7.90,0.5267,true,1,137190
7290000136561,false,גאמפ תות בננה 1.5 ל,,,גאמפ תות בננה 1.5 ל,מיליליטרים,1500.00,"100 מ""ל",false,1,7.90,0.5267,true,1,137191
7290000136608,false,גאמפ תפוח 1.5 ל,,,גאמפ תפוח 1.5 ל,ליטרים,1.50,ליטר,false,1,7.90,5.2667,true,1,137193
7290000136646,false,בירה נשר מאלט 1.5 ל,,,בירה נשר מאלט 1.5 ל,ליטרים,1.50,ליטר,false,1,9.50,6.3333,true,1,137183
7290000136653,false,בירה נשר מאלט דיאט 1,,,בירה נשר מאלט דיאט 1.5 ל,ליטרים,1.50,ליטר,false,1,9.50,6.3333,true,1,137184
7290000136660,false,מי סודה 1.5 ל,,,מי סודה 1.5 ל,ליטרים,1.50,ליטר,false,1,3.90,2.6000,true,1,137626
7290000136677,false,פפסי קולה 1.5 ל,,,פפסי קולה 1.5 ל,ליטרים,1.50,ליטר,false,1,7.90,5.2667,true,1,137633
7290000136684,false,פפסי מקס 1.5 ל,,,פפסי מקס 1.5 ל,ליטרים,1.50,ליטר,false,1,7.90,5.2667,true,1,137634
7290000136691,false,סבן אפ 1.5 ל שישיה,,,סבן אפ 1.5 ל שישיה,ליטרים,9.00,ליטר,false,1,39.90,4.4333,true,1,137179
7290000136707,false,מירינדה 1.5 ל,,,מירינדה 1.5 ל,ליטרים,1.50,ליטר,false,1,7.90,5.2667,true,1,137625
7290000136769,false,פפסי קולה 1.5 ל שישי,,,פפסי קולה 1.5 ל שישיה,ליטרים,9.00,ליטר,false,1,39.90,4.4333,true,1,137180
7290000136776,false,פפסי מקס 1.5 ל שישיה,,,פפסי מקס 1.5 ל שישיה,ליטרים,9.00,ליטר,false,1,39.90,4.4333,true,1,137181
7290000136783,false,משקה מירנדה 1.5 ל שי,,,משקה מירנדה 1.5 ל שישיה,ליטרים,9.00,ליטר,false,1,39.90,4.4333,true,1,137178
7290000136790,false,מי סודה טמפו 1.5 ל ש,,,מי סודה טמפו 1.5 ל שישיה,ליטרים,9.00,ליטר,false,1,15.90,1.7667,true,1,137172
7290000136837,false,סודה טמפו נגיעות אפר,טמפו,,סודה טמפו נגיעות אפרסק 1.5 ל רביעיה,ליטרים,6.00,ליטר,false,1,11.90,1.9833,true,1,137176
7290000136844,false,מים מזוככים אקווה נו,,,מים מזוככים אקווה נובה 2 ל שישיה,ליטרים,12.00,ליטר,false,1,11.90,0.9917,true,1,137168
7290000136851,false,סבן אפ 1.5 ל,,,סבן אפ 1.5 ל,ליטרים,1.50,ליטר,false,1,7.90,5.2667,true,1,137632
7290000136868,false,מים מינרליים סאן בנד,,,מים מינרליים סאן בנדטו 1.5 ל שישיה,ליטרים,9.00,ליטר,false,1,18.90,2.1000,true,1,137169
7290000136875,false,מים מינרליים מוגזים,,,מים מינרליים מוגזים סאן בנאדטו 1.5 ל שיש,ליטרים,9.00,ליטר,false,1,18.90,2.1000,true,1,137171
7290000136936,false,סבן אפ דיאט 1.5 ל,,,סבן אפ דיאט 1.5 ל,ליטרים,1.50,ליטר,false,1,7.90,5.2667,true,1,137631
7290000137513,false,גלידונית וניל בציפוי,,,גלידונית וניל בציפוי,גרמים,700.00,100 גרם,false,1,44.90,6.4143,true,1,26656
7290000140573,false,סטייק פורל בעישון קר,,,סטייק פורל בעישון קר,קילוגרמים,1.00,"ק""ג",true,,149.00,149.0000,true,1,140406
7290000141006,false,פילה דיונון בעישון ח,,,פילה דיונון בעישון חם קפוא,קילוגרמים,1.00,"ק""ג",true,,129.00,129.0000,true,1,142329
7290000144160,false,שמן זית בטעם מודגש 7,שמן תעשיות,,שמן זית בטעם מודגש 750 מל,מיליליטרים,750.00,"100 מ""ל",false,1,29.90,3.9867,true,1,24223
7290000144467,false,שמן חמניות בריאות 1,שמן תעשיות,,שמן חמניות בריאות 1 ל,ליטרים,1.00,ליטר,false,1,15.90,15.9000,true,1,26661
7290000144474,false,שמן קנולה בריאות מהט,שמן תעשיות,,שמן קנולה בריאות מהטבע 1 ל,ליטרים,1.00,ליטר,false,1,15.90,15.9000,true,1,24806
7290000148380,false,פיסטוק קלוי 200 גר,,,פיסטוק קלוי 200גר,גרמים,200.00,100 גרם,false,1,19.90,9.9500,true,1,24810
7290000148489,false,גרעיני דלעת 200 גר,,,"גרעיני דלעת 200 ג""ר",גרמים,200.00,100 גרם,false,1,9.90,4.9500,true,1,25441
7290000148618,false,קשיו מטוגן 200 גר,,,"קשיו מטוגן 200 ג""ר",גרמים,200.00,100 גרם,false,1,19.90,9.9500,true,1,26063
7290000148748,false,גרעיני חמנייה 200 גר,,,"גרעיני חמנייה 200 ג""",גרמים,200.00,100 גרם,false,1,5.90,2.9500,true,1,24811
7290000148939,false,שקדים קלויים 200 גר,,,"שקדים קלויים 200 ג""ר",גרמים,200.00,100 גרם,false,1,19.90,9.9500,true,1,26064
7290000149905,false,שמפו טקסטיל נוזלי 1,,,שמפו טקסטיל נוזלי,ליטרים,1.00,ליטר,false,1,14.90,14.9000,true,1,25442
7290000158105,false,"שניצל דינוזאור  ""עוף",עוף טוב,,"שניצל דינוזאור  ""עוף טוב"" 700 גר",גרמים,700.00,100 גרם,false,1,29.90,4.2714,true,1,48936
7290000166605,false,סיף פנטסטיק לניקוי כ,אתר ליוור,,"""סיף פנטסטיק"" לניקוי",Unknown,0.00,Unknown,false,1,19.90,0.0000,true,1,49598
7290000168173,false,ברנפלקס קרנצים 375 ג,אתר שפע,,"ברנפלקס קרנצ""ים 375 גר",גרמים,375.00,100 גרם,false,1,19.90,5.3067,true,1,52220
7290000169538,false,נמס בכוס עגבניות וקר,אתר חיפה אבקות,,נמס בכוס עגבניות וקרוטונים 62 גר,גרמים,62.00,100 גרם,false,1,6.90,11.1290,true,1,72759
7290000169798,false,דגני בוקר עוגי מופחת,אתר שפע,,"דגני בוקר ""עוגי"" מופחת סוכר 500 גר",גרמים,500.00,100 גרם,false,1,16.90,3.3800,true,1,73699
7290000174723,false,שוקולית 500 גר,STRAUSS-ISRAEL,,"שוקולית 500 ג""ר",גרמים,500.00,100 גרם,false,1,11.90,2.3800,true,1,26081
7290000176079,false,קפה טורקי קלוי וטחון,STRAUSS-ISRAEL,,קפה טורקי עם הל,גרמים,100.00,100 גרם,false,1,8.90,8.9000,true,1,25462
7290000176413,false,קפה נמס אבקתי עלית 5,STRAUSS-ISRAEL,,עלית קפה נמס אבקתי 50גר,גרמים,50.00,100 גרם,false,1,9.90,19.8000,true,1,26083
7290000176420,false,קפה נמס אבקתי עלית 2,STRAUSS-ISRAEL,,קפה נמס עלית 200 גר,גרמים,200.00,100 גרם,false,1,19.90,9.9500,true,1,23773
7290000176468,false,קפה האג נטול קפאין 5,STRAUSS-ISRAEL,,קפה נמס האג נטול קפא,גרמים,50.00,100 גרם,false,1,10.90,21.8000,true,1,24244
7290000178707,false,חטיף תפוציפס טבעי 50,STRAUSS-ISRAEL,,"תפוצ""יפס מלוח 50 גר""",גרמים,50.00,100 גרם,false,1,3.90,7.8000,true,1,25465
7290000178721,false,חטיף תפוציפס טבעי 20,STRAUSS-ISRAEL,,"תפוצ""יפס 200 גר""",גרמים,200.00,100 גרם,false,1,10.90,5.4500,true,1,24831
7290000185590,false,סילאן טבעי לחיץ 650,,,סילאן טבעי לחיץ 650 גר,גרמים,650.00,100 גרם,false,1,19.90,3.0615,true,1,133080
7290000186030,false,מגבונים לחים האגיס ב,,,מגבונים לחים האגיס בתוספת תחליב רביעייה,Unknown,0.00,Unknown,false,1,26.90,0.0000,true,1,106430
7290000186535,false,נייר טואלט לילי טריו,חוגלה קימברלי,,נייר טואלט לילי טריו לבן 32גל,יחידה,1.00,יחידה,false,1,42.90,42.9000,true,1,77791
7290000187860,false,נייר טואלט לח לילי פ,עלבד,,"נייר טואלט ""לילי"" לח",Unknown,0.00,Unknown,false,1,7.90,0.0000,true,1,24448
7290000187921,false,נייר טואלט לילי 32 ג,חוגלה קימברלי,,"נייר טואלט ""לילי"" לב",יחידה,1.00,יחידה,false,1,39.90,39.9000,true,1,24833
7290000187938,false,נייר טואלט בגוון פסט,חוגלה קימברלי,,"נייר טואלט ""לילי"" פס",יחידה,1.00,יחידה,false,1,39.90,39.9000,true,1,23777
7290000187952,false,נייר טואלט לילי טריו,חוגלה קימברלי,,"נייר טואלט ""לילי"" טר",Unknown,0.00,Unknown,false,1,42.90,0.0000,true,1,24834
7290000188355,false,מגבות מטבח ניקול שיש,חוגלה קימברלי,,"שישיית מגבות מטבח ""נ",Unknown,0.00,Unknown,false,1,11.90,0.0000,true,1,23779
7290000188553,false,מגני תחתון נורמל קוט,KC China,,"מגיני תחתון ""קוטקס""",Unknown,0.00,Unknown,false,1,17.90,0.0000,true,1,24837
7290000188591,false,קוטקס יאנג מגני תחתו,KC China,,"מגיני תחתון ""קוטקס""",Unknown,0.00,Unknown,false,1,17.90,0.0000,true,1,25468
7290000189079,false,תבניות ניקול עגולות,בראבו,,תבניות ניקול עגולות 5יח,יחידה,6.00,יחידה,false,1,10.90,1.8167,true,1,79469
7290000189116,false,תבניות ניקול אינגליש,בראבו,,תבניות ניקול אינגליש קייק 6יח,יחידה,5.00,יחידה,false,1,10.90,2.1800,true,1,79470
7290000189192,false,מטלית ניקול חכמה יומ,,,מטלית ניקול חכמה יומית 64 יח,Unknown,0.00,Unknown,false,1,17.90,0.0000,true,1,24838
7290000189260,false,תבניות ניקול מלבניות,בראבו,,תבניות ניקול מלבניות 5יח,יחידה,5.00,יחידה,false,1,10.90,2.1800,true,1,79467
7290000189277,false,תבניות ניקול מלבניות,בראבו,,תבניות ניקול מלבניות גדולות עמוקות 3יח,יחידה,3.00,יחידה,false,1,10.90,3.6333,true,1,79468
7290000189482,false,תבניות אפייה קרטון,דוקארט,,תבניות אפייה קרטון,Unknown,0.00,Unknown,false,1,10.90,0.0000,true,1,23783
7290000189505,false,תבניות אפיה קרטון,דוקארט,,תבניות אפיה קרטון,Unknown,0.00,Unknown,false,1,10.90,0.0000,true,1,54799
7290000189536,false,שקיות אשפה עם שרוך 5,אשפלסט,,"אשפטון 40יח""",Unknown,0.00,Unknown,false,1,19.90,0.0000,true,1,23311
7290000189550,false,שקיות אשפה עם שרוך 7,אשפלסט,,אשפתון ענק זוגות 78*,Unknown,0.00,Unknown,false,1,23.90,0.0000,true,1,23312
7290000189659,false,מטליות לחות לניקוי ר,עלבד,,"מטליות לחות רצפה ""ני",Unknown,0.00,Unknown,false,1,10.90,0.0000,true,1,22688
7290000189734,false,מטליות לחות לניקוי פ,עלבד,,"מטליות לחות לפרקט ""נ",Unknown,0.00,Unknown,false,1,12.90,0.0000,true,1,26686
7290000189871,false,שקיות אשפה עם שרוך 5,אשפלסט,,"אשפתון 60 שק"" מתכלות",Unknown,0.00,Unknown,false,1,21.90,0.0000,true,1,24841
7290000190068,false,מפיות לבנות ניקול 10,חוגלה קימברלי,,מפיות ניקול 100,Unknown,0.00,Unknown,false,1,5.80,0.0000,true,1,24842
7290000190150,false,מפיות מודפסות 20 יח,,,מפיות מודפסות 20 יחי,Unknown,0.00,Unknown,false,1,7.90,0.0000,true,1,26687
7290000190198,false,מטליות ניקול לניקוי,עלבד,,"מטליות ""ניקול"" לניקוי שירוטים ואמבט",Unknown,0.00,Unknown,false,1,10.90,0.0000,true,1,74272
7290000191539,false,מגבוני לילי צבעוני ח,חוגלה קימברלי,,מגבוני לילי צבעוני 5 יח,Unknown,0.00,Unknown,false,1,15.90,0.0000,true,1,51502
7290000191652,false,ממחטות קלינקס שלישיי,חוגלה קימברלי,,קלינקס קלאסיק שלישיי,Unknown,0.00,Unknown,false,1,10.90,0.0000,true,1,22692
7290000191966,false,נייר טואלט לח לילי נ,עלבד,,"נייר טואלט ""לילי"" לח",Unknown,0.00,Unknown,false,1,7.90,0.0000,true,1,22113
7290000192581,false,מגבות נייר גליל כפול,,,מגבות נייר גליל כפול 6 יח,Unknown,0.00,Unknown,false,1,21.90,0.0000,true,1,115386
7290000193014,false,מגן תחתון לילי אינטר,Ontex,,מגן תחתון לילי אינטרלוד 50 יח,Unknown,0.00,Unknown,false,1,10.90,0.0000,true,1,24845
7290000193205,false,תחבושות לילי נטורל,Ontex,,תחבושות לילי נטורל,Unknown,0.00,Unknown,false,1,15.90,0.0000,true,1,24846
7290000193472,false,מגן תחתון לילי נורמל,,,מגן תחתון לילי נורמל,Unknown,0.00,Unknown,false,1,15.90,0.0000,true,1,23315
7290000193540,false,מגני תחתון לילי נטור,,,מגני תחתון לילי נטורל לונג 52 יח,Unknown,0.00,Unknown,false,1,15.90,0.0000,true,1,23786
7290000193618,false,מגן תחתון לילי לייט,,,מגן תחתון לילי לייט 62 יח,Unknown,0.00,Unknown,false,1,15.90,0.0000,true,1,22694
7290000193649,false,תחבושות לילי נורמל ע,,,תחבושות לילי נורמל עם כנפיים 24 יח,Unknown,0.00,Unknown,false,1,15.90,0.0000,true,1,22695
7290000193656,false,מגן תחתון לילי סופר,,,מגן תחתון לילי סופר,Unknown,0.00,Unknown,false,1,15.90,0.0000,true,1,22696
7290000193793,false,תחבושת לילי נטורל נו,,,תחבושת לילי נטורל נורמל 24 יח,Unknown,0.00,Unknown,false,1,15.90,0.0000,true,1,24254
7290000194288,false,משטחי החתלה האגיס 10,ONTEX,,"משטח החטלה ""האגיס""",Unknown,0.00,Unknown,false,1,19.90,0.0000,true,1,77524
7290000194837,false,שקיות מזון עם ידית 2,קילת,,שקיות מזון עם ידית 200 יח,Unknown,0.00,Unknown,false,1,11.90,0.0000,true,1,76528
7290000195216,false,נייר אפיה 50 יח,אופל,,נייר אפיה 50יח,Unknown,0.00,Unknown,false,1,10.90,0.0000,true,1,75877
7290000195537,false,מגבונים ללא בישום הא,עלבד,,מארז מגבוני האגיס נט,Unknown,0.00,Unknown,false,1,21.90,0.0000,true,1,26087
7290000195773,false,מגבונים לעור רגיש לל,עלבד,,האגיס נטורל מילוי רב,Unknown,0.00,Unknown,false,1,21.90,0.0000,true,1,22699
7290000196039,false,מפות שולחן ניקול 120,דיספובד,,מפיות ניקול זוג,Unknown,0.00,Unknown,false,1,11.90,0.0000,true,1,24849
7290000196763,false,שקיות אשפה חזקות ניק,אשפלסט,,אשפתון השקית החזקה 4,Unknown,0.00,Unknown,false,1,23.90,0.0000,true,1,26314
7290000197012,false,שקיות איחסון עם רוכס,קילת,,שקיות איחסון עם רוכס,Unknown,0.00,Unknown,false,1,13.80,0.0000,true,1,77526
7290000197029,false,שקיות איחסון עם רוכס,קילת,,שקיות איחסון עם רוכס,Unknown,0.00,Unknown,false,1,13.80,0.0000,true,1,77527
7290000197081,false,ניילון נצמד ניקול 15,אופל,,ניילון נצמד ניקול 150 מטר,Unknown,0.00,Unknown,false,1,29.90,0.0000,true,1,76529
7290000197326,false,רדיד אלומיניום 30*7.,אופל,,רדיד אלומיניום 30*7.,Unknown,0.00,Unknown,false,1,10.90,0.0000,true,1,29834
7290000197340,false,רדיד אלומיניום רחב נ,אופל,,זוג אלומניום ארוך 45,Unknown,0.00,Unknown,false,1,19.90,0.0000,true,1,26856
7290000197425,false,חיתולים האגיס פרידום,חוגלה קימברלי,,"טיטולי ""האגיס"" פרידום דריי שלב 3 54 יח",Unknown,0.00,Unknown,false,1,42.90,0.0000,true,1,95758
7290000197432,false,שקיות אוכל סנדוויצון,אשפלסט,,"סנדוויצ""ון זוג",Unknown,0.00,Unknown,false,1,14.90,0.0000,true,1,26934
7290000197456,false,חיתולים האגיס פרידום,חוגלה קימברלי,,"טיטולי ""האגיס"" פרידום דריי שלב 4 44 יח",יחידה,1.00,יחידה,false,1,42.90,42.9000,true,1,95759
7290000197463,false,חיתולים האגיס פרידום,חוגלה קימברלי,,"טיטולי ""האגיס"" פרידום דריי שלב 4+ 42 יח",יחידה,1.00,יחידה,false,1,42.90,42.9000,true,1,95760
7290000197470,false,שקית ניקול רב שימושי,אשפלסט,,שקית ניקול רב שימושיות 50 יח,Unknown,0.00,Unknown,false,1,14.90,0.0000,true,1,74837
7290000197548,false,חיתולים האגיס פרידום,חוגלה קימברלי,,"טיטולי ""האגיס"" פרידום דריי שלב 5 38 יח",יחידה,1.00,יחידה,false,1,42.90,42.9000,true,1,95761
7290000197654,false,שקיות אשפה ענק אשפתו,אשפלסט,,שקיות אשפה ענק אשפתון ניקול 45 יח,Unknown,0.00,Unknown,false,1,21.90,0.0000,true,1,26935
7290000197678,false,חיתולים האגיס פרידום,חוגלה קימברלי,,"טיטולי ""האגיס"" פרידום דריי שלב 6 34 יח",יחידה,1.00,יחידה,false,1,42.90,42.9000,true,1,95762
7290000197753,false,ניילון נצמד ניקול זו,אשפלסט,,ניילון נצמד ניקול זוג 30 מטר,Unknown,0.00,Unknown,false,1,10.90,0.0000,true,1,26937
7290000197876,false,מגשית אלומיניום עם מ,פאלאס,,מגשית אלומיניום,Unknown,0.00,Unknown,false,1,9.90,0.0000,true,1,27072
7290000197883,false,תבניות אלומיניום גדו,פאלאס,,מגשית אלומיניום,Unknown,0.00,Unknown,false,1,9.90,0.0000,true,1,26857
7290000197951,false,מגשית אלומיניום ענק,פאלאס,,מגשית אלומיניום,Unknown,0.00,Unknown,false,1,9.90,0.0000,true,1,26938
7290000197999,false,רדיד אלומיניום 30*7.,אופל,,רדיד אלומיניום 30*7.,Unknown,0.00,Unknown,false,1,16.90,0.0000,true,1,26877
7290000199313,false,תחבושות קוטקס יאנג נ,KC Turkey,,תחבושות קוטקס יאנג נורמל פלוס 28 יח,Unknown,0.00,Unknown,false,1,17.90,0.0000,true,1,26939
7290000204086,false,כרית קרצוף ניקול,UFO,,כרית קרצוף ניקול 3 יח,Unknown,0.00,Unknown,false,1,10.90,0.0000,true,1,26940
7290000204147,false,כריות יפניות דו צדדי,פלסטו פוליש,,כריות יפניות דו צדדיות ניקול 4 יח,Unknown,0.00,Unknown,false,1,10.90,0.0000,true,1,27774
7290000204215,false,כריות ניקוי יפניות נ,פלסטו פוליש,,כריות ניקוי יפניות ניקול 6 יח,Unknown,0.00,Unknown,false,1,10.90,0.0000,true,1,26858
7290000204253,false,מטליות ניקוי רב שימו,נ.אורים,,מטליות ניקוי רב שימושיות ניקול 9 יח,Unknown,0.00,Unknown,false,1,10.90,0.0000,true,1,27776
7290000204512,false,מטליות לחות לרצפה ני,,,מטליות לחות לרצפה ניקול בריח לימון,Unknown,0.00,Unknown,false,1,10.90,0.0000,true,1,105535
7290000204611,false,ספוגית הקסם ניקול,UFO,,ספוגית הקסם ניקול 6 יח,Unknown,0.00,Unknown,false,1,10.90,0.0000,true,1,26941
7290000207162,false,רסק עגבניות 100 גר 2,יכין,,פלסטיק רסק עגבניות 1,גרמים,100.00,100 גרם,false,1,2.50,2.5000,true,1,27791
7290000207438,false,עגבניות קוביות 800 ג,יכין,,עגבניות קוביות 850גר,גרמים,800.00,100 גרם,false,1,8.90,1.1125,true,1,29838
7290000208008,false,רסק פלפל חריף חריסה,יכין,,חריסה,גרמים,550.00,100 גרם,false,1,8.90,1.6182,true,1,26879
7290000208022,false,עגבניות מרוסקות 800,יכין,,עגבניות מרוסקות 800ג,גרמים,800.00,100 גרם,false,1,8.90,1.1125,true,1,30328
7290000208077,false,אפונת גינה גדולה יכי,יכין,,אפונת גינה,גרמים,550.00,100 גרם,false,1,7.90,1.4364,true,1,26944
7290000208091,false,אפונה קטנה יכין 550,יכין,,אפונה עדין יכין,גרמים,550.00,100 גרם,false,1,8.90,1.6182,true,1,29839
7290000208114,false,אפונה גזר יכין 550 ג,יכין,,אפונה גזר,גרמים,550.00,100 גרם,false,1,7.90,1.4364,true,1,26880
7290000208138,false,סירופ ענבים דיאט יכי,יכין,,סירופ ענבים דיאט,ליטרים,1.00,ליטר,false,1,16.90,16.9000,true,1,27792
7290000208145,false,תירס לייט יכין 550 ג,יכין,,תירס לייט,גרמים,550.00,100 גרם,false,1,8.90,1.6182,true,1,27793
7290000208213,false,שעועית אפויה יכין 58,יכין,,שעועית אפויה,גרמים,580.00,100 גרם,false,1,8.90,1.5345,true,1,26896
7290000208220,false,שעועית צילי יכין 580,יכין,,"שעועית צ""ילי",גרמים,580.00,100 גרם,false,1,8.90,1.5345,true,1,26945
7290000208251,false,שעועית ירוקה יכין 55,,,שעועית ירוקה חתוכה,גרמים,550.00,100 גרם,false,1,8.90,1.6182,true,1,26897
7290000208268,false,שעועית צהובה יכין 55,,,שעועית צהובה חתוכה,גרמים,550.00,100 גרם,false,1,8.90,1.6182,true,1,29841
7290000208312,false,גרעיני תירס מתוק יכי,,,גרעיני תירס מתוק 325 גר,גרמים,400.00,100 גרם,false,1,6.90,1.7250,true,1,26861
7290000208329,false,גרעיני תירס יכין 550,יכין,,גרעיני תירס 560 גר,גרמים,550.00,100 גרם,false,1,7.90,1.4364,true,1,26862
7290000208336,false,רסק עגבניות 240 גר 2,יכין,,רסק עגבניות 240 גר,גרמים,240.00,100 גרם,false,1,3.90,1.6250,true,1,27066
7290000208350,false,עגבניות מרוסקות בצל,יכין,,"רסק עגבניות 500 ג""ר",גרמים,800.00,100 גרם,false,1,8.90,1.1125,true,1,26898
7290000208367,false,עגבניות מרוסקות בזיל,יכין,,עגבניות מרוסקות+בזיל,גרמים,800.00,100 גרם,false,1,8.90,1.1125,true,1,30331
7290000208404,false,פול יכין 580 גר,יכין,,פול מוצרי,גרמים,580.00,100 גרם,false,1,8.90,1.5345,true,1,29843
7290000208428,false,חומוס יכין 550 גר,יכין,,חומוס שלם,גרמים,550.00,100 גרם,false,1,8.90,1.6182,true,1,30332
7290000208459,false,לקט ירקות יכין 550 ג,יכין,,"לקט תפו""א",גרמים,550.00,100 גרם,false,1,8.90,1.6182,true,1,51599
7290000208480,false,תירס חמאה יכין 550 ג,יכין,,תירס חמאה יכין,גרמים,550.00,100 גרם,false,1,8.90,1.6182,true,1,30333
7290000208534,false,גרעיני תירס קיד יכין,יכין,,A2 גרעיני תירס קיד,גרמים,550.00,100 גרם,false,1,8.90,1.6182,true,1,26947
7290000208855,false,רוטב פסטה קלאסי 240,יכין,,"רוטב פסטה 260 ג""ר",גרמים,240.00,100 גרם,false,1,5.90,2.4583,true,1,27067
7290000208893,false,תירס מתוק לייט יכין,,,תירס לייט יכין בוואקום 400 גר,גרמים,400.00,100 גרם,false,1,5.90,1.4750,true,1,27068
7290000208930,false,עגבניות מרוסקות שום,יכין,,עגבניות מרוסקות עם ש,גרמים,240.00,100 גרם,false,1,5.90,2.4583,true,1,48547
7290000208947,false,עגבניות מרוסקות 240,יכין,,עגבניות מרוסקות 260,גרמים,240.00,100 גרם,false,1,5.90,2.4583,true,1,29844
7290000209012,false,חומץ הדרים 1 ל,יכין,,חומץ הדרים 1 ליטר,ליטרים,1.00,ליטר,false,1,5.90,5.9000,true,1,27794
7290000209173,false,חומץ סינטטי 1 ל,,,חומץ סינטטי 1 ליטר,ליטרים,1.00,ליטר,false,1,4.90,4.9000,true,1,53470
7290000209371,false,תירס יכין 200 גר שלי,יכין,,תירס יכין 140 גר שלישייה,גרמים,600.00,100 גרם,false,1,14.90,2.4833,true,1,96711
7290000209388,false,תירס יכין לייט 200 ג,יכין,,שלשות תירס יכין לייט  140 גר,גרמים,600.00,100 גרם,false,1,14.90,2.4833,true,1,96712
7290000209524,false,סירופ פטל דיאט יכין,,,סירופ פטל דיאט,ליטרים,1.00,ליטר,false,1,16.90,16.9000,true,1,27096
7290000209555,false,סירופ יכין תפוחי עץ,יכין,,סירופ יכין תפוחי עץ דיאט 1 ל,ליטרים,1.00,ליטר,false,1,16.90,16.9000,true,1,30336
7290000209579,false,סירופ יכין דיאט אננס,,,סירופ יכין דיאט אננס 1 ל,ליטרים,1.00,ליטר,false,1,16.90,16.9000,true,1,27797
7290000209708,false,עגבניות מרוסקות בזיל,יכין,,עגבניות מרוסקות עם ב,גרמים,240.00,100 גרם,false,1,5.90,2.4583,true,1,29846
7290000209722,false,רסק עגבניות פריכוז 5,יכין,,A2 רסק עגבניות פריכו,גרמים,580.00,100 גרם,false,1,8.90,1.5345,true,1,26901
7290000209906,false,עגבניות מרוסקות בצל,יכין,,עגבניות מרוסקות עם ב,גרמים,240.00,100 גרם,false,1,5.90,2.4583,true,1,27097
7290000209913,false,עגבניות קוביות 240 ג,יכין,,עגבניות קוביות 260 ג,גרמים,240.00,100 גרם,false,1,5.90,2.4583,true,1,26902
7290000209944,false,רוטב מתובל לשקשוקה 2,יכין,,בסיס לעגבניות שקשוקה,גרמים,240.00,100 גרם,false,1,5.90,2.4583,true,1,27077
7290000209951,false,רוטב פיצה 240 גר,יכין,,רוטב פיצה 260 גר,מיליליטרים,240.00,"100 מ""ל",false,1,5.90,2.4583,true,1,26864
7290000209968,false,רוטב לזניה 240 גר,יכין,,"רוטב לזניה 260 ג""ר",גרמים,240.00,100 גרם,false,1,5.90,2.4583,true,1,27799
7290000210148,false,אפונה ירוקה אלפא 550,,,אפונה ירוקה אלפא 550,גרמים,550.00,100 גרם,false,1,7.90,1.4364,true,1,27078
7290000210896,false,רוטב פסטה בולונז 240,יכין,,"רוטב פסטה בולונז 260 ג""ר",גרמים,240.00,100 גרם,false,1,5.90,2.4583,true,1,52082
7290000211169,false,אורז תאילנדי 1 קג,,,"אורז תאילנדי 1 ק""ג",קילוגרמים,1.00,"ק""ג",false,1,6.90,6.9000,true,1,27099
7290000211374,false,קמח מלא 1 קג,,,"קמח מלא 1 ק""ג",קילוגרמים,1.00,"ק""ג",false,1,6.90,6.9000,true,1,29848
7290000211381,false,סוכר חום 1 קג,,,סוכר חום 1קג,קילוגרמים,1.00,"ק""ג",false,1,12.90,12.9000,true,1,30339
7290000211442,false,אורז פרסי קלאסי 1 קג,,,"אורז פרסי קלאסי 1 ק""",קילוגרמים,1.00,"ק""ג",false,1,10.90,10.9000,true,1,27100
7290000211503,false,סוכר לבן 1 קג,,,"סוכר לבן 1 ק""ג",קילוגרמים,1.00,"ק""ג",false,1,3.90,3.9000,true,1,27081
7290000211626,false,אורז חיש 1 קג,,,"אורז חיש 1 ק""ג",קילוגרמים,1.00,"ק""ג",false,1,10.90,10.9000,true,1,30340
7290000211985,false,אורז עגול 1 קג,,,אורז עגול ריזוטו 1 ק,קילוגרמים,1.00,"ק""ג",false,1,9.90,9.9000,true,1,26905
7290000214115,false,מרק עוף ויטה בצנצנת,"פרי הגליל בע""""מ",,"מרק עוף צנצנת 400 ג""",גרמים,400.00,100 גרם,false,1,10.90,2.7250,true,1,28580
7290000217950,false,נקניקיות וינר חדש בו,מעדני מניה תעשיות בש,,וינר חדש בואקום,קילוגרמים,1.00,"ק""ג",true,,75.00,75.0000,true,1,55330
7290000218247,false,נקניקיות שפיקצקי בוו,,,"פטרוצ""אן",קילוגרמים,1.00,"ק""ג",true,,69.00,69.0000,true,1,81233
7290000219176,false,קנקרס מעושן בוואקום,מעדני מניה תעשיות בש,,קנקרס מעושן בוואקום,קילוגרמים,1.00,"ק""ג",true,,35.00,35.0000,true,1,107380
7290000219510,false,נקניקיות פרנקפורטר ב,מעדני מניה תעשיות בש,,נקניקיות פרנקפורטר בוואקום,קילוגרמים,1.00,"ק""ג",true,,45.00,45.0000,true,1,107382
7290000234218,false,ברווז טרי ארוז,סופר עוף,,ברווז טרי ארוז,קילוגרמים,1.00,"ק""ג",true,,59.90,59.9000,true,1,49877
7290000238029,false,בצק עלים צרפתי 1 קג,,,"בצק עלים צרפתי 1 ק""ג",קילוגרמים,1.00,"ק""ג",false,1,15.90,15.9000,true,1,29852
7290000238036,false,מלאווח עגול מעדנות 7,,,"מלווח עגול 700 ג""ר",גרמים,700.00,100 גרם,false,1,16.90,2.4143,true,1,26884
7290000238173,false,בורקס גבינה 800 גר,,,בורקס גבינה 800גר,גרמים,800.00,100 גרם,false,1,19.90,2.4875,true,1,30345
7290000238180,false,בורקס תפוא 800 גר,,,"בורקס תפו""א 800 ג""ר",גרמים,800.00,100 גרם,false,1,19.90,2.4875,true,1,27808
7290000244631,false,קרם ידיים ענוגה גליצ,,,"קרם ידיים  ענוגה גליצרין 80 מ""ל",מיליליטרים,80.00,"100 מ""ל",false,1,10.90,13.6250,true,1,53543
7290000245270,false,אבקת כביסה פרסיל 1.2,,,אבקת כביסה פרסיל 1.25 קג,קילוגרמים,1.25,"ק""ג",false,12,16.90,13.5200,true,1,29859
7290000245287,false,אבקת כביסה פרסיל קול,,,אבקת כביסה פרסיל קולור 1.25 קג,קילוגרמים,1.25,"ק""ג",false,12,16.90,13.5200,true,1,29860
7290000245508,false,אבקת כביסה סוד שושן,,,אבקת כביסה סוד שושן 1.25 קג,קילוגרמים,1.25,"ק""ג",false,1,13.90,11.1200,true,1,77512
7290000245515,false,אבקת כביסה סוד לבנדר,,,אבקת כביסה סוד לבנדר 1.25 קג,קילוגרמים,1.25,"ק""ג",false,1,13.90,11.1200,true,1,26887
7290000253090,false,גבינה סלמי עם עשבי ת,,,גבינה סלמי עם עשבי תיבול ושום,קילוגרמים,1.00,"ק""ג",true,,79.00,79.0000,true,1,113136
7290000253091,false,גבינה סלמי עם עגבניו,,,גבינה סלמי עם עגבניות ובזיליקום,קילוגרמים,1.00,"ק""ג",true,,79.00,79.0000,true,1,113138
7290000253220,false,שוקולד אופנהיימר ציפ,אופנהיימר,,"אופנהיימר שוקוצ""יפס",גרמים,260.00,100 גרם,false,1,11.90,4.5769,true,1,29865
7290000253251,false,שוקולד אופנהיימר ציפ,אופנהיימר,,"אופנהיימר שוקוצ""יפס 300גר",גרמים,250.00,100 גרם,false,1,11.90,4.7600,true,1,26920
7290000253374,false,מיני שוקולד ציפס 250,,,מיני שוקולד ציפס 250 גר,גרמים,250.00,100 גרם,false,1,14.90,5.9600,true,1,133079
7290000254197,false,קפה אספרסו טחון 200,STRAUSS-ISRAEL,,קפה אספרסו טחון 200 ג,גרמים,200.00,100 גרם,false,1,25.90,12.9500,true,1,29866
7290000262161,false,נייר טואלט מולט לב א,חוגלה קימברלי,,מולט לב אדום 40 גליל,יחידה,1.00,יחידה,false,1,34.90,34.9000,true,1,30355
7290000265153,false,דג פלמידה מעושנת בוו,,,דג פלמידה מעושנת בוואקום,קילוגרמים,1.00,"ק""ג",true,,79.00,79.0000,true,1,127157
7290000265191,false,דג מקרוסקה בוואקום,,,דג מקרוסקה בוואקום,קילוגרמים,1.00,"ק""ג",true,,95.90,95.9000,true,1,127158
7290000265306,false,דג לש מיובש,,,דג לש מיובש,קילוגרמים,1.00,"ק""ג",true,,79.00,79.0000,true,1,139054
7290000265672,false,מויבה קפוא,,,מויבה קפוא,קילוגרמים,1.00,"ק""ג",true,,39.90,39.9000,true,1,124038
7290000265702,false,מקרל גדול קפוא,,,מקרל גדול קפוא,קילוגרמים,1.00,"ק""ג",true,,39.90,39.9000,true,1,124036
7290000267036,false,שקדים משובבים שקדיה,"דין שיווק וקליה בע""מ",,שקדים משובבים שקדיה 100 גר,גרמים,100.00,100 גרם,false,1,10.90,10.9000,true,1,118542
7290000267586,false,גרעיני חמניה טבעי קל,,,גרעיני חמניה טבעי קלופים השף 150 גר,גרמים,150.00,100 גרם,false,1,5.90,3.9333,true,1,118455
7290000267678,false,גרעיני דלעת טבעי קלו,,,גרעיני דלעת טבעי קלופים השף 150 גר,גרמים,150.00,100 גרם,false,1,7.90,5.2667,true,1,118453
7290000272467,false,סירופ בטעם פטל דיאט,בית השיטה,,"""עסיס"" סירופ פטל דיא",ליטרים,1.00,ליטר,false,1,17.90,17.9000,true,1,26928
7290000272696,false,מיץ לימון משומר מרכז,בית השיטה,,"מיץ לימון ""עסיס"" משו",ליטרים,1.00,ליטר,false,1,10.90,10.9000,true,1,30359
7290000272726,false,חומץ טבעי 5% עסיס 1,בית השיטה,,"חומץ טבעי 5% ""עסיס""",ליטרים,1.00,ליטר,false,1,6.90,6.9000,true,1,26891
7290000274468,false,גבינה באבוני,,,גבינה באבוני,קילוגרמים,1.00,"ק""ג",true,,89.00,89.0000,true,1,113140
7290000276281,false,שיבולת שועל 500 גר,,,שיבולת שועל 500 גר,גרמים,500.00,100 גרם,false,1,5.90,1.1800,true,1,101420
7290000280578,false,גבינה רולדה פודלסקה,,,גבינה רולדה פודלסקה,קילוגרמים,1.00,"ק""ג",true,,79.00,79.0000,true,1,113135
7290000286228,false,סנו סושי כריות לניקו,,,סנו סושי כריות יפניו,Unknown,0.00,Unknown,false,1,11.90,0.0000,true,1,27836
7290000286761,false,סנו סושי ניילון נצמד,,,סנו סושי ניילון נצמד,Unknown,0.00,Unknown,false,1,10.90,0.0000,true,1,30362
7290000287621,false,מנקה אסלות אנטי קאלק,,,סנו אנטי קאלק לאסלות,מיליליטרים,750.00,"100 מ""ל",false,1,10.90,1.4533,true,1,27139
7290000288024,false,אקונומיקה בריח לימון,,,"סנו ז""אוול לימון 4 ל",ליטרים,4.00,ליטר,false,1,16.90,4.2250,true,1,27118
7290000288048,false,קצף ניקוי אקונומיקה,,,"סנו ז""אוול מרסס מונב",ליטרים,1.00,ליטר,false,1,16.90,16.9000,true,1,26951
7290000288109,false,אבקת כביסה מקסימה גא,,,אבקת כביסה סנו מקסימה,גרמים,1250.00,100 גרם,false,1,14.90,1.1920,true,1,30367
7290000288291,false,סנומט דוחה יתושים 30,,,סנומט - 30 טבליות,Unknown,0.00,Unknown,false,1,12.90,0.0000,true,1,30368
7290000288307,false,מכשיר סנומט לדחיית י,,,סנומט מכשיר + 30 טבל,Unknown,0.00,Unknown,false,1,26.90,0.0000,true,1,26993
7290000288352,false,K-300 קוטל חרקים 630,,,K-300,מיליליטרים,630.00,"100 מ""ל",false,1,21.90,3.4762,true,1,29881
7290000288642,false,מרכך כביסה סנסיטיב ו,,,מרכך כביסה סנו מקסימ,ליטרים,4.00,ליטר,false,1,21.90,5.4750,true,1,27844
7290000288727,false,אבקת כביסה סנו מקסימ,,,אבקת כביסה סנו מקסימ,גרמים,1250.00,100 גרם,false,1,14.90,1.1920,true,1,26995
7290000289069,false,קצף ניקוי אקונומיקה,,,"סנו ז""אוול מרסס לימו",ליטרים,1.00,ליטר,false,1,16.90,16.9000,true,1,26996
7290000289380,false,גל אקונומיקה בריח לי,,,"סנו ז""אוול מונטבלאן",מיליליטרים,750.00,"100 מ""ל",false,1,11.90,1.5867,true,1,28615
7290000289472,false,סנו סושי שקיות 90*76,,,סנו סושי שקיות 90*76,Unknown,0.00,Unknown,false,1,18.90,0.0000,true,1,27143
7290000289496,false,גל קרם לימון סנו גאו,,,"סנו ז""אוול ג""ל קרם ל",מיליליטרים,750.00,"100 מ""ל",false,1,11.90,1.5867,true,1,26955
7290000289748,false,מסיר שומנים פורטה פל,,,מסיר שומנים סנו פורט,מיליליטרים,750.00,"100 מ""ל",false,1,14.90,1.9867,true,1,27124
7290000289885,false,מטהר אוויר בניחוח ים,,,סנופרש יבש אושן,מיליליטרים,375.00,"100 מ""ל",false,1,10.90,2.9067,true,1,27125
7290000289915,false,מבשם אויר וניל מתוק,,,סנופרש יבש סאן סט,מיליליטרים,375.00,"100 מ""ל",false,1,10.90,2.9067,true,1,27126
7290000292137,false,תחליב לניקוי מוצרי ע,,,סנו מנקה עור נוזלי,מיליליטרים,500.00,"100 מ""ל",false,1,29.90,5.9800,true,1,27001
7290000292557,false,סנומט מילוי נוזל,,,סנומט מילוי נוזל,Unknown,0.00,Unknown,false,1,17.90,0.0000,true,1,27004
7290000292687,false,סנובון כחול שלישייה,,,סנובון כחול שלישייה,גרמים,165.00,100 גרם,false,1,14.90,9.0303,true,1,28618
7290000293073,false,מרכך כביסה מקסימה בי,,,מרכך כביסה סנו מקסימ,ליטרים,4.00,ליטר,false,1,21.90,5.4750,true,1,27144
7290000293516,false,מתקן סופג לחות 340 ג,,,סנו סופג לחות קופסא,גרמים,340.00,100 גרם,false,1,26.90,7.9118,true,1,26960
7290000293561,false,ספריי מסיר עובש 750,,,סנו מסיר עובש,מיליליטרים,750.00,"100 מ""ל",false,1,14.90,1.9867,true,1,26962
7290000293943,false,אנטי קאלק מרסס סנו 1,,,סנו אנטי קאלק מרסס 1,ליטרים,1.00,ליטר,false,1,16.90,16.9000,true,1,30372
7290000294773,false,אקונומיקה בריח אילנג,,,"סנו ז""אוול מונבלאן 4",ליטרים,4.00,ליטר,false,1,16.90,4.2250,true,1,27007
7290000294780,false,אקונומיקה סמיכה מבוש,,,"סנו ז""אוול סמיכה 4 ל",ליטרים,4.00,ליטר,false,1,16.90,4.2250,true,1,26965
7290000295121,false,מטליות לניקוי רצפות,,,מטלית זיגזג שלישייה,Unknown,0.00,Unknown,false,1,11.90,0.0000,true,1,27874
7290000295299,false,סנו סושי כריות הפלא,,,סנו סושי כריות יפניו,Unknown,0.00,Unknown,false,1,11.90,0.0000,true,1,30373
7290000295336,false,אבקת כביסה מקסימה סנ,,,אבקת כביסה סנו מקסימ,גרמים,1250.00,100 גרם,false,1,14.90,1.1920,true,1,27008
7290000295343,false,אבקת כביסה ביו מקסימ,,,אבקת כביסה סנו מקסימ,גרמים,1250.00,100 גרם,false,1,14.90,1.1920,true,1,26967
7290000295404,false,שקיות אשפה חזקות עם,,,סנו סושי 60 שקיות אש,Unknown,0.00,Unknown,false,1,21.90,0.0000,true,1,28623
7290000295565,false,סנו סושי רדיד אלומינ,,,רדיד אלומיניום סנו ס,Unknown,0.00,Unknown,false,1,16.90,0.0000,true,1,26968
7290000295749,false,ספוג סאקי מסאז סנו,,,"סנו ספוג סאקי מסאז""",Unknown,0.00,Unknown,false,1,11.90,0.0000,true,1,26970
7290000295794,false,סנו סושי ספוגית מתכת,,,סנו סושי ספוגית אל ח,Unknown,0.00,Unknown,false,1,11.90,0.0000,true,1,27147
7290000300900,false,טבעול שניצל תירס 750,טבעול ישראל,,טבעול שניצל תירס 750,גרמים,750.00,100 גרם,false,1,24.90,3.3200,true,1,30376
7290000303598,false,שעועית לבנה 570 גר,"פרי הגליל בע""""מ",,שעועית לבנה,גרמים,570.00,100 גרם,false,1,6.90,1.2105,true,1,27174
7290000303604,false,חומוס שלם גרגירים 55,"פרי הגליל בע""""מ",,חומוס שלם,גרמים,550.00,100 גרם,false,1,6.90,1.2545,true,1,27015
7290000307015,false,אפונה גינה גדולה 550,"פרי הגליל בע""""מ",,אפונה גינה גדולה 550גר,גרמים,550.00,100 גרם,false,1,6.90,1.2545,true,1,27153
7290000307046,false,אפונה וגזר גינה 550,"פרי הגליל בע""""מ",,אפונה וגזר גינה550גר,גרמים,550.00,100 גרם,false,1,6.90,1.2545,true,1,29895
7290000307220,false,תירס מתוק בואקוס 340,"פרי הגליל בע""""מ",,תירס מתוק בואקוס,גרמים,340.00,100 גרם,false,1,5.90,1.7353,true,1,30383
7290000307237,false,גרעיני תירס מתוק 550,"פרי הגליל בע""""מ",,"תירס מתוק 550 גר""",גרמים,550.00,100 גרם,false,1,6.90,1.2545,true,1,28639
7290000307800,false,פול ירוק 800 גר,"פרי הגליל בע""""מ",,פול ירוק 800גר,גרמים,800.00,100 גרם,false,1,14.90,1.8625,true,1,27880
7290000307985,false,גרעיני תירס ללא תוספ,"פרי הגליל בע""""מ",,גרעיני תירס ללא תוספת סוכר ומלח,גרמים,410.00,100 גרם,false,1,5.50,1.3415,true,1,28640
7290000311128,false,עוגיות בטעם חמאה 300,,,עוגיות בטעם חמאה 300 גר,גרמים,300.00,100 גרם,false,1,7.90,2.6333,true,1,139531
7290000311203,false,וופל בטעם שוקולד 200,,,וופל בטעם שוקולד 200 גר,גרמים,200.00,100 גרם,false,1,5.90,2.9500,true,1,139524
7290000311210,false,וופל בטעם לימון 200,,,וופל בטעם לימון 200 גר,גרמים,200.00,100 גרם,false,1,5.90,2.9500,true,1,139525
7290000311258,false,וופל מצופה 12 יח 250,,,וופל מצופה 12 יח 250 גר,גרמים,250.00,100 גרם,false,1,7.90,3.1600,true,1,139533
7290000311272,false,וופל בטעם חלבה 180 ג,,,וופל בטעם חלבה 180 גר,גרמים,180.00,100 גרם,false,1,5.90,3.2778,true,1,139527
7290000311425,false,וופל מצופה כחול 22 ג,,,וופל מצופהכחול 24 עשיריות,גרמים,220.00,100 גרם,false,1,8.90,4.0455,true,1,139528
7290000311432,false,עוגיות גרנולה קינמון,,,עוגיות גרנולה קינמון ללא סוכר 200 גר,גרמים,200.00,100 גרם,false,1,10.90,5.4500,true,1,139538
7290000311463,false,עוגיות חיטה מלאה חמא,,,עוגיות חיטה מלאה חמאה ללא סוכר 200 גר,גרמים,200.00,100 גרם,false,1,10.90,5.4500,true,1,139539
7290000311708,false,עוגיות מחיטה מלאה 30,,,עוגיות מחיטה מלאה 300 גר,גרמים,300.00,100 גרם,false,1,7.90,2.6333,true,1,139529
7290000311715,false,עוגיות כוכבים שוקולד,,,עוגיות כוכבים שוקולד 300 גר,גרמים,300.00,100 גרם,false,1,7.90,2.6333,true,1,139530
7290000311845,false,עוגיות חיטה מלאה ללא,,,עוגיות חיטה מלאה ללא סוכר 200 גר,גרמים,200.00,100 גרם,false,1,10.90,5.4500,true,1,139540
7290000311869,false,וופל בטעם שוקולד ללא,,,וופל בטעם שוקולד ללא סוכר 180 גר,גרמים,180.00,100 גרם,false,1,8.90,4.9444,true,1,139534
7290000311876,false,וופל בטעם וניל ללא ס,,,וופל בטעם וניל ללא סוכר 180 גר,גרמים,180.00,100 גרם,false,1,8.90,4.9444,true,1,139535
7290000311883,false,עוגיות גרנולה ללא סו,,,עוגיות גרנולה ללא סוכר 200 גר,גרמים,200.00,100 גרם,false,1,10.90,5.4500,true,1,139537
7290000311890,false,וופל בטעם לימון ללא,,,וופל בטעם לימון ללא סוכר 180 גר,גרמים,180.00,100 גרם,false,1,8.90,4.9444,true,1,139536
7290000313160,false,עוגיות זהבה ושלושת ה,אסם,,עוגיות זהבה ושלושת ה,גרמים,250.00,100 גרם,false,1,7.90,3.1600,true,1,28641
7290000313184,false,עוגיות גן חיות טעם ו,אסם,,עוגיות גן חיות טעם ו,גרמים,250.00,100 גרם,false,1,7.90,3.1600,true,1,27176
7290000313290,false,נודלס איטריות מסולסל,טאי רזידנט,,נודלס איטריות מסולסל,גרמים,200.00,100 גרם,false,1,9.90,4.9500,true,1,28642
7290000315126,false,קנור ציר עוף משפחתי,אתר חיפה אבקות,,קנור ציר עוף משפחתי,גרמים,300.00,100 גרם,false,1,21.90,7.3000,true,1,28643
7290000315133,false,קנור ציר בקר משפחתי,אתר חיפה אבקות,,קנור ציר בקר משפחתי,גרמים,300.00,100 גרם,false,1,21.90,7.3000,true,1,28644
7290000318479,false,פרושוטו בקר 100 גר,מעדני יחיעם 1993,,פרושוטו בקר 180 גרם,גרמים,100.00,100 גרם,false,1,24.90,24.9000,true,1,26983
7290000318677,false,סרוולט 150 גר,מעדני יחיעם 1993,,סרוולד 150 גרם,גרמים,150.00,100 גרם,false,1,24.90,16.6000,true,1,27202
7290000318707,false,סלמי מעושן 500 גר,מעדני יחיעם 1993,,סלמי מעושן,גרמים,500.00,100 גרם,false,1,29.90,5.9800,true,1,26984
7290000319520,false,צרפתי 100 גר,מעדני יחיעם 1993,,צרפתי 100 גרם,גרמים,100.00,100 גרם,false,1,19.90,19.9000,true,1,27886
7290000319803,false,קבנוס יחיעם קלאסי 12,מעדני יחיעם 1993,,קבנוס יחיעם קלאסי 125 גר,גרמים,125.00,100 גרם,false,1,12.90,10.3200,true,1,95916
7290000319834,false,קבנוס פפרוני יחיעם ק,מעדני יחיעם 1993,,קבנוס פפרוני יחיעם קלאסי 125 גר,גרמים,125.00,100 גרם,false,1,12.90,10.3200,true,1,95917
7290000334325,false,ציפס למיקרו תפוגן 12,תפוגן,,"תפוגן מארז שלישיה צ""",קילוגרמים,0.38,"ק""ג",false,1,13.90,36.5789,true,1,27177
7290000334684,false,תפוגן טבעות בצל 700,תפוגן,,תפוגן טבעות בצל 700,גרמים,700.00,100 גרם,false,1,16.90,2.4143,true,1,28652
7290000336053,false,סיידר תרכיז טבעי בקב,,,סיידר תרכיז טבעי בקב,מיליליטרים,330.00,"100 מ""ל",false,1,12.90,3.9091,true,1,30391
7290000339191,false,אבקת הלבנה רן ללא כל,זוהר דליה,,"""בדין"" רן הלבנה מיכל",גרמים,350.00,100 גרם,false,1,17.90,5.1143,true,1,27178
7290000339566,false,מרכך כביסה בדין ורוד,אתר ליוור,,מרכך כביסה בדין ורוד,ליטרים,4.00,ליטר,false,1,19.90,4.9750,true,1,27887
7290000341071,false,מרכך בדין בייבי חצי,אתר ליוור,,מרכך בדין בייבי חצי,ליטרים,2.00,ליטר,false,1,14.90,7.4500,true,1,30392
7290000342832,false,מרכך כביסה בדין צהוב,אתר ליוור,,מרכך כביסה בדין צהוב,ליטרים,4.00,ליטר,false,1,19.90,4.9750,true,1,30395
7290000342856,false,מרכך כביסה בדין כחול,אתר ליוור,,מרכך כביסה בדין כחול,ליטרים,4.00,ליטר,false,1,19.90,4.9750,true,1,29908
7290000345260,false,תה ויסוצקי קלאסיק 25,,,תה ויסוצקי קלאסיק 25,גרמים,38.00,100 גרם,false,1,6.90,18.1579,true,1,26992
7290000345284,false,תה ויסוצקי קלאסיק מע,,,תה ויסוצקי קלאסיק 10,גרמים,150.00,100 גרם,false,1,16.90,11.2667,true,1,27211
7290000345291,false,תה ויסוצקי בלק לייבל,,,תה ויסוצקי בלק לייבל  25שקיות,גרמים,38.00,100 גרם,false,1,15.90,41.8421,true,1,27888
7290000345307,false,ויסוצקי ארל גריי 50,,,ויסוצקי ארל גריי 50 שק,גרמים,75.00,100 גרם,false,1,27.90,37.2000,true,1,27180
7290000345536,false,תה ויסוצקי פירות נענ,,,תה ויסוצקי פירות נענ 25שקיות,גרמים,42.00,100 גרם,false,1,17.90,42.6190,true,1,27824
7290000346021,false,חליטת קמומיל הגן הקס,,,"""הגן הקסום"" קמומיל 5",גרמים,75.00,100 גרם,false,1,29.90,39.8667,true,1,27906
7290000346137,false,תה גן הקסום הילולי פ,,,"""הגן הקסום"" הילולי פ",גרמים,63.00,100 גרם,false,1,17.90,28.4127,true,1,28655
7290000346199,false,תה גן הקסום פירות יע,,,"""הגן הקסום"" פירות יע",גרמים,68.00,100 גרם,false,1,17.90,26.3235,true,1,27825
7290000346205,false,גן קסום קמומיל 25 שק,,,חליטת הגן הקסום קמומיל 25 שק,גרמים,38.00,100 גרם,false,1,17.90,47.1053,true,1,29910
7290000346960,false,תה ויסוצקי פירות נענ,,,תה ויסוצקי פירות נענ,גרמים,85.00,100 גרם,false,1,29.90,35.1765,true,1,27021
7290000347738,false,תה ירוק נענע 25 שק,,,"תה ירוק נענע 25 שק""",גרמים,38.00,100 גרם,false,1,24.90,65.5263,true,1,29912
7290000347752,false,תה ירוק לימונית/לואי,,,תה ירוק לימונית/לואי 25 שקיות,גרמים,38.00,100 גרם,false,1,24.90,65.5263,true,1,27213
7290000355405,false,עגבניות מרוסקות עם ב,"מילוז(1989)בע""""מ",,עגבניות מרוסקות בטעם,גרמים,800.00,100 גרם,false,1,7.90,0.9875,true,1,28675
7290000355498,false,רסק עגבניות 28% 580,"מילוז(1989)בע""""מ",,רסק עגבניות 28% 580 גר,גרמים,580.00,100 גרם,false,1,5.90,1.0172,true,1,27215
7290000355757,false,עגבניות מרוסקות טל 8,"מילוז(1989)בע""""מ",,עגבניות מרוסקות טל 8,גרמים,800.00,100 גרם,false,1,7.90,0.9875,true,1,27827
7290000364858,false,נקניקיות עוף טרי 1 ק,טירת- צבי,,נקניקיות עוף טרי 1 קג,קילוגרמים,1.00,"ק""ג",false,1,24.90,24.9000,true,1,51703
7290000367590,false,נקניק צמד כפרי 800 ג,טירת- צבי,,נקניק צמד כפרי 800 גר,גרמים,800.00,100 גרם,false,1,26.90,3.3625,true,1,51700
7290000369037,true,סלט קוביות בולגרית 2,,,סלט קוביות בולגרית 200 גר,גרמים,200.00,100 גרם,false,1,16.90,8.4500,true,1,113428
7290000369617,false,כדורי גבינה מעדן 150,גבינות עמיר ניצן,,כדורי גבינה מעדן 150גר,גרמים,230.00,100 גרם,false,1,20.90,9.0870,true,1,27911
7290000369709,false,ממרח חמאה בטעם שום 1,גבינות עמיר ניצן,,חמאה 100גר,גרמים,100.00,100 גרם,false,1,14.90,14.9000,true,1,29915
7290000377209,false,בוטנים מטוגנים קליית,,,"בוטן מטוגן 200 ג""ר",גרמים,200.00,100 גרם,false,1,7.90,3.9500,true,1,27026
7290000377445,false,צאנס שקית 200 גר,,,"צ""אנס שקית 200 ג""ר",גרמים,200.00,100 גרם,false,1,9.90,4.9500,true,1,29918
7290000387043,false,צלעות מס 22 חלק ברזי,,,צלעות מס 22 חלק ברזיל,קילוגרמים,1.00,"ק""ג",true,,37.90,37.9000,true,1,141839
7290000403715,false,אווז שלם קפוא,,,אווז שלם קפוא,קילוגרמים,1.00,"ק""ג",true,,69.90,69.9000,true,1,136611
7290000403722,false,שומן אווז בוואקום קפ,,,שומן אווז בוואקום קפוא,קילוגרמים,1.00,"ק""ג",true,,79.90,79.9000,true,1,98675
7290000408316,false,יוגורט דנונה ביו 3%,STRAUSS-ISRAEL,,יוגורט דנונה ביו 3%,גרמים,200.00,100 גרם,false,1,3.60,1.8000,true,1,27029
7290000408354,false,מעדן בר פיצפוצים 173,STRAUSS-ISRAEL,,מעדן בר פיצפוצים 173 גר,גרמים,173.00,100 גרם,false,1,4.50,2.6012,true,1,27191
7290000411488,false,צדר כתום אנגלי,,,צדר כתום אנגלי,קילוגרמים,1.00,"ק""ג",true,,119.00,119.0000,true,1,132843
7290000412481,false,מנקה אסלות 00 סנו 1,,,"""00"" מנקה אסלות 1 לי",ליטרים,1.00,ליטר,false,1,7.90,7.9000,true,1,27030
7290000416021,false,ממרח השחר 500 גר,,,ממרח השחר 500,גרמים,500.00,100 גרם,false,1,11.90,2.3800,true,1,27031
7290000416045,false,ממרח שוקולד השחר 1 ק,,,"ממרח השחר 1ק""ג",קילוגרמים,1.00,"ק""ג",false,1,21.90,21.9000,true,1,27855
7290000419220,false,שלישית קפה טחון לנדו,קפה לנדוור,,לנדוור כחול מארז קפה,גרמים,300.00,100 גרם,false,1,19.90,6.6333,true,1,27194
7290000419374,false,קפה לנדוור לבוקר טחו,קפה לנדוור,,קפה לנדוור טחון טורק,גרמים,300.00,100 גרם,false,1,19.90,6.6333,true,1,27917
7290000420325,false,פופקורן פופסטאר בטעם,Preston farms,,"פופקורן ""פופסטאר"" טב",גרמים,500.00,100 גרם,false,1,12.90,2.5800,true,1,27859
7290000420332,false,פופקורן פופסטאר בטעם,Preston farms,,"פופקורן פופסטאר בטעם חמאה 500 גר""",גרמים,500.00,100 גרם,false,1,12.90,2.5800,true,1,27034
7290000430102,false,קרח 2 קג,,,"קרח 2 ק""ג",קילוגרמים,2.00,"ק""ג",false,1,9.90,4.9500,true,1,27918
7290000437127,false,רגל עגל חלב פרוס במג,,,רגל עגל חלב פרוס במגש,קילוגרמים,1.00,"ק""ג",true,,31.90,31.9000,true,1,49618
7290000442044,false,תחליב רחצה אינטימית,,,תחליב רחצה אינטימית פמינה חמוציות 220 מל,מיליליטרים,220.00,"100 מ""ל",false,1,22.90,10.4091,true,1,138350
7290000449128,false,סיף פנטסטיק בניחוח ל,אתר ליוור,,"""סיף פנטסטיק"" לניקוי",ליטרים,4.00,ליטר,false,1,19.90,4.9750,true,1,27862
7290000450209,false,טונה פוסידון בשמן 11,פוסידון,,טונה פוסידון בשמן 10,גרמים,110.00,100 גרם,false,1,5.90,5.3636,true,1,29923
7290000453019,false,שמרית 50 גר,"פאקא תעשיות בע""מ",,שמרית,גרמים,50.00,100 גרם,false,1,4.90,9.8000,true,1,27942
7290000453125,false,שמרית משפר לאפיה בית,"פאקא תעשיות בע""מ",,שמרית משפר לאפיה בית,גרמים,100.00,100 גרם,false,1,7.90,7.9000,true,1,30414
7290000453385,false,שמרים יבשים פאקא אינ,STRAUSS-ISRAEL,,שמרים יבשים פאקא אינסטנט 500 גר,גרמים,500.00,100 גרם,false,1,14.90,2.9800,true,1,99296
7290000453408,true,בצק פיצה דק מצונן ומ,גבינות משק יעקבס,,בצק פיצה דק מצונן ומוכן לאפייה שמרית,גרמים,415.00,100 גרם,false,,15.90,3.8313,true,1,127310
7290000453781,false,שמרים יבשים 125 גר,STRAUSS-ISRAEL,,שמרים יבשים 125 גר,גרמים,125.00,100 גרם,false,12,5.90,4.7200,true,1,117579
7290000453866,false,תחליף מרגרינה נטורינ,,,תחליף מרגרינה נטורינה קוקוס 200 גר,גרמים,200.00,100 גרם,false,1,7.90,3.9500,true,1,110939
7290000453880,false,מרגרינה שמרית לאפיה,שטראוס,,מרגרינה שמרית לאפיה ובישול 200 גר,גרמים,200.00,100 גרם,false,1,5.90,2.9500,true,1,100629
7290000453897,false,מרגרינה שמרית בטעם ח,שטראוס,,מרגרינה שמרית בטעם חמאה 200 גר,גרמים,200.00,100 גרם,false,1,5.90,2.9500,true,1,100628
7290000461625,false,שמונה שמונה 400 גר,אתר בייגל,,"שמונה שמונה 400 ג""ר",גרמים,400.00,100 גרם,false,1,9.90,2.4750,true,1,27224
7290000461656,false,בייגלה מקלות אחד אחד,אתר בייגל,,"אחד אחד 400 ג""ר",גרמים,400.00,100 גרם,false,1,9.90,2.4750,true,1,29925
7290000462141,false,סחוג אדום חריף מאוד,"זהבי הכרם בועז בע""מ-",,סחוג אדום חריף מאוד 150 גר,גרמים,150.00,100 גרם,false,1,8.50,5.6667,true,1,30416
7290000462172,false,סחוג זהבי ירוק וחריף,"זהבי הכרם בועז בע""מ-",,סחוג זהבי ירוק וחריף,גרמים,150.00,100 גרם,false,1,8.50,5.6667,true,1,28700
7290000467320,false,חומוס צבר אבו מרוואן,צבר,,חומוס צבר אבו מרוואן 400גר,גרמים,400.00,100 גרם,false,1,13.90,3.4750,true,1,76509
7290000467511,false,ביסלי אסם בטעם ברביק,אסם,,ביסלי אסם בטעם ברביקיו 55גר,גרמים,55.00,100 גרם,false,1,3.90,7.0909,true,1,76456
7290000467887,false,ביסלי אסם בטעם פיצה,אסם,,ביסלי אסם בטעם פיצה 55גר,גרמים,55.00,100 גרם,false,1,3.90,7.0909,true,1,76458
7290000468747,false,ביסלי אסם בטעם גריל,אסם,,ביסלי אסם בטעם גריל 55גר,גרמים,55.00,100 גרם,false,1,3.90,7.0909,true,1,76455
7290000468877,false,ביסלי אסם בטעם בצל 5,אסם,,ביסלי אסם בטעם בצל 55גר,גרמים,55.00,100 גרם,false,1,3.90,7.0909,true,1,76457
7290000474090,false,חלב בקרטון 1% 1 ל,,,חלב בקרטון 1% 1 ליטר,ליטרים,1.00,ליטר,false,1,5.86,5.8600,true,1,27230
7290000474373,false,שמנת חמוצה לבישול וא,,,"שמנת חמוצה ""טרה"" 200",מיליליטרים,200.00,"100 מ""ל",false,1,2.40,1.2000,true,1,27953
7290000474540,false,גבינה טוב טעם 3% 250,,,גבינה טוב טעם 3% 250 גר,גרמים,250.00,100 גרם,false,1,11.90,4.7600,true,1,28708
7290000480107,false,קוואקר שיבולת שועל פ,FRITO-LAY TRADING CO,,"קוואקר שיבולת שועל פחית 500 ג""ר",גרמים,500.00,100 גרם,false,1,11.90,2.3800,true,1,30427
7290000480442,false,קוואקר שיבולת שועל ש,FRITO-LAY TRADING CO,,"קוואקר שיבולת שועל שקית 500 ג""ר",גרמים,500.00,100 גרם,false,1,11.90,2.3800,true,1,30428
7290000484747,false,הארק עלית 700 מל,,,הארק עלית 700 מל,מיליליטרים,700.00,"100 מ""ל",false,1,59.90,8.5571,true,1,101423
7290000485306,false,עופיון טרי במגש,פריגוצאקו / פרגוואי,,עופיון טרי במגש,קילוגרמים,1.00,"ק""ג",true,,59.90,59.9000,true,1,73130
7290000493176,false,אבקה להכנת רוטב לצלי,אסם,,"רוטב צלי באבקה 22 ג""",גרמים,22.00,100 גרם,false,1,3.90,17.7273,true,1,30429
7290000493183,false,רוטב פטריות באבקה 30,אסם,,רוטב פטריות באבקה 30,גרמים,30.00,100 גרם,false,1,3.90,13.0000,true,1,27895
7290000497044,false,לחם ברמן אקטיב 750 ג,מאפיית ברמן,,לחם ברמן אקטיב 750גר,גרמים,750.00,100 גרם,false,1,16.90,2.2533,true,1,77395
7290000497112,false,לחם אחיד פרוס 750 גר,מאפיית ברמן,,לחם אחיד פרוס 750 גר,גרמים,750.00,100 גרם,false,1,6.70,0.8933,true,1,28710
7290000497198,false,פיתות קלאסיות אסלי ב,מאפיית ברמן,,"פיתות ""ברמן אסלי"" 10",Unknown,0.00,Unknown,false,1,12.90,0.0000,true,1,27276
7290000497426,false,לחם קל לעניין ברמן 5,מאפיית ברמן,,לחם קל לעניין ברמן 500 גר,גרמים,500.00,100 גרם,false,1,16.90,3.3800,true,1,29938
7290000497570,false,ברמן דגני דגני קלות,מאפיית ברמן,,ברמן דגני דגני קלות 500 גר,גרמים,500.00,100 גרם,false,1,14.90,2.9800,true,1,30433
7290000498003,false,לחם ברמן מקמח מלא 75,,,לחם ברמן מקמח מלא 750 גר,גרמים,750.00,100 גרם,false,1,16.90,2.2533,true,1,113753
7290000498034,false,לחם מקמח כוסמין מלא,,,לחם מקמח כוסמין מלא ברמן 750 גר,גרמים,750.00,100 גרם,false,1,16.90,2.2533,true,1,123447
7290000504025,false,סוכרזית פטריה 300 יח,"סוכרזית בע""מ",,סוכרזית פטריה 300,גרמים,246.00,100 גרם,false,1,8.90,3.6179,true,1,29943
7290000504049,false,סוכרזית קנקן 1200 יח,"סוכרזית בע""מ",,סוכרזית קנקן 1200,גרמים,98.00,100 גרם,false,1,19.90,20.3061,true,1,30438
7290000504261,false,סוויט דאיט כמו סוכר,"סוכרזית בע""מ",,סוויט דאיט כמו סוכר 100 גר,גרמים,100.00,100 גרם,false,1,24.90,24.9000,true,1,27255
7290000504278,false,סוכרזית פטנט 700 יח,"סוכרזית בע""מ",,סוכרזית פטנט 700,גרמים,57.00,100 גרם,false,1,15.90,27.8947,true,1,27973
7290000518176,false,ממתיק דקסטרוזה וסכרי,,,ממתיק דקסטרוזה וסכרין שקיות 250 יח,Unknown,0.00,Unknown,false,1,27.90,0.0000,true,1,27976
7290000518251,false,ממתיק דקסטרוזה וסכרי,,,ממתיק דקסטרוזה וסכרין שקיות 100 יח,Unknown,0.00,Unknown,false,1,19.90,0.0000,true,1,56893
7290000521008,false,יין סגל אדום יבש 750,,,"יין ""סגל"" אדום יבש 0",מיליליטרים,750.00,"100 מ""ל",false,1,22.90,3.0533,true,1,27900
7290000521015,false,יין סגל לבן יבש 750,,,"יין ""סגל"" לבן יבש 0.",מיליליטרים,750.00,"100 מ""ל",false,1,22.90,3.0533,true,1,27977
7290000521022,false,יין סגל לבן חצי יבש,,,"יין ""סגל"" לבן חצי יב",מיליליטרים,750.00,"100 מ""ל",false,1,22.90,3.0533,true,1,30442
7290000521404,false,יין מרום גליל קברנה,,,"יין ""מרום גליל"" קברנ",מיליליטרים,750.00,"100 מ""ל",false,1,39.90,5.3200,true,1,27901
7290000521411,false,יין מרום גליל מרלו 7,,,"יין ""מרום גליל"" מרלו",מיליליטרים,750.00,"100 מ""ל",false,1,39.90,5.3200,true,1,27979
7290000522272,false,שמנת לקפה 10% 500 מל,,,"שמנת לקפה 10% 500 מ""ל",מיליליטרים,500.00,"100 מ""ל",false,1,9.90,1.9800,true,1,78962
7290000523125,false,מלח ים יבש 250 גר,,,"מלח ים יבש 250 ג""ר",גרמים,250.00,100 גרם,false,1,5.90,2.3600,true,1,30448
7290000523224,false,מלח הארץ ים יבש 500,,,מלח הארץ ים יבש 500,גרמים,500.00,100 גרם,false,1,7.90,1.5800,true,1,27707
7290000523514,false,מלח הארץ מופחת נתרן,,,מלח הארץ מופחת נתרן,גרמים,250.00,100 גרם,false,1,9.90,3.9600,true,1,27256
7290000523521,false,מלח הארץ מועשר ביוד,,,מלח הארץ מועשר ביוד,גרמים,250.00,100 גרם,false,1,5.90,2.3600,true,1,27285
7290000523804,false,צנצנת מלח עדין 1 קג,,,"צנצנת מלח עדין 1 ק""ג",קילוגרמים,1.00,"ק""ג",false,1,6.90,6.9000,true,1,30449
7290000523811,false,צנצנת מלח גס 1 קג,,,"צנצנת מלח גס 1 ק""ג",קילוגרמים,1.00,"ק""ג",false,1,6.90,6.9000,true,1,27708
7290000525969,false,מיץ פרימור תפוזים 1,"גניר (1992) בע""מ",,"מיץ ""פרימור"" תפוזים",מיליליטרים,1000.00,"100 מ""ל",false,1,16.90,1.6900,true,1,28741
7290000530086,false,נקניק סלמי מעושן 600,נקניק נהריה כשר זוגל,,נקניק סלמי מעושן 700,גרמים,600.00,100 גרם,false,1,29.90,4.9833,true,1,28742
7290000530109,false,קבנוס מארז זוג 360 ג,נקניק נהריה כשר זוגל,,קבנוס מארז זוג,גרמים,360.00,100 גרם,false,1,29.90,8.3056,true,1,28743
7290000530116,false,נקניק סלמי בשן זוגלו,נקניק נהריה כשר זוגל,,נקניק בשן 8000,גרמים,470.00,100 גרם,false,1,25.90,5.5106,true,1,27905
7290000530413,false,המבורגר זהב 400 גר,נקניק נהריה כשר זוגל,,המבורגר זהב,גרמים,400.00,100 גרם,false,1,19.90,4.9750,true,1,27981
7290000530703,false,תה מעושן 400 גר + פס,נקניק נהריה כשר זוגל,,"תה מעושן 400 ג""ר+חרמ",גרמים,800.00,100 גרם,false,1,26.90,3.3625,true,1,27709
7290000531601,false,סטייק בורגר 400 גר,נקניק נהריה כשר זוגל,,סטייק בורגר 400 גר,גרמים,400.00,100 גרם,false,1,19.90,4.9750,true,1,30450
7290000531977,false,בורקס גבינה 800 גר,נקניק נהריה כשר זוגל,,"בורקס גבינה 800 ג""ר",גרמים,800.00,100 גרם,false,1,17.90,2.2375,true,1,29947
7290000533353,false,בצק עלים צרפתי 1 קג,נקניק נהריה כשר זוגל,,בצק עלים צרפתי,קילוגרמים,1.00,"ק""ג",false,1,17.90,17.9000,true,1,28746
7290000536743,false,קריספי סטיקס תירס 50,נקניק נהריה כשר זוגל,,קריספי סטיקס תירס 500גר,גרמים,500.00,100 גרם,false,1,16.90,3.3800,true,1,79841
7290000537566,false,נקניקיות עוף 400 גר,נקניק נהריה כשר זוגל,,"נקניקיות עוף 400 גר""",גרמים,400.00,100 גרם,false,1,13.90,3.4750,true,1,29948
7290000540160,false,עוגיות שומשום ללא סו,,,עוגיות שומשום ללא סוכר קמח מלא 500 גר,גרמים,500.00,100 גרם,false,1,19.90,3.9800,true,1,30452
7290000540931,false,עוגיות האחים פרמידה,,,עוגיות האחים פרמידה 400 גר,גרמים,400.00,100 גרם,false,1,12.90,3.2250,true,1,101577
7290000552194,false,קישקע 500 גר,טיבון ויל,,קישקע 500 גרם,גרמים,500.00,100 גרם,false,1,12.90,2.5800,true,1,28010
7290000554402,false,מלבי 5% 160 גר,,,מלבי 5% 160 גרם,גרמים,160.00,100 גרם,false,1,5.50,3.4375,true,1,27265
7290000554471,false,גבינה מוצרלה 22% 180,,,גבינה מוצרלה 22% 180 ג,גרמים,180.00,100 גרם,false,1,15.90,8.8333,true,1,56912
7290000554532,false,צפתית מעודנת מלח ים,,,צפתית מעודנת מלח ים 200גר,גרמים,200.00,100 גרם,false,1,14.90,7.4500,true,1,28763
7290000554600,false,מוצרלה מגורדת 22% 30,,,מוצרלה מגורדת 22% 300גר,גרמים,300.00,100 גרם,false,1,23.90,7.9667,true,1,58868
7290000554686,false,לאבנה בשמן זית וזעתר,,,לאבנה בשמן זית וזעתר 5% 250 גר,גרמים,250.00,100 גרם,false,1,13.90,5.5600,true,1,27930
7290000554822,false,ריקוטה 5% 250 גר,,,ריקוטה 5% 250 גרם,גרמים,250.00,100 גרם,false,1,12.90,5.1600,true,1,27931
7290000554839,false,גבינה מסקרפונה 40% 2,,,גבינה מסקרפונה 40% 250 גרם,גרמים,250.00,100 גרם,false,1,20.90,8.3600,true,1,30455
7290000555502,false,בקבוק 1.20 ₪,,,בקבוק 1.20 ₪,Unknown,0.00,Unknown,false,1,1.20,0.0000,true,1,29833
7290000555503,false,פיקדון בירה קוזל,,,פיקדון בירה קוזל,Unknown,0.00,Unknown,false,1,1.20,0.0000,true,1,27768
7290000560021,false,גל לגילוח נגד חתכים,אנרג'ייזר,,אדג גל לגילוח נגד חתכים 200 גרם,גרמים,200.00,100 גרם,false,1,16.90,8.4500,true,1,29952
7290000560533,false,גל לגילוח ירוק לעור,אנרג'ייזר,,אדג גל לגילוח ירוק לעור רגיל 200 גרם,גרמים,200.00,100 גרם,false,1,16.90,8.4500,true,1,27266
7290000561226,false,תפוח מיובש 200 גר,,,תפוח מיובש 200 גר,גרמים,200.00,100 גרם,false,1,11.90,5.9500,true,1,99490
7290000571386,false,יוגורמה יוגורט כבשים,,,יוגורמה יוגורט כבשים בדלי 850 גר,גרמים,850.00,100 גרם,false,1,24.90,2.9294,true,1,30457
7290000572618,false,מכסה הצלע מס 77 מוכש,,,מכסה הצלע מס 77 מוכשר ארגנטינה,קילוגרמים,1.00,"ק""ג",true,,34.90,34.9000,true,1,141836
7290000572628,false,חטיף חלווה ללא סוכר,,,חטיף חלווה לייט,גרמים,275.00,100 גרם,false,1,16.90,6.1455,true,1,30459
7290000572673,false,חטיף חלוה וניל קקאו,,,חלווה שי חטיף,גרמים,300.00,100 גרם,false,1,16.90,5.6333,true,1,27272
7290000604343,false,תמר דקל נור 400 גר,פרי וירק טמרה ושותפי,,תמר דקל נור 400 גרם,גרמים,400.00,100 גרם,false,1,9.90,2.4750,true,1,29956
7290000610334,false,כתף מס 44 חלק אורוגו,,,כתף מס 44 חלק אורוגוואי,קילוגרמים,1.00,"ק""ג",true,,39.90,39.9000,true,1,141834
7290000632220,false,שריר הזרוע מס 8 מוכש,,,שריר הזרוע מס 8 מוכשר ברזיל,קילוגרמים,1.00,"ק""ג",true,,35.90,35.9000,true,1,131008
7290000644783,false,מנות סלמון ממותג,,,מנות סלמון ממותג,קילוגרמים,1.00,"ק""ג",true,,99.90,99.9000,true,1,79741
7290000649144,false,זוג עופיונים טרי,פריגוצאקו / פרגוואי,,זוג עופיונים טרי,קילוגרמים,1.00,"ק""ג",true,,59.90,59.9000,true,1,139301
7290000657866,false,פילה אמנון 5-7,דלידג,,פילה אמנון 5-7,קילוגרמים,1.00,"ק""ג",true,,29.90,29.9000,true,1,73606
7290000684345,false,פילטר בריטה,בריטה,,פילטר בריטה,יחידה,1.00,יחידה,false,1,99.90,99.9000,true,1,30471
7290000688080,false,פילה דג זהבנון,א.ר.ד.י.ו,,פילה דג זהבנון,קילוגרמים,1.00,"ק""ג",true,,17.90,17.9000,true,1,115720
7290000688374,false,מים מינרליים מי עדן,"מי עדן בע""מ",,שישיית מי עדן בייבי,מיליליטרים,1980.00,"100 מ""ל",false,1,14.90,0.7525,true,1,27958
7290000688381,false,מים מינרליים מי עדן,"מי עדן בע""מ",,שישיית סנופי 0.5 ליט,ליטרים,3.00,ליטר,false,1,13.90,4.6333,true,1,28779
7290000688503,false,מים מינרליים מי עדן,"מי עדן בע""מ",,מי עדן ספורט 0.75 לי,ליטרים,4.50,ליטר,false,1,16.90,3.7556,true,1,28780
7290000692227,false,נוזל כלים פלמוליב קל,Colgate - Greece,,"נוזל כלים ""פלמוליב""",ליטרים,1.00,ליטר,false,1,13.90,13.9000,true,1,29961
7290000692456,false,נוזל לניקוי חלונות א,Colgate - Greece,,זוג נוזל לניקוי חלונ,מיליליטרים,1500.00,"100 מ""ל",false,1,24.90,1.6600,true,1,27331
7290000714339,false,וינר חדש עבה בואקום,מעדני מניה תעשיות בש,,וינר חדש עבה בואקום,קילוגרמים,1.00,"ק""ג",true,,69.00,69.0000,true,1,55329
7290000718993,false,פילה דג סלמון קפוא,,,פילה דג סלמון קפוא,קילוגרמים,1.00,"ק""ג",true,,89.90,89.9000,true,1,111228
7290000776141,false,שיפודי פרגית,,,שיפודי פרגית,קילוגרמים,1.00,"ק""ג",true,,59.90,59.9000,true,1,132409
7290000803180,false,שטיפה דנטאלית מרידול,GABA THERW SWIZ,,שטיפה דנטאלית מרידול 400 מייל,מיליליטרים,400.00,"100 מ""ל",false,1,27.90,6.9750,true,1,30478
7290000805597,false,בונזו סניור 7+ 3 קג,,,"בונזו ""סניור 7+"" 3 קג",קילוגרמים,3.00,"ק""ג",false,1,49.90,16.6333,true,1,56404
7290000805795,false,חול לחתולים יורו קיט,,,"חול לחתולים 10 ק""ג",קילוגרמים,10.00,"ק""ג",false,1,34.90,3.4900,true,1,27784
7290000805870,false,מזון לחתולים לה קט ד,,,"מזון לחתולים ""לה קט"" דגים 1.5 ק""ג",קילוגרמים,1.50,"ק""ג",false,1,39.90,26.6000,true,1,59320
7290000805894,false,מזון לחתולים לה קט ע,,,"מזון לחתולים ""לה קט"" עוף 1.5 ק""ג",קילוגרמים,1.50,"ק""ג",false,1,39.90,26.6000,true,1,56935
7290000805900,false,לה קט עוף 2.85 קג,,,"לה קט עוף 2.85 ק""ג",קילוגרמים,2.85,"ק""ג",false,1,57.90,20.3158,true,1,27334
7290000805924,false,לה קט דגים 2.85 קג,,,"לה קט דגים 2.85 ק""ג",קילוגרמים,2.85,"ק""ג",false,1,57.90,20.3158,true,1,29967
7290000816017,false,פילה דג סלמון קפוא,,,פילה דג סלמון קפוא,קילוגרמים,1.00,"ק""ג",true,,79.90,79.9000,true,1,134357
7290000825235,false,תפוא קטנטנים לאפייה,,,תפוא קטנטנים לאפייה לבנים,קילוגרמים,1.00,"ק""ג",true,,6.90,6.9000,true,1,142215
7290000835107,false,פילה מדומה מס 6 מוכש,,,פילה מדומה מס 6 מוכשר ארגנטינה,קילוגרמים,1.00,"ק""ג",true,,41.90,41.9000,true,1,141838
7290000835121,false,שריר הזרוע מס 8 ארגנ,,,שריר הזרוע מס 8 ארגנטינה,קילוגרמים,1.00,"ק""ג",true,,34.90,34.9000,true,1,138907
7290000835954,false,פילה אמנון 5-7 בוואק,,,פילה אמנון 5-7 בוואקום,קילוגרמים,1.00,"ק""ג",true,,29.90,29.9000,true,1,127584
7290000835992,false,פילה דג נסיכת הנילוס,,,פילה דג נסיכת הנילוס פרוס גמבו בוואקום,קילוגרמים,1.00,"ק""ג",true,,69.90,69.9000,true,1,128552
7290000909804,false,פילה מרלוזה ללא עור,,,פילה מרלוזה ללא עור ארוז,קילוגרמים,1.00,"ק""ג",true,,36.90,36.9000,true,1,102009
7290000927105,false,צלי ברשת,,,צלי ברשת,קילוגרמים,1.00,"ק""ג",true,,39.90,39.9000,true,1,26129
7290000927464,false,גולש עגל,,,גולש עגל במגשים,קילוגרמים,1.00,"ק""ג",true,,34.90,34.9000,true,1,24295
7290000927518,false,טבעות עגל,,,טבעות עגל,קילוגרמים,1.00,"ק""ג",true,,41.90,41.9000,true,1,24891
7290000927655,false,שניצל עגל,,,שניצל עגל,קילוגרמים,1.00,"ק""ג",true,,39.90,39.9000,true,1,25514
7290000961613,false,חסה זוגות,מרינה פטריות הגליל,,חסה זוגות,Unknown,0.00,Unknown,false,1,7.90,0.0000,true,1,30482
7290000999984,false,הצטרפות מועדון מהקופ,,,הצטרפות מועדון מהקופה,Unknown,0.00,Unknown,false,1,0.01,0.0000,true,1,111519
7290001072882,false,שמפו לסירוק קל נובו,,,שמפו לסירוק קל נובו 700 מל,מיליליטרים,700.00,"100 מ""ל",false,12,12.90,1.8429,true,1,128976
7290001072899,false,מרכך לסירוק קל נובו,,,מרכך לסירוק קל נובו 700 מל,מיליליטרים,700.00,"100 מ""ל",false,12,12.90,1.8429,true,1,128975
7290001121054,false,צמד חמד 700 גר,מעדני יחיעם 1993,,צמד חמד 700 גרם,גרמים,700.00,100 גרם,false,1,25.90,3.7000,true,1,28371
7290001121238,false,קורנדביף 180 גר,מעדני יחיעם 1993,,קורנדביף 180 גרם,גרמים,180.00,100 גרם,false,1,24.90,13.8333,true,1,28372
7290001121931,false,קבנוס מקסיקני דק דק,מעדני יחיעם 1993,,קבנוס מקסיקני דק דק 125 גר,גרמים,125.00,100 גרם,false,1,12.90,10.3200,true,1,51797
7290001121979,false,סלמי הרץ 150 גר,מעדני יחיעם 1993,,"סלמי הרץ 150 ג""ר",גרמים,150.00,100 גרם,false,1,24.90,16.6000,true,1,28793
7290001123775,false,שווארמה פרגיות 500 ג,טיבון ויל,,שווארמה פרגיות 500 ג,גרמים,500.00,100 גרם,false,1,25.90,5.1800,true,1,29975
7290001123782,false,שווארמה הודו 500 גר,טיבון ויל,,שווארמה הודו 500 גרם,גרמים,500.00,100 גרם,false,1,25.90,5.1800,true,1,28072
7290001136683,false,מרכך לשיער רגיל נקה,,,נקה 7 מרכך חדש רגיל,מיליליטרים,750.00,"100 מ""ל",false,1,11.90,1.5867,true,1,28076
7290001199039,false,סלט בולגרי 450 גר,סלטי עמים ברדה,,"סלט בולגרי 450 ג""ר",גרמים,450.00,100 גרם,false,1,14.90,3.3111,true,1,27339
7290001199053,false,חציל תאילנדי 500 גר,סלטי עמים ברדה,,"חציל תאילנדי 500 גר""",גרמים,500.00,100 גרם,false,1,16.90,3.3800,true,1,28396
7290001199084,false,גזר בסיגנון קוריאני,סלטי עמים ברדה,,גזר בסיגנון קוריאני,גרמים,450.00,100 גרם,false,1,15.90,3.5333,true,1,27364
7290001199107,false,סוטא אוקראיני 450 גר,סלטי עמים ברדה,,סוטא אוקראיני,גרמים,450.00,100 גרם,false,1,13.90,3.0889,true,1,30491
7290001199114,false,סוטה פטריות 500 גר,סלטי עמים ברדה,,סוטה פטריות 500גר,גרמים,500.00,100 גרם,false,1,14.90,2.9800,true,1,29257
7290001199190,false,כרוב צבוע ברדה 1 קג,,,כרוב צבוע ברדה 1 קג,קילוגרמים,1.00,"ק""ג",false,1,17.90,17.9000,true,1,126730
7290001199220,false,סלט בלקני ברדה 500 ג,,,"ממרח פטריות 250 גר""",גרמים,500.00,100 גרם,false,1,16.90,3.3800,true,1,56998
7290001199244,false,כרוב במלח 1 קג,סלטי עמים ברדה,,"כרוב במלח 1 ק""ג",קילוגרמים,1.00,"ק""ג",false,1,18.90,18.9000,true,1,28084
7290001199251,false,סלט סקנדינבי ברדה 50,,,סלט סקנדינבי ברדה 500 גר,גרמים,500.00,100 גרם,false,1,16.90,3.3800,true,1,128542
7290001199275,false,אדזיקה 250 גר,סלטי עמים ברדה,,"אדז""יקה 250 ג""ר",גרמים,500.00,100 גרם,false,1,10.90,2.1800,true,1,29258
7290001199276,false,סלט קרימסקי ברדה 500,,,סלט קרימסקי ברדה 500 גר,גרמים,500.00,100 גרם,false,1,16.90,3.3800,true,1,128543
7290001199343,false,חזרת 180 גר,סלטי עמים ברדה,,"חזרת 180 ג""ר",גרמים,180.00,100 גרם,false,1,10.90,6.0556,true,1,28802
7290001199350,false,חרדל 180 גר,סלטי עמים ברדה,,"חרדל 180 ג""ר",גרמים,180.00,100 גרם,false,1,10.90,6.0556,true,1,30494
7290001199404,false,כרוב במלח עם חמוציות,סלטי עמים ברדה,,כרוב במלח עם חמוציות,קילוגרמים,1.00,"ק""ג",false,1,18.90,18.9000,true,1,28803
7290001199435,false,חציל פיקנטי 500 גר,סלטי עמים ברדה,,"חציל פיקנטי 500 גר""",גרמים,500.00,100 גרם,false,1,16.90,3.3800,true,1,30495
7290001199459,false,כרוב במלח עם תפוחי ע,סלטי עמים ברדה,,כרוב במלח עם תפוחי ע,קילוגרמים,1.00,"ק""ג",false,1,18.90,18.9000,true,1,28804
7290001199510,false,חמוצים בטעם ביתי 1 ק,סלטי עמים ברדה,,"חמוצים בטעם ביתי 1 ק""ג",קילוגרמים,1.00,"ק""ג",false,1,18.90,18.9000,true,1,29982
7290001199596,false,סלט בולגרי ברדה 1 קג,,,גזר ולימון חריף 250,קילוגרמים,1.00,"ק""ג",false,1,17.90,17.9000,true,1,58162
7290001216040,false,טחינה אל ארז 500 גר,,,טחינה אל ארז 500 גר,גרמים,500.00,100 גרם,false,24,15.90,3.1800,true,1,126286
7290001216231,false,טחינה מלאה אל ארז 50,,,טחינה מלאה  אל ארז 500 גר,גרמים,500.00,100 גרם,false,24,15.90,3.1800,true,1,126288
7290001230331,false,כאמל בוקס פילטר,,,כאמל בוקס פילטר,Unknown,0.00,Unknown,false,1,31.00,0.0000,false,1,26771
7290001230739,false,כאמל כחול,,,כאמל כחול,Unknown,0.00,Unknown,false,1,31.00,0.0000,false,1,26819
7290001231932,false,וינסטון כחול בוקס,,,וינסטון כחול בוקס,Unknown,0.00,Unknown,false,1,33.00,0.0000,false,1,26848
7290001235938,false,וינסטון לייט ארוך,,,וינסטון לייט ארוך,Unknown,0.00,Unknown,false,1,33.00,0.0000,false,1,27375
7290001245699,false,גל אקונומיקה טאצ סמי,,,גל אקונומיקה סמיכה לימון 4 ל טאצ עם פקק,ליטרים,4.00,ליטר,false,6,11.90,2.9750,true,1,128969
7290001245705,false,אקונימיקה מבושמת טאץ,,,אקונימיקה מבושמת טאץ 4 ל,ליטרים,4.00,ליטר,false,1,10.90,2.7250,true,1,126208
7290001245736,false,גל כביסה כחול טאצ 3,,,גל כביסה כחול 3 ל טאצ,ליטרים,3.00,ליטר,false,6,19.90,6.6333,true,1,128957
7290001245798,false,נוזל כלים לימון 18%,,,נוזל כלים לימון 18% 1.6 ל טאצ,ליטרים,1.60,ליטר,false,12,11.90,7.4375,true,1,128958
7290001245828,false,נוזל כלים קלאסי 18%,,,נוזל כלים קלאסי 18% 1.6 ל טאצ,ליטרים,1.60,ליטר,false,12,11.90,7.4375,true,1,128959
7290001245835,false,נוזל רצפות אורנים טא,,,נוזל רצפות אורנים 4 ל טאצ,ליטרים,4.00,ליטר,false,4,12.90,3.2250,true,1,128965
7290001245958,false,מרכך כביסה ורוד טאצ,,,מרכך כביסה ורוד 4 ל טאצ,ליטרים,4.00,ליטר,false,4,16.90,4.2250,true,1,128950
7290001245965,false,מרכך כביסה כחול טאצ,,,מרכך כביסה כחול 4 ל טאצ,ליטרים,4.00,ליטר,false,4,16.90,4.2250,true,1,128948
7290001245989,false,מרכך כביסה סגול טאצ,,,מרכך כביסה סגול 4 ל טאצ,ליטרים,4.00,ליטר,false,4,16.90,4.2250,true,1,128951
7290001245996,false,מרכך כביסה צהוב טאצ,,,מרכך כביסה צהוב 4 ל טאצ,ליטרים,4.00,ליטר,false,4,16.90,4.2250,true,1,128952
7290001246054,false,פותח סתימות טאצ 1 ל,,,פותח סתימות 1 ל טאצ,ליטרים,1.00,ליטר,false,1,15.90,15.9000,true,1,130541
7290001246061,false,מרכך כביסה מרוכז כחו,,,מרכך פרמיום פנטזי 1 ל טאצ,ליטרים,1.00,ליטר,false,12,12.90,12.9000,true,1,128953
7290001246078,false,מרכך כביסה מרוכז סגו,,,מרכך פרמיום סנשואל 1 ל טאצ,ליטרים,1.00,ליטר,false,12,12.90,12.9000,true,1,128954
7290001246085,false,ניקוי חלונות טאץ 1 ל,,,ניקוי חלונות טאץ 1 ל,ליטרים,1.00,ליטר,false,1,7.90,7.9000,true,1,126205
7290001246092,false,תרסיס מסיר שומנים 75,,,תרסיס מסיר שומנים 750 מל טאצ,מיליליטרים,750.00,"100 מ""ל",false,12,11.90,1.5867,true,1,128963
7290001246108,false,תרסיס מסיר אבנית 750,,,תרסיס מסיר אבנית 750 מל טאצ,מיליליטרים,750.00,"100 מ""ל",false,12,11.90,1.5867,true,1,128961
7290001246122,false,תרסיס ניקוי כללי 750,,,תרסיס ניקוי כללי 750 מל טאצ+אקונומיקה,מיליליטרים,750.00,"100 מ""ל",false,12,11.90,1.5867,true,1,128960
7290001246221,false,מטהר אוויר בניחוח לי,,,תרסיס מטהר אוויר 300 מל לימון טאצ,מיליליטרים,300.00,"100 מ""ל",false,1,4.90,1.6333,true,1,130531
7290001246238,false,מטהר אוויר בניחוח פר,,,מדליק פחם נוזלי,מיליליטרים,300.00,"100 מ""ל",false,1,4.90,1.6333,true,1,58891
7290001246276,false,מטהר אוויר בניחוח או,,,תרסיס מטהר אוויר 300 מל אורנים טאצ,מיליליטרים,300.00,"100 מ""ל",false,1,4.90,1.6333,true,1,130532
7290001246290,false,תרסיס קצף ניקוי ללא,,,"תרסיס רסס נגב 750 סמ""ק טאצ",מיליליטרים,750.00,"100 מ""ל",false,12,11.90,1.5867,true,1,128964
7290001246351,false,נוזל רצפות לבנדר טאצ,,,נוזל רצפות לבנדר 4 ל טאצ,ליטרים,4.00,ליטר,false,4,12.90,3.2250,true,1,128968
7290001246474,false,תרסיס ניקוי שטיחים 6,,,תרסיס ניקוי שטיחים 600 מל טאצ,מיליליטרים,600.00,"100 מ""ל",false,1,15.90,2.6500,true,1,130533
7290001246528,false,מרכך כביסה מרוכז שחו,,,מרכך כביסה מרוכז פרפיום מיסטרי 1 ל טאצ,ליטרים,1.00,ליטר,false,12,12.90,12.9000,true,1,128955
7290001247068,false,ספרינג תות 1 ל,"יפאורה תבורי בע""מ",,ספרינג תות 1 ליטר,ליטרים,1.00,ליטר,false,1,6.90,6.9000,true,1,29984
7290001247082,false,ספרינג עגבניות 1 ל,"יפאורה תבורי בע""מ",,ספרינג עגבניות 1 ליט,מיליליטרים,1000.00,"100 מ""ל",false,1,6.90,0.6900,true,1,28099
7290001247099,false,ספרינג מנגו 1 ל,"יפאורה תבורי בע""מ",,ספרינג מנגו 1 ליטר,ליטרים,1.00,ליטר,false,1,6.90,6.9000,true,1,30498
7290001247105,false,ספרינג אפרסק 1 ל,"יפאורה תבורי בע""מ",,ספרינג אפרסק 1 ליטר,מיליליטרים,1000.00,"100 מ""ל",false,1,6.90,0.6900,true,1,27378
7290001247112,false,ספרינג לימון 1 ל,"יפאורה תבורי בע""מ",,ספרינג לימון 1 ליטר,מיליליטרים,1000.00,"100 מ""ל",false,1,6.90,0.6900,true,1,28806
7290001247129,false,ספרינג תפוזים 1 ל,"יפאורה תבורי בע""מ",,ספרינג תפוזים 1 ליטר,מיליליטרים,1000.00,"100 מ""ל",false,1,6.90,0.6900,true,1,27342
7290001247143,false,ספרינג תפוח 1 ל,"יפאורה תבורי בע""מ",,ספרינג תפוח 1 ליטר,מיליליטרים,1000.00,"100 מ""ל",false,1,6.90,0.6900,true,1,27379
7290001265642,false,מעדני לה קט פטה 400,,,מעדני לה קט פטה 3*40,גרמים,1200.00,100 גרם,false,1,23.90,1.9917,true,1,30499
7290001302279,false,במבה אסם קלאסי 60 גר,אסם,,במבה אסם קלאסי 60גר,גרמים,60.00,100 גרם,false,1,3.90,6.5000,true,1,76463
7290001305188,false,נוזל כלים בניחוח לימ,Colgate - Greece,,"נוזל כלים ""פלמוליב""",מיליליטרים,750.00,"100 מ""ל",false,1,10.90,1.4533,true,1,29985
7290001327180,false,גלידה קרמיסימו וניל,,,גלידה קרמיסימו וניל,ליטרים,1.33,ליטר,false,1,18.90,14.2105,true,1,29986
7290001327791,false,קרמיסימו עוגיות 1.33,,,קרמיסימו עוגיות 1.33,ליטרים,1.33,ליטר,false,1,18.90,14.2105,true,1,28402
7290001330029,false,עוגת למבדה עגולה 900,ברון מפעל לייצור עוג,,עוגת למבדה עגולה 900 גר,גרמים,900.00,100 גרם,false,1,114.90,12.7667,true,1,28404
7290001330050,false,עוגת וואלס שכבות 600,ברון מפעל לייצור עוג,,עוגת וואלס שכבות 600 גר,גרמים,600.00,100 גרם,false,1,64.90,10.8167,true,1,27345
7290001330234,false,עוגת קייבסקי עגולה 6,ברון מפעל לייצור עוג,,עוגת קייבסקי עגולה 600 גר,גרמים,600.00,100 גרם,false,1,92.90,15.4833,true,1,29267
7290001330746,false,עוגת ליצן מלבן 450 ג,ברון מפעל לייצור עוג,,עוגת ליצן מלבן 450 ג,גרמים,450.00,100 גרם,false,1,49.90,11.0889,true,1,28101
7290001330753,false,עוגת שחרחורת מלבן 45,ברון מפעל לייצור עוג,,עוגת שחרחורת מלבן 450 גר,גרמים,450.00,100 גרם,false,1,49.90,11.0889,true,1,28859
7290001330760,false,עוגת תותי פרוטי מלבן,ברון מפעל לייצור עוג,,עוגת תותי פרוטי מלבן 450 גר,גרמים,550.00,100 גרם,false,1,49.90,9.0727,true,1,30502
7290001330838,false,עוגת בת קייב עגולה 6,ברון מפעל לייצור עוג,,"עוגת ""בת קייב"" עגולה",גרמים,650.00,100 גרם,false,1,69.90,10.7538,true,1,29989
7290001330876,false,עוגת בת קייב עגולה 6,ברון מפעל לייצור עוג,,עוגת בת קייב עגולה 7,גרמים,650.00,100 גרם,false,1,69.90,10.7538,true,1,28102
7290001330890,false,עוגת פולונז עגולה קט,ברון מפעל לייצור עוג,,עוגת פולונז עגולה 700 גר,גרמים,650.00,100 גרם,false,1,82.90,12.7538,true,1,28406
7290001330906,false,עוגה למבדה עגולה קטנ,ברון מפעל לייצור עוג,,למבדה עגולה קטנה 600 גר,גרמים,600.00,100 גרם,false,1,82.90,13.8167,true,1,28103
7290001330951,false,עוגת סיביר עגולה 800,ברון מפעל לייצור עוג,,עוגת סיביר עגולה 800 גר,גרמים,800.00,100 גרם,false,1,92.90,11.6125,true,1,28105
7290001334201,false,רוטב ברביקיו היינץ ב,,,רוטב ברביקיו היינץ בסגנון קרוליינה 527 ג,גרמים,527.00,100 גרם,false,1,27.90,5.2941,true,1,134466
7290001361009,false,טורט קייבסקי 700 גר,נטלי פלוס,,טורט קייבסקי,גרמים,700.00,100 גרם,false,1,78.90,11.2714,true,1,28860
7290001361016,false,עוגות גינגית פס 600,נטלי פלוס,,עוגות גינגית פס 600 גר,גרמים,600.00,100 גרם,false,1,41.90,6.9833,true,1,28407
7290001361023,false,עוגת מולטית פס 600 ג,נטלי פלוס,,עוגת מולטית פס,גרמים,600.00,100 גרם,false,1,41.90,6.9833,true,1,29270
7290001361047,false,אקלרים נטלי במילוי ק,,,אקלרים נטלי במילוי קרם ריבת חלב 400 גר,גרמים,400.00,100 גרם,false,1,36.90,9.2250,true,1,58903
7290001361054,false,אקלרים 600 גר,נטלי פלוס,,אקלרים 600 גר,גרמים,600.00,100 גרם,false,1,42.90,7.1500,true,1,30505
7290001361061,false,אקלרים בציפוי שוקולד,נטלי פלוס,,אקלרים בציפוי שוקולד,גרמים,600.00,100 גרם,false,1,42.90,7.1500,true,1,26753
7290001361078,false,עוגה לילות קייב 900,נטלי פלוס,,לילות קייב,גרמים,900.00,100 גרם,false,1,94.90,10.5444,true,1,28861
7290001361085,false,עוגת נפוליאון פס 600,נטלי פלוס,,עוגת נפוליאון פס,גרמים,600.00,100 גרם,false,1,41.90,6.9833,true,1,29992
7290001361092,false,עוגת פיצוץ פס 400 גר,נטלי פלוס,,עוגת פיצוץ פס,גרמים,400.00,100 גרם,false,1,41.90,10.4750,true,1,27346
7290001361153,false,עוגת פיצוץ גדולה 1 ק,נטלי פלוס,,"עוגת פיצוץ גדולה 1 ק""ג",קילוגרמים,1.00,"ק""ג",false,1,94.90,94.9000,true,1,29993
7290001361160,false,עוגת מיסטיקה בטעם אנ,נטלי פלוס,,"עוגת ""מיסטיקה"" בטעם",גרמים,750.00,100 גרם,false,1,69.90,9.3200,true,1,28409
7290001361207,false,עוגת פס אוכמניות 650,נטלי פלוס,,עוגת אוכמניות פס,גרמים,650.00,100 גרם,false,1,45.90,7.0615,true,1,29994
7290001361214,false,פרוסות 550 גר,נטלי פלוס,,פרוסות 550 גר,גרמים,550.00,100 גרם,false,1,34.90,6.3455,true,1,26795
7290001361269,false,פס קייבסקי 350 גר,,,טורט קייב,גרמים,350.00,100 גרם,false,1,41.90,11.9714,true,1,56100
7290001361290,false,עוגה מוצרט 1 קג,נטלי פלוס,,"עוגה מוצרט 1 ק""ג",גרמים,1000.00,100 גרם,false,1,94.90,9.4900,true,1,30507
7290001361344,false,עוגת מוזה פס של נטלי,,,עוגת מוזה פס של נטלי 400 גר,גרמים,400.00,100 גרם,false,1,45.90,11.4750,true,1,103450
7290001361436,false,עוגת פס שמנת סמטניק,,,עוגת פס שמנת סמטניק נטלי 550 גר,גרמים,550.00,100 גרם,false,1,43.90,7.9818,true,1,131062
7290001361450,false,עוגת ריבת חלב מותק 6,נטלי פלוס,,עוגת ריבת חלב מותק 650 גר,גרמים,650.00,100 גרם,false,1,69.90,10.7538,true,1,28863
7290001361580,false,עוגת פס היער השחור נ,,,עוגת פס היער השחור נטלי 550 גר,גרמים,550.00,100 גרם,false,1,43.90,7.9818,true,1,57287
7290001361733,false,עוגת פס אלפחורס נטלי,,,עוגת פס אלפחורס נטלי 550 גר,גרמים,550.00,100 גרם,false,1,43.90,7.9818,true,1,131061
7290001361894,false,עוגת טרפלס שוקולד 45,נטלי פלוס,,עוגת טרפלס שוקולד 450גר,גרמים,450.00,100 גרם,false,1,39.90,8.8667,true,1,76495
7290001361931,false,פחזניות במילוי גבינה,נטלי פלוס,,פחזניות במילוי גבינה,גרמים,350.00,100 גרם,false,1,36.90,10.5429,true,1,28107
7290001361979,false,עוגת פס גבינה ללא סו,נטלי פלוס,,עוגת פס גבינה ללא סוכר 450 גר,גרמים,500.00,100 גרם,false,1,39.90,7.9800,true,1,28108
7290001371202,false,רוטב ברביקיו היינץ א,,,רוטב ברביקיו היינץ אורגינל 606 גר,גרמים,606.00,100 גרם,false,1,27.90,4.6040,true,1,134465
7290001407769,false,טחינה בארכה עם שומשו,,,טחינה בארכה עם שומשום 500 גר,גרמים,500.00,100 גרם,false,1,13.90,2.7800,true,1,28110
7290001419618,false,וופל עלמה בלגי 200 ג,,,"וופל ""עלמה"" בלגי 200",גרמים,200.00,100 גרם,false,1,4.90,2.4500,true,1,27349
7290001419779,false,וופל בטעם שוקולד עלמ,,,"ופל שוקולד ""עלמה"" קל",גרמים,200.00,100 גרם,false,1,4.90,2.4500,true,1,27350
7290001419892,false,וופל עלמה קלאסי 200,,,וופל עלמה קלאסי 200 גר,גרמים,200.00,100 גרם,false,1,4.90,2.4500,true,1,28436
7290001427323,false,מיץ סלק תפוח טבעי 1,,,מיץ סלק תפוח טבעי 1 ל,ליטרים,1.00,ליטר,false,1,24.90,24.9000,true,1,128651
7290001468104,false,גפרורים,י.ד. יבוא,,גפרורים,Unknown,0.00,Unknown,false,1,4.90,0.0000,true,1,73640
7290001468159,false,ריבת חלב 450 גר,מ.א.מ השלושה,,ריבת חלב 450 גר,גרמים,450.00,100 גרם,false,1,13.90,3.0889,true,1,28124
7290001468272,false,פלסטרים מעורב,QUEST,,פלסטרים מעורב,Unknown,0.00,Unknown,false,1,7.50,0.0000,true,1,28125
7290001468463,false,ספוג לפנים,GANGEKSTIL,,ספוג לפנים,Unknown,0.00,Unknown,false,1,9.90,0.0000,true,1,30508
7290001468616,false,אבקת אפיה 100 גר,ר.ס.,,אבקת אפיה,גרמים,100.00,100 גרם,false,1,2.90,2.9000,true,1,28871
7290001468661,false,מסיר לק ריחני 180 מל,מעבדות קליאו,,מסיר לק ריחני,מיליליטרים,180.00,"100 מ""ל",false,1,7.90,4.3889,true,1,30509
7290001468708,false,קורנפלור 500 גר,ר.ס.,,"קורנפלור 500 ג""ר",גרמים,500.00,100 גרם,false,1,6.90,1.3800,true,1,28127
7290001468715,false,אבקת סוכר 100 גר,ר.ס.,,10אבקת סוכר ג,גרמים,100.00,100 גרם,false,1,2.50,2.5000,true,1,28874
7290001468753,false,קמח תפוא 500 גר,ר.ס.,,"50קמח תפו""א ג",גרמים,500.00,100 גרם,false,1,6.90,1.3800,true,1,28128
7290001468999,false,שקדי מרק 400 גר,חטיפים מן הטבע,,שקדי מרק 400 ג,גרמים,400.00,100 גרם,false,1,9.90,2.4750,true,1,29999
7290001482186,false,אננס חתוךבסירופ קל 5,טקרנג,,"אננס חתוך 600 גר""",גרמים,565.00,100 גרם,false,1,6.90,1.2212,true,1,27401
7290001491096,false,תה ירוק לימונית לואי,,,תה ירוק לימונית/לואי,גרמים,75.00,100 גרם,false,1,39.90,53.2000,true,1,27405
7290001491812,false,תה ירוק פירות יער ופ,,,תה ירוק פירות יער ופ,גרמים,38.00,100 גרם,false,1,24.90,65.5263,true,1,27365
7290001567555,false,פסטרמה מעודנת עם דבש,,,פסטרמה מעודנת עם דבש 300 גר,גרמים,300.00,100 גרם,false,1,21.90,7.3000,true,1,114156
7290001567760,false,פסטרמה של פעם 300 גר,,,פסטרמה של פעם 300 גר,גרמים,300.00,100 גרם,false,1,25.90,8.6333,true,1,113945
7290001567814,false,סלמי מעושן מבסגנון א,,,סלמי מעושן מבסגנון איטלקי 300 גר,גרמים,300.00,100 גרם,false,1,21.90,7.3000,true,1,114155
7290001581773,false,קבב בלקני עם פיסטוק,,,קבב בלקני עם פיסטוק 500 גר,גרמים,500.00,100 גרם,false,1,34.90,6.9800,true,1,132384
7290001581780,false,נקניקיות מרגז פיקנטי,,,נקניקיות מרגז פיקנטיות 400 גר,גרמים,400.00,100 גרם,false,1,29.90,7.4750,true,1,132387
7290001581933,false,קבב טלה קווקזי 500 ג,,,קבב טלה קווקזי 500 גר,גרמים,500.00,100 גרם,false,1,34.90,6.9800,true,1,132385
7290001581940,false,המבורגר וואגיו מובחר,,,המבורגר וואגיו מובחר 300 גר,גרמים,300.00,100 גרם,false,1,29.90,9.9667,true,1,132386
7290001581957,false,שיפודי טלה 400 גר,,,שיפודי טלה 400 גר,גרמים,400.00,100 גרם,false,1,64.90,16.2250,true,1,132391
7290001581964,false,שיפודי כבד טלה 400 ג,,,שיפודי כבד טלה 400 גר,גרמים,400.00,100 גרם,false,1,19.90,4.9750,true,1,132390
7290001581971,false,שיפודי אנטריקוט עגל,,,שיפודי אנטריקוט עגל 400 גר,גרמים,400.00,100 גרם,false,1,64.90,16.2250,true,1,132389
7290001594025,false,קוקה קולה זכוכית 350,,,קוקה קולה זכוכית 350,מיליליטרים,350.00,"100 מ""ל",false,1,5.90,1.6857,true,1,59347
7290001594155,false,קוקה קולה 500 מל,קוקה קולה,,"קוקה קולה 500 מ""ל",מיליליטרים,500.00,"100 מ""ל",false,1,6.90,1.3800,true,1,28923
7290001594179,false,פאנטה 500 מל,קוקה קולה,,"פאנטה 500 מ""ל",מיליליטרים,500.00,"100 מ""ל",false,1,6.90,1.3800,true,1,29278
7290001594230,false,סודה קינלי 250 מל,קוקה קולה,,סודה קינלי 250 מל,מיליליטרים,250.00,"100 מ""ל",false,1,3.90,1.5600,true,1,29279
7290001594377,false,פריגת תפוזים 500 מל,פריגת,,"פריגת תפוזים 500 מ""ל",מיליליטרים,500.00,"100 מ""ל",false,1,6.90,1.3800,true,1,28134
7290001594384,false,פריגת טעם אשכוליות 5,פריגת,,"פריגת אשכולית 500 מ""",מיליליטרים,500.00,"100 מ""ל",false,1,6.90,1.3800,true,1,27366
7290001594391,false,פריגת ענבים 500 מל,פריגת,,פריגת ענבים 500מל,מיליליטרים,500.00,"100 מ""ל",false,1,6.90,1.3800,true,1,30003
7290001594568,false,בירה קרלסברג פחית 50,קרלסברג ישראל,,"קרלסברג 500 מ""ל פחית",מיליליטרים,500.00,"100 מ""ל",false,1,9.90,1.9800,true,1,28463
7290001594575,false,בירה טובורג רד 500 מ,קרלסברג ישראל,,"טובורג 500 מ""ל פחית",מיליליטרים,500.00,"100 מ""ל",false,1,8.90,1.7800,true,1,30004
7290001594803,false,בירה טובורג גרין 330,קרלסברג ישראל,,שישיית טובורג גרין 3,ליטרים,1.98,ליטר,false,1,41.90,21.1616,true,1,30515
7290001594810,false,בירה מאלטי 330 מל שי,קרלסברג ישראל,,שישיית בירה מאלטי 33,ליטרים,1.98,ליטר,false,1,31.90,16.1111,true,1,28136
7290001594858,false,בירה טובורג רד 330 מ,קרלסברג ישראל,,"שישיית טובורג 330 מ""",ליטרים,1.98,ליטר,false,1,39.90,20.1515,true,1,28137
7290001594865,false,בירה קרלסברג 330 מל,קרלסברג ישראל,,בירה קרלסברג שישייה,ליטרים,1.98,ליטר,false,1,40.90,20.6566,true,1,28924
7290001670668,false,קרחונית 12 יח,,,"קרחונית 12 יח""",Unknown,0.00,Unknown,false,1,4.90,0.0000,true,1,30008
7290001713273,false,שקיות אשפה עלמה 40 י,,,שקיות אשפה עלמה 40 יח בניחוח לימון,Unknown,0.00,Unknown,false,1,13.90,0.0000,true,1,137676
7290001723616,false,כפפות ניילון בשקית 1,,CN,כפפות ניילון בשקית 100 יח,Unknown,0.00,Unknown,false,100,7.90,0.0000,true,1,129641
7290001738771,false,טושיונקה בקר אדום 40,,,מעדן בקר ראש 400 גר,גרמים,400.00,100 גרם,false,1,19.90,4.9750,true,1,105455
7290001791356,false,פרש אוטומטיק לבנדר 2,,,פרש אוטומטיק לבנדר,מיליליטרים,250.00,"100 מ""ל",false,1,14.90,5.9600,true,1,26754
7290001791776,false,סנו די רול און פלוס,,,סנו די רולאון עם אלו,מיליליטרים,50.00,"100 מ""ל",false,1,19.90,39.8000,true,1,30015
7290001813454,false,עוגיות חיוכים שוקו 9,אפיפית נצרת תעשיות ב,,"חיוכים שוקו 900 ג""ר",גרמים,900.00,100 גרם,false,1,19.90,2.2111,true,1,27410
7290001813478,false,עוגיות חיוכים וניל 9,אפיפית נצרת תעשיות ב,,"חיוכים וניל 900 ג""ר",גרמים,900.00,100 גרם,false,1,19.90,2.2111,true,1,27411
7290001817377,false,חטיף ציטוס איקס עיגו,STRAUSS-ISRAEL,,"צ""יטוס איקס עיגול 60",גרמים,60.00,100 גרם,false,1,3.40,5.6667,true,1,30016
7290001817728,false,חטיף ציטוס כאפה 55 ג,STRAUSS-ISRAEL,,"צ""יטוס כאפה 55 גר""",גרמים,55.00,100 גרם,false,1,3.40,6.1818,true,1,27412
7290001865439,false,אל סבון פמילי וניל ע,אינטרקוסמא,,"אל סבון ""פמילי"" עם מ",ליטרים,1.00,ליטר,false,1,11.90,11.9000,true,1,30537
7290001865453,false,אל סבון פמילי לבנדר,אינטרקוסמא,,"אל סבון ""פמילי"" עם מ",ליטרים,1.00,ליטר,false,1,11.90,11.9000,true,1,29298
7290001881040,false,מלפפונון במלח 1 קג,,,מלפפונון במלח 600 גר,קילוגרמים,1.00,"ק""ג",false,1,29.90,29.9000,true,1,73432
7290001881095,false,עגבניות שרי 500 גר,,,עגבניות שרי 500 גר,גרמים,500.00,100 גרם,false,1,29.90,5.9800,true,1,28514
7290001881224,false,קוביות אננס מאמא מרי,,,קוביות אננס מאמא מרי קפוא 300 גר,גרמים,300.00,100 גרם,false,1,15.90,5.3000,true,1,28944
7290001881231,false,מנגו קפוא 300 גר,,,מנגו קפוא 300 גר,גרמים,300.00,100 גרם,false,1,15.90,5.3000,true,1,27460
7290001881293,false,תות שדה קפוא 300 גר,,,חמאת קוויאר שחור,גרמים,300.00,100 גרם,false,1,11.90,3.9667,true,1,28515
7290001881873,false,כרוב כבוש עם חמוציות,,,כרוב כבוש עם חמוציות,קילוגרמים,1.00,"ק""ג",false,1,19.90,19.9000,true,1,28516
7290001975015,false,בירה טובורג גרין 500,קרלסברג ישראל,,בירה טובורג גרין 0.5,מיליליטרים,500.00,"100 מ""ל",false,1,8.90,1.7800,true,1,28948
7290001990148,false,סוכר גולדן קלאסי 1 ק,,,סוכר גולדן קלסי,גרמים,1000.00,100 גרם,false,1,11.90,1.1900,true,1,29304
7290001990377,false,שעועית בובס 500 גר,,,"שעועית בובס 500 ג""ר",גרמים,500.00,100 גרם,false,1,10.90,2.1800,true,1,29305
7290001992050,false,בלינציס בשר 600 גר,מעדני מניה תעשיות בש,,בלינציס בשר 600 גר,גרמים,600.00,100 גרם,false,1,34.90,5.8167,true,1,48823
7290001992074,false,בלינציס גבינה 600 גר,מעדני מניה תעשיות בש,,בלינציס גבינה 600 גר,גרמים,600.00,100 גרם,false,1,34.90,5.8167,true,1,48821
7290001992081,false,קרפלך עגל 800 גר,מעדני מניה תעשיות בש,,קרפלך עגל 800 גר,גרמים,800.00,100 גרם,false,1,28.90,3.6125,true,1,48828
7290001992135,false,קרפלך תפוא 800 גר,מעדני מניה תעשיות בש,,קרפלך תפוייא 800גר,גרמים,800.00,100 גרם,false,1,16.90,2.1125,true,1,48838
7290001992203,false,קרפלך סיבירסקי 800 ג,מעדני מניה תעשיות בש,,פלמני סיבירסקי,גרמים,800.00,100 גרם,false,1,28.90,3.6125,true,1,48949
7290001992210,false,קרפלך רוסי 800 גר,מעדני מניה תעשיות בש,,קרפלך רוסי 800 גר,גרמים,800.00,100 גרם,false,1,28.90,3.6125,true,1,48837
7290001992500,false,קרפלך לילדים 800 גר,מעדני מניה תעשיות בש,,קרפלך לילדים 800 גר,גרמים,800.00,100 גרם,false,1,28.90,3.6125,true,1,48835
7290002000143,false,קרם ידיים בשפופרת פנ,אינטרקוסמא,,"קרם ידיים ""פנג""ל"" קל",Unknown,0.00,Unknown,false,1,7.90,0.0000,true,1,27483
7290002007036,false,כוסמת 500 גר,,,"כוסמת 500 גר""",גרמים,500.00,100 גרם,false,1,7.90,1.5800,true,1,30025
7290002007357,false,שקיות לצליה 10 יח,,,10 שקיות לצליה י,Unknown,0.00,Unknown,false,1,3.90,0.0000,true,1,28959
7290002007371,false,פירורי לחם 500 גר,,,"פירורי לחם 500 ג""ר",גרמים,500.00,100 גרם,false,1,6.90,1.3800,true,1,28524
7290002007500,false,קסמים חבית 500 יח,,,"קסמים חבית 500 יח""",Unknown,0.00,Unknown,false,1,4.90,0.0000,true,1,29313
7290002007746,false,צבע מאכל כחול 55 מל,,,"צבע מאכל כחול 55 מ""ל",מיליליטרים,55.00,"100 מ""ל",false,1,4.00,7.2727,true,1,28226
7290002007852,false,תמצית וניל 55 מל,,,תמצית וניל,מיליליטרים,55.00,"100 מ""ל",false,1,3.90,7.0909,true,1,27440
7290002008057,false,תמצית רום 55 מל,,,תמצית רום,מיליליטרים,55.00,"100 מ""ל",false,1,3.90,7.0909,true,1,28539
7290002008088,false,צבע מאכל צהוב 55 מל,,,"צבע מאכל צהוב 55 מ""ל",מיליליטרים,55.00,"100 מ""ל",false,1,4.00,7.2727,true,1,27493
7290002008156,false,עטרות חום 5,,,עטרות חום 5,יחידה,1.00,יחידה,false,1,5.90,5.9000,true,1,48188
7290002008224,false,סוכריות לקישוט צבעונ,,,מזרה עגול,גרמים,100.00,100 גרם,false,1,5.90,5.9000,true,1,27495
7290002008231,false,אצטון 100 גר,,,אצטון 100 גר,גרמים,100.00,100 גרם,false,1,4.90,4.9000,true,1,50904
7290002008347,false,קורנפלור הנמל 500 גר,,,קורנפלור הנמל 500 גר,גרמים,500.00,100 גרם,false,1,5.90,1.1800,true,1,27496
7290002008354,false,מפת מגן הנמל,,,מפת מגן הנמל,גרמים,400.00,100 גרם,false,1,10.90,2.7250,true,1,27444
7290002008507,false,נייר אפיה 50 יח,,,נייר אפיה 50 יח,Unknown,0.00,Unknown,false,1,8.90,0.0000,true,1,28966
7290002008651,false,קמח תפוא 500 גר,,,"50קמח תפו""א ג""",גרמים,500.00,100 גרם,false,1,5.90,1.1800,true,1,28231
7290002008743,false,סוכר וניל 10 יח,,,"סוכר וניל 10 יח""",גרמים,100.00,100 גרם,false,1,2.50,2.5000,true,1,29318
7290002008750,false,אבקת אפיה 10 יח,,,"אבקת אפיה 10 יח""",גרמים,100.00,100 גרם,false,1,2.50,2.5000,true,1,30556
7290002008774,false,שומשום 200 גר,,,שומשום ג,גרמים,200.00,100 גרם,false,1,6.90,3.4500,true,1,28968
7290002008934,false,סוכריות לקישוט צבעונ,,,סוכריות צבעוניות לקי,גרמים,200.00,100 גרם,false,1,7.90,3.9500,true,1,29319
7290002008989,false,קישקשים,,,קישקשים,Unknown,0.00,Unknown,false,1,9.90,0.0000,true,1,28232
7290002019114,false,רוטב עגבניות פריניר,פריניר,,רוטב עגבניות פריניר מרוכז מאוד 560 גרי,גרמים,560.00,100 גרם,false,1,7.90,1.4107,true,1,27466
7290002019763,false,עגבניות מרוסקות פרינ,פריניר,,עגבניות מרוסקות פריניר 800 גר,גרמים,800.00,100 גרם,false,1,6.90,0.8625,true,1,54509
7290002019787,false,רסק עגבניות פריניר 2,פריניר,,רסק עגבניות פריניר 260 גר,גרמים,260.00,100 גרם,false,1,3.90,1.5000,true,1,54500
7290002019794,false,רסק עגבניות פריניר 1,פריניר,,רסק עגבניות פריניר 100 גר,גרמים,100.00,100 גרם,false,1,1.90,1.9000,true,1,30032
7290002026365,false,טבעות בצל אריסטו 500,,,טבעות בצל אריסטו  500 גר,גרמים,500.00,100 גרם,false,1,10.90,2.1800,true,1,105976
7290002026778,false,גלידת פיינט קון סווי,,,"גלידת פיינט 500 מ""ל",מיליליטרים,500.00,"100 מ""ל",false,1,19.90,3.9800,true,1,101169
7290002026976,false,גלידת וניל עם עוגיות,,,"גלידת וניל עם עוגיות שוקולד ציפס 500 מ""ל",מיליליטרים,500.00,"100 מ""ל",false,1,19.90,3.9800,true,1,120482
7290002037057,false,לחם לבן ארוז 500 גר,מאפיית ודש,,"לחם לבן ארוז 500 גר""",גרמים,500.00,100 גרם,false,1,5.90,1.1800,true,1,28546
7290002037125,false,חלה פרוסה 500 גר,מאפיית ודש,,"חלה פרוסה 500 גר""",גרמים,500.00,100 גרם,false,1,8.90,1.7800,true,1,27470
7290002037163,false,לחם אחיד פרוס 750 גר,מאפיית ודש,,לחם אחיד פרוס 750 גר,גרמים,750.00,100 גרם,false,1,6.70,0.8933,true,1,28240
7290002037637,false,חבילת חלה מתוקה 360,מאפיית ודש,,חבילת חלה מתוקה 360,גרמים,360.00,100 גרם,false,1,12.90,3.5833,true,1,27472
7290002040019,false,קוסקוס רגיל 350 גר,,,קוסקוס רגיל 350גר,גרמים,350.00,100 גרם,false,1,5.90,1.6857,true,1,29328
7290002050032,false,מיקס פיצוחים פרמיום,זארובי,,מיקס פיצוחים פרמיום 630 גר,גרמים,630.00,100 גרם,false,1,59.90,9.5079,true,1,98464
7290002050469,false,תבלין קינמון טחון 70,,,תבלין קינמון טחון 70גר,גרמים,70.00,100 גרם,false,1,4.90,7.0000,true,1,80577
7290002050551,false,אגוז פקאן טבעי 180 ג,,,אגוז פקאן טבעי 180 גר,גרמים,180.00,100 גרם,false,1,23.90,13.2778,true,1,135168
7290002050575,false,קשיו טבעי 220 גר,,,קשיו טבעי 220 גר,גרמים,220.00,100 גרם,false,1,23.90,10.8636,true,1,111853
7290002050674,false,פלפל שחור גרוס 50 גר,,,פלפל שחור גרוס 50 גר,גרמים,50.00,100 גרם,false,1,4.90,9.8000,true,1,112361
7290002050803,false,סוכריות גומי זארובי,,,רביעיית ממתקים 550 גר,גרמים,550.00,100 גרם,false,1,25.90,4.7091,true,1,133965
7290002050865,false,אגוזי מלך 150 גר,,,אגוזי מלך 150 גר,גרמים,150.00,100 גרם,false,1,12.90,8.6000,true,1,111855
7290002050872,false,שקד טבעי אמריקאי 240,,,שקד טבעי אמריקאי 240 גר,גרמים,240.00,100 גרם,false,1,25.90,10.7917,true,1,111856
7290002050896,false,צנובר 200 גר,,,צנובר 200 גר,גרמים,200.00,100 גרם,false,1,54.90,27.4500,true,1,111857
7290002050940,false,געלה פרמיום 500 גר,,,געלה פרמיום 500 גר,גרמים,500.00,100 גרם,false,1,34.90,6.9800,true,1,111858
7290002050964,false,חמוציות מופחת סוכר 2,,,חמוציות מופחת סוכר 200 גר,גרמים,200.00,100 גרם,false,1,13.90,6.9500,true,1,111861
7290002050988,false,גרנולה פרמיום 450 גר,,,גרנולה פרמיום 450 גר,גרמים,450.00,100 גרם,false,1,22.90,5.0889,true,1,142622
7290002057031,false,זיתים מבוקעים פיקנטי,,,זיתים מבוקעים,גרמים,560.00,100 גרם,false,1,8.90,1.5893,true,1,28256
7290002057055,false,זית סורי שלם יבנה 56,,,זית סורי שלם,גרמים,560.00,100 גרם,false,1,10.90,1.9464,true,1,28257
7290002057062,false,זיתים מנזלינו ירוק ב,,,זיתים מנזלינו בינוני יבנה 560 גר,גרמים,560.00,100 גרם,false,1,6.90,1.2321,true,1,28986
7290002057093,false,זית מנזלינו גדול יבנ,,,זית מנזו. גדול,גרמים,560.00,100 גרם,false,1,7.90,1.4107,true,1,28987
7290002057109,false,זית מנזלינו גדול מאו,,,זית מנזולינו ג.מ.,גרמים,560.00,100 גרם,false,1,9.90,1.7679,true,1,29331
7290002057123,false,זיתים חרוזית יבנה 56,,,חרוזית יבנה,גרמים,560.00,100 גרם,false,1,9.90,1.7679,true,1,27522
7290002057161,false,זית מרינט ביין גדול,,,זית מרינט יבנה,גרמים,560.00,100 גרם,false,1,9.90,1.7679,true,1,30036
7290002057185,false,טבעות זיתים ירוקים י,,,טבעות זיתים ירוקים,גרמים,560.00,100 גרם,false,1,9.90,1.7679,true,1,29332
7290002057352,false,מלפפון במלח 7-9 יבנה,קבוצת יבנה,,מלפפון במלח 7-9,גרמים,560.00,100 גרם,false,1,6.50,1.1607,true,1,27523
7290002057369,false,מלפפון יבנה במלח 10-,קבוצת יבנה,,מלפפון יבנה במלח 10-12 560 גר,גרמים,560.00,100 גרם,false,1,7.90,1.4107,true,1,29334
7290002057376,false,מלפפונים במלח 13-17,קבוצת יבנה,,מלפפונים במלח 13-17,גרמים,560.00,100 גרם,false,1,9.90,1.7679,true,1,28565
7290002057383,false,מלפפון במלח 18-25 יב,,,מלפפון במלח 18-25,גרמים,600.00,100 גרם,false,1,11.90,1.9833,true,1,29335
7290002057437,false,שיפקונית 560 גר,,,שיפקונית 560 גר,גרמים,560.00,100 גרם,false,12,9.90,1.7679,true,1,131143
7290002057451,false,מלפפון בחומץ 7-9 יבנ,קבוצת יבנה,,מלפפון בחומץ 7-9,גרמים,560.00,100 גרם,false,1,6.50,1.1607,true,1,28566
7290002057468,false,מלפפון יבנה בחומץ 10,קבוצת יבנה,,מלפפון יבנה בחומץ 10-12 560 גר,גרמים,560.00,100 גרם,false,1,7.90,1.4107,true,1,28989
7290002057475,false,מלפפון בחומץ 13-17 י,קבוצת יבנה,,מלפפון בחומץ 13-17,גרמים,560.00,100 גרם,false,1,9.90,1.7679,true,1,27524
7290002057482,false,מלפפון בחומץ 18-25 י,,,מלפפון בחומץ 18-25,גרמים,560.00,100 גרם,false,1,11.90,2.1250,true,1,28990
7290002057604,false,פלפל חריף שיפקה יבנה,קבוצת יבנה,,פלפל חריף שיפקה,גרמים,560.00,100 גרם,false,1,5.90,1.0536,true,1,27480
7290002057628,false,זית טבעות מושחר יבנה,,,טבעות מושחר,גרמים,560.00,100 גרם,false,1,9.90,1.7679,true,1,27481
7290002057703,false,חצילים יבנה 560 גר,קבוצת יבנה,,חצילים יבנה 560 גרם,גרמים,560.00,100 גרם,false,1,6.90,1.2321,true,1,28258
7290002057734,false,זית חרוזת מושחר יבנה,,,חרוזת שחור,גרמים,560.00,100 גרם,false,1,9.90,1.7679,true,1,28259
7290002075233,false,שוקולדים אייסקונפקט,,,איס חום ריבוע 250גר,גרמים,250.00,100 גרם,false,1,18.90,7.5600,true,1,28263
7290002075271,false,סוכריות ריקולה צמחים,,,סוכריות ריקולה צמחים 70 גר,גרמים,75.00,100 גרם,false,1,9.90,13.2000,true,1,139988
7290002079033,false,לחם דגנים לייט 500 ג,,,לחם דגנים לייט,גרמים,500.00,100 גרם,false,1,13.90,2.7800,true,1,28994
7290002079316,false,חלה פרוסה 500 גר,,,חלה פרוסה,גרמים,500.00,100 גרם,false,1,9.90,1.9800,true,1,28995
7290002079361,false,לחמניה המבורגר פרוס,,,לחמניה המבורגר פרוס 480 גר,גרמים,480.00,100 גרם,false,1,16.90,3.5208,true,1,29339
7290002079408,false,קרוטונים לסלט 250 גר,חטיפים מן הטבע,,קרוטונים לסלט 250 גר,גרמים,250.00,100 גרם,false,1,9.90,3.9600,true,1,28267
7290002079477,false,שחור פרוס 750 גר,,,"שחור פרוס 750 גר""",גרמים,750.00,100 גרם,false,1,6.70,0.8933,true,1,27504
7290002079927,false,לחם דגנים מלא 750 גר,,,לחם דגנים מלא 750 גר,גרמים,750.00,100 גרם,false,1,13.90,1.8533,true,1,28574
7290002079996,false,לחם אחיד קל פרוס 750,,,לחם אחיד קל פרוס,גרמים,750.00,100 גרם,false,1,13.90,1.8533,true,1,30044
7290002096009,false,דובשניות 450 גר,,,דובשניות 450 גר,גרמים,450.00,100 גרם,false,1,13.90,3.0889,true,1,51077
7290002096047,false,דובשניות חפץ 800 גר,,,"דובשניות חפץ 800 ג""ר",גרמים,800.00,100 גרם,false,1,18.90,2.3625,true,1,30045
7290002096498,false,דובשניות 600 גר,,,דובשניות 600 גר,גרמים,600.00,100 גרם,false,1,15.90,2.6500,true,1,51076
7290002107385,false,גבינת עיזים מותכת מה,,,מה-עז - גליל גבינת ע,גרמים,180.00,100 גרם,false,,24.90,13.8333,true,1,30047
7290002107491,false,גבינת עיזים למריחה 5,,,גבינת עיזים למריחה 5,גרמים,250.00,100 גרם,false,1,14.90,5.9600,true,1,30570
7290002107798,false,בולגרית מעודנת 5% מ.,,,בולגרית קלאסית 5% בג,גרמים,250.00,100 גרם,false,1,21.90,8.7600,true,1,30049
7290002107965,false,גבינה טבורוג 5% 500,,,גבינה טבורוג 5% 500,גרמים,500.00,100 גרם,false,1,24.90,4.9800,true,1,28269
7290002130567,false,דבש טהור יד מרדכי 35,STRAUSS-ISRAEL,,"דבש טהור 350 ג""ר",גרמים,350.00,100 גרם,false,1,17.90,5.1143,true,1,28272
7290002132011,false,עוגיות מזרחיות עם שו,,,עוגיות עבאדי מזרחיות 400 גר,גרמים,400.00,100 גרם,false,1,15.90,3.9750,true,1,30052
7290002195054,false,המבורגר בלדי 400 גר,,,"המבורגר בלדי 400 גר""",גרמים,400.00,100 גרם,false,1,12.90,3.2250,true,1,29587
7290002195078,false,קבב כבש 400 גר,,,"קבב כבש 400 גר""",גרמים,400.00,100 גרם,false,1,12.90,3.2250,true,1,28285
7290002195085,false,קבב מזרחי 400 גר,,,"קבב מזרחי 400 גר""",גרמים,400.00,100 גרם,false,1,12.90,3.2250,true,1,27509
7290002239185,false,אפונת גינה ירוקה קפו,"פרי הגליל בע""""מ",,"אפונה 800 ג""ר",גרמים,800.00,100 גרם,false,1,10.90,1.3625,true,1,29000
7290002239277,false,גזר גמדי 800 גר,"פרי הגליל בע""""מ",,"גזר גמדי 800 גר""",גרמים,800.00,100 גרם,false,1,8.90,1.1125,true,1,28287
7290002239338,false,שעועית ירוקה 800 גר,"פרי הגליל בע""""מ",,שעועית ירוקה 800גר,גרמים,800.00,100 גרם,false,1,10.90,1.3625,true,1,29344
7290002239369,false,שעועית שלמה 800 גר,"פרי הגליל בע""""מ",,"שעועית שלמה 800 גר""",גרמים,800.00,100 גרם,false,1,10.90,1.3625,true,1,30058
7290002239420,false,תירס גרעינים 800 גר,"פרי הגליל בע""""מ",,"תירס גרעינים 800 ג""ר",גרמים,800.00,100 גרם,false,1,10.90,1.3625,true,1,29001
7290002253006,false,דורות שום כתוש טרי 2,דורות,,דורות שום כתוש טרי 2,גרמים,200.00,100 גרם,false,1,15.90,7.9500,true,1,29002
7290002253105,false,דורות קוביות שום טרי,דורות,,דורות קוביות שום טרי,גרמים,80.00,100 גרם,false,1,12.90,16.1250,true,1,29345
7290002260059,false,במבה אסם יום הולדת 6,אסם,,במבה אסם יום הולדת 60גר,גרמים,60.00,100 גרם,false,1,3.90,6.5000,true,1,76464
7290002304203,false,קונפיטורה תות שדה לי,ענבי ציון,,"קונפיטורה ""ענבי ציון",גרמים,600.00,100 גרם,false,1,24.90,4.1500,true,1,27557
7290002304227,false,קונפיטורה דובדבן חמו,ענבי ציון,,"קונפיטורה ""ענבי ציון",גרמים,600.00,100 גרם,false,1,24.90,4.1500,true,1,28300
7290002304234,false,קונפיטורה אוכמניות ל,ענבי ציון,,"קונפיטורה ""ענבי ציון",גרמים,600.00,100 גרם,false,1,24.90,4.1500,true,1,29348
7290002304241,false,קונפיטורה פירות יער,ענבי ציון,,"קונפיטורה ""ענבי ציון",גרמים,600.00,100 גרם,false,1,24.90,4.1500,true,1,28301
7290002304418,false,קונפיטורת אוכמניות 1,ענבי ציון,,קונפיטורת אוכמניות 1,קילוגרמים,1.20,"ק""ג",false,1,29.90,24.9167,true,1,29349
7290002304425,false,קונפיטורת דובדבן 1.2,ענבי ציון,,קונפיטורת דובדבן 1.2,קילוגרמים,1.20,"ק""ג",false,1,29.90,24.9167,true,1,28302
7290002304456,false,קונפיטורת חמוציות ענ,ענבי ציון,,"קונפיטורת חמוציות ""ע",קילוגרמים,1.20,"ק""ג",false,1,29.90,24.9167,true,1,26839
7290002304463,false,קונפיטורת פירות יער,ענבי ציון,,קונפיטורת פירות יער,קילוגרמים,1.20,"ק""ג",false,1,29.90,24.9167,true,1,29350
7290002304470,false,קונפיטורת משמש 1.2 ק,ענבי ציון,,קונפיטורת משמש 1.2 ק,קילוגרמים,1.20,"ק""ג",false,1,29.90,24.9167,true,1,30061
7290002304487,false,מעדן אוכמניות עם סוכ,ענבי ציון,,מעדן אוכמניות עם סוכ,קילוגרמים,1.20,"ק""ג",false,1,29.90,24.9167,true,1,29351
7290002304609,false,קונפיטורת תותים ענבי,ענבי ציון,,"קונפיטורה ""ענבי ציון",גרמים,600.00,100 גרם,false,1,19.90,3.3167,true,1,30062
7290002304616,false,קונפיטורת משמשים ענב,ענבי ציון,,"קונפיטורה ""ענבי ציון",גרמים,600.00,100 גרם,false,1,19.90,3.3167,true,1,28304
7290002304623,false,קונפיטורת פירות יער,ענבי ציון,,"קונפיטורה ""ענבי ציון",גרמים,600.00,100 גרם,false,1,19.90,3.3167,true,1,30063
7290002304630,false,קונפיטורת דובדבן ענב,ענבי ציון,,"קונפיטורה ""ענבי ציון",גרמים,600.00,100 גרם,false,1,19.90,3.3167,true,1,28305
7290002304654,false,קונפיטורת שזיפים ענב,ענבי ציון,,"קונפיטורה ""ענבי ציון",גרמים,600.00,100 גרם,false,1,19.90,3.3167,true,1,29005
7290002304661,false,קונפיטורת אוכמניות ע,ענבי ציון,,"קונפיטורה ""ענבי ציון",גרמים,600.00,100 גרם,false,1,19.90,3.3167,true,1,29006
7290002304692,false,קונפיטורת חמוציות וד,ענבי ציון,,"קונפיטורת ""ענבי ציון",גרמים,600.00,100 גרם,false,1,19.90,3.3167,true,1,30584
7290002327066,false,קונכיות 625 גר,אופרה,,קונכיות 625 גרם,גרמים,625.00,100 גרם,false,1,24.90,3.9840,true,1,30588
7290002331094,false,מים מינרליים נביעות,נביעות,,מים מינרליים נביעות,מיליליטרים,755.00,"100 מ""ל",false,1,3.90,0.5166,true,1,29012
7290002331124,false,מים בטעם תפוח נביעות,נביעות,,נביעות תפוח 0.5,מיליליטרים,500.00,"100 מ""ל",false,1,6.90,1.3800,true,1,29600
7290002331155,false,מים נביעות+ בטעם אפר,נביעות,,נביעות אפרסק 0.5,מיליליטרים,500.00,"100 מ""ל",false,1,6.90,1.3800,true,1,29354
7290002331360,false,מים מינרליים נביעות,נביעות,,נביעות ספורט שישייה,ליטרים,3.00,ליטר,false,1,14.90,4.9667,true,1,30067
7290002331421,false,נביעות טו גו 755 מל,נביעות,,שישית נביעות,ליטרים,4.53,ליטר,false,1,17.90,3.9514,true,1,29013
7290002331483,false,מים נביעות בייבי 320,נביעות,,מים נביעות בייבי 320מל שישייה,מיליליטרים,1920.00,"100 מ""ל",false,1,14.90,0.7760,true,1,74233
7290002331490,false,מים מינרליים נביעות,נביעות,,מים מינרליים נביעות 1ל,ליטרים,1.00,ליטר,false,1,2.90,2.9000,true,1,75861
7290002331711,false,מים בטעם ענבים נביעו,נביעות,,"מים מינרליים ""נביעות",מיליליטרים,500.00,"100 מ""ל",false,1,6.90,1.3800,true,1,29355
7290002349341,false,כרית ניקוי מיקרופייב,,,כרית ניקוי מיקרופייבר גיטרה,Unknown,0.00,Unknown,false,1,5.90,0.0000,true,1,133455
7290002353249,false,ממרח דיגונז מיילי 33,,,"ממרח דיגונז מיילי 345 מ""ל",גרמים,335.00,100 גרם,false,1,24.90,7.4328,true,1,112722
7290002353836,false,סרדין רוברט בשמן זית,קונסוורס,,"סרדין ""רוברט"" בשמן ז",גרמים,120.00,100 גרם,false,1,8.90,7.4167,true,1,27546
7290002360230,false,חרדל דיזון גרגרים 21,BORNIER -MUSTARD,,"חרדל ""דיז""ון"" גרגירי",גרמים,210.00,100 גרם,false,1,10.90,5.1905,true,1,27582
7290002374268,false,שמן חמניות מילומור 1,שמן תעשיות,,שמן חמניות מילומור 1 ל,ליטרים,1.00,ליטר,false,1,11.90,11.9000,true,1,28333
7290002374312,false,שמן קנולה מילומור 1,שמן תעשיות,,שמן קנולה מילומור 1 ל,ליטרים,1.00,ליטר,false,1,11.90,11.9000,true,1,30598
7290002374640,false,שמן קנולה עץ הזית פל,שמן תעשיות,,שמן קנולה עץ הזית פלוס אומגה 3 1 ל,ליטרים,1.00,ליטר,false,1,15.90,15.9000,true,1,78342
7290002407348,false,שמן זית גהשאן כתית מ,,,"שמן זית גהשאן כתית מעולה 750 מ""ל",מיליליטרים,750.00,"100 מ""ל",false,1,35.90,4.7867,true,1,30077
7290002408161,true,הולנדיה קרם 235 גר,,,הולנדיה קרם 235 גר,גרמים,235.00,100 גרם,false,1,16.90,7.1915,true,1,114741
7290002408178,true,גבינת קרם יאנטר 235,,,גבינת קרם יאנטר 235 גר,גרמים,235.00,100 גרם,false,1,16.90,7.1915,true,1,114740
7290002408352,true,בסגנון טבורוג בלטייס,,,בסגנון טבורוג בלטייסקי מולוצניק 275 גר,גרמים,275.00,100 גרם,false,,11.90,4.3273,true,1,120936
7290002408376,false,פטה צאן יווני 200 גר,,,פטה צאן יווני 200 גר,גרמים,200.00,100 גרם,false,1,24.90,12.4500,true,1,120753
7290002408468,false,איירן 300 מל,,,"איירן 300 מ""ל",מיליליטרים,300.00,"100 מ""ל",false,1,6.90,2.3000,true,1,122600
7290002408505,false,ממרח על בסיס שמנת לט,,,ממרח על בסיס שמנת לטבייסקי 350 גר,גרמים,350.00,100 גרם,false,1,9.90,2.8286,true,1,123496
7290002408819,false,חמאה טלי 200 גר,,,חמאה טלי 200 גר,גרמים,200.00,100 גרם,false,1,11.90,5.9500,true,1,129073
7290002408826,false,חמאה מולן אדום 200 ג,,,חמאה מולן אדום 200 גר,גרמים,200.00,100 גרם,false,1,11.90,5.9500,true,1,129071
7290002408833,false,חמאה מולן זהב 200 גר,,,חמאה מולן זהב 200 גר,גרמים,200.00,100 גרם,false,1,11.90,5.9500,true,1,129072
7290002408895,true,חמאה טלי שחור 200 גר,,,חמאה טלי שחור 200 גר,גרמים,200.00,100 גרם,false,,11.90,5.9500,true,1,131429
7290002408956,false,חמאת כמהין 150 גר,,,חמאת כמהין 150 גר,גרמים,150.00,100 גרם,false,1,29.90,19.9333,true,1,137495
7290002479352,false,דבש עמק חפר 350 גר,מכוורת עמק חפר,,"דבש ""עמק חפר"" 350 גר",גרמים,350.00,100 גרם,false,1,18.90,5.4000,true,1,27610
7290002507604,false,פיצה השף 320 גר,שלושת האופים,,פיצה דקה עגולה תפזור,גרמים,320.00,100 גרם,false,1,16.90,5.2812,true,1,113750
7290002511403,false,קפיר 2 ל,מחלבת המושבה,,"קפיר 2ל""",מיליליטרים,2000.00,"100 מ""ל",false,1,24.90,1.2450,true,1,29033
7290002511410,false,ראזינקה 2 ל,מחלבת המושבה,,"ראז""ינקה 2ל""",מיליליטרים,2000.00,"100 מ""ל",false,1,24.90,1.2450,true,1,30096
7290002542506,false,בירה קורונה 355 מל,,,"בירה קורונה 355 מ""ל",מיליליטרים,355.00,"100 מ""ל",false,1,9.90,2.7887,true,1,29036
7290002542780,false,בירה סטלה ארטואה 330,,,שישיית בירה סטלה ארטואה 330 מל,מיליליטרים,1980.00,"100 מ""ל",false,1,32.90,1.6616,true,1,133243
7290002542797,false,בירה לף בלונד בק 330,,,בירה לף בלונד בק 330 מל,מיליליטרים,330.00,"100 מ""ל",false,1,10.90,3.3030,true,1,139473
7290002542810,false,בירה הוגרדן בק 330 מ,,,בירה הוגרדן בק 330 מל,מיליליטרים,330.00,"100 מ""ל",false,1,10.90,3.3030,true,1,139475
7290002542827,false,בירה לף בלונד 750 מל,,,בירה לף בלונד 750 מל,מיליליטרים,750.00,"100 מ""ל",false,1,24.90,3.3200,true,1,138905
7290002543046,false,דגני בוקר קלוגס פרוס,,,"דגני בוקר ""קלוגס"" פרוסטיס 750 גר",גרמים,750.00,100 גרם,false,1,17.90,2.3867,true,1,27618
7290002543237,false,קורנפלקס קלוגס 750 ג,,,"קורנפלקס ""קלוגס"" 750 גר",גרמים,750.00,100 גרם,false,1,14.90,1.9867,true,1,29037
7290002617297,false,פילה דג בסה מעובד קל,,,"פילה דג בסה  מעובד קלאסי קפוא 1 ק""ג",קילוגרמים,1.00,"ק""ג",false,1,29.90,29.9000,true,1,116844
7290002661153,false,לחם דני קל,מאפיית ברמן,,לחם דני קל,Unknown,0.00,Unknown,false,1,17.90,0.0000,true,1,29638
7290002661214,false,לחם ברמן גלילי קל 75,מאפיית ברמן,,לחם ברמן גלילי קל 750גר,גרמים,750.00,100 גרם,false,1,15.90,2.1200,true,1,79574
7290002674238,false,משחת שיניים אקווה פר,,,משחת שיניים אקווה פרש מנטה 125 מל,מיליליטרים,125.00,"100 מ""ל",false,1,8.90,7.1200,true,1,119287
7290002674269,false,משחת שיניים אקווה פר,,,משחת שיניים אקווה פרש עדין 125 מל,מיליליטרים,125.00,"100 מ""ל",false,1,8.90,7.1200,true,1,119288
7290002692393,false,שמן קנולה מועשר עץ ה,שמן תעשיות,,שמן קנולה מועשר עץ הזית 1 ל,ליטרים,1.00,ליטר,false,1,15.90,15.9000,true,1,30105
7290002692478,false,שמן זית מעודן עץ הזי,שמן תעשיות,,שמן זית מעודן עץ הזית 750 מל,מיליליטרים,750.00,"100 מ""ל",false,1,29.90,3.9867,true,1,30626
7290002692768,false,תרסיס שמן קנולה מזוכ,שמן תעשיות,,תרסיס שמן קנולה מזוכך ללא תוספת גז 200 מ,מיליליטרים,200.00,"100 מ""ל",false,1,15.90,7.9500,true,1,30107
7290002692782,false,תרסיס שמן זית כתית ל,שמן תעשיות,,תרסיס שמן זית כתית ללא תוספת גז 150 מל,מיליליטרים,150.00,"100 מ""ל",false,1,19.90,13.2667,true,1,27599
7290002730262,false,נוזל כלים קלאסי פלמו,Colgate - Greece,,"נוזל כלים ""פלמוליב""",מיליליטרים,750.00,"100 מ""ל",false,1,10.90,1.4533,true,1,28384
7290002730521,false,צמרונים קופסא מרובעת,SEPTONA,,צמרונים קופסא מרובעת,Unknown,0.00,Unknown,false,1,6.90,0.0000,true,1,29391
7290002730903,false,סבון מוצק פלמוליב רב,CP - Turkey+60,,סבון מוצק פלמוליב רביעייה,גרמים,400.00,100 גרם,false,1,15.90,3.9750,true,1,27601
7290002730941,false,צמר גפן פרוס 100 גר,SEPTONA,,צמר גפן פרוס,גרמים,100.00,100 גרם,false,1,6.90,6.9000,true,1,30628
7290002730958,false,סבון מוצק זיתים ואלו,CP - Turkey+60,,"סבון מוצק ""פלמוליב""",גרמים,400.00,100 גרם,false,1,15.90,3.9750,true,1,30629
7290002735007,false,בצק עלים ינון 1 קג,,,"בצק עלים 1 ק""ג ינון",קילוגרמים,1.00,"ק""ג",false,1,13.90,13.9000,true,1,27655
7290002735014,false,מלאווח ינון 800 גר,,,מלווח ינון,גרמים,800.00,100 גרם,false,1,13.90,1.7375,true,1,27602
7290002735021,false,גחנון ינון 900 גר,,,"ג""חנון ינון",גרמים,900.00,100 גרם,false,1,13.90,1.5444,true,1,30110
7290002735274,false,גחנון אפוי ינון 600,,,"ג""חנון אפוי ינון",גרמים,600.00,100 גרם,false,1,19.90,3.3167,true,1,29051
7290002749059,true,מיני פולטבסקיה 290 ג,,,מיני פולטבסקיה 290 גר,גרמים,290.00,100 גרם,false,,44.90,15.4828,true,1,133936
7290002752332,false,מנטוס פירות 40 גלילי,,,מנטוס פירות 40 גלילי,גרמים,38.00,100 גרם,false,1,3.50,9.2105,true,1,30634
7290002752349,false,מנטוס מנטה 40 גלילים,,,מנטוס מנטה 40 גלילים,גרמים,38.00,100 גרם,false,1,3.50,9.2105,true,1,29648
7290002753995,false,קישוטי עוגה 150 גר,,,"קישוטי עוגה 150 ג""ר",גרמים,200.00,100 גרם,false,1,17.90,8.9500,true,1,30114
7290002757757,false,מלאווח תימני 700 גר,אופרה,,מלאווח תימני 700 גרם,גרמים,700.00,100 גרם,false,1,12.90,1.8429,true,1,27671
7290002769347,false,עוגיות בדלי בטעמים ש,עוגיות הזהב,,עוגיות בדלי בטעמים שונים 500-600 גר,גרמים,500.00,100 גרם,false,1,17.90,3.5800,true,1,58308
7290002793311,false,בלון גז מילוי 60 ל,סודה סטרים,,בלון גז מילוי 60 ל,Unknown,0.00,Unknown,false,1,56.90,0.0000,true,1,27678
7290002805151,false,נוזל רצפות סיף סחלבי,אתר ליוור,,"נוזל רצפות ""סיף פנטס",ליטרים,4.00,ליטר,false,1,17.90,4.4750,true,1,30646
7290002824466,false,יוגורט דנונה ביו 0%,STRAUSS-ISRAEL,,יוגורט דנונה ביו 0%,גרמים,200.00,100 גרם,false,1,3.60,1.8000,true,1,30649
7290002824640,false,גבינה לבנה סקי 5% 25,STRAUSS-ISRAEL,,גבינה לבנה סקי 5% 25,גרמים,250.00,100 גרם,false,1,4.90,1.9600,true,1,28420
7290002839187,false,תבלין מעורב,,,תבלין מעורב,גרמים,0.00,100 גרם,false,1,4.90,0.0000,true,1,29666
7290002839248,false,תבלין שקית מעורב 100,,,תבלין שקית מעורב,גרמים,100.00,100 גרם,false,1,4.50,4.5000,true,1,28427
7290002842002,false,קוואקר אנגלי מורנפלק,,,קוואקר אנגלי מורנפלקס 500 גר,גרמים,500.00,100 גרם,false,1,9.90,1.9800,true,1,27626
7290002868996,false,קוטג ביו 5% מועשרת ב,,,קוטג ביו 5% מועשרת ב,גרמים,250.00,100 גרם,false,1,5.90,2.3600,true,1,30139
7290002871248,false,בירה טובורג רד 500 מ,קרלסברג ישראל,,"בירה טובורג 500מ""""ל",מיליליטרים,500.00,"100 מ""ל",false,1,8.90,1.7800,true,1,30656
7290002871361,false,בירה קרלסברג 500 מל,קרלסברג ישראל,,"בירה קרלסברג 500 מ""ל",מיליליטרים,500.00,"100 מ""ל",false,1,8.90,1.7800,true,1,29074
7290002881018,false,מעדן תות שדה 100% 28,אופאל,,מעדן תות שדה 100%,גרמים,284.00,100 גרם,false,1,13.90,4.8944,true,1,29417
7290002881032,false,מעדן אוכמניות כחולות,אופאל,,מעדן אוכמניות כחולות,גרמים,284.00,100 גרם,false,1,13.90,4.8944,true,1,29075
7290002881063,false,מעדן תפוז 100% 284 ג,אופאל,,מעדן תפוז 100%,גרמים,284.00,100 גרם,false,1,13.90,4.8944,true,1,30141
7290002881094,false,מעדן מיקס פירות 284,אופאל,,מעדן מיקס פירות 284,גרמים,284.00,100 גרם,false,1,13.90,4.8944,true,1,29672
7290002881124,false,מעדן פרי שזיף 100% 2,,,מעדן פרי שזיף 100% 2,גרמים,282.00,100 גרם,false,1,13.90,4.9291,true,1,29077
7290002881209,false,רסק תפוח עץ דיאט 720,Geurts conservenfabr,,רסק תפוח עץ דיאט 720,גרמים,720.00,100 גרם,false,1,10.90,1.5139,true,1,27985
7290002881216,false,רסק תפוחי עץ בצנצנת,Geurts conservenfabr,,רסק תפוחי עץ בצנצנת,גרמים,700.00,100 גרם,false,1,10.90,1.5571,true,1,29078
7290002881230,false,אננס חתוך תומר 850 ג,סאן רייז,,אננס חתוך,גרמים,850.00,100 גרם,false,1,10.90,1.2824,true,1,29673
7290002881247,false,אננס שלם 850 גר,סאן רייז,,אננס שלם,גרמים,850.00,100 גרם,false,1,10.90,1.2824,true,1,28447
7290002881254,false,קוקטייל טרופי 820 גר,סאן רייז,,קוקטייל טרופי 820 גר,גרמים,820.00,100 גרם,false,1,9.90,1.2073,true,1,30659
7290002881261,false,ליצי שלם תומר 565 גר,גיבונג אינדסקיאלס,,ליצי שלם תומר,גרמים,565.00,100 גרם,false,1,9.90,1.7522,true,1,27986
7290002881278,false,חצאי אפרסק בסירופ קל,Elbak s.a - greek ca,,אפרסק חצאים,גרמים,820.00,100 גרם,false,1,9.90,1.2073,true,1,30660
7290002881506,false,חמאת בוטנים 510 גר,Niza s a,,"חמאת בוטנים 510 ג""ר",גרמים,510.00,100 גרם,false,1,13.90,2.7255,true,1,27715
7290002881513,false,חמאת בוטנים עם שברים,Niza s a,,חמאת בוטנים עם שברים,גרמים,510.00,100 גרם,false,1,13.90,2.7255,true,1,28449
7290002881612,false,לפתן דובדבנים חמוצים,Fructo sliven jsc,,לפתן דובדבנים חמוצים 680 גר,גרמים,680.00,100 גרם,false,1,10.90,1.6029,true,1,73997
7290002881735,false,לבבות דקל שלם 400 גר,Inaexpo,,לבבות דקל שלם,גרמים,400.00,100 גרם,false,1,11.90,2.9750,true,1,27990
7290002881803,false,שמן קנולה תומר 1 ל,,,שמן קנולה תומר 1 ל,ליטרים,1.00,ליטר,false,15,11.90,11.9000,true,1,136873
7290002881865,false,פטריות חתוכות 400 גר,Prochamp B.V,,פטריות חתוכות 400 גר,גרמים,400.00,100 גרם,false,1,4.90,1.2250,true,1,49335
7290002881940,false,סרדין מרוקאי בשמן 12,Union des pecheries,,סרדין מרוקאי בשמן,גרמים,125.00,100 גרם,false,1,5.90,4.7200,true,1,27717
7290002881957,false,סרדין מרוקאי חריף 12,Union des pecheries,,סרדין מרוקאי חריף,גרמים,125.00,100 גרם,false,1,5.90,4.7200,true,1,27718
7290002904694,false,דאודורנט טיטניום,,,"דאו טיטניום תרסיס קלאסי 180 מ""ל",מיליליטרים,180.00,"100 מ""ל",false,1,16.90,9.3889,true,1,58331
7290002905349,false,מצית לכיריים,,,מצית לכיריים,Unknown,0.00,Unknown,false,1,7.90,0.0000,true,1,30317
7290002921165,false,ספריי הזלין לרהיטי ע,פרייקה,,"ספריי הזלין לרהיטי עור 400 מ""ל",מיליליטרים,400.00,"100 מ""ל",false,1,34.90,8.7250,true,1,106078
7290002921240,false,ניקוי שטיחים שמפוזר,קרבונה,,"ניקוי שטיחים שמפוזר קרבונה אדום 650 מ""ל",מיליליטרים,650.00,"100 מ""ל",false,1,24.90,3.8308,true,1,106050
7290002921332,false,סבון מסיר כתמים אסטו,אסטוניש,,סבון מסיר כתמים אסטוניש בקופסא 75 גר,גרמים,75.00,100 גרם,false,1,12.90,17.2000,true,1,106065
7290002921349,false,לוקטייט סופר גלו 3 ז,,,לוקטייט סופר גלו 3 זוגי,Unknown,0.00,Unknown,false,1,16.90,0.0000,true,1,132614
7290002927198,false,טחון בקר 500 גר,,,טחון בקר,גרמים,500.00,100 גרם,false,1,14.90,2.9800,true,1,29680
7290002927358,false,סטייק בקר 800 גר,,,"סטייק בקר 800 גר""",גרמים,800.00,100 גרם,false,,36.90,4.6125,true,1,30672
7290002927389,false,טחון עוף 500 גר,,,טחון עוף 500 גר,גרמים,500.00,100 גרם,false,1,11.90,2.3800,true,1,27734
7290002954026,false,שמן תירס 3 ל,בני ג'ורג' שוקחה חיפ,,שמן תירס 3 ליטר,ליטרים,3.00,ליטר,false,1,49.90,16.6333,true,1,29429
7290002954040,false,שמן תירס 1 ל,,,שמן תירס 1 ליטר,ליטרים,1.00,ליטר,false,1,16.90,16.9000,true,1,29681
7290002954101,false,טונה נתחים 140 גר,סיאם אינטרנשיונל פוד,,טונה נתחים 140 גר,גרמים,140.00,100 גרם,false,1,5.80,4.1429,true,1,30159
7290002954187,false,אורז יסמין מדליה 5 ק,בני ג'ורג' שוקחה חיפ,,אורז יסמין מדליה 5 ק,קילוגרמים,5.00,"ק""ג",false,1,39.90,7.9800,true,1,29682
7290002954200,false,אורז יסמין 1 קג,בני ג'ורג' שוקחה חיפ,,"אורז יסמין 1 ק""ג",קילוגרמים,1.00,"ק""ג",false,1,11.90,11.9000,true,1,29683
7290002954361,false,פטריות חתוכות 400 גר,,,פטריות חתוך 400 גר,גרמים,400.00,100 גרם,false,1,4.90,1.2250,true,1,49696
7290002954460,false,אורז אוסטרלי עגול 1,בני ג'ורג' שוקחה חיפ,,אורז אוסטרלי עגול 1,קילוגרמים,1.00,"ק""ג",false,1,11.90,11.9000,true,1,28478
7290002954477,false,אורז אוסטרלי 5 קג,בני ג'ורג' שוקחה חיפ,,"אורז אוסטרלי 5 ק""ג",קילוגרמים,5.00,"ק""ג",false,1,49.90,9.9800,true,1,27998
7290002966005,false,דמוי קוויאר אדום 125,,,קוויאר אדום (דמוי) 125 גר,גרמים,125.00,100 גרם,false,1,13.90,11.1200,true,1,30160
7290002966012,false,דמוי קוויאר שחור 125,,,קוויאר שחור (דמוי) 130 גר,גרמים,125.00,100 גרם,false,1,13.90,11.1200,true,1,27999
7290002966029,false,דמוי קוויאר אדום 130,,,קוויאר אדום (דמוי) 130 גר,גרמים,130.00,100 גרם,false,1,12.90,9.9231,true,1,78943
7290002966036,false,דמוי קוויאר שחור 130,,,קוויאר שחור (דמוי) 130 גר,גרמים,130.00,100 גרם,false,1,12.90,9.9231,true,1,78942
7290002966067,false,ממרח טבעוני בטעם גבי,,,"ממרח ""סולו"" בטעם גבי",גרמים,200.00,100 גרם,false,1,14.90,7.4500,true,1,30161
7290002966098,false,ממרח סולו טעם פירות,,,"ממרח ""סולו"" בטעם פיר",גרמים,200.00,100 גרם,false,1,14.90,7.4500,true,1,29091
7290002966784,false,מעדן סלט איקרה ורודה,,,מעדן סלט איקרה ורודה בטבעוני 200 גר,גרמים,200.00,100 גרם,false,1,13.90,6.9500,true,1,127171
7290002966791,false,מעדן סלט איקרה לבנה,,,מעדן סלט איקרה לבנה טבעוני 200 גר,גרמים,200.00,100 גרם,false,1,13.90,6.9500,true,1,127172
7290002971009,false,קמח מובחר שטיבל 1 קג,,,קמח מובחר שטיבל,קילוגרמים,1.00,"ק""ג",false,1,4.90,4.9000,true,1,51874
7290002971016,false,סולת שטיבל,,,סולת שטיבל,קילוגרמים,1.00,"ק""ג",false,1,4.90,4.9000,true,1,27738
7290002971030,false,קמח שיפון שטיבל מס 7,שטיבל,,"קמח שיפון מס"" 7",קילוגרמים,1.00,"ק""ג",false,1,6.90,6.9000,true,1,28020
7290002971092,false,קמח חיטה מלא 1 קג,שטיבל,,קמח חיטה מלא,קילוגרמים,1.00,"ק""ג",false,1,7.90,7.9000,true,1,30162
7290002971214,false,קמח לחם מועשר שטיבל,שטיבל,,"קמח לחם מס"" 2",קילוגרמים,1.00,"ק""ג",false,1,7.90,7.9000,true,1,28480
7290002977032,false,סוכר לבן 1 קג,,,"סוכר לבן 1 ק""ג",קילוגרמים,1.00,"ק""ג",false,1,3.90,3.9000,true,1,110129
7290002977100,false,קמח לבן בהיר 1 קג,,,"קמח לבן בהיר 1 ק""ג",קילוגרמים,1.00,"ק""ג",false,1,3.90,3.9000,true,1,29687
7290003009183,false,סירופ דיאט תפוחים 75,סירופ - גבעת חיים,,סירופ דיאט תפוחים 75,מיליליטרים,750.00,"100 מ""ל",false,1,22.90,3.0533,true,1,29092
7290003009312,false,בוטנים קלויים קליית,,,"בוטן קלוי 200 ג""ר",גרמים,200.00,100 גרם,false,1,7.90,3.9500,true,1,27745
7290003009329,false,בוטנים אמריקאים מצופ,,,"בוטן אמריקאי 200 ג""ר",גרמים,200.00,100 גרם,false,1,5.90,2.9500,true,1,30164
7290003009336,false,קבוקים 200 גר,,,"קבוקים 200 ג""ר",גרמים,200.00,100 גרם,false,1,5.90,2.9500,true,1,28025
7290003009640,false,מיץ תפוזים סחוט פריג,,,"""פריגת"" סחוט תפוזים",ליטרים,1.00,ליטר,false,1,18.90,18.9000,true,1,29691
7290003011087,false,אורז בסמטי הודי מובח,,,"אורז בסמטי הודי מובחר שקדיה 1 ק""ג",קילוגרמים,1.00,"ק""ג",false,1,9.90,9.9000,true,1,118436
7290003029181,false,שוקו יוטבתה 1 ל,STRAUSS-ISRAEL,,שוקו יוטבתה 1 ליטר,ליטרים,1.00,ליטר,false,1,11.90,11.9000,true,1,27756
7290003029372,false,משקה חלב בטעם בננה 1,STRAUSS-ISRAEL,,משקה חלב בננה בקבוקי,ליטרים,1.00,ליטר,false,1,11.90,11.9000,true,1,28033
7290003029389,false,משקה חלב בננה 250 מל,STRAUSS-ISRAEL,,"משקה חלב בננה 250 מ""",מיליליטרים,250.00,"100 מ""ל",false,1,5.30,2.1200,true,1,30174
7290003029433,false,משקה שוקו בקבוק 250,STRAUSS-ISRAEL,,משקה שוקו בקבוק 250,מיליליטרים,250.00,"100 מ""ל",false,1,5.30,2.1200,true,1,30694
7290003029532,false,מוקה יטבתה בקבוק 1 ל,STRAUSS-ISRAEL,,מוקה יטבתה בקבוק 1 ל,ליטרים,1.00,ליטר,false,1,11.90,11.9000,true,1,28490
7290003029792,false,שוקו בשקית 2% יטבתה,STRAUSS-ISRAEL,,מארז שוקו שמינייה,ליטרים,1.80,ליטר,false,1,18.90,10.5000,true,1,29698
7290003029815,false,חלב מועשר כד 2 ל,STRAUSS-ISRAEL,,חלב מועשר כד 2 ליטר,ליטרים,2.00,ליטר,false,1,14.90,7.4500,true,1,27759
7290003029907,false,משקה חלב בטעם קפה 2%,STRAUSS-ISRAEL,,"קפה יטבתה בקבוק 1 ל""",ליטרים,1.00,ליטר,false,1,11.90,11.9000,true,1,29104
7290003047642,false,תה YL ליפטון 100 שק,יונילוור הודו,,תה YL ליפטון 100 שקי,גרמים,150.00,100 גרם,false,1,11.90,7.9333,true,1,28049
7290003054657,false,חרדל דיזון אקסטרא פו,,,חרדל דיזון אקסטרא פורטה 370 גרם,גרמים,370.00,100 גרם,false,1,10.90,2.9459,true,1,30695
7290003060313,false,קמח כוסמין מנופה 1 ק,,,קמח כוסמין מנופה 1 קג,קילוגרמים,1.00,"ק""ג",false,1,14.90,14.9000,true,1,133606
7290003060351,false,קמח מלא 80% מנופה 1,,,קמח מלא 80% מנופה 1 קג,קילוגרמים,1.00,"ק""ג",false,1,8.90,8.9000,true,1,133604
7290003069705,false,פיצה אישית עם גבינה,שלושת האופים,,פיצה דקה עגולה תפזור,גרמים,80.00,100 גרם,false,1,2.90,3.6250,true,1,107612
7290003075409,false,כדורי לבנה 360 גר,מחלבת רג'ב,,כדורי לבנה 360 גר,גרמים,360.00,100 גרם,false,1,33.90,9.4167,true,1,30698
7290003075553,false,לבנה 11% 500 גר,מחלבת רג'ב,,לבנה 11% 500 גר,גרמים,500.00,100 גרם,false,1,23.90,4.7800,true,1,30699
7290003075652,false,לבנה 11% 250 גר,מחלבת רג'ב,,לבנה 11% 250 גר,גרמים,250.00,100 גרם,false,1,14.90,5.9600,true,1,28498
7290003075805,false,גבינת ברינזה 400 גר,מחלבת רג'ב,,גבינת ברינזה 400 גר,גרמים,400.00,100 גרם,false,1,32.90,8.2250,true,1,28053
7290003075850,false,לבנה עם שמן וזעתר 25,מחלבת רג'ב,,לבנה עם שמן וזעתר 250 גר,גרמים,250.00,100 גרם,false,1,15.90,6.3600,true,1,29443
7290003094127,false,קוויאר פחיות צארסקיה,א.ר.ד.י.ו,,קוויאר פחיות צארסקיה 190 גר,גרמים,190.00,100 גרם,false,1,69.90,36.7895,true,1,75292
7290003094363,false,שרימפס מבושל 41-50 7,,,שרימפס מבושל 41-50 750 גר,גרמים,750.00,100 גרם,false,,49.90,6.6533,true,1,119094
7290003094400,false,קוויאר אדום 140 גר,א.ר.ד.י.ו,,קוויאר אדום 140 גר,גרמים,140.00,100 גרם,false,1,42.90,30.6429,true,1,103351
7290003094592,false,קוויאר אדום 250 גר,,,קוויאר אדום 250 גר,גרמים,250.00,100 גרם,false,1,134.90,53.9600,true,1,131913
7290003102105,false,הוסטס מבשם אוור,הוסטס,,הוסטס מבשם אוור,מיליליטרים,300.00,"100 מ""ל",false,1,8.90,2.9667,true,1,30188
7290003102723,false,מטהר אויר,הוסטס,,מטהר אויר,Unknown,0.00,Unknown,false,1,8.90,0.0000,true,1,28061
7290003102730,false,מטהר אויר,הוסטס,,מטהר אויר,Unknown,0.00,Unknown,false,1,8.90,0.0000,true,1,29444
7290003102990,false,פדים,כוטון סופט,,פדים,גרמים,40.00,100 גרם,false,1,8.90,22.2500,true,1,29704
7290003126712,false,יוגורט עיזים טבעי 15,,,יוגורט עיזים טבעי 150 גר,גרמים,150.00,100 גרם,false,1,6.50,4.3333,true,1,28504
7290003126958,false,טופו גולמי 300 גר,,,טופו גולמי 300 גר,גרמים,300.00,100 גרם,false,1,12.90,4.3000,true,1,58002
7290003133123,false,לחם שיפון אוקראיני 7,,,לחם שיפון אוקראיני 750 גר,גרמים,750.00,100 גרם,false,1,12.90,1.7200,true,1,29447
7290003133505,false,לחם שיפונטו 750 גר,,,לחם שיפונטו,גרמים,750.00,100 גרם,false,1,12.90,1.7200,true,1,28066
7290003133604,false,לחם סיבירסקי 500 גר,,,לחם סיבירסקי,גרמים,500.00,100 גרם,false,1,7.90,1.5800,true,1,30705
7290003141159,false,מרשמלו יוגטה 180 גר,,,מרשמלו יוגטה 180 גר,גרמים,180.00,100 גרם,false,1,6.90,3.8333,true,1,51362
7290003142361,false,הוטפופ מתוק  מלוח 50,,,הוטפופ מתוק  מלוח 500 גר,גרמים,500.00,100 גרם,false,12,15.90,3.1800,true,1,141782
7290003142422,false,גרעיני חמנייה ללא מל,,,גרעיני חמנייה ללא מל,גרמים,180.00,100 גרם,false,1,5.90,3.2778,true,1,28511
7290003142477,false,ערמונים קלופים וקלוי,,,ערמונים קלופים וקלויים 100 גר,גרמים,100.00,100 גרם,false,1,5.90,5.9000,true,1,49993
7290003143139,false,סילאן קליית גת 900 ג,,,"סילאן ""קליית גת"" 900",גרמים,900.00,100 גרם,false,1,13.90,1.5444,true,1,29115
7290003143146,false,ממרח תמרים קליית גת,,,"ממרח תמרים ""קליית גת",גרמים,450.00,100 גרם,false,1,5.90,1.3111,true,1,29451
7290003143276,false,יוגטה מרשמלו מגולגל,,,"חטיף ""יוגטה"" מרשמלו מגולגל 180 גר",גרמים,180.00,100 גרם,false,1,6.90,3.8333,true,1,74324
7290003143337,false,סילאן טבעי קליית גת,,,סילאן טבעי קליית גת 350גר,גרמים,350.00,100 גרם,false,1,14.90,4.2571,true,1,74707
7290003144310,false,תערובת אגוזים וחמוצי,,,תערובת אגוזים וחמוציות 150 גר,גרמים,150.00,100 גרם,false,1,17.90,11.9333,true,1,101902
7290003145751,false,קשיו קלוי 200 גר,,,"קשיו קלוי 200 גר""",גרמים,200.00,100 גרם,false,1,18.90,9.4500,true,1,28086
7290003189076,false,פיצרלה מגורדת 500 גר,,,"פיצרלה אישית 500 ג""ר",גרמים,500.00,100 גרם,false,1,24.90,4.9800,true,1,29712
7290003189137,false,אמנטל שוויצרי 1 קג,,,"אמנטל שוויצרי 1 ק""ג",קילוגרמים,1.00,"ק""ג",false,1,35.90,35.9000,true,1,29120
7290003189144,false,הולנדית 1 קג,,,"הולנדית 1 ק""ג",קילוגרמים,1.00,"ק""ג",false,1,35.90,35.9000,true,1,28594
7290003189168,false,מעושנת 1 קג,,,"מעושנת 1 ק""ג",קילוגרמים,1.00,"ק""ג",false,1,39.90,39.9000,true,1,28088
7290003208586,false,וורמוט מרטיני ביאנקו,,,"מרטיני לבן 750 מ""ל",מיליליטרים,750.00,"100 מ""ל",false,1,44.90,5.9867,true,1,29125
7290003208593,false,וורמוט מרטיני אקסרה,,,"מרטיני לבן יבש 750 מ""ל",מיליליטרים,750.00,"100 מ""ל",false,1,44.90,5.9867,true,1,29126
7290003208609,false,וורמוט מרטיני רוסו 7,,,"מרטיני אדום מתוק 750 מ""ל",מיליליטרים,750.00,"100 מ""ל",false,1,44.90,5.9867,true,1,30203
7290003208647,false,יין מבעבע מרטיני ברו,,,יין מבעבע מרטיני בר,מיליליטרים,750.00,"100 מ""ל",false,1,64.90,8.6533,true,1,28598
7290003208715,false,וורמוט מרטיני רוסטו,,,"מרטיני ""וורמוט"" רוסט",מיליליטרים,750.00,"100 מ""ל",false,1,44.90,5.9867,true,1,30718
7290003208777,false,יין ברון דארנייק 750,,,"יין ""ברון דאריניאק""",מיליליטרים,750.00,"100 מ""ל",false,1,34.90,4.6533,true,1,30206
7290003222094,false,פיתה ביס 11 יח,,,פיתה ביס 11 יח,Unknown,0.00,Unknown,false,1,12.90,0.0000,true,1,104056
7290003222551,false,פיתה 10 יח,,,פיתה 10 יח,Unknown,0.00,Unknown,false,1,12.90,0.0000,true,1,104053
7290003222568,false,פיתה 5 יח,,,פיתה 5 יח,Unknown,0.00,Unknown,false,1,6.90,0.0000,true,1,104054
7290003224029,false,כיסוני דובדבן 400 גר,,,כיסונים עם דובדבן 40,גרמים,400.00,100 גרם,false,1,24.90,6.2250,true,1,29459
7290003224036,false,אוכמניות כחולות 300,,,אוכמניות כחולות 300,גרמים,300.00,100 גרם,false,1,18.90,6.3000,true,1,29722
7290003224043,false,צבורקי מאמא מרי במיל,,,צבורקי מאמא מרי במילוי בשר 6 יח 240 גר,גרמים,240.00,100 גרם,false,1,21.90,9.1250,true,1,83093
7290003224128,false,כיסוני תפוא 800 גר,,,"כיסונים תפו""א 800 ג""",גרמים,800.00,100 גרם,false,1,19.90,2.4875,true,1,28603
7290003224159,false,בלינצס בשר 400 גר,,,"בלינצ""ס בשר 7 יח""",גרמים,400.00,100 גרם,false,1,22.90,5.7250,true,1,28095
7290003224227,false,פירושקי בשר מאמא מרי,,,"פירוז""קי בשר 7 יח""",גרמים,400.00,100 גרם,false,1,22.90,5.7250,true,1,29724
7290003224234,false,פירושקי תפוא ופיטריו,,,"פירוז""קי תפוח אדמה 7",Unknown,0.00,Unknown,false,1,12.90,0.0000,true,1,29725
7290003224258,false,קרפלך במילוי בשר בקר,,,"פירוז""קי ריבה 7 יח""",גרמים,1500.00,100 גרם,false,1,53.90,3.5933,true,1,83232
7290003224272,false,כיסוני בשר מוסקובסקי,,,"כיסוני בשר מוסקובסקי 1 ק""ג",קילוגרמים,1.00,"ק""ג",false,1,32.90,32.9000,true,1,28528
7290003224296,false,פירושקי עם כרוב 7 יח,,,פירושקי עם כרוב 7 יח 400 גר,גרמים,400.00,100 גרם,false,1,17.90,4.4750,true,1,29727
7290003224333,false,דובדבן חמוץ 300 גר,,,"דובדבן חמוץ 300 ג""ר",גרמים,300.00,100 גרם,false,1,12.90,4.3000,true,1,28529
7290003224357,false,קוואס 2 ל,,,קוואס 2 ליטר,ליטרים,2.00,ליטר,false,1,15.90,7.9500,true,1,30720
7290003224388,false,חמוציות 300 גר,,,חמוציות 300 גר,גרמים,300.00,100 גרם,false,1,11.90,3.9667,true,1,28605
7290003224456,false,כיסוני בשר סיבירסקיה,,,"כיסונים בשר ""סיבירסק",קילוגרמים,1.00,"ק""ג",false,1,29.90,29.9000,true,1,28530
7290003224463,false,כיסוני בשר אוקראינסק,,,"כיסונים בשר ""אוקראינ",קילוגרמים,1.00,"ק""ג",false,1,29.90,29.9000,true,1,28531
7290003224470,false,כיסוני בשר קייבסקיה,,,"כיסונים בשר ""קייבסקי",קילוגרמים,1.00,"ק""ג",false,1,29.90,29.9000,true,1,30721
7290003224487,false,כיסוני בשר מאמא מרי,,,כיסונים עם בשר מאמא,קילוגרמים,1.00,"ק""ג",false,1,29.90,29.9000,true,1,28532
7290003224500,false,אוכמניות שחורות 300,,,"אוכמניות שחורות (צ""ר",גרמים,300.00,100 גרם,false,1,19.90,6.6333,true,1,28606
7290003224555,false,פטל אדום 300 גר,,,"פטל אדום 300 ג""ר",גרמים,300.00,100 גרם,false,1,24.90,8.3000,true,1,29465
7290003224654,false,מיקס פירות יער 300 ג,,,מיקס פירות יער 300 גר,גרמים,300.00,100 גרם,false,1,15.90,5.3000,true,1,29728
7290003224708,false,בלינצס גבינה 7 יח,,,בלינצס גבינה 7 יח,גרמים,400.00,100 גרם,false,1,22.90,5.7250,true,1,28533
7290003224746,false,דמדמניות שחורות 300,,,דמדמניות שחורות 300 גר,גרמים,300.00,100 גרם,false,1,14.90,4.9667,true,1,28534
7290003224807,false,אוכמניות אדומות 300,,,אוכמניות אדומות (ברו,גרמים,300.00,100 גרם,false,1,19.90,6.6333,true,1,30209
7290003224821,false,כיסוני בשר ביתיים 1,,,כיסוני בשר ביתיים 1 קג,קילוגרמים,1.00,"ק""ג",false,1,29.90,29.9000,true,1,78557
7290003224944,false,אוכמניות צהובות 300,,,אוכמניות צהובות 300גר,גרמים,300.00,100 גרם,false,1,19.90,6.6333,true,1,28096
7290003287215,false,גולש בקר קפוא ארוז 8,,,גולש בקר קפוא ארוז 800 גר,גרמים,800.00,100 גרם,false,1,39.90,4.9875,true,1,48489
7290003287253,false,מרגז קצביה 500 גר,,,מרגז קצביה 500 גר,גרמים,500.00,100 גרם,false,1,26.90,5.3800,true,1,100735
7290003287284,false,קבב ביתי 600 גר,,,קבב ביתי 600 גר,גרמים,600.00,100 גרם,false,1,26.90,4.4833,true,1,100737
7290003287291,false,קבב טלה וצנובר 600 ג,,,קבב טלה וצנובר 600 גר,גרמים,600.00,100 גרם,false,1,26.90,4.4833,true,1,100738
7290003321155,false,מעדן פקאן סיני 183 ג,STRAUSS-ISRAEL,,מעדן פקאן סיני 183 גר,גרמים,183.00,100 גרם,false,1,4.50,2.4590,true,1,28549
7290003321292,false,גבינה לבנה סקי 9% 25,STRAUSS-ISRAEL,,גבינה לבנה סקי 9% 25,גרמים,250.00,100 גרם,false,1,4.75,1.9000,true,1,28114
7290003364428,false,בובה מיוחדת,,,בובה מיוחדת,Unknown,0.00,Unknown,false,1,39.90,0.0000,true,1,30323
7290003364794,false,בובות פרווה,,,בובות פרווה,Unknown,0.00,Unknown,false,1,29.90,0.0000,true,1,30732
7290003385881,false,במיה ברוטב עגבניות 6,"פרי הגליל בע""""מ",,במיה ברוטב עגבניות,גרמים,600.00,100 גרם,false,1,10.90,1.8167,true,1,29141
7290003387410,false,פדים להסרת איפור בלו,SEPTONA,,מסיר איפור,Unknown,0.00,Unknown,false,1,19.90,0.0000,true,1,29472
7290003402809,false,שוקולד ריזס לבן 39 ג,,,שוקולד ריזס לבן 39 גר,גרמים,39.00,100 גרם,false,1,3.90,10.0000,true,1,133775
7290003411054,false,שקיות צליה 5 יח,,,שקיות צליה (דליקטס ג,Unknown,0.00,Unknown,false,1,3.90,0.0000,true,1,28554
7290003411238,false,שמרים נמסים 500 גר,,,שמרים נמס,גרמים,500.00,100 גרם,false,1,13.90,2.7800,true,1,29477
7290003411566,false,צמרונים,,,צמרונים,Unknown,0.00,Unknown,false,1,2.90,0.0000,true,1,29736
7290003414406,false,נטיפים ריזס לאפייה 2,,,נטיפים ריזס לאפייה 283 גר,גרמים,283.00,100 גרם,false,12,14.90,5.2650,true,1,136535
7290003438020,false,ממרח עגבניות מיובשות,,,אוליביה ממרח עגבניות,גרמים,190.00,100 גרם,false,1,12.90,6.7895,true,1,57035
7290003444009,false,שוקולד חלב ריזס 42 ג,,,"שוקולד חלב ""ריזס"" 42 גר",גרמים,42.00,100 גרם,false,1,3.90,9.2857,true,1,74302
7290003450602,false,ממרח חרדל צהוב 255 ג,,,ממרח חרדל צהוב 255 גר,גרמים,255.00,100 גרם,false,1,9.90,3.8824,true,1,29741
7290003457861,false,גלידת סולרו פירות טר,,,גלידת סולרו פירות טרופיים,Unknown,0.00,Unknown,false,1,8.90,0.0000,true,1,28658
7290003514007,false,שקדי מרק מנה 400 גר,Mana,,"שקדי מרק ""מנה"" 400 ג",גרמים,400.00,100 גרם,false,1,9.90,2.4750,true,1,50089
7290003570928,false,קבב בלדי קצביה ארוז,,,קבב בלדי קצביה ארוז 500 גר,גרמים,500.00,100 גרם,false,1,26.90,5.3800,true,1,113286
7290003578078,false,לפתן פירות טרופיים ב,,,לפתן פירות טרופיים בסירופ קל 850 גר,גרמים,850.00,100 גרם,false,1,9.90,1.1647,true,1,30233
7290003578108,false,אננס חתוך 850 גר,טקרנג,,"אננס חתוך 850 ג""ר",גרמים,850.00,100 גרם,false,1,9.90,1.1647,true,1,29161
7290003578313,false,דובדבן ללא חרצנים 68,יורוביקה,,דובדבן ללא חרצנים 680 גר,גרמים,680.00,100 גרם,false,1,10.90,1.6029,true,1,28149
7290003643004,false,אורז בסמטי 1 קג,,,"אורז בסמטי 1 ק""ג",קילוגרמים,1.00,"ק""ג",false,1,12.90,12.9000,true,1,30237
7290003643325,false,קוסקוס בינוני 350 גר,,,"קוסקוס בינוני 350 ג""ר",גרמים,350.00,100 גרם,false,1,4.90,1.4000,true,1,29752
7290003643387,false,סוכר לבן צנצנת 1 קג,,,סוכר לבן צנצנת,קילוגרמים,1.00,"ק""ג",false,1,7.90,7.9000,true,1,29753
7290003643646,false,סוכר חום דמררה 1 קג,,,סוכר חום דמררה,קילוגרמים,1.00,"ק""ג",false,1,11.90,11.9000,true,1,30239
7290003643684,false,אפונה 500 גר,,,"אפונה 500 ג""ר",גרמים,500.00,100 גרם,false,1,6.90,1.3800,true,1,30752
7290003643707,false,גריסים 500 גר,,,גריסים 500גר,גרמים,500.00,100 גרם,false,1,5.90,1.1800,true,1,30753
7290003643714,false,חומוס 500 גר,,,חומוס 500גר,גרמים,500.00,100 גרם,false,1,7.90,1.5800,true,1,29754
7290003643738,false,חיטה 500 גר,,,חיטה 500גר,גרמים,500.00,100 גרם,false,1,5.90,1.1800,true,1,29168
7290003643745,false,כוסמת 500 גר,,,"כוסמת 500 ג""ר",גרמים,500.00,100 גרם,false,1,7.90,1.5800,true,1,28152
7290003643752,false,עדשים ירוקות 500 גר,,,"עדשים ירוקים 500 ג""ר",גרמים,500.00,100 גרם,false,1,7.90,1.5800,true,1,29493
7290003643769,false,עדשים אדומות 500 גר,,,עדשים אדומים 500גר,גרמים,500.00,100 גרם,false,1,7.90,1.5800,true,1,30240
7290003643776,false,פופקורן סוגת 500 גר,,,פופקורן 500גר,גרמים,500.00,100 גרם,false,1,5.90,1.1800,true,1,30241
7290003643783,false,קוקוס טחון 100 גר,,,קוקוס טחון 100גר,גרמים,100.00,100 גרם,false,1,3.90,3.9000,true,1,28814
7290003643806,false,שעועית לבנה 500 גר,,,שעועית לבנה 500גר,גרמים,500.00,100 גרם,false,1,10.90,2.1800,true,1,28672
7290003643813,false,שעועית אדומה 500 גר,,,"שעועית אדומה 500 ג""ר",גרמים,500.00,100 גרם,false,1,10.90,2.1800,true,1,29494
7290003643820,false,חומוס ענק 500 גר,,,"חומוס ענק 500 ג""ר",גרמים,500.00,100 גרם,false,1,9.90,1.9800,true,1,30242
7290003706020,false,ראש סלרי,ביכורי שדה דרום 2002,,ראש סלרי,Unknown,0.00,Unknown,false,1,5.90,0.0000,true,1,28167
7290003706044,false,כוסברה,ביכורי שדה דרום 2002,,כוסברה,Unknown,0.00,Unknown,false,1,4.90,0.0000,true,1,29170
7290003715107,false,בוטנים קלופים 400 גר,,,"בוטנים קלופים 400 ג""",גרמים,400.00,100 גרם,false,1,11.90,2.9750,true,1,28169
7290003715299,false,מעורב מובחר זארובי 3,,,מעורב מובחר זארובי 350 גר,גרמים,350.00,100 גרם,false,1,19.90,5.6857,true,1,28832
7290003715329,false,בוטן קלוי בקליפה 350,,,בוטן קלוי בקליפה 350 גר,גרמים,350.00,100 גרם,false,1,10.90,3.1143,true,1,59146
7290003715411,false,צנובר סיני גדול 100,,,צנובר סיני גדול 100,גרמים,100.00,100 גרם,false,1,29.90,29.9000,true,1,30761
7290003715534,false,משמש 250 גר,,,משמש 250 גר,גרמים,250.00,100 גרם,false,1,22.90,9.1600,true,1,28687
7290003715541,false,שזיפים 250 גר,,,שזיפים 250גר,גרמים,250.00,100 גרם,false,1,13.90,5.5600,true,1,30762
7290003715565,false,צימוקים 250 גר,,,צימוקים 250גר,גרמים,250.00,100 גרם,false,1,11.90,4.7600,true,1,30247
7290003715596,false,אגוז מלך 300 גר,,,"אגוז מלך 300 ג""ר",גרמים,300.00,100 גרם,false,1,28.90,9.6333,true,1,29757
7290003715688,false,שקד מלובן 100 גר,,,שקד מלובן,גרמים,100.00,100 גרם,false,1,11.90,11.9000,true,1,30764
7290003715732,false,שקד טחון 100 גר,,,1שקד טחון,גרמים,100.00,100 גרם,false,1,11.90,11.9000,true,1,29758
7290003715787,false,צימוק שחור 250 גר,,,צימוק שחור 250גר,גרמים,250.00,100 גרם,false,1,9.90,3.9600,true,1,26873
7290003715817,false,חמוציות חצאים 150 גר,,,חמוציות חצאים 150 גר,גרמים,150.00,100 גרם,false,1,12.90,8.6000,true,1,26874
7290003715824,false,פרג טחון 100 גר,,,פרג טחון,גרמים,100.00,100 גרם,false,1,4.90,4.9000,true,1,28689
7290003719259,false,לחם שיפון מלא אקסקלו,מאפיית ליבו,,"לחם ""ליבו"" אקסקלוסיב",קילוגרמים,1.00,"ק""ג",false,1,16.90,16.9000,true,1,30251
7290003726615,false,טופו משק ויילר 300 ג,,,טופו משק ויילר 300 גר,גרמים,300.00,100 גרם,false,1,12.90,4.3000,true,1,121534
7290003726868,false,טופו חומוס בתוספת עג,,,טופו חומוס בתוספת עגבניות מיובשות 300 גר,גרמים,300.00,100 גרם,false,10,13.90,4.6333,true,1,138294
7290003779499,false,גינגר ארוז,מרינה פטריות הגליל,,גינגר ארוז,Unknown,0.00,Unknown,false,1,9.90,0.0000,true,1,29179
7290003781065,false,מלפפון קורנישון בסגנ,קורהאן,,מלפפון בסגנון ישראלי,גרמים,690.00,100 גרם,false,1,10.90,1.5797,true,1,29511
7290003781652,false,צלפים 350 גר,טינטאש,,צלפים ג,גרמים,350.00,100 גרם,false,1,9.90,2.8286,true,1,29180
7290003804252,false,תיבולית הודי קנור 72,אתר חיפה אבקות,,תיבולית הודי קנור 72,גרמים,72.00,100 גרם,false,1,7.90,10.9722,true,1,28692
7290003804368,false,תיבולית בזיליקום קנו,אתר חיפה אבקות,,תיבולית בזיליקום קנו,גרמים,72.00,100 גרם,false,1,7.90,10.9722,true,1,29513
7290003804382,false,תיבולית פיטריות קנור,אתר חיפה אבקות,,תיבולית פיטריות קנור,גרמים,72.00,100 גרם,false,1,7.90,10.9722,true,1,29514
7290003805501,false,פתית שוודי 300 גר,אתר שפע,,"פתית שוודי 300 ג""ר",גרמים,300.00,100 גרם,false,1,15.90,5.3000,true,1,28698
7290003805587,false,פתית חיטה מלאה 250 ג,אתר שפע,,פתית חיטה מלאה 250גר,גרמים,250.00,100 גרם,false,1,15.90,6.3600,true,1,30255
7290003807482,false,רוטב טריאקי 370 גר,אתר חיפה  778,,"רוטב טריאקי 300 מ""ל",גרמים,370.00,100 גרם,false,1,10.90,2.9459,true,1,29521
7290003864478,false,סרדינים בשמן צמחי 12,גולדן פריז,,סרדינים בשמן צמחי 120 גר,גרמים,110.00,100 גרם,false,1,4.90,4.4545,true,1,30777
7290003864485,false,סרדין ברוטב עגבניות,גולדן פריז,,סרדין ברוטב עגבניות,גרמים,110.00,100 גרם,false,1,4.90,4.4545,true,1,28184
7290003896141,false,אלמנדוס חטיף ספרדי פ,,,אלמנדוס חטיף ספרדי ק,גרמים,200.00,100 גרם,false,1,9.90,4.9500,true,1,28716
7290003903771,false,קפוצינו רגיל 200 גר,STRAUSS-ISRAEL,,"קפוצ""ינו רגיל 200 ג""",גרמים,200.00,100 גרם,false,1,24.90,12.4500,true,1,28718
7290003903788,false,קפוצינו וניל 200 גר,STRAUSS-ISRAEL,,"קפוצ""ינו וניל 200 ג""",גרמים,200.00,100 גרם,false,1,24.90,12.4500,true,1,29527
7290003938049,false,הברקה למדיח הפי 1 ל,אורו,,הברקה למדיח הפי 1 ל,ליטרים,1.00,ליטר,false,1,14.90,14.9000,true,1,106033
7290003976560,false,מטהר אויר אוטומטי 25,,,מטהר אויר אוטומטי 250 מל מיסטרי טאצ,מיליליטרים,250.00,"100 מ""ל",false,12,11.90,4.7600,true,1,128978
7290003976591,false,מטהר אויר אוטומטי 25,,,מטהר אויר אוטומטי 250 מל לוטוס טאצ,מיליליטרים,250.00,"100 מ""ל",false,12,11.90,4.7600,true,1,128981
7290003976607,false,גל אקונומיקה סמיכה ל,,,גל אקונומיקה סמיכה לבנדר 4 ל טאצ עם פקק,ליטרים,4.00,ליטר,false,6,11.90,2.9750,true,1,128970
7290003976614,false,גל אקונומיקה סמיכה פ,,,גל אקונומיקה סמיכה פרחים 4 ל טאצ עם פקק,ליטרים,4.00,ליטר,false,6,11.90,2.9750,true,1,128971
7290003980413,false,תה שקוף ציפור 500 גר,סי.בי.עם.קולומבו,,תה שקוף ציפור 500 גר,גרמים,500.00,100 גרם,false,1,39.90,7.9800,true,1,30262
7290003980543,false,תה שקוף ציפור 250 גר,סי.בי .אס קולומבו,,תה שקוף ציפור 250 גר,גרמים,250.00,100 גרם,false,1,19.90,7.9600,true,1,28721
7290003980574,false,תה סוסים 500 גר,סי.בי .אס קולומבו,,"תה סוסים 500 ג""ר",גרמים,500.00,100 גרם,false,1,39.90,7.9800,true,1,29778
7290003989539,false,רביולי גבינה 400 גר,STRAUSS-ISRAEL,,"רביולי גבינה 400 ג""ר",גרמים,400.00,100 גרם,false,1,19.90,4.9750,true,1,29530
7290003989553,false,טורטליני פטריות 400,STRAUSS-ISRAEL,,טורטלוני פטריות 400,גרמים,400.00,100 גרם,false,1,19.90,4.9750,true,1,29191
7290004022309,false,סוכריות מ&מס חמאת בו,מרס,,סוכריות מ&מס חמאת בוטנים 80 גר,גרמים,80.00,100 גרם,false,1,7.90,9.8750,true,1,110174
7290004030100,false,מיץ תפוזים סחוט וולנ,,,מיץ תפוזים סחוט וולנסיה 1 ל,ליטרים,1.00,ליטר,false,1,15.90,15.9000,true,1,126025
7290004030216,false,נקטר חמוציות 1 ל,,,מיץ חמוציות 1 ל,ליטרים,1.00,ליטר,false,1,15.90,15.9000,true,1,49854
7290004030544,false,משקה לימונדה לואיזה,,,משקה לימונדה לואיזה ולמון גראס 1 ל,ליטרים,1.00,ליטר,false,1,15.90,15.9000,true,1,30788
7290004030612,false,מיץ קיווי אגס 90% לל,,,מיץ קיווי אגס 90% ללא סוכר 1ל,ליטרים,1.00,ליטר,false,1,15.90,15.9000,true,1,75843
7290004030834,false,מיץ רימונים 100% 1 ל,,,מיץ רימונים 100% 1 ל,ליטרים,1.00,ליטר,false,1,25.90,25.9000,true,1,28725
7290004033712,false,לחם עננים ברמן מקמח,,,לחם עננים ברמן מקמח מלא 750 גר,גרמים,750.00,100 גרם,false,1,14.90,1.9867,true,1,136596
7290004033729,false,לחם עננים ברמן כוסמי,,,לחם עננים ברמן כוסמין 750 גר,גרמים,750.00,100 גרם,false,1,14.90,1.9867,true,1,136597
7290004033736,false,לחם עננים ברמן בסגנו,,,לחם עננים ברמן בסגנון בריוש 500 גר,גרמים,500.00,100 גרם,false,1,14.90,2.9800,true,1,136598
7290004033750,false,לחמניות עננים 360 גר,,,לחמניות עננים 360 גר,גרמים,360.00,100 גרם,false,1,14.90,4.1389,true,1,142824
7290004050955,false,פטה כבד עוף 170 גר,ישרקו שיווק מותגי מז,,"פטה כבד עוף 170 גר""",גרמים,170.00,100 גרם,false,1,16.90,9.9412,true,1,28728
7290004051419,false,ממרח כבד מיני 220 גר,ישרקו שיווק מותגי מז,,"ממרח כבד מיני 220 ג""",גרמים,220.00,100 גרם,false,1,19.90,9.0455,true,1,28730
7290004052041,false,קבנוס קלאסי 210 גר,ישרקו שיווק מותגי מז,,קבנוס קלאסי,גרמים,210.00,100 גרם,false,1,29.90,14.2381,true,1,29205
7290004052836,false,שמאלץ אווז 200 גר,ישרקו שיווק מותגי מז,,"שמאלץ אווז 200 גר""",גרמים,200.00,100 גרם,false,1,29.90,14.9500,true,1,58086
7290004054649,false,מיני מוסקובסקיה 300,ישרקו שיווק מותגי מז,,מיני מוסקובסקיה 300 גר,גרמים,300.00,100 גרם,false,1,39.90,13.3000,true,1,29540
7290004061449,false,שניצל אמריקאי 700 גר,,,שניצל אמריקאי 700 גר,גרמים,700.00,100 גרם,false,1,12.90,1.8429,true,1,30281
7290004061487,false,טבעות עוף 700 גר,,,"טבעות עוף 700 גר""",גרמים,700.00,100 גרם,false,1,14.90,2.1286,true,1,29544
7290004061494,false,נגיסי עוף 700 גר,,,"נגיסי עוף 700 גר""",גרמים,700.00,100 גרם,false,1,14.90,2.1286,true,1,28217
7290004063016,false,מלח דק 1 קג,סלית,,"מלח דק 1 ק""ג",קילוגרמים,1.00,"ק""ג",false,1,1.90,1.9000,true,1,29796
7290004063115,false,מלח עבה 1 קג,סלית,,"מלח עבה 1 ק""ג",קילוגרמים,1.00,"ק""ג",false,1,1.90,1.9000,true,1,29211
7290004064082,false,מלח הארץ טבעי 250 גר,מלח הארץ,,מלח הארץ טבעי  250 גר,גרמים,250.00,100 גרם,false,1,12.90,5.1600,true,1,100669
7290004064099,false,מלח הארץ מהרי ההימלא,מלח הארץ,,מלח הארץ מהרי ההימלאיה 250 גר,גרמים,300.00,100 גרם,false,1,15.90,5.3000,true,1,100667
7290004064105,false,מלח הארץ עשבי תיבול,מלח הארץ,,מלח הארץ עשבי תיבול  250 גר,גרמים,250.00,100 גרם,false,1,15.90,6.3600,true,1,100666
7290004064174,false,מלח ההימלאיה דק בצנצ,מלח הארץ,,"מלח ההימלאיה דק בצנצנת 1 ק""ג",קילוגרמים,1.00,"ק""ג",false,1,17.90,17.9000,true,1,111116
7290004064181,false,מלח ההימלאיה גס בצנצ,מלח הארץ,,"מלח ההימלאיה גס בצנצנת 1 ק""ג",קילוגרמים,1.00,"ק""ג",false,1,17.90,17.9000,true,1,111115
7290004064228,false,מטחנת מלח אקסטרא תבל,,,מטחנת מלח אקסטרא תבלינים הארץ שום ופלפל,גרמים,125.00,100 גרם,false,1,15.90,12.7200,true,1,116437
7290004064280,false,מלח הארץ מופחת נתרן,,,מלח הארץ מופחת נתרן בצנצנת 600 גר,גרמים,600.00,100 גרם,false,1,15.90,2.6500,true,1,121347
7290004064303,false,מלח הארץ אטלנטי בצנצ,,,מלח הארץ אטלנטי בצנצנת 800 גר,גרמים,800.00,100 גרם,false,1,19.90,2.4875,true,1,121348
7290004064327,false,מלח פלוס פפריקה מלחי,,,מלח פלוס פפריקה מלחייה 175 גר,גרמים,175.00,100 גרם,false,1,9.90,5.6571,true,1,134347
7290004064334,false,מלח פלוס שום מלחייה,,,מלח פלוס שום מלחייה 175 גר,גרמים,175.00,100 גרם,false,1,9.90,5.6571,true,1,134345
7290004064358,false,מלח הארץ דק זורם בקל,,IL,"מלח הארץ דק זורם בקלות קרטון 1 ק""ג",קילוגרמים,1.00,"ק""ג",false,12,4.90,4.9000,true,1,124913
7290004064365,false,מלח הארץ דק מועשר בי,,IL,"מלח הארץ דק מועשר ביוד קרטון 1 ק""ג",קילוגרמים,1.00,"ק""ג",false,12,5.90,5.9000,true,1,124912
7290004064372,false,מטחנת מלח אקסטרא תבל,,IL,מטחנת מלח אקסטרא תבלינים הארץ איטלקי,גרמים,105.00,100 גרם,false,6,15.90,15.1429,true,1,127376
7290004064389,false,מלח הימלאיה דק מלחיי,,,מלח הימלאיה דק מלחייה 250 גר,גרמים,250.00,100 גרם,false,18,9.90,3.9600,true,1,132575
7290004068172,false,יוגורט עיזים בדלי 5%,,,יוגורט עיזים בדלי 5% 600 גרם,גרמים,600.00,100 גרם,false,1,16.90,2.8167,true,1,78175
7290004078690,false,נוזל לניקוי אסלות אג,Colgate - Belgium,,"אג""קס ג"" ל לשרותים 7",מיליליטרים,750.00,"100 מ""ל",false,1,14.90,1.9867,true,1,29213
7290004078942,false,דאודורנט גל מרענן לי,Colgate - USA,,"ליידי ספיד סטיק ג""ל",גרמים,63.00,100 גרם,false,1,18.90,30.0000,true,1,29546
7290004091248,false,וזלין טהור היפואלרגנ,"יונילוור ארה""ב",,וזלין טהור היפואלרגני,גרמים,106.00,100 גרם,false,1,13.90,13.1132,true,1,29214
7290004119928,false,מעדן בטעם וניל קרלו,,,"קרלו וניל 125 ג""ר",מיליליטרים,125.00,"100 מ""ל",false,1,2.90,2.3200,true,1,28247
7290004119973,false,מעדן בטעם שוקו קרלו,,,"קרלו שוקו 125 מ""ל",גרמים,125.00,100 גרם,false,1,2.90,2.3200,true,1,29803
7290004120061,false,מעדן שוניל קרלו 125,,,מעדן קרלו שוניל 3% 1,גרמים,125.00,100 גרם,false,1,2.90,2.3200,true,1,29217
7290004120566,false,גבינה בולגרית פיראוס,,,גבינה בולגרית פיראוס,גרמים,250.00,100 גרם,false,1,21.90,8.7600,true,1,28249
7290004120573,false,גבינה בולגרית פיראוס,,,גבינה בולגרית פיראוס,גרמים,250.00,100 גרם,false,1,21.90,8.7600,true,1,29218
7290004120634,false,גבינה בולגרית פיראוס,,,גבינה בולגרית פיראוס,גרמים,250.00,100 גרם,false,1,21.90,8.7600,true,1,28250
7290004121525,false,יוגורט תות אפרסק יופ,,,מאגדת 8 יופלה אפרסק,גרמים,1200.00,100 גרם,false,1,29.90,2.4917,true,1,28251
7290004121754,false,יוגורט בטעם עוגת גבי,,,יופלה עוגת גבינה ותו,גרמים,150.00,100 גרם,false,1,4.90,3.2667,true,1,30803
7290004121853,false,גבינת בולגרית 5% קוב,,,גבינה בולגרית פיראוס,גרמים,200.00,100 גרם,false,1,20.70,10.3500,true,1,30804
7290004122119,false,פתיתי פרמזן 100 גר,,,100 פתיתי פרמזן,גרמים,100.00,100 גרם,false,1,11.90,11.9000,true,1,29222
7290004122195,false,גבינה גוש חלב פרוס 2,,,גבינת גוש חלב פרוס 2,גרמים,200.00,100 גרם,false,1,13.80,6.9000,true,1,28890
7290004122270,false,גבינה עמק פרוס בקופס,,,עמק פרוס בקופסא 200,גרמים,200.00,100 גרם,false,1,15.90,7.9500,true,1,30807
7290004122348,false,גבינה עמק לייט 9% 20,,,גבינה עמק לייט 9%,גרמים,200.00,100 גרם,false,1,16.60,8.3000,true,1,29804
7290004122683,false,אצבעות גבינה צהובה ע,,,אצבעות עמק,גרמים,172.00,100 גרם,false,1,16.40,9.5349,true,1,28891
7290004124205,false,יוגורט תות דיאט יופל,,,יופלה דיאט תות,גרמים,150.00,100 גרם,false,1,4.90,3.2667,true,1,28252
7290004125400,false,אשל לבן 4.5% 200 מל,,,אשל שלי,מיליליטרים,200.00,"100 מ""ל",false,1,1.69,0.8450,true,1,28895
7290004125417,false,גיל לבן 3% 200 מל,,,גיל שלי,מיליליטרים,200.00,"100 מ""ל",false,1,1.51,0.7550,true,1,29808
7290004125455,false,שמנת חמוצה 15% 200 מ,,,שמנת חמוצה,מיליליטרים,200.00,"100 מ""ל",false,1,2.40,1.2000,true,1,29226
7290004125462,false,שמנת חמוצה 500 גר,,,"שמנת חמוצה 500 גר""",מיליליטרים,500.00,"100 מ""ל",false,1,6.00,1.2000,true,1,29550
7290004125509,false,שמנת חמוצה 15% תנובה,,,"שמנת חמוצה 15% תנובה 100 מ""ל",מיליליטרים,100.00,"100 מ""ל",false,1,1.70,1.7000,true,1,28896
7290004125578,false,משקה סויה מועשר בסיד,,,משקה סויה בוקר,ליטרים,1.00,ליטר,false,1,9.90,9.9000,true,1,28253
7290004125585,false,משקה סויה בטעם וניל,,,משקה סויה וניל,ליטרים,1.00,ליטר,false,1,9.90,9.9000,true,1,28771
7290004125721,false,שמנת לבישול 15% השף,,,שמנת לבישול 15% השף,מיליליטרים,250.00,"100 מ""ל",false,1,8.20,3.2800,true,1,29809
7290004125776,false,גבינה עמק פרוס 28% 4,,,עמק פרוס 28% 400גר,גרמים,400.00,100 גרם,false,1,27.80,6.9500,true,1,28898
7290004126674,false,גבינה טל העמק 9% 200,,,9% טל העמק,גרמים,200.00,100 גרם,false,1,18.50,9.2500,true,1,30810
7290004126872,false,משקה שוקו 250 מל,,,שוק שוקו 250 מל,מיליליטרים,250.00,"100 מ""ל",false,1,5.60,2.2400,true,1,30811
7290004127329,false,גבינת קוטג 5% 250 גר,,,"קוטג"" ""תנובה"" 5%",גרמים,250.00,100 גרם,false,1,5.50,2.2000,true,1,28276
7290004127336,false,גבינת קוטג תנובה 9%,,,"קוטג"" ""תנובה"" 9%",גרמים,250.00,100 גרם,false,1,5.50,2.2000,true,1,28277
7290004127800,false,גבינה למריחה 5% 500,,,גבינה למריחה 5% 500ג,גרמים,500.00,100 גרם,false,1,9.90,1.9800,true,1,30813
7290004127817,false,גבינה למריחה 9% 500,,,גבינה למריחה 9% 500,גרמים,500.00,100 גרם,false,1,9.90,1.9800,true,1,29810
7290004127862,false,גבינה למריחה 5% 750,,,גבינה למריחה 5% 750,גרמים,750.00,100 גרם,false,1,14.90,1.9867,true,1,30287
7290004128333,false,גבינת לאבנה פיראוס 9,,,גבינת לאבנה פיראוס 9% 500 גר,גרמים,500.00,100 גרם,false,1,19.40,3.8800,true,1,29228
7290004128432,false,פתיתים מיוחדים לפיצה,,,פתיתים מיוחדים לפיצה,גרמים,500.00,100 גרם,false,1,21.90,4.3800,true,1,30816
7290004129101,false,גבינת שמנת נפוליאון,,,גבינה נפוליאון,גרמים,225.00,100 גרם,false,1,13.80,6.1333,true,1,28900
7290004129156,false,גבינת שמנת נפוליאון,,,גבינה נפוליאון,גרמים,225.00,100 גרם,false,1,13.80,6.1333,true,1,28901
7290004130916,false,יוגורט פירות יער 3%,,,יופלה פירות יער בשמנ,גרמים,150.00,100 גרם,false,1,4.90,3.2667,true,1,28279
7290004131074,false,חלב 3% קרטון 1 ל,,,חלב 3%קרטון,ליטרים,1.00,ליטר,false,1,6.23,6.2300,true,1,29556
7290004132552,false,משקה סויה טבעי לייט,,,משקה סויה טבעי לייט 1 ל,ליטרים,1.00,ליטר,false,1,9.90,9.9000,true,1,29229
7290004132712,false,אצבעות גבינת מוצרלה,,,אצבעות עמק,גרמים,172.00,100 גרם,false,1,16.40,9.5349,true,1,28785
7290004135225,false,מעדן בטעם שוקולד דיא,,,מעדן תנובה דיאט שוקו,גרמים,150.00,100 גרם,false,1,3.90,2.6000,true,1,28295
7290004135614,false,גבינה בולגרית מעודנת,,,בולגרית פיראוס מעודנ,גרמים,250.00,100 גרם,false,1,21.90,8.7600,true,1,28908
7290004136154,false,משקה חלב אייס קפה 34,,,"שוק אייס קפה 340 מ""ל",מיליליטרים,340.00,"100 מ""ל",false,1,6.70,1.9706,true,1,29234
7290004136598,false,הפסקת אוכל חלב בטעם,,,מארז הפסקת אוכל,מיליליטרים,150.00,"100 מ""ל",false,1,8.90,5.9333,true,1,30295
7290004136857,false,מעדן גלי בטעם פטל 12,,,"ג""לי פטל",גרמים,125.00,100 גרם,false,1,2.30,1.8400,true,1,29818
7290004136864,false,מעדן גלי בטעם אננס 1,,,"ג""לי אננס עם חתיכות",גרמים,125.00,100 גרם,false,1,2.70,2.1600,true,1,28910
7290004136871,false,מעדן גלי בטעם אפרסק,,,"ג""לי אפרסק עם חתיכות",גרמים,125.00,100 גרם,false,1,2.70,2.1600,true,1,28819
7290004137021,false,שמנת לבישול 10% השף,,,שמנת לבישול מופחתת ש,מיליליטרים,250.00,"100 מ""ל",false,1,8.20,3.2800,true,1,29819
7290004199074,false,פלסטר,סאני פלסטר,,פלסטר,Unknown,0.00,Unknown,false,1,7.90,0.0000,true,1,29567
7290004199579,false,פלסטר מעורב 100 יח,,,פלסטר מעורב 100 יח,Unknown,0.00,Unknown,false,1,12.90,0.0000,true,1,82060
7290004199777,false,צימרוני אוזניים,כוטון סופט,,צימרוני אוזניים,Unknown,0.00,Unknown,false,1,9.90,0.0000,true,1,28912
7290004200077,false,שקית הפתעה,,,שקית הפתעה,Unknown,0.00,Unknown,false,1,6.90,0.0000,true,1,30824
7290004200930,false,זיקוק עבה רגיל,,,זיקוק עבה רגיל,Unknown,0.00,Unknown,false,1,7.90,0.0000,true,1,29823
7290004200947,false,נר מנגן,,,נר מנגן,Unknown,0.00,Unknown,false,1,10.90,0.0000,true,1,30304
7290004221409,false,רוטב חזרת 453 גר,וובר ספרינגפילד,,רוטב חזרת 453 גר,גרמים,453.00,100 גרם,false,1,24.90,5.4967,true,1,29576
7290004419011,false,עוגת אפריקה עגולה 80,ברון מפעל לייצור עוג,,"עוגת ""אפריקה"" עגולה",גרמים,800.00,100 גרם,false,1,92.90,11.6125,true,1,30924
7290004419042,false,עוגת וולס עגולה 650,ברון מפעל לייצור עוג,,עוגת וולס עגולה 700גר,גרמים,650.00,100 גרם,false,1,82.90,12.7538,true,1,59806
7290004419134,false,עוגת אוכמניות 400 גר,ברון מפעל לייצור עוג,,"עוגת אוכמניות 500 ג""",גרמים,400.00,100 גרם,false,1,38.90,9.7250,true,1,30927
7290004419141,false,עוגת דובדבן בשוקולד,ברון מפעל לייצור עוג,,עוגת דובדבן בשוקולד500 גר,גרמים,400.00,100 גרם,false,1,38.90,9.7250,true,1,30928
7290004419165,false,עוגת קרם ברולה 500 ג,ברון מפעל לייצור עוג,,עוגת קרם ברולה 500 ג,גרמים,500.00,100 גרם,false,1,38.90,7.7800,true,1,30930
7290004419370,false,עוגה עדינה וניל 400,ברון מפעל לייצור עוג,,עוגה עדינה וניל 400,גרמים,400.00,100 גרם,false,1,38.90,9.7250,true,1,30937
7290004419394,false,עוגה עדינה שוקולד 40,ברון מפעל לייצור עוג,,עוגה עדינה שוקולד 40,גרמים,400.00,100 גרם,false,1,38.90,9.7250,true,1,30938
7290004492762,false,נשנושים בטעם טבעי בי,אתר בייגל,,"""בייגל - בייגל"" נישנ",גרמים,325.00,100 גרם,false,1,10.90,3.3538,true,1,30948
7290004494063,false,יין דלתון פטיט סירה,דלתון,,"יין דלתון פטיט סירה 750 מ""ל D",מיליליטרים,750.00,"100 מ""ל",false,1,59.90,7.9867,true,1,95979
7290004494148,false,יין דלתון מרלו גליל,דלתון,,יין מרלו-דלתון,מיליליטרים,750.00,"100 מ""ל",false,1,59.90,7.9867,true,1,30957
7290004494179,false,יין דלתון שרדונה 750,דלתון,,"יין דלתון שרדונה 750 מ""ל",מיליליטרים,750.00,"100 מ""ל",false,1,59.90,7.9867,true,1,95977
7290004494315,false,יין דלתון מוסקט 750,דלתון,,יין דלתון מוסקאט 0.75ל,מיליליטרים,750.00,"100 מ""ל",false,1,39.90,5.3200,true,1,30959
7290004494353,false,יין עלמה אייבורי 750,דלתון,,"יין עלמה לבן 750 מ""ל",מיליליטרים,750.00,"100 מ""ל",false,1,74.90,9.9867,true,1,97135
7290004494919,false,יין דלתון כנען קברנה,דלתון,,כנען קברנה שיראז-דלתון 2015,מיליליטרים,750.00,"100 מ""ל",false,1,39.90,5.3200,true,1,104261
7290004502690,false,וודקה פינלנדיה 1 ל,,,פינלנדיה 1 ליטר,ליטרים,1.00,ליטר,false,1,89.90,89.9000,true,1,30966
7290004502997,false,וודקה פינלנדיה 500 מ,,,וודקה פינלנדיה 500 מ,מיליליטרים,500.00,"100 מ""ל",false,1,49.90,9.9800,true,1,30972
7290004554354,false,פנטזיה וניל שוקו 500,,,פנטזיה וניל שוקו,גרמים,500.00,100 גרם,false,1,21.90,4.3800,true,1,30986
7290004584306,false,גבינה לבנה גמדים תות,STRAUSS-ISRAEL,,גבינה לבנה גמדים תות בננה 100 גר רביעיה,גרמים,400.00,100 גרם,false,1,11.20,2.8000,true,1,31012
7290004584351,false,גבינת סימפוניה טבעי,STRAUSS-ISRAEL,,גבינת סימפוניה טבעי,גרמים,200.00,100 גרם,false,1,10.90,5.4500,true,1,31013
7290004584528,false,יוגורט דנונה ביו 1.7,STRAUSS-ISRAEL,,יוגורט דנונה ביו 1.5,גרמים,200.00,100 גרם,false,1,3.60,1.8000,true,1,31014
7290004658960,false,יין פרייבט קולקשן אמ,,,יין אמרלד ריזלינג לב,מיליליטרים,750.00,"100 מ""ל",false,1,39.90,5.3200,true,1,31029
7290004685010,false,לחם קל שיפון 100% 50,מאפיית לחם הארץ,,לחם קל שיפון 100% 500גר,גרמים,500.00,100 גרם,false,1,15.90,3.1800,true,1,51909
7290004685089,false,לחם חמניות 500 גר,מאפיית לחם הארץ,,לחם חמניות 500 גר,גרמים,500.00,100 גרם,false,1,15.90,3.1800,true,1,50065
7290004685225,false,לחם מקמח שיפון מלא 7,מאפיית לחם הארץ,,לחם מקמח שיפון מלא 750,גרמים,750.00,100 גרם,false,1,15.90,2.1200,true,1,31040
7290004685430,false,לחם ברמן כוסמין 100%,,,לחם ברמן כוסמין 100% 750גר,גרמים,750.00,100 גרם,false,1,15.90,2.1200,true,1,107580
7290004685447,false,לחמניות כוסמין ברמן,,,לחמניות כוסמין ברמן שישייה,גרמים,450.00,100 גרם,false,1,15.90,3.5333,true,1,123446
7290004685478,false,פיתות כוסמין 10 יח,,,פיתות כוסמין 10 יח,Unknown,0.00,Unknown,false,1,16.90,0.0000,true,1,139053
7290004731076,false,אל סבון אלוורה כיף 1,,,כיף 1ליטר אלוורה,ליטרים,1.00,ליטר,false,1,11.90,11.9000,true,1,31044
7290004731083,false,אל סבון גינסנג כיף 1,,,"אל סבון כיף ג""נסינג",ליטרים,1.00,ליטר,false,1,11.90,11.9000,true,1,31045
7290004731090,false,אל סבון קמומיל כיף 1,,,כיף 1ל קמומיל,ליטרים,1.00,ליטר,false,1,11.90,11.9000,true,1,31046
7290004731472,false,אל סבון צבעוני כיף ש,,,אלסבון כיף שלישייה צ,מיליליטרים,1500.00,"100 מ""ל",false,1,18.90,1.2600,true,1,31055
7290004731519,false,סנו מקסימה למייבש סנ,,,סנו מקסימה למייבש סנ,מיליליטרים,750.00,"100 מ""ל",false,1,18.90,2.5200,true,1,31057
7290004737719,false,אספרגוס שלם מקולף בצ,heze sanqing food,,אספרגוס שלם מקולף 33,גרמים,330.00,100 גרם,false,1,9.90,3.0000,true,1,31072
7290004762827,false,קרוטונים למרק 250 גר,חטיפים מן הטבע,,קרוטונים למרק 250 גר,גרמים,250.00,100 גרם,false,1,9.90,3.9600,true,1,31075
7290004955649,false,פירורי לחם 450 גר,,,פירורי לחם 450 גר,גרמים,450.00,100 גרם,false,1,5.90,1.3111,true,1,124743
7290004955762,false,טחינה 450 גר,,,טחינה 450 גר,גרמים,450.00,100 גרם,false,1,11.90,2.6444,true,1,133966
7290005008481,false,דאודורנט גל לגבר ספו,Colgate - USA,,"ספיד סטיק ג""ל ספורט",גרמים,85.00,100 גרם,false,1,18.90,22.2353,true,1,31142
7290005020162,false,ויסקי בלנטיינס 700 מ,,,"ויסקי בלנטיינס 700 מ""ל",מיליליטרים,700.00,"100 מ""ל",false,1,89.90,12.8429,true,1,31152
7290005020346,false,בקרדי לבן 750 מל,,,"בקרדי לבן 0.75ל""",מיליליטרים,750.00,"100 מ""ל",false,1,109.90,14.6533,true,1,31157
7290005053023,false,רזנקה 1 ל,,,"רז""נקה 3% 1ל""",ליטרים,1.00,ליטר,false,1,14.90,14.9000,true,1,31169
7290005053085,false,שמנת חמוצה 15% 500 ג,,,שמנת חמוצה 15% 500 גר,גרמים,500.00,100 גרם,false,1,11.90,2.3800,true,1,60026
7290005068492,false,לקט ירקות מעורבים 70,"פרי הגליל בע""""מ",,לקט ירקות מעורבים 70,גרמים,700.00,100 גרם,false,1,9.90,1.4143,true,1,31188
7290005068553,false,לקט בורגנדי 700 גר,"פרי הגליל בע""""מ",,"לקט בורגנדי 700 גר""",גרמים,700.00,100 גרם,false,1,9.90,1.4143,true,1,31189
7290005084355,false,משחת שיניים סנסודיין,,,משחת שיניים סנסודיין דואל קר 75 מל,מיליליטרים,75.00,"100 מ""ל",false,1,20.90,27.8667,true,1,60033
7290005095061,false,נר נשמה 24 שעות פחית,,,חטיף 0 גר,Unknown,0.00,Unknown,false,1,1.90,0.0000,true,1,60035
7290005095207,false,מנגל גדול,,,מנגל גדול,Unknown,0.00,Unknown,false,4,129.90,0.0000,true,1,129281
7290005095269,false,נרות חימום שקד 50 יח,,,נרות חימום שקד 50 יח,Unknown,0.00,Unknown,false,1,12.90,0.0000,true,1,105528
7290005095290,false,מצית צבעוני לסיגריות,,,מצית צבעוני לסיגריות,Unknown,0.00,Unknown,false,1,4.90,0.0000,false,1,104095
7290005095375,false,כוסות לשתייה קרה 100,,,כוסות לשתייה קרה 100 יח,Unknown,0.00,Unknown,false,1,6.90,0.0000,true,1,107534
7290005095573,false,מצית קליפר,,,מצית קליפר,Unknown,0.00,Unknown,false,1,7.90,0.0000,false,1,104119
7290005095658,false,תפיחוני תירס מתוקים,מפעלי דגן ניסן את גפ,,תפיחוני תירס מתוקים,גרמים,150.00,100 גרם,false,1,9.90,6.6000,true,1,31199
7290005095702,false,חיטה תפוחה בדבש 200,מפעלי דגן ניסן את גפ,,חיטה תפוחה בדבש 200,גרמים,200.00,100 גרם,false,1,9.90,4.9500,true,1,31200
7290005095719,false,חיטה תפוחה טבעית 200,מפעלי דגן ניסן את גפ,,חיטה תפוחה טבעית 200,גרמים,150.00,100 גרם,false,1,9.90,6.6000,true,1,31201
7290005111761,false,מזון לכלבים בשר בונז,,,"בונזו בשר 3 ק""ג",קילוגרמים,3.00,"ק""ג",false,1,49.90,16.6333,true,1,31203
7290005113222,false,מיקס זיתים יבנה 560,,,מיקס זיתים  יבנה 560 גר,גרמים,560.00,100 גרם,false,1,9.90,1.7679,true,1,113112
7290005113956,false,מלפפון במלח בתיבול ב,,,מלפפון במלח בתיבול ביתי פיקנטי 1.7 קג,קילוגרמים,1.70,"ק""ג",false,1,24.90,14.6471,true,1,139922
7290005174551,false,סלט חומוס יום יום 12,STRAUSS-ISRAEL,,סלט חומוס יום יום 12,גרמים,125.00,100 גרם,false,1,4.90,3.9200,true,1,31214
7290005174568,false,סלט חצילים יום יום 1,STRAUSS-ISRAEL,,סלט חצילים יום יום 1,גרמים,125.00,100 גרם,false,1,4.90,3.9200,true,1,31215
7290005174575,false,סלט טחינה יום יום 12,STRAUSS-ISRAEL,,סלט טחינה יום יום 12,גרמים,125.00,100 גרם,false,1,4.90,3.9200,true,1,31216
7290005197758,false,עוגיות סנדביץ שוקו ח,אפיפית נצרת תעשיות ב,,"חיוכים שוקו 150 ג""ר",גרמים,150.00,100 גרם,false,1,4.90,3.2667,true,1,31225
7290005199578,false,קפה נמס פלטינום נטול,STRAUSS-ISRAEL,,קפה נמס פלטינום נטול,גרמים,200.00,100 גרם,false,1,36.90,18.4500,true,1,31234
7290005199738,false,מסטיק מאסט בטעם פפרמ,STRAUSS-ISRAEL,,מסטיק מאסט בטעם פפרמינט 28 גר,גרמים,28.00,100 גרם,false,16,4.50,16.0714,true,1,31236
7290005200786,false,חטיף תפוציפס שמנת וב,STRAUSS-ISRAEL,,"תפוצ""יפס שמנת ובצל 50גר",גרמים,50.00,100 גרם,false,1,3.90,7.8000,true,1,31241
7290005271410,false,ביצים 12 יח L,,,"ביצים 12 יח"" L",Unknown,0.00,Unknown,false,1,12.05,0.0000,true,1,31256
7290005271427,false,ביצים 12 יח M,,,"ביצים 12 יח"" M",Unknown,0.00,Unknown,false,1,11.15,0.0000,true,1,31257
7290005271618,false,ביצים M לבן אומגה 3,,,ביצים M לבן אומגה 3,Unknown,0.00,Unknown,false,1,36.90,0.0000,true,1,31263
7290005271656,false,ביצים אומגה 3 לבן 20,,,ביצים אומגה 3 לבן 20 יח XL,Unknown,0.00,Unknown,false,1,34.90,0.0000,true,1,49706
7290005271687,false,ביצים אומגה 12 יח L,,,ביצים אומגה 12 יח L,Unknown,0.00,Unknown,false,1,18.90,0.0000,true,1,79627
7290005271755,false,ביצים L חופש 12 יח,,,ביצים L חופש 12 יח,Unknown,0.00,Unknown,false,1,18.90,0.0000,true,1,109829
7290005271762,false,ביצי חופש 12 יח M,,,ביצים L חופש 12 יח,Unknown,0.00,Unknown,false,1,17.90,0.0000,true,1,97089
7290005271786,false,ביצים 30 יח M,,,ביצים 30 יח M,Unknown,0.00,Unknown,false,1,27.87,0.0000,true,1,103383
7290005287206,false,נתחי טונה בשמן סטארק,,,רביעיית טונה סטארקיס,גרמים,640.00,100 גרם,false,1,24.90,3.8906,true,1,31289
7290005287251,false,נתחי טונה במים סטארק,,,רביעיית טונה סטארקיס,גרמים,640.00,100 גרם,false,1,24.90,3.8906,true,1,31290
7290005287510,false,טונה בשמן עם פלפל חר,,,"טונה ""סטארקיסט"" בשמן",גרמים,160.00,100 גרם,false,1,7.90,4.9375,true,1,52826
7290005287527,false,טונה בהירה עם לימון,,,"טונה ""סטארקיסט"" בשמן",גרמים,160.00,100 גרם,false,1,7.90,4.9375,true,1,52827
7290005296246,false,פותח סתימות בכיור דר,סאמיט,,"פותח סתימות בכיור דריין און 946 מ""ל",מיליליטרים,946.00,"100 מ""ל",false,1,29.90,3.1607,true,1,106006
7290005296260,false,רסס נגב אסטוניש ירוק,אסטוניש,,"רסס נגב אסטוניש ירוק/תפוז אדום 750 מ""ל",מיליליטרים,750.00,"100 מ""ל",false,1,14.90,1.9867,true,1,106067
7290005317194,false,ביסקוויט תה 110 גר,,,ביסקוויט תה 110 גר,גרמים,110.00,100 גרם,false,1,2.90,2.6364,true,1,31308
7290005317200,false,קרקר טופז רגיל הדר 1,,,קרקר טופז רגיל הדר 110 גר,גרמים,110.00,100 גרם,false,1,3.90,3.5455,true,1,31309
7290005423734,false,מרכך כביסה סנו מקסימ,,,מרכך כביסה סנו מקסימה 4 ל,ליטרים,4.00,ליטר,false,1,21.90,5.4750,true,1,31359
7290005423871,false,משחת שיניים מנטה שלי,,,אורביטול משחת שיניים,גרמים,435.00,100 גרם,false,1,17.90,4.1149,true,1,31361
7290005424113,false,מטליות לניקוי רצפות,,,סנו סושי 4 מטליות רי,Unknown,0.00,Unknown,false,1,11.90,0.0000,true,1,31367
7290005424762,false,ריצפז פלוס דוחה תיקנ,,,ריצפז פלוס דוחה תקינ,ליטרים,2.00,ליטר,false,1,27.90,13.9500,true,1,31375
7290005424847,false,מפיות אירוח איכותיות,,,סנו סופט מפיות לבן 1,Unknown,0.00,Unknown,false,1,7.90,0.0000,true,1,31379
7290005425127,false,מתז לחיטוי וניקוי יס,,,"מתז לחיטוי וניקוי יסודי סנו 750 מ""ל",מיליליטרים,750.00,"100 מ""ל",false,1,12.90,1.7200,true,1,120734
7290005425646,false,סנו קליר 1 ל,,,סנו קליר 1 ליטר,ליטרים,1.00,ליטר,false,1,9.90,9.9000,true,1,31398
7290005426735,false,אבקת כביסה מקסימה בל,,,אבקת כביסה סנו מקסימ,גרמים,1250.00,100 גרם,false,1,14.90,1.1920,true,1,31426
7290005426964,false,סנובון כחול אפרסק של,,,סנובון כחול שלישייה,גרמים,165.00,100 גרם,false,1,14.90,9.0303,true,1,31431
7290005426971,false,סנובון כחול תפוח שלי,,,סנובון כחול תפוח שלי,גרמים,165.00,100 גרם,false,1,14.90,9.0303,true,1,31432
7290005427107,false,מגבות הפלא סנו סושי,,,סנו סושי מגבות הפלא,Unknown,0.00,Unknown,false,1,11.90,0.0000,true,1,31435
7290005428852,false,מגבוני נייר סופט חמי,,,חמישייה סנו סופט לאף,גרמים,650.00,100 גרם,false,1,14.90,2.2923,true,1,31482
7290005429279,false,אבקת כביסה מקסימה זא,,,אבקת כביסה סנו מקסימ,קילוגרמים,6.00,"ק""ג",false,1,49.90,8.3167,true,1,31492
7290005429286,false,אבקת כביסה מקסימה בי,,,אבקת כביסה סנו מקסימ,קילוגרמים,6.00,"ק""ג",false,1,49.90,8.3167,true,1,31493
7290005430602,false,ספריי להסרת כתמים סנ,,,"סנו אוקסיג""ן מסיר כת",מיליליטרים,750.00,"100 מ""ל",false,1,17.90,2.3867,true,1,31499
7290005431883,false,קינוח מלבי חלבי עדן,,,קינוח מלבי חלבי 165 גר,גרמים,165.00,100 גרם,false,1,6.90,4.1818,true,1,125568
7290005431890,false,קינוח בוואריה עדן 95,,,קינוח בוואריה 95 גר,גרמים,95.00,100 גרם,false,1,6.90,7.2632,true,1,125566
7290005431968,false,קינוח מלבי שמנת עדן,,,מלבי שמנת 150 גר,גרמים,150.00,100 גרם,false,12,6.90,4.6000,true,1,128196
7290005476334,false,מטליות סולור מיקרופי,סנדיין,,מטליות סולור מיקרופייבר לרצפה 3 יח,Unknown,0.00,Unknown,false,1,17.90,0.0000,true,1,98231
7290005491290,false,ריבת דובדבן 220 מל,,,ריבת דובדבן 220 מל,מיליליטרים,220.00,"100 מ""ל",false,12,24.90,11.3182,true,1,129002
7290005491368,false,ריבת משמש 220 מל,,,ריבת משמש 220 מל,מיליליטרים,220.00,"100 מ""ל",false,12,24.90,11.3182,true,1,129001
7290005559907,false,פיצה משפחתית גבינה 5,,,פיצה משפחתית גבינה 5,גרמים,500.00,100 גרם,false,1,19.90,3.9800,true,1,31544
7290005559914,false,פיצה משפחתית זיתים 5,,,פיצה משפחתית זיתים 550 גר,גרמים,550.00,100 גרם,false,1,19.90,3.6182,true,1,31545
7290005559990,false,בצק פילאס תורכי 600,,,בצק פילאס תורכי 600,גרמים,600.00,100 גרם,false,1,19.90,3.3167,true,1,31547
7290005591761,false,דבש טהור לחיץ יד מרד,STRAUSS-ISRAEL,,"דבש טהור לחיץ 400 ג""",גרמים,400.00,100 גרם,false,1,20.90,5.2250,true,1,31554
7290005605994,false,פאנטה זכוכית 350 מל,,,פאנטה זכוכית 350,מיליליטרים,350.00,"100 מ""ל",false,1,5.90,1.6857,true,1,106580
7290005651052,false,מזון לחתולים לה קט מ,,,"מזון לחתולים ""לה קט"" מיקס 1.5קג",קילוגרמים,1.50,"ק""ג",false,1,39.90,26.6000,true,1,60330
7290005651069,false,לה קט מיקס 2.85 קג,,,"לה קט מיקס 2.85 ק""ג",קילוגרמים,2.85,"ק""ג",false,1,57.90,20.3158,true,1,31577
7290005651366,false,מזון כלבים כבד בונזו,,,"בונזו בטעם כבד 3 ק""ג",קילוגרמים,3.00,"ק""ג",false,1,49.90,16.6333,true,1,31578
7290005651427,false,מזון כלבים כבד ברווז,,,בונזו מולטיפק 3*400,קילוגרמים,1.20,"ק""ג",false,1,21.90,18.2500,true,1,31579
7290005680052,false,טמפון או. בי. סופר פ,Johnson Toilet-IT,,טמפון או. בי. סופר פ,Unknown,0.00,Unknown,false,1,24.90,0.0000,true,1,31581
7290005740183,false,חיות פרווה,,,חיות פרווה,Unknown,0.00,Unknown,false,1,14.90,0.0000,true,1,31593
7290005786068,false,בלינצס גבינה מתוקה ו,שבע-תעשיות בצקים קפו,,בלינצס גבינה מתוקה וצימוקים 600 גר,גרמים,600.00,100 גרם,false,1,32.90,5.4833,true,1,95634
7290005786075,false,קרפלך סאן סאניץ בשר,שבע-תעשיות בצקים קפו,,קרפלך סאן סאניץ בשר עוף 1 קג,קילוגרמים,1.00,"ק""ג",false,1,39.90,39.9000,true,1,95629
7290005786129,false,בלינצס בשר 600 גר,שבע-תעשיות בצקים קפו,,בלינצס בשר 600 גר,גרמים,600.00,100 גרם,false,1,32.90,5.4833,true,1,95632
7290005786136,false,בלינצס תפוא ופטריות,שבע-תעשיות בצקים קפו,,"בלינצס תפו""א ופטריות 600 גר",גרמים,600.00,100 גרם,false,1,32.90,5.4833,true,1,95633
7290005838002,false,מעדן גבינה דניאלה,STRAUSS-ISRAEL,,מעדן גבינה דניאלה,גרמים,88.00,100 גרם,false,1,4.10,4.6591,true,1,31635
7290005838613,false,מעדן גבינה סקי וניל,STRAUSS-ISRAEL,,"סקי וניל 125 ג""ר",גרמים,125.00,100 גרם,false,1,3.70,2.9600,true,1,31637
7290005839078,false,יוגורט לבן טבעי ביו,STRAUSS-ISRAEL,,מארז דנונה ביו 3% 15,קילוגרמים,1.20,"ק""ג",false,1,16.90,14.0833,true,1,31639
7290005839108,false,גבינת סימפוניה 5% עם,STRAUSS-ISRAEL,,גבינת סימפוניה 5% עם,גרמים,200.00,100 גרם,false,1,10.90,5.4500,true,1,31640
7290005839313,false,מעדן מילקי טופ מגולג,STRAUSS-ISRAEL,,מעדן מילקי טופ מגולגלת 141 גר,גרמים,141.00,100 גרם,false,1,4.70,3.3333,true,1,31641
7290005896415,false,בירה איגל ירוק פחית,,,"בירה איגל ירוק פחית 500 מ""ל",מיליליטרים,500.00,"100 מ""ל",false,1,6.90,1.3800,true,1,60430
7290005896439,false,בירה מכבי בק חוזר 50,,,"בירה ""מכבי"" בק"" חוזר",מיליליטרים,500.00,"100 מ""ל",false,1,7.90,1.5800,true,1,31649
7290005896453,false,בירה מכבי 7.9% בק חו,,,"בירה ""מכבי"" 7.9% בק"" חוזר 500 מ""ל",מיליליטרים,500.00,"100 מ""ל",false,1,7.90,1.5800,true,1,104011
7290005896460,false,בירה איגל איגל פחית,,,"בירה איגל איגל פחית 500 מ""ל",מיליליטרים,500.00,"100 מ""ל",false,1,7.90,1.5800,true,1,111370
7290005896620,false,מים סאן בנדטו מוגז 1,,,מים סאן בנדטו מוגז 1,ליטרים,1.50,ליטר,false,1,3.90,2.6000,true,1,31650
7290005896637,false,מים סן בנדטו בודד,,,מים סן בנדטו בודד,Unknown,0.00,Unknown,false,1,3.90,0.0000,true,1,31651
7290005938245,false,פסטו קלאסי 220 גר,פרסקו,,פסטו קלאסי 220 גר,גרמים,220.00,100 גרם,false,1,18.90,8.5909,true,1,49108
7290005938603,false,טפנד זיתים שחורים 22,פרסקו,,טפנד זיתים שחורים 220 גר,גרמים,220.00,100 גרם,false,1,18.90,8.5909,true,1,49111
7290005938610,false,טפנד זיתים ירוקים 22,פרסקו,,טפנד זיתים ירוקים 220 גר,גרמים,220.00,100 גרם,false,1,17.90,8.1364,true,1,49110
7290005938627,false,ממרח עגבניות מיובשות,פרסקו,,ממרח עגבניות מיובשות 220 גר,גרמים,220.00,100 גרם,false,1,17.90,8.1364,true,1,49112
7290005966033,false,יין הר חרמון לבן 750,יקב רמת הגולן,,"יין ""הר חרמון"" לבן",מיליליטרים,750.00,"100 מ""ל",false,1,32.90,4.3867,true,1,31664
7290005966088,false,יין הר חרמון אדום 75,יקב רמת הגולן,,"יין ""הר חרמון"" אדום",מיליליטרים,750.00,"100 מ""ל",false,1,32.90,4.3867,true,1,31665
7290005992735,false,גבינת לאבנה טבעית 5%,,,לבנה טבעי 5% 250 גרם,גרמים,250.00,100 גרם,false,1,11.90,4.7600,true,1,60456
7290005996009,false,סלמי גלילי מעושן 400,,,סלמי גלילי מעושן 400 גר,גרמים,400.00,100 גרם,false,1,24.90,6.2250,true,1,121357
7290005996740,false,סלמי פפרוני 300 גר,מעדני יחיעם 1993,,סלמי פפרוני 300 גר,גרמים,300.00,100 גרם,false,1,23.90,7.9667,true,1,133252
7290006218872,false,קרפלך ביתי בשר 800 ג,,,קפלצו עם בשר,גרמים,800.00,100 גרם,false,1,28.90,3.6125,true,1,113493
7290006229427,false,מים מינרליים סאן בנא,,,שישיית סן בנדטו 500,ליטרים,3.00,ליטר,false,1,13.90,4.6333,true,1,31690
7290006229588,false,בירה איגל זהב פחית 5,,,"בירה איגל זהב פחית 500 מ""ל",מיליליטרים,500.00,"100 מ""ל",false,1,6.90,1.3800,true,1,60474
7290006241191,false,אגוזי מלך 150 גר,,,"אגוזי מלך 150 ג""ר",גרמים,150.00,100 גרם,false,1,11.90,7.9333,true,1,31693
7290006241214,false,שקד טבעי 200 גר,,,"שקד טבעי 200 גר""",גרמים,200.00,100 גרם,false,1,19.90,9.9500,true,1,52013
7290006241535,false,מיץ מנגו קפוא 340 גר,,,"מיץ מנגו קפוא 340 מ""",גרמים,340.00,100 גרם,false,1,15.90,4.6765,true,1,31698
7290006241689,false,משקה לימון מרוכז קפו,,,משקה לימון מרוכז קפו,גרמים,340.00,100 גרם,false,1,15.90,4.6765,true,1,31699
7290006251275,false,תה ירוק סיני 25 שק,,,"תה ירוק סיני 25 שק""",גרמים,38.00,100 גרם,false,1,24.90,65.5263,true,1,31706
7290006251343,false,תה גן הקסום פסיפלורה,,,"""הגן הקסום"" מנגו פסי",גרמים,63.00,100 גרם,false,1,17.90,28.4127,true,1,31708
7290006251374,false,תה ירוק לימונית גינג,,,"תה ירוק לימונית וג""י",גרמים,38.00,100 גרם,false,1,24.90,65.5263,true,1,31709
7290006251589,false,תה ירוק נענע 50 שק,,,"תה ירוק נענע 50 שק""",גרמים,75.00,100 גרם,false,1,39.90,53.2000,true,1,31710
7290006265500,false,פטריות ארוזות,מרינה פטריות הגליל,,פטריות ארוזות,Unknown,0.00,Unknown,false,1,8.50,0.0000,true,1,31719
7290006271181,false,גחנון אפוי 750 גר,,,"ג""חנון אפוי 750 ג""ר",גרמים,750.00,100 גרם,false,1,22.90,3.0533,true,1,31743
7290006272072,false,חטיפי פיצה מוזל 650,,,חטיפי פיצה מוזל 650,גרמים,650.00,100 גרם,false,1,29.90,4.6000,true,1,31749
7290006272430,false,בצק עלים חמאה 600 גר,,,בצק עלים חמאה 600 גר,גרמים,600.00,100 גרם,false,1,27.90,4.6500,true,1,31750
7290006299215,false,יין מוזס קברנה סובינ,,,יין מוזס קברנה סוביניון חצי יבש 750 מל,מיליליטרים,750.00,"100 מ""ל",false,1,36.90,4.9200,true,1,60584
7290006299239,false,יין גייקוב ריזלינג ח,,,יין גייקוב ריזלינג חצי יבש 750 מל,מיליליטרים,750.00,"100 מ""ל",false,1,36.90,4.9200,true,1,60585
7290006299499,false,יין יושוא פטיט סירה,,,יין יושוא פטיט סירה יבש 750 מל,מיליליטרים,750.00,"100 מ""ל",false,1,36.90,4.9200,true,1,141854
7290006322104,false,לחם ריחיים קל פרוס 5,,,לחם ריחיים קל פרוס,גרמים,500.00,100 גרם,false,1,9.90,1.9800,true,1,31763
7290006322111,false,לחמניות ריחיים שישיי,,,לחמניות ריחיים שישייה 450 גר,גרמים,450.00,100 גרם,false,1,11.90,2.6444,true,1,31764
7290006322197,false,מארז 4 לחמניות הבית,,,מארז 4 לחמניות הבית כפולות 120 גר,גרמים,120.00,100 גרם,false,1,14.90,12.4167,true,1,141882
7290006322838,false,לחם 100% קמח מלא 750,,,לחם 100% קמח מלא 750 גר,גרמים,750.00,100 גרם,false,1,12.90,1.7200,true,1,50787
7290006327284,false,סודה לשתיה אוני 1 קג,"ארוז ע""'.י.כהן בע""ם",,"סודה לשתיה ""אוני"" 1",גרמים,1000.00,100 גרם,false,1,14.90,1.4900,true,1,31780
7290006337016,false,בלינציס עם בשר 800 ג,מפעלי אירנה לבצק ממו,,בלינציס עם בשר 800 גר,גרמים,800.00,100 גרם,false,1,34.90,4.3625,true,1,99393
7290006337023,false,בלינציס עם גבינה 800,מפעלי אירנה לבצק ממו,,בלינציס עם גבינה 800 גר,גרמים,800.00,100 גרם,false,1,34.90,4.3625,true,1,99731
7290006337085,false,צבורקי 600 גר,מפעלי אירנה לבצק ממו,,צבורקי 600 גר,גרמים,600.00,100 גרם,false,1,31.90,5.3167,true,1,99399
7290006337214,false,צבורצקי מיני 600 גר,מפעלי אירנה לבצק ממו,,צבורצקי מיני 600 גר,גרמים,600.00,100 גרם,false,18,31.90,5.3167,true,1,122569
7290006337443,false,כיסוני בשר כבש 1.3 ק,מפעלי אירנה לבצק ממו,,"כיסוני בשר כבש 1.3 ק""ג",קילוגרמים,1.30,"ק""ג",false,1,38.90,29.9231,true,1,99378
7290006337450,false,כיסוני בשר לבן 1.3 ק,מפעלי אירנה לבצק ממו,,"כיסוני בשר לבן 1.3 ק""ג",קילוגרמים,1.30,"ק""ג",false,1,38.90,29.9231,true,1,99379
7290006337467,false,כיסוני בשר דומשניה 1,מפעלי אירנה לבצק ממו,,"כיסוני בשר דומשניה 1.3 ק""ג",קילוגרמים,1.30,"ק""ג",false,1,38.90,29.9231,true,1,99377
7290006337474,false,כיסוני בשר עגל 1.3 ק,מפעלי אירנה לבצק ממו,,"כיסוני בשר עגל/מיני 1.3 ק""ג",קילוגרמים,1.30,"ק""ג",false,1,38.90,29.9231,true,1,99380
7290006342072,false,גרעין דלעת קלוי ששון,,,גרעין דלעת קלוי ששון הקולה 200 גר,גרמים,200.00,100 גרם,false,1,10.90,5.4500,true,1,118451
7290006342089,false,גרעיני חמניה קלויים,,,גרעיני חמניה קלויים ששון הקולה 200 גר,גרמים,200.00,100 גרם,false,1,4.90,2.4500,true,1,118456
7290006342447,false,גרעיני אבטיח ששון הק,,,גרעיני אבטיח  ששון הקולה 200 גר,גרמים,200.00,100 גרם,false,1,13.90,6.9500,true,1,118452
7290006342553,false,קבוקים עם שומשום ששו,"דין שיווק וקליה בע""מ",,קבוקים עם שומשום ששון הקולה 200 גר,גרמים,200.00,100 גרם,false,1,6.90,3.4500,true,1,118510
7290006342560,false,בוטנים אמריקאים מצופ,,,בוטנים אמריקאים מצופים ששון הקולה 200 גר,גרמים,200.00,100 גרם,false,1,6.90,3.4500,true,1,118440
7290006342645,false,טורטיות 25 סמ 840 גר,,,"טורטיות 25 ס""מ 70 גר",גרמים,840.00,100 גרם,false,1,14.90,1.7738,true,1,118468
7290006374738,false,קונפיטורת תות שדה יד,"בית אל מזון בע""מ",,"קונפיטורת תות 340 ג""",גרמים,340.00,100 גרם,false,1,12.90,3.7941,true,1,31800
7290006376015,false,חומץ חום 1 ל,,,חומץ חום 1 ל,ליטרים,1.00,ליטר,false,1,5.90,5.9000,true,1,142314
7290006376039,false,שיבולת שועל פרמיום ה,,,שיבולת שועל פרמיום הילדה 500 גר,גרמים,500.00,100 גרם,false,1,8.90,1.7800,true,1,31803
7290006376046,false,סוכר דמררה שקית 1 קג,רג'ואן,IL,סוכר דמררה שקית 1 קג,קילוגרמים,1.00,"ק""ג",false,24,10.90,10.9000,true,1,119732
7290006376091,false,סודה לשתייה קרטונית,,,סודה לשתייה קרטונית 50 גר,גרמים,50.00,100 גרם,false,1,2.90,5.8000,true,1,137832
7290006376299,false,שוקו כיף 500 גר,י.כהן,,שוקו כיף 500 גר,גרמים,500.00,100 גרם,false,1,8.90,1.7800,true,1,123725
7290006376626,false,אבקת סוכר 100 גר,,,אבקת סוכר 100 גר,גרמים,100.00,100 גרם,false,1,3.90,3.9000,true,1,119728
7290006376688,false,עשיריית סוכר וניל,,,עשיריית סוכר וניל,Unknown,0.00,Unknown,false,1,3.90,0.0000,true,1,31811
7290006376695,false,עשיריית אבקת אפיה 10,,,עשיריית אבקת אפיה,גרמים,100.00,100 גרם,false,1,3.90,3.9000,true,1,31812
7290006376718,false,אבקת גלטין 12 גר זוג,,,אבקת גלטין 12 גר זוג,גרמים,24.00,100 גרם,false,1,10.90,45.4167,true,1,31813
7290006376817,false,שמרים יבשים 33 גר,,,שמרים יבשים 33 גר,גרמים,33.00,100 גרם,false,24,7.90,23.9394,true,1,31814
7290006376848,false,קפה טורקי 100 גר,,,קפה טורקי 100 גר,גרמים,100.00,100 גרם,false,1,6.90,6.9000,true,1,137833
7290006376862,false,קפה טורקי 100 גר שלי,ר.ס.,,קפה טורקי 100 גר שלישייה,גרמים,300.00,100 גרם,false,1,16.90,5.6333,true,1,31815
7290006376923,false,פירורי לחם מוזהבים 2,י.כהן,,פירורי לחם מוזהבים 200 גר,גרמים,200.00,100 גרם,false,1,3.90,1.9500,true,1,132808
7290006439031,false,שמן קנולה 1 ל,,,שמן קנולה 1 ל,ליטרים,1.00,ליטר,false,1,14.90,14.9000,true,1,132583
7290006439475,false,עדשים ירוקות שוקחה 1,,,"עדשים ירוקות שוקחה 1 ק""ג",קילוגרמים,1.00,"ק""ג",false,1,13.90,13.9000,true,1,111576
7290006439536,false,חומוס שוקחה 1 קג,,,"חומוס שוקחה 1 ק""ג",קילוגרמים,1.00,"ק""ג",false,1,13.90,13.9000,true,1,111571
7290006439598,false,פריקה שוקחה 800 גר,,,פריקה שוקחה 800 גר,גרמים,800.00,100 גרם,false,1,13.90,1.7375,true,1,111579
7290006439680,false,גריסים שוקחה 1 קג,,,"גריסים שוקחה 1 ק""ג",קילוגרמים,1.00,"ק""ג",false,1,8.90,8.9000,true,1,111587
7290006439697,false,חיטה שוקחה 1 קג,,,"חיטה שוקחה 1 ק""ג",קילוגרמים,1.00,"ק""ג",false,1,8.90,8.9000,true,1,111590
7290006439703,false,אפונה חצאים שוקחה 1,,,"אפונה חצאים שוקחה 1 ק""ג",קילוגרמים,1.00,"ק""ג",false,1,9.90,9.9000,true,1,111584
7290006459442,false,מנגל ארוז בקרטון שקד,,,מנגל ארוז בקרטון שקד,Unknown,0.00,Unknown,false,12,39.90,0.0000,true,1,129280
7290006459497,false,פחם גריל שקד 2 קג,E&C Charcoal LTD,,"פחם גריל שקד 2 ק""ג",קילוגרמים,2.00,"ק""ג",false,1,29.90,14.9500,true,1,31836
7290006459503,false,כוסות שקופות לבירה 3,,,"כוסות שקופות לבירה 330 מ""ל",Unknown,0.00,Unknown,false,1,8.90,0.0000,true,1,123081
7290006492432,false,מוצרלה בייבי 18% 150,,,מוצרלה בייבי 18% 150,גרמים,150.00,100 גרם,false,1,14.90,9.9333,true,1,31840
7290006492616,false,גבינה בולגרית 5% פרו,,,בולגרית 5% פרוסות 250גר,גרמים,250.00,100 גרם,false,1,25.90,10.3600,true,1,31841
7290006492630,false,גליל גבינת עיזים 16%,,,גליל גבינת עיזים 26%,גרמים,180.00,100 גרם,false,1,22.90,12.7222,true,1,60685
7290006492685,false,לאבנה עיזים 5% 250 ג,,,לבנה עיזים 3% 250 גר,גרמים,250.00,100 גרם,false,1,16.90,6.7600,true,1,60687
7290006492852,false,גבינת עיזים למריחה 5,,,גבינת עיזים למריחה 5% 250גר,גרמים,250.00,100 גרם,false,1,15.90,6.3600,true,1,60691
7290006494917,false,וופל טוסו בטעם שוקול,גילרו,,"וופל ""מרמולייט"" שוקו",גרמים,200.00,100 גרם,false,1,9.90,4.9500,true,1,31856
7290006496201,false,סירופ שקדים משקד רוז,,,בקבוק רוזטה עם שקדים,מיליליטרים,750.00,"100 מ""ל",false,1,24.90,3.3200,true,1,31860
7290006511157,false,פטריות שלמות וילי פו,אוקוצמפ,,"פטריות שלמות ""גולדפו",גרמים,400.00,100 גרם,false,1,7.90,1.9750,true,1,31864
7290006511751,false,פטריות חתוכות 290 גר,לוטס,,פטריות חתוכות 290 גר שלישייה,גרמים,870.00,100 גרם,false,1,11.90,1.3678,true,1,73895
7290006546333,false,ציפס פרי הגליל 700 ג,"פרי הגליל בע""""מ",,"צ""יפס 700 ג""ר",גרמים,600.00,100 גרם,false,1,9.90,1.6500,true,1,31873
7290006546371,false,במיה 600 גר,"פרי הגליל בע""""מ",,"במיה 600 גר""",גרמים,600.00,100 גרם,false,1,13.90,2.3167,true,1,31874
7290006546388,false,תחתיות ארטישוק 400 ג,"פרי הגליל בע""""מ",,תחתיות ארטישוק 400 ג,גרמים,400.00,100 גרם,false,1,13.90,3.4750,true,1,31875
7290006562906,false,סטיק הודו וכבש פרמיו,,,סטיק הודו וכבש פרמיו 15 גר,גרמים,15.00,100 גרם,false,1,6.90,46.0000,true,1,141755
7290006562913,false,סטיק עוף וברווז פרמי,,,סטיק עוף וברווז פרמיו 15 גר,גרמים,15.00,100 גרם,false,1,6.90,46.0000,true,1,141756
7290006582539,false,חמוציות מיובשות ששון,,,חמוציות מיובשות ששון הקולה 250 גר,גרמים,250.00,100 גרם,false,1,10.90,4.3600,true,1,118466
7290006618078,false,מרסס לניקוי מטבח אסט,אסטוניש,,"מרסס לניקוי מטבח אסטוניש צהוב 750 מ""ל",מיליליטרים,750.00,"100 מ""ל",false,1,14.90,1.9867,true,1,106068
7290006618085,false,מרסס לניקוי אמבט/משמ,אסטוניש,,מרסס לניקוי אמבט/משמיד עובש אסטוניש,מיליליטרים,750.00,"100 מ""ל",false,1,14.90,1.9867,true,1,106069
7290006618146,false,מדליק פחמים הפי בקבו,דאץ פליים,,"מדליק פחמים הפי בקבוק 500 מ""ל",מיליליטרים,500.00,"100 מ""ל",false,1,15.90,3.1800,true,1,106056
7290006618610,false,ספוגיות הפי חלבי/בשר,פלספק,,ספוגיות הפי חלבי/בשרי שישייה,Unknown,0.00,Unknown,false,1,7.90,0.0000,true,1,106014
7290006652027,false,במבה מולטי פק 15 גר,אסם,,"במבה מולטי פק"" 15 ג""",גרמים,300.00,100 גרם,false,1,22.90,7.6333,true,1,31993
7290006653819,false,קוסקוס דק בשקית 350,קוסקוס,,קוסקוס דק בשקית 350,גרמים,350.00,100 גרם,false,1,7.90,2.2571,true,1,31998
7290006664037,false,גבינה לבנה תות בננה,STRAUSS-ISRAEL,,רביעיית סופר גמדים ד,מיליליטרים,400.00,"100 מ""ל",false,1,11.20,2.8000,true,1,32002
7290006664051,false,מארז אקטימל 14 יח,STRAUSS-ISRAEL,,"מארז אקטימל 14חי""",גרמים,1512.00,100 גרם,false,1,29.90,1.9775,true,1,32003
7290006664310,false,גבינה לבנה סקי 3% 25,STRAUSS-ISRAEL,,"סקי 3% 250 ג""ר",גרמים,250.00,100 גרם,false,1,4.75,1.9000,true,1,32007
7290006664402,false,גבינת סקי 5% 750 גר,STRAUSS-ISRAEL,,"גבינת סקי 5% 750 ג""ר",גרמים,750.00,100 גרם,false,1,14.25,1.9000,true,1,32009
7290006664532,false,דנונה תות 1.5% 150 מ,STRAUSS-ISRAEL,,דנונה תות 1.5%,מיליליטרים,150.00,"100 מ""ל",false,1,3.90,2.6000,true,1,32010
7290006664655,false,משקה יוגורט טבעי אקט,STRAUSS-ISRAEL,,אקטימל טבעי שמינייה,גרמים,864.00,100 גרם,false,1,20.90,2.4190,true,1,32013
7290006664693,false,דנונה אפרסק 1.5% 150,STRAUSS-ISRAEL,,דנונה אפרסק 1.5%,מיליליטרים,150.00,"100 מ""ל",false,1,3.90,2.6000,true,1,32014
7290006664990,false,יוגורט לבן פרוביוטי,STRAUSS-ISRAEL,,מארז דנונה ביו 1.5%,קילוגרמים,1.20,"ק""ג",false,1,16.90,14.0833,true,1,32018
7290006678850,false,סרדין מרוקאי בשמן זי,אוקימיק לעיון,,סרדין מרוקאי בשמן זית 125 גר,גרמים,125.00,100 גרם,false,1,5.90,4.7200,true,1,95736
7290006681003,false,קרמיסימו סורבה תות ל,,,קרמיסימו סורבה תות ל,ליטרים,1.33,ליטר,false,1,18.90,14.2105,true,1,32060
7290006681553,false,קרמבו וניל 8 יח,,,"קרמבו וניל 8יח""",גרמים,200.00,100 גרם,false,1,14.90,7.4500,true,1,32076
7290006681560,false,קרמבו מוקה 8 יח,,,"קרמבו מוקה 8 יח""",גרמים,200.00,100 גרם,false,1,14.90,7.4500,true,1,32077
7290006704153,false,ביבי מיקס,,,ביבי מיקס,Unknown,0.00,Unknown,false,1,7.90,0.0000,true,1,84131
7290006704269,false,חסה עגולה יח,מרינה פטריות הגליל,,חסה עגולה יח,Unknown,0.00,Unknown,false,1,5.90,0.0000,true,1,32097
7290006712981,false,משחת שיניים לילדים מ,CP-Poland swidnica,,"משחת שיניים לילדים """,גרמים,66.00,100 גרם,false,1,12.90,19.5455,true,1,32137
7290006738615,false,קבב זהב 400 גר,נקניק נהריה כשר זוגל,,"קבב זהב 400 גר""",גרמים,400.00,100 גרם,false,1,19.90,4.9750,true,1,32164
7290006739346,false,נקניקיות פרגיות 400,נקניק נהריה כשר זוגל,,נקניקיות פרגיות 400,גרמים,400.00,100 גרם,false,1,13.90,3.4750,true,1,32167
7290006739407,false,שניצל תירס לייט 630,נקניק נהריה כשר זוגל,,שניצל תירס לייט 630,גרמים,630.00,100 גרם,false,1,25.90,4.1111,true,1,32169
7290006739414,false,סלמי קוניאק 300 גר,נקניק נהריה כשר זוגל,,"סלמי קוניאק 300 גר""",גרמים,300.00,100 גרם,false,1,25.90,8.6333,true,1,32170
7290006739421,false,סלמי איטלקי 300 גר,נקניק נהריה כשר זוגל,,"סלמי איטלקי 300 גר""",גרמים,300.00,100 גרם,false,1,25.90,8.6333,true,1,32171
7290006739445,false,שניצל תירס קלאסי 750,נקניק נהריה כשר זוגל,,שניצל תירס קלאסי 750,גרמים,750.00,100 גרם,false,1,25.90,3.4533,true,1,32172
7290006741363,false,בורקס תפוא 800 גר,נקניק נהריה כשר זוגל,,"בורקס תפו""א 800 גר",גרמים,800.00,100 גרם,false,1,17.90,2.2375,true,1,32192
7290006741387,false,מלאווח תימני 700 גר,נקניק נהריה כשר זוגל,,מלאווח תימני,גרמים,700.00,100 גרם,false,1,17.90,2.5571,true,1,32193
7290006742179,false,קבב מזרחי 400 גר,נקניק נהריה כשר זוגל,,קבב מזרחי 400 גרם,גרמים,400.00,100 גרם,false,1,19.90,4.9750,true,1,32202
7290006742278,false,פסטרממיה צלויה על לב,נקניק נהריה כשר זוגל,,פסטרממיה צלויה על לב,גרמים,330.00,100 גרם,false,1,25.90,7.8485,true,1,32203
7290006742292,false,פסטרממיה בדבש 330 גר,נקניק נהריה כשר זוגל,,פסטרממיה בדבש 330 גר,גרמים,330.00,100 גרם,false,1,25.90,7.8485,true,1,32205
7290006742315,false,חזה הודו ברביקיו 330,נקניק נהריה כשר זוגל,,חזה הודו ברביקיו 330,גרמים,330.00,100 גרם,false,1,25.90,7.8485,true,1,32207
7290006748072,false,זר פרחים,,,זר פרחים,יחידה,1.00,יחידה,false,1,35.00,35.0000,true,1,75901
7290006748089,false,עציץ 1,,,עציץ 1,Unknown,0.00,Unknown,false,1,9.90,0.0000,true,1,107547
7290006748096,false,זר פרחים,,,זר פרחים,יחידה,1.00,יחידה,false,1,50.00,50.0000,true,1,75903
7290006748119,false,זר פרחים,,,זר פרחים,Unknown,0.00,Unknown,false,1,59.00,0.0000,true,1,103836
7290006748133,false,זר פרחים,,,זר פרחים,יחידה,1.00,יחידה,false,1,25.00,25.0000,true,1,75900
7290006748157,false,זר פרחים,,,זר פרחים,יחידה,1.00,יחידה,false,1,30.00,30.0000,true,1,75902
7290006748911,false,עציץ 4,,,עציץ 4,Unknown,0.00,Unknown,false,1,11.90,0.0000,true,1,107550
7290006748959,false,עציץ 5,,,עציץ 5,Unknown,0.00,Unknown,false,1,16.90,0.0000,true,1,107551
7290006748973,false,עציץ 8,,,עציץ 8,Unknown,0.00,Unknown,false,1,34.90,0.0000,true,1,107554
7290006764058,false,נשר לבן חוזר 500 מל,,,"נשר לבן חוזר 500מ""""ל",מיליליטרים,500.00,"100 מ""ל",false,1,5.90,1.1800,true,1,32217
7290006764065,false,נשר מאלט 500 מל חוזר,,,נשר מאלט 500 חוזר,מיליליטרים,500.00,"100 מ""ל",false,1,5.70,1.1400,true,1,32218
7290006764072,false,בירה גולדסטאר 500 מל,,,"בירה גולדסטאר 500מ""""",מיליליטרים,500.00,"100 מ""ל",false,1,7.90,1.5800,true,1,32219
7290006764096,false,בירה איגל בק חוזר 50,,,"בירה איגל בק  חוזר 500 מ""ל",מיליליטרים,500.00,"100 מ""ל",false,1,5.90,1.1800,true,1,103365
7290006764270,false,סודה בנגיעות אשכולית,טמפו,,סודה בנגיעות אשכולית אדומה 1.5 ל רביעיה,ליטרים,6.00,ליטר,false,1,11.90,1.9833,true,1,140571
7290006765772,false,אננס מסוכר 200 גר קו,,,אננס מסוכר 200 גר קופסא,גרמים,200.00,100 גרם,false,1,11.90,5.9500,true,1,125480
7290006765895,false,בוטנים קלויים בקליפה,,,בוטנים קלויים בקליפה ששון הקולה 200 גר,גרמים,200.00,100 גרם,false,1,5.90,2.9500,true,1,118444
7290006775016,false,עוגת אחווה תפוז 450,,,עוגת אחווה תפוז 450,גרמים,450.00,100 גרם,false,1,11.90,2.6444,true,1,32234
7290006775023,false,עוגת אחווה אנגלית 45,,,עוגת אחווה אנגלית 45,גרמים,450.00,100 גרם,false,1,11.90,2.6444,true,1,32235
7290006775030,false,עוגת שוקו ציפס אחוה,,,"עוגת אחווה שוקולד צ""",גרמים,450.00,100 גרם,false,1,11.90,2.6444,true,1,32236
7290006775047,false,עוגת אחווה שוקולד 45,,,עוגת אחווה שוקולד 45,גרמים,450.00,100 גרם,false,1,11.90,2.6444,true,1,32237
7290006775054,false,עוגת אחווה שיש 450 ג,,,עוגת אחווה שיש 450 ג,גרמים,450.00,100 גרם,false,1,11.90,2.6444,true,1,32238
7290006775078,false,עוגת אחווה דבש 400 ג,,,עוגת אחווה דבש 400 ג,גרמים,400.00,100 גרם,false,1,10.90,2.7250,true,1,32239
7290006775764,false,עוגת שוקוציפס ללא סו,,,"עוגת שוקוצ""יפס ללא ס",גרמים,400.00,100 גרם,false,1,14.90,3.7250,true,1,32246
7290006775894,false,עוגת שיש ללא סוכר 40,,,עוגת שיש ללא סוכר 400 גר,גרמים,400.00,100 גרם,false,1,14.90,3.7250,true,1,32249
7290006784308,false,מבשם אוויר בניחוח חו,,,מבשם אוויר בניחוח חופשה בפרובנס 400 מל,מיליליטרים,400.00,"100 מ""ל",false,1,9.90,2.4750,true,1,137683
7290006785633,false,שקית 10 נקניק,גמר,,שקית 10 נקניק,Unknown,0.00,Unknown,false,1,8.90,0.0000,true,1,104596
7290006788429,false,דאו קרליין נושם רול,,,"דאו קרליין נושם  רול און כתום 75 מ""ל",מיליליטרים,75.00,"100 מ""ל",false,1,12.90,17.2000,true,1,100188
7290006788504,false,דאו קרליין נושם ספרי,,,"דאו קרליין נושם ספריי סגול 200 מ""ל",מיליליטרים,200.00,"100 מ""ל",false,1,12.90,6.4500,true,1,61105
7290006805355,false,פילסברי כדורי שוקולד,,,פילסברי כדורי שוקולד,גרמים,500.00,100 גרם,false,1,16.90,3.3800,true,1,32300
7290006805850,false,תערובת להכנת פנקייקס,,,תערובת להכנת פנקייקס,גרמים,500.00,100 גרם,false,1,16.90,3.3800,true,1,32301
7290006822192,false,נקטר חמוציות דיאט או,פריגת,,פריגת דיאט אושן ספרי,ליטרים,1.00,ליטר,false,1,13.90,13.9000,true,1,32314
7290006855190,false,חטיף ברבריא תמר אגוז,BARBARY,,חטיף ברבריא תמר אגוז מלך בננה רביעייה,גרמים,108.00,100 גרם,false,1,16.90,15.6481,true,1,134977
7290006855251,false,חטיף ברבריא קשיו חמו,BARBARY,,חטיף ברבריא קשיו חמוציות סילאן רביעייה,גרמים,108.00,100 גרם,false,1,16.90,15.6481,true,1,77106
7290006908391,false,קשיו קלוי חממה 150 ג,בוטנת,,קשיו קלוי חממה 150 גר,גרמים,150.00,100 גרם,false,1,16.90,11.2667,true,1,96933
7290006960023,false,כרוב כבוש 400 גר,,,כרוב כבוש,גרמים,400.00,100 גרם,false,1,19.90,4.9750,true,1,32345
7290006960047,false,מלפפון במלח 680 גר,,,מלפפון במלח 680 גר,גרמים,680.00,100 גרם,false,1,10.90,1.6029,true,1,124904
7290006960146,false,חזרת מאמא מרי 150 גר,,,פרשמק 200גר,גרמים,150.00,100 גרם,false,1,7.90,5.2667,true,1,83800
7290006960153,false,חרדל מאמא מרי 150 גר,,,איקרה מינטאי,גרמים,150.00,100 גרם,false,1,7.90,5.2667,true,1,32350
7290006960337,false,פטריות מיקס 400 גר,,,פטריות מיקס 400 גר,גרמים,400.00,100 גרם,false,1,25.90,6.4750,true,1,126483
7290006960375,false,פטריות שטאקי 400 גר,,,פטריות שטאקי 400 גר,גרמים,400.00,100 גרם,false,1,25.90,6.4750,true,1,126480
7290006960399,false,פטריות שמפיניון 400,,,פטריות שמפיניון 400 גר,גרמים,400.00,100 גרם,false,1,25.90,6.4750,true,1,126479
7290006960429,false,כרוב בולגרי 1 קג,,,כרוב בולגרי 1 קייג,קילוגרמים,1.00,"ק""ג",false,1,19.90,19.9000,true,1,32352
7290006960436,false,עגבניות שרי חמוץ מתו,,,עגבניות שרי חמוץ מתוק 680 גר,גרמים,680.00,100 גרם,false,1,10.90,1.6029,true,1,84186
7290006960443,false,מיקס עגבניות שרי וקו,,,מיקס עגבניות שרי וקורנישון 680 גר,גרמים,680.00,100 גרם,false,1,10.90,1.6029,true,1,84187
7290006960641,false,סלט אצות ים טבעי 400,,,"סלט אצות ים 350 גר""",גרמים,400.00,100 גרם,false,1,22.90,5.7250,true,1,30897
7290006963413,false,עוגת שטולן עם חמאה 5,,,עוגת שטולן עם חמאה 500 גר,גרמים,500.00,100 גרם,false,1,31.90,6.3800,true,1,142950
7290006983152,false,קרוטונים מתובלים למר,עינת,,קרוטונים מתובלים למר,גרמים,400.00,100 גרם,false,1,17.90,4.4750,true,1,32359
7290006983176,false,לחמית שיפון 230 גר,אסם,,"לחמית שיפון 230 ג""ר",גרמים,230.00,100 גרם,false,1,8.90,3.8696,true,1,32360
7290006983763,false,עוגת הבית שוקולד 400,אסם,,עוגת הבית שוקולד 400,גרמים,400.00,100 גרם,false,1,12.90,3.2250,true,1,32364
7290006983770,false,עוגת הבית שיש 400 גר,אסם,,"עוגת הבית שיש 400 ג""",גרמים,400.00,100 גרם,false,1,12.90,3.2250,true,1,32365
7290006983787,false,עוגת הבית שוקולד ציפ,אסם,,"עוגת הבית שוקו צ""יפס",גרמים,400.00,100 גרם,false,1,12.90,3.2250,true,1,32366
7290006983794,false,עוגת הבית תפוז 400 ג,אסם,,עוגת הבית תפוז 400 ג,גרמים,400.00,100 גרם,false,1,12.90,3.2250,true,1,32367
7290006992185,false,דייסת אורז 200 גר,מטרנה,,דייסת אורז,גרמים,200.00,100 גרם,false,1,13.90,6.9500,true,1,32375
7290006992192,false,דייסת סולת 200 גר,מטרנה,,דייסת סולת,גרמים,200.00,100 גרם,false,1,13.90,6.9500,true,1,32376
7290006992208,false,דייסת דגנים מעורבים,מטרנה,,דייסת דגנים מעורבים,גרמים,200.00,100 גרם,false,1,13.90,6.9500,true,1,32377
7290006992390,false,דייסת מטרנה וניל פרו,מטרנה,,דייסת מטרנה וניל פרוביוטיקה 200גר,גרמים,200.00,100 גרם,false,1,13.90,6.9500,true,1,32380
7290006992864,false,מזון לחתולים לה קט ח,,,"מזון לחתולים לה קט חתלתולים 2.85 ק""ג",קילוגרמים,2.85,"ק""ג",false,1,57.90,20.3158,true,1,101548
7290008000796,false,משחת שיניים לילדים כ,,,משחת שיניים לילדים כצט 50 מל,מיליליטרים,50.00,"100 מ""ל",false,1,11.90,23.8000,true,1,138351
7290008000826,false,משחת שיניים לילדים ב,,,משחת שיניים לילדים ברבי 50 מל,מיליליטרים,50.00,"100 מ""ל",false,1,11.90,23.8000,true,1,138352
7290008005180,false,טושיונקה בקר/אסאדו 4,,,טושנקה בקר 400 גר,גרמים,400.00,100 גרם,false,1,19.90,4.9750,true,1,105456
7290008023542,false,נוזל לניקוי רצפות סי,אתר ליוור,,"נוזל לניקוי רצפות ""ס",ליטרים,4.00,ליטר,false,1,17.90,4.4750,true,1,32398
7290008116534,false,מי פה ליסטרין קולמינ,,,"מי פה ליסטרין קולמינט 250 מ""ל",מיליליטרים,250.00,"100 מ""ל",false,1,10.90,4.3600,true,1,120449
7290008116541,false,מי פה ליסטרין קול מי,,,"מי פה ליסטרין קול מינט  500 מ""ל",מיליליטרים,500.00,"100 מ""ל",false,1,19.90,3.9800,true,1,116263
7290008116565,false,מי פה ליסטרין פרש בו,,,"מי פה ליסטרין פרש בורסט  500 מ""ל",מיליליטרים,500.00,"100 מ""ל",false,1,19.90,3.9800,true,1,116264
7290008154222,false,שניצלונים עוף טוב 70,עוף טוב,,שניצלונים עוף טוב 70,גרמים,700.00,100 גרם,false,1,14.90,2.1286,true,1,32408
7290008175210,false,גבינת פרמזן מגורדת 9,זנטי,,גבינת פרמזן מגורדת 9,גרמים,90.00,100 גרם,false,1,14.90,16.5556,true,1,32420
7290008175692,false,אטריות להקפצה נודלס,פוגי'אן,,אטריות להקפצה נודלס,גרמים,400.00,100 גרם,false,1,7.90,1.9750,true,1,32424
7290008175814,false,פטריות חתוכות 400 גר,אוקוצמפ,,"פטריות חתוך 400 ג""ר",גרמים,400.00,100 גרם,false,1,4.90,1.2250,true,1,32425
7290008190909,false,מיני עוגיות קוקיס שו,Carmit,,מיני עוגיות קוקיס שוקו ציפס 600 גר,גרמים,600.00,100 גרם,false,1,15.90,2.6500,true,1,32435
7290008329293,false,סכינים פרמיום שקוף 5,,,סכינים פרמיום שקוף 5,Unknown,0.00,Unknown,false,1,8.90,0.0000,true,1,32459
7290008329309,false,מזלגות פרמיום שקוף 5,,,מזלגות פרמיום שקוף 5,Unknown,0.00,Unknown,false,1,8.90,0.0000,true,1,32461
7290008329316,false,כפות פרמיום שקוף/קרם,,,כפות פרמיום שקוף/קרם 50יח,Unknown,0.00,Unknown,false,1,8.90,0.0000,true,1,78591
7290008329347,false,צלחת צבעונית ענקית 2,,,צלחת צבעונית ענקית 20 יח,Unknown,0.00,Unknown,false,1,14.90,0.0000,true,1,32464
7290008330107,false,מרכך כביסה בדין סגול,אתר ליוור,,מרכך כביסה בדין סגול,ליטרים,4.00,ליטר,false,1,19.90,4.9750,true,1,32471
7290008341981,false,טושונקה בקר 400 גר,גוד פוד,,"טושונקה בקר 400 ג""ר",גרמים,400.00,100 גרם,false,1,22.90,5.7250,true,1,32482
7290008343602,false,קובה בשר 1 קג,שלושת האופים,,"קובה בשר 1 ק""ג",קילוגרמים,1.00,"ק""ג",false,1,19.90,19.9000,true,1,32489
7290008343626,false,כדורי פלאפל 1 קג,שלושת האופים,,"כדורי פלאפל 1 ק""""ג",קילוגרמים,1.00,"ק""ג",false,1,19.90,19.9000,true,1,32491
7290008409049,false,מיני שניצלונים בציפו,,,מיני שניצלונים בציפוי שומשום 500 גר,גרמים,500.00,100 גרם,false,1,24.90,4.9800,true,1,50214
7290008409100,false,אצבעות שניצל 700 גר,,,אצבעות שניצל ציפוי ש,גרמים,700.00,100 גרם,false,1,31.90,4.5571,true,1,32511
7290008409124,false,שניצל גונגל מאמא עוף,,,"שניצל ג""ונגל מאמא עו",גרמים,700.00,100 גרם,false,1,31.90,4.5571,true,1,32513
7290008409216,false,שניצל מאמא עוף דק 70,,,"שניצל ""מאמא עוף"" דק",גרמים,700.00,100 גרם,false,1,39.90,5.7000,true,1,32515
7290008409315,false,מיני שניצלונים בציפו,,,מיני שניצלונים בציפוי פריך 500 גר,גרמים,500.00,100 גרם,false,1,24.90,4.9800,true,1,50213
7290008409407,false,שניצל דק בציפוי ציפס,,,שניצל דק בציפוי ציפס,גרמים,700.00,100 גרם,false,1,39.90,5.7000,true,1,32518
7290008409551,false,שניצל אמיתי מעודן 70,,,שניצל אמיתי מעודן,גרמים,700.00,100 גרם,false,1,39.90,5.7000,true,1,32521
7290008409568,false,שניצל ציפס אמיתי 700,,,שניצל ציפס אמיתי,גרמים,700.00,100 גרם,false,1,39.90,5.7000,true,1,32522
7290008409582,false,שניצל אמיתי ביתי מאמ,,,שניצל אמיתי ביתי מאמא עוף 700 גר,גרמים,700.00,100 גרם,false,1,39.90,5.7000,true,1,32524
7290008415071,false,צבר חומוס עם טחינה 1,צבר,,צבר חומוס עם טחינה 1,גרמים,150.00,100 גרם,false,1,4.90,3.2667,true,1,32541
7290008415576,false,חומוס צבר 850 גר,צבר,,חומוס צבר 850גרם,גרמים,850.00,100 גרם,false,1,13.90,1.6353,true,1,32545
7290008443630,false,שמפו לשיער מתולתל נק,,,נקה 7 שמפו לשיער מתו,מיליליטרים,750.00,"100 מ""ל",false,1,11.90,1.5867,true,1,32552
7290008461221,false,סרדין רוברט בשמן חמנ,קונסוורס,,"סרדין ""רוברט"" בשמן ח",גרמים,115.00,100 גרם,false,1,7.90,6.8696,true,1,32557
7290008461238,false,סרדין רוברט בשמן חמנ,קונסוורס,,"סרדין ""רוברט"" בשמן ח",גרמים,115.00,100 גרם,false,1,7.90,6.8696,true,1,32558
7290008462198,false,חרדל דיזון חריף מאיי,מיילי,,"חרדל ""דיז""ון"" חריף 2",גרמים,200.00,100 גרם,false,1,16.90,8.4500,true,1,32559
7290008462204,false,חרדל דיזון מקורי 380,מיילי,,"חרדל ""דיז""ון"" מקורי",גרמים,380.00,100 גרם,false,1,16.90,4.4474,true,1,32560
7290008462259,false,חרדל דיזון גרגרים 38,מיילי,,"חרדל ""דיז""ון"" גרגרים",גרמים,380.00,100 גרם,false,1,18.90,4.9737,true,1,32561
7290008464024,false,בירה גולדסטאר לא מסו,,,בירה גולדסטאר לא מסונן פח 500מל,מיליליטרים,500.00,"100 מ""ל",false,1,9.50,1.9000,true,1,74509
7290008464130,false,בירה גולדסטאר לא מסו,,,"בירה ""גולדסטאר"" לא מסונן 330 מל שישייה",ליטרים,1.98,ליטר,false,1,39.90,20.1515,true,1,52456
7290008464222,false,בירה מכבי פח 500 מל,טמפו,,"בורה מכבי פח 500 מ""ל",מיליליטרים,500.00,"100 מ""ל",false,1,8.50,1.7000,true,1,95560
7290008464468,false,בירה גולדסטאר פחית 5,,,בירה גולדסטאר פחית 5,מיליליטרים,500.00,"100 מ""ל",false,1,8.50,1.7000,true,1,32569
7290008464475,false,בירה מכבי פחית 500 מ,,,בירה מכבי פחית 500 מ,מיליליטרים,500.00,"100 מ""ל",false,1,7.90,1.5800,true,1,32570
7290008464604,false,בירה היינקן פחית 500,,,בירה היינקן פחית 500,מיליליטרים,500.00,"100 מ""ל",false,1,9.90,1.9800,true,1,32573
7290008464673,false,בירה גולדסטאר סלואו,,,בירה ויקסה וויטה,מיליליטרים,500.00,"100 מ""ל",false,1,9.50,1.9000,true,1,53781
7290008464697,false,בירה מכבי חזקה 7.9%,,,בירה מכבי חזקה 7.9% 330מל שישייה,ליטרים,1.98,ליטר,false,1,35.90,18.1313,true,1,77964
7290008464703,false,בירה מכבי בק 330 מל,,,שישיית מכבי בקבוק 33,ליטרים,1.98,ליטר,false,1,34.90,17.6263,true,1,32574
7290008464734,false,בירה גולדסטאר סלוב ב,,,"בירה גולדסטאר סלוב בריו 330 מ""ל שישייה",ליטרים,1.98,ליטר,false,1,42.90,21.6667,true,1,53782
7290008464741,false,בירה גולדסטאר 330 מל,,,שישיית בירה גולדסטאר,ליטרים,1.98,ליטר,false,1,35.90,18.1313,true,1,32576
7290008464796,false,בירה היינקן 330 מל ש,,,שישיית בירה היינקן ב,ליטרים,1.98,ליטר,false,1,39.90,20.1515,true,1,32578
7290008482530,false,אבקה להכנת פנקייק 40,י.כהן,,אבקה להכנת פנקייק 40,גרמים,400.00,100 גרם,false,1,14.90,3.7250,true,1,32592
7290008493710,false,פירורי גריסני זהב 20,,,פירורי גריסני זהב 200גר,גרמים,200.00,100 גרם,false,1,5.90,2.9500,true,1,80460
7290008644112,false,מטבוחה יום יום 125 ג,STRAUSS-ISRAEL,,מטבוחה יום יום,גרמים,125.00,100 גרם,false,1,4.90,3.9200,true,1,32653
7290008645935,false,חומוס אחלה ניגוב 750,STRAUSS-ISRAEL,,חומוס אחלה ניגוב 750 גר,גרמים,750.00,100 גרם,false,1,9.90,1.3200,true,1,32660
7290008670135,false,יין רקנאטי גליל עליו,,,יין רקנאטי גליל עליון סוביניון בלאן,מיליליטרים,750.00,"100 מ""ל",false,12,55.90,7.4533,true,1,127521
7290008670678,false,יין רקנאטי רזרב מרלו,,,"יין ""רקנאטי רזרב"" מרלו 2010",מיליליטרים,750.00,"100 מ""ל",false,1,89.90,11.9867,true,1,52709
7290008670852,false,יין רקנאטי יונתן אדו,,,"יין רקנאטי יונתן אדום 750 מ""ל",מיליליטרים,750.00,"100 מ""ל",false,1,39.90,5.3200,true,1,115841
7290008670913,false,יין רקנאטי גליל עליו,,,יין רקנאטי גליל עליון קברנה סוביניון,מיליליטרים,750.00,"100 מ""ל",false,1,55.90,7.4533,true,1,111839
7290008670920,false,יין רקנאטי גליל עליו,,,"יין רקנאטי גליל עליון מרלו 750 מ""ל",מיליליטרים,750.00,"100 מ""ל",false,1,55.90,7.4533,true,1,112713
7290008679411,false,כפפות לבית ולמטבח קט,,,כפפות לבית ולמטבח,Unknown,0.00,Unknown,false,1,4.90,0.0000,true,1,32667
7290008679428,false,כפפות לבית ולמטבח בי,,,כפפות לבית ולמטבח,Unknown,0.00,Unknown,false,1,4.90,0.0000,true,1,32668
7290008679435,false,כפפות לבית ולמטבח גד,,,כפפות לבית ולמטבח,Unknown,0.00,Unknown,false,1,4.90,0.0000,true,1,32669
7290008679459,false,כפפות רגישות במיוחד,,,כפפות רגישות במיוחד,Unknown,0.00,Unknown,false,1,4.90,0.0000,true,1,32671
7290008679466,false,כפפות רגישות במיוחד,,,כפפות רגישות במיוחד,Unknown,0.00,Unknown,false,1,4.90,0.0000,true,1,32672
7290008690713,false,נקטר אושן ספריי חמוצ,פריגת,,פריגת אושן ספריי חמו,ליטרים,1.00,ליטר,false,1,13.90,13.9000,true,1,32685
7290008693134,false,דניאלה תות 88 גר,STRAUSS-ISRAEL,,דניאלה תות,גרמים,88.00,100 גרם,false,1,4.10,4.6591,true,1,32686
7290008745239,false,חטיף תפוציפס קראנצ ט,STRAUSS-ISRAEL,,"תפוצ""יפס אקסי טבעי 50גר",גרמים,50.00,100 גרם,false,1,3.90,7.8000,true,1,32695
7290008747547,false,חטיף תפוציפס קראנצ ט,STRAUSS-ISRAEL,,"תפוצ""יפס 200 גר""",גרמים,200.00,100 גרם,false,1,10.90,5.4500,true,1,32702
7290008750264,false,מסטיק מאסט בטעם דובד,STRAUSS-ISRAEL,,מסטיק מאסט בטעם דובדבן 28 גר,גרמים,28.00,100 גרם,false,16,4.50,16.0714,true,1,32709
7290008752244,false,חטיף תפוציפס גריל קר,STRAUSS-ISRAEL,,"תפוצ""יפס אקסטרה גריל",גרמים,50.00,100 גרם,false,1,3.90,7.8000,true,1,32713
7290008753111,false,חטיף תפוציפס מקסיקני,STRAUSS-ISRAEL,,"תפוצ""יפס מקסיקני 50",גרמים,50.00,100 גרם,false,1,3.90,7.8000,true,1,32715
7290008753364,false,חטיף דוריטוס גליל 55,STRAUSS-ISRAEL,,"דוריטוס גליל 55 גר""",גרמים,55.00,100 גרם,false,1,3.20,5.8182,true,1,32717
7290008753371,false,דוריטוס נאצו 55 גר,STRAUSS-ISRAEL,,דוריטוס נאצו 55 גר,גרמים,55.00,100 גרם,false,48,3.20,5.8182,true,1,32718
7290008753388,false,חטיף דוריטוס טבעי 55,STRAUSS-ISRAEL,,"דוריטוס טבעי 55 גר""",גרמים,55.00,100 גרם,false,1,3.20,5.8182,true,1,32719
7290008757980,false,ספרינג רימונים 1 ל,"יפאורה תבורי בע""מ",,ספרינג רימונים 1 ליט,מיליליטרים,1000.00,"100 מ""ל",false,1,6.90,0.6900,true,1,32739
7290008775816,false,ערגליות שוקו 300 גר,אסם,IL,ערגליות שוקו 300 גר,גרמים,300.00,100 גרם,false,12,9.90,3.3000,true,1,32743
7290008775823,false,ערגליות תות שדה 300,אסם,IL,ערגליות תות שדה 300,גרמים,300.00,100 גרם,false,12,9.90,3.3000,true,1,32744
7290008776400,false,צוריסוס עגל 500 גר,,,צוריסוס עגל 500 גר,גרמים,500.00,100 גרם,false,1,29.90,5.9800,true,1,133839
7290008801010,false,יין פרייבט קולקשן קב,,,יין קברנה/מרלו אדום,מיליליטרים,750.00,"100 מ""ל",false,1,39.90,5.3200,true,1,32755
7290008801522,false,יין קינג דוד קונקורד,,,יין קונקורד אדום מתו,מיליליטרים,750.00,"100 מ""ל",false,1,22.90,3.0533,true,1,32763
7290008801546,false,יין קינג דוד מוסקט 7,,,יין מוסקט לבן מתוק 7,מיליליטרים,750.00,"100 מ""ל",false,1,22.90,3.0533,true,1,32765
7290008801843,false,יין קברנה סוביניון ס,,,יין קברנה סוביניון סלקטד 750 מל,מיליליטרים,750.00,"100 מ""ל",false,1,29.90,3.9867,true,1,32766
7290008801850,false,יין סלקטד אמרלד ריזל,,,אמרלד ריזלינג לבן חצ,מיליליטרים,750.00,"100 מ""ל",false,1,29.90,3.9867,true,1,32767
7290008802291,false,יין פרייבט קולקשן מר,,,יין מרלו אדום יבש 75,מיליליטרים,750.00,"100 מ""ל",false,1,39.90,5.3200,true,1,32768
7290008802895,false,יין פרייבט קולקשן קב,,,יין קברנה סובניון אד,מיליליטרים,750.00,"100 מ""ל",false,1,39.90,5.3200,true,1,32771
7290008803090,false,יין אזורית מרלו יבש,,,"יין אדום יבש מרלו ""ג",מיליליטרים,750.00,"100 מ""ל",false,1,59.90,7.9867,true,1,32774
7290008804189,false,יין אזורית קברנה סוב,,,יין אדום יבש קברנה ס,מיליליטרים,750.00,"100 מ""ל",false,1,59.90,7.9867,true,1,32778
7290008805384,false,מוסקטו לבן 750 מל,,,"מוסקטו לבן 750 מ""ל",מיליליטרים,750.00,"100 מ""ל",false,1,29.90,3.9867,true,1,32799
7290008806961,false,קרמיסימו שוקולד ציפ,,,קרמיסימו פרה (שוקולד,ליטרים,1.33,ליטר,false,1,18.90,14.2105,true,1,32832
7290008807012,false,יין בינימינה טבע מוס,אליעז בנימינה,,"יין ""טבע"" מוסקט חצי",מיליליטרים,750.00,"100 מ""ל",false,1,24.90,3.3200,true,1,32835
7290008807029,false,יין בנימינה אמרלד,אליעז בנימינה,,יין בנימינה אמרלד ריזלינג 750 מל,מיליליטרים,750.00,"100 מ""ל",false,1,24.90,3.3200,true,1,32836
7290008807210,false,ליקר אפרסק 700 מל,אליעז בנימינה,,ליקר אפרסק 0.7 ליטר,מיליליטרים,700.00,"100 מ""ל",false,1,49.90,7.1286,true,1,32842
7290008807272,false,יין בנימינה רזרב גוו,בניאמינה,,יין בניאמינה רזרב גוורצטרמינר חצי יבש,מיליליטרים,750.00,"100 מ""ל",false,1,59.80,7.9733,true,1,127705
7290008807319,false,ליקר וישניאק יקבי בנ,אליעז בנימינה,,ליקר וישניאק 0.7 ליט,מיליליטרים,700.00,"100 מ""ל",false,1,49.90,7.1286,true,1,32845
7290008807333,false,ליקר בננה 700 מל,אליעז בנימינה,,ליקר בננה 0.7 ליטר,מיליליטרים,700.00,"100 מ""ל",false,1,49.90,7.1286,true,1,32847
7290008807494,false,יין יוגב ארומטי 750,בניאמינה,,"יין יוגב ארומטי 750 מ""ל",מיליליטרים,750.00,"100 מ""ל",false,1,39.90,5.3200,true,1,97398
7290008841016,false,פפריקה מתוקה 100 גר,,,"פפריקה מתוקה 100 גר""",גרמים,100.00,100 גרם,false,1,9.90,9.9000,true,1,32883
7290008841023,false,פפריקה חריפה 100 גר,,,"פפריקה חריפה 100 גר""",גרמים,100.00,100 גרם,false,1,9.90,9.9000,true,1,32884
7290008841030,false,פלפל שחור טחון 100 ג,,,פלפל שחור טחון 100 ג,גרמים,100.00,100 גרם,false,1,9.90,9.9000,true,1,32885
7290008841047,false,כמון טחון 100 גר,,,"כמון טחון 100 ג""ר",גרמים,100.00,100 גרם,false,1,9.90,9.9000,true,1,32886
7290008841054,false,מלח לימון 150 גר,,,"מלח לימון 150 ג""ר",גרמים,150.00,100 גרם,false,1,9.90,6.6000,true,1,32887
7290008841061,false,כוסברה טחונה 80 גר,,,"כוסברה טחונה 80 ג""ר",גרמים,80.00,100 גרם,false,1,9.90,12.3750,true,1,32888
7290008841085,false,פלפל לבן טחון 90 גר,,,פלפל לבן טחון 120 גר,גרמים,90.00,100 גרם,false,1,9.90,11.0000,true,1,32890
7290008841092,false,קינמון טחון 120 גר,,,"קינמון טחון 120 ג""ר",גרמים,120.00,100 גרם,false,1,9.90,8.2500,true,1,32891
7290008841108,false,זעתר ביתי 80 גר,,,"זעתר ביתי 80 גר""",גרמים,80.00,100 גרם,false,1,9.90,12.3750,true,1,32892
7290008841115,false,כורכום טחון 100 גר,,,"כורכום טחון 100 גר""",גרמים,100.00,100 גרם,false,1,9.90,9.9000,true,1,32893
7290008841122,false,סומק 110 גר,,,"סומק 110 ג""ר",גרמים,110.00,100 גרם,false,1,9.90,9.0000,true,1,32894
7290008841139,false,קארי 120 גר,,,"קארי 120 גר""",גרמים,120.00,100 גרם,false,1,9.90,8.2500,true,1,32895
7290008841153,false,מוסקט טחון 100 גר,,,"מוסקט טחון 100 ג""ר",גרמים,100.00,100 גרם,false,1,17.90,17.9000,true,1,32897
7290008841191,false,שום גבישי 130 גר,,,"שום גבישי 130 גר""",גרמים,130.00,100 גרם,false,1,9.90,7.6154,true,1,32901
7290008841207,false,זנגוויל 110 גר,,,"זנגוויל 110 גר""",גרמים,110.00,100 גרם,false,1,9.90,9.0000,true,1,32902
7290008841221,false,ציפורן שלם במטחנה 40,,,ציפורן שלם ב מטחנה 40 גר,גרמים,40.00,100 גרם,false,1,9.90,24.7500,true,1,32903
7290008841238,false,בזיליקום 40 גר,,,"בזיליקום 40 גר""",גרמים,40.00,100 גרם,false,1,9.90,24.7500,true,1,32904
7290008841252,false,תבלין לשווארמה 110 ג,,,תבלין לשווארמה 110 ג,גרמים,110.00,100 גרם,false,1,9.90,9.0000,true,1,32905
7290008841313,false,פלפל שחור גרוס 100 ג,,,פלפל שחור גרוס 100 גרם,גרמים,100.00,100 גרם,false,1,9.90,9.9000,true,1,32910
7290008841320,false,פטרוזיליה 30 גר,,,"פטרוזיליה 30גר""",גרמים,30.00,100 גרם,false,1,9.90,33.0000,true,1,32911
7290008841337,false,תבלין לדג 100 גר,,,"תבלין לדג 100 גר""",גרמים,100.00,100 גרם,false,1,9.90,9.9000,true,1,32912
7290008841344,false,חוואיג למרק 110 גר,,,"חוואיג"" למרק 110 גר""",גרמים,110.00,100 גרם,false,1,9.90,9.0000,true,1,32913
7290008841351,false,פפריקה מתוקה 400 גר,,,"פפריקה מתוקה 400 ג""ר",גרמים,400.00,100 גרם,false,1,21.90,5.4750,true,1,32914
7290008841399,false,מלח לימון 700 גר,,,"מלח לימון 700 גר""",גרמים,700.00,100 גרם,false,1,21.90,3.1286,true,1,32918
7290008841603,false,עלי דפנה 60 גר,,,"עלי דפנה 60 ג""ר",גרמים,60.00,100 גרם,false,1,9.90,16.5000,true,1,32925
7290008841634,false,קשיו חריף מתוק קופסא,,,קשיו חריף מתוק קופסא 200 גר,גרמים,200.00,100 גרם,false,1,17.90,8.9500,true,1,136544
7290008841689,false,תבלין לעוף 100 גר,,,"תבלין לעוף 100 גר""",גרמים,100.00,100 גרם,false,1,9.90,9.9000,true,1,62039
7290008841788,false,קינמון מקלות 60 גר,,,"קינמון מקלות 60 ג""ר",גרמים,60.00,100 גרם,false,1,9.90,16.5000,true,1,32928
7290008841795,false,קוקטייל טבע 200 גר,,,קוקטייל טבע 200גר,גרמים,200.00,100 גרם,false,1,19.90,9.9500,true,1,34379
7290008841818,false,פלפל שחור גרוס 100 ג,,,פלפל שחור גרוס 100 ג,גרמים,100.00,100 גרם,false,1,9.90,9.9000,true,1,32930
7290008841887,false,קשיו קלוי קופסא 180,,,קשיו קלוי קופסא 180 גר,גרמים,180.00,100 גרם,false,1,14.90,8.2778,true,1,136755
7290008841894,false,אגוז מלך 250 גר,,,אגוז מלך 250 גר,גרמים,250.00,100 גרם,false,1,19.90,7.9600,true,1,138798
7290008863001,false,עוגת גינגי בציפוי פי,קונדיטוריה וולפסון,,עוגת גינגי בציפוי פירורים 450 גר 450 גר,גרמים,450.00,100 גרם,false,1,39.90,8.8667,true,1,32941
7290008863049,false,עוגת אריסטוקרט 800 ג,קונדיטוריה וולפסון,,עוגת אריסטוקרט 800 גר,גרמים,800.00,100 גרם,false,1,79.90,9.9875,true,1,32943
7290008863063,false,עוגת ריבת חלב 600 גר,קונדיטוריה וולפסון,,עוגת ריבת חלב 600 גר,גרמים,600.00,100 גרם,false,1,46.90,7.8167,true,1,32944
7290008863070,false,אקלרים 350 גר,קונדיטוריה וולפסון,,אקלרים 350 גר,גרמים,350.00,100 גרם,false,1,31.90,9.1143,true,1,34380
7290008863087,false,נשיקות 130 גר,קונדיטוריה וולפסון,,נשיקות 130 גר,גרמים,130.00,100 גרם,false,1,19.90,15.3077,true,1,32945
7290008863100,false,עוגת פראג 600 גר,קונדיטוריה וולפסון,,עוגת פראג 600 גר,גרמים,600.00,100 גרם,false,1,59.90,9.9833,true,1,32946
7290008863117,false,עוגת אריסטוקרט 380 ג,קונדיטוריה וולפסון,,עוגת וולפסון 500 גר,גרמים,380.00,100 גרם,false,1,39.90,10.5000,true,1,32947
7290008863179,false,עוגת אריסטוקרט 600 ג,קונדיטוריה וולפסון,,עוגת וולפסון 600 גר,גרמים,600.00,100 גרם,false,1,64.90,10.8167,true,1,32949
7290008909761,false,בירה קרלסברג 330 מל,קרלסברג ישראל,,"בירה ""קרלסברג"" 0.33",מיליליטרים,330.00,"100 מ""ל",false,1,7.90,2.3939,true,1,32982
7290008909853,false,קוקה קולה זירו 500 מ,קוקה קולה,,"קוקה קולה ""זירו"" 0.5",מיליליטרים,500.00,"100 מ""ל",false,1,6.90,1.3800,true,1,32984
7290008909884,false,קולה זירו זכוכית 350,,,קולה זירו זכוכית 350,מיליליטרים,350.00,"100 מ""ל",false,1,5.90,1.6857,true,1,106581
7290008921084,false,יין רובי קברנה 750 מ,תשבי,,יין רובי קברנה 750 מל,מיליליטרים,750.00,"100 מ""ל",false,1,44.90,5.9867,true,1,133082
7290008921121,false,יין סוביניון בלאן תש,,,"יין סוביניון בלאן תשבי 750 מ""ל",מיליליטרים,750.00,"100 מ""ל",false,1,44.90,5.9867,true,1,120426
7290008921138,false,יין תשבי כחול לבן 75,,,"יין תשבי כחול לבן 750 מ""ל",מיליליטרים,750.00,"100 מ""ל",false,1,39.90,5.3200,true,1,115602
7290008921169,false,יין תשבי קברנה סובינ,,,יין אדום יבש קברנה ס,מיליליטרים,750.00,"100 מ""ל",false,1,44.90,5.9867,true,1,32990
7290008921176,false,יין תשבי מרלו אדום י,,,מרלו אדום יבש,מיליליטרים,750.00,"100 מ""ל",false,1,44.90,5.9867,true,1,32991
7290008921251,false,יין קברנה פרנק 750 מ,,,יין קברנה פרנק 750מל,מיליליטרים,750.00,"100 מ""ל",false,1,44.90,5.9867,true,1,76643
7290008921299,false,יין תישבי פטיט ורדו,,,יין תישבי פטיט ורוד 750מל,מיליליטרים,750.00,"100 מ""ל",false,1,44.90,5.9867,true,1,80178
7290008921336,false,יין תישבי אסטייט שרד,,,תשבי אסטייט שרדונה 2,מיליליטרים,750.00,"100 מ""ל",false,1,54.90,7.3200,true,1,32998
7290008921572,false,יין ויוניה גוורצטרמי,,,"יין ויוניה גוורצטרמינר 750 מ""ל",מיליליטרים,750.00,"100 מ""ל",false,1,44.90,5.9867,true,1,114270
7290008921633,false,יין תישבי אסטייט פינ,,,יין פרנץ קולומברד בצ,מיליליטרים,750.00,"100 מ""ל",false,1,54.90,7.3200,true,1,84941
7290008921732,false,יין תישבי אסטייט רוז,,,יין תישבי אסטייט רוזה 750 מל,מיליליטרים,750.00,"100 מ""ל",false,1,54.90,7.3200,true,1,140942
7290008940214,false,גבינת צדר אנגלי כתום,,,גבינת צדר אנגלי כתום 200 גר,גרמים,200.00,100 גרם,false,1,17.90,8.9500,true,1,139984
7290008940221,false,גבינת צדר אנגלי לבן,,,גבינת צדר אנגלי לבן 200 גר,גרמים,200.00,100 גרם,false,1,17.90,8.9500,true,1,139985
7290008945172,false,גלילונית לפח מטבח 40,"אשפלסט תעשיות בע""מ",,גלילונית לפח מטבח 40,Unknown,0.00,Unknown,false,1,15.90,0.0000,true,1,33000
7290008945202,false,גלילונית לאשפה משרדי,קילט ניהול פרוייקטים,,גלילונית לאשפה משרדי,Unknown,0.00,Unknown,false,1,12.90,0.0000,true,1,33001
7290008961110,false,בשר בקר במיץ טבעי 40,פרוטרי,,בשר בקר במיץ טבעי 40,גרמים,400.00,100 גרם,false,1,21.90,5.4750,true,1,33004
7290008961127,false,טושונקה רוסי 400 גר,גוד פוד ג'.א'.ג'י. ב,,טושונקה רוסי 400גר,גרמים,400.00,100 גרם,false,1,21.90,5.4750,true,1,34381
7290008961134,false,קונפיטורה תות שדה 1.,,UA,לשון בקר פיטריות,קילוגרמים,1.25,"ק""ג",false,1,32.90,26.3200,true,1,84944
7290008961141,false,קונפיטורה משמש 1.25,,UA,טושונקה חזיר,קילוגרמים,1.25,"ק""ג",false,1,32.90,26.3200,true,1,84945
7290008961158,false,קונפיטורה דובדבן 1.2,,,טושונקה עם אפונה,קילוגרמים,1.25,"ק""ג",false,1,32.90,26.3200,true,1,84946
7290008961165,false,קונפיטוקה דובדבנים ל,,UA,טושונקה עם שעועי,קילוגרמים,1.25,"ק""ג",false,1,32.90,26.3200,true,1,62129
7290008961172,false,קונפיטורה דובדבנים מ,,UA,"קונפיטורה דובדבנים מתוקים 1.25 ק""ג",קילוגרמים,1.25,"ק""ג",false,1,32.90,26.3200,true,1,116053
7290008961189,false,טושונקה רוסי פיקנטי,גוד פוד ג'.א'.ג'י. ב,,טושונקה רוסי פיקנטי,גרמים,400.00,100 גרם,false,1,21.90,5.4750,true,1,34382
7290008961271,false,בשר בקר עם כוסמת 400,פרוטרי,,בשר בקר עם כוסמת,גרמים,400.00,100 גרם,false,1,19.90,4.9750,true,1,33005
7290008961370,false,עגבניות מוחמצות פוסו,,,עגבניות מוחמצות פוסולסקי דבור 650 גר,גרמים,650.00,100 גרם,false,1,8.90,1.3692,true,1,135686
7290008961387,false,עגבניות שלמות במיץ ע,,,עגבניות שלמות במיץ עגבניות פ דבור 650 גר,גרמים,650.00,100 גרם,false,1,8.90,1.3692,true,1,135687
7290008961479,false,ריבת שזיפים פוסולסקי,,UA,ענבים במיץ טבעי ללא,קילוגרמים,1.25,"ק""ג",false,1,32.90,26.3200,true,1,84347
7290008961486,false,ריבה קרנית דובדבן פו,פרוטרי,UA,"חלב ממותק 400 ג""ר",קילוגרמים,1.25,"ק""ג",false,1,32.90,26.3200,true,1,33008
7290008961493,false,ריבה אוכמניות שחורות,,UA,סגושונקה ריבת חלב 70,קילוגרמים,1.25,"ק""ג",false,1,32.90,26.3200,true,1,62134
7290008961561,false,קוואקר 500 גר,פרוטרי,,"קוואקר 500 ג""ר",גרמים,500.00,100 גרם,false,1,7.90,1.5800,true,1,33010
7290008961585,false,כוסמת פוסולסקי דבור,סנקי,,כוסמת פוסולסקי דבור 800 גר,גרמים,800.00,100 גרם,false,1,12.90,1.6125,true,1,96665
7290008975780,false,מזון לכלבים מגזע קטן,,,"בונזו בשר 3 ק""ג",קילוגרמים,3.00,"ק""ג",false,1,49.90,16.6333,true,1,33035
7290010018062,false,טושונקה בקר במיץ טבע,,,טושונקה בקר במיץ טבעי 400 גר,גרמים,400.00,100 גרם,false,1,19.90,4.9750,true,1,73980
7290010018239,false,טושונקה עם כוסמת 400,,,טושונקה עם כוסמת 400 גר,גרמים,400.00,100 גרם,false,1,18.90,4.7250,true,1,115897
7290010018543,false,טושונקה בטעם כפרי 40,,,טושונקה בטעם כפרי 400 גר,גרמים,400.00,100 גרם,false,1,19.90,4.9750,true,1,62262
7290010023141,false,תה גן הקסום לימונענע,,,"""הגן הקסום"" לימון נע",גרמים,55.00,100 גרם,false,1,17.90,32.5455,true,1,33171
7290010051502,false,פטרוזיליה ארוזה,,,פטרוזיליה ארוזה,Unknown,0.00,Unknown,false,1,4.90,0.0000,true,1,107220
7290010051519,false,כוסברה ארוזה,,,כוסברה ארוזה,Unknown,0.00,Unknown,false,1,4.90,0.0000,true,1,107218
7290010051526,false,שמיר ארוז,,,שמיר ארוז,Unknown,0.00,Unknown,false,1,4.90,0.0000,true,1,107221
7290010051533,false,נענע ארוזה,,,נענע ארוזה,Unknown,0.00,Unknown,false,1,4.90,0.0000,true,1,107219
7290010051540,false,סלרי עלים,,,סלרי עלים,Unknown,0.00,Unknown,false,1,5.90,0.0000,true,1,107223
7290010051557,false,בצל ירוק,,,בצל ירוק,Unknown,0.00,Unknown,false,1,4.90,0.0000,true,1,107222
7290010051571,false,סלרי ראש,,,סלרי ראש,Unknown,0.00,Unknown,false,1,4.90,0.0000,true,1,107224
7290010051595,false,חסה לבבות קיסר,,,חסה לבבות קיסר,Unknown,0.00,Unknown,false,1,8.90,0.0000,true,1,107238
7290010065271,false,מחית תפוח עץ 130 גר,,,"""פרינוק"" מחית תפוח ע",גרמים,130.00,100 גרם,false,1,4.90,3.7692,true,1,33201
7290010065295,false,מחית תפוח עץ ובננה 1,,,"""פרינוק"" מחית תפוח ע",גרמים,130.00,100 גרם,false,1,4.90,3.7692,true,1,33203
7290010065301,false,מחית סלט פירות 130 ג,,,"""פרינוק"" מחית סלט פי",גרמים,130.00,100 גרם,false,1,4.90,3.7692,true,1,33204
7290010065318,false,גוניור תפוח עץ 190 ג,,,"""פרינוק"" ג""וניור מחי",גרמים,190.00,100 גרם,false,1,5.90,3.1053,true,1,33205
7290010065332,false,גוניור תפוח עץ ובננה,,,"""פרינוק"" ג""וניור מחי",גרמים,190.00,100 גרם,false,1,5.90,3.1053,true,1,33207
7290010065349,false,גוניור סלט פירות 190,,,"""פרינוק"" ג""וניור מחי",גרמים,190.00,100 גרם,false,1,5.90,3.1053,true,1,33208
7290010065721,false,מחית לפתן פירות 130,,,"""פרינוק"" מחית לפתן פ",גרמים,130.00,100 גרם,false,1,4.90,3.7692,true,1,33213
7290010065745,false,גוניור לפתן פירות 19,,,"""פרינוק"" ג""וניור מחי",גרמים,190.00,100 גרם,false,1,5.90,3.1053,true,1,33215
7290010116980,false,שוקולית 850 גר,STRAUSS-ISRAEL,,שוקולית 850 גר,גרמים,850.00,100 גרם,false,1,17.90,2.1059,true,1,33232
7290010117857,false,חטיף דוריטוס חריף אש,STRAUSS-ISRAEL,,דוריטוס חריף אש 55 ג,גרמים,55.00,100 גרם,false,1,3.20,5.8182,true,1,33234
7290010119950,false,חטיף דוריטוס חמוץ חר,STRAUSS-ISRAEL,,דוריטוס חמוץ חריף 55,גרמים,55.00,100 גרם,false,1,3.20,5.8182,true,1,33241
7290010154005,false,סחוג תימני 250 גר,מיילי,,סחוג תימני 250 גר,גרמים,250.00,100 גרם,false,1,13.90,5.5600,true,1,33274
7290010154012,false,לימון כבוש 250 גר,יוחאי ביטון,,"""לימון כבוש"" 250 ג""ר",גרמים,250.00,100 גרם,false,1,13.90,5.5600,true,1,33275
7290010163069,false,צנובר שקדיה 100 גר,מרינה פטריות הגליל,,צנובר שקדיה 100 גר,גרמים,100.00,100 גרם,false,1,23.90,23.9000,true,1,120275
7290010195268,false,פופקורן פופסטאר טבעי,Preston farms,,פופקורן פופסטאר טבעי מופחת שומן 425 גר,גרמים,425.00,100 גרם,false,1,12.90,3.0353,true,1,33323
7290010199891,false,אל סבון ארומטי תה אד,,,אל סבון ארומטי תה אדום 500 מל,מיליליטרים,500.00,"100 מ""ל",false,1,8.49,1.6980,true,1,33332
7290010237548,false,פפסי מקס 500 מל,,,פפסי מקס 0.5 ליטר,מיליליטרים,500.00,"100 מ""ל",false,1,3.90,0.7800,true,1,33337
7290010237685,false,בירה הייניקן 330 מל,,,בירה הייניקן 330מל צ,מיליליטרים,330.00,"100 מ""ל",false,1,8.90,2.6970,true,1,33344
7290010237784,false,בירה שנדי לימון ליים,,,מכבי שנדי שישייה בקב,ליטרים,1.98,ליטר,false,1,33.90,17.1212,true,1,33346
7290010237890,false,בירה היינקן בקבוק חו,,,בירה היינקן בקבוק חו,מיליליטרים,500.00,"100 מ""ל",false,1,8.90,1.7800,true,1,33349
7290010259359,false,איטריות להקפצה נודלס,פוג'יאן לונגאי,,איטריות להקפצה נודלס,גרמים,200.00,100 גרם,false,1,4.90,2.4500,true,1,33358
7290010259977,false,שמן קנולה 1 ל,ברקולמן,,שמן קנולה 1ל,ליטרים,1.00,ליטר,false,1,10.90,10.9000,true,1,33371
7290010259991,false,צנימים 250 גר,דן קייק,,צנימים 250גר,גרמים,250.00,100 גרם,false,1,8.90,3.5600,true,1,33372
7290010278916,false,שקית מודפס 10 יח,גמר,,שקית מודפס 10 יח,Unknown,0.00,Unknown,false,1,9.90,0.0000,true,1,104761
7290010300006,false,כפפות ויניל 100 יח,,,כפפות ויניל 100 יח,Unknown,0.00,Unknown,false,1,29.90,0.0000,true,1,33398
7290010300075,false,שמרים נמסים בקופסה 3,ר.ס.,,שמרים נמסים בקופסה 33 גר,גרמים,33.00,100 גרם,false,1,6.90,20.9091,true,1,49359
7290010300518,false,קוואקר שיבולת שועל ב,ר.ס.,,קוואקר שיבולת שועל בשקית 500 גר,גרמים,500.00,100 גרם,false,1,9.90,1.9800,true,1,33415
7290010300532,false,חומץ 5% 1 ל,הילל תעשיות,,חומץ 5%,מיליליטרים,1000.00,"100 מ""ל",false,1,4.90,0.4900,true,1,33417
7290010300587,false,שומשום 200 גר,ר.ס.,,"שומשום 200 ג""ר",גרמים,200.00,100 גרם,false,1,8.90,4.4500,true,1,33422
7290010300594,false,גלטין בקופסה,ר.ס.,,"ג""לטין בקופסה",גרמים,24.00,100 גרם,false,1,11.90,49.5833,true,1,33423
7290010300662,false,מיכל שקדי מרק 400 גר,"חטיפים מן הטבע בע""""מ",,מיכל שקדי מרק 400 גר,גרמים,400.00,100 גרם,false,1,12.90,3.2250,true,1,96409
7290010328680,false,עוגת אחווה שוקוציפס,,,עוגת אחווה שוקוציפס לבן מריר 450,גרמים,450.00,100 גרם,false,1,11.90,2.6444,true,1,79667
7290010329854,false,עוגיות מיני קוקיס חמ,Carmit,,עוגיות מיני קוקיס חמאה ללא סוכר 600 גר,גרמים,600.00,100 גרם,false,1,21.90,3.6500,true,1,33448
7290010367009,false,שמנת חמוצה 15% 500 ג,,,"שמנת גביע 0.5 ק""ג",גרמים,500.00,100 גרם,false,1,12.90,2.5800,true,1,33459
7290010429684,false,דבש טהור יד מרדכי זו,STRAUSS-ISRAEL,,שרינק 2 דבש 350 ג,גרמים,700.00,100 גרם,false,1,29.90,4.2714,true,1,33480
7290010471669,false,דנונה בר תות קורנפלק,STRAUSS-ISRAEL,,דנונה בר תות קורנפלק,גרמים,175.00,100 גרם,false,1,4.50,2.5714,true,1,33483
7290010472390,false,דני שוקולד שטראוס 12,STRAUSS-ISRAEL,,מארז 8 דני שוקולד,ליטרים,1.00,ליטר,false,1,15.90,15.9000,true,1,33490
7290010502202,false,קפה טורקי 1 קג,ר.ס.,,"קפה טורקי 1ק""""ג",קילוגרמים,1.00,"ק""ג",false,1,43.90,43.9000,true,1,33510
7290010513703,false,מקלות צופסטיק חד פעמ,Guilin fengzhu tradi,,"מקלות צ""ופסטיק חד פעמיות 20 יח",Unknown,0.00,Unknown,false,1,6.90,0.0000,true,1,33525
7290010513727,false,פנקו פרורי לחם יפניי,Qingdao Sun-growing,,פנקו-פרורי לחם וומטר,גרמים,200.00,100 גרם,false,1,8.90,4.4500,true,1,53107
7290010520244,false,ממרח חמאה הולנדית 50,,,חמאה 500 גר,גרמים,500.00,100 גרם,false,1,26.90,5.3800,true,1,117621
7290010520435,false,שמנת חמוצה 15% 450 ג,,,שמנת חמוצה 15% 450 גר,גרמים,450.00,100 גרם,false,1,10.90,2.4222,true,1,141608
7290010561407,false,לחם פרוס ויטמינים ומ,,,לחם פרוס ויטמינים ומינרלים ברילי 500 גר,גרמים,500.00,100 גרם,false,1,19.90,3.9800,true,1,134512
7290010562565,false,משמש אוזבקי 400 גר,,,משמש אוזבקי 400 גר,גרמים,400.00,100 גרם,false,1,39.90,9.9750,true,1,140737
7290010562909,false,מיקס טבעי 320 גר,,,מיקס טבעי 320 גר,גרמים,320.00,100 גרם,false,1,31.90,9.9687,true,1,140575
7290010589012,false,עוגות וופל במילוי קר,,,עוגות וופל במילוי קרם 315 גר,גרמים,315.00,100 גרם,false,1,29.90,9.4921,true,1,33547
7290010589036,false,עוגות וופל במילוי קר,,,עוגות וופל במילוי קרם 315 גר,גרמים,315.00,100 גרם,false,1,29.90,9.4921,true,1,33549
7290010589043,false,עוגות וופל במילוי קר,,,עוגות וופל במילוי קרם 315 גר,גרמים,315.00,100 גרם,false,1,29.90,9.4921,true,1,33550
7290010627844,false,טחינה ירושלים מלא 50,בראשית ירושלים,,טחינה ירושלים מלא 500 גר,גרמים,500.00,100 גרם,false,1,13.90,2.7800,true,1,100995
7290010650828,false,פטריות שימאגי לבן/חו,ביכורי שדה דרום 2002,,שימגי לבן/חום 150 גר,גרמים,150.00,100 גרם,false,1,12.90,8.6000,true,1,122603
7290010650996,false,פטריות שימגי חומות 1,,,פטריות שימגי חומות 150 גר,גרמים,150.00,100 גרם,false,1,12.90,8.6000,true,1,133920
7290010679010,false,קוקטייל פירות ים 500,,,קוקטייל פירות ים 500,גרמים,500.00,100 גרם,false,1,28.90,5.7800,true,1,33584
7290010679027,false,טבעות קלמרי 500 גר,,,"טבעות קלמרי 500 גר""",גרמים,500.00,100 גרם,false,1,39.90,7.9800,true,1,33585
7290010679034,false,בייבי שרימפס 500 גר,,,"בייבי שרימפס 500 גר""",גרמים,500.00,100 גרם,false,1,32.90,6.5800,true,1,33586
7290010679140,false,שרימפס טמפורה 250 גר,,,שרימפס טמפורה 250 גר,גרמים,250.00,100 גרם,false,1,26.90,10.7600,true,1,33587
7290010679256,false,פילה דג ברבוניה 500,אקוואטיק,,פילה דג  ברבוניה 500 גר,גרמים,500.00,100 גרם,false,1,34.90,6.9800,true,1,62934
7290010679393,false,שרימפס טמפורה עם רוט,,,שרימפס טמפורה עם רוטב 454גר,גרמים,424.00,100 גרם,false,1,42.90,10.1179,true,1,62937
7290010679409,false,ראשי קלמרי 500 גר,,,"ראשי קלמרי 500 גר""",גרמים,500.00,100 גרם,false,1,26.90,5.3800,true,1,33588
7290010679485,false,שרימפס מקולף 31-40 1,,,שרימפס מקולף 31-40 1 קג,קילוגרמים,1.00,"ק""ג",false,1,94.90,94.9000,true,1,99150
7290010679553,false,שרימפס מבושל מקולף 4,,,שרימפס מקולף ומבושל,גרמים,500.00,100 גרם,false,1,42.90,8.5800,true,1,33590
7290010679607,false,פילה בסה 1 קג,,,"פילה בסה 1 ק""ג",קילוגרמים,1.00,"ק""ג",false,1,34.90,34.9000,true,1,107982
7290010679621,false,שרימפס מבושל מקולף 4,,,שרימפס מבושל מקולף 4,גרמים,1000.00,100 גרם,false,1,84.90,8.4900,true,1,33591
7290010679676,false,גיוזה צימחונית 240 ג,וין לוק פוד,,גיוזה צימחונית 240 גר,גרמים,240.00,100 גרם,false,1,25.90,10.7917,true,1,98603
7290010679768,false,קלמרי 1 קג,,,קלמרי 1 קג,קילוגרמים,1.00,"ק""ג",false,1,94.90,94.9000,true,1,49047
7290010679829,false,שרימפס 16-20 מקולף 1,,,שרימפס 16-20 מקולף בתפזורת 1 קג,קילוגרמים,1.00,"ק""ג",false,1,119.90,119.9000,true,1,54996
7290010679904,false,שרימפס מבושל עם ראש,,,שרימפס מבושל עם ראש 500 גר,גרמים,500.00,100 גרם,false,1,34.90,6.9800,true,1,54995
7290010679997,false,דים סאם עוף 240 גר,,,דים סאם עוף 240 גר,גרמים,240.00,100 גרם,false,1,25.90,10.7917,true,1,54994
7290010701353,false,רגל קרושה 400 גר,,,"רגל קרושה 400 גר""",גרמים,400.00,100 גרם,false,1,26.90,6.7250,true,1,33613
7290010701360,false,עוף קרוש 400 גר,,,עוף קרוש 400 גרי,גרמים,400.00,100 גרם,false,1,26.90,6.7250,true,1,33614
7290010701384,false,רגל קרושה מעורבת 400,,,רגל קרושה מעורבת 400,גרמים,400.00,100 גרם,false,1,26.90,6.7250,true,1,33616
7290010701513,false,טושונקה בשר בקר 340,,,טושונקה בשר בקר 340 גר,גרמים,340.00,100 גרם,false,1,21.90,6.4412,true,1,141856
7290010701551,false,נקניקיות עוף 1 קג,,,נקניקיות עוף 1 קג,קילוגרמים,1.00,"ק""ג",false,1,25.90,25.9000,true,1,138599
7290010701599,false,טושונקה בשר לבן 340,VELES,,טושונקה בשר לבן 340 גר,גרמים,340.00,100 גרם,false,1,21.90,6.4412,true,1,73930
7290010701605,false,טושונקה בשר בקר 340,VELES,,טושונקה בשר בקר 340 גר,גרמים,340.00,100 גרם,false,1,21.90,6.4412,true,1,73931
7290010701612,false,קורקבן עוף בגל 500 ג,מעדני מניה תעשיות בש,,קורקבן עוף בגל 500 גר,גרמים,500.00,100 גרם,false,1,19.90,3.9800,true,1,115264
7290010701704,false,נקניק דוקטורסקיה 450,,,נקניק דוקטורסקיה 450 גר,גרמים,450.00,100 גרם,false,1,22.90,5.0889,true,1,138600
7290010701919,false,פטה כבד צרפתי ביין ל,,,פטה כבד צרפתי ביין לבן 180 גר,גרמים,180.00,100 גרם,false,1,22.90,12.7222,true,1,115265
7290010791538,false,לה קט דליקטס עוף גור,,,לה קט דליקטס עוף גורמה 85 גר,גרמים,85.00,100 גרם,false,1,5.90,6.9412,true,1,96620
7290010791545,false,לה קט דליקטס פטה כבד,,,לה קט דליקטס פטה כבד עוף  85 גר,גרמים,85.00,100 גרם,false,1,5.90,6.9412,true,1,96622
7290010791552,false,לה קט דליקטס טונה בר,,,לה קט דליקטס טונה ברוטב 85 גר,גרמים,85.00,100 גרם,false,1,5.90,6.9412,true,1,96624
7290010791576,false,לה קט דליקטס דגי אוק,,,לה קט דליקטס דגי אוקינוס  85 גר,גרמים,85.00,100 גרם,false,1,5.90,6.9412,true,1,96623
7290010791583,false,לה קט דליקטס דגי אוק,,,לה קט דליקטס דגי אוקינוס וטונה 85 גר,גרמים,85.00,100 גרם,false,1,5.90,6.9412,true,1,96621
7290010791644,false,מקלוני עוף פריכים בו,,,מקלוני עוף פריכים בונזו גוי 90 גר,גרמים,90.00,100 גרם,false,1,15.90,17.6667,true,1,109130
7290010814244,false,שוקולד מריר 60% אגו,Carmit,,שלישיית שוקולד מריר 85 גר,גרמים,255.00,100 גרם,false,1,10.90,4.2745,true,1,33657
7290010814701,false,שוקולד חלב ללא סוכר,Carmit,,שוקולד חלב ללא סוכר 85 גר,גרמים,85.00,100 גרם,false,1,6.90,8.1176,true,1,33663
7290010838219,false,מרמולייט סטיביה 100,,,מרמולייט סטיביה 100 שקיות,Unknown,0.00,Unknown,false,1,29.90,0.0000,true,1,114164
7290010838424,false,טואלט דאק ירוק 750 מ,SC Jonson,,"זוג טואלט דאק ירוק 750 מ""ל",ליטרים,1.50,ליטר,false,1,15.90,10.6000,true,1,33678
7290010838431,false,טואלט דאק כחול 750 מ,SC Jonson,,טואלט דאק 750 זוג כח,ליטרים,1.50,ליטר,false,1,15.90,10.6000,true,1,33679
7290010883363,false,S כפפות אלוורה רב שי,,,סנו סושי זוג כפפות א,Unknown,0.00,Unknown,false,1,9.90,0.0000,true,1,33715
7290010883370,false,M כפפות אלוורה רב שי,,,סנו סושי זוג כפפות א,Unknown,0.00,Unknown,false,1,9.90,0.0000,true,1,33716
7290010886210,false,סט 4 זיקוק עבה צבעונ,,,סט 4 זיקוק עבה צבעוני 18סמ,יחידה,1.00,יחידה,false,1,14.90,14.9000,true,1,78037
7290010903801,false,אצבעות שניצל בציפוי,,,אצבעות שניצל בציפוי שוםשום 1 קג,קילוגרמים,1.00,"ק""ג",false,1,34.90,34.9000,true,1,129580
7290010945146,false,קוטג 3% מועשר 250 גר,,,"קוטג"" 3% מועשר 250גר",גרמים,250.00,100 גרם,false,1,5.90,2.3600,true,1,33742
7290010945450,false,גבינה לבנה 3% 250 גר,,,גבינה לבנה 3% 250 גר,גרמים,250.00,100 גרם,false,1,4.90,1.9600,true,1,33746
7290010945481,false,גבינה לבנה 5% 500 גר,,,גבינה לבנה 5% 500גרם,גרמים,500.00,100 גרם,false,1,9.90,1.9800,true,1,33747
7290010955602,false,יין רימון ריצלי 750,יקב רימון,,יין רימון ריצלי 750מל,מיליליטרים,750.00,"100 מ""ל",false,1,49.90,6.6533,true,1,79348
7290011015862,false,סירופ פריגת דיאט לימ,סירופ - גבעת חיים,,סירופ פריגת דיאט לימון 750 מל,מיליליטרים,750.00,"100 מ""ל",false,1,22.90,3.0533,true,1,33773
7290011017880,false,דייאט קוקה קולה פחי,קוקה קולה,,דייאט קוקה קולה פחי 330 מל,מיליליטרים,330.00,"100 מ""ל",false,1,4.90,1.4848,true,1,49103
7290011018184,false,תה קר נסטי אפרסק 500,FUZE TEA,,תה קר נסטי אפרסק 500 מל,מיליליטרים,500.00,"100 מ""ל",false,1,6.90,1.3800,true,1,49062
7290011018368,false,בירה ויינשטפן 330 מל,ויינשטפן,,"בירה ויינשטפן 330 מ""ל שישייה",מיליליטרים,1980.00,"100 מ""ל",false,1,59.90,3.0253,true,1,97082
7290011018924,false,קוקה קולה דיאט פח 33,קוקה קולה,,קוקה קולה דיאט פח 330 מל מארז שישייה,מיליליטרים,1980.00,"100 מ""ל",false,1,23.90,1.2071,true,1,76308
7290011064020,false,גבינה בולגרית בעיר 2,,,גבינה בולגרית בעיר 200 גר,גרמים,200.00,100 גרם,false,1,16.90,8.4500,true,1,63261
7290011064075,false,גבינה לבנה אבו גוש 2,גבינות עמיר ניצן,,גבינה לבנה אבו גוש 200גר,גרמים,200.00,100 גרם,false,1,13.90,6.9500,true,1,75990
7290011064099,false,טאפס שכונתי 125 גר,,,טאפס שכונתי 125גר,גרמים,125.00,100 גרם,false,1,21.90,17.5200,true,1,73860
7290011081492,false,קרמיסימו שלושה שוקול,,,קרמיסימו שלושה שוקול,ליטרים,1.33,ליטר,false,1,18.90,14.2105,true,1,33849
7290011081690,false,קרמיסימו פרווה שוקו,,,קרמיסימו פרווה וניל,ליטרים,1.33,ליטר,false,1,18.90,14.2105,true,1,33852
7290011090340,false,בייבי מיקס 120 גר,,,בייבי מיקס,גרמים,120.00,100 גרם,false,1,6.90,5.7500,true,1,107229
7290011090418,false,בזיליקום 40 גר,,,בזיליקום,גרמים,40.00,100 גרם,false,1,4.90,12.2500,true,1,107232
7290011090463,false,רוזמרין 40 גר,,,רוזמרין,גרמים,40.00,100 גרם,false,1,4.90,12.2500,true,1,107233
7290011090494,false,חמציץ,,,חמציץ,Unknown,0.00,Unknown,false,1,9.90,0.0000,true,1,107237
7290011090500,false,עירית,,,עירית,Unknown,0.00,Unknown,false,1,4.90,0.0000,true,1,107236
7290011090746,false,תרד 120 גר,,,תרד,גרמים,120.00,100 גרם,false,1,7.90,6.5833,true,1,107230
7290011090821,false,שורש פטרוזיליה,,,שורש פטרוזיליה,Unknown,0.00,Unknown,false,1,4.90,0.0000,true,1,107225
7290011090913,false,פלפל צילי,,,פלפל צילי,Unknown,0.00,Unknown,false,1,6.90,0.0000,true,1,129004
7290011090920,false,כרוב סיני,,,כרוב סיני,Unknown,0.00,Unknown,false,1,6.90,0.0000,true,1,107241
7290011090937,false,שיבה,,,שיבה,Unknown,0.00,Unknown,false,1,4.90,0.0000,true,1,107226
7290011094874,false,חסה לבבות שקית,,,חסה לבבות שקית,Unknown,0.00,Unknown,false,1,7.90,0.0000,true,1,107239
7290011126209,false,תה גן הקסום תפוח קינ,,,"""הגן הקסום"" תפוח וקי",גרמים,68.00,100 גרם,false,1,17.90,26.3235,true,1,33898
7290011126469,false,תה קמומיל ודבש 25 שק,,,תה קמומיל ודבש 25 שק,גרמים,38.00,100 גרם,false,1,17.90,47.1053,true,1,33907
7290011126957,false,תה ויסוצקי ירוק ארל,,,"תה ""ויסוצקי"" ירוק אר",גרמים,38.00,100 גרם,false,1,24.90,65.5263,true,1,33918
7290011131395,false,תערובת דגנים מיזלי ק,גרין,,"תערובת דגנים מיזלי קראנץ 30% פירות 1 ק""ג",קילוגרמים,1.00,"ק""ג",false,10,24.90,24.9000,true,1,33922
7290011131968,false,גרנולה אגוזים 1 קג,גרין,,"גרנולה אגוזים 1 ק""ג",קילוגרמים,1.00,"ק""ג",false,1,23.90,23.9000,true,1,33928
7290011131975,false,גרנולה פירות 1 קג,גרין,,"גרנולה פירות 1 ק""ג",קילוגרמים,1.00,"ק""ג",false,1,23.90,23.9000,true,1,33929
7290011132507,false,מים מינרליים מוגז עד,,,"מים מוגז עדין ""סאןבנ",מיליליטרים,500.00,"100 מ""ל",false,1,3.90,0.7800,true,1,33938
7290011132552,false,בירה פאולנר 330 מל ר,,,"רביעיית בירה ""פאולנר",מיליליטרים,1320.00,"100 מ""ל",false,1,39.90,3.0227,true,1,33943
7290011133368,false,בירה מכבי שנדי תפוח,,,"בירה ""מכבי"" שנדי בטע",ליטרים,1.98,ליטר,false,1,33.90,17.1212,true,1,33953
7290011133375,false,בירה שנדי בטעם אפרסק,,,מארז בירה מכבי שנדי בטעם אפרסק שישייה,ליטרים,1.98,ליטר,false,1,33.90,17.1212,true,1,33954
7290011142001,false,לחם שיפון 550 גר,מאפיית דואט,,"לחם ""דואט""",גרמים,550.00,100 גרם,false,1,13.90,2.5273,true,1,33962
7290011142025,false,לחם שיפון כפרי 600 ג,מאפיית דואט,,"לחם שיפון ""אוקראינסק",גרמים,600.00,100 גרם,false,1,13.90,2.3167,true,1,33964
7290011142032,false,לחם אוקראינסקי 630 ג,מאפיית דואט,,"לחם שיפון ""בורודינסק",גרמים,630.00,100 גרם,false,1,13.90,2.2063,true,1,33965
7290011142049,false,לחם ביתי עם סובין לל,מאפיית דואט,,"לחם ""לבריאות""",גרמים,630.00,100 גרם,false,1,14.90,2.3651,true,1,33966
7290011142148,false,לחמניות עם שומשום 45,מאפיית דואט,,לחמים/לחמניות,גרמים,450.00,100 גרם,false,1,13.90,3.0889,true,1,33973
7290011142193,false,לחמניות מתוקות 400 ג,מאפיית דואט,,לחמניות מתוקות,גרמים,400.00,100 גרם,false,1,13.90,3.4750,true,1,33978
7290011142315,false,פרנה 550 גר,מאפיית דואט,,פרנה,גרמים,550.00,100 גרם,false,1,15.90,2.8909,true,1,50022
7290011142322,false,פיתה 10 יח 1000 גר,מאפיית דואט,,פיתה 10 יח,גרמים,1000.00,100 גרם,false,1,14.90,1.4900,true,1,52405
7290011142407,false,לחם שבע דגנים 1.1קג,מאפיית דואט,,לחם שבע דגנים 1.1קג,קילוגרמים,1.10,"ק""ג",false,1,18.90,17.1818,true,1,79408
7290011142551,false,לחם טוסט 750 גר,,,לחם טוסט 750 גר,גרמים,750.00,100 גרם,false,1,15.90,2.1200,true,1,96844
7290011142650,false,לחם שיפון 100% 900 ג,,,לחם שיפון 100% 900 גר,גרמים,900.00,100 גרם,false,1,17.90,1.9889,true,1,108849
7290011148959,false,פלפל טינקרבל,מרינה פטריות הגליל,,פלפל טינקרבל,Unknown,0.00,Unknown,false,1,6.90,0.0000,true,1,77871
7290011153885,false,נייר אכיל ממותג,גילרו,,נייר אכיל ממותג,Unknown,0.00,Unknown,false,1,16.90,0.0000,true,1,33999
7290011154035,false,תרכיז תפוחים סחוט 50,,,תרכיז תפוחים סחוט 500 מל,מיליליטרים,500.00,"100 מ""ל",false,1,19.90,3.9800,true,1,127997
7290011154080,false,תרכיז תפוחים צלול 50,,,תרכיז תפוחים צלול 500 מל,מיליליטרים,500.00,"100 מ""ל",false,1,19.90,3.9800,true,1,127990
7290011154899,false,תרכיז ענבים ותפוחים,,,תרכיז ענבים 500 מל,מיליליטרים,500.00,"100 מ""ל",false,1,21.90,4.3800,true,1,138642
7290011174866,false,ציפס בטטה פרי הגליל,,,ציפס בטטה פרי הגליל 700 גר,גרמים,700.00,100 גרם,false,1,15.90,2.2714,true,1,105382
7290011194215,false,דניאלה בננה 88 גר,STRAUSS-ISRAEL,,דניאלה בננה,גרמים,88.00,100 גרם,false,1,4.10,4.6591,true,1,34025
7290011194246,false,קוטג 5% עם סידן 250,STRAUSS-ISRAEL,,"קוטג"" 5% עם סידן 250",גרמים,250.00,100 גרם,false,1,5.80,2.3200,true,1,34026
7290011223038,false,עלים לעוגת קרמשניט 3,Bonomi,,עלים לעוגת קרמשניט ו,גרמים,300.00,100 גרם,false,1,15.90,5.3000,true,1,34040
7290011223045,false,בישקוטים 200 גר,Bonomi,,בישקוטים 200 גרם,גרמים,200.00,100 גרם,false,1,6.90,3.4500,true,1,34041
7290011223205,false,ריבת חלב ארגנטינאית,DULCOR,,ריבת חלב ארגנטינאית,גרמים,454.00,100 גרם,false,1,16.90,3.7225,true,1,34043
7290011223229,false,גל אסלה טואלט דאק 55,DEOFLOR,,"ג""ל לאסלה ""טואלט דאק",מיליליטרים,55.00,"100 מ""ל",false,1,9.90,18.0000,true,1,34044
7290011223243,false,גל אסלה טואלט דאק 55,DEOFLOR,,"ג""""ל לאסלה ""טואלט דא",מיליליטרים,55.00,"100 מ""ל",false,1,9.90,18.0000,true,1,34045
7290011237301,false,כוסמת ידריצה מדגן 80,קיטניות העמקים,,כוסמת ידריצה מדגן 800 גר,גרמים,800.00,100 גרם,false,1,10.90,1.3625,true,1,34058
7290011240318,false,יין שאטו דה לה מר קב,יקבי ציון,,"יין ""שאטו דה לה מר""",מיליליטרים,750.00,"100 מ""ל",false,1,23.90,3.1867,true,1,34066
7290011240608,false,יין שאטו דה למר אמרל,יקבי ציון,,"יין ""שאטו דה למר"" לבן 0.75 ל",מיליליטרים,750.00,"100 מ""ל",false,1,23.90,3.1867,true,1,73154
7290011240837,false,יין שאטו דה מאר מרלו,יקבי ציון,,יין שאטו דה מאר מרלו 750מל,מיליליטרים,750.00,"100 מ""ל",false,1,23.90,3.1867,true,1,76153
7290011249212,false,וופל בטעם לימון עלמה,,,"וופל לימון בלגי ""עלמ",גרמים,200.00,100 גרם,false,1,4.90,2.4500,true,1,34079
7290011312381,false,סטייק פורטובלה על הא,מרינה פטריות הגליל,,סטייק פורטובלה על הא,גרמים,320.00,100 גרם,false,1,13.90,4.3438,true,1,34122
7290011379018,false,פטריות מארז צמד חמד,מרינה פטריות הגליל,,פטריות מארז צמד חמד,Unknown,0.00,Unknown,false,1,15.50,0.0000,true,1,34137
7290011379025,false,פלפל צילי,,,פלפל צילי,Unknown,0.00,Unknown,false,1,6.90,0.0000,true,1,131490
7290011438142,false,אייס קפה בבקבוק 350,STRAUSS-ISRAEL,,אייס קפה בבקבוק 350,מיליליטרים,350.00,"100 מ""ל",false,1,6.40,1.8286,true,1,34158
7290011447014,false,מטרנה דייסת דגנים סל,מטרנה,,מטרנה דייסת סלט פירו,גרמים,200.00,100 גרם,false,1,13.90,6.9500,true,1,34167
7290011447748,false,סופר קט דגי אוקיינוס,,,סופר קט דגי אוקיינוס,קילוגרמים,3.00,"ק""ג",false,1,49.90,16.6333,true,1,34186
7290011447908,false,סופר קט עוף וכבד 3 ק,,,סופר קט עוף וכבד 3 ק,קילוגרמים,3.00,"ק""ג",false,1,49.90,16.6333,true,1,34188
7290011489298,false,קרקר הדר קרם חיטה מל,,,קרקר הדר קרם חיטה מלאה 250 גר,גרמים,250.00,100 גרם,false,1,6.90,2.7600,true,1,49285
7290011489540,false,בייגלה הדר שמיניות ע,,,בייגלה הדר שמיניות עם שומשום 300 גר,גרמים,300.00,100 גרם,false,1,5.90,1.9667,true,1,141615
7290011489595,false,קרקר טופז שומשום הדר,,,קרקר טופז שומשום הדר 110 גר,גרמים,110.00,100 גרם,false,1,3.90,3.5455,true,1,77212
7290011489601,false,קרקר טופז בטעם בצל ה,,,קרקר טופז בטעם בצל הדר 110 גר,גרמים,110.00,100 גרם,false,1,3.90,3.5455,true,1,77213
7290011489625,false,ביסקוויט תה שוקו 110,,,ביסקוויט תה שוקו 110 גר,גרמים,110.00,100 גרם,false,1,2.90,2.6364,true,1,77215
7290011489700,false,פירורי ביסקוויט בטעם,,,פירורי ביסקוויט בטעם שוקו 300 גר,גרמים,300.00,100 גרם,false,1,5.90,1.9667,true,1,141621
7290011489755,false,בייגלה הדר טבעות מלח,,,בייגלה הדר טבעות מלח 300 גר,גרמים,300.00,100 גרם,false,1,5.90,1.9667,true,1,141617
7290011499051,false,פטה כבשים בגביע 250,,,פטה כבשים בגביע 250גר,גרמים,250.00,100 גרם,false,1,23.90,9.5600,true,1,63527
7290011499112,false,גבינה בולגרית 16% בג,,,בולגרית 16% בגביע 250גר,גרמים,250.00,100 גרם,false,1,21.90,8.7600,true,1,63529
7290011499129,false,קוביות בולגרית 5% 20,,,קוביות בולגרית 5% 200גר,גרמים,200.00,100 גרם,false,1,19.90,9.9500,true,1,34223
7290011499303,false,גבינת פטה עיזים מעוד,,,בולגרית מעודנת 5% עיזים 250גר,גרמים,250.00,100 גרם,false,1,29.90,11.9600,true,1,63532
7290011499327,false,גבינה בולגרית מעודנת,,,בולגרית מעודנת 5% 250גר,גרמים,250.00,100 גרם,false,1,21.90,8.7600,true,1,63534
7290011499341,false,גבינה קשקבל ארוז 26%,,,קשקבל ארוז 22% 250 ג,גרמים,200.00,100 גרם,false,1,25.90,12.9500,true,1,63536
7290011499358,false,גבינת עיזים פטה 20%,,,פטה עיזים -בואקום 200גר,גרמים,200.00,100 גרם,false,1,24.90,12.4500,true,1,34226
7290011499365,false,גבינה חלומי 24% 200,,,גבינה חלומי 24% 200גר,גרמים,200.00,100 גרם,false,1,19.90,9.9500,true,1,34227
7290011499419,false,קרם שמנת טבעי ניו יו,,,קרם שמנת טבעי ניו יורק 5% 200 גרם,גרמים,200.00,100 גרם,false,1,12.90,6.4500,true,1,34228
7290011499624,false,גבינת שמנת טבעית 30%,,,שמנת טבעית 30% 200גר,גרמים,200.00,100 גרם,false,1,12.90,6.4500,true,1,78168
7290011501617,false,חמוציות ברכז תפוחים,,,חמוציות ברכז תפוחים ללא סוכר קופסא 250 ג,גרמים,250.00,100 גרם,false,1,14.90,5.9600,true,1,137880
7290011505493,false,כף מהודרת עבה במיוחד,הוסטס,,"כפות חד פעמי 50 יח""",Unknown,0.00,Unknown,false,1,8.90,0.0000,true,1,34241
7290011505509,false,מזלגות חד פעמי 50 יח,הוסטס,,מזלגות חד פעמי 50 יח,Unknown,0.00,Unknown,false,1,8.90,0.0000,true,1,34242
7290011505776,false,שיפודי במבוק עבים במ,הוסטס,,שיפודי במבוק עבים במ,Unknown,0.00,Unknown,false,1,4.90,0.0000,true,1,34245
7290011505806,false,קיסמי שיניים דנטאליי,הוסטס,,קיסמי שיניים דנטאליים,Unknown,0.00,Unknown,false,1,10.90,0.0000,true,1,34248
7290011515683,false,אקסטרים וניל 6 יח,,,אקסטרים וניל 6 יח,גרמים,342.00,100 גרם,false,1,32.90,9.6199,true,1,76712
7290011518561,false,משקה יוגורט תות אקטי,STRAUSS-ISRAEL,,"אקטימל 14 יח"" תות",גרמים,1512.00,100 גרם,false,1,29.90,1.9775,true,1,34257
7290011524548,false,גרגירי חומוס 800 גר,"פרי הגליל בע""""מ",,גרגירי חומוס 800 גרם,גרמים,800.00,100 גרם,false,1,9.90,1.2375,true,1,34277
7290011524555,false,שעועית לבנה מבושלת 8,"פרי הגליל בע""""מ",,שעועית לבנה מבושלת 800 גר,גרמים,800.00,100 גרם,false,1,9.90,1.2375,true,1,34278
7290011524968,false,פולי סויה 1 קג,"פרי הגליל בע""""מ",,פולי סויה 1 קג,קילוגרמים,1.00,"ק""ג",false,1,14.90,14.9000,true,1,72667
7290011530358,false,שייק איט כתום 450 גר,,,שייק איט כתום 450 גר,גרמים,450.00,100 גרם,false,1,29.90,6.6444,true,1,133770
7290011530532,false,שייק איט ירוק 450 גר,,,שייק איט ירוק 450 גר,גרמים,450.00,100 גרם,false,1,29.90,6.6444,true,1,127489
7290011530730,false,שייק איט חום 450 גר,,,שייק איט חום 450 גר,גרמים,450.00,100 גרם,false,1,29.90,6.6444,true,1,127488
7290011570088,false,ריבת חלב לייט ללא גל,Satko ltd,,ריבת חלב לייט ללא גלוטן 400 גר,גרמים,400.00,100 גרם,false,1,18.90,4.7250,true,1,109013
7290011570507,false,קמח כרגיל ללא גלוטן,גלעם,,קמח כרגיל ללא גלוטן 450גר,גרמים,450.00,100 גרם,false,1,19.90,4.4222,true,1,78066
7290011575007,false,ניקוי מקלחון הפי מחל,מיפא,,"ניקוי מקלחון הפי מחליק מים שקוף 750 מ""ל",מיליליטרים,750.00,"100 מ""ל",false,1,19.90,2.6533,true,1,106035
7290011585228,false,כיסונים במילוי בשר 1,,,כיסונים במילוי בשר 1500 גר,גרמים,1500.00,100 גרם,false,1,40.90,2.7267,true,1,34324
7290011585235,false,מיני צבורק במילוי בש,,,מיני צבורק במילוי בשר 600 גר,גרמים,600.00,100 גרם,false,1,31.90,5.3167,true,1,34325
7290011585242,false,צבורקי במילוי בשר וי,,,צבורקי במילוי בשר וירק 600 גר,גרמים,600.00,100 גרם,false,1,31.90,5.3167,true,1,34326
7290011585778,false,קרפלך במילוי תפוא 70,,,קרפלך במילוי תפוא 700 גר,גרמים,700.00,100 גרם,false,1,20.90,2.9857,true,1,137979
7290011585785,false,צבורקי קלאסי 600 גר,,,צבורקי קלאסי 600 גר,גרמים,600.00,100 גרם,false,,31.90,5.3167,true,1,126463
7290011587307,false,תחתיות ארטישוק 400 ג,Egyptian spanish co,,תחתיות ארטישוק,גרמים,400.00,100 גרם,false,1,10.90,2.7250,true,1,34356
7290011587444,false,מוזלי קראנצ עם 35% פ,,,"מוזלי קראנצ""י עם פיר",גרמים,600.00,100 גרם,false,1,19.90,3.3167,true,1,34361
7290011587451,false,גרנולה עם פירות ואגו,,,גרנולה עם פירות ואגו,גרמים,600.00,100 גרם,false,1,19.90,3.3167,true,1,34362
7290011587468,false,מוזלי קראנצי בתוספת,,,"מוזלי קראנצ""י עם אגו",גרמים,600.00,100 גרם,false,1,19.90,3.3167,true,1,34363
7290011587765,false,נודלס עבה 200 גר,אופאל,,"נודלס עבה 200 גר""",גרמים,200.00,100 גרם,false,1,4.90,2.4500,true,1,35369
7290011587826,false,חרדל דיזון 370 גר,Covinor sas,,חרדל דיזון 370גר,גרמים,370.00,100 גרם,false,1,11.90,3.2162,true,1,74721
7290011587857,false,עגבניות מיובשות מתוב,Sunto gida sun ve ti,,עגבניות מיובשות מתובלות 250 גר,גרמים,250.00,100 גרם,false,1,11.90,4.7600,true,1,53132
7290011593087,false,שמן זית סבא חביב בלד,שמן זית סבא חביב,,שמן זית סבא חביב בלדי  750 מל,מיליליטרים,750.00,"100 מ""ל",false,12,29.90,3.9867,true,1,35380
7290011598211,false,ספריי אנטי קאלק רב ש,,,סנו אנטי קאלק רב שימ,מיליליטרים,700.00,"100 מ""ל",false,1,16.90,2.4143,true,1,35385
7290011598372,false,מטלית לרצפה מיקרופיי,,,סנו סושי מטלית מיקרו,Unknown,0.00,Unknown,false,1,11.90,0.0000,true,1,35386
7290011607180,false,אבקת כביסה קולון 101,,,"אבקת כביסה ""קולון 10",קילוגרמים,1.25,"ק""ג",false,1,12.90,10.3200,true,1,35390
7290011607197,false,אבקת כביסה קולון 101,,,אבקת כביסה קולון 101 5 קג,קילוגרמים,5.00,"ק""ג",false,1,34.90,6.9800,true,1,55103
7290011644000,false,מקלות תירס מתוקים 80,,,מקלות תירס מתוקים 80,גרמים,80.00,100 גרם,false,1,4.90,6.1250,true,1,35453
7290011644505,false,כבד דג שיבוט 115 גר,יאקן איאצאפי,,כבד דג שיבוט 120 גר,גרמים,115.00,100 גרם,false,24,8.90,7.7391,true,1,115654
7290011695286,false,קיסם הפלא 250 גר,YANGCHENG DILING,,"קיסם הפלא 250 ג""ר",Unknown,0.00,Unknown,false,1,10.90,0.0000,true,1,35473
7290011695385,false,תמצית רום 50 מל,עבדו,,"תמצית רום 50 מ""ל",מיליליטרים,50.00,"100 מ""ל",false,1,3.90,7.8000,true,1,35479
7290011695408,false,ציפוי מתובל לשניצל 3,עבדו,,ציפוי מתובל לשניצל 350 גר,גרמים,350.00,100 גרם,false,1,13.90,3.9714,true,1,35481
7290011695477,false,דבש לחיץ 350 גר,מכוורת עמק חפר,,"דבש לחיץ 350 גר""",גרמים,350.00,100 גרם,false,1,23.90,6.8286,true,1,35486
7290011695620,false,סירופ מייפל 700 גר,מיטב תעשיות,,סירופ מייפל,גרמים,700.00,100 גרם,false,1,12.90,1.8429,true,1,35496
7290011695651,false,צנימים עגולים 300 גר,NEWLAT,,צנימים עגולים 300 גר,גרמים,300.00,100 גרם,false,1,12.90,4.3000,true,1,35499
7290011695712,false,חמאת בוטנים קרמי/קרא,SUPER NUTRI,,חמאת בוטנים קרמי/קראנצ 510 גר,גרמים,510.00,100 גרם,false,1,14.90,2.9216,true,1,106859
7290011695958,false,חומץ תפוחים 750 מל,הילל תעשיות,,חומץ תפוחים 750 מל,מיליליטרים,750.00,"100 מ""ל",false,1,13.90,1.8533,true,1,35512
7290011765095,false,גל גילוח קרמה מן 200,,,"ג""ל גילוח ""קרמה מן""",מיליליטרים,200.00,"100 מ""ל",false,1,12.90,6.4500,true,1,35519
7290011765392,false,שמפו לשיער בוב ספוג,,,"שמפו ""כיף""בוב ספוג 7",מיליליטרים,750.00,"100 מ""ל",false,1,10.90,1.4533,true,1,35540
7290011800840,false,טחינה לבנה צבר 400 ג,צבר,,"טחינה לבנה ""צבר"" 400",גרמים,400.00,100 גרם,false,1,14.90,3.7250,true,1,35564
7290011870744,false,סוללה מרובע פוגיקום,ג'ואן,,סוללה מרובע פוגיקום 9 וולט,Unknown,0.00,Unknown,false,1,12.90,0.0000,true,1,130065
7290011876388,false,קציצות עוף ובקר מאמא,,,"קציצות עוף ובקר ""מאמא עוף"" 600גר",גרמים,600.00,100 גרם,false,1,31.90,5.3167,true,1,49519
7290011876494,false,שניצל עוף ותירס 750,,,שניצל עוף ותירס 750 גר,גרמים,750.00,100 גרם,false,1,34.90,4.6533,true,1,35591
7290011877156,false,מטהר אוויר בניחוח מא,,,"מטהר אוויר ""סנופרש""",מיליליטרים,375.00,"100 מ""ל",false,1,10.90,2.9067,true,1,35598
7290011877859,false,אינסטלטור פותח סתימו,,,סנו אינסטלטור פותח ס,גרמים,200.00,100 גרם,false,1,13.90,6.9500,true,1,35612
7290011931162,false,סוכרלייט נוזלי 220 מ,"סוכרזית בע""מ",,סוכרלייט נוזלי,מיליליטרים,220.00,"100 מ""ל",false,1,28.90,13.1364,true,1,35678
7290011931193,false,סוכרלייט כפית לכפית,"סוכרזית בע""מ",,סוכרלייט כפית לכפית,גרמים,100.00,100 גרם,false,1,28.90,28.9000,true,1,35679
7290011947521,false,שמן זית זיתא כתית מע,,,"שמן זית זיתא כתית מעולה בטעם מודגש בד""ץ",מיליליטרים,750.00,"100 מ""ל",false,1,32.90,4.3867,true,1,108363
7290011947866,false,מיקס זיתים בפח 440 ג,,,מיקס זיתים בפח 440 גר,גרמים,440.00,100 גרם,false,1,19.90,4.5227,true,1,131293
7290011987268,false,סלמון פרוס 100 גר,,,סלמון פרוס 100 גר,גרמים,100.00,100 גרם,false,1,23.90,23.9000,true,1,35695
7290011987466,false,דג סלמון 200 גר,,,סלמון פרוס 200 גרם,גרמים,200.00,100 גרם,false,1,44.90,22.4500,true,1,35698
7290011996000,false,אטריות עגבניות 454 ג,,,אטריות עגבניות 454 גר,גרמים,454.00,100 גרם,false,20,10.90,2.4009,true,1,35707
7290011996017,false,אטריות תרד 454 גר,,,אטריות תרד 454 גר,גרמים,454.00,100 גרם,false,10,10.90,2.4009,true,1,35708
7290011996031,false,אטריות ביצים 454 גר,,,אטריות ביצים 454 גר,גרמים,454.00,100 גרם,false,10,10.90,2.4009,true,1,35709
7290011996062,false,אורז לסושי 1 קג,,,אורז לסושי 1 קג,קילוגרמים,1.00,"ק""ג",false,15,15.90,15.9000,true,1,35711
7290011996086,false,רוטב צילי חריף 700 מ,,,רוטב צילי חריף 700 מל,מיליליטרים,700.00,"100 מ""ל",false,6,14.90,2.1286,true,1,64652
7290011996109,false,רוטב צילי מתוק 700 מ,,,רוטב צילי מתוק 700 מל,מיליליטרים,700.00,"100 מ""ל",false,6,9.90,1.4143,true,1,64654
7290011996123,false,אצות נורי גולד 10 דפ,,,אצות נורי גולד 10 דפים,גרמים,25.00,100 גרם,false,10,12.90,51.6000,true,1,107286
7290011996130,false,אצות נורי סילוור 10,,,אצות נורי סילוור 10 דפים,Unknown,0.00,Unknown,false,10,10.90,0.0000,true,1,86340
7290011996178,false,רוטב סויה בסגנון יפנ,,,רוטב סויה בסגנון יפני 300 מל,מיליליטרים,300.00,"100 מ""ל",false,12,13.90,4.6333,true,1,35712
7290011996185,false,חומץ אורז לסושי 250,,,חומץ אורז לסושי 250 מל,מיליליטרים,250.00,"100 מ""ל",false,6,9.90,3.9600,true,1,35713
7290011996222,false,חלב קוקוס 400 מל,,,חלב קוקוס 400 מל,מיליליטרים,400.00,"100 מ""ל",false,24,7.90,1.9750,true,1,35714
7290011996277,false,מחצלת עגולה לסושי,,,מחצלת עגולה לסושי,Unknown,0.00,Unknown,false,10,5.90,0.0000,true,1,35715
7290011996499,false,אטריות אורז דקות 400,,,אטריות אורז דקות 400 גר,גרמים,400.00,100 גרם,false,15,10.90,2.7250,true,1,35718
7290011996550,false,רוטב הויסין 240 גר,קיי.אר.אס.ספייסי פוד,,רוטב הויסין 240 גר,גרמים,240.00,100 גרם,false,6,17.90,7.4583,true,1,120432
7290011996604,false,רוטב פד תאי בקבוק 30,,,רוטב פד תאי בקבוק 300 מל,מיליליטרים,300.00,"100 מ""ל",false,6,17.90,5.9667,true,1,108132
7290011996642,false,שומשום שחור 100 גר,,,שומשום שחור 100 גר,גרמים,100.00,100 גרם,false,12,17.90,17.9000,true,1,108478
7290011996703,false,אצות וואקמה 100 גר,קינגדאו,,אצות וואקמה 100 גר,גרמים,100.00,100 גרם,false,6,21.90,21.9000,true,1,99268
7290011996741,false,חומץ אורז לסושי 500,,,חומץ אורז לסושי 500 מל,מיליליטרים,500.00,"100 מ""ל",false,1,13.90,2.7800,true,1,117843
7290011996758,false,תערובת קמחים לטמפורה,פוג'יאן לונגאי,,תערובת קמחים לטמפורה 500 גר,גרמים,500.00,100 גרם,false,12,13.90,2.7800,true,1,99757
7290011996789,false,פירורי לחם פנקו 200,,,פירורי לחם פנקו 200 גר,גרמים,200.00,100 גרם,false,10,8.90,4.4500,true,1,35719
7290011996888,false,רוטב טריאקי 300 מל,קיי.אר.אס.ספייסי פוד,,רוטב טריאקי 300 מל,מיליליטרים,300.00,"100 מ""ל",false,6,12.90,4.3000,true,1,99266
7290012001994,false,חרדל דיזון גרעינים 3,,,"חרדל דיז""ון גרעינים",גרמים,350.00,100 גרם,false,1,10.90,3.1143,true,1,35722
7290012013003,false,עוגת ריזיק 450 גר,,,עוגת ריזיק 450 גר,גרמים,450.00,100 גרם,false,1,42.90,9.5333,true,1,35724
7290012013010,false,עוגת שמנת 550 גר,,,עוגת שמנת,גרמים,550.00,100 גרם,false,1,46.90,8.5273,true,1,35725
7290012013034,false,עוגה קייבסקי,,,עוגיות,Unknown,0.00,Unknown,false,1,42.90,0.0000,true,1,35727
7290012013041,false,פחזניות,,,פחזניות,Unknown,0.00,Unknown,false,1,42.90,0.0000,true,1,35728
7290012013058,false,עוגיות שמרים העולם ה,,,דובשניות מטולה,גרמים,400.00,100 גרם,false,1,26.90,6.7250,true,1,35729
7290012013089,false,עוגיות אגוזים עם ריב,,,עוגיות אגוזים עם ריבה 280 גר,גרמים,280.00,100 גרם,false,1,24.90,8.8929,true,1,35732
7290012013225,false,עוגת גבינה עגולה 420,,,עוגת גבינה עגולה 420,גרמים,420.00,100 גרם,false,1,42.90,10.2143,true,1,35738
7290012019012,false,אספרגוס לבן שלם 330,,,אספרגוס לבן שלם 330 גר,גרמים,330.00,100 גרם,false,1,9.90,3.0000,true,1,107139
7290012019258,false,רסק תפוח עץ 113 גר ר,Cherry growers inc,,רביעיית רסק תפוח עץ 113 גרם,גרמים,452.00,100 גרם,false,1,12.90,2.8540,true,1,35751
7290012019265,false,רסק תפוח עץ ללא סוכר,Cherry growers inc,,רביעיית רסק תפוח עץ,גרמים,452.00,100 גרם,false,1,12.90,2.8540,true,1,35752
7290012019272,false,רסק תפוח עץ עם קינמו,Cherry growers inc,,רביעיית מחית תפוח עץ עם קינמון 113 גרם,גרמים,452.00,100 גרם,false,1,12.90,2.8540,true,1,35753
7290012022203,false,פריכיות קליליות חיטה,,,פריכיות קליליות חיטה מלאה 100 גר,גרמים,100.00,100 גרם,false,1,14.00,14.0000,true,1,116200
7290012022227,false,פריכיות קליליות בטעם,,,פריכיות קליליות בטעם טבעי 70 גר,גרמים,70.00,100 גרם,false,1,12.90,18.4286,true,1,116198
7290012022272,false,פריכיות קליליות קידס,,,פריכיות קליליות קידס 30 גר,גרמים,30.00,100 גרם,false,1,10.90,36.3333,true,1,116201
7290012030413,false,ביצי שליו 20 יח,,,"ביצי שליו 20 יח""",Unknown,0.00,Unknown,false,1,21.90,0.0000,true,1,35814
7290012052323,false,מוזלי תענוג מיקס לא,,,"מוזלי תענוג מיקס לא קלוי 1 ק""ג",קילוגרמים,1.00,"ק""ג",false,1,24.90,24.9000,true,1,113221
7290012052330,false,גרנולה תענוג חלווה 1,,,"גרנולה תענוג חלבה 1 ק""ג",קילוגרמים,1.00,"ק""ג",false,1,24.90,24.9000,true,1,113220
7290012052385,false,גרנולה רפאל מוזלי 72,,,גרנולה רפאל מוזלי 800 גר,גרמים,720.00,100 גרם,false,1,28.90,4.0139,true,1,113217
7290012052477,false,תערובת לסלט צוקולומו,,,תערובת לסלט צוקולומומו מיקס זרעים ותיבול,גרמים,250.00,100 גרם,false,1,17.90,7.1600,true,1,113206
7290012116063,false,אל סבון פיות 750 מל,,,"אל סבון ""פיות"" 750 מ",מיליליטרים,750.00,"100 מ""ל",false,1,10.90,1.4533,true,1,35824
7290012116612,false,מברשת שיניים אורביטו,,,מברשת שיניים אורביטול רביעייה,יחידה,4.00,יחידה,false,1,11.90,2.9750,true,1,79479
7290012116629,false,סנו די תחליב דוחה ית,,,"תחליב ""סנו די"" לתינו",מיליליטרים,50.00,"100 מ""ל",false,1,19.90,39.8000,true,1,35840
7290012116674,false,דאודורנט קרמה גל קול,,,"דאודורנט ג""ל CREMA M",מיליליטרים,75.00,"100 מ""ל",false,1,14.90,19.8667,true,1,35845
7290012116704,false,דאודורנט גל פאוור קר,,,דאודורנט גל פאוור קרמה מן 70 מל,מיליליטרים,70.00,"100 מ""ל",false,1,14.90,21.2857,true,1,35847
7290012116735,false,נייר טואלט סנו סופט,,,נייר טואלט סנו סופט גמבו 24 גל,יחידה,1.00,יחידה,false,1,39.90,39.9000,true,1,64679
7290012117091,false,אבקת כביסה סנו מקסימ,,,"אבקת כביסה ""מקסימה ס",גרמים,6000.00,100 גרם,false,1,49.90,0.8317,true,1,35864
7290012117275,false,סנו קליר מילוי 750 מ,,,סנוקליר שקית מילוי 7,מיליליטרים,750.00,"100 מ""ל",false,1,6.90,0.9200,true,1,35866
7290012117411,false,גל רחצה במבוק לגבר ק,,,"ג""ל רחצה ""קרמה מאן""",מיליליטרים,700.00,"100 מ""ל",false,1,18.90,2.7000,true,1,35873
7290012117558,false,מרכך כביסה מרוכז מאס,,,"מרכך ""מקסימה"" סופר מ",מיליליטרים,1000.00,"100 מ""ל",false,1,16.90,1.6900,true,1,35879
7290012117565,false,S כפפות לטקס עם אבקה,,,"כפפות ""סנו סושי"" לטק",Unknown,0.00,Unknown,false,1,29.90,0.0000,true,1,35880
7290012117626,false,מי פה לילדים בוב ספו,,,"מי פה ""אורביטול"" קיד",מיליליטרים,250.00,"100 מ""ל",false,1,11.90,4.7600,true,1,35885
7290012117732,false,מרכך כביסה סנו מקסימ,,,מרכך כביסה סנו מקסימה קול שחור 4 ל,ליטרים,4.00,ליטר,false,1,21.90,5.4750,true,1,35890
7290012117916,false,אינסטלטור נוזלי סנו,,,סנו אינסטלטור נוזלי,ליטרים,1.00,ליטר,false,1,26.90,26.9000,true,1,35897
7290012139482,false,עצם לחוצה מעושנת בצי,,,עצם לחוצה מעושנת בציפוי עוף בונזו גוי,גרמים,160.00,100 גרם,false,1,21.90,13.6875,true,1,109132
7290012139567,false,ביסקוויט עוף בונזו ג,,,ביסקוויט עוף בונזו גוי 90 גר,גרמים,90.00,100 גרם,false,1,15.90,17.6667,true,1,109131
7290012159039,false,פטריות אורניה 440 גר,דליאן,,פטריות אורניה 440 גר,גרמים,440.00,100 גרם,false,1,9.90,2.2500,true,1,95593
7290012159053,false,פטריות שיטאקי 440 גר,דליאן,,פטריות שיטאקי 440 גר,גרמים,440.00,100 גרם,false,1,9.90,2.2500,true,1,95591
7290012159060,false,פטריות נמקו 440 גר,דליאן,,פטריות נמקו 440 גר,גרמים,440.00,100 גרם,false,1,9.90,2.2500,true,1,95594
7290012159077,false,פטריות צדפה 440 גר,דליאן,,פטריות צדפה 440 גר,גרמים,440.00,100 גרם,false,1,9.90,2.2500,true,1,95592
7290012159275,false,מיונז לינה 430 גר,,,מיונז לינה 430 גר,גרמים,430.00,100 גרם,false,1,7.90,1.8372,true,1,99828
7290012159480,false,יין מבעבע קאווה גוטה,,,יין לבן מבעבע קאווה רוטה דה מרוויה 700 מ,מיליליטרים,750.00,"100 מ""ל",false,1,29.90,3.9867,true,1,138894
7290012159497,false,יין מבעבע קאווה גוטה,,,יין לבן מבעבע קאווה רוטה דה מרוויה 700 מ,מיליליטרים,750.00,"100 מ""ל",false,1,29.90,3.9867,true,1,138893
7290012159770,false,קפיר דן 500 מל,,,קפיר דן 0.5 ליטר,מיליליטרים,500.00,"100 מ""ל",false,1,8.90,1.7800,true,1,35932
7290012159787,false,קפיר דן 1 ל,,,קפיר דן 1 ליטר,ליטרים,1.00,ליטר,false,1,14.90,14.9000,true,1,35933
7290012159794,false,ריזנקה דן 1 ל,,,"ריאז""נקה דן 1 ליטר",ליטרים,1.00,ליטר,false,1,14.90,14.9000,true,1,35934
7290012159886,false,תחליף גבינה מותכת דר,,,תחליף גבינה מותכת דרוזבה 100 גר,גרמים,100.00,100 גרם,false,1,4.00,4.0000,true,1,35937
7290012159909,false,תחליף גבינה מותכת ינ,,,תחליף גבינה מותכת ינטאר 100 גר,גרמים,100.00,100 גרם,false,1,4.00,4.0000,true,1,35939
7290012159916,false,תחליף גבינה מותכת ינ,,,תחליף גבינה מותכת ינטאר סלמון 100 גר,גרמים,100.00,100 גרם,false,1,4.00,4.0000,true,1,35940
7290012173059,false,מנצס 350 גר,,,"מנצ""ס 350 ג""ר",גרמים,350.00,100 גרם,false,1,10.90,3.1143,true,1,35946
7290012173189,false,אגוז פקאן 150 גר,,,אגוז פקאן 150 גר,גרמים,150.00,100 גרם,false,1,22.90,15.2667,true,1,52128
7290012173257,false,צימוק כהה 350 גר,,,צימוק כהה 350גר,גרמים,350.00,100 גרם,false,1,12.90,3.6857,true,1,78724
7290012173271,false,שקד טבעי 350 גר,,,שקד טבעי 350 גר,גרמים,350.00,100 גרם,false,1,28.90,8.2571,true,1,114585
7290012173318,false,תבלין פפריקה מתוקה 8,,,תבלין פפריקה מתוקה 80גר,גרמים,80.00,100 גרם,false,1,4.90,6.1250,true,1,80576
7290012173325,false,בוטנים קלופים קופסא,,,בוטנים קלופים קופסא 350 גר,גרמים,350.00,100 גרם,false,1,16.90,4.8286,true,1,136543
7290012173332,false,תבלין פלפל שחור טחון,,,תבלין פלפל שחור טחון 60גר,גרמים,60.00,100 גרם,false,1,4.90,8.1667,true,1,80574
7290012173370,false,תבלין לשווארמה 70 גר,,,תבלין לשווארמה 70גר,גרמים,70.00,100 גרם,false,1,4.90,7.0000,true,1,80579
7290012173394,false,תבלין אורגנו 40 גר,,,תבלין אורגנו 40גר,גרמים,40.00,100 גרם,false,1,4.90,12.2500,true,1,80569
7290012173400,false,תבלין זעתר ביתי 70 ג,,,תבלין זעתר ביתי 70גר,גרמים,70.00,100 גרם,false,1,4.90,7.0000,true,1,80570
7290012173417,false,תבלין כורכום טחון 70,,,תבלין כורכום טחון 70גר,גרמים,70.00,100 גרם,false,1,4.90,7.0000,true,1,80571
7290012173424,false,תבלין כמון טחון 70 ג,,,תבלין כמון טחון 70גר,גרמים,70.00,100 גרם,false,1,4.90,7.0000,true,1,80572
7290012173448,false,תבלין לדג 70 גר,,,תבלין לדג 70גר,גרמים,70.00,100 גרם,false,1,4.90,7.0000,true,1,80578
7290012173455,false,תבלין לעוף 70 גר,,,תבלין לעוף 70גר,גרמים,70.00,100 גרם,false,1,4.90,7.0000,true,1,80580
7290012173493,false,תערובת אגוזים 300 גר,,,תערובת אגוזים 300 גר,גרמים,300.00,100 גרם,false,1,29.90,9.9667,true,1,138797
7290012173615,false,פקאן סיני 150 גר,,,פקאן סיני 150 גר,גרמים,150.00,100 גרם,false,1,14.90,9.9333,true,1,48676
7290012173745,false,ארבע עונות במטחנה 50,,,ארבע עונות במטחנה 50 גר,גרמים,50.00,100 גרם,false,1,9.90,19.8000,true,1,133955
7290012173752,false,שום מעושן במטחנה 60,,,שום מעושן במטחנה 60 גר,גרמים,60.00,100 גרם,false,1,9.90,16.5000,true,1,133954
7290012173806,false,פלפל שחור שלם במטחנה,,,פלפל שחור שלם במטחנה 60 גר,גרמים,60.00,100 גרם,false,1,9.90,16.5000,true,1,133957
7290012173820,false,אגוז פיסטוק 150 גר,,,אגוז פיסטוק 150 גר,גרמים,150.00,100 גרם,false,1,14.90,9.9333,true,1,75848
7290012173837,false,אגוז קשיו קלוי 170 ג,,,אגוז קשיו קלוי  170 גר,גרמים,170.00,100 גרם,false,1,14.90,8.7647,true,1,75847
7290012173882,false,גרעיני חמניות 350 גר,,,גרעיני חמניות 350 גר,גרמים,350.00,100 גרם,false,1,10.90,3.1143,true,1,77724
7290012173905,false,מעורב פרמיום 350 גר,,,מעורב פרמיום 350 גר,גרמים,350.00,100 גרם,false,1,34.90,9.9714,true,1,111859
7290012173912,false,חמוציות 300 גר,,,חמוציות 300גר,גרמים,300.00,100 גרם,false,1,12.90,4.3000,true,1,78722
7290012173998,false,צימוק בהיר 350 גר,,,צימוק בהיר 350גר,גרמים,350.00,100 גרם,false,1,12.90,3.6857,true,1,78725
7290012191053,false,גפרורים ארוך המנגליס,,,גפרורים ארוך המנגליסט,Unknown,0.00,Unknown,false,1,5.90,0.0000,true,1,121734
7290012193163,false,אל סבון פמילי פרחי ב,אינטרקוסמא,,"אל סבון ""פמילי"" פרחי בר ורוד + משאבה 1ל",מיליליטרים,1000.00,"100 מ""ל",false,1,11.90,1.1900,true,1,48989
7290012226014,false,נקניקיות וינר 800 גר,נקניק נהריה כשר זוגל,,נקניקיות וינר 800 גר,גרמים,800.00,100 גרם,false,1,23.90,2.9875,true,1,35970
7290012226021,false,סלמי מעושן פראג 400,נקניק נהריה כשר זוגל,,סאלמי מעושן פראג 400,גרמים,400.00,100 גרם,false,1,19.90,4.9750,true,1,35971
7290012226120,false,קבנוס 135 גר,נקניק נהריה כשר זוגל,,"קבנוס 135 גר""",גרמים,135.00,100 גרם,false,1,10.90,8.0741,true,1,35975
7290012226922,false,קבנוס בטעם שום 135 ג,נקניק נהריה כשר זוגל,,קבנוס בטעם שום 135 ג,גרמים,135.00,100 גרם,false,1,10.90,8.0741,true,1,35979
7290012226939,false,קבנוס עם צילי חריף 1,נקניק נהריה כשר זוגל,,"קבנוס בטעם צ""ילי 135",גרמים,135.00,100 גרם,false,1,10.90,8.0741,true,1,35980
7290012226991,false,נקניקיות גמבו זוגלוב,נקניק נהריה כשר זוגל,,"נקניקיות ג""מבו 1.5 ק",קילוגרמים,1.50,"ק""ג",false,1,26.90,17.9333,true,1,35986
7290012227400,false,נקניקיות עוף 800 גר,נקניק נהריה כשר זוגל,,נקניקיות עוף 800 גר,גרמים,800.00,100 גרם,false,1,23.90,2.9875,true,1,53208
7290012227912,false,קבנוס מעודן 135 גר,,,קבנוס מעודן 135 גר,גרמים,135.00,100 גרם,false,1,10.90,8.0741,true,1,108843
7290012228124,false,קבנוס סטיקס זוגלובק,,,קבנוס סטיקס זוגלובק 50 גר,גרמים,50.00,100 גרם,false,1,10.90,21.8000,true,1,111620
7290012228728,false,קבנוסטיקס בטעם מקסיק,,,קבנוסטיקס בטעם מקסיקני 50 גר,גרמים,50.00,100 גרם,false,1,10.90,21.8000,true,1,123059
7290012251047,false,קבנוס כפרי 250 גר,,,קבנוס כפרי 250 גר,גרמים,250.00,100 גרם,false,1,19.90,7.9600,true,1,102254
7290012251146,false,מיני סרוולט קופצסקי,ישרקו שיווק מותגי מז,,מיני סרוולט קופציסקי 280 גר,גרמים,280.00,100 גרם,false,1,31.90,11.3929,true,1,79951
7290012251160,false,מיני סרוולט קרמליובס,ישרקו שיווק מותגי מז,,מיני סרוולט קרמליובסקי 360גר,גרמים,360.00,100 גרם,false,1,35.90,9.9722,true,1,79950
7290012251177,false,מיני סרוולט איטלקי 4,ישרקו שיווק מותגי מז,,מיני סרוולט איטלקי 400גר,גרמים,400.00,100 גרם,false,1,49.90,12.4750,true,1,79949
7290012251481,false,שרימפס מקולף 31-40 5,,,שרימפס מקולף 31/40 500גר,גרמים,500.00,100 גרם,false,1,39.90,7.9800,true,1,76071
7290012251498,false,שרימפס מקולף 41-50 5,,,שרימפס מקולף 41/50 500גר,גרמים,500.00,100 גרם,false,1,39.90,7.9800,true,1,76067
7290012306501,false,פריכיות כוסמת 150 גר,כל בו מכבי,,פריכיות כוסמת 150גר,גרמים,150.00,100 גרם,false,1,13.90,9.2667,true,1,77185
7290012306532,false,פריכיות כוסמת עם מלח,כל בו מכבי,,פריכיות כוסמת עם מלח 150גר,גרמים,150.00,100 גרם,false,1,13.90,9.2667,true,1,79749
7290012306587,false,ברבריס מאיין 25 גר,PROFAGROTECHNIKA,,ברבריס מאיין 25גר,גרמים,25.00,100 גרם,false,1,10.90,43.6000,true,1,79746
7290012306723,false,אורז עגול לאוש פלוב,,,אורז עגול לאוש פלוב 1 קג,קילוגרמים,1.00,"ק""ג",false,15,17.90,17.9000,true,1,131505
7290012309311,false,ערמונים קלופים שלמים,,,ערמונים קלופים שלמים 100 גר,גרמים,100.00,100 גרם,false,1,6.90,6.9000,true,1,140708
7290012309939,false,חלווה מסולסלת ששון ה,,,חלווה מסולסלת ששון הקולה 500 גר,גרמים,500.00,100 גרם,false,1,14.90,2.9800,true,1,118462
7290012313394,false,מלפפון קוביות במלח 5,,,מלפפון קוביות במלח 560 גר,גרמים,560.00,100 גרם,false,1,4.90,0.8750,true,1,138609
7290012313554,false,עלי גפן ממולאים יבנה,,,עלי גפן ממולאים יבנה 400 גר,גרמים,400.00,100 גרם,false,1,7.90,1.9750,true,1,116148
7290012362026,false,עוגות בזה 500 גר,קונסטנטין שיווק מוצר,,עוגות בזה,גרמים,500.00,100 גרם,false,1,44.90,8.9800,true,1,36069
7290012362064,false,עוגות קוברינסקי עגול,קונסטנטין שיווק מוצר,,עוגות קוברינסקי עגולות 900גר,גרמים,900.00,100 גרם,false,1,89.90,9.9889,true,1,78388
7290012362088,false,עוגיות פרופיטרול 500,,,עוגיות פרופיטרול 500 גר,גרמים,500.00,100 גרם,false,1,44.90,8.9800,true,1,118376
7290012362095,false,גליליות בצק עלים במי,,,גליליות בצק עלים 400 גר,גרמים,350.00,100 גרם,false,1,44.90,12.8286,true,1,118377
7290012404955,false,נקטר חמוציות ספרינג,"יפאורה תבורי בע""מ",,נקטר ספרינג קולקשן,מיליליטרים,1250.00,"100 מ""ל",false,1,12.90,1.0320,true,1,36096
7290012404993,false,נקטר חמוציות דייט ספ,"יפאורה תבורי בע""מ",,נקטר ספרינג קולקשן,מיליליטרים,1250.00,"100 מ""ל",false,1,12.90,1.0320,true,1,36099
7290012475306,false,מיץ תפוזים אורגני גר,,,מיץ תפוזים אורגני גרין פילד 1 ל,ליטרים,1.00,ליטר,false,1,19.90,19.9000,true,1,138328
7290012483011,false,פולי סויה קפואים 1 ק,,,פולי סויה קפואים 1 קג,קילוגרמים,1.00,"ק""ג",false,1,15.90,15.9000,true,1,50942
7290012576348,false,יין ספיישל שרדונה 75,,,"יין ספיישל שרדונה 750 מ""ל",מיליליטרים,750.00,"100 מ""ל",false,1,74.90,9.9867,true,1,128246
7290012576362,false,יין ספיישל רזרב קברנ,,,"יין ספיישל רזרב קברנה סוביניון 750 מ""ל",מיליליטרים,750.00,"100 מ""ל",false,1,74.90,9.9867,true,1,99749
7290012576607,false,יין פרימייר קברנה סו,,,יין פרימייר קברנה סוביניון ומלבק 750מל,מיליליטרים,750.00,"100 מ""ל",false,1,27.90,3.7200,true,1,76255
7290012576614,false,יין פרימייר ריזלינג,,,יין פרימייר ריזלינג קולומברד 750מל,מיליליטרים,750.00,"100 מ""ל",false,1,27.90,3.7200,true,1,76256
7290012588242,false,מים מינרליים כדורגל,,,"מים מינרליים כדורגל 500 מ""ל שישייה",מיליליטרים,3000.00,"100 מ""ל",false,1,14.90,0.4967,true,1,113015
7290012594007,false,לחם שיפון/כפרי 650 ג,,,לחם שיפון/כפרי 650גר,גרמים,650.00,100 גרם,false,1,15.90,2.4462,true,1,48781
7290012594014,false,לחם שיפון פרוס 650 ג,,,לחם שיפון פרוס 650גר,גרמים,650.00,100 גרם,false,1,15.90,2.4462,true,1,48929
7290012594038,false,לחם ביאנקו 500 גר,,,לחם ביאנקו 500 גר,גרמים,500.00,100 גרם,false,1,12.90,2.5800,true,1,48524
7290012602627,false,דבש יערה 500 גר,,,"דבש יערה 500 גר""",גרמים,500.00,100 גרם,false,1,31.90,6.3800,true,1,80982
7290012642036,false,ספגטי לה פסטה 400 גר,,,ספגטי לה פסטה 400גר,גרמים,400.00,100 גרם,false,1,3.90,0.9750,true,1,78059
7290012642586,false,ערמונים קלופים 100 ג,Tangshan huiyuan foo,,ערמונים קלופים 100 גר,גרמים,10000.00,100 גרם,false,1,6.90,0.0690,true,1,73996
7290012645174,false,גבינת עיזים 200 גר,,,גבינת עיזים 200 גר,גרמים,200.00,100 גרם,false,1,13.90,6.9500,true,1,140238
7290012645297,false,יוגורט עיזים חלב האר,שטראוס,,יוגורט עיזים חלב הארץ בטעם טבעי 150 גר,גרמים,150.00,100 גרם,false,1,5.20,3.4667,true,1,103439
7290012697081,false,סוכרזית מהטבע סטיווי,"סוכרזית בע""מ",,סוכרזית מהטבע סטיוויה 100 שק,Unknown,0.00,Unknown,false,1,29.90,0.0000,true,1,49518
7290012697388,false,סוכרזית סטיוויה 100,"סוכרזית בע""מ",,"סוכרזית ""סטיוויה ""אבקה",יחידה,1.00,יחידה,false,1,29.90,29.9000,true,1,47719
7290012803055,false,ממתיק על בסיס סוכרלו,קיפל,,"סוכרלוז ""מרמולייט"" 1",Unknown,0.00,Unknown,false,1,26.90,0.0000,true,1,36270
7290012803215,false,טוסו וופל בלגי בטעם,גילרו,,טוסו וופל בלגי בטעם שוקולד 200 גר,גרמים,200.00,100 גרם,false,1,9.90,4.9500,true,1,51243
7290012803222,false,טוסו וופל בלגי בטעם,גילרו,,טוסו וופל בלגי בטעם לימון 200 גר,גרמים,200.00,100 גרם,false,1,9.90,4.9500,true,1,51244
7290012803765,false,טוסו שוקולד מריר 100,ALTINMARKA,,טוסו שוקולד מריר 100 גר,גרמים,100.00,100 גרם,false,1,10.90,10.9000,true,1,51241
7290012803789,false,טוסו שוקולד מריר עם,ALTINMARKA,,טוסו שוקולד מריר עם אגוזים 100 גר,גרמים,100.00,100 גרם,false,1,10.90,10.9000,true,1,108933
7290012803796,false,טוסו שוקולד חלב עם א,ALTINMARKA,,טוסו שוקולד חלב עם אגוזים 100 גר,גרמים,100.00,100 גרם,false,1,10.90,10.9000,true,1,51242
7290012823374,false,מטליות לניקוי כללי ס,,,"מטליות לניקוי כללי """,Unknown,0.00,Unknown,false,1,10.90,0.0000,true,1,36310
7290012823398,false,מטליות לחות לניקוי ה,,,ריצפז מטליות לחות לניקוי הרצפה בניחוח מר,Unknown,0.00,Unknown,false,1,10.90,0.0000,true,1,108871
7290012823541,false,מטליות ריצפז פרש בני,,,ריצפז פרש מטליות ינק,Unknown,0.00,Unknown,false,1,10.90,0.0000,true,1,36313
7290012823923,false,מרכך כביסה מרוכז פרפ,,,"מרכך כביסה ""מקסימה""",מיליליטרים,750.00,"100 מ""ל",false,1,17.90,2.3867,true,1,36336
7290012850035,false,מחית לתינוקות בלווד,,,מחית לתינוקות בלווד תפוח ואפרסק 190 גר,גרמים,190.00,100 גרם,false,1,5.90,3.1053,true,1,116251
7290012850073,false,מחית לתינוקות בלווד,,,מחית לתינוקות בלווד סלט פירות 190 גר,גרמים,190.00,100 גרם,false,1,5.90,3.1053,true,1,116252
7290012887017,false,עוגת שמרים 390 גר,,,עוגת שמרים 390 גר,גרמים,390.00,100 גרם,false,1,19.90,5.1026,true,1,36346
7290012887031,false,עוגיות מזורקה באריזה,,,עוגיות מזורקה באריזה,גרמים,270.00,100 גרם,false,1,24.90,9.2222,true,1,126872
7290012899591,false,מלפפון אלפא 7-9 670,,,"מלפפון ""אלפא"" 7-9 670גר",גרמים,670.00,100 גרם,false,1,7.90,1.1791,true,1,48729
7290012899607,false,מלפפון אלפא 10-12 67,,IL,"מלפפון ""אלפא"" 10.-12 670גר",גרמים,670.00,100 גרם,false,12,7.90,1.1791,true,1,48730
7290012899874,false,מלפפון אלפא בחומץ 67,,IL,מלפפון אלפא בחומץ 670 גר,גרמים,670.00,100 גרם,false,12,7.90,1.1791,true,1,128517
7290012901355,false,ארוחת אטריות נודלס ע,,,ארוחת אטריות נודלס עם גבינה 206 גר,גרמים,206.00,100 גרם,false,1,12.90,6.2621,true,1,118250
7290012911088,false,רוטב סויה בהירה 500,,,רוטב סויה בהירה 500 מל,מיליליטרים,500.00,"100 מ""ל",false,6,15.90,3.1800,true,1,127269
7290012911156,false,רוטב טריאקי שומשום 3,קיי.אר.אס.ספייסי פוד,,רוטב טריאקי שומשום 300 מל,מיליליטרים,300.00,"100 מ""ל",false,6,14.90,4.9667,true,1,99265
7290012911187,false,מיסו בהיר 500 גר,,,מיסו בהיר 500 גר,גרמים,500.00,100 גרם,false,10,13.90,2.7800,true,1,108129
7290012911255,false,שיכר שזיפים עם פרי 7,,,שיכר שזיפים עם פרי 750 מל,מיליליטרים,750.00,"100 מ""ל",false,8,39.90,5.3200,true,1,126301
7290012911262,false,מירין משובח 500 מל,,,מירין משובח 500 מל,מיליליטרים,500.00,"100 מ""ל",false,1,19.90,3.9800,true,1,127828
7290012911293,false,דפי אורז 300 גר,סאפוקו פודסטאף,,דפי אורז 300 גר,גרמים,300.00,100 גרם,false,10,14.90,4.9667,true,1,99269
7290012911422,false,ממרח קארי אדום 400 ג,,,ממרח קארי אדום 400 גר,גרמים,400.00,100 גרם,false,6,19.90,4.9750,true,1,108480
7290012911477,false,קרם קוקוס 400 מל,אסיאטיק אגרו אינדסטר,,קרם קוקוס 400 מל,מיליליטרים,400.00,"100 מ""ל",false,24,10.90,2.7250,true,1,99270
7290012911675,false,פטריות שטאקי 85 גר,,,פטריות שטאקי 85 גר,גרמים,85.00,100 גרם,false,1,18.90,22.2353,true,1,107700
7290012911729,false,גינגיר לסושי 250 גר,,,גינגיר לסושי 250 גר,גרמים,250.00,100 גרם,false,6,9.90,3.9600,true,1,76033
7290012911804,false,שמן שומשום 150 מל,גואנגדונג גוד טייסט,,שמן שומשום 150 מל,מיליליטרים,150.00,"100 מ""ל",false,12,13.90,9.2667,true,1,99755
7290012911941,false,רוטב צילי מתוק ללא ס,,,רוטב צילי מתוק ללא סוכר 700 מל,מיליליטרים,700.00,"100 מ""ל",false,6,20.90,2.9857,true,1,114237
7290012911965,false,גינגיר לסושי ללא צבע,,,גינגיר לסושי ללא צבע 250 גר,גרמים,250.00,100 גרם,false,6,9.90,3.9600,true,1,109325
7290012921025,false,בירת אייל בהירה מלכה,,,"בירה ""מלכה"" בהירה 330 מ""ל",מיליליטרים,330.00,"100 מ""ל",false,1,13.90,4.2121,true,1,36366
7290012921032,false,בירת אייל אדמונית 5.,,,"בירה ""מלכה"" אדמונית",מיליליטרים,330.00,"100 מ""ל",false,1,13.90,4.2121,true,1,36367
7290012921070,false,בירה מלכה אדמונית 75,,,בירה מלכה אדמונית 750 מל,מיליליטרים,750.00,"100 מ""ל",false,1,29.90,3.9867,true,1,130333
7290012921087,false,בירה מלכה בהירה 750,,,בירה מלכה בהירה 750 מל,מיליליטרים,750.00,"100 מ""ל",false,1,29.90,3.9867,true,1,130332
7290012938580,false,משחת שיניים סנסודיין,,,משחת שיניים סנסודיין הלבנה עדינה  75 מל,מיליליטרים,75.00,"100 מ""ל",false,1,20.90,27.8667,true,1,105723
7290012938597,false,משחת שיניים סנסודיין,,,משחת שיניים סנסודיין רפיד רליף 75 מל,מיליליטרים,75.00,"100 מ""ל",false,1,22.90,30.5333,true,1,119328
7290012956058,false,ערק אל פאשא 45% 750,,,"ערק אל פאשא 45% 750 מ""ל",מיליליטרים,750.00,"100 מ""ל",false,1,59.90,7.9867,true,1,36383
7290012956188,false,ערק קעואר כחול 43% 7,,,"ערק כחול 43% 700 מ""ל",מיליליטרים,700.00,"100 מ""ל",false,1,59.90,8.5571,true,1,50232
7290012956737,false,ערק גלילי משובח 700,,,ערק גלילי משובח,מיליליטרים,700.00,"100 מ""ל",false,1,59.90,8.5571,true,1,133886
7290012956782,false,קוקטייל על בסיס ערק,,,קוקטייל על בסיס ערק ואננס טבעי 500 מל,מיליליטרים,500.00,"100 מ""ל",false,1,59.90,11.9800,true,1,133889
7290012956829,false,יין לבן חצי יבש גליל,,,יין לבן חצי יבש גלילי 750 מל,מיליליטרים,750.00,"100 מ""ל",false,1,39.90,5.3200,true,1,134383
7290012956843,false,יין אדום יבש גלילי 7,,,יין אדום יבש גלילי 750 מל,מיליליטרים,750.00,"100 מ""ל",false,1,39.90,5.3200,true,1,134385
7290012956850,false,יין אדום יבש גלילי 7,,,יין אדום יבש גלילי 750 מל,מיליליטרים,750.00,"100 מ""ל",false,1,39.90,5.3200,true,1,134384
7290012962448,false,מדליק פחם נוזלי איזי,איזי לייט,,מדליק פחם נוזלי איזי לייט 250מל,מיליליטרים,250.00,"100 מ""ל",false,1,15.90,6.3600,true,1,76482
7290012962493,false,אטב איטלקי מחוזק הוס,הוסטס,,אטב איטלקי מחוזק הוסטס 36יח,יחידה,1.00,יחידה,false,1,16.90,16.9000,true,1,77177
7290012962561,false,קיסמי שיניים 500 יח,הוסטס,,קיסמי שיניים 500יח,יחידה,1.00,יחידה,false,1,4.90,4.9000,true,1,78111
7290012962592,false,מדליק פחם אקולוגי 32,איזי לייט,,מדליק פחם אקולוגי 32 יח 165 גר,גרמים,165.00,100 גרם,false,1,9.90,6.0000,true,1,80384
7290012962974,false,כפיות הוסטס עבה במיו,F.P.S,,כפיות הוסטס עבה במיוחד 50 יח,Unknown,0.00,Unknown,false,1,8.90,0.0000,true,1,97774
7290012971815,false,מעדן בשר בסגנון ארגנ,,,טושנקה ברווז עם שזיפים 400 גר,גרמים,400.00,100 גרם,false,1,19.90,4.9750,true,1,111135
7290012996610,false,טבליות לניקוי אסלה 1,בודיך,,טבליות לניקוי אסלה 14 יח,גרמים,400.00,100 גרם,false,1,14.90,3.7250,true,1,106021
7290012996702,false,גל מגן עש לבגדים הפי,רלוי,,גל מגן עש לבגדים הפי 2 יח,Unknown,0.00,Unknown,false,1,11.90,0.0000,true,1,106011
7290013038432,false,אקווה נובה 2 ל,,,אקווה נובה 2 ליטר,מיליליטרים,2000.00,"100 מ""ל",false,1,3.90,0.1950,true,1,36428
7290013080691,false,מרשמלו 150 גר,,,מרשמלו 150 גר,גרמים,150.00,100 גרם,false,1,7.90,5.2667,true,1,139543
7290013083678,false,מטרנה אקסטרה קר שלב,מטרנה,,מטרנה אקסטרה קר שלב,גרמים,700.00,100 גרם,false,1,59.90,8.5571,true,1,36434
7290013083685,false,מטרנה אקסטרה קר שלב,מטרנה,,מטרנה אקסטרה קר שלב,גרמים,700.00,100 גרם,false,1,59.90,8.5571,true,1,36435
7290013083999,false,חול קריסטלי לחתולים,,,חול קריסטלי לחתולים,ליטרים,3.80,ליטר,false,1,34.90,9.1842,true,1,36437
7290013107015,false,ממרח בטעם כבד קלאסי,,,ממרח בטעם כבד קלאסי 130 גר,גרמים,130.00,100 גרם,false,1,6.90,5.3077,true,1,142605
7290013107022,false,ממרח בטעם כבד עם שום,,,ממרח בטעם כבד עם שום 130 גר,גרמים,130.00,100 גרם,false,1,6.90,5.3077,true,1,142606
7290013107039,false,ממרח בטעם כבד עם פטר,,,ממרח בטעם כבד עם פטריות 130 גר,גרמים,130.00,100 גרם,false,1,6.90,5.3077,true,1,142607
7290013116130,false,מארז פריכיות אורז 26,,,מארז פריכיות אורז 265 גר,גרמים,265.00,100 גרם,false,1,11.90,4.4906,true,1,36451
7290013117410,false,בצק פריך מתוק 900 גר,,,בצק פריך מתוק 900 גר,גרמים,900.00,100 גרם,false,1,19.90,2.2111,true,1,36468
7290013117427,false,בצק פריך מלוח 900 גר,,,בצק פריך מלוח 900 גר,גרמים,900.00,100 גרם,false,1,19.90,2.2111,true,1,36469
7290013117526,false,בצק שמרים למאפים מתו,,,בצק שמרים למאפים מתוקים  900 גר,גרמים,900.00,100 גרם,false,1,19.90,2.2111,true,1,36474
7290013153418,false,מיץ פריגת סחוט לימונ,,,מיץ פריגת סחוט לימונענע 1 ל,ליטרים,1.00,ליטר,false,1,18.90,18.9000,true,1,97779
7290013153593,false,רכז פריגת תפוזים מתק,,,רכז פריגת תפוזים מתקתק 1 ל,ליטרים,1.00,ליטר,false,1,13.90,13.9000,true,1,107742
7290013187215,false,פילה סלמון מנות קפוא,,,פילה סלמון מנות קפוא 800 גר,גרמים,800.00,100 גרם,false,,89.90,11.2375,true,1,135345
7290013220042,false,מיקס פירות טרופיים 5,,,מיקס פירות טרופיים 500גר,גרמים,500.00,100 גרם,false,1,24.90,4.9800,true,1,55182
7290013220103,false,דובדבן 500 גר,,,דובדבן 500 גר,גרמים,500.00,100 גרם,false,1,19.90,3.9800,true,1,55177
7290013220110,false,פטל אדום קפוא 500 גר,,,פטל אדום קפוא 500 גר,גרמים,500.00,100 גרם,false,1,29.90,5.9800,true,1,55170
7290013220127,false,דומדמניות שחורות 500,,,דומדמניות שחורות 500 גר,גרמים,500.00,100 גרם,false,1,19.90,3.9800,true,1,55179
7290013220134,false,מיקס פירות שדה 500 ג,,,מיקס פירות שדה 500 גר,גרמים,500.00,100 גרם,false,1,19.90,3.9800,true,1,55180
7290013220196,false,אוכמניות צהובות אובל,,,אוכמניות צהובות אובלפיחה 400 גר,גרמים,400.00,100 גרם,false,1,29.90,7.4750,true,1,75040
7290013220905,false,אוכמניות אדומות 400,,,אוכמניות אדומות 400 גר,גרמים,400.00,100 גרם,false,1,29.90,7.4750,true,1,55176
7290013220929,false,אוכמניות כחולות 400,,,אוכמניות כחולות 400 גר,גרמים,400.00,100 גרם,false,1,29.90,7.4750,true,1,55175
7290013220981,false,אוכמניות שחורות 400,,,אוכמניות שחורות 400 גר,גרמים,400.00,100 גרם,false,1,29.90,7.4750,true,1,55174
7290013221001,false,אננס קפוא 500 גר,,,אננס קפוא 500 גר,גרמים,500.00,100 גרם,false,1,24.90,4.9800,true,1,115600
7290013221018,false,מנגו קפוא 500 גר,,,מנגו קפוא 500 גר,גרמים,500.00,100 גרם,false,1,24.90,4.9800,true,1,115601
7290013267665,false,מאגדת מיני סולרו טרו,,,מאגדת מיני סולרו טרופי 295 גר,גרמים,295.00,100 גרם,false,1,23.90,8.1017,true,1,50332
7290013268020,false,מרכך כביסה מרוכז אול,,,"מרכך כביסה ""מקסימה""",מיליליטרים,1000.00,"100 מ""ל",false,1,16.90,1.6900,true,1,36610
7290013268242,false,ריצפז פרש הום מלון מ,,,ריצפז פרש הום מלון מפנק 2 ל,ליטרים,2.00,ליטר,false,8,19.90,9.9500,true,1,125795
7290013268839,false,פוליויקס פרקט בניחוח,,,סנו פוליויקס פרקט בניחוח מלון חלומי 2 ל,ליטרים,2.00,ליטר,false,1,19.90,9.9500,true,1,115061
7290013268891,false,גל להסרת כתמים סנו א,,,"סנו ג""ל ""אוקסיג""ן"" 3",ליטרים,3.00,ליטר,false,1,26.90,8.9667,true,1,36652
7290013268907,false,גל כביסה מרוכז ביו ס,,,"ג""ל כביסה ""מקסימה"" ק",ליטרים,3.00,ליטר,false,1,28.90,9.6333,true,1,36653
7290013268983,false,מרכך מקסימה מרוכז בב,,,מרכך מקסימה מרוכז בבישום עוצמתי 1 ל,ליטרים,1.00,ליטר,false,1,16.90,16.9000,true,1,134254
7290013269263,false,גל כביסה מקסימה קריס,,,"ג""ל כביסה ""מקסימה"" קריסטל 3 ל",מיליליטרים,3000.00,"100 מ""ל",false,1,28.90,0.9633,true,1,36668
7290013269287,false,גל כביסה מקסימה מאסק,,,"ג""ל כביסה ""מקסימה"" מאסק 3 ל",Unknown,0.00,Unknown,false,1,28.90,0.0000,true,1,52518
7290013269300,false,סנו סושי ניילון נצמד,,,"ניילון נצמד + ""סנו סושי"" 150 מ",Unknown,0.00,Unknown,false,1,24.90,0.0000,true,1,52460
7290013269348,false,K- פיתיון קוטל תיקני,,,קוטל חרקים תחנת פיתיון 4 יח סנו K3,Unknown,0.00,Unknown,false,6,49.90,0.0000,true,1,122174
7290013269621,false,תרכיז לניקוי רצפות ס,,,תרכיז לניקוי רצפות סנו ריצפז פרש הום 2ל,ליטרים,2.00,ליטר,false,8,19.90,9.9500,true,1,117100
7290013269638,false,ספוג הפלא אקסטרה סנו,,,"ספוג הפלא אקסטרה ""סנו סושי",Unknown,0.00,Unknown,false,1,10.90,0.0000,true,1,52461
7290013269645,false,מטליות לחות לרצפה,,,"מטליות לחות לרצפה ""ריצפז פרש"" מאסק",Unknown,0.00,Unknown,false,1,10.90,0.0000,true,1,54979
7290013269751,false,מטליות לחות לניקוי,,,ריצפז מטליות לחות לניקוי הרצפה בניחוח מל,Unknown,0.00,Unknown,false,12,10.90,0.0000,true,1,117099
7290013276124,false,בירה נגב אמבר אייל 3,,,"בירה נגב אמבר אייל 330 מ""ל",מיליליטרים,330.00,"100 מ""ל",false,1,13.90,4.2121,true,1,120050
7290013284310,false,רוטב פסטה פריניר ליל,פריניר,,רוטב פסטה פריניר לילדים 240 גר,גרמים,240.00,100 גרם,false,1,5.90,2.4583,true,1,105515
7290013284662,false,רוטב פיצה פריניר פית,פריניר,,רוטב פיצה פריניר פיתה 240 גר,גרמים,240.00,100 גרם,false,1,5.90,2.4583,true,1,105516
7290013310019,false,קסמי שיניים רפואיים,הוסטס,,קסמי שיניים רפואיים,Unknown,0.00,Unknown,false,1,7.90,0.0000,true,1,36680
7290013310064,false,חוט דנטאלי רפואי עם,הוסטס,,חוט דנטאלי רפואי עם,Unknown,0.00,Unknown,false,1,8.90,0.0000,true,1,36681
7290013310118,false,ממחטות כיס תלת שכבתי,V.P.CO,,ממחטות כיס תלת שכבתי פנטזיה שישייה,Unknown,0.00,Unknown,false,1,5.90,0.0000,true,1,103344
7290013310163,false,מדליק פחם מוצק איזי,איזי לייט,,מדליק פחם מוצק איזי לייט 40יח,יחידה,1.00,יחידה,false,1,9.90,9.9000,true,1,78110
7290013310477,false,שיפודי במבוק גימבו ש,הוסטס,,שיפודי במבוק גימבו שטוחים 25יח,יחידה,25.00,יחידה,false,1,8.90,0.3560,true,1,79343
7290013358356,false,פירורי לחם מנה מוזהב,EinatFood,,"פירורי לחם ""מנה""מוזהבים 350 גר",גרמים,320.00,100 גרם,false,1,6.90,2.1563,true,1,50110
7290013358363,false,פירורי לחם מנה פנקו,Mana,,"פירורי לחם ""מנה"" פנקו מוזהבים 300 גר",גרמים,300.00,100 גרם,false,1,9.90,3.3000,true,1,50111
7290013358448,false,קרוטונים מנה לסלט אק,EinatFood,,קרוטונים מנה לסלט אקסטרא ארוכים 200גר,גרמים,200.00,100 גרם,false,1,11.90,5.9500,true,1,79154
7290013358462,false,מיני קרוטונים למרק מ,EinatFood,,מיני קרוטונים למרק מנה שום בצל 350גר,גרמים,350.00,100 גרם,false,1,18.90,5.4000,true,1,79430
7290013358530,false,רוטב צילי מתוק מאסטר,,,רוטב צילי מתוק מאסטר שף 700מל,מיליליטרים,700.00,"100 מ""ל",false,1,12.90,1.8429,true,1,81033
7290013358585,false,נודלס ביצים מאסטר שף,,,נודלס ביצים מאסטר שף 400גר,גרמים,400.00,100 גרם,false,1,9.90,2.4750,true,1,81031
7290013361981,false,ציפס פרי הגליל 2 קג,"פרי הגליל בע""""מ",,"ציפס קייטרינג ק""ג",קילוגרמים,2.00,"ק""ג",false,1,21.90,10.9500,true,1,47726
7290013381088,false,עמבה הודית 500 גר,,,עמבה הודית 500 גר,גרמים,500.00,100 גרם,false,1,9.90,1.9800,true,1,109144
7290013381194,false,פותח סתימות 220 גר,סטרוכם,,פותח סתימות 220 גרם,גרמים,220.00,100 גרם,false,1,12.90,5.8636,true,1,36722
7290013381217,false,גפרון ארוך,י.ד. יבוא,,גפרון ארוך,Unknown,0.00,Unknown,false,1,7.90,0.0000,true,1,36723
7290013381545,false,פירורי לחם מוזהבים 8,חטיפים מן הטבע,,פירורי לחם מוזהבים 800גר,גרמים,800.00,100 גרם,false,1,12.90,1.6125,true,1,79838
7290013381767,false,גז למצתים 260 מל,KOZMO,,"גז למצתים 260 מ""ל",Unknown,0.00,Unknown,false,1,9.90,0.0000,true,1,50935
7290013381897,false,טורטית מקמח חיטה 8 י,GRAFER,,טורטית מקמח חיטה 8 יח,גרמים,320.00,100 גרם,false,1,10.90,3.4063,true,1,72971
7290013381972,false,סרדינים בשמן צמחי 12,Erg Conserve Sarl,,סרדינים בשמן צמחי 125 גר,גרמים,125.00,100 גרם,false,1,5.90,4.7200,true,1,96411
7290013381989,false,סרדינים בשמן פלפל חר,Erg Conserve Sarl,,סרדינים בשמן פלפל חריף 125 גר,גרמים,125.00,100 גרם,false,1,5.90,4.7200,true,1,96412
7290013381996,false,סרדינים בשמן זית 125,Erg Conserve Sarl,,סרדינים בשמן זית 125 גר,גרמים,125.00,100 גרם,false,1,5.90,4.7200,true,1,96413
7290013389077,false,טורטיית קמח חיטה 6 י,Azteca foods europe,,טורטיית קמח חיטה 6 יח,גרמים,420.00,100 גרם,false,1,6.90,1.6429,true,1,36744
7290013389176,false,חומץ בלסמי ממודנה 50,Matildica srl,,"חומץ בלסמי ""ממודנה "" 500 מ""ל",מיליליטרים,500.00,"100 מ""ל",false,1,21.90,4.3800,true,1,47767
7290013404510,false,רסק עגבניות 580 גר,,,רסק עגבניות 580 גר,גרמים,580.00,100 גרם,false,1,5.90,1.0172,true,1,99368
7290013411013,false,סלט כרוב 1 קג,,,"סלט כרוב 1 ק""ג",קילוגרמים,1.00,"ק""ג",false,1,19.90,19.9000,true,1,102139
7290013411020,false,סלט כרוב גרוזיני 1 ק,,,"סלט כרוב גרוזיני 1 ק""ג",קילוגרמים,1.00,"ק""ג",false,1,21.90,21.9000,true,1,102143
7290013411037,false,סלט כרוב עם חמוציות,,,"סלט כרוב עם חמוציות  1 ק""ג",קילוגרמים,1.00,"ק""ג",false,1,21.90,21.9000,true,1,102140
7290013411143,false,סלט גזר קוריאני 500,,,סלט גזר קוריאני 500 גר,גרמים,500.00,100 גרם,false,1,16.90,3.3800,true,1,102138
7290013411150,false,מלפפון בייבי 1 קג,,,"מלפפון בייבי 1 ק""ג",קילוגרמים,1.00,"ק""ג",false,1,25.90,25.9000,true,1,102132
7290013411167,false,אבטיח 1 קג,,,"אבטיח 1 ק""ג",קילוגרמים,1.00,"ק""ג",false,1,25.90,25.9000,true,1,102129
7290013411198,false,סלטי אסורטי 1 קג,,,"סלטי אסורטי 1 ק""ג",קילוגרמים,1.00,"ק""ג",false,1,25.90,25.9000,true,1,102130
7290013411204,false,סלט כרוב בולגרי 1 קג,,,"סלט כרוב בולגרי 1 ק""ג",קילוגרמים,1.00,"ק""ג",false,1,24.90,24.9000,true,1,102144
7290013411211,false,עגבניות שרי 1 קג,,,"עגבניות שרי  1 ק""ג",קילוגרמים,1.00,"ק""ג",false,1,25.90,25.9000,true,1,102134
7290013411365,false,גבינת סמוקרלה פרוס 2,,,גבינת סמוקרלה פרוס 200 גר,גרמים,200.00,100 גרם,false,1,19.90,9.9500,true,1,139148
7290013411518,false,גבינה גאודה בקר הולנ,,,גבינה גאודה בקר הולנדית 200 גר,גרמים,200.00,100 גרם,false,1,15.90,7.9500,true,1,132844
7290013411525,false,גבינה אמנטל שוויצרי,,,גבינה אמנטל שוויצרי 200 גר,גרמים,200.00,100 גרם,false,1,19.90,9.9500,true,1,132845
7290013411532,false,גבינה גאודה עיזים הו,,,גבינה גאודה עיזים הולנדית 200 גר,גרמים,200.00,100 גרם,false,1,26.90,13.4500,true,1,132846
7290013411556,false,גבינה צדר כתום אנגלי,,,גבינה צדר כתום אנגלי 200 גר,גרמים,200.00,100 גרם,false,1,22.90,11.4500,true,1,132848
7290013411709,false,מיקס פטריות יער 500,,,מיקס פטריות יער 500 גר,גרמים,500.00,100 גרם,false,1,22.90,4.5800,true,1,141269
7290013411754,false,פטריות שיטאקי 500 גר,,,פטריות שיטאקי 500 גר,גרמים,500.00,100 גרם,false,1,22.90,4.5800,true,1,141268
7290013411778,false,פטריות שמפניון 500 ג,,,פטריות שמפניון 500 גר,גרמים,500.00,100 גרם,false,1,22.90,4.5800,true,1,141266
7290013430090,false,בירה אלכסנדר אמברה 3,,,בירה אלכסנדר אמברה 330 מל,מיליליטרים,330.00,"100 מ""ל",false,1,12.90,3.9091,true,1,108465
7290013430250,false,בירה אלכסנדר חיטה יש,,,בירה אלכסנדר חיטה ישראלית 330 מל,מיליליטרים,330.00,"100 מ""ל",false,1,12.90,3.9091,true,1,132344
7290013451927,false,פריכיות כוסמת ללא מל,,,פריכיות כוסמת ללא מלח 175 גר,גרמים,175.00,100 גרם,false,1,11.90,6.8000,true,1,79040
7290013453624,false,עוגיות קמח שקדים שוק,,,עוגיות קמח שקדים שוקוציפס ללא גלוטן 230,גרמים,230.00,100 גרם,false,1,25.90,11.2609,true,1,128351
7290013456281,false,ערק מלאכי 700 מל,,,"ערק ""מלאכי"" קלאסי 0.7 ל",מיליליטרים,700.00,"100 מ""ל",false,1,59.90,8.5571,true,1,49650
7290013472199,false,ערמונים קלופים וקלוי,הבי ליקואן,,ערמונים קלופים וקלוי 100 גר,גרמים,100.00,100 גרם,false,1,4.90,4.9000,true,1,36781
7290013493002,false,בירה בזלת פילזנר 750,בזלת,,"בזלת פילזנר 750 מ""ל",מיליליטרים,750.00,"100 מ""ל",false,1,27.90,3.7200,true,1,36809
7290013493026,false,בירה בזלת חיטה 750 מ,בזלת,,"בזלת חיטה 750 מ""ל",מיליליטרים,750.00,"100 מ""ל",false,1,27.90,3.7200,true,1,36811
7290013493040,false,בירה בזלת דאבל בוק 7,בזלת,,"בירה ""בזלת דאבל בוק""",מיליליטרים,750.00,"100 מ""ל",false,1,27.90,3.7200,true,1,36813
7290013493064,false,בירה בזלת אייל ענברי,בזלת,,בזלת אייל ענברי 750,מיליליטרים,750.00,"100 מ""ל",false,1,27.90,3.7200,true,1,36814
7290013520029,false,חמישיית לחמניות שומש,,,חמישיית לחמניות שומשום כפולות 600 גר,גרמים,600.00,100 גרם,false,1,15.90,2.6500,true,1,137535
7290013520067,false,לחמניית אצבע 10 יח 7,,,לחמניית אצבע 10 יח 750 גר,גרמים,750.00,100 גרם,false,1,15.90,2.1200,true,1,104059
7290013520111,false,לחמניות המבורגר 6 יח,,,לחמניות המבורגר 6 יח,גרמים,600.00,100 גרם,false,1,14.90,2.4833,true,1,131804
7290013520463,false,לחם בריאות ושובע כוס,,,לחם בריאות ושובע כוסמין 600 גר,גרמים,600.00,100 גרם,false,1,18.90,3.1500,true,1,131803
7290013531117,false,רוטב פסטה לילדים 240,יכין,,"רוטב פסטה לילדים 260 ג""ר",גרמים,240.00,100 גרם,false,1,5.90,2.4583,true,1,51600
7290013531612,false,רוטב עגבניות לפסטה נ,,,רוטב עגבניות לפסטה נפוליטנה יכין 260 גר,גרמים,240.00,100 גרם,false,1,5.90,2.4583,true,1,113116
7290013531629,false,רוטב עגבניות לפסטה פ,,,רוטב עגבניות לפסטה פומודורו יכין 260 גר,גרמים,240.00,100 גרם,false,1,5.90,2.4583,true,1,113115
7290013531759,false,שעועית לבנה במים יכי,יכין,,שעועית אפויה במים,גרמים,550.00,100 גרם,false,1,8.90,1.6182,true,1,96710
7290013542847,false,כוס בירה 50 מל 40 יח,,,כוס בירה 50 מל 40 יח,Unknown,0.00,Unknown,false,1,16.90,0.0000,true,1,130292
7290013585387,false,קוקה קולה זירו 1 ל,קוקה קולה,,קוקה קולה זירו 1ל,ליטרים,1.00,ליטר,false,1,7.50,7.5000,true,1,80496
7290013585394,false,קוקה קולה 1 ל,קוקה קולה,,קוקה קולה 1ל,ליטרים,1.00,ליטר,false,1,7.50,7.5000,true,1,80495
7290013585479,false,קוקה קולה זירו 2 ל,,,קוקה קולה זירו 2ל,ליטרים,2.00,ליטר,false,1,11.50,5.7500,true,1,96637
7290013585967,false,ספרייט זירו פח 330 מ,,,"מארז ספרייט זירו פח 330 מ""ל שישייה",מיליליטרים,1980.00,"100 מ""ל",false,1,23.90,1.2071,true,1,100015
7290013608260,false,מיץ פרימור רימונים 1,"גניר (1992) בע""מ",,מיץ פרימור רימונים 1ל,ליטרים,1.00,ליטר,false,1,24.90,24.9000,true,1,76237
7290013608864,false,מיץ פרימור סחוט פירו,"גניר (1992) בע""מ",,מיץ פרימור סחוט פירות הדר בתוספת ויטמין,ליטרים,1.00,ליטר,false,6,16.90,16.9000,true,1,129182
7290013710215,false,שמן פשתן 250 מל,BETTER FLEX,,שמן פשתן 250מל,מיליליטרים,250.00,"100 מ""ל",false,1,32.90,13.1600,true,1,80704
7290013710222,false,שמן קצח 250 מל,BETTER FLEX,,שמן קצח 250מל,מיליליטרים,250.00,"100 מ""ל",false,1,55.90,22.3600,true,1,80706
7290013710307,false,זרעי פישתן 400 גר,BETTER FLEX,,זרעי פישתן 400גר,גרמים,400.00,100 גרם,false,1,14.90,3.7250,true,1,80718
7290013710314,false,סובין חיטה 200 גר,BETTER FLEX,,סובין חיטה 200גר,גרמים,200.00,100 גרם,false,1,10.90,5.4500,true,1,80712
7290013710338,false,סובין פישתן3 200 גר,BETTER FLEX,,סובין פישתן3 200גר,גרמים,200.00,100 גרם,false,1,10.90,5.4500,true,1,80714
7290013710406,false,זרעי פישתן טחונים 40,BETTER FLEX,,זרעי פישתן טחונים 400גר,גרמים,400.00,100 גרם,false,1,11.90,2.9750,true,1,80719
7290013710734,false,חמאת פשטן 300 גר,BETTER FLEX,,חמאת פשטן 300 גר,גרמים,300.00,100 גרם,false,1,36.90,12.3000,true,1,110345
7290013713001,false,בירה גמס אמבר אייל ב,,,בירה גמס אמבר אייל בק 330 מל,מיליליטרים,330.00,"100 מ""ל",false,1,12.90,3.9091,true,1,131010
7290013713049,false,בירה גמס חזקה בק 330,,,בירה גמס חזקה בק 330 מל,מיליליטרים,330.00,"100 מ""ל",false,1,12.90,3.9091,true,1,112407
7290013713094,false,בירה גמס איי פי איי,,,בירה גמס איי פי איי חזקה בק 330 מל,מיליליטרים,330.00,"100 מ""ל",false,1,12.90,3.9091,true,1,112408
7290013720771,false,שרימפס בייבי 500 גר,,,שרימפס בייבי 500גר,גרמים,500.00,100 גרם,false,1,29.90,5.9800,true,1,76066
7290013720924,false,ממרח פטה אווז 140 גר,,,ממרח פטה אווז 140 גר,גרמים,140.00,100 גרם,false,1,15.90,11.3571,true,1,95457
7290013725639,false,רוטב צילי חריף סו שף,"דין שיווק וקליה בע""מ",,"רוטב צילי חריף סו שף 700 מ""ל",מיליליטרים,700.00,"100 מ""ל",false,1,11.90,1.7000,true,1,118525
7290013725646,false,רוטב צילי מתוק סו שף,"דין שיווק וקליה בע""מ",,"רוטב צילי מתוק סו שף 700 מ""ל",מיליליטרים,700.00,"100 מ""ל",false,1,11.90,1.7000,true,1,118526
7290013847454,false,טונה בשמן קנולה סטאר,,,רביעיית טונה סטארקיס בשמן קנולה 160 גר,גרמים,640.00,100 גרם,false,1,24.90,3.8906,true,1,134242
7290013848017,false,מסיר כתמים סנו נירוס,,,"מסיר כתמים סנו נירוסטה 500 מ""ל",מיליליטרים,500.00,"100 מ""ל",false,1,19.90,3.9800,true,1,115362
7290013848611,false,סנו סושי רדיר אלומינ,,,"רדיד אלומיניום ""סנו סושי"" 61 מטר",Unknown,0.00,Unknown,false,1,36.90,0.0000,true,1,51578
7290013848758,false,גל כביסה מקסימה מרוכ,,,"ג""ל כביסה ""סנו מקסימה"" מרוכז בייבי סנסיט",ליטרים,3.00,ליטר,false,1,29.90,9.9667,true,1,73122
7290013883407,false,ספריי מחטא ומשמיד חי,מרקה,,"חיטוי כללי מרסס דזיטול 750 מ""ל",מיליליטרים,750.00,"100 מ""ל",false,1,14.90,1.9867,true,1,106016
7290013885081,false,יוגורט 1.5 ל,,,יוגורט 1.5 ל,ליטרים,1.50,ליטר,false,1,29.90,19.9333,true,1,119905
7290013885173,false,יוגורט 850 גר,,,יוגורט 850 גר,גרמים,850.00,100 גרם,false,1,18.90,2.2235,true,1,119904
7290013927156,false,עוגת פירות יער ללא ס,אחווה,,עוגת פירות יער ללא סוכר 450 גר,גרמים,450.00,100 גרם,false,1,17.90,3.9778,true,1,50574
7290014002197,false,חליטות תה גן הקסום ק,,,"חליטות תה ""גן הקסום"" קמומיל ולימונית 25",גרמים,38.00,100 גרם,false,1,17.90,47.1053,true,1,50113
7290014002203,false,חליטות תהגן הקסום לי,,,"חליטות תה""גן הקסום"" לימונית לואיזה 25 שק",גרמים,38.00,100 גרם,false,1,17.90,47.1053,true,1,50046
7290014002944,false,תה גן קסום חליטת חמד,,,תה גן קסום חליטת פירות וצמחים 25שק,גרמים,58.00,100 גרם,false,1,17.90,30.8621,true,1,77210
7290014002982,false,תה ירוק ויסוצקי לימו,,,תה ירוק ויסוצקי לימונית לואיזה עלי סטיבי,יחידה,1.00,יחידה,false,1,24.90,24.9000,true,1,75074
7290014046047,false,פסטרמה הודו מעודנת צ,מעדני יחיעם 1993,,פסטרמה הודו מעודנת צבר 600גר,גרמים,600.00,100 גרם,false,1,25.90,4.3167,true,1,75862
7290014046436,false,נשנושי קבנוס 125 גר,מעדני יחיעם 1993,,נשנושי קבנוס 125 גר,גרמים,125.00,100 גרם,false,1,12.90,10.3200,true,1,52864
7290014046474,false,נקניקיות עוף 1.5 קג,,,"נקניקיות עוף 1.5 ק""ג",קילוגרמים,1.50,"ק""ג",false,1,26.90,17.9333,true,1,113327
7290014046580,false,פסטרמה מעודנת על גחל,מעדני יחיעם 1993,,פסטרמה מעודנת על גחלים 300גר,גרמים,300.00,100 גרם,false,1,21.90,7.3000,true,1,79616
7290014066373,false,קפסולות קפה לנדוור א,,IL,קפסולות קפה לנדוור אספרסו קלאסיק 10 יח,Unknown,0.00,Unknown,false,12,16.90,0.0000,true,1,126697
7290014066380,false,קפסולות קפה לנדוור א,,IL,קפסולות קפה לנדוור אספרסו סופרימו 10 יח,Unknown,0.00,Unknown,false,12,16.90,0.0000,true,1,126696
7290014066441,false,קפסולות קפה לנדוור א,,IL,קפסולות קפה לנדוור אספרסו נטול קפאין 10,Unknown,0.00,Unknown,false,12,16.90,0.0000,true,1,126694
7290014066526,false,קפסולות קפה לנדוור א,,IL,קפסולות קפה לנדוור אספרסו תערובת בית 10,Unknown,0.00,Unknown,false,12,16.90,0.0000,true,1,126700
7290014066533,false,קפסולות קפה לנדוור א,,IL,קפסולות קפה לנדוור אספרסו קלייה כפולה 10,Unknown,0.00,Unknown,false,12,16.90,0.0000,true,1,126698
7290014079014,false,לבבות קיסר,ביכורי שדה דרום 2002,,לבבות קיסר,יחידה,1.00,יחידה,false,1,8.90,8.9000,true,1,48297
7290014079847,false,צמד בייבי בלה,,,צמד בייבי בלה,Unknown,0.00,Unknown,false,1,15.50,0.0000,true,1,99562
7290014079854,false,לבבות חסה ארץ הגליל,,,לבבות חסה ארץ הגליל,Unknown,0.00,Unknown,false,1,7.90,0.0000,true,1,99563
7290014088443,false,פירורי לחם מוזהבים 8,,,פירורי לחם מוזהבים 800 גר,גרמים,800.00,100 גרם,false,1,11.90,1.4875,true,1,137835
7290014088719,false,קפה הל סלאח אלדין 25,רג'ואן,IL,קפה הל סלאח אלדין 250 גר,גרמים,250.00,100 גרם,false,24,13.90,5.5600,true,1,116835
7290014088948,false,אבקת קקאו 150 גר,,,אבקת קקאו 150 גר,גרמים,150.00,100 גרם,false,1,7.90,5.2667,true,1,124007
7290014088993,false,סודה לשתיה 1 קג,,,סודה לשתיה 1 קג,קילוגרמים,1.00,"ק""ג",false,15,11.90,11.9000,true,1,128943
7290014094260,false,שיני שום קלופים 170,,,שיני שום קלופים 170 גר,גרמים,170.00,100 גרם,false,1,11.90,7.0000,true,1,111785
7290014094482,false,רוטב צילי חריף אהרונ,"דין שיווק וקליה בע""מ",,"רוטב צילי חריף אהרוני 700 מ""ל",מיליליטרים,700.00,"100 מ""ל",false,1,13.90,1.9857,true,1,118524
7290014094505,false,אורז בסמטי אהרוני די,,,"אורז בסמטי אהרוני דין שיווק וקליה 1 ק""ג",קילוגרמים,1.00,"ק""ג",false,1,9.90,9.9000,true,1,118435
7290014094543,false,תרסיס שמן קנולה 170,,,תרסיס שמן קנולה 170 גר,גרמים,170.00,100 גרם,false,1,13.90,8.1765,true,1,135446
7290014094567,false,שמן זית אהרוני 750 מ,מרינה פטריות הגליל,,"בצל שאלוט 350 גר""",מיליליטרים,750.00,"100 מ""ל",false,1,31.90,4.2533,true,1,80864
7290014094796,false,משמש מיובש ששון הקול,,,משמש מיובש ששון הקולה 300 גר,גרמים,300.00,100 גרם,false,1,17.90,5.9667,true,1,118488
7290014094826,false,שזיפים מיובשים מגולע,"דין שיווק וקליה בע""מ",,שזיפים מיובשים מגולענים ששון הקולה 300 ג,גרמים,300.00,100 גרם,false,1,14.90,4.9667,true,1,118531
7290014094833,false,צימוקים בהירים ששון,"דין שיווק וקליה בע""מ",,צימוקים בהירים ששון הקולה 300 גר,גרמים,300.00,100 גרם,false,1,11.90,3.9667,true,1,118507
7290014094840,false,צימוקים כהים ששון הק,"דין שיווק וקליה בע""מ",,צימוקים כהים ששון הקולה 300 גר,גרמים,300.00,100 גרם,false,1,10.90,3.6333,true,1,118509
7290014094857,false,פקאן סיני מסוכר ששון,"דין שיווק וקליה בע""מ",,פקאן סיני מסוכר ששון הקולה 150 גר,גרמים,150.00,100 גרם,false,1,19.90,13.2667,true,1,118504
7290014094864,false,פיסטוק קלוי ששון הקו,"דין שיווק וקליה בע""מ",,פיסטוק קלוי ששון הקולה 170 גר,גרמים,170.00,100 גרם,false,1,15.90,9.3529,true,1,118495
7290014094895,false,אגוזי מלך קלופים טבע,,,אגוזי מלך קלופים טבעי ששון הקולה 150 גר,גרמים,150.00,100 גרם,false,1,9.90,6.6000,true,1,118431
7290014094901,false,פקאן טבעי ששון הקולה,"דין שיווק וקליה בע""מ",,פקאן טבעי ששון הקולה 150 גר,גרמים,150.00,100 גרם,false,1,19.90,13.2667,true,1,118503
7290014095861,false,שיבולת שועל שקדיה דק,,,שיבולת שועל שקדיה דקה 500 גר,גרמים,500.00,100 גרם,false,1,3.90,0.7800,true,1,105526
7290014095960,false,שיבולת שועל שקדיה עב,,,שיבולת שועל שקדיה עבה 500 גר,גרמים,500.00,100 גרם,false,1,3.90,0.7800,true,1,105527
7290014126428,false,סוכרלוז סטיביה 150 ג,Surel,,סוכרלוז סטיביה 150דג,גרמים,150.00,100 גרם,false,1,29.90,19.9333,true,1,79045
7290014256620,false,יין מבעבע באז קריניא,,,יין בוז קריניאנו 750מל,מיליליטרים,750.00,"100 מ""ל",false,1,29.90,3.9867,true,1,78991
7290014256637,false,יין מבעבע באז מוסקטו,,,יין בוז מוסקטו 750מל,מיליליטרים,750.00,"100 מ""ל",false,1,29.90,3.9867,true,1,78990
7290014318113,false,ניוקי תפוח אדמה ללא,,,ניוקי תפוח אדמה ללא גלוטן 500 גר,גרמים,500.00,100 גרם,false,1,15.90,3.1800,true,1,105086
7290014318137,false,עגבניות מיובשות בשמן,,,עגבניות מיובשות בשמן 285 גר,גרמים,285.00,100 גרם,false,1,19.90,6.9825,true,1,104997
7290014318151,false,ממרח ארטישוק 212 גר,,,ממרח ארטישוק 212 גר,גרמים,212.00,100 גרם,false,1,23.90,11.2736,true,1,105001
7290014318311,false,עגבניות פולפה 400 גר,,,עגבניות פולפה 400 גר שלישייה,גרמים,1200.00,100 גרם,false,1,16.90,1.4083,true,1,104998
7290014318410,false,צלפים 190 גר,,,צלפים 190 גר,גרמים,190.00,100 גרם,false,1,21.90,11.5263,true,1,105214
7290014318458,false,עגבניות פולפה פיניסי,,,עגבניות פולפה פיניסימה 680 גר,גרמים,680.00,100 גרם,false,1,12.90,1.8971,true,1,105249
7290014318519,false,לבבות ארטישוק צעיר ב,,,לבבות ארטישוק צעיר בשמן 285 גר,גרמים,285.00,100 גרם,false,1,29.90,10.4912,true,1,108560
7290014318663,false,חומץ תפוחים אורגני 7,,,"חומץ תפוחים אורגני 750 מ""ל",מיליליטרים,750.00,"100 מ""ל",false,1,17.90,2.3867,true,1,114770
7290014318762,false,מיץ רימונים אורגני 9,,,"מיץ רימונים אורגני 946 מ""ל",מיליליטרים,946.00,"100 מ""ל",false,1,22.90,2.4207,true,1,123720
7290014318861,false,קרם קוקוס אורגני,,,"קרם קוקוס אורגני 18% 250 מ""ל",מיליליטרים,250.00,"100 מ""ל",false,1,10.90,4.3600,true,1,123732
7290014318885,false,מיץ תפוחים ואוכמניות,,,מיץ תפוחים ואוכמניות כחולות אורגני 750,מיליליטרים,750.00,"100 מ""ל",false,1,18.90,2.5200,true,1,125254
7290014397163,false,מטהר אוויר סנו פרש פ,,,מטהר אוויר סנו פרש פלורל הרמוני,מיליליטרים,250.00,"100 מ""ל",false,1,14.90,5.9600,true,1,111618
7290014397279,false,שקיות מזון גדולות 21,,,"שקיות מזון ""סנו סושי"" גדולות במיוחד 300",Unknown,0.00,Unknown,false,1,11.90,0.0000,true,1,51581
7290014397873,false,מרכך כביסה מקסימה גנ,,,מרכך כביסה סנו מקסימה GENTLE BREEZE,ליטרים,4.00,ליטר,false,6,21.90,5.4750,true,1,123756
7290014440463,false,יין מדבר 22 שרדונה 2,,,יין מדבר 22 שרדונה 2020 750 מל,מיליליטרים,750.00,"100 מ""ל",false,1,39.90,5.3200,true,1,139046
7290014440494,false,יין מדבר 22 רוזה 750,,,יין מדבר 22 רוזה 750 מל,מיליליטרים,750.00,"100 מ""ל",false,1,39.90,5.3200,true,1,139048
7290014440548,false,יין מדבר 22 קברנה מר,,,יין מדבר 22 קברנה מרלו 750 מל,מיליליטרים,750.00,"100 מ""ל",false,1,39.90,5.3200,true,1,139047
7290014455245,false,גבינה גרנה פדנו משול,מחלבות גד שיווק 1992,,גבינה גרנה פדנו משולש 200 גר,גרמים,200.00,100 גרם,false,1,22.90,11.4500,true,1,97953
7290014455252,false,גבינה גרנה פדנו מגור,מחלבות גד שיווק 1992,,גבינה גרנה פדנו מגורד 100 גר,גרמים,100.00,100 גרם,false,1,10.90,10.9000,true,1,97954
7290014466463,false,יין הר חרמון מוסקטו,יקב רמת הגולן,,"יין ""הר חרמון"" מוסקטו",Unknown,0.00,Unknown,false,1,32.90,0.0000,true,1,73328
7290014466609,false,יין מרלו גמלא 12 750,,,"יין מרלו גמלא 12 750 מ""ל",מיליליטרים,750.00,"100 מ""ל",false,1,59.90,7.9867,true,1,98818
7290014471412,false,מוזלי בוטנים אגוזי ל,,,מוזלי בוטנים אגוזי לוז שקדים וגרעיני חמ,קילוגרמים,1.00,"ק""ג",false,1,19.90,19.9000,true,1,118473
7290014471429,false,מוזלי צימוק בננה ציפ,,,"מוזלי צימוק בננה ציפס תמר אננס 1 ק""ג",קילוגרמים,1.00,"ק""ג",false,1,19.90,19.9000,true,1,118475
7290014471436,false,מוזלי צימוק תפוח קינ,,,מוזלי צימוק תפוח קינמון וגרעיני חמנייה,קילוגרמים,1.00,"ק""ג",false,1,19.90,19.9000,true,1,118474
7290014471443,false,גרנולה עם צימוקים אג,,,"גרנולה עם צימוקים אגוזים  ושקדים 1 ק""ג",קילוגרמים,1.00,"ק""ג",false,1,21.90,21.9000,true,1,118450
7290014472136,false,גרעיני חמניה קלויים,,,גרעיני חמניה קלויים ששון הקולה 150 גר,גרמים,150.00,100 גרם,false,1,2.90,1.9333,true,1,118458
7290014472228,false,תאנים קופסא 330 גר,"דין שיווק וקליה בע""מ",,תאנים קופסא 330 גר,גרמים,330.00,100 גרם,false,1,19.90,6.0303,true,1,137882
7290014472990,false,ממרח שקדים 100% 300,,,ממרח שקדים 100% 300 גר,גרמים,300.00,100 גרם,false,1,34.90,11.6333,true,1,120271
7290014503137,false,יין דלתון כנען אדום,דלתון,,כנען אדום-דלתון 2015,מיליליטרים,750.00,"100 מ""ל",false,1,39.90,5.3200,true,1,104258
7290014503144,false,יין דלתון כנען לבן 7,דלתון,,כנען לבן-דלתון 2015,מיליליטרים,750.00,"100 מ""ל",false,1,39.90,5.3200,true,1,104259
7290014525573,false,עוגיות מרבה שוקודליס,הלמה הלום בי.וי,,עוגיות מרבה שוקודליס בציפוי שוקולד חלב,גרמים,145.00,100 גרם,false,1,10.80,7.4483,true,1,115642
7290014534650,false,ספגטי לה פסטה צינור,,,ספגטי לה פסטה צינור 400גר,גרמים,400.00,100 גרם,false,1,3.90,0.9750,true,1,78063
7290014534667,false,ספגטי לה פסטה קונכיה,,,ספגטי לה פסטה קונכיה 400גר,גרמים,400.00,100 גרם,false,1,3.90,0.9750,true,1,78060
7290014534674,false,ספגטי לה פסטה פרפר 4,,,ספגטי לה פסטה פרפר 400גר,גרמים,400.00,100 גרם,false,1,3.90,0.9750,true,1,78064
7290014534698,false,ספגטי לה פסטה תלתל 4,,,ספגטי לה פסטה תלתל 400גר,גרמים,400.00,100 גרם,false,1,3.90,0.9750,true,1,78061
7290014534704,false,ספגטי לה פסטה אטריות,,,ספגטי לה פסטה אטריות מרק 400גר,גרמים,400.00,100 גרם,false,1,3.90,0.9750,true,1,78065
7290014603028,false,שלגון סולרו תות 76 ג,,,שלגון סולרו תות 76 גר,גרמים,76.00,100 גרם,false,1,8.90,11.7105,true,1,51354
7290014692565,false,גרעיני תירס מתוק 320,מג'סטיק פוד,,גרעיני תירס מתוק 320 גר,גרמים,320.00,100 גרם,false,1,5.90,1.8438,true,1,53265
7290014692817,false,גבינה מוצרלה מגורדת,איי בי,,גבינה מוצרלה מגורדת 200 גר,גרמים,200.00,100 גרם,false,1,14.90,7.4500,true,1,54336
7290014693005,false,קמח תפוא 500 גר,לוקס פרודקטס,,"קמח תפו""א 500 גר",גרמים,500.00,100 גרם,false,1,9.90,1.9800,true,1,96236
7290014693012,false,סודה לשתייה 1 קג,לוקס פרודקטס,,"סודה לשתייה 1 ק""ג",קילוגרמים,1.00,"ק""ג",false,1,10.90,10.9000,true,1,96237
7290014693036,false,מלח לימון 80 גר,לוקס פרודקטס,,מלח לימון 80 גר,גרמים,80.00,100 גרם,false,1,2.90,3.6250,true,1,96281
7290014693043,false,אבקת סוכר 80 גר,,,אבקת סוכר 80 גר,גרמים,80.00,100 גרם,false,1,2.90,3.6250,true,1,96414
7290014693050,false,סודה לשתייה 80 גר,לוקס פרודקטס,,סודה לשתייה 80 גר,גרמים,80.00,100 גרם,false,1,2.90,3.6250,true,1,96260
7290014693098,false,פירורי לחם זהב 200 ג,לוקס פרודקטס,,פירורי לחם זהב 200 גר,גרמים,200.00,100 גרם,false,1,4.90,2.4500,true,1,96239
7290014693210,false,עלי דפנה 10 גר,,,עלי דפנה 10 גר,גרמים,10.00,100 גרם,false,1,2.90,29.0000,true,1,96415
7290014693227,false,פלפל שחור שלם 10 גר,,,פלפל שחור שלם 10 גר,גרמים,10.00,100 גרם,false,1,2.90,29.0000,true,1,96416
7290014693241,false,פפריקה מתוקה 20 גר,לוקס פרודקטס,,פפריקה מתוקה 20 גר,גרמים,20.00,100 גרם,false,1,2.90,14.5000,true,1,96283
7290014693258,false,קינמון 20 גר,לוקס פרודקטס,,קינמון 20 גר,גרמים,20.00,100 גרם,false,1,2.90,14.5000,true,1,96284
7290014693265,false,כמון 20 גר,לוקס פרודקטס,,כמון 20 גר,גרמים,20.00,100 גרם,false,1,2.90,14.5000,true,1,96285
7290014693272,false,קארי 30 גר,לוקס פרודקטס,,קארי 30 גר,גרמים,30.00,100 גרם,false,1,2.90,9.6667,true,1,96286
7290014693289,false,תבלין קבקזי 30 גר,לוקס פרודקטס,,תבלין קבקזי 30 גר,גרמים,30.00,100 גרם,false,1,2.90,9.6667,true,1,96287
7290014693296,false,טימין 20 גר,לוקס פרודקטס,,טימין 20 גר,גרמים,20.00,100 גרם,false,1,2.90,14.5000,true,1,96288
7290014693302,false,תערובת פלפלים 30 גר,,,תערובת פלפלים 30 גר,גרמים,30.00,100 גרם,false,1,2.90,9.6667,true,1,96417
7290014693319,false,תבלין אוניברסלי 30 ג,לוקס פרודקטס,,תבלין אוניברסלי 30 גר,גרמים,30.00,100 גרם,false,1,2.90,9.6667,true,1,96289
7290014693326,false,פלפל שחור טחון 20 גר,,,פלפל שחור טחון 20 גר,גרמים,20.00,100 גרם,false,1,2.90,14.5000,true,1,96418
7290014693333,false,תבלין לעוף 30 גר,לוקס פרודקטס,,תבלין לעוף 30 גר,גרמים,30.00,100 גרם,false,1,2.90,9.6667,true,1,96290
7290014693340,false,תבלין לכרעיים 30 גר,לוקס פרודקטס,,תבלין לכרעיים 30 גר,גרמים,30.00,100 גרם,false,1,2.90,9.6667,true,1,96291
7290014693357,false,תבלין לבשר טחון 30 ג,לוקס פרודקטס,,תבלין לבשר טחון 30 גר,גרמים,30.00,100 גרם,false,1,2.90,9.6667,true,1,96292
7290014693364,false,תבלין לבשר בקר 30 גר,לוקס פרודקטס,,תבלין לבשר בקר 30 גר,גרמים,30.00,100 גרם,false,1,2.90,9.6667,true,1,96293
7290014693371,false,תבלין לשישליק 30 גר,לוקס פרודקטס,,תבלין לשישליק 30 גר,גרמים,30.00,100 גרם,false,1,2.90,9.6667,true,1,96294
7290014693388,false,תבלין לפלוב 30 גר,לוקס פרודקטס,,תבלין לפלוב 30 גר,גרמים,30.00,100 גרם,false,1,2.90,9.6667,true,1,96295
7290014693395,false,תבלין לבשר לבן 30 גר,לוקס פרודקטס,,תבלין לבשר לבן 30 גר,גרמים,30.00,100 גרם,false,1,2.90,9.6667,true,1,96296
7290014693401,false,תבלין לדג 30 גר,לוקס פרודקטס,,תבלין לדג 30 גר,גרמים,30.00,100 גרם,false,1,2.90,9.6667,true,1,96261
7290014693418,false,תבלין חמלי סונלי 30,לוקס פרודקטס,,תבלין חמלי סונלי 30 גר,גרמים,30.00,100 גרם,false,1,2.90,9.6667,true,1,96262
7290014693425,false,תבלין לגולש 30 גר,לוקס פרודקטס,,תבלין לגולש 30 גר,גרמים,30.00,100 גרם,false,1,2.90,9.6667,true,1,96263
7290014693432,false,תבלין לכבש 30 גר,לוקס פרודקטס,,תבלין לכבש 30 גר,גרמים,30.00,100 גרם,false,1,2.90,9.6667,true,1,96264
7290014693456,false,תבלין לבשר 30 גר,לוקס פרודקטס,,תבלין לבשר 30 גר,גרמים,30.00,100 גרם,false,1,2.90,9.6667,true,1,96266
7290014693470,false,תבלין לסטייק 30 גר,לוקס פרודקטס,,תבלין לסטייק 30 גר,גרמים,30.00,100 גרם,false,1,2.90,9.6667,true,1,96268
7290014693487,false,תערובת 14 ירקות 30 ג,לוקס פרודקטס,,תערובת 14 ירקות 30 גר,גרמים,30.00,100 גרם,false,1,2.90,9.6667,true,1,96269
7290014693494,false,תבלין לבשר טחון 100,לוקס פרודקטס,,תבלין לבשר טחון 100 גר,גרמים,100.00,100 גרם,false,1,10.90,10.9000,true,1,96297
7290014693500,false,תבלין על האש 100 גר,לוקס פרודקטס,,תבלין על האש  100 גר,גרמים,100.00,100 גרם,false,1,10.90,10.9000,true,1,96298
7290014693524,false,תבלין לדג 100 גר,,,תבלין לדג 100 גר,גרמים,100.00,100 גרם,false,1,10.90,10.9000,true,1,96299
7290014693531,false,תבלין חמלי סונלי 100,לוקס פרודקטס,,תבלין חמלי סונלי 100 גר,גרמים,100.00,100 גרם,false,1,10.90,10.9000,true,1,96300
7290014693586,false,תבלין לעוף 100 גר,לוקס פרודקטס,,תבלין לעוף 100 גר,גרמים,100.00,100 גרם,false,1,10.90,10.9000,true,1,96305
7290014693593,false,תבלין קבקזי 100 גר,לוקס פרודקטס,,תבלין קבקזי 100 גר,גרמים,100.00,100 גרם,false,1,10.90,10.9000,true,1,96306
7290014693609,false,תבלין אוניברסלי 100,לוקס פרודקטס,,תבלין אוניברסלי 100 גר,גרמים,100.00,100 גרם,false,1,10.90,10.9000,true,1,96307
7290014693623,false,פלפל שחור טחון 100 ג,לוקס פרודקטס,,פלפל שחור טחון 100 גר,גרמים,100.00,100 גרם,false,1,10.90,10.9000,true,1,96309
7290014693630,false,פלפל לבן טחון 100 גר,לוקס פרודקטס,,פלפל לבן טחון 100 גר,גרמים,100.00,100 גרם,false,1,10.90,10.9000,true,1,96310
7290014693661,false,פפריקה חריפה 100 גר,לוקס פרודקטס,,פפריקה חריפה 100 גר,גרמים,100.00,100 גרם,false,1,10.90,10.9000,true,1,96313
7290014693715,false,טימין 40 גר,לוקס פרודקטס,,טימין 40 גר,גרמים,40.00,100 גרם,false,1,10.90,27.2500,true,1,96318
7290014693760,false,מלח לימון 200 גר,לוקס פרודקטס,,מלח לימון 200 גר,גרמים,200.00,100 גרם,false,1,10.90,5.4500,true,1,96323
7290014693791,false,קארי 100 גר,לוקס פרודקטס,,קארי 100 גר,גרמים,100.00,100 גרם,false,1,10.90,10.9000,true,1,96326
7290014693807,false,סודה לשתייה 500 גר,לוקס פרודקטס,,סודה  לשתייה 500 גר,גרמים,500.00,100 גרם,false,1,6.90,1.3800,true,1,96238
7290014693814,false,סובין חיטה 200 גר,לוקס פרודקטס,,סובין חיטה 200 גר,גרמים,200.00,100 גרם,false,1,11.90,5.9500,true,1,96244
7290014693821,false,סובין שיבולת שועל 20,לוקס פרודקטס,,סובין שיבולת שועל 200 גר,גרמים,200.00,100 גרם,false,1,11.90,5.9500,true,1,96245
7290014693838,false,סובין מעורב 200 גר,לוקס פרודקטס,,סובין מעורב 200 גר,גרמים,200.00,100 גרם,false,1,11.90,5.9500,true,1,96246
7290014693869,false,מלח ים עבה 400 גר,לוקס פרודקטס,,מלח ים עבה 400 גר,גרמים,400.00,100 גרם,false,1,5.90,1.4750,true,1,96254
7290014693876,false,מלח ים דק 400 גר,לוקס פרודקטס,,מלח ים דק 400 גר,גרמים,400.00,100 גרם,false,1,5.90,1.4750,true,1,96255
7290014693883,false,מלח ים מעושר ביוד400,לוקס פרודקטס,,מלח ים מעושר ביוד400 גר,גרמים,400.00,100 גרם,false,1,5.90,1.4750,true,1,96256
7290014693890,false,שום גבישי 100 גר,לוקס פרודקטס,,שום גבישי 100 גר,גרמים,100.00,100 גרם,false,1,10.90,10.9000,true,1,96327
7290014693920,false,זנגביל טחון 100 גר,לוקס פרודקטס,,זנגביל טחון 100 גר,גרמים,100.00,100 גרם,false,1,10.90,10.9000,true,1,96330
7290014693937,false,תערובת פלפלים 90 גר,לוקס פרודקטס,,תערובת פלפלים 90 גר,גרמים,90.00,100 גרם,false,1,10.90,12.1111,true,1,96331
7290014693944,false,תבלין לגריל 100 גר,לוקס פרודקטס,,תבלין לגריל 100 גר,גרמים,100.00,100 גרם,false,1,10.90,10.9000,true,1,96332
7290014693968,false,מלח גורמה למרק 400 ג,לוקס פרודקטס,,מלח גורמה למרק 400 גר,גרמים,400.00,100 גרם,false,1,15.90,3.9750,true,1,96248
7290014693975,false,מלח גורמה 12 ירקות ו,לוקס פרודקטס,,מלח גורמה 12 ירקות ותבלינים 400 גר,גרמים,400.00,100 גרם,false,1,15.90,3.9750,true,1,96249
7290014693999,false,מלח גורמה לתיבול בשר,לוקס פרודקטס,,מלח גורמה לתיבול בשר 400 גר,גרמים,400.00,100 גרם,false,1,15.90,3.9750,true,1,96251
7290014712539,false,יוגורט בטעם תות שדה,,,יוגורט בטעם תות שדה 500 מל,מיליליטרים,500.00,"100 מ""ל",false,1,15.90,3.1800,true,1,132041
7290014749245,false,עוף טוב ספיישל רצועו,עוף טוב,,עוף טוב ספיישל רצועות שניצל שומשום 600 ג,גרמים,600.00,100 גרם,false,1,36.90,6.1500,true,1,125381
7290014749887,false,שניצל דק ענק קריספי,עוף טוב,,שניצל דק ענק קריספי קלאסי עוף טוב 720 גר,גרמים,720.00,100 גרם,false,10,34.90,4.8472,true,1,132734
7290014758100,false,יוגורט ביו 3% שמיניה,,,מאגדת שמיניית יוגורט ביו 3% תנובה,גרמים,1200.00,100 גרם,false,1,16.90,1.4083,true,1,51862
7290014758117,false,יוגורט ביו 1.5% שמינ,,,מאגדת יוגורט*8 1.5% BIO,גרמים,1200.00,100 גרם,false,1,16.90,1.4083,true,1,51861
7290014758148,false,גבינה סמי גלבוע 400,,,גבינה סמי גלבוע 400 גר,גרמים,400.00,100 גרם,false,1,21.90,5.4750,true,1,51236
7290014758162,false,חלב עיזים מלא 3.6% 1,,,חלב עיזים מלא 3.6% 1לי,ליטרים,1.00,ליטר,false,1,14.90,14.9000,true,1,54526
7290014759084,false,גבינת שמנת נפוליאון,,,גבינת שמנת נפוליאון 16% 225 גר,גרמים,225.00,100 גרם,false,1,13.80,6.1333,true,1,73530
7290014759534,false,גבינה בולגרית טבעי 2,,,גבינה בולגרית טבעי 200 גר,גרמים,200.00,100 גרם,false,1,13.50,6.7500,true,1,73692
7290014759909,false,גבינה פטה עיזים 5% 2,,,גבינה פטה 5% 250גר,גרמים,250.00,100 גרם,false,1,27.90,11.1600,true,1,74673
7290014760134,false,מעדן סויה בטעם וניל,,,מעדן סויה בטעם וניל 125 גר,גרמים,125.00,100 גרם,false,1,3.90,3.1200,true,1,75981
7290014760141,false,משקה שקדים 1 ל,תנובה,,משקה שקדים 1 ל,ליטרים,1.00,ליטר,false,1,12.90,12.9000,true,1,95598
7290014760448,false,גבינה גלבוע 400 גר,,,גבינת גלבוע 400גר,גרמים,400.00,100 גרם,false,1,22.90,5.7250,true,1,75834
7290014760912,false,גבינה גוש חלב 400 גר,,,גבינת גוש חלב 400גר,גרמים,400.00,100 גרם,false,1,25.90,6.4750,true,1,75833
7290014761056,false,מעדן יולו שוקולד חלב,,,מעדן יולו שוקולד חלב מעולה  123גר,גרמים,123.00,100 גרם,false,1,4.40,3.5772,true,1,79055
7290014761063,false,מעדן יולו שוקולד מרי,,,מעדן יולו שוקולד מריר מעולה  123גר,גרמים,123.00,100 גרם,false,1,4.40,3.5772,true,1,79057
7290014761070,false,מעדן יולו שוקולד לבן,,,מעדן יולו שוקולד לבן מעולה  123גר,גרמים,123.00,100 גרם,false,1,4.40,3.5772,true,1,79056
7290014762756,false,גבינת שמנת נפוליאון,תנובה,,גבינת שמנת נפוליאון בטעם בצל 225 גר,גרמים,225.00,100 גרם,false,1,13.80,6.1333,true,1,99004
7290014762800,false,מעדן סויה בטעם שוקול,,,"מעדן סויה בטעם שוקולד בגביע 125 מ""ל",גרמים,125.00,100 גרם,false,1,3.90,3.1200,true,1,109263
7290014762831,false,גבינת שמנת נפוליאון,,,גבינת שמנת נפוליאון 25% 225 גר,גרמים,225.00,100 גרם,false,1,13.80,6.1333,true,1,100427
7290014762848,false,פתיתי גלבוע 22% 500,,,פתיתי גלבוע 22% 500 גר,גרמים,500.00,100 גרם,false,1,32.90,6.5800,true,1,108799
7290014762909,false,פתיתי מוצרלה 200 גר,תנובה,,גבינת פתיתי מוצרלה 200 גר,גרמים,200.00,100 גרם,false,1,17.50,8.7500,true,1,100156
7290014763272,false,משקה סויה ביו עם תות,,,"משקה סויה ביו עם תות ובננה 250 מ""ל",מיליליטרים,250.00,"100 מ""ל",false,1,5.90,2.3600,true,1,100971
7290014785052,false,רוטב פטריות צמחוני 5,,,רוטב פטריות צמחוני 500 מל,מיליליטרים,500.00,"100 מ""ל",false,12,17.90,3.5800,true,1,108133
7290014785069,false,מירין משובח 250 מל,,,מירין משובח 250 מל,מיליליטרים,250.00,"100 מ""ל",false,1,13.90,5.5600,true,1,127826
7290014785113,false,רוטב טריאקי 500 מל,,,רוטב טריאקי 500 מל,מיליליטרים,500.00,"100 מ""ל",false,6,17.90,3.5800,true,1,116160
7290014785472,false,עלי קפיר ליים מיובשי,,,עלי קפיר ליים מיובשים 10 גר,גרמים,10.00,100 גרם,false,12,7.90,79.0000,true,1,131769
7290014785564,false,אטריות אודון מוכנות,,,אטריות אודון מוכנות 200 גר,גרמים,200.00,100 גרם,false,15,4.90,2.4500,true,1,126950
7290014785571,false,איטריות להקפצה מוכנו,,,אטריות להקפצה מוכנות 200 גר,גרמים,200.00,100 גרם,false,15,4.90,2.4500,true,1,121536
7290014785588,false,אטריות ראמן מוכנות 1,,,אטריות ראמן מוכנות 180 גר,גרמים,180.00,100 גרם,false,15,4.90,2.7222,true,1,121537
7290014785915,false,ממרח קארי מאסאמן 400,,,ממרח קארי מאסאמן 400 גר,גרמים,400.00,100 גרם,false,6,22.90,5.7250,true,1,131336
7290014789913,false,עוגיות אוראו קרם וני,,,"עוגיות ""אוראו"" ממולאות קרם וניל 176 גר ש",גרמים,528.00,100 גרם,false,1,21.90,4.1477,true,1,73548
7290014791336,false,מים מינרליים מי עדן,,,מים מינרליים מי עדן 1 ל,ליטרים,1.00,ליטר,false,1,3.90,3.9000,true,1,107640
7290014803213,false,חומץ יין לבן 5% 500,COMTEMP,,"חומץ יין לבן 5% 500 מ""ל",מיליליטרים,500.00,"100 מ""ל",false,1,13.90,2.7800,true,1,98210
7290014803237,false,ערמונים קלופים וקלוי,TANGSHAN,,ערמונים קלופים וקלויים 100גר,גרמים,100.00,100 גרם,false,1,5.90,5.9000,true,1,79835
7290014803565,false,צנימים עגולים עם חיט,NEWLAT,,צנימים עגולים עם חיטה מלאה 300גר,גרמים,300.00,100 גרם,false,1,12.90,4.3000,true,1,78273
7290014803718,false,ביסקוויט תה פריך 720,oylum,,ביסקוויט תה פריך 720 גר,גרמים,720.00,100 גרם,false,1,11.90,1.6528,true,1,95855
7290014803756,false,רוטב טריאקי פתאי 300,Baaeco v food ltd pa,,"רוטב טריאקי פתאי 300 מ""ל",מיליליטרים,300.00,"100 מ""ל",false,1,9.90,3.3000,true,1,97285
7290014803794,false,ריבת חלב בצנצנת 830,מ.א.מ,,ריבת חלב בצנצנת 830 גר,גרמים,830.00,100 גרם,false,1,32.90,3.9639,true,1,98206
7290014803855,false,ביסקוויט פתי בר 400,Oylum,,ביסקוויט פתי בר 400 גר,גרמים,400.00,100 גרם,false,1,6.90,1.7250,true,1,100572
7290014821170,false,ספר 34.90,,,ספר 34.90,Unknown,0.00,Unknown,false,1,34.90,0.0000,true,1,80862
7290014860063,false,מקלוני אורז ללא גלוט,Oriental food co. lt,,מקלוני אורז ללא גלוטן 454 גר,גרמים,454.00,100 גרם,false,1,9.90,2.1806,true,1,74241
7290014860070,false,מקלוני אורז ללא גלוט,Oriental food co. lt,,מקלוני אורז ללא גלוטן 454גר,גרמים,454.00,100 גרם,false,1,10.90,2.4009,true,1,74738
7290014860087,false,מקלוני אורז ללא גלוט,Oriental food co. lt,,מקלוני אורז ללא גלוטן 250גר,גרמים,250.00,100 גרם,false,1,7.90,3.1600,true,1,74740
7290014860094,false,מקלוני אורז ללא גלוט,Oriental food co. lt,,מקלוני אורז ללא גלוטן 454גר,גרמים,454.00,100 גרם,false,1,10.90,2.4009,true,1,74739
7290014860155,false,מחצלות עגולות,Guilin fengzhu tradi,,מחצלות עגולות,Unknown,0.00,Unknown,false,1,7.90,0.0000,true,1,53109
7290014860247,false,שבבי אורז מרובעים לל,Oriental food co. lt,,שבבי אורז מרובעים ללאגלוטן 227 גר,גרמים,227.00,100 גרם,false,1,9.90,4.3612,true,1,74243
7290014866966,false,עוגת פאי אקזוטי,,,עוגת פאי אקזוטי,Unknown,0.00,Unknown,false,1,44.90,0.0000,true,1,128567
7290014905160,false,מטהר אוויר הפי פניני,רלוי,,מטהר אוויר הפי פניני ריח 130 גר,גרמים,130.00,100 גרם,false,1,11.90,9.1538,true,1,106015
7290014905207,false,גל לניקוי אסלות הפי,אורו,,"גל לניקוי אסלות הפי כחול 750 מ""ל",מיליליטרים,750.00,"100 מ""ל",false,1,7.90,1.0533,true,1,106020
7290014905689,false,נוזל כלים הפי תפוח י,וונדפוט,,"נוזל כלים הפי תפוח ירוק מרוכז 24% 750 מ""",מיליליטרים,750.00,"100 מ""ל",false,1,7.90,1.0533,true,1,106022
7290014905696,false,נוזל כלים הפי לימון,וונדפוט,,נוזל כלים הפי לימון צהוב מרוכז 24% 750 מ,מיליליטרים,750.00,"100 מ""ל",false,1,7.90,1.0533,true,1,106023
7290014905733,false,ניקוי חלונות הפי 750,איי.פי.אס,,"ניקוי חלונות הפי 750 מ""ל",מיליליטרים,750.00,"100 מ""ל",false,1,8.90,1.1867,true,1,106018
7290014905979,false,ניקוי מדיח כלים הפי,סאמיט,,"ניקוי מדיח כלים הפי מס 1 354 מ""ל",מיליליטרים,354.00,"100 מ""ל",false,1,19.90,5.6215,true,1,106007
7290014910300,false,בסגנון טבורוג חלבן ל,גימטוס,,בסגנון טבורוג חלבן ליטאי 300 גר,גרמים,300.00,100 גרם,false,1,14.90,4.9667,true,1,102704
7290014910515,false,שפרוטים מעושנים 250,,,שפרוטים מעושנים 250 גר,גרמים,250.00,100 גרם,false,1,12.90,5.1600,true,1,110895
7290014947023,false,פריכיות כוסמת ללא מל,,,פריכיות כוסמת ללא מלח 120 גר,גרמים,120.00,100 גרם,false,1,11.90,9.9167,true,1,137836
7290014947047,false,פריכיות כוסמת בתוספת,,,פריכיות כוסמת בתוספת מלח 175 גר,גרמים,175.00,100 גרם,false,1,11.90,6.8000,true,1,97318
7290014947092,false,פריכיות תירס עם קצח,,,פריכיות תירס עם קצח 120 גר,גרמים,95.00,100 גרם,false,1,11.90,12.5263,true,1,137837
7290014947207,false,פריכיות כוסמין דקות,,,פריכיות כוסמין דקות 160 גר,גרמים,160.00,100 גרם,false,1,11.90,7.4375,true,1,133951
7290014967441,false,מארז קפסולות אספרסו,אספרסו מור,,מארז קפסולות אספרסו מור אלטו 10 יח,Unknown,0.00,Unknown,false,1,11.90,0.0000,true,1,101014
7290014967458,false,מארז קפסולות אספרסו,אספרסו מור,,מארז קפסולות אספרסו מור קרמה 10 יח,Unknown,0.00,Unknown,false,1,11.90,0.0000,true,1,101016
7290014967465,false,מארז קפסולות אספרסו,אספרסו מור,,מארז קפסולות אספרסו מור אינטנסו 10 יח,Unknown,0.00,Unknown,false,1,11.90,0.0000,true,1,101013
7290014967472,false,מארז קפסולות אספרסו,אספרסו מור,,מארז קפסולות אספרסו מור ארומה 10 יח,גרמים,50.00,100 גרם,false,1,11.90,23.8000,true,1,101015
7290014967762,false,קפסולות קפה אספרסו מ,אספרסו מור,,קפסולות קפה אספרסו מור מיקס 100 יח,Unknown,0.00,Unknown,false,1,79.90,0.0000,true,1,128617
7290014967922,false,מארז קפסולות אספרסו,אספרסו מור,,מארז קפסולות אספרסו מור שוקו 10 יח,גרמים,80.00,100 גרם,false,1,11.90,14.8750,true,1,111356
7290014973060,false,סלמון הילטון בוואקום,הרמס דגים,,סלמון הילטון 100 גר,גרמים,100.00,100 גרם,false,1,18.90,18.9000,true,1,54371
7290014973077,false,סלמון הילטון בוואקום,הרמס דגים,,סלמון הילטון 200 גר,גרמים,200.00,100 גרם,false,1,36.90,18.4500,true,1,54372
7290015009041,false,חומץ תפוחים דניאל 50,,,חומץ תפוחים דניאל 500 מל,מיליליטרים,500.00,"100 מ""ל",false,1,17.90,3.5800,true,1,128696
7290015009126,false,עלי טורטייה מקמח מלא,,,עלי טורטייה מקמח מלא 420 גרם,גרמים,420.00,100 גרם,false,1,12.90,3.0714,true,1,128783
7290015009171,false,ניוקי תפוא דניאל 300,,,"ניוקי תפו""א דניאל 300 גר",גרמים,300.00,100 גרם,false,1,7.90,2.6333,true,1,128718
7290015009188,false,ניוקי תפוא דלעת דניא,,,"ניוקי תפו""א דלעת דניאל 300 גר",גרמים,300.00,100 גרם,false,1,7.90,2.6333,true,1,128719
7290015009195,false,ניוקי תפוא עגבניות ד,,,"ניוקי תפו""א עגבניות דניאל 300 גר",גרמים,300.00,100 גרם,false,1,7.90,2.6333,true,1,128720
7290015009201,false,ניוקי תפוא פטריות כמ,,,"ניוקי תפו""א פטריות כמהין דניאל 300 גר",גרמים,300.00,100 גרם,false,1,7.90,2.6333,true,1,128721
7290015009225,false,ריבת חלב מקורית בצנצ,,,ריבת חלב מקורית בצנצנצ 450 גרם,גרמים,450.00,100 גרם,false,1,19.90,4.4222,true,1,128776
7290015009324,false,נאצוס חטיף ברביקיו 2,,,נאצוס חטיף ברביקיו 200 גרם,גרמים,200.00,100 גרם,false,1,11.90,5.9500,true,1,128779
7290015009393,false,זית שחור מגולען מזן,,,זית שחור מגולען מזן קלמטה אידאל 430 גר,גרמים,430.00,100 גרם,false,1,18.90,4.3953,true,1,128717
7290015009461,false,שימורי שעועית שחורה,,,שימורי שעועית שחורה 400 גר,גרמים,400.00,100 גרם,false,1,9.90,2.4750,true,1,141335
7290015009485,false,שימורי שעועית אפויה,,,שימורי שעועית אפויה ברוטב עגבניות 400 גר,גרמים,400.00,100 גרם,false,1,9.90,2.4750,true,1,141337
7290015009539,false,גבינה פיקורינו רומנו,,,גבינה פיקורינו רומנו 32% כבשים 250 גר,גרמים,250.00,100 גרם,false,1,34.90,13.9600,true,1,141340
7290015009621,false,רוטב סויה עם שומשום,,,רוטב סויה עם שומשום ודבש 355 מל,מיליליטרים,355.00,"100 מ""ל",false,1,26.90,7.5775,true,1,141353
7290015039246,false,נתחי טונה בשמן 160 ג,טרופיקל,,נתחי טונה בשמן 160גר רביעייה,גרמים,640.00,100 גרם,false,1,19.90,3.1094,true,1,78322
7290015039338,false,נתחי טונה במי מלח 16,טרופיקל,,נתחי טונה במי מלח 160גר רביעייה,גרמים,640.00,100 גרם,false,1,19.90,3.1094,true,1,78323
7290015129121,false,פסטה סקיני בצורת נוד,הוויזאי וואנגייה,,פסטה נודלס סקיני 270 גר,גרמים,270.00,100 גרם,false,30,10.90,4.0370,true,1,103112
7290015139250,false,שוקולד מריר פצפוצי א,כרמית,,שוקולד מריר פצפוצי אורז ללא סוכר 85 גר,גרמים,85.00,100 גרם,false,1,6.90,8.1176,true,1,96348
7290015139267,false,שוקולד מריר שקדים לל,כרמית,,שוקולד מריר שקדים ללא סוכר 85 גר,גרמים,85.00,100 גרם,false,1,6.90,8.1176,true,1,96349
7290015139557,false,וופל חופשי ללא גלוטן,Carmit,,וופל חופשי ללא גלוטן שוקו 200 גר,גרמים,200.00,100 גרם,false,1,9.90,4.9500,true,1,108004
7290015150088,false,מחית עגבניות 700 גר,,,מחית עגבניות 700 גר,גרמים,700.00,100 גרם,false,1,11.90,1.7000,true,1,102926
7290015155021,false,פרמיו דנטל מיני 110,,,פרמיו דנטל מיני 110 גר,גרמים,110.00,100 גרם,false,1,9.90,9.0000,true,1,140262
7290015155243,false,פרמיו כריות אנטי היי,,,פרמיו כריות אנטי היירבול 60 גר,גרמים,60.00,100 גרם,false,1,9.90,16.5000,true,1,140245
7290015155250,false,פרמיו כריות סלמון 60,,,פרמיו כריות סלמון 60 גר,גרמים,60.00,100 גרם,false,1,9.90,16.5000,true,1,140244
7290015155274,false,פרמיו כריות עור ופרו,,,פרמיו כריות עור ופרווה 60 גר,גרמים,60.00,100 גרם,false,1,9.90,16.5000,true,1,141757
7290015155410,false,פרמיו כריות דנטל עוף,,,פרמיו כריות דנטל עוף 60 גר,גרמים,60.00,100 גרם,false,1,9.90,16.5000,true,1,140246
7290015155427,false,פרמיו עוף וכבד 15 גר,,,פרמיו עוף וכבד 15 גר,גרמים,15.00,100 גרם,false,1,6.90,46.0000,true,1,140243
7290015155434,false,פרמיו סלמון ופורל 15,,,פרמיו סלמון ופורל 15 גר,גרמים,15.00,100 גרם,false,1,6.90,46.0000,true,1,140242
7290015155847,false,פאוץ פרינוק סלט פירו,,,פאוץ פרינוק סלט פירות 120 גר,גרמים,120.00,100 גרם,false,1,4.90,4.0833,true,1,127677
7290015155878,false,חטיף טף בטעם טבעי 28,,,חטיף טף בטעם טבעי 28 גר,גרמים,28.00,100 גרם,false,1,8.90,31.7857,true,1,127680
7290015155885,false,חטיף טף בטעם אוכמניו,,,חטיף טף בטעם אוכמניות 28 גר,גרמים,28.00,100 גרם,false,1,8.90,31.7857,true,1,127681
7290015155892,false,חטיף טף בטעם בננה 28,,,חטיף טף בטעם בננה 28 גר,גרמים,28.00,100 גרם,false,1,8.90,31.7857,true,1,127682
7290015156769,false,פאוץ פרינוק תפוח ואו,,,פאוץ פרינוק תפוח ואוכמניות 120 גר,גרמים,120.00,100 גרם,false,1,4.90,4.0833,true,1,127679
7290015156790,false,פאוץ פרינוק לפתן פיר,,,פאוץ פרינוק לפתן פירות 120 גר,גרמים,120.00,100 גרם,false,1,4.90,4.0833,true,1,129538
7290015156813,false,פאוץ פרינוק פירות מע,,,פאוץ פרינוק פירות מעורבים 120 גר,גרמים,120.00,100 גרם,false,1,4.90,4.0833,true,1,129539
7290015161848,false,פת פריכה אורגנית ללא,,,פת פריכה אורגנית ללא גלוטן כוסמת וקינואה,גרמים,100.00,100 גרם,false,1,14.90,14.9000,true,1,127084
7290015164818,false,מחית קארי צהוב 400 ג,Theppadungporn cocon,,מחית קארי צהובה 400גר,גרמים,400.00,100 גרם,false,1,19.90,4.9750,true,1,75220
7290015164856,false,מחית קארי אדומה 400,Theppadungporn cocon,,מחית קארי אדומה 400גר,גרמים,400.00,100 גרם,false,1,19.90,4.9750,true,1,75218
7290015178228,false,ארטישוק בסלסת עגבניו,אוליביה,,ארטישוק בסלסת עגבניות אוליביה 190 גר,גרמים,190.00,100 גרם,false,6,11.90,6.2632,true,1,134486
7290015223874,false,גל אלוורה אסותא 100,,,"גל אלוורה אסותא 100 מ""ל",מיליליטרים,100.00,"100 מ""ל",false,1,9.90,9.9000,true,1,114223
7290015320054,false,עוגיות בטעם חמאה 340,,,עוגיות בטעם חמאה 340גר,גרמים,340.00,100 גרם,false,1,10.90,3.2059,true,1,77714
7290015320481,false,שוקולד מריר 60% 100,,,שוקולד מריר 60% 100 גר,גרמים,100.00,100 גרם,false,45,5.90,5.9000,true,1,126553
7290015325745,false,מגבונים מאשה ודוב 72,,,מגבונים משה ודוב 72 יח רביעייה,Unknown,0.00,Unknown,false,1,11.90,0.0000,true,1,107104
7290015325752,false,מגבונים אסותא 72 יח,,,מגבונים אסותא  72 יח רביעייה,Unknown,0.00,Unknown,false,1,14.90,0.0000,true,1,107105
7290015342001,true,עוגיות בטעמים 500 גר,מאפה מילניום 2000,,עוגיות בטעמים 500 גר,גרמים,500.00,100 גרם,false,1,16.90,3.3800,true,1,99822
7290015342506,true,עוגיות שמרים 450-550,מאפה מילניום 2000,,עוגיות שמרים 450-550 גר,גרמים,450.00,100 גרם,false,1,16.90,3.7556,true,1,109734
7290015348096,false,יין מבעבע למברוסקו א,,,יין מבעבע למברוסקו אמיליאנו רוזה 750מל,מיליליטרים,750.00,"100 מ""ל",false,1,29.90,3.9867,true,1,80272
7290015437493,false,עגבניות חתוכות 400 ג,אלימנקו,,שלישיות עגבניות חתוכות 400 גר,גרמים,1200.00,100 גרם,false,1,14.90,1.2417,true,1,96706
7290015468107,false,חלב מלא 3.8% 2 ל,,,חלב מלא 3.8% 2 ל,ליטרים,2.00,ליטר,false,1,18.90,9.4500,true,1,129528
7290015468206,false,משקה מצוני 1 ל,ארגמן,,משקה מצוני 1 ל,ליטרים,1.00,ליטר,false,1,13.90,13.9000,true,1,96828
7290015468374,false,קפיר 1 ל,ארגמן,,קפיר 1 ל,ליטרים,1.00,ליטר,false,1,13.90,13.9000,true,1,129531
7290015468817,false,ראזנקה 1 ל,,,ראזנקה 1 ל,ליטרים,1.00,ליטר,false,1,13.90,13.9000,true,1,129529
7290015470094,false,טוסו שוקולד מריר תפו,ALTINMARKA,,טוסו שוקולד מריר תפוז ללא סוכר 100 גר,גרמים,100.00,100 גרם,false,1,10.90,10.9000,true,1,101678
7290015508391,false,יין מטר פטי ורדו אדו,,,יין מטר פטי ורדו אדום 750 מל,מיליליטרים,750.00,"100 מ""ל",false,1,149.90,19.9867,true,1,137767
7290015528320,false,צלחת לבנה קטנה מודפס,,,צלחת לבנה קטנה מודפס זהב 20,Unknown,0.00,Unknown,false,1,9.90,0.0000,true,1,78675
7290015528344,false,צלחת קרם בינונית מוד,,,צלחת קרם בינונית מודפס זהב 20 יח,Unknown,0.00,Unknown,false,1,14.90,0.0000,true,1,78677
7290015528368,false,צלחת גדולה קרם מודפס,,,צלחת גדולה קרם מודפס זהב 20 יח,Unknown,0.00,Unknown,false,1,18.90,0.0000,true,1,78679
7290015528825,false,צלחת 7 מתכלה אריזה 2,,,"צלחת 7"" מתכלה אריזה 25 יח",Unknown,0.00,Unknown,false,1,7.90,0.0000,true,1,129301
7290015528832,false,צלחת 9 מתכלה אריזה 2,,,"צלחת 9"" מתכלה אריזה 25 יח",Unknown,0.00,Unknown,false,1,11.90,0.0000,true,1,129302
7290015528849,false,צלחת 10 מתכלה אריזה,,,"צלחת 10"" מתכלה אריזה 25 יח",Unknown,0.00,Unknown,false,1,15.90,0.0000,true,1,129303
7290015528863,false,מרקיה מתכלה 340 מל,,,מרקיה מתכלה 340 מל,Unknown,0.00,Unknown,false,1,7.90,0.0000,true,1,129304
7290015537209,false,חומץ לבן 5% 1 ל,רג'ואן,IL,חומץ לבן 5% 1 ל,ליטרים,1.00,ליטר,false,24,4.90,4.9000,true,1,123150
7290015537223,false,חומץ תפוחים 6% 1 ל,רג'ואן,IL,חומץ תפוחים 6%  1 ל,ליטרים,1.00,ליטר,false,24,7.90,7.9000,true,1,123152
7290015537247,false,חומץ טבעי 1 ל,רג'ואן,IL,חומץ טבעי 1 ל,ליטרים,1.00,ליטר,false,24,6.90,6.9000,true,1,123149
7290015537254,false,חומץ 10% 1 ל,רג'ואן,IL,חומץ  10%  1 ל,ליטרים,1.00,ליטר,false,24,6.90,6.9000,true,1,123153
7290015603188,false,איטריות ביצים 454 גר,Xiamen xing ng foods,,איטריות ביצים 454 גר,גרמים,454.00,100 גרם,false,1,10.90,2.4009,true,1,98299
7290015603225,false,אטריות בתוספת גזר 45,Xiamen xing ng foods,,אטריות בתוספת גזר 454 גר,גרמים,454.00,100 גרם,false,1,10.90,2.4009,true,1,102337
7290015603522,false,נוזל אגוזי קוקוס 400,Celebes coconut corp,,נוזל אגוזי קוקוס 400 מל,מיליליטרים,400.00,"100 מ""ל",false,24,6.90,1.7250,true,1,98301
7290015603546,false,קרם קוקוס 400 מל,אסיאטיק אגרו אינדסטר,,"שימורי קרם קוקוס 400 מ""ל",מיליליטרים,400.00,"100 מ""ל",false,1,8.90,2.2250,true,1,115408
7290015603560,false,שימורי קרם קוקוס 400,Kodanmal group co.lt,,שימורי קרם קוקוס 400 מל,מיליליטרים,400.00,"100 מ""ל",false,1,9.90,2.4750,true,1,98300
7290015603584,false,גינגר לבן כבוש ללא מ,,,"ג""ינג""ר לבן כבוש ללא מונוסודיום 160 גר",גרמים,160.00,100 גרם,false,1,7.90,4.9375,true,1,98467
7290015603591,false,גינגר ורוד כבוש ללא,,,גינגר ורוד כבוש ללא מונוסודיום 160 גר,גרמים,160.00,100 גרם,false,1,7.90,4.9375,true,1,109305
7290015603638,false,אורז קרלוז 1 קג,מינה פונג גרין,,"אורז קרלוז  1 ק""ג",קילוגרמים,1.00,"ק""ג",false,1,12.90,12.9000,true,1,98119
7290015611008,false,מלח גורמה לתיבול עוף,לוקס פרודקטס,,מלח גורמה לתיבול עוף 400 גר,גרמים,400.00,100 גרם,false,1,15.90,3.9750,true,1,96252
7290015611015,false,אבקת חרדל 400 גר,,,אבקת חרדל 200 גר,גרמים,400.00,100 גרם,false,1,16.90,4.2250,true,1,96419
7290015611022,false,פלפל בניחוח לימון 20,,,פלפל בניחוח לימון 20 גר,גרמים,20.00,100 גרם,false,1,2.90,14.5000,true,1,96420
7290015611039,false,פלפל אנגלי שלם 20 גר,,,פלפל אנגלי שלם  20 גר,גרמים,20.00,100 גרם,false,1,2.90,14.5000,true,1,96421
7290015611046,false,פלפל אנגלי טחון 20 ג,,,פלפל אנגלי טחון 20 גר,גרמים,20.00,100 גרם,false,1,2.90,14.5000,true,1,96422
7290015611053,false,בזיליקום 10 גר,לוקס פרודקטס,,בזיליקום 10 גר,גרמים,10.00,100 גרם,false,1,2.90,29.0000,true,1,96270
7290015611060,false,רוזמרין 10 גר,לוקס פרודקטס,,רוזמרין 10 גר,גרמים,10.00,100 גרם,false,1,2.90,29.0000,true,1,96271
7290015611077,false,אורגנו 10 גר,לוקס פרודקטס,,אורגנו 10 גר,גרמים,10.00,100 גרם,false,1,2.90,29.0000,true,1,96272
7290015611084,false,פטרוזיליה 10 גר,לוקס פרודקטס,,פטרוזיליה 10 גר,גרמים,10.00,100 גרם,false,1,2.90,29.0000,true,1,96273
7290015611091,false,כורכום 20 גר,לוקס פרודקטס,,כורכום 20 גר,גרמים,20.00,100 גרם,false,1,2.90,14.5000,true,1,96274
7290015611107,false,זנגביל טחון 20 גר,לוקס פרודקטס,,זנגביל טחון 20 גר,גרמים,20.00,100 גרם,false,1,2.90,14.5000,true,1,96275
7290015611114,false,ציפורן שלם 10 גר,,,ציפורן שלם 10 גר,גרמים,10.00,100 גרם,false,1,2.90,29.0000,true,1,96423
7290015611121,false,כמון טחון 20 גר,לוקס פרודקטס,,כמון טחון 20 גר,גרמים,20.00,100 גרם,false,1,2.90,14.5000,true,1,96276
7290015611145,false,ברבריס 10 גר,,,ברבריס 10 גר,גרמים,10.00,100 גרם,false,1,2.90,29.0000,true,1,96425
7290015611152,false,כוסברה טחונה 20 גר,לוקס פרודקטס,,כוסברה טחונה  20 גר,גרמים,20.00,100 גרם,false,1,2.90,14.5000,true,1,96277
7290015611169,false,תבלין לתפוחי אדמה 30,לוקס פרודקטס,,תבלין לתפוחי אדמה 30 גר,גרמים,30.00,100 גרם,false,1,2.90,9.6667,true,1,96278
7290015611176,false,תבלין לגזר קוריאני 3,לוקס פרודקטס,,תבלין לגזר קוריאני 30 גר,גרמים,30.00,100 גרם,false,1,2.90,9.6667,true,1,96279
7290015611183,false,תבלין לגזר קוריאני ח,לוקס פרודקטס,,תבלין לגזר קוריאני חריף 30 גר,גרמים,30.00,100 גרם,false,1,2.90,9.6667,true,1,96280
7290015611190,false,תבלין לבורשט 30 גר,,,תבלין לבורשט 30 גר,גרמים,30.00,100 גרם,false,1,2.90,9.6667,true,1,96426
7290015611206,false,חליטת היביסקוס 100 ג,,,חליטת היביסקוס 100 גר,גרמים,100.00,100 גרם,false,1,14.90,14.9000,true,1,96257
7290015611213,false,חליטת פקעות ורדים 10,לוקס פרודקטס,,חליטת פקעות ורדים 100 גר,גרמים,100.00,100 גרם,false,1,14.90,14.9000,true,1,96259
7290015611220,false,חליטת היביסקוס פקעות,לוקס פרודקטס,,חליטת היביסקוס פקעות ורדים 100 גר,גרמים,100.00,100 גרם,false,1,14.90,14.9000,true,1,96258
7290015611299,false,עשבי פרובנס 10 גר,,,עשבי פרובנס 10 גר,גרמים,10.00,100 גרם,false,1,2.90,29.0000,true,1,101083
7290015611305,false,מלח גורמה בסגנון איט,,,מלח גורמה בסגנון איטלקי 400 גר,גרמים,400.00,100 גרם,false,1,15.90,3.9750,true,1,101094
7290015611312,false,מלח גורמה שום ועשבי,,,מלח גורמה שום ועשבי תיבול  400 גר,גרמים,400.00,100 גרם,false,1,15.90,3.9750,true,1,101095
7290015611374,false,תיבול אוניברסלי לוקס,,,תיבול אוניברסלי לוקס 80 גר,גרמים,80.00,100 גרם,false,1,5.90,7.3750,true,1,101092
7290015611398,false,גריסי פנינה 800 גר,,,גריסי פנינה 800 גר,גרמים,800.00,100 גרם,false,1,9.90,1.2375,true,1,101084
7290015611404,false,גריסי שעורה 700 גר,,,גריסי שעורה 800 גר,גרמים,700.00,100 גרם,false,1,9.90,1.4143,true,1,101085
7290015611411,false,גריסי תירס 700 גר,,,גריסי תירס 800 גר,גרמים,700.00,100 גרם,false,1,9.90,1.4143,true,1,101086
7290015611435,false,גריסי חיטה 800 גר,,,גריסי חיטה 800 גר,גרמים,800.00,100 גרם,false,1,9.90,1.2375,true,1,101088
7290015611459,false,כוסמת 800 גר,,,כוסמת 800 גר,גרמים,800.00,100 גרם,false,1,14.90,1.8625,true,1,101765
7290015611466,false,תבלין שמיר 10 גר,,,תבלין שמיר 10 גר,גרמים,10.00,100 גרם,false,1,2.90,29.0000,true,1,101766
7290015611473,false,תבלין להמלחת סלמון 3,,,תבלין להמלחת סלמון 30 גר,גרמים,30.00,100 גרם,false,1,2.90,9.6667,true,1,101767
7290015611480,false,סודה לשתייה 500 גר,,,סודה לשתייה 500 גר,גרמים,500.00,100 גרם,false,1,8.90,1.7800,true,1,108059
7290015611558,false,אגוז מוסקט טחון 20 ג,,,אגוז מוסקט טחון 20 גר,גרמים,20.00,100 גרם,false,1,2.90,14.5000,true,1,109605
7290015611565,false,שום גבישי 20 גר,,,שום גבישי 20 גר,גרמים,20.00,100 גרם,false,1,2.90,14.5000,true,1,109604
7290015611572,false,מלח לימון 700 גר,,,מלח לימון 700 גר,גרמים,700.00,100 גרם,false,1,29.90,4.2714,true,1,109111
7290015611589,false,כוסמת 500 גר,,,כוסמת 500 גר,גרמים,500.00,100 גרם,false,1,8.90,1.7800,true,1,111660
7290015611596,false,אפונה ירוקה 800 גר,,,דוחן 500 גר,גרמים,800.00,100 גרם,false,1,9.90,1.2375,true,1,111661
7290015611602,false,שעועית לבנה 800 גר,,,גריסי פנינה 500 גר,גרמים,800.00,100 גרם,false,1,13.90,1.7375,true,1,111662
7290015611619,false,שעועית אדומה 800 גר,,,גריסי שעורה 350 גר,גרמים,800.00,100 גרם,false,1,13.90,1.7375,true,1,111663
7290015611626,false,אורז יסמין 800 גר,,,גריסי חיטה 350 גר,גרמים,800.00,100 גרם,false,1,12.90,1.6125,true,1,111664
7290015611640,false,חומוס 800 גר,,,אפונה צהובה 500 גר,גרמים,800.00,100 גרם,false,1,10.90,1.3625,true,1,111666
7290015611657,false,פשתן 400 גר,,,פשתן 400 גר,גרמים,400.00,100 גרם,false,1,9.90,2.4750,true,1,111667
7290015611664,false,ציא 400 גר,,,ציא 400 גר,גרמים,400.00,100 גרם,false,1,13.90,3.4750,true,1,111668
7290015611671,false,קינואה 400 גר,,,קינואה 400 גר,גרמים,400.00,100 גרם,false,1,11.90,2.9750,true,1,111669
7290015611695,false,בורגול 800 גר,,,פירה בטעם עוף 32 גר,גרמים,800.00,100 גרם,false,1,9.90,1.2375,true,1,115280
7290015611701,false,סולת 800 גר,,,פירה בטעם בקר 32 גר,גרמים,800.00,100 גרם,false,1,9.90,1.2375,true,1,115281
7290015611725,false,פלפל 4 עונות 45 גר,,,פלפל 4 עונות 45 גר,גרמים,45.00,100 גרם,false,1,11.90,26.4444,true,1,115283
7290015611732,false,צילי חריף 40 גר,,,צילי חריף 40 גר,גרמים,40.00,100 גרם,false,1,11.90,29.7500,true,1,115284
7290015611756,false,מלח ים 100 גר,,,מלח ים 100 גר,גרמים,100.00,100 גרם,false,1,11.90,11.9000,true,1,115286
7290015611770,false,מלח עשבי תיבול 100 ג,,,מלח עשבי תיבול 100 גר,גרמים,100.00,100 גרם,false,1,11.90,11.9000,true,1,115288
7290015611787,false,גריסי חיטה 600 גר,,,גרעיני חמניה קלופים 250 גר,גרמים,250.00,100 גרם,false,1,9.90,3.9600,true,1,115289
7290015611909,false,קוקוס טחון 150 גר,,,קוקוס טחון 150 גר,גרמים,150.00,100 גרם,false,1,9.90,6.6000,true,1,115295
7290015611916,false,תבלין לפירות ים 30 ג,,,תבלין לפירות ים 30 גר,גרמים,30.00,100 גרם,false,1,2.90,9.6667,true,1,115306
7290015611923,false,תבלין למרק דגים 30 ג,,,תבלין למרק דגים 30 גר,גרמים,30.00,100 גרם,false,1,2.90,9.6667,true,1,115307
7290015611961,false,שיבולת שועל 400 גר,,,שיבולת שועל 400 גר,גרמים,400.00,100 גרם,false,1,5.90,1.4750,true,1,115298
7290015652070,false,אגוזי קשיו קלויים שש,,,אגוזי קשיו קלויים ששון הקולה 150 גר,גרמים,150.00,100 גרם,false,1,11.90,7.9333,true,1,118433
7290015652087,false,תערובת פיצוחים 150 ג,,,תערובת פיצוחים 150 גר,גרמים,150.00,100 גרם,false,1,14.90,9.9333,true,1,123486
7290015652254,false,גרעיני חמניה קלויים,,,גרעיני חמניה קלויים ששון הקולה 400 גר,גרמים,400.00,100 גרם,false,1,9.90,2.4750,true,1,118457
7290015652261,false,בוטנים קלויים ששון ה,,,בוטנים קלויים ששון הקולה 300 גר,גרמים,300.00,100 גרם,false,1,9.90,3.3000,true,1,118445
7290015652278,false,תערובת פיצוחים ששון,"דין שיווק וקליה בע""מ",,תערובת פיצוחים ששון הקולה 250 גר,גרמים,250.00,100 גרם,false,1,19.90,7.9600,true,1,118548
7290015652292,false,קבוקים עם שומשום ששו,"דין שיווק וקליה בע""מ",,קבוקים עם שומשום ששון הקולה 400 גר,גרמים,400.00,100 גרם,false,1,9.90,2.4750,true,1,118511
7290015652308,false,מנצס ששון הקולה 300,,,מנצס ששון הקולה 300 גר,גרמים,300.00,100 גרם,false,1,9.90,3.3000,true,1,118476
7290015652322,false,בוטנים אמריקאים מצופ,,,בוטנים אמריקאים מצופים ששון הקולה 400 גר,גרמים,400.00,100 גרם,false,1,9.90,2.4750,true,1,118441
7290015652407,false,פיסטוק קלוי ששון הקו,"דין שיווק וקליה בע""מ",,פיסטוק קלוי ששון הקולה 250 גר,גרמים,250.00,100 גרם,false,1,19.90,7.9600,true,1,118496
7290015652568,false,עשבי תיבול לדגים אהר,"דין שיווק וקליה בע""מ",,עשבי תיבול לדגים אהרוני 70 גר,גרמים,70.00,100 גרם,false,1,9.90,14.1429,true,1,118494
7290015652575,false,תערובת תיבול ראס אל,"דין שיווק וקליה בע""מ",,תערובת תיבול ראס אל חנות למאכלי בשר אהרו,גרמים,150.00,100 גרם,false,1,9.90,6.6000,true,1,118550
7290015652582,false,תערובת תיבול חריימה,"דין שיווק וקליה בע""מ",,תערובת תיבול חריימה דג חריף אהרוני 150 ג,גרמים,150.00,100 גרם,false,1,9.90,6.6000,true,1,118549
7290015652599,false,תערובת מתובלת להכנת,"דין שיווק וקליה בע""מ",,תערובת מתובלת להכנת צלי בקר במיכל אהרוני,גרמים,120.00,100 גרם,false,1,9.90,8.2500,true,1,118547
7290015652605,false,פיסטוק קלוף דין שיוו,"דין שיווק וקליה בע""מ",,פיסטוק קלוף דין שיווק וקליה 100 גר,גרמים,100.00,100 גרם,false,1,16.90,16.9000,true,1,118497
7290015652612,false,קורנפלקס שקדיה 750 ג,,,קורנפלקס שקדיה 750 גר,גרמים,750.00,100 גרם,false,1,14.90,1.9867,true,1,138016
7290015699730,false,נוזל רצפות הפי מבושמ,וונדפוט,,נוזל רצפות הפי מבושמת ורוד 1.5 ליטר,ליטרים,1.50,ליטר,false,1,12.90,8.6000,true,1,106036
7290015733120,false,מטרנה גולד שלב 1 700,מטרנה,,מטרנה גולד שלב 1 700 גר,גרמים,700.00,100 גרם,false,1,72.90,10.4143,true,1,115336
7290015733144,false,מטרנה גולד שלב 2 700,מטרנה,,מטרנה גולד שלב 2 700 גר,גרמים,700.00,100 גרם,false,1,72.90,10.4143,true,1,115337
7290015733168,false,מטרנה גולד שלב 3 700,מטרנה,,מטרנה גולד שלב 3 700 גר,גרמים,700.00,100 גרם,false,1,72.90,10.4143,true,1,115338
7290015781138,false,יין אימפרשיין שרדונה,טפרברג,,יין אימפרשיין שרדונה 750 מל,מיליליטרים,750.00,"100 מ""ל",false,1,44.90,5.9867,true,1,96053
7290015804400,false,עגבניות מרוסקות טל 2,טל,,עגבניות מרוסקות טל 260 גר,גרמים,250.00,100 גרם,false,1,3.90,1.5600,true,1,98199
7290015804424,false,עגבניות מרוסקות טל ב,טל,,עגבניות מרוסקות טל בזיליקום 250 גר,גרמים,250.00,100 גרם,false,1,3.90,1.5600,true,1,98200
7290015839006,false,שטרודל במילוי תפוחים,,,שטרודל במילוי תפוחים 560 גר,גרמים,560.00,100 גרם,false,1,27.90,4.9821,true,1,124021
7290015839013,false,שטרודל במילוי גבינה,,,שטרודל במילוי גבינה 560 גר,גרמים,560.00,100 גרם,false,1,27.90,4.9821,true,1,124020
7290015839020,false,שטרודל במילוי פרג 56,,,שטרודל במילוי פרג 560 גר,גרמים,560.00,100 גרם,false,1,27.90,4.9821,true,1,124019
7290015839051,false,שטרודל תפוחים ללא תו,,,שטרודל תפוחים ללא תוספת סוכר קפוא 500 גר,גרמים,500.00,100 גרם,false,1,27.90,5.5800,true,1,129650
7290015839068,false,שטרודל פרג ללא תוספת,,,שטרודל פרג ללא תוספת סוכר קפוא 500 גר,גרמים,500.00,100 גרם,false,1,27.90,5.5800,true,1,129652
7290015839075,false,שטרודל גבינה ללא תוס,,,שטרודל גבינה ללא תוספת סוכר קפוא 500 גר,גרמים,500.00,100 גרם,false,1,27.90,5.5800,true,1,129651
7290015839082,false,שטרודל גבינה ואוכמני,,,שטרודל גבינה ואוכמניות קפוא 500 גר,גרמים,500.00,100 גרם,false,1,27.90,5.5800,true,1,129653
7290015850452,false,גיוזה עוף 240 גר,,,גיוזה עוף 240 גר,גרמים,240.00,100 גרם,false,1,25.90,10.7917,true,1,120424
7290015856171,false,בייגלה הדר שמיניות מ,,,בייגלה הדר שמיניות מלח 200 גר,גרמים,200.00,100 גרם,false,1,3.90,1.9500,true,1,141619
7290015856492,false,קרקר הדר חטיפית מלח,,,קרקר הדר חטיפית מלח 180 גר,גרמים,180.00,100 גרם,false,1,3.90,2.1667,true,1,141611
7290015856539,false,קרקר הדר חטיפית דגים,,,קרקר הדר חטיפית דגים 180 גר,גרמים,180.00,100 גרם,false,1,3.90,2.1667,true,1,141614
7290015856973,false,ביסקוויט תה ונילו לל,,,ביסקוויט תה ונילו ללא סוכר 150 גר,גרמים,150.00,100 גרם,false,1,5.90,3.9333,true,1,141625
7290015856980,false,ביסקוויט תה שוקו ללא,,,ביסקוויט תה שוקו ללא סוכר 150 גר,גרמים,150.00,100 גרם,false,1,5.90,3.9333,true,1,141626
7290015858106,false,פסטו ביתי עללחם 180,,,פסטו ביתי עללחם 180 גר,גרמים,180.00,100 גרם,false,1,17.90,9.9444,true,1,122486
7290015858113,false,ממרח עגבניות מיובשות,,,ממרח עגבניות מיובשות עללחם 180 גר,גרמים,180.00,100 גרם,false,1,17.90,9.9444,true,1,122491
7290015858229,false,טפנד זיתי קלמטה עללח,,,טפנד זיתי קלמטה עללחם 180 גר,גרמים,180.00,100 גרם,false,1,17.90,9.9444,true,1,122487
7290015858243,false,צימיצורי עללחם 180 ג,,,צימיצורי עללחם 180 גר,גרמים,180.00,100 גרם,false,1,17.90,9.9444,true,1,122488
7290015858687,false,רוטב איולי שום עללחם,אסם,,רוטב איולי שום עללחם 295 גר,גרמים,295.00,100 גרם,false,1,15.90,5.3898,true,1,142700
7290015888028,false,אורז בסמטי ריהאן 1 ק,,,"אורז בסמטי ריהאן 1 ק""ג",קילוגרמים,1.00,"ק""ג",false,1,11.90,11.9000,true,1,104493
7290015888103,false,גריסי פנינה שוקחה 1,,,"גריסי פנינה שוקחה 1 ק""ג",קילוגרמים,1.00,"ק""ג",false,1,9.90,9.9000,true,1,111586
7290015888110,false,קינואה לבנה שוקחה 1,,,"קינואה לבנה שוקחה 1 ק""ג",קילוגרמים,1.00,"ק""ג",false,1,21.90,21.9000,true,1,111589
7290015888196,false,שמן חמניות שוקחה 1 ל,,,שמן חמניות שוקחה 1 ל,ליטרים,1.00,ליטר,false,1,14.90,14.9000,true,1,111568
7290015888301,false,שמן חמניות 3 ל,,,שמן חמניות 3 ל,ליטרים,3.00,ליטר,false,1,43.90,14.6333,true,1,117929
7290015968102,false,קיסמי שיניים רפואיים,W.H.J.C.CO,,קיסמי שיניים רפואיים עם חוט דנטאלי 100 י,Unknown,0.00,Unknown,false,1,18.90,0.0000,true,1,102663
7290015968119,false,משטח מיקרופייבר דו צ,T.M.J.T.CO,,משטח מיקרופייבר דו צדדי לייבוש כלים,Unknown,0.00,Unknown,false,1,14.90,0.0000,true,1,102660
7290015968140,false,אטבי אחיזה רחבה בעיצ,H.J.E,,אטבי אחיזה רחבה בעיצוב איטלקי 36 יח,Unknown,0.00,Unknown,false,1,18.90,0.0000,true,1,102662
7290015968362,false,נורת לד כדור 5.5 וול,F.E.CO,,נורת לד כדור 5.5 וולט אור לבן,Unknown,0.00,Unknown,false,1,14.90,0.0000,true,1,105353
7290015968379,false,נורת לד כדור 5.5 וול,F.E.CO,,נורת לד כדור 5.5 וולט אור לבן,Unknown,0.00,Unknown,false,1,14.90,0.0000,true,1,105354
7290015968782,false,פדים להסרת איפור 80,S.T.O.CO,,פדים להסרת איפור 80 יח שלישייה,Unknown,0.00,Unknown,false,1,19.90,0.0000,true,1,110280
7290015989190,false,לחם מינסקי 450 גר,,,לחם מינסקי 450 גר,גרמים,450.00,100 גרם,false,1,15.90,3.5333,true,1,111404
7290015996983,false,סוכרזית סוכרלוז 100,,,סוכרלוז 0 קלוריות 130 גר,גרמים,100.00,100 גרם,false,1,28.90,28.9000,true,1,114922
7290016006025,false,סודה שוופס 500 מל,,,"סודה שוופס 500 מ""ל",מיליליטרים,500.00,"100 מ""ל",false,1,2.90,0.5800,true,1,100846
7290016006292,false,ספרינג מנגו בננה מלו,"יפאורה תבורי בע""מ",,ספרינג מנגו בננה מלון 1 ליטר,ליטרים,1.00,ליטר,false,1,6.90,6.9000,true,1,99976
7290016006339,false,רביעית מים מינרליים,,,מים מינרליים מי עדן 1 ל רביעייה,ליטרים,4.00,ליטר,false,1,12.90,3.2250,true,1,100279
7290016006346,false,סודה שוופס אוריגינל,,,"סודה שוופס אוריגינל 500 מ""ל שישייה",ליטרים,3.00,ליטר,false,1,15.90,5.3000,true,1,99694
7290016028157,false,כוס ליקר 50 יח דנטס,,,כוס ליקר 50 יח,Unknown,0.00,Unknown,false,1,8.90,0.0000,true,1,105292
7290016028683,false,קיסמי מעוטרים 50 יח,,,קיסמי מעוטרים 50 יח,Unknown,0.00,Unknown,false,1,5.90,0.0000,true,1,103413
7290016028867,false,נר מחליף 4 צבעים,,,נר מחליף 4 צבעים,Unknown,0.00,Unknown,false,1,10.90,0.0000,true,1,105294
7290016076011,false,לבש ארמני 330 גר,,,לבש ארמני 330 גר,גרמים,330.00,100 גרם,false,1,15.90,4.8182,true,1,124916
7290016077759,false,רוטב היינץ ברביקיו ק,,,רוטב היינץ ברביקיו קלאסי 480 גר,גרמים,480.00,100 גרם,false,1,16.90,3.5208,true,1,111034
7290016080551,false,מתבל עגבניות היינץ א,היינץ,,מתבל עגבניות היינץ אורגני 580 גר,גרמים,580.00,100 גרם,false,1,14.90,2.5690,true,1,103893
7290016087147,false,רוטב עגבניות פריניר,,,רוטב עגבניות פריניר לפיצה מרגריטה 240 גר,גרמים,240.00,100 גרם,false,1,5.90,2.4583,true,1,108748
7290016087222,false,עגבניות מרוסקות פרינ,,,עגבניות מרוסקות פריניר לשקשוקה 230 גר,גרמים,230.00,100 גרם,false,1,5.90,2.5652,true,1,110320
7290016087499,false,עגבניות חתוכות דק פר,פריניר,,עגב חתוך דק  פריניר שלישייה,Unknown,0.00,Unknown,false,1,11.90,0.0000,true,1,126358
7290016096934,false,סלט טונה פילטונה 160,,,זוגות סלט טונה 160 גר,גרמים,160.00,100 גרם,false,1,11.90,7.4375,true,1,134374
7290016114300,false,נייר טואלט לילי לבן,,,נייר טואלט לילי לבן דאבל 16 גל,Unknown,0.00,Unknown,false,1,37.90,0.0000,true,1,102609
7290016144048,false,קמח כוסמין לבן 1 קג,,,קמח כוסמין לבן 1 קג,קילוגרמים,1.00,"ק""ג",false,1,14.90,14.9000,true,1,140588
7290016144062,false,קמח שיפון מלא 1 קג,,,קמח שיפון מלא 1 קג,קילוגרמים,1.00,"ק""ג",false,1,8.90,8.9000,true,1,140590
7290016144093,false,קמח לחם 1 קג,,,קמח לחם 1 קג,קילוגרמים,1.00,"ק""ג",false,1,7.90,7.9000,true,1,140593
7290016144116,false,קמח תופח 1 קג,,,קמח תופח 1 קג,קילוגרמים,1.00,"ק""ג",false,1,8.90,8.9000,true,1,140589
7290016150117,false,סלק אדום מקולף ומבוש,ג'ואן,,סלק אדום מקולף ומבושל 500 גר,גרמים,500.00,100 גרם,false,1,6.90,1.3800,true,1,111848
7290016150711,false,נוזל קוקוס אבאל פחית,,,נוזל קוקוס אבאל פחית 400 גר,גרמים,400.00,100 גרם,false,1,5.90,1.4750,true,1,120645
7290016188592,false,יין מבעבע למברוסקו א,,,"יין מבעבע למברוסקו אדום חצי יבש 750 מ""ל",מיליליטרים,750.00,"100 מ""ל",false,1,29.90,3.9867,true,1,98375
7290016188608,false,יין מבעבע למברוסקו ל,,,"יין מבעבע למברוסקו לבן חצי יבש 750 מ""ל",מיליליטרים,750.00,"100 מ""ל",false,1,29.90,3.9867,true,1,98376
7290016197488,false,מטליות קסם ניקול לשי,,,מטליות קסם ניקול לשיש שלישייה,Unknown,0.00,Unknown,false,1,10.90,0.0000,true,1,101209
7290016197495,false,מטליות קסם ניקול לרצ,,,מטליות קסם ניקול לרצפה מארז זוג,Unknown,0.00,Unknown,false,1,19.90,0.0000,true,1,100565
7290016197839,false,שקיות אשפה חזקות,ניקול,,שקיות אשפה חזקות במיוחד 10 יח,Unknown,0.00,Unknown,false,1,24.90,0.0000,true,1,99278
7290016233384,false,גפילטע פיש 7 קציצות,,,גפילטע פיש 7 קציצות 555 גר,גרמים,555.00,100 גרם,false,1,14.90,2.6847,true,1,102228
7290016233575,false,שיבולת שועל 600 גר,,,שיבולת שועל 600 גר,גרמים,600.00,100 גרם,false,1,6.90,1.1500,true,1,107137
7290016233711,false,לה פסטה לינגוויני 40,,,לה פסטה לינגוויני 400 גר,גרמים,400.00,100 גרם,false,1,3.90,0.9750,true,1,113666
7290016245608,false,לחם משפחתי 1100 גר,,,לחם משפחתי 1100 גר,גרמים,1100.00,100 גרם,false,1,18.90,1.7182,true,1,141728
7290016245615,false,לחם שיפון 600 גר,,,לחם שיפון 600 גר,גרמים,600.00,100 גרם,false,1,20.90,3.4833,true,1,141730
7290016245653,false,לחם סנדוויץ חצי משפח,,,לחם סנדוויץ חצי משפחתי 550 גר,גרמים,550.00,100 גרם,false,1,16.90,3.0727,true,1,141729
7290016245769,false,לחם כוסמין 600 גר,,,לחם כוסמין 600 גר,גרמים,600.00,100 גרם,false,1,18.90,3.1500,true,1,141731
7290016245806,false,מארז לחמניות המבורגר,ביכורים,,מארז לחמניות המבורגר 450 גר,גרמים,450.00,100 גרם,false,1,16.90,3.7556,true,1,131806
7290016245929,false,לחם טחינה עשיר בחלבו,,,לחם טחינה עשיר בחלבון 450 גר,גרמים,450.00,100 גרם,false,1,27.90,6.2000,true,1,138584
7290016245974,false,מארז לחמניות כוסמין,,,מארז לחמניות כוסמין 400 גר,גרמים,400.00,100 גרם,false,1,16.90,4.2250,true,1,141734
7290016276763,false,מעדן שזיף ללא תוספת,,,מעדן שזיף ללא תוספת סוכר שקדיה 284 גר,גרמים,284.00,100 גרם,false,1,8.90,3.1338,true,1,118483
7290016304596,false,לחמניות רגילות 75 גר,מאפיית דווידוביץ ובנ,,לחמניות רגילות 75 גר 10 יח,גרמים,750.00,100 גרם,false,1,12.90,1.7200,true,1,127586
7290016319309,false,אל סבון פמילי מאסק ע,אינטרקוסמא,,"אל סבון ""פמילי"" מאסק+משאבה 1 ל",ליטרים,1.00,ליטר,false,1,11.90,11.9000,true,1,103227
7290016320343,false,טואלט דאק בניחוח לבנ,SC Jonson,,דאק זוג גל לניקוי מתקדם בניחוח לבנדר,ליטרים,1.50,ליטר,false,1,15.90,10.6000,true,1,112446
7290016321326,false,אל סבון פמילי מנדרינ,אינטרקוסמא,,אל סבון פמילי מנדרינה לואיזה+ משאבה 1 ל,ליטרים,1.00,ליטר,false,1,11.90,11.9000,true,1,138767
7290016321661,false,מגבונים פרש וואנס רב,גניר,,מגבונים פרש וואנס רביעייה סנסיטיב קר,Unknown,0.00,Unknown,false,1,16.90,0.0000,true,1,122167
7290016321678,false,מגבונים לחים פרש ווא,גניר,,מגבונים לחים פרש וואנס רביעייה,Unknown,0.00,Unknown,false,1,16.90,0.0000,true,1,122166
7290016321883,false,נייר טואלט לח פרש וו,,,נייר טואלט לח פרשו וואנס לילדים שלישייה,Unknown,0.00,Unknown,false,1,13.90,0.0000,true,1,120004
7290016321890,false,נייר טואלט לח פרשו ו,,,נייר טואלט לח פרשו וואנס למבוגרים שלישיי,Unknown,0.00,Unknown,false,1,13.90,0.0000,true,1,120003
7290016370225,false,תחתיות ארטישוק 400 ג,,,תחתיות ארטישוק 400 גר,גרמים,400.00,100 גרם,false,1,7.90,1.9750,true,1,133910
7290016370263,false,זית חרוזית ירוק 200,,,חרוזית ירוק שלישייה 200 גר,גרמים,600.00,100 גרם,false,1,12.90,2.1500,true,1,133359
7290016370300,false,זית קלמטה שלם 580 גר,,,זית קלמטה שלם 580 גר,גרמים,580.00,100 גרם,false,12,14.90,2.5690,true,1,131146
7290016370904,false,זית חרוזית ירוק יבנה,,,זית חרוזית ירוק יבנה 400 גר,גרמים,400.00,100 גרם,false,1,6.90,1.7250,true,1,116149
7290016370959,false,חציל קלוי פירה צנצנת,,,חציל קלוי פירה צנצנת 580 גר,גרמים,580.00,100 גרם,false,1,10.90,1.8793,true,1,116152
7290016370973,false,פלפל קלוי צנצנת 580,,,פלפל קלוי צנצנת 580 גר,גרמים,580.00,100 גרם,false,1,10.90,1.8793,true,1,116154
7290016372373,false,רסק עגבניות גרנד איט,,,רסק עגבניות גרנד איטליה 135 גר זוג,גרמים,280.00,100 גרם,false,1,7.90,2.8214,true,1,110662
7290016372397,false,תה ירוק תפוז גינגר ו,ויסוצקי,,תה ירוק תפוז גינגר וכורכום  25 שק,גרמים,38.00,100 גרם,false,1,24.90,65.5263,true,1,110397
7290016408133,false,כעכים טרליני בטעם בצ,,,כעכים טרליני בטעם בצל וזיתים 225 ג,גרמים,225.00,100 גרם,false,1,6.90,3.0667,true,1,107987
7290016408164,false,כעכים טרליני בטעם שו,,,כעכים טרליני בטעם שום וצילי פיקנטי 225 ג,גרמים,225.00,100 גרם,false,1,6.90,3.0667,true,1,107985
7290016408423,false,קרקר עם זיתים שחורים,,,קרקר עם זיתים שחורים ושום 130 גר,גרמים,130.00,100 גרם,false,1,6.90,5.3077,true,1,107991
7290016408447,false,קרקר עם עגבניות ובזי,,,קרקר עם עגבניות ובזיליקום  130 גר,גרמים,130.00,100 גרם,false,1,6.90,5.3077,true,1,107993
7290016408744,false,מרשמלו כרמית טוויסטר,Carmit,,מרשמלו כרמית טוויסטר בדצ 150 גר,גרמים,150.00,100 גרם,false,1,5.90,3.9333,true,1,108043
7290016437614,false,תחתוני חיתולים האגיס,,,תחתוני חיטולים האגיס פרידום דריי מידה 3,Unknown,0.00,Unknown,false,1,44.90,0.0000,true,1,106426
7290016437621,false,תחתוני חיתולים האגיס,,,תחתוני חיטולים האגיס פרידום דריי מידה 4,Unknown,0.00,Unknown,false,1,44.90,0.0000,true,1,106427
7290016437645,false,תחתוני חיתולים האגיס,,,תחתוני חיטולים האגיס פרידום דריי מידה 5,Unknown,0.00,Unknown,false,1,44.90,0.0000,true,1,106428
7290016437652,false,תחתוני חיתולים האגיס,,,תחתוני חיטולים האגיס פרידום דריי מידה 6,Unknown,0.00,Unknown,false,1,44.90,0.0000,true,1,106429
7290016448399,false,אפונה ירוקה במי מלח,,,אפונה ירוקה במי מלח 685 גר,גרמים,685.00,100 גרם,false,1,11.90,1.7372,true,1,135178
7290016448481,false,כבד דג שיבוט 202 גר,,,כבד דג שיבוט 202 גר,גרמים,202.00,100 גרם,false,1,17.90,8.8614,true,1,120337
7290016448634,false,שפרוטים מעושנים בשמן,,,שפרוטים מעושנים בשמן 240 גר,גרמים,240.00,100 גרם,false,1,14.90,6.2083,true,1,132333
7290016448771,false,משקה על בסיס מיץ אפר,,,משקה על בסיס מיץ אפרסק עם זרעי ציה 290 מ,מיליליטרים,290.00,"100 מ""ל",false,24,6.90,2.3793,true,1,125852
7290016448788,false,משקה על בסיס מיץ אננ,,,משקה על בסיס מיץ אננס עם זרעי ציה 290 מל,מיליליטרים,290.00,"100 מ""ל",false,24,6.90,2.3793,true,1,125853
7290016448795,false,משקה על בסיס מיץ פיר,,,משקה על בסיס מיץ פירות עם זרעי ציה 290 מ,מיליליטרים,290.00,"100 מ""ל",false,24,6.90,2.3793,true,1,125854
7290016448801,false,משקה על בסיס מיץ קיו,,,משקה על בסיס מיץ קיווי עם זרעי ציה 290 מ,מיליליטרים,290.00,"100 מ""ל",false,24,6.90,2.3793,true,1,125855
7290016448894,false,ביצקי ברוטב עגבניות,,,ביצקי ברוטב עגבניות 240 גר,גרמים,240.00,100 גרם,false,24,6.90,2.8750,true,1,126842
7290016448924,false,מקרל אטלנטי ברוטב עג,,,מקרל אטלנטי ברוטב עגבניות ריגה סטאר,גרמים,200.00,100 גרם,false,24,6.90,3.4500,true,1,130097
7290016476606,false,יין רוזה מאליז 750 מ,,,יין רוזה מאליז 750 מל,מיליליטרים,750.00,"100 מ""ל",false,6,79.90,10.6533,true,1,131840
7290016509786,false,גל כביסה פרסיל ירוק,,,גל כביסה פרסיל ירוק 2.5 ל,ליטרים,2.50,ליטר,false,6,29.90,11.9600,true,1,119329
7290016509823,false,גל כביסה פרסיל בלו 2,,,גל כביסה פרסיל בלו 2.5 ל,ליטרים,2.50,ליטר,false,6,29.90,11.9600,true,1,119331
7290016509830,false,גל כביסה פרסיל בייבי,,,גל כביסה פרסיל בייבי 2.5 ל,ליטרים,2.50,ליטר,false,6,29.90,11.9600,true,1,119332
7290016513240,false,אוכמניות כחולות 250,,,אוכמניות כחולות 250 גר,גרמים,250.00,100 גרם,false,1,14.90,5.9600,true,1,104301
7290016513288,false,פטל אדום 250 גר,,,פטל אדום 250 גר,גרמים,250.00,100 גרם,false,1,19.90,7.9600,true,1,104303
7290016513301,false,דומדמנית שחורה 250 ג,,,דומדמנית שחורה 250 גר,גרמים,250.00,100 גרם,false,1,11.90,4.7600,true,1,104294
7290016513318,false,אוכמניות שחורות 250,,,אוכמניות שחורות 250 גר,גרמים,250.00,100 גרם,false,1,14.90,5.9600,true,1,104304
7290016513325,false,דובדבן 250 גר,,,דובדבן 250 גר,גרמים,250.00,100 גרם,false,1,11.90,4.7600,true,1,104295
7290016513332,false,מיקס פירות 250 גר,,,מיקס פירות 250 גר,גרמים,250.00,100 גרם,false,1,11.90,4.7600,true,1,104296
7290016523195,false,סטימר עץ 8,Fujian fuzhou tian s,,סטימר עץ 8,Unknown,0.00,Unknown,false,1,39.90,0.0000,true,1,103999
7290016523447,false,אטריות ביצים 300 גר,,,אטריות ביצים 300 גר,גרמים,300.00,100 גרם,false,1,7.90,2.6333,true,1,109303
7290016580792,false,צלחת פרח 7 קרם עם עי,,,"צלחת פרח 7"" קרם עם עיטור זהב 10 יח",Unknown,0.00,Unknown,false,1,16.90,0.0000,true,1,129306
7290016580815,false,צלחת פרח 10.25 קרם ע,,,"צלחת פרח 10.25"" קרם עם עיטור זהב 10 יח",Unknown,0.00,Unknown,false,1,29.90,0.0000,true,1,129308
7290016584011,false,חטיפוני גזר 350 גר,,,חטיפוני גזר 350 גר,גרמים,350.00,100 גרם,false,1,9.90,2.8286,true,1,102200
7290016584103,false,גזר צבעוני,,,גזר צבעוני,Unknown,0.00,Unknown,false,1,12.90,0.0000,true,1,129831
7290016584219,false,שעועית ירוקה שלמה טר,,,שעועית ירוקה שלמה טריה 410 גר,גרמים,410.00,100 גרם,false,1,12.90,3.1463,true,1,129830
7290016667059,false,מייפל טהור 100% 250,l.p.mapple,,"מייפל טהור 100% 250 מ""ל",מיליליטרים,250.00,"100 מ""ל",false,1,32.90,13.1600,true,1,111846
7290016667080,false,חטיף ציפס טורטיה ברב,ROGER&ROGER,,חטיף ציפס טורטיה ברביקיו 250 גר,גרמים,250.00,100 גרם,false,1,9.90,3.9600,true,1,103198
7290016667097,false,חטיף ציפס טורטיה מלו,ROGER&ROGER,,חטיף ציפס טורטיה מלוח 250 גר,גרמים,250.00,100 גרם,false,1,9.90,3.9600,true,1,103199
7290016667158,false,חרדל דיזון צנצנת 370,קובינור,,חרדל דיזון צנצנת 370 גר,גרמים,370.00,100 גרם,false,1,9.90,2.6757,true,1,105273
7290016667431,false,טורטיה ענק 30 סמ 540,SINNACK,DE,"טורטיה ענק 30 ס""מ 540 גר",גרמים,540.00,100 גרם,false,12,11.90,2.2037,true,1,116836
7290016667462,false,מארז פריכיות אורז 26,פרח תעשיות,,מארז פריכיות אורז 265 גר,גרמים,265.00,100 גרם,false,1,12.90,4.8679,true,1,115129
7290016667578,false,ניוקי מתפוחי אדמה נא,DIEMME,IT,"ניוקי רגיל/קטן 1 ק""ג",קילוגרמים,1.00,"ק""ג",false,12,11.90,11.9000,true,1,121541
7290016667639,false,שקיות אשפה גופייה ענ,BAAECO,,שקיות אשפה גופייה ענק 75/90,Unknown,0.00,Unknown,false,1,12.90,0.0000,true,1,123923
7290016667936,false,תבניות קאפקייק,,,תבניות קאפקייק,Unknown,0.00,Unknown,false,1,8.90,0.0000,true,1,138588
7290016682182,false,שייק תמר בננה מופחת,,,שייק תמר בננה מופחת סוכר 1 ל,ליטרים,1.00,ליטר,false,1,15.90,15.9000,true,1,106316
7290016682199,false,שייק תות בננה מופחת,,,שייק תות בננה מופחת סוכר 1 ל,ליטרים,1.00,ליטר,false,1,15.90,15.9000,true,1,106317
7290016682250,false,מיץ פריניב תפוז גזר,,,מיץ פריניב תפוז גזר 1 ל,ליטרים,1.00,ליטר,false,9,15.90,15.9000,true,1,142316
7290016682335,false,מיץ תפוזים סחוט 2 ל,,,מיץ תפוזים סחוט 2 ל,ליטרים,2.00,ליטר,false,1,24.90,12.4500,true,1,137467
7290016682342,false,מיץ תפוז ולנסיה סחוט,,,מיץ תפוז ולנסיה סחוט 2 ל,ליטרים,2.00,ליטר,false,1,26.90,13.4500,true,1,137468
7290016682359,false,מיץ תפוז שמוטי סחוט,,,מיץ תפוז שמוטי סחוט 2 ל,ליטרים,2.00,ליטר,false,1,26.90,13.4500,true,1,137469
7290016682366,false,מיץ תפוחים צלול 2 ל,,,מיץ תפוחים צלול 2 ל,ליטרים,2.00,ליטר,false,1,24.90,12.4500,true,1,137470
7290016682373,false,מיץ לימונדה בלדי 2 ל,,,מיץ לימונדה בלדי 2 ל,ליטרים,2.00,ליטר,false,1,24.90,12.4500,true,1,137471
7290016682380,false,משקה לימונדה לואיזה,,,מיץ לימונדה לואיזה 2 ל,ליטרים,2.00,ליטר,false,1,24.90,12.4500,true,1,137472
7290016682397,false,נקטר פריניב חמוציות,,,נקטר פרי ניב חמוציות 2 ל,ליטרים,2.00,ליטר,false,1,24.90,12.4500,true,1,137473
7290016717044,false,יין מבעבע באז 750 מל,,,"יין מבעבע באז 750 מ""ל",מיליליטרים,750.00,"100 מ""ל",false,1,29.90,3.9867,true,1,120030
7290016717051,false,משקה מוגז באז רימון,,,"יין באז רימון מ""ל",מיליליטרים,750.00,"100 מ""ל",false,12,29.90,3.9867,true,1,125508
7290016717099,false,יין סלקטד אדום חצי י,,,"יין אדום חצי יבש סלקטד 750 מ""ל",מיליליטרים,750.00,"100 מ""ל",false,1,29.90,3.9867,true,1,104154
7290016717754,false,יין ישן נושן אדום ממ,,,"יין ישן נושן אדום ממותק 750 מ""ל",מיליליטרים,750.00,"100 מ""ל",false,1,22.90,3.0533,true,1,115978
7290016823004,false,בזיליקום,,,בזיליקום,Unknown,0.00,Unknown,false,1,4.90,0.0000,true,1,107255
7290016823011,false,רוקולה,,,רוקולה,Unknown,0.00,Unknown,false,1,4.90,0.0000,true,1,107256
7290016823028,false,עירית,,,עירית,Unknown,0.00,Unknown,false,1,4.90,0.0000,true,1,107257
7290016823042,false,אורגנו,,,אורגנו,Unknown,0.00,Unknown,false,1,4.90,0.0000,true,1,107259
7290016823059,false,טימין,,,טימין,Unknown,0.00,Unknown,false,1,4.90,0.0000,true,1,107260
7290016823257,false,חסה סלנובה,מרינה פטריות הגליל,,חסה סלנובה,Unknown,0.00,Unknown,false,1,12.90,0.0000,true,1,106497
7290016823264,false,עשב לימון,,,עשב לימון,Unknown,0.00,Unknown,false,1,4.90,0.0000,true,1,107263
7290016823523,false,צנונית ארוזה 500 גר,,,צנונית ארוזה,גרמים,500.00,100 גרם,false,1,5.90,1.1800,true,1,115063
7290016866643,false,משחת שיניים פרודונטק,,,משחת שיניים פרודונטקס פרש 75 מל,מיליליטרים,75.00,"100 מ""ל",false,1,29.90,39.8667,true,1,120662
7290016866650,false,משחת שיניים פרודונטק,,,משחת שיניים פרודונטקס אוריגינל 75 מל,מיליליטרים,75.00,"100 מ""ל",false,1,29.90,39.8667,true,1,120664
7290016866674,false,משחת שיניים פרדונטקס,,,משחת שיניים פרדונטקס מלבינה 75 מל,מיליליטרים,75.00,"100 מ""ל",false,1,29.90,39.8667,true,1,120665
7290016866728,false,מסכה סטייל קרטין פלו,,,מסכה סטייל קרטין פלוס 500 מל,מיליליטרים,500.00,"100 מ""ל",false,1,26.90,5.3800,true,1,138367
7290016866735,false,קרם לחות סטייל קרטין,,,קרם לחות סטייל קרטין פלוס 400 מל,מיליליטרים,400.00,"100 מ""ל",false,1,26.90,6.7250,true,1,138368
7290016883091,false,חרדל דיזון 350 גר,,,חרדל דיזון 350 גר,גרמים,350.00,100 גרם,false,1,10.90,3.1143,true,1,140705
7290017023212,false,משקה מוגז שוופס פירו,,,משקה מוגז שוופס פירות תפוח פחית רביעייה,מיליליטרים,1320.00,"100 מ""ל",false,1,14.90,1.1288,true,1,113472
7290017023229,false,משקה מוגז שוופס פירו,,,משקה מוגז שוופס פירות תות ליים  רביעייה,מיליליטרים,1320.00,"100 מ""ל",false,1,14.90,1.1288,true,1,113473
7290017023236,false,משקה מוגז שוופס פירו,,,משקה מוגז שוופס פירות ענבים פח  רביעייה,מיליליטרים,1320.00,"100 מ""ל",false,1,14.90,1.1288,true,1,113474
7290017023663,false,שוופס מוגז פירות למו,,,רביעיית פחיות שוופס מוגז פירות למונייד,מיליליטרים,1320.00,"100 מ""ל",false,1,14.90,1.1288,true,1,115620
7290017034065,false,אסותא אבקת כביסה 1.2,,,"אסותא אבקת כביסה 1.25 ק""ג",קילוגרמים,1.25,"ק""ג",false,1,8.90,7.1200,true,1,120712
7290017044019,false,מטליות לחות אסותא לנ,,,מטליות לחות אסותא לניקוי כללי 400 יח,Unknown,0.00,Unknown,false,1,19.90,0.0000,true,1,107103
7290017044071,false,מטליות לחים אסותא לנ,,,מטליות לחים אסותא לניקוי כללי תפוח דלי,יחידה,400.00,יחידה,false,1,19.90,0.0497,true,1,112172
7290017044293,false,אסותא דלי מטליות לרצ,,,אסותא דלי מטליות לרצפה 50 יח,Unknown,0.00,Unknown,false,6,29.90,0.0000,true,1,130354
7290017058139,false,רסק תפוח עץ עם תות ש,Cherry growers inc,,רביעיית רסק תפוח עץ עם תות שדה 113 גרם,גרמים,452.00,100 גרם,false,1,12.90,2.8540,true,1,111779
7290017058146,false,רסק תפוח עץ עם אפרסק,Cherry growers inc,,רביעיית רסק תפוח עץ עם אפרסק,גרמים,452.00,100 גרם,false,1,12.90,2.8540,true,1,111778
7290017058832,false,תרסיס שמן חמניות 142,,,תרסיס שמן חמניות 142 גר,גרמים,142.00,100 גרם,false,1,16.90,11.9014,true,1,120837
7290017062662,false,מרכך כביסה מרוכז כתו,,,מרכך כביסה מרוכז כתום טאצ 1 ל,ליטרים,1.00,ליטר,false,12,12.90,12.9000,true,1,131435
7290017062679,false,מרכך כביסה מרוכז צהו,,,מרכך כביסה מרוכז צהוב טאצ 1 ל,ליטרים,1.00,ליטר,false,12,12.90,12.9000,true,1,131437
7290017062686,false,מרכך כביסה מרוכז ביי,,,מרכך כביסה מרוכז בייבי טאצ 1 ל,ליטרים,1.00,ליטר,false,5,12.90,12.9000,true,1,131432
7290017062693,false,מרכך כביסה מרוכז לבן,,,מרכך כביסה מרוכז לבן טאצ 1 ל,ליטרים,1.00,ליטר,false,12,12.90,12.9000,true,1,131436
7290017062709,false,מרכך כביסה מרוכז בור,,,מרכך כביסה מרוכז בורדו טאצ 1 ל,ליטרים,1.00,ליטר,false,5,12.90,12.9000,true,1,131431
7290017062716,false,מרכך כביסה מרוכז ורו,,,מרכך כביסה מרוכז ורוד טאצ 1 ל,ליטרים,1.00,ליטר,false,5,12.90,12.9000,true,1,131433
7290017062723,false,מרכך כביסה מרוכז ירו,,,מרכך כביסה מרוכז ירוק טאצ 1 ל,ליטרים,1.00,ליטר,false,5,12.90,12.9000,true,1,131434
7290017062730,false,נוזל כלים לבנדר 36%,,,נוזל כלים לבנדר 36% 750 מל טאצ+משאבה,מיליליטרים,750.00,"100 מ""ל",false,1,9.90,1.3200,true,1,130542
7290017062747,false,נוזל כלים תפוח 36% 7,,,נוזל כלים תפוח 36% 750 מל טאצ+משאבה,מיליליטרים,750.00,"100 מ""ל",false,1,9.90,1.3200,true,1,130544
7290017062754,false,נוזל כלים לימון 36%,,,נוזל כלים לימון 36% 750 מל טאצ+משאבה,מיליליטרים,750.00,"100 מ""ל",false,1,9.90,1.3200,true,1,130543
7290017062891,false,פלירוסול קצף לכלים ב,,,פלירוסול קצף לכלים בניחוח תפוח טאצ 500 מ,מיליליטרים,500.00,"100 מ""ל",false,1,21.90,4.3800,true,1,138262
7290017065007,true,גבינה מוצרלה פרוס 22,,,גבינה מוצרלה פרוס 22% 200 גר,גרמים,200.00,100 גרם,false,1,17.90,8.9500,true,1,106405
7290017065236,false,בולגרית מעודנת 24% 2,,,בולגרית מעודנת 24% 250 גר,גרמים,250.00,100 גרם,false,1,21.90,8.7600,true,1,114001
7290017065786,false,גבינת צדר אנגלית 210,,IL,גבינת צדר אנגלית 210 גר,גרמים,210.00,100 גרם,false,12,19.90,9.4762,true,1,135374
7290017088914,false,מגבוני בייביסיטר מבו,,,שישיית מגבוני בייביסיטר מבושם 66 יח,Unknown,0.00,Unknown,false,1,17.90,0.0000,true,1,132809
7290017088969,false,חיתולי בייביסיטר מיד,,,חיתולי בייביסיטר מידה 1 42 יח,Unknown,0.00,Unknown,false,4,29.90,0.0000,true,1,138559
7290017088983,false,חיתולי בייביסיטר מיד,,,חיתולי בייביסיטר מידה 2 38 יח,Unknown,0.00,Unknown,false,4,29.90,0.0000,true,1,138560
7290017105895,false,גרגירי חומוס מסעדות,,,גרגרי חומוס מסעדות יכין 550 גר,גרמים,550.00,100 גרם,false,12,9.90,1.8000,true,1,128600
7290017106069,false,קוביות סלק יכין 550,יכין,,קוביות סלק יכין 550 גר,גרמים,550.00,100 גרם,false,1,8.90,1.6182,true,1,126965
7290017121048,false,פלפל צומה עללחם 250,,,פלפל צומה עללחם 250 גר,גרמים,250.00,100 גרם,false,1,14.90,5.9600,true,1,122492
7290017121093,false,אריסה חריפה עללחם 25,,,אריסה חריפה  עללחם 250 גר,גרמים,250.00,100 גרם,false,1,14.90,5.9600,true,1,122494
7290017129495,false,אגו מיקס כדורי תירס,כרמית,,אגו מיקס כדורי תירס מצופים שוקולד חלב 55,גרמים,55.00,100 גרם,false,24,3.90,7.0909,true,1,111915
7290017129518,false,אגו מיקס כדורי תירס,כרמית,,אגו מיקס כדורי תירס מצופה שוקולד חלב לבן,גרמים,55.00,100 גרם,false,24,3.90,7.0909,true,1,111916
7290017129761,false,שוקולד כרמית פרמיום,,,עוגיות גרנולה כרמית עם אגוזים 120 גר,גרמים,100.00,100 גרם,false,24,7.90,7.9000,true,1,115587
7290017129778,false,שוקולד כרמית פרמיום,,,עוגיות גרנולה כרמית עם אגוזים 120 גר,גרמים,100.00,100 גרם,false,24,7.90,7.9000,true,1,115588
7290017129846,false,מיני עוגיות קוקיס בט,Carmit,,מיני עוגיות קוקיס בטעם קרמל 600 גר,גרמים,600.00,100 גרם,false,1,15.90,2.6500,true,1,115463
7290017142005,false,שמן קוקוס עץ הזית או,,,שמן קוקוס עץ הזית אורגני כתית 320 מל,מיליליטרים,320.00,"100 מ""ל",false,1,29.90,9.3437,true,1,107653
7290017142012,false,שמן קוקוס עץ הזית או,,,שמן קוקוס עץ הזית אורגני כתית 500 מל,מיליליטרים,500.00,"100 מ""ל",false,1,39.90,7.9800,true,1,107654
7290017142111,false,פתיתי טונה עץ הזית ב,,,פתיתי טונה עץ הזית בהירה בשמן זית טו גו,גרמים,85.00,100 גרם,false,1,9.90,11.6471,true,1,114997
7290017142128,false,שמן זית כתית מעולה ק,שמן תעשיות,,שמן זית כתית מעולה קלאסי עץ הזית 750 מל,מיליליטרים,750.00,"100 מ""ל",false,1,29.90,3.9867,true,1,112030
7290017142159,false,נתחי טונה עץ הזית בש,,,נתחי טונה עץ הזית בשמן זית שלישייה,גרמים,240.00,100 גרם,false,1,23.90,9.9583,true,1,128338
7290017142203,false,פילה טונה פרוס מעושן,,,פילה טונה פרוס מעושן עץ הזית בשמן זית,גרמים,120.00,100 גרם,false,1,14.90,12.4167,true,1,124887
7290017142289,false,תרסיס שמן חמניות עץ,שמן תעשיות,,תרסיס שמן חמניות עץ הזית 200 מל,מיליליטרים,200.00,"100 מ""ל",false,1,15.90,7.9500,true,1,118731
7290017142388,false,שמן חמניות עץ הזית פ,,,שמן חמניות עץ הזית פלוס אומגה 1.3 ל,ליטרים,1.00,ליטר,false,1,15.90,15.9000,true,1,122649
7290017142395,false,פסטה עם טונה טו גו ע,,,פסטה עם טונה טו גו עץ הזית בשמן זית 160,גרמים,160.00,100 גרם,false,1,13.90,8.6875,true,1,124884
7290017142456,false,נתחי טונה עץ הזית בש,,,זוג נתחי טונה עץ הזית בשמן זית 160 גר,גרמים,320.00,100 גרם,false,1,27.90,8.7187,true,1,124885
7290017142487,false,בורגול גרגירי חומוס,,,בורגול גרגירי חומוס עם טונה טו גו בשמן ז,גרמים,160.00,100 גרם,false,1,13.90,8.6875,true,1,133231
7290017142609,false,תרסיס שמן זית בטעם ל,,,תרסיס שמן זית בטעם לימון עץ הזית 150 מל,מיליליטרים,150.00,"100 מ""ל",false,1,19.90,13.2667,true,1,140768
7290017197456,false,מגבוני נייר טואלט אס,,,מגבוני נייר טואלט אסותא  שלישייה,Unknown,0.00,Unknown,false,1,11.90,0.0000,true,1,114226
7290017197579,false,מגבונים לחים אמה לני,,,מגבונים לחים אמה לניקוי כללי לימון 50 יח,Unknown,0.00,Unknown,false,1,9.90,0.0000,true,1,112170
7290017217314,false,נרות חימום ריחניים ב,T.L.CO.LTD,CN,נרות חימום ריחניים בניחוח הדרים 50 יח,Unknown,0.00,Unknown,false,20,14.90,0.0000,true,1,119157
7290017217673,false,כפפות משק בית אלוורה,,,כפפות משק בית אלוורה S,Unknown,0.00,Unknown,false,1,6.90,0.0000,true,1,129629
7290017217680,false,כפפות משק בית אלוורה,,,כפפות משק בית אלוורה M,Unknown,0.00,Unknown,false,1,6.90,0.0000,true,1,129059
7290017217697,false,כפפות משק בית אלוורה,,,כפפות משק בית אלוורה L,Unknown,0.00,Unknown,false,1,6.90,0.0000,true,1,129060
7290017217727,false,שיפודי במבוק יקיטורי,,,שיפודי במבוק יקיטורי הוסטס 100 יח,Unknown,0.00,Unknown,false,1,13.90,0.0000,true,1,124600
7290017232218,false,לחם כפרי דווידוביץ 4,,,לחם כפרי דווידוביץ 430 גר,גרמים,430.00,100 גרם,false,1,25.90,6.0233,true,1,136547
7290017232225,false,לחם גלילי דווידוביץ,,,לחם גלילי דווידוביץ 450 גר,גרמים,450.00,100 גרם,false,1,25.90,5.7556,true,1,136548
7290017266053,false,וופל בלגי לימון ללא,,,וופל בלגי לימון ללא סוכר 175 גר,גרמים,175.00,100 גרם,false,1,7.90,4.5143,true,1,112365
7290017266060,false,וופל בלגי שוקו ללא ס,,,וופל בלגי שוקו ללא סוכר 175 גר,גרמים,175.00,100 גרם,false,1,7.90,4.5143,true,1,112366
7290017297149,false,גרגירי חומוס להכנה ב,,,גרגירי חומוס להכנה ביתית 550 גר,גרמים,550.00,100 גרם,false,1,6.90,1.2545,true,1,130940
7290017297194,false,לקט ירקות לתנור 800,,,לקט ירקות לתנור 800 גר,גרמים,800.00,100 גרם,false,1,15.90,1.9875,true,1,130943
7290017297323,false,רסק עגבניות מרוכז טל,"מילוז(1989)בע""""מ",,רסק עגבניות מרוכז טל 100 גר,גרמים,100.00,100 גרם,false,48,1.90,1.9000,true,1,135179
7290017297644,false,ברוקולי מוקפא גרין פ,,,ברוקולי מוקפא גרין פרש 800 גר,גרמים,800.00,100 גרם,false,12,14.90,1.8625,true,1,135369
7290017297682,false,כרובית גרין פרש 800,,,כרובית גרין פרש 800 גר,גרמים,800.00,100 גרם,false,12,14.90,1.8625,true,1,137768
7290017426129,false,ניילון נצמד שקד 150,,,ניילון נצמד שקד 150 מטר,Unknown,0.00,Unknown,false,1,16.90,0.0000,true,1,121729
7290017426273,false,מארז שקיות אוכל 300,,,מארז שקיות אוכל 300 יח,Unknown,0.00,Unknown,false,1,11.90,0.0000,true,1,123709
7290017426426,false,כוסות נייר OZ 4 שקד,,,כוסות נייר OZ שקד 50 יח,Unknown,0.00,Unknown,false,1,7.90,0.0000,true,1,121725
7290017426433,false,כוסות נייר לשתיה 10,,,כוסות נייר  10 OZ שקד 50 יח,Unknown,0.00,Unknown,false,1,12.90,0.0000,true,1,121726
7290017426440,false,כוסות נייר לשתיה 12,,,כוסות נייר OZ 12 שקד 50 יח,Unknown,0.00,Unknown,false,1,16.90,0.0000,true,1,121727
7290017457574,false,שלישיית סבון אסלה סו,,,שלישיית סבון אסלה סוד פרחים,Unknown,0.00,Unknown,false,1,17.90,0.0000,true,1,138358
7290017457703,false,מרכך כביסה סוד ארומה,,,מרכך כביסה סוד ארומה זהב 900 מל,מיליליטרים,900.00,"100 מ""ל",false,1,13.90,1.5444,true,1,138356
7290017457932,false,מרכך כביסה סוד פרש כ,,,מרכך כביסה סוד פרש כחול 900 מל,מיליליטרים,900.00,"100 מ""ל",false,1,13.90,1.5444,true,1,138357
7290017477169,false,אגוזי קשיו ששון הקול,,,אגוזי קשיו ששון הקולה 250 גר,גרמים,250.00,100 גרם,false,1,19.90,7.9600,true,1,118434
7290017513409,false,תה ירוק סופר פרפל 25,ויסוצקי,IL,תה ירוק SUPER PURPLE,גרמים,87.00,100 גרם,false,8,24.90,28.6207,true,1,122438
7290017513485,false,מחית עגבניות רוסטיקה,,IT,מחית עגבניות רוסטיקה 680 גר,גרמים,680.00,100 גרם,false,12,11.90,1.7500,true,1,124616
7290017513775,false,חטיף בייגלה פליפס מצ,,,חטיף בייגלה פליפס מצופה שוקולד חלב 140 ג,גרמים,140.00,100 גרם,false,1,9.90,7.0714,true,1,124914
7290017516318,false,חטיף פנגיאה פרוטאין,,,חטיף פנגיאה פרוטאין  שוקולד,גרמים,50.00,100 גרם,false,1,9.90,19.8000,true,1,127127
7290017516424,false,חטיפי שוקולד פנגיאה,,,חטיפי שוקולד פנגיאה קוקוס ואגוזי לוז 300,גרמים,300.00,100 גרם,false,1,29.90,9.9667,true,1,130680
7290017516509,false,חטיף פנגיאה פרוטאין,,,חטיף פנגיאה פרוטאין קרמל מלוח 50 גר,גרמים,50.00,100 גרם,false,12,9.90,19.8000,true,1,131030
7290017540696,false,דפי סויה צבעוניים 17,,,דפי סויה צבעוניים 17 גר 8 יח,גרמים,136.00,100 גרם,false,1,16.90,12.4265,true,1,119983
7290017589565,false,יין קלאסיק גוורץ 750,,,יין קלאסיק גוורץ 750 מל,מיליליטרים,750.00,"100 מ""ל",false,12,32.90,4.3867,true,1,120101
7290017599267,false,סוכרזית סוכרלוז 120,,,סוכרזית סוכרלוז 120 גר,גרמים,120.00,100 גרם,false,1,25.90,21.5833,true,1,140989
7290017617046,false,טונה בשמן זית סטארקי,,,טונה סטארקיסט בשמן זית 140 גר,גרמים,560.00,100 גרם,false,1,25.90,4.6250,true,1,125143
7290017617084,false,מיקס טוגו טונה עם שע,,,מיקס טוגו טונה עם שעועית סטארקיסט 185 גר,גרמים,185.00,100 גרם,false,1,12.90,6.9730,true,1,131754
7290017617107,false,מיקס טוגו טונה עם 4,,,מיקס טוגו טונה עם 4 דגנים סטארקיסט 185 ג,גרמים,185.00,100 גרם,false,1,12.90,6.9730,true,1,131756
7290017617428,false,מיקס סלמון עם פסטה ב,,,מיקס סלמון עם פסטה ברוטב סטארקיסט 160 גר,גרמים,160.00,100 גרם,false,1,14.90,9.3125,true,1,139472
7290017617435,false,מיקס סלמון עם עדשים,,,מיקס סלמון עם עדשים וירק סטארקיסט 160 גר,גרמים,160.00,100 גרם,false,1,14.90,9.3125,true,1,139470
7290017628073,false,ביצים XL חופש 20 יח,,,ביצים XL חופש 20 יח,Unknown,0.00,Unknown,false,1,32.90,0.0000,true,1,117877
7290017631073,false,מעדן בשר עגל  400 גר,,,מעדן בשר עגל  400 גר,גרמים,400.00,100 גרם,false,1,19.90,4.9750,true,1,141610
7290017631080,false,גולש בקר 400 גר,,,גולש בקר 400 גר,גרמים,400.00,100 גרם,false,1,19.90,4.9750,true,1,141609
7290017631905,false,מעדן בקר עם כבש 400,,,מעדן בשר עם כבש 400 גר,גרמים,400.00,100 גרם,false,1,20.90,5.2250,true,1,118889
7290017637426,false,שמפו למניעת קשקשים 5,,,שמפו למניעת קשקשים 500 מל,מיליליטרים,500.00,"100 מ""ל",false,1,24.90,4.9800,true,1,139836
7290017637556,false,שמפו קרקפת שומנית 50,,,שמפו קרקפת שומנית 500 מל,מיליליטרים,500.00,"100 מ""ל",false,1,24.90,4.9800,true,1,139837
7290017637563,false,שמפו לתלתלים מושלמים,,,שמפו לתלתלים מושלמים 500 מל,מיליליטרים,500.00,"100 מ""ל",false,1,24.90,4.9800,true,1,139838
7290017637594,false,שמפו יומיומי זכרונות,,,שמפו יומיומי זכרונות מתוקים 500 מל,מיליליטרים,500.00,"100 מ""ל",false,1,24.90,4.9800,true,1,139840
7290017637624,false,שמפו יומיומי יסמין ק,,,שמפו יומיומי יסמין קסום 500 מל,מיליליטרים,500.00,"100 מ""ל",false,1,24.90,4.9800,true,1,139842
7290017641119,false,שוקולד מריר אגו פרמי,,,שוקולד מריר אגו פרמיום 85% 100 גר,גרמים,100.00,100 גרם,false,24,7.90,7.9000,true,1,118999
7290017641188,false,קרקר עם שיפון מלא וס,,,קרקר עם שיפון מלא וסלק 130 גר,גרמים,130.00,100 גרם,false,20,6.90,5.3077,true,1,120471
7290017647425,false,יין גמלא קברנה סובינ,יקב רמת הגולן,,יין גמלא קברנה סוביניון 2018,מיליליטרים,750.00,"100 מ""ל",false,1,64.90,8.6533,true,1,128615
7290017647708,false,יין גמלא גוורצטרמינר,יקב רמת הגולן,,יין גמלא גוורצטרמינר 750 מל,מיליליטרים,750.00,"100 מ""ל",false,1,59.90,7.9867,true,1,140715
7290017677804,false,רוטב קיקומן סויה 444,,,"רוטב קוקומן סויה 444 מ""ל",מיליליטרים,444.00,"100 מ""ל",false,1,19.90,4.4820,true,1,122344
7290017677811,false,רוטב סויה קיקומן 296,,,"רוטב סויה קיקומן 296 מ""ל",מיליליטרים,296.00,"100 מ""ל",false,1,12.90,4.3581,true,1,122365
7290017696393,false,בורגר פטריות מן הצומ,,,בורגר פטריות מן הצומח מרינה 520 גר,גרמים,520.00,100 גרם,false,1,31.90,6.1346,true,1,128858
7290017712130,false,פרמיו פאוץ סלמון קיט,,,פרמיו פאוץ סלמון קיטן 85 גר,גרמים,85.00,100 גרם,false,1,3.90,4.5882,true,1,140249
7290017712147,false,פרמיו פאוץ עוף לחתלת,,,פרמיו פאוץ עוף לחתלתול 85 גר,גרמים,85.00,100 גרם,false,1,3.90,4.5882,true,1,140248
7290017712161,false,פרמיו פאוץ סלמון בגל,,,פרמיו פאוץ סלמון בגלי 85 גר,גרמים,85.00,100 גרם,false,1,3.90,4.5882,true,1,140247
7290017712192,false,פרמיו נתחי פילה עוף,,,פרמיו נתחי פילה עוף ועשבי תיבול 100 גר,גרמים,100.00,100 גרם,false,1,3.90,3.9000,true,1,141761
7290017712239,false,פרמיו פטה עוף לכלב 1,,,פרמיו פטה עוף לכלב 150 גר,גרמים,150.00,100 גרם,false,1,3.90,2.6000,true,1,140264
7290017712260,false,פרמיו פטה סלמון לכלב,,,פרמיו פטה סלמון לכלב 150 גר,גרמים,150.00,100 גרם,false,1,3.90,2.6000,true,1,140265
7290017712628,false,הורייזן סלמון לחתול,,,הורייזן סלמון לחתול פאוץ 85 גר,גרמים,85.00,100 גרם,false,1,4.90,5.7647,true,1,142324
7290017712727,false,פרמיו גור בקר וכבד 1,,,פרמיו גור בקר וכבד 100 גר,גרמים,100.00,100 גרם,false,1,3.90,3.9000,true,1,140252
7290017712758,false,פרמיו סלמון 100 גר,,,פרמיו סלמון 100 גר,גרמים,100.00,100 גרם,false,1,3.90,3.9000,true,1,140251
7290017712765,false,פרמיו סלמון ופורל 10,,,פרמיו סלמון ופורל 100 גר,גרמים,100.00,100 גרם,false,1,3.90,3.9000,true,1,141760
7290017712772,false,פרמיו בקר וכבד 100 ג,,,פרמיו בקר וכבד 100 גר,גרמים,100.00,100 גרם,false,1,3.90,3.9000,true,1,140253
7290017712864,false,פרמיו מקלות סלמון 10,,,פרמיו מקלות סלמון 100 גר,גרמים,100.00,100 גרם,false,1,14.90,14.9000,true,1,140261
7290017712949,false,פרמיו כריות סטרילייז,,,פרמיו כריות סטרילייז 60 גר,גרמים,60.00,100 גרם,false,1,9.90,16.5000,true,1,141758
7290017715285,false,רסק תפוח עץ עם דובדב,Cherry growers inc,,רביעיית רסק תפוח עץ עם דובדבן 113 גרם,גרמים,452.00,100 גרם,false,1,12.90,2.8540,true,1,122680
7290017715377,false,זית ממולא תפוז 780 ג,,,זית ממולא תפוז 780 גר,גרמים,780.00,100 גרם,false,1,19.90,2.5513,true,1,125015
7290017715889,false,גרנולה עם אגוזים 600,,,גרנולה עם אגוזים 600 גר,גרמים,600.00,100 גרם,false,1,19.90,3.3167,true,1,128518
7290017715964,false,רסק תפוע ואפרסק ללא,Cherry growers inc,,רביעיית רסק תפוח עץ+אפרסק דיאט,גרמים,452.00,100 גרם,false,12,12.90,2.8540,true,1,130051
7290017744162,false,שפרוטים מעושנים ברוט,,,שפרוטים מעושנים ברוטב עגבניות 250 גר,גרמים,250.00,100 גרם,false,12,12.90,5.1600,true,1,126633
7290017746128,false,פיתות ביס לבן מארז 1,,,פיתות ביס לבן מארז 10 יח,גרמים,550.00,100 גרם,false,1,8.90,1.6182,true,1,130611
7290017746135,false,פיתות ביס כוסמין מאר,,,פיתות ביס כוסמין מארז 10 יח,גרמים,550.00,100 גרם,false,1,14.90,2.7091,true,1,130612
7290017746258,false,לחמניות פרינה 400 גר,,,לחמניות פרינה 400 גר רביעייה,גרמים,400.00,100 גרם,false,1,12.90,3.2250,true,1,131904
7290017746289,false,פיתה זעתר 4 יח 480 ג,,,פיתה זעתר 4 יח 480 גר,גרמים,480.00,100 גרם,false,1,14.90,3.1042,true,1,132413
7290017746586,false,פיתות קמח לבן 10 יח,,,פיתות קמח לבן 10 יח,Unknown,0.00,Unknown,false,1,12.90,0.0000,true,1,139681
7290017812571,false,מיץ ענבים אדום 100%,,,מיץ ענבים אדום 100% 1 ליטר,ליטרים,1.00,ליטר,false,1,22.90,22.9000,true,1,125888
7290017812588,false,מיץ ענבים לבן 100% 1,,,מיץ ענבים לבן 100% 1 ליטר,ליטרים,1.00,ליטר,false,1,22.90,22.9000,true,1,125889
7290017812847,false,יין סלקטד פרנץ גוורצ,,,יין סלקטד פרנץ גוורצטרמינר 750 מל,מיליליטרים,750.00,"100 מ""ל",false,12,29.90,3.9867,true,1,131524
7290017812977,false,יין באז אננס 750 מל,,,יין באז אננס 750 מל,מיליליטרים,750.00,"100 מ""ל",false,12,29.90,3.9867,true,1,133168
7290017870700,false,"צלחת 7"" מרובעת מתכלה",,,"צלחת 7"" מרובעת מתכלה מעץ דקל 10 יח",Unknown,0.00,Unknown,false,1,13.90,0.0000,true,1,138481
7290017870717,false,"צלחת 8"" מרובעת מתכלה",,,"צלחת 8"" מרובעת מתכלה מעץ דקל 10 יח",Unknown,0.00,Unknown,false,1,14.90,0.0000,true,1,138482
7290017870724,false,"צלחת 10"" מרובעת מתכל",,,"צלחת 10"" מרובעת מתכלה מעץ דקל 10 יח",Unknown,0.00,Unknown,false,1,15.90,0.0000,true,1,138483
7290017871363,false,סבון ידיים פמלי יהלו,,,"סבון ידיים פמלי יהלום מעושר בשמן 500 מ""ל",מיליליטרים,500.00,"100 מ""ל",false,1,9.90,1.9800,true,1,125760
7290017871370,false,סבון ידיים פמלי יהלו,,,סבון ידיים פמלי יהלום מעושר בשמן אבוקדו,מיליליטרים,500.00,"100 מ""ל",false,1,9.90,1.9800,true,1,125761
7290017871462,false,חטיף טוסו פצפוצי אור,,,חטיף טוסו פצפוצי אורז ללא סוכר וגלוטן,גרמים,105.00,100 גרם,false,1,16.90,16.0952,true,1,123904
7290017871707,false,חטיף טוסו פצפוצי אור,,,חטיף טוסו פצפוצי אורז קוקס ללא סוכר,גרמים,105.00,100 גרם,false,1,16.90,16.0952,true,1,124475
7290017871974,false,גלי טוסו בטעם תות שד,,,גלי טוסו בטעם תות שדה 25 גר,גרמים,25.00,100 גרם,false,24,9.90,39.6000,true,1,130781
7290017871998,false,פודינג טוסו אינסטנט,,,פודינג טוסו אינסטנט בטעם  וניל 30 גר,גרמים,30.00,100 גרם,false,24,9.90,33.0000,true,1,130784
7290017872049,false,אל סבון פמלי בניחוח,אברנסל קוסמטיקס,,אל סבון פמלי בניחוח לבנדר ארומטי שלישיה,ליטרים,1.50,ליטר,false,1,14.90,9.9333,true,1,130778
7290017872056,false,אל סבון פמילי סדרה ל,אברנסל קוסמטיקס,,אל סבון פמילי סדרה לבנה שלישייה,מיליליטרים,500.00,"100 מ""ל",false,1,14.90,2.9800,true,1,130779
7290017872063,false,אל סבון לבנדר דובדבן,אברנסל קוסמטיקס,,פמלי אל סבון ארומתרפי שלישייה,ליטרים,1.50,ליטר,false,1,14.90,9.9333,true,1,130780
7290017872162,false,טוסו עוגיות אגוזי לו,,,טוסו עוגיות אגוזי לוז 200 גר,גרמים,200.00,100 גרם,false,1,15.90,7.9500,true,1,128589
7290017872179,false,טוסו עוגיות טחינה 20,,,טוסו עוגיות טחינה 200 גר,גרמים,200.00,100 גרם,false,1,15.90,7.9500,true,1,128588
7290017872193,false,טוסו עוגיות שקדים וק,,,טוסו עוגיות שקדים וקינמון 200 גר,גרמים,200.00,100 גרם,false,1,15.90,7.9500,true,1,128590
7290017873169,false,סבון ידיים פמלי יהלו,,TR,סבון ידיים פמלי יהלום שמן זית 500 מל,מיליליטרים,500.00,"100 מ""ל",false,12,9.90,1.9800,true,1,138770
7290017873176,false,סבון ידיים פמלי יהלו,,TR,סבון ידיים פמלי יהלום שמן אבוקדו 500 מל,מיליליטרים,500.00,"100 מ""ל",false,12,9.90,1.9800,true,1,138769
7290017873183,false,סבון ידיים פמלי יהלו,,TR,סבון ידיים פמלי יהלום אשכולית אדומה 500,מיליליטרים,500.00,"100 מ""ל",false,12,9.90,1.9800,true,1,138768
7290017888026,false,משקה פרויט & וג אננס,,,"משקה פרויט & וג אננס תפוח וגזר 350 מ""ל",מיליליטרים,350.00,"100 מ""ל",false,1,6.90,1.9714,true,1,121256
7290017888033,false,משקה פרויט & וג בננה,,,"משקה פרויט & וג בננה מלון ונענע 350 מ""ל",מיליליטרים,350.00,"100 מ""ל",false,1,6.90,1.9714,true,1,121257
7290017888095,false,שוופס מוגז עדין פירו,,,רביעיית פחיות שוופס מוגז עדין פירות יער,מיליליטרים,1320.00,"100 מ""ל",false,1,14.90,1.1288,true,1,121473
7290017888101,false,שוופס מוגז עדין אפרס,,,רביעיית פחיות שוופס מוגז עדין אפרסק 330,מיליליטרים,1320.00,"100 מ""ל",false,1,14.90,1.1288,true,1,121472
7290017888347,false,מים מינרליים בקבוק ס,"מי עדן בע""מ",,"מים מי עדן 500 מ""ל",מיליליטרים,500.00,"100 מ""ל",false,1,3.90,0.7800,true,1,122022
7290017888354,false,מים מינרליים בקבוק ס,"מי עדן בע""מ",,"מי עדן ספורט 750 מ""ל",מיליליטרים,750.00,"100 מ""ל",false,1,3.90,0.5200,true,1,121907
7290017888361,false,מי עדן בייבי 250 מל,"מי עדן בע""מ",,מי עדן בייבי 250 מל,מיליליטרים,250.00,"100 מ""ל",false,1,2.90,1.1600,true,1,128889
7290017888644,false,משקה פרויט & וג אננס,,,"משקה פרויט & וג אננס בננה כורכום 350 מ""ל",מיליליטרים,350.00,"100 מ""ל",false,1,6.90,1.9714,true,1,126711
7290017888729,false,סודה שוופס בק 1 ל,,,סודה שוופס בק 1 ל,ליטרים,1.00,ליטר,false,1,4.90,4.9000,true,1,127583
7290017888972,false,מים מינרליים מי עדן,,,מים מינרליים מי עדן 1 ל,ליטרים,1.00,ליטר,false,1,3.90,3.9000,true,1,127812
7290017913094,false,אסותא נוזל רצפות סגו,,,אסותא נוזל רצפות סגול 4 ל,ליטרים,4.00,ליטר,false,1,14.90,3.7250,true,1,120721
7290017913100,false,אסותא נוזל רצפות ירו,,,אסותא נוזל רצפות ירוק 4 ל,ליטרים,4.00,ליטר,false,1,14.90,3.7250,true,1,120722
7290017913117,false,אסותא נוזל רצפות צהו,,,אסותא נוזל רצפות צהוב 4 ל,ליטרים,4.00,ליטר,false,1,14.90,3.7250,true,1,120723
7290017913124,false,אסותא אבקת כביסה 8 ק,,,"אסותא אבקת כביסה 8 ק""ג",קילוגרמים,8.00,"ק""ג",false,1,39.90,4.9875,true,1,120711
7290017913131,false,אסותא מרכך לכביסה שח,,,אסותא מרכך כביסה 4 ל לכביסה שחורה,ליטרים,4.00,ליטר,false,1,14.90,3.7250,true,1,120716
7290017913155,false,אסותא מרכך כביסה לבן,,,אסותא מרכך כביסה 4 ל לבן,ליטרים,4.00,ליטר,false,1,14.90,3.7250,true,1,120718
7290017913162,false,אסותא מרכך כביסה כחו,,,אסותא מרכך כביסה 4 ל כחול,ליטרים,4.00,ליטר,false,1,14.90,3.7250,true,1,120719
7290017913179,false,אסותא מרכך כביסה ורו,,,אסותא מרכך כביסה 4 ל ורוד,ליטרים,4.00,ליטר,false,1,14.90,3.7250,true,1,120720
7290017913230,false,גל כביסה אסותא כחול,,,גל כביסה אסותא כחול 3 ל,ליטרים,3.00,ליטר,false,16,24.90,8.3000,true,1,121491
7290017913490,false,סבון מוצק ורדים אסות,,,סבון מוצק ורדים אסותא 4 יח,Unknown,0.00,Unknown,false,1,11.90,0.0000,true,1,134958
7290017913513,false,סבון מוצק שחור אסותא,,,סבון מוצק שחור אסותא 4 יח,Unknown,0.00,Unknown,false,1,11.90,0.0000,true,1,134960
7290017913520,false,סבון מוצק לבנדר אסות,,,סבון מוצק לבנדר אסותא 4 יח,Unknown,0.00,Unknown,false,1,11.90,0.0000,true,1,134959
7290017925028,false,בירה שוף צרי 330 מל,,,מארז בירה שוף צרי שלישייה,Unknown,0.00,Unknown,false,1,39.90,0.0000,true,1,120493
7290017925318,false,בירה בלו מון בק 330,,,"בירה בלו מון בק 330 מ""ל רביעייה",מיליליטרים,1320.00,"100 מ""ל",false,1,39.90,3.0227,true,1,126070
7290017925356,false,בירה באדוואיזר פחית,,,בירה באדוואיזר פחית 500 מל רביעייה,מיליליטרים,2000.00,"100 מ""ל",false,4,34.90,1.7450,true,1,131835
7290017925554,false,בירה באדוויזר חמישה,,,בירה באדוויזר חמישה בקבוק 330 מל+כוס,מיליליטרים,1650.00,"100 מ""ל",false,1,29.90,1.8121,true,1,133811
7290017925967,false,רביעיית בירה מלכה 33,,,רביעיית בירה מלכה 330 מל,מיליליטרים,1320.00,"100 מ""ל",false,1,49.90,3.7803,true,1,141883
7290017928036,false,בייגל מאיר מקלות גרי,,,בייגל מאיר מקלות גריסיני שומשום 175 גר,גרמים,175.00,100 גרם,false,1,11.90,6.8000,true,1,125452
7290017928043,false,בייגל מאיר גריסיני ק,,,בייגל מאיר גריסיני קראנץ מלח 175 גר,גרמים,175.00,100 גרם,false,1,11.90,6.8000,true,1,125453
7290017928098,false,בייגל מאיר שטוחלה מל,,,בייגל מאיר שטוחלה מלח 330 גר,גרמים,330.00,100 גרם,false,1,11.90,3.6061,true,1,135455
7290017928432,false,בייגל מאיר גריסיני ק,,,בייגל מאיר גריסיני קראנץ פרג 175 גר,גרמים,175.00,100 גרם,false,1,11.90,6.8000,true,1,125454
7290017928616,false,בייגל מאיר שטוחלה שו,,,בייגל מאיר שטוחלה שומשום 300 גר,גרמים,300.00,100 גרם,false,1,11.90,3.9667,true,1,125448
7290017928630,false,בייגל מאיר גריסיני ק,,,בייגל מאיר גריסיני קראנץ פינוקים 175 גר,גרמים,175.00,100 גרם,false,1,11.90,6.8000,true,1,125455
7290017928661,false,בייגלה סמאש שבורים ב,,,בייגלה סמאש שבורים בטעם צדר 300 גר,גרמים,300.00,100 גרם,false,12,13.90,4.6333,true,1,131958
7290017928821,false,בייגל מאיר מקלות גרי,,,בייגל מאיר מקלות גריסיני קלאסי 200 גר,גרמים,200.00,100 גרם,false,1,11.90,5.9500,true,1,125451
7290017973210,false,משקה ציה ללא סוכר בט,,,משקה ציה ללא סוכר בטעם מנגו 290 מל,מיליליטרים,290.00,"100 מ""ל",false,1,6.90,2.3793,true,1,140514
7290017973227,false,משקה ציה ללא סוכר בט,,,משקה ציה ללא סוכר בטעם אננס 290 מל,מיליליטרים,290.00,"100 מ""ל",false,1,6.90,2.3793,true,1,140517
7290017973234,false,משקה ציה ללא סוכר קו,,,משקה ציה ללא סוכר קוקטייל פירות 290 מל,מיליליטרים,290.00,"100 מ""ל",false,1,6.90,2.3793,true,1,140518
7290017973241,false,משקה ציה ללא סוכר בט,,,משקה ציה ללא סוכר בטעם אפרסק 290 מל,מיליליטרים,290.00,"100 מ""ל",false,1,6.90,2.3793,true,1,140515
7290017973258,false,משקה ציה ללא סוכר בט,,,משקה ציה ללא סוכר בטעם קיווי 290 מל,מיליליטרים,290.00,"100 מ""ל",false,1,6.90,2.3793,true,1,140516
7290017973401,false,מקרל אטלנטי בשמן ריג,,,מקרל אטלנטי בשמן ריגה סטאר 200 גר,גרמים,200.00,100 גרם,false,24,6.90,3.4500,true,1,130096
7290017973975,false,רצועות קלמר מיובש ומ,,,רצועות קלמר מיובש ומומלח עם פלפל צילי 90,גרמים,90.00,100 גרם,false,1,13.90,15.4444,true,1,135361
7290018023495,false,טחינה גולמית 500 מל,,,טחינה גולמית 500 מל,מיליליטרים,500.00,"100 מ""ל",false,12,14.90,2.9800,true,1,131137
7290018045695,false,דגנים במילוי קרם קרמ,,,דגנים במילוי קרם קרמל מלוח בון אנד בון,גרמים,480.00,100 גרם,false,1,23.90,4.9792,true,1,141878
7290018045893,false,דגנים במילוי קרם נוג,,,דגנים במילוי קרם נוגט בון אנד בון מאנד,גרמים,480.00,100 גרם,false,1,23.90,4.9792,true,1,139504
7290018071205,false,S כפפות ניטרו כחולות,,,S כפפות ניטרו כחולות ללא אבקה 100 יח,Unknown,0.00,Unknown,false,1,19.90,0.0000,true,1,133298
7290018071212,false,M כפפות ניטרו כחולות,,,M כפפות ניטרו כחולות ללא אבקה 100 יח,Unknown,0.00,Unknown,false,1,19.90,0.0000,true,1,133299
7290018071229,false,L כפפות ניטרו כחולות,,,L כפפות ניטרו כחולות ללא אבקה 100 יח,Unknown,0.00,Unknown,false,1,19.90,0.0000,true,1,133300
7290018071236,false,XL כפפות ניטרו כחולו,,,XL כפפות ניטרו כחולות ללא אבקה 100 יח,Unknown,0.00,Unknown,false,1,19.90,0.0000,true,1,133301
7290018071250,false,כפפות שחורות אלסטיות,,,כפפות שחורות אלסטיות ללא אבקה 100 יח M,Unknown,0.00,Unknown,false,20,11.90,0.0000,true,1,131854
7290018071267,false,כפפות שחורות אלסטיות,,,כפפות שחורות אלסטיות ללא אבקה 100 יח L,Unknown,0.00,Unknown,false,20,11.90,0.0000,true,1,131855
7290018071380,false,S כפפות שחורות ללא א,איזי טאצ',,S כפפות שחורות ללא אבקה 100 יח,Unknown,0.00,Unknown,false,10,22.90,0.0000,true,1,136282
7290018071397,false,M כפפות שחורות ללא א,איזי טאצ',,M כפפות שחורות ללא אבקה 100 יח,Unknown,0.00,Unknown,false,10,22.90,0.0000,true,1,136283
7290018071403,false,L כפפות שחורות ללא א,איזי טאצ',,L כפפות שחורות ללא אבקה 100 יח,Unknown,0.00,Unknown,false,10,22.90,0.0000,true,1,136285
7290018091234,false,פיצה מקסיקנית 260 גר,מעדנות,,פיצה מקסיקנית 260 גר,גרמים,260.00,100 גרם,false,12,15.90,6.1154,true,1,129442
7290018091821,false,פיצה נפוליטנה 200 גר,מעדנות,,פיצה נפוליטנה 200 גר,גרמים,200.00,100 גרם,false,12,15.90,7.9500,true,1,129441
7290018131855,false,אקסטרים בראוניז 6 יח,,,אקסטרים בראוניז 6 יח,גרמים,432.00,100 גרם,false,1,32.90,7.6157,true,1,133255
7290018165010,false,יין רזרב גולד גווצטר,,,"יין רזרב גולד גווצטרימנר 750 מ""ל",מיליליטרים,750.00,"100 מ""ל",false,12,52.90,7.0533,true,1,126023
7290018165027,false,יין רזרב גולד רוזה 7,,,"יין רזרב גולד רוזה 750 מ""ל",מיליליטרים,750.00,"100 מ""ל",false,12,52.90,7.0533,true,1,126024
7290018165447,false,יין רזרב גולד מרלו כ,,,יין רזרב גולד מרלו כרם עין זיתים 750 מל,מיליליטרים,750.00,"100 מ""ל",false,12,52.90,7.0533,true,1,131088
7290018192658,false,צמד איטלקי,,,צמד איטלקי,Unknown,0.00,Unknown,false,1,15.50,0.0000,true,1,129786
7290018194065,false,אורז בסמטי 1 קג,,,אורז בסמטי 1 קג,קילוגרמים,1.00,"ק""ג",false,1,8.90,8.9000,true,1,140944
7290018219065,false,שבבי בצל שקית 180 גר,,,שבבי בצל שקית 180 גר,גרמים,180.00,100 גרם,false,1,9.90,5.5000,true,1,133963
7290018219287,false,פירורי לחם עם שומשום,,,פירורי לחם עם שומשום 400 גר,גרמים,400.00,100 גרם,false,1,6.90,1.7250,true,1,127349
7290018219294,false,פירורי לחם בתיבול עד,,,פירורי לחם בתיבול עדין 400 גר,גרמים,400.00,100 גרם,false,1,6.90,1.7250,true,1,127350
7290018219386,false,תערובת תיבול מלח שום,,,תערובת תיבול מלח שום פלפל שחור שלם 100 ג,גרמים,100.00,100 גרם,false,1,9.90,9.9000,true,1,133959
7290018219393,false,תערובת תיבול מלח ופל,,,תערובת תיבול מלח ופלפל שחור שלם 100 גר,גרמים,100.00,100 גרם,false,1,9.90,9.9000,true,1,133958
7290018219584,false,ערמונים אורגניים קלו,,,ערמונים אורגניים קלויים 100 גר,גרמים,100.00,100 גרם,false,1,5.90,5.9000,true,1,138799
7290018219607,false,גרעיני דלעת 200 גר,,,גרעיני דלעת 200 גר,גרמים,200.00,100 גרם,false,1,9.90,4.9500,true,1,127348
7290018219614,false,אגוז מלך 750 גר,,,אגוז מלך 750 גר,גרמים,750.00,100 גרם,false,1,39.90,5.3200,true,1,138796
7290018219812,false,פולי קפה אדסו 1 קג,,,פולי קפה אדסו 1 קג,קילוגרמים,1.00,"ק""ג",false,1,49.90,49.9000,true,1,133952
7290018219829,false,פולי קפה 1 קג,,,פולי קפה 1 קג,קילוגרמים,1.00,"ק""ג",false,1,49.90,49.9000,true,1,133953
7290018219966,false,אנטי פסטי 65 גר,,,אנטי פסטי 65 גר,גרמים,65.00,100 גרם,false,1,9.90,15.2308,true,1,133961
7290018219973,false,טוסקנה 50 גר,,,טוסקנה 50 גר,גרמים,50.00,100 גרם,false,1,9.90,19.8000,true,1,133962
7290018282816,false,מגבונים אסותא להסרת,,,מגבונים אסותא להסרת איפור שלישייה,Unknown,0.00,Unknown,false,12,16.90,0.0000,true,1,136795
7290018294192,false,יין בלנד היינן 750 מ,,,יין בלנד היינן 750 מל,מיליליטרים,750.00,"100 מ""ל",false,1,39.90,5.3200,true,1,138299
7290018294208,false,יין סלקטד אדום ישראל,,,יין סלקטד אדום ישראלי 750 מל,מיליליטרים,750.00,"100 מ""ל",false,12,29.90,3.9867,true,1,134559
7290018296608,false,לחם בריאות ושובע 9 ד,,,לחם בריאות ושובע 9 דגנים קל 600 גר,גרמים,600.00,100 גרם,false,1,15.90,2.6500,true,1,137528
7290018296615,false,עשיריית פיתות ביס כו,,,עשיריית פיתה ביס כוסמין מלא 450 גר,גרמים,450.00,100 גרם,false,1,18.90,4.2000,true,1,131808
7290018296806,false,לחם בריאות ושובע מוע,,,לחם בריאות ושובע מועשר בסיבים 600 גר,גרמים,600.00,100 גרם,false,1,15.90,2.6500,true,1,137527
7290018296813,false,פיתה ביס קלה 10 יח 4,,,פיתה ביס קלה 10 יח,גרמים,450.00,100 גרם,false,1,15.90,3.5333,true,1,131807
7290018333945,false,חטיף אגוזים רפאלס שק,,,חטיף אגוזים רפאלס שקד וניל 150 גר,גרמים,150.00,100 גרם,false,1,15.90,10.6000,true,1,135365
7290018333969,false,חטיף אגוזים רפאלס שק,,,חטיף אגוזים רפאלס שקדים וטחינה 150 גר,גרמים,150.00,100 גרם,false,1,15.90,10.6000,true,1,135367
7290018333976,false,חטיף אגוזים רפאלס קש,,,חטיף אגוזים רפאלס קשיו וקוקוס 150 גר,גרמים,150.00,100 גרם,false,1,15.90,10.6000,true,1,135368
7290018351741,false,כיסונים תפוא 800 גר,,,כיסונים תפוא 800 גר,גרמים,800.00,100 גרם,false,1,24.90,3.1125,true,1,139912
7290018351758,false,כיסונים תפוא ופטריות,,,כיסונים תפוא ופטריות 800 גר,גרמים,800.00,100 גרם,false,1,24.90,3.1125,true,1,139913
7290018351772,false,כיסונים תפוא ושמיר 8,,,כיסונים תפוא ושמיר 800 גר,גרמים,800.00,100 גרם,false,1,24.90,3.1125,true,1,139915
7290018359495,false,תירס מהשדה ללא סוכר,,,תירס מהשדה ללא סוכר יכין 550 גר,גרמים,550.00,100 גרם,false,1,8.90,1.6182,true,1,131304
7290018359938,false,רוטב עגבניות לשקשוקה,,,רוטב עגבניות לשקשוקה יכין 400 גר,גרמים,400.00,100 גרם,false,1,11.90,2.9750,true,1,140085
7290018359945,false,רוטב פיקנטי מפלפלים,,,רוטב פיקנטי מפלפלים וירקות יכין 400 גר,גרמים,400.00,100 גרם,false,1,11.90,2.9750,true,1,140088
7290018359952,false,רוטב עגבניות לפסטה י,,,רוטב עגבניות לפסטה יכין 400 גר,גרמים,400.00,100 גרם,false,1,11.90,2.9750,true,1,140087
7290018359969,false,רוטב עגבניות לפיצה י,,,רוטב עגבניות לפיצה יכין 400 גר,גרמים,400.00,100 גרם,false,1,11.90,2.9750,true,1,140086
7290018380017,false,מלפפון בחומץ תומר 13,,,מלפפון בחומץ תומר 13-17 670 גר,גרמים,670.00,100 גרם,false,1,8.90,1.3284,true,1,128107
7290018380024,false,מלפפון במלח תומר 13-,,,מלפפון במלח תומר 13-17 670 גר,גרמים,670.00,100 גרם,false,1,8.90,1.3284,true,1,128108
7290018380079,false,אפונה תומר 550 גר,,,אפונה תומר 550 גר,גרמים,550.00,100 גרם,false,1,4.90,0.8909,true,1,128105
7290018380246,false,מזון לכלב בקר 400 גר,Effeffe pet food,,מזון לכלב בקר 400 גר,גרמים,400.00,100 גרם,false,24,4.90,1.2250,true,1,130985
7290018380253,false,מזון לכלב עוף 400 גר,,,מזון לכלב עוף 400 גר,גרמים,400.00,100 גרם,false,24,4.90,1.2250,true,1,130988
7290018380260,false,מזון לכלב כבד 400 גר,Effeffe pet food,,מזון לכלב כבד 400 גר,גרמים,400.00,100 גרם,false,24,4.90,1.2250,true,1,131457
7290018380277,false,מזון לכלב בשר ציד 40,Effeffe pet food,,מזון לכלב בשר ציד 400 גר,גרמים,400.00,100 גרם,false,1,4.90,1.2250,true,1,131456
7290018380284,false,מזון לחתול בקר 400 ג,Effeffe pet food,,מזון לחתול בקר 400 גר,גרמים,400.00,100 גרם,false,24,4.90,1.2250,true,1,131458
7290018380307,false,מזון לחתול בשר כבד 4,,,מזון לחתול בשר כבד 400 גר,גרמים,400.00,100 גרם,false,24,4.90,1.2250,true,1,142315
7290018380314,false,מזון לחתול דגים 400,Effeffe pet food,,מזון לחתול דגים 400 גר,גרמים,400.00,100 גרם,false,24,4.90,1.2250,true,1,130987
7290018380321,false,מזון לחתול בשר ציד 4,Effeffe pet food,,מזון לחתול בשר ציד 400 גר,גרמים,400.00,100 גרם,false,24,4.90,1.2250,true,1,142634
7290018380482,false,אורז תאילנדי תומר 1,,,אורז תאילנדי תומר 1 קג,קילוגרמים,1.00,"ק""ג",false,1,6.90,6.9000,true,1,134153
7290018380499,false,אורז יסמין הום מלי ת,,,אורז יסמין הום מלי תומר 1 קג,קילוגרמים,1.00,"ק""ג",false,1,9.90,9.9000,true,1,134155
7290018380505,false,אורז פרסי ארוך תומר,,,אורז פרסי ארוך תומר 1 קג,קילוגרמים,1.00,"ק""ג",false,1,6.90,6.9000,true,1,134154
7290018380802,false,תבשיל הודי חומוס 300,,,תבשיל הודי חומוס 300 גר,גרמים,300.00,100 גרם,false,1,11.90,3.9667,true,1,139946
7290018380819,false,תבשיל הודי חצילים 30,,,תבשיל הודי חצילים 300 גר,גרמים,300.00,100 גרם,false,1,11.90,3.9667,true,1,139947
7290018380871,false,פטיסון כבוש שלם תומר,Polan polsko francus,,פטיסון כבוש שלם תומר 670 גרם,גרמים,670.00,100 גרם,false,1,16.90,2.5224,true,1,136723
7290018380888,false,לה פסטה קפוא רביולי,,,לה פסטה קפוא רביולי גבינה 300 גר,גרמים,300.00,100 גרם,false,1,15.90,5.3000,true,1,139502
7290018380895,false,לה פסטה קפוא רביולי,,,לה פסטה קפוא רביולי בטטה 300 גר,גרמים,300.00,100 גרם,false,1,15.90,5.3000,true,1,139501
7290018440070,false,תרכיז עגבניות בשפורפ,,,תרכיז עגבניות בשפורפרת,גרמים,200.00,100 גרם,false,1,8.90,4.4500,true,1,129844
7290018440223,false,תה חווית צאי מסאלה 2,,,תה חווית צאי מסאלה 25 שק,Unknown,0.00,Unknown,false,1,17.90,0.0000,true,1,135378
7290018440247,false,תה חווית צאי שקדים 2,,,תה חווית צאי שקדים 25 שק,Unknown,0.00,Unknown,false,1,17.90,0.0000,true,1,135379
7290018440476,false,חטיף בייגלה פליפס מצ,,,בייגלה פליפז מצופה קרם עוגת גבינה ותות,גרמים,140.00,100 גרם,false,8,9.90,7.0714,true,1,134552
7290018440483,false,חטיף בייגלה פליפס מצ,,,בייגלה פליפז מצופה קרמל מלוח ושוקולד 140,גרמים,140.00,100 גרם,false,8,9.90,7.0714,true,1,134551
7290018441626,false,גלידת מנטה עוגיות בט,,,גלידת מנטה עוגיות בטעם שוקולד 500 מל,מיליליטרים,500.00,"100 מ""ל",false,1,19.90,3.9800,true,1,136724
7290018471029,false,סודה שוופס לימון 500,,,סודה שוופס לימון 500 מל שישייה,ליטרים,3.00,ליטר,false,1,15.90,5.3000,true,1,130553
7290018471036,false,סודה שוופס לימון 500,,,סודה שוופס לימון 500 מל,מיליליטרים,500.00,"100 מ""ל",false,1,4.90,0.9800,true,1,130554
7290018471180,false,פרוט ווג אננס תפוח ג,,,פרוט ווג אננס תפוח גזר 1 ל,ליטרים,1.00,ליטר,false,1,12.90,12.9000,true,1,133310
7290018471197,false,פרוט ווג תפוח בננה מ,,,פרוט ווג תפוח בננה מלון נענע 1 ל,ליטרים,1.00,ליטר,false,1,12.90,12.9000,true,1,133311
7290018471210,false,ספרינג אגס סברס תפוח,"יפאורה תבורי בע""מ",,ספרינג אגס סברס תפוח 1 ל,ליטרים,1.00,ליטר,false,1,6.90,6.9000,true,1,132604
7290018471395,false,פרוט ווג תפוח רימון,,,פרוט ווג תפוח רימון סלק גינגר 1 ל,ליטרים,1.00,ליטר,false,1,12.90,12.9000,true,1,133313
7290018471449,false,ספרינג שייק בננה תמר,,,ספרינג שייק בננה תמר תפוז 1 ל,ליטרים,1.00,ליטר,false,1,12.90,12.9000,true,1,134739
7290018471456,false,ספרינג שייק אננס מנג,,,ספרינג שייק אננס מנגו פסיפלורה 1 ל,ליטרים,1.00,ליטר,false,1,12.90,12.9000,true,1,134740
7290018471463,false,נקטר תפוזינה תפוז מנ,,,נקטר תפוזינה תפוז מנגו  1 ל,ליטרים,1.00,ליטר,false,1,6.90,6.9000,true,1,133307
7290018471470,false,נקטר תפוזינה תפוז פס,,,נקטר תפוזינה תפוז פסיפלורה 1 ל,ליטרים,1.00,ליטר,false,1,6.90,6.9000,true,1,133308
7290018471487,false,נקטר תפוזינה תפוז אנ,,,נקטר תפוזינה תפוז אננס 1 ל,ליטרים,1.00,ליטר,false,1,6.90,6.9000,true,1,133306
7290018471494,false,נקטר תפוזינה תפוז גז,,,נקטר תפוזינה תפוז גזר 1 ל,ליטרים,1.00,ליטר,false,1,6.90,6.9000,true,1,133309
7290018471616,false,שוופס אינדיאן טוניק,,,שוופס אינדיאן טוניק 1 ל,ליטרים,1.00,ליטר,false,1,9.90,9.9000,true,1,134109
7290018471623,false,שוופס טוניק אשכוליות,,,שוופס טוניק אשכוליות ליצי 1 ל,ליטרים,1.00,ליטר,false,1,9.90,9.9000,true,1,134111
7290018471630,false,שוופס טוניק מלפפון ל,,,שוופס טוניק מלפפון ליים 1 ל,ליטרים,1.00,ליטר,false,1,9.90,9.9000,true,1,134110
7290018471692,false,ספרינג שייק בננה קוק,,,ספרינג שייק בננה קוקוס פירות יער 1 ל,ליטרים,1.00,ליטר,false,1,12.90,12.9000,true,1,134738
7290018471906,false,מים שוופס מוגז לימונ,"יפאורה תבורי בע""מ",,מים שוופס מוגז לימונדה ורודה 1.5 ל,ליטרים,1.50,ליטר,false,1,8.90,5.9333,true,1,137327
7290018471913,false,משקה פירות מוגז שוופ,"יפאורה תבורי בע""מ",,משקה פירות מוגז שוופס 1.5 ל,ליטרים,1.50,ליטר,false,1,8.90,5.9333,true,1,137328
7290018471920,false,משקה ענבים מוגז שוופ,"יפאורה תבורי בע""מ",,משקה ענבים מוגז שוופס 1.5 ל,ליטרים,1.50,ליטר,false,1,8.90,5.9333,true,1,137329
7290018471937,false,משקה מוגז שוופס תות,"יפאורה תבורי בע""מ",,משקה מוגז שוופס תות ליים 1.5 ל,ליטרים,1.50,ליטר,false,1,8.90,5.9333,true,1,137330
7290018471944,false,מים שוופס מוגז לימונ,"יפאורה תבורי בע""מ",,מים שוופס מוגז לימונדה 1.5 ל,ליטרים,1.50,ליטר,false,1,8.90,5.9333,true,1,137331
7290018471951,false,משקה פירות מוגז שוופ,"יפאורה תבורי בע""מ",,משקה פירות מוגז שוופס 1.5 ל,ליטרים,1.50,ליטר,false,1,8.90,5.9333,true,1,137332
7290018515020,false,סויה מיובשת בצורת כנ,,,סויה מיובשת בצורת כנפי עוף 300 גר,גרמים,300.00,100 גרם,false,1,21.90,7.3000,true,1,132804
7290018516041,false,פרמיו דליקט עוף 56 ג,,,פרמיו דליקט עוף 56 גר,גרמים,56.00,100 גרם,false,1,9.90,17.6786,true,1,140255
7290018516065,false,פרמיו דליקט טונה וסל,,,פרמיו דליקט טונה וסלמון 56 גר,גרמים,56.00,100 גרם,false,1,9.90,17.6786,true,1,140256
7290018516324,false,פאוץ פרינוק תפוח ושי,,,פאוץ פרינוק תפוח ושיבולת שועל 120 גר,גרמים,120.00,100 גרם,false,1,4.90,4.0833,true,1,133915
7290018516331,false,פאוץ פרינוק תפוח בננ,,,פאוץ פרינוק תפוח בננה ושיבולת שועל 120 ג,גרמים,120.00,100 גרם,false,1,4.90,4.0833,true,1,133916
7290018516348,false,פאוץ פרינוק סלט פירו,,,פאוץ פרינוק סלט פירות ושיבולת שועל 120 ג,גרמים,120.00,100 גרם,false,1,4.90,4.0833,true,1,133917
7290018516362,false,גוניור תפוע בננה ושי,,,גוניור תפוע בננה ושיבולת שועל 190 גר,גרמים,190.00,100 גרם,false,1,5.90,3.1053,true,1,138408
7290018516379,false,גוניור סלט פירות ושי,,,גוניור סלט פירות ושיבולת שועל 190 גר,גרמים,190.00,100 גרם,false,1,5.90,3.1053,true,1,138409
7290018516393,false,פרמיו סופרים מיקס 3,,,פרמיו סופרים מיקס 3 קג,קילוגרמים,3.00,"ק""ג",false,1,59.90,19.9667,true,1,140241
7290018516546,false,פרמיו דליקט טונה 56,,,פרמיו דליקט טונה 56 גר,גרמים,56.00,100 גרם,false,1,9.90,17.6786,true,1,141763
7290018516560,false,פרמיו דליקט עוף וסרט,,,פרמיו דליקט עוף וסרטנים 56 גר,גרמים,56.00,100 גרם,false,1,9.90,17.6786,true,1,141764
7290018516577,false,פרמיו דליקט עוף לחתל,,,פרמיו דליקט עוף לחתלתול 56 גר,גרמים,56.00,100 גרם,false,1,9.90,17.6786,true,1,141765
7290018516768,false,פרמיו עוף לחתלתול במ,,,פרמיו עוף לחתלתול במרקם פטה 400 גר,גרמים,400.00,100 גרם,false,1,5.90,1.4750,true,1,141769
7290018516799,false,פרמיו פטה עוף וכבד ל,,,פרמיו פטה עוף וכבד לחתול בוגר 400 גר,גרמים,400.00,100 גרם,false,1,5.90,1.4750,true,1,141772
7290018516805,false,פרמיו פטה עוף לחתול,,,פרמיו פטה עוף לחתול בוגר 400 גר,גרמים,400.00,100 גרם,false,1,5.90,1.4750,true,1,141773
7290018516829,false,פרמיו סלמון לחתול בו,,,פרמיו סלמון לחתול בוגר במרקם פטה 400 גר,גרמים,400.00,100 גרם,false,1,5.90,1.4750,true,1,141768
7290018516836,false,סטרילייז סלמון לחתול,,,סטרילייז סלמון לחתול בוגר פרמיו 400 גר,גרמים,400.00,100 גרם,false,1,5.90,1.4750,true,1,141774
7290018516867,false,פרמיו עוף ואורז לכלכ,,,פרמיו עוף ואורז לכלכ בוגר במרקם פטה 400,גרמים,400.00,100 גרם,false,1,5.90,1.4750,true,1,141771
7290018516874,false,פטה בקר ואורז לכלב ב,,,פטה בקר ואורז לכלב בוגר פרמיו 400 גר,גרמים,400.00,100 גרם,false,1,5.90,1.4750,true,1,141775
7290018516881,false,פרמיו סלמון ואורז לכ,,,פרמיו סלמון ואורז לכלכ בוגר 400 גר,גרמים,400.00,100 גרם,false,1,5.90,1.4750,true,1,141770
7290018517024,false,בסיס לפיצה בנוסח איט,,,"בסיס לפיצה בנוסח איטלקי 30 ס""מ 4 יח",גרמים,440.00,100 גרם,false,1,11.90,2.7045,true,1,132294
7290018517031,false,טורטיות עם קמח כוסמי,,,"טורטיות בתוספת קמח כוסמין 20 ס""מ 8 יח",גרמים,360.00,100 גרם,false,1,10.90,3.0278,true,1,133452
7290018517215,false,רסק תפוע ללא תוספת ס,,,"רסק תפו""ע ללא תוספת סוכר 710 גר",גרמים,710.00,100 גרם,false,1,10.90,1.5352,true,1,134538
7290018517239,false,כפפות ניטריל שחורות,,,כפפות ניטריל שחורות 100 יח,Unknown,0.00,Unknown,false,1,39.90,0.0000,true,1,134547
7290018517246,false,רוטב רימונים מרוכז 3,,,רוטב רימונים מרוכז 340 גר,גרמים,340.00,100 גרם,false,1,9.90,2.9118,true,1,134537
7290018517529,false,עוגיות קרם סנדוויץ ח,,,עוגיות קרם סנדוויץ חסכוני 900 גר,גרמים,900.00,100 גרם,false,1,17.90,1.9889,true,1,142394
7290018542774,false,"צלחת 9"" מתכלה 100 יח",,,"צלחת 9"" מתכלה 100 יח",Unknown,0.00,Unknown,false,1,39.90,0.0000,true,1,138480
7290018542866,false,סכיני עץ 50 יח,,,סכיני עץ 50 יח,Unknown,0.00,Unknown,false,1,8.90,0.0000,true,1,138490
7290018542873,false,מזלגות עץ 50 יח,,,מזלגות עץ 50 יח,Unknown,0.00,Unknown,false,1,8.90,0.0000,true,1,138491
7290018542880,false,כפות עץ 50 יח,,,כפות עץ 50 יח,Unknown,0.00,Unknown,false,1,8.90,0.0000,true,1,138492
7290018542897,false,כפיות עץ 50 יח,,,כפיות עץ 50 יח,Unknown,0.00,Unknown,false,1,6.90,0.0000,true,1,138493
7290018556832,false,ערק דודו אשכולית 750,,,ערק דודו אשכולית 750 מל,מיליליטרים,750.00,"100 מ""ל",false,1,79.90,10.6533,true,1,133400
7290018564622,false,שף הטבע שום כתוש טבל,,,שף הטבע שום כתוש טבליות 80 גר,גרמים,80.00,100 גרם,false,1,9.90,12.3750,true,1,142639
7290018564639,false,שף הטבע כוסברה קצוצה,,,שף הטבע כוסברה קצוצה טבליות 80 גרם,גרמים,80.00,100 גרם,false,20,9.90,12.3750,true,1,136730
7290018564660,false,שף הטבע צילי חריף טב,,,שף הטבע צילי חריף טבליות 80 גרם,גרמים,80.00,100 גרם,false,20,9.90,12.3750,true,1,136729
7290018652671,false,לה קרמריה תו אייל 1.,,,לה קרמריה תו אייל 1.4 ל,ליטרים,1.40,ליטר,false,1,21.90,15.6429,true,1,138282
7290018677063,false,קוואקר עבה אורגני 50,,,קוואקר עבה אורגני 500 גר,גרמים,500.00,100 גרם,false,1,10.90,2.1800,true,1,134521
7290018677131,false,גרנולה קראנצ אגוזים,,,גרנולה קראנצ אגוזים נוטרה זן ללא גלוטן,גרמים,300.00,100 גרם,false,1,22.90,7.6333,true,1,138332
7290018677179,false,מחית עגבניות נוטרה ז,,,מחית עגבניות נוטרה זן אורגני ללא גלוטן,גרמים,695.00,100 גרם,false,1,10.90,1.5683,true,1,138331
7290018710166,false,פולי קפה כסף נגרו 50,,,פולי קפה כסף נגרו 500 גר,גרמים,500.00,100 גרם,false,1,29.90,5.9800,true,1,134545
7290018710173,false,פולי קפה זהב נגרו 50,,,פולי קפה זהב נגרו 500 גר,גרמים,500.00,100 גרם,false,1,29.90,5.9800,true,1,134544
7290018710395,false,סוכר דמררה צנצנת 1 ק,,,סוכר דמררה צנצנת 1 קג,קילוגרמים,1.00,"ק""ג",false,1,13.90,13.9000,true,1,137834
7290018724538,false,מחית תפוע ואגס נטורל,,,מחית תפוע ואגס נטורלה 90 גר,גרמים,90.00,100 גרם,false,1,5.90,6.5556,true,1,138338
7290018724804,false,זרעי ציה 230 גר נטור,,,זרעי ציה 230 גר נטורל,גרמים,230.00,100 גרם,false,1,14.90,6.4783,true,1,130980
7290018724897,false,פירורי לחם ללא גלוטן,,,פירורי לחם ללא גלוטן נטורלה 300 גר,גרמים,300.00,100 גרם,false,1,16.90,5.6333,true,1,132031
7290018749005,false,כיסונים עבודת יד בית,,,כיסונים עבודת יד ביתי 600 גר,גרמים,600.00,100 גרם,false,1,31.90,5.3167,true,1,131210
7290018749012,false,כיסונים עבודת יד סבת,,,כיסונים עבודת יד סבתא 600 גר,גרמים,600.00,100 גרם,false,1,31.90,5.3167,true,1,131212
7290018749050,false,חינקלי גאורגי במילוי,,,חינקלי גאורגי במילוי בשר 500 גר,גרמים,500.00,100 גרם,false,1,31.90,6.3800,true,1,132363
7290018749067,false,מנטי קלאסי במילוי בש,,,מנטי קלאסי במילוי בשר 500 גר,גרמים,500.00,100 גרם,false,1,31.90,6.3800,true,1,132361
7290018749098,false,כיסונים עבודת יד בסי,,,כיסונים עבודת יד בסיגנון קווקזי 600 גר,גרמים,500.00,100 גרם,false,1,31.90,6.3800,true,1,135439
7290018749104,false,קרפלך במילוי תפוא וב,,,קרפלך במילוי תפוא ובצל 700 גר,גרמים,700.00,100 גרם,false,1,20.90,2.9857,true,1,137980
7290018749210,false,מיני כיסונים קלאסי 7,,,מיני כיסונים קלאסי 700 גר,גרמים,700.00,100 גרם,false,1,31.90,4.5571,true,1,142047
7290018749227,false,כיסונים לארוחה טעימה,,,כיסונים לארוחה טעימה 1 קג,קילוגרמים,1.00,"ק""ג",false,1,29.90,29.9000,true,1,142905
7290018792841,false,אבקת קקאו טבעי 150 ג,,,אבקת קקאו טבעי 150 גר,גרמים,150.00,100 גרם,false,1,9.90,6.6000,true,1,140576
7290018792858,false,אבקת קקאו טבעי 500 ג,,,אבקת קקאו טבעי 500 גר,גרמים,500.00,100 גרם,false,1,24.90,4.9800,true,1,140577
7290018825020,true,תפוח אדמה לבן גורמה,ביכורי שדה דרום 2002,,תפוח אדמה לבן גורמה דוד משה,קילוגרמים,1.00,"ק""ג",true,,6.90,6.9000,true,1,135440
7290018860984,false,אטריות ביצים דקות 40,,,אטריות ביצים דקות 400 גר,גרמים,400.00,100 גרם,false,1,9.90,2.4750,true,1,140717
7290018860991,false,אטריות ביצים רחבות 4,,,אטריות ביצים רחבות 400 גר,גרמים,400.00,100 גרם,false,1,9.90,2.4750,true,1,140718
7290018878224,false,מיני עוגיות קוקיס בט,Carmit,,מיני עוגיות קוקיס בטעם שוקולד 600 גר,גרמים,600.00,100 גרם,false,1,15.90,2.6500,true,1,140826
7290018878231,false,עוגיות מיני קוקיס שו,Carmit,,עוגיות מיני קוקיס בטעם שוקולד 600 גר,גרמים,600.00,100 גרם,false,6,21.90,3.6500,true,1,140825
7290018879979,false,מרשמלו כרמית לבן בטע,Carmit,,מרשמלו כרמית לבן בטעם וניל 150 גר,גרמים,150.00,100 גרם,false,1,5.90,3.9333,true,1,138441
7290018889404,false,פס רד וולוט 550 גר,,,פס רד וולוט 550 גר,גרמים,550.00,100 גרם,false,1,43.90,7.9818,true,1,140395
7290018889473,false,קריסטלית לב מוס גבינ,,,קריסטלית לב מוס גבינה מצופה פררו 170 גר,גרמים,170.00,100 גרם,false,1,22.90,13.4706,true,1,140394
7290018893005,false,בייגלה צוקטה שטוח חר,,RO,בייגלה צוקטה שטוח חרדל ודבש 160 גר,גרמים,160.00,100 גרם,false,12,6.90,4.3125,true,1,135844
7290018893081,false,עוגה אישית צוקטה מגו,צ'וקטה,,עוגה אישית צוקטה מגולגלת חלב 222 גר,גרמים,222.00,100 גרם,false,1,8.90,4.0090,true,1,135436
7290018893098,false,ביסקוויט מצופה שוקול,,,ביסקוויט מצופה שוקולד חלב צוקטה 100 גר,גרמים,100.00,100 גרם,false,1,6.90,6.9000,true,1,141599
7290018893104,false,ביסקוויט מצופה שוקול,,,ביסקוויט מצופה שוקולד מריר צוקטה 100 גר,גרמים,100.00,100 גרם,false,1,6.90,6.9000,true,1,141600
7290018893135,false,צוקטה גריסיני מלח 12,,,צוקטה גריסיני מלח 120 גר,גרמים,120.00,100 גרם,false,1,7.90,6.5833,true,1,140720
7290018893258,false,עוגות אישיות צוקטה ב,צ'וקטה,,עוגות אישיות צוקטה בטעם קרמל 300 גר,גרמים,300.00,100 גרם,false,12,11.90,3.9667,true,1,134833
7290018893289,false,עוגה אישית צוקטה מגו,צ'וקטה,,עוגה אישית צוקטה מגולגלת קקאו 222 גר,גרמים,222.00,100 גרם,false,1,8.90,4.0090,true,1,135435
7290018893333,false,קרקר מלוח מעודן צוקט,,,קרקר מלוח מעודן צוקטה 500 גר,גרמים,500.00,100 גרם,false,1,14.90,2.9800,true,1,142648
7290018893340,false,צוקטה גריסיני שומשום,,,צוקטה גריסיני שומשום 120 גר,גרמים,120.00,100 גרם,false,1,7.90,6.5833,true,1,140721
7290018893456,false,עוגות אישיות חלב צוק,צ'וקטה,,עוגות אישיות חלב צוקטה 300 גר,גרמים,300.00,100 גרם,false,12,11.90,3.9667,true,1,134832
7290018893487,false,עוגה אישית צוקטה קוק,בלקוני,,עוגה אישית צוקטה קוקוס 350 גר,גרמים,350.00,100 גרם,false,1,11.90,3.4000,true,1,135437
7290018893531,false,קרקרים מלוחים צוקטה,,,קרקרים מלוחים צוקטה 500 גר,גרמים,500.00,100 גרם,false,1,14.90,2.9800,true,1,142647
7290018893609,false,שוקולד צקטה מריר 85%,,,שוקולד צקטה מריר 85% 100 גר,גרמים,100.00,100 גרם,false,20,8.90,8.9000,true,1,136894
7290018893654,false,בייגלה צוקטה בתוספת,,,בייגלה צוקטה בתוספת מלח 200 גר,גרמים,200.00,100 גרם,false,1,6.90,3.4500,true,1,135434
7290018893708,false,עוגיות סנדוויץ שוקו,,,עוגיות סנדוויץ שוקו צוקטה 250 גר,גרמים,250.00,100 גרם,false,1,6.90,2.7600,true,1,141597
7290018893715,false,בייגלה שטוח צוקטה מצ,,,בייגלה שטוח צוקטה מצופה שוקולד חלב 80 גר,גרמים,80.00,100 גרם,false,1,6.90,8.6250,true,1,138322
7290018893852,false,בייגלה צוקטה בתוספת,,,בייגלה צוקטה בתוספת שומשום 200 גר,גרמים,200.00,100 גרם,false,1,6.90,3.4500,true,1,135433
7290018893906,false,עוגיות סנדוויץ וניל,,,עוגיות סנדוויץ וניל צוקטה 250 גר,גרמים,250.00,100 גרם,false,1,6.90,2.7600,true,1,141598
7290018894248,false,שוקולד חלב צוקטה 300,,FR,שוקולד חלב צוקטה 300 גר,גרמים,300.00,100 גרם,false,21,12.90,4.3000,true,1,142650
7290018925065,false,מיץ תפוזים סחוט פרימ,,,מיץ תפוזים סחוט פרימור 2 ל,ליטרים,2.00,ליטר,false,4,29.90,14.9500,true,1,137642
7290018925072,false,משקה קל לימונים ונענ,,,משקה קל לימונים ונענע פרימור 2 ל,ליטרים,2.00,ליטר,false,4,29.90,14.9500,true,1,137644
7290018965801,false,טבורוג 5% 450 גר,,,טבורוג 5% 450 גר,גרמים,450.00,100 גרם,false,1,21.90,4.8667,true,1,137989
7290018965818,false,טבורוג דרבנסקי 450 ג,,,טבורוג דרבנסקי 450 גר,גרמים,450.00,100 גרם,false,1,21.90,4.8667,true,1,137988
7290018965832,false,טבורוג עם דובדבן 450,,,טבורוג עם דובדבן 450 גר,גרמים,450.00,100 גרם,false,1,21.90,4.8667,true,1,137984
7290018965849,false,טבורוג עם משמש 450 ג,,,טבורוג עם משמש 450 גר,גרמים,450.00,100 גרם,false,1,21.90,4.8667,true,1,137985
7290018965856,false,טבורוג עם חמוציות 45,,,טבורוג עם חמוציות 450 גר,גרמים,450.00,100 גרם,false,1,21.90,4.8667,true,1,137986
7290018965863,false,טבורוג עם צימוקים 45,,,טבורוג עם צימוקים 450 גר,גרמים,450.00,100 גרם,false,1,21.90,4.8667,true,1,137987
7290018972021,false,קיינד א קבב מזרחי 40,,,קיינד א קבב מזרחי 400 גר,גרמים,400.00,100 גרם,false,12,19.90,4.9750,true,1,138134
7290018972038,false,קיינד א שווארמה 400,,,קיינד א שווארמה 400 גר,גרמים,400.00,100 גרם,false,12,19.90,4.9750,true,1,138135
7290018972182,false,פלאפל 500 גר,,,פלאפל 500 גר,גרמים,500.00,100 גרם,false,1,16.90,3.3800,true,1,137764
7290018972366,false,אדממה 1 קג,,,אדממה 1 קג,קילוגרמים,1.00,"ק""ג",false,10,15.90,15.9000,true,1,138596
7290018972496,false,קיינד א מיני עראיס 4,,,קיינד א מיני עראיס 400 גר,גרמים,400.00,100 גרם,false,12,21.90,5.4750,true,1,138139
7290018989005,false,פולפה טבעית 3*400 גר,,,פולפה טבעית 3*400 גר,גרמים,1200.00,100 גרם,false,1,16.90,1.4083,true,1,139694
7290018989081,false,חומוס הבית להכנת חומ,,,חומוס הבית להכנת חומוס טרי 410 גר,גרמים,410.00,100 גרם,false,1,7.90,1.9268,true,1,140084
7290018989135,false,סירופ בטעם פטל יכין,,,סירופ בטעם פטל יכין 1 ל,ליטרים,1.00,ליטר,false,1,19.90,19.9000,true,1,140082
7290019014386,false,פלירוסול ניקוי והברק,,,פלירוסול ניקוי והברקת רהיטי עץ טאצ 500 מ,מיליליטרים,500.00,"100 מ""ל",false,1,29.90,5.9800,true,1,138259
7290019056027,false,משקה פירות מוגז שוופ,"יפאורה תבורי בע""מ",,משקה פירות מוגז שוופס תפוח ללא סוכר 1.5,ליטרים,1.50,ליטר,false,1,8.90,5.9333,true,1,137333
7290019056034,false,משקה פירות מוגז אננס,"יפאורה תבורי בע""מ",,משקה פירות מוגז אננס 1.5 ל,ליטרים,1.50,ליטר,false,1,8.90,5.9333,true,1,137334
7290019056041,false,משקה פירות מוגז שוופ,"יפאורה תבורי בע""מ",,משקה פירות מוגז שוופס למונייד ללא סוכר,ליטרים,1.50,ליטר,false,1,8.90,5.9333,true,1,137335
7290019056058,false,שוופס מוגז עדין תפוח,"יפאורה תבורי בע""מ",,שוופס מוגז עדין תפוח 1.5 ל,ליטרים,1.50,ליטר,false,1,8.90,5.9333,true,1,137321
7290019056065,false,שוופס מוגז עדין פירו,"יפאורה תבורי בע""מ",,שוופס מוגז עדין פירות יער 1.5 ל,ליטרים,1.50,ליטר,false,1,8.90,5.9333,true,1,137322
7290019056072,false,מים שוופס מוגז עדין,"יפאורה תבורי בע""מ",,מים שוופס מוגז עדין אננס 1.5 ל,מיליליטרים,1500.00,"100 מ""ל",false,1,8.90,0.5933,true,1,137323
7290019056089,false,שוופס מוגז עדין ריזל,"יפאורה תבורי בע""מ",,שוופס מוגז עדין ריזלינג 1.5 ל,ליטרים,1.50,ליטר,false,1,8.90,5.9333,true,1,137324
7290019056096,false,שוופס מוגז עדין אפרס,"יפאורה תבורי בע""מ",,שוופס מוגז עדין אפרסק 1.5 ל,ליטרים,1.50,ליטר,false,1,8.90,5.9333,true,1,137325
7290019056126,false,שוופס סודה בטעם לימו,"יפאורה תבורי בע""מ",,שוופס סודה בטעם לימו,ליטרים,1.50,ליטר,false,1,3.90,2.6000,true,1,137314
7290019056133,false,סודה שוופס נענע ליים,"יפאורה תבורי בע""מ",,סודה שוופס נענע ליים 1.5ל,ליטרים,1.50,ליטר,false,1,3.90,2.6000,true,1,137316
7290019056157,false,סודה שוופס פירות יער,,,סודה שוופס פירות יער 1.5 ל,ליטרים,1.50,ליטר,false,1,3.90,2.6000,true,1,137320
7290019056164,false,שוופס סודה 1.5 ל רבי,"יפאורה תבורי בע""מ",,שוופס סודה 1.5 ל רביעיה,ליטרים,6.00,ליטר,false,1,11.90,1.9833,true,1,137311
7290019056171,false,סודה שוופס לימון 1.5,,,סודה שוופס לימון 1.5 ל רביעיה,ליטרים,6.00,ליטר,false,1,11.90,1.9833,true,1,137313
7290019056188,false,סודה שוופס נענע ליים,"יפאורה תבורי בע""מ",,סודה שוופס נענע ליים 1.5 ל רביעיה,ליטרים,6.00,ליטר,false,1,11.90,1.9833,true,1,137315
7290019056201,false,סודה שוופס פירות יער,"יפאורה תבורי בע""מ",,סודה שוופס פירות יער 1.5 ל רביעיה,ליטרים,6.00,ליטר,false,1,11.90,1.9833,true,1,137319
7290019056232,false,שוופס ליים מוחיטו 1.,,,שוופס ליים מוחיטו 1.5 ל,ליטרים,1.50,ליטר,false,1,8.90,5.9333,true,1,137326
7290019056249,false,מים שוופס ענבים 1.5,"יפאורה תבורי בע""מ",,מים שוופס ענבים 1.5 ל,ליטרים,1.50,ליטר,false,1,7.90,5.2667,true,1,137306
7290019056256,false,מים שוופס ווטר בטעם,"יפאורה תבורי בע""מ",,מים שוופס ווטר בטעם תפוח 1.5 ל,מיליליטרים,1500.00,"100 מ""ל",false,1,7.90,0.5267,true,1,137307
7290019056263,false,מים שוופס אפרסק 1.5,"יפאורה תבורי בע""מ",,מים שוופס אפרסק 1.5 ל,ליטרים,1.50,ליטר,false,1,7.90,5.2667,true,1,137308
7290019056270,false,מים שוופס פירות יער,"יפאורה תבורי בע""מ",,מים שוופס פירות יער 1.5 ל,ליטרים,1.50,ליטר,false,1,7.90,5.2667,true,1,137309
7290019056287,false,משקה שוופס ווטר אפרס,"יפאורה תבורי בע""מ",,משקה שוופס ווטר אפרסק 0 קולוריות 1.5 ל,ליטרים,1.50,ליטר,false,1,7.90,5.2667,true,1,137310
7290019056300,false,שוופס ביטר 1.5 ל,"יפאורה תבורי בע""מ",,שוופס ביטר 1.5 ל,ליטרים,1.50,ליטר,false,1,13.90,9.2667,true,1,137345
7290019056317,false,שוופס רוסציאן 1.5 ל,"יפאורה תבורי בע""מ",,שוופס רוסציאן 1.5 ל,ליטרים,1.50,ליטר,false,1,13.90,9.2667,true,1,137346
7290019056324,false,שוופס טוניק 1.5 ל,"יפאורה תבורי בע""מ",,שוופס טוניק 1.5 ל,ליטרים,1.50,ליטר,false,1,13.90,9.2667,true,1,137347
7290019056331,false,שוופס טוניק ללא סוכר,"יפאורה תבורי בע""מ",,שוופס טוניק ללא סוכר 1.5 ל,ליטרים,1.50,ליטר,false,1,13.90,9.2667,true,1,137348
7290019056355,false,משקה תפוזינה מיקס לי,"יפאורה תבורי בע""מ",,משקה תפוזינה מיקס לימונענע 1.5 ל,ליטרים,1.50,ליטר,false,1,8.90,5.9333,true,1,137287
7290019056362,false,תפוזינה ענבים 1.5 ל,"יפאורה תבורי בע""מ",,תפוזינה ענבים 1.5 ל,ליטרים,1.50,ליטר,false,1,8.90,5.9333,true,1,137288
7290019056379,false,תפוזינה תפוזים 1.5 ל,"יפאורה תבורי בע""מ",,תפוזינה תפוזים 1.5 ל,ליטרים,1.50,ליטר,false,1,8.90,5.9333,true,1,137289
7290019056386,false,תפוזינה אשכולית 1.5,"יפאורה תבורי בע""מ",,תפוזינה אשכולית 1.5 ל,ליטרים,1.50,ליטר,false,1,8.90,5.9333,true,1,137290
7290019056393,false,תפוזינה תות בננה 1.5,"יפאורה תבורי בע""מ",,תפוזינה תות בננה 1.5 ל,ליטרים,1.50,ליטר,false,1,8.90,5.9333,true,1,137291
7290019056409,false,משקה תפוזינה בטעם מנ,"יפאורה תבורי בע""מ",,משקה תפוזינה בטעם מנגו 1.5 ל,ליטרים,1.50,ליטר,false,1,8.90,5.9333,true,1,137292
7290019056416,false,תפוזינה לימונדה 1.5,"יפאורה תבורי בע""מ",,תפוזינה לימונדה 1.5 ל,ליטרים,1.50,ליטר,false,1,8.90,5.9333,true,1,137293
7290019056423,false,משקה תפוזינה תפוח 1.,"יפאורה תבורי בע""מ",,משקה תפוזינה תפוח 1.5 ל,ליטרים,1.50,ליטר,false,1,8.90,5.9333,true,1,137294
7290019056430,false,תפוזינה תפוזים דיאט,"יפאורה תבורי בע""מ",,תפוזינה תפוזים דיאט 1.5 ל,ליטרים,1.50,ליטר,false,1,8.90,5.9333,true,1,137295
7290019056447,false,תפוזינה אשכולית דיאט,"יפאורה תבורי בע""מ",,תפוזינה אשכולית דיאט 1.5 ל,ליטרים,1.50,ליטר,false,1,8.90,5.9333,true,1,137296
7290019056461,false,משקה אר סי קולה 1.5,"יפאורה תבורי בע""מ",,משקה אר סי קולה 1.5 ל שישיה,ליטרים,9.00,ליטר,false,1,39.90,4.4333,true,1,137362
7290019056478,false,תה ספרינג אפרסק 1.5,"יפאורה תבורי בע""מ",,תה ספרינג אפרסק 1.5 ל,ליטרים,1.50,ליטר,false,1,7.90,5.2667,true,1,137297
7290019056485,false,תה ספרינג תה ירוק 1.,"יפאורה תבורי בע""מ",,תה ספרינג תה ירוק 1.5 ל,מיליליטרים,1500.00,"100 מ""ל",false,1,7.90,0.5267,true,1,137298
7290019056492,false,תה ספרינג מנגו אפרסק,"יפאורה תבורי בע""מ",,תה ספרינג מנגו אפרסק 1.5 ל,ליטרים,1.50,ליטר,false,1,7.90,5.2667,true,1,137299
7290019056508,false,משקה פרויט ווטר ענבי,,,משקה פרויט ווטר ענבים 1.5 ל,ליטרים,1.50,ליטר,false,1,8.90,5.9333,true,1,137301
7290019056515,false,משקה פרויט ווטר אננס,,,משקה פרויט ווטר אננס 1.5 ל,ליטרים,1.50,ליטר,false,1,8.90,5.9333,true,1,137302
7290019056522,false,משקה פרויט ווטר תות,,,משקה פרויט ווטר תות 1.5 ל,ליטרים,1.50,ליטר,false,1,8.90,5.9333,true,1,137303
7290019056539,false,משקה פרויט ווטר אפרס,,,משקה פרויט ווטר אפרסק 1.5 ל,ליטרים,1.50,ליטר,false,1,8.90,5.9333,true,1,137304
7290019056546,false,משקה פרויט ווטר אבטי,,,משקה פרויט ווטר אבטיח 1.5 ל,ליטרים,1.50,ליטר,false,1,8.90,5.9333,true,1,137305
7290019056553,false,מים מינרלים עין גדי,עין גדי מים מינרליים,,מים מינרלים עין גדי 2 ל שישיה,ליטרים,12.00,ליטר,false,1,12.90,1.0750,true,1,137364
7290019056577,false,ספרינג מנגו 1.5 ל,,,ספרינג מנגו 1.5 ל,מיליליטרים,1500.00,"100 מ""ל",false,1,8.90,0.5933,true,1,137277
7290019056584,false,ספרינג תפוז 1.5 ל,,,ספרינג תפוז 1.5 ל,מיליליטרים,1500.00,"100 מ""ל",false,1,8.90,0.5933,true,1,137737
7290019056591,false,ספרינג ענבים 1.5 ל,,,ספרינג ענבים 1.5 ל,מיליליטרים,1500.00,"100 מ""ל",false,1,8.90,0.5933,true,1,137278
7290019056607,false,ספרינג תפוחים 1.5 ל,,,ספרינג תפוחים 1.5 ל,מיליליטרים,1500.00,"100 מ""ל",false,1,8.90,0.5933,true,1,137279
7290019056621,false,ספרינג פירות קיץ טרו,,,ספרינג פירות קיץ טרופי 1.5 ל,מיליליטרים,1500.00,"100 מ""ל",false,1,8.90,0.5933,true,1,137281
7290019056638,false,ספרינג תות בננה 1.5,,,ספרינג תות בננה 1.5 ל,מיליליטרים,1500.00,"100 מ""ל",false,1,8.90,0.5933,true,1,137282
7290019056645,false,ספרינג אגס סברס תפוח,,,ספרינג אגס סברס תפוח 1.5 ל,מיליליטרים,1500.00,"100 מ""ל",false,1,8.90,0.5933,true,1,137283
7290019056652,false,ספרינג אננס בננה 1.5,,,ספרינג אננס בננה 1.5 ל,מיליליטרים,1500.00,"100 מ""ל",false,1,8.90,0.5933,true,1,137284
7290019056669,false,ספרינג תפוחים דיאט 1,,,ספרינג תפוחים דיאט 1.5 ל,מיליליטרים,1500.00,"100 מ""ל",false,1,8.90,0.5933,true,1,137285
7290019056676,false,ספרינג אשכוליות אננס,,,ספרינג אשכוליות אננס 1.5 ל,מיליליטרים,1500.00,"100 מ""ל",false,1,8.90,0.5933,true,1,137286
7290019056720,false,קריסטל ענבים 2 ל,,,קריסטל ענבים,ליטרים,2.00,ליטר,false,1,7.90,3.9500,true,1,137349
7290019056737,false,קריסטל אשכוליות 2 ל,,,קריסטל אשכוליות,ליטרים,2.00,ליטר,false,1,7.90,3.9500,true,1,137350
7290019056744,false,קריסטל תפוזים 2 ל,,,קריסטל תפוזים,ליטרים,2.00,ליטר,false,1,7.90,3.9500,true,1,137351
7290019056751,false,אשכול דיאט קריסטל 2,,,אשכול דיאט קריסטל 2 ל,ליטרים,2.00,ליטר,false,1,7.90,3.9500,true,1,137352
7290019056768,false,קריסטל מנגו 2 ל,,,קריסטל מנגו 2 ל,ליטרים,2.00,ליטר,false,1,7.90,3.9500,true,1,137353
7290019056775,false,קריסטל ענבים 2 ל,,,קריסטל ענבים,ליטרים,2.00,ליטר,false,1,7.90,3.9500,true,1,137354
7290019056782,false,קריסטל לימון ליים 2,,,קריסטל לימון ליי,ליטרים,2.00,ליטר,false,1,7.90,3.9500,true,1,137355
7290019056799,false,קריסטל אקזוטי מוגז 2,,,קריסטל אקזוטי מוגז,ליטרים,2.00,ליטר,false,1,7.90,3.9500,true,1,137356
7290019056805,false,קריסטל תפוחים 2 ל,,,קריסטל תפוחים,ליטרים,2.00,ליטר,false,1,7.90,3.9500,true,1,137357
7290019056812,false,קריסטל מנטה 2 ל,,,קריסטל מנטה,ליטרים,2.00,ליטר,false,1,7.90,3.9500,true,1,137358
7290019056829,false,קריסטל תפוז 2 ל,,,קריסטל תפוז 2 ל,ליטרים,2.00,ליטר,false,1,7.90,3.9500,true,1,137359
7290019056836,false,קריסטל תות 2 ל,,,קריסטל תות 2 ל,ליטרים,2.00,ליטר,false,1,7.90,3.9500,true,1,137360
7290019056843,false,קריסטל קולה 2 ל,,,קריסטל קולה,ליטרים,2.00,ליטר,false,1,7.90,3.9500,true,1,137361
7290019056850,false,תה ספרינג דיאט אפרסק,"יפאורה תבורי בע""מ",,תה ספרינג דיאט אפרסק 1.5 ל,מיליליטרים,1500.00,"100 מ""ל",false,1,7.90,0.5267,true,1,137300
7290019056881,false,שוופס סודה 1.5 ל,"יפאורה תבורי בע""מ",,שוופס סודה 1.5 ל,ליטרים,6.00,ליטר,false,1,3.90,0.6500,true,1,139226
7290019056935,false,משקה ארסי קולה 1.5 ל,,,משקה ארסי קולה 1.5 ל,ליטרים,1.50,ליטר,false,1,6.90,4.6000,true,1,140326
7290019056942,false,מים מינרליים טבעיים,,,מים מינרליים טבעיים עין גדי 2 ל,ליטרים,2.00,ליטר,false,1,3.90,1.9500,true,1,137727
7290019056966,false,מי עדן 1.5 ל,"מי עדן בע""מ",,מי עדן 1.5 ל,ליטרים,1.50,ליטר,false,1,3.90,2.6000,true,1,137726
7290019056973,false,מים מינרלים מי עדן 1,"מי עדן בע""מ",,מים מינרלים מי עדן 1.5 ל שישיה,ליטרים,9.00,ליטר,false,1,12.90,1.4333,true,1,137275
7290019153023,false,אר סי קולה ללא סוכר,,,אר סי קולה ללא סוכר 1.5 ל רביעייה,ליטרים,6.00,ליטר,false,1,24.90,4.1500,true,1,138929
7290019153085,false,שוופס ליים מוחיטו לל,"יפאורה תבורי בע""מ",,שוופס ליים מוחיטו ללא סוכר 1.5 ל,ליטרים,1.50,ליטר,false,1,8.90,5.9333,true,1,138124
7290019153252,false,שוופס סודה תפוח 1.5,"יפאורה תבורי בע""מ",,שוופס סודה תפוח 1.5 ל רביעיה,ליטרים,6.00,ליטר,false,1,11.90,1.9833,true,1,139814
7290019153269,false,שוופס סודה אננס 1.5,"יפאורה תבורי בע""מ",,שוופס סודה אננס 1.5 ל רביעיה,ליטרים,6.00,ליטר,false,1,11.90,1.9833,true,1,139813
7290019153306,false,שוופס סודה תפוח 1.5,"יפאורה תבורי בע""מ",,שוופס סודה תפוח 1.5 ל,ליטרים,1.50,ליטר,false,1,3.90,2.6000,true,1,140980
7290019153313,false,משקה פרויט & ווג תפו,,,משקה פרויט & ווג תפוח חמוציות 350 מל,מיליליטרים,350.00,"100 מ""ל",false,1,6.90,1.9714,true,1,139812
7290019153344,false,תפוזינה סנגרייה 1.5,"יפאורה תבורי בע""מ",,תפוזינה סנגרייה 1.5 ל,ליטרים,1.50,ליטר,false,1,8.90,5.9333,true,1,139809
7290019153351,false,תפוזינה פינק אוזו 1.,"יפאורה תבורי בע""מ",,תפוזינה פינק אוזו 1.5 ל,ליטרים,1.50,ליטר,false,1,8.90,5.9333,true,1,139810
7290019153375,false,תפוזינה מוחיטו 1.5 ל,"יפאורה תבורי בע""מ",,תפוזינה מוחיטו 1.5 ל,ליטרים,1.50,ליטר,false,1,8.90,5.9333,true,1,139811
7290019153566,false,ספרינג רימון אוכמניו,,,ספרינג רימון אוכמניות דובדבן 1.5 ל,מיליליטרים,1500.00,"100 מ""ל",false,1,8.90,0.5933,true,1,141484
7290019167020,false,קינוח עוגת גבינה פיר,,,קינוח עוגת גבינה פירות יער לייט 82 גר,גרמים,82.00,100 גרם,false,12,6.90,8.4146,true,1,142319
7290019167037,false,קינוח תותים בקצפת עד,,,קינוח תותים בקצפת עדן 82 גר,גרמים,82.00,100 גרם,false,12,6.90,8.4146,true,1,142317
7290019167044,false,קינוח קצפת עם קרם בי,,,קינוח קצפת עם קרם בייגלה מתוק מלוח 82 גר,גרמים,82.00,100 גרם,false,12,6.90,8.4146,true,1,142318
7290019176022,false,פילה טונה בשמן קנולה,,,פילה טונה בשמן קנולה 160 גר,גרמים,160.00,100 גרם,false,1,15.90,9.9375,true,1,137012
7290019176046,false,פילה טונה בשמן זית 1,,,פילה טונה בשמן זית 160 גר,גרמים,160.00,100 גרם,false,1,16.90,10.5625,true,1,137015
7290019176060,false,שמן חמניות מזוכך חמנ,,,שמן חמניות מזוכך חמניית זהב 1 ל,ליטרים,1.00,ליטר,false,1,17.90,17.9000,true,1,140806
7290019176077,false,שמן חמניות מזוכך טיפ,,,שמן חמניות מזוכך טיפת שמש 1 ל,ליטרים,1.00,ליטר,false,1,17.90,17.9000,true,1,140805
7290019226093,false,אננס חתוך תומר 565 ג,,,אננס חתוך תומר 565 גר,גרמים,565.00,100 גרם,false,1,7.90,1.3982,true,1,140158
7290019226109,false,אננס פרוס תומר 565 ג,,,אננס פרוס תומר 565 גר,גרמים,565.00,100 גרם,false,1,7.90,1.3982,true,1,140159
7290019232834,false,בייגלה פליפז מצופה ק,,,בייגלה פליפז מצופה קרם עוגיות שוקולד 140,גרמים,140.00,100 גרם,false,8,9.90,7.0714,true,1,140532
7290019233008,false,רוטב עגבניות שקשוקה,,,רוטב עגבניות שקשוקה ארטישוק 420 גר,גרמים,420.00,100 גרם,false,1,13.90,3.3095,true,1,140583
7290019233015,false,שקשוקה ירוקה תבשיל י,,,שקשוקה ירוקה תבשיל ירקות 420 גר,גרמים,420.00,100 גרם,false,1,13.90,3.3095,true,1,140581
7290019297161,false,טורטיות ראפ מקמח תיר,,,טורטיות ראפ מקמח תירס 45 גר,גרמים,450.00,100 גרם,false,1,8.90,1.9778,true,1,118471
7290019297383,false,מעדן משמש 100% פרי ש,,,מעדן משמש 100% פרי שקדיה 284 גר,גרמים,284.00,100 גרם,false,1,8.90,3.1338,true,1,118481
7290019297406,false,מעדן דובדבן 100% פרי,,,מעדן דובדבן 100% פרי שקדיה 284 גר,גרמים,284.00,100 גרם,false,1,8.90,3.1338,true,1,118480
7290019297437,false,מעדן אוכמניות ללא תו,,,מעדן אוכמניות ללא תוספת סוכר שקדיה 284 ג,גרמים,284.00,100 גרם,false,1,8.90,3.1338,true,1,118477
7290019297536,false,חמאת בוטנים עם שברי,,,חמאת בוטנים עם שברי בוטנים 510 גר,גרמים,510.00,100 גרם,false,1,11.90,2.3333,true,1,123483
7290019297543,false,חמאת בוטנים שקדיה 51,,,חמאת בוטנים שקדיה 510 גר,גרמים,510.00,100 גרם,false,1,11.90,2.3333,true,1,120272
7290019297628,false,שקד טבעי 150 גר,,,שקד טבעי 150 גר,גרמים,150.00,100 גרם,false,1,14.90,9.9333,true,1,123485
7290019297635,false,שקד קלוי ששון קלוי 1,"דין שיווק וקליה בע""מ",,שקד קלוי ששון קלוי 150 גר,גרמים,150.00,100 גרם,false,1,14.90,9.9333,true,1,118534
7290019443124,false,בירה נגב אואזיס 330,,,בירה נגב אואזיס 330 מל,מיליליטרים,330.00,"100 מ""ל",false,1,13.90,4.2121,true,1,141418
7290021288720,false,פחלווה גרוזינית 450,,,פחלבה גרוזינית 450גר,גרמים,450.00,100 גרם,false,1,29.90,6.6444,true,1,74641
7290055090801,false,שוקולד לבן ללא סוכר,Carmit,,שוקולד לבן ללא סוכר 85 גר,גרמים,85.00,100 גרם,false,1,6.90,8.1176,true,1,108037
7290089617074,false,פטריות מסליאטה מוחמצ,,CN,פטריות מסליאטה מוחמצות 680 גר,גרמים,680.00,100 גרם,false,6,14.90,2.1912,true,1,131912
7290089617142,false,פטריות אופיאטה מוחמצ,,CN,פטריות אופיאטה מוחמצות 680 גר,גרמים,680.00,100 גרם,false,6,14.90,2.1912,true,1,131910
7290089617210,false,פטריות אסורטי מוחמצו,,CN,פטריות אסורטי מוחמצות 680 גר,גרמים,680.00,100 גרם,false,6,14.90,2.1912,true,1,134139
7290089617388,false,פטריות בורוביצקי מוח,,CN,פטריות בורוביצקי מוחמצות 680 גר,גרמים,680.00,100 גרם,false,6,14.90,2.1912,true,1,131911
7290100240144,false,תרסיס בדין ורוד 500,זוהר דליה,,"תרסיס ""בדין"" ורוד 50",מיליליטרים,500.00,"100 מ""ל",false,1,16.90,3.3800,true,1,36940
7290100240632,false,פתית 6 דגנים 250 גר,אתר שפע,,פתית 6 דגנים 250 גרם,גרמים,250.00,100 גרם,false,1,15.90,6.3600,true,1,36947
7290100240656,false,פתית שיפון 300 גר,אתר שפע,,פתית שיפון 300 גרם,גרמים,300.00,100 גרם,false,1,15.90,5.3000,true,1,36948
7290100243084,false,מיונז אמיתי הלמנס 78,"יונילוור ארה""ב",,מיונז אמיתי הלמנס 789 גר,גרמים,789.00,100 גרם,false,1,22.90,2.9024,true,1,36980
7290100243671,false,מרכך כביסה בדין אקסט,יונילוור - תורכיה,,"מרכך כביסה ""בדין"" אק",מיליליטרים,960.00,"100 מ""ל",false,1,14.90,1.5521,true,1,36994
7290100243688,false,מרכך כביסה מרוכז ורו,יונילוור - תורכיה,,"מרכך כביסה ""בדין"" אק",מיליליטרים,960.00,"100 מ""ל",false,1,14.80,1.5417,true,1,36995
7290100245231,false,נמס בכוס ועוד בטעם ע,אתר חיפה אבקות,,נמס בכוס ועוד בטעם ע,גרמים,50.00,100 גרם,false,1,6.90,13.8000,true,1,37027
7290100341803,false,חטיף לכלבים בונזו עו,,,חטיף לכלבים בונזו עוף דנטליים 20גר,גרמים,20.00,100 גרם,false,1,4.90,24.5000,true,1,80954
7290100411254,false,מחית לתינוקות בלווד,,,מחית לתינוקות בלווד תפוח ובננה ללא סוכר,גרמים,190.00,100 גרם,false,1,5.90,3.1053,true,1,116253
7290100412343,false,מגבונים לניקוי כללי,,,מגבונים לניקוי כללי קוויק בריח לימון 50,Unknown,0.00,Unknown,false,1,8.90,0.0000,true,1,116270
7290100412435,false,מגבונים לניקוי כללי,,,מגבונים לניקוי כללי קוויק בריח פרחי בר,Unknown,0.00,Unknown,false,1,8.90,0.0000,true,1,116271
7290100412459,false,מגבונים לניקוי שרותי,,,מגבונים לניקוי שרותים ואמבט קוויק לוונדר,Unknown,0.00,Unknown,false,1,8.90,0.0000,true,1,116273
7290100412466,false,מגבונים לחים קוויק ל,,,מגבונים לחים קוויק לניקוי רצפות לימון 10,Unknown,0.00,Unknown,false,1,10.90,0.0000,true,1,126008
7290100412787,false,תחליב רחצה קלאסי דוק,,,"תחליב רחצה קלאסי דוקטור אור פרח 700 מ""ל",מיליליטרים,700.00,"100 מ""ל",false,1,14.90,2.1286,true,1,116298
7290100570074,false,אביזרי מטבח,,,אביזרי מטבח,Unknown,0.00,Unknown,false,1,4.90,0.0000,true,1,120192
7290100570234,false,אביזרי מטבח,,,אביזרי מטבח,Unknown,0.00,Unknown,false,1,12.90,0.0000,true,1,80591
7290100572146,false,אביזרי מטבח,,,אביזרי מטבח,Unknown,0.00,Unknown,false,1,24.90,0.0000,true,1,55004
7290100572368,false,אביזרי מטבח,,,אביזרי מטבח,Unknown,0.00,Unknown,false,1,19.90,0.0000,true,1,55003
7290100572702,false,אביזרי מטבח,,,אביזרי מטבח,Unknown,0.00,Unknown,false,1,10.90,0.0000,true,1,55001
7290100573396,false,אביזרי מטבח,,,אביזרי מטבח,Unknown,0.00,Unknown,false,1,9.90,0.0000,true,1,55000
7290100573716,false,אביזרי מטבח,,,אביזרי מטבח,Unknown,0.00,Unknown,false,1,14.90,0.0000,true,1,80590
7290100574959,false,אביזרי מטבח,,,אביזרי מטבח,Unknown,0.00,Unknown,false,1,15.90,0.0000,true,1,55002
7290100574980,false,אביזרי מטבח,,,אביזרי מטבח,Unknown,0.00,Unknown,false,1,29.90,0.0000,true,1,55005
7290100575055,false,אביזרי מטבח,,,אביזרי מטבח,Unknown,0.00,Unknown,false,1,29.90,0.0000,true,1,116716
7290100658338,false,נוזל כלים אוקסי פלוס,Colgate - Greece,,"נוזל כלים ""פלמוליב""",מיליליטרים,750.00,"100 מ""ל",false,1,10.90,1.4533,true,1,37163
7290100659090,false,חטיף תמרים וקינמון 1,FREE,,חטיף אנרגיה,גרמים,110.00,100 גרם,false,1,16.90,15.3636,true,1,37165
7290100680650,false,מנה חמה נודלס - אטרי,טאי רזידנט,,מנה חמה נודלס - אטרי,גרמים,76.00,100 גרם,false,1,6.90,9.0789,true,1,37170
7290100680711,false,פירורי לחם מוזהבים פ,עינת,,"פירורית זהב 350 ג""ר",גרמים,350.00,100 גרם,false,1,8.90,2.5429,true,1,37173
7290100683880,false,פירה להכנה מהירה אסם,אסם,,"אוסם פירה 260 ג""ר",גרמים,260.00,100 גרם,false,1,13.90,5.3462,true,1,37201
7290100684139,false,אסם מיני מקרוני 500,זארה,,אסם מיני מקרוני 500,גרמים,500.00,100 גרם,false,1,5.90,1.1800,true,1,37202
7290100684764,false,במבה יום הולדת סרט 2,אסם,,במבה יום הולדת סרט 2,גרמים,25.00,100 גרם,false,1,2.90,11.6000,true,1,37208
7290100685136,false,אבקת מרק בטעם עוף,אסם,,אבקת מרק בטעם עוף 1 קג,קילוגרמים,1.00,"ק""ג",false,1,15.90,15.9000,true,1,37213
7290100685334,false,מרק עוף רכיבים טבעיי,אסם,,מרק עוף רכיבים טבעיי,גרמים,400.00,100 גרם,false,1,21.90,5.4750,true,1,37215
7290100685341,false,אבקת מרק בטעם עוף זך,אסם,,אבקת מרק בטעם עוף זך,גרמים,400.00,100 גרם,false,1,15.90,3.9750,true,1,37216
7290100687109,false,במבה במילוי קרם נוגט,אסם,,במבה במילוי קרם נוגט,גרמים,60.00,100 גרם,false,1,4.90,8.1667,true,1,37228
7290100689301,false,מרק בטעם עוף זך 400,אסם,,מרק טעם עוף זך - עדי,גרמים,400.00,100 גרם,false,1,14.90,3.7250,true,1,37241
7290100700020,false,גריסי פנינה 500 גר,,,גריסי פנינה 500 גר,גרמים,500.00,100 גרם,false,1,5.90,1.1800,true,1,37258
7290100700075,false,פירורי לחם מוזהב 200,,,פירורי לחם מוזהב 200,גרמים,200.00,100 גרם,false,1,3.90,1.9500,true,1,37260
7290100700242,false,אורז מלא עגול 1 קג,,,"אורז מלא עגול 1 ק""ג",קילוגרמים,1.00,"ק""ג",false,1,9.90,9.9000,true,1,37261
7290100700273,false,קינואה 500 גר,,,קינואה 500 גר,גרמים,500.00,100 גרם,false,1,12.90,2.5800,true,1,37263
7290100700310,false,כוסמת 1 קג,,,כוסמת 1 קג,קילוגרמים,1.00,"ק""ג",false,1,15.90,15.9000,true,1,37264
7290100700372,false,אורז בסמטי מלא 1 קג,,,"אורז בסמטי מלא 1 ק""ג",קילוגרמים,1.00,"ק""ג",false,1,12.90,12.9000,true,1,37267
7290100700389,false,אורז אדום 1 קג,,,"אורז אדום 1 ק""ג",קילוגרמים,1.00,"ק""ג",false,1,12.90,12.9000,true,1,37268
7290100700396,false,אורז יסמין קלאסי 1 ק,,,אורז יסמין קלאסי 1 ק,קילוגרמים,1.00,"ק""ג",false,1,11.90,11.9000,true,1,37269
7290100700587,false,בורגול 500 גר,,,"בורגול 500 גר""",גרמים,500.00,100 גרם,false,1,5.90,1.1800,true,1,37275
7290100701126,false,שעועית מש 500 גר,,,שעועית מש 500 גרם,גרמים,500.00,100 גרם,false,1,10.90,2.1800,true,1,37305
7290100701140,false,אורז ריזוטו ארבוריו,,,אורז ריזוטו ארבוריו,קילוגרמים,1.00,"ק""ג",false,1,13.90,13.9000,true,1,37306
7290100701157,false,אורז סושי 1 קג,,,"אורז סושי 1 ק""ג",קילוגרמים,1.00,"ק""ג",false,1,13.90,13.9000,true,1,37307
7290100701300,false,קינואה אדומה 500 גר,,,קינואה אדומה 500 גרם,גרמים,500.00,100 גרם,false,1,12.90,2.5800,true,1,37314
7290100701331,false,קמח רב תכליתי 1 קג,,,"קמח רב תכליתי 1 ק""ג",גרמים,1000.00,100 גרם,false,1,6.90,0.6900,true,1,37316
7290100701409,false,קמח תירס 500 גר,,,קמח תירס 500גר,גרמים,500.00,100 גרם,false,1,5.90,1.1800,true,1,74089
7290100701454,false,גרישה 500 גר,,,גרישה 500 גרם,קילוגרמים,0.50,"ק""ג",false,1,5.90,11.8000,true,1,37321
7290100701577,false,קמח לחם 1 קג,,,"קמח לחם 1 ק""ג",גרמים,1000.00,100 גרם,false,1,6.90,0.6900,true,1,37322
7290100701874,false,קמח סוגת כוסמין מלא,,,"קמח סוגת כוסמין מלא  1 ק""ג",קילוגרמים,1.00,"ק""ג",false,1,14.90,14.9000,true,1,103183
7290100701881,false,קמח פיצה ופוקצה 1 קג,,,"קמח פיצה ופוקצ""ה 1 ק",גרמים,1000.00,100 גרם,false,1,6.90,0.6900,true,1,37337
7290100701898,false,קמח סוגת לפסטה 1 קג,,,"קמח סוגת לפסטה 1 ק""ג",קילוגרמים,1.00,"ק""ג",false,1,14.90,14.9000,true,1,103181
7290100701966,false,אפונה צהובה סוגת 500,,,אפונה צהובה סוגת 500 גר,גרמים,500.00,100 גרם,false,1,6.90,1.3800,true,1,105360
7290100702260,false,קוסקוס דק 350 גר,,,"קוסקוס דק 350 ג""ר",גרמים,350.00,100 גרם,false,1,4.90,1.4000,true,1,49834
7290100702277,false,קוסקוס עבה 350 גר,,,"קוסקוס עבה 350 ג""ר",גרמים,350.00,100 גרם,false,1,4.90,1.4000,true,1,49835
7290100702284,false,קוסקוס מלא 350 גר,,,"קוסקוס מלא 350 ג""ר",גרמים,350.00,100 גרם,false,1,4.90,1.4000,true,1,49836
7290100702314,false,שעועית שחור 500 גר,,,שעועית שחור 500 גר,גרמים,500.00,100 גרם,false,1,7.90,1.5800,true,1,51630
7290100702604,false,פולנטה מהירת הכנה 50,,,פולנטה 500גר,גרמים,500.00,100 גרם,false,1,10.90,2.1800,true,1,74090
7290100702611,false,פתיתים אפויים אורז 5,,,פתיתים אפויים אורז 500 גר,גרמים,500.00,100 גרם,false,1,5.90,1.1800,true,1,54424
7290100702628,false,פתיתים אפויים קוסוקס,,,פתיתים אפויים קוסוקס 500 גר,גרמים,500.00,100 גרם,false,1,5.90,1.1800,true,1,54425
7290100702635,false,פתיתים אפויים כוכבים,,,פתיתים אפויים כוכבים 400 גר,גרמים,500.00,100 גרם,false,1,5.90,1.1800,true,1,54426
7290100702642,false,פתיתים אפויים טבעות,,,פתיתים אפויים טבעות 500 גר,גרמים,500.00,100 גרם,false,1,5.90,1.1800,true,1,54427
7290100702666,false,פתיתים אפויים עם בצל,,,פתיתים אפויים עם בצל 400 גר,גרמים,400.00,100 גרם,false,1,5.90,1.4750,true,1,54429
7290100702673,false,פתיתים אפויים 3 צבעי,,,פתיתים אפויים 3 בצעים 400 גר,גרמים,400.00,100 גרם,false,1,5.90,1.4750,true,1,54430
7290100702741,false,סוכר חום בהיר צנצנת,,,סוכר חום בהיר צנצנת 1קג,קילוגרמים,1.00,"ק""ג",false,1,11.90,11.9000,true,1,75384
7290100702987,false,שיבולת שועל 500 גר,סוגת,,שיבולת שועל 500 גר,גרמים,500.00,100 גרם,false,1,5.90,1.1800,true,1,99446
7290100702994,false,סוכר דמררה קלאסי 500,סוגת,,סוכר דמררה קלאסי 500 גר,גרמים,500.00,100 גרם,false,1,5.90,1.1800,true,1,96477
7290100703007,false,עדשים שחורות בלוגה 5,סוגת,,עדשים שחורות בלוגה 500 גר,גרמים,500.00,100 גרם,false,1,7.90,1.5800,true,1,96478
7290100703182,false,תבשיל אישי נודלס בטע,,,תבשיל אישי נודלס בטעם ירקות 65 גר,גרמים,65.00,100 גרם,false,1,4.90,7.5385,true,1,123717
7290100703199,false,תבשיל אישי נודלס בטע,,,תבשיל אישי נודלס בטעם פיקנטי 65 גר,גרמים,65.00,100 גרם,false,1,4.90,7.5385,true,1,123718
7290100703458,false,כוסמת לא קלויה 500 ג,,,כוסמת לא קלויה 500 גר,גרמים,500.00,100 גרם,false,1,7.90,1.5800,true,1,102933
7290100703564,false,שיבולת שועל עבה 500,,,שיבולת שועל עבה 500 גר,גרמים,500.00,100 גרם,false,1,5.90,1.1800,true,1,104021
7290100703625,false,קמח סוגת לבן ללא ניפ,,,"קמח סוגת לבן ללא ניפוי 1 ק""ג",קילוגרמים,1.00,"ק""ג",false,1,7.90,7.9000,true,1,107077
7290100703632,false,קמח סוגת מלא ללא ניפ,,,"קמח סוגת מלא ללא ניפוי 1 ק""ג",קילוגרמים,1.00,"ק""ג",false,1,7.90,7.9000,true,1,107073
7290100703854,false,קוביות סוכר דמררה 50,,,קוביות סוכר דמררה 500 גר,גרמים,500.00,100 גרם,false,1,9.90,1.9800,true,1,111501
7290100703908,false,סוכר חום דמררה סוגת,,,סוכר חום דמררה סוגת 1 קג,קילוגרמים,1.00,"ק""ג",false,1,10.90,10.9000,true,1,110252
7290100703915,false,מארז פופקורן למיקרו,,,מארז פופקורן למיקרו חמאה 5+1 540 גר,גרמים,540.00,100 גרם,false,1,9.90,1.8333,true,1,114129
7290100703922,false,מארז פופקורן למיקרו,,,מארז פופקורן למיקרו טבעי 5+1 540 גר,גרמים,540.00,100 גרם,false,1,9.90,1.8333,true,1,114130
7290100704141,false,סודה לשתיה 100 גר,,,סודה לשתיה 100 גר,גרמים,100.00,100 גרם,false,1,2.90,2.9000,true,1,118812
7290100704615,false,סוכר לבן דק דק בצנצנ,,,סוכר לבן דק דק בצנצנת 500 גר,גרמים,500.00,100 גרם,false,1,7.90,1.5800,true,1,135377
7290100704622,false,סוכר דמררה דק דק בצנ,,,סוכר דמררה דק דק בצנצנת 500 גר,גרמים,500.00,100 גרם,false,1,8.90,1.7800,true,1,135376
7290100704660,false,קינואה מיקס 500 גר,,,קינואה מיקס 500 גר,גרמים,500.00,100 גרם,false,1,12.90,2.5800,true,1,134348
7290100704684,false,קמח שמרים כוסמין 1 ק,,,קמח שמרים כוסמין 1 קג,קילוגרמים,1.00,"ק""ג",false,1,19.90,19.9000,true,1,140328
7290100858592,false,קקאו עלית 150 גר,STRAUSS-ISRAEL,,"קקאו עלית 150 ג""ר",גרמים,150.00,100 גרם,false,1,9.90,6.6000,true,1,37375
7290100924457,false,שלישיית סבון אסלה סו,,,שלישיית סבון אסלה סוד לימון,Unknown,0.00,Unknown,false,1,17.90,0.0000,true,1,138361
7290100924464,false,שלישיית סבון אסלה סו,,,שלישיית סבון אסלה סוד אקונומיקה,Unknown,0.00,Unknown,false,1,17.90,0.0000,true,1,138359
7290100927717,false,אבקת כביסה פרסיל קול,,,אבקת כביסה פרסיל קולור 5 קג,קילוגרמים,5.00,"ק""ג",false,1,44.90,8.9800,true,1,51258
7290100941416,false,יין פורט גראמס טאוני,,,"יין פורט גראמס טאוני אדום 750 מ""ל",מיליליטרים,750.00,"100 מ""ל",false,1,69.90,9.3200,true,1,106280
7290101453871,false,נר מספר 0,סודי,,נר מספר 0,Unknown,0.00,Unknown,false,1,3.90,0.0000,true,1,104661
7290101453888,false,נר מספר 1,סודי,,נר מספר 1,Unknown,0.00,Unknown,false,1,3.90,0.0000,true,1,104662
7290101453895,false,נר מספר 2,סודי,,נר מספר 2,Unknown,0.00,Unknown,false,1,3.90,0.0000,true,1,104663
7290101453901,false,נר מספר 3,סודי,,נר מספר 3,Unknown,0.00,Unknown,false,1,3.90,0.0000,true,1,104664
7290101453918,false,נר מספר 4,סודי,,נר מספר 4,Unknown,0.00,Unknown,false,1,3.90,0.0000,true,1,104665
7290101453925,false,נר מספר 5,סודי,,נר מספר 5,Unknown,0.00,Unknown,false,1,3.90,0.0000,true,1,104666
7290101453932,false,נר מספר 6,סודי,,נר מספר 6,Unknown,0.00,Unknown,false,1,3.90,0.0000,true,1,104667
7290101453949,false,נר מספר 7,סודי,,נר מספר 7,Unknown,0.00,Unknown,false,1,3.90,0.0000,true,1,104668
7290101453956,false,נר מספר 8,סודי,,נר מספר 8,Unknown,0.00,Unknown,false,1,3.90,0.0000,true,1,104669
7290101453963,false,נר מספר 9,סודי,,נר מספר 9,Unknown,0.00,Unknown,false,1,3.90,0.0000,true,1,104670
7290101486688,false,פרי חטיפי דגנים ושוק,FREE,,פרי חטיפי בריאות מאר,גרמים,110.00,100 גרם,false,1,16.90,15.3636,true,1,37506
7290101488316,false,ליידי ספיד סטיק ללא,Colgate - USA,,ליידי ספיד סטיק ללא סימן ורוד,מיליליטרים,50.00,"100 מ""ל",false,1,18.90,37.8000,true,1,37516
7290101551027,false,קפסולות קפה חזק במיו,,,קפסולות קפה עלית חזק במיוחד 50 גר,גרמים,50.00,100 גרם,false,1,15.90,31.8000,true,1,119189
7290101551263,false,סילאן טבעי יד מרדכי,,,סילאן יד מרדכי טבעי 700 גר,גרמים,700.00,100 גרם,false,6,21.90,3.1286,true,1,116449
7290101551300,false,סילאן טבעי לחיץ יד מ,,,סילאן יד מרדכי טבעי לחיץ 380 גר,גרמים,380.00,100 גרם,false,12,14.90,3.9211,true,1,116450
7290101551539,false,יוגורט דנונה פרו 20,,,יוגורט דנונה פרו 20 אפרסק 200 גר,גרמים,200.00,100 גרם,false,12,5.90,2.9500,true,1,117352
7290101551584,false,חטיף תפוציפס קידס מא,,,מארז תפוציפס קידס 20 גר 10 יח,גרמים,200.00,100 גרם,false,1,13.90,6.9500,true,1,116830
7290101551638,false,חטיף ציטוס כאפה מארז,,,מארז ציטוס כאפה 20 גר 10 יח,גרמים,200.00,100 גרם,false,1,13.90,6.9500,true,1,116828
7290101551645,false,חטיף ציטוס איקס עיגו,,,מארז ציטוס איקס עיגול 20 גר 10 יח,גרמים,200.00,100 גרם,false,1,13.90,6.9500,true,1,116829
7290101581208,false,יין בנימינה רזרב קבר,בניאמינה,,"יין בניאמינה רזרב קברנה סוביניון 750 מ""ל",מיליליטרים,750.00,"100 מ""ל",false,1,59.80,7.9733,true,1,97403
7290101582359,false,יין בנימינה המושבה ש,,,"יין בנימינה המושבה שרדונה 750 מ""ל",מיליליטרים,750.00,"100 מ""ל",false,1,29.90,3.9867,true,1,113673
7290101582373,false,יין בנימינה המושבה ג,,,יין בנימינה המושבה גרנאש בלאש רוזה 2017,מיליליטרים,750.00,"100 מ""ל",false,1,29.90,3.9867,true,1,127703
7290101582380,false,יין בנימינה המושבה ג,,,"יין בנימינה המושבה גוורצטרמינר 750 מ""ל",מיליליטרים,750.00,"100 מ""ל",false,1,29.90,3.9867,true,1,113675
7290101812166,false,נקניקיות צוריסוס מצו,,,נקניקיות צוריסוס מצונן 700 גר,גרמים,700.00,100 גרם,false,1,56.90,8.1286,true,1,117560
7290101812340,false,פטרוצאן מצונן מזרע 7,,,פטרוצאן מצונן מזרע 700 גר,גרמים,700.00,100 גרם,false,,59.90,8.5571,true,1,118884
7290101812883,false,נקניקיות כבש מצונן 7,,,נקניקיות כבש מצונן 700 גר,גרמים,700.00,100 גרם,false,1,36.90,5.2714,true,1,122141
7290101812890,false,נקניקיות מרגז מצונן,,,נקניקיות מרגז מצונן 700 גר,גרמים,700.00,100 גרם,false,1,44.90,6.4143,true,1,122140
7290101863410,false,סיליט ספריי אקונומיק,,,סיליט ספריי אקונומיק,מיליליטרים,750.00,"100 מ""ל",false,1,12.90,1.7200,true,1,37560
7290101864127,false,ספריי וניש קליה 750,,,"ספריי ""וניש קליה"" 750 מל",מיליליטרים,750.00,"100 מ""ל",false,1,16.90,2.2533,true,1,37564
7290101865261,false,נוזל הברקה למדיח פינ,,,"נוזל הברקה למדיח ""פי",מיליליטרים,800.00,"100 מ""ל",false,1,19.90,2.4875,true,1,37572
7290101866633,false,גל מסיר כתמים וניש ק,,,"ג""ל מסיר כתמים ""וניש קליה ""  3ל",ליטרים,3.00,ליטר,false,1,29.90,9.9667,true,1,49459
7290101866787,false,נוזל להסרת כתמים קלי,,,"נוזל להסרת כתמים ""קליה לבן""  3ל",ליטרים,3.00,ליטר,false,1,29.90,9.9667,true,1,49458
7290101868958,false,נוזל הברקה פיניש בני,,,נוזל הברקה פיניש לימון 800מל,מיליליטרים,800.00,"100 מ""ל",false,12,19.90,2.4875,true,1,79966
7290101869702,false,גל למדיח פיניש 600 מ,פיניש רקיט בנקיזר,,"גל למדיח פיניש 600 מ""ל",מיליליטרים,600.00,"100 מ""ל",false,1,29.90,4.9833,true,1,98141
7290101869719,false,גל למדיח פיניש לימון,פיניש רקיט בנקיזר,,"גל למדיח פיניש לימון 600 מ""ל",מיליליטרים,600.00,"100 מ""ל",false,1,29.90,4.9833,true,1,98142
7290101869788,false,פרשמטיק מילוי תלת מי,,,פרשמטיק מילוי תלת מימד אואזיס,Unknown,0.00,Unknown,false,1,14.90,0.0000,true,1,101492
7290101869795,false,פרשמטיק מילוי תלת מי,,,פרשמטיק מילוי תלת מימד חלום ליל קיץ,Unknown,0.00,Unknown,false,1,14.90,0.0000,true,1,101493
7290101952657,false,נקניקיות פטרוצאן אמי,,,נקניקיות פטרוצן אמיתי קפוא 700 גר,גרמים,700.00,100 גרם,false,1,51.90,7.4143,true,1,115548
7290101980919,false,ביצי שוקולד עם הפתעה,,,שלישיית ביצי שוקולד,Unknown,0.00,Unknown,false,1,14.90,0.0000,true,1,37594
7290101981770,false,קערה פולי מעוצבת ממו,סטור,,קערה פולי מעוצבת ממותגת,Unknown,0.00,Unknown,false,1,7.90,0.0000,true,1,37598
7290101981787,false,צלחת פולי פו הדב,סטור,,צלחת פולי פו הדב,Unknown,0.00,Unknown,false,1,9.90,0.0000,true,1,37599
7290101982203,false,מימייה ספייס נסיכות,סטור,,מימייה ספייס נסיכות,Unknown,0.00,Unknown,false,1,28.90,0.0000,true,1,37601
7290101985778,false,צמד ספריי נחש 16 מל,פאן טיים,,צמד ספריי נחש,מיליליטרים,16.00,"100 מ""ל",false,1,8.90,55.6250,true,1,104711
7290102003792,false,נר גמבו מאויירים ספי,סודי,,נר ג`מבו מאויירים ספיידרמן,Unknown,0.00,Unknown,false,1,6.90,0.0000,true,1,104633
7290102003815,false,נר גמבו מאויירים הול,סודי,,נר ג`מבו מאויירים הולו קיטי,Unknown,0.00,Unknown,false,1,6.90,0.0000,true,1,104635
7290102003822,false,נר גמבו מאויירים מיק,סודי,,נר ג`מבו מאויירים מיקי,Unknown,0.00,Unknown,false,1,6.90,0.0000,true,1,104632
7290102030330,false,חטיף תפוציפס קראנץ מ,STRAUSS-ISRAEL,,"תפוצ""יפס קראנץ מקסיק",גרמים,200.00,100 גרם,false,1,10.90,5.4500,true,1,37626
7290102031276,false,משקה יוגורט אקטימל ת,STRAUSS-ISRAEL,,שמיניית אקטימל תות ב,גרמים,864.00,100 גרם,false,1,20.90,2.4190,true,1,37631
7290102032334,false,קפה נמס בטעם וניל 20,STRAUSS-ISRAEL,,קפה נמס עלית בטעם ונ,גרמים,200.00,100 גרם,false,1,23.90,11.9500,true,1,37632
7290102035151,false,אקטיביה 1.5% 150 גר,STRAUSS-ISRAEL,,אקטיביה 1.5% בודד,גרמים,150.00,100 גרם,false,1,3.90,2.6000,true,1,37645
7290102300822,false,גבינת צידר אנגלית כת,בפלו,,"גבינת ""צידר"" אנגלית כתומה   200  גר",גרמים,200.00,100 גרם,false,1,24.90,12.4500,true,1,48069
7290102300860,false,גבינת צידר אנגלית 20,בפלו,,"גבינת ""צידר"" אנגלית 200 גר",גרמים,200.00,100 גרם,false,1,24.90,12.4500,true,1,48068
7290102390427,false,יוגורט מולר תות 150,,,"יוגורט ""מולר"" תות 15",מיליליטרים,150.00,"100 מ""ל",false,1,4.90,3.2667,true,1,37673
7290102390465,false,יוגורט בטעם אפרסק ופ,,,"יוגורט ""מולר"" אפרסק",מיליליטרים,150.00,"100 מ""ל",false,1,4.90,3.2667,true,1,37675
7290102390489,false,יוגורט ביו בטעם לימו,,,"יוגורט ""מולר"" לימון",מיליליטרים,150.00,"100 מ""ל",false,1,4.90,3.2667,true,1,37676
7290102391844,false,יוגורט ביו פרופ בטעם,,,"יוגורט ""מולר"" פרי די",מיליליטרים,150.00,"100 מ""ל",false,1,4.90,3.2667,true,1,37682
7290102392049,false,תבור לאפיה 5%,,,תבור לאפיה 5% 500 גר,גרמים,500.00,100 גרם,false,1,24.90,4.9800,true,1,37685
7290102392094,false,חלב עיזים בקרטון 1 ל,,,חלב עיזים בקרטון 1 ל,מיליליטרים,1000.00,"100 מ""ל",false,1,15.90,1.5900,true,1,37687
7290102393039,false,יוגורט מיקס עם פצפוצ,,,יוגורט מיקס עם פצפוצי שוקולד מולר 150 גר,גרמים,150.00,100 גרם,false,1,5.90,3.9333,true,1,37715
7290102393060,false,יוגורט מיקס גלילי וו,,,"יוגורט ""מולר"" מיקס ק",גרמים,170.00,100 גרם,false,1,5.90,3.4706,true,1,37716
7290102393169,false,יוגורט סימפלי פרוט ת,,,"יוגורט ""מולר"" סימפלי",גרמים,150.00,100 גרם,false,1,5.50,3.6667,true,1,37725
7290102393176,false,יוגורט סימפלי פרוט א,,,"יוגורט ""מולר"" סימפלי",גרמים,150.00,100 גרם,false,1,5.50,3.6667,true,1,37726
7290102393190,false,יוגורט סימפלי פרוט פ,,,"יוגורט ""מולר"" סימפלי",גרמים,150.00,100 גרם,false,1,5.50,3.6667,true,1,37728
7290102393268,false,גבינה לבנה 5% טרה 7,,,"גבינה לבנה ""טרה"" 5%",גרמים,750.00,100 גרם,false,1,14.90,1.9867,true,1,37732
7290102393299,false,יוגורט עיזים לשתייה,,,יוגורט עיזים לשתייה,גרמים,500.00,100 גרם,false,1,12.90,2.5800,true,1,37733
7290102393848,false,יוגורט עיזים תות 150,,,יוגורט עיזים תות 150,גרמים,150.00,100 גרם,false,1,6.50,4.3333,true,1,37750
7290102393855,false,יוגורט עיזים אפרסק 1,,,יוגורט עיזים אפרסק 1,גרמים,150.00,100 גרם,false,1,6.50,4.3333,true,1,37751
7290102393947,false,מולר סימפלי פרוט בטע,,,מולר סימפלי פרוט בטע,גרמים,150.00,100 גרם,false,1,5.50,3.6667,true,1,37755
7290102394258,false,גבינת עיזים מה עז 9%,,,"מה עז 180 גר"" 9% שומ",גרמים,180.00,100 גרם,false,1,24.90,13.8333,true,1,37773
7290102394463,false,גבינה צהובה 28% פרוס,,,גבינה צהובה 28% פרוס 500 גרי,גרמים,500.00,100 גרם,false,1,29.90,5.9800,true,1,54530
7290102394821,false,גבינה צהובה נעם דק ד,,,גבינה צהובה דק דק 28,גרמים,200.00,100 גרם,false,1,16.90,8.4500,true,1,37785
7290102394845,false,גבינה צהובה אדם לייט,,,גבינה צהובה אדם לייט,גרמים,200.00,100 גרם,false,1,17.90,8.9500,true,1,37786
7290102395217,false,יוגורט ביאנקו ביו במ,,,מאגדת שמיניית מולר במתיקות מעודנת 1.2%,קילוגרמים,1.20,"ק""ג",false,1,19.90,16.5833,true,1,51110
7290102395224,false,יוגורט ביו נטורל מול,,,"מאגדת שמיניית ""מולר"" נטורל 1.7%",גרמים,1200.00,100 גרם,false,1,18.90,1.5750,true,1,51111
7290102395231,false,יוגורט ביו נטורל 2.8,,,"מאגדת שמיניית ""מולר"" נטורל 2.8%",גרמים,1200.00,100 גרם,false,1,18.90,1.5750,true,1,51112
7290102395262,false,יוגורט תות ואפרסק 3%,,,מולר סימפלי פרוט מאג,גרמים,1200.00,100 גרם,false,1,29.90,2.4917,true,1,51814
7290102395378,false,גבינה צהובה 28% 360,,,גבינה צהובה 28% 360גרי,גרמים,360.00,100 גרם,false,1,21.90,6.0833,true,1,54529
7290102395439,false,יוגורט 3% פירות יער,,,מולר סימפלי פרוט מאגדת שמינייה,גרמים,1200.00,100 גרם,false,1,29.90,2.4917,true,1,51815
7290102395446,false,מעדן מו וניל עם קצפת,,,"מעדן ""מו"" וניל עם קצפת 142גר",גרמים,123.00,100 גרם,false,1,2.90,2.3577,true,1,51035
7290102395477,false,מעדן מו שוקולד עם קצ,,,"מעדן ""מו"" שוקולד עם קצפת 123 גר",גרמים,123.00,100 גרם,false,1,2.90,2.3577,true,1,51033
7290102395521,false,שמנת לבישול 15% 500,,,שמנת לבישול 15% 500מל,מיליליטרים,500.00,"100 מ""ל",false,1,16.90,3.3800,true,1,75389
7290102396405,false,מעדן וניל 100 גר שמי,,,מעדן וניל 100 גר שמינייה,גרמים,800.00,100 גרם,false,1,14.90,1.8625,true,1,76539
7290102396436,false,מעדן מוו פונץ שוקולד,,,מעדן מוו פונץ שוקולד 125גר,גרמים,125.00,100 גרם,false,1,2.90,2.3200,true,1,76348
7290102396443,false,מעדן מוו פונץ ווניל,,,מעדן מוו פונץ ווניל 125גר,גרמים,125.00,100 גרם,false,1,2.90,2.3200,true,1,76349
7290102396665,true,גבינה נעם פרוסות 15%,,,גבינה נעם 15% 200 גר,גרמים,200.00,100 גרם,false,1,16.90,8.4500,true,1,96864
7290102396672,true,גבינה נעם 9% 360 גר,,,גבינה נעם  9% 360 גר,גרמים,360.00,100 גרם,false,1,27.90,7.7500,true,1,96865
7290102396719,false,יוגורט מולר סימפלי ת,,,יוגורט מולר סימפלי תות 0% 150גר,גרמים,150.00,100 גרם,false,1,5.50,3.6667,true,1,78993
7290102396740,false,יוגורט מולר סימפלי ת,,,יוגורט מולר סימפלי תות אפרסק  0% מארז,גרמים,1200.00,100 גרם,false,1,29.90,2.4917,true,1,79986
7290102397075,false,יוגורט טרה טבעי 4% ק,,,יוגורט טרה טבעי 4% קר 1.5ל,ליטרים,1.50,ליטר,false,1,15.90,10.6000,true,1,80913
7290102397204,true,גבינה נעם פרוסות 22%,,,גבינה נעם 22% 200 גר,גרמים,200.00,100 גרם,false,1,16.90,8.4500,true,1,96863
7290102397310,false,מיני מעדן מוו שוקולד,,,מיני מעדן מוו שוקולד קצפת 70 גר שמינייה,גרמים,560.00,100 גרם,false,1,13.90,2.4821,true,1,99544
7290102397464,false,יוגורט מולר נטורל פק,מילקו,,יוגורט מולר נטורל פקאן גרעינים וחמוציות,גרמים,170.00,100 גרם,false,1,5.90,3.4706,true,1,106865
7290102397600,false,יוגורט מולר מיקס שקד,,,יוגורט מולר מיקס שקדים ובוטנים בקרמל,גרמים,170.00,100 גרם,false,1,5.90,3.4706,true,1,101464
7290102397617,false,יוגורט מולר מיקס קלי,,,יוגורט מולר מיקס קליק,גרמים,170.00,100 גרם,false,1,5.90,3.4706,true,1,101465
7290102397679,false,קוטג וחצי 5% 375 גר,,,קוטג וחצי 5% 375 גר,גרמים,375.00,100 גרם,false,1,8.50,2.2667,true,1,138780
7290102397730,false,גבינה אמנטל נעם 200,,,גבינה אמנטל נעם 200 גר,גרמים,200.00,100 גרם,false,1,18.90,9.4500,true,1,107702
7290102397891,false,גבינה מותכת צוריאל 1,מילקו,,גבינה מותכת צוריאל 100 גר,גרמים,100.00,100 גרם,false,1,7.90,7.9000,true,1,106866
7290102398065,false,חלב 3% בקרטון 2 ל,,,חלב 3% בקרטון 2 ליטר,ליטרים,2.00,ליטר,false,1,12.46,6.2300,true,1,108852
7290102398072,false,חלב בקרטון 3% מהדרין,,,חלב בקרטון 3% 1 ליטר,ליטרים,1.00,ליטר,false,1,6.23,6.2300,true,1,108851
7290102398331,false,חלב מועשר דל לקטוז 1,,,חלב מועשר דל לקטוז 1 ל,ליטרים,1.00,ליטר,false,1,7.90,7.9000,true,1,112364
7290102398553,false,שוקו טרה בקבוק 1.5 ל,,,שוקו טרה בקבוק 1.5 ל,ליטרים,1.50,ליטר,false,6,16.90,11.2667,true,1,125924
7290102398560,false,שוקו טרה מועשר בק 1,,,שוקו טרה מועשר בק 1 ל,ליטרים,1.00,ליטר,false,1,11.90,11.9000,true,1,115747
7290102398577,false,שוקו טרה מועשר בק 25,,,"שוקו טרה מועשר בק 250 מ""ל",מיליליטרים,250.00,"100 מ""ל",false,1,5.90,2.3600,true,1,115750
7290102398669,false,משקה אייס קפוצינו טר,,,משקה אייס קפוצינו  טרה  בק 1 ל,ליטרים,1.00,ליטר,false,1,11.90,11.9000,true,1,127253
7290102398805,false,משקה סויה בטעם וניל,,,משקה סויה בטעם וניל 1 ל,ליטרים,1.00,ליטר,false,1,10.90,10.9000,true,1,138781
7290102399635,false,יוגורט מולר פרופ קוק,,,יוגורט מולר פרופ קוקוס אננס 4.1%,מיליליטרים,150.00,"100 מ""ל",false,1,4.90,3.2667,true,1,127255
7290102399772,false,מולר ספרדבל ממרח חמא,,,מולר ספרדבל ממרח חמאה במליחות עדינה 250,גרמים,250.00,100 גרם,false,1,17.90,7.1600,true,1,128095
7290102399789,false,מולר ספרדבל ממרח חמא,,,מולר ספרדבל ממרח חמאה ללא מלח 250 גר,גרמים,250.00,100 גרם,false,1,17.90,7.1600,true,1,128096
7290102399802,false,יוגורט מולר אקטיב תו,,,יוגורט מולר תות מועשר 200 גר,גרמים,200.00,100 גרם,false,24,5.90,2.9500,true,1,125939
7290102399819,false,יוגורט מולר אקטיב פי,,,יוגורט מולר פירות יער מועשר 200 גר,גרמים,200.00,100 גרם,false,24,5.90,2.9500,true,1,125943
7290102601547,false,כפיות פרמיום שקוף/קר,,,כפיות פרמיום שקוף/קרם 50יח,Unknown,0.00,Unknown,false,1,8.90,0.0000,true,1,78597
7290103120658,false,דאודורנט גל 24/7 ספי,Colgate - USA,,"ספיד סטיק 24/7 ג""ל ש",Unknown,0.00,Unknown,false,1,18.90,0.0000,true,1,37863
7290103124601,false,סבון נוזלי פלמוליב ח,,,"סבון נוזלי פלמוליב  חלב ודבש 750 מ""ל",מיליליטרים,750.00,"100 מ""ל",false,1,18.90,2.5200,true,1,65750
7290103128739,false,מקלות אוזניים בלוס ל,SEPTONA,,מקלות אוזניים בלוס לתינוקות 50יח,יחידה,50.00,יחידה,false,1,6.90,0.1380,true,1,76416
7290103129378,false,דאודורנט גל ספיד סטי,,,ספיד סטיק גל X5,גרמים,85.00,100 גרם,false,1,18.90,22.2353,true,1,108247
7290103401429,false,קפה נמס קצב ברזילאי,STRAUSS-ISRAEL,,"קפה ""קצב ברזילאי"" 20",גרמים,200.00,100 גרם,false,1,24.90,12.4500,true,1,37889
7290103404758,false,סלט כרוב 120 גר,STRAUSS-ISRAEL,,"סלט כרוב 120 גר""",גרמים,120.00,100 גרם,false,1,4.90,4.0833,true,1,37923
7290103681173,false,יין תבור הר קברנה סו,,,"יין תבור הר קברנה סוביניון 750 מ""ל",מיליליטרים,750.00,"100 מ""ל",false,1,35.90,4.7867,true,1,122794
7290103681180,false,יין תבור הר מרלו 750,,,"יין תבור הר מרלו 750 מ""ל",מיליליטרים,750.00,"100 מ""ל",false,1,35.90,4.7867,true,1,122792
7290103681210,false,יין תבור הר שרדונה 7,,,"יין תבור הר שרדונה  750 מ""ל",מיליליטרים,750.00,"100 מ""ל",false,1,35.90,4.7867,true,1,122795
7290103681227,false,יין תבור הר גוורצטרמ,,,"יין תבור הר גוורצטרמינר 750 מ""ל",מיליליטרים,750.00,"100 מ""ל",false,1,35.90,4.7867,true,1,122796
7290103681234,false,יין תבור הר רוזה 750,,,"יין תבור הר רוזה 750 מ""ל",מיליליטרים,750.00,"100 מ""ל",false,1,35.90,4.7867,true,1,122797
7290103681241,false,יין תבור הר מוסקטו 7,,,"יין תבור הר מוסקטו 750 מ""ל",מיליליטרים,750.00,"100 מ""ל",false,1,35.90,4.7867,true,1,122798
7290103681739,false,יין תבור הר לבן 750,,,יין תבור הר לבן 750 מל,מיליליטרים,750.00,"100 מ""ל",false,1,35.90,4.7867,true,1,139366
7290103700072,false,מטליות זיג זג לרצפה,,,מטליות זיג זג לרצפה טאצ 3 יח,Unknown,0.00,Unknown,false,1,8.90,0.0000,true,1,37981
7290103700324,false,שקיות אוכל טאצ 150 י,,,שקיות אוכל טאצ 150 יח זוג,Unknown,0.00,Unknown,false,1,12.90,0.0000,true,1,37990
7290103700393,false,כריות טאצ קרצוף 4 יח,שניב תעשיות,,כריות טאצ קרצוף 4 יח,Unknown,0.00,Unknown,false,1,8.90,0.0000,true,1,37995
7290103700652,false,ספוג הפלא טאצ שישייה,שניב תעשיות,,מארז ספוג הפלא טאצ שישייה,יחידה,1.00,יחידה,false,1,9.90,9.9000,true,1,47695
7290103701093,false,מטליות מיקרופייבר טא,,,מטליות מיקרופייבר טאצי לרצפה 2יח,לא מנהל יחידת מידה,0.00,לא מנהל יחידת מידה,false,1,15.90,0.0000,true,1,77767
7290103701130,false,מטליות מיקרופייבר טא,,,מטליות מיקרופייבר טאצי לניקוי כללי 7יח,לא מנהל יחידת מידה,0.00,לא מנהל יחידת מידה,false,1,15.90,0.0000,true,1,77766
7290103702243,false,טאצ אשפתון עבה במיוח,,,טאצ אשפתון עבה במיוחד עם ידיות שטו 25 יח,Unknown,0.00,Unknown,false,1,15.90,0.0000,true,1,130520
7290103702298,false,אשפתון טאצ עבה 50 יח,שניב תעשיות,,אשפתון טאצ עבה 50 יח,יחידה,50.00,יחידה,false,1,12.90,0.2580,true,1,96858
7290103702304,false,אשפתון טאצ עבה,שניב תעשיות,,אשפתון טאצ עבה,Unknown,0.00,Unknown,false,1,16.90,0.0000,true,1,96677
7290103702328,false,אשפתון טאצ עבה וחזק,שניב תעשיות,,אשפתון טאצ עבה וחזק 25 יח,יחידה,25.00,יחידה,false,1,16.90,0.6760,true,1,96678
7290103702656,false,מגבות נייר לאבלי 6 י,,,מגבות נייר לאבלי 6 יח,Unknown,0.00,Unknown,false,1,10.90,0.0000,true,1,101218
7290103703219,false,מטליות לחות בדלי בני,,,טאצ מטליות לחות לניקוי כללי דלי לימון,Unknown,0.00,Unknown,false,1,18.90,0.0000,true,1,129231
7290103703226,false,מטליות לחות טאצ לניק,,,מטליות לחות טאצ לניקוי כללי,Unknown,0.00,Unknown,false,1,8.90,0.0000,true,1,115757
7290103703233,false,מטליות לחות בדלי בני,,,טאצ מטליות לחות לניקוי כללי דלי תפוח,Unknown,0.00,Unknown,false,1,18.90,0.0000,true,1,129232
7290103703240,false,מטליות לחות טאצ לרצפ,,,מטליות לחות טאצ לניקוי כללי,Unknown,0.00,Unknown,false,1,9.90,0.0000,true,1,115758
7290103703370,false,מגבוני טואלט לחים טא,,,מטליות לחות טאצ לניקוי כללי,Unknown,0.00,Unknown,false,1,14.90,0.0000,true,1,115759
7290103703998,false,טאצ מגבונים אנטיבקטר,,,טאצ מגבונים אנטיבקטריאליים 50 יח דיספנסר,Unknown,0.00,Unknown,false,1,10.90,0.0000,true,1,129233
7290103704179,false,מגבות נייר טאצ 8 יח,,,מגבות נייר טאצ 8 יח,Unknown,0.00,Unknown,false,1,14.90,0.0000,true,1,134340
7290103704186,false,מגבות טאצ 6 גלילים כ,,,מגבות טאצ 6 גלילים כפולים,Unknown,0.00,Unknown,false,1,22.90,0.0000,true,1,138248
7290103704575,false,נייר טואלט טאצ 48 גל,,,נייר טואלט טאצ 48 גל,Unknown,0.00,Unknown,false,1,39.90,0.0000,true,1,133137
7290103704698,false,שקיות קוקי ענקיות טא,,,שקיות קוקי ענקיות טאצ 5 יח,Unknown,0.00,Unknown,false,1,3.90,0.0000,true,1,139834
7290104061417,false,חומוס טחינה 400 גר,STRAUSS-ISRAEL,,חומוס טחינה 400 גר,גרמים,400.00,100 גרם,false,1,10.90,2.7250,true,1,38030
7290104061424,false,חומוס זעתר 400 גר,STRAUSS-ISRAEL,,חומוס זעתר 400 גר,גרמים,400.00,100 גרם,false,1,10.90,2.7250,true,1,38031
7290104061431,false,חומוס צנובר 400 גר,STRAUSS-ISRAEL,,חומוס צנובר 400 גר,גרמים,400.00,100 גרם,false,1,10.90,2.7250,true,1,38032
7290104061448,false,חומוס חריף 400 גר,STRAUSS-ISRAEL,,חומוס חריף 400 גר,גרמים,400.00,100 גרם,false,1,10.90,2.7250,true,1,38033
7290104062599,false,גמדים בכפית תות בננה,STRAUSS-ISRAEL,,גמדים בכפית 8 תות בננה דיסני,גרמים,800.00,100 גרם,false,1,18.90,2.3625,true,1,38037
7290104064012,false,חטיף פסק זמן גוד 2 ל,SOLEN CIKOLATA GIDA,,חטיף פסק זמן גוד 2 לבן 36 גר,גרמים,36.00,100 גרם,false,20,4.90,13.6111,true,1,38049
7290104065187,false,קפה נמס בטעם מוקה 20,STRAUSS-ISRAEL,,קפה נמס בטעם מוקה 20,גרמים,200.00,100 גרם,false,1,23.90,11.9500,true,1,38060
7290104067679,false,טחינה אחלה 400 גר,STRAUSS-ISRAEL,,טחינה אחלה 400 גרי,גרמים,400.00,100 גרם,false,1,10.90,2.7250,true,1,73631
7290104067693,false,חומוס אחלה חריף 150,STRAUSS-ISRAEL,,"חומוס ""אחלה"" חריף 150 גר",גרמים,150.00,100 גרם,false,1,5.90,3.9333,true,1,73761
7290104068539,false,מסטיק מאסט מלון ואבט,STRAUSS-ISRAEL,,מסטיק מאסט מלון ואבטיח 28 גר,גרמים,28.00,100 גרם,false,16,4.50,16.0714,true,1,38099
7290104068546,false,מסטיק מאסט בטעם קולה,STRAUSS-ISRAEL,,מסטיק מאסט בטעם קולה קרח ולימון 28 גר,גרמים,28.00,100 גרם,false,16,4.50,16.0714,true,1,38100
7290104500572,false,אפרופו איטליאנו 50 ג,אסם,,אפרופו איטליאנו 50 ג,גרמים,50.00,100 גרם,false,1,4.90,9.8000,true,1,38122
7290104501661,false,פודינג בטעם וניל צרפ,אסם,,פודינג בטעם וניל צרפ,גרמים,80.00,100 גרם,false,1,5.40,6.7500,true,1,38126
7290104504228,false,דובונים 20 גר חמישיי,אסם,,"דובונים 5 יח""*20 גר""",גרמים,100.00,100 גרם,false,1,12.90,12.9000,true,1,38157
7290104508943,false,במבה כתומה 200 גר,אסם,,"במבה כתומה 200 גר""",גרמים,200.00,100 גרם,false,1,9.90,4.9500,true,1,38182
7290104570513,false,תמר מגהול 1 קג,פרי וירק טמרה ושותפי,,תמר מגהול 1קג,קילוגרמים,1.00,"ק""ג",false,1,15.90,15.9000,true,1,74017
7290104722530,false,חטיף תפוציפס שמנת בצ,STRAUSS-ISRAEL,,"תפוצ""יפס שמנת בצל 20",גרמים,200.00,100 גרם,false,1,10.90,5.4500,true,1,38218
7290104726262,false,דני לשתייה שוקולד רב,STRAUSS-ISRAEL,,דני שלוק 4 שוקולד דיסני V1,גרמים,500.00,100 גרם,false,1,10.90,2.1800,true,1,38280
7290104726712,false,מעדן מילקי שוקולד עם,STRAUSS-ISRAEL,,מעדן מילקי מארז שמיניה,גרמים,1064.00,100 גרם,false,1,19.90,1.8703,true,1,51910
7290104728310,false,שמנת עמידה לקצפת 38%,STRAUSS-ISRAEL,,שמנת עמידה לקצפת 38%,מיליליטרים,250.00,"100 מ""ל",false,1,6.47,2.5880,true,1,38312
7290104729003,false,שמן זית כתית מעולה 7,STRAUSS-ISRAEL,,שמן זית כתית מעולה 750 מל,מיליליטרים,750.00,"100 מ""ל",false,1,32.90,4.3867,true,1,38331
7290104960253,false,תחליב רחצה נקה 7 סגו,נקה 7,,"תחליב רחצה נקה 7 סגול לבנדר 750 מ""ל",מיליליטרים,750.00,"100 מ""ל",false,1,11.90,1.5867,true,1,97622
7290104960970,false,דאו טיטניום תרסיס מט,,,"דאו טיטניום תרסיס מטאל 180 מ""ל",מיליליטרים,180.00,"100 מ""ל",false,1,16.90,9.3889,true,1,100192
7290104961540,false,דאו טיטניום ספריי מט,,,"דאו טיטניום ספריי מטאל 150 מ""ל",מיליליטרים,150.00,"100 מ""ל",false,1,12.90,8.6000,true,1,100190
7290104961885,false,מרכך קרטין לשיער שעב,,,"מרכך ""נטורל קרטין אינטנס"" 400 מל",מיליליטרים,400.00,"100 מ""ל",false,1,29.90,7.4750,true,1,51597
7290104962660,false,דאו קרליין נושם ספרי,,,"דאו קרליין נושם  ספריי 0% 200 מ""ל",מיליליטרים,200.00,"100 מ""ל",false,1,12.90,6.4500,true,1,100185
7290104962684,false,דאו קרליין נושם רול,,,"דאו קרליין נושם רול און 0% 75 מ""ל",מיליליטרים,75.00,"100 מ""ל",false,1,12.90,17.2000,true,1,100184
7290104963001,false,מגבונים לחים סופטקר,,,מגבונים לחים סופטקר בניחוח עדן רביעייה,Unknown,0.00,Unknown,false,1,18.90,0.0000,true,1,100379
7290104963018,false,מגבונים לחים סופטקר,,,מגבונים לחים סופטקר ללא בישום  רביעייה,Unknown,0.00,Unknown,false,1,16.90,0.0000,true,1,100380
7290105360250,false,קפסולות קפה מקיאטו 5,STRAUSS-ISRAEL,,קפסולות בטעם מקיאטו 50 גר,גרמים,50.00,100 גרם,false,1,15.90,31.8000,true,1,51336
7290105360328,false,קפסולות קפה אספרסו ח,STRAUSS-ISRAEL,,קפסולות למכונת אספרסו בטעם אספרסו חזק 50,גרמים,50.00,100 גרם,false,1,15.90,31.8000,true,1,51334
7290105360335,false,קפסולות קפה עדין וקט,STRAUSS-ISRAEL,,קפסולות למכונת אספרסו בטעם אספרסו 50 גר,גרמים,50.00,100 גרם,false,1,15.90,31.8000,true,1,51335
7290105360878,false,חטיף תפוציפס טבעי רב,STRAUSS-ISRAEL,,תפוציפס טבעי 50גר מארז רביעייה,גרמים,200.00,100 גרם,false,1,11.90,5.9500,true,1,76825
7290105362339,false,שמנת יטבתה לבישול 25,STRAUSS-ISRAEL,,"שמנת ""יטבתה"" לבישול",מיליליטרים,250.00,"100 מ""ל",false,1,7.90,3.1600,true,1,38361
7290105363602,false,חטיף כיף כף מקלות קל,SOLEN CIKOLATA GIDA,,שוקולד כיף כף מקלות קלאסי 42 גר,גרמים,40.00,100 גרם,false,1,4.90,12.2500,true,1,50272
7290105364289,false,חטיף כיף כף מקלות פצ,SOLEN CIKOLATA GIDA,,שוקולד כיף כף מקלות פצפוצים 42 גר,גרמים,40.00,100 גרם,false,1,4.90,12.2500,true,1,50273
7290105364302,false,חטיף כיף כף מקלות אג,,,שוקולד כיף כף מקלות אגוזים 42 גר,גרמים,42.00,100 גרם,false,1,4.90,11.6667,true,1,50271
7290105364678,false,משקה אקטיביה בטעם אפ,STRAUSS-ISRAEL,,משקה אקטיביה בטעם אפ,גרמים,265.00,100 גרם,false,1,4.90,1.8491,true,1,38388
7290105366023,false,חצילים בטעם כבד אחלה,STRAUSS-ISRAEL,,"סלט ""אחלה"" חציל בטעם",גרמים,400.00,100 גרם,false,1,14.90,3.7250,true,1,38396
7290105366993,false,גבינת סימפוניה פלפל,STRAUSS-ISRAEL,,"גבינת ""סימפוניה"" פלפל שיפקה חריף 200 גר",גרמים,200.00,100 גרם,false,1,10.90,5.4500,true,1,73748
7290105368331,false,מילקי תות 133 גר,STRAUSS-ISRAEL,,"מילקי תות 170 מ""ל",גרמים,133.00,100 גרם,false,1,2.90,2.1805,true,1,48098
7290105368904,false,שמנת מתוקה 32% 258 ג,STRAUSS-ISRAEL,,שמנת מתוקה 32% 258 גר,גרמים,258.00,100 גרם,false,1,7.60,2.9457,true,1,49471
7290105368928,false,שמנת %9 יטבתה 200 מל,STRAUSS-ISRAEL,,"שמנת ""יטבתה"" 9% 200מ",מיליליטרים,200.00,"100 מ""ל",false,1,3.10,1.5500,true,1,38417
7290105369130,false,גבינת קרם סימפוניה ע,STRAUSS-ISRAEL,,"גבינת קרם ""סימפוניה"" עם בצל ירוק 5% 200",גרמים,200.00,100 גרם,false,1,10.90,5.4500,true,1,51369
7290105369451,false,"חטיף ""צ""יטוס"" דולפינ",STRAUSS-ISRAEL,,"חטיף ""צ""יטוס"" דולפינ",גרמים,55.00,100 גרם,false,1,3.40,6.1818,true,1,38424
7290105430441,false,סבון נוזלי פלמוליב ס,,,"סבון נוזלי פלמוליב סחלב שחור 750 מ""ל",מיליליטרים,750.00,"100 מ""ל",false,1,18.90,2.5200,true,1,99079
7290105430458,false,סבון נוזלי פלמוליב ש,,,"סבון נוזלי פלמוליב שקדים 750 מ""ל",מיליליטרים,750.00,"100 מ""ל",false,1,18.90,2.5200,true,1,99078
7290105431516,false,פרי חטיפי בריאות תמר,FREE,,פרי חטיפי בריאות תמרים בוטנים,גרמים,125.00,100 גרם,false,1,16.90,13.5200,true,1,77591
7290105434050,false,דאודורנט גל 24/7 ספי,Colgate - USA,,דאודורנט גל 24/7 ספיד סטיק 85 גר,Unknown,0.00,Unknown,false,1,18.90,0.0000,true,1,140731
7290105436382,false,פרי חטיפי בריאות תמר,FREE,,פרי חטיפי בריאות תמרים,גרמים,125.00,100 גרם,false,1,16.90,13.5200,true,1,77589
7290105438539,false,נייר אפייה קוקי 40 י,,,נייר אפייה קוקי 40 יח,Unknown,0.00,Unknown,false,1,9.90,0.0000,true,1,125721
7290105439499,false,מיונז מאסטר שף הולנד,REMIA,,מיונז מאסטר שף הולנדי 481 גר,גרמים,483.00,100 גרם,false,1,10.90,2.2567,true,1,99275
7290105439505,false,מיונז מאסטר שף לייט,REMIA,,מיונז מאסטר שף לייט 479 גר,גרמים,521.00,100 גרם,false,1,9.90,1.9002,true,1,103864
7290105439581,false,חרדל דיזון מאסטר שף,Covinor sas,,חרדל דיזון מאסטר שף 370 גר,גרמים,370.00,100 גרם,false,1,9.90,2.6757,true,1,99276
7290105473950,false,חול מתגבש לחתולים 5,,,חול מתגבש לחתולים 5 קג,קילוגרמים,5.00,"ק""ג",false,1,39.90,7.9800,true,1,74965
7290105474124,false,מזון לכלב בוגר בשר ב,,,"בונזו בשר 12 ק""ג",קילוגרמים,12.00,"ק""ג",false,1,119.90,9.9917,true,1,74946
7290105475787,false,מעדני לה קט נתחונים,,,מעדני לה קט נתחונים בגלי 3*40,גרמים,1200.00,100 גרם,false,1,23.90,1.9917,true,1,99196
7290105479679,false,מזון לכלב בוגר בקר ו,,FR,"בונזו בקר וכבד 12 ק""ג",קילוגרמים,12.00,"ק""ג",false,1,119.90,9.9917,true,1,116454
7290105500151,false,וודקה פינלנדיה 700 מ,,,"וודקה ""פינלנדיה"" 0.7 ל",מיליליטרים,700.00,"100 מ""ל",false,1,59.90,8.5571,true,1,49712
7290105500236,false,ויסקי גק דניאלס 700,בראון,,ויסקי גק דניאלס 700 מל,מיליליטרים,700.00,"100 מ""ל",false,6,109.90,15.7000,true,1,51318
7290105500748,false,ויסקי פיימוס גראוס 7,,,"וויסקי ""פיימוס גראוס"" 700 מל",מיליליטרים,700.00,"100 מ""ל",false,1,79.90,11.4143,true,1,72911
7290105500953,false,ויסקי גיק דניאלס דבש,,,וויסקי גיק דניאלס דבש 700מל,מיליליטרים,700.00,"100 מ""ל",false,1,109.90,15.7000,true,1,74834
7290105691224,false,חטיפי טורטייה בטעם ש,פרח תעשיות,,חטיפי טורטייה בטעם ש,גרמים,60.00,100 גרם,false,1,6.90,11.5000,true,1,38449
7290105691248,false,חטיפי טורטייה תירס 6,פרח תעשיות,,חטיפי טורטייה בטעם ת,גרמים,60.00,100 גרם,false,1,6.90,11.5000,true,1,38450
7290105691712,false,עוגיות הפסקת קפה 230,אסם,,עוגיות הפסקת קפה 230,גרמים,230.00,100 גרם,false,1,9.90,4.3043,true,1,38454
7290105691934,false,קמח שמרים 1 קג,תחנת קמח המפרץ,,קמח שמרים 1 קג,קילוגרמים,1.00,"ק""ג",false,1,9.90,9.9000,true,1,48939
7290105693341,false,במבה 25 גר עשירייה,אסם,,במבה אריזת עשירייה,גרמים,250.00,100 גרם,false,1,15.90,6.3600,true,1,73770
7290105693457,false,עוגת הבית דמקה בטעם,אסם,,עוגת הבית דמקה בטעם,גרמים,320.00,100 גרם,false,1,12.90,4.0313,true,1,38476
7290105694614,false,ספגטי אסם מהיר הכנה,זארה,,"ספגטי ""אסם"" מהיר הכנה 500 גר",גרמים,500.00,100 גרם,false,1,6.90,1.3800,true,1,49096
7290105694928,false,אבקת מרק בצל במיכל 2,אסם,,אבקת מרק בצל במיכל 220 גר,גרמים,220.00,100 גרם,false,1,14.90,6.7727,true,1,49375
7290105695024,false,פתיתים אפויים אורז ע,אסם,,פתיתים אפויים אורז עם אטריות 500 גר,גרמים,500.00,100 גרם,false,1,7.90,1.5800,true,1,50544
7290105695321,false,עוגת בראוניס פאדג 38,אסם,,עוגת בראוניס פאדג 380 גר,גרמים,380.00,100 גרם,false,1,15.90,4.1842,true,1,50757
7290105962331,false,סחוג חריף מאוד 220 ג,"זהבי הכרם בועז בע""מ-",,סחוג חריף מאוד 220 גר,גרמים,220.00,100 גרם,false,1,11.90,5.4091,true,1,50488
7290105962980,false,כרוב אדום אחלה 400 ג,STRAUSS-ISRAEL,,"כרוב אדום  ""אחלה"" 400 גר",גרמים,400.00,100 גרם,false,1,10.90,2.7250,true,1,48101
7290105962997,false,חצילים במיונז אחלה 4,STRAUSS-ISRAEL,,"חצילים במיונז ""אחלה"" 400 גר",גרמים,400.00,100 גרם,false,1,10.90,2.7250,true,1,48100
7290105963000,false,מטבוחה אחלה 400 גר,STRAUSS-ISRAEL,,"מטבוחה ""אחלה"" 400 גר",גרמים,400.00,100 גרם,false,1,10.90,2.7250,true,1,48099
7290105964564,false,חומוס אחלה 400 גר,,,חומוס אחלה  400 גר,גרמים,400.00,100 גרם,false,1,7.90,1.9750,true,1,49673
7290105965738,false,יוגורט דנונה לשתייה,STRAUSS-ISRAEL,,יוגורט דנונה לשתייה תות בננה 267מל,מיליליטרים,267.00,"100 מ""ל",false,1,5.00,1.8727,true,1,75094
7290105966469,false,חומץ בלסמי יד מרדכי,ACATAIA GIUSEPPE CRE,,"חומץ בלסמי ""יד מרדכי"" 250 מל",מיליליטרים,250.00,"100 מ""ל",false,1,14.90,5.9600,true,1,52127
7290105968098,false,סלט אחלה קולסלאו 500,,,"סלט ""אחלה"" קולסלאו 500 גר",גרמים,500.00,100 גרם,false,1,14.90,2.9800,true,1,49990
7290105968654,false,רביולי בטטה 400 גר,STRAUSS-ISRAEL,,רביולי בטטה  400 גר,גרמים,400.00,100 גרם,false,1,19.90,4.9750,true,1,49672
7290105968777,false,פריכיות אנרגי תחתית,STRAUSS-ISRAEL,,"פריכיות ""אנרגי"" תחתית שוקולד מריר 70 גר",גרמים,70.00,100 גרם,false,1,7.90,11.2857,true,1,52536
7290106520066,false,גלילי וופל רבע לשבע,הגביע מוצרי וופלים ב,,"גלילי וופל ""רבע לשבע"" בציפוי שוקולד במיל",גרמים,160.00,100 גרם,false,1,10.90,6.8125,true,1,50274
7290106520288,false,יוגורט דנונה פרו בטע,STRAUSS-ISRAEL,,יוגורט דנונה פרו בטעם תות 150 גר,גרמים,150.00,100 גרם,false,1,4.60,3.0667,true,1,99356
7290106520905,false,סלט טורקי אחלה 400 ג,STRAUSS-ISRAEL,,"סלט טורקי ""אחלה"" 400 גר",גרמים,400.00,100 גרם,false,1,14.90,3.7250,true,1,51836
7290106520912,false,שמנת לבישול יטבתה 9%,STRAUSS-ISRAEL,,"שמנת לבישול ""יטבתה"" 9%",מיליליטרים,250.00,"100 מ""ל",false,1,7.90,3.1600,true,1,52556
7290106521049,false,קוביות סלק אחלה 400,STRAUSS-ISRAEL,,"קוביות סלק ""אחלה"" 400 גר",גרמים,400.00,100 גרם,false,1,14.90,3.7250,true,1,73177
7290106521926,false,קפה טורקי קלוי וטחון,,,קפה טורקי עלית 150 גר,גרמים,150.00,100 גרם,false,35,10.90,7.2667,true,1,127330
7290106524439,false,חטיף תפוציפס פופס 60,,,חטיף תפוציפס פופס 60 גר,גרמים,60.00,100 גרם,false,1,3.90,6.5000,true,1,111996
7290106525368,false,גלילי וופל רבע לשבע,הגביע מוצרי וופלים ב,,גלילי וופל רבע לשבע שחור לבן 125 גר,גרמים,125.00,100 גרם,false,14,10.90,8.7200,true,1,73628
7290106525399,false,קפסולות קפה ברזיל 50,,,קפסולות קפה עלית ברזיל 06 למכונת נספרסו,גרמים,50.00,100 גרם,false,1,15.90,31.8000,true,1,100988
7290106526822,false,פריכיות אנרגי תחתית,STRAUSS-ISRAEL,,פריכיות אנרגי תחתית שוקולד חלב 80 גר,גרמים,80.00,100 גרם,false,1,7.90,9.8750,true,1,74150
7290106528567,false,חטיף דוריטוס גריל 18,STRAUSS-ISRAEL,,חטיף דוריטוס גריל 185 גר,גרמים,185.00,100 גרם,false,1,6.90,3.7297,true,1,100002
7290106528628,false,חטיף דוריטוס דיפאס ט,STRAUSS-ISRAEL,,חטיף דוריטוס טבעי 185 גר,גרמים,185.00,100 גרם,false,12,6.90,3.7297,true,1,100003
7290106571921,false,עוגיות אסם חמוציות 1,אסם,,עוגיות אסם חמוציות 180גר,גרמים,180.00,100 גרם,false,1,10.90,6.0556,true,1,75997
7290106572027,false,לחמית קרקר חמישה דגנ,אסם,,לחמית קרקר חמישה דגנים 190 גר,גרמים,190.00,100 גרם,false,1,8.90,4.6842,true,1,50543
7290106572065,false,חטיף טורטיה בטעם תיר,פרח תעשיות,,חטיף טורטיה בטעם תירס חמוץ מתוק 60 גר,גרמים,60.00,100 גרם,false,1,6.90,11.5000,true,1,50542
7290106572959,false,אפרופו 25 גר חמישייה,אסם,,אפרופו מארז חמישייה,גרמים,125.00,100 גרם,false,1,11.90,9.5200,true,1,52410
7290106572997,false,קמח שמרים לפיצה 1 קג,תחנת קמח המפרץ,,"קמח שמרים לפיצה 1 ק""ג",קילוגרמים,1.00,"ק""ג",false,1,9.90,9.9000,true,1,52583
7290106573277,false,קרקר קריספי טאפאס זי,אסם,,"קרקר ""קריספי"" טאפאס זיתים 150 גר",גרמים,150.00,100 גרם,false,1,10.90,7.2667,true,1,73383
7290106573314,false,קרקר קריספי טאפאס פי,אסם,,"קרקר ""קריספי"" טאפאס פיזורים 150 גר",גרמים,150.00,100 גרם,false,1,10.90,7.2667,true,1,73385
7290106574793,false,עוגת הבית סופלה בטעם,אסם,,עוגת הבית סופלה בטעם שוקולד 340 גר,גרמים,340.00,100 גרם,false,1,12.90,3.7941,true,1,55124
7290106574953,false,בייגלה שטוחים שומשום,אסם,,בייגלה שטוחים שומשום 300 גר,גרמים,300.00,100 גרם,false,1,9.90,3.3000,true,1,73069
7290106574977,false,בייגלה שטוחים עם מלח,אסם,,בייגלה שטוחים עם מלח 300 גר,גרמים,300.00,100 גרם,false,1,9.90,3.3000,true,1,73071
7290106575257,false,עוגת הבית סופלה בטעם,אסם,,עוגת הבית סופלה בטעם שוקולד 340 גר,גרמים,340.00,100 גרם,false,1,12.90,3.7941,true,1,73673
7290106575332,false,פתיתים אפויים + בורג,קוסקוס,,פתיתים אפויים + בורגול 400 גר,גרמים,400.00,100 גרם,false,1,7.90,1.9750,true,1,72826
7290106575431,false,עוגת הבית סופלה בטעם,אסם,,עוגת הבית סופלה בטעם שוקו וניל 340 גר,גרמים,340.00,100 גרם,false,1,12.90,3.7941,true,1,73387
7290106576537,false,חומוס מסעדה צבר 700,צבר,,"חומוס מסעדה ""צבר"" 700 גר",גרמים,700.00,100 גרם,false,1,10.90,1.5571,true,1,73067
7290106576797,false,לה קרמריה וניל איטלק,,,לה קרמריה וניל איטלקי 1.4ל,ליטרים,1.40,ליטר,false,1,21.90,15.6429,true,1,76767
7290106576810,false,לה קרמריה ריבת חלב 1,,,לה קרמריה ריבת חלב,ליטרים,1.40,ליטר,false,1,21.90,15.6429,true,1,76768
7290106576834,false,לה קרמריה וניל פונטש,,,לה קרמריה וניל פונטש בננה,גרמים,700.00,100 גרם,false,1,21.90,3.1286,true,1,76775
7290106576858,false,לה קרמריה תותים בשמנ,,,לה קרמריה תותים בשמנת,ליטרים,1.40,ליטר,false,1,21.90,15.6429,true,1,76770
7290106576919,false,לה קרמריה סורבה תות,,,לה קרמריה סורבה תות לימון,גרמים,840.00,100 גרם,false,1,21.90,2.6071,true,1,76778
7290106576971,false,לה קרמריה שוקולד בלג,,,לה קרמריה שוקולד בלגי,ליטרים,1.40,ליטר,false,1,21.90,15.6429,true,1,76769
7290106576995,false,לה קרמריה לייט סורבה,,,לה קרמריה לייט סורבה תות מנגו,ליטרים,1.40,ליטר,false,1,21.90,15.6429,true,1,76776
7290106577039,false,לה קרמריה שוקו וניל,,,לה קרמריה שוקו וניל פליק,ליטרים,1.40,ליטר,false,1,21.90,15.6429,true,1,76771
7290106577480,false,חציל צבר על האש בטחי,צבר,,"חציל ""צבר"" על האש בטחינה 400 גר",גרמים,400.00,100 גרם,false,1,12.90,3.2250,true,1,73403
7290106577527,false,כרוב קולסלאו צבר 400,צבר,,"כרוב קולסלאו ""צבר"" 400 גר",גרמים,400.00,100 גרם,false,1,12.90,3.2250,true,1,73408
7290106577541,false,כרוב אדום צבר 400 גר,צבר,,"כרוב אדום ""צבר"" 400 גר",גרמים,400.00,100 גרם,false,1,12.90,3.2250,true,1,73407
7290106577572,false,מטבוחה צבר 400 גר,צבר,,מטבוחה צבר 400 גר,גרמים,400.00,100 גרם,false,1,12.90,3.2250,true,1,73400
7290106578692,false,חטיף ביסלי במבה מיקס,,,חטיף ביסלי במבה מיקס 80גר,גרמים,80.00,100 גרם,false,1,4.90,6.1250,true,1,75277
7290106578821,false,עוגת הבית שמרים טעם,אסם,,עוגת הבית שמרים טעם שוקולד 350 גר,גרמים,350.00,100 גרם,false,1,15.90,4.5429,true,1,73794
7290106652996,false,חטיף כיף כף מקלות קו,,,חטיף כיף כף מקלות קוקוס 40 גר,גרמים,40.00,100 גרם,false,1,4.90,12.2500,true,1,72642
7290106654099,false,עוגת מילקי קרם חלב 2,STRAUSS-ISRAEL,,עוגת מילקי קרם חלב 272 גר שמינייה,גרמים,272.00,100 גרם,false,1,19.90,7.3162,true,1,99354
7290106662025,false,חטיף תפוציפס מלח פלפ,,,חטיף תפוציפס טבעי מלח פלפל 50 גר,גרמים,50.00,100 גרם,false,1,3.90,7.8000,true,1,101720
7290106663183,false,חטיף ציטוס גבינה 65,,,חטיף ציטוס גבינה 65 גר,גרמים,65.00,100 גרם,false,1,4.30,6.6154,true,1,107268
7290106663503,false,קונפיטורת תות שדה לי,"בית אל מזון בע""מ",,קונפטירה יד מרדכי תות לייט 230גר,גרמים,230.00,100 גרם,false,1,12.90,5.6087,true,1,78508
7290106663558,false,רוטב יד מרדכי טריאקי,,,"רוטב יד מרדכי טריאקי רימון 280 מ""ל",גרמים,320.00,100 גרם,false,1,13.90,4.3438,true,1,96376
7290106664067,false,לבאנה עם שמן זית וזע,STRAUSS-ISRAEL,,לבאנה עם שמן זית וזעתר 10%  400 גר,גרמים,400.00,100 גרם,false,1,14.90,3.7250,true,1,98359
7290106666788,false,סוכריות דבש ממולאות,,,סוכריות עלית ממולאות בטעם דבש 80 גר,גרמים,80.00,100 גרם,false,1,4.90,6.1250,true,1,95934
7290106667266,false,חטיף דוריטוס חמוץ חר,STRAUSS-ISRAEL,,חטיף דוריטוס חמוץ חריף 185 גר,גרמים,185.00,100 גרם,false,1,6.90,3.7297,true,1,100000
7290106668577,false,מיץ לימון טבעי יד מר,,,"מיץ לימון יד מרדכי טבעי 250 מ""ל",מיליליטרים,250.00,"100 מ""ל",false,1,7.90,3.1600,true,1,96373
7290106668713,false,יוגורט דנונה פירות י,,,יוגורט דנונה פירות יער 150 גר,גרמים,150.00,100 גרם,false,1,3.90,2.6000,true,1,96355
7290106669857,false,קפסולות קפה בטעם וני,,,קפסולות עלית אספרסו בטעם וניל 50 גר,גרמים,50.00,100 גרם,false,1,15.90,31.8000,true,1,106477
7290106721807,false,סלט חציל פיקנטי אחלה,STRAUSS-ISRAEL,,סלט חציל פיקנטי אחלה 400 גר,גרמים,400.00,100 גרם,false,1,10.90,2.7250,true,1,79781
7290106721920,false,מסטיק מאסט מנטה עדינ,,,מסטיק מאסט מנטה עדינה 66 גר,גרמים,66.00,100 גרם,false,12,9.90,15.0000,true,1,95937
7290106725867,false,סירופ מייפל טבעי יד,STRAUSS-ISRAEL,,"סירופ מייפל יד מרדכי טבעי 189 מ""ל",מיליליטרים,189.00,"100 מ""ל",false,1,29.90,15.8201,true,1,98391
7290106725874,false,סירופ מייפל טבעי יד,STRAUSS-ISRAEL,,"סירופ מייפל יד מרדכי טבעי 236 מ""ל",מיליליטרים,236.00,"100 מ""ל",false,1,39.90,16.9068,true,1,98392
7290106726178,false,יוגורט דנונה פרו פיר,STRAUSS-ISRAEL,,יוגורט דנונה פרו פירות יער 150 גר,גרמים,150.00,100 גרם,false,1,4.60,3.0667,true,1,98346
7290106727984,false,חטיף ביסקוויט כיף כף,,,"חטיפי ביסקוויט ""כיף כף"" פצפצים 135 גר",גרמים,135.00,100 גרם,false,1,9.90,7.3333,true,1,102391
7290106728127,false,חלב יטבתה טבעי 3.6%,STRAUSS-ISRAEL,,חלב יטבתה טבעי 3.6%  בק 1 ל,ליטרים,1.00,ליטר,false,1,7.70,7.7000,true,1,98344
7290106729650,false,יוגורט עם תות 3% דנו,,,מארז יוגורט דנונה תות 3%  150 גר,גרמים,1200.00,100 גרם,false,1,24.90,2.0750,true,1,100220
7290107280013,false,מגבונים לחים ליטופים,,,מגבונים לחים ליטופים לא מבושם חמישייה,Unknown,0.00,Unknown,false,1,18.90,0.0000,true,1,100132
7290107280020,false,מטליות לחות לניקוי כ,,,מגבונים לחים סנו סושי לניקוי כללי שלישיה,Unknown,0.00,Unknown,false,1,18.90,0.0000,true,1,74231
7290107280099,false,מגבוני טואלט לחים סנ,,,"מגבוני טואלט לחים ""סנו סופט"" שלישייה",Unknown,0.00,Unknown,false,1,14.90,0.0000,true,1,76857
7290107280341,false,מטליות לחות לניקוי,סנו,IL,ריצפז מטליות לחות מלון מפנק,Unknown,0.00,Unknown,false,12,10.90,0.0000,true,1,125796
7290107280563,false,מסיר כתמים סנו אוקסי,,,מסיר כתמים סנו אוקסיגין בייבי 3ל,ליטרים,3.00,ליטר,false,1,26.90,8.9667,true,1,77908
7290107280570,false,גיל כביסה מקסימה לכב,,,גיל כביסה סנו מקסימה לכביסה צבעונית 3ל,ליטרים,3.00,ליטר,false,1,28.90,9.6333,true,1,77907
7290107280587,false,סבון אסלה סנובון פרח,,,סבון אסלה סנובון דאבל אקשן פרחים ורודים,גרמים,165.00,100 גרם,false,1,11.90,7.2121,true,1,96385
7290107280709,false,נוזל הברקה למדיח סנו,,,נוזל הברקה למדיח סנו ספארק 900 מל,מיליליטרים,900.00,"100 מ""ל",false,1,14.90,1.6556,true,1,80898
7290107280716,false,מלח למדיח סנו ספארק,,,מלח למדיח סנו ספארק 2 קג,קילוגרמים,2.00,"ק""ג",false,1,11.90,5.9500,true,1,80899
7290107280747,false,נוזל כלים ספארק קלאס,,,נוזל כלים ספארק קלאסי 700מל,מיליליטרים,700.00,"100 מ""ל",false,1,7.90,1.1286,true,1,79223
7290107280761,false,נוזל כלים ספארק לימו,,,נוזל כלים ספארק  לימון משאבה 1ל,ליטרים,1.00,ליטר,false,12,10.90,10.9000,true,1,79228
7290107645584,false,מרק קנור עוף אמיתי ט,,,מרק קנור עוף אמיתי טבעי 400 גר,גרמים,400.00,100 גרם,false,1,21.90,5.4750,true,1,113383
7290107645591,false,מרק קנור בטעם עוף אמ,,,מרק קנור בטעם עוף אמיתי טבעי 400 גר,גרמים,400.00,100 גרם,false,1,14.90,3.7250,true,1,113386
7290107646062,false,מרק קנור בצל אמיתי ט,,,מרק קנור בצל אמיתי טבעי 400 גר,גרמים,400.00,100 גרם,false,1,21.90,5.4750,true,1,113385
7290107646147,false,חטיף תלמה שוגי קורנפ,,,חטיף תלמה שוגי קורנפלקס 156 גר שישייה,גרמים,156.00,100 גרם,false,1,11.90,7.6282,true,1,113377
7290107646383,false,סיף מטליות לחות לניק,,,סיף מטליות לחות לניקוי רצפות,Unknown,0.00,Unknown,false,1,10.90,0.0000,true,1,108877
7290107646826,false,חטיף תלמה שוגי שוקו,,,חטיף תלמה שוגי שוקו 156 גר שישייה,גרמים,156.00,100 גרם,false,1,11.90,7.6282,true,1,113379
7290107646833,false,חטיף תלמה שוגי שוקול,,,חטיף תלמה שוגי שוקולד לבן וחלב שישייה,גרמים,138.00,100 גרם,false,1,11.90,8.6232,true,1,113380
7290107646895,false,רוטב פסטה נפוליטנה 4,אתר חיפה  778,,רוטב פסטה נפוליטנה 415,גרמים,415.00,100 גרם,false,1,12.90,3.1084,true,1,110879
7290107646925,false,דגני בוקר ברנפלקס אק,מולינו -  איטליה,,דגני בוקר ברנפלקס אקסטרה פייבר 410 גר,גרמים,410.00,100 גרם,false,1,21.90,5.3415,true,1,111394
7290107646963,false,מיונז מתובל עם פלפל,,,מיונז מתובל עם פלפל צילי 250 גר,גרמים,250.00,100 גרם,false,1,7.90,3.1600,true,1,111987
7290107647359,false,סבון אסלה דומסטוס בנ,,,סבון אסלה דומסטוס בניחוח אוקיינוס 3 יח,Unknown,0.00,Unknown,false,1,14.90,0.0000,true,1,112360
7290107647366,false,סבון אסלה דומסטוס בנ,,,סבון אסלה דומסטוס בניחוח ליים 3 יח,Unknown,0.00,Unknown,false,1,14.90,0.0000,true,1,112359
7290107647656,false,מאגדת מיני סולרו קוק,,IL,מאגדת מיני סולרו קוקו אנ פס 290 גר,גרמים,290.00,100 גרם,false,8,23.90,8.2414,true,1,119040
7290107647731,false,דגני בוקר קוקומן חום,אתר שפע,,דגני בוקר קוקומן חום לבן בדצ  375 גר,גרמים,375.00,100 גרם,false,1,16.90,4.5067,true,1,110028
7290107647816,false,ברנפלקס ללא סוכר 500,אתר שפע,,ברנפלקס ללא סוכר 500,גרמים,500.00,100 גרם,false,1,19.90,3.9800,true,1,111767
7290107647854,false,שוגי בדצ 500 גר,אתר שפע,,שוגי בדצ 500 גר,גרמים,500.00,100 גרם,false,1,16.90,3.3800,true,1,110033
7290107648981,false,רוטב לפסטה קנור פומו,,,רוטב לפסטה קנור פומודורו 415 גר,גרמים,415.00,100 גרם,false,1,12.90,3.1084,true,1,113382
7290107796002,false,שלישיית נורות לד 10,,,שלישיית נורות לד 10 וואט נפטון,Unknown,0.00,Unknown,false,1,19.90,0.0000,true,1,136407
7290107798990,false,נורת לד 7 וואט הברגה,,,נורת לד 7 וואט הברגה דקה נר,Unknown,0.00,Unknown,false,1,6.90,0.0000,true,1,136408
7290107871297,false,מיני פריכונים אסם עש,פרח תעשיות,,מיני פריכונים אסם עשבי תיבול 25גר,גרמים,25.00,100 גרם,false,1,3.90,15.6000,true,1,79074
7290107871990,false,"פסטה צינורות 500 ג""ר",זארה,,"פסטה צינורות 500 ג""ר",גרמים,500.00,100 גרם,false,1,5.90,1.1800,true,1,77235
7290107874427,false,מיני פריכונים אסם זע,פרח תעשיות,,מיני פריכונים אסם זעתר 25גר,גרמים,25.00,100 גרם,false,1,3.90,15.6000,true,1,79076
7290107874441,false,מיני פריכונים אסם בצ,פרח תעשיות,,מיני פריכונים אסם בצל מקורמל  25גר,גרמים,25.00,100 גרם,false,1,3.90,15.6000,true,1,79075
7290107874502,false,ביסלי אסם גריל 55 גר,אסם,,ביסלי אסם גריל 55גר מארז רביעייה,גרמים,220.00,100 גרם,false,1,11.90,5.4091,true,1,80301
7290107875158,false,במבה קלאסי כשר לפסח,אסם,,מארז במבה קלאסי 60גר,גרמים,240.00,100 גרם,false,1,11.90,4.9583,true,1,79072
7290107875271,false,ביסלי אסם ברביקיו 55,,,ביסלי אסם ברביקיו 55 גר מארז רביעייה,גרמים,220.00,100 גרם,false,1,11.90,5.4091,true,1,100707
7290107875400,false,לה קרמריה מוקה פיסטו,,,לה קרמריה מוקה פיסטוק 1.4ל,ליטרים,1.40,ליטר,false,1,21.90,15.6429,true,1,79403
7290107875820,false,קרוטונים אפויים אסם,עינת,,קרוטונים אפויים אסם בתיבול ביתי 180גר,גרמים,180.00,100 גרם,false,1,10.90,6.0556,true,1,80302
7290107877619,false,במבה אסם נוגט 30גר 5,אסם,,במבה אסם נוגט 30גר 5 יח,גרמים,150.00,100 גרם,false,1,12.90,8.6000,true,1,97937
7290107930321,false,קונפיטורת דובדבן יד,STRAUSS-ISRAEL,,קונפיטורה יד מרדכי דובדבן 340 גר,גרמים,340.00,100 גרם,false,1,12.90,3.7941,true,1,97317
7290107931397,false,חטיף כיף כף פצפצים 4,,,חטיף עלית כיף כף פצפצים 40 גר,גרמים,40.00,100 גרם,false,1,4.90,12.2500,true,1,100643
7290107932080,false,חלב יטבתה מעושר 3% ב,STRAUSS-ISRAEL,,חלב יטבתה מעושר 3% בק 1 ל,ליטרים,1.00,ליטר,false,1,7.70,7.7000,true,1,98340
7290107932134,false,חלב יטבתה מעושר 1% ב,STRAUSS-ISRAEL,,חלב יטבתה מעושר 1% בק 1 ל,ליטרים,1.00,ליטר,false,1,7.70,7.7000,true,1,98341
7290107934473,false,יוגורט אקטיביה 1.5%,STRAUSS-ISRAEL,,"יוגורט ""אקטיביה"" 1.5% 150 גר שמינייה",גרמים,1200.00,100 גרם,false,1,20.90,1.7417,true,1,97641
7290107936309,false,יוגורט דנונה יווני ל,,,יוגורט דנונה יווני לבן 130 גר,גרמים,130.00,100 גרם,false,1,3.50,2.6923,true,1,103780
7290107936460,false,משקה יוגורט דנכול מע,,,משקה יוגורט דנכול מעודן 800 גר שמינייה,גרמים,800.00,100 גרם,false,1,29.90,3.7375,true,1,100228
7290107936958,false,ביסקוויט עד חצות אצב,STRAUSS-ISRAEL,,ביסקוויט עד חצות אצבעות 125 גר,גרמים,125.00,100 גרם,false,1,11.90,9.5200,true,1,111047
7290107937542,false,משקה אקטיביה תות 1.2,,,משקה אקטיביה תות 1.2% 265 גר,גרמים,265.00,100 גרם,false,1,4.90,1.8491,true,1,100966
7290107937641,false,מסטיק בזוקה קוביות 5,STRAUSS-ISRAEL,,מסטיק בזוקה ללא סוכר 58 גר,גרמים,58.00,100 גרם,false,1,9.90,17.0690,true,1,103760
7290107938396,false,משקה יוגורט תות אקטי,,,משקה יוגורט תות אקטימל 108 גר 8 יח,גרמים,864.00,100 גרם,false,1,20.90,2.4190,true,1,101971
7290107940467,false,יוגורט אקטיביה 1.5%,,,יוגורט אקטיביה 1.5% 200 גר,גרמים,200.00,100 גרם,false,1,3.90,1.9500,true,1,101960
7290107942355,false,חטיף תפוציפס מקלות ט,,,חטיף תפוציפס מקלות טעם טבעי 60 גר,גרמים,60.00,100 גרם,false,1,3.90,6.5000,true,1,104178
7290107943192,false,שמנת חמוצה יטבתה מהע,,,שמנת חמוצה יטבתה מהערבה 27% 390 גר,מיליליטרים,200.00,"100 מ""ל",false,1,3.90,1.9500,true,1,110937
7290107943369,false,קוואקר שיבולת שועל ל,,,קוואקר שיבולת שועל ללא גלוטן 511 גר,גרמים,511.00,100 גרם,false,1,18.90,3.6986,true,1,109705
7290107944472,false,גבינת שמנת סימפוניה,,,גבינת שמנת סימפוניה שום שמיר 5%  200 גר,גרמים,200.00,100 גרם,false,1,10.90,5.4500,true,1,104251
7290107945165,false,קונפיטורת משמש יד מר,,,קונפיטורה יד מרדכי משמש 340 גר,גרמים,340.00,100 גרם,false,1,12.90,3.7941,true,1,106472
7290107950206,false,מעדן שטראוס דיאט שוק,,,מעדן שטראוס דיאט שוקולד 130 גר,גרמים,130.00,100 גרם,false,1,3.20,2.4615,true,1,103778
7290107951111,false,וופל בטעם לימון 200,,,בפלות עלית לימון 200 גר,גרמים,200.00,100 גרם,false,1,4.90,2.4500,true,1,104329
7290107951715,false,מסטיק מאסט בטעם ענבי,,,מסטיק מאסט בטעם ענבים קוביות 58 גר,גרמים,58.00,100 גרם,false,12,9.90,17.0690,true,1,106468
7290107953559,false,קפה טורקי קלוי וטחון,STRAUSS-ISRAEL,,"קפה טורקי ""עלית"" לדרך 168 גר",גרמים,168.00,100 גרם,false,1,18.90,11.2500,true,1,105869
7290107954709,false,קונפיטורת פירות יער,,,קונפיטורה יד מרדכי פירות יער 340 גר,גרמים,340.00,100 גרם,false,1,12.90,3.7941,true,1,108656
7290107954976,false,משקה יטבתה פרו קפה 3,,,"משקה יטבתה פרו קפה 350 מ""ל",מיליליטרים,350.00,"100 מ""ל",false,8,6.50,1.8571,true,1,109032
7290107955782,false,שוקולד מריר ללא סוכר,,,שוקולד עלית מריר ללא סוכר 100 גר,גרמים,100.00,100 גרם,false,1,7.90,7.9000,true,1,113878
7290107956543,false,דבש טהור יד מרדכי 90,STRAUSS-ISRAEL,,דבש טהור 900 גר,גרמים,900.00,100 גרם,false,1,39.90,4.4333,true,1,122986
7290107956642,false,שמן זית תרסיס יד מרד,,,תרסיס שמן זית יד מרדכי 150 גר,מיליליטרים,150.00,"100 מ""ל",false,1,17.90,11.9333,true,1,112383
7290107956901,false,קפסולות קפה בטעם אגו,,,קפסולות עלית אספרסו בטעם אגוזים 150 גר,גרמים,50.00,100 גרם,false,1,15.90,31.8000,true,1,111698
7290107956925,false,קפסולות קפה אוגנדה 5,,,קפסולות קפה עלית אוגנדה 13 למכונת נספרסו,גרמים,50.00,100 גרם,false,12,15.90,31.8000,true,1,117355
7290107956932,false,קפסולות קפה אינדונזי,STRAUSS-ISRAEL,,קפסולות קפה עלית אינדונזיה 100 גר,גרמים,50.00,100 גרם,false,1,15.90,31.8000,true,1,111051
7290107957229,false,נטיפי שוקולד ציפס מר,,,שוקולד ציפס מריר עלית 250 גר,גרמים,250.00,100 גרם,false,1,11.90,4.7600,true,1,113887
7290107957991,false,עוגיות אישיות מילקי,,,עוגיות אישי מילקי קייק מיניס במילוי קרם,גרמים,144.00,100 גרם,false,1,14.90,10.3472,true,1,116089
7290107958035,false,יוגורט דנונה מתיקות,,,יוגורט דנונה מתיקות מעודנת לא סוכר 8 יח,גרמים,1200.00,100 גרם,false,1,17.90,1.4917,true,1,111601
7290107973014,false,סבון ידיים פלמוליב ח,,,"סבון ידיים פלמוליב חלב ודבש 300 מ""ל",מיליליטרים,300.00,"100 מ""ל",false,1,10.90,3.6333,true,1,102179
7290107973861,false,עגבניות מנה קצוצות ד,קונסורזיו קסלאסקו,,עגבניות מנה קצוצות דק 400 גר שלישייה,גרמים,1200.00,100 גרם,false,1,14.90,1.2417,true,1,102724
7290107974301,false,ליידי ספיד סטיק אלוו,,,ליידי ספיד סטיק אלוורה גל,Unknown,0.00,Unknown,false,1,18.90,0.0000,true,1,108246
7290107974820,false,מיונז מאסטר שף מתובל,REMIA,,מיונז מאסטר שף מתובל ספייסי 252 גר,גרמים,248.00,100 גרם,false,1,7.90,3.1855,true,1,103866
7290107974837,false,מיונז מאסטר שף מתובל,REMIA,,מיונז מאסטר שף מתובל שום 253 גר,גרמים,246.00,100 גרם,false,1,7.90,3.2114,true,1,103865
7290107975544,false,משחת שיניים קולגייט,,,"משחת שיניים קולגייט ברבי סמיילס 50 מ""ל",מיליליטרים,50.00,"100 מ""ל",false,1,12.90,25.8000,true,1,107344
7290107976848,false,סבון פלמוליב קמומיל,CP - Turkey+60,,סבון פלמוליב קמומיל 90 גר רביעייה,גרמים,360.00,100 גרם,false,1,15.90,4.4167,true,1,110907
7290107976916,false,סבון ידיים פלמוליב ח,,,"סבון ידיים פלמוליב חלב זיתים 300 מ""ל",מיליליטרים,300.00,"100 מ""ל",false,1,10.90,3.6333,true,1,109885
7290107977456,false,גל רחצה ושמפו ספורט,CP - Turkey+60,TR,"גל רחצה ושמפו ספורט פלמוליב לגבר 750 מ""ל",מיליליטרים,750.00,"100 מ""ל",false,12,18.90,2.5200,true,1,123474
7290107978323,false,אטריות מאסטר שף דקיק,,,אטריות מאסטר שף דקיקות 400 גר,גרמים,400.00,100 גרם,false,1,5.90,1.4750,true,1,108751
7290107978347,false,אטריות מאסטר שף בינו,,,אטריות מאסטר שף בינוניות 400 גר,גרמים,400.00,100 גרם,false,1,5.90,1.4750,true,1,108753
7290107978453,false,קראנצוס מנה גריל 70,,,קראנצוס מנה גריל 70 גר,גרמים,70.00,100 גרם,false,1,3.90,5.5714,true,1,109957
7290107978637,false,משחת שיניים מרידול 7,,,"משחת שיניים מרידול 75 מ""ל",מיליליטרים,75.00,"100 מ""ל",false,1,17.90,23.8667,true,1,112878
7290108078770,false,בלון כסף ספרה 2,,,בלון כסף ספרה 2,Unknown,0.00,Unknown,false,1,5.90,0.0000,true,1,109675
7290108078916,false,בלון כסף ספרה 9,,,בלון כסף ספרה 9,Unknown,0.00,Unknown,false,1,5.90,0.0000,true,1,109689
7290108201437,false,אבקת כביסה קולון 101,,,"אבקת כביסה קולון ""101"" 2.5 ק""ג",קילוגרמים,2.50,"ק""ג",false,1,24.90,9.9600,true,1,107362
7290108201864,false,קפסולות גל כביסה קול,רקיט,,קפסולות גל קולון 28 יח,גרמים,607.00,100 גרם,false,1,24.90,4.1021,true,1,115202
7290108350128,false,שקיות אשפה סנו סושי,,,שקיות אשפה סנו סושי חזקות במיוחד 40יח,יחידה,40.00,יחידה,false,1,24.90,0.6225,true,1,79810
7290108350203,false,סנו סושי כריות קרצוף,,,כריות קרצוף סנו סושי עם ספוג מקציף 6 יח,Unknown,0.00,Unknown,false,1,9.90,0.0000,true,1,101552
7290108350531,false,נוזל כלים סנו ספארק,,,נוזל כלים סנו ספארק קלאסי 1 ל,ליטרים,1.00,ליטר,false,1,10.90,10.9000,true,1,96387
7290108350548,false,נוזל כלים סנו ספארק,,,נוזל כלים סנו ספארק לבנדר 1 ל,ליטרים,1.00,ליטר,false,1,10.90,10.9000,true,1,96388
7290108350555,false,נוזל כלים סנו ספארק,,,נוזל כלים סנו ספארק שקד 1 ל,ליטרים,1.00,ליטר,false,1,10.90,10.9000,true,1,96389
7290108350586,false,נוזל כלים סנו ספארק,,,נוזל כלים סנו ספארק 1.5 ל,ליטרים,1.50,ליטר,false,1,14.90,9.9333,true,1,100179
7290108350616,false,מרכך כביסה מקסימה פר,,,מרכך כביסה מקסימה סופר מרוכז BLUE BLOSSO,ליטרים,1.00,ליטר,false,1,16.90,16.9000,true,1,101323
7290108350623,false,מרכך כביסה מקסימה סו,,,"מרכך כביסה ""מקסימה"" סופר מרוכז SOFT SILK",ליטרים,1.00,ליטר,false,1,16.90,16.9000,true,1,101322
7290108350692,false,אבקת כביסה סנו מקסימ,,,אבקת כביסה סנו מקסימה שחור 6 קג,קילוגרמים,6.00,"ק""ג",false,1,49.90,8.3167,true,1,103708
7290108351149,false,גל גט לניקוי כללי ור,,,גל לניקוי כללי ורצפות+סודה סנו גט פלוס,ליטרים,1.50,ליטר,false,1,11.90,7.9333,true,1,104939
7290108351156,false,גל גט לניקוי כללי ור,,,גל לניקוי כללי ורצפות+חומץ סנו גט פלוס,ליטרים,1.50,ליטר,false,1,11.90,7.9333,true,1,104938
7290108351507,false,מרכך כביסה סנו מקסימ,,,מרכך כביסה סנו מקסימה 4 ל,ליטרים,4.00,ליטר,false,1,21.90,5.4750,true,1,104389
7290108351569,false,מבשם ומרכך למייבש מק,,,סנו מקסימה מבשם ומרכך למייבש הכביסה בייב,מיליליטרים,750.00,"100 מ""ל",false,1,18.90,2.5200,true,1,108699
7290108351699,false,מטליות סנו לחות לניק,,,מטליות סנו לחות לניקוי כללי+חומץ שלישיי,Unknown,0.00,Unknown,false,1,18.90,0.0000,true,1,118972
7290108351705,false,פניני בישום כביסה מק,,,פניני בישום לכביסה מקסימה פרש לינן 275 ג,גרמים,275.00,100 גרם,false,1,24.90,9.0545,true,1,122848
7290108351774,false,מתז לניקוי וטיפול במ,,,"סנו מתז לניקוי וטיפול במוצרי עור 500 מ""ל",מיליליטרים,500.00,"100 מ""ל",false,12,29.90,5.9800,true,1,119239
7290108351811,false,מרכך כביסה מקסימה פל,,,מרכך מקסימה סופר מרוכז FLORAL TOUCH,ליטרים,1.00,ליטר,false,1,16.90,16.9000,true,1,122456
7290108351910,false,טבליות למדיח סנו ספא,,,טבליות למדיח סנו ספארק 30 יח,Unknown,0.00,Unknown,false,1,19.90,0.0000,true,1,119628
7290108351996,false,מתז מחטא ומשמיד חייד,,,"מתז בייבי לחיטוי בסביבת תינוקות 750 מ""ל",מיליליטרים,750.00,"100 מ""ל",false,12,12.90,1.7200,true,1,121628
7290108352009,false,קפסולות למדיח כלים ס,,,קפסולות למדיח כלים סנו ספארק 50 יח,Unknown,0.00,Unknown,false,12,44.90,0.0000,true,1,126565
7290108352078,false,שטיפת מי פה בתוספת מ,,,שטיפת מי פה בתוספת מלח 500 מל,מיליליטרים,500.00,"100 מ""ל",false,1,24.90,4.9800,true,1,128441
7290108352085,false,שטיפת מי פה פרש שוקי,,,שטיפת מי פה פרש שוקינג 500 מל,מיליליטרים,500.00,"100 מ""ל",false,1,19.90,3.9800,true,1,128443
7290108352092,false,משחת שיניים אורביטול,,,משחת שיניים אורביטול מלח 145 גר,גרמים,145.00,100 גרם,false,1,17.90,12.3448,true,1,128440
7290108352146,false,סנובון נוזלי בניחוח,,,סנובון נוזלי בניחוח מגנוליה ונרולי 750 מ,מיליליטרים,750.00,"100 מ""ל",false,12,10.90,1.4533,true,1,127177
7290108352207,false,קפסולות לכביסה מקסימ,,,קפסולות לכביסה מקסימה בניחוח פלורל בורסט,Unknown,0.00,Unknown,false,1,29.90,0.0000,true,1,127226
7290108352290,false,מטליות לחיטוי ולניקו,,,שלישיית מטליות לחיטוי וניקוי יסודי אמבטי,Unknown,0.00,Unknown,false,8,19.90,0.0000,true,1,126539
7290108352320,false,מבשם לבית מלון בוטיק,,,"סנו פרש הום מלון בוטיק 350 מ""ל",מיליליטרים,350.00,"100 מ""ל",false,12,11.90,3.4000,true,1,127461
7290108352450,false,סנו ריצפז פרש הום בל,,,סנו ריצפז פרש הום בלו בלוסום 2 ל,ליטרים,2.00,ליטר,false,1,19.90,9.9500,true,1,142404
7290108352566,false,מרכך כביסה גוי 4 ל,,,מרכך כביסה גוי 4 ל,ליטרים,4.00,ליטר,false,1,21.90,5.4750,true,1,142405
7290108352573,false,מרכך כביסה מקסימה קל,,,מרכך כביסה מקסימה קלאם 4 ל,ליטרים,4.00,ליטר,false,1,21.90,5.4750,true,1,142407
7290108352641,false,סנו סושי מטליות הפלא,,,סנו סושי מטליות הפלא לניקוי כללי שלישיה,Unknown,0.00,Unknown,false,1,13.90,0.0000,true,1,108696
7290108352672,false,מטלית הפלא לרצפה,,,סנו סושי צמד מטליות הפלא לרצפה,Unknown,0.00,Unknown,false,1,19.90,0.0000,true,1,108697
7290108352702,false,מגבוני טואלט לחים סנ,,,"מגבוני טואלט לחים ""סנו סופט"" שלישייה",Unknown,0.00,Unknown,false,1,14.90,0.0000,true,1,100137
7290108352801,false,שקיות אשפה לפחים קטנ,,,שקיות אשפה לפחים קטנים סנו סושי 100 יח,Unknown,0.00,Unknown,false,1,19.90,0.0000,true,1,115145
7290108352818,false,מטלית במבוק לניקוי ס,,,מטלית במבוק לניקוי סנו סושי,Unknown,0.00,Unknown,false,1,7.90,0.0000,true,1,118975
7290108352849,false,סנו סושי מטליות הפלא,,,סנו סושי מטליות הפלא לניקוי כללי שלישיה,Unknown,0.00,Unknown,false,12,13.90,0.0000,true,1,131979
7290108352900,false,מגבות הפלא גליל כפול,,,סנו סושי מגבות הפלא,Unknown,0.00,Unknown,false,1,22.90,0.0000,true,1,121632
7290108353068,false,סנו סושי כרית קרצוף,,,כרית קרצוף עם סיבי נירוסטה סנו סושי זוג,Unknown,0.00,Unknown,false,12,10.90,0.0000,true,1,122459
7290108353099,false,ממחטות אף דו שכבתיות,,,ממחטות אף סנו סופט חמישייה,Unknown,0.00,Unknown,false,1,12.90,0.0000,true,1,122523
7290108353532,false,שקיות אשפה סנו סושי,,,שקיות אשפה סנו סושי עם שרוך 100 יח,Unknown,0.00,Unknown,false,1,29.90,0.0000,true,1,125807
7290108353549,false,דפי נייר אפייה סנו ס,,,דפי נייר אפייה סנו סושי 100 יח,Unknown,0.00,Unknown,false,1,19.90,0.0000,true,1,125806
7290108353556,false,נייר טואלט סנו סופט,,,נייר טואלט סנו סופט 3 שכבות 32 גל,Unknown,0.00,Unknown,false,1,44.90,0.0000,true,1,127229
7290108353716,false,תחליב רחצה קרמה חימר,,,תחליב רחצה קרמה חימר פיטאיה 500 מל,מיליליטרים,500.00,"100 מ""ל",false,1,12.90,2.5800,true,1,139009
7290108353723,false,תחליב רחצה קרמה חימר,,,תחליב רחצה קרמה חימר תה ירוק 500 מל,מיליליטרים,500.00,"100 מ""ל",false,1,12.90,2.5800,true,1,139005
7290108353730,false,תחליב רחצה קרמה חימר,,,תחליב רחצה קרמה חימר אוכמניות 500 מל,מיליליטרים,500.00,"100 מ""ל",false,1,12.90,2.5800,true,1,139004
7290108353891,false,קרמה רול און מאסק 75,,,קרמה רול און מאסק 75 מל,מיליליטרים,75.00,"100 מ""ל",false,1,12.90,17.2000,true,1,129616
7290108353907,false,קרמה רול און קלאסי 7,,,קרמה רולאון קלאסי 75 מל,מיליליטרים,75.00,"100 מ""ל",false,1,12.90,17.2000,true,1,129617
7290108354034,false,סבון ידיים קרמה חמאת,,,סבון ידיים קרמה חמאת שיאה וקוקוי 300 מל,מיליליטרים,300.00,"100 מ""ל",false,1,10.90,3.6333,true,1,129612
7290108354164,false,אל סבון מועשר בשמנים,,,אל סבון מועשר בשמנים כיף שלישיה 500 מל,מיליליטרים,1500.00,"100 מ""ל",false,1,18.90,1.2600,true,1,138389
7290108354270,false,מרכך כביסה מקסימה בנ,,,מרכך כביסה מקסימה בניחוח קאלם 1 ל,ליטרים,1.00,ליטר,false,1,16.90,16.9000,true,1,138388
7290108354430,false,שמפו כיף שמן קוקוס ו,,,שמפו כיף שמן קוקוס וקרטין 700 מל,מיליליטרים,700.00,"100 מ""ל",false,1,11.90,1.7000,true,1,131997
7290108354607,false,שמפו לשיער נקה 7 ביו,,,שמפו לשיער נקה 7 ביו 750 מל,מיליליטרים,750.00,"100 מ""ל",false,1,11.90,1.5867,true,1,142410
7290108354621,false,מסכה לשיער מוגברת אפ,,,מסכה לשיער מוגברת אפרסק כיף 500 מל,מיליליטרים,500.00,"100 מ""ל",false,1,24.90,4.9800,true,1,142450
7290108354751,false,נוזל לניקוי כללי גט,,,"נוזל ניקוי כללי סנו גט פלוס+חומץ 750 מ""ל",מיליליטרים,750.00,"100 מ""ל",false,12,10.90,1.4533,true,1,119237
7290108354782,false,קרמה קרם גוף גינגר ו,,,"קרמה קרם גוף גינגר ולימון גראס 500 מ""ל",מיליליטרים,500.00,"100 מ""ל",false,1,22.90,4.5800,true,1,129600
7290108354911,false,שמפו גל רחצה וגילוח,,,"שמפו/גל רחצה וגילוח 700 מ""ל",מיליליטרים,700.00,"100 מ""ל",false,1,18.90,2.7000,true,1,126543
7290108355192,false,מרכך קרטין אינטנס,,,מרכך נטורל קרטין אינטנס למניעת קשקשים,מיליליטרים,400.00,"100 מ""ל",false,1,29.90,7.4750,true,1,111931
7290108355208,false,שמפו קרטין אינטנס מו,,,שמפו נטורל קרטין אינטנס למניעת קשקשים,מיליליטרים,400.00,"100 מ""ל",false,1,29.90,7.4750,true,1,111930
7290108356014,false,תחליב רחצה בניחוח מס,,,תחליב רחצה כיף בניחוח מסקרפונה ופירות יע,מיליליטרים,700.00,"100 מ""ל",false,12,12.90,1.8429,true,1,122172
7290108356113,false,תחליב רחצה כיף דבש 7,סנו,IL,"תחליב רחצה כיף דבש 700 מ""ל",מיליליטרים,700.00,"100 מ""ל",false,12,11.90,1.7000,true,1,118854
7290108356137,false,תחליב רחצה כיף לבנדר,סנו,IL,"תחליב רחצה כיף לבנדר 700 מ""ל",מיליליטרים,700.00,"100 מ""ל",false,12,11.90,1.7000,true,1,118856
7290108356151,false,תחליב רחצה כיף מאסק,סנו,IL,"תחליב רחצה כיף מאסק יסמין 700 מ""ל",מיליליטרים,700.00,"100 מ""ל",false,12,11.90,1.7000,true,1,118859
7290108356168,false,תחליב רחצה כיף אוקיי,סנו,IL,"תחליב רחצה כיף אוקיינוס 700 מ""ל",מיליליטרים,700.00,"100 מ""ל",false,12,11.90,1.7000,true,1,118858
7290108356229,false,גל גילוח קרבון פאוור,,,"גל גילוח קרבון פאוור קרמה מן 200 מ""ל",מיליליטרים,200.00,"100 מ""ל",false,1,12.90,6.4500,true,1,126542
7290108356373,false,גל לניקוי ידיים בדמו,,,"ג""ל לניקוי ידיים בדמות מיניונים לתליה",גרמים,30.00,100 גרם,false,12,9.90,33.0000,true,1,129610
7290108356489,false,תחליב רחצה כיף  אפרס,,,תחליב רחצה כיף  אפרסק חמאת מורומורו 700,מיליליטרים,700.00,"100 מ""ל",false,1,11.90,1.7000,true,1,139019
7290108356854,false,מגבוני בייבי כיף בני,,,מגבוני בייבי כיף בניחוח עדין חמישייה,Unknown,0.00,Unknown,false,1,19.90,0.0000,true,1,131995
7290108357011,false,מרכך כיף ורד ושמן קו,סנו,IL,מרכך כיף לשיער וורד ושמן קוקי 700 גר,מיליליטרים,700.00,"100 מ""ל",false,12,11.90,1.7000,true,1,125802
7290108357028,false,תחליב רחצה כיף ורד ו,סנו,IL,תחליב רחצה כיף ורד ושמן קוקי 700 מל,מיליליטרים,700.00,"100 מ""ל",false,12,11.90,1.7000,true,1,125803
7290108357097,false,דאו קרליין ספריי נוש,,,דאו קרליין ספריי נושם ביו ולוט רוז,Unknown,0.00,Unknown,false,1,12.90,0.0000,true,1,139016
7290108357189,false,מבשם ומרכך למייבש פל,סנו,IL,"מבשם ומרכך למייבש פלורל טאצ 750 מ""ל",מיליליטרים,750.00,"100 מ""ל",false,12,18.90,2.5200,true,1,125798
7290108357202,false,מתז סנו קליר בניחוח,,,מתז סנו קליר בניחוח בלו בלוסום 1 ל,ליטרים,1.00,ליטר,false,12,9.90,9.9000,true,1,131982
7290108357257,false,מכשיר אוטומטי סנו פר,,,מכשיר אוטומטי סנו פרש בתוספת מילוי,Unknown,0.00,Unknown,false,6,44.90,0.0000,true,1,142414
7290108357264,false,סנו פרש אוטומטי מילו,,,סנו פרש אוטומטי מילוי לבישום אויר 250 מל,מיליליטרים,250.00,"100 מ""ל",false,12,14.90,5.9600,true,1,142415
7290108357271,false,סנובון נוזלי עם כח ח,,,סנובון נוזלי עם כח חמצן 750 מל,מיליליטרים,750.00,"100 מ""ל",false,12,10.90,1.4533,true,1,142408
7290108357288,false,אקונומיקה פריחה לבנה,,,אקונומיקה פריחה לבנה סנו זאוול 4 ל,ליטרים,4.00,ליטר,false,1,16.90,4.2250,true,1,138207
7290108357301,false,K 300 לקטילה מיידית,,,K 300 לקטילה מיידית ומתמשכת,מיליליטרים,300.00,"100 מ""ל",false,1,11.90,3.9667,true,1,142416
7290108357431,false,קרמה קרם גוף בריזת י,,,"קרמה קרם גוף בריזת ים 500 מ""ל",מיליליטרים,500.00,"100 מ""ל",false,1,22.90,4.5800,true,1,129603
7290108357707,false,שמפו כיף לשיער רגיל,,,שמפו כיף לשיער רגיל תפוח זרעי ציה 700 גר,מיליליטרים,700.00,"100 מ""ל",false,1,11.90,1.7000,true,1,119791
7290108357714,false,שמפו לשיער יבש רימונ,,,שמפו כיף לשיער יבש רימונים ושמן ארגן 700,מיליליטרים,700.00,"100 מ""ל",false,1,11.90,1.7000,true,1,119793
7290108357769,false,מרכך כיף לשיער רגיל,,,מרכך כיף לשיער רגיל תפוח זרעי ציה 700 גר,מיליליטרים,700.00,"100 מ""ל",false,1,11.90,1.7000,true,1,119792
7290108357776,false,מרכך כיף לשיער יבש ר,,,מרכך כיף לשיער יבש רימונים ושמן ארגן 700,מיליליטרים,700.00,"100 מ""ל",false,1,11.90,1.7000,true,1,119794
7290108357875,false,שמפו כיף לחות מוגברת,,,שמפו כיף לחות מוגברת אפרסק חמאת מורומורו,מיליליטרים,700.00,"100 מ""ל",false,1,11.90,1.7000,true,1,139017
7290108357882,false,מרכך כיף לחות מוגברת,,,מרכך כיף לחות מוגברת אפרסק חמאת מורומורו,מיליליטרים,700.00,"100 מ""ל",false,1,11.90,1.7000,true,1,139018
7290108358124,false,דפי בישום למייבש,,,דפי בישום למייבש,Unknown,0.00,Unknown,false,1,12.90,0.0000,true,1,142430
7290108359046,false,שקיות אשפה חזקות במי,,,סנו סושי שקיות חזקות וענקיות,Unknown,0.00,Unknown,false,1,25.90,0.0000,true,1,134555
7290108359152,false,זוג תבניוות עגולות ס,,,זוג תבניוות עגולות סנו סושי 25 סמ,Unknown,0.00,Unknown,false,1,9.90,0.0000,true,1,142444
7290108359169,false,זוג תבניוות עגולות ס,,,זוג תבניוות עגולות סנו סושי 28 סמ,Unknown,0.00,Unknown,false,1,9.90,0.0000,true,1,142445
7290108359183,false,שקיות אשפה עם ידית ס,,,שקיות אשפה עם ידית סנו סושי 60 יח,Unknown,0.00,Unknown,false,1,21.90,0.0000,true,1,142417
7290108359824,false,קרם גוף בייבי כיף 50,,,"קרם גוף בייבי כיף 500 מ""ל",מיליליטרים,500.00,"100 מ""ל",false,1,19.90,3.9800,true,1,118988
7290108359985,false,מרסס אקונומיקה פריחה,,,מרסס אקונומיקה פריחה לבנה סנו גאוול,ליטרים,1.00,ליטר,false,1,16.90,16.9000,true,1,138208
7290108501360,false,גבינה צדר בשלה 200 ג,,,גבינה צדר בשלה 200 גר,גרמים,200.00,100 גרם,false,1,19.90,9.9500,true,1,112223
7290108501827,false,שערות בצק קדאיף 450,,,שערות בצק קדאיף 450 גר,גרמים,450.00,100 גרם,false,1,24.90,5.5333,true,1,114547
7290108502589,false,גבינת שמנת עם שום 20,אטלסר ואלפרי,DE,גבינת שמנת עם שום 200 גר,גרמים,200.00,100 גרם,false,12,11.90,5.9500,true,1,116665
7290108502763,false,גבינת קממבר 200 גר,,,גבינת קממבר 200 גר,גרמים,200.00,100 גרם,false,1,19.90,9.9500,true,1,116171
7290108502862,false,מלפפון כבוש במלח 18-,אורהנזי,TR,מלפפון כבוש במלח 18-25 קטנים מאוד 600 גר,גרמים,600.00,100 גרם,false,1,12.90,2.1500,true,1,117050
7290108503043,false,תפוחונים תפוע מיובשי,,,"מארז תפוחונים תפו""ע מיובשים 4 יח",גרמים,88.00,100 גרם,false,1,14.90,16.9318,true,1,117895
7290108503067,false,גבינה פרמזנו משולש 1,,,גבינה פרמזנו משולש 150 גר,גרמים,150.00,100 גרם,false,1,18.90,12.6000,true,1,117899
7290108503647,false,אורז בסמטי דאווט 1 ק,lt foods,,"אורז בסמטי דאווט 1 ק""ג",קילוגרמים,1.00,"ק""ג",false,1,12.90,12.9000,true,1,121798
7290108503692,true,פיצה מרגריטה עם מוצר,,,פיצה מרגריטה 380 גר,גרמים,380.00,100 גרם,false,,15.90,4.1842,true,1,121123
7290108503708,true,פיצה עם פטריות ומוצר,,,פיצה פטריות 390 גר,גרמים,390.00,100 גרם,false,,15.90,4.0769,true,1,121122
7290108503715,true,פיצה דקה עם זיתים ומ,,,פיצה זיתים 385 גר,גרמים,385.00,100 גרם,false,,15.90,4.1299,true,1,121121
7290108503814,false,גבינה מותכת למריחה 2,לוטס,,גבינה מותכת למריחה 200 גר,גרמים,200.00,100 גרם,false,1,12.90,6.4500,true,1,119690
7290108504286,true,גבינה איבריקו צאנק 1,,,גבינה איבריקו צאנק 150 גר,גרמים,150.00,100 גרם,false,,19.90,13.2667,true,1,121130
7290108504293,true,גבינה מנצגו צאנק 150,,,גבינה מנצגו צאנק 150 גר,גרמים,150.00,100 גרם,false,,19.90,13.2667,true,1,121131
7290108504385,false,גבינת שמנת חלפיניו י,אטלסר ואלפרי,DE,גבינת שמנת חלפיניו 200 גר,גרמים,200.00,100 גרם,false,12,11.90,5.9500,true,1,123767
7290108505689,false,גבינה גרנה פדנו מגור,,,גבינה גרנה פדנו מגורדת 100 גר,גרמים,100.00,100 גרם,false,1,9.90,9.9000,true,1,125414
7290108505719,false,גבינה מוצרלה מגורדת,ארן גידה,TR,גבינה מוצרלה מגורדת 25% 200 גר,גרמים,200.00,100 גרם,false,12,14.90,7.4500,true,1,127063
7290108506495,false,כנאפה קפוא 192.5 גר,ארמה,TR,כנאפה קפוא 192.5 גר,גרמים,193.00,100 גרם,false,42,12.90,6.6839,true,1,126644
7290108507065,false,גבינה פרמגאנו רגיאנו,,,גבינה פרמגאנו רגיאנו מגורדת 100 גר,גרמים,100.00,100 גרם,false,20,12.90,12.9000,true,1,131762
7290108507942,true,ירקות גינה עם טונה 1,,,ירקות גינה עם טונה 160 גר,גרמים,160.00,100 גרם,false,,12.90,8.0625,true,1,132825
7290108508031,false,אננס שלם 830 גר,,,אננס שלם 830 גר,גרמים,830.00,100 גרם,false,1,10.90,1.3133,true,1,142087
7290108509250,true,אנטיפסטי ארטישוק 530,,,אנטיפסטי ארטישוק 530 גר,מיליליטרים,530.00,"100 מ""ל",false,1,19.90,3.7547,true,1,133813
7290108509397,true,עלי בצק פילו משולשים,,,עלי בצק פילו משולשים 360 גר,גרמים,360.00,100 גרם,false,1,9.90,2.7500,true,1,133826
7290108509403,true,חלווה טורקית קלאסית,,,חלבה טורקית קלאסית 350 גר,גרמים,350.00,100 גרם,false,1,11.90,3.4000,true,1,133819
7290108509410,true,חלווה טורקית עם קקאו,,,חלבה טורקית עם קקאו 350 גר,גרמים,350.00,100 גרם,false,1,11.90,3.4000,true,1,133821
7290108509793,false,גליליות וופל במילוי,,GR,גליליות וופל במילוי שוקולד מריר 400 גר,גרמים,400.00,100 גרם,false,12,14.90,3.7250,true,1,138428
7290108509816,false,גבינת בייבי מוצרלה 2,,,גבינת בייבי מוצרלה 22% 200 גר,גרמים,200.00,100 גרם,false,1,14.90,7.4500,true,1,134369
7290108620092,false,יין אימפריאל רוזה 75,,,יין אימפריאל רוזה 750 מל,מיליליטרים,750.00,"100 מ""ל",false,12,29.90,3.9867,true,1,131727
7290108620108,false,יין אימפריאל קברנה ס,,,יין אימפריאל קברנה סוביניון 750 מל,מיליליטרים,750.00,"100 מ""ל",false,12,29.90,3.9867,true,1,129189
7290108620122,false,יין אימפריאל קברנה מ,,,יין אימפריאל קברנה מרלו 750 מל,מיליליטרים,750.00,"100 מ""ל",false,12,29.90,3.9867,true,1,129191
7290108620207,false,יין אימפריאל ריזלינג,,,יין אימפריאל ריזלינג גוורצטרמינר 750 מל,מיליליטרים,750.00,"100 מ""ל",false,12,29.90,3.9867,true,1,129193
7290108620214,false,יין פאלאס בלנד לבן 7,יקבי ציון,,יין פאלאס בלנד לבן 750 מל,מיליליטרים,750.00,"100 מ""ל",false,12,24.90,3.3200,true,1,129195
7290108620306,false,יין אימפריאל קברנה ס,,,יין אימפריאל קברנה סוביניון 375 מל,מיליליטרים,375.00,"100 מ""ל",false,1,17.90,4.7733,true,1,137812
7290108620320,false,יין אימפריאל סוביניו,,,יין אימפריאל סוביניון בלאן 375 מל,מיליליטרים,375.00,"100 מ""ל",false,1,17.90,4.7733,true,1,137813
7290109351025,false,צבר חומוסטחינה 400 ג,,,צבר חומוסטחינה 400 גר,גרמים,400.00,100 גרם,false,1,13.90,3.4750,true,1,98394
7290109351971,false,פריכיות פיטנס בר שוק,כרמית,,פריכיות פיטנס בר שוקולד חלב 84 גר,גרמים,84.00,100 גרם,false,1,12.90,15.3571,true,1,101631
7290109354972,false,פתי בר קלאסי ללא גלו,אסם,,"פתי בר קלאסי ללא גלוטן 200 ג""ר",גרמים,200.00,100 גרם,false,1,9.90,4.9500,true,1,101667
7290109354996,false,פתי בר שוקו ללא גלוט,אסם,,"פתי בר שוקו ללא גלוטן 200 ג""ר",גרמים,200.00,100 גרם,false,1,9.90,4.9500,true,1,101668
7290109358482,false,קרמוגית אסם במילוי ח,,,קרמוגית אסם במילוי חלווה 200 גר,גרמים,200.00,100 גרם,false,1,9.90,4.9500,true,1,118905
7290109580050,false,נקניקיות צוריסוס וונ,,,נקניקיות צוריסוס וונדרס 226 גר,גרמים,226.00,100 גרם,false,1,29.90,13.2301,true,1,133850
7290109580067,false,טחון וונדרס 340 גר,,,טחון וונדרס 340 גר,גרמים,340.00,100 גרם,false,1,29.90,8.7941,true,1,133851
7290109580098,false,קבנוס בטעם סרירצה 13,,,קבנוס בטעם סרירצה 135 גר,גרמים,135.00,100 גרם,false,1,10.90,8.0741,true,1,138404
7290109580234,false,נקניקיות מרגז וונדרס,,,נקניקיות מרגז וונדרס 226 גר,גרמים,226.00,100 גרם,false,1,29.90,13.2301,true,1,138397
7290109580241,false,נאגטס מן הצומח 500 ג,,,נאגטס מן הצומח 500 גר,גרמים,500.00,100 גרם,false,1,22.90,4.5800,true,1,140347
7290109580319,false,בורגר וונדרס 280 גר,,,בורגר וונדרס 280 גר,גרמים,280.00,100 גרם,false,1,29.90,10.6786,true,1,138398
7290109920146,false,מסיר אבנית מקומקום ד,דורינג,,"מסיר אבנית מקומקום דורגול 750 מ""ל",מיליליטרים,750.00,"100 מ""ל",false,1,19.90,2.6533,true,1,106055
7290109920153,false,מלבין לכביסה לבנה וו,,,מלבין לכביסה לבנה וויט ברייט 790 מל,מיליליטרים,790.00,"100 מ""ל",false,1,25.90,3.2785,true,1,134600
7290109920597,false,מרסס למקלחון אסטוניש,אסטוניש,,"אסטוניש מרסס למקלחון 750 מ""ל",מיליליטרים,750.00,"100 מ""ל",false,1,14.90,1.9867,true,1,111349
7290109920665,false,מרסס מסיר אוכל שרוף,אסטוניש,,"אסטוניש מרסס מסיר אוכל שרוף במטבח 750 מ""",מיליליטרים,750.00,"100 מ""ל",false,1,14.90,1.9867,true,1,111351
7290109920740,false,מרכך כביסה הפי מרוכז,מיפא,,מרכך כביסה הפי מרוכז לבנדר 1 ל,ליטרים,1.00,ליטר,false,1,12.90,12.9000,true,1,111345
7290109920757,false,מרכך כביסה הפי מרוכז,מיפא,,מרכך כביסה הפי מרוכז ורדים  1 ל,ליטרים,1.00,ליטר,false,1,12.90,12.9000,true,1,111344
7290109920825,false,ניקוי והסרת אבנית למ,מרקה,,ניקוי והסרת אבנית למכונת אספרסו דורגול,מיליליטרים,500.00,"100 מ""ל",false,1,29.90,5.9800,true,1,118715
7290109920849,false,אסטוניש מרסס תפוז לנ,אסטוניש,,אסטוניש מרסס תפוז לניקוי רב תכליתי 750 מ,מיליליטרים,750.00,"100 מ""ל",false,1,14.90,1.9867,true,1,111352
7290109920870,false,גל כביסה הפי מיוחד ל,,,גל כביסה הפי מיוחד לבגדי שחור וכהה 1 ל,ליטרים,1.00,ליטר,false,1,14.90,14.9000,true,1,115598
7290109920917,false,גל לניקוי אסלות הפי,אורו,,"גל לניקוי אסלות הפי עם כלור 750 מ""ל",מיליליטרים,750.00,"100 מ""ל",false,1,7.90,1.0533,true,1,115487
7290109921129,false,מרכך כביסה הפי מרוכז,מיפא,,מרכך כביסה הפי מרוכז סיגליות 1 ל,ליטרים,1.00,ליטר,false,1,12.90,12.9000,true,1,115488
7290109921334,false,דפי בד לכביסה אידאל,מרקה,,דפי בד לכביסה אידאל פרוטקט 15 יח,Unknown,0.00,Unknown,false,1,15.90,0.0000,true,1,119862
7290109921488,false,מסיר אבנית למכונת כב,,,"מסיר אבנית למכונת כביסה דורגול 500 מ""ל",מיליליטרים,500.00,"100 מ""ל",false,1,29.90,5.9800,true,1,122705
7290109921587,false,נוזל רצפות יעקובי גר,,,נוזל רצפות יעקובי גרניט פורצלן 1.25 ל,ליטרים,1.25,ליטר,false,1,14.90,11.9200,true,1,123583
7290109921976,false,גל כביסה הפי סופרו ב,,,גל כביסה הפי סופרו בייבי 3 ל,ליטרים,3.00,ליטר,false,1,24.90,8.3000,true,1,134601
7290109922010,false,מחטא אוויר משמיד חיי,,,מחטא אוויר משמיד חיידקים 500 מל,מיליליטרים,500.00,"100 מ""ל",false,1,19.90,3.9800,true,1,132609
7290109922843,false,אקונומיקה נוסחה עוצמ,,,אקונומיקה נוסחה עוצמתית 2 ל,ליטרים,2.00,ליטר,false,1,11.90,5.9500,true,1,137608
7290109922881,false,מרסס למטבח דורגול 60,,,מרסס למטבח דורגול 600 מל,מיליליטרים,600.00,"100 מ""ל",false,1,24.90,4.1500,true,1,138793
7290109923024,false,מרסס ארומטיק למטבח א,,,מרסס ארומטיק למטבח אסטוניש 750 מל,מיליליטרים,750.00,"100 מ""ל",false,1,16.90,2.2533,true,1,138790
7290109923093,false,קרם לכיריים הלוגן וא,,,קרם לכיריים הלוגן ואינדוקציה אסטוניש 500,גרמים,500.00,100 גרם,false,1,19.90,3.9800,true,1,138787
7290109923147,false,מרסס פלא של אקונומיק,,,מרסס פלא של אקונומיקה אסטוניש 500 מל,מיליליטרים,750.00,"100 מ""ל",false,1,16.90,2.2533,true,1,138788
7290110110277,false,סיידר סומרסבי 330 מל,,,"סיידר סומרסבי 330 מ""ל רביעייה",ליטרים,1.32,ליטר,false,1,35.90,27.1970,true,1,114702
7290110110369,false,בירה קרלסברג לומה 33,,,בירה קרלסברג לומה 330 מל שישייה,מיליליטרים,1980.00,"100 מ""ל",false,1,45.90,2.3182,true,1,128011
7290110111809,false,פאנטה אורנג פח 330 מ,קוקה קולה,,פאנטה אורנג פח 330 מל מארז שישייה,מיליליטרים,1980.00,"100 מ""ל",false,1,23.90,1.2071,true,1,121613
7290110113261,false,נקטר אושן ספריי 1 ל,פריגת,,נקטר אושן ספריי 1 ל,ליטרים,1.00,ליטר,false,1,13.90,13.9000,true,1,133148
7290110113476,false,בירה קרלסברג ללא אלכ,,,"בירה קרלסברג ללא אלכוהול 330 מ""ל שישייה",מיליליטרים,1980.00,"100 מ""ל",false,1,29.90,1.5101,true,1,126186
7290110113605,false,בירה שקמה בק 330 מל,,,בירה שקמה בק 330 מל,מיליליטרים,330.00,"100 מ""ל",false,1,13.90,4.2121,true,1,139799
7290110113629,false,בירה שקמה אייל ענברי,,,בירה שקמה אייל ענברי בק 330 מל,מיליליטרים,330.00,"100 מ""ל",false,1,13.90,4.2121,true,1,139800
7290110113636,false,בירה שקמה מרצן לאגר,,,בירה שקמה מרצן לטגר בק 330 מל,מיליליטרים,330.00,"100 מ""ל",false,1,13.90,4.2121,true,1,139801
7290110114466,false,ספרייט לימון נענע 1.,קוקה קולה,,ספרייט לימון נענע 1.5 ל,ליטרים,1.50,ליטר,false,1,8.90,5.9333,true,1,133147
7290110114480,false,ספרייט לימון קיווי 1,קוקה קולה,,ספרייט לימון קיווי 1.5 ל,ליטרים,1.50,ליטר,false,1,8.90,5.9333,true,1,133146
7290110114787,false,מים בטעם תפוח נביעות,נביעות,,מים בטעם תפוח נביעות+ 1.5 ל,ליטרים,1.50,ליטר,false,1,9.90,6.6000,true,1,137209
7290110114794,false,מים בטעם אפרסק נביעו,נביעות,,מים בטעם אפרסק נביעות+ 1.5 ל,ליטרים,1.50,ליטר,false,1,9.90,6.6000,true,1,137210
7290110114800,false,מים בטעם ענבים נביעו,נביעות,,מים בטעם ענבים נביעות+ 1.5 ל,ליטרים,1.50,ליטר,false,1,9.90,6.6000,true,1,137211
7290110114855,false,מים מינרליים נביעות,נביעות,,מים מינרליים נביעות 1.5 ל שישיה,ליטרים,9.00,ליטר,false,1,12.90,1.4333,true,1,137216
7290110114886,false,מיץ סחוט קלמנטינה פר,,,מיץ סחוט קלמנטינה פריגת 2 ל,ליטרים,2.00,ליטר,false,1,29.90,14.9500,true,1,136757
7290110114893,false,מיץ סחוט תפוזים פריג,,,מיץ סחוט תפוזים פריגת 2 ל,ליטרים,2.00,ליטר,false,1,29.90,14.9500,true,1,136758
7290110114909,false,מיץ פריגת סחוט תפוח,,,מיץ פריגת סחוט תפוח צלול 2 ל,ליטרים,2.00,ליטר,false,1,29.90,14.9500,true,1,136759
7290110114916,false,משקה פריגת לימונענע,,,מיץ פריגת סחוט לימונענע 2 ל,ליטרים,2.00,ליטר,false,1,29.90,14.9500,true,1,136760
7290110114954,false,משקה פריגת תפוזים מת,,,משקה פריגת תפוזים מתקתק 100% 2 ל,ליטרים,2.00,ליטר,false,1,24.90,12.4500,true,1,136756
7290110114961,false,פריגת תפוזים 1.5 ליט,פריגת,,פריגת תפוזים 1.5 ליט,ליטרים,1.50,ליטר,false,1,8.90,5.9333,true,1,137218
7290110114985,false,פריגת אשכוליות 1.5 ל,פריגת,,פריגת אשכוליות 1.5 ל,ליטרים,1.50,ליטר,false,1,8.90,5.9333,true,1,137220
7290110114992,false,משקה קל אשכולית דיאט,פריגת,,משקה קל אשכולית דיאט פריגת 1.5 ל,ליטרים,1.50,ליטר,false,1,8.90,5.9333,true,1,137208
7290110115005,false,פריגת ענבים 1.5 ל,פריגת,,פריגת ענבים 1.5 ל,ליטרים,1.50,ליטר,false,1,8.90,5.9333,true,1,137221
7290110115036,false,פריגת מנגו 1.5 ל,פריגת,,פריגת מנגו 1.5 ל,ליטרים,1.50,ליטר,false,1,8.90,5.9333,true,1,137224
7290110115043,false,משקה פריגת לימונענע,פריגת,,משקה פריגת לימונענע 1.5ל,ליטרים,1.50,ליטר,false,1,8.90,5.9333,true,1,137225
7290110115050,false,פריגת תות בננה 1.5 ל,פריגת,,פריגת תות בננה 1.5 ל,ליטרים,1.50,ליטר,false,1,8.90,5.9333,true,1,137226
7290110115081,false,פריגת צלול ענבים 1.5,פריגת,,פריגת צלול ענבים 1.5 ל,ליטרים,1.50,ליטר,false,1,8.90,5.9333,true,1,137231
7290110115104,false,פריגת צלול אפרסק 1.5,פריגת,,פריגת צלול אפרסק 1.5 ל,ליטרים,1.50,ליטר,false,1,8.90,5.9333,true,1,137233
7290110115111,false,פריגת צלול אננס 1.5,פריגת,,פריגת צלול אננס 1.5 ל,ליטרים,1.50,ליטר,false,1,8.90,5.9333,true,1,137234
7290110115128,false,פריגת צלול לימונענע,פריגת,,פריגת צלול לימונענע 1.5 ל,ליטרים,1.50,ליטר,false,1,8.90,5.9333,true,1,137235
7290110115180,false,מים מינרליים נביעות,נביעות,,מים מינרליים נביעות 1.5 ל,ליטרים,1.50,ליטר,false,1,3.90,2.6000,true,1,137742
7290110115203,false,קוקה קולה 1.5 ל,קוקה קולה,,קוקה קולה 1.5 ל,ליטרים,1.50,ליטר,false,1,8.90,5.9333,true,1,137241
7290110115210,false,דיאט קוקה קולה 1.5 ל,קוקה קולה,,דיאט קוקה קולה 1.5 ל,ליטרים,1.50,ליטר,false,1,8.90,5.9333,true,1,137242
7290110115227,false,קוקה קולה זירו 1.5 ל,קוקה קולה,,קוקה קולה זירו 1.5 ל,ליטרים,1.50,ליטר,false,1,8.90,5.9333,true,1,137243
7290110115234,false,קולה זירו נטול 1.5 ל,קוקה קולה,,קולה זירו נטול 1.5 ל,ליטרים,1.50,ליטר,false,1,8.90,5.9333,true,1,137244
7290110115241,false,קולה זירו לימון 1.5,קוקה קולה,,קולה זירו לימון 1.5 ל,ליטרים,1.50,ליטר,false,1,8.90,5.9333,true,1,137245
7290110115258,false,קוקה קולה זירו מנגו,קוקה קולה,,קוקה קולה זירו מנגו 1.5 ל,ליטרים,1.50,ליטר,false,1,8.90,5.9333,true,1,137246
7290110115265,false,ספרייט ליים 1.5 ל,קוקה קולה,,ספרייט ליים 1.5 ל,ליטרים,1.50,ליטר,false,1,8.90,5.9333,true,1,137252
7290110115272,false,ספרייט זירו 1.5 ל,,,ספרייט זירו 1.5 ל,ליטרים,1.50,ליטר,false,1,8.90,5.9333,true,1,137253
7290110115289,false,ספרייט לימון נענע 1.,קוקה קולה,,ספרייט לימון נענע 1.5 ל,ליטרים,1.50,ליטר,false,1,8.90,5.9333,true,1,137256
7290110115296,false,פאנטה אורנג 1.5 ל,קוקה קולה,,פאנטה אורנג 1.5 ליט,מיליליטרים,1500.00,"100 מ""ל",false,1,8.90,0.5933,true,1,137257
7290110115302,false,פאנטה זירו אורנג 1.5,קוקה קולה,,פאנטה זירו אורנג 1.5 ל,ליטרים,1.50,ליטר,false,1,8.90,5.9333,true,1,137258
7290110115319,false,פאנטה אקזוטיק 1.5 ל,קוקה קולה,,פאנטה אקזוטיק 1.5 ל,ליטרים,1.50,ליטר,false,1,8.90,5.9333,true,1,137260
7290110115333,false,פאנטה תות 1.5 ל,קוקה קולה,,פאנטה תות 1.5 ל,מיליליטרים,1500.00,"100 מ""ל",false,1,8.90,0.5933,true,1,137262
7290110115340,false,פאנטה ענבים 1.5 ל,,,פאנטה ענבים 1.5 ל,ליטרים,1.50,ליטר,false,1,8.90,5.9333,true,1,137263
7290110115364,false,קוקה קולה 1.5 ל שישי,קוקה קולה,,קוקה קולה 1.5 ל שישיה,ליטרים,9.00,ליטר,false,1,46.90,5.2111,true,1,137247
7290110115371,false,קוקה קולה דיאט דל קל,קוקה קולה,,קוקה קולה דיאט דל קלוריות 1.5 ל שישיה,ליטרים,9.00,ליטר,false,1,44.90,4.9889,true,1,137248
7290110115388,false,ספרייט 1.5 ל שישיה,קוקה קולה,,ספרייט 1.5 ל שישיה,ליטרים,9.00,ליטר,false,1,44.90,4.9889,true,1,137254
7290110115395,false,ספרייט זירו 1.5 ל שי,,,ספרייט זירו 1.5 ל שישיה,ליטרים,9.00,ליטר,false,1,44.90,4.9889,true,1,137255
7290110115401,false,סודה קינלי 1.5 ל שיש,,,סודה קינלי 1.5 ל שישיה,ליטרים,9.00,ליטר,false,1,15.90,1.7667,true,1,137266
7290110115418,false,קוקה קולה זירו דל קל,קוקה קולה,,קוקה קולה זירו דל קלוריות 1.5 ל שישיה,ליטרים,9.00,ליטר,false,1,44.90,4.9889,true,1,137249
7290110115425,false,תה קר פיוז טי ירוק ל,FUZE TEA,,תה קר פיוז טי ירוק לימון נענע 1.5 ל,ליטרים,1.50,ליטר,false,1,8.90,5.9333,true,1,137267
7290110115449,false,תה קר פיוז מנגו אננס,FUZE TEA,,תה קר פיוז מנגו אננס 1.5ל,מיליליטרים,1500.00,"100 מ""ל",false,1,8.90,0.5933,true,1,137269
7290110115456,false,תה קר פיוז טי אפרסק,FUZE TEA,,תה קר פיוז טי אפרסק 1.5 ל,מיליליטרים,1500.00,"100 מ""ל",false,1,8.90,0.5933,true,1,137270
7290110115463,false,תה קר פיוז אפרסק 1.5,FUZE TEA,,תה קר פיוז אפרסק 1.5ל,מיליליטרים,1500.00,"100 מ""ל",false,1,8.90,0.5933,true,1,137271
7290110115494,false,תה קר פיוז ענבים 1.5,FUZE TEA,,תה קר פיוז ענבים 1.5ל,מיליליטרים,1500.00,"100 מ""ל",false,1,8.90,0.5933,true,1,137274
7290110115531,false,פאנטה זירו תפוח 1.5,קוקה קולה,,פאנטה זירו תפוח 1.5 ל,מיליליטרים,1500.00,"100 מ""ל",false,1,8.90,0.5933,true,1,137259
7290110115586,false,משקה קל פריגת תפוזים,פריגת,,משקה קל פריגת תפוזים 19 קל 1.5 ל,ליטרים,1.50,ליטר,false,1,8.90,5.9333,true,1,137228
7290110115593,false,משקה קל פריגת אשכולי,פריגת,,משקה קל פריגת אשכוליות 19 קל 1.5 ל,ליטרים,1.50,ליטר,false,1,8.90,5.9333,true,1,137229
7290110115616,false,תה קר פיוז טי ירוק ז,FUZE TEA,,תה קר פיוז טי ירוק זירו אננס  1.5 ל,ליטרים,1.50,ליטר,false,1,8.90,5.9333,true,1,137367
7290110115623,false,תה קר פיוז טי זירו א,FUZE TEA,,תה קר פיוז טי זירו אפרסק 1.5 ל,מיליליטרים,1500.00,"100 מ""ל",false,1,8.90,0.5933,true,1,137366
7290110115821,false,ספרייט לימון ליים 1.,קוקה קולה,,ספרייט לימון ליים 1.5 ל,ליטרים,1.50,ליטר,false,1,8.90,5.9333,true,1,140011
7290110115838,false,ספרייט זירו 1.5 ל,,,ספרייט זירו 1.5 ל,ליטרים,1.50,ליטר,false,1,8.90,5.9333,true,1,137964
7290110115845,false,קוקה קולה 1.5 ל,קוקה קולה,,קוקה קולה 1.5 ל,ליטרים,1.50,ליטר,false,1,8.90,5.9333,true,1,137624
7290110115852,false,קוקה קולה דיאט 1.5 ל,קוקה קולה,,קוקה קולה דיאט 1.5 ל,ליטרים,1.50,ליטר,false,1,8.90,5.9333,true,1,137728
7290110115869,false,קוקה קולה זירו 1.5 ל,קוקה קולה,,קוקה קולה זירו 1.5 ל,ליטרים,1.50,ליטר,false,1,8.90,5.9333,true,1,137696
7290110115876,false,סודה קינלי 1.5 ל,קוקה קולה,,סודה קינלי 1.5 ל,ליטרים,1.50,ליטר,false,1,4.50,3.0000,true,1,141437
7290110115883,false,מים נביעות בייבי 320,נביעות,,מים נביעות בייבי 320 מל,מיליליטרים,320.00,"100 מ""ל",false,1,2.90,0.9062,true,1,138442
7290110115890,false,מים מינרליים נביעות,נביעות,,מים מינרליים נביעות 500 מל,מיליליטרים,500.00,"100 מ""ל",false,1,3.90,0.7800,true,1,141436
7290110115913,false,משקה ספורט זירו בטעם,,,משקה ספורט זירו בטעם אננס פאוורייד 500,מיליליטרים,500.00,"100 מ""ל",false,1,9.90,1.9800,true,1,139798
7290110116064,false,פאנטה זירו פירות ירו,קוקה קולה,,פאנטה זירו פירות ירוק 1.5 ל,מיליליטרים,1500.00,"100 מ""ל",false,1,8.90,0.5933,true,1,140627
7290110116125,false,סירופ בטעם פטל 750 מ,,,סירופ בטעם פטל 750 מל,מיליליטרים,750.00,"100 מ""ל",false,1,19.90,2.6533,true,1,141242
7290110116132,false,סירופ בטעם לימון 750,,,סירופ בטעם לימון 750 מל,מיליליטרים,750.00,"100 מ""ל",false,1,19.90,2.6533,true,1,141241
7290110116149,false,סירופ בטעם ענבים 750,,,סירופ בטעם ענבים 750 מל,מיליליטרים,750.00,"100 מ""ל",false,1,19.90,2.6533,true,1,141240
7290110116194,false,נביעות+ סדרת 0 קלורי,נביעות,,נביעות+ סדרת 0 קלוריות לימון ליים 1.5 ל,ליטרים,1.50,ליטר,false,12,9.90,6.6000,true,1,141228
7290110116217,false,נביעות+ סדרת 0 קלורי,נביעות,,נביעות+ סדרת 0 קלוריות אשכולית 1.5 ל,ליטרים,1.50,ליטר,false,12,9.90,6.6000,true,1,141227
7290110116316,false,שישיית קוקה קולה 1.5,,,שישיית קוקה קולה 1.5 ל,ליטרים,9.00,ליטר,false,1,46.90,5.2111,true,1,139298
7290110116392,false,סירופ בטעם תפוזים 75,,,סירופ בטעם תפוזים 750 מל,מיליליטרים,750.00,"100 מ""ל",false,1,19.90,2.6533,true,1,141243
7290110116552,false,ספרייט למון היט 1.5,קוקה קולה,IL,ספרייט למון היט 1.5 ל,ליטרים,1.50,ליטר,false,1,8.90,5.9333,true,1,142914
7290110116569,false,ספרייט זירו למון היט,,IL,ספרייט זירו למון היט 1.5 ל,ליטרים,1.50,ליטר,false,1,8.90,5.9333,true,1,142913
7290110116637,false,בירה שקמה ביטר וויט,,,בירה שקמה ביטר וויט בק 330 מל,מיליליטרים,330.00,"100 מ""ל",false,1,13.90,4.2121,true,1,141793
7290110116644,false,מארז בירה שקמה מיקס,,,מארז בירה שקמה מיקס 5 בק 330 מל,מיליליטרים,1650.00,"100 מ""ל",false,1,49.90,3.0242,true,1,143313
7290110320591,false,גבינה בולגרית 16% מע,,,גבינה בולגרית 16% מעודנת 250 גר,גרמים,250.00,100 גרם,false,1,21.90,8.7600,true,1,107782
7290110320850,false,פתיתי עמק 200 גר,,,פתיתי עמק 200 גר,גרמים,200.00,100 גרם,false,1,16.90,8.4500,true,1,108797
7290110320867,false,פתיתי עמק למאפים 28%,,,פתיתי עמק למאפים 28% 500 גר,גרמים,500.00,100 גרם,false,1,36.90,7.3800,true,1,108798
7290110321277,false,גבינת קוטג בקטנה 5%,,,קוטג בקטנה תנובה 5% 100 גר,גרמים,100.00,100 גרם,false,1,2.60,2.6000,true,1,112023
7290110322014,false,טופו תנובה טבעי 300,,,טופו תנובה טבעי 300 גר,גרמים,300.00,100 גרם,false,1,12.50,4.1667,true,1,114892
7290110322038,false,טופו תנובה פיקנטי 30,,,טופו תנובה פיקנטי 300 גר,גרמים,300.00,100 גרם,false,1,12.50,4.1667,true,1,114894
7290110323301,false,גבינה טל העמק פרוס 3,,,טל העמק פרוס 32% 200 גר,גרמים,200.00,100 גרם,false,18,17.90,8.9500,true,1,119378
7290110323714,false,משקה קוקוס שקדים 1 ל,תנובה,,משקה קוקוס שקדים 1 ל,ליטרים,1.00,ליטר,false,1,12.90,12.9000,true,1,119221
7290110324711,false,ממרח סויה 9% בטעם טב,,,ממרח סויה 9% בטעם טבעי 250 גר,גרמים,250.00,100 גרם,false,24,9.90,3.9600,true,1,122032
7290110324728,false,ממרח סויה 9% שום שמי,,,ממרח סויה 9% שום שמיר 250 גר,גרמים,250.00,100 גרם,false,24,9.90,3.9600,true,1,122033
7290110324841,false,מעדן שקדים עם שוקולד,,,מעדן שקדים עם שוקולד מריר 125 גר,גרמים,125.00,100 גרם,false,1,3.90,3.1200,true,1,125563
7290110324858,false,מעדן שקדים בטעם אגוז,,,מעדן שקדים בטעם אגוז לוז 125 גר,גרמים,125.00,100 גרם,false,1,3.90,3.1200,true,1,125564
7290110324926,false,משקה סויה ללא תוספת,,,משקה סויה ללא תוספת סוכר 1 ל,ליטרים,1.00,ליטר,false,16,9.90,9.9000,true,1,123850
7290110325114,false,משקה יוגורט גו לייט,,,משקה יוגורט גו לייט תות בננה 250 גר,גרמים,250.00,100 גרם,false,30,5.90,2.3600,true,1,122983
7290110325435,false,גבינה לבנה למריחה 5%,,,גבינה לבנה למריחה 5% עם קרקרים פשתן 145,גרמים,145.00,100 גרם,false,1,4.90,3.3793,true,1,130905
7290110325619,false,משקה שיבולת שועל 1 ל,תנובה,,משקה שיבולת שועל 1 ל,ליטרים,1.00,ליטר,false,16,12.90,12.9000,true,1,125908
7290110325879,false,פתיתי גבינה גאודה 20,,,פתיתי גבינה גאודה 200 גר,גרמים,200.00,100 גרם,false,1,16.90,8.4500,true,1,126716
7290110326210,false,יוגורט יופלה און טופ,,,יוגורט יופלה און טופ פצפוצים 157 גר,גרמים,157.00,100 גרם,false,1,4.90,3.1210,true,1,126717
7290110326227,false,יוגורט יופלה און טופ,,,יוגורט יופלה און טופ קורנפלקס 157 גר,גרמים,157.00,100 גרם,false,1,4.90,3.1210,true,1,126719
7290110326234,false,יוגורט יופלה און טופ,,,יוגורט יופלה און טופ כוכבים 157 גר,גרמים,157.00,100 גרם,false,1,4.90,3.1210,true,1,126718
7290110326241,false,יוגורט יופלה און טופ,,,יוגורט יופלה און טופ גרנולה 157 גר,גרמים,157.00,100 גרם,false,1,4.90,3.1210,true,1,126720
7290110327033,false,משקה סויה מועשר בחלב,תנובה,,משקה סויה תנובה גו מועשר בחלבון במתיקות,ליטרים,1.00,ליטר,false,16,12.90,12.9000,true,1,129252
7290110327064,false,משקה קפה שיבולת שועל,תנובה,,משקה קפה שיבולת שועל בטעם קרמל 1 ל,ליטרים,1.00,ליטר,false,16,12.90,12.9000,true,1,128755
7290110327514,false,משקה שיבולת שועל בטע,תנובה,,משקה שיבולת שועל בטעם אגוזי לוז 1 ל,ליטרים,1.00,ליטר,false,16,12.90,12.9000,true,1,134695
7290110328504,false,פתיתים מוצרלה/סקנדינ,,,מיקס מוצרלה/סקנדינבית וגאודה 300 גר,גרמים,300.00,100 גרם,false,1,25.90,8.6333,true,1,132673
7290110328610,false,משקה אורז שקדים בריס,תנובה,,משקה אורז שקדים בריסטה אלטרנטיב 1 ל,ליטרים,1.00,ליטר,false,16,12.90,12.9000,true,1,140640
7290110328627,false,יוגורט גו יופלה סמיך,,,יוגורט יופלה גו במרקם סמיך בננה קרמל 0%,גרמים,200.00,100 גרם,false,12,5.90,2.9500,true,1,133808
7290110328788,false,יוגורט גו יופלה סמיך,,,יוגורט יופלה גו במרקם סמיך אפרסק 0% 200,גרמים,200.00,100 גרם,false,12,5.90,2.9500,true,1,133807
7290110329136,false,מעדן חלב גו בטעם שוק,,,מעדן חלב גו בטעם שוקולד 12ג חלבון 120 גר,גרמים,120.00,100 גרם,false,20,4.90,4.0833,true,1,136641
7290110329143,false,מעדן חלב גו בטעם וני,,,מעדן חלב גו בטעם וניל 12ג חלבון 120 גר,גרמים,120.00,100 גרם,false,20,4.90,4.0833,true,1,136639
7290110329303,false,פרוסות בטעם צהובה קל,,,פרוסות בטעם צהובה קלאסית אלטרנטיב 200 גר,גרמים,200.00,100 גרם,false,1,21.90,10.9500,true,1,134698
7290110329686,false,משקה חלב תנובה גו בט,,,משקה חלב תנובה גו בטעם עוגיות 340 מל,מיליליטרים,340.00,"100 מ""ל",false,20,7.90,2.3235,true,1,136638
7290110329716,false,משקה קפה קר בטעם קפו,,,משקה קפה קר בטעם קפוצינו 230 מל,מיליליטרים,230.00,"100 מ""ל",false,1,6.90,3.0000,true,1,139390
7290110329723,false,משקה קפה קר בטעם לאט,,,משקה קפה קר בטעם לאטה 230 מל,מיליליטרים,230.00,"100 מ""ל",false,1,6.90,3.0000,true,1,139392
7290110329730,false,משקה חלב עם שוקולד ו,,,משקה חלב עם שוקולד וקפה בסגנון לאטה,מיליליטרים,230.00,"100 מ""ל",false,1,6.90,3.0000,true,1,139391
7290110329792,false,מעדן סויה ביו אפרסק,,,מעדן סויה ביו אפרסק 150 גר,גרמים,150.00,100 גרם,false,1,4.50,3.0000,true,1,138131
7290110329808,false,מעדן סויה ביו תות 15,,,מעדן סויה ביו תות 150 גר,גרמים,150.00,100 גרם,false,1,4.50,3.0000,true,1,138130
7290110329815,false,מעדן סויה ביו מתיקות,,,מעדן סויה ביו מתיקות מעודנת 150 גר,גרמים,150.00,100 גרם,false,1,4.50,3.0000,true,1,138129
7290110329822,false,מעדן סויה ביו פירות,,,מעדן סויה ביו פירות יער 150 גר,גרמים,150.00,100 גרם,false,1,4.50,3.0000,true,1,138128
7290110329846,false,מעדן סויה ביו טבעי 1,,,מעדן סויה ביו טבעי 150 גר,גרמים,150.00,100 גרם,false,1,4.50,3.0000,true,1,138132
7290110550226,false,מטבעות שוקולד לאפיה,,,מטבעות שוקולד לאפיה 400 גר,גרמים,400.00,100 גרם,false,1,34.90,8.7250,true,1,139492
7290110550363,false,פריכיות משולשות קינו,,,פריכיות משולשות קינואה ומלח 65 גר,גרמים,65.00,100 גרם,false,1,10.90,16.7692,true,1,138849
7290110552121,false,היוגורט הראשון שלי 1,,,היוגורט הראשון שלי 100 גר,גרמים,100.00,100 גרם,false,1,2.50,2.5000,true,1,139432
7290110552220,false,יוגורט דנונה פרו 20,,,יוגורט דנונה פרו 20 תות ללא סוכר 200 גר,גרמים,200.00,100 גרם,false,12,5.90,2.9500,true,1,137803
7290110552237,false,יוגורט דנונה פרו 20,,,יוגורט דנונה פרו 20 אפרסק מנגו ללס 200 ג,גרמים,200.00,100 גרם,false,12,5.90,2.9500,true,1,137804
7290110552817,false,מסטיק מאסט בטעם גליד,STRAUSS-ISRAEL,,מסטיק מאסט בטעם גלידה לימון 58 גר,גרמים,58.00,100 גרם,false,12,9.90,17.0690,true,1,140799
7290110553029,false,פריכיות חלבון קייל ח,,,פריכיות חלבון קייל חומוס ומלח 60 גר,גרמים,60.00,100 גרם,false,1,10.90,18.1667,true,1,138850
7290110553036,false,פריכיות חלבון בטטה ס,,,פריכיות חלבון בטטה סגולה ובצל 60 גר,גרמים,60.00,100 גרם,false,1,10.90,18.1667,true,1,138851
7290110553173,false,פריכיות אנרגי בטעם ק,,,פריכיות אנרגי בטעם קרמל 40 גר,גרמים,40.00,100 גרם,false,1,6.90,17.2500,true,1,141863
7290110553180,false,פריכיות אנרגי בטעם ת,,,פריכיות אנרגי בטעם תפוח קינמון 40 גר,גרמים,40.00,100 גרם,false,1,6.90,17.2500,true,1,141864
7290110553340,false,אייס נמס מילקשייק מל,,,אייס נמס מילקשייק מלבי 200 גר,גרמים,200.00,100 גרם,false,8,15.90,7.9500,true,1,140179
7290110554422,false,רוטב עגבניות ופלפלים,,,רוטב עגבניות ופלפלים לשקשוקה יד מרדכי,גרמים,350.00,100 גרם,false,1,10.90,3.1143,true,1,138277
7290110554460,false,חטיף ציטוס קראנץ צדר,,,חטיף ציטוס קראנץ צדר חלפיניו 65 גר,גרמים,65.00,100 גרם,false,48,4.30,6.6154,true,1,140099
7290110554545,false,קפסולות קפה אספרסו ל,,,קפסולות קפה אספרסו לאפוגטו קוקוס 50 גר,גרמים,50.00,100 גרם,false,12,15.90,31.8000,true,1,140180
7290110554583,false,מארז חטיף ציטוס פאפס,,,מארז חטיף ציטוס פאפס גבינה 20 גר 10 יח,גרמים,200.00,100 גרם,false,8,13.90,6.9500,true,1,137944
7290110554705,false,קפסולות קפה בתי קליה,,,קפסולות קפה בתי קליה יוניקו 50 גר,גרמים,50.00,100 גרם,false,1,19.90,39.8000,true,1,141860
7290110554798,false,פולי אספרסו עוצמה 08,,,פולי אספרסו עוצמה 08 250 גר,גרמים,250.00,100 גרם,false,1,24.90,9.9600,true,1,138853
7290110555306,false,רבע לשבע סינמון באן,STRAUSS-ISRAEL,,רבע לשבע סינמון באן 125 גר,גרמים,125.00,100 גרם,false,14,10.90,8.7200,true,1,140340
7290110556242,false,שוקולד מריר פרה 100,STRAUSS-ISRAEL,,שוקולד מריר פרה 100 גר,גרמים,100.00,100 גרם,false,1,5.50,5.5000,true,1,141919
7290110557027,false,חומוס 50% טחינה 400,,,חומוס 50% טחינה 400 גר,גרמים,400.00,100 גרם,false,20,13.90,3.4750,true,1,137641
7290110557102,false,מעדן חלב עם שוקולד מ,,,מעדן חלב עם שוקולד מועשר בחלבון 150 גר,גרמים,150.00,100 גרם,false,1,4.90,3.2667,true,1,135177
7290110557133,false,מעדן הגולן וניל 125,,,מעדן הגולן וניל 125 גר,גרמים,125.00,100 גרם,false,24,2.90,2.3200,true,1,136443
7290110557317,false,היוגורט הראשון שלי ע,,,היוגורט הראשון שלי עם שיבולת שועל 100 גר,גרמים,100.00,100 גרם,false,1,2.50,2.5000,true,1,139433
7290110557478,false,חומוס גלילי אחלה 600,,,חומוס גלילי אחלה 600 גר,גרמים,600.00,100 גרם,false,6,13.90,2.3167,true,1,138655
7290110557645,false,מיקס צימוקים חמוציות,,,מיקס צימוקים חמוציות אנרגי 100 גר,גרמים,100.00,100 גרם,false,1,17.90,17.9000,true,1,141456
7290110558130,false,יוגורט אקטיביה עם שי,,,יוגורט אקטיביה עם שיבולת שועל ודבש 150 ג,גרמים,150.00,100 גרם,false,24,4.60,3.0667,true,1,140182
7290110558154,false,דנונה לייט אנד פרי ע,,,דנונה לייט אנד פרי עוגת תפוחים 150 גר,גרמים,150.00,100 גרם,false,24,4.90,3.2667,true,1,141450
7290110558222,false,יוגורט דנונה בנופי פ,STRAUSS-ISRAEL,,יוגורט דנונה בנופי פאי 150 גר,גרמים,150.00,100 גרם,false,12,4.60,3.0667,true,1,141446
7290110558239,false,יוגורט דנונה קראק פא,STRAUSS-ISRAEL,,יוגורט דנונה קראק פאי 150 גר,גרמים,150.00,100 גרם,false,12,4.60,3.0667,true,1,141447
7290110558253,false,משקה דנונה ריפרש בננ,,,משקה דנונה ריפרש בננה אננס וציה 250 גר,גרמים,250.00,100 גרם,false,12,5.90,2.3600,true,1,140178
7290110558284,false,יוגורט דנונה ביו מול,STRAUSS-ISRAEL,,יוגורט דנונה ביו מולטי 200 גר,גרמים,200.00,100 גרם,false,24,3.90,1.9500,true,1,140793
7290110558307,false,יוגורט דנונה פרו 20,,,יוגורט דנונה פרו 20 גר עם שיבולת שועל,גרמים,200.00,100 גרם,false,12,5.90,2.9500,true,1,139413
7290110558314,false,דנונה פרו 20 גר ללא,,,דנונה פרו 20 גר ללא סוכר פיסטוק 200 גר,גרמים,200.00,100 גרם,false,12,5.90,2.9500,true,1,141449
7290110558666,false,מעדן גבינה דניאלה בט,STRAUSS-ISRAEL,,מעדן גבינה דניאלה בטעם תפוח 88 גר,גרמים,88.00,100 גרם,false,24,4.10,4.6591,true,1,142677
7290110559014,false,שעועית שחורה טעם הטב,,,שעועית שחורה טעם הטבע 380 גר,גרמים,380.00,100 גרם,false,16,6.90,1.8158,true,1,141441
7290110560300,false,פריכיות משולש פלפל ש,,,פריכיות משולש אנרגי פלפל שחור 30 גר,גרמים,30.00,100 גרם,false,1,5.90,19.6667,true,1,118733
7290110560317,false,פריכיות משולש מלח ים,,,פריכיות משולש אנרגי מלח ים  30 גר,גרמים,30.00,100 גרם,false,1,5.90,19.6667,true,1,118734
7290110561352,false,יוגורט דנונה דל לקטו,,,יוגורט דנונה דל לקטוז 200 גר,גרמים,200.00,100 גרם,false,1,3.60,1.8000,true,1,114425
7290110561604,false,מעדן גמדים תות בננה,,,מעדן גמדים תות בננה 100 גר שמינייה,גרמים,800.00,100 גרם,false,1,18.90,2.3625,true,1,112619
7290110563431,false,משקה אייס קפה יטבתה,,,"משקה אייס קפה יטבתה בסגנון קלאסי 230 מ""ל",מיליליטרים,230.00,"100 מ""ל",false,1,7.90,3.4348,true,1,119891
7290110563448,false,משקה אייס קפה יטבתה,,,"משקה אייס קפה יטבתה בסגנון מעודן 230 מ""ל",מיליליטרים,230.00,"100 מ""ל",false,1,7.90,3.4348,true,1,119890
7290110563462,false,חלב נטול לקטוז 2% 1,,,חלב נטול לקטוז 2% 1 ל,ליטרים,1.00,ליטר,false,1,8.50,8.5000,true,1,120403
7290110564339,false,חומוס אחלה עשיר 30%,,,חומוס אחלה עשיר 30% טחינה 400 גר,גרמים,400.00,100 גרם,false,1,13.90,3.4750,true,1,112627
7290110564360,false,חומוס אחלה עשיר 40%,,,חומוס אחלה עשיר 40% טחינה 400 גר,גרמים,400.00,100 גרם,false,1,13.90,3.4750,true,1,112628
7290110564742,false,משקה אייס קפה יטבתה,,,"משקה אייס קפה יטבתה חזק 230 מ""ל",מיליליטרים,230.00,"100 מ""ל",false,1,7.90,3.4348,true,1,119889
7290110565435,false,גלי לימבו פטל חלבי ש,STRAUSS-ISRAEL,,"ג""לי לימבו בטעם פטל",גרמים,125.00,100 גרם,false,1,2.00,1.6000,true,1,112492
7290110565527,false,יוגורט דנונה פרו עשי,,,יוגורט דנונה פרו עשיר בחלבון 200 גר,גרמים,200.00,100 גרם,false,1,5.90,2.9500,true,1,111599
7290110565572,false,קפה טורקי הל לדרך 16,STRAUSS-ISRAEL,,מארז קפה טורקי עלית לדרך עם הל 168 גר,גרמים,168.00,100 גרם,false,14,18.90,11.2500,true,1,122303
7290110566623,false,קפסולות קפה קולומביה,STRAUSS-ISRAEL,,קפסולות קולומביה 50 גר,גרמים,50.00,100 גרם,false,1,15.90,31.8000,true,1,115504
7290110566975,false,יוגורט דנונה פרו תות,,,יוגורט דנונה פרו תות 200 גר,גרמים,200.00,100 גרם,false,1,5.90,2.9500,true,1,113773
7290110568276,false,משקה יטבתה פרו וניל,,,משקה יטבתה פרו וניל 350 גר,מיליליטרים,350.00,"100 מ""ל",false,8,6.50,1.8571,true,1,115122
7290110568504,false,קונפיטורת משמש במתיק,,,קונפיטורת משמש יד מרדכי 265 גר,גרמים,265.00,100 גרם,false,6,12.90,4.8679,true,1,120964
7290110570224,false,משקה קפה קר יטבתה בט,,,משקה קפה קר יטבתה בטעם עוגיות 230 מל,מיליליטרים,230.00,"100 מ""ל",false,10,7.90,3.4348,true,1,140030
7290110570880,false,פולי אספרסו עוצמה 14,,,פולי אספרסו עוצמה 14 250 גר,גרמים,250.00,100 גרם,false,6,24.90,9.9600,true,1,139421
7290110571184,false,עדשים חומות טעם הטבע,,,עדשים חומות טעם הטבע 380 גר,גרמים,380.00,100 גרם,false,16,6.90,1.8158,true,1,141443
7290110571375,false,שקדים קוקוס ושוקולד,,,שקדים קוקוס ושוקולד אנרגי 100 גר,גרמים,100.00,100 גרם,false,1,17.90,17.9000,true,1,141457
7290110571382,false,מעדן חלב בטעם וניל מ,,,מעדן חלב בטעם וניל מועשר בחלבון 150 גר,גרמים,150.00,100 גרם,false,12,4.90,3.2667,true,1,138653
7290110571399,false,מסטיק מאסט בטעם גליד,STRAUSS-ISRAEL,,מסטיק מאסט בטעם גלידה תות 58 גר,גרמים,58.00,100 גרם,false,12,9.90,17.0690,true,1,140800
7290110571474,false,גלילי וופל רבע לשבע,הגביע מוצרי וופלים ב,,גלילי וופל רבע לשבע פופקורן 125 גר,גרמים,125.00,100 גרם,false,14,10.90,8.7200,true,1,140796
7290110571481,false,קפה נמס קמפיין משפטי,STRAUSS-ISRAEL,,קפה נמס קמפיין משפטים עלית 200 גר,גרמים,200.00,100 גרם,false,12,19.90,9.9500,true,1,140798
7290110572129,false,חטיף כיף כף מקלות שו,,,חטיף כיף כף מקלות שוקולד לבן 40 גר,גרמים,40.00,100 גרם,false,1,4.90,12.2500,true,1,142670
7290110572884,false,קפסולות קפה אספרסו 5,STRAUSS-ISRAEL,,קפסולות קפה אספרסו 50 גר,גרמים,50.00,100 גרם,false,1,15.90,31.8000,true,1,142671
7290110572969,false,חטיף כיף כף פצפצים ק,,,חטיף כיף כף פצפצים קרם לבן 40 גר,גרמים,40.00,100 גרם,false,12,4.90,12.2500,true,1,141440
7290110572976,false,חטיף כיף כף פצפצים ק,,,חטיף כיף כף פצפצים קרם לבן 135 גר,גרמים,135.00,100 גרם,false,24,9.90,7.3333,true,1,141439
7290110576318,false,שלישיית שוקולד אגוז,,,שלישיית שוקולד אגוז לבן 100 גר,גרמים,300.00,100 גרם,false,1,24.90,8.3000,true,1,141859
7290110576356,false,שוקולד ספלנדיד מריר,,,שוקולד ספלנדיד מריר פרו 100 גר,גרמים,100.00,100 גרם,false,1,8.90,8.9000,true,1,140981
7290110576363,false,שוקולד ספלנדיד מריר,,,שוקולד ספלנדיד מריר אוגנדה 100 גר,גרמים,100.00,100 גרם,false,1,8.90,8.9000,true,1,140982
7290110576370,false,שלישיית שוקולד אגוז,,,שלישיית שוקולד אגוז מריר 100 גר,גרמים,300.00,100 גרם,false,1,24.90,8.3000,true,1,141858
7290110576387,false,שלישיית שוקולד אגוז,,,שלישיית שוקולד אגוז חלב 100 גר,גרמים,300.00,100 גרם,false,1,24.90,8.3000,true,1,141857
7290110576752,false,שוקולד ספלנדיד מריר,STRAUSS-ISRAEL,,שוקולד ספלנדיד מריר 70% 100 גר,גרמים,100.00,100 גרם,false,1,9.90,9.9000,true,1,142672
7290110576776,false,שוקולד ספלנדיד מריר,STRAUSS-ISRAEL,,שוקולד ספלנדיד מריר 85% 100 גר,גרמים,100.00,100 גרם,false,1,9.90,9.9000,true,1,142673
7290110576868,false,גבינה לבנה גמדים סלט,STRAUSS-ISRAEL,,גבינה לבנה גמדים סלט פירות 100 גר רביעיה,גרמים,400.00,100 גרם,false,12,11.20,2.8000,true,1,142680
7290111090134,false,מגבוני רענון לידיים,,,מגבונים I-CARE ריענון שלישייה,Unknown,0.00,Unknown,false,15,7.90,0.0000,true,1,119245
7290111091520,false,תחליב רחצה קלאסי דוק,,,תחליב רחצה קלאסי דוקטור אור קוקוס 700 מל,מיליליטרים,700.00,"100 מ""ל",false,12,14.90,2.1286,true,1,123715
7290111093005,false,מגבונים להסרת איפור,,,מגבונים I-CARE להסרת איפור 25 יח,Unknown,0.00,Unknown,false,24,7.90,0.0000,true,1,119244
7290111093470,false,מסיר הפלא קוויק ספוג,,,מסיר הפלא קוויק ספוגית להסרת כתמים,Unknown,0.00,Unknown,false,1,9.90,0.0000,true,1,140175
7290111093760,false,מגבונים לחים קוויק ל,,,מגבונים לחים קוויק לניקוי רצפות מרכך 10,Unknown,0.00,Unknown,false,12,10.90,0.0000,true,1,138563
7290111094613,false,מגבונים לניקוי משקפי,,,מגבונים I-CARE לניקוי משקפיים 24 יח,Unknown,0.00,Unknown,false,24,7.90,0.0000,true,1,119243
7290111096921,false,מגבונים לניקוי כללי,,,מגבונים לניקוי כללי קוויק חומץ מלח לימון,Unknown,0.00,Unknown,false,18,8.90,0.0000,true,1,135351
7290111286537,false,שוקולד לב גדול באריז,,,שוקולד לב גדול באריזת מתנה 45 גר,גרמים,45.00,100 גרם,false,1,8.90,19.7778,true,1,109666
7290111287008,false,בקבוק טריטן שקוף ירו,,,"בקבוק טריטן שקוף ירוק 708 מ""ל",Unknown,0.00,Unknown,false,1,24.90,0.0000,true,1,109692
7290111340178,false,מטליות לחות לניקוי כ,עלבד,,מטליות לחות לניקוי כללי דוחה אבק 50 יח,Unknown,0.00,Unknown,false,1,10.90,0.0000,true,1,108880
7290111340185,false,מטליות לחות רצפה בני,עלבד,,מטליות לחות רצפה בניחוח מרכך כביסה 10 יח,Unknown,0.00,Unknown,false,1,10.90,0.0000,true,1,108881
7290111340956,false,מטליות לחות רצפה ספא,עלבד,,מטליות לחות רצפה ספא בניחוח מרכך כביסה,Unknown,0.00,Unknown,false,12,10.90,0.0000,true,1,112591
7290111341366,false,מפיות אירוח 150 יח ז,חוגלה קימברלי,,מפיות אירוח 150 יח זוג ניקול,Unknown,0.00,Unknown,false,1,7.90,0.0000,true,1,122899
7290111341984,false,נייר טואלט לח לילי ר,,,נייר טואלט לח לילי רביעייה,Unknown,0.00,Unknown,false,1,19.90,0.0000,true,1,123713
7290111341991,false,נייר טואלט לח לילי ס,עלבד,,נייר טואלט לח לילי סופרים 48 יח,Unknown,0.00,Unknown,false,1,7.90,0.0000,true,1,122015
7290111342004,false,נייר טואלט לח לילי ק,עלבד,,נייר טואלט לח לילי קידס 56 יח,Unknown,0.00,Unknown,false,1,7.90,0.0000,true,1,122014
7290111342042,false,כריות יפניות אנטיבקט,,,כריות יפניות אנטיבקטריאלי ניקול,Unknown,0.00,Unknown,false,1,10.90,0.0000,true,1,126019
7290111342059,false,מטליות לחות אנטיבקטר,,,מטליות לחות אנטיבקטריאלי ניקול,Unknown,0.00,Unknown,false,1,10.90,0.0000,true,1,126021
7290111342073,false,מטליות מיקרופייב אנט,,,זוג מטליות מיקרופייב אנטיבקטריאלי ניקול,Unknown,0.00,Unknown,false,1,15.80,0.0000,true,1,126020
7290111343117,false,טישו לושן סופט קלינק,,,מארז זוגי קלינקס ממחטות לושן,Unknown,0.00,Unknown,false,30,13.90,0.0000,true,1,131136
7290111343841,false,ספוגית הקסם נירוסטה,,,ספוגית הקסם נירוסטה ניקול 3 יח,Unknown,0.00,Unknown,false,1,10.90,0.0000,true,1,129157
7290111343858,false,מטליות לחות לניקוי ו,,,מטליות לחות לניקוי וחיטוי הרצפה אנטיבקטר,Unknown,0.00,Unknown,false,1,10.90,0.0000,true,1,127784
7290111344138,false,מטליות רב שימושיות,,,מטליות רב שימושיות אנטיבקטריאליות 6 יח,Unknown,0.00,Unknown,false,1,10.90,0.0000,true,1,127787
7290111344145,false,מטליות מיקרופייבר לר,,,מטליות מיקרופייבר לרצפה מארז זוג,Unknown,0.00,Unknown,false,1,21.90,0.0000,true,1,133304
7290111344206,false,רביעיית מגבוני האגיס,,,רביעיית מגבוני האגיס נטורל קייר מבושם,Unknown,0.00,Unknown,false,1,21.90,0.0000,true,1,137132
7290111344565,false,שקיות דאבל זיפר,,,שקיות דאבל זיפר,Unknown,0.00,Unknown,false,1,13.90,0.0000,true,1,141602
7290111344732,false,ממחטות קלינקס אלרגי,,,ממחטות קלינקס אלרגי קומפורט,Unknown,0.00,Unknown,false,1,14.80,0.0000,true,1,133363
7290111344855,false,מגן תחתון קוטקס אקסט,,,מגן תחתון קוטקס אקסטרא פרוטקט לארג,Unknown,0.00,Unknown,false,1,16.80,0.0000,true,1,138602
7290111344879,false,מגן תחתון קוטקס 2 ב,,,מגן תחתון קוטקס 2 ב 1 לארג,Unknown,0.00,Unknown,false,1,16.80,0.0000,true,1,138603
7290111344916,false,כריות יפניות אנטיבקט,,,כריות יפניות אנטיבקטריאליות ניקול 6 יח,Unknown,0.00,Unknown,false,1,10.80,0.0000,true,1,133361
7290111344930,false,מטליות לחות רצפה ספא,עלבד,,מטליות לחות רצפה ספא בניחוח מרכך כביסה,Unknown,0.00,Unknown,false,12,10.90,0.0000,true,1,136458
7290111346293,false,נייר מגבת מהדורה 6 י,,,נייר מגבת מהדורה 6 יח,Unknown,0.00,Unknown,false,1,11.90,0.0000,true,1,139747
7290111350047,false,תמרים מגולענים 500 ג,,,תמרים מגולענים 500 גר,גרמים,500.00,100 גרם,false,1,12.90,2.5800,true,1,134735
7290111350665,false,דבש טהור לחיץ קליית,,,דבש טהור לחיץ קליית גת 350 גר,גרמים,350.00,100 גרם,false,1,19.90,5.6857,true,1,123041
7290111350672,false,דבש טהור קליית גת 70,,,דבש טהור קליית גת 700 גר בצנצנת,גרמים,700.00,100 גרם,false,1,29.90,4.2714,true,1,123042
7290111350726,false,חטיף תירס נאצוס בסגנ,,,חטיף תירס נאצוס בסגנון מקסיקני 322 גר,גרמים,322.00,100 גרם,false,1,15.90,4.9379,true,1,121566
7290111353680,false,גרעיני חמניה קליית ג,,,גרעיני חמניה קליית גת 350 גר,גרמים,350.00,100 גרם,false,12,11.90,3.4000,true,1,136539
7290111563492,false,סלטי צבר מטבוחה חריפ,צבר,,סלטי צבר מטבוחה חריפה  400 גר,גרמים,400.00,100 גרם,false,1,12.90,3.2250,true,1,114029
7290111564277,false,פריכיות פיטנס 3 דגני,,,פריכיות פיטנס 3 דגנים דקות 120 גר,גרמים,120.00,100 גרם,false,1,9.90,8.2500,true,1,108672
7290111564727,false,עוגיות קרמוגית במילו,אסם,,עוגיות קרמוגית במילוי קרם אגוזים 200 גר,גרמים,200.00,100 גרם,false,1,9.90,4.9500,true,1,111694
7290111565038,false,לה קרמריה וניל קוקיל,,,לה קרמריה וניל קוקילידה 1.4 ל,ליטרים,1.40,ליטר,false,1,21.90,15.6429,true,1,114691
7290111566226,false,טבעול שניצל ברוקולי,טבעול ישראל,,טבעול שניצל ברוקולי 667 גר,גרמים,667.00,100 גרם,false,1,29.90,4.4828,true,1,112784
7290111566332,false,טבעול נקניקיה וינר 6,טבעול ישראל,,טבעול נקניקיה וינר 680 גר,גרמים,680.00,100 גרם,false,1,29.90,4.3971,true,1,112782
7290111566547,false,טבעול חזה בגריל צמחי,טבעול ישראל,,טבעול חזה בגריל צמחי 560 גר,גרמים,560.00,100 גרם,false,1,29.90,5.3393,true,1,112793
7290111566561,false,שניצל ברוקולי טבעול,טבעול ישראל,,שניצל ברוקולי טבעול 560 גר,גרמים,560.00,100 גרם,false,1,29.90,5.3393,true,1,112789
7290111566585,false,טבעול שניצל מן הצומח,טבעול ישראל,,טבעול שניצל מן הצומח 650 גר,גרמים,650.00,100 גרם,false,1,29.90,4.6000,true,1,112792
7290111566660,false,טבעול קציצות עדשים 5,טבעול ישראל,,טבעול קציצות עדשים 530 גר,גרמים,530.00,100 גרם,false,1,29.90,5.6415,true,1,112785
7290111566691,false,שניצל תרד טבעול 99 ק,,,שניצל תרד טבעול 99 קלוריות 560 גר,גרמים,560.00,100 גרם,false,1,29.90,5.3393,true,1,112790
7290111566714,false,טבעול המבורגר לייט 6,טבעול ישראל,,טבעול המבורגר לייט 600 גר,גרמים,600.00,100 גרם,false,1,29.90,4.9833,true,1,112791
7290111566752,false,שניצל תירס לייט טבעו,טבעול ישראל,,שניצל תירס לייט טבעול 693 גר,גרמים,693.00,100 גרם,false,1,29.90,4.3146,true,1,112788
7290111568206,false,ביסלי פארטי מיקס 150,אסם,,ביסלי פארטי מיקס 150 גר,גרמים,150.00,100 גרם,false,1,7.90,5.2667,true,1,114010
7290111873010,false,אצבעות שוקולד הלו קי,,,אצבעות שוקולד הלו קיטי ממולא קרם חלב 50,גרמים,50.00,100 גרם,false,1,4.90,9.8000,true,1,116790
7290111873041,false,שוקולד מפרץ הרפתקאות,,,שוקולד מפרץ הרפתקאות ממולא קרם חלב,גרמים,50.00,100 גרם,false,1,4.90,9.8000,true,1,116793
7290111930799,false,קראנצוס מנה בצל 70 ג,,,קראנצוס מנה בצל 70 גר,גרמים,70.00,100 גרם,false,1,3.90,5.5714,true,1,109959
7290111930805,false,קראנצוס מנה ברביקיו,,,קראנצוס מנה ברביקיו 70 גר,גרמים,70.00,100 גרם,false,1,3.90,5.5714,true,1,109960
7290111930928,false,חטיף פוף לבבות גריל,מנה,,חטיף פוף לבבות גריל 40 גר,גרמים,40.00,100 גרם,false,1,4.90,12.2500,true,1,110899
7290111932779,false,קרם גוף בלונס במרקם,,,קרם גוף בלונס במרקם מוס מעושר בפטאיה 150,מיליליטרים,150.00,"100 מ""ל",false,1,19.90,13.2667,true,1,142577
7290111932786,false,גל לניקוי פנים בלונס,,,גל לניקוי פנים בלונס רגיל יבש 250 מל,מיליליטרים,250.00,"100 מ""ל",false,1,19.90,7.9600,true,1,142579
7290111932793,false,גל לניקוי פנים בלונס,,,גל לניקוי פנים בלונס שמן מעורב 250 מל,מיליליטרים,250.00,"100 מ""ל",false,1,19.90,7.9600,true,1,142580
7290111933547,false,פירורי גריסיני מאסטר,מנה,IL,פירורי גריסיני מאסטר שף 200 גר,גרמים,200.00,100 גרם,false,20,5.80,2.9000,true,1,127663
7290111933554,false,עגבניות מאסטר שף קוב,,IT,עגבניות מאסטר שף קוביות 400 גר שלישייה,גרמים,1200.00,100 גרם,false,8,14.90,1.2417,true,1,116391
7290111935961,false,מחית עגבניות מאסטר ש,קליסה,IT,מחית עגבניות מאסטר שף 690 גר,גרמים,690.00,100 גרם,false,12,9.90,1.4348,true,1,120700
7290111936210,false,ליידי ספיד סטיק ספרי,CP- China-SH,MX,ליידי ספיד סטיק ספריי דרמה פנינה,מיליליטרים,150.00,"100 מ""ל",false,12,14.90,9.9333,true,1,122439
7290111937262,false,מארז חטיפים פרי תמרי,טבעית מוצרים מן הטבע,IL,מארז חטיפים פרי תמרים אגוזים ושברי קקאו,גרמים,125.00,100 גרם,false,12,13.80,11.0400,true,1,119872
7290111937729,false,קרם גוף בלונס שקדים,,,קרם גוף בלונס שקדים 200 מל,מיליליטרים,200.00,"100 מ""ל",false,1,19.90,9.9500,true,1,142576
7290111938498,false,רוטב סויה בהירה מאסט,תאי,TH,"רוטב סויה בהירה  מאסטר שף 700 מ""ל",מיליליטרים,700.00,"100 מ""ל",false,12,12.90,1.8429,true,1,124873
7290111939174,false,ניילון נצמד קוקי עם,,,ניילון נצמד קוקי עם גומי מידה L,Unknown,0.00,Unknown,false,1,9.90,0.0000,true,1,125719
7290111939181,false,ניילון נצמד קוקי עם,,,ניילון נצמד קוקי עם גומי מיקס 20 יח,Unknown,0.00,Unknown,false,1,9.90,0.0000,true,1,125720
7290112000736,false,טבליות פיניש אול אין,רקיט,,טבליות פיניש אול אין וואן 80 יח,גרמים,1280.00,100 גרם,false,1,59.90,4.6797,true,1,115204
7290112001023,false,אירוויק מילוי פרשמטי,רקיט,,אירוויק מילוי פרשמטיק פיור תענוגות האביב,מיליליטרים,250.00,"100 מ""ל",false,1,14.90,5.9600,true,1,118674
7290112001030,false,אירוויק מילוי פרשמטי,רקיט,,אירוויק מילוי פרשמטיק פיור פריחת הדובדבן,Unknown,0.00,Unknown,false,1,14.90,0.0000,true,1,118675
7290112001122,false,טבליות למדיח פיניש א,,,טבליות למדיח פיניש אול ין ואן 52 יח,Unknown,0.00,Unknown,false,1,37.90,0.0000,true,1,120495
7290112001436,false,פיניש מנקה ומחדש בני,,,פיניש מנקה ומחדש בניחוח לימון,Unknown,0.00,Unknown,false,1,14.90,0.0000,true,1,129012
7290112002099,false,גל כביסה קולון כחול,,,גל כביסה קולון כחול 2.5 ל,ליטרים,2.50,ליטר,false,1,24.90,9.9600,true,1,124642
7290112002112,false,גל כביסה קולון בניחו,,,גל כביסה קולון בניחוח ורדים ורוד 2.5 ל,ליטרים,2.50,ליטר,false,1,24.90,9.9600,true,1,124641
7290112002129,false,גל כביסה קולון בניחו,,,גל כביסה קולון בניחוח מרענן ירוק 2.5 ל,ליטרים,2.50,ליטר,false,1,24.90,9.9600,true,1,124643
7290112002136,false,גל כביסה קולון כחול,,,גל כביסה קולון כחול 4 ל,ליטרים,4.00,ליטר,false,1,35.90,8.9750,true,1,125130
7290112002150,false,קולון גל בניחוח ורדי,,,קולון גל 4 ל בניחוח ורדים,ליטרים,4.00,ליטר,false,1,35.90,8.9750,true,1,129010
7290112002167,false,קולון גל ירוק בניחוח,,,קולון גל 4 ל ירוק בניחוח מרנען,ליטרים,4.00,ליטר,false,1,35.90,8.9750,true,1,129011
7290112003188,false,קולון גל קפסולות 60,,IT,קולון גל קפסולות 60 יח,Unknown,0.00,Unknown,false,1,49.90,0.0000,true,1,129832
7290112003959,false,אבקה להסרת כתמים וני,,,אבקה להסרת כתמים וניש ורוד 470 גר,גרמים,470.00,100 גרם,false,12,14.80,3.1489,true,1,136533
7290112003966,false,אבקה להסרת כתמים וני,,,אבקה להסרת כתמים וניש לבן הלבנה 470 גר,גרמים,470.00,100 גרם,false,12,14.80,3.1489,true,1,136534
7290112003973,false,אבקה להסרת כתמים וני,,,אבקה להסרת כתמים וניש ורוד 1.35 קג,קילוגרמים,1.35,"ק""ג",false,6,29.80,22.0741,true,1,136531
7290112003980,false,אבקה להסרת כתמים וני,,,אבקה להסרת כתמים וניש לבן הלבנה 1.35 קג,קילוגרמים,1.35,"ק""ג",false,6,29.80,22.0741,true,1,136532
7290112004161,false,אירוויק מילוי פרשמטי,,,אירוויק מילוי פרשמטיק פיור בניחוח עשבי,Unknown,0.00,Unknown,false,1,14.90,0.0000,true,1,139679
7290112004413,false,וניש אוקסי ספריי לבן,,,וניש אוקסי ספריי לבן להסרת כתמים 750 מל,מיליליטרים,750.00,"100 מ""ל",false,1,16.90,2.2533,true,1,139678
7290112004611,false,גל מרוכז לטיפול בכתמ,,,גל מרוכז לטיפול בכתמים וניש 200 מל,מיליליטרים,200.00,"100 מ""ל",false,1,16.90,8.4500,true,1,138605
7290112004963,false,קפסולות פיניש אולטימ,,,קפסולות פיניש אולטימיט 25 יח,Unknown,0.00,Unknown,false,1,39.90,0.0000,true,1,141814
7290112004970,false,קפסולות פיניש אולטימ,,,קפסולות פיניש אולטימיט 50 יח,Unknown,0.00,Unknown,false,1,59.90,0.0000,true,1,141815
7290112005045,false,אבקה לבן וניש גולד 4,,,אבקה לבן וניש גולד 480 גר,גרמים,480.00,100 גרם,false,1,16.90,3.5208,true,1,142828
7290112190635,false,מגבונים לחים ירוק 72,,,מגבונים לחים ירוק 72 יח,Unknown,0.00,Unknown,false,1,3.90,0.0000,true,1,138364
7290112330352,false,יוגורט דנונה פרו וני,,,יוגורט דנונה פרו וניל 0% 200 גר,גרמים,200.00,100 גרם,false,12,5.90,2.9500,true,1,121605
7290112330390,false,יוגורט דנונה פרו פיר,,,יוגורט דנונה פרו פירות יער0% 200 גר,גרמים,200.00,100 גרם,false,12,5.90,2.9500,true,1,121606
7290112332585,false,פריכיות משולש סלק ומ,,,"פריכיות משולש תפו""א/אורז סלק ומלח ים 30",גרמים,30.00,100 גרם,false,24,5.90,19.6667,true,1,121978
7290112332691,false,עוגיות עלית קרם פסק,,,עוגיות עלית קרם פסק זמן 200 גר,גרמים,200.00,100 גרם,false,14,10.90,5.4500,true,1,122326
7290112332875,false,מסטיק מאסט מנטה עדינ,,,מסטיק מאסט קוביות מנטה עדינה 86 גר,גרמים,86.00,100 גרם,false,12,14.90,17.3256,true,1,121593
7290112332899,false,מסטיק בזוקה פופים קל,STRAUSS-ISRAEL,,מסטיק בזוקה פופיס קלאסי 58 גר,גרמים,58.00,100 גרם,false,12,9.90,17.0690,true,1,121977
7290112334749,false,קפה טורקי קלוי וטחון,STRAUSS-ISRAEL,,קפה טורקי עלית שקית תוספת 10%,גרמים,220.00,100 גרם,false,24,14.90,6.7727,true,1,122108
7290112335050,false,מרשמלו עלית בטעם וני,STRAUSS-ISRAEL,,"מרשמלו עלית בטעם וניל 150 גר כשל""פ",גרמים,150.00,100 גרם,false,1,5.90,3.9333,true,1,120639
7290112335111,false,מסטיק בזוקה קוביות 8,,,מסטיק מאסט קוביות בטעם בזוקה 86 גר,גרמים,86.00,100 גרם,false,12,14.90,17.3256,true,1,121592
7290112335487,false,הפריכיות הטעימות קצח,,,הפריכיות הטעימות קצח ודגנים 135 גר,גרמים,135.00,100 גרם,false,12,11.90,8.8148,true,1,121595
7290112335494,false,הפריכיות הטעימות פוט,,,הפריכיות הטעימות פוטטוס 135 גר,גרמים,135.00,100 גרם,false,12,11.90,8.8148,true,1,121594
7290112335500,false,הפריכיות הטעימות חלב,,,הפריכיות הטעימות חלבון 135 גר,גרמים,135.00,100 גרם,false,12,11.90,8.8148,true,1,121597
7290112336637,false,סוכריות מאסט יוגורט,MIESZKO S.A - MS. JO,,סוכריות מאסט יוגורט תות אוכמניות ללא סוכ,גרמים,80.00,100 גרם,false,12,6.90,8.6250,true,1,123534
7290112336644,false,סוכריות מאסט ללא סוכ,MIESZKO S.A - MS. JO,,סוכריות מאסט לימון ללא סוכר 80 גר,גרמים,80.00,100 גרם,false,12,6.90,8.6250,true,1,123535
7290112336651,false,סוכריות מאסט ללא סוכ,MIESZKO S.A - MS. JO,,סוכריות מאסט ריבת חלב ללא סוכר 80 גר,גרמים,80.00,100 גרם,false,12,6.90,8.6250,true,1,123538
7290112336712,false,יוגורט דנונה פרו 21,,,יוגורט דנונה פרו 21 0% 200 גר,גרמים,200.00,100 גרם,false,1,5.90,2.9500,true,1,120402
7290112337474,false,סוכריות מאסט ללא סוכ,MIESZKO S.A - MS. JO,,סוכריות מאסט פטל לימון ללא סוכר 80 גר,גרמים,80.00,100 גרם,false,12,6.90,8.6250,true,1,123536
7290112337481,false,סוכריות מאסט ללא סוכ,MIESZKO S.A - MS. JO,,סוכריות מאסט קפוצינו ללא סוכר 80 גר,גרמים,80.00,100 גרם,false,12,6.90,8.6250,true,1,123537
7290112338877,false,מעדן גבינה סקי תות 1,STRAUSS-ISRAEL,,מעדן גבינה סקי תות 125 גר,גרמים,125.00,100 גרם,false,24,3.70,2.9600,true,1,119067
7290112339362,false,יוגורט דנונה לייט אנ,,,יוגורט דנונה לייט אנד פריי בטעם קפוצינו,גרמים,150.00,100 גרם,false,24,4.90,3.2667,true,1,124459
7290112339867,false,גבינה לבנה גמדים סקו,,,גבינה לבנה גמדים סקוויז תות לדרך 100 גר,גרמים,100.00,100 גרם,false,1,5.90,5.9000,true,1,119883
7290112339874,false,גבינה לבנה גמדים סקו,,,גבינה לבנה גמדים סקוויז תות בננה  לדרך,גרמים,100.00,100 גרם,false,1,5.90,5.9000,true,1,119884
7290112340122,false,הפריכיות הטעימות 3 ד,,,הפריכיות הטעימות 3 דגנים 135 גר,גרמים,135.00,100 גרם,false,12,11.90,8.8148,true,1,121596
7290112340245,false,מסטיק מאסט בטעם דובד,,,מסטיק מאסט דובדבן בצנצנת 66 גר,גרמים,66.00,100 גרם,false,12,9.90,15.0000,true,1,120963
7290112340252,false,מסטיק מאסט אבטיח מלו,,,מסטיק מאסט אבטיח מלון 66 גר,גרמים,66.00,100 גרם,false,12,9.90,15.0000,true,1,120962
7290112340276,false,עוגיות עלית קרם קפה,,,עוגיות עלית קרם קפה 200 גר,גרמים,200.00,100 גרם,false,14,10.90,5.4500,true,1,122327
7290112341556,false,יוגורט אקטיביה עם צי,,,יוגורט אקטיביה עם ציה ותות 150 גר,גרמים,150.00,100 גרם,false,24,4.60,3.0667,true,1,123507
7290112341679,false,יוגורט אקטיביה 3% 20,,,יוגורט אקטיביה 3% 200 גר,גרמים,200.00,100 גרם,false,24,3.90,1.9500,true,1,123509
7290112342102,false,גבינת שמנת סימפוניה,,,גבינת שמנת סימפוניה בצל מקורמל 5%  200 ג,גרמים,200.00,100 גרם,false,12,10.90,5.4500,true,1,125779
7290112342195,false,חטיף תפוציפס מקלות ט,STRAUSS-ISRAEL,,תפוציפס מקלות טבעי 200 גר,גרמים,200.00,100 גרם,false,12,10.90,5.4500,true,1,125342
7290112342515,false,דוריטוס קול ראנצ 55,STRAUSS-ISRAEL,,דוריטוס קול ראנצ 55 גר,גרמים,55.00,100 גרם,false,48,3.20,5.8182,true,1,125276
7290112343260,false,רוטב שמנת קלאסי יטבת,STRAUSS-ISRAEL,,רוטב שמנת קלאסי יטבתה 260 גר,גרמים,260.00,100 גרם,false,18,10.90,4.1923,true,1,125201
7290112343420,false,משקה חלב יטבתה פרו א,,,"משקה חלב יטבתה פרו ארוחת בוקר 350 מ""ל",מיליליטרים,350.00,"100 מ""ל",false,6,7.90,2.2571,true,1,125196
7290112343499,false,חטיף ציטוס פאפס בטעם,STRAUSS-ISRAEL,,ציטוס פאפס בטעם גבינה 55 גר,גרמים,55.00,100 גרם,false,48,3.40,6.1818,true,1,135402
7290112343512,false,חטיף ציטוס פאפס בטעם,STRAUSS-ISRAEL,,חטיף ציטוס פאפס בטעם גבינה 160 גר,גרמים,160.00,100 גרם,false,9,6.90,4.3125,true,1,135403
7290112344724,false,מעדן מילקי בטעם שוקו,,,מעדן מילקי בטעם שוקולד בלונדי 170 גר,גרמים,170.00,100 גרם,false,24,3.40,2.0000,true,1,125204
7290112344755,false,מילקי 26% פחות סוכר,STRAUSS-ISRAEL,,מילקי 26% פחות סוכר 135 גר,גרמים,135.00,100 גרם,false,24,2.90,2.1481,true,1,131627
7290112344786,false,קפה פלטינום קלאסיק 2,STRAUSS-ISRAEL,,קפה פלטינום קלאסיק 200 גר,גרמים,200.00,100 גרם,false,6,24.90,12.4500,true,1,126095
7290112344953,false,גבינת שמנת סימפוניה,,,גבינת שמנת סימפוניה חציל קלוי 200 גר,גרמים,200.00,100 גרם,false,12,10.90,5.4500,true,1,130890
7290112346360,false,בפלות אחת אחת בציפוי,הגביע מוצרי וופלים ב,,בפלות אחת אחת בציפוי שוקולד 240 גר,גרמים,180.00,100 גרם,false,10,13.90,7.7222,true,1,138858
7290112346537,false,עוגיות פינוקיות טורט,,,פינוקיות עוגיות עלית בטעם טורטית 200 גר,גרמים,200.00,100 גרם,false,14,10.90,5.4500,true,1,125230
7290112346629,false,יוגורט עם קורנפלקס מ,STRAUSS-ISRAEL,,יוגורט עם קורנפלקס מצופה שוקולד חלב ולבן,גרמים,172.00,100 גרם,false,24,4.50,2.6163,true,1,128017
7290112346773,false,יוגורט דנונה לייט אנ,,,יוגורט דנונה לייט אנד פריי וניל עם חלבון,גרמים,150.00,100 גרם,false,24,4.90,3.2667,true,1,131938
7290112346797,false,יוגורט אקטיביה שיבול,,,יוגורט אקטיביה שיבולת שועל ושזיף 150 גר,גרמים,150.00,100 גרם,false,24,4.60,3.0667,true,1,126855
7290112347008,false,גמדים ארוחת בוקר תות,,,גמדים ארוחת בוקר תות סקוויז 100 גר,גרמים,100.00,100 גרם,false,7,5.90,5.9000,true,1,125192
7290112347473,false,יוגורט דנונה לייט &,,,יוגורט דנונה לייט אנד פריי תות אפרסק 8,גרמים,1200.00,100 גרם,false,3,26.90,2.2417,true,1,124460
7290112348142,false,שעועית לבנה 380 גר,,,שעועית לבנה 380 גר,גרמים,380.00,100 גרם,false,1,6.90,1.8158,true,1,127506
7290112348586,false,קפה נמס אייס קלאסי 2,,,קפה נמס אייס קלאסי 200 גר,גרמים,200.00,100 גרם,false,12,15.90,7.9500,true,1,127335
7290112348616,false,קפה נמס אגוזי לוז 10,,,קפה נמס אגוזי לוז 100 גר,גרמים,100.00,100 גרם,false,8,15.90,15.9000,true,1,129480
7290112348999,false,הפריכיות הטעימות תיר,,,הפריכיות הטעימות תירס דקות 135 גר,גרמים,135.00,100 גרם,false,18,11.90,8.8148,true,1,131637
7290112349316,false,מסטיק בזוקה פופים בט,,,מסטיק בזוקה ביג פופים בטעם תות 86 גר,גרמים,86.00,100 גרם,false,12,14.90,17.3256,true,1,126866
7290112349606,false,מעדן גבינה דניאלה תו,STRAUSS-ISRAEL,,מעדן גבינה דניאלה תות בננה 88 גר,גרמים,88.00,100 גרם,false,24,4.10,4.6591,true,1,137799
7290112349705,false,רוטב עגבניות פומודור,,,רוטב עגבניות פומודורו לפסטה יד מרדכי,גרמים,350.00,100 גרם,false,1,10.90,3.1143,true,1,126108
7290112349736,false,רוטב עגבניות לפסטה ב,,,רוטב עגבניות לפסטה בזיליקום יד מרדכי,גרמים,350.00,100 גרם,false,1,10.90,3.1143,true,1,126107
7290112349750,false,רוטב עגבניות לפיצה י,,,רוטב עגבניות לפיצה יד מרדכי 350 גר,גרמים,350.00,100 גרם,false,1,10.90,3.1143,true,1,126105
7290112350275,false,קפסולות קפה לונגו וא,STRAUSS-ISRAEL,,קפסולות קפה עלית לונגו 55 גר,גרמים,55.00,100 גרם,false,12,15.90,28.9091,true,1,126094
7290112350312,false,קפסולות קפה חזק במיו,,,קפסולות קפה עלית חזק במיוחד 50 גר,גרמים,50.00,100 גרם,false,1,15.90,31.8000,true,1,128016
7290112351258,false,עוגיות עלית פינוקיות,,,עוגיות עלית פינוקיות שחור לבן 200 גר,גרמים,200.00,100 גרם,false,14,10.90,5.4500,true,1,129247
7290112351463,false,סוכריות פרש פטל ולימ,ALPRO,,שלישייה סוכריות בטעם פטל ולימון 45 גר,גרמים,45.00,100 גרם,false,8,9.90,22.0000,true,1,128074
7290112351470,false,סוכריות בטעם רימון ת,,,שלישייה סוכריות בטעם רימון תות 45 גר,גרמים,45.00,100 גרם,false,8,9.90,22.0000,true,1,128075
7290112353412,false,פריכיות משולש תפוא/ת,,,"פריכיות משולש תפו""א/תירס/אפונה/סלק/מלח",גרמים,30.00,100 גרם,false,24,5.90,19.6667,true,1,128891
7290112353887,false,משקה אייס קפה יטבתה,,,משקה אייס קפה יטבתה בטעם אגוזים 230 מל,מיליליטרים,230.00,"100 מ""ל",false,1,7.90,3.4348,true,1,128646
7290112354945,false,חטיף תפוציפס טבעי 50,STRAUSS-ISRAEL,,חטיף תפוציפס טבעי 50 גר,גרמים,50.00,100 גרם,false,1,3.90,7.8000,true,1,142470
7290112354952,false,חטיף תפוציפס בטעם פפ,STRAUSS-ISRAEL,,חטיף תפוציפס בטעם פפריקה 50 גר,גרמים,50.00,100 גרם,false,1,3.90,7.8000,true,1,142471
7290112355027,false,יוגורט דנונה פרו קרמ,,,יוגורט דנונה פרו קרמל מלוח 200 גר,גרמים,200.00,100 גרם,false,12,5.90,2.9500,true,1,131625
7290112355102,false,גמדים פאוץ סלט פירות,,,גמדים פאוץ סלט פירות 100 גר,גרמים,100.00,100 גרם,false,7,5.90,5.9000,true,1,131891
7290112355775,false,גבינת סימפוניה עירית,STRAUSS-ISRAEL,,גבינת סימפוניה עירית 200 גר,גרמים,200.00,100 גרם,false,12,10.90,5.4500,true,1,141445
7290112357045,false,עגבניות איטלקיות מרו,,,עגבניות איטלקיות מרוסקות 390 גר,גרמים,390.00,100 גרם,false,1,6.90,1.7692,true,1,127511
7290112357076,false,קוביות עגבניות איטלק,,,קוביות עגבניות איטלקיות 390 גר,גרמים,390.00,100 גרם,false,16,6.90,1.7692,true,1,129248
7290112357083,false,אפונה גינה 380 גר,,,אפונה גינה 380 גר,גרמים,380.00,100 גרם,false,1,6.90,1.8158,true,1,127509
7290112357106,false,שעועית אדומה 380 גר,,,שעועית אדומה 380 גר,גרמים,380.00,100 גרם,false,1,6.90,1.8158,true,1,127507
7290112357113,false,גרגרי חומוס 380 גר,,,גרגרי חומוס 380 גר,גרמים,380.00,100 גרם,false,1,6.90,1.8158,true,1,127508
7290112357175,false,קפסולות קפה בוסט 50,STRAUSS-ISRAEL,,קפסולות קפה עלית בוסט 50 גר,גרמים,50.00,100 גרם,false,12,15.90,31.8000,true,1,126093
7290112357892,false,סוכריות פרש מנטה 15,,,שלישייה סוכריות מנטה 45 גר,גרמים,45.00,100 גרם,false,8,9.90,22.0000,true,1,128073
7290112358004,false,חטיף שוקולד פסק זמן,STRAUSS-ISRAEL,,פסק זמן קראנץ 32 גר,גרמים,32.00,100 גרם,false,1,4.90,15.3125,true,1,130897
7290112358127,false,יוגורט דנונה פרו 20,,,יוגורט דנונה פרו 20 גר עם מגנזיום 200 גר,גרמים,200.00,100 גרם,false,1,5.90,2.9500,true,1,130892
7290112358219,false,רוטב יד מרדכי צילי מ,,,רוטב יד מרדכי צילי מתוק  300 גר,גרמים,300.00,100 גרם,false,1,13.90,4.6333,true,1,128636
7290112358233,false,רוטב יד מרדכי צילי ח,,,רוטב יד מרדכי  צילי חריף 300 גר,גרמים,300.00,100 גרם,false,1,13.90,4.6333,true,1,128898
7290112358240,false,רוטב יד מרדכי גריל 3,,,רוטב יד מרדכי גריל 300 גר,גרמים,300.00,100 גרם,false,9,13.90,4.6333,true,1,127332
7290112358257,false,רוטב יד מרדכי עוף עם,,,רוטב יד מרדכי עוף עם שזיפים 300 גר,גרמים,300.00,100 גרם,false,9,13.90,4.6333,true,1,127331
7290112358431,false,ביסקויט עד חצות דאבל,STRAUSS-ISRAEL,,ביסקויט עד חצות דאבל 200 גר,גרמים,200.00,100 גרם,false,10,11.90,5.9500,true,1,133157
7290112490032,false,נמס בכוס תירס 45 גר,יוניליוור,IL,נמס בכוס  תירס,גרמים,45.00,100 גרם,false,72,6.90,15.3333,true,1,116692
7290112490209,false,נמס בכוס עגבניות 56,יוניליוור,,נמס בכוס עגבניות 56 גר,גרמים,56.00,100 גרם,false,1,6.90,12.3214,true,1,115329
7290112490230,false,נמס בכוס אפונה 50 גר,יוניליוור,,נמס בכוס אפונה 50 גר,גרמים,50.00,100 גרם,false,1,6.90,13.8000,true,1,115330
7290112490582,false,חרדל דיזון הלמנס 350,יוניליוור,,חרדל דיזון הלמנס 350 גר,גרמים,350.00,100 גרם,false,1,12.90,3.6857,true,1,115721
7290112490599,false,חרדל צרפתי עם גרגרים,יוניליוור,,חרדל צרפתי עם גרגרים הלמנס 350 גר,גרמים,350.00,100 גרם,false,1,12.90,3.6857,true,1,115731
7290112490667,false,קונפיטורה 778 משמש 3,אתר חיפה  778,,קונפיטורה 778 משמש 340 גר,גרמים,340.00,100 גרם,false,1,11.90,3.5000,true,1,115724
7290112490759,false,מרק עשיר עוף אטריות,יוניליוור,IL,מרק עשיר עוף אטריות רכיבים טבעי,גרמים,74.00,100 גרם,false,60,12.90,17.4324,true,1,116696
7290112490827,false,תרסיס בדין למייבש בי,יוניליוור,IL,"תרסיס בדין למייבש בייבי 500 מ""ל",מיליליטרים,500.00,"100 מ""ל",false,12,16.90,3.3800,true,1,116703
7290112490896,false,רוטב צילי חריף קנור,אתר חיפה  778,,רוטב צילי חריף קנור 370 גר,גרמים,370.00,100 גרם,false,12,10.90,2.9459,true,1,118671
7290112491701,false,דגני בוקר ברנפלקס אק,מולינו -  איטליה,,דגני בוקר ברנפלקס אקסטרה פייבר חלבון 375,גרמים,375.00,100 גרם,false,1,21.90,5.8400,true,1,120563
7290112491770,false,בייגל דקים דקים מלח,BB,IL,בייגל דקים דקים מלח 300 גר,גרמים,300.00,100 גרם,false,12,9.90,3.3000,true,1,119035
7290112491787,false,בייגל דקים דקים שומש,BB,IL,בייגל דקים דקים שומשום 300 גר,גרמים,300.00,100 גרם,false,12,9.90,3.3000,true,1,119034
7290112492449,false,פינוק שמפו לשיער רגי,יוניליוור,,פינוק שמפו לשיער רגיל 700 מל,מיליליטרים,700.00,"100 מ""ל",false,12,10.90,1.5571,true,1,127238
7290112492456,false,פינוק שמפו לשיער יבש,יוניליוור,,פינוק שמפו לשיער יבש 700 מל,מיליליטרים,700.00,"100 מ""ל",false,12,10.90,1.5571,true,1,127239
7290112492463,false,פונוק 2 ב-1 לשיער רג,יוניליוור,,פונוק 2 ב-1 לשיער רגיל 700 מל,מיליליטרים,700.00,"100 מ""ל",false,12,10.90,1.5571,true,1,127240
7290112492487,false,שמפו פינוק שמן מרוקא,יוניליוור,,שמפו פינוק שמן מרוקאי 700 מל,מיליליטרים,700.00,"100 מ""ל",false,12,10.90,1.5571,true,1,127241
7290112492500,false,פינוק שמפו שמן קוקוס,יוניליוור,,פינוק שמפו שמן קוקוס 700 מל,מיליליטרים,700.00,"100 מ""ל",false,12,10.90,1.5571,true,1,127242
7290112492531,false,מרכך לשיער רגיל פינו,יוניליוור,IL,"מרכך לשיער רגיל פינוק 700 מ""ל",מיליליטרים,700.00,"100 מ""ל",false,12,10.90,1.5571,true,1,125085
7290112492548,false,מרכך פינוק לשיער יבש,יוניליוור,IL,"מרכך פינוק לשיער יבש 700 מ""ל",מיליליטרים,700.00,"100 מ""ל",false,12,10.90,1.5571,true,1,125089
7290112492579,false,פינוק מרכך שמן קוקוס,יוניליוור,IL,"פינוק מרכך שמן קוקוס 700 מ""ל",מיליליטרים,700.00,"100 מ""ל",false,12,10.90,1.5571,true,1,125087
7290112492593,false,תחליב רחצה פינוק קלא,יוניליוור,IL,"תחליב רחצה פינוק קלאסי 700 מ""ל",מיליליטרים,700.00,"100 מ""ל",false,12,9.90,1.4143,true,1,125080
7290112492609,false,תחליב רחצה פינוק לבנ,יוניליוור,IL,"תחליב רחצה פינוק לבנדר ווניל 700 מ""ל",מיליליטרים,700.00,"100 מ""ל",false,12,9.90,1.4143,true,1,125082
7290112492630,false,פינוק לגבר 3 ב-1 700,יוניליוור,IL,"פינוק לגבר 3ב-1 700 מ""ל",מיליליטרים,700.00,"100 מ""ל",false,12,10.90,1.5571,true,1,125083
7290112492647,false,פינוק לגבר 3 ב-1 ספו,יוניליוור,IL,"פינוק לגבר 3ב1 ספורט 700 מ""ל",מיליליטרים,700.00,"100 מ""ל",false,12,10.90,1.5571,true,1,125081
7290112492722,false,פינוק שמפו ומרכך 2 ב,יוניליוור,IL,פינוק שמפו ומרכך 2 ב-1 לסירוק קל לילדים,מיליליטרים,700.00,"100 מ""ל",false,12,12.90,1.8429,true,1,128221
7290112492746,false,פינוק מרכך לסירוק קל,יוניליוור,IL,"פינוק מרכך לסירוק קל לילדים 700 מ""ל",מיליליטרים,700.00,"100 מ""ל",false,12,12.90,1.8429,true,1,128219
7290112492753,false,פינוק אל סבון לילדים,יוניליוור,IL,"פינוק אל סבון לילדים 700 מ""ל",מיליליטרים,700.00,"100 מ""ל",false,12,12.90,1.8429,true,1,128220
7290112492821,false,סיף מגבוני ניקוי כלל,יוניליוור,IL,סיף מגבוני ניקוי כללי מאסק 50 יח,Unknown,0.00,Unknown,false,18,8.90,0.0000,true,1,120226
7290112492999,false,מרק קנור טעם עוף 400,יוניליוור,IL,מרק קנור טעם עוף 400 גרם,גרמים,400.00,100 גרם,false,12,14.90,3.7250,true,1,125066
7290112493064,false,רוטב שזיפים קנור 320,יוניליוור,IL,רוטב שזיפים קנור 320 גרם,גרמים,320.00,100 גרם,false,8,10.90,3.4063,true,1,125064
7290112493088,false,מרק קנור נמס בכוס עד,יוניליוור,IL,מרק קנור נמס בכוס עדשים רכיבים טבעיים,גרמים,54.00,100 גרם,false,72,6.90,12.7778,true,1,122504
7290112493095,false,מרק קנור נמס בכוס עג,יוניליוור,IL,מרק קנור נמס בכוס עגבניות חריף רכיבים ט,גרמים,54.00,100 גרם,false,72,6.90,12.7778,true,1,122505
7290112493873,false,חטיף אפוי עם מלח ביי,יוניליוור,IL,דגדג מלח 400 גרם,גרמים,400.00,100 גרם,false,12,12.90,3.2250,true,1,125062
7290112493927,false,קרמיסימו ריבת חלב 1.,שטראוס,IL,קרמיסימו ריבת חלב 1.33 ליטר,ליטרים,1.33,ליטר,false,6,18.90,14.2105,true,1,125094
7290112493934,false,קרמיסימו וניל 1.33 ל,שטראוס,IL,קרמיסימו וניל 1.33 ליטר,ליטרים,1.33,ליטר,false,6,18.90,14.2105,true,1,125091
7290112493965,false,קרמיסימו מסטיגם 1.33,שטראוס,IL,קרמיסימו מסטיגם 1.33 ליטר,ליטרים,1.33,ליטר,false,6,18.90,14.2105,true,1,125093
7290112494153,false,תיבולית צלי קנור 72,יוניליוור,IL,תיבולית צלי קנור 72 גרם,גרמים,72.00,100 גרם,false,144,7.90,10.9722,true,1,125041
7290112494221,false,קליק ביסקויט 65 גר,אתר צפת חטיפים,,קליק ביסקויט 65 גר,גרמים,65.00,100 גרם,false,1,5.90,9.0769,true,1,123872
7290112494238,false,קליק כדורים 65 גר,אתר צפת חטיפים,,קליק כדורים 65 גר,גרמים,65.00,100 גרם,false,1,5.90,9.0769,true,1,123868
7290112494313,false,קליק קורנפלקס 65 גר,אתר צפת חטיפים,,קליק קורנפלקס 65 גר,גרמים,65.00,100 גרם,false,1,5.90,9.0769,true,1,123871
7290112494344,false,קורנפלקס של אלופים 8,יוניליוור,IL,קורנפלקס של אלופים 850 גר,גרמים,850.00,100 גרם,false,8,18.90,2.2235,true,1,126385
7290112494351,false,קורנפלקס של אלופים ב,יוניליוור,IL,קורנפלקס של אלופים 850 גר,גרמים,850.00,100 גרם,false,8,18.90,2.2235,true,1,126384
7290112494382,false,פירה בטעם ביתי 260 ג,יוניליוור,IL,פירה בטעם ביתי 260 גרם,גרמים,260.00,100 גרם,false,24,11.90,4.5769,true,1,125035
7290112494610,false,רוטב פיקנטי לדג 415,יוניליוור,IT,רוטב פיקנטי לדג 415 גרם,גרמים,415.00,100 גרם,false,6,12.90,3.1084,true,1,125036
7290112494795,false,גל כביסה בדין כחול 2,,,גל כביסה בדין כחול 2.5 ליטר,ליטרים,2.50,ליטר,false,1,29.90,11.9600,true,1,124543
7290112494818,false,גל כביסה בדין בייבי,,,גל כביסה בדין בייבי 2.5 ליטר,ליטרים,2.50,ליטר,false,1,29.90,11.9600,true,1,124545
7290112494993,false,כריות וניל 686 גר,אתר שפע,,כריות וניל 686 גר,גרמים,686.00,100 גרם,false,1,21.90,3.1924,true,1,123853
7290112495006,false,כריות נוגט 686 גר,אתר שפע,,כריות נוגט 686 גר,גרמים,686.00,100 גרם,false,1,21.90,3.1924,true,1,123855
7290112495020,false,כריות צוקולדה 686 גר,אתר שפע,,כריות צוקולדה 686 גר,גרמים,686.00,100 גרם,false,1,21.90,3.1924,true,1,123856
7290112495037,false,קוקומן כדורים 375 גר,אתר שפע,,קוקומן כדורים 375 גר,גרמים,375.00,100 גרם,false,1,16.90,4.5067,true,1,123857
7290112495044,false,קוקומן פיצפוצים 375,אתר שפע,,קוקומן פיצפוצים 375 גר,גרמים,375.00,100 גרם,false,1,16.90,4.5067,true,1,123858
7290112495105,false,נשנושים שמנת בצל 260,אתר בייגל,,נשנושים שמנת בצל 260 גר,גרמים,260.00,100 גרם,false,1,10.90,4.1923,true,1,123866
7290112495112,false,נשנושים זעתר 260 גר,אתר בייגל,,נשנושים זעתר 260 גר,גרמים,260.00,100 גרם,false,1,10.90,4.1923,true,1,123867
7290112495143,false,נשנושי קרקר קוקטייל,אתר בייגל,,נשנושי קרקר קוקטייל מלוח 300 גר,גרמים,300.00,100 גרם,false,1,10.90,3.6333,true,1,123862
7290112495150,false,נשנושי קרקר עיגולים,אתר בייגל,,נשנושי קרקר עיגולים מלוחים 300 גר,גרמים,300.00,100 גרם,false,1,10.90,3.6333,true,1,123861
7290112495167,false,נשנושי קרקר משולשי ש,אתר בייגל,,נשנושי קרקר משולשי שומשום 300 גר,גרמים,300.00,100 גרם,false,1,10.90,3.6333,true,1,123863
7290112495228,false,קורנפלקס דבש 448 גר,אתר שפע,,קורנפלקס דבש 448 גר,גרמים,448.00,100 גרם,false,1,17.90,3.9955,true,1,123859
7290112495235,false,קורנפלקס תלמה וניל 4,יוניליוור,IL,קורנפלקס תלמה  וניל 448 גר,גרמים,448.00,100 גרם,false,10,17.90,3.9955,true,1,123860
7290112495433,false,דליפקאן 400 גר,אתר שפע,,דליפקאן 400 גר,גרמים,400.00,100 גרם,false,1,21.90,5.4750,true,1,123172
7290112495686,false,קרקר שומשום 220 גר,יוניליוור,IL,קרקר שומשום 220 גרם,גרמים,220.00,100 גרם,false,12,7.90,3.5909,true,1,125582
7290112495747,false,רוטב צילי מופחת סוכר,יוניליוור,IL,"רוטב צ""ילי מופחת סוכר 340 גר",גרמים,340.00,100 גרם,false,12,10.90,3.2059,true,1,125577
7290112495754,false,רוטב הלמנס אלף האיים,יוניליוור,IL,רוטב הלמנס אלף האיים 305 גרם,גרמים,305.00,100 גרם,false,12,10.90,3.5738,true,1,125590
7290112495785,false,רוטב הלמנס שום 300 ג,יוניליוור,IL,רוטב הלמנס שום 300 גרם,גרמים,300.00,100 גרם,false,12,10.90,3.6333,true,1,125587
7290112495822,false,כריות בלאק 686 גר,יוניליוור,IL,כריות בלאק 686 גרם,גרמים,686.00,100 גרם,false,10,21.90,3.1924,true,1,125120
7290112495976,false,פתית פריכיות אורז מצ,גוד פוד,PL,פתית פריכיות תירס מצופות שוקולד חלב 35 ג,גרמים,35.00,100 גרם,false,30,4.90,14.0000,true,1,127480
7290112495983,false,פתית פריכיות אורז שו,גוד פוד,PL,פתית פריכיות תירס שוקולד וקרמל 39 גרם,גרמים,39.00,100 גרם,false,30,4.90,12.5641,true,1,127479
7290112496027,false,סירופ שוקולד 580 גר,יוניליוור,IL,סירופ שוקולד 580 גרם,גרמים,580.00,100 גרם,false,12,11.90,2.0517,true,1,125603
7290112496034,false,סירופ מייפל 580 גר,יוניליוור,IL,סירופ מייפל 580 גרם,גרמים,580.00,100 גרם,false,12,11.90,2.0517,true,1,125602
7290112496218,false,רוטב טריאקי הפחתה של,יוניליוור,IL,רוטב טריאקי הפחתה של מעל 50% סוכר ונתרן,גרמים,340.00,100 גרם,false,12,10.90,3.2059,true,1,127235
7290112496331,false,קורנפלקס בננה 448 גר,אתר שפע,,קורנפלקס בננה 448 גר,גרמים,448.00,100 גרם,false,12,17.90,3.9955,true,1,133757
7290112496430,false,נמס בכוס אקסטרה עגבנ,אתר חיפה אבקות,,נמס בכוס אקסטרה עגבניות 37 גר,גרמים,37.00,100 גרם,false,1,4.30,11.6216,true,1,136491
7290112496447,false,נמס בכוס אקסטרה טעם,אתר חיפה אבקות,,נמס בכוס אקסטרה טעם עוף 27 גר,גרמים,27.00,100 גרם,false,1,4.30,15.9259,true,1,136492
7290112496461,false,נמס בכוס אקסטרה ירקו,יוניליוור,IL,נמס בכוס אקסטרה ירקות 32 גרם,גרמים,32.00,100 גרם,false,120,4.30,13.4375,true,1,132608
7290112497000,false,פנטסטיק סיף ניקוי כל,יוניליוור,IL,פנטסטיק סיף ניקוי כללי בניחוח לימון 1 ל,ליטרים,1.00,ליטר,false,12,11.90,11.9000,true,1,127246
7290112497031,false,רוטב עגבניות לקציצות,יוניליוור,IT,רוטב עגבניות לקציצות 415 גרם,גרמים,415.00,100 גרם,false,6,12.90,3.1084,true,1,133758
7290112497727,false,אל סבון פינוק תינוק,אתר ליוור,,אל סבון פינוק תינוק 700 מל,מיליליטרים,700.00,"100 מ""ל",false,1,16.90,2.4143,true,1,141038
7290112497994,false,גרנולה תלמה פרוטאין,יוניליוור,IL,גרנולה תלמה פרוטאין אגוזים 300 גרם,גרמים,300.00,100 גרם,false,10,15.90,5.3000,true,1,133288
7290112498052,false,מאגדת פתית ציפס עם ב,,,מאגדת פתית ציפס עם בטטה,Unknown,0.00,Unknown,false,12,12.90,0.0000,true,1,133867
7290112498267,false,סבון ידיים נוזלי קלא,,,סבון ידיים נוזלי קלאסי פינוק 950 מל,מיליליטרים,950.00,"100 מ""ל",false,1,11.90,1.2526,true,1,134212
7290112498274,false,סבון ידיים נוזלי לבנ,,,סבון ידיים נוזלי לבנדר פינוק 950 מל,מיליליטרים,950.00,"100 מ""ל",false,1,11.90,1.2526,true,1,134213
7290112498281,false,סבון ידיים נוזלי קוק,,,סבון ידיים נוזלי קוקוס פינוק 950 מל,מיליליטרים,950.00,"100 מ""ל",false,1,11.90,1.2526,true,1,134214
7290112498298,false,סבון ידיים נוזלי מרו,,,סבון ידיים נוזלי מרוקאי פינוק 950 מל,מיליליטרים,950.00,"100 מ""ל",false,1,11.90,1.2526,true,1,134215
7290112498526,false,פתית ציפס בטטה סגולה,,,פתית ציפס בטטה סגולה שמנת בצל 22 גר,גרמים,22.00,100 גרם,false,1,3.90,17.7273,true,1,134487
7290112498748,false,מאגדת מיני סולרו תות,,,מאגדת מיני סולרו תות 350 גר,גרמים,350.00,100 גרם,false,1,23.90,6.8286,true,1,132275
7290112498915,false,מאגדת מיני מגנום שקד,שטראוס,IL,מאגדת מיני מגנום שקדים מובחרים 250 גר,גרמים,250.00,100 גרם,false,8,27.90,11.1600,true,1,133933
7290112498922,false,מאגדת מיני מגנום לבן,שטראוס,IL,מאגדת מיני מגנום לבן 250 גר,גרמים,250.00,100 גרם,false,8,27.90,11.1600,true,1,133934
7290112499097,false,מאגדת מיני מגנום מרי,שטראוס,IL,מאגדת מיני מגנום מריר 240 גר,גרמים,240.00,100 גרם,false,8,27.90,11.6250,true,1,137148
7290112499127,false,שלגון גלידה לבן ותות,,,שלגון גלידה לבן ותות 77 גר,גרמים,77.00,100 גרם,false,30,9.90,12.8571,true,1,138219
7290112499189,false,קרמיסימו חד קרן 1.33,שטראוס,IL,קרמיסימו חד קרן 1.33 ל,ליטרים,1.33,ליטר,false,6,18.90,14.2105,true,1,141239
7290112499196,false,קרמיסימו טעם חלב קור,שטראוס,IL,קרמיסימו טעם חלב קורנפלקס 1.33 ל,ליטרים,1.33,ליטר,false,6,18.90,14.2105,true,1,141238
7290112499448,false,מרכך לשיער שמן מרוקא,יוניליוור,IL,מרכך לשיער שמן מרוקאי פינוק 700 מל,מיליליטרים,700.00,"100 מ""ל",false,12,10.90,1.5571,true,1,133767
7290112499462,false,תחליב רחצה פינוק שמן,יוניליוור,IL,תחליב רחצה פינוק שמן קוקוס 700 מל,מיליליטרים,700.00,"100 מ""ל",false,12,9.90,1.4143,true,1,133762
7290112499479,false,פינוק שמפו בתוספת קר,יוניליוור,,פינוק שמפו בתוספת קרטין 700 מל,מיליליטרים,700.00,"100 מ""ל",false,12,10.90,1.5571,true,1,132296
7290112499486,false,מרכך פינוק בתוספת קר,יוניליוור,IL,"מרכך פינוק בתוספת קרטין 700 מ""ל",מיליליטרים,700.00,"100 מ""ל",false,12,10.90,1.5571,true,1,132298
7290112499677,false,גלידה מגנום שוקולד ל,,,גלידה מגנום שוקולד לבן,Unknown,0.00,Unknown,false,20,9.90,0.0000,true,1,132222
7290112499844,false,מיני מגנום דאבל חמיש,שטראוס,IL,מיני מגנום דאבל חמישייה 310 גר,גרמים,310.00,100 גרם,false,8,27.90,9.0000,true,1,125576
7290112499943,false,מיני מגנום שוקו וניל,שטראוס,IL,מיני מגנום שוקו וניל חמישייה 250 גר,גרמים,250.00,100 גרם,false,8,27.90,11.1600,true,1,125574
7290112770004,true,צימיצורי 250 גר,,,צימיצורי 250 גרם,גרמים,250.00,100 גרם,false,1,10.90,4.3600,true,1,112243
7290112770011,true,סלט פלפלים קלויים 40,,,סלט פלפלים קלויים 400 גרם,גרמים,400.00,100 גרם,false,1,15.90,3.9750,true,1,112244
7290112770042,true,מוס סלמון מעושן 250,,,מוס סלמון מעושן 250 גרם,גרמים,250.00,100 גרם,false,1,19.90,7.9600,true,1,112247
7290112770059,true,מטבוחה 400 גר,,,מטבוחה 400 גרם,גרמים,400.00,100 גרם,false,1,12.90,3.2250,true,1,112248
7290112770066,true,פלפלים חריפים 250 גר,,,פלפלים חריפים 250 גרם,גרמים,250.00,100 גרם,false,1,12.90,5.1600,true,1,112249
7290112770073,true,חציל רומני 400 גר,,,חציל רומני 400 גרם,גרמים,400.00,100 גרם,false,1,14.90,3.7250,true,1,112250
7290112770080,true,חומוס ביתי 400 גר,,,חומוס ביתי 400 גרם,גרמים,400.00,100 גרם,false,1,12.90,3.2250,true,1,112251
7290112770103,true,סלט גזר אסייתי 400 ג,,,סלט גזר אסייתי 400 גרם,גרמים,400.00,100 גרם,false,1,12.90,3.2250,true,1,112253
7290112770110,true,חציל במיונז 400 גר,,,חציל במיונז 400 גרם,גרמים,400.00,100 גרם,false,1,14.90,3.7250,true,1,112254
7290112770127,true,חציל בטחינה 400 גר,,,חציל בטחינה 400 גרם,גרמים,400.00,100 גרם,false,1,14.90,3.7250,true,1,112255
7290112770141,true,סלט סלק ושורשים 400,,,סלט סלק ושורשים 400 גרם,גרמים,400.00,100 גרם,false,1,13.90,3.4750,true,1,112257
7290112770158,true,חמוצים סינים 400 גר,,,חמוצים סינים 400 גר,גרמים,400.00,100 גרם,false,1,12.90,3.2250,true,1,112409
7290112770240,true,פשטידת כרובית 600 גר,,,פשטידת כרובית 600 גר,גרמים,600.00,100 גרם,false,1,36.90,6.1500,true,1,115097
7290112770257,true,פשטידת בטטה 600 גר,,,פשטידת בטטה 600 גר,גרמים,600.00,100 גרם,false,1,36.90,6.1500,true,1,114465
7290112770264,true,פשטידת פלפלים 600 גר,,,פשטידת פלפלים 600 גר,גרמים,600.00,100 גרם,false,1,36.90,6.1500,true,1,114467
7290112770271,true,פשטידת בצל 600 גר,,,פשטידת בצל 600 גר,גרמים,600.00,100 גרם,false,1,36.90,6.1500,true,1,114466
7290112770288,true,פשטידת ברוקולי 600 ג,,,פשטידת ברוקולי 600 גר,גרמים,600.00,100 גרם,false,1,36.90,6.1500,true,1,114468
7290112770325,true,פשטידת פטריות 600 גר,,,פשטידה פטריות 600 גר,גרמים,600.00,100 גרם,false,1,36.90,6.1500,true,1,114470
7290112770332,true,סלט כרוב אדום 400 גר,,,סלט כרוב אדום 400 גרם,גרמים,400.00,100 גרם,false,1,13.90,3.4750,true,1,115753
7290112770349,true,סלט קולסלאו 400 גר,,,סלט קולסלאו 400 גרם,גרמים,400.00,100 גרם,false,1,12.90,3.2250,true,1,115754
7290112770356,true,סלט טורקי 400 גר,,,סלט טורקי 400 גרם,גרמים,400.00,100 גרם,false,1,13.90,3.4750,true,1,115755
7290112770387,true,סלט אבוקדו וביצים 40,,,סלט אבוקדו וביצים 400 גרם,גרמים,400.00,100 גרם,false,1,19.90,4.9750,true,1,119168
7290112770400,true,פשטידת תרד 600 גר,,,פשטידת תרד 600 גר,גרמים,600.00,100 גרם,false,1,36.90,6.1500,true,1,119167
7290112770868,true,סלט תירס 400 גר,,,סלט תירס 400 גרם,גרמים,400.00,100 גרם,false,1,12.90,3.2250,true,1,125833
7290112770875,true,מרק בורשט 400 גר,,,מרק בורשט 400 גרם,גרמים,400.00,100 גרם,false,,19.90,4.9750,true,1,126189
7290112770882,true,מרק פטריות 400 גר,,,מרק פטריות 400 גר,גרמים,400.00,100 גרם,false,,15.00,3.7500,true,1,126188
7290112770899,true,מרק גולש 400 גר,,,מרק גולש 400 גרם,גרמים,400.00,100 גרם,false,,19.90,4.9750,true,1,126192
7290112770981,false,סלסה ירוקה חריפה אש,,,סלסה ירוקה חריפה אש 250 גר,גרמים,250.00,100 גרם,false,1,9.90,3.9600,true,1,133045
7290112771018,false,חציל מטוגן בטחינה 40,,,חציל מטוגן בטחינה 400 גר,גרמים,400.00,100 גרם,false,1,14.90,3.7250,true,1,133048
7290112771032,false,חצילים ופלפלים קלויי,,,חצילים ופלפלים קלויים 400 גר,גרמים,400.00,100 גרם,false,1,14.90,3.7250,true,1,133050
7290112771056,false,מרק תאילנדי עם פירות,,,מרק תאילנדי עם פירות ים 400 גר,גרמים,400.00,100 גרם,false,1,22.90,5.7250,true,1,134053
7290112771377,false,סלט תפוא אוליביה 400,,,סלט תפוא אוליביה 400 גר,גרמים,400.00,100 גרם,false,1,15.90,3.9750,true,1,139790
7290112771384,false,סלט הרינג ברוטב חרדל,,,סלט הרינג ברוטב חרדל 250 גר,גרמים,250.00,100 גרם,false,1,14.90,5.9600,true,1,139791
7290112961440,false,פריכיות פיטנס בר שוק,,,פריכיות פיטנס בר שוקולד מריר 84 גר,גרמים,84.00,100 גרם,false,12,12.90,15.3571,true,1,127536
7290112962287,false,שווארמה צמחונית טבעו,טבעול ישראל,,שווארמה צמחונית טבעול  450 גר,גרמים,450.00,100 גרם,false,1,29.90,6.6444,true,1,134278
7290112963000,false,רוטב צילי מתוק מופחת,אסם,,רוטב צילי מתוק מופחת נתרן וסוכר 290 מל,מיליליטרים,290.00,"100 מ""ל",false,9,10.90,3.7586,true,1,131038
7290112963918,false,קרקר פיטנס דק רוזמרי,אסם,,קרקר פיטנס דק רוזמרין 140 גר,גרמים,140.00,100 גרם,false,1,10.90,7.7857,true,1,122321
7290112964410,false,רוטב אלף האיים 290 ג,אסם,,רוטב אלף האיים 290 גר,גרמים,290.00,100 גרם,false,1,10.90,3.7586,true,1,122313
7290112964434,false,רוטב לסלט קיסר 295 ג,אסם,,"רוטב לסלט קיסר 295 מ""ל",גרמים,295.00,100 גרם,false,1,10.90,3.6949,true,1,122307
7290112964458,false,רוטב וינגרט 295 גר,אסם,,"רוטב וינגרט 295 מ""ל",גרמים,295.00,100 גרם,false,1,10.90,3.6949,true,1,122308
7290112964472,false,רוטב שום לסלט 290 גר,אסם,,"רוטב שום לסלט 290 מ""ל",גרמים,290.00,100 גרם,false,1,10.90,3.7586,true,1,122306
7290112964502,false,רוטב אלף האיים 600 ג,אסם,,רוטב אלף האיים 600 גר,גרמים,600.00,100 גרם,false,1,16.90,2.8167,true,1,122312
7290112964564,false,רוטב אלף האיים לייט,אסם,,"רוטב אלף האיים לייט 295 מ""ל",גרמים,310.00,100 גרם,false,1,10.90,3.5161,true,1,122309
7290112964601,false,רוטב אסם בנוסח סצואן,,,"רוטב אסם בנוסח סצואן 290 מ""ל",גרמים,360.00,100 גרם,false,9,13.90,3.8611,true,1,121636
7290112964625,false,רוטב שום לייט 310 גר,אסם,,רוטב שום לייט 310 גר,גרמים,310.00,100 גרם,false,1,10.90,3.5161,true,1,122310
7290112965103,false,קוסקוס עם ירקות 146,אסם,,קוסקוס עם ירקות 146 גר,גרמים,146.00,100 גרם,false,1,9.90,6.7808,true,1,125359
7290112965240,false,מרק נמס אסם עגבניות,אסם,,מרק נמס אסם עגבניות 60 גר זוג,גרמים,60.00,100 גרם,false,1,5.90,9.8333,true,1,125355
7290112965264,false,מרק נמס אפונה אסם 52,אסם,,זוג מרק נמס אפונה אסם 30 גר,גרמים,52.00,100 גרם,false,1,5.90,11.3462,true,1,130620
7290112965288,false,מרק נמס ירקות אסם 56,אסם,,זוג מרק נמס ירקות אסם 30 גר,גרמים,56.00,100 גרם,false,1,5.90,10.5357,true,1,130621
7290112965301,false,מרק נמס אסם בטעם עוף,אסם,,מרק נמס אסם בטעם עוף 52 גר זוג,גרמים,52.00,100 גרם,false,1,5.90,11.3462,true,1,125353
7290112965325,false,אורז ספרדי 140 גר,אסם,,אורז ספרדי 140 גר,גרמים,140.00,100 גרם,false,1,9.90,7.0714,true,1,125357
7290112965868,false,קרם קרקר במליחות מעו,אסם,,קרם קרקר במליחות מעודנת 250 גר,גרמים,250.00,100 גרם,false,1,9.90,3.9600,true,1,125365
7290112966094,false,עוגת הבית תפוז מופחת,אסם,,עוגת הבית תפוז מופחת סוכר 400 גר,גרמים,400.00,100 גרם,false,1,12.90,3.2250,true,1,125368
7290112966445,false,במבה מתוקה אריזה גדו,אסם,IL,במבה מתוקה אריזה גדולה 100 גר,גרמים,100.00,100 גרם,false,40,7.90,7.9000,true,1,123599
7290112966803,false,פודינג אינסטנט בטעם,אסם,,פודינג אינסטנט בטעם שוקולד 88 גר,גרמים,88.00,100 גרם,false,1,5.40,6.1364,true,1,125347
7290112966841,false,פודינג אינסטנט בטעם,אסם,,פודינג אינסטנט בטעם שוקולד מריר 90 גר,גרמים,90.00,100 גרם,false,1,5.40,6.0000,true,1,125348
7290112968401,false,חומוס צבר גרגרים רכי,צבר,IL,חומוס צבר גרגרים רכים 400 גר,גרמים,400.00,100 גרם,false,6,13.90,3.4750,true,1,125901
7290112968784,false,טבעול חטיפי כרובית 4,טבעול ישראל,IL,טבעול חטיפי כרובית 450 גר,גרמים,450.00,100 גרם,false,6,29.90,6.6444,true,1,127143
7290112968807,false,קרקר פיטנס דק סלק 14,אסם,IL,קרקר פיטנס דק סלק 140 גר,גרמים,140.00,100 גרם,false,12,10.90,7.7857,true,1,130568
7290112968821,false,קרקר פיטנס דק בטטה 1,אסם,IL,קרקר פיטנס דק בטטה 140 גר,גרמים,140.00,100 גרם,false,12,10.90,7.7857,true,1,130569
7290112969927,false,צבר מלך החומוס חומוס,צבר,IL,צבר מלך החומוס חומוסטחינה 600 גרם,גרמים,600.00,100 גרם,false,6,17.90,2.9833,true,1,128606
7290113190450,false,ממרח תמרים 450 גר שק,,,ממרח תמרים  450 גר שקדיה,גרמים,450.00,100 גרם,false,1,5.90,1.3111,true,1,123465
7290113190795,false,חלבה תלתלים עוגיות ב,,,חלבה תלתלים עוגיות בטעם וניל 400 גר,גרמים,400.00,100 גרם,false,1,14.90,3.7250,true,1,123479
7290113192164,false,אגוזי קשיו קלופים 15,,,אגוזי קשיו קלופים 150 גר,גרמים,150.00,100 גרם,false,1,16.90,11.2667,true,1,125497
7290113192171,false,מיקס אגוזים שקדים וח,,,מיקס אגוזים שקדים וחמוציות 150 גר,גרמים,150.00,100 גרם,false,1,16.90,11.2667,true,1,125498
7290113192232,false,תערובת להכנה מהירה פ,,,תערובת להכנה מהירה פנקייק 400 גר,גרמים,400.00,100 גרם,false,1,12.90,3.2250,true,1,127722
7290113192300,false,חרוזית מושחר בית השי,בית השיטה,IL,חרוזית מושחר בית השיטה 275 גר,גרמים,560.00,100 גרם,false,12,10.90,1.9464,true,1,127422
7290113192317,false,טבעות זיתים מושחרים,בית השיטה,IL,טבעות זיתים מושחרים בית השיטה 280 גר,גרמים,560.00,100 גרם,false,12,10.90,1.9464,true,1,127423
7290113192324,false,זית ירוק בית השיטה 5,בית השיטה,IL,זית ירוק בית השיטה 340 גר,גרמים,560.00,100 גרם,false,12,9.90,1.7679,true,1,127424
7290113192331,false,זית ירוק גדול בית הש,בית השיטה,IL,זית ירוק גדול בית השיטה 340 גר,גרמים,560.00,100 גרם,false,12,9.90,1.7679,true,1,127425
7290113192355,false,חרוזית ירוק בית השיט,בית השיטה,IL,חרוזית ירוק בית השיטה 275 גר,גרמים,560.00,100 גרם,false,12,10.90,1.9464,true,1,127427
7290113192362,false,טבעות זיתים ירק בית,בית השיטה,IL,טבעות זיתים ירק בית השיטה 280 גר,גרמים,560.00,100 גרם,false,12,10.90,1.9464,true,1,127428
7290113192379,false,זיתים ירוקים מבוקעים,בית השיטה,IL,זיתים ירוקים מבוקעים בית השיטה 340 גר,גרמים,560.00,100 גרם,false,12,10.90,1.9464,true,1,127431
7290113192386,false,זית סורי מבוקע בית ה,בית השיטה,IL,זית סורי מבוקע בית השיטה 340 גר,גרמים,560.00,100 גרם,false,12,10.90,1.9464,true,1,127434
7290113192393,false,קוקטייל זיתים בית הש,בית השיטה,IL,קוקטייל זיתים בית השיטה 336 גר,גרמים,560.00,100 גרם,false,12,11.90,2.1250,true,1,127436
7290113192478,false,מלפפון במלח 10-12 בי,בית השיטה,IL,מלפפון במלח 10-12 בית השיטה 320 גר,גרמים,560.00,100 גרם,false,12,7.90,1.4107,true,1,127445
7290113192485,false,מלפפון חומץ 10-12 בי,בית השיטה,IL,מלפפון חומץ 10-12 בית השיטה 290 גר,גרמים,560.00,100 גרם,false,12,7.90,1.4107,true,1,127446
7290113192492,false,מלפפון חומץ 13-17 בי,בית השיטה,IL,מלפפון חומץ 13-17 בית השיטה 290 גר,גרמים,560.00,100 גרם,false,12,10.90,1.9464,true,1,127447
7290113192508,false,בית השיטה מלפפון במל,בית השיטה,IL,בית השיטה מלפפון במלח 13-17 320 גר,גרמים,560.00,100 גרם,false,12,10.90,1.9464,true,1,127448
7290113192515,false,מלפפון מלח 18-25 בית,בית השיטה,IL,מלפפון מלח 18-25 בית השיטה 320 גר,גרמים,560.00,100 גרם,false,12,12.90,2.3036,true,1,127449
7290113192522,false,מלפפון חומץ 18-25 בי,בית השיטה,IL,מלפפון חומץ 18-25 בית השיטה 290 גר,גרמים,560.00,100 גרם,false,12,12.90,2.3036,true,1,127450
7290113192539,false,מלפפון בית השיטה מלח,בית השיטה,IL,מלפפון בית השיטה מלח 7-9 320 גר,גרמים,560.00,100 גרם,false,12,6.90,1.2321,true,1,127451
7290113192546,false,מלפפון חומץ 7-9 בית,בית השיטה,IL,מלפפון חומץ 7-9 בית השיטה 290 גר,גרמים,560.00,100 גרם,false,12,6.90,1.2321,true,1,127452
7290113192553,false,מלפפון מלח בלדי 13-1,בית השיטה,IL,מלפפון מלח בלדי 13-17 בית השיטה 320 גר,גרמים,560.00,100 גרם,false,12,10.90,1.9464,true,1,127453
7290113192560,false,פלפל שיפקה בית השיטה,בית השיטה,IL,פלפל שיפקה בית השיטה 230 גר,גרמים,560.00,100 גרם,false,12,7.90,1.4107,true,1,127454
7290113192577,false,כרוב כבוש בית השיטה,בית השיטה,IL,כרוב כבוש בית השיטה 430 גר,גרמים,560.00,100 גרם,false,12,7.90,1.4107,true,1,127455
7290113192997,false,זית מרוקאי בית השיטה,,,זית מרוקאי בית השיטה 340 גר,גרמים,340.00,100 גרם,false,12,13.90,4.0882,true,1,126405
7290113193000,false,פלפל שיפקונית בית הש,,,פלפל שיפקונית בית השיטה 230 גר,גרמים,560.00,100 גרם,false,12,11.90,2.1250,true,1,126406
7290113193017,false,קוקטייל זיתים בית הש,,,קוקטייל זיתים בית השיטה 275 גר,גרמים,560.00,100 גרם,false,12,13.90,2.4821,true,1,126403
7290113193031,false,חרוזית קלמטה בית השי,,,חרוזית קלמטה בית השיטה 275 גר,גרמים,560.00,100 גרם,false,12,13.90,2.4821,true,1,126404
7290113193406,false,טבעות קוקטייל זיתים,בית השיטה,IL,טבעות קוקטייל זיתים בית השיטה 280 גר,גרמים,560.00,100 גרם,false,12,13.90,2.4821,true,1,127043
7290113193666,false,זיתים ירוקים שלמים ס,,,זיתים ירוקים שלמים סדוקים במי מלח 700 גר,גרמים,700.00,100 גרם,false,1,14.90,2.1286,true,1,127728
7290113193888,false,חצילים מוחמצים בית ה,,,חצילים מוחמצים בית השיטה 320 גר,גרמים,320.00,100 גרם,false,12,9.90,3.0938,true,1,131609
7290113194090,false,טבעות קלמטה בית השיט,,IL,טבעות קלמטה בית השיטה 280 גר,גרמים,560.00,100 גרם,false,12,13.90,2.4821,true,1,130579
7290113194373,false,עגבניות שרי מוחמצות,,IL,עגבניות שרי מוחמצות בית השיטה 215 גר,גרמים,215.00,100 גרם,false,12,13.90,6.4651,true,1,134275
7290113195042,false,מלפפון במלח כבישה בי,,,מלפפון במלח כבישה ביתית 750 גר,גרמים,1500.00,100 גרם,false,1,24.90,1.6600,true,1,131453
7290113195066,false,חלווה טורקית בטעם ונ,,,חלבה טורקית בטעם וניל 400 גר,גרמים,400.00,100 גרם,false,10,14.90,3.7250,true,1,131325
7290113195073,false,חלווה טורקית עם פיסט,,,חלבה טורקית עם פיסטוק 400 גר,גרמים,400.00,100 גרם,false,10,17.90,4.4750,true,1,131323
7290113195080,false,חלווה טורקית בטעם שו,,,חלבה טורקית בטעם שוקו וניל 400 גר,גרמים,400.00,100 גרם,false,10,14.90,3.7250,true,1,131324
7290113195196,false,רסק תפוע 710 גר,,,"רסק תפו""ע",גרמים,710.00,100 גרם,false,12,11.90,1.6761,true,1,131326
7290113195356,false,שמן קנולה בית השיטה,,,שמן קנולה בית השיטה 1 ל,ליטרים,1.00,ליטר,false,1,13.90,13.9000,true,1,134825
7290113195363,false,שמן חמניות בית השיטה,,,שמן חמניות בית השיטה 1 ל,ליטרים,1.00,ליטר,false,1,13.90,13.9000,true,1,134826
7290113195929,false,רצועות גזר בתחמיץ בי,,,רצועות גזר בתחמיץ בית השיטה 215 גר,גרמים,215.00,100 גרם,false,12,7.90,3.6744,true,1,132739
7290113195967,false,שיבולת שועל להכנה מה,,,שיבולת שועל להכנה מהירה 500 גר,גרמים,500.00,100 גרם,false,1,9.90,1.9800,true,1,133540
7290113196339,false,מלפפון קורנישון בחומ,,,מלפפון קורנישון בחומץ 680 מל,מיליליטרים,680.00,"100 מ""ל",false,1,7.90,1.1618,true,1,134848
7290113196414,false,אורז בסמטי 1 קג,,,אורז בסמטי 1 קג,קילוגרמים,1.00,"ק""ג",false,1,11.90,11.9000,true,1,135445
7290113196490,false,פריכיות כוסמת בתוספת,,,פריכיות כוסמת בתוספת זרעי ציה 150 גר,גרמים,150.00,100 גרם,false,1,9.90,6.6000,true,1,135442
7290113196940,false,חטיפי תירס טורטיה בט,,,חטיפי תירס טורטיה בטעם טבעי 300 גר,גרמים,300.00,100 גרם,false,1,13.90,4.6333,true,1,140165
7290113196957,false,חטיפי תירס טורטיה בט,,,חטיפי תירס טורטיה בטעם ברביקיו 300 גר,גרמים,300.00,100 גרם,false,1,13.90,4.6333,true,1,140166
7290113197169,false,חמאת בוטנים טבעית 45,,,חמאת בוטנים טבעית 450 גר,גרמים,450.00,100 גרם,false,1,16.90,3.7556,true,1,140171
7290113198616,false,ברנפלקס דגנים מחיטה,,,ברנפלקס דגנים מחיטה מלאה וסובין 500 גר,גרמים,500.00,100 גרם,false,1,14.90,2.9800,true,1,140164
7290113199606,false,חטיף בוטנים עם גרעינ,,,חטיף בוטנים עם גרעיני דלעת ובוטנים 220 ג,גרמים,220.00,100 גרם,false,1,14.90,6.7727,true,1,138754
7290113199699,false,מוזלי שיבולת שועל עם,,,מוזלי שיבולת שועל עם אגוז לוז שקד 500 גר,גרמים,500.00,100 גרם,false,1,12.90,2.5800,true,1,140161
7290113199767,false,ממרח 100% שקדים 300,,,ממרח 100% שקדים 300 גר,גרמים,300.00,100 גרם,false,1,29.90,9.9667,true,1,140170
7290113199774,false,ממרח 100% בוטנים 300,,,ממרח 100% בוטנים 300 גר,גרמים,300.00,100 גרם,false,1,14.90,4.9667,true,1,140168
7290113199880,false,טורטיה בתוספת קמח כו,,,טורטיה בתוספת קמח כוסמין ושיבולת שועל,גרמים,360.00,100 גרם,false,1,10.90,3.0278,true,1,142168
7290113288836,false,S כפפות ניטריל שחורו,,,S כפפות ניטריל שחורות ללא אבקה 100 יח,Unknown,0.00,Unknown,false,1,19.90,0.0000,true,1,138614
7290113300194,false,שימורים לחתולים לה ק,,,שימורים לחתולים לה קט פאונץ עוף ברוטב 85,גרמים,85.00,100 גרם,false,1,4.90,5.7647,true,1,125459
7290113300224,false,שימורים לחתולים לה ק,,,שימורים לחתולים לה קט פאונץ סלמון ברוטב,גרמים,85.00,100 גרם,false,1,4.90,5.7647,true,1,125460
7290113300231,false,שימורים לחתולים לה ק,,,שימורים לחתולים לה קט פאונץ בקר בגלי 85,גרמים,85.00,100 גרם,false,1,4.90,5.7647,true,1,125461
7290113300262,false,שימורים לחתולים לה ק,,,שימורים לחתולים לה קט פאונץ טונה בגלי,גרמים,85.00,100 גרם,false,1,4.90,5.7647,true,1,125462
7290113660076,false,נר נשמה שבועי בכוס ז,,,נר נשמה שבועי בכוס זכוכית,Unknown,0.00,Unknown,false,1,11.90,0.0000,true,1,119251
7290113660083,false,להבונים נרות בשקית 5,,,להבונים נרות בשקית 50 יח,Unknown,0.00,Unknown,false,1,11.90,0.0000,true,1,119249
7290113660441,false,שקיות אשפה שרוך 75/9,אור שני,,שקיות אשפה שרוך 75/90 40 יח,Unknown,0.00,Unknown,false,1,29.90,0.0000,true,1,120508
7290113660526,false,שקיות אשפה שחורות 75,אור שני,,שקיות אשפה שחורות 75*90 25 יח,Unknown,0.00,Unknown,false,1,15.90,0.0000,true,1,120507
7290113660557,false,שקיות אשפה לגינה 10,אור שני,,שקיות אשפה לגינה 10 יח,Unknown,0.00,Unknown,false,1,19.90,0.0000,true,1,118403
7290113660571,false,אשפח שקיות נשלפות שר,אור שני,,אשפח שקיות נשלפות שרוך 60 יח,Unknown,0.00,Unknown,false,1,14.90,0.0000,true,1,120509
7290113660885,false,גליל רב מגבת 700 גר,ששון ציון,,גליל רב מגבת 700 גר,גרמים,700.00,100 גרם,false,1,19.90,2.8429,true,1,119254
7290113660984,false,נייר לעטיפת סנדוויץ,אור שני,,נייר לעטיפת סנדוויץ,Unknown,0.00,Unknown,false,1,7.90,0.0000,true,1,118098
7290113661042,false,צלחת 7 קטן צבעוני 25,Rainbow,,"צלחת 7"" קטן צבעוני 25 יח",Unknown,0.00,Unknown,false,1,6.90,0.0000,true,1,118273
7290113661059,false,צלחת 9 גדול צבעוני 2,Rainbow,,"צלחת 9"" גדול צבעוני 25 יח",Unknown,0.00,Unknown,false,1,10.90,0.0000,true,1,118274
7290113661066,false,צלחת 10 ענק צבעוני 2,Rainbow,,"צלחת 10"" ענק צבעוני 25 יח",Unknown,0.00,Unknown,false,1,16.90,0.0000,true,1,118275
7290113661073,false,מרקיה צבעוני 25 יח,Rainbow,,מרקיה צבעוני  25 יח,Unknown,0.00,Unknown,false,1,7.90,0.0000,true,1,118276
7290113661080,false,לפתניות צבעוני 25 יח,,,לפתניות צבעוני 25 יח,Unknown,0.00,Unknown,false,1,4.90,0.0000,true,1,118277
7290113661097,false,פיצוחיות צבעוני 25 י,,,פיצוחיות צבעוני 25 יח,Unknown,0.00,Unknown,false,1,4.90,0.0000,true,1,118278
7290113661707,false,קינוחיות כוס סמול דר,,,קינוחיות כוס סמול דרינק 20 יח,Unknown,0.00,Unknown,false,1,13.90,0.0000,true,1,129311
7290113661721,false,קינוחיות כוס פרח 20,,,קינוחיות כוס פרח 20 יח,Unknown,0.00,Unknown,false,1,13.90,0.0000,true,1,129313
7290113661851,false,תבנית אלומיניום עגול,,,תבנית אלומיניום עגול 12 יח,Unknown,0.00,Unknown,false,1,19.90,0.0000,true,1,121580
7290113662100,false,רדיד אלומיניום כוכבי,,,רדיד אלומיניום כוכבים עבה במיוחד 30/30,Unknown,0.00,Unknown,false,1,21.90,0.0000,true,1,121572
7290113662117,false,רדיד אלומיניום כוכבי,,,רדיד אלומיניום כוכבים עבה במיוחד 30/45,Unknown,0.00,Unknown,false,1,29.90,0.0000,true,1,121573
7290113662230,false,צימרוני עץ בשקית 300,עיסאוי,,צימרוני עץ בשקית 300 יח,Unknown,0.00,Unknown,false,1,3.90,0.0000,true,1,123587
7290113662377,false,נייר אפיה 50 דף,,,נייר אפיה 50 דף,Unknown,0.00,Unknown,false,1,9.90,0.0000,true,1,135400
7290113662841,false,כוסות מעוטרות דוגמת,,,כוסות מעוטרות דוגמת שיש 40 יח,Unknown,0.00,Unknown,false,1,9.90,0.0000,true,1,135399
7290113662896,false,"צלחת 9"" בייסיק 50 יח",,,"צלחת 9"" בייסיק 50 יח",Unknown,0.00,Unknown,false,1,19.90,0.0000,true,1,138613
7290114310215,false,שמנת מתוקה 38% 250 מ,,IL,שמנת מתוקה 38% 250 מל בקבוק,מיליליטרים,250.00,"100 מ""ל",false,12,6.47,2.5880,true,1,126988
7290114310222,false,חלב מועשר בסידן 3% 1,,,חלב מועשר בסידן 3% 1.5 ל,ליטרים,1.50,ליטר,false,1,12.90,8.6000,true,1,128097
7290114310239,false,חלב נטול לקטוז מועשר,,,חלב נטול לקטוז מועשר בויטמין 2% 1.5 ל,ליטרים,1.50,ליטר,false,1,12.90,8.6000,true,1,128098
7290114310246,false,גרנה פדנו צאנק 125 ג,,,גרנה פדנו צאנק 125 גר,גרמים,125.00,100 גרם,false,1,19.90,15.9200,true,1,130935
7290114310338,false,גבינה צפתית מעודנת 5,,,צפתית מעודנת 5% 225 גר,גרמים,225.00,100 גרם,false,1,17.90,7.9556,true,1,130937
7290114310550,false,פטה עיזים מעודנת 5%,,,פטה עיזים מעודנת 5% 200 גר,גרמים,200.00,100 גרם,false,1,24.90,12.4500,true,1,133170
7290114310567,false,לאבנה עיזים 5% 200 ג,,,לאבנה עיזים 5% 200 גר,גרמים,200.00,100 גרם,false,1,14.90,7.4500,true,1,133172
7290114310611,false,משקה חלב בננה 250 מל,,,משקה חלב בננה 250 מל,מיליליטרים,250.00,"100 מ""ל",false,1,5.90,2.3600,true,1,133173
7290114310673,false,לאבנה 9% 250 גר,,,לאבנה 9% 250 גר,גרמים,250.00,100 גרם,false,1,12.90,5.1600,true,1,132578
7290114310901,false,גבינה לבנה מהדרין 5%,,,גבינה לבנה מהדרין 5% 250 גר,גרמים,250.00,100 גרם,false,12,4.90,1.9600,true,1,134728
7290114310963,false,יוגורט מחלב עיזים מל,,,יוגורט מחלב עיזים מלא כ-3.8% שומן 500 גר,גרמים,500.00,100 גרם,false,1,14.90,2.9800,true,1,136709
7290114311014,false,משקה חלב אייס קפוצינ,,,משקה חלב אייס קפוצינו 250 מל,מיליליטרים,250.00,"100 מ""ל",false,1,5.90,2.3600,true,1,139454
7290114311021,false,משקה חלב וניל עוגיות,,,משקה חלב וניל עוגיות 250 מל,מיליליטרים,250.00,"100 מ""ל",false,1,5.90,2.3600,true,1,139455
7290114311038,false,שמנת מתוקה להקפצה 32,,,שמנת מתוקה להקפצה 32% טרה 250 גר,גרמים,250.00,100 גרם,false,1,7.90,3.1600,true,1,139453
7290114311076,false,חמאה צהובה עם שום מו,,,חמאה צהובה עם שום מולר 200 גר,גרמים,200.00,100 גרם,false,30,11.90,5.9500,true,1,139315
7290114311304,false,יוגורט מולר פרופ מנג,,,יוגורט מולר פרופ מנגו פסיפלורה בננה 150,מיליליטרים,150.00,"100 מ""ל",false,1,4.90,3.2667,true,1,140378
7290114311328,false,חלב מועשר 2% נטול לק,,,חלב מועשר 2% נטול לקטוז 1 ל,ליטרים,1.00,ליטר,false,1,7.90,7.9000,true,1,141307
7290114311359,false,יוגורט מולר פרופ מנג,,,יוגורט מולר פרופ מנגו 150 גר,מיליליטרים,150.00,"100 מ""ל",false,1,4.90,3.2667,true,1,140379
7290114311458,false,חלב מועשר 3% ויטמין,,,חלב מועשר 3% ויטמין די 1 ל,ליטרים,1.00,ליטר,false,12,7.70,7.7000,true,1,141698
7290114600996,false,רוטב שום מאסטר שף 25,קפה לנדוור,,רוטב שום מאסטר שף 250 מל,מיליליטרים,250.00,"100 מ""ל",false,1,9.90,3.9600,true,1,128491
7290114603508,false,רוטב להקפצה מאסטר שף,,TH,"רוטב להקפצה מאסטר שף 300 מ""ל",מיליליטרים,300.00,"100 מ""ל",false,12,9.90,3.3000,true,1,129675
7290114603539,false,קרוטונים למרק שום בצ,EinatFood,IL,קרוטונים למרק שום בצל מאסטר שף 350 גר,גרמים,350.00,100 גרם,false,12,18.90,5.4000,true,1,129673
7290114604116,false,מקלוני כותנה 500 יח,,,מקלוני כותנה 500 יח,Unknown,0.00,Unknown,false,1,8.80,0.0000,true,1,134027
7290114604901,false,ממרח שום לחיץ מאסטר,,,ממרח שום לחיץ מאסטר שף 444 גר,גרמים,444.00,100 גרם,false,1,14.90,3.3559,true,1,133217
7290114604949,false,רוטב ברביקיו מאסטר ש,,,רוטב ברביקיו מאסטר שף 524 גר,גרמים,524.00,100 גרם,false,1,12.90,2.4618,true,1,133221
7290114604963,false,פירורים מתובלים מאסט,מנה,IL,פירורים מתובלים מאסטר שף 230 גר,גרמים,230.00,100 גרם,false,20,6.90,3.0000,true,1,131590
7290114606530,false,רוטב בטעם מיונז וקטש,,,רוטב בטעם מיונז וקטשופ מאסטר שף 515 גר,גרמים,515.00,100 גרם,false,1,14.90,2.8932,true,1,133219
7290114608664,false,סילאן לחיץ מאסטר שף,,,סילאן לחיץ מאסטר שף 680 גר,גרמים,680.00,100 גרם,false,1,21.90,3.2206,true,1,134981
7290114659949,false,מסכה חד פעמית כחולה,,,מסכה חד פעמית כחולה מארז 50 יח,Unknown,0.00,Unknown,false,1,7.90,0.0000,true,1,138471
7290114750813,false,מארז זוג דאו גילט קל,,,מארז זוג דאו גילט קליר גל,Unknown,0.00,Unknown,false,1,29.90,0.0000,true,1,141480
7290114750820,false,מארז זוג דאו גילט קל,,,מארז זוג דאו גילט קליר גל,Unknown,0.00,Unknown,false,1,29.90,0.0000,true,1,141479
7290115180251,false,סיגריות אייקוס אמבר,,,סיגריות אייקוס אמבר,Unknown,0.00,Unknown,false,1,27.00,0.0000,false,1,133924
7290115180268,false,סיגריות אייקוס צהוב,,,סיגריות אייקוס צהוב,Unknown,0.00,Unknown,false,1,27.00,0.0000,false,1,133925
7290115180275,false,סיגריות אייקוס טורקי,,,סיגריות אייקוס טורקיז,Unknown,0.00,Unknown,false,1,27.00,0.0000,false,1,133927
7290115181500,false,סיגריות אייקוס לגונה,,,סיגריות אייקוס לגונה סוויפט,Unknown,0.00,Unknown,false,1,27.00,0.0000,false,1,137949
7290115190014,false,מרלבורו רד,,,מרלבורו רד,Unknown,0.00,Unknown,false,1,36.00,0.0000,false,1,130082
7290115190052,false,מרלבורו פלייבור מיקס,,,מרלבורו פלייבור מיקס,Unknown,0.00,Unknown,false,1,36.00,0.0000,false,1,129504
7290115190076,false,מלבורו גולד ארוך,,,מלבורו גולד ארוך,Unknown,0.00,Unknown,false,1,36.00,0.0000,false,1,130990
7290115190090,false,מרלבורו גולד,,,מרלבורו גולד,Unknown,0.00,Unknown,false,1,36.00,0.0000,false,1,130071
7290115190113,false,מרלבורו גולד סופט,,,מרלבורו גולד סופט,Unknown,0.00,Unknown,false,1,33.00,0.0000,false,1,130069
7290115190137,false,מרלבורו פיין טאץ,,,מרלבורו פיין טאץ,Unknown,0.00,Unknown,false,1,31.00,0.0000,false,1,130081
7290115190151,false,מרלבורו טאץ,,,מרלבורו טאץ,Unknown,0.00,Unknown,false,1,31.00,0.0000,false,1,130078
7290115190175,false,פרלמנט סופר סלימס,,,פרלמנט סופר סלימס,Unknown,0.00,Unknown,false,1,41.00,0.0000,false,1,129502
7290115190199,false,פרלמנט רגיל ארוך RCB,,,פרלמנט רגיל ארוך RCB,Unknown,0.00,Unknown,false,1,41.00,0.0000,false,1,133248
7290115190212,false,פרלמנט בלו ארוך,,,פרלמנט בלו,Unknown,0.00,Unknown,false,1,41.00,0.0000,false,1,130073
7290115190236,false,פרלמנט בלו,,,פרלמנט בלו,Unknown,0.00,Unknown,false,1,41.00,0.0000,false,1,130072
7290115190335,false,ל.מ כחול לייבל ארוך,,,ל.מ כחול לייבל ארוך,Unknown,0.00,Unknown,false,1,30.00,0.0000,false,1,133352
7290115190359,false,ל.מ כחול לייבל קצר,,,ל.מ כחול לייבל קצר,Unknown,0.00,Unknown,false,1,31.00,0.0000,false,1,129503
7290115190373,false,סיגריות ל.מ קפסולה,,,סיגריות ל.מ קפסולה,Unknown,0.00,Unknown,false,1,31.00,0.0000,false,1,130080
7290115190397,false,ל.מ אדום לייבל קצר,,,ל.מ אדום לייבל קצר,Unknown,0.00,Unknown,false,1,31.00,0.0000,false,1,129500
7290115190434,false,ל.מ. וויב סלימס,,,ל.מ. וויב סלימס,Unknown,0.00,Unknown,false,1,31.00,0.0000,false,1,129506
7290115190458,false,סיגריות נקסט אדג,,,סיגריות נקסט אדג,Unknown,0.00,Unknown,false,1,27.00,0.0000,false,1,130991
7290115190519,false,נקסט פיין,,,נקסט פיין,Unknown,0.00,Unknown,false,1,30.00,0.0000,false,1,130075
7290115190533,false,סיגריות נקסט ריסס 10,,,סיגריות נקסט ריסס 100,Unknown,0.00,Unknown,false,1,28.00,0.0000,false,1,130989
7290115190557,false,סיגריות נקסט ריסס קצ,,,סיגריות נקסט ריסס קצר,Unknown,0.00,Unknown,false,1,28.00,0.0000,false,1,130076
7290115190571,false,נקסט לילך,,,נקסט לילך,Unknown,0.00,Unknown,false,1,30.00,0.0000,false,1,129501
7290115190892,false,סיגריות מרלבורו פיוז,,,סיגריות מרלבורו פיוזן קפסולה,Unknown,0.00,Unknown,false,1,29.00,0.0000,false,1,134152
7290115190939,false,סיגריות ל.מ קליק קפס,,,סיגריות ל.מ קליק קפסולה,Unknown,0.00,Unknown,false,1,27.00,0.0000,false,1,136395
7290115190977,false,מרלבורו טאץ אדום,,,מרלבורו טאץ אדום,Unknown,0.00,Unknown,false,1,31.00,0.0000,false,1,141017
7290115191035,false,מרלבורו סאמר ספלאש,,,מרלבורו סאמר ספלאש,Unknown,0.00,Unknown,false,1,31.00,0.0000,false,1,139680
7290115191073,false,נקסט ריץ,,,נקסט ריץ,Unknown,0.00,Unknown,false,1,28.00,0.0000,false,1,142902
7290115200003,false,פתי בר פינוקי וניל 2,אסם,PL,פתי בר פינוקי וניל 220 גרם,גרמים,220.00,100 גרם,false,16,9.90,4.5000,true,1,128604
7290115200027,false,פתי בר פינוקי שוקו 2,אסם,PL,פתי בר פינוקי שוקו 220 גרם,גרמים,220.00,100 גרם,false,16,9.90,4.5000,true,1,128605
7290115200676,false,עוגיות קרמוגית קרמל,אסם,IL,עוגיות קרמוגית קרמל מלוח 200 גר,גרמים,200.00,100 גרם,false,12,9.90,4.9500,true,1,129464
7290115201031,false,פתי בר דובי שוקולד 1,אסם,PL,פתי בר דובי שוקולד 175 גר,גרמים,175.00,100 גרם,false,16,9.90,5.6571,true,1,132687
7290115201703,false,ביסלי ברביקיו 200 גר,אסם,IL,ביסלי ברביקיו 200 גר,גרמים,200.00,100 גרם,false,25,7.90,3.9500,true,1,130574
7290115201727,false,ביסלי בצל 200 גר,אסם,IL,ביסלי בצל 200 גר,גרמים,200.00,100 גרם,false,25,7.90,3.9500,true,1,130573
7290115202939,false,מנה חמה רייס נודלס ע,,,מנה חמה רייס נודלס עוף פטריות 50 גר,גרמים,50.00,100 גרם,false,1,8.90,17.8000,true,1,136523
7290115203295,false,פרפקטו פסטה ריציאולי,,IT,פרפקטו פסטה ריציאולי 500 גר,גרמים,500.00,100 גרם,false,12,9.90,1.9800,true,1,132743
7290115203806,false,רוטב בסיס 290 מל,אסם,,רוטב בסיס 290 מל,מיליליטרים,290.00,"100 מ""ל",false,1,13.90,4.7931,true,1,135647
7290115204056,false,קטשופ אסם מופחת סוכר,אסם,,קטשופ אסם מופחת סוכר 690 גר,גרמים,690.00,100 גרם,false,9,10.90,1.5797,true,1,134277
7290115204919,false,במבה במילוי קרם בייג,אסם,,במבה במילוי קרם בייגלה 150 גר,גרמים,150.00,100 גרם,false,24,8.90,5.9333,true,1,134045
7290115205121,false,פריכיות פיטנס בר יוג,כרמית,,פריכיות פיטנס בר יוגורט תות 84 גר,גרמים,84.00,100 גרם,false,12,12.90,15.3571,true,1,136502
7290115205176,false,קרקר פיטנס דק כפרי 1,אסם,IL,קרקר פיטנס דק כפרי 140 גר,גרמים,140.00,100 גרם,false,12,10.90,7.7857,true,1,136501
7290115207941,false,ויטמינציק אננס 1 ל,בית השיטה,,ויטמינציק אננס 1 ל,ליטרים,1.00,ליטר,false,1,19.90,19.9000,true,1,138302
7290115207989,false,ויטמינציק לימון 1 ל,בית השיטה,,ויטמינציק לימון 1 ל,ליטרים,1.00,ליטר,false,1,19.90,19.9000,true,1,138303
7290115208009,false,ויטמינציק ענבים 1 ל,בית השיטה,,ויטמינציק ענבים 1 ל,ליטרים,1.00,ליטר,false,1,19.90,19.9000,true,1,138306
7290115208047,false,ויטמינציק פטל 1 ל,בית השיטה,,ויטמינציק פטל 1 ל,ליטרים,1.00,ליטר,false,1,19.90,19.9000,true,1,138301
7290115208061,false,ויטמינציק תפוח 1 ל,בית השיטה,,ויטמינציק תפוח 1 ל,ליטרים,1.00,ליטר,false,1,19.90,19.9000,true,1,138304
7290115254174,false,סוכריות חד קרן 120 ג,,,סוכריות חד קרן 120 גר,גרמים,120.00,100 גרם,false,12,19.90,16.5833,true,1,136809
7290115254600,false,סוכריות קשת מטאלי 12,,,סוכריות קשת מטאלי 120 גר,גרמים,120.00,100 גרם,false,12,19.90,16.5833,true,1,136811
7290115670677,false,גרנולה פירות טרופיים,,,גרנולה פירות טרופיים 400 גר,גרמים,400.00,100 גרם,false,1,14.90,3.7250,true,1,133184
7290115670684,false,גרנולה אגוזים 400 גר,,,גרנולה אגוזים 400 גר,גרמים,400.00,100 גרם,false,1,14.90,3.7250,true,1,133185
7290115670691,false,גרנולה פירות יער 400,,,גרנולה פירות יער 400 גר,גרמים,400.00,100 גרם,false,1,14.90,3.7250,true,1,133186
7290115671155,false,שלישיית סוכריות פרש,ALPRO,,שלישיית סוכריות פרש ענבים 15 גר,גרמים,45.00,100 גרם,false,4,9.90,22.0000,true,1,137875
7290115671223,false,מסטיק מאסט פאן אבטיח,STRAUSS-ISRAEL,,מסטיק מאסט פאן אבטיח מנגו 58 גר,גרמים,58.00,100 גרם,false,12,9.90,17.0690,true,1,137863
7290115671308,false,מסטיק מאסט פאן תות ד,STRAUSS-ISRAEL,,מסטיק מאסט פאן תות דובדבן 58 גר,גרמים,58.00,100 גרם,false,12,9.90,17.0690,true,1,137864
7290115671353,false,מיני פינוקיות שחור ל,,,מיני פינוקיות שחור לבן 180 גר,גרמים,180.00,100 גרם,false,12,10.90,6.0556,true,1,137878
7290115675696,false,קוואקר אגוזים 375 גר,,,קוואקר אגוזים 375 גר,גרמים,375.00,100 גרם,false,6,19.90,5.3067,true,1,134419
7290115675702,false,קוואקר פירות 375 גר,,,קוואקר פירות 375 גר,גרמים,375.00,100 גרם,false,6,19.90,5.3067,true,1,134420
7290115676037,false,משקה דנונה ריפרש תות,,,משקה דנונה ריפרש תות דומדמניות 250 גר,גרמים,250.00,100 גרם,false,1,5.90,2.3600,true,1,133710
7290115676051,false,משקה אקטיביה מתיקות,,,משקה אקטיביה מתיקות מעודנת 265 גר,גרמים,265.00,100 גרם,false,12,4.90,1.8491,true,1,136442
7290115676273,false,קקאו בתוספת 10% 550,STRAUSS-ISRAEL,,קקאו עלית 500 גר+10%,גרמים,550.00,100 גרם,false,10,23.90,4.3455,true,1,133159
7290115676693,false,חטיף תפוציפס מלח חומ,STRAUSS-ISRAEL,,חטיף תפוציפס מלח חומץ 50 גר,גרמים,50.00,100 גרם,false,1,3.90,7.8000,true,1,140337
7290115677140,false,חטיף תפוציפס בטעם פפ,STRAUSS-ISRAEL,,חטיף תפוציפס בטעם פפריקה 200 גר,גרמים,200.00,100 גרם,false,12,10.90,5.4500,true,1,142473
7290115678222,false,יוגורט בסגנון יווני,,,מארז שמיניית יוגורט יווני,Unknown,0.00,Unknown,false,1,24.90,0.0000,true,1,133709
7290115678376,false,מעדן הגולן שוקולד 12,,,מעדן הגולן שוקולד 125 גר,גרמים,125.00,100 גרם,false,24,2.90,2.3200,true,1,134771
7290115678383,false,מעדן הגולן שוקולד מר,,,מעדן הגולן שוקולד מריר 125 גר,גרמים,125.00,100 גרם,false,24,2.90,2.3200,true,1,134770
7290115678970,false,סוכריות ללא סוכר בטע,,,שלישיית סוכריות פרש בטעם בזוקה 45 גר,גרמים,45.00,100 גרם,false,4,9.90,22.0000,true,1,134763
7290116530062,false,רוטב הלמנס ויניגרט 2,יוניליוור,IL,רוטב הלמנס ויניגרט 295 גר,גרמים,295.00,100 גרם,false,12,10.90,3.6949,true,1,134241
7290116530147,false,תחליב רחצה פינוק פיר,יוניליוור,IL,תחליב רחצה פינוק פירות יער 700 מל,מיליליטרים,700.00,"100 מ""ל",false,12,9.90,1.4143,true,1,133763
7290116530161,false,תחליב רחצה פינוק אננ,יוניליוור,IL,תחליב רחצה פינוק אננס 700 מל,מיליליטרים,700.00,"100 מ""ל",false,12,9.90,1.4143,true,1,133765
7290116530482,false,קורנפלקס אלופים חמיש,,,קורנפלקס אלופים חמישייה 150 גר,גרמים,150.00,100 גרם,false,1,11.90,7.9333,true,1,135519
7290116530871,false,נשנושים מיקס 240 גר,,IL,נשנושים מיקס 240 גר,גרמים,240.00,100 גרם,false,1,10.90,4.5417,true,1,133759
7290116530888,false,גל כביסה בדין פינוק,,,גל כביסה בדין פינוק קלאסי 2.5 ל,ליטרים,2.50,ליטר,false,6,29.90,11.9600,true,1,134493
7290116531090,false,חטיף דגדג במליחות מע,,,חטיף דגדג במליחות מעודנת 250 גר,גרמים,250.00,100 גרם,false,1,9.90,3.9600,true,1,138111
7290116531496,false,קינמונים 375 גר,אתר שפע,,קינמונים 375 גר,גרמים,375.00,100 גרם,false,10,16.90,4.5067,true,1,138782
7290116531571,false,סיף מגבונים לניקוי כ,,,סיף מגבונים לניקוי כללי לימון 50 יח,Unknown,0.00,Unknown,false,12,8.90,0.0000,true,1,141807
7290116531656,false,מרכך פינוק תפוח 700,יוניליוור,IL,מרכך פינוק תפוח 700 מל,מיליליטרים,700.00,"100 מ""ל",false,12,10.90,1.5571,true,1,135528
7290116531663,false,תחליב רחצה פינוק תפו,יוניליוור,IL,תחליב רחצה פינוק תפוח 700 מל,מיליליטרים,700.00,"100 מ""ל",false,12,9.90,1.4143,true,1,135529
7290116531762,false,בדין דפים למייבש ורו,,IL,בדין דפים למייבש ורוד,Unknown,0.00,Unknown,false,12,17.90,0.0000,true,1,139818
7290116531779,false,בדין דפים למייבש כחו,קלינטסט,,בדין דפים למייבש כחול,Unknown,0.00,Unknown,false,1,17.90,0.0000,true,1,139819
7290116531793,false,רוטב הלמנס קיסר 295,יוניליוור,IL,רוטב הלמנס קיסר 295 גר,גרמים,295.00,100 גרם,false,12,10.90,3.6949,true,1,136493
7290116531830,false,כריות קינמון 686 גר,אתר שפע,,כריות קינמון 686 גר,גרמים,686.00,100 גרם,false,1,21.90,3.1924,true,1,136489
7290116531892,false,רוטב קנור ברביקיו מע,אתר חיפה  778,,רוטב קנור ברביקיו מעושן 350 גר,גרמים,350.00,100 גרם,false,12,10.90,3.1143,true,1,138784
7290116531908,false,רוטב מרינדה על האש 3,אתר חיפה  778,,רוטב מרינדה על האש 340 גר,גרמים,340.00,100 גרם,false,12,10.90,3.2059,true,1,138783
7290116532387,false,סבון ידיים נוזלי חמא,,,סבון ידיים נוזלי חמאת שיאה פינוק 950 מל,מיליליטרים,950.00,"100 מ""ל",false,12,11.90,1.2526,true,1,138786
7290116532721,false,רוטב הלמנס לסלט ישרא,יוניליוור,IL,רוטב הלמנס לסלט ישראלי 295 גר,גרמים,295.00,100 גרם,false,12,10.90,3.6949,true,1,141801
7290116532738,false,רוטב הלמנס לסלט איטל,יוניליוור,IL,רוטב הלמנס לסלט איטלקי 295 גר,גרמים,295.00,100 גרם,false,12,10.90,3.6949,true,1,141800
7290116532875,false,סבון נוזלי פינוק ביי,אתר ליוור,,סבון נוזלי פינוק בייבי 900 מל,מיליליטרים,900.00,"100 מ""ל",false,1,19.90,2.2111,true,1,141039
7290116533063,false,דגני בוקר שוגי בטעם,יוניליוור,IL,דגני בוקר שוגי בטעם קרטיב ענבים 400 גר,גרמים,400.00,100 גרם,false,12,16.90,4.2250,true,1,141235
7290116533100,false,מרכך בניחוח וורדים ל,יוניליוור,IL,מרכך בניחוח וורדים לבנים פינוק 700 מל,מיליליטרים,700.00,"100 מ""ל",false,12,10.90,1.5571,true,1,141810
7290116533117,false,תחליב רחצה פינוק וור,יוניליוור,IL,תחליב רחצה פינוק וורדים לבנים 700 מל,מיליליטרים,700.00,"100 מ""ל",false,12,9.90,1.4143,true,1,141808
7290116930442,false,יופלה שייק בננה מנגו,,,יופלה סנייק בננה מנגו תפוז גזר 230 מל,מיליליטרים,230.00,"100 מ""ל",false,1,7.90,3.4348,true,1,140635
7290116930459,false,יופלה שייק בננה אננס,,,יופלה סנייק בננה אננס וקוקוס 230 מל,מיליליטרים,230.00,"100 מ""ל",false,1,7.90,3.4348,true,1,140638
7290116930466,false,יופלה שייק מנגו בננה,,,יופלה סנייק מנגו בננה פסיפלורה הל 230 מל,מיליליטרים,230.00,"100 מ""ל",false,1,7.90,3.4348,true,1,140637
7290116930480,false,יופלה שייק בננה קיוו,,,יופלה סנייק בננה קיווי תפוח 230 מל,מיליליטרים,230.00,"100 מ""ל",false,1,7.90,3.4348,true,1,140636
7290116930701,false,מעדן חלב גו בטעם קרמ,,,מעדן חלב גו בטעם קרמל מלוח 120 גר,גרמים,120.00,100 גרם,false,20,4.90,4.0833,true,1,140634
7290116931081,false,מעדן סויה בטעם טופי,,,מעדן סויה בטעם טופי קרמל 125 גר,גרמים,125.00,100 גרם,false,1,3.90,3.1200,true,1,141629
7290116931104,false,יוגורט גו במרקם סמיך,,,יוגורט גו במרקם סמיך 0% אננס 200 גר,גרמים,200.00,100 גרם,false,12,5.90,2.9500,true,1,141226
7290117260401,false,גבינת מוצרלה מגורדת,MEVGAL,,גבינת מוצרלה מגורדת 500 גר,גרמים,500.00,100 גרם,false,1,29.90,5.9800,true,1,138159
7290117260463,false,גבינה בולגרית למריחה,,,גבינה בולגרית למריחה 5% חלפיניו 200 גר,גרמים,200.00,100 גרם,false,1,9.90,4.9500,true,1,139708
7290117260982,true,זיתים שחורים מגולעני,,,זיתים שחורים מגולענים במי מלח 300 גר,גרמים,300.00,100 גרם,false,1,7.90,2.6333,true,1,140610
7290117261019,true,זיתים ירוקים ממולאים,,,זיתים ירוקים ממולאים בפלפל במי מלח 300 ג,גרמים,300.00,100 גרם,false,1,8.90,2.9667,true,1,140611
7290117261927,false,גבינת פקורינו מחלב כ,,,גבינת פקורינו מחלב כבשים צאנק 150 גר,גרמים,150.00,100 גרם,false,1,19.90,13.2667,true,1,140600
7290117380154,false,רוטב אסייתי סויה ושו,,NL,רוטב אסייתי סויה ושומשום מאסטר שף 264 גר,גרמים,264.00,100 גרם,false,6,9.90,3.7500,true,1,139443
7290117380178,false,סוויט פוף שוקולד חלב,,GR,סוויט פוף שוקולד חלב 50 גר,גרמים,50.00,100 גרם,false,1,4.90,9.8000,true,1,140102
7290117380864,false,חטיף מרבה סלים דליס,מרבה,,חטיף מרבה סלים דליס פייבר שוקולד 120 גר,גרמים,120.00,100 גרם,false,1,11.90,9.9167,true,1,140023
7290117560006,true,קופון ציפר,,,קופון ציפר,Unknown,0.00,Unknown,false,1,0.01,0.0000,true,1,135571
7290117560013,true,קופון ציפר,,,קופון ציפר,Unknown,0.00,Unknown,false,1,0.01,0.0000,true,1,135572
7290117560020,true,קופון ציפר,,,קופון ציפר,Unknown,0.00,Unknown,false,1,0.01,0.0000,true,1,135573
7290117560037,true,קופון ציפר,,,קופון ציפר,Unknown,0.00,Unknown,false,1,0.01,0.0000,true,1,135574
7290117560044,true,קופון ציפר,,,קופון ציפר,Unknown,0.00,Unknown,false,1,0.01,0.0000,true,1,135575
7290117560051,true,קופון ציפר,,,קופון ציפר,Unknown,0.00,Unknown,false,1,0.01,0.0000,true,1,135576
7290117560068,true,קופון ציפר,,,קופון ציפר,Unknown,0.00,Unknown,false,1,0.01,0.0000,true,1,135577
7290117560075,true,קופון ציפר,,,קופון ציפר,Unknown,0.00,Unknown,false,1,0.01,0.0000,true,1,135578
7290117560082,true,קופון ציפר,,,קופון ציפר,Unknown,0.00,Unknown,false,1,0.01,0.0000,true,1,135579
7290117560136,true,קופון ציפר,,,קופון ציפר,Unknown,0.00,Unknown,false,1,0.01,0.0000,true,1,135584
7290117560143,true,קופון ציפר,,,קופון ציפר,Unknown,0.00,Unknown,false,1,0.01,0.0000,true,1,135585
7290117560150,true,קופון ציפר,,,קופון ציפר,Unknown,0.00,Unknown,false,1,0.01,0.0000,true,1,135586
7290117560167,true,קופון ציפר,,,קופון ציפר,Unknown,0.00,Unknown,false,1,0.01,0.0000,true,1,135587
7290117560174,true,קופון ציפר,,,קופון ציפר,Unknown,0.00,Unknown,false,1,0.01,0.0000,true,1,135588
7290117560181,true,קופון ציפר,,,קופון ציפר,Unknown,0.00,Unknown,false,1,0.01,0.0000,true,1,135589
7290117560198,true,קופון ציפר,,,קופון ציפר,Unknown,0.00,Unknown,false,1,0.01,0.0000,true,1,135590
7290117560228,true,קופון ציפר,,,קופון ציפר,Unknown,0.00,Unknown,false,1,0.01,0.0000,true,1,135593
7290117560235,true,קופון ציפר,,,קופון ציפר,Unknown,0.00,Unknown,false,1,0.01,0.0000,true,1,135594
7290117560242,true,קופון ציפר,,,קופון ציפר,Unknown,0.00,Unknown,false,1,0.01,0.0000,true,1,135595
7290117560259,true,קופון ציפר,,,קופון ציפר,Unknown,0.00,Unknown,false,1,0.01,0.0000,true,1,135596
7290117560266,true,קופון ציפר,,,קופון ציפר,Unknown,0.00,Unknown,false,1,0.01,0.0000,true,1,135597
7290117560273,true,קופון ציפר,,,קופון ציפר,Unknown,0.00,Unknown,false,1,0.01,0.0000,true,1,135598
7290117560297,true,קופון ציפר,,,קופון ציפר,Unknown,0.00,Unknown,false,1,0.01,0.0000,true,1,135600
7290117560303,true,קופון ציפר,,,קופון ציפר,Unknown,0.00,Unknown,false,1,0.01,0.0000,true,1,135601
7290117560310,true,קופון ציפר,,,קופון ציפר,Unknown,0.00,Unknown,false,1,0.01,0.0000,true,1,135602
7290117560327,true,קופון ציפר,,,קופון ציפר,Unknown,0.00,Unknown,false,1,0.01,0.0000,true,1,135603
7290117560334,true,קופון ציפר,,,קופון ציפר,Unknown,0.00,Unknown,false,1,0.01,0.0000,true,1,135604
7290117560341,true,קופון ציפר,,,קופון ציפר,Unknown,0.00,Unknown,false,1,0.01,0.0000,true,1,135605
7290117560358,true,קופון ציפר,,,קופון ציפר,Unknown,0.00,Unknown,false,1,0.01,0.0000,true,1,135606
7290117560365,true,קופון ציפר,,,קופון ציפר,Unknown,0.00,Unknown,false,1,0.01,0.0000,true,1,135607
7290117560372,true,קופון ציפר,,,קופון ציפר,Unknown,0.00,Unknown,false,1,0.01,0.0000,true,1,135608
7290117560389,true,קופון ציפר,,,קופון ציפר,Unknown,0.00,Unknown,false,1,0.01,0.0000,true,1,135609
7290117560396,true,קופון ציפר,,,קופון ציפר,Unknown,0.00,Unknown,false,1,0.01,0.0000,true,1,135610
7290117560402,true,קופון ציפר,,,קופון ציפר,Unknown,0.00,Unknown,false,1,0.01,0.0000,true,1,135611
7290117560419,true,קופון ציפר,,,קופון ציפר,Unknown,0.00,Unknown,false,1,0.01,0.0000,true,1,135612
7290117560426,true,קופון ציפר,,,קופון ציפר,Unknown,0.00,Unknown,false,1,0.01,0.0000,true,1,135613
7290117560433,true,קופון ציפר,,,קופון ציפר,Unknown,0.00,Unknown,false,1,0.01,0.0000,true,1,135614
7290117560440,true,קופון ציפר,,,קופון ציפר,Unknown,0.00,Unknown,false,1,0.01,0.0000,true,1,135615
7290117560457,true,קופון ציפר,,,קופון ציפר,Unknown,0.00,Unknown,false,1,0.01,0.0000,true,1,135616
7290117560464,true,קופון ציפר,,,קופון ציפר,Unknown,0.00,Unknown,false,1,0.01,0.0000,true,1,135617
7290117560471,true,קופון ציפר,,,קופון ציפר,Unknown,0.00,Unknown,false,1,0.01,0.0000,true,1,135618
7290117560488,true,קופון ציפר,,,קופון ציפר,Unknown,0.00,Unknown,false,1,0.01,0.0000,true,1,135619
7290117560495,true,קופון ציפר,,,קופון ציפר,Unknown,0.00,Unknown,false,1,0.01,0.0000,true,1,135620
7290117560501,true,קופון ציפר,,,קופון ציפר,Unknown,0.00,Unknown,false,1,0.01,0.0000,true,1,135621
7290117560525,true,קופון ציפר,,,קופון ציפר,Unknown,0.00,Unknown,false,1,0.01,0.0000,true,1,135623
7290117560532,true,קופון ציפר,,,קופון ציפר,Unknown,0.00,Unknown,false,1,0.01,0.0000,true,1,135624
7290117560549,true,קופון ציפר,,,קופון ציפר,Unknown,0.00,Unknown,false,1,0.01,0.0000,true,1,135625
7290117560556,true,קופון ציפר,,,קופון ציפר,Unknown,0.00,Unknown,false,1,0.01,0.0000,true,1,135626
7290117560563,true,קופון ציפר,,,קופון ציפר,Unknown,0.00,Unknown,false,1,0.01,0.0000,true,1,135627
7290117560570,true,קופון ציפר,,,קופון ציפר,Unknown,0.00,Unknown,false,1,0.01,0.0000,true,1,135628
7290117560587,true,קופון ציפר,,,קופון ציפר,Unknown,0.00,Unknown,false,1,0.01,0.0000,true,1,135629
7290117560594,true,קופון ציפר,,,קופון ציפר,Unknown,0.00,Unknown,false,1,0.01,0.0000,true,1,135630
7290117560600,true,קופון ציפר,,,קופון ציפר,Unknown,0.00,Unknown,false,1,0.01,0.0000,true,1,135631
7290117560617,true,קופון ציפר,,,קופון ציפר,Unknown,0.00,Unknown,false,1,0.01,0.0000,true,1,135632
7290117560624,true,קופון ציפר,,,קופון ציפר,Unknown,0.00,Unknown,false,1,0.01,0.0000,true,1,135633
7290117560631,true,קופון ציפר,,,קופון ציפר,Unknown,0.00,Unknown,false,1,0.01,0.0000,true,1,135634
7290117560648,true,קופון ציפר,,,קופון ציפר,Unknown,0.00,Unknown,false,1,0.01,0.0000,true,1,135640
7290117560655,true,קופון ציפר,,,קופון ציפר,Unknown,0.00,Unknown,false,1,0.01,0.0000,true,1,135635
7290117560662,true,קופון ציפר,,,קופון ציפר,Unknown,0.00,Unknown,false,1,0.01,0.0000,true,1,135637
7290117560679,true,קופון ציפר,,,קופון ציפר,Unknown,0.00,Unknown,false,1,0.01,0.0000,true,1,135638
7290117560686,true,קופון ציפר,,,קופון ציפר,Unknown,0.00,Unknown,false,1,0.01,0.0000,true,1,135642
7290117560693,true,קופון ציפר,,,קופון ציפר,Unknown,0.00,Unknown,false,1,0.01,0.0000,true,1,135636
7290117560716,true,קופון ציפר,,,קופון ציפר,Unknown,0.00,Unknown,false,1,0.01,0.0000,true,1,135641
7290117560723,true,קופון ציפר,,,קופון ציפר,Unknown,0.00,Unknown,false,1,0.01,0.0000,true,1,135643
7290117560730,true,קופון ציפר,,,קופון ציפר,Unknown,0.00,Unknown,false,1,0.01,0.0000,true,1,136297
7290117560747,true,קופון ציפר,,,קופון ציפר,Unknown,0.00,Unknown,false,1,0.01,0.0000,true,1,136321
7290117560754,true,קופון ציפר,,,קופון ציפר,Unknown,0.00,Unknown,false,1,0.01,0.0000,true,1,136322
7290117560761,true,קופון ציפר,,,קופון ציפר,Unknown,0.00,Unknown,false,1,0.01,0.0000,true,1,136323
7290117560778,true,קופון ציפר,,,קופון ציפר,Unknown,0.00,Unknown,false,1,0.01,0.0000,true,1,136324
7290117560785,true,קופון ציפר,,,קופון ציפר,Unknown,0.00,Unknown,false,1,0.01,0.0000,true,1,136325
7290117560792,true,קופון ציפר,,,קופון ציפר,Unknown,0.00,Unknown,false,1,0.01,0.0000,true,1,136326
7290117560808,true,קופון ציפר,,,קופון ציפר,Unknown,0.00,Unknown,false,1,0.01,0.0000,true,1,136327
7290117560815,true,קופון ציפר,,,קופון ציפר,Unknown,0.00,Unknown,false,1,0.01,0.0000,true,1,136328
7290117560822,true,קופון ציפר,,,קופון ציפר,Unknown,0.00,Unknown,false,1,0.01,0.0000,true,1,136329
7290117560846,true,קופון ציפר,,,קופון ציפר,Unknown,0.00,Unknown,false,1,0.01,0.0000,true,1,136331
7290117560853,true,קופון ציפר,,,קופון ציפר,Unknown,0.00,Unknown,false,1,0.01,0.0000,true,1,136332
7290117560860,true,קופון ציפר,,,קופון ציפר,Unknown,0.00,Unknown,false,1,0.01,0.0000,true,1,136333
7290117560877,true,קופון ציפר,,,קופון ציפר,Unknown,0.00,Unknown,false,1,0.01,0.0000,true,1,136334
7290117560884,true,קופון ציפר,,,קופון ציפר,Unknown,0.00,Unknown,false,1,0.01,0.0000,true,1,136335
7290117560891,true,קופון ציפר,,,קופון ציפר,Unknown,0.00,Unknown,false,1,0.01,0.0000,true,1,136336
7290117560907,true,קופון ציפר,,,קופון ציפר,Unknown,0.00,Unknown,false,1,0.01,0.0000,true,1,136341
7290117560914,true,קופון ציפר,,,קופון ציפר,Unknown,0.00,Unknown,false,1,0.01,0.0000,true,1,136338
7290117560921,true,קופון ציפר,,,קופון ציפר,Unknown,0.00,Unknown,false,1,0.01,0.0000,true,1,136339
7290117560952,true,קופון ציפר,,,קופון ציפר,Unknown,0.00,Unknown,false,1,0.01,0.0000,true,1,136434
7290117560969,true,קופון ציפר,,,קופון ציפר,Unknown,0.00,Unknown,false,1,0.01,0.0000,true,1,136435
7290117560976,true,קופון ציפר,,,קופון ציפר,Unknown,0.00,Unknown,false,1,0.01,0.0000,true,1,136436
7290117560983,true,קופון ציפר,,,קופון ציפר,Unknown,0.00,Unknown,false,1,0.01,0.0000,true,1,136437
7290117560990,true,קופון ציפר,,,קופון ציפר,Unknown,0.00,Unknown,false,1,0.01,0.0000,true,1,136438
7290117561003,true,קופון ציפר,,,קופון ציפר,Unknown,0.00,Unknown,false,1,0.01,0.0000,true,1,136439
7290117561027,true,קופון ציפר,,,קופון ציפר,Unknown,0.00,Unknown,false,1,0.01,0.0000,true,1,136613
7290117561034,true,קופון ציפר,,,קופון ציפר,Unknown,0.00,Unknown,false,1,0.01,0.0000,true,1,136614
7290117561041,true,קופון ציפר,,,קופון ציפר,Unknown,0.00,Unknown,false,1,0.01,0.0000,true,1,136615
7290117561058,true,קופון ציפר,,,קופון ציפר,Unknown,0.00,Unknown,false,1,0.01,0.0000,true,1,136616
7290117561065,true,קופון ציפר,,,קופון ציפר,Unknown,0.00,Unknown,false,1,0.01,0.0000,true,1,136617
7290117561072,true,קופון ציפר,,,קופון ציפר,Unknown,0.00,Unknown,false,1,0.01,0.0000,true,1,136618
7290117561089,true,קופון ציפר,,,קופון ציפר,Unknown,0.00,Unknown,false,1,0.01,0.0000,true,1,136619
7290117561096,true,קופון ציפר,,,קופון ציפר,Unknown,0.00,Unknown,false,1,0.01,0.0000,true,1,136620
7290117561102,true,קופון ציפר,,,קופון ציפר,Unknown,0.00,Unknown,false,1,0.01,0.0000,true,1,136621
7290117561119,true,קופון ציפר,,,קופון ציפר,Unknown,0.00,Unknown,false,1,0.01,0.0000,true,1,136622
7290117561126,true,קופון ציפר,,,קופון ציפר,Unknown,0.00,Unknown,false,1,0.01,0.0000,true,1,136623
7290117561133,true,קופון ציפר,,,קופון ציפר,Unknown,0.00,Unknown,false,1,0.01,0.0000,true,1,136624
7290117561140,true,קופון ציפר,,,קופון ציפר,Unknown,0.00,Unknown,false,1,0.01,0.0000,true,1,136625
7290117561157,true,קופון ציפר,,,קופון ציפר,Unknown,0.00,Unknown,false,1,0.01,0.0000,true,1,136626
7290117561164,true,קופון ציפר,,,קופון ציפר,Unknown,0.00,Unknown,false,1,0.01,0.0000,true,1,136627
7290117561171,true,קופון ציפר,,,קופון ציפר,Unknown,0.00,Unknown,false,1,0.01,0.0000,true,1,136628
7290117561188,true,קופון ציפר,,,קופון ציפר,Unknown,0.00,Unknown,false,1,0.01,0.0000,true,1,136629
7290117561195,true,קופון ציפר,,,קופון ציפר,Unknown,0.00,Unknown,false,1,0.01,0.0000,true,1,136630
7290117561201,true,קופון ציפר,,,קופון ציפר,Unknown,0.00,Unknown,false,1,0.01,0.0000,true,1,136631
7290117561218,true,קופון ציפר,,,קופון ציפר,Unknown,0.00,Unknown,false,1,0.01,0.0000,true,1,136632
7290117561225,true,קופון ציפר,,,קופון ציפר,Unknown,0.00,Unknown,false,1,0.01,0.0000,true,1,136633
7290117561256,true,קופון ציפר,,,קופון ציפר,Unknown,0.00,Unknown,false,1,0.01,0.0000,true,1,137371
7290117561270,true,קופון ציפר,,,קופון ציפר,Unknown,0.00,Unknown,false,1,0.01,0.0000,true,1,137373
7290117561287,true,קופון ציפר,,,קופון ציפר,Unknown,0.00,Unknown,false,1,0.01,0.0000,true,1,137374
7290117561331,true,קופון ציפר,,,קופון ציפר,Unknown,0.00,Unknown,false,1,0.01,0.0000,true,1,137379
7290117561355,true,קופון ציפר,,,קופון ציפר,Unknown,0.00,Unknown,false,1,0.01,0.0000,true,1,137381
7290117569122,false,קופון ציפר,,,קופון ציפר,Unknown,0.00,Unknown,false,1,0.01,0.0000,true,1,142475
7290117569139,false,קופון ציפר,,,קופון ציפר,Unknown,0.00,Unknown,false,1,0.01,0.0000,true,1,142476
7290117569146,false,קופון ציפר,,,קופון ציפר,Unknown,0.00,Unknown,false,1,0.01,0.0000,true,1,142561
7290117569153,false,קופון ציפר,,,קופון ציפר,Unknown,0.00,Unknown,false,1,0.01,0.0000,true,1,142562
7290117569160,false,קופון ציפר,,,קופון ציפר,Unknown,0.00,Unknown,false,1,0.01,0.0000,true,1,142563
7290117569177,false,קופון ציפר,,,קופון ציפר,Unknown,0.00,Unknown,false,1,0.01,0.0000,true,1,142477
7290117569184,false,קופון ציפר,,,קופון ציפר,Unknown,0.00,Unknown,false,1,0.01,0.0000,true,1,142478
7290117569191,false,קופון ציפר,,,קופון ציפר,Unknown,0.00,Unknown,false,1,0.01,0.0000,true,1,142479
7290117569207,false,קופון ציפר,,,קופון ציפר,Unknown,0.00,Unknown,false,1,0.01,0.0000,true,1,142480
7290117569214,false,קופון ציפר,,,קופון ציפר,Unknown,0.00,Unknown,false,1,0.01,0.0000,true,1,142481
7290117569221,false,קופון ציפר,,,קופון ציפר,Unknown,0.00,Unknown,false,1,0.01,0.0000,true,1,142482
7290117569238,false,קופון ציפר,,,קופון ציפר,Unknown,0.00,Unknown,false,1,0.01,0.0000,true,1,142483
7290117569245,false,קופון ציפר,,,קופון ציפר,Unknown,0.00,Unknown,false,1,0.01,0.0000,true,1,142484
7290117569252,false,קופון ציפר,,,קופון ציפר,Unknown,0.00,Unknown,false,1,0.01,0.0000,true,1,142485
7290117569269,false,קופון ציפר,,,קופון ציפר,Unknown,0.00,Unknown,false,1,0.01,0.0000,true,1,142486
7290117569283,false,קופון ציפר,,,קופון ציפר,Unknown,0.00,Unknown,false,1,0.01,0.0000,true,1,142488
7290117569290,false,קופון ציפר,,,קופון ציפר,Unknown,0.00,Unknown,false,1,0.01,0.0000,true,1,142489
7290117569306,false,קופון ציפר,,,קופון ציפר,Unknown,0.00,Unknown,false,1,0.01,0.0000,true,1,142490
7290117569313,false,קופון ציפר,,,קופון ציפר,Unknown,0.00,Unknown,false,1,0.01,0.0000,true,1,142491
7290117569320,true,קופון ציפר,,,קופון ציפר,Unknown,0.00,Unknown,false,1,0.01,0.0000,true,1,143256
7290117569337,false,קופון ציפר,,,קופון ציפר,Unknown,0.00,Unknown,false,1,0.01,0.0000,true,1,142492
7290117569344,false,קופון ציפר,,,קופון ציפר,Unknown,0.00,Unknown,false,1,0.01,0.0000,true,1,142493
7290117569351,false,קופון ציפר,,,קופון ציפר,Unknown,0.00,Unknown,false,1,0.01,0.0000,true,1,142494
7290117569368,false,קופון ציפר,,,קופון ציפר,Unknown,0.00,Unknown,false,1,0.01,0.0000,true,1,142495
7290117569375,false,קופון ציפר,,,קופון ציפר,Unknown,0.00,Unknown,false,1,0.01,0.0000,true,1,142496
7290117569382,false,קופון ציפר,,,קופון ציפר,Unknown,0.00,Unknown,false,1,0.01,0.0000,true,1,142497
7290117569399,false,קופון ציפר,,,קופון ציפר,Unknown,0.00,Unknown,false,1,0.01,0.0000,true,1,142498
7290117569405,false,קופון ציפר,,,קופון ציפר,Unknown,0.00,Unknown,false,1,0.01,0.0000,true,1,142499
7290117569412,false,קופון ציפר,,,קופון ציפר,Unknown,0.00,Unknown,false,1,0.01,0.0000,true,1,142500
7290117569429,false,קופון ציפר,,,קופון ציפר,Unknown,0.00,Unknown,false,1,0.01,0.0000,true,1,142501
7290117569436,false,קופון ציפר,,,קופון ציפר,Unknown,0.00,Unknown,false,1,0.01,0.0000,true,1,142502
7290117569443,false,קופון ציפר,,,קופון ציפר,Unknown,0.00,Unknown,false,1,0.01,0.0000,true,1,142503
7290117569450,false,קופון ציפר,,,קופון ציפר,Unknown,0.00,Unknown,false,1,0.01,0.0000,true,1,142504
7290117569474,false,קופון ציפר,,,קופון ציפר,Unknown,0.00,Unknown,false,1,0.01,0.0000,true,1,142506
7290117569481,false,קופון ציפר,,,קופון ציפר,Unknown,0.00,Unknown,false,1,0.01,0.0000,true,1,142507
7290117569504,false,קופון ציפר,,,קופון ציפר,Unknown,0.00,Unknown,false,1,0.01,0.0000,true,1,142509
7290117569511,false,קופון ציפר,,,קופון ציפר,Unknown,0.00,Unknown,false,1,0.01,0.0000,true,1,142510
7290117569528,false,קופון ציפר,,,קופון ציפר,Unknown,0.00,Unknown,false,1,0.01,0.0000,true,1,142511
7290117569535,false,קופון ציפר,,,קופון ציפר,Unknown,0.00,Unknown,false,1,0.01,0.0000,true,1,142512
7290117569542,false,קופון ציפר,,,קופון ציפר,Unknown,0.00,Unknown,false,1,0.01,0.0000,true,1,142513
7290117569559,false,קופון ציפר,,,קופון ציפר,Unknown,0.00,Unknown,false,1,0.01,0.0000,true,1,142514
7290117569566,false,קופון ציפר,,,קופון ציפר,Unknown,0.00,Unknown,false,1,0.01,0.0000,true,1,142515
7290117569573,false,קופון ציפר,,,קופון ציפר,Unknown,0.00,Unknown,false,1,0.01,0.0000,true,1,142516
7290117569597,false,קופון ציפר,,,קופון ציפר,Unknown,0.00,Unknown,false,1,0.01,0.0000,true,1,142518
7290117569634,false,קופון ציפר,,,קופון ציפר,Unknown,0.00,Unknown,false,1,0.01,0.0000,true,1,142581
7290117569641,false,קופון ציפר,,,קופון ציפר,Unknown,0.00,Unknown,false,1,0.01,0.0000,true,1,142523
7290117569658,false,קופון ציפר,,,קופון ציפר,Unknown,0.00,Unknown,false,1,0.01,0.0000,true,1,142524
7290117569665,false,קופון ציפר,,,קופון ציפר,Unknown,0.00,Unknown,false,1,0.01,0.0000,true,1,142582
7290117569672,true,קופון ציפר,,,קופון ציפר,Unknown,0.00,Unknown,false,1,0.01,0.0000,true,1,143257
7290117569689,false,קופון ציפר,,,קופון ציפר,Unknown,0.00,Unknown,false,1,0.01,0.0000,true,1,142526
7290117569696,false,קופון ציפר,,,קופון ציפר,Unknown,0.00,Unknown,false,1,0.01,0.0000,true,1,142527
7290117569702,false,קופון ציפר,,,קופון ציפר,Unknown,0.00,Unknown,false,1,0.01,0.0000,true,1,142528
7290117569726,false,קופון ציפר,,,729קופון ציפר,Unknown,0.00,Unknown,false,1,0.01,0.0000,true,1,142530
7290117569733,false,קופון ציפר,,,729קופון ציפר,Unknown,0.00,Unknown,false,1,0.01,0.0000,true,1,142531
7290117569764,false,קופון ציפר,,,729קופון ציפר,Unknown,0.00,Unknown,false,1,0.01,0.0000,true,1,142534
7290117569771,false,קופון ציפר,,,729קופון ציפר,Unknown,0.00,Unknown,false,1,0.01,0.0000,true,1,142535
7290117569788,false,קופון ציפר,,,729קופון ציפר,Unknown,0.00,Unknown,false,1,0.01,0.0000,true,1,142536
7290117569795,false,קופון ציפר,,,729קופון ציפר,Unknown,0.00,Unknown,false,1,0.01,0.0000,true,1,142537
7290117569801,false,קופון ציפר,,,729קופון ציפר,Unknown,0.00,Unknown,false,1,0.01,0.0000,true,1,142538
7290117569818,false,קופון ציפר,,,729קופון ציפר,Unknown,0.00,Unknown,false,1,0.01,0.0000,true,1,142539
7290117569825,false,קופון ציפר,,,729קופון ציפר,Unknown,0.00,Unknown,false,1,0.01,0.0000,true,1,142540
7290117569849,false,קופון ציפר,,,729קופון ציפר,Unknown,0.00,Unknown,false,1,0.01,0.0000,true,1,142542
7290117569863,true,קופון ציפר,,,קופון ציפר,Unknown,0.00,Unknown,false,1,0.01,0.0000,true,1,142557
7290117569870,false,קופון ציפר,,,729קופון ציפר,Unknown,0.00,Unknown,false,1,0.01,0.0000,true,1,142544
7290117569887,false,קופון ציפר,,,729קופון ציפר,Unknown,0.00,Unknown,false,1,0.01,0.0000,true,1,142545
7290117569894,false,קופון ציפר,,,729קופון ציפר,Unknown,0.00,Unknown,false,1,0.01,0.0000,true,1,142546
7290117569900,false,קופון ציפר,,,729קופון ציפר,Unknown,0.00,Unknown,false,1,0.01,0.0000,true,1,142547
7290117569917,false,קופון ציפר,,,729קופון ציפר,Unknown,0.00,Unknown,false,1,0.01,0.0000,true,1,142548
7290117569924,false,קופון ציפר,,,729קופון ציפר,Unknown,0.00,Unknown,false,1,0.01,0.0000,true,1,142549
7290117569931,false,קופון ציפר,,,729קופון ציפר,Unknown,0.00,Unknown,false,1,0.01,0.0000,true,1,142550
7290117569955,false,קופון ציפר,,,729קופון ציפר,Unknown,0.00,Unknown,false,1,0.01,0.0000,true,1,142552
7290117569962,false,קופון ציפר,,,729קופון ציפר,Unknown,0.00,Unknown,false,1,0.01,0.0000,true,1,142553
7290117569986,false,קופון ציפר,,,729קופון ציפר,Unknown,0.00,Unknown,false,1,0.01,0.0000,true,1,142555
7290117569993,false,קופון ציפר,,,729קופון ציפר,Unknown,0.00,Unknown,false,1,0.01,0.0000,true,1,142556
7290117900949,false,בוטנים מצופים אמריקא,,,בוטנים מצופים אמריקאים 250 גר,גרמים,250.00,100 גרם,false,1,9.90,3.9600,true,1,139557
7290117900970,false,שקדים קלויים 180 גר,,,שקדים קלויים 180 גר,גרמים,180.00,100 גרם,false,1,14.90,8.2778,true,1,139561
7290117901021,false,קבוקים בוטנים מצופים,,,קבוקים בוטנים מצופים עם שומשום 220 גר,גרמים,220.00,100 גרם,false,1,9.90,4.5000,true,1,139559
7290117901052,false,שקדים קלופים 180 גר,,,שקדים קלופים 180 גר,גרמים,180.00,100 גרם,false,1,14.90,8.2778,true,1,139567
7290117901205,false,טורטיה דגנים בתוספת,,,טורטיה דגנים בתוספת שומשום ופשתן 420 גר,גרמים,420.00,100 גרם,false,1,10.90,2.5952,true,1,142169
7290118350002,false,כוסות לשתייה חמה 16,,,כוסות לשתייה חמה 16 אוז 25 יח,Unknown,0.00,Unknown,false,1,11.90,0.0000,true,1,142558
7290165456320,false,לחם לטישסקי 700 גר,ארדי שיווק וסיטונאות,,לחם לטישסקי 750 גר,גרמים,700.00,100 גרם,false,1,13.90,1.9857,true,1,49445
7290165456412,false,לחם ליטאי עם תוספות,ארדי שיווק וסיטונאות,,"לחם ליטאי עם תוספות 1.1 ק""ג",גרמים,1100.00,100 גרם,false,1,16.90,1.5364,true,1,54525
7290166887215,false,לחם שיפון מיוחד פרוס,,,לחם שיפון מיוחד פרוס 350 גר,גרמים,350.00,100 גרם,false,1,9.90,2.8286,true,1,137709
7290166887239,false,לחם שיפון מיוחד גרעי,,,לחם שיפון מיוחד גרעיני חמניות פרוס 350 ג,גרמים,350.00,100 גרם,false,1,11.90,3.4000,true,1,137710
7296051099015,false,מצית גז בשלל צבעים,,,מצית גז בשלל צבעים,Unknown,0.00,Unknown,false,1,8.90,0.0000,false,1,113360
7296150000028,false,עלי גפן ממולאים 425,,,עלי גפן ממולאים 425 גר,גרמים,425.00,100 גרם,false,12,14.90,3.5059,true,1,104460
7297488097995,false,גרנולה דבש דגש 250 ג,תגלית הטעם,,גרנולה דבש דגש 250 גר,גרמים,250.00,100 גרם,false,1,12.90,5.1600,true,1,103103
7297488098152,false,קמח חומוס דגש 500 גר,תבליני העליון,,קמח חומוס 500 גר,גרמים,500.00,100 גרם,false,1,14.90,2.9800,true,1,103126
7297488098183,false,קמח אורז דגש 500 גר,תבליני העליון,,קמח אורז דגש 500 גר,גרמים,500.00,100 גרם,false,1,9.90,1.9800,true,1,103128
7297488099753,false,עוגיות דגש בטעם שוקו,תגלית הטעם,,עוגיות דגש בטעם שוקולד וקוקוס 250 גר,גרמים,250.00,100 גרם,false,20,23.90,9.5600,true,1,119587
7297488099777,false,עוגיות דגש בטעם קאשי,תגלית הטעם,,עוגיות דגש בטעם קאשיו 250 גר,גרמים,250.00,100 גרם,false,20,23.90,9.5600,true,1,119589
7297488199682,false,קמח כוסמת דגש 500 גר,תבליני העליון,,קמח כוסמת דגש 500 גר,גרמים,500.00,100 גרם,false,15,10.90,2.1800,true,1,119585
7310004963564,false,קוויאר שחור 50 גר,,,קוויאר שחור 50 גר,גרמים,50.00,100 גרם,false,1,369.90,739.8000,true,1,103656
7312040017683,false,וודקה אבסולוט 700 מל,,,וודקה אבסולוט 0.7 ל,מיליליטרים,700.00,"100 מ""ל",false,1,69.90,9.9857,true,1,53312
7350022390386,false,קקאו הולנדי וואן האו,וואן האוטן,,קקאו הולנדי וואן האוטן 125 גר,גרמים,125.00,100 גרם,false,1,17.90,14.3200,true,1,105564
7393714368584,false,סיידר קופרברג תות לי,BEVERAGES FOODS & SE,UA,"סיידר קופרברג תות ליים 330 מ""ל",מיליליטרים,330.00,"100 מ""ל",false,12,8.90,2.6970,true,1,139894
7393714369000,false,סיידר קופרברג אגסים,BEVERAGES FOODS & SE,UA,"סיידר קופרברג אגסים 330 מ""ל",מיליליטרים,330.00,"100 מ""ל",false,12,8.90,2.6970,true,1,139893
7393714369208,false,סיידר קופרברג פירות,BEVERAGES FOODS & SE,UA,"סיידר קופרברג פירות יער 330 מ""ל",מיליליטרים,330.00,"100 מ""ל",false,12,8.90,2.6970,true,1,139895
7393714507020,false,סיידר קופרברג תות לי,BEVERAGES FOODS & SE,UA,"סיידר קופרברג תות ליים 330 מ""ל",מיליליטרים,330.00,"100 מ""ל",false,12,9.90,3.0000,true,1,120043
7393714508102,false,סיידר קופרברג אגסים,BEVERAGES FOODS & SE,UA,"סיידר קופרברג אגסים 330 מ""ל",מיליליטרים,330.00,"100 מ""ל",false,12,9.90,3.0000,true,1,120042
7393714509604,false,סיידר קופרברג תפוח ב,BEVERAGES FOODS & SE,UA,"סיידר קופרברג תפוח 330 מ""ל",מיליליטרים,330.00,"100 מ""ל",false,12,9.90,3.0000,true,1,120044
7394376620294,false,משקה שיבולת שועל בטע,,NL,משקה שיבולת שועל בטעם וניל 1 ל,ליטרים,1.00,ליטר,false,6,15.90,15.9000,true,1,142649
7441000720599,false,לבבות דקל פח 400 גר,,,לבבות דקל פח 400 גר,גרמים,400.00,100 גרם,false,1,12.90,3.2250,true,1,128703
7501013101348,false,נקטר גומקס מנגו 473,,,"נקטר גומקס מנגו 473 מ""ל",מיליליטרים,473.00,"100 מ""ל",false,12,8.90,1.8816,true,1,123664
7501013101362,false,משקה גומקס קוקוס אננ,,,"משקה גומקס קוקוס אננס 473 מ""ל",מיליליטרים,473.00,"100 מ""ל",false,12,8.90,1.8816,true,1,123665
7501013101393,false,משקה גומקס אננס 473,,,"משקה גומקס אננס 473 מ""ל",מיליליטרים,473.00,"100 מ""ל",false,12,8.90,1.8816,true,1,123663
7501013122039,false,נקטר גיומקס מנגו קרט,COMERCIALIZADORA ELO,,נקטר גיומקס מנגו קרטונית 1 ל,ליטרים,1.00,ליטר,false,12,9.90,9.9000,true,1,123670
7501013122053,false,נקטר גיומקס אפרסק קר,COMERCIALIZADORA ELO,,נקטר גיומקס אפרסק קרטונית 1 ל,ליטרים,1.00,ליטר,false,12,9.90,9.9000,true,1,123668
7501013122114,false,משקה גיומקס אננס קרט,COMERCIALIZADORA ELO,,משקה גיומקס אננס קרטונית 1 ל,ליטרים,1.00,ליטר,false,12,9.90,9.9000,true,1,123669
7501013122190,false,משקה גיומקס תפוחים ק,COMERCIALIZADORA ELO,,משקה גיומקס תפוחים קרטונית 1 ל,ליטרים,1.00,ליטר,false,12,9.90,9.9000,true,1,123672
7501013122992,false,משקה גיומקס קוקוס אנ,,,משקה גיומקס קוקוס אננס קרטונית 1 ל,ליטרים,1.00,ליטר,false,12,9.90,9.9000,true,1,123671
7501013138047,false,משקה גומקס יוניקו פר,COMERCIALIZADORA ELO,,נקטר יוניקו פרסקו רמונים 1ל,ליטרים,1.00,ליטר,false,1,9.90,9.9000,true,1,79113
7501013138184,false,משקה גומקס יוניקו פר,COMERCIALIZADORA ELO,,נקטר יוניקו פרסקו חמוציות 1ל,ליטרים,1.00,ליטר,false,1,9.90,9.9000,true,1,79112
7501035042131,false,טקילה קוארבו גולד 70,,,"טקילה  קוארבו גולד 700 מ""ל",מיליליטרים,700.00,"100 מ""ל",false,1,89.90,12.8429,true,1,108689
7501035042308,false,טקילה קוארבו סילבר 7,,,"טקילה קוארבו סילבר 700 מ""ל",מיליליטרים,700.00,"100 מ""ל",false,1,89.90,12.8429,true,1,108792
7501049936945,false,בירה סול 330 מל שישי,,,שישיית בירה סול 0.33,ליטרים,1.98,ליטר,false,1,39.90,20.1515,true,1,68780
7501064191398,false,בירה קורונה 355 מל ש,סובסריה מודלו,,"בירה קורונה 355 מ""ל שישייה",מיליליטרים,2130.00,"100 מ""ל",false,1,34.90,1.6385,true,1,121962
7503012779405,false,סירופ אגבה כחולה נטו,,,סירופ אגבה כחולה נטורפוד 660 גר,גרמים,660.00,100 גרם,false,12,31.90,4.8333,true,1,119500
7509546663135,false,משחת שיניים קולגייט,,,משחת שיניים קולגייט זירו מנטה 98 מל,מיליליטרים,98.00,"100 מ""ל",false,1,17.80,18.1633,true,1,131162
7509546666846,false,משחת שיניים קולגייט,קולגייט פלמוליב,MX,משחת שיניים קולגייט טוטל פחם 75 מל,מיליליטרים,75.00,"100 מ""ל",false,48,19.90,26.5333,true,1,133718
7509546678702,false,משחת שיניים טוטאל אנ,,,משחת שיניים טוטאל אנטי טרטר 100 מל,מיליליטרים,100.00,"100 מ""ל",false,48,15.90,15.9000,true,1,141462
7610008005384,false,בונ רגוסה בלונד 400,,,בונ רגוסה בלונד 400 גר,גרמים,400.00,100 גרם,false,6,49.90,12.4750,true,1,128811
7610008708506,false,בונ רגוסה מריר 400 ג,,,בונ רגוסה מריר 400 גר,גרמים,400.00,100 גרם,false,6,49.90,12.4750,true,1,128810
7610008709008,false,בונ רגוסה קלאסיק 400,,,בונ רגוסה קלאסיק 400 גר,גרמים,400.00,100 גרם,false,6,49.90,12.4750,true,1,128809
7610008713500,false,בונבוניירה טורינו חל,,,בונבוניירה טורינו חלב 300 גר,גרמים,300.00,100 גרם,false,1,49.90,16.6333,true,1,138818
7610100034084,false,מיונז טומי 265 גר,,,מיונז טומי 265 גר,גרמים,265.00,100 גרם,false,1,10.90,4.1132,true,1,134734
7610113000175,false,בקרדי מוחיטו 700 מל,,,"בקרדי מוחיטו 700 מ""ל",מיליליטרים,700.00,"100 מ""ל",false,1,74.90,10.7000,true,1,114586
7610113011652,false,בקרדי בריזר תפוח בק,,,בקרדי בריזר תפוח בק 275 מל,מיליליטרים,275.00,"100 מ""ל",false,24,14.90,5.4182,true,1,127359
7610243004463,false,מסיר אבנית דורגול 50,,,"מסיר אבנית דורגול 500 מ""ל",מיליליטרים,500.00,"100 מ""ל",false,1,19.90,3.9800,true,1,109148
7610400010481,false,שוקולד לינדט אקסלנס,לינדט,FR,"שוקולד ""לינדט אקסלנס",גרמים,100.00,100 גרם,false,20,15.90,15.9000,true,1,42093
7610400013857,false,שוקולד חלב לינדט גול,,,שוקולד חלב לינדט גולד 300 גר,גרמים,300.00,100 גרם,false,1,34.90,11.6333,true,1,138956
7610400014649,false,שוקולד לינדט לינדור,לינדט,,"שוקולד ""לינדור"" חלב",גרמים,100.00,100 גרם,false,1,15.90,15.9000,true,1,42100
7610400068505,false,בונבוניירה לינדור מי,לינדט,,בונבוניירות לינדור,גרמים,200.00,100 גרם,false,1,29.90,14.9500,true,1,42103
7610400070577,false,שוקולד לינדט אקסלנס,לינדט,,"שוקולד ""לינדט אקסלנס",גרמים,100.00,100 גרם,false,1,15.90,15.9000,true,1,78809
7610400082556,false,לינדור זהב 200 גר,,,לינדור זהב 200 גר,גרמים,200.00,100 גרם,false,1,29.90,14.9500,true,1,140845
7610400086202,false,שוקולד לינדט לגרנד ב,לינדט,,שוקולד לינדט לגרנד בלו 150 גר,גרמים,150.00,100 גרם,false,1,24.90,16.6000,true,1,110981
7610594454399,false,ליקר קלואה 700 מל,,,"ליקר קלואה 700 מ""ל",מיליליטרים,700.00,"100 מ""ל",false,1,99.90,14.2714,true,1,42119
7610700002681,false,סוכריות ריקולה צמחים,,,סוכריות ריקולה צמחים ללא סוכר 50 גר,גרמים,50.00,100 גרם,false,1,12.90,25.8000,true,1,139990
7610700013083,false,סוכריות ריקולה מרעננ,,,סוכריות ריקולה מרעננת ללא סוכר 50 גר,גרמים,50.00,100 גרם,false,1,12.90,25.8000,true,1,139989
7610700607046,false,סוכ צמחים ללא סוכר ל,,,"סוכריות ""ריקולה"" בטע",גרמים,50.00,100 גרם,false,1,12.90,25.8000,true,1,42121
7610700607077,false,סוכריות ללא סוכר תפו,,,"סוכריות ""ריקולה"" ללא",גרמים,50.00,100 גרם,false,1,12.90,25.8000,true,1,42122
7613030979647,false,דגני בוקר טריקס 480,ג.נרל מילס,,דגני בוקר טריקס 480 גר,גרמים,480.00,100 גרם,false,1,21.90,4.5625,true,1,114015
7613032045753,false,פיטנס שוקולד 375 גרם,נסטלה צרפת איטנקורט,,פיטנס שוקולד,גרמים,375.00,100 גרם,false,1,19.90,5.3067,true,1,42136
7613033548192,false,דגני בוקר פיטנס שוקו,נסטלה צרפת איטנקורט,,"דגני בוקר ""פיטנס"" שו",גרמים,375.00,100 גרם,false,1,19.90,5.3067,true,1,42150
7613035548374,false,דגני בוקר גולדן מיני,נסטלה צרפת איטנקורט,,דגני בוקר גולדן מיניס 570 גר,גרמים,570.00,100 גרם,false,1,21.90,3.8421,true,1,98363
7613035807778,false,רוטב עגבניות פרפקטו,נסטלה ספרד קפה,,רוטב עגבניות פרפקטו לבולונז 400 גר,גרמים,400.00,100 גרם,false,1,8.90,2.2250,true,1,102118
7613035809109,false,רוטב פרפקטו עגבניות,נסטלה ספרד קפה,,רוטב פרפקטו עגבניות ובזיליקום  400 גר,גרמים,400.00,100 גרם,false,1,8.90,2.2250,true,1,102121
7613035809857,false,רוטב עגבניות פרפקטו,נסטלה ספרד קפה,,רוטב עגבניות פרפקטו לפסטה 400 גר,גרמים,400.00,100 גרם,false,1,8.90,2.2250,true,1,102119
7613036105545,false,אוכל לכלבים דוגלי 3,נסטלה פורינה באק הונ,,"אוכל לכלבים ""דוגלי 3 קג""",קילוגרמים,3.00,"ק""ג",false,1,49.90,16.6333,true,1,109625
7613036105606,false,אוכל לכלבים דוגלי 3,נסטלה פורינה באק הונ,,אוכל לכלבים דוגלי 3 קג,קילוגרמים,3.00,"ק""ג",false,1,49.90,16.6333,true,1,109627
7613036105651,false,אוכל לכלבים דוגלי 12,נסטלה פורינה באק הונ,,אוכל לכלבים דוגלי 12 קג,קילוגרמים,12.00,"ק""ג",false,1,119.90,9.9917,true,1,109629
7613036737623,false,דגני בוקר קראנץ מקס,,,דגני בוקר קראנץ מקס 450 גר,גרמים,450.00,100 גרם,false,1,21.90,4.8667,true,1,117680
7613036760195,true,קפסולות דולצה גוסטו,ארבלה,,קפסולות דולצה גוסטו אספרס 112 גר,גרמים,112.00,100 גרם,false,1,28.90,25.8036,true,1,120134
7613036867870,true,קפסולות דולצה גוסטו,ארבלה,,קפסולות דולצה גוסטו אספרס בריסטה 112 גר,גרמים,112.00,100 גרם,false,3,28.90,25.8036,true,1,120135
7613036880534,false,גרבר מחית מרק ירקות,נסטלה פולסקה אס.איי,,גרבר מחית מרק ירקות מעורבים 190 גר,גרמים,190.00,100 גרם,false,1,6.90,3.6316,true,1,125363
7613036976671,false,מזון לחתולים פריסקיז,,,מזון לחתולים פריסקיז פאוצ עוף 85 גר,גרמים,85.00,100 גרם,false,26,4.90,5.7647,true,1,128862
7613036976695,false,מזון לחתולים פריסקיז,,,מזון לחתולים פריסקיז פאוצ בקר 85 גר,גרמים,85.00,100 גרם,false,26,4.90,5.7647,true,1,128861
7613036976718,false,מזון לחתולים פריסקיז,,,מזון לחתולים פריסקיז פאוצ ברווז 85 גר,גרמים,85.00,100 גרם,false,26,4.90,5.7647,true,1,128863
7613037012200,false,"מחית תפו""ע מנגו גזר",,IL,"מחית תפו""ע מנגו גזר פאוץ 90 גר",גרמים,90.00,100 גרם,false,16,5.90,6.5556,true,1,125915
7613037063417,false,אטריות מיבינה בטעם ב,Mivina,,אטריות מיבינה בטעם בקר להכנה מהירה,גרמים,59.00,100 גרם,false,1,1.90,3.2203,true,1,128653
7613037204889,false,סטארבקס פולי קפה אספ,,,סטארבקס פולי קפה אספרסו 450 גר,גרמים,450.00,100 גרם,false,1,49.90,11.0889,true,1,132777
7613037686906,false,פיטנס שקדים ודבש 355,נסטלה צרפת איטנקורט,,פיטנס שקדים ודבש 355 גר,גרמים,355.00,100 גרם,false,1,19.90,5.6056,true,1,125343
7613038268262,false,האני נאט ציריוס 410,נסטלה פולין דגני בוק,FR,האני נאט ציריוס 410 גר,גרמים,410.00,100 גרם,false,14,19.90,4.8537,true,1,127139
7613039880807,false,גרבר מחית תפוח גזר 1,נסטלה פולסקה אס.איי,,גרבר מחית תפוח גזר 190 גר,גרמים,190.00,100 גרם,false,12,6.90,3.6316,true,1,131596
7613039881521,false,גרבר מחית מנגו 190 ג,נסטלה פולסקה אס.איי,,גרבר מחית מנגו 190 גר,גרמים,190.00,100 גרם,false,12,6.90,3.6316,true,1,131595
7613039881965,false,גרבר מחית תפוח מנגו,נסטלה פולסקה אס.איי,,גרבר מחית תפוח מנגו 190 גר,גרמים,190.00,100 גרם,false,12,6.90,3.6316,true,1,131597
7613287008497,false,סטארבקס פולי קפה פיי,,,סטארבקס פולי קפה פייק פלייס 450 גר,גרמים,450.00,100 גרם,false,1,49.90,11.0889,true,1,132778
7613287155863,false,מחית אגס פאוץ 90 גר,,IL,מחית אגס פאוץ 90 גר,גרמים,90.00,100 גרם,false,16,5.90,6.5556,true,1,132342
7613287155924,false,מחית תפוח גזר פאוץ 9,,IL,מחית תפוח גזר פאוץ 90 גר,גרמים,90.00,100 גרם,false,16,5.90,6.5556,true,1,132343
7613287181411,false,מחית ויטמינציק סלט פ,,,מחית ויטמינציק סלט פירות 110 גר,גרמים,110.00,100 גרם,false,1,5.90,5.3636,true,1,135010
7613287182357,false,מחית ויטמינציק אגס ת,,,מחית ויטמינציק אגס תפוח פירות יער 110 גר,גרמים,110.00,100 גרם,false,1,5.90,5.3636,true,1,135011
7613287182425,false,מחית ויטמינציק בננה,,,מחית ויטמינציק בננה תפוח ותות 110 גר,גרמים,110.00,100 גרם,false,1,5.90,5.3636,true,1,135008
7613287325808,false,רוטב איולי שום לחיץ,אסם,,רוטב איולי שום לחיץ אסם 295 גר,גרמים,295.00,100 גרם,false,1,12.90,4.3729,true,1,135829
7613287325853,false,רוטב ספייסי איולי לח,אסם,,רוטב ספייסי איולי לחיץ 295 גר,גרמים,295.00,100 גרם,false,1,12.90,4.3729,true,1,135830
7613287325952,false,רוטב ברביקיו לחיץ 34,אסם,,רוטב ברביקיו לחיץ 345 גר,גרמים,345.00,100 גרם,false,1,12.90,3.7391,true,1,135834
7613287394323,false,דגני בוקר מולטי צירי,פרומבראפ - אנגליה,GB,דגני בוקר מולטי ציריוס 600 גר,גרמים,600.00,100 גרם,false,14,21.90,3.6500,true,1,134271
7613287476678,false,דגני בוקר סיני מיניס,ג.נרל מילס,PT,דגני בוקר סיני מיניס צורוס 360 גר,גרמים,360.00,100 גרם,false,12,21.90,6.0833,true,1,134751
7614500010013,false,טובלרון חלב 100 גר,,,"טובלרון חלב 100 ג""ר",גרמים,100.00,100 גרם,false,1,9.90,9.9000,true,1,48234
7614500010310,false,בר טובלרון לבן 100 ג,,,"בר טובלרון לבן 100 ג""ר",גרמים,100.00,100 גרם,false,20,9.90,9.9000,true,1,49364
7622200009084,false,שוקולד מילקה שוקו בי,,,שוקולד מילקה שוקו ביסקוויט 300 גר,גרמים,300.00,100 גרם,false,1,15.90,5.3000,true,1,130971
7622201136383,false,סוכריות קשות עם קפאי,,,סוכריות קשות עם קפאין בטעם קולה 25.2 גר,גרמים,25.00,100 גרם,false,1,5.90,23.6000,true,1,132492
7622201401900,false,עוגיות סנסיישן אוראו,,,עוגיות סנסיישן אוראו מילקה 156 גר,גרמים,156.00,100 גרם,false,1,9.90,6.3462,true,1,129718
7622201802363,false,שוקולד מילקה צימוקים,,,שוקולד מילקה  צימוקים ואגוזים 100 גר,גרמים,100.00,100 גרם,false,1,5.90,5.9000,true,1,134403
7622201802394,false,שוקולד חלב מילקה 100,,,שוקולד חלב  מילקה 100 גר,גרמים,100.00,100 גרם,false,1,5.90,5.9000,true,1,134402
7622201813390,false,וופל מילקה במילוי קר,,,וופל מילקה במילוי קרם קקאו 150 גר,גרמים,150.00,100 גרם,false,1,9.90,6.6000,true,1,133112
7622201819170,false,שוקולד מילקה דארק שק,,,שוקולד מילקה דארק שקדים 85 גר,גרמים,85.00,100 גרם,false,1,6.90,8.1176,true,1,135566
7622210078131,false,מילקה שוקולד חלב עם,,,מילקה שוקולד חלב עם דאיים 100 גר,גרמים,100.00,100 גרם,false,1,5.90,5.9000,true,1,107972
7622210117762,false,בונ קוטדור בושה חלב,,,בונ קוטדור 200 גר,גרמים,200.00,100 גרם,false,12,17.90,8.9500,true,1,130973
7622210137234,false,עוגיות אוראו עם דאבל,,,עוגיות אוראו עם דאבל קרם וניל 170 גר,גרמים,170.00,100 גרם,false,1,8.90,5.2353,true,1,102611
7622210163899,false,שוקולד חלב מילקה עם,מונדולז,,שוקולד חלב מילקה עם עדשים 100 גר,גרמים,100.00,100 גרם,false,1,5.90,5.9000,true,1,103623
7622210240200,false,שוקולד מילקה אוראו 3,,,שוקולד מילקה אוראו 300 גר,גרמים,300.00,100 גרם,false,1,15.90,5.3000,true,1,127466
7622210392589,false,שוקולד טובלרון טייני,,,שוקולד טובלרון טייני חלב 200 גר,גרמים,200.00,100 גרם,false,1,17.90,8.9500,true,1,131758
7622210406354,false,ביסקוויט מילקה שוקול,,,ביסקוויט מילקה שוקולד חלב 112 גר,גרמים,112.00,100 גרם,false,1,6.90,6.1607,true,1,95860
7622210453327,false,עוגיות מילקה סנסיישן,מונדולז,,עוגיות מילקה סנסיישן 156 גר,גרמים,156.00,100 גרם,false,1,9.90,6.3462,true,1,111037
7622210464729,false,עוגיות אוראו גולדן 1,מונדולז,UA,עוגיות אוראו גולדן 154 גר,גרמים,154.00,100 גרם,false,16,7.90,5.1299,true,1,124684
7622210483454,false,טובלרון חלב 360 גר,,,טובלרון חלב 360 גר,גרמים,360.00,100 גרם,false,1,24.90,6.9167,true,1,140810
7622210624284,false,אוראו מצופה שוקולד ק,,,קדבורי אוראו מצופה שוקולד 204 גר,גרמים,204.00,100 גרם,false,1,12.90,6.3235,true,1,140843
7622210690883,false,שוקולד מילקה מונדיאל,,,שוקולד מילקה מונדיאל 270 גר,גרמים,270.00,100 גרם,false,1,15.90,5.8889,true,1,143302
7622210748997,false,פירורי אוראו 300 גר,,,פירורי אוראו 300 גר,גרמים,300.00,100 גרם,false,1,9.90,3.3000,true,1,140847
7622210826053,false,שוקולד מילקה אוראו ס,,,שוקולד מילקה אוראו סנדוויץ 92 גר,גרמים,92.00,100 גרם,false,1,5.90,6.4130,true,1,129719
7622210835338,false,עוגיות אוראו בראוניז,מונדולז,,עוגיות אוראו בראוניז 176 גר,גרמים,176.00,100 גרם,false,1,8.90,5.0568,true,1,114446
7622210995926,false,גומי לעיסה בטעם אפרס,,,גומי לעיסה בטעם אפרסק אבטיח ללא תוספת,גרמים,18.00,100 גרם,false,1,7.90,43.8889,true,1,132487
7622300107949,false,טובלרון חלב פרוט נאט,,,טובלרון צימוק 100 גר,גרמים,100.00,100 גרם,false,1,9.90,9.9000,true,1,128133
7622300134532,false,שוקולד מילקה טופי וא,,,שוקולד מילקה טופי ואגוזי לוז 300 גר,גרמים,300.00,100 גרם,false,1,15.90,5.3000,true,1,130970
7622300200237,false,שוקולד חלב מילקה 250,מילקה,,שוקולד חלב מילקה 250 גר,גרמים,250.00,100 גרם,false,1,14.90,5.9600,true,1,96616
7622300270506,false,עוגיות שיבולת שועל ש,,,"עוגיות ""מילקה גריינס",גרמים,168.00,100 גרם,false,1,9.90,5.8929,true,1,53348
7622300315283,false,עוגיות אוראו בטעם ונ,,,עוגיות אוראו בטעם וניל 154 גר,גרמים,154.00,100 גרם,false,1,7.90,5.1299,true,1,134405
7622300489427,false,עוגיות אוראו בציפוי,,,עוגיות אוראו בציפוי שוקולד לבן 246 גר,גרמים,246.00,100 גרם,false,1,17.90,7.2764,true,1,113414
7622300498429,false,שוקולד מילקה יוגורט,,,"שוקולד ""מילקה"" יוגורט תות 100 גר",גרמים,100.00,100 גרם,false,1,5.90,5.9000,true,1,53354
7622300503079,false,ביסקוויט מצופה שוקול,,,"עוגיות ""מילקה מו"" מצ",גרמים,200.00,100 גרם,false,1,9.90,4.9500,true,1,51853
7622300617820,false,שוקולד מילקה אוראו 1,,,"שוקולד ""מילקה"" אוראו 100 גר",גרמים,100.00,100 גרם,false,1,5.90,5.9000,true,1,51289
7630477891639,false,קפסולות סטארבקס ורונ,נסטלה שוויץ - קפה,CH,קפסולות סטארבקס ורונה 55 גרם,גרמים,55.00,100 גרם,false,12,21.90,39.8182,true,1,128612
7630477891653,false,קפסולות סטארבקס אספר,נסטלה שוויץ - קפה,CH,קפסולות סטארבקס אספרסו נטול 57 גרם,גרמים,57.00,100 גרם,false,12,21.90,38.4211,true,1,128608
7630477891691,false,קפסולות סטארבקס קולו,נסטלה שוויץ - קפה,CH,קפסולות סטארבקס קולומביה 57 גרם,גרמים,57.00,100 גרם,false,12,21.90,38.4211,true,1,128613
7630477891714,false,קפסולות סטארבקס אספר,נסטלה שוויץ - קפה,CH,קפסולות סטארבקס אספרסו 57 גרם,גרמים,57.00,100 גרם,false,12,21.90,38.4211,true,1,128614
7630477891738,false,קפסולות סטארבקס אספר,נסטלה שוויץ - קפה,CH,קפסולות סטארבקס אספרסו בלונד 53 גרם,גרמים,53.00,100 גרם,false,12,21.90,41.3208,true,1,128610
7702018321520,false,דאודורנט סטיק לגבר ג,,,"דאודורנט ""ג""ילט"" סטיק",Unknown,0.00,Unknown,false,1,19.90,0.0000,true,1,52496
7702018321582,false,דאודורנט סטיק לגבר ק,,,"דאודורנט ""ג""ילט"" סטיק",Unknown,0.00,Unknown,false,1,19.90,0.0000,true,1,52495
7702018357871,false,גל גילוח פרוגלייד 2,,,גל גילוח פרוגלייד 2 ב1 לעור רגיש,מיליליטרים,170.00,"100 מ""ל",false,1,24.90,14.6471,true,1,102542
7702018457762,false,גל גילוח גילט סיריים,,,גל גילוח גילט סיריים תחושה קרירה,Unknown,0.00,Unknown,false,1,14.90,0.0000,true,1,127472
7702018462032,false,סכיני גילוח מאך 3 סט,,,גילט מאך 3 סטארט רביעייה,Unknown,0.00,Unknown,false,1,29.90,0.0000,true,1,124668
7702018469802,false,גילט ונוס סווירל+3 ס,,,גילט ונוס סווירל+3 סכינים,Unknown,0.00,Unknown,false,6,49.90,0.0000,true,1,140933
7702018980833,false,גל גילוח סירייס מעוש,,,"גל גילוח סירייס מעושר בלחות 200 מ""ל",מיליליטרים,200.00,"100 מ""ל",false,1,15.90,7.9500,true,1,102540
7702174068826,false,לקקן יוגטה פירות 12,,,לקקן יוגטה פירות 12 יח,Unknown,0.00,Unknown,false,1,8.90,0.0000,true,1,75576
7702174073783,false,לקקן פין פופ קולה 10,,,לקקן פין פופ קולה 10 יח,גרמים,180.00,100 גרם,false,1,8.90,4.9444,true,1,98398
7790387120219,false,תה טאראגווי גרבה מאט,,,תה טאראגווי גרבה מאטה 500 גר,גרמים,500.00,100 גרם,false,10,24.90,4.9800,true,1,138060
7790387800043,false,תה פרגוואי מאטה 20 ש,,,תה פרגוואי מאטה 20 שק 60 גר,גרמים,60.00,100 גרם,false,12,14.90,24.8333,true,1,138061
7790580315986,false,סוכריות תות 470 גר,,,סוכריות תות 500 גר,גרמים,470.00,100 גרם,false,1,19.90,4.2340,true,1,45872
7790580316013,false,טופי חמאה חלב 483 גר,,,טופי חמאה חלב 500 גר,גרמים,483.00,100 גרם,false,1,21.90,4.5342,true,1,139246
7792860006218,false,לקקן בייבי דול 20 גר,לרטייר,,"לקקן בייבי דול 20 ג""",גרמים,24.00,100 גרם,false,1,2.90,12.0833,true,1,45886
7794450002570,false,יין קאטנה קברנה 750,,,יין קאטנה קברנה 750 מל,מיליליטרים,750.00,"100 מ""ל",false,1,69.90,9.3200,true,1,139748
7794450008053,false,יין קאטנה מלבק 750 מ,קאטנה זפאטה,,יין קאטנה מלבק 0.75 ל,מיליליטרים,750.00,"100 מ""ל",false,1,69.90,9.3200,true,1,53333
7794450008060,false,יין אלאמוס קברנה 750,קאטנה זפאטה,,יין קאטנה זאפאטה קברנה 0.75ל,מיליליטרים,750.00,"100 מ""ל",false,1,44.90,5.9867,true,1,74199
7794450008084,false,יין אלאמוס מאלבק 750,קאטנה זפאטה,,יין קאטנה זאפאטה מאלבק 0.75ל,מיליליטרים,750.00,"100 מ""ל",false,1,44.90,5.9867,true,1,74200
7798074860219,false,יין פורטילו שרדונה ל,,,יין פורטילו שרדונה לבן יבש 750 מל,מיליליטרים,750.00,"100 מ""ל",false,1,39.90,5.3200,true,1,139349
7798074860233,false,יין פורטילו קברנה סו,,,יין פורטילו קברנה סוביניון 750 מל,מיליליטרים,750.00,"100 מ""ל",false,1,39.90,5.3200,true,1,139347
7798074860240,false,יין פורטילו מאלבק 75,,,יין פורטילו מאלבק 750 מל,מיליליטרים,750.00,"100 מ""ל",false,1,39.90,5.3200,true,1,139345
7798074860257,false,יין פורטילו מרלו 750,,,יין פורטילו מרלו 750 מל,מיליליטרים,750.00,"100 מ""ל",false,1,39.90,5.3200,true,1,139346
7798074863708,false,יין פורטילו דולצה לב,,,יין פורטילו דולצה לבן מתוק 750 מל,מיליליטרים,750.00,"100 מ""ל",false,1,39.90,5.3200,true,1,139344
7798130463187,false,יין ארגנטו קלאסיק רו,,,יין ארגנטו קלאסיק רוזה יבש 750 מל,מיליליטרים,750.00,"100 מ""ל",false,1,39.90,5.3200,true,1,126986
7798130463514,false,יין ארגנטו מלבק כרם,,,יין ארגנטו מלבק כרם יחידני אדום יבש 750,מיליליטרים,750.00,"100 מ""ל",false,6,79.90,10.6533,true,1,138106
7798159560096,false,יין ארגנטו קלאסיק קב,,,יין ארגנטו קלאסיק קברנה סוביניון אדום,מיליליטרים,750.00,"100 מ""ל",false,6,39.90,5.3200,true,1,129149
7798159560102,false,יין ארגנטו קלאסיק שר,,,יין ארגנטו קלאסיק שרדונה סוביניון לבן יב,מיליליטרים,750.00,"100 מ""ל",false,6,39.90,5.3200,true,1,129150
7798159560126,false,יין ארגנטו קלאסיק מל,,,יין ארגנטו קלאסיק מלבן אדום יבש 750 מל,מיליליטרים,750.00,"100 מ""ל",false,1,39.90,5.3200,true,1,126984
7798159560157,false,יין ארגנטו קלאסיק פי,,,יין ארגנטו קלאסיק פינו גריגין לבן יבש,מיליליטרים,750.00,"100 מ""ל",false,1,39.90,5.3200,true,1,126985
7804414000860,false,יין דון חוליו קברנה,לואיס פליפה אדוארדס,,קברנה דון חולין אדוא,מיליליטרים,750.00,"100 מ""ל",false,1,29.90,3.9867,true,1,45903
7804414000877,false,יין דון חוליו צרלו 7,לואיס פליפה אדוארדס,,יין מרלו דון חוליו א,מיליליטרים,750.00,"100 מ""ל",false,1,29.90,3.9867,true,1,45904
7804414000884,false,יין דון חוליו שרדונה,לואיס פליפה אדוארדס,,דון חוליו שרדונה,מיליליטרים,750.00,"100 מ""ל",false,1,29.90,3.9867,true,1,45905
7804414001614,false,יין דון חוליו שיראז,לואיס פליפה אדוארדס,,דון חוליו שיראז,מיליליטרים,750.00,"100 מ""ל",false,1,29.90,3.9867,true,1,45906
7804414012344,false,יין דון חולין סוביני,לואיס פליפה אדוארדס,,דון חולין סוביניון בלאן,מיליליטרים,750.00,"100 מ""ל",false,1,29.90,3.9867,true,1,108379
7804414012351,false,יין דון חולין מלבק 7,לואיס פליפה אדוארדס,,יין דון חולין מלבק,מיליליטרים,750.00,"100 מ""ל",false,1,29.90,3.9867,true,1,108380
7804414012368,false,יין דון חולין רוזה 7,לואיס פליפה אדוארדס,,יין דון חולין רוזה,מיליליטרים,750.00,"100 מ""ל",false,1,29.90,3.9867,true,1,108381
7890305606518,false,מטריה משפטים בינונית,,,מטריה משפטים בינונית 55 סמ,Unknown,0.00,Unknown,false,1,29.90,0.0000,true,1,135817
7890305606525,false,מטריה לבבות בינונית,,,מטריה לבבות בינונית 55 סמ,Unknown,0.00,Unknown,false,1,29.90,0.0000,true,1,135816
7890305606532,false,מטריה בינונית 55 סמ,,,מטריה בינונית 55 סמ,Unknown,0.00,Unknown,false,1,29.90,0.0000,true,1,135815
7891024027998,false,מי פה קולגייט טוטאל,Colgate - Brazil,,מי פה קולגייט טוטאל אנטי טרטר 500 מל,מיליליטרים,500.00,"100 מ""ל",false,1,29.90,5.9800,true,1,141461
7896259417309,false,סוכריות קרמל שוקו 66,,,סוכריות קרמל שוקו 660 גר,גרמים,660.00,100 גרם,false,1,19.90,3.0152,true,1,139338
7896259417354,false,סוכריות תות שדה 660,,,סוכריות תות שדה 660 גר,גרמים,660.00,100 גרם,false,1,19.90,3.0152,true,1,139339
8000015002855,false,עוגיות איטלקיות דילי,,,"עוגיות איטלקיות ""דיליו"" 800 גר",גרמים,800.00,100 גרם,false,1,16.90,2.1125,true,1,51069
8000015002893,false,עוגיות איטלקי 700 גר,,,"עוגיות איטלקי 700 ג""",גרמים,700.00,100 גרם,false,1,16.90,2.4143,true,1,38645
8000020000365,false,וורמוט צינזנו ביאנקו,,,"צ""ינזנו ורמוט ביאנקו",מיליליטרים,750.00,"100 מ""ל",false,1,34.90,4.6533,true,1,38647
8000020000389,false,וורמוט צינזנו אקסטרה,,,"צ""ינזנו ורמוט אקסטרה דריי",מיליליטרים,750.00,"100 מ""ל",false,1,34.90,4.6533,true,1,53031
8000040001106,false,ליקר קמפרי 700 מל,,,קמפרי 700 מל,מיליליטרים,700.00,"100 מ""ל",false,1,89.90,12.8429,true,1,73070
8000040630269,false,ויסקי גלן גראנט סקוט,,,"ויסקי גלן גראנט סקוטי 12 שנים 700 מ""ל",מיליליטרים,700.00,"100 מ""ל",false,1,159.90,22.8429,true,1,114488
8000070010680,false,קפסולות קפה לוואצה ו,,IT,קפסולות קפה לוואצה ויגורוסו 10 יח,Unknown,0.00,Unknown,false,1,16.90,0.0000,true,1,132407
8000070053526,false,קפסולות לוואצה רוסה,,,קפסולות לוואצה רוסה חוזק 10,גרמים,50.00,100 גרם,false,1,19.90,39.8000,true,1,143096
8000070059832,false,קפסולות לוואצה קרמה,,,קפסולות לוואצה קרמה גוסטו חוזק 11,גרמים,55.00,100 גרם,false,1,19.90,36.1818,true,1,143092
8000070081000,false,קפסולות קפה לוואצה ה,,,קפסולות קפה לוואצה הרמוניקו 8,Unknown,0.00,Unknown,false,1,16.90,0.0000,true,1,123045
8000070081017,false,קפסולות קפה לוואצה ד,,,קפסולות קפה לוואצה דיצו 10,Unknown,0.00,Unknown,false,1,16.90,0.0000,true,1,123046
8000070081109,false,קפסולות קפה לוואצה ר,,,קפסולות קפה לוואצה ריקו נטול קפאין 6,Unknown,0.00,Unknown,false,1,16.90,0.0000,true,1,123049
8000070081154,false,קפסולות קפה לוואצה ל,,,קפסולות קפה לוואצה לגרו 4,Unknown,0.00,Unknown,false,1,16.90,0.0000,true,1,123047
8000070081161,false,קפסולות קפה לוואצה א,,,קפסולות קפה לוואצה אבולגנטה 5,Unknown,0.00,Unknown,false,1,16.90,0.0000,true,1,123048
8000113003402,false,קמח תירס בוואקום 1 ק,מולינו ניקולי אס.פי.,,קמח תירס בוואקום 1 ק,קילוגרמים,1.00,"ק""ג",false,1,15.90,15.9000,true,1,38658
8000193000452,false,אורז ריזוטו ארבוריו,,,"אורז ריזוטו ארבוריו 1 ק""ג",קילוגרמים,1.00,"ק""ג",false,1,21.90,21.9000,true,1,105057
8000320010088,false,פסאטה ציריו במרקם גס,,,פסאטה ציריו במרקם גס 680 גר,גרמים,680.00,100 גרם,false,1,11.90,1.7500,true,1,140089
8000320010095,false,פסאטה ציריו במרקם עד,,,פסאטה ציריו במרקם עדין 700 גר,גרמים,700.00,100 גרם,false,1,11.90,1.7000,true,1,140092
8000350001148,false,חטיף עוגיה פריכה קרם,,,חטיף עוגיה פריכה קרם קאסטרד וישנזי 125 ג,גרמים,125.00,100 גרם,false,1,9.90,7.9200,true,1,140059
8000350004491,false,עוגיות ביס פריכות קר,,,עוגיות ביס פריכות קרם חלבי וישנזי 125 גר,גרמים,125.00,100 גרם,false,1,9.90,7.9200,true,1,140055
8000350005351,false,עוגיות פרחים עם מחית,,,עוגיות פרחים עם מחית פטל וישנזי 120 גר,גרמים,120.00,100 גרם,false,1,9.90,8.2500,true,1,140053
8000353200029,false,ליקר דובדבנים לוקסרד,,,ליקר דובדבנים לוקסרדו סאן מורלקו  700מל,מיליליטרים,700.00,"100 מ""ל",false,1,99.90,14.2714,true,1,78814
8000380003723,false,וופל אגוז גרנד פטיסר,,,וופל שוקולד גרנד פטי,גרמים,100.00,100 גרם,false,1,11.90,11.9000,true,1,38667
8000380003761,false,וופל קוקוס גרנד פטיס,,,וופל שוקולד גרנד פטי,גרמים,100.00,100 גרם,false,1,11.90,11.9000,true,1,38668
8000380004669,false,ופל קוביות קקאו לואק,,,"וופל ""לואקר"" בטעם קק",גרמים,200.00,100 גרם,false,1,10.90,5.4500,true,1,38670
8000380004676,false,וופל לואקר וניל 200,,,"וופל וניל 200 ג""ר",גרמים,200.00,100 גרם,false,1,10.90,5.4500,true,1,38671
8000380004881,false,קואדרטיני טרמיסו 250,,,קואדרטיני טרמיסו 250,גרמים,220.00,100 גרם,false,1,12.90,5.8636,true,1,38674
8000380004911,false,קואדרטיני אגוז 250 ג,,,קואדרטיני אגוז 250 ג,גרמים,250.00,100 גרם,false,1,12.90,5.1600,true,1,38675
8000380004942,false,וופל לואקר קואדרטיני,,,"וופל ""לואקר"" קוואדרט",גרמים,250.00,100 גרם,false,1,12.90,5.1600,true,1,38676
8000380004966,false,קואדרטיני קקאו 250 ג,,,קואדרטיני קקאו 250 ג,גרמים,250.00,100 גרם,false,1,12.90,5.1600,true,1,38677
8000380005598,false,עוגיות שוקולד טורטינ,,,עוגיות שוקולד טורטינ,גרמים,125.00,100 גרם,false,1,13.90,11.1200,true,1,38678
8000380007219,false,וופל לואקר אגוז 175,,,וופל לואקר אגוז 175,גרמים,175.00,100 גרם,false,1,10.90,6.2286,true,1,38679
8000380007257,false,וופל גרדנה אגוז 200,,,"וופל גרדנה 200 ג""ר",גרמים,200.00,100 גרם,false,1,12.90,6.4500,true,1,38680
8000380007271,false,וופל לואקר חלב 175 ג,,,וופל לואקר חלב 175 ג,גרמים,175.00,100 גרם,false,1,10.90,6.2286,true,1,38682
8000380106028,false,עוגיות שוקולד טורטינ,,,"עוגיות שוקולד ""טורטי",גרמים,125.00,100 גרם,false,1,13.90,11.1200,true,1,38683
8000380144044,false,וופל גרדנה שוקולד 20,,,"גרדנה שוקולד 200 ג""ר",גרמים,200.00,100 גרם,false,1,12.90,6.4500,true,1,38686
8000380152704,false,חטיפי אצבעות גרנדה א,,,חטיפי אצבעות גרנדה אגוז 125 גר,גרמים,125.00,100 גרם,false,1,16.90,13.5200,true,1,48941
8000380153534,false,עוגיות שוקולד טורטינ,,,עוגיות שוקולד טורטינה שוקולד לבן,גרמים,125.00,100 גרם,false,1,13.90,11.1200,true,1,75022
8000380157570,false,וופל לואקר אגוז 262.,,,וופל לואקר אגוז 262.5 גר,גרמים,263.00,100 גרם,false,1,10.90,4.1445,true,1,131414
8000380157587,false,וופל לואקר שוקולד 26,,,וופל לואקר שוקולד 262.5 גר,גרמים,263.00,100 גרם,false,1,10.90,4.1445,true,1,131415
8000380180721,false,וופל לואקר קלאסיק שו,LOACKER,,וופל לואקר קלאסיק שוקו חלב 175 גר,גרמים,175.00,100 גרם,false,1,10.90,6.2286,true,1,101153
8000380180745,false,וופל קוואדרטיני שוקו,LOACKER,,וופל קוואדרטיני שוקו חלב 250 גר,גרמים,250.00,100 גרם,false,1,12.90,5.1600,true,1,100269
8000380180837,false,וופל לואקר גרנד פטיס,,,וופל לואקר גרנד פטיסרי קוקוס 100 גר,גרמים,100.00,100 גרם,false,1,11.90,11.9000,true,1,102903
8000380181032,false,חטיפי אצבעות גרנדה ל,,,"חטיפי אצבעות ""גרנדה"" לבן 125 גרם",גרמים,125.00,100 גרם,false,1,16.90,13.5200,true,1,133357
8000380184323,false,שוקולד לואקר מריר 80,,,שוקולד לואקר מריר 80 גר,גרמים,80.00,100 גרם,false,1,7.90,9.8750,true,1,111155
8000380192151,false,עוגיות טורטינה דאבל,,,עוגיות טורטינה דאבל שוקולד,גרמים,125.00,100 גרם,false,1,13.90,11.1200,true,1,131413
8000380192588,false,וופל לואקר קואדרטיני,,IT,וופל לואקר קואדרטיני דאבל שוקולד 250 גר,גרמים,250.00,100 גרם,false,18,12.90,5.1600,true,1,121528
8000380201396,false,עוגיות שוקולד טורטינ,,,שישיית שוקולד טורטינה קרמל 126 גרם,גרמים,126.00,100 גרם,false,24,13.90,11.0317,true,1,133055
8000380205400,false,קואדרטיני חמאת בוטני,,,קואדרטיני חמאת בוטנים 250 גר,גרמים,250.00,100 גרם,false,1,12.90,5.1600,true,1,139370
8000380206896,false,וופל גרדנה חמאת בוטנ,,,וופל גרדנה חמאת בוטנים 200 גר,גרמים,200.00,100 גרם,false,10,12.90,6.4500,true,1,139371
8000380207183,false,עוגיות טורטינה חמאת,,,עוגיות טורטינה חמאת בוטנים 126 גר,גרמים,126.00,100 גרם,false,24,13.90,11.0317,true,1,139372
8000420000491,false,יין מבעבע אסטי לבן מ,,,יין מבעבע אסטי לבן מתוק 750מל,מיליליטרים,750.00,"100 מ""ל",false,1,49.90,6.6533,true,1,78330
8000420015716,false,יין מבעבע רוזה יבש 7,GANCIA,,יין מבעבע רוזה יבש 750מל,מיליליטרים,750.00,"100 מ""ל",false,1,49.90,6.6533,true,1,78333
8000420019158,false,יין מבעבע יבש מאוד ג,,,יין מבעבע יבש מאוד גאנציה פרוסקו רוזה,מיליליטרים,750.00,"100 מ""ל",false,1,49.90,6.6533,true,1,133948
8000420159991,false,יין גנציה בטעם אפרסק,,,יין גנציה בטעם אפרסק 750 מל,מיליליטרים,750.00,"100 מ""ל",false,1,29.90,3.9867,true,1,128576
8000420201300,false,וורמונט גנציה ביאנק,GANCIA,,וורמונט גנציה ביאנק לבן 700 מל,מיליליטרים,700.00,"100 מ""ל",false,1,39.90,5.7000,true,1,50861
8000420742193,false,יין מבעבע פרוסקו לבן,GANCIA,,יין מבעבע פרוסקו לבן יבש 750מל,מיליליטרים,750.00,"100 מ""ל",false,1,49.90,6.6533,true,1,78332
8000420864321,false,וורמונט דרי אקסטרה ל,GANCIA,,וורמונט דרי אקסטרה לבן יבש 1ל,ליטרים,1.00,ליטר,false,1,39.90,39.9000,true,1,78335
8000500009673,false,בונבוניירה פררו רושר,,,בונבוניירה פררו רושר 300 גר,גרמים,300.00,100 גרם,false,1,44.90,14.9667,true,1,38699
8000500023624,false,חטיף קינדר הפי היפו,,,חטיף קינדר הפי היפו חמישייה,גרמים,104.00,100 גרם,false,1,13.90,13.3654,true,1,38700
8000500023976,false,בונבוניירת רפאלו 150,,,"בונבוניירת ""רפאלו"" 150 גר",גרמים,150.00,100 גרם,false,1,16.90,11.2667,true,1,38701
8000500026731,false,ביצת הפתעה קינדר סופ,,,ביצת הפתעה קינדר סופרייז שלישייה,Unknown,0.00,Unknown,false,1,15.90,0.0000,true,1,66070
8000500028124,false,ביצת הפתעה קינדר גוי,,,ביצת הפתעה קינדר גוי שלישייה,גרמים,60.00,100 גרם,false,1,15.90,26.5000,true,1,38702
8000500029350,false,חטיף קינדר בואנו שלי,,,חטיף קינדר בואנו שלישייה,גרמים,129.00,100 גרם,false,1,10.90,8.4496,true,1,38703
8000500032237,false,בונבוניירה פררו רושר,,,בונבוניירה פררו רושר 375 גר,גרמים,375.00,100 גרם,false,1,44.90,11.9733,true,1,38704
8000500071083,false,שוקולד אצבעות קינדר,,,שוקולד אצבעות קינדר 200 גר,גרמים,200.00,100 גרם,false,1,13.90,6.9500,true,1,38709
8000500094976,false,בונבוניירה פררו רושר,,,בונבוניירה פררו רושר קונוס 212 גר,גרמים,212.00,100 גרם,false,1,41.90,19.7642,true,1,38710
8000500121436,false,חטיף קינדר בואנו לבן,,,חטיף קינדר בואנו לבן שלישייה,גרמים,117.00,100 גרם,false,1,10.90,9.3162,true,1,38711
8000500127728,false,עוגת ספוג במילוי קינ,,,עוגת ספוג במילוי קינדר מילק סלייס 112 גר,גרמים,112.00,100 גרם,false,1,11.90,10.6250,true,1,133755
8000500167656,false,שוקולד עם דגנים קינד,,,שוקולד עם דגנים קינדר רביעייה 94 גר,גרמים,94.00,100 גרם,false,24,8.90,9.4681,true,1,124479
8000500227848,false,חטיף עוגיות נוטלה בי,,,חטיף עוגיות נוטלה בי ראדי,גרמים,132.00,100 גרם,false,1,11.90,9.0152,true,1,108802
8000500249352,false,חטיף קינדר בואנו מינ,,,חטיף קינדר בואנו מיני מיקס 205 גר,גרמים,205.00,100 גרם,false,1,19.90,9.7073,true,1,109531
8000500256213,false,שוקולד מיני קינדר 12,פררו,IT,שוקולד מיני קינדר 120 גר,גרמים,120.00,100 גרם,false,1,10.90,9.0833,true,1,119026
8000500266557,false,ביצת שוקולד קינדר ענ,,,ביצת שוקולד קינדר ענקית קריסמס בנות 220,גרמים,220.00,100 גרם,false,1,79.90,36.3182,true,1,142882
8000500266564,false,ביצת שוקולד קינדר ענ,,,ביצת שוקולד קינדר ענקית קריסמס בנים 220,גרמים,220.00,100 גרם,false,1,79.90,36.3182,true,1,142881
8000500267103,false,עוגיות קינדר דליס 42,,,עוגיות קינדר דליס 420 גר,גרמים,390.00,100 גרם,false,1,19.90,5.1026,true,1,108878
8000500269169,false,מארז פררו קינדר קארד,,,מארז פררו קינדר קארד 128 גר,גרמים,128.00,100 גרם,false,1,13.90,10.8594,true,1,134204
8000500328750,false,בונ פררו רונדנואר 14,,,בונ פררו רונדנואר 141 גר,גרמים,141.00,100 גרם,false,1,26.90,19.0780,true,1,132237
8000500363492,false,גלידה רפאלו לבן 188,,,גלידה רפאלו לבן 188 גר,גרמים,188.00,100 גרם,false,1,32.90,17.5000,true,1,133914
8000500363515,false,גלידה פררו רושר מריר,,,גלידה פררו רושר מריר 200 גר,גרמים,200.00,100 גרם,false,1,32.90,16.4500,true,1,133912
8000500363539,false,גלידה פררו רושר קלאס,,,גלידה פררו רושר קלאסיק 200 גר,גרמים,200.00,100 גרם,false,1,32.90,16.4500,true,1,133913
8000500384664,false,גלידת קינדר במילוי א,,,גלידת קינדר במילוי אגוזים רביעייה 248 גר,גרמים,248.00,100 גרם,false,1,42.90,17.2984,true,1,141411
8000500384718,false,גלידת קינדר שוקולד ל,,,גלידת קינדר שוקולד לבן רביעייה 248 גר,גרמים,248.00,100 גרם,false,1,42.90,17.2984,true,1,141410
8000570048022,false,וורמוט מרטיני פיירו,בקרדי מרטיני,IT,"מרטיני פיירו 750 מ""ל",מיליליטרים,750.00,"100 מ""ל",false,6,44.90,5.9867,true,1,121233
8000570283607,false,יין מבעבע מרטיני אסט,,,"יין מבעבע  מרטיני מתוק 750 מ""ל",מיליליטרים,750.00,"100 מ""ל",false,1,64.90,8.6533,true,1,118294
8000570812708,false,יין מבעבע מרטיני רוז,,,יין מבעבע  מרטיני רוזה,מיליליטרים,750.00,"100 מ""ל",false,1,64.90,8.6533,true,1,111923
8000698036642,false,בונבוניירת אלינור 45,HDI FELETTI,,בונבוניירת אלינור 450גר,גרמים,450.00,100 גרם,false,1,69.90,15.5333,true,1,48841
8000698463295,false,בונבוניירה אלודי פיל,,,בונבוניירה אלודי פילטי 250 גר,גרמים,250.00,100 גרם,false,6,64.90,25.9600,true,1,131208
8000698466265,false,בונבוניירה אליזה פיל,,,בונבוניירה אליזה פילטי 400 גר,גרמים,400.00,100 גרם,false,4,84.90,21.2250,true,1,131209
8001090016003,false,טבליות למדיח כלים פי,,,טבליות למדיח כלים פיירי 84 יח,גרמים,1135.00,100 גרם,false,1,54.90,4.8370,true,1,103855
8001090184375,false,סבון כלים פיירי אורי,,,סבון כלים פיירי אוריגינל 900 מל,מיליליטרים,900.00,"100 מ""ל",false,1,12.90,1.4333,true,1,139463
8001090184412,false,סבון כלים פיירי לימו,,,סבון כלים פיירי לימון 900 מל,מיליליטרים,900.00,"100 מ""ל",false,1,12.90,1.4333,true,1,139464
8001090222428,false,שמפו הרבל אסנסס חלב,,,"שמפו הרבל אסנסס חלב קוקוס 400 מ""ל",מיליליטרים,400.00,"100 מ""ל",false,1,19.90,4.9750,true,1,122119
8001090222541,false,שמפו הרבל אסנסס תות,,,"שמפו הרבל אסנסס תות שדה ומנטה 400 מ""ל",מיליליטרים,400.00,"100 מ""ל",false,1,19.90,4.9750,true,1,122120
8001090222572,false,מרכך הרבל אסנסס תות,,,"מרכך הרבל אסנסס תות שדה ומנטה 400 מ""ל",מיליליטרים,400.00,"100 מ""ל",false,1,19.90,4.9750,true,1,122124
8001090222725,false,שמפו הרבל אסנסס שמן,,,"שמפו הרבל אסנסס שמן מורינגה 400 מ""ל",מיליליטרים,400.00,"100 מ""ל",false,1,19.90,4.9750,true,1,122122
8001090222848,false,שמפו הרבל אסנסס שיקו,,,"שמפו הרבל אסנסס שיקום שמן ארגן 400 מ""ל",מיליליטרים,400.00,"100 מ""ל",false,1,19.90,4.9750,true,1,122121
8001090222879,false,מרכך הרבל אסנסס שיקו,,,"מרכך הרבל אסנסס שיקום שמן ארגן 400 מ""ל",מיליליטרים,400.00,"100 מ""ל",false,1,19.90,4.9750,true,1,122125
8001090290830,false,משחת שיניים אורל בי,,,משחת שיניים אורל בי פנינה בוהקת,מיליליטרים,75.00,"100 מ""ל",false,1,24.90,33.2000,true,1,134187
8001090290939,false,משחת שיניים אורל בי,,,משחת שיניים אורל בי לבן בוהק,מיליליטרים,75.00,"100 מ""ל",false,1,24.90,33.2000,true,1,134186
8001090316103,false,קפסולות לכביסה אריאל,,FR,קפסולות לכביסה אריאל כתמים קשים 45 יח,גרמים,1303.00,100 גרם,false,2,59.90,4.5971,true,1,141534
8001090336606,false,חיתולי פמפרס בייבי ד,פרוקטר אנד גמבל,,חיטולי פמפרס בייבי דריי מידה 6 26 יח,Unknown,0.00,Unknown,false,1,37.90,0.0000,true,1,124679
8001090364159,false,משחת שיניים אורל בי,,,משחת שיניים אורל בי רעננות מוגברת,מיליליטרים,75.00,"100 מ""ל",false,1,14.80,19.7333,true,1,134182
8001090379368,false,חיטולי פמפרס פרמיום,פרוקטר אנד גמבל,,חיטולי פמפרס פרמיום מידה 4 34 יח,Unknown,0.00,Unknown,false,4,39.90,0.0000,true,1,111006
8001090379399,false,חיטולי פמפרס פרמיום,פרוקטר אנד גמבל,,חיטולי פמפרס פרמיום מידה 5 30 יח,Unknown,0.00,Unknown,false,4,39.90,0.0000,true,1,111002
8001090458353,false,נוזל כלים פיירי אנטי,P&G,,"נוזל כלים פיירי אנטי בקטריאלי 515 מ""ל",מיליליטרים,515.00,"100 מ""ל",false,1,9.90,1.9223,true,1,108705
8001090493637,false,שמפו הד & שולדרס אול,,,"שמפו האד אנד שולדרס אולטרה טוטל 450 מ""ל",מיליליטרים,450.00,"100 מ""ל",false,1,19.90,4.4222,true,1,109936
8001090580122,false,שמפו הד & שולדרס סופ,,,"שמפו האד אנד שולדרס סופרים משקם 400 מ""ל",מיליליטרים,400.00,"100 מ""ל",false,1,19.90,4.9750,true,1,119945
8001090678195,false,מרכך האד אנד שולדרס,,,"מרכך האד אנד שולדרס סופרים לחות 275 מ""ל",מיליליטרים,275.00,"100 מ""ל",false,1,17.90,6.5091,true,1,119949
8001090678225,false,מרכך האד אנד שולדרס,,,"מרכך האד אנד שולדרס סופרים משקם 275 מ""ל",מיליליטרים,275.00,"100 מ""ל",false,1,17.90,6.5091,true,1,119948
8001090678614,false,שמפו הד & שולדרס סופ,,,"שמפו האד אנד שולדרס סופרים לחות 400 מ""ל",מיליליטרים,400.00,"100 מ""ל",false,1,19.90,4.9750,true,1,119946
8001090721099,false,קפסולות לכביסה אריאל,,,קפסולות לכביסה אריאל 27 יח,גרמים,729.00,100 גרם,false,1,31.90,4.3759,true,1,115195
8001090721129,false,קפסולות לכביסה קולור,,,קפסולות לכביסה קולור אריאל 27 יח,גרמים,729.00,100 גרם,false,1,31.90,4.3759,true,1,115196
8001090734044,false,מגן תחתון אולוויז מג,,,מגן תחתון אולוויז מגה פק לארג פרש 64 יח,Unknown,0.00,Unknown,false,1,18.90,0.0000,true,1,112977
8001090737809,false,מגן תחתון אולוויז סי,,DE,מגן תחתון אולוויז סינגל טנגה 36 יח,Unknown,0.00,Unknown,false,4,18.90,0.0000,true,1,141813
8001090740717,false,מגן תחתון אולוויז נו,,,מגן תחתון אולוויז נורמל מגה פק פרש 76 יח,Unknown,0.00,Unknown,false,1,18.90,0.0000,true,1,112992
8001090745903,false,אבקת כביסה טייד אלפי,פרוקטר אנד גמבל,,"אבקת כביסה טייד אלפיין פרש 4 ק""ג",קילוגרמים,4.00,"ק""ג",false,1,29.90,7.4750,true,1,124673
8001090748638,false,מרכך כביסה לנור מרוכ,,,מרכך כביסה לנור מרוכז קיס 1 ל,ליטרים,1.00,ליטר,false,1,24.90,24.9000,true,1,122128
8001090802385,false,קפסולות גל כביסה טיי,,,קפסולות גל כביסה טייד בניחוח לנור 26 יח,גרמים,645.00,100 גרם,false,1,26.90,4.1705,true,1,121354
8001090832450,false,פנטן שמפו נוסחה קלאס,,,פנטן שמפו נוסחה קלאסית 660 מל,מיליליטרים,660.00,"100 מ""ל",false,1,19.90,3.0152,true,1,130956
8001090832535,false,פנטן שמפו שמן מרוקאי,,,פנטן שמפו שמן מרוקאי משקם 660 מל,מיליליטרים,660.00,"100 מ""ל",false,1,19.90,3.0152,true,1,130957
8001090832573,false,פנטן שמפו שמן לחות מ,,,פנטן שמפו שמן לחות מוגברת 660 מל,מיליליטרים,660.00,"100 מ""ל",false,1,19.90,3.0152,true,1,130958
8001090832610,false,פנטן שמפו למגע רך כמ,,,פנטן שמפו למגע רך כמשי 660 מל,מיליליטרים,660.00,"100 מ""ל",false,1,19.90,3.0152,true,1,130959
8001090832696,false,פנטן שמפו לתלתלים מו,,,פנטן שמפו לתלתלים מושלמים 660 מל,מיליליטרים,660.00,"100 מ""ל",false,1,19.90,3.0152,true,1,130960
8001090832771,false,פנטן שמפו הזנת קרטין,,,פנטן שמפו הזנת קרטין 660 מל,מיליליטרים,660.00,"100 מ""ל",false,1,19.90,3.0152,true,1,130961
8001090832818,false,פנטן מרכך נוסחה קלאס,,,פנטן מרכך נוסחה קלאסית 660 מל,מיליליטרים,660.00,"100 מ""ל",false,1,19.90,3.0152,true,1,130963
8001090832856,false,פנטן מרכך מרוקאי משק,,,פנטן מרכך מרוקאי משקם 660 מל,מיליליטרים,660.00,"100 מ""ל",false,1,19.90,3.0152,true,1,130964
8001090832931,false,פנטן מרכך למגע רך כמ,,,פנטן מרכך למגע רך כמשי 660 מל,מיליליטרים,660.00,"100 מ""ל",false,1,19.90,3.0152,true,1,130966
8001090832979,false,פנטן מרכך לתלתלים מו,,,פנטן מרכך לתלתלים מושלמים 660 מל,מיליליטרים,660.00,"100 מ""ל",false,1,19.90,3.0152,true,1,130967
8001090833136,false,גל כביסה אריאל בייבי,,FR,גל כביסה אריאל בייבי 2.25 ל,ליטרים,2.25,ליטר,false,4,29.90,13.2889,true,1,118767
8001090833167,false,גל כביסה אריאל ניחוח,,FR,גל כביסה אריאל ניחוח הרים 2.36 ל,ליטרים,2.36,ליטר,false,4,29.90,12.6695,true,1,118765
8001090833198,false,גל כביסה אריאל ניחוח,,FR,גל כביסה אריאל ניחוח מרענן 2.36 ל,ליטרים,2.36,ליטר,false,4,29.90,12.6695,true,1,118764
8001090833228,false,גל כביסה אריאל קולור,,FR,גל כביסה אריאל קולור 2.36 ל,ליטרים,2.36,ליטר,false,4,29.90,12.6695,true,1,118766
8001090833259,false,גל כביסה אריאל ניחוח,,FR,גל כביסה אריאל ניחוח הרים 3.74 ל,ליטרים,3.74,ליטר,false,3,39.90,10.6684,true,1,118768
8001090886385,false,מרכך כביסה לינור כדו,פרוקטר אנד גמבל,GB,מרכך כביסה לינור כדוריות הריח בניחוח רענ,גרמים,140.00,100 גרם,false,6,19.90,14.2143,true,1,129715
8001090886460,false,מרכך כביסה לינור כדו,פרוקטר אנד גמבל,GB,מרכך כביסה לינור כדוריות הריח בניחוח אבי,גרמים,140.00,100 גרם,false,6,19.90,14.2143,true,1,122130
8001090899194,false,תחבושות אולוויז פלטי,,,תחבושות אולוויז פלטינום נורמל 24 יח,Unknown,0.00,Unknown,false,1,19.90,0.0000,true,1,124661
8001090899224,false,תחבושות אולוויז פלטי,,,תחבושות אולוויז פלטינום לונג 20 יח,Unknown,0.00,Unknown,false,1,19.90,0.0000,true,1,124662
8001090899255,false,תחבושות אולוויז פלטי,,,תחבושות אולוויז פלטינום לילה 16 יח,Unknown,0.00,Unknown,false,1,19.90,0.0000,true,1,124663
8001090899286,false,תחבושות אולוויז פלטי,,,תחבושות אולוויז פלטינום לילה בטוח 14 יח,Unknown,0.00,Unknown,false,1,19.90,0.0000,true,1,124664
8001090961907,false,אבקת כביסה אריאל שוש,פרוקטר אנד גמבל,,"אבקת כביסה אריאל שושן צחור 9 ק""ג",קילוגרמים,9.00,"ק""ג",false,1,69.90,7.7667,true,1,124671
8001090961938,false,אבקת כביסה אריאל קול,פרוקטר אנד גמבל,,"אבקת כביסה אריאל קולור 9 ק""ג",קילוגרמים,9.00,"ק""ג",false,1,69.90,7.7667,true,1,124672
8001090992338,false,קפסולות למדיח פיירי,,,קפסולות למדיח פיירי פלטינום פלוס 50 יח,Unknown,0.00,Unknown,false,3,54.90,0.0000,true,1,126551
8001110016303,false,ליקר אמרטו דיסרונו 7,,,"ליקר אמרטו דיסרונו 700 מ""ל",מיליליטרים,700.00,"100 מ""ל",false,1,79.90,11.4143,true,1,66090
8001160000888,false,משקה אנרגיה גטורייד,,,משקה אנרגיה גטורייד ספורט תפוז בק 500 מל,מיליליטרים,500.00,"100 מ""ל",false,1,9.90,1.9800,true,1,124631
8001160001786,false,משקה אנרגיה גטורייד,,,משקה אנרגיה גטורייד ספורט כחול בק 500 מל,מיליליטרים,500.00,"100 מ""ל",false,1,9.90,1.9800,true,1,124630
8001160001892,false,משקה אנרגיה גטורייד,,,משקה אנרגיה גטורייד ספורט תפוז אדום בק,מיליליטרים,500.00,"100 מ""ל",false,1,9.90,1.9800,true,1,124632
8001561015580,false,ריבת בצל אדום איטלקי,,,ריבת בצל אדום איטלקית 300 גרם,גרמים,300.00,100 גרם,false,1,29.90,9.9667,true,1,128770
8001585008391,false,עוגת בלקוני תות שדה,BALCONI,,עוגת בלקוני תות שדה 400 גר,גרמים,400.00,100 גרם,false,1,13.90,3.4750,true,1,122658
8001620011935,false,מים מוגזים עדין סאן,,,"מים מוגז עדין ""סאן ב",ליטרים,3.00,ליטר,false,1,13.90,4.6333,true,1,38747
8001620017456,false,מים מינרלים סאן בנדט,,,"מים מינרל סאן בנדטו ספורט 500 מ""ל שישייה",מיליליטרים,3000.00,"100 מ""ל",false,1,15.90,0.5300,true,1,116435
8001620018248,false,מים מינרליים סאן בנד,,,"מים מינרליים סאן בנדטו ספורט 750 מ""ל",מיליליטרים,750.00,"100 מ""ל",false,1,3.90,0.5200,true,1,121625
8001720415442,false,פנתוני קרם ושברי פיס,,,פנתוני קרם ושברי פיסטוק 750 גר,גרמים,750.00,100 גרם,false,16,79.90,10.6533,true,1,142953
8001720425717,false,פנתוני קרם פיסטוק ופ,,,פנתוני קרם פיסטוק ופיצפוצי שוקול באולי,גרמים,750.00,100 גרם,false,16,79.90,10.6533,true,1,136316
8001720425847,false,פנתוני קלאסיק 700 גר,BAULI,,פנתוני קלאסיק 700 גר,גרמים,700.00,100 גרם,false,16,55.90,7.9857,true,1,142955
8001841019291,false,קפסולות אריאל בניחוח,,,קפסולות אריאל בניחוח לנור 16 יח,Unknown,0.00,Unknown,false,1,19.90,0.0000,true,1,140093
8001841053646,false,תחבושות אולוויז עבה,,HU,תחבושות אולוויז עבה נורמל פלוס 14 יח,Unknown,0.00,Unknown,false,8,11.90,0.0000,true,1,121484
8001841053684,false,תחבושות אולוויז עבה,,HU,תחבושות אולוויז עבה לונג פלוס 12 יח,Unknown,0.00,Unknown,false,8,11.90,0.0000,true,1,121485
8001841053806,false,תחבושות אולוויז עבה,,DE,תחבושות אולוויז עבה לילה עבה 9 יח,Unknown,0.00,Unknown,false,10,11.90,0.0000,true,1,121486
8001841062624,false,מגבוני פמפרס פרש 52,,,מגבוני פמפרס פרש 52 יח רביעייה,Unknown,0.00,Unknown,false,3,19.90,0.0000,true,1,131138
8001841077949,false,מגבונים פמפרס פרש 52,,,מגבונים פמפרס פרש 52 יח רביעייה,Unknown,0.00,Unknown,false,1,19.90,0.0000,true,1,123001
8001841137179,false,מרכך הד אנד שולדרס ה,,RO,מרכך הד אנד שולדרס הנוסחה הקלאסית 275 מל,מיליליטרים,275.00,"100 מ""ל",false,6,17.90,6.5091,true,1,122993
8001841137216,false,מרכך הד אנד שולדרס ל,,RO,"מרכך הד אנד שולדרס למגע רך כמשי 400 מ""ל",מיליליטרים,275.00,"100 מ""ל",false,6,17.90,6.5091,true,1,122994
8001841427126,false,מגן תחתון אולוויז מג,,DE,מגן תחתון אולוויז מגה פק פרו פרש נורמל,Unknown,0.00,Unknown,false,4,18.90,0.0000,true,1,127779
8001841500799,false,שמפו הרבל אסנס אלוור,,FR,שמפו הרבל אסנס אלוורה ומנגו 380 מל,מיליליטרים,380.00,"100 מ""ל",false,6,19.90,5.2368,true,1,131148
8001841500942,false,שמפו הרבל אסנס אלוור,,FR,שמפו הרבל אסנס אלוורה ובמבוק 380 מל,מיליליטרים,380.00,"100 מ""ל",false,6,19.90,5.2368,true,1,131149
8001841502298,false,מרכך הרבל אסנס אלוור,,FR,מרכך הרבל אסנס אלוורה ומנגו 275 מל,מיליליטרים,275.00,"100 מ""ל",false,6,19.90,7.2364,true,1,131150
8001841502601,false,מרכך הרבל אסנס אלוור,,FR,מרכך הרבל אסנס אלוורה ובמבוק 275 מל,מיליליטרים,275.00,"100 מ""ל",false,6,19.90,7.2364,true,1,131151
8001841625188,false,נוזל כלים פיירי פלטי,פרוקטר אנד גמבל,,"נוזל כלים פיירי פלטינום לימון 515 מ""ל",מיליליטרים,515.00,"100 מ""ל",false,16,9.90,1.9223,true,1,126531
8001841625362,false,סבון כלים פיירי פלטי,,,סבון כלים פיירי פלטינום לימון 780 מל,מיליליטרים,780.00,"100 מ""ל",false,1,12.90,1.6538,true,1,139465
8001841625461,false,נוזל כלים פיירי פלטי,פרוקטר אנד גמבל,,"נוזל כלים פיירי פלטינום אורגינל 515 מ""ל",מיליליטרים,515.00,"100 מ""ל",false,16,9.90,1.9223,true,1,126532
8001841669465,false,קפסולות אריאל בניחוח,,,קפסולות אריאל בניחוח לנור 24 יח,Unknown,0.00,Unknown,false,1,31.90,0.0000,true,1,131816
8001841669519,false,קפסולות לכביסה אריאל,,,קפסולות לכביסה אריאל 40 יח,קילוגרמים,1.39,"ק""ג",false,1,59.90,43.0935,true,1,127831
8001841715957,false,גל רחצה ושמפו שולדרס,,,גל רחצה ושמפו שולדרס ניקוי אינטנסיבי 360,מיליליטרים,360.00,"100 מ""ל",false,1,19.90,5.5278,true,1,134188
8001841716312,false,גל רחצה ושמפו שולדרס,,,גל רחצה ושמפו שולדרס ספורט 360 מל,מיליליטרים,360.00,"100 מ""ל",false,1,19.90,5.5278,true,1,134189
8001841716435,false,גל רחצה ושמפו שולדרס,,,גל רחצה ושמפו שולדרס לעור רגיש 360 מל,מיליליטרים,360.00,"100 מ""ל",false,1,19.90,5.5278,true,1,134190
8001841716596,false,גל רחצה ושמפו שולדרס,,,גל רחצה ושמפו שולדרס מרענן 360 מל,מיליליטרים,360.00,"100 מ""ל",false,1,19.90,5.5278,true,1,134191
8001841893990,false,טבליות למדיח פיירי פ,,,טבליות למדיח פיירי פלטינום פלוס 30 יח,Unknown,0.00,Unknown,false,4,39.90,0.0000,true,1,131142
8001841941929,false,תחבושות אולוייז וליו,פרוקטר אנד גמבל,,תחבושות אולוייז וליו פק לילה אקסטרא 16 י,Unknown,0.00,Unknown,false,8,19.90,0.0000,true,1,134244
8001841958460,false,טבליות למדיח כלים פי,,,טבליות למדיח כלים פיירי 48 יח,Unknown,0.00,Unknown,false,4,39.90,0.0000,true,1,131140
8001841960081,false,טבליות למדיח כלים פי,,,טבליות למדיח כלים פיירי פלטינום 37 יח,Unknown,0.00,Unknown,false,4,39.90,0.0000,true,1,131141
8001860810008,false,משקה חלב אורז אורגני,,,משקה חלב אורז אורגני סקוטי 1 ל,ליטרים,1.00,ליטר,false,1,10.90,10.9000,true,1,140542
8001876550028,false,חומץ יין לבן קולוויט,DE NIGRIS,IT,"חומץ יין ""קולאויטה""",מיליליטרים,500.00,"100 מ""ל",false,6,21.90,4.3800,true,1,38768
8001876552541,false,חומץ בלסמי לבן קולוו,DE NIGRIS,IT,"חומץ בלסמי ""קולאיטה""",מיליליטרים,500.00,"100 מ""ל",false,6,26.90,5.3800,true,1,38772
8001900234054,false,יין מבעבע למברוסקו ר,קאויקיולי,,יין מבעבע למברוסקו רוזה,מיליליטרים,750.00,"100 מ""ל",false,1,27.90,3.7200,true,1,38776
8001900527057,false,יין מבעבע למברוסקו א,קאויקיולי,,יין מבעבע למברוסקו אדום,מיליליטרים,750.00,"100 מ""ל",false,1,27.90,3.7200,true,1,38777
8001900628051,false,יין מבעבע למברוסקו ל,קאויקיולי,,יין מבעבע למברוסקו לבן,מיליליטרים,750.00,"100 מ""ל",false,1,27.90,3.7200,true,1,38778
8001931120944,false,פסטה קן לציפור דק 50,GUACCI,,פסטה קן לציפור דק 500 גר,גרמים,500.00,100 גרם,false,1,8.90,1.7800,true,1,109143
8001935221401,false,יין איטלקי וילה אדום,אנטינורי,,יין איטלקי וילה אדום,Unknown,0.00,Unknown,false,1,79.90,0.0000,true,1,53331
8001935353201,false,יין וילה אנטינורי לב,אנטינורי,,יין וילה אנטינורי לבן 0.75ל,מיליליטרים,750.00,"100 מ""ל",false,1,59.90,7.9867,true,1,74218
8002230000012,false,ליקר אפרול 1 ל,,,ליקר אפרול 1ל,ליטרים,1.00,ליטר,false,1,99.90,99.9000,true,1,97585
8002235021319,false,יין זונין מונטפליציא,,,יין זונין מונטפליציאנו דאברוצו 750 מל,מיליליטרים,750.00,"100 מ""ל",false,1,44.90,5.9867,true,1,138832
8002235022965,false,יין זונין רוזה אלטמו,,IT,יין זונין רוזה אלטמורה זינזולה 750 מל,מיליליטרים,750.00,"100 מ""ל",false,6,59.90,7.9867,true,1,141483
8002235039918,false,יין זונין פרוסקו רוז,,,יין זונין פרוסקו רוזה 750 מל,מיליליטרים,750.00,"100 מ""ל",false,1,39.90,5.3200,true,1,138830
8002267002270,false,חטיפי קרח פולרט 400,,,חטיפי קרח פולרט 400 מל,מיליליטרים,400.00,"100 מ""ל",false,1,8.90,2.2250,true,1,81101
8002270015656,false,מים מינרליים מוגזים,,,"סאן פלגרינו 750מ""""ל",מיליליטרים,750.00,"100 מ""ל",false,1,10.20,1.3600,true,1,38789
8002270436581,false,מים מוגזים סאן פלגרי,סן-פלגרינו,,"מים מוגזים סאן פלגרינו 500 מ""ל שישייה",מיליליטרים,3000.00,"100 מ""ל",false,1,30.90,1.0300,true,1,111844
8002270846472,false,מים מינרליים סאן פלג,,,"מים מינרליים ""סאן פלגרינו"" 0.5 ל",מיליליטרים,500.00,"100 מ""ל",false,1,5.90,1.1800,true,1,49904
8002270866524,false,מים מינרלים סן פלגרי,,,מים מינרלים סן פלגרינו 1ל,ליטרים,1.00,ליטר,false,1,9.90,9.9000,true,1,80975
8002371000193,false,קרואסון במילוי ריבת,,,קרואסון במילוי ריבת משמש 400 גר,גרמים,400.00,100 גרם,false,1,18.90,4.7250,true,1,38791
8002371000353,false,קרואסון במילוי ריבת,,,קרואסון במילוי ריבת תות שדה 250 גר,גרמים,250.00,100 גרם,false,1,12.90,5.1600,true,1,38792
8002371000650,false,קרואסון במילוי ריבת,,,קרואסון במילוי ריבת משמש 250 גר,גרמים,250.00,100 גרם,false,1,12.90,5.1600,true,1,142099
8002371000674,false,קרואסון במילוי קרם פ,,,קרואסון במילוי קרם פטיסייר 250 גר,גרמים,250.00,100 גרם,false,1,12.90,5.1600,true,1,38796
8002371000728,false,קרואסון במילוי כפול,,,קרואסון במילוי כפול 400 גר,גרמים,400.00,100 גרם,false,1,18.90,4.7250,true,1,38798
8002371004061,false,קרואסון במילוי קרם ב,,,קרואסון במילוי קרם ביגוסטו 250 גר,גרמים,250.00,100 גרם,false,1,12.90,5.1600,true,1,142100
8002450202005,false,משקה כהלי מוגז ורדי,בוסקה,,משקה כהלי ורדי אסאי בוסקה 750מל,מיליליטרים,750.00,"100 מ""ל",false,1,24.90,3.3200,true,1,80156
8002450203002,false,משקה כהלי מוגז ורדי,בוסקה,,"משקה כהלי מוגז ורדי אבטיח 750 מ""ל",מיליליטרים,750.00,"100 מ""ל",false,1,24.90,3.3200,true,1,120326
8002450204009,false,משקה כהלי מוגז ורדי,בוסקה,,משקה כהלי מוגז ורדי אפרסק 750 מל,מיליליטרים,750.00,"100 מ""ל",false,1,24.90,3.3200,true,1,38807
8002450205006,false,משקה כהלי מוגז ורדי,בוסקה,,משקה כהלי מוגז ורדי אפרסק 750 מל,מיליליטרים,750.00,"100 מ""ל",false,1,24.90,3.3200,true,1,106108
8002450206003,false,משקה כהלי מוגז ורדי,בוסקה,,משקה כהלי מוגז ורדי רימונים 750 מל,מיליליטרים,750.00,"100 מ""ל",false,1,24.90,3.3200,true,1,38808
8002450208304,false,משקה כהלי מוגז ורדי,בוסקה,,"ימשקה כהלי מוגז ורדי גוורצטרמינר 750 מ""ל",מיליליטרים,750.00,"100 מ""ל",false,1,24.90,3.3200,true,1,122539
8002550506652,false,יין ריוניטה סנגריה א,,,יין ריוניטה סנגריה אדומה פחית 250 מל,מיליליטרים,250.00,"100 מ""ל",false,1,8.90,3.5600,true,1,141825
8002670504279,false,גרנרולו בורגר צמחי 2,,,גרנרולו בורגר צמחי 2*110 גר,גרמים,220.00,100 גרם,false,8,24.90,11.3182,true,1,138140
8002670504286,false,גרנרולו מיני בורגר 6,,,גרנרולו מיני בורגר 6*30 גר,גרמים,180.00,100 גרם,false,8,24.90,13.8333,true,1,138141
8002793000504,false,יין פיציני קיאנטי כת,,,יין פיציני קיאנטי כתום 750 מל,מיליליטרים,750.00,"100 מ""ל",false,1,34.90,4.6533,true,1,101722
8002793000986,false,יין אורבייטו קלאסיק,,,יין אורבייטו קלאסיק 750 מל,מיליליטרים,750.00,"100 מ""ל",false,1,34.90,4.6533,true,1,101724
8002793005370,false,יין ממורו רוסו 750 מ,,,יין ממורו רוסו 750 מל,מיליליטרים,750.00,"100 מ""ל",false,1,49.90,6.6533,true,1,101725
8002793006797,false,יין ממורו ביאנקו 750,,,יין ממורו ביאנקו 750 מל,מיליליטרים,750.00,"100 מ""ל",false,1,49.90,6.6533,true,1,101729
8002793007435,false,יין ממורו רוזאטו 750,,,יין ממורו רוזאטו 750 מל,מיליליטרים,750.00,"100 מ""ל",false,1,49.90,6.6533,true,1,101726
8002793015126,false,יין פיציני ורמנטינו,,,יין פיציני ורמנטינו טוסקנה לבן 750 מל,מיליליטרים,750.00,"100 מ""ל",false,1,59.90,7.9867,true,1,141735
8002793018776,false,יין פראפאסו פרימיטיב,,,יין פראפאסו פרימיטיבו די מנדורייה 750 מל,מיליליטרים,750.00,"100 מ""ל",false,1,59.90,7.9867,true,1,134106
8002793021196,false,יין אדום חצי יבש פיצ,,,יין אדום חצי יבש פיציני פינוקיו 750 מל,מיליליטרים,750.00,"100 מ""ל",false,1,44.90,5.9867,true,1,141589
8002793959239,false,יין פיציני קיאנטי קל,,,יין פיציני קיאנטי קלאסיק 750 מל,מיליליטרים,750.00,"100 מ""ל",false,1,59.90,7.9867,true,1,101727
8002793959789,false,יין פינו גריגיו 750,,,יין פינו גריגיו 750 מל,מיליליטרים,750.00,"100 מ""ל",false,1,34.90,4.6533,true,1,101723
8002795002407,false,יוקרם בתוספת תות 2*1,,,יוקרם בתוספת תות 2*100 גר,גרמים,200.00,100 גרם,false,1,7.90,3.9500,true,1,140401
8003007800842,false,פסטה קונקיליוני 500,,,פסטה קונקיליוני 500 גר,גרמים,500.00,100 גרם,false,1,12.90,2.5800,true,1,105017
8003115851705,false,פנתוני סוויט איטלי 5,BISCOTTIFICIO PRIMAV,,פנתוני סוויט איטלי 500 גר,גרמים,500.00,100 גרם,false,12,39.90,7.9800,true,1,130750
8003115852603,false,פנדורו סוויט איטלי 7,,,פנדורו סוויט איטלי 750 גר,גרמים,750.00,100 גרם,false,12,59.90,7.9867,true,1,130754
8003340091280,false,בונבוניירת לינדור מר,לינדט,,בונבוניירות לינדור 6,גרמים,200.00,100 גרם,false,1,29.90,14.9500,true,1,38830
8003405002558,false,וודקה רוברטו קוואלי,מזקקה פרנקולי,,"וודקה רוברטו קוואלי 700 מ""ל",מיליליטרים,700.00,"100 מ""ל",false,1,129.90,18.5571,true,1,100853
8003405006044,false,וודקה קאוולי מנגו 1,,IT,וודקה קאוולי מנגו 1 ל,ליטרים,1.00,ליטר,false,6,159.90,159.9000,true,1,126054
8003405006853,false,וודקה רוברטו קאוולי,,IT,וודקה רוברטו קאוולי מוחיטו 1 ל,ליטרים,1.00,ליטר,false,6,159.90,159.9000,true,1,137947
8003740003050,false,ספגטי אריגי קפליני 5,,,ספגטי אריגי קפליני 500 גר,גרמים,500.00,100 גרם,false,1,6.50,1.3000,true,1,127154
8003740005054,false,ספגטי אריגי 500 גר,,,ספגטי אריגי 500 גר,גרמים,500.00,100 גרם,false,1,6.50,1.3000,true,1,125521
8003740005801,false,ספגטי חיטה מלאה אריג,,,ספגטי חיטה מלאה אריגי 500 גר,גרמים,500.00,100 גרם,false,1,6.50,1.3000,true,1,114451
8003740007058,false,ספגטי אריגי לינגווינ,,,ספגטי אריגי לינגוויני 500 גר,גרמים,500.00,100 גרם,false,1,6.50,1.3000,true,1,125520
8003740009052,false,פסטה אריגי פטוציני 5,,,פסטה אריגי פטוציני 500 גר,גרמים,500.00,100 גרם,false,1,6.50,1.3000,true,1,140346
8003740014063,false,פסטה אריגי בוקטיני 5,,,פסטה אריגי בוקטיני 500 גר,גרמים,500.00,100 גרם,false,1,6.50,1.3000,true,1,134457
8003740024079,false,פסטה אריגי טורטיליונ,,,פסטה אריגי טורטיליוני 500 גר,גרמים,500.00,100 גרם,false,1,6.50,1.3000,true,1,125517
8003740031077,false,פסטה אריגי פנה ריגטה,,,פסטה אריגי פנה ריגטה 500 גר,גרמים,500.00,100 גרם,false,1,6.50,1.3000,true,1,125514
8003740031886,false,פסטה אריגי פנה חיטה,,,פסטה פאנה רגטה מלאה אריגאי איטליה 500 גר,גרמים,500.00,100 גרם,false,1,6.50,1.3000,true,1,114452
8003740036072,false,פסטה אריגי פוזילי 50,,,פסטה אריגי פוזילי 500 גר,גרמים,500.00,100 גרם,false,1,6.50,1.3000,true,1,125516
8003740036805,false,פסטה אריגי פוזילי חי,,,פסטה פוזילי חיטה מלאה אריגאי איטליה 500,גרמים,500.00,100 גרם,false,1,6.50,1.3000,true,1,114453
8003740037079,false,פסטה אריגי פוזליני 5,,IT,פסטה אריגי פוזליני 500 גר,גרמים,500.00,100 גרם,false,1,6.50,1.3000,true,1,125515
8003740039073,false,פסטה אריגי קונציליונ,,,פסטה אריגי קונציליוני 500 גר,גרמים,500.00,100 גרם,false,1,6.50,1.3000,true,1,125518
8003740047078,false,פסטה אריגי קרסטה 500,,,פסטה אריגי קרסטה 500 גר,גרמים,500.00,100 גרם,false,1,6.50,1.3000,true,1,127148
8003740050306,false,פסטה אריגי פוזילי טר,,,פסטה אריגי פוזילי טריקולור 500 גר,גרמים,500.00,100 גרם,false,1,6.90,1.3800,true,1,127162
8003740058081,false,ספגטי אריגי פרפלה 50,,,ספגטי אריגי פרפלה 500 גר,גרמים,500.00,100 גרם,false,1,6.50,1.3000,true,1,125522
8003740060602,false,פסטה פרפלה טריקולור,,,פסטה פרפלה טריקולור 500 גר,גרמים,500.00,100 גרם,false,1,6.50,1.3000,true,1,143266
8003740067281,false,קנלוני אריגי 250 גר,,,קנלוני אריגי 250 גר,גרמים,250.00,100 גרם,false,1,8.90,3.5600,true,1,127289
8003740077075,false,פסטה אריגי ביאווטה 5,,,פסטה אריגי ביאווטה 500 גר,גרמים,500.00,100 גרם,false,1,6.50,1.3000,true,1,127153
8003740079079,false,פסטה אריגי סטליני 50,,,פסטה אריגי סטליני 500 גר,גרמים,500.00,100 גרם,false,1,6.50,1.3000,true,1,127152
8003740088088,false,פסטה אריגי טליאטלה 5,,,פסטה טליאטלה אריגאי איטליה 500 גר,גרמים,500.00,100 גרם,false,1,8.90,1.7800,true,1,114456
8003740102074,false,פסטה אריגי אלפבטו 50,,,פסטה אריגי אלפבטו 500 גר,גרמים,500.00,100 גרם,false,1,6.50,1.3000,true,1,127150
8003740131074,false,פדליני אטריות למרק א,,,פסטה אריגי פידליני 500 גר,גרמים,500.00,100 גרם,false,1,6.50,1.3000,true,1,127151
8003740190071,false,פסטה אריגי אמוריני 5,,,פסטה אריגי אמוריני 500 גר,גרמים,500.00,100 גרם,false,1,6.50,1.3000,true,1,127149
8003740191009,false,דפי לזניה אריגי 500,,,דפי לזניה אריגי 500 גר,גרמים,500.00,100 גרם,false,1,12.90,2.5800,true,1,125523
8003740651060,false,ניוקי אריגי 500 גר,,,ניוקי אריגי 500 גר,גרמים,500.00,100 גרם,false,1,8.90,1.7800,true,1,125524
8003740660765,false,פסטו ירוק 190 גר,,,פסטו ירוק 190 גר,גרמים,190.00,100 גרם,false,1,12.90,6.7895,true,1,125528
8003740662462,false,עגבניות מרוסקות אריג,,,עגבניות מרוסקות אריגי 680 גר,גרמים,680.00,100 גרם,false,1,10.90,1.6029,true,1,142178
8003740667566,false,רוטב פסטה ארבייאטה א,,,רוטב פסטה ארבייאטה אריגי 320 גר,גרמים,320.00,100 גרם,false,1,9.90,3.0938,true,1,125526
8003740669263,false,רוטב בולונז צמחי ארי,,,רוטב בולונז צמחי אריגי 320 גר,גרמים,320.00,100 גרם,false,1,10.90,3.4063,true,1,134458
8003740669362,false,רוטב פטריות אריגי 32,,,רוטב פטריות אריגי 320 גר,גרמים,320.00,100 גרם,false,1,10.90,3.4063,true,1,141308
8003753158556,false,קפסולות אילי אספרסו,,,קפסולות אילי אספרסו קלאסיקו 10 יח,גרמים,57.00,100 גרם,false,1,23.90,41.9298,true,1,133141
8003753158587,false,קפסולות אילי אספרסו,,,קפסולות אילי אספרסו פורטה 10 יח,גרמים,57.00,100 גרם,false,1,23.90,41.9298,true,1,133143
8003753158617,false,קפסולות אילי אספרסו,,,קפסולות אילי אספרסו לונגו קלאסיקו 10 יח,גרמים,57.00,100 גרם,false,1,23.90,41.9298,true,1,133144
8003753158648,false,קפסולות אילי אספרסו,,,קפסולות אילי אספרסו אינטנסו 10 יח,גרמים,57.00,100 גרם,false,1,23.90,41.9298,true,1,133142
8003753900438,false,קפה אילי אספרסו טחון,קפה לנדוור,,קפה אילי-אספרסו טחון,גרמים,250.00,100 גרם,false,1,39.90,15.9600,true,1,38839
8003753900469,false,קפה אילי אספרסו טחון,קפה לנדוור,,קפה אילי אספרסו טחון,גרמים,250.00,100 גרם,false,1,39.90,15.9600,true,1,38840
8003896080028,false,פאנטונה סאנטאנגלו בק,SANTANGELO,,פאנטונה סאנטאנגלו בקופסא 500 גר,גרמים,500.00,100 גרם,false,1,32.90,6.5800,true,1,87103
8003896080035,false,עוגת פאנדורו סאנטאנג,SANTANGELO,,עוגת פאנדורו סאנטאנגלו בקופסא 800 גר,גרמים,800.00,100 גרם,false,1,49.90,6.2375,true,1,38852
8003896080059,false,פאנטונה סאנטאנגלו 90,SANTANGELO,,פאנטונה  סאנטאנגלו 908 גר,גרמים,908.00,100 גרם,false,1,49.90,5.4956,true,1,38853
8003896080172,false,פאנטונה סאנטאנגלו לי,SANTANGELO,,פאנטונה סאנטאנגלו לימונצלו 908 גר,גרמים,908.00,100 גרם,false,1,59.90,6.5969,true,1,103294
8003896080189,false,פאנטונה סאנטאנגלו קר,SANTANGELO,,פאנטונה סאנטאנגלו קרם שוקולד 908 גר,גרמים,908.00,100 גרם,false,1,59.90,6.5969,true,1,103295
8004030022010,false,טונה ריו מארה אינסלט,,,טונה ריו מארה אינסלטיסימי ירקות גינה 160,גרמים,160.00,100 גרם,false,1,16.90,10.5625,true,1,108243
8004030026018,false,טונה ריו מארה אינסלט,,,טונה ריו מארה אינסלטיסימי מקסיקני 160 גר,גרמים,160.00,100 גרם,false,1,16.90,10.5625,true,1,108242
8004030177000,false,טונה ריו מרה בשמן זי,ריו מרה,,טונה ריו מרה בשמן זית עם צילי 80גר שלישי,גרמים,240.00,100 גרם,false,1,26.90,11.2083,true,1,114498
8004030180000,false,טונה ריו מרה בשמן זי,BOLTON GROUP- RIO,,טונה ריו מרה בשמן זית כתית 80 גר שלישיה,גרמים,240.00,100 גרם,false,1,26.90,11.2083,true,1,140736
8004030344938,false,טונה ריו מרה בשמן זי,BOLTON GROUP- RIO,,טונה ריו מרה בשמן זית 80גר שלישיה,גרמים,240.00,100 גרם,false,1,26.90,11.2083,true,1,79162
8004030845046,false,טונה ריו מארה אינסלט,בולטון אלימנטרי,IT,טונה ריו מארה אינסלטיסימי עם אורז 160 גר,גרמים,160.00,100 גרם,false,36,16.90,10.5625,true,1,120620
8004030860001,false,טונה ריו מארה אינסלט,בולטון אלימנטרי,,טונה ריו מארה אינסלטיסימי קוסקוס 160 גר,גרמים,160.00,100 גרם,false,1,16.90,10.5625,true,1,103867
8004123002509,false,שמן זרעי ענבים מזוכך,,,שמן זרעי ענבים מזוכך 1 ליטר,ליטרים,1.00,ליטר,false,1,34.90,34.9000,true,1,128773
8004160205208,false,וורמוט לבן ברברו 1 ל,montenegro,,וורמוט לבן ברברו 1 ל,ליטרים,1.00,ליטר,false,1,34.90,34.9000,true,1,38857
8004730000028,false,יין מרסלה וקיו פלורי,,,"יין מרסלה וקיו פלוריו סופריורה 750 מ""ל",מיליליטרים,750.00,"100 מ""ל",false,1,49.90,6.6533,true,1,106338
8005200256587,false,תה קר נסטי אפרסק 1.5,סן-פלגרינו,,תה קר נסטי אפרסק 1.5 ל,ליטרים,1.50,ליטר,false,1,8.90,5.9333,true,1,137205
8005200286584,false,תה קר נסטי מנגו אננס,סן-פלגרינו,,תה קר נסטי מנגו אננס 1.5 ל,ליטרים,1.50,ליטר,false,1,8.90,5.9333,true,1,137206
8005200316588,false,תה קר נסטי דיאט אפרס,סן-פלגרינו,,תה קר נסטי דיאט אפרסק 1.5 ל,ליטרים,1.50,ליטר,false,1,8.90,5.9333,true,1,137207
8005268020175,false,שעועית אדומה במי מלח,,,שעועית אדומה במי מלח 400 גר,גרמים,400.00,100 גרם,false,12,6.90,1.7250,true,1,131972
8005380070027,false,עוגת רולדה במילוי קר,,,עוגת רולדה במילוי קרם פירות 200 גר,גרמים,200.00,100 גרם,false,1,7.90,3.9500,true,1,38946
8005380070034,false,עוגת רולדה במילוי קר,,,עוגת רולדה במילוי קרם וניל 200 גר,גרמים,200.00,100 גרם,false,1,7.90,3.9500,true,1,38947
8005469951452,false,ממרח אנשובי איטלקי 6,,,ממרח אנשובי איטלקי 60 גר,גרמים,60.00,100 גרם,false,1,11.90,19.8333,true,1,128738
8005469981602,false,פילה אנשובי איטלקי ש,,,פילה אנשובי איטלקי שמן חמניות 75 גר,גרמים,75.00,100 גרם,false,1,13.90,18.5333,true,1,128740
8005803010357,false,גריסיני קלאסי 125 גר,,,גריסיני קלאסי 125 גרם,גרמים,125.00,100 גרם,false,1,6.90,5.5200,true,1,133346
8005803010371,false,גריסיני רוזמרין 125,,,גריסיני רוזמרין 125 גרם,גרמים,125.00,100 גרם,false,1,6.90,5.5200,true,1,133345
8005803010586,false,גריסיני פיצה 125 גר,,,גריסיני פיצה 125 גרם,גרמים,125.00,100 גרם,false,1,6.90,5.5200,true,1,133344
8005803010661,false,גריסיני שומשום 125 ג,,,גריסיני שומשום 125 גרם,גרמים,125.00,100 גרם,false,1,6.90,5.5200,true,1,133343
8005840096703,false,מעדן קפוא שמנת קקאו,,,מעדן קפוא שמנת קקאו וניל קפה 1 ק,קילוגרמים,1.00,"ק""ג",false,1,39.90,39.9000,true,1,138933
8005840096710,false,מעדן קפוא אגוז לוז ק,,,מעדן קפוא אגוז לוז קקאו פנקוטה וניל 1 ק,קילוגרמים,1.00,"ק""ג",false,1,39.90,39.9000,true,1,138932
8006050090239,false,חומץ בלסמי ממודנה מא,,,"חומץ בלסמי ממודנה מאצטי אורגינל 500 מ""ל",מיליליטרים,500.00,"100 מ""ל",false,12,25.90,5.1800,true,1,119571
8006227000399,false,לחם פרוס לבן סמנצאטו,,,לחם פרוס לבן סמנצאטו 400 גר,גרמים,400.00,100 גרם,false,1,14.90,3.7250,true,1,133269
8006227000405,false,לחם פרוס חיטה מלאה ס,,,לחם פרוס חיטה מלאה סמנצאטו 400 גר,גרמים,400.00,100 גרם,false,1,14.90,3.7250,true,1,133267
8006227000870,false,סמנצאטו כיכר לחם חיט,,,סמנצאטו כיכר לחם חיטת דורום 350 גר,גרמים,350.00,100 גרם,false,1,14.90,4.2571,true,1,133266
8006227001372,false,לחם לבן עם שמן זית ל,,,לחם לבן עם שמן זית ללא קשה סמנצאטו 400 ג,גרמים,400.00,100 גרם,false,1,19.90,4.9750,true,1,134202
8006227001389,false,לחם מלא עם שמן זית ל,,,לחם מלא עם שמן זית ללא קשה סמנצאטו 400 ג,גרמים,400.00,100 גרם,false,1,19.90,4.9750,true,1,134203
8006290803521,false,מים מינרליים מוגזים,,,מים מינרליים מוגזים פררלה 750 מל,מיליליטרים,750.00,"100 מ""ל",false,1,8.90,1.1867,true,1,130251
8006423301856,false,בונבוניירה דפילה סור,HDI SORINI,,"בונבוניירות ""דפילה""",גרמים,450.00,100 גרם,false,1,79.90,17.7556,true,1,38986
8006423460034,false,בונבוניירה סוריני קר,,,בונבוניירה סוריני קרימי 184 גר,גרמים,184.00,100 גרם,false,1,59.90,32.5543,true,1,120779
8006423461055,false,סוכ סורינטה בקבוק 28,HDI SORINI,,סוכ סורינטה בקבוק 280 גר,גרמים,280.00,100 גרם,false,6,39.90,14.2500,true,1,38994
8006423461666,false,בונבוניירה סוריני קו,,,בונבוניירה סוריני קווין 430 גר,גרמים,430.00,100 גרם,false,1,79.90,18.5814,true,1,120780
8006423462397,false,בונבוניירות לב מיוחד,HDI SORINI,,בונבוניירות לב מיוחד,גרמים,475.00,100 גרם,false,1,69.90,14.7158,true,1,39005
8006423463066,false,בונ ולנטיין 195 גר,,,בונ ולנטיין 195 גר,גרמים,195.00,100 גרם,false,1,54.90,28.1538,true,1,125723
8006423464889,false,בונבוניירה סוריני מנ,HDI SORINI,,בונבוניירות פח מניפה,גרמים,400.00,100 גרם,false,1,69.90,17.4750,true,1,39010
8006423466388,false,בונ סוריני תיק זהב/כ,,,בונ תיק גליטר זהב/כסף 150 גר סוריני,גרמים,150.00,100 גרם,false,6,39.90,26.6000,true,1,128546
8006423466456,false,בונ אליזבטה 3 צבעים,,,בונ אליזבטה 3 צבעים 184 גר סוריני,גרמים,184.00,100 גרם,false,6,54.90,29.8370,true,1,128544
8006423468276,false,בונבוניירה סוריני סו,,,בונבוניירה סוריני סופיה 270 גר,גרמים,270.00,100 גרם,false,1,49.90,18.4815,true,1,120781
8006423468801,false,בונבוניירה סוריני כד,HDI SORINI,,בונבוניירות כדור,גרמים,320.00,100 גרם,false,1,34.90,10.9062,true,1,39019
8006423469624,false,בונבוניירה סוריני ונ,HDI SORINI,,בונבוניירות ונציה,גרמים,300.00,100 גרם,false,1,54.90,18.3000,true,1,39022
8006540091906,false,כדוריות הבושם בניחוח,פרוקטר אנד גמבל,GB,כדוריות הבושם בניחוח אריאל לנור 140 גר,גרמים,140.00,100 גרם,false,6,19.90,14.2143,true,1,135561
8006540110317,false,פנטן שמפו מיראקלס במ,,RO,פנטן שמפו מיראקלס במבוק 400 מל,מיליליטרים,400.00,"100 מ""ל",false,6,19.90,4.9750,true,1,133842
8006540112793,false,מרכך כביסה לנור מרוכ,,,מרכך כביסה לנור מרוכז בניחוח יסמין 900 מ,מיליליטרים,900.00,"100 מ""ל",false,1,16.90,1.8778,true,1,133107
8006540112823,false,מרכך כביסה לנור מרוכ,,,מרכך כביסה לנור מרוכז בניחוח האוקיינוס,מיליליטרים,900.00,"100 מ""ל",false,1,16.90,1.8778,true,1,133106
8006540112854,false,מרכך כביסה לנור מרוכ,,,מרכך כביסה לנור מרוכז בניחוח סחלב 900 מל,מיליליטרים,900.00,"100 מ""ל",false,1,16.90,1.8778,true,1,133108
8006540157374,false,פנטן מרכך מיראקלס במ,,FR,פנטן מרכך מיראקלס במבוק 275 מל,מיליליטרים,275.00,"100 מ""ל",false,6,19.90,7.2364,true,1,133843
8006540222089,false,מגבונים היגיינים ליל,,,מגבונים היגיינים לילדים טו גו פמפרס 40 י,Unknown,0.00,Unknown,false,1,7.90,0.0000,true,1,135560
8006540353004,false,טמפונים  סופר פרל טמ,,,טמפונים  סופר פרל טמפקס 18 יח,Unknown,0.00,Unknown,false,1,21.90,0.0000,true,1,135570
8006540383087,false,טבליות למדיח פיירי פ,,BE,טבליות למדיח פיירי פלטינום פלוס 42 יח,Unknown,0.00,Unknown,false,4,54.90,0.0000,true,1,140936
8006540404850,false,תחבושות אולוויז דיסק,,BE,תחבושות אולוויז דיסקרט לונג 10 יח,Unknown,0.00,Unknown,false,5,19.90,0.0000,true,1,141537
8006540404898,false,תחבושות אולוויז דיסק,,BE,תחבושות אולוויז דיסקרט לונג פלוס 8 יח,Unknown,0.00,Unknown,false,5,19.90,0.0000,true,1,141536
8006540404935,false,תחבושות אולוויז דיסק,,BE,תחבושות אולוויז דיסקרט נורמל 12 יח,Unknown,0.00,Unknown,false,12,19.90,0.0000,true,1,141538
8006540405031,false,תחבושות אולוויז דיסק,,BE,תחבושות אולוויז דיסקרט סמול פלוס 16 יח,Unknown,0.00,Unknown,false,8,19.90,0.0000,true,1,141539
8006540425930,false,קפסולות אריאל לכתמים,פרוקטר אנד גמבל,FR,קפסולות אריאל לכתמים קשים 24 יח,Unknown,0.00,Unknown,false,3,31.90,0.0000,true,1,137149
8006540429327,false,נוזל כלים פיירי לימו,פרוקטר אנד גמבל,,נוזל כלים פיירי לימון 440 מל,מיליליטרים,440.00,"100 מ""ל",false,1,9.90,2.2500,true,1,138078
8006540463550,false,טבליות למדיח כלים פי,,BE,טבליות למדיח כלים פיירי פלטינום 63 יח,Unknown,0.00,Unknown,false,4,54.90,0.0000,true,1,140934
8006540491539,false,סבון כלים פיירי פלטי,,,סבון כלים פיירי פלטינום אוריגינל 780 מל,מיליליטרים,780.00,"100 מ""ל",false,1,12.90,1.6538,true,1,139466
8006540495186,false,מרכך כביסה לנור בייב,,,מרכך כביסה לנור בייבי 900 מל,מיליליטרים,900.00,"100 מ""ל",false,1,16.90,1.8778,true,1,140305
8006540495216,false,מרכך כביסה לנור אמאט,,,מרכך כביסה לנור אמאטיסט 900 מל,מיליליטרים,900.00,"100 מ""ל",false,1,16.90,1.8778,true,1,140306
8006540495247,false,מרכך כביסה לנור פרחי,,,מרכך כביסה לנור פרחי בר 900 מל,מיליליטרים,900.00,"100 מ""ל",false,1,16.90,1.8778,true,1,140307
8006540566701,false,גל כביסה אריאל כתמים,,IT,גל כביסה אריאל כתמים קשים 1.925 ל,ליטרים,1.93,ליטר,false,4,29.90,15.4922,true,1,141535
8006837002738,false,לחמניות נקניקייה מור,,,לחמניות נקניקייה מורטו 250 גר,גרמים,250.00,100 גרם,false,14,19.90,7.9600,true,1,138048
8006922085325,false,מעדן בטעם שמנת קרמל,,,גלידה חלבית בטעם קרמל עם קרמל ושוקולד 1,קילוגרמים,1.00,"ק""ג",false,4,44.90,44.9000,true,1,112498
8007041000190,false,ממרח ארטישוק 150 גר,,,ממרח ארטישוק 150 גרם,גרמים,150.00,100 גרם,false,1,17.90,11.9333,true,1,133327
8007041000206,false,ממרח עגבניות מיובשות,,,ממרח עגבניות מיובשות 150 גרם,גרמים,150.00,100 גרם,false,1,14.90,9.9333,true,1,133324
8007150901623,false,שמן זרעי ענבים 1.5 ל,,,מארז זוג שמן זרעי ענבים 1.5 ל,ליטרים,1.50,ליטר,false,1,54.90,36.6000,true,1,109773
8007150905621,false,שמן זית 1 ל,,,שמן זית 1 ל,ליטרים,1.00,ליטר,false,9,49.90,49.9000,true,1,118819
8007150909513,false,קרם בלסמי קלאסי 250,,,"קרם בלסמי קלאסי 250 מ""ל",מיליליטרים,250.00,"100 מ""ל",false,1,29.90,11.9600,true,1,105138
8007153006943,false,שמן זית כתית מעולה 7,,,שמן זית כתית מעולה 750 מל,מיליליטרים,750.00,"100 מ""ל",false,1,34.90,4.6533,true,1,129298
8007153006950,false,שמן זית כתית מעולה 1,,,שמן זית כתית מעולה 1 ל,ליטרים,1.00,ליטר,false,1,44.90,44.9000,true,1,129279
8007153007124,false,שמן זית כתית מעולה פ,,,שמן זית כתית מעולה פירותי מעודן 1 ל,ליטרים,1.00,ליטר,false,1,44.90,44.9000,true,1,136346
8007153034113,false,שמן זרעי ענבים פרציו,,,שמן זרעי ענבים פרציוני 1 ל,ליטרים,1.00,ליטר,false,1,29.90,29.9000,true,1,131127
8007178120310,false,חומץ בלסמי גקובזי פט,,,"חומץ בלסמי ג""קובז 50",מיליליטרים,500.00,"100 מ""ל",false,1,21.90,4.3800,true,1,39024
8007178223547,false,קרם בלסמי מצומצם גקו,,,קרמ בלסמי מצומצם 250מל,מיליליטרים,250.00,"100 מ""ל",false,1,25.90,10.3600,true,1,80955
8007178510685,false,רוטב לתיבול בסגנון ב,,,"רוטב לתיבול בסגנון בלסמי לבן 250 מ""ל",מיליליטרים,250.00,"100 מ""ל",false,1,17.90,7.1600,true,1,115609
8007520011105,false,שימורי כלב עוף הודו,,,שימורי כלב עוף הודו,גרמים,405.00,100 גרם,false,1,4.90,1.2099,true,1,39061
8007520011204,false,שימורים לכלבים מיגלי,,,"שימורים לכלבים ""מור",גרמים,405.00,100 גרם,false,1,4.90,1.2099,true,1,39062
8007520011211,false,שימורים לכלבים מיגלי,,,"שימורים לכלבים ""מור",גרמים,405.00,100 גרם,false,1,4.90,1.2099,true,1,39063
8007520011259,false,שימורי כלב בשר ציד 4,,,שימורי כלב בשר ציד 4,גרמים,405.00,100 גרם,false,1,4.90,1.2099,true,1,39064
8007520012126,false,שימורים לחתולים מיגל,,,"שימורים לחתולים ""מור",גרמים,405.00,100 גרם,false,1,4.90,1.2099,true,1,39065
8007520012133,false,שימורים לחתולים מיגל,,,שימורי חתול בשר צייד,גרמים,405.00,100 גרם,false,1,4.90,1.2099,true,1,39066
8007520012157,false,שימורים לחתולים מיגל,,,שימורי חתול סלמון 40,גרמים,405.00,100 גרם,false,1,4.90,1.2099,true,1,39067
8007520012188,false,שימורים לחתולים מיגל,,,שימורי חתול הוף הודו,גרמים,405.00,100 גרם,false,1,4.90,1.2099,true,1,39068
8007520012225,false,שימורים לחתולים מיגל,,,שימורי חתול ארנבת 40,גרמים,405.00,100 גרם,false,1,4.90,1.2099,true,1,39069
8007520012249,false,שימורים לחתולים מיגל,,,שימורי חתול דג 405 ג,גרמים,405.00,100 גרם,false,1,4.90,1.2099,true,1,39070
8007520012416,false,שימורי מור לחתולים כ,,,שימורי מור לחתולים כבש וגזר 405 גר,גרמים,405.00,100 גרם,false,1,4.90,1.2099,true,1,108444
8007520012423,false,פטה לחתולים מיגליאור,,,"שימורים לחתולים ""מור",גרמים,400.00,100 גרם,false,1,5.90,1.4750,true,1,39071
8007520012430,false,פטה לחתולים מיגליאור,,,"שימורים לחתולים ""מור",גרמים,400.00,100 גרם,false,1,5.90,1.4750,true,1,39072
8007520012447,false,פטה לחתולים מיגליאור,,,אוכל לחתולים פטה סלו,גרמים,400.00,100 גרם,false,1,5.90,1.4750,true,1,39073
8007520012454,false,פטה לחתולים מיגליאור,,,אוכל לחתולים פטה עוף,גרמים,400.00,100 גרם,false,1,5.90,1.4750,true,1,39074
8007520013017,false,שימורי מעדן לחתול סל,,,שימורי מעדן לחתול סלמון 100 גר,גרמים,100.00,100 גרם,false,1,4.90,4.9000,true,1,39075
8007520013024,false,מעדן לחתול מיגליאור,,,"שימורי מעדן לחתול ""מ",גרמים,100.00,100 גרם,false,1,4.90,4.9000,true,1,39076
8007520013031,false,מעדן לחתול מיגליאור,,,"שימורי מעדן לחתול ""מ",גרמים,100.00,100 גרם,false,1,4.90,4.9000,true,1,39077
8007520013055,false,שימורי מעדן לחתול אר,,,שימורי מעדן לחתול ארנבת 100 גר,גרמים,100.00,100 גרם,false,1,4.90,4.9000,true,1,39078
8007520013062,false,שימורי מעדן לחתול בק,,,שימורי מעדן לחתול בקר ולב 100 גר,גרמים,100.00,100 גרם,false,1,4.90,4.9000,true,1,39079
8007520014014,false,מזון לחתולים נתחים ב,,,מזון לחתולים נתחים בקר וגזר פאוץ 100 גר,גרמים,100.00,100 גרם,false,1,3.90,3.9000,true,1,120136
8007520014021,false,מזון לחתולים נתחים ע,,,מזון לחתולים נתחים עוף והודו פאוץ 100 גר,גרמים,100.00,100 גרם,false,1,3.90,3.9000,true,1,120137
8007520014038,false,פאוץ מיגליור לחתול נ,,,מזון לחתולים נתחים סלמון וטונה פאוץ 100ג,גרמים,100.00,100 גרם,false,1,3.90,3.9000,true,1,120138
8007520014601,false,מיגליור לחתול מסורס,,,מיגליורגטו מוס עוף/חזיר לחתול מסורס 85 ג,גרמים,85.00,100 גרם,false,1,5.90,6.9412,true,1,132236
8007520014618,false,מיגליורגטו מוס בקר ל,,,מיגליורגטו מוס בקר לחתול מסורס 85 גר,גרמים,85.00,100 גרם,false,1,5.90,6.9412,true,1,131860
8007520014625,false,מיגליורגטו מוס דגים,,,מיגליורגטו מוס דגים לחתול מסורס 85 גר,גרמים,85.00,100 גרם,false,1,5.90,6.9412,true,1,131859
8007520096010,false,מזון לכלבים מור פרופ,,,מזון לכלבים מור פרופ גור 4 קג,קילוגרמים,4.00,"ק""ג",false,1,49.90,12.4750,true,1,127231
8007520099028,false,מזון לחתול מור ארנבת,,,מזון לחתול מור ארנבת 2 קג,קילוגרמים,2.00,"ק""ג",false,1,45.90,22.9500,true,1,128664
8007520099875,false,מזון לחתול מור בקר ו,,,"מזון לחתול ""מור"" בקר ועוף 2קג",קילוגרמים,2.00,"ק""ג",false,1,45.90,22.9500,true,1,48378
8007520105415,false,מזון לחתולים מור קרו,,,מזון לחתולים מור קרוקט עוף 4 קג,קילוגרמים,4.00,"ק""ג",false,1,59.90,14.9750,true,1,127230
8008164002399,false,גלידה משפחתית דובדבן,,,גלידה משפחתית דובדבן שחור 1 קג,קילוגרמים,1.00,"ק""ג",false,1,39.90,39.9000,true,1,131131
8008164002412,false,גלידה משפחתית טירמיס,,,גלידה משפחתית טירמיסו 1 קג,קילוגרמים,1.00,"ק""ג",false,1,39.90,39.9000,true,1,131132
8008245004861,false,ממרח אגוזי לוז עם חל,,,ממרח אגוזי לוז עם חלב 300 גר,גרמים,300.00,100 גרם,false,1,16.90,5.6333,true,1,131916
8008429231014,false,שוקולד מריר ללא תוספ,,,שוקולד מריר ללא תוספת סוכר 75 גר,גרמים,75.00,100 גרם,false,1,9.90,13.2000,true,1,134680
8008440249425,false,בירה אסהי בק 330 מל,,,"בירה אסהי בק 330 מ""ל",מיליליטרים,330.00,"100 מ""ל",false,1,9.90,3.0000,true,1,122956
8008440522016,false,בירה פרוני 5.1% 330,,,בירה פרוני 5.1% 330 מל שישייה,מיליליטרים,1980.00,"100 מ""ל",false,1,39.90,2.0152,true,1,137131
8008620063032,false,קריץ קרקר שמן זית רו,,,קרקרים עם שמן זית ור,גרמים,250.00,100 גרם,false,12,9.90,3.9600,true,1,66266
8008660210021,false,מעדן ריבת דובדבן 320,מנז אנד גאסר,,מעדן ריבת דובדבן 300 גר,גרמים,320.00,100 גרם,false,1,13.90,4.3438,true,1,100661
8008660210069,false,מעדן פרי אפרסק פסיפל,מנז אנד גאסר,,מעדן פרי אפרסק פסיפלורה 320 גר,גרמים,320.00,100 גרם,false,12,13.90,4.3438,true,1,117847
8008857601052,false,דפי עלי לזניה 500 גר,,,"עלי לזניה 500גר""",גרמים,500.00,100 גרם,false,1,13.90,2.7800,true,1,39140
8008900007763,false,יין צלו אבסיומנטה 75,,IT,"יין צלו אבסיומנטה 750 מ""ל",מיליליטרים,750.00,"100 מ""ל",false,6,64.90,8.6533,true,1,126069
8009470009010,false,אוכל כלבים סימבה בשר,אמ.או.אן.ג'י.אי.אמונ,,אוכל כלבים סימבה בשר 415 גר,גרמים,415.00,100 גרם,false,1,4.90,1.1807,true,1,108612
8009470009027,false,אוכל כלבים סימבה עוף,אמ.או.אן.ג'י.אי.אמונ,,אוכל כלבים סימבה עוף והודו 415 גר,גרמים,415.00,100 גרם,false,1,4.90,1.1807,true,1,108615
8009470009041,false,אוכל לחתולים סימבה ב,אמ.או.אן.ג'י.אי.אמונ,,"אוכל לחתולים סימבה בקר 2 ק""ג",קילוגרמים,2.00,"ק""ג",false,1,34.90,17.4500,true,1,108620
8009470009164,false,אוכל כלבים סימבה כבש,אמ.או.אן.ג'י.אי.אמונ,,אוכל כלבים סימבה כבש  415 גר,גרמים,415.00,100 גרם,false,1,4.90,1.1807,true,1,108614
8009470009171,false,אוכל כלבים סימבה בשר,אמ.או.אן.ג'י.אי.אמונ,,אוכל כלבים סימבה בשר צייד 415 גר,גרמים,415.00,100 גרם,false,1,4.90,1.1807,true,1,108613
8009470009218,false,מעדן לחתולים סימבה ב,,,מעדן לחתולים סימבה בשר 100 גר,גרמים,100.00,100 גרם,false,1,4.90,4.9000,true,1,114082
8009470009225,false,אוכל לחתולים סימבה ע,,,אוכל לחתולים סימבה עוף 100 גר,גרמים,100.00,100 גרם,false,1,4.90,4.9000,true,1,114080
8009470009232,false,מעדן לחתולים סימבה ד,,,מעדן לחתולים סימבה דגים 100 גר,גרמים,100.00,100 גרם,false,1,4.90,4.9000,true,1,136355
8009470009348,false,סימבה פאוץ בשר 100 ג,חטיפים מן הטבע,,סימבה פאוץ בשר 100 גר,גרמים,100.00,100 גרם,false,1,4.90,4.9000,true,1,140786
8009470009355,false,סימבה פאוץ עוף 100 ג,חטיפים מן הטבע,,סימבה פאוץ עוף 100 גר,גרמים,100.00,100 גרם,false,1,4.90,4.9000,true,1,140788
8009470009362,false,סימבה פאוץ דג 100 גר,חטיפים מן הטבע,,סימבה פאוץ דג 100 גר,גרמים,100.00,100 גרם,false,1,4.90,4.9000,true,1,140785
8009470009423,false,מעדן לחתול להשאט ירו,,,מעדן לחתול להשאט ירוק טונה וגזר 80 גר,גרמים,80.00,100 גרם,false,48,6.90,8.6250,true,1,133433
8009470009430,false,מעדן לחתול להשאט ורו,,,מעדן לחתול להשאט ורוד טונה וסורימי 80 גר,גרמים,80.00,100 גרם,false,48,6.90,8.6250,true,1,133434
8009470009447,false,מעדן לחתול להשאט כתו,,,מעדן לחתול להשאט כתום טונה וסלמון 80 גר,גרמים,80.00,100 גרם,false,48,6.90,8.6250,true,1,133435
8009470009461,false,מעדן לחתול להשאט צהו,,,מעדן לחתול להשאט צהוב טונה ועוף 80 גר,גרמים,80.00,100 גרם,false,48,6.90,8.6250,true,1,133436
8009470009560,false,אוכל כלבים סימבה בקר,אמ.או.אן.ג'י.אי.אמונ,,"אוכל כלבים סימבה בקר 4 ק""ג",קילוגרמים,4.00,"ק""ג",false,1,39.90,9.9750,true,1,108611
8009470016063,false,אוכל לחתולים סימבה ע,אמ.או.אן.ג'י.אי.אמונ,,"אוכל לחתולים סימבה עוף 2 ק""ג",קילוגרמים,2.00,"ק""ג",false,1,34.90,17.4500,true,1,108621
8009621006073,false,ניוקי תפוחי אדמה 500,,,ניוקי תפוחי אדמה 500 גר,גרמים,500.00,100 גרם,false,1,9.90,1.9800,true,1,105007
8009621006172,false,ניוקי מיני 500 גר,,,ניוקי מיני 500 גר,גרמים,500.00,100 גרם,false,1,9.90,1.9800,true,1,105010
8009915000039,false,פסטה קפליני ללא גלוט,,,פסטה קפליני ללא גלוטן 250 גר,גרמים,250.00,100 גרם,false,1,13.90,5.5600,true,1,105105
8009915000282,false,פסטה פטוציני ללא גלו,,,פסטה פטוציני ללא גלוטן 250 גר,גרמים,250.00,100 גרם,false,1,13.90,5.5600,true,1,105104
8009915002064,false,פסטה ניוקי ללא גלוטן,,,פסטה ניוקי ללא גלוטן 250 גר,גרמים,250.00,100 גרם,false,1,13.90,5.5600,true,1,105106
8009915008714,false,לזניה מקמח תירס ואור,,,לזניה מקמח תירס ואורז ללא גלוטן 250 גר,גרמים,250.00,100 גרם,false,1,15.90,6.3600,true,1,105113
8009915008950,false,מיני גריסיני ללא גלו,,,מיני גריסיני ללא גלוטן עם רוזמרין 250 גר,גרמים,250.00,100 גרם,false,1,16.90,6.7600,true,1,105109
8010024006010,false,חמאת שקדים השקד 100%,,,חמאת שקדים השקד 100% 350 גר,גרמים,350.00,100 גרם,false,12,37.90,10.8286,true,1,119488
8011033011279,false,קוסקוס 1 קג,,,קוסקוס 1 קג,קילוגרמים,1.00,"ק""ג",false,1,15.90,15.9000,true,1,140707
8013108003530,false,בונ קורנט קרמיני 165,,,בונ קורנט קרמיני 165 גר,גרמים,165.00,100 גרם,false,1,27.90,16.9091,true,1,134683
8013108003547,false,בונ קורנט נוציולאטו,,,בונ קורנט נוציולאטו 165 גר,גרמים,165.00,100 גרם,false,1,27.90,16.9091,true,1,134681
8013108005312,false,בונ קורנט קרמיני מרי,,,בונ קורנט קרמיני מריר 165 גר,גרמים,165.00,100 גרם,false,1,27.90,16.9091,true,1,134684
8013399145315,false,סט דיטורל תות שקית ר,,,סט דיטורל תות שקית רך 70 גר,גרמים,70.00,100 גרם,false,1,9.90,14.1429,true,1,127694
8015997000911,false,בישקוטים מאריני 200,Biscottificio Verona,,בישקוטים מאריני 200 גר,גרמים,200.00,100 גרם,false,1,6.90,3.4500,true,1,95902
8016608003215,false,יין קיאנטי לה קיאנטי,איטליה לה קיאנטי ג'י,,"יין ""קיאנטי "" סנטה ט",מיליליטרים,750.00,"100 מ""ל",false,1,39.90,5.3200,true,1,42256
8016608003437,false,יין קיאנטי לה קיאנטי,איטליה לה קיאנטי ג'י,,"יין ""קיאנטי "" לוגיה",Unknown,0.00,Unknown,false,1,39.90,0.0000,true,1,42257
8017746202010,false,יין קיאנטי פוגיו סו,,,"יין קיאנטי פוגיו סו וינצי 750 מ""ל",מיליליטרים,750.00,"100 מ""ל",false,1,39.90,5.3200,true,1,112539
8017746286539,false,יין קיאנטי בקש פוגיו,סלבדורי,,"יין קיאנטי בקש פוגיו סו וינצי 750 מ""ל",מיליליטרים,750.00,"100 מ""ל",false,1,44.90,5.9867,true,1,114113
8017938005122,false,חומץ תפוחים אורגני 7,,,"חומץ תפוחים אורגני 750 מ""ל",מיליליטרים,750.00,"100 מ""ל",false,12,16.90,2.2533,true,1,119508
8018075001237,false,יין מתובל מבעבע חצי,,IT,יין מתובל מבעבע חצי מתוק פרגולינו מוחיטו,מיליליטרים,330.00,"100 מ""ל",false,24,11.90,3.6061,true,1,138577
8018075001299,false,יין מתובל מבעבע פרגו,,IT,יין מתובל מבעבע פרגולינו קוקטייל שפריץ,מיליליטרים,330.00,"100 מ""ל",false,24,11.90,3.6061,true,1,138578
8018075001312,false,יין מתובל מבעבע פרגו,,IT,יין מתובל מבעבע פרגולינו פינה קולדה 330,מיליליטרים,330.00,"100 מ""ל",false,24,11.90,3.6061,true,1,138579
8019428000105,false,משקה שיבולת שועל 1 ל,,,משקה שיבולת שועל 1 ליטר,ליטרים,1.00,ליטר,false,1,11.90,11.9000,true,1,105168
8019428004158,false,קפה טבעוני בכוס 220,,,קפה טבעוני בכוס 220 מל,מיליליטרים,220.00,"100 מ""ל",false,1,7.90,3.5909,true,1,140762
8019428007289,false,משקה שקדים אורגני 3%,,,משקה שקדים אורגני 3% ללא תוספת סוכר 1 ל,ליטרים,1.00,ליטר,false,1,14.90,14.9000,true,1,105171
8021423011499,false,רבעי ארטישוק על הגרי,,,רבעי ארטישוק על הגריל בשמן חמניות 510 ג,גרמים,510.00,100 גרם,false,1,34.90,6.8431,true,1,105000
8022470213393,false,דרגיה פריסקו שקד מרי,ITALIANA CONFETTI-PR,,דרגיה פריסקו שקד מריר 500גר,גרמים,500.00,100 גרם,false,1,34.90,6.9800,true,1,74616
8023354320916,false,יין פרימיטיבו רוזאטו,,,יין פרימיטיבו רוזאטו נוטה רוסה 750 מל,מיליליטרים,750.00,"100 מ""ל",false,1,44.90,5.9867,true,1,134891
8023492000336,false,שוקולד מריר דיגנארו,די ג'י דולצאריה,,שוקולד מריר דיגנארו עם אגוזים 150 גר,גרמים,150.00,100 גרם,false,1,14.90,9.9333,true,1,103335
8023492000695,false,שוקולד די גי גנדויה,,,שוקולד די גי גנדויה עם אגוזים ופולי קפה,גרמים,150.00,100 גרם,false,1,14.90,9.9333,true,1,108609
8023492003665,false,שוקולד גנדויה די גי,,,שוקולד גנדויה די גי אגוז וצימוק 150 גר,גרמים,150.00,100 גרם,false,1,14.90,9.9333,true,1,140090
8023492004495,false,שוקולד חלב עם אגוזי,,,שוקולד חלב עם אגוזי לוז 225 גר,גרמים,225.00,100 גרם,false,1,12.90,5.7333,true,1,138763
8023492004501,false,שוקולד מריר אגוזי לו,,,שוקולד מריר אגוזי לוז 225 גר,גרמים,225.00,100 גרם,false,1,12.90,5.7333,true,1,138761
8023492004518,false,שוקולד מריר עם שקדים,,,שוקולד מריר עם שקדים 225 גר,גרמים,225.00,100 גרם,false,1,12.90,5.7333,true,1,138764
8023492004525,false,שוקולד מריר עם חמוצי,,,שוקולד מריר עם חמוציות 225 גר,גרמים,225.00,100 גרם,false,1,12.90,5.7333,true,1,138762
8029358005217,true,יין רנאטו ראטי ברברה,,,יין רנאטו ראטי ברברה דאלבה,מיליליטרים,750.00,"100 מ""ל",false,,109.80,14.6400,true,1,133937
8031184000557,false,יין טאמליני סואבה 75,,,יין טאמליני סואבה 750 מל,מיליליטרים,750.00,"100 מ""ל",false,1,64.90,8.6533,true,1,134295
8032523530452,false,ממרח פיסטוק 200 גר,,,ממרח פיסטוק 200 גרם,גרמים,200.00,100 גרם,false,1,34.90,17.4500,true,1,133322
8032755322481,false,ביסקוויט במילוי בטעם,,,ביסקוויט במילוי בטעם תפוחי עץ 250 גר,גרמים,250.00,100 גרם,false,1,13.90,5.5600,true,1,141001
8032755322719,false,ביסקוויט במילוי בטעם,,,ביסקוויט במילוי בטעם פירות אדומים 250 גר,גרמים,250.00,100 גרם,false,1,13.90,5.5600,true,1,141002
8032793342458,false,עגבניות מרוסקות דק ב,,,עגבניות מרוסקות דק בקבוק 700 מל,מיליליטרים,700.00,"100 מ""ל",false,1,11.90,1.7000,true,1,127687
8032793344292,false,עגבניות חתוכות דק בק,,,עגבניות חתוכות דק בקבוק 700 גר,גרמים,700.00,100 גרם,false,1,11.90,1.7000,true,1,127688
8032793344520,false,רסק עגבניות מרוכז מא,,,רסק עגבניות מרוכז מאוד 200 גר,גרמים,200.00,100 גרם,false,1,7.90,3.9500,true,1,129582
8033028910022,false,שעועית חמאה לימובסקי,,,שעועית חמאה לימובסקיה 400 גר,גרמים,400.00,100 גרם,false,24,6.90,1.7250,true,1,131971
8033028910053,false,שעועית לבנה במי מלח,,,שעועית לבנה במי מלח 400 גר,גרמים,400.00,100 גרם,false,12,6.90,1.7250,true,1,131970
8033116407502,false,יין מתובל מבעבע חצי,,,יין מתובל מבעבע חצי מתוק פרגולינו ביאנקו,מיליליטרים,330.00,"100 מ""ל",false,24,11.90,3.6061,true,1,139966
8033116407519,false,יין מתובל מבעבע חצי,,,יין מתובל מבעבע חצי מתוק פרגולינו רוסו,מיליליטרים,330.00,"100 מ""ל",false,24,11.90,3.6061,true,1,129094
8033413430708,false,ליקר לימונצלו וילה מ,וילה מסה,,ליקר לימונצלו וילה מסה 700מל,מיליליטרים,700.00,"100 מ""ל",false,1,99.90,14.2714,true,1,77901
8034097872730,false,פנתוני מוטה 750 גר,BAULI,,פנתוני מוטה 750 גר,גרמים,750.00,100 גרם,false,16,69.90,9.3200,true,1,130753
8034141060106,false,וורמוט ביאנקו גראן ט,,,"וורמוט ""גראן טורינו""",מיליליטרים,1000.00,"100 מ""ל",false,1,34.90,3.4900,true,1,42304
8034141060120,false,וורמוט רוסו גראן טור,,,"וורמוט ""גראן טורינו""",מיליליטרים,1000.00,"100 מ""ל",false,1,34.90,3.4900,true,1,42305
8034141060144,false,וורמוט אקסטרא דריי ג,,,"וורמוט ""גראן טורינו""",ליטרים,1.00,ליטר,false,1,34.90,34.9000,true,1,42306
8034141060175,false,יין מבעבע גראן טורינ,,,יין מבעבע גראן טורינו,מיליליטרים,750.00,"100 מ""ל",false,1,44.90,5.9867,true,1,50074
8034141060212,false,אבסנט קסנטה 700 מל,,,אבסנט XENTA,מיליליטרים,700.00,"100 מ""ל",false,1,169.90,24.2714,true,1,42308
8050705431106,false,עוגיות במילוי קרם בט,,,עוגיות במילוי קרם בטעם שוקולד 300 גר,גרמים,300.00,100 גרם,false,1,18.90,6.3000,true,1,135742
8050705431120,false,עוגיות במילוי קרם בט,,,עוגיות במילוי קרם בטעם תות שדה 300 גר,גרמים,300.00,100 גרם,false,1,18.90,6.3000,true,1,135744
8050705431168,false,עוגיות במילוי קרם בט,,,עוגיות במילוי קרם בטעם דובדבן 300 גר,גרמים,300.00,100 גרם,false,1,18.90,6.3000,true,1,135743
8050705432202,false,עוגיות בטעם שוקולד ע,,,עוגיות בטעם שוקולד עם פתיתי קוקוס 300 גר,גרמים,300.00,100 גרם,false,1,18.90,6.3000,true,1,125989
8050705432219,false,עוגיות בטעם קפה עם ק,,,עוגיות בטעם קפה עם קרם חלב 300 גר,גרמים,300.00,100 גרם,false,1,18.90,6.3000,true,1,125990
8050705432226,false,עוגיות בטעם חלב מצופ,,,עוגיות בטעם חלב מצופות צמקאו לבן 300 גר,גרמים,300.00,100 גרם,false,1,18.90,6.3000,true,1,125991
8050705434459,false,מאפה קרואסון קורנטו,,,מאפה קרואסון קורנטו מילוי שוקןלד 300 גר,גרמים,300.00,100 גרם,false,1,14.90,4.9667,true,1,135739
8050705434541,false,עוגיות קרם קקאו ובצי,,,עוגיות קרם קקאו ובציפוי שוקולד 240 גר,גרמים,240.00,100 גרם,false,1,13.90,5.7917,true,1,139071
8050705434756,false,עוגה ממולאת קרם טירמ,,,עוגה ממולאת קרם טירמיסו 300 גר,גרמים,300.00,100 גרם,false,1,16.90,5.6333,true,1,139068
8050705435890,false,עוגה עם קרם בטעם לימ,,,עוגה עם קרם בטעם לימון 300 גר,גרמים,300.00,100 גרם,false,1,22.90,7.6333,true,1,139066
8050705435906,false,עוגה עם קרם פטיסייר,,,עוגה עם קרם פטיסייר 300 גר,גרמים,300.00,100 גרם,false,1,22.90,7.6333,true,1,139065
8050705436194,false,עוגת פאי מאסימו במיל,,,עוגת פאי מאסימו במילוי קרם קקאו אגוז לוז,גרמים,350.00,100 גרם,false,1,16.90,4.8286,true,1,139059
8050705436255,false,טארטלט מאסימו במילוי,,,טארטלט מאסימו במילוי קרם קקאו אגוז 240 ג,גרמים,240.00,100 גרם,false,1,14.90,6.2083,true,1,139063
8051407911170,false,יין מבעבע פרוסקו לבן,,,"יין מבעבע פרוסקו לבן יבש 700 מ""ל",מיליליטרים,700.00,"100 מ""ל",false,1,44.90,6.4143,true,1,117068
8076800195019,false,פסטה ברילה 500 גר,BARILLA,,פסטה ברילה 500,גרמים,500.00,100 גרם,false,1,6.90,1.3800,true,1,42331
8076800195033,false,ספגטיני ברילה 500 גר,BARILLA,,ספגטיני ברילה 500 גר,גרמים,500.00,100 גרם,false,1,6.90,1.3800,true,1,42332
8076800195057,false,ספגטי ברילה מס 5 500,BARILLA,,ספגטי ברילה מס 5 500 גר,גרמים,500.00,100 גרם,false,1,6.90,1.3800,true,1,42333
8076800195132,false,ספגטי ברילה 500 גר,BARILLA,,ספגטי ברילה,גרמים,500.00,100 גרם,false,1,6.90,1.3800,true,1,42334
8076800315097,false,ספגטי בוקטיני מספר 9,BARILLA,,"פסטה ""ברילה"" בוקטיני",גרמים,500.00,100 גרם,false,1,6.90,1.3800,true,1,42335
8076802085738,false,פסטה ברילה פנה רגטה,BARILLA,,"פסטה ""ברילה"" פנה רגט",גרמים,500.00,100 גרם,false,1,6.90,1.3800,true,1,42337
8076802085837,false,פסטה ברילה טורטליוני,BARILLA,IT,פסטה ברילה צינור 500 גר,גרמים,500.00,100 גרם,false,15,6.90,1.3800,true,1,42338
8076802085936,false,פסטה קונצילי ריגטה ב,BARILLA,,"פסטה ""ברילה"" קונצילי",גרמים,500.00,100 גרם,false,1,6.90,1.3800,true,1,42341
8076802085981,false,פסטה ברילה פוזילי 50,BARILLA,,פסטה ברילה פוזילי 500 גר,גרמים,500.00,100 גרם,false,1,6.90,1.3800,true,1,42342
8076808050440,false,פסטה מקרוני מספר 44,BARILLA,,"פסטה ""ברילה"" מקרוני",גרמים,500.00,100 גרם,false,1,6.90,1.3800,true,1,42344
8076808060654,false,פסטה פרפלה מספר 64 ב,BARILLA,,"פסטה ""ברילה"" פרפלה",גרמים,500.00,100 גרם,false,1,6.90,1.3800,true,1,42345
8076808150072,false,פסטה ספגטי מספר 7 בר,BARILLA,,"ספגטי ""ברילה"" עבה מס",גרמים,500.00,100 גרם,false,1,6.90,1.3800,true,1,42347
8076809512268,false,פסטה גירנדולה מספר 3,BARILLA,,"פסטה ""ברילה"" גירנדול",גרמים,500.00,100 גרם,false,1,6.90,1.3800,true,1,42349
8076809513388,false,רוטב עגבניות ארביאטה,BARILLA,,"רוטב ""ברילה"" ארביאטה",גרמים,400.00,100 גרם,false,1,12.90,3.2250,true,1,42350
8076809513654,false,בסיס לרוטב עגבניות ל,BARILLA,,"רוטב ""ברילה"" בסיס עג",גרמים,400.00,100 גרם,false,1,12.90,3.2250,true,1,42352
8076809513692,false,רוטב ברילה נפוליטנה,BARILLA,,"רוטב ""ברילה"" נפוליטנ",גרמים,400.00,100 גרם,false,1,12.90,3.2250,true,1,42353
8076809513739,false,רוטב ברילה בזיליקום,BARILLA,,"רוטב ""ברילה"" בזיליקו",גרמים,400.00,100 גרם,false,1,12.90,3.2250,true,1,42354
8076809514774,false,פסטה ברילה פפרדלה 25,BARILLA,,"פסטה ""ברילה"" פפרדלה",גרמים,250.00,100 גרם,false,1,18.90,7.5600,true,1,68944
8076809515115,false,טורטליני ריקוטה ותרד,,,טורטליני ריקוטה ותרד 250 גר,גרמים,250.00,100 גרם,false,1,21.90,8.7600,true,1,138416
8076809523561,false,רוטב ברילה בטעם פיצה,BARILLA,,"400  רוטב ""ברילה"" בטעם פי",גרמים,400.00,100 גרם,false,1,12.90,3.2250,true,1,42357
8076809523707,false,פסטה ברילה קסטלנה 50,BARILLA,IT,פסטה ברילה קסטלנה 500 גר,גרמים,500.00,100 גרם,false,12,11.80,2.3600,true,1,42358
8076809523714,false,פסטה ברילה טליאטלה 5,BARILLA,,"פסטה ""ברילה"" טליאטלה",גרמים,500.00,100 גרם,false,1,22.90,4.5800,true,1,42359
8076809523738,false,לזניה ברילה 500 גר,BARILLA,,"לזניה ""ברילה""",גרמים,500.00,100 גרם,false,1,21.90,4.3800,true,1,42360
8076809529419,false,פסטה ספגטי חיטה מלאה,BARILLA,,"ספגטי ""ברילה"" חיטה מ",גרמים,500.00,100 גרם,false,1,13.90,2.7800,true,1,42361
8076809529433,false,פסטה פנה רגטה חיטה מ,BARILLA,,"פנטה רגטה ""ברילה"" חי",גרמים,500.00,100 גרם,false,1,13.90,2.7800,true,1,42362
8076809547956,false,פסטה ברילה קיפרי 500,ברילה ג'.אי.אר פרטלי,IT,פסטה ברילה קיפרי 500 גר,גרמים,500.00,100 גרם,false,14,6.90,1.3800,true,1,126688
8076809572828,false,עוגיות טרלוצי 350 גר,,,עוגיות טרלוצי 350 גר,גרמים,350.00,100 גרם,false,1,16.90,4.8286,true,1,133032
8076809572873,false,עוגיות חמאה מסוכרות,,,עוגיות חמאה מסוכרות 350 גר,גרמים,350.00,100 גרם,false,1,16.90,4.8286,true,1,133030
8076809572897,false,עוגיות מאקינה עם קרם,,,עוגיות מאקינה עם קרם 350 גר,גרמים,350.00,100 גרם,false,1,16.90,4.8286,true,1,133031
8076809576352,false,ברילה ללא גלוטן 250,,,ברילה ללא גלוטן 250 גר,גרמים,250.00,100 גרם,false,1,19.80,7.9200,true,1,133215
8076809578998,false,פסטה ברילה סטלינה 50,BARILLA,,פסטה ברילה סטלינה 500 גר,גרמים,500.00,100 גרם,false,1,6.90,1.3800,true,1,133597
8076809580496,false,פסטה ברילה פפירי 450,BARILLA,IT,פסטה ברילה פפירי 450 גר,גרמים,450.00,100 גרם,false,14,12.80,2.8444,true,1,135284
8076809580762,false,רוטב פסטו בזיליקום ע,,,רוטב פסטו בזיליקום עם גבית פרמזן 190 גר,גרמים,190.00,100 גרם,false,1,24.90,13.1053,true,1,140027
8410028228706,false,ברנדי מרקיז דה מיסה,ויליאמס אנד המברט,,ברנדי מרקיז דה מיסה,מיליליטרים,700.00,"100 מ""ל",false,1,79.90,11.4143,true,1,42374
8410076610386,false,חטיף נייטשר ואלי פרו,,,חטיף נייטשר ואלי פרוטאין בוטנים קרמל מלו,גרמים,160.00,100 גרם,false,1,19.90,12.4375,true,1,123044
8410076620354,false,חטיף נייצר ואלי  ממו,,,חטיף נייצר ואלי  ממולא נאט קרים שיבולת ש,גרמים,152.00,100 גרם,false,1,14.90,9.8026,true,1,113441
8410076621047,false,חטיף פייבר 1 בטעם שו,FIBER ONE,,חטיף פייבר 1 בטעם שוקולד פאדג 120 גר,גרמים,120.00,100 גרם,false,5,14.90,12.4167,true,1,131410
8410104035112,false,נוזל הברקה למדיח פינ,,,פיניש נוזל הברקה רגי,מיליליטרים,400.00,"100 מ""ל",false,1,9.90,2.4750,true,1,42384
8410104039134,false,פיניש מנקה ומחדש מדי,,,פיניש מנקה ומחדש מדי,מיליליטרים,250.00,"100 מ""ל",false,1,14.90,5.9600,true,1,42385
8410104044916,false,פיניש אבקה 2.7 קג,,,"פיניש אבקה 2.7 ק""ג",קילוגרמים,2.70,"ק""ג",false,1,39.80,14.7407,true,1,42386
8410104045111,false,מלח למדיח פיניש 2 קג,,,"מלח למדיח פיניש 2 ק""",קילוגרמים,2.00,"ק""ג",false,1,14.90,7.4500,true,1,68977
8410104437268,false,פיניש מפיג ריח למדיח,,,פיניש סטופ לריח,Unknown,0.00,Unknown,false,1,14.90,0.0000,true,1,55102
8410113009012,false,יין ויניה אזמרלדה רו,,,יין ויניה אזמרלדה רוזה 750 מל,מיליליטרים,750.00,"100 מ""ל",false,6,54.90,7.3200,true,1,131837
8410128768324,false,משקה שקדים ויוה סוי,,,משקה שקדים ויוה סוי קרטונית 1 ל,ליטרים,1.00,ליטר,false,1,12.90,12.9000,true,1,126918
8410128783587,false,משקה שיבולת שועל וי,,,משקה שיבולת שועל וי סוי קרטונית 1 ל,ליטרים,1.00,ליטר,false,6,12.90,12.9000,true,1,140570
8410134002580,false,זיתים ירוקים עם טונה,אנגל קמצ'ו אלימנטסיו,,זיתים ירוקים עם טונה 300 גר,גרמים,300.00,100 גרם,false,1,8.90,2.9667,true,1,77222
8410134016839,false,זיתים ירוקים עם סלמו,אנגל קמצ'ו אלימנטסיו,,זיתים ירוקים עם סלמון 300 גר,גרמים,300.00,100 גרם,false,1,8.90,2.9667,true,1,77223
8410134119509,false,זיתים שחורים 350 גר,אנגל קמצ'ו אלימנטסיו,,זיתים שחורים 350 גר,גרמים,350.00,100 גרם,false,1,8.90,2.5429,true,1,80642
8410161511253,false,ברנדי דה חרז רומטה 7,רומטה,,"ברנדי דה חרז רומטה 700 מ""ל",מיליליטרים,700.00,"100 מ""ל",false,1,74.90,10.7000,true,1,97339
8410179002651,false,זיתים שחורים מגולעני,,,"זיתים שחורים בלי חרצנים 350 מ""ל",גרמים,314.00,100 גרם,false,1,9.90,3.1529,true,1,111137
8410179002767,false,זיתים ירוקים עם אנשו,,,זיתים ירוקים עם אנשובי 300 גר,מיליליטרים,300.00,"100 מ""ל",false,12,9.90,3.3000,true,1,42399
8410179002798,false,זיתים ירוקים ממולאים,,,זיתים ירוקים עם לימון 314 מל,גרמים,314.00,100 גרם,false,1,9.90,3.1529,true,1,52086
8410179002804,false,זיתים ירוקים ממולאים,,,זיתים ירוקים עם גבינה 300 גר,גרמים,314.00,100 גרם,false,1,9.90,3.1529,true,1,42401
8410179002828,false,זיתים ירוקים עם סלמו,,,זיתים ירוקים עם סלמון 300 גר,גרמים,300.00,100 גרם,false,12,9.90,3.3000,true,1,42402
8410179002873,false,זיתים ירוקים ממולאים,,,זיתים ירוקים ממולאים בשרימפס 300 גר,מיליליטרים,300.00,"100 מ""ל",false,12,9.90,3.3000,true,1,42404
8410179002880,false,זיתים ירוקים ממולאים,,,זיתים ירוקים ממולאים בלובסטר 300 גר,מיליליטרים,300.00,"100 מ""ל",false,12,9.90,3.3000,true,1,42405
8410300102939,false,קוביות למרק גלינה בל,,,"קוביות למרק ""גלינה בלנקה"" בטעם בקר 8 יח",Unknown,0.00,Unknown,false,1,12.90,0.0000,true,1,51170
8410300104612,false,קוביות למרק גלינה בל,,,"קוביות למרק ""גלינה בלנקה"" בטעם פטריות 8",Unknown,0.00,Unknown,false,1,12.90,0.0000,true,1,51171
8410300207665,false,קוביות למרק גלינה בל,,,"קוביות למרק ""גלינה בלנקה"" בטעם עוף 8 יח",Unknown,0.00,Unknown,false,1,12.90,0.0000,true,1,51173
8410300238164,false,קוביות למרק גלינה בל,,,"קוביות למרק ""גלינה בלנקה"" בטעם עוף עם יר",Unknown,0.00,Unknown,false,1,12.90,0.0000,true,1,51172
8410300340232,false,קוביות למרק גלינה בל,,,"קוביות למרק ""גלינה בלנקה"" בטעם בקר על עצ",Unknown,0.00,Unknown,false,1,12.90,0.0000,true,1,51169
8410300351382,false,קוביות מרק עוף ללא מ,יורופוד,,קוביות מרק עוף ללא מלח 8 גר,גרמים,8.00,100 גרם,false,1,12.90,161.2500,true,1,102577
8410342004796,false,שוקולד מריר טוראס 85,,,שוקולד מריר טוראס 85% ללא סוכר 100 גר,גרמים,100.00,100 גרם,false,12,14.90,14.9000,true,1,123422
8410342007063,false,שוקולד מריר טוראס 95,,,שוקולד מריר טוראס 95% ללא סוכר 100 גר,גרמים,100.00,100 גרם,false,12,16.90,16.9000,true,1,134558
8410376006070,false,ביסקוויט גולון מריה,,,"ביסקוויט ""גולון"" מר""",גרמים,800.00,100 גרם,false,10,12.90,1.6125,true,1,42444
8410376009392,false,ביסקוויט חיטה מלאה ל,GULLON,,גולון ביסקוויט מחיטה,גרמים,170.00,100 גרם,false,1,10.90,6.4118,true,1,42448
8410376009408,false,גולון דורדה ביסקוויט,GULLON,,גולון דורדה ביסקוויט,גרמים,330.00,100 גרם,false,1,17.90,5.4242,true,1,42449
8410376010701,false,ביסקוויט מריה ללא תו,GULLON,,גולון ביסקוויט מרי ל,גרמים,400.00,100 גרם,false,1,16.90,4.2250,true,1,42451
8410376013191,false,קרקר פיק קוקטייל גול,GULLON,,"קרקר פיק קוקטייל ""גו",גרמים,350.00,100 גרם,false,12,15.90,4.5429,true,1,42456
8410376014051,false,קרקר פיק מיניס גולון,GULLON,,קרקר פיק מיניס גולון 350 גר,גרמים,350.00,100 גרם,false,12,13.90,3.9714,true,1,125512
8410376014068,false,קרקר פיק דגים גולון,GULLON,,קרקר פיק דגים גולון 350 גר,גרמים,350.00,100 גרם,false,12,13.90,3.9714,true,1,125513
8410376017113,false,עוגיות גולון מגה סנד,GULLON,,גולון ביסקוויט סנדוויץ 500 גר,גרמים,500.00,100 גרם,false,20,10.90,2.1800,true,1,42458
8410376023831,false,גולן ביסקוויט מחיטה,GULLON,,גולן ביסקוויט מחיטה,גרמים,400.00,100 גרם,false,1,15.90,3.9750,true,1,42464
8410376031898,false,עוגיות גולון טווינס,,,עוגיות גולון טווינס קרם 176 גר,גרמים,176.00,100 גרם,false,1,5.90,3.3523,true,1,129429
8410376033267,false,ביסקוויט גולון דגנים,,,ביסקוויט גולון דגנים ללא סוכר 410 גר,גרמים,410.00,100 גרם,false,15,16.90,4.1220,true,1,118571
8410376036862,false,עוגיות גולון מגה סנד,GULLON,,גולון מגה דואו וניל 500 גר,גרמים,500.00,100 גרם,false,20,10.90,2.1800,true,1,123586
8410376037302,false,קרקר גולון פיק מלח 1,,,קרקר גולון פיק מלח 100 גר,גרמים,100.00,100 גרם,false,24,2.90,2.9000,true,1,124539
8410376037784,false,ביסקוויט סנדוויץ שוק,,,ביסקוויט גולון סנדוויץ שוקו ללא סוכר 250,גרמים,250.00,100 גרם,false,18,14.90,5.9600,true,1,118574
8410376042481,false,ביסקוויט קרם יוגורט,GULLON,,ביסקוויט גולון קרם יוגורט ללא סוכר,גרמים,220.00,100 גרם,false,1,14.90,6.7727,true,1,97961
8410376044393,false,עוגיות שוקולד גולון,,,עוגיות שוקולד גולון ללא סוכר 210 גר,גרמים,210.00,100 גרם,false,10,18.90,9.0000,true,1,118569
8410376044409,false,עוגיות מגה סנדוויץ ש,GULLON,,ביסקוויט גולון דואו שוקו 500 גר,גרמים,500.00,100 גרם,false,20,10.90,2.1800,true,1,99697
8410376047509,false,ביסקוויט גולון ללא ס,,,ביסקוויט גולון ללא סוכר 400 גר,גרמים,400.00,100 גרם,false,1,16.90,4.2250,true,1,113733
8410376052633,false,עוגיות שוקוציפס ללא,VIRGINIAS INDUSTRIAS,,עוגיות שוקוציפס ללא תוספת סוכר גולון 150,גרמים,150.00,100 גרם,false,12,12.90,8.6000,true,1,127760
8410376057270,false,ביסקוויט גולון ללא ס,,,ביסקוויט גולון ללא סוכר שוקולד מריר 150,גרמים,150.00,100 גרם,false,1,16.90,11.2667,true,1,126755
8410376059380,false,גולון וופל וניל ללא,,,גולון וופל וניל ללא תוספת סוכר 180 גר,גרמים,180.00,100 גרם,false,12,16.90,9.3889,true,1,131041
8410376059397,false,גולון וופל שוקולד לל,,,גולון וופל שוקולד ללא תוספת סוכר 180 גר,גרמים,180.00,100 גרם,false,12,16.90,9.3889,true,1,131043
8410376060461,false,עוגיות גולון דיאגסטי,,,עוגיות גולון דיאגסטיב תפוז 280 גר,גרמים,280.00,100 גרם,false,1,9.90,3.5357,true,1,134566
8410441211002,false,יין פאוסטינו אדום 75,,,"יין פאוסטינו אדום 750 מ""ל",מיליליטרים,750.00,"100 מ""ל",false,1,49.90,6.6533,true,1,106235
8410441231000,false,יין פאוסטינו לבן 750,,,"יין פאוסטינו לבן 750 מ""ל",מיליליטרים,750.00,"100 מ""ל",false,1,49.90,6.6533,true,1,106236
8410644120118,false,יין מבעבע קווה 1861,,,"יין מבעבע ""קווה 1861"" ספרדי 750 מל",מיליליטרים,750.00,"100 מ""ל",false,1,29.90,3.9867,true,1,54328
8410655001147,false,בירה סאן מיגל פחית 5,SAN MIGUEL,,בירה סאן מיגל פחית 500 מל,מיליליטרים,500.00,"100 מ""ל",false,1,8.90,1.7800,true,1,114535
8410660055869,false,שמן זית וילה בלאנקה,,,"שמן זית וילה בלאנקה 750 מ""ל",מיליליטרים,750.00,"100 מ""ל",false,1,29.90,3.9867,true,1,107044
8410702004312,false,יין ויניה לאנזאר אדו,ספרד פליקס סוליס,,"יין ""וינייה לאנזר"" ק",ליטרים,1.00,ליטר,false,1,24.90,24.9000,true,1,42475
8410702004329,false,יין ויניה לאנזאר לבן,ספרד פליקס סוליס,,"יין ""וינייה לאנזר"" ק",ליטרים,1.00,ליטר,false,1,24.90,24.9000,true,1,42476
8410702005012,false,יין סנגריה פניאסול 1,ספרד פליקס סוליס,,יין סינגריה פניאסול 1ל,ליטרים,1.00,ליטר,false,1,14.90,14.9000,true,1,76649
8410702039802,false,יין סנגריה לבן פניאס,ספרד פליקס סוליס,,יין סינגריה לבן פניאסול 1ל,ליטרים,1.00,ליטר,false,1,14.90,14.9000,true,1,106227
8410707001255,false,נקטר פירות אדומים לל,,,נקטר פירות אדומים ללא תוספת סוכר 1 ל,ליטרים,1.00,ליטר,false,1,9.90,9.9000,true,1,139995
8410707001286,false,נקטר מנגו ללא תוספת,,,נקטר מנגו ללא תוספת סוכר 1 ל,ליטרים,1.00,ליטר,false,1,9.90,9.9000,true,1,139996
8410707002863,false,משקה גויאבה ללא סוכר,,,משקה גויאבה ללא סוכר 1 ל,ליטרים,1.00,ליטר,false,1,9.90,9.9000,true,1,138915
8410707004768,false,משקה חמוציות ללא סוכ,,,משקה חמוציות ללא סוכר 1 ל,ליטרים,1.00,ליטר,false,1,9.90,9.9000,true,1,138916
8410793001764,false,בירה אסטרייה דאם 330,,,בירה אסטרייה דאם 330 מל רביעייה,מיליליטרים,1320.00,"100 מ""ל",false,1,29.90,2.2652,true,1,141794
8410793262936,false,בירה דאורה דאם ללא ג,דאם,,"בירה  דאם דאורה ללא גלוטן 330 מ""ל",מיליליטרים,330.00,"100 מ""ל",false,1,10.90,3.3030,true,1,97919
8411423041105,false,יין סרו אניון קריאנז,ספרד בודגס אולארה,,יין סרו אניון קריאנזה 0.75ל,מיליליטרים,750.00,"100 מ""ל",false,1,54.90,7.3200,true,1,74222
8413376022965,false,גבינת עיזים פאסטור 2,,,גבינת עיזים פאסטור 29% 110 גר,גרמים,110.00,100 גרם,false,1,14.90,13.5455,true,1,111074
8413529851039,false,יין ויניה אלברדי רזר,ספרד בודגס אולארה,,יין ויניה אלברדי רזרבה אדום,Unknown,0.00,Unknown,false,1,84.90,0.0000,true,1,53334
8413664511706,false,פאפאס ארגנטה ברוסקטה,,,פאפאס ארגנטה ברוסקטה עגבניות ואורגנו,גרמים,150.00,100 גרם,false,12,10.90,7.2667,true,1,42497
8413664611956,false,פאפאס ארגנטה ציפס עם,,,פאפאס ארגנטה ציפס עם עשבי תיבול 160 גר,גרמים,160.00,100 גרם,false,12,17.90,11.1875,true,1,138019
8413664811844,false,פאפאס ארגנטה ציפס עם,,,פאפאס ארגנטה ציפס עם שמן זית 160 גר,גרמים,160.00,100 גרם,false,12,19.90,12.4375,true,1,131706
8413831140326,false,יין מבעבע קאווה פריו,קסניוס,,יין מבעבע קאווה פריול ברוט,מיליליטרים,750.00,"100 מ""ל",false,1,29.90,3.9867,true,1,42499
8413831140371,false,יין קאווה פריול סמי,קובידיס,,"יין קאווה פריול סמי סקו 750 מ""ל",מיליליטרים,750.00,"100 מ""ל",false,1,29.90,3.9867,true,1,97905
8420822130600,false,מסיר שומנים סופר 750,,,מסיר שומנים סופר 750 מל,מיליליטרים,750.00,"100 מ""ל",false,1,15.90,2.1200,true,1,137611
8420822130624,false,מסיר כתמים סופר 750,,,מסיר כתמים סופר 750 מל,מיליליטרים,750.00,"100 מ""ל",false,1,19.90,2.6533,true,1,137610
8423207206488,false,חטיף מרבה סלים דליס,Biocentury,,חטיף מרבה סלים דליס שוקולד חלב,גרמים,120.00,100 גרם,false,1,11.90,9.9167,true,1,79447
8423207207362,false,חטיף מרבה סלים דליס,Biocentury,,חטיף מרבה סלים דליס,גרמים,120.00,100 גרם,false,1,11.90,9.9167,true,1,79453
8423207208260,false,חטיף סלים דליס חלב ל,Merba BV,,חטיף מרבה סלים דליס חלב ללא גלוטן,גרמים,78.00,100 גרם,false,1,11.90,15.2564,true,1,96728
8423207208680,false,חטיף מרבה סלים דליס,Biocentury,,חטיף מרבה סלים דליס לילדים עם שוקולד חלב,גרמים,120.00,100 גרם,false,1,11.90,9.9167,true,1,100327
8423207208697,false,חטיף מרבה סלים דליס,Merba BV,,חטיף מרבה סלים דליס חלב לילדים,גרמים,120.00,100 גרם,false,1,11.90,9.9167,true,1,99151
8423207208703,false,חטיף סלים דליס שוקול,Biocentury,,חטיף סלים דליס שוקולד מריר,גרמים,120.00,100 גרם,false,1,11.90,9.9167,true,1,99514
8423207209748,false,מרבה סלים דליס שוקול,Biocentury,,מרבה סלים דליס שוקולד מריר בנגיעות תפוז,גרמים,120.00,100 גרם,false,1,11.90,9.9167,true,1,111119
8423207209885,false,חטיף סלים דליס מהדור,Biocentury,,חטיף סלים דליס מהדורה מיוחדת שוקולד חלב,גרמים,120.00,100 גרם,false,1,11.90,9.9167,true,1,112049
8423207210287,false,חטיף סלים דליס מצופה,,,חטיף סלים דליס מצופה שוקולד לבן בטעם יוג,גרמים,120.00,100 גרם,false,16,11.90,9.9167,true,1,116947
8423371000202,false,בוטנים מלוחים 150 גר,,,בוטנים מלוחים 150 גר,גרמים,150.00,100 גרם,false,1,9.90,6.6000,true,1,128986
8423371002725,false,קוקטייל מיקס 100 גר,,,קוקטייל מיקס 100 גר,גרמים,100.00,100 גרם,false,1,9.90,9.9000,true,1,128984
8423371002749,false,בוטנים ושקדים מקורמל,,,בוטנים ושקדים מקורמלים 135 גר,גרמים,135.00,100 גרם,false,1,9.90,7.3333,true,1,128983
8423371007089,false,בוטנים מלוחים בדבש 1,,,בוטנים מלוחים בדבש 150 גר,גרמים,150.00,100 גרם,false,1,9.90,6.6000,true,1,128988
8423371007492,false,גרעיני חמניות סאליסו,,,גרעיני חמניות סאליסול 140 גר,גרמים,140.00,100 גרם,false,24,9.90,7.0714,true,1,137124
8423453905692,false,בירה ווילדר לאגר פחי,ווילדר,ES,"בירה ווילדר לאגר פחית 500 מ""ל",מיליליטרים,500.00,"100 מ""ל",false,24,6.90,1.3800,true,1,119895
8423453905739,false,בירה ווילדר לאגר בק,ווילדר,ES,"בירה ווילדר לאגר בק 330 מ""ל שישייה",מיליליטרים,1980.00,"100 מ""ל",false,4,34.90,1.7626,true,1,119899
8425206000081,false,ריבת חלב מרדל 450 גר,,,ריבת חלב מרדל 450 גר,גרמים,450.00,100 גרם,false,1,19.90,4.4222,true,1,127684
8425206000142,false,ריבת חלב בקבוק לחיץ,,,ריבת חלב בקבוק לחיץ 370 גר,גרמים,370.00,100 גרם,false,1,19.90,5.3784,true,1,127685
8425206001736,false,סירופ בטעם ריבת חלב,,,סירופ בטעם ריבת חלב עם מלח ים 550 גר,גרמים,550.00,100 גרם,false,1,19.90,3.6182,true,1,135452
8436011151844,false,מזון לכלבים בוגרים נ,,,"מזון לכלבים בוגרים נוטריבסט 3 ק""ג",קילוגרמים,3.00,"ק""ג",false,1,59.90,19.9667,true,1,106260
8436011151882,false,מזון לחתולים נוטריבס,,,מזון לחתולים נוטריבסט מסורס סלמון ואורז,קילוגרמים,2.00,"ק""ג",false,1,49.90,24.9500,true,1,109738
8436011151899,false,מזון לחתולים נוטריבס,,,"מזון לחתולים נוטריבסט 2 ק""ג",קילוגרמים,2.00,"ק""ג",false,1,49.90,24.9500,true,1,109739
8436011151905,false,מזון לחתולים נוטריבס,,,מזון לחתולים נוטריבסט סנסיטיב סלמון אורז,קילוגרמים,2.00,"ק""ג",false,1,49.90,24.9500,true,1,109740
8436011151912,false,מזון לחתולים נוטריבס,,,"מזון לחתולים נוטריבסט בוגר 2 ק""ג",קילוגרמים,2.00,"ק""ג",false,1,49.90,24.9500,true,1,109741
8436024290042,false,זיתים עם שקדים 300 ג,,,זיתים עם שקדים 300 גר,גרמים,300.00,100 גרם,false,12,10.90,3.6333,true,1,132875
8436024290059,false,זיתים ירוקים עם טונה,,,זיתים ירוקים עם טונה 300 גר,גרמים,300.00,100 גרם,false,1,10.90,3.6333,true,1,132877
8436024290066,false,זיתים עם לימון 300 ג,,,זיתים עם לימון 300 גר,גרמים,300.00,100 גרם,false,12,10.90,3.6333,true,1,132880
8436024290073,false,זיתים עם שרימפס 300,,,זיתים עם שרימפס 300 גר,גרמים,300.00,100 גרם,false,1,10.90,3.6333,true,1,132878
8436024290097,false,זיתים עם סלמון 300 ג,,,זיתים עם סלמון 300 גרם,גרמים,300.00,100 גרם,false,12,10.90,3.6333,true,1,136752
8436024294309,false,זיתים שחורים גדול 43,,,זיתים שחורים גדול 432 גר,גרמים,432.00,100 גרם,false,24,18.90,4.3750,true,1,132882
8436024294750,false,זיתים שחורים 280 גרם,,,זיתים שחורים 280 גר,גרמים,280.00,100 גרם,false,24,10.90,3.8929,true,1,132881
8436024298703,false,זיתים שחורים עם גבינ,,,זיתים שחורים עם גבינת פטה 280 גר,גרמים,280.00,100 גרם,false,1,10.90,3.8929,true,1,140350
8437008915456,false,עלי טורטיה 5 דגנים 8,יכין,,עלי טורטיה 5 דגנים 8 יח,גרמים,320.00,100 גרם,false,1,6.90,2.1563,true,1,113121
8501110080231,false,רום הוואנה קלאב 3 שנ,,,"רום הוואנה קלאב 3 שנים 700 מ""ל",מיליליטרים,700.00,"100 מ""ל",false,1,134.80,19.2571,true,1,114673
8593868000050,false,בירה סטארופרמן פרמיו,,,בירה סטרופראמן לאגר,מיליליטרים,500.00,"100 מ""ל",false,1,8.90,1.7800,true,1,42586
8593868000302,false,בירה סטארופרמן פרמיו,,,בירה סטרופראמן בקבוק,מיליליטרים,500.00,"100 מ""ל",false,1,10.90,2.1800,true,1,42587
8593868002368,false,בירה סטארופראמן אנפי,,,בירה סטארופראמן אנפילטר בק 500 מל,מיליליטרים,500.00,"100 מ""ל",false,1,10.90,2.1800,true,1,126887
8593868006014,false,בירה בלו מון פחית 50,,,בירה בלו מון פחית 500 מל,מיליליטרים,500.00,"100 מ""ל",false,24,12.90,2.5800,true,1,131833
8594006931328,false,בירה פרימטור וויצן 5,,,"בירה פרימטור וויצן 500 מ""ל",מיליליטרים,500.00,"100 מ""ל",false,1,10.90,2.1800,true,1,112740
8594009923429,false,בירה קרושוביצה בהירה,,,"בירה  קרושוביצה בהירה פח 500 מ""ל",מיליליטרים,500.00,"100 מ""ל",false,1,9.90,1.9800,true,1,42599
8594053490212,false,בירה בקלר מדובי בהיר,,,"בירה בקלר מדובי בהירה 500 מ""ל",מיליליטרים,500.00,"100 מ""ל",false,1,10.90,2.1800,true,1,113457
8594071650018,false,עוגת דבש מרלנקה קלאס,Marlenka,,עוגת דבש מרלנקה קלאסיק 800 גר,גרמים,800.00,100 גרם,false,1,74.90,9.3625,true,1,76960
8594071650292,false,עוגיות דבש מרלנקה 23,Marlenka,,עוגיות דבש מרלנקה 235 גר,גרמים,235.00,100 גרם,false,1,34.90,14.8511,true,1,76961
8594071650308,false,עוגיות דבש מרלנקה בט,Marlenka,,עוגיות דבש מרלנקה בטעם קקאו 235 גר,גרמים,235.00,100 גרם,false,1,34.90,14.8511,true,1,76963
8594071650483,false,עוגיות דבש מרלנקה בט,Marlenka,,עוגיות דבש מרלנקה בטעם לימון 235 גר,גרמים,235.00,100 גרם,false,1,34.90,14.8511,true,1,76962
8594071650711,false,עוגת נפוליאון מרלנקה,Marlenka,,עוגת נפוליאון מרלנקה 300 גר,גרמים,300.00,100 גרם,false,1,34.90,11.6333,true,1,95600
8594071650896,false,עוגיות דבש מרלנקה לל,,,עוגיות דבש מרלנקה ללא גלוטן 235 גר,גרמים,235.00,100 גרם,false,1,36.90,15.7021,true,1,109022
8594071651749,false,עוגיות אישיות בטעם מ,Marlenka,,עוגיות אישיות בטעם משמש 235 גר,גרמים,235.00,100 גרם,false,1,34.90,14.8511,true,1,128259
8594200060015,false,בירה צסקה פינטה 568,,,בירה צסקה פינטה 568 מל,מיליליטרים,568.00,"100 מ""ל",false,1,8.90,1.5669,true,1,140624
8594403110111,false,בירה באדוויזר לאגר 5,BUDVIZER BUDVAR,,בירה באדוויזר לאגר 500 מל,מיליליטרים,500.00,"100 מ""ל",false,1,10.90,2.1800,true,1,42602
8594403150827,false,בירה באדוויזר דארק ל,BUDVIZER BUDVAR,,בירה באדוויזר דארק לאגר 500 מל,מיליליטרים,500.00,"100 מ""ל",false,1,10.90,2.1800,true,1,42604
8594403707649,false,בירה באדוויזר דארק ל,Bud?jovick? Budvar,,בירה באדוויזר דארק לאגר פחית 500 מל,מיליליטרים,500.00,"100 מ""ל",false,24,7.90,1.5800,true,1,139377
8594403707977,false,בירה באדוויזר לאגר פ,Bud?jovick? Budvar,,בירה באדוויזר לאגר פחית 500 מל,מיליליטרים,500.00,"100 מ""ל",false,24,7.90,1.5800,true,1,140240
8594404001418,false,בירה קוזל כהה בק 500,Plznsky,,בירה קוזל כהה בק 500 מל,מיליליטרים,500.00,"100 מ""ל",false,1,8.50,1.7000,true,1,42607
8594404110110,false,בירה פילזנר אורקוול,Plznsky,,"בירה ""פילזנר"" בקבוק",מיליליטרים,500.00,"100 מ""ל",false,1,11.90,2.3800,true,1,42610
8594404115115,false,בירה פילזנר אורקוול,Plznsky,,"בירה ""פילזנר אורקול"" פחית 500 מל",מיליליטרים,500.00,"100 מ""ל",false,1,9.90,1.9800,true,1,51654
8594405105429,false,ליקר בחרובקה 700 מל,,,"ליקר בחרובקה 700 מ""ל",מיליליטרים,700.00,"100 מ""ל",false,1,99.90,14.2714,true,1,100800
8606109023647,false,מיץ פרוויטה תפוע וסל,,,"מיץ פרוויטה תפו""ע וסלק 750 מל",מיליליטרים,750.00,"100 מ""ל",false,1,10.90,1.4533,true,1,128573
8606109023999,false,מיץ פרוויטה תפוע ושז,,,מיץ פרוויטה תפוע ושזיפים 750 מל,מיליליטרים,750.00,"100 מ""ל",false,1,10.90,1.4533,true,1,141553
8650325143986,false,בובת נמר יושב 25 סמ,,,בובת נמר יושב 25 סמ,Unknown,0.00,Unknown,false,1,49.90,0.0000,true,1,136238
8680395195837,false,ביסקוויט פתי בר אלוו,,,ביסקוויט פתי בר אלוויאן 500 גר,גרמים,500.00,100 גרם,false,1,9.90,1.9800,true,1,139750
8681823380054,false,כוסות לשתיה חמה 50 י,,,כוסות לשתיה חמה 50 יח,Unknown,0.00,Unknown,false,1,9.90,0.0000,true,1,121823
8683130008935,false,קטשיונז הלמנס 425 גר,יוניליוור,TR,קטשיונז הלמנס 425 גר,גרמים,425.00,100 גרם,false,8,12.90,3.0353,true,1,138108
8683130012666,false,גלידת מגנום דאבל לבן,,TR,גלידת מגנום דאבל לבן עוגיות,גרמים,74.00,100 גרם,false,20,9.90,13.3784,true,1,138924
8683130025581,false,מרכך כביסה בדין אקסט,יונילוור - תורכיה,TR,מרכך כביסה בדין אקסטרה ענבר 960 מל,מיליליטרים,960.00,"100 מ""ל",false,16,14.90,1.5521,true,1,141236
8690504081920,false,עוגיות מקוויטיס טינס,,,עוגיות מקוויטיס טינס מצופה שוקולד מריר,גרמים,150.00,100 גרם,false,1,9.90,6.6000,true,1,114060
8690504081937,false,עוגיות מקוויטיס טינס,,,עוגיות מקוויטיס טינס שוקולד חלב וקפוצינו,גרמים,150.00,100 גרם,false,1,9.90,6.6000,true,1,114062
8690504153740,false,שוקולד מריר גודיבה ע,,,זית ירוק זיתא מגולען עם צילי חריף 330 גר,גרמים,86.00,100 גרם,false,18,14.90,17.3256,true,1,115214
8690504153849,false,שוקולד חלב גודיבה קר,,,שוקולד חלב גודיבה קרם אגוזים 83 גר,גרמים,83.00,100 גרם,false,1,14.90,17.9518,true,1,115215
8690530007147,false,מגבות מטבח סלפאק שיש,,,מגבות מטבח סלפאק שישייה,Unknown,0.00,Unknown,false,1,11.90,0.0000,true,1,126602
8690530015043,false,מגבות מטבח סלפאק 3 ש,,,מגבות מטבח סלפאק שישייה,Unknown,0.00,Unknown,false,4,15.90,0.0000,true,1,119457
8690530032880,false,מפיות סלפאק קומפורט,,,מפיות סלפאק קומפורט חד שכבתיות 200 יח,Unknown,0.00,Unknown,false,1,8.90,0.0000,true,1,137619
8690530036727,false,ממחטות סלפאק 100 יח,,,ממחטות סלפאק 100 יח,Unknown,0.00,Unknown,false,1,6.90,0.0000,true,1,139205
8690530151345,false,ממחטות סלפאק פרמיום,,,ממחטות סלפאק פרמיום 4 שכבות מנטול/ירוק,Unknown,0.00,Unknown,false,1,9.90,0.0000,true,1,116100
8690530161320,false,ממחטות סלפאק פרמיום,,,ממחטות סלפאק פרמיום 10 יח,Unknown,0.00,Unknown,false,1,9.90,0.0000,true,1,126398
8690530212220,false,ממחטות בוטיק,,,ממחטות טישו סלפאק 48 יח בקופסא,Unknown,0.00,Unknown,false,1,4.90,0.0000,true,1,116009
8690530274471,false,נייר טואלט סלפאק דו,,,נייר טואלט סלפאק דו שכבתי 32 גל 100%,Unknown,0.00,Unknown,false,1,34.90,0.0000,true,1,116006
8690530284463,false,נייר טואלט סלפאק 3 ש,,,נייר טואלט סלפאק 3 שכבות 32 גלילים,Unknown,0.00,Unknown,false,1,44.90,0.0000,true,1,117343
8690530324824,false,נייר טואלט סלפאק 3 ש,,,נייר טואלט סלפאק 3 שכבות 32 גלילים,Unknown,0.00,Unknown,false,1,44.90,0.0000,true,1,126396
8690530324930,false,נייר טואלט דו-שכבתי,,,נייר טואלט דו-שכבתי 32 גל SILEN,Unknown,0.00,Unknown,false,1,29.90,0.0000,true,1,116005
8690530615120,false,מגבות מטבח סילאן שיש,,,מגבות מטבח סילאן שישייה,Unknown,0.00,Unknown,false,1,9.90,0.0000,true,1,116008
8690558010006,false,נקטר דובדבן דימס 1 ל,,,נקטר דובדבן 1 ליטר,ליטרים,1.00,ליטר,false,1,8.90,8.9000,true,1,69154
8690558010037,false,מיץ תפוחים 100% דימס,,,מיץ תפוחים 1 ליטר,ליטרים,1.00,ליטר,false,1,8.90,8.9000,true,1,90320
8690558010044,false,נקטר תפוזים 40% דימס,,,נקטר תפוזים 1 ליטר,ליטרים,1.00,ליטר,false,1,8.90,8.9000,true,1,90321
8690558013236,false,נקטר פרוטמיקס דימס 1,,,נקטר מיקס צהוב 1 ליט,ליטרים,1.00,ליטר,false,12,8.90,8.9000,true,1,90323
8690558014776,false,משקה אננס דימס 1 ל,,,משקה אננס דימס 1 ל,ליטרים,1.00,ליטר,false,12,8.90,8.9000,true,1,120611
8690558020036,false,נקטר רימונים דימס 1,,,נקטר רימונים 1 ליטר,ליטרים,1.00,ליטר,false,1,8.90,8.9000,true,1,90328
8690558020210,false,משקה פירות אדומים פר,,,נקטר מיקס אדום 1 ליט,ליטרים,1.00,ליטר,false,12,8.90,8.9000,true,1,90330
8690637073373,false,תה ליפטון ארל גריי 2,יונילוור - תורכיה,,"תה ""ליפטון"" ארל גריי25שקיות",גרמים,50.00,100 גרם,false,1,8.90,17.8000,true,1,42688
8690637073434,false,תה ליפטון ארל גריי 2,,,"תה ""ליפטון"" ארל גריי",גרמים,200.00,100 גרם,false,1,21.90,10.9500,true,1,42689
8690637555084,false,מרכך כביסה בדין אקסט,יונילוור - תורכיה,,"מרכך כביסה ""בדין"" אקסטרה תפוז 960מל",מיליליטרים,960.00,"100 מ""ל",false,1,14.90,1.5521,true,1,42713
8690637704277,false,שמפו דאב יום יומי 2,יונילוור - תורכיה,,שמפו דאב יום יומי 2 ב-1 600מל,מיליליטרים,600.00,"100 מ""ל",false,1,15.90,2.6500,true,1,80217
8690637704291,false,שמפו דאב משקם 600 מל,יונילוור - תורכיה,,שמפו דאב משקם 600מל,מיליליטרים,600.00,"100 מ""ל",false,1,15.90,2.6500,true,1,78933
8690637704376,false,שמפו דאב יום יומי 60,יונילוור - תורכיה,,שמפו דאב יום יומי  600מל,מיליליטרים,600.00,"100 מ""ל",false,1,15.90,2.6500,true,1,78936
8690637799594,false,תה ירוק נענע מרוקאי,יונילוור - תורכיה,,תה ירוק נענע מרוקאי 30גר,גרמים,30.00,100 גרם,false,1,16.90,56.3333,true,1,101554
8690637842382,false,גלידת מגנום דאבל פרי,,,גלידת מגנום דאבל פרי יער,Unknown,0.00,Unknown,false,1,9.90,0.0000,true,1,113451
8690637858734,false,סיף גל אקונומיקה לימ,יוניליוור,,"סיף גל אקונומיקה לימון 750 מ""ל",מיליליטרים,750.00,"100 מ""ל",false,1,10.90,1.4533,true,1,115727
8690637858741,false,גל אקונומיקה סיף רוח,יוניליוור,,"גל אקונומיקה סיף רוח ים 750 מ""ל",מיליליטרים,750.00,"100 מ""ל",false,1,10.90,1.4533,true,1,115726
8690637865589,false,סבון ידיים דאב מלפפו,,,"סבון ידיים דאב מלפפון 500 מ""ל",מיליליטרים,500.00,"100 מ""ל",false,1,14.90,2.9800,true,1,120245
8690637865596,false,סבון ידיים דאב הזנה,,,"סבון ידיים דאב הזנה עור 500 מ""ל",מיליליטרים,500.00,"100 מ""ל",false,1,14.90,2.9800,true,1,120246
8690637866753,false,מרכך כביסה בדין אקסט,יונילוור - תורכיה,,"מרכך כביסה בדין אקסטרה לבנדר 960 מ""ל",מיליליטרים,960.00,"100 מ""ל",false,1,14.90,1.5521,true,1,114346
8690637871061,false,שמפו דאב אבוקדו 600,יוניליוור,TR,"שמפו דאב אבוקדו 600 מ""ל",מיליליטרים,600.00,"100 מ""ל",false,16,15.90,2.6500,true,1,116706
8690637916991,false,מרכך דאב שמן אבוקדו,יונילוור - תורכיה,TR,מרכך דאב שמן אבוקדו ותמצית קלנדול 588 מל,מיליליטרים,600.00,"100 מ""ל",false,16,15.90,2.6500,true,1,122095
8690637946301,false,מרכך כביסה בדין אקסט,יונילוור - תורכיה,TR,מרכך כביסה בדין אקסטרה בייבי כחל 960 מל,מיליליטרים,960.00,"100 מ""ל",false,16,14.90,1.5521,true,1,127237
8690637976995,false,מרכך כביסה בדין אקסט,יונילוור - תורכיה,TR,מרכך כביסה בדין אקסטרה ורוד 960 מל,מיליליטרים,960.00,"100 מ""ל",false,16,14.90,1.5521,true,1,129402
8690637989629,false,גלידת מגנום דאבל דול,,TR,גלידת מגנום דאבל דולצה גולד אימפלס,גרמים,63.00,100 גרם,false,20,9.90,15.7143,true,1,132733
8690757002376,false,משחה להברקת נעליים צ,סילבר,,משחה להברקת נעליים צבע שחור עם ספוג 50מל,יחידה,1.00,יחידה,false,1,6.90,6.9000,true,1,78113
8690757002444,false,נוזל להברקת נעליים ש,סילבר,,נוזל להברקת נעליים שחור 75מל,יחידה,1.00,יחידה,false,1,7.90,7.9000,true,1,78118
8690757002451,false,נוזל להברקת נעליים ח,סילבר,,נוזל להברקת נעליים חום 75מל,יחידה,1.00,יחידה,false,1,7.90,7.9000,true,1,78119
8690766156367,false,שוקולד גודיבה חלב מע,,,שוקולד גודיבה חלב מעולה 90 גר,גרמים,90.00,100 גרם,false,1,14.90,16.5556,true,1,125402
8690766156374,false,שוקולד גודיבה מריר מ,,,שוקולד גודיבה מריר מעולה 72% 90 גר,גרמים,90.00,100 גרם,false,1,14.90,16.5556,true,1,125404
8690766156381,false,שוקולד גודיבה מריר מ,,,שוקולד גודיבה מריר מעולה 90% 90 גר,גרמים,90.00,100 גרם,false,1,14.90,16.5556,true,1,125405
8690766156404,false,שוקולד גודיבה מריר מ,,,שוקולד גודיבה מריר מעולה בטעם תפוז אדום,גרמים,90.00,100 גרם,false,1,14.90,16.5556,true,1,125403
8690766156411,false,שוקולד גודיבה מריר מ,,,שוקולד גודיבה מריר מעולה בטעם פלפל תות,גרמים,90.00,100 גרם,false,1,14.90,16.5556,true,1,125406
8690777203012,false,פלפל ירוק כבוש ללא ח,קורהאן,,פלפל ירוק כבוש ללא ח,גרמים,600.00,100 גרם,false,1,11.90,1.9833,true,1,42725
8690777204071,false,פלפל חריף 640 גר,קורהאן,,"פלפל חריף 640 גר""",גרמים,640.00,100 גרם,false,1,11.90,1.8594,true,1,42726
8690777221405,false,פלפל אדום קלוי על הא,קורהאן,,פלפל אדום קלוי על הא,גרמים,650.00,100 גרם,false,1,11.90,1.8308,true,1,42730
8690784516440,false,גל לניקוי מתקדם בניח,SC Jonson,,"דאק גל לניקוי מתקדם בניחוח לבנדר 750 מ""ל",מיליליטרים,750.00,"100 מ""ל",false,1,9.90,1.3200,true,1,112444
8690784611442,false,סבון אקטיבי דאק ניקו,,,סבון אקטיבי דאק ניקוי אסלה בניחוח הדרים,Unknown,0.00,Unknown,false,1,5.90,0.0000,true,1,125220
8690784614665,false,סבון דאק ניקוי אסלה,,,סבון דאק ניקוי אסלה בניחוח ים,Unknown,0.00,Unknown,false,1,5.90,0.0000,true,1,115686
8690784616775,false,ניקוי אסלה דאק אקווה,,,ניקוי אסלה דאק אקווה בלו 4 ב 1,Unknown,0.00,Unknown,false,12,7.90,0.0000,true,1,119019
8690784711777,false,סבון נוזלי אקטי דאק,,,סבון נוזלי אקטי דאק ניקוי אסלה בניחוח ים,Unknown,0.00,Unknown,false,1,5.90,0.0000,true,1,122169
8690792033779,false,ריבת אבטיח 700 גר,,,ריבת אבטיח 700 גר,גרמים,700.00,100 גרם,false,1,19.90,2.8429,true,1,140236
8690799020192,false,ממתק צורקחלה 80 גר,בוזטופרק גידה סאנאי,,ממתק צורקחלה 80 גר,גרמים,80.00,100 גרם,false,1,6.90,8.6250,true,1,97531
8690799021595,false,ריבת תות 1 קג,בוזטופרק גידה סאנאי,,"ריבת תות 1 ק""ג",קילוגרמים,1.00,"ק""ג",false,1,22.90,22.9000,true,1,48884
8690799021618,false,ריבת דובדבן 1 קג,בוזטופרק גידה סאנאי,,"ריבת דובדבן 1 ק""ג",קילוגרמים,1.00,"ק""ג",false,1,22.90,22.9000,true,1,48881
8690799021625,false,ריבת פירות יער 1 קג,בוזטופרק גידה סאנאי,,"ריבת פירות יער 1 ק""ג",קילוגרמים,1.00,"ק""ג",false,1,22.90,22.9000,true,1,48882
8690799021847,false,ריבת משמש 1 קג,בוזטופרק גידה סאנאי,,"ריבת משמש 1 ק""ג",קילוגרמים,1.00,"ק""ג",false,6,22.90,22.9000,true,1,72834
8690799021854,false,ריבת אוכמניות שחורות,בוזטופרק גידה סאנאי,,"ריבת אוכמניות 1 ק""ג",קילוגרמים,1.00,"ק""ג",false,6,22.90,22.9000,true,1,72833
8690799022875,false,ריבת שזיפים 1 קג,בוזטופרק גידה סאנאי,,"ריבת שזיפים 1 ק""ג",קילוגרמים,1.00,"ק""ג",false,6,22.90,22.9000,true,1,122179
8690799022899,false,ריבת תפוזים 1 קג,בוזטופרק גידה סאנאי,,"ריבת תפוזים 1 ק""ג",קילוגרמים,1.00,"ק""ג",false,6,22.90,22.9000,true,1,124393
8690799022905,false,ריבת אפרסק 1 קג,בוזטופרק גידה סאנאי,,"ריבת אפרסק 1 ק""ג",קילוגרמים,1.00,"ק""ג",false,6,22.90,22.9000,true,1,124392
8690799023018,false,ריבת דובדבנים לבנים,בוזטופרק גידה סאנאי,,ריבת דובדבנים לבנים 1 קג,קילוגרמים,1.00,"ק""ג",false,6,22.90,22.9000,true,1,129657
8690799023025,false,ריבת משמש עם תפוזים,בוזטופרק גידה סאנאי,,ריבת משמש עם תפוזים 1 קג,קילוגרמים,1.00,"ק""ג",false,6,22.90,22.9000,true,1,129658
8690799023216,false,ריבת תות שדה ודובדבן,,,ריבת תות שדה ודובדבן,Unknown,0.00,Unknown,false,1,22.90,0.0000,true,1,140069
8691058141238,false,ערמונים אבאל שלמים ק,,,ערמונים אבאל שלמים קלויים וקלופים 100 גר,גרמים,100.00,100 גרם,false,1,4.90,4.9000,true,1,112324
8691707036014,false,ממתק אוזמו ביצת הפתע,,,ממתק אוזמו ביצת הפתעה 20 גר,גרמים,20.00,100 גרם,false,1,4.90,24.5000,true,1,141705
8691707057149,false,ממתק אוזמו בורגר 40,,,ממתק אוזמו בורגר 40 גר,גרמים,40.00,100 גרם,false,1,3.90,9.7500,true,1,141700
8691707066035,false,ממתק אוזמו בורגר 40,,,ממתק אוזמו בורגר 40 גר,גרמים,40.00,100 גרם,false,1,3.90,9.7500,true,1,141699
8691707088006,false,ממתק אוזמו גו 30 גר,,,ממתק אוזמו גו 30 גר,גרמים,30.00,100 גרם,false,1,4.90,16.3333,true,1,141706
8691707140117,false,ממתק אוזמו הוקסי פוק,,,ממתק אוזמו הוקסי פוקסי 36 גר,גרמים,36.00,100 גרם,false,1,3.90,10.8333,true,1,141702
8691707190495,false,ממתק אוזמו ספייס פתי,,,ממתק אוזמו ספייס פתיתים 325 גר,גרמים,325.00,100 גרם,false,1,9.90,3.0462,true,1,141709
8691707590042,false,ממתק אוזמו טילון 3+1,,,ממתק אוזמו טילון 3+1 100 גר,גרמים,100.00,100 גרם,false,1,6.90,6.9000,true,1,141710
8693323099107,false,מרשמלו לבבות יוגטה 1,,,מרשמלו לבבות יוגטה 150 גר,גרמים,150.00,100 גרם,false,1,6.90,4.6000,true,1,136528
8693495051255,false,מברשות שיניים קולגיי,,,זוג מברשות שיניים קולגייט סלים סופט זהב,Unknown,0.00,Unknown,false,1,29.90,0.0000,true,1,109953
8693495052177,false,סבון נוזלי פלמוליב ז,,,"סבון נוזלי פלמוליב זיתים 750 מ""ל",מיליליטרים,750.00,"100 מ""ל",false,1,18.90,2.5200,true,1,112045
8693495052931,false,מברשות שיניים קולגיי,קולגייט פלמוליב,CN,זוג מברשות שיניים  קולגייט 360 אדוונס,Unknown,0.00,Unknown,false,12,29.90,0.0000,true,1,122037
8693638984723,false,קונפיטורה תות שדה 1,,,קונפיטורה תות שדה 1 קג,קילוגרמים,1.00,"ק""ג",false,1,19.90,19.9000,true,1,133124
8693638984730,false,קונפיטורה משמש 1 קג,,,קונפיטורה משמש 1 קג,קילוגרמים,1.00,"ק""ג",false,1,19.90,19.9000,true,1,133126
8693638984754,false,קונפיטורה דובדבנים 1,,,קונפיטורה דובדבנים 1 קג,קילוגרמים,1.00,"ק""ג",false,1,19.90,19.9000,true,1,133125
8693804012571,false,עלי בצק פילו טורקי י,,,עלי בצק פילו טורקי יופקה 800 גר,גרמים,800.00,100 גרם,false,1,24.90,3.1125,true,1,141341
8697040108975,false,סבון נוזלי אסותא להי,,,"סבון נוזלי אסותא להיגיינה אישית 400 מ""ל",מיליליטרים,400.00,"100 מ""ל",false,1,21.90,5.4750,true,1,102503
8697040108982,false,סבון נוזלי אסותא נשי,,,"סבון נוזלי אסותא נשי יום יומי  400 מ""ל",מיליליטרים,400.00,"100 מ""ל",false,1,21.90,5.4750,true,1,102504
8697040109323,false,סבון אסותא 100 גר,אטש סונמז,,סבון אסוטא 100 גר,גרמים,100.00,100 גרם,false,1,5.90,5.9000,true,1,97417
8697040109859,false,אסותא סבון נוזלי משא,,,אסותא סבון נוזלי 1 ל משאבה סגול,ליטרים,1.00,ליטר,false,12,9.90,9.9000,true,1,130344
8697040109873,false,אסותא סבון נוזלי משא,,,אסותא סבון נוזלי 1 ל משאבה כחול,ליטרים,1.00,ליטר,false,12,9.90,9.9000,true,1,130346
8697040109880,false,אסותא סבון נוזלי משא,,,אסותא סבון נוזלי 1 ל משאבה כתום,ליטרים,1.00,ליטר,false,12,9.90,9.9000,true,1,130347
8697040109897,false,אסותא סבון נוזלי משא,,,אסותא סבון נוזלי 1 ל משאבה צהוב,ליטרים,1.00,ליטר,false,12,9.90,9.9000,true,1,130348
8697040109903,false,אסותא גל רחצה אלוורה,,,אסותא גל רחצה אלוורה 700 מל,מיליליטרים,700.00,"100 מ""ל",false,12,10.90,1.5571,true,1,130349
8697040109927,false,אסותא גל רחצה שוקולד,,,אסותא גל רחצה שוקולד 700 מל,מיליליטרים,700.00,"100 מ""ל",false,12,10.90,1.5571,true,1,130351
8697040109934,false,אסותא גל רחצה קוקוס,,,אסותא גל רחצה קוקוס 700 מל,מיליליטרים,700.00,"100 מ""ל",false,12,10.90,1.5571,true,1,130352
8697040109941,false,אסותא גל רחצה ורדים,,,אסותא גל רחצה ורדים 700 מל,מיליליטרים,700.00,"100 מ""ל",false,12,10.90,1.5571,true,1,130353
8697040110039,false,גל רחצה גבר מנטה אסו,,,גל רחצה גבר מנטה אסותא 700 מל,מיליליטרים,700.00,"100 מ""ל",false,1,10.90,1.5571,true,1,134947
8697040110046,false,גל רחצה גבר מנטה ותה,,,גל רחצה גבר מנטה ותה אסותא 700 מל,מיליליטרים,700.00,"100 מ""ל",false,1,10.90,1.5571,true,1,134948
8697040110053,false,גל רחצה שקדים אסותא,,,גל רחצה שקדים אסותא 700 מל,מיליליטרים,700.00,"100 מ""ל",false,1,10.90,1.5571,true,1,134949
8697418280111,false,עלי טורטייה 840 גר,,,"עלי טורטייה 840 ג""ר",גרמים,840.00,100 גרם,false,1,22.90,2.7262,true,1,93371
8697420671747,false,זית ירוק מגולען צרוב,,,זית ירוק מגולען צרוב בעשבי תיבול 400 גר,גרמים,400.00,100 גרם,false,12,31.90,7.9750,true,1,138215
8697431460064,false,קונפיטורת משמש 70% 4,Barhan gida sanayi v,,קונפיטורת משמש 70%,גרמים,450.00,100 גרם,false,1,12.90,2.8667,true,1,46079
8697431460217,false,קונפיטורת תפוזים 70%,Barhan gida sanayi v,,קונפיטורת תפוזים 70%,גרמים,450.00,100 גרם,false,1,12.90,2.8667,true,1,46081
8697431460378,false,קונפיטורה שזיפים 70%,Barhan gida sanayi v,,קונפיטורה שזיפים 70%,גרמים,450.00,100 גרם,false,1,12.90,2.8667,true,1,46084
8697431921701,false,קונפיטורה תות שדה פר,Barhan gida sanayi v,,קונפיטורה תות70%,גרמים,450.00,100 גרם,false,1,12.90,2.8667,true,1,77592
8697431921718,false,קונפיטורה דובדבן 70%,Barhan gida sanayi v,,קונפיטורה דובדבן70%,גרמים,450.00,100 גרם,false,1,12.90,2.8667,true,1,77588
8697431925143,false,קונפיטורה פירות יער,Barhan gida sanayi v,,קונפיטורה פירות יער 450 גר,גרמים,450.00,100 גרם,false,1,12.90,2.8667,true,1,77700
8697530910743,false,פאל מאל כחול,,,פאל מאל כחול,Unknown,0.00,Unknown,false,1,30.00,0.0000,false,1,46104
8697530910750,false,פאל מאל כחול ארוך,,,פאל מאל כחול ארוך,Unknown,0.00,Unknown,false,1,30.00,0.0000,false,1,46105
8697530910781,false,פאל מאל אדום,,,פאל מאל אדום,Unknown,0.00,Unknown,false,1,30.00,0.0000,false,1,46108
8697659224042,false,מטהר אוויר אושן 400,אטאק,,"מטהר אוויר אושן 400 מ""ל",מיליליטרים,400.00,"100 מ""ל",false,1,10.90,2.7250,true,1,106082
8697659224066,false,מטהר אוויר טרופיקל 4,אטאק,,"מטהר אוויר טרופיקל 400 מ""ל",מיליליטרים,400.00,"100 מ""ל",false,1,10.90,2.7250,true,1,106083
8697659225179,false,מטהר אוויר עלי נענע,ATAK,,"מטהר אוויר עלי נענע פירות יער 250 מ""ל",מיליליטרים,250.00,"100 מ""ל",false,1,12.90,5.1600,true,1,108376
8697659225186,false,מטהר אוויר יעקובי מש,ATAK,,"מטהר אוויר יעקובי משב הכותנה 250 מ""ל",מיליליטרים,250.00,"100 מ""ל",false,1,12.90,5.1600,true,1,108374
8697659229818,false,מטהר אוויר יעקובי פר,ATAK,,מטהר אוויר יעקובי פרש מור פטל ותאנה,מיליליטרים,250.00,"100 מ""ל",false,1,12.90,5.1600,true,1,116674
8697659229825,false,מטהר אוויר יעקובי פר,ATAK,,מטהר אוויר יעקובי פרש מור וניל וסחלב 250,מיליליטרים,250.00,"100 מ""ל",false,1,12.90,5.1600,true,1,116675
8697659229832,false,מטהר אוויר יעקובי פר,ATAK,,מטהר אוויר יעקובי פרש מור וניל ועץ פראי,מיליליטרים,250.00,"100 מ""ל",false,1,12.90,5.1600,true,1,116676
8697659238100,false,מטהר אוויר יעקובי פר,,,מטהר אוויר יעקובי פרש מור הכוכב הסגול,מיליליטרים,400.00,"100 מ""ל",false,1,19.90,4.9750,true,1,124937
8697659238117,false,מטהר אוויר יעקובי פר,,,מטהר אוויר יעקובי פרש מור הכוכב הצהוב,מיליליטרים,400.00,"100 מ""ל",false,1,19.90,4.9750,true,1,124938
8697659238124,false,מטהר אוויר יעקובי פר,,,מטהר אוויר יעקובי פרש מור הכוכב האדום,מיליליטרים,400.00,"100 מ""ל",false,1,19.90,4.9750,true,1,124939
8697659243180,false,מטהר אוויר פרש מור ו,רלוי,,מטהר אוויר פרש מור ורדים 300 מל,מיליליטרים,300.00,"100 מ""ל",false,1,11.90,3.9667,true,1,134608
8697659244385,false,מילוי מטהר אוויר בני,,,מילוי מטהר אוויר בניחוח ורדים אסותא,Unknown,0.00,Unknown,false,1,8.90,0.0000,true,1,134963
8697659244408,false,מילוי מטהר אוויר בני,,,מילוי מטהר אוויר בניחוח יסמין אסותא,Unknown,0.00,Unknown,false,1,8.90,0.0000,true,1,134964
8697659244453,false,מילוי מטהר אוויר אנט,,,מילוי מטהר אוויר אנטי טבק אסותא,Unknown,0.00,Unknown,false,1,8.90,0.0000,true,1,134969
8697826469092,false,טורטיות ראפ בקוטר 20,,,"טורטיות ראפ בקוטר 20 ס""מ 45 גר",גרמים,540.00,100 גרם,false,1,8.90,1.6481,true,1,118470
8698313596635,false,גלידה שמנת עם חתיכות,,,גלידה שמנת עם חתיכות פיסטוק 500 מל,מיליליטרים,500.00,"100 מ""ל",false,1,26.90,5.3800,true,1,128531
8698313596659,false,גלידה שמנת בטעם פיסט,,,גלידה שמנת בטעם פיסטוק 500 מל,מיליליטרים,500.00,"100 מ""ל",false,1,26.90,5.3800,true,1,128530
8699141054595,false,אוזמו האפי 37.5 גר,,,אוזמו האפי 37.5 גר,גרמים,38.00,100 גרם,false,1,1.90,5.0000,true,1,141721
8699250035041,false,זית שחור יבש 700 גר,,,זית שחור יבש 700 גר,גרמים,700.00,100 גרם,false,1,19.90,2.8429,true,1,113683
8710243962400,true,גבינת קרם אולד אמסטר,,,קרם אולד אמסטרדם אפור 125 גר,גרמים,125.00,100 גרם,false,,23.90,19.1200,true,1,131424
8710418111213,false,עוגיות טעם חמאה ספרי,CONTINENTAL BAKERIES,,עוגיות טעם חמאה ספריטס 400 גר,גרמים,400.00,100 גרם,false,1,9.90,2.4750,true,1,46162
8710447211052,false,שמפו טרזמה בוטניק 40,יוניליוור,PL,"שמפו טרזמה בוטניק 400 מ""ל",מיליליטרים,400.00,"100 מ""ל",false,6,15.90,3.9750,true,1,119823
8710447224311,false,מרכך טרזמה בוטניק 40,יוניליוור,PL,"מרכך טרזמה בוטניק 400 מ""ל",מיליליטרים,400.00,"100 מ""ל",false,6,15.90,3.9750,true,1,119825
8710447224342,false,שמפו טרזמה קרטין 400,יוניליוור,PL,"שמפו טרזמה קרטין 400 מ""ל",מיליליטרים,400.00,"100 מ""ל",false,1,15.90,3.9750,true,1,119822
8710447224366,false,מרכך טרזמה קרטין 400,יוניליוור,PL,"מרכך טרזמה קרטין 400 מ""ל",מיליליטרים,400.00,"100 מ""ל",false,6,15.90,3.9750,true,1,119824
8710448580089,false,מיונז לחיץ רמייה 500,,,"מיונז לחיץ רמייה 500 מ""ל",מיליליטרים,500.00,"100 מ""ל",false,1,12.90,2.5800,true,1,125866
8710448588733,false,רוטב לסלט עשבי תיבול,,,רוטב לסלט עשבי תיבול רמייה 500 גר,גרמים,500.00,100 גרם,false,1,12.90,2.5800,true,1,125881
8710448588764,false,רוטב לסלט עשבי תיבול,,,רוטב לסלט עשבי תיבול רמייה 500 גר,גרמים,500.00,100 גרם,false,1,12.90,2.5800,true,1,128536
8710448588771,false,רוטב איטלקי לסלט רמי,וואן האוטן,,"רוטב איטלקי לסלט רמייה 500 מ""ל",מיליליטרים,500.00,"100 מ""ל",false,1,12.90,2.5800,true,1,125880
8710448595106,false,רוטב בלסמי תפוע רמיי,,,"רוטב בלסמי תפו""ע רמייה 250 מל",מיליליטרים,250.00,"100 מ""ל",false,1,10.90,4.3600,true,1,132551
8710448634331,false,מיונז ללא ביצים טבעו,,,מיונז ללא ביצים טבעוני רמייה 350 גר,גרמים,350.00,100 גרם,false,1,12.90,3.6857,true,1,125885
8710448692744,false,קטשופ קארי קטן רמיה,,,קטשופ קארי קטן רמיה 300 מל,מיליליטרים,300.00,"100 מ""ל",false,1,8.90,2.9667,true,1,132547
8710488190439,false,כרוב כבוש הולנד 850,,,כרוב כבוש הולנד 850 גר,גרמים,850.00,100 גרם,false,1,14.90,1.7529,true,1,132570
8710502060021,false,עוגיות מרבה פטיסרי ד,,GR,עוגיות מרבה פטיסרי דאבל שוקולד 200 גר,גרמים,210.00,100 גרם,false,1,10.90,5.1905,true,1,140104
8710502064814,false,עוגיות מרבה שוקולד צ,Merba BV,,עוגיות מרבה שוקולד ציפס במרקם רך,גרמים,175.00,100 גרם,false,1,8.90,5.0857,true,1,103377
8710502100864,false,עוגיות מרבה פטיסרי מ,,GR,עוגיות מרבה פטיסרי מאפין רכות 210 גר,גרמים,200.00,100 גרם,false,1,10.90,5.4500,true,1,140105
8710502139017,false,עוגיות מרבה טריפל שו,Merba BV,,"עוגיות מרבה""טריפל שוקולד צ""יפס 180 גר",גרמים,180.00,100 גרם,false,1,8.90,4.9444,true,1,53349
8710502194801,false,עוגיות מרבה שוקולד צ,מרבה,,עוגיות מרבה שוקולד ציפס פירות יער 175 גר,מיליליטרים,175.00,"100 מ""ל",false,1,8.90,5.0857,true,1,102181
8710502279003,false,עוגיות מרבה פטיסרי ב,,GR,עוגיות מרבה פטיסרי במילוי קרם אגוזים 200,גרמים,200.00,100 גרם,false,1,10.90,5.4500,true,1,140106
8710502405204,false,עוגיות מרבה ממולאות,Merba BV,,"עוגיות ""מרבה"" ממולאות קרם שוקולד 225 גר",גרמים,175.00,100 גרם,false,1,8.90,5.0857,true,1,73335
8710502470028,false,עוגיות מרבה נוגטלי 1,Merba BV,,עוגיות מרבה נוגטלי 225 גר,גרמים,160.00,100 גרם,false,1,8.90,5.5625,true,1,71896
8710625282164,false,קוקטייל פור טו פינה,team products,,קוקטייל פור טו פינה קולדה 700מל,מיליליטרים,700.00,"100 מ""ל",false,1,59.90,8.5571,true,1,75489
8710800027573,false,מיני מנטוס שקית 178,,,מיני מנטוס שקית,גרמים,178.00,100 גרם,false,1,14.90,8.3708,true,1,46184
8710800961310,false,מנטוס תות רביעייה 15,,,מנטוס תות 1/4,גרמים,150.00,100 גרם,false,1,9.90,6.6000,true,1,46185
8710847860829,false,דאודורנט רקסונה רולא,יוניליוור,,דאודורנט  רקסונה רולאון כותנה 50 מל,מיליליטרים,50.00,"100 מ""ל",false,1,11.90,23.8000,true,1,127263
8710908326691,false,תחליב רחצה דאב אדמונ,,,"תחליב רחצה דאב אדמונית 750 מ""ל",מיליליטרים,750.00,"100 מ""ל",false,1,19.90,2.6533,true,1,100041
8710912637493,false,גבינה מעושן קטן 200,פריזלנד,,גבינה מעושן קטן 200 גר,גרמים,200.00,100 גרם,false,1,24.90,12.4500,true,1,51929
8711000360606,false,קפסולות קפה לור אספר,JDE,FR,קפסולות קפה לור אספרסו רוז 10 יח,Unknown,0.00,Unknown,false,10,19.90,0.0000,true,1,127186
8711000362570,false,קפסולות קפה לור אספר,JDE,FR,קפסולות קפה לור אספרסו פורזה 10 יח,Unknown,0.00,Unknown,false,10,19.90,0.0000,true,1,116906
8711000362617,false,קפסולות קפה לור אספר,JDE,FR,קפסולות קפה לור אספרסו לונגו 10 יח,Unknown,0.00,Unknown,false,10,19.90,0.0000,true,1,116908
8711000362631,false,קפסולות קפה לור אספר,JDE,FR,קפסולות קפה לור אספרסו אוניקס 10 יח,Unknown,0.00,Unknown,false,10,19.90,0.0000,true,1,116904
8711000362679,false,קפסולות קפה לור אספר,JDE,FR,קפסולות קפה לור אספרסו קולומביה 10 יח,Unknown,0.00,Unknown,false,8,19.90,0.0000,true,1,122132
8711000362747,false,קפסולות קפה לור אספר,JDE,FR,קפסולות קפה לור אספרסו ריסטרטו 10 יח,Unknown,0.00,Unknown,false,10,19.90,0.0000,true,1,116905
8711000371176,false,קפסולות קפה גייקובס,JDE,FR,קפסולות קפה גייקובס אספרסו קלאסיקו 52 ג,גרמים,52.00,100 גרם,false,10,14.90,28.6538,true,1,118775
8711000371183,false,קפסולות קפה גייקובס,JDE,FR,קפסולות קפה גייקובס אספרסו אינטנסו 52 ג,גרמים,52.00,100 גרם,false,10,14.90,28.6538,true,1,118776
8711000371206,false,קפסולות קפה גייקובס,JDE,FR,קפסולות קפה גייקובס אספרסו ריסטרטו 52 ג,גרמים,52.00,100 גרם,false,10,14.90,28.6538,true,1,118777
8711000371244,false,קפסולות קפה גייקובס,JDE,FR,קפסולות קפה לור אספרסו לונגו 10 יח,Unknown,0.00,Unknown,false,10,14.90,0.0000,true,1,125241
8711000397466,false,קפסולות קפה לור אספר,JDE,FR,קפסולות קפה לור אספרסו נטול קפאין 52 גר,גרמים,52.00,100 גרם,false,10,19.90,38.2692,true,1,118769
8711000431108,false,קפסולות קפה לור אספר,JDE,FR,קפסולות קפה לור אספרסו הודו 10 יח,Unknown,0.00,Unknown,false,10,19.90,0.0000,true,1,122134
8711000471296,false,קפסולות קפה לור אספר,JDE,FR,קפסולות קפה לור אספרסו אולטימו 10 יח,Unknown,0.00,Unknown,false,10,19.90,0.0000,true,1,127184
8711000472040,false,קפסולות קפה גייקובס,JDE,FR,קפסולות קפה גייקובס אספרסו סלקשיין,גרמים,52.00,100 גרם,false,10,14.90,28.6538,true,1,134649
8711000495933,false,קפסולות קפה גייקובס,JDE,FR,קפסולות קפה גייקובס בריסטה קלייה כהה 52,גרמים,52.00,100 גרם,false,10,16.90,32.5000,true,1,140941
8711000497050,false,קפסולות קפה גייקובס,JDE,FR,קפסולות קפה גייקובס בריסטה קולומביה 52 ג,גרמים,52.00,100 גרם,false,10,16.90,32.5000,true,1,140940
8711200443789,false,חרדל גרגרים בקבוק לח,,FR,"חרדל גרגרים בקבוק לחיץ 235 מ""ל",גרמים,240.00,100 גרם,false,1,16.90,7.0417,true,1,120384
8711200443802,false,חרדל דיזון בקבוק לחי,,FR,"חרדל דיזון בקבוק לחיץ 235 מ""ל",מיליליטרים,235.00,"100 מ""ל",false,1,16.90,7.1915,true,1,120383
8711327422162,false,מיונז לציפס לחיץ קאל,,,מיונז לציפס לחיץ קאלווה 430 מל,מיליליטרים,430.00,"100 מ""ל",false,1,19.90,4.6279,true,1,135551
8711327475663,false,מגנום פיינט וניל שוק,,,מגנום פיינט וניל שוקולד לבן 440 מל,מיליליטרים,440.00,"100 מ""ל",false,1,21.90,4.9773,true,1,131642
8711700665834,false,סבון מוצק דאב מלפפונ,יוניליוור גרמניה (בו,,סבון מוצק דאב מלפפונים שישייה,יחידה,1.00,יחידה,false,1,19.90,19.9000,true,1,47791
8712000050146,false,בירה היינקן 0% אלכוה,,,"בירה היינקן 330 מ""ל",מיליליטרים,330.00,"100 מ""ל",false,1,5.90,1.7879,true,1,113855
8712000051099,false,בירה היינקן 0% 330 מ,,,"בירה היינקן 0%330 מ""ל שישייה",מיליליטרים,1980.00,"100 מ""ל",false,1,32.90,1.6616,true,1,113180
8712400802499,false,נוטרילון שלב 1 800 ג,,,נוטרילון שלב 1 800 גר,גרמים,800.00,100 גרם,false,1,69.90,8.7375,true,1,108237
8712400802512,false,נוטרילון שלב 2 800 ג,,,נוטרילון שלב 2 800 גר,גרמים,800.00,100 גרם,false,1,69.90,8.7375,true,1,108238
8712400802536,false,נוטרילון שלב 3 800 ג,,,נוטרילון שלב 3 800 גר,גרמים,800.00,100 גרם,false,1,69.90,8.7375,true,1,108239
8712561594608,false,תחליב רחצה דאב להזנה,,,"תחליב רחצה דאב להזנה עמוקה  750 מ""ל",מיליליטרים,750.00,"100 מ""ל",false,1,19.90,2.6533,true,1,96130
8712561611411,false,תחליב רחצה דאב תה יר,,,"תחליב רחצה דאב תה ירוק ומלפפון 750 מ""ל",מיליליטרים,750.00,"100 מ""ל",false,1,19.90,2.6533,true,1,96131
8712561626286,false,תחליב רחצה דאב זוהר,,,"תחליב רחצה דאב זוהר כמשי 750 מ""ל",מיליליטרים,750.00,"100 מ""ל",false,1,19.90,2.6533,true,1,96132
8712561631570,false,תחליב רחצה דאב חלב ק,,,"תחליב רחצה דאב חלב קוקוס 750 מ""ל",מיליליטרים,750.00,"100 מ""ל",false,1,19.90,2.6533,true,1,96133
8713323093490,true,אדם הולנדי ירוק פרוס,,,אדם הולנדי ירוק פרוס 150 גר,גרמים,150.00,100 גרם,false,,15.90,10.6000,true,1,131426
8713323093506,true,מאסדם הולנדי כחול פר,,,מאסדם הולנדי כחול פרוס 150 גר,גרמים,150.00,100 גרם,false,,15.90,10.6000,true,1,131428
8714599104316,false,קפה שחור גייקובס קלו,,,קפה שחור גייקובס קלוי וטחון טורקי 200 גר,גרמים,200.00,100 גרם,false,1,16.90,8.4500,true,1,124698
8714599410530,false,קפה גייקובס קרוננג ש,JDE,,קפה גייקובס קרוננג שקית 200 גר,גרמים,200.00,100 גרם,false,1,21.90,10.9500,true,1,109938
8714599410578,false,קפה גייקובס גולד 47.,,,קפה גייקובס גולד 47.5 גר,גרמים,48.00,100 גרם,false,1,7.90,16.4583,true,1,131818
8714599410806,false,קפה גייקובס קרוננג ר,JDE,RU,קפה גייקובס קרוננג ריפיל 160 גר עם סרירה,גרמים,160.00,100 גרם,false,9,19.90,12.4375,true,1,118774
8714599412220,false,קפה גייקובס וולווט מ,,,קפה גייקובס וולווט מיובש בהקפאה 95 גר,גרמים,95.00,100 גרם,false,1,17.90,18.8421,true,1,133140
8714599412336,false,קפה גייקובס בריסטה 1,,,קפה גייקובס בריסטה 160 גר,גרמים,160.00,100 גרם,false,1,27.90,17.4375,true,1,134645
8714599513781,false,גייקובס גולד מיובש ב,,,"יעקובס גולד מיובש בהקפאה 200 גר כשל""פ",גרמים,200.00,100 גרם,false,1,24.90,12.4500,true,1,99050
8714599513828,false,קפה גייקובס קרוננג מ,,,קפה גייקובס גולד צנצנת 47.5 גר,גרמים,48.00,100 גרם,false,1,7.90,16.4583,true,1,131757
8714599513866,false,גייקובס קרוננג מיובש,,,"יעקובס קרוננג מיובש בהקפאה 200 גר כשל""פ",גרמים,200.00,100 גרם,false,1,26.90,13.4500,true,1,99049
8714789303925,false,מברשת שיניים סנסטיב,CP- China-SH,,"מברשת שיניים ""קולגיי",Unknown,0.00,Unknown,false,1,29.90,0.0000,true,1,46268
8714789402918,false,נוזל לניקוי כללי פרח,Colgate - Greece,,נוזל לניקוי כללי פרחים אדומים 1.5 ל,ליטרים,1.50,ליטר,false,1,17.90,11.9333,true,1,46271
8714789450315,false,נוזל כלים פלמוליב לי,Colgate - Greece,,נוזל כלים פלמוליב לימון 1.5ל,ליטרים,1.50,ליטר,false,1,14.90,9.9333,true,1,79141
8714789834467,false,נוזל כלים פלמוליב קל,Colgate - Greece,,נוזל כלים פלמוליב קלאסי 1.5ל,ליטרים,1.50,ליטר,false,1,14.90,9.9333,true,1,79140
8714789930848,false,משחת שיניים קולגייט,CP-Poland swidnica,,"משחת שיניים ""קולגייט"" אופטיק וייט 75 מל",מיליליטרים,75.00,"100 מ""ל",false,1,19.90,26.5333,true,1,77584
8715035150300,false,רוטב סויה קיקומן ללא,,NL,"רוטב סויה קיקומן ללא גלוטן 250 מ""ל",מיליליטרים,250.00,"100 מ""ל",false,6,19.90,7.9600,true,1,116333
8715700110141,false,ממרח היינץ צנצנת 460,היינץ,,ממרח היינץ צנצנת 460 גר,גרמים,460.00,100 גרם,false,1,11.90,2.5870,true,1,111038
8715700110158,false,ממרח היינץ לייט צנצנ,היינץ,,ממרח היינץ לייט  צנצנת 490 גר,גרמים,490.00,100 גרם,false,1,11.90,2.4286,true,1,111039
8715700115641,false,היינץ ממרח במרקם קרמ,היינץ,,היינץ ממרח במרקם קרמי 420 גר,גרמים,420.00,100 גרם,false,1,14.90,3.5476,true,1,108586
8715700117805,false,מתבל עגבניות היינץ ל,היינץ,NL,"מתבל עגבניות היינץ ללא סוכר ומלח 425 מ""ל",מיליליטרים,425.00,"100 מ""ל",false,10,9.90,2.3294,true,1,126171
8715700118789,false,מיונז טבעוני היינץ 3,,,מיונז טבעוני היינץ 390 גר,גרמים,390.00,100 גרם,false,10,19.90,5.1026,true,1,137518
8715700120874,false,קטשופ היינץ שום 460,,,קטשופ היינץ שום 460 גר,גרמים,460.00,100 גרם,false,1,9.90,2.1522,true,1,134646
8715700419695,false,רוטב היינץ ברביקיו מ,,,רוטב היינץ ברביקיו מתוק 500 גר,גרמים,500.00,100 גרם,false,1,16.90,3.3800,true,1,111036
8715700419732,false,קטשופ היינץ 700 גר,,,קטשופ היינץ 700 גר,גרמים,700.00,100 גרם,false,1,9.90,1.4143,true,1,75884
8715700421032,false,ממרח סנדוויץ טבעי הי,,,ממרח סנדוויץ טבעי היינץ 300 גר,גרמים,300.00,100 גרם,false,1,15.90,5.3000,true,1,125875
8715700421322,false,רוטב היינץ ברביקיו צ,,,רוטב היינץ ברביקיו צילי 490 גר,גרמים,490.00,100 גרם,false,1,16.90,3.4490,true,1,111035
8715700422473,false,ממרח היינץ לחיץ 395,היינץ,,ממרח היינץ לחיץ 395 גר,גרמים,395.00,100 גרם,false,1,14.90,3.7722,true,1,104411
8715700423906,false,מתבל עגבניות היינץ 5,היינץ,,מתבל עגבניות היינץ 50% פחות סוכר 555 גר,גרמים,555.00,100 גרם,false,1,9.90,1.7838,true,1,112993
8717038900562,false,וודקה פורטי 750 מל כ,,,"וודקה פורטי 750 מ""ל כשל""פ",מיליליטרים,750.00,"100 מ""ל",false,1,89.90,11.9867,true,1,99766
8717163647226,false,דאו ספריי אקס בלאק 1,יוניליוור,GB,"דאו ספריי אקס בלאק 150 מ""ל",מיליליטרים,150.00,"100 מ""ל",false,6,14.90,9.9333,true,1,122074
8717163647240,false,דאודורנט אקס ספריי ש,יוניליוור,GB,"דאודורנט אקס ספריי שוקולד150 מ""ל",מיליליטרים,150.00,"100 מ""ל",false,6,11.90,7.9333,true,1,122075
8717163647257,false,דאודורנט אקס ספריי ג,יוניליוור,,דאודורנט  אקס ספריי גולד 150 מל,מיליליטרים,150.00,"100 מ""ל",false,1,11.90,7.9333,true,1,127261
8717163647264,false,דאו אקס אייס צילי ספ,יוניליוור,GB,"דאו אקס אייס צילי ספריי לגבר 150 מ""ל",מיליליטרים,150.00,"100 מ""ל",false,6,14.90,9.9333,true,1,121271
8717163647301,false,דאודורנט אקס ספריי ג,אקס,GB,"דאודורנט אקס ספריי גולד150 מ""ל",מיליליטרים,150.00,"100 מ""ל",false,6,14.90,9.9333,true,1,121247
8717163655825,false,דאודורנט רקסונה ספרי,יוניליוור,,דאודורנט  רקסונה ספריי כותנה 150 מל,מיליליטרים,150.00,"100 מ""ל",false,1,11.90,7.9333,true,1,127260
8717545620236,true,גבינה אולד אמסטרדם י,,,גבינה אולד אמסטרדם ירוק פרוס 150 גר,גרמים,150.00,100 גרם,false,,29.90,19.9333,true,1,131421
8717677336593,false,שוקולד חלב טוניס 180,,,שוקולד חלב טוניס 180 גר,גרמים,180.00,100 גרם,false,1,19.90,11.0556,true,1,138644
8717677336616,false,שוקולד מריר שקדים ומ,,,שוקולד מריר שקדים ומלח טוניס 180 גר,גרמים,180.00,100 גרם,false,1,19.90,11.0556,true,1,138648
8717677336630,false,שוקולד חלב עם שקדים,,,שוקולד חלב עם שקדים ודבש טוניס 180 גר,גרמים,180.00,100 גרם,false,1,19.90,11.0556,true,1,138646
8717677336661,false,שוקולד מריר טוניס 18,,,שוקולד מריר טוניס 180 גר,גרמים,180.00,100 גרם,false,1,19.90,11.0556,true,1,138647
8717677338436,false,שוקולד חלב עם אגוזי,,,שוקולד חלב עם אגוזי לוז טוניס 180 גר,גרמים,180.00,100 גרם,false,1,19.90,11.0556,true,1,138645
8718053512112,true,גאודה עיזים כתום הול,,,גאודה עיזים כתום הולנדי פרוס 150 גר,גרמים,150.00,100 גרם,false,,24.90,16.6000,true,1,131425
8718104900028,false,בירה רואיל דאצ 12% פ,,,"בירה רואיל דאצ 12% פח 500 מ""ל",מיליליטרים,500.00,"100 מ""ל",false,1,8.90,1.7800,true,1,112259
8718104903159,false,בירה רואיל דאצ 14% פ,,,"בירה רואיל דאצ 14% פח 500 מ""ל",מיליליטרים,500.00,"100 מ""ל",false,1,9.90,1.9800,true,1,112260
8718104903326,false,בירה רואיל דאצ 16% פ,,,"בירה רואיל דאצ 16% פח 500 מ""ל",מיליליטרים,500.00,"100 מ""ל",false,1,10.90,2.1800,true,1,112261
8718114734484,false,מיונז מיילי 320 גר,,,מיונז מיילי 320 גר,גרמים,320.00,100 גרם,false,1,18.90,5.9062,true,1,112723
8718692610835,false,בקבוקי 1 ל רב פעמי ל,,,שלישיית בקבוקים 1 ל,Unknown,0.00,Unknown,false,1,49.90,0.0000,true,1,100976
8718700495515,true,בסגנון צדר פרוס 150,,,בסגנון צדר פרוס 150 גר,גרמים,150.00,100 גרם,false,1,8.90,5.9333,true,1,114742
8718700495522,true,בסגנון גאודה פרוס 15,,,בסגנון גאודה פרוס 150 גר,גרמים,150.00,100 גרם,false,1,8.90,5.9333,true,1,115887
8718951001589,false,מסיר שומנים אגקס למט,קולגייט פלמוליב,,"מסיר שומנים אגקס למטבח 600 מ""ל",מיליליטרים,600.00,"100 מ""ל",false,1,12.80,2.1333,true,1,96344
8718951001596,false,ספריי אגקס לאמבטיה 6,קולגייט פלמוליב,,"ספריי אגקס לאמבטיה 600 מ""ל",מיליליטרים,600.00,"100 מ""ל",false,1,12.80,2.1333,true,1,96345
8718951079205,false,מש שיניים קולגייט סנ,,,מש שיניים קולגייט סנסיטיב פרו ריליף רפיר,מיליליטרים,75.00,"100 מ""ל",false,1,19.90,26.5333,true,1,107342
8718951160897,false,אקונומיקה אגקס אופטי,,,"אקונומיקה אגקס אופטימל 7 500 מ""ל",מיליליטרים,500.00,"100 מ""ל",false,1,12.80,2.5600,true,1,108763
8718951166288,false,משחת שיניים קולגייט,CP-Poland swidnica,PL,"משחת שיניים קולגייט מקס וייט  125 מ""ל",מיליליטרים,125.00,"100 מ""ל",false,12,16.90,13.5200,true,1,118139
8718951166561,false,משחת שיניים קולגייט,CP-Poland swidnica,PL,"משחת שיניים קולגייט מקס פרש כחול 125 מ""ל",מיליליטרים,125.00,"100 מ""ל",false,12,16.90,13.5200,true,1,118138
8718951170445,false,משחת שיניים לילדים ק,,,"משחת שיניים לילדים קולגייט סמיילס 50 מ""ל",מיליליטרים,50.00,"100 מ""ל",false,1,9.80,19.6000,true,1,113598
8718951176874,false,מי פה קולגייט מיניון,,,מי פה קולגייט מיניון 250 מל,מיליליטרים,250.00,"100 מ""ל",false,1,14.90,5.9600,true,1,134701
8718951236790,false,משחת שיניים קולגייט,,,משחת שיניים קולגייט קלין מינט לפה בריא י,מיליליטרים,100.00,"100 מ""ל",false,48,15.90,15.9000,true,1,119101
8718951236806,false,משחת שיניים מסייעת ב,,,משחת שיניים סמסייעת בהסרת כתמים משטח שן,מיליליטרים,100.00,"100 מ""ל",false,48,15.90,15.9000,true,1,119100
8718951240742,false,משחת שיניים קולגייט,,,משחת שיניים קולגייט פסים מרעננים לפה ברי,מיליליטרים,100.00,"100 מ""ל",false,48,15.90,15.9000,true,1,119102
8718951264618,false,מ שיניים קולגייט אופ,CP-Poland swidnica,PL,מ שיניים קולגייט אופטיק וויטן פחם פעיל,מיליליטרים,75.00,"100 מ""ל",false,48,27.90,37.2000,true,1,127252
8718951289833,false,סבון מוצק פלמוליב לו,,,סבון מוצק פלמוליב לומינוס רביעייה,גרמים,360.00,100 גרם,false,18,15.90,4.4167,true,1,124872
8718951314009,false,תחליב רחצה פלמוליב נ,,,תחליב רחצה פלמוליב נטורלס פטל שחור 750מל,מיליליטרים,750.00,"100 מ""ל",false,1,18.90,2.5200,true,1,136750
8718951314023,false,תחליב רחצה פלמוליב נ,,,תחליב רחצה פלמוליב נטורלס אפרסק 750 מל,מיליליטרים,750.00,"100 מ""ל",false,1,18.90,2.5200,true,1,136751
8718951315303,false,משחת שיניים עם פלואו,,,משחת שיניים קולגייט זוג,Unknown,0.00,Unknown,false,1,19.90,0.0000,true,1,127711
8718951319806,false,גל רחצה ושמפו מרענן,CP - Turkey+60,TR,"גל רחצה ושמפו מרענן פלמוליב לגבר 750 מ""ל",מיליליטרים,750.00,"100 מ""ל",false,12,18.90,2.5200,true,1,126213
8718951329270,false,ספיד סטיק ספריי פליי,,RU,ספיד סטיק ספריי פליי,מיליליטרים,150.00,"100 מ""ל",false,12,14.90,9.9333,true,1,128274
8718951333048,false,סבון ידיים פלמוליב ל,,,סבון ידיים פלמוליב למטבח 300 מל,מיליליטרים,300.00,"100 מ""ל",false,1,10.90,3.6333,true,1,132360
8718951334090,false,מרכך כביסה סופלין מר,,GR,מרכך כביסה סופלין מרוכז כחול 650 מל,מיליליטרים,650.00,"100 מ""ל",false,12,10.90,1.6769,true,1,129699
8718951334151,false,מרכך כביסה סופלין מר,,GR,מרכך כביסה סופלין מרוכז היפואלרגני 650 מ,מיליליטרים,650.00,"100 מ""ל",false,12,10.90,1.6769,true,1,140100
8718951338128,false,ליידי ספיד סטיק רול,Colgate - Mexico,,ליידי ספיד סטיק רול און שאוור פרש 50 מל,מיליליטרים,50.00,"100 מ""ל",false,1,13.80,27.6000,true,1,134661
8718951365865,false,מברשות שיניים קולגיי,קולגייט פלמוליב,CN,זוג מברשות שיניים קולגייט סיבי פחם,Unknown,0.00,Unknown,false,12,29.90,0.0000,true,1,133995
8718951377998,false,מברשת שיניים פואם סו,,,קולגייט מברשת סופטנס זוג,Unknown,0.00,Unknown,false,1,24.80,0.0000,true,1,131115
8718951381292,false,משחת שיניים קולגייט,CP-Poland swidnica,PL,משחת שיניים קולגייט מקס דיטוקס פואם 125,מיליליטרים,125.00,"100 מ""ל",false,12,16.90,13.5200,true,1,131161
8718951382640,false,גל רחצה פלמוליב חימר,קולגייט פלמוליב,TR,גל רחצה פלמוליב חימר דיטוקס 750 מל,מיליליטרים,750.00,"100 מ""ל",false,12,16.80,2.2400,true,1,128826
8718951382718,false,גל רחצה פלמוליב חימר,קולגייט פלמוליב,TR,גל רחצה פלמוליב חימר התחדשות 750 מל,מיליליטרים,750.00,"100 מ""ל",false,12,18.90,2.5200,true,1,128827
8718951382787,false,מ שיניים קולגייט אופ,CP-Poland swidnica,PL,מ שיניים קולגייט אופטיק וויט חימר ומינרל,מיליליטרים,75.00,"100 מ""ל",false,48,27.90,37.2000,true,1,138081
8718951391253,false,אגקס אנטי בקטריאלי מ,CP - Turkey+60,GR,אגקס אנטי בקטריאלי מרענן 1.5 ל,ליטרים,1.50,ליטר,false,8,14.80,9.8667,true,1,132049
8718951391314,false,אגקס טריגר אנטי בקטר,,GR,אגקס טריגר אנטי בקטריאלי 500 מל,מיליליטרים,500.00,"100 מ""ל",false,12,15.90,3.1800,true,1,132048
8718951409798,false,מברשת שיניים מקס ווי,קולגייט פלמוליב,CN,זוג מברשת שיניים מקס וויט פחם,Unknown,0.00,Unknown,false,12,22.90,0.0000,true,1,133719
8718951412378,false,משחת שיניים מרידול נ,קולגייט פלמוליב,,משחת שיניים מרידול נשימה רעננה 75 מל,מיליליטרים,75.00,"100 מ""ל",false,1,19.80,26.4000,true,1,140735
8718951428492,false,סבון רחצה פלמוליב לג,CP - Turkey+60,TR,סבון רחצה פלמוליב לגבר 4 ב 1 פחם 750 מל,מיליליטרים,750.00,"100 מ""ל",false,12,18.90,2.5200,true,1,138079
8718951428522,false,סבון רחצה פלמוליב לג,CP - Turkey+60,TR,סבון רחצה פלמוליב לגבר 4 ב 1 750 מל,מיליליטרים,750.00,"100 מ""ל",false,12,18.90,2.5200,true,1,135843
8718951431614,false,סבון רחצה פלמוליב סו,CP - Turkey+60,TR,סבון רחצה פלמוליב סו פירם מינרלים 750 מל,מיליליטרים,750.00,"100 מ""ל",false,12,18.90,2.5200,true,1,135276
8718951433120,false,קולגייט טוטאל גוניור,,,קולגייט טוטאל גוניור 50 מל,מיליליטרים,50.00,"100 מ""ל",false,1,14.90,29.8000,true,1,141592
8718951470323,false,מברשות שיניים סופט פ,קולגייט פלמוליב,CN,מברשות שיניים סופט פואם פחם זוג,Unknown,0.00,Unknown,false,12,29.90,0.0000,true,1,140733
8718951477384,false,משחת שיניים קולגייט,קולגייט פלמוליב,PL,משחת שיניים קולגייט טוטל גל 75 מל,מיליליטרים,75.00,"100 מ""ל",false,48,19.90,26.5333,true,1,138082
8718951498754,false,מברשת שיניים קולגייט,,GR,מברשת שיניים קולגייט שישייה,Unknown,0.00,Unknown,false,1,19.90,0.0000,true,1,140101
8718951509627,false,מ שיניים קולגייט אופ,CP-Poland swidnica,PL,מ שיניים קולגייט אופטיק וייט לאוהבי קפה,מיליליטרים,75.00,"100 מ""ל",false,48,27.90,37.2000,true,1,139444
8719128110325,false,סירופ סודה סטרים לימ,,,"סירופ סודה סטרים לימונדה 500 מ""ל",מיליליטרים,500.00,"100 מ""ל",false,1,22.90,4.5800,true,1,112462
8719128110349,false,סירופ סודה סטרים פיר,,,"סירופ סודה סטרים פירות יער 500 מ""ל",מיליליטרים,500.00,"100 מ""ל",false,1,22.90,4.5800,true,1,112460
8719128117256,false,סירופ סבן אפ 440 מל,,,סירופ סבן אפ 440 מל,מיליליטרים,440.00,"100 מ""ל",false,1,22.90,5.2045,true,1,133440
8719200997998,false,מרגרינה בלובנד עם מל,יוניליוור,IL,בלובנד עם מלח 200 גרם,גרמים,200.00,100 גרם,false,60,4.50,2.2500,true,1,125051
8719200998001,false,מרגרינה בלובנד בלי מ,יוניליוור,IL,בלובנד בלי מלח 200 גרם,גרמים,200.00,100 גרם,false,60,4.50,2.2500,true,1,125050
8719200998018,false,מחמאה בלובנד 200 גר,יוניליוור,IL,מחמאה בלובנד 200 גרם,גרמים,200.00,100 גרם,false,60,4.80,2.4000,true,1,125060
8719200998032,false,מרגרינה מזולה גלורי,יוניליוור,IL,מזולה גלורי טעם חמאה 250 גרם,גרמים,250.00,100 גרם,false,48,10.50,4.2000,true,1,125057
8719200998049,false,מרגרינה מזולה גלורי,יוניליוור,IL,מזולה גלורי רגיל 250 גרם,גרמים,250.00,100 גרם,false,48,9.70,3.8800,true,1,125054
8719200998094,false,מרגרינה מזולה לאפיה,יוניליוור,IL,מזולה לאפיה ללא מלח 200 גרם,גרמים,200.00,100 גרם,false,60,6.50,3.2500,true,1,125059
8719200998100,false,מרגרינה מזולה לאפיה,יוניליוור,IL,מזולה לאפיה בטעם חמאה 200 גרם,גרמים,200.00,100 גרם,false,60,6.50,3.2500,true,1,125058
8719326361901,false,חלב מלא הולנדי 6% שו,,,חלב מלא הולנדי 6% שומן 1 ל,ליטרים,1.00,ליטר,false,1,14.90,14.9000,true,1,141224
8720181046605,false,דאו ספריי דאב אוריגי,דאב,,דאו ספריי דאב אוריגינל 150 מל,מיליליטרים,150.00,"100 מ""ל",false,1,15.90,10.6000,true,1,133981
8720181046612,false,דאודורנט דאב רול און,יוניליוור,,דאודורנט דאב רול און אורגינל 50 מל,גרמים,50.00,100 גרם,false,12,15.90,31.8000,true,1,133760
8721200060107,false,בקרסלנד סטרופ וופל ה,VAN DER BREGGEN,,בקרסלנד סטרופ וופל 2,גרמים,250.00,100 גרם,false,1,12.90,5.1600,true,1,46321
8723400756552,false,סוכריות מנטוס ריינבו,,,"סוכריות ""מנטוס"" ריינבואו רביעייה",גרמים,150.00,100 גרם,false,1,9.90,6.6000,true,1,49507
8801043025256,false,נודלס שין חריף בקערה,,,נודלס שין חריף בקערה 114 גר,גרמים,114.00,100 גרם,false,1,18.90,16.5789,true,1,141435
8801043028158,false,נודלס בטעם קימצי בכו,,,נודלס בטעם קימצי בכוס 75 גר,גרמים,75.00,100 גרם,false,1,12.90,17.2000,true,1,141427
8801043049566,false,נודלס שין חריף מאוד,,,נודלס שין חריף מאוד בכוס 68 גר,גרמים,68.00,100 גרם,false,1,12.90,18.9706,true,1,141428
8801043150620,false,נודלס שין חריף שקית,,,נודלס שין חריף שקית 120 גר,גרמים,120.00,100 גרם,false,1,10.90,9.0833,true,1,141424
8801043157735,false,נודלס אנסונג חריף בש,,,נודלס אנסונג חריף בשקית 125 גר,גרמים,125.00,100 גרם,false,1,12.90,10.3200,true,1,141429
8801043157742,false,נודלס בטעם קימצי שקי,,,נודלס בטעם קימצי שקית 120 גר,גרמים,120.00,100 גרם,false,1,10.90,9.0833,true,1,141425
8801043157759,false,נודלס צמפונג פירות י,,,נודלס צמפונג פירות ים פיקנטי 124 גר,גרמים,124.00,100 גרם,false,1,14.90,12.0161,true,1,141432
8801055707966,false,"קפה טסטר צ""ויס בריסט",נסטלה קוריאה - קפה,,"קפה טסטר צ""ויס בריסטה 180 גר",גרמים,180.00,100 גרם,false,1,29.90,16.6111,true,1,101104
8801055708772,false,מארז קפה טסטר צויס 2,נסטלה קוריאה - קפה,,מארז קפה טסטר צויס 200 גר+50 גר,גרמים,200.00,100 גרם,false,8,29.90,14.9500,true,1,122398
8801055709427,false,נסקפה טסטרס צויס אלט,,,נסקפה טסטרס צויס אלטה ריקה 100 גר,גרמים,100.00,100 גרם,false,1,24.90,24.9000,true,1,134922
8801055709434,false,נסקפה טסטרס צויס קול,,,נסקפה טסטרס צויס קולמביה 100 גר,גרמים,100.00,100 גרם,false,1,24.90,24.9000,true,1,134921
8801055709458,false,נס קפה קפוצינו בטעם,נסטלה קוריאה - קפה,,נס קפה קפוצינו בטעם קרמל 170 גר,גרמים,170.00,100 גרם,false,1,19.90,11.7059,true,1,139238
8801055709465,false,נס קפה קפוצינו בטעם,נסטלה קוריאה - קפה,,נס קפה קפוצינו בטעם וניל 185 גר,גרמים,185.00,100 גרם,false,1,19.90,10.7568,true,1,139239
8801055709472,false,נס קפה קפוצינו קלאסי,נסטלה קוריאה - קפה,,נס קפה קפוצינו קלאסיק 125 גר,גרמים,125.00,100 גרם,false,1,19.90,15.9200,true,1,139240
8801055709489,false,נסקפה קפוצינו בטעם א,נסטלה קוריאה - קפה,,נסקפה קפוצינו בטעם אגוזים 180 גר,גרמים,180.00,100 גרם,false,1,19.90,11.0556,true,1,139241
8802241131671,false,חטיף אצות ים בטעם וו,,,חטיף אצות ים בטעם וואסאבי 4.5  גר 9 יח,Unknown,0.00,Unknown,false,18,39.90,0.0000,true,1,114241
8809168840471,false,חטיף אצות מיובשות 4.,Theppadungporn cocon,,חטיף אצות מיובשות 4.5 גר*9 יח,Unknown,0.00,Unknown,false,1,24.90,0.0000,true,1,132235
8850180040028,false,טמפורה 500 גר,Malinee Food Product,,טמפורה 500גר,גרמים,500.00,100 גרם,false,1,10.90,2.1800,true,1,75229
8850206250592,false,רוטב צילי סיראצה 540,,,רוטב צילי סיראצה 530 גר,גרמים,540.00,100 גרם,false,1,19.90,3.6852,true,1,109758
8850206280049,false,רוטב צילי חריף 250 ג,,,רוטב צילי חריף 250 גר,גרמים,250.00,100 גרם,false,12,17.90,7.1600,true,1,136449
8850291105531,false,חטיף אצות ים עם שקדי,,,חטיף אצות ים עם שקדים פרוסים 40 גר,גרמים,40.00,100 גרם,false,1,12.90,32.2500,true,1,132864
8850291105548,false,חטיף אצות ים עם שקדי,,,חטיף אצות ים עם שקדים פרוסים פיקנטי 40 ג,גרמים,40.00,100 גרם,false,1,12.90,32.2500,true,1,132867
8850291105555,false,חטיף אצות ים עם גרעי,,,חטיף אצות ים עם גרעיני דלעת ושומשום 40 ג,גרמים,40.00,100 גרם,false,1,12.90,32.2500,true,1,132866
8850291105562,false,חטיף אצות ים עם שומש,,,חטיף אצות ים עם שומשום 40 גר,גרמים,40.00,100 גרם,false,1,12.90,32.2500,true,1,132865
8850367300266,false,תערובת חמשת תבלינים,Theppadungporn cocon,,תערובת חמשת תבלינים 50 גר,גרמים,50.00,100 גרם,false,1,9.90,19.8000,true,1,75224
8850367990443,false,רוטב לסלט בסגנון אסי,Theppadungporn cocon,,רוטב לסלט בסגנון אסיאטי 285מל,מיליליטרים,285.00,"100 מ""ל",false,1,11.90,4.1754,true,1,79826
8850367991914,false,שמן קוקוס צנצנת 450,,,"שמן קוקוס צנצנת 450 מ""ל",מיליליטרים,450.00,"100 מ""ל",false,1,39.90,8.8667,true,1,103004
8850367992164,false,קרם קוקוס 250 גר,Theppadungporn cocon,,קרם קוקוס 250גר,גרמים,250.00,100 גרם,false,1,7.90,3.1600,true,1,79824
8850367992898,false,רוטב לסלט עם לימון ג,,,רוטב לסלט עם לימון גראס ללא גלוטן 285 מל,מיליליטרים,285.00,"100 מ""ל",false,1,14.90,5.2281,true,1,103002
8850367992980,false,נוזל קוקוס 5%-7% מופ,Celebes coconut corp,,"נוזל קוקוס 5%-7% מופחת שומן  400 מ""ל",מיליליטרים,400.00,"100 מ""ל",false,1,6.90,1.7250,true,1,104292
8850389105825,false,משקה סאפה בטעם ענבים,SAPPE PUBLIC COMPANY,,משקה סאפה בטעם ענבים 1ל,ליטרים,1.00,ליטר,false,1,13.90,13.9000,true,1,79088
8850389105832,false,משקה סאפה בטעם תפוחי,SAPPE PUBLIC COMPANY,,משקה סאפה בטעם תפוחים 1ל,ליטרים,1.00,ליטר,false,1,13.90,13.9000,true,1,79091
8850389105849,false,משקה סאפה בטעם אפרסק,SAPPE PUBLIC COMPANY,,משקה סאפה בטעם אפרסק 1ל,ליטרים,1.00,ליטר,false,1,13.90,13.9000,true,1,79092
8850389115336,false,נקטר סאפה בטעם מלון,SAPPE PUBLIC COMPANY,,נקטר  סאפה בטעם מלון 1 ל,ליטרים,1.00,ליטר,false,1,13.90,13.9000,true,1,113017
8850521151215,false,קמח אורז דביק 400 גר,Oriental food co. lt,,קמח אורז דביק 400 גר,גרמים,400.00,100 גרם,false,1,9.90,2.4750,true,1,48992
8850854002239,false,רוטב סויה מתוק 700 מ,,,רוטב סויה מתוק 700 מל,מיליליטרים,700.00,"100 מ""ל",false,12,14.90,2.1286,true,1,131778
8851613101378,false,חלב קוקוס 250 מל,,,חלב קוקוס 250 מל,מיליליטרים,250.00,"100 מ""ל",false,1,9.90,3.9600,true,1,127670
8851613101385,false,חלב קוקוס 500 מל,,,חלב קוקוס 500 מל,מיליליטרים,500.00,"100 מ""ל",false,1,12.90,2.5800,true,1,127669
8852633119039,false,רוטב דגים 300 מל,,,רוטב דגים 300 מל,מיליליטרים,300.00,"100 מ""ל",false,6,10.90,3.6333,true,1,100551
8852633119077,false,רוטב דגים 700 מל,,,רוטב דגים 700 מל,מיליליטרים,700.00,"100 מ""ל",false,1,13.90,1.9857,true,1,119772
8853484008817,false,אנשובי מיובשים 130 ג,טורקה,,"אנשובי 130 גר""",גרמים,130.00,100 גרם,false,1,14.90,11.4615,true,1,46477
8853602001263,false,קמח אורז דביק 500 גר,,,קמח אורז דביק 500 גר,גרמים,500.00,100 גרם,false,10,10.90,2.1800,true,1,124008
8853662056661,false,רוטב סריראצה מיו 455,,,"רוטב סריראצה מיו 455 מ""ל",מיליליטרים,455.00,"100 מ""ל",false,1,21.90,4.8132,true,1,111476
8853662060026,false,רוטב סריראצה חריף 45,,,"רוטב סריראצה חריף 455 מ""ל",מיליליטרים,455.00,"100 מ""ל",false,12,21.90,4.8132,true,1,120947
8853662060385,false,סריראצה שחור רוטב על,,,סריראצה שחור רוטב על בסיס צילי 455 מל,מיליליטרים,455.00,"100 מ""ל",false,1,21.90,4.8132,true,1,133332
8854661001850,false,קוקטייל פירות ים 500,,,קוקטייל פירות ים 500,גרמים,500.00,100 גרם,false,1,28.90,5.7800,true,1,46484
8854661003212,false,בשר מולים מבושלים 50,,,בשר מולים מבושלים 50,גרמים,500.00,100 גרם,false,1,23.90,4.7800,true,1,46490
8854661003786,false,שרימפס מבושל עם ראש,,,שרימפס מבושל עם ראש,גרמים,500.00,100 גרם,false,1,29.90,5.9800,true,1,46492
8854661009726,false,שרימפס טמפורה 300 גר,,,שרימפס טמפורה 300גר,גרמים,300.00,100 גרם,false,1,29.90,9.9667,true,1,76129
8854692000976,false,רוטב צילי מתוק 700 ג,,,"רוטב צ""ילי מתוק 700",גרמים,700.00,100 גרם,false,1,9.90,1.4143,true,1,46497
8855072002603,false,דג צנינית צהובת פס צ,טורקה,,דג צנינית צהובת פס צ,גרמים,100.00,100 גרם,false,1,16.90,16.9000,true,1,46504
8855072002610,false,שרימפס מיובש 90 גר,טורקה,,"שרימפס מיובש 100 גר""",גרמים,90.00,100 גרם,false,1,36.90,41.0000,true,1,46505
8855301214395,false,שימורי סרדינים טבעי,גולדן פריזה קנינג,,שימורי סרדינים טבעי בתוספת שמן 240 גר,גרמים,240.00,100 גרם,false,1,8.90,3.7083,true,1,129662
8855301214418,false,סרדינים בשמן צמחי 24,גולדן פריזה קנינג,,שימורי סרדינים  בשמן צמחי 240 גר,גרמים,240.00,100 גרם,false,1,8.90,3.7083,true,1,129663
8855301214425,false,שימורי דג מקרל ברוטב,גולדן פריזה קנינג,,שימורי דג מקרל ברוטב עגבניות 240 גר,גרמים,240.00,100 גרם,false,24,8.90,3.7083,true,1,129661
8855301214432,false,שימורי סרדינים ברוטב,גולדן פריזה קנינג,,שימורי סרדינים ברוטב עגבניות 240 גר,גרמים,240.00,100 גרם,false,1,8.90,3.7083,true,1,129664
8855301214449,false,שימורי דג מקרל שמן צ,גולדן פריזה קנינג,,שימורי דג מקרל שמן צמחי 240 גר,גרמים,240.00,100 גרם,false,24,8.90,3.7083,true,1,129660
8855301214463,false,שימורי דג מקרל במי מ,גולדן פריזה קנינג,,שימורי דג מקרל במי מלח 240 גר,גרמים,240.00,100 גרם,false,24,8.90,3.7083,true,1,129659
8857106430512,false,אטריות אורז עם אורז,,,אטריות אורז עם אורז חום 250 גר,גרמים,250.00,100 גרם,false,1,8.90,3.5600,true,1,133228
8857106430529,false,אטריות אורז עם עלי ת,,,אטריות אורז עם עלי תות 250 גר,גרמים,250.00,100 גרם,false,1,8.90,3.5600,true,1,133226
8858271002870,false,רוטב פאד תאי מקסצא 2,Yan Wal Yun Corpora,,"רוטב פאד תאי מקסצ""א 250 מ""ל",מיליליטרים,250.00,"100 מ""ל",false,1,12.90,5.1600,true,1,46520
8858271002887,false,רוטב טריאקי מקסצאפ 2,Yan Wal Yun Corpora,,"רוטב טריאקי מקסצ""אפ 250 מ""ל",מיליליטרים,250.00,"100 מ""ל",false,1,12.90,5.1600,true,1,46521
8858271003020,false,רוטב סויה פורמולה 70,Yan Wal Yun Corpora,,"רוטב סויה פורמולה 700 מ""ל",מיליליטרים,700.00,"100 מ""ל",false,1,15.90,2.2714,true,1,46522
8858271003044,false,רוטב סויה פורמולה 70,Yan Wal Yun Corpora,,"רוטב סויה פורמולה 700 מ""ל",מיליליטרים,700.00,"100 מ""ל",false,1,15.90,2.2714,true,1,46523
8858271003068,false,רוטב סויה מתוקה מקסצ,Yan Wal Yun Corpora,,"רוטב סויה מתוקה מקסצופ 250 מ""ל",מיליליטרים,250.00,"100 מ""ל",false,1,12.90,5.1600,true,1,46524
8858271003075,false,רוטב סויה מתוקה מקסצ,Yan Wal Yun Corpora,,"רוטב סויה מתוקה מקסצופ 700 מ""ל",מיליליטרים,700.00,"100 מ""ל",false,1,19.90,2.8429,true,1,46525
8858271003174,false,רוטב שזיפים מקסצאפ 7,Yan Wal Yun Corpora,,"רוטב שזיפים מקסצ""אפ 700 מ""ל",מיליליטרים,700.00,"100 מ""ל",false,1,15.90,2.2714,true,1,46528
8858271003938,false,רוטב קארי ירוק מקסצא,Yan Wal Yun Corpora,,"רוטב קארי ירוק מקסצןפ 250 מ""ל",מיליליטרים,250.00,"100 מ""ל",false,1,12.90,5.1600,true,1,46530
8858271003945,false,רוטב קארי צהוב מקסצא,Yan Wal Yun Corpora,,רוטב קארי צהוב מקסצאפ 250 מל,מיליליטרים,250.00,"100 מ""ל",false,12,12.90,5.1600,true,1,131193
8858271004034,false,רוטב צילי חריף מקסצו,Yan Wal Yun Corpora,,"רוטב ציילי חריף מקסצופ 700 מ""ל",מיליליטרים,700.00,"100 מ""ל",false,1,15.90,2.2714,true,1,46531
8858271004126,false,רוטב חמוץ מתוק מקסצו,Yan Wal Yun Corpora,,"רוטב חמוץ מתוק מקסצופ 700 מ""ל",מיליליטרים,700.00,"100 מ""ל",false,1,15.90,2.2714,true,1,46533
8858271004300,false,רוטב טריאקי 700 מל,Yan Wal Yun Corpora,,רוטב טריאקי 700 מל,מיליליטרים,700.00,"100 מ""ל",false,1,19.90,2.8429,true,1,50048
8858271004423,false,רוטב בישול בטעם טום,Yan Wal Yun Corpora,,"רוטב ""טום ם"" מקסציאפ 250 מל",מיליליטרים,250.00,"100 מ""ל",false,1,12.90,5.1600,true,1,49001
8858271004799,false,רוטב צילי מתוק 700 מ,Yan Wal Yun Corpora,,"רוטב צילי מתוק 700 מ""ל",מיליליטרים,700.00,"100 מ""ל",false,1,12.90,1.8429,true,1,74741
8858271005772,false,רוטב סויה ללא גלוטן,,,"רוטב סויה ללא גלוטן 300 מ""ל",מיליליטרים,300.00,"100 מ""ל",false,1,16.90,5.6333,true,1,109760
8858744800064,false,מחית קארי אדום 50 גר,,,מחית קארי אדום 50 גר,גרמים,50.00,100 גרם,false,12,6.90,13.8000,true,1,126299
8858744800088,false,מחית קארי מאסמן 50 ג,קיי.אר.אס.ספייסי פוד,,מחית קארי מאסמן 50 גר,גרמים,50.00,100 גרם,false,12,6.90,13.8000,true,1,120433
8858744800149,false,תערובת חמשת התבלינים,,,תערובת חמשת התבלינים הסיניים 50 גר,גרמים,50.00,100 גרם,false,12,8.90,17.8000,true,1,122547
8859103400697,false,דג בברית צנינית צהוב,,,דג בברית צנינית צהובה פסים  מיובש 100 גר,גרמים,100.00,100 גרם,false,1,13.90,13.9000,true,1,100424
8859103400734,false,דג צנינון מלוח מיובש,,,דג צנינון מלוח מיובש 100 גר,גרמים,100.00,100 גרם,false,1,13.90,13.9000,true,1,100423
8859103401199,false,דג ברקודה מלוח מיובש,,,דג ברקודה מלוח מיובש 100 גר,גרמים,100.00,100 גרם,false,1,13.90,13.9000,true,1,108398
8859103401342,false,דג חקליל ארנה 100 גר,,,דג חקליל ארנה 100 גר,גרמים,100.00,100 גרם,false,1,16.90,16.9000,true,1,113541
8859103401984,false,דג צלופח מטוגן מלוח,,,דג צלופח מטוגן מלוח  מיובש 80 גר,גרמים,80.00,100 גרם,false,1,13.90,17.3750,true,1,118817
8886303210542,false,רוטב קארה קרם קוקונט,ג'ומא,,רוטב קארה קרם קוקונט 17% 400 גר,גרמים,400.00,100 גרם,false,1,9.90,2.4750,true,1,112158
8888021200256,false,סוללות אנרגייזר שמינ,אנרג'ייזר,,סוללות אנרגייזר שמינייה AA,Unknown,0.00,Unknown,false,1,24.90,0.0000,true,1,46540
8888021200720,false,סוללת אנרגייזר שמיני,אנרג'ייזר,,סוללת אנרגייזר שמינייה AAA,Unknown,0.00,Unknown,false,1,24.90,0.0000,true,1,46541
8888056706662,false,נודלס אינסטנט בטעם פ,,,נודלס אינסטנט בטעם פטריות 425 גר,גרמים,425.00,100 גרם,false,1,23.90,5.6235,true,1,135124
8888111030053,false,מיץ אננס רביעייה 240,,,"מיץ אננס SW רביעייה 240 מ""ל",מיליליטרים,960.00,"100 מ""ל",false,1,14.90,1.5521,true,1,122112
8888757103005,false,שמן שומשום 300 מל,,,שמן שומשום 300 מל,מיליליטרים,300.00,"100 מ""ל",false,1,18.90,6.3000,true,1,127683
8901047001024,false,אורז בסמטי קוהינור 1,,,אורז בסמטי קוהינור 1 קג,קילוגרמים,1.00,"ק""ג",false,1,15.90,15.9000,true,1,47631
8901138825591,false,משחת שיניים הימלאיה,,,"משחת שיניים הימלאיה מלבינה 75 מ""ל",מיליליטרים,75.00,"100 מ""ל",false,1,15.90,21.2000,true,1,116258
8901138825614,false,משחת שיניים הימלאיה,,,"משחת שיניים הימלאיה מינט פרש  75 מ""ל",מיליליטרים,75.00,"100 מ""ל",false,1,15.90,21.2000,true,1,116260
8901259230243,false,קפה נמס הודית 90 גר,JFK,,קפה נמס הודית 90 גר,גרמים,90.00,100 גרם,false,1,12.90,14.3333,true,1,98938
8901537024014,false,אורז בסמטי דאווט 1 ק,lt foods,,"אורז בסמטי ""דאווט"" 1",קילוגרמים,1.00,"ק""ג",false,1,12.90,12.9000,true,1,47643
8906000596999,false,אורז בסמטי מלא 1 קג,,,"אורז בסמטי מלא 1 ק""ג",קילוגרמים,1.00,"ק""ג",false,1,11.90,11.9000,true,1,104492
8906118240388,false,קורנישונים כבושים 68,אנגל קמצ'ו אלימנטסיו,,קורנישונים כבושים 680 גר,גרמים,680.00,100 גרם,false,1,11.90,1.7500,true,1,140072
8908000668430,false,אורז בסמטי סמאא 1 קג,,,אורז בסמטי סמאא 1 קג,קילוגרמים,1.00,"ק""ג",false,1,11.90,11.9000,true,1,138993
8908000959361,false,קורנישונים כבושים בח,,,קורנישונים כבושים בחומץ 680 גר,גרמים,680.00,100 גרם,false,1,11.90,1.7500,true,1,99677
8908000959613,false,מלפפונים כבושים 680,קאן אגריטך פרייבט למ,,מלפפונים כבושים 680 גר,גרמים,680.00,100 גרם,false,1,14.90,2.1912,true,1,102656
8934878081798,false,דפי אורז 400 גר,Chanh Khang Company,,דפי אורז  400 גר,גרמים,400.00,100 גרם,false,1,16.90,4.2250,true,1,75213
8934878081811,false,דפי אורז 400 גר,Chanh Khang Company,,דפי אורז  400 גר,גרמים,400.00,100 גרם,false,1,16.90,4.2250,true,1,54895
8936018435164,false,דג יבש פרפר 90 גר,,,דג יבש פרפר 90 גר,גרמים,90.00,100 גרם,false,1,9.90,11.0000,true,1,111220
8936018435256,false,דג ירח מלוח מיובש תכ,,,דג ירח מלוח מיובש תכלת 100 גר,גרמים,100.00,100 גרם,false,30,13.90,13.9000,true,1,126998
9000331607160,false,מיני וופל קרם אגוז מ,,,מיני וופל קרם אגוז מאנר אוריגינל 150 גר,גרמים,150.00,100 גרם,false,10,14.90,9.9333,true,1,136466
9001414041116,false,פלפל שחור קוטניה 36,,,פלפל שחור קוטניה 36 גר,גרמים,36.00,100 גרם,false,1,15.90,44.1667,true,1,100492
9001414041130,false,פלפל קוטניה 4 סוגים,,,פלפל קוטניה 4 סוגים 35 גר,גרמים,35.00,100 גרם,false,1,15.90,45.4286,true,1,100493
9001414041369,false,מלח ים 92 גר,,,מלח ים 92 גר,גרמים,92.00,100 גרם,false,4,15.90,17.2826,true,1,123964
9001414041758,false,פלפל ומלח ים קוטניה,,,פלפל ומלח ים קוטניה 65 גר,גרמים,65.00,100 גרם,false,1,15.90,24.4615,true,1,101507
9001414043967,false,פלפלים מיקס קוטניה 3,,,פלפלים מיקס קוטניה 35 גר,גרמים,35.00,100 גרם,false,4,15.90,45.4286,true,1,123963
9001414441633,false,מלח הימולאי קוטניה 8,,,מלח הימולאי קוטניה 88 גר,גרמים,88.00,100 גרם,false,1,15.90,18.0682,true,1,110323
9002859011061,false,מקלות גונץ אפויים עם,GUNZ WARENHANDELS,,מקלות גונץ אפויים עם מלח ים 250גר,גרמים,250.00,100 גרם,false,1,16.90,6.7600,true,1,80404
9002859025204,false,פלחי מרמלדה גונץ 200,Gunz BV,,פלחי מרמלדה גונץ 200 גר,גרמים,200.00,100 גרם,false,1,10.90,5.4500,true,1,97692
9002859038396,false,קרקרים עם מלח גונץ 2,GUNZ WARENHANDELS,,"קרקרים עם מלח ""גונץ""",גרמים,250.00,100 גרם,false,1,9.90,3.9600,true,1,39256
9002859038419,false,קרקרים בתוספת שמן זי,GUNZ WARENHANDELS,,קרקרים עם שמן זית ור,גרמים,250.00,100 גרם,false,1,10.90,4.3600,true,1,39257
9002859047121,false,משקה מוגז בטעם תפוחי,GUNZ WARENHANDELS,,"משקה מוגז בטעם תפוחים לילדים 750 מ""ל",מיליליטרים,750.00,"100 מ""ל",false,1,23.90,3.1867,true,1,50297
9002859047145,false,משקה מוגז בטעם תפוח,GUNZ WARENHANDELS,,"משקה מוגז בטעם תפוח תות לילדים 750 מ""ל",מיליליטרים,750.00,"100 מ""ל",false,1,23.90,3.1867,true,1,50296
9002859049248,false,תבלין פלפל שחור במטח,Gunz,,תבלין פלפל שחור במטחנה גונץ ניקו 50 גר,גרמים,50.00,100 גרם,false,1,14.90,29.8000,true,1,101251
9002859050367,false,גונץ בובות סנטה קטנו,GUNZ WARENHANDELS,,"בובות סנטה קטנות ""גו",גרמים,100.00,100 גרם,false,1,10.90,10.9000,true,1,39288
9002859050381,false,גונץ מיקס סנטה גדול,GUNZ WARENHANDELS,,"מיקס סנטה גדול ""גונץ",גרמים,100.00,100 גרם,false,1,10.90,10.9000,true,1,39289
9002859050725,false,סנטה גונץ ברשת 100 ג,GUNZ WARENHANDELS,,סנטה גונץ ברשת 100גר,גרמים,100.00,100 גרם,false,1,10.90,10.9000,true,1,77829
9002859056963,false,אנשי שלג גונץ שוקולד,GUNZ WARENHANDELS,,אנשי שלג גונץ שוקולד ברשת 100גר,גרמים,100.00,100 גרם,false,1,10.90,10.9000,true,1,77839
9002859058172,false,אצבעות בננה גונץ בצי,GUNZ WARENHANDELS,,"אצבעות בננה ""גונץ"" בציפוי שוקולד מריר",גרמים,300.00,100 גרם,false,1,16.90,5.6333,true,1,48772
9002859058578,false,מרשמלו טוויסט גונץ 1,,,מרשמלו טוויסט גונץ 100 גר,גרמים,100.00,100 גרם,false,1,6.90,6.9000,true,1,139805
9002859061240,false,שבבי בצל מטוגן 250 ג,,,שבבי בצל מטוגן 250 גר,גרמים,250.00,100 גרם,false,20,10.90,4.3600,true,1,122275
9002859062131,false,בונבוניירה פרלינים ו,GUNZ WARENHANDELS,,"בונבוניירה פרלינים ""ורד"" 400גר",גרמים,400.00,100 גרם,false,1,24.90,6.2250,true,1,77476
9002859064104,false,סוכריות בוגי בטעם מנ,GUNZ WARENHANDELS,,"סוכריות ""בוגי"" בטעם מנטה פחי 200 גר",גרמים,200.00,100 גרם,false,1,10.90,5.4500,true,1,50287
9002859066047,false,סוכריות בוגי בטעם קפ,GUNZ WARENHANDELS,,"סוכריות ""בוגי"" בטעם קפה פחי 200 גר",גרמים,200.00,100 גרם,false,1,10.90,5.4500,true,1,50286
9002859067570,false,דפדפי שוקולד תפוז גו,GUNZ WARENHANDELS,,"דפדפי שוקולד תפוז ""גונץ"" 200 גר",גרמים,200.00,100 גרם,false,1,16.90,8.4500,true,1,50312
9002859067907,false,עוגיות גונץ עם קרם ו,Gunz,,עוגיות גונץ עם קרם וניל ומשמש 380 גר,גרמים,380.00,100 גרם,false,1,17.90,4.7105,true,1,96792
9002859088490,false,עוגיות גונץ עם קרם א,Gunz,,עוגיות גונץ עם קרם אוכמניות 380 גר,גרמים,380.00,100 גרם,false,1,15.90,4.1842,true,1,96791
9002859090530,false,סוכריות בוגי גונץ תפ,Gunz,,סוכריות בוגי גונץ תפוז בפח 200 גר,גרמים,200.00,100 גרם,false,1,10.90,5.4500,true,1,101242
9002859092657,false,בננה גונץ ציפוי שוקו,Gunz,,"בננה ""גונץ"" ציפוי שוקולד מריר 150 גר",גרמים,150.00,100 גרם,false,1,8.90,5.9333,true,1,102411
9002859093876,false,עוגיות גונץ עם קרם ש,GUNZ WARENHANDELS,,עוגיות גונץ עם קרם שוקולד ודובדבן 380 גר,גרמים,380.00,100 גרם,false,1,15.90,4.1842,true,1,107282
9002859100536,false,בונ אצבעות שוקולד מו,,,בונ אצבעות שוקולד מוצרט גונץ 200 גר,גרמים,200.00,100 גרם,false,1,15.90,7.9500,true,1,112287
9002859104091,false,כדור קריסמס ממולא בפ,,,כדורי קריסמס ממולא בפרלינים גונץ 30 גר,גרמים,30.00,100 גרם,false,20,17.90,59.6667,true,1,124080
9002859107399,false,תבלין מיקס לבשר במטח,Gunz,,תבלין מיקס לבשר במטחנה גונץ ניקו 55 גר,גרמים,55.00,100 גרם,false,6,14.90,27.0909,true,1,123204
9002859110153,false,עוגיות גונץ קרם תות,Gunz,,עוגיות גונץ קרם תות 380 גר,גרמים,380.00,100 גרם,false,9,15.90,4.1842,true,1,131986
9002859114571,false,גונץ מקלות בייגלה עם,,,גונץ מקלות בייגלה עם מלח 160 גר,גרמים,160.00,100 גרם,false,1,14.90,9.3125,true,1,141218
9003100120037,false,בירה קייזר פחית 500,,,בירה קייזר פחית 500 מל+,מיליליטרים,500.00,"100 מ""ל",false,1,9.90,1.9800,true,1,66340
9003400304939,false,בירה שטיגל וויז חיטה,מבשלת שטיגל,,"בירה שטיגל וויז חיטה 500 מ""ל",מיליליטרים,500.00,"100 מ""ל",false,1,10.90,2.1800,true,1,104678
9003402655084,false,בירה שטיגל רדלר פטל,,,בירה שטיגל רדלר פטל פח 500 מל,מיליליטרים,500.00,"100 מ""ל",false,1,7.90,1.5800,true,1,136108
9003402663089,false,בירה שטיגל רדלר אשכו,,,"בירה שטיגל רדלר אשכוליות פח 500 מ""ל",מיליליטרים,500.00,"100 מ""ל",false,1,7.90,1.5800,true,1,115623
9003402664079,false,בירה שטיגל רדלר לימו,,,בירה שטיגל רדלר לימון פח 500 מל,מיליליטרים,500.00,"100 מ""ל",false,1,7.90,1.5800,true,1,136036
9005835312718,false,מלח אקולוגי למדיח קל,,,"מלח אקולוגי למדיח קלרו פירמידה 1 ק""ג",קילוגרמים,1.00,"ק""ג",false,1,14.90,14.9000,true,1,123580
9008700111546,false,נקטר דובדבן 1 ל,Rauch fruchtsafte gm,,נקטר דובדבן 1 ליטר,ליטרים,1.00,ליטר,false,1,12.90,12.9000,true,1,39309
9008700128971,false,מיץ חמוציות ראוך 1 ל,,,מיץ קרנברי ראוך 1 לי,ליטרים,1.00,ליטר,false,1,12.90,12.9000,true,1,39310
9008700146982,false,נקטר פירות אדומים רא,Rauch fruchtsafte gm,,"מיץ ""ראוך"" מולטיוויט",Unknown,0.00,Unknown,false,1,12.90,0.0000,true,1,39312
9008700148146,false,נקטר ראוך ליצי 1 ל,Rauch fruchtsafte gm,,"נקטר ""ראוך"" ליצי ""1 ליטר",ליטרים,1.00,ליטר,false,1,12.90,12.9000,true,1,47768
9013100003490,false,ליקר מוצארט שוקולד ת,,,ליקר מוצארט שוקולד תות 500 מל,מיליליטרים,500.00,"100 מ""ל",false,1,79.90,15.9800,true,1,129104
9013100040280,false,ליקר מוצארט קרם שוקו,,,ליקר מוצארט קרם שוקולד בלאק 500 מל,מיליליטרים,500.00,"100 מ""ל",false,1,79.90,15.9800,true,1,129103
9013100053303,false,ליקר מוצארט קרם שוקו,,,ליקר מוצארט קרם שוקולד לבן 500 מל,מיליליטרים,500.00,"100 מ""ל",false,1,79.90,15.9800,true,1,129101
9015340100458,false,רביעיית מיץ בטעם תפו,,,רביעיית מיץ בטעם תפוח 200 מל,מיליליטרים,800.00,"100 מ""ל",false,1,9.90,1.2375,true,1,141714
9015340100465,false,רביעיית מיץ בטעם פיר,,,רביעיית מיץ בטעם פירות יער 200 מל,מיליליטרים,800.00,"100 מ""ל",false,1,9.90,1.2375,true,1,141713
9015340100472,false,רביעיית מיץ בטעם פטל,,,רביעיית מיץ בטעם פטל 200 מל,מיליליטרים,800.00,"100 מ""ל",false,1,9.90,1.2375,true,1,141712
9015340103794,false,רביעיית מיץ בטעם אננ,,,רביעיית מיץ בטעם אננס אקזוטי 200 מל,מיליליטרים,800.00,"100 מ""ל",false,1,9.90,1.2375,true,1,141711
9028800139493,false,בירה זיפפר פחית 500,,,בירה זיפפר פחית 500 מל,מיליליטרים,500.00,"100 מ""ל",false,1,9.90,1.9800,true,1,141894
9028800639962,false,בירה אדלווייס 500 מל,,,"בירה אדלווייס 500 מ""ל",מיליליטרים,500.00,"100 מ""ל",false,1,10.90,2.1800,true,1,74757
9100006910509,false,שמיכה זוגית 230*200,,,סט מצעים זוגי 230*200 סמ במגוון צבעים,Unknown,0.00,Unknown,false,1,119.90,0.0000,true,1,135901
9120025834723,false,חטיף אוראו 120 גר,,,חטיף אוראו 120 גר,גרמים,120.00,100 גרם,false,1,14.90,12.4167,true,1,142092
9120025839896,false,חטיף מילקה 128 גר,,,חטיף מילקה 128 גר,גרמים,128.00,100 גרם,false,1,14.90,11.6406,true,1,142184
9310072028743,false,חטיף שוקולד ביסקוויט,ארנולטס,,חטיף ביסקוויט טים טם,גרמים,200.00,100 גרם,false,1,19.90,9.9500,true,1,100091
9310072028750,false,חטיף שוקולד טים טם ד,ארנולטס,,חטיף ביסקוויט טים טם,גרמים,200.00,100 גרם,false,1,19.90,9.9500,true,1,99628
9310088007015,false,תחבושת לילה דיפנד,,,תחבושת לילה דיפנד 8 יח,Unknown,0.00,Unknown,false,1,16.80,0.0000,true,1,119658
9312631129991,false,תה ארל גרי זהב 100 ש,דילמח,,"תה ארל גריי 100 גר""",Unknown,0.00,Unknown,false,1,39.90,0.0000,true,1,42821
9312631143737,false,תה ירוק דילמח 100 שק,דילמח,,"תה ירוק 100 שק""",גרמים,150.00,100 גרם,false,12,24.90,16.6000,true,1,42834
9312631143744,false,תה יסמין דילמח 100 ש,דילמח,,תה יסמין 150 גר,Unknown,0.00,Unknown,false,12,26.90,0.0000,true,1,96547
9312631801118,false,תה פרמיום שחור סלקשן,דילמח,,"תה ""פרמיום"" שחור סלקשן 200 גר",גרמים,200.00,100 גרם,false,24,19.90,9.9500,true,1,51414
9322969000015,false,פריכיות תירס אורגינל,Algam Gil - Agent,,פריכיות תירס אורגינל 150 גר,גרמים,150.00,100 גרם,false,1,11.90,7.9333,true,1,51246
9322969000022,false,פריכיות תירס עם סויה,Algam Gil - Agent,,פריכיות תירס עם סויה וזרעי פשתן  150 גר,גרמים,150.00,100 גרם,false,1,11.90,7.9333,true,1,51247
9322969000039,false,פריכיות תירס עם 4 דג,,AU,פריכיות תירס עם 4 דגנים מלאים 150 גר,גרמים,150.00,100 גרם,false,6,11.90,7.9333,true,1,116434
9322969000046,false,פריכיות תירס עם שומש,Algam Gil - Agent,,פריכיות תירס עם שומשום 150 גר,גרמים,150.00,100 גרם,false,1,11.90,7.9333,true,1,51248
9414416305528,false,יין פרייבט בין סובינ,,,"יין פרייבט בין סוביניון בלאן 750 מ""ל",מיליליטרים,750.00,"100 מ""ל",false,1,74.90,9.9867,true,1,122045
9414416501876,false,יין פרייבט בין שרדונ,,,"יין פרייבט בין שרדונה 750 מ""ל",מיליליטרים,750.00,"100 מ""ל",false,1,74.90,9.9867,true,1,122046
9414897010904,false,מול ניו זילנדי על חצ,,,מול ניו זילנדי על חצי צדף 1 קג,קילוגרמים,1.00,"ק""ג",false,1,64.90,64.9000,true,1,42846
9556771006921,false,קפוצינו אונו מומנטו,,MY,קפוצינו אונו מומנטו 20 שק,גרמים,510.00,100 גרם,false,12,24.90,4.8824,true,1,136826
9720006678751,false,כבד דגים פתיחה קלה 1,AYTEL,,כבד דגים פתיחה קלה 1,גרמים,110.00,100 גרם,false,1,8.90,8.0909,true,1,46560
9720188050109,false,ממרח טופו 225 גר,,,ממרח טופו 225 גר,גרמים,225.00,100 גרם,false,1,19.90,8.8444,true,1,72103
9720188060108,false,ממרח טופו טעם שמנת 3,,,ממרח טופו טעם שמנת 2,גרמים,340.00,100 גרם,false,1,19.90,5.8529,true,1,46561
9781968059903,false,לוח שנה,,,לוח שנה,Unknown,0.00,Unknown,false,1,7.90,0.0000,true,1,72893
9781968129002,false,ספר/לוח שנה 12.90,,,ספר 12.90,Unknown,0.00,Unknown,false,1,12.90,0.0000,true,1,101654
9781968149901,false,ספר 14.90,,,ספר 14.90,Unknown,0.00,Unknown,false,1,14.90,0.0000,true,1,72895
9781968199906,false,ספר 19.90,,,ספר 19.90,Unknown,0.00,Unknown,false,1,19.90,0.0000,true,1,72896
9781968229002,false,ספר 22.90,,,ספר 22.90,Unknown,0.00,Unknown,false,1,22.90,0.0000,true,1,140504
9781968249002,false,ספר 24.90,,,ספר 24.90,Unknown,0.00,Unknown,false,1,24.90,0.0000,true,1,140505
