code,internal_code,name,manufacturer_name,manufacture_country,manufacturer_item_description,unit_qty,quantity,unit_of_measure,weighted,qty_in_package,price,unit_of_measure_price,allow_discount,status,item_id
-999,true,~מב~~צע ~מ~~ק~~ס~~~10000~,לפ קואופ ישראל רשת סופרמר,,,"י""ח",1,,false,1,0.01,0.01,false,1,
2,true,"עמלת החזרת צ ק 14ש""ח",שונות /שרות,,,"י""ח",1,,false,1,14,14,false,1,
8,true,משלוח פנסיונר,שונות /שרות,,,"י""ח",1,,false,1,25.90,25.90,false,1,
21,true,"עמלת החזרת צ ק 42 ש""ח",שונות /שרות,,,"י""ח",1,,false,1,42,42,false,1,
39,true,ב 39 תו קניה,שונות /שרות,,,"י""ח",1,,false,1,10,10,false,1,
52,true,צלעות בשר לא מוכשר,ב ספק בשר קפוא,,,"ק""ג",1,,true,1,36.90,36.90,false,1,
55,true,צלי כתף בשר לא מוכשר,ב ספק בשר קפוא,,,"ק""ג",10,"ק""ג",true,1,62.90,6.29,false,1,
56,true,פילה מדומה בשר לא מוכשר,ב ספק בשר קפוא,,,"ק""ג",1,,true,1,40.39,40.39,false,1,
87,true,תרומה להצלת חיים של דניאל,שונות /שרות,,,"י""ח",1,,false,1,5,5,false,1,
151,true,עוף טחון טרי {קצביה]**,"ח.י. מעדני גורמה בע""מ",,,"ק""ג",1,,true,1,49.90,49.90,true,1,
284,true,דג בורי L טרי,"ח.י. מעדני גורמה בע""מ",,,"ק""ג",1,,true,1,49.90,49.90,true,1,
288,true,דג דניס S טרי,"ח.י. מעדני גורמה בע""מ",,,"ק""ג",1,,true,1,59.90,59.90,true,1,
302,true,דג אמנון L טרי,"ח.י. מעדני גורמה בע""מ",,,"ק""ג",1,,true,1,35.90,35.90,true,1,
327,true,דג ברמונדי טרי,"ח.י. מעדני גורמה בע""מ",,,"ק""ג",1,,true,1,49.90,49.90,false,1,
350,true,דג פילה מושט טרי כ-100גר,"ח.י. מעדני גורמה בע""מ",,,"י""ח",1,,false,1,14.90,14.90,true,1,
353,true,72גינגר תפזורת,ביכורי השדה צפון 1994 ג.ד. בעמ,,,"ק""ג",1,,true,1,39.90,39.90,false,1,
402,true,דג סלמון שלם טרי.,ח.י. מעדני גורמה בעמ,,,"ק""ג",1,,true,1,79.90,79.90,true,1,
403,true,דג פילה סלמון טרי,"ח.י. מעדני גורמה בע""מ",,,"ק""ג",1,,true,1,119.90,119.90,true,1,
435,true,סלרי,ביכורי השדה צפון 1994 ג.ד. בעמ,,,"י""ח",1,"י""ח",false,1,5.90,5.90,false,1,
446,true,פטריות תפזורת שקיל,ביכורי השדה צפון 1994 ג.ד. בעמ,,,"ק""ג",1,"ק""ג",true,1,39.90,39.90,false,1,
450,true,אזיקון שחור,שונות /שרות,,,"י""ח",1,,false,1,0.10,0.10,false,1,
492,true,פילה לברק כ120גר,"ח.י. מעדני גורמה בע""מ",,,"י""ח",1,,false,1,17.90,17.90,true,1,
504,true,אנונה,ביכורי השדה צפון 1994 ג.ד. בעמ,,,"ק""ג",1,,true,1,24.90,24.90,false,1,
505,true,אבוקדו,ביכורי השדה צפון 1994 ג.ד. בעמ,,,"ק""ג",1,"ק""ג",true,1,10.90,10.90,false,1,
510,true,אגסים,ביכורי השדה צפון 1994 ג.ד. בעמ,,,"ק""ג",1,"ק""ג",true,1,12.90,12.90,false,1,
511,true,אגס קטן,ביכורי השדה צפון 1994 ג.ד. בעמ,,,"י""ח",1,,true,1,7.90,7.90,false,1,
512,true,אגס חום,ביכורי השדה צפון 1994 ג.ד. בעמ,,,"ק""ג",1,,true,1,15.90,15.90,false,1,
515,true,אפרסמון,ביכורי השדה צפון 1994 ג.ד. בעמ,,,"ק""ג",1,"ק""ג",true,1,11.90,11.90,false,1,
522,true,אננס.,ביכורי השדה צפון 1994 ג.ד. בעמ,,,"י""ח",1,,false,1,29.90,29.90,false,1,
523,true,אשכולית אדומה,ביכורי השדה צפון 1994 ג.ד. בעמ,,,"ק""ג",1,"ק""ג",true,1,6.90,6.90,false,1,
525,true,אשכולית,ביכורי השדה צפון 1994 ג.ד. בעמ,,,"ק""ג",1,"ק""ג",true,1,5.90,5.90,false,1,
526,true,כרובית סגול/ירוק/צהוב,ביכורי השדה צפון 1994 ג.ד. בעמ,,,"ק""ג",1,,true,1,5.90,5.90,false,1,
530,true,בננה.,ביכורי השדה צפון 1994 ג.ד. בעמ,,,"ק""ג",1,"ק""ג",true,1,6.90,6.90,false,1,
535,true,לימון,ביכורי השדה צפון 1994 ג.ד. בעמ,,,"ק""ג",1,"ק""ג",true,1,6.90,6.90,false,1,
536,true,פמלה,ביכורי השדה צפון 1994 ג.ד. בעמ,,,"ק""ג",1,"ק""ג",true,1,6.90,6.90,false,1,
543,true,מנגו,ביכורי השדה צפון 1994 ג.ד. בעמ,,,"ק""ג",1,"ק""ג",true,1,5.90,5.90,false,1,
550,true,פלפל ביס מתוק,ביכורי השדה צפון 1994 ג.ד. בעמ,,,"י""ח",1,,false,1,9.90,9.90,false,1,
553,true,ענב אדום,ביכורי השדה צפון 1994 ג.ד. בעמ,,,"ק""ג",1,"ק""ג",true,1,16.90,16.90,false,1,
554,true,ענבים לבן .,ביכורי השדה צפון 1994 ג.ד. בעמ,,,"ק""ג",1,"ק""ג",true,1,22.90,22.90,false,1,
557,true,פמלית,ביכורי השדה צפון 1994 ג.ד. בעמ,,,"ק""ג",1,"ק""ג",true,1,8.90,8.90,false,1,
560,true,קלמנטינה,ביכורי השדה צפון 1994 ג.ד. בעמ,,,"ק""ג",1,"ק""ג",true,1,5.90,5.90,false,1,
563,true,קיווי.,ביכורי השדה צפון 1994 ג.ד. בעמ,,,"ק""ג",1,"ק""ג",true,1,16.90,16.90,false,1,
564,true,רימונים,ביכורי השדה צפון 1994 ג.ד. בעמ,,,"ק""ג",1,"ק""ג",true,1,7.90,7.90,false,1,
566,true,שזיף אדום.,ביכורי השדה צפון 1994 ג.ד. בעמ,,,"ק""ג",1,"ק""ג",true,1,15.90,15.90,false,1,
567,true,גזר בתפזורת,ביכורי השדה צפון 1994 ג.ד. בעמ,,,"ק""ג",1,,true,1,3.90,3.90,false,1,
569,true,שזיף שגיב,ביכורי השדה צפון 1994 ג.ד. בעמ,,,"ק""ג",1,,true,1,19.90,19.90,false,1,
570,true,מגבות מטבח,לפ י.ב.ארגמן בעמ,,,"י""ח",1,,false,1,5.90,5.90,false,1,
575,true,תפוז תבורי.,ביכורי השדה צפון 1994 ג.ד. בעמ,,,"ק""ג",1,"ק""ג",true,1,5.90,5.90,false,1,
576,true,תפוזינה,ביכורי השדה צפון 1994 ג.ד. בעמ,,,"ק""ג",1,,true,1,4.90,4.90,false,1,
583,true,תפוח סמיט ירוק,ביכורי השדה צפון 1994 ג.ד. בעמ,,,"ק""ג",1,"ק""ג",true,1,10.90,10.90,false,1,
585,true,תפוח חרמון,ביכורי השדה צפון 1994 ג.ד. בעמ,,,"ק""ג",1,"ק""ג",true,1,10.90,10.90,false,1,
586,true,תפוז ברשת,ביכורי השדה צפון 1994 ג.ד. בעמ,,,"ק""ג",1,,true,1,4.90,4.90,false,1,
587,true,קלמנטינה ברשת,ביכורי השדה צפון 1994 ג.ד. בעמ,,,"ק""ג",1,,true,1,5.90,5.90,false,1,
588,true,תפוח גלה,ביכורי השדה צפון 1994 ג.ד. בעמ,,,"ק""ג",1,"ק""ג",true,1,13.90,13.90,false,1,
590,true,תפוח זהוב.,ביכורי השדה צפון 1994 ג.ד. בעמ,,,"ק""ג",1,"ק""ג",true,1,10.90,10.90,false,1,
594,true,סברס,ביכורי השדה צפון 1994 ג.ד. בעמ,,,"ק""ג",1,"ק""ג",true,1,29.90,29.90,false,1,
600,true,לימון בלדי-קטן,ביכורי השדה צפון 1994 ג.ד. בעמ,,,"ק""ג",1,,true,1,13.90,13.90,false,1,
601,true,ארטישוק,ביכורי השדה צפון 1994 ג.ד. בעמ,,,"ק""ג",1,"ק""ג",true,1,9.90,9.90,false,1,
603,true,פטרוזיליה רגילה לא ארוז,ביכורי השדה צפון 1994 ג.ד. בעמ,,,"י""ח",1,,false,1,3.90,3.90,true,1,
604,true,נענע רגילה לא ארוז,ביכורי השדה צפון 1994 ג.ד. בעמ,,,"י""ח",1,,false,1,3.90,3.90,true,1,
605,true,בצל יבש,ביכורי השדה צפון 1994 ג.ד. בעמ,,,"ק""ג",1,"ק""ג",true,1,3.90,3.90,false,1,
606,true,בצל אדום,ביכורי השדה צפון 1994 ג.ד. בעמ,,,"ק""ג",1,"ק""ג",true,1,6.90,6.90,false,1,
608,true,בצל ירוק,ביכורי השדה צפון 1994 ג.ד. בעמ,,,"י""ח",1,,false,1,5.90,5.90,false,1,
612,true,בטטה,ביכורי השדה צפון 1994 ג.ד. בעמ,,,"ק""ג",1,"ק""ג",true,1,9.90,9.90,false,1,
619,true,לחמנייה קלה זוג,לפ מאפיית שפע נעמן,,,"י""ח",1,,false,1,3,3,false,1,
620,true,דלעת,ביכורי השדה צפון 1994 ג.ד. בעמ,,,"ק""ג",1,"ק""ג",true,1,12.90,12.90,false,1,
622,true,דלורית,ביכורי השדה צפון 1994 ג.ד. בעמ,,,"ק""ג",1,"ק""ג",true,1,5.90,5.90,false,1,
623,true,חסה ערבית,ביכורי השדה צפון 1994 ג.ד. בעמ,,,"י""ח",1,,false,1,4.90,4.90,false,1,
625,true,חציל,ביכורי השדה צפון 1994 ג.ד. בעמ,,,"ק""ג",1,"ק""ג",true,1,6.90,6.90,false,1,
629,true,ירק בתפזורת,ביכורי השדה צפון 1994 ג.ד. בעמ,,,"י""ח",1,,false,1,3.90,3.90,true,1,
630,true,כרוב לבן,ביכורי השדה צפון 1994 ג.ד. בעמ,,,"ק""ג",1,"ק""ג",true,1,3.90,3.90,false,1,
633,true,כרוב אדום,ביכורי השדה צפון 1994 ג.ד. בעמ,,,"ק""ג",1,"ק""ג",true,1,4.90,4.90,false,1,
635,true,כרובית,ביכורי השדה צפון 1994 ג.ד. בעמ,,,"י""ח",1,"ק""ג",false,1,10.90,10.90,false,1,
641,true,במיה,ביכורי השדה צפון 1994 ג.ד. בעמ,,,"י""ח",1,,true,1,19.90,19.90,false,1,
644,true,חסה אמריקאית,ביכורי השדה צפון 1994 ג.ד. בעמ,,,"י""ח",1,,false,1,6.90,6.90,false,1,
645,true,מלפפון.,ביכורי השדה צפון 1994 ג.ד. בעמ,,,"ק""ג",1,"ק""ג",true,1,6.90,6.90,false,1,
650,true,נענע,ביכורי השדה צפון 1994 ג.ד. בעמ,,,"י""ח",1,,false,1,2.90,2.90,true,1,
657,true,סלרי,ביכורי השדה צפון 1994 ג.ד. בעמ,,,"י""ח",1,,false,1,5.90,5.90,false,1,
659,true,סלק אדום,ביכורי השדה צפון 1994 ג.ד. בעמ,,,"ק""ג",1,"ק""ג",true,1,3.90,3.90,false,1,
660,true,עגבניה.,ביכורי השדה צפון 1994 ג.ד. בעמ,,,"ק""ג",1,"ק""ג",true,1,6.90,6.90,false,1,
661,true,עגבניה שרי תפזורת,ביכורי השדה צפון 1994 ג.ד. בעמ,,,"ק""ג",1,,true,1,18.90,18.90,false,1,
663,true,פלפל חריף ירוק,ביכורי השדה צפון 1994 ג.ד. בעמ,,,"ק""ג",1,"ק""ג",true,1,9.90,9.90,false,1,
665,true,פלפל כהה,ביכורי השדה צפון 1994 ג.ד. בעמ,,,"ק""ג",1,"ק""ג",true,1,8.90,8.90,false,1,
666,true,פלפל צהוב,ביכורי השדה צפון 1994 ג.ד. בעמ,,,"ק""ג",1,"ק""ג",true,1,9.90,9.90,false,1,
667,true,גמבה אדומה,ביכורי השדה צפון 1994 ג.ד. בעמ,,,"ק""ג",1,"ק""ג",true,1,9.90,9.90,false,1,
669,true,פלפל בהיר,ביכורי השדה צפון 1994 ג.ד. בעמ,,,"ק""ג",0,"ק""ג",true,1,9.90,9.90,false,1,
680,true,צנון,ביכורי השדה צפון 1994 ג.ד. בעמ,,,"ק""ג",1,"ק""ג",true,1,8.90,8.90,false,1,
685,true,קישואים.,ביכורי השדה צפון 1994 ג.ד. בעמ,,,"ק""ג",1,"ק""ג",true,1,8.90,8.90,false,1,
687,true,קולורבי,ביכורי השדה צפון 1994 ג.ד. בעמ,,,"ק""ג",1,"ק""ג",true,1,9.90,9.90,false,1,
689,true,שום ארוז.,ביכורי השדה צפון 1994 ג.ד. בעמ,,,"י""ח",1,,false,1,7.90,7.90,true,1,
690,true,שומר,ביכורי השדה צפון 1994 ג.ד. בעמ,,,"ק""ג",1,"ק""ג",true,1,8.90,8.90,false,1,
695,true,תירס חסלט,ביכורי השדה צפון 1994 ג.ד. בעמ,,,"ק""ג",1,,true,1,11.90,11.90,false,1,
697,true,תרד לט,ביכורי השדה צפון 1994 ג.ד. בעמ,,,"י""ח",1,,false,1,6.90,6.90,false,1,
698,true,תירס קלחים טרי ארוז.,ביכורי השדה צפון 1994 ג.ד. בעמ,,,"ק""ג",1,"ק""ג",true,1,9.90,9.90,false,1,
699,true,תפוח אדמה אדום.,ביכורי השדה צפון 1994 ג.ד. בעמ,,,"ק""ג",1,"ק""ג",true,1,4.90,4.90,false,1,
700,true,תפוח אדמה לבן ארוז,ביכורי השדה צפון 1994 ג.ד. בעמ,,,"ק""ג",1,"ק""ג",true,1,3.90,3.90,false,1,
702,true,"תפו""א לאפיה",ביכורי השדה צפון 1994 ג.ד. בעמ,,,"ק""ג",1,,true,1,3.90,3.90,false,1,
712,true,חציל בלאדי,ביכורי השדה צפון 1994 ג.ד. בעמ,,,"ק""ג",1,,true,1,6.90,6.90,false,1,
716,true,פלפל כתום,ביכורי השדה צפון 1994 ג.ד. בעמ,,,"ק""ג",1,"ק""ג",true,1,9.90,9.90,false,1,
723,true,תפוח פינק ישראלי.,ביכורי השדה צפון 1994 ג.ד. בעמ,,,"ק""ג",1,,true,1,19.90,19.90,false,1,
734,true,קובו,ביכורי השדה צפון 1994 ג.ד. בעמ,,,"ק""ג",1,,true,1,29.90,29.90,false,1,
741,true,"תפו""א בתפזורת",ביכורי השדה צפון 1994 ג.ד. בעמ,,,"ק""ג",1,,true,1,5.90,5.90,false,1,
757,true,עגבניה שרי תמר,ביכורי השדה צפון 1994 ג.ד. בעמ,,,"ק""ג",1,,true,1,14.90,14.90,false,1,
821,true,תפוח פינק,ביכורי השדה צפון 1994 ג.ד. בעמ,,,"ק""ג",1,"ק""ג",true,1,19.90,19.90,false,1,
827,true,דלעת יפני שקיל,ביכורי השדה צפון 1994 ג.ד. בעמ,,,"ק""ג",1,,true,1,14.90,14.90,false,1,
837,true,אגס תפוח (נאשי),ביכורי השדה צפון 1994 ג.ד. בעמ,,,"ק""ג",1,,true,1,14.90,14.90,false,1,
868,true,חצי בגט,שונות /שרות,,,"י""ח",1,,false,1,3,3,false,1,
888,true,"הד שולדרס 500מ""ל",שונות /שרות,,,"י""ח",1,,false,1,19.90,19.90,false,1,
891,true,אפרסמון קרמבו.,ביכורי השדה צפון 1994 ג.ד. בעמ,,,"ק""ג",1,"ק""ג",true,1,11.90,11.90,false,1,
958,true,פטיה,ביכורי השדה צפון 1994 ג.ד. בעמ,,,"ק""ג",0,"י""ח",true,1,24.90,24.90,false,1,
1074,true,כרוב אדום,ביכורי השדה צפון 1994 ג.ד. בעמ,,,"ק""ג",1,,true,1,4.90,4.90,false,1,
1616,true,כוסברה,ביכורי השדה צפון 1994 ג.ד. בעמ,,,"י""ח",1,,false,1,6.90,6.90,true,1,
2009,true,מעריב חול/שבת בשקל,שונות /שרות,,,"י""ח",1,,false,1,6.90,6.90,false,1,
2061,true,סטייק עם עצם טרי**.,ח.י. מעדני גורמה בעמ,,,"ק""ג",1,,true,1,119.90,119.90,true,1,
2065,true,צלי כתף טרי/מצונן**,"ח.י. מעדני גורמה בע""מ",,,"ק""ג",1,,true,1,99.90,99.90,false,1,
2066,true,פילה מדומה טרי/מצונן**,ח.י. מעדני גורמה בעמ,,,"ק""ג",1,,true,1,84.90,84.90,true,1,
2069,true,צוואר טרי /מצונן חלק**,ח.י. מעדני גורמה בעמ,,,"ק""ג",1,"ק""ג",true,1,64.90,64.90,true,1,
3416,true,קוקטייל עוף טרי מקוצב,"ח.י. מעדני גורמה בע""מ",,,"ק""ג",1,,true,1,49.90,49.90,true,1,
3992,true,חצי בגט,לפ קבוצת אלירן בעמ,,,"י""ח",1,,false,1,3,3,false,1,
4443,true,סופגניה רגילה עם ריבה.,שונות /שרות,,,"י""ח",1,,false,1,4.90,4.90,true,1,
4444,true,סופגניה פרימיום מצופות.,ג נרל מילס ישראל בעמ,,,"י""ח",1,,false,1,5.90,5.90,true,1,
5042,true,אנטריקוט כשר טרי **,"ח.י. מעדני גורמה בע""מ",,,"ק""ג",1,,true,1,169.90,169.90,true,1,
6005,true,"עמלת חלקית 5ש""ח",שונות /שרות,,,"י""ח",1,,false,1,5,5,false,1,
6590,true,סופגניה מיני.,ג נרל מילס ישראל בעמ,,,"י""ח",55,ל גרם,false,1,3.90,7.09,true,1,
6600,true,עגבניות בישול,ביכורי השדה צפון 1994 ג.ד. בעמ,,,"ק""ג",1,,true,1,2.90,2.90,false,1,
6611,true,עגבניה שרי ארוז,ביכורי השדה צפון 1994 ג.ד. בעמ,,,"י""ח",1,,false,1,9.90,9.90,false,1,
6661,true,סלסלה לחג,שונות /שרות,,,"י""ח",1,,false,1,80,80,false,1,
7557,true,פומלית שמיטה,ביכורי השדה צפון 1994 ג.ד. בעמ,,,"ק""ג",1,,true,1,5.90,5.90,false,1,
8027,true,תרומה ילדים בסיכון,שונות /שרות,,,"י""ח",1,,false,1,10,10,false,1,
8883,true,שקית שרות קופה גופיה ירוק עבה במיוחד,רזפול בעמ,,,"י""ח",1,,false,1,0.30,0.30,true,1,
9343,true,קופון הנחה פיצה שלושת האופים ב5ש,נטו מלינדה סחר בעמ,,,"י""ח",1,,false,1,0.01,0.01,false,1,
11115,true,בייגלה רומני,מאפיית אריאל,,,"י""ח",260,ל גרם,false,1,4,1.54,false,1,
12751,true,פמלה,לפ אצל עליזה,,,"ק""ג",1,,true,1,55,55,false,1,
18163,true,קישואים,פלאפל הגשר מרכז,,,"ק""ג",0,"ק""ג",true,1,8.90,8.90,false,1,
23809,true,יין קלאסיק ברקן ק. סובניון,טמפו משקאות בעמ,,,"י""ח",750,"ל מ""ל",false,1,32.90,4.35,true,1,
23977,true,יין קלאסיק מרלו ברקן.,טמפו משקאות בעמ,,,"י""ח",750,"ל מ""ל",false,1,32.90,4.35,true,1,
24530,true,"יין אדום מתוק לקידוש של סגל 750מ""ל",טמפו משקאות בעמ,,,"י""ח",750,"ל מ""ל",false,1,14.90,1.95,false,1,
40974,true,חלב טרי דל לקטוז 1 ליטר,"תנובה בע""מ ***",,,"י""ח",1,ליטר,false,1,7.10,7.10,false,1,
41212,true,סטייק פרגיות עוף טרי**,"ח.י. מעדני גורמה בע""מ",,,"ק""ג",1,,true,1,79.90,79.90,true,1,
41218,true,גרון עוף טרי **,"ח.י. מעדני גורמה בע""מ",,,"ק""ג",1,,true,1,14.90,14.90,true,1,
41235,true,רצועות שוארמה הודו**,"ח.י. מעדני גורמה בע""מ",,,"ק""ג",1,,true,1,74.90,74.90,false,1,
41260,true,כתף בקר טרי /מצונן חלק.,"ח.י. מעדני גורמה בע""מ",,,"ק""ג",1,,true,1,79.90,79.90,true,1,
41269,true,גולש עגל טרי/מצונן**,"ח.י. מעדני גורמה בע""מ",,,"ק""ג",1,,true,1,79.90,79.90,true,1,
41270,true,כנפית עוף **,"ח.י. מעדני גורמה בע""מ",,,"ק""ג",1,,true,1,21.90,21.90,true,1,
41271,true,אנטריקוט טרי/מצונן**,"ח.י. מעדני גורמה בע""מ",,,"ק""ג",1,,true,1,199,199,true,1,
41326,true,צלי חזה בקר טרי **,"ח.י. מעדני גורמה בע""מ",,,"ק""ג",1,,true,1,69.90,69.90,true,1,
41379,true,שוקית כנף עוף **,"ח.י. מעדני גורמה בע""מ",,,"ק""ג",1,,true,1,21.90,21.90,true,1,
41414,true,אונטריף טרי/מצונן**,"ח.י. מעדני גורמה בע""מ",,,"ק""ג",1,,true,1,89.90,89.90,true,1,
41447,true,פרגית עוף לתנור עם עצם טרי**,"ח.י. מעדני גורמה בע""מ",,,"ק""ג",1,,true,1,59.90,59.90,true,1,
41659,true,אסאדו בלי עצם טרי**,"ח.י. מעדני גורמה בע""מ",,,"ק""ג",1,,true,1,79.90,79.90,true,1,
41680,true,דנוור סטייק טרי **.,ח.י. מעדני גורמה בעמ,,,"ק""ג",1,,true,1,118,118,false,1,
41830,true,דג אמנון שלם טרי מבצע **.,ח.י. מעדני גורמה בעמ,,,"ק""ג",1,,true,1,24.90,24.90,true,1,
41833,true,פילה סלומון טרי -מבצע**.,ח.י. מעדני גורמה בעמ,,,"ק""ג",1,,true,1,89.90,89.90,true,1,
41835,true,דג דניס טרי מבצע **.,ח.י. מעדני גורמה בעמ,,,"ק""ג",1,,true,1,39.90,39.90,true,1,
41839,true,פילה לברק טרי יחידה-מבצע **.,ח.י. מעדני גורמה בעמ,,,"י""ח",1,,false,1,10.90,10.90,false,1,
41841,true,לברק טרי שקיל-מבצע **.,ח.י. מעדני גורמה בעמ,,,"ק""ג",1,,true,1,39.90,39.90,false,1,
41996,true,מעורב ישראלי,"ח.י. מעדני גורמה בע""מ",,,"ק""ג",1,,true,1,69.90,69.90,true,1,
42209,true,טחון כתף/צלעות טרי **,"ח.י. מעדני גורמה בע""מ",,,"ק""ג",1,,true,1,59.90,59.90,true,1,
42288,true,שייטל עגל טרי מעדני גורמה**,ח.י. מעדני גורמה בעמ,,,"ק""ג",1,,true,1,99.90,99.90,false,1,
42323,true,אצבעות נגיסי עוף טרי**.,"ח.י. מעדני גורמה בע""מ",,,"ק""ג",1,,true,1,49.90,49.90,true,1,
46501,true,טל העמק שקיל,"תנובה בע""מ ***",,,"ק""ג",1000,ל גרם,true,1,60,6,false,1,
46549,true,מוצרלה חריץ 20% מהדרין שקיל,"תנובה בע""מ ***",,,"ק""ג",1,"ק""ג",true,1,79,79,false,1,
46662,true,.גבינה סקנדינבית,"תנובה בע""מ ***",,,"ק""ג",10,"ק""ג",true,1,76,7.60,false,1,
47027,true,גבינה קצ`קבל(גלעד) חריץ תנובה שקיל,"תנובה בע""מ ***",,,"ק""ג",1000,ל גרם,true,1,121,12.10,false,1,
47485,true,בולגרית פיראוס %24 שקיל,"תנובה בע""מ ***",,,"ק""ג",1,"ק""ג",true,1,57,57,false,1,
51352,true,חלב של פעם 1 ליטר,"תנובה בע""מ ***",,,"י""ח",1,ליטר,false,1,7.60,7.60,false,1,
51376,true,יופלה דיאט אננס ספורטיבי 150גר`,"תנובה בע""מ ***",,,"י""ח",150,ל גרם,false,1,5,3.33,false,1,
51710,true,פיראוס לאבנה עם שמן זית וזעתר 263גר`,"תנובה בע""מ ***",,,"י""ח",263,ל גרם,false,1,13.90,5.29,false,1,
52649,true,פיראוס לאבנה 5% 500גר`,"תנובה בע""מ ***",,,"י""ח",500,ל גרם,false,1,20,4,false,1,
55336,true,"יופלה משקה יוגורט טעם בננה-אפרסק 250מ""","תנובה בע""מ ***",,,"י""ח",250,ל גרם,false,1,5.60,2.24,false,1,
55343,true,"יופלה משקה יוגורט טעם טרופי 250מ""ל","תנובה בע""מ ***",,,"י""ח",250,ל גרם,false,1,5.60,2.24,false,1,
56845,true,חלב תנובה טרי הומוגני 3% 1.5 ליטר*,"תנובה בע""מ ***",,,"י""ח",1.50,ליטר,false,1,9.34,6.23,false,1,
56890,true,מאגדת יופלה שמיניה דיאט 0%,תנובה בעמ ***,,,"י""ח",1.20,ליטר,false,1,30.50,25.42,false,1,
57088,true,עמק דק 200גר`,"תנובה בע""מ ***",,,"י""ח",200,ל גרם,false,1,16.30,8.15,true,1,
57118,true,עמק סמי מעדניה 400גרם,"תנובה בע""מ ***",,,"י""ח",400,ל גרם,false,1,22.90,5.73,false,1,
57453,true,"(עמק 28% חריץ בד""ץ*","תנובה בע""מ ***",,,"ק""ג",1000,ל גרם,true,1,44.79,4.48,false,1,
58030,true,"יופלה שטוזים מקה יוגורט תות 800 מ""ל","תנובה בע""מ ***",,,"י""ח",800,"ל מ""ל",false,1,20.90,2.61,false,1,
58047,true,"שמנת מתוקה (38%תנובה)עם פקק 500 מ""ל*","תנובה בע""מ ***",,,"י""ח",500,"ל מ""ל",false,1,12.94,2.59,false,1,
58979,true,ג לי בטעם תות 125גר,"תנובה בע""מ ***",,,"י""ח",125,"ל מ""ל",false,1,1.50,1.20,false,1,
59310,true,דג לברק טרי,ח.י. מעדני גורמה בעמ,,,"ק""ג",1,,true,1,74.90,74.90,true,1,
61214,true,פתיתים קוסקום עם בצל 500גר`,קבוצת אוסם סחר-שות.מוגבלת,,,"י""ח",500,ל גרם,false,1,7.90,1.58,true,1,
65977,true,חטיפי פריכונים תירס שומשום 80 ג`,קבוצת אוסם סחר-שות.מוגבלת,,,"י""ח",800,ל גרם,false,1,8.30,1.04,false,1,
70919,true,בייגלה רשתות מלח 400גר,קבוצת אוסם סחר-שות.מוגבלת,,,"י""ח",400,ל גרם,false,1,12.90,3.23,false,1,
72067,true,במבה חלבה 60גר`,קבוצת אוסם סחר-שות.מוגבלת,,,"י""ח",60,ל גרם,false,1,4.30,7.17,true,1,
73699,true,חומוס 150גר צבר,קבוצת אוסם סחר-שות.מוגבלת,,,"י""ח",150,ל גרם,false,1,5.20,3.47,false,1,
75693,true,עוגת שמרים בריוש שוקולד,קבוצת אוסם סחר-שות.מוגבלת,,,"י""ח",360,ל גרם,false,1,17.90,4.97,false,1,
77253,true,לחמית כפרית עם דגנים מלאים 190 ג`,קבוצת אוסם סחר-שות.מוגבלת,,,"י""ח",190,ל גרם,false,1,8.90,4.68,true,1,
78888,true,כנגד תו,שונות /שרות,,,"י""ח",1,,false,1,0.10,0.10,false,1,
101132,true,לקט קטניות לחמין 800ג,תנובה בשר,,,"י""ח",800,ל גרם,false,1,21.90,2.74,true,1,
103525,true,"גזר גמדי בד""ץ 700גר",תנובה בשר,,,"י""ח",700,ל גרם,false,1,14.70,2.10,true,1,
103532,true,"גרעיני תירס בד""ץ",תנובה בשר,,,"י""ח",700,ל גרם,false,1,15.90,2.27,true,1,
104072,true,"עדשים מבושלים 1ק""ג",תנובה בשר,,,"י""ח",1,"ק""ג",false,1,19.90,19.90,true,1,
104188,true,שעועית אדומה מבושלת 800גר`,תנובה בשר,,,"י""ח",800,ל גרם,false,1,18.90,2.36,true,1,
120874,true,מיונז הלמנס לייט 424גרם,"יוניליוור ישראל שיווק בע""מ",,,"י""ח",424,ל גרם,false,1,13.90,3.28,false,1,
123073,true,כאמל כחול,גלוברנדס בעמ,,,"י""ח",1,,false,1,31,31,false,1,
124749,true,"קורנביף קפוא ארוז חב""ד",בלדי בעמ,,,"ק""ג",1,"ק""ג",true,1,46.90,46.90,false,1,
135311,true,פפסי מקס ליים 1.5 ליטר,טמפו משקאות בעמ,,,"י""ח",1.50,ליטר,false,1,7.50,4.80,true,1,
135465,true,"סודה טמפו 500 מ""ל 12 בק",טמפו משקאות בעמ,,,"י""ח",6,ליטר,false,1,29.90,4.38,true,1,
135595,true,פפסי מקס טעם דובדבן 1.5 ליטר,טמפו משקאות בעמ,,,"י""ח",1.50,ליטר,false,1,7.20,4.60,true,1,
136141,true,פפסי 1.5 ליטר.,טמפו משקאות בעמ,,,"י""ח",150,"ל מ""ל",false,1,7.60,4.87,true,1,
136158,true,פפסי מקס 1.5 ליטר,טמפו משקאות בעמ,,,"י""ח",1.50,ליטר,false,1,7.50,4.80,true,1,
136165,true,מירנדה 1.5 ליטר,טמפו משקאות בעמ,,,"י""ח",1.50,ליטר,false,1,7.60,4.87,true,1,
136172,true,סבן אפ 1.5 ליטר.,טמפו משקאות בעמ,,,"י""ח",1.50,ליטר,false,1,7.60,4.87,true,1,
136189,true,7-UP דיאט 1.5 ליטר,טמפו משקאות בעמ,,,"י""ח",1.50,ליטר,false,1,7.20,4.60,true,1,
136431,true,ג אמפ אפרסק צלול 1.5 ליטר,טמפו משקאות בעמ,,,"י""ח",1.50,ליטר,false,1,7.50,4.80,true,1,
136455,true,ג אמפ אשכוליות 1.5 ליטר,טמפו משקאות בעמ,,,"י""ח",1.50,ליטר,false,1,7.50,4.80,true,1,
136486,true,ג אמפ דיאט אשכוליות 1.5 ליטר,טמפו משקאות בעמ,,,"י""ח",1.50,ליטר,false,1,7.50,4.80,true,1,
136523,true,ג אמפ ענבים 1.5 ליטר,טמפו משקאות בעמ,,,"י""ח",1.50,ליטר,false,1,7.50,4.80,true,1,
136561,true,ג אמפ תות בננה 1.5 ליטר,טמפו משקאות בעמ,,,"י""ח",1.50,ליטר,false,1,7.50,4.80,true,1,
136608,true,ג אמפ תפוח צלול 1.5 ליטר,טמפו משקאות בעמ,,,"י""ח",1.50,ליטר,false,1,7.50,4.80,true,1,
136790,true,סודה 1.5 ליטר שישיה טמפו,טמפו משקאות בעמ,,,"י""ח",9,ליטר,false,1,16.90,1.68,false,1,
136806,true,סודה לימון ליים 1.5ליטר רביעייה,טמפו משקאות בעמ,,,"י""ח",6,ליטר,false,1,12.30,1.85,true,1,
136820,true,סודה פירות יער 1.5ליטר רביעייה.,טמפו משקאות בעמ,,,"י""ח",6,ליטר,false,1,12.30,1.85,true,1,
136837,true,סודה נגיעות אפרסק 1.5ליטר רביעייה.,טמפו משקאות בעמ,,,"י""ח",6,ליטר,false,1,12.30,1.85,true,1,
136868,true,סאן בנדטו שישיה 1.5 ל,טמפו משקאות בעמ,,,"י""ח",9,ליטר,false,1,17.90,1.79,false,1,
136875,true,סאן בנדטו מוגז שישיה 1.5 ליטר,טמפו משקאות בעמ,,,"י""ח",9,ליטר,false,1,19.90,2.01,false,1,
152943,true,מארז סלמי+פסטרמה 350*2,קבוצת אוסם סחר-שות.מוגבלת,,,"י""ח",700,ל גרם,false,1,29.90,4.27,false,1,
158105,true,שניצל דינוזאור עוף טוב,קבוצת אוסם סחר-שות.מוגבלת,,,"י""ח",700,ל גרם,false,1,29.90,4.27,true,1,
166605,true,סיף כללי יסמין 4 ליטר,"יוניליוור ישראל שיווק בע""מ",,,"י""ח",4,ליטר,false,1,19.90,4.98,false,1,
168173,true,ברנפלקס קראנצ`ים 375גרם,"יוניליוור ישראל שיווק בע""מ",,,"י""ח",500,ל גרם,false,1,19.90,3.98,false,1,
169538,true,נמס בכוס מרק עגבניות עם קרוטונים 62 ג`ב,"יוניליוור ישראל שיווק בע""מ",,,"י""ח",34,ל גרם,false,1,6.90,20.29,true,1,
169798,true,"עוגי מופחת סוכר 500 ג בד""ץ","יוניליוור ישראל שיווק בע""מ",,,"י""ח",500,ל גרם,false,1,19.90,3.98,true,1,
185330,true,סילאן טבעי 900ג,תה ויסוצקי (ישראל)בעמ,,,"י""ח",900,ל גרם,false,1,23.90,2.66,true,1,
186535,true,נייר טואלט לילי טריו 32 לבן,קימברלי קלארק ישראל שיווק בעמ,,,"י""ח",1788,ל גרם,false,1,41.90,2.34,false,1,
187853,true,נייר טואלט לילי לבן 1/40,קימברלי קלארק ישראל שיווק בעמ,,,"י""ח",40,"י""ח",false,1,43.90,1.10,true,1,
188355,true,מגבות ניקול לבנה 1/6,קימברלי קלארק ישראל שיווק בעמ,,,"י""ח",66.20,מטר,false,1,12.90,0.19,true,1,
188386,true,מגבות ניקול לבנה 1/12,קימברלי קלארק ישראל שיווק בעמ,,,"י""ח",132.40,מארז,false,1,21.90,0.17,false,1,
188591,true,מגני תחתון קוטקס SILK יאנג,קימברלי קלארק ישראל שיווק בעמ,,,"י""ח",1,"י""ח",false,1,22.90,22.90,true,1,
191171,true,קלינקס קולקשן זוג ניילון,קימברלי קלארק ישראל שיווק בעמ,,,"י""ח",80,"י""ח",false,1,9.90,0.12,false,1,
191225,true,האגיס ליטל בייביס שלב 2 חדש,קימברלי קלארק ישראל שיווק בעמ,,,"י""ח",1,"י""ח",false,1,31.90,31.90,false,1,
192581,true,מגבות ניקול גליל כפול 6=12,קימברלי קלארק ישראל שיווק בעמ,,,"י""ח",6,"י""ח",false,1,21.90,3.65,false,1,
194141,true,מכנסון גזרתי סופר נייט XL,קימברלי קלארק ישראל שיווק בעמ,,,"י""ח",15,"י""ח",false,1,74.90,4.99,false,1,
194288,true,משטח החתלה,קימברלי קלארק ישראל שיווק בעמ,,,"י""ח",1,,false,1,22.90,22.90,false,1,
194837,true,שקיות למזון גדולות במיוחד,קימברלי קלארק ישראל שיווק בעמ,,,"י""ח",200,"י""ח",false,1,13.90,0.07,true,1,
195216,true,נייר אפיה לתנור בשקית 50יח,קימברלי קלארק ישראל שיווק בעמ,,,"י""ח",1,"י""ח",false,1,10.90,10.90,false,1,
197425,true,האגיס פרידום דריי שלב 3,קימברלי קלארק ישראל שיווק בעמ,,,"י""ח",54,"י""ח",false,1,45.90,0.85,true,1,
197456,true,האגיס פרידום דריי שלב 4,קימברלי קלארק ישראל שיווק בעמ,,,"י""ח",44,"י""ח",false,1,45.90,1.04,true,1,
197463,true,האגיס פרידום דריי שלב 4+,קימברלי קלארק ישראל שיווק בעמ,,,"י""ח",42,"י""ח",false,1,45.90,1.09,true,1,
197548,true,האגיס פרידום דריי שלב 5,קימברלי קלארק ישראל שיווק בעמ,,,"י""ח",38,"י""ח",false,1,45.90,1.21,true,1,
197678,true,האגיס פרידום דריי שלב 6,קימברלי קלארק ישראל שיווק בעמ,,,"י""ח",34,"י""ח",false,1,45.90,1.35,true,1,
201832,true,טיטולים פרמיום שלב 3,קימברלי קלארק ישראל שיווק בעמ,,,"י""ח",1,"י""ח",false,1,36.90,36.90,true,1,
201849,true,טיטולים פרמיום שלב 4,קימברלי קלארק ישראל שיווק בעמ,,,"י""ח",1,"י""ח",false,1,36.90,36.90,true,1,
201856,true,טיטולים פרמיום שלב 4+,קימברלי קלארק ישראל שיווק בעמ,,,"י""ח",1,"י""ח",false,1,36.90,36.90,true,1,
201863,true,טיטולים פרמיום שלב 5,קימברלי קלארק ישראל שיווק בעמ,,,"י""ח",1,"י""ח",false,1,36.90,36.90,true,1,
201870,true,טיטולים פרמיום שלב 6,קימברלי קלארק ישראל שיווק בעמ,,,"י""ח",1,"י""ח",false,1,36.90,36.90,true,1,
205762,true,האגיס אקסטרא קר מידה 3,קימברלי קלארק ישראל שיווק בעמ,,,"י""ח",1,"י""ח",false,1,57.90,57.90,true,1,
209012,true,חומץ 1ליטר]יכין[,זנלכל בעמ,,,"י""ח",600,"ל מ""ל",false,1,6.90,1.15,true,1,
209371,true,שלשות תירס 6OZ,זנלכל בעמ,,,"י""ח",600,ל גרם,false,1,14.90,2.48,false,1,
209388,true,תירס לייט 150 ג שלישיה,זנלכל בעמ,,,"י""ח",1,,false,1,14.90,14.90,false,1,
210469,true,עגב. שלמות A2.5 יכין,זנלכל בעמ,,,"י""ח",800,"ל מ""ל",false,1,9.90,1.24,false,1,
253374,true,מיני שוקולד ציפס 250גר אופנהיימר,תה ויסוצקי (ישראל)בעמ,,,"י""ח",250,ל גרם,false,1,14.90,5.96,false,1,
253459,true,שוקולד ציפס טעם קרמל 260גר אופניימר,תה ויסוצקי (ישראל)בעמ,,,"י""ח",260,ל גרם,false,1,10.90,4.19,false,1,
253800,true,סוכריות לקישוט צבעים טבעיים 90גר,תה ויסוצקי (ישראל)בעמ,,,"י""ח",90,ל גרם,false,1,7.90,8.78,false,1,
263359,true,האגיס פומלה NB1.,קימברלי קלארק ישראל שיווק בעמ,,,"י""ח",1,"י""ח",false,1,31.90,31.90,false,1,
293820,true,"ג`ל רחצה קרמה מן 700מ""ל",החב הדרומית לשיווק,,,"י""ח",1,,false,1,14.90,14.90,false,1,
311272,true,וופל חלבה 180 גר`מן,ח.כהן סוכנות מזון ומשקאות בע,,,"י""ח",180,ל גרם,false,1,4.90,2.72,false,1,
311869,true,וופל שוקולד ללא סוכר 180ג מן,ח.כהן סוכנות מזון ומשקאות בע,,,"י""ח",180,ל גרם,false,1,7.90,4.39,false,1,
311876,true,"וופלים וניל לל""ס 180גר מן",ח.כהן סוכנות מזון ומשקאות בע,,,"י""ח",200,ל גרם,false,1,7.90,3.95,false,1,
315140,true,"קורנפלקס מלאה 500גר בד""ץ",יוניליוור ישראל שיווק בעמ,,,"י""ח",575,ל גרם,false,1,17.90,3.11,false,1,
318189,true,פסטרמה ברביקיו על האש 300גר.,מעדני יחיעם 1993 בעמ,,,"י""ח",300,ל גרם,false,1,29.90,9.97,false,1,
319292,true,"נקניקיות וינר פלוס1 ק""ג",מעדני יחיעם 1993 בעמ,,,"י""ח",1,"ק""ג",false,1,19.90,19.90,false,1,
319391,true,"נקניקיות צ`ופר 1 ק""ג",מעדני יחיעם 1993 בעמ,,,"י""ח",1,"ק""ג",false,1,20.90,20.90,false,1,
327020,true,"פפסי שישייה פחיות 330מ""ל",טמפו משקאות בעמ,,,"י""ח",1.98,ליטר,false,1,19.90,9.14,false,1,
327044,true,"סבן אפ שישייה פחיות 330מ""ל",טמפו משקאות בעמ,,,"י""ח",1.98,ליטר,false,1,19.90,9.14,false,1,
327075,true,"סודה בטעם למון ליים 500מ""ל שישייה",טמפו משקאות בעמ,,,"י""ח",3,ליטר,false,1,15.90,4.70,false,1,
364261,true,סלסולי כתף בקר 120גר`,תנובה בשר,,,"י""ח",120,ל גרם,false,1,13.90,11.58,false,1,
364278,true,סלסולי סלמי איטלקי משובח 120גר`,תנובה בשר,,,"י""ח",120,ל גרם,false,1,13.90,11.58,false,1,
364292,true,סלסולי פסטרמה גחלים 120גר`,תנובה בשר,,,"י""ח",120,ל גרם,false,1,13.90,11.58,false,1,
379240,true,חלה רגילה מרובעת 500 גרם*,שלמה א.אנג ל בעמ,,,"י""ח",500,ל גרם,false,1,5.10,1.02,false,1,
400100,true,"סה""כ עבר לכספר",שונות /שרות,,,"י""ח",250,"ל מ""ל",false,1,0.10,0.04,false,1,
415925,true,סיגרים בשר בית יוסף,עת -רן (1996) בעמ,,,"י""ח",1,,false,1,49.90,49.90,false,1,
415949,true,קובה חמוסטה בית יוסף,עת -רן (1996) בעמ,,,"י""ח",1,,false,1,64.90,64.90,false,1,
416922,true,ממרח חלב שחר 350 חלבי,השחר העולה תעשית ממתקים,,,"י""ח",350,ל גרם,false,1,10.90,3.11,false,1,
446745,true,חמאה שקדים 350ג,בטר אנד דיפרנט בעמ,,,"י""ח",350,ל גרם,false,1,44.90,12.83,false,1,
446752,true,ממרח שומשום בטעם חלבה 350גר.,בטר אנד דיפרנט בעמ,,,"י""ח",350,ל גרם,false,1,13.90,3.97,false,1,
446905,true,"ממרח חלבה טעם וניל 1ק""ג",בטר אנד דיפרנט בעמ,,,"י""ח",1,"ק""ג",false,1,26.90,26.90,false,1,
453385,true,שמרים יבשים פאקא אינסטנט שקית 500גר,"שטראוס גרופ בע""מ",,,"י""ח",500,ל גרם,false,1,12.90,2.58,true,1,
453408,true,בצק פיצה דק ומוכן לאפיה שמרית 415גר,"שטראוס גרופ ***בע""מ",,,"י""ח",415,ל גרם,false,1,16.90,4.07,true,1,
453415,true,בצק עלים מצונן ומוכן לאפיה שמרית 300גר,"שטראוס גרופ ***בע""מ",,,"י""ח",300,ל גרם,false,1,14.90,4.97,true,1,
453422,true,בצק פילו מוכן לאפיה שמרית 300גר,"שטראוס גרופ ***בע""מ",,,"י""ח",300,ל גרם,false,1,14.90,4.97,true,1,
453781,true,שמרים יבשים 125ג שמרית.,"שטראוס גרופ בע""מ",,,"י""ח",125,ל גרם,false,1,5.90,4.72,true,1,
453798,true,שמרים אקטיבים 500גר עלית,"שטראוס גרופ בע""מ",,,"י""ח",500,ל גרם,false,1,15,3,true,1,
453866,true,נטורינה קוקוס 200גר,"שטראוס גרופ ***בע""מ",,,"י""ח",200,ל גרם,false,1,7.90,3.95,true,1,
462141,true,סחוג אדום חריף זהבי 150גר`,"שטראוס גרופ ***בע""מ",,,"י""ח",150,ל גרם,false,1,7.90,5.27,true,1,
462981,true,זחוק חריף אש 150גרם אחלה,"שטראוס גרופ ***בע""מ",,,"י""ח",150,ל גרם,false,1,7.90,5.27,true,1,
467153,true,חומוס סמיר הגדול 400גר,קבוצת אוסם סחר-שות.מוגבלת,,,"י""ח",400,ל גרם,false,1,14.80,3.70,true,1,
467320,true,חומוס אבו מרוואן 400גר,קבוצת אוסם סחר-שות.מוגבלת,,,"י""ח",400,ל גרם,false,1,14.80,3.70,true,1,
480107,true,"קוואקר אוטס פח 500 מ""ל","שטראוס פריטו ליי בע""מ",,,"י""ח",500,ל גרם,false,1,10.90,2.18,true,1,
481531,true,מארז 10 לחמניות מחיטה מלאה,דגנית עין בר ~~~,,,"י""ח",1,,false,1,12.90,12.90,false,1,
481883,true,מארז 10 לחמניות אצבע.,דגנית עין בר ~~~,,,"י""ח",1,,false,1,11.90,11.90,false,1,
498034,true,לחם כוסמין 100% E-FREE,י.את א. ברמן בעמ,,,"י""ח",750,ל גרם,false,1,15.90,2.12,false,1,
518190,true,מתוק וקל סטיביה 100 שק.,מתוק וקל בעמ,,,"י""ח",25,ל גרם,false,1,24.70,98.80,false,1,
518220,true,סוכרה דיאט 100 יח.,מתוק וקל בעמ,,,"י""ח",100,"י""ח",false,1,26.90,0.27,false,1,
521008,true,יין סגל אדום יבש,טמפו משקאות בעמ,,,"י""ח",750,"ל מ""ל",false,1,21.90,2.88,true,1,
521015,true,יין סגל לבן,טמפו משקאות בעמ,,,"י""ח",750,"ל מ""ל",false,1,21.90,2.88,true,1,
523804,true,"מלח עדין 1 ק""ג צנצנת הארץ",סוגת תעשיות בעמ,,,"י""ח",1,"ק""ג",false,1,6.90,6.90,false,1,
536743,true,קריספי סטיקס תירס 500 גרם,זוגלובק שיווק בעמ,,,"י""ח",1.50,"ק""ג",false,1,14.90,9.93,false,1,
554532,true,צפתית גד מעודנת 5% במלח ים טבעי 200 ג,מחלבות גד,,,"י""ח",200,"ל מ""ל",false,1,13.90,6.95,false,1,
554815,true,גבינה מוצרלה משק}גד{,מחלבות גד,,,"ק""ג",1,,true,1,79.90,79.90,false,1,
554921,true,ריקוטה }גד 5% מעדנייה,מחלבות גד,,,"ק""ג",1,,true,1,56.90,56.90,false,1,
555502,true,אריזת פקדון(חוק פקדון),שונות /שרות,,,"י""ח",1,,false,1,0.30,0.30,false,1,
555503,true,פיקדון X 6,שונות /שרות,,,"י""ח",1,,false,1,1.80,1.80,false,1,
555504,true,פיקדון X 4,שונות /שרות,,,"י""ח",1,,false,1,1.20,1.20,false,1,
555505,true,פיקדון X 24,שונות /שרות,,,"י""ח",1,,false,1,7.20,7.20,false,1,
555509,true,פיקדון 12X,שונות /שרות,,,"י""ח",1,,false,1,3.60,3.60,false,1,
555513,true,פיקדון *5בקבוקים,טמפו משקאות בעמ,,,"י""ח",1,,false,1,1.50,1.50,false,1,
570576,true,חצי באגט,לפ מאפיית גילת בעמ,,,"י""ח",0,"י""ח",false,1,2.90,2.90,false,1,
571203,true,דלעת,רגבים עלים ירוקים בעמ,,,"ק""ג",1,,true,1,21.90,21.90,false,1,
574172,true,לחם קל מחיטה מלאה 750גר`,דגנית עין בר ~~~,,,"י""ח",750,ל גרם,false,1,14.90,1.99,false,1,
574370,true,לחם שיפון אמיתי קל 750גר,דגנית עין בר ~~~,,,"י""ח",750,ל גרם,false,1,14.90,1.99,false,1,
630519,true,עוף טרי שלם מוכשר(קצביה)**.,"ח.י. מעדני גורמה בע""מ",,,"ק""ג",1,"ק""ג",true,1,19.90,19.90,false,1,
631059,true,כבד עוף טרי(קצביה) **.,"ח.י. מעדני גורמה בע""מ",,,"ק""ג",1,"ק""ג",true,1,29.90,29.90,true,1,
632278,true,שניצל עוף פרימיום נקי ודק דק[קצביה].,"ח.י. מעדני גורמה בע""מ",,,"ק""ג",1,"ק""ג",true,1,49.90,49.90,true,1,
632308,true,חזה עוף חצוי נקי טרי(קצביה )**.,"ח.י. מעדני גורמה בע""מ",,,"ק""ג",1,,true,1,42.80,42.80,true,1,
641751,true,חזה הודו טרי נז קצביה**,"ח.י. מעדני גורמה בע""מ",,,"ק""ג",1,,true,1,34.90,34.90,false,1,
642840,true,שוקיים הודו טרי**,ח.י. מעדני גורמה בעמ,,,"ק""ג",1,,true,1,29.90,29.90,false,1,
643243,true,שווארמה הודו נקבה}קצביה{**,"ח.י. מעדני גורמה בע""מ",,,"ק""ג",1,,true,1,74.90,74.90,false,1,
643946,true,כנף הודו טרי}קצביה{**,"ח.י. מעדני גורמה בע""מ",,,"ק""ג",1,,true,1,14.90,14.90,false,1,
644356,true,גרון הודו טרי(קצביה)**,"ח.י. מעדני גורמה בע""מ",,,"ק""ג",1,,true,1,32.90,32.90,false,1,
644783,true,דג סלמון קפוא מנות תנובה,תנובה בשר,,,"ק""ג",1,"ק""ג",true,1,89.90,89.90,false,1,
645216,true,הודו זנבות(קצביה)**,ח.י. מעדני גורמה בעמ,,,"ק""ג",1,,true,1,7.90,7.90,false,1,
646299,true,פילה נסיכת נילוס 100% דג,תנובה בשר,,,"ק""ג",1,,true,1,54.90,54.90,false,1,
652177,true,נתחי פילה נסיכה 100% דג,תנובה בשר,,,"ק""ג",1,,true,1,59.90,59.90,false,1,
654546,true,פילה אמנון 7-9 100% דג פרמיום,תנובה בשר,,,"ק""ג",1,,true,1,34.90,34.90,false,1,
657657,true,מאפים טריים במשקל אפיה מקומית.,ג נרל מילס ישראל בעמ ~~~,,,"ק""ג",1,,true,1,44.90,44.90,true,1,
657658,true,מאפים פרימיום פילסברי,ג נרל מילס ישראל בעמ,,,"ק""ג",1,,true,1,34.90,34.90,false,1,
662817,true,סלמון מעושן 100גר,תנובה בשר,,,"י""ח",100,ל גרם,false,1,19.90,19.90,false,1,
663036,true,פילה אמנון ללא עור קפוא,תנובה בשר,,,"ק""ג",1,,true,1,44.90,44.90,false,1,
666601,true,פיקדון 0.30.,שונות /שרות,,,"י""ח",1,"י""ח",false,1,0.30,0.30,false,1,
688381,true,מי עדן שישיה 0.5 ליטר,יפאורה שותפות מוגבלת לשיווק,,,"י""ח",3,ליטר,false,1,13.90,4.03,true,1,
688428,true,מי מינרלים בודד חצי ליטר,יפאורה שותפות מוגבלת לשיווק,,,"י""ח",500,"ל מ""ל",false,1,3,0.54,false,1,
688503,true,"מי עדן שישייה ג ים 750 מ""ל",יפאורה שותפות מוגבלת לשיווק,,,"י""ח",4.50,ליטר,false,1,16.50,3.27,true,1,
961804,true,דלעת ארוזה שקיל,ביכורי השדה צפון 1994 ג.ד. בעמ,,,"ק""ג",1,,true,1,12.90,12.90,false,1,
976433,true,קשיו קלוי שקיל,****דין שיווק וקליה 2021 בעמ,,,"ק""ג",1,,true,1,95,95,true,1,
976457,true,גרעין אבטיח שקיל,****דין שיווק וקליה 2021 בעמ,,,"ק""ג",1,,true,1,59,59,false,1,
976471,true,גרעיני דלעת מקולפת שקיל,****דין שיווק וקליה 2021 בעמ,,,"ק""ג",1,,true,1,65,65,false,1,
976501,true,צימוק חום שקיל,****דין שיווק וקליה 2021 בעמ,,,"ק""ג",1,,true,1,30,30,false,1,
976532,true,אפונה קלויה שקיל,****דין שיווק וקליה 2021 בעמ,,,"ק""ג",1,,true,1,50,50,false,1,
976556,true,צנובר שקיל,****דין שיווק וקליה 2021 בעמ,,,"ק""ג",1,,true,1,199,199,false,1,
976594,true,פו מצרי/אפונה קלויה שקיל,****דין שיווק וקליה 2021 בעמ,,,"ק""ג",1,,true,1,55,55,false,1,
976600,true,משמש שקיל,****דין שיווק וקליה 2021 בעמ,,,"ק""ג",1,,true,1,55,55,false,1,
976662,true,פקאן טבעי שקיל,****דין שיווק וקליה 2021 בעמ,,,"ק""ג",1,,true,1,119,119,false,1,
976716,true,תירס שקיל,****דין שיווק וקליה 2021 בעמ,,,"ק""ג",1,,true,1,50,50,false,1,
976754,true,מנצס שקיל,****דין שיווק וקליה 2021 בעמ,,,"ק""ג",1,,true,1,45,45,false,1,
976761,true,אגוז מלך קלוף שקיל,****דין שיווק וקליה 2021 בעמ,,,"ק""ג",1,,true,1,59,59,false,1,
976778,true,שקד מולבן משובב שקיל,****דין שיווק וקליה 2021 בעמ,,,"ק""ג",1,,true,1,115,115,false,1,
976785,true,קשיו מסוכר שקיל,****דין שיווק וקליה 2021 בעמ,,,"ק""ג",1,,true,1,85,85,false,1,
976808,true,בוטן קליפה קלוי שקיל,****דין שיווק וקליה 2021 בעמ,,,"ק""ג",1,,true,1,23,23,false,1,
976846,true,פיסטוק קלוף שקיל,****דין שיווק וקליה 2021 בעמ,,,"ק""ג",1,,true,1,149,149,false,1,
976884,true,פקאן סיני מסוכר שקיל,****דין שיווק וקליה 2021 בעמ,,,"ק""ג",1,,true,1,118,118,false,1,
977010,true,קבוקים שקיל.,****דין שיווק וקליה 2021 בעמ,,,"ק""ג",1,,true,1,35,35,false,1,
977089,true,קשיו טבעי שקיל,****דין שיווק וקליה 2021 בעמ,,,"ק""ג",1,,true,1,89,89,false,1,
977102,true,תערובת פיצוחים שקיל,****דין שיווק וקליה 2021 בעמ,,,"ק""ג",1,,true,1,95,95,false,1,
977140,true,מקדמיה טבעית שקיל,****דין שיווק וקליה 2021 בעמ,,,"ק""ג",1,,true,1,150,150,false,1,
977355,true,בוטן אמריקאי שקיל,****דין שיווק וקליה 2021 בעמ,,,"ק""ג",1,,true,1,26,26,false,1,
977454,true,גרעין שחור שקיל,****דין שיווק וקליה 2021 בעמ,,,"ק""ג",1,,true,1,29,29,true,1,
977478,true,בוטנים קלויים שקיל,****דין שיווק וקליה 2021 בעמ,,,"ק""ג",1,,true,1,37,37,true,1,
977485,true,גרעין לבן שקיל,****דין שיווק וקליה 2021 בעמ,,,"ק""ג",1,,true,1,39,39,false,1,
977492,true,בונדוק טבעי שקיל,****דין שיווק וקליה 2021 בעמ,,,"ק""ג",1,,true,1,110,110,false,1,
977676,true,שקד קלוי שקיל,****דין שיווק וקליה 2021 בעמ,,,"ק""ג",1,,true,1,79,79,true,1,
977683,true,פקאן קלוף קלוי שקיל,****דין שיווק וקליה 2021 בעמ,,,"ק""ג",1,,true,1,126,126,false,1,
977690,true,שקד בקליפה קלוי שקיל,****דין שיווק וקליה 2021 בעמ,,,"ק""ג",1,,true,1,60,60,false,1,
977706,true,ברזיל טבעי שקיל,****דין שיווק וקליה 2021 בעמ,,,"ק""ג",1,,true,1,115,115,false,1,
977751,true,צימוק גמבו שקיל,****דין שיווק וקליה 2021 בעמ,,,"ק""ג",1,,true,1,44,44,false,1,
977782,true,תאנין יבשות שקיל,****דין שיווק וקליה 2021 בעמ,,,"ק""ג",1,,true,1,49,49,false,1,
977799,true,שזיפים ללא גלעין שקיל,****דין שיווק וקליה 2021 בעמ,,,"ק""ג",1,,true,1,47,47,false,1,
977850,true,צימוק לבן קטן שקיל,****דין שיווק וקליה 2021 בעמ,,,"ק""ג",1,,true,1,37,37,false,1,
978024,true,בננה ציפס שקיל,****דין שיווק וקליה 2021 בעמ,,,"ק""ג",1,,true,1,35,35,false,1,
978383,true,תמר מגהול ענק שקיל,****דין שיווק וקליה 2021 בעמ,,,"ק""ג",1,,true,1,45,45,false,1,
978895,true,פרות טרופים שקיל,****דין שיווק וקליה 2021 בעמ,,,"ק""ג",1,,true,1,70,70,false,1,
989686,true,אגוז טחון שקיל,****דין שיווק וקליה 2021 בעמ,,,"ק""ג",1,,true,1,90,90,false,1,
989709,true,אגוז ברזיל קלוי שקיל,****דין שיווק וקליה 2021 בעמ,,,"ק""ג",1,,true,1,100,100,false,1,
989778,true,חמוציות שקיל,****דין שיווק וקליה 2021 בעמ,,,"ק""ג",1,,true,1,45,45,false,1,
990261,true,"חומוס 1 ק""ג סוגת.",סוגת תעשיות בעמ,,,"י""ח",1,"ק""ג",false,1,14.90,14.90,true,1,
1003862,true,עוף מס `2 ביסטריצקי}קפוא{,עוף ירושלים שיווק בעמ,,,"ק""ג",1,"ק""ג",true,1,29.90,29.90,false,1,
1003954,true,שניצל עוף ביסטריצקי}קפוא{.,עוף ירושלים שיווק בעמ,,,"ק""ג",1,"ק""ג",true,1,41.90,41.90,false,1,
1121795,true,נקניקיות עוף חריפות 400גרם,מעדני יחיעם 1993 בעמ,,,"י""ח",400,ל גרם,false,1,11.90,2.98,false,1,
1121849,true,פסטרמה הודו 100% חומרים טבעיים 250גרם,מעדני יחיעם 1993 בעמ,,,"י""ח",250,ל גרם,false,1,24.90,9.96,false,1,
1123041,true,בשר 5 חלק,נטו מלינדה סחר בעמ,,,"ק""ג",1,,true,1,59.90,59.90,false,1,
1134153,true,גרון הודו קפוא ארוז.,נטו מלינדה סחר בעמ,,,"ק""ג",1,,true,1,29.90,29.90,false,1,
1201510,true,ביצים M 30 יח,מ.לסר בעמ,,,"י""ח",30,"י""ח",false,1,27.80,0.93,false,1,
1201589,true,ביצים L 12 יח*,מ.לסר בעמ,,,"י""ח",12,"י""ח",false,1,12.05,1,false,1,
1201596,true,ביצים M 12 יח*,מ.לסר בעמ,,,"י""ח",12,"י""ח",false,1,11.15,0.93,false,1,
1201602,true,ביצים L 18יח,מ.לסר בעמ,,,"י""ח",18,"י""ח",false,1,18,1,false,1,
1201619,true,ביצים M 18יח,מ.לסר בעמ,,,"י""ח",18,"י""ח",false,1,16.70,0.93,false,1,
1209349,true,עוף טרי ארוז עטרה,ח.י. מעדני גורמה בעמ,,,"ק""ג",1,"ק""ג",true,1,22.90,22.90,true,1,
1209356,true,כרעיים עוף טרי עטרה ארוז,"ח.י. מעדני גורמה בע""מ",,,"ק""ג",1,"ק""ג",true,1,32.90,32.90,true,1,
1209394,true,כנפיים עוף טרי עטרה,ח.י. מעדני גורמה בעמ,,,"ק""ג",1,,true,1,13.90,13.90,false,1,
1209547,true,פילה עוף קפוא עטרה,נטו מלינדה סחר בעמ,,,"ק""ג",1,,true,1,34.90,34.90,false,1,
1216040,true,"טחינה""אל ארז""רגילה 500גר",סוגת תעשיות בעמ,,,"י""ח",500,ל גרם,false,1,16.90,3.38,false,1,
1216057,true,"טחינה אל ארז 1ק""ג",סוגת תעשיות בעמ,,,"י""ח",1,"ק""ג",false,1,31.90,31.90,false,1,
1216101,true,"טחינה""אל ארז""מלאה 1ק""ג",סוגת תעשיות בעמ,,,"י""ח",1,"ק""ג",false,1,35.90,35.90,false,1,
1216231,true,"טחינה""אל ארז""מלאה 500גר",סוגת תעשיות בעמ,,,"י""ח",500,ל גרם,false,1,17.90,3.58,false,1,
1230331,true,כאמל בוקס בודד.,גלוברנדס בעמ,,,"י""ח",1,,false,1,31,31,false,1,
1231932,true,וינסטון כחול בודד.,גלוברנדס בעמ,,,"י""ח",1,,false,1,32.50,32.50,false,1,
1245798,true,נ.כלים לימון 1.6 ל`טאצ,סאסאטק אגשח בעמ,,,"י""ח",1.60,ליטר,false,1,11.90,7.44,true,1,
1245835,true,נוזל רצפות אורנים 4ליטר טאצ`,סאסאטק אגשח בעמ,,,"י""ח",4,ליטר,false,1,14.90,3.73,true,1,
1246184,true,מבשם נטול גז 350 מ``ל טאצ,סאסאטק אגשח בעמ,,,"י""ח",350,"ל מ""ל",false,1,9.90,2.83,false,1,
1246337,true,"גל אסלות אורנים 750מ""ל טאצ`",סאסאטק אגשח בעמ,,,"י""ח",750,"ל מ""ל",false,1,9.90,1.32,false,1,
1246351,true,נוזל רצפות לבנדר 4ליטר טאצ`.,סאסאטק אגשח בעמ,,,"י""ח",4,ליטר,false,1,14.90,3.73,true,1,
1246528,true,מרכך כביסה מרוכז פרםיום מיסטרי 1 ל`טא,סאסאטק אגשח בעמ,,,"י""ח",1,ליטר,false,1,13.90,13.90,true,1,
1322130,true,שריר הזרוע מס -8קפוא מוצפי,בלדי בעמ,,,"ק""ג",1,"ק""ג",true,1,36.90,36.90,false,1,
1322727,true,צלי כתף מס 5 קפוא הרב בעדני,בלדי בעמ,,,"ק""ג",1,"ק""ג",true,1,84.90,84.90,true,1,
1415290,true,עוגת שמרים קינמון,ג נרל מילס ישראל בעמ,,,"י""ח",1,,false,1,24.90,24.90,true,1,
1419618,true,וופל בלגי שוקו 200גר`,ח.כהן סוכנות מזון ומשקאות בע,,,"י""ח",200,ל גרם,false,1,3.90,1.95,true,1,
1436790,true,מרגז מיני נקניקיות 500ג,בלדי בעמ,,,"י""ח",500,ל גרם,false,1,30.90,6.18,false,1,
1444160,true,"שמן זית כתית מעולה מ עץ הזית 750 מ""ל.",סוגת תעשיות בעמ,,,"י""ח",750,"ל מ""ל",false,1,33.90,4.52,true,1,
1459690,true,"טחון בקר טהור 1ק""ג חב""ד קפוא",בלדי בעמ,,,"י""ח",1,"ק""ג",false,1,39.90,39.90,false,1,
1459706,true,"טחון בקר 1ק""ג חב""ד קפוא",בלדי בעמ,,,"י""ח",1,"ק""ג",false,1,32.90,32.90,false,1,
1459713,true,"גולש בקר 800גרם חב""ד ארוז",בלדי בעמ,,,"י""ח",400,ל גרם,false,1,36.90,9.23,false,1,
1461112,true,לחם מחמצת דגנים 530גר,ג נרל מילס ישראל בעמ ~~~,,,"י""ח",530,ל גרם,false,1,16.90,3.19,true,1,
1461303,true,שקית לפיתות,ג נרל מילס ישראל בעמ,,,"י""ח",10,"י""ח",false,1,13.90,1.39,true,1,
1461365,true,כריך רוסטיק לבן,ג נרל מילס ישראל בעמ,,,"י""ח",1,,false,1,7.90,7.90,true,1,
1498897,true,מארז מתנות,מוסקו בעמ,,,"י""ח",1,,false,1,14.90,14.90,false,1,
1552049,true,סולטנה קוסקוס מרוקאי}מטעמי פאר{,מטעמי פאר (א.מ.נ) בעמ,,,"י""ח",800,ל גרם,false,1,15.90,1.99,false,1,
1567814,true,סלמי מעושן בסגנון איטלקי 300ג,מעדני יחיעם 1993 בעמ,,,"י""ח",300,ל גרם,false,1,19.90,6.63,false,1,
1591505,true,סטייק דג טונה קפוא עם עור מחנה יהודה.,נטו מלינדה סחר בעמ,,,"ק""ג",1,"ק""ג",true,1,39.90,39.90,true,1,
1591550,true,פילה אמנון ללא עור מחנה יהודה.,נטו מלינדה סחר בעמ,,,"ק""ג",1,"ק""ג",true,1,37.90,37.90,true,1,
1591567,true,פילה אמנון 100% מחנה יהודה.,נטו מלינדה סחר בעמ,,,"ק""ג",1,"ק""ג",true,1,36.90,36.90,true,1,
1591574,true,פילה אמנון 80% מחנה יהודה.,נטו מלינדה סחר בעמ,,,"ק""ג",1,"ק""ג",true,1,26.90,26.90,true,1,
1591604,true,המבורגר אנגוס מחנה יהודה 600גר,נטו מלינדה סחר בעמ,,,"י""ח",600,ל גרם,false,1,29.90,4.98,true,1,
1591611,true,קבבוני אנגוס עגול מחנה יהודה 500גר,נטו מלינדה סחר בעמ,,,"י""ח",500,ל גרם,false,1,29.90,5.98,true,1,
1591628,true,קבב על מקל מחנה יהודה 500גר,נטו מלינדה סחר בעמ,,,"י""ח",500,ל גרם,false,1,29.90,5.98,true,1,
1591635,true,נקניקיות מרגז סגנון מרוקאי מחנה יהודה,נטו מלינדה סחר בעמ,,,"י""ח",500,ל גרם,false,1,29.90,5.98,true,1,
1591642,true,קבבוני טלה מחנה יהודה 500גר.,נטו מלינדה סחר בעמ,,,"י""ח",500,ל גרם,false,1,29.90,5.98,true,1,
1690147,true,גבינה מון בלאן מותכת למריחה 120גר,נטו מלינדה סחר בעמ,,,"י""ח",120,ל גרם,false,1,8.90,7.42,false,1,
1690376,true,אמנון שלם נקי בוואקום,נטו מלינדה סחר בעמ,,,"ק""ג",1,"ק""ג",true,1,19.90,19.90,false,1,
1713150,true,אקונומיקה קצף ניקוי 1ליטר מרסס,קומפלקס כימיקלסבעמ ~~~,,,"י""ח",1,,false,1,11.90,11.90,false,1,
1713815,true,מרכך מרוכז 1ליטר בית מלון מפנק PURE,קומפלקס כימיקלסבעמ ~~~,,,"י""ח",1,ליטר,false,1,9.90,9.90,false,1,
1713921,true,אקונומיקה}סנט מוריץ{4ליטר,קומפלקס כימיקלסבעמ ~~~,,,"י""ח",4,ליטר,false,1,9.90,2.48,false,1,
1879627,true,פילה עוף טרי**,"ח.י. מעדני גורמה בע""מ",,,"ק""ג",1,,true,1,49.90,49.90,true,1,
1946121,true,פפריקה 400גר`,דין שיווק וקליה 2021 בעמ,,,"י""ח",400,ל גרם,false,1,19.90,4.98,false,1,
1970492,true,קשיו בטעמים שקיל,****דין שיווק וקליה 2021 בעמ,,,"ק""ג",1,,true,1,95,95,false,1,
2008989,true,קישקשים 225 יחידות הנמל,הנמל אריזות ושווק בעמ,,,"י""ח",225,"י""ח",false,1,9.90,0.04,false,1,
2043096,true,מיני פריכיות אורז חום צ. שוקול 70ג,א.ל.יצור ושיווקתבלינים בעמ,,,"י""ח",70,ל גרם,false,1,8.90,12.71,true,1,
2043102,true,פרכיות אורז חום מלא 7 זרעי על 200גר,א.ל.יצור ושיווקתבלינים בעמ,,,"י""ח",200,ל גרם,false,1,15.90,7.95,true,1,
2043188,true,צ`יפס אורז חום מלא צ`ילי חריף 60גר,א.ל.יצור ושיווקתבלינים בעמ,,,"י""ח",60,ל גרם,false,1,6.90,11.50,true,1,
2043218,true,צ`יפס אורז חום מלא מלוח 60גר,א.ל.יצור ושיווקתבלינים בעמ,,,"י""ח",60,ל גרם,false,1,6.90,11.50,true,1,
2043225,true,צ`יפס אורז חום מלא פפריקה 60גר,א.ל.יצור ושיווקתבלינים בעמ,,,"י""ח",60,ל גרם,false,1,6.90,11.50,true,1,
2043591,true,צ`יפס אורז חום מלא פפריקה 120גר,א.ל.יצור ושיווקתבלינים בעמ,,,"י""ח",120,ל גרם,false,1,11.90,9.92,true,1,
2043782,true,צ`יפס אורז חום מלא טקסס ברביקיו 60גר,א.ל.יצור ושיווקתבלינים בעמ,,,"י""ח",60,ל גרם,false,1,6.90,11.50,true,1,
2043850,true,באר אקסטרה בציפוי שוקולד מריר 90גר,א.ל.יצור ושיווקתבלינים בעמ,,,"י""ח",90,ל גרם,false,1,13.90,15.44,true,1,
2043874,true,באר אקסטרה קרמל בציפוי שוקולד לבן 90גר,א.ל.יצור ושיווקתבלינים בעמ,,,"י""ח",90,ל גרם,false,1,13.90,15.44,true,1,
2043898,true,.באר אקסטרה קוקוס בציפוי שוקולד לבן 90ג,א.ל.יצור ושיווקתבלינים בעמ,,,"י""ח",90,ל גרם,false,1,13.90,15.44,true,1,
2057437,true,שיפקונית A-2,"קבוצת יבנה מוצרי מזון בע""מ",,,"י""ח",560,ל גרם,false,1,9.90,1.77,false,1,
2065616,true,לחם שיפון גרעינים 750גר`,שלמה א.אנג ל בעמ,,,"י""ח",750,ל גרם,false,1,12.90,1.72,false,1,
2077268,true,מיני קציצות דג 500 גרם,נטו מלינדה סחר בעמ,,,"י""ח",500,ל גרם,false,1,21.90,4.38,false,1,
2077725,true,סלומון נורווגי מצונן 100 גרם(נטו),נטו מלינדה סחר בעמ,,,"י""ח",100,ל גרם,false,1,19.90,19.90,false,1,
2105145,true,בשר מס `2מחפוד,עוף ירושלים שיווק בעמ,,,"ק""ג",1,"ק""ג",true,1,51.90,51.90,false,1,
2105183,true,צלי כתף 5 בקר קפוא מחפוד,עוף ירושלים שיווק בעמ,,,"ק""ג",0,ל גרם,true,1,99,99,false,1,
2105503,true,המבורגר מחפוד 500גר`,עוף ירושלים שיווק בעמ,,,"י""ח",500,ל גרם,false,1,18.90,3.78,false,1,
2105510,true,קבב מזרחי 500גר` מחפוד,עוף ירושלים שיווק בעמ,,,"י""ח",500,ל גרם,false,1,18.90,3.78,false,1,
2105527,true,גולש בקר800 גר`מחפוד,עוף ירושלים שיווק בעמ,,,"י""ח",800,ל גרם,false,1,44.90,5.61,false,1,
2105541,true,סטייק אנטריקוט 800גר`,עוף ירושלים שיווק בעמ,,,"י""ח",800,ל גרם,false,1,44.90,5.61,false,1,
2105565,true,טחון הודו 500גר`מחפוד,לפ עוף ירושלים מהדרין בעמ,,,"י""ח",500,ל גרם,false,1,12.90,2.58,false,1,
2105671,true,טחון עוף 500 גר`מחפוד,עוף ירושלים שיווק בעמ,,,"י""ח",500,ל גרם,false,1,12.90,2.58,false,1,
2105749,true,"טחון בקר%100ק""ג קפוא מחפוד",לפ עוף ירושלים מהדרין בעמ,,,"י""ח",1,"ק""ג",false,1,39.90,39.90,false,1,
2105756,true,"טחון בקר 1ק""ר קפוא מחפוד",לפ עוף ירושלים מהדרין בעמ,,,"י""ח",1,"ק""ג",false,1,34.90,34.90,false,1,
2105770,true,"קבב כבש קציצות ביתי קפוא מחפוד 1ק""ג",עוף ירושלים שיווק בעמ,,,"י""ח",1,"ק""ג",false,1,41.90,41.90,false,1,
2105831,true,שניצל עגל פרוס מחפוד,עוף ירושלים שיווק בעמ,,,"ק""ג",1,"ק""ג",true,1,56.90,56.90,false,1,
2107743,true,צפתית צוריאל מעודנת,*החברה המרכזית להפצת משקאותבעמ,,,"ק""ג",1,,true,1,49.90,49.90,false,1,
2109488,true,קבב אמיתי 100% 440גרם טיבוןויל,נטו מלינדה סחר בעמ,,,"י""ח",500,ל גרם,false,1,21.90,4.38,true,1,
2111313,true,"עגב. קוביות A2.5 בד""ץ",זנלכל בעמ,,,"י""ח",1,,false,1,9.90,9.90,false,1,
2129479,true,פיצה איטלקית דקה שלושת האופים 320גר,נטו מלינדה סחר בעמ,,,"י""ח",320,ל גרם,false,1,16.90,5.28,true,1,
2129486,true,פיצה איטלקית דקה שלושת האופים 340גר,נטו מלינדה סחר בעמ,,,"י""ח",340,ל גרם,false,1,16.90,4.97,true,1,
2150862,true,קובה בשר 400 גרם,חמים וטעים בעמ,,,"י""ח",400,ל גרם,false,1,12.90,3.23,false,1,
2157953,true,טונה קנולה 140ג 1/4,נטו מלינדה סחר בעמ,,,"י""ח",560,ל גרם,false,1,19.90,3.55,true,1,
2195054,true,המבורגר בלדי 400גרם ארוז,בלדי בעמ,,,"י""ח",400,ל גרם,false,1,13.90,3.48,false,1,
2195085,true,קבב מזרחי 400גרם ארוז,בלדי בעמ,,,"י""ח",400,ל גרם,false,1,13.90,3.48,false,1,
2232995,true,ציפוי פז דגש 600גר,נטורפוד בעמ,,,"י""ח",600,ל גרם,false,1,25.90,4.32,false,1,
2263562,true,"רוטב לימון משומר 200מ""ל",א.ל.יצור ושיווקתבלינים בעמ,,,"י""ח",200,"ל מ""ל",false,1,6.70,3.35,false,1,
2277422,true,ריבועי בצק עלים מרודד 700ג,נטו מלינדה סחר בעמ,,,"י""ח",700,ל גרם,false,1,19.90,2.84,true,1,
2278528,true,זוג כריות ניקוי כלים,ח.כהן סוכנות מזון ומשקאות בע,,,"י""ח",2,"י""ח",false,1,7.90,3.95,false,1,
2281382,true,נתחי פילה סלמון נורבגי מנות,נטו מלינדה סחר בעמ,,,"ק""ג",1,"ק""ג",true,1,99,99,false,1,
2281429,true,סטייק דג טונה קפוא ללא עור,נטו מלינדה סחר בעמ,,,"ק""ג",1,"ק""ג",true,1,54.90,54.90,false,1,
2281436,true,סטייק דג טונה בהירה קפוא ללא עור,נטו מלינדה סחר בעמ,,,"ק""ג",1,,true,1,49.90,49.90,false,1,
2281443,true,סטייק דג טונה קפוא עם עור,נטו מלינדה סחר בעמ,,,"ק""ג",1,"ק""ג",true,1,39.90,39.90,true,1,
2281498,true,מגורדת 500ג ריץ,נטו מלינדה סחר בעמ,,,"י""ח",500,ל גרם,false,1,26.90,5.38,false,1,
2292173,true,שיפודי קבב 700ג עטרה,נטו מלינדה סחר בעמ,,,"י""ח",700,ל גרם,false,1,29.90,4.27,false,1,
2327066,true,קונכיות בצק קפוא,נטו מלינדה סחר בעמ,,,"י""ח",500,ל גרם,false,1,21.90,4.38,true,1,
2329619,true,עוגת שוקו צ`יפס 350גר.,בני פאוזי שמשום (2009) בעמ,,,"י""ח",350,ל גרם,false,1,7.90,2.26,true,1,
2331476,true,"נביעות בודד בייבי 320מ""ל",החברה המרכזית להפצת משקאות בעמ,,,"י""ח",3,ליטר,false,1,3.20,0.97,false,1,
2331483,true,"נביעות שישיות בייבי 320מ""ל",החברה המרכזית להפצת משקאות בעמ,,,"י""ח",3,ליטר,false,1,13.80,4,true,1,
2331490,true,נביעות 1ליטר,החברה המרכזית להפצת משקאות בעמ,,,"י""ח",1,ליטר,false,1,3.50,3.50,true,1,
2345015,true,סינטה דקדק 250גר אל גאוצו,נטו מלינדה סחר בעמ,,,"י""ח",250,ל גרם,false,1,16.90,6.76,true,1,
2345022,true,אנטריקוט דקדק 250גר,נטו מלינדה סחר בעמ,,,"י""ח",250,ל גרם,false,1,24.90,9.96,true,1,
2345282,true,נתחי פילה סלמון נורבגי מנות,נטו מלינדה סחר בעמ,,,"ק""ג",1,"ק""ג",true,1,99,99,false,1,
2345435,true,פילה מרלוזה,נטו מלינדה סחר בעמ,,,"ק""ג",1,"ק""ג",true,1,31.90,31.90,false,1,
2370161,true,גבינת צ`דר שקיל,ג.וילי פוד אינטרנשיונל בעמ,,,"ק""ג",1,"ק""ג",true,1,94.90,94.90,false,1,
2371403,true,מארז זוגות 600 גר`,תנובה בשר,,,"י""ח",600,ל גרם,false,1,28.90,4.82,false,1,
2371526,true,סלסולי פסטרמה שום וצ`ילי 120גר`,תנובה בשר,,,"י""ח",120,ל גרם,false,1,14.90,12.42,false,1,
2371533,true,סלסולי פסטרמה דבש 120גר`,תנובה בשר,,,"י""ח",120,ל גרם,false,1,13.90,11.58,false,1,
2371540,true,קורנדביף 120גר`,תנובה בשר,,,"י""ח",120,ל גרם,false,1,13.90,11.58,false,1,
2385486,true,גבינת שמנת טבעית 30% שקיל גד,מחלבות גד,,,"ק""ג",1,,true,1,44.90,44.90,false,1,
2385493,true,גבינת שמנת זיתים 30% שקיל,מחלבות גד,,,"ק""ג",1,,true,1,44.90,44.90,false,1,
2385509,true,גבינת שמנת שמיר 30% שקיל גד,מחלבות גד,,,"ק""ג",1,,true,1,44.90,44.90,false,1,
2385745,true,פקורינו משולשים שקיל גד,מחלבות גד,,,"ק""ג",1,,true,1,137,137,false,1,
2395408,true,"גבנצ נעם 28% ק""ג *.",*החברה המרכזית להפצת משקאותבעמ,,,"ק""ג",1,,true,1,44.79,44.79,false,1,
2395415,true,חריץ גבינה נעם 9% שקיל,*החברה המרכזית להפצת משקאותבעמ,,,"ק""ג",1,,true,1,70.90,70.90,false,1,
2402855,true,נקניקיות קוקטייל 400 גר`מחפוד,עוף ירושלים שיווק בעמ,,,"י""ח",400,ל גרם,false,1,8.90,2.23,true,1,
2487364,true,בורקס פילו גבינה זיתים 700 גרם,נטו מלינדה סחר בעמ,,,"י""ח",700,ל גרם,false,1,21.90,3.13,true,1,
2505020,true,שוקיים עוף קפוא קהילות,נטו מלינדה סחר בעמ,,,"ק""ג",1,,true,1,38.90,38.90,false,1,
2505075,true,גרון עוף קפוא קהילות,נטו מלינדה סחר בעמ,,,"ק""ג",1,,true,1,9.90,9.90,false,1,
2507277,true,קציצות דג 700 גרם,נטו מלינדה סחר בעמ,,,"י""ח",700,ל גרם,false,1,24.90,3.56,true,1,
2507604,true,פיצה השף איטלקית 320ג,נטו מלינדה סחר בעמ,,,"י""ח",320,ל גרם,false,1,17.90,5.59,true,1,
2511212,true,צפתית עיראקית המושבה,מחלבות המושבה בעמ,,,"ק""ג",1,,true,1,65.90,65.90,false,1,
2511229,true,בולגרית מעודנת 16% המושבה,מחלבות המושבה בעמ,,,"ק""ג",1000,ל גרם,true,1,39.90,3.99,false,1,
2511236,true,בולגרית מעודנת 5% המושבה,מחלבות המושבה בעמ,,,"ק""ג",1,,true,1,39.90,39.90,false,1,
2511243,true,בולגרית פח/רשת שקיל 5%,מחלבות המושבה בעמ,,,"ק""ג",1000,ל גרם,true,1,45.90,4.59,false,1,
2511427,true,אצבעות שוקולד וניל מעדניה,מחלבות המושבה בעמ,,,"ק""ג",1000,ל גרם,true,1,59.90,5.99,false,1,
2512066,true,גחנון אפוי 650 גרם צנעני,א.ג בחירה חכמה בעמ,,,"י""ח",650,ל גרם,false,1,18.90,2.91,false,1,
2522232,true,חזה עוף רובין}קפוא{,עוף ירושלים שיווק בעמ,,,"ק""ג",1,"ק""ג",true,1,41.90,41.90,false,1,
2522492,true,פרגיות רובין}קפוא{ארוז,עוף ירושלים שיווק בעמ,,,"ק""ג",1,,true,1,78.90,78.90,false,1,
2542506,true,בירה קורונה 355מייל,תימקו בירה בעמ,,,"י""ח",330,"ל מ""ל",false,1,10.90,3.21,false,1,
2542780,true,"בירה סטלה ארטואה 330מ""ל 1/6 בקבוק",תימקו בירה בעמ,,,"י""ח",330,"ל מ""ל",false,1,39.90,11.55,true,1,
2579731,true,"נר נשמה שבועי בזכוכית""שווה""",ח.כהן סוכנות מזון ומשקאות בע,,,"י""ח",1,,false,1,9.90,9.90,false,1,
2603474,true,פיצה שף שגב רוטב פטריות טעם ממהין200ג,נטו מלינדה סחר בעמ,,,"י""ח",200,ל גרם,false,1,16.90,8.45,true,1,
2603504,true,פיצה שף שגב עגבניות ובצל סגול 200ג,נטו מלינדה סחר בעמ,,,"י""ח",200,ל גרם,false,1,16.90,8.45,true,1,
2603634,true,"משולש זיתים דק תפזורת בעל""ז",נטו מלינדה סחר בעמ,,,"י""ח",1,"י""ח",false,1,2.90,2.90,true,1,
2603696,true,מקלות פילו XL גבינה 450גר,נטו מלינדה סחר בעמ,,,"י""ח",450,ל גרם,false,1,21.90,4.87,true,1,
2628170,true,צלי כתף מס 5 חלק ג.חול פרגוואי.,בלדי בעמ,,,"ק""ג",1,"ק""ג",true,1,79.90,79.90,true,1,
2661153,true,"לחם דני קל 1ק""ג",י.את א. ברמן בעמ,,,"י""ח",1,"ק""ג",false,1,16.90,16.90,false,1,
2692768,true,תרסיס שמן קנולה מזוכך ללא תוספת גז 200,סוגת תעשיות בעמ,,,"י""ח",200,"ל מ""ל",false,1,14.90,7.45,false,1,
2706915,true,נסיכה קפוא 100% דג M,נטו מלינדה סחר בעמ,,,"ק""ג",1,"ק""ג",true,1,69.90,69.90,false,1,
2707141,true,"סולת 1ק""ג",טחנות קמח מפרץ בעמ,,,"י""ח",1,"ק""ג",false,1,3.90,3.90,false,1,
2707172,true,"סולת חיטה עבה 1ק""ג",טחנות קמח מפרץ בעמ,,,"י""ח",1,"ק""ג",false,1,3.90,3.90,false,1,
2739173,true,גולש עגל קהילות,נטו מלינדה סחר בעמ,,,"ק""ג",1,,true,1,54.90,54.90,false,1,
2739685,true,נקניקיות מרגז 400גרם מוכן עטרה,נטו מלינדה סחר בעמ,,,"י""ח",400,ל גרם,false,1,22.90,5.73,false,1,
2739906,true,עצמות עוף למרק קהילות,נטו מלינדה סחר בעמ,,,"ק""ג",1,,true,1,6.90,6.90,false,1,
2748328,true,כבד עוף קפוא ארוז כשר,עוף ירושלים שיווק בעמ,,,"ק""ג",1,,true,1,14.90,14.90,false,1,
2757139,true,מלוואח 700 גר`שלושת האופים,נטו מלינדה סחר בעמ,,,"י""ח",700,ל גרם,false,1,17.90,2.56,true,1,
2757511,true,קציצת דג לבישול 750גר`,נטו מלינדה סחר בעמ,,,"י""ח",750,"ל מ""ל",false,1,28.90,3.85,true,1,
2757528,true,"בורקס פילו תפו""א -500ג`",נטו מלינדה סחר בעמ,,,"י""ח",500,ל גרם,false,1,21.90,4.38,true,1,
2757535,true,בורקס פילו-אצבעות גבינה 500גר`,נטו מלינדה סחר בעמ,,,"י""ח",500,ל גרם,false,1,21.90,4.38,true,1,
2757719,true,"בצק עלים 1 ק""ג",נטו מלינדה סחר בעמ,,,"י""ח",1,"ק""ג",false,1,16.90,16.90,false,1,
2757726,true,בורקס גבינה 700 ג`,נטו מלינדה סחר בעמ,,,"י""ח",700,ל גרם,false,1,19.90,2.84,false,1,
2757733,true,ג`חנון 650 ג`,נטו מלינדה סחר בעמ,,,"י""ח",650,ל גרם,false,1,12.90,1.98,false,1,
2757740,true,"בורקס תפו""א 700 ג` סדרה אדומה",נטו מלינדה סחר בעמ,,,"י""ח",700,ל גרם,false,1,14.90,2.13,false,1,
2757757,true,מלאווח 700גר`,נטו מלינדה סחר בעמ,,,"י""ח",700,ל גרם,false,1,13.90,1.99,false,1,
2775010,true,מיני בורקס פילו גבינה 650גר`,נטו מלינדה סחר בעמ,,,"י""ח",650,ל גרם,false,1,21.90,3.37,true,1,
2787884,true,"מקלות בורקס פילו תפו""א 650גר`",נטו מלינדה סחר בעמ,,,"י""ח",650,ל גרם,false,1,21.90,3.37,true,1,
2787891,true,מקלות בורקס פילו תרד 650גר`,נטו מלינדה סחר בעמ,,,"י""ח",650,ל גרם,false,1,21.90,3.37,true,1,
2814290,true,קצף מרוכז אקונומיקה 1ל בלנקו,קומפלקס כימיקלסבעמ ~~~,,,"י""ח",1,ליטר,false,1,10.90,10.90,false,1,
2814412,true,שמפו כלים ירוק 1.5ל,קומפלקס כימיקלסבעמ ~~~,,,"י""ח",150,ל גרם,false,1,8.90,5.93,false,1,
2814436,true,נוזל כלים 1.5ל לימון,קומפלקס כימיקלסבעמ ~~~,,,"י""ח",1.50,ליטר,false,1,8.90,5.93,false,1,
2814870,true,"מסיר שומנים קר מבושם 750מ""ל",קומפלקס כימיקלסבעמ ~~~,,,"י""ח",0.75,ליטר,false,1,12.90,17.20,false,1,
2814887,true,מטליות לחות לניקוי רצפות,קומפלקס כימיקלסבעמ ~~~,,,"י""ח",100,ל גרם,false,1,9.90,9.90,false,1,
2814955,true,שמפו כלים 4 ליטר 18% חומר פעיל,קומפלקס כימיקלסבעמ ~~~,,,"י""ח",4,ליטר,false,1,21.90,5.48,false,1,
2827306,true,נקניקיות עוף 400 גר`מחפוד,לפ עוף ירושלים מהדרין בעמ,,,"י""ח",400,ל גרם,false,1,8.90,2.23,true,1,
2827337,true,נקניקיות עוף פיקנטי400 גר`מחפוד,עוף ירושלים שיווק בעמ,,,"י""ח",400,ל גרם,false,1,8.90,2.23,true,1,
2830184,true,פילה לברק 5-7,נטו מלינדה סחר בעמ,,,"ק""ג",200,ל גרם,true,1,52.90,26.45,false,1,
2830948,true,גבינת מון בלאן עיזים 120גר`,נטו מלינדה סחר בעמ,,,"י""ח",120,ל גרם,false,1,8.90,7.42,false,1,
2862109,true,פרורי לחם מוזהבים 400גר,רוז חקלאות בעמ,,,"י""ח",400,ל גרם,false,1,6.90,1.73,false,1,
2862444,true,"פרורי לחם מוזהבים 1ק""ג הררית",רוז חקלאות בעמ,,,"י""ח",1,"ק""ג",false,1,12.90,12.90,false,1,
2862840,true,מתובלים 400ג בטעם שום,רוז חקלאות בעמ,,,"י""ח",400,ל גרם,false,1,8.90,2.23,false,1,
2862857,true,מתובלים 400ג בטעם גריל,רוז חקלאות בעמ,,,"י""ח",400,ל גרם,false,1,8.90,2.23,false,1,
2862864,true,מתובלים טעם קלאסי 400ג,רוז חקלאות בעמ,,,"י""ח",400,ל גרם,false,1,6.90,1.73,false,1,
2871248,true,טובורג רד 500 חוזר,החברה המרכזית להפצת משקאות בעמ,,,"י""ח",500,"ל מ""ל",false,1,8.20,1.40,true,1,
2871361,true,קרלסברג בירה 500 חוזר,החברה המרכזית להפצת משקאות בעמ,,,"י""ח",500,"ל מ""ל",false,1,8.20,1.40,false,1,
2909248,true,שריר בשר מס `8 קפוא הרב בעדני,בלדי בעמ,,,"ק""ג",1,,true,1,46.90,46.90,false,1,
2909569,true,פילה ברבוניה 400 גרם,בלדי בעמ,,,"י""ח",400,ל גרם,false,1,25.90,6.48,false,1,
2909804,true,פילה בקלה(מרלוזה)ארוז ללא עור.,בלדי בעמ,,,"ק""ג",1,"ק""ג",true,1,29.90,29.90,false,1,
2919599,true,פילה מדומה מס `6 קפוא הרב בעדני,בלדי בעמ,,,"ק""ג",1,,true,1,44.90,44.90,false,1,
2919612,true,אסאדו מס 9 בעדני,בלדי בעמ,,,"ק""ג",1,,true,1,44.90,44.90,false,1,
2922865,true,קבב מובחר טאק טורו בית יוסף,נטו מלינדה סחר בעמ,,,"י""ח",1,,false,1,17.90,17.90,true,1,
2922872,true,המבורגר מובחר טאק טורו בית יוסף 500ג,נטו מלינדה סחר בעמ,,,"י""ח",500,ל גרם,false,1,17.90,3.58,true,1,
2929642,true,72טונה מארז 4 יח }ויליגיר{ 140גר,נטו מלינדה סחר בעמ,,,"י""ח",560,ל גרם,false,1,19.90,3.55,true,1,
2939108,true,חזה עוף טרי(עטרה)ארוז,"ח.י. מעדני גורמה בע""מ",,,"ק""ג",1,,true,1,34.90,34.90,true,1,
2939504,true,בשר צוור עטרה מס 10 מעובד.,נטו מלינדה סחר בעמ,,,"ק""ג",1,,true,1,42.90,42.90,false,1,
2939535,true,בשר ראש חלק}עטרה{,נטו מלינדה סחר בעמ,,,"ק""ג",1,,true,1,89.90,89.90,false,1,
2971955,true,"קמח לבן 650 ללא צורך בניפוי 1ק""ג שטיבל",ח.כהן סוכנות מזון ומשקאות בע,,,"י""ח",1,"ק""ג",false,1,8.90,8.90,false,1,
2971962,true,"קמח מלא 100% 1ק""ג ללא צורך בניפוי",ח.כהן סוכנות מזון ומשקאות בע,,,"י""ח",1,"ק""ג",false,1,8.90,8.90,false,1,
2971986,true,קמח שיפון ללא צורך בניפוי,ח.כהן סוכנות מזון ומשקאות בע,,,"י""ח",1,"ק""ג",false,1,8.90,8.90,false,1,
2972006,true,"קמח בהיר 405 ללא צורך בניפוי 1ק""ג שטיב",ח.כהן סוכנות מזון ומשקאות בע,,,"י""ח",1,"ק""ג",false,1,8.90,8.90,false,1,
2972365,true,"קמח תופח ללא צורך בניפוי 1ק""ג",ח.כהן סוכנות מזון ומשקאות בע,,,"י""ח",1,"ק""ג",false,1,8.90,8.90,false,1,
2972426,true,"קמח מלא 80% ללא צורך בניפוי 1ק""ג",ח.כהן סוכנות מזון ומשקאות בע,,,"י""ח",1,"ק""ג",false,1,7.90,7.90,false,1,
2973669,true,"קמח לחם שטיבל 2 ללא צורך בניפוי 1ק""ג",טחנות קמח שטיבל בש בעמ,,,"י""ח",1,"ק""ג",false,1,7.90,7.90,false,1,
2973812,true,"קמח כוסמין 80% ללא צורך בניפוי 1ק""ג",ח.כהן סוכנות מזון ומשקאות בע,,,"י""ח",1,"ק""ג",false,1,15.90,15.90,false,1,
2974314,true,קמח פיצה שטיבל ללא צ.בניפוי,ח.כהן סוכנות מזון ומשקאות בע,,,"י""ח",1,"ק""ג",false,1,10.90,10.90,false,1,
3013128,true,פתיל משושה,צבע ומכחול (2014) בעמ,,,"י""ח",1,,false,1,5.90,5.90,false,1,
3031702,true,"נקנקיות הודו 1 ק""ג מהדרין",תנובה בשר,,,"י""ח",1,"ק""ג",false,1,24.90,24.90,false,1,
3031733,true,פסטרמה על גחלים 400 גרם,תנובה בשר,,,"י""ח",400,ל גרם,false,1,27.90,6.98,false,1,
3031788,true,מארז פסטרמה+סלמי מחפוד,תנובה בשר,,,"י""ח",800,ל גרם,false,1,24.90,3.11,false,1,
3031849,true,צמד כפרי ברביקיו ודבש 600ג מחפוד,תנובה בשר,,,"י""ח",600,ל גרם,false,1,24.80,4.13,false,1,
3069156,true,פילה דג סלמון קפוא V,נטו מלינדה סחר בעמ,,,"ק""ג",1,"ק""ג",true,1,79.90,79.90,false,1,
3069590,true,"סול פילה ארוז 1ק""ג.",נטו מלינדה סחר בעמ,,,"י""ח",1,"ק""ג",false,1,36.90,36.90,false,1,
3069682,true,בצק פילאס 500ג,נטו מלינדה סחר בעמ,,,"י""ח",500,ל גרם,false,1,21.90,4.38,true,1,
3069705,true,"פיצה אישית גבינה דקה תפזורת בעל""ז",נטו מלינדה סחר בעמ,,,"י""ח",1,"י""ח",false,1,2.90,2.90,true,1,
3072521,true,פסטרמה כתף בקר מעושנת 300ג,תנובה בשר,,,"י""ח",300,ל גרם,false,1,24.90,8.30,false,1,
3072804,true,פסטרמה של פעם 200ג,תנובה בשר,,,"י""ח",200,ל גרם,false,1,19.90,9.95,false,1,
3072972,true,קבנוס בתיבול שום 120ג,תנובה בשר,,,"י""ח",120,ל גרם,false,1,9.90,8.25,false,1,
3102136,true,צמר גפן רפואי,אינטרסן (1996) בעמ,,,"י""ח",1,,false,1,4.50,4.50,false,1,
3102419,true,כפפות ניילון 100 יח,אינטרסן (1996) בעמ,,,"י""ח",1,,false,1,5.90,5.90,true,1,
3107353,true,משפר אפיה ביתי שמרים יבשים שטיבל 33ג,ח.כהן סוכנות מזון ומשקאות בע,,,"י""ח",33,ל גרם,false,1,5.90,17.88,false,1,
3118113,true,מארז פיתות ביס לבן,מאפיית דואט בעמ,,,"י""ח",700,ל גרם,false,1,14.90,2.13,false,1,
3141159,true,יוגטה מרשמלו 180ג,ליימן שליסל,,,"י""ח",180,ל גרם,false,1,8.90,4.94,true,1,
3142361,true,הוטפופ מתוק מלוח 5שקיות,ליימן שליסל,,,"י""ח",600,ל גרם,false,1,16.90,2.82,true,1,
3143139,true,סילאן קליית גת 900גרם,ליימן שליסל,,,"י""ח",900,ל גרם,false,1,14.90,1.66,true,1,
3143146,true,"ממרח תמרים קליית גת 450גרם כשל""פ",ליימן שליסל,,,"י""ח",450,ל גרם,false,1,6.90,1.53,false,1,
3144679,true,הוטפופ 5(בדלי) שקיות עם מלח,ליימן שליסל,,,"י""ח",500,ל גרם,false,1,16.90,3.38,true,1,
3196100,true,באגט,****דין שיווק וקליה 2021 בעמ,,,"י""ח",1,,false,1,4.70,4.70,false,1,
3229123,true,פסטרמה על גחלים,תנובה בשר,,,"י""ח",400,ל גרם,false,1,25.90,6.48,true,1,
3229154,true,סלמי קוניאק מובחר,תנובה בשר,,,"י""ח",300,ל גרם,false,1,24.90,8.30,false,1,
3268252,true,לחם חיטה מלא 750 לילדים,דגנית עין בר ~~~,,,"י""ח",750,ל גרם,false,1,13.90,1.85,false,1,
3272273,true,חמוציות ללא סוכר לבן שקיל,****דין שיווק וקליה 2021 בעמ,,,"ק""ג",1,,true,1,69,69,false,1,
3287284,true,קבב ביתי ארוז 600גרם,בלדי בעמ,,,"י""ח",600,ל גרם,false,1,31.90,5.32,false,1,
3310555,true,מאגדת טילון קרם עוגיות 400גר,מוצרי איכות אמריקאיים בעמ,,,"י""ח",400,ל גרם,false,1,29.90,7.48,false,1,
3332007,true,קפה נחלה עם הל 250ג,סובחה נחלה ובניו בעמ,,,"י""ח",250,ל גרם,false,1,13.90,5.56,false,1,
3402809,true,חטיף שוקולד לבן ריזס 39גר.,ליימן שליסל,,,"י""ח",39,ל גרם,false,1,3.90,10,false,1,
3414406,true,שוקולד צ יפס 283גר ריזס..,ליימן שליסל,,,"י""ח",283,ל גרם,false,1,14.90,5.27,true,1,
3423909,true,חטיף שוקולד לבן קוקיז אנד קרים 43,ליימן שליסל,,,"י""ח",43,ל גרם,false,1,4.90,11.40,false,1,
3444009,true,חטיף שוקולד לבן ריזס 42גר,ליימן שליסל,,,"י""ח",43,ל גרם,false,1,3.90,9.07,false,1,
3514007,true,שקדי מרק 400 גר`MANA,ש.שסטוביץ בעמ,,,"י""ח",400,ל גרם,false,1,8.90,2.23,true,1,
3526871,true,פטריות חתוך מארז שלשות,נטו מלינדה סחר בעמ,,,"י""ח",290,ל גרם,false,1,11.90,4.10,false,1,
3550937,true,רגל פרוסה במגש.,נטו מלינדה סחר בעמ,,,"ק""ג",1,,true,1,39.90,39.90,false,1,
3570928,true,קבב בלדי ארוז 500גר קצביה,בלדי בעמ,,,"י""ח",500,ל גרם,false,1,31.90,6.38,false,1,
3579966,true,אצבעות אנטריקוט ברזיל מוכשר,בלדי בעמ,,,"ק""ג",1,"י""ח",true,1,55.90,55.90,false,1,
3598472,true,פילה סלומון מנות בלדי.,בלדי בעמ,,,"ק""ג",1,"ק""ג",true,1,89.90,89.90,false,1,
3610549,true,פילה מדומה מס 6 קפוא,בלדי בעמ,,,"ק""ג",1,,true,1,39.90,39.90,false,1,
3643325,true,קוסקוס מזרחי 350 גר`סוגת,סוגת תעשיות בעמ,,,"י""ח",350,ל גרם,false,1,4.90,1.40,false,1,
3648207,true,מטיאס שקיל,סלטי שמיר2006בעמ,,,"ק""ג",1,"ק""ג",true,1,55,55,false,1,
3648214,true,הרינג כבוש שקיל,בידאני נתן,,,"ק""ג",1,"ק""ג",true,1,49.90,49.90,false,1,
3648221,true,מקרל בשמן שקיל,בידאני נתן,,,"ק""ג",1,"ק""ג",true,1,129,129,false,1,
3718610,true,במיה 400 גרם ארוז,בלדי בעמ,,,"י""ח",600,ל גרם,false,1,9.90,1.65,false,1,
3718627,true,פול ירוק ארוז 400ג,בלדי בעמ,,,"י""ח",400,ל גרם,false,1,9.90,2.48,false,1,
3726615,true,טופו ויילר 300גר,"שטראוס גרופ ***בע""מ",,,"י""ח",300,ל גרם,false,1,9.90,3.30,true,1,
3976607,true,אקונומיקה סמיכה 4 ל` טאצ`לבנדר.,סאסאטק אגשח בעמ,,,"י""ח",4,ליטר,false,1,12.90,3.23,true,1,
3976614,true,אקונומיקה סמיכה 4 ל` טאצ`פרחים,סאסאטק אגשח בעמ,,,"י""ח",4,ליטר,false,1,12.90,3.23,true,1,
3996445,true,עלי פאקצ`וי כפר טרי,יעל ירק עלים לשיווק בעמ,,,"י""ח",1,,false,1,13.90,13.90,false,1,
3996568,true,חסה לאליק כפר טרי,יעל ירק עלים לשיווק בעמ,,,"י""ח",1,,false,1,13.90,13.90,false,1,
4011284,true,"בסיס להכנת קצפת 212מ""ל",נטו מלינדה סחר בעמ,,,"י""ח",212,"ל מ""ל",false,1,9.90,4.67,true,1,
4011291,true,"בסיס להכנת קצפת 425מ""ל",נטו מלינדה סחר בעמ,,,"י""ח",425,"ל מ""ל",false,1,14.90,3.51,false,1,
4011338,true,"קצפת 250מ""ל",נטו מלינדה סחר בעמ,,,"י""ח",250,"ל מ""ל",false,1,9.90,3.96,false,1,
4011345,true,"קצפת ריצ`פרווה במיכל 250 מ""ל",נטו מלינדה סחר בעמ,,,"י""ח",250,"ל מ""ל",false,1,9.90,3.96,false,1,
4026776,true,לחם מחמצת אגוזים וצימוקים 530גר,ג נרל מילס ישראל בעמ ~~~,,,"י""ח",530,ל גרם,false,1,16.90,3.19,true,1,
4026851,true,בייגלה רומני,ג נרל מילס ישראל בעמ,,,"י""ח",150,ל גרם,false,1,4.50,3,true,1,
4030216,true,מיץ חמוציות 1 ליטר,תנובה בעמ ***,,,"י""ח",1,ליטר,false,1,15.60,15.60,true,1,
4030544,true,מיץ לימונענע 1 ליטר,"תנובה בע""מ ***",,,"י""ח",1,ליטר,false,1,15.60,15.60,true,1,
4030728,true,"מיץ לימון 100% 250 מ""ל מחנה יהודה",פריניב סחר והפצה בעמ,,,"י""ח",250,"ל מ""ל",false,1,7.90,3.16,true,1,
4033712,true,לחם עננים מקמח מלא עם פרוסות 750גר,י.את א. ברמן בעמ,,,"י""ח",750,ל גרם,false,1,13.90,1.85,false,1,
4063016,true,"מלח שולחן 1 ק""ג*",סוגת תעשיות בעמ,,,"י""ח",1,"ק""ג",false,1,1.70,1.70,false,1,
4064099,true,מטחנה מלח מהרי ההימלאיה,סוגת תעשיות בעמ,,,"י""ח",400,ל גרם,false,1,19.50,4.88,false,1,
4064174,true,"מלח דק 1 ק""ג צנצנת ההימלאיה",סוגת תעשיות בעמ,,,"י""ח",1,"ק""ג",false,1,17.90,17.90,false,1,
4064181,true,"מלח גס 1 ק""ג צנצנת ההימלאיה",סוגת תעשיות בעמ,,,"י""ח",1,"ק""ג",false,1,17.90,17.90,false,1,
4064297,true,"מלח מאושר ביוד צנצנת 1ק""ג",סוגת תעשיות בעמ,,,"י""ח",1,"ק""ג",false,1,8.90,8.90,false,1,
4064358,true,"מלח דק זורם בקלות 1ק""ג קרטון",סוגת תעשיות בעמ,,,"י""ח",1,"ק""ג",false,1,4.90,4.90,false,1,
4064365,true,"מלח דק מועשר ביוד 1ק""ג קרטון",סוגת תעשיות בעמ,,,"י""ח",1,"ק""ג",false,1,5.90,5.90,false,1,
4064389,true,מלח הימלאיה דק מלחייה 250 גרם,סוגת תעשיות בעמ,,,"י""ח",2.50,"י""ח",false,1,9.90,3.96,false,1,
4068172,true,יוגורט עזים דלי 600ג 5%,מחלבות גד,,,"י""ח",600,ל גרם,false,1,17.20,2.87,false,1,
4075231,true,סטייק דק דק פרמיום מיט קפוא מחפוד 300ג,עוף ירושלים שיווק בעמ,,,"י""ח",300,ל גרם,false,1,29.90,9.97,false,1,
4129903,true,.גבינת שמנת שקילה 30% תנובה.,"תנובה בע""מ ***",,,"ק""ג",1,"י""ח",true,1,39,39,false,1,
4136291,true,צפתית מעודנת פיראוס (5%שקיל).,"תנובה בע""מ ***",,,"ק""ג",1,"ק""ג",true,1,51,51,false,1,
4150112,true,חומוס מזרחי פיקנטי פרמיום 300ג,סלטי שמיר2006בעמ,,,"י""ח",300,ל גרם,false,1,15.90,5.30,true,1,
4150129,true,טחינה פיקנטי פרמיום 300ג,סלטי שמיר2006בעמ,,,"י""ח",300,ל גרם,false,1,15.90,5.30,true,1,
4150167,true,"תפו""א במיונז פיקנטי פרמיום 300ג",סלטי שמיר2006בעמ,,,"י""ח",300,ל גרם,false,1,15.90,5.30,true,1,
4150174,true,קולסלאו פיקנטי פרמיום 300ג,סלטי שמיר2006בעמ,,,"י""ח",300,ל גרם,false,1,15.90,5.30,true,1,
4150198,true,סלק מגורד פיקנטי פרמיום 300ג,סלטי שמיר2006בעמ,,,"י""ח",300,ל גרם,false,1,15.90,5.30,true,1,
4150204,true,מטבוחה פיקנטי פרמיום 300ג,סלטי שמיר2006בעמ,,,"י""ח",300,ל גרם,false,1,15.90,5.30,true,1,
4150211,true,תורכי אינסטנבול פיקנטי פרמיום 300ג,סלטי שמיר2006בעמ,,,"י""ח",300,ל גרם,false,1,15.90,5.30,true,1,
4165017,true,"רסק תפו""ע דל קלוריות 560גר.",זנלכל בעמ,,,"י""ח",560,ל גרם,false,1,8.90,1.59,false,1,
4194178,true,עוף מחפוד}קפוא{,עוף ירושלים שיווק בעמ,,,"ק""ג",1,"ק""ג",true,1,23.90,23.90,false,1,
4194208,true,כרעיים עוף מחפוד קפוא~,עוף ירושלים שיווק בעמ,,,"ק""ג",1,"ק""ג",true,1,31.90,31.90,false,1,
4194239,true,חזה עוף ארוז מחפוד קפוא~,לפ עוף ירושלים מהדרין בעמ,,,"ק""ג",1,"ק""ג",true,1,31.90,31.90,false,1,
4194253,true,כנפיים עוף ארוז מחפוד קפוא ~,לפ עוף ירושלים מהדרין בעמ,,,"ק""ג",1,"ק""ג",true,1,13.90,13.90,true,1,
4194260,true,שוקיים עוף ארוז מחפוד קפוא,עוף ירושלים שיווק בעמ,,,"ק""ג",1,"ק""ג",true,1,31.90,31.90,false,1,
4194345,true,שניצל עוף פרוס ארוז מחפוד קפוא~,לפ עוף ירושלים מהדרין בעמ,,,"ק""ג",1,"ק""ג",true,1,32.90,32.90,false,1,
4194529,true,עוף טרי ארוז מחפוד**,ח.י. מעדני גורמה בעמ,,,"ק""ג",1,"ק""ג",true,1,22.90,22.90,true,1,
4194536,true,חזה עוף טרי שלם ארוז מחפוד**,ח.י. מעדני גורמה בעמ,,,"ק""ג",1,,true,1,34.90,34.90,false,1,
4194543,true,כרעיים עוף טרי ארוז מחפוד**,ח.י. מעדני גורמה בעמ,,,"ק""ג",1,,true,1,34.90,34.90,true,1,
4194550,true,כנפיים עוף טרי ארוז מחפוד**,ח.י. מעדני גורמה בעמ,,,"ק""ג",1,,true,1,17.90,17.90,true,1,
4194567,true,ירכיים טרי ארוז מחפוד**,ח.י. מעדני גורמה בעמ,,,"ק""ג",1,,true,1,34.90,34.90,true,1,
4194574,true,שוקיים עוף טרי ארוז מחפוד**.,ח.י. מעדני גורמה בעמ,,,"ק""ג",1,,true,1,38.90,38.90,true,1,
4194581,true,פרגיות עוף טרי ארוז מחפוד**,ח.י. מעדני גורמה בעמ,,,"ק""ג",1,,true,1,69.90,69.90,false,1,
4194598,true,כבד עוף טרי מחפוד **,ח.י. מעדני גורמה בעמ,,,"ק""ג",1,,true,1,36.90,36.90,false,1,
4194635,true,שניצל עוף פרוס מחפוד טרי**,ח.י. מעדני גורמה בעמ,,,"ק""ג",1,,true,1,43.90,43.90,false,1,
4225872,true,"קרם קוקוס 400מ""ל ויליגר",נטו מלינדה סחר בעמ,,,"י""ח",400,"ל מ""ל",false,1,6.90,1.73,false,1,
4228804,true,עלי בצק למילוי סיגרים 450 ג`,נטו מלינדה סחר בעמ,,,"י""ח",450,ל גרם,false,1,13.90,3.09,false,1,
4229870,true,בורקס פטריות 600 ג,נטו מלינדה סחר בעמ,,,"י""ח",600,ל גרם,false,1,19.90,3.32,true,1,
4230364,true,מקלות בורקס פילו גבינה צרפתית,נטו מלינדה סחר בעמ,,,"י""ח",700,ל גרם,false,1,21.90,3.13,true,1,
4257101,true,אנטריקוט דק דק 250ג עטרה,נטו מלינדה סחר בעמ,,,"י""ח",250,ל גרם,false,1,29.90,11.96,false,1,
4257118,true,מילנסה דק דק 250ג עטרה,נטו מלינדה סחר בעמ,,,"י""ח",250,ל גרם,false,1,29.90,11.96,false,1,
4257125,true,סינטה דק דק 250ג עטרה,נטו מלינדה סחר בעמ,,,"י""ח",250,ל גרם,false,1,19.90,7.96,false,1,
4263041,true,גולש עגל-עטרה,נטו מלינדה סחר בעמ,,,"ק""ג",1,"ק""ג",true,1,39.90,39.90,false,1,
4263393,true,קישקע ירושלמי עטרה,נטו מלינדה סחר בעמ,,,"י""ח",1,,false,1,12.90,12.90,false,1,
4263782,true,עצמות מוח עטרה,נטו מלינדה סחר בעמ,,,"ק""ג",1,,true,1,32.90,32.90,false,1,
4263799,true,צלי כתף מספר 5 חלק עטרה במשקל,נטו מלינדה סחר בעמ,,,"ק""ג",1,"ק""ג",true,1,84.90,84.90,false,1,
4263867,true,בשר מס }6עטרה,נטו מלינדה סחר בעמ,,,"ק""ג",1,"ק""ג",true,1,69.90,69.90,false,1,
4267209,true,עוגיות לקפה 200 גרם ברמן,ח.כהן סוכנות מזון ומשקאות בע,,,"י""ח",200,ל גרם,false,1,5.90,2.95,false,1,
4267261,true,עוגיות טופז 600גר`,ח.כהן סוכנות מזון ומשקאות בע,,,"י""ח",600,ל גרם,false,1,14.90,2.48,false,1,
4267650,true,עוגיות ריבה 600גר`,ח.כהן סוכנות מזון ומשקאות בע,,,"י""ח",600,ל גרם,false,1,14.90,2.48,false,1,
4267667,true,עוגיות שוקו ציפס 600 ג`,ח.כהן סוכנות מזון ומשקאות בע,,,"י""ח",600,ל גרם,false,1,14.90,2.48,false,1,
4456351,true,שריר הזרוע מס `8 אשפר פרגוואי.,בלדי בעמ,,,"ק""ג",1,,true,1,51.90,51.90,true,1,
4456566,true,צלעות מס `2 אשפר פרגוואי,בלדי בעמ,,,"ק""ג",1,,true,1,41.90,41.90,false,1,
4456627,true,צוואר מס 10 אשפר,בלדי בעמ,,,"י""ח",700,ל גרם,true,1,34.90,4.99,true,1,
4494919,true,"יין כנען קברנה שיראז דלתון 750מ""",הכרם משקאות חריפים בעמ,,,"י""ח",750,"ל מ""ל",false,1,44.90,5.95,true,1,
4685447,true,לחמניות כוסמין 6 בשקית,י.את א. ברמן בעמ,,,"י""ח",450,ל גרם,false,1,14.50,3.22,false,1,
4685454,true,לחם שיבולת שועל 500ג,י.את א. ברמן בעמ,,,"י""ח",500,ל גרם,false,1,17.90,3.58,false,1,
4768140,true,נקניקיות מרגז 500ג אשפר,בלדי בעמ,,,"י""ח",500,ל גרם,false,1,34.90,6.98,false,1,
4861025,true,בולגרית מסורתית שקיל 5% המושבה,מחלבות המושבה בעמ,,,"ק""ג",10,"ק""ג",true,1,49.90,4.99,false,1,
4861056,true,צפתית טבעי המושבה שקילה 5%.,מחלבות המושבה בעמ,,,"ק""ג",1000,ל גרם,true,1,49,4.90,false,1,
4861278,true,גבינת שמנת טבעי/שום שמיר 30% המושבה,מחלבות המושבה בעמ,,,"ק""ג",1,,true,1,39.90,39.90,false,1,
5079412,true,אמנטל נעם חריץ מעדניה.,*החברה המרכזית להפצת משקאותבעמ,,,"ק""ג",200,ל גרם,true,1,59.90,29.95,false,1,
5113222,true,מיקס זיתים 2 A יבנה,"קבוצת יבנה מוצרי מזון בע""מ",,,"י""ח",1,,false,1,9.80,9.80,true,1,
5326523,true,אוליביה פסטו פטרוזיליה ונענע 180גר,תה ויסוצקי (ישראל)בעמ,,,"י""ח",180,ל גרם,false,1,13.90,7.72,true,1,
5358739,true,בשר ראש קפוא חלק,נטו מלינדה סחר בעמ,,,"ק""ג",1,,true,1,79.90,79.90,false,1,
5358753,true,לשון חלק,נטו מלינדה סחר בעמ,,,"ק""ג",1,,true,1,34.90,34.90,false,1,
5358883,true,שריר בשר מס `8 חלק.,נטו מלינדה סחר בעמ,,,"ק""ג",1,,true,1,32.90,32.90,false,1,
5384899,true,בסגנון פטה ים תיכונית 19%שומן שקיל,ג.וילי פוד אינטרנשיונל בעמ,,,"ק""ג",1,,true,1,22.90,22.90,true,1,
5387043,true,צלעות מס 2 חלק רבנות,בלדי בעמ,,,"ק""ג",1,"ק""ג",true,1,34.90,34.90,true,1,
5423055,true,"סנו פורטה פלוס 750מ""ל לניחוח לימון",החב הדרומית לשיווק,,,"י""ח",750,"ל מ""ל",false,1,17.90,2.39,false,1,
5425110,true,תרסיס חיטוי משטחים 99.9% סנו,החב הדרומית לשיווק,,,"י""ח",750,"ל מ""ל",false,1,14.90,1.99,false,1,
5425127,true,תרסיס חיטוי ניקוי יסודי 99.9% סנו,החב הדרומית לשיווק,,,"י""ח",750,"ל מ""ל",false,1,14.90,1.99,false,1,
5431913,true,עוגת גבינה פירורים 92ג(. תנובה),"תנובה בע""מ ***",,,"י""ח",92,"ל מ""ל",false,1,6.90,7.50,false,1,
5431968,true,מלבי שמנת 150ג,"תנובה בע""מ ***",,,"י""ח",150,"ל מ""ל",false,1,6.90,4.60,false,1,
5555502,true,אריזת פקדון 30 אגורות,שונות /שרות,,,"י""ח",1,,false,1,0.30,0.30,false,1,
5559907,true,פיצה משפחתית גבינה 500 ג מעדנות,תנובה בשר,,,"י""ח",500,ל גרם,false,1,19.90,3.98,true,1,
5559990,true,בצק פילאס טורקי,תנובה בשר,,,"י""ח",600,ל גרם,false,1,22.90,3.82,false,1,
5678417,true,ענבים טלי לבן,ביכורי השדה צפון 1994 ג.ד. בעמ,,,"ק""ג",1,,true,1,24.90,24.90,false,1,
5678585,true,ענב סקרלוטה אדום מארז,ביכורי השדה צפון 1994 ג.ד. בעמ,,,"ק""ג",1,,true,1,16.90,16.90,false,1,
5678608,true,ענבים אדומים טלי,ביכורי השדה צפון 1994 ג.ד. בעמ,,,"ק""ג",1,,true,1,16.90,16.90,false,1,
5692543,true,"נקניקיות מרגז חריפות 1ק""ג מחפוד",עוף ירושלים שיווק בעמ,,,"י""ח",1,"ק""ג",false,1,49.90,49.90,false,1,
5719080,true,פרנה עגולה אפוי קפוא פילסברי,ג נרל מילס ישראל בעמ,,,"י""ח",1,,false,1,4.90,4.90,false,1,
5854040,true,אסקימו משמש,גלידות שטראוס בעמ,,,"י""ח",1,,false,1,2.90,2.90,true,1,
5966033,true,"יין הר חרמון לבן 750 מ""ל",היכל היין שקד גולן בעמ,,,"י""ח",750,"ל מ""ל",false,1,35.90,4.75,true,1,
5992872,true,צפתית 5% במים}גד {.,מחלבות גד,,,"ק""ג",1,,true,1,57.90,57.90,false,1,
5996221,true,פסטרמה של פעם דק דק 120ג,מעדני יחיעם 1993 בעמ,,,"י""ח",120,ל גרם,false,1,13.90,11.58,false,1,
6214003,true,חלבה ממולאת שקיל,****דין שיווק וקליה 2021 בעמ,,,"ק""ג",1,,true,1,59,59,false,1,
6214959,true,גרעין שחור שקיל,****דין שיווק וקליה 2021 בעמ,,,"ק""ג",1,,true,1,20,20,false,1,
6214966,true,שזיף ללא גלעין מיקס שקיל,****דין שיווק וקליה 2021 בעמ,,,"ק""ג",1,,true,1,40,40,false,1,
6222497,true,פקאן מצופה בטעמים שקיל,****דין שיווק וקליה 2021 בעמ,,,"ק""ג",1,,true,1,99,99,false,1,
6271174,true,ג חנון בצק}מעדנות 700 ג,תנובה בשר,,,"י""ח",700,ל גרם,false,1,18.90,2.70,false,1,
6342645,true,טורטיה גדולה 840 ג 12 יח`,דין שיווק וקליה 2021 בעמ,,,"י""ח",840,ל גרם,false,1,14.90,1.77,false,1,
6511904,true,כדורי גבינת אדם למעדניה,ג.וילי פוד אינטרנשיונל בעמ,,,"ק""ג",1,"ק""ג",true,1,65.90,65.90,false,1,
6582355,true,סילאן 900 גר`דין שווק,דין שיווק וקליה 2021 בעמ,,,"י""ח",900,ל גרם,false,1,11.90,1.32,false,1,
6632111,true,ביצי דג קפוא ארוז,דגי מהדרין בעמ,,,"י""ח",250,ל גרם,false,1,26.90,10.76,true,1,
6640024,true,מגש קרטון קטן,צבע ומכחול (2014) בעמ,,,"י""ח",1,,false,1,4.90,4.90,false,1,
6640031,true,דבק דו צדדי,צבע ומכחול (2014) בעמ,,,"י""ח",1,,false,1,5.50,5.50,false,1,
6681003,true,קרמיסימו 1.33 ל סורבט,גלידות שטראוס בעמ,,,"י""ח",1,,false,1,18.90,18.90,false,1,
6739421,true,מעושן איטלקי 300גר`,זוגלובק שיווק בעמ,,,"י""ח",300,ל גרם,false,1,26.90,8.97,false,1,
6739445,true,שניצל תירס קלאסי 750גר`,זוגלובק שיווק בעמ,,,"י""ח",750,ל גרם,false,1,26.90,3.59,true,1,
6742315,true,חזה הודו ברביקיו 330גר`,זוגלובק שיווק בעמ,,,"י""ח",330,ל גרם,false,1,26.90,8.15,false,1,
6764058,true,"בירה נשר לבנה 500 מ""ל}חוזר{",טמפו משקאות בעמ,,,"י""ח",500,"ל מ""ל",false,1,5,0.76,false,1,
6764065,true,נשר מאלט }500 חוזר{,טמפו משקאות בעמ,,,"י""ח",500,"ל מ""ל",false,1,5,0.76,true,1,
6764072,true,"גולדסטאר 500 מ""ל}חוזר{",טמפו משקאות בעמ,,,"י""ח",500,"ל מ""ל",false,1,7.70,1.30,false,1,
6764478,true,נשר מאלט דיאט }330 פקדון{,טמפו משקאות בעמ,,,"י""ח",330,"ל מ""ל",false,1,4.30,1.21,false,1,
6764485,true,נשר מאלט 330 שישיה,טמפו משקאות בעמ,,,"י""ח",1.98,ליטר,false,1,29.90,14.19,false,1,
6764737,true,נשר מאלט 500 דיאט}חוזר{,טמפו משקאות בעמ,,,"י""ח",500,"ל מ""ל",false,1,5,0.76,true,1,
6765871,true,שקד טבעי שקיל,****דין שיווק וקליה 2021 בעמ,,,"ק""ג",1,,true,1,79,79,false,1,
6775795,true,עוגת תפוח ממולאת 450גרם אחוה,אחדות בעמ,,,"י""ח",450,ל גרם,false,1,11.90,2.64,false,1,
6775801,true,רוגלך 400גרם,"אחדות בע""מ",,,"י""ח",400,ל גרם,false,1,13.90,3.48,false,1,
6784506,true,"מסיר כתמים 750מ""ל OXY",קומפלקס כימיקלסבעמ ~~~,,,"י""ח",650,"ל מ""ל",false,1,9.90,1.52,false,1,
6784865,true,מטבחים 1ל מרוכז.,קומפלקס כימיקלסבעמ ~~~,,,"י""ח",1,ליטר,false,1,9.90,9.90,false,1,
6804570,true,לחמניה פרנה.,ג נרל מילס ישראל בעמ,,,"י""ח",1,,false,1,4.90,4.90,false,1,
6805362,true,חצי בגט מאפית אפיה מקומית.,ג נרל מילס ישראל בעמ ~~~,,,"י""ח",1,,false,1,3.30,3.30,true,1,
6822192,true,אושן ספריי דיאט חמוציות 1ליטר,החברה המרכזית להפצת משקאות בעמ,,,"י""ח",1000,"ל מ""ל",false,1,11,1.07,false,1,
6941022,true,סכינים ח.פ100. שווה,ח.כהן סוכנות מזון ומשקאות בע,,,"י""ח",1,,false,1,9.90,9.90,false,1,
6941466,true,שמן קנולה 1 ליטר שווה,ח.כהן סוכנויות מזון ומשקאות***,,,"י""ח",1,ליטר,false,1,9.90,9.90,false,1,
8000796,true,סופרמן משחת שיניים לילדים,גורי ע.ע.ע. בעמ,,,"י""ח",1,,false,1,10.90,10.90,false,1,
8101318,true,קריספי פירורי לחם זהוב 300גר,א.ל.יצור ושיווקתבלינים בעמ,,,"י""ח",300,ל גרם,false,1,6.90,2.30,true,1,
8101356,true,קריספי פאנקו זהוב 300גר,א.ל.יצור ושיווקתבלינים בעמ,,,"י""ח",300,ל גרם,false,1,9.90,3.30,true,1,
8102469,true,קריספי פירורי לחם זהוב 800גר,א.ל.יצור ושיווקתבלינים בעמ,,,"י""ח",800,ל גרם,false,1,11.90,1.49,false,1,
8175777,true,גבינת איבריקו למעדניה,ג.וילי פוד אינטרנשיונל בעמ,,,"ק""ג",1,"ק""ג",true,1,94,94,true,1,
8211145,true,גבינה גאודה נטו.,א. סיימן סחר בעמ,,,"ק""ג",4.50,"ק""ג",true,1,99,22,true,1,
8350150,true,בצק פילו מצונן מרודד השף-שגב,נטו מלינדה סחר בעמ,,,"י""ח",350,ל גרם,false,1,15.90,4.54,false,1,
8403900,true,גאודה עגבניות וזיתים שקיל,א. סיימן סחר בעמ,,,"ק""ג",1,,true,1,119,119,true,1,
8403917,true,גאודה פסטו ירוק שקיל,א. סיימן סחר בעמ,,,"ק""ג",1,,true,1,144,144,true,1,
8403924,true,גאודה פסטו אדום שקיל,א. סיימן סחר בעמ,,,"ק""ג",1,,true,1,144,144,true,1,
8409223,true,שניצל דק מתובל 700 גר`,תנובה בשר,,,"י""ח",700,ל גרם,false,1,36.90,5.27,false,1,
8409407,true,שניצל דק בציפוי צ`יפס 700גר`,תנובה בשר,,,"י""ח",700,ל גרם,false,1,36.90,5.27,false,1,
8458023,true,כבד עוף מצונן טרי ארוז,ח.י. מעדני גורמה בעמ,,,"ק""ג",1,,true,1,24.90,24.90,false,1,
8461047,true,גבינה ברי לרוסטיק,א. סיימן סחר בעמ,,,"ק""ג",1,,true,1,150,150,true,1,
8461283,true,טריפל צ`דר 200גרם.,א. סיימן סחר בעמ,,,"י""ח",200,ל גרם,false,1,23.90,11.95,true,1,
8464611,true,"סודה טמפו 275 מ""ל.",טמפו משקאות בעמ,,,"י""ח",275,"ל מ""ל",false,1,3.50,1.16,true,1,
8464673,true,"גולדסטאר פחית 500 מ""ל Slowbrew 10%",טמפו משקאות בעמ,,,"י""ח",500,"ל מ""ל",false,1,8.50,1.64,false,1,
8464697,true,"מכבי שישייה 7.9% 330מ""ל בקבוק",טמפו משקאות בעמ,,,"י""ח",1.98,ליטר,false,1,35.90,17.22,true,1,
8464703,true,"מכבי שישייה 330מ""ל בקבוק",טמפו משקאות בעמ,,,"י""ח",1.98,ליטר,false,1,35.70,17.12,true,1,
8464741,true,גולדסטאר 330 מייל שישייה.,טמפו משקאות בעמ,,,"י""ח",1980,"ל מ""ל",false,1,33.90,1.62,true,1,
8464796,true,היינקן שישיה}בקבוק 330 מייל,טמפו משקאות בעמ,,,"י""ח",1.98,ליטר,false,1,38.90,18.74,true,1,
8466806,true,מארז שניק וניל 500ג מחנה יהודה,הלל בן הלל שיווק ומסחר בעמ,,,"י""ח",500,ל גרם,false,1,17.90,3.58,true,1,
8493710,true,פירורי גריסיני זהב 200ג,דנשר (1963) בעמ,,,"י""ח",200,ל גרם,false,1,6.90,3.45,false,1,
8634267,true,ספוג מתכת זוג בליסטר.,אינטרסן (1996) בעמ,,,"י""ח",1,,false,1,5.90,5.90,false,1,
8670210,true,"יין רקנאטי שיראז 750מ""ל",היכל היין שקד גולן בעמ,,,"י""ח",750,"ל מ""ל",false,1,54.90,7.28,true,1,
8747547,true,"תפוצ יפס קראנץ טבעי 200ג כשל""פ","שטראוס פריטו ליי בע""מ",,,"י""ח",200,ל גרם,false,1,10.90,5.45,true,1,
8792264,true,מפיות טאצ `100יח`צבעוני,שניב תעשיות נייר בעמ,,,"י""ח",100,"י""ח",false,1,4.90,0.05,true,1,
8801522,true,K.D קונקורד,אגודת הכורמים -כרמל מזרחי,,,"י""ח",750,"ל מ""ל",false,1,21.90,2.88,true,1,
8801539,true,K.D כרמל 120.,אגודת הכורמים,,,"י""ח",750,"ל מ""ל",false,1,21.90,2.88,true,1,
8801843,true,סלקטד קברנה סובניון 0.75,אגודת הכורמים -כרמל מזרחי,,,"י""ח",750,"ל מ""ל",false,1,29.90,3.95,true,1,
8802291,true,"PC מרלו פ.קולקשיין 750מ""ל",אגודת הכורמים -כרמל מזרחי,,,"י""ח",750,"ל מ""ל",false,1,39.90,5.28,true,1,
8802512,true,VINO אדום כרמל 750,אגודת הכורמים -כרמל מזרחי,,,"י""ח",750,"ל מ""ל",false,1,21,2.76,true,1,
8802895,true,PC קברנה סובניון 0.75 ל,אגודת הכורמים -כרמל מזרחי,,,"י""ח",750,"ל מ""ל",false,1,39.90,5.28,true,1,
8803014,true,"כרמל הוק 750 מ""ל",אגודת הכורמים,,,"י""ח",750,"ל מ""ל",false,1,21.90,2.88,true,1,
8803090,true,הסדרה האזורית מרלו 750מייל,אגודת הכורמים,,,"י""ח",750,"ל מ""ל",false,1,59.90,7.95,true,1,
8805520,true,סלקטד קברנה מרלו 0.75 ל,אגודת הכורמים -כרמל מזרחי,,,"י""ח",750,"ל מ""ל",false,1,29.90,3.95,true,1,
8830676,true,תערובת מן הטבע,****דין שיווק וקליה 2021 בעמ,,,"י""ח",300,ל גרם,false,1,5,1.67,false,1,
8830690,true,למובחרים מן הטבע 300ג,****דין שיווק וקליה 2021 בעמ,,,"י""ח",300,ל גרם,false,1,10,3.33,false,1,
8835992,true,פילה נסיכת הנילוס פרוס,בלדי בעמ,,,"ק""ג",1,"ק""ג",true,1,62.90,62.90,false,1,
8836401,true,יין ישן נושן 1 ליטר,יקבי טפרברג 1870 בעמ,,,"י""ח",1,ליטר,false,1,21.90,21.90,false,1,
8836425,true,יין אפרת קל,יקבי טפרברג 1870 בעמ,,,"י""ח",1,ליטר,false,1,19.90,19.90,false,1,
8899321,true,חלה רגילה קלועה (אפיה מקומית).,ג נרל מילס ישראל בעמ ~~~,,,"י""ח",570,ל גרם,false,1,10.90,1.91,true,1,
8899345,true,שמינייה כפרית קלועה פילסבר..,ג נרל מילס ישראל בעמ ~~~,,,"י""ח",1,,false,1,3.90,3.90,true,1,
8899346,true,לחמניה שמינייה רביעייה,ג נרל מילס ישראל בעמ,,,"י""ח",1,,false,1,9.90,9.90,false,1,
8899376,true,לחמניה פילסברי קשר.אפיה מקומית,ג נרל מילס ישראל בעמ ~~~,,,"י""ח",1,,false,1,2.50,2.50,true,1,
8899505,true,בגט ארוך לבן (אפיה מקומית),ג נרל מילס ישראל בעמ,,,"י""ח",250,ל גרם,false,1,4.90,1.96,true,1,
8899512,true,בגט כפרי (אפיה מקומית),ג נרל מילס ישראל בעמ ~~~,,,"י""ח",1,,false,1,4.50,4.50,true,1,
8989091,true,פריכיות אורז שלישיה B D,בטר אנד דיפרנט בעמ,,,"י""ח",310,ל גרם,false,1,12.90,4.16,false,1,
8989695,true,חיטה תפוחה עם דבש 400 גר(שלווה),בטר אנד דיפרנט בעמ,,,"י""ח",400,ל גרם,false,1,14.90,3.73,false,1,
8989848,true,חמאת בוטנים קרנצ`י,בטר אנד דיפרנט בעמ,,,"י""ח",1,,false,1,13.90,13.90,false,1,
8989954,true,סירופ תפוזים 1.2ליטר,בטר אנד דיפרנט בעמ,,,"י""ח",1.20,ליטר,false,1,34.90,29.08,false,1,
9068955,true,חמניה קלופה שקיל,****דין שיווק וקליה 2021 בעמ,,,"ק""ג",1,,true,1,45,45,false,1,
9069150,true,שקד טבעי קליפה שקיל,****דין שיווק וקליה 2021 בעמ,,,"ק""ג",1,,true,1,80,80,false,1,
9069518,true,גינגר מסוכר שקיל,****דין שיווק וקליה 2021 בעמ,,,"ק""ג",1,,true,1,50,50,false,1,
9069990,true,תערובת הבית שקיל,****דין שיווק וקליה 2021 בעמ,,,"ק""ג",1,,true,1,100,100,false,1,
9077490,true,זית מרוקאי שקיל,****דין שיווק וקליה 2021 בעמ,,,"ק""ג",1,,true,1,44,44,false,1,
9077575,true,זיתים שקיל,****דין שיווק וקליה 2021 בעמ,,,"ק""ג",1,,true,1,44,44,false,1,
9077650,true,זית יווני שקיל,****דין שיווק וקליה 2021 בעמ,,,"ק""ג",1,,true,1,59,59,false,1,
9099461,true,פפריקה שקיל,****דין שיווק וקליה 2021 בעמ,,,"ק""ג",1,,true,1,35,35,false,1,
9770027,true,פיסטוק קלוי שקיל,****דין שיווק וקליה 2021 בעמ,,,"ק""ג",1,,true,1,97,97,false,1,
9951387,true,לוקום ממולא שקיל,****דין שיווק וקליה 2021 בעמ,,,"ק""ג",1,,true,1,85,85,false,1,
9951400,true,סוכריות גומי שקיל כשר חלבי א.חלב נוכרי,****דין שיווק וקליה 2021 בעמ,,,"ק""ג",1,,true,1,36,36,false,1,
9951417,true,לקריץ שקיל כשר פרווה למהדרין,****דין שיווק וקליה 2021 בעמ,,,"ק""ג",1,,true,1,59,59,false,1,
9951424,true,פרלינים שקיל כשר חלבי א.חלב נוכרי,****דין שיווק וקליה 2021 בעמ,,,"ק""ג",1,,true,1,89,89,false,1,
9951431,true,פירות אקזוטיים שקיל,****דין שיווק וקליה 2021 בעמ,,,"ק""ג",1,,true,1,90,90,false,1,
9951448,true,תבלינים שקיל,****דין שיווק וקליה 2021 בעמ,,,"ק""ג",1,,true,1,70,70,false,1,
9951479,true,תבלינים שקיל,****דין שיווק וקליה 2021 בעמ,,,"ק""ג",1,,true,1,159,159,false,1,
9951561,true,סוכריות קשות שקיל כשר חלבי א.חלב נוכר,****דין שיווק וקליה 2021 בעמ,,,"ק""ג",1,,true,1,40,40,false,1,
14205017,true,"צלחת קטנות""שווה""50יח",ח.כהן סוכנות מזון ומשקאות בע,,,"י""ח",30,"י""ח",false,1,10.90,0.36,false,1,
17724294,true,גרנולה ציפס חמוציות ללא סוכר 200ג,הלל בן הלל שיווק ומסחר בעמ,,,"י""ח",200,ל גרם,false,1,23.90,11.95,false,1,
54051157,true,אלפרו מעדן סויה שוקו 500 ג`,"שטראוס גרופ בע""מ",,,"י""ח",500,ל גרם,false,1,18.90,3.78,true,1,
59079811,true,"רקסונה רול און 50מ""ל",יוניליוור ישראל שיווק בעמ,,,"י""ח",50,"ל מ""ל",false,1,14.90,29.80,true,1,
59082637,true,"רקסונה רול אמן אקסטרא קול 50מ""ל",יוניליוור ישראל שיווק בעמ,,,"י""ח",50,"ל מ""ל",false,1,14.90,29.80,true,1,
72940754,true,"מילקי וניל רובין כשל""פ 135גר","שטראוס גרופ ***בע""מ",,,"י""ח",130,"ל מ""ל",false,1,2.70,2.08,true,1,
72940761,true,"מילקי שוקו}שטראוס{רובין כשל""פ","שטראוס גרופ ***בע""מ",,,"י""ח",130,"ל מ""ל",false,1,2.70,2.08,true,1,
72940952,true,מילקי פי2 קצפת 111גר,"שטראוס גרופ ***בע""מ",,,"י""ח",111,ל גרם,false,1,3.50,3.15,true,1,
72940976,true,כרוב אדום}אחלה{,"שטראוס גרופ ***בע""מ",,,"י""ח",250,ל גרם,false,1,7.50,3,true,1,
72941041,true,מיני מילקי שוקו,"שטראוס גרופ ***בע""מ",,,"י""ח",130,"ל מ""ל",false,1,2,1.54,true,1,
72945308,true,שמרים קוביות 50,"שטראוס גרופ ***בע""מ",,,"י""ח",50,ל גרם,false,1,3.60,7.20,true,1,
72961209,true,שמנית*,"תנובה בע""מ ***",,,"י""ח",200,"ל מ""ל",false,1,2.40,1.20,false,1,
72961223,true,גילה*,"תנובה בע""מ ***",,,"י""ח",200,"ל מ""ל",false,1,1.51,0.76,false,1,
72961506,true,"פרילי תות 125 מ""ל","תנובה בע""מ ***",,,"י""ח",125,"ל מ""ל",false,1,3.50,2.80,false,1,
72961544,true,באדי תות,"תנובה בע""מ ***",,,"י""ח",125,"ל מ""ל",false,1,3,2.40,false,1,
72964132,true,טבעגורט,תנובה בעמ ***,,,"י""ח",200,"ל מ""ל",false,1,4.50,2.25,false,1,
72986370,true,גלידה פיינטים וניל,מוצרי איכות אמריקאיים בעמ,,,"י""ח",500,"ל מ""ל",false,1,19.90,3.98,true,1,
72986448,true,גלידה פיינטים טופי קראנץ,מוצרי איכות אמריקאיים בעמ,,,"י""ח",750,"ל מ""ל",false,1,19.90,2.65,true,1,
72989425,true,גלידה פיינטים שוקולד בראוניס,מוצרי איכות אמריקאיים בעמ,,,"י""ח",750,"ל מ""ל",false,1,19.90,2.65,true,1,
72991374,true,טיים בודד,דובק בעמ,,,"י""ח",1,,false,1,29.20,29.20,false,1,
72991381,true,טיים ארוך בודד,דובק בעמ,,,"י""ח",1,,false,1,29.20,29.20,false,1,
72991497,true,נובלס רגיל בודד,דובק בעמ,,,"י""ח",1,,false,1,29.20,29.20,false,1,
72993637,true,דני שוקולד בודד,"שטראוס גרופ ***בע""מ",,,"י""ח",125,"ל מ""ל",false,1,2.40,1.92,true,1,
72994061,true,פסק זמן GOOD 2,"שטראוס גרופ בע""מ",,,"י""ח",40,ל גרם,false,1,4.90,12.25,true,1,
80001027,true,טורטינה חלב,ליימן שליסל,,,"י""ח",200,ל גרם,false,1,3.90,1.95,true,1,
80001485,true,גרנדה קוקוס 38 גרם.,ליימן שליסל,,,"י""ח",38,ל גרם,false,1,4,10.53,true,1,
80136194,true,קינדר הפי היפו 1/5 אגוזי לוז,פרימיום - חברה לדברי מתיקה ולמ,,,"י""ח",5,"י""ח",false,1,12.90,2.58,false,1,
80176800,true,נוטלה 750 גרם,פרימיום - חברה לדברי מתיקה ולמ,,,"י""ח",750,ל גרם,false,1,25.90,3.45,false,1,
80177173,true,נוטלה 350 גרם.,פרימיום - חברה לדברי מתיקה ולמ,,,"י""ח",3.50,"י""ח",false,1,14.90,4.26,false,1,
80177609,true,קינדר 50 גרם,פרימיום - חברה לדברי מתיקה ולמ,,,"י""ח",50,ל גרם,false,1,4.20,8.40,false,1,
80177616,true,קינדר אצבעות 100 גר,פרימיום - חברה לדברי מתיקה ולמ,,,"י""ח",1,,false,1,8.90,8.90,false,1,
80310167,true,קינדר אצבעות 126 גר,פרימיום - חברה לדברי מתיקה ולמ,,,"י""ח",126,ל גרם,false,1,9.90,7.86,true,1,
80773429,true,מנטוס טעם תות בקבוק 60ג,ליימן שליסל,,,"י""ח",60,ל גרם,false,1,9.90,16.50,true,1,
80773443,true,מנטוס טעם פירות מנטה בקבוק 60ג,ליימן שליסל,,,"י""ח",60,ל גרם,false,1,9.90,16.50,true,1,
80790990,true,מנטוס טעם מנטה עדין בקבוק 60ג,ליימן שליסל,,,"י""ח",60,ל גרם,false,1,9.90,16.50,true,1,
80794233,true,מנטוס טעם מנטה בקבוק 90ג,ליימן שליסל,,,"י""ח",90,ל גרם,false,1,15.90,17.67,false,1,
80832560,true,סוכריות מנטוס מרעננות ללא סוכר פירות י,ליימן שליסל,,,"י""ח",93,ל גרם,false,1,6.90,7.42,true,1,
80843184,true,מנטוס טעם ענבים בקבוק 60ג,ליימן שליסל,,,"י""ח",60,ל גרם,false,1,9.90,16.50,true,1,
80862130,true,מנטוס מסטיק קופסא 28ג אבטיח,ליימן שליסל,,,"י""ח",28,ל גרם,false,1,4.90,17.50,true,1,
80864295,true,מנטוס בוקס וואיט מנטה עדינה 30 יח`,ליימן שליסל,,,"י""ח",60,ל גרם,false,1,9.90,16.50,true,1,
80896081,true,מנטוס טעם אבטיח בקבוק 60ג,ליימן שליסל,,,"י""ח",60,ל גרם,false,1,9.90,16.50,true,1,
80913467,true,מנטוס טעם מנטה בקבוק 60ג,ליימן שליסל,,,"י""ח",60,ל גרם,false,1,9.90,16.50,true,1,
80945468,true,מנטוס בוקס וואיט מנטה מתוקה 30 יח`,ליימן שליסל,,,"י""ח",60,ל גרם,false,1,9.90,16.50,true,1,
80974215,true,מנטוס פיור פרש בקבוק ביג טעם תות,ליימן שליסל,,,"י""ח",90,ל גרם,false,1,15.90,17.67,false,1,
80977070,true,מנטוס מסטיק קופסא 28ג טרופי,ליימן שליסל,,,"י""ח",28,ל גרם,false,1,4.90,17.50,true,1,
80979128,true,מנטוס טעם דובדבן בקבוק 60ג,ליימן שליסל,,,"י""ח",60,ל גרם,false,1,9.90,16.50,true,1,
80986348,true,מנטוס בוקס וואיט מנטה 30 יח`,ליימן שליסל,,,"י""ח",60,ל גרם,false,1,9.90,16.50,true,1,
80995128,true,מנטוס טעם הדרים בתוספת ויטמין D,ליימן שליסל,,,"י""ח",60,ל גרם,false,1,9.90,16.50,true,1,
87108538,true,מנטוס גלילים תות,ליימן שליסל,,,"י""ח",37,ל גרם,false,1,3.30,8.92,true,1,
87108712,true,מנטוס פירות 1\4,ליימן שליסל,,,"י""ח",150,ל גרם,false,1,11.90,7.93,false,1,
87311396,true,מנטוס גלילים מיקס פירות,ליימן שליסל,,,"י""ח",37.50,ל גרם,false,1,3.30,8.80,true,1,
87342802,true,"אקס רול און גולד 50מ""ל",יוניליוור ישראל שיווק בעמ,,,"י""ח",1,"י""ח",false,1,14.90,14.90,false,1,
87354041,true,מנטוס גלילים בטעם דובדבן,ליימן שליסל,,,"י""ח",37.50,ל גרם,false,1,3.30,8.80,true,1,
8112100298,true,"שמן שומשום טהור 185מ""ל",מזרח ומערב יבוא ושיווק,,,"י""ח",185,"ל מ""ל",false,1,15.90,8.59,false,1,
8421420568,true,בובת TY עיינים גדולות S חתולה,שמחה זה אנחנו,,,"י""ח",1,,false,1,29.90,29.90,false,1,
8888888888,true,2311,לפ הוצ בולט תעשיו,,,"י""ח",1,,false,1,23.11,23.11,false,1,
9800800056,true,נוטלה גו 52ג,פרימיום - חברה לדברי מתיקה ולמ,,,"י""ח",52,ל גרם,false,1,5.90,11.35,true,1,
11210006508,true,רוטב טבסקו חריף אקסטרה,ציון תורגמן בעמ,,,"י""ח",60,"ל מ""ל",false,1,21.90,36.50,false,1,
12300119139,true,וינסטון כחול 10 יח,גלוברנדס בעמ,,,"י""ח",1,,false,1,320.90,320.90,false,1,
16000281684,true,נייטשר קראנצ`י פקאן 1/5,ליימן שליסל,,,"י""ח",210,ל גרם,false,1,19.90,9.48,true,1,
16000548404,true,נייטשר קראנצ`י שיבולת שועל ודבש 1/5,ליימן שליסל,,,"י""ח",210,ל גרם,false,1,19.90,9.48,true,1,
16000548503,true,חטיף ניצ`ר ואלי מייפל בסוכר חום,ליימן שליסל,,,"י""ח",210,ל גרם,false,1,19.90,9.48,true,1,
16000548909,true,נייטשר קראנצ`י בריאות מעורב 1/5,ליימן שליסל,,,"י""ח",210,ל גרם,false,1,19.90,9.48,true,1,
16229924263,true,"קרם קוקוס 250מ""ל",גורי מוצרי צריכה בעמ,,,"י""ח",250,"ל מ""ל",false,1,9.90,3.96,false,1,
18000703494,true,תערובת לעוגות וניל(פילסברי),ליימן שליסל,,,"י""ח",524,ל גרם,false,1,17.90,3.42,false,1,
22200956932,true,##ספיד סטיק ג ל-כחול,ש.שסטוביץ בעמ,,,"י""ח",51,ל גרם,false,1,19.90,39.02,true,1,
22200956949,true,ספיד סטיק ג ל-כתום,ש.שסטוביץ בעמ,,,"י""ח",51,ל גרם,false,1,19.90,39.02,true,1,
25675120037,true,מקלות חמוצות 100,גורי ע.ע.ע. בעמ,,,"י""ח",100,ל גרם,false,1,10.20,10.20,false,1,
25675301108,true,מקלות חמוצות 50 גרם,גורי ע.ע.ע. בעמ,,,"י""ח",50,ל גרם,false,1,4.90,9.80,false,1,
25675301184,true,מקלות חמוצות קולה,גורי ע.ע.ע. בעמ,,,"י""ח",50,ל גרם,false,1,4.90,9.80,false,1,
25675301207,true,מקלות בטעם תפוחי עץ,גורי ע.ע.ע. בעמ,,,"י""ח",50,ל גרם,false,1,4.90,9.80,false,1,
34000148301,true,נטיפי שוקולד מריר לאפייה 340גר הרשי,ליימן שליסל,,,"י""ח",340,ל גרם,false,1,18.90,5.56,true,1,
34000196173,true,הרשי קוקיס קרים XL,ליימן שליסל,,,"י""ח",47,ל גרם,false,1,8.90,18.94,false,1,
34000442652,true,ריזס קבלה XL,ליימן שליסל,,,"י""ח",47,ל גרם,false,1,8.90,18.94,false,1,
34000446001,true,חטיפי שוקולד חלב ריזס מיניס 150גר,ליימן שליסל,,,"י""ח",150,ל גרם,false,1,10.90,7.27,false,1,
34000470563,true,ריזס מיניס ארזה משפחתית 215ג,ליימן שליסל,,,"י""ח",215,ל גרם,false,1,19.90,9.26,false,1,
34000544028,true,ממתק בטעם תות 198ג,ליימן שליסל,,,"י""ח",198,ל גרם,false,1,7.90,3.99,false,1,
34000544431,true,ליקרויץ 198 גרם -דובדבן,ליימן שליסל,,,"י""ח",1,,false,1,7.90,7.90,false,1,
34000996643,true,הרשי דרופס ארזה משפחתית 215ג,ליימן שליסל,,,"י""ח",215,ל גרם,false,1,19.90,9.26,false,1,
36000516890,true,טישו קלינקס 120 3 שכבות,קימברלי קלארק ישראל שיווק בעמ,,,"י""ח",120,"י""ח",false,1,19.90,0.17,true,1,
37600207188,true,חמאת קלאסי סקיפי,דיפלומט מפיצים (1968) בעמ**,,,"י""ח",462,ל גרם,false,1,19.90,4.31,false,1,
37600207256,true,חמאת בוטנים סקיפי עם שברי בוטנים 462 ג,דיפלומט מפיצים (1968) בעמ**,,,"י""ח",462,ל גרם,false,1,19.90,4.31,false,1,
37600207287,true,חמאת בוטנים סקיפי,דיפלומט מפיצים (1968) בעמ**,,,"י""ח",462,ל גרם,false,1,19.90,4.31,false,1,
38000138638,true,פרינגלס פיצה 161 גר`פלקס,דיפלומט מפיצים (1968) בעמ**,,,"י""ח",161,ל גרם,false,1,9.90,6.15,true,1,
38000138720,true,פרינגלס ראנץ 158ג,דיפלומט מפיצים (1968) בעמ**,,,"י""ח",161,ל גרם,false,1,9.90,6.15,true,1,
38000232152,true,פרינגלס ברביקיו 161 גר`פלקס,דיפלומט מפיצים (1968) בעמ**,,,"י""ח",161,ל גרם,false,1,9.90,6.15,true,1,
38000232176,true,פרינגלס שמנת בצל 161 גר`פלקס,דיפלומט מפיצים (1968) בעמ**,,,"י""ח",161,ל גרם,false,1,9.90,6.15,true,1,
38000232183,true,פרינגלס אוריגינל 149 גר`.,דיפלומט מפיצים (1968) בעמ**,,,"י""ח",149,ל גרם,false,1,9.90,6.64,true,1,
40232885518,true,אוכמניות,ביכורי השדה צפון 1994 ג.ד. בעמ,,,"י""ח",1,,false,1,15.90,15.90,true,1,
46214731552,true,עוגיות שוקו צ יפ מרבה,ש.שסטוביץ בעמ,,,"י""ח",225,ל גרם,false,1,8.90,3.96,false,1,
48256214758,true,"אוקסי אבקת הפלא 1 ק""ג",יעקב יעקבי ובניו בעמ,,,"י""ח",1,"ק""ג",false,1,19.90,19.90,false,1,
50000084500,true,פריסקייז מעדני השף,קבוצת אוסם סחר-שות.מוגבלת,,,"י""ח",1.42,"ק""ג",false,1,40.60,28.59,false,1,
50000100347,true,פריסקייז מעדני החתול,קבוצת אוסם סחר-שות.מוגבלת,,,"י""ח",1.40,"ק""ג",false,1,34.90,24.93,false,1,
50000238910,true,פריסקיז פארטי מיקס אוריג`ינל 60גר,קבוצת אוסם סחר-שות.מוגבלת,,,"י""ח",60,ל גרם,false,1,11.90,19.83,false,1,
50000429646,true,פנסי פיסט טעם טונה,קבוצת אוסם סחר-שות.מוגבלת,,,"י""ח",85,ל גרם,false,1,6.40,7.53,false,1,
50000571987,true,פריסקיז נתחי עוף ברוטב 156גר,קבוצת אוסם סחר-שות.מוגבלת,,,"י""ח",156,ל גרם,false,1,7.40,4.74,false,1,
52100070995,true,תמצית וניל וניל 59גר,ר.ב. מוצרי דגנים בעמ,,,"י""ח",59,"ל מ""ל",false,1,11.90,20.17,false,1,
55500012046,true,קלין אפ מרסס+פיין סול כלורוקס,גורי מוצרי צריכה בעמ,,,"י""ח",946,"ל מ""ל",false,1,19.90,2.10,false,1,
64144090013,true,תרסיס שמן בטעם חמאה,ליימן שליסל,,,"י""ח",141,"ל מ""ל",false,1,19.90,14.11,true,1,
64144090051,true,תרסיס שמן פאם קנולה 148 ג,ליימן שליסל,,,"י""ח",148,"ל מ""ל",false,1,19.90,13.45,true,1,
73490153419,true,מיץ ענבים קונקורד 1.89ל Kedem,טמפו משקאות בעמ,,,"י""ח",1.89,ליטר,false,1,29.90,15.66,false,1,
74234531142,true,פלפל חלפניו פרוס כבוש 210ג,מזרח ומערב יבוא ושיווק,,,"י""ח",210,"ל מ""ל",false,1,9.90,4.71,false,1,
76840001774,true,גלידה פיינטים בצק עוגיות שוקולד צ`יפס,מוצרי איכות אמריקאיים בעמ,,,"י""ח",750,"ל מ""ל",false,1,23.90,3.19,true,1,
76840100156,true,גלידה פיינטים צרי גרסיה,מוצרי איכות אמריקאיים בעמ,,,"י""ח",750,"ל מ""ל",false,1,19.90,2.65,true,1,
76840620029,true,גלידה פיינטים ברי נייס,מוצרי איכות אמריקאיים בעמ,,,"י""ח",500,"ל מ""ל",false,1,23.90,4.78,true,1,
76840620036,true,גלידה פיינטים שמנת עם וניל,מוצרי איכות אמריקאיים בעמ,,,"י""ח",750,"ל מ""ל",false,1,19.90,2.65,true,1,
77245110610,true,סוכריות מאסט מנטה ללא סוכ,"שטראוס גרופ בע""מ",,,"י""ח",80,ל גרם,false,1,8.80,11,true,1,
77975022757,true,בייגל אמריקאי 382.7גר,ליימן שליסל,,,"י""ח",382,ל גרם,false,1,16.90,4.42,true,1,
77975094624,true,סניידרס שברי בייגל חמאת בונים 283גר,ליימן שליסל,,,"י""ח",340,ל גרם,false,1,15.90,4.68,true,1,
77975094761,true,סניידרס שברי בייגל גבינת צ`דר 340גר,ליימן שליסל,,,"י""ח",340,ל גרם,false,1,15.90,4.68,true,1,
77975094778,true,"סניידרס שברי בייגל בצל,חרדל ודבש 340ג",ליימן שליסל,,,"י""ח",340,ל גרם,false,1,15.90,4.68,true,1,
77975095133,true,סניידרס שברי בייגל 318ג,ליימן שליסל,,,"י""ח",318,ל גרם,false,1,15.90,5,true,1,
77975095157,true,סניידרס שברי בגיילה טעם חלפיניו 318גר,ליימן שליסל,,,"י""ח",318,ל גרם,false,1,15.90,5,true,1,
77975095164,true,סניידרס שברי בייגל פרמזו ושום 318ג,ליימן שליסל,,,"י""ח",318,ל גרם,false,1,15.90,5,true,1,
80000002808,true,סטארקיסט טונה,לפ סטארקיסט פודור,,,"י""ח",160,ל גרם,false,1,5,3.13,false,1,
80432402931,true,"וויסקי שיבאס רגאל 700מ""ל",טמפו משקאות בעמ,,,"י""ח",700,"ל מ""ל",false,1,119.90,17.09,true,1,
80518532859,true,בלונים 100 יח,שמחה זה אנחנו,,,"י""ח",1,,false,1,21.90,21.90,false,1,
97643084047,true,"שוקולד רוזמרי ספליט בד""ץ",קדמה ירושלים יבוא 2002 בעמ,,,"י""ח",100,ל גרם,false,1,12.90,12.90,false,1,
195480030088,true,בלוק צימקאו מריר 300גר,תה ויסוצקי (ישראל)בעמ,,,"י""ח",300,ל גרם,false,1,8.90,2.97,false,1,
628154383659,true,דגני בוקר פרוטי פבלס 311גר,ר.ב. מוצרי דגנים בעמ,,,"י""ח",311,ל גרם,false,1,21.90,7.04,false,1,
633824111838,true,"וודקה ואן גוך אננס 750 מ""ל",טמפו משקאות בעמ,,,"י""ח",750,"ל מ""ל",false,1,129.90,17.28,true,1,
633824913432,true,ואן גוך אסאי 750,טמפו משקאות בעמ,,,"י""ח",750,"ל מ""ל",false,1,129.90,17.28,true,1,
655003854671,true,חסה הולנדיה הידרופוני,ביכורי השדה צפון 1994 ג.ד. בעמ,,,"י""ח",1,,false,1,11.90,11.90,false,1,
693493102575,true,עגבניות שרי קלמרים,ביכורי השדה צפון 1994 ג.ד. בעמ,,,"י""ח",450,ל גרם,false,1,9.90,2.20,false,1,
710069006867,true,סנדוויץ עוגיות וניל הדר 150גר,ח.כהן סוכנות מזון ומשקאות בע,,,"י""ח",150,ל גרם,false,1,3.90,2.60,false,1,
710069055452,true,סנדוויץ עוגיות שוקו 150גר הדר,ח.כהן סוכנות מזון ומשקאות בע,,,"י""ח",150,ל גרם,false,1,3.90,2.60,false,1,
729001633488,true,עגבניות שרי ארוז,ביכורי השדה צפון 1994 ג.ד. בעמ,,,"י""ח",1,,false,1,9.90,9.90,false,1,
729016400205,true,צלחות 100יח גדול צבעוני שווה,ח.כהן סוכנות מזון ומשקאות בע,,,"י""ח",100,"י""ח",false,1,34.90,0.35,false,1,
753182231761,true,משקה אנרגיה בלו סיקס ללא סוכר,בני פאוזי שמשום (2009) בעמ,,,"י""ח",250,"ל מ""ל",false,1,4.50,1.68,true,1,
768404001640,true,גלידה פיינטים קפה,מוצרי איכות אמריקאיים בעמ,,,"י""ח",500,"ל מ""ל",false,1,19.90,3.98,true,1,
769904000607,true,.שקדי מרק ברפוד 200גר`,בטר אנד דיפרנט בעמ,,,"י""ח",200,ל גרם,false,1,12.90,6.45,false,1,
769904000997,true,"שקדי מרק דג""ש ללא גלוטן 200ג",נטורפוד בעמ,,,"י""ח",200,ל גרם,false,1,13.90,6.95,false,1,
807250553009,true,בר בצק,צבע ומכחול (2014) בעמ,,,"י""ח",1,,false,1,9.90,9.90,false,1,
813724023756,true,"ווטקינס וניל אפיה 59מ""ל",מ.סידס ובנו בעמ,,,"י""ח",59,"ל מ""ל",false,1,29.90,50.68,false,1,
813724025927,true,"ווטקינס וניל ללא אלכוהול 59מ""ל",מ.סידס ובנו בעמ,,,"י""ח",59,"ל מ""ל",false,1,49.90,84.58,false,1,
813724025934,true,"ווטקינס מחית וניל 56מ""ל",מ.סידס ובנו בעמ,,,"י""ח",56,"ל מ""ל",false,1,49.90,89.11,false,1,
835811000396,true,נייר אפיה לתבנית מוארכת 30יח הנמל,הנמל אריזות ושווק בעמ,,,"י""ח",1,,false,1,9.90,9.90,false,1,
835811001232,true,נייר אפיה לתבנית עגול 10יח,הנמל אריזות ושווק בעמ,,,"י""ח",10,"י""ח",false,1,10.90,1.09,false,1,
835811002239,true,גביעי מאפינס צבעוני 200יח מס3,הנמל אריזות ושווק בעמ,,,"י""ח",1,,false,1,7.90,7.90,false,1,
835811002246,true,גביעי מאפינס צבעוני 200יח מס2,הנמל אריזות ושווק בעמ,,,"י""ח",1,,false,1,7.50,7.50,false,1,
835811002253,true,גביעי מאפינס צבעוני 200יח מס1.5,הנמל אריזות ושווק בעמ,,,"י""ח",1,,false,1,5.90,5.90,false,1,
835811004189,true,פרורי לחם מוזהבים 800 גרם הנמל,הנמל אריזות ושווק בעמ,,,"י""ח",800,ל גרם,false,1,13.20,1.65,false,1,
835811004417,true,ריבת חלב 340ג,הנמל אריזות ושווק בעמ,,,"י""ח",340,ל גרם,false,1,13.90,4.09,false,1,
835811005339,true,זוג שקיות אוכל זוגות הנמל,הנמל אריזות ושווק בעמ,,,"י""ח",2,"י""ח",false,1,7.90,3.95,false,1,
835811006701,true,קוקטים לאפייה 24יח 3OZ הנמל,הנמל אריזות ושווק בעמ,,,"י""ח",1,,false,1,6.50,6.50,false,1,
835811007166,true,כוסות קפה לדרך+מכסה 16 יחידות הנמל,הנמל אריזות ושווק בעמ,,,"י""ח",16,"י""ח",false,1,13.90,0.87,false,1,
835811007432,true,תבנית משפחתית,הנמל אריזות ושווק בעמ,,,"י""ח",1,,false,1,10.20,10.20,false,1,
835811007661,true,שקיות הקפאה 200יח,הנמל אריזות ושווק בעמ,,,"י""ח",1,,false,1,6.90,6.90,false,1,
839762000641,true,איילנד מנגו 1 ליטר,טמפו משקאות בעמ,,,"י""ח",1,ליטר,false,1,13.20,13.20,true,1,
850006036028,true,מקלונים טעם סלק בצל 400ג,תה ויסוצקי (ישראל)בעמ,,,"י""ח",400,ל גרם,false,1,17.90,4.48,true,1,
856591000062,true,עבאדי עוגיות מזרחיות מלח -400,תה ויסוצקי (ישראל)בעמ,,,"י""ח",400,ל גרם,false,1,17.90,4.48,false,1,
856591000109,true,עבאדי עוגיות מזרחיות פריך במיוחד 400גר,תה ויסוצקי (ישראל)בעמ,,,"י""ח",400,ל גרם,false,1,17.90,4.48,false,1,
856591000512,true,עוגיות מזרחיות מקלות לניגוב 400גר`,תה ויסוצקי (ישראל)בעמ,,,"י""ח",400,ל גרם,false,1,17.90,4.48,true,1,
859547004084,true,ספוג ניקוי SCRUB DADDY LEMON,ר.ב. מוצרי דגנים בעמ,,,"י""ח",1,,false,1,17.90,17.90,false,1,
859547004466,true,ספוג ניקוי SCRUB MOMMY,ר.ב. מוצרי דגנים בעמ,,,"י""ח",1,,false,1,17.90,17.90,false,1,
873999000043,true,סוללות קאמיליון קטן,עולם הבית שיווק והפצה בעמ,,,"י""ח",1,,false,1,8.90,8.90,false,1,
884912359483,true,דגני בוקר האני באנצ תות 340ג,ר.ב. מוצרי דגנים בעמ,,,"י""ח",340,ל גרם,false,1,21.90,6.44,true,1,
884912365200,true,דגני בוקר אוראו 311גר.,ר.ב. מוצרי דגנים בעמ,,,"י""ח",311,ל גרם,false,1,23.90,7.68,true,1,
2348139024008,false,תחתיות ארטישוק 400 גרם,נטו מלינדה סחר בעמ,,,"י""ח",425,ל גרם,false,1,11.90,2.80,false,1,
3014260240226,false,"קצף גילוח ג'ילט לעור רגיש 200 מ""ל",דיפלומט מפיצים (1986) בע`מ,,,"י""ח",200,"ל מ""ל",false,1,16.30,8.15,true,1,
3014260287030,false,ג`ילט סכיני גילוח חדפ לגבר יבוא מקביל,פארמה דיל (פ.א.ב.) שיווק והפצה,,,"י""ח",1,,false,1,6.90,6.90,true,1,
3014260289287,false,סכין גילוח גילט בלו 2 לנשים-חמישייה,דיפלומט מפיצים (1968) בעמ,,,"י""ח",1,,false,1,14.90,14.90,true,1,
3045206360609,false,"דזיטול נוזל מחטא בגדים בכביסה, 1 ליטר",יעקב יעקבי ובניו בעמ,,,"י""ח",500,"ל מ""ל",false,1,23.90,4.78,true,1,
3046920028004,false,לינדט שוקולד אקסלנס מריר 70% 100 גר,לינדט ושפרונגלי קילשברג,,,"י""ח",100,ל גרם,false,1,16.90,16.90,true,1,
3046920029759,false,אקסלנס שוקולד מריר 90% לינדט (100 גרם),לינדט ושפרונגלי קילשברג,,,"י""ח",100,ל גרם,false,1,16.90,16.90,true,1,
3059943015104,false,"אירוויק מבשם אויר נטול גז בניחוח פריסיה ויסמין 345 מ""ל",רקיט בנקיזר (ניר איסט) בעמ,,,"י""ח",345,"ל מ""ל",false,1,14.90,4.32,true,1,
3059943016507,false,"אירוויק ספריי בניחוח לבנדר וקמומיל 240 מ""ל",רקיט בנקיזר (ניר איסט) בעמ,,,"י""ח",300,"ל מ""ל",false,1,9.90,3.30,true,1,
3073781161663,false,גבינה מותכת 18.5% שומן לה וואש קירי,בני ג`ורג` שוקחה (חיפה) בעמ,,,"י""ח",128,ל גרם,false,1,11.90,9.30,false,1,
3073781162790,false,גבינה מותכת בייבי בל 120 גרם,א. סיימן סחר בעמ,,,"י""ח",120,ל גרם,false,1,21.90,18.25,true,1,
3073781177220,false,גבינה בייבי בל אדום 120 גר`,א. סיימן סחר בעמ,,,"י""ח",120,ל גרם,false,1,21.90,18.25,true,1,
3161911229199,false,חמאה צרפתית רכה למריחה אל & ויר 250 גרם,א. סיימן סחר בעמ,,,"י""ח",250,ל גרם,false,1,20.50,8.20,true,1,
3282554138911,false,כפיות לבן 100 יח PP ארקפלסט (40 בק`)*,ח.כהן סוכנות מזון ומשקאות בע,,,"י""ח",100,"י""ח",false,1,6.90,0.07,false,1,
3282554174841,false,מזלגות לבן 100 יח PP ארקפלסט (40 בק`),ח.כהן סוכנות מזון ומשקאות בע,,,"י""ח",100,"י""ח",false,1,9.90,0.10,false,1,
3282554174957,false,כפות לבן 100 יח PP ארקפלסט (40 בק`)*,ח.כהן סוכנות מזון ומשקאות בע,,,"י""ח",100,"י""ח",false,1,9.90,0.10,false,1,
3387390525960,false,קראנץ' דגני בוקר עם שוקולד חלב נסטלה 500 גרם,קבוצת אוסם סחר שותפות מוגבלת,,,"י""ח",500,ל גרם,false,1,19.90,3.98,true,1,
3523230025638,false,"גבינת עיזים בושה טבעי, 125 גרם",א. סיימן סחר בעמ,,,"י""ח",125,ל גרם,false,1,23.90,19.12,false,1,
3523230026888,false,"גבינת עיזים שום ועשבי תיבול למריחה פירמידה, 140 גרם",א. סיימן סחר בעמ,,,"י""ח",125,ל גרם,false,1,23.90,19.12,true,1,
3574661003924,false,שטיפת פה טוטאל קר בטעם מנטה צלול,ג'\ונסון אנד ג'\ונסון,,,"י""ח",500,"ל מ""ל",false,1,18.90,3.78,true,1,
3574661485201,false,טמפונים אובה סופר 32 יח' פרוקומפורט,ש.שסטוביץ בעמ,,,"י""ח",1,,false,1,24.90,24.90,false,1,
3574661487328,false,קרפרי מגני תחתון אורגינל פלוס 56 יח',הדקלאים אגודת שיתופי,,,"י""ח",58,"י""ח",false,1,19.90,0.34,true,1,
3574661487618,false,קרפרי מגן תחתון מקסי לארג'' מבושם 48 יח'',ג'ויה מעבדות לקוסמטי,,,"י""ח",1,,false,1,15.90,15.90,true,1,
3574661552804,false,מגן תחתון קרפרי אלוורה 56 יחידות,הדקלאים אגודת שיתופי,,,"י""ח",1,,false,1,15.90,15.90,true,1,
3574661554877,false,מגן תחתון קרפרי כותון מבושם 56 יחידות,הנסיך- מפעל לייצור ט,,,"י""ח",1,,false,1,15.90,15.90,true,1,
3574661554884,false,קרפרי מגן תחתון רגיל טנגה מבושם 56 יח,הדקלאים אגודת שיתופי,,,"י""ח",1,,false,1,15.90,15.90,true,1,
3574661650029,false,ליסטרין שטיפת פה להגנה על החניכיים בטעם מעודן,ג'\ונסון אנד ג'\ונסון,,,"י""ח",500,"ל מ""ל",false,1,18.90,3.78,true,1,
3574669907729,false,גונסונס בייבי שמפו לתינוק 750 מל,גונסון אנד גונסון,,,"י""ח",750,"ל מ""ל",false,1,24.90,3.32,true,1,
3600523651900,false,מרכך לחיזוק סיב השערה לכל סוגי השיער,לוריאל ישראל קוסמטיקס בעמ,,,"י""ח",550,"ל מ""ל",false,1,16.90,3.07,true,1,
3600523652242,false,"לוריאל - אלביב שמפו קולור פרוטקט 550 מ""ל",לוריאל ישראל קוסמטיקס בעמ,,,"י""ח",550,"ל מ""ל",false,1,16.90,3.07,true,1,
3600523782567,false,"לוריאל - אלביב שמפו דרים לונג 500 מ""ל",לוריאל ישראל קוסמטיקס בעמ,,,"י""ח",500,"ל מ""ל",false,1,16.90,3.38,true,1,
3600523782581,false,מרכך מתיר קשרים לשיער ארוך ופגום Dream Long,לוריאל ישראל קוסמטיקס בעמ,,,"י""ח",500,"ל מ""ל",false,1,16.90,3.38,true,1,
3600541253667,false,"גרנייה - דאודורנט ספריי לאישה אינביזיבל BWC (ורוד) 150 מ""ל",לוריאל ישראל קוסמטיקס בעמ,,,"י""ח",150,"ל מ""ל",false,1,14.90,9.93,true,1,
3600541402270,false,"גרנייה - דאודורנט ספריי לאישה אינביזיבל BWC (ירוק) 150 מ""ל",לוריאל ישראל קוסמטיקס בעמ,,,"י""ח",50,"ל מ""ל",false,1,14.90,29.80,true,1,
3600541956223,false,"גרנייה פיור לניקוי וטיפול בסימנים ופגעי עם מברשת 150 מ""ל",לוריאל ישראל קוסמטיקס בעמ,,,"י""ח",1,,false,1,29.90,29.90,false,1,
3600542375801,false,קרם גרנייה פיוראקטיב 3ב1 פחם 150 מל,לוריאל ישראל קוסמטיקס בעמ,,,"י""ח",150,"ל מ""ל",false,1,29.90,19.93,false,1,
3600542385091,false,"גרנייה - דאודורנט רול און לאישה אקשן קונטרול 72 שעות 50 מ""ל",לוריאל ישראל קוסמטיקס בעמ,,,"י""ח",1,,false,1,12.90,12.90,true,1,
3600542385251,false,"גרנייה - דאודורנט רול און לאישה פרוטקשן 6 כותנה (ורוד) 50 מ""ל",לוריאל ישראל קוסמטיקס בעמ,,,"י""ח",1,,false,1,14.90,14.90,true,1,
3800020472569,false,חטיף קיט קאט צ`אנקי קרמל מלוח 42 גרם,קבוצת אוסם סחר שותפות מוגבלת,,,"י""ח",43,ל גרם,false,1,3.90,9.07,true,1,
3883133883132,false,סביבון,צבע ומכחול (2014) בעמ,,,"י""ח",1,,false,1,7.90,7.90,false,1,
4000417023001,false,ריטר ספורט שוקולד חלב מעולה עם שקדים שלמים,ריטר ספורט Ritter sport,,,"י""ח",100,ל גרם,false,1,10.90,10.90,true,1,
4000417025005,false,שוקולד מריר במילוי מרציפן ריטר ספורט 100 גרם,ריטר ספורט Ritter sport,,,"י""ח",100,ל גרם,false,1,8.90,8.90,true,1,
4000417026002,false,שוקולד ריטר ספורט פרלין 100 גרם חלב נוכרי,ריטר ספורט Ritter sport,,,"י""ח",100,ל גרם,false,1,8.90,8.90,true,1,
4000417101211,false,גלילי וופל עם קרם אגוזי לוז בציפוי שוקולד חלב,ליימן שליסל בע`מ,,,"י""ח",150,ל גרם,false,1,17.90,11.93,true,1,
4000417211002,false,שוקולד חלב מעולה ממולא קרם קרמל מוקצף ושברי שקדים מומלחים,ריטר ספורט Ritter sport,,,"י""ח",100,ל גרם,false,1,8.90,8.90,true,1,
4000417212009,false,ריטר ספורט שוקולד מריר מעולה עם שקדים קצוצים וקליפות תפוז מסוכרות,ריטר ספורט Ritter sport,,,"י""ח",100,ל גרם,false,1,8.90,8.90,true,1,
4000417222008,false,שוקולד ריטר ספורט חלב+שברי אגוזים 100 גרם חלב נוכרי,ריטר ספורט Ritter sport,,,"י""ח",100,ל גרם,false,1,8.90,8.90,true,1,
4000417294005,false,שוקולד ריטר מוס קקאו 100 גרם חלב נוכרי,ריטר ספורט Ritter sport,,,"י""ח",100,ל גרם,false,1,8.90,8.90,true,1,
4000417298003,false,שוקולד ריטר ספורט קוקוס 100 גרם חלב נוכרי,ריטר ספורט Ritter sport,,,"י""ח",100,ל גרם,false,1,8.90,8.90,true,1,
4000417450302,false,שוקולד חלב ומריר ריטר ספורט מונדיאל 183ג,ליימן שליסל בעמ,,,"י""ח",183,ל גרם,false,1,19.90,10.87,false,1,
4000417626417,false,שוקולד חלב חמוציות ממותקות ושברי אגוזי לוז,ליימן שליסל בע`מ,,,"י""ח",100,ל גרם,false,1,8.90,8.90,true,1,
4000522061752,false,בייגלה צ'יו מקלות מלוחים 100 גרם,ר.ב. מוצרי דגנים בעמ,,,"י""ח",100,ל גרם,false,1,3.90,3.90,false,1,
4000607850004,false,שוקולד חלב טבעי שוגטן 100 גרם,"לודוויג שוקולד בע""\מ",,,"י""ח",100,ל גרם,false,1,6.90,6.90,true,1,
4000869032569,false,"הפי מבשם ומטהר אויר ורוד מוצק יעקבי 150 מ""ל","יעקב יעקבי ובניו בע""מ",,,"י""ח",1,,false,1,10.20,10.20,false,1,
4001518003800,false,טורינוס מקלות פריכים עם פלפל ומלח 125 גרם,ר.ב. מוצרי דגנים בעמ,,,"י""ח",125,ל גרם,false,1,14.90,11.92,false,1,
4002448017684,false,"סיליט באנג ספריי ניקוי כללי מסיר אבנית 750 מ""ל",רקיט בנקיזר (ניר איסט) בעמ,,,"י""ח",750,"ל מ""ל",false,1,12.90,1.72,false,1,
4002575016253,false,מרציפן מצופה שוקולד זנטיס (100 גרם),הדקלאים אגודת שיתופי,,,"י""ח",100,ל גרם,false,1,9.90,9.90,false,1,
4002590000022,false,סוכריות קלפני פירות יער אוכמניות 150 ג',ליימן שליסל בע`מ,,,"י""ח",150,ל גרם,false,1,9.50,6.33,false,1,
4005808128273,false,ג'ל רחצה לגבר אנרג'י עם תמציות מנטה בניחוח ממריץ,טרופיקל דגיל תעשיות,,,"י""ח",500,"ל מ""ל",false,1,14.90,2.98,true,1,
4005808293469,false,"ניוואה - דאודורנט ספריי לגבר יבש 150 מ""ל",אלפא- ב.ד.ף בעמ,,,"י""ח",150,"ל מ""ל",false,1,15.90,10.60,true,1,
4005808366392,false,שפתון ליובש כחול קלאסי לבלו 48 גרם,טרופיקל דגיל תעשיות,,,"י""ח",1,,false,1,11.90,11.90,true,1,
4005808698103,false,ניוואה תחליב גוף סמוד לעור יבש 500 מל,בטר אנד דיפרנט,,,"י""ח",500,ל גרם,false,1,29.90,5.98,true,1,
4005808702107,false,ניוואה תחליב גוף לעור יבש מאד 500 מל,בטר אנד דיפרנט,,,"י""ח",500,ל גרם,false,1,29.90,5.98,true,1,
4005900513069,false,"ניוואה - דאודורנט רול און לגבר דיפ 50 מ""ל",אלפא- ב.ד.ף בעמ,,,"י""ח",150,"ל מ""ל",false,1,13.90,9.27,true,1,
4007745058804,false,נטורפוד מיונז אורגני 340 גרם,אף.סי תבליני בגליל ב,,,"י""ח",340,ל גרם,false,1,24.90,7.32,false,1,
4009300524588,false,חליטת צמחים פומפדור פירות יער 20 יחידות,ש. שסטוביץ בע`מ,,,"י""ח",300,ל גרם,false,1,13.90,4.63,true,1,
4009300526438,false,תה ירוק פומפדור קלאסי 20 יחידות,"איטיליאן פוד, אס.פי.",,,"י""ח",30,ל גרם,false,1,16.90,56.33,true,1,
4009300595120,false,חליטת צמחים פומפדור ג'ינג'ר מנגו 20 יחידות,ש. שסטוביץ בע`מ,,,"י""ח",30,ל גרם,false,1,13.90,46.33,true,1,
4009900426121,false,מסטיק אורביט איירוויז בקבוקון אוכמניות 64ג',"מרס ריגלי ישראל בע""מ",,,"י""ח",90,ל גרם,false,1,10.50,11.67,true,1,
4009900509770,false,מסטיק אורביט בטעם תות ללס אריזה מוגדלת,מרס ריגלי ישראל בעמ,,,"י""ח",84,ל גרם,false,1,13,15.48,false,1,
4009900536288,false,מסטיק אורביט רפרשרס פפרמינט בקבוקון ללא סוכר 67 גר',מרס ריגלי קונפקשונרי,,,"י""ח",67,ל גרם,false,1,11.90,17.76,false,1,
4011800290030,false,חטיף חלבון עם שוקולד חלב ללא תוספת סוכר,משה סידס ובנו בעמ,,,"י""ח",50,ל גרם,false,1,8.90,17.80,false,1,
4011800636517,false,קורני פרי שוקולד חלב מעולה ללא סוכר 6*1,מיוצר עי קונדיטוריית,,,"י""ח",6,"י""ח",false,1,11.90,1.98,true,1,
4014400904277,false,סוכריות בטעם מנטה אייס פרש סטורק 425 גרם,ליימן שליסל בע`מ,,,"י""ח",425,ל גרם,false,1,14.90,3.51,true,1,
4014400904376,false,סוכריות טופי בטעם שוקולד סטורק 325 גרם,קריניציה ויטמינה אס,,,"י""ח",325,ל גרם,false,1,14.90,4.58,true,1,
4014400904390,false,סוכריות טופי ממולא חלב סטורק 325 גרם,קריניציה ויטמינה אס,,,"י""ח",325,ל גרם,false,1,14.90,4.58,true,1,
4014400910063,false,סוכריות חמאה וורטרס אורגינל (135 גרם),ליימן שליסל בע`מ,,,"י""ח",135,ל גרם,false,1,8.90,6.59,true,1,
4014400914696,false,וורטרס אורגינל סוכריות ללא סוכר 80 גרם,ליימן שליסל בע`מ,,,"י""ח",1,,false,1,8.90,8.90,true,1,
4014400920857,false,וורטר אורגינל ללא סוכר בטעם שוקולד-שקית 70 גרם,קריניציה ויטמינה אס,,,"י""ח",70,ל גרם,false,1,8.90,12.71,true,1,
4014400923711,false,בונבוניירה שוקולד אגוזים טופיפי 125 גרם,ליימן שליסל בע`מ,,,"י""ח",125,ל גרם,false,1,11.90,9.52,true,1,
4015000940955,false,שמפו גליס Gliss שיקום נזק קיצוני אולטימט ריפייר,שוורצקופף והנקל,,,"י""ח",400,"ל מ""ל",false,1,18.90,4.73,true,1,
4015100190786,false,גליס מסכת סרום לשיקום עמוק עם קרטין,שוורצקופף והנקל,,,"י""ח",300,"ל מ""ל",false,1,28.90,9.63,true,1,
4015400564034,false,מגן תחתון אולוויז מגה פק לונג פלוס 58 יחידות,דיפלומט מפיצים (1986) בע`מ,,,"י""ח",58,"י""ח",false,1,19.90,0.34,true,1,
4015400564454,false,מגני תחתון אולוויז לארג' עם ניחוח מגה פק,דיפלומט מפיצים (1986) בע`מ,,,"י""ח",1,,false,1,19.90,19.90,true,1,
4015400731719,false,תחבושות היגייניות אולוויז יום ולילה Day & Night,דיפלומט מפיצים (1986) בע`מ,,,"י""ח",1,,false,1,19.90,19.90,true,1,
4015400746812,false,מגני תחתון אולוויז נורמל עם ניחוח מגה פק,דיפלומט מפיצים (1986) בע`מ,,,"י""ח",80,"י""ח",false,1,19.90,0.25,true,1,
4015400755241,false,תחבושות היגייניות אולוויז אולטרה נורמל - 28 יח',דיפלומט מפיצים (1986) בע`מ,,,"י""ח",1,,false,1,19.90,19.90,true,1,
4015400755487,false,תחבושות היגייניות אולוויז אולטרה לונג - 24 יח',דיפלומט מפיצים (1986) בע`מ,,,"י""ח",1,,false,1,19.90,19.90,true,1,
4015600762742,false,שמפו יומיומי למניעת קשקשים הנוסחה הקלאסית,דיפלומט מפיצים (1986) בע`מ,,,"י""ח",500,"ל מ""ל",false,1,21.90,4.38,false,1,
4015600762780,false,שמפו וקונדישינר יומיומי למניעת קשקשים הנוסחה הקלאסית 2in1,דיפלומט מפיצים (1986) בע`מ,,,"י""ח",500,"ל מ""ל",false,1,21.90,4.38,false,1,
4015600762902,false,"האד אנד שולדרס שמפו מנטול 500 מ""ל",דיפלומט מפיצים (1986) בע`מ,,,"י""ח",500,"ל מ""ל",false,1,21.90,4.38,false,1,
4015600762940,false,שמפו יומיומי למניעת קשקשים בניחוח תפוח,דיפלומט מפיצים (1986) בע`מ,,,"י""ח",500,"ל מ""ל",false,1,21.90,4.38,false,1,
4015600766900,false,"שמפו ומרכ ך נגד קשקשים 500 מ""ל הד אנד שולדרס",דיפלומט מפיצים (1986) בע`מ,,,"י""ח",500,"ל מ""ל",false,1,21.90,4.38,false,1,
4017100198151,false,בלזן היט ביסקוויט עם מלית קרם בטעם וניל (41%) 220 גרם,הדקלאים אגודת שיתופי,,,"י""ח",220,ל גרם,false,1,7.90,3.59,true,1,
4017100219900,false,בלזן וופלטן וופל מגולגל מצופה שוקולד חלב 100 גרם,הדקלאים אגודת שיתופי,,,"י""ח",100,ל גרם,false,1,13.90,13.90,true,1,
4017100364112,false,בלזן היט בסקוויט סנדביץ עם מלית קרם בטעם שוקולד קקאו (41%) 220 גרם,הדקלאים אגודת שיתופי,,,"י""ח",220,ל גרם,false,1,7.90,3.59,true,1,
4025700001962,false,מילקה טבלה 100 גר' לבן 1/22 (4248023),דיפלומט מפיצים (1968) בעמ**,,,"י""ח",100,ל גרם,false,1,6.50,6.50,true,1,
4032900124254,false,ווינסטון קומפלקט ברי PP חפיסה,גלוברנדס גרופ בעמ,,,"י""ח",1,,false,1,28,28,false,1,
4033100014499,false,סיגריות אל די כחול בודד,גלוברנדס בעמ - שיווק סיגריות,,,"י""ח",1,,false,1,27.50,27.50,false,1,
4033100014529,false,סיגריות אל די סלים בודד,גלוברנדס בעמ - שיווק סיגריות,,,"י""ח",1,,false,1,25,25,false,1,
4033100024146,false,סיגריות ווינסטון קוד בודד,גלוברנדס בעמ - שיווק סיגריות,,,"י""ח",1,,false,1,31,31,false,1,
4033100024252,false,סיגריות ווינסטון אקווה בודד,גלוברנדס בעמ - שיווק סיגריות,,,"י""ח",1,,false,1,31,31,false,1,
4084500065536,false,פנטן קרם לחות מוגברת לעיצוב השיער 300 מ,דיפלומט מפיצים (1968) בעמ,,,"י""ח",300,"ל מ""ל",false,1,17.90,5.97,false,1,
4084500088917,false,נוזל לניקוי כלים לימון פיירי (650 מל),דיפלומט מפיצים (1986) בע`מ,,,"י""ח",650,"ל מ""ל",false,1,9.90,1.52,false,1,
4084500149526,false,טייד גל כביסה 2.48 ליטר אלפים רענן,דיפלומט מפיצים (1986) בע`מ,,,"י""ח",2.48,ליטר,false,1,29.90,12.06,false,1,
4084500853836,false,"נוזל כלים פיירי ורדים ומשי 515 מ""ל בד""צ",דיפלומט מפיצים (1986) בע`מ,,,"י""ח",1.24,ליטר,false,1,9.90,7.98,false,1,
4084500853898,false,"נוזל כלים פיירי אלוורה ומלפפונים 515 מ""ל בד""צ",דיפלומט מפיצים (1986) בע`מ,,,"י""ח",515,"ל מ""ל",false,1,9.90,1.92,false,1,
4100130937163,false,בירה בקס שישייה 6*275 מל,הכרם -משקאות חריפים בע`מ,,,"י""ח",1.65,ליטר,false,1,23.70,13.27,false,1,
4210201154686,false,אורל בי מברשת שיניים חשמליתD12 בנות,דיפלומט מפיצים 1968 בעמ,,,"י""ח",1,,false,1,99.90,99.90,true,1,
4605561010305,false,"חתיכות פילה הרינג עם שמיר בשמן 17.6 אונקיה, 500 גרם",דילר בי.אם.די פורמולה בעמ,,,"י""ח",500,ל גרם,false,1,26.90,5.38,true,1,
4605561010343,false,פילה דג הרינג חתיכות בשמן 500 גרם,דילר בי.אמ.די פורמולה בעמ,,,"י""ח",500,ל גרם,false,1,26.90,5.38,true,1,
4605561012613,false,פילה דג הרינג קצוץ בשמן 400 גרם,דילר בי.אם.די. פורמולה בעמ,,,"י""ח",400,ל גרם,false,1,15.90,3.98,true,1,
4605561013009,false,פילה דג הרינג בשמן 400 גרם,דילר בי.אם.די. פורמולה בעמ,,,"י""ח",400,ל גרם,false,1,15.90,3.98,true,1,
4607109409619,false,פיניש הכל ב-1 טבליות למדיח 25 יח,רקיט בנקיזר (ניר איסט) בעמ,,,"י""ח",25,"י""ח",false,1,29.90,1.20,false,1,
4651113680038,false,"שמן חמניות 900 מ""ל(בנגו)",לפ בנג`ו י.א ייבוא ושיווק בעמ,,,"י""ח",900,"ל מ""ל",false,1,8.90,0.99,false,1,
4710068001692,false,מאסטר קפה בטעם לאטה בפחית 240מ`ל,תאיט מרקטינג אנד דיסטריב,,,"י""ח",240,"ל מ""ל",false,1,6.60,2.63,true,1,
4710068001715,false,משקה בטעם טירמיסו מאסטר קפה (240 מל),יוני פרזינדנט אנטרפר,,,"י""ח",240,"ל מ""ל",false,1,6.60,2.63,true,1,
4710068002798,false,מאסטר קפה בטעם וניל בפחית 240מ`ל,מאיטה פוד אינדוסטריאל קו,,,"י""ח",240,"ל מ""ל",false,1,6.30,2.63,true,1,
4710068003313,false,מאסטר קפה אמריקאנו בפחית 240מ`ל,מאיטה פוד אינדוסטריא,,,"י""ח",240,"ל מ""ל",false,1,6.30,2.63,true,1,
4710964104916,false,"שמן שומשום טהור 370 מ""ל (כ)",מזרח ומערב יבוא ושיווק,,,"י""ח",370,"ל מ""ל",false,1,22.90,6.19,false,1,
4715896110165,false,סט עפרונות צבעונים בקופס,צבע ומכחול (2014) בעמ,,,"י""ח",1,,false,1,9.90,9.90,false,1,
4715896311357,false,זוג דבק מהיר,צבע ומכחול (2014) בעמ,,,"י""ח",1,,false,1,5.90,5.90,false,1,
4751007730938,false,שיפרוטים מעושנים בשמן צמחי 240 גר`,דברים טובים סגל בעמ,,,"י""ח",240,ל גרם,false,1,12.90,5.38,true,1,
4791021001096,false,תה סגול עטוף 100 שק,דברים טובים סגל בעמ,,,"י""ח",100,ל גרם,false,1,24.90,24.90,true,1,
4791021009399,false,תה ירוק 2ג 25שקיות 1/6,דברים טובים סגל בעמ,,,"י""ח",25,"י""ח",false,1,12.90,0.52,true,1,
4791021901983,false,תה ירוק צאי מסאלה אימפרה 30שק',דברים טובים סגל בעמ,,,"י""ח",25,"י""ח",false,1,12.90,0.52,true,1,
4791021944720,false,תה ארלגרי ספשל 100שקיות,דברים טובים סגל בעמ,,,"י""ח",200,ל גרם,false,1,21.90,10.95,true,1,
4792032060454,false,"גרין קוקו - מי קוקוס אורגניים 330 מ""ל",נטורפוד בעמ,,,"י""ח",330,"ל מ""ל",false,1,8.90,2.70,false,1,
4796019790013,false,שמן קוקוס כבישה קרה אורגני גרין קוקו 300,נטורפוד בעמ,,,"י""ח",300,ל גרם,false,1,21.90,7.30,false,1,
4800888190529,false,דאב - דאודורנט סטיק לאישה טאלק סופט 50 גרם,יוניליוור ישראל שיווק בע`מ,,,"י""ח",76,ל גרם,false,1,14.90,19.61,true,1,
4800888209368,false,רקסונה - דאודורנט סטיק לגבר אקסטרא קול 50 גרם,"יוניליוור ישראלשיווק בע""מ",,,"י""ח",1,"י""ח",false,1,14.90,14.90,true,1,
4800888209405,false,רקסונה - דאודורנט סטיק לגבר קובלט דריי 50 גרם,יוניליוור ישראל שיווק בעמ,,,"י""ח",1,"י""ח",false,1,14.90,14.90,true,1,
4800888219510,false,דאב - דאודורנט סטיק לאישה פרש מלפפונים 50 גרם,"יוניליוור ישראל שיווק בע""מ",,,"י""ח",50,ל גרם,false,1,14.90,29.80,true,1,
4800888219541,false,רקסונה - דאודורנט סטיק לאישה פאוודר דרי 50 גרם,יוניליוור ישראל שיווק בעמ,,,"י""ח",1,"י""ח",false,1,14.90,14.90,true,1,
4810168000998,false,פילה דג הרינג מלוח מצונן עם בצל בצנצנת חתיכות 260גרם,דילר בי.אם.די. פורמולה בעמ,,,"י""ח",260,ל גרם,false,1,17.90,6.88,false,1,
4810168001056,false,פילה דג הרינג מלוח מצונן בצנצנת חתיכות 260גרם,דילר בי.אם.די. פורמולה בעמ,,,"י""ח",260,ל גרם,false,1,17.90,6.88,false,1,
4810168018795,false,חתיכות פילה דג הרינג מלוח מצונן 200גרם,דילר בי.אם.די. פורמולה בעמ,,,"י""ח",200,ל גרם,false,1,13.90,6.95,true,1,
4810168019051,false,חתיכות פילה דג הרינג מלוח מצונן עם תבלין 200גרם,דילר בי.אם.די. פורמולה בעמ,,,"י""ח",200,ל גרם,false,1,13.90,6.95,true,1,
4810168024512,false,פילה דג הרינג מלוח מצונן עם תבלין בצנצנת חתיכות 260 גרם,דילר בי.אם.די. פורמולה בעמ,,,"י""ח",260,ל גרם,false,1,17.90,6.88,false,1,
4810168055899,false,פילה דג הרינג מומלח בשמן מצונן 1200 גרם,דילר בי.אם.די. פורמולה בעמ,,,"י""ח",1.20,"ק""ג",false,1,39.90,33.25,false,1,
4810168055905,false,פילה דג הרינג סקנדינבי ממולח בשמן 1200 גרם,דילר בי.אם.די. פורמולה בעמ,,,"י""ח",1.20,"ק""ג",false,1,39.90,33.25,false,1,
4820034925546,false,"בירה לאגר צאזז לייט בקבוק 500 מ""ל -בודד",בני פאוזי שמשום (2009) בעמ,,,"י""ח",500,"ל מ""ל",false,1,3.90,0.72,true,1,
4823077621635,false,חטיף שוקולד רושן בטעם חלב 72 גרם,דילר בי.אמ.די.אינטרנשויונל בעמ,,,"י""ח",72,ל גרם,false,1,3.90,5.42,true,1,
4823077621642,false,חטיף שוקולד רושן בטעם שוקולד 72 גר,דילר בי.אמ.די.אינטרנשויונל בעמ,,,"י""ח",72,ל גרם,false,1,3.90,5.42,true,1,
4823077625589,false,וופל וואפרס חלב רושן 216 גר,דילר בי.אמ.די.אינטרנשויונל בעמ,,,"י""ח",216,ל גרם,false,1,6.90,3.19,true,1,
4823077625602,false,וופל וואפרס שוקולד רושן 216 גר,דילר בי.אמ.די.אינטרנשויונל בעמ,,,"י""ח",216,ל גרם,false,1,6.90,3.19,true,1,
4823077625626,false,וופל וואפרס אגוז רושן 216 גר,דילר בי.אמ.די.אינטרנשויונל בעמ,,,"י""ח",216,ל גרם,false,1,6.90,3.19,true,1,
4823077626203,false,שוקולד רושן אורירי מריר 80 גרם,דילר בי.אמ.די.אינטרנשויונל בעמ,,,"י""ח",80,ל גרם,false,1,6.90,8.63,true,1,
4823077630422,false,"סנדוויץ' קרקר חלב וניל רושן 235 גרם "" 2 CRACK """,דילר בי.אמ.די.אינטרנשויונל בעמ,,,"י""ח",235,ל גרם,false,1,9.90,4.21,true,1,
4823077630439,false,"סנדוויץ' קרקר שוקולד רושן 235 גרם "" 2 CRACK """,דילר בי.אמ.די.אינטרנשויונל בעמ,,,"י""ח",235,ל גרם,false,1,9.90,4.21,true,1,
4823077632112,false,וופל רושן בטעם קקאו חלב 2.16 גר`,דילר בי.אמ.די.אינטרנשויונל בעמ,,,"י""ח",216,ל גרם,false,1,6.90,3.19,true,1,
4823077632570,false,שוקולד רושן BRUT מריר 85 גרם,דילר בי.אמ.די.אינטרנשויונל בעמ,,,"י""ח",85,ל גרם,false,1,6.90,8.12,true,1,
4823077633508,false,חטיף שוקולד רושן במילוי קרם קקאו מצופה 34 גרם,דילר בי.אמ.די.אינטרנשויונל בעמ,,,"י""ח",34,ל גרם,false,1,3.90,11.47,true,1,
4823077633515,false,חטיף שוקולד רושן במילוי קרם חלבי מצופה 34 גרם,דילר בי.אמ.די.אינטרנשויונל בעמ,,,"י""ח",34,ל גרם,false,1,3.90,11.47,true,1,
4823077635489,false,חטיף וופל רושן קרם קקאו JOHNY KROCKERי 350 גרם,דילר בי.אמ.די.אינטרנשויונל בעמ,,,"י""ח",350,ל גרם,false,1,16.90,4.83,true,1,
4823077635533,false,חטיף וופל רושן קרם חלב JOHNY KROCKERי 350 גרם,דילר בי.אמ.די.אינטרנשויונל בעמ,,,"י""ח",350,ל גרם,false,1,16.90,4.83,true,1,
4823077636332,false,עוגיות רושן במילוי קרם ש. 127גר LOVITA,דילר בי.אמ.די.אינטרנשויונל בעמ,,,"י""ח",127,ל גרם,false,1,6.90,5.43,true,1,
4823077636400,false,עוגיות רושן במילוי קרם חלב 127גר LOVIT,דילר בי.אמ.די.אינטרנשויונל בעמ,,,"י""ח",127,ל גרם,false,1,6.90,5.43,true,1,
4823077636417,false,עוגיות רושן במילוי קרם אגוזים 127 גר`,דילר בי.אמ.די.אינטרנשויונל בעמ,,,"י""ח",127,ל גרם,false,1,6.90,5.43,true,1,
4891228430047,false,סכיני גילוח שיק אקזקטה 2 ירוק 10 יח',אנרג'יזר Energizer,,,"י""ח",1,,false,1,24.90,24.90,false,1,
4891228460242,false,שיק קוואטרו חד פעמי לנשים 3 יחידות,אנרג'יזר Energizer,,,"י""ח",1,,false,1,29.90,29.90,false,1,
4903001904192,false,"רוטב סויה יאמאסה פרימיום 500מ""ל",הדקלאים אגודת שיתופי,,,"י""ח",500,"ל מ""ל",false,1,17.90,3.58,false,1,
4903001904208,false,רוטב סויה יאמאסה פרימיום 1 ליטר,הדקלאים אגודת שיתופי,,,"י""ח",1,ליטר,false,1,31.90,31.90,false,1,
4904530589133,false,סוללות אלקליין בליסטר 4 יח' AAA LR03 TOSHIBA,עולם הבית שיווק והפצה בעמ,,,"י""ח",1,,false,1,9.90,9.90,false,1,
5000146057710,false,ספריי רב שימושי לחלונות ומשטחים ווינדולין Windolene,רקיט בנקיזר (ניר איסט) בעמ,,,"י""ח",1.50,ליטר,false,1,9.90,6.60,true,1,
5000157143365,false,מתבל בטעם מיונז וקטשופ היינץ 425 גרם,דיפלומט מפיצים (1968) בעמ**,,,"י""ח",425,ל גרם,false,1,14.90,3.51,false,1,
5000159414197,false,מלטיזרס-כדורים פריכים בציפוי שוולד חלב 135 גרם,מרס שוקולד צ.אמריקה,,,"י""ח",1560,ל גרם,false,1,10.90,0.70,false,1,
5000204153842,false,גלייד ספריי אוטומטי מילוי (מילוי בניחוח,קוסטר אירוסול ואלף סאן,,,"י""ח",269,"ל מ""ל",false,1,14.90,5.54,false,1,
5000204153903,false,מטהר אוויר גלייד מילוי אוטומטי מרכך כביסה,"קוסטר אירוסול ואלף סאן,",,,"י""ח",269,"ל מ""ל",false,1,14.90,5.54,false,1,
5000267024233,false,"וויסקי ג'וני בלאק לייבל עם פורר 700מ""ל",החברה המרכזית להפצת משקאות בעמ,,,"י""ח",700,"ל מ""ל",false,1,119.90,17.09,false,1,
5000299629253,false,מארז בלנטיינס פיינסט 700+2 כוס,טמפו משקאות בעמ,,,"י""ח",700,"ל מ""ל",false,1,89.90,12.80,true,1,
5000396037531,false,מקוויטיס ביסקוויט מצופה שוקולד חלב 200 גרם,תה ויסוצקי (ישראל)בעמ,,,"י""ח",200,ל גרם,false,1,10.90,5.45,false,1,
5000396037944,false,מקוויטיס ביסקוויט אורגינל 250 גרם,תה ויסוצקי (ישראל)בעמ,,,"י""ח",250,ל גרם,false,1,10.90,4.36,true,1,
5010026515919,false,מוזלי קריספי נאטי מורנפלייק 650 גרם,מורנפלייק Mornflake,,,"י""ח",650,ל גרם,false,1,24.90,3.83,false,1,
5010026515940,false,מורנפלייק מוזלי פרוטי 750 גרם,מורנפלייק Mornflake,,,"י""ח",650,ל גרם,false,1,24.90,3.83,false,1,
5010182997680,false,"ארוסול-קוטל זוחלים אדום 400 מ""ל",אס.סי.ג'ונסון מידרכט,,,"י""ח",400,"ל מ""ל",false,1,14.90,3.73,false,1,
5010327324333,false,"סינגל מאלט סקוטי גלנפידיך 14 שנה 700 מ""ל",הכרם משקאות חריפים בעמ,,,"י""ח",700,"ל מ""ל",false,1,264.90,37.80,true,1,
5010677551281,false,בריזר לימון בבקבוק בקרדי (275 מל),בקרדי בריזר Bacardi Breezer,,,"י""ח",275,"ל מ""ל",false,1,14.20,5.05,true,1,
5010677551397,false,"בקרדי בריזר בטעם לימון ליים 275 מ""ל",בקרדי בריזר Bacardi Breezer,,,"י""ח",275,"ל מ""ל",false,1,14.20,5.05,true,1,
5010677552387,false,"בקרדי בריזר אננס 275 מ""ל בקבוק",בקרדי בריזר Bacardi Breezer,,,"י""ח",275,"ל מ""ל",false,1,14.20,5.05,true,1,
5010677554398,false,בריזר אבטיח בבקבוק בקרדי (275 מל),בקרדי בריזר Bacardi Breezer,,,"י""ח",275,"ל מ""ל",false,1,14.20,5.05,true,1,
5010677850100,false,"וודקה צרפתית גריי גוס 700מ""ל",בקרדי מרטיני,,,"י""ח",750,"ל מ""ל",false,1,109.90,14.61,false,1,
5011417554760,false,"אירוויק מבשם אויר נטול גז בניחוח ורדים וארכידאה 345 מ""ל",רקיט בנקיזר (ניר איסט) בעמ,,,"י""ח",345,"ל מ""ל",false,1,14.90,4.32,true,1,
5014271310428,false,מעדן דובדבנים שחורים ללא תוספת סוכר 284 גרם,סאן דלפור - שמבור,,,"י""ח",284,ל גרם,false,1,22.90,8.06,true,1,
5014271330426,false,מעדן אוכמניות כחולות ללא תוספת סוכר 284 גרם,סאן דלפור - שמבור,,,"י""ח",284,ל גרם,false,1,22.90,8.06,true,1,
5014271400426,false,"מעדן בטעם תות שדה לל""ס סאן דלפור 284 גרם",נטו מלינדה סחר בעמ,,,"י""ח",284,ל גרם,false,1,22.90,8.06,true,1,
5029053510811,false,תחבושות נורמל פלוס עם כנפיים קוטקס 28 יחידות,קימברלי קלארק ישראל שיווק בעמ,,,"י""ח",28,"י""ח",false,1,18.90,0.68,true,1,
5029053510828,false,תחבושות סופר פלוס עם כנפיים קוטקס 22יחידות,קימברלי קלארק ישראל שיווק בעמ,,,"י""ח",24,"י""ח",false,1,18.90,0.79,true,1,
5029053523446,false,קוטקס - תחבושות אולטרה נייט + כנפיים 20 יח',קימברלי קלארק ישראל שיווק בעמ,,,"י""ח",20,"י""ח",false,1,18.90,0.95,true,1,
5029053527598,false,תחתוני ספיגה בנים לתופעת הרטבת לילה 8-15 האגיס,קימברלי קלארק ישראל שיווק בעמ,,,"י""ח",1,"י""ח",false,1,38.90,38.90,false,1,
5029053527604,false,האגיס תחתון ספיגה 15-8 בנות דריי נייטס 9 יחידות,קימברלי קלארק ישראל שיווק בעמ,,,"י""ח",1,"י""ח",false,1,38.90,38.90,false,1,
5029053535227,false,קוטקס טמפון עם מוליך נורמל 16 יחידות,קימברלי קלארק ישראל שיווק בעמ,,,"י""ח",1,"י""ח",false,1,27.90,27.90,false,1,
5029053574110,false,האגיס פול אפס תח.גמילה יום בנים 20 יחידו,קימברלי קלארק ישראל שיווק בעמ,,,"י""ח",1,,false,1,44.90,44.90,false,1,
5029054220085,false,האגיס - מגבוני האגיס אקסטרה קר לא מבושם 56 יח' * 4,קימברלי קלארק ישראל שיווק בעמ,,,"י""ח",4,"י""ח",false,1,29.90,7.48,false,1,
5060517886486,false,"משקה אנרגיה מונסטר אנרג'י בפחית 500 מ""ל",החברה המרכזית להפצת משקאות בעמ,,,"י""ח",500,"ל מ""ל",false,1,7,1.34,false,1,
5060517886516,false,"משקה אנרגיה מונסטר אנרג'י זירו בפחית 500 מ""ל",החברה המרכזית להפצת משקאות בעמ,,,"י""ח",500,"ל מ""ל",false,1,7,1.34,false,1,
5060639128051,false,"משקה אנרגיה מונסטר אולטרה בפחית 500 מ""ל",החברה המרכזית להפצת משקאות בעמ,,,"י""ח",500,"ל מ""ל",false,1,7,1.34,false,1,
5060639129102,false,"משקה אנרגיה מונסטר אנרג'י מנגו בפחית 500 מ""ל",החברה המרכזית להפצת משקאות בעמ,,,"י""ח",500,"ל מ""ל",false,1,7,1.34,false,1,
5060751219033,false,"משקה אנרגיה מונסטר אנרג'י זירו paradise בפחית 500 מ""ל",החברה המרכזית להפצת משקאות בעמ,,,"י""ח",500,"ל מ""ל",false,1,7,1.34,false,1,
5200133120476,false,גלילות וופלים ממולאים קרם אגוזים וקקאו 400 ג',דיפלומט מפיצים (1968) בעמ**,,,"י""ח",400,ל גרם,false,1,17.30,4.33,false,1,
5201304100013,false,עארק אוזו מיני 700 מ,פרנו ריקארד הלס אבי,,,"י""ח",700,"ל מ""ל",false,1,69.90,9.94,true,1,
5201347400545,false,רצועות שעווה מוכנות לשימוש לפנים ולאזורים רגישים,רקיט בנקיזר (ניר איסט) בעמ,,,"י""ח",1,"י""ח",false,1,19.90,19.90,false,1,
5201940010110,false,זיתים שחורים קלמטה וילי פוד 250 גרם,ג. וילי-פוד אינטרנשיונל בע`מ,,,"י""ח",454,ל גרם,false,1,16.50,3.63,false,1,
5391523058063,false,סימילאק אדבנס פלוס 1 תרכובת מזון על בסיס חלב,טרופיקל דגיל תעשיות,,,"י""ח",700,ל גרם,false,1,69.90,9.99,true,1,
5391523058070,false,סימילאק אדבנס פלוס 3 תרכובת מזון על בסיס חלב,אבוט מעבדות רפואיות,,,"י""ח",700,ל גרם,false,1,69.90,9.99,true,1,
5391523058087,false,סימילאק אדבנס פלוס 2 תרכובת מזון על בסיס חלב,טרופיקל דגיל תעשיות,,,"י""ח",700,ל גרם,false,1,69.90,9.99,true,1,
5410076379378,false,אבקת כביסה טייד קולור,דיפלומט מפיצים (1968) בעמ,,,"י""ח",5,"ק""ג",false,1,36.90,7.38,true,1,
5410126006377,false,לוטוס עוגיות סנדוויץ' במילוי וניל 150 גר',דיפלומט מפיצים (1968) בעמ**,,,"י""ח",150,ל גרם,false,1,9.90,6.60,false,1,
5410126106022,false,לוטוס ביסקויט מארז חג 2*250ג.,דיפלומט מפיצים (1968) בעמ**,,,"י""ח",500,ל גרם,false,1,17.90,3.58,true,1,
5410126116953,false,ממרח ביסקוויט קרמל לוטוס (400 גרם),דיפלומט מפיצים (1968) בעמ**,,,"י""ח",312,ל גרם,false,1,22.90,7.34,false,1,
5410291021991,false,ממרח אגוזי לוז עם קקאו צ`וקטה (700 גרם),ש. שסטוביץ בע`מ,,,"י""ח",385,ל גרם,false,1,18.90,4.91,false,1,
5410291022011,false,ממרח אגוזי לוז עם קקאו צ`וקטה (350 גרם),ש. שסטוביץ בע`מ,,,"י""ח",385,ל גרם,false,1,11.90,3.09,true,1,
5410291022738,false,צ'וקטה ממרח חלב ואגוזי לוז עם קקאוי 350ג',ש. שסטוביץ בע`מ,,,"י""ח",350,ל גרם,false,1,11.90,3.40,true,1,
5410291022752,false,צ'וקטה ממרח אגוזי לוז עם קקאו פרווה 350 ג',ש. שסטוביץ בע`מ,,,"י""ח",350,ל גרם,false,1,11.90,3.40,true,1,
5411188094173,false,רביעיה מעדן סויה טעם קרמל 125 ג' אלפרו,שטראוס גרופ בע`מ,,,"י""ח",500,ל גרם,false,1,18.90,3.78,true,1,
5411188110835,false,אלפרו חלב סויה שקדים וניל 1ל',הנסיך- מפעל לייצור ט,,,"י""ח",1,ליטר,false,1,13.90,13.90,true,1,
5411188112709,false,"משקה קוקוס אלפרו 1 ליטר משקה שקדים לל""ס",הנסיך- מפעל לייצור ט,,,"י""ח",1,ליטר,false,1,13.90,13.90,true,1,
5411188115366,false,משקה קוקוס אלפרו 1 ליטר משקה שיבולת שועל 1 ליטר,הנסיך- מפעל לייצור ט,,,"י""ח",1,ליטר,false,1,13.90,13.90,true,1,
5411188120742,false,משקה קוקוס אלפרו 1 ליטר שקדים וניל 1 ל',הנסיך- מפעל לייצור ט,,,"י""ח",1,ליטר,false,1,13.90,13.90,true,1,
5411188121923,false,"משקה סויה מועשר סידן אלפרו 3*250 מ""ל",הנסיך- מפעל לייצור ט,,,"י""ח",750,"ל מ""ל",false,1,15.90,2.12,true,1,
5411188121978,false,אלפרו משקה סויה עמיד מועשר בסידן 3*250,"שטראוס גרופ בע""מ",,,"י""ח",750,"ל מ""ל",false,1,15.90,2.12,true,1,
5411188122661,false,אלפרו משקה שקדים לא קלויים ללא תוספת סוכר 1 ל',הנסיך- מפעל לייצור ט,,,"י""ח",1,ליטר,false,1,13.90,13.90,true,1,
5411188134985,false,אלפרו 3.5% NOT M*LK שיבולת שועל 1 ליטר בית יוסף,שטראוס גרופ בעמ/מצונן,,,"י""ח",1,ליטר,false,1,12.90,12.90,true,1,
5411188135005,false,אלפרו 1.8% NOT M*LK שיבולת שועל 1 ליטר בית יוסף,שטראוס גרופ בעמ/מצונן,,,"י""ח",1,ליטר,false,1,12.90,12.90,true,1,
5411188543398,false,אלפרו משקה סויה 1 ליטר ללא סוכר,הנסיך- מפעל לייצור ט,,,"י""ח",1,ליטר,false,1,13.90,13.90,true,1,
5413149922907,false,"אבקת כביסה קולור וסטייל 5 ק""ג אריאל",דיפלומט מפיצים (1986) בע`מ,,,"י""ח",5,"ק""ג",false,1,44.90,8.98,true,1,
5413149922938,false,"אריאל אבקת כביסה שושן צחור, 5 ק""ג",דיפלומט מפיצים (1986) בע`מ,,,"י""ח",5,"ק""ג",false,1,44.90,8.98,true,1,
5601008200444,false,עוגיות גודיס טבעות מצופות שוקולד חלב מרבה 150 גרם,הנסיך- מפעל לייצור ט,,,"י""ח",150,ל גרם,false,1,5.90,3.93,true,1,
5601008200468,false,עוגיות גודיס טבעות מצופות שוקולד לבו מרבה 150 גרם,קריניציה ויטמינה אס,,,"י""ח",150,ל גרם,false,1,5.90,3.93,true,1,
5601217129420,false,וולייט דפים למניעת העברת צבע 20 יחידות,רקיט בנקיזר (ניר איסט) בעמ,,,"י""ח",20,"י""ח",false,1,19.90,1,false,1,
5604912425040,false,מקרלים בשמן חמניה פורטוס 125 גרם,דיפלומט מפיצים (1968) בעמ**,,,"י""ח",125,ל גרם,false,1,6.90,5.52,false,1,
5701932026964,false,"הוטפופ גרעיני תירס להכנת פופקורן במיקרוגל בטעם טבעי, בתוספת מלח, 600 גרם",ליימן שליסל בע`מ,,,"י""ח",600,ל גרם,false,1,16.90,2.82,true,1,
5701932026971,false,הוטפופ גרעיני תירס להכנת פופקורן במיקרוגל בטעם חמאה 600 גרם,ליימן שליסל בע`מ,,,"י""ח",600,ל גרם,false,1,16.90,2.82,true,1,
5711953106583,false,גבינת שמנת בטעם טבעי 200 גרם ארלה,שטראוס גרופ בעמ/מצונן,,,"י""ח",200,ל גרם,false,1,14.90,7.45,true,1,
5711953106590,false,גבינת שמנת ארלה שמנת שום 200 גרם,שטראוס גרופ בעמ/מצונן,,,"י""ח",200,ל גרם,false,1,14.90,7.45,true,1,
5711953106606,false,גבינת שמנת עם תבלינים ועשבי תיבול 23.5%,שטראוס גרופ בעמ/מצונן,,,"י""ח",200,ל גרם,false,1,14.90,7.45,true,1,
5740900403215,false,ממרח חמאה דנית לורפק עם מלח 250 גרם,שטראוס גרופ בעמ/מצונן,,,"י""ח",250,ל גרם,false,1,16.90,6.76,true,1,
5740900403239,false,ממרח חמאה דנית לורפק ללא מלח 250 גרם,שטראוס גרופ בעמ/מצונן,,,"י""ח",250,ל גרם,false,1,16.90,6.76,true,1,
5740900403246,false,ממרח לורפק ללא תוספת מלח 500 גר,שטראוס גרופ בעמ/מצונן,,,"י""ח",500,ל גרם,false,1,27.90,5.58,true,1,
5740900403253,false,ממרח מחמאת לורפק עם מלח 500 ג',שטראוס גרופ בעמ/מצונן,,,"י""ח",500,ל גרם,false,1,27.90,5.58,true,1,
5740900403260,false,ממרח מחמאת לורפק ללא מלח 27% פחות שומן,שטראוס גרופ בעמ/מצונן,,,"י""ח",250,ל גרם,false,1,16.90,6.76,true,1,
5740900403864,false,חמאה +מלח 200 גרם לורפק כשרות או קיי,שטראוס גרופ בעמ/מצונן,,,"י""ח",200,ל גרם,false,1,11.50,5.75,true,1,
5900020015174,false,פיטנס חטיפי אנרגיה דגנים בטעם שוקולד נסטלה 6*23.5 גרם,קבוצת אוסם סחר-שות.מוגבלת,,,"י""ח",141,ל גרם,false,1,15.90,11.28,true,1,
5900020020710,false,מארז חטיף דגנים קראנץ' בטעם שוקו וניל נסטלה,קבוצת אוסם סחר שותפות מוגבלת,,,"י""ח",150,ל גרם,false,1,15.70,10.47,true,1,
5900020024770,false,פיטנס - דליס חטיף דגנים שוקולד אגוז 22.50 גרם * 6,קבוצת אוסם סחר שותפות מוגבלת,,,"י""ח",135,ל גרם,false,1,15.90,11.78,true,1,
5900020025647,false,חטיף דגנים פיטנס שוקולד חלב 135 גרם מארז 6 יחידות,קבוצת אוסם סחר שותפות מוגבלת,,,"י""ח",135,ל גרם,false,1,15.90,11.78,true,1,
5900020025807,false,נסטלה - דגני סיני מיניס 375 גרם,קבוצת אוסם סחר שותפות מוגבלת,,,"י""ח",350,ל גרם,false,1,15.60,4.46,false,1,
5900020026552,false,דגני בוקר האני נאט צ'יריוס בטעם דבש ושקדים,קבוצת אוסם סחר שותפות מוגבלת,,,"י""ח",615,ל גרם,false,1,19.90,3.24,true,1,
5900020034021,false,פיטנס חטיף דגנים שוקו בננה נסטלה (23.5x6,קבוצת אוסם סחר שותפות מוגבלת,,,"י""ח",141,ל גרם,false,1,15.90,11.28,true,1,
5900020036407,false,ליון דגני בוקר שוקולד וקרמל נסטלה 480 גרם,קבוצת אוסם סחר שותפות מוגבלת,,,"י""ח",410,ל גרם,false,1,19.90,4.85,true,1,
5900020037916,false,דגני בוקר שיבולת שועל צ'ריוס 375ג',קבוצת אוסם סחר שותפות מוגבלת,,,"י""ח",375,ל גרם,false,1,15.90,4.24,false,1,
5900020039132,false,דגני בוקר צ'יריוס משיבולת שועל בטעם תפוח עץ קינמון,קבוצת אוסם סחר-שות.מוגבלת,,,"י""ח",320,ל גרם,false,1,19.90,6.22,false,1,
5900020039620,false,פיטנס חטיף דגנים שקדים ודבש פרווה 8 6*23 ג,קבוצת אוסם סחר שותפות מוגבלת,,,"י""ח",141,ל גרם,false,1,15.70,11.13,true,1,
5900627066715,false,טבליות למדיח פיניש הכל ב-1 100 יח,רקיט בנקיזר (ניר איסט) בעמ,,,"י""ח",100,"י""ח",false,1,59.90,0.60,true,1,
5901414200411,false,בלזן היט מיני ביסקוויט סנדוויץ' עם מילוי קרם בטעם שוקולד 130 גרם,ליימן שליסל בע`מ,,,"י""ח",130,ל גרם,false,1,6.90,5.31,true,1,
5901483010409,false,תה אוכמניות 25 שק,דברים טובים סגל בעמ,,,"י""ח",37.50,ל גרם,false,1,8.90,23.73,false,1,
5901483010508,false,תה דובדבן,דברים טובים סגל בעמ,,,"י""ח",375,ל גרם,false,1,8.90,2.37,false,1,
5901483010706,false,תה ורדים 25 שק,דברים טובים סגל בעמ,,,"י""ח",50,ל גרם,false,1,8.90,17.80,false,1,
5901483020101,false,חליטת פטל סגל 25 שק,דברים טובים סגל בעמ,,,"י""ח",37.50,ל גרם,false,1,8.90,23.73,false,1,
5901483020408,false,תה תות בר 25 שק,דברים טובים סגל בעמ,,,"י""ח",50,ל גרם,false,1,8.90,17.80,false,1,
5901483060022,false,חליטת עלי מרווה ביופ,דברים טובים סגל בעמ,,,"י""ח",40,ל גרם,false,1,8.90,22.25,false,1,
5901483060206,false,חליטת מנטה 20 שקיקים,דברים טובים סגל בעמ,,,"י""ח",500,ל גרם,false,1,8.90,1.78,false,1,
5901483060305,false,תה מליסה 2 גרם 20 שק,דברים טובים סגל בעמ,,,"י""ח",500,ל גרם,false,1,8.90,1.78,false,1,
5901483060404,false,חליטת בבונג 20 שקיקי,דברים טובים סגל בעמ,,,"י""ח",50,ל גרם,false,1,8.90,17.80,false,1,
5901677008489,false,שוקולד מריר ברון 300 גרם,טעמן שווק מזון בעמ,,,"י""ח",300,ל גרם,false,1,10.90,3.63,false,1,
5904941750312,false,"משקה אנרגיה BLU מוחיטו בודד 250 מ""ל",בני פאוזי שמשום (2009) בעמ,,,"י""ח",250,"ל מ""ל",false,1,4.50,1.68,true,1,
5904941751302,false,משקה אנרגיה בפחית בלו (250 מל),בני פאוזי שמשום (2009) בעמ,,,"י""ח",250,"ל מ""ל",false,1,3.90,1.44,true,1,
5904941751524,false,"משקה אנרגיה BLU DAY אבטיח בודד 250 מ""ל",בני פאוזי שמשום (2009) בעמ,,,"י""ח",250,"ל מ""ל",false,1,4.50,1.68,true,1,
5904941751715,false,משקה אנרגיה Blu פחיתבטעם חמוציות 250מל,בני פאוזי שמשום (2009) בעמ,,,"י""ח",250,"ל מ""ל",false,1,3.90,1.44,true,1,
5904941753115,false,"משקה אנרגיה בלו ארגז 24 יחידות * 250 מ""ל",בני פאוזי שמשום (2009) בעמ,,,"י""ח",24,"י""ח",false,1,67.10,2.50,false,1,
5906485301012,false,משקה אנרגיה XL מוגז פחית 250 מל,"טמפו משקאות בע""מ",,,"י""ח",250,"ל מ""ל",false,1,4,1.48,true,1,
5997321701806,false,אבקה למניעת אבנית במכונת כביסה 2 ב-1,רקיט בנקיזר (ניר איסט) בעמ,,,"י""ח",1,"ק""ג",false,1,29.90,29.90,false,1,
5997321770307,false,ויט רצועות שעווה מוכנות לעור רגיש 12 יחידות,רקיט בנקיזר (ניר איסט) בעמ,,,"י""ח",1,"י""ח",false,1,19.90,19.90,false,1,
5998710131877,false,בונבונטי חטיף דובדבן בשוקולד 36 גרם,דילר בי.אמ.די.אינטרנשיונל בעמ,,,"י""ח",36,ל גרם,false,1,3.90,10.83,true,1,
6001067017332,false,קולגייט מברשת שיניים מדיום 360 אופטיק ווייט,קולגייט-פלמוליב,,,"י""ח",1,,false,1,10.90,10.90,false,1,
6008165274629,false,פאל מאל כחול ארוך סטרים פילטר חפיסה,גלוברנדס בעמ - שיווק סיגריות,,,"י""ח",0,"י""ח",false,1,29.50,29.50,false,1,
6009188004828,false,קיט קאט צ`אנקי לבן 40 גר`,קבוצת אוסם סחר שותפות מוגבלת,,,"י""ח",40,ל גרם,false,1,3.90,9.75,true,1,
6224000485764,false,"שיני שום קפואות 1 ק""ג קהילות",נטו מילנדה סחר בעמ*,,,"י""ח",1,"ק""ג",false,1,19.90,19.90,false,1,
6901022100409,false,ג'ינג'ר כתוש לירון 100 גרם,ביג פוד כחול לבן בעמ*שיק 30 יו,,,"י""ח",1,,false,1,9.90,9.90,false,1,
6901022100584,false,רצועות פלפלים אדומים קלויים,ביג פוד כחול לבן בעמ*שיק 30 יו,,,"י""ח",1,,false,1,13.90,13.90,false,1,
6901022100591,false,רצועות מיקס פלפלים קלויים,ביג פוד כחול לבן בעמ*שיק 30 יו,,,"י""ח",1,,false,1,13.90,13.90,false,1,
6910191800287,false,אצות נורי בלו 10 דף (ננגטונג),מזרח ומערב יבוא ושיווק,,,"י""ח",10,"י""ח",false,1,13.90,1.39,true,1,
6921850620368,false,"לד 10W A60 אור יום- אריזת 3 י""ח קופסה OMEGA E27",עולם הבית שיווק והפצה בעמ,,,"י""ח",3,"י""ח",false,1,24.90,8.30,false,1,
6921850620504,false,לד 15W A60 לבן אור יום מארז שלישיה OMEGA E27,עולם הבית שיווק והפצה בעמ,,,"י""ח",3,"י""ח",false,1,24.90,8.30,false,1,
6924485403252,false,טוש 12יח,צבע ומכחול (2014) בעמ,,,"י""ח",1,,false,1,9.90,9.90,false,1,
6924485408103,false,לורד גמבו,צבע ומכחול (2014) בעמ,,,"י""ח",1,,false,1,14.90,14.90,false,1,
6924651182691,false,סביבון מצייר,צבע ומכחול (2014) בעמ,,,"י""ח",1,,false,1,9.90,9.90,false,1,
6934582521216,false,מספריים,צבע ומכחול (2014) בעמ,,,"י""ח",1,,false,1,5.90,5.90,false,1,
6934931265266,false,סוללות 10 יח' גדול,עולם הבית שיווק והפצה בעמ,,,"י""ח",1,,false,1,9.90,9.90,false,1,
6934931265334,false,סוללות 14 יח' קטן,עולם הבית שיווק והפצה בעמ,,,"י""ח",1,,false,1,9.90,9.90,false,1,
6935673035612,false,כפפות אלוורה להקלה על עור יבש - קטן S,מ.א.ייצור ויבוא מטליות בעמ,,,"י""ח",1,,false,1,6.80,6.80,false,1,
6936613888667,false,שום ארוז יבוא,ביכורי השדה צפון 1994 ג.ד. בעמ,,,"י""ח",1,,false,1,7.90,7.90,true,1,
6936745600783,false,"חומץ אורז מזרח מערב 500 מ""ל",מזרח ומערב יבוא ושיווק,,,"י""ח",500,"ל מ""ל",false,1,16.90,3.38,false,1,
6938247142839,false,עפרון+ מחק UN191385 תריסר,צבע ומכחול (2014) בעמ,,,"י""ח",1,,false,1,7.50,7.50,false,1,
6943022867524,false,בית חנוכיה מפואר קטן,צבע ומכחול (2014) בעמ,,,"י""ח",1,,false,1,69.90,69.90,false,1,
7162110049010,false,סט מצעים פונטנה וחצי,דהן פרוספר בעמ,,,"י""ח",1,,false,1,99.90,99.90,false,1,
7162203009013,false,שמיכת חורף פנסי זוגי,דהן פרוספר בעמ,,,"י""ח",1,,false,1,89.90,89.90,false,1,
7162203011009,false,שמיכת חורף דו צדדית טיטניום יחיד,דהן פרוספר בעמ,,,"י""ח",1,,false,1,79.90,79.90,false,1,
7162203027000,false,פוך חורף באבא יחיד,דהן פרוספר בעמ,,,"י""ח",1,,false,1,99.90,99.90,false,1,
7200029736291,false,"קמח מנופה 1ק""ג שטיבל כחול",ח.כהן סוכנות מזון ומשקאות בע,,,"י""ח",1,"ק""ג",false,1,7.90,7.90,false,1,
7262626058459,false,טייץ פרווה,ביג מול בעמ,,,"י""ח",1,,false,1,39.90,39.90,false,1,
7262626088302,false,טייץ גינס מהודר,ביג מול בעמ,,,"י""ח",1,,false,1,39.90,39.90,false,1,
7270137700194,false,מדליק פחמים מוצק 48 קובי,ח.כהן סוכנות מזון ומשקאות בע,,,"י""ח",1,"י""ח",false,1,5.90,5.90,false,1,
7290000000848,false,תירס מתוק ארוז,ביכורי השדה צפון 1994 ג.ד. בעמ,,,"ק""ג",1,,true,1,19.90,19.90,false,1,
7290000000978,false,חסה גוש קטיף ירק הארץ היתר מכירה,ביכורי השדה צפון 1994 ג.ד. בעמ,,,"י""ח",1,,false,1,6.90,6.90,true,1,
7290000000985,false,פטרוזיליה ברכת קטיף ייבול נוכרי בוסתן,ביכורי השדה צפון 1994 ג.ד. בעמ,,,"י""ח",1,,false,1,5.90,5.90,true,1,
7290000001043,false,כרוב לבן מהדרין-ברכת קטיף,ביכורי השדה צפון 1994 ג.ד. בעמ,,,"ק""ג",1,,true,1,14.90,14.90,false,1,
7290000001074,false,כרוב אדום מהדרין-ברכת קטיף,ביכורי השדה צפון 1994 ג.ד. בעמ,,,"ק""ג",1,,true,1,15.90,15.90,false,1,
7290000001401,false,עלי סלק גלאט עלי הארץ,ביכורי השדה צפון 1994 ג.ד. בעמ,,,"י""ח",1,,false,1,6.90,6.90,false,1,
7290000001579,false,סלרי מהדרין קטיף טרי,ביכורי השדה צפון 1994 ג.ד. בעמ,,,"י""ח",1,,false,1,5.90,5.90,true,1,
7290000001616,false,כוסברה ירק הארץ גוש היתר מכירה,ביכורי השדה צפון 1994 ג.ד. בעמ,,,"י""ח",1,,false,1,5.90,5.90,true,1,
7290000023083,false,ערק אשקלון בקבוק 700,טמפו משקאות בע`מ,,,"י""ח",700,"ל מ""ל",false,1,55.90,7.94,true,1,
7290000034256,false,ביסקוויט תירוש חצי מצופה 175 ג`הדר*,ח.כהן סוכנות מזון ומשקאות בע,,,"י""ח",175,ל גרם,false,1,5.90,3.37,true,1,
7290000040042,false,יוגורט יופלה תות 3% שומן 150 גרם,"תנובה בע""מ ***",,,"י""ח",150,"ל מ""ל",false,1,5,3.33,false,1,
7290000040066,false,יוגורט יופלה דובדבן 3% שומן 150 גרם,תנובה מרכז שיתופי לש,,,"י""ח",150,"ל מ""ל",false,1,5,3.33,false,1,
7290000040080,false,יוגורט יופלה אפרסק 3% שומן 150 גרם,"תנובה בע""מ ***",,,"י""ח",150,"ל מ""ל",false,1,5,3.33,false,1,
7290000041407,false,"גיל קטן 3% תנובה 125 מ""ל בד""ץ",תנובה מרכז שיתופי לש,,,"י""ח",125,"ל מ""ל",false,1,0.80,0.64,false,1,
7290000041445,false,קוטג תנובה גביע 250 גרם 5% בדצ,מיוצר עי קונדיטוריית,,,"י""ח",275,ל גרם,false,1,5.50,2,false,1,
7290000041452,false,גבינת קוטג`9% מהדרין תנובה (250 גרם),תנובה מרכז שיתופי לש,,,"י""ח",250,ל גרם,false,1,5.50,2.20,false,1,
7290000041858,false,"שמנת חמוצה 15% מועשרת יטבתה 200 מ""ל",שטראוס גרופ בעמ/מצונן,,,"י""ח",200,"ל מ""ל",false,1,2.30,1.15,true,1,
7290000041865,false,"לבן 4.5% שומן מהדרין ""יטבתה""",שטראוס גרופ בעמ/מצונן,,,"י""ח",200,"ל מ""ל",false,1,1.90,0.95,true,1,
7290000041872,false,"לבן 3% יטבתה 200מ""ל מהדרין",שטראוס גרופ בעמ/מצונן,,,"י""ח",200,"ל מ""ל",false,1,1.90,0.95,true,1,
7290000042404,false,חלב 3% מועשר מהדרין בשקית יטבתה (1 ליטר),שטראוס גרופ בעמ/מצונן,,,"י""ח",1,ליטר,false,1,5.50,5.50,true,1,
7290000042435,false,חלב דל שומן 1% בקרטון תנובה (1 ליטר)פיק,תנובה מרכז שיתופי לש,,,"י""ח",1,ליטר,false,1,5.86,5.86,false,1,
7290000042640,false,"חלב תנובה עמיד 3% קרטון 250 מ""ל",תנובה מרכז שיתופי לש,,,"י""ח",250,"ל מ""ל",false,1,2.60,1.04,false,1,
7290000042855,false,"שוקו בשקית 250 מ""ל ""יטבתה""",שטראוס גרופ בעמ/מצונן,,,"י""ח",225,"ל מ""ל",false,1,2.90,1.29,true,1,
7290000043012,false,"שוקו עמיד 2% בקרטון 250 מ""ל תנובה",תנובה מרכז שיתופי לש,,,"י""ח",250,"ל מ""ל",false,1,4.70,1.88,false,1,
7290000043814,false,השף הלבן שמנת להקצפה 38% שומן 250 מל - מוצר בפיקוח,תנובה מרכז שיתופי לש,,,"י""ח",250,"ל מ""ל",false,1,6.47,2.59,false,1,
7290000043890,false,תנובה רויון לבן מחלב מפסוטר 1.5%,תנובה מרכז שיתופי לש,,,"י""ח",1.0350,ליטר,false,1,11.50,11.11,false,1,
7290000043944,false,כד יוגורט תנובה 4% שומן 1.5 ליטר,מיוצר עי קונדיטוריית,,,"י""ח",1.50,ליטר,false,1,16.50,11,false,1,
7290000044712,false,יוגורט עם תות 1.5% שומן 500 ג' פרילי,מיוצר עי קונדיטוריית,,,"י""ח",500,"ל מ""ל",false,1,9.70,1.94,false,1,
7290000044880,false,יוגורט בטעם תות שדה 3% באדי (500 גרם),מיוצר עי קונדיטוריית,,,"י""ח",500,"ל מ""ל",false,1,7.90,1.58,false,1,
7290000045580,false,גבינה מותכת נעמה חורש תנובה 240 גרם,תנובה מרכז שיתופי לש,,,"י""ח",240,ל גרם,false,1,18.10,7.54,false,1,
7290000045771,false,יוגורט לבן 4% תנובה (3 ליטר),תנובה מרכז שיתופי לש,,,"י""ח",3,ליטר,false,1,29.20,9.73,false,1,
7290000045917,false,תנובה פרומעז גבינה מותכת מחלב עיזים 23% שומן,תנובה בעמ ***,,,"י""ח",1,,false,1,26.30,26.30,false,1,
7290000046563,false,קולאג 23% פרמזן חריץ תנובה,תנובה מרכז שיתופי לש,,,"ק""ג",1000,ל גרם,true,1,113,11.30,false,1,
7290000047546,false,השף הלבן כנען גבינה לבנה דלת נתרן 5% תנובה 500 גרם,תנובה מרכז שיתופי לש,,,"י""ח",500,ל גרם,false,1,21.90,4.38,false,1,
7290000047621,false,גבינה לבנה רכה 5% תנובה 250ג' מהדרין,תנובה מרכז שיתופי לש,,,"י""ח",250,ל גרם,false,1,4.70,1.88,false,1,
7290000048413,false,גבינה חמד (25016% גרם)פיראוס תנובה,תנובה מרכז שיתופי לש,,,"י""ח",250,ל גרם,false,1,16.90,6.76,false,1,
7290000048437,false,גבינת צפתית (2005% גרם)פיראוס תנובה,פארייפאבה אגרואינדוס,,,"י""ח",200,ל גרם,false,1,13.90,6.95,false,1,
7290000056951,false,"תנובה, השף הלבן, שמנת לבישול 15% שומן 500 מל",תנובה מרכז שיתופי לש,,,"י""ח",500,"ל מ""ל",false,1,15.90,3.18,false,1,
7290000060071,false,אוסם - חטיפי פריכונים מאורז מלא קלוי 80גר,קבוצת אוסם סחר שותפות מוגבלת,,,"י""ח",1,,false,1,8.30,8.30,false,1,
7290000060088,false,בייגלה מקלות עם מלח אסם (400 גרם),קבוצת אוסם סחר שותפות מוגבלת,,,"י""ח",400,ל גרם,false,1,10.90,2.73,false,1,
7290000060163,false,פסטה אסם אטריות דקות 400גר,קבוצת אוסם סחר שותפות מוגבלת,,,"י""ח",400,ל גרם,false,1,7.90,1.98,true,1,
7290000060200,false,פסטה אסם פתיתים אפויים קוסקוס 500גר,קבוצת אוסם סחר שותפות מוגבלת,,,"י""ח",500,ל גרם,false,1,6.90,1.38,true,1,
7290000060217,false,פסטה מקרוני מספר 7 אסם (500 גרם),קבוצת אוסם סחר שותפות מוגבלת,,,"י""ח",500,ל גרם,false,1,5.90,1.18,true,1,
7290000060316,false,פרפקטו ספגטי מס' 8 אסם 500 גרם,קבוצת אוסם סחר שותפות מוגבלת,,,"י""ח",500,ל גרם,false,1,7.70,1.54,false,1,
7290000060323,false,פסטה פרפקטו ספגטיני (2) 500 גרם,קבוצת אוסם סחר-שות.מוגבלת,,,"י""ח",500,ל גרם,false,1,7.70,1.54,false,1,
7290000060408,false,פסטה אסם פתיתים אפויים טבעות 500 גר,קבוצת אוסם סחר שותפות מוגבלת,,,"י""ח",500,ל גרם,false,1,6.90,1.38,true,1,
7290000060415,false,"פסטה פרפקטו לאזניה 500 ג' ""אסם""",קבוצת אוסם סחר שותפות מוגבלת,,,"י""ח",500,ל גרם,false,1,15.90,3.18,false,1,
7290000060576,false,פתיתים אפויים כוכבים אסם (500 גרם),קבוצת אוסם סחר שותפות מוגבלת,,,"י""ח",500,"ל מ""ל",false,1,6.90,1.38,true,1,
7290000060781,false,פרומנטי פתיתים מסולסלים אוסם,קבוצת אוסם סחר שותפות מוגבלת,,,"י""ח",500,ל גרם,false,1,5.90,1.18,true,1,
7290000060842,false,פסטה אסם פתיתים צדפים גדולים 500גר,קבוצת אוסם סחר שותפות מוגבלת,,,"י""ח",500,ל גרם,false,1,5.90,1.18,true,1,
7290000060880,false,פסטה ספגטי מספר 8 אסם 500 גרם,קבוצת אוסם סחר שותפות מוגבלת,,,"י""ח",500,ל גרם,false,1,5.90,1.18,true,1,
7290000060903,false,פסטה אסם פתיתים אפויים אורז 500גר,קבוצת אוסם סחר שותפות מוגבלת,,,"י""ח",500,ל גרם,false,1,6.90,1.38,true,1,
7290000060958,false,אטריות מובחרות בינוניות אסם (400 גרם),קבוצת אוסם סחר שותפות מוגבלת,,,"י""ח",400,ל גרם,false,1,7.90,1.98,true,1,
7290000060965,false,פסטה אסם אטריות רחבות 400גר,קבוצת אוסם סחר שותפות מוגבלת,,,"י""ח",400,ל גרם,false,1,7.90,1.98,true,1,
7290000061061,false,קרקר חיטה עם בצל אסם,קבוצת אוסם סחר שותפות מוגבלת,,,"י""ח",250,ל גרם,false,1,10.90,4.36,true,1,
7290000061085,false,"רוטב צילי מתוק 290 מ""ל-בקבוק",קבוצת אוסם סחר שותפות מוגבלת,,,"י""ח",290,"ל מ""ל",false,1,11.90,4.10,true,1,
7290000061245,false,עוגיות שוקוצ'יפס במילוי שוקולד אסם 220 גרם,קבוצת אוסם סחר-שות.מוגבלת,,,"י""ח",220,ל גרם,false,1,10.90,4.95,true,1,
7290000061764,false,קפה נמס מגורען רד מאג 200 גרם,קבוצת אוסם סחר שותפות מוגבלת,,,"י""ח",200,ל גרם,false,1,21.40,10.70,false,1,
7290000062129,false,אינסטנט פודינג בטעם וניל אסם (1 קג),קבוצת אוסם סחר שותפות מוגבלת,,,"י""ח",1,"ק""ג",false,1,23.90,23.90,false,1,
7290000062952,false,אוסם - מיני קרוטונים למרק ולסלט 250 גרם,קבוצת אוסם סחר שותפות מוגבלת,,,"י""ח",250,ל גרם,false,1,15.90,6.36,false,1,
7290000063102,false,קמח עוגה תופח מאליו אסם 350 גרם,קבוצת אוסם סחר שותפות מוגבלת,,,"י""ח",350,ל גרם,false,1,5,1.43,false,1,
7290000063140,false,שקדי מרק רכיבים טבעיים בשקית 400 ג' אסם,קבוצת אוסם סחר שותפות מוגבלת,,,"י""ח",400,ל גרם,false,1,10.90,2.73,true,1,
7290000063157,false,"קמח עוגה תופח מאליו אסם 1 ק""ג",קבוצת אוסם סחר שותפות מוגבלת,,,"י""ח",1,"ק""ג",false,1,9.90,9.90,true,1,
7290000064758,false,קוסקוס בינוני אמיתי אסם 350 ג',קבוצת אוסם סחר שותפות מוגבלת,,,"י""ח",350,ל גרם,false,1,8.90,2.54,false,1,
7290000064871,false,"אוסם - מנה חמה פירה תפו""א עם בצל 56 גרם",קבוצת אוסם סחר שותפות מוגבלת,,,"י""ח",87,ל גרם,false,1,6.90,7.93,true,1,
7290000065335,false,אוסם - מנה חמה פירה עם ירקות 55 גרם,קבוצת אוסם סחר שותפות מוגבלת,,,"י""ח",55,ל גרם,false,1,6.90,12.55,true,1,
7290000065557,false,אוסם - מנה חמה קוסקוס עם ירקות 84 גרם,קבוצת אוסם סחר שותפות מוגבלת,,,"י""ח",50,ל גרם,false,1,6.90,13.80,true,1,
7290000066141,false,ביסלי חטיף בטעם גריל אסם (70 גרם),קבוצת אוסם סחר שותפות מוגבלת,,,"י""ח",70,ל גרם,false,1,3.90,5.57,true,1,
7290000066189,false,ביסלי חטיף בטעם פלאפל אסם (200 גרם),קבוצת אוסם סחר שותפות מוגבלת,,,"י""ח",200,ל גרם,false,1,8.90,4.45,true,1,
7290000066196,false,ביסלי חטיף בטעם גריל אסם (200 גרם),קבוצת אוסם סחר שותפות מוגבלת,,,"י""ח",200,ל גרם,false,1,8.90,4.45,true,1,
7290000066226,false,ביסלי חטיף בטעם פיצה אסם (200 גרם),קבוצת אוסם סחר שותפות מוגבלת,,,"י""ח",200,ל גרם,false,1,8.90,4.45,true,1,
7290000066295,false,אסם במבה תות מחומרים טבעיים 30גר,קבוצת אוסם סחר שותפות מוגבלת,,,"י""ח",30,ל גרם,false,1,3.10,10.33,false,1,
7290000066318,false,במבה חטיף בוטנים אסם 80 גרם,קבוצת אוסם סחר שותפות מוגבלת,,,"י""ח",80,ל גרם,false,1,4.30,5.38,true,1,
7290000066332,false,אפרופו חטיף תירס אסם (50 גרם),קבוצת אוסם סחר שותפות מוגבלת,,,"י""ח",50,ל גרם,false,1,5,10,true,1,
7290000066349,false,אפרופו חטיף תירס אסם (100 גרם),קבוצת אוסם סחר-שות.מוגבלת,,,"י""ח",100,ל גרם,false,1,8.90,8.90,true,1,
7290000066431,false,פופקו חטיף פופקורן בטעם חמאה ודבש אסם 80 גרם,קבוצת אוסם סחר שותפות מוגבלת,,,"י""ח",80,ל גרם,false,1,5.50,6.88,true,1,
7290000067544,false,פירורית זהב פירורי לחם אסם 200 גרם,קבוצת אוסם סחר שותפות מוגבלת,,,"י""ח",200,ל גרם,false,1,6.90,3.45,true,1,
7290000067599,false,מנה חמה ספגטי ברוטב בולונז אסם 65 גרם,קבוצת אוסם סחר שותפות מוגבלת,,,"י""ח",55,ל גרם,false,1,6.90,12.55,true,1,
7290000068084,false,"אסם פתי בר 1.75 ק""ג",קבוצת אוסם סחר-שות.מוגבלת,,,"י""ח",1.75,"ק""ג",false,1,26.80,15.31,false,1,
7290000068138,false,אינסטנט פודינג בטעם וניל אסם 80 גרם,קבוצת אוסם סחר שותפות מוגבלת,,,"י""ח",80,ל גרם,false,1,5.90,7.38,true,1,
7290000068190,false,אסם ג'לי תות שדה צבעים טבעיים 90 גרם,קבוצת אוסם סחר שותפות מוגבלת,,,"י""ח",85,ל גרם,false,1,6.90,8.12,false,1,
7290000068206,false,אסם ג'לי משמש צבעים טבעיים 85 גרם,קבוצת אוסם סחר שותפות מוגבלת,,,"י""ח",85,ל גרם,false,1,5.90,6.94,false,1,
7290000068237,false,אבקה להכנת ג`לי בטעם פטל אסם (85 גרם),קבוצת אוסם סחר שותפות מוגבלת,,,"י""ח",85,ל גרם,false,1,6.90,8.12,false,1,
7290000068343,false,אוסם - פירכונים מאורז מלא 140 גרם,קבוצת אוסם סחר שותפות מוגבלת,,,"י""ח",140,ל גרם,false,1,7.90,5.64,false,1,
7290000068701,false,אסם שקדי מרק רכיבים טבע.מיכל 400 גרם,קבוצת אוסם סחר שותפות מוגבלת,,,"י""ח",400,ל גרם,false,1,17.30,4.33,false,1,
7290000068770,false,במבה יום הולדת חטיף בוטנים אסם 80 גרם,קבוצת אוסם סחר שותפות מוגבלת,,,"י""ח",80,ל גרם,false,1,4.30,5.38,true,1,
7290000068787,false,במבה יום הולדת חטיף בוטנים אסם 25 גרם,קבוצת אוסם סחר שותפות מוגבלת,,,"י""ח",25,ל גרם,false,1,2.90,11.60,false,1,
7290000069258,false,פסטה פרפקטו פנה ריגאטה 500 ג' אסם,קבוצת אוסם סחר-שות.מוגבלת,,,"י""ח",500,ל גרם,false,1,7.70,1.54,false,1,
7290000069364,false,פריכונים מאורז מלא ללא תוספת סוכר אסם 140 גרם,קבוצת אוסם סחר שותפות מוגבלת,,,"י""ח",140,ל גרם,false,1,7.70,5.50,false,1,
7290000070308,false,אבקת מרק עוף אמיתי בשרי אסם 400 גרם,קבוצת אוסם סחר שותפות מוגבלת,,,"י""ח",400,ל גרם,false,1,17.90,4.48,false,1,
7290000070322,false,אבקת מרק פטריות רכיבים טבעיים אסם 400 גרם,קבוצת אוסם סחר שותפות מוגבלת,,,"י""ח",400,ל גרם,false,1,24.90,6.23,false,1,
7290000070353,false,אבקת מרק בצל רכיבים טבעיים אסם 400 גרם,קבוצת אוסם סחר שותפות מוגבלת,,,"י""ח",400,ל גרם,false,1,24.90,6.23,false,1,
7290000072241,false,"רוטב פיצה 290 מ""ל-בקבוק",קבוצת אוסם סחר שותפות מוגבלת,,,"י""ח",290,"ל מ""ל",false,1,11.90,4.10,true,1,
7290000072623,false,קטשופ אסם בקבוק לחיץ 750 גרם,קבוצת אוסם סחר שותפות מוגבלת,,,"י""ח",750,ל גרם,false,1,10.90,1.45,true,1,
7290000072630,false,קטשופ אסם חריף 750 גרם-בקבוק,קבוצת אוסם סחר שותפות מוגבלת,,,"י""ח",750,ל גרם,false,1,11.90,1.59,false,1,
7290000072753,false,קפה נמס מגורען טסטרס צ'ויס 200 גרם-,קבוצת אוסם סחר שותפות מוגבלת,,,"י""ח",200,ל גרם,false,1,29.90,14.95,true,1,
7290000072777,false,קפה נמס מגורען נטול קפאין טסטרס צ'ויס 200 גרם,קבוצת אוסם סחר שותפות מוגבלת,,,"י""ח",200,ל גרם,false,1,35.90,17.95,false,1,
7290000072968,false,דגני בוקר סיני מיניס חיטה מלאה וקינמון נסטלה 500 גרם,קבוצת אוסם סחר-שות.מוגבלת,,,"י""ח",375,ל גרם,false,1,19.90,5.31,true,1,
7290000073125,false,מנה חמה פסטה ברוטב עגבניות אסם (62 גרם),קבוצת אוסם סחר שותפות מוגבלת,,,"י""ח",55,ל גרם,false,1,6.90,12.55,true,1,
7290000073415,false,אוסם - מנה חמה פסטה ברוטב פיצה 61 גרם,קבוצת אוסם סחר שותפות מוגבלת,,,"י""ח",61,ל גרם,false,1,6.90,11.31,true,1,
7290000073750,false,מנה חמה נודלס אטר+ירקות טעם עוף 70 גרם,קבוצת אוסם סחר שותפות מוגבלת,,,"י""ח",76,ל גרם,false,1,6.90,9.08,true,1,
7290000073767,false,מנה חמה נודלס אטר.+ירקות טעם בקר 70 גרם,קבוצת אוסם סחר שותפות מוגבלת,,,"י""ח",76,ל גרם,false,1,6.90,9.08,true,1,
7290000073774,false,מנה חמה נודלס אטר+ירקות טעם צילי 70 גרם,קבוצת אוסם סחר שותפות מוגבלת,,,"י""ח",76,ל גרם,false,1,6.90,9.08,true,1,
7290000074153,false,ביסקוויט פתי בר שוקולד אסם (500 גרם),קבוצת אוסם סחר שותפות מוגבלת,,,"י""ח",500,ל גרם,false,1,13.90,2.78,true,1,
7290000074184,false,ביסקוויט פתי בר אסם (500 גרם),קבוצת אוסם סחר שותפות מוגבלת,,,"י""ח",500,ל גרם,false,1,11.90,2.38,true,1,
7290000074245,false,אוסם - קרם קרקר אסם 250 גרם,קבוצת אוסם סחר שותפות מוגבלת,,,"י""ח",250,ל גרם,false,1,9.90,3.96,true,1,
7290000074252,false,אסם קרקר שומשום 250 גרם,קבוצת אוסם סחר שותפות מוגבלת,,,"י""ח",250,ל גרם,false,1,9.60,3.84,true,1,
7290000074276,false,קרקר פיקנטי טבעון 250 ג' אסם,קבוצת אוסם סחר שותפות מוגבלת,,,"י""ח",250,ל גרם,false,1,10.90,4.36,true,1,
7290000074764,false,קרקר הזהב אסם 900 גרם,קבוצת אוסם סחר שותפות מוגבלת,,,"י""ח",900,ל גרם,false,1,27.90,3.10,true,1,
7290000075204,false,קרקר לחמית חיטה מלאה אסם (250 גרם),קבוצת אוסם סחר שותפות מוגבלת,,,"י""ח",250,ל גרם,false,1,8.90,3.56,true,1,
7290000076133,false,בייגלה שמיניות קטנות עם מלח אסם 400 גרם,קבוצת אוסם סחר שותפות מוגבלת,,,"י""ח",400,ל גרם,false,1,10.70,2.68,false,1,
7290000077017,false,עוגיות קרמוגית במילוי קרם שוקולד אסם 200 גרם,קבוצת אוסם סחר שותפות מוגבלת,,,"י""ח",200,ל גרם,false,1,11.90,5.95,true,1,
7290000078212,false,קרוטונים מתובלים למרק אסם (250 גרם),קבוצת אוסם סחר שותפות מוגבלת,,,"י""ח",250,ל גרם,false,1,15.90,6.36,false,1,
7290000078762,false,אוסם - חטיפי פריכונים מאורז מלא בטעם דבש 80גר,קבוצת אוסם סחר-שות.מוגבלת,,,"י""ח",100,ל גרם,false,1,8.30,8.30,false,1,
7290000079233,false,קרם קרקר דיאטטי דל נתרן 250 גרם,קבוצת אוסם סחר שותפות מוגבלת,,,"י""ח",250,ל גרם,false,1,10.90,4.36,true,1,
7290000080765,false,פת קלויה טוסטעים עם שומשום אסם (100 גרם),קבוצת אוסם סחר שותפות מוגבלת,,,"י""ח",100,ל גרם,false,1,10.70,10.70,false,1,
7290000081663,false,"בייגלה טבעות שומשום אסם 300 גרם בד""ץ",קבוצת אוסם סחר שותפות מוגבלת,,,"י""ח",300,ל גרם,false,1,10.70,3.57,false,1,
7290000104201,false,אפונה עדינה מוקפאת סנפרוסט (600 גרם),"איי, בי, אינבוו",,,"י""ח",600,ל גרם,false,1,16.90,2.82,true,1,
7290000104218,false,סנפרוסט במיה 600 גרם,תנובה מרכז שיתופי לשיווק תוצרת,,,"י""ח",800,ל גרם,false,1,15.90,1.99,true,1,
7290000104676,false,אפונה קפואה סנפרוסט 800 גרם,תנובה מרכז שיתופי לשיווק תוצרת,,,"י""ח",800,ל גרם,false,1,14.90,1.86,true,1,
7290000104683,false,שעועית ירוקה שלמה סנפרוסט (800 גרם),תנובה מרכז שיתופי לשיווק תוצרת,,,"י""ח",800,ל גרם,false,1,19.90,2.49,true,1,
7290000104690,false,גרעיני תירס מוקפאים סנפרוסט (800 גרם),תנובה מרכז שיתופי לשיווק תוצרת,,,"י""ח",800,ל גרם,false,1,17.90,2.24,true,1,
7290000104706,false,גזר גמדי מוקפא סנפרוסט (800 גרם),תנובה מרכז שיתופי לשיווק תוצרת,,,"י""ח",800,ל גרם,false,1,16.90,2.11,true,1,
7290000104713,false,פול ירוק קפוא סנפורסט 800 גרם,תנובה מרכז שיתופי לשיווק תוצרת,,,"י""ח",800,ל גרם,false,1,22.90,2.86,true,1,
7290000104720,false,שעועית ירוקה חתוכה סנפרוסט (800 גרם),תנובה מרכז שיתופי לשיווק תוצרת,,,"י""ח",800,ל גרם,false,1,17.90,2.24,true,1,
7290000104737,false,שעועית צהובה חתוכה סנפרוסט 800 גרם,תנובה מרכז שיתופי לשיווק תוצרת,,,"י""ח",800,ל גרם,false,1,17.90,2.24,true,1,
7290000104744,false,כרובית מוקפאת סנפרוסט (800 גרם),תנובה מרכז שיתופי לשיווק תוצרת,,,"י""ח",800,ל גרם,false,1,23.90,2.99,true,1,
7290000104751,false,"כרוב ניצנים 800 גרם ""סנפרוסט""",תנובה מרכז שיתופי לשיווק תוצרת,,,"י""ח",800,ל גרם,false,1,23.90,2.99,true,1,
7290000104768,false,עלי תרד סנפרוסט (800 גרם),תנובה מרכז שיתופי לשיווק תוצרת,,,"י""ח",800,ל גרם,false,1,23.90,2.99,true,1,
7290000104775,false,מדליוני תרד סנפרוסט (800 גרם),תנובה מרכז שיתופי לשיווק תוצרת,,,"י""ח",800,ל גרם,false,1,23.90,2.99,true,1,
7290000104799,false,שעועית לבנה מבושלת סנפרוסט (800 גרם),תנובה מרכז שיתופי לשיווק תוצרת,,,"י""ח",1,"ק""ג",false,1,18.90,18.90,true,1,
7290000104805,false,גרגירי חומוס מבושלים סנפרוסט 800 גרם,תנובה מרכז שיתופי לשיווק תוצרת,,,"י""ח",800,ל גרם,false,1,18.90,2.36,true,1,
7290000104829,false,קלחי תירס חתוכים סנפרוסט 1 קילו,תנובה מרכז שיתופי לשיווק תוצרת,,,"י""ח",1,"ק""ג",false,1,19.90,19.90,true,1,
7290000104836,false,שעועית ירוקה עדינה שלמה סנפרוסט 600 גרם,תנובה מרכז שיתופי לשיווק תוצרת,,,"י""ח",600,ל גרם,false,1,23.90,3.98,true,1,
7290000104881,false,לקט אפונה וגזר מוקפאים סנפרוסט (800 גרם),תנובה מרכז שיתופי לשיווק תוצרת,,,"י""ח",800,ל גרם,false,1,14.90,1.86,true,1,
7290000104904,false,לקט ירקות מעורבים סנפורסט 800 גרם,תנובה מרכז שיתופי לשיווק תוצרת,,,"י""ח",800,ל גרם,false,1,21.90,2.74,true,1,
7290000104911,false,לקט נורמנדי מוקפא סנפרוסט (800 גרם),תנובה מרכז שיתופי לשיווק תוצרת,,,"י""ח",800,ל גרם,false,1,21.90,2.74,true,1,
7290000107165,false,חטיף סויה אדממה סנפרוסט (400 גרם),תנובה מרכז שיתופי לשיווק תוצרת,,,"י""ח",400,ל גרם,false,1,13.90,3.48,true,1,
7290000107189,false,תחתיות ארטישוק סנפרוסט (400 גרם),תנובה מרכז שיתופי לשיווק תוצרת,,,"י""ח",400,ל גרם,false,1,20.90,5.23,true,1,
7290000107295,false,תפרחות ברוקולי סנפרוסט 800 גרם,תנובה מרכז שיתופי לשיווק תוצרת,,,"י""ח",800,ל גרם,false,1,24.90,3.11,true,1,
7290000110844,false,כיפלי בטעם גריל בד`צ 70 גרם .,יוניליוור ישראל שיווק בע`מ,,,"י""ח",70,ל גרם,false,1,4.50,6.43,false,1,
7290000110851,false,כיפלי חטיף בטעם בצל מהדרין תלמה (70 גרם),יוניליוור ישראל שיווק בע`מ,,,"י""ח",70,ל גרם,false,1,4.50,6.43,false,1,
7290000111063,false,מיונז אמיתי תלמה (250 גרם),"יוניליוור ישראל שיווק בע""מ",,,"י""ח",250,ל גרם,false,1,6.50,2.60,false,1,
7290000111117,false,מרכך כביסה לבן בדין (4 ליטר),"יוניליוור ישראל שיווק בע""מ",,,"י""ח",4,ליטר,false,1,19.90,4.98,false,1,
7290000111186,false,"מיונז אמיתי תלמה 500 גרם בד""צ","יוניליוור ישראל שיווק בע""מ",,,"י""ח",500,ל גרם,false,1,8.90,1.78,false,1,
7290000111353,false,מיונז אמיתי תלמה (1 קג),"יוניליוור ישראל שיווק בע""מ",,,"י""ח",1,"ק""ג",false,1,16.90,16.90,false,1,
7290000111360,false,חרדל אמיתי חריף 250 גרם בצנצנת כשלפ,יוניליוור ישראל שיווק בע`מ,,,"י""ח",250,ל גרם,false,1,5.90,2.36,false,1,
7290000111384,false,חרדל אמיתי בצנצנת 550 ג' תלמה,יוניליוור ישראל שיווק בע`מ,,,"י""ח",550,ל גרם,false,1,7.50,1.36,false,1,
7290000112220,false,טחינה גולמית שומשום טהור בארכה 500 גרם,קבוצת אוסם סחר שותפות מוגבלת,,,"י""ח",500,ל גרם,false,1,13.90,2.78,false,1,
7290000112497,false,מרק עשיר עוף אטריות קנור 75 גרם - שקיות,יוניליוור ישראל שיווק בע`מ,,,"י""ח",68,ל גרם,false,1,9.90,14.56,true,1,
7290000112619,false,אבקת מרק עוף אמיתי קנור 400 ג' כשלפ,יוניליוור ישראל שיווק בע`מ,,,"י""ח",400,ל גרם,false,1,17.90,4.48,true,1,
7290000116204,false,"אבקת מרק דגש בטעם עוף 1ק""ג קנור","יוניליוור ישראל שיווק בע""מ",,,"י""ח",1,מטר,false,1,15.90,15.90,true,1,
7290000116884,false,"קנור רוטב ברביקיו 300 מ""ל כשלפ",יוניליוור ישראל שיווק בע`מ,,,"י""ח",340,ל גרם,false,1,10.90,3.21,true,1,
7290000116921,false,"קנור רוטב צילי מתוק 300 מ""ל כשלפ","יוניליוור ישראל שיווק בע""מ",,,"י""ח",340,"ל מ""ל",false,1,10.90,3.21,true,1,
7290000116945,false,"רוטב סויה קלאסי קנור בד""צ 350 גרם",יוניליוור ישראל שיווק בע`מ,,,"י""ח",340,ל גרם,false,1,10.90,3.21,true,1,
7290000117171,false,מרק טעם עוף דל קלוריות 48 גרם-קופסא,"יוניליוור ישראל שיווק בע""מ",,,"י""ח",48,ל גרם,false,1,6.50,13.54,false,1,
7290000117720,false,נמס בכוס פטריות קנור 21.5 גרם מארז זוגי,"יוניליוור ישראל שיווק בע""מ",,,"י""ח",43,ל גרם,false,1,6.90,16.05,true,1,
7290000118277,false,כופתאות מצה להכנת מהירה 65 ג' קנור,"יוניליוור ישראל שיווק בע""מ",,,"י""ח",130,ל גרם,false,1,8.90,6.85,false,1,
7290000120836,false,מיונז אמיתי הלמנס (394 גרם),"יוניליוור ישראל שיווק בע""מ",,,"י""ח",394,ל גרם,false,1,13.90,3.53,false,1,
7290000121031,false,החתול המחייך גבינה מותכת 14% מון בלאן 120 גרם,נטו מילנדה סחר בעמ*,,,"י""ח",120,ל גרם,false,1,8.90,7.42,false,1,
7290000121079,false,גבינה מותכת למריחה עם שום שמיר 9% מון בלאן 120 גרם,נטו מילנדה סחר בעמ*,,,"י""ח",120,ל גרם,false,1,11.90,9.92,false,1,
7290000121147,false,גבינה מותכת לייט בטעם פיקנטי 7% מון בלאן 120 גרם,נטו מלינדה סחר בע`מ,,,"י""ח",120,ל גרם,false,1,8.90,7.42,false,1,
7290000121154,false,גבינה מותכת לייט עם סלמון 7% מון בלאן 120 גרם,נטו מלינדה סחר בע`מ,,,"י""ח",120,ל גרם,false,1,11.90,9.92,false,1,
7290000121239,false,מיוקל 5% שומן ללא כולסטרול תלמה 500ג',"יוניליוור ישראל שיווק בע""מ",,,"י""ח",500,ל גרם,false,1,11.90,2.38,false,1,
7290000122830,false,"רוטב מקסיקני סצ'ואן קנור 300 מ""ל",יוניליוור ישראל שיווק בע`מ,,,"י""ח",370,ל גרם,false,1,10.90,2.95,true,1,
7290000124841,false,ורד הגליל שוקולד חלב מארז שלישיה 300 גרם,"יוניליוור ישראל שיווק בע""מ",,,"י""ח",300,ל גרם,false,1,13.90,4.63,true,1,
7290000129457,false,אבקת רוטב פטריות קנור 28 ג' שקית,יוניליוור ישראל שיווק בע`מ,,,"י""ח",28,ל גרם,false,1,3.90,13.93,false,1,
7290000129785,false,מרכך כביסה ירוק בדין (4 ליטר),יוניליוור ישראל שיווק בע`מ,,,"י""ח",4,ליטר,false,1,19.90,4.98,false,1,
7290000131009,false,דפי בצק פילו דקיקים שחף 500 גרם,מאפיית אריאל,,,"י""ח",500,ל גרם,false,1,13.90,2.78,false,1,
7290000131122,false,"בצק עלים צרפתי שחף 1.5 ק""ג",מאפיית אריאל,,,"י""ח",1.50,"ק""ג",false,1,18.90,12.60,false,1,
7290000133645,false,שלישיית משחת שיניים סודה אורביטול 145 גרם,החברה הדרומית לשיווק בעמ,,,"י""ח",435,ל גרם,false,1,14.90,3.43,false,1,
7290000133904,false,"מטהר אוויר דואופרש פסיפלורה תפוז סנו 300 מ""ל",החברה הדרומית לשיווק בעמ,,,"י""ח",300,"ל מ""ל",false,1,9.90,3.30,false,1,
7290000135045,false,"XL TEN משקה אנרגיה פתוח ללא סוכר 250 מ""ל","טמפו משקאות בע""\מ",,,"י""ח",250,"ל מ""ל",false,1,4,1.48,true,1,
7290000135113,false,"משקה אנרגיה XL פחית ten נענע ליים 250 מ""ל","טמפו משקאות בע""\מ",,,"י""ח",250,"ל מ""ל",false,1,3.90,1.44,true,1,
7290000135663,false,"פפסי מקס דובדבן פחית צרה מארז שישייה 330 מ""ל",טמפו משקאות בע''מ,,,"י""ח",1.98,ליטר,false,1,19.90,9.14,false,1,
7290000136585,false,משקה בטעם תפוזים תריסר 1.5 ל' ג'אמפ,"טמפו משקאות בע""\ם.",,,"י""ח",1.50,ליטר,false,1,7.50,4.80,true,1,
7290000136646,false,בירה נשר מאלט ללא אלכוהול 1.5 ליטר,"טמפו משקאות בע""\מ",,,"י""ח",1.50,ליטר,false,1,9.10,5.87,true,1,
7290000136653,false,בירה שחורה נשר מאלט דיאט בקבוק 1.5ל`,"טמפו משקאות בע""\מ",,,"י""ח",1.50,ליטר,false,1,8.90,5.73,true,1,
7290000136844,false,מארז מים מזוככים אקווה נובה שישיית 2 ליטר,"טמפו משקאות בע""\מ",,,"י""ח",12,ליטר,false,1,11.90,0.84,false,1,
7290000137513,false,גלידונית גלידה וניל בציפוי שוקולד 60 יח' קרמיסימו,"גלידת שטראוס בע""\מ, רחוב",,,"י""ח",700,ל גרם,false,1,46.90,6.70,false,1,
7290000142548,false,"מארז 2שמפו ירוק+מרכך 700מ""ל+400מ""ל",הנקל סוד בעמ,,,"י""ח",1.80,ליטר,false,1,20,11.11,false,1,
7290000143194,false,שמפו ומרכך לשיער אלוורה הוואי (700 מל),טרופיקל דגיל בעמ,,,"י""ח",700,"ל מ""ל",false,1,10.90,1.56,false,1,
7290000143255,false,הוואי שמפו לשיער רגיל 700 מל ירוק,שוורצקוף& הנקל דיסלד,,,"י""ח",700,"ל מ""ל",false,1,10.90,1.56,false,1,
7290000143293,false,"הוואי - מרכך ילדים מתיר קשרים 700 מ""ל",טרופיקל דגיל,,,"י""ח",700,"ל מ""ל",false,1,10.90,1.56,false,1,
7290000144467,false,שמן חמניות מועשר בנוגדי חמצון 1 ל' עץ הזית,"נארז ע""י : א.ג. גילר",,,"י""ח",1,ליטר,false,1,16.90,16.90,false,1,
7290000144474,false,שמן עץ הזית קנולה 1 ליטר בריאות מהטבע,סוגת תעשיות בעמ,,,"י""ח",1,ליטר,false,1,15.90,15.90,false,1,
7290000146645,false,הוואי - סבון מוצק שחור מסתורי 100 גרם רביעייה,טרופיקל דגיל קוסמטיק,,,"י""ח",400,ל גרם,false,1,13.90,3.48,true,1,
7290000146683,false,הוואי - סבון מוצק אפקט דאודורנט 100 גרם רביעייה,טרופיקל דגיל קוסמטיק,,,"י""ח",400,ל גרם,false,1,13.90,3.48,true,1,
7290000146928,false,"משחת שיניים לילדים בטעם ענבים טום וג'רי 50 מ""ל",טרופיקל דגיל קוסמטיק,,,"י""ח",75,ל גרם,false,1,7.90,10.53,true,1,
7290000146997,false,משחת שיניים לילדים מסטיק טום וג'רי 50 מל,טרופיקל דגיל קוסמטיק,,,"י""ח",50,ל גרם,false,1,7.90,15.80,true,1,
7290000148380,false,פיסטוקים קלויים קליית גת (200 גרם),ליימן שליסל בעמ,,,"י""ח",200,ל גרם,false,1,21.90,10.95,true,1,
7290000148489,false,"קליית גת גרעיני דלעת קלויים,200 גרם",ליימן שליסל בעמ,,,"י""ח",200,ל גרם,false,1,9.90,4.95,false,1,
7290000148618,false,קשיו מטוגן שקית קליית גת 200 גרם,ליימן שליסל בעמ,,,"י""ח",200,ל גרם,false,1,19.90,9.95,true,1,
7290000148748,false,קליית גת גרעיני חמניה קלויים ומומלחים200,ליימן שליסל בעמ,,,"י""ח",200,ל גרם,false,1,6.40,3.20,true,1,
7290000149844,false,סבון רב שימושי סינטבון (230 גרם),החברה הדרומית לשיווק בעמ,,,"י""ח",230,ל גרם,false,1,6.90,3,false,1,
7290000149851,false,סבון לניקוי והסרת כתמים סינטבון 460 גרם,החברה הדרומית לשיווק בעמ,,,"י""ח",460,ל גרם,false,1,8.90,1.93,false,1,
7290000149905,false,טקסטיל שמפו נוזלי לאריגים עדינים1ליט,החברה הדרומית לשיווק בעמ,,,"י""ח",1,ליטר,false,1,12.90,12.90,false,1,
7290000149943,false,טקסטיל שמפו לכביסה ביד שקית 1 ליטר,החברה הדרומית לשיווק בעמ,,,"י""ח",1,"ק""ג",false,1,12.90,12.90,false,1,
7290000161358,false,מיונז אמיתי משמן קנולה תלמה (500 גרם),"יוניליוור ישראל שיווק בע""מ",,,"י""ח",500,ל גרם,false,1,12.90,2.58,false,1,
7290000161631,false,קליק חטיף שוקולד מילוי קרם נוגט 38גר,יוניליוור ישראל שיווק בע`מ,,,"י""ח",38,ל גרם,false,1,3.90,10.26,true,1,
7290000161648,false,חטיף קליק אין אאוט במילו קרם,יוניליוור ישראל שיווק בע`מ,,,"י""ח",38,ל גרם,false,1,3.90,10.26,true,1,
7290000174723,false,שוקולית אבקה להכנת משקה שוקו 500 גרם,הנסיך- מפעל לייצור ט,,,"י""ח",500,ל גרם,false,1,11.80,2.36,true,1,
7290000176062,false,קפה טורקי בשקית 100 ג' עלית,שטראוס קפה בי.ויn\.,,,"י""ח",100,ל גרם,false,1,9.20,9.20,true,1,
7290000176079,false,קפה טורקי עם הל עלית (100 גרם),הנסיך- מפעל לייצור ט,,,"י""ח",100,ל גרם,false,1,9.90,9.90,true,1,
7290000176116,false,קפה טורקי בוואקום עלית (1 קג),הנסיך- מפעל לייצור ט,,,"י""ח",1,"ק""ג",false,1,76.90,76.90,true,1,
7290000176413,false,קפה נמס עלית פחית 50 גרם,הנסיך- מפעל לייצור ט,,,"י""ח",50,ל גרם,false,1,9.60,19.20,true,1,
7290000176420,false,קפה נמס פחית עלית 200 גרם,פיקסל אם.גי.אם בעמ,,,"י""ח",200,"ל מ""ל",false,1,19.90,9.95,true,1,
7290000176468,false,קפה נמס נטול קפאין 50 ג' קפה האג,"שטראוס גרופ בע""מ",,,"י""ח",50,ל גרם,false,1,10.90,21.80,true,1,
7290000176475,false,קפה נמס נטול קפאין האג עלית (200 גרם),שטראוס גרופ בע`מ,,,"י""ח",200,ל גרם,false,1,38.90,19.45,true,1,
7290000178707,false,חטיף צ`יפס בטעם טבעי תפוצ`יפס (50 גרם),"שטראוס פריטו ליי בע""\מ )",,,"י""ח",50,ל גרם,false,1,4.50,9,true,1,
7290000178721,false,חטיף צ`יפס בטעם טבעי תפוצ`יפס (200 גרם),"שטראוס פריטו ליי בע""\מ )",,,"י""ח",200,ל גרם,false,1,10.90,5.45,true,1,
7290000186030,false,מגבוני האגיס תחליב דיספנסר רביעייה,קימברלי קלארק ישראל שיווק בעמ,,,"י""ח",4,"י""ח",false,1,27.90,6.98,true,1,
7290000187952,false,לילי טריפל קומפורט ורוד נ.טואלט 32 גלילי,קימברלי קלארק ישראל שיווק בעמ,,,"י""ח",537,מטר,false,1,39.90,0.07,false,1,
7290000189536,false,שקיות אשפהעם שרוך 65*52 ניקול 40 יחידות,קימברלי קלארק ישראל שיווק בעמ,,,"י""ח",40,"י""ח",false,1,21.90,0.55,false,1,
7290000189550,false,"שקיות אשפה ענקיות עם שרוך 78 * 90 ס""מ ניקול 2 * 10 יחידות",קימברלי קלארק ישראל שיווק בעמ,,,"י""ח",1,"י""ח",false,1,23.90,23.90,true,1,
7290000190068,false,מפיות אירוח לבן 100 יחי' ניקול,קימברלי קלארק ישראל שיווק בעמ,,,"י""ח",100,"י""ח",false,1,7.90,0.08,false,1,
7290000190150,false,מפיות מודפסות תלת שכבתיות ניקול 20 יחידות,קימברלי קלארק ישראל שיווק בעמ,,,"י""ח",20,"י""ח",false,1,8.90,0.45,false,1,
7290000191393,false,מגבוני טישיו רכים שביעייה מולט 100X7יח',קימברלי קלארק ישראל שיווק בעמ,,,"י""ח",822.50,ל גרם,false,1,21.90,2.66,false,1,
7290000191539,false,חמישיית ממחטות טישו צבועני לילי 100 יחידות,קימברלי קלארק ישראל שיווק בעמ,,,"י""ח",593,ל גרם,false,1,17.90,3.02,false,1,
7290000193014,false,מגן תחתון פדיות אינטרלוד לילי 50 יחידות,קימברלי קלארק ישראל שיווק בעמ,,,"י""ח",1,"י""ח",false,1,9.90,9.90,false,1,
7290000193083,false,נובה-לי תחבושות היגייניות לילי 28 יחידות,קימברלי קלארק ישראל שיווק בעמ,,,"י""ח",1,"י""ח",false,1,9.90,9.90,false,1,
7290000193205,false,תחבושות עם כנפיים ללילה נטורל לילי 20 יחידות,קימברלי קלארק ישראל שיווק בעמ,,,"י""ח",1,"י""ח",false,1,16.90,16.90,false,1,
7290000193472,false,מגן תחתון נורמל נטורל לילי 60 יחידות,קימברלי קלארק ישראל שיווק בעמ,,,"י""ח",1,"י""ח",false,1,16.90,16.90,false,1,
7290000193540,false,מגן תחתון ארוך נטורל לילי 52 יחידות,קימברלי קלארק ישראל שיווק בעמ,,,"י""ח",1,"י""ח",false,1,16.90,16.90,false,1,
7290000193649,false,תחבושות עם כנפיים נורמל פלוס לילי 24 יחידות,קימברלי קלארק ישראל שיווק בעמ,,,"י""ח",1,"י""ח",false,1,16.90,16.90,false,1,
7290000193656,false,תחבושות עם כנפיים סופר פלוס לילי 24 יחידות,קימברלי קלארק ישראל שיווק בעמ,,,"י""ח",100,ל גרם,false,1,16.90,16.90,false,1,
7290000193793,false,לילי תחבושות אינטימי נורמל אולט' 24 יח',קימברלי קלארק ישראל שיווק בעמ,,,"י""ח",1,"י""ח",false,1,16.90,16.90,false,1,
7290000195537,false,האגיס - מגבוני האגיס דיילי קר לא מבושם 64 יח' * 4,קימברלי קלארק ישראל שיווק בעמ,,,"י""ח",4,"י""ח",false,1,19.90,4.98,true,1,
7290000195773,false,האגיס - מגבוני האגיס סנסטיב קר לא מבושם 64 יח' * 4,קימברלי קלארק ישראל שיווק בעמ,,,"י""ח",1,,false,1,19.90,19.90,true,1,
7290000197081,false,ניקול ניילון נצמד 150 מטר+מתקן לחיתוך קל,קימברלי קלארק ישראל שיווק בעמ,,,"י""ח",150,מטר,false,1,32.90,0.22,false,1,
7290000197326,false,רדיד אלומיניום ניקול זוגות 7.5*2קצר,קימברלי קלארק ישראל שיווק בעמ,,,"י""ח",200,ל גרם,false,1,10.90,5.45,false,1,
7290000197340,false,"רדיד אלומניום ארוך 45 ס""מ רוחב ניקול 7.5 מטר",קימברלי קלארק ישראל שיווק בעמ,,,"י""ח",1,"י""ח",false,1,21.90,21.90,false,1,
7290000197432,false,שקיות אוכל סנדביצ'ון ניקול מארז 150X2יח',קימברלי קלארק ישראל שיווק בעמ,,,"י""ח",2,"י""ח",false,1,12.90,6.45,false,1,
7290000197654,false,שקיות אשפה ענקיות נשלפות 75*90 ניקול 50 יחידות,קימברלי קלארק ישראל שיווק בעמ,,,"י""ח",45,"י""ח",false,1,22.90,0.51,true,1,
7290000197999,false,רדיד אלומיניום עבה ניקול זוגי 30X7.5מ',קימברלי קלארק ישראל שיווק בעמ,,,"י""ח",1,"י""ח",false,1,17.90,17.90,false,1,
7290000199313,false,תחבושות עם כנפיים נורמל פלוס קוטקס 30 יחידות,קימברלי קלארק ישראל שיווק בעמ,,,"י""ח",1,"י""ח",false,1,18.90,18.90,true,1,
7290000204086,false,ניקול כרית קרצוף מארז שלישייה,קימברלי קלארק ישראל שיווק בעמ,,,"י""ח",3,"י""ח",false,1,10.90,3.63,false,1,
7290000204147,false,רביעיית כרית יפנית עבה ניקול 4 יחידות,קימברלי קלארק ישראל שיווק בעמ,,,"י""ח",4,"י""ח",false,1,10.90,2.73,false,1,
7290000204215,false,שישיית כרית יפנית ניקול 6 יחידות,קימברלי קלארק ישראל שיווק בעמ,,,"י""ח",600,ל גרם,false,1,10.90,1.82,false,1,
7290000204611,false,שישיית ספוגית הקסם ניקול 6 יחידות,קימברלי קלארק ישראל שיווק בעמ,,,"י""ח",6,"י""ח",false,1,10.90,1.82,false,1,
7290000207063,false,רסק עגבניות פריכוז 28% 240 גרם יכין,היינץ צפון אמריקה מק,,,"י""ח",240,ל גרם,false,1,4.90,2.04,false,1,
7290000207162,false,רוטב עגבניות מרכיב טבעי 100 ג' יכין,זנלכול יכין,,,"י""ח",100,ל גרם,false,1,2.50,2.50,true,1,
7290000207438,false,עגבניות מקולפות חתוכות לקוביות,זנלכול יכין,,,"י""ח",800,ל גרם,false,1,9.90,1.24,false,1,
7290000208022,false,עגבניות 2.5 A מרוסקות 850 גרם יכין,זנלכול יכין,,,"י""ח",800,ל גרם,false,1,9.90,1.24,false,1,
7290000208077,false,אפונת גינה גדולה יכין (550 גרם),זנלכול יכין,,,"י""ח",550,ל גרם,false,1,8.90,1.62,true,1,
7290000208114,false,"אפונה וגזר יכין A2 פ""ק בית יוסף",זנלכול יכין,,,"י""ח",550,ל גרם,false,1,8.90,1.62,true,1,
7290000208213,false,שעועית לבנה אפויה A2 ברוטב עגבניות יכין 560ג',היינץ צפון אמריקה מק,,,"י""ח",580,ל גרם,false,1,8.90,1.53,true,1,
7290000208244,false,"בסיס לשקשוקה יכין A2 פ""ק בית יוסף",זנלכול יכין,,,"י""ח",570,ל גרם,false,1,9.90,1.74,true,1,
7290000208312,false,גרעיני תירס מתוק בואקום יכין 400 גר',"זנלכל בע""\מ",,,"י""ח",325,ל גרם,false,1,6.90,2.12,true,1,
7290000208329,false,גרעיני תירס מתוק יכין (550 גרם),זנלכול יכין,,,"י""ח",550,ל גרם,false,1,8.90,1.62,true,1,
7290000208336,false,רסק יכין 240גר 22% יכין בית יוסף,"זנלכל בע""\מ",,,"י""ח",240,ל גרם,false,1,4.50,1.88,true,1,
7290000208343,false,עגבניות מרוסקות שום יכין A2.5 בית יוסף,היינץ צפון אמריקה מק,,,"י""ח",900,ל גרם,false,1,9.90,1.10,false,1,
7290000208428,false,גרגרי חומוס שלם 550 גרם יכין,היינץ צפון אמריקה מק,,,"י""ח",550,ל גרם,false,1,8.90,1.62,true,1,
7290000208459,false,"לקט אפונה, תפוחי אדמה וגזר יכין 550 גרם",זנלכול יכין,,,"י""ח",600,ל גרם,false,1,9.90,1.65,false,1,
7290000208893,false,גרעיני תירס מתוק לייט 400 גרם יכין,היינץ צפון אמריקה מק,,,"י""ח",340,ל גרם,false,1,6.90,2.03,false,1,
7290000209043,false,מיץ לימון משומר לתיבול יכין (1 ליטר),היינץ צפון אמריקה מק,,,"י""ח",1,ליטר,false,1,6.90,6.90,true,1,
7290000209524,false,סירופ דיאט בטעם פטל יכין (1 ליטר),זנלכול יכין,,,"י""ח",1,ליטר,false,1,18.90,18.90,false,1,
7290000209722,false,רוטב עגבניות 28% יכין (580 גרם)פריכוז,"זנלכל בע""\מ",,,"י""ח",580,ל גרם,false,1,10.90,1.88,true,1,
7290000209944,false,רוטב לעגבניות בסיס לשקשוקה 240 ג' יכין,"זנלכל בע""\מ",,,"י""ח",240,ל גרם,false,1,5.50,2.29,false,1,
7290000209951,false,רוטב עגבניות לפיצה 260 גרם יכין,"זנלכל בע""\מ",,,"י""ח",240,"ל מ""ל",false,1,5.50,2.29,false,1,
7290000211169,false,"אורז תאילנדי אחד אחד סוגת 1 ק""ג",האי נאם סי או אל.טי.,,,"י""ח",1,"ק""ג",false,1,7.90,7.90,false,1,
7290000211312,false,סוגת אורז מלא פרסי אחד אחד 1 קג,האי נאם סי או אל.טי.,,,"י""ח",1,"ק""ג",false,1,7.90,7.90,false,1,
7290000211442,false,אורז בסגנון פרסי קלאסי סוגת (1 קג),האי נאם סי או אל.טי.,,,"י""ח",1,"ק""ג",false,1,10.90,10.90,false,1,
7290000211503,false,סוכר לבן ארוז בשקית,"סוגת תעשיות בע""\מ",,,"י""ח",1,"ק""ג",false,1,4.30,4.30,false,1,
7290000211626,false,חיש אורז אחד אחד 1 קג,"סוגת תעשיות בע""\מ",,,"י""ח",1,"ק""ג",false,1,7.90,7.90,false,1,
7290000211985,false,אורז עגול ריזוטו אחד אחד 1 קג,"סוגת תעשיות בע""\מ",,,"י""ח",1,"ק""ג",false,1,9.90,9.90,false,1,
7290000218502,false,תערובת לחמין A-2 ויטה בדצ,ויטה פרי גליל (החדשה) בע`מ,,,"י""ח",500,ל גרם,false,1,9.90,1.98,false,1,
7290000226545,false,"עוגת טורט היער השחור קפולסקי 1 ק""ג",קפולסקי שיווק וקמעונ,,,"י""ח",1,"ק""ג",false,1,69.90,69.90,false,1,
7290000226552,false,קפולסקי עוגת טורט ריבת חלב+ קוקוס קפוא,קפולסקי שיווק וקמעונ,,,"י""ח",1,"ק""ג",false,1,69.90,69.90,false,1,
7290000238029,false,"בצק עלים צרפתי מרודד מעדנות 1 ק""ג",תנובה מרכז שיתופי לשיווק תוצרת,,,"י""ח",1,"ק""ג",false,1,21.90,21.90,false,1,
7290000238036,false,מלאווח מעדנות 6 יח`700 גרם קפוא,תנובה מרכז שיתופי לשיווק תוצרת,,,"י""ח",700,ל גרם,false,1,17.90,2.56,true,1,
7290000238173,false,.בורקס במילוי גבינה 800 גרם מעדנות,מיוצר עי קונדיטוריית,,,"י""ח",800,ל גרם,false,1,21.90,2.74,true,1,
7290000238180,false,בורקס במילוי תפוא 800 גרם מעדנות,מיוצר עי קונדיטוריית,,,"י""ח",800,ל גרם,false,1,17.90,2.24,true,1,
7290000240541,false,ריבועי בצק עלים מעדנות 800 גרם,תנובה מרכז שיתופי לשיווק תוצרת,,,"י""ח",800,ל גרם,false,1,22.90,2.86,false,1,
7290000244082,false,"הוואי שלישיית סבון נוזלי שמיים כחולים 500 מ""ל","הנקל סוד בע""מ",,,"י""ח",1.50,ליטר,false,1,17.90,11.93,true,1,
7290000244143,false,קרם הוואי לאחר גילוח+ לחות 120 מ``ל,טרופיקל דגיל קוסמטיק,,,"י""ח",120,ל גרם,false,1,17.90,14.92,true,1,
7290000244761,false,"קרם ידיים ולווטה 100 מ""ל",טרופיקל דגיל קוסמטיק,,,"י""ח",100,"ל מ""ל",false,1,9.90,9.90,true,1,
7290000245072,false,סוד מרכך כביסה בייבי סנסטיב 4 ליטר,גורי שיווק בעמ,,,"י""ח",4,ליטר,false,1,16.90,4.23,false,1,
7290000245515,false,"א.כ סוד קומפקט ביואקטיב פרפריום 1.25 ק""ג",גורי שיווק בעמ,,,"י""ח",1.25,"ק""ג",false,1,9.90,7.92,false,1,
7290000245782,false,סוד סופט מרכך כביסה ורוד 4 ליטר,גורי שיווק בעמ,,,"י""ח",4,ליטר,false,1,16.90,4.23,false,1,
7290000245799,false,סוד סופט מרכך כביסה כחול 4 ליטר,גורי שיווק בעמ,,,"י""ח",4,ליטר,false,1,16.90,4.23,false,1,
7290000253220,false,שוקולדצ`יפס לאפייה 260 גר`אופנהיימר,תה ויסוצקי (ישראל) בעמ,,,"י""ח",260,ל גרם,false,1,10.90,4.19,false,1,
7290000253251,false,נטיפי שוקולד צ`יפס לבן לאפיה 250 גרם,תה ויסוצקי (ישראל) בעמ,,,"י""ח",250,ל גרם,false,1,10.90,4.36,false,1,
7290000253411,false,סוכריות לקישוט צבעוני 90 גרם,תה ויסוצקי (ישראל)בעמ,,,"י""ח",90,ל גרם,false,1,4.90,5.44,false,1,
7290000253503,false,מרציפן מצופה שוקולד מריר 40 ג',תה ויסוצקי (ישראל)בעמ,,,"י""ח",120,ל גרם,false,1,3.90,3.25,false,1,
7290000253558,false,חלת מרציפן אופנהיימר,תה ויסוצקי (ישראל)בעמ,,,"י""ח",50,ל גרם,false,1,4.60,9.20,false,1,
7290000253572,false,סוכריות לקישוט חום 80גר,תה ויסוצקי (ישראל)בעמ,,,"י""ח",80,ל גרם,false,1,4.90,6.13,false,1,
7290000262239,false,נייר טואלט מולט 48 גלילים,קימברלי קלארק ישראל שיווק בעמ,,,"י""ח",2770,ל גרם,false,1,41.90,1.51,false,1,
7290000267050,false,שקדים טבעיים טחונים השף 100 גרם,דין שיווק וקליה 2021 בעמ,,,"י""ח",100,ל גרם,false,1,12.80,12.80,true,1,
7290000272696,false,מיץ לימון טבעי משומר 1 ליטר עסיס כלפ,קבוצת אוסם סחר שותפות מוגבלת,,,"י""ח",1,ליטר,false,1,9.90,9.90,false,1,
7290000272726,false,חומץ רכיבים רכיבים טבעיים 5% עסיס 1 ליטר,קבוצת אוסם סחר שותפות מוגבלת,,,"י""ח",1,ליטר,false,1,6.50,6.50,false,1,
7290000286228,false,ספוגיות לניקוי כללי סנו סושי 6 יחידות,החברה הדרומית לשיווק בעמ,,,"י""ח",6,"י""ח",false,1,10.90,1.82,false,1,
7290000286297,false,"אנטי קאלק מסיר אבנית מקומקום סנו 700 מ""ל",החברה הדרומית לשיווק בעמ,,,"י""ח",700,"ל מ""ל",false,1,10.90,1.56,false,1,
7290000286549,false,מטליות לניקוי כללי סנו סושי 9 יחידות,החברה הדרומית לשיווק בעמ,,,"י""ח",9,"י""ח",false,1,10.90,1.21,false,1,
7290000286594,false,אבקה לניקוי במיכל לימון X סנו 600 גרם,החברה הדרומית לשיווק בעמ,,,"י""ח",600,ל גרם,false,1,8.90,1.48,false,1,
7290000286761,false,ניילון נצמד סנו סושי פלסטיק מארז 30X2 מ',החברה הדרומית לשיווק בעמ,,,"י""ח",1,,false,1,10.90,10.90,false,1,
7290000286921,false,סנוקל רסס וכבס תרסיס אקדח 750 מ``ל,החברה הדרומית לשיווק בעמ,,,"י""ח",600,"ל מ""ל",false,1,9.90,1.65,false,1,
7290000287102,false,סנו שטיחים קצף לניקוי שטיחים 600 סמק,החברה הדרומית לשיווק בעמ,,,"י""ח",600,"ל מ""ל",false,1,17.90,2.98,false,1,
7290000287485,false,"שלישיית סנובון לובר לאסלה ""סנו""",החברה הדרומית לשיווק בעמ,,,"י""ח",165,ל גרם,false,1,11.90,7.21,false,1,
7290000287621,false,"אנטי קאלק נוזל לניקוי אסלות סנו 750 מ""ל",החברה הדרומית לשיווק בעמ,,,"י""ח",750,"ל מ""ל",false,1,9.90,1.32,true,1,
7290000288017,false,אקונומיקה בריח לימון סנו ז'אוול 1 ליטר,החברה הדרומית לשיווק בעמ,,,"י""ח",1,ליטר,false,1,8.90,8.90,false,1,
7290000288024,false,סנו - ז'אוול אקונומיקה בריח לימון 4 ליטר,החברה הדרומית לשיווק בעמ,,,"י""ח",4,ליטר,false,1,16.90,4.23,false,1,
7290000288031,false,"אקונומיקה תו תקן 4 ליטר ""סנו""",החברה הדרומית לשיווק בעמ,,,"י""ח",4,ליטר,false,1,10.90,2.73,false,1,
7290000288048,false,ז`אוול מרסס לניקוי כללי לבנדר סנו (1 ליט,החברה הדרומית לשיווק בעמ,,,"י""ח",1,ליטר,false,1,18.90,18.90,false,1,
7290000288079,false,סנו - ז'אוול אקונומיקה לימון 2 ליטר,החברה הדרומית לשיווק בעמ,,,"י""ח",2,ליטר,false,1,11.90,5.95,false,1,
7290000288086,false,אבקת ניקוי עם אקונומיקה בריח לימון סנו ז'אוול 600 ג',החברה הדרומית לשיווק בעמ,,,"י""ח",600,ל גרם,false,1,9.90,1.65,false,1,
7290000288253,false,"קוטל חרקים מעופפים K-400 סנו 630 מ""ל",החברה הדרומית לשיווק בעמ,,,"י""ח",630,"ל מ""ל",false,1,25.40,4.03,false,1,
7290000288352,false,"קוטל חרקים וזוחלים K-300 סנו 630 מ""ל",החברה הדרומית לשיווק בעמ,,,"י""ח",630,"ל מ""ל",false,1,17.90,2.84,false,1,
7290000288390,false,קוטל זבובים יתושים קיי 600 סנו (500 מל),החברה הדרומית לשיווק בעמ,,,"י""ח",475,"ל מ""ל",false,1,19.90,4.19,false,1,
7290000288642,false,מקסימה מרכך כביסה סנסיטיב בייבי סנו 4 ליטר,החברה הדרומית לשיווק בעמ,,,"י""ח",4,ליטר,false,1,21.90,5.48,false,1,
7290000289069,false,סנו - ז'אוול מרסס קצף ניקוי בתוספת אקונומיקה בריח לימון 1 ליטר,החברה הדרומית לשיווק בעמ,,,"י""ח",1,ליטר,false,1,18.90,18.90,false,1,
7290000289472,false,סנו סושי רב שקית שקיות אשפה90*76 50י,החברה הדרומית לשיווק בעמ,,,"י""ח",1,,false,1,18.90,18.90,false,1,
7290000289595,false,"אורביטול משחת שיניים לילדים בטעם תות שדה 145 מ""ל",טרופיקל דגיל תעשיות קוסמ,,,"י""ח",145,ל גרם,false,1,6.90,4.76,false,1,
7290000289748,false,"מסיר שומנים לתנורים פורטה פלוס סנו 750 מ""ל",החברה הדרומית לשיווק בעמ,,,"י""ח",750,"ל מ""ל",false,1,14.90,1.99,false,1,
7290000289885,false,"מטהר אוויר ענק אושנבריז סנו פרש 375 מ""ל",החברה הדרומית לשיווק בעמ,,,"י""ח",375,"ל מ""ל",false,1,10.90,2.91,false,1,
7290000289892,false,"סנו פרש ענק מאונטן טורקיז 375 מ""ל",החברה הדרומית לשיווק בעמ,,,"י""ח",375,"ל מ""ל",false,1,9.90,2.64,false,1,
7290000291857,false,פוליויקס נוזל רצפות בניחוח גולדן סאנרייז סנו 2 ליטר,החברה הדרומית לשיווק בעמ,,,"י""ח",2,ליטר,false,1,20.90,10.45,true,1,
7290000291956,false,סנו אקונומיקה מונבלאן 1 ל,החברה הדרומית לשיווק בעמ,,,"י""ח",1,ליטר,false,1,8,8,false,1,
7290000291963,false,אקונומיקה סמיכה בריח לימון סנו ז'אוול 1 ליטר,החברה הדרומית לשיווק בעמ,,,"י""ח",1,ליטר,false,1,8.90,8.90,false,1,
7290000292311,false,פוליויקס נוזל רצפות בניחוח סחלבים סנו 2 ליטר,החברה הדרומית לשיווק בעמ,,,"י""ח",200,"ל מ""ל",false,1,19.90,9.95,true,1,
7290000292564,false,סנו K-2000 תרסיס מיקרו קפסולרי ללא ריח 750 מ”ל,החברה הדרומית לשיווק בעמ,,,"י""ח",750,"ל מ""ל",false,1,28.90,3.85,false,1,
7290000292687,false,סנובון מוצק לניקוי אסלה קלאסיק כחול סנו 3 יחידות,החברה הדרומית לשיווק בעמ,,,"י""ח",165,ל גרם,false,1,14.90,9.03,true,1,
7290000292915,false,רסס ונגב לניקוי כללי תרסיס סנו (750 מל),החברה הדרומית לשיווק בעמ,,,"י""ח",600,"ל מ""ל",false,1,12.90,2.15,false,1,
7290000293073,false,מקסימה מרכך כביסה ביו לבן סנו 4 ליטר,החברה הדרומית לשיווק בעמ,,,"י""ח",4,ליטר,false,1,21.90,5.48,false,1,
7290000293943,false,"מרסס לבן מסיר אבנית 1 ליטר אנטי קאלק ""סנו""",החברה הדרומית לשיווק בעמ,,,"י""ח",1,ליטר,false,1,18.90,18.90,false,1,
7290000294391,false,נוזל לניקוי כללי בניחוח סחלבים סנו ג'ט 4 ליטר,החברה הדרומית לשיווק בעמ,,,"י""ח",4,ליטר,false,1,14.90,3.73,false,1,
7290000294773,false,אקונומיקה בריח לבנדר סנו ז'אוול 4 ליטר,החברה הדרומית לשיווק בעמ,,,"י""ח",4,ליטר,false,1,16.90,4.23,false,1,
7290000294780,false,אקונומיקה סמיכה בריח לימון סנו ז'אוול 4 ליטר,החברה הדרומית לשיווק בעמ,,,"י""ח",4,ליטר,false,1,16.90,4.23,false,1,
7290000295121,false,מטליות זיגזג סנו סושי לניקוי רצפות 3יח',החברה הדרומית לשיווק בעמ,,,"י""ח",1,,false,1,10.90,10.90,false,1,
7290000295404,false,שקיות אשפה עם שרוך 54 * 65 סנו סושי 60 יחידות,החברה הדרומית לשיווק בעמ,,,"י""ח",1,"י""ח",false,1,22.90,22.90,false,1,
7290000295503,false,זוג שקיות מזון טבע 19*25 סנו סושי 150 יחידות,החברה הדרומית לשיווק בעמ,,,"י""ח",1,,false,1,15.90,15.90,false,1,
7290000295541,false,סנו סושי רב מגבת ג`מבו 75 יחידות,החברה הדרומית לשיווק בעמ,,,"י""ח",390,ל גרם,false,1,24.90,6.38,false,1,
7290000295558,false,"רדיד אלומיניום רוחב 30 ס""מ סנו סושי 2 יח' 7.5 מטר",החברה הדרומית לשיווק בעמ,,,"י""ח",1,,false,1,10.90,10.90,false,1,
7290000295565,false,"רדיד אלומיניום רוחב 45 ס""מ סנו 2 יח' 7.5 מטר",החברה הדרומית לשיווק בעמ,,,"י""ח",1,,false,1,18.90,18.90,false,1,
7290000295794,false,ספוגיות מתכת אל חלד לניקוי סנו 3 יחידות,החברה הדרומית לשיווק בעמ,,,"י""ח",1,,false,1,10.90,10.90,false,1,
7290000295824,false,"רדיד אלומיניום 30 ס""מ רוחב סנו סושי 100 מטר",החברה הדרומית לשיווק בעמ,,,"י""ח",1,,false,1,54.90,54.90,false,1,
7290000300900,false,שניצל תירס מרכיבים טבעיים טבעול 750 גרם,קבוצת אוסם סחר שותפות מוגבלת,,,"י""ח",750,ל גרם,false,1,37.90,5.05,true,1,
7290000303581,false,פול מצרי פרי הגליל 560 גרם,ויטה -פרי גליל (החדשה) בעמ,,,"י""ח",560,ל גרם,false,1,7.90,1.41,true,1,
7290000303598,false,שעועית לבנה ברוטב עגבניות פרי הגליל 570 גרם,ויטה -פרי גליל (החדשה) בעמ,,,"י""ח",550,ל גרם,false,1,7.90,1.44,true,1,
7290000307015,false,אפונת גינה בינונית פרי הגליל 550 גרם,ויטה פרי גליל (החדשה) בע`מ,,,"י""ח",600,ל גרם,false,1,7.90,1.32,true,1,
7290000307046,false,אפונת גינה וגזר פרי הגליל 550 גרם,ויטה -פרי גליל (החדשה) בעמ,,,"י""ח",550,ל גרם,false,1,7.90,1.44,true,1,
7290000307220,false,גרעיני תירס מתוק בואקום פרי הגליל 285 גרם,ויטה- פרי גליל (החדשה) בעמ,,,"י""ח",450,ל גרם,false,1,5.90,1.31,false,1,
7290000307237,false,גרעיני תירס מתוק פרי הגליל 550 גרם,ויטה פרי גליל (החדשה) בע`מ,,,"י""ח",540,ל גרם,false,1,7.90,1.46,true,1,
7290000311128,false,עוגיות מובחרות בטעם חמאה מן (300 גרם),רוקחמן בעמ מפעל לייצור ופלים ו,,,"י""ח",300,ל גרם,false,1,6.90,2.30,false,1,
7290000311135,false,מן עוגיות סטיקס בטעם שוקולד 300 גרם*,ח.כהן סוכנות מזון ומשקאות בע,,,"י""ח",300,ל גרם,false,1,6.90,2.30,false,1,
7290000311180,false,ופל ופליתעשיריות מן 250 גרם מארז 10 יחידות,ח.כהן סוכנות מזון ומשקאות בע,,,"י""ח",250,ל גרם,false,1,7.90,3.16,false,1,
7290000311203,false,"וופלים בטעם שוקולד ""מן"" 200 גרם",רוקחמן בעמ מפעל לייצור ופלים ו,,,"י""ח",200,ל גרם,false,1,4.90,2.45,false,1,
7290000311210,false,"וופלים בטעם לימון ""מן"" 200 גרם",רוקחמן בעמ מפעל לייצור ופלים ו,,,"י""ח",200,ל גרם,false,1,4.90,2.45,false,1,
7290000311227,false,"וופלים במילוי קרם קפה ""מן"" 200 גרם",ח.כהן סוכנות מזון ומשקאות בע,,,"י""ח",200,ל גרם,false,1,4.90,2.45,false,1,
7290000311234,false,וופל מן בטעם וניל 200 גרם,ח.כהן סוכנות מזון ומשקאות בע,,,"י""ח",200,ל גרם,false,1,4.90,2.45,false,1,
7290000311319,false,"מן וופלים מצופים 10 יח' 1 ק""ג",רוקחמן בעמ מפעל לייצור ופלים ו,,,"י""ח",1,"ק""ג",false,1,24.90,24.90,false,1,
7290000311357,false,מן וופלים בטעם אגוזים 10*28 גר-נ.ל.פ,ח.כהן סוכנות מזון ומשקאות בע,,,"י""ח",280,ל גרם,false,1,11.90,4.25,false,1,
7290000311500,false,וופלים מן שוקו ללא כולסטרול 500 גרם,רוקחמן בעמ מפעל לייצור ופלים ו,,,"י""ח",500,ל גרם,false,1,9.90,1.98,false,1,
7290000311708,false,מן עוגיות מחיטה מלאה 300 גרם*נ.ל.פ,רוקחמן בעמ מפעל לייצור ופלים ו,,,"י""ח",300,ל גרם,false,1,6.90,2.30,false,1,
7290000311715,false,מן עוגיות כוכבים בטעם שוקולד 300 גרם*נ.ל.פ,רוקחמן בעמ מפעל לייצור ופלים ו,,,"י""ח",300,ל גרם,false,1,6.90,2.30,false,1,
7290000311722,false,מן עוגיות כוכבים וניל 300 גרם,רוקחמן בעמ מפעל לייצור ופלים ו,,,"י""ח",300,ל גרם,false,1,6.90,2.30,false,1,
7290000313160,false,זהבה ושלושת הדובים עוגיות בטעם שוקולד אסם 350 גרם,קבוצת אוסם סחר שותפות מוגבלת,,,"י""ח",250,ל גרם,false,1,8.60,3.44,false,1,
7290000313184,false,עוגיות חברים גן חיות וניל אסם 250 גר',קבוצת אוסם סחר שותפות מוגבלת,,,"י""ח",250,ל גרם,false,1,8.60,3.44,false,1,
7290000313290,false,אסם נודלס נודלס איטריות מסולסלות 200גר,קבוצת אוסם סחר שותפות מוגבלת,,,"י""ח",200,ל גרם,false,1,9.90,4.95,false,1,
7290000318127,false,נקניקיות ביס יחיעם (380 גרם),מעדני יחיעם (1993) בעמ,,,"י""ח",380,ל גרם,false,1,11.90,3.13,false,1,
7290000318677,false,נקניק סלמי סרוולט יחיעם 150 גרם,מעדני יחיעם (1993) בעמ,,,"י""ח",150,ל גרם,false,1,22.90,15.27,false,1,
7290000318738,false,נקניק עוף אריזה אדומה 450 ג' יחיעם,מעדני יחיעם (1993) בעמ,,,"י""ח",450,ל גרם,false,1,11.90,2.64,false,1,
7290000319124,false,סלמי סרוולט מאפ יחיעם 250 גרם,מעדני יחיעם ( 1993 ) בע`מ,,,"י""ח",250,ל גרם,false,1,33.90,13.56,false,1,
7290000319131,false,נקניקיות עוף יחיעם 400 גרם,מעדני יחיעם (1993) בעמ,,,"י""ח",400,ל גרם,false,1,11.90,2.98,true,1,
7290000334684,false,תפוגן טבעות בצל לתנור 700 גרם,קבוצת אוסם סחר שותפות מוגבלת,,,"י""ח",700,ל גרם,false,1,17.90,2.56,false,1,
7290000339191,false,רן אבקת הלבנה לכביסה 350 גרם,יוניליוור ישראל שיווק בע`מ,,,"י""ח",350,ל גרם,false,1,17.90,5.11,false,1,
7290000339566,false,מרכך כביסה ורוד בדין (4 ליטר),יוניליוור ישראל שיווק בע`מ,,,"י""ח",4,ליטר,false,1,19.90,4.98,false,1,
7290000339849,false,משחת קלין להדחת כלים ולניקיון כללי בניחוח סמדר,יוניליוור ישראל שיווק בע`מ,,,"י""ח",3.50,"ק""ג",false,1,26.90,7.69,false,1,
7290000339887,false,"משחת כלים סיף קלין לימון 5 3 ק""ג",יוניליוור ישראל שיווק בע`מ,,,"י""ח",3.50,"ק""ג",false,1,26.90,7.69,false,1,
7290000341071,false,בדין - מרכך כביסה בייבי לבן 2 ליטר,"יוניליוור ישראל שיווק בע""מ",,,"י""ח",2,ליטר,false,1,14.90,7.45,false,1,
7290000342832,false,מרכך כביסה צהוב בדין (4 ליטר),"יוניליוור ישראל שיווק בע""מ",,,"י""ח",4,ליטר,false,1,19.90,4.98,false,1,
7290000342856,false,מרכך כביסה כחול בדין (4 ליטר),"יוניליוור ישראל שיווק בע""מ",,,"י""ח",4,ליטר,false,1,19.90,4.98,false,1,
7290000345116,false,תה ירוק עלים ויסוצקי (125 גרם),תה ויסוצקי (ישראל) בעמ,,,"י""ח",125,ל גרם,false,1,14.90,11.92,false,1,
7290000345260,false,תה קלאסיק מעטפות ויסוצקי 25 יחידות,תה ויסוצקי (ישראל) בעמ,,,"י""ח",37.50,ל גרם,false,1,6.90,18.40,false,1,
7290000345284,false,תה ויסוצקי קלאסי אריזה ירוקה מרובעת (100 שקיקים),תה ויסוצקי (ישראל) בעמ,,,"י""ח",150,ל גרם,false,1,17.90,11.93,false,1,
7290000345291,false,תה ארל גרי 1.5/ 25 שקיקים ויסוצקי,תה ויסוצקי (ישראל) בעמ,,,"י""ח",37.50,ל גרם,false,1,15.90,42.40,true,1,
7290000346021,false,חליטת קמומיל הגן הקסום ויסוצקי 50 יחידות,תה ויסוצקי (ישראל) בעמ,,,"י""ח",75,ל גרם,false,1,33.70,44.93,false,1,
7290000346120,false,חליטת קינמון הגן הקסום ויסוצקי 25 יחידות,תה ויסוצקי (ישראל) בעמ,,,"י""ח",62.50,ל גרם,false,1,17.90,28.64,true,1,
7290000346199,false,חליטת פירות יער הגן הקסום ויסוצקי 25 יחידות,תה ויסוצקי (ישראל) בעמ,,,"י""ח",67.50,ל גרם,false,1,17.90,26.52,true,1,
7290000346205,false,חליטת קמומיל הגן הקסום ויסוצקי 25 יחידות,תה ויסוצקי (ישראל) בעמ,,,"י""ח",37.50,ל גרם,false,1,17.90,47.73,true,1,
7290000346960,false,תה ויסוצקי נענע 1.7 גרם 50יח',תה ויסוצקי (ישראל) בעמ,,,"י""ח",75,ל גרם,false,1,29.90,39.87,false,1,
7290000347738,false,תה ירוק בתוספת עלי נענע 25 שקיקים,תה ויסוצקי (ישראל) בעמ,,,"י""ח",25,"י""ח",false,1,24.90,1,true,1,
7290000347752,false,תה ירוק לימונית ולואיזה 25 שקיקים *1.5 ג'' ויסוצקי,תה ויסוצקי (ישראל) בעמ,,,"י""ח",37.50,ל גרם,false,1,24.90,66.40,true,1,
7290000355412,false,עגבניות מרוסקות A2.5 ושום טל וטרי 800 גר',ויטה- פרי גליל (החדשה) בעמ,,,"י""ח",800,ל גרם,false,1,7.90,0.99,true,1,
7290000355481,false,רסק עגבניות BX22 טומטו 600ג' A2,ויטה- פרי גליל (החדשה) בעמ,,,"י""ח",600,ל גרם,false,1,5.90,0.98,false,1,
7290000355498,false,רוטב עגבניות A2 BX28 טומטו 580ג',ויטה- פרי גליל (החדשה) בעמ,,,"י""ח",600,ל גרם,false,1,6.90,1.15,false,1,
7290000355757,false,עגבניות מרוסקות טריות טל 800 גרם,ויטה -פרי גליל (החדשה) בעמ,,,"י""ח",800,ל גרם,false,1,7.90,0.99,true,1,
7290000367590,false,פסטרמה כפרית וסלמי פריזר כפרי טירת צבי 2*400 גרם,תנובה מרכז שיתופי לשיווק תוצרת,,,"י""ח",8,"י""ח",false,1,24.90,3.11,false,1,
7290000377209,false,בוטנים מטוגנים קליית גת (200 גרם),ליימן שליסל בעמ,,,"י""ח",200,ל גרם,false,1,6.90,3.45,false,1,
7290000377445,false,נש צ'אנס קליית גת 200 גרם,ליימן שליסל בעמ,,,"י""ח",200,ל גרם,false,1,8.90,4.45,true,1,
7290000377452,false,גרעיני אבטיח קלויים ומלוחים קלית גת 200,הדקלאים אגודת שיתופי,,,"י""ח",200,ל גרם,false,1,11.90,5.95,false,1,
7290000379000,false,חלה רגילה/קלועה חדשה 650 גרם *.,שלמה א.אנג ל בעמ,,,"י""ח",650,ל גרם,false,1,6.60,1.02,false,1,
7290000408316,false,יוגורט דנונה דל לקטוז 200 גרם,שטראוס גרופ בעמ/מצונן,,,"י""ח",200,"ל מ""ל",false,1,3.30,1.65,true,1,
7290000408354,false,יוגורט עם אורז מצופה שוקולד קקאו 175 ג' דנונה,שטראוס גרופ בעמ/מצונן,,,"י""ח",175,"ל מ""ל",false,1,4.30,2.46,true,1,
7290000412481,false,נוזל לניקוי אסלות 00 סנו (1 ליטר),החברה הדרומית לשיווק בעמ,,,"י""ח",1,ליטר,false,1,6.90,6.90,false,1,
7290000416021,false,ממרח בטעם שוקולד השחר העולה (500 גרם),השחר העולה תעשית ממתקים בעמ,,,"י""ח",500,ל גרם,false,1,13.90,2.78,false,1,
7290000416045,false,ממרח בטעם שוקולד השחר העולה (1 קג),השחר העולה תעשית ממתקים בעמ,,,"י""ח",1,"ק""ג",false,1,23.90,23.90,false,1,
7290000416618,false,"ממרח שוקולד פרווה השחר 400 גרם כשל""פ",השחר העולה תעשית ממתקים בעמ,,,"י""ח",400,ל גרם,false,1,11.90,2.98,false,1,
7290000416632,false,"ממרח שוקולד פרווה השחר 1 ק""ג כשל""פ",השחר העולה תעשית ממתקים בעמ,,,"י""ח",1,מטר,false,1,22.80,22.80,false,1,
7290000418131,false,תחבושות טופ פד מקופלת 18 יח',מוצרי נייר עמיר,,,"י""ח",1,,false,1,7.50,7.50,true,1,
7290000419220,false,לנדוור כחול המקורי קפה טחון טורקי 3*100 גרם 16 יח',ש.שסטוביץ בעמ,,,"י""ח",300,ל גרם,false,1,18.90,6.30,false,1,
7290000420325,false,"פופסטאר פופקורן למקירוגל בטעם טבעי 5 שקיות,500 גרם","דנשר (1963) בע,מ",,,"י""ח",500,ל גרם,false,1,13.80,2.76,true,1,
7290000420332,false,פופסטאר פופקורן למיקרוגל בטעם חמאה 5 יחידות 500 גרם,"דנשר (1963) בע,מ",,,"י""ח",500,ל גרם,false,1,13.80,2.76,true,1,
7290000430102,false,קוביות קרח בשקית מיסטר אייס 2 קילו,אייס קיובס בעמ מיסטר אייס,,,"י""ח",2,"ק""ג",false,1,12,6,false,1,
7290000432120,false,נרות חנוכה רגיל 44 יח,פאלאס תעשיות נטו (2014) בעמ,,,"י""ח",1,,false,1,3.90,3.90,false,1,
7290000432205,false,נר נשמה פלסטיק 48 שע,פאלאס תעשיות נטו (2014) בעמ,,,"י""ח",1,,false,1,5.90,5.90,false,1,
7290000432212,false,נרות שבת אקסטרא 72 י,פאלאס תעשיות נטו (2014) בעמ,,,"י""ח",1,,false,1,41.90,41.90,false,1,
7290000432335,false,נר זכרון בכוס פאלאס,פאלאס תעשיות נטו (2014) בעמ,,,"י""ח",1,,false,1,7.50,7.50,false,1,
7290000432359,false,נר זכרון לשבוע נר ציון,פאלאס תעשיות נטו (2014) בעמ,,,"י""ח",1,,false,1,12.90,12.90,false,1,
7290000432489,false,נרות חנוכה מיוחד 45,פאלאס תעשיות נטו (2014) בעמ,,,"י""ח",1,,false,1,7.90,7.90,false,1,
7290000432632,false,נרות שבת מס 4 180 גר,פאלאס תעשיות נטו (2014) בעמ,,,"י""ח",1,,false,1,4.80,4.80,false,1,
7290000432649,false,נרות שבת 6 יחידות,פאלאס תעשיות נטו (2014) בעמ,,,"י""ח",140,ל גרם,false,1,4.80,3.43,false,1,
7290000432656,false,נרות שבת 8 יחידות,פאלאס תעשיות נטו (2014) בעמ,,,"י""ח",180,ל גרם,false,1,4.80,2.67,false,1,
7290000432663,false,נרות חימום 10 קוד,פאלאס תעשיות נטו (2014) בעמ,,,"י""ח",180,ל גרם,false,1,4.80,2.67,false,1,
7290000432670,false,נרות שבת 12 יח 180 גר,פאלאס תעשיות נטו (2014) בעמ,,,"י""ח",180,ל גרם,false,1,4.80,2.67,false,1,
7290000432687,false,נרות שבת מס' 16 ציון,פאלאס תעשיות נטו (2014) בעמ,,,"י""ח",1,,false,1,4.80,4.80,false,1,
7290000432694,false,נרות 20 180 גרם,פאלאס תעשיות נטו (2014) בעמ,,,"י""ח",1,,false,1,4.80,4.80,false,1,
7290000432922,false,נריות בפלסטיק 5 שעות 72 יח,פאלאס תעשיות נטו (2014) בעמ,,,"י""ח",1,,false,1,31.90,31.90,false,1,
7290000436203,false,עוגיות שוקו ציפ'ס בר-מן 200 גרם,ח.כהן סוכנות מזון ומשקאות בע,,,"י""ח",200,ל גרם,false,1,5.90,2.95,false,1,
7290000446127,false,פירכיות אורז ללא מלח בטר אנד דיפרנט 100 גרם,בטר אנד דיפרנט בעמ,,,"י""ח",1,,false,1,4.50,4.50,false,1,
7290000446325,false,תרכיז תפוחים בטר אנד דיפרנט 1.2 ליטר,"בטר אנד דיפרנט בע""מ",,,"י""ח",1.20,ליטר,false,1,47.90,39.92,false,1,
7290000446523,false,ממרח בוטנים מתוק בטר אנד דיפרנט 350 גרם,בטר אנד דיפרנט בעמ,,,"י""ח",350,ל גרם,false,1,13.90,3.97,false,1,
7290000446530,false,"ממרח בוטנים מתוק בטר אנד דיפרנט 1 ק""ג",בטר אנד דיפרנט בעמ,,,"י""ח",1,"ק""ג",false,1,29.90,29.90,false,1,
7290000446547,false,חמאת בוטנים טבעית בטר אנד דיפרנט 350 גרם,"בטר אנד דיפרנט בע""מ",,,"י""ח",350,ל גרם,false,1,13.90,3.97,false,1,
7290000446554,false,"חמאת בוטנים טבעית בטר אנד דיפרנט 1 ק""ג",בטר אנד דיפרנט בעמ,,,"י""ח",510,ל גרם,false,1,29.90,5.86,false,1,
7290000446936,false,ציפוי עדיף מפתיתי קורנפלקס טחון דק בטר אנד דיפרנט 300 גרם,בטר אנד דיפרנט בעמ,,,"י""ח",300,ל גרם,false,1,10.90,3.63,false,1,
7290000446943,false,פריכיות אורז כוסמת 100ג' בי&די,בטר אנד דיפרנט בעמ,,,"י""ח",1,,false,1,4.50,4.50,false,1,
7290000449128,false,סיף פנטסטיק לימון ניקוי רב תכליתי 4ל',יוניליוור ישראל שיווק בע`מ,,,"י""ח",4,ליטר,false,1,19.90,4.98,false,1,
7290000450209,false,נתחי טונה בהירה בשמן פוסידון (108 גרם),"מיוצר עי וליגר בעמ,",,,"י""ח",110,ל גרם,false,1,6,5.45,false,1,
7290000453125,false,שמרית שמרים טריים לאפיה +משפר אפיה 100ג,שטראוס גרופ בעמ/מצונן,,,"י""ח",100,ל גרם,false,1,7.50,7.50,true,1,
7290000461625,false,בייגלה שמיניות מלח בייגל בייגל 400 ג',יוניליוור ישראל שיווק בע`מ,,,"י""ח",400,ל גרם,false,1,9.90,2.48,true,1,
7290000461656,false,בייגלה מקלות מלוחים בייגל בייגל 400 גרם,"יוניליוור ישראל שיווק בע""מ",,,"י""ח",400,ל גרם,false,1,9.90,2.48,true,1,
7290000461700,false,בייגלה שמיניות גדולות מלוחות 400 גרם,יוניליוור ישראל שיווק בע`מ,,,"י""ח",400,ל גרם,false,1,11.90,2.98,false,1,
7290000461724,false,בייגלה שמיניות גדולות שומשום בייגל בייגל,"יוניליוור ישראל שיווק בע""מ",,,"י""ח",400,ל גרם,false,1,11.90,2.98,false,1,
7290000461793,false,בייגלה ארוך ארוך סידרה ירוקה בייגל בייגל 150 גרם,יוניליוור ישראל שיווק בע`מ,,,"י""ח",150,ל גרם,false,1,5.90,3.93,false,1,
7290000462103,false,סחוג תימני אדום חריף עדין זהבי הכרם 150 גרם,שטראוס גרופ בעמ/מצונן,,,"י""ח",150,ל גרם,false,1,7.90,5.27,true,1,
7290000462172,false,סחוג זחוק ירוק תימני חריף זהבי (150 גרם),שטראוס גרופ בעמ/מצונן,,,"י""ח",150,ל גרם,false,1,7.90,5.27,true,1,
7290000474090,false,"חלב בקרטון 1%- 1 ליטר בד""צ - מוצר בפיקוח",*החברה המרכזית להפצת משקאותבעמ,,,"י""ח",1,ליטר,false,1,5.86,5.86,false,1,
7290000474502,false,גבינה לבנה טרה 5% מרכיבים טבעיים,*החברה המרכזית להפצת משקאותבעמ,,,"י""ח",250,ל גרם,false,1,4.98,1.99,false,1,
7290000474540,false,גבינה טוב טעם 3% טרה 250ג' מהדרין,החברה המרכזית טלהפצת משקאות בע,,,"י""ח",250,ל גרם,false,1,11.50,4.60,true,1,
7290000474830,false,נעם גבינה צהובה מגורדת 28% טרה 500 גרם,*החברה המרכזית להפצת משקאותבעמ,,,"י""ח",500,ל גרם,false,1,32.90,6.58,true,1,
7290000480442,false,קוואקר שיבולת שועל בשקית 500 גרם,שטראוס פריטו ליי בע`מ,,,"י""ח",500,ל גרם,false,1,11.90,2.38,true,1,
7290000482019,false,שקיות לצליה קוקי 10 יחידות,"ש. שסטוביץ בע""מ",,,"י""ח",1,,false,1,9.90,9.90,true,1,
7290000484747,false,"ארק עלית 700 מ""ל 40% יקב הגליל*",יקב הגליל יוסף גולד ובניו,,,"י""ח",700,"ל מ""ל",false,1,55.90,7.94,false,1,
7290000493176,false,אסם אבקת רוטב צלי לבשר 22 ג',קבוצת אוסם סחר שותפות מוגבלת,,,"י""ח",22,ל גרם,false,1,4.90,22.27,false,1,
7290000493183,false,אבקת רוטב פטריות לבשר-30 גרם,קבוצת אוסם סחר שותפות מוגבלת,,,"י""ח",30,ל גרם,false,1,4.90,16.33,false,1,
7290000497044,false,לחם אקטיב ברמן (750 גרם),מאפית י את א ברמן בע,,,"י""ח",1,,false,1,15.90,15.90,false,1,
7290000497112,false,"לחם כהה פרוס וארוז ""ברמן""-מוצר בפיקוח",מאפית י את א ברמן בע,,,"י""ח",750,ל גרם,false,1,6.90,0.92,false,1,
7290000497204,false,פיתות בשקית חמישיה. ברמן,מאפית י את א ברמן בע,,,"י""ח",500,ל גרם,false,1,7.90,1.58,true,1,
7290000497273,false,לחמניות אקטיב ברמן שישייה 450 גרם,מאפית י את א ברמן בע,,,"י""ח",1,,false,1,13.90,13.90,false,1,
7290000497303,false,"שישיית לחמניות מקמח מלא ""ברמן""",מאפית י את א ברמן בע,,,"י""ח",540,ל גרם,false,1,12.90,2.39,false,1,
7290000497426,false,לחם ברמן לענין פלוס 500 גרם,מאפית י את א ברמן בע,,,"י""ח",750,ל גרם,false,1,13.90,1.85,false,1,
7290000497532,false,לחם ברמן לעניין פרוס ברמן (750 גרם),מאפית י את א ברמן בע,,,"י""ח",750,ל גרם,false,1,13.90,1.85,false,1,
7290000497570,false,לחם דגנים פלוס ברמן 500 גרם,מאפית י את א ברמן בע,,,"י""ח",750,ל גרם,false,1,15.90,2.12,false,1,
7290000498003,false,לחם מקמח מלא 750 גר`E FREE ברמן,מאפית י את א ברמן בע,,,"י""ח",1,,false,1,15.90,15.90,false,1,
7290000498256,false,מארז 10 לחמניות בשקית ברמן,מאפית י את א ברמן בע,,,"י""ח",1,,false,1,12.90,12.90,false,1,
7290000504025,false,ממתיק סוכרזית פטרייה עלית 300 גרם,אף.סי תבליני בגליל ב,,,"י""ח",246,ל גרם,false,1,8.20,3.33,true,1,
7290000504049,false,סוכרזית קלאסי קנקן 1200 טבליות,אף.סי תבליני בגליל ב,,,"י""ח",984,ל גרם,false,1,23.90,2.43,true,1,
7290000518152,false,ממתיק זהב מתוק וקל 50 שקיות,מתוק וקל בע`מ,,,"י""ח",50,"י""ח",false,1,6,0.12,false,1,
7290000518176,false,ממתיק מתוק וקל 250 שקיות,מתוק וקל בע`מ,,,"י""ח",2.50,"י""ח",false,1,16.90,6.76,false,1,
7290000521404,false,"יין מרום גליל קברנה סוביניון סינגל 750 מ""ל",תאי פרזידנט פוד פאבל,,,"י""ח",750,"ל מ""ל",false,1,34.90,4.61,true,1,
7290000521411,false,יין מרום גליל סינגל מרלו 750 מל,תאי פרזידנט פוד פאבל,,,"י""ח",750,"ל מ""ל",false,1,34.90,4.61,true,1,
7290000523125,false,מלח הארץ הים האדום 250 ג' עדין,"חברת מלח הארץ אילת בע""\מ",,,"י""ח",250,ל גרם,false,1,5.40,2.16,false,1,
7290000523224,false,מלח הארץ הים האדום 500 ג' עדין,"חברת מלח הארץ אילת בע""\מ",,,"י""ח",500,ל גרם,false,1,7.90,1.58,false,1,
7290000523521,false,מלח ים מלח הארץ 250 גרם מועשר ביוד,חברת מלח הארץ אילת ב,,,"י""ח",200,ל גרם,false,1,5.90,2.95,false,1,
7290000525969,false,מיץ תפוזים סחוט רכיבים טבעיים פרימור 1 ליטר,שטראוס גרופ בעמ/מצונן,,,"י""ח",1,ליטר,false,1,15.90,15.90,true,1,
7290000530109,false,קבנוס זוגי בואקום זוגלובק 180ג',נקניק נהריה כשר זוגל,,,"י""ח",400,ל גרם,false,1,24.90,6.23,true,1,
7290000530413,false,המבורגר זהב זוגלובק 400 גרם,נקניק נהריה כשר זוגל,,,"י""ח",400,ל גרם,false,1,21.90,5.48,true,1,
7290000530468,false,"נקניקיות וינר זוגלובק 1 ק""ג",זוגלובק שיווק בעמ,,,"י""ח",1,"ק""ג",false,1,27.90,27.90,true,1,
7290000530598,false,נקניקיות עוף וינר זוגלובק 500 גרם,נקניק נהריה כשר זוגל,,,"י""ח",500,ל גרם,false,1,15.80,3.16,true,1,
7290000530703,false,פסטרמה חרמון כפרית ונקניק תה מעושן זוגלובק 2*400 גרם,נקניק נהריה כשר זוגל,,,"י""ח",800,ל גרם,false,1,26.90,3.36,true,1,
7290000531601,false,סטייק בורגר בקר זהב 400 גרם קפוא,נקניק נהריה כשר זוגל,,,"י""ח",400,ל גרם,false,1,21.90,5.48,true,1,
7290000531977,false,בורקס במילוי גבינה זוגלובק 800 גרם,נקניק נהריה כשר זוגל,,,"י""ח",800,ל גרם,false,1,18.90,2.36,true,1,
7290000533353,false,"בצק עלים מרודד זוגלובק 1 ק""ג",מאפיית אריאל וגידרון,,,"י""ח",1,"ק""ג",false,1,15.90,15.90,true,1,
7290000536316,false,שניצל מן הצומח זוגלובק (1 קג),נקניק נהריה כשר זוגל,,,"י""ח",1,"ק""ג",false,1,29.90,29.90,true,1,
7290000536774,false,"נקניקיות מן הצומח זוגלובק 1ק""ג בד""צ",זוגלובק שיווק בעמ,,,"י""ח",1,"ק""ג",false,1,29.90,29.90,true,1,
7290000536781,false,"קבב צמחי 1 ק""ג זוגלובק",זוגלובק שיווק בעמ,,,"י""ח",1,"ק""ג",false,1,29.90,29.90,true,1,
7290000537566,false,נקניקיות עוף טרי 400 ג' זוגלובק,נקניק נהריה כשר זוגל,,,"י""ח",400,ל גרם,false,1,10.90,2.73,true,1,
7290000537603,false,"נקניקיות עוף 1 ק""ג זוגלובק.",זוגלובק שיווק בעמ,,,"י""ח",1,"ק""ג",false,1,25.90,25.90,true,1,
7290000538709,false,נקניק סלמי תה מעושן זוגלובק 200 גרם,נקניק זוגלובק נהריה,,,"י""ח",200,ל גרם,false,1,14.90,7.45,false,1,
7290000552118,false,נקניקיות מרגז קפואות טיבון ויל (400 גרם),טיבון ויל אחזקות בעמ,,,"י""ח",400,ל גרם,false,1,20.50,5.13,false,1,
7290000552569,false,סטייקבורגר בקר טיבון ויל 400 גרם,"טיבון ויל אחזקות בע""\מ",,,"י""ח",400,ל גרם,false,1,20.90,5.23,true,1,
7290000554402,false,מעדן חלב מלבי גד (160 גרם),מחלבות גד שיווק 1992 בעמ,,,"י""ח",160,"ל מ""ל",false,1,4.90,3.06,false,1,
7290000554457,false,גבינה צפתית 5% 350 גרם - רבנות,מחלבות גד שיווק 1992 בעמ,,,"י""ח",350,ל גרם,false,1,19.90,5.69,false,1,
7290000554600,false,מוצרלה מגורדת 22 אחוז 300גרם גד מהדרין,מחלבות גד שיווק 1992 בעמ,,,"י""ח",300,ל גרם,false,1,21.90,7.30,false,1,
7290000554686,false,גבינת לאבנה בתוספת שמן זית וזעתר 5% גד 250 גרם,מחלבות גד שיווק 1992 בעמ,,,"י""ח",250,ל גרם,false,1,13.80,5.52,false,1,
7290000554822,false,ריקוטה גבינה לבנה בסגנון איטלקי 5% גד 250 גרם,מחלבות גד שיווק 1992 בעמ,,,"י""ח",250,ל גרם,false,1,11.90,4.76,false,1,
7290000554839,false,מסקרפונה שמנת מתוקה קשה בסגנון איטלקי 40% גד 250 גרם,מחלבות גד שיווק 1992 בעמ,,,"י""ח",250,ל גרם,false,1,18.90,7.56,false,1,
7290000571119,false,גבינה גאודה הולנדית מעדניה,מחלבות גד שיווק 1992 בעמ,,,"ק""ג",1000,ל גרם,true,1,103,10.30,false,1,
7290000571386,false,המחלבה יוגורמה יוגורט מחלב כבשים 5% 850 גרם,גבינות משק אחים מאיר בית,,,"י""ח",850,"ל מ""ל",false,1,22.90,2.69,false,1,
7290000572055,false,אחוה חלוה ללא סוכר עם סיבים ואגוזים 400 גרם,אחדות ביחר לטחינה חל,,,"י""ח",400,ל גרם,false,1,14.90,3.73,false,1,
7290000572086,false,טחינה אורגנית אחדות 500 גרם,אחדות ביחר לטחינה חל,,,"י""ח",500,ל גרם,false,1,12.90,2.58,false,1,
7290000572208,false,חלוה בטעם וניל אחווה 100 גרם,שוורצקוף& הנקל דיסלד,,,"י""ח",100,ל גרם,false,1,2.90,2.90,false,1,
7290000572215,false,חלבה``שלגון``מצופה 80 גרם בד``צ,אחדות ביתחרושת לטחינה חלבה,,,"י""ח",80,ל גרם,false,1,2.90,3.63,false,1,
7290000572222,false,חלווה בלוק וניל אחוה 500 גרם,שוורצקוף& הנקל דיסלד,,,"י""ח",500,ל גרם,false,1,10.90,2.18,false,1,
7290000572536,false,אחווה חלווה ווניל במגש 400 גר,אחדות ביתחרושת לטחינה חלבה,,,"י""ח",400,ל גרם,false,1,12.90,3.23,false,1,
7290000572628,false,חלבה חטיף לייט 25 ג* 11יח קופ`שי אחוה,אחדות ביחר לטחינה חל,,,"י""ח",276,ל גרם,false,1,10.90,3.95,false,1,
7290000572673,false,חלבה וניל קקאו ואגוזים אחוה (25x12 גרם),שוורצקוף& הנקל דיסלד,,,"י""ח",300,ל גרם,false,1,12.90,4.30,false,1,
7290000572819,false,"טחינה גולמית אחווה 1 ק""ג",אחדות ביחר לטחינה חל,,,"י""ח",1,"ק""ג",false,1,21.90,21.90,false,1,
7290000574035,false,לחם אחיד פרוס דגנית עין בר (750 גרם),דגנית עין בר תעשיות מזון ואפיה,,,"י""ח",750,ל גרם,false,1,6.30,0.84,false,1,
7290000574141,false,לחם חיטה מלא 750ג' דגנית עין בר,דגנית עין בר תעשיות מזון ואפיה,,,"י""ח",750,ל גרם,false,1,13.90,1.85,false,1,
7290000574165,false,חלה פרוסה מעודנת 500,מולינו ניקולי s.p.a,,,"י""ח",500,ל גרם,false,1,8.30,1.66,false,1,
7290000574219,false,חצי בגט,דגנית עין בר ~~~,,,"י""ח",1,,false,1,3.20,3.20,false,1,
7290000599977,false,שייני כריות יפניות 9 יח',מ.א.ייצור ויבוא מטליות בעמ,,,"י""ח",9,"י""ח",false,1,10.90,1.21,false,1,
7290000630076,false,עוף קפוא מס' 2 עטרה מחיר,נטו מלינדה סחר בעמ,,,"ק""ג",1,"ק""ג",true,1,22.90,22.90,false,1,
7290000631271,false,לבבות עוף קפוא עטרה מחיר,נטו מלינדה סחר בעמ,,,"ק""ג",1,"ק""ג",true,1,31.90,31.90,false,1,
7290000631424,false,פרגיות עוף טרי[קצביה]**,"ח.י. מעדני גורמה בע""מ",,,"ק""ג",1,"ק""ג",true,1,79.90,79.90,true,1,
7290000632391,false,כרעיים עוף קפוא עטרה מחי,נטו מלינדה סחר בעמ,,,"ק""ג",1,"ק""ג",true,1,27.90,27.90,false,1,
7290000632452,false,כרעיים עוף טרי(קצביה )**.,"ח.י. מעדני גורמה בע""מ",,,"ק""ג",1,"ק""ג",true,1,36.90,36.90,true,1,
7290000632698,false,שוקיים עוף קפוא עטרה מחי,נטו מלינדה סחר בעמ,,,"ק""ג",1,"ק""ג",true,1,34.90,34.90,false,1,
7290000632759,false,שוקיים עוף טרי (קצביה)**,"ח.י. מעדני גורמה בע""מ",,,"ק""ג",1,"ק""ג",true,1,39.90,39.90,true,1,
7290000633855,false,כנפיים עוף טרי מקוצבות[קצביה],"ח.י. מעדני גורמה בע""מ",,,"ק""ג",1,"י""ח",true,1,16.90,16.90,true,1,
7290000643250,false,עוף טרי מפורק(קצביה)**,"ח.י. מעדני גורמה בע""מ",,,"י""ח",1,,true,1,21.90,21.90,false,1,
7290000644516,false,גרונות הודו קפוא עטר,נטו מלינדה סחר בעמ,,,"ק""ג",1,,true,1,29.90,29.90,false,1,
7290000659312,false,דגי תנובה פילה סלומון קפוא בוואקום,תנובה בשר,,,"ק""ג",1,"ק""ג",true,1,69.90,69.90,false,1,
7290000692210,false,נוזל לניקוי כללי ורצפות בניחוח לבנדר אג'קס 2 ליטר,הנסיך- מפעל לייצור ט,,,"י""ח",2,ליטר,false,1,22.90,11.45,false,1,
7290000805368,false,בונזו גורים 3 קג' - אירוז חדש,דיפלומט מפיצים (1968) בעמ**,,,"י""ח",3,"ק""ג",false,1,64.90,21.63,false,1,
7290001041017,false,חוואיג' תימני בצנצנת מיה 50 גרם,מיה תעשיות מזון מ.ת.מ בעמ,,,"י""ח",100,ל גרם,false,1,6.30,6.30,false,1,
7290001041123,false,שקדים מולבנים פרוסים מיה 100 גרם,מיה תעשיות מזון מ.ת.מ. בעמ,,,"י""ח",1,"י""ח",false,1,10.90,10.90,false,1,
7290001041260,false,שומשום מיה (400 גרם),מיה תעשיות מזון מ.ת.מ. בעמ,,,"י""ח",400,ל גרם,false,1,10.90,2.73,false,1,
7290001041482,false,זנגויל בצנצנת מיה 50 גרם,מיה תעשיות מזון מ.ת.מ בעמ,,,,100,ל גרם,false,1,6.30,6.30,false,1,
7290001041888,false,פפריקה מתוקה בצנצנת מיה 300 גרם,מיה תעשיות מזון מ.ת.מ בעמ,,,"י""ח",300,ל גרם,false,1,19.90,6.63,false,1,
7290001041994,false,"סוכר דמררה בצנצנת מיה 1 ק""ג",מיה תעשיות מזון מ.ת.מ. בעמ,,,"י""ח",1,"ק""ג",false,1,9.90,9.90,false,1,
7290001045169,false,מיץ תפוחי עץ צלול פרימור 1 ליטר,שטראוס גרופ בעמ/מצונן,,,"י""ח",1,ליטר,false,1,15.90,15.90,true,1,
7290001045688,false,"מיץ תפוזים סחוט פרימור 400 מ""ל",שטראוס גרופ בעמ/מצונן,,,"י""ח",400,"ל מ""ל",false,1,7.90,1.90,true,1,
7290001050064,false,"אבקת סוכר פרימיום 1 ק""ג",ר.ס-.חברה ליבוא וייצור מ,,,"י""ח",1,"ק""ג",false,1,11.90,11.90,false,1,
7290001123775,false,שווארמה אמיתית פרגיות טיבון ויל 500 גרם,"טיבול ויל אחזקות בע""",,,"י""ח",500,ל גרם,false,1,24.90,4.98,true,1,
7290001124536,false,ארוחת נודלס טעם תירס מג'יק 70 גרם,נטו מלינדה סחר בעמ,,,"י""ח",70,ל גרם,false,1,4.90,7,false,1,
7290001136287,false,"שמפו לשיער רגיל בבושם פרחים נקה 7 750 מ""ל",החברה הדרומית לשיווק בעמ,,,"י""ח",750,"ל מ""ל",false,1,11.90,1.59,false,1,
7290001136294,false,"שמפו לשיער יבש בבישום פרחים נקה 7 750 מ""ל",החברה הדרומית לשיווק בעמ,,,"י""ח",750,"ל מ""ל",false,1,11.90,1.59,false,1,
7290001136683,false,"מרכך לשיער רגיל בבושם פרחים נקה 7 750 מ""ל",החברה הדרומית לשיווק בעמ,,,"י""ח",750,"ל מ""ל",false,1,11.90,1.59,false,1,
7290001209103,false,טחון עוף עטרה 500 גרם,נטו מלינדה סחר בעמ,,,"י""ח",1,,false,1,12.90,12.90,false,1,
7290001209189,false,נקניקיות חריפות עטרה 400ג' מהדרין,נטו מלינדה סחר בעמ,,,"י""ח",500,ל גרם,false,1,8.90,1.78,true,1,
7290001245699,false,אקונומיקה סמיכה בניחוח לימון 4 ל' טאצ',סאסאטק אגשח בעמ,,,"י""ח",4,ליטר,false,1,12.90,3.23,true,1,
7290001245705,false,אקונומיקה מבושמת 4 ליטר טאצ',סאסאטק אגשח בעמ,,,"י""ח",4,ליטר,false,1,10.90,2.73,false,1,
7290001245712,false,אקונומיקה 4 ליטר טאצ,סאסאטק אגשח בעמ,,,"י""ח",4,ליטר,false,1,9.90,2.48,false,1,
7290001245729,false,ג'ל כביסה ירוקה טאצ 3 ליטר סלקט,סאסאטק אגשח בעמ,,,"י""ח",1,ליטר,false,1,19.90,19.90,true,1,
7290001245736,false,ג'ל כביסה כחול טאצ' 3 ליטר סלקט,סאסאטק אגשח בעמ,,,"י""ח",1,ליטר,false,1,19.90,19.90,true,1,
7290001245828,false,נוזל כלים קלאסי טאצ' 18% 1.6 ליטר,סאסאטק אגשח בעמ,,,"י""ח",1.60,ליטר,false,1,11.90,7.44,true,1,
7290001245958,false,מרכך כביסה ורוד 4 ליטר טאצ',סאסאטק אגשח בעמ,,,"י""ח",4,ליטר,false,1,15.90,3.98,true,1,
7290001245965,false,מרכך כביסה כחול 4 ליטר טאצ',סאסאטק אגשח בעמ,,,"י""ח",4,ליטר,false,1,15.90,3.98,true,1,
7290001245972,false,מרכך כביסה לבן 4 ליטר טאצ',סאסאטק אגשח בעמ,,,"י""ח",4,ליטר,false,1,15.90,3.98,true,1,
7290001245989,false,מרכך כביסה 4 ליטר טאצ' סגול,סאסאטק אגשח בעמ,,,"י""ח",4,ליטר,false,1,15.90,3.98,true,1,
7290001245996,false,מרכך כביסה 4 ליטר טאצ' צהוב,סאסאטק אגשח בעמ,,,"י""ח",4,ליטר,false,1,15.90,3.98,true,1,
7290001246061,false,מרכך מרוכז פרימיום פנטזי( 1 ליטר)טאצ`,סאסאטק אגשח בעמ,,,"י""ח",1,ליטר,false,1,13.90,13.90,true,1,
7290001246078,false,מרכך מרוכך פרפיום סנשואל( 1 ליטר)טאצ`,סאסאטק אגשח בעמ,,,"י""ח",1,ליטר,false,1,13.90,13.90,true,1,
7290001246085,false,נוזל לניקוי חלונות 1 ליטר טאצ,סאסאטק אגשח בעמ,,,"י""ח",1,ליטר,false,1,8.90,8.90,true,1,
7290001246092,false,"תרסיס מסיר שומנים 750 מ""ל טאצ.",סאסאטק אגשח בעמ,,,"י""ח",75,"ל מ""ל",false,1,12.90,17.20,false,1,
7290001246108,false,"טאצ' תרסיס מסיר אבנית 750 מ""ל",סאסאטק אגשח בעמ,,,"י""ח",75,"ל מ""ל",false,1,12.90,17.20,false,1,
7290001246122,false,"תרסיס ניקוי כללי+ אקונומיקה 750 מ""ל טאצ",סאסאטק אגשח בעמ,,,"י""ח",75,"ל מ""ל",false,1,12.90,17.20,false,1,
7290001246139,false,חיטוי פירות וירקות 1 ליטר טאצ',סאסאטק אגשח בעמ,,,"י""ח",1,ליטר,false,1,14.90,14.90,false,1,
7290001246177,false,מבשם נטול גז סגול 350 מ``ל טאצ,סאסאטק אגשח בעמ,,,"י""ח",350,"ל מ""ל",false,1,9.90,2.83,false,1,
7290001246290,false,"תרסיס רסס נגב 750 סמ""ק טאצ",סאסאטק אגשח בעמ,,,"י""ח",750,"ל מ""ל",false,1,12.90,1.72,false,1,
7290001247068,false,קרטונית נקטר ספרינג תות בננה 1 ליטר,יפאורה שותפות מוגבלת לשיווק,,,"י""ח",1,ליטר,false,1,6.90,6.90,true,1,
7290001247099,false,קרטונית נקטר ספרינג מנגו 1 ליטר,יפאורה שותפות מובגלת לשיווק,,,"י""ח",1,ליטר,false,1,6.90,6.90,true,1,
7290001247105,false,קרטונית נקטר ספרינג אפרסק 1 ליטר,יפאורה שותפות מובגלת לשיווק,,,"י""ח",1,ליטר,false,1,6.90,6.90,true,1,
7290001247112,false,קרטונית נקטר ספרינג לימונענע 1 ליטר,יפאורה שותפות מובגלת לשיווק,,,"י""ח",1,ליטר,false,1,6.90,6.90,true,1,
7290001247129,false,נקטר ספרינג תפוזים קרטונית 1 ל',יפאורה שותפות מובגלת לשיווק,,,"י""ח",1,ליטר,false,1,6.90,6.90,true,1,
7290001247143,false,קרטונית נקטר ספרינג תפוחים 1 ליטר,יפאורה שותפות מובגלת לשיווק,,,"י""ח",1,ליטר,false,1,6.90,6.90,true,1,
7290001265642,false,"מזון חתולים מעדני פטה 1.2 ק""ג מארז 3 יחידות",דיפלומט מפיצים (1968) בעמ**,,,"י""ח",1.20,"ק""ג",false,1,19.90,16.58,false,1,
7290001305188,false,"נוזל לניקוי כלים בריח לימון פלמוליב 750 מ""ל",יבואן ומשווק: ש. שסט,,,"י""ח",750,"ל מ""ל",false,1,11.90,1.59,true,1,
7290001407813,false,חלבה שאמית פיסטוק בקטנה בארכה 350ג',קבוצת אוסם סחר-שות.מוגבלת,,,"י""ח",350,ל גרם,false,1,14.90,4.26,false,1,
7290001468135,false,שעווה רצועות נאמן לא,נאמן לאורך זמן בעמ,,,"י""ח",1,,false,1,13.90,13.90,false,1,
7290001468159,false,ריבת חלב טופ מותגים,נאמן לאורך זמן בעמ,,,"י""ח",330,ל גרם,false,1,13.90,4.21,false,1,
7290001468883,false,ממרח פרי בטעם ריבה 8,נאמן לאורך זמן בעמ,,,"י""ח",450,ל גרם,false,1,11.90,2.64,false,1,
7290001485019,false,גבינת קרם שמנת טבעי 5% טרה 200 גרם,*החברה המרכזית להפצת משקאותבעמ,,,"י""ח",200,ל גרם,false,1,11.90,5.95,false,1,
7290001491096,false,תה ירוק בתוספת לימונית ולואיזה 50 שקיקים ויסוצקי,תה ויסוצקי (ישראל) בעמ,,,"י""ח",75,ל גרם,false,1,45.90,61.20,true,1,
7290001552025,false,קוסקוס של אמא פרבורגר 800 גרם,מטעמי פאר (א.מ.נ) בעמ,,,"י""ח",800,ל גרם,false,1,15.90,1.99,false,1,
7290001594155,false,"קוקה-קולה בבקבוק אישי 500 מ""ל",החברה המרכזית להפצת משקאות בעמ,,,"י""ח",500,"ל מ""ל",false,1,6.20,1.18,true,1,
7290001594179,false,"פאנטה אורנג' בבקבוק אישי 500 מ""ל",החברה המרכזית להפצת משקאות בעמ,,,"י""ח",500,"ל מ""ל",false,1,6.20,1.18,true,1,
7290001594230,false,קינלי סודה בבקבוק זכוכית,החברה המרכזית להפצת משקאות בעמ,,,"י""ח",250,"ל מ""ל",false,1,3.20,1.16,true,1,
7290001594858,false,מארז שישייה בירה טובורג רד (330x6 מל),החברה המרכזית להפצת משקאות בעמ,,,"י""ח",1.98,ליטר,false,1,41.70,20.15,true,1,
7290001670651,false,מנגל חד פעמי קטן הנמל,הנמל אריזות ושווק בעמ,,,"י""ח",1,,false,1,19.90,19.90,false,1,
7290001713167,false,סנט מוריץ - מרסס קצף ניקוי 1 ליטר סניטרי אפור,קומפלקס כימיקלסבעמ ~~~,,,"י""ח",1,ליטר,false,1,11.90,11.90,false,1,
7290001713211,false,נוזל רצפות סופר מבושם מאסק 2.5 ליטר,קומפלקס כימיקלסבעמ ~~~,,,"י""ח",2,ליטר,false,1,11.90,5.95,false,1,
7290001713860,false,PURE מרכך כביסה בניחוח מלון ספא 1 ליטר,קומפלקס כימיקלסבעמ ~~~,,,"י""ח",100,"ל מ""ל",false,1,9.90,9.90,false,1,
7290001780800,false,שלגון קראנץ שוקולד ליבת נוגט נסטלה 100 גרם,נגה גלידות שותפות מוגבלת,,,"י""ח",1,,false,1,10,10,true,1,
7290001791349,false,אקונומיקה פיסגה ריחנית סנו (4 ליטר),החברה הדרומית לשיווק בעמ,,,"י""ח",4,ליטר,false,1,11.90,2.98,false,1,
7290001791356,false,"פרש מבשם אויר אוטומטי בניחוח לבנדר סנו 250 מ""ל",החברה הדרומית לשיווק בעמ,,,"י""ח",165,ל גרם,false,1,11.90,7.21,false,1,
7290001791363,false,"מטהר אויר בניחוח וניל קוקוס מילוי סנו 250 מ""ל",החברה הדרומית לשיווק בעמ,,,"י""ח",165,ל גרם,false,1,13.90,8.42,false,1,
7290001813478,false,"עוגיות חיוכים וניל עלית 900 גרם מארז 6 יחידות בד""צ","אפיפית נצרת (1971) בע""\מ",,,"י""ח",900,ל גרם,false,1,21.90,2.43,true,1,
7290001817728,false,צ'יטוס אפוי כאפה בטעם קטשופ 55 גרם,"שטראוס פריטו ליי בע""\מ )",,,"י""ח",0.55,"י""ח",false,1,3.50,6.36,true,1,
7290001922231,false,כדורי פלאפל 700גר שף הטבע,קפוא זן תעשיות מזון בעמ,,,"י""ח",700,ל גרם,false,1,15.90,2.27,false,1,
7290001990148,false,"סוכר גולדן קלאסי בצנצנת 1 ק""ג סוגת",האי נאם סי או אל.טי.,,,"י""ח",1,"ק""ג",false,1,12.90,12.90,false,1,
7290001990278,false,"שעועית לבנה 1 ק""ג סוגת","סוגת תעשיות בע""\מ",,,"י""ח",1,"ק""ג",false,1,18.90,18.90,true,1,
7290001990414,false,"עדשים אדומות סוגת 1 ק""ג","סוגת תעשיות בע""\מ",,,"י""ח",1,"ק""ג",false,1,14.90,14.90,true,1,
7290001990421,false,"פופקורן גרעינים סוגת 1 ק""ג","סוגת תעשיות בע""\מ",,,"י""ח",1,"ק""ג",false,1,9.90,9.90,true,1,
7290002000143,false,"חדש -פנג'ל ק.ידיים קלאסיק 80מ""ל",מיוצר עי קונדיטוריית,,,"י""ח",100,"ל מ""ל",false,1,7.90,7.90,false,1,
7290002007371,false,פירורי לחם הנמל 500 ג',הנמל אריזות ושיווק 1984 בע`מ,,,"י""ח",500,ל גרם,false,1,6.90,1.38,false,1,
7290002008507,false,נייר אפיה הנמל 50 יחידות,הנמל אריזות ושיווק (1984) בעמ,,,"י""ח",1,,false,1,7.90,7.90,false,1,
7290002019114,false,רוטב עגבניות מרוכז מאד 28-30BX פריניר,ח.כהן סוכנות מזון ומשקאות בע,,,"י""ח",580,ל גרם,false,1,6.90,1.19,false,1,
7290002019787,false,רוטב עגבניות מרוכז מאוד 260 גרם פריניר,ח.כהן סוכנות מזון ומשקאות בע,,,"י""ח",260,ל גרם,false,1,3.90,1.50,false,1,
7290002019794,false,רוטב עגבניות מרוכז מאוד 100 גרם פריניר,ח.כהן סוכנות מזון ומשקאות בע,,,"י""ח",100,ל גרם,false,1,1.90,1.90,false,1,
7290002026341,false,אריסטו קראנץ ציפס בטטה טוגנים 500גר,מוצרי איכות אמריקאיים בעמ,,,"י""ח",500,ל גרם,false,1,18.90,3.78,true,1,
7290002026358,false,אריסטו קראנץ צ`יפס בטטה זיגזג טוגנים 500,מוצרי איכות אמריקאיים בעמ,,,"י""ח",500,ל גרם,false,1,18.90,3.78,true,1,
7290002026365,false,טבעות בצל אריסטו קראנץ' 500 גרם,מוצרי איכות אמריקאיים בעמ,,,"י""ח",1,"י""ח",false,1,11.90,11.90,false,1,
7290002037309,false,לחמניות המבורגר מאפיית ודש 8),מאפית י את א ברמן בע,,,"י""ח",400,ל גרם,false,1,12.90,3.23,false,1,
7290002037637,false,לחמניות הבית מתוקות מאפיית ודש) (4,מאפית י.את א. ברמן ב,,,"י""ח",1,,false,1,12.90,12.90,false,1,
7290002040019,false,קוסקוס רגיל מזון קוסקוס (350 גרם),הנמל אריזות ושיווק (1984) בעמ,,,"י""ח",350,ל גרם,false,1,6.90,1.97,false,1,
7290002040064,false,קוסקוס דק להכנה מהירה בשקית 350 גרם,הנמל אריזות ושיווק (1984) בעמ,,,"י""ח",350,ל גרם,false,1,6.90,1.97,false,1,
7290002040071,false,קוסקוס עבה להכנה קלה ומהירה 350 גרם,הנמל אריזות ושיווק (1984) בעמ,,,"י""ח",350,ל גרם,false,1,6.90,1.97,false,1,
7290002057017,false,זיתים ירוקים נובו קבוצת יבנה (540 גרם),קבוצת יבנה מוצרי מזון אגודה שי,,,"י""ח",560,ל גרם,false,1,8.90,1.59,false,1,
7290002057031,false,זיתים מבוקעים פיקנטי קבוצת יבנה 340 גרם,"קבוצת יבנה מוצרי מזון בע""מ",,,"י""ח",560,ל גרם,false,1,8.90,1.59,false,1,
7290002057123,false,זיתים ירוקים מנזנילו קבוצת יבנה 560 גרם,קבוצת יבנה מוצרי מזון אגודה שי,,,"י""ח",560,ל גרם,false,1,10.90,1.95,true,1,
7290002057161,false,זיתים מרינט ביין גדול מאד קבוצת יבנה 340 גרם,קבוצת יבנה מוצרי מזון בעמ,,,"י""ח",560,ל גרם,false,1,8.90,1.59,false,1,
7290002057178,false,זיתים שחורים גדולים מנזלינו קבוצת יבנה 3,קבוצת יבנה מוצרי מזון בעמ,,,"י""ח",560,ל גרם,false,1,8.70,1.55,false,1,
7290002057185,false,טבעות זיתים ירוקים קבוצת יבנה 560 גרם,קבוצת יבנה מוצרי מזון אגודה שי,,,"י""ח",560,ל גרם,false,1,10.90,1.95,false,1,
7290002057352,false,מלפפונים במלח ‏9‏-‏7‏ קבוצת יבנה 320 גרם,"קבוצת יבנה מוצרי מזון בע""מ",,,"י""ח",600,ל גרם,false,1,7.40,1.23,false,1,
7290002057369,false,מלפפונים במלח ‏12‏-‏10‏ קבוצת יבנה 320 גרם,"קבוצת יבנה מוצרי מזון בע""מ",,,"י""ח",600,ל גרם,false,1,7.90,1.32,false,1,
7290002057376,false,מלפפונים במלח ‏17‏-‏13‏ קבוצת יבנה 320 גרם,"קבוצת יבנה מוצרי מזון בע""מ",,,"י""ח",600,ל גרם,false,1,9.90,1.65,false,1,
7290002057383,false,מלפפון יבנה במלח קטנים מאוד 18-25 320 גר יבנה,"קבוצת יבנה מוצרי מזון בע""מ",,,"י""ח",600,ל גרם,false,1,12.90,2.15,true,1,
7290002057451,false,מלפפונים בחומץ ‏9‏-‏7 קבוצת יבנה 290 גרם,קבוצת יבנה מוצרי מזון אגודה שי,,,"י""ח",600,ל גרם,false,1,7.40,1.23,false,1,
7290002057475,false,מלפפונים בחומץ ‏17‏-‏13 קבוצת יבנה 290 גרם,קבוצת יבנה מוצרי מזון אגודה שי,,,"י""ח",600,ל גרם,false,1,9.90,1.65,false,1,
7290002057482,false,מלפפונים קטנים בחומץ קבוצת יבנה 560 גרם,קבוצת יבנה מוצרי מזון אגודה שי,,,"י""ח",560,ל גרם,false,1,12.90,2.30,true,1,
7290002057604,false,פלפל חריף שיפקה קבוצת יבנה (540 גרם),קבוצת יבנה מוצרי מזון אגודה שי,,,"י""ח",560,ל גרם,false,1,5.50,0.98,false,1,
7290002057703,false,חצילים במלח קבוצת יבנה 320 גרם,"קבוצת יבנה מוצרי מזון בע""מ",,,"י""ח",560,ל גרם,false,1,6.90,1.23,false,1,
7290002057734,false,זיתים חרוזית מושחר קבוצת יבנה 275 גרם,קבוצת יבנה מוצרי מזון בעמ,,,"י""ח",540,ל גרם,false,1,7.90,1.46,false,1,
7290002057819,false,גמבה רצועות פלפל אדום A2 יבנה 300 גרם,קבוצת יבנה מוצרי מזון בעמ,,,"י""ח",300,ל גרם,false,1,7.90,2.63,false,1,
7290002107491,false,גבינה לבנה מחלב עיזים למריחה 5% משק צוריאל 250 גרם,*החברה המרכזית להפצת משקאותבעמ,,,"י""ח",250,ל גרם,false,1,13.90,5.56,true,1,
7290002107798,false,גבינה בולגרית מעודנת 5% משק צוריאל 250 גרם,*החברה המרכזית להפצת משקאותבעמ,,,"י""ח",250,ל גרם,false,1,19.90,7.96,false,1,
7290002111085,false,"רוטב עגבניות 22% ""פרי מבורך"" 100 גרם","זנלכל בע""\מ",,,"י""ח",400,ל גרם,false,1,2.50,0.63,false,1,
7290002111214,false,גרעיני תירס לייט A2 פרי מבורך 550 גר',"זנלכל בע""\מ",,,"י""ח",550,ל גרם,false,1,9.90,1.80,false,1,
7290002111337,false,רוטב עגבניות BX 22% פרי מבורך (240 גרם),"זנלכל בע""\מ",,,"י""ח",240,ל גרם,false,1,4.50,1.88,false,1,
7290002111474,false,אפונה גדולה A2 פרי מבורך 600ג',"זנלכל בע""\מ",,,"י""ח",550,ל גרם,false,1,8.90,1.62,true,1,
7290002111511,false,אפונת גינה וגזר פרי מבורך 550 גרם,"זנלכל בע""\מ",,,"י""ח",550,ל גרם,false,1,8.90,1.62,true,1,
7290002111634,false,חומוס שלם פרי מבורך 290 גרם,"זנלכל בע""\מ",,,"י""ח",600,ל גרם,false,1,8.90,1.48,true,1,
7290002111665,false,עגבניות תרכיז 28% A2 פרי מבורך 600ג',"זנלכל בע""\מ",,,"י""ח",600,ל גרם,false,1,9.90,1.65,false,1,
7290002111672,false,"רסק עגבניות A2 22% פרי מבורך 570ג' בד""צ","זנלכל בע""\מ",,,"י""ח",570,ל גרם,false,1,8.90,1.56,false,1,
7290002111764,false,שעועית לבנה ברוטב עגבניות פרי מבורך 580,"זנלכל בע""\מ",,,"י""ח",600,ל גרם,false,1,8.90,1.48,true,1,
7290002111818,false,גרעיני תירס מתוק ואקום פרי מבורך 400ג',"זנלכל בע""\מ",,,"י""ח",325,ל גרם,false,1,6.90,2.12,false,1,
7290002111825,false,גרעיני תירס מתוק 550 גרם פרי מבורך,"זנלכל בע""\מ",,,"י""ח",550,ל גרם,false,1,8.90,1.62,true,1,
7290002111948,false,"שעועית ירוקה חתוכה""פרי מבורך"" 550 גרם","זנלכל בע""\מ",,,"י""ח",600,ל גרם,false,1,9.90,1.65,false,1,
7290002130567,false,דבש דבורים טהור פרחי בר יד מרדכי 350 גרם,מכוורת יד מרדכי שטראוס ב,,,"י""ח",3.50,"י""ח",false,1,18.90,5.40,true,1,
7290002132011,false,עוגיות מזרחיות עם שומשום עבאדי (400 גר),מאפיית יוסף ושמחה עבאדי,,,"י""ח",400,ל גרם,false,1,17.90,4.48,false,1,
7290002150305,false,סיגרים מרוקאים במילו,חמים וטעים בעמ,,,"י""ח",1,"ק""ג",false,1,29.90,29.90,false,1,
7290002150336,false,"פלאפל אמיתי בד""צ 800",חמים וטעים בעמ,,,"י""ח",800,ל גרם,false,1,21.90,2.74,false,1,
7290002150404,false,"סיגר תפו""א חמים וטעים 1 קג",חמים וטעים בעמ,,,"י""ח",1,"ק""ג",false,1,25.90,25.90,false,1,
7290002150671,false,קרפלך במילוי בשר 1 ק'ג,חמים וטעים בעמ,,,"י""ח",1,"ק""ג",false,1,29.90,29.90,false,1,
7290002150688,false,קרפלך במילוי תפוחי א,חמים וטעים בעמ,,,"י""ח",1,"ק""ג",false,1,29.90,29.90,false,1,
7290002253006,false,שום טרי כתוש צנצנת דורות 200 גרם,קבוצת אוסם סחר-שות.מוגבלת,,,"י""ח",200,ל גרם,false,1,15.90,7.95,false,1,
7290002253105,false,שום במגשית 20 שיניים כתושות קפוא 80,קבוצת אוסם סחר-שות.מוגבלת,,,"י""ח",80,ל גרם,false,1,13.90,17.38,false,1,
7290002253150,false,קוביות בזיליקום קצוץ דורות 70 גרם,קבוצת אוסם סחר שותפות מוגבלת,,,"י""ח",70,ל גרם,false,1,10.90,15.57,false,1,
7290002253181,false,כוסברה טרייה קצוצה 20 קוביות 70 גרם קפוא,קבוצת אוסם סחר שותפות מוגבלת,,,"י""ח",70,ל גרם,false,1,10.90,15.57,false,1,
7290002259664,false,רדיד אלומיניום דיימונד גדול 60X0.60מ',ריינולדס מוצרי צריכה,,,"י""ח",1,,false,1,54.90,54.90,false,1,
7290002316084,false,4 זוגות גרבי ברך נשים דינמו,אחים וייס ישי ייצור בעמ,,,"י""ח",1,,false,1,13.90,13.90,false,1,
7290002316251,false,4 זוגות גרבי ברך נשים שקוף קריסטל,אחים וייס ישי ייצור בעמ,,,"י""ח",1,,false,1,13.90,13.90,false,1,
7290002319016,false,אבקת אפיה עשיריות מיה 100 גרם,מיה תעשיות מזון מ.ת.מ. בעמ,,,"י""ח",100,ל גרם,false,1,1.90,1.90,false,1,
7290002319023,false,סוכר וניל עשיריות מיה 100 גרם,מיה תבליני החיים ירושלים בע`מ,,,"י""ח",100,ל גרם,false,1,1.90,1.90,false,1,
7290002319054,false,פרג טחון מיה 100 גרם,מיה תעשיות מזון מ.ת.מ. בעמ,,,"י""ח",100,ל גרם,false,1,4.90,4.90,false,1,
7290002319061,false,קוקוס טחון מיה (100 גרם),מיה תעשיות מזון מ.ת.מ. בעמ,,,"י""ח",100,ל גרם,false,1,3.70,3.70,false,1,
7290002319078,false,שומשום 100 גרם מיה,מיה תעשיות מזון מ.ת.מ. בעמ,,,"י""ח",100,ל גרם,false,1,2.90,2.90,false,1,
7290002319092,false,"קמח תפוח אדמה 500ג בד""ץ מיה*",מיה תעשיות מזון מ.ת.מ. בעמ,,,"י""ח",500,ל גרם,false,1,4.90,0.98,false,1,
7290002319115,false,חומוס גדול יבש מיה 500 גר',מיה תעשיות מזון מ.ת.מ. בעמ,,,"י""ח",500,ל גרם,false,1,6.90,1.38,true,1,
7290002319122,false,גריסים יבשים מיה 500 גר',מיה תעשיות מזון מ.ת.מ. בעמ,,,"י""ח",500,ל גרם,false,1,5.90,1.18,true,1,
7290002319139,false,שעועית לבנה יבשה מיה 500 ג',מיה תעשיות מזון מ.ת.מ. בעמ,,,"י""ח",500,ל גרם,false,1,6.90,1.38,true,1,
7290002319160,false,אפונה ירוקה יבשה מיה 500 ג',מיה תעשיות מזון מ.ת.מ. בעמ,,,"י""ח",500,ל גרם,false,1,4.90,0.98,true,1,
7290002319177,false,פופקורן גרעינים מיה 500 גר',מיה תעשיות מזון מ.ת.מ. בעמ,,,"י""ח",500,ל גרם,false,1,4.90,0.98,true,1,
7290002319184,false,עדשים אדומים יבשים מיה 500 גר',מיה תעשיות מזון מ.ת.מ. בעמ,,,"י""ח",500,ל גרם,false,1,6.90,1.38,true,1,
7290002319191,false,עדשים ירוקים יבשים מיה 500 גר',מיה תעשיות מזון מ.ת.מ. בעמ,,,"י""ח",500,ל גרם,false,1,6.90,1.38,true,1,
7290002319207,false,כוסמת מיה (500 גרם),מיה תעשיות מזון מ.ת.מ. בעמ,,,"י""ח",500,ל גרם,false,1,8.90,1.78,true,1,
7290002319221,false,חיטה מיה (500 גרם),מיה תעשיות מזון מ.ת.מ. בעמ,,,"י""ח",500,ל גרם,false,1,3.50,0.70,false,1,
7290002319375,false,"קורנפלור 200 ג' בד""ץ מיה",מיה תעשיות מזון מ.ת.מ. בעמ,,,"י""ח",200,ל גרם,false,1,2.90,1.45,false,1,
7290002319405,false,תבלין קינמון בקופסא 80 גר' מיה,מיה תעשיות מזון מ.ת.מ בעמ,,,"י""ח",100,ל גרם,false,1,6.30,6.30,false,1,
7290002319436,false,פלפל שחור טחון בצנצנת מיה 70 גרם,מיה תעשיות מזון מ.ת.מ בעמ,,,"י""ח",80,ל גרם,false,1,11.90,14.88,false,1,
7290002319443,false,כמון בצנצנת מיה 80 גרם,מיה תעשיות מזון מ.ת.מ בעמ,,,"י""ח",80,ל גרם,false,1,6.30,7.88,false,1,
7290002319450,false,תבלין כרכום צנצנת 80 גר' מיה,מיה תעשיות מזון מ.ת.מ בעמ,,,"י""ח",800,ל גרם,false,1,6.30,0.79,false,1,
7290002319580,false,מלח לימון בצנצנת מיה 150 גרם,מיה תעשיות מזון מ.ת.מ בעמ,,,"י""ח",150,ל גרם,false,1,6.30,4.20,false,1,
7290002319610,false,שקדים טחונים מיה 100 גרם,מיה תעשיות מזון מ.ת.מ. בעמ,,,"י""ח",100,ל גרם,false,1,10.90,10.90,false,1,
7290002319689,false,סודה לשתייה בקופסא 150 גר' מיה,מיה תעשיות מזון מ.ת.מ. בעמ,,,"י""ח",150,ל גרם,false,1,6.30,4.20,false,1,
7290002319696,false,פלפל לבן בצנצנת מיה 70 גרם,מיה תעשיות מזון מ.ת.מ בעמ,,,"י""ח",70,ל גרם,false,1,15,21.43,false,1,
7290002319733,false,אגוזי פקאן מקולף 100 גר' מיה,מיה תעשיות מזון מ.ת.מ. בעמ,,,"י""ח",100,ל גרם,false,1,19.90,19.90,false,1,
7290002319771,false,תמצית אפיה בטעם וניל מיה (50 מל),מיה תעשיות מזון מ.ת.מ. בעמ,,,"י""ח",50,"ל מ""ל",false,1,2.90,5.80,false,1,
7290002319788,false,תמצית אפיה בטעם רום כשלפ בדצ העדח,מיה תעשיות מזון מ.ת.מ. בעמ,,,"י""ח",60,"ל מ""ל",false,1,2.90,4.83,false,1,
7290002319801,false,שבבי בצל בצנצנת מיה 50 גרם,מיה תעשיות מזון מ.ת.מ בעמ,,,"י""ח",50,ל גרם,false,1,6.30,12.60,false,1,
7290002319825,false,"אבקת סוכר 100 ג`בד""ץ מיה",מיה תעשיות מזון מ.ת.מ. בעמ,,,"י""ח",100,ל גרם,false,1,1.90,1.90,false,1,
7290002327028,false,ג'חנון תימני 3 האופים 650 גר',נטו מלינדה סחר בעמ,,,"י""ח",650,ל גרם,false,1,17.90,2.75,true,1,
7290002327042,false,"בורקס תפו""א 800 גר' שלושת האופים קהילות",נטו מלינדה סחר בע`מ,,,"י""ח",800,ל גרם,false,1,20,2.50,true,1,
7290002327059,false,"בצק עלים 1 ק""ג שלושת האופים קהילות",נטו מלינדה סחר בע`מ,,,"י""ח",1,"ק""ג",false,1,19.90,19.90,true,1,
7290002327073,false,בורקס גבינה 800 גר' שלושת האופים קהילות,נטו מלינדה סחר בע`מ,,,"י""ח",800,ל גרם,false,1,21.90,2.74,true,1,
7290002329626,false,שיש- עוגה 350 גר' תבואות בר,בני פאוזי שמשום (2009) בעמ,,,"י""ח",350,ל גרם,false,1,7.90,2.26,true,1,
7290002331025,false,"מים מינרלים נביעות ספורט 500 מ""ל פקדון",החברה המרכזית להפצת משקאות בעמ,,,"י""ח",500,"ל מ""ל",false,1,3.30,0.60,false,1,
7290002348238,false,לפתן אננס חתוך 850 ג וויליגר,נטו מלינדה סחר בעמ,,,"י""ח",850,ל גרם,false,1,8.90,1.05,false,1,
7290002348306,false,'קוקטייל פירות ויליגר 850 ג,נטו מילנדה סחר בעמ*,,,"י""ח",850,ל גרם,false,1,11.90,1.40,true,1,
7290002353836,false,סרדינים רוברט בשמן זית 115 גרם,קונסרבס פורטוגל נורטה,,,"י""ח",120,ל גרם,false,1,8.90,7.42,true,1,
7290002360124,false,חליטת צמחים ורד הבר והיביסקוס פומפדור 20 יחידות,ש.שסטוביץ בעמ,,,"י""ח",30,ל גרם,false,1,13.90,46.33,true,1,
7290002360155,false,חליטת תה פרחי שומר פומפדור 20 שקיקים,ש. שסטוביץ בע`מ,,,"י""ח",40,ל גרם,false,1,13.90,34.75,true,1,
7290002374312,false,שמן קנולה מזוכך 6% מילומור (1 ליטר),"נארז ע""י : א.ג. גילר",,,"י""ח",1,ליטר,false,1,10.90,10.90,false,1,
7290002485025,false,סלט חומוס מסעדות 500 גרם,"סלטי שמיר 2006 בע""מ",,,"י""ח",500,ל גרם,false,1,15.90,3.18,false,1,
7290002485049,false,סלט חומוס מסבחה 500 גרם,"סלטי שמיר 2006 בע""מ",,,"י""ח",500,ל גרם,false,1,15.90,3.18,false,1,
7290002485063,false,סלט חומוס אבו גוש בי,"סלטי שמיר 2006 בע""מ",,,"י""ח",500,ל גרם,false,1,15.90,3.18,false,1,
7290002512011,false,ג חנון בצק 900ג צנעני,צנעני מוצרי בצק בעמ,,,"י""ח",900,ל גרם,false,1,19.90,2.21,false,1,
7290002515333,false,"ד""ר פישר - קמיל בלו סנסיטיב אל סבון עדין לתינוק 500 מ""ל","פישר תעשיות פרמבצטיות בע""מ",,,"י""ח",400,"ל מ""ל",false,1,18.60,4.65,false,1,
7290002515371,false,"קמיל בלו אל סבון לתינוקות ד""ר פישר 1 ליטר","פישר תעשיות פרמצבטיות בע""מ",,,"י""ח",1,ליטר,false,1,26.90,26.90,true,1,
7290002543237,false,דגני בוקר קלוגס קורנפלקס 750 גרם,קלוגס קומפני אוף גרייט ב,,,"י""ח",750,ל גרם,false,1,16.90,2.25,true,1,
7290002692393,false,שמן קנולה מזוכך מועשר עץ הזית (1 ליטר),סוגת תעשיות בעמ,,,"י""ח",1,ליטר,false,1,15.90,15.90,false,1,
7290002692478,false,"שמן זית כתית מעולה קלאסי מעודן 750 מ""ל עץ הזית","מרקאולאו, ספרד.אבסה,",,,"י""ח",750,"ל מ""ל",false,1,29.90,3.99,true,1,
7290002707134,false,"קמח חיטה לבן בהיר 1ק""ג",טחנות קמח מפרץ בעמ,,,"י""ח",1,"ק""ג",false,1,4.40,4.40,true,1,
7290002715504,false,ארוחת נודלס בטעם עוף מג`יק (70 גרם),נטו מלינדה סחר בע`מ,,,"י""ח",70,ל גרם,false,1,4.90,7,false,1,
7290002715511,false,ארוחת נודלס בטעם בשר מג`יק (70 גרם),נטו מילנדה סחר בעמ*,,,"י""ח",70,ל גרם,false,1,4.90,7,false,1,
7290002715528,false,ארוחת נודלס בטעם ירקות מג`יק (70 גרם),נטו מילנדה סחר בעמ*,,,"י""ח",70,ל גרם,false,1,4.90,7,false,1,
7290002715580,false,ארוחת נודלס בטעם סיני חריף מג'יק 70 גרם,נטו מילנדה סחר בעמ*,,,"י""ח",70,ל גרם,false,1,4.90,7,false,1,
7290002730262,false,נוזל לניקוי כלים קלאסי פלמוליב (750 מל),יבואן ומשווק: ש. שסט,,,"י""ח",750,"ל מ""ל",false,1,11.90,1.59,true,1,
7290002730675,false,"קולגייט משחת שיניים אדומה משפחתי 100 מ""ל",קולגייט-פלמוליב,,,"י""ח",100,"ל מ""ל",false,1,10.90,10.90,false,1,
7290002730811,false,"משחת שיניים ג'ל פסים מרעננים קולגייט 100 מ""ל",הנסיך- מפעל לייצור ט,,,"י""ח",138,ל גרם,false,1,12.90,9.35,true,1,
7290002730941,false,כדורי צמר גפן בלונס 100 יחידות,הנסיך- מפעל לייצור ט,,,"י""ח",100,ל גרם,false,1,5.90,5.90,false,1,
7290002730958,false,סבון מוצק בניחוח זיתים ואלוורה פלמוליב 4*100 גרם,הנסיך- מפעל לייצור ט,,,"י""ח",360,ל גרם,false,1,16.90,4.69,true,1,
7290002735014,false,מלווח ארוז יינון 800 גר`,קפוא-זן תעשיות מזון בעמ - תפוג,,,"י""ח",800,ל גרם,false,1,13.90,1.74,false,1,
7290002735021,false,ג`חנון ארוז 750 גר`יינון,קפוא-זן תעשיות מזון בעמ - תפוג,,,"י""ח",750,ל גרם,false,1,14.90,1.99,false,1,
7290002735113,false,בורקס גבינה ינון 800 גר`,קפוא-זן תעשיות מזון בעמ - תפוג,,,"י""ח",800,ל גרם,false,1,15.90,1.99,false,1,
7290002735120,false,"בורקס תפו""א ינון 800 גרם",קפוא-זן תעשיות מזון בעמ - תפוג,,,"י""ח",800,ל גרם,false,1,13.90,1.74,false,1,
7290002735274,false,ג'חנון אפוי ינון 600 גרם,קפוא-זן תעשיות מזון בעמ - תפוג,,,"י""ח",600,ל גרם,false,1,15.90,2.65,false,1,
7290002752332,false,"סוכריות מנטוס פירות בגליל, 37.5 גרם",הדקלאים אגודת שיתופי,,,"י""ח",37.50,ל גרם,false,1,3.30,8.80,true,1,
7290002752349,false,סוכריות מנטוס מנטה 40יח' בגליל 38ג',ליימן שליסל בעמ,,,"י""ח",37.50,ל גרם,false,1,3.30,8.80,true,1,
7290002752493,false,סוכריות טיק טק מנטה רביעיה 64 גרם,פרימיום-חברה לדברי מתיקה ולמסח,,,"י""ח",250,ל גרם,false,1,11.40,4.56,true,1,
7290002753223,false,רביעייה סוכריות תפוז 4*16 ג' טיק טק,פרימיום-חברה לדברי מתיקה ולמסח,,,"י""ח",1,,false,1,10.90,10.90,false,1,
7290002768036,false,"מי פה תיאדנט ענק מונע עששת 150מ""ל",החברה הדרומית לשיווק בעמ,,,"י""ח",1.50,"י""ח",false,1,13.90,9.27,false,1,
7290002768043,false,"תיאדנט מי-פה ענק פלאוריד 150 מ""ל",החברה הדרומית לשיווק בעמ,,,"י""ח",150,"ל מ""ל",false,1,13.90,9.27,false,1,
7290002768074,false,אל סבון נוזלי רגיל דרמפון 1 ליטר,החברה הדרומית לשיווק בעמ,,,"י""ח",1,ליטר,false,1,14.90,14.90,false,1,
7290002771104,false,קפה עם הל אל נחלה 500 גרם,קפה אל נחלה בני רפיק,,,"י""ח",500,ל גרם,false,1,31.90,6.38,false,1,
7290002771111,false,.קפה אלנחילה 250 גר עם הל,קפה אל נחלה בני רפיק,,,"י""ח",2.50,"י""ח",false,1,15.90,6.36,false,1,
7290002771128,false,קפה אלנח'לה בלי הל 250 ג',קפה אל נחלה בני רפיק,,,"י""ח",250,ל גרם,false,1,15.90,6.36,false,1,
7290002782131,false,"פנינה רוזנבלום - דאודורנט ספריי לאישה מס' 1 150 מ""ל","פנינה רוזנבלום בע""מ",,,"י""ח",150,"ל מ""ל",false,1,23.90,15.93,true,1,
7290002782759,false,קרם גוף מספר 2 פנינה רוזנבלום (340 מל),"פנינה רוזנבלום בע""מ",,,"י""ח",500,"ל מ""ל",false,1,23.90,4.78,true,1,
7290002814016,false,"מסיר שומנים מתז 750 מ""ל סנט מוריץ כשל""פ עד""ח",קומפלקס כימיקלסבעמ ~~~,,,"י""ח",750,"ל מ""ל",false,1,12.90,1.72,false,1,
7290002814078,false,סנט מוריץ נוזל לניקוי אמבט אנטרטיק 1ל',קומפלקס כימיקלסבעמ ~~~,,,"י""ח",1,ליטר,false,1,7.90,7.90,false,1,
7290002814597,false,סנט מוריץ טורנדו נוזל לפתיחת סתימות 1 לי,קומפלקס כימיקלסבעמ ~~~,,,"י""ח",1,ליטר,false,1,16.90,16.90,false,1,
7290002824183,false,"גבינה לבנה סקי 500 גרם 5% ""שטראוס"" -מוצר בפיקוח",שטראוס גרופ בעמ/מצונן,,,"י""ח",500,ל גרם,false,1,8.90,1.78,true,1,
7290002824466,false,יוגורט דנונה ביו לבן 0% שומן 200 גרם,שטראוס גרופ בעמ/מצונן,,,"י""ח",200,"ל מ""ל",false,1,3.30,1.65,true,1,
7290002824640,false,"גבינת סקי 250 גרם 5% ""שטראוס"" -מוצר בפיקוח",שטראוס גרופ בעמ/מצונן,,,"י""ח",250,ל גרם,false,1,4.97,1.99,true,1,
7290002825722,false,כרוב אדום במיונז אחלה (500 גרם),שטראוס גרופ בעמ/מצונן,,,"י""ח",500,ל גרם,false,1,15.90,3.18,true,1,
7290002842002,false,פתיתי שיבולת שועל קוואקר אנגלי מורנפלייק,ליימן שליסל בעמ,,,"י""ח",500,ל גרם,false,1,10.90,2.18,false,1,
7290002845799,false,זיתים שחורים טבעים,תאסת את אצלן בעמ,,,"י""ח",1,,false,1,5,5,false,1,
7290002868996,false,"קוטג' 5% שומן, רכיבים טבעיים, 250 גרם",*החברה המרכזית להפצת משקאותבעמ,,,"י""ח",250,ל גרם,false,1,5.70,2.28,true,1,
7290002900566,false,פסטרמה ברביקיו דל שומן טירת צבי 400 גרם,הנסיך- מפעל לייצור ט,,,"י""ח",360,ל גרם,false,1,25.90,7.19,false,1,
7290002904694,false,"טיטניום דאודורנט ספריי לגברים 150 מ""ל",החברה הדרומית לשיווק בעמ,,,"י""ח",150,"ל מ""ל",false,1,14.90,9.93,false,1,
7290002905462,false,מקל אלומיניום למטאטא,לפ סולומון סולור,,,"י""ח",1,,false,1,4.30,4.30,false,1,
7290002939498,false,שריר מספר 8 קפוא צרכני עטרה,נטו מלינדה סחר בעמ,,,"ק""ג",1,"ק""ג",true,1,52.90,52.90,true,1,
7290002939528,false,גידים בקר קפוא עטרה,נטו מלינדה סחר בעמ,,,"י""ח",1,,true,1,59.90,59.90,false,1,
7290002987963,false,"חומוס אחלה 1 ק""ג שטראוס",שטראוס גרופ בעמ/מצונן,,,"י""ח",1,"ק""ג",false,1,13.90,13.90,true,1,
7290003009329,false,בוטנים אמריקאיים קליית גת (200 גרם),הדקלאים אגודת שיתופי,,,"י""ח",200,ל גרם,false,1,5.90,2.95,true,1,
7290003009640,false,מיץ תפוזים סחוט רכיבים טבעיים פריגת 1 ליטר,*החברה המרכזית להפצת משקאותבעמ,,,"י""ח",1,ליטר,false,1,16.20,16.20,true,1,
7290003013036,false,צינורית זהב תומך,צבע ומכחול (2014) בעמ,,,"י""ח",1,,false,1,6.90,6.90,false,1,
7290003015641,false,"נוזל רצפות יסמין 2 ליטר ""ריצפז פרש""",החברה הדרומית לשיווק בעמ,,,"י""ח",2,ליטר,false,1,14.90,7.45,false,1,
7290003020027,false,רדיד אלומיניום ארוך,פאלאס תעשיות נטו (2014) בעמ,,,"י""ח",1,,false,1,8.90,8.90,false,1,
7290003020188,false,נייר אלומיניום 50 מקרון,פאלאס תעשיות נטו (2014) בעמ,,,"י""ח",1,,false,1,29.90,29.90,false,1,
7290003020355,false,רדיד אלומניום זוג}אלומפייל{,פאלאס תעשיות נטו (2014) בעמ,,,"י""ח",2,"י""ח",false,1,17.90,8.95,false,1,
7290003023196,false,"משקה יטבתה מוקה שקית 225 מ""ל",שטראוס גרופ בעמ (ח),,,"י""ח",225,"ל מ""ל",false,1,2.50,1.11,true,1,
7290003026036,false,"ד""ר פישר - קמיל בלו סנסיטיב אל סבון עדין לתינוק 1 ליטר","פישר תעשיות פרמבצטיות בע""מ",,,"י""ח",1,ליטר,false,1,32.90,32.90,true,1,
7290003026197,false,"קמיל בלו סנסטיב שמן טיפולי ד""ר פישר 500 מ""ל",פישר תעשיות פרמצבטיות בעמ,,,"י""ח",520,"ל מ""ל",false,1,30,5.77,true,1,
7290003029181,false,משקה יטבתה שוקו' בקבוק 1ל מהדרין,שטראוס גרופ בעמ/מצונן,,,"י""ח",1,ליטר,false,1,10.90,10.90,true,1,
7290003029372,false,יטבתה משקה בטעם בננה %3 בקבוק 1 ליטר,שטראוס גרופ בעמ/מצונן,,,"י""ח",1,ליטר,false,1,10.90,10.90,true,1,
7290003029389,false,"משקה חלב בננה פקק ספורט 250 מ""ל יוטבתה",שטראוס גרופ בעמ/מצונן,,,"י""ח",250,"ל מ""ל",false,1,4.90,1.96,true,1,
7290003029433,false,"משקה יטבתה שוקו פקק 250 מ""ל מהדרין",שטראוס גרופ בעמ/מצונן,,,"י""ח",250,"ל מ""ל",false,1,4.90,1.96,true,1,
7290003029532,false,מוקה בבקבוק יטבתה 1 ליטר מהדרין,שטראוס גרופ בעמ/מצונן,,,"י""ח",1,ליטר,false,1,10.90,10.90,true,1,
7290003029792,false,"משקה יטבתה שוקו שקיות מהדרין מארז 225X8מ""ל",שטראוס גרופ בעמ/מצונן,,,"י""ח",1.80,ליטר,false,1,17.50,9.72,true,1,
7290003029815,false,חלב מועשר 3% בכד יטבתה 2 ליטר,שטראוס גרופ בעמ/מצונן,,,"י""ח",2,ליטר,false,1,14.90,7.45,true,1,
7290003029884,false,"מוקה בשקית יטבתה 225 מ""ל מארז 6 יחידות",שטראוס גרופ בעמ (ח),,,"י""ח",1.40,ליטר,false,1,15.40,11,true,1,
7290003029907,false,משקה חלב אייס קפה 2% יטבתה (1 ליטר,שטראוס גרופ בעמ/מצונן,,,"י""ח",1,ליטר,false,1,10.90,10.90,true,1,
7290003031757,false,פסטרמה הודו בפפריקה מחפוד טירת צבי 400 גרם,תנובה מרכז שיתופי לשיווק תוצרת,,,"י""ח",400,ל גרם,false,1,27.90,6.98,false,1,
7290003047642,false,תה שחור יילו לייבל 100*1.5 ג' שקיק ליפטון,"יוניליוור ישראל שיווק בע""מ",,,"י""ח",150,ל גרם,false,1,12.90,8.60,false,1,
7290003054657,false,חרדל ריין דיז'ון אקסטרה פורטה 370 גרם,דיפלומט מפיצים (1968) בעמ**,,,"י""ח",370,ל גרם,false,1,11.50,3.11,false,1,
7290003078608,false,פפריקה חריפה בשמן 120 גרם,תבליני הדור השלישי,,,"י""ח",120,ל גרם,false,1,14.90,12.42,false,1,
7290003102280,false,צמרוני אוזניים עם שסתום טוליפס) (55,אינטרסן (1996) בעמ,,,"י""ח",1,"י""ח",false,1,3.90,3.90,false,1,
7290003102990,false,פדים להסרת איפור 80 יח',אינטרסן (1996) בעמ,,,"י""ח",1,,false,1,7.90,7.90,true,1,
7290003119509,false,פקדון בקבוק בירה ריק,שונות /שרות,,,"י""ח",1,"י""ח",false,1,1.20,1.20,false,1,
7290003121090,false,ארוחת נודלס ירקות בשקית מג'יק 85 גרם,נטו מלינדה סחר בעמ,,,"י""ח",85,ל גרם,false,1,2.50,2.94,false,1,
7290003121106,false,ארוחת נודלס טעם עוף בשקית מג'יק 85 גרם,נטו מילנדה סחר בעמ*,,,"י""ח",85,ל גרם,false,1,3.90,4.59,false,1,
7290003126712,false,יוגורט עיזים מחלב מלא 3.7% משק צוריאל 150 גרם,*החברה המרכזית להפצת משקאותבעמ,,,"י""ח",140,"ל מ""ל",false,1,5.70,4.07,true,1,
7290003126958,false,טופו גבינה גוש בואקום צוריאל 300 ג',*החברה המרכזית להפצת משקאותבעמ,,,"י""ח",300,ל גרם,false,1,12.70,4.23,false,1,
7290003127597,false,שקית שרות קופה גופיה,שונות /שרות,,,"י""ח",1,,false,1,0.10,0.10,false,1,
7290003185719,false,קבב רומני טיבון ויל 500 גרם,טיבון ויל אחזקות בעמ,,,"י""ח",500,ל גרם,false,1,20.90,4.18,true,1,
7290003185726,false,קבב מזרחי טיבון ויל 500 גרם,טיבון ויל אחזקות בעמ,,,"י""ח",500,ל גרם,false,1,19.90,3.98,true,1,
7290003199273,false,צמר פלדה 200 גרם ינה,ח.כהן סוכנות מזון ומשקאות בע,,,"י""ח",200,ל גרם,false,1,6.90,3.45,false,1,
7290003229109,false,פסטרמה הודו בפפריקה טירת צבי (400 גרם),תנובה מרכז שיתופי לשיווק תוצרת,,,"י""ח",400,ל גרם,false,1,25.90,6.48,false,1,
7290003229116,false,פסטרמה הודו בדבש שומן טירת צבי 400 גרם,תנובה מרכז שיתופי לשיווק תוצרת,,,"י""ח",400,ל גרם,false,1,25.90,6.48,false,1,
7290003229192,false,נקניק כתף בקר מעושן 2% טירת צבי 400 גרם,תנובה מרכז שיתופי לשיווק תוצרת,,,"י""ח",400,ל גרם,false,1,25.90,6.48,false,1,
7290003229208,false,פסטרמה ספרדית 2% טירת צבי 360 גרם,תנובה מרכז שיתופי לשיווק תוצרת,,,"י""ח",360,ל גרם,false,1,24.90,6.92,false,1,
7290003229215,false,פסטרמה איטלקית 3.5% טירת צבי 360 גרם,תנובה מרכז שיתופי לשיווק תוצרת,,,"י""ח",360,ל גרם,false,1,25.90,7.19,false,1,
7290003258284,false,"קרם גוף מס' 3 350 מ""ל פנינה רוזנבלום",פנינה רוזנבלום בעמ,,,"י""ח",400,"ל מ""ל",false,1,28.90,7.23,false,1,
7290003258291,false,"דאודורנט ספריי לנשים 150 מ""ל פנינה רוזנבלום",פנינה רוזנבלום בעמ,,,"י""ח",100,"ל מ""ל",false,1,16.90,16.90,true,1,
7290003321155,false,יוגורט בר עם פקאן מצופה שוקולד 183 ג' דנונה,שטראוס גרופ בעמ/מצונן,,,"י""ח",175,"ל מ""ל",false,1,4.30,2.46,true,1,
7290003397136,false,בדית תחבושות 18 יחידות,כ. כיפות שיווק וסחר בעמ,,,"י""ח",1,,false,1,7.90,7.90,false,1,
7290003401369,false,"קרם לחות לשיער חוחובה נטורל פורמולה 400 מ""ל",החברה הדרומית לשיווק בעמ,,,"י""ח",400,"ל מ""ל",false,1,21.90,5.48,false,1,
7290003401420,false,"קרם לחות לשיער סיליקון כתום נטורל 400 מ""ל",החברה הדרומית לשיווק בעמ,,,"י""ח",400,"ל מ""ל",false,1,21.90,5.48,false,1,
7290003411054,false,שקיות צליה גדול דליקטס רוסטי הנמל 5יח`,הנמל אריזות ושיווק (1984) בעמ,,,"י""ח",5,"י""ח",false,1,5.10,1.02,false,1,
7290003411757,false,"צלחות 1 ק""ג הנמל",הנמל אריזות ושווק בעמ,,,"י""ח",1,"ק""ג",false,1,34.90,34.90,false,1,
7290003427154,false,"שמן זית כתית מעולה טעם מעודן זיתא 750 מ""ל",תה ויסוצקי (ישראל) בעמ,,,"י""ח",750,"ל מ""ל",false,1,37.90,5.05,true,1,
7290003438006,false,ממרח אולביה פסטו וצנובר איטלקי 190ג',תה ויסוצקי (ישראל) בעמ,,,"י""ח",190,ל גרם,false,1,13.90,7.32,true,1,
7290003438020,false,אוליביה ממרח עגבניות מיובשות (190 גרם),תה ויסוצקי (ישראל) בעמ,,,"י""ח",190,ל גרם,false,1,13.90,7.32,true,1,
7290003438709,false,ממרח אולביה זיתים שחורים וירוקים 190 ג',תה ויסוצקי (ישראל) בעמ,,,"י""ח",190,ל גרם,false,1,13.90,7.32,true,1,
7290003438990,false,עיטורי עגבניות מיובשות וזיתים אוליביה 280 ג',תה ויסוצקי (ישראל) בעמ,,,"י""ח",220,ל גרם,false,1,18.90,8.59,true,1,
7290003461677,false,"חומוס אסלי 1 ק""ג}שמיר{","סלטי שמיר 2006 בע""מ",,,"י""ח",1,"ק""ג",false,1,15.90,15.90,true,1,
7290003461868,false,"חציל במיונז אסלי שמיר 1 ק""ג","סלטי שמיר 2006 בע""מ",,,"י""ח",1,"ק""ג",false,1,15.90,15.90,true,1,
7290003521074,false,סרקל מרכך שיער לילדים דר. פישר (1 ליטר),"פישר תעשיות פרמבצטיות בע""מ",,,"י""ח",1,ליטר,false,1,29.90,29.90,false,1,
7290003521166,false,"ד""ר פישר - סרקל קרם רוזמרין לילדים 325 מ""ל","פישר תעשיות פרמבצטיות בע""מ",,,"י""ח",325,ל גרם,false,1,25.90,7.97,false,1,
7290003521395,false,"קמיל בלו סנסיטיב אל סבון ד""ר פישר 2 ליטר","פישר תעשיות פרמבצטיות בע""מ",,,"י""ח",2,ליטר,false,1,39.90,19.95,false,1,
7290003521463,false,"קמיל בלו שמפו לשיער אל דמע ד""ר פישר 2 ליטר","פישר תעשיות פרמצביטות בע""מ",,,"י""ח",2,ליטר,false,1,39.90,19.95,false,1,
7290003525461,false,סלט טונה פיקנטי ויליגר 160 גרם,נטו מילנדה סחר בעמ*,,,"י""ח",160,ל גרם,false,1,5.90,3.69,false,1,
7290003550753,false,נתחי טונה בהירה בשמן פוסידון (108x4 גרם),"מיוצר עי וליגר בעמ,",,,"י""ח",340,ל גרם,false,1,21.90,6.44,false,1,
7290003578108,false,חתיכות אננס בסירופ קל וילי פוד (850 גרם),ג.וילי פוד אינטרנשיונל בעמ,,,"י""ח",820,ל גרם,false,1,9.50,1.16,false,1,
7290003643004,false,אורז בסמטי קלאסי סוגת (1 קג),האי נאם סי או אל.טי.,,,"י""ח",1,"ק""ג",false,1,13.90,13.90,false,1,
7290003643387,false,"סוכר אריזת פלסטיק 1 ק""ג סוגת",האי נאם סי או אל.טי.,,,"י""ח",1,"ק""ג",false,1,8.50,8.50,false,1,
7290003643646,false,"סוכר דמררה קלאסי בצנצנת סוגת 1 ק""ג",האי נאם סי או אל.טי.,,,"י""ח",1,"ק""ג",false,1,13.90,13.90,false,1,
7290003643707,false,גריסים סוגת (500 גרם),"סוגת תעשיות בע""מ",,,"י""ח",500,ל גרם,false,1,4.90,0.98,true,1,
7290003643714,false,חומוס גרגירים 500 גרם סוגת,האי נאם סי או אל.טי.,,,"י""ח",500,ל גרם,false,1,7.90,1.58,true,1,
7290003643738,false,חיטה סוגת (500 גרם),האי נאם סי או אל.טי.,,,"י""ח",500,ל גרם,false,1,4.90,0.98,true,1,
7290003643745,false,כוסמת סוגת (500 גרם),האי נאם סי או אל.טי.,,,"י""ח",500,ל גרם,false,1,8.90,1.78,true,1,
7290003643752,false,עדשים ירוקים יבש סוגת 500 גר',האי נאם סי או אל.טי.,,,"י""ח",500,ל גרם,false,1,8.90,1.78,true,1,
7290003643769,false,עדשים אדומים יבש סוגת 500 גר',"סוגת תעשיות בע""\מ",,,"י""ח",500,ל גרם,false,1,8.90,1.78,true,1,
7290003643776,false,"פופקורן גרעינים סוגת 500 ג' כשל""פ",האי נאם סי או אל.טי.,,,"י""ח",500,ל גרם,false,1,6.90,1.38,true,1,
7290003643806,false,שעועית לבנה יבשה סוגת (500 גרם),האי נאם סי או אל.טי.,,,"י""ח",500,ל גרם,false,1,11.90,2.38,true,1,
7290003643820,false,חומוס ענק יבש סוגת 500 גרם,"סוגת תעשיות בע""\מ",,,"י""ח",500,ל גרם,false,1,9.90,1.98,true,1,
7290003681242,false,זעתר בצנצנת מיה 50 גרם,מיה תעשיות מזון מ.ת.מ בעמ,,,"י""ח",50,ל גרם,false,1,6.30,12.60,false,1,
7290003681303,false,שעועית מעורבת יבשה מיה 500 גר',מיה תעשיות מזון מ.ת.מ. בעמ,,,"י""ח",500,ל גרם,false,1,7.90,1.58,false,1,
7290003681334,false,"קוקוס 400 גרם מיה בד""צ",מיה תעשיות מזון מ.ת.מ. בעמ,,,"י""ח",400,ל גרם,false,1,8.90,2.23,false,1,
7290003681365,false,קישוט לעוגה צבעוני בבצנצנת מיה 80 גרם,מיה תעשיות מזון מ.ת.מ. בעמ,,,"י""ח",200,ל גרם,false,1,4.90,2.45,false,1,
7290003681693,false,חומוס לבן ענק יבש מיה 500 גר',מיה תעשיות מזון מ.ת.מ. בעמ,,,"י""ח",500,ל גרם,false,1,8.90,1.78,false,1,
7290003681716,false,גריסי פנינה מיה (500 גרם),מיה תעשיות מזון מ.ת.מ. בעמ,,,"י""ח",500,ל גרם,false,1,5.90,1.18,false,1,
7290003681723,false,תבלין לפיצה בצנצנת מיה 80 גרם,מיה תעשיות מזון מ.ת.מ בעמ,,,"י""ח",100,ל גרם,false,1,6.30,6.30,false,1,
7290003681730,false,גריל דג בצנצנת מיה 80 גרם,מיה תעשיות מזון מ.ת.מ בעמ,,,"י""ח",80,ל גרם,false,1,6.30,7.88,false,1,
7290003681747,false,תבלין גריל בשר בשקית 80 גר' מיה,מיה תעשיות מזון מ.ת.מ בעמ,,,"י""ח",100,ל גרם,false,1,6.30,6.30,false,1,
7290003681761,false,גבישי שום בצנצנת מיה 80 גרם,מיה תעשיות מזון מ.ת.מ בעמ,,,"י""ח",800,ל גרם,false,1,11.90,1.49,false,1,
7290003681792,false,סוכריות טופי פירות מיה (850 גרם),מיה תעשיות מזון מ.ת.מ. בעמ,,,"י""ח",850,ל גרם,false,1,16.90,1.99,true,1,
7290003681921,false,"סוכריות טופי פירות מיה 200 ג' בד""ץ'",מיה תעשיות מזון מ.ת.מ בעמ,,,"י""ח",200,ל גרם,false,1,6.10,3.05,true,1,
7290003719259,false,לחם אקסקלוסיבי פרוס ליבו (1 קג),מאפית י את א ברמן בע,,,"י""ח",1,"ק""ג",false,1,15.90,15.90,false,1,
7290003781065,false,מלפפונים בחומץ קטנים מאוד וילי פוד 370 גרם,ג. וילי-פוד אינטרנשיונל בע`מ,,,"י""ח",690,ל גרם,false,1,9.90,1.43,false,1,
7290003781652,false,צלפים במי מלח וילי פוד 230 גרם,ג. וילי-פוד אינטרנשיונל בע`מ,,,"י""ח",370,ל גרם,false,1,8.90,2.41,false,1,
7290003804368,false,תיבוליות בזיליקום קנור (8 יח`- 72 גרם),"יוניליוור ישראל שיווק בע""מ",,,"י""ח",72,ל גרם,false,1,7.90,10.97,true,1,
7290003804382,false,תיבוליות פטריות קנור (8 יח`- 72 גרם),יוניליוור ישראל שיווק בע`מ,,,"י""ח",72,ל גרם,false,1,7.90,10.97,true,1,
7290003805501,false,"פתית בסגנון שוודי תלמה בד""צ 300 גרם",יוניליוור ישראל שיווק בע`מ,,,"י""ח",300,ל גרם,false,1,14.90,4.97,false,1,
7290003805587,false,"פתית חיטה מלאה בד""צ 250 גרם-קופסא",יוניליוור ישראל שיווק בע`מ,,,"י""ח",250,ל גרם,false,1,14.90,5.96,false,1,
7290003807178,false,"רוטב קנור סויה בסגנון סיני 300 מ""ל","יוניליוור ישראל שיווק בע""מ",,,"י""ח",300,"ל מ""ל",false,1,10.90,3.63,true,1,
7290003807482,false,קנור רוטב טריאקי מופחת נתרן 370 גרם,"יוניליוור ישראל שיווק בע""מ",,,"י""ח",370,"ל מ""ל",false,1,10.90,2.95,true,1,
7290003864478,false,סרדינים בשמן צמחי פתח קל ויליפוד 110 גרם,ג.וילי-פוד אינטרנשיונל בעמ,,,"י""ח",110,ל גרם,false,1,4.90,4.45,true,1,
7290003864485,false,סרדינים ברוטב עגבנ יות ויליפוד 110ג' פתח קל,ג. וילי-פוד אינטרנשיונל בע`מ,,,"י""ח",110,ל גרם,false,1,4.90,4.45,true,1,
7290003864492,false,סרדין בשמן צמחי חריף פתח קל ויליפוד 110 גרם,ג. וילי-פוד אינטרנשיונל בע`מ,,,"י""ח",110,ל גרם,false,1,4.90,4.45,true,1,
7290003882922,false,עלי גפן ממולאים באורז וילי פוד 360 גרם,ג. וילי-פוד אינטרנשיונל בע`מ,,,"י""ח",400,ל גרם,false,1,7.90,1.98,false,1,
7290003896141,false,חטיף ספרדי פיקנטי אלמנדוס 200 גרם,הדקלאים אגודת שיתופי,,,"י""ח",200,ל גרם,false,1,9.40,4.70,true,1,
7290003903771,false,קפה נמס קפוצ'ינו רגיל 200 ג',שטראוס גרופ בע`מ,,,"י""ח",200,ל גרם,false,1,24.20,12.10,true,1,
7290003989096,false,סלט חצילים פיקנטי אחלה 500 גרם,שטראוס גרופ בעמ/מצונן,,,"י""ח",500,ל גרם,false,1,14.90,2.98,true,1,
7290003989539,false,רביולי עם גבינה שטראוס (400 גרם),שטראוס גרופ בעמ/מצונן,,,"י""ח",400,ל גרם,false,1,19.90,4.98,true,1,
7290003989553,false,פסטה טורטליני גבינה ופטריות 400 גרם,שטראוס גרופ בעמ/מצונן,,,"י""ח",400,ל גרם,false,1,19.90,4.98,true,1,
7290003996049,false,פטרוזיליה טרי ארוז חסלט,יעל ירק עלים לשיווק בעמ,,,"י""ח",1,"י""ח",false,1,6.80,6.80,false,1,
7290003996056,false,כוסברה חסלט כפרי טרי,יעל ירק עלים לשיווק בעמ,,,"י""ח",1,,false,1,6.80,6.80,false,1,
7290003996094,false,סלרי אמריקאי חסלט כפרי טרי,ביכורי השדה הצפון בעמ` 1964,,,"י""ח",1,"י""ח",false,1,7.80,7.80,false,1,
7290004048679,false,קובה למרק שלושת האופים(כ 18 יח`- 1 קג),נטו מלינדה סחר בעמ,,,"י""ח",1,"ק""ג",false,1,21.90,21.90,false,1,
7290004061487,false,טבעות עוף700 גר`טופ שף,קפוא-זן תעשיות מזון בעמ - תפוג,,,"י""ח",700,ל גרם,false,1,16.90,2.41,true,1,
7290004061494,false,נגיסי עוף 700 גר`טופ שף,קפוא-זן תעשיות מזון בעמ - תפוג,,,"י""ח",700,ל גרם,false,1,16.90,2.41,true,1,
7290004063115,false,"מלח מטבח עבה להמלחת בשר ובישול 1 ק""ג 1ק""ג",האי נאם סי או אל.טי.,,,"י""ח",1,"ק""ג",false,1,1.70,1.70,false,1,
7290004078263,false,מקלות אוזניים פלסטיק 2* 200 יחידות,ש. שסטוביץ בע`מ,,,"י""ח",1,,false,1,11.70,11.70,false,1,
7290004078942,false,ליידי ספיד סטיק - דאודורנט ג'ל לאישה 65 גרם,קולגייט-פלמוליב,,,"י""ח",63,ל גרם,false,1,19.90,31.59,false,1,
7290004091248,false,וזלין פטרוליום אינטנסיב קאר ג'ל 106 גר',יוניליוור ישראל שיווק בע`מ,,,"י""ח",106,"ל מ""ל",false,1,12.90,12.17,false,1,
7290004091255,false,ג'ל פטרוליום טהור 100% וזלין 212 גרם,יוניליוור ישראל שיווק בע`מ,,,"י""ח",225,"ל מ""ל",false,1,16.90,7.51,false,1,
7290004119133,false,כד יוגורט תנובה 6.5% שומן 1.5 ליטר,מיוצר עי קונדיטוריית,,,"י""ח",1.50,ליטר,false,1,17.50,11.67,false,1,
7290004119225,false,יוגורט יופלה אננס 3% שומן 150 גרם,תנובה מרכז שיתופי לש,,,"י""ח",150,"ל מ""ל",false,1,5,3.33,false,1,
7290004120061,false,מעדן חלב בטעם שוקו וניל שוניל 2% קרלו 125 גרם,תנובה מרכז שיתופי לש,,,"י""ח",125,"ל מ""ל",false,1,3,2.40,false,1,
7290004120108,false,יוגורט יופלה דיאט דובדבן 0% שומן 150גרם,תנובה מרכז שיתופי לש,,,"י""ח",150,"ל מ""ל",false,1,5,3.33,false,1,
7290004120566,false,גבינה בולגרית (25024% גרם)פיראוס תנובה,"תנובה בע""מ ***",,,"י""ח",250,ל גרם,false,1,22.90,9.16,true,1,
7290004120573,false,גבינה בולגרית (25016% גרם)פיראוס תנובה,תנובה מרכז שיתופי לש,,,"י""ח",250,ל גרם,false,1,23.20,9.28,false,1,
7290004120634,false,גבינה בולגרית (2505% גרם)פיראוס תנובה,תנובה מרכז שיתופי לש,,,"י""ח",250,ל גרם,false,1,21.90,8.76,true,1,
7290004121488,false,יוגורט ביו דיאט 0% אפרסק יופלה (150 גרם),תנובה מרכז שיתופי לש,,,"י""ח",150,"ל מ""ל",false,1,5,3.33,false,1,
7290004121853,false,גבינה בולגרית קוביות (2005% גרם)פיראוס,תנובה מרכז שיתופי לש,,,"י""ח",200,ל גרם,false,1,21.90,10.95,false,1,
7290004122195,false,גוש חלב גבינה צהובה פרוסה 28% תנובה 200 גרם,"תנובה בע""מ ***",,,"י""ח",200,ל גרם,false,1,12.90,6.45,false,1,
7290004122348,false,גבינה צהובה מופחתת שומן 9% עמק (200 גרם),תנובה מרכז שיתופי לש,,,"י""ח",200,ל גרם,false,1,15.90,7.95,true,1,
7290004122676,false,גבינה חמד לייט (2505% גרם)פיראוס תנובה,תנובה מרכז שיתופי לש,,,"י""ח",250,ל גרם,false,1,16.90,6.76,true,1,
7290004122683,false,עמק חטיף אצבעות גבינה חצי קשה 28% שומן,תנובה מרכז שיתופי לש,,,"י""ח",172,ל גרם,false,1,16.40,9.53,true,1,
7290004124847,false,"קצפת צמחית השף הלבן 500 מ""ל תנובה",תנובה מרכז שיתופי לש,,,"י""ח",500,"ל מ""ל",false,1,14.90,2.98,true,1,
7290004125370,false,"שמנת חמוצה 9% מופחתת שומן תנובה 200 מ""ל מהדרין",תנובה מרכז שיתופי לש,,,"י""ח",200,"ל מ""ל",false,1,3.70,1.85,false,1,
7290004125400,false,"אשל שלי מהדרין 200 מ""ל 4.5% ""תנובה""- מוצר בפיקוח",פארייפאבה אגרואינדוס,,,"י""ח",200,"ל מ""ל",false,1,1.69,0.85,false,1,
7290004125417,false,"גיל 3% שלי 200 מ""ל ""תנובה"" -מוצר בפיקוח",תנובה מרכז שיתופי לש,,,"י""ח",200,ל גרם,false,1,1.51,0.76,false,1,
7290004125455,false,"שמנת חמוצה 200 מ""ל 15% ""תנובה"" -מוצר בפיקוח",תנובה מרכז שיתופי לש,,,"י""ח",200,"ל מ""ל",false,1,2.40,1.20,false,1,
7290004125462,false,"שמנת חמוצה 15% תנובה 500 מ""ל מהדרין",תנובה מרכז שיתופי לש,,,"י""ח",500,"ל מ""ל",false,1,6,1.20,false,1,
7290004125509,false,"שמנת חמוצה 15% מועשרת תנובה 100 מ""ל",תנובה מרכז שיתופי לש,,,"י""ח",100,"ל מ""ל",false,1,1.60,1.60,false,1,
7290004125578,false,משקה סויה מועשר בסידן 1 ל`תנובה,תנובה מרכז שיתופי לש,,,"י""ח",1,ליטר,false,1,10.90,10.90,true,1,
7290004125585,false,משקה סויה בטעם וניל תנובה 1 ליטר,תנובה מרכז שיתופי לש,,,"י""ח",1,ליטר,false,1,10.90,10.90,true,1,
7290004125721,false,"השף הלבן שמנת עמידה לבישול 15% תנובה 250 מ""ל",תנובה מרכז שיתופי לש,,,"י""ח",250,"ל מ""ל",false,1,8.20,3.28,false,1,
7290004125738,false,שמנת מתוקה להקצפה32% 250מל עמיד השף הלבן,תנובה מרכז שיתופי לש,,,"י""ח",250,"ל מ""ל",false,1,6.50,2.60,false,1,
7290004125776,false,גבינה צהובה קלאסית 28% עמק (400 גרם),"תנובה בע""מ ***",,,"י""ח",400,ל גרם,false,1,27.90,6.98,true,1,
7290004126759,false,דאיט יופלה פירות יער טו יוג פרי 150גר.,"תנובה בע""מ ***",,,"י""ח",150,"ל מ""ל",false,1,5,3.33,false,1,
7290004127077,false,קוטג תנובה 3% גביע 250 גרם מהדרין,מיוצר עי קונדיטוריית,,,"י""ח",250,ל גרם,false,1,5.50,2.20,false,1,
7290004127336,false,קוטג תנובה גביע 250 גרם %9 ו.מהדרין,מיוצר עי קונדיטוריית,,,"י""ח",250,ל גרם,false,1,5.50,2.20,false,1,
7290004127800,false,"גבינה לבנה 500 גרם 5% ""תנובה"" -מוצר בפיקוח",מיוצר עי קונדיטוריית,,,"י""ח",500,ל גרם,false,1,9.96,1.99,false,1,
7290004127817,false,גבינה לבנה 9% שומן 500 ג' תנובה,מיוצר עי קונדיטוריית,,,"י""ח",500,ל גרם,false,1,9.50,1.90,false,1,
7290004127862,false,"גבינה לבנה 750 גרם 5% ""תנובה"" - מוצר בפיקוח",תנובה מרכז שיתופי לש,,,"י""ח",750,ל גרם,false,1,14.94,1.99,true,1,
7290004128333,false,לאבנה על בסיס יוגורט %9 שומן 500 ג' פיראוס,תנובה בעמ ***,,,"י""ח",500,ל גרם,false,1,20,4,false,1,
7290004128340,false,קרם גבינת שמנת %5 בטעם טבעי 200 ג' תנובה,תנובה בעמ ***,,,"י""ח",200,ל גרם,false,1,11.50,5.75,false,1,
7290004129101,false,גבינת שמנת 25% בטעם טבעי 225 ג' נפוליאון,תנובה מרכז שיתופי לש,,,"י""ח",225,ל גרם,false,1,14.20,6.31,false,1,
7290004129156,false,גבינת שמנת25% עם שום שמיר 225 ג' נפוליאון,תנובה מרכז שיתופי לש,,,"י""ח",225,ל גרם,false,1,14.20,6.31,false,1,
7290004130794,false,משקה סויה במתיקות מופחתת תנובה (1 ליטר),תנובה מרכז שיתופי לש,,,"י""ח",1,ליטר,false,1,10.90,10.90,true,1,
7290004130916,false,יוגורט יופלה פירות יער בשמנת 3% 150 גרם,תנובה מרכז שיתופי לש,,,"י""ח",150,"ל מ""ל",false,1,5,3.33,false,1,
7290004131074,false,"חלב 1 ליטר 3% קרטון ""תנובה""- מוצר בפיקוח",תנובה מרכז שיתופי לש,,,"י""ח",1,ליטר,false,1,6.23,6.23,false,1,
7290004131814,false,גבינת צפתית מעודנת (2005% גרם)פיראוס ת,פארייפאבה אגרואינדוס,,,"י""ח",200,ל גרם,false,1,13.90,6.95,false,1,
7290004132552,false,משקה סויה בטעם טבעי לייט תנובה 1 ליטר,תנובה מרכז שיתופי לש,,,"י""ח",1,ליטר,false,1,10.90,10.90,true,1,
7290004132712,false,חטיף אצבעות גבינת מוצרלה 20% 172 ג' עמק,תנובה מרכז שיתופי לש,,,"י""ח",172,ל גרם,false,1,16.90,9.83,true,1,
7290004134945,false,יוגורט ביו 3% בטעם מוקה יופלה (150 גרם),תנובה מרכז שיתופי לש,,,"י""ח",150,"ל מ""ל",false,1,5,3.33,false,1,
7290004136857,false,מעדן ג`לי בטעם פטל תנובה (125 גרם),תנובה מרכז שיתופי לש,,,"י""ח",125,"ל מ""ל",false,1,2.30,1.84,false,1,
7290004136871,false,מעדן ג'לי בטעם אפרסק עם חתיכות תנובה 125 גרם,תנובה מרכז שיתופי לש,,,"י""ח",125,"ל מ""ל",false,1,1.90,1.52,false,1,
7290004137021,false,"שמנת עמידה לבישול מופחת שומן 10% השף הלבן 250 מ""ל",תנובה מרכז שיתופי לש,,,"י""ח",250,"ל מ""ל",false,1,8.20,3.28,false,1,
7290004137311,false,גבינה צהובה מופחתת שומן 9% עמק (400 גרם),"תנובה בע""מ ***",,,"י""ח",400,ל גרם,false,1,30.90,7.73,true,1,
7290004146993,false,נקה 7 מרכך שיער צבוע ומובהר 750 מל,החברה הדרומית לשיווק בעמ,,,"י""ח",750,"ל מ""ל",false,1,11.90,1.59,false,1,
7290004199203,false,קיסמי שיניים במבוק מלחיה לב הוסטס (300),הדקלאים אגודת שיתופי,,,"י""ח",1,,false,1,3.90,3.90,true,1,
7290004199241,false,נרות חימום חסידים 50 יחידות,אינטרסן (1996) בעמ,,,"י""ח",50,"י""ח",false,1,12.90,0.26,true,1,
7290004199579,false,פלסטר מעורב 100 יח' - SUNNY PLASTER,הדקלאים אגודת שיתופי,,,"י""ח",100,"י""ח",false,1,9.90,0.10,true,1,
7290004199777,false,צימרוני אוזניים פלסטיק בכוס 300 יחידות אינטרסאן,אינטרסן (1996) בעמ,,,"י""ח",1,,false,1,7.90,7.90,true,1,
7290004199791,false,כפפות M לטקס עם איבוק עדין 100 יח- SAFE TOUCH,אינטרסן (1996) בעמ,,,"י""ח",1,,false,1,22.90,22.90,true,1,
7290004199807,false,כפפות L לטקס עם איבוק עדין 100 יח- SAFE TOUCH,אינטרסן (1996) בעמ,,,"י""ח",1,,false,1,22.90,22.90,true,1,
7290004199821,false,אטבי כביסה סופר 24 יח',אינטרסן (1996) בעמ,,,"י""ח",1,,false,1,4.90,4.90,true,1,
7290004263652,false,נקניקיות עוף עטרה (400 גרם),נטו מלינדה סחר - עטרה,,,"י""ח",400,ל גרם,false,1,8.90,2.23,true,1,
7290004263676,false,בשר הודו קפוא טחון חלק עטרה (500 גרם),נטו מלינדה סחר - עטרה,,,"י""ח",500,ל גרם,false,1,12.90,2.58,false,1,
7290004324858,false,קבב כבש טיבון ויל 500 גרם,"טיבון ויל אחזקות בע""",,,"י""ח",500,ל גרם,false,1,19.90,3.98,true,1,
7290004492274,false,בייגלה טבעות מלוחות בייגל בייגל 400 גרם,"יוניליוור ישראל שיווק בע""מ",,,"י""ח",400,ל גרם,false,1,9.90,2.48,true,1,
7290004492762,false,"נשנושים תירס אפוי טעם טבעי בייגל בייגל 325 גרם בד""צ",יוניליוור ישראל שיווק בע`מ,,,"י""ח",325,ל גרם,false,1,11.90,3.66,false,1,
7290004494063,false,יין דלתון פטיט סירה 750 מל,הכרם -משקאות חריפים בעמ,,,"י""ח",750,"ל מ""ל",false,1,49.90,6.61,false,1,
7290004494131,false,יין דלתון קברנה סוביניון גליל,הכרם - משקאות חריפים בעמ,,,"י""ח",750,"ל מ""ל",false,1,49.90,6.61,false,1,
7290004554330,false,"קרחון בטעם דובדבן ""שטראוס""","מיוצר ע""\י גלידת שטראוס",,,"י""ח",1,,false,1,1.90,1.90,true,1,
7290004554354,false,גלידת פנטזיה שוקו וניל 1 ל' שטראוס,"גלידת שטראוס בע""\מ, רחוב",,,"י""ח",900,"ל מ""ל",false,1,17.90,1.99,false,1,
7290004575571,false,טילון וניל חלבי ריאו 60ג',ריאו נתניה ביחר לגלידה,,,"י""ח",60,ל גרם,false,1,3.90,6.50,false,1,
7290004584351,false,גבינה לבנה סימפוניה עם תוספות 200 ג' חמישית 200,שטראוס גרופ בעמ/מצונן,,,"י""ח",200,ל גרם,false,1,7.90,3.95,true,1,
7290004584528,false,יוגורט דנונה ביו לבן 1.7% שומן 200 גרם,שטראוס גרופ בעמ/מצונן,,,"י""ח",200,"ל מ""ל",false,1,3.30,1.65,true,1,
7290004585907,false,דני ועדן וניל 1.5% 125ג' שטראוס,שטראוס גרופ בעמ/מצונן,,,"י""ח",130,"ל מ""ל",false,1,2.40,1.85,true,1,
7290004639006,false,קוסקוס תונסאי קפוא מטעמי פאר (800 גרם),מטעמי פאר (א.מ.נ) בעמ,,,"י""ח",800,ל גרם,false,1,15.90,1.99,false,1,
7290004685430,false,100% לחם כומסין 500 גר לחם הארץ,מאפית י את א ברמן בע,,,"י""ח",1,,false,1,15.90,15.90,false,1,
7290004731083,false,אל סבון נוזלי ג`ינסנג כיף (1 ליטר),החברה הדרומית לשיווק בעמ,,,"י""ח",1,ליטר,false,1,13.90,13.90,false,1,
7290004731090,false,אל סבון נוזלי קמומיל כיף (1 ליטר),החברה הדרומית לשיווק בעמ,,,"י""ח",1,ליטר,false,1,13.90,13.90,false,1,
7290004731472,false,"אל סבון צבעוני כיף שלישיה* 500 מ""ל",החברה הדרומית לשיווק בעמ,,,"י""ח",1.50,ליטר,false,1,18.90,12.60,false,1,
7290004731557,false,"מקסימה תרסיס מרכך ומבשם כביסה במייבש מאסק סנו 750 מ""ל",החברה הדרומית לשיווק בעמ,,,"י""ח",750,"ל מ""ל",false,1,17.90,2.39,true,1,
7290004737900,false,חלב כחוש מרוכז וממותק בתוספת שמן צמחי ויליפוד 397 גרם,ג. וילי-פוד אינטרנשיונל בע`מ,,,"י""ח",397,ל גרם,false,1,9.90,2.49,false,1,
7290004861315,false,לבנה טבעי/ירקות שקיל 5%,מחלבות המושבה בעמ,,,"ק""ג",1,,true,1,39.90,39.90,false,1,
7290004872229,false,"שלגון שוקולד כלפ. 48*67גרם חת""ס",תות תעשיות מזון (201,,,"י""ח",1,,false,1,6.90,6.90,true,1,
7290004872731,false,טילון וניל אקסטרים נסטלה 72 גרם,גלידות נסטלה,,,"י""ח",1,,false,1,8.90,8.90,true,1,
7290004944032,false,חומוס אמיתי אסלי שמיר 400 גרם,"סלטי שמיר 2006 בע""מ",,,"י""ח",400,ל גרם,false,1,9.90,2.48,true,1,
7290004944049,false,טחינה אסלי שמיר 400 גרם,"סלטי שמיר 2006 בע""מ",,,"י""ח",400,ל גרם,false,1,9.90,2.48,true,1,
7290004944056,false,סדרת האסלי חציל במיונז שמיר 400 גרם,"סלטי שמיר 2006 בע""מ",,,"י""ח",400,ל גרם,false,1,9.90,2.48,true,1,
7290004944063,false,סלט תורכי אסלי שמיר 400 ג',"סלטי שמיר 2006 בע""מ",,,"י""ח",400,ל גרם,false,1,10.90,2.73,true,1,
7290005068058,false,תירס קל מופחת קלוריות 550 ג' פרי הגליל,ויטה- פרי גליל (החדשה) בעמ,,,"י""ח",550,ל גרם,false,1,7.90,1.44,false,1,
7290005100246,false,עוגת שמרים קינמון,ג נרל מילס ישראל בעמ,,,"י""ח",1,,false,1,24.90,24.90,false,1,
7290005174513,false,חציל על האש במיונז אחלה 400 גרם+225גר,שטראוס גרופ בעמ/מצונן,,,"י""ח",500,ל גרם,false,1,14.90,2.98,true,1,
7290005174551,false,סלט חומוס עם צנוברים 125 ג' אחלה,שטראוס גרופ בעמ/מצונן,,,"י""ח",125,ל גרם,false,1,4.70,3.76,true,1,
7290005174575,false,טחינה אחלה יום יום משובחת 125ג',שטראוס גרופ בעמ/מצונן,,,"י""ח",125,ל גרם,false,1,4.70,3.76,true,1,
7290005175428,false,"קמח תירס לל""ג ריבארה 500 ג'",ג. וילי-פוד אינטרנשיונל בע`מ,,,"י""ח",500,ל גרם,false,1,5.90,1.18,false,1,
7290005175589,false,"קמח תירס ללא גלוטן וילי פוד 1 ק""ג",ג.וילי פוד אינטרנשיונל בעמ,,,"י""ח",1,"ק""ג",false,1,9.90,9.90,false,1,
7290005197758,false,"עוגיות חיוכים שוקולד עלית 150 גרם בד""צ",אפיפית נצרת תעשיות ב,,,"י""ח",150,ל גרם,false,1,4.90,3.27,true,1,
7290005200786,false,תפוצ'יפס בטעם שמנת בצל עלית 50 גרם,"שטראוס פריטו ליי בע""\מ )",,,"י""ח",50,ל גרם,false,1,4.50,9,true,1,
7290005201455,false,קפה נמס מגורען ארומה קלאסי עלית 200 גרם,שטראוס גרופ בע`מ,,,"י""ח",200,ל גרם,false,1,21.90,10.95,true,1,
7290005201882,false,קפה טורקי בצלופן עלית 200 גרם,הנסיך- מפעל לייצור ט,,,"י""ח",200,ל גרם,false,1,17.90,8.95,true,1,
7290005270000,false,עלים לסיגר 500 גרם חמים וטעים,"חמים וטעים בע""מ",,,"י""ח",500,ל גרם,false,1,14.90,2.98,false,1,
7290005287206,false,רביעיית טונה בשמן סטארקיסט 160 גרם,דיפלומט מפיצים (1968) בעמ**,,,"י""ח",640,ל גרם,false,1,26.90,4.20,true,1,
7290005287213,false,"רביעיית טונה בשמן סטארקיסט 160 גרם בד""צ",דיפלומט מפיצים (1968) בעמ**,,,"י""ח",640,ל גרם,false,1,26.90,4.20,true,1,
7290005287251,false,רביעיית טונה במים סטארקיסט 160 גרם,דיפלומט מפיצים (1968) בעמ**,,,"י""ח",640,ל גרם,false,1,26.90,4.20,true,1,
7290005287657,false,"סטארקיסט ממרח טונה 160 גרם בד""צ",דיפלומט מפיצים (1968) בעמ**,,,"י""ח",160,ל גרם,false,1,6.50,4.06,true,1,
7290005296260,false,"אסטוניש ספריי רסס ונגב לניקוי כללי יעקבי 750 מ""ל","יעקב יעקבי ובניו בע""מ",,,"י""ח",750,"ל מ""ל",false,1,11.90,1.59,true,1,
7290005296888,false,חידוש פוליטורה עץ,יעקב יעקבי ובניו בעמ,,,"י""ח",375,"ל מ""ל",false,1,21.90,5.84,false,1,
7290005317200,false,קרקר טופז טעמים שונים 110 גר,ח.כהן סוכנות מזון ומשקאות בע,,,"י""ח",110,ל גרם,false,1,2.90,2.64,true,1,
7290005423253,false,"סנו - מקסימה מרסס למייבש כביסה אולטרה פרש 750 מ""ל",החברה הדרומית לשיווק בעמ,,,"י""ח",750,"ל מ""ל",false,1,17.90,2.39,true,1,
7290005423499,false,"תרסיס לניקוי משטחי נירוסטה אירוסל סנו 500 מ""ל",החברה הדרומית לשיווק בעמ,,,"י""ח",476,"ל מ""ל",false,1,19.90,4.18,false,1,
7290005423635,false,ריצפז נוזל רצפות דוחה תיקנים סנו 2 ליטר,החברה הדרומית לשיווק בעמ,,,"י""ח",2,ליטר,false,1,19.90,9.95,false,1,
7290005423734,false,מרכך כביסה מרוכז אולטרא פרש סנו מקסימה 4 ליטר,החברה הדרומית לשיווק בעמ,,,"י""ח",4,ליטר,false,1,21.90,5.48,false,1,
7290005423871,false,שלישיית משחת שיניים מנטול אורביטול 145 גרם,טרופיקל דגיל תעשיות קוסמ,,,"י""ח",435,ל גרם,false,1,14.90,3.43,false,1,
7290005423918,false,סנו - מקסימה מרכך כביסה היפואלרגני אלוורה 4 ליטר,החברה הדרומית לשיווק בעמ,,,"י""ח",4,ליטר,false,1,21.90,5.48,false,1,
7290005424403,false,"אל סבון כיף אצות ים קטיפתי 1ליטר,",החברה הדרומית לשיווק בעמ,,,"י""ח",1,ליטר,false,1,13.90,13.90,false,1,
7290005424700,false,סנו - פורטה פלוס מרסס מסיר שומנים 1 ליטר,החברה הדרומית לשיווק בעמ,,,"י""ח",1,ליטר,false,1,14.90,14.90,false,1,
7290005424762,false,ריצפז פלוס ווקס נוזל להברקת רצפות דוחה תיקנים סנו 2 ליטר,החברה הדרומית לשיווק בעמ,,,"י""ח",2,ליטר,false,1,24.90,12.45,false,1,
7290005424847,false,"מפיות נייר 30*30 ס""מ סנו סושי 150 יחידות",החברה הדרומית לשיווק בעמ,,,"י""ח",150,"י""ח",false,1,7.90,0.05,false,1,
7290005425196,false,"מקסימה אבקת כביסה סנסיטיב סנו 2.5 ק""ג",החברה הדרומית לשיווק בעמ,,,"י""ח",2.50,"ק""ג",false,1,25.90,10.36,false,1,
7290005425646,false,קליר נוזל לניקוי חלונות רב תכליתי סנו 1 ליטר,החברה הדרומית לשיווק בעמ,,,"י""ח",1,ליטר,false,1,8.90,8.90,false,1,
7290005426193,false,ספוגית הפלא סנו סושי 6 יחידות,החברה הדרומית לשיווק בעמ,,,"י""ח",1,,false,1,10.90,10.90,false,1,
7290005426230,false,מטלית הפלא לרצפה מיקרופייבר סנו 1יח',החברה הדרומית לשיווק בעמ,,,"י""ח",1,,false,1,12.90,12.90,false,1,
7290005426568,false,"קרמה - קרם לחות לשיער רגיל 400 מ""ל",החברה הדרומית לשיווק בעמ,,,"י""ח",400,"ל מ""ל",false,1,16.90,4.23,false,1,
7290005426803,false,מקסימה מרכך כביסה פצ'ולי לבנדר סגול סנו 4 ליטר,החברה הדרומית לשיווק בעמ,,,"י""ח",4,ליטר,false,1,21.90,5.48,false,1,
7290005427107,false,סנו - סושי מגבות נייר הפלא 6 יחידות,החברה הדרומית לשיווק בעמ,,,"י""ח",570,ל גרם,false,1,13.90,2.44,false,1,
7290005428845,false,מפיות סנו סופט 33*33 100 יחידות,החב הדרומית לשיווק,,,"י""ח",100,"י""ח",false,1,7.90,0.08,false,1,
7290005428852,false,ממחטות טישו צבעוניים סנו סופט 5 יח' *100דף,החברה הדרומית לשיווק בעמ,,,"י""ח",650,ל גרם,false,1,13.90,2.14,false,1,
7290005429279,false,סנו מקסימה קומפקט קומפקט אפקט גאוול 6 ק,החברה הדרומית לשיווק בעמ,,,"י""ח",6,"ק""ג",false,1,49.90,8.32,true,1,
7290005429286,false,"אבקת כביסה ביו סנו מקסימה 6 ק""ג",החברה הדרומית לשיווק בעמ,,,"י""ח",6,"ק""ג",false,1,49.90,8.32,true,1,
7290005430602,false,"סנו אוקסיג'ן ספריי להסרת כתמים עם חמצן פעיל 750 מ""ל",החברה הדרומית לשיווק בעמ,,,"י""ח",750,"ל מ""ל",false,1,14.90,1.99,false,1,
7290005437861,false,קוקטייל פירות טרופיים בסירופ קל טעמן 825 גרם,טעמן שיווק מזון בעמ,,,"י""ח",900,ל גרם,false,1,11.90,1.32,false,1,
7290005477669,false,סבון נוזלי דרמפון מועשר לחות קרליין 1 ליטר,החברה הדרומית לשיווק בעמ,,,"י""ח",1,ליטר,false,1,14.90,14.90,false,1,
7290005500558,false,ג'ל חזק לעיצוב שיער 1 ליטר פנינה רוזנבלום,פנינה רוזנבלום בעמ,,,"י""ח",1,ליטר,false,1,19.80,19.80,false,1,
7290005500688,false,"פנינה רוזנבלום מסיכה לשיקום ורודה , 1 ק""ג",פנינה רוזנבלום בעמ,,,"י""ח",1,"ק""ג",false,1,29.90,29.90,false,1,
7290005509445,false,עוגיות מיני קוקיס חמאה בצנצנת כרמית 600 גרם,כרמית תעשיות ממתקים בעמ,,,"י""ח",600,"ס""מ",false,1,16.90,2.82,false,1,
7290005559587,false,מאפה נקניקיה בבצק מעדנות 800ג',תנובה מרכז שיתופי לשיווק תוצרת,,,"י""ח",800,ל גרם,false,1,28.90,3.61,false,1,
7290005559709,false,בורקס פיצה מעדנות 700 גרם,מיוצר עי קונדיטוריית,,,"י""ח",700,ל גרם,false,1,25.90,3.70,false,1,
7290005559914,false,פיצה משפחתית עם 100% גבינה בתוספת זיתים מעדנות 550 גרם,תנובה מרכז שיתופי לשיווק תוצרת,,,"י""ח",550,ל גרם,false,1,19.90,3.62,true,1,
7290005591761,false,דבש טהור מפרחי בר בלחיץ 400 ג' יד מרדכי,מכוורת יד מרדכי שטרא,,,"י""ח",400,ל גרם,false,1,24.90,6.23,true,1,
7290005651427,false,"בונזו מזון לכלבים מולטיפק 1.2 ק""ג מארז 3 יחידות",דיפלומט מפיצים (1968) בעמ**,,,"י""ח",1.24,"ק""ג",false,1,17.90,14.44,false,1,
7290005838002,false,מעדן גבינה ויוגורט בטעם וניל 88 ג' דניאלה,שטראוס גרופ בעמ/מצונן,,,"י""ח",150,"ל מ""ל",false,1,3.90,2.60,true,1,
7290005838613,false,קרם גבינה 3% בטעם וניל סקי (125 גרם),שטראוס גרופ בעמ/מצונן,,,"י""ח",125,ל גרם,false,1,3.70,2.96,true,1,
7290005839078,false,שמיניית יוגורט לבן 3% ביו דנונה 150 גרם,שטראוס גרופ בעמ/מצונן,,,"י""ח",1.20,ליטר,false,1,15.90,13.25,true,1,
7290005839108,false,גבינה לבנה סימפוניה עם תוספות 200 ג'+זיתים 5%,שטראוס גרופ בעמ/מצונן,,,"י""ח",200,ל גרם,false,1,7.90,3.95,true,1,
7290005839313,false,מילקי Top עם שוקולדה מגולגלת 140 גרם,שטראוס גרופ בעמ/מצונן,,,"י""ח",130,"ל מ""ל",false,1,4.60,3.54,true,1,
7290005938245,false,ממרח פסטו קלאסי פרסקו 220ג' מצונן,מיוצר עי פרסקו חצבה,,,"י""ח",220,ל גרם,false,1,15.90,7.23,false,1,
7290005992247,false,גבינה חלומי 24% גד ב,מחלבות גד,,,"ק""ג",1,,true,1,93.80,93.80,false,1,
7290005992735,false,לאבנה טבעית 5% 250 גר' - רבנות,מחלבות גד שיווק 1992 בעמ,,,"י""ח",250,ל גרם,false,1,13.30,5.32,false,1,
7290006185518,false,אל סבון נוזלי כחול 1 ליטר פנינה רוזנבלום,"פנינה רוזנבלום בע""מ",,,"י""ח",1,ליטר,false,1,10.90,10.90,true,1,
7290006229427,false,סן בנדטו - מים מינרלים - מארז שישיית 500 מל,טמפו משקאות בע`מ,,,"י""ח",3,ליטר,false,1,11.90,3.97,false,1,
7290006229588,false,בירה איגל לאגר פרימיום חזקה 6.3% 500 מל,טמפו משקאות בעמ,,,"י""ח",330,"ל מ""ל",false,1,6.20,1.79,false,1,
7290006241214,false,שקדים טבעיים קליית גת (200 גרם),הדקלאים אגודת שיתופי,,,"י""ח",200,ל גרם,false,1,17.90,8.95,false,1,
7290006243577,false,בורקס תפוח אדמה שחף 800 גרם,מאפיית אריאל,,,"י""ח",800,ל גרם,false,1,13.90,1.74,false,1,
7290006243737,false,ג'חנון שחף 800 גרם,מאפיית אריאל,,,"י""ח",800,ל גרם,false,1,13.90,1.74,false,1,
7290006251282,false,חליטת חמוציות הגן הקסום ויסוצקי 25 יחידות,תה ויסוצקי (ישראל) בעמ,,,"י""ח",75,ל גרם,false,1,17.90,23.87,true,1,
7290006251343,false,חליטת פסיפלורה מנגו הגן הקסום ויסוצקי 25 יחידות,תה ויסוצקי (ישראל) בעמ,,,"י""ח",62.50,ל גרם,false,1,17.90,28.64,true,1,
7290006251374,false,תה ירוק לימונית וג'ינג'ר ויסוצקי 25 יחידות,תה ויסוצקי (ישראל) בעמ,,,"י""ח",25,ל גרם,false,1,24.90,99.60,true,1,
7290006251589,false,תה ירוק עם עלי נענע 50 שקיקים ויסוצקי,תה ויסוצקי (ישראל) בעמ,,,"י""ח",75,ל גרם,false,1,45.90,61.20,true,1,
7290006265500,false,פטריות שמפיניון ארוז מרינה,קונס`-מרינה פטריות הגליל בעמ*ש,,,"י""ח",1,,false,1,10.90,10.90,true,1,
7290006271181,false,ג'חנון אפוי למיקרוגל מעדנות 750 גרם,תנובה מרכז שיתופי לשיווק תוצרת,,,"י""ח",750,ל גרם,false,1,26.90,3.59,false,1,
7290006271648,false,מיני בורקס תפוח אדמה מעדנות (800 גרם),תנובה מרכז שיתופי לשיווק תוצרת,,,"י""ח",650,ל גרם,false,1,21.90,3.37,false,1,
7290006271655,false,מיני בורקס במילוי גבינה מעדנות (800 גרם),תנובה מרכז שיתופי לשיווק תוצרת,,,"י""ח",800,ל גרם,false,1,24.90,3.11,false,1,
7290006272072,false,חטיפי פיצה גבינה מעדנות 650 גרם,תנובה קפואים,,,"י""ח",650,ל גרם,false,1,33.90,5.22,false,1,
7290006272430,false,בצק עלים חמאה חלבי מעדנות (600 גרם),מיוצר עי קונדיטוריית,,,"י""ח",600,ל גרם,false,1,27.90,4.65,false,1,
7290006342553,false,קבוקים בשקית ששון הקולה 200 גרם,דין שיווק וקליה 2021 בעמ,,,"י""ח",200,ל גרם,false,1,5.90,2.95,false,1,
7290006374738,false,קונפיטורה תות יד מרדכי בטעם תות,אף.סי תבליני בגליל ב,,,"י""ח",340,ל גרם,false,1,13.60,4,true,1,
7290006376299,false,שוקו כייף פרמיום שקית 500 ג,נאמן לאורך זמן בעמ,,,"י""ח",500,ל גרם,false,1,7.90,1.58,false,1,
7290006376312,false,"שוקו כיף 1 ק""ג}פרמיום{",נאמן לאורך זמן בעמ,,,"י""ח",1,"ק""ג",false,1,14.90,14.90,false,1,
7290006376862,false,"קפה ""פרימיום"" שלישייה 100 ג""ר",נאמן לאורך זמן בעמ,,,"י""ח",300,ל גרם,false,1,13.90,4.63,false,1,
7290006429506,false,חצאי אפרסקים 820 גרם טעמן,טעמן שיווק מזון בעמ,,,"י""ח",820,ל גרם,false,1,9.90,1.21,false,1,
7290006492432,false,גבינה מוצרלה בייבי 18% גד (150 גרם),מחלבות גד שיווק 1992 בעמ,,,"י""ח",1,,false,1,13.90,13.90,false,1,
7290006492616,false,גבינה בולגרית מעודנת פרוסות 5% גד 250 גרם,מחלבות גד שיווק 1992 בעמ,,,"י""ח",250,ל גרם,false,1,25.20,10.08,false,1,
7290006492630,false,גבינת פרומעז עיזים 22% גד 180 גרם,מחלבות גד שיווק 1992 בעמ,,,"י""ח",1,,false,1,21.90,21.90,false,1,
7290006492685,false,גבינת לאבנה עיזים 5% גד (250 גרם),מחלבות גד שיווק 1992 בעמ,,,"י""ח",250,ל גרם,false,1,15.90,6.36,false,1,
7290006492852,false,גבינת עיזים למריחה 5% 250 גרם רובין,מחלבות גד שיווק 1992 בעמ,,,"י""ח",1,,false,1,15.90,15.90,false,1,
7290006494917,false,טוסו וופל קלאסי במילוי שוקולד 200 גרם,"איטיליאן פוד, אס.פי.",,,"י""ח",180,ל גרם,false,1,7.80,4.33,false,1,
7290006511157,false,פטריות שמפניון שלמות וילי פוד (400 גרם),ג.וילי-פוד אינטרנשיונל בעמ,,,"י""ח",400,ל גרם,false,1,7.90,1.98,true,1,
7290006511751,false,פטריות שמפניון חתוך ויליפוד 290X3 ג' בד”צ,ג.וילי-פוד אינטרנשיונל בעמ,,,"י""ח",870,ל גרם,false,1,11.90,1.37,false,1,
7290006546302,false,"צ'יפס קיטרינג פרי גליל 1.5 ק""ג",ויטה- פרי גליל (החדשה) בעמ,,,"י""ח",1.50,"ק""ג",false,1,21.90,14.60,true,1,
7290006546319,false,"סטייק צ'יפס פרי הגליל 1.5 ק""ג",ויטה- פרי גליל (החדשה) בעמ,,,"י""ח",700,ל גרם,false,1,21.90,3.13,true,1,
7290006546524,false,צי'פס מובחר קפוא פרי גליל 800 ג',נטו מלינדה סחר בעמ,,,"י""ח",800,ל גרם,false,1,14.90,1.86,false,1,
7290006550972,false,בשר בקר קפוא טחון מהדרין עטרה (1 קג),טיבון ויל אחזקות בעמ,,,"י""ח",1,"ק""ג",false,1,29.90,29.90,false,1,
7290006582669,false,גרנולה 800 גרם אגוזים שקדיה (12 יח`),קונסיגנציה-דין שיווק וקליה 202,,,"י""ח",800,ל גרם,false,1,17.90,2.24,false,1,
7290006618078,false,"מרסס לניקוי יסודי מטבח אסטוניש 750 מ""ל","יעקב יעקבי ובניו בע""מ",,,"י""ח",750,"ל מ""ל",false,1,11.90,1.59,true,1,
7290006618085,false,"אסטוניש תרסיס ניקוי אמבטיה וכיורים יעקבי 750 מ""ל",יעקב יעקבי ובניו בע`מ,,,"י""ח",750,"ל מ""ל",false,1,11.90,1.59,true,1,
7290006640598,false,מכשירי כתיבה מגוון,צבע ומכחול (2014) בעמ,,,"י""ח",1,,false,1,5.50,5.50,false,1,
7290006640635,false,מכשירי כתיבה 704,צבע ומכחול (2014) בעמ,,,"י""ח",1,,false,1,4.90,4.90,false,1,
7290006640789,false,צעצועים,צבע ומכחול (2014) בעמ,,,"י""ח",1,,false,1,9.90,9.90,false,1,
7290006644480,false,תפוזינה תפוזים 0.5 ליטר,יפאורה שותפות מובגלת לשיווק,,,"י""ח",500,"ל מ""ל",false,1,5.90,1.12,true,1,
7290006644510,false,"מיץ ענבים 500 מ""ל תפוזינה",יפאורה שותפות מוגבלת לשיווק,,,"י""ח",500,"ל מ""ל",false,1,5.90,1.12,true,1,
7290006644527,false,תפוזינה תות בננה 0.5 ליטר,יפאורה שותפות מוגבלת לשיווק,,,"י""ח",500,"ל מ""ל",false,1,5.90,1.12,true,1,
7290006652027,false,במבה חטיף בוטנים אסם 20*15 גרם,קבוצת אוסם סחר שותפות מוגבלת,,,"י""ח",300,ל גרם,false,1,23.90,7.97,true,1,
7290006653819,false,קוסקוס אמיתי דק בשקית 350 גרם,קבוצת אוסם סחר שותפות מוגבלת,,,"י""ח",350,ל גרם,false,1,8.90,2.54,false,1,
7290006664051,false,"אקטימל לבן 1.51 ק""ג מארז 14 יחידות",שטראוס גרופ בעמ/מצונן,,,"י""ח",1.40,ליטר,false,1,28.90,20.64,true,1,
7290006664402,false,גבינה לבנה סקי 5% שומן 750 גרם,שטראוס גרופ בעמ/מצונן,,,"י""ח",750,ל גרם,false,1,12.90,1.72,true,1,
7290006664532,false,יוגורט עם תות 3% שומן 150 ג' דנונה,שטראוס גרופ בעמ/מצונן,,,"י""ח",150,"ל מ""ל",false,1,3.50,2.33,true,1,
7290006664655,false,דנונה Actimel יוגורט טבעי 8*100 מ``ל,שטראוס גרופ בעמ/מצונן,,,"י""ח",800,"ל מ""ל",false,1,19.90,2.49,true,1,
7290006664693,false,יוגורט עם אפרסק 3% שומן 150 ג' דנונה,שטראוס גרופ בעמ/מצונן,,,"י""ח",150,"ל מ""ל",false,1,3.50,2.33,true,1,
7290006664990,false,"יוגורט דנונה ביו לבן 1.7% שומן 8*150 מ""ל",שטראוס גרופ בעמ/מצונן,,,"י""ח",1.20,ליטר,false,1,15.90,13.25,true,1,
7290006681065,false,"קסטה שוקו וניל ""שטראוס""","מיוצר ע""\י גלידת שטראוס",,,"י""ח",1,,false,1,6.60,6.60,false,1,
7290006681553,false,קרמבו בטעם וניל שטראוס 8 יחידות,"גלידות שטראוס בע""מ",,,"י""ח",8,"י""ח",false,1,13.90,1.74,true,1,
7290006712684,false,ספיד סטיק 24/7 סטיק כחול,קולגייט פלמוליב,,,"י""ח",51,ל גרם,false,1,19.90,39.02,true,1,
7290006739346,false,נקניקיות פרגיות טרי 400 גרם זוגלובק,נקניק נהריה כשר זוגל,,,"י""ח",400,ל גרם,false,1,18.90,4.73,true,1,
7290006741363,false,בורקס תפוחי אדמה זוגלובק 800 גרם,מאפיית אריאל וגידרון,,,"י""ח",800,ל גרם,false,1,17.90,2.24,true,1,
7290006741387,false,מלווח תימני זוגלובק בד`צ 700 גרם קפוא,נקניק נהריה כשר זוגל,,,"י""ח",700,ל גרם,false,1,16.90,2.41,true,1,
7290006764096,false,"בירה איגל 3.8% בקבוק 500 מ""ל חוזר","טמפו משקאות בע""\מ",,,"י""ח",500,"ל מ""ל",false,1,5.10,0.78,true,1,
7290006775016,false,עוגת תפוז אחוה (450 גרם)אחוה,אחדות ביתחרושת לטחינה חלבה,,,"י""ח",450,ל גרם,false,1,9.90,2.20,false,1,
7290006775023,false,עוגה אנגלית אחוה (450 גרם)אחוה,אחדות ביתחרושת לטחינה חלבה,,,"י""ח",450,ל גרם,false,1,9.90,2.20,false,1,
7290006775030,false,עוגת שוקו צ`יפס אחוה (450 גרם)אחוה,אחדות ביתחרושת לטחינה חלבה,,,"י""ח",450,ל גרם,false,1,9.90,2.20,false,1,
7290006775047,false,עוגת שוקולד אחוה (450 גרם)אחוה,אחדות ביתחרושת לטחינה חלבה,,,"י""ח",450,ל גרם,false,1,9.90,2.20,false,1,
7290006775337,false,עוגת שמרים במילוי פרג אחווה,אחדות ביחר לטחינה חל,,,"י""ח",400,ל גרם,false,1,10.90,2.73,false,1,
7290006775344,false,עוגת שמרים במילוי קרם קינמון אחוה 400 גרם,אחדות ביתחרושת לטחינה חלבה,,,"י""ח",400,ל גרם,false,1,10.90,2.73,false,1,
7290006775764,false,אחוה עוגת שוק`צ`יפס ללא סוכר 400 גר,אחדות ביתחרושת לטחינה חלבה,,,"י""ח",400,ל גרם,false,1,11.90,2.98,false,1,
7290006784889,false,נוזל כלים משאבה 1 ליטר לימון,קומפלקס כימיקלסבעמ ~~~,,,"י""ח",1,"י""ח",false,1,9.90,9.90,false,1,
7290006784896,false,נוזל כלים משאבה 1 ליטר ירוק,קומפלקס כימיקלסבעמ ~~~,,,"י""ח",1,ליטר,false,1,9.90,9.90,false,1,
7290006788405,false,"קרליין - נושם אקטיב דאודורנט רול און לאישה ברודו 75 מ""ל",החברה הדרומית לשיווק בעמ,,,"י""ח",75,ל גרם,false,1,11.90,15.87,false,1,
7290006788429,false,"קרליין - נושם סאן רייס דאודורנט רול און לאישה כתום 75 מ""ל",החברה הדרומית לשיווק בעמ,,,"י""ח",75,ל גרם,false,1,11.90,15.87,false,1,
7290006788443,false,"קרליין - נושם אוקסיג'ן דאודורנט רול און לאישה סגול 75 מ""ל",החברה הדרומית לשיווק בעמ,,,"י""ח",1,"י""ח",false,1,11.90,11.90,false,1,
7290006788504,false,"קרליין - נושם אוקסיג'ן דאודורנט ספריי לאישה סגול 200 מ""ל",החברה הדרומית לשיווק בעמ,,,"י""ח",200,"ל מ""ל",false,1,11.90,5.95,false,1,
7290006804907,false,פיתה אסלית אפויה קפואה (חמישיות),קונסיגנציה ג`נרל מילס ישראל בע,,,"י""ח",1,,false,1,7.90,7.90,true,1,
7290006805850,false,פילסברי פנקייק תערובת להכנת חביתיות,הדקלאים אגודת שיתופי,,,"י""ח",500,ל גרם,false,1,17.90,3.58,false,1,
7290006866363,false,מיץ סחוט אשכוליות אדומות פרימור 1 ליטר,שטראוס גרופ בעמ/מצונן,,,"י""ח",1,ליטר,false,1,15.90,15.90,true,1,
7290006983152,false,קרוטונים מתובלים למרק אסם (400 גרם),קבוצת אוסם סחר שותפות מוגבלת,,,"י""ח",400,ל גרם,false,1,19.90,4.98,false,1,
7290006983176,false,קרקר לחמית שיפון אסם (230 גרם),קבוצת אוסם סחר שותפות מוגבלת,,,"י""ח",230,ל גרם,false,1,8.90,3.87,true,1,
7290006983206,false,אבקה להכנת פלאפל בקלי קלות 180 גרם,קבוצת אוסם סחר שותפות מוגבלת,,,"י""ח",90,ל גרם,false,1,10.90,12.11,false,1,
7290006983527,false,עוגת הבית תפוחי עץ עם פירורים 400 ג' אסם,קבוצת אוסם סחר שותפות מוגבלת,,,"י""ח",400,ל גרם,false,1,18.90,4.73,false,1,
7290006983763,false,עוגת הבית בטעם שוקולד אסם (400 גרם),קבוצת אוסם סחר שותפות מוגבלת,,,"י""ח",400,ל גרם,false,1,11.90,2.98,false,1,
7290006983770,false,עוגת הבית שיש אסם (400 גרם),קבוצת אוסם סחר שותפות מוגבלת,,,"י""ח",400,ל גרם,false,1,11.90,2.98,false,1,
7290006983787,false,עוגת הבית שוקולד צ'יפס אסם 400 גרם,קבוצת אוסם סחר שותפות מוגבלת,,,"י""ח",400,ל גרם,false,1,11.90,2.98,false,1,
7290006983794,false,עוגת הבית בטעם תפוז אסם 400 גרם,קבוצת אוסם סחר שותפות מוגבלת,,,"י""ח",400,ל גרם,false,1,11.90,2.98,false,1,
7290006992161,false,מטרנה - דייסת קורנפלור פרוביוטי 200 גרם,קבוצת אוסם סחר שותפות מוגבלת,,,"י""ח",200,ל גרם,false,1,12.90,6.45,false,1,
7290006992185,false,"מטרנה - דייסת אורז פרוביוטי כשל""פ 200 גרם",קבוצת אוסם סחר שותפות מוגבלת,,,"י""ח",200,ל גרם,false,1,12.90,6.45,false,1,
7290006992192,false,דייסה מטרנה סולת פרוביוטיקה,קבוצת אוסם סחר שותפות מוגבלת,,,"י""ח",200,ל גרם,false,1,12.90,6.45,false,1,
7290006992208,false,מטרנה - דייסת דגנים מעורבים 200 גרם,קבוצת אוסם סחר שותפות מוגבלת,,,"י""ח",200,ל גרם,false,1,12.90,6.45,false,1,
7290008000826,false,"משחת שיניים לילדים בטעם פירות לגילאים 2-6 כצט 50 מ""ל",גורי ע.ע.ע. בע`מ,,,"י""ח",50,ל גרם,false,1,10.90,21.80,false,1,
7290008116534,false,ליסטרין שטיפת פה קול מינט 250 מל,ג'\ונסון אנד ג'\ונסון,,,"י""ח",250,"ל מ""ל",false,1,16.90,6.76,true,1,
7290008116541,false,שטיפת פה ליסטרין מנטה קריר 500 מ`ל,ג'\ונסון אנד ג'\ונסון,,,"י""ח",500,"ל מ""ל",false,1,17.90,3.58,true,1,
7290008116558,false,ליסטירין מי פה בטעם מנטה מרענן 250 מל,ג'\ונסון אנד ג'\ונסון,,,"י""ח",250,"ל מ""ל",false,1,16.90,6.76,true,1,
7290008154222,false,עוף טוב שניצלונים 700 גרם,קבוצת אוסם סחר-שות.מוגבלת,,,"י""ח",700,ל גרם,false,1,14.90,2.13,false,1,
7290008175814,false,וילי פוד פטריות שמפיניון חתוך בדץ 400ג,ג.וילי פוד אינטרנשיונל בעמ,,,"י""ח",400,ל גרם,false,1,5.40,1.35,false,1,
7290008190633,false,לקקן כרמית בטעם תות,כרמית תעשיות ממתקים בעמ,,,"י""ח",110,ל גרם,false,1,34.90,31.73,false,1,
7290008190909,false,עוגיות מיני קוקיס שוקולד צ'יפס בצנצנת כרמית 600 גרם,כרמית תעשיות ממתקים בעמ,,,"י""ח",600,ל גרם,false,1,16.90,2.82,false,1,
7290008190985,false,לקקנים בטעם גלידה 450גר 50יח`,כרמית תעשיות ממתקים בעמ,,,"י""ח",500,ל גרם,false,1,16.90,3.38,true,1,
7290008330107,false,מרכך כביסה סגול בדין (4 ליטר),יוניליוור ישראל שיווק בע`מ,,,"י""ח",4,ליטר,false,1,19.90,4.98,false,1,
7290008333115,false,אבקת ג'לטין טהור נטו 28 גרם,נטו מילנדה סחר בעמ*,,,"י""ח",28,ל גרם,false,1,9.50,33.93,false,1,
7290008335539,false,פלמיני במלית בשר 600 גר`שלושת האופים,נטו מילנדה סחר בעמ*,,,"י""ח",600,ל גרם,false,1,13.90,2.32,false,1,
7290008343466,false,בצק פילו שלושת האופים (500 גרם),שלושת האופים שגמור,,,"י""ח",500,ל גרם,false,1,21.90,4.38,true,1,
7290008343503,false,גחנון אפוי 650 גר' שלושת האופים קהילות,נטו מלינדה סחר בע`מ,,,"י""ח",650,ל גרם,false,1,21.90,3.37,true,1,
7290008343510,false,ג'חנון מיני אפוי למיקרו 3 האופים 650 ג',נטו מלינדה סחר בעמ,,,"י""ח",650,ל גרם,false,1,21.90,3.37,false,1,
7290008343558,false,סיגרים במילוי בשר פיקנטי 1 ק``ג קפוא,נטו מלינדה סחר בע`מ,,,"י""ח",1,"ק""ג",false,1,21.90,21.90,false,1,
7290008343565,false,"סיגרים תפו""א 1 ק""ג שלושת האופים",נטו מלינדה סחר בעמ,,,"י""ח",1,"ק""ג",false,1,21.90,21.90,false,1,
7290008343572,false,אגרול סיני 1 קג -שלושת האופים,נטו מלינדה סחר בע`מ,,,"י""ח",1,"ק""ג",false,1,21.90,21.90,false,1,
7290008343602,false,"קובה בשר 1 ק""ג שלושת האופים",נטו מלינדה סחר בעמ,,,"י""ח",1,"ק""ג",false,1,21.90,21.90,false,1,
7290008343619,false,"פסטלים תפו""א שלושת האופים 1 ק""ג",נטו מלינדה סחר בע`מ,,,"י""ח",1,"ק""ג",false,1,21.90,21.90,false,1,
7290008343626,false,"כדורי פלאפל 1 ק""ג שלושת האופים",נטו מלינדה סחר בע`מ,,,"י""ח",1,"ק""ג",false,1,21.90,21.90,false,1,
7290008344258,false,המבורגר מיזרחי 400 גר`טיבונוויל,"טיבון ויל אחזקות בע""\מ",,,"י""ח",400,ל גרם,false,1,20.90,5.23,true,1,
7290008344272,false,המבורגר 100% טיבון ויל 400 גרם,טיבון ויל אחזקות בעמ,,,"י""ח",400,ל גרם,false,1,20.90,5.23,true,1,
7290008345583,false,סלט איקרה ביתית ורודה דלידג (300 גרם),נטו מלינדה סחר בע`מ,,,"י""ח",300,ל גרם,false,1,21.90,7.30,false,1,
7290008409100,false,אצבעות שניצל בציפוי שומשום מאמא עוף 700 גרם,תנובה גליל שותפות מוגבלת,,,"י""ח",600,ל גרם,false,1,34.90,5.82,false,1,
7290008409551,false,שניצל עוף אמיתי בציפוי מעודן 700 ג' מאמא עוף,תנובה מרכז שיתופי לשיווק תוצרת,,,"י""ח",700,ל גרם,false,1,39.90,5.70,false,1,
7290008409568,false,שניצל עוף אמיתי בציפוי שבבי ציפס 700 גר,תנובה גליל שותפות מוגבלת,,,"י""ח",700,ל גרם,false,1,39.90,5.70,false,1,
7290008409582,false,שניצל עוף אמיתי בציפוי ביתי מאמא עוף 700 גרם,תנובה מרכז שיתופי לשיווק תוצרת,,,"י""ח",700,ל גרם,false,1,39.90,5.70,false,1,
7290008415071,false,צבר חומוס עם טחינה עגול 150 גרם,קבוצת אוסם סחר שותפות מוגבלת,,,"י""ח",150,ל גרם,false,1,5.20,3.47,false,1,
7290008443616,false,"מרכך לשיער יבש אדום 750 מ""ל נקה 7",החברה הדרומית לשיווק בעמ,,,"י""ח",750,"ל מ""ל",false,1,11.90,1.59,false,1,
7290008443647,false,"מרכך לשיער מתולתל סגול, 750 מ""ל נקה 7",החברה הדרומית לשיווק בעמ,,,"י""ח",750,"ל מ""ל",false,1,11.90,1.59,false,1,
7290008461238,false,סרדינים בשמן חמניות ופלפל חריף רוברט 84 גרם,א. סיימן סחר בעמ,,,"י""ח",115,ל גרם,false,1,7.90,6.87,true,1,
7290008464345,false,"בירה גולדסטאר, בקבוק 330 מ''ל",פארייפאבה אגרואינדוס,,,"י""ח",330,"ל מ""ל",false,1,7.20,2.09,false,1,
7290008464390,false,"פחית דיאט סבן אפ 330 מ""ל",טמפו משקאות בעמ,,,"י""ח",330,"ל מ""ל",false,1,3.90,1.09,true,1,
7290008464505,false,סאן בנדטו מים מינרלים להחזרה 0.5 ל`,אקווה מינרלה סאן בנדטו ב,,,"י""ח",500,"ל מ""ל",false,1,3.20,0.58,false,1,
7290008466660,false,מארז רוגלך מחנה יהודה 500 גר`,הלל בן הלל שיווק ומסחר בעמ,,,"י""ח",500,ל גרם,false,1,17.90,3.58,true,1,
7290008466813,false,מארז עוגיות קינמון 500ג מחנה יהודה,הלל בן הלל שיווק ומסחר בעמ,,,"י""ח",500,ל גרם,false,1,17.90,3.58,true,1,
7290008493413,false,פירורי לחם מאיר בייגל פירורי גריסיני 200 גרם,"דנשר (1963) בע,מ",,,"י""ח",200,ל גרם,false,1,6.90,3.45,false,1,
7290008634045,false,"פלסטר שקוף 30 יחידות ""SUNNY PLASTER""",אינטרסן (1996) בעמ,,,"י""ח",30,"י""ח",false,1,5.90,0.20,true,1,
7290008634533,false,"ספוג+סקוטש עשיריה ""UNISUN""",אינטרסן (1996) בעמ,,,"י""ח",1,,false,1,4.50,4.50,false,1,
7290008636018,false,כפתורי שוקולד שמינייה מיה 240 גרם,מיה תעשיות מזון מ.ת.מ בעמ,,,,100,ל גרם,false,1,13.90,13.90,true,1,
7290008636216,false,אבקת שום בצנצנת מיה 300 גרם,מיה תעשיות מזון מ.ת.מ בעמ,,,"י""ח",300,ל גרם,false,1,19.90,6.63,false,1,
7290008636650,false,קמח מצה מיה 500 גרם,מיה תעשיות מזון מ.ת.מ. בעמ,,,"י""ח",500,ל גרם,false,1,5.90,1.18,false,1,
7290008636919,false,קקאו הולנדי בבשקית מיה 200 גרם,מיה תעשיות מזון מ.ת.מ. בעמ,,,"י""ח",250,ל גרם,false,1,8.90,3.56,false,1,
7290008636926,false,קקאו הולנדי בשקית מיה 500 גרם,מיה תעשיות מזון מ.ת.מ. בעמ,,,"י""ח",500,ל גרם,false,1,13.90,2.78,false,1,
7290008644235,false,מבחר עלי בייבי 120 גרם-טעם הטבע,שטראוס בריאות ירקות טריי,,,"י""ח",120,ל גרם,false,1,9.90,8.25,true,1,
7290008679428,false,כפפות הנדי לבית ולמטבח בינוני,גורי מוצרי צריכה בעמ,,,"י""ח",1,,false,1,4.90,4.90,false,1,
7290008679459,false,כפפות הנדי רגישות במיוחד בינוני,גורי מוצרי צריכה בעמ,,,"י""ח",1,,false,1,4.90,4.90,false,1,
7290008690713,false,נקטר חמוציות אושן ספריי פריגת (1 ליטר),החברה המרכזית להפצת משקאות בעמ,,,"י""ח",1,ליטר,false,1,11.50,11.50,false,1,
7290008693134,false,מעדן גבינה ויוגורט בטעם תות 5% שומן 88 ג' דניאלה,שטראוס גרופ בעמ/מצונן,,,"י""ח",150,"ל מ""ל",false,1,3.90,2.60,true,1,
7290008745239,false,תפוצ'יפס קראנצ' בטעם טבעי עלית 50 גרם,"שטראוס פריטו ליי בע""\מ )",,,"י""ח",55,ל גרם,false,1,4.50,8.18,true,1,
7290008750264,false,"מסטיק מאסט ציקלס דובדבן 28 גרם לל""ס מגדים",שטראוס גרופ בע`מ,,,"י""ח",28,ל גרם,false,1,4.30,15.36,true,1,
7290008754415,false,גומי מאסט בטעם ספירמינט עדין פליפטופ 28 ג' עלית,שטראוס גרופ בע`מ,,,"י""ח",28,ל גרם,false,1,4.30,15.36,true,1,
7290008757034,false,"שוופס סודה זכוכית 250 מ""ל",יפאורה שותפות מוגבלת לשיווק,,,"י""ח",250,"ל מ""ל",false,1,3.50,1.28,true,1,
7290008757980,false,קרטונית ספרינג נקטר רימונים 1 ליטר,יפאורה שותפות מוגבלת לשיווק,,,"י""ח",1,ליטר,false,1,6.90,6.90,true,1,
7290008775816,false,ערגליות עוגיות במילוי שוקולד אסם 300 גרם,קבוצת אוסם סחר שותפות מוגבלת,,,"י""ח",300,ל גרם,false,1,10.90,3.63,true,1,
7290008775823,false,ערגליות עוגיות תות שדה אסם 300 גרם,קבוצת אוסם סחר שותפות מוגבלת,,,"י""ח",300,ל גרם,false,1,10.90,3.63,true,1,
7290008775892,false,פסטה פרפקטו לינגוויני (11) 500 גרם,קבוצת אוסם סחר-שות.מוגבלת,,,"י""ח",500,ל גרם,false,1,7.70,1.54,false,1,
7290008801010,false,"יין קברנה סוביניון מרלו פרייוט קולקשן 750 מ""ל",אגודת הכורמים -כרמל מזרחי,,,"י""ח",750,"ל מ""ל",false,1,39.90,5.28,true,1,
7290008801478,false,יין טופז זהב אדום מתוק ייצוא 750 מל,אגודת הכורמים בעמ,,,"י""ח",750,"ל מ""ל",false,1,21,2.76,true,1,
7290008806985,false,נישנושים גלידה שוקו וניל בציפוי שוקולד 60 יח' קרמיסימו,"גלידת שטראוס בע""\מ, רחוב",,,"י""ח",630,ל גרם,false,1,46.90,7.44,false,1,
7290008909778,false,"קרלסברג שישייה 330מ""ל",החברה המרכזית להפצת משקאות בעמ,,,"י""ח",1.98,ליטר,false,1,42.70,20.66,true,1,
7290008909853,false,"קוקה קולה זירו בקבוק 500 מ""ל.",החברה המרכזית להפצת משקאות בעמ,,,"י""ח",500,"ל מ""ל",false,1,6.20,1.18,true,1,
7290008975551,false,תחליף חלב מטרנה מהדרין שלב 3 חלבי 700 גרם,קבוצת אוסם סחר שותפות מוגבלת,,,"י""ח",700,ל גרם,false,1,49.90,7.13,false,1,
7290008989022,false,בטר אנד דיפרנט דייסת סולת 400 גרם,בטר אנד דיפרנט בעמ,,,"י""ח",400,ל גרם,false,1,20.90,5.23,false,1,
7290008989169,false,"אורז תפוח בשקית בטר אנד דיפרנט 500 גרם לל""ג",בטר אנד דיפרנט בעמ,,,"י""ח",500,ל גרם,false,1,19.90,3.98,false,1,
7290008989572,false,ממרח חלווה בטעם וניל בטר אנד דיפרנט 350 גרם,בטר אנד דיפרנט בעמ,,,"י""ח",350,ל גרם,false,1,11.90,3.40,false,1,
7290008989671,false,"ציפוי עדיף פריך ""ללא גלוטן"" בטר אנד דיפרנט 250 גרם",בטר אנד דיפרנט בעמ,,,"י""ח",200,ל גרם,false,1,10.90,5.45,false,1,
7290008989923,false,סירופ אפרסק בטר אנד דיפרנט 1.2 ליטר,בטר אנד דיפרנט בעמ,,,"י""ח",1.20,ליטר,false,1,34.90,29.08,false,1,
7290008989947,false,סירופ דובדבן בי&די 1.2 ליטר,בטר אנד דיפרנט בעמ,,,"י""ח",1.20,ליטר,false,1,34.90,29.08,false,1,
7290010002047,false,תבלין מלח לימון תבליני מימון 200 גרם,א.ל ייצור ושיווק תבלינים בעמ,,,"י""ח",200,ל גרם,false,1,9.50,4.75,false,1,
7290010002078,false,פלפל שחור טחון תבליני מימון (100 גרם),א.ל. ייצור ושיווק תבלינים בע`מ,,,"י""ח",100,ל גרם,false,1,15.50,15.50,false,1,
7290010002146,false,פפריקה מרוקאית מתוקה תבליני מימון 100 גרם,א.ל. ייצור ושיווק תבלינים בע`מ,,,"י""ח",100,ל גרם,false,1,11.50,11.50,false,1,
7290010002153,false,פפריקה מרוקאית חריפה תבליני מימון 100 גרם,א.ל. ייצור ושיווק תבלינים בע`מ,,,"י""ח",100,ל גרם,false,1,11.50,11.50,false,1,
7290010002207,false,תבלין קינמון טחון תבליני מימון 100 גרם,א.ל. ייצור ושיווק תבלינים בע`מ,,,"י""ח",100,ל גרם,false,1,9.50,9.50,false,1,
7290010002214,false,תבלין צ'ילי גרוס תבליני מימון 80 גרם,א.ל. ייצור ושיווק תבלינים בע`מ,,,"י""ח",80,ל גרם,false,1,11.50,14.38,false,1,
7290010002283,false,תבלין על האש תבליני מימון 100 גרם,א.ל. ייצור ושיווק תבלינים בע`מ,,,"י""ח",100,ל גרם,false,1,11.50,11.50,false,1,
7290010002306,false,תיבול לקציצות תבליני מימון 100 גרם,א.ל. ייצור ושיווק תבלינים בע`מ,,,"י""ח",100,ל גרם,false,1,11.50,11.50,false,1,
7290010002320,false,תבלין לגריל עוף תבליני מימון (100 גרם),א.ל. ייצור ושיווק תבלינים בע`מ,,,"י""ח",100,ל גרם,false,1,11.50,11.50,false,1,
7290010002344,false,תבלין לדג תבליני מימון 100 גרם.,א.ל ייצור ושיווק תבלינים בעמ,,,"י""ח",100,ל גרם,false,1,11.50,11.50,false,1,
7290010002368,false,תערובת חווויג' תבליני מימון 100 גרם,א.ל. ייצור ושיווק תבלינים בע`מ,,,"י""ח",100,ל גרם,false,1,11.50,11.50,false,1,
7290010002399,false,תבלין בזיליקום תבליני מימון 40 גרם,א.ל. ייצור ושיווק תבלינים בע`מ,,,"י""ח",40,ל גרם,false,1,9.50,23.75,false,1,
7290010002443,false,תבלין רוזמרין תבליני מימון 40 גרם,א.ל. ייצור ושיווק תבלינים בע`מ,,,"י""ח",40,ל גרם,false,1,9.50,23.75,false,1,
7290010002450,false,שמיר תבליני מימון 25 גרם,א.ל.ייצור ושיווק תבלינים בעמ,,,"י""ח",30,ל גרם,false,1,9.50,31.67,false,1,
7290010002481,false,תבלין שום טחון תבליני מימון 100 גרם,א.ל. ייצור ושיווק תבלינים בע`מ,,,"י""ח",100,ל גרם,false,1,14.50,14.50,false,1,
7290010002498,false,תבלין שום גבישי תבליני מימון 120 גרם,א.ל. ייצור ושיווק תבלינים בע`מ,,,"י""ח",120,ל גרם,false,1,14.50,12.08,false,1,
7290010002658,false,פלפל יבש מתוק תבליני מימון 150 גרם,א.ל.ייצור ושיווק תבלינים בעמ,,,"י""ח",150,ל גרם,false,1,15.50,10.33,false,1,
7290010002986,false,פפריקה חריפה אש 100ג פרימיום,א.ל.ייצור ושיווק תבלינים בעמ,,,"י""ח",100,ל גרם,false,1,16.90,16.90,true,1,
7290010003686,false,עלי דפנה שקית תבליני מימון (20 גרם),א.ל. ייצור ושיווק תבלינים בע`מ,,,"י""ח",20,ל גרם,false,1,5.90,29.50,false,1,
7290010003693,false,פפריקה מתוקה בשקית תבליני מימון 80 גרם,א.ל. ייצור ושיווק תבלינים בע`מ,,,"י""ח",80,ל גרם,false,1,5.90,7.38,false,1,
7290010003709,false,פלפל שחור טחון בשקית תבליני מימון 50 גרם,א.ל. ייצור ושיווק תבלינים בע`מ,,,"י""ח",50,ל גרם,false,1,7.90,15.80,false,1,
7290010003754,false,כמון טחון בשקית תבליני תבליני מימון 50 גרם,א.ל. ייצור ושיווק תבלינים בע`מ,,,"י""ח",50,ל גרם,false,1,5.90,11.80,false,1,
7290010003761,false,כורכום טחון בשקית תבליני מימון 80 גרם,א.ל. ייצור ושיווק תבלינים בע`מ,,,"י""ח",80,ל גרם,false,1,5.90,7.38,false,1,
7290010003808,false,זעתר ושומשום בשקית תבליני מימון (80 גרם),א.ל. ייצור ושיווק תבלינים בע`מ,,,"י""ח",80,ל גרם,false,1,5.90,7.38,false,1,
7290010003822,false,פפריקה חריפה בשקית תבליני מימון (80 גרם),א.ל. ייצור ושיווק תבלינים בע`מ,,,"י""ח",80,ל גרם,false,1,5.90,7.38,false,1,
7290010003839,false,קינמון טחון בשקית תבליני מימון 80 גרם,א.ל. ייצור ושיווק תבלינים בע`מ,,,"י""ח",80,ל גרם,false,1,5.90,7.38,false,1,
7290010003846,false,אורגנו בשקית תבליני מימון 20 גרם,א.ל. ייצור ושיווק תבלינים בע`מ,,,"י""ח",20,ל גרם,false,1,5.90,29.50,false,1,
7290010003990,false,פטרוזיליה בשקית תבליני מימון 20 גרם,א.ל. ייצור ושיווק תבלינים בע`מ,,,"י""ח",20,ל גרם,false,1,5.90,29.50,false,1,
7290010004348,false,פפריקה מתוקה תבליני מימון 250 גרם,א.ל.יצור ושיווקתבלינים בעמ,,,"י""ח",250,ל גרם,false,1,19.90,7.96,false,1,
7290010066513,false,נתחי טונה בשמן צמחי רביעיה *158ג' פילטונה,תעשיות פילטונה בעמ,,,"י""ח",640,ל גרם,false,1,22.90,3.58,false,1,
7290010066575,false,נתחי טונה במים רביעיה *158ג' פילטונה,תעשיות פילטונה בעמ,,,"י""ח",640,ל גרם,false,1,22.90,3.58,false,1,
7290010066582,false,נתחי טונה בשמן קנולה רביעיה * 158 ג' פילטונה,תעשיות פילטונה בעמ,,,"י""ח",640,ל גרם,false,1,22.90,3.58,false,1,
7290010066599,false,רביעיית נתחי טונה בשמן זית פילטונה 158X4 גרם,תעשיות פילטונה בעמ,,,"י""ח",640,ל גרם,false,1,27.90,4.36,false,1,
7290010116980,false,שוקולית אבקה להכנת משקה שוקו שקית 850,הנסיך- מפעל לייצור ט,,,"י""ח",850,ל גרם,false,1,18.90,2.22,true,1,
7290010117864,false,דוריטוס חטיף תירס בטעם חריף אש עלית 70 גרם,"שטראוס פריטו ליי בע""\מ )",,,"י""ח",70,ל גרם,false,1,3.90,5.57,true,1,
7290010118328,false,חטיף צ`יפס בטעם טבעי תפוצ`יפס (40x6 גרם),"שטראוס פריטו ליי בע""מ",,,"י""ח",240,ל גרם,false,1,13.90,5.79,true,1,
7290010119240,false,מארז תפוצ'יפס טבעי 216 גרם 12 יחידות,"שטראוס פריטו ליי בע""\מ )",,,"י""ח",216,ל גרם,false,1,16.90,7.82,true,1,
7290010124503,false,שומן כבש מעובד ארוז בלדי 200גר,בלדי בע`מ,,,"י""ח",200,ל גרם,false,1,11.90,5.95,false,1,
7290010129010,false,עוגיות כתר ריבה דולצ`ה ויטה (600 גרם),שיבולים יצור ושיווק מוצרי מאפה,,,"י""ח",600,ל גרם,false,1,19.90,3.32,false,1,
7290010129324,false,עוגיות מעמול דולצה ויטה 600 גר,שיבולים יצור ושיווק מוצרי מאפה,,,"י""ח",600,ל גרם,false,1,19.90,3.32,false,1,
7290010129652,false,עוגיות לקפה 350ג מאפים של אדל,שיבולים יצור ושיווק מוצרי מאפה,,,"י""ח",350,ל גרם,false,1,16.90,4.83,false,1,
7290010153510,false,בורגול יבש מיה 500 גר',מיה תעשיות מזון מ.ת.מ. בעמ,,,"י""ח",500,ל גרם,false,1,3.90,0.78,false,1,
7290010153527,false,ג'ריש מיה 500 גרם,מיה תעשיות מזון מ.ת.מ. בעמ,,,"י""ח",500,ל גרם,false,1,3.90,0.78,false,1,
7290010153534,false,קמח תירס מיה 400 גרם,מיה תעשיות מזון מ.ת.מ. בעמ,,,"י""ח",400,ל גרם,false,1,6,1.50,false,1,
7290010153541,false,שיבולת שועל קוואקר מהיר הכנה מיה 500 גר',מיה תעשיות מזון מ.ת.מ בעמ,,,"י""ח",500,ל גרם,false,1,8.40,1.68,false,1,
7290010153688,false,חומץ רכיבים טבעיים 1 ליטר,מיה תעשיות מזון מ.ת.מ. בעמ,,,"י""ח",1,ליטר,false,1,5.90,5.90,false,1,
7290010153770,false,ציפוי לשניצל פיקנטי מיה 500 גרם,מיה תעשיות מזון מ.ת.מ. בעמ,,,"י""ח",500,ל גרם,false,1,12.90,2.58,false,1,
7290010153787,false,ציפוי לשניצל עם שומשום 500 גר`מיה,מיה תעשיות מזון מ.ת.מ. בעמ,,,"י""ח",500,ל גרם,false,1,12.90,2.58,false,1,
7290010153794,false,ציפוי לשניצל עם עשבי תיבול מיה 500 גרם,מיה תעשיות מזון מ.ת.מ. בעמ,,,"י""ח",500,ל גרם,false,1,12.90,2.58,false,1,
7290010153800,false,ציפוי לשניצל עם תיבול עדין מיה (500 גרם),מיה תעשיות מזון מ.ת.מ. בעמ,,,"י""ח",500,ל גרם,false,1,12.90,2.58,false,1,
7290010153817,false,ריבת חלב אמיתי מיה 400 גרם,מיה תעשיות מזון מ.ת.מ. בעמ,,,"י""ח",300,ל גרם,false,1,13.90,4.63,true,1,
7290010153848,false,תבלין פפריקה מרוקאי בשמן 80 גר' מיה,מיה תעשיות מזון מ.ת.מ בעמ,,,"י""ח",8000,ל גרם,false,1,6.30,0.08,false,1,
7290010153862,false,פלפל שחור גרוס בצנצנת מיה 70 גרם,מיה תעשיות מזון מ.ת.מ בעמ,,,"י""ח",1,,false,1,11.90,11.90,false,1,
7290010154005,false,סחוג תימני תבליני ביטון יוחאי (250 גרם),תבליני יוחאי ביטון,,,"י""ח",250,ל גרם,false,1,13.90,5.56,false,1,
7290010154012,false,לימון בלאדי תבליני ביטון יוחאי (250 גרם),נטו מלינדה סחר בע`מ,,,"י""ח",250,ל גרם,false,1,13.90,5.56,false,1,
7290010154029,false,אריסה מתוקה תבליני ביטון יוחאי (250 גרם),תבליני ביטון יוחאי,,,"י""ח",250,ל גרם,false,1,13.90,5.56,false,1,
7290010154036,false,עמבה תבליני ביטון יוחאי (250 גרם),נטו מילנדה סחר בעמ*,,,"י""ח",250,ל גרם,false,1,13.90,5.56,false,1,
7290010154050,false,ממרח שיפקה כבוש ביטון יוחאי (250 גרם),תבליני ביטון יוחאי,,,"י""ח",250,ל גרם,false,1,13.90,5.56,false,1,
7290010154241,false,סלט חזרת ביתית תבליני ביטון יוחאי (250 ג,נטו מלינדה סחר בע`מ,,,"י""ח",250,ל גרם,false,1,13.90,5.56,false,1,
7290010154265,false,פלפל צ`ומה תבליני ביטון יוחאי (250 גרם),תבליני יוחאי ביטון,,,"י""ח",250,ל גרם,false,1,13.90,5.56,false,1,
7290010154678,false,אריסה מרוקאית תבליני ביטון 250 גרם,תבליני יוחאי ביטון,,,"י""ח",250,ל גרם,false,1,13.90,5.56,false,1,
7290010154685,false,סלט שום כתוש 250 ג' ביטון יוחאי,תבליני ביטון יוחאי,,,"י""ח",250,ל גרם,false,1,13.90,5.56,false,1,
7290010175819,false,חמאת בוטנים קלאסית טעמן 510 גרם,טעמן שווק מזון בעמ,,,"י""ח",510,ל גרם,false,1,10.90,2.14,true,1,
7290010175857,false,פרוסות לבבות דקל במי מלח טעים 400 גרם,טעמן שיווק מזון בעמ,,,"י""ח",400,ל גרם,false,1,11.90,2.98,true,1,
7290010192120,false,צנונית ארוזה יחידה,ביכורי השדה צפון 1994 ג.ד. בעמ,,,"י""ח",1,,false,1,6.90,6.90,false,1,
7290010195268,false,פופקורן פופסטאר חמישייה מופחת שומן טבעי,דנשר (1963) בעמ,,,"י""ח",500,ל גרם,false,1,13.80,2.76,true,1,
7290010237685,false,"הייניקן בירה צואר ארוך 330מ""ל",טמפו משקאות בע''מ,,,"י""ח",330,"ל מ""ל",false,1,8.90,2.61,false,1,
7290010237784,false,בירה שנדי בתוספת משקה לימון ליים - שישייה,"טמפו משקאות בע""\מ",,,"י""ח",1.98,ליטר,false,1,35.90,17.22,true,1,
7290010237890,false,"בירה הייניקן בקבוק 500 מ""ל חוזר",טמפו משקאות בע''מ,,,"י""ח",500,"ל מ""ל",false,1,8.90,1.54,false,1,
7290010259007,false,"עוגיות איטלקיות מובחרות ויליפוד 1 ק""ג",ג.וילי פוד אינטרנשיונל בעמ,,,"י""ח",200,ל גרם,false,1,6.90,3.45,false,1,
7290010259359,false,וילי פוד נודלס אטר.ביצים להקפצה בדץ 200ג,ג.וילי פוד אינטרנשיונל בעמ,,,"י""ח",200,ל גרם,false,1,4.90,2.45,false,1,
7290010259366,false,וילי פוד נודלס אטר.ביצים מסולסל בדץ 200ג,ג. וילי-פוד אינטרנשיונל בע`מ,,,"י""ח",200,ל גרם,false,1,4.90,2.45,false,1,
7290010259823,false,מנת השף נודלס בטעם עוף וילי פוד (70 גרם),ג. וילי-פוד אינטרנשיונל בע`מ,,,"י""ח",70,ל גרם,false,1,5.90,8.43,true,1,
7290010259830,false,מנת השף נודלס בסגנון סיני פיקנטי וילי פוד 70 גרם,ג. וילי-פוד אינטרנשיונל בע`מ,,,"י""ח",70,ל גרם,false,1,5.90,8.43,true,1,
7290010259847,false,מנת השף מרק עם נודלס בטעם תירס ויליפוד 70 גרם,ג. וילי-פוד אינטרנשיונל בע`מ,,,"י""ח",70,ל גרם,false,1,5.90,8.43,true,1,
7290010259854,false,מנת השף מרק עם נודלס בטעם פטריות ויליפוד 70 גרם,ג. וילי-פוד אינטרנשיונל בע`מ,,,"י""ח",70,ל גרם,false,1,5.90,8.43,true,1,
7290010259861,false,מנת השף מרק עם נודלס בטעם ירקות ויליפוד 70 גרם,ג. וילי-פוד אינטרנשיונל בע`מ,,,"י""ח",70,ל גרם,false,1,5.90,8.43,true,1,
7290010259991,false,צנימים מיוחדים בטעם טבעי 250 ג',ג. וילי-פוד אינטרנשיונל בע`מ,,,"י""ח",250,ל גרם,false,1,8.50,3.40,true,1,
7290010300501,false,"סוכר חום דמררה נאמן 1 ק""ג",נאמן לאורך זמן בעמ,,,"י""ח",1,"ק""ג",false,1,10.90,10.90,false,1,
7290010300747,false,קיסמים דנטליים 200 יח',נאמן לאורך זמן בעמ,,,"י""ח",1,,false,1,10.90,10.90,false,1,
7290010300860,false,אציטון נאמן לאורך זמ,נאמן לאורך זמן בעמ,,,"י""ח",100,"ל מ""ל",false,1,3.90,3.90,false,1,
7290010328093,false,ממרח חלווה אחווה 400 ג' מהדרין,אחדות ביחר לטחינה חל,,,"י""ח",400,ל גרם,false,1,10.70,2.68,false,1,
7290010328246,false,טחינה גולמית משומשום מלא אחווה 500 גרם,אחדות ביתחרושת לטחינה חלבה,,,"י""ח",500,ל גרם,false,1,9.90,1.98,false,1,
7290010328253,false,טחינה גולמית משומשום טבעי אחווה 500 גרם,אחדות ביתחרושת לטחינה חלבה,,,"י""ח",500,ל גרם,false,1,9.90,1.98,false,1,
7290010328345,false,חלווה בקופסה אחוה 50 גרם,אחדות ביחר לטחינה חל,,,"י""ח",50,ל גרם,false,1,1.50,3,false,1,
7290010328451,false,אחווה חלווה עם פולי קקאו 400 גר,אחדות ביתחרושת לטחינה חלבה,,,"י""ח",400,ל גרם,false,1,12.90,3.23,false,1,
7290010328468,false,מארז מיני חלווה אחוה בטעמים 18 יחידות 216 גרם,אחדות ביחר לטחינה חל,,,"י""ח",18,"י""ח",false,1,9.90,0.55,false,1,
7290010328505,false,"מארז מיני חלווה 15 יחידות לל""ס אחוה 150 גרם",אחדות ביחר לטחינה חל,,,"י""ח",12,"י""ח",false,1,9.90,0.83,false,1,
7290010328680,false,עוגה בטעם שוקולד עם שוקוצ'יפס מריר ולבן 450 גרם,אחדות ביחר לטחינה חל,,,"י""ח",450,ל גרם,false,1,9.90,2.20,false,1,
7290010328710,false,קצפיות אחווה 180 גר`חדש ללא חזרות*,אחדות ביחר לטחינה חל,,,"י""ח",180,ל גרם,false,1,9.90,5.50,false,1,
7290010328727,false,ממרח טחינה עם שוקולד אחווה 400 גרם,אחדות ביחר לטחינה חל,,,"י""ח",400,ל גרם,false,1,11.90,2.98,false,1,
7290010328765,false,חלבה חטיף שוקו וניל וחלבה אחווה 50 גרם,אחדות ביחר לטחינה חל,,,"י""ח",50,ל גרם,false,1,1.50,3,false,1,
7290010328819,false,"ממרח טחינה עם שוקולד לל""ס 400 ג' אחדות!.",אחדות ביחר לטחינה חל,,,"י""ח",400,ל גרם,false,1,9.90,2.48,false,1,
7290010471669,false,יוגורט תות עם קורנפלקס מצופה שוקולד ללא גלוטן 3.9%,שטראוס גרופ בעמ/מצונן,,,"י""ח",175,"ל מ""ל",false,1,4.30,2.46,true,1,
7290010472390,false,מארז 8 יחידות מעדן דני בטעם שוקולד 1.5%,שטראוס גרופ בעמ/מצונן,,,"י""ח",1,ליטר,false,1,14.90,14.90,true,1,
7290010513727,false,פנקו פרורי לחם 200 גרם (קינגדאו),מזרח ומערב יבוא ושיווק,,,"י""ח",200,ל גרם,false,1,9.90,4.95,false,1,
7290010558087,false,אריסה 200 גרם,עוזי טעמים של בית,,,"י""ח",1,,false,1,14.90,14.90,false,1,
7290010558094,false,"אריסה 1 ק""ג",עוזי טעמים של בית,,,"י""ח",1,,false,1,34.90,34.90,false,1,
7290010558902,false,אריסה חריפה מאוד עוזי 200 גרם,עוזי טעמים של בית,,,"י""ח",1,,false,1,14.90,14.90,false,1,
7290010609000,false,טרופיקש משקה ענבים 200מ,דודו הדיל בעמ,,,"י""ח",1,,false,1,1.20,1.20,false,1,
7290010609550,false,טרופי קש 20 יח בקופסא,דודו הדיל בעמ,,,"י""ח",20,"י""ח",false,1,24.90,1.25,false,1,
7290010609727,false,פופס קידס משקה להקפאה בטעם פירות 70יח,דודו הדיל בעמ,,,"י""ח",1,,false,1,13.90,13.90,false,1,
7290010609734,false,אייס לי משקה להקפאה בטעמי פירות - מארז 8 יח',דודו הדיל בעמ,,,"י""ח",8,"י""ח",false,1,5.90,0.74,true,1,
7290010609871,false,קרטון טרופיות ענבים 18 יחידות,דודו הדיל בעמ,,,"י""ח",40,"י""ח",false,1,17.90,0.45,false,1,
7290010613540,false,מטליות בדלי לנ.רצפות בנ.מלון בוטיק טאצ,סאסאטק אגשח בעמ,,,"י""ח",1,"י""ח",false,1,27.90,27.90,false,1,
7290010613953,false,טאצ' דלי מטליות לחות לניקוי וחיטוי בניחוח מלון בוטיק 250 יח',סאסאטק אגשח בעמ,,,"י""ח",2.50,"י""ח",false,1,17.90,7.16,true,1,
7290010613960,false,דלי מטליות לניקוי וחיטוי 400יח טאצ.,סאסאטק אגשח בעמ,,,"י""ח",1,,false,1,21.90,21.90,true,1,
7290010627004,false,טחינה גולמית מסורתית ירושלים 500 ג',תה ויסוצקי (ישראל) בעמ,,,"י""ח",500,ל גרם,false,1,16.90,3.38,true,1,
7290010627844,false,טחינה גולמית שומשום מלא ירושלים 500גרם,תה ויסוצקי (ישראל) בעמ,,,"י""ח",500,ל גרם,false,1,16.90,3.38,true,1,
7290010632558,false,כפית ארוכה נובי 18יחידות,אינטרסן (1996) בעמ,,,"י""ח",1,,false,1,15.90,15.90,false,1,
7290010632572,false,נובי478-נשכן שרשרת חרוזים,מולינו ניקולי s.p.a,,,"י""ח",1,,false,1,35.90,35.90,false,1,
7290010632701,false,"מוצץ ""נובי"" פרפר בינוני",אינטרסן (1996) בעמ,,,"י""ח",1,,false,1,24.90,24.90,false,1,
7290010632787,false,צימרוני אוזניים מעץ אינטרסן) (300,הדקלאים אגודת שיתופי,,,"י""ח",300,"י""ח",false,1,3.50,0.01,false,1,
7290010632824,false,סט 6יח'ספוג מתכת+ידיתUNISUN,אינטרסן (1996) בעמ,,,"י""ח",1,,false,1,12.50,12.50,false,1,
7290010672844,false,חלה רגילה קלועה אפויה-קפואה,ג נרל מילס ישראל בעמ,,,"י""ח",1,,false,1,9.90,9.90,false,1,
7290010711253,false,רביעייה מטליות מיקרו לניקוי כללי Shiny,מ.א.ייצור ויבוא מטליות בעמ,,,"י""ח",1,,false,1,7.90,7.90,false,1,
7290010711901,false,מיקרופייבר שלישייה לרצפה שייני,מ.א. יצור ויבוא מטליות בעמ`,,,"י""ח",3,"י""ח",false,1,15.90,5.30,false,1,
7290010711932,false,מטליות רב שימושיות פרימיום שייני 9 יחידות,מ.א.ייצור ויבוא מטליות בעמ,,,"י""ח",9,"י""ח",false,1,8.90,0.99,false,1,
7290010718627,false,אל סבון נוזלי ירוק 1 ליטר פנינה רוזנבלום,"פנינה רוזנבלום בע""מ",,,"י""ח",1,ליטר,false,1,10.90,10.90,true,1,
7290010718634,false,"פנינה רוזנבלום -אל סבון נוזלי לבן,1 ליטר","פנינה רוזנבלום בע""מ",,,"י""ח",1,ליטר,false,1,10.90,10.90,true,1,
7290010748853,false,"ד""ר פישר - אפקטיב קר קרם ידיים סנסיטיב 150 מ""ל","פישר תעשיות פרמבצטיות בע""מ",,,"י""ח",150,"ל מ""ל",false,1,16.90,11.27,true,1,
7290010748860,false,"ד""ר פישר - אפקטיב קר קרם ידיים אינטנסיב 150 מ""ל","פישר תעשיות פרמבצטיות בע""מ",,,"י""ח",150,"ל מ""ל",false,1,16.90,11.27,true,1,
7290010748884,false,אפקטיב קר קרם גוף אינטנסיב לעור יבש במיוחד ח 700,"פישר תעשיות פרמבצטיות בע""מ",,,"י""ח",700,"ל מ""ל",false,1,29.90,4.27,true,1,
7290010748891,false,אפקטיב קר קרם גוף מולטי ויטמין לעור רגיל יבש ח 7,פישר תעשיות פרמצבטיות בעמ,,,"י""ח",700,"ל מ""ל",false,1,29.90,4.27,true,1,
7290010766956,false,ממרח פלפלים מתוקים אדומים אוליביה 180 גרם,תה ויסוצקי (ישראל)בעמ,,,"י""ח",1,,false,1,13.90,13.90,true,1,
7290010791644,false,בונזו ג`וי מקלוני עוף פריכים 90גר,דיפלומט מפיצים (1968) בעמ**,,,"י""ח",90,ל גרם,false,1,18.50,20.56,false,1,
7290010814244,false,שלשות שוקולד מריר 85 גרם*3 בלמינט *18 בקרטון,כרמית תעשיות ממתקים בעמ,,,"י""ח",255,ל גרם,false,1,11.90,4.67,true,1,
7290010814251,false,שלשות שוקולד חלב 85 גר*3 בלמינט*18 בקרט בדצ,כרמית תעשיות ממתקים בעמ,,,"י""ח",300,ל גרם,false,1,11.90,3.97,true,1,
7290010883356,false,כפפות אלוורה רב שימושיות גדולות L סנו סושי,החברה הדרומית לשיווק בעמ,,,"י""ח",1,,false,1,10.90,10.90,false,1,
7290010903917,false,שניצל תירס שף הטבע 1,קפוא-זן תעשיות מזון בעמ - תפוג,,,"י""ח",1,"ק""ג",false,1,21.90,21.90,false,1,
7290010903931,false,"כוכבי תירס בד""צ קפוא זן",קפוא-זן תעשיות מזון בעמ - תפוג,,,"י""ח",750,ל גרם,false,1,21.90,2.92,false,1,
7290010922871,false,"טחון בקר 1 ק""ג קפוא אשפר בלדי",בלדי בעמ,,,"י""ח",1,"ק""ג",false,1,36.90,36.90,true,1,
7290010931330,false,סלט מטבוחה אחלה 500 גרם,שטראוס גרופ בעמ/מצונן,,,"י""ח",500,ל גרם,false,1,14.90,2.98,true,1,
7290010945146,false,קוטג' 3% מועשר בסידן טרה 250 ג' מהדרין,*החברה המרכזית להפצת משקאותבעמ,,,"י""ח",250,ל גרם,false,1,4.90,1.96,true,1,
7290010945306,false,חלב טרה קרטון 2 ליטר מהדרין*%*3,החברה המרכזית טלהפצת משקאות בע,,,"י""ח",2,ליטר,false,1,12.46,6.23,false,1,
7290010945450,false,גבינה לבנה 3% 250 גר מועשר בסידן וויטמין,*החברה המרכזית להפצת משקאותבעמ,,,"י""ח",250,ל גרם,false,1,4.98,1.99,false,1,
7290010945481,false,גבינה לבנה טרה 5% מרכיבים טבעיים,החברה המרכזית טלהפצת משקאות בע,,,"י""ח",500,ל גרם,false,1,9.96,1.99,true,1,
7290011017866,false,פחית קולה סליק קוקה-קולה (330 מל),החברה המרכזית להפצת משקאות בעמ,,,"י""ח",330,"ל מ""ל",false,1,4.50,1.27,true,1,
7290011017873,false,פחית זירו סליק קוקה-קולה (330 מל),החברה המרכזית להפצת משקאות בעמ,,,"י""ח",330,"ל מ""ל",false,1,4.50,1.27,true,1,
7290011017880,false,פחית דיאט קולה סליק קוקה-קולה (330 מל),החברה המרכזית להפצת משקאות בעמ,,,"י""ח",330,"ל מ""ל",false,1,4.50,1.27,true,1,
7290011018184,false,תה קר בטעם אפרסק פיוז-טי (500 מל),החברה המרכזית להפצת משקאות בעמ,,,"י""ח",500,"ל מ""ל",false,1,6.20,1.18,true,1,
7290011018443,false,משקה מוגז אורנג` פאנטה (330 מל),החברה המרכזית להפצת משקאות בעמ,,,"י""ח",330,"ל מ""ל",false,1,4.50,1.27,true,1,
7290011026066,false,"ד""ר פישר - סרקל שמפו + מרכך לילדים 1 ליטר","פישר תעשיות פרמצבטיות בע""מ",,,"י""ח",1,ליטר,false,1,29.90,29.90,false,1,
7290011026530,false,ק.ב סנסטיב אל סבון לבנדר קמומיל לפני השינה 500 מ,"פישר תעשיות פרמצביטות בע""מ",,,"י""ח",500,"ל מ""ל",false,1,20.90,4.18,false,1,
7290011051358,false,"שוופס סודה לימון זכוכית 250 מ""ל",יפאורה - שותפות מוגבלת לשיווק,,,"י""ח",250,"ל מ""ל",false,1,3.50,1.28,true,1,
7290011051525,false,ספרינג תה קר 0.5 ליטר אפרסק,יפאורה שותפות מוגבלת לשיווק,,,"י""ח",500,"ל מ""ל",false,1,5.90,1.12,true,1,
7290011091231,false,עלי דפנה ופלפל אנגלי ק 40 גרם,תבליני הדור השלישי,,,"י""ח",40,ל גרם,false,1,14.90,37.25,false,1,
7290011091491,false,תבלינים שונים]פרג[,תבליני הדור השלישי,,,"י""ח",1,,false,1,14.90,14.90,false,1,
7290011091514,false,פרג פפריקה מתוקה בשמן 120ג,תבליני הדור השלישי,,,"י""ח",1,,false,1,14.90,14.90,false,1,
7290011091521,false,פרג תבלין כמון טחון 120ג,תבליני הדור השלישי,,,"י""ח",1,,false,1,14.90,14.90,false,1,
7290011113926,false,דאודורנט ספריי טיטניום בלאק Titanium Black,החברה הדרומית לשיווק בעמ,,,"י""ח",200,"ל מ""ל",false,1,14.90,7.45,false,1,
7290011115203,false,אל סבון מוצק מבושם בניחוח עדין קלאסיק - מארז רביעיה,החברה הדרומית לשיווק בעמ,,,"י""ח",400,ל גרם,false,1,8.90,2.23,false,1,
7290011115241,false,אל סבון ארומטי מוצק ורוד ורד ויסמין - מארז רביעיה,החברה הדרומית לשיווק בעמ,,,"י""ח",400,ל גרם,false,1,8.90,2.23,false,1,
7290011115258,false,אל סבון מוצק מבושם בניחוח עדין קלאסיק - מארז רביעיה,החברה הדרומית לשיווק בעמ,,,"י""ח",400,ל גרם,false,1,10.90,2.73,false,1,
7290011115289,false,אל סבון מוצק מבושם בניחוח עדין קלאסיק - מארז רביעיה,החברה הדרומית לשיווק בעמ,,,"י""ח",400,ל גרם,false,1,10.90,2.73,false,1,
7290011115401,false,אל סבון ארומטי מוצק צהוב קמומיל - רביעייה,החברה הדרומית לשיווק בעמ,,,"י""ח",400,ל גרם,false,1,10.90,2.73,false,1,
7290011126209,false,הגן הקסום תה טעם תפוח וקינמון סיידר ויסוצקי 25 יח',תה ויסוצקי (ישראל)בעמ,,,"י""ח",55,ל גרם,false,1,17.90,32.55,true,1,
7290011126216,false,תה רויבוש קלאסי ויסוצקי 25 יחידות,תה ויסוצקי (ישראל)בעמ,,,"י""ח",50,ל גרם,false,1,24.50,49,false,1,
7290011126452,false,הגן הקסום תה בטעם קמומיל ונענע ויסוצקי 25 יחידות,תה ויסוצקי (ישראל) בעמ,,,"י""ח",37.50,ל גרם,false,1,17.90,47.73,true,1,
7290011126469,false,חליטת צמחים וקמומיל הגן הקסום ויסוצקי 25 יחידות,תה ויסוצקי (ישראל) בעמ,,,"י""ח",37.50,ל גרם,false,1,17.90,47.73,true,1,
7290011126957,false,תה ירוק ארל גריי ויסוצקי 25 יחידות,תה ויסוצקי (ישראל) בעמ,,,"י""ח",37.50,ל גרם,false,1,24.90,66.40,true,1,
7290011132019,false,גולדסטאר בלאק רוסט ב,טמפו משקאות בעמ,,,"י""ח",330,"ל מ""ל",false,1,6.50,1.88,false,1,
7290011132309,false,"שישיית בירה גולדסטאר 330 מ""ל מהדורת Black roast","טמפו משקאות בע""\מ",,,"י""ח",1980,"ל מ""ל",false,1,35.90,1.72,true,1,
7290011133368,false,בירה שנדי בתוספת משקה תפוח - שישייה,"טמפו משקאות בע""מ",,,"י""ח",1.98,ליטר,false,1,35.90,17.22,true,1,
7290011133375,false,בירה שנדי בתוספת משקה אפרסק - שישייה,"טמפו משקאות בע""מ",,,"י""ח",330,"ל מ""ל",false,1,35.90,10.33,true,1,
7290011133634,false,"פפסי מקס פחית צרה מארז שישייה 330 מ""ל","טמפו משקאות בע""\מ",,,"י""ח",1.98,ליטר,false,1,19.90,9.14,true,1,
7290011142001,false,לחם שיפון בורודינסקי,מאפיית דואט בעמ,,,"י""ח",550,ל גרם,false,1,11.90,2.16,false,1,
7290011142049,false,לחם ביתי עם סובין לל,מאפיית דואט בעמ,,,"י""ח",630,ל גרם,false,1,11.90,1.89,false,1,
7290011142148,false,שישיית לחמניות אצבע מאפיית דואט,מאפיית דואט בעמ,,,"י""ח",700,ל גרם,false,1,12.90,1.84,false,1,
7290011142193,false,לחמניות קלועות מתוקות עם צימוקים 400 גרם,מאפיית דואט בעמ,,,"י""ח",700,ל גרם,false,1,12.90,1.84,false,1,
7290011142315,false,לחם מרוקאי מסורתי(פרנה),מאפיית דואט בעמ,,,"י""ח",700,ל גרם,false,1,14.50,2.07,false,1,
7290011142322,false,10 פיתות במארז( דואט),מאפיית דואט בעמ,,,"י""ח",700,ל גרם,false,1,13.90,1.99,false,1,
7290011142407,false,"לחם שבע דגנים 1100 ג""ר",מאפיית דואט בעמ,,,"י""ח",1.10,"ק""ג",false,1,18.90,17.18,false,1,
7290011142445,false,לחם כוסמין בריוש 600,אלון חברה ליצור שיוו,,,"י""ח",1,"ק""ג",false,1,17.90,17.90,false,1,
7290011142827,false,מארז פיתות כוסמין,מאפיית דואט בעמ`,,,"י""ח",700,ל גרם,false,1,16.90,2.41,false,1,
7290011142834,false,פיתות קלה 10 יח מארז 500 גר,מאפיית דואט בעמ`,,,"י""ח",700,ל גרם,false,1,15.90,2.27,false,1,
7290011154301,false,ממרח תמרים 450ג ח.סופר טעמי הגליל*,ח.כהן סוכנות מזון ומשקאות בע,,,"י""ח",450,ל גרם,false,1,6.90,1.53,false,1,
7290011174163,false,"גרעיני תירס מתוק ויטה 340 גרם בד""צ",ויטה- פרי גליל (החדשה) בעמ,,,"י""ח",450,ל גרם,false,1,7.90,1.76,true,1,
7290011174187,false,אפונה ירוקה 550 גר' ויטה,ויטה- פרי גליל (החדשה) בעמ,,,"י""ח",550,ל גרם,false,1,7.90,1.44,true,1,
7290011174224,false,"צ יפס קפוא 1.5 ק""ג פרי גליל בד""ץ",ויטה- פרי גליל (החדשה) בעמ,,,"י""ח",1.50,"ק""ג",false,1,21.90,14.60,false,1,
7290011174231,false,עוגת מוס גבינה אוכמניות 850 גרם,קפולסקי שיווק וקמעונ,,,"י""ח",850,ל גרם,false,1,69.90,8.22,false,1,
7290011174323,false,"צ'יפס אמריקאי 1.5 ק""ג פרי הגליל",ויטה פרי גליל (החדשה) בע`מ,,,"י""ח",1.50,"ק""ג",false,1,21.90,14.60,true,1,
7290011174422,false,"סטייק צ יפס 1.5 ל בד""ץ",ויטה- פרי גליל (החדשה) בעמ,,,"י""ח",1,,false,1,21.90,21.90,false,1,
7290011194215,false,מעדן גבינה ויוגורט בטעם בננה 5% שומן 88 ג' דניאלה,שטראוס גרופ בעמ/מצונן,,,"י""ח",150,"ל מ""ל",false,1,3.90,2.60,true,1,
7290011194246,false,קוטג 5% 250 גרם עם סידן שטראוס,שטראוס גרופ בעמ/מצונן,,,"י""ח",250,ל גרם,false,1,5.60,2.24,true,1,
7290011223038,false,בונומי עלים לקרמשניט שכבות אפויות מבצק עלים 300 גרם,דנשר (1963) בעמ,,,"י""ח",400,ל גרם,false,1,14.90,3.73,false,1,
7290011236649,false,"נטיפי שוקולד ציפס אמיתי 300 גר' 54% מוצקי קקאו (בד""ץ)",דין שיווק וקליה 2021 בעמ,,,"י""ח",300,ל גרם,false,1,11.90,3.97,false,1,
7290011249748,false,רולים גלילי ופל במילוי קרם שוקולד 100 ג' עלמה,ח.כהן סוכנות מזון ומשקאות בע,,,"י""ח",100,ל גרם,false,1,3.90,3.90,false,1,
7290011249755,false,רולים גלילי ופל במילוי קרם אגוזים 100 ג' עלמה,ח.כהן סוכנות מזון ומשקאות בע,,,"י""ח",100,ל גרם,false,1,3.90,3.90,false,1,
7290011254018,false,שעועית מש מיה 500 גר',מיה תעשיות מזון מ.ת.מ בעמ,,,"י""ח",500,ל גרם,false,1,6.90,1.38,false,1,
7290011254032,false,קינואה מיה (500 גרם),מיה תעשיות מזון מ.ת.מ. בעמ,,,"י""ח",500,ל גרם,false,1,9.90,1.98,false,1,
7290011254070,false,תבלין פלפל שחור בשקית 50ג' מיה,מיה תעשיות מזון מ.ת.מ בעמ,,,"י""ח",80,ל גרם,false,1,9.40,11.75,false,1,
7290011254087,false,תבלין קינמון בשקית 80 גר' מיה,מיה תעשיות מזון מ.ת.מ בעמ,,,"י""ח",80,ל גרם,false,1,4.30,5.38,false,1,
7290011254100,false,תבלין כרכום בשקית 80 גר' מיה,מיה תעשיות מזון מ.ת.מ בעמ,,,"י""ח",80,ל גרם,false,1,5,6.25,false,1,
7290011254117,false,תבלין פפריקה מתוקה בשקית 80 גר' מיה,מיה תעשיות מזון מ.ת.מ בעמ,,,"י""ח",80,ל גרם,false,1,5,6.25,false,1,
7290011254124,false,תבלין פפריקה חריפה בשקית 80 גר' מיה,מיה תעשיות מזון מ.ת.מ בעמ,,,"י""ח",80,ל גרם,false,1,4.30,5.38,false,1,
7290011254131,false,תבלין אורגנו 20גרם- שקית,מיה תעשיות מזון מ.ת.מ בעמ,,,"י""ח",20,ל גרם,false,1,4.20,21,false,1,
7290011254148,false,אבקת שום בשקית מיה 80 גרם,מיה תעשיות מזון מ.ת.מ בעמ,,,"י""ח",80,ל גרם,false,1,7.90,9.88,false,1,
7290011254155,false,תבלין מלח לימון בשקית 80 גר' מיה,מיה תעשיות מזון מ.ת.מ בעמ,,,"י""ח",100,ל גרם,false,1,4,4,false,1,
7290011254179,false,תבלין גריל עוף בשקית 80 גר' מיה,מיה תעשיות מזון מ.ת.מ בעמ,,,"י""ח",80,ל גרם,false,1,4.10,5.13,false,1,
7290011254193,false,תבלין שביבי שום 50גרם שקית,מיה תעשיות מזון מ.ת.מ בעמ,,,"י""ח",50,ל גרם,false,1,7.90,15.80,false,1,
7290011254209,false,גבישי שום בשקית מיה 80 גרם,מיה תעשיות מזון מ.ת.מ בעמ,,,"י""ח",80,ל גרם,false,1,7.90,9.88,false,1,
7290011254247,false,תן צ'אפ חטיף גלגלים מארז 15X10ג',מיה תעשיות מזון מ.ת.מ בעמ,,,"י""ח",250,ל גרם,false,1,9.90,3.96,false,1,
7290011254612,false,"לקט תערובת לקדירה 600 גרם ""מיה"" קדירה לקט בריאות",מיה תעשיות מזון מ.ת.מ. בעמ,,,"י""ח",600,ל גרם,false,1,12.90,2.15,false,1,
7290011254728,false,ג'לטין טהור בקרטוני מיה 25 גרם,מיה תעשיות מזון מ.ת.מ. בעמ,,,"י""ח",25,ל גרם,false,1,9.90,39.60,false,1,
7290011254759,false,שעועית שחורה יבשה מיה 500 גר',מיה תעשיות מזון מ.ת.מ. בעמ,,,"י""ח",500,ל גרם,false,1,7.60,1.52,false,1,
7290011254773,false,שעועית ארגנטינאית יבשה מיה 500 גר',מיה תעשיות מזון מ.ת.מ. בעמ,,,"י""ח",500,ל גרם,false,1,7.90,1.58,false,1,
7290011254964,false,סוכריות ג לי טבעי עשירייה,מיה תעשיות מזון מ.ת.מ. בעמ,,,"י""ח",1,,false,1,10.90,10.90,true,1,
7290011276485,false,חסה עגולה רמי לוי,ביכורי השדה צפון 1994 ג.ד. בעמ,,,"י""ח",1,,false,1,6.90,6.90,false,1,
7290011378776,false,חטיף חלווה פיסטוק בארכה 126 גרם מארז 7 יחידות,קבוצת אוסם סחר שותפות מוגבלת,,,"י""ח",6,"י""ח",false,1,11.90,1.98,false,1,
7290011435226,false,דבש מפרחי בר לחיץ 650 ג' יד מרדכי,מכוורת יד מרדכי שטראוס ב,,,"י""ח",650,ל גרם,false,1,33.90,5.22,true,1,
7290011438142,false,"משקה יטבתה אייס קפה בבקבוק אישי 350 מ""ל",שטראוס גרופ בעמ/מצונן,,,"י""ח",350,"ל מ""ל",false,1,6.50,1.86,true,1,
7290011447281,false,מטרנה פרימיום חלבי שלב 2 700 גרם חיסכון,קבוצת אוסם סחר שותפות מוגבלת,,,"י""ח",700,ל גרם,false,1,49.90,7.13,false,1,
7290011447359,false,תחליף חלב מטרנה מהדרין שלב 1 חלבי 700 גרם,קבוצת אוסם סחר שותפות מוגבלת,,,"י""ח",700,ל גרם,false,1,49.90,7.13,false,1,
7290011447373,false,תחליף חלב מטרנה מהדרין שלב 2 חלבי 700 גרם,קבוצת אוסם סחר שותפות מוגבלת,,,"י""ח",700,ל גרם,false,1,49.90,7.13,false,1,
7290011447908,false,"מזון לחתולים מלא טעם עוף וכבד סופר קט 3 ק""ג",דיפלומט מפיצים (1968) בעמ**,,,"י""ח",3,"ק""ג",false,1,44.90,14.97,false,1,
7290011461058,false,גומא - מקלות ריחניים,מוסקו בעמ,,,"י""ח",1,,false,1,19.90,19.90,false,1,
7290011473129,false,גרעיני חמניות קלוף אורגני 300 גרם,גורי מוצרי צריכה בעמ,,,"י""ח",300,ל גרם,false,1,13.90,4.63,false,1,
7290011473617,false,טיב הטבע ציה טבעי 300 גרם תבואות,גורי מוצרי צריכה (1991) בעמ,,,"י""ח",300,ל גרם,false,1,18.90,6.30,false,1,
7290011480516,false,שמיר טרי מהדרין ארוז,ביכורי השדה צפון 1994 ג.ד. בעמ,,,"י""ח",1,,false,1,5.90,5.90,true,1,
7290011480523,false,נענע יבולי הכפר(חאסלט),ביכורי השדה צפון 1994 ג.ד. בעמ,,,"י""ח",1,,false,1,5.90,5.90,true,1,
7290011480547,false,בצל ירוק יבולי הכפר הר' אפרתי,ביכורי השדה צפון 1994 ג.ד. בעמ,,,"י""ח",1,,false,1,6.90,6.90,true,1,
7290011480561,false,סלק עלים כשר יבולי הכפר,ביכורי השדה צפון 1994 ג.ד. בעמ,,,"י""ח",1,,false,1,6.90,6.90,true,1,
7290011488062,false,בצלצלי שאלוט תיבולי הכפר,ביכורי השדה צפון 1994 ג.ד. בעמ,,,"י""ח",350,ל גרם,false,1,13.90,3.97,false,1,
7290011489595,false,קרקר טופז שומשום 110 גרם הדר*,ח.כהן סוכנות מזון ומשקאות בע,,,"י""ח",110,ל גרם,false,1,2.90,2.64,true,1,
7290011499105,false,בולגרית מסורתית 5% 250 גרם -רבנות,מחלבות גד שיווק 1992 בעמ,,,"י""ח",250,ל גרם,false,1,24.90,9.96,false,1,
7290011499112,false,בולגרית מסורתית 16% 250 גרם - רבנות,מחלבות גד שיווק 1992 בעמ,,,"י""ח",250,"ס""מ",false,1,24.90,9.96,false,1,
7290011499129,false,גבינה בולגרית מעודנת קוביות קטנות 5% גד 200 גרם,מחלבות גד שיווק 1992 בעמ,,,"י""ח",200,ל גרם,false,1,24.90,12.45,false,1,
7290011499303,false,פטה עיזים מעודנת 5% בגביע 250 גרם - רבנות,מחלבות גד שיווק 1992 בעמ,,,"י""ח",250,ל גרם,false,1,29.90,11.96,false,1,
7290011499327,false,גבינה בולגרית מעודנת 5% 250 גרם - רבנות,מחלבות גד שיווק 1992 בעמ,,,"י""ח",250,ל גרם,false,1,24.90,9.96,false,1,
7290011499365,false,גבינת חלומי 24% מחלב בקר גד (200 גרם),מחלבות גד שיווק 1992 בעמ,,,"י""ח",200,ל גרם,false,1,18.90,9.45,false,1,
7290011499419,false,גבינה במרקם שמנת בטעם טבעי 5% ניו יורק,מחלבות גד שיווק 1992 בעמ,,,"י""ח",200,ל גרם,false,1,10.90,5.45,false,1,
7290011499525,false,גבינת לאבנה דרוזית 9% גד 500 גרם,מחלבות גד שיווק 1992 בעמ,,,"י""ח",500,ל גרם,false,1,18.90,3.78,false,1,
7290011499624,false,שמנת 30% ניו יורק טבעי 200 גרם רבנות,מחלבות גד שיווק 1992 בעמ,,,"י""ח",200,ל גרם,false,1,12.90,6.45,false,1,
7290011499846,false,גבינת ריקוטה פרסקה 9% גד (300 גרם),מחלבות גד שיווק 1992 בעמ,,,"י""ח",300,ל גרם,false,1,16.90,5.63,false,1,
7290011501594,false,תערובת בריאות פ.אקזוטיים,****דין שיווק וקליה 2021 בעמ,,,"י""ח",800,ל גרם,false,1,14.90,1.86,false,1,
7290011505806,false,קיסמי שיניים דנטאליים מפלסטיק 200 יחידות בחבית,אינטרסן (1996) בעמ,,,"י""ח",200,"י""ח",false,1,7.90,0.04,false,1,
7290011518561,false,"אקטימל תות 1.51 ק""ג מארז 14 יחידות",שטראוס גרופ בעמ/מצונן,,,"י""ח",1.40,ליטר,false,1,28.90,20.64,true,1,
7290011525729,false,שמפו לתינוק קמיל בלו סנסטיב לפני השינה עם לבנדר וקמומיל,"פישר תעשיות פרמבצטיות בע""מ",,,"י""ח",1,ליטר,false,1,32.90,32.90,true,1,
7290011530358,false,שייק איט 450 גרם friday מיקס פירות קפוא,"הבו-קדו בע""מ",,,"י""ח",150,ל גרם,false,1,29.90,19.93,false,1,
7290011530747,false,מיקס פירות קפואים שייק איט סגול - 3*150 ג',"הבו-קדו בע""מ",,,"י""ח",150,ל גרם,false,1,29.90,19.93,false,1,
7290011575809,false,"הגרטי תרסיס לניקוי כלי כסף יעקבי 200 מ""ל",יעקב יעקבי ובניו בעמ,,,"י""ח",1,"י""ח",false,1,29.90,29.90,false,1,
7290011593087,false,"שמן זית כתית מעולה 750 מ""ל סבא חביב",בני פאוזי שמשום (2009) בעמ,,,"י""ח",750,"ל מ""ל",false,1,29.90,3.99,true,1,
7290011593117,false,זית סורי ירוק מבוקע 800 ג' סבא חביב,בני פאוזי שמשום (2009) בעמ,,,"י""ח",800,ל גרם,false,1,24.90,3.11,false,1,
7290011598211,false,"סנו - אנטי קאלק מרסס ניקוי כללי 4 ב-1 700 מ""ל",החברה הדרומית לשיווק בעמ,,,"י""ח",700,"ל מ""ל",false,1,18.90,2.70,false,1,
7290011598402,false,מקסימה מרכך כביסה ארומתרפי מאסק סנו 4 ליטר,החברה הדרומית לשיווק בעמ,,,"י""ח",4,ליטר,false,1,21.90,5.48,false,1,
7290011599836,false,משפר אפיה טבעי 100 ג' רובינפלד,"סופר קמח רובינפלד בע""מ",,,"י""ח",100,ל גרם,false,1,10.90,10.90,false,1,
7290011607180,false,"אבקת כביסה קולון 101 1.25 ק""ג",רקיט בנקיזר (ניר איסט) בעמ,,,"י""ח",1.25,"ק""ג",false,1,14.90,11.92,false,1,
7290011607197,false,"קולון 101 אבקת כביסה 5 ק""ג",רקיט בנקיזר (ניר איסט) בעמ,,,"י""ח",5,"ק""ג",false,1,39.90,7.98,false,1,
7290011618025,false,בייבי ביס הוט קידס נגיסי אורז לתינוק,גואנז'ו יונג וואנט פ,,,"י""ח",50,ל גרם,false,1,13.90,27.80,false,1,
7290011622428,false,כתמטמינים-חטיף בריאות לתינוקות וילדים 45 ג',גורי מוצרי צריכה (1991) בעמ,,,"י""ח",45,ל גרם,false,1,5.90,13.11,false,1,
7290011622664,false,כתמטמינים - חטיף אצבעות טחינה אורז ותירס 45 גרם,גורי מוצרי צריכה בעמ,,,"י""ח",45,ל גרם,false,1,5.90,13.11,false,1,
7290011623661,false,קצפוניות צהוב 70ג,טעמן שווק מזון בעמ,,,"י""ח",70,ל גרם,false,1,16.90,24.14,false,1,
7290011668143,false,מסיכה משקמת ומטפחת לשיער צבוע ופגום,"פנינה רוזנבלום בע""מ",,,"י""ח",1,"ק""ג",false,1,29.90,29.90,false,1,
7290011668433,false,"שמפו לשיער צבוע שיאה 750 מ""ל פנינה רוזנבלום","פנינה רוזנבלום בע""מ",,,"י""ח",750,"ל מ""ל",false,1,12.90,1.72,true,1,
7290011668440,false,מרכך שיאה לשיער צבוע פנינה רוזנבלום 750 מל,"פנינה רוזנבלום בע""מ",,,"י""ח",750,"ל מ""ל",false,1,12.90,1.72,true,1,
7290011668471,false,"שמפו רימונים לשיער דק 750 מ""ל פנינה רוזנבלום",פנינה רוזנבלום בעמ,,,"י""ח",750,"ל מ""ל",false,1,12.90,1.72,true,1,
7290011668570,false,בריא מהטבע גרנולה פירות יבשים 450 גרם פנינה רוזנבלום,בריא מהטבע פנינה רוזנבלום,,,"י""ח",500,ל גרם,false,1,25.90,5.18,true,1,
7290011695286,false,קיסם הפלא אריזה ורודה 250,נאמן לאורך זמן בעמ,,,"י""ח",1,,false,1,10.90,10.90,false,1,
7290011695651,false,צנימים עגולים 300 גרם נאמן,נאמן לאורך זמן בעמ,,,"י""ח",300,ל גרם,false,1,11.90,3.97,false,1,
7290011695958,false,"חומץ תפוחים נאמן 750 מ""ל",נאמן לאורך זמן בעמ,,,"י""ח",1,,false,1,10.90,10.90,false,1,
7290011716103,false,פירורי לחם יפני לבן עדין שקית 250 גר,****דין שיווק וקליה 2021 בעמ,,,"י""ח",250,ל גרם,false,1,7.10,2.84,false,1,
7290011732271,false,מארז פירות פלסטיק עם אבקה בטעם פרי חמצמץ 36 יחידות,גואנגדונג צאואן פוד,,,"י""ח",432,ל גרם,false,1,18.90,4.38,false,1,
7290011732943,false,שקדי מרק 400 גרם טעמן,טעמן שווק מזון בעמ,,,"י""ח",400,ל גרם,false,1,10.90,2.73,false,1,
7290011765422,false,אל סבון מועשר בלחות ותמצית קמומיל - בוב ספוג,החברה הדרומית לשיווק בעמ,,,"י""ח",750,"ל מ""ל",false,1,7.90,1.05,false,1,
7290011800840,false,רפי כהן סלט טחינה בלאדי צבר 400 גרם,קבוצת אוסם סחר שותפות מוגבלת,,,"י""ח",400,ל גרם,false,1,15.90,3.98,true,1,
7290011876388,false,קציצות עוף ובקר מאמא עוף (600 גרם),תנובה מרכז שיתופי לשיווק תוצרת,,,"י""ח",600,ל גרם,false,1,28,4.67,false,1,
7290011877088,false,"רדיד אלומיניום רוחב 30 ס""מ, 18 מיקרון - מארז זוג",החברה הדרומית לשיווק בעמ,,,"י""ח",1,,false,1,14.90,14.90,false,1,
7290011877095,false,"רדיד אלומיניום רוחב 45 ס""מ סנו סושי 2*7.5 מטר",החב הדרומית לשיווק,,,"י""ח",1,,false,1,19.90,19.90,false,1,
7290011877866,false,"מקסימה אבקת כביסה בניחוח מאסק סנו 6 ק""ג",החברה הדרומית לשיווק בעמ,,,"י""ח",6,"ק""ג",false,1,49.90,8.32,true,1,
7290011912642,false,ליסטרין שטיפת פה הגנה על השיניים והחניכי,ג'\ונסון אנד ג'\ונסון,,,"י""ח",500,"ל מ""ל",false,1,17.90,3.58,true,1,
7290011931162,false,סוכרלייט ממתיק נוזלי על בסיס סוכרלוז,אף.סי תבליני בגליל ב,,,"י""ח",220,"ל מ""ל",false,1,24.60,11.18,true,1,
7290011947521,false,"שמן זית כתית מעולה 750 מ""ל טעם מודגש זיתא",תה ויסוצקי (ישראל) בעמ,,,"י""ח",750,"ל מ""ל",false,1,37.90,5.05,true,1,
7290011977634,false,סרדינים בשמן קנולה עם פלפל חריף טעים 125 גרם,טעמן שווק מזון בעמ,,,"י""ח",125,ל גרם,false,1,4.90,3.92,true,1,
7290011977665,false,סרדינים ברוטב עגבניות טעים 125 גרם,טעמן שווק מזון בעמ,,,"י""ח",125,ל גרם,false,1,4.90,3.92,true,1,
7290012001994,false,חרדל דיז'ון גרעינים 350 ג' ריין דיזון,דיפלומט מפיצים (1968) בעמ**,,,"י""ח",370,ל גרם,false,1,11.90,3.22,false,1,
7290012022203,false,פריכיות חיטה מלאה 60 גרם,דילייט 2005 בע`מ,,,"י""ח",140,ל גרם,false,1,13.50,9.64,false,1,
7290012022227,false,פריכיות חיטה טבעי 60 גרם,דילייט 2005 בע`מ,,,"י""ח",140,ל גרם,false,1,11.90,8.50,false,1,
7290012022272,false,פריכיות קליליות קידס,דילייט 2005 בעמ,,,"י""ח",30,ל גרם,false,1,10.90,36.33,false,1,
7290012025822,false,שמיר סלק אסלי 400 גרם,"סלטי שמיר 2006 בע""מ",,,"י""ח",400,ל גרם,false,1,9.90,2.48,true,1,
7290012071003,false,"ד""ר פישר - קמיל בלו משחה לתינוק 200 גרם","פישר תעשיות פרמצביטות בע""מ",,,"י""ח",200,ל גרם,false,1,20,10,false,1,
7290012116025,false,שמפו פיית הפרפרים לסירוק קל מכיל רוזמרין,החברה הדרומית לשיווק בעמ,,,"י""ח",800,ל גרם,false,1,10.90,1.36,false,1,
7290012116612,false,אורביטול מברשת שיניים סופט 4 יח`,החברה הדרומית לשיווק בעמ,,,"י""ח",1,,false,1,9.90,9.90,false,1,
7290012116681,false,דאודורנט ג'ל אנטיפרספירנט אקטיב בלוק Calm,החב הדרומית לשיווק,,,"י""ח",7500,"ל מ""ל",false,1,13.90,0.19,false,1,
7290012117091,false,"אבקת כביסה סנסיטיב סנו מקסימה 6 ק""ג",החברה הדרומית לשיווק בעמ,,,"י""ח",6,קוב,false,1,49.90,8.32,true,1,
7290012117275,false,"קליר שקית מילוי לניקוי חלונות סנו 750 מ""ל",החברה הדרומית לשיווק בעמ,,,"י""ח",750,"ל מ""ל",false,1,5.90,0.79,false,1,
7290012117534,false,מרכך כביסה מרוכז תכלת קול סנו מקסימה 1 ליטר,החברה הדרומית לשיווק בעמ,,,"י""ח",1,ליטר,false,1,17.50,17.50,false,1,
7290012117541,false,מקסימה מרכך כביסה מרוכז צהוב סנו 1 ליטר,החברה הדרומית לשיווק בעמ,,,"י""ח",1,ליטר,false,1,17.50,17.50,false,1,
7290012117558,false,מקסימה מרכך כביסה מרוכז ורוד בניחוח מאסק סנו 1 ליטר,החברה הדרומית לשיווק בעמ,,,"י""ח",1,ליטר,false,1,17.50,17.50,false,1,
7290012117732,false,מקסימה מרכך כביסה ארומתרפי קול סנו 4 ליטר,החברה הדרומית לשיווק בעמ,,,"י""ח",4,ליטר,false,1,21.90,5.48,false,1,
7290012139499,false,בג עצם לחוצה מעושנת בציפוי עוף 5 מקט ח,דיפלומט מפיצים (1968) בעמ**,,,"י""ח",3,"ק""ג",false,1,18.50,6.17,false,1,
7290012226021,false,נקניק סלמי מעושן פראג זוגלובק (400 גרם),נקניק נהריה כשר זוגל,,,"י""ח",400,ל גרם,false,1,19.90,4.98,true,1,
7290012226120,false,קבנוס זוגלובק (45x3 גרם),נקניק נהריה כשר זוגל,,,"י""ח",135,ל גרם,false,1,11,8.15,true,1,
7290012226939,false,קבנוס עם צ'ילי חריף זוגלובק 135 גרם,נקניק נהריה כשר זוגל,,,"י""ח",135,ל גרם,false,1,11,8.15,true,1,
7290012226991,false,"נקניקיות עוף באריזת ג''מבו 1.5 ק""ג זוגלובק",נקניק נהריה כשר זוגל,,,"י""ח",1.50,"י""ח",false,1,28.90,19.27,true,1,
7290012227325,false,סלמי דק דק מעושן איטלקי 120 ג' זוגלובק,זוגלובק שיווק בעמ,,,"י""ח",120,ל גרם,false,1,13.90,11.58,true,1,
7290012227592,false,פסט' חרמון כפרי וסלמי תה זוגי זוגלובק 300X2ג' מחפוד,זוגלובק שיווק בעמ,,,"י""ח",700,ל גרם,false,1,33.90,4.84,true,1,
7290012227608,false,מארז חרמון 300 גר' +חרמון ברבקיו 300ג' זוגלובק,זוגלובק שיווק בעמ,,,"י""ח",600,ל גרם,false,1,36.90,6.15,true,1,
7290012227615,false,נקניקיות עוף זוגלובק 800 ג' מחפוד,זוגלובק שיווק בעמ,,,"י""ח",800,ל גרם,false,1,24.90,3.11,true,1,
7290012227622,false,פסטרמה חרמון כפרית דבש 400גר מחפוד זוגלובק,זוגלובק שיווק בעמ,,,"י""ח",400,ל גרם,false,1,21.90,5.48,true,1,
7290012227769,false,פסטרמה ברביקיו זוגלובק מחפוד 400 גרם,זוגלובק שיווק בעמ,,,"י""ח",400,ל גרם,false,1,20.90,5.23,true,1,
7290012227776,false,פסטרמה הודו מחפוד 400ג זוגלובק,זוגלובק שיווק בעמ,,,"י""ח",400,ל גרם,false,1,20.90,5.23,true,1,
7290012227783,false,נקניק תה מעושן מחפוד זוגלובק 400ג',זוגלובק שיווק בעמ,,,"י""ח",400,ל גרם,false,1,20.90,5.23,true,1,
7290012227912,false,קבנוס מעודן זוגלובק 135 גרם,נקניק זוגלובק נהריה,,,"י""ח",135,ל גרם,false,1,10.90,8.07,true,1,
7290012227998,false,פסטרמה דק דק חזה בקר 120 ג' זוגלובק,זוגלובק שיווק בעמ,,,"י""ח",120,ל גרם,false,1,13.90,11.58,true,1,
7290012228247,false,"המבורגר טקסס 1.4 ק""ג זוגלובק",זוגלובק שיווק בעמ,,,"י""ח",1.40,"ק""ג",false,1,49.90,35.64,true,1,
7290012228261,false,נקנקיות קנקרס הודו ועוף ריינהולד'ס זוגלובק 300 ג',זוגלובק שיווק בעמ,,,"י""ח",310,ל גרם,false,1,19.90,6.42,false,1,
7290012228278,false,נקניקיות בוקוורסט הודו ובקר סדרת ריינהולדס 310 גרם,זוגלובק שיווק בעמ,,,"י""ח",310,ל גרם,false,1,19.90,6.42,false,1,
7290012228407,false,"נקניקיות ג'מבו מחפוד זוגלובק 1.5 ק""ג",זוגלובק שיווק בעמ,,,"י""ח",1.50,"ק""ג",false,1,34.90,23.27,true,1,
7290012228766,false,קבנוס מחפוד זוגלובק 120 גרם,זוגלובק שיווק בעמ,,,"י""ח",120,ל גרם,false,1,10.90,9.08,false,1,
7290012245275,false,"גולד ציפס בטטה קריספי 1 ק""ג",קפוא זן תעשיות מזון בעמ,,,"י""ח",1,"י""ח",false,1,27.90,27.90,false,1,
7290012245312,false,"גולד ציפס אמריקאי 1.5 ק""ג קפוא זן",קפוא-זן תעשיות מזון בעמ - תפוג,,,"י""ח",1.50,"ק""ג",false,1,21.90,14.60,true,1,
7290012245329,false,"גולד צ'יפס קלאסי 1.5 ק""ג קפוא זן",קפוא זן תעשיות מזון בעמ,,,"י""ח",1.50,"ק""ג",false,1,21.90,14.60,true,1,
7290012260827,false,שערות קדאיף מזאווי 4,א.ג בחירה חכמה בעמ,,,"י""ח",500,ל גרם,false,1,13.90,2.78,false,1,
7290012295973,false,עלי רוקולה פרמיום 100ג שמיטה,ביכורי השדה צפון 1994 ג.ד. בעמ,,,"י""ח",1,,false,1,9.90,9.90,false,1,
7290012309311,false,ערמונים קלופים שלמים 100 גר`,דין שיווק וקליה 2021 בעמ,,,"י""ח",1,,false,1,5.90,5.90,false,1,
7290012309939,false,חלווה מסולסלת בקופסא ששון הקולה 500 גרם,דין שיווק וקליה 2021 בעמ,,,"י""ח",1,,false,1,16.90,16.90,false,1,
7290012313073,false,מיקס זיתים מגולענים מרינד קבוצת יבנה 340 גרם,"קבוצת יבנה מוצרי מזון בע""מ",,,"י""ח",1,,false,1,11.90,11.90,true,1,
7290012313431,false,זיתים מרוקאיים יבשים 215 ג' יבנה,קבוצת יבנה מוצרי מזון בעמ,,,"י""ח",215,ל גרם,false,1,12.90,6,false,1,
7290012313554,false,עלי גפן ממולא 400 גרםיבנה,קבוצת יבנה מוצרי מזון בעמ,,,"י""ח",400,ל גרם,false,1,9.90,2.48,false,1,
7290012367717,false,קרם ידיים וציפורניים Intensive relief לעור יבש ומגורה,פישר תעשיות פרמבצטיות בעמ,,,"י""ח",12,ליטר,false,1,16.90,1.41,true,1,
7290012367908,false,שמן טיפולי לתינוק בתוספת אלוורה Kamil Blue Sensitive,פישר תעשיות פרמצבטיות בעמ,,,"י""ח",1,,false,1,17.90,17.90,true,1,
7290012404955,false,נקטר חמוציות ספרינג קולקשן (1.25 ליטר),יפאורה - שותפות מוגבלת לשיווק,,,"י""ח",1.25,ליטר,false,1,12.90,10.08,true,1,
7290012404993,false,נקטר דיאט חמוציות ספרינג קולקשן 1.25 ליטר,יפאורה - שותפות מוגבלת לשיווק,,,"י""ח",1.25,ליטר,false,1,12.90,10.08,true,1,
7290012413643,false,תה ירוק קמומיל 25 שקיקים ויסוצקי,תה ויסוצקי (ישראל) בעמ,,,"י""ח",37.50,ל גרם,false,1,24.90,66.40,true,1,
7290012454202,false,סוכריות ללא תוספת סוכר בטעם ריבת חלב מיה 80 גרם,מיה תעשיות מזון מ.ת.מ. בעמ,,,"י""ח",1,,false,1,6.50,6.50,true,1,
7290012454578,false,סוכריות קישוט לעוגה לבן מיה 70 גרם,מיה תעשיות מזון מ.ת.מ. בעמ,,,"י""ח",200,ל גרם,false,1,5.40,2.70,false,1,
7290012483608,false,"אורז בסגנון בסמטי מובחר 5ק""ג DAWAT",ג.וילי-פוד אינטרנשיונל בעמ,,,"י""ח",5,"ק""ג",false,1,49.90,9.98,false,1,
7290012522581,false,טבעול שניצל תירס ללא גלוטן טבעול 664 גרם,קבוצת אוסם סחר-שות.מוגבלת,,,"י""ח",664,ל גרם,false,1,37.90,5.71,true,1,
7290012645020,false,"יוגורט עיזים טבעי בבקבוק חלב הארץ 500 מ""ל",שטראוס גרופ בעמ/מצונן,,,"י""ח",500,"ל מ""ל",false,1,10.90,2.18,true,1,
7290012645075,false,יוגורט כבשים יווני גביע 350 גרם חלב הארץ,שטראוס גרופ בעמ/מצונן,,,"י""ח",350,"ל מ""ל",false,1,9.90,2.83,true,1,
7290012645112,false,יוגורט עיזים 2.8% בדלי חלב הארץ 750 גרם,שטראוס גרופ בעמ/מצונן,,,"י""ח",750,"ל מ""ל",false,1,17.90,2.39,true,1,
7290012645129,false,יוגורט כבשים 5% בדלי חלב הארץ 750 גרם,שטראוס גרופ בעמ/מצונן,,,"י""ח",750,"ל מ""ל",false,1,17.90,2.39,true,1,
7290012645389,false,יוגורט עיזים טבעי 1 ליטר בבקבוק חלב האר,שטראוס גרופ בעמ/מצונן,,,"י""ח",1,ליטר,false,1,19.90,19.90,true,1,
7290012697081,false,סוכרזית מהטבע סטיוויה 100שקיות 100גרם,שטראוס גרופ בע`מ,,,"י""ח",100,ל גרם,false,1,26.50,26.50,true,1,
7290012803215,false,טוסו וופל בלגי ללתס בטעם שוקולד 200 גר`,בטר אנד דיפרנט,,,"י""ח",200,ל גרם,false,1,10.50,5.25,false,1,
7290012803451,false,טוסו שוקולד מריר 62% מוצקי קקאו ללא תוספת סוכר 100 גרם,"דנשר (1963) בע,מ",,,"י""ח",100,ל גרם,false,1,9.90,9.90,false,1,
7290012803765,false,טוסו שוקולד מריר ללא תוספת סוכר 100 גרם,אלטינמארקה גידה סאן,,,"י""ח",100,ל גרם,false,1,9.90,9.90,false,1,
7290012803772,false,טוסו שוקולד חלב ללא תוספת סוכר 100 גרם,אלטינמארקה גידה סאן,,,"י""ח",100,ל גרם,false,1,9.90,9.90,false,1,
7290012803789,false,טוסו שוקולד מריר עם אגוזים ללא תוספת סוכר 100 גרם,האי נאם סי או אל.טי.,,,"י""ח",100,ל גרם,false,1,9.90,9.90,false,1,
7290012803796,false,טוסו שוקולד חלב עם אגוזים ללא תוספת סוכר 100 גר',אלטינמארקה גידה סאן,,,"י""ח",100,ל גרם,false,1,9.90,9.90,false,1,
7290012823251,false,אל סבון נוזלי יסמין ולבנדר כיף (1 ליטר),החברה הדרומית לשיווק בעמ,,,"י""ח",1,ליטר,false,1,13.90,13.90,false,1,
7290012823374,false,אנטי קאלק מטליות לחות לניקוי כללי סנו 50 יחידות,מיוצר עי קונדיטוריית,,,"י""ח",1,,false,1,8.90,8.90,false,1,
7290012823381,false,מקסימה מרכך כביסה מרוכז סנסטיב בייבי סנו 1 ליטר,החברה הדרומית לשיווק בעמ,,,"י""ח",1,ליטר,false,1,17.50,17.50,false,1,
7290012823602,false,נייר טואלט סופט סילק לבן 32 גלילים סנו,החברה הדרומית לשיווק בעמ,,,"י""ח",32,"י""ח",false,1,35.90,1.12,false,1,
7290012838026,false,עוגיות מלוחות עבודת יד 350גר,הלל בן הלל שיווק ומסחר בעמ,,,"י""ח",350,ל גרם,false,1,15.90,4.54,false,1,
7290012881992,false,נוזל שמשות לרכב מקסוול 4ליטר,סאסאטק אגשח בעמ,,,"י""ח",4,ליטר,false,1,11.90,2.98,false,1,
7290012884986,false,צ`יפס לתנור עד 4% שומן תפוגן (1.5 קג),קבוצת אוסם סחר שותפות מוגבלת,,,"י""ח",1.50,"ק""ג",false,1,24.90,16.60,false,1,
7290012931611,false,כריות ברזל לקרצוף חזק שייני 3 יחידות,מ.א.ייצור ויבוא מטליות בעמ,,,"י""ח",3,"י""ח",false,1,7.90,2.63,false,1,
7290012936852,false,תבלינים קימל טחון בצנצנות 40 גרם,א.ל.ייצור ושיווק תבלינים בעמ,,,"י""ח",40,ל גרם,false,1,9.50,23.75,false,1,
7290012936944,false,אגוז מוסקט טחון תבליני מימון (40 גרם),א.ל. ייצור ושיווק תבלינים בע`מ,,,"י""ח",50,ל גרם,false,1,14.50,29,false,1,
7290012938405,false,"רדיד אלומיניום עבה במיוחד לבישול,אפייה והקפאה.",גורי ע.ע.ע. בע`מ,,,"י""ח",100,ל גרם,false,1,16.90,16.90,false,1,
7290012938580,false,"משחת שיניים סנסודיין להלבנה עדינה 75 מ""ל",גלקסוסמית'\קליין קונסיומ,,,"י""ח",75,ל גרם,false,1,21.90,29.20,true,1,
7290012938740,false,משחת שיניים סנסודיין פרש מינט מנטה 75 מל,גלקסו סמית קליין,,,"י""ח",1,,false,1,21.90,21.90,true,1,
7290012938924,false,אקוהפרש מי פה ללא אלכוהול 500 מל,מולינו ניקולי s.p.a,,,"י""ח",500,ל גרם,false,1,19.70,3.94,true,1,
7290012962165,false,כפפות משק בית איזי טאץ גודל S/M/L/XL.,אינטרסן (1996) בעמ,,,"י""ח",1,,false,1,3.70,3.70,true,1,
7290012962349,false,נובי מברשת שיניים מעוצבת לילדים,אינטרסן (1996) בעמ,,,"י""ח",1,,false,1,11.90,11.90,true,1,
7290012962455,false,"רדיד אלומיניום עבה במיוחד 18 מיקרון 50מ'45X ס""מ",אינטרסן (1996) בעמ,,,"י""ח",50,מטר,false,1,39.90,0.80,true,1,
7290012962561,false,קיסמי שיניים במבוק הוסטס) (500,אינטרסן (1996) בעמ,,,"י""ח",200,"י""ח",false,1,4.90,0.02,true,1,
7290012962578,false,צימרוני אוזניים עץ בקופסא 300 יחידות אינטרסאן,הדקלאים אגודת שיתופי,,,"י""ח",300,"י""ח",false,1,6.90,0.02,true,1,
7290012962684,false,"הוסטס שקיות צליה ג'מבו 50X35 ס""מ בקופסה 5 יח'",אינטרסן (1996) בעמ,,,"י""ח",50,"ס""מ",false,1,5.90,11.80,true,1,
7290012962851,false,נוביM5828 מוצץ סיליקון סימטרי בינוני-זוג,אינטרסן (1996) בעמ,,,"י""ח",1,,false,1,24.90,24.90,false,1,
7290012962950,false,מטלית מיקרופייבר לרצפות שלישיה ב-UNISUN PVC,אינטרסן (1996) בעמ,,,"י""ח",3,"י""ח",false,1,19.90,6.63,false,1,
7290012962967,false,מטלית מיקרופייבר 30X30 חמישיה ב-UNISUN PVC,אינטרסן (1996) בעמ,,,"י""ח",5,"י""ח",false,1,8.90,1.78,false,1,
7290012975875,false,כוסות יהלום בנדע שווה 75יח,ח.כהן סוכנות מזון ומשקאות בע,,,"י""ח",1,,false,1,10.90,10.90,true,1,
7290012983153,false,סילאן טבעי בקבוק לחיץ תמר כנרת 400 גר,תה ויסוצקי (ישראל)בעמ,,,"י""ח",400,ל גרם,false,1,16.90,4.23,true,1,
7290012983320,false,מלית תמרים כנרת בגבי,תה ויסוצקי (ישראל)בעמ,,,"י""ח",450,"ל מ""ל",false,1,6.90,1.53,false,1,
7290012996672,false,סבון אסלה + בושם ל24 שעות ביום הפי,יעקב יעקבי ובניו בעמ,,,"י""ח",88,"ל מ""ל",false,1,9.90,11.25,false,1,
7290013027399,false,לחם קמח מלא קל בתוספת שיפון 750 ג' אנג'ל,מאפיית שלמה א. אנג'\ל בע,,,"י""ח",750,ל גרם,false,1,13.90,1.85,false,1,
7290013038432,false,מים אקווה נובה בקבוק יחיד,אקווה נובה Aqua Nova,,,"י""ח",2,ליטר,false,1,3.60,1.65,false,1,
7290013083678,false,"מטרנה אקסטרה קר שלב 2 חסכון 700 גרם תמ""ל",קבוצת אוסם סחר-שות.מוגבלת,,,"י""ח",700,ל גרם,false,1,59.90,8.56,false,1,
7290013083685,false,תחליף חלב מטרנה אקסטרה קר שלב 3 חסכון 700 גרם,קבוצת אוסם סחר-שות.מוגבלת,,,"י""ח",700,ל גרם,false,1,59.90,8.56,false,1,
7290013117212,false,בורקס פילו במילוי גבינה 600 גר`מעדנות,תנובה מרכז שיתופי לשיווק תוצרת,,,"י""ח",600,ל גרם,false,1,19.90,3.32,false,1,
7290013117229,false,"בורקס פילו במילוי תפו""א מעדנות 600 גר",תנובה מרכז שיתופי לשיווק תוצרת,,,"י""ח",600,ל גרם,false,1,19.90,3.32,false,1,
7290013117236,false,בורקס פילו פיצה מעדנות 600 גרם,תנובה מרכז שיתופי לשיווק תוצרת,,,"י""ח",600,ל גרם,false,1,19.90,3.32,false,1,
7290013117243,false,בורקס פילו בולגרית מעדנות 600 גרם,תנובה מרכז שיתופי לשיווק תוצרת,,,"י""ח",600,ל גרם,false,1,19.90,3.32,false,1,
7290013117410,false,בצק פריך מרודד למאפים מתוקים 900 ג' מעדנות,תנובה מרכז שיתופי לשיווק תוצרת,,,"י""ח",900,ל גרם,false,1,22.90,2.54,false,1,
7290013117526,false,בצק שמרים מרודד למאפים מתוקים מעדנות 900 גרם,תנובה מרכז שיתופי לשיווק תוצרת,,,"י""ח",900,ל גרם,false,1,22.90,2.54,false,1,
7290013121103,false,רביעיית לחמניות סנדויץ ללא גלוטן 460 גרם,אביב קונדיטוריה מעול,,,"י""ח",400,ל גרם,false,1,17.90,4.48,false,1,
7290013121127,false,לחמניות מיני ללא גלוטן גרין לייט 6 יחידות,אביב קונדיטוריה מעול,,,"י""ח",420,ל גרם,false,1,17.90,4.26,false,1,
7290013121158,false,לחמניות סנדוויץ ללא גלוטן גרין לייט 4 * 115 גרם,אביב קונדיטוריה מעול,,,"י""ח",460,ל גרם,false,1,17.90,3.89,false,1,
7290013121776,false,לחם כפרי ללא תוספת סוכר וללא גלוטן,אביב קונדיטוריה מעול,,,"י""ח",700,ל גרם,false,1,18.90,2.70,false,1,
7290013144157,false,תערובת להכנת סחלב 130גרם,א.ל. ייצור ושיווק תבלינים בע`מ,,,"י""ח",130,ל גרם,false,1,10.90,8.38,true,1,
7290013144188,false,מימונס תערובת להכנת בראוניז 600 גרם,א.ל.יצור ושיווקתבלינים בעמ,,,"י""ח",600,ל גרם,false,1,16.90,2.82,true,1,
7290013144195,false,מיימונס תערובת כדורי שוקולד 500 גרם.,א.ל.ייצור ושיווק תבלינים בעמ,,,"י""ח",500,ל גרם,false,1,16.90,3.38,true,1,
7290013144218,false,מיימונס תערובת עוגת וניל 560 גרם.,א.ל.ייצור ושיווק תבלינים בעמ,,,"י""ח",560,ל גרם,false,1,16.90,3.02,true,1,
7290013144232,false,מיימונס פודינג בטעם וניל 80 גרם,א.ל. ייצור ושיווק תבלינים בע`מ,,,"י""ח",8500,ל גרם,false,1,4.90,0.06,true,1,
7290013144249,false,פודינג בטעם שוקולד 95 גר`מימונס,א.ל. ייצור ושיווק תבלינים בע`מ,,,"י""ח",1,,false,1,4.90,4.90,true,1,
7290013144270,false,תערובת להכנת קרם פטיסייר מיימונס 100 גרם,א.ל. ייצור ושיווק תבלינים בע`מ,,,"י""ח",100,ל גרם,false,1,9.90,9.90,false,1,
7290013144317,false,מימונס ג'וני גלילית וופל למילוי 18 יחידות,א.ל. ייצור ושיווק תבלינים בע`מ,,,"י""ח",1,,false,1,21.90,21.90,false,1,
7290013144393,false,תמצית אפיה בטעם וניל מימונס (50 מל),א.ל. ייצור ושיווק תבלינים בע`מ,,,"י""ח",1,,false,1,4.90,4.90,false,1,
7290013144409,false,תמצית אפיה בטעם רום מימונס (50 מל),א.ל. ייצור ושיווק תבלינים בע`מ,,,"י""ח",1,,false,1,4.90,4.90,false,1,
7290013144416,false,"תמצית בטעם שקדים מימונס 50 מ""ל",א.ל. ייצור ושיווק תבלינים בע`מ,,,"י""ח",1,,false,1,4.90,4.90,false,1,
7290013144508,false,תמצית אפיה בטעם ורדים 50 מל מימונס,א.ל. ייצור ושיווק תבלינים בע`מ,,,"י""ח",1,,false,1,9.90,9.90,false,1,
7290013144522,false,צבע מאכל ירוק מימונס (50 מל),א.ל. ייצור ושיווק תבלינים בע`מ,,,"י""ח",50,"ל מ""ל",false,1,4.30,8.60,false,1,
7290013144560,false,מיימונס צבע מאכל כחול 50 גרם,א.ל. ייצור ושיווק תבלינים בע`מ,,,"י""ח",1,,false,1,4.30,4.30,false,1,
7290013144614,false,"מיימונס סירופ מייפל אמיתי 100% מקנדה 236 מ""ל",א.ל.ייצור ושיווק תבלינים בעמ,,,"י""ח",236,"ל מ""ל",false,1,29.90,12.67,false,1,
7290013144751,false,סירופ בטעם מייפל מימונס 500 גרם,א.ל. ייצור ושיווק תבלינים בע`מ,,,"י""ח",500,"ל מ""ל",false,1,13.90,2.78,true,1,
7290013144911,false,מימונס מיקס שוקולד צ'יפס מריר וחלב 250 גרם,א.ל. ייצור ושיווק תבלינים בע`מ,,,"י""ח",250,"ל מ""ל",false,1,14.90,5.96,true,1,
7290013145017,false,אגוז מלך קלוף מיימונס 100 גרם,א.ל. ייצור ושיווק תבלינים בע`מ,,,"י""ח",100,ל גרם,false,1,12.90,12.90,false,1,
7290013145031,false,אגוזי לוז מסוכרים מיימונס 100 גרם,א.ל. ייצור ושיווק תבלינים בע`מ,,,"י""ח",100,ל גרם,false,1,12.90,12.90,false,1,
7290013145048,false,צנוברים מימונס (100 גרם),א.ל.ייצור ושיווק תבלינים בעמ,,,"י""ח",100,ל גרם,false,1,26.90,26.90,false,1,
7290013145055,false,פרג שלם מיימונס 100 גרם,א.ל. ייצור ושיווק תבלינים בע`מ,,,"י""ח",100,ל גרם,false,1,6.90,6.90,false,1,
7290013145062,false,"סירופ מייפל אמיתי 100% מימונס 187 מ""ל",א.ל.ייצור ושיווק תבלינים בעמ,,,"י""ח",187,"ל מ""ל",false,1,19.90,10.64,false,1,
7290013145109,false,שקד מולבון טחון מימונס 100 גרם,א.ל. ייצור ושיווק תבלינים בע`מ,,,"י""ח",100,ל גרם,false,1,12.90,12.90,true,1,
7290013145123,false,מיימונס שקד מולבן פרוס 100 גרם,א.ל. ייצור ושיווק תבלינים בע`מ,,,"י""ח",100,ל גרם,false,1,12.90,12.90,true,1,
7290013145178,false,קוקוס לבן טחון מימונס (100 גרם),א.ל. ייצור ושיווק תבלינים בע`מ,,,"י""ח",100,ל גרם,false,1,4.60,4.60,false,1,
7290013145192,false,שומשום מיימונס 100 גרם,א.ל. ייצור ושיווק תבלינים בע`מ,,,"י""ח",100,ל גרם,false,1,4.60,4.60,false,1,
7290013145215,false,שומשום מימונס (400 גרם),א.ל.ייצור ושיווק תבלינים בעמ,,,"י""ח",400,ל גרם,false,1,14.90,3.73,false,1,
7290013145277,false,עלים לקרמשניט מימונס 300 גרם,א.ל.ייצור ושיווק תבלינים בעמ,,,"י""ח",300,ל גרם,false,1,16.90,5.63,false,1,
7290013145406,false,שוקולד צ'יפס לבן מיימונס 250 גרם,א.ל. ייצור ושיווק תבלינים בע`מ,,,"י""ח",250,"ל מ""ל",false,1,9.90,3.96,false,1,
7290013145437,false,שוקולד מריר מעולה ציפס מימונס 250 ג',א.ל. ייצור ושיווק תבלינים בע`מ,,,"י""ח",250,ל גרם,false,1,13.90,5.56,false,1,
7290013145451,false,קקאו 150 גר`שקית מימונס,א.ל. ייצור ושיווק תבלינים בע`מ,,,"י""ח",150,ל גרם,false,1,8.90,5.93,false,1,
7290013145529,false,סוכריות צבעוניות לקישוט מיימונס 90 גרם,א.ל. ייצור ושיווק תבלינים בע`מ,,,"י""ח",1,,false,1,5.90,5.90,false,1,
7290013145536,false,סוכריות לקישוט בטעם שוקולד מיימונס 85 גרם,א.ל. ייצור ושיווק תבלינים בע`מ,,,"י""ח",1,,false,1,5.90,5.90,false,1,
7290013145567,false,מיימונס מיני מיני עדשים 90 גרם.,א.ל.ייצור ושיווק תבלינים בעמ,,,"י""ח",1,,false,1,10.90,10.90,false,1,
7290013145628,false,מימונס סוכריות צבעוניות לקישוט 200 גרם,א.ל. ייצור ושיווק תבלינים בע`מ,,,"י""ח",400,ל גרם,false,1,8.90,2.23,false,1,
7290013145710,false,דובדבנים מסוכרים מימונס (100 גרם),א.ל. ייצור ושיווק תבלינים בע`מ,,,"י""ח",100,ל גרם,false,1,9.60,9.60,false,1,
7290013145826,false,פודניג בטעם וניל לבן במיוחד מימונס 80 ג',א.ל. ייצור ושיווק תבלינים בע`מ,,,"י""ח",80,ל גרם,false,1,4.90,6.13,true,1,
7290013145840,false,סוכר וניל מימונס 10יח בצלופן,א.ל. ייצור ושיווק תבלינים בע`מ,,,"י""ח",10,"י""ח",false,1,2.90,0.29,false,1,
7290013145857,false,אבקת אפיה מימונס 10יח בצלופן,א.ל. ייצור ושיווק תבלינים בע`מ,,,"י""ח",10,"י""ח",false,1,2.90,0.29,false,1,
7290013145918,false,אבקת סוכר מיימונס 100 גרם,א.ל. ייצור ושיווק תבלינים בע`מ,,,"י""ח",100,ל גרם,false,1,1.90,1.90,false,1,
7290013145956,false,שמרים יבשים בוואקום מיימונס 500 גרם,א.ל. ייצור ושיווק תבלינים בע`מ,,,"י""ח",500,ל גרם,false,1,13.90,2.78,false,1,
7290013145970,false,קורנפלור מימונס בשקית 200 ג',א.ל. ייצור ושיווק תבלינים בע`מ,,,"י""ח",100,ל גרם,false,1,3.90,3.90,false,1,
7290013146014,false,מלית אוכמניות 70% פרי מיימונס 400 גרם,א.ל.יצור ושיווקתבלינים בעמ,,,"י""ח",400,ל גרם,false,1,15.90,3.98,false,1,
7290013146021,false,מלית תפוח עץ עם קינמון לדברי מאפה 400 ג',א.ל.יצור ושיווקתבלינים בעמ,,,"י""ח",400,ל גרם,false,1,15.90,3.98,false,1,
7290013146038,false,מיימונס מלית דובדבנים 70% פרי 400 גרם,א.ל.ייצור ושיווק תבלינים בעמ,,,"י""ח",400,ל גרם,false,1,15.90,3.98,false,1,
7290013146045,false,םמימונס מלית תות שדה 400 גר,א.ל ייצור ושיווק תבלינים בעמ,,,"י""ח",400,ל גרם,false,1,15.90,3.98,true,1,
7290013146069,false,מלית שוקולד מיימונס 400 גרם,א.ל.יצור ושיווקתבלינים בעמ,,,"י""ח",400,ל גרם,false,1,12.90,3.23,true,1,
7290013146243,false,פודינג בטעם וניל מימונס 320גר,א.ל.יצור ושיווקתבלינים בעמ,,,"י""ח",255,ל גרם,false,1,11.90,4.67,false,1,
7290013146267,false,"פודינג בטעם וניל שקית מימונס 1 ק""ג",א.ל ייצור ושיווק תבלינים בעמ,,,"י""ח",1,"ק""ג",false,1,20.90,20.90,false,1,
7290013146656,false,כוכבים תכלת ירוק לבן לקישוט 60 גר`מימונ,א.ל ייצור ושיווק תבלינים בעמ,,,"י""ח",60,ל גרם,false,1,11.90,19.83,false,1,
7290013146670,false,סוכריות לב סגול ורוד לבן לקישוט 60 גרם,א.ל ייצור ושיווק תבלינים בעמ,,,"י""ח",60,ל גרם,false,1,11.90,19.83,true,1,
7290013146724,false,אבקת אייס קפה 350 גרם מימונס,א.ל. ייצור ושיווק תבלינים בע`מ,,,"י""ח",350,ל גרם,false,1,17.90,5.11,true,1,
7290013146755,false,קצפת צמחי 24% 500 גרם מימונס,קפוא-זן תעשיות מזון בעמ - תפוג,,,"י""ח",500,"ל מ""ל",false,1,13.90,2.78,true,1,
7290013146762,false,מימונס קצפת מעולה 24% מעודנת 200מל,קפוא-זן תעשיות מזון בעמ - תפוג,,,"י""ח",200,"ל מ""ל",false,1,6.90,3.45,true,1,
7290013146816,false,אבקת סוכר שקית 500 מימונס,א.ל ייצור ושיווק תבלינים בעמ,,,"י""ח",200,ל גרם,false,1,7.20,3.60,false,1,
7290013146854,false,קוקוס לבן טחון מימונס 400 ג',א.ל. ייצור ושיווק תבלינים בע`מ,,,"י""ח",1,,false,1,14.90,14.90,false,1,
7290013153418,false,מיץ סחוט טרי 1ל לימונענע פרי גת,החברה המרכזית טלהפצת משקאות בע,,,"י""ח",1,ליטר,false,1,16.20,16.20,true,1,
7290013153593,false,תפוזים מתקתק 100% פריגת 1 ליטר,*החברה המרכזית להפצת משקאותבעמ,,,"י""ח",1,ליטר,false,1,11.90,11.90,false,1,
7290013156822,false,עוגיות רייף 350ג גאקובס,הלל בן הלל שיווק ומסחר בעמ,,,"י""ח",350,ל גרם,false,1,16.90,4.83,false,1,
7290013156914,false,עוגיות כעך טוניסאי 350גר,הלל בן הלל שיווק ומסחר בעמ,,,"י""ח",350,ל גרם,false,1,16.90,4.83,false,1,
7290013156921,false,עוגיות מרוקאיות ללא סוכר,הלל בן הלל שיווק ומסחר בעמ,,,"י""ח",350,ל גרם,false,1,16.90,4.83,false,1,
7290013177360,false,פומלה,ביכורי השדה צפון 1994 ג.ד. בעמ,,,"ק""ג",1,,true,1,7.90,7.90,false,1,
7290013215017,false,פטריות זוגות חוות השמפניון,ביכורי השדה צפון 1994 ג.ד. בעמ,,,"י""ח",1,,false,1,18.90,18.90,false,1,
7290013220042,false,מיקס טרופי א.מ שרון (500 גרם),א.מ. שרון שיווק (2014) בעמ,,,"י""ח",500,ל גרם,false,1,24.90,4.98,true,1,
7290013220134,false,מיקס פירות שדה א.מ שרון (500 גרם),א.מ. שרון שיווק (2014) בעמ,,,"י""ח",500,ל גרם,false,1,24.90,4.98,true,1,
7290013220318,false,חמוצית גן א.מ שרון (400 גרם),א.מ. שרון שיווק (2014) בעמ,,,"י""ח",500,ל גרם,false,1,24.90,4.98,true,1,
7290013221001,false,אננס חתוך קפוא 500 גרם,א.מ. שרון שיווק (2014) בעמ,,,"י""ח",500,ל גרם,false,1,24.90,4.98,true,1,
7290013268020,false,מקסימה מרכך כביסה מרוכז בניחוח אולטרא פרש סנו 1 ליטר,החברה הדרומית לשיווק בעמ,,,"י""ח",1,ליטר,false,1,17.50,17.50,false,1,
7290013268037,false,מקסימה מרכך כביסה מרוכז בניחוח לבנדר פצ'ולי סנו 1 ליטר,החברה הדרומית לשיווק בעמ,,,"י""ח",1,ליטר,false,1,17.50,17.50,false,1,
7290013268242,false,תרכיז ריחני לניקוי רצפות בריח מלון מפנק ריצפז פרש,החברה הדרומית לשיווק בעמ,,,"י""ח",1.45,ליטר,false,1,17.90,12.34,false,1,
7290013268884,false,"נוזל רצפות מאסק 2 ליטר ""ריצפז פרש""",החברה הדרומית לשיווק בעמ,,,"י""ח",2,ליטר,false,1,14.90,7.45,false,1,
7290013268891,false,אוקסיג'ן ג'ל ללא אקונומיקה עם חמצן פעיל סנו 3 ליטר,החברה הדרומית לשיווק בעמ,,,"י""ח",3,ליטר,false,1,24.90,8.30,false,1,
7290013268907,false,ג'ל כביסה ביו בטמפרטורות נמוכות,החברה הדרומית לשיווק בעמ,,,"י""ח",3,ליטר,false,1,24.90,8.30,false,1,
7290013268983,false,מרכך כביסה סופר מרוכז בבישום עוצמתי סנו מקסימה 1 ל',החברה הדרומית לשיווק בעמ,,,"י""ח",1,ליטר,false,1,17.50,17.50,false,1,
7290013268990,false,מרכך כביסה מרוכז לבן ביו סנו מקסימה 1 ליטר,החברה הדרומית לשיווק בעמ,,,"י""ח",1,ליטר,false,1,17.50,17.50,false,1,
7290013269263,false,ג'ל כביסה מרוכז מקסימה בבישום קריסטל נואר,החברה הדרומית לשיווק בעמ,,,"י""ח",3,ליטר,false,1,24.90,8.30,false,1,
7290013269287,false,סנו - מקסימה ג'ל כביסה מרוכז מאסק 3 ליטר,החברה הדרומית לשיווק בעמ,,,"י""ח",3,ליטר,false,1,24.90,8.30,false,1,
7290013269621,false,ריצפז פרש לניקוי רצפות בניחוח מלון בוטיק,החברה הדרומית לשיווק בעמ,,,"י""ח",1.45,ליטר,false,1,17.90,12.34,false,1,
7290013269638,false,ספוג הפלא אקסטרה Extra- מארז 6 יח',החברה הדרומית לשיווק בעמ,,,"י""ח",1,,false,1,10.90,10.90,false,1,
7290013269645,false,ריצפז פרש מטליות לחות לריצפה בניחוח מאסק 10 יחידות,החברה הדרומית לשיווק בעמ,,,"י""ח",1,,false,1,12.90,12.90,false,1,
7290013269652,false,פוליויקס נוזל לניקוי רצפות גרניט פורצלן סנו 2 ליטר,החברה הדרומית לשיווק בעמ,,,"י""ח",2,ליטר,false,1,19.90,9.95,true,1,
7290013269706,false,"סנובון ג'ל לאסלה אוקיאנוס נתלה 55מ""ל",החברה הדרומית לשיווק בעמ,,,"י""ח",65,"ל מ""ל",false,1,5.90,9.08,false,1,
7290013269867,false,סנו סושי זוג מפות אירוח צבעים שונים,החברה הדרומית לשיווק בעמ,,,"י""ח",1,,false,1,9.90,9.90,false,1,
7290013284310,false,רוטב פסטה לילדים פריניר 240 גרם,ח.כהן סוכנות מזון ומשקאות בע,,,"י""ח",70,ל גרם,false,1,5.90,8.43,false,1,
7290013284662,false,רוטב פיצה פיתה לילדים 240 ג' פריניר,ח.כהן סוכנות מזון ומשקאות בע,,,"י""ח",70,ל גרם,false,1,5.90,8.43,false,1,
7290013302014,false,"אבקה להכנת שוקו 1 ק""ג טעמן",טעמן שווק מזון בעמ,,,"י""ח",1,"ק""ג",false,1,11.90,11.90,false,1,
7290013310163,false,מדליק פחם מוצק LIGHT EASY 40 יחידות,הדקלאים אגודת שיתופי,,,"י""ח",40,"י""ח",false,1,6.50,0.16,false,1,
7290013310378,false,כפפות ניטריל S כחולות ללא אבקה 80 יח' EASY TOUCH,אינטרסן (1996) בעמ,,,"י""ח",80,"י""ח",false,1,24.90,0.31,true,1,
7290013310385,false,כפפות ניטריל M כחולות ללא אבקה 80 יח' EASY TOUCH,אינטרסן (1996) בעמ,,,"י""ח",80,"י""ח",false,1,24.90,0.31,true,1,
7290013310392,false,כפפות ניטריל L כחולות ללא אבקה 80 יח' EASY TOUCH,אינטרסן (1996) בעמ,,,"י""ח",80,"י""ח",false,1,24.90,0.31,true,1,
7290013358356,false,פירורי לחם מוזהבים מאסטר שף (320גרם),ש. שסטוביץ בע`מ,,,"י""ח",320,ל גרם,false,1,6.90,2.16,false,1,
7290013358417,false,מאסטר שף אסייאתי רוטב טריאקי 300 מל כשלפ,קריניציה ויטמינה אס,,,"י""ח",300,"ל מ""ל",false,1,9.90,3.30,false,1,
7290013358431,false,קרוטונים לסלט מאסטר שף בטעם עגבניות ובזיליקום 200 גרם,עינת תעשיות מזון אגו,,,"י""ח",200,ל גרם,false,1,11.90,5.95,true,1,
7290013358448,false,"קרוטונים לסלט אקסטרה ארוכים בתיבול שום, בצל ופטרוזיליה",עינת תעשיות מזון אגו,,,"י""ח",200,ל גרם,false,1,11.90,5.95,true,1,
7290013358486,false,מאסטר שף פירורים מוזהבים ללא צורך בביצה 300 ג,"מיוצר ע""י מנה י.א בע",,,"י""ח",300,ל גרם,false,1,6.90,2.30,false,1,
7290013358530,false,מאסטר שף אסייאתי רוטב צ'ילי מתוק 700 מל כשלפ,קריניציה ויטמינה אס,,,"י""ח",700,"ל מ""ל",false,1,11.90,1.70,false,1,
7290013358547,false,מאסטר שף אסייאתי רוטב צ'ילי חריף 700 מל כשלפ,קי.אר.אס. ספייסי פוד,,,"י""ח",700,"ל מ""ל",false,1,11.90,1.70,false,1,
7290013358578,false,מנה אסייאתי אטריות אורז רחבות 400 ג מ.שף,ליינג טונג רייספלוור,,,"י""ח",400,ל גרם,false,1,8.90,2.23,false,1,
7290013361981,false,צ'יפס קפוא חתוך פרי הגליל,ויטה -פרי גליל (החדשה) בעמ,,,"י""ח",2,"ק""ג",false,1,27.90,13.95,false,1,
7290013361998,false,"סטייק צ'יפס פרי הגליל 2 ק""ג",ויטה- פרי גליל (החדשה) בעמ,,,"י""ח",2,"ק""ג",false,1,27.90,13.95,false,1,
7290013381088,false,עמבה הודית אורגינלית 500,נאמן לאורך זמן בעמ,,,"י""ח",500,ל גרם,false,1,8.90,1.78,false,1,
7290013381675,false,"סירופ למלבי נאמן 750מ""ל",נאמן לאורך זמן בעמ,,,"י""ח",750,"ל מ""ל",false,1,16.90,2.25,false,1,
7290013412409,false,טופ פד סופגנית מקסי,שקד תבל בעמ,,,"י""ח",15,"י""ח",false,1,9.90,0.66,true,1,
7290013412966,false,רבעיית מגבונים תולי 72*4 יחידות,שקד תבל בעמ,,,"י""ח",4,"י""ח",false,1,12.90,3.23,true,1,
7290013440648,false,מאגדת שלגוני אבטיח נסטלה 5 יחידות,נגה גלידות שותפות מוגבלת,,,"י""ח",540,ל גרם,false,1,23.90,4.43,false,1,
7290013472199,false,ערמונים קלופים וקלויים 105 גרם,ג.וילי פוד אינטרנשיונל בעמ,,,"י""ח",100,ל גרם,false,1,5.90,5.90,true,1,
7290013492005,false,תפוח אדמה אדום למיקרו 600 ג',ביכורי השדה צפון 1994 ג.ד. בעמ,,,"י""ח",1,,false,1,8.90,8.90,true,1,
7290013531117,false,רוטב פסטה לילדים יכין (240 גר`),"זנלכל בע""\מ",,,"י""ח",240,ל גרם,false,1,5.50,2.29,false,1,
7290013531490,false,שעועית לבנה אפויה יכין,זנלכול יכין,,,"י""ח",550,ל גרם,false,1,9.90,1.80,false,1,
7290013531582,false,מארז זיתים ירוקים מגולענים יכין 200 גרם,זנלכל בעמ,,,"י""ח",600,ל גרם,false,1,14.90,2.48,false,1,
7290013531759,false,שעועית לבנה מבושלת במים יכין (550 גרם),זנלכול יכין,,,"י""ח",600,ל גרם,false,1,9.90,1.65,false,1,
7290013534057,false,"צ'יפס בטטה טבעי מיה 100ג' 'כשל""פ",מיה תעשיות מזון מ.ת.מ. בעמ,,,"י""ח",100,ל גרם,false,1,9.90,9.90,true,1,
7290013585233,false,"ספרייט זירו פחית סליק 330 מ""ל",החברה המרכזית להפצת משקאות בעמ,,,"י""ח",330,"ל מ""ל",false,1,4.50,1.27,true,1,
7290013585240,false,ספרייט זירו בקבוק 1.,החברה המרכזית להפצת משקאות בעמ,,,"י""ח",1.50,ליטר,false,1,7,4.67,false,1,
7290013585387,false,בקבוק זירו קוקה-קולה (1 ליטר),החברה המרכזית להפצת משקאות בעמ,,,"י""ח",1,ליטר,false,1,7.10,7.10,false,1,
7290013585394,false,בקבוק קוקה-קולה (1 ליטר),החברה המרכזית להפצת משקאות בעמ,,,"י""ח",1,ליטר,false,1,7.10,7.10,false,1,
7290013585967,false,מארז ספרייט זירו Fridge Pack פחית 6*33,החברה המרכזית להפצת משקאות בעמ,,,"י""ח",330,"ל מ""ל",false,1,23.90,6.70,false,1,
7290013608260,false,מיץ רימונים 100%מיץ סחוט טרי מצונן 1ליט,שטראוס גרופ בעמ/מצונן,,,"י""ח",1,ליטר,false,1,22.90,22.90,true,1,
7290013652768,false,"מסכת החייאה לשיער יבש, צבוע ופגום Natural care","פישר תעשיות פרמבצטיות בע""מ",,,"י""ח",450,"ל מ""ל",false,1,35,7.78,true,1,
7290013652850,false,שמפו נטורל קר לשיער יבש ופגום חינה ושמן ארגאן,פישר תעשיות פרמבצטיות בעמ,,,"י""ח",700,"ל מ""ל",false,1,18.90,2.70,true,1,
7290013652881,false,מרכך נטורל קר לשיער יבש ופגום חינה ושמן ארגאן,"פישר תעשיות פרמבצטיות בע""מ",,,"י""ח",700,"ל מ""ל",false,1,18.90,2.70,true,1,
7290013652980,false,ד.פ.נטורל קר קרם גוף רגיל/יבש-דובדבן,פישר תעשיות פרמבצטיות בעמ,,,"י""ח",450,"ל מ""ל",false,1,25,5.56,true,1,
7290013675545,false,"שניצל כלי תחבורה ""מאמא עוף"" 700 גרם",תנובה גליל שותפות מוגבלת,,,"י""ח",650,ל גרם,false,1,34.90,5.37,false,1,
7290013677006,false,חומוס גדול באריזת וואקום Selected,מיה תעשיות מזון מ.ת.מ בעמ,,,"י""ח",500,ל גרם,false,1,13.50,2.70,true,1,
7290013677013,false,גריסים בוואקום מיה 500 גר',מיה תעשיות מזון מ.ת.מ בעמ,,,"י""ח",500,ל גרם,false,1,9.90,1.98,true,1,
7290013677020,false,שעועית לבנה בוואקום מיה 500 גר',מיה תעשיות מזון מ.ת.מ בעמ,,,"י""ח",500,ל גרם,false,1,11.90,2.38,true,1,
7290013677037,false,עדשים ירוקות באריזת וואקום Selected,מיה תעשיות מזון מ.ת.מ בעמ,,,"י""ח",500,ל גרם,false,1,10.10,2.02,true,1,
7290013677044,false,עדשים אדומים בוואקום מיה 500 גר',מיה תעשיות מזון מ.ת.מ בעמ,,,"י""ח",500,ל גרם,false,1,13.30,2.66,true,1,
7290013677068,false,כוסמת בוואקום מיה 500 גר',מיה תעשיות מזון מ.ת.מ בעמ,,,"י""ח",500,ל גרם,false,1,12.20,2.44,true,1,
7290013677082,false,שעועית אדומה בוואקום מיה 500 גר',מיה תעשיות מזון מ.ת.מ בעמ,,,"י""ח",500,ל גרם,false,1,12.40,2.48,true,1,
7290013677099,false,גריסי פנינה בוואקום מיה 500 גר',מיה תעשיות מזון מ.ת.מ בעמ,,,"י""ח",500,ל גרם,false,1,10.80,2.16,true,1,
7290013677105,false,אפונה סלקטד מיה 500 גרם,מיה תעשיות מזון מ.ת.מ בעמ,,,"י""ח",500,ל גרם,false,1,7.90,1.58,true,1,
7290013677112,false,בורגול באריזת וואקום Selected,מיה תעשיות מזון מ.ת.מ בעמ,,,"י""ח",500,ל גרם,false,1,10.40,2.08,true,1,
7290013677129,false,שעועית מעורבת בוואקום מיה 500 גר',מיה תעשיות מזון מ.ת.מ בעמ,,,"י""ח",500,ל גרם,false,1,12.40,2.48,true,1,
7290013677143,false,מיה סלקטד שעועית בובס 400ג,מיה תעשיות מזון מ.ת.מ בעמ,,,"י""ח",500,ל גרם,false,1,15.50,3.10,true,1,
7290013677259,false,תבלין זעתר 50 גרם שקית,מיה תעשיות מזון מ.ת.מ בעמ,,,"י""ח",50,ל גרם,false,1,5.50,11,false,1,
7290013677273,false,תבלין גריל דג 80 גרם-שקית,מיה תעשיות מזון מ.ת.מ בעמ,,,"י""ח",80,ל גרם,false,1,5.50,6.88,false,1,
7290013677297,false,תבלין אבקת בצל 80 גרם-שקית,מיה תעשיות מזון מ.ת.מ בעמ,,,"י""ח",80,ל גרם,false,1,5.50,6.88,false,1,
7290013677303,false,חוואיג' תימני בשקית מיה 50 גרם,מיה תעשיות מזון מ.ת.מ בעמ,,,"י""ח",50,ל גרם,false,1,5.50,11,false,1,
7290013677327,false,תבלין אבקת קארי 80 גרם-שקית,מיה תעשיות מזון מ.ת.מ בעמ,,,"י""ח",80,ל גרם,false,1,5.50,6.88,false,1,
7290013677419,false,תן צ'אפ טבעות בטעם שמנת בצל,מיה תעשיות מזון מ.ת.מ בעמ,,,"י""ח",60,ל גרם,false,1,3.70,6.17,false,1,
7290013677563,false,קינואה אדומה יבשה מיה 500 גר',מיה תעשיות מזון מ.ת.מ. בעמ,,,"י""ח",500,ל גרם,false,1,21.90,4.38,true,1,
7290013677648,false,שמן זית למאור מיה 1 ליטר,מיה תעשיות מזון מ.ת.מ. בעמ,,,"י""ח",100,"ל מ""ל",false,1,18.90,18.90,false,1,
7290013677655,false,סודה לשתיה בצנצנת מיה 600 גרם,מיה תעשיות מזון מ.ת.מ בעמ,,,"י""ח",600,ל גרם,false,1,23.70,3.95,false,1,
7290013677662,false,מלח לימון בצנצנת מיה 500 גרם,מיה תעשיות מזון מ.ת.מ בעמ,,,"י""ח",300,"ל מ""ל",false,1,26.70,8.90,false,1,
7290013677679,false,סודה לשתיה בשקית מיה 80 גרם,מיה תעשיות מזון מ.ת.מ. בעמ,,,"י""ח",80,ל גרם,false,1,4.70,5.88,false,1,
7290013677686,false,תבלין פפריקה מרוקאית 80 גרם בשקית,מיה תעשיות מזון מ.ת.מ בעמ,,,"י""ח",1,,false,1,5.30,5.30,false,1,
7290013677693,false,תבלין פלפל שחור גרוס שקית 50 גרם,מיה תעשיות מזון מ.ת.מ בעמ,,,"י""ח",1,,false,1,9.40,9.40,false,1,
7290013677747,false,"שוקו של מיה 500גרם בשקית בד""ץ",מיה תעשיות מזון מ.ת.מ. בעמ,,,"י""ח",1,,false,1,6.90,6.90,false,1,
7290013702036,false,שוופס וואטר אפרסק 500 מל,יפאורה שותפות מוגבלת לשיווק,,,"י""ח",500,"ל מ""ל",false,1,6.50,1.24,true,1,
7290013702050,false,"שוופס וואטר ענבים 500מ""ל",יפאורה שותפות מוגבלת לשיווק,,,"י""ח",500,"ל מ""ל",false,1,6.50,1.24,true,1,
7290013702298,false,טאצ`אשפתון עבה 50יח בגליל 90*77.,שניב תעשיות נייר בעמ,,,"י""ח",50,"י""ח",false,1,16.90,0.34,true,1,
7290013702388,false,"שוופס וואטר תפוח 500מ""ל",יפאורה שותפות מובגלת לשיווק,,,"י""ח",500,"ל מ""ל",false,1,6.50,1.24,true,1,
7290013713025,false,"בירה ג'מס פילס בקבוק 330 מ""ל",אגודת הכורמים,,,"י""ח",330,"ל מ""ל",false,1,12.90,3.82,true,1,
7290013724960,false,שקדים בציפוי שוקולד בקופסא שקדיה 140 גרם,דין שיווק וקליה 2021 בעמ,,,"י""ח",140,ל גרם,false,1,12.90,9.21,false,1,
7290013787392,false,רביולי גבינות קלאסי 330 גרם ריקו בית יוסף,דודו איטליאן פרודקטס בע\,,,"י""ח",330,ל גרם,false,1,27.20,8.24,false,1,
7290013847454,false,טונה סטאריקיסט בשמן קנולה רביעייה 160 גר,דיפלומט מפיצים (1968) בעמ**,,,"י""ח",1,,false,1,26.90,26.90,true,1,
7290013847867,false,מארז זוגות טונה בשמן סויה 140 ג' סטארקיסט,דיפלומט מפיצים (1968) בעמ**,,,"י""ח",280,ל גרם,false,1,11.90,4.25,true,1,
7290013848345,false,מארז מטליות לחיטוי וניקוי יסודי אנטיבקטריאלי 99.9%,החברה הדרומית לשיווק בעמ,,,"י""ח",3,"י""ח",false,1,24.90,8.30,false,1,
7290013861412,false,המתוקים של ששון קוקוס 250 גרם,דין שיווק וקליה 2021 בעמ,,,"י""ח",250,ל גרם,false,1,9.90,3.96,false,1,
7290013883148,false,סופג ריחות במקרר ווליט 40 גרם,יעקב יעקבי ובניו בעמ,,,"י""ח",300,"ל מ""ל",false,1,14,4.67,false,1,
7290013883490,false,מדליק לפחמים קוביות הפי 24 יח',יעקב יעקבי ובניו בעמ,,,"י""ח",1,,false,1,10.90,10.90,false,1,
7290013906458,false,קבנוס בטעם פיקנטי טירת צבי 120 גרם,תנובה מרכז שיתופי לשיווק תוצרת,,,"י""ח",120,ל גרם,false,1,9.90,8.25,false,1,
7290013906489,false,חטיפי מיני קבנוס טירת צבי 120 גרם,תנובה מרכז שיתופי לשיווק תוצרת,,,"י""ח",120,ל גרם,false,1,9.90,8.25,false,1,
7290013906496,false,פסטרמה עגל בסגנון רומני טירת צבי 120 גר,הנסיך- מפעל לייצור ט,,,"י""ח",120,ל גרם,false,1,13.90,11.58,false,1,
7290013906687,false,פסט' צמד כפרית ברביקיו ודבש 300X2ג' טירת צבי,תנובה מרכז שיתופי לשיווק תוצרת,,,"י""ח",600,ל גרם,false,1,29.90,4.98,false,1,
7290013906700,false,"נקניקיות הודו טירת צבי כשרות הרב מחפוד 1.5 ק""ג",תנובה מרכז שיתופי לשיווק תוצרת,,,"י""ח",1.50,"ק""ג",false,1,29.90,19.93,false,1,
7290013906984,false,סלמי תה טירת צבי מחפוד 300 גרם,טיב טירת צבי 2000,,,"י""ח",300,ל גרם,false,1,24.90,8.30,false,1,
7290013906991,false,סלמי מהדרין 400 גרם מחפוד טירת צבי,טיב טירת צבי 2000,,,"י""ח",300,ל גרם,false,1,15.90,5.30,false,1,
7290013927101,false,אחווה עוגה תפוחים ללא תוספת סוכר 450גר,אחדות ביחר לטחינה חל,,,"י""ח",450,ל גרם,false,1,11.90,2.64,false,1,
7290013927156,false,אחוה בטעם פירות יער ללא תוספת סוכר 450 גרם.,אחדות ביחר לטחינה חל,,,"י""ח",450,ל גרם,false,1,11.90,2.64,false,1,
7290013927323,false,אחדות עוגת בראוניס 400 גרם,אחדות ביחר לטחינה חל,,,"י""ח",450,ל גרם,false,1,10.90,2.42,false,1,
7290013927637,false,חלוה ללא תוספת סוכר במגש 400 גר' אחוה,אחדות ביחר לטחינה חל,,,"י""ח",400,ל גרם,false,1,12.90,3.23,false,1,
7290013927804,false,"טחינה גולמית משומשום מלא אחוה 1 ק""ג",אחדות ביחר לטחינה חל,,,"י""ח",1,"ק""ג",false,1,21.90,21.90,false,1,
7290013927996,false,עוגת שמרים קרנץ בטעם שוקולד אחוה 400 גרם,אחדות ביחר לטחינה חל,,,"י""ח",400,ל גרם,false,1,10.90,2.73,false,1,
7290014002203,false,חליטת לימונית ולואיזה הגן הקסום ויסוצקי 25 יחידות,תה ויסוצקי (ישראל) בעמ,,,"י""ח",37.50,ל גרם,false,1,17.90,47.73,true,1,
7290014046016,false,פסטרמה של פעם דל שומן 2% רכיבים טבעיים,מעדני יחיעם ( 1993 ) בע`מ,,,"י""ח",250,ל גרם,false,1,28.40,11.36,false,1,
7290014046047,false,פסטרמת מעודנת ברביקיו 2יח*300גר,מעדני יחיעם ( 1993 ) בע`מ,,,"י""ח",600,ל גרם,false,1,24.90,4.15,false,1,
7290014046474,false,"נקניקיות עוף 1.5 ק""ג יחיעם",מעדני יחיעם ( 1993 ) בע`מ,,,"י""ח",1.50,"ק""ג",false,1,27.90,18.60,true,1,
7290014059436,false,"משחת שיניים סנסודיין 75 מ""ל פרימיום לשיקום והגנה מלבינה 75 מ""ל","סמית קליין ביצ'ם בע""",,,"י""ח",75,"ל מ""ל",false,1,25.90,34.53,true,1,
7290014068353,false,לחם מחמצת,מאפיית הראשונים מ.ל. בעמ,,,"י""ח",1,"י""ח",false,1,18.90,18.90,false,1,
7290014068902,false,בגט פרווה,מאפיית הראשונים מ.ל. בעמ,,,"י""ח",1,"י""ח",false,1,5,5,true,1,
7290014069657,false,בגט רוסטיק,מאפיית הראשונים מ.ל. בעמ,,,"י""ח",1,"י""ח",false,1,8.50,8.50,true,1,
7290014071087,false,חלת צמה פילסברי,מאפיית הראשונים מ.ל. בעמ,,,"י""ח",1,"י""ח",false,1,13,13,false,1,
7290014083165,false,ניוקי ויליפוד 500 גרם,ג. וילי-פוד אינטרנשיונל בע`מ,,,"י""ח",500,ל גרם,false,1,8.10,1.62,false,1,
7290014090040,false,"אפונה קפואה עת רן 1.5 ק""ג",עת -רן (1996) בעמ,,,"י""ח",1.50,"ק""ג",false,1,21.90,14.60,false,1,
7290014090064,false,"שעועית חתוכה קפוא עת רן 1.5 ק""ג",עת -רן (1996) בעמ,,,"י""ח",1.50,"ק""ג",false,1,21.90,14.60,false,1,
7290014090088,false,אפונה וגזר קפוא 1.5 ק``ג,עת -רן (1996) בעמ,,,"י""ח",1.50,"ק""ג",false,1,21.90,14.60,false,1,
7290014090460,false,שעועית עדינה מאוד קפואה 600 ג',עת -רן (1996) בעמ,,,"י""ח",600,ל גרם,false,1,13.90,2.32,false,1,
7290014090644,false,"חומוס גרגרים יבש 1 ק""ג",עת -רן (1996) בעמ,,,"י""ח",1,"ק""ג",false,1,13.90,13.90,false,1,
7290014094482,false,"רוטב צ''ילי חריף 700 מ""ל אהרוני",****דין שיווק וקליה 2021 בעמ,,,"י""ח",700,"ל מ""ל",false,1,9.90,1.41,false,1,
7290014094796,false,משמשים מיובשים בשקית ששון הקולה 300 גרם,דין שיווק וקליה 2021 בעמ,,,"י""ח",300,ל גרם,false,1,22.90,7.63,false,1,
7290014094826,false,שזיפים ללא גלעין בשקית ששון הקולה 300 גרם,דין שיווק וקליה 2021 בעמ,,,"י""ח",300,ל גרם,false,1,22.90,7.63,false,1,
7290014094840,false,צימוק חום בשקית ששון הקולה 300 גרם,דין שיווק וקליה 2021 בעמ,,,"י""ח",300,ל גרם,false,1,12.90,4.30,false,1,
7290014094895,false,אגוזים קלופים בשקית ששון הקולה 150 גרם,דין שיווק וקליה 2021 בעמ,,,"י""ח",150,ל גרם,false,1,12.90,8.60,false,1,
7290014094901,false,פקאן טבעי 150 גרם ששון הקולה,דין שיווק וקליה 2021 בעמ,,,"י""ח",150,ל גרם,false,1,22.90,15.27,false,1,
7290014095472,false,חטיף דגנים עם חומציות שוקולד מריר שקדיה 125 גרם,****דין שיווק וקליה 2021 בעמ,,,"י""ח",168,ל גרם,false,1,10,5.95,false,1,
7290014095496,false,חטיף דגנים עם אגוזים ושוקולד מריר 125 גר',****דין שיווק וקליה 2021 בעמ,,,"י""ח",1,,false,1,10,10,false,1,
7290014095861,false,שיבולת שועל דקה בשקית שקדיה 500 גרם,דין שיווק וקליה 2021 בעמ,,,"י""ח",500,ל גרם,false,1,5.90,1.18,false,1,
7290014095960,false,שיבולת שועל עבה בשקית שקדיה 500 גרם,דין שיווק וקליה 2021 בעמ,,,"י""ח",500,ל גרם,false,1,5.90,1.18,false,1,
7290014204560,false,"פנינהרוזנבלום- סבון נוזלי לידיים שלישיה,3*500 מ""ל","פנינה רוזנבלום בע""מ",,,"י""ח",0.50,ליטר,false,1,14.90,29.80,true,1,
7290014205000,false,צלחות גדולות 50 יחידות,ח.כהן סוכנות מזון ומשקאות בע,,,"י""ח",50,"י""ח",false,1,14.90,0.30,false,1,
7290014205024,false,"קעריות אובלי ח""פ לבן 25 יח!",ח.כהן סוכנות מזון ומשקאות בע,,,"י""ח",30,"י""ח",false,1,5.90,0.20,true,1,
7290014205031,false,"לפתניה לבן 25 יח ""שווה"" *",ח.כהן סוכנות מזון ומשקאות בע,,,"י""ח",25,"י""ח",false,1,4.90,0.20,true,1,
7290014205048,false,disposable plastic 17 cm soup plate 25,ח.כהן סוכנות מזון ומשקאות בע,,,"י""ח",2500,ל גרם,false,1,7.90,0.32,false,1,
7290014205055,false,"צלחת עמוקה""שווה""30יח לבן",ח.כהן סוכנות מזון ומשקאות בע,,,"י""ח",30,"י""ח",false,1,14.90,0.50,false,1,
7290014205062,false,"כוסות ח""פ פלסטיק 100""שווה"".",ח.כהן סוכנות מזון ומשקאות בע,,,"י""ח",100,"י""ח",false,1,8.90,0.09,false,1,
7290014205116,false,כוסות שקוף שמש 140יח שווה,ח.כהן סוכנות מזון ומשקאות בע,,,"י""ח",140,"י""ח",false,1,16.90,0.12,false,1,
7290014205130,false,צלחות גדול קרם / לבן/ בורדו/ זהב 25 יח,ח.כהן סוכנות מזון ומשקאות בע,,,"י""ח",2500,ל גרם,false,1,11.90,0.48,false,1,
7290014205147,false,"צלחת קטן צבעוני 25 יח ""שווה"" *",ח.כהן סוכנות מזון ומשקאות בע,,,"י""ח",25,"י""ח",false,1,6.90,0.28,false,1,
7290014205154,false,קעריות אובלי קרם /בורדו זהב 25 יח,ח.כהן סוכנות מזון ומשקאות בע,,,"י""ח",2500,ל גרם,false,1,5.90,0.24,false,1,
7290014205161,false,disposable plastic 12.5 cm compote plate,ח.כהן סוכנות מזון ומשקאות בע,,,"י""ח",2500,ל גרם,false,1,4.90,0.20,false,1,
7290014205178,false,"מרקיה צבעוני ""שווה"" 25יח",ח.כהן סוכנות מזון ומשקאות בע,,,"י""ח",2500,ל גרם,false,1,8.90,0.36,false,1,
7290014205185,false,"צלחת ענק צבעוני 25 יח ""שווה "" *",ח.כהן סוכנות מזון ומשקאות בע,,,"י""ח",25,"י""ח",false,1,18.90,0.76,false,1,
7290014205215,false,כפות שקוףשווה צבעוני 50 יחידות יצרןמותג: חכהן.,ח.כהן סוכנות מזון ומשקאות בע,,,"י""ח",50,"י""ח",false,1,10.90,0.22,false,1,
7290014205673,false,שמן סויה מזוכך 1 ליטר,ח.כהן סוכנויות מזון ומשקאות***,,,"י""ח",1,ליטר,false,1,9.90,9.90,false,1,
7290014205697,false,אננס חתוך 565 גר` A2 שווה * (24 בקרטו,ח.כהן סוכנות מזון ומשקאות בע,,,"י""ח",600,ל גרם,false,1,7.90,1.32,true,1,
7290014205758,false,מפת שולחן 1/6 עבה שווה,ח.כהן סוכנות מזון ומשקאות בע,,,"י""ח",6,"י""ח",false,1,11.90,1.98,false,1,
7290014205765,false,מפות שולחן 8* עבה במיוחד 1.35/2.4 מ`שו,ח.כהן סוכנות מזון ומשקאות בע,,,"י""ח",25,"י""ח",false,1,11.90,0.48,false,1,
7290014205772,false,"מפות שולחן 8* עבה שקוף""שווה""",ח.כהן סוכנות מזון ומשקאות בע,,,"י""ח",1,,false,1,7.90,7.90,false,1,
7290014205802,false,שקיות הקפאה שווה 200יח זוג,ח.כהן סוכנות מזון ומשקאות בע,,,"י""ח",200,"י""ח",false,1,7.90,0.04,false,1,
7290014205819,false,"שקיות אפור ""75/90 שווה""20 יח`ממוחזר",ח.כהן סוכנות מזון ומשקאות בע,,,"י""ח",20,"י""ח",false,1,17.90,0.90,true,1,
7290014205826,false,שקיות אשפה ירוק 52/65 שרוך שווה 50יח,ח.כהן סוכנות מזון ומשקאות בע,,,"י""ח",50,"י""ח",false,1,17.90,0.36,false,1,
7290014205840,false,"שקיות אשפה 52/65 עם שרון""שווה""",ח.כהן סוכנות מזון ומשקאות בע,,,"י""ח",20,"י""ח",false,1,6.90,0.35,false,1,
7290014205857,false,"שקיות אפור ""75/90 שווה""20 יח`ממוחזר.",ח.כהן סוכנות מזון ומשקאות בע,,,"י""ח",20,"י""ח",false,1,10.90,0.55,true,1,
7290014205864,false,"שקיות כתום 75/90 ""שווה"" 50יח",ח.כהן סוכנות מזון ומשקאות בע,,,"י""ח",50,"י""ח",false,1,11.90,0.24,false,1,
7290014206250,false,מפיות נייר 1/80 מעוטרות שווה,ח.כהן סוכנות מזון ומשקאות בע,,,"י""ח",80,"י""ח",false,1,6.90,0.09,true,1,
7290014206274,false,גפרור אקסטרה לארג שווה,ח.כהן סוכנות מזון ומשקאות בע,,,"י""ח",1,,false,1,6.90,6.90,true,1,
7290014206281,false,מדליק פחם ראש גפרור שווה (30 בדיספליי),ח.כהן סוכנות מזון ומשקאות בע,,,"י""ח",1,"י""ח",false,1,5.90,5.90,false,1,
7290014206496,false,גליל מוטבע אל בד 15 מטר שווה*,ח.כהן סוכנות מזון ומשקאות בע,,,,1,,false,1,44.90,44.90,false,1,
7290014206502,false,"שקיות אוכל בשקית 200 יח""שווה"" *",ח.כהן סוכנות מזון ומשקאות בע,,,"י""ח",200,"י""ח",false,1,3.90,0.02,false,1,
7290014206519,false,"שקיות הקפאה בשקית 200 יח ""שווה"" *",ח.כהן סוכנות מזון ומשקאות בע,,,"י""ח",2,"י""ח",false,1,7.90,3.95,false,1,
7290014206526,false,שקיות מזון מרשרש 150יח *3+מדבקות שווה,ח.כהן סוכנות מזון ומשקאות בע,,,"י""ח",1,,false,1,13.90,13.90,true,1,
7290014206571,false,קינוחיות משולש ענק+מכסה שווה,ח.כהן סוכנות מזון ומשקאות בע,,,"י""ח",12,"י""ח",false,1,9.90,0.83,false,1,
7290014206847,false,סרדינים שמן סויה 125גר שווה מרוקו,ח.כהן סוכנות מזון ומשקאות בע,,,"י""ח",125,ל גרם,false,1,4.90,3.92,false,1,
7290014206861,false,סרדינים בשמן זית 125גר שווה,ח.כהן סוכנות מזון ומשקאות בע,,,"י""ח",125,ל גרם,false,1,5.90,4.72,false,1,
7290014206885,false,אנשובי ארוך בפח בשמן חמניות 77ג שווה,ח.כהן סוכנות מזון ומשקאות בע,,,"י""ח",77,ל גרם,false,1,6.90,8.96,false,1,
7290014206892,false,אנשובי צנצנת 100 ג` שמן חמניות שווה*,ח.כהן סוכנות מזון ומשקאות בע,,,"י""ח",100,ל גרם,false,1,12.90,12.90,false,1,
7290014206908,false,אננס שלם A2 שווה,ח.כהן סוכנות מזון ומשקאות בע,,,"י""ח",227,ל גרם,false,1,7.90,3.48,false,1,
7290014206922,false,"קערית אובלית קשוף ""שווה"" 20יח",ח.כהן סוכנות מזון ומשקאות בע,,,"י""ח",2000,ל גרם,false,1,6.90,0.35,false,1,
7290014206946,false,"צלחת קטנה קשופה ""שווה"" 20יח",ח.כהן סוכנות מזון ומשקאות בע,,,"י""ח",2000,ל גרם,false,1,9.90,0.50,false,1,
7290014206953,false,"צלחת גדולה קשופה ""שווה"" 20יח",ח.כהן סוכנות מזון ומשקאות בע,,,"י""ח",2000,ל גרם,false,1,16.90,0.85,true,1,
7290014206960,false,"צלחת ענקית קשופה ""שווה"" 20יח",ח.כהן סוכנות מזון ומשקאות בע,,,"י""ח",2000,ל גרם,false,1,24.90,1.25,true,1,
7290014218321,false,בורקס אישי יפו גבינה מעדנות 600 גרם,תנובה מרכז שיתופי לשיווק תוצרת,,,"י""ח",600,ל גרם,false,1,17.90,2.98,false,1,
7290014218338,false,"בורקס אישי יפו תפו""א מעדנות 600 גרם",מיוצר עי קונדיטוריית,,,"י""ח",600,ל גרם,false,1,15.90,2.65,false,1,
7290014218505,false,"שלישית פיצות בחבק 3 יח`מעדנות 1.08 ק""",תנובה ענף ב.ע.ד,,,"י""ח",1.08,"ק""ג",false,1,34.90,32.31,false,1,
7290014218932,false,חטיפי פיצה בתוספ זיתים בשקית מעדנות 710 גרם,מיוצר עי קונדיטוריית,,,"י""ח",710,ל גרם,false,1,33.90,4.77,false,1,
7290014256620,false,"יין מבעבע קריניאנו באזז יקבי כרמל 750 מ""ל",אגודת הכורמים -כרמל מזרחי,,,"י""ח",750,"ל מ""ל",false,1,27.90,3.68,true,1,
7290014258716,false,תרכובת מזון צמחי על בסיס חלבון סויה מגיל לידה,קבוצת אוסם סחר שותפות מוגבלת,,,"י""ח",700,ל גרם,false,1,61.90,8.84,true,1,
7290014258730,false,תרכובת מזון צמחי לתינוקות מגיל 12 חודשים ואילך,קבוצת אוסם סחר שותפות מוגבלת,,,"י""ח",700,ל גרם,false,1,61.90,8.84,true,1,
7290014288058,false,"להבונים 50 שקית ""שווה""",ח.כהן סוכנות מזון ומשקאות בע,,,"י""ח",1,,false,1,10.90,10.90,true,1,
7290014288072,false,כריות יפניות רביעייה שווה,ח.כהן סוכנות מזון ומשקאות בע,,,"י""ח",1,"י""ח",false,1,6.90,6.90,false,1,
7290014288089,false,סרטי קירצוף זוגות שווה איכותי,ח.כהן סוכנות מזון ומשקאות בע,,,"י""ח",10,"י""ח",false,1,5.90,0.59,false,1,
7290014288119,false,"ממרקות מתכת 4 יח ""שווה"" *",ח.כהן סוכנות מזון ומשקאות בע,,,"י""ח",1,,false,1,5.90,5.90,false,1,
7290014288201,false,מארז מטליות מיקרופייבר שווה,ח.כהן סוכנות מזון ומשקאות בע,,,"י""ח",400,"ל מ""ל",false,1,12.90,3.23,false,1,
7290014288294,false,גליל אלבד עם ראנר 20 מטר שווה,ח.כהן סוכנות מזון ומשקאות בע,,,,1,,false,1,39.90,39.90,false,1,
7290014288300,false,עלי טורטייה שווה 8 יח' 320 גרם,ח.כהן סוכנות מזון ומשקאות בע,,,"י""ח",320,ל גרם,false,1,10.90,3.41,true,1,
7290014288317,false,עלי טורטייה שווה 6 יח' 420 גרם,ח.כהן סוכנות מזון ומשקאות בע,,,"י""ח",320,ל גרם,false,1,10.90,3.41,true,1,
7290014288324,false,עלי טורטייה מקמח מלא שווה 8 יח' 320 גרם,ח.כהן סוכנות מזון ומשקאות בע,,,"י""ח",320,ל גרם,false,1,10.90,3.41,true,1,
7290014288331,false,נודלס HOT CUP טעם עוף 60ג שווה*,ח.כהן סוכנות מזון ומשקאות בע,,,"י""ח",60,ל גרם,false,1,4.90,8.17,true,1,
7290014288348,false,נודלס טעם ירקות 60ג שווה,ח.כהן סוכנות מזון ומשקאות בע,,,"י""ח",60,ל גרם,false,1,4.90,8.17,true,1,
7290014288355,false,נודלס HOT CUP טעם בקר 60ג שווה*,ח.כהן סוכנות מזון ומשקאות בע,,,"י""ח",60,ל גרם,false,1,4.90,8.17,true,1,
7290014288379,false,"ערמונים 100 גר` ""שווה""",ח.כהן סוכנות מזון ומשקאות בע,,,"י""ח",100,ל גרם,false,1,5.90,5.90,true,1,
7290014288416,false,"רוטב צילי חריף 700מ""ל שווה",ח.כהן סוכנות מזון ומשקאות בע,,,"י""ח",700,"ל מ""ל",false,1,11.90,1.70,false,1,
7290014288447,false,"נרות חנוכה צבעוניים ""שווה"" * -ללא חזרו",ח.כהן סוכנות מזון ומשקאות בע,,,"י""ח",1,,false,1,3.90,3.90,false,1,
7290014288461,false,נר נשמה שווה 24 שעות,ח.כהן סוכנות מזון ומשקאות בע,,,"י""ח",1,,false,1,2.90,2.90,true,1,
7290014288584,false,נייר אפיה 50 יחידות איכותי שווה*,ח.כהן סוכנות מזון ומשקאות בע,,,"י""ח",50,"י""ח",false,1,9.90,0.20,true,1,
7290014288614,false,רדיד אלומיניום קצר כוכבים גבוה/עבה 16M,ח.כהן סוכנות מזון ומשקאות בע,,,,10,"י""ח",false,1,21.90,2.19,false,1,
7290014288645,false,מגבונים מגבופיל 72יח שווה,ח.כהן סוכנות מזון ומשקאות בע,,,"י""ח",72,"י""ח",false,1,18.90,0.26,true,1,
7290014288683,false,מגש אובלי ענק 20יח שווה,ח.כהן סוכנות מזון ומשקאות בע,,,"י""ח",20,"י""ח",false,1,18.90,0.95,false,1,
7290014288706,false,קערת סלט ענקית צבעוני 10 יח` שווה*,ח.כהן סוכנות מזון ומשקאות בע,,,"י""ח",10,"י""ח",false,1,9.90,0.99,false,1,
7290014288720,false,כוסות וודקה 350CC שווה,ח.כהן סוכנות מזון ומשקאות בע,,,,10,"י""ח",false,1,9.90,0.99,false,1,
7290014288737,false,"כוסות חד פעמי מעוטרות 40יח 285מ""ל שווה",ח.כהן סוכנות מזון ומשקאות בע,,,"י""ח",40,"י""ח",false,1,12.90,0.32,false,1,
7290014288744,false,"נר נשמה שבועי בזכוכית""שווה""",ח.כהן סוכנות מזון ומשקאות בע,,,"י""ח",1,,false,1,9.90,9.90,false,1,
7290014288843,false,נרות שבת מספרים שווה,ח.כהן סוכנות מזון ומשקאות בע,,,"י""ח",1,,false,1,3.90,3.90,false,1,
7290014288881,false,מזלגות מחוזקות 70יח שווה,ח.כהן סוכנות מזון ומשקאות בע,,,"י""ח",70,"י""ח",false,1,12.90,0.18,false,1,
7290014288980,false,נייר טישו חמישיה (10 יח בקרטון) שווה*,ח.כהן סוכנות מזון ומשקאות בע,,,"י""ח",5,"י""ח",false,1,11.90,2.38,false,1,
7290014298996,false,"בקבוק תרמי לשתיה קרה/חמה 500 מ""ל",מוסקו בעמ,,,"י""ח",1,,false,1,59.90,59.90,false,1,
7290014325043,false,פודינג בטעם וניל 1 קג מיה,מיה תעשיות מזון מ.ת.מ. בעמ,,,"י""ח",1,"ק""ג",false,1,13.90,13.90,false,1,
7290014325050,false,קורנפלור 500 גר` מיה ג.,מיה תעשיות מזון מ.ת.מ. בעמ,,,"י""ח",300,ל גרם,false,1,3.90,1.30,false,1,
7290014325548,false,"חמאת בוטנים 1ק""ג כשל""פ בד""צ",מיה תעשיות מזון מ.ת.מ בעמ,,,"י""ח",1,"ק""ג",false,1,21.90,21.90,false,1,
7290014356061,false,"פסטה ספגטי 500 ג""שדות"" * (20 בקר`)",האחים אגא (א.מ)שיווק בעמ,,,"י""ח",500,ל גרם,false,1,4.90,0.98,true,1,
7290014356078,false,"פסטה פנה 500 ג""שדות"" * (20 בקר`)",האחים אגא (א.מ)שיווק בעמ,,,"י""ח",500,ל גרם,false,1,4.90,0.98,true,1,
7290014356092,false,פסטה תלתלים שדות 500 ג',אחים אגא (א.מ.) שיווק,,,"י""ח",500,ל גרם,false,1,4.90,0.98,true,1,
7290014356108,false,פסטה קרניים שדות 500 גר',האחים אגא (א.מ)שיווק בעמ,,,"י""ח",500,ל גרם,false,1,4.90,0.98,true,1,
7290014356450,false,"פסטה צדפים 500 גר' ""שדות",אחים אגא (א.מ.) שיווק,,,"י""ח",500,ל גרם,false,1,4.90,0.98,true,1,
7290014356535,false,"פסטה פרפרים 500 ג""שדות"" (20 בקרטון)",האחים אגא (א.מ)שיווק בעמ,,,"י""ח",500,ל גרם,false,1,4.90,0.98,true,1,
7290014356634,false,"דבש טבעי 1ק""ג שדות",אחים אגא (א.מ.) שיווק,,,"י""ח",1,"ק""ג",false,1,37.90,37.90,false,1,
7290014356801,false,גרעיני תירס מתוק 340גר שדות בוואקום,אחים אגא (א.מ.) שיווק,,,"י""ח",340,ל גרם,false,1,5.60,1.65,false,1,
7290014356863,false,פטריות חתוכות 400 גרם שדות,אחים אגא (א.מ.) שיווק,,,"י""ח",400,ל גרם,false,1,5.90,1.48,false,1,
7290014356917,false,חצאי אפרסק בסירופ קל 820גר שדות,אחים אגא (א.מ.) שיווק,,,"י""ח",820,ל גרם,false,1,8.90,1.09,false,1,
7290014356931,false,"קוסקוס דק 350 גרם ""שדות""",אחים אגא (א.מ.) שיווק,,,"י""ח",500,ל גרם,false,1,4.50,0.90,true,1,
7290014356948,false,קוסקוס בינוני שדות 350 ג',אחים אגא (א.מ.) שיווק,,,"י""ח",500,ל גרם,false,1,4.50,0.90,true,1,
7290014356962,false,פתיתים בצורת קוסקוס 500ג אגא,אחים אגא (א.מ.) שיווק,,,"י""ח",500,ל גרם,false,1,4.50,0.90,true,1,
7290014356979,false,פתיתים בצורת אורז 500ג אגא,אחים אגא (א.מ.) שיווק,,,"י""ח",500,ל גרם,false,1,4.50,0.90,true,1,
7290014397163,false,"מטהר אוויר פרש הום פריחת השקד, ורד אנגלי וכותנה",החברה הדרומית לשיווק בעמ,,,"י""ח",165,ל גרם,false,1,11.90,7.21,false,1,
7290014397279,false,שקיות מזון גדולות XL סנו סושי 300 יחידות,החברה הדרומית לשיווק בעמ,,,"י""ח",1,,false,1,12.90,12.90,false,1,
7290014397286,false,מרכך כביסה מרוכז חלב ודבש סנו מקסימה 1 ליטר,החברה הדרומית לשיווק בעמ,,,"י""ח",1,ליטר,false,1,17.50,17.50,false,1,
7290014397507,false,מבשם אויר סנו פרש הום בניחוח מאסק מעודן 350 מ''ל,מיוצר עי קונדיטוריית,,,"י""ח",350,"ל מ""ל",false,1,9.90,2.83,false,1,
7290014397712,false,סנובון גל לאסלה בניחוח פריחה ורודה,החברה הדרומית לשיווק בעמ,,,"י""ח",65,"ל מ""ל",false,1,6.90,10.62,false,1,
7290014397767,false,סנו ריצפז פרש הום 2 ליטר בניחוח כותנה-מרכז,החברה הדרומית לשיווק בעמ,,,"י""ח",1.45,ליטר,false,1,17.90,12.34,false,1,
7290014397781,false,סנו ריצפז פרש הום 2 ליטר בניחוח סבון,החברה הדרומית לשיווק בעמ,,,"י""ח",1.45,ליטר,false,1,17.90,12.34,false,1,
7290014397873,false,מרכך כביסה בבישום עוצמתי ג'נטל בריז,החברה הדרומית לשיווק בעמ,,,"י""ח",4,ליטר,false,1,21.90,5.48,false,1,
7290014435704,false,סלמון מעושן פרוס 100ג(שמיר),שבעת הימים - שמיר,,,"י""ח",100,ל גרם,false,1,21.90,21.90,false,1,
7290014435803,false,מטיאס הולנדי (פרובנציאל) עם בצל בשמן 180 גרם,שבעת הימים - שמיר,,,"י""ח",180,ל גרם,false,1,19.90,11.06,false,1,
7290014435810,false,נתחי הרינג כבוש עם בצל במרינת חמוץ מתוק שמיר 220 גרם,"סלטי שמיר 2006 בע""מ",,,"י""ח",180,ל גרם,false,1,19.90,11.06,false,1,
7290014435841,false,פילה הרינג עם בצל בשמן מטיאס הולנדי שמיר 200 גרם,סלטי שמיר 2006 בעמ,,,"י""ח",180,ל גרם,false,1,19.90,11.06,false,1,
7290014455245,false,גבינה גרנה פדנו משולש גד 200 גר',מחלבות גד שיווק 1992 בעמ,,,"י""ח",200,ל גרם,false,1,19.90,9.95,false,1,
7290014455252,false,גבינת גרנה פדנו מגורדת 29% גד (100 גרם),מחלבות גד שיווק 1992 בעמ,,,"י""ח",100,ל גרם,false,1,9.90,9.90,false,1,
7290014455467,false,ירח מתוק מעדן חלב 2% ושיבולת שועל גד 150ג',מחלבות גד שיווק 1992 בעמ,,,"י""ח",150,"ל מ""ל",false,1,4.90,3.27,false,1,
7290014459137,false,"תפוגן סטייק צ'יפס 1.5 ק""ג אסם",קבוצת אוסם סחר שותפות מוגבלת,,,"י""ח",1.50,"ק""ג",false,1,24.90,16.60,false,1,
7290014459373,false,"צ'יפס קראנצ'י לתנור קפוא תפוגן 1.5ק""ג",קבוצת אוסם סחר שותפות מוגבלת,,,"י""ח",1.50,"ק""ג",false,1,24.90,16.60,false,1,
7290014459472,false,"תפוגן צ יפס קלאסי 2ק""ג (תפוגן)",קבוצת אוסם סחר שותפות מוגבלת,,,"י""ח",2.50,"ק""ג",false,1,29.90,11.96,false,1,
7290014459632,false,"צ'יפס טוגן תפוגן 1.5 ק""ג",קבוצת אוסם סחר שותפות מוגבלת,,,"י""ח",1.50,"ק""ג",false,1,17.90,11.93,false,1,
7290014471412,false,"מוזלי בוטנים אגוזים ושקדים 1 ק""ג - 412 ירוק שקדיה",דין שיווק וקליה 2021 בעמ,,,"י""ח",0,"ק""ג",false,1,19.90,19.90,true,1,
7290014471429,false,"מוזלי עם פירות 1 ק""ג - 429 סגול שקדיה",דין שיווק וקליה 2021 בעמ,,,"י""ח",0,"ק""ג",false,1,19.90,19.90,true,1,
7290014471436,false,"מוזלי צימוקים תפוח קינמון וגרעיני חמניה 1 ק""ג כחול שקדיה",דין שיווק וקליה 2021 בעמ,,,"י""ח",0,"ק""ג",false,1,19.90,19.90,true,1,
7290014471443,false,"גרנולה צימוקים אגוזים ושקדים1 ק""ג חדש - 443 כתום שקדיה (כתום)",דין שיווק וקליה 2021 בעמ,,,"י""ח",0,"ק""ג",false,1,19.90,19.90,true,1,
7290014472426,false,קונפיטורה דובדבן חמוץ 450 ג' שקדיה,דין שיווק וקליה 2021 בעמ,,,"י""ח",450,ל גרם,false,1,13.90,3.09,false,1,
7290014472990,false,ממרח 100% שקדים שקדיה (300 גרם),דין שיווק וקליה 2021 בעמ,,,"י""ח",300,ל גרם,false,1,34.90,11.63,false,1,
7290014503137,false,יין אדום יבש יובלים יקב דלתון (750 מל),הכרם - משקאות חריפים בעמ,,,"י""ח",750,"ל מ""ל",false,1,44.90,5.95,true,1,
7290014525009,false,חטיף סלים פרוט Slim fruit בטעם יוגורט ובמילוי תפוח,סלים דליס Slim Delis,,,"י""ח",283,ל גרם,false,1,12.90,4.56,true,1,
7290014525665,false,מרבה על חלל עוגיות קקאו וסוכריות שוק חלב 140 יח',ש.שסטוביץ בעמ,,,"י""ח",140,ל גרם,false,1,9.90,7.07,false,1,
7290014525672,false,מרבה על חלל עוגיות קקאו וסוכריות שוקולד חלב 140 גרם,ש.שסטוביץ בעמ,,,"י""ח",140,ל גרם,false,1,9.90,7.07,false,1,
7290014547322,false,סנסודין זוג מברשות שיניים שיקום כחול+תכל,גורי ע.ע.ע. בעמ,,,"י""ח",75,"ל מ""ל",false,1,29.90,39.87,true,1,
7290014555082,false,מים מזוקקים 4 ליטר מקסול,סאסאטק אגשח בעמ,,,"י""ח",1,,false,1,11.90,11.90,false,1,
7290014562585,false,בטר אנד דיפרנט דייסה טעם וניל 200 גר,בטר אנד דיפרנט B&D,,,"י""ח",200,ל גרם,false,1,12.90,6.45,false,1,
7290014673007,false,תערובת עשבי תיבול בסגנון ים תיכוני מימון 40 גרם,א.ל ייצור ושיווק תבלינים בעמ,,,"י""ח",40,ל גרם,false,1,11.50,28.75,true,1,
7290014673045,false,תערובת תיבול לצ'יפס מימון 100 גרם,א.ל. ייצור ושיווק תבלינים בע`מ,,,"י""ח",100,ל גרם,false,1,11.50,11.50,true,1,
7290014673359,false,מלח לימון תבליני מימון (400 גרם),א.ל. ייצור ושיווק תבלינים בע`מ,,,"י""ח",400,ל גרם,false,1,21.90,5.48,false,1,
7290014673366,false,כורכום טחון תבליני מימון (250 גרם),א.ל. ייצור ושיווק תבלינים בע`מ,,,"י""ח",250,ל גרם,false,1,21.90,8.76,false,1,
7290014673380,false,כמון טחון תבליני מימון 250 גרם,א.ל. ייצור ושיווק תבלינים בע`מ,,,"י""ח",250,ל גרם,false,1,21.90,8.76,false,1,
7290014673397,false,תיבול לגריל עוף תבליני מימון 250 גרם,א.ל. ייצור ושיווק תבלינים בע`מ,,,"י""ח",250,ל גרם,false,1,21.90,8.76,false,1,
7290014673403,false,פלפל שחור טחון תבליני מימון (250 גרם),א.ל. ייצור ושיווק תבלינים בע`מ,,,"י""ח",250,ל גרם,false,1,27.90,11.16,false,1,
7290014673434,false,פלפל שחור גרוס דק שקית תבליני מימון 80גרם,א.ל.ייצור ושיווק תבלינים בעמ,,,"י""ח",80,ל גרם,false,1,8.90,11.13,false,1,
7290014673557,false,זעפרן אמיתי תבליני מימון קופסא,א.ל.ייצור ושיווק תבלינים בעמ,,,"י""ח",5,ל גרם,false,1,19.90,398,false,1,
7290014674004,false,קריספ פירורי לחם שומשום ומלח ים 300 גרם מיימונס,א.ל ייצור ושיווק תבלינים בעמ,,,"י""ח",300,ל גרם,false,1,7.90,2.63,true,1,
7290014692541,false,פתיתים מגורדת וילי פוד (500 גרם)GOLDEN,ג.וילי-פוד אינטרנשיונל **גבינו,,,"י""ח",500,ל גרם,false,1,19.90,3.98,false,1,
7290014692817,false,גבינת מוצרלה מגורדתEURO CHEESE ויליפוד 200 גרם,ג.וילי-פוד אינטרנשיונל **גבינו,,,"י""ח",200,ל גרם,false,1,16.90,8.45,false,1,
7290014749764,false,עוף טוב שניצל עוף ביתי עדין כזה 700 גרם,קבוצת אוסם סחר שותפות מוגבלת,,,"י""ח",700,ל גרם,false,1,33.90,4.84,true,1,
7290014758100,false,מאגדת יוגורט ביו 3% שומן 8 יח' *150ג' תנובה,מיוצר עי קונדיטוריית,,,"י""ח",1.20,ליטר,false,1,16.60,13.83,true,1,
7290014758117,false,מאגדת יוגורט ביו 1.5% שומן 8 יח' *150 ג' תנובה,מיוצר עי קונדיטוריית,,,"י""ח",1.20,ליטר,false,1,16.60,13.83,true,1,
7290014758162,false,חלב עיזים מלא 3.6% שומן תנובה (1 ליטר),תנובה מרכז שיתופי לש,,,"י""ח",1,ליטר,false,1,15.10,15.10,false,1,
7290014758544,false,חמאה תנובה מפוסטרת 200 ג' בדץ,תנובה מרכז שיתופי לש,,,"י""ח",200,"ל מ""ל",false,1,7.20,3.60,false,1,
7290014758681,false,גבינת קוטג`1% בגביע תנובה (250 גרם),מיוצר עי קונדיטוריית,,,"י""ח",275,ל גרם,false,1,5.50,2,false,1,
7290014759084,false,גבינת שמנת נפוליאון 16% מופחת שומן תנובה 225 גרם,תנובה מרכז שיתופי לש,,,"י""ח",225,ל גרם,false,1,14.20,6.31,false,1,
7290014760134,false,"מעדן סויה בטעם וניל תנובה 125 מ""ל",תנובה Alternative,,,"י""ח",125,"ל מ""ל",false,1,4.30,3.44,false,1,
7290014760141,false,משקה שקדים טרי תנובה (1 ליטר),"תנובה בע""מ ***",,,"י""ח",1,ליטר,false,1,12.90,12.90,true,1,
7290014760912,false,גבינה צהובה 28% מהדרין גוש חלב (400 גרם),תנובה מרכז שיתופי לש,,,"י""ח",400,ל גרם,false,1,25.90,6.48,false,1,
7290014761018,false,גיל בטעם וניל תנובה 125 גרם,תנובה מרכז שיתופי לש,,,"י""ח",125,"ל מ""ל",false,1,1.50,1.20,false,1,
7290014761056,false,מעדן שוקולד חלב יולו תנובה 123 גרם,מיוצר עי קונדיטוריית,,,"י""ח",123,"ל מ""ל",false,1,4.60,3.74,false,1,
7290014761070,false,מעדן שוקולד לבן יולו תנובה 123 גרם,מיוצר עי קונדיטוריית,,,"י""ח",123,"ל מ""ל",false,1,4.60,3.74,false,1,
7290014761414,false,יולו מעדן שכבות שוקולד חלב ולבן 123 גר,מיוצר עי קונדיטוריית,,,"י""ח",123,"ל מ""ל",false,1,4.60,3.74,false,1,
7290014761612,false,מעדן שכבות שוקולד מריר ולבן יולו 122 גרם,מיוצר עי קונדיטוריית,,,"י""ח",123,"ל מ""ל",false,1,4.60,3.74,false,1,
7290014761698,false,"גבינת עמק 28% סמי חצי קשה 600 גרם בד""ץ",תנובה מרכז שיתופי לש,,,"י""ח",600,ל גרם,false,1,29.90,4.98,false,1,
7290014762800,false,מעדן סויה שוקולד גביע 125 גרם אלטרנטיב,תנובה מרכז שיתופי לש,,,"י""ח",125,"ל מ""ל",false,1,4.30,3.44,false,1,
7290014762831,false,גבינת שמנת נפוליאון 16% עם פלפל חלפיניו תנובה 225 גרם,תנובה מרכז שיתופי לש,,,"י""ח",225,ל גרם,false,1,14.20,6.31,false,1,
7290014789913,false,עוגיות אוראו קרם בטעם וניל מארז 176 גרם,דיפלומט מפיצים (1968) בעמ**,,,"י""ח",352,ל גרם,false,1,22.90,6.51,true,1,
7290014791336,false,מי מינרלים בודד ליטר,יפאורה שותפות מוגבלת לשיווק,,,"י""ח",500,"ל מ""ל",false,1,4.20,0.78,false,1,
7290014791626,false,"שוופס סודה נענע ליים 250 מ""ל זכוכית",יפאורה שותפות מוגבלת לשיווק,,,"י""ח",250,"ל מ""ל",false,1,3.50,1.28,true,1,
7290014855434,false,מגבונים בייביסיטר פרפורמנס מבושם רביעיה,בייביסיטר Babysitter,,,"י""ח",1,,false,1,15.90,15.90,true,1,
7290014855458,false,מגבוני בייביסיטר פרפורמנס ללא בישום מארז 72X4יח',בייביסיטר Babysitter,,,"י""ח",1,,false,1,15.90,15.90,true,1,
7290014940901,false,לחם פשוט מלא לילדים פרוס אנג`ל (750 גרם),מאפיית שלמה א. אנג'\ל בע,,,"י""ח",750,ל גרם,false,1,14.90,1.99,false,1,
7290014945166,false,פוקוס 10 מטליות לניקוי כללי שייני,מ.א.ייצור ויבוא מטליות בעמ,,,"י""ח",1,,false,1,15.90,15.90,false,1,
7290014974593,false,גביעי גלידה 12 מגולגל ללא גלוטן גילרו*,ח.כהן סוכנות מזון ומשקאות בע,,,"י""ח",12,"י""ח",false,1,16.90,1.41,false,1,
7290015005555,false,"צ'יפס אמריקאי 2 ק""ג פרי הגליל",ויטה- פרי גליל (החדשה) בעמ,,,"י""ח",2,"ק""ג",false,1,27.90,13.95,false,1,
7290015014168,false,בייבי מיקס רמי לוי,ביכורי השדה צפון 1994 ג.ד. בעמ,,,"י""ח",300,ל גרם,false,1,9.90,3.30,false,1,
7290015014182,false,לבבות קיסר בנספק רמי לוי,ביכורי השדה צפון 1994 ג.ד. בעמ,,,"י""ח",300,ל גרם,false,1,9.90,3.30,true,1,
7290015014274,false,צנונית ארוזה שמיטה,ביכורי השדה צפון 1994 ג.ד. בעמ,,,"י""ח",1,,false,1,7.90,7.90,false,1,
7290015014427,false,אורגנו רמי לוי,ביכורי השדה צפון 1994 ג.ד. בעמ,,,"י""ח",1,,false,1,6.90,6.90,false,1,
7290015014465,false,רוזמרין (בוסתן),ביכורי השדה צפון 1994 ג.ד. בעמ,,,"י""ח",1,,false,1,6.90,6.90,false,1,
7290015014472,false,קורנית(בוסתן),ביכורי השדה צפון 1994 ג.ד. בעמ,,,"י""ח",1,,false,1,6.90,6.90,false,1,
7290015037655,false,כרובית 600 גרם מהדרין אוצר הארץ י.ע.ל.,ביכורי השדה הצפון בעמ` 1964,,,"י""ח",600,ל גרם,false,1,29.90,4.98,false,1,
7290015037662,false,ברוקולי 600 גרם מהדרין אוצר הארץ י.ע.ל.,ביכורי השדה הצפון בעמ` 1964,,,"י""ח",600,ל גרם,false,1,29.90,4.98,false,1,
7290015039246,false,נתחי טונה בשמן צמחי רביעיה * 160 ג' וילי פוד,ג.וילי פוד אינטרנשיונל בעמ,,,"י""ח",640,ל גרם,false,1,19.90,3.11,false,1,
7290015039499,false,ויליפוד עוגיות חמאה איטלקיות מובחרות 1ק,ג.וילי-פוד אינטרנשיונל בעמ,,,"י""ח",1,"ק""ג",false,1,12.90,12.90,true,1,
7290015057202,false,חומץ רכיבים טבעיים 5,טעמן שווק מזון בעמ,,,"י""ח",1,ליטר,false,1,5.90,5.90,false,1,
7290015129121,false,אטריות גל קונג`אק נודלס ללא גלוטן סקיני,הוויזאי וואנגייה פוד,,,"י""ח",270,ל גרם,false,1,11.90,4.41,false,1,
7290015139267,false,שוקולד מריר עם שקדים ללא תוספת סוכר וסטהיים,"כרמית תעשיות ממתקים בע""\",,,"י""ח",85,ל גרם,false,1,6.90,8.12,true,1,
7290015139465,false,כרמית מיקסים בייגלה מצופה שוקולד חלב,כרמית תעשיות ממתקים בעמ,,,"י""ח",55,ל גרם,false,1,3.90,7.09,true,1,
7290015139571,false,חופשי ופל בארים בציפוי שוקולד 25 גר,"כרמית תעשיות ממתקים בע""\",,,"י""ח",25,ל גרם,false,1,10.90,43.60,false,1,
7290015150088,false,מחית עגבניות קלה גרנד איטליה 700 גרם,תה ויסוצקי (ישראל) בעמ,,,"י""ח",700,ל גרם,false,1,12.50,1.79,true,1,
7290015150118,false,שלישיית עגבניות חתוכות דק גרנד איטליה 400 גרם,תה ויסוצקי (ישראל) בעמ,,,"י""ח",400,ל גרם,false,1,16.90,4.23,false,1,
7290015150361,false,תה ירוק נענע בתוספת סטיביה ויסוצקי (25),תה ויסוצקי (ישראל) בעמ,,,"י""ח",1,,false,1,24.90,24.90,true,1,
7290015150583,false,תה ירוק בתוספת לימון ודבש ויסוצקי (25),תה ויסוצקי (ישראל) בעמ,,,"י""ח",37.50,ל גרם,false,1,24.90,66.40,true,1,
7290015155823,false,מחית תפוחי עץ חטיפטף ללא תוספת סוכר,גורי מוצרי צריכה (1991) בעמ,,,"י""ח",120,ל גרם,false,1,6.60,5.50,true,1,
7290015155830,false,מחית תפוחי עץ ובננה חטיפטף ללא תוספת סוכר,גורי מוצרי צריכה (1991) בעמ,,,"י""ח",120,ל גרם,false,1,6.60,5.50,true,1,
7290015155885,false,חטיפטף - חטיף אורז אפוי בטעם אוכמניות 28 גרם,גורי מוצרי צריכה (1991) בעמ,,,"י""ח",1,,false,1,6.90,6.90,false,1,
7290015156769,false,מחית פרינוק פאוץ' תפוח ואוכמניות 120 גרם,גורי מוצרי צריכה (1991) בעמ,,,"י""ח",120,ל גרם,false,1,6.60,5.50,true,1,
7290015178273,false,רוטב מרינדה לעוף בגריל אוליביה 270 גר,תה ויסוצקי (ישראל)בעמ,,,"י""ח",530,"ל מ""ל",false,1,13.90,2.62,true,1,
7290015282000,false,איקרא אדומה SEVEN SEAS 200 גרם,שבעת הימים - שמיר,,,"י""ח",200,ל גרם,false,1,14.90,7.45,false,1,
7290015282024,false,איקרא לבנה SEVEN SEAS 200 גרם,"סלטי שמיר 2006 בע""מ",,,"י""ח",200,ל גרם,false,1,14.90,7.45,false,1,
7290015282581,false,חומוס אבו גוש עם חריף שמיר 200 גרם,"סלטי שמיר 2006 בע""מ",,,"י""ח",200,ל גרם,false,1,11.90,5.95,true,1,
7290015282598,false,חומוס מסעדות גורמה שמיר 200 גרם,"סלטי שמיר 2006 בע""מ",,,"י""ח",200,ל גרם,false,1,11.90,5.95,true,1,
7290015282604,false,טחינה מיוחדת גורמה שמיר 200 גרם,"סלטי שמיר 2006 בע""מ",,,"י""ח",200,ל גרם,false,1,11.90,5.95,true,1,
7290015282628,false,חציל בטעם כבד גורמה שמיר 200 גרם,"סלטי שמיר 2006 בע""מ",,,"י""ח",200,ל גרם,false,1,12.90,6.45,true,1,
7290015282635,false,חומוס מסבחה גורמה שמיר 200 גרם,"סלטי שמיר 2006 בע""מ",,,"י""ח",200,ל גרם,false,1,11.90,5.95,true,1,
7290015282642,false,חומוס אבו גוש גורמה שמיר 200 גרם,"סלטי שמיר 2006 בע""מ",,,"י""ח",200,ל גרם,false,1,11.90,5.95,true,1,
7290015282673,false,חציל במיונז ביתי גורמה שמיר 200 גרם,"סלטי שמיר 2006 בע""מ",,,"י""ח",200,ל גרם,false,1,11.90,5.95,true,1,
7290015282680,false,קישוא בטעם כבד גורמה שמיר 200 גרם,"סלטי שמיר 2006 בע""מ",,,"י""ח",200,ל גרם,false,1,12.90,6.45,true,1,
7290015282697,false,כרוב אדום שמיר גורמה 200גר,"סלטי שמיר 2006 בע""מ",,,"י""ח",200,ל גרם,false,1,12.90,6.45,true,1,
7290015282710,false,קוביות סלק גורמה שמיר 200 גרם,"סלטי שמיר 2006 בע""מ",,,"י""ח",200,ל גרם,false,1,11.90,5.95,true,1,
7290015282727,false,גזר מרוקאי ברוטב פיקנטי אסלי שמיר 200 ג',"סלטי שמיר 2006 בע""מ",,,"י""ח",200,ל גרם,false,1,12.90,6.45,true,1,
7290015282734,false,מטבוחה ביתית גורמה שמיר 200 גרם,"סלטי שמיר 2006 בע""מ",,,"י""ח",200,ל גרם,false,1,12.90,6.45,true,1,
7290015282741,false,חציל תאילנדי אסלי שמיר 200 ג',"סלטי שמיר 2006 בע""מ",,,"י""ח",200,ל גרם,false,1,12.90,6.45,true,1,
7290015282796,false,"סלט תפו""א שמיר במיונז 200ג'","סלטי שמיר 2006 בע""מ",,,"י""ח",200,ל גרם,false,1,12.90,6.45,true,1,
7290015325752,false,מגבונים אסותא רביעייה לתינוק,עיסא ערטול בעמ-סוכן הנקל סוד,,,"י""ח",4,"י""ח",false,1,17.90,4.48,false,1,
7290015339414,false,דבש פרחי בר 350 גר' טעמן,טעמן שווק מזון בעמ,,,"י""ח",350,ל גרם,false,1,16.90,4.83,true,1,
7290015339421,false,דבש טהור טבעי 500 ג',טעמן שווק מזון בעמ,,,"י""ח",500,ל גרם,false,1,23.90,4.78,false,1,
7290015339568,false,פסטה פתיתים אורז טעמן 500 גר',מוטלו מקרנה גזאנטפ,,,"י""ח",500,ל גרם,false,1,4.90,0.98,false,1,
7290015339650,false,שוקולד חלב 100 גרם טעמן.,טעמן שיווק מזון בעמ,,,"י""ח",100,ל גרם,false,1,6.90,6.90,true,1,
7290015339704,false,"אורז בסגנון בסמטי הודי 1ק""ג",טעמן שווק מזון בעמ,,,"י""ח",1,"ק""ג",false,1,10.90,10.90,false,1,
7290015347174,false,"אורז בסגנון פרסי סלקטד 1ק""ג מיה כשל""פ",מיה תעשיות מזון מ.ת.מ בעמ,,,"י""ח",1,"ק""ג",false,1,11.90,11.90,false,1,
7290015347259,false,פירורי לחם מוזהבים מיה 400 גרם,מיה תעשיות מזון מ.ת.מ בעמ,,,"י""ח",400,ל גרם,false,1,7.90,1.98,false,1,
7290015347273,false,נטיפי שוקולד לאפייה שוקולדמריר 250גר,מיה תעשיות מזון מ.ת.מ. בעמ,,,"י""ח",250,ל גרם,false,1,8.90,3.56,false,1,
7290015347464,false,מיה קינואה מעורבת 400 גרם,מיה תעשיות מזון מ.ת.מ. בעמ,,,"י""ח",500,ל גרם,false,1,14.90,2.98,true,1,
7290015347488,false,"סוכר דמררה חום שקית מיה 1 ק""ג",מיה תעשיות מזון מ.ת.מ. בעמ,,,"י""ח",1,"ק""ג",false,1,8.90,8.90,false,1,
7290015347532,false,צ'יפס בטטה עם שמן זית ועשבי תיבול מיה 100 גרם,מיה תעשיות מזון מ.ת.מ. בעמ,,,"י""ח",80,ל גרם,false,1,9.90,12.38,true,1,
7290015347556,false,גבישי שום בצנצנת מיה 300 גרם,מיה תעשיות מזון מ.ת.מ בעמ,,,"י""ח",300,ל גרם,false,1,19.90,6.63,false,1,
7290015347990,false,מארז שמיניית עדשי שוקולד מיה 160 גרם,מיה תעשיות מזון מ.ת.מ. בעמ,,,"י""ח",160,ל גרם,false,1,10.90,6.81,true,1,
7290015348423,false,מיץ ענבים סגל משפחות 1 ליטר,טמפו משקאות בעמ,,,"י""ח",7.50,"י""ח",false,1,15.90,2.08,true,1,
7290015350150,false,יין אדום חצי יבש של סגל (750 מל),"כרמי צבי - אחים סגל בע""\",,,"י""ח",750,"ל מ""ל",false,1,21.90,2.88,true,1,
7290015350242,false,שטוק 84 משקה כוהלי על בסיס ברנדי בטעם דבש,טמפו משקאות בעמ,,,"י""ח",750,ל גרם,false,1,70.20,9.32,true,1,
7290015354899,false,350 גרם חרדל דיז'ון מעודן,דיפלומט מפיצים (1968) בעמ**,,,"י""ח",350,ל גרם,false,1,12.90,3.69,false,1,
7290015366663,false,"משחת שיניים מנטה עדין אקווה פרש 100 מ""ל",גלקסוסמיתקליין,,,"י""ח",100,ל גרם,false,1,8.90,8.90,true,1,
7290015366670,false,משחת שיניים בטעם מנטה אקוהפרש (100 מל),גלקסוסמיתקליין,,,"י""ח",100,ל גרם,false,1,8.90,8.90,true,1,
7290015374279,false,"סיגר במילוי בשר בד""צ 400גר",חטיפי אלקיים בעמ ~~~,,,"י""ח",400,ל גרם,false,1,11.90,2.98,false,1,
7290015374286,false,"סיגר במילוי תפו""א בד""צ 400גר",חטיפי אלקיים בעמ ~~~,,,"י""ח",400,ל גרם,false,1,11.90,2.98,false,1,
7290015374293,false,"פסטל במילוי בשר בד""צ 400גר",חטיפי אלקיים בעמ ~~~,,,"י""ח",400,ל גרם,false,1,11.90,2.98,false,1,
7290015374309,false,"פסטל במילוי תפו""א בד""צ 400גר",חטיפי אלקיים בעמ ~~~,,,"י""ח",400,ל גרם,false,1,11.90,2.98,false,1,
7290015374316,false,"אגרול סיני בד""צ 400גר",חטיפי אלקיים בעמ ~~~,,,"י""ח",400,ל גרם,false,1,11.90,2.98,false,1,
7290015374347,false,"קובה חמוסטה בד""צ 400גר",חטיפי אלקיים בעמ ~~~,,,"י""ח",400,ל גרם,false,1,11.90,2.98,false,1,
7290015374354,false,"קרפלך במילוי תפו""א בד""צ 400גר",חטיפי אלקיים בעמ ~~~,,,"י""ח",400,ל גרם,false,1,11.90,2.98,false,1,
7290015374361,false,"קרפלך במילוי בשר בד""צ 400גר",חטיפי אלקיים בעמ ~~~,,,"י""ח",400,ל גרם,false,1,11.90,2.98,false,1,
7290015374392,false,"בלינצ`ס במילוי בשר בד""צ 400גר",חטיפי אלקיים בעמ ~~~,,,"י""ח",400,ל גרם,false,1,11.90,2.98,false,1,
7290015374439,false,"שניצלונים תפו""א במילוי פטריות בד""צ 400",חטיפי אלקיים בעמ ~~~,,,"י""ח",400,ל גרם,false,1,11.90,2.98,false,1,
7290015470094,false,טבלאות שוקולד טוסו מר`שוקולד תפוז 100ג,דנשר (1963) בעמ,,,"י""ח",100,ל גרם,false,1,9.90,9.90,false,1,
7290015603218,false,אטריות עם עגבניה מזרח מערב 454 גרם,מזרח ומערב יבוא ושיווק,,,"י""ח",454,ל גרם,false,1,10.90,2.40,true,1,
7290015603225,false,איטריות בתוספת גזר 454 גרם,מזרח ומערב יבוא ושיווק,,,"י""ח",454,ל גרם,false,1,10.90,2.40,true,1,
7290015603546,false,"שימורי קרם קוקוס 17-19% 400 מ""ל (ASIATIC)(כ)",מזרח ומערב יבוא ושיווק,,,"י""ח",400,ל גרם,false,1,10.90,2.73,false,1,
7290015603560,false,"שימורי קרם קוקוס 20-22% 400 מ""ל (ASIATIC)(כ)",אסיאטיק אגרו אינדוסטרי,,,"י""ח",400,"ל מ""ל",false,1,10.90,2.73,false,1,
7290015644457,false,מארז 9 לחמניות 675גר,שלמה א.אנג ל בעמ,,,"י""ח",675,ל גרם,false,1,12.90,1.91,false,1,
7290015652087,false,תערובת פיצוחים בשקית ששון הקולה 150 גרם,דין שיווק וקליה 2021 בעמ,,,"י""ח",150,ל גרם,false,1,13.90,9.27,false,1,
7290015652254,false,גרעיני חמניה קלויים ששון הקולה (400 גרם),דין שיווק וקליה 2021 בעמ,,,"י""ח",400,ל גרם,false,1,9.90,2.48,false,1,
7290015652261,false,בוטנים קלויים ששון הקולה 350 גרם,דין שיווק וקליה 2021 בעמ,,,"י""ח",300,ל גרם,false,1,9.90,3.30,false,1,
7290015652292,false,קבוקים עם שומשום ששון הקולה 400 גרם,דין שיווק וקליה 2021 בעמ,,,"י""ח",400,ל גרם,false,1,10,2.50,false,1,
7290015652308,false,מנצ'ס ששון הקולה 400 גרם,דין שיווק וקליה 2021 בעמ,,,"י""ח",300,ל גרם,false,1,10,3.33,false,1,
7290015652315,false,חמוציות מסוכרות ששון הקולה (300 גרם),דין שיווק וקליה 2021 בעמ,,,"י""ח",300,ל גרם,false,1,10,3.33,false,1,
7290015652407,false,פיסטוק קלוי ששון הקולה (250 גרם),דין שיווק וקליה 2021 בעמ,,,"י""ח",250,ל גרם,false,1,20,8,false,1,
7290015683326,false,קומקום חשמלי נירוסטה לבן 1.700 ליטר,פוגיקום בעמ,,,"י""ח",1,,false,1,99.90,99.90,true,1,
7290015733427,false,מטרנה דייסת גם וגם וניל פרו12*300ג 2019,קבוצת אוסם סחר שותפות מוגבלת,,,"י""ח",300,ל גרם,false,1,18.90,6.30,false,1,
7290015733441,false,מטרנה דייסת גם וגם דגנים פרו 300 גר`,קבוצת אוסם סחר שותפות מוגבלת,,,"י""ח",300,ל גרם,false,1,18.90,6.30,false,1,
7290015733977,false,תרכובת מזון קומפורט על בסיס חלבי דל לקטוז,קבוצת אוסם סחר שותפות מוגבלת,,,"י""ח",700,ל גרם,false,1,67.90,9.70,false,1,
7290015781008,false,"יין VISION מרלו אדום טפרברג 750 מ""ל",יקב טפרברג 1870 בעמ (יינות ומש,,,"י""ח",750,"ל מ""ל",false,1,39.90,5.28,true,1,
7290015781015,false,יין אדום מלבק ויז`יון טפרברג (750 מל),יקב טפרברג 1870 בעמ (יינות ומש,,,"י""ח",750,"ל מ""ל",false,1,39.90,5.28,true,1,
7290015781091,false,"יין VISION קברנה סוביניון טפרברג 750 מ""ל",יקב טפרברג 1870 בעמ (יינות ומש,,,"י""ח",750,"ל מ""ל",false,1,39.90,5.28,true,1,
7290015781169,false,"יין IMPRESSION קברנה סוביניון חצי יבש טפרברג 750 מ""ל",יקב טפרברג 1870 בעמ (יינות ומש,,,"י""ח",750,"ל מ""ל",false,1,49.90,6.61,true,1,
7290015781282,false,"יין IMPRESSION גוורצטרמינר טפרברג 750 מ""ל",יקב טפרברג 1870 בעמ (יינות ומש,,,"י""ח",750,"ל מ""ל",false,1,49.90,6.61,true,1,
7290015781299,false,יין שיראז ויזון יקב טפרברג (750 מל),יקב טפרברג 1870 בעמ (יינות ומש,,,"י""ח",750,"ל מ""ל",false,1,39.90,5.28,true,1,
7290015801836,false,אריסה חריפה 1 קג עוזי,עוזי טעמים של בית,,,"י""ח",1,"ק""ג",false,1,27.90,27.90,false,1,
7290015804400,false,עגבניות מרוסקות טל 250 גרם,ויטה פרי גליל (החדשה) בע`מ,,,"י""ח",600,ל גרם,false,1,3.90,0.65,true,1,
7290015804424,false,עגבניות מרוסקות בטעם בזיל ועשבי תיבול 260 ג' טל,ויטה פרי גליל (החדשה) בע`מ,,,"י""ח",600,ל גרם,false,1,3.90,0.65,true,1,
7290015821728,false,נר נשמה בכוס פלסטיק 48,פאלאס תעשיות נטו (2014) בעמ,,,"י""ח",1,,false,1,5.90,5.90,false,1,
7290015856812,false,הבסקוויט של הקרמבו וניל הדר 200 גרם,ח.כהן סוכנות מזון ומשקאות בע,,,"י""ח",200,ל גרם,false,1,4.90,2.45,false,1,
7290015856874,false,ביסקוויט קסטה רגיל 250גר הדר.,ח.כהן סוכנות מזון ומשקאות בע,,,"י""ח",250,ל גרם,false,1,18.90,7.56,false,1,
7290015856935,false,ביסקויט אקסטרא גליל טעם חמאה 400 גרם,ח.כהן סוכנות מזון ומשקאות בע,,,"י""ח",500,ל גרם,false,1,6.90,1.38,false,1,
7290015858106,false,"ממרח פסטו ביתי 180 גרם ""עללחם""",שטראוס גרופ בעמ/מצונן,,,"י""ח",180,ל גרם,false,1,15.90,8.83,true,1,
7290015858328,false,עללחם ממרח איולי פסטו 295 גרם,"מדשא תעשיות מזון בע""\מ",,,"י""ח",295,ל גרם,false,1,14.90,5.05,true,1,
7290015858441,false,עללחם ממרח איולי פלפלים 295 גרם,"מדשא תעשיות מזון בע""\מ",,,"י""ח",295,ל גרם,false,1,14.90,5.05,true,1,
7290015858687,false,עללחם ממרח איולי שום 295 גרם,"מדשא תעשיות מזון בע""\מ",,,"י""ח",295,ל גרם,false,1,14.90,5.05,true,1,
7290015858694,false,עללחם ממרח איולי שום לימון 295 גרם,"מדשא תעשיות מזון בע""\מ",,,"י""ח",295,ל גרם,false,1,14.90,5.05,true,1,
7290015865739,false,ענבי ציון קונפיטורה לייט אוכמניות 400 גר,אבאל יזמות בעמ,,,"י""ח",400,ל גרם,false,1,19.90,4.98,false,1,
7290015865746,false,ענבי ציון קונפיטורה לייט פירות יער 400 ג,אבאל יזמות בעמ,,,"י""ח",400,ל גרם,false,1,19.90,4.98,false,1,
7290015872096,false,חומוס אסלי שמיר 700 גרם,"סלטי שמיר 2006 בע""מ",,,"י""ח",700,ל גרם,false,1,10.90,1.56,true,1,
7290015872553,false,חומוס של מסעדה שמיר 700 גרם,"סלטי שמיר 2006 בע""מ",,,"י""ח",0.70,"ק""ג",false,1,13.90,19.86,true,1,
7290015889605,false,"פסטיס 700מ""ל",אחים אוחיון משקאות בעמ,,,"י""ח",700,"ל מ""ל",false,1,49.90,7.09,true,1,
7290015951227,false,"יין גמלא השמורה סירה 2021 750 מ""ל",מיוצר וממולא על ידי יקב,,,"י""ח",750,"ל מ""ל",false,1,63.90,8.48,true,1,
7290015951869,false,"יין הר חרמון רוזה 750 מ""ל",מיוצר וממולא על ידי יקב,,,"י""ח",750,"ל מ""ל",false,1,35.90,4.75,true,1,
7290015968102,false,קיסמי שיניים רפויים עם חוט דנטאלי 100 יחידות,אינטרסן (1996) בעמ,,,"י""ח",200,"י""ח",false,1,14.90,0.07,true,1,
7290015968140,false,אטב אחיזה רחבה בעיצוב איטלקי הוסטס 36 יח,אינטרסן (1996) בעמ,,,"י""ח",48,"י""ח",false,1,15.90,0.33,true,1,
7290015968317,false,"סינרים ח""פ לתינוק 20יח טוליפס פרמיום",אינטרסן (1996) בעמ,,,"י""ח",20,"י""ח",false,1,21.90,1.10,false,1,
7290015968393,false,נובי נשכן בננה מברשת שיניים,אינטרסן (1996) בעמ,,,"י""ח",1,,false,1,33.90,33.90,false,1,
7290015996754,false,סוכרזית סטיוויה 300 טבליות,אף.סי תבליני בגליל ב,,,"י""ח",300,"י""ח",false,1,35.90,0.12,true,1,
7290016006025,false,שוופס סודה 0.50 ליטר בקבוק,יפאורה שותפות מוגבלת לשיווק,,,"י""ח",500,"ל מ""ל",false,1,2.60,0.46,false,1,
7290016006292,false,נקטר מנגו בננה מלון קרטונית 1 ל' ספרינג,יפאורה שותפות מובגלת לשיווק,,,"י""ח",1,ליטר,false,1,6.90,6.90,true,1,
7290016006339,false,מים מינרלים מי עדן (1x4 ליטר),יפאורה שותפות מוגבלת לשיווק,,,"י""ח",9,ליטר,false,1,10.90,1.08,false,1,
7290016006346,false,שוופס סודה 0.5 ליטר מארז שישייה,יפאורה שותפות מובגלת לשיווק,,,"י""ח",300,"ל מ""ל",false,1,14.90,4.37,true,1,
7290016087499,false,עגבניות חתוכות מארז 400X3ג' אריזות ירושלים,ח.כהן סוכנות מזון ומשקאות בע,,,"י""ח",400,ל גרם,false,1,12.90,3.23,false,1,
7290016096460,false,מארז טונה בשמן זית שלישייה 80 גרם,תעשיות פילטונה בעמ,,,"י""ח",240,ל גרם,false,1,12.90,5.38,false,1,
7290016096491,false,נתחי טונה בהירה בשמן צמחי שלישיה *80ג' פילטונה,תעשיות פיל טונה בעמ,,,"י""ח",240,ל גרם,false,1,11.90,4.96,true,1,
7290016096705,false,נתחי טונה בשמן צמחי פילטונה רביעיה *110 ג',תעשיות פילטונה בעמ,,,"י""ח",440,ל גרם,false,1,19.90,4.52,false,1,
7290016114300,false,נייר טואלט דו שכבתי אורך כפול לבן לילי 16 גלילים,קימברלי קלארק ישראל שיווק בעמ,,,"י""ח",1953,ל גרם,false,1,42.90,2.20,true,1,
7290016136722,false,פתיתים פנה ללא גלוטן 340 גרם גי פרי,גורי מוצרי צריכה (1991) בעמ,,,"י""ח",340,ל גרם,false,1,14.90,4.38,false,1,
7290016144000,false,"קמח חיטה מלאה נפלאות 80% 1 ק""ג",תה ויסוצקי (ישראל)בעמ,,,"י""ח",1,"ק""ג",false,1,9.90,9.90,true,1,
7290016144017,false,"קמח מלא נפלאות 100% ללא ניפוי 1 ק""ג",תה ויסוצקי (ישראל)בעמ,,,"י""ח",1,"ק""ג",false,1,9.90,9.90,true,1,
7290016144024,false,"קמח כוסמין מלא נפלאות 100% 1 ק""ג",תה ויסוצקי (ישראל)בעמ,,,"י""ח",1,"ק""ג",false,1,16.90,16.90,false,1,
7290016144031,false,"נפלאות קמח חיטה לבן מנופה 1 ק""ג",תה ויסוצקי (ישראל)בעמ,,,"י""ח",1,"ק""ג",false,1,6.90,6.90,false,1,
7290016144048,false,"קמח כוסמין לבן 1 ק""ג נפלאות",תה ויסוצקי (ישראל)בעמ,,,"י""ח",1,"ק""ג",false,1,17.90,17.90,true,1,
7290016144055,false,קמח כוסמין 80% קמח נפלאות 1 קג,תה ויסוצקי (ישראל)בעמ,,,"י""ח",1,"ק""ג",false,1,15.90,15.90,false,1,
7290016144086,false,נפלאות קמח חלה מנופה 1 ק”ג,תה ויסוצקי (ישראל)בעמ,,,"י""ח",1,"ק""ג",false,1,9.90,9.90,false,1,
7290016144093,false,נפלאות קמח לחם לבן מנופה 1 ק”ג,תה ויסוצקי (ישראל)בעמ,,,"י""ח",1,"ק""ג",false,1,9.90,9.90,false,1,
7290016144116,false,"קמח תופח נפלאות, 1 ק""ג",תה ויסוצקי (ישראל)בעמ,,,"י""ח",1,"ק""ג",false,1,11.90,11.90,true,1,
7290016150117,false,סלק אדום מקולף ומבושל500,ביג פוד כחול לבן בעמ*שיק 30 יו,,,"י""ח",500,ל גרם,false,1,8.90,1.78,true,1,
7290016162219,false,כדורי שוקולד פרווה קפולסקי (280 גרם),תופינים מקבוצת קפולסקי,,,"י""ח",280,ל גרם,false,1,29.90,10.68,false,1,
7290016188608,false,GIACOBAZZI למברוסקו לבן חצי יבש יקבי כרמל,פרוטרופיק סיה.,,,"י""ח",750,"ל מ""ל",false,1,24.90,3.28,true,1,
7290016197488,false,מטליות מיקרופייבר למשטחים ניקול 3יח',קימברלי קלארק ישראל שיווק בעמ,,,"י""ח",3,"י""ח",false,1,11.90,3.97,false,1,
7290016197495,false,ניקול זוג מטליות הקסם מיקרופייבר לרצפה,קימברלי קלארק ישראל שיווק בעמ,,,"י""ח",2,"י""ח",false,1,21.90,10.95,false,1,
7290016197600,false,דיפנד - תחבושת לנשים נורמל 12 יח',קימברלי קלארק ישראל שיווק בעמ,,,"י""ח",1,,false,1,19.90,19.90,true,1,
7290016197617,false,תחבושת לנשים אקסטרה דיפנד 10 יחידות,קימברלי קלארק ישראל שיווק בעמ,,,"י""ח",1,,false,1,19.90,19.90,true,1,
7290016197624,false,תחבושות לנשים סופר דיפנד 8 יחידות,קימברלי קלארק ישראל שיווק בעמ,,,"י""ח",1,,false,1,19.90,19.90,true,1,
7290016197877,false,שקיות אשפה לפחים בינוניים עם שרוך 50 * 53 ניקול 50 יחידות,קימברלי קלארק ישראל שיווק בעמ,,,"י""ח",1,"י""ח",false,1,22.90,22.90,false,1,
7290016217643,false,חמוצים סיני אסלי שמיר 400 גרם,"סלטי שמיר 2006 בע""מ",,,"י""ח",400,ל גרם,false,1,10.90,2.73,true,1,
7290016217759,false,חציל מרוקאי 200גרם גורמה,"סלטי שמיר 2006 בע""מ",,,"י""ח",200,ל גרם,false,1,12.90,6.45,true,1,
7290016246209,false,"חטיף חלבה וניל 100 גרם ""בארכה""",קבוצת אוסם סחר שותפות מוגבלת,,,"י""ח",100,ל גרם,false,1,3.80,3.80,false,1,
7290016276169,false,טחינה אהרוני משומשום טבעי 500 גרם,****דין שיווק וקליה 2021 בעמ,,,"י""ח",500,ל גרם,false,1,13,2.60,false,1,
7290016277470,false,שיבולת שועל דקה 350 גר',דין שיווק וקליה 2021 בעמ,,,"י""ח",350,ל גרם,false,1,3.90,1.11,true,1,
7290016321661,false,פרש וואנס SENSITIVE מגבונים ללא בישום רביעייה 72 יחידות,עלבד משואות יצחק,,,"י""ח",4,"י""ח",false,1,19.90,4.98,true,1,
7290016329278,false,קמיל בלו מגבונים מילוי 64 יח רביעייה,"פישר תעשיות פרמצביטות בע""מ",,,"י""ח",400,ל גרם,false,1,19.90,4.98,true,1,
7290016329308,false,"ד""ר פישר - סרקל קרם רוזמרין לשיער מתולתל 325 מ""ל","פישר תעשיות פרמבצטיות בע""מ",,,"י""ח",325,ל גרם,false,1,25.90,7.97,false,1,
7290016334036,false,עירית רמי לוי,ביכורי השדה צפון 1994 ג.ד. בעמ,,,"י""ח",1,,false,1,6.90,6.90,false,1,
7290016334050,false,סלרי חתוך.,ביכורי השדה צפון 1994 ג.ד. בעמ,,,"י""ח",1,,false,1,6.90,6.90,true,1,
7290016334166,false,לוף רגיל ארוז ליח,ביכורי השדה צפון 1994 ג.ד. בעמ,,,"י""ח",1,,false,1,9.90,9.90,false,1,
7290016334173,false,פלפל טינקרבל שמיטה,ביכורי השדה צפון 1994 ג.ד. בעמ,,,"י""ח",1,,false,1,8.90,8.90,true,1,
7290016334180,false,מלפפון בייבי רמי לוי,ביכורי השדה צפון 1994 ג.ד. בעמ,,,"י""ח",1,,false,1,9.90,9.90,true,1,
7290016334296,false,ברוקולי ארוז יחידה שמיטה,ביכורי השדה צפון 1994 ג.ד. בעמ,,,"י""ח",1,,false,1,11.90,11.90,false,1,
7290016334395,false,שיבה רמי לוי,ביכורי השדה צפון 1994 ג.ד. בעמ,,,"י""ח",1,,false,1,6.90,6.90,false,1,
7290016334432,false,שורש פטרוזיליה,ביכורי השדה צפון 1994 ג.ד. בעמ,,,"י""ח",1,,false,1,6.90,6.90,false,1,
7290016334456,false,בזיליקום רמי לוי,ביכורי השדה צפון 1994 ג.ד. בעמ,,,"י""ח",1,,false,1,5.90,5.90,false,1,
7290016334463,false,ראש סלרי,ביכורי השדה צפון 1994 ג.ד. בעמ,,,"י""ח",1,,false,1,6.90,6.90,false,1,
7290016334494,false,חסה ערבית,ביכורי השדה צפון 1994 ג.ד. בעמ,,,"י""ח",1,,false,1,4.90,4.90,false,1,
7290016334500,false,לבבות חסה זוגות בשקי,ביכורי השדה צפון 1994 ג.ד. בעמ,,,"י""ח",300,ל גרם,false,1,8.90,2.97,false,1,
7290016334616,false,בצל ירוק בוסתן,ביכורי השדה צפון 1994 ג.ד. בעמ,,,"י""ח",1,,false,1,4.90,4.90,false,1,
7290016334623,false,סלרי אמריקאי,ביכורי השדה צפון 1994 ג.ד. בעמ,,,"י""ח",1,"י""ח",false,1,5.90,5.90,false,1,
7290016334647,false,מנגולד-סלק עלים ארוז,ביכורי השדה צפון 1994 ג.ד. בעמ,,,"י""ח",1,,false,1,6.90,6.90,false,1,
7290016334654,false,תרד ניו זילנדי רמי לוי,ביכורי השדה צפון 1994 ג.ד. בעמ,,,"י""ח",200,ל גרם,false,1,14.90,7.45,false,1,
7290016334784,false,ג'ינג'ר ארוז ברכת קטיף 200 גרם,ביכורי השדה צפון 1994 ג.ד. בעמ,,,"י""ח",1,,false,1,11.90,11.90,false,1,
7290016334883,false,שרי תמר בוסתן שמיטה,ביכורי השדה צפון 1994 ג.ד. בעמ,,,"י""ח",1,,false,1,11.90,11.90,false,1,
7290016334890,false,עגבניות שרי ליקופן,ביכורי השדה צפון 1994 ג.ד. בעמ,,,"י""ח",1,,false,1,11.90,11.90,false,1,
7290016334906,false,מיקס עגבניות שרי.,ביכורי השדה צפון 1994 ג.ד. בעמ,,,"י""ח",1,,false,1,12.90,12.90,false,1,
7290016370089,false,מלפפונים פיקנטים 13-17 יבנה 560 גר',קבוצת יבנה מוצרי מזון בעמ,,,"י""ח",100,ל גרם,false,1,10.90,10.90,false,1,
7290016370225,false,תחתיות ארטישוק קבוצת יבנה 430 גרם,"קבוצת יבנה מוצרי מזון בע""מ",,,"י""ח",220,ל גרם,false,1,7.90,3.59,false,1,
7290016370263,false,יבנה מארז זיתים חרוזית 200*3 ג',קבוצת יבנה מוצרי מזון בעמ,,,"י""ח",600,ל גרם,false,1,13.90,2.32,false,1,
7290016370270,false,זית קלמטה מגולען 560 ג' -יבנה,"קבוצת יבנה מוצרי מזון בע""מ",,,"י""ח",560,ל גרם,false,1,11.90,2.13,false,1,
7290016370300,false,זית קלמטה שלם צנצנת יבנה,קבוצת יבנה מוצרי מזון בעמ,,,"י""ח",560,ל גרם,false,1,14.90,2.66,false,1,
7290016370959,false,חציל קלוי (פירה) בצנצנת קבוצת יבנה 530 גרם,"קבוצת יבנה מוצרי מזון בע""מ",,,"י""ח",58,ל גרם,false,1,9.90,17.07,false,1,
7290016372373,false,רסק עגבניות ללא תוספת סוכר ומלח - מארז זוג,תה ויסוצקי (ישראל) בעמ,,,"י""ח",280,ל גרם,false,1,7.90,2.82,false,1,
7290016372458,false,חליטת לימונית ולואיזה הגן הקסום ויסוצקי 50 יחידות,תה ויסוצקי (ישראל) בעמ,,,"י""ח",75,ל גרם,false,1,33.70,44.93,false,1,
7290016372496,false,חליטת פירות וצמחים בטעם ג'ינג'ר ודבש -אפקט הג'ינג'ר,תה ויסוצקי (ישראל) בעמ,,,"י""ח",20,"י""ח",false,1,17.90,0.90,true,1,
7290016373790,false,גוגלס טופי ממולא תות 500 גרם,טעמן שווק מזון בעמ,,,"י""ח",500,ל גרם,false,1,19.90,3.98,true,1,
7290016373806,false,לקקנים ממולאים טופי בטעם פירות 500 גרם,טעמן שיווק מזון בעמ,,,"י""ח",500,ל גרם,false,1,19.90,3.98,true,1,
7290016387698,false,כריות יפניות פנינה עדינות,מ.א.ייצור ויבוא מטליות בעמ,,,"י""ח",1,,false,1,7.90,7.90,false,1,
7290016400168,false,שקיות צליה 10יח שווה,ח.כהן סוכנות מזון ומשקאות בע,,,"י""ח",10,"י""ח",false,1,4.90,0.49,true,1,
7290016400243,false,מפיות נייר תלת שכבתי מעוטרות 20יח שווה,ח.כהן סוכנות מזון ומשקאות בע,,,"י""ח",10,"י""ח",false,1,6.90,0.69,true,1,
7290016400281,false,שיפודים 70יח שווה,ח.כהן סוכנות מזון ומשקאות בע,,,"י""ח",70,"י""ח",false,1,3.90,0.06,false,1,
7290016400380,false,גפרורים ארוך שווה,ח.כהן סוכנות מזון ומשקאות בע,,,"י""ח",10,"י""ח",false,1,6.90,0.69,true,1,
7290016400403,false,שקיות שחור 75/90 גליל 50יח שווה,ח.כהן סוכנות מזון ומשקאות בע,,,"י""ח",50,"י""ח",false,1,14.90,0.30,false,1,
7290016400427,false,אשפתון גופיה 55/70 סגול 50יח שווה HD,ח.כהן סוכנות מזון ומשקאות בע,,,"י""ח",50,"י""ח",false,1,20.90,0.42,false,1,
7290016400434,false,אשפתון גופיה 75/90 חזק אפור 25יח שווה,ח.כהן סוכנות מזון ומשקאות בע,,,"י""ח",25,"י""ח",false,1,17.90,0.72,true,1,
7290016400441,false,אשפתון גופיה 75/90 קרם 40יח שווה,ח.כהן סוכנות מזון ומשקאות בע,,,"י""ח",40,"י""ח",false,1,20.90,0.52,false,1,
7290016400458,false,מפת גליל 45 מטר שווה,ח.כהן סוכנות מזון ומשקאות בע,,,"י""ח",45,מטר,false,1,24.90,0.55,true,1,
7290016400502,false,גפרורים 10 חדש שווה,ח.כהן סוכנות מזון ומשקאות בע,,,"י""ח",10,"י""ח",false,1,4,0.40,false,1,
7290016400793,false,מפיות נייר 100יח שווה,ח.כהן סוכנות מזון ומשקאות בע,,,"י""ח",100,"י""ח",false,1,5.90,0.06,true,1,
7290016401141,false,עלי טורטיה תירס שווה 8 יח' 320 גרם,ח.כהן סוכנות מזון ומשקאות בע,,,"י""ח",320,ל גרם,false,1,10.90,3.41,true,1,
7290016401158,false,נודלס 200ג דקות שווה*,ח.כהן סוכנות מזון ומשקאות בע,,,"י""ח",200,ל גרם,false,1,5.90,2.95,false,1,
7290016401165,false,נודלס 200ג רחבות שווה*,ח.כהן סוכנות מזון ומשקאות בע,,,"י""ח",200,ל גרם,false,1,5.90,2.95,false,1,
7290016401257,false,"קרם קוקוס 400מ""ל 21-22% שווה",ח.כהן סוכנות מזון ומשקאות בע,,,"י""ח",400,"ל מ""ל",false,1,9.90,2.48,false,1,
7290016401295,false,"רוטב צילי מתוק 700מ""ל שווה",ח.כהן סוכנות מזון ומשקאות בע,,,"י""ח",700,"ל מ""ל",false,1,11.90,1.70,false,1,
7290016401394,false,פטריות חתוך שווה 400 גרם,ח.כהן סוכנות מזון ומשקאות בע,,,"י""ח",400,ל גרם,false,1,5.90,1.48,false,1,
7290016401400,false,"פטריות שלמות 400 גר` ""שווה""",ח.כהן סוכנות מזון ומשקאות בע,,,"י""ח",400,ל גרם,false,1,8.90,2.23,false,1,
7290016401509,false,חומץ 1ליטר 5% שווה,ח.כהן סוכנות מזון ומשקאות בע,,,"י""ח",1,ליטר,false,1,5.90,5.90,false,1,
7290016401578,false,זוג רדיד אלומיניום ארוך שווה,ח.כהן סוכנות מזון ומשקאות בע,,,"י""ח",1,"י""ח",false,1,14.90,14.90,false,1,
7290016401585,false,זוג רדיד אלומיניום קצר 7.5/30 שווה *,ח.כהן סוכנות מזון ומשקאות בע,,,"י""ח",1,"י""ח",false,1,10.90,10.90,false,1,
7290016401677,false,נרונים 6שעות 72יח,ח.כהן סוכנות מזון ומשקאות בע,,,"י""ח",72,"י""ח",false,1,27.90,0.39,false,1,
7290016401707,false,אטבי כביסה איכותיים 40יח שווה,ח.כהן סוכנות מזון ומשקאות בע,,,"י""ח",40,"י""ח",false,1,11.90,0.30,true,1,
7290016401714,false,קש שחור עבה 125יח שווה,ח.כהן סוכנות מזון ומשקאות בע,,,"י""ח",125,"י""ח",false,1,8.90,0.07,false,1,
7290016401820,false,תבניות רוסטר עבות במיוחד *4 שווה*,ח.כהן סוכנות מזון ומשקאות בע,,,"י""ח",4,"י""ח",false,1,9.90,2.48,true,1,
7290016401844,false,תבניות רוסטר גדול עבות במיוחד *2 שווה,ח.כהן סוכנות מזון ומשקאות בע,,,"י""ח",2,"י""ח",false,1,9.90,4.95,true,1,
7290016401851,false,תבניות אובן עבות במיוחד *4 שווה,ח.כהן סוכנות מזון ומשקאות בע,,,"י""ח",4,"י""ח",false,1,9.90,2.48,true,1,
7290016401882,false,מטליות מיקרופייבר 1/3 לרצפה,ח.כהן סוכנות מזון ומשקאות בע,,,"י""ח",10,"י""ח",false,1,18.90,1.89,false,1,
7290016401899,false,מטליות מיקרופייבר 1/10 ניקוי כללי,ח.כהן סוכנות מזון ומשקאות בע,,,"י""ח",10,"י""ח",false,1,18.90,1.89,false,1,
7290016401905,false,שקיות לפח קטן 40/45 שווה,ח.כהן סוכנות מזון ומשקאות בע,,,"י""ח",10,"י""ח",false,1,9.90,0.99,false,1,
7290016401912,false,שקיות מזון XL 300יח,ח.כהן סוכנות מזון ומשקאות בע,,,"י""ח",300,"י""ח",false,1,8.90,0.03,false,1,
7290016408294,false,"מרשמלו ורוד לבן וסטהיים 150 ג', 26 בקרטון",כרמית תעשיות ממתקים בעמ,,,"י""ח",1,,false,1,5.50,5.50,true,1,
7290016408423,false,חטיף קרקר עם זיתים שחורים ושום 130 גר,כרמית תעשיות ממתקים בעמ,,,"י""ח",130,ל גרם,false,1,6.90,5.31,true,1,
7290016408447,false,קרקר עגבניות ובזיליקום כרמית 130 גרם,כרמית תעשיות ממתקים בעמ,,,"י""ח",130,ל גרם,false,1,6.90,5.31,true,1,
7290016408744,false,מרשמלו טוויסטר כרמית 150 גרם,"כרמית תעשיות ממתקים בע""\",,,"י""ח",150,ל גרם,false,1,5.50,3.67,true,1,
7290016408980,false,"מטבעות שוקולד חלב 36 ג' כשל""פ בד""ץ!",כרמית תעשיות ממתקים בעמ,,,"י""ח",36,ל גרם,false,1,3.90,10.83,true,1,
7290016416961,false,מוס גבינה תות שדה קפולסקי 400 גרם,קפולסקי שיווק וקמעונ,,,"י""ח",400,ל גרם,false,1,44.90,11.23,false,1,
7290016437645,false,חיתולי האגיס פרידום דריי pants מידה 5 34 יחידות,קימברלי קלארק ישראל שיווק בעמ,,,"י""ח",1,"י""ח",false,1,49.90,49.90,true,1,
7290016509342,false,סוד מארז טריו כדוריות לאסלה כחול אקטיבי אקונומיקה,גורי שיווק בעמ,,,"י""ח",3,"י""ח",false,1,16.90,5.63,false,1,
7290016509786,false,פרסיל גל לכביסה לבנה וצבעונית-ירוק 2.5 ל,גורי שיווק בעמ,,,"י""ח",2.50,ליטר,false,1,34.90,13.96,false,1,
7290016509809,false,ג'ל מרוכז לכביסה קולור 2.5 ל' פרסיל,גורי שיווק בעמ,,,"י""ח",2.50,ליטר,false,1,34.90,13.96,false,1,
7290016510225,false,"תחליב רחצה הוואי יוגורט וניל ודבש 700 מ""ל",תאי פרזידנט פוד פאבל,,,"י""ח",750,"ל מ""ל",false,1,10.90,1.45,false,1,
7290016510317,false,"הוואי תחליב רחצה לגבר פול פורס 700 מ""ל-מרכז",טרופיקל דגיל בעמ,,,"י""ח",750,"ל מ""ל",false,1,10.90,1.45,false,1,
7290016510324,false,"הוואי תחליב רחצה לגבר אריסטבבול 700 מ""ל",טרופיקל דגיל בעמ,,,"י""ח",750,"ל מ""ל",false,1,10.90,1.45,false,1,
7290016510430,false,"תחליב רחצה הוואי שמני הזנה מגנוליה 700 מ""ל",טרופיקל דגיל בעמ,,,"י""ח",750,"ל מ""ל",false,1,10.90,1.45,false,1,
7290016510768,false,"הוואי תחליב רחצה יוגורט ואוכמניות 700 מ""ל",טרופיקל דגיל בעמ,,,"י""ח",750,"ל מ""ל",false,1,10.90,1.45,false,1,
7290016510898,false,הוואי שמפו לשיער רגיל 700 מל פריחת דודב,שוורצקוף& הנקל דיסלד,,,"י""ח",700,"ל מ""ל",false,1,10.90,1.56,false,1,
7290016510904,false,"הוואי מרכך פריחת הדובדבן 700 מ""ל",שוורצקוף& הנקל דיסלד,,,"י""ח",700,"ל מ""ל",false,1,10.90,1.56,false,1,
7290016517293,false,פסטה מסולוסלת חיטה מלאה 500ג שדות,אחים אגא (א.מ.) שיווק,,,"י""ח",500,ל גרם,false,1,5.90,1.18,false,1,
7290016517408,false,"קמח חיטה 1 ק""ג 80% שדות",אחים אגא (א.מ.) שיווק,,,"י""ח",1,"ק""ג",false,1,6.90,6.90,false,1,
7290016517415,false,"קמח חיטה 1 ק""ג 100% שדות",אחים אגא (א.מ.) שיווק,,,"י""ח",1,"ק""ג",false,1,6.90,6.90,false,1,
7290016517422,false,"קמח כוסמין 1 ק""ג 80% שדות",אחים אגא (א.מ.) שיווק,,,"י""ח",1,"ק""ג",false,1,11.90,11.90,false,1,
7290016517446,false,קמח כוסמין לבן מנופה שדו,אחים אגא (א.מ.) שיווק,,,"י""ח",1,"ק""ג",false,1,12.90,12.90,false,1,
7290016517453,false,"קמח לבן מנופה שדות 1ק""ג",אחים אגא (א.מ.) שיווק,,,"י""ח",1,"ק""ג",false,1,6.90,6.90,true,1,
7290016517484,false,פטריות שלשות 290ג*3 שדות,אחים אגא (א.מ.) שיווק,,,"י""ח",870,ל גרם,false,1,12.90,1.48,false,1,
7290016523447,false,אטריות ביצים 300 ג' (כ) (fu),מזרח ומערב יבוא ושיווק,,,"י""ח",300,ל גרם,false,1,7.90,2.63,false,1,
7290016564006,false,מבריקל הפלא ספוגיות להסרת כתמים קשים ושומנים 3יח,ח.כהן סוכנות מזון ומשקאות בע,,,"י""ח",1,,false,1,11.90,11.90,false,1,
7290016564266,false,מבריקל הפלא כיסוי הפלא 3,ח.כהן סוכנות מזון ומשקאות בע,,,"י""ח",1,,false,1,9.90,9.90,false,1,
7290016572391,false,"צ`יפס קלאסי 2.5ק""ג ש",***אדום גרופ למזון שיווק***,,,"י""ח",2.50,"ק""ג",false,1,27.90,11.16,false,1,
7290016621358,false,"ד""ר פישר - קמיל אל סבון ניקיון והזנה ורוד 1 ליטר","פישר תעשיות פרמבצטיות בע""מ",,,"י""ח",1,ליטר,false,1,15.90,15.90,true,1,
7290016621952,false,קמיל בלו סנסיטיב קרם פנים לתינוק SPF30,פישר תעשיות פרמבצטיות בעמ,,,"י""ח",1,"י""ח",false,1,29.90,29.90,true,1,
7290016667059,false,"סירופ בטעם מייפל 100% טהור 250מ""ל.",נאמן לאורך זמן בעמ,,,"י""ח",250,"ל מ""ל",false,1,32.90,13.16,false,1,
7290016667813,false,מלח הימלאיה דק 500 גר',נאמן לאורך זמן בעמ,,,"י""ח",500,ל גרם,false,1,11.90,2.38,false,1,
7290016682243,false,פריניב מיץ אשכולית אדומה סחוט 1 ליטר,תנובה - פריניב,,,"י""ח",1,ליטר,false,1,16.40,16.40,true,1,
7290016682328,false,מיץ תפוזים 100% עשוי מרכז 2 ל' פריניב,תנובה - פריניב,,,"י""ח",2,ליטר,false,1,20.90,10.30,false,1,
7290016682342,false,מיץ תפוזים וולנסיה פרי ניב 2 ליטר-,תנובה - פריניב,,,"י""ח",2,ליטר,false,1,28.60,14.15,true,1,
7290016682397,false,מיץ חמוציות פרי ניב 2 ליטר-,תנובה - פריניב,,,"י""ח",2,ליטר,false,1,18.60,9.15,true,1,
7290016717099,false,"יין כרמל סלקטד אדום חצי יבש, 750 מ""ל",אגודת הכורמים בעמ,,,"י""ח",750,"ל מ""ל",false,1,29.90,3.95,true,1,
7290016717976,false,יין ספארקלינג בטעם אפרסק 750 מל BUZZ,אגודת הכורמים בעמ,,,"י""ח",750,"ל מ""ל",false,1,27.90,3.68,true,1,
7290016866667,false,"משחת שיניים פרודונטקס ללא פלואוריד 75 מ""ל",פרודונטקס Parodontax,,,"י""ח",75,"ל מ""ל",false,1,30.90,41.20,true,1,
7290016866674,false,"פרודונטקס - משחת שיניים מלבינה 75 מ""ל",פרודונטקס Parodontax,,,"י""ח",75,"ל מ""ל",false,1,30.90,41.20,true,1,
7290016882414,false,קונפיטורה שזיף 70% פרי 450 גרם,דין שיווק וקליה 2021 בעמ,,,"י""ח",450,ל גרם,false,1,13.90,3.09,false,1,
7290016883176,false,"מוזלי פתיתי שיבולת שועל עם שוקולד מריר ושבבי קוקוס 1 ק""ג",דין שיווק וקליה 2021 בעמ,,,"י""ח",0,"ק""ג",false,1,19.90,19.90,true,1,
7290016967074,false,לחם חיטה מלאה עם גרעינים ודגנים,מאפיית שלמה א. אנג'\ל בע,,,"י""ח",750,ל גרם,false,1,15.90,2.12,false,1,
7290016998184,false,עלי חסה ערבית שטופים 250 גרק,ביכורי השדה צפון 1994 ג.ד. בעמ,,,"י""ח",150,ל גרם,false,1,9.90,6.60,false,1,
7290016998207,false,לקט קסם השדה נטורזה,ביכורי השדה צפון 1994 ג.ד. בעמ,,,"י""ח",350,ל גרם,false,1,11.90,3.40,false,1,
7290016998221,false,מיקס צבעי הטבע נטורז,ביכורי השדה צפון 1994 ג.ד. בעמ,,,"י""ח",350,"ל מ""ל",false,1,11.90,3.40,false,1,
7290016998238,false,כרוב לבן קצוץ נטורזה,ביכורי השדה צפון 1994 ג.ד. בעמ,,,"י""ח",400,ל גרם,false,1,9.90,2.48,false,1,
7290016998276,false,גזר חתוך דק נטורזה 2,ביכורי השדה צפון 1994 ג.ד. בעמ,,,"י""ח",250,ל גרם,false,1,8.90,3.56,false,1,
7290017004433,false,7290017004433פתי בר 500גר פינטולה,2121 ייבוא וסחר,,,"י""ח",5,"ק""ג",false,1,8.90,1.78,true,1,
7290017004457,false,תירוש ענבים 100% זהב ליטר,יקבי הכורמים (תשלח) בעמ ~~~,,,"י""ח",1,ליטר,false,1,17.90,17.90,true,1,
7290017004785,false,פסטה קרניים 500גר פנטולה,מ.ר. ניאוברנד בעמ,,,"י""ח",500,ל גרם,false,1,4.90,0.98,true,1,
7290017004792,false,פסטה פנה 500גר פנטולה,מ.ר. ניאוברנד בעמ,,,"י""ח",500,ל גרם,false,1,4.90,0.98,true,1,
7290017004808,false,פסטה פוזילי 500גר פנטולה,מ.ר. ניאוברנד בעמ,,,"י""ח",500,ל גרם,false,1,4.90,0.98,true,1,
7290017004815,false,ספגטי 500גר פנטולה,מ.ר. ניאוברנד בעמ,,,"י""ח",500,ל גרם,false,1,4.90,0.98,true,1,
7290017004839,false,"פתי בר 1.75ק""ג פנטולה",2121 ייבוא וסחר,,,"י""ח",1.75,"ק""ג",false,1,23.90,13.66,true,1,
7290017004877,false,טחינה גולמית 500ג מחנה יהודה,"אחדות בע""מ",,,"י""ח",500,ל גרם,false,1,14.90,2.98,true,1,
7290017023212,false,"שוויפס מוגז פירות תפוח מארז רביעייה* 330 מ""ל",יפאורה שותפות מוגבלת לשיווק,,,"י""ח",1.32,ליטר,false,1,14.70,10.23,true,1,
7290017023229,false,רביעיית פחיות שוופס מוגז פירות תות ליים 330 מל.,יפאורה שותפות מוגבלת לשיווק,,,"י""ח",1.32,ליטר,false,1,14.70,10.23,true,1,
7290017023236,false,רביעיית פחיות שוופס מוגז פירות ענבים 330 מל.,יפאורה שותפות מוגבלת לשיווק,,,"י""ח",1.32,ליטר,false,1,14.70,10.23,true,1,
7290017023663,false,"שוופס מיץ פירות לימונייד פחית מארז 330X4מ""ל",יפאורה שותפות מוגבלת לשיווק,,,"י""ח",1.32,ליטר,false,1,14.70,10.23,true,1,
7290017023823,false,"רביעיית ספרינג 250 מ""ל תות בננה",יפאורה שותפות מוגבלת לשיווק,,,"י""ח",1,ליטר,false,1,12.90,12.90,true,1,
7290017023861,false,סודה בטעם לימון בקבוקים אישיים - מארז 4 יח',יפאורה שותפות מוגבלת לשיווק,,,"י""ח",1,ליטר,false,1,13.10,13.10,true,1,
7290017023878,false,סודה בטעם נענע ליים בקבוקים אישיים - מארז 4 יח',יפאורה שותפות מוגבלת לשיווק,,,"י""ח",1,ליטר,false,1,13.10,13.10,true,1,
7290017023960,false,"ספרינג פירות טרופים 250 מ""ל בקבוק",יפאורה שותפות מוגבלת לשיווק,,,"י""ח",220,"ל מ""ל",false,1,4.20,1.77,false,1,
7290017040035,false,דונאטס מיני מארז 2 טעמים( 8 יח)קרטונית,בלדי בע`מ,,,"י""ח",100,ל גרם,false,1,19.90,19.90,false,1,
7290017044019,false,מגבונים אסותא בדלי עיסא ערטול) (400,עיסא ערטול בעמ-סוכן הנקל סוד,,,"י""ח",400,"י""ח",false,1,19.90,0.05,false,1,
7290017044293,false,מטליות לחות לרצפה אסותא 50 יח בדלי,עיסא ערטול בעמ-סוכן הנקל סוד,,,"י""ח",50,"י""ח",false,1,29.90,0.60,false,1,
7290017044682,false,אמה דלי מגבונים לניקוי כללי,עיסא ערטול בעמ-סוכן הנקל סוד,,,"י""ח",1,"י""ח",false,1,17.90,17.90,true,1,
7290017062679,false,מרכך כביסה מרוכז צהוב 1 5 Xל טאצ,סאסאטק אגשח בעמ,,,"י""ח",1,ליטר,false,1,13.90,13.90,true,1,
7290017062686,false,מרכך כביסה מרוכז בייבי 1 ל`טאצ`.,סאסאטק אגשח בעמ,,,"י""ח",1,ליטר,false,1,13.90,13.90,true,1,
7290017062693,false,מרכך כביסה מרוכז לבן 1*5 ליטר טאצ,סאסאטק אגשח בעמ,,,"י""ח",1,ליטר,false,1,13.90,13.90,true,1,
7290017062716,false,מרכך כביסה מרוכז ורוד 1 ל`טאצ`.,סאסאטק אגשח בעמ,,,"י""ח",1,ליטר,false,1,13.90,13.90,true,1,
7290017062723,false,מרכך כביסה מרוכז ירוק 1*5 ליטר טאצ,סאסאטק אגשח בעמ,,,"י""ח",1,ליטר,false,1,13.90,13.90,true,1,
7290017062730,false,"נוזל כלים לבנדר 36% 750 מ""ל טא'צ+משאבה",סאסאטק אגשח בעמ,,,"י""ח",750,"ל מ""ל",false,1,10.90,1.45,true,1,
7290017062747,false,נוזל כלים תפוח (36% 750 מל)+משאבה טאצ,סאסאטק אגשח בעמ,,,"י""ח",750,"ל מ""ל",false,1,10.90,1.45,true,1,
7290017062754,false,נוזל כלים לימון (36% 750 מל)+משאבה טא,סאסאטק אגשח בעמ,,,"י""ח",750,"ל מ""ל",false,1,10.90,1.45,true,1,
7290017065137,false,ריקוטה למריחה 5% טבעית 200 גר`מחלבות גד,מחלבות גד שיווק 1992 בעמ,,,"י""ח",200,ל גרם,false,1,8.90,4.45,false,1,
7290017065144,false,ריקוטה למריחה בתוספת בזיליקום 5% גד 200 גם,מחלבות גד שיווק 1992 בעמ,,,"י""ח",200,ל גרם,false,1,10.20,5.10,false,1,
7290017065168,false,גבינה כחולה denish blue cheese 100 גרם,מחלבות גד שיווק 1992 בעמ,,,"י""ח",100,ל גרם,false,1,17,17,false,1,
7290017065212,false,גבינת קרם מסקרפונה מחלבות גד 250 גר,מחלבות גד שיווק 1992 בעמ,,,"י""ח",250,ל גרם,false,1,15,6,false,1,
7290017065434,false,גבינה גאודה פרוסה הולנדית 200 גר',מחלבות גד שיווק 1992 בעמ,,,"י""ח",200,ל גרם,false,1,22.90,11.45,false,1,
7290017065731,false,גבינת שמנת 30% ניו יורק +כמהין 200 גרם רבנות,מחלבות גד שיווק 1992 בעמ,,,"י""ח",200,ל גרם,false,1,12.90,6.45,false,1,
7290017068015,false,סוכריות ג'לי לחנוכה מארז 200ג',מיה תעשיות מזון מ.ת.מ בעמ,,,"י""ח",200,ל גרם,false,1,9.90,4.95,true,1,
7290017068350,false,עדשים שחורות בלוגה מיה 500 גרם,מיה תעשיות מזון מ.ת.מ בעמ,,,"י""ח",500,ל גרם,false,1,8.90,1.78,true,1,
7290017068367,false,שמרים בוואקום 125 גרם,מיה תעשיות מזון מ.ת.מ בעמ,,,"י""ח",125,ל גרם,false,1,3.90,3.12,false,1,
7290017068374,false,שמרים יבשים בואקום מיה 500 גרם,מיה תעשיות מזון מ.ת.מ. בעמ,,,"י""ח",500,ל גרם,false,1,11.90,2.38,false,1,
7290017068848,false,סוכריות קישוט לעוגה צבעוני 200 גר`` צנצ,מיה תעשיות מזון מ.ת.מ. בעמ,,,"י""ח",200,ל גרם,false,1,8.90,4.45,false,1,
7290017068855,false,סוכריות קישוט לעוגה בטעם שוקולד 200 גרם מיה,מיה תעשיות מזון מ.ת.מ. בעמ,,,"י""ח",200,ל גרם,false,1,8.90,4.45,false,1,
7290017068862,false,חמאת בוטנים קראנץ' מיה 510 גרם,מיה תעשיות מזון מ.ת.מ בעמ,,,"י""ח",510,ל גרם,false,1,9.90,1.94,false,1,
7290017068923,false,סוכריות ג`לי בינס קרנבל 375גר,מיה תעשיות מזון מ.ת.מ. בעמ,,,"י""ח",375,ל גרם,false,1,14.90,3.97,true,1,
7290017068978,false,שיבולת שועל מלאה להכנה מהירה 500 גר בזיפ,מיה תעשיות מזון מ.ת.מ. בעמ,,,"י""ח",500,ל גרם,false,1,10,2,true,1,
7290017079677,false,שוקולד חלב 270 גרם טעמן,טעמן שווק מזון בעמ,,,"י""ח",270,ל גרם,false,1,11.90,4.41,false,1,
7290017079691,false,שוקולד חלב עם אגוזים 270 גרם טעמן,טעמן שווק מזון בעמ,,,"י""ח",270,ל גרם,false,1,11.90,4.41,false,1,
7290017088051,false,בייביסיטר - חיתולי סטנדרט מידה 3 - 52 יח',די.פי.אל תעשיות מוצרים ח,,,"י""ח",1,,false,1,34.90,34.90,true,1,
7290017088068,false,בייביסיטר - חיתולי סטנדרט מידה 4 - 42 יח',די.פי.אל תעשיות מוצרים ח,,,"י""ח",1,,false,1,34.90,34.90,true,1,
7290017088075,false,בייביסיטר - חיתולי סטנדרט מידה 4+ - 40 יח',די.פי.אל תעשיות מוצרים ח,,,"י""ח",1,,false,1,34.90,34.90,true,1,
7290017088082,false,בייביסיטר - חיתולי סטנדרט מידה 5 - 36 יח',די.פי.אל תעשיות מוצרים ח,,,"י""ח",1,,false,1,34.90,34.90,true,1,
7290017088327,false,רבעיית מגבונים בייביסיטר אקסטרא סופט ללא בישום 64 יחידות,די.פי.אל בעמ,,,"י""ח",1,,false,1,15.90,15.90,true,1,
7290017088501,false,תחבושות טופ פד אקסטרה לונג 20 יח',שקד תבל בעמ,,,"י""ח",20,"י""ח",false,1,9.90,0.50,true,1,
7290017088631,false,רבעיית מגבונים תולי ללא בישום 72*4 יחידות,שקד תבל בעמ,,,"י""ח",4,"י""ח",false,1,12.90,3.23,true,1,
7290017088914,false,מגבונים בייביסיטר מבושם מארז שישייה,שקד תבל בעמ,,,"י""ח",1,,false,1,19.90,19.90,true,1,
7290017088969,false,חיתולי בייביסיטר ניו בורן מידה 1 42 יח',די.פי.אל תעשיות מוצרים ח,,,"י""ח",42,"י""ח",false,1,29.90,0.71,true,1,
7290017094847,false,סלט תפוחי אדמה אסלי שמיר 400 ג',"סלטי שמיר 2006 בע""מ",,,"י""ח",400,ל גרם,false,1,10.90,2.73,true,1,
7290017094861,false,חומוס עם רוטב מסבחה אסלי שמיר 400 ג',"סלטי שמיר 2006 בע""מ",,,"י""ח",400,ל גרם,false,1,9.90,2.48,true,1,
7290017100395,false,"כפפות לטקס 100 יחי' S כשלפ עד""ח פרפקט",ח.כהן סוכנות מזון ומשקאות בע,,,"י""ח",100,"י""ח",false,1,19.90,0.20,true,1,
7290017100401,false,"כפפות לטקס 100 יחי' M כשלפ עד""ח פרפקט",ח.כהן סוכנות מזון ומשקאות בע,,,"י""ח",100,"י""ח",false,1,19.90,0.20,true,1,
7290017100418,false,"כפפות לטקס 100 יחי' L כשלפ עד""ח פרפקט",ח.כהן סוכנות מזון ומשקאות בע,,,"י""ח",100,"י""ח",false,1,19.90,0.20,true,1,
7290017105079,false,שעועית לבנה ברוטב עגבניות יכין הקטניה הט,היינץ צפון אמריקה מק,,,"י""ח",200,ל גרם,false,1,4.30,2.15,true,1,
7290017105116,false,תורמוס הקטניה הטובה יכין 200/105 גרם,"זנלכל בע""\מ",,,"י""ח",200,ל גרם,false,1,4.30,2.15,true,1,
7290017105253,false,מתבל עגבניות 740 גרם יכין,"זנלכל בע""מ",,,"י""ח",740,ל גרם,false,1,9.90,1.34,true,1,
7290017105383,false,מארז גרעיני תירס קידס מתוק יכין,זנלכל בעמ,,,"י""ח",600,ל גרם,false,1,14.90,2.48,false,1,
7290017106069,false,"קוביות סלק יכין, 550 גרם",היינץ צפון אמריקה מק,,,"י""ח",550,ל גרם,false,1,9.90,1.80,false,1,
7290017121048,false,"פלפל צ'ומה 250 גרם ""עללחם""",שטראוס גרופ בעמ/מצונן,,,"י""ח",250,ל גרם,false,1,13.90,5.56,true,1,
7290017129495,false,אגו מיקס כדורי תירס מצופים שוקולד חלב כרמית 55 גרם,כרמית תעשיות ממתקים בעמ,,,"י""ח",55,ל גרם,false,1,3.90,7.09,true,1,
7290017129501,false,אגו מיקס כדורי תירס מצופים שוקולד לבן כרמית 55 גרם,כרמית תעשיות ממתקים בעמ,,,"י""ח",55,ל גרם,false,1,3.90,7.09,true,1,
7290017129518,false,אגו מיקס כדורי תירס מצופים שוקולד חלב ולבן כרמית 55 גרם,כרמית תעשיות ממתקים בעמ,,,"י""ח",55,ל גרם,false,1,3.90,7.09,true,1,
7290017129532,false,סוכריות לקקן תות 90 גרם כרמית,כרמית תעשיות ממתקים בעמ,,,"י""ח",90,ל גרם,false,1,5.90,6.56,true,1,
7290017129754,false,"שוקולד מריר מעולה 70% מוצקי קקאו 100 גר בד""ץ",כרמית תעשיות ממתקים בעמ,,,"י""ח",100,ל גרם,false,1,7.90,7.90,true,1,
7290017129761,false,שוקולד פרימיום 70% מריר בטעם תפוז כרמית 100 גרם,"כרמית תעשיות ממתקים בע""\",,,"י""ח",100,ל גרם,false,1,7.90,7.90,true,1,
7290017129822,false,מטבעות שוקולד מריר 36 גרם כרמית,כרמית תעשיות ממתקים בעמ,,,"י""ח",36,ל גרם,false,1,3.90,10.83,true,1,
7290017129839,false,שוקולד פרימיום 70% מריר בטעם פטל כרמית 100 גרם,כרמית תעשיות ממתקים בעמ,,,"י""ח",100,ל גרם,false,1,7.90,7.90,true,1,
7290017129884,false,חמישיות שוקולד מריר 44% 85 גר*5*12 בקרטון,"כרמית תעשיות ממתקים בע""\",,,"י""ח",85,ל גרם,false,1,16.90,19.88,true,1,
7290017142005,false,"שמן קוקוס אורגני עץ הזית צנצנת 320מ""ל",סוגת תעשיות בעמ,,,"י""ח",320,"ל מ""ל",false,1,25.90,8.09,false,1,
7290017142128,false,"שמן זית כתית מעולה קלאסי עץ הזית 750 מ""ל",סוגת תעשיות בעמ,,,"י""ח",750,"ל מ""ל",false,1,30.90,4.12,true,1,
7290017142180,false,פילה טונה בשמן זית בטעם לימון עם פלפל שחור 120 ג',"יוניקורד ח.צ בע""מ",,,"י""ח",120,ל גרם,false,1,14.90,12.42,false,1,
7290017142203,false,"פילה טונה פרוס עם שמן זית בטעם מעושן 120 גרם ""עץ הזית""","יוניקורד ח.צ בע""מ",,,"י""ח",120,ל גרם,false,1,14.90,12.42,false,1,
7290017189253,false,קרפ אפוי קפוא 600 גר`woops,קפוא-זן תעשיות מזון בעמ - תפוג,,,"י""ח",600,ל גרם,false,1,19.90,3.32,false,1,
7290017217031,false,נובי שלישיית כפיות מסיליקון רך,אינטרסן (1996) בעמ,,,"י""ח",1,,false,1,24.90,24.90,false,1,
7290017217307,false,נרות חימום ריחניים בניחות ורדים 50יח',אינטרסן (1996) בעמ,,,"י""ח",50,"י""ח",false,1,13.90,0.28,false,1,
7290017217468,false,שקיות אוכל מנייר הוסט 50 יח',אינטרסן (1996) בעמ,,,"י""ח",50,"י""ח",false,1,6.90,0.14,false,1,
7290017217550,false,נשכן קור מחזיק מפתחות,אינטרסן (1996) בעמ,,,"י""ח",1,,false,1,29.90,29.90,false,1,
7290017217598,false,גלילי עץ אקולוגיים להדלקת פחם 300 ג' EASY LIGHT,אינטרסן (1996) בעמ,,,"י""ח",300,ל גרם,false,1,14.90,4.97,false,1,
7290017217796,false,אטב מקושט עם אחיזה רכה 24 יחידות,אינטרסן (1996) בעמ,,,"י""ח",24,"י""ח",false,1,11.90,0.50,false,1,
7290017252636,false,"עוגת דבש 270 גרם ""עוגלה""",בני פאוזי שמשום (2009) בעמ,,,"י""ח",270,ל גרם,false,1,5.90,2.19,false,1,
7290017266046,false,מארז וופל קראנצ' אישי 30 יחידות עלמה,ח.כהן סוכנות מזון ומשקאות בע,,,"י""ח",30,"י""ח",false,1,18.90,0.63,false,1,
7290017266053,false,"וופל עלמה לל""ס במילוי קרם טעם לימון 175 גר",ח.כהן סוכנות מזון ומשקאות בע,,,"י""ח",175,ל גרם,false,1,7.90,4.51,false,1,
7290017266060,false,וופל קראנצ`מילוי קרם בטעם שוקולד 175 גר,ח.כהן סוכנות מזון ומשקאות בע,,,"י""ח",175,ל גרם,false,1,7.90,4.51,false,1,
7290017266343,false,וופל קראנץ במילוי קרם שוקולד 150 גרם,ח.כהן סוכנות מזון ומשקאות בע,,,"י""ח",15,ל גרם,false,1,3.20,21.33,false,1,
7290017266909,false,וופלים מעולים במילוי קרם בטעם שוקולד SUNי 200 גרם,ח.כהן סוכנות מזון ומשקאות בע,,,"י""ח",200,ל גרם,false,1,4.90,2.45,false,1,
7290017266916,false,וופלים מעולים במילוי קרם בטעם לימון SUNי 200 גרם,ח.כהן סוכנות מזון ומשקאות בע,,,"י""ח",200,ל גרם,false,1,4.90,2.45,false,1,
7290017275741,false,חלוה עם אגוזי לוז במגש 400 גרם אחווה,אחדות ביתחרושת לטחינה חלבה,,,"י""ח",400,ל גרם,false,1,12.90,3.23,false,1,
7290017289175,false,"יין ישראלי פטיט סירה אפרת 750 מ""ל",יקב טפרברג 1870 בעמ (יינות ומש,,,"י""ח",750,"ל מ""ל",false,1,21.90,2.88,false,1,
7290017289618,false,"יין IMPRESSION פטיט סירה 150 שנה טפרברג 750 מ""ל",יקב טפרברג 1870 בעמ (יינות ומש,,,"י""ח",750,"ל מ""ל",false,1,49.90,6.61,true,1,
7290017297149,false,גרגירי חומוס להכנת חומוס ביתי פרי הגליל 550 גרם,ויטה- פרי גליל (החדשה) בעמ,,,"י""ח",550,ל גרם,false,1,7.90,1.44,true,1,
7290017297156,false,"צ יפס עם קליפה 1.5 ק""ג פרי הגליל",ויטה- פרי גליל (החדשה) בעמ,,,"י""ח",1.50,"ק""ג",false,1,21.90,14.60,true,1,
7290017297323,false,רוטב עגבניות מרוכז 22% טל וטרי 100 גרם,ויטה- פרי גליל (החדשה) בעמ,,,"י""ח",100,ל גרם,false,1,1.90,1.90,true,1,
7290017297330,false,"טל רוטב עגבניות מרוכז, 240 גרם",ויטה פרי גליל (החדשה) בע`מ,,,"י""ח",600,ל גרם,false,1,3.90,0.65,true,1,
7290017297392,false,תירס קפוא פרי אדמה 800ג,לפ ויטה פרי גליל (החדשה) בעמ,,,"י""ח",800,ל גרם,false,1,14.90,1.86,true,1,
7290017297408,false,אפונה עדינה קפואה פרי אדמה 600ג,ויטה פרי גליל (החדשה) בעמ,,,"י""ח",600,ל גרם,false,1,14.90,2.48,true,1,
7290017297415,false,אפונה קפואה פרי אדמה 800ג.,לפ ויטה פרי גליל (החדשה) בעמ,,,"י""ח",800,ל גרם,false,1,14.90,1.86,true,1,
7290017297422,false,אפונה וגזר קפוא פרי אדמה 800ג,לפ ויטה פרי גליל (החדשה) בעמ,,,"י""ח",800,ל גרם,false,1,14.90,1.86,true,1,
7290017297439,false,שעועית ירוקה פרי אדמה 800ג,לפ ויטה פרי גליל (החדשה) בעמ,,,"י""ח",800,ל גרם,false,1,14.90,1.86,true,1,
7290017297453,false,שעועית שלמה קפואה פרי אדמה 800ג,לפ ויטה פרי גליל (החדשה) בעמ,,,"י""ח",800,ל גרם,false,1,14.90,1.86,true,1,
7290017297477,false,פול קפוא פרי אדמה 800ג,ויטה פרי גליל (החדשה) בעמ,,,"י""ח",800,ל גרם,false,1,14.90,1.86,true,1,
7290017297484,false,שעועית אדומה פרי אדמה 800ג,ויטה פרי גליל (החדשה) בעמ,,,"י""ח",800,ל גרם,false,1,16.90,2.11,true,1,
7290017297491,false,חומוס פרי אדמה 800ג,ויטה פרי גליל (החדשה) בעמ,,,"י""ח",800,ל גרם,false,1,14.90,1.86,true,1,
7290017297507,false,גזר גמדי פרי אדמה 800ג,לפ ויטה פרי גליל (החדשה) בעמ,,,"י""ח",800,ל גרם,false,1,14.90,1.86,true,1,
7290017297514,false,לקט ירק מעורב פרי אדמה 700ג,לפ ויטה פרי גליל (החדשה) בעמ,,,"י""ח",700,ל גרם,false,1,14.90,2.13,true,1,
7290017297521,false,ברוקולי פרי אדמה 800ג,ויטה פרי גליל (החדשה) בעמ,,,"י""ח",800,ל גרם,false,1,19.90,2.49,true,1,
7290017297538,false,כרובית פרי אדמה 800ג,ויטה פרי גליל (החדשה) בעמ,,,"י""ח",800,ל גרם,false,1,14.90,1.86,true,1,
7290017297552,false,במיה פרי אדמה 600ג,לפ ויטה פרי גליל (החדשה) בעמ,,,"י""ח",600,ל גרם,false,1,14.90,2.48,true,1,
7290017297583,false,"ציפס 2ק""ג קפוא פרי אדמה.",לפ ויטה פרי גליל (החדשה) בעמ,,,"י""ח",2,"ק""ג",false,1,24.90,12.45,true,1,
7290017297590,false,"ציפס זיגזג 2ק""ג קפוא פרי אדמה",לפ ויטה פרי גליל (החדשה) בעמ,,,"י""ח",2,"ק""ג",false,1,24.90,12.45,true,1,
7290017297606,false,"ציפס אמריקאי 2ק""ג קפוא פרי אדמה",לפ ויטה פרי גליל (החדשה) בעמ,,,"י""ח",2,"ק""ג",false,1,24.90,12.45,true,1,
7290017297613,false,"סטייק ציפס 2ק""ג קפוא פרי אדמה",לפ ויטה פרי גליל (החדשה) בעמ,,,"י""ח",2,"ק""ג",false,1,24.90,12.45,true,1,
7290017297620,false,רסק עגבניות A2 BX22 טל וטרי 570 גר',ויטה- פרי גליל (החדשה) בעמ,,,"י""ח",600,ל גרם,false,1,5.90,0.98,false,1,
7290017297729,false,גזר ננסי פרי אדמה 800ג,לפ ויטה פרי גליל (החדשה) בעמ,,,"י""ח",800,ל גרם,false,1,14.90,1.86,true,1,
7290017440965,false,אל סבון היגייני לניקוי יסודי ולהזנת העור clean & nourish,פישר תעשיות פרמבצטיות בעמ,,,"י""ח",1,ליטר,false,1,15.90,15.90,true,1,
7290017457581,false,"סוד מרכך כביסה מרוכז קוקוס 900 מ""ל",גורי שיווק בעמ,,,"י""ח",90,"ל מ""ל",false,1,11.90,13.22,true,1,
7290017457598,false,"מרכך כביסה סוד מרוכז סאמר בלוסום 900 מ""ל",גורי שיווק בעמ,,,"י""ח",90,"ל מ""ל",false,1,11.90,13.22,true,1,
7290017457727,false,"סוד כחול מרכך כביסה מרוכז20%+בישום 900 מ""ל",גורי שיווק בעמ,,,"י""ח",90,"ל מ""ל",false,1,11.90,13.22,true,1,
7290017457734,false,"סוד ורוד מרכך כביסה מרוכז20%+בישום 900 מ""ל",גורי שיווק בעמ,,,"י""ח",90,"ל מ""ל",false,1,11.90,13.22,true,1,
7290017457932,false,סוד מרכך כביסה מרוכז פרש קונטרול כחול,גורי שיווק בעמ,,,"י""ח",90,"ל מ""ל",false,1,11.90,13.22,true,1,
7290017477299,false,תערובת געלה שקדיה 20,דין שיווק וקליה 2021 בעמ,,,"י""ח",200,ל גרם,false,1,8.90,4.45,false,1,
7290017477367,false,מטבעות שוקולד לבן לאפיה שקדיה 300 גרם,דין שיווק וקליה 2021 בעמ,,,"י""ח",300,ל גרם,false,1,13.90,4.63,false,1,
7290017477381,false,מטבעות שוקולד מריר 45% לאפיה שקדיה 300 גרם,דין שיווק וקליה 2021 בעמ,,,"י""ח",300,ל גרם,false,1,13.90,4.63,false,1,
7290017504001,false,פטריות שמפיניון ארוז,ביכורי השדה צפון 1994 ג.ד. בעמ,,,"י""ח",1,,false,1,10.90,10.90,true,1,
7290017504032,false,זוג פטריות שמפניון ו,ביכורי השדה צפון 1994 ג.ד. בעמ,,,"י""ח",1,,false,1,18.90,18.90,false,1,
7290017513775,false,פליפז בייגלה מצופה שוקולד חלב מקוויטיס 140 גרם,תה ויסוצקי (ישראל) בעמ,,,"י""ח",140,ל גרם,false,1,8.90,6.36,true,1,
7290017513782,false,פליפז בייגלה מצופה שוקולד מריר מקוויטיס 140 גרם,תה ויסוצקי (ישראל) בעמ,,,"י""ח",140,ל גרם,false,1,8.90,6.36,true,1,
7290017513867,false,תה ירוק לימונית ולואיזה סתוספת ויטמינים ויסוצקי 25 יחידות,תה ויסוצקי (ישראל) בעמ,,,"י""ח",37.50,ל גרם,false,1,24.90,66.40,true,1,
7290017586007,false,גזר ארוז,ביכורי השדה צפון 1994 ג.ד. בעמ,,,"ק""ג",1,"ק""ג",true,1,3.90,3.90,false,1,
7290017595016,false,זוג כוסיות קריסטל + גומי שלהבת,צבע ומכחול (2014) בעמ,,,"י""ח",1,,false,1,15.90,15.90,false,1,
7290017599250,false,סוכרזית קלאסי 120 גר`שקיות,שטראוס גרופ בע`מ,,,"י""ח",100,"י""ח",false,1,16.90,0.17,true,1,
7290017599274,false,סוכרזית סטיוויה 120שקיות 100גרם,"שטראוס גרופ בע""מ",,,"י""ח",100,ל גרם,false,1,34.90,34.90,true,1,
7290017599281,false,סוכרזית סטיוויה פלוס 100שקיות,"שטראוס גרופ בע""מ",,,"י""ח",100,ל גרם,false,1,35.90,35.90,true,1,
7290017599304,false,סוכרזית מהטבע סטיוויה כפית לכפית 400 גרם,שטראוס גרופ בע`מ,,,"י""ח",400,"י""ח",false,1,35.90,0.09,true,1,
7290017599359,false,סוכרזית קלאסי כפית לכפית 400גר,"שטראוס גרופ בע""מ",,,"י""ח",400,ל גרם,false,1,29.90,7.48,true,1,
7290017617411,false,סטארקיסט מיקס סלמון עם אורז מלא וירקות 160 גרם,דיפלומט מפיצים (1968) בעמ**,,,"י""ח",80,ל גרם,false,1,14.90,18.63,false,1,
7290017617428,false,סטארקיסט מיקס סלמון עם פסטה ברוטב עגבניות 160 גרם,דיפלומט מפיצים (1968) בעמ**,,,"י""ח",80,ל גרם,false,1,14.90,18.63,false,1,
7290017617435,false,סטארקיסט מיקס סלמון עם עדשים קינואה וירק 160 גרם,דיפלומט מפיצים (1968) בעמ**,,,"י""ח",80,ל גרם,false,1,14.90,18.63,false,1,
7290017637532,false,שמפו לשיער בלונד בהיר מיקי בוגנים 500 מל,סאסאטק אגשח בעמ - סאסא MB,,,"י""ח",500,"ל מ""ל",false,1,39.90,7.98,false,1,
7290017637549,false,מרכך לשיער בלונד בהיר מיקי בוגנים 500 מל,סאסאטק אגשח בעמ - סאסא MB,,,"י""ח",500,"ל מ""ל",false,1,39.90,7.98,false,1,
7290017637655,false,שמפו קרטין ללא מלח מיקי בוגנים 500 מל,סאסאטק אגשח בעמ - סאסא MB,,,"י""ח",500,"ל מ""ל",false,1,29.90,5.98,false,1,
7290017641102,false,שוקולד פרימיום 70% ללא סוכר בטעם תפוז 100 גרם,כרמית תעשיות ממתקים בעמ,,,"י""ח",100,ל גרם,false,1,8.90,8.90,true,1,
7290017641188,false,קרקר עם שיפון מלא וסלק כרמית 130 גרם,כרמית תעשיות ממתקים בעמ,,,"י""ח",130,ל גרם,false,1,6.90,5.31,true,1,
7290017641379,false,חמישיות שוקולד חלב בדצ 85 ג*5 בלמינט*12 בקרט בדצ,כרמית תעשיות ממתקים בעמ,,,"י""ח",85,ל גרם,false,1,16.90,19.88,true,1,
7290017641515,false,"כדורים פריכים מצופים שוקולד לבן 55 גר כשל""פ",כרמית תעשיות ממתקים בעמ,,,"י""ח",55,ל גרם,false,1,3.90,7.09,true,1,
7290017641720,false,שוקולד פרימיום 70% שברי שקד כרמית 100 גרם,כרמית תעשיות ממתקים בעמ,,,"י""ח",85,ל גרם,false,1,7.90,9.29,true,1,
7290017641799,false,טופי אצבעות בטעם תפוח כרמית 804 גרם,כרמית תעשיות ממתקים בעמ,,,"י""ח",804,ל גרם,false,1,19.90,2.48,false,1,
7290017647708,false,"רמת הגולן גמלא גוורצטרמינר, 750 מ""ל י יקב רמת הגולן",מיוצר וממולא על ידי יקב,,,"י""ח",750,"ל מ""ל",false,1,65.90,8.75,true,1,
7290017724027,false,עוגיות אלפחורס 300 גרם,הלל בן הלל שיווק ומסחר בעמ,,,"י""ח",300,ל גרם,false,1,23.90,7.97,false,1,
7290017724263,false,עוגיות בטוהבן ללא סוכר אקלר,הלל בן הלל שיווק ומסחר בעמ,,,"י""ח",300,ל גרם,false,1,23.90,7.97,false,1,
7290017724287,false,עוגיות אצבעות פקאן ללא סוכר אקלר,הלל בן הלל שיווק ומסחר בעמ,,,"י""ח",200,ל גרם,false,1,23.90,11.95,false,1,
7290017812571,false,מיץ ענבים תירוש אדום 100% טבעי כרמל 1 ליטר,אגודת הכורמים -כרמל מזרחי,,,"י""ח",1,ליטר,false,1,19.90,19.90,false,1,
7290017812588,false,מיץ ענבים תירוש לבן 100% טבעי כרמל 1 ליטר,אגודת הכורמים -כרמל מזרחי,,,"י""ח",1,ליטר,false,1,19.90,19.90,false,1,
7290017812861,false,יין לבש יבש ( 750 מל) וינו,אגודת הכורמים בעמ,,,"י""ח",750,"ל מ""ל",false,1,21,2.76,true,1,
7290017812977,false,"יין קריניאנו סלקטדאננס באז כרמל 750 מ""ל",אגודת הכורמים -כרמל מזרחי,,,"י""ח",750,"ל מ""ל",false,1,27.90,3.68,true,1,
7290017816111,false,פתי בר הכוסמין המקורי 220 גר`,גורי מוצרי צריכה (1991) בעמ,,,"י""ח",250,ל גרם,false,1,10.90,4.36,false,1,
7290017841106,false,מגש פיצוחים מחולק גדול 6 תאים שווה,ח.כהן סוכנות מזון ומשקאות בע,,,"י""ח",1,"י""ח",false,1,9.90,9.90,false,1,
7290017841144,false,קינוחיות פרח נפתח 20יח שווה,ח.כהן סוכנות מזון ומשקאות בע,,,"י""ח",30,"י""ח",false,1,9.90,0.33,false,1,
7290017841175,false,מגשית מתבלים מחולקת 10 יח שווה,ח.כהן סוכנות מזון ומשקאות בע,,,"י""ח",30,"י""ח",false,1,13.90,0.46,false,1,
7290017841380,false,מזלגות הגשה מוזהב 2 יח שווה* (50 קרט,ח.כהן סוכנות מזון ומשקאות בע,,,"י""ח",2,"י""ח",false,1,3.90,1.95,false,1,
7290017841496,false,נרונים 4 שעות 72 שווה,ח.כהן סוכנות מזון ומשקאות בע,,,"י""ח",1,"י""ח",false,1,24.90,24.90,false,1,
7290017841656,false,מטליות מיקרופייבר מקצועי *2 50/80 שוו,ח.כהן סוכנות מזון ומשקאות בע,,,"י""ח",2,"י""ח",false,1,17.90,8.95,false,1,
7290017841670,false,ספוג הפלא* 6 איכותי שווה* (24 בקר`).,ח.כהן סוכנות מזון ומשקאות בע,,,"י""ח",6,"י""ח",false,1,7.90,1.32,true,1,
7290017842004,false,תבניות+מכסים טוסר אובן שווה,ח.כהן סוכנות מזון ומשקאות בע,,,"י""ח",5,"י""ח",false,1,9.90,1.98,false,1,
7290017842110,false,"שקיות נייר מאוירות""שווה"" 50 יחידות*",ח.כהן סוכנות מזון ומשקאות בע,,,"י""ח",50,"י""ח",false,1,8.90,0.18,false,1,
7290017842127,false,"ניירות סנדויץ` מאוירים ""שווה"" 100 יח",ח.כהן סוכנות מזון ומשקאות בע,,,"י""ח",100,"י""ח",false,1,9.90,0.10,false,1,
7290017842141,false,"נייר אפייה איכותי אקולוגי, 40 יח ""שווה",ח.כהן סוכנות מזון ומשקאות בע,,,"י""ח",1,"י""ח",false,1,9.90,9.90,true,1,
7290017842158,false,נייר אפייה איכותי 40יח שווה,ח.כהן סוכנות מזון ומשקאות בע,,,"י""ח",1,"י""ח",false,1,9.90,9.90,true,1,
7290017842202,false,נייר טישו כיס מארז 10 יח` שווה,ח.כהן סוכנות מזון ומשקאות בע,,,"י""ח",1,,false,1,6.90,6.90,true,1,
7290017842226,false,פילה סרדין 125 ג בשמן צמחי ללא עור,ח.כהן סוכנות מזון ומשקאות בע,,,"י""ח",125,"ל מ""ל",false,1,5.90,4.72,true,1,
7290017842233,false,מקרל בשמן צמחי 125 גרם שווה,ח.כהן סוכנות מזון ומשקאות בע,,,"י""ח",125,"ל מ""ל",false,1,5.90,4.72,true,1,
7290017842240,false,אנשובי ארוך בפח בשמן זית שווה,ח.כהן סוכנות מזון ומשקאות בע,,,"י""ח",77,ל גרם,false,1,6.90,8.96,false,1,
7290017842257,false,אנשובי ארוך פח פלפל וצילי שווה 46 גרם,ח.כהן סוכנות מזון ומשקאות בע,,,"י""ח",1,,false,1,5.90,5.90,false,1,
7290017842448,false,"אננס שלם 227 ג ""שווה"" *",ח.כהן סוכנות מזון ומשקאות בע,,,"י""ח",227,ל גרם,false,1,4.90,2.16,false,1,
7290017842455,false,קוקטייל פירות A2 שווה* (24 בקרטון),ח.כהן סוכנות מזון ומשקאות בע,,,"י""ח",540,ל גרם,false,1,8.90,1.65,false,1,
7290017842493,false,"תירס גמדי 425 גרם ""שווה"" *",ח.כהן סוכנות מזון ומשקאות בע,,,"י""ח",425,"ל מ""ל",false,1,7.90,1.86,false,1,
7290017842530,false,שקיות אוכל ריץ רץ קטנות שווה 15 יחידות,ח.כהן סוכנות מזון ומשקאות בע,,,"י""ח",15,"י""ח",false,1,6.90,0.46,false,1,
7290017842547,false,"שקיות רב שימושיות ריץ`רץ 12 יח` ""שווה""",ח.כהן סוכנות מזון ומשקאות בע,,,"י""ח",15,"י""ח",false,1,8.90,0.59,false,1,
7290017842554,false,חמאת בוטנים קראנץ 510גר קלאסית שווה,ח.כהן סוכנות מזון ומשקאות בע,,,"י""ח",510,ל גרם,false,1,10.90,2.14,true,1,
7290017842578,false,"חמאת בוטנים בד""צ 510 טבעית ""שווה""",ח.כהן סוכנות מזון ומשקאות בע,,,"י""ח",510,ל גרם,false,1,10.90,2.14,true,1,
7290017842615,false,צלחת קטנה אריזת ענק 50 יח` מתכלה שווה,ח.כהן סוכנות מזון ומשקאות בע,,,"י""ח",1,,false,1,15.90,15.90,false,1,
7290017842622,false,צלחת גדולה אריזת ענק 50 יח`מתכלה שווה,ח.כהן סוכנות מזון ומשקאות בע,,,"י""ח",1,,false,1,24.90,24.90,false,1,
7290017842691,false,"מכסים לכוסות נייר גולד 9 ""שווה""",ח.כהן סוכנות מזון ומשקאות בע,,,"י""ח",1,,false,1,7.90,7.90,true,1,
7290017842783,false,קערית אובלית חושן מתכלה 20 יח,ח.כהן סוכנות מזון ומשקאות בע,,,"י""ח",20,"י""ח",false,1,8.90,0.45,false,1,
7290017842875,false,"מגשים אובלים בינוני מעלי דקל 5 יח""שוו",ח.כהן סוכנות מזון ומשקאות בע,,,"י""ח",1,,false,1,11.90,11.90,false,1,
7290017845203,false,שמפיניון ארוז א.א-מוגו,ביכורי השדה צפון 1994 ג.ד. בעמ,,,"י""ח",1,,false,1,10.90,10.90,true,1,
7290017864471,false,ביבי מיקס תקומה 250 גרם,ביכורי השדה צפון 1994 ג.ד. בעמ,,,"י""ח",250,ל גרם,false,1,14.90,5.96,false,1,
7290017864549,false,עלי רוקולה 250ג רמי לוי,ביכורי השדה צפון 1994 ג.ד. בעמ,,,"י""ח",250,ל גרם,false,1,15.90,6.36,false,1,
7290017871370,false,פמילי יהלום- סבון ידיים מועשר בשמן אבוקדו לניקוי וטיפוח עור הידיים,המאפיה של הרמן,,,"י""ח",500,"ל מ""ל",false,1,9.90,1.98,false,1,
7290017872193,false,טוסו עוגיות שקדים וקינמון ללא סוכר 200 גרם,"הגביע מוצרי וופלים בע""\מ",,,"י""ח",200,ל גרם,false,1,15.90,7.95,false,1,
7290017873015,false,גלילונית גופיה עם ידיות 30יח,דנשר (1963) בעמ,,,"י""ח",30,"י""ח",false,1,14.90,0.50,false,1,
7290017873039,false,מארז זוג שקיות לסנדוויץ גלילונית 2*160 יח',"קינג באג בע""מ",,,"י""ח",320,"י""ח",false,1,11.90,0.04,false,1,
7290017888026,false,"משקה אננס תפוח גזר פרות & ווג 350 מ""ל",יפאורה שותפות מוגבלת לשיווק,,,"י""ח",350,"ל מ""ל",false,1,7.50,2.06,true,1,
7290017888095,false,"רביעיית פחיות שוופס מוגז עדין פירות יער 330 מ""ל.",יפאורה שותפות מוגבלת לשיווק,,,"י""ח",1.32,ליטר,false,1,13.20,9.09,true,1,
7290017888101,false,"שוויפס מוגז עדין אפרסק מארז רביעייה* 330 מ""ל",יפאורה שותפות מוגבלת לשיווק,,,"י""ח",1.50,ליטר,false,1,13.20,8,true,1,
7290017888972,false,בקבוק מי עדן פקק ספורט 1 ליטר,יפאורה שותפות מוגבלת לשיווק,,,"י""ח",1,ליטר,false,1,3.90,3.90,false,1,
7290017917467,false,קמיל בלו סנסטי בשיבולת שועל אל סבון טיפולי לתינוק,"פישר תעשיות פרמבצטיות בע""מ",,,"י""ח",1,ליטר,false,1,32.90,32.90,true,1,
7290017917634,false,קמיל בלו סנס.שמפו ללא דמעות 750 מל א.זוג,פישר תעשיות פרמבצטיות בעמ,,,"י""ח",1,,false,1,29.90,29.90,false,1,
7290017917665,false,קמיל בלו סנסיטיב אל סבון עדין לתינוק,פישר תעשיות פרמבצטיות בעמ,,,"י""ח",1,,false,1,29.90,29.90,false,1,
7290017917764,false,"ד""ר פישר - אפקטיב קר קרם גוף מועשר בשמן ארגן 450 מ""ל",פישר תעשיות פרמבצטיות בעמ,,,"י""ח",450,"ל מ""ל",false,1,24.90,5.53,true,1,
7290017925554,false,"חמישיית בירה לאגר באדוויזר 5*330 מ""ל+כוס",הכרם משקאות חריפים בעמ,,,"י""ח",1.65,ליטר,false,1,24.90,14.18,true,1,
7290017928036,false,מאיר בייגל מקלות גריסיני שומשום 175 גרם,מאיר את בייגל,,,"י""ח",175,ל גרם,false,1,11.90,6.80,true,1,
7290017928043,false,מקלות גריסיני קראנץ' מלח מאיר בייגל 175 גרם,מאיר את בייגל,,,"י""ח",175,ל גרם,false,1,11.90,6.80,true,1,
7290017928098,false,בייגלה שטוח מלח 330 גר` מאיר בייגל,מאיר את בייגל,,,"י""ח",300,ל גרם,false,1,11.90,3.97,true,1,
7290017928616,false,בייגלה שטוחלה שומשום 300 גר` מאיר בייגל,מאיר את בייגל,,,"י""ח",300,ל גרם,false,1,11.90,3.97,true,1,
7290017928661,false,מאיר בייגל -סמאש-שבורים בטעם צ'דר 300 גרם,"דנשר (1963) בע,מ",,,"י""ח",300,"ל מ""ל",false,1,10.90,3.63,true,1,
7290017928685,false,בייגלה שמיניות מלוח מאיר בייגל 400 גרם.,מאיר את בייגל,,,"י""ח",330,ל גרם,false,1,12.90,3.91,true,1,
7290017946474,false,"הוואי תחליב רחצה סודות פולינזיה 700 מ""ל",טרופיקל דגיל בעמ,,,"י""ח",700,"ל מ""ל",false,1,10.90,1.56,false,1,
7290017946764,false,מנקה מכונת כביסה 150 גר K2R,גורי שיווק בעמ,,,"י""ח",150,ל גרם,false,1,21.90,14.60,false,1,
7290017947105,false,לחם אנג'ל בסגנון אמריקה 500 גרם,מאפיית שלמה א. אנג'\ל בע,,,"י""ח",500,ל גרם,false,1,13.90,2.78,false,1,
7290017947464,false,שמיניית פיתות כוסמין אנג'ל 8*50 גרם,מאפיית שלמה א.אנג'\ל בע\,,,"י""ח",8,"י""ח",false,1,14.90,1.86,true,1,
7290017947495,false,לחמניות כוסמין 6 יח(450 גר`)אנג`ל,"איטיליאן פוד, אס.פי.",,,"י""ח",450,ל גרם,false,1,14.90,3.31,false,1,
7290017947891,false,לחם אנג'ל כוסמין וחיטה מלאה 750 גרם,מאפיית שלמה א. אנג'\ל בע,,,"י""ח",750,ל גרם,false,1,15.90,2.12,false,1,
7290017947921,false,לחמניות המבורגר בסגנון אמריקאי מארז 6 יח',מאפיית שלמה א. אנג'\ל בע,,,"י""ח",450,ל גרם,false,1,12.90,2.87,false,1,
7290018023037,false,זיתים מתובלים צ'ימישום 215 גרם סבא חביב,בני פאוזי שמשום (2009) בעמ,,,"י""ח",215,ל גרם,false,1,9.90,4.60,true,1,
7290018071069,false,"משטחי החתלה מרופדים 60/60ס""מ",אינטרסן (1996) בעמ,,,"י""ח",1.50,מטר,false,1,16.90,11.27,false,1,
7290018071311,false,כיסוי ניילון עם גומי ניצמד 30 יחידות,אינטרסן (1996) בעמ,,,"י""ח",30,"י""ח",false,1,14.90,0.50,true,1,
7290018071533,false,נר נשמה 48 שעות בכוס זכוכית - נרות חסידים,אינטרסן (1996) בעמ,,,"י""ח",1,,false,1,5.90,5.90,false,1,
7290018071540,false,נר נשמה 72 שעות בכוס זכוכית - נרות חסידים,אינטרסן (1996) בעמ,,,"י""ח",1,,false,1,6.90,6.90,false,1,
7290018091074,false,בצק עוגיות שוקולד צ'יפס 300 גרם מעדנות,תנובה מרכז שיתופי לשיווק תוצרת,,,"י""ח",300,ל גרם,false,1,14.90,4.97,false,1,
7290018098561,false,"תערובת תות, בננה, תמר ואסאי מוקפאים 300 ג' פרי שייק",א.ג בחירה חכמה בעמ,,,"י""ח",300,"ל מ""ל",false,1,14.90,4.97,false,1,
7290018098653,false,מרק מינסטרונה ירוק מן הצומח 500גר,קפוא זן תעשיות מזון בעמ,,,"י""ח",500,ל גרם,false,1,16.90,3.38,false,1,
7290018131251,false,אקסטרים מטבע שוקולד לבן וליבת קרם עוגיות 115ג',נגה גלידות שותפות מוגבלת,,,"י""ח",1,,false,1,9,9,true,1,
7290018131879,false,אקסטרים טילון חלב בדצ מאגדת 6*72 גרם נסטלה,נגה גלידות שותפות מוגבלת,,,"י""ח",1,,false,1,35.90,35.90,false,1,
7290018132340,false,"מטרנה גולד בד""צ שלב 1 700 גר`",קבוצת אוסם סחר שותפות מוגבלת,,,"י""ח",700,ל גרם,false,1,74.90,10.70,true,1,
7290018156124,false,"אל סבון קמיל צבעוני ד""ר פישר שלישיה* 500 מ""ל","פישר תעשיות פרמבצטיות בע""מ",,,"י""ח",3,"י""ח",false,1,19.90,6.63,false,1,
7290018192658,false,מארז זוג פטריות פורטובלה ושמפיניון מרינה,קונס`-מרינה פטריות הגליל בעמ*ש,,,"י""ח",1,,false,1,19.90,19.90,false,1,
7290018194065,false,אורז בסמטי 1 קילו PRIMO,בני פאוזי שמשום (2009) בעמ,,,"י""ח",1,"ק""ג",false,1,9.90,9.90,false,1,
7290018194485,false,מארז מאפינס דוקולד עוגל'ה 6*40 גרם,בני פאוזי שמשום (2009) בעמ,,,"י""ח",240,ל גרם,false,1,5.90,2.46,false,1,
7290018194508,false,מארז מאפינס שוקו צ'יפס עוגל'ה 6*40 גרם,בני פאוזי שמשום (2009) בעמ,,,"י""ח",240,ל גרם,false,1,5.90,2.46,false,1,
7290018195178,false,שוקולד מריר 62% קקאו 100 גרם טעמן,אס.קיי ראיס אינטרנשי,,,"י""ח",100,ל גרם,false,1,4.90,4.90,false,1,
7290018195499,false,אבקת אפיה 100 גרם טעמן,טעמן שווק מזון בעמ,,,"י""ח",100,ל גרם,false,1,2.90,2.90,true,1,
7290018195505,false,סוכר וניל 100 גרם טעמן,טעמן שווק מזון בעמ,,,"י""ח",100,ל גרם,false,1,2.90,2.90,true,1,
7290018198056,false,"תפוגן קוביות תפוחי אדמה 1.5 ק""ג",קבוצת אוסם סחר שותפות מוגבלת,,,"י""ח",1.50,"ק""ג",false,1,24.90,16.60,false,1,
7290018198209,false,צ'יפס בטטה קראנצ'י תפוגן 500 גרם,קבוצת אוסם סחר שותפות מוגבלת,,,"י""ח",500,ל גרם,false,1,21.90,4.38,false,1,
7290018208472,false,"תמר מג`הול 1ק""ג מחנה יהודה.",א.מ. עישבי תיבול תקומה בעמ,,,"י""ח",1,"ק""ג",false,1,19.90,19.90,true,1,
7290018208489,false,תמר מג`הול 800גר פרימים מחנה יהודה,א.מ. עישבי תיבול תקומה בעמ,,,"י""ח",800,ל גרם,false,1,24.90,3.11,true,1,
7290018208496,false,תמר מג`הול 650גר סופר פרימים מחנה יהוד,"בכורי השדה צפון1994 ג.ד. בע""מ",,,"י""ח",650,ל גרם,false,1,24.90,3.83,true,1,
7290018213186,false,נייר אפייה שייני 50 יחידות,מ.א.ייצור ויבוא מטליות בעמ,,,"י""ח",1,,false,1,10.90,10.90,false,1,
7290018237281,false,עוף טוב נקניק סלמי ירדן 550 גר',קבוצת אוסם סחר-שות.מוגבלת,,,"י""ח",550,ל גרם,false,1,25.90,4.71,true,1,
7290018237410,false,עוף טוב פסטרמה במעשנה נתח שלם 8*300 גרם,קבוצת אוסם סחר-שות.מוגבלת,,,"י""ח",300,ל גרם,false,1,25.90,8.63,true,1,
7290018237908,false,עוף טוב נקניקיות עסיסיות למנגל 400 גרם,קבוצת אוסם סחר-שות.מוגבלת,,,"י""ח",400,ל גרם,false,1,16.90,4.23,true,1,
7290018282991,false,אסותא סבון ידיים קוביה נוסטלגיה,עיסא ערטול בעמ-סוכן הנקל סוד,,,"י""ח",500,"ל מ""ל",false,1,5.90,1.18,true,1,
7290018294000,false,"יין קינג דויד רוזה כרמל 750 מ""ל",אגודת הכורמים,,,"י""ח",750,"ל מ""ל",false,1,21.90,2.88,true,1,
7290018294208,false,"סלקטדאדום ישראלי יבש כרמל 750 מ""ל",אגודת הכורמים בעמ,,,"י""ח",750,"ל מ""ל",false,1,29.90,3.95,true,1,
7290018294352,false,"ארק יקבי כרמל 700 מ""",אגודת הכורמים -כרמל מזרחי,,,"י""ח",700,"ל מ""ל",false,1,59.90,8.51,true,1,
7290018333112,false,טופי אצבעות מיקס פירות כרמית 402 גרם,כרמית תעשיות ממתקים בעמ,,,"י""ח",402,ל גרם,false,1,11.90,2.96,false,1,
7290018333259,false,טופי בטעם תות כרמית 50 גרם,כרמית תעשיות ממתקים בעמ,,,"י""ח",50,ל גרם,false,1,1.50,3,true,1,
7290018333945,false,חטיף אגוזים רפאלס שקד ווניל בדצ 150 גר *12יח,כרמית תעשיות ממתקים בעמ,,,"י""ח",150,ל גרם,false,1,15.90,10.60,false,1,
7290018333952,false,חטיף אגוזים רפאלס וחמוציות בדצ 150 גר *12יח,כרמית תעשיות ממתקים בעמ,,,"י""ח",150,ל גרם,false,1,15.90,10.60,false,1,
7290018333969,false,חטיף גרנולה רפאלס שקדים וטחינה בדצ 150 גר *12יח,כרמית תעשיות ממתקים בעמ,,,"י""ח",150,ל גרם,false,1,15.90,10.60,false,1,
7290018333976,false,חטיף גרנולה רפאלס קשיו וקוקוס בדצ 150 גר *12יח,כרמית תעשיות ממתקים בעמ,,,"י""ח",150,ל גרם,false,1,15.90,10.60,false,1,
7290018343340,false,"ד""ר פישר - שמפו משקם לאחר החלקה ללא תוספת מלח 400 מ""ל",פישר תעשיות פרמבצטיות בעמ,,,"י""ח",400,"ל מ""ל",false,1,39.90,9.98,true,1,
7290018343357,false,"ד""ר פישר SMOOTH & REPAIR מרכך משקם לאחר החלקה או עיצוב בחום",פישר תעשיות פרמצבטיות בעמ,,,"י""ח",400,"ל מ""ל",false,1,39.90,9.98,true,1,
7290018359334,false,רכז עגבניות טבעי פריכוז שף יכין 580 גרם,זנלכל בעמ,,,"י""ח",580,ל גרם,false,1,11.90,2.05,false,1,
7290018359495,false,תירס מהשדה בלי תוספת סוכר יכין 550 גרם,היינץ צפון אמריקה מק,,,"י""ח",550,ל גרם,false,1,9.90,1.80,false,1,
7290018359518,false,תירס מהשדה בלי תוספת סוכר יכין מארז 200X3 גר',היינץ צפון אמריקה מק,,,"י""ח",600,ל גרם,false,1,14.90,2.48,false,1,
7290018359570,false,"שלישיית שעועית צ'ילי ""הקטניה הטובה"" יכין",זנלכל בעמ,,,"י""ח",600,ל גרם,false,1,12.90,2.15,true,1,
7290018359686,false,יכין חומוס גדול 550 גר A2,היינץ צפון אמריקה מק,,,"י""ח",520,ל גרם,false,1,9.90,1.90,false,1,
7290018359716,false,רוטב עגבניות פיצה טוסקנה 240 גרם יכין,"זנלכל בע""\מ",,,"י""ח",240,"ל מ""ל",false,1,5.50,2.29,false,1,
7290018359877,false,רסק עגבניות ליקופן טבעי 3*200גר יכין.,זנלכל בעמ,,,"י""ח",400,ל גרם,false,1,14.90,3.73,true,1,
7290018359952,false,רוטב עגבניות לפסטה יכין 400 גרם,זנלכול יכין,,,"י""ח",400,ל גרם,false,1,10.90,2.73,false,1,
7290018440070,false,תרכיז עגבניות בשפורפרת 28BX בלה איטליה 200 ג',תה ויסוצקי (ישראל) בעמ,,,"י""ח",200,ל גרם,false,1,8.90,4.45,false,1,
7290018440209,false,פליפז בייגלה בציפוי פאדג' לבן מקוויטיס 140 גרם,תה ויסוצקי (ישראל) בעמ,,,"י""ח",140,ל גרם,false,1,8.90,6.36,true,1,
7290018440223,false,תה צ'אי מסאלה 25 שקיקים ויסוצקי,תה ויסוצקי (ישראל) בעמ,,,"י""ח",25,"י""ח",false,1,19.90,0.80,true,1,
7290018440230,false,תה צ'אי ורדים 25 שקיקים ויסוצקי,תה ויסוצקי (ישראל) בעמ,,,"י""ח",25,"י""ח",false,1,19.90,0.80,true,1,
7290018440247,false,תה צ'אי שקדים0 25 שקיקים ויסוצקי,תה ויסוצקי (ישראל) בעמ,,,"י""ח",25,"י""ח",false,1,19.90,0.80,true,1,
7290018440254,false,תה צ'אי קרמל מלוח 25 שקיקים ויסוצקי,תה ויסוצקי (ישראל) בעמ,,,"י""ח",25,"י""ח",false,1,19.90,0.80,true,1,
7290018440438,false,Calvo טונה בשמן זית פתיחה קלה 3 * 65 גרם,תה ויסוצקי (ישראל) בעמ,,,"י""ח",195,ל גרם,false,1,25.90,13.28,true,1,
7290018440476,false,פליפז בייגלה מצופה בקרם עוגת גבינה ותותים מקוויטיס 140 גרם,תה ויסוצקי (ישראל) בעמ,,,"י""ח",140,ל גרם,false,1,8.90,6.36,true,1,
7290018440483,false,פליפז בייגלה מצופה בקרמל מלוח ושוקולד מקוויטיס 140 גרם,תה ויסוצקי (ישראל) בעמ,,,"י""ח",140,ל גרם,false,1,8.90,6.36,true,1,
7290018440490,false,סלט טונה קאלוו עם קוסקוס 150 גר,"קאלוו קונסרבס ס.ל.יו. ,",,,"י""ח",150,ל גרם,false,1,13.90,9.27,true,1,
7290018440513,false,סלט קליפורנייה קאלוו עם טונה 150 גר,"קאלוו קונסרבס ס.ל.יו. ,",,,"י""ח",150,ל גרם,false,1,13.90,9.27,true,1,
7290018443040,false,נבטים סיניים (בוסתן,ביכורי השדה צפון 1994 ג.ד. בעמ,,,"י""ח",1,,false,1,7.90,7.90,false,1,
7290018443057,false,נבטי חמניה ברכת קטיף,ביכורי השדה צפון 1994 ג.ד. בעמ,,,"י""ח",1,,false,1,8.90,8.90,false,1,
7290018443347,false,שמיר ברכת קטיף מצע מנותק ייבול נוכרי,ביכורי השדה צפון 1994 ג.ד. בעמ,,,"י""ח",1,,false,1,6.90,6.90,true,1,
7290018443354,false,נענע ברכת קטיף מצע מנותק ייבול נוכרי,ביכורי השדה צפון 1994 ג.ד. בעמ,,,"י""ח",1,,false,1,6.90,6.90,true,1,
7290018443712,false,כרובית ארוזה תקומה,ביכורי השדה צפון 1994 ג.ד. בעמ,,,"י""ח",1,"י""ח",false,1,10.90,10.90,false,1,
7290018443828,false,צמח חסה אייסברג,ביכורי השדה צפון 1994 ג.ד. בעמ,,,"י""ח",150,ל גרם,false,1,10.90,7.27,false,1,
7290018471029,false,"סודה בטעם לימון - מארז 6 בקבוקים 500 מ""ל",יפאורה שותפות מוגבלת לשיווק,,,"י""ח",300,"ל מ""ל",false,1,13.90,4.03,false,1,
7290018471180,false,משקה פרוט& ווג' אננס תפוח גזר 1 ליטר,יפאורה שותפות מוגבלת לשיווק,,,"י""ח",1,ליטר,false,1,12.90,12.90,false,1,
7290018471401,false,משקה פרוט& ווג' אננס בננה כורכום 1 ליטר,יפאורה שותפות מוגבלת לשיווק,,,"י""ח",1,ליטר,false,1,12.90,12.90,false,1,
7290018471449,false,קרטונית ספרינג שייק בננה תמר תפוז 1 ליטר,יפאורה - שותפות מוגבלת לשיווק,,,"י""ח",1,ליטר,false,1,11.60,11.60,true,1,
7290018471470,false,תפוזינה נקטר תפוז פסיפלורה קרטונית 1 ליטר,יפאורה שותפות מוגבלת לשיווק,,,"י""ח",1,ליטר,false,1,8.10,8.10,true,1,
7290018471494,false,תפוזינה משקה תפוז גזר קרטונית 1 ליטר,יפאורה שותפות מוגבלת לשיווק,,,"י""ח",1,ליטר,false,1,8.10,8.10,true,1,
7290018471531,false,"ספרינג ענבים 250 מ""ל - בודד",יפאורה שותפות מוגבלת לשיווק,,,"י""ח",220,"ל מ""ל",false,1,4.20,1.77,false,1,
7290018471906,false,שוופס מוגז פירות לימונדה ורודה 1.5 ליטר פיקדון,יפאורה - שותפות מוגבלת לשיווק,,,"י""ח",1.50,ליטר,false,1,8.80,5.67,true,1,
7290018471913,false,משקה מוגז פירות תפוחים שוופס 1.5 ליטר,יפאורה - שותפות מוגבלת לשיווק,,,"י""ח",1.50,ליטר,false,1,8.80,5.67,true,1,
7290018471920,false,שוופס מוגז פירות ענבים 1.5 ליטר פיקדון,יפאורה - שותפות מוגבלת לשיווק,,,"י""ח",1.50,ליטר,false,1,8.80,5.67,true,1,
7290018471937,false,שוופס מוגז פירות תות ליים 1.5 ליטר פיקדון,יפאורה - שותפות מוגבלת לשיווק,,,"י""ח",1.50,ליטר,false,1,8.80,5.67,true,1,
7290018471944,false,שוופס מוגז פירות לימונייד 1.5 ליטר פיקדון,יפאורה - שותפות מוגבלת לשיווק,,,"י""ח",1.50,ליטר,false,1,8.80,5.67,true,1,
7290018471951,false,שוופס מוגז פירות אשכולית אדומה 1.5 ליטר פיקדון,יפאורה - שותפות מוגבלת לשיווק,,,"י""ח",1.50,ליטר,false,1,8.80,5.67,true,1,
7290018493045,false,"קרם ידיים מועשר בשמן קוקוס ד""ר פישר 100 מ""ל","פישר תעשיות פרמבצטיות בע""מ",,,"י""ח",100,ל גרם,false,1,15.90,15.90,true,1,
7290018493052,false,"ד""ר פישר - אפקטיב קר קרם ידיים מועשר בשמן אבוקדו 100 מ""ל","פישר תעשיות פרמבצטיות בע""מ",,,"י""ח",100,ל גרם,false,1,15.90,15.90,true,1,
7290018493069,false,"אפקטיב קר קרם ידייםמועשר בשמן כותנה ד""ר פישר 100 מ""ל","פישר תעשיות פרמבצטיות בע""מ",,,"י""ח",100,ל גרם,false,1,15.90,15.90,true,1,
7290018493076,false,"אפקטיב קר קרם ידייםמועשר בשמן ארגן ד""ר פישר 100 מ""ל",פישר תעשיות פרמצבטיות בעמ,,,"י""ח",100,ל גרם,false,1,15.90,15.90,true,1,
7290018493144,false,קמיל קלין &נוריש אל סבון מועשר בשמן ארגן 1 ליטר,"פישר תעשיות פרמצביטות בע""מ",,,"י""ח",1,ליטר,false,1,15.90,15.90,true,1,
7290018493878,false,"ד""ר פישר - סרקל שמפו 750 מ""ל",פישר תעשיות פרמבצטיות בעמ,,,"י""ח",750,"ל מ""ל",false,1,19.90,2.65,false,1,
7290018493892,false,"ד""ר פישר - קמיל בלו סנסיטיב אל סבון 750 מ""ל",פישר תעשיות פרמצבטיות בעמ,,,"י""ח",750,"ל מ""ל",false,1,19.90,2.65,false,1,
7290018493977,false,קמיל לניקוי והרגעת העור מועשר בשיבולת שועל 1 ל',"פישר תעשיות פרמצבטיות בע""מ",,,"י""ח",1,ליטר,false,1,15.90,15.90,true,1,
7290018500361,false,"לחם שחור פרוס 900 גרם ""אנג'ל"" -מוצר בפיקוח",מאפיית שלמה א. אנג'\ל בע,,,"י""ח",900,ל גרם,false,1,8.53,0.95,false,1,
7290018500491,false,חלה בסגנון אמריקה אנגל.,שלמה א.אנג ל בעמ,,,"י""ח",500,ל גרם,false,1,15.90,3.18,false,1,
7290018517086,false,מעדן פרי דובדבן ללא סוכר 280גר,נאמן לאורך זמן בעמ,,,"י""ח",280,ל גרם,false,1,11.90,4.25,false,1,
7290018517093,false,מעדן פרי משמש ללא סוכר 280גר,נאמן לאורך זמן בעמ,,,"י""ח",280,ל גרם,false,1,11.90,4.25,false,1,
7290018517116,false,מעדן פרי אוכמניות ללא סוכר 280גר,נאמן לאורך זמן בעמ,,,"י""ח",280,ל גרם,false,1,11.90,4.25,false,1,
7290018517246,false,רוטב רימונים מרוכז נאמן 340 ג',נאמן לאורך זמן בעמ,,,"י""ח",340,ל גרם,false,1,9.90,2.91,false,1,
7290018517260,false,זרעי פשתן 100% טבעי הנמל 400 ג',נאמן לאורך זמן בעמ,,,"י""ח",400,ל גרם,false,1,9.90,2.48,false,1,
7290018517277,false,"שמן פשתן 100% טבעי 500 מ""ל",נאמן לאורך זמן בעמ,,,"י""ח",250,"ל מ""ל",false,1,27.90,11.16,false,1,
7290018517321,false,"קוואקר שבולת שועל, 500 גרם ""נאמן""",נאמן לאורך זמן בעמ,,,"י""ח",500,ל גרם,false,1,8.90,1.78,false,1,
7290018517345,false,סוכריות קונפטי לקישוט עוגות 190 גרם,נאמן לאורך זמן בעמ,,,"י""ח",190,ל גרם,false,1,10.90,5.74,false,1,
7290018517406,false,ריבה בטעם תות 35% פרי 300 גרם,נאמן לאורך זמן בעמ,,,"י""ח",300,ל גרם,false,1,7.90,2.63,false,1,
7290018517444,false,ריבת מעדן שזיפים 35% פרי 300גר,נאמן לאורך זמן בעמ,,,"י""ח",300,ל גרם,false,1,7.90,2.63,false,1,
7290018540329,false,שקית פיתה פיתה בלדי 800 ג' אנג'ל,מאפיית שלמה א. אנג'\ל בע,,,"י""ח",8,"י""ח",false,1,11.90,1.49,false,1,
7290018540817,false,ארטיזנל לחם מחמצת כוסמין אנג'ל 500 גרם,שלמה א. אנג`ל בעמ,,,"י""ח",500,ל גרם,false,1,17.90,3.58,true,1,
7290018540824,false,ארטיזנל לחם מחמצת כפרי אנג'ל 500 גרם,שלמה א. אנג`ל בעמ,,,"י""ח",500,ל גרם,false,1,17.90,3.58,true,1,
7290018540831,false,ארטיזנל לחם מחמצת חיטה מלאה ודגנים אנג'ל 500 גרם,שלמה א. אנג`ל בעמ,,,"י""ח",500,ל גרם,false,1,17.90,3.58,true,1,
7290018556931,false,משקה אלכהלי פסיפלורה מחנה יהודה 700מי,פיירוואטר בעמ,,,"י""ח",750,"ל מ""ל",false,1,40.20,5.32,true,1,
7290018564608,false,"שף הטבע - בזיליקום קצוץ בצנצנת 200ג""ר 12 /",קפוא זן תעשיות מזון בעמ,,,"י""ח",200,ל גרם,false,1,16.90,8.45,false,1,
7290018564622,false,"בני דרום - שום כתוש טבליות 80 ג""ר",קפוא זן תעשיות מזון בעמ,,,"י""ח",1,"י""ח",false,1,12.90,12.90,false,1,
7290018571064,false,"מקלוני טופי 450 גרם ""מיה""",מיה תעשיות מזון מ.ת.מ. בעמ,,,"י""ח",450,ל גרם,false,1,15.90,3.53,true,1,
7290018571071,false,טופי פספסים 450 גרם כשלפ,מיה תעשיות מזון מ.ת.מ. בעמ,,,"י""ח",450,ל גרם,false,1,15.90,3.53,true,1,
7290018571408,false,לקקנים מולטיקולור תותי פרוטי מיה 220 גרם,מיה תעשיות מזון מ.ת.מ. בעמ,,,"י""ח",200,ל גרם,false,1,9.20,4.60,true,1,
7290018571422,false,מיה-לקקנים מולטיקולור מיקס 65 יחידות,מיה תעשיות מזון מ.ת.מ. בעמ,,,"י""ח",65,"י""ח",false,1,18.90,0.29,true,1,
7290018571507,false,סוכריות ויטמין סי לילדים דובונים יד למעלה 175 גרם מיה פלוס,מיה תעשיות מזון מ.ת.מ בעמ,,,"י""ח",175,ל גרם,false,1,39.90,22.80,false,1,
7290018571545,false,סוכריות ג'לי עם מיצוי כורכומין וג'ינג'ר למבוגרים,מיה תעשיות מזון מ.ת.מ בעמ,,,"י""ח",210,ל גרם,false,1,39.90,19,false,1,
7290018571552,false,סוכריות ג'לי ללא סוכר עם חומצות שומן אומגה 3 למבוגרים,מיה תעשיות מזון מ.ת.מ בעמ,,,"י""ח",240,ל גרם,false,1,39.90,16.63,false,1,
7290018571668,false,"סוכריות ג'לי עם ויטמינים C, D3 ואבץ לילדים ומבוגרים",מיה תעשיות מזון מ.ת.מ בעמ,,,"י""ח",210,ל גרם,false,1,39.90,19,false,1,
7290018571699,false,"קמח שקדים 250 גרם כשל""פ עד""ח",מיה תעשיות מזון מ.ת.מ. בעמ,,,"י""ח",250,ל גרם,false,1,25.90,10.36,false,1,
7290018571705,false,"אורז יסמין 1 ק""ג מיה.",מיה תעשיות מזון מ.ת.מ. בעמ,,,"י""ח",1,"ק""ג",false,1,10.90,10.90,true,1,
7290018571712,false,"אורז בסגנון פרסי 1 ק""ג",מיה תעשיות מזון מ.ת.מ. בעמ,,,"י""ח",1,"ק""ג",false,1,9.90,9.90,true,1,
7290018571736,false,אורז בסמטי הודי 1ק''ג,מיה תעשיות מזון מ.ת.מ. בעמ,,,"י""ח",1,"ק""ג",false,1,10.90,10.90,true,1,
7290018571811,false,סירופ מייפל טהור 250 גר' מיה,מיה תעשיות מזון מ.ת.מ בעמ,,,"י""ח",250,"ל מ""ל",false,1,32.90,13.16,false,1,
7290018626283,false,פיצה מרגריטה אדום גר,***אדום גרופ למזון שיווק***,,,"י""ח",350,ל גרם,false,1,10.90,3.11,false,1,
7290018652213,false,מאגדת חטיפי גלידה קראנץ בר 41X6 גרם,נגה גלידות שותפות מוגבלת,,,"י""ח",350,ל גרם,false,1,26.90,7.69,false,1,
7290018703311,false,פראוד - חטיף חלבון קרם עוגיות קראנצ' 60ג,דיפלומט מפיצים (1968) בעמ**,,,"י""ח",60,ל גרם,false,1,13.90,23.17,false,1,
7290018708118,false,חלבה וניל פיסטוק ללא סוכר בארכה 350 גרם,קבוצת אוסם סחר-שות.מוגבלת,,,"י""ח",350,ל גרם,false,1,14.90,4.26,false,1,
7290018708125,false,בארכה חלבה מסולסלת וניל 250 גרם,קבוצת אוסם סחר שותפות מוגבלת,,,"י""ח",350,ל גרם,false,1,14.90,4.26,false,1,
7290018708132,false,חלבה בארכה וניל פיסטוק ללא סוכר 250גר,קבוצת אוסם סחר-שות.מוגבלת,,,"י""ח",350,ל גרם,false,1,14.90,4.26,false,1,
7290018835005,false,אקסטרה צ'יפס אורז חום מלא מלח פלפל שמן זית 60 גרם,א.ל. ייצור ושיווק תבלינים בע`מ,,,"י""ח",60,ל גרם,false,1,7.90,13.17,true,1,
7290018835029,false,מרק בטעם עוף פרווה 400 ג,א.ל ייצור ושיווק תבלינים בעמ,,,"י""ח",400,ל גרם,false,1,12.90,3.23,true,1,
7290018878002,false,אגו מיקס קרקר מצופה שוקולד חלב כרמית 55 גרם,כרמית תעשיות ממתקים בעמ,,,"י""ח",55,ל גרם,false,1,3.90,7.09,true,1,
7290018878095,false,שלישיית שוקולד חלב ללא סוכר 85 גרם,כרמית תעשיות ממתקים בעמ,,,"י""ח",255,ל גרם,false,1,15.90,6.24,false,1,
7290018878125,false,שלישיית שוקולד לבן ללא סוכר 85 גרם,"כרמית תעשיות ממתקים בע""\",,,"י""ח",255,ל גרם,false,1,15.90,6.24,false,1,
7290018878170,false,אגו שוקולד מריר 60% מוצקי קקאו 2*100גר,כרמית תעשיות ממתקים בעמ,,,"י""ח",170,ל גרם,false,1,10.90,6.41,false,1,
7290018879979,false,מרשמלו רגיל לבן בטעם וניל 150 גרם ויסטהיים,כרמית תעשיות ממתקים בעמ,,,"י""ח",1,,false,1,5.50,5.50,true,1,
7290018893104,false,צ'וקטה עוגויות ביסקוויט מצופה שוקולד מריר 100 גרם,דיסטרופר אוליבייר,,,"י""ח",100,ל גרם,false,1,9.90,9.90,true,1,
7290018893128,false,צ'וקטה שוקולד חלב בלגי 100 גרם 34%,ש.שסטוביץ בעמ,,,"י""ח",100,"ל מ""ל",false,1,9.90,9.90,false,1,
7290018893142,false,צ'וקטה גריסיני בתוספת שמן זית 120 גרם,ש.שסטוביץ בעמ,,,"י""ח",120,ל גרם,false,1,6.90,5.75,true,1,
7290018893258,false,צ'וקטה עוגות אישיות במילוי קרם קרמל ובציפוי בטעם שוקולד 300 גרם,פרדי קונדיטוריה אס.פ,,,"י""ח",300,ל גרם,false,1,12.90,4.30,false,1,
7290018893265,false,צ'וקטה עוגות אישיות בטעם שוקולד מריר 8 יח 240 גרם,"פרדי קונדיטוריה אס,פי.אי",,,"י""ח",240,ל גרם,false,1,11.90,4.96,true,1,
7290018893456,false,צ'וקטה עוגות אישיות במילוי קרם ובציפוי בטעם שוקולד 300 גרם,"פרדי קונדיטוריה אס,פי.אי",,,"י""ח",300,ל גרם,false,1,12.90,4.30,false,1,
7290018893487,false,צ`וקוטה עוגות אישיות טעם קוקוס 350 גרם,פרדי קונדטוריה אס פי,,,"י""ח",300,ל גרם,false,1,12.90,4.30,false,1,
7290018893715,false,צ'וקטה בייגלה שטוח מצופה שוקולד חלב 80 גרם,ש.שסטוביץ בעמ,,,"י""ח",200,ל גרם,false,1,6.90,3.45,false,1,
7290018893746,false,צוקטה בייגלה עגבניות ועשבי תיבול 180 גרם,ש.שסטוביץ בעמ,,,"י""ח",180,ל גרם,false,1,6.90,3.83,false,1,
7290018893937,false,לוקיטוס סוכריות ג'לי בטעמי פירות 300 גרם,ש. שסטוביץ בע`מ,,,"י""ח",300,ל גרם,false,1,9.90,3.30,true,1,
7290018894071,false,צוקטה מארז סביבון לחנוכה 225ג,ש.שסטוביץ בעמ,,,"י""ח",225,ל גרם,false,1,16.90,7.51,false,1,
7290018921166,false,קמיל אל סבון להזנת העור מועשר באצות-ים 1 ליטר,פישר תעשיות פרמבצטיות בעמ,,,"י""ח",1,ליטר,false,1,15.90,15.90,true,1,
7290018921449,false,קמיל בלו מגבונים תפרחת חיתולים רביעייה,"פישר תעשיות פרמבצטיות בע""מ",,,"י""ח",4,"י""ח",false,1,24.90,6.23,false,1,
7290018921456,false,"ד""ר פישר - אפקטיב קר תחליב רחצה שמן כותנה 700 מ""ל","פישר תעשיות פרמבצטיות בע""מ",,,"י""ח",700,"ל מ""ל",false,1,16.90,2.41,true,1,
7290018921654,false,"ד""ר פישר - אפקטיב קר תחליב רחצה תמצית לוונדר 700 מ""ל","פישר תעשיות פרמצביטות בע""מ",,,"י""ח",700,"ל מ""ל",false,1,16.90,2.41,true,1,
7290018921753,false,קמיל אל סבון היגייני לניקוי יסודי מועשר בלחות 1 ליטר,פישר תעשיות פרמצבטיות בעמ,,,"י""ח",1,ליטר,false,1,15.90,15.90,true,1,
7290018921807,false,"קמיל בלו משחת החתלה צמחי מרפא 120 ג' ד""ר פישר","פישר תעשיות פרמצבטיות בע""מ",,,"י""ח",120,ל גרם,false,1,21.90,18.25,true,1,
7290018925065,false,מיץ תפוזים סחוט פרימור (2 ליטר),שטראוס גרופ בעמ/מצונן,,,"י""ח",2,ליטר,false,1,26.90,13.30,true,1,
7290018956007,false,תירס קלחים טרי ארוז,ביכורי השדה צפון 1994 ג.ד. בעמ,,,"ק""ג",1,"ק""ג",true,1,8.90,8.90,false,1,
7290018989005,false,שלישיית פולפה עגבניות טבעי יכין 400X3 גרם,זנלכול יכין,,,"י""ח",800,ל גרם,false,1,16.90,2.11,true,1,
7290018989128,false,סירופ בטעם ענבים יכין 1 ליטר,זנלכול יכין,,,"י""ח",1,ליטר,false,1,18.90,18.90,false,1,
7290018989135,false,סירופ 1 ליטר פטל יכין ליטר,זנלכול יכין,,,"י""ח",1,ליטר,false,1,18.90,18.90,false,1,
7290019014003,false,טאצ' נוזל רצפות אואזיס 4 ליטר,סאסאטק אגשח בעמ,,,"י""ח",4,ליטר,false,1,14.90,3.73,true,1,
7290019047045,false,מגבוני נייר טואלט לח נשטפים לילדים 40י,"פישר תעשיות פרמבצטיות בע""מ",,,"י""ח",40,"י""ח",false,1,9.90,0.25,true,1,
7290019056027,false,שוופס מוגז פירות תפוחים ללא סוכר 1.5 ליטר פיקדון,יפאורה - שותפות מוגבלת לשיווק,,,"י""ח",1.50,ליטר,false,1,7.90,5.07,true,1,
7290019056034,false,שוופס מוגז פירות אננס ללא סוכר 1.5 ליטר פיקדון,יפאורה - שותפות מוגבלת לשיווק,,,"י""ח",1.50,ליטר,false,1,7.90,5.07,true,1,
7290019056041,false,שוופס מוגז פירות לימונייד ללא סוכר 1.5 ליטר פיקדון,יפאורה - שותפות מוגבלת לשיווק,,,"י""ח",1.50,ליטר,false,1,7.90,5.07,true,1,
7290019056058,false,שוופס מוגז עדין תפוח ליים 1.5 ליטר פיקדון,יפאורה - שותפות מוגבלת לשיווק,,,"י""ח",1.50,ליטר,false,1,8.60,5.53,true,1,
7290019056065,false,שוופס מוגז עדין פירות יער 1.5 ליטר פיקדון,יפאורה - שותפות מוגבלת לשיווק,,,"י""ח",1.50,ליטר,false,1,8.60,5.53,true,1,
7290019056072,false,שוופס מוגז עדין אננס 1.5 ליטר פיקדון,יפאורה - שותפות מוגבלת לשיווק,,,"י""ח",1.50,ליטר,false,1,8.60,5.53,true,1,
7290019056089,false,שוופס מוגז עדין ענבי ריזלינג 1.5 ליטר פיקדון,יפאורה - שותפות מוגבלת לשיווק,,,"י""ח",1.50,ליטר,false,1,8.60,5.53,true,1,
7290019056096,false,שוופס מוגז עדין אפרסק 1.5 ליטר פיקדון,יפאורה - שותפות מוגבלת לשיווק,,,"י""ח",1.50,ליטר,false,1,8.60,5.53,true,1,
7290019056119,false,שוופס סודה 1.5 ליטר פיקדון,יפאורה שותפות מוגבלת לשיווק,,,"י""ח",1.50,ליטר,false,1,4.30,2.67,true,1,
7290019056126,false,שוופס סודה לימון 1.5 ליטר בק' בודד פיקדון,יפאורה - שותפות מוגבלת לשיווק,,,"י""ח",1.50,ליטר,false,1,4.30,2.67,true,1,
7290019056157,false,שוופס סודה פירות יער 1.5 ליטר בק' בודד פיקדון,יפאורה - שותפות מוגבלת לשיווק,,,"י""ח",1.50,ליטר,false,1,4.30,2.67,true,1,
7290019056164,false,שוופס סודה 1.5 ליטר רביעייה פיקדון,יפאורה - שותפות מוגבלת לשיווק,,,"י""ח",6,ליטר,false,1,11.90,1.78,true,1,
7290019056171,false,שוופס סודה לימון 1.5 ליטר רביעייה פיקדון,יפאורה - שותפות מוגבלת לשיווק,,,"י""ח",6,ליטר,false,1,11.90,1.78,true,1,
7290019056188,false,מארז רביעיית סודה בטעם נענע ליים 1.5 ל' שוופס,יפאורה - שותפות מוגבלת לשיווק,,,"י""ח",6,ליטר,false,1,11.90,1.78,true,1,
7290019056201,false,מארז רביעיית סודה בטעם פירות יער 1.5 ל' שוופס,יפאורה - שותפות מוגבלת לשיווק,,,"י""ח",6,ליטר,false,1,11.90,1.78,true,1,
7290019056232,false,משקה מוגז בטעם ליים מוחיטו 1.5 ל' שוופס,יפאורה - שותפות מוגבלת לשיווק,,,"י""ח",1.50,ליטר,false,1,8.60,5.53,true,1,
7290019056249,false,שוופס מים בטעמים ענבים 1.5 ליטר פיקדון,יפאורה - שותפות מוגבלת לשיווק,,,"י""ח",1.50,ליטר,false,1,8.50,5.47,true,1,
7290019056256,false,שוופס מים בטעמים תפוחים 1.5 ליטר פיקדון,יפאורה - שותפות מוגבלת לשיווק,,,"י""ח",1.50,ליטר,false,1,8.50,5.47,true,1,
7290019056263,false,שוופס מים בטעמים אפרסק 1.5 ליטר פיקדון,יפאורה - שותפות מוגבלת לשיווק,,,"י""ח",1.50,ליטר,false,1,8.50,5.47,true,1,
7290019056270,false,שוופס מים בטעמים פירות יער 1.5 ליטר פיקדון,יפאורה - שותפות מוגבלת לשיווק,,,"י""ח",1.50,ליטר,false,1,8.50,5.47,true,1,
7290019056287,false,שוופס מים בטעמים אפרסק ללא סוכר 1.5 ליטר פיקדון,יפאורה - שותפות מוגבלת לשיווק,,,"י""ח",1.50,ליטר,false,1,8.50,5.47,true,1,
7290019056294,false,שוופס ג'ינג'ר אייל 1.5 ליטר פיקדון,יפאורה - שותפות מוגבלת לשיווק,,,"י""ח",1.50,ליטר,false,1,13.20,8.60,false,1,
7290019056300,false,משקה בטעם ביטר לימון 1.5 ל' שוויפס,יפאורה - שותפות מוגבלת לשיווק,,,"י""ח",1.50,ליטר,false,1,12.50,8.13,false,1,
7290019056317,false,משקה בטעם ראשן 1.5 ל' שוופס,יפאורה - שותפות מוגבלת לשיווק,,,"י""ח",1.50,ליטר,false,1,12.50,8.13,false,1,
7290019056355,false,תפוזינה לימונדה מיקס לימונענע 1.5 ליטר,יפאורה - שותפות מוגבלת לשיווק,,,"י""ח",1.50,ליטר,false,1,9.20,5.93,true,1,
7290019056362,false,תפוזינה משקה קל ענבים 1.5 ליטר,יפאורה - שותפות מוגבלת לשיווק,,,"י""ח",1.50,ליטר,false,1,9.20,5.93,true,1,
7290019056379,false,משקה קל תפוזינה 1.5 ליטר תפוזים,יפאורה - שותפות מוגבלת לשיווק,,,"י""ח",1.50,ליטר,false,1,9.20,5.93,true,1,
7290019056386,false,משקה קל תפוזינה 1.5 ליטר אשכוליות,יפאורה - שותפות מוגבלת לשיווק,,,"י""ח",1.50,ליטר,false,1,9.20,5.93,true,1,
7290019056393,false,משקה קל תפוזינה 1.5 ליטר תות בננה,יפאורה - שותפות מוגבלת לשיווק,,,"י""ח",1.50,ליטר,false,1,9.20,5.93,true,1,
7290019056409,false,תפוזינה משקה קל מנגו עסיסי1.5ליטר,יפאורה - שותפות מוגבלת לשיווק,,,"י""ח",1.50,ליטר,false,1,9.20,5.93,true,1,
7290019056423,false,תפוזינה משקה קל תפוח רענן 1.5ליטר,יפאורה - שותפות מוגבלת לשיווק,,,"י""ח",1.50,ליטר,false,1,9.20,5.93,true,1,
7290019056430,false,משקה קל תפוזינה 1.5 ליטר תפוזים לייט,יפאורה - שותפות מוגבלת לשיווק,,,"י""ח",1.50,ליטר,false,1,9.20,5.93,true,1,
7290019056447,false,משקה קל תפוזינה 1.5 ליטר אשכוליות לייט,יפאורה - שותפות מוגבלת לשיווק,,,"י""ח",1.50,ליטר,false,1,9.20,5.93,true,1,
7290019056454,false,משקה מוגז בטעם קולה 1.5 ל' אר סי,יפאורה - שותפות מוגבלת לשיווק,,,"י""ח",1.50,ליטר,false,1,7.50,4.80,false,1,
7290019056461,false,מארז משקה בטעם קולה שישייה * 1.5 ל' אר.סי,יפאורה שותפות מוגבלת לשיווק,,,"י""ח",9,ליטר,false,1,35.90,3.79,true,1,
7290019056478,false,ספרינג טי קר אפרסק 1.5ליטר פיקדון,יפאורה - שותפות מוגבלת לשיווק,,,"י""ח",1.50,ליטר,false,1,7.50,4.80,true,1,
7290019056485,false,ספריג תה ירוק לימון לואיזה 1.5 ליטר פיקדון,יפאורה - שותפות מוגבלת לשיווק,,,"י""ח",1.50,ליטר,false,1,7.50,4.80,true,1,
7290019056492,false,ספרינג תה מנגו אפרסק 1.5 ליטר פיקדון,יפאורה - שותפות מוגבלת לשיווק,,,"י""ח",1.50,ליטר,false,1,7.50,4.80,true,1,
7290019056515,false,פרוט ווטר אננס 1.5 ליטר פיקדון,יפאורה - שותפות מוגבלת לשיווק,,,"י""ח",1.50,ליטר,false,1,8.50,5.47,true,1,
7290019056522,false,מים בטעם תות 1.5 ל' פרוט וואטר,יפאורה - שותפות מוגבלת לשיווק,,,"י""ח",1.50,ליטר,false,1,8.50,5.47,true,1,
7290019056539,false,fruit water פרוט ווטר אפרסק 1.5 ליטר-,יפאורה שותפות מוגבלת לשיווק,,,"י""ח",1.50,ליטר,false,1,8.50,5.47,true,1,
7290019056546,false,fruit water פרוט ווטר אבטיח 1.5 ליטר-,יפאורה - שותפות מוגבלת לשיווק,,,"י""ח",1.50,ליטר,false,1,8.50,5.47,true,1,
7290019056553,false,שישיית מים מינרלים עין גדי 2 ליטר,יפאורה - שותפות מוגבלת לשיווק,,,"י""ח",12,ליטר,false,1,13.70,0.99,false,1,
7290019056560,false,עין גדי מים מינרלים בקבוק 2 ליטר,יפאורה שותפות מוגבלת לשיווק,,,"י""ח",2,ליטר,false,1,3.30,1.50,false,1,
7290019056577,false,ספרינג קל מנגו 1.5 ליטר פיקדון,יפאורה - שותפות מוגבלת לשיווק,,,"י""ח",1.50,ליטר,false,1,8.80,5.67,true,1,
7290019056584,false,משקה קל תפוזים ספרינג 1.5 ליטר,יפאורה - שותפות מוגבלת לשיווק,,,"י""ח",1.50,ליטר,false,1,8.80,5.67,true,1,
7290019056591,false,משקה קל ענבים ספרינג 1.5 ליטר,יפאורה - שותפות מוגבלת לשיווק,,,"י""ח",1.50,ליטר,false,1,8.80,5.67,true,1,
7290019056607,false,משקה קל תפוחים ספרינג 1.5 ליטר,יפאורה - שותפות מוגבלת לשיווק,,,"י""ח",1.50,ליטר,false,1,8.80,5.67,true,1,
7290019056614,false,משקה קל אפרסק ספרינג 1.5 ליטר,יפאורה - שותפות מוגבלת לשיווק,,,"י""ח",1.50,ליטר,false,1,8.80,5.67,true,1,
7290019056621,false,משקה קל פירות טרופיים ספרינג 1.5 ליטר,יפאורה - שותפות מוגבלת לשיווק,,,"י""ח",1.50,ליטר,false,1,8.80,5.67,true,1,
7290019056638,false,משקה קל ספרינג 1.5 ליטר תות בננה,יפאורה - שותפות מוגבלת לשיווק,,,"י""ח",1.50,ליטר,false,1,8.80,5.67,true,1,
7290019056645,false,משקה קל ספרינג 1.5 ליטר אגס תפוח סברס,יפאורה - שותפות מוגבלת לשיווק,,,"י""ח",1.50,ליטר,false,1,8.80,5.67,true,1,
7290019056652,false,משקה קל ספרינג 1.5 ליטר אננס בננה,יפאורה - שותפות מוגבלת לשיווק,,,"י""ח",1.50,ליטר,false,1,8.80,5.67,true,1,
7290019056669,false,משקה קל ספרינג 1.5 ליטר תפוחים דיאט,יפאורה - שותפות מוגבלת לשיווק,,,"י""ח",1.50,ליטר,false,1,9.20,5.93,true,1,
7290019056676,false,משקה קל אשכולית אננס דיאט ספרינג 1.5 ליטר,יפאורה - שותפות מוגבלת לשיווק,,,"י""ח",1.50,ליטר,false,1,8.80,5.67,true,1,
7290019056720,false,קריסטל מיץ ענבים 2 ליטר פיקדון,יפאורה - שותפות מוגבלת לשיווק,,,"י""ח",2,ליטר,false,1,7.80,3.75,true,1,
7290019056737,false,משקה קל קריסטל (2 ליטר)אשכוליות,יפאורה - שותפות מוגבלת לשיווק,,,"י""ח",2,ליטר,false,1,7.80,3.75,true,1,
7290019056744,false,קריסטל מיץ תפוזים 2 ליטר פיקדון,יפאורה - שותפות מוגבלת לשיווק,,,"י""ח",2,ליטר,false,1,7.80,3.75,true,1,
7290019056751,false,קריסטל מיץ אשכוליות דיאט 2 ליטר פיקדון,יפאורה - שותפות מוגבלת לשיווק,,,"י""ח",2,ליטר,false,1,7.80,3.75,true,1,
7290019056768,false,קריסטל משקה קל מנגו 2 ליטר פיקדון,יפאורה - שותפות מוגבלת לשיווק,,,"י""ח",2,ליטר,false,1,7.80,3.75,true,1,
7290019056775,false,משקה קל קריסטל (2 ליטר)מוגז ענבים,יפאורה - שותפות מוגבלת לשיווק,,,"י""ח",2,ליטר,false,1,7.50,3.60,true,1,
7290019056782,false,משקה קל קריסטל (2 ליטר)מוגז למון ליים,יפאורה - שותפות מוגבלת לשיווק,,,"י""ח",2,ליטר,false,1,7.80,3.75,true,1,
7290019056799,false,משקה קל קריסטל (2 ליטר)מוגז אקזוטי,יפאורה - שותפות מוגבלת לשיווק,,,"י""ח",2,ליטר,false,1,7.50,3.60,true,1,
7290019056805,false,משקה קל קריסטל (2 ליטר)מוגז תפוחים,יפאורה - שותפות מוגבלת לשיווק,,,"י""ח",2,ליטר,false,1,7.80,3.75,true,1,
7290019056829,false,משקה קל קריסטל (2 ליטר)מוגז תפוזים,יפאורה - שותפות מוגבלת לשיווק,,,"י""ח",2,ליטר,false,1,7.50,3.60,true,1,
7290019056836,false,משקה קל קריסטל (2 ליטר)מוגז תות,יפאורה - שותפות מוגבלת לשיווק,,,"י""ח",2,ליטר,false,1,7.80,3.75,true,1,
7290019056850,false,ספרינג תה אפרסק דיאט 1.5 ליטר פיקדון,יפאורה - שותפות מוגבלת לשיווק,,,"י""ח",1.50,ליטר,false,1,7.50,4.80,true,1,
7290019056959,false,מי עדן בקבוק מתכווץ שקט 1.5 מ``ל,יפאורה - שותפות מוגבלת לשיווק,,,"י""ח",1.50,ליטר,false,1,3.60,2.20,false,1,
7290019056973,false,מי עדן שישיה בק `1.5ליטר פיקדון,יפאורה - שותפות מוגבלת לשיווק,,,"י""ח",9,ליטר,false,1,13.90,1.34,false,1,
7290019074090,false,"ד""ר פישר - קמיל בלו אקסטרה סופט אל סבון לתינוק 500 מ""ל","פישר תעשיות פרמצביטות בע""מ",,,"י""ח",500,ל גרם,false,1,22.90,4.58,false,1,
7290019074243,false,מגבונים אנטי-בקטריאלים לניקוי משטחים*3,"פישר תעשיות פרמבצטיות בע""מ",,,"י""ח",1,,false,1,19.90,19.90,false,1,
7290019074885,false,"ד""ר פישר - קמיל בלו אקסטרה סופט קרם גוף לתינוק 500 מ""ל","פישר תעשיות פרמצביטות בע""מ",,,"י""ח",500,ל גרם,false,1,29.90,5.98,true,1,
7290019074953,false,"אפקטיב קר תחליב רחצה מועשר תמצית אלוורה 450 מ""ל",פישר תעשיות פרמבצטיות בעמ,,,"י""ח",450,"ל מ""ל",false,1,14.90,3.31,false,1,
7290019075080,false,קידס מולטי ויטמין אל סבון 1ליטר,"פישר תעשיות פרמבצטיות בע""מ",,,"י""ח",1,ליטר,false,1,24.90,24.90,true,1,
7290019075288,false,קידס מולטי ויטמין שמפו 1ליטר,"פישר תעשיות פרמבצטיות בע""מ",,,"י""ח",1,ליטר,false,1,24.90,24.90,true,1,
7290019075295,false,"ד""ר פישר - אפקטיב קר תחליב רחצה עדין לידיים מועשר בש""ש 350 מ""ל","פישר תעשיות פרמבצטיות בע""מ",,,"י""ח",350,ל גרם,false,1,11.90,3.40,true,1,
7290019075479,false,"ד""ר פישר - קמיל בלו קלאסיק שמפו לתינוק 1 ליטר",פישר תעשיות פרמבצטיות בעמ,,,"י""ח",1,ליטר,false,1,32.90,32.90,true,1,
7290019075493,false,"אפקטיב קר אל סבון עדין לידיים מועשר בתה ירוק ויסמין 350 מ""ל","פישר תעשיות פרמבצטיות בע""מ",,,"י""ח",350,ל גרם,false,1,11.90,3.40,true,1,
7290019075547,false,קרם גוף EFFECTIVE CARE מ.בחומצה היאלור,"פישר תעשיות פרמבצטיות בע""מ",,,"י""ח",450,"ל מ""ל",false,1,24.90,5.53,true,1,
7290019075608,false,"אפקטיב קר תחליב רחצה מועשר בתה ירוק ויסמין 700 מ""ל","פישר תעשיות פרמבצטיות בע""מ",,,"י""ח",700,"ל מ""ל",false,1,16.90,2.41,true,1,
7290019075684,false,קידס מולטי ויטמין שמפו ומרכך 1ליטר,"פישר תעשיות פרמבצטיות בע""מ",,,"י""ח",1,ליטר,false,1,24.90,24.90,true,1,
7290019075691,false,"ד""ר פישר - אפקטיב קר תחליב רחצה עדין לידיים מועשר בלבנדר 350 מ""ל","פישר תעשיות פרמבצטיות בע""מ",,,"י""ח",350,ל גרם,false,1,11.90,3.40,true,1,
7290019075745,false,אפקטיב קר קרם ידיים מועשר בחומצה היאלו,"פישר תעשיות פרמבצטיות בע""מ",,,"י""ח",100,"ל מ""ל",false,1,15.90,15.90,true,1,
7290019153085,false,שוופס מוגז ליים מוחיטו ללא סוכר 1.5 ליטר-,יפאורה - שותפות מוגבלת לשיווק,,,"י""ח",1.50,ליטר,false,1,8.80,5.67,true,1,
7290019153238,false,שוופס סודה בטעם תפוח 0.5 ליטר,יפאורה - שותפות מוגבלת לשיווק,,,"י""ח",500,"ל מ""ל",false,1,4.50,0.84,true,1,
7290019153245,false,שוופס סודה לימון מוגז עדין 0.50,יפאורה - שותפות מוגבלת לשיווק,,,"י""ח",500,"ל מ""ל",false,1,4.50,0.84,true,1,
7290019153252,false,שוופס סודה תפוח 1.5 ליטר רביעייה פיקדון,יפאורה - שותפות מוגבלת לשיווק,,,"י""ח",6,ליטר,false,1,11.90,1.78,true,1,
7290019153269,false,שוופס סודה אננס 1.5 ליטר רביעייה פיקדון,יפאורה - שותפות מוגבלת לשיווק,,,"י""ח",6,ליטר,false,1,11.90,1.78,true,1,
7290019153276,false,שוופס סודה אננס 1.5 ליטר בק' בודד פיקדון,יפאורה שותפות מוגבלת לשיווק,,,"י""ח",1,,false,1,4.30,4.30,true,1,
7290019153290,false,שוופס סודה תפוח 1.5 ליטר בק' בודד פיקדון,יפאורה שותפות מוגבלת לשיווק,,,"י""ח",1.50,ליטר,false,1,4.30,2.67,true,1,
7290019153344,false,משקה קל תפוזינה 1.5 ליטר סנגרייה,יפאורה - שותפות מוגבלת לשיווק,,,"י""ח",1.50,ליטר,false,1,9.20,5.93,true,1,
7290019153351,false,משקה קל תפוזינה 1.5 ליטר פינק אוזו,יפאורה - שותפות מוגבלת לשיווק,,,"י""ח",1.50,ליטר,false,1,9.20,5.93,true,1,
7290019153375,false,משקה קל תפוזינה 1.5 ליטר מוחיטו,יפאורה - שותפות מוגבלת לשיווק,,,"י""ח",1.50,ליטר,false,1,9.20,5.93,true,1,
7290019203018,false,טורטייה מחומוס מונבט ללא גלוטן 180 ג' Full Wrap,גורי מוצרי צריכה (1991) בעמ,,,"י""ח",180,ל גרם,false,1,19.90,11.06,false,1,
7290019204107,false,עוף טוב פסטרמה בטעם אווז 320 גרם,קבוצת אוסם סחר-שות.מוגבלת,,,"י""ח",320,ל גרם,false,1,29.90,9.34,true,1,
7290019204206,false,עוף טוב פסטרמה בסגנון רומני 320 גרם,קבוצת אוסם סחר-שות.מוגבלת,,,"י""ח",320,ל גרם,false,1,29.90,9.34,true,1,
7290019232155,false,"חליטת ""לילה טוב"" קמומיל לבנדר ו25 שקיקים ויסוצקי",תה ויסוצקי (ישראל) בעמ,,,"י""ח",25,"י""ח",false,1,24.90,1,true,1,
7290019232162,false,"חליטת ""לילה טוב"" קמומיל מליסה 25 שקיקים ויסוצקי",תה ויסוצקי (ישראל) בעמ,,,"י""ח",25,"י""ח",false,1,24.90,1,true,1,
7290019232179,false,ויסוצקי פלוס תה ירוק נענע עם ויטמינים,תה ויסוצקי (ישראל) בעמ,,,"י""ח",25,"י""ח",false,1,24.90,1,true,1,
7290019232186,false,תה ירוק לימונית לואיזהSTAY WELL 25 שקיקים ויסוצקי,תה ויסוצקי (ישראל) בעמ,,,"י""ח",25,"י""ח",false,1,24.90,1,true,1,
7290019232353,false,תה ירוק סיני 50 שקיקים ויסוצקי,תה ויסוצקי (ישראל) בעמ,,,"י""ח",75,ל גרם,false,1,45.90,61.20,true,1,
7290019297161,false,טורטיה ראפ מקמח תירס שקדיה 450 גרם,דין שיווק וקליה 2021 בעמ,,,"י""ח",540,ל גרם,false,1,8.90,1.65,false,1,
7290019297383,false,מעדן משמש 100% רכיבי פרי ללא תוספת סוכ,דין שיווק וקליה 2021 בעמ,,,"י""ח",284,ל גרם,false,1,13.90,4.89,true,1,
7290019297420,false,מעדן תות שדה 100% רכיבי פרי 284 גר' ללא תוספת סוכר,דין שיווק וקליה 2021 בעמ,,,"י""ח",284,ל גרם,false,1,13.90,4.89,true,1,
7290019297512,false,"רוטב רימונים שקדיה 340 מ""ל בדץ",דין שיווק וקליה 2021 בעמ,,,"י""ח",340,ל גרם,false,1,10.90,3.21,false,1,
7290019297628,false,שקד טבעי בשקית ששון הקולה 150 גרם,דין שיווק וקליה 2021 בעמ,,,"י""ח",150,ל גרם,false,1,15.90,10.60,false,1,
7290019302315,false,יין ספארקלין אבטיח מלון 750 מל BUZZ,אגודת הכורמים בעמ,,,"י""ח",750,"ל מ""ל",false,1,27.90,3.68,true,1,
7290019305972,false,ממרח ארטישוק,עוזי טעמים של בית,,,"י""ח",1,,false,1,21.90,21.90,false,1,
7290042051778,false,צלחות מתכלות ענקיות 25 יח` שווה*,ח.כהן סוכנות מזון ומשקאות בע,,,"י""ח",25,"י""ח",false,1,19.90,0.80,true,1,
7290042051785,false,צלחות מתכלות גדולות 25 יח` שווה*,ח.כהן סוכנות מזון ומשקאות בע,,,"י""ח",25,"י""ח",false,1,14.90,0.60,true,1,
7290042051815,false,מרקיות מתכלות 25 יח שווה *,ח.כהן סוכנות מזון ומשקאות בע,,,"י""ח",25,"י""ח",false,1,11.90,0.48,true,1,
7290042051921,false,כוסות יהלום שווה 40יח,ח.כהן סוכנות מזון ומשקאות בע,,,"י""ח",40,"י""ח",false,1,10.90,0.27,false,1,
7290100240137,false,"תרסיס ריחני למייבש כחול בדין 500 מ""ל",יוניליוור ישראל שיווק בע`מ,,,"י""ח",500,"ל מ""ל",false,1,15.90,3.18,false,1,
7290100240144,false,בדין תרסיס למייבש הכביסה ורוד 500מל,יוניליוור ישראל שיווק בע`מ,,,"י""ח",500,"ל מ""ל",false,1,15.90,3.18,false,1,
7290100240632,false,קרקר פתית 200-300ג' 6 דגנים 250 גרם,"יוניליוור ישראל שיווק בע""מ",,,"י""ח",250,ל גרם,false,1,14.90,5.96,false,1,
7290100240656,false,"פתית שיפון בד""צ חדש 300X24 גר'",יוניליוור ישראל שיווק בע`מ,,,"י""ח",300,ל גרם,false,1,14.90,4.97,false,1,
7290100243084,false,מיונז אמיתי הלמנס 789גרם,יוניליוור ישראל שיווק בע`מ,,,"י""ח",789,ל גרם,false,1,19.90,2.52,false,1,
7290100243671,false,"מרכך כביסה מרוכז אקסטרה כחול בדין 960 מ""ל",יוניליוור ישראל שיווק בע`מ,,,"י""ח",960,"ל מ""ל",false,1,15.90,1.66,true,1,
7290100245231,false,נמס בכוס מרק בטעם עוף עם אטריות ושקדי מרק-2 שקיות,יוניליוור ישראל שיווק בע`מ,,,"י""ח",50,ל גרם,false,1,6.90,13.80,true,1,
7290100249598,false,רוטב לעוף בטעם שום ודבש קנור (320 גרם),יוניליוור ישראל שיווק בע`מ,,,"י""ח",320,ל גרם,false,1,10.90,3.41,true,1,
7290100249659,false,"רוטב לעוף צ'ילי מתוק ושום קנור 320 גרם בד""צ","יוניליוור ישראל שיווק בע""מ",,,"י""ח",320,ל גרם,false,1,10.90,3.41,true,1,
7290100412466,false,קוויק מטליות לחות לניקוי רצפות ניחוח לימון 10 יחידות,שקד תבל בע`מ,,,"י""ח",10,"י""ח",false,1,11.90,1.19,true,1,
7290100412718,false,"תרחיץ פנים קלאסק מאסק דר עור 150 מ""ל","אמיליה קוסמטיקס בע""מ",,,"י""ח",150,ל גרם,false,1,24.90,16.60,true,1,
7290100412732,false,תחליב גוף לעור יבש פרחי בר דר עור 400 מל,"אמיליה קוסמטיקס בע""מ",,,"י""ח",400,"ל מ""ל",false,1,21.90,5.48,true,1,
7290100412763,false,"דר' עור תחליב רחצה קלאסי -לבנדר 700 מ""ל","אמיליה קוסמטיקס בע""מ",,,"י""ח",700,ל גרם,false,1,14.90,2.13,true,1,
7290100412787,false,"ד""ר עור - תחליב רחצה קלאסי בניחוח פריחת הכותנה 700 מ""ל","אמיליה קוסמטיקס בע""מ",,,"י""ח",700,ל גרם,false,1,14.90,2.13,true,1,
7290100653463,false,"פלמוליב - ארומה ג'ל רחצה מסאז' 500 מ""ל",קולגייט פלמוליב,,,"י""ח",500,"ל מ""ל",false,1,15.90,3.18,true,1,
7290100680650,false,מנה חמה נודלס-אטריות ירקות טעם תאילנדי אסם 76 ג',קבוצת אוסם סחר שותפות מוגבלת,,,"י""ח",76,ל גרם,false,1,6.90,9.08,true,1,
7290100680667,false,מנה חמה נודלס בסגנון סצ`ואן אסם (76 גרם),קבוצת אוסם סחר שותפות מוגבלת,,,"י""ח",76,ל גרם,false,1,6.90,9.08,true,1,
7290100680711,false,פירורית זהב אסם זהב 350ג',קבוצת אוסם סחר שותפות מוגבלת,,,"י""ח",350,ל גרם,false,1,8.90,2.54,false,1,
7290100680728,false,פירורית רגילה שקית 350 גרם,קבוצת אוסם סחר שותפות מוגבלת,,,"י""ח",350,ל גרם,false,1,7.90,2.26,false,1,
7290100681138,false,מארז אפרופו חטיף תירס 3 יחידות,קבוצת אוסם סחר שותפות מוגבלת,,,"י""ח",150,ל גרם,false,1,13.90,9.27,true,1,
7290100685136,false,"אבקת מרק טעם עוף 1 ק""ג 1/8 אסם",קבוצת אוסם סחר שותפות מוגבלת,,,"י""ח",1,"ק""ג",false,1,14.90,14.90,false,1,
7290100685341,false,אבקת מרק טעם עוף זך רכיבים טבעיים אסם 400 גרם,קבוצת אוסם סחר שותפות מוגבלת,,,"י""ח",400,ל גרם,false,1,16.90,4.23,false,1,
7290100687109,false,במבה במילוי קרם נוגט 60ג' אסם,קבוצת אוסם סחר-שות.מוגבלת,,,"י""ח",60,ל גרם,false,1,4.30,7.17,true,1,
7290100689301,false,אבקת מרק בטעם עוף זך עדיף אסם 400 גרם,קבוצת אוסם סחר שותפות מוגבלת,,,"י""ח",400,ל גרם,false,1,15.90,3.98,false,1,
7290100700006,false,"חיטה סוגת 1 ק""ג","סוגת תעשיות בע""\מ",,,"י""ח",1,"ק""ג",false,1,9.90,9.90,true,1,
7290100700020,false,גריסי פנינה סוגת (500 גרם),האי נאם סי או אל.טי.,,,"י""ח",200,ל גרם,false,1,4.90,2.45,true,1,
7290100700075,false,פירורי לחם מוזהבים סוגת (200 גרם),"סוגת תעשיות בע""\מ",,,"י""ח",200,ל גרם,false,1,3.90,1.95,true,1,
7290100700157,false,"אורז סושי 1ק""ג סוגת",סוגת תעשיות בעמ,,,"י""ח",1,"ק""ג",false,1,12.90,12.90,false,1,
7290100700242,false,אורז מלא עגול סוגת (1 קג),"סוגת תעשיות בע""\מ",,,"י""ח",1,"ק""ג",false,1,9.90,9.90,false,1,
7290100700266,false,פירורי לחם לבנים סוגת 200 גרם,"סוגת תעשיות בע""מ",,,"י""ח",200,ל גרם,false,1,3.90,1.95,true,1,
7290100700273,false,קינואה לבנה 500 ג סו,האי נאם סי או אל.טי.,,,"י""ח",500,ל גרם,false,1,16.90,3.38,true,1,
7290100700310,false,"סוגת כוסמת סוגת 1ק""ג","סוגת תעשיות בע""מ",,,"י""ח",1,"ק""ג",false,1,13.90,13.90,true,1,
7290100700334,false,קינואה לבנה 1 קג סוג,"סוגת תעשיות בע""מ",,,"י""ח",1,"ק""ג",false,1,19.90,19.90,true,1,
7290100700372,false,"אורז בסגנון בסמטי מלא 1 ק""ג",האי נאם סי או אל.טי.,,,"י""ח",1,"ק""ג",false,1,13.90,13.90,false,1,
7290100700389,false,"אורז אדום סוגת 1 ק""ג","סוגת תעשיות בע""\מ",,,"י""ח",1,"ק""ג",false,1,12.10,12.10,false,1,
7290100700396,false,"אורז יסמין קלאסי סוגת 1 ק""ג",האי נאם סי או אל.טי.,,,"י""ח",1,"ק""ג",false,1,12.90,12.90,false,1,
7290100700402,false,"חומוס ענק סוגת 1 ק""ג",סוגת תעשיות בעמ,,,"י""ח",1,"ק""ג",false,1,19.90,19.90,true,1,
7290100700587,false,"בורגול ""סוגת"" 500 גרם",האי נאם סי או אל.טי.,,,"י""ח",500,ל גרם,false,1,4.90,0.98,true,1,
7290100701454,false,בורגול דק גרישה סוגת (500 גרם),"סוגת תעשיות בע""\מ",,,"י""ח",500,ל גרם,false,1,4.90,0.98,true,1,
7290100702284,false,קוסקוס מלא סוגת (350 גרם),"אסיף תעשיות מזון בע""",,,"י""ח",350,ל גרם,false,1,4.90,1.40,false,1,
7290100702628,false,פתיתים אפויים קוסקוס סוגת 500 גרם,"אסיף תעשיות מזון בע""\מ",,,"י""ח",500,ל גרם,false,1,5.90,1.18,true,1,
7290100702635,false,פתיתים אפויים כוכבים סוגת 500 גרם,"אסיף תעשיות מזון בע""",,,"י""ח",500,ל גרם,false,1,5.90,1.18,true,1,
7290100702642,false,פתיתים אפויים טבעות סוגת 500 גרם,"אסיף תעשיות מזון בע""",,,"י""ח",500,ל גרם,false,1,5.90,1.18,true,1,
7290100702987,false,שיבולת שועל פתיתים סוגת 500 גרם,סוגת תעשיות בעמ,,,"י""ח",500,ל גרם,false,1,4.90,0.98,true,1,
7290100702994,false,סוכר דמררה קלאסי בשקית סוגת 500 גרם,"סוגת תעשיות בע""מ",,,"י""ח",500,ל גרם,false,1,4.90,0.98,false,1,
7290100703564,false,"פתיתי שיבולת שועל עבה 500 גרם ""סוגת""",סוגת תעשיות בעמ,,,"י""ח",500,ל גרם,false,1,4.90,0.98,true,1,
7290100703915,false,פופקורן להכנה במיקרוגל בטעם חמאה - מארז 6 שקיות,סוגת תעשיות בעמ,,,"י""ח",6,"י""ח",false,1,10.90,1.82,false,1,
7290100703922,false,פופקורן להכנה במיקרוגל בטעם טבעי - מארז 6 שקיות,סוגת תעשיות בעמ,,,"י""ח",6,"י""ח",false,1,10.90,1.82,false,1,
7290100704264,false,"עדשים שחורים בלוגה 1ק""ג","סוגת תעשיות בע""מ",,,"י""ח",1,"ק""ג",false,1,15.90,15.90,true,1,
7290100704516,false,חומוס מיני סוגת (500 גרם),"סוגת תעשיות בע""\מ",,,"י""ח",500,ל גרם,false,1,5.90,1.18,true,1,
7290100704622,false,סוכר דמררה דק דק בצנצנת סוגת 500 גרם,"סוגת תעשיות בע""\מ",,,"י""ח",500,ל גרם,false,1,7.90,1.58,false,1,
7290100704707,false,אורז מיקס סוגת (500גרם),סוגת תעשיות בעמ,,,"י""ח",500,ל גרם,false,1,10.90,2.18,false,1,
7290100850909,false,חטיף תירס נאצ`ו מקסיקני דוריטוס (70 גרם),"שטראוס פריטו ליי בע""\מ",,,"י""ח",70,ל גרם,false,1,3.90,5.57,true,1,
7290100850916,false,דוריטוס חמוץ חריף מעודן 70 גרם כשר לפסח,"שטראוס פריטו ליי בע""\מ )",,,"י""ח",70,ל גרם,false,1,3.90,5.57,true,1,
7290100850923,false,חטיף תירס גריל דוריטוס (70 גרם),"שטראוס פריטו ליי בע""\מ )",,,"י""ח",70,ל גרם,false,1,3.90,5.57,true,1,
7290100851968,false,מארז קפה נמס עלית זוגות,"שטראוס גרופ בע""מ",,,"י""ח",400,ל גרם,false,1,37.90,9.48,true,1,
7290100858592,false,אבקת קקאו עלית שקית 150 ג',הנסיך- מפעל לייצור ט,,,"י""ח",150,ל גרם,false,1,9.90,6.60,true,1,
7290100922651,false,הוואי - סבון מוצק מי קוקוס 100 גרם רביעייה,טרופיקל דגיל קוסמטיק,,,"י""ח",400,ל גרם,false,1,11.90,2.98,true,1,
7290100924457,false,שלישיית כדוריות סבון לאסלה לימון סוד 50 גרם,גורי שיווק בעמ,,,"י""ח",750,"ל מ""ל",false,1,16.90,2.25,false,1,
7290100924631,false,מרכך כביסה מרוכז לבגדי תינוקות ובעלי עור רגיש,גורי שיווק בעמ,,,"י""ח",900,"ל מ""ל",false,1,12.90,1.43,true,1,
7290100925676,false,קולור קאצר 20 דפים לוכדי צבע למכונת כביס,גורי שיווק בעמ,,,"י""ח",20,"י""ח",false,1,14.90,0.75,false,1,
7290100925751,false,נוזל כלים תפוח סוד (650 מל),גורי שיווק בעמ,,,"י""ח",650,"ל מ""ל",false,1,5.90,0.91,false,1,
7290100925768,false,"סוד נוזל כלים 650 מ""ל פירות טרופיים 1/15",גורי שיווק בעמ,,,"י""ח",650,"ל מ""ל",false,1,5.90,0.91,false,1,
7290100925775,false,נוזל כלים רימון ותאנים סוד (650 מל),גורי שיווק בעמ,,,"י""ח",650,"ל מ""ל",false,1,5.90,0.91,false,1,
7290100980453,false,עפרון צבעוני,צבע ומכחול (2014) בעמ,,,"י""ח",1,,false,1,7.50,7.50,false,1,
7290100987308,false,עט 0.4 קוברה,צבע ומכחול (2014) בעמ,,,"י""ח",1,,false,1,14.90,14.90,false,1,
7290101113348,false,יופלה מיקס יוגורט תות,פלקו בעמ,,,"י""ח",1,,false,1,7.90,7.90,true,1,
7290101113751,false,מאגדת שלגון קרמל ושוקולד בלונדי רביעיה * 50 ג' יולו,פלקו בעמ חברה ישראלית,,,"י""ח",1,,false,1,17.90,17.90,false,1,
7290101113812,false,מאגדת יופלה שייק פרי אננס קוקוס פלדמן 5 יחידות,פלקו בעמ חברה ישראלית,,,"י""ח",1,,false,1,12.90,12.90,false,1,
7290101113904,false,מארז מנבו וניל 12 יח' פלדמן,פלקו בעמ חברה ישראלית,,,"י""ח",12,"י""ח",false,1,25.90,2.16,false,1,
7290101453888,false,נר מספר - 1 (1X12X60),שמחה זה אנחנו בע`מ,,,"י""ח",1,,false,1,3.50,3.50,false,1,
7290101453932,false,נר מספר - 6 (1X12X60),שמחה זה אנחנו בע`מ,,,"י""ח",1,,false,1,3.50,3.50,false,1,
7290101455929,false,"בקבוק נירוסטה מעוצב 500מ""ל מיקי",שמחה זה אנחנו,,,"י""ח",1,,false,1,29.90,29.90,false,1,
7290101505013,false,אגס ארוז,ביכורי השדה צפון 1994 ג.ד. בעמ,,,"י""ח",1,,false,1,5.90,5.90,false,1,
7290101551027,false,קפסולות קפה אספרסו חזק במיוחד 14 עלית 10 יח',הנסיך- מפעל לייצור ט,,,"י""ח",50,ל גרם,false,1,19.90,39.80,true,1,
7290101551263,false,סילאן טבעי 700 גרם יד מרדכי,"שטראוס גרופ בע""מ",,,"י""ח",700,ל גרם,false,1,21.90,3.13,true,1,
7290101551300,false,סילאן טבעי ללא תוספת סוכר בקבוק לחיץ,מכוורת יד מרדכי שטראוס ב,,,"י""ח",380,ל גרם,false,1,14.90,3.92,true,1,
7290101551539,false,יוגורט PRO בטעם אפרסק 0% 20 גרם חלבון בגביע,שטראוס גרופ בעמ/מצונן,,,"י""ח",20,"ל מ""ל",false,1,5.90,29.50,true,1,
7290101551584,false,תפוצ'יפס קידס מארז 10 יח' * 20 ג',"שטראוס פריטו ליי בע""מ )פ",,,"י""ח",10,"י""ח",false,1,13.90,1.39,true,1,
7290101551614,false,חטיף צ'יטוס קראנץ בטעם גבינה - מארז 8 יח',"שטראוס פריטו ליי בע""מ )פ",,,"י""ח",550,ל גרם,false,1,11.90,2.16,true,1,
7290101551638,false,חטיף צ'יטוס כאפה בטעם קטשופ - מארז 10 יח',"שטראוס פריטו ליי בע""מ )פ",,,"י""ח",10,"י""ח",false,1,12.90,1.29,true,1,
7290101864127,false,ספריי להסרת כתמים וניש קליה (750 מל),רקיט בנקיזר (ניר איסט) בעמ,,,"י""ח",750,"ל מ""ל",false,1,16.90,2.25,true,1,
7290101865261,false,נוזל הברקה למדיח כלים פיניש (800 מל),רקיט בנקיזר (ניר איסט) בעמ,,,"י""ח",800,"ל מ""ל",false,1,19.90,2.49,false,1,
7290101866633,false,וניש קליה גל להסרת כתמים 3 ליטר אוקסיפרש,רקיט בנקיזר (ניר איסט) בעמ,,,"י""ח",1.70,ליטר,false,1,29.90,17.59,false,1,
7290101866787,false,וניש קליה נוזל מסיר כתמים לכביסה לבנה 3 ליטר,רקיט בנקיזר (ניר איסט) בעמ,,,"י""ח",3,ליטר,false,1,29.90,9.97,false,1,
7290101868460,false,"אבקת כביסה קולון 101 8 ק""ג",רקיט בנקיזר (ניר איסט) בעמ,,,"י""ח",8,"ק""ג",false,1,54.90,6.86,false,1,
7290101868958,false,פיניש נוזל הברקה למדיח בניחוח לימון,רקיט בנקיזר (ניר איסט) בעמ,,,"י""ח",800,"ל מ""ל",false,1,19.90,2.49,false,1,
7290101869795,false,"אירוויק מילוי מבשם אויר אטומטי חלום ליל קיץ 250 מ""ל",רקיט בנקיזר (ניר איסט) בעמ,,,"י""ח",1,,false,1,15.90,15.90,true,1,
7290101869818,false,"אירוויק מכשיר חשמלי+מילוי בניחוח חלום ליל קיץ 19 מ""ל",רקיט בנקיזר (ניר איסט) בעמ,,,"י""ח",1,"י""ח",false,1,29.90,29.90,true,1,
7290102030330,false,תפוצ`יפס אקסטרא מקסיקני 200 גרם +20 תו,"שטראוס פריטו ליי בע""\מ )",,,"י""ח",200,ל גרם,false,1,10.90,5.45,true,1,
7290102032334,false,אבקה להכנת משקה קפה בטעם וניל,"שטראוס גרופ בע""מ",,,"י""ח",200,ל גרם,false,1,21.90,10.95,true,1,
7290102035151,false,דנונה אקטיביה טבעי150גרם,שטראוס גרופ בעמ/מצונן,,,"י""ח",150,"ל מ""ל",false,1,3.80,2.53,true,1,
7290102060764,false,מארז זוג מברשות שיניים מרידול,יבואן ומשווק: ש. שסט,,,"י""ח",1,,false,1,33.90,33.90,false,1,
7290102300822,false,גבינה צ'דר אנגלית כתומה 200 גרם,א. סיימן סחר בעמ,,,"י""ח",200,ל גרם,false,1,24.90,12.45,true,1,
7290102302864,false,גבינה הולנדית עם פסטו ירוק 34%,הנרי ויליך Henri Willig,,,"י""ח",200,ל גרם,false,1,34.90,17.45,false,1,
7290102302987,false,גאיה בסגנון צ'דר בפרוסות 150 גרם,קריניציה ויטמינה אס,,,"י""ח",150,ל גרם,false,1,22.90,15.27,true,1,
7290102390427,false,יוגורט ביו עם קציפת תות 3% שומן 150 ג' מולר,החברה המרכזית טלהפצת משקאות בע,,,"י""ח",150,"ל מ""ל",false,1,5.30,3.53,true,1,
7290102390465,false,יוגורט ביו עם קציפת אפרסק ופסיפלורה 3% שומן 150 ג' מולר,החברה המרכזית טלהפצת משקאות בע,,,"י""ח",150,"ל מ""ל",false,1,5.30,3.53,true,1,
7290102390489,false,יוגורט ביו עם קציפת לימון 3% שומן 150 ג' מולר,*החברה המרכזית להפצת משקאותבעמ,,,"י""ח",150,"ל מ""ל",false,1,5.30,3.53,true,1,
7290102391844,false,יוגורט ביו עם קציפת פירות יער3% שומן 150 ג' מולר,החברה המרכזית טלהפצת משקאות בע,,,"י""ח",150,"ל מ""ל",false,1,5.30,3.53,true,1,
7290102392094,false,חלב עיזים 3.7% בקרטון משק צוריאל 1 ליטר,החברה המרכזית טלהפצת משקאות בע,,,"י""ח",1,ליטר,false,1,15.90,15.90,true,1,
7290102392254,false,"חלב בקרטון 1% 2 ליטר בד""צ - מוצר בפיקוח",*החברה המרכזית להפצת משקאותבעמ,,,"י""ח",2,ליטר,false,1,11.72,5.86,false,1,
7290102393039,false,"יוגורט ביו קרמי מיקס פצפוצי שוקולד 7.6% מולר 170 מ""ל",*החברה המרכזית להפצת משקאותבעמ,,,"י""ח",500,ל גרם,false,1,6,1.20,false,1,
7290102393060,false,"יוגורט ביו קרמי מיקס גלילי ופל ואגוזים 5.9% מולר 170 מ""ל",*החברה המרכזית להפצת משקאותבעמ,,,"י""ח",500,ל גרם,false,1,6,1.20,false,1,
7290102393169,false,"יוגורט סימפלי פרוט בטעם תות 3% מולר 150 מ""ל",*החברה המרכזית להפצת משקאותבעמ,,,"י""ח",150,"ל מ""ל",false,1,5.30,3.53,true,1,
7290102393176,false,סימפלי פרוט יוגורט אפרסק 3% שומן 150 ג' מולר,*החברה המרכזית להפצת משקאותבעמ,,,"י""ח",150,"ל מ""ל",false,1,5.30,3.53,true,1,
7290102393190,false,"יוגורט סימפלי פרוט בטעם פירות יער 3% מולר 150 מ""ל",*החברה המרכזית להפצת משקאותבעמ,,,"י""ח",150,"ל מ""ל",false,1,5.30,3.53,true,1,
7290102393268,false,"גבינה לבנה 5% שומן, רכיבים טבעיים 750 גרם",*החברה המרכזית להפצת משקאותבעמ,,,"י""ח",750,ל גרם,false,1,14.94,1.99,true,1,
7290102393299,false,יוגורט עיזים לשתייה 3% משק צוריאל 500 גרם,*החברה המרכזית להפצת משקאותבעמ,,,"י""ח",500,"ל מ""ל",false,1,10.90,2.18,true,1,
7290102393718,false,גבינת חלומי מחלב בקר 28% משק צוריאל 200 גרם,*החברה המרכזית להפצת משקאותבעמ,,,"י""ח",200,ל גרם,false,1,19.90,9.95,true,1,
7290102393848,false,יוגורט עיזים 2.4% עם תות משק צוריאל 150 גרם,*החברה המרכזית להפצת משקאותבעמ,,,"י""ח",140,"ל מ""ל",false,1,5,3.57,true,1,
7290102393855,false,יוגורט עיזים 2.5% עם אפרסק משק צוריאל 150 גרם,*החברה המרכזית להפצת משקאותבעמ,,,"י""ח",140,"ל מ""ל",false,1,5,3.57,true,1,
7290102393947,false,סימפלי פרוט יוגורט בטעם קיווי 3% שומן 150 ג' מולר,*החברה המרכזית להפצת משקאותבעמ,,,"י""ח",150,"ל מ""ל",false,1,5.30,3.53,true,1,
7290102394258,false,גליל גבינת עיזים מה עז 9% משק צוריאל 180 גרם,*החברה המרכזית להפצת משקאותבעמ,,,"י""ח",180,ל גרם,false,1,23.30,12.94,true,1,
7290102394463,false,נעם גבינה צהובה פרוסה ואקום 28% טרה 500 גרם,החברה המרכזית טלהפצת משקאות בע,,,"י""ח",500,ל גרם,false,1,25.90,5.18,false,1,
7290102394845,false,נעם גבינה צהובה לייט פרוסה דק דק 9% טרה 200 גרם,*החברה המרכזית להפצת משקאותבעמ,,,"י""ח",200,ל גרם,false,1,14.90,7.45,true,1,
7290102395101,false,ממרח גבינה ושוקולד מוו טרה 200 גרם,החברה המרכזית טלהפצת משקאות בע,,,"י""ח",227,ל גרם,false,1,11.90,5.24,false,1,
7290102395217,false,"יוגורט ביאנקו 2% במתיקות מעודנת מולר 1.2 ק""ג",החברה המרכזית טלהפצת משקאות בע,,,"י""ח",900,ל גרם,false,1,16.90,1.88,false,1,
7290102395224,false,שמיניית יוגורט ביו ביאנקו 1.7% מולר 150 גרם,*החברה המרכזית להפצת משקאותבעמ,,,"י""ח",900,ל גרם,false,1,15.90,1.77,false,1,
7290102395231,false,שמיניית יוגורט ביו ביאנקו 2.8% מולר 150 גרם,*החברה המרכזית להפצת משקאותבעמ,,,"י""ח",900,ל גרם,false,1,15.90,1.77,false,1,
7290102395378,false,נעם גבינה צהובה פרוסה ואקום 28% טרה 360 גרם,*החברה המרכזית להפצת משקאותבעמ,,,"י""ח",360,ל גרם,false,1,20.90,5.81,false,1,
7290102395439,false,מארז 8 גביעים יוגורט בטעם פירות יער וקיווי 3% Simply Fruit,*החברה המרכזית להפצת משקאותבעמ,,,"י""ח",150,"ל מ""ל",false,1,30.90,20.60,false,1,
7290102395446,false,מעדן חלב בטעם וניל עם קצפת 123 ג' טרה,*החברה המרכזית להפצת משקאותבעמ,,,"י""ח",250,ל גרם,false,1,2.90,1.16,false,1,
7290102395477,false,מעדן חלב בטעם שוקולד עם קצפת 123 ג' טרה,*החברה המרכזית להפצת משקאותבעמ,,,"י""ח",250,ל גרם,false,1,2.90,1.16,false,1,
7290102395521,false,"שמנת לבישול 15% שומן 500 מ""ל טרה",החברה המרכזית טלהפצת משקאות בע,,,"י""ח",500,"ל מ""ל",false,1,14.90,2.98,true,1,
7290102396399,false,מארז 8 יחידות מעדן חלב בטעם שוקולד 1.5%,*החברה המרכזית להפצת משקאותבעמ,,,"י""ח",800,ל גרם,false,1,14.20,1.78,false,1,
7290102396405,false,מארז 8 יחידות מעדן חלב בטעם וניל 1.5%,החברה המרכזית טלהפצת משקאות בע,,,"י""ח",800,ל גרם,false,1,14.20,1.78,false,1,
7290102396436,false,מעדן בטעם שוקולד 1.5% שומן מוו (125 גרם),*החברה המרכזית להפצת משקאותבעמ,,,"י""ח",250,ל גרם,false,1,2.90,1.16,true,1,
7290102396443,false,מעדן בטעם וניל 1.5% שומן מוו (125 גרם),*החברה המרכזית להפצת משקאותבעמ,,,"י""ח",250,ל גרם,false,1,2.90,1.16,true,1,
7290102396580,false,מעדן מוו שוקולד ומוס שוקולד טרה 118 גרם,החברה המרכזית טלהפצת משקאות בע,,,"י""ח",123,ל גרם,false,1,2.90,2.36,false,1,
7290102396597,false,מעדן מוו וניל ומוס שוקולד טרה 118 גרם,*החברה המרכזית להפצת משקאותבעמ,,,"י""ח",123,ל גרם,false,1,2.90,2.36,false,1,
7290102396665,false,צהובה פרוסות דקדק פתח סגור 15% 200 גר`,*החברה המרכזית להפצת משקאותבעמ,,,"י""ח",200,ל גרם,false,1,14.90,7.45,true,1,
7290102396672,false,גבינה צהובה נעם דק דק 9% פתח סגור 360 ג,*החברה המרכזית להפצת משקאותבעמ,,,"י""ח",360,ל גרם,false,1,24.90,6.92,false,1,
7290102396740,false,מארז 8 גביעים יוגורט בטעם תות שדה ואפרסק 0% Simply Fruit,החברה המרכזית טלהפצת משקאות בע,,,"י""ח",8,"י""ח",false,1,30.90,3.86,false,1,
7290102397075,false,יוגורט בקרטון 4% שומן 1.5ל' טרה,*החברה המרכזית להפצת משקאותבעמ,,,"י""ח",1.50,ליטר,false,1,14.50,9.67,false,1,
7290102397204,false,גבינה צהובה נעם דק דק פתח סגור 200 גר,*החברה המרכזית להפצת משקאותבעמ,,,"י""ח",200,ל גרם,false,1,14.90,7.45,true,1,
7290102397310,false,מעדן מיני בטעם שוקולד קצפת מוו מאגדת 8 יח' * 70 ג',החברה המרכזית טלהפצת משקאות בע,,,"י""ח",250,ל גרם,false,1,11.90,4.76,false,1,
7290102397334,false,גבינה בולגרית גלילית 5% משק צוריאל 250 גרם,החברה המרכזית טלהפצת משקאות בע,,,"י""ח",250,ל גרם,false,1,19.90,7.96,false,1,
7290102397464,false,יוגורט ביו בתוספת גרעינים אגוזים וחמוציות 170 ג' מולר,החברה המרכזית טלהפצת משקאות בע,,,"י""ח",170,ל גרם,false,1,6,3.53,false,1,
7290102397600,false,מיקס יוגורט בתוספת שקדים ובוטנים מקורמלים 170 ג' מולר,החברה המרכזית טלהפצת משקאות בע,,,"י""ח",170,ל גרם,false,1,6,3.53,false,1,
7290102397679,false,קוטג' וחצי טרה 5% מרכיבים טבעיים,*החברה המרכזית להפצת משקאותבעמ,,,"י""ח",350,ל גרם,false,1,7.90,2.26,false,1,
7290102397730,false,פרוסות גבינה אמנטל חצי קשה 30% שומן 200 ג' נעם,*החברה המרכזית להפצת משקאותבעמ,,,"י""ח",200,ל גרם,false,1,17.90,8.95,true,1,
7290102397747,false,פרוסות גבינת מוצרלה נעם מחלב בקר 22%,*החברה המרכזית להפצת משקאותבעמ,,,"י""ח",200,ל גרם,false,1,18.90,9.45,true,1,
7290102397891,false,גבינה ניו יורק מותכת %16 4*25 גרם,החברה המרכזית טלהפצת משקאות בע,,,"י""ח",100,"ל מ""ל",false,1,6.90,6.90,false,1,
7290102398065,false,חלב טרה בקרטון 2 ליטר מהדרין 3% - מוצר בפיקוח,*החברה המרכזית להפצת משקאותבעמ,,,"י""ח",2,ליטר,false,1,12.46,6.23,false,1,
7290102398072,false,"חלב קרטון 3%-1 ליטר "" טרה"" -מוצר פיקוח",החברה המרכזית טלהפצת משקאות בע,,,"י""ח",1,ליטר,false,1,6.23,6.23,false,1,
7290102398331,false,חלב מועשר דל לקטוז 2% שומן טרה 1 ליטר,*החברה המרכזית להפצת משקאותבעמ,,,"י""ח",1,ליטר,false,1,7.70,7.70,false,1,
7290102398478,false,לאבנה 9% שומן 500 ג' טרה,החברה המרכזית טלהפצת משקאות בע,,,"י""ח",500,ל גרם,false,1,15.90,3.18,false,1,
7290102398560,false,משקה שוקו מועשר בבקבוק 1 ליטר טרה,החברה המרכזית טלהפצת משקאות בע,,,"י""ח",1,ליטר,false,1,12.10,12.10,true,1,
7290102398577,false,משקה חלב בטעם שוקו 2% בבקבוק אישי,החברה המרכזית טלהפצת משקאות בע,,,"י""ח",250,"ל מ""ל",false,1,5.70,2.28,true,1,
7290102398614,false,משקה חלב טרה ט. בננה 1ליטר בקבוק,*החברה המרכזית להפצת משקאותבעמ,,,"י""ח",1,ליטר,false,1,12.10,12.10,true,1,
7290102398638,false,משקה חלב טרה ט.מוקה 1ליטר בקבוק,החברה המרכזית טלהפצת משקאות בע,,,"י""ח",1,ליטר,false,1,12.10,12.10,true,1,
7290102398669,false,משקה חלב אייס קפוצ'ינו טרה 1 ליטר,החברה המרכזית טלהפצת משקאות בע,,,"י""ח",1,ליטר,false,1,12.10,12.10,true,1,
7290102398782,false,.משקה סויה קלאסי 1ל בקבוק משק צוריא,*החברה המרכזית להפצת משקאותבעמ,,,"י""ח",1,ליטר,false,1,11.90,11.90,false,1,
7290102398805,false,משקה סויה בטעם וניל 1ל בקבוק משק צוריא,החברה המרכזית טלהפצת משקאות בע,,,"י""ח",1,ליטר,false,1,11.90,11.90,false,1,
7290102398836,false,משקה שקדים קלאסי 1 ליטר משק צוריאל,החברה המרכזית טלהפצת משקאות בע,,,"י""ח",1,ליטר,false,1,12.90,12.90,false,1,
7290102399048,false,פרוסות גבינת קשקבל נעם 200 ג' טרה,*החברה המרכזית להפצת משקאותבעמ,,,"י""ח",200,ל גרם,false,1,17.90,8.95,true,1,
7290102399635,false,"מולר פרופ יוגורט ביו עם קציפת קוקוס ואננס 150 מ""ל",*החברה המרכזית להפצת משקאותבעמ,,,"י""ח",150,ל גרם,false,1,5.30,3.53,true,1,
7290102399789,false,מולר ספרדבל-ממרח חמאת מולר ללא מלח 250 גרם,החברה המרכזית טלהפצת משקאות בע,,,"י""ח",250,ל גרם,false,1,16.90,6.76,true,1,
7290102399802,false,יוגורט עם תות מולר אקטיב מועשר בחלבון 200 גר',החברה המרכזית טלהפצת משקאות בע,,,"י""ח",200,"ל מ""ל",false,1,6,3,true,1,
7290102399819,false,יוגורט עם פירות יער מולר אקטיב מועשר בחלבון 200 גר',החברה המרכזית טלהפצת משקאות בע,,,"י""ח",200,"ל מ""ל",false,1,6,3,true,1,
7290102399857,false,מולר אקטיב לייט 20 גרם חלבון 0% שומן עם תות 200 גרם,החברה המרכזית טלהפצת משקאות בע,,,"י""ח",200,"ל מ""ל",false,1,6,3,true,1,
7290102840175,false,אינסטנט פודינג בטעם וניל מיה (85 גרם),מיה תעשיות מזון מ.ת.מ. בעמ,,,"י""ח",85,ל גרם,false,1,3.90,4.59,false,1,
7290103124601,false,"תחליב רחצה נוזל חלב ודבש משאבה 750מ""ל פלמוליב",הנסיך- מפעל לייצור ט,,,"י""ח",750,"ל מ""ל",false,1,19.90,2.65,true,1,
7290103126797,false,"משחת שיניים סנסטיב פרו ריליף קולגייט 75 מ""ל",הנסיך- מפעל לייצור ט,,,"י""ח",75,"ל מ""ל",false,1,18.90,25.20,true,1,
7290103129378,false,ספיד סטיק - דאודורנט ג'ל לגבר איקס 5 85 גרם,הנסיך- מפעל לייצור ט,,,"י""ח",100,ל גרם,false,1,24.90,24.90,true,1,
7290103205409,false,די.וי.די במחיר מיוחד,דוצי ג`י בעמ,,,"י""ח",1,,false,1,19.90,19.90,false,1,
7290103401429,false,קפה קצב ברזילאי אוריגינס 200 גר,הנסיך- מפעל לייצור ט,,,"י""ח",200,ל גרם,false,1,24.90,12.45,true,1,
7290103404758,false,סלט כרוב אדום במיונז אחלה 120 גרם,שטראוס גרופ בעמ/מצונן,,,"י""ח",120,ל גרם,false,1,4.70,3.92,true,1,
7290103408206,false,עלי חסה ערבית שטופים 250 גר טעם הטבע,ביכורי השדה הצפון בעמ` 1964,,,"י""ח",250,ל גרם,false,1,9.90,3.96,true,1,
7290103700034,false,טאצ' מטליות בגליל שניב,שניב תעשיות נייר בעמ,,,"י""ח",1,,false,1,18.90,18.90,false,1,
7290103700324,false,שאפו זוג שקיות אוכל מתכלות בקרטון 300יח',שניב תעשיות נייר בעמ,,,"י""ח",150,"י""ח",false,1,11.90,0.08,false,1,
7290103701017,false,נייר אפיה נשלף טאצ 50 יחידות כשלפ,שניב תעשיות נייר בעמ,,,"י""ח",10,"י""ח",false,1,9.90,0.99,true,1,
7290103701031,false,טאצ כוס קרטון 4 אוז,שניב תעשיות נייר בעמ,,,"י""ח",1,,false,1,7.90,7.90,false,1,
7290103701055,false,כוסות חד פעמי שתיה חמה 8OZ,שניב תעשיות נייר בעמ,,,"י""ח",0,"י""ח",false,1,10.90,10.90,false,1,
7290103701079,false,טאצ כוס קרטון 10 oz,שניב תעשיות נייר בעמ,,,"י""ח",1,,false,1,14.90,14.90,false,1,
7290103701161,false,ניילון נצמד 150 מטר טאצ',שניב תעשיות נייר בעמ,,,"י""ח",150,מטר,false,1,25.90,0.17,false,1,
7290103701185,false,טאצ מפות 8 יח עבות במיוחד,שניב תעשיות נייר בעמ,,,"י""ח",1,,false,1,14.90,14.90,false,1,
7290103701192,false,טאצ מפות 6 בתוספת 50%,שניב תעשיות נייר בעמ,,,"י""ח",6,"י""ח",false,1,14.90,2.48,false,1,
7290103702229,false,טאצ מפות שולחן שמינייה עבות במיוחד,שניב תעשיות נייר בעמ,,,"י""ח",1,,false,1,9.90,9.90,false,1,
7290103702243,false,טאצ' אשפתון עבה וחזק 25 יח' שטוח עם ידיות,שניב תעשיות נייר בעמ,,,"י""ח",50,"י""ח",false,1,19.90,0.40,true,1,
7290103702328,false,טאצ`אשפתון עבה וחזק במיוחד 25יח בגליל,שניב תעשיות נייר בעמ,,,"י""ח",50,"י""ח",false,1,16.90,0.34,true,1,
7290103702540,false,נייר טואלט מהדרות כדור פורח 30 גלילים טאצ',שניב תעשיות נייר בעמ,,,"י""ח",30,"י""ח",false,1,26.90,0.90,true,1,
7290103703004,false,נייר טואלט מהדורת פרחים 40 גלילים טאצ',שניב תעשיות נייר בעמ,,,"י""ח",40,"י""ח",false,1,35.90,0.90,false,1,
7290103703219,false,דלי מטליות לחות לניקוי כללי בניחוח לימון טאצ',סאסאטק אגשח בעמ,,,"י""ח",7,"י""ח",false,1,21.90,3.13,true,1,
7290103703233,false,מטליות טאצ' לחות תפוח לניקוי כללי דלי,סאסאטק אגשח בעמ,,,"י""ח",1,"י""ח",false,1,21.90,21.90,true,1,
7290103703738,false,טאצ מפות עבות במיוחד 45מטר בגליל.,שניב תעשיות נייר בעמ,,,"י""ח",45,מטר,false,1,31.90,0.71,false,1,
7290103703745,false,טאצ מפות עבות 45 מטר בגליל,שניב תעשיות נייר בעמ,,,"י""ח",45,מטר,false,1,18.90,0.42,false,1,
7290103703899,false,מפיות טאצ 80 יחי' צבעים כהים חד שכבתיות,שניב תעשיות נייר בעמ,,,"י""ח",80,"י""ח",false,1,4.90,0.06,false,1,
7290103704063,false,נייר טואלט טאצ מהדורת כדור פורח 48 יחי,שניב תעשיות נייר בעמ,,,"י""ח",48,"י""ח",false,1,39.90,0.83,false,1,
7290103704155,false,נייר מגבת טאצ' 6 גלילים מהדורת 2021,שניב תעשיות נייר בעמ,,,"י""ח",6,"י""ח",false,1,10.90,1.82,false,1,
7290103704186,false,מגבות מטבח כפול טאצ`מהדורת 2021 6 יחידות,שניב תעשיות נייר בעמ,,,"י""ח",6,"י""ח",false,1,19.90,3.32,true,1,
7290103704674,false,רדיד אלומיניום קומפקט 16 50 מ' טאצ',שניב תעשיות נייר בעמ,,,"י""ח",1,,false,1,34.90,34.90,false,1,
7290103704766,false,נייר טואלט 24 גליל כפול מהדורת פרח סגול,"שניב תעשיות נייר בע""\מ",,,"י""ח",883,מטר,false,1,41.90,0.05,true,1,
7290103722005,false,נייר טואלט לאבלי 32 ג' לבן-מרכז,שניב תעשיות נייר בעמ,,,"י""ח",588,מטר,false,1,36.90,0.06,false,1,
7290103746001,false,ממחטות טאצ`חמישייה צבעוני 500 דף,שניב תעשיות נייר בעמ,,,"י""ח",1,,false,1,13.90,13.90,true,1,
7290104061417,false,סלט חומוס עם טחינה אחלה 400 גרם,שטראוס גרופ בעמ/מצונן,,,"י""ח",400,ל גרם,false,1,10.90,2.73,true,1,
7290104061424,false,סלט חומוס עם זעתר אחלה 400 גרם,שטראוס גרופ בעמ/מצונן,,,"י""ח",400,ל גרם,false,1,10.90,2.73,true,1,
7290104061431,false,סלט חומוס עם צנובר אחלה 400 גרם,שטראוס גרופ בעמ/מצונן,,,"י""ח",400,ל גרם,false,1,10.90,2.73,true,1,
7290104061448,false,סלט חומוס עם חריף אחלה 400 גרם,שטראוס גרופ בעמ/מצונן,,,"י""ח",400,ל גרם,false,1,10.90,2.73,true,1,
7290104062599,false,מארז 8 יחידות מעדן גמדים בטעמי תות ובננה,שטראוס גרופ בעמ/מצונן,,,"י""ח",800,ל גרם,false,1,17.90,2.24,true,1,
7290104064012,false,חטיף פסק זמן GOOD שוקולד לבן גוד 36 גרם,שולן צ'יקולטה גידה ס,,,"י""ח",36,ל גרם,false,1,4.90,13.61,true,1,
7290104065187,false,אבקה להכנת משקה קפה בטעם מוקה,"שטראוס גרופ בע""מ",,,"י""ח",200,ל גרם,false,1,21.90,10.95,true,1,
7290104066566,false,סלט טחינה שומשום מלא 500גר אחלה,שטראוס גרופ בעמ/מצונן,,,"י""ח",500,ל גרם,false,1,14.90,2.98,true,1,
7290104067693,false,חומוס אחלה עם תוספת חריף 150 גר,שטראוס גרופ בעמ/מצונן,,,"י""ח",150,ל גרם,false,1,5.90,3.93,true,1,
7290104068539,false,מאסט פליפטופ מלון ואבטיח ללא גרעינים,שטראוס גרופ בע`מ,,,"י""ח",28,ל גרם,false,1,4.30,15.36,true,1,
7290104068546,false,גומי מאסט בטעם לימון קולה ללא סוכר 28 ג' עלית,שטראוס גרופ בע`מ,,,"י""ח",28,ל גרם,false,1,4.30,15.36,true,1,
7290104500572,false,אפרופו חטיף תירס איטליאנו אסם 50 גרם,קבוצת אוסם סחר-שות.מוגבלת,,,"י""ח",50,ל גרם,false,1,5,10,true,1,
7290104503184,false,הבית עוגת שבת בראוניס טעם שוקולד ריבת חלב 380 גרם,קבוצת אוסם סחר-שות.מוגבלת,,,"י""ח",380,ל גרם,false,1,18.90,4.97,false,1,
7290104504228,false,מיני דובונים אסם 100 גרם מארז 5 יחידות,קבוצת אוסם סחר-שות.מוגבלת,,,"י""ח",100,ל גרם,false,1,13.90,13.90,true,1,
7290104508202,false,גביעי גלידה אמריקאים אסם 120 גרם 24 יחידות,קבוצת אוסם סחר-שות.מוגבלת,,,"י""ח",24,"י""ח",false,1,13.90,0.58,false,1,
7290104508943,false,במבה חטיף בוטנים אסם 200 גרם,קבוצת אוסם סחר-שות.מוגבלת,,,"י""ח",200,ל גרם,false,1,9.90,4.95,true,1,
7290104720499,false,מארז 8 יחידות מעדן דני בטעם וניל 1.5%,שטראוס גרופ בעמ/מצונן,,,"י""ח",1,"ק""ג",false,1,14.90,14.90,true,1,
7290104721533,false,רצועות פלפלים קלויים אחלה (400 גרם),שטראוס גרופ בעמ/מצונן,,,"י""ח",400,ל גרם,false,1,14.90,3.73,true,1,
7290104722530,false,תפוצ'יפס בטעם שמנת בצל עלית 200 גרם,"שטראוס פריטו ליי בע""\מ )",,,"י""ח",200,ל גרם,false,1,10.90,5.45,true,1,
7290104726712,false,מארז 8 יחידות מעדן מילקי בטעם שוקולד עם קצפת,שטראוס גרופ בעמ/מצונן,,,"י""ח",868,"ל מ""ל",false,1,19.90,2.29,true,1,
7290104728310,false,"שמנת מתוקה עמידה 38% שומן ""יטבתה"" -מוצר בפיקוח",שטראוס גרופ בעמ/מצונן,,,"י""ח",250,"ל מ""ל",false,1,6.47,2.59,true,1,
7290104729003,false,"יד מרדכי - שמן זית כתית מעולה 2 קלאסי 750 מ""ל",מכוורת יד מרדכי שטרא,,,"י""ח",750,"ל מ""ל",false,1,33.30,4.44,true,1,
7290104729010,false,"לבן בטעם תות יטבתה 100 מ""ל מהדרין",שטראוס גרופ בעמ (ח),,,"י""ח",100,"ל מ""ל",false,1,1.20,1.20,true,1,
7290104851988,false,מפות שולחן עבות 1.35*3 8יח`,פאלאס תעשיות נטו (2014) בעמ,,,"י""ח",8,"י""ח",false,1,6.90,0.86,false,1,
7290104852152,false,נריות 6 שעות 72 יחי בקופסא,פאלאס תעשיות נטו (2014) בעמ,,,"י""ח",1,,false,1,32.90,32.90,false,1,
7290104859786,false,תבנית אלומניום בינונית R31 פאלאס 7 יח,פאלאס תעשיות נטו (2014) בעמ,,,"י""ח",1,,false,1,12.90,12.90,false,1,
7290104859793,false,תבנית אלומניום ענק R99 פאלאס 4 יח,פאלאס תעשיות נטו (2014) בעמ,,,"י""ח",1,,false,1,12.90,12.90,false,1,
7290104859809,false,תבנית אלומניום אינגליש R88 פאלאס 14 יח,פאלאס תעשיות נטו (2014) בעמ,,,"י""ח",1,,false,1,12.90,12.90,false,1,
7290104859816,false,תבנית אלומניום בינונית R2 פאלאס 7 יח,פאלאס תעשיות נטו (2014) בעמ,,,"י""ח",1,,false,1,12.90,12.90,false,1,
7290104859823,false,תבנית אלומניום עמוקה R64 פאלאס 8 יח,פאלאס תעשיות נטו (2014) בעמ,,,"י""ח",1,,false,1,12.90,12.90,false,1,
7290104859830,false,תבנית אלומניום עגולה c10 פאלאס 8 יח,פאלאס תעשיות נטו (2014) בעמ,,,"י""ח",1,,false,1,12.90,12.90,false,1,
7290104960239,false,תחליב רחצה בניחוח קמומיל נקה (7507 מל),טרופיקל דגיל תעשיות קוסמ,,,"י""ח",750,"ל מ""ל",false,1,9.90,1.32,false,1,
7290104960253,false,נקה 7 ארומה תחליב רחצה לבנדר ענוג 750,החברה הדרומית לשיווק בעמ,,,"י""ח",750,"ל מ""ל",false,1,9.90,1.32,false,1,
7290104960352,false,"נקה 7 תחליב רחצה ארומה שקד וניל 750מ""ל",החברה הדרומית לשיווק בעמ,,,"י""ח",750,"ל מ""ל",false,1,9.90,1.32,false,1,
7290104960970,false,דאודורנט ספריי טיטניום מטאל Titanium Metal,אמיליה קוסמטיקס בעמ,,,"י""ח",150,"ל מ""ל",false,1,14.90,9.93,false,1,
7290104961205,false,"נקה 7 תחליב רחצה מגע קטיפה מ""לפפון קיווי 750 מ""ל",טרופיקל דגיל תעשיות קוסמ,,,"י""ח",750,"ל מ""ל",false,1,9.90,1.32,false,1,
7290104961243,false,"נקה 7 תחליב רחצה מגע קטיפה קוקוס ליים 750 מ""ל",טרופיקל דגיל תעשיות קוסמ,,,"י""ח",750,"ל מ""ל",false,1,9.90,1.32,false,1,
7290104961878,false,"שמפו לשיער קרטין אינטנס פורמולה 400 מ""ל נטורל",החברה הדרומית לשיווק בעמ,,,"י""ח",700,"ל מ""ל",false,1,29.90,4.27,false,1,
7290104961892,false,מסכת קרטין טהור לשיער שעבר החלקה או עיצוב בחום,החברה הדרומית לשיווק בעמ,,,"י""ח",700,"ל מ""ל",false,1,39.90,5.70,false,1,
7290104962080,false,דאודורנט ספריי גוף טיטניום גולד Titanium Gold,החברה הדרומית לשיווק בעמ,,,"י""ח",150,"ל מ""ל",false,1,10.90,7.27,false,1,
7290104962684,false,"קרליין - נושם דאודורנט רול און לאישה ללא אלומיניום 75 מ""ל",מיוצר עי : אמיליה קוסמטי,,,"י""ח",75,ל גרם,false,1,11.90,15.87,false,1,
7290104963001,false,סופטקר מגבונים לחים רביעייה בניחוח עדין,החברה הדרומית לשיווק בעמ,,,"י""ח",4,"י""ח",false,1,17.90,4.48,false,1,
7290104963018,false,סופטקר מגבונים לחים רביעייה ללא בישום,החברה הדרומית לשיווק בעמ,,,"י""ח",4,"י""ח",false,1,18.90,4.73,false,1,
7290104963162,false,"סופטקר - קרם גוף לתינוקות 500 מ""ל",החברה הדרומית לשיווק בעמ,,,"י""ח",500,"ל מ""ל",false,1,24.90,4.98,false,1,
7290104963216,false,סופטקר - אל סבון עדין לתינוק לעור רגיש 1 ליטר,החברה הדרומית לשיווק בעמ,,,"י""ח",1,ליטר,false,1,14.90,14.90,false,1,
7290105362339,false,"שמנת לבישול 15% 250 מ""ל יטבתה מהדרין",שטראוס גרופ בעמ/מצונן,,,"י""ח",250,"ל מ""ל",false,1,7.60,3.04,true,1,
7290105363602,false,מקלות כיף כף קלאסי עלית (40 גרם),שולן צ'\יקולטה גידה סאן.,,,"י""ח",40,ל גרם,false,1,4.80,12,true,1,
7290105364289,false,מקלות כיף כף פצפוצים עלית 40 גרם,שולן צ'\יקולטה גידה סאן.,,,"י""ח",40,ל גרם,false,1,4.80,12,true,1,
7290105364302,false,"עלית חטיף שוקולד כיף כף מקלות אגוזים, 40 גרם",שולן צ'\יקולטה גידה סאן.,,,"י""ח",40,ל גרם,false,1,4.80,12,true,1,
7290105364678,false,"אקטיביה משקה יוגורט בטעם אפרסק שטראוס 250 מ""ל",שטראוס גרופ בעמ/מצונן,,,"י""ח",250,"ל מ""ל",false,1,4.90,1.96,true,1,
7290105366023,false,סלט חצילים בטעם כבד אחלה 400 גרם,שטראוס גרופ בעמ/מצונן,,,"י""ח",400,ל גרם,false,1,14.90,3.73,true,1,
7290105366993,false,סימפוניה גבינת שמנת פלפל שיפקה 5% שטראוס 200 גרם,שטראוס גרופ בעמ/מצונן,,,"י""ח",200,ל גרם,false,1,7.90,3.95,true,1,
7290105368225,false,חומוס עם פלפל שיפקה אחלה (400 גרם),שטראוס גרופ בעמ/מצונן,,,"י""ח",400,ל גרם,false,1,10.90,2.73,true,1,
7290105368331,false,מעדן מילקי בטעם תות עם קצפת,שטראוס גרופ בעמ/מצונן,,,"י""ח",130,"ל מ""ל",false,1,2.70,2.08,true,1,
7290105368928,false,שמנת חמוצה יטבתה %9 200 מל גביע מהדרין,שטראוס גרופ בעמ/מצונן,,,"י""ח",200,"ל מ""ל",false,1,2.90,1.45,true,1,
7290105439499,false,מאסטר שף מאסטר שף מיונז 480 גר כשלפ,רמיה סי.וי. הולנד,,,"י""ח",481,ל גרם,false,1,11.90,2.47,false,1,
7290105439581,false,מנה מאסטר שף חרדל דיזיון צרפתי 370 גר,רמיה סי.וי.הולנד,,,"י""ח",370,ל גרם,false,1,10.90,2.95,false,1,
7290105501103,false,"מארז וויסקי גק דניאלס פלוס כוס 700 מ""ל",בראון פורמן,,,"י""ח",700,"ל מ""ל",false,1,119.90,17.09,true,1,
7290105691934,false,קמח שמרים אסם 1 קילו,קבוצת אוסם סחר שותפות מוגבלת,,,"י""ח",1,"ק""ג",false,1,10.90,10.90,false,1,
7290105693341,false,מארז עשיריית במבה אסם 25*10 גרם,קבוצת אוסם סחר שותפות מוגבלת,,,"י""ח",250,ל גרם,false,1,16.90,6.76,true,1,
7290105693457,false,עוגת הבית דמקה שוקו וניל 320 גר`בחושות,קבוצת אוסם סחר שותפות מוגבלת,,,"י""ח",400,ל גרם,false,1,11.90,2.98,false,1,
7290105693952,false,פירורית זהב אסם זהב שומשום 200 ג',קבוצת אוסם סחר שותפות מוגבלת,,,"י""ח",200,ל גרם,false,1,6.90,3.45,false,1,
7290105694614,false,פסטה אוסם ספגטי מהיר הכנה 500 גרם,קבוצת אוסם סחר שותפות מוגבלת,,,"י""ח",500,ל גרם,false,1,5.90,1.18,true,1,
7290105695024,false,פתיתים אפויים אורז עם אטריות אסם 500 גרם,קבוצת אוסם סחר שותפות מוגבלת,,,"י""ח",500,ל גרם,false,1,7.90,1.58,true,1,
7290105695321,false,עוגת הבית בראוניז פאדג' אסם 380 גרם,קבוצת אוסם סחר שותפות מוגבלת,,,"י""ח",380,ל גרם,false,1,18.90,4.97,false,1,
7290105962331,false,סחוג תימני אדום חריף מאוד זהבי הכרם 220 גרם,שטראוס גרופ בעמ/מצונן,,,"י""ח",220,ל גרם,false,1,10.90,4.95,true,1,
7290105964564,false,חומוס אחלה 400 גרם. שטראוס,שטראוס גרופ בעמ/מצונן,,,"י""ח",400,ל גרם,false,1,8.90,2.23,true,1,
7290105965738,false,יוגורט לשתיה בטעם תות בננה267 ג' דנונה,שטראוס גרופ בעמ/מצונן,,,"י""ח",267,ל גרם,false,1,3.90,1.46,true,1,
7290105966469,false,חומץ בלסמי ממודנה יד מרדכי (250 מל),אצטייה ג'וזפה קרמוני,,,"י""ח",250,"ל מ""ל",false,1,14.70,5.88,true,1,
7290105968098,false,"סלט קולסלאו 500 גרם ""אחלה""",שטראוס גרופ בעמ/מצונן,,,"י""ח",500,ל גרם,false,1,14.90,2.98,true,1,
7290105968654,false,רביולי עם בטטה פרווה שטראוס (400 גרם),שטראוס גרופ בעמ/מצונן,,,"י""ח",400,ל גרם,false,1,19.90,4.98,true,1,
7290105968777,false,פריכיות 5 דגנים עם תחתית שוקולד מריר 70 גרם,"טחנת האבן תעשיות בע""",,,"י""ח",1,,false,1,8.90,8.90,true,1,
7290106520066,false,"רבע לשבע שוקולד חלב במילוי אגוזים עלית 160 גרם בד""צ","הגביע מוצרי וופלים בע""\מ",,,"י""ח",160,ל גרם,false,1,12.90,8.06,true,1,
7290106520288,false,יוגורט פרו חלבון עם תות 2.4% שומן 150 ג' דנונה,שטראוס גרופ בעמ/מצונן,,,"י""ח",150,"ל מ""ל",false,1,4.50,3,true,1,
7290106520905,false,סלט טורקי אחלה (400 גרם),שטראוס גרופ בעמ/מצונן,,,"י""ח",400,ל גרם,false,1,14.90,3.73,true,1,
7290106520912,false,שמנת לבישול 9% שומן 258גר מהדרין יטבתה,שטראוס גרופ בעמ/מצונן,,,"י""ח",258,"ל מ""ל",false,1,7.60,2.95,true,1,
7290106521926,false,קפה טורקי בצלופן עלית 150 גרם,שטראוס קפה בי.ויn\.,,,"י""ח",150,ל גרם,false,1,13.50,9,true,1,
7290106525368,false,גלילי וופל רבע לשבע אין סייד אוט 125 גר,"הגביע מוצרי וופלים בע""\מ",,,"י""ח",120,ל גרם,false,1,12.90,10.75,true,1,
7290106526822,false,פריכיות אורז חום מלא תחתית שוקולד חלב 80 גרם,"טחנת האבן תעשיות בע""",,,"י""ח",80,ל גרם,false,1,8.90,11.13,true,1,
7290106528567,false,חטיף תירס גריל דוריטוס (185 גרם),"שטראוס פריטו ליי בע""\מ )",,,"י""ח",185,ל גרם,false,1,6.90,3.73,true,1,
7290106528628,false,חטיף תירס בטעם טבעי דוריטוס (185 גרם),"שטראוס פריטו ליי בע""\מ )",,,"י""ח",185,ל גרם,false,1,6.90,3.73,true,1,
7290106528949,false,סלט ערוגות שטראוס 450 גר`-טעם הטבע,ביכורי השדה הצפון בעמ` 1964,,,"י""ח",450,ל גרם,false,1,10.90,2.42,true,1,
7290106571921,false,פיטנס עוגיות עם חמוציות נסטלה (180 גרם),קבוצת אוסם סחר שותפות מוגבלת,,,"י""ח",180,ל גרם,false,1,11.90,6.61,true,1,
7290106572065,false,חטיפי טורטיה בטעם חמוץ מתוק אסם (60 גרם),קבוצת אוסם סחר שותפות מוגבלת,,,"י""ח",60,ל גרם,false,1,7.90,13.17,false,1,
7290106572959,false,אפרופו חטיף קלאסי 5חי*25גר,קבוצת אוסם סחר שותפות מוגבלת,,,"י""ח",150,ל גרם,false,1,13.10,8.73,true,1,
7290106573598,false,חומוס לבנוני צבר (400 גרם),קבוצת אוסם סחר שותפות מוגבלת,,,"י""ח",400,ל גרם,false,1,12.70,3.18,true,1,
7290106573628,false,חומוס עם טחינה צבר (400 גרם),קבוצת אוסם סחר שותפות מוגבלת,,,"י""ח",400,ל גרם,false,1,12.70,3.18,true,1,
7290106574793,false,עוגת הבית בטעם שוקו-שוקוצ'יפס 350 ג' אסם,קבוצת אוסם סחר שותפות מוגבלת,,,"י""ח",216,ל גרם,false,1,11.90,5.51,false,1,
7290106574953,false,בייגלה שטוחים כעכים שטוחים עם שומשום,קבוצת אוסם סחר שותפות מוגבלת,,,"י""ח",300,ל גרם,false,1,10.80,3.60,false,1,
7290106574977,false,בייגלה שטוחים טבעות עם מלח אסם (300 גרם),קבוצת אוסם סחר שותפות מוגבלת,,,"י""ח",300,ל גרם,false,1,10.80,3.60,false,1,
7290106575011,false,פתיתים אפויים קוסקוס מחיטה מלאה אסם 400 גרם,קבוצת אוסם סחר שותפות מוגבלת,,,"י""ח",500,ל גרם,false,1,7.60,1.52,false,1,
7290106575257,false,עוגת הבית סופלה בטעם שוקולד 340 ג' אסם,קבוצת אוסם סחר שותפות מוגבלת,,,"י""ח",340,ל גרם,false,1,11.90,3.50,false,1,
7290106575431,false,עוגת הבית סופלה בטעם שוקולד וניל 340 ג',קבוצת אוסם סחר-שות.מוגבלת,,,"י""ח",340,ל גרם,false,1,11.90,3.50,false,1,
7290106576223,false,אפרופו מצופה שוקולד 40 ג'!,קבוצת אוסם סחר שותפות מוגבלת,,,"י""ח",50,ל גרם,false,1,5,10,true,1,
7290106576513,false,סלט רק חומוס צבר 400 גרם,קבוצת אוסם סחר שותפות מוגבלת,,,"י""ח",400,ל גרם,false,1,11.90,2.98,false,1,
7290106576537,false,חומוס מסעדה צבר (700 גרם),קבוצת אוסם סחר שותפות מוגבלת,,,"י""ח",700,ל גרם,false,1,11.70,1.67,false,1,
7290106576797,false,"לה קרמריה גלידת וניל איטלקי כשל""פ 1.4ל'",נגה גלידות שותפות מוגבלת,,,"י""ח",1.40,ליטר,false,1,18.90,13.50,false,1,
7290106576919,false,"לה קרמריה סורבה תות לימו 1.4 ליטר כשל""פ",נגה גלידות שותפות מוגבלת,,,"י""ח",1.40,ליטר,false,1,18.90,13.50,false,1,
7290106576957,false,"לה קרמריה גלידת שוקו וניל פליק פרווה כשל""פ 1.4",נגה גלידות שותפות מוגבלת,,,"י""ח",1.40,ליטר,false,1,18.90,13.50,false,1,
7290106576971,false,גלידה לה קרמריה שוקולד בלגי 1.4 ל' נסטלה,נגה גלידות שותפות מוגבלת,,,"י""ח",1.40,ליטר,false,1,18.90,13.50,false,1,
7290106577541,false,צבר כרוב אדום מרובע 400גרם,קבוצת אוסם סחר-שות.מוגבלת,,,"י""ח",400,ל גרם,false,1,12.70,3.18,true,1,
7290106577572,false,מטבוחה אמיתית מרובע 400 ג' צבר,קבוצת אוסם סחר-שות.מוגבלת,,,"י""ח",400,ל גרם,false,1,12.90,3.23,true,1,
7290106578692,false,ביסלי במבה מיקס מהדורת אליפות אסם 80 גרם,קבוצת אוסם סחר שותפות מוגבלת,,,"י""ח",60,ל גרם,false,1,4.30,7.17,true,1,
7290106578821,false,הבית עוגת שמרים קלאסית בטעם שוקולד 350גר.,קבוצת אוסם סחר שותפות מוגבלת,,,"י""ח",350,ל גרם,false,1,17.90,5.11,false,1,
7290106652996,false,כיף כף מקלות קוקוס חלבי 40 גר',סולן בעבור שטראוס,,,"י""ח",40,ל גרם,false,1,4.80,12,true,1,
7290106653689,false,לקט לסלט אסייתי 350 גר`-טעם הטבע,ביכורי השדה הצפון בעמ` 1964,,,"י""ח",350,ל גרם,false,1,10.90,3.11,true,1,
7290106654099,false,מילקי CAKE עוגות אישיות במילוי קרם חלב,בובארד איטליה אס.פי.איי,,,"י""ח",272,ל גרם,false,1,19.90,7.32,true,1,
7290106656727,false,"עוגיות חיוכים שוקולד עלית 600 גרם בד""צ","אפיפית נצרת (1971) בע""\מ",,,"י""ח",600,ל גרם,false,1,17.90,2.98,true,1,
7290106663091,false,"לאבנה 9 % עם שמן זית 500 גר' ""שטראוס""",שטראוס גרופ בעמ/מצונן,,,"י""ח",500,ל גרם,false,1,16.90,3.38,true,1,
7290106663121,false,"עוגה אישית במילוי קרם חלב ""מילקי קייק"" שטראוס",בובארד איטליה אס.פי.איי,,,"י""ח",34,ל גרם,false,1,2.90,8.53,true,1,
7290106663503,false,קונפיטורת תות לייט יד מרדכי (230 גרם),אף.סי תבליני בגליל ב,,,"י""ח",250,ל גרם,false,1,13.70,5.48,true,1,
7290106664067,false,לאבנה עם שמן זית וזעתר 10% שטראוס 400 ג',שטראוס גרופ בעמ/מצונן,,,"י""ח",400,ל גרם,false,1,13.90,3.48,true,1,
7290106664555,false,"רוטב שמנת עם עגבניות 9% שומן 250 מ""ל יוטבתה",שטראוס גרופ בעמ/מצונן,,,"י""ח",200,ל גרם,false,1,9.70,4.85,true,1,
7290106666788,false,עלית - סוכריות נוסטלגיה דבש ממולאות 80 גרם,"שטראוס גרופ בע""מ",,,"י""ח",100,ל גרם,false,1,5.90,5.90,true,1,
7290106667266,false,חטיף תירס חמוץ חריף דוריטוס (185 גרם),"שטראוס פריטו ליי בע""\מ )",,,"י""ח",185,ל גרם,false,1,7.50,4.05,true,1,
7290106668577,false,"מיץ לימון טבעי 250 מ""ל ""יד מרדכי""",האי נאם סי או אל.טי.,,,"י""ח",250,"ל מ""ל",false,1,7.80,3.12,true,1,
7290106668713,false,יוגורט עם פירות יער 3% שומן 150 ג' דנונה,שטראוס גרופ בעמ/מצונן,,,"י""ח",150,"ל מ""ל",false,1,3.50,2.33,true,1,
7290106669857,false,קפסולות אספרסו בטעם וניל עלית 10 יחידות,הנסיך- מפעל לייצור ט,,,"י""ח",50,ל גרם,false,1,19.90,39.80,true,1,
7290106720626,false,חטיף תירס בטעם גבינה צ`יטוס (80 גרם),"שטראוס פריטו ליי בע""\מ )",,,"י""ח",80,ל גרם,false,1,4.20,5.25,true,1,
7290106721913,false,מסטיק מאסט MUST ללא סוכר בטעם מנטה מרעננת,שטראוס גרופ בע`מ,,,"י""ח",66,ל גרם,false,1,9.90,15,true,1,
7290106721920,false,צנצנת מסטיק מאסט בטעם ספירמינט עדין 66 ג' עלית,"שטראוס גרופ בע""\מ.",,,"י""ח",66,ל גרם,false,1,9.90,15,true,1,
7290106725867,false,סירופ מייפל טהור ללס יד מרדכי 189 גר,"שטראוס גרופ בע""מ",,,"י""ח",189,"ל מ""ל",false,1,32.90,17.41,true,1,
7290106726178,false,יוגורט PRO עם פירות יער 2.4% 10 גרם חלבון בגביע,שטראוס גרופ בעמ/מצונן,,,"י""ח",150,"ל מ""ל",false,1,4.50,3,true,1,
7290106727984,false,"כיף כף פצפצים בגביע 135 גרם ""עלית""",שולן צ'\יקולטה גידה סאן.,,,"י""ח",135,ל גרם,false,1,9.90,7.33,true,1,
7290106728127,false,חלב טבעי בקבוק 1ליטר 3.6%,"שטראוס גרופ ***בע""מ",,,"י""ח",1,ליטר,false,1,7.30,7.30,true,1,
7290106729650,false,יוגורט עם תות מאגדת 8 יח' * 150ג' דנונה,שטראוס גרופ בעמ/מצונן,,,"י""ח",1.20,ליטר,false,1,23.90,19.92,true,1,
7290107280020,false,שלישיית מטליות לחות לניקוי כללי סנו סושי 50 יחידות,החברה הדרומית לשיווק בעמ,,,"י""ח",1,,false,1,18.90,18.90,false,1,
7290107280068,false,סנו סושי תבנית אלומיניום ענק א.לארג 2 יח,החברה הדרומית לשיווק בעמ,,,"י""ח",1,,false,1,9.90,9.90,false,1,
7290107280075,false,סנו סושי תבנית אלומיניום לארג 4יח,החברה הדרומית לשיווק בעמ,,,"י""ח",1,,false,1,9.90,9.90,false,1,
7290107280082,false,מארז 7 תבניות אלומיניום מוארכות לאפייה אינגליש קייק,החברה הדרומית לשיווק בעמ,,,"י""ח",1,,false,1,9.90,9.90,false,1,
7290107280129,false,סנו סושי 20 שקיות אשפה חזקות גדולות XXL,החברה הדרומית לשיווק בעמ,,,"י""ח",1,,false,1,23.90,23.90,false,1,
7290107280341,false,ריצפז מטליות לחות לניקוי הרצפה בניחוח מלון מפנק,החברה הדרומית לשיווק בעמ,,,"י""ח",1,,false,1,12.90,12.90,false,1,
7290107280549,false,"סנו - K400 קוטל זבובים ויתושים 300 מ""ל",החברה הדרומית לשיווק בעמ,,,"י""ח",300,"ל מ""ל",false,1,10.90,3.63,false,1,
7290107280563,false,סנו אוקסיג`ן ג`ל לכביסה בייבי 3 ל`,החברה הדרומית לשיווק בעמ,,,"י""ח",3,ליטר,false,1,24.90,8.30,false,1,
7290107280600,false,טבליות למדיח סנו ספארק 100 טבליות במארז,החברה הדרומית לשיווק בעמ,,,"י""ח",100,"י""ח",false,1,49.90,0.50,false,1,
7290107280655,false,אבקת כביסה Baby לתינוקות ולעור רגיש,החברה הדרומית לשיווק בעמ,,,"י""ח",3.25,"ק""ג",false,1,29.90,9.20,false,1,
7290107280723,false,נוזל לניקוי כלים סנו ספארק Spark בניחוח לימון רענן,החברה הדרומית לשיווק בעמ,,,"י""ח",700,"ל מ""ל",false,1,9.90,1.41,false,1,
7290107280747,false,נוזל לניקוי כלים סנו ספארק Spark קלאסי,החברה הדרומית לשיווק בעמ,,,"י""ח",700,"ל מ""ל",false,1,9.90,1.41,false,1,
7290107280754,false,נוזל כלים סנו ספארק Spark היפואלרגני פריחת השקד,החברה הדרומית לשיווק בעמ,,,"י""ח",700,"ל מ""ל",false,1,9.90,1.41,false,1,
7290107280761,false,נוזל לניקוי כלים בניחוח לימון רענן סנו ספארק Spark,החברה הדרומית לשיווק בעמ,,,"י""ח",1,ליטר,false,1,12.90,12.90,false,1,
7290107280815,false,"K 301דוחה תיקנים ונמלים 300 מ""ל",החברה הדרומית לשיווק בעמ,,,"י""ח",300,"ל מ""ל",false,1,14.90,4.97,false,1,
7290107280822,false,סנו ריצפז פרש הום 2 ליטר בניחוח ספא,החברה הדרומית לשיווק בעמ,,,"י""ח",1.45,ליטר,false,1,17.90,12.34,false,1,
7290107644488,false,בייגל בייגל בייגלה שמיניות עם מלח 255 ג,יוניליוור ישראל שיווק בע`מ,,,"י""ח",255,ל גרם,false,1,5.90,2.31,false,1,
7290107645584,false,אבקת מרק עוף אמיתי רכיבים טבעיים 400 גרם - רבנות,יוניליוור ישראל שיווק בע`מ,,,"י""ח",400,ל גרם,false,1,18.90,4.73,true,1,
7290107645591,false,אבקת מרק בטעם עוף 100% רכיבים טבעיים 400 גרם,יוניליוור ישראל שיווק בע`מ,,,"י""ח",400,ל גרם,false,1,14.90,3.73,false,1,
7290107646062,false,אבקת מרק בצל רכיבים טבעיים קנור 400 ג',יוניליוור ישראל שיווק בע`מ,,,"י""ח",400,ל גרם,false,1,19.90,4.98,true,1,
7290107646147,false,"חטיף שוגי קורנפלקס תלמה 156 גרם מארז 6 יחידות בד""צ",יוניליוור ישראל שיווק בע`מ,,,"י""ח",156,ל גרם,false,1,12.90,8.27,false,1,
7290107646154,false,"חטיף קוקומן פצפוצים תלמה 126 גרם מארז 6 יחידות בד""צ","יוניליוור ישראל שיווק בע""מ",,,"י""ח",156,ל גרם,false,1,12.90,8.27,false,1,
7290107646826,false,"חטיף שוגי שוקו תלמה 156 גרם מארז 6 יחידות בד""צ","יוניליוור ישראל שיווק בע""מ",,,"י""ח",156,ל גרם,false,1,12.90,8.27,false,1,
7290107647731,false,קוקומן חום לבן 20% פחות סוכר 375 גרם ב,יוניליוור ישראל שיווק בע`מ,,,"י""ח",375,ל גרם,false,1,19.90,5.31,true,1,
7290107647816,false,"ברנפלקס ללא תוספת סוכר תלמה בד""ץ 500 גרם","יוניליוור ישראל שיווק בע""מ",,,"י""ח",500,ל גרם,false,1,19.90,3.98,false,1,
7290107647854,false,"שוגי מופחת סוכר תלמה 500 ג' בד""צ",יוניליוור ישראל שיווק בע`מ,,,"י""ח",500,ל גרם,false,1,19.90,3.98,true,1,
7290107648943,false,"ברנפלקס קרנצ'ים מייפל תלמה 375 גרם בד""צ","יוניליוור ישראלשיווק בע""מ",,,"י""ח",400,ל גרם,false,1,19.90,4.98,false,1,
7290107649100,false,בייגלה טבעות שומשום 300 גרם.,"יוניליוור ישראל שיווק בע""מ",,,"י""ח",300,ל גרם,false,1,9.90,3.30,true,1,
7290107649728,false,גלידה פרווה שוקולד ופרורי עוגיות שטראוס,"גלידת שטראוס בע""\מ, רחוב",,,"י""ח",2,ליטר,false,1,22.90,11.45,false,1,
7290107649735,false,"גלידה 5 טעמים תות, לימון, בננה, משמש, פטל 2ל'","גלידת שטראוס בע""\מ, רחוב",,,"י""ח",2,ליטר,false,1,22.90,11.45,false,1,
7290107649858,false,טילון סופר מגנום וניל ושוקלד לבן,"מיוצר ע""\י גלידת שטראוס",,,"י""ח",85,ל גרם,false,1,8,9.41,true,1,
7290107871990,false,פסטה צינורות מהדרין אסם (500 גרם),קבוצת אוסם סחר שותפות מוגבלת,,,"י""ח",500,ל גרם,false,1,5.90,1.18,true,1,
7290107874441,false,פריכונים מיני בצל מקורמל אסם (25 גרם),קבוצת אוסם סחר שותפות מוגבלת,,,"י""ח",25,ל גרם,false,1,4.30,17.20,false,1,
7290107874502,false,ביסלי גריל קדמ. מארז אחיד 10 4*55 גרם,קבוצת אוסם סחר שותפות מוגבלת,,,"י""ח",210,ל גרם,false,1,12.90,6.14,true,1,
7290107875158,false,במבה קלאסי מארז 4 יח' *60ג' אסם,קבוצת אוסם סחר-שות.מוגבלת,,,"י""ח",240,ל גרם,false,1,13.70,5.71,true,1,
7290107875271,false,ביסלי ברביקיו קדמ. מארז אחיד10 4*55 גרם,קבוצת אוסם סחר שותפות מוגבלת,,,"י""ח",210,ל גרם,false,1,12.90,6.14,true,1,
7290107875400,false,גלידה לה קרמריה פיסטוק מוקה 1.4 ל' נסטלה,נגה גלידות שותפות מוגבלת,,,"י""ח",1.40,ליטר,false,1,18.90,13.50,false,1,
7290107877619,false,מארז במבה במילוי קרם נוגט 5*30ג' אסם,קבוצת אוסם סחר שותפות מוגבלת,,,"י""ח",150,ל גרם,false,1,14.90,9.93,true,1,
7290107879132,false,פריכיות פיטנס מיני פריכיות שוקולד חלב 22 ג',קבוצת אוסם סחר שותפות מוגבלת,,,"י""ח",100,ל גרם,false,1,4.90,4.90,false,1,
7290107931397,false,כיף כף פצפוצים במילוי שוקולד 40 גרם,שולן צ'\יקולטה גידה סאן.,,,"י""ח",40,ל גרם,false,1,4.90,12.25,true,1,
7290107932080,false,חלב 3% מועשר בבקבוק יטבתה (1 ליטר),שטראוס גרופ בעמ/מצונן,,,"י""ח",1,ליטר,false,1,6.90,6.90,true,1,
7290107933155,false,לקט סלנובה 200 גר ירקות שטראוס טעם הטבע,שטראוס בריאות ירקות טריי,,,"י""ח",200,ל גרם,false,1,12.90,6.45,true,1,
7290107934473,false,שמינייה יוגורט לבן אקטיביה 1.5% דנונה 150 גרם,שטראוס גרופ בעמ/מצונן,,,"י""ח",1.20,ליטר,false,1,19.90,16.58,true,1,
7290107936309,false,דנונה יוגורט 7% יווני לבן 130 ג',שטראוס גרופ בעמ/מצונן,,,"י""ח",130,ל גרם,false,1,2.90,2.23,true,1,
7290107936958,false,עד חצות ביסקוויט אצבעות שוקולד 125 גרם,ביסקוויטס טור ד'\אלבון,,,"י""ח",66,ל גרם,false,1,9.90,15,true,1,
7290107936965,false,עיגולים עד חצות עם שוקולד חלב 225 גר,ביסקווטרי עוגיות סנט,,,"י""ח",66,ל גרם,false,1,13,19.70,true,1,
7290107937542,false,משקה יוגורט אקטיביה עם תות 1.2% שומן,שטראוס גרופ בעמ/מצונן,,,"י""ח",250,"ל מ""ל",false,1,4.90,1.96,true,1,
7290107937627,false,מסטיק מאסט Must קוביות ללא סוכר בטעם מנטה עדינה,שטראוס גרופ בע`מ,,,"י""ח",66,ל גרם,false,1,9.90,15,true,1,
7290107937641,false,צנצנת קוביות בזוקה גומי לעיסה 58גר,אסקום קונפקשיין,,,"י""ח",66,ל גרם,false,1,9.90,15,true,1,
7290107938396,false,שמיניית אקטימל תות דיסני בנים 108 גרם,שטראוס גרופ בעמ/מצונן,,,"י""ח",800,"ל מ""ל",false,1,19.90,2.49,true,1,
7290107940030,false,"חומוס אחלה מופחת שומן 650 גרם ""אחלה""","שטראוס גרופ ***בע""מ",,,"י""ח",500,ל גרם,false,1,8.90,1.78,true,1,
7290107943369,false,קוואקר שיבולת שועל ללא גלוטן 511 גר'.,שטראוס פריטו ליי בע`מ,,,"י""ח",511,ל גרם,false,1,18.90,3.70,true,1,
7290107944243,false,אפיפיות בטעם שוקולד 200 גרם כשר לפסח,"שטראוס גרופ בע""\מ",,,"י""ח",200,ל גרם,false,1,9.70,4.85,true,1,
7290107944472,false,סימפוניה גבינה במרקם שמנת 5% שום שמיר,שטראוס גרופ בעמ/מצונן,,,"י""ח",200,ל גרם,false,1,7.90,3.95,true,1,
7290107950190,false,מעדן חלב דל קלוריות בטעם שוקולד מריר 0.5% שומן,שטראוס גרופ בעמ/מצונן,,,"י""ח",130,ל גרם,false,1,2.90,2.23,true,1,
7290107950206,false,מעדן דיאט שוקולד שטראוס 130 גרם,שטראוס גרופ בעמ/מצונן,,,"י""ח",130,ל גרם,false,1,2.90,2.23,true,1,
7290107951104,false,בפלות ופלים ארוכים בטעם שוקולד,"שטראוס גרופ בע""\מ",,,"י""ח",200,ל גרם,false,1,4.90,2.45,true,1,
7290107951111,false,בפלות ופלים ארוכים בטעם לימון,שטראוס גרופ בע`מ,,,"י""ח",200,ל גרם,false,1,4.90,2.45,true,1,
7290107951715,false,צנצנת מסטיק מאסט קוביות בטעם ענבים 58 ג' עלית,"שטראוס גרופ בע""מ",,,"י""ח",66,ל גרם,false,1,9.90,15,true,1,
7290107953559,false,"מארז קפה טורקי עלית לדרך כשל""פ 168 גרם",הנסיך- מפעל לייצור ט,,,"י""ח",168,ל גרם,false,1,18.90,11.25,true,1,
7290107954709,false,"קונפיטורת פירות יער ""יד מרדכי"" 340 גר'",שטראוס גרופ בע`מ,,,"י""ח",340,ל גרם,false,1,13.60,4,true,1,
7290107956895,false,קפסולות טעם קרמל למכונות נספרסו 50גר,שטראוס קפה בי.וי.,,,"י""ח",50,ל גרם,false,1,19.90,39.80,true,1,
7290107956901,false,קפסולות בטעם אגוזים למכונת נספרסו עלית 10 יחידות,שטראוס קפה בי.וי.,,,"י""ח",50,ל גרם,false,1,19.90,39.80,true,1,
7290107956932,false,קפסולות אינדונזיה מס 12 למכונת אספרסו,שטראוס קפה בי.וי.,,,"י""ח",50,ל גרם,false,1,19.90,39.80,true,1,
7290107956963,false,"דנונה וניל 3% תות מארז 12X100מ""ל",שטראוס גרופ בעמ/מצונן,,,"י""ח",1.20,ליטר,false,1,17.90,14.92,true,1,
7290107957229,false,שוקולד צ'יפס מריר מעולה לאפיה עלית 250 ג',"שטראוס גרופ בע""מ",,,"י""ח",180,ל גרם,false,1,11.90,6.61,true,1,
7290107957991,false,מילקי CAKE מיניס קרם חלב בציפוי שוקולד חלב שקית 16X9ג',בובארד איטליה אס.פי.איי,,,"י""ח",144,ל גרם,false,1,13.90,9.65,true,1,
7290107958035,false,יוגורט במתיקות מעודנת 2% ללא תוספת סוכר- מארז 8 יח,שטראוס גרופ בעמ/מצונן,,,"י""ח",1.20,ליטר,false,1,17.90,14.92,true,1,
7290107971744,false,"קולגייט - מי פה טוטל ירוק ספרמינט 500 מ""ל",יבואן ומשווק: ש. שסט,,,"י""ח",500,"ל מ""ל",false,1,19.90,3.98,true,1,
7290107973793,false,שימורי עגבניות שלמות 400 ג' מאסטר שף,פראנו אריקו ופיגלי ס,,,"י""ח",400,ל גרם,false,1,5.90,1.48,false,1,
7290107973809,false,שימורי עגבניות קוביות 400 ג' מאסטר שף,פראנו אריקו ופיגלי ס.פ.א,,,"י""ח",400,ל גרם,false,1,5.90,1.48,false,1,
7290107973861,false,מאסטר שף עגבניות קצוצות דק שלישיה 400ג*3 כשלפ,קונסרזיו קאסאלאסקו ד,,,"י""ח",1.20,"ק""ג",false,1,15.90,13.25,false,1,
7290107974066,false,"עלי טורטיה קמח מלא 20ס""מ 8יח' מאסטר שף 320ג'",אלקאטי קורביישיסי גי,,,"י""ח",320,ל גרם,false,1,9.90,3.09,false,1,
7290107974080,false,עלי טורטיה קמח לבן 744 גר`מנה מאסטר שף,אלקאטי קורביישיסי גי,,,"י""ח",740,ל גרם,false,1,15.90,2.15,false,1,
7290107974806,false,"אורז בסגנון בסמטי 1ק""ג מאסטר שף",דווה סינג שיהם סינג,,,"י""ח",1,"ק""ג",false,1,10.90,10.90,false,1,
7290107974813,false,"אורז יסמין 1 ק""ג מאסטר שף",טאומי אינטרפרייד,,,"י""ח",1,"ק""ג",false,1,10.90,10.90,false,1,
7290107975360,false,ליידי ספיד סטיק פיור פרשנס ג'ל נשים 65ג',ליידי ספיד סטיק Lady Speed Stick,,,"י""ח",1,"י""ח",false,1,19.90,19.90,true,1,
7290107976916,false,"סבון ידיים משאבה פלמוליב זיתים 300 מ""ל",קולגייט פלמוליב,,,"י""ח",300,"ל מ""ל",false,1,9.90,3.30,true,1,
7290107978101,false,מש.שיניים קולגייט א.וויט אקסטרה פאוור 75,קולגייט-פלמוליב,,,"י""ח",256,ל גרם,false,1,26.90,10.51,true,1,
7290107978132,false,מברשת שיניים קולגייט זיגזג שישייה,קולגייט פלמוליב,,,"י""ח",1,,false,1,24.90,24.90,false,1,
7290107978323,false,איטריות דקיקות מאסטר שף 400 גרם,הדקלאים אגודת שיתופי,,,"י""ח",400,ל גרם,false,1,4.90,1.23,true,1,
7290107978330,false,איטריות דקות מאסטר שף 400 גרם,הדקלאים אגודת שיתופי,,,"י""ח",400,ל גרם,false,1,4.90,1.23,true,1,
7290107978347,false,איטריות בינוניות מאסטר שף 400 גרם,הדקלאים אגודת שיתופי,,,"י""ח",400,ל גרם,false,1,4.90,1.23,true,1,
7290107978453,false,חטיף בטעם גריל קראנצ,ש. שסטוביץ בע`מ,,,"י""ח",55,ל גרם,false,1,3.50,6.36,true,1,
7290107978460,false,קראנצ וס פלאפל 60ג חדש,ש. שסטוביץ בע`מ,,,"י""ח",60,ל גרם,false,1,3.50,5.83,true,1,
7290107979573,false,ניילון נצמד קוקי 30 מ*2 זוג,ש.שסטוביץ בעמ,,,"י""ח",1,,false,1,9.90,9.90,true,1,
7290108350128,false,סנו סושי שקיות אשפה חזקות במיוחד 40 יח',החברה הדרומית לשיווק בעמ,,,"י""ח",1,,false,1,24.90,24.90,false,1,
7290108350142,false,"שקיות רב שימושיות גדולות 25*35 ס""מ סנו סושי 270 יחידות",החברה הדרומית לשיווק בעמ,,,"י""ח",1,,false,1,14.90,14.90,false,1,
7290108350180,false,סנו סופט מפיות מודפסות 100 יח`,החב. הדרומית לשיווק,,,"י""ח",100,"י""ח",false,1,7.90,0.08,false,1,
7290108350210,false,סנו סושי 30 שקיות אשפה XL חזקות במיוחד,החברה הדרומית לשיווק בעמ,,,"י""ח",1,,false,1,24.90,24.90,false,1,
7290108350531,false,סנו ספארק נוזל כלים בניחוח קלאסי עם משאבה 1 ל',מיוצר עי קונדיטוריית,,,"י""ח",1,ליטר,false,1,12.90,12.90,false,1,
7290108350548,false,סנו ספארק נוזל כלים בניחוח לבנדר עם משאבה 1 ל',החברה הדרומית לשיווק בעמ,,,"י""ח",1,ליטר,false,1,12.90,12.90,false,1,
7290108350586,false,נוזל לניקוי כלים סנו ספארק Spark בניחוח לימון רענן,החברה הדרומית לשיווק בעמ,,,"י""ח",1.50,ליטר,false,1,15.90,10.60,false,1,
7290108350616,false,סנו - מקסימה מרכך כביסה מרוכז פריחה כחולה 1 ליטר,החברה הדרומית לשיווק בעמ,,,"י""ח",1,ליטר,false,1,17.50,17.50,false,1,
7290108350623,false,מרכך כביסה סופר מרוכז סופט סילק מקסימה 1 ל' סנו,החברה הדרומית לשיווק בעמ,,,"י""ח",1,ליטר,false,1,17.50,17.50,false,1,
7290108350722,false,אורביטול גוניור משחת שיניים בוב ספוג 70ג,החברה הדרומית לשיווק בעמ,,,"י""ח",70,ל גרם,false,1,8.90,12.71,false,1,
7290108351156,false,ג'ל ניקוי כללי בתוספת חומץ בריח לבנדר סנו ג'ט 1.5 ליטר,החברה הדרומית לשיווק בעמ,,,"י""ח",1.50,ליטר,false,1,14.90,9.93,false,1,
7290108351507,false,מרכך כביסה אינספרישיין סנו מקסימה 4 ליטר,החברה הדרומית לשיווק בעמ,,,"י""ח",4,ליטר,false,1,21.90,5.48,false,1,
7290108351514,false,מרכך כביסה בלו בלוסום סנו מקסימה 4 ליטר,החברה הדרומית לשיווק בעמ,,,"י""ח",4,ליטר,false,1,21.90,5.48,false,1,
7290108351521,false,סנו מקסימה ג`ל כביסה מרוכז 5 ל`מאסק,החברה הדרומית לשיווק בעמ,,,"י""ח",5,ליטר,false,1,44.90,8.98,false,1,
7290108351552,false,"סנו - ג'ט לניקוי כללי בתוספת חומץ בניחוח לבנדר 750 מ""ל",החברה הדרומית לשיווק בעמ,,,"י""ח",750,"ל מ""ל",false,1,15.90,2.12,false,1,
7290108351569,false,מבשם ומרכך למייבש כביסה Baby לתינוקות ולעור רגיש,החברה הדרומית לשיווק בעמ,,,"י""ח",750,"ל מ""ל",false,1,17.90,2.39,true,1,
7290108351583,false,"סנו - ג'ט פלוס חומץ ג'ל לניקוי אסלות לבנדר 750 מ""ל",החברה הדרומית לשיווק בעמ,,,"י""ח",750,"ל מ""ל",false,1,9.90,1.32,true,1,
7290108351590,false,"סנופרש הום בלו בלוסון בניחוח מרכך כביסה 350 מ""ל",החברה הדרומית לשיווק בעמ,,,"י""ח",350,"ל מ""ל",false,1,9.90,2.83,false,1,
7290108351613,false,סנו ריצפז פרש הום 2 ליטר בניחוח מלון חלומי,החברה הדרומית לשיווק בעמ,,,"י""ח",1.45,ליטר,false,1,17.90,12.34,false,1,
7290108351699,false,סנו - ג'ט מטליות לחות לניקוי כללי בתוספת חומץ לבנדר שלישיה,החברה הדרומית לשיווק בעמ,,,"י""ח",1,,false,1,17.90,17.90,false,1,
7290108351712,false,פניני בישום לכביסה 275 ג' מקסימה,החברה הדרומית לשיווק בעמ,,,"י""ח",275,ל גרם,false,1,24.90,9.05,false,1,
7290108351804,false,מרכך כביסה סופר מרוכז Gentl Breeze סנו מקסימה 1 ליטר,החברה הדרומית לשיווק בעמ,,,"י""ח",1,ליטר,false,1,17.50,17.50,false,1,
7290108351811,false,מרכך כביסה סופר מרוכז Floral touch סנו מקסימה 1 ליטר,החברה הדרומית לשיווק בעמ,,,"י""ח",1,ליטר,false,1,17.50,17.50,false,1,
7290108351835,false,מרכך כביסה Pure Sensation סנו מקסימה 4 ליטר,החברה הדרומית לשיווק בעמ,,,"י""ח",4,ליטר,false,1,21.90,5.48,false,1,
7290108352009,false,סנו ספארק קפסולות למדיח כלים 50 יחידות,החברה הדרומית לשיווק בעמ,,,"י""ח",50,"י""ח",false,1,37.90,0.76,false,1,
7290108352047,false,אורביטול - צמד מברשות שיניים 808 + חוט דנטלי במתנה,החברה הדרומית לשיווק בעמ,,,"י""ח",1,,false,1,19.90,19.90,false,1,
7290108352061,false,משחת שיניים Go White אורביט 145 גרם עם פחם,טרופיקל דגיל תעשיות קוסמ,,,"י""ח",145,ל גרם,false,1,10.90,7.52,false,1,
7290108352092,false,משחת שיניים אורביטול פרוטקטיב סולט בטעם מנטה,החברה הדרומית לשיווק בעמ,,,"י""ח",145,ל גרם,false,1,9.90,6.83,true,1,
7290108352115,false,סנובון ווייב לאסלה בתוספת אקונומיקהה 45X3ג',החברה הדרומית לשיווק בעמ,,,"י""ח",1,"י""ח",false,1,14.90,14.90,false,1,
7290108352153,false,"סנובון נוזלי בניחוח לוטוס וסחלב סנו 750 מ""ל",החברה הדרומית לשיווק בעמ,,,"י""ח",750,"ל מ""ל",false,1,9.90,1.32,false,1,
7290108352221,false,סנופרש הום מבשם נוזלי בניחוח מלון מפנק,החברה הדרומית לשיווק בעמ,,,"י""ח",350,"ל מ""ל",false,1,9.90,2.83,false,1,
7290108352252,false,נוזל לניקוי כלים מתאים לניקוי ירקות ופירות סנו ספארק,החברה הדרומית לשיווק בעמ,,,"י""ח",1,ליטר,false,1,12.90,12.90,false,1,
7290108352344,false,"פרש מבשם אויר אוטומטי בניחוח לבנדר סנו 250 מ""ל",החברה הדרומית לשיווק בעמ,,,"י""ח",165,ל גרם,false,1,11.90,7.21,false,1,
7290108352399,false,ריצפז פרש הום בניחוח מרכך כביסה פלורל טאצ',החברה הדרומית לשיווק בעמ,,,"י""ח",1.45,ליטר,false,1,17.90,12.34,false,1,
7290108352450,false,ריצפז פרש הום בניחוח מרכך כביסה בלו בלוסום,החברה הדרומית לשיווק בעמ,,,"י""ח",1.45,ליטר,false,1,17.90,12.34,false,1,
7290108352528,false,"מתז לחיטוי וניקוי חדר האמבטיה 99.9% 750 מ""ל",החברה הדרומית לשיווק בעמ,,,"י""ח",750,"ל מ""ל",false,1,14.90,1.99,false,1,
7290108352566,false,מרכך כביסה בבישום עוצמתי 4 ל' סנו מקסינה,החברה הדרומית לשיווק בעמ,,,"י""ח",4,ליטר,false,1,21.90,5.48,false,1,
7290108352573,false,מרכך כביסה סנו מקסימה בבישום עוצמתי 4 ליטר,החברה הדרומית לשיווק בעמ,,,"י""ח",4,ליטר,false,1,21.90,5.48,false,1,
7290108352627,false,סנו סושי מפות ניילון שקופה בגליל,החברה הדרומית לשיווק בעמ,,,"י""ח",1,,false,1,19.90,19.90,false,1,
7290108352641,false,סנו סושי מטלית הפלא לניקוי כללי במארז שלישייה,החברה הדרומית לשיווק בעמ,,,"י""ח",3,"י""ח",false,1,14.90,4.97,false,1,
7290108352689,false,כריות קרצוף ללכלוך קשה סנו סושי 9 יחידות,החברה הדרומית לשיווק בעמ,,,"י""ח",1,,false,1,9.90,9.90,false,1,
7290108352702,false,סנו סופט שלישיית מגבוני טואלט נשטפים בוב ספוג 48 יחידות,החברה הדרומית לשיווק בעמ,,,"י""ח",3,"י""ח",false,1,16.30,5.43,false,1,
7290108352788,false,סנו סושי שקיות זיפר לאוכל L 20 יחידות,החברה הדרומית לשיווק בעמ,,,"י""ח",20,"י""ח",false,1,9.90,0.50,false,1,
7290108352795,false,שקיות זיפר 50 יח`במידה M סנו סושי,החברה הדרומית לשיווק בעמ,,,"י""ח",50,"י""ח",false,1,9.90,0.20,false,1,
7290108352825,false,ספוג הפלא נירוסטה סנו סושי 3יח',החברה הדרומית לשיווק בעמ,,,"י""ח",1,,false,1,10.90,10.90,false,1,
7290108352863,false,סנו סושי שקיות צלייה 20יח' מידה L,החברה הדרומית לשיווק בעמ,,,"י""ח",10,"י""ח",false,1,8.90,0.89,false,1,
7290108352870,false,סנו סושי שקיות צלייה 10יח' מידה XL,החברה הדרומית לשיווק בעמ,,,"י""ח",10,"י""ח",false,1,7.90,0.79,false,1,
7290108352917,false,כפפות ניטריל כחולות 80 יח' S סנו סושי,החב. הדרומית לשיווק,,,"י""ח",80,"י""ח",false,1,29.90,0.37,false,1,
7290108353006,false,סנו סושי - שקיות אוכל נקשרות 250 יחידות XL,החברה הדרומית לשיווק בעמ,,,"י""ח",1,,false,1,11.90,11.90,false,1,
7290108353068,false,ספוג הפלא נירוסטה עם סיבי קירצוף סנו סושי 2 יח',החברה הדרומית לשיווק בעמ,,,"י""ח",1,,false,1,10.90,10.90,false,1,
7290108353075,false,מפיות אירוח גדולות ועבות סנו סושי 50 יחידות,החברה הדרומית לשיווק בעמ,,,"י""ח",50,"י""ח",false,1,11.90,0.24,false,1,
7290108353099,false,ממחטות אף במארז ניילון סנו סופט 5 יח' * 100 דף,החברה הדרומית לשיווק בעמ,,,"י""ח",500,"י""ח",false,1,11.90,0.02,false,1,
7290108353334,false,"כיף שמפו למניעת קשקשים עם שמן עץ התה ואסאי 700 מ""ל",החברה הדרומית לשיווק בעמ,,,"י""ח",700,"ל מ""ל",false,1,12.90,1.84,false,1,
7290108353341,false,"מרכך למניעת קשקשים עם שמן עץ התה ואסאי 700 מ""ל כיף",החברה הדרומית לשיווק בעמ,,,"י""ח",700,"ל מ""ל",false,1,12.90,1.84,false,1,
7290108353396,false,צמד מברשות שיניים עם סיבים דקים ורכים במיוחד,החברה הדרומית לשיווק בעמ,,,"י""ח",1,,false,1,19.90,19.90,false,1,
7290108353402,false,צמד מברשות שיניים עם סיבי פחם דקים במיוחד,יבואן ומשווק: ש. שסט,,,"י""ח",1,,false,1,18.90,18.90,false,1,
7290108353471,false,סנובון מוצק לאסלה DESIGN בניחוח ספא,החברה הדרומית לשיווק בעמ,,,"י""ח",165,ל גרם,false,1,6.90,4.18,false,1,
7290108353488,false,סנו - סנובון מעוצב בניחוח סחלב פראי,החברה הדרומית לשיווק בעמ,,,"י""ח",165,ל גרם,false,1,6.90,4.18,false,1,
7290108353501,false,"שקיות אשפה ענקיות עם ידיות ענקיות 75*90 ס""מ סנו סושי 25 יחידות",החברה הדרומית לשיווק בעמ,,,"י""ח",1,,false,1,19.90,19.90,false,1,
7290108353648,false,סנו סושי - שקיות אוכל מנייר 70 יחידות,החברה הדרומית לשיווק בעמ,,,"י""ח",70,"י""ח",false,1,8.90,0.13,false,1,
7290108353679,false,מפות ניילוון שקופות סנו סושי 10 יח,החברה הדרומית לשיווק בעמ,,,"י""ח",10,"י""ח",false,1,14.90,1.49,false,1,
7290108353686,false,מטלית חלומית לרצפה סנו סושי 1 יחידה,החברה הדרומית לשיווק בעמ,,,"י""ח",1,,false,1,10.90,10.90,false,1,
7290108353785,false,תחליב רחצה נקה 7 מרוקו בניחוח טונקה 750,החברה הדרומית לשיווק בעמ,,,"י""ח",750,"ל מ""ל",false,1,9.90,1.32,false,1,
7290108353792,false,"נקה 7 - תחליב רחצה יפן בניחוח פריחת הדובדבן 750 מ""ל",החברה הדרומית לשיווק בעמ,,,"י""ח",750,"ל מ""ל",false,1,9.90,1.32,false,1,
7290108353846,false,סושי כפפות ניטריל שחורות 80 יחידות L,החברה הדרומית לשיווק בעמ,,,"י""ח",80,"י""ח",false,1,29.90,0.37,false,1,
7290108353969,false,"קרמה - דאודורנט ספריי לאישה קרמה מאסק 150 מ""ל",החברה הדרומית לשיווק בעמ,,,"י""ח",150,"ל מ""ל",false,1,9.90,6.60,false,1,
7290108353990,false,"קרמה - קרם גוף קרמה מאסק 500 מ""ל",החברה הדרומית לשיווק בעמ,,,"י""ח",500,"ל מ""ל",false,1,24.90,4.98,false,1,
7290108354225,false,"סנו מדיק היגניק ג'ל לניקוי ידיים 100 מ""ל",החברה הדרומית לשיווק בעמ,,,"י""ח",100,"ל מ""ל",false,1,10.90,10.90,false,1,
7290108354270,false,מרכך כביסה מרוכז בבישום עוצמתי 1 ל' סנו מקסימה,החברה הדרומית לשיווק בעמ,,,"י""ח",1,ליטר,false,1,17.50,17.50,false,1,
7290108354430,false,"כיף שמפו לשיקום והזנה,שמן קוקוס וקרטין 700 מ""ל",החברה הדרומית לשיווק בעמ,,,"י""ח",700,"ל מ""ל",false,1,12.90,1.84,false,1,
7290108354447,false,"כיף מרכך לשיקום והזנה שמן קוקוס וקרטין 700 מ""ל",החברה הדרומית לשיווק בעמ,,,"י""ח",700,"ל מ""ל",false,1,12.90,1.84,false,1,
7290108354492,false,"קרליין שמפו 10 לשיער שמן ארגן 700 מ""ל",החברה הדרומית לשיווק בעמ,,,"י""ח",700,"ל מ""ל",false,1,13.90,1.99,true,1,
7290108354577,false,"קרמה דאודוראנט רולאון וניל ופלפל ורוד 75 מ""ל",החברה הדרומית לשיווק בעמ,,,"י""ח",75,"ל מ""ל",false,1,12.90,17.20,false,1,
7290108354614,false,"מרכך בניחוח מי קקטוס ושמן באבאסו 750 מ""ל נקה 7",החברה הדרומית לשיווק בעמ,,,"י""ח",750,"ל מ""ל",false,1,11.90,1.59,false,1,
7290108354911,false,"שמפו, ג'ל רחצה וגילוח מועשר בתמצית אלוורה",החברה הדרומית לשיווק בעמ,,,"י""ח",700,"ל מ""ל",false,1,19.90,2.84,false,1,
7290108355154,false,נקה 7 שמפו לשיער שמני הזנה 750 מל,החברה הדרומית לשיווק בעמ,,,"י""ח",750,"ל מ""ל",false,1,11.90,1.59,false,1,
7290108355161,false,"מרכך שיער שמני הזנה 750 מ""ל נקה 7",החברה הדרומית לשיווק בעמ,,,"י""ח",750,"ל מ""ל",false,1,11.90,1.59,false,1,
7290108355192,false,"מרכך קרטין אינטנס למניעת קשקשים נטורל פורמולה 400 מ""ל",החברה הדרומית לשיווק בעמ,,,"י""ח",700,"ל מ""ל",false,1,29.90,4.27,false,1,
7290108355215,false,נ.פורמולה קרטין אינטנס מסכה לשיער +משאבה,החב הדרומית לשיווק,,,"י""ח",450,"ל מ""ל",false,1,44.90,9.98,false,1,
7290108355475,false,"קרמה דאודורנט רול און ג''ינג''ר ולמון גראס 75 מ""ל",החב הדרומית לשיווק,,,"י""ח",75,"ל מ""ל",false,1,12.90,17.20,false,1,
7290108355482,false,"קרמה - דאודורנט רול און לאישה קרמה לבנדר ואקליפטוס 75 מ""ל",החברה הדרומית לשיווק בעמ,,,"י""ח",75,"ל מ""ל",false,1,12.90,17.20,false,1,
7290108355765,false,דאודורנט ספריי קרמה בניחוח לבנדר ואקליפטוס,החברה הדרומית לשיווק בעמ,,,"י""ח",150,"ל מ""ל",false,1,9.90,6.60,false,1,
7290108356120,false,תחליב רחצה כיף ניחוח קוקוס וניל700 מל,החברה הדרומית לשיווק בעמ,,,"י""ח",750,"ל מ""ל",false,1,12.90,1.72,false,1,
7290108356137,false,תחליב רחצה כיף ניחוח לבנדר 700 מל,החברה הדרומית לשיווק בעמ,,,"י""ח",750,"ל מ""ל",false,1,12.90,1.72,false,1,
7290108356151,false,תחליב רחצה כיף ניחוחמאסק יסמין 700 מל,החברה הדרומית לשיווק בעמ,,,"י""ח",750,"ל מ""ל",false,1,12.90,1.72,false,1,
7290108356168,false,תחליב רחצה כיף ניחוח אוקיינס700 מל,החברה הדרומית לשיווק בעמ,,,"י""ח",750,"ל מ""ל",false,1,12.90,1.72,false,1,
7290108356182,false,אל סבון נוזלי כיף תאנה ותה ירוק (1ליטר),החברה הדרומית לשיווק בעמ,,,"י""ח",1,ליטר,false,1,13.90,13.90,false,1,
7290108356489,false,"כיף - תחליב רחצה אפרסק וחמאת מורומורו 700 מ""ל",החברה הדרומית לשיווק בעמ,,,"י""ח",750,"ל מ""ל",false,1,12.90,1.72,false,1,
7290108356519,false,קרליין שמפו 10למניעת קשקשים 700מל,החברה הדרומית לשיווק בעמ,,,"י""ח",700,"ל מ""ל",false,1,14.90,2.13,true,1,
7290108356526,false,"קרליין - שמפו 10 לשיער יבש 700 מ""ל",החברה הדרומית לשיווק בעמ,,,"י""ח",700,"ל מ""ל",false,1,14.90,2.13,true,1,
7290108356564,false,"קרליין - מרכך 10 לשיער רגיל 700 מ""ל",החברה הדרומית לשיווק בעמ,,,"י""ח",700,"ל מ""ל",false,1,14.90,2.13,true,1,
7290108356571,false,"קרליין - מרכך 10 לשיער יבש 700 מ""ל",החברה הדרומית לשיווק בעמ,,,"י""ח",700,"ל מ""ל",false,1,14.90,2.13,true,1,
7290108356854,false,מגבונים לחים בניחוח עדין - 5 יחידות במארז,החברה הדרומית לשיווק בעמ,,,"י""ח",1,,false,1,19.90,19.90,false,1,
7290108356861,false,מגבוני בייבי כיף ללא בישום מארז חמישייה,החברה הדרומית לשיווק בעמ,,,"י""ח",1,,false,1,19.90,19.90,false,1,
7290108357004,false,כיף שמפו ורד ושמן קוקוי לרכות וברק,החברה הדרומית לשיווק בעמ,,,"י""ח",700,"ל מ""ל",false,1,12.90,1.84,false,1,
7290108357011,false,כיף קונדישינר לשיער שמן קוקוי 700 מל,החברה הדרומית לשיווק בעמ,,,"י""ח",700,"ל מ""ל",false,1,12.90,1.84,false,1,
7290108357202,false,סנוקליר לניקוי בניחוח בלו בלוסום 1 ליטר,החברה הדרומית לשיווק בעמ,,,"י""ח",1,ליטר,false,1,8.90,8.90,false,1,
7290108357226,false,"אוקסיגן POWER אבקה לכביסה לבנה והסרת כתמים 1.4 ק""ג סנו",החברה הדרומית לשיווק בעמ,,,"י""ח",1.40,"ק""ג",false,1,31.90,22.79,false,1,
7290108357240,false,"אוקסיג'ן פאוור תוסף להסרת כתמים קשים 1.4 ק""ג",החברה הדרומית לשיווק בעמ,,,"י""ח",1.40,"ק""ג",false,1,31.90,22.79,false,1,
7290108357288,false,אקונומיקה ז'אוול בניחוח פריחה לבנה 4 ל' סנו,החברה הדרומית לשיווק בעמ,,,"י""ח",4,ליטר,false,1,16.90,4.23,false,1,
7290108357295,false,"מרסס אוקסיג'ן מסיר כתמים סנו לכביסה לבנה 750 מ""ל",החברה הדרומית לשיווק בעמ,,,"י""ח",750,"ל מ""ל",false,1,17.70,2.36,false,1,
7290108357707,false,"כיף שמפו לשיער רגיל- תפוח זרעי צ'יה 700 מ""ל",החברה הדרומית לשיווק בעמ,,,"י""ח",700,"ל מ""ל",false,1,12.90,1.84,false,1,
7290108357714,false,"כיף שמפו לשיער יבש -רימונים ושמן ארגן 700 מ""ל",החברה הדרומית לשיווק בעמ,,,"י""ח",700,"ל מ""ל",false,1,12.90,1.84,false,1,
7290108357745,false,"כיף שמפו ומרכך 700 מ""ל 2ב-1 תאנה ומנטה",החברה הדרומית לשיווק בעמ,,,"י""ח",700,"ל מ""ל",false,1,12.90,1.84,false,1,
7290108357769,false,"מרכך לשיער רגיל תפוח וזרעי צ'יה 700 מ""ל כיף",החברה הדרומית לשיווק בעמ,,,"י""ח",700,"ל מ""ל",false,1,12.90,1.84,false,1,
7290108357776,false,"כיף מרכך לשיער יבש -רימונים ושמן ארגן 700 מ""ל",החברה הדרומית לשיווק בעמ,,,"י""ח",700,"ל מ""ל",false,1,12.90,1.84,false,1,
7290108357837,false,כיף אל סבון 1 ליטר ג'נסינג שקית מילוי + פקק,החברה הדרומית לשיווק בעמ,,,"י""ח",1,ליטר,false,1,8.90,8.90,false,1,
7290108357844,false,כיף אל סבון 1 ליטר אצות ים שקית מילוי + פקק,החברה הדרומית לשיווק בעמ,,,"י""ח",1,ליטר,false,1,8.90,8.90,false,1,
7290108357851,false,"כיף - ג'ל רחצה אליקסיר אוילס מועשר בשמן קוקוס 700 מ""ל",החברה הדרומית לשיווק בעמ,,,"י""ח",700,"ל מ""ל",false,1,12.90,1.84,false,1,
7290108357882,false,"כיף - מרכך לחות מוגברת עם אפרסק וחמאת מורומורו 700 מ""ל",החברה הדרומית לשיווק בעמ,,,"י""ח",700,"ל מ""ל",false,1,12.90,1.84,false,1,
7290108358087,false,"תחליב רחצה מאסק קרמה 700מ""ל.",החברה הדרומית לשיווק בעמ,,,"י""ח",700,ל גרם,false,1,14.90,2.13,false,1,
7290108358100,false,"פרש הום מקלות ריחניים לבית בניחוח בייבי 100 מ""ל",החברה הדרומית לשיווק בעמ,,,"י""ח",750,"ל מ""ל",false,1,21.90,2.92,false,1,
7290108358117,false,"פרש הום מקלות ריחניים לבית בניחוח כביסה רעננה 100 מ""ל",החברה הדרומית לשיווק בעמ,,,"י""ח",750,"ל מ""ל",false,1,21.90,2.92,false,1,
7290108359046,false,שקיות אשפה EXTRA חזקאות במיוחד XXL סנו סושי 20 יח',החברה הדרומית לשיווק בעמ,,,"י""ח",20,"י""ח",false,1,24.90,1.25,false,1,
7290108359060,false,סנו סושי כריות הפלא רב תכלתיות *4 לשבת,החברה הדרומית לשיווק בעמ,,,"י""ח",1,,false,1,9.90,9.90,false,1,
7290108359077,false,סנו - סופט לושן ממחטות אף בקופסא 3 שכבות 120 יח',החברה הדרומית לשיווק בעמ,,,"י""ח",440,ל גרם,false,1,12.90,2.93,false,1,
7290108359114,false,סנו סושי – 10 חמגשית אלומיניום עם מכסה,החברה הדרומית לשיווק בעמ,,,"י""ח",10,"י""ח",false,1,11.90,1.19,false,1,
7290108359152,false,"תבנית אלומיניום עגולה 25 ס""מ -6 יחי סנו סושי",החברה הדרומית לשיווק בעמ,,,"י""ח",6,"י""ח",false,1,12.90,2.15,false,1,
7290108359169,false,"תבנית אלומיניום עגולה 628 ס""מ יחי סנו סושי",החברה הדרומית לשיווק בעמ,,,"י""ח",6,"י""ח",false,1,12.90,2.15,false,1,
7290108359985,false,סנו - ז'אוול מרסס קצף לניקוי וחינו בניחוח פריחה לבנה 1 ליטר,החברה הדרומית לשיווק בעמ,,,"י""ח",1,ליטר,false,1,18.90,18.90,false,1,
7290108500264,false,טונה בהירה בשמן פתח קל ויליפוד 95 גרם,ג.וילי פוד אינטרנשיונל בעמ,,,"י""ח",95,ל גרם,false,1,3.90,4.11,false,1,
7290108500677,false,כבד דג שיבוט בשמן דג וילי פוד 115 גרם,ג. וילי-פוד אינטרנשיונל בע`מ,,,"י""ח",115,ל גרם,false,1,9.50,8.26,true,1,
7290108501346,false,גבינה מגורדת גאודה 28% שומן EURO CHEESE ויליפוד 500 גרם,ג.וילי-פוד אינטרנשיונל **גבינו,,,"י""ח",500,ל גרם,false,1,24.90,4.98,false,1,
7290108501377,false,שפרוטים מעושנים בשמן מרינה מכסה שקוף 160 ג',ג. וילי-פוד אינטרנשיונל בע`מ,,,"י""ח",160,ל גרם,false,1,10.50,6.56,false,1,
7290108501827,false,קדאיף שערות בצק ויליפוד 450 גרם,ג.וילי-פוד אינטרנשיונל **גבינו,,,"י""ח",450,ל גרם,false,1,19.90,4.42,false,1,
7290108502725,false,גבינת גאודה פרוסות ויליפוד 400 גרם,ג.וילי-פוד אינטרנשיונל **גבינו,,,"י""ח",120,ל גרם,false,1,20.90,17.42,false,1,
7290108502862,false,מלפפונים כבושים במלח 18-25 קטנים ויליפוד 600 גרם,ג. וילי-פוד אינטרנשיונל בע`מ,,,"י""ח",600,ל גרם,false,1,9.90,1.65,false,1,
7290108503142,false,פסטה איטליאנה לזניה ויליפוד 500 גרם,ג. וילי-פוד אינטרנשיונל בע`מ,,,"י""ח",397,ל גרם,false,1,9.90,2.49,false,1,
7290108504293,false,מנצ`גו צ`אנק 150 גרם ויליפוד,ג.וילי-פוד אינטרנשיונל **גבינו,,,"י""ח",150,ל גרם,false,1,20.90,13.93,true,1,
7290108505490,false,דונאטס קפוא ויליפוד,ג.וילי פוד אינטרנשיונל בעמ,,,"י""ח",1,,false,1,5.90,5.90,true,1,
7290108505689,false,גבינת גרנה פדנו מגורדת ויליפוד 100 גרם,ג.וילי-פוד אינטרנשיונל **גבינו,,,"י""ח",100,ל גרם,false,1,10.20,10.20,false,1,
7290108506426,false,סימיט בייגלה קפוא 400 גר` פינוקים וילי פ,ג.וילי-פוד אינטרנשיונל **גבינו,,,"י""ח",400,ל גרם,false,1,17.90,4.48,true,1,
7290108506495,false,"כנאפה מאפה בצק ""שערות"" קדאיף וגבינה",ג.וילי-פוד אינטרנשיונל **גבינו,,,"י""ח",192,ל גרם,false,1,13.90,7.24,true,1,
7290108506709,false,גבינת פרמג`אנו ר`גיאנו 150 גר וילי פוד,ג.וילי-פוד אינטרנשיונל **גבינו,,,"י""ח",150,ל גרם,false,1,29.90,19.93,false,1,
7290108507188,false,כנאפה קפוא אריזה משפחתית 657.5 גרם,ג.וילי-פוד אינטרנשיונל **גבינו,,,"י""ח",657,ל גרם,false,1,29.90,4.55,true,1,
7290108508963,false,גבינת מוצרלה מגורדת 25% שומן( 200 גר`)יו,ג.וילי-פוד אינטרנשיונל **גבינו,,,"י""ח",200,ל גרם,false,1,16.90,8.45,false,1,
7290108509113,false,"גבינה בולגרית מעודנת 18% שומן 250 גרם חת""ס פ""ת",ג.וילי-פוד אינטרנשיונל **גבינו,,,"י""ח",250,ל גרם,false,1,13.90,5.56,true,1,
7290108509137,false,"גבינה בולגרית מעודנת 5% שומן 250 גרם חת""ס פ""ת",ג.וילי-פוד אינטרנשיונל **גבינו,,,"י""ח",250,ל גרם,false,1,13.90,5.56,false,1,
7290108509199,false,גבינת פטה 17% שומן יורו 500 ג',ג.וילי-פוד אינטרנשיונל **גבינו,,,"י""ח",500,ל גרם,false,1,26.90,5.38,true,1,
7290108509267,false,ארוחת פסטה עם רוטב גבינה ויליפוד 206 גרם,ג. וילי-פוד אינטרנשיונל בע`מ,,,"י""ח",206,ל גרם,false,1,7.90,3.83,true,1,
7290108509359,false,פופקורן בציפוי בטעם קרמל ויליפוד 90 גרם,ג. וילי-פוד אינטרנשיונל בע`מ,,,"י""ח",90,ל גרם,false,1,6.90,7.67,true,1,
7290108509700,false,אורז פרסי 1 קג`DAAWAT וילי פוד,ג. וילי-פוד אינטרנשיונל בע`מ,,,"י""ח",1,"ק""ג",false,1,9.90,9.90,false,1,
7290108509908,false,"מנת השף בשקית-איטריות בטעם ירקות 85 ג' חתם סופר ב""ב",ג. וילי-פוד אינטרנשיונל בע`מ,,,"י""ח",85,ל גרם,false,1,3.90,4.59,true,1,
7290108509915,false,"מנת השף בשקית-איטריות בטעם סיני פיקנטי 85 ג' חתם סופר ב""ב",ג. וילי-פוד אינטרנשיונל בע`מ,,,"י""ח",85,ל גרם,false,1,3.90,4.59,true,1,
7290108509991,false,"רוטב טריאקי 300 מ""ל וילי פוד",ג.וילי-פוד אינטרנשיונל בעמ,,,"י""ח",300,ל גרם,false,1,8.90,2.97,false,1,
7290109351025,false,מלך החומוס חומוסטחינה 40% טחינה גולמית,קבוצת אוסם סחר שותפות מוגבלת,,,"י""ח",400,ל גרם,false,1,14.80,3.70,true,1,
7290109351957,false,פריכיות פיטנס מיני גדולות שוקולד חלב 100ג',קבוצת אוסם סחר שותפות מוגבלת,,,"י""ח",100,ל גרם,false,1,8.70,8.70,false,1,
7290109351971,false,פריכיות דגנים פיטנס מצופות שוקולד חלב,קבוצת אוסם סחר שותפות מוגבלת,,,"י""ח",84,ל גרם,false,1,14.90,17.74,true,1,
7290109352916,false,פריכיות דגנים פיטנס מצופות שוקולד לבן,קבוצת אוסם סחר שותפות מוגבלת,,,"י""ח",84,ל גרם,false,1,14.90,17.74,true,1,
7290109354101,false,קרקר לחמית ללא גלוטן 200 גר אסם,קבוצת אוסם סחר שותפות מוגבלת,,,"י""ח",200,ל גרם,false,1,8.90,4.45,true,1,
7290109354996,false,פתי בר ללא גלוטן שוקו 200 גרם אסם,קבוצת אוסם סחר שותפות מוגבלת,,,"י""ח",200,ל גרם,false,1,11.90,5.95,true,1,
7290109358482,false,עוגיות קרמוגית במילוי קרם בטעם חלבה,קבוצת אוסם סחר שותפות מוגבלת,,,"י""ח",200,ל גרם,false,1,11.90,5.95,true,1,
7290109580043,false,"שניצל תירס קלאסי זוגלובק 1.75 ק""ג",נקניק זוגלובק נהריה,,,"י""ח",1.75,"ק""ג",false,1,49.90,28.51,false,1,
7290109580142,false,"נקניקיות מן הצומח זוגלובק 1.75 ק""ג בד""ץ",זוגלובק שיווק בעמ,,,"י""ח",1.75,"ק""ג",false,1,49.90,28.51,false,1,
7290109580166,false,סרוולד קלאסי פרימיום 150 גרם זוגלובק,נקניק זוגלובק נהריה,,,"י""ח",150,ל גרם,false,1,22.90,15.27,false,1,
7290109580302,false,מארז זוג תה מעושן 350+חזה עוף 350 זוגלובק,זוגלובק שיווק בעמ,,,"י""ח",700,ל גרם,false,1,31.90,4.56,false,1,
7290109580326,false,נקניקיות עוף זוגלובק 800 גרם בית יוסף,זוגלובק שיווק בעמ,,,"י""ח",800,ל גרם,false,1,24.90,3.11,false,1,
7290109580432,false,פסטרמה חזה הודו מעושן דק דק זוגלובק 120 גרם,נקניק זוגלובק נהריה,,,"י""ח",120,ל גרם,false,1,13.90,11.58,true,1,
7290109580449,false,סלמי בטעם כמהין פרימיום זוגלובק 180 גרם,נקניק זוגלובק נהריה,,,"י""ח",180,ל גרם,false,1,24.90,13.83,false,1,
7290109640198,false,מגורדת לפיצה ולאפיה 20% שומן 200 גרם - משומשו,קפוא זן תעשיות מזון בעמ,,,"י""ח",200,ל גרם,false,1,21.90,10.95,false,1,
7290109640204,false,גוש בסגנון חלומי 18% משומשו 250 גרם,קפוא זן תעשיות מזון בעמ,,,"י""ח",200,ל גרם,false,1,21.90,10.95,false,1,
7290109640648,false,ממרח בטעם חמאה 150 גרם - משומשו,קפוא זן תעשיות מזון בעמ,,,"י""ח",150,ל גרם,false,1,12.90,8.60,false,1,
7290109840956,false,ציפסר 3 ליטר דגם DF30X ML-035,אליהו שיווק חשמל בעמ,,,"י""ח",1,,false,1,99,99,true,1,
7290109920603,false,"אסטוניש קרם לניקוי המטבח 500 מ""ל",יעקב יעקבי ובניו בע`מ,,,"י""ח",500,"ל מ""ל",false,1,9.90,1.98,false,1,
7290109920665,false,אסטוניש מרסס מסיר אוכל שרוף במטבח יעקובי,יעקב יעקבי ובניו בע`מ,,,"י""ח",750,"ל מ""ל",false,1,11.90,1.59,true,1,
7290109920849,false,"אסטוניש - מרסס לניקוי כללי בניחוח תפוז 750 מ""ל",יעקב יעקבי ובניו בע`מ,,,"י""ח",750,"ל מ""ל",false,1,11.90,1.59,true,1,
7290109921488,false,"דורגול לניקוי וחיטוי מכונת הכביסה יעקבי 500 מ""ל","יעקב יעקבי ובניו בע""מ",,,"י""ח",500,"ל מ""ל",false,1,29.90,5.98,false,1,
7290109921853,false,אסטוניש המשחה המקורית לניקוי עם עוצמה,"יעקב יעקבי ובניו בע""מ",,,"י""ח",150,"ל מ""ל",false,1,14.90,9.93,false,1,
7290109923024,false,"אסטוניש - מרסס פרמיום ארומטיק למטבח 750 מ""ל",יעקב יעקבי ובניו בעמ,,,"י""ח",750,"ל מ""ל",false,1,14.90,1.99,false,1,
7290109923048,false,"אסטוניש - מרסס פרמיום ארומטיק לכל הבית 750 מ""ל","יעקב יעקבי ובניו בע""מ",,,"י""ח",750,"ל מ""ל",false,1,14.90,1.99,false,1,
7290109923093,false,"אסטוניש - קרם כיריים הלוגן ומיקרו 500 מ""ל","יעקב יעקבי ובניו בע""מ",,,"י""ח",500,"ל מ""ל",false,1,14.90,2.98,true,1,
7290109923109,false,סבון אסלה 5 צדפות +אקונומיקה 2 יח',יעקב יעקבי ובניו בעמ,,,"י""ח",500,"ל מ""ל",false,1,12.90,2.58,false,1,
7290109923147,false,אסטוניש מהדורה פרימיום פלא של אקונומיקה,יעקב יעקבי ובניו בע`מ,,,"י""ח",500,"ל מ""ל",false,1,14.90,2.98,false,1,
7290110000288,false,"מיצוי מימי של שזיפים מיובשים 946 מ""ל",היל ויו פאקינג קומפני,,,"י""ח",946,"ל מ""ל",false,1,23.90,2.53,false,1,
7290110000967,false,מתוקקל ממתיק נוזלי 390 מ``ל,בטר אנד דיפרנט בעמ,,,"י""ח",390,"ל מ""ל",false,1,15.90,4.08,false,1,
7290110002107,false,דגניות בטעם נוגט 550 גרם ללא גלוטן,בטר אנד דיפרנט בעמ,,,"י""ח",550,ל גרם,false,1,20.90,3.80,false,1,
7290110050467,false,"בקבוק שתייה דגם שקוף 700מ""ל ספיידרמן",שמחה זה אנחנו,,,"י""ח",1,,false,1,29.90,29.90,false,1,
7290110110024,false,פחית פאנטה תות 330 מל סילק,החברה המרכזית להפצת משקאות בעמ,,,"י""ח",330,"ל מ""ל",false,1,4.50,1.27,true,1,
7290110110574,false,פחית קוקה קולה סליק זירו לימון 330 מל,החברה המרכזית להפצת משקאות בעמ,,,"י""ח",330,"ל מ""ל",false,1,4.50,1.27,true,1,
7290110113377,false,קוקה קולה 1 ליטר מארז רביעייה,החברה המרכזית להפצת משקאות בעמ,,,"י""ח",4,ליטר,false,1,29.90,7.18,false,1,
7290110113384,false,קוקה קולה זירו מארז רביעיה 1X4 ליטר,החברה המרכזית להפצת משקאות בעמ,,,"י""ח",4,ליטר,false,1,29.90,7.18,false,1,
7290110114787,false,נביעות+ מים מינרליים בטעם תפוח 1.5 ליטר,החברה המרכזית להפצת משקאות בעמ,,,"י""ח",1.50,ליטר,false,1,8.90,5.73,false,1,
7290110114794,false,נביעות+ מים מינרליים בטעם אפרסק 1.5 ליטר,החברה המרכזית להפצת משקאות בעמ,,,"י""ח",1.50,ליטר,false,1,8.90,5.73,false,1,
7290110114800,false,נביעות+ מים מינרליים בטעם ענבים 1.5 ליטר,החברה המרכזית להפצת משקאות בעמ,,,"י""ח",1.50,ליטר,false,1,8.90,5.73,false,1,
7290110114855,false,"נביעות מים מינרליים, שישיה 6 * 1.5 ליטר פקדון",החברה המרכזית להפצת משקאות בעמ,,,"י""ח",9,ליטר,false,1,13,1.24,false,1,
7290110114893,false,מיץ תפוזים מפוסטר סחוט 2 ליטר,*החברה המרכזית להפצת משקאותבעמ,,,"י""ח",2,ליטר,false,1,28.90,14.30,false,1,
7290110114954,false,מיץ תפוזים מתקתקים פריגת 2 ליטר,*החברה המרכזית להפצת משקאותבעמ,,,"י""ח",2,ליטר,false,1,20.90,10.30,false,1,
7290110114961,false,משקה קל בטעם תפוזים פריגת (1.5 ליטר),החברה המרכזית להפצת משקאות בעמ,,,"י""ח",1.50,ליטר,false,1,9,5.80,false,1,
7290110114985,false,משקה קל בטעם אשכוליות פריגת (1.5 ליטר),החברה המרכזית להפצת משקאות בעמ,,,"י""ח",1.50,ליטר,false,1,9,5.80,false,1,
7290110115005,false,משקה קל בטעם ענבים פריגת (1.5 ליטר),החברה המרכזית להפצת משקאות בעמ,,,"י""ח",1.50,ליטר,false,1,9,5.80,false,1,
7290110115043,false,משקה קל בטעם לימונענע פריגת (1.5 ליטר),החברה המרכזית להפצת משקאות בעמ,,,"י""ח",1.50,ליטר,false,1,9,5.80,false,1,
7290110115050,false,משקה קל בטעם תות בננה פריגת (1.5 ליטר),החברה המרכזית להפצת משקאות בעמ,,,"י""ח",1.50,ליטר,false,1,9,5.80,false,1,
7290110115081,false,פריגת צלול ענבים 1.5 ליטר פיקדון,החברה המרכזית להפצת משקאות בעמ,,,"י""ח",1.50,ליטר,false,1,8.60,5.53,false,1,
7290110115104,false,פריגת צלול אפרסק 1.5 ליטר פיקדון,החברה המרכזית להפצת משקאות בעמ,,,"י""ח",1.50,ליטר,false,1,8.60,5.53,false,1,
7290110115111,false,פריגת צלול אננס 1.5 ליטר פיקדון,החברה המרכזית להפצת משקאות בעמ,,,"י""ח",1.50,ליטר,false,1,8.60,5.53,false,1,
7290110115128,false,פריגת צלול בטעם לימונענע 1.5 ליטר פיקדון,החברה המרכזית להפצת משקאות בעמ,,,"י""ח",1.50,ליטר,false,1,8.60,5.53,false,1,
7290110115203,false,קוקה קולה 1.5 ליטר פיקדון,החברה המרכזית להפצת משקאות בעמ,,,"י""ח",150,"ל מ""ל",false,1,8.90,5.73,false,1,
7290110115227,false,קוקה קולה Zero בקבוק 1.5 ליטר פיקדון,החברה המרכזית להפצת משקאות בעמ,,,"י""ח",1.50,ליטר,false,1,8.80,5.67,false,1,
7290110115241,false,קוקה קולה דיאט לימון 1.5 ליטר פיקדון,החברה המרכזית להפצת משקאות בעמ,,,"י""ח",1.50,ליטר,false,1,8.60,5.53,false,1,
7290110115265,false,ספרייט לימון ליים 1.5 ליטר-,החברה המרכזית להפצת משקאות בעמ,,,"י""ח",1.50,ליטר,false,1,9,5.80,true,1,
7290110115272,false,ZERO ספרייט 1.5 ליטר פיקדון,החברה המרכזית להפצת משקאות בעמ,,,"י""ח",1.50,ליטר,false,1,9,5.80,true,1,
7290110115289,false,ספרייט 19 קל' לימון-נענע 1.5 ליטר פיקדון,החברה המרכזית להפצת משקאות בעמ,,,"י""ח",1.50,ליטר,false,1,9,5.80,true,1,
7290110115302,false,משקה מוגז אורנג' זירו פאנטה 1.5 ליטר,החברה המרכזית להפצת משקאות בעמ,,,"י""ח",1.50,ליטר,false,1,8.30,5.33,true,1,
7290110115319,false,פאנטה אקזוטי פירות טרופיים 1.5ל פיקדון,החברה המרכזית להפצת משקאות בעמ,,,"י""ח",1.50,ליטר,false,1,8.50,5.47,true,1,
7290110115333,false,גזוז בטעם תות פאנטה 1.5 ליטר פיקדון,החברה המרכזית להפצת משקאות בעמ,,,"י""ח",1.50,ליטר,false,1,8.50,5.47,true,1,
7290110115340,false,פאנטה ענבים 1.5 ליטר פיקדון,החברה המרכזית להפצת משקאות בעמ,,,"י""ח",1.50,ליטר,false,1,8.50,5.47,true,1,
7290110115357,false,קינלי סודה 1.5 ליטר פיקדון,החברה המרכזית להפצת משקאות בעמ,,,"י""ח",1.50,ליטר,false,1,3.30,2,false,1,
7290110115364,false,קוקה קולה שישיות 1.5 ליטר פיקדון,החברה המרכזית להפצת משקאות בעמ,,,"י""ח",9,ליטר,false,1,49.90,5.34,false,1,
7290110115388,false,ספרייט לימון ליים 1.5 ליטר מארז שישייה,החברה המרכזית להפצת משקאות בעמ,,,"י""ח",9,ליטר,false,1,49.90,5.34,false,1,
7290110115395,false,ספרייט זירו שישיות 1.5 ליטר פיקדון,החברה המרכזית להפצת משקאות בעמ,,,"י""ח",9,ליטר,false,1,46.90,5.01,false,1,
7290110115401,false,קינלי סודה שישייה 1.5 ליטר פיקדון,החברה המרכזית להפצת משקאות בעמ,,,"י""ח",9,ליטר,false,1,16.90,1.68,true,1,
7290110115418,false,קוקה קולה זירו 1.5 ליטר מארז שישייה,החברה המרכזית להפצת משקאות בעמ,,,"י""ח",9,ליטר,false,1,47.90,5.12,false,1,
7290110115425,false,FUZE TEA גרין לימונענע -נענע 1.5 ליטר פיקדון,החברה המרכזית להפצת משקאות בעמ,,,"י""ח",1.50,ליטר,false,1,9.50,6.13,true,1,
7290110115449,false,פיוז-טי תה מנגו אננס 1.5 ליטר פיקדון,החברה המרכזית להפצת משקאות בעמ,,,"י""ח",1.50,ליטר,false,1,9.50,6.13,true,1,
7290110115463,false,פיוז-טי תה אפרסק 1.5 ליטר פיקדון,החברה המרכזית להפצת משקאות בעמ,,,"י""ח",1.50,ליטר,false,1,9.50,6.13,true,1,
7290110115494,false,תה קר בטעם ענבים פיוז טי 1.5 ליטר,החברה המרכזית להפצת משקאות בעמ,,,"י""ח",1.50,ליטר,false,1,9.50,6.13,true,1,
7290110115616,false,פיוז-טי תה גרין אננס זירו 1.5 ליטר פיקדו,החברה המרכזית להפצת משקאות בעמ,,,"י""ח",1.50,ליטר,false,1,9.50,6.13,true,1,
7290110115623,false,פיוז-טי תה אפרסק זירו 1.5 ליטר פיקדון,החברה המרכזית להפצת משקאות בעמ,,,"י""ח",1.50,ליטר,false,1,8.90,5.73,true,1,
7290110116064,false,פאנטה זירו בטעם פירות ירוק 1.5 ל פיקדון,החברה המרכזית להפצת משקאות בעמ,,,"י""ח",1.50,ליטר,false,1,8.50,5.47,true,1,
7290110116125,false,"סירופ פריגת בטעם פטל 750 מ""ל פיקדון",החברה המרכזית להפצת משקאות בעמ,,,"י""ח",750,"ל מ""ל",false,1,23.60,3.15,true,1,
7290110116194,false,נביעות+ סדרת 0 קלוריות לימון-ליים 1.5 ליטר,החברה המרכזית להפצת משקאות בעמ,,,"י""ח",1.50,ליטר,false,1,9.50,6.13,false,1,
7290110116217,false,נביעות+ סדרת 0 קלוריות אשכוליות 1.5 ליטר,החברה המרכזית להפצת משקאות בעמ,,,"י""ח",1.50,ליטר,false,1,9.50,6.13,false,1,
7290110116484,false,פריגת סחוט מיקס תות בננה 1ליטר,*החברה המרכזית להפצת משקאותבעמ,,,"י""ח",1,ליטר,false,1,17.90,17.90,false,1,
7290110116491,false,פריגת סחוט מיקס אפרסק משמש 1ליטר,*החברה המרכזית להפצת משקאותבעמ,,,"י""ח",1,ליטר,false,1,17.90,17.90,false,1,
7290110116507,false,פריגת סחוט מיקס אננס בננה אגס 1ליטר,*החברה המרכזית להפצת משקאותבעמ,,,"י""ח",1,ליטר,false,1,17.90,17.90,false,1,
7290110116514,false,פריגת סחוט מיקס תות בננה 400מל,*החברה המרכזית להפצת משקאותבעמ,,,"י""ח",400,"ל מ""ל",false,1,9.90,2.40,false,1,
7290110116521,false,"פריגת סחוט מיקס אפרסק משמש 400 מ""ל",*החברה המרכזית להפצת משקאותבעמ,,,"י""ח",400,"ל מ""ל",false,1,9.90,2.40,false,1,
7290110116552,false,ספרייט לימון היט 1.5 ליטר LIME פיקדון,החברה המרכזית להפצת משקאות בעמ,,,"י""ח",1.50,ליטר,false,1,9,5.80,true,1,
7290110116569,false,ספרייט זירו 1.5 ליטר LEMON HIT פיקדון,החברה המרכזית להפצת משקאות בעמ,,,"י""ח",1.50,ליטר,false,1,9,5.80,true,1,
7290110320850,false,פתיתים גבינה חצי קשה מגורדת 28% שומן,תנובה מרכז שיתופי לש,,,"י""ח",200,ל גרם,false,1,14.90,7.45,false,1,
7290110320867,false,פתיתים גבינה חצי קשה מגורדת 28% שומן,תנובה מרכז שיתופי לש,,,"י""ח",500,ל גרם,false,1,32.90,6.58,true,1,
7290110321277,false,קוטג בקטנה 5%. 100 גרם מהדרין תנובה,פארייפאבה אגרואינדוס,,,"י""ח",100,ל גרם,false,1,2.60,2.60,false,1,
7290110321284,false,קוטג' בקטנה 9% תנובה 100 גרם מהדרין,פארייפאבה אגרואינדוס,,,"י""ח",100,ל גרם,false,1,2.60,2.60,false,1,
7290110321604,false,קוביות פיראוס בולגרית מעודנת 5% 200 גרם - רבנות,"תנובה בע""מ ***",,,"י""ח",232,ל גרם,false,1,21.90,9.44,false,1,
7290110323097,false,מעדן גבינה עם מחית תות-תאומים 80 גר`,תנובה בעמ ***,,,"י""ח",80,ל גרם,false,1,1.90,2.38,false,1,
7290110323714,false,משקה קוקוס שקדים תנובה E אלטרנטיב,מיוצר עי קונדיטוריית,,,"י""ח",1,ליטר,false,1,12.90,12.90,true,1,
7290110324551,false,יופלה טיוב יוגורט במרקם חלק תות כשרות מהדרין,"תנובה בע""מ ***",,,"י""ח",348,"ל מ""ל",false,1,12.20,3.51,false,1,
7290110324926,false,משקה סויה ללא תוספת סוכר E אלטרנטיב,תנובה מרכז שיתופי לש,,,"י""ח",1,ליטר,false,1,10.90,10.90,true,1,
7290110325084,false,מאגדת שמינייה מיני קרלו שוניל 8*100גרם,"תנובה בע""מ ***",,,"י""ח",800,"ל מ""ל",false,1,15.10,1.89,false,1,
7290110325114,false,"משקה יוגורט יופלה גו לייט תות בננה 250 מ""ל - רבנות",מיוצר עי קונדיטוריית,,,"י""ח",250,"ל מ""ל",false,1,6.10,2.44,false,1,
7290110325510,false,יופלה טיוב יוגורט במרקם חלק בטעם וניל-יוניקור,"תנובה בע""מ ***",,,"י""ח",348,"ל מ""ל",false,1,12.20,3.51,false,1,
7290110325619,false,משקה שיבולת שועל תנובה E אלטרנטיב,מיוצר עי קונדיטוריית,,,"י""ח",1,ליטר,false,1,12.90,12.90,true,1,
7290110325893,false,משקה חלב GO מועשר בחלבון בטעם אייס קפה,מיוצר עי קונדיטוריית,,,"י""ח",340,"ל מ""ל",false,1,8.20,2.41,false,1,
7290110326210,false,יופלה און טופ פצפוצים תנובה 157 גרם,מיוצר עי קונדיטוריית,,,"י""ח",150,"ל מ""ל",false,1,5,3.33,true,1,
7290110326333,false,פרוסות גבינה סקנדינבית 170 גר`קולקשיין,"תנובה בע""מ ***",,,"י""ח",175,ל גרם,false,1,17.90,10.23,false,1,
7290110328016,false,משקה סויה מועשר בחלבון בטעם אגוזי לוז 250 גרם,שוורצקוף& הנקל דיסלד,,,"י""ח",0.25,ליטר,false,1,5.90,23.60,false,1,
7290110328627,false,יוגורט יופלה GO במרקם סמיך בטעם בננה קרמל 0%,מיוצר עי קונדיטוריית,,,"י""ח",200,"ל מ""ל",false,1,5.50,2.75,true,1,
7290110328641,false,טופו טבעי 500 גר`אלטרנטיב 2*250 גר`,"תנובה בע""מ ***",,,"י""ח",500,ל גרם,false,1,17.90,3.58,false,1,
7290110328764,false,יוגורט יופלה GO במרקם סמיך עם תות 0%,מיוצר עי קונדיטוריית,,,"י""ח",200,"ל מ""ל",false,1,5.50,2.75,true,1,
7290110328771,false,יוגורט יופלה GO במרקם סמיך עם פירות יער 0%,מיוצר עי קונדיטוריית,,,"י""ח",200,"ל מ""ל",false,1,5.50,2.75,true,1,
7290110328788,false,יוגורט יופלה GO במרקם סמיך בטעם אפרסק 0%,תנובה מרכז שיתופי לש,,,"י""ח",200,"ל מ""ל",false,1,5.50,2.75,true,1,
7290110329143,false,מעדן חלב מעושר בחלבון בטעם וניל גביע 120 ג' GO,תנובה מרכז שיתופי לש,,,"י""ח",120,"ל מ""ל",false,1,5.20,4.33,false,1,
7290110329686,false,משקה GO חלב בטעם עוגיות 27 גר`חלבון,מיוצר עי קונדיטוריית,,,"י""ח",340,"ל מ""ל",false,1,6.90,2.03,false,1,
7290110329792,false,יוגורט סויה BIO Alternative אפרסק 150 ג' תנובה,מיוצר עי קונדיטוריית,,,"י""ח",150,"ל מ""ל",false,1,4.50,3,false,1,
7290110329808,false,יוגורט סויה BIO Alternative תות 150 ג' תנובה,מיוצר עי קונדיטוריית,,,"י""ח",150,"ל מ""ל",false,1,4.50,3,false,1,
7290110329822,false,יוגורט סויה BIO Alternative פירות יער 150 ג' תנובה,מיוצר עי קונדיטוריית,,,"י""ח",150,"ל מ""ל",false,1,4.50,3,false,1,
7290110550363,false,"פריכיות משולשות תירס, אורז שיבולת שועל, קינואה",אנרג'י Energy - שטראוס,,,"י""ח",65,ל גרם,false,1,9.50,14.62,true,1,
7290110550370,false,פריכיות משולשות קינואה ופלפל שחור 65 גרם,"שטראוס גרופ בע""מ",,,"י""ח",65,ל גרם,false,1,9.50,14.62,true,1,
7290110551254,false,נשנושי תירס 600 גרם טעם הטבע שטראוס,"מיוצר ע""\י או.וי אינטרנש",,,"י""ח",600,ל גרם,false,1,15.90,2.65,true,1,
7290110552220,false,יוגורט PRO בטעם תות 0% סוכר לבן 20 גרם חלבון בגביע,שטראוס גרופ בעמ/מצונן,,,"י""ח",20,"ל מ""ל",false,1,5.90,29.50,true,1,
7290110553029,false,"אנרג'י קריספס-פריכיות חומוס, עדשים ואפונה עם קייל וסלק","פרח תעשיו מזון בע""מ",,,"י""ח",65,ל גרם,false,1,9.50,14.62,true,1,
7290110553104,false,נסקפה קפוצ'ינו סטיק קלאסי 130 ג' עלית,שטראוס גרופ בע`מ,,,"י""ח",130,ל גרם,false,1,16.90,13,true,1,
7290110553173,false,אנרגי פריכיות אורז בטעם קרמל 50 גרם,סאנורייס בלגיום,,,"י""ח",40,ל גרם,false,1,6.90,17.25,true,1,
7290110553180,false,אנרגי פריכיות אורז בטעם תפוח קינמון 50 ג,שטראוס גרופ בע`מ,,,"י""ח",40,ל גרם,false,1,6.90,17.25,true,1,
7290110553425,false,קפה נמס 200 גרם +20% תוספת עלית,שטראוס קפה בי.וי,,,"י""ח",200,"ל מ""ל",false,1,19.90,9.95,true,1,
7290110553432,false,תבשיל אורז מלא וירקות קלויים דלישס,קפוא זן תעשיות מזון בעמ,,,"י""ח",300,ל גרם,false,1,26.90,8.97,true,1,
7290110553623,false,צ'יטוס קראנצ'י בטעם צ'דר חלפיניו - חלבי,"שטראוס פריטו ליי בע""\מ )",,,"י""ח",80,ל גרם,false,1,4.20,5.25,true,1,
7290110554262,false,חלבית מלבין קפה חלבי 350 ג' עלית,שטראוס גרופ בע`מ,,,"י""ח",350,ל גרם,false,1,21.90,6.26,true,1,
7290110554422,false,פומודורו רוטב עגבניות ופלפלים לשקשוקה לפסטה יד מרדכי 350 גרם,אמיליאנה קונסרב סוסייטה,,,"י""ח",350,ל גרם,false,1,11.90,3.40,true,1,
7290110554514,false,קפה טורקי איתיופי שקית 100 גרם,שטראוס קפה בי.וי.,,,"י""ח",100,ל גרם,false,1,9.90,9.90,true,1,
7290110554583,false,מארז חטיפי צ'יטוס פאפס בטעם גבינה - 10 יחידות,"שטראוס פריטו ליי בע""\מ )",,,"י""ח",200,ל גרם,false,1,12.90,6.45,true,1,
7290110554705,false,קפסולות נספרסו לקפה יוניקו סדרת בתי הקלייה 10יח,שטראוס קפה בי.וי.,,,"י""ח",50,ל גרם,false,1,19.90,39.80,true,1,
7290110554712,false,"קפסולות קפה אספרסו קלייה איטית ובהירה, 10 * 50 ג'",שטראוס קפה בי.וי.,,,"י""ח",50,ל גרם,false,1,19.90,39.80,true,1,
7290110555009,false,זוג פסאטה מחית עגבניות חלקה יד מרדכי 700 גרם,אמיליאנה קונסרב ס.פ.,,,"י""ח",700,ל גרם,false,1,11.90,1.70,true,1,
7290110555306,false,רבע לשבע טבעוני סינמון באן עלית 125 גרם,"הגביע מוצרי וופלים בע""\מ",,,"י""ח",125,ל גרם,false,1,12.90,10.32,true,1,
7290110555368,false,רבע לשבע טבעוני מרשמלו עלית 125 גרם,"הגביע מוצרי וופלים בע""\מ",,,"י""ח",125,ל גרם,false,1,12.90,10.32,true,1,
7290110555665,false,קקאו דל שומן עלית בקופסא 220 גרם,"שטראוס גרופ בע""מ",,,"י""ח",220,ל גרם,false,1,19.90,9.05,true,1,
7290110556242,false,"שוקולד מריר פרווה 100 גר' בד""ץ תוצרת חוץ","שטראוס גרופ בע""מ.",,,"י""ח",100,ל גרם,false,1,5.60,5.60,true,1,
7290110557027,false,חומוס עשיר 50% טחינה גולמית 400 ג' אחלה,שטראוס גרופ בעמ/מצונן,,,"י""ח",400,ל גרם,false,1,12.90,3.23,true,1,
7290110557102,false,מעדן חלב עם שוקולד מועשר בחלבון 150 ג' שטראוס,שטראוס גרופ בעמ/מצונן,,,"י""ח",130,ל גרם,false,1,5,3.85,true,1,
7290110557133,false,מעדן הגולן וניל 125 ג' שטראוס,שטראוס גרופ בעמ/מצונן,,,"י""ח",125,ל גרם,false,1,2.80,2.24,true,1,
7290110557478,false,חומוס גלילי במרקם מעודן 600 גרם,שטראוס גרופ בעמ/מצונן,,,"י""ח",600,ל גרם,false,1,11.90,1.98,true,1,
7290110558130,false,יוגורט אקטיביה עם שיבולת שועל ודבש 150 גרם,שטראוס גרופ בעמ/מצונן,,,"י""ח",150,"ל מ""ל",false,1,4.50,3,true,1,
7290110558154,false,דנונה לייט אנד פרי עוגת תפוחים 150ג דנונה,שטראוס גרופ בעמ/מצונן,,,"י""ח",150,"ל מ""ל",false,1,4.50,3,true,1,
7290110558222,false,"וואו יוגורט עם שכבה בטעם בנופי פאי 5.4%, 150ג דנונה",שטראוס גרופ בעמ/מצונן,,,"י""ח",150,"ל מ""ל",false,1,4.50,3,true,1,
7290110558239,false,"וואו יוגורט עם שכבה בטעם קראק פאי 5.4%, 150 ג דנונה",שטראוס גרופ בעמ/מצונן,,,"י""ח",150,"ל מ""ל",false,1,4.50,3,true,1,
7290110558253,false,דנונה שייק נונה ריפרש בננה אננס וצ'יה,שטראוס גרופ בעמ/מצונן,,,"י""ח",250,"ל מ""ל",false,1,5.50,2.20,true,1,
7290110558284,false,דנונה ביו מולטי שטראוס 200 גרם,שטראוס גרופ בעמ/מצונן,,,"י""ח",200,"ל מ""ל",false,1,4.20,2.10,true,1,
7290110558314,false,דנונה פרו 20 גרם חלבון ללא סוכר פיסטוק 200 גרם,שטראוס גרופ בעמ/מצונן,,,"י""ח",20,"ל מ""ל",false,1,5.90,29.50,true,1,
7290110558338,false,דנונה פרו 25 ג' חלבון 200 ג' שטראוס,שטראוס גרופ בעמ/מצונן,,,"י""ח",200,"ל מ""ל",false,1,5.90,2.95,true,1,
7290110558666,false,מעדן גבינה בטעם תפוח 88 ג' דניאלה,שטראוס גרופ בעמ/מצונן,,,"י""ח",150,"ל מ""ל",false,1,3.90,2.60,true,1,
7290110559007,false,"שועועית חומה טעם הטבע קופסה, 380 גרם",שטראוס גרופ בע`מ,,,"י""ח",380,ל גרם,false,1,6.90,1.82,true,1,
7290110559014,false,שעועית שחורה מבושלת טעם הטבע 380 גרם,שטראוס גרופ בע`מ,,,"י""ח",380,ל גרם,false,1,6.90,1.82,true,1,
7290110559762,false,ריל מאגדת אגוזים תמרים קוקוס שטראוס 105 גרם,"ואמואליס פודס אס.איי,",,,"י""ח",105,ל גרם,false,1,15.90,15.14,true,1,
7290110560300,false,"הפריכיות הטעימות חומוס, עדשים שחורות, קינואה ופלפל שחור",אנרג'י Energy - שטראוס,,,"י""ח",30,ל גרם,false,1,5,16.67,true,1,
7290110560317,false,"הפריכיות הטעימות חומוס, עדשים שחורות, קינואה ומלח ים","פרח תעשיו מזון בע""מ",,,"י""ח",30,ל גרם,false,1,5,16.67,true,1,
7290110561352,false,דנונה יוגורט ביו פרוביוטי 3% דל לקטוז 150ג',שטראוס גרופ בעמ/מצונן,,,"י""ח",200,"ל מ""ל",false,1,3.30,1.65,true,1,
7290110561604,false,מארז 8 יחידות מעדן גמדים בטעם תות בננה,שטראוס גרופ בעמ/מצונן,,,"י""ח",800,ל גרם,false,1,17.90,2.24,true,1,
7290110563431,false,"משקה קפה קר בסגנון קלאסי 230 מ""ל 1.6% יוטבתה",שטראוס גרופ בעמ/מצונן,,,"י""ח",230,"ל מ""ל",false,1,7.90,3.43,true,1,
7290110563448,false,"משקה קפה קר בסגנון מעודן 230 מ""ל 1.6% יוטבתה",שטראוס גרופ בעמ/מצונן,,,"י""ח",230,"ל מ""ל",false,1,7.90,3.43,true,1,
7290110563462,false,חלב 2% דל לקטוז בבקבוק יטבתה 1 ליטר.,שטראוס גרופ בעמ/מצונן,,,"י""ח",1,ליטר,false,1,7.80,7.80,true,1,
7290110564339,false,חומוס אחלה הסידרה המובחר 30% טחינה 400 גר',שטראוס גרופ בעמ/מצונן,,,"י""ח",400,ל גרם,false,1,12.90,3.23,true,1,
7290110564360,false,חומוס אחלה הסידרה המובחר 40% טחינה 400 גר',שטראוס גרופ בעמ/מצונן,,,"י""ח",400,ל גרם,false,1,12.90,3.23,true,1,
7290110564414,false,חומוס אחלה הסידרה המובחר 30% טחינה 600 גר',שטראוס גרופ בעמ/מצונן,,,"י""ח",600,ל גרם,false,1,14.90,2.48,true,1,
7290110564742,false,"משקה קפה קר בסגנון חזק 230 מ""ל 1.2% יוטבתה",שטראוס גרופ בעמ/מצונן,,,"י""ח",230,"ל מ""ל",false,1,7.90,3.43,true,1,
7290110565435,false,מעדן ג`לי בטעם פטל חלבי שטראוס (125 גרם,שטראוס גרופ בעמ/מצונן,,,"י""ח",125,ל גרם,false,1,1.90,1.52,true,1,
7290110565527,false,יוגורט PRO פרו 1.5% 20 גרם חלבון בגביע,שטראוס גרופ בעמ/מצונן,,,"י""ח",20,"ל מ""ל",false,1,5.90,29.50,true,1,
7290110565572,false,מארז קפה טורקי עלית לדרך עם הל 168 גרם,שטראוס קפה בי.וי.,,,"י""ח",168,ל גרם,false,1,18.90,11.25,true,1,
7290110566975,false,דנונה פרו יוגורט 0% תות עשיר בחלבון 200ג',שטראוס גרופ בעמ/מצונן,,,"י""ח",20,"ל מ""ל",false,1,5.90,29.50,true,1,
7290110568238,false,"קצפת צמחית 21% שומן 250 מ""ל יוטבתה",שטראוס גרופ בעמ/מצונן,,,"י""ח",250,"ל מ""ל",false,1,7.90,3.16,true,1,
7290110568276,false,משקה וניל פרו Pro מועשר בחלבון 1.5%,שטראוס גרופ בעמ/מצונן,,,"י""ח",350,ל גרם,false,1,6.50,1.86,true,1,
7290110568559,false,דוריטוס עלית מארז חמוץ חריף 10 יח' *25 ג',"שטראוס פריטו ליי בע""מ )פ",,,"י""ח",250,ל גרם,false,1,10.90,4.36,true,1,
7290110570224,false,משקה קפה קר בטעם עוגיות (230 גר`) יטבתה,שטראוס גרופ בעמ/מצונן,,,"י""ח",230,"ל מ""ל",false,1,7.90,3.43,true,1,
7290110571382,false,מעדן חלב בטעם וניל מעושר בחלבון 150 ג' שטראוס,שטראוס גרופ בעמ/מצונן,,,"י""ח",130,ל גרם,false,1,5,3.85,true,1,
7290110571405,false,עלית - מיני פינוקיות בגביע פסק זמן 180 גרם,שטראוס גרופ בע`מ,,,"י""ח",200,ל גרם,false,1,10.90,5.45,true,1,
7290110571474,false,אצבעות רבע לשבע טבעוני פופקורן 125גר`,"הגביע מוצרי וופלים בע""\מ",,,"י""ח",125,ל גרם,false,1,12.90,10.32,true,1,
7290110572129,false,כיף כף מקלות שוקולד לבן 40 ג' עלית,סולן בעבור שטראוס,,,"י""ח",40,ל גרם,false,1,4.80,12,true,1,
7290110572969,false,כיף כף פצפצים עלית קרם לבן (40 גר`),שולן צ'\יקולטה גידה סאן.,,,"י""ח",40,ל גרם,false,1,4.90,12.25,true,1,
7290110572976,false,כיף כף גביע פצפוצים קרם לבן 135 גרם,שולן צ'יקולטה גידה ס,,,"י""ח",135,ל גרם,false,1,9.90,7.33,true,1,
7290110575274,false,"שמן זית יד מרדכי כתית 750 מ""ל שמיטה","שטראוס גרופ בע""מ",,,"י""ח",750,"ל מ""ל",false,1,33.20,4.43,true,1,
7290110576318,false,מאגדת שלישיית שוקולד אגוז לבן 300 ג' עלית,"שטראוס גרופ בע""מ",,,"י""ח",112,ל גרם,false,1,25.90,23.13,true,1,
7290110576370,false,מארז שלישייה שוקולד מריר חלבי עם אגוזי לוז,שטראוס גרופ בע`מ,,,"י""ח",112,ל גרם,false,1,25.90,23.13,true,1,
7290110576387,false,מאגדת שלישיית שוקולד אגוז חלב 300 ג' עלית,שטראוס גרופ בע`מ,,,"י""ח",112,ל גרם,false,1,25.90,23.13,true,1,
7290110576752,false,טבלאות שוקולד ספלנדיד מריר 70% 100 ג' עלית,"שטראוס גרופ בע""מ",,,"י""ח",100,ל גרם,false,1,10.20,10.20,true,1,
7290110576776,false,טבלאות שוקולד ספלנדיד מריר 85% 100 ג' עלית,שטראוס גרופ בע`מ,,,"י""ח",100,ל גרם,false,1,10.20,10.20,true,1,
7290110576790,false,סקי בטעם מוקה 3% (125 גר`) דנונה,שטראוס גרופ בעמ/מצונן,,,"י""ח",125,ל גרם,false,1,3.80,3.04,true,1,
7290110577230,false,משקה חלב בטעם פיסטוק בבקבוק יטבתה 1 ליטר,שטראוס גרופ בעמ/מצונן,,,"י""ח",1,ליטר,false,1,11.90,11.90,true,1,
7290111092985,false,מארז מגבונים לחים בייביסיטר ללא בישום רביעייה,שקד תבל בע`מ,,,"י""ח",1,,false,1,15.90,15.90,true,1,
7290111093005,false,"I-CARE מג'להסרת איפור, 25 יח בפלופק",די.פי.אל תעשיות מוצר,,,"י""ח",25,"י""ח",false,1,7.90,0.32,true,1,
7290111093470,false,"קוויק מסיר הפלא ספוגית להסרת כתמים, 3 יחידות",שקד תבל בע`מ,,,"י""ח",3,"י""ח",false,1,10.90,3.63,true,1,
7290111097041,false,מגבונים בייביסיטר מבושם שמינייה,קיבוץ עמיר dpl,,,"י""ח",66,"י""ח",false,1,24.90,0.38,true,1,
7290111097836,false,קוויק מגבונים 99.9% דוחה אבק למשטחים בניחוח מרכך כביסה 50 יחידות,שקד תבל בעמ,,,"י""ח",50,"י""ח",false,1,8.90,0.18,true,1,
7290111341373,false,נייר טואלט לילי פסטל 30 יחידות,קימברלי קלארק ישראל שיווק בעמ,,,"י""ח",30,"י""ח",false,1,33.90,1.13,false,1,
7290111341496,false,תחבושות דיפנד מיני אקטיב לנשים 14 יח,קימברלי קלארק ישראל שיווק בעמ,,,"י""ח",1,,false,1,20.90,20.90,true,1,
7290111341984,false,לילי - מגבוני נייר טואלט לח פיור רביעייה,קימברלי קלארק ישראל שיווק בעמ,,,"י""ח",117,ל גרם,false,1,24.90,21.28,true,1,
7290111343117,false,קלינקס ממחטות לושן סופט פק זוגות 140דף,קימברלי קלארק ישראל שיווק בעמ,,,"י""ח",140,"י""ח",false,1,15.90,0.11,false,1,
7290111343841,false,ניקול ספוגית הקסם נירוסטה 3 יחידות,קימברלי קלארק ישראל שיווק בעמ,,,"י""ח",3,"י""ח",false,1,10,3.33,false,1,
7290111343858,false,ניקול מטליות לחות לרצפה אנטיבקרטריאלי 10 יחידות,קימברלי קלארק ישראל שיווק בעמ,,,"י""ח",10,"י""ח",false,1,12.90,1.29,false,1,
7290111344206,false,האגיס נטורל קר מגבונים לחים בבישום עדין רביעייה,קימברלי קלארק ישראל שיווק בעמ,,,"י""ח",4,"י""ח",false,1,19.90,4.98,true,1,
7290111344459,false,קוטוקס תחבושות נייט אקסטרא לונג 20 יח',קימברלי קלארק ישראל שיווק בעמ,,,"י""ח",20,"י""ח",false,1,18.90,0.95,true,1,
7290111344527,false,ניקול שקיות אשפה XXL לפחים ענקיים 20 יחי,קימברלי קלארק ישראל שיווק בעמ,,,"י""ח",20,"י""ח",false,1,24.90,1.25,true,1,
7290111344558,false,שקיות אשפה בגודל L עם שרוך 100 יח`,קימברלי קלארק ישראל שיווק בעמ,,,"י""ח",100,"י""ח",false,1,29.90,0.30,false,1,
7290111344565,false,ניקול שקיות זיפר מארז משולב מידות,קימברלי קלארק ישראל שיווק בעמ,,,"י""ח",1,"י""ח",false,1,13.90,13.90,true,1,
7290111344572,false,ניקול שקיות אשפה עם ידיות 25 יח',קימברלי קלארק ישראל שיווק בעמ,,,"י""ח",25,"י""ח",false,1,21.90,0.88,false,1,
7290111344695,false,נייר טואלט מולט 32 יח' מהדורת חורף,קימברלי קלארק ישראל שיווק בעמ,,,"י""ח",1850,ל גרם,false,1,31.90,1.72,false,1,
7290111344831,false,קוטקס - מגיני יום אקסטרא פרוטקט נורמל ביג 60 יח',קימברלי קלארק ישראל שיווק בעמ,,,"י""ח",1,"י""ח",false,1,22.90,22.90,true,1,
7290111344916,false,ניקול שישיית כריות יפניות אנטיבקטריאליות,קימברלי קלארק ישראל שיווק בעמ,,,"י""ח",1,"י""ח",false,1,13.90,13.90,false,1,
7290111345050,false,כרית מיקרופייבר דו צדדית לניקוי עדין,קימברלי קלארק ישראל שיווק בעמ,,,"י""ח",10,"י""ח",false,1,12.90,1.29,false,1,
7290111345814,false,נייר טואלט לילי נטורל קר 30 גלילים מהדורה,קימברלי קלארק ישראל שיווק בעמ,,,"י""ח",552,מטר,false,1,33.90,0.06,false,1,
7290111346347,false,מגבוני אף אוריגינל סופט חמישיה קלינקס,קימברלי קלארק ישראל שיווק בעמ,,,"י""ח",5,"י""ח",false,1,15.90,3.18,true,1,
7290111346538,false,"האגיס פרידום דריי שלב 5+ משקל 14-20ק""ג",קימברלי קלארק ישראל שיווק בעמ,,,"י""ח",38,"י""ח",false,1,45.90,1.21,true,1,
7290111350030,false,רסק תפוחי עץ טבעי בצנצנת 670 גרם קלית גת,ליימן שליסל בעמ,,,"י""ח",5.60,,false,1,10.90,1.95,false,1,
7290111350047,false,תמרים מזן מגהול ללא חרצנים 500 גרם,ליימן שליסל בע`מ,,,"י""ח",500,ל גרם,false,1,13.90,2.78,true,1,
7290111350665,false,קליית גת דבש לחיץ טהור מפרחי בר 350 גרם,חקלאות עין חרוד מאוח,,,"י""ח",350,"ל מ""ל",false,1,22.90,6.54,false,1,
7290111350672,false,"דבש טהור מפרחי בר ""קליית גת"" 700 גרם",חקלאות עין חרוד מאוח,,,"י""ח",700,"ל מ""ל",false,1,32.90,4.70,false,1,
7290111350719,false,חטיף נאצוס הוטפופ בסגנון מסעדות 322 גר,ליימן שליסל בע`מ,,,"י""ח",323,ל גרם,false,1,15.90,4.92,true,1,
7290111350726,false,חטיף נאצוס הוטפופ בסגנון מקסיקני 322 גר,ליימן שליסל בע`מ,,,"י""ח",323,ל גרם,false,1,15.90,4.92,true,1,
7290111351747,false,טורטיה מקמח חיטה צ'וקטה 320 גרם,ליימן שליסל,,,"י""ח",1,,false,1,9.90,9.90,true,1,
7290111352430,false,ממרח תמרים טבעי קליית גת 440 גרם,ליימן שליסל בע`מ,,,"י""ח",440,ל גרם,false,1,11.90,2.70,true,1,
7290111352508,false,סילאן טבעי לחיץ קליית גת 840 גרם,ליימן שליסל בע`מ,,,"י""ח",840,ל גרם,false,1,22.90,2.73,true,1,
7290111352959,false,מקלות חמוצים ממולאים בטעם פירות 80 גר' יוגטה,ליימן שליסל בעמ,,,"י""ח",80,ל גרם,false,1,4.90,6.13,false,1,
7290111352966,false,יוגטה סוכריות ממולאות בטעם פירות 250 גרם ללא ג'לטין,ליימן שליסל בע`מ,,,"י""ח",250,ל גרם,false,1,7.90,3.16,true,1,
7290111352973,false,יוגוטה קוביות חמוצות ממולאות בטעם פירות,ליימן שליסל בע`מ,,,"י""ח",220,ל גרם,false,1,7.90,3.59,true,1,
7290111353109,false,"גומי נחש מבריק 200 גר' וסטהיים (כש""לפ בית יוסף).",אפגאם תעשיות ממתקים,,,"י""ח",200,ל גרם,false,1,9.90,4.95,true,1,
7290111353123,false,"גומי נחש מסוכר 200 גר' וסטהיים (כש""לפ בית יוסף)",טופגם תעשיות ממתקים,,,"י""ח",200,ל גרם,false,1,9.90,4.95,true,1,
7290111353239,false,"גומי יין 200 גר' וסטהיים (כש""לפ בית יוסף)",טופגם תעשיות ממתקים,,,"י""ח",200,ל גרם,false,1,9.90,4.95,true,1,
7290111353437,false,חטיף בטטה ומלח ים 120 גרם הוט פופ,איץ.סיי גרופ אס.דה א,,,"י""ח",120,ל גרם,false,1,14.90,12.42,false,1,
7290111353444,false,ציפס ירקות חטיף בטטות הוטפופ 120 ג',איץ.סיי גרופ אס.דה א,,,"י""ח",120,ל גרם,false,1,14.90,12.42,false,1,
7290111353482,false,מקלות חמוצים ממולאות בטעמי פירות יוגטה 200 גרם,ליימן שליסל בע`מ,,,"י""ח",200,ל גרם,false,1,7.90,3.95,true,1,
7290111354120,false,ממרח חלווה קליית גת 300 גרם,ליימן שליסל,,,"י""ח",300,ל גרם,false,1,15.90,5.30,true,1,
7290111354144,false,ממרח קוקוס מקורמל קליית גת 200 גרם,ליימן שליסל בעמ,,,"י""ח",200,ל גרם,false,1,15.90,7.95,true,1,
7290111354151,false,ממרח אגוזי לוז קליית גת 200 גר,ליימן שליסל בעמ,,,"י""ח",200,ל גרם,false,1,15.90,7.95,true,1,
7290111354243,false,"טורטיה מקמח חיטה 30 ס""מ צ'וקטה 540 גרם",ליימן שליסל,,,"י""ח",1,,false,1,11.90,11.90,true,1,
7290111534010,false,פס גבינה שמנת פירורים קפולסקי 400 גרם,תופינים מקבוצת קפולסקי,,,"י""ח",450,ל גרם,false,1,44.90,9.98,false,1,
7290111563492,false,סלטי צבר מטבוחה חריפה מרובע 6*400גרם,קבוצת אוסם סחר-שות.מוגבלת,,,"י""ח",400,ל גרם,false,1,12.70,3.18,true,1,
7290111564727,false,עוגיות אסם קרמוגית וקרם אגוזים אסם 200ג',קבוצת אוסם סחר שותפות מוגבלת,,,"י""ח",200,ל גרם,false,1,10.90,5.45,true,1,
7290111564956,false,"ביסלי במבה מיקס 200 גרם ""אסם""",קבוצת אוסם סחר שותפות מוגבלת,,,"י""ח",200,ל גרם,false,1,9.90,4.95,true,1,
7290111565038,false,"לה קרמריה וניל קוקילידה בד""צ 1.4 ל'",נגה גלידות שותפות מוגבלת,,,"י""ח",1.40,ליטר,false,1,18.90,13.50,false,1,
7290111566127,false,מאגדת אוראו מיני סנדוויץ' 6 יח' נסטלה,נגה גלידות שותפות מוגבלת,,,"י""ח",198,ל גרם,false,1,26.90,13.59,false,1,
7290111566240,false,שניצל דק מן הצומח בטעם צ'ילי חריף 700 גרם,קבוצת אוסם סחר שותפות מוגבלת,,,"י""ח",564,ל גרם,false,1,37.90,6.72,true,1,
7290111566271,false,טבעול חטיפי תירס 657 גרם קפוא,קבוצת אוסם סחר שותפות מוגבלת,,,"י""ח",657,ל גרם,false,1,37.90,5.77,true,1,
7290111566332,false,"נקניקיות וינר מן הצומח 680 גרם ""טבעול""",קבוצת אוסם סחר שותפות מוגבלת,,,"י""ח",680,ל גרם,false,1,37.90,5.57,true,1,
7290111566561,false,"שניצל ברוקולי 99 קלוריות 560 גר' ""טבעול""",קבוצת אוסם סחר שותפות מוגבלת,,,"י""ח",560,ל גרם,false,1,37.90,6.77,true,1,
7290111566691,false,"שניצל תרד 99 קלוריות 560 גרם ""טבעול""",קבוצת אוסם סחר-שות.מוגבלת,,,"י""ח",560,ל גרם,false,1,37.90,6.77,true,1,
7290111566752,false,טבעול שניצל תירס 99 קלוריות 693 גרם,קבוצת אוסם סחר שותפות מוגבלת,,,"י""ח",693,ל גרם,false,1,37.90,5.47,true,1,
7290111566776,false,"נקניקיות קוקטייל מן הצומח 680 גרם ""טבעול""",קבוצת אוסם סחר שותפות מוגבלת,,,"י""ח",680,ל גרם,false,1,37.90,5.57,true,1,
7290111568206,false,ביסלי פארטי מיקס אסם 150 גר',קבוצת אוסם סחר שותפות מוגבלת,,,"י""ח",150,ל גרם,false,1,8.90,5.93,true,1,
7290111568251,false,אטריות נודלס להקפצה אסם אסייתי 350 גר',קבוצת אוסם סחר שותפות מוגבלת,,,"י""ח",300,ל גרם,false,1,9.90,3.30,false,1,
7290111568275,false,אטריות נודלס אורז רחבות אסם אסייתי 300גרם,קבוצת אוסם סחר שותפות מוגבלת,,,"י""ח",300,ל גרם,false,1,9.90,3.30,false,1,
7290111568961,false,אסם בייגלה טבעות מלוח 400 גר`,קבוצת אוסם סחר שותפות מוגבלת,,,"י""ח",400,ל גרם,false,1,10.90,2.73,false,1,
7290111930799,false,חטיף בטעם בצל קראנצ',ש. שסטוביץ בע`מ,,,"י""ח",55,ל גרם,false,1,3.50,6.36,true,1,
7290111930805,false,קראנצ'וס טעם ברביקיו 55 גר',ש. שסטוביץ בע`מ,,,"י""ח",55,ל גרם,false,1,3.50,6.36,true,1,
7290111930850,false,קראנצ'וס טעם פיצה 55גר',ש. שסטוביץ בע`מ,,,"י""ח",55,ל גרם,false,1,3.50,6.36,true,1,
7290111930898,false,חטיף פוף כוכבים גריל אמריקאי 40 גרם,ש. שסטוביץ בע`מ,,,"י""ח",40,ל גרם,false,1,3.90,9.75,true,1,
7290111930904,false,חטיף פוף כוכבים בצל 40 גרם,ש. שסטוביץ בע`מ,,,"י""ח",40,ל גרם,false,1,3.90,9.75,true,1,
7290111930911,false,חטיף פוף לבבות קלאסי 40 גרם,ש. שסטוביץ בע`מ,,,"י""ח",40,ל גרם,false,1,3.90,9.75,true,1,
7290111930928,false,חטיף פוף לבבות גריל 40 גרם,ש. שסטוביץ בע`מ,,,"י""ח",40,ל גרם,false,1,3.90,9.75,true,1,
7290111930935,false,חטיף פוף טבעות קלאסי 40 גרם,ש. שסטוביץ בע`מ,,,"י""ח",40,ל גרם,false,1,3.90,9.75,true,1,
7290111932380,false,"מרידול משחת שיניים מארז 75X2מ""ל כשל""פ",ש.שסטוביץ בעמ,,,"י""ח",1.50,ליטר,false,1,29.90,19.93,false,1,
7290111933462,false,"רוטב צ'ילי מתוק מאסטר שף 300 מ""ל",ש. שסטוביץ בע`מ,,,"י""ח",300,ל גרם,false,1,7.90,2.63,false,1,
7290111933554,false,שלישייה עגבניות קוביות מאסטר שף 400 גרם,קונסוריזיו קאסאלסקו,,,"י""ח",1.20,"ק""ג",false,1,15.90,13.25,false,1,
7290111935527,false,"מ. שיניים קולגייט טוטל קלין מיניט -זוג כשל""פ2*100 גרם",קולגייט פלמוליב,,,"י""ח",100,"ל מ""ל",false,1,29.90,29.90,true,1,
7290111935961,false,מאסטר שף מחית עגבניות 690 גרם,פראנו אנריקו ופיגלי,,,"י""ח",690,ל גרם,false,1,10.90,1.58,false,1,
7290111937255,false,מארז חמישיית חטיפי תמרים בוטנים ואגוזי לוז פרי 125 גרם,"טבעית מוצרים מהטבע בע""\מ",,,"י""ח",125,ל גרם,false,1,16.90,13.52,false,1,
7290111937712,false,קוקי רדיד אלומיניום עטוף בנייר אפייה,ש. שסטוביץ בע`מ,,,"י""ח",1,,false,1,11.90,11.90,true,1,
7290112000132,false,מפזר אדים אוטומטי + מילוי בניחוח לבנדר ופריחת השקד,רקיט בנקיזר (ניר איסט) בעמ,,,"י""ח",1,"י""ח",false,1,44.90,44.90,false,1,
7290112000156,false,"איירוויק מילוי מפיץ אדים אוטמטי לבנדר 20 מ""ל",רקיט בנקיזר (ניר איסט) בעמ,,,"י""ח",1,"י""ח",false,1,16.90,16.90,false,1,
7290112000385,false,מנקה ומחטא עוצמתי למטבח ללא אקונומיקה,רקיט בנקיזר (ניר איסט) בעמ,,,"י""ח",750,"ל מ""ל",false,1,14.90,1.99,true,1,
7290112000736,false,פיניש טבליות AIO 80 יח` אריזת חיסכון,רקיט בנקיזר (ניר איסט) בעמ,,,"י""ח",80,"י""ח",false,1,59.90,0.75,true,1,
7290112001023,false,"אירוויק ספרי אוטמטי מילוי תענוגות האביב 250 מ""ל",רקיט בנקיזר (ניר איסט) בעמ,,,"י""ח",1,,false,1,15.90,15.90,true,1,
7290112002044,false,טבליות פיניש מנקה מדיח 3 יח,רקיט בנקיזר (ניר איסט) בעמ,,,"י""ח",1,,false,1,14.90,14.90,false,1,
7290112002099,false,קולון גל כביסה מרוכז 2.5 ליטר קלאסי,רקיט בנקיזר (ניר איסט) בעמ,,,"י""ח",2.50,ליטר,false,1,24.90,9.96,true,1,
7290112002105,false,קולון גל כביסה מרוכז 2.5 ליטר ניחוח לילך,רקיט בנקיזר (ניר איסט) בעמ,,,"י""ח",2.50,ליטר,false,1,24.90,9.96,true,1,
7290112002112,false,ג'ל כביסה מרוכז קולון 101 בניחוח ורדים,רקיט בנקיזר (ניר איסט) בעמ,,,"י""ח",2.50,ליטר,false,1,24.90,9.96,true,1,
7290112002129,false,ג'ל כביסה מרוכז קולון 101 בניחוח פריחה מרענן,רקיט בנקיזר (ניר איסט) בעמ,,,"י""ח",2.50,ליטר,false,1,24.90,9.96,true,1,
7290112002136,false,ג'ל כביסה מרוכז קולון 101 קלאסי,רקיט בנקיזר (ניר איסט) בעמ,,,"י""ח",4,ליטר,false,1,34.90,8.73,false,1,
7290112002167,false,קולון ג'ל כביסה בניחוח פריחה מרענן ירוק 4 ליטר,רקיט בנקיזר (ניר איסט) בעמ,,,"י""ח",4,ליטר,false,1,34.90,8.73,false,1,
7290112002983,false,מרסס סיליט חומצת לימון לניקוי כללי 750מל,רקיט בנקיזר (ניר איסט) בעמ,,,"י""ח",750,"ל מ""ל",false,1,17.90,2.39,false,1,
7290112003188,false,קולון קפסולות ג'ל 60 יח' אריזת חיסכון,רקיט בנקיזר (ניר איסט) בעמ,,,"י""ח",60,"י""ח",false,1,54.90,0.92,true,1,
7290112003232,false,אבקת כביסה בניחוח לבנדר קולון 5 ק''ג,רקיט בנקיזר (ניר איסט) בעמ,,,"י""ח",5,"ק""ג",false,1,39.90,7.98,false,1,
7290112003249,false,אבקת כביסה בניחוח מאסק קולון 5 ק''ג,רקיט בנקיזר (ניר איסט) בעמ,,,"י""ח",5,"ק""ג",false,1,39.90,7.98,false,1,
7290112003256,false,אבקת כביסה קולון 101 בניחוח לבנדר,רקיט בנקיזר (ניר איסט) בעמ,,,"י""ח",1.25,"ק""ג",false,1,14.90,11.92,false,1,
7290112003959,false,וניש מסיר כתמים אבקה לכביסה צבעונית 470 גרם,רקיט בנקיזר (ניר איסט) בעמ,,,"י""ח",470,ל גרם,false,1,19.90,4.23,false,1,
7290112004208,false,פיניש טבליות למדיח הכל ב 1 לימון 50 יחידות,רקיט בנקיזר (ניר איסט) בעמ,,,"י""ח",50,"י""ח",false,1,39.90,0.80,true,1,
7290112004413,false,"ספריי וניש קליה להסרת כתמים לבגדים לבנים 750 מ""ל",רקיט בנקיזר (ניר איסט) בעמ,,,"י""ח",750,"ל מ""ל",false,1,16.90,2.25,true,1,
7290112004468,false,דטול - מחטא כביסה לכותנה 1.50 ליטר,רקיט בנקיזר (ניר איסט) בעמ,,,"י""ח",1.50,ליטר,false,1,24.90,16.60,true,1,
7290112004611,false,"וניש קליה ג'ל מרוכז לטיפול נקודתי בכתמים 200 מ""ל",רקיט בנקיזר (ניר איסט) בעמ,,,"י""ח",200,"ל מ""ל",false,1,16.90,8.45,true,1,
7290112004710,false,וניש תוסף כביסה גל מרוכז-כביסה לבנה,רקיט בנקיזר (ניר איסט) בעמ,,,"י""ח",750,"ל מ""ל",false,1,19.90,2.65,false,1,
7290112004772,false,אירוויק מילוי מבשם חשמלי כביסה באוויר,רקיט בנקיזר (ניר איסט) בעמ,,,"י""ח",1,,false,1,16.90,16.90,true,1,
7290112004970,false,פיניש אולטימייט קוואנטום 50 טבליות למדיח,רקיט בנקיזר (ניר איסט) בעמ,,,"י""ח",50,"י""ח",false,1,59.90,1.20,true,1,
7290112005052,false,וניש תוסף כביסה רב תכליתי לבגדים לבנים,רקיט בנקיזר (ניר איסט) בעמ,,,"י""ח",150,ל גרם,false,1,39.90,26.60,true,1,
7290112005076,false,וניש תוסף כביסה רב תכליתי צבעוני 480 גרם,רקיט בנקיזר (ניר איסט) בעמ,,,"י""ח",480,ל גרם,false,1,16.90,3.52,true,1,
7290112005083,false,וניש תוסף כביסה רב תכליתי לכביסה צבעונית,רקיט בנקיזר (ניר איסט) בעמ,,,"י""ח",150,ל גרם,false,1,39.90,26.60,true,1,
7290112005168,false,פיניש אולטימייט קוואנטום לימון 60 טבליות למדיח,רקיט בנקיזר (ניר איסט) בעמ,,,"י""ח",45,"י""ח",false,1,59.90,1.33,true,1,
7290112192158,false,"ניוקי תפו""א 500 גרם ללא גלוטן",גורי מוצרי צריכה בעמ,,,"י""ח",500,ל גרם,false,1,11.90,2.38,false,1,
7290112192875,false,"סנסודיין - משחת שיניים רגישות וחניכיים 75 מ""ל",סנסודיין Sensodyne,,,"י""ח",75,ל גרם,false,1,31.90,42.53,true,1,
7290112192882,false,"סנסודיין - משחת שיניים רגישות וחניכיים מלבינה 75 מ""ל",ג'י.אס.קיי קונסיומר,,,"י""ח",75,ל גרם,false,1,31.90,42.53,true,1,
7290112193582,false,תערובת להכנת עוגה שוקולד 500 גר G FREE,גורי מוצרי צריכה (1991) בעמ,,,"י""ח",300,ל גרם,false,1,22.90,7.63,false,1,
7290112195647,false,"שמן זית כתית מעולה 750מ""ל הזית",א.ג בחירה חכמה בעמ,,,"י""ח",750,"ל מ""ל",false,1,29.90,3.99,true,1,
7290112197191,false,דגני בוקר כהים במילוי קרם וניל ללא גלוטן 375 ג' G FREE,גורי מוצרי צריכה (1991) בעמ,,,"י""ח",375,ל גרם,false,1,19.90,5.31,true,1,
7290112330352,false,"יוגורט PRO בטעם וניל 0% , 20 גרם חלבון בגביע",שטראוס גרופ בעמ/מצונן,,,"י""ח",20,"ל מ""ל",false,1,5.90,29.50,true,1,
7290112330390,false,דנונה פרו פירות יער 20 גרם חלבון 0% שומן 200 גרם,שטראוס גרופ בעמ/מצונן,,,"י""ח",200,"ל מ""ל",false,1,5.90,2.95,true,1,
7290112332585,false,פריכיות משולש תפוא אורז בתיבול סלק ומלח ים אנרג'י 30 גרם,"פרח תעשיו מזון בע""מ",,,"י""ח",30,ל גרם,false,1,5,16.67,true,1,
7290112332691,false,פינוקיות עוגיות קרם פסק זמן אגוזים 200 גרם,"הגביע מוצרי וופלים בע""\מ",,,"י""ח",200,ל גרם,false,1,11.90,5.95,true,1,
7290112332875,false,מסטיק מאסט קוביות בטעם מנטה עדינה 86 ג' עלית,שטראוס גרופ בע`מ,,,"י""ח",80,ל גרם,false,1,13.90,17.38,true,1,
7290112332899,false,עלית - צנצנת בזוקה פופים קלאסי 58 גרם,שטראוס גרופ בע`מ,,,"י""ח",58,ל גרם,false,1,9.90,17.07,true,1,
7290112334596,false,שוקולית אבקת שוקו עלית,שטראוס קפה בי.וי.,,,"י""ח",850,ל גרם,false,1,17.90,2.11,true,1,
7290112334749,false,קפה טורקי בצלופן עלית 200 גרם+ 10% תוספת,"שטראוס גרופ בע""מ",,,"י""ח",200,ל גרם,false,1,17.90,8.95,true,1,
7290112335111,false,מסטיק מאסט קוביות בזוקה ללא גלוטן 86 גר,אסקום קונפקשיין,,,"י""ח",80,ל גרם,false,1,13.90,17.38,true,1,
7290112335487,false,הפריכיות הטעימות קצח ודגנים אנרג'י 135 גרם,אנרג'י Energy - שטראוס,,,"י""ח",135,ל גרם,false,1,12.90,9.56,true,1,
7290112335494,false,הפריכיות הטעימות תפוחי אדמה בטעם פוטטוס,"פרח תעשיות מזון בע""\מ",,,"י""ח",135,ל גרם,false,1,12.90,9.56,true,1,
7290112335500,false,"פרכיות אנרג'י חומוס,אורז,עדשים שחורות וקינואה 135 גרם","פרח תעשיות מזון בע""\מ",,,"י""ח",135,ל גרם,false,1,12.90,9.56,true,1,
7290112336613,false,עד חצות עוגיות סנדוויץ במילוי שוקולד חלב,שטראוס גרופ בע`מ,,,"י""ח",135,ל גרם,false,1,9.90,7.33,true,1,
7290112336637,false,סוכריות מאסט Must ללא סוכר יוגורט תות ואוכניות,"שטראוס גרופ בע""מ",,,"י""ח",80,ל גרם,false,1,8.90,11.13,true,1,
7290112336651,false,סוכריות מאסט ללא סוכר ריבת חלב 80 ג' עלית,"שטראוס גרופ בע""מ",,,"י""ח",80,ל גרם,false,1,8.90,11.13,true,1,
7290112336712,false,יוגורט PRO לבן 0% 21 גרם חלבון בגביע,שטראוס גרופ בעמ/מצונן,,,"י""ח",20,"ל מ""ל",false,1,5.90,29.50,true,1,
7290112337481,false,סוכריות מאסט ללא סוכר קפצ''ינו 80 ג' עלית,שטראוס גרופ בע`מ,,,"י""ח",80,ל גרם,false,1,8.90,11.13,true,1,
7290112338877,false,מעדן גבינה בטעם תות 3% 125ג' סקי,שטראוס גרופ בעמ/מצונן,,,"י""ח",125,ל גרם,false,1,3.70,2.96,true,1,
7290112339171,false,מעדן מוס שוקולד 81 גר`מילקי,שטראוס גרופ בעמ/מצונן,,,"י""ח",81,ל גרם,false,1,3.30,4.07,true,1,
7290112339867,false,גמדים לדרך גבינה לבנה עם מחית תות,שטראוס גרופ בעמ/מצונן,,,"י""ח",100,ל גרם,false,1,5.90,5.90,true,1,
7290112339874,false,גמדים לדרך גבינה לבנה עם מחיות תות ובננה,שטראוס גרופ בעמ/מצונן,,,"י""ח",100,ל גרם,false,1,5.90,5.90,true,1,
7290112340122,false,הפריכיות הטעימות 3 דגנים אנרג'י 135 גרם,"פרח תעשיות מזון בע""\מ",,,"י""ח",135,ל גרם,false,1,12.90,9.56,true,1,
7290112340245,false,מסטיק מאסט צנצנת בטעם דובדבן 66 גר` מגדי,"שטראוס גרופ בע""\מ",,,"י""ח",66,ל גרם,false,1,9.90,15,true,1,
7290112340276,false,פינוקיות עוגיית קרם קפה נמס 200 גרם,"הגביע מוצרי וופלים בע""\מ",,,"י""ח",200,ל גרם,false,1,11.90,5.95,true,1,
7290112341556,false,יוגורט אקטיביה עם צ'יה ותות 150 גרם,שטראוס גרופ בעמ/מצונן,,,"י""ח",150,ל גרם,false,1,3.90,2.60,true,1,
7290112341686,false,שמינייה יוגורט לבן אקטיביה 3% דנונה 150 גרם.,שטראוס גרופ בעמ/מצונן,,,"י""ח",1.20,ליטר,false,1,19.90,16.58,true,1,
7290112342102,false,סימפוניה גבינה במרקם שמנת בצל מקורמל 5%,שטראוס גרופ בעמ/מצונן,,,"י""ח",200,ל גרם,false,1,10.90,5.45,true,1,
7290112343260,false,"יטבתה רוטב שמנת קלאסי 9% שומן 260 מ""ל",שטראוס גרופ בעמ/מצונן,,,"י""ח",260,ל גרם,false,1,9.70,3.73,true,1,
7290112343420,false,"משקה חלב עם דגנים מלאים ובננה פרו יטבתה 350מ""ל",שטראוס גרופ בעמ/מצונן,,,"י""ח",350,"ל מ""ל",false,1,7.50,2.14,true,1,
7290112343499,false,חטיף צ'יטוס פאפס אפוי בטעם גבינה,"שטראוס פריטו ליי בע""\מ )",,,"י""ח",60,ל גרם,false,1,3.50,5.83,true,1,
7290112343512,false,צ'יטוס puffs בטעם גבינה 180 גרם,"שטראוס פריטו ליי בע""\מ )",,,"י""ח",180,ל גרם,false,1,7.50,4.17,true,1,
7290112344564,false,רביולי גבינה קלאסי שטראוס 400 ג',שטראוס גרופ בעמ/מצונן,,,"י""ח",400,ל גרם,false,1,19.90,4.98,true,1,
7290112344755,false,מילקי עם 26% פחות סוכר 135 גר}שטראוס{,שטראוס גרופ בעמ/מצונן,,,"י""ח",130,"ל מ""ל",false,1,2.70,2.08,true,1,
7290112344786,false,קפה פלטינום קלאסיק עלית 200 גרם,הנסיך- מפעל לייצור ט,,,"י""ח",200,ל גרם,false,1,24.90,12.45,true,1,
7290112344953,false,סימפוניה חציל קלוי גבינה במקרם שמנת 5%,שטראוס גרופ בעמ/מצונן,,,"י""ח",200,ל גרם,false,1,10.90,5.45,true,1,
7290112346360,false,בפלות אחת אחת בציפוי שוקולד חלב עלית 180 גרם,הגביע מוצרי וופלים ב,,,"י""ח",180,ל גרם,false,1,13.90,7.72,true,1,
7290112346537,false,עוגיות פינוקיות בטעם טורטית 200 ג' עלית,"הגביע מוצרי ופלים בע""\מ",,,"י""ח",200,ל גרם,false,1,11.90,5.95,true,1,
7290112346773,false,יוגורט בטעם וניל 0% לייט אנד פרי 10 גרם חלבון בגביע,שטראוס גרופ בעמ/מצונן,,,"י""ח",150,"ל מ""ל",false,1,4.50,3,true,1,
7290112346797,false,יוגורט אקטיביה שיבולת שועל ושזיף 150 גרם,שטראוס גרופ בעמ/מצונן,,,"י""ח",150,ל גרם,false,1,4.60,3.07,true,1,
7290112346827,false,אקטימל ויטמין c פטל שמינייה 864 גרם,שטראוס גרופ בעמ/מצונן,,,"י""ח",800,"ל מ""ל",false,1,19.90,2.49,true,1,
7290112347008,false,גמדים לדרך גבינה לבנה עם מחית תות ושיבולת שועל,שטראוס גרופ בעמ/מצונן,,,"י""ח",100,ל גרם,false,1,5.90,5.90,true,1,
7290112348616,false,עלית - קפה נמס אגוזי לוז 100 גרם,שטראוס גרופ בע`מ,,,"י""ח",100,ל גרם,false,1,19.90,19.90,true,1,
7290112348999,false,הפריכיות הטעימות תירס דקות אנרג'י 135 גרם,שטראוס גרופ בע`מ,,,"י""ח",135,ל גרם,false,1,12.90,9.56,true,1,
7290112349316,false,מסטיק בזוקה פופים ממולא בטעם תות ללא סוכר,"שטראוס גרופ בע""מ",,,"י""ח",80,ל גרם,false,1,13.90,17.38,true,1,
7290112349606,false,מעדן גבינה ויוגורט תות בננה 88 ג' דניאלה,שטראוס גרופ בעמ/מצונן,,,"י""ח",150,"ל מ""ל",false,1,3.90,2.60,true,1,
7290112349699,false,פסאטה מחית עגבניות חלקה 350 גר' יד מרדכי,אמיליאנה קונסרב סוסייטה,,,"י""ח",350,ל גרם,false,1,7.90,2.26,true,1,
7290112349736,false,בזיליקום רוטב עגבניות לפסטה יד מרדכי 350 גרם,אמיליאנה קונסרב סוסייטה,,,"י""ח",350,ל גרם,false,1,11.90,3.40,true,1,
7290112349743,false,ארביאטה רוטב עגבניות פיקנטי לפסטה 350 ג' יד מרדכי,אמיליאנה קונסרב סוסייטה,,,"י""ח",350,ל גרם,false,1,11.90,3.40,true,1,
7290112349750,false,פיצה רוטב עגבניות לפיצה יד מרדכי 350 גרם,אמיליאנה קונסרב סוסייטה,,,"י""ח",350,ל גרם,false,1,11.90,3.40,true,1,
7290112350312,false,קפסולות 15 קפה יותר למכונות נספרסו עלית 10יח',הנסיך- מפעל לייצור ט,,,"י""ח",50,ל גרם,false,1,19.90,39.80,true,1,
7290112350589,false,צ`יקו להכנת משקה צ`יקוריה עלית (65 גרם),שטראוס קפה בי.וי,,,"י""ח",65,ל גרם,false,1,11.50,17.69,true,1,
7290112351067,false,סילאן טבעי 100% תמר מג'הול ללא תוספת סוכר,שטראוס גרופ בע`מ,,,"י""ח",630,ל גרם,false,1,24.90,3.95,true,1,
7290112351463,false,שלישיית סוכריות מאסט FRESH פטל לימון 45 ג' עלית,"הליקון גידה בע""\מ",,,"י""ח",45,ל גרם,false,1,8.90,19.78,true,1,
7290112354174,false,"פסטה רוזה 280 ג""ר ""דלישס"" שטראוס",קפוא-זן תעשיות מזון בעמ - תפוג,,,"י""ח",300,ל גרם,false,1,21.90,7.30,true,1,
7290112354945,false,תפוצ'יפס WAVY בטעם טבעי 50 גרם,שטראוס פריטו ליי בע`מ,,,"י""ח",50,ל גרם,false,1,4.50,9,true,1,
7290112354969,false,תפוצ'יפס בטעם טבעי 200 גרם היתר מכירה,שטראוס פריטו ליי בע`מ,,,"י""ח",200,ל גרם,false,1,10.90,5.45,true,1,
7290112355027,false,דנונה פרו 20 גרם חלבון בטעם קרמל מלוח 200 גרם,שטראוס גרופ בעמ/מצונן,,,"י""ח",20,"ל מ""ל",false,1,5.90,29.50,true,1,
7290112355102,false,גמדים סקוויז 100 גרם פאוץ סלט פירות 100 גרם,שטראוס גרופ בעמ/מצונן,,,"י""ח",100,ל גרם,false,1,5.90,5.90,true,1,
7290112356536,false,אבקת קקאו עלית (150 גרם% )+10תוספת,הנסיך- מפעל לייצור ט,,,"י""ח",150,ל גרם,false,1,9.90,6.60,true,1,
7290112357069,false,מחית עגבניות איטלקיות בקופסה 500 גר' טעם הטבע,"שטראוס גרופ בע""מ",,,"י""ח",500,ל גרם,false,1,6.90,1.38,true,1,
7290112357083,false,טעם הטבע אפונה ירוקה 380 גרם קופסה,הדקלאים אגודת שיתופי,,,"י""ח",380,ל גרם,false,1,6.90,1.82,true,1,
7290112357113,false,גרגרי חומוס בקופסה 380 גר' טעם הטבע,"שטראוס גרופ בע""מ",,,"י""ח",380,ל גרם,false,1,6.90,1.82,true,1,
7290112358004,false,פסק זמן חטיף קראנץ עלית( 32 גר`),שולן צ'\יקולטה גידה סאן.,,,"י""ח",45,ל גרם,false,1,4.90,10.89,true,1,
7290112358431,false,עד חצות דאבל ביסקוויט עם שוקולד חלב -8 אריזות אישיות,ביסקוויטס טור ד'\אלבון,,,"י""ח",200,ל גרם,false,1,13.10,6.55,true,1,
7290112358561,false,קפה נמס פלטינום קלאסי 47 ג' עלית,שטראוס גרופ בע`מ,,,"י""ח",47,ל גרם,false,1,5.90,12.55,true,1,
7290112359384,false,עלית - קפה נמס אלפחורס ריבת חלב 100 גרם,שטראוס גרופ בע`מ,,,"י""ח",200,ל גרם,false,1,19.90,9.95,true,1,
7290112490032,false,"נמס בכוס טעם תירס קנור 31 גרם מארז זוגי בד""צ",יוניליוור ישראל שיווק בע`מ,,,"י""ח",64,ל גרם,false,1,6.90,10.78,true,1,
7290112490209,false,נמס בכוס מרק עגבניות עם קרוטונים רכיבים טבעיים,"יוניליוור ישראל שיווק בע""מ",,,"י""ח",56,ל גרם,false,1,6.90,12.32,true,1,
7290112490216,false,מרק נמס בכוס בטעם עוף קנור 100% רכיבים טבעיים,"יוניליוור ישראל שיווק בע""מ",,,"י""ח",48,ל גרם,false,1,6.90,14.38,true,1,
7290112490230,false,מרק נמס בכוס אפונה קנור 100% רכיבים טבעיים,"יוניליוור ישראל שיווק בע""מ",,,"י""ח",50,ל גרם,false,1,6.90,13.80,true,1,
7290112490650,false,קונפיטורה תות שדה 340 גרם-צנצנת,"יוניליוור ישראל שיווק בע""מ",,,"י""ח",340,ל גרם,false,1,11.90,3.50,false,1,
7290112490667,false,קונפיטורה משמש778 50% פרי 340 גר',יוניליוור ישראל שיווק בע`מ,,,"י""ח",340,ל גרם,false,1,11.90,3.50,false,1,
7290112490674,false,קונפיטורה דובדבנים 778 50% פרי 340 גר-,יוניליוור ישראל שיווק בע`מ,,,"י""ח",340,ל גרם,false,1,11.90,3.50,false,1,
7290112490698,false,קונפיטורה תות שדה לייט 300 גרם-צנצנת,יוניליוור ישראל שיווק בע`מ,,,"י""ח",260,ל גרם,false,1,12.90,4.96,false,1,
7290112490728,false,מרק עשיר ירקות עם בורגול רכיבים טבעיים 95 ג' קנור,יוניליוור ישראל שיווק בע`מ,,,"י""ח",74,ל גרם,false,1,11.90,16.08,false,1,
7290112490759,false,מרק עשיר עוף עם אטריות רכיבים טבעיים 74 ג' קנור,"יוניליוור ישראל שיווק בע""מ",,,"י""ח",74,ל גרם,false,1,11.90,16.08,false,1,
7290112490827,false,תרסיס ריחני למייבש הכביסה בדין בייבי 500,"יוניליוור ישראל שיווק בע""מ",,,"י""ח",500,"ל מ""ל",false,1,15.90,3.18,false,1,
7290112490896,false,"קנור רוטב צ'ילי חריף 370 מ""ל PAL","יוניליוור ישראל שיווק בע""מ",,,"י""ח",300,"ל מ""ל",false,1,10.90,3.63,true,1,
7290112491558,false,שוקולד מריר פרווה ורד הגליל (100x6 גרם),יוניליוור ישראל שיווק בע`מ,,,"י""ח",600,ל גרם,false,1,18.90,3.15,false,1,
7290112491701,false,ברנפלקס בטעם וניל מעודן 20% חלבון Extra Protein,"יוניליוור ישראל שיווק בע""מ",,,"י""ח",375,ל גרם,false,1,19.90,5.31,false,1,
7290112491770,false,בייגלה דקים דקים מלח ים בייגל בייגל 300 גרם.,יוניליוור ישראל שיווק בע`מ,,,"י""ח",300,ל גרם,false,1,9.90,3.30,true,1,
7290112491787,false,בייגלה דקים דקים עם שומשום בייגל בייגל 300 גרם,יוניליוור ישראל שיווק בע`מ,,,"י""ח",300,ל גרם,false,1,9.90,3.30,true,1,
7290112491794,false,בייגלה דקים דקים בטעם שמנת ובצל בייגל בייגל 300 גרם,"יוניליוור ישראל שיווק בע""מ",,,"י""ח",300,ל גרם,false,1,9.90,3.30,true,1,
7290112492449,false,פינוק שמפו שיער רגיל 700 מל-חדש,"יוניליוור ישראל שיווק בע""מ",,,"י""ח",700,"ל מ""ל",false,1,11.90,1.70,true,1,
7290112492456,false,"שמפו פינוק לשיער יבש/פגום 700 מ""ל",יוניליוור ישראל שיווק בע`מ,,,"י""ח",700,"ל מ""ל",false,1,11.90,1.70,true,1,
7290112492463,false,"שמפו ומרכך 2 ב-1 לשיער רגיל פינוק 700 מ""ל.",יוניליוור ישראל שיווק בע`מ,,,"י""ח",700,"ל מ""ל",false,1,11.90,1.70,true,1,
7290112492487,false,פינוק שמפו לשיער עם שמן מרוקאי 700 מל,"יוניליוור ישראל שיווק בע""מ",,,"י""ח",700,"ל מ""ל",false,1,11.90,1.70,true,1,
7290112492500,false,פינוק שמפו לשיער עם שמן קוקוס 700 מל,"יוניליוור ישראל שיווק בע""מ",,,"י""ח",700,"ל מ""ל",false,1,11.90,1.70,true,1,
7290112492531,false,"פינוק קונדישנר לשיער רגיל 700מ""ל","יוניליוור ישראל שיווק בע""מ",,,"י""ח",700,"ל מ""ל",false,1,11.90,1.70,true,1,
7290112492548,false,"מרכך פינוק עם שמן חוחובה 700 מ""ל","יוניליוור ישראל שיווק בע""מ",,,"י""ח",700,"ל מ""ל",false,1,11.90,1.70,true,1,
7290112492579,false,פינוק מרכך בתוספת שמן קוקוס 700 מל-חדש,יוניליוור ישראל שיווק בע`מ,,,"י""ח",700,"ל מ""ל",false,1,11.90,1.70,true,1,
7290112492593,false,תחליב רחצה פינוק בניחוח פינוק קלאסי 700,יוניליוור ישראל שיווק בע`מ,,,"י""ח",750,"ל מ""ל",false,1,10.90,1.45,false,1,
7290112492609,false,"פינוק סבון נוזלי לבנדר ווניל 700 מ""ל","יוניליוור ישראל שיווק בע""מ",,,"י""ח",700,"ל מ""ל",false,1,10.90,1.56,false,1,
7290112492630,false,"שמפו ג'ל רחצה וסבון פנים 3 ב-1 לגבר פינוק 700 מ""ל",יוניליוור ישראל שיווק בע`מ,,,"י""ח",700,"ל מ""ל",false,1,11.90,1.70,true,1,
7290112492647,false,"פינוק לגבר 3 ב1 שמפו ג'ל רחצה וסבון פנים 700 מ""ל","יוניליוור ישראל שיווק בע""מ",,,"י""ח",700,"ל מ""ל",false,1,11.90,1.70,true,1,
7290112492715,false,"פינוק שמפו ללא דמעות לסירוק קל לילדים 700 מ""ל","יוניליוור ישראל שיווק בע""מ",,,"י""ח",700,"ל מ""ל",false,1,12.90,1.84,false,1,
7290112492944,false,"קנור אבקת מרק עוף אמיתי 400 גרם כשל""פ",יוניליוור ישראל שיווק בע`מ,,,"י""ח",400,ל גרם,false,1,18.90,4.73,true,1,
7290112492982,false,"אבקת מרק פטריות כשל""פ 100% רכיבים טבעיים 400 גרם",יוניליוור ישראל שיווק בע`מ,,,"י""ח",400,ל גרם,false,1,19.90,4.98,true,1,
7290112492999,false,קנור מרק עוף אמיתי 400 גרם פרווה,יוניליוור ישראל שיווק בע`מ,,,"י""ח",400,ל גרם,false,1,13.90,3.48,true,1,
7290112493064,false,"רוטב שזיפים להקפצה, לבישול ולאפיה","יוניליוור ישראל שיווק בע""מ",,,"י""ח",320,ל גרם,false,1,10.90,3.41,true,1,
7290112493088,false,נמס בכוס עדשים מרק רכיבים טבעיים קנור 54 ג',יוניליוור ישראל שיווק בע`מ,,,"י""ח",48,ל גרם,false,1,6.90,14.38,true,1,
7290112493095,false,נמס בכוס מרק עגבניות חריף רכיבים טבעיים קנור 48 ג',יוניליוור ישראל שיווק בע`מ,,,"י""ח",48,ל גרם,false,1,6.90,14.38,true,1,
7290112493293,false,קנור - נמס ירקות וקרוטונים ר.טבעי 44 גרם,"יוניליוור ישראל שיווק בע""מ",,,"י""ח",48,ל גרם,false,1,6.90,14.38,true,1,
7290112493927,false,גלידה בטעם ריבת חלב 1.33ל' קרמיסימו,"גלידת שטראוס בע""\מ, רחוב",,,"י""ח",776,"ל מ""ל",false,1,18.90,2.44,false,1,
7290112493934,false,גלידה קרמיסימו וניל צרפתי 1.33 ליטר,"גלידת שטראוס בע""\מ, רחוב",,,"י""ח",776,"ל מ""ל",false,1,18.90,2.44,false,1,
7290112494016,false,"מיונז אמיתי מופחת שומן תלמה 500 גרם בד""צ",יוניליוור ישראל שיווק בע`מ,,,"י""ח",500,ל גרם,false,1,9.90,1.98,false,1,
7290112494221,false,חטיף ביסקויט שוקולד חלב קליק (65 גרם),יוניליוור ישראל שיווק בע`מ,,,"י""ח",65,ל גרם,false,1,5.90,9.08,false,1,
7290112494238,false,חטיף כדורים שוקולד חלב קליק (65 גרם),יוניליוור ישראל שיווק בע`מ,,,"י""ח",65,ל גרם,false,1,5.90,9.08,false,1,
7290112494276,false,קליק כריות בתפזורת כשר לפסח,יוניליוור ישראל שיווק בע`מ,,,"י""ח",65,ל גרם,false,1,5.90,9.08,false,1,
7290112494283,false,חטיף כדורים מעורב חום לבו 65 גר`קליק,יוניליוור ישראל שיווק בע`מ,,,"י""ח",65,ל גרם,false,1,5.90,9.08,false,1,
7290112494313,false,קליק - קורנפלקס תפזורת 65 גרם,"יוניליוור ישראל שיווק בע""מ",,,"י""ח",65,ל גרם,false,1,5.90,9.08,false,1,
7290112494351,false,קורנפלקס של אלופים תלמה (850 גרם).בדצ,יוניליוור ישראל שיווק בע`מ,,,"י""ח",850,ל גרם,false,1,16.90,1.99,false,1,
7290112494382,false,פירה בטעם ביתי 260 גרם-קופסא,יוניליוור ישראל שיווק בע`מ,,,"י""ח",260,ל גרם,false,1,9.90,3.81,false,1,
7290112494825,false,תרחיץ פנים לעור רגיש מכיל 25% קרם לחות,יוניליוור ישראל שיווק בע`מ,,,"י""ח",180,"ל מ""ל",false,1,11.90,6.61,false,1,
7290112494832,false,תרחיץ פנים לכל סוגי העור מכיל 25% קרם לחות,יוניליוור ישראל שיווק בע`מ,,,"י""ח",180,"ל מ""ל",false,1,11.90,6.61,false,1,
7290112494993,false,כריות דגנים במילוי וניל בדצ 686 גרם,"יוניליוור ישראל שיווק בע""מ",,,"י""ח",750,ל גרם,false,1,24.90,3.32,true,1,
7290112495006,false,כריות דגנים במילוי נוגט בדצ 686 גרם,"יוניליוור ישראל שיווק בע""מ",,,"י""ח",750,ל גרם,false,1,24.90,3.32,false,1,
7290112495037,false,דגני בוקר בטעם שוקולד כדורים 375 ג' קוקומן,יוניליוור ישראל שיווק בע`מ,,,"י""ח",375,ל גרם,false,1,19.90,5.31,true,1,
7290112495044,false,דגני קוקומן פצפוצים תלמה (375 גרם),יוניליוור ישראל שיווק בע`מ,,,"י""ח",375,ל גרם,false,1,19.90,5.31,true,1,
7290112495105,false,נשנושים טעם שמנת בצל בייגל בייגל 260 גרם,"יוניליוור ישראל שיווק בע""מ",,,"י""ח",260,ל גרם,false,1,11.90,4.58,false,1,
7290112495112,false,נשנושים טעם זעתר בייגל בייגל 260 גרם,"יוניליוור ישראל שיווק בע""מ",,,"י""ח",260,ל גרם,false,1,11.90,4.58,false,1,
7290112495143,false,נשנושי קרקר קוקטייל מלוח בייגל בייגל 300 גרם,"יוניליוור ישראל שיווק בע""מ",,,"י""ח",300,ל גרם,false,1,11.90,3.97,false,1,
7290112495150,false,נשנושי קרקר עיגולים מלח בייגל בייגל 300 גרם,"יוניליוור ישראל שיווק בע""מ",,,"י""ח",300,ל גרם,false,1,11.90,3.97,false,1,
7290112495167,false,נשנושי קרקר שומשום בייגל בייגל 350 גרם,יוניליוור ישראל שיווק בע`מ,,,"י""ח",300,ל גרם,false,1,11.90,3.97,false,1,
7290112495174,false,נשנושי קרקר קוקטייל שומשום בייגל בייגל 300 גרם,יוניליוור ישראל שיווק בע`מ,,,"י""ח",300,ל גרם,false,1,11.90,3.97,false,1,
7290112495228,false,קורנפלקס דבש תלמה אלופים 448 גרם,"יוניליוור ישראל שיווק בע""מ",,,"י""ח",448,ל גרם,false,1,17.90,4,true,1,
7290112495280,false,ברנפלקס ריבועי קינמון תלמה (400 גרם),יוניליוור ישראל שיווק בע`מ,,,"י""ח",400,"ל מ""ל",false,1,19.90,4.98,false,1,
7290112495433,false,דגני דליפקאן תוספת אגוזי פקאן ושקדים 400 גר,יוניליוור ישראל שיווק בע`מ,,,"י""ח",400,ל גרם,false,1,21.90,5.48,false,1,
7290112495556,false,חטיף שוקולד נוגט שוקולד חלב שלישייה,"יוניליוור ישראל שיווק בע""מ",,,"י""ח",106,ל גרם,false,1,12,11.32,true,1,
7290112495662,false,קרקר חיטה מלאה ופשתן בייגל בייגל 300 גרם,יוניליוור ישראל שיווק בע`מ,,,"י""ח",300,ל גרם,false,1,8.90,2.97,false,1,
7290112495686,false,קרקר שומשום בייגל בייגל 220 גרם,יוניליוור ישראל שיווק בע`מ,,,"י""ח",220,"ל מ""ל",false,1,8.90,4.05,false,1,
7290112495747,false,רוטב צ''ילי מתוק כ 70% פחות סוכר 340 ג' קנור,"יוניליוור ישראל שיווק בע""מ",,,"י""ח",340,"ל מ""ל",false,1,10.90,3.21,true,1,
7290112495754,false,רוטב לסלט אלף האיים הלמנס (305 מל),יוניליוור ישראל שיווק בע`מ,,,"י""ח",305,ל גרם,false,1,10.90,3.57,false,1,
7290112495785,false,רוטב לסלט שום (300 גרם)הלמנס,"יוניליוור ישראל שיווק בע""מ",,,"י""ח",300,ל גרם,false,1,10.90,3.63,false,1,
7290112495792,false,רוטב הלמנס שום לייט לסלט 305גר כשלפ,יוניליוור ישראל שיווק בע`מ,,,"י""ח",300,ל גרם,false,1,10.90,3.63,false,1,
7290112495808,false,רוטב לסלט חרדל ודבש הלמנס (305 מל),יוניליוור ישראל שיווק בע`מ,,,"י""ח",305,ל גרם,false,1,10.90,3.57,false,1,
7290112495938,false,"קרקר 6 דגנים בייגל בייגל 250 גרם בד""צ",יוניליוור ישראל שיווק בע`מ,,,"י""ח",250,ל גרם,false,1,8.90,3.56,false,1,
7290112496027,false,"סירופ שוקולד לחיץ 580 מ""ל כשל""פ אפיכל",יוניליוור ישראל שיווק בע`מ,,,"י""ח",580,"ל מ""ל",false,1,10.90,1.88,false,1,
7290112496034,false,"סירופ מייפל לחיץ 580 מ""ל כשל""פ אפיכל",יוניליוור ישראל שיווק בע`מ,,,"י""ח",580,"ל מ""ל",false,1,10.90,1.88,false,1,
7290112496218,false,קנור רוטב טריאקי הפחתה של מעל 50% סוכר ונתרן 310 ג',"יוניליוור ישראל שיווק בע""מ",,,"י""ח",340,ל גרם,false,1,10.90,3.21,true,1,
7290112496331,false,קורנפלקס בננה תלמה אלופים 448 גרם,יוניליוור ישראל שיווק בע`מ,,,"י""ח",448,ל גרם,false,1,17.90,4,true,1,
7290112496430,false,קנור נמס בכוס אקסטרה עגבניות+איטריות 37 גרם - רבנות,יוניליוור ישראל שיווק בע`מ,,,"י""ח",39,ל גרם,false,1,3.90,10,false,1,
7290112496461,false,נמס בכוס אקסטרה מרק ירקות עם המון אטריות,"יוניליוור ישראל שיווק בע""מ",,,"י""ח",35,ל גרם,false,1,3.90,11.14,false,1,
7290112497123,false,סחלב תערובת להכנת מעדן בטעם סחלב 112גרם,יוניליוור ישראל שיווק בע`מ,,,"י""ח",112,ל גרם,false,1,11.90,10.63,false,1,
7290112497499,false,קליק אקסטרא לארג שוקולד לבן עוגיות 85 גרם,"יוניליוור ישראל שיווק בע""מ",,,"י""ח",100,ל גרם,false,1,4.90,4.90,true,1,
7290112497864,false,אבקת מרק בטעם עוף רכיבים טבעיים 33% פחות נתרן 400 גרם,"יוניליוור ישראל שיווק בע""מ",,,"י""ח",400,ל גרם,false,1,18.90,4.73,true,1,
7290112497932,false,נשנושים חטיף בטעם שמנת בצל באריזה אישית 60 ג',"יוניליוור ישראל שיווק בע""מ",,,"י""ח",60,ל גרם,false,1,3.90,6.50,false,1,
7290112498007,false,גרנולה פרוטאין בתוספת חלבון שקדים וחמוציות תלמה 300 ג',"יוניליוור ישראל שיווק בע""מ",,,"י""ח",300,ל גרם,false,1,15.90,5.30,false,1,
7290112498069,false,#קוקומן ללא גלוטן כשלפ 375ג - חדש,יוניליוור ישראל שיווק בע`מ,,,"י""ח",375,ל גרם,false,1,19.90,5.31,true,1,
7290112498274,false,פינוק אלסבון לידיים לבנדר וניל 1ליטר+משא,יוניליוור ישראל שיווק בע`מ,,,"י""ח",950,"ל מ""ל",false,1,11.90,1.25,false,1,
7290112498281,false,"אל סבון לידיים בתוספת שמן קוקוס פינוק 950 מ""ל",יוניליוור ישראל שיווק בע`מ,,,"י""ח",950,"ל מ""ל",false,1,11.90,1.25,false,1,
7290112498441,false,"קנור רוטב אסיאתי למוקפץ 300 מ""ל בד""ץ",יוניליוור ישראל שיווק בע`מ,,,"י""ח",370,"ל מ""ל",false,1,10.90,2.95,true,1,
7290112499141,false,סולרו וניל ותפוח ירוק 76 ג' שטראוס,שטראוס גרופ גלידות,,,"י""ח",76,ל גרם,false,1,7.90,10.39,true,1,
7290112499226,false,גלידונית פיסטוק ובננהבקלקר 60 יח 700 גרם,"גלידת שטראוס בע""\מ, רחוב",,,"י""ח",700,ל גרם,false,1,49.90,7.13,false,1,
7290112499448,false,"מרכך פינוק בתוספת שמן מרוקאי 700 מ""ל",יוניליוור ישראל שיווק בע`מ,,,"י""ח",700,"ל מ""ל",false,1,11.90,1.70,true,1,
7290112499455,false,פינוק תחליב רחצה 700 בתוספת שמן מרוקאי,"יוניליוור ישראל שיווק בע""מ",,,"י""ח",750,"ל מ""ל",false,1,10.90,1.45,false,1,
7290112499462,false,פינוק תחליב רחצה 700 בתוספת שמן קוקוס,יוניליוור ישראל שיווק בע`מ,,,"י""ח",750,"ל מ""ל",false,1,10.90,1.45,false,1,
7290112499639,false,טילון סופר מגנום וניל צ'יפ שוקולד 110 גרם,"מיוצר ע""\י גלידת שטראוס",,,"י""ח",110,ל גרם,false,1,8,7.27,true,1,
7290112499837,false,מגנום דואט שוקו לד עם נוגט שטראוס,"מיוצר ע""\י גלידת שטראוס",,,"י""ח",90,ל גרם,false,1,8,8.89,true,1,
7290112499936,false,מגנום שקדים אימפלס פסח 125מל,"מיוצר ע""\י גלידת שטראוס",,,"י""ח",90,ל גרם,false,1,10,11.11,true,1,
7290112499943,false,מיני מאגדת מיני מגנום טעמים שונים וניל+שוקו,"מיוצר ע""\י גלידת שטראוס",,,"י""ח",280,ל גרם,false,1,25.90,9.25,false,1,
7290112706362,false,מארז שלישיית ביצי שוקולד מפרץ ההרפתקאות,שמחה זה אנחנו בע`מ,,,"י""ח",1,,false,1,15,15,false,1,
7290112961266,false,בייגלה כפיות פיזור איטלקי 300 גרם אסם,קבוצת אוסם סחר שותפות מוגבלת,,,"י""ח",300,ל גרם,false,1,10.80,3.60,false,1,
7290112961372,false,פיטנס חטיפי פריכיות דקות קינמון 60 גרם,קבוצת אוסם סחר שותפות מוגבלת,,,"י""ח",60,ל גרם,false,1,8.90,14.83,true,1,
7290112961464,false,פיטנס חטיפי פריכיות דגנים וחומוס מתובלות,קבוצת אוסם סחר שותפות מוגבלת,,,"י""ח",60,ל גרם,false,1,8.90,14.83,true,1,
7290112961754,false,עוגיות שוקולד ציפס עם קרם בטעם אגוזים 220 גר',קבוצת אוסם סחר שותפות מוגבלת,,,"י""ח",200,ל גרם,false,1,11.90,5.95,true,1,
7290112963918,false,פיטנס חטיפי קרקר דק רוזמרין 140 גרם,קבוצת אוסם סחר שותפות מוגבלת,,,"י""ח",140,ל גרם,false,1,12.90,9.21,true,1,
7290112964410,false,אסם רוטב אלף האיים חדש לסלט 290 גרם,קבוצת אוסם סחר שותפות מוגבלת,,,"י""ח",290,"ל מ""ל",false,1,11.90,4.10,true,1,
7290112964458,false,אסם רוטב ויניגרט חדש לסלט 295 גרם,קבוצת אוסם סחר שותפות מוגבלת,,,"י""ח",375,ל גרם,false,1,11.90,3.17,true,1,
7290112964472,false,אסם רוטב שום חדש לסלט 290 גרם,קבוצת אוסם סחר שותפות מוגבלת,,,"י""ח",290,"ל מ""ל",false,1,11.90,4.10,true,1,
7290112964564,false,רוטב אלף האיים לייט לסלט אסם (295 מל),קבוצת אוסם סחר שותפות מוגבלת,,,"י""ח",290,"ל מ""ל",false,1,11.90,4.10,true,1,
7290112964724,false,המבורגר צמחוני עם המון חלבון 580 גר,קבוצת אוסם סחר שותפות מוגבלת,,,"י""ח",580,ל גרם,false,1,37.90,6.53,true,1,
7290112965684,false,פיטנס - חטיף מולטיגריין עשבי תיבול 25 גרם,קבוצת אוסם סחר שותפות מוגבלת,,,"י""ח",25,ל גרם,false,1,5,20,true,1,
7290112965943,false,נאגטס ירקות ירוקים ( 500 גר`) טבעול,קבוצת אוסם סחר שותפות מוגבלת,,,"י""ח",500,ל גרם,false,1,37.90,7.58,true,1,
7290112965981,false,"טבעול גורמה ארוחת דגנים, 450 גרם",קבוצת אוסם סחר-שות.מוגבלת,,,"י""ח",450,ל גרם,false,1,34.90,7.76,true,1,
7290112966094,false,עוגת הבית בטעם תפוז מופחת סוכראסם (400 ג,קבוצת אוסם סחר שותפות מוגבלת,,,"י""ח",400,ל גרם,false,1,11.90,2.98,false,1,
7290112966728,false,צבר טחינה בלאדי פלפלים חריפים 350 גרם,קבוצת אוסם סחר שותפות מוגבלת,,,"י""ח",350,ל גרם,false,1,16,4.57,true,1,
7290112966766,false,טחינה בלאדי חציל עגבניות ושום צבר 350 גרם,קבוצת אוסם סחר שותפות מוגבלת,,,"י""ח",350,ל גרם,false,1,16,4.57,true,1,
7290112966803,false,אינסטנט פודינג בטעם שוקולד אסם (88 גרם),קבוצת אוסם סחר שותפות מוגבלת,,,"י""ח",88,ל גרם,false,1,5.90,6.70,true,1,
7290112966841,false,אינסטנט פודינג בטעם שוקולד מריר 95 גרם,קבוצת אוסם סחר שותפות מוגבלת,,,"י""ח",88,ל גרם,false,1,5.90,6.70,true,1,
7290112967114,false,פיטנס חטיפי פריכיות קטניות ופלפל 60 גרם,קבוצת אוסם סחר שותפות מוגבלת,,,"י""ח",60,ל גרם,false,1,8.90,14.83,true,1,
7290112967381,false,פיטנס חטיפי פריכיות קטניות ומלח ים 60 גרם,קבוצת אוסם סחר שותפות מוגבלת,,,"י""ח",60,ל גרם,false,1,8.90,14.83,true,1,
7290112967572,false,"אסם רוטב ברביקיו 290 מ""ל אסם",קבוצת אוסם סחר שותפות מוגבלת,,,"י""ח",290,"ל מ""ל",false,1,11.90,4.10,true,1,
7290112968203,false,צבר סלט טחינה בלאדי 6*250גרם,קבוצת אוסם סחר שותפות מוגבלת,,,"י""ח",250,ל גרם,false,1,9.90,3.96,false,1,
7290112968340,false,צבר חומוס גרוס גס גס 400 גרם,קבוצת אוסם סחר שותפות מוגבלת,,,"י""ח",400,ל גרם,false,1,14.80,3.70,true,1,
7290112968708,false,"טבעול שניצל תירס עדה חרדית 1.3 ק""ג",קבוצת אוסם סחר שותפות מוגבלת,,,"י""ח",1.30,"ק""ג",false,1,46.10,35.46,true,1,
7290112968807,false,80018416694פיטנס חטיפי קרקר דק סלק 150גר,קבוצת אוסם סחר שותפות מוגבלת,,,"י""ח",150,ל גרם,false,1,12.90,8.60,true,1,
7290112968821,false,חטיפי קרקר דק בטטה 140 גר` פיטנס,קבוצת אוסם סחר שותפות מוגבלת,,,"י""ח",150,ל גרם,false,1,12.90,8.60,true,1,
7290112969002,false,"אינסטנט פודינג פיסטוק אסם 80 גרם בד""ץ",קבוצת אוסם סחר שותפות מוגבלת,,,"י""ח",80,ל גרם,false,1,5.90,7.38,true,1,
7290112969071,false,פרפקטו פסטה רדיאטורי 12*500גרם,קבוצת אוסם סחר-שות.מוגבלת,,,"י""ח",500,ל גרם,false,1,11.90,2.38,false,1,
7290112969286,false,בישולים רוטב חרדל ודבש ( 330 גר`) אסם,קבוצת אוסם סחר שותפות מוגבלת,,,"י""ח",330,ל גרם,false,1,16.30,4.94,true,1,
7290112969903,false,נאגטס ירקות לבנים ( 500 גר`) טבעול,קבוצת אוסם סחר-שות.מוגבלת,,,"י""ח",500,ל גרם,false,1,37.90,7.58,true,1,
7290113050273,false,תבנית אינגליש קצרה R15,פאלאס תעשיות נטו (2014) בעמ,,,"י""ח",1,,false,1,0.70,0.70,false,1,
7290113190375,false,סילאן טבעי שקדיה 900 גרם,דין שיווק וקליה 2021 בעמ,,,"י""ח",900,ל גרם,false,1,14.90,1.66,false,1,
7290113190450,false,ממרח תמרים 450 גרם שקדיה,דין שיווק וקליה 2021 בעמ,,,"י""ח",450,ל גרם,false,1,5.90,1.31,false,1,
7290113191013,false,פפריקה חריפה 250גר אהרוני,****דין שיווק וקליה 2021 בעמ,,,"י""ח",250,ל גרם,false,1,19.90,7.96,true,1,
7290113191020,false,פלפל שחור טחון 250גר אהרוני,****דין שיווק וקליה 2021 בעמ,,,"י""ח",250,ל גרם,false,1,19.90,7.96,true,1,
7290113191037,false,פלפל שחור גרוס 250גר אהרוני,****דין שיווק וקליה 2021 בעמ,,,"י""ח",250,ל גרם,false,1,19.90,7.96,true,1,
7290113192218,false,פינוק מלבי 500 גר`קרטון שקדיה,דין שיווק וקליה 2021 בעמ,,,"י""ח",500,ל גרם,false,1,13.90,2.78,false,1,
7290113192300,false,זיתים חרוזית מושחרים בית השיטה 275 גרם,קבוצת אוסם סחר שותפות מוגבלת,,,"י""ח",275,ל גרם,false,1,11.10,4.04,true,1,
7290113192324,false,זיתים ירוקים שלמים בינוניים בית השיטה,קבוצת אוסם סחר-שות.מוגבלת,,,"י""ח",340,ל גרם,false,1,10.90,3.21,false,1,
7290113192331,false,בית השיטה זיתים ירוקים גדולים 340 גרם*,קבוצת אוסם סחר שותפות מוגבלת,,,"י""ח",340,ל גרם,false,1,10.20,3,false,1,
7290113192355,false,חרוזית זיתים ירוקים ללא גלעין 275 ג' בית השיטה,קבוצת אוסם סחר שותפות מוגבלת,,,"י""ח",275,ל גרם,false,1,10.90,3.96,true,1,
7290113192362,false,בית השיטה טבעות זיתים ירק.א2 12*280ג חדש,קבוצת אוסם סחר שותפות מוגבלת,,,"י""ח",280,ל גרם,false,1,11.20,4,false,1,
7290113192379,false,בית השיטה זיתים ירוקים מבוקעים א2 340גר',קבוצת אוסם סחר-שות.מוגבלת,,,"י""ח",340,ל גרם,false,1,11.10,3.26,false,1,
7290113192478,false,בית השיטה מלפפונים במלח בינוני 10-12 320 גרם,קבוצת אוסם סחר שותפות מוגבלת,,,"י""ח",320,ל גרם,false,1,8.10,2.53,false,1,
7290113192485,false,בית השיטה מלפפונים בחומץ בינוני 10-12 290 גרם,קבוצת אוסם סחר שותפות מוגבלת,,,"י""ח",290,ל גרם,false,1,8.10,2.79,false,1,
7290113192508,false,ב.השיטה מלפפון במלח ר.טבע א2 17-13 320 גרם,קבוצת אוסם סחר שותפות מוגבלת,,,"י""ח",320,ל גרם,false,1,10.90,3.41,false,1,
7290113192515,false,בית השיטה מלפפונים במלח קטן מאוד 1825 320 גרם,קבוצת אוסם סחר שותפות מוגבלת,,,"י""ח",320,ל גרם,false,1,12.90,4.03,false,1,
7290113192539,false,בית השיטה מלפפונים במלח גדול 79 320 גרם,קבוצת אוסם סחר שותפות מוגבלת,,,"י""ח",320,ל גרם,false,1,7.10,2.22,false,1,
7290113192546,false,"מלפפונים בחומץ רכיבים טבעיים 7-9 ""בית השיטה""",קבוצת אוסם סחר שותפות מוגבלת,,,"י""ח",290,ל גרם,false,1,7.10,2.45,false,1,
7290113192577,false,בית השיטה כרוב כבוש א2 12*430גרם חדש,קבוצת אוסם סחר שותפות מוגבלת,,,"י""ח",430,ל גרם,false,1,7.90,1.84,false,1,
7290113192997,false,בית השיטה זית מרוקאי 340 גרם*,קבוצת אוסם סחר שותפות מוגבלת,,,"י""ח",720,ל גרם,false,1,12.90,1.79,false,1,
7290113193000,false,בית השיטה פלפל שיפקונית 230 גרם*,קבוצת אוסם סחר שותפות מוגבלת,,,"י""ח",230,ל גרם,false,1,10.90,4.74,false,1,
7290113193017,false,בית השיטה חרוזית קוקטייל זיתים 275 גרם,קבוצת אוסם סחר שותפות מוגבלת,,,"י""ח",275,ל גרם,false,1,12.90,4.69,false,1,
7290113193031,false,חרוזית קלמטה - זיתים שחורים ללא גלעין קלמטה,קבוצת אוסם סחר שותפות מוגבלת,,,"י""ח",275,ל גרם,false,1,12.90,4.69,false,1,
7290113193888,false,בית השיטה חצילים מוחמצים 320 גרם,קבוצת אוסם סחר שותפות מוגבלת,,,"י""ח",320,ל גרם,false,1,10.20,3.19,true,1,
7290113194090,false,בית השיטה טבעות זיתים קלמטה 280 גרם,קבוצת אוסם סחר שותפות מוגבלת,,,"י""ח",280,ל גרם,false,1,10.90,3.89,false,1,
7290113194649,false,בית השיטה מלפפונים במלח קוביות 320 גרם,קבוצת אוסם סחר שותפות מוגבלת,,,"י""ח",290,ל גרם,false,1,10.90,3.76,false,1,
7290113195172,false,בית השיטה רצועות קולורבי בתחמיץ 215 גרם,קבוצת אוסם סחר-שות.מוגבלת,,,"י""ח",215,ל גרם,false,1,12.90,6,false,1,
7290113195271,false,ממרח פלפלים פיקנטיים 360 גרם,דין שיווק וקליה 2021 בעמ,,,"י""ח",360,ל גרם,false,1,13.90,3.86,false,1,
7290113195356,false,שמן קנולה מזוכך זית השיטה 1 ליטר,קבוצת אוסם סחר-שות.מוגבלת,,,"י""ח",1,ליטר,false,1,13.90,13.90,false,1,
7290113195363,false,שמן חמניות מזוכך זית השיטה 1 ליטר,קבוצת אוסם סחר-שות.מוגבלת,,,"י""ח",1,ליטר,false,1,13.90,13.90,false,1,
7290113196414,false,"אורז בסמטי 1 ק""ג - שקדיה כחול מטאלי",דין שיווק וקליה 2021 בעמ,,,"י""ח",1,"ק""ג",false,1,9.80,9.80,false,1,
7290113196933,false,מנה חמה אטריות אורז בטעם טום יאס שקדיה 70 גרם,דין שיווק וקליה 2021 בעמ,,,"י""ח",70,ל גרם,false,1,7.90,11.29,false,1,
7290113197176,false,חמאת בוטנים טבעית עם שברי בוטנים 450,דין שיווק וקליה 2021 בעמ,,,"י""ח",510,ל גרם,false,1,15.90,3.12,false,1,
7290113197824,false,בית השיטה לבבות דקל 220 דקל,קבוצת אוסם סחר-שות.מוגבלת,,,"י""ח",220,ל גרם,false,1,12.90,5.86,true,1,
7290113197855,false,תירס גמדי 230 גרם בית השיטה,קבוצת אוסם סחר-שות.מוגבלת,,,"י""ח",230,ל גרם,false,1,12.90,5.61,true,1,
7290113198395,false,קשיו ענק 250גר מחנה יהודה,דין שיווק וקליה 2021 בעמ****,,,"י""ח",250,ל גרם,false,1,24.90,9.96,true,1,
7290113198418,false,שקד קלוי ענק 250גר מחנה יהודה,דין שיווק וקליה 2021 בעמ****,,,"י""ח",250,ל גרם,false,1,24.90,9.96,true,1,
7290113198425,false,פקאן טבעי 200גר מחנה יהודה,דין שיווק וקליה 2021 בעמ****,,,"י""ח",200,ל גרם,false,1,24.90,12.45,true,1,
7290113198432,false,תערובת פיצוחים מובחרת 250גר מחנה יהודה,דין שיווק וקליה 2021 בעמ****,,,"י""ח",250,ל גרם,false,1,24.90,9.96,true,1,
7290113198449,false,שקד טבעי 300גר מחנה יהודה,דין שיווק וקליה 2021 בעמ****,,,"י""ח",300,ל גרם,false,1,24.90,8.30,true,1,
7290113198456,false,חמוציות 250גר מחנה יהודה,דין שיווק וקליה 2021 בעמ****,,,"י""ח",250,ל גרם,false,1,9.90,3.96,true,1,
7290113198463,false,פקאו סיני 160גר מחנה יהודה,דין שיווק וקליה 2021 בעמ****,,,"י""ח",160,ל גרם,false,1,19.90,12.44,true,1,
7290113198470,false,אגוז מלך 200גר מחנה יהודה,דין שיווק וקליה 2021 בעמ****,,,"י""ח",200,ל גרם,false,1,14.90,7.45,true,1,
7290113198487,false,סוכריות גומי 300גר מחנה יהודה,דין שיווק וקליה 2021 בעמ****,,,"י""ח",300,ל גרם,false,1,14.90,4.97,true,1,
7290113198494,false,פיסטוק קלוי גדול 200גר מחנה יהודה,דין שיווק וקליה 2021 בעמ****,,,"י""ח",200,ל גרם,false,1,24.90,12.45,true,1,
7290113198722,false,סוכריות גומי פירות 300ג מחנה יהודה,דין שיווק וקליה 2021 בעמ****,,,"י""ח",288,ל גרם,false,1,14.90,5.17,true,1,
7290113199323,false,עלי טורטילוס בוריטו150גר,אלקטי קוראבייכיסיגידה טו,,,"י""ח",440,ל גרם,false,1,5.90,1.34,false,1,
7290113199767,false,ממרח שקדים 300 גרם השקדיה,דין שיווק וקליה 2021 בעמ,,,"י""ח",300,ל גרם,false,1,28.90,9.63,false,1,
7290113199866,false,מגש אירוח אגוזים קלויים וחטיפים מלוחים מקל 450 ג',****דין שיווק וקליה 2021 בעמ,,,"י""ח",1,,false,1,34.90,34.90,false,1,
7290113199873,false,מגש אירוח אגוזים קלויים וחטיפים 200גר,****דין שיווק וקליה 2021 בעמ,,,"י""ח",1,,false,1,16.90,16.90,false,1,
7290113199880,false,טורטיה בתוספת קמח כוסמין ושיבול שועל שקדיה 360 גרם,דין שיווק וקליה 2021 בעמ,,,"י""ח",360,ל גרם,false,1,9.90,2.75,false,1,
7290113285095,false,"כפפות לטקס ללא אבקה ""S פרפקט"" כשל""פ*",ח.כהן סוכנות מזון ומשקאות בע,,,"י""ח",80,"י""ח",false,1,22.90,0.29,true,1,
7290113285101,false,"כפפות לטקס ללא אבקה M ""פרפקט"" כשל""פ*",ח.כהן סוכנות מזון ומשקאות בע,,,"י""ח",80,"י""ח",false,1,22.90,0.29,true,1,
7290113285118,false,"כפפות לטקס ללא אבקה L ""פרפקט"" כשל""פ*",ח.כהן סוכנות מזון ומשקאות בע,,,"י""ח",80,"י""ח",false,1,22.90,0.29,true,1,
7290113285125,false,"כפפות לטקס ללא אבקה XL ""פרפקט"" כשל""פ*",ח.כהן סוכנות מזון ומשקאות בע,,,"י""ח",80,"י""ח",false,1,22.90,0.29,true,1,
7290113560109,false,פרודונטקס מ.שיניים בטעם צמחי 75 מל,פרודונטקס Parodontax,,,"י""ח",1,,false,1,30.90,30.90,true,1,
7290113594616,false,שלישיית ביצי שוקולד חד קרן,שמחה זה אנחנו בעמ,,,"י""ח",1,,false,1,14.90,14.90,false,1,
7290113860247,false,עוגות אישיות שכבות עשריה פנטולה,ש.שסטוביץ בעמ,,,"י""ח",400,ל גרם,false,1,12.90,3.23,true,1,
7290113860476,false,מארז אוברול קימונו שרוול קצר 3-6 תכלת,"קבוצת יבנה מוצרי מזון בע""מ",,,"י""ח",600,ל גרם,false,1,6.90,1.15,true,1,
7290113860483,false,מארז אוברול קימונו שרוול קצר 6-12 ורוד,"קבוצת יבנה מוצרי מזון בע""מ",,,"י""ח",600,ל גרם,false,1,10.90,1.82,true,1,
7290113860667,false,לייף בייביז תחליב גוף להזנת העור 400 מל,טחנות ישראליות בעמ,,,"י""ח",1,"ק""ג",false,1,7.90,7.90,true,1,
7290113860674,false,לייף בייביז שמפו להרגעת העור 1 ליטר,טחנות ישראליות בעמ,,,"י""ח",1,"ק""ג",false,1,8.90,8.90,true,1,
7290113860681,false,לייף בייביז אלסבון להרגעת העור 1 ליטר,טחנות ישראליות בעמ,,,"י""ח",1,"ק""ג",false,1,8.90,8.90,true,1,
7290113860698,false,לייף בייביז שמפו וסבון יחדיו להרגעת העור,טחנות ישראליות בעמ,,,"י""ח",1,"ק""ג",false,1,15.90,15.90,true,1,
7290113860742,false,"קמח כוסמין מלא 100% 1ק""ג ישראליות",טחנות ישראליות בעמ,,,"י""ח",1,"ק""ג",false,1,15.90,15.90,true,1,
7290114310215,false,"שמנת מתוקה 38% רמת הגולן 250 מ""ל ווסטהיים - מוצר בפיקוח",החברה המרכזית טלהפצת משקאות בע,,,"י""ח",250,"ל מ""ל",false,1,6.47,2.59,false,1,
7290114310222,false,חלב מועשר בסידן וויטמין Dי 3% 1.5 ל' טרה,*החברה המרכזית להפצת משקאותבעמ,,,"י""ח",1.50,ליטר,false,1,12.50,8.33,false,1,
7290114310239,false,חלב נטול לקטוז מועשר בוויטמין D י 2% 1.5 ל' טרה,החברה המרכזית טלהפצת משקאות בע,,,"י""ח",1.50,ליטר,false,1,12.50,8.33,false,1,
7290114310338,false,צפתית מעודנת 5% בגביע 225 גרם משק צוריאל,החברה המרכזית טלהפצת משקאות בע,,,"י""ח",250,ל גרם,false,1,16.90,6.76,false,1,
7290114310345,false,מעדן יוגורט בטעם תות 1.5% 125 גרם טרה,*החברה המרכזית להפצת משקאותבעמ,,,"י""ח",250,ל גרם,false,1,2.90,1.16,true,1,
7290114310536,false,יוגורט לייט מעושר חלבון 25 גרם חלבון וניל MULLER ACTIVE,*החברה המרכזית להפצת משקאותבעמ,,,"י""ח",200,"ל מ""ל",false,1,6,3,true,1,
7290114310574,false,גבינת קרם שמנת עיזים 5% 200 גרם צוריאל,*החברה המרכזית להפצת משקאותבעמ,,,"י""ח",200,ל גרם,false,1,12.90,6.45,true,1,
7290114310611,false,"משקה חלב בננה בבקבוק פקק ספורט טרה 250 מ""ל",החברה המרכזית טלהפצת משקאות בע,,,"י""ח",250,"ל מ""ל",false,1,5.70,2.28,true,1,
7290114310628,false,משקה חלב וניל ועוגיות בקבוק 1 ליטר,החברה המרכזית טלהפצת משקאות בע,,,"י""ח",1,ליטר,false,1,12.10,12.10,true,1,
7290114310673,false,לאבנה מחלב בקר 9% שומן 250 גרם,החברה המרכזית טלהפצת משקאות בע,,,"י""ח",250,ל גרם,false,1,11.90,4.76,false,1,
7290114310895,false,"סימפלי פרוט יוגורט עם מנגו תות, שמיניה 8 * 150 גרם",*החברה המרכזית להפצת משקאותבעמ,,,"י""ח",150,"ל מ""ל",false,1,30.90,20.60,false,1,
7290114311014,false,"משקה חלב אייס קפוצ'ינו פקק ספורט טרה 250 מ""ל",החברה המרכזית טלהפצת משקאות בע,,,"י""ח",250,"ל מ""ל",false,1,5.70,2.28,true,1,
7290114311021,false,"משקה חלב וניל עוגיות פקק ספורט טרה 250 מ""ל",*החברה המרכזית להפצת משקאותבעמ,,,"י""ח",250,"ל מ""ל",false,1,5.70,2.28,true,1,
7290114311038,false,"שמנת מתוקה 32% עמידה בבקבוק טרה 250 מ""ל",*החברה המרכזית להפצת משקאותבעמ,,,"י""ח",250,"ל מ""ל",false,1,6.90,2.76,false,1,
7290114311069,false,יוגורט לבן מועשר בחלבון 0% שומן 200 גרם muller active,החברה המרכזית טלהפצת משקאות בע,,,"י""ח",200,"ל מ""ל",false,1,6,3,true,1,
7290114311076,false,"חמאת מולר צהובה עם שום, 200 גרם",*החברה המרכזית להפצת משקאותבעמ,,,"י""ח",200,ל גרם,false,1,11.90,5.95,false,1,
7290114311298,false,יוגורט מולר פרופ בטעם תות בננה מלון 150,החברה המרכזית טלהפצת משקאות בע,,,"י""ח",150,"ל מ""ל",false,1,5.30,3.53,true,1,
7290114311328,false,חלב מועשר דל לקטוז מעושר בויטמין Dי 2% שומן טרה 1 ליטר,*החברה המרכזית להפצת משקאותבעמ,,,"י""ח",1,ליטר,false,1,7.90,7.90,false,1,
7290114311434,false,מולר אקטיב יוגורט חלבון קרמל מלוח 200 גרם,החברה המרכזית טלהפצת משקאות בע,,,"י""ח",200,"ל מ""ל",false,1,6,3,true,1,
7290114311441,false,מולר אקטיב יוגורט חלבון עוגיות חמאה 200 גרם,החברה המרכזית טלהפצת משקאות בע,,,"י""ח",200,"ל מ""ל",false,1,6,3,true,1,
7290114311458,false,חלב קרטון 3% מועשר ויטמין די 1 ליטר,*החברה המרכזית להפצת משקאותבעמ,,,"י""ח",1,ליטר,false,1,7.70,7.70,false,1,
7290114600927,false,מאסטר שף עלי טורטייה חיטה מלאה 320 גרם,אלקאטי קורביישיסי גי,,,"י""ח",320,ל גרם,false,1,9.90,3.09,false,1,
7290114604116,false,מקלוני אוזניים כותנה 500 יח' עננים,ש.שסטוביץ בעמ,,,"י""ח",500,"י""ח",false,1,9.90,0.02,false,1,
7290114604895,false,מאסטר שף מיונז ספייסי לחיץ 446 גרם,ש. שסטוביץ בע`מ,,,"י""ח",446,ל גרם,false,1,13.90,3.12,false,1,
7290114604901,false,ממרח שום לחיץ מאסטר שף 444 גרם,ש. שסטוביץ בע`מ,,,"י""ח",446,ל גרם,false,1,13.90,3.12,false,1,
7290114604925,false,מנה אסייאתי קרם קוקוס פחית לייט 400 מ`ל,"תאי קוקונאט חברה בע""",,,"י""ח",400,"ל מ""ל",false,1,9.90,2.48,false,1,
7290114604949,false,מאסטר שף רוטב ברביקיו 524 גרם,רמיה סי.וי. הולנד,,,"י""ח",524,ל גרם,false,1,12.90,2.46,false,1,
7290114606547,false,מיונז פטריות כמהין לחיץ מאסטר שף 242 גרם,ש. שסטוביץ בע`מ,,,"י""ח",242,ל גרם,false,1,13.90,5.74,false,1,
7290114606554,false,מיונז מופחת קלוריות בקבוק לחיץ,ש. שסטוביץ בע`מ,,,"י""ח",470,ל גרם,false,1,13.90,2.96,false,1,
7290114606578,false,מאסטר שף שקדי מרק 400 גרם,ש. שסטוביץ בע`מ,,,"י""ח",400,ל גרם,false,1,9.90,2.48,true,1,
7290114606608,false,רוטב סויה מסורתי מאסטר שף דל נתרן 40 דל נתרן,קריניציה ויטמינה אס,,,"י""ח",620,"ל מ""ל",false,1,16.90,2.73,false,1,
7290114608640,false,מאסטר שף קרוטונים לסלט כוסמין 260 גרם,עינת תעשיות מזון אגו,,,"י""ח",260,ל גרם,false,1,17.90,6.88,false,1,
7290114659529,false,מיני פופ סוכריה על מקל(5 יח) 40 גר' - LOL,שמחה זה אנחנו בע`מ,,,"י""ח",50,ל גרם,false,1,11.90,23.80,false,1,
7290114721257,false,קומקום חשמלי נירוסטה שחור 1.700 ליטר,פוגיקום בעמ,,,"י""ח",1,,false,1,99.90,99.90,true,1,
7290115073676,false,מסכות כירורגיות צבעוני מארז 50 יח(ש),שמחה זה אנחנו בע`מ,,,"י""ח",50,"י""ח",false,1,9.90,0.20,false,1,
7290115073713,false,שלישיית ביצי שוקולד(חלב נוכרי)-טום וג'רי,שמחה זה אנחנו בעמ,,,"י""ח",1,,false,1,14.90,14.90,false,1,
7290115073720,false,שלישיית ביצי שוקולד(חלב נוכרי)-לוני טונס,שמחה זה אנחנו בעמ,,,"י""ח",1,,false,1,14.90,14.90,false,1,
7290115190014,false,סיגריות מרלבורו רד קצר בוקס,פיליפ מוריס בעמ,,,"י""ח",1,,false,1,34.90,34.90,false,1,
7290115190076,false,סיגריות מרלבורו גולד ארוך 100 בוקס,פיליפ מוריס בעמ,,,"י""ח",1,,false,1,34.90,34.90,false,1,
7290115190090,false,סיגריות מרלבורו קצר בוקס בודד,פיליפ מוריס בעמ,,,"י""ח",1,,false,1,34.90,34.90,false,1,
7290115190151,false,סיגריות מרלבורו טאצ גולד,פיליפ מוריס בעמ,,,"י""ח",1,,false,1,30.90,30.90,false,1,
7290115190199,false,פרלמנט נייט ארוך חפיסה) (20,פיליפ מוריס בעמ,,,"י""ח",1,,false,1,39.50,39.50,false,1,
7290115190212,false,סיגריות פרלמנט בלו 100 BR בודד,פיליפ מוריס בעמ,,,"י""ח",1,,false,1,39.50,39.50,false,1,
7290115190236,false,סיגריות פרלמנט קצר בלו בודד,פיליפ מוריס בעמ,,,"י""ח",1,,false,1,39.50,39.50,false,1,
7290115190250,false,סיגריות פרלמנט קצר בודד,פיליפ מוריס בעמ,,,"י""ח",1,,false,1,39.50,39.50,false,1,
7290115190335,false,ל.מ.בלו לייבל ארוך בוקס חפיסה,פיליפ מוריס בעמ,,,"י""ח",1,,false,1,30.50,30.50,false,1,
7290115190359,false,אל.אמ בלו לייבל קצר חפיסה) (20,פיליפ מוריס בעמ,,,"י""ח",1,,false,1,30.50,30.50,false,1,
7290115190458,false,סיגריות נקסט פיין אדג' בודד,פיליפ מוריס בעמ,,,"י""ח",1,,false,1,26.50,26.50,true,1,
7290115190472,false,סיגריות נקסט אדג' בודד,פיליפ מוריס בעמ,,,"י""ח",1,,false,1,26.50,26.50,true,1,
7290115190496,false,סיגריות נקסט ארוך בודד,פיליפ מוריס בעמ,,,"י""ח",1,,false,1,29.90,29.90,false,1,
7290115190519,false,סיגריות נקסט פיין חפ,פיליפ מוריס בעמ,,,"י""ח",1,,false,1,29.90,29.90,false,1,
7290115190533,false,סיגריות נקסט ריסס 100 בודד,פיליפ מוריס בעמ,,,"י""ח",1,,false,1,26.90,26.90,true,1,
7290115200003,false,אסם פתי בר פינוקי וניל 16*220 ג',קבוצת אוסם סחר שותפות מוגבלת,,,"י""ח",220,ל גרם,false,1,10.90,4.95,true,1,
7290115200027,false,אסם פתי בר פינוקים שוקו 220 גרם,קבוצת אוסם סחר שותפות מוגבלת,,,"י""ח",220,ל גרם,false,1,10.90,4.95,true,1,
7290115200676,false,עוגיות קרמוגית במילוי קרם בטעם קרמל מלוח,קבוצת אוסם סחר שותפות מוגבלת,,,"י""ח",200,ל גרם,false,1,11.90,5.95,true,1,
7290115201031,false,פתי בר פינוקי דובי שוקולד 175גר.,קבוצת אוסם סחר שותפות מוגבלת,,,"י""ח",175,ל גרם,false,1,10.90,6.23,true,1,
7290115201475,false,טבעול גורמה לביבות כרישה 434 גרם,קבוצת אוסם סחר-שות.מוגבלת,,,"י""ח",434,ל גרם,false,1,34.90,8.04,true,1,
7290115201680,false,ביסלי חטיף בטעם ברביקין אסם (70 גרם),קבוצת אוסם סחר שותפות מוגבלת,,,"י""ח",70,ל גרם,false,1,3.90,5.57,true,1,
7290115201727,false,ביסלי חטיף בטעם בצל אסם (200 גרם),קבוצת אוסם סחר-שות.מוגבלת,,,"י""ח",200,ל גרם,false,1,8.90,4.45,true,1,
7290115201741,false,ביסלי חטיף בטעם בצל אסם (70 גרם),קבוצת אוסם סחר שותפות מוגבלת,,,"י""ח",70,ל גרם,false,1,3.90,5.57,true,1,
7290115202786,false,מנה חמה פאוצ' נדלס.אטר.טעם בקר 70 גרם,קבוצת אוסם סחר שותפות מוגבלת,,,"י""ח",70,ל גרם,false,1,4.90,7,false,1,
7290115202816,false,מנה חמה פאוץ נודלס אטריות טעם עוף 70 גרם,קבוצת אוסם סחר שותפות מוגבלת,,,"י""ח",70,ל גרם,false,1,4.90,7,false,1,
7290115203134,false,חטיף פופקו פופקורן במבה אסם (80 גרם),קבוצת אוסם סחר שותפות מוגבלת,,,"י""ח",80,ל גרם,false,1,4.50,5.63,true,1,
7290115203172,false,במבה PRO מכיל 18 גרם חלבון בשקית,קבוצת אוסם סחר שותפות מוגבלת,,,"י""ח",80,ל גרם,false,1,4.30,5.38,true,1,
7290115203486,false,פירורית בטעם ביסלי גריל אסם 200 גרם,קבוצת אוסם סחר שותפות מוגבלת,,,"י""ח",200,ל גרם,false,1,6.90,3.45,false,1,
7290115204056,false,"קטשופ מופחת סוכר אסם 690 גרם כשל""פ",קבוצת אוסם סחר שותפות מוגבלת,,,"י""ח",690,ל גרם,false,1,11.90,1.72,true,1,
7290115204155,false,סחוג אדום המעדנייה ש,קבוצת אוסם סחר שותפות מוגבלת,,,"י""ח",190,ל גרם,false,1,11.90,6.26,true,1,
7290115204186,false,פסטו המעדינה של צבר,קבוצת אוסם סחר שותפות מוגבלת,,,"י""ח",190,ל גרם,false,1,16.90,8.89,true,1,
7290115204247,false,"ממרח עגבניות מיובשות 190 גרם ""צבר""",קבוצת אוסם סחר שותפות מוגבלת,,,"י""ח",190,ל גרם,false,1,16.90,8.89,true,1,
7290115205176,false,729001032825פיטנס חטיפי קרקר כפרי 140גר.,קבוצת אוסם סחר שותפות מוגבלת,,,"י""ח",140,ל גרם,false,1,12.90,9.21,true,1,
7290115205251,false,פיטנס בר פירכיות קרמל מלוח 84 גרם,קבוצת אוסם סחר שותפות מוגבלת,,,"י""ח",84,ל גרם,false,1,14.90,17.74,true,1,
7290115205312,false,קרקר פיטנס דק עם זיתי קלמטה ועשבי תיבול,קבוצת אוסם סחר שותפות מוגבלת,,,"י""ח",140,ל גרם,false,1,12.90,9.21,true,1,
7290115205527,false,חטיף מולטיגריין עם עדשים ( 25 גר`) פיטנס,קבוצת אוסם סחר שותפות מוגבלת,,,"י""ח",25,ל גרם,false,1,4.90,19.60,true,1,
7290115205978,false,פתיבר ואצבעות שוקולד 180 גרם - רבנות,קבוצת אוסם סחר שותפות מוגבלת,,,"י""ח",180,ל גרם,false,1,11.90,6.61,true,1,
7290115206531,false,אסם קרמוגית במילוי קרם בייגלה 12*200 גרם,קבוצת אוסם סחר שותפות מוגבלת,,,"י""ח",200,ל גרם,false,1,11.90,5.95,true,1,
7290115207484,false,צבר סלט חציל על האש היתר 360 גרם,קבוצת אוסם סחר שותפות מוגבלת,,,"י""ח",400,ל גרם,false,1,15.90,3.98,true,1,
7290115207620,false,"אסם רוטב בסגנון סויה קלאסי 290 מ""ל",קבוצת אוסם סחר שותפות מוגבלת,,,"י""ח",360,ל גרם,false,1,11.90,3.31,false,1,
7290115207682,false,אסם רוטב בסגנון סויה סיני 9*290מל חדש,קבוצת אוסם סחר שותפות מוגבלת,,,"י""ח",290,"ל מ""ל",false,1,11.90,4.10,true,1,
7290115207880,false,סירופ ויטמינציק פטל 2 ליטר,קבוצת אוסם סחר שותפות מוגבלת,,,"י""ח",2,ליטר,false,1,41.90,20.95,false,1,
7290115207903,false,ויטמנצ'יק תרכיז תפוח 2 ליטר,קבוצת אוסם סחר שותפות מוגבלת,,,"י""ח",1,ליטר,false,1,41.90,41.90,false,1,
7290115207941,false,ויטמינצ'יק אננס סירופ 1 ליטר,קבוצת אוסם סחר שותפות מוגבלת,,,"י""ח",1,ליטר,false,1,21.90,21.90,false,1,
7290115207989,false,ויטמינצ'יק תרכיז לימון 1 ליטר,קבוצת אוסם סחר שותפות מוגבלת,,,"י""ח",1,ליטר,false,1,21.90,21.90,false,1,
7290115208009,false,ויטמינצ'יק ענבים סירופ 1 ליטר,קבוצת אוסם סחר שותפות מוגבלת,,,"י""ח",1,ליטר,false,1,21.90,21.90,false,1,
7290115208047,false,סירופ פטל ויטמינצ`יק (1 ליטר),קבוצת אוסם סחר שותפות מוגבלת,,,"י""ח",1,ליטר,false,1,21.90,21.90,false,1,
7290115208061,false,ויטמינצ'יק תפוח סירופ 1 ליטר,קבוצת אוסם סחר שותפות מוגבלת,,,"י""ח",1,ליטר,false,1,21.90,21.90,false,1,
7290115208320,false,אפרופו חטיף בטעם ביסלי בצל 50 גרם,קבוצת אוסם סחר שותפות מוגבלת,,,"י""ח",50,ל גרם,false,1,3.90,7.80,true,1,
7290115208344,false,שטוחים בייגלה כפיות שמנת בצל 300גר,קבוצת אוסם סחר שותפות מוגבלת,,,"י""ח",300,ל גרם,false,1,10.80,3.60,false,1,
7290115208566,false,קרמוגית במילוי קרם בייגלה 200 גרם אסם,קבוצת אוסם סחר-שות.מוגבלת,,,"י""ח",200,ל גרם,false,1,11.90,5.95,true,1,
7290115208597,false,אסם קרמוגית מיניס קרמל מלוח 200 גרם,קבוצת אוסם סחר שותפות מוגבלת,,,"י""ח",200,ל גרם,false,1,11.90,5.95,true,1,
7290115208801,false,קרקר לחמית דבש ואגוזים אסם (190 גרם),קבוצת אוסם סחר שותפות מוגבלת,,,"י""ח",190,ל גרם,false,1,8.90,4.68,true,1,
7290115209198,false,במבה אוורירית אסם 80 גרם,קבוצת אוסם סחר שותפות מוגבלת,,,"י""ח",80,ל גרם,false,1,3.90,4.88,true,1,
7290115209235,false,ביסקוויט פתי בר קפה אסם (500 גרם),קבוצת אוסם סחר שותפות מוגבלת,,,"י""ח",500,ל גרם,false,1,13.90,2.78,true,1,
7290115209358,false,במבה במילוי בראוניז אסם (60 גרם),קבוצת אוסם סחר שותפות מוגבלת,,,"י""ח",600,ל גרם,false,1,4.30,0.72,true,1,
7290115209372,false,במבה במילוי בראוניז 150 גרם אוסם,קבוצת אוסם סחר שותפות מוגבלת,,,"י""ח",200,ל גרם,false,1,10.90,5.45,true,1,
7290115403282,false,עוגיות פיצפוצי שוקו 500ג דל,שיבולים יצור ושיווק מוצרי מאפה,,,"י""ח",500,ל גרם,false,1,15.90,3.18,false,1,
7290115403299,false,עוגיות פרפריות 450ג דל,שיבולים יצור ושיווק מוצרי מאפה,,,"י""ח",450,ל גרם,false,1,15.90,3.53,false,1,
7290115403312,false,עוגיות מלוחות קריספי עגול 450ג דל,שיבולים יצור ושיווק מוצרי מאפה,,,"י""ח",450,ל גרם,false,1,15.90,3.53,false,1,
7290115403350,false,עוגיות רשת שוקו מסוכרות 450ג דל,שיבולים יצור ושיווק מוצרי מאפה,,,"י""ח",450,ל גרם,false,1,15.90,3.53,false,1,
7290115403367,false,עוגיות קוואקר פריכות 500ג דל,שיבולים יצור ושיווק מוצרי מאפה,,,"י""ח",500,ל גרם,false,1,15.90,3.18,false,1,
7290115403435,false,עוגיות מעמול תמר 500 גרם,שיבולים יצור ושיווק מוצרי מאפה,,,"י""ח",500,ל גרם,false,1,15.90,3.18,false,1,
7290115403480,false,עוגיות בסגנון מרוקאי מיני 500ג דל,שיבולים יצור ושיווק מוצרי מאפה,,,"י""ח",500,ל גרם,false,1,15.90,3.18,false,1,
7290115403510,false,עוגיות מגולגלות תמרים 500ג דל,שיבולים יצור ושיווק מוצרי מאפה,,,"י""ח",500,ל גרם,false,1,15.90,3.18,false,1,
7290115403565,false,עוגיות קיפל וניל 500 גרם,שיבולים יצור ושיווק מוצרי מאפה,,,"י""ח",500,ל גרם,false,1,15.90,3.18,false,1,
7290115405088,false,קינוח אישי קדאיף קפולסקי 200 גרם,קפולסקי אדל בעמ,,,"י""ח",200,ל גרם,false,1,16.90,8.45,false,1,
7290115405651,false,כדורי שוקולד וסוכריות 280 גר,קפולסקי שיווק וקמעונ,,,"י""ח",280,ל גרם,false,1,29.90,10.68,false,1,
7290115405774,false,פחזניות ממולאות בטעם וניל קפולסקי 180 גרם,תופינים מקבוצת קפולס,,,"י""ח",180,ל גרם,false,1,13.90,7.72,false,1,
7290115405798,false,פחזניות ממולאות בטעם ריבת חלב קפולסקי 180 גרם,קפולסקי אדל בעמ,,,"י""ח",180,ל גרם,false,1,13.90,7.72,false,1,
7290115480009,false,"מרכך כביסה מרוכז פרש קונטרול ירוק 900 מ""ל סוד",גורי שיווק בעמ,,,"י""ח",90,"ל מ""ל",false,1,11.90,13.22,true,1,
7290115642445,false,חנוכיה,צבע ומכחול (2014) בעמ,,,"י""ח",1,,false,1,129.90,129.90,false,1,
7290115642476,false,מיכלי איחסון 1ליטר.,צבע ומכחול (2014) בעמ,,,"י""ח",5,"י""ח",false,1,9.90,1.98,true,1,
7290115642483,false,מיכלי איחסון 2ליטר.,צבע ומכחול (2014) בעמ,,,"י""ח",5,"י""ח",false,1,9.90,1.98,true,1,
7290115671155,false,שלישיית סוכריות מאסט FRESH ענבים 45 גרם,"שטראוס גרופ בע""מ",,,"י""ח",45,ל גרם,false,1,8.90,19.78,true,1,
7290115671223,false,מסטיק מאסט פאן אבטיח מנגו צנצנת 58 גרם,שטראוס גרופ בע`מ,,,"י""ח",58,ל גרם,false,1,9.90,17.07,true,1,
7290115671308,false,מסטיק מאסט פאן בצנצנת תות דובדבן,"שטראוס גרופ בע""מ",,,"י""ח",58,ל גרם,false,1,9.90,17.07,true,1,
7290115671339,false,מיני פינוקיות בראוניז בייגל בוטן עלית 180 ג' עלית,"הגביע מוצרי ופלים בע""\מ",,,"י""ח",200,ל גרם,false,1,10.90,5.45,true,1,
7290115675559,false,מארז קפה טורקי לדרך 10 יחידות,שטראוס קפה בי.וי.,,,"י""ח",70,ל גרם,false,1,8.90,12.71,true,1,
7290115676037,false,דנונה ריפרש יוגורט עם תות ודומדמניות 1.6% שומן,שטראוס גרופ בעמ/מצונן,,,"י""ח",250,"ל מ""ל",false,1,4.90,1.96,true,1,
7290115676051,false,"משקה אקטיביה שיבולת שועל במתיקות מעודנת 250 מ""ל",שטראוס גרופ בעמ/מצונן,,,"י""ח",265,"ל מ""ל",false,1,4.90,1.85,true,1,
7290115676082,false,משקה דנונה פרו 20 יוגורט תות 255 ג' רבנות,שטראוס גרופ בעמ/מצונן,,,"י""ח",265,"ל מ""ל",false,1,6.90,2.60,true,1,
7290115676099,false,משקה דנונה פרו 20 יוגורט וניל 255 ג' רבנות,שטראוס גרופ בעמ/מצונן,,,"י""ח",265,"ל מ""ל",false,1,6.90,2.60,true,1,
7290115676273,false,אבקת קקאו עלית 500 גרם+ 10% תוספת,שטראוס קפה בי.וי.,,,"י""ח",500,ל גרם,false,1,23.90,4.78,true,1,
7290115677362,false,"נודלס טריאקי ""דלישס"" שטראוס",קפוא-זן תעשיות מזון בעמ - תפוג,,,"י""ח",300,ל גרם,false,1,26.90,8.97,true,1,
7290115677966,false,ממרח אבוקדו טעם הטבע 200 גרם,שטראוס גרופ בעמ/מצונן,,,"י""ח",180,ל גרם,false,1,14.90,8.28,true,1,
7290115678222,false,מארז 8 גביעים יוגורט Greek בסגנון יווני 6.5% שומן,שטראוס גרופ בעמ/מצונן,,,"י""ח",1.04,ליטר,false,1,24.90,23.94,true,1,
7290115678376,false,מעדן הגולן שוקולד 125 גרם,שטראוס גרופ בעמ/מצונן,,,"י""ח",125,ל גרם,false,1,2.80,2.24,true,1,
7290115678383,false,מעדן הגולן שוקולד מריר בודד 125גר,שטראוס גרופ בעמ/מצונן,,,"י""ח",125,ל גרם,false,1,2.80,2.24,true,1,
7290116511177,false,מארז בוקסר לייקרה לגברים,ליאור יבוא ושיווק מוצרי הלבשה,,,"י""ח",1,,false,1,42.90,42.90,false,1,
7290116530000,false,"דאב - תרחיץ פנים מרענן בניחוח מלפפון ותה ירוק 180 מ""ל",יוניליוור ישראל שיווק בע`מ,,,"י""ח",180,"ל מ""ל",false,1,11.90,6.61,false,1,
7290116530062,false,רוטב ויניגרט לסלט הלמנס 295 גרם,יוניליוור ישראל שיווק בע`מ,,,"י""ח",295,ל גרם,false,1,10.90,3.69,false,1,
7290116530109,false,חטיף קליק נוגט ציפוי שוקולד לבן 35 גרם,"יוניליוור ישראל שיווק בע""מ",,,"י""ח",35,ל גרם,false,1,3.90,11.14,true,1,
7290116530116,false,קליק שלישיית ברים שוקולד נוגט לבן 105 גרם,"יוניליוור ישראל שיווק בע""מ",,,"י""ח",106,ל גרם,false,1,12,11.32,true,1,
7290116530161,false,"תחליב רחצה בניחוח שייק אננס, מלון וחלב שיבולת שועל",יוניליוור ישראל שיווק בע`מ,,,"י""ח",750,"ל מ""ל",false,1,10.90,1.45,false,1,
7290116530215,false,דאודרנט סטיק לגבר דרק טמפטיישן 76 ג' אקס,"יוניליוור ישראלשיווק בע""מ",,,"י""ח",77,ל גרם,false,1,14.90,19.35,false,1,
7290116530222,false,דאודרנט סטיק לגבר אנרכי 76 ג' אקס,יוניליוור ישראל שיווק בעמ,,,"י""ח",77,ל גרם,false,1,14.90,19.35,false,1,
7290116530482,false,תלמה מארז קורנפלקס אלופים 30 גרם*5 יחידו,יוניליוור ישראל שיווק בע`מ,,,"י""ח",150,ל גרם,false,1,10,6.67,false,1,
7290116530871,false,נשנושים מיקס בייגל בייגל 240 גרם,יוניליוור ישראל שיווק בע`מ,,,"י""ח",240,ל גרם,false,1,12.90,5.38,false,1,
7290116530888,false,ג'ל לכביסה לבנה וצבעונית פינוק כחול בדין 2.5 ל',יוניליוור ישראל שיווק בע`מ,,,"י""ח",2.50,ליטר,false,1,27.90,11.16,false,1,
7290116531021,false,"שוקולד חלב ורד הגליל 100 גרם כשל""פ",יוניליוור ישראל שיווק בע`מ,,,"י""ח",100,ל גרם,false,1,4.90,4.90,false,1,
7290116531045,false,קורנפלקס דליפקאן 350ג ללא גלוטן,"יוניליוור ישראלשיווק בע""מ",,,"י""ח",400,ל גרם,false,1,21.90,5.48,false,1,
7290116531076,false,מרק פטריות רכיבים טבעיים קטן 225 ג' קנור,יוניליוור ישראל שיווק בע`מ,,,"י""ח",225,ל גרם,false,1,14.90,6.62,false,1,
7290116531090,false,בייגל בייגל דג דג במליחות עדינה 250 גרם,"יוניליוור ישראל שיווק בע""מ",,,"י""ח",250,ל גרם,false,1,9.90,3.96,true,1,
7290116531250,false,פינוק שמפו למניעת קשקשים עם תמציות צמחים,"יוניליוור ישראלשיווק בע""מ",,,"י""ח",700,"ל מ""ל",false,1,11.90,1.70,false,1,
7290116531496,false,קינמונים דגנים פריכים מצופים קינמון 375,"יוניליוור ישראל שיווק בע""מ",,,"י""ח",375,ל גרם,false,1,19.90,5.31,true,1,
7290116531557,false,"פריכיות פתית תירס עם מלח 150 גרם כשל""פ",יוניליוור ישראל שיווק בע`מ,,,"י""ח",150,ל גרם,false,1,10.90,7.27,false,1,
7290116531564,false,מאגדת פתית פריכיות תירס דקות עם קינואה ובזיליקום 150 ג',יוניליוור ישראל שיווק בע`מ,,,"י""ח",150,ל גרם,false,1,10.90,7.27,false,1,
7290116531779,false,דפים ריחניים למייבש כביסה בדין כחול 40 יחידות,"יוניליוור ישראל שיווק בע""מ",,,"י""ח",40,"י""ח",false,1,15.90,0.40,false,1,
7290116531793,false,הלמנ'ס רוטב לסלט קיסר 295 גרם,"יוניליוור ישראל שיווק בע""מ",,,"י""ח",295,ל גרם,false,1,10.90,3.69,false,1,
7290116531830,false,כריות דגנים במילוי קינמון 686 גרם,יוניליוור ישראל שיווק בע`מ,,,"י""ח",750,ל גרם,false,1,24.90,3.32,true,1,
7290116531892,false,רוטב ברביקיו מעושן יום עצמאות קנור 350 גרם,יוניליוור ישראל שיווק בעמ,,,"י""ח",340,ל גרם,false,1,10.90,3.21,true,1,
7290116531977,false,אקס דאודורנט בודי ספריי סקייטבורד וורדים,יוניליוור ישראל שיווק בע`מ,,,"י""ח",150,"ל מ""ל",false,1,11.90,7.93,true,1,
7290116532011,false,קליק אוקיי נוגט בציפוי שוקולד חלב 35 גרם,יוניליוור ישראל שיווק בע`מ,,,"י""ח",35,ל גרם,false,1,3.90,11.14,true,1,
7290116532394,false,"אל סבון ידיים נוזלי חמאת קקאו 950 מ""ל פינוק",יוניליוור ישראל שיווק בע`מ,,,"י""ח",950,ל גרם,false,1,9.90,1.04,false,1,
7290116532400,false,בייגל בייגל בייגלה מקלות עם מלח 235ג,"יוניליוור ישראל שיווק בע""מ",,,"י""ח",235,ל גרם,false,1,5.90,2.51,false,1,
7290116532486,false,גלידת שמנת קליק בטעמי וניל קרמל מלוח 384 ג' שטראוס,"גלידת שטראוס בע""\מ, רחוב",,,"י""ח",260,ל גרם,false,1,21.90,8.42,false,1,
7290116532585,false,דגני בוקר ברנפלקס קרנצ'ים בטעם דבש וקינמון,יוניליוור ישראל שיווק בע`מ,,,"י""ח",500,ל גרם,false,1,19.90,3.98,false,1,
7290116532622,false,"פינוק קונדישנר בתוספת תמצית גוג`י 700מ""ל","יוניליוור ישראל שיווק בע""מ",,,"י""ח",700,"ל מ""ל",false,1,11.90,1.70,true,1,
7290116532769,false,גרנולה פרוטאין גרנולה חלבון תפוח וקינמון תלמה 300 גרם,יוניליוור ישראל שיווק בע`מ,,,"י""ח",300,ל גרם,false,1,15.90,5.30,false,1,
7290116532882,false,נישנושים איירביס טעם בצל 155 גר`,יוניליוור ישראל שיווק בע`מ,,,"י""ח",150,ל גרם,false,1,11.90,7.93,false,1,
7290116532905,false,נישנושים איירביס טעם ברביקיו 155 גר`,יוניליוור ישראל שיווק בע`מ,,,"י""ח",150,ל גרם,false,1,11.90,7.93,false,1,
7290116533216,false,"קנור מרק תיבול ירקות 235 מ""ל",יוניליוור ישראל שיווק בע`מ,,,"י""ח",235,ל גרם,false,1,14.90,6.34,false,1,
7290116533230,false,דליאגוז 400ג אגוזי לוז שלמים,יוניליוור ישראל שיווק בע`מ,,,"י""ח",400,ל גרם,false,1,21.90,5.48,false,1,
7290116930282,false,ארוחה בקטנה לאבנה עם קרקרים 150ג' תנובה,"תנובה בע""מ ***",,,"י""ח",150,ל גרם,false,1,7.90,5.27,false,1,
7290116930435,false,יופלה גו במרקם סמיך עם דובדבן 0% 200מל,תנובה מרכז שיתופי לש,,,"י""ח",200,"ל מ""ל",false,1,5.90,2.95,true,1,
7290116930459,false,"יופלה שייק מנגו בננה אננס וקוקוס 230 מ""ל",קבוצת המזון אקטשלאר,,,"י""ח",230,"ל מ""ל",false,1,7.90,3.43,false,1,
7290116930480,false,"משקה SHAKE בננה קיווי תפוח 230 מ""ל יופלה",קבוצת המזון אקטשלאר,,,"י""ח",230,"ל מ""ל",false,1,7.90,3.43,false,1,
7290116930626,false,ארוחה בקטנה ציזיקי עם קרקרים 150ג' תנובה,"תנובה בע""מ ***",,,"י""ח",150,ל גרם,false,1,7.90,5.27,false,1,
7290116930671,false,"חלב קפה דל לקטוז 800מ""ל%1.8 קרטון","תנובה בע""מ ***",,,"י""ח",1,ליטר,false,1,7.30,7.30,false,1,
7290116930701,false,מעדן חלב GO מועשר בחלבון בטעם קרמל מלוח,תנובה מרכז שיתופי לש,,,"י""ח",120,"ל מ""ל",false,1,5.20,4.33,false,1,
7290116930954,false,יוגורט טעם פאי תפוחים 3% 150 ג' יופלה,תנובה בעמ ***,,,"י""ח",150,"ל מ""ל",false,1,5,3.33,false,1,
7290116931029,false,משקה בריסטה ש.שועל בטעם אייריש 1ל,"תנובה בע""מ ***",,,"י""ח",1,ליטר,false,1,12.90,12.90,true,1,
7290116931081,false,מעדן סויה - טופי קרמל 125 גרם אלטרנטיב,תנובה מרכז שיתופי לש,,,"י""ח",125,"ל מ""ל",false,1,3.70,2.96,false,1,
7290116931104,false,יופלה GO במרקם סמיך עם אננס 0% תנובה 200 גרם,תנובה בעמ ***,,,"י""ח",200,"ל מ""ל",false,1,5.90,2.95,true,1,
7290116931432,false,משקה סחלב ש.שועל 1ל,"תנובה בע""מ ***",,,"י""ח",1,ליטר,false,1,12.90,12.90,true,1,
7290117030363,false,"כוסות מעוטרות ""האומן"" 40 יח ""שווה""",ח.כהן סוכנות מזון ומשקאות בע,,,,40,"י""ח",false,1,8.90,0.22,true,1,
7290117030547,false,כוסות חד פעמי שתיה קרה 80יח,ח.כהן סוכנות מזון ומשקאות בע,,,"י""ח",1,"י""ח",false,1,5.90,5.90,true,1,
7290117030752,false,תבניות ארוז *7 (R31/105) מרובעות שווה,ח.כהן סוכנות מזון ומשקאות בע,,,"י""ח",7,"י""ח",false,1,7.90,1.13,true,1,
7290117030769,false,תבניות ארוז (R2/90)*7 מלבן ארוך שווה ח,ח.כהן סוכנות מזון ומשקאות בע,,,"י""ח",7,"י""ח",false,1,7.90,1.13,true,1,
7290117030776,false,תבניות ארוז מלבן עמוק *7 (R64/80A) שוו,ח.כהן סוכנות מזון ומשקאות בע,,,"י""ח",7,"י""ח",false,1,7.90,1.13,true,1,
7290117030783,false,תבניות ארוז *4 (R99/210) ענקיות חדש ש,ח.כהן סוכנות מזון ומשקאות בע,,,"י""ח",4,"י""ח",false,1,7.90,1.98,true,1,
7290117030790,false,תבניות ארוז *10 R88 אינגליש שווה חדש,ח.כהן סוכנות מזון ומשקאות בע,,,"י""ח",10,"י""ח",false,1,7.90,0.79,true,1,
7290117030806,false,תבניות ארוז *10 טוסטר (R29 B8) שווה חד,ח.כהן סוכנות מזון ומשקאות בע,,,"י""ח",10,"י""ח",false,1,7.90,0.79,true,1,
7290117030813,false,תבניות ארוז *4 C60 עגול עמוק שווה חדש,ח.כהן סוכנות מזון ומשקאות בע,,,"י""ח",4,"י""ח",false,1,7.90,1.98,true,1,
7290117030820,false,תבניות ארוז *4 C10 עגול גדול שווה חדש,ח.כהן סוכנות מזון ומשקאות בע,,,"י""ח",4,"י""ח",false,1,7.90,1.98,true,1,
7290117030837,false,תבניות ארוז *10 אינגליש קצר שווה חדש*,ח.כהן סוכנות מזון ומשקאות בע,,,"י""ח",4,"י""ח",false,1,8.90,2.23,false,1,
7290117031049,false,צלחות דקל מרובעות ענקיות 10 יח`שווה*,ח.כהן סוכנות מזון ומשקאות בע,,,,10,"י""ח",false,1,17.90,1.79,true,1,
7290117031490,false,כריות מיקרופיבר לקרצוף וניקוי שווה,ח.כהן סוכנות מזון ומשקאות בע,,,"י""ח",3,"י""ח",false,1,8.90,2.97,true,1,
7290117031506,false,כוסות נייר 40 יחי` 8B שרול שקוף (25בק,ח.כהן סוכנות מזון ומשקאות בע,,,"י""ח",40,"י""ח",false,1,8.90,0.22,true,1,
7290117031520,false,כוסות נייר גודל 12 שווה 40 יח (25 בקר,ח.כהן סוכנות מזון ומשקאות בע,,,"י""ח",40,"י""ח",false,1,13.90,0.35,true,1,
7290117031537,false,כוסות נייר גודל 16 שווה 40 יח (25 בקר,ח.כהן סוכנות מזון ומשקאות בע,,,"י""ח",40,"י""ח",false,1,18.90,0.47,true,1,
7290117031544,false,כוסות נייר גודל 4 שווה 40 יח (25 בקר,ח.כהן סוכנות מזון ומשקאות בע,,,"י""ח",40,"י""ח",false,1,6.90,0.17,true,1,
7290117031568,false,כוסות נייר גודל 9OZ איכותית 40 יח` שוו,ח.כהן סוכנות מזון ומשקאות בע,,,,40,"י""ח",false,1,12.90,0.32,false,1,
7290117031834,false,"צלחת גדולה""חושן"" 8יח פנינה שווה חדש*",ח.כהן סוכנות מזון ומשקאות בע,,,,8,"י""ח",false,1,15.90,1.99,false,1,
7290117032008,false,מזלגונים איכותי 40יח קרם שווה,ח.כהן סוכנות מזון ומשקאות בע,,,"י""ח",40,"י""ח",false,1,6.90,0.17,true,1,
7290117032015,false,מזלגות איכותים 40יח שקוף שווה *,ח.כהן סוכנות מזון ומשקאות בע,,,"י""ח",40,"י""ח",false,1,6.90,0.17,true,1,
7290117032022,false,מזלגונים איכותי 40יח צבעוני שווה,ח.כהן סוכנות מזון ומשקאות בע,,,"י""ח",40,"י""ח",false,1,6.90,0.17,true,1,
7290117032039,false,סכינים איכותיות 40יח קרם שווה*,ח.כהן סוכנות מזון ומשקאות בע,,,"י""ח",40,"י""ח",false,1,6.90,0.17,true,1,
7290117032046,false,72901170320סכינים איכותי 40יח שקוף שווה,ח.כהן סוכנות מזון ומשקאות בע,,,"י""ח",40,"י""ח",false,1,6.90,0.17,true,1,
7290117032060,false,כפות איכותיות 40יח קרם שווה*,ח.כהן סוכנות מזון ומשקאות בע,,,"י""ח",40,"י""ח",false,1,6.90,0.17,true,1,
7290117032077,false,כפות איכותיות 40יח שקוף שווה*,ח.כהן סוכנות מזון ומשקאות בע,,,"י""ח",40,"י""ח",false,1,6.90,0.17,true,1,
7290117032084,false,כפות איכותי 40יח צבעוני שווה,ח.כהן סוכנות מזון ומשקאות בע,,,"י""ח",40,"י""ח",false,1,6.90,0.17,true,1,
7290117032091,false,כפיות איכותיות 40יח קרם שווה*,ח.כהן סוכנות מזון ומשקאות בע,,,"י""ח",40,"י""ח",false,1,6.90,0.17,true,1,
7290117032107,false,כפיות איכותיות 40יח שקוף שווה*,ח.כהן סוכנות מזון ומשקאות בע,,,"י""ח",40,"י""ח",false,1,6.90,0.17,true,1,
7290117032114,false,כפיות איכותי 40יח צבעוני שווה,ח.כהן סוכנות מזון ומשקאות בע,,,"י""ח",40,"י""ח",false,1,6.90,0.17,true,1,
7290117260470,false,גבינה בולגרית מעודנת למריחה עם שום 5% שומן 200 ג' יורו,ג.וילי-פוד אינטרנשיונל **גבינו,,,"י""ח",200,ל גרם,false,1,9.90,4.95,false,1,
7290117260500,false,מיני ניוקי תפוחי אדמה מצונן 500 גרם קהילות,ג.וילי-פוד אינטרנשיונל **גבינו,,,"י""ח",500,ל גרם,false,1,12.90,2.58,false,1,
7290117260562,false,חמאה כפרית מסורתית בגביע,ג.וילי-פוד אינטרנשיונל **גבינו,,,"י""ח",225,ל גרם,false,1,16.90,7.51,false,1,
7290117260814,false,תן בו בציפוי בטעם שוקולד מריר ושבבי קוקוס 300 גרם,ג.וילי פוד אינטרנשיונל בעמ,,,"י""ח",300,ל גרם,false,1,19.90,6.63,false,1,
7290117260890,false,פופקורן בציפוי בטעם קוקוס 90 גרם,ג. וילי-פוד אינטרנשיונל בע`מ,,,"י""ח",90,ל גרם,false,1,6.90,7.67,true,1,
7290117260920,false,קרקרים ללא גלוטן 125 גרם ויליפוד,ג.וילי פוד אינטרנשיונל בעמ,,,"י""ח",125,ל גרם,false,1,9.90,7.92,true,1,
7290117260975,false,זיתי קלמטה מגולענים במי מלח 300 גרם ויליפוד,ג. וילי-פוד אינטרנשיונל בע`מ,,,"י""ח",300,ל גרם,false,1,8.90,2.97,true,1,
7290117260982,false,זיתים שחור מגולענים במי מלח וילי פוד300,ג.וילי פוד אינטרנשיונל בעמ,,,"י""ח",300,ל גרם,false,1,8.90,2.97,true,1,
7290117260999,false,זיתים ירוקיםמגולענים על הגריל במרינדה 310 גרם ויליפוד,ג.וילי פוד אינטרנשיונל בעמ,,,"י""ח",310,ל גרם,false,1,10.90,3.52,false,1,
7290117261002,false,זיתי קלמטה במי מלח 350 גרם ויליפוד,ג. וילי-פוד אינטרנשיונל בע`מ,,,"י""ח",350,ל גרם,false,1,8.90,2.54,true,1,
7290117261033,false,זיתים שחורים מיובשים בסגנון טאסוס 200 גרם,ג.וילי פוד אינטרנשיונל בעמ,,,"י""ח",200,ל גרם,false,1,8.90,4.45,true,1,
7290117261347,false,תן בו בציפוי בטעם שוקולד לבן ופתיתי קוקוס כחולים 300 גרם,ג.וילי-פוד אינטרנשיונל בעמ,,,"י""ח",300,ל גרם,false,1,19.90,6.63,false,1,
7290117261521,false,סלמון אטלנטי בשמן קנולה 120 גרם ויליפוד,ג. וילי-פוד אינטרנשיונל בע`מ,,,"י""ח",120,ל גרם,false,1,11.90,9.92,true,1,
7290117261538,false,סלמון אטלנטי בשמן קנולה וצילי 120 גרם ויליפוד,ג. וילי-פוד אינטרנשיונל בע`מ,,,"י""ח",120,ל גרם,false,1,11.90,9.92,true,1,
7290117261569,false,סלמון אטלנטי מעושן בשמן קנולה 120 גרם ויליפוד,ג. וילי-פוד אינטרנשיונל בע`מ,,,"י""ח",120,ל גרם,false,1,11.90,9.92,true,1,
7290117380147,false,"רוטב לסלט חרדל ודבש מאסטר שף 260 מ""ל",ש. שסטוביץ בע`מ,,,"י""ח",260,ל גרם,false,1,10.90,4.19,false,1,
7290117380178,false,סוויט פוף חטיף מצופה שוקולד חלב,"טחנת האבן תעשיות בע""",,,"י""ח",40,ל גרם,false,1,5.20,13,true,1,
7290117380185,false,סוויט פוף חטיף מצופה שוקולד חלב ולבן,"טחנת האבן תעשיות בע""",,,"י""ח",40,ל גרם,false,1,5.20,13,true,1,
7290117380864,false,סלים דליס פייבר עוגות בראוניס אישיות בטעם שוקולד 120 גרם,ש.שסטוביץ בעמ,,,"י""ח",120,ל גרם,false,1,12.90,10.75,true,1,
7290117382332,false,סלים דליס פרו 33 חטיף חלבון שוקולד בטעם עוגיות 60 גרם,"י. מרבה ישראל בע""\מ",,,"י""ח",60,ל גרם,false,1,12.90,21.50,true,1,
7290117382578,false,"קולגיט טוטול קלין מינט 75 מ""ל+ מברשת",ש.שסטוביץ בעמ,,,"י""ח",100,"ל מ""ל",false,1,21.90,21.90,true,1,
7290117760918,false,כוס נייר טאצ 9 OZ שרוול 50כוסות,שניב תעשיות נייר בעמ,,,"י""ח",50,"י""ח",false,1,11.90,0.24,true,1,
7290117860045,false,שמפו תמציות אלוורה ותה ירוק לשיער רגיל,"טרופיקל גליל בע""מ",,,"י""ח",700,"ל מ""ל",false,1,14.90,2.13,true,1,
7290117860090,false,מרכך תמציות אלוורה ותה ירוק לשיער רגיל,"טרופיקל דגיל בע""\מ",,,"י""ח",700,"ל מ""ל",false,1,14.90,2.13,true,1,
7290117860137,false,"הוואי קרם רחצה יוגורט בניחוח פרח הקמליה 700 מ""ל","טרופיקל גליל בע""מ",,,"י""ח",700,"ל מ""ל",false,1,14.90,2.13,true,1,
7290117860144,false,הוואי שמפו פירות אקזוטיים וקלנדולה 700,"טרופיקל גליל בע""מ",,,"י""ח",700,"ל מ""ל",false,1,14.90,2.13,true,1,
7290117860182,false,"הוואי - תחליב רחצה בניחוח מגנוליה ושמן שקדים 700 מ""ל","טרופיקל דגיל בע""\מ",,,"י""ח",700,"ל מ""ל",false,1,14.90,2.13,true,1,
7290117860199,false,שמפו שמן ורד הבר ושמן מקדמיה לשיער יבש,"טרופיקל דגיל בע""\מ",,,"י""ח",700,"ל מ""ל",false,1,14.90,2.13,true,1,
7290117860236,false,"הוואי - קרם רחצה בניחוח ויולה ורודה 700 מ""ל","טרופיקל דגיל בע""\מ",,,"י""ח",700,"ל מ""ל",false,1,14.90,2.13,true,1,
7290117860243,false,"הוואי - מרכך מעניק לחות לשיער יבש 700 מ""ל","טרופיקל גליל בע""מ",,,"י""ח",700,"ל מ""ל",false,1,14.90,2.13,true,1,
7290117860281,false,"הוואי - ג'ל רחצה לגבר בניחוח עוצמתי 700 מ""ל","טרופיקל דגיל בע""\מ",,,"י""ח",700,"ל מ""ל",false,1,14.90,2.13,true,1,
7290117860298,false,שמפו קומפלקס קרטין לשיער עדין או חלש,"טרופיקל גליל בע""מ",,,"י""ח",700,"ל מ""ל",false,1,14.90,2.13,true,1,
7290117860397,false,שמפו תמצית פריחת הדובדבן לשיער רגיל,"טרופיקל גליל בע""מ",,,"י""ח",700,"ל מ""ל",false,1,14.90,2.13,true,1,
7290117860496,false,"הוואי שמפו + מרכך 2 ב-1 לגבר 700 מ""ל-חדש","טרופיקל גליל בע""מ",,,"י""ח",700,"ל מ""ל",false,1,14.90,2.13,true,1,
7290117860748,false,הוואי שמפו תמצית יסמין מעניק נפח 700 מל,"טרופיקל גליל בע""מ",,,"י""ח",700,"ל מ""ל",false,1,14.90,2.13,true,1,
7290117860793,false,הוואי מרכך תמצית יסמין מעניק נפח 700 מל,"טרופיקל דגיל בע""\מ",,,"י""ח",700,"ל מ""ל",false,1,14.90,2.13,true,1,
7290117860892,false,"הוואי - תחליב רחצה יוגורט בניחוח וניל ודבש 700 מ""ל","טרופיקל דגיל בע""\מ",,,"י""ח",700,"ל מ""ל",false,1,14.90,2.13,true,1,
7290117860991,false,"תחליב רחצה יוגורט בניחוח שקדים 700 מ""ל הוואי","טרופיקל דגיל בע""\מ",,,"י""ח",700,"ל מ""ל",false,1,14.90,2.13,true,1,
7290117901168,false,מיקס אגוזים וחמוציות 250 גרם ששון הקולה,דין שיווק וקליה 2021 בעמ,,,"י""ח",250,ל גרם,false,1,20,8,false,1,
7290117901182,false,בוטן קליפה קלוי 350 גרם ששון הקלה,דין שיווק וקליה 2021 בעמ,,,"י""ח",350,ל גרם,false,1,10,2.86,false,1,
7290117901205,false,טורטיה דגנים בתוספת שומשום ופשתן שקדיה 420 גרם,דין שיווק וקליה 2021 בעמ,,,"י""ח",360,ל גרם,false,1,9.90,2.75,false,1,
7290117901786,false,גרעיני דלעת קלופים 250גר מחנה יהודה,דין שיווק וקליה 2021 בעמ****,,,"י""ח",250,ל גרם,false,1,19.90,7.96,true,1,
7290117901793,false,גרעיני חמניה קלופים 250גר מחנה יהודה,דין שיווק וקליה 2021 בעמ****,,,"י""ח",250,ל גרם,false,1,14.90,5.96,true,1,
7290117901823,false,שקד מולבן פרוס 250גר מחנה יהודה,דין שיווק וקליה 2021 בעמ****,,,"י""ח",250,ל גרם,false,1,29.90,11.96,true,1,
7290118420378,false,פתיבר פינוקים בטעם תותים בשמנת - חלבי,קבוצת אוסם סחר שותפות מוגבלת,,,"י""ח",220,ל גרם,false,1,10.90,4.95,true,1,
7290118420477,false,אסם בייגלה שטוחים בטעם ביסלי בצל 300 גרם,קבוצת אוסם סחר שותפות מוגבלת,,,"י""ח",300,ל גרם,false,1,10.90,3.63,false,1,
7290118420514,false,אינסטנט פודינג בטעם נוגט אסם 75 גרם,קבוצת אוסם סחר שותפות מוגבלת,,,"י""ח",75,ל גרם,false,1,5.90,7.87,true,1,
7290118751649,false,אנטריקוט פרוס טרי חלק ארוז *,"ח.י. מעדני גורמה בע""מ",,,"ק""ג",1,,true,1,199,199,true,1,
7290118751656,false,אנטריקוט פרוס דק טרי חלק ארוז*,"ח.י. מעדני גורמה בע""מ",,,"ק""ג",1,,true,1,199,199,true,1,
7290118751663,false,רוסטביף לתנור טרי חלק ארוז **,"ח.י. מעדני גורמה בע""מ",,,קוב,1,,true,1,89.90,89.90,false,1,
7290118751670,false,צלי כתף חצוי טרי חלק ארוז**,"ח.י. מעדני גורמה בע""מ",,,"ק""ג",1,,true,1,99.90,99.90,false,1,
7290118751687,false,שריר טרי חלק ארוז **,"ח.י. מעדני גורמה בע""מ",,,"ק""ג",1,"ק""ג",true,1,69.90,69.90,true,1,
7290118751694,false,שריר עגל מעובד מופשר חלק ארוז**,"ח.י. מעדני גורמה בע""מ",,,"ק""ג",1,,true,1,59.90,59.90,false,1,
7290118751700,false,גולש טרי חלק ארוז**,"ח.י. מעדני גורמה בע""מ",,,"ק""ג",1,,true,1,79.90,79.90,false,1,
7290118751717,false,בשר לטחינה טרי חלק ארוז**,"ח.י. מעדני גורמה בע""מ",,,"ק""ג",1,,true,1,59.90,59.90,false,1,
7291044101478,false,תנור קיר לאמבט 3 דרגות חום 1500W,סמיקום לקסיס בעמ,,,"י""ח",1,,false,1,69.90,69.90,true,1,
7291044101706,false,*מבצע* מפזר חום יונד,סמיקום לקסיס בעמ,,,"י""ח",1,,false,1,59.90,59.90,false,1,
7291045000411,false,פחם מובחר 4 קג,מחמד זייד,,,"י""ח",1,,false,1,35.90,35.90,false,1,
7291045000442,false,פחם אלשאם 2 ק``ג,מחמד זייד,,,"י""ח",1,,false,1,13.90,13.90,false,1,
7291061304814,false,בית חנוכיה,צבע ומכחול (2014) בעמ,,,"י""ח",1,,false,1,69.90,69.90,false,1,
7296146077775,false,פתילונים משושים*,ח.כהן סוכנות מזון ומשקאות בע,,,"י""ח",1,,false,1,3.90,3.90,false,1,
7297070000365,false,אלכנסדרה - גרביון נשים 15 דנ' ג'ורג'יו,אחים וייס י.ש.י.ייצור ושווק בע,,,"י""ח",1,,false,1,16.90,16.90,false,1,
7297070000372,false,אנדראה - גרביון נשים 20 דנ' ג'ורג'יו,אחים וייס י.ש.י.ייצור ושווק בע,,,"י""ח",1,,false,1,17.90,17.90,false,1,
7297070000396,false,קמליה 40*3 - גרביון 40 דנ' S/M-L/XL,אחים וייס ישי ייצור בעמ,,,"י""ח",1,,false,1,30.90,30.90,false,1,
7297070001225,false,בוניטה - גרביון נשים 15 דנ' מדיצ'י,אחים וייס י.ש.י.ייצור ושווק בע,,,"י""ח",1,,false,1,12.90,12.90,false,1,
7297070001232,false,ג'סיקה גרביון נשים 20 דנ' מדיצ'י,אחים וייס י.ש.י.ייצור ושווק בע,,,"י""ח",1,,false,1,13.90,13.90,false,1,
7297070001294,false,פיונה גרבי נשים עקביות*3,אחים וייס י.ש.י.ייצור ושווק בע,,,"י""ח",1,,false,1,12.90,12.90,false,1,
7297070001522,false,גרביון \ טייץ תרמו נשים 150 דנ',אחים וייס ישי ייצור בעמ,,,"י""ח",1,,false,1,15.90,15.90,false,1,
7297070001669,false,לורה - תחתון בנות *5 כותנה לייקרה,אחים וייס י.ש.י.ייצור ושווק בע,,,"י""ח",1,,false,1,26.90,26.90,false,1,
7297070001829,false,אמילי *5 - תחתון נשים כותנה לייקרה,אחים וייס י.ש.י.ייצור ושווק בע,,,"י""ח",1,,false,1,35.90,35.90,false,1,
7297070002338,false,קרסוליות נשים כותנה SHORT,אחים וייס י.ש.י.ייצור ושווק בע,,,"י""ח",1,,false,1,14.90,14.90,false,1,
7297094016748,false,"שטיח שאגי מור 45/75ס""מ","רומנטקס בע""מ",,,"י""ח",1,,false,1,19.90,19.90,true,1,
7297174000544,false,בוקסר גבר 100% כותנה מודפס M-528,אחים וייס י.ש.י.ייצור ושווק בע,,,"י""ח",1,,false,1,13.90,13.90,false,1,
7297174000629,false,דינמו 40*3 לייקרה - ברך 40 דנ',אחים וייס ישי ייצור בעמ,,,"י""ח",1,,false,1,16.90,16.90,false,1,
7297174000704,false,דינמו 70*2 לייקרה - ברך 70 דנ',אחים וייס ישי ייצור בעמ,,,"י""ח",1,,false,1,16.90,16.90,false,1,
7297292000341,false,פלוש אמריקאי קטן +5-1עור,כ.כיפות שיווק וסחר בעמ,,,"י""ח",1,,false,1,16.90,16.90,false,1,
7297292000372,false,כיפה פלוש אמריקאי גדול,כ.כיפות שיווק וסחר בעמ,,,"י""ח",1,,false,1,17.90,17.90,false,1,
7297292000389,false,בדי טהרה - שלישייה,כ.כיפות שיווק וסחר בעמ,,,"י""ח",1,,false,1,16.90,16.90,false,1,
7297292000426,false,בדי טהרה היגיינים 18 יחי,כ.כיפות שיווק וסחר בעמ,,,"י""ח",1,,false,1,9.50,9.50,false,1,
7297488098015,false,גרנולה קרנץ' עם שוקולד צ'יפס מריר ללא גלוטן 250 גרם דגש,תות תעשיות מזון (201,,,"י""ח",250,ל גרם,false,1,14.90,5.96,false,1,
7297488098152,false,קמח חומוס ללא גלוטן דגש 500 גרם,אף.סי תבליני בגליל ב,,,"י""ח",500,ל גרם,false,1,16.90,3.38,false,1,
7297488098169,false,"קמח תירס ללא גלוטן דג""ש",תבליני העליון 2007 ב,,,"י""ח",500,ל גרם,false,1,8.90,1.78,false,1,
7297488098220,false,קמח תפוחי אדמה 500 גרם דגש,תות תעשיות מזון (201,,,"י""ח",500,ל גרם,false,1,10.90,2.18,false,1,
7297488098305,false,"מרק דגש""קמח שקדים""250גרם","תבליני העליון בע""מ",,,"י""ח",250,ל גרם,false,1,24.90,9.96,false,1,
7297488099753,false,דגש -עוגיות בטעם שוקולד וקוקוס 250 גרם,תות תעשיות מזון (201,,,"י""ח",250,ל גרם,false,1,24.90,9.96,false,1,
7297488099777,false,עוגיות ללא גלוטן בטעם קאשיו דגש 250 גרם,דגש- דוכן גן שמואל,,,"י""ח",250,ל גרם,false,1,24.90,9.96,false,1,
7297488099784,false,עוגיות בטעם קינמון 250 גרם,תות תעשיות מזון (201,,,"י""ח",250,ל גרם,false,1,24.90,9.96,false,1,
7297488099821,false,גרנולה ללא תוספת סוכר לנמנעים מגלוטן,תות תעשיות מזון (201,,,"י""ח",250,ל גרם,false,1,14.90,5.96,false,1,
7297488099951,false,מלוחה מופחת שומן 5% 250גר משומשו,קפוא זן תעשיות מזון בעמ,,,"י""ח",250,ל גרם,false,1,19.90,7.96,false,1,
7297488199590,false,פצפוצי אורז לבן תפוח ללא גלוטן,דגש- דוכן גן שמואל,,,"י""ח",450,ל גרם,false,1,19.90,4.42,false,1,
7297488199606,false,פצפוצי אורז תפוח ללא תוספת סוכר ומלח ללא גלוטן,דגש- דוכן גן שמואל,,,"י""ח",450,ל גרם,false,1,19.90,4.42,false,1,
7297488199781,false,דגש קניידל מיקס 130 גרם,"חיים טובים מזון בע""מ",,,"י""ח",130,ל גרם,false,1,18.90,14.54,false,1,
7297579005496,false,סט 3 קופסאות אחסון זכוכית ורוד,דניאלה ע.י בעמ,,,"י""ח",1,,false,1,39.90,39.90,true,1,
7297579011329,false,מגבת גוף מדאם,"דהן פרוספר בע""מ",,,"י""ח",1,,false,1,29.90,29.90,true,1,
7298171199019,false,סט מצעים יחיד LOL,עולם הבית שיווק והפצה בעמ,,,"י""ח",1,,false,1,79.90,79.90,false,1,
7312040017683,false,מארז אבסולוט רגיל(וודקה {}{700 עם כוס,טמפו משקאות בע`מ,,,"י""ח",750,"ל מ""ל",false,1,69.90,9.28,true,1,
7394376616778,false,אוטלי משקה שיבולת שועל להקצפה בריסטה 1 ליטר,ש. שסטוביץ בע`מ,,,"י""ח",1,ליטר,false,1,15.90,15.90,false,1,
7501013101348,false,"ג'ומקס מנגו בקבוק 473 מ""ל תריסר",חומקס קומר קומרסאליזדורה,,,"י""ח",473,"ל מ""ל",false,1,8,1.63,true,1,
7501013122039,false,ג'ומקס מיץ מנגו קרטונית ליטר תריסר,חומקס קומר קומרסאליזדורה,,,"י""ח",1,ליטר,false,1,9.30,9.30,true,1,
7501013122190,false,ג'ומקס מיץ תפוחים קרטונית ליטר תריסר,חומקס קומר קומרסאליזדורה,,,"י""ח",1,ליטר,false,1,9.30,9.30,true,1,
7501013138184,false,משקה חמוציות יוניקו פרסקו ג'ומקס קרטונית 1 ליטר,חומקס קומר קומרסאליזדורה,,,"י""ח",1,ליטר,false,1,11.50,11.50,false,1,
7501064191398,false,שישיית בירה קורונה אקסטרא *355 מל,קריניציה ויטמינה אס,,,"י""ח",6,"י""ח",false,1,39.90,6.35,true,1,
7509546061160,false,"משחת שיניים לילדים מיניונים 2-5 75 מ""ל קולגייט",קולגייט פלמוליב,,,"י""ח",100,"ל מ""ל",false,1,14.90,14.90,false,1,
7509546061672,false,דאודורנט סטיק אקסטרים אינטנס,ספיד סטיק Speed Stick,,,"י""ח",70,ל גרם,false,1,16.90,24.14,true,1,
7610100034084,false,מיונז טומי בשפורפרת 265 גרם,ליימן שליסל בע`מ,,,"י""ח",265,ל גרם,false,1,11.90,4.49,false,1,
7610928091184,false,הגרטי משחת הפלא להברקת כלי כסף 185 גר',יעקב יעקבי ובניו בעמ,,,"י""ח",1,"י""ח",false,1,32.90,32.90,false,1,
7613030979647,false,דגני בוקר טריקס פירות עולם היורה 480 ג',קבוצת אוסם סחר שותפות מוגבלת,,,"י""ח",4.80,"י""ח",false,1,19.90,4.15,true,1,
7613031608850,false,פיטנס דגנים מחיטה מלאה ואורז נסטלה 625 גרם,קבוצת אוסם סחר שותפות מוגבלת,,,"י""ח",625,ל גרם,false,1,27.50,4.40,false,1,
7613032045753,false,פיטנס דגנים מחיטה מלאה שוקולד 375גרם,קבוצת אוסם סחר שותפות מוגבלת,,,"י""ח",375,ל גרם,false,1,22.90,6.11,true,1,
7613035622623,false,פיטנס גרנולה שקדים ודבש נסטלה (300 גרם),קבוצת אוסם סחר-שות.מוגבלת,,,"י""ח",300,ל גרם,false,1,15.90,5.30,false,1,
7613035809109,false,פרפקטו רוטב עגבניות ובזיליקום אסם 400 גרם,קבוצת אוסם סחר שותפות מוגבלת,,,"י""ח",400,ל גרם,false,1,9.90,2.48,true,1,
7613035809123,false,פרפקטו רוטב עגבניות עם פלפלים אסם 400 גרם,קבוצת אוסם סחר שותפות מוגבלת,,,"י""ח",400,ל גרם,false,1,9.90,2.48,true,1,
7613036105545,false,"דוגלי גזע קטן 4*3 קילו ""אסם""",קבוצת אוסם סחר שותפות מוגבלת,,,"י""ח",3,"ק""ג",false,1,53.30,17.77,false,1,
7613036105606,false,דוגלי בקר לכלבים בוגרים,קבוצת אוסם סחר שותפות מוגבלת,,,"י""ח",3,"ק""ג",false,1,50.50,16.83,false,1,
7613036105637,false,"דוגלי עוף לכלבים בוגרים 12 ק""ג",קבוצת אוסם סחר שותפות מוגבלת,,,"י""ח",12,"ק""ג",false,1,122,10.17,false,1,
7613036307390,false,"פורינה One מידמקסי עוף 2.5ק""ג",קבוצת אוסם סחר-שות.מוגבלת,,,"י""ח",2.50,"ק""ג",false,1,79.90,31.96,false,1,
7613036520492,false,פרפקטו רוטב עגבניות לפיצה אסם 400 גרם,קבוצת אוסם סחר-שות.מוגבלת,,,"י""ח",400,ל גרם,false,1,9.90,2.48,true,1,
7613037686906,false,פיטנס - דגני בוקר שקדים ודבש 355 גרם,קבוצת אוסם סחר שותפות מוגבלת,,,"י""ח",355,ל גרם,false,1,22.90,6.45,true,1,
7613039547632,false,גרבר מחית תפוח בננה ותות 90 גרם פאוץ,קבוצת אוסם סחר-שות.מוגבלת,,,"י""ח",90,ל גרם,false,1,5.90,6.56,true,1,
7613039880807,false,גרבר מחית תפוח וגזר 190 גרם,קבוצת אוסם סחר שותפות מוגבלת,,,"י""ח",190,ל גרם,false,1,6.90,3.63,false,1,
7613287155832,false,גרבר מחית תפוחי עץ 90 גרם פאוץ,קבוצת אוסם סחר שותפות מוגבלת,,,"י""ח",130,ל גרם,false,1,6.90,5.31,true,1,
7613287182326,false,ויטמינציק מחית בננה תפוח 110 גרם,קבוצת אוסם סחר-שות.מוגבלת,,,"י""ח",110,ל גרם,false,1,5.90,5.36,true,1,
7613287182357,false,מחית אגס תפוח ופירות יער ויטמינצ'יק 110 ג',קבוצת אוסם סחר שותפות מוגבלת,,,"י""ח",110,ל גרם,false,1,5.90,5.36,true,1,
7613287182425,false,ויטמינציק מחית תפוח בננה ותות 110 גרם,קבוצת אוסם סחר שותפות מוגבלת,,,"י""ח",110,ל גרם,false,1,5.90,5.36,true,1,
7613287182456,false,ויטמינציק מחית אגס בננה תפוח 110 גרם,קבוצת אוסם סחר שותפות מוגבלת,,,"י""ח",110,ל גרם,false,1,5.90,5.36,true,1,
7613287325808,false,אוסם - דיפ אנד ספרד מטבל איולי שום 295 גרם,קבוצת אוסם סחר שותפות מוגבלת,,,"י""ח",295,"ל מ""ל",false,1,15.90,5.39,true,1,
7613287325853,false,אוסם - דיפ אנד ספרד מטבל איולי ספייסי 295 גרם,קבוצת אוסם סחר שותפות מוגבלת,,,"י""ח",295,"ל מ""ל",false,1,14.90,5.05,true,1,
7613287476494,false,אוסם - דיפ אנד ספרד מיונז בסגנון צרפתי 280 גרם,קבוצת אוסם סחר שותפות מוגבלת,,,"י""ח",295,"ל מ""ל",false,1,14.90,5.05,true,1,
7613287476678,false,דגני בוקר סינימיניס צ'ורוס נסטלה 360 ג',קבוצת אוסם סחר שותפות מוגבלת,,,"י""ח",360,ל גרם,false,1,19.90,5.53,true,1,
7622010001858,false,עוגיות אוראו ממולאות קרם וניל 176 גרם.,דיפלומט מפיצים (1968) בעמ**,,,"י""ח",176,ל גרם,false,1,8.90,5.06,true,1,
7622201050757,false,מילקה שוקולד חלב במילוי קרם קרמל 100 ג,דיפלומט מפיצים (1968) בעמ**,,,"י""ח",100,ל גרם,false,1,6.50,6.50,true,1,
7622201137052,false,אוראו מיני קוקיס - עוגיות שוקולד צ'יפס ותחתית מצופה שוקולד חלב,דיפלומט מפיצים (1968) בעמ**,,,"י""ח",110,ל גרם,false,1,8.60,7.82,true,1,
7622201139278,false,גבינת פילדלפיה שמנת 150 גר`% (27 שומן),מיודלז אספניה פרודוק,,,"י""ח",150,ל גרם,false,1,14.90,9.93,false,1,
7622201401900,false,עוגיות מילקה סנסיישן אוראו 156 גרם,דיפלומט מפיצים (1968) בעמ**,,,"י""ח",156,ל גרם,false,1,10.90,6.99,true,1,
7622201502515,false,עוגיות מילקה קוקי לופ שוקולד צ'יפס,דיפלומט מפיצים (1968) בעמ**,,,"י""ח",132,ל גרם,false,1,10.90,8.26,true,1,
7622201521493,false,גבינת פילדלפיה שום ועשבי תיבול 150 גר` (,מיודלז אספניה פרודוק,,,"י""ח",150,ל גרם,false,1,14.90,9.93,true,1,
7622201798154,false,גבינת שמנת לייט מופחתת שומן 13% שומן,מיודלז אספניה פרודוק,,,"י""ח",150,ל גרם,false,1,13.90,9.27,false,1,
7622201802363,false,מילקה טבלת שוקולד חלב וצימוקים ואגוזים 100ג',דיפלומט מפיצים (1968) בעמ**,,,"י""ח",100,ל גרם,false,1,6.50,6.50,true,1,
7622201802394,false,שוקולד מילקה חלב מסרונים 100 גרם,מנדלז דויצ'\לנד סנקס פרו,,,"י""ח",100,ל גרם,false,1,6.50,6.50,true,1,
7622201808631,false,אוראו מיני עוגיות ממולאות קרם וניל 67גרם,דיפלומט מפיצים (1968) בעמ**,,,"י""ח",67,"ס""מ",false,1,6.90,10.30,true,1,
7622201809188,false,מילקה ביסקויט מצופה שוקולד 150 גר`,מונדלז פרנס ביסקוויט פרו,,,"י""ח",150,ל גרם,false,1,12.90,8.60,true,1,
7622201813390,false,וופל במילוי קרם קקאו בציפוי שוקולד חלב,דיפלומט מפיצים (1968) בעמ**,,,"י""ח",150,ל גרם,false,1,10.90,7.27,true,1,
7622210078131,false,שוקולד חלב עם שבבי קרמל מילקה דיים 100 גרם,מנדלז דויצ'\לנד סנקס פרו,,,"י""ח",100,ל גרם,false,1,6.50,6.50,true,1,
7622210137234,false,אוראו עוגיות עם דאבל קרם בטעם וניל 170ג,דיפלומט מפיצים (1968) בעמ**,,,"י""ח",170,ל גרם,false,1,8.90,5.24,true,1,
7622210163899,false,שוקולד חלב במילוי סוכריות עדשים,דיפלומט מפיצים (1968) בעמ**,,,"י""ח",100,ל גרם,false,1,6.50,6.50,true,1,
7622210635105,false,עוגיות אוראו במילוי תות 154 גרם,דיפלומט מפיצים (1968) בעמ**,,,"י""ח",154,"ס""מ",false,1,6.90,4.48,true,1,
7622210637994,false,מיני עוגיות אוראו קראנצ'י בייטס אורגינל,דיפלומט מפיצים (1968) בעמ**,,,"י""ח",110,ל גרם,false,1,7.90,7.18,true,1,
7622210638021,false,מיני עוגיות אוראו קראנצ'י בייטס מצופים,דיפלומט מפיצים (1968) בעמ**,,,"י""ח",110,ל גרם,false,1,7.90,7.18,true,1,
7622210826053,false,מילקה שוקולד אוראו סנדוויץ 100 גרם,דיפלומט מפיצים (1968) בעמ**,,,"י""ח",92,ל גרם,false,1,6.50,7.07,true,1,
7622300315283,false,אוראו עוגיות ממולאות קרם וניל 154 גרם,דיפלומט מפיצים (1968) בעמ**,,,"י""ח",154,"ס""מ",false,1,6.90,4.48,true,1,
7622300356767,false,מילקה - עוגיות עם גרנולה וחתיכות של שוקולד חלב,דיפלומט מפיצים (1968) בעמ**,,,"י""ח",250,ל גרם,false,1,10.90,4.36,true,1,
7622300489427,false,עוגיות אוראו בציפוי בטעם שוקולד לבן 246 גרם,דיפלומט מפיצים (1968) בעמ**,,,"י""ח",264,ל גרם,false,1,17.90,6.78,true,1,
7622300489434,false,"עוגיות אוראו פאדג' בציפוי שוקולד חלב, 246 גרם",דיפלומט מפיצים (1968) בעמ**,,,"י""ח",264,ל גרם,false,1,17.90,6.78,true,1,
7622300617820,false,מילקה שוקולד חלב במילוי קרם חלב ווניל ושבבי עוגיות אוראו 100 גרם,מנדלז דויצ'\לנד סנקס פרו,,,"י""ח",100,ל גרם,false,1,6.50,6.50,true,1,
7622300761363,false,עוגיות מיני אוראו במילוי קרם בטעם שוקולד בכוס,דיפלומט מפיצים (1968) בעמ**,,,"י""ח",67,ל גרם,false,1,6.90,10.30,true,1,
7630477891639,false,קפסולות קפה סומטרה (10 יח) סטארבקס ( 55,קבוצת אוסם סחר שותפות מוגבלת,,,"י""ח",55,ל גרם,false,1,21.90,39.82,true,1,
7630477891738,false,סטארבקס קפסולות קפה אספרסו בלונד 10 יחיד,קבוצת אוסם סחר שותפות מוגבלת,,,"י""ח",53,ל גרם,false,1,21.90,41.32,true,1,
7702018069347,false,סכיני גילוח חד פעמיים לנשים Blue 2,דיפלומט מפיצים (1986) בע`מ,,,"י""ח",15,"י""ח",false,1,32.90,2.19,true,1,
7702024074625,false,חטיפי קרקר פיטנס Fitness עם חיטה מלאה,קבוצת אוסם סחר שותפות מוגבלת,,,"י""ח",234,ל גרם,false,1,12.90,5.51,false,1,
7702174068833,false,יוגטה סוכריות קשות על מקל ממולאות טופי בטעמי גלידת פירות 12 יח' 204 גרם,הדקלאים אגודת שיתופי,,,"י""ח",216,ל גרם,false,1,9.90,4.58,false,1,
7702174070201,false,יוגטה לקקן בטעם מסטיק ממולא טופי בטעם תות 12 יח' 204 גרם,הדקלאים אגודת שיתופי,,,"י""ח",216,ל גרם,false,1,9.90,4.58,false,1,
7702174073844,false,לקקן יוגטה פין פופ פירות 48 יח 672 גרם,הדקלאים אגודת שיתופי,,,"י""ח",672,ל גרם,false,1,19.90,2.96,false,1,
7792860006218,false,סוכריות לקקן בייבי דול לריטייר (24 גרם),גוד פוד פרודקטס S.p,,,"י""ח",24,ל גרם,false,1,2.20,9.17,true,1,
7798382150019,false,אוכמניות טריות 125גרם,ביכורי השדה צפון 1994 ג.ד. בעמ,,,"י""ח",1,,false,1,15.90,15.90,true,1,
7891024030974,false,"קולגייט משחת שיניים טריפל אקשן 75 מ""ל",הנסיך- מפעל לייצור ט,,,"י""ח",75,"ל מ""ל",false,1,5.90,7.87,false,1,
7891024124826,false,"משחת שיניים קולגייט אופטייק וויט 75 מ""ל",הנסיך- מפעל לייצור ט,,,"י""ח",75,"ל מ""ל",false,1,19.90,26.53,true,1,
8000215204240,false,משקה אורז ושקדים ביו אורגני ויטאריז 1 לי,בטר אנד דיפרנט,,,"י""ח",1,ליטר,false,1,16.90,16.90,false,1,
8000320010088,false,"רוטב עגבניות במרקם גס 680 מ""ל MUTTI",דיפלומט מפיצים (1968) בעמ**,,,"י""ח",680,"ל מ""ל",false,1,12.90,1.90,false,1,
8000380003723,false,וופלים גרנד פטיסרי במילוי קרם אגוזים 100,קריניציה ויטמינה אס,,,"י""ח",1,,false,1,12.90,12.90,true,1,
8000380003754,false,וופל גראן פטיסרי Gran Pasticceria קפוצ'ינו,ליימן שליסל בעמ,,,"י""ח",100,ל גרם,false,1,12.90,12.90,true,1,
8000380003761,false,וופל גרנד פטיסרי שוקולד וקוקוס לואקר 100 גרם,קריניציה ויטמינה אס,,,"י""ח",100,ל גרם,false,1,12.90,12.90,true,1,
8000380004676,false,קוביות וופל סנדוויץ Sandwich עם וניל וחלב,"א. לואקר, קונפקט ג'י",,,"י""ח",200,ל גרם,false,1,12.90,6.45,true,1,
8000380004911,false,קוביות וופל קואדרטיני Quadratini קרם אגוזים,קריניציה ויטמינה אס,,,"י""ח",250,ל גרם,false,1,13.90,5.56,true,1,
8000380004966,false,וופל קוארדטיני לואקר קוביות שוקולד 250ג',קריניציה ויטמינה אס,,,"י""ח",250,ל גרם,false,1,13.90,5.56,true,1,
8000380005598,false,מארז וופל שוקולד טורטינה Tortina שוקולד מריר,א. לואקר אס. פי. אי-אי.,,,"י""ח",125,ל גרם,false,1,18.90,15.12,true,1,
8000380007257,false,וופל גרדנה במילוי קרם אגוזים מצופה,קריניציה ויטמינה אס,,,"י""ח",200,ל גרם,false,1,14.50,7.25,true,1,
8000380007264,false,וופל לואקר ממולא קרם קקאו 175 גרם,קריניציה ויטמינה אס,,,"י""ח",175,ל גרם,false,1,11.80,6.74,true,1,
8000380007271,false,וופל במילוי קרם חלב לואקר (175 גרם),ליימן שליסל בע`מ,,,"י""ח",175,ל גרם,false,1,11.80,6.74,true,1,
8000380106028,false,טורטינה לואקר וופל שוקולד ואגוזים שישיה 125ג',קריניציה ויטמינה אס,,,"י""ח",125,ל גרם,false,1,18.90,15.12,true,1,
8000380153534,false,מארז וופל שוקולד טורטינה Tortina שוקולד לבן,א. לואקר אס. פי. אי-אי.,,,"י""ח",125,ל גרם,false,1,18.90,15.12,true,1,
8000380154814,false,טורטינה שלישיה שוקולד מריר,קריניציה ויטמינה אס,,,"י""ח",3,"י""ח",false,1,8.90,2.97,false,1,
8000380156825,false,שוקולד חלב במילוי קרם חלב וופל לואקר 87 גרם,ליימן שליסל בעמ,,,"י""ח",87,ל גרם,false,1,7.90,9.08,false,1,
8000380156849,false,שוקולד מריר במילוי קרם קקאו וופל לואקר 87 גרם,ליימן שליסל בעמ,,,"י""ח",87,ל גרם,false,1,7.90,9.08,false,1,
8000380156856,false,שוקולד לבן במילוי קרם חלב וופל לואקר 87 גרם,ליימן שליסל בע`מ,,,"י""ח",87,ל גרם,false,1,7.90,9.08,false,1,
8000380157440,false,שוקולד חלב במילוי קרם אגוזי לוז לואקר 87 גרם,ליימן שליסל בע`מ,,,"י""ח",85,ל גרם,false,1,7.90,9.29,false,1,
8000380180721,false,לואקר וופל קקאו במילוי קרם חלבי 175 גר,קריניציה ויטמינה אס,,,"י""ח",175,ל גרם,false,1,11.80,6.74,true,1,
8000380180837,false,וופל גרנד פטיסרי קוקוס לבן מצופה שוקולד לבן לואקר 100 גרם,ליימן שליסל בע`מ,,,"י""ח",100,ל גרם,false,1,12.90,12.90,true,1,
8000380187249,false,עוגיות עם מילוי קרם שקדים ושוקולד חלב,ליימן שליסל בע`מ,,,"י""ח",100,ל גרם,false,1,13.90,13.90,true,1,
8000380192243,false,וופלים מלבנים פריכיים בטעם אגוז 200 גר`,ליימן שליסל בע`מ,,,"י""ח",200,ל גרם,false,1,13.90,6.95,false,1,
8000380192250,false,וופלים מלבנים פריכיים בטעם שוקולד 200 גר,ליימן שליסל בע`מ,,,"י""ח",200,ל גרם,false,1,13.90,6.95,false,1,
8000380206896,false,וופל גרדנה במילוי חמאת בוטנים 200 גרם,ליימן שליסל בע`מ,,,"י""ח",200,ל גרם,false,1,14.50,7.25,true,1,
8000380207183,false,שוקולד לואקר טורטינה חמאת בוטנים 126 גר,ליימן שליסל בע`מ,,,"י""ח",125,ל גרם,false,1,18.90,15.12,true,1,
8000500023624,false,חטיפי הפי היפו Happy Hippo במילוי קרם חלב וקקאו,פרימיום-חברה לדברי מתיקה ולמסח,,,"י""ח",90,ל גרם,false,1,12.90,14.33,false,1,
8000500026731,false,ביצי שוקולד קינדר מארז 3 יח סופרייז,פרימיום-חברה לדברי מתיקה ולמסח,,,"י""ח",60,ל גרם,false,1,15.90,26.50,true,1,
8000500029350,false,מארז וופל מצופה 3יח' *43 גרם קינדר בואנו,פרימיום-חברה לדברי מתיקה ולמסח,,,"י""ח",120,ל גרם,false,1,10,8.33,true,1,
8000500037874,false,בונבוניירת פררו רושה 200 גרם,פרימיום חברה לדברי מתיקה ולמסח,,,"י""ח",200,ל גרם,false,1,25.50,12.75,true,1,
8000500071083,false,אצבעות שוקולד קינדר Kinder שש עשרה יחידות,פרימיום-חברה לדברי מתיקה ולמסח,,,"י""ח",200,ל גרם,false,1,12.90,6.45,false,1,
8000500121436,false,מארז קינדר בואנו Kinder Bueno לבן שלוש יחידות,פרימיום חברה לדברי מתיקה ולמסח,,,"י""ח",3,"י""ח",false,1,10,3.33,true,1,
8000500167656,false,קינדר שוקולד עם דגנים סיריאל 94 ג',פרימיום חברה לדברי מתיקה ולמסח,,,"י""ח",96,ל גרם,false,1,7.70,8.02,false,1,
8000500227848,false,נוטלה - בי רדי אצבעות ביסקוויט במילוי שוקולד 6 יח' * 22 גרם,פרימיום-חברה לדברי מתיקה ולמסח,,,"י""ח",132,ל גרם,false,1,12.90,9.77,true,1,
8000500247167,false,פררו קולקשן - כדורי וופל מצופים 24 יחידו,פרימיום-חברה לדברי מתיקה ולמסח,,,"י""ח",275,ל גרם,false,1,44.90,16.33,false,1,
8000500267103,false,קינדר דליס עוגת ספוג קקאו במילוי חלבי*10,פרימיום חברה לדברי מתיקה ולמסח,,,"י""ח",4.20,"י""ח",false,1,19.90,4.74,true,1,
8000500269169,false,קינדר קארדס Kinder Cards - חמישייה,פרימיום-חברה לדברי מתיקה ולמסח,,,"י""ח",1.28,"י""ח",false,1,13.90,10.86,false,1,
8000500386941,false,נוטלה ממרח קקאו עם אגוזי לוז 900 גר`,פרימיום חברה לדברי מתיקה ולמסח,,,"י""ח",900,ל גרם,false,1,31.90,3.54,true,1,
8000798026307,false,"מטאטא כביש מפלסטיק 30ס""מ",*** מ.א.ייצור ויבוא מטליות,,,"י""ח",1,,false,1,22.90,22.90,false,1,
8001003100218,false,סוכריות יוגטה ג'לי פירות 800 גר',ליימן שליסל בע`מ,,,"י""ח",800,ל גרם,false,1,21.90,2.74,false,1,
8001003202028,false,סוכריות ג'לי בטעם מנטה יוגטה 80 גרם,ליימן שליסל בעמ,,,"י""ח",80,ל גרם,false,1,4.90,6.13,false,1,
8001003202035,false,סוכריות ג'לי בטעם פירות יוגטה 80 גרם,ליימן שליסל בעמ,,,"י""ח",80,ל גרם,false,1,4.90,6.13,false,1,
8001090222756,false,"הרבל אסנס מרכך תות שמן מורינגה 400 מ""ל",דיפלומט מפיצים (1968) בעמ,,,"י""ח",400,"ל מ""ל",false,1,19.90,4.98,true,1,
8001090222879,false,"הרבל אסנסס - מרכך שיקום שמן ארגן 400 מ""ל",דיפלומט מפיצים (1968) בעמ,,,"י""ח",400,"ל מ""ל",false,1,19.90,4.98,true,1,
8001090336408,false,חיתולי ביביי דריי מידה 3 ( 38 יח) פמפרס,דיפלומט מפיצים (1986) בע`מ,,,"י""ח",1,,false,1,39.90,39.90,true,1,
8001090336446,false,חיתולי ביביי דריי מידה 4 ( 34 יח) פמפרס,דיפלומט מפיצים (1986) בע`מ,,,"י""ח",1,,false,1,39.90,39.90,true,1,
8001090336491,false,פמפרס בייבי דריי חיתולים מידה +4 31 יח,דיפלומט מפיצים (1986) בע`מ,,,"י""ח",1,,false,1,39.90,39.90,true,1,
8001090336606,false,חיתולי ביביי דריי מידה ( 26 יח`) פמפרס,דיפלומט מפיצים (1986) בע`מ,,,"י""ח",1,,false,1,39.90,39.90,true,1,
8001090377487,false,מסכה לשיער פנטן לחות מוגברת 300 מל,דיפלומט מפיצים (1968) בעמ,,,"י""ח",300,"ל מ""ל",false,1,33.90,11.30,false,1,
8001090379337,false,פמפרס פרימיום קר חיתולים שלב 3 40 יח VP,דיפלומט מפיצים (1986) בע`מ,,,"י""ח",40,"י""ח",false,1,34.90,0.87,true,1,
8001090458322,false,"פיירי ורדים ומשי 1015 מ""ל",דיפלומט מפיצים (1968) בעמ,,,"י""ח",1.01,ליטר,false,1,15.90,15.74,true,1,
8001090458353,false,סבון כלים פעולה אנטי-בקטריאלית אקליפטוס,דיפלומט מפיצים (1986) בע`מ,,,"י""ח",500,"ל מ""ל",false,1,9.90,1.98,false,1,
8001090734044,false,אולוויז מגן תחתון גיגה פק לארג' אקסטרה פרוטקט 64 יח',דיפלומט מפיצים (1986) בע`מ,,,"י""ח",78,"י""ח",false,1,19.90,0.26,true,1,
8001090740717,false,מגני תחתון אולוויז נורמל עם ניחוח רענן Fresh Scent,פרוקטר אנד גמבל )ראה קוד,,,"י""ח",76,"י""ח",false,1,19.90,0.26,true,1,
8001090802385,false,קפסולות גל לכביסה טייד בניחוח לנור 26 יח,דיפלומט מפיצים (1986) בע`מ,,,"י""ח",26,"י""ח",false,1,29.90,1.15,false,1,
8001090832450,false,"שמפו פנטן הנוסחה הקלאסית 660 מ""ל",דיפלומט מפיצים (1986) בע`מ,,,"י""ח",660,"ל מ""ל",false,1,22.90,3.47,false,1,
8001090832535,false,"שמפו פנטן שמן מרוקאי משקם 660 מ""ל",דיפלומט מפיצים (1986) בע`מ,,,"י""ח",660,"ל מ""ל",false,1,22.90,3.47,false,1,
8001090832573,false,שמפו שמן לחות מוגברת 660 מל פנטן,דיפלומט מפיצים (1986) בע`מ,,,"י""ח",660,"ל מ""ל",false,1,22.90,3.47,false,1,
8001090832610,false,שמפו שמן למגע רך כמשי 660 מל פנטן,דיפלומט מפיצים (1986) בע`מ,,,"י""ח",660,"ל מ""ל",false,1,22.90,3.47,false,1,
8001090832696,false,"פנטן שמפו לתלתלים מושלמים 660 מ""ל",דיפלומט מפיצים (1986) בע`מ,,,"י""ח",660,"ל מ""ל",false,1,22.90,3.47,false,1,
8001090832818,false,מרכך פנטן הנוסחה הקלאסית לשיער רגיל ומעורב,דיפלומט מפיצים (1986) בע`מ,,,"י""ח",660,"ל מ""ל",false,1,22.90,3.47,false,1,
8001090832931,false,"פנטן 660 מ""ל קונדישינר למגע רך כמשי",דיפלומט מפיצים (1986) בע`מ,,,"י""ח",660,"ל מ""ל",false,1,22.90,3.47,false,1,
8001090832979,false,"פנטן 660 מ""ל קונדישינר לתלתלים מושלמים",דיפלומט מפיצים (1986) בע`מ,,,"י""ח",660,"ל מ""ל",false,1,22.90,3.47,false,1,
8001090833198,false,אריאל נוזל כביסה 2.47 ליטר ניחוח מרענן,דיפלומט מפיצים (1986) בע`מ,,,"י""ח",2.36,ליטר,false,1,31.90,13.52,false,1,
8001090833228,false,אריאל ג'ל כביסה קולור 2.365 ליטר,דיפלומט מפיצים (1986) בע`מ,,,"י""ח",2.36,ליטר,false,1,31.90,13.52,false,1,
8001090899286,false,אולוויז תחבושות פלטינום לילה בטוח 14 יח',דיפלומט מפיצים (1986) בע`מ,,,"י""ח",1,,false,1,19.90,19.90,true,1,
8001090943095,false,סבון כלים פעולה אנטי-בקטריאלית אקליפטוס,דיפלומט מפיצים (1968) בעמ,,,"י""ח",1.01,ליטר,false,1,15.90,15.74,true,1,
8001090992338,false,פיירי טבליות למדיח פלטינום פלוס 50 יחידו,דיפלומט מפיצים (1968) בעמ,,,"י""ח",50,"י""ח",false,1,54.90,1.10,false,1,
8001160001786,false,"משקה אנרגיה גטורייד ספורט כחול 500מ""ל",אקווה מינרלה סאן בנדטו,,,"י""ח",500,"ל מ""ל",false,1,9.60,1.86,true,1,
8001160001892,false,"משקה אנרגיה גטורייד ספורט תפוז אדום 500מ""ל",אקווה מינרלה סאן בנדטו,,,"י""ח",500,"ל מ""ל",false,1,9.60,1.86,true,1,
8001620011935,false,"סן בנדטו- מים מינרלים מוגז - מארז שישיית 500 מ""ל",אקווה מינרלה סאן בנד,,,"י""ח",3,ליטר,false,1,13.90,4.03,true,1,
8001620017456,false,"סן בנדטו ספורט, מים מינרלים טבעיים 500 מ""ל שישייה",אקווה מינרלה סאן בנדטו ב,,,"י""ח",9,ליטר,false,1,14.70,1.43,false,1,
8001620018408,false,"משקה פירות בטעם מנגו תפוח 400 מ""ל פרוטה",אקווה מינרלה סאן בנדטו ב,,,"י""ח",40,"ל מ""ל",false,1,6.90,16.50,true,1,
8001841019291,false,קפסולות לכביסה בניחוח לנור אריאל 16 יחידות,דיפלומט מפיצים (1968) בעמ,,,"י""ח",16,"י""ח",false,1,21.90,1.37,false,1,
8001841053646,false,תחבושות אולוויז עבה נורמל פלוס 14 יחידות,פרוקטר אנד גמבל )ראה קוד,,,"י""ח",1,,false,1,12.90,12.90,false,1,
8001841053806,false,תחבושות היגייניות אולוויז מקסי עבה לילה,דיפלומט מפיצים (1968) בעמ,,,"י""ח",1,,false,1,12.90,12.90,false,1,
8001841077949,false,מארז מגבוני פמפרס בניחוח מרענן - רביעייה,דיפלומט מפיצים (1986) בע`מ,,,"י""ח",1,,false,1,17.90,17.90,false,1,
8001841096889,false,"נוזל לניקוי כלים לימון קלאסי 900 מ""ל",דיפלומט מפיצים (1968) בעמ,,,"י""ח",900,"ל מ""ל",false,1,9.90,1.10,true,1,
8001841104751,false,פמפרס פרימיום קר חיתולים שלב 1 52 יח VP,דיפלומט מפיצים (1968) בעמ,,,"י""ח",41,"י""ח",false,1,34.90,0.85,true,1,
8001841105093,false,פמפרס פרימיום קר חיתולים שלב 6 26 יח VP,דיפלומט מפיצים (1986) בע`מ,,,"י""ח",41,"י""ח",false,1,34.90,0.85,true,1,
8001841137179,false,קונדישינר הד&שולדרס הנוסחה הקלאסית 275מל,דיפלומט מפיצים (1986) בע`מ,,,"י""ח",275,"ל מ""ל",false,1,19.90,7.24,false,1,
8001841625188,false,סבון כלים פלטינום לימון X3 פעולות להסרת שומנים,דיפלומט מפיצים (1986) בע`מ,,,"י""ח",500,"ל מ""ל",false,1,9.90,1.98,false,1,
8001841625461,false,סבון כלים פלטינום X3 פעולות להסרת שומנים,דיפלומט מפיצים (1986) בע`מ,,,"י""ח",500,"ל מ""ל",false,1,9.90,1.98,false,1,
8001841660257,false,מסכה לשיער פנטן מיראקלס במבוק 160 מל,דיפלומט מפיצים (1968) בעמ,,,"י""ח",160,"ל מ""ל",false,1,17.90,11.19,false,1,
8001841669519,false,קפסולות לכביסה ALL IN ONE אריאל 55 יחידות,דיפלומט מפיצים (1986) בע`מ,,,"י""ח",55,"י""ח",false,1,59.90,1.09,true,1,
8001841893990,false,פיירי טבליות למדיח פלטינום פלוס - מארז 30 יח',דיפלומט מפיצים (1986) בע`מ,,,"י""ח",30,"י""ח",false,1,44.90,1.50,false,1,
8001841958460,false,פיירי טבליות למדיח אורגינל הכל באחד - מארז 48 יח',דיפלומט מפיצים (1986) בע`מ,,,"י""ח",48,"י""ח",false,1,39.90,0.83,false,1,
8002450206003,false,משקה כהלי ורדי רימונים ספרקלטיני 750מ,הכרם - משקאות חריפים בעמ,,,"י""ח",750,"ל מ""ל",false,1,22.20,2.92,true,1,
8003753900438,false,קפה לנדוור אילי אספרסו טחון 250 גרם,ש.שסטוביץ בעמ,,,"י""ח",250,ל גרם,false,1,39.90,15.96,false,1,
8003753900469,false,אילי - אספרסו טחון בקליה כהה בפחית 250גר,ש.שסטוביץ בעמ,,,"י""ח",250,ל גרם,false,1,39.90,15.96,false,1,
8005110001413,false,מארז זוג רוטב עגבניות 140ג MUTTI,רסטרטו יבוא ושיווק בעמ,,,"י""ח",140,ל גרם,false,1,9.90,7.07,false,1,
8005200256587,false,נסטי - תה קר בטעם אפרסק 1.5 ליטר,פארייפאבה אגרואינדוס,,,"י""ח",1.50,ליטר,false,1,8.50,5.47,true,1,
8005200316588,false,תה קר נסטי אפרסק דיאט 1.5 ליטר פיקדון,פארייפאבה אגרואינדוס,,,"י""ח",1.50,ליטר,false,1,8.50,5.47,true,1,
8005803010357,false,גריסיני קלאסי - מקלות אפויים עם שמן זית ומלח,ליימן שליסל בע`מ,,,"י""ח",125,ל גרם,false,1,7.90,6.32,true,1,
8005803010371,false,"גריסיני רוזמרין - מקלות אפויים עם שמן זית, מלח ורוזמרין",ליימן שליסל בע`מ,,,"י""ח",125,ל גרם,false,1,7.90,6.32,true,1,
8005803010586,false,"מקלות אפויים עם שמן זית, מלח, עגבניות ואורגנו, 125 גרם, אמור די פאן","הוסטה איטליה, ס.ר.ל.",,,"י""ח",125,ל גרם,false,1,7.90,6.32,true,1,
8005803010661,false,"מקלות אפויים עם שמן זית, מלח, ושומשום, 125 גרם, אמור די פאן","הוסטה איטליה, ס.ר.ל.",,,"י""ח",125,ל גרם,false,1,7.90,6.32,true,1,
8006540112793,false,"מרכך כביסה מרוכז בניחוח יסמין לנור 900 מ""ל",דיפלומט מפיצים (1986) בע`מ,,,"י""ח",900,"ל מ""ל",false,1,15.90,1.77,true,1,
8006540112823,false,"לנור מרכך כביסה מרוכז בניחוח האוקיינוס 900 מ""ל",דיפלומט מפיצים (1968) בעמ,,,"י""ח",900,"ל מ""ל",false,1,15.90,1.77,true,1,
8006540112854,false,"מרכך כביסה מרוכז בניחוח סחלב לנור 900 מ""ל",דיפלומט מפיצים (1986) בע`מ,,,"י""ח",900,"ל מ""ל",false,1,15.90,1.77,true,1,
8006540163986,false,אריאל קפסולות לכביסה 35 יח`,דיפלומט מפיצים (1968) בעמ,,,"י""ח",35,"י""ח",false,1,44.90,1.28,false,1,
8006540491539,false,"נוזל כלים פיירי פלטינום אוריגינל 780 מ""ל",דיפלומט מפיצים (1986) בע`מ,,,"י""ח",780,"ל מ""ל",false,1,14.90,1.91,true,1,
8006540495186,false,לנור מרכך כביסה מרוכז רגיש בייבי 900 מל,דיפלומט מפיצים (1986) בע`מ,,,"י""ח",900,"ל מ""ל",false,1,15.90,1.77,true,1,
8006540495216,false,"לנור מרכך כביסה מרוכז בניחוח אמאטיסט 900 מ""ל",דיפלומט מפיצים (1968) בעמ,,,"י""ח",900,"ל מ""ל",false,1,15.90,1.77,true,1,
8009470009072,false,סימבה שימורי חתולים בטעם עוף 415ג',שחורי אריה ואנסטסיה,,,"י""ח",415,ל גרם,false,1,3.90,0.94,false,1,
8009470009560,false,"סימבה מזון לכלבים 4 ק""ג בטעם בקר",שחורי אריה ואנסטסיה,,,"י""ח",4,"ק""ג",false,1,34.90,8.73,false,1,
8011033011279,false,קוסקוס אמיתי 1 קג מר,דין שיווק וקליה 2021 בעמ,,,"י""ח",1,"ק""ג",false,1,11.90,11.90,false,1,
8013399145278,false,דיאטורל סוכריות סטיביה ליקוריץ רך 70 גרם,גורי מוצרי צריכה בעמ,,,"י""ח",50,ל גרם,false,1,10,20,false,1,
8021886303933,false,בלונים מודפס יום הולדת,שמחה זה אנחנו בע`מ,,,"י""ח",1,,false,1,9.90,9.90,false,1,
8021886312997,false,שקית 5בלונים 12-באהב,שמחה זה אנחנו,,,"י""ח",1,,false,1,8.90,8.90,false,1,
8032880800243,false,פיקניק הפתעה - אגוזי לוז ומקלות אפויים,"הוסטה איטליה, ס.ר.ל.",,,"י""ח",50,ל גרם,false,1,7.40,14.80,true,1,
8076800195057,false,ברילה - צ.א ספגטי מס5 חדש 500 גרם,ברילה גי.אי.אר פרטלי ס.פ,,,"י""ח",500,ל גרם,false,1,6.90,1.38,false,1,
8076800195132,false,ברילה - צ.א בבטה מס13 500 גרם,ברילה גי.אי.אר פרטלי ס.פ,,,"י""ח",500,ל גרם,false,1,6.90,1.38,false,1,
8076800315097,false,פסטה מקרוני בוקטיני מספר 9 ברילה 500 גרם,ברילה גי.אי.אר פרטלי ס.פ,,,"י""ח",500,ל גרם,false,1,6.90,1.38,false,1,
8076802085936,false,ברילה פסטה צ.ק. קונצילה ריגטה חדש,ברילה גי.אי.אר פרטלי ס.פ,,,"י""ח",500,ל גרם,false,1,6.90,1.38,false,1,
8076802085981,false,ברילה - צ.ק פוזילי חדש 500 גרם,ברילה גי.אי.אר פרטלי ס.פ,,,"י""ח",500,ל גרם,false,1,6.90,1.38,false,1,
8076808060654,false,פסטה פרפלה מספר 65 ברילה 500 גרם,ברילה גי.אי.אר פרטלי ס.פ,,,"י""ח",500,ל גרם,false,1,6.90,1.38,false,1,
8076809512268,false,פסטה גירנדולה טורסדס מספר 34 ברילה 500 גרם,ברילה גי.אי.אר פרטלי ס.פ,,,"י""ח",500,ל גרם,false,1,6.90,1.38,false,1,
8076809513654,false,בסיס רוטב עגבניות לבולונז 400 גרם ברילה,ברילה גי.אי.אר פרטלי ס.פ,,,"י""ח",400,ל גרם,false,1,14.90,3.73,true,1,
8076809513739,false,ברילה רוטב עגבניות עם בזיליקום 400 גרם,ברילה גי.אי.אר פרטלי ס.פ,,,"י""ח",400,ל גרם,false,1,14.90,3.73,true,1,
8076809578998,false,ברילה - צ.ק. סטלינה 500 גרם,ברילה גי. אי. אר פרטלי ס,,,"י""ח",500,ל גרם,false,1,6.90,1.38,false,1,
8121300208780,false,טרוביה תחליף סוכר לכל מטרה 360 גרם,גורי ע.ע.ע. בעמ,,,"י""ח",360,"ל מ""ל",false,1,34.90,9.69,true,1,
8410076600622,false,חטיפי גרנולה קראנצ'י עם שוקולד מריר נייצ'ר ואלי 210 גרם,ג'נרל מילס סאן אדריאן,,,"י""ח",210,ל גרם,false,1,19.90,9.48,true,1,
8410076610492,false,חטיף שיבולת שועל מלאה ובוטנים בציפוי עם חמאת בוטנים,יבואן ומשווק: ש. שסט,,,"י""ח",4,"י""ח",false,1,19.90,4.98,true,1,
8410076610508,false,"חטיף שיבולת שועל מלאה עם בוטנים, שקדים ושוקולד מריר בציפוי בטעם שוקולד",נייצ'ר ואלי Nature Valley,,,"י""ח",5,"י""ח",false,1,19.90,3.98,true,1,
8410076620354,false,נ.וואלי נאט קרים שיבולת שועל וחמאת בוטני,"סרלטו סינטרה מזון בע""מ",,,"י""ח",210,ל גרם,false,1,19.90,9.48,true,1,
8410076621009,false,עוגות אישיות בטעם קרמל עם חתיכות בטעם קרמל מלוח,ליימן שליסל בע`מ,,,"י""ח",210,ל גרם,false,1,12.90,6.14,true,1,
8410076621047,false,עוגות אישיות בטעם שוקולד עם חתיכות בטעם שוקולד,ליימן שליסל בע`מ,,,"י""ח",210,ל גרם,false,1,12.90,6.14,true,1,
8410104044916,false,אבקה למדיח כלים פיניש (2.7 קג),רקיט בנקיזר (ניר איסט) בעמ,,,"י""ח",2.70,"ק""ג",false,1,44.90,16.63,false,1,
8410104045111,false,"פיניש מלח למדיח כלים 2ק""ג",רקיט בנקיזר (ניר איסט) בעמ,,,"י""ח",1,"י""ח",false,1,14.90,14.90,false,1,
8410104437268,false,מפיג ריח רגיל למדיח פיניש 1 יחידה,רקיט בנקיזר (ניר איסט) בעמ,,,"י""ח",27,ל גרם,false,1,14.90,55.19,true,1,
8410721443734,false,כורכום טחון מרקדו טייסט 45ג',ליימן שליסל,,,"י""ח",45,ל גרם,false,1,4.90,10.89,true,1,
8410721443802,false,כמון טחון מרקדו טייסט 45ג',ליימן שליסל,,,"י""ח",45,ל גרם,false,1,4.90,10.89,true,1,
8412168002543,false,מחייה 13 רוזטה משקה כוהלי בטעם שקדים,אגודת הכורמים בעמ,,,"י""ח",700,"ל מ""ל",false,1,59.90,8.51,true,1,
8412300801072,false,"ניוואה קרם רב שימושי 400 מ""ל",אלפא- ב.ד.ף בעמ,,,"י""ח",400,"ל מ""ל",false,1,39.90,9.98,false,1,
8412497913992,false,"בקבוק פלסטיק גדול 600מ""ל פרוזן",שמחה זה אנחנו,,,"י""ח",1,,false,1,29.90,29.90,false,1,
8420708012822,false,קשקבל צאן ספרדי בשלה 200 גר,מיוצר עי קונדיטוריית,,,"י""ח",200,ל גרם,false,1,26.90,13.45,false,1,
8420822130600,false,"ספריי סופר מסיר שומנים 750מ""ל יעקבי","יעקב יעקבי ובניו בע""מ",,,"י""ח",750,ל גרם,false,1,15.90,2.12,false,1,
8422443005213,false,יין המרכבה גראנד סלקשיין ק.סוביניון,היכל היין שקד גולן בעמ,,,"י""ח",750,"ל מ""ל",false,1,34.90,4.61,true,1,
8423207206488,false,סלים דליס חטיף דגנים מצופה שוקולד חלב מרבה 6*20 גרם,אף.סי תבליני בגליל ב,,,"י""ח",283,ל גרם,false,1,12.90,4.56,true,1,
8423207206501,false,סלים דליס חטיף דגנים עם שוקולד חלב מרבה 6*13 גרם,סלים דליס Slim Delis,,,"י""ח",283,ל גרם,false,1,12.90,4.56,true,1,
8423207207362,false,חטיפי סלים דליס שוקולד לבן מרבה 6 יחידות,ביסנצ'ורי אס.אל.יו,,,"י""ח",120,ל גרם,false,1,12.90,10.75,true,1,
8423207208680,false,חטיף דגנים שוקולד סלים דליס לילדים מרבה 6 יחידות,ביסנצ'ורי אס.אל.יו,,,"י""ח",283,ל גרם,false,1,12.90,4.56,true,1,
8423207208697,false,חטיפי סלים דליס לילדים שוקולד לבן מרבה 6 יחידות,ביסנצ'ורי אס.אל.יו,,,"י""ח",283,ל גרם,false,1,12.90,4.56,true,1,
8423207209748,false,חטיף דגנים מלאים שוקולד מריר נגיעות תפוז,ביסנצ'ורי אס.אל.יו,,,"י""ח",283,ל גרם,false,1,10.40,3.67,true,1,
8423207210942,false,חטיף דגנים מצופה שוקולד לבן ופירות יער,נוטרישן אנד סנטה קוב,,,"י""ח",283,ל גרם,false,1,12.90,4.56,true,1,
8425206000081,false,ריבת חלב מרדל 450 גרם,גורי מוצרי צריכה (1991) בעמ,,,"י""ח",1,,false,1,19.90,19.90,false,1,
8435495805106,false,"ביומט אבקת כביסה בניחוח רענן 5ק""ג",ליימן שליסל בעמ,,,"י""ח",5,"ק""ג",false,1,33.90,6.78,true,1,
8435495807605,false,תינוקלין מרכך כביסה היפואלרגני מרוכז 1 ליטר,מולינו ניקולי s.p.a,,,"י""ח",1,ליטר,false,1,19.90,19.90,true,1,
8445290341617,false,פנסי פיסט פטה עוף וסלמון 85 גרם,קבוצת אוסם סחר-שות.מוגבלת,,,"י""ח",85,ל גרם,false,1,6.40,7.53,false,1,
8680202110824,false,שמרים לאפיה יבשים נמסים אינסטנט,נאמן לאורך זמן בעמ,,,"י""ח",125,ל גרם,false,1,4.80,3.84,false,1,
8680202110848,false,שמרים נמסים בוואקום 454 גר,נאמן לאורך זמן בעמ,,,"י""ח",450,ל גרם,false,1,11.90,2.64,false,1,
8683130008355,false,מיונז שום לחיץ אמיתי הלמנס 400 גרם,יוניליוור ישראל שיווק בע`מ,,,"י""ח",400,ל גרם,false,1,13.90,3.48,false,1,
8683130008935,false,"הלמנס קטשיונז 425 גר{הרב רלב""ג}",יוניליוור ישראל שיווק בע`מ,,,"י""ח",425,ל גרם,false,1,13.90,3.27,false,1,
8683130025574,false,"מרכך כביסה מרוכז אקסטרה לבנדר בדין 960 מ""ל",יוניליוור ישראל שיווק בע`מ,,,"י""ח",960,"ל מ""ל",false,1,15.90,1.66,true,1,
8683130025581,false,"מרכך כביסה מרוכז אקסטרה ענבר בדין 960 מ""ל",יוניליוור ישראל שיווק בע`מ,,,"י""ח",960,"ל מ""ל",false,1,15.90,1.66,true,1,
8683323063024,false,יוגטה שטיחים בטעם תותי פרוטי 220 גרם,ליימן שליסל בע`מ,,,"י""ח",220,ל גרם,false,1,7.90,3.59,true,1,
8686868600037,false,המותג אביזרי שיער,אל האופק שיווק וסחר,,,"י""ח",1,,false,1,5.90,5.90,false,1,
8686868600068,false,אביזרי שיער סרטים וקשתות,אל האופק שיווק וסחר,,,"י""ח",1,,false,1,8.90,8.90,false,1,
8686868600075,false,אביזרי שיער סיכות פפיון גדולות,אל האופק שיווק וסחר,,,"י""ח",1,,false,1,9.90,9.90,false,1,
8686868600099,false,המותג אביזרי שיער,אל האופק שיווק וסחר,,,"י""ח",1,,false,1,11.90,11.90,false,1,
8686868600129,false,המותג אביזרי שיער,אל האופק שיווק וסחר,,,"י""ח",1,,false,1,12.90,12.90,false,1,
8686868600136,false,המותג אביזרי שיער,אל האופק שיווק וסחר,,,"י""ח",1,,false,1,15.90,15.90,false,1,
8686868600150,false,המותג אביזרי שיער,אל האופק שיווק וסחר,,,"י""ח",1,,false,1,17.90,17.90,false,1,
8686868600174,false,המותג אביזרי שיער,אל האופק שיווק וסחר,,,"י""ח",1,,false,1,19.90,19.90,false,1,
8686868600235,false,אביזרי מניקור טל טל,אל האופק שיווק וסחר,,,"י""ח",1,,false,1,12.90,12.90,false,1,
8690504081937,false,מקוויטיס טינס שוקולד חלב וקפוצינו 150 גר,תה ויסוצקי (ישראל) בעמ,,,"י""ח",150,ל גרם,false,1,9.90,6.60,true,1,
8690572783931,false,"פה - דאודורנט ספריי לגבר אינוויזיבל פאוואר 200 מ""ל",שוורצקופף והנקל,,,"י""ח",200,"ל מ""ל",false,1,10.90,5.45,true,1,
8690572799482,false,"סאיוס מרכך לשיער גלי ומתולתל 500 מ""ל","הובי קוסמטיק, אנקרה, תור",,,"י""ח",500,"ל מ""ל",false,1,11.90,2.38,true,1,
8690572799499,false,"סאיוס - מרכך אולאו 500 מ""ל",הנקל סוד בע`מ,,,"י""ח",500,"ל מ""ל",false,1,11.90,2.38,true,1,
8690572799543,false,"סאיוס שמפו לחיזוק שורשי סיב השערה 500 מ""ל","הובי קוסמטיק, אנקרה, תור",,,"י""ח",500,"ל מ""ל",false,1,11.90,2.38,true,1,
8690637073373,false,תה ארל גריי בטעם ברגמוט ליפטון 25 שקיקים,יוניליוור ישראל שיווק בע`מ,,,"י""ח",50,ל גרם,false,1,7.90,15.80,false,1,
8690637073434,false,תה ארל גריי בטעם ברגמוט ללא שקית100ש,"יוניליוור ישראל שיווק בע""מ",,,"י""ח",200,ל גרם,false,1,24.90,12.45,false,1,
8690637503856,false,ממרח הלמנס כ- 40% פחות שומן לעומת מיונז,יוניליוור ישראל שיווק בע`מ,,,"י""ח",789,ל גרם,false,1,13.90,1.76,false,1,
8690637505607,false,מרכך כביסה מרוכז בדין אקסטרה בניחוח פינוק כחול,יוניליוור ישראל שיווק בע`מ,,,"י""ח",960,"ל מ""ל",false,1,15.90,1.66,true,1,
8690637505614,false,"מרכך כביסה אקסטרא פינוק קוקוס 960 מ""ל בדין",יוניליוור ישראל שיווק בע`מ,,,"י""ח",960,"ל מ""ל",false,1,15.90,1.66,true,1,
8690637555084,false,"מרכך כביסה מרוכז אקסטרה פריחת התפוז בדין 960 מ""ל","יוניליוור ישראל שיווק בע""מ",,,"י""ח",960,"ל מ""ל",false,1,15.90,1.66,true,1,
8690637704376,false,"שמפו לטיפוח יום יומי דאב 600 מ""ל","יוניליוור ישראל שיווק בע""מ",,,"י""ח",600,"ל מ""ל",false,1,15.90,2.65,true,1,
8690637704390,false,"מרכך שיער לטיפוח יום יומי דאב 600 מ""ל","יוניליוור ישראל שיווק בע""מ",,,"י""ח",600,"ל מ""ל",false,1,15.90,2.65,true,1,
8690637704437,false,שמפו עם שמני הזנה לטיפוח לשיער יבש,"יוניליוור ישראל שיווק בע""מ",,,"י""ח",600,"ל מ""ל",false,1,15.90,2.65,true,1,
8690637799594,false,תה ירוק ליפטון נענע בסגנון מרוקאי 20יח',"יוניליוור ישראל שיווק בע""מ",,,"י""ח",150,ל גרם,false,1,16.90,11.27,true,1,
8690637858734,false,ג'ל לניקוי כללי בתוספת אקונומיקה בניחוח לימון,"יוניליוור ישראל שיווק בע""מ",,,"י""ח",750,"ל מ""ל",false,1,9.90,1.32,false,1,
8690637858741,false,ג'ל לניקוי כללי בתוספת אקונומיקה בניחוח רוח ים,יוניליוור ישראל שיווק בע`מ,,,"י""ח",750,"ל מ""ל",false,1,9.90,1.32,false,1,
8690637871047,false,דאב שמפו בתוספת שמן קוקוס וכורכום 600 מל,"יוניליוור ישראל שיווק בע""מ",,,"י""ח",600,"ל מ""ל",false,1,15.90,2.65,true,1,
8690637871061,false,"דאב שמפו עם שמן אבוקדו ותמצית קלנדולה 600 מ""ל",יוניליוור ישראל שיווק בע`מ,,,"י""ח",600,"ל מ""ל",false,1,15.90,2.65,true,1,
8690637871108,false,הלמנ'ס ממרח חרדל 250 גרם,יוניליוור ישראל שיווק בע`מ,,,"י""ח",285,ל גרם,false,1,11.90,4.18,false,1,
8690637871245,false,הלמנס מיונז אמיתי 395 גר' בקבוק לחיץ.,יוניליוור ישראל שיווק בע`מ,,,"י""ח",789,ל גרם,false,1,14.90,1.89,false,1,
8690637916977,false,מרכך עם שמן קוקוס וכורכום למראה שיער משוקם,יוניליוור ישראל שיווק בעמ,,,"י""ח",600,"ל מ""ל",false,1,15.90,2.65,true,1,
8690637946318,false,"מרכך כביסה בדין מרוכז אקסטרה בייבי טלק 960 מ""ל",יוניליוור ישראל שיווק בע`מ,,,"י""ח",960,"ל מ""ל",false,1,15.90,1.66,false,1,
8690637971310,false,"מרכך כביסה מרוכז אקסטרה בניחוח יערת הדבש בדין 960 מ""ל",יוניליוור ישראל שיווק בע`מ,,,"י""ח",960,"ל מ""ל",false,1,15.90,1.66,true,1,
8690637976995,false,"מרכך כביסה מרוכז אקסטרה ורוד סחלבים פראי בדין 960 מ""ל","יוניליוור ישראל שיווק בע""מ",,,"י""ח",960,"ל מ""ל",false,1,15.90,1.66,true,1,
8690637994029,false,מרכך כביסה אקסטרה בניחוח סחלבים פראי,"יוניליוור ישראל שיווק בע""מ",,,"י""ח",1.44,ליטר,false,1,19.90,13.82,false,1,
8690777202015,false,ירקות כבושים מעורבים וילי פוד 400 גרם,ג.וילי פוד אינטרנשיונל בעמ,,,"י""ח",700,ל גרם,false,1,11.90,1.70,false,1,
8690777206051,false,חציל קלוי על האש סרה ויליפוד 650 גרם,ג. וילי-פוד אינטרנשיונל בע`מ,,,"י""ח",650,ל גרם,false,1,13.90,2.14,false,1,
8690777221405,false,פלפל אדום קלוי על האש 650 גר` ויליפוד,ג. וילי-פוד אינטרנשיונל בע`מ,,,"י""ח",650,ל גרם,false,1,13.90,2.14,false,1,
8690784516440,false,דאק נוזל לניקוי מתקדם בניחוח לבנדה בודד 750מל,"אס.סי.ג'\ונסון מידרכט, ה",,,"י""ח",750,"ל מ""ל",false,1,8.90,1.19,false,1,
8690784616775,false,סבון מוצק לאסלה דאק אקווה בלו 4 ב-1 80 ג,טואלט דאק (ג'ונסון),,,"י""ח",1,"י""ח",false,1,7.90,7.90,false,1,
8693323099107,false,מרשמלו לבבות בטעם תות ווניל,ליימן שליסל בעמ,,,"י""ח",150,ל גרם,false,1,8.90,5.93,true,1,
8693495054034,false,פלמוליב ס.נוזלי לומינוס אבוקדו 750 משאבה,קולגייט פלמוליב,,,"י""ח",750,"ל מ""ל",false,1,19.90,2.65,true,1,
8694313000134,false,מגש עם מכסה לעוגת חג,פ.ר.ל דיירקט בעמ,,,"י""ח",1,"י""ח",false,1,19.90,19.90,true,1,
8697040109903,false,"אסותא ג`ל רחצה אלוורה 700מ""ל",עיסא ערטול בעמ-סוכן הנקל סוד,,,"י""ח",700,"ל מ""ל",false,1,7.90,1.13,true,1,
8697040109910,false,"אסותא ג`ל רחצה פירות יער 700מ""ל",עיסא ערטול בעמ-סוכן הנקל סוד,,,"י""ח",700,"ל מ""ל",false,1,7.90,1.13,true,1,
8697040109927,false,"אסותא ג`ל רחצה שוקולד 700מ""ל",עיסא ערטול בעמ-סוכן הנקל סוד,,,"י""ח",700,"ל מ""ל",false,1,7.90,1.13,true,1,
8697040109934,false,"אסותא ג`ל רחצה קוקוס 700מ""ל",עיסא ערטול בעמ-סוכן הנקל סוד,,,"י""ח",700,"ל מ""ל",false,1,7.90,1.13,true,1,
8697040109941,false,"אסותא ג`ל רחצה ורדים 700מ""ל",עיסא ערטול בעמ-סוכן הנקל סוד,,,"י""ח",700,"ל מ""ל",false,1,7.90,1.13,true,1,
8697040109958,false,"אסותא שמפו לשיער רגיל 700מ""ל",עיסא ערטול בעמ-סוכן הנקל סוד,,,"י""ח",700,"ל מ""ל",false,1,7.90,1.13,true,1,
8697040109965,false,"אסותא שמפו ומרכך 700מ""ל",עיסא ערטול בעמ-סוכן הנקל סוד,,,"י""ח",700,"ל מ""ל",false,1,7.90,1.13,true,1,
8697040109972,false,"אסותא שמפו לשיער יבש 700מ""ל",עיסא ערטול בעמ-סוכן הנקל סוד,,,"י""ח",700,"ל מ""ל",false,1,7.90,1.13,true,1,
8697040109989,false,"אסותא שמפו לשיער פגום 700מ""ל",עיסא ערטול בעמ-סוכן הנקל סוד,,,"י""ח",700,"ל מ""ל",false,1,7.90,1.13,true,1,
8697040109996,false,"אסותא שמפו אלוורה 700מ""ל",עיסא ערטול בעמ-סוכן הנקל סוד,,,"י""ח",700,"ל מ""ל",false,1,7.90,1.13,true,1,
8697040110008,false,"אסותא שמפו לשיער צבוע 700מ""ל",עיסא ערטול בעמ-סוכן הנקל סוד,,,"י""ח",700,"ל מ""ל",false,1,7.90,1.13,true,1,
8697040110039,false,"אסותא ג`ל רחצה לגבר מנטה 700מ""ל",עיסא ערטול בעמ-סוכן הנקל סוד,,,"י""ח",700,"ל מ""ל",false,1,7.90,1.13,true,1,
8697040110046,false,"אסותא ג`ל רחצה לגבר מנטה ותה 700מ""ל",עיסא ערטול בעמ-סוכן הנקל סוד,,,"י""ח",700,"ל מ""ל",false,1,7.90,1.13,true,1,
8697040110053,false,"אסותא ג`ל רחצה שקדים 700מ""ל",עיסא ערטול בעמ-סוכן הנקל סוד,,,"י""ח",700,"ל מ""ל",false,1,7.90,1.13,true,1,
8697040110060,false,"אסותא ג`ל רחצה יוגורט וניל 700מ""ל",עיסא ערטול בעמ-סוכן הנקל סוד,,,"י""ח",700,"ל מ""ל",false,1,7.90,1.13,true,1,
8697040110077,false,"אסותא מרכך לשיער רגיל 700מ""ל",עיסא ערטול בעמ-סוכן הנקל סוד,,,"י""ח",700,"ל מ""ל",false,1,7.90,1.13,true,1,
8697418261370,false,מים 0.5ליטר אקווה ביני פקק רגיל בודד,אלמוג ר.א.מ. מזון בעמ,,,"י""ח",50,"ל מ""ל",false,1,2.90,5.20,false,1,
8697418261431,false,מים 0.5ליטר אקווה בינ פקק רגיל מארז 12יח,אלמוג ר.א.מ. מזון בעמ,,,"י""ח",6,ליטר,false,1,19.90,2.72,false,1,
8697530910743,false,סיגריות פאל מאל כחול קצר מטאליק,גלוברנדס בעמ - שיווק סיגריות,,,"י""ח",1,,false,1,29.50,29.50,false,1,
8697530910781,false,סיגריות פאל מאל אדום מטאליק,גלוברנדס בעמ - שיווק סיגריות,,,"י""ח",0,"י""ח",false,1,29.50,29.50,false,1,
8697826469092,false,טורטיה קטנה שקדיה 540 גרם 12 יחידות,דין שיווק וקליה 2021 בעמ,,,"י""ח",540,ל גרם,false,1,9.90,1.83,true,1,
8710447224175,false,טרזמה שמפו משקם בתוספת ביוטין 400 מל,יוניליוור ישראל שיווק בעמ,,,"י""ח",400,"ל מ""ל",false,1,14.90,3.73,true,1,
8710502064814,false,עוגיות מרבה שוקולד ציפס במרקם רך 175 גר,בנקטבקריי מרבה בי.וי,,,"י""ח",225,ל גרם,false,1,8.90,3.96,false,1,
8710502100864,false,מרבה פטיסרי עוגיות דאבל שוקולד 200 גרם,ש.שסטוביץ בעמ,,,"י""ח",200,ל גרם,false,1,10.90,5.45,true,1,
8710502139017,false,עוגיות טריפל שוקולד צ`יפס מרבה (180 גרם),בנקטבקריי מרבה בי.וי,,,"י""ח",180,ל גרם,false,1,8.90,4.94,false,1,
8710502194801,false,"עוגיות שוקלד ציפס רכה פירות יער ""מרבה"" 175 גרם",בנקטבקריי מרבה בי.וי,,,"י""ח",175,ל גרם,false,1,8.90,5.09,false,1,
8710502260032,false,מרבה עוגיות שוקוצ'יפס 150גרם,בנקטבקריי מרבה בי.וי,,,"י""ח",160,ל גרם,false,1,5.90,3.69,false,1,
8710679158248,false,"צ`יפס קלאסי 2.5ק""ג ק",***אדום גרופ למזון שיווק***,,,"י""ח",2.50,"ק""ג",false,1,27.90,11.16,false,1,
8710800961310,false,סוכריות בטעם תות מנטוס 4*375 גרם,פרפטי ואן מלה ברדה,,,"י""ח",150,ל גרם,false,1,11.90,7.93,false,1,
8711700665834,false,סבון מוצק Beauty cream bar בניחוח מלפפון ותה ירוק - מארז שישיה,יוניליוור ישראל שיווק בעמ,,,"י""ח",6,"י""ח",false,1,22.90,3.82,false,1,
8712400802512,false,תרכובת מזון המשך לפעוטות על בסיס חלב שלב 2,דיפלומט מפיצים (1968) בעמ**,,,"י""ח",800,ל גרם,false,1,64.90,8.11,false,1,
8712400802536,false,תרכובת מזון המשך לפעוטות על בסיס חלב שלב 3,דיפלומט מפיצים (1968) בעמ**,,,"י""ח",800,ל גרם,false,1,64.90,8.11,false,1,
8712561594608,false,"דאב תחליב רחיצה להזנה עמוקה 750 מ""ל",יוניליוור ישראל שיווק בע`מ,,,"י""ח",750,"ל מ""ל",false,1,19.90,2.65,true,1,
8712561611411,false,"תחליב רחצה בניחוח מלפפון ותה ירוק דאב 750 מ""ל",יוניליוור ישראל שיווק בע`מ,,,"י""ח",750,"ל מ""ל",false,1,19.90,2.65,true,1,
8714599104316,false,ג'ייקובס קפה שחור קלוי וטחון טורקי 200 גרם,דיפלומט מפיצים (1968) בעמ**,,,"י""ח",200,ל גרם,false,1,14.90,7.45,false,1,
8714599104330,false,ג'ייקובס קפה שחור 85 גרם קלוי וטחון טורקי,דיפלומט מפיצים (1968) בעמ**,,,"י""ח",85,ל גרם,false,1,7.90,9.29,false,1,
8714599410530,false,קפה ג`ייקובס קרוננג מיובש בהקפאה 200 ג,דיפלומט מפיצים (1968) בעמ**,,,"י""ח",200,ל גרם,false,1,21.90,10.95,false,1,
8714599410578,false,ג'ייקובס גולד מיובש בהקפאה 47.5 גרם צנ,דיפלומט מפיצים (1968) בעמ**,,,"י""ח",47,ל גרם,false,1,6.90,14.68,true,1,
8714599410806,false,ג'ייקובס קרוננג מיובש בהקפאה 160 גרם סגירה חוזרת,דיפלומט מפיצים (1968) בעמ**,,,"י""ח",160,ל גרם,false,1,19.90,12.44,true,1,
8714599513781,false,"קפה נמס מיובש בהקפאה זהב צנצנת ג'ייקובס 200 גרם לל""ס",דיפלומט מפיצים (1968) בעמ**,,,"י""ח",200,ל גרם,false,1,25.90,12.95,false,1,
8714599513866,false,"קפה נמס מיובש בהקפאה קרונג צנצנת ג'ייקובס 200 גרם לל""ס",דיפלומט מפיצים (1968) בעמ**,,,"י""ח",200,ל גרם,false,1,23.90,11.95,true,1,
8714789177229,false,רבעיית מברשות שיניים קולגייט אקסטרה קלין 1 יחידה,הנסיך- מפעל לייצור ט,,,"י""ח",1,,false,1,9.90,9.90,false,1,
8714789303925,false,מברשת שיניים 360 סנסטיב רכה במיוחד קולגייט 2 יחידות,קולגייט- פלמוליב,,,"י""ח",1,,false,1,29.90,29.90,true,1,
8714789402918,false,נוזל לניקוי כללי ורצפות בניחוח פרחי בר אג'קס 1.5 ליטר,הנסיך- מפעל לייצור ט,,,"י""ח",1.50,ליטר,false,1,19.90,13.27,true,1,
8714789402932,false,נוזל לניקוי כללי ורצפות בניחוח ורדי בוקר אג'קס 1.5 ליטר,הנסיך- מפעל לייצור ט,,,"י""ח",1.50,ליטר,false,1,19.90,13.27,true,1,
8714789450315,false,פלמוליב כלים שקוף לימון 1.5 ליטר,הנסיך- מפעל לייצור ט,,,"י""ח",1.50,ליטר,false,1,15.90,10.60,true,1,
8714789740058,false,מברשת שיניים טוויסטר סופט קולגייט 2 יחידות,הנסיך- מפעל לייצור ט,,,"י""ח",1,,false,1,20.90,20.90,false,1,
8714789834467,false,פלמוליב נוזל לניקוי כלים קלאסי 1.5 ליטר,קולגייט-פלמוליב,,,"י""ח",1.50,ליטר,false,1,15.90,10.60,true,1,
8714789930848,false,"משחת שיניים אופטיק וייט הלבנה מיידית קולגייט 75 מ""ל",איינשטיין-צור יבוא-יצוא וסחר ב,,,"י""ח",750,"ל מ""ל",false,1,19.90,2.65,true,1,
8715300238306,false,חמאה הולנדית ללא מלח 200 גרם,בני ג`ורג` שוקחה (חיפה) בעמ,,,"י""ח",200,ל גרם,false,1,12.90,6.45,false,1,
8715700110141,false,מיונז קרמי היינץ צנצנת 460ג',דיפלומט מפיצים (1968) בעמ**,,,"י""ח",460,ל גרם,false,1,11.90,2.59,false,1,
8715700117805,false,"קטשופ היינץ מתבל עגבניות ללא תוספת סוכר ומלח 425 מ""ל",דיפלומט מפיצים (1968) בעמ**,,,"י""ח",400,ל גרם,false,1,10.90,2.73,false,1,
8715700419732,false,מתבל עגבניות היינץ (700 גרם),דיפלומט מפיצים (1968) בעמ**,,,"י""ח",700,ל גרם,false,1,12.90,1.84,true,1,
8715700421322,false,היינץ רוטב ברביקיו צ'ילי 490 גרם,דיפלומט מפיצים (1968) בעמ**,,,"י""ח",480,ל גרם,false,1,16.90,3.52,false,1,
8715700422473,false,ממרח לכריכים וסלטים ללא ח. משמרים היינץ 395 גרם,דיפלומט מפיצים (1968) בעמ**,,,"י""ח",395,ל גרם,false,1,14.90,3.77,false,1,
8715700423906,false,היינץ מתבל עגבניות מופחת סוכר ומלח 50/50 550 גרם,דיפלומט מפיצים (1968) בעמ**,,,"י""ח",555,ל גרם,false,1,11.90,2.14,false,1,
8717163647226,false,"אקס דאודורנט ספריי גוף בלאק 150 מ""ל","יוניליוור ישראל שיווק בע""מ",,,"י""ח",150,"ל מ""ל",false,1,11.90,7.93,true,1,
8717163647240,false,"אקס דאודורנט ספריי גוף לגבר שוקולד 150 מ""ל",יוניליוור ישראל שיווק בע`מ,,,"י""ח",150,"ל מ""ל",false,1,11.90,7.93,true,1,
8717163647257,false,"אקס דאודורנט ספריי גוף גולד 150 מ""ל",יוניליוור ישראל שיווק בע`מ,,,"י""ח",150,"ל מ""ל",false,1,11.90,7.93,true,1,
8717163647264,false,"אקס דאודורנט ספריי גוף אייס צ'יל 150 מ""ל",יוניליוור ישראל שיווק בע`מ,,,"י""ח",150,"ל מ""ל",false,1,11.90,7.93,true,1,
8717163647301,false,"אקס ספריי אנטיפרספרנט גולדן 150 מ""ל",יוניליוור ישראל שיווק בע`מ,,,"י""ח",150,"ל מ""ל",false,1,11.90,7.93,true,1,
8717163655764,false,"רקסונה - דאודורנט ספריי לאישה שוואר פרש 150 מ""ל",יוניליוור ישראל שיווק בעמ,,,"י""ח",150,"ל מ""ל",false,1,14.90,9.93,true,1,
8717163663493,false,"רקסונה - דאודורנט ספריי לגבר קובלט דריי 150 מ""ל","יוניליוור ישראל שיווק בע""מ",,,"י""ח",1,"י""ח",false,1,14.90,14.90,true,1,
8717163711668,false,"דאודורנט רקסונה ספריי נשים טלק 150 מ""ל",יוניליוור ישראל שיווק בעמ,,,"י""ח",150,"ל מ""ל",false,1,14.90,9.93,true,1,
8717163947692,false,"אקס ג'ל רחצה לגבר פרש ברגמוט ופינק פפר 400 מ""ל",יוניליוור ישראל שיווק בע`מ,,,"י""ח",400,"ל מ""ל",false,1,9.90,2.48,false,1,
8717644390566,false,דאב סבון מוצק רביעייה- מלפפונים ותה ירו,יוניליוור ישראל שיווק בע`מ,,,"י""ח",400,ל גרם,false,1,14.90,3.73,false,1,
8717677336593,false,טוניס שוקולד חלב 180 גרם רבנות - נוכרי,טוניס/שוקולונלי,,,"י""ח",180,ל גרם,false,1,18.90,10.50,true,1,
8717677336616,false,שוקולד מריר עם שקדים ומלח טוניס' שוקולונלי 180 גרם,טוניס/שוקולונלי,,,"י""ח",180,ל גרם,false,1,18.90,10.50,true,1,
8717677336630,false,שוקולד חלב עם שקדים ודבש טוניס' שוקולונלי 180 גרם,ליימן שליסל בע`מ,,,"י""ח",180,ל גרם,false,1,18.90,10.50,true,1,
8717677336654,false,טוניס - שוקולד חלב מעולה עם שברי קרמל מלוח,ליימן שליסל בע`מ,,,"י""ח",180,ל גרם,false,1,18.90,10.50,true,1,
8717677336661,false,טוניס שוקולד מריר מעולה 70% 180 גרם רבנות - נוכרי,ליימן שליסל בע`מ,,,"י""ח",180,ל גרם,false,1,18.90,10.50,true,1,
8718951031241,false,אלמקס משחת שיניים פרופשיונל 75 מל,ש.שסטוביץ בעמ,,,"י""ח",100,ל גרם,false,1,18.90,18.90,false,1,
8718951079205,false,"קולגייט סנסיטיב פרו רליף רפיר אנד פריוונט 75 מ""ל",קולגייט-פלמוליב,,,"י""ח",75,"ל מ""ל",false,1,18.90,25.20,true,1,
8718951144064,false,מרידול מברשת שיניים פרודונט אקספרט זוג,"ש. שסטוביץ בע""\מ",,,"י""ח",1,,false,1,33.90,33.90,false,1,
8718951166288,false,"משחת שיניים קולגייט מקס וייט 125 מ""ל",הנסיך- מפעל לייצור ט,,,"י""ח",125,"ל מ""ל",false,1,17.90,14.32,false,1,
8718951174153,false,נוזל ניקוי אגקס כלורון לימון 1 ליטר,קארמאן טרים גזיאנטפ,,,"י""ח",1,ליטר,false,1,12.90,12.90,false,1,
8718951236790,false,"קולגייט טוטאל משחת שיניים קלין מינט לפה בריא 100 מ""ל",קולגייט פלמוליב,,,"י""ח",100,"ל מ""ל",false,1,16.90,16.90,true,1,
8718951236806,false,"קולגייט טוטאל הלבנה משחת שיניים המסייעת בהסרת כתמים 100 מ""ל",ש. שסטוביץ בע`מ,,,"י""ח",100,"ל מ""ל",false,1,16.90,16.90,true,1,
8718951236813,false,"קולגייט טוטאל משחת שיניים ניקוי מתקדם לפה בריא יותר 100 מ""ל",קולגייט פלמוליב,,,"י""ח",100,"ל מ""ל",false,1,16.90,16.90,true,1,
8718951240742,false,"קולגייט טוטאל משחת שיניים פסים מרעננים 100 מ""ל",איינשטיין-צור יבוא-יצוא וסחר ב,,,"י""ח",100,"ל מ""ל",false,1,16.90,16.90,true,1,
8718951286733,false,"קולגייט אופטיק וייט לסטינג וייט משחת שיניים 75 מ""ל",ש. שסטוביץ בע`מ,,,"י""ח",256,ל גרם,false,1,26.90,10.51,true,1,
8718951289833,false,פלמוליב סבון מוצק רביעייה לומינוס 360 ג,קולגייט פלמוליב,,,"י""ח",360,ל גרם,false,1,16.90,4.69,true,1,
8718951290150,false,קולגייט שטיפת פה Gum Invigorate,ש.שסטוביץ בעמ,,,"י""ח",500,"ל מ""ל",false,1,29.90,5.98,true,1,
8718951320093,false,זוג מברשות 360 אדוונס וויט שיניים קולגייט,קולגייט-פלמוליב,,,"י""ח",1,,false,1,34.90,34.90,false,1,
8718951338098,false,ליידי ספיד רול און פ,ש.שסטוביץ בעמ,,,"י""ח",50,"ל מ""ל",false,1,14.90,29.80,true,1,
8718951354807,false,נוזל רצפות אגקס חגיגת הפרחים יסמין 1.5 ל,קולגייט פלמוליב,,,"י""ח",1.50,ליטר,false,1,19.90,13.27,true,1,
8718951382640,false,פלמוליב גל רחצה חימר דיטוקס משאבה 750,קולגייט פלמוליב,,,"י""ח",750,"ל מ""ל",false,1,19.90,2.65,true,1,
8718951382718,false,"פלמוליב ג'ל רחצה חימר התחדשות 750 מ""ל",קולגייט פלמוליב,,,"י""ח",750,"ל מ""ל",false,1,19.90,2.65,true,1,
8718951385290,false,אג`קס ניקוי כללי עוצמת ב -7כחול 2 ליטר,קולגייט פלמוליב,,,"י""ח",2,ליטר,false,1,22.90,11.45,false,1,
8718951391284,false,נוזל אנטיבקטריאלי לניקוי כללי ורצפות רעננות הים,קולגייט-פלמוליב,,,"י""ח",1.50,ליטר,false,1,19.90,13.27,false,1,
8718951391314,false,"מרסס אגקס טריגר אנטי בקטריאלי 500 מ""ל",קולגייט פלמוליב,,,"י""ח",500,"ל מ""ל",false,1,10.90,2.18,false,1,
8718951443396,false,"סבון ידיים חלב ודבש פלמוליב מארז 3*300 מ""ל",ש.שסטוביץ בעמ,,,"י""ח",900,"ל מ""ל",false,1,24.90,2.77,false,1,
8718951470538,false,קולגייט משחת שיניים מקס פרש ביטיוב 125*2 כשלפ,קולגייט פלמוליב,,,"י""ח",100,"ל מ""ל",false,1,29.90,29.90,false,1,
8718951497184,false,"פלמוליב סבון נוזלי ים תיכוני 750 מ""ל",ש.שסטוביץ בעמ,,,"י""ח",750,"ל מ""ל",false,1,19.90,2.65,true,1,
8718951497207,false,"פלמוליב סבון נוזלי משאבה 750 מ""ל",ש.שסטוביץ בעמ,,,"י""ח",750,"ל מ""ל",false,1,19.90,2.65,true,1,
8718951509627,false,"קולגייט אופטיק וייט לאוהבי קפה ותה משחת שיניים 75 מ""ל",קולגייט פלמוליב,,,"י""ח",256,ל גרם,false,1,26.90,10.51,true,1,
8719200997998,false,מרגרינה למריחה בישול וטיגון 200 ג' בלו בנד,דיפלומט מפיצים (1968) בעמ**,,,"י""ח",200,ל גרם,false,1,4.50,2.25,false,1,
8719200998001,false,מרגרינה לאפיה ובישול בלי מלח 200 ג' בלו בנד,יוניליוור ישראל מזון בע\,,,"י""ח",200,ל גרם,false,1,4.20,2.10,false,1,
8719200998018,false,מחמאה מרגרינה בטעם חמאה בלובנד 200 גרם,"מיוצר ע""\י יוניליוור ישר",,,"י""ח",200,ל גרם,false,1,4.30,2.15,false,1,
8720181043093,false,"אקס דאודורנט ספריי גוף אפולו 150מ""ל",יוניליוור ישראל שיווק בע`מ,,,"י""ח",150,"ל מ""ל",false,1,11.90,7.93,true,1,
8720181045912,false,"אקס דאודורנט ספריי גוף אפריקה 150 מ""ל",יוניליוור ישראל שיווק בע`מ,,,"י""ח",150,"ל מ""ל",false,1,11.90,7.93,true,1,
8720181046605,false,דאב - דאודורנט ספריי לאישה אורגינל כחול 150מל,"יוניליוור ישראל שיווק בע""מ",,,"י""ח",90,"ל מ""ל",false,1,14.90,16.56,true,1,
8723400756552,false,מארז סוכריות מנטוס Mentos ריינבואו,פרפטי ואן מלה ברדה,,,"י""ח",1,,false,1,11.90,11.90,false,1,
8723400793922,false,מנטוס גליל בטעם דובדבן אריזת רביעיה 150 ג',פרפטי ואן מלה ברדה,,,"י""ח",1,,false,1,11.90,11.90,false,1,
8801055709458,false,אבקה להכנת משקה קפה בטעם קפוצ'ינו קרמל,קבוצת אוסם סחר שותפות מוגבלת,,,"י""ח",170,ל גרם,false,1,18.90,11.12,false,1,
8801055709465,false,אבקה להכנת משקה קפה בטעם קפוצ'ינו וניל,קבוצת אוסם סחר שותפות מוגבלת,,,"י""ח",180,ל גרם,false,1,18.90,10.50,false,1,
8850006331699,false,קולגייט מברשת שינייים סלים סופט שלישיה,קולגייט פלמוליב,,,"י""ח",1,,false,1,29.90,29.90,false,1,
8850161167089,false,קוקו וואי משקה קוקוס 1 ליטר,טויו טייקאן קו.אל.טי.די,,,"י""ח",1,ליטר,false,1,16.90,16.90,true,1,
8850180040028,false,"טמפורה 500 גרם ""מזרח ומערב""",מזרח ומערב יבוא ושיווק,,,"י""ח",500,"ל מ""ל",false,1,10.90,2.18,false,1,
8850389103159,false,"משקה ליצ'י עם חתיכות גלי קוקוס 320 מ""ל מוגו מוגו",סאפה פובליק קומפני לימיט,,,"י""ח",320,"ל מ""ל",false,1,6.90,2.06,true,1,
8850389105825,false,משקה אלוורה בטעם ענבים סאפה 1 ליטר,סאפה פובליק קומפני לימיט,,,"י""ח",1,ליטר,false,1,13,13,false,1,
8850389105832,false,סאפה משקה אלוורה בטעם תפוח עם קוביות אלוורה 1 ליטר,סאפה פובליק קומפני לימיט,,,"י""ח",1,ליטר,false,1,13,13,false,1,
8850389105849,false,סאפה משקה אלוורה מופחת קלוריות בטעם אפרסק 1 ליטר,סאפה פובליק קומפני לימיט,,,"י""ח",1,ליטר,false,1,13,13,false,1,
8850632604259,false,"יוגטה, חיספוסים, ממתק חמוץ בצורת מקלות בטעם תות שדה,50 גרם",ליימן שליסל בע`מ,,,"י""ח",50,ל גרם,false,1,3.50,7,true,1,
8850632604402,false,יוגטה חיספוסים בטעם מעורב תות שדה אבטיח ענבים בננה 50 גרם,ליימן שליסל בע`מ,,,"י""ח",50,ל גרם,false,1,3.50,7,true,1,
8850632606390,false,"יוגטה, חיספוסים, ממתק חמוץ בצורת שטיח בטעם אבטיח, 50 גרם",ליימן שליסל בע`מ,,,"י""ח",50,ל גרם,false,1,3.50,7,true,1,
8857101301008,false,רוטב צילי מתוק וילי 700 מל יצרןמותג: פאן,ג.וילי פוד אינטרנשיונל בעמ,,,"י""ח",700,"ל מ""ל",false,1,9.90,1.41,false,1,
8858271003020,false,רוטב סויה פורמולה 1 - 700 מ'ל מקסצ'אפ,מזרח ומערב יבוא ושיווק,,,"י""ח",700,"ל מ""ל",false,1,16.50,2.36,false,1,
8858271003938,false,רוטב קארי ירוק 250 מ'ל - מקסצ'אפ,מזרח ומערב יבוא ושיווק,,,"י""ח",250,"ל מ""ל",false,1,10.90,4.36,true,1,
8888021200256,false,סוללות אנרג'ייזר AA מקס 8 יחידות,יצרן: אנרג'ייזר סינג,,,"י""ח",1,,false,1,27.90,27.90,true,1,
8888021200720,false,סוללות אנרג'ייזר AAA מקס 8 יחידות,יצרן: אנרג'ייזר סינג,,,"י""ח",1,,false,1,19.90,19.90,false,1,
8888111030053,false,"מיץ אננס SW טבעי מארז 240X4מ""ל פרימיום",בני פאוזי שמשום (2009) בעמ,,,"י""ח",960,"ל מ""ל",false,1,16.90,1.64,true,1,
8888757103005,false,"שמן שומשום טהור 300 מ""ל",אוך אייק גואן פוד אינדוס,,,"י""ח",300,"ל מ""ל",false,1,19,6.33,false,1,
8901537024014,false,"אורז בסמטי מובחר 1 ק""ג - דוואט) יורה דיעה",ג. וילי-פוד אינטרנשיונל בע`מ,,,"י""ח",1,"ק""ג",false,1,13.90,13.90,true,1,
8934878081811,false,"דפי אורז 22 ס""מ 400 גר'(Trav) ללא גלוטן",מזרח ומערב יבוא ושיווק,,,"י""ח",400,ל גרם,false,1,14.90,3.73,true,1,
8938535541366,false,"דפי אורז 22ס""מ צבעוני 400גר ללא גלוטן",מזרח ומערב יבוא ושיווק,,,"י""ח",400,ל גרם,false,1,12.90,3.23,false,1,
8997206332016,false,סוכר קוקוס אורגני 454 גרם אינדונזיה,נטורפוד בעמ,,,"י""ח",454,ל גרם,false,1,20.90,4.60,false,1,
9000101515596,false,קפסולות ג'ל מרוכזות לכביסה צבעונית 56 יח' פרסיל,גורי שיווק בעמ,,,"י""ח",56,"י""ח",false,1,54.90,0.98,true,1,
9000101520965,false,שלישיית סבון אסלה בניחוח מתחלף לוטוס עדין ברף,גורי שיווק בעמ,,,"י""ח",50,"ל מ""ל",false,1,17.90,35.80,false,1,
9000101521436,false,סבון אסלה בניחוח מתחלף לוטוס במבוק 50 ג' ברף,גורי שיווק בעמ,,,"י""ח",50,"ל מ""ל",false,1,9.90,19.80,false,1,
9000101537581,false,פרסיל קאפסולות לכביסה צבעונית 52 יחידו,גורי שיווק בעמ,,,"י""ח",26,"י""ח",false,1,54.90,2.11,true,1,
9001616202131,false,זוג מוצצי מיניבנים 0-6 עיגולים סיליקון,אלפא קוסמטיקה בעמ,,,"י""ח",1,,false,1,34.90,34.90,false,1,
9001616202155,false,מוצץ לתינוק אולטי סיליקון ללא ביספנול 16+ מאם,אלפא קוסמטיקה בעמ,,,"י""ח",1,,false,1,34.90,34.90,false,1,
9001616202360,false,זוג מוצצי סיליקון זוהר בחושך 6+ חודשים Original Night,אלפא קוסמטיקה בעמ,,,"י""ח",1,,false,1,34.90,34.90,false,1,
9001616202377,false,מאם מוצצים סיליקון 0-6 לילה זוהרים תכלת,אלפא קוסמטיקה בעמ,,,"י""ח",1,,false,1,34.90,34.90,false,1,
9001616203305,false,זוג פטמות X לבקבוק 6+ חודשים,אלפא קוסמטיקה בעמ,,,"י""ח",260,"ל מ""ל",false,1,33,12.69,false,1,
9001616702655,false,זוג מוצצים בנות מיני אולטי מאמ סיליקון,אלפא קוסמטיקה בעמ,,,"י""ח",1,,false,1,34.90,34.90,false,1,
9001616702969,false,"בקבוק 270מ""ל ללא חלקים מתפרקים ורוד",אלפא קוסמטיקה בעמ,,,"י""ח",260,"ל מ""ל",false,1,38.90,14.96,false,1,
9001616703010,false,"בקבוק 330מ""ל ללא חלקים מתפרקים",אלפא קוסמטיקה בעמ,,,"י""ח",260,"ל מ""ל",false,1,38.90,14.96,false,1,
9001616813856,false,מוצצי +6 יום לילה מארז שלישיה,אלפא קוסמטיקה,,,"י""ח",1,,false,1,34.90,34.90,false,1,
9001616820687,false,זוג מוצצי סיליקון לילה 6+ורוד מאט,אלפא קוסמטיקה,,,"י""ח",1,,false,1,34.90,34.90,false,1,
9002975393836,false,סוכריות גילי הריבו האפי קולה 70 גרם,"האריבו , ג'\י.אם.בי.אייץ",,,"י""ח",70,ל גרם,false,1,6.90,9.86,true,1,
9044400851672,false,סוכריות פז סוגים שונים + 3 מילויים,ר.ב. מוצרי דגנים בעמ,,,"י""ח",25.50,ל גרם,false,1,11.90,46.67,false,1,
9310072028743,false,טים טם ביסקוויט במילוי שוקולד 200 גרם,"ארנוטס ביסקוויטס בע""",,,"י""ח",200,ל גרם,false,1,20.90,10.45,true,1,
9310072028750,false,חטיף שוקולד דאבל קרם טים טם (200 גרם),"ארנוטס ביסקוויטס בע""",,,"י""ח",200,ל גרם,false,1,20.90,10.45,true,1,
9720188050109,false,ממרח על בסיס סויה בסגנון גבינה טופוטי 225 גרם,*החברה המרכזית להפצת משקאותבעמ,,,"י""ח",227,ל גרם,false,1,21.10,9.30,false,1,
9771565025005,false,עיתון מעריב סוף השבוע,ג רוזלם פוסט בעמ,,,"י""ח",1,,false,1,6,6,true,1,
9771565051066,false,עיתון ידיעות אחרונות,ידיעות אחרונות בעמ,,,"י""ח",1,,false,1,20,20,true,1,
9843022871156,false,נר הבדלה דקורטיבי,צבע ומכחול (2014) בעמ,,,"י""ח",1,"י""ח",false,1,19.90,19.90,false,1,
9843022871972,false,מארז 6 כוסיות לנרונים ללא רגל,צבע ומכחול (2014) בעמ,,,"י""ח",1,,false,1,19.90,19.90,false,1,
