code,internal_code,name,manufacturer_name,manufacture_country,manufacturer_item_description,unit_qty,quantity,unit_of_measure,weighted,qty_in_package,price,unit_of_measure_price,allow_discount,status,item_id
40111216,false,חטיף באונטי 57 גרם,מרס,NL,חטיף באונטי,גרמים,57.00,100 גרם,false,0,3.90,6.84,true,1,
42182108,false,מסטיק פייב פפרמינט סטי40,ריגלי צרפת,FR,מסטיק פייב סטיקס,גרמים,40.00,100 גרם,false,0,6.80,17.00,true,1,
42188889,false,מסטיק פייב אבטיח סטיקס40,ריגלי צרפת,FR,מסטיק 5 אבטיח,גרמים,40.00,100 גרם,false,0,6.80,17.00,true,1,
46024817,false,נקסט חפיסה,פיליפ מוריס,,נקסט יח',יחידה,1.00,יחידה,false,0,29.50,29.50,false,1,
46024824,false,נקסט חפיסה,פיליפ מוריס,,נקסט יח',יחידה,1.00,יחידה,false,0,29.50,29.50,false,1,
46026491,false,פרלמנט סופר סלימס חפ.,פיליפ מוריס,,פרלמנט חפיסה,יחידה,1.00,יחידה,false,0,39.50,39.50,false,1,
50312351,false,חטיף קדבורי פלייק 32 גרם,מונדלייז,IE,חטיף קדבורי,גרמים,32.00,100 גרם,false,1,4.90,15.31,true,1,
50398904,false,"קרם חמצן6% בקבוק 60 מ""ל",גדעון קוסמטיקס,IL,קרם חמצן 6%,מיליליטרים,60.00,"100 מ""ל",false,0,5.00,8.33,true,1,
54079021,false,"סן ברנרדוס אבט 330 מ""ל",דובל מורטגט,BE,סן ברנרדוס אבט,מיליליטרים,330.00,"100 מ""ל",false,1,16.80,5.09,true,1,
59039549,false,ווג פריזון מנטול חפיסה,bat,PL,ווג פריזון מנטול,יחידה,1.00,יחידה,false,0,36.50,36.50,false,1,
72917367,false,חטיף טעמי 40 גרם,עלית,IL,חטיף טעמי,גרמים,40.00,100 גרם,false,0,3.90,9.75,true,1,
72917893,false,וופל פסק זמן חלב 45 גרם,עלית,IL,פסק זמן חלב,גרמים,45.00,100 גרם,false,0,4.90,10.89,true,1,
72940761,false,"מילקי בטעם שוקולד 170מ""ל","שטראוס גרופ בע""\מ",IL,מילקי טעם שוקולד,מיליליטרים,170.00,"100 מ""ל",false,0,2.90,1.71,true,1,
72940952,false,"מילקי אקסטרה קצפת 170מ""ל","שטראוס גרופ בע""\מ",IL,מילקי אקסטרה,מיליליטרים,170.00,"100 מ""ל",false,0,3.90,2.29,true,1,
72963104,false,חמאה 100 גרם,תנובה,IL,חמאה,גרמים,100.00,100 גרם,false,0,3.94,3.94,true,1,
72964132,false,פרילי טבע גרנולה 200 גרם,מחלבת אלון תבור,IL,פרילי טבע גרנולה,גרמים,200.00,100 גרם,false,0,5.00,2.50,true,1,
72964422,false,"יוגורט תנובה 4.5% 200מ""ל",תנובה,IL,יוגורט תנובה4.5%,מיליליטרים,200.00,"100 מ""ל",false,0,2.70,1.35,true,1,
72986455,false,גלידת שוקולד פאדג'אגוזים,מוצרי איכות אמריקאיים בע,IL,גלידה בן & ג'ר,מיליליטרים,500.00,"100 מ""ל",false,0,19.90,3.98,true,1,
72991374,false,טיים RED יחידה,,IL,טיים RED יחידה,יחידה,1.00,יחידה,false,0,28.00,28.00,false,1,
72991886,false,גלידת דולצ'ה דה לצ'ה,מוצרי איכות אמריקאיים בע,IL,גלידה בן & ג'ר,מיליליטרים,500.00,"100 מ""ל",false,0,19.90,3.98,true,1,
72993477,false,ל.מ וייב סלימס חפיסה,פיליפ מוריס,,ל.מ וייב חפ.,יחידה,1.00,יחידה,false,0,31.00,31.00,false,1,
72993927,false,נקסט 100 חפיסה,פיליפ מוריס,,נקסט 100 חפיסה,יחידה,1.00,יחידה,false,0,29.50,29.50,false,1,
72994269,false,מרלבורו גולד טאצ' חפיסה,פיליפ מוריס,,מרלבורו גולד חפ.,יחידה,1.00,יחידה,false,0,33.00,33.00,false,1,
72994276,false,מרלבורו פיין טאצ' חפיסה,פיליפ מוריס,,מרלבורו פיין חפ.,יחידה,1.00,יחידה,false,0,33.00,33.00,false,1,
76136184,false,פאל מאל סופר סלים בלו חפ,bat,CH,פאל מאל חפיסה,יחידה,1.00,יחידה,false,0,28.50,28.50,false,1,
78009226,false,דאו.דאב סטיק אורגינל50ג,יוניליוור,PH,דאו.דאב,גרמים,50.00,100 גרם,false,0,14.90,29.80,true,1,
80176800,false,נוטלה ממרח שוקולד 750 גר,פררו,IT,ממרח נוטלה,גרמים,750.00,100 גרם,false,0,25.90,3.45,true,1,
80177173,false,ממרח נוטלה 350 גרם,פררו,IT,ממרח נוטלה,גרמים,350.00,100 גרם,false,0,14.90,4.26,true,1,
80761761,false,קינדר בואנו לבן 19.5*2גר,פררו,PL,קינדר בואנו לבן,גרמים,39.00,100 גרם,false,0,4.00,10.26,true,1,
80769699,false,מנטוס וויט פירות מנטה60ג,פרפטי ואן מלה,TR,מנטוס וויט,גרמים,60.00,100 גרם,false,0,9.90,16.50,true,1,
80850885,false,מנטוס וויט מנטה עדינה60ג,פרפטי ואן מלה,TR,מנטוס וויט,גרמים,60.00,100 גרם,false,0,9.90,16.50,true,1,
80974482,false,ביצת קינדר ג'וי כחול20גר,פררו,ZA,ביצת הפתעה קינדר,גרמים,20.00,100 גרם,false,0,5.90,29.50,true,1,
90087974,true,"חומץ תפוחי עץ 750 מ""ל",GMBH FRUCHTSAFTE RAUCH,AT,חומץ תפוחי עץ,מיליליטרים,750.00,"100 מ""ל",false,0,13.90,1.85,true,1,
11210006508,false,"טבסקו אקסטרה חריף 60 מ""ל",ניצן,US,טבסקו אקסטרה,מיליליטרים,60.00,"100 מ""ל",false,0,15.70,26.17,true,1,
35000689535,false,2 קולגייט מקס וייט סופט,"ש. שסטוביץ בע""\מ",CN,מברשות שיניים2X,יחידה,1.00,יחידה,false,0,19.90,19.90,true,1,
38000138416,false,פרינגלס אורגינל 149 גרם,פרינגלס מנופקצ'ורינג קונ,US,פרינגלס אורגינל,גרמים,149.00,100 גרם,false,1,8.90,5.97,true,1,
38000138720,false,פרינגלס ראנץ 158 גרם,פרינגלס מנופקצ'ורינג קונ,US,פרינגלס ראנץ,גרמים,158.00,100 גרם,false,1,8.90,5.63,true,1,
38000845246,false,פרינגלס מידי אורגינל67ג,פרינגלס מנופקצ'ורינג קונ,US,פרינגלס אורגינל,גרמים,67.00,100 גרם,false,1,5.50,8.21,true,1,
38000845253,false,פרינגלס מידי שמנת בצל71ג,פרינגלס מנופקצ'ורינג קונ,US,פרינגלס שמנת בצל,גרמים,71.00,100 גרם,false,1,5.50,7.75,true,1,
46214731552,false,עוגיות שוקולד צ'יפס225גר,מרבה,NL,עוגיות ש.צ'יפס,גרמים,225.00,100 גרם,false,0,9.90,4.40,true,1,
76840400027,false,גלידה בטעם שוקולד,מוצרי איכות אמריקאיים בע,IL,גלידת בן & ג'ר,מיליליטרים,500.00,"100 מ""ל",false,0,19.90,3.98,true,1,
77975088210,false,שברי בייגל גבינת צ'דר340,סניידרס,US,שברי בייגל,גרמים,340.00,100 גרם,false,0,16.90,4.97,true,1,
77975092491,false,מקלוני חיטה+צ'יה וקינואה,סניידרס,US,מקלוני חיטה,גרמים,340.00,100 גרם,false,1,16.90,4.97,true,1,
79400461704,false,שמפו אקס לגבר2ב1מנטה473מ,יוניליוור,IL,שמפו אקס,מיליליטרים,473.00,"100 מ""ל",false,1,15.90,3.36,true,1,
96086000775,false,עוגיות מצה עשירה 400 גרם,מצות אביב 2014 מאפה בעמ,IL,עוגיות מצה עשירה,גרמים,400.00,100 גרם,false,0,11.90,2.98,true,1,
645173911038,false,מלפפונים קורנישונים670גר,קלמן אינדיה פי וי סי,IN,מלפפ.קורנישונים,גרמים,670.00,100 גרם,false,0,8.50,1.27,true,1,
645692555935,false,עוג.מצה עשירה מדליון400ג,"אחים פפושדו ובניהם בע""\מ",IL,עוג.מצה מדליון,גרמים,400.00,100 גרם,false,0,11.90,2.98,true,1,
645692555942,false,עוג.מצה עשירה יינית 400ג,"אחים פפושדו ובניהם בע""\מ",IL,עוג.מצה עשירה,גרמים,400.00,100 גרם,false,0,11.90,2.98,true,1,
835811002215,false,מאפינס צבעוני מס 4 200 י,,IL,מאפינס צבעוני,יחידה,1.00,יחידה,false,1,12.90,12.90,true,1,
835811002246,false,מאפינס צבעוני מס 2 200 י,,IL,מאפינס צבעוני,יחידה,1.00,יחידה,false,1,8.90,8.90,true,1,
3014260100667,false,מברשת השיניים לילדים3-5,פרוקטר & גמבל,IE,מברשת השיניים,יחידה,1.00,יחידה,false,1,11.90,11.90,true,1,
3014260836665,false,מברשת אורל בי פרו אקספרט,פרוקטר & גמבל,ES,מברשת אורל בי,יחידה,1.00,יחידה,false,1,27.90,27.90,true,1,
3059944025003,false,20רצועות שעווה לעור רגיל,רקיט בנקיזר,FR,20רצועות שעווה,יחידה,1.00,יחידה,false,1,49.90,49.90,true,1,
3141360054405,false,פיניש מפיץ ריח לימון,רקיט בנקיזר,HU,מפיץ ריח למדיח,יחידה,1.00,יחידה,false,1,16.90,16.90,true,1,
3574661432847,false,ג'ונסון מרכך הקץ לקש500,ג'ונסון,IT,ג'ונסון מרכך הקץ,מיליליטרים,500.00,"100 מ""ל",false,1,23.90,4.78,true,1,
3574669908948,false,ג'ונסון אל סבון עדין750מ,ג'ונסון,IT,ג'ונסון אל סבון,מיליליטרים,750.00,"100 מ""ל",false,1,22.90,3.05,true,1,
3600522550129,false,ק.יום45 אייג ספשיאליסט50,"קרלסרו, גרמניה",DE,קרם יום,מיליליטרים,50.00,"100 מ""ל",false,1,49.90,99.80,true,1,
3600523193158,false,ספריי לצביעה מג'יק חום75,ליברמו,BE,ספריי לצביעה שיע,מיליליטרים,75.00,"100 מ""ל",false,1,34.90,46.54,true,1,
3600531411114,false,שפתון סופר סטיי מאט205,,IL,שפתון סופר סטיי,יחידה,1.00,יחידה,false,1,43.90,43.90,true,1,
3600540308641,false,צבע קולור נטורלס בלונד 6,קוסמפול,PL,צבע לשיער גרנייה,יחידה,1.00,יחידה,false,0,17.90,17.90,true,1,
3600541414051,false,דאודורנט רול אינביזי פרש,קוסמופול,PL,דאו.גרנייה,מיליליטרים,50.00,"100 מ""ל",false,0,9.90,19.80,true,1,
3600541928275,false,CLEANSING MICELAR מים,קוסמפול,PL,MICELAR מים,מיליליטרים,400.00,"100 מ""ל",false,1,30.00,7.50,true,1,
3600542017336,false,דאודורנט רול אינביזי פרש,---,FR,דאו.גרנייה,מיליליטרים,50.00,"100 מ""ל",false,1,9.90,19.80,true,1,
3600542168687,false,מסכה מתקלפת לניקוי 50 מל,גואנגזו,FR,מסכה מתקלפת,מיליליטרים,50.00,"100 מ""ל",false,1,34.90,69.80,true,1,
3607347320449,false,ג'ל רחצה אדידס אנרגי 400,COLEPCCL,ES,ג'ל רחצה אדידס,מיליליטרים,700.00,"100 מ""ל",false,1,10.00,1.43,true,1,
3838824127224,false,צבע סמי קיט 4-0חום בינונ,הנקל סוד,SI,צבעי שיער פלטה,יחידה,1.00,יחידה,false,0,21.90,21.90,true,1,
4005900037909,false,דאו.ניוואה איניויסיבל150,ביירסדורץ,IL,דאודורנט ניוואה,מיליליטרים,150.00,"100 מ""ל",false,0,15.90,10.60,true,1,
4009900013581,false,מסטיק סטיקס ספירמינט 5יח,ריגלי צרפת,FR,מסטיק סטיקס,גרמים,65.00,100 גרם,false,0,9.90,15.23,true,1,
4009900385824,false,מסטיק סטיקס פפרמינט 5 יח,ריגלי צרפת,FR,מסטיק סטיקס,גרמים,65.00,100 גרם,false,0,9.90,15.23,true,1,
4014400901191,false,בונבוניירה מרסי 250 גרם,שטורק,DE,בונבוניירת מרסי,גרמים,250.00,100 גרם,false,0,19.90,7.96,true,1,
4014400923711,false,טופיפי 125 גרם,שטורק,DE,טופיפי,גרמים,125.00,100 גרם,false,1,10.00,8.00,true,1,
4015400564454,false,68מגני תח.אולוייז מגה L,פרוקטר אנד גמבל,DE,מגן תחתון אולויז,יחידה,1.00,יחידה,false,0,19.90,19.90,true,1,
4015400681670,false,18תחב.אולוייז לילה בטוח,פרוקטר אנד גמבל,UA,תחבושות אולוייז,יחידה,1.00,יחידה,false,0,19.90,19.90,true,1,
4015400731719,false,20 תח.אולוייז דואו לילה,פרוקטר אנד גמבל,UA,תחבושות אולוייז,יחידה,1.00,יחידה,false,1,19.90,19.90,true,1,
4015400755241,false,28תח.אולוייז דואו נורמל+,פרוקטר אנד גמבל,UA,תחבושות אולוייז,יחידה,1.00,יחידה,false,1,19.90,19.90,true,1,
4015600763251,false,שמפו הד&שולדרס קלאסי 600,פרוקטר אנד גמבל,RO,שמפו הד&שולדרס,מיליליטרים,600.00,"100 מ""ל",false,0,23.90,3.98,true,1,
4015600763459,false,שמפו הד&שולדרס תפוח 600,פרוקטר אנד גמבל,RO,שמפו הד&שולדרס,מיליליטרים,600.00,"100 מ""ל",false,0,23.90,3.98,true,1,
4015600807436,false,דאו.ג'ל PB-CW-,פרוקטר אנד גמבל,US,דאודורנט ג'ל,מיליליטרים,75.00,"100 מ""ל",false,0,19.90,26.53,true,1,
4033100014499,false,אל די כחול חפיסה,jti,TR,אל די כחול חפיסה,יחידה,1.00,יחידה,false,0,26.50,26.50,false,1,
4033100014529,false,אל די סלימס חפיסה,jti,TR,אל די סלימס חפ.,יחידה,1.00,יחידה,false,0,26.50,26.50,false,1,
4033100024252,false,ווינסטון קוד אקווה חפיסה,jti,CH,סיגריות ווינסטון,יחידה,1.00,יחידה,false,0,31.50,31.50,false,1,
4053700288205,false,קרם להסרת שיער רגיש100מל,רקיט בנקיזר,FR,קרם להסרת שיער,מיליליטרים,100.00,"100 מ""ל",false,0,19.90,19.90,true,1,
4072700003649,false,בירה פרנסיסקאנר,,DE,בירה פרנסיסקאנר,מיליליטרים,500.00,"100 מ""ל",false,0,12.90,2.58,true,1,
4084500088917,false,פיירי לכלים לימון650מל,פרוקטר אנד גמבל,GB,פיירי נוזל לכלים,מיליליטרים,650.00,"100 מ""ל",false,0,10.90,1.68,true,1,
4084500371453,false,"אבקת כביסה טייד 8 ק""ג",פרוקטר אנד גמבל,TR,אבקת כביסה טייד,קילוגרמים,8.00,"ק""ג",false,0,44.90,5.61,true,1,
4101730040024,false,שוקולד פיסטוק מוצרט100ג,רבר,DE,שוקולד מוצרט,גרמים,100.00,100 גרם,false,1,10.00,10.00,true,1,
4101730040048,false,שוקולד נוגט מוצרט 100גרם,רבר,DE,שוקולד מוצרט,גרמים,100.00,100 גרם,false,1,10.00,10.00,true,1,
4603400000043,false,וודקה רוסקי,,RU,וודקה רוסקי,מיליליטרים,700.00,"100 מ""ל",false,0,59.90,8.56,true,1,
4710964104916,false,שמן שומשום,,TW,שמן שומשום,מיליליטרים,370.00,"100 מ""ל",false,0,19.90,5.38,true,1,
4800888150080,false,דאו.דאב רול און ירוק 50,יוניליוור,PH,דאודורנט דאב,מיליליטרים,50.00,"100 מ""ל",false,0,19.90,39.80,true,1,
5000127163195,false,קלוג'ס ספיישל K 500 גרם,קלוג'ס,GB,קלוג'ס ספיישלK,גרמים,500.00,100 גרם,false,0,24.90,4.98,true,1,
5000159376792,false,סוכריות סקיטלס חמוץ 38 ג,ריגלי ממתקים,CZ,סוכריות סקיטלס,גרמים,38.00,100 גרם,false,0,2.90,7.63,true,1,
5000204114980,false,גלייד ארוסול אודיסאה300מ,---,NL,גלייד ארוסול,מיליליטרים,300.00,"100 מ""ל",false,1,9.30,3.10,true,1,
5014271330426,false,מעדן אוכמניות כחולות284ג,סאן דלפור - שמבור,FR,מעדן אוכמניות,גרמים,284.00,100 גרם,false,0,18.90,6.65,true,1,
5014271360423,false,מעד.תפוז ללא תוס.סוכר284,סאן דלפור - שמבור,FR,מעדן תפוזים,גרמים,284.00,100 גרם,false,0,18.90,6.65,true,1,
5014271370422,false,מעדן אפרסק 284 גרם,סאן דלפור - שמבור,FR,מעדן אפרסקים,גרמים,284.00,100 גרם,false,0,18.90,6.65,true,1,
5014271400426,false,מעדן תות שדה 284 גרם,סאן דלפור - שמבור,FR,מעדן תות שדה,גרמים,284.00,100 גרם,false,0,18.90,6.65,true,1,
5024546366609,false,וויסקי לאודרס,,GB,וויסקי לאודרס,מיליליטרים,700.00,"100 מ""ל",false,0,74.90,10.70,true,1,
5035766044772,false,סיידר תפוח 4 יח,,BE,סיידר תפוח 4 יח,ליטרים,1.32,ליטר,false,0,24.90,18.86,true,1,
5053827193849,false,דגני צעצוע של סיפור350ג,קלוג'ס,PL,דגני ילדים דיסני,גרמים,350.00,100 גרם,false,1,14.90,4.26,true,1,
5201004020338,false,גלילי וופל רולס קלאסי400,א.ג פאפאגופולוס,GR,גלילי וופל קפריס,גרמים,400.00,100 גרם,false,1,19.90,4.98,true,1,
5201347400545,false,ויט 20רצועות שעווה לפנים,רקיט בנקיזר,FR,רצועות שעווה ויט,יחידה,1.00,יחידה,false,0,29.90,29.90,true,1,
5202300043007,false,קולסטון 7/7 חום שטני,פרוקטר & גמבל,DE,קולסטון שפופרת,יחידה,1.00,יחידה,false,0,16.90,16.90,true,1,
5202300043144,false,קולסטון 9/0 בלונד בהיר מ,פרוקטר & גמבל,DE,קולסטון שפופרת,יחידה,1.00,יחידה,false,0,16.90,16.90,true,1,
5202300043274,false,קולסטון 8/1 בלונד אפרפר,פרוקטר & גמבל,DE,קולסטון שפופרת,יחידה,1.00,יחידה,false,0,16.90,16.90,true,1,
5410103161518,false,ACTIVE TRIPLE קרם לחות,"קרלסרו, גרמניה",DE,קרם לחות,מיליליטרים,50.00,"100 מ""ל",false,0,39.90,79.80,true,1,
5410126106183,false,ביסקוויט לוטוס ארוז 50יח,לוטוס ביקרי,BE,ביסקוויט לוטוס,גרמים,312.00,100 גרם,false,0,16.80,5.38,true,1,
5410228144755,false,בירה סטלה ארטואה 330*6מל,מבשלות בירה בינלאומיות ב,IL,בירה סטלה 6 יח',ליטרים,1.98,ליטר,false,0,34.90,17.63,true,1,
5411081003654,false,בירה קסטיל רוז',,BE,בירה קסטיל רוז',מיליליטרים,330.00,"100 מ""ל",false,0,12.90,3.91,true,1,
5601036205558,false,אקסלנס חום כהה מס4',ליברמו,BE,צבע שיער אקסלנס,יחידה,1.00,יחידה,false,0,31.90,31.90,true,1,
5601036205596,false,אקסלנס חום זהוב מס5.3',ליברמו,BE,צבע לשיער אקסלנס,יחידה,1.00,יחידה,false,0,31.90,31.90,true,1,
5601036205671,false,אקסלנס בלונד זהוב מס7.3',ליברמו,BE,צבע לשיער אקסלנס,יחידה,1.00,יחידה,false,0,31.90,31.90,true,1,
5601036205688,false,אקסלנס בלונד בהיר מס8',ליברמו,BE,צבע לשיער אקסלנס,יחידה,1.00,יחידה,false,0,31.90,31.90,true,1,
5740900403253,false,ממרח  לורפק עם מלח 500 ג,ארלה פודס אמבה,DK,ממרח לורפק,גרמים,500.00,100 גרם,false,1,28.90,5.78,true,1,
5900020026552,false,האני נאט צ'יריוס 625גרם,סי. פי. צרפת,FR,האני נאט צ'יריוס,גרמים,625.00,100 גרם,false,1,25.90,4.14,true,1,
5900907000583,false,מלפפונים שלמים בחומץ900ג,סגל דברים טובים,PL,מלפפונים בחומץ,גרמים,900.00,100 גרם,false,0,14.90,1.66,true,1,
5902198160403,false,משקה אנרגיה TEN XL,"טמפו משקאות בע""\מ",IL,משקה אנרגיה,מיליליטרים,250.00,"100 מ""ל",false,1,4.00,1.60,true,1,
5904941751920,false,בלו דיי משקה אנרגיה250מ,אקו ביט,PL,בלו דיי משקה,מיליליטרים,250.00,"100 מ""ל",false,0,3.70,1.48,true,1,
5906485301012,false,משקה אנרגיה XL,,IL,משקה אנרגיה XL,מיליליטרים,250.00,"100 מ""ל",false,0,4.00,1.60,true,1,
7038516140357,false,4מברשת ג'ורדן טוטל סופט,קלרו,NO,מברשת שיניים,יחידה,1.00,יחידה,false,0,10.00,10.00,true,1,
7290000000022,true,עגבניה,קטיף.,IL,עגבניה,קילוגרמים,0.00,"ק""ג",true,0,4.90,4.90,true,1,
7290000000046,true,מלפפון,קטיף.,IL,מלפפונים,קילוגרמים,0.00,"ק""ג",true,0,5.90,5.90,true,1,
7290000000053,true,קישואים,קטיף.,IL,קישואים,קילוגרמים,0.00,"ק""ג",true,0,7.90,7.90,true,1,
7290000000084,true,פלפל ירוק בהיר,שותפות מזרחי,IL,פלפל ירוק בהיר,קילוגרמים,0.00,"ק""ג",true,0,7.90,7.90,true,1,
7290000000091,true,פלפל אדום,קטיף.,IL,פלפל אדום,קילוגרמים,0.00,"ק""ג",true,0,7.90,7.90,true,1,
7290000000114,true,חציל,קטיף.,IL,חצילים,קילוגרמים,0.00,"ק""ג",true,0,5.90,5.90,true,1,
7290000000121,true,גזר ארוז,קטיף.,IL,גזר ארוז,קילוגרמים,0.00,"ק""ג",true,0,3.90,3.90,true,1,
7290000000138,true,כרוב לבן,קטיף.,IL,כרוב לבן,קילוגרמים,0.00,"ק""ג",true,0,3.90,3.90,true,1,
7290000000145,true,כרוב אדום,קטיף.,IL,כרוב אדום,קילוגרמים,0.00,"ק""ג",true,0,4.90,4.90,true,1,
7290000000169,true,כרוב סיני יחידה,קטיף.,IL,כרוב סיני יחידה,יחידה,1.00,יחידה,false,0,6.90,6.90,true,1,
7290000000176,true,כרובית,קטיף.,IL,כרובית,קילוגרמים,0.00,"ק""ג",true,0,9.90,9.90,true,1,
7290000000183,true,סלק,קטיף.,IL,סלק,קילוגרמים,0.00,"ק""ג",true,0,4.90,4.90,true,1,
7290000000190,true,לפת,קטיף.,IL,לפת,קילוגרמים,0.00,"ק""ג",true,0,6.90,6.90,true,1,
7290000000220,true,קולורבי,קטיף.,IL,קולורבי,קילוגרמים,0.00,"ק""ג",true,0,6.90,6.90,true,1,
7290000000282,true,חסה ערבית יחידה,---,IL,חסה ערבית,יחידה,1.00,יחידה,false,0,3.90,3.90,true,1,
7290000000411,true,שום מארז יחידה,קטיף.,XX,שום מארז יחידה,יחידה,1.00,יחידה,false,0,7.90,7.90,true,1,
7290000000428,true,בטטה מובחר,קטיף.,IL,בטטה,קילוגרמים,0.00,"ק""ג",true,0,8.90,8.90,true,1,
7290000000435,true,סלרי עלים יחידה,---,IL,סלרי עלים,יחידה,1.00,יחידה,false,0,5.90,5.90,true,1,
7290000000466,true,בצל ירוק יחידה,---,IL,בצל ירוק,יחידה,1.00,יחידה,false,0,4.90,4.90,true,1,
7290000000480,true,בצל יבש,קטיף.,IL,בצל יבש,קילוגרמים,0.00,"ק""ג",true,0,4.90,4.90,true,1,
7290000000503,true,תפוח אדמה קטן ארוז,קטיף.,IL,"תפו""א קטן ארוז",קילוגרמים,0.00,"ק""ג",true,0,4.90,4.90,true,1,
7290000000510,true,פטרוזיליה יחידה,---,IL,פטרוזיליה,יחידה,1.00,יחידה,false,0,3.90,3.90,true,1,
7290000000527,true,שמיר  יחידה,---,IL,שמיר,יחידה,1.00,יחידה,false,0,3.90,3.90,true,1,
7290000000541,true,שורש יחידה,---,IL,שורש,יחידה,1.00,יחידה,false,0,5.90,5.90,true,1,
7290000000558,true,כוסברה יחידה,---,IL,כוסברה,יחידה,1.00,יחידה,false,0,3.90,3.90,true,1,
7290000000565,true,נענע יחידה,---,IL,נענע,יחידה,1.00,יחידה,false,0,3.90,3.90,true,1,
7290000000572,true,שומר,קטיף.,IL,שומר,קילוגרמים,0.00,"ק""ג",true,0,6.90,6.90,true,1,
7290000000589,true,תפוח אדמה ירושלמי,קטיף.,IL,תפוא ירושלמי,קילוגרמים,0.00,"ק""ג",true,0,14.90,14.90,true,1,
7290000000619,true,פלפל חריף,שותפות מזרחי,IL,פלפל חריף,קילוגרמים,0.00,"ק""ג",true,0,9.90,9.90,true,1,
7290000000633,true,עירית יחידה,---,IL,עירית יחידה,יחידה,1.00,יחידה,false,0,5.50,5.50,true,1,
7290000000701,true,פטריות למילוי,קטיף.,IL,פטריות למילוי,קילוגרמים,0.00,"ק""ג",true,0,34.90,34.90,true,1,
7290000000732,true,דלורית,קטיף.,IL,דלורית,קילוגרמים,0.00,"ק""ג",true,0,4.90,4.90,true,1,
7290000000794,true,גבעולי סלרי יחידה,יראון עבודות חקלאיות,IL,גבעולי סלרי,יחידה,1.00,יחידה,false,0,5.90,5.90,true,1,
7290000000848,true,תירס קלוף ארוז,קטיף.,IL,תירס קלוף ארוז,קילוגרמים,0.00,"ק""ג",true,0,12.90,12.90,true,1,
7290000000855,true,פלפל צהוב,קטיף.,IL,פלפל צהוב,קילוגרמים,0.00,"ק""ג",true,0,7.90,7.90,true,1,
7290000001036,true,בצל יבש אדום,קטיף.,XX,בצל יבש אדום,קילוגרמים,0.00,"ק""ג",true,0,5.90,5.90,true,1,
7290000001104,true,פטריות חורש יחידה,קטיף.,IL,פטריות חורש,יחידה,1.00,יחידה,false,0,9.90,9.90,true,1,
7290000001616,true,כוסברה כשר יחידה,קטיף.,IL,כוסברה כשר-יח',יחידה,1.00,יחידה,false,0,7.90,7.90,true,1,
7290000001692,true,תפוח אדמה אדום ארוז,קטיף.,IL,תפוא אדום ארוז,קילוגרמים,0.00,"ק""ג",true,0,4.90,4.90,true,1,
7290000001715,true,תפוח אדמה לבן ארוז,קטיף.,IL,תפוח אדמה לבן,קילוגרמים,0.00,"ק""ג",true,0,3.90,3.90,true,1,
7290000001722,true,תפוח אדמה אדום תפזורת,קטיף.,IL,"תפו""א אדום תפז'",קילוגרמים,0.00,"ק""ג",true,0,5.90,5.90,true,1,
7290000002026,true,לחם אחיד 750 גרם,מאפית ברמן,IL,לחם אחיד,גרמים,750.00,100 גרם,false,0,5.00,0.67,true,1,
7290000002040,true,חלה רגילה 500 גרם,מאפית ברמן,IL,חלה רגילה,גרמים,500.00,100 גרם,false,0,5.17,1.03,true,1,
7290000024523,false,תירוש של סגל 1 ליטר,יינות סגל,IL,תירוש של סגל,ליטרים,1.00,ליטר,false,0,12.90,12.90,true,1,
7290000034256,false,ביסקוויט תירוש 175 גרם,מגדנית הדר,IL,ביסקוויט תירוש,גרמים,175.00,100 גרם,false,0,5.90,3.37,true,1,
7290000041858,false,שמנת חמוצה15% מועשרת200,מחלבת יטבתה,IL,שמנת חמוצה יטבתה,מיליליטרים,200.00,"100 מ""ל",false,0,2.40,1.20,true,1,
7290000042008,false,חלב מפוסטר 3%שקית 1 ל',תנובה,IL,חלב 3% בשקית,ליטרים,1.00,ליטר,false,0,5.17,5.17,true,1,
7290000042022,false,חלב על הבוקר1%קרט+.פקק1ל,תנובה,IL,חלב על הבוקר 1%,ליטרים,1.00,ליטר,false,0,8.00,8.00,true,1,
7290000042244,false,חלב 3% שומן בכד 2 ליטר,תנובה,IL,חלב 3% כד 2 ליטר,ליטרים,2.00,ליטר,false,0,11.88,5.94,true,1,
7290000042435,false,חלב מפוסטר 1% בקרטון 1 ל,תנובה,IL,חלב %1 בקרטון,ליטרים,1.00,ליטר,false,0,5.59,5.59,true,1,
7290000042442,false,חלב מפוסטר 3% בקרטון 1 ל,תנובה,IL,חלב תנובה 3%,ליטרים,1.00,ליטר,false,0,5.94,5.94,true,1,
7290000042855,false,"שוקו בשקית יוטבתה 225מ""ל",יטבתה,IL,שוקו בשקית,מיליליטרים,225.00,"100 מ""ל",false,0,2.50,1.11,true,1,
7290000043111,false,חמאה 200 גרם,תנובה,IL,חמאה תנובה,גרמים,200.00,100 גרם,false,0,7.88,3.94,true,1,
7290000043814,false,שמנת עמידה לקצפת38% 250מ,תנובה,IL,שמנת עמידה לקצפת,מיליליטרים,250.00,"100 מ""ל",false,0,6.18,2.47,true,1,
7290000043890,false,רויון 1.5% בקרטון 1ל,תנובה,IL,רויון בקרטון1.5%,ליטרים,1.00,ליטר,false,0,11.30,11.30,true,1,
7290000043944,false,יוגורט בכד 4% 1.5 ל',מחלבת אלון תבור,IL,יוגורט בכד 4%,ליטרים,1.50,ליטר,false,0,16.30,10.87,true,1,
7290000044712,false,פרילי+תות שדה1.5% 500ג,מחלבת אלון תבור,IL,פרילי תות-שדה,גרמים,500.00,100 גרם,false,0,10.70,2.14,true,1,
7290000045580,false,גב.נעמה חורש מותכת 240ג,תנובה,IL,גבינת נעמה מותכת,גרמים,240.00,100 גרם,false,0,17.50,7.29,true,1,
7290000046020,false,גב.גלבוע 22% במשקל,תנובה,IL,גבינת גלבוע 22%,קילוגרמים,0.00,"ק""ג",true,0,40.59,40.59,true,1,
7290000047485,false,גב.בולגרית 24%במשקל,תנובה,IL,גבינה בולגרית,קילוגרמים,0.00,"ק""ג",true,0,59.00,59.00,true,1,
7290000048185,false,גב.לבנה רכה 5% שומן 250ג,מחלבת אלון תבור,IL,גבינה לבנה 5%,גרמים,250.00,100 גרם,false,0,4.75,1.90,true,1,
7290000048192,false,גב.לבנה רכה 9% 250 גרם,מחלבת אלון תבור,IL,גבינה לבנה 9%,גרמים,250.00,100 גרם,false,0,4.80,1.92,true,1,
7290000052717,false,קוטג' +שום שמיר,,IL,קוטג' +שום שמיר,גרמים,250.00,100 גרם,false,0,5.70,2.28,true,1,
7290000055343,false,משקה יוגורט טרופי 250גרם,תנובה בעמ,IL,משקה יוגורט,גרמים,250.00,100 גרם,false,0,5.40,2.16,true,1,
7290000055350,false,גבינת עמק 28% חריץ במשקל,תנובה,IL,גבינת עמק 28%,קילוגרמים,0.00,"ק""ג",true,1,42.70,42.70,true,1,
7290000055893,false,חמאה מהדרין 200 גרם,---,IL,חמאה מהדרין,גרמים,200.00,100 גרם,false,0,7.88,3.94,true,1,
7290000056081,false,פרילי טבע 6 * 200גרם,מחלבת אלון תבור,IL,מארז פרילי טבע,קילוגרמים,1.20,"ק""ג",false,0,21.90,18.25,true,1,
7290000056845,false,חלב טרי הומוגני3% 1.5ל',תנובה,IL,חלב תנובה 3%,ליטרים,1.50,ליטר,false,0,8.91,5.94,true,1,
7290000057149,false,יוגורט תנובה 3% 200 גרם,מחלבת אלון תבור,IL,יוגורט תנובה 3%,גרמים,200.00,100 גרם,false,0,3.20,1.60,true,1,
7290000060088,false,בייגלה מקלות מלוחים400גר,"אסם השקעות בע""\מ",IL,בייגלה מקלות,גרמים,400.00,100 גרם,false,0,9.90,2.48,true,1,
7290000060200,false,פתיתים אפויים קוסקוס500ג,"אסם השקעות בע""מ",IL,פתיתים אפויים,גרמים,500.00,100 גרם,false,0,6.90,1.38,true,1,
7290000060965,false,אטריות רחבות 400 גרם,"אסם השקעות בע""\מ",IL,אטריות רחבות,גרמים,400.00,100 גרם,false,0,6.90,1.73,true,1,
7290000060972,false,אטריות דקיקות אסם 400 גר,פסטה זארה,IT,אטריות דקיקות,גרמים,400.00,100 גרם,false,0,6.90,1.73,true,1,
7290000061108,false,"רוטב טריאקי אסם 290 מ""ל","אסם השקעות בע""\מ",IL,רוטב טריאקי,מיליליטרים,290.00,"100 מ""ל",false,0,9.90,3.41,true,1,
7290000061764,false,נסקפה רד מאג 200 גרם,נסטלה,ES,נסקפה רד מאג,גרמים,200.00,100 גרם,false,0,21.90,10.95,true,1,
7290000063300,false,סירופ ויטמינצ'יק פטל 2ל',בית השיטה,IL,ויטמינצ'יק פטל,ליטרים,2.00,ליטר,false,0,23.90,11.95,true,1,
7290000064758,false,קוסקוס בינוני 350 גרם,קוסקוס מזון,IL,קוסקוס בינוני,גרמים,350.00,100 גרם,false,0,7.90,2.26,true,1,
7290000065090,false,מיני קרוטונים מתובל400 ג,עינת תעשיות,IL,מיני קרוטונים,גרמים,400.00,100 גרם,false,0,22.80,5.70,true,1,
7290000065717,false,סירופ ויטמינצ'יק פטל 1ל',בית השיטה,IL,ויטמינצ'יק פטל,ליטרים,1.00,ליטר,false,0,12.90,12.90,true,1,
7290000066134,false,ביסלי פלאפל 70 גרם,"אסם השקעות בע""\מ",IL,ביסלי פלאפל,גרמים,70.00,100 גרם,false,0,4.40,6.29,true,1,
7290000066141,false,ביסלי גריל 70 גרם,"אסם השקעות בע""\מ",IL,ביסלי גריל,גרמים,70.00,100 גרם,false,0,4.40,6.29,true,1,
7290000066158,false,ביסלי בצל 67 גרם,"אסם השקעות בע""\מ",IL,ביסלי בטעם בצל,גרמים,67.00,100 גרם,false,0,4.40,6.57,true,1,
7290000066165,false,ביסלי ברביקיו 67 גרם,"אסם השקעות בע""\מ",IL,ביסלי ברביקיו,גרמים,67.00,100 גרם,false,0,4.40,6.57,true,1,
7290000066172,false,ביסלי פיצה 70 גרם,"אסם השקעות בע""\מ",IL,ביסלי פיצה,גרמים,70.00,100 גרם,false,0,4.40,6.29,true,1,
7290000066196,false,ביסלי גריל 200 גרם,"אסם השקעות בע""\מ",IL,ביסלי גריל,גרמים,200.00,100 גרם,false,0,7.50,3.75,true,1,
7290000066219,false,ביסלי ברביקיו 190 גרם,"אסם השקעות בע""\מ",IL,ביסלי ברביקיו,גרמים,190.00,100 גרם,false,0,7.50,3.95,true,1,
7290000066264,false,דובונים-חטיפים מלוחים40ג,"אסם השקעות בע""\מ",IL,חטיפי דובונים,גרמים,40.00,100 גרם,false,0,4.30,10.75,true,1,
7290000066295,false,במבה מתוקה 30 גרם,"אסם השקעות בע""\מ",IL,במבה מתוקה,גרמים,30.00,100 גרם,false,0,2.90,9.67,true,1,
7290000066318,false,במבה 80 גרם,"אסם השקעות בע""\מ",IL,במבה,גרמים,80.00,100 גרם,false,0,4.30,5.38,true,1,
7290000066332,false,אפרופו 50 גרם,"אסם השקעות בע""\מ",IL,חטיף אפרופו,גרמים,50.00,100 גרם,false,0,5.00,10.00,true,1,
7290000066349,false,אפרופו 100 גרם,"אסם השקעות בע""\מ",IL,אפרופו חטיף תירס,גרמים,100.00,100 גרם,false,0,8.90,8.90,true,1,
7290000066431,false,פופקו בטעם חמאה ודבש80גר,"אסם השקעות בע""\מ",IL,חטיף פופקו,גרמים,80.00,100 גרם,false,0,5.40,6.75,true,1,
7290000066943,false,סירופ ויטמינצ'יק ענבים1ל,בית השיטה,IL,ויטמינצ'יק ענבים,ליטרים,1.00,ליטר,false,0,12.90,12.90,true,1,
7290000067551,false,"ביסלי בצל כשל""פ 70 גרם","אסם השקעות בע""\מ",IL,ביסלי בצל,גרמים,70.00,100 גרם,false,0,4.20,6.00,true,1,
7290000067568,false,"ביסלי ברביקיו כשל""פ 70גר","אסם השקעות בע""\מ",IL,ביסלי ברביקיו,גרמים,70.00,100 גרם,false,0,4.20,6.00,true,1,
7290000067742,false,"פודינג אינסט.וניל כל""פ80","אסם השקעות בע""מ",IL,פודינג וניל,גרמים,80.00,100 גרם,false,0,5.50,6.88,true,1,
7290000068138,false,אינסטנט פודינג וניל 80גר,"אסם השקעות בע""מ",IL,אינסטנט פודינג,גרמים,80.00,100 גרם,false,0,5.50,6.88,true,1,
7290000068152,false,"רוטב צלי בשר כשל""פ 22גרם","אסם השקעות בע""\מ",IL,רוטב צלי בשר,גרמים,22.00,100 גרם,false,0,3.60,16.36,true,1,
7290000068299,false,מנה חמה פירה+פטריות47גר,"אסם השקעות בע""\מ",IL,מנה חמה פירה,גרמים,47.00,100 גרם,false,0,6.90,14.68,true,1,
7290000068770,false,"במבה יום הולדת 80ג בד""צ","אסם השקעות בע""\מ",IL,במבה יום הולדת,גרמים,80.00,100 גרם,false,0,4.30,5.38,true,1,
7290000070308,false,מרק עוף אמיתי 400 גרם,"אסם השקעות בע""\מ",IL,מרק עוף אמיתי,גרמים,400.00,100 גרם,false,0,15.00,3.75,true,1,
7290000070322,false,מרק פטריות ר.טבעיים400גר,"אסם השקעות בע""\מ",IL,מרק פטריות אסם,גרמים,400.00,100 גרם,false,0,20.00,5.00,true,1,
7290000070353,false,מרק בצל רכיבים טבעיים400,"אסם השקעות בע""\מ",IL,מרק בצל אסם,גרמים,400.00,100 גרם,false,0,20.00,5.00,true,1,
7290000070384,false,מרק בטעם עוף זך עדיף400ג,"אסם השקעות בע""\מ",IL,מרק בטעם עוף,גרמים,400.00,100 גרם,false,0,10.00,2.50,true,1,
7290000072623,false,קטשופ בקבוק לחיץ 750 גרם,"אסם השקעות בע""מ",IL,קטשופ בקבוק לחיץ,גרמים,750.00,100 גרם,false,0,10.00,1.33,true,1,
7290000072753,false,נסקפה טסטר'ס צ'ויס200ג,לוטה נסטלה קוריאה,KR,נסקפה טסטרס צויס,גרמים,200.00,100 גרם,false,0,29.90,14.95,true,1,
7290000074184,false,ביסקוויט פתי בר 500 גרם,"אסם השקעות בע""\מ",IL,ביסקוויט פתי בר,גרמים,500.00,100 גרם,false,0,10.90,2.18,true,1,
7290000074375,false,קרקר זהב 150 גרם,"אסם השקעות בע""\מ",IL,קרקר זהב אסם,גרמים,150.00,100 גרם,false,0,7.50,5.00,true,1,
7290000077253,false,לחמית כפרית 190 גרם,"אסם השקעות בע""\מ",IL,לחמית כפרית,גרמים,190.00,100 גרם,false,0,9.90,5.21,true,1,
7290000078762,false,חטיפי פריכונים עם דבש80ג,הרטו,IL,חטיפי פריכונים,גרמים,80.00,100 גרם,false,0,7.90,9.88,true,1,
7290000080765,false,טוסטעים פת קלוי+שומשו100,ון דר מולן,NL,טוסטעים +שומשו,גרמים,100.00,100 גרם,false,0,10.50,10.50,true,1,
7290000097633,true,לחמניית קשר,גידרון,IL,לחמניית קשר,יחידה,1.00,יחידה,false,0,3.00,3.00,true,1,
7290000097657,true,לחמניית חלה,גידרון,IL,לחמניית חלה,יחידה,1.00,יחידה,false,0,4.20,4.20,true,1,
7290000098296,true,לחמניית אצבע,גידרון,IL,לחמניית אצבע,יחידה,1.00,יחידה,false,0,2.20,2.20,true,1,
7290000099439,true,קרואסון קטן במשקל,גידרון,IL,קרואסונים קטני,קילוגרמים,0.00,"ק""ג",true,0,35.00,35.00,true,1,
7290000100302,false,פול ירוק קלוף כשר לפסח,"סנפרוסט בע""\מ",IL,פול ירוק קלוף,גרמים,600.00,100 גרם,false,1,10.00,1.67,true,1,
7290000101941,false,אננס קפוא 300גרם,"סנפרוסט בע""\מ",IL,אננס קפוא,גרמים,300.00,100 גרם,false,1,14.90,4.97,true,1,
7290000103433,false,לקט ירקות לתנור 800גרם,"סנפרוסט בע""\מ",IL,לקט ירקות לתנור,גרמים,800.00,100 גרם,false,1,22.90,2.86,true,1,
7290000104201,false,אפונה עדינה 600 גרם,"סנפרוסט בע""\מ",IL,אפונה עדינה קפוא,גרמים,600.00,100 גרם,false,0,17.90,2.98,true,1,
7290000104676,false,אפונה ירוקה מוקפאת 800גר,"סנפרוסט בע""\מ",IL,אפונה ירוקה קפוא,גרמים,800.00,100 גרם,false,0,17.90,2.24,true,1,
7290000104690,false,תירס גרעינים מוקפא 800 ג,"סנפרוסט בע""\מ",IL,גרעיני תירס קפוא,גרמים,800.00,100 גרם,false,0,12.90,1.61,true,1,
7290000104720,false,שעועית ירוקה חתוכה 800 ג,"סנפרוסט בע""\מ",IL,שעועית ירוקה,גרמים,800.00,100 גרם,false,0,17.90,2.24,true,1,
7290000104799,false,שעועית לבנה מבושלת 800גר,"סנפרוסט בע""\מ",IL,שעועית לבנה,גרמים,800.00,100 גרם,false,0,19.80,2.48,true,1,
7290000104805,false,גרגרי חומוס מבושל 800גרם,"סנפרוסט בע""\מ",IL,גרגרי חומוס קפוא,גרמים,800.00,100 גרם,false,0,19.70,2.46,true,1,
7290000104836,false,שעועית עדינה שלמה 600גרם,"סנפרוסט בע""\מ",IL,שעועית שלמה קפוא,גרמים,600.00,100 גרם,false,0,16.90,2.82,true,1,
7290000107189,false,ארטישוק תחתיות 400 גרם,"סנפרוסט בע""\מ",IL,תחתיות ארטישוק,גרמים,400.00,100 גרם,false,0,10.00,2.50,true,1,
7290000107295,false,תפרחות ברוקולי 800 גרם,"סנפרוסט בע""\מ",IL,ברוקולי מוקפא,גרמים,800.00,100 גרם,false,0,24.90,3.11,true,1,
7290000110844,false,כיפלי גריל 70 גרם,יוניליוור,IL,כיפלי בטעם גריל,גרמים,70.00,100 גרם,false,0,5.90,8.43,true,1,
7290000110851,false,כיפלי בצל 70 גרם,יוניליוור,IL,כיפלי בטעם בצל,גרמים,70.00,100 גרם,false,0,5.90,8.43,true,1,
7290000111117,false,מרכך כביסה בדין לבן 4 לי,יוניליוור,IL,מרכך כביסה בדין,ליטרים,4.00,ליטר,false,0,19.90,4.98,true,1,
7290000111186,false,מיונז אמיתי תלמה 500 גרם,יוניליוור ישראל מזון בע\,IL,מיונז אמיתי תלמה,גרמים,500.00,100 גרם,false,0,9.90,1.98,true,1,
7290000111353,false,"מיונז אמיתי תלמה 1 ק""ג",יוניליוור ישראל מזון בע\,IL,מיונז אמיתי תלמה,קילוגרמים,1.00,"ק""ג",false,0,16.90,16.90,true,1,
7290000111360,false,חרדל אמיתי תלמה 250 גרם,יוניליוור,IL,חרדל אמיתי תלמה,גרמים,250.00,100 גרם,false,0,5.90,2.36,true,1,
7290000116921,false,רוטב צ'ילי מתוק קנור300מ,יוניליוור ישראל מזון בע\,IL,רוטב צ'ילי מתוק,מיליליטרים,300.00,"100 מ""ל",false,0,10.90,3.63,true,1,
7290000118277,false,קניידלך כופתאות מצה65*2ג,יוניליוור ישראל מזון בע\,IL,אבקה לקניידלך,גרמים,130.00,100 גרם,false,0,9.90,7.62,true,1,
7290000118352,false,לטקס 85*2 גרם בקופסא,יוניליוור ישראל מזון בעמ,IL,אבקה ללטקס,גרמים,170.00,100 גרם,false,0,14.30,8.41,true,1,
7290000120836,false,מיונז הלמנס 394 גרם,יוניליוור,CA,מיונז הלמנס,גרמים,394.00,100 גרם,false,0,10.90,2.77,true,1,
7290000120874,false,מיונז הלמנס לייט 424 גרם,יוניליוור,US,מיונז הלמנס,גרמים,424.00,100 גרם,false,0,10.90,2.57,true,1,
7290000130255,false,קמח מצה 500 גר בשקית פסח,מצות אביב 2014 מאפה בעמ,IL,קמח מצה בשקית,גרמים,500.00,100 גרם,false,0,6.50,1.30,true,1,
7290000130545,false,החמישיה מצה 2.5קג לפסח,מצות אביב 2014 מאפה בעמ,IL,"מצה 2.5 ק""ג",קילוגרמים,2.50,"ק""ג",false,0,26.90,10.76,true,1,
7290000134307,false,קינמון טחון 50 גרם,תבליני טעם וריח,IL,קינמון טחון,גרמים,50.00,100 גרם,false,0,6.80,13.60,true,1,
7290000134314,false,תיבול לפיצה 120 גרם,תבליני טעם וריח,IL,תיבול לפיצה,גרמים,120.00,100 גרם,false,0,10.80,9.00,true,1,
7290000134550,false,עלי דפנה 20 גרם בשקית,תבליני טעם וריח,IL,עלי דפנה בשקית,גרמים,20.00,100 גרם,false,0,6.30,31.50,true,1,
7290000134673,false,זנגויל טחון מיכל 30 גרם,תבליני טעם וריח,IL,זנגויל טחון,גרמים,30.00,100 גרם,false,0,6.80,22.67,true,1,
7290000134987,false,פלפל שחור גרוס במיכל90גר,תבליני טעם וריח,IL,פלפל שחור גרוס,גרמים,90.00,100 גרם,false,0,16.50,18.33,true,1,
7290000136721,false,ג'אמפ תפוזים 1.5 ליטר,טמפו,IL,ג'אמפ תפוזים,ליטרים,1.50,ליטר,false,0,6.20,4.13,true,1,
7290000143255,false,שמפו הוואי לשיער רגיל700,טרופיקל דגיל,IL,שמפו הוואי,מיליליטרים,700.00,"100 מ""ל",false,0,9.90,1.41,true,1,
7290000143279,false,"הוואי שמפו אדום 700 מ""ל",טרופיקל דגיל,IL,שמפו הוואי,מיליליטרים,700.00,"100 מ""ל",false,0,9.90,1.41,true,1,
7290000144474,false,שמן קנולה מועשר 1 ליטר,שמן תעשיות,IL,שמן קנולה,ליטרים,1.00,ליטר,false,0,10.90,10.90,true,1,
7290000159010,false,שניצל עוף מיני דובונים 7,"מוצרי עוף טוב (2001) בע""",IL,שניצל דובונים,גרמים,700.00,100 גרם,false,0,38.70,5.53,true,1,
7290000169798,false,עוגי 20% פחות סוכר 500גר,יוניליוור ישראל מזון בע\,IL,עוגי מופחת סוכר,גרמים,500.00,100 גרם,false,0,20.90,4.18,true,1,
7290000170053,false,שוקולד פרה חלב 100 גרם,עלית,IL,שוקולד פרה חלב,גרמים,100.00,100 גרם,false,0,5.50,5.50,true,1,
7290000170077,false,שוק.מריר 100 גרם,עלית,IL,שוקולד מריר,גרמים,100.00,100 גרם,false,0,5.50,5.50,true,1,
7290000171470,false,כיף כף 45 גרם,עלית,IL,כיף כף,גרמים,45.00,100 גרם,false,0,3.90,8.67,true,1,
7290000174099,false,בפלות בטעם שוקולד 500 גר,עלית,IL,בפלות טעם שוקולד,גרמים,500.00,100 גרם,false,0,12.40,2.48,true,1,
7290000174723,false,שוקולית בפחית עלית 500גר,שטראוס קפה בי.וי.,IL,שוקולית,גרמים,500.00,100 גרם,false,0,11.90,2.38,true,1,
7290000176062,false,קפה טורקי בצלופן 100 גרם,שטראוס קפה בי.ויn\.,IL,קפה טורקי בצלופן,גרמים,100.00,100 גרם,false,0,8.90,8.90,true,1,
7290000176079,false,קפה טורקי עם הל 100 גרם,שטראוס קפה בי.ויn\.,IL,קפה טורקי עם הל,גרמים,100.00,100 גרם,false,0,8.90,8.90,true,1,
7290000176420,false,קפה נמס 200 גרם,שטראוס קפה בי.וי,IL,קפה נמס,גרמים,200.00,100 גרם,false,0,19.90,9.95,true,1,
7290000178134,false,שוקולד פרה מריר 100*4 ג,שטראוס,IL,שוקולד מריר 4 יח,גרמים,400.00,100 גרם,false,0,19.60,4.90,true,1,
7290000178707,false,תפוצ'יפס בטעם טבעי 50 גר,"שטראוס פריטו ליי בע""\מ )",IL,חטיף תפוצ'יפס,גרמים,50.00,100 גרם,false,0,4.00,8.00,true,1,
7290000180212,false,שוקולד מריר אגוז 100 גרם,שטראוס,IL,שוקולד מריר,גרמים,100.00,100 גרם,false,0,5.50,5.50,true,1,
7290000185460,false,חרוסת 250 גרם,---,IL,חרוסת,גרמים,250.00,100 גרם,false,0,10.00,4.00,true,1,
7290000186030,false,מגבונ.לחים עם תחליב56*4י,האגיס-מגבונים,IL,מגבונים עם תחליב,יחידה,1.00,יחידה,false,0,26.90,26.90,true,1,
7290000187938,false,נ.טואלט לילי פסטל 32 גלי,חוגלה קימברלי,IL,נייר טואלט,מטרים,588.00,100 מטר,false,0,34.90,5.94,true,1,
7290000189260,false,תבניות מלבניות 5יח',,CN,תבניות מלבניות,יחידה,1.00,יחידה,false,0,9.90,9.90,true,1,
7290000189277,false,3 תבניות מלבן גדול עמוק,,CN,תבניות מלבניות,יחידה,1.00,יחידה,false,0,9.90,9.90,true,1,
7290000189482,false,4 תבניות קרטון מרובעות,חוגלה קימברלי,IL,תבניות קרטון,יחידה,1.00,יחידה,false,0,9.90,9.90,true,1,
7290000189871,false,שקיות אשפה לפח גדול55יח,---,IL,שקיות אשפה גדול,יחידה,1.00,יחידה,false,0,21.90,21.90,true,1,
7290000191546,false,מגבוני לילי צבעוני 90*3י,חוגלה קימברלי,IL,לילי צבעוני90*3,יחידה,1.00,יחידה,false,0,9.70,9.70,true,1,
7290000195537,false,מגב.האגיס ללא בישום 64*4,חוגלה קימברלי,IL,מגבוני האגיס 4יח,יחידה,1.00,יחידה,false,0,21.50,21.50,true,1,
7290000195544,false,מגב.האגיס בישום עדין64*4,חוגלה קימברלי,IL,מגבוני האגיס 4יח,יחידה,1.00,יחידה,false,0,21.50,21.50,true,1,
7290000197432,false,סנדויצ'ון 150*2 יח,---,IL,סנדוויצ'ון זוג,יחידה,1.00,יחידה,false,0,11.90,11.90,true,1,
7290000197654,false,שקיות לפחים ענקיים45יח,---,IL,שקיות אשפה,יחידה,1.00,יחידה,false,0,21.80,21.80,true,1,
7290000201863,false,34טיטולים פרימיום שלב 5,חוגלה קימברלי,IL,טיטולים פרימיום,יחידה,1.00,יחידה,false,1,29.90,29.90,true,1,
7290000201979,false,מגבוני האגיס מיקי 64*4,חוגלה קימברלי,IL,מגבוני האגיס,יחידה,1.00,יחידה,false,1,21.50,21.50,true,1,
7290000204147,false,כריות יפניות 2ב1- 4 יח',חוגלה קימברלי,IL,כריות יפניות 4X,יחידה,1.00,יחידה,false,0,10.90,10.90,true,1,
7290000204611,false,ספוגיות הקסם ניקול 6 יח',---,US,ספוגיות ניקול,יחידה,1.00,יחידה,false,0,10.90,10.90,true,1,
7290000207063,false,רוטב עגבניות פריכוז260גר,זנלכל,IL,רוטב עגבניות,גרמים,260.00,100 גרם,false,0,4.10,1.58,true,1,
7290000208022,false,עגבניות מרוסקות 800 גרם,זנלכל,IL,עגבניות מרוסקות,גרמים,800.00,100 גרם,false,0,7.20,0.90,true,1,
7290000208312,false,תירס ואקום 400 גרם יכין,זנלכל,IL,תירס ואקום,גרמים,400.00,100 גרם,false,0,5.40,1.35,true,1,
7290000208428,false,חומוס שלם יכין 550 גרם,"זנלכל בע""\מ",IL,חומוס שלם,גרמים,560.00,100 גרם,false,0,6.30,1.13,true,1,
7290000209012,false,חומץ 5% יכין 1 ליטר,"זנלכל בע""\מ",IL,חומץ יכין 5%,ליטרים,1.00,ליטר,false,0,4.90,4.90,true,1,
7290000209043,false,לימון משומר 1 ליטר,"זנלכל בע""\מ",IL,לימון משומר,ליטרים,1.00,ליטר,false,0,4.90,4.90,true,1,
7290000209371,false,תירס גרעינים 165*3 גרם,KFT KECSKEMET,IL,תירס גרעינים 3יח,גרמים,495.00,100 גרם,false,1,9.90,2.00,true,1,
7290000209388,false,תירס לייט 165*3 גרם,KFT KECSKEMET,IL,תירס לייט 3 יח,גרמים,495.00,100 גרם,false,0,9.70,1.96,true,1,
7290000209524,false,סירופ דיאט פטל 1 ל' יכין,"זנלכל בע""\מ",IL,סירופ פטל דיאט,ליטרים,1.00,ליטר,false,0,8.00,8.00,true,1,
7290000209722,false,רוטב עגבניות פריכוז580ג,"זנלכל בע""\מ",IL,רוטב עגבניות,גרמים,580.00,100 גרם,false,0,7.50,1.29,true,1,
7290000209951,false,רוטב עגבניות לפיצה260גרם,"זנלכל בע""\מ",IL,רוטב עגבניות,גרמים,260.00,100 גרם,false,0,4.90,1.88,true,1,
7290000211442,false,"אורז פרסי קלאסי 1ק""ג","סוגת תעשיות בע""מ",IL,אורז פרסי קלאסי,קילוגרמים,1.00,"ק""ג",false,0,9.90,9.90,true,1,
7290000211503,false,"סוכר סוגת 1 ק""ג","סוגת תעשיות בע""מ",IL,סוכר לבן סוגת,קילוגרמים,1.00,"ק""ג",false,0,4.50,4.50,true,1,
7290000238036,false,מלווח מעדנות 700 גרם,"מעדנות בע""\מ",IL,מלווח מעדנית,גרמים,700.00,100 גרם,false,0,16.90,2.41,true,1,
7290000238173,false,בורקס גבינה 800 גרם,"מעדנות בע""\מ",IL,בורקס גבינה קפוא,גרמים,800.00,100 גרם,false,0,19.90,2.49,true,1,
7290000238180,false,"בורקס תפו""א 800 גרם","מעדנות בע""\מ",IL,"בורקס תפו""א קפוא",גרמים,800.00,100 גרם,false,0,19.70,2.46,true,1,
7290000245782,false,מרכך כביסה סוד ורוד 4 ל',"הנקל סוד בע""\מ",IL,מרכך כביסה סוד,ליטרים,4.00,ליטר,false,0,18.90,4.73,true,1,
7290000260839,false,ספרינג משקה תפוזים 1.5ל',"יפאורה תבורי בע""\מ",IL,ספרינג תפוזים,ליטרים,1.50,ליטר,false,0,6.20,4.13,true,1,
7290000260853,false,ספרינג משקה מנגו 1.5 ל',"יפאורה תבורי בע""\מ",IL,ספרינג מנגו,ליטרים,1.50,ליטר,false,0,6.20,4.13,true,1,
7290000260860,false,ספרינג משקה אפרסק 1.5 ל',"יפאורה תבורי בע""\מ",IL,ספרינג אפרסק,ליטרים,1.50,ליטר,false,0,6.20,4.13,true,1,
7290000262031,false,נייר טואלט מולט 32 גליל,חוגלה קימברלי,IL,נייר טואלט,מטרים,562.00,100 מטר,false,0,24.90,4.43,true,1,
7290000263359,false,40 האגיס ליטל בייביס,חוגלה קימברלי,IL,חיתולי האגיס,יחידה,1.00,יחידה,false,0,31.90,31.90,true,1,
7290000272467,false,סירופ פטל דיאט 1 ליטר,בית השיטה,IL,סירופ פטל דיאט,ליטרים,1.00,ליטר,false,0,10.90,10.90,true,1,
7290000272696,false,מיץ לימון משומר-עסיס 1ל',בית השיטה,IL,מיץ לימון משומר,ליטרים,1.00,ליטר,false,0,9.90,9.90,true,1,
7290000272726,false,חומץ 5% 1 ליטר,בית השיטה,IL,חומץ 5%,ליטרים,1.00,ליטר,false,0,6.90,6.90,true,1,
7290000284316,false,קוקה קולה בקבוק 1.5 ליטר,החברה המרכזית לייצור משק,IL,קוקה קולה,ליטרים,1.50,ליטר,false,0,6.50,4.33,true,1,
7290000286228,false,ספוגיות לניקוי כלים 6 יח,סנו מפעלי ברונו בעמ,IL,ספוגיות לכלים6יח,יחידה,1.00,יחידה,false,0,10.90,10.90,true,1,
7290000286549,false,מטליות רב שימוש 9 יח',סנו,IL,מטליות לכל 9 יח,יחידה,1.00,יחידה,false,0,10.50,10.50,true,1,
7290000286761,false,ניילון נצמד 30*2 מטר,סנו,IL,צמד ניילון נצמד,מטרים,60.00,מטר,false,0,10.00,0.17,true,1,
7290000287102,false,סנו שמפו לשטיחים 540 גרם,סנו מפעלי ברונוס בעמ,IL,סנו שמפו לשטיחים,גרמים,540.00,100 גרם,false,0,19.90,3.69,true,1,
7290000287621,false,סנו אנטי קאלק לאסלות750מ,סנו מפעלי ברונוס בעמ,IL,סנו מנקה אסלות,מיליליטרים,750.00,"100 מ""ל",false,0,12.80,1.71,true,1,
7290000288024,false,סנו ג'אוול לימון 4 ליטר,"סנו מפעלי ברונוס בע""מ",IL,סנו JAVEL אקונומ,ליטרים,4.00,ליטר,false,0,15.90,3.98,true,1,
7290000288079,false,סנו ג'אוול לימון 2 ליטר,"סנו מפעלי ברונוס בע""מ",IL,סנו JAVEL מלבין,ליטרים,2.00,ליטר,false,0,11.90,5.95,true,1,
7290000288352,false,300-K קוטל חרק/.זוחל630מ,"סנו מפעלי ברונוס בע""מ",IL,300-K קוטל חרק,מיליליטרים,630.00,"100 מ""ל",false,0,20.90,3.32,true,1,
7290000289069,false,סנו ג'אוול מרסס לימון 1ל,"סנו מפעלי ברונוס בע""מ",IL,סנו ג'אוול מרסס,ליטרים,1.00,ליטר,false,0,15.90,15.90,true,1,
7290000289601,false,סנו ג'אוול לבנדר 2 ליטר,"סנו מפעלי ברונוס בע""מ",IL,סנו ג'אוול,ליטרים,2.00,ליטר,false,0,11.90,5.95,true,1,
7290000289748,false,"סנו פורטה שומנים 750 מ""ל","סנו מפעלי ברונוס בע""\מ",IL,סנו פורטה,מיליליטרים,750.00,"100 מ""ל",false,0,14.90,1.99,true,1,
7290000292311,false,פוליויקס סחלבים 2 ליטר,סנו,IL,סנו פוליויקס,ליטרים,2.00,ליטר,false,0,21.90,10.95,true,1,
7290000294780,false,סנו ג'אול אקונומ.סמיכה4ל,"סנו מפעלי ברונוס בע""מ",IL,סנו ג'אוול 4 ל,ליטרים,4.00,ליטר,false,0,15.90,3.98,true,1,
7290000295299,false,סנו סושי כרית יפנית 4 יח,סנו מפעלי ברונו בעמ,IL,כרית יפנית,יחידה,1.00,יחידה,false,0,9.70,9.70,true,1,
7290000295503,false,סושי זוג שקיות אוכל150*2,סנו,IL,שקיות אוכל צמד,יחידה,1.00,יחידה,false,0,13.90,13.90,true,1,
7290000295558,false,2רדידי אלומיניום0.3*7.5מ,סנו,CN,צמד רדידי אלומינ,מטרים,15.00,מטר,false,0,10.00,0.67,true,1,
7290000295824,false,סושי אלומ.חסכונ0.3 100*מ,סנו,TR,רדידי אלומיניום,מטרים,100.00,מטר,false,0,49.90,0.50,true,1,
7290000311203,false,ופלים מן בטעם שוקולד200ג,רוקחמן,IL,ופלים טעם שוקולד,גרמים,200.00,100 גרם,false,0,4.40,2.20,true,1,
7290000311425,false,ופלים מצופים כחול 22*10ג,רוקחמן,IL,ופלים מצופים,גרמים,220.00,100 גרם,false,0,6.90,3.14,true,1,
7290000313160,false,עוגיות שוקולד זהבה 250גר,"הגביע מוצרי וופלים בע""\מ",IL,עוגיות זהבה,גרמים,250.00,100 גרם,false,0,8.00,3.20,true,1,
7290000318806,false,סלמי סרוולד אמיתי במשקל,מעדני יחיעם,IL,סלמי סרוולד.,קילוגרמים,0.00,"ק""ג",true,0,140.00,140.00,true,1,
7290000318882,false,מעושן איטלקי במשקל,מעדני יחיעם,IL,מעושן איטלקי,קילוגרמים,0.00,"ק""ג",true,0,59.00,59.00,true,1,
7290000319834,false,קבנוס פפרוני קלאסי 125גר,מעדני יחיעם,IL,קבנוס פפרוני,גרמים,125.00,100 גרם,false,5,14.90,11.92,true,1,
7290000334684,false,טבעות בצל לתנור 700 גרם,"תעשיות תפוגן בע""\מ",IL,טבעות בצל לתנור,גרמים,700.00,100 גרם,false,0,17.90,2.56,true,1,
7290000334981,false,"אמריקן צ'יפס 1,2,3 750גר","תעשיות תפוגן בע""\מ",IL,אמריקן צ'יפס,גרמים,750.00,100 גרם,false,0,23.90,3.19,true,1,
7290000339191,false,רן אבקת הלבנה 350 גרם,זוהר דליה,IL,רן אבקת הלבנה,גרמים,350.00,100 גרם,false,0,18.60,5.31,true,1,
7290000339566,false,מרכך כביסה בדין ורוד 4 ל,יוניליוור,IL,מרכך כביסה בדין,ליטרים,4.00,ליטר,false,0,19.90,4.98,true,1,
7290000342856,false,מרכך כביסה בדין כחול 4 ל,יוניליוור,IL,מרכך כביסה בדין,ליטרים,4.00,ליטר,false,0,19.90,4.98,true,1,
7290000345277,false,תה ויסוצקי 50שק1.5* גרם,תה ויסוצקי,IL,תה ויסוצקי 50 שק,גרמים,75.00,100 גרם,false,0,10.00,13.33,true,1,
7290000345284,false,תה קלאסיק 100שק1.5*גרם,ויסוצקי,IL,תה ויסוצקי ירוק,גרמים,150.00,100 גרם,false,0,16.90,11.27,true,1,
7290000346137,false,הילולי פירות הגן25שק2.5*,ויסוצקי,IL,חליטת פירות,גרמים,62.00,100 גרם,false,0,16.90,27.25,true,1,
7290000346205,false,חל.קמומיל-גן קסום25ש1.5*,ויסוצקי,IL,חליטת קמומיל,גרמים,37.00,100 גרם,false,0,16.90,45.67,true,1,
7290000363462,false,מעושן איטלקי משקל,טירת צבי,IL,מעושן איטלקי,קילוגרמים,0.00,"ק""ג",true,0,75.00,75.00,true,1,
7290000363486,false,נקניק תה במשקל,טירת צבי,IL,נקניק תה,קילוגרמים,0.00,"ק""ג",true,0,55.00,55.00,true,1,
7290000364278,false,סלסולי סלמי איטלקי 120גר,טיב טירת צבי 2000,IL,דקניקים סלמי דק,גרמים,120.00,100 גרם,false,0,14.90,12.42,true,1,
7290000364285,false,סלסולי פסטרמה הודו 120גר,טיב טירת צבי 2000,IL,דקניקים פסטרמה,גרמים,120.00,100 גרם,false,0,14.90,12.42,true,1,
7290000364803,false,נקנ. אמריקאיות/קרנץ 500ג,טיב טירת צבי 2000,IL,נקניקיות בקר,גרמים,500.00,100 גרם,false,0,27.90,5.58,true,1,
7290000364858,false,"נקניקיות עוף בואקום 1ק""ג",טיב טירת צבי 2000,IL,נקניקיות עוף,קילוגרמים,1.00,"ק""ג",false,0,22.90,22.90,true,1,
7290000364872,false,נקניקיות עוף 400 גרם,טיב טירת צבי 2000,IL,נקניקיות עוף,גרמים,400.00,100 גרם,false,0,10.90,2.73,true,1,
7290000365046,false,כתף בקר מעושן במשקל,טירת צבי,IL,כתף בקר מעושן,קילוגרמים,0.00,"ק""ג",true,0,98.00,98.00,true,1,
7290000365107,false,כתף מפולפל משקל,טירת צבי,IL,כתף מפולפל,קילוגרמים,0.00,"ק""ג",true,0,98.00,98.00,true,1,
7290000365909,false,"פסטרמה הודו מעושנת ק""ג",טירת צבי,IL,פסטרמה הודו מעוש,קילוגרמים,0.00,"ק""ג",true,0,85.00,85.00,true,1,
7290000365954,false,פסטרמה על גחלים משקל,טירת צבי,IL,פסטרמה על גחלי,קילוגרמים,0.00,"ק""ג",true,0,85.00,85.00,true,1,
7290000367590,false,פסטרמה כפרית+סלמי 400*2ג,טיב טירת צבי 2000,IL,צמד כפרי נקניקים,גרמים,800.00,100 גרם,false,0,25.90,3.24,true,1,
7290000408316,false,יוגורט ביו 3% דנונה 200ג,"שטראוס בריאות בע""\מ",IL,יוגורט ביו 3%,גרמים,200.00,100 גרם,false,0,3.70,1.85,true,1,
7290000408354,false,דנונה בר פצפוצים 173 גרם,"שטראוס בריאות בע""\מ",IL,דנונה בר פצפוצים,גרמים,173.00,100 גרם,false,0,4.60,2.66,true,1,
7290000412481,false,"מנקה אסלות ""00"" 1 ליטר",סנו מפעלי ברונוס בעמ,IL,"מנקה אסלות 00""",ליטרים,1.00,ליטר,false,0,8.50,8.50,true,1,
7290000416021,false,ממרח בטעם שוקולד 500גר,השחר העולה,IL,ממרח השחר,גרמים,500.00,100 גרם,false,0,10.00,2.00,true,1,
7290000416045,false,ממרח מובחר מריחה השחר1קג,השחר העולה,IL,ממרח השחר,קילוגרמים,1.00,"ק""ג",false,0,21.90,21.90,true,1,
7290000416854,false,קקאו 150 גרם,השחר,IL,קקאו השחר העולה,גרמים,150.00,100 גרם,false,0,9.90,6.60,true,1,
7290000420332,false,פופקורן חמאה מיקרו100*5ג,פרסטון פארמס,US,פופקורן למיקרו,גרמים,500.00,100 גרם,false,0,10.00,2.00,true,1,
7290000430102,false,"שקית קרח מיסטר אייס 2ק""ג",שונות,IL,שקית קרח,יחידה,1.00,יחידה,false,0,9.80,9.80,true,1,
7290000433684,false,פפסי קולה 1.5 ליטר,"טמפו משקאות בע""מ",IL,פפסי קולה,ליטרים,1.50,ליטר,false,0,5.40,3.60,true,1,
7290000433974,false,פפסי מקס 1.5 ליטר,"טמפו משקאות בע""מ",IL,פפסי מקס,ליטרים,1.50,ליטר,false,0,6.00,4.00,true,1,
7290000450209,false,טונה פוסידון בשמן 108גרם,פוסידון תעשיות,IL,טונה פוסידון,גרמים,108.00,100 גרם,false,0,6.00,5.56,true,1,
7290000453019,false,שמרית-שמרים לחים 50 גרם,פאקא,IL,שמרית-שמרים טרי,גרמים,50.00,100 גרם,false,0,4.20,8.40,true,1,
7290000453125,false,שמרית+משפר אפיה ביתית100,פאקא,IL,שמרית+ משפר אפיה,גרמים,100.00,100 גרם,false,0,7.40,7.40,true,1,
7290000453385,false,שמרים יבשים פאקא,,GB,שמרים יבשים פאקא,גרמים,500.00,100 גרם,false,0,13.90,2.78,true,1,
7290000453880,false,מרגרינה ללא מלח 200 גרם,שמרית,DK,מרגרינה,גרמים,200.00,100 גרם,false,1,4.90,2.45,true,1,
7290000461625,false,בייגלה שמיניות מלוח400גר,בייגל את בייגל מזון 198),IL,בייגלה שמיניות,גרמים,400.00,100 גרם,false,0,10.40,2.60,true,1,
7290000461793,false,בייגל ארוך ארוך 150 גרם,בייגל את בייגל מזון 198),IL,בייגל ארוך ארוך,גרמים,150.00,100 גרם,false,0,6.30,4.20,true,1,
7290000462141,false,זחוק אדום חריף מאוד 150ג,זהבי הכרם,IL,זחוק אדום חריף,גרמים,150.00,100 גרם,false,0,8.50,5.67,true,1,
7290000466170,false,מלפ.גלעד 12-10מלח 560גרם,בית השיטה,IL,מלפפונים במלח,גרמים,560.00,100 גרם,false,0,7.00,1.25,true,1,
7290000467160,false,מלפפון בחומץ גדול7-9 560,בית השיטה,IL,מלפפונים בחומץ,גרמים,560.00,100 גרם,false,0,6.30,1.13,true,1,
7290000467177,false,מלפפון 12-10 בחומץ 560גר,בית השיטה,IL,מלפפונים בחומץ,גרמים,560.00,100 גרם,false,0,7.00,1.25,true,1,
7290000474021,false,חלב 3% מפוסטר שקית 1 ל',טרה,IL,חלב 3% בשקית 1 ל,ליטרים,1.00,ליטר,false,0,5.17,5.17,true,1,
7290000481883,false,לחמניות אצבע 75*10 גרם,מאפ. דגנית עין-בר,IL,לחמניות אצבע10יח,גרמים,750.00,100 גרם,false,0,12.90,1.72,true,1,
7290000482071,false,קוקי שקיות אפיה 20 יחי,"ש. שסטוביץ בע""\מ",IL,קוקי שקיות אפיה,יחידה,1.00,יחידה,false,0,20.00,20.00,true,1,
7290000484747,false,"עלית הארק 700 מ""ל",יקב הגליל יוסף גולד ובני,IL,עלית הארק,מיליליטרים,700.00,"100 מ""ל",false,1,49.90,7.13,true,1,
7290000493183,false,רוטב פטריות לבשר-אבקה30ג,"אסם השקעות בע""\מ",IL,רוטב פטריות,גרמים,30.00,100 גרם,false,0,4.00,13.33,true,1,
7290000497044,false,לחם ברמן אקטיב 750 גרם,"י.את.א.ברמן בע""\מ",IL,לחם ברמן אקטיב,גרמים,750.00,100 גרם,false,0,15.50,2.07,true,1,
7290000497228,false,לחמניות רגילות 75*6 גרם,"י.את.א.ברמן בע""\מ",IL,6 לחמניות בשקית,גרמים,450.00,100 גרם,false,0,8.90,1.98,true,1,
7290000497303,false,לחמניות מקמח מלא 75*6 גר,"י.את.א.ברמן בע""\מ",IL,6לחמניות קמח מלא,גרמים,450.00,100 גרם,false,0,11.90,2.64,true,1,
7290000497426,false,לחם ברמן קל לענין 500גרם,"י.את.א.ברמן בע""\מ",IL,לחם ברמן קל,גרמים,500.00,100 גרם,false,0,13.90,2.78,true,1,
7290000497570,false,לחם דגני קלות פרוס 500גר,"י.את.א.ברמן בע""\מ",IL,לחם דגני קלות,גרמים,500.00,100 גרם,false,0,11.90,2.38,true,1,
7290000498256,false,לחמניות ברמן 75*10 גרם,"י.את.א.ברמן בע""\מ",IL,לחמניות ברמן10יח,גרמים,750.00,100 גרם,false,1,10.90,1.45,true,1,
7290000522272,false,"שמנת לקפה 10% 500מ""ל",מחלבות רמת הגולן,IL,שמנת לקפה,מיליליטרים,500.00,"100 מ""ל",false,0,9.90,1.98,true,1,
7290000523125,false,מלח ים יבש 250 גרם,תעשיות מלח לישראל,IL,מלח ים יבש,גרמים,250.00,100 גרם,false,0,5.90,2.36,true,1,
7290000523224,false,מלח ים דק 500 גרם,תעשיות מלח לישראל,IL,מלח ים דק,גרמים,500.00,100 גרם,false,0,7.90,1.58,true,1,
7290000530024,false,נקניק תה מעושן רחב במשקל,זוגלובק,IL,נקניק תה מעושן,קילוגרמים,0.00,"ק""ג",true,0,50.00,50.00,true,1,
7290000530048,false,סלמי פפרוני במשקל,זוגלובק,IL,סלמי פפרוני,גרמים,0.00,"ק""ג",true,0,59.00,59.00,true,1,
7290000530178,false,נקניק קוניאק במשקל,זוגלובק,IL,נקניק קוניאק,קילוגרמים,0.00,"ק""ג",true,0,85.00,85.00,true,1,
7290000530444,false,כתף בקר מעושן אורלנדו מש,זוגלובק,IL,כתף בקר מעושן,קילוגרמים,0.00,"ק""ג",true,0,109.00,109.00,true,1,
7290000530468,false,"נקניקיות וינר 1 ק""ג",זוגלובק,IL,נקניקיות וינר,קילוגרמים,1.00,"ק""ג",false,0,24.90,24.90,true,1,
7290000530703,false,פסטרמה חרמון+תה 400+400ג,זוגלובק,IL,מארז חרמון+תה,גרמים,800.00,100 גרם,false,0,26.90,3.36,true,1,
7290000531410,false,"פסטרמה בדבש טהור ק""ג",זוגלובק,IL,פסטרמה בדבש טהור,קילוגרמים,0.00,"ק""ג",true,0,85.00,85.00,true,1,
7290000531601,false,סטייק בורגר 400גר',זוגלובק,IL,סטייק בורגר 00,גרמים,400.00,100 גרם,false,0,21.90,5.48,true,1,
7290000532400,false,חזה הודו ברביקיו במשקל,זוגלובק,IL,חזה הודו ברבקי,קילוגרמים,0.00,"ק""ג",true,0,85.00,85.00,true,1,
7290000534718,false,חזה הודו תבור דל שומן מש,זוגלובק,IL,חזה הודו תבור,קילוגרמים,0.00,"ק""ג",true,0,85.00,85.00,true,1,
7290000537566,false,נקניקיות עוף 400 גרם,זוגלובק,IL,נקניקיות עוף,גרמים,400.00,100 גרם,false,0,12.90,3.23,true,1,
7290000551098,false,בשר שריר מס8' מוכשר קג,שונות,XX,בשר מס8' קפוא,קילוגרמים,0.00,"ק""ג",true,0,29.90,29.90,true,1,
7290000551173,false,מוח בקר קפוא קג,טיבון ויל - נטו,IL,מוח בקר קפוא קג,קילוגרמים,0.00,"ק""ג",true,0,169.90,169.90,true,1,
7290000552989,false,בשר טחון מובחר 500 גרם,"טיבון ויל אחזקות בע""\מ",IL,בשר טחון מובחר,גרמים,500.00,100 גרם,false,0,29.50,5.90,true,1,
7290000554402,false,מלבי 160 גרם,מחלבות גד,IL,מלבי,גרמים,160.00,100 גרם,false,0,5.60,3.50,true,1,
7290000554457,false,גבינה צפתית5% שומן 350ג,"מחלבות גד בע""\מ",IL,גבינה צפתית5%,גרמים,350.00,100 גרם,false,0,21.00,6.00,true,1,
7290000554532,false,גב.צפתית מעודנת5% 200גרם,"מחלבות גד בע""\מ",IL,צפתית מעודנת 5%,גרמים,200.00,100 גרם,false,0,14.90,7.45,true,1,
7290000554655,false,מוצרלה מעושנת גד,,IL,מוצרלה מעושנת גד,קילוגרמים,0.00,"ק""ג",true,0,86.00,86.00,true,1,
7290000554815,false,מוצרלה נקניק 22% במשקל,מחלבות גד,IL,גבינת מוצרלה,גרמים,0.00,"ק""ג",true,0,83.00,83.00,true,1,
7290000554822,false,ריקוטה גד 5% שומן 250 גר,מחלבות גד,IL,גבינת ריקוטה 5%,גרמים,250.00,100 גרם,false,0,14.50,5.80,true,1,
7290000574066,false,לחם מלא פלוס שיפון 750 ג,מאפ. דגנית עין-בר,IL,לחם מלא,גרמים,750.00,100 גרם,false,0,14.90,1.99,true,1,
7290000591643,false,"מצה 2.5 ק""ג לפסח",אם החיטה,IL,"מצה 2.5 ק""ג",קילוגרמים,2.50,"ק""ג",false,0,24.90,9.96,true,1,
7290000591742,false,קמח מצה לפסח 500 גרם,אם החיטה,IL,קמח מצה,גרמים,500.00,100 גרם,false,0,6.50,1.30,true,1,
7290000598178,false,מצות בקרטון 400 גרם,מצות יהודה,IL,מצות 400 גרם,גרמים,400.00,100 גרם,false,0,15.90,3.98,true,1,
7290000598307,false,"מצה יהודה 2.5 ק""ג לפסח",מצות יהודה,IL,מצה יהודה 2.5,קילוגרמים,2.50,"ק""ג",false,0,28.90,11.56,true,1,
7290000611099,false,כבד עוף טרי תפ,עוף עוז,IL,כבד עוף טרי,קילוגרמים,0.00,"ק""ג",true,0,19.90,19.90,true,1,
7290000612881,false,שוק הודו נקבה,,IL,שוק הודו נקבה,קילוגרמים,0.00,"ק""ג",true,0,28.90,28.90,true,1,
7290000612966,false,גרון הודו טרי ארוז,עוף עוז,IL,גרון הודו טרי,קילוגרמים,0.00,"ק""ג",true,0,23.90,23.90,true,1,
7290000632599,false,ירכיים פטם קפוא עטרה מחי,שונות,IL,ירכיים פטם קפוא,קילוגרמים,0.00,"ק""ג",true,0,33.90,33.90,true,1,
7290000644684,false,פילה אמנון קפוא תנובה קג,איסטרוניקס,IL,פילה אמנון,קילוגרמים,0.00,"ק""ג",true,0,34.90,34.90,true,1,
7290000688381,false,מים מינרליים מי עדן500*6,מי עדן,IL,מי עדן אישי 6 בק,ליטרים,3.00,ליטר,false,0,13.90,4.63,true,1,
7290000688503,false,מים מינרליים מי עדן750*6,מי עדן,IL,"מי עדן 6*750 מ""ל",ליטרים,4.50,ליטר,false,0,14.90,3.31,true,1,
7290000688732,false,מים מינרליים מי עדן1.5*6,מי עדן,IL,מי עדן 6 יח,ליטרים,9.00,ליטר,false,0,11.90,1.32,true,1,
7290000692210,false,אג'קס נוזל כללי לבנדר 2ל,קולגייט פלמוליב,GR,אג'קס ניקוי כללי,ליטרים,2.00,ליטר,false,0,20.00,10.00,true,1,
7290000692227,false,פלמוליב לשטיפת כלים 1 ל',קולגייט-פלמוליב,GR,פלמוליב לכלים,ליטרים,1.00,ליטר,false,0,13.90,13.90,true,1,
7290000803180,false,שטיפה דנטלית מרידול 400מ,קולגייט פלמוליב,CH,שטיפה מרידול,מיליליטרים,400.00,"100 מ""ל",false,0,24.90,6.23,true,1,
7290000910994,true,פסטרמה ונקניק-קצוות משקל,שונות,IL,פסטרמה ונקניק,קילוגרמים,0.00,"ק""ג",true,0,29.00,29.00,true,1,
7290000928371,true,רבע כבש טרי )עצמי(. מחיר,שונות,IL,רבע כבש טרי,קילוגרמים,0.00,"ק""ג",true,0,79.90,79.90,true,1,
7290000928425,true,אסדו עם עצם טרי )עצמי( מ,שונות,IL,אסדו עם עצם טרי,קילוגרמים,0.00,"ק""ג",true,0,64.90,64.90,true,1,
7290000928753,true,חזה כבש טרי (עצמי) משקל,שונות,IL,חזה כבש טרי,קילוגרמים,0.00,"ק""ג",true,0,59.90,59.90,true,1,
7290000929415,true,חזה הודו נ.טרי ת. עצמי,שופרסל,IL,חזה הודו טרי,קילוגרמים,0.00,"ק""ג",true,0,29.90,29.90,true,1,
7290000929422,true,שוארמה הודו נ.טרי תפזורת,שונות,IL,שוארמה הודו טרי,קילוגרמים,0.00,"ק""ג",true,0,54.90,54.90,true,1,
7290000929453,true,שוק הודו נ.טרי ת.עצמי,שונות,IL,שוק הודו טרי,קילוגרמים,0.00,"ק""ג",true,0,28.90,28.90,true,1,
7290000929514,true,גרון הודו נ.טרי ת.עצמי,שונות,IL,גרון הודו טרי,קילוגרמים,0.00,"ק""ג",true,0,23.90,23.90,true,1,
7290000961552,true,פלפל כתום,קטיף.,IL,פלפל כתום,קילוגרמים,0.00,"ק""ג",true,0,7.90,7.90,true,1,
7290000961606,true,שורש גינגר,קטיף.,XX,שורש גינגר,קילוגרמים,0.00,"ק""ג",true,0,30.90,30.90,true,1,
7290000962474,true,חציל בלדי,קטיף.,IL,חציל בלדי,קילוגרמים,0.00,"ק""ג",true,0,7.90,7.90,true,1,
7290000963143,true,תפוח עץ מוזהב יבוא,קטיף.,IL,תפוח עץ מוזהב,קילוגרמים,0.00,"ק""ג",true,0,9.90,9.90,true,1,
7290000963280,true,תפוח עץ סטרקינג 70,קטיף.,XX,תפוח עץ סטרקינג,קילוגרמים,0.00,"ק""ג",true,0,8.90,8.90,true,1,
7290000963310,true,תפוח עץ קנזי,קטיף.,XX,"תפו""ע קנזי",קילוגרמים,0.00,"ק""ג",true,0,14.90,14.90,true,1,
7290000963372,true,תפוח עץ פינקריספי 70,קטיף.,XX,תפוח עץ פינקריספ,קילוגרמים,0.00,"ק""ג",true,0,14.90,14.90,true,1,
7290000963518,true,תפוח עץ סמיט 70,קטיף.,XX,תפוח עץ סמיט,קילוגרמים,0.00,"ק""ג",true,0,9.90,9.90,true,1,
7290000963686,true,תפוח עץ גאלה יבוא,קטיף.,XX,תפוח עץ גאלה,קילוגרמים,0.00,"ק""ג",true,0,12.90,12.90,true,1,
7290000963754,true,אגס קונפרנס,קטיף.,ES,אגס קונפרנס,קילוגרמים,0.00,"ק""ג",true,0,14.90,14.90,true,1,
7290000964300,true,תפוז,קטיף.,IL,תפוז,קילוגרמים,0.00,"ק""ג",true,0,4.90,4.90,true,1,
7290000964348,true,תפוז ברשת למיץ,קטיף.,IL,תפוז ברשת למיץ,קילוגרמים,0.00,"ק""ג",true,0,4.90,4.90,true,1,
7290000964379,true,אשכולית לבנה,קטיף.,IL,אשכולית לבנה,קילוגרמים,0.00,"ק""ג",true,0,6.90,6.90,true,1,
7290000964492,true,לימון תפזורת,קטיף.,IL,לימון,קילוגרמים,0.00,"ק""ג",true,0,8.90,8.90,true,1,
7290000964560,true,קלמנטינה,קטיף.,IL,קלמנטינה,קילוגרמים,0.00,"ק""ג",true,0,4.90,4.90,true,1,
7290000964775,true,בננה,קטיף.,IL,בננה,קילוגרמים,0.00,"ק""ג",true,0,7.90,7.90,true,1,
7290000964829,true,אגס ספדונה 55,קטיף.,IL,אגס ספדונה,קילוגרמים,0.00,"ק""ג",true,0,12.90,12.90,true,1,
7290000964980,true,אבוקדו,קטיף.,IL,אבוקדו,קילוגרמים,0.00,"ק""ג",true,0,10.90,10.90,true,1,
7290000965055,true,מלון מובחר,קטיף.,IL,מלון מובחר,קילוגרמים,0.00,"ק""ג",true,0,5.90,5.90,true,1,
7290000966328,true,אפרסמון סיני65,קטיף.,IL,אפרסמון סיני,קילוגרמים,0.00,"ק""ג",true,0,11.90,11.90,true,1,
7290000966656,true,קיווי מובחר שקיל,קטיף.,IL,קיווי,קילוגרמים,0.00,"ק""ג",true,0,17.90,17.90,true,1,
7290000976556,true,צנובר,דין שיווק,IL,צנובר,גרמים,0.00,"ק""ג",true,0,199.00,199.00,true,1,
7290000976761,true,אגוזים קלופים,דין שיווק,IL,אגוז קלוף,גרמים,0.00,"ק""ג",true,0,79.00,79.00,true,1,
7290000976846,true,פיסטוק חלבי קלוף,דין שיווק,IL,פיסטוק חלבי קלוף,גרמים,0.00,"ק""ג",true,0,199.00,199.00,true,1,
7290000976860,true,שקד מולבן חצאים,דין שיווק,IL,שקד מולבן חצאים,גרמים,0.00,"ק""ג",true,0,120.00,120.00,true,1,
7290000977010,true,קבוקים,דין שיווק,IL,קבוקים,גרמים,0.00,"ק""ג",true,0,35.00,35.00,true,1,
7290000977089,true,אגוז קאשיו טבעי,דין שיווק,IL,אגוז קאשיו טבעי,גרמים,0.00,"ק""ג",true,0,89.00,89.00,true,1,
7290000977454,true,גרעין שחור קלוי במלח,דין שיווק,IL,גרעין שחור קלוי,גרמים,0.00,"ק""ג",true,0,29.00,29.00,true,1,
7290000977751,true,צימוק לבן גדול,דין שיווק,IL,צימוק לבן גדול,גרמים,0.00,"ק""ג",true,0,44.00,44.00,true,1,
7290000977850,true,צימוק לבן קטן,דין שיווק,IL,צימוק לבן קטן,גרמים,0.00,"ק""ג",true,0,37.00,37.00,true,1,
7290000978383,true,תמר מהגול ענק תפזורת,דין שיווק,IL,תמר מהגול ענק,גרמים,0.00,"ק""ג",true,0,50.00,50.00,true,1,
7290000978895,true,פירות טרופיים/חמוציות,דין שיווק,IL,פירות טרופיים,גרמים,0.00,"ק""ג",true,0,70.00,70.00,true,1,
7290000979700,true,חסה לבבות יחידה,קטיף.,IL,חסה לבבות,יחידה,1.00,יחידה,false,0,9.90,9.90,true,1,
7290000982939,true,לוף פרסה-יחידה,קטיף.,IL,לוף פרסה-יחידה,יחידה,1.00,יחידה,false,0,8.90,8.90,true,1,
7290000992594,true,מצוננים חיסול מלאי,פרסקו,IL,מצוננים חיסול מלאי,יחידה,1.00,יחידה,false,0,5.90,5.90,true,1,
7290000993362,true,שום ישראלי יחידה,---,IL,שום ישראלי,יחידה,1.00,יחידה,false,0,7.90,7.90,true,1,
7290000993560,true,עגבניה שרי שוקו יחידה,קטיף.,IL,שרי שוקו  יח,יחידה,1.00,יחידה,false,0,9.90,9.90,true,1,
7290000998251,true,תות שדה ארוז,קטיף.,IL,תות שדה ארוז,גרמים,0.00,"ק""ג",true,1,24.00,24.00,true,1,
7290001006375,false,פסטרמה מקסיקני שופרסל קג,עוף טוב,IL,פסטרמה מקסיקני,קילוגרמים,0.00,"ק""ג",true,1,75.00,75.00,true,1,
7290001045220,false,מיץ תפוזים סחוט 2 ליטר,גניר,IL,מיץ תפוזים סחוט,ליטרים,2.00,ליטר,false,0,24.90,12.45,true,1,
7290001070611,false,"ג'ל חיטוי ידיים 100מ""ל",שניב תעשיות נייר,IL,ג'ל חיטויי ידיים,מיליליטרים,100.00,"100 מ""ל",false,1,9.90,9.90,true,1,
7290001123782,false,שווארמה הודו מוכן 500 גר,---,IL,שווארמה הודו,גרמים,500.00,100 גרם,false,0,25.90,5.18,true,1,
7290001199343,false,חזרת 180 גרם,סלטי ברדה,IL,חזרת 180 גרם,גרמים,180.00,100 גרם,false,0,8.40,4.67,true,1,
7290001216040,false,טחינה גולמית אל ארז 500ג,אגס ירוק מסחר ושירותים,IL,טחינה גולמית,גרמים,500.00,100 גרם,false,0,14.90,2.98,true,1,
7290001231932,false,ווינסטון כחול בוקס חפ.,jti,CH,ווינסטון כחול,יחידה,1.00,יחידה,false,0,31.50,31.50,false,1,
7290001247952,false,"תפוזינה משק""ל ענבים1.5ל","יפאורה תבורי בע""\מ",IL,תפוזינה ענבים,ליטרים,1.50,ליטר,false,0,6.20,4.13,true,1,
7290001258101,false,גאודה 28% במשקל,גבינות משק יעקבס,IL,גאודה בטעמים,קילוגרמים,0.00,"ק""ג",true,0,79.00,79.00,true,1,
7290001305058,false,סב.נוז.פלמול.חלב דבש500מ,קולגייט פלמוליב,TR,סב.נוזלי פלמוליב,מיליליטרים,500.00,"100 מ""ל",false,0,13.90,2.78,true,1,
7290001305188,false,פלמוליב לכלים צהוב 750מל,קולגייט-פלמוליב,GR,פלמוליב לכלים,מיליליטרים,750.00,"100 מ""ל",false,0,9.90,1.32,true,1,
7290001312995,false,בגט 280 גרם,גידרון,IL,באגט,יחידה,1.00,יחידה,false,0,4.50,4.50,true,1,
7290001327838,false,מאגדת מיני מגנום קלאסיק,שטראוס,IL,מאגדת מיני מגנום,גרמים,250.00,100 גרם,false,0,21.90,8.76,true,1,
7290001507667,false,מצות אורגניות,,IL,מצות אורגניות,גרמים,300.00,100 גרם,false,0,25.00,8.34,true,1,
7290001509470,false,שניצל דק טרי ארוז דיל,מילועוף,IL,שניצל דק טרי,קילוגרמים,0.00,"ק""ג",true,1,39.90,39.90,true,1,
7290001710111,false,נקניקיות מרגז חריפות 500,מעדני הטלה והעגל,IL,נקניקיות מרגז,גרמים,500.00,100 גרם,false,1,24.90,4.98,true,1,
7290001791349,false,פיסגה אקונומיקה ריחנית4ל,"סנו מפעלי ברונוס בע""מ",IL,אקונומיקה פיסגה,ליטרים,4.00,ליטר,false,0,9.90,2.48,true,1,
7290001791356,false,סנופרש אוטומטי לבנדר250מ,סנו מפעלי ברונוס בעמ,IL,סנופרש אוטומטי,מיליליטרים,250.00,"100 מ""ל",false,0,15.90,6.36,true,1,
7290001808238,false,חזה הודו טרי ארוז קג,קורניש,IL,חזה הודו טרי,קילוגרמים,0.00,"ק""ג",true,1,29.90,29.90,true,1,
7290001808252,false,שווארמה הודו טרי ארוז קג,קורניש,IL,שווארמה הודו טרי,קילוגרמים,0.00,"ק""ג",true,1,54.90,54.90,true,1,
7290001808269,false,כנף הודו נ.ארוז טרי קג,קורניש,IL,כנף הודו טרי,קילוגרמים,0.00,"ק""ג",true,1,17.90,17.90,true,1,
7290001817377,false,ציטוס איקס עיגול פיצה60ג,"שטראוס פריטו ליי בע""\מ )",IL,צ'יטוס איקס,גרמים,60.00,100 גרם,false,0,3.50,5.83,true,1,
7290001817728,false,צ'יטוס כאפה 55 גרם,"שטראוס פריטו ליי בע""\מ )",IL,צ'יטוס כפאה,גרמים,55.00,100 גרם,false,0,3.50,6.36,true,1,
7290001873441,false,המבורגר בלאק אנגוס 320 ג,טיבון ויל אחזקות בעמ,IL,המבורגר בלק אנגו,גרמים,320.00,100 גרם,false,1,24.90,7.78,true,1,
7290001875315,false,שניצל דק טרי פרימיום קג,עוף עוז,IL,שניצל דק פרימיום,קילוגרמים,0.00,"ק""ג",true,1,44.90,44.90,true,1,
7290001875339,false,כנפיים עוף טרי פרימיום ק,עוף עוז,IL,כנפיים -פרמיום ט,קילוגרמים,0.00,"ק""ג",true,1,14.90,14.90,true,1,
7290001946121,false,פפריקה בשמן,,IL,פפריקה בשמן,גרמים,400.00,100 גרם,false,0,17.90,4.48,true,1,
7290001989364,false,מקרל פרוס בשמן משקל,סלטי שמיר,IL,מקרל פרוס בשמן,קילוגרמים,0.00,"ק""ג",true,0,89.00,89.00,true,1,
7290002002635,false,שעוות הדבש משי לפנים80גר,ש.שוורץ,IL,שעווה לפנים,גרמים,80.00,100 גרם,false,0,17.80,22.25,true,1,
7290002007371,false,פירורי לחם 500 גרם,הנמל,IL,פירורי לחם,גרמים,500.00,100 גרם,false,0,5.90,1.18,true,1,
7290002019114,false,תרכיז עגבנ.פ.ניר28% 580ג,פרי ניר,IL,תרכיז עגבניות,גרמים,580.00,100 גרם,false,0,6.50,1.12,true,1,
7290002019763,false,עגבנ.מרוסקות פרי ניר800ג,פרי ניר,IL,עגבניות מרוסקות,גרמים,800.00,100 גרם,false,0,6.70,0.84,true,1,
7290002019794,false,רסק עגבניות מרוכז100גר,פרי ניר,IL,רסק עגבניות,גרמים,100.00,100 גרם,false,0,1.90,1.90,true,1,
7290002026341,false,ציפס בטטה 500 גרם,מוצרי איכות אמריקאיים,CA,ציפס בטטה,גרמים,500.00,100 גרם,false,12,17.90,3.58,true,1,
7290002037194,false,לחם שחור קמח מלא 750 גרם,"י.את.א.ברמן בע""\מ",IL,לחם שחור קמח מלא,גרמים,750.00,100 גרם,false,0,13.10,1.75,true,1,
7290002037637,false,חליות מתוקות 4 יח',מאפית ודש,IL,חליות מתוקות 4יח,גרמים,350.00,100 גרם,false,0,11.90,3.40,true,1,
7290002040019,false,קוסקוס רגיל 350 גרם,קוסקוס מזון,IL,קוסקוס רגיל,גרמים,350.00,100 גרם,false,0,4.90,1.40,true,1,
7290002040064,false,קוסקוס דק 350 גרם,קוסקוס מזון,IL,קוסקוס דק,גרמים,350.00,100 גרם,false,0,4.90,1.40,true,1,
7290002057048,false,זית סורי מבוקע 540 גרם,קבוצת יבנה,IL,זית סורי מבוקע,גרמים,540.00,100 גרם,false,0,11.50,2.13,true,1,
7290002057123,false,מנזנילו ירוק ל.גלעין540ג,קבוצת יבנה,IL,זית ללא גלעין,גרמים,540.00,100 גרם,false,0,8.90,1.65,true,1,
7290002057185,false,טבעות זיתים ירוקים540גרם,קבוצת יבנה,IL,טבעות זיתים,גרמים,540.00,100 גרם,false,0,9.30,1.72,true,1,
7290002057451,false,מלפפונים בחומץ 7-9 540גר,קבוצת יבנה,IL,מלפפונים בחומץ,גרמים,540.00,100 גרם,false,0,6.30,1.17,true,1,
7290002075233,false,אייסקונפקט 250 גרם,איישטי,DE,אייסקונפקט,גרמים,250.00,100 גרם,false,0,18.90,7.56,true,1,
7290002107743,false,צפתית מעודנת5%משק צוריאל,משק צוריאל תבור,IL,גבינה צפתית 5%,קילוגרמים,0.00,"ק""ג",true,0,57.00,57.00,true,1,
7290002129479,false,פיצה איטלקית דקה 320גרם,נטו,IT,פיצה איטלקית דקה,גרמים,320.00,100 גרם,false,1,12.90,4.03,true,1,
7290002129844,false,קשתית טרי מוכשר צרפת לקג,,FR,קשתית טרי,קילוגרמים,0.00,"ק""ג",true,1,32.00,32.00,true,1,
7290002130567,false,דבש טהור יד מרדכי 350גרם,מכוורת יד מרדכי שטראוס ב,IL,דבש טהור,גרמים,350.00,100 גרם,false,0,15.00,4.29,true,1,
7290002133117,false,בולגרית מעודנת 5% במשקל,מחלבת השומרון,IL,גבינה בולגרית 5%,קילוגרמים,0.00,"ק""ג",true,0,55.00,55.00,true,1,
7290002133162,false,גב.בולגרית של פעם5% 250ג,מחלבת השומרון,IL,גבינה בולגרית 5%,גרמים,250.00,100 גרם,false,0,18.90,7.56,true,1,
7290002133858,false,בולגרית צאן בגביע 250 גר,מחלבת השומרון,IL,בולגרית צאן,גרמים,250.00,100 גרם,false,0,21.70,8.68,true,1,
7290002150107,false,קובה בשר 1קג,חמים וטעים,IL,קובה בורגול,גרמים,1000.00,100 גרם,false,0,29.90,2.99,true,1,
7290002150336,false,פלאפל 800 גרם,חמים וטעים,IL,פאלפל אמיתי,גרמים,800.00,100 גרם,false,0,19.90,2.49,true,1,
7290002196730,false,חרוסת,,,חרוסת,גרמים,250.00,100 גרם,false,0,10.00,4.00,true,1,
7290002204275,false,קיווי מובחר ארוז  שקיל,קטיף.,IL,קיווי מובחר,קילוגרמים,0.00,"ק""ג",true,1,17.90,17.90,true,1,
7290002241164,false,פילה בקלה 1קג יח,---,CN,פילה בקלה 1קג יח,גרמים,1000.00,100 גרם,false,0,19.90,1.99,true,1,
7290002253105,false,שום במגשית 80 גרם,דורות,IL,שום כתוש קפוא,גרמים,80.00,100 גרם,false,0,12.90,16.13,true,1,
7290002253310,false,שום חריף 80 גרם,דורות,IL,שום חריף 80 גרם,גרמים,80.00,100 גרם,false,1,12.90,16.13,true,1,
7290002281436,false,סטייק טונה ע.עור80%דג קפ,דלידג - נטו,VN,סטייק טונה בהירה,קילוגרמים,0.00,"ק""ג",true,1,59.90,59.90,true,1,
7290002281917,false,חזה מס3' חלק קפוא קג,פניסקו,AR,חזה מס3' קפוא,קילוגרמים,0.00,"ק""ג",true,1,34.90,34.90,true,1,
7290002323198,false,ספרינג מיץ תפוחים 1.5 ל',"יפאורה תבורי בע""\מ",IL,ספרינג תפוחים,ליטרים,1.50,ליטר,false,0,6.20,4.13,true,1,
7290002331322,false,מים מינרל.נביעות 1.5*6ל,נביעות טבע הגליל בעמ,IL,מים נביעות 6 יח,ליטרים,9.00,ליטר,false,0,10.90,1.21,true,1,
7290002331490,false,נביעות מים מינרלים 1 ל,נביעות טבע הגליל בעמ,IL,מים נביעות,ליטרים,1.00,ליטר,false,0,3.30,3.30,true,1,
7290002345015,false,סינטה דק דק אל גאוצו 250,"טיבון ויל אחזקות בע""\מ",IL,סינטה דק דק,גרמים,250.00,100 גרם,false,1,27.90,11.16,true,1,
7290002345114,false,סטייק דג טונה קפואללאעור,,VN,סטייק דג טונה,קילוגרמים,0.00,"ק""ג",true,1,39.90,39.90,true,1,
7290002345435,false,פילה מרלוזה ארגנטינאיתקפ,דלידג - נטו,IL,פילה מרלוזה קפוא,קילוגרמים,0.00,"ק""ג",true,1,29.90,29.90,true,1,
7290002371533,false,סלסולי פסטרמה דבש 120 גר,טיב טירת צבי 2000,IL,סלסולי פסטרמה,גרמים,120.00,100 גרם,false,0,14.90,12.42,true,1,
7290002371571,false,פסטרמה פרגיות לבגט במשקל,טירת צבי,IL,פסטרמה פרגיות,קילוגרמים,0.00,"ק""ג",true,0,85.00,85.00,true,1,
7290002385196,false,רוקפור דייניש בלו29%משקל,,DK,גבינת רוקפור בלו,קילוגרמים,0.00,"ק""ג",true,1,139.00,139.00,true,1,
7290002472148,false,עוגת קצפת בלק פורסט600גר,גידרון,IL,עוגת בלק פורסט,גרמים,600.00,100 גרם,false,0,39.90,6.65,true,1,
7290002478416,false,קבב טורקי 800 גרם,מעדני הטלה והעגל,IL,קבב טורקי,גרמים,800.00,100 גרם,false,0,49.90,6.24,true,1,
7290002485001,false,חומוס מסעדות 250גרם,סלטי שמיר,IL,סלט חומוס,גרמים,250.00,100 גרם,false,0,8.90,3.56,true,1,
7290002485056,false,חומוס אבו גוש 250גרם,סלטי שמיר,IL,חומוס אבו גוש,גרמים,250.00,100 גרם,false,0,8.90,3.56,true,1,
7290002507277,false,קציצות דג 700 גרם,דלידג - נטו,IL,קציצות דג 700 גר,יחידה,1.00,יחידה,false,1,24.90,24.90,true,1,
7290002507604,false,פיצה השף מאיטלה שגב 320,שגב,IT,פיצה השף שגב,גרמים,320.00,100 גרם,false,1,16.90,5.28,true,1,
7290002517337,false,אורגנו עלים 20 גרם,תבליני טעם וריח,IL,אורגנו עלים,גרמים,20.00,100 גרם,false,0,6.80,34.00,true,1,
7290002517863,false,ציפורן טחון 40 גרם,תבליני טעם וריח,IL,ציפורן טחון,גרמים,40.00,100 גרם,false,0,11.80,29.50,true,1,
7290002543237,false,קלוג'ס קורנפלקס 750 גרם,קלוג'ס,GB,קורנפלקס קלוגס,גרמים,750.00,100 גרם,false,0,15.90,2.12,true,1,
7290002651123,false,מלווח חמסי 5יח 1קג,חמסי,IL,מלווח חמסי,גרמים,1000.00,100 גרם,false,0,15.90,1.59,true,1,
7290002651253,false,גחנון אפוי חמסי 600 גרם,חמסי,IL,גחנון אפוי חמסי,גרמים,600.00,100 גרם,false,1,17.90,2.98,true,1,
7290002661153,false,"לחם דני קל 1 ק""ג","י.את.א.ברמן בע""\מ",IL,לחם דני קל,גרמים,1000.00,100 גרם,false,0,16.50,1.65,true,1,
7290002661979,false,קרקר פריך פישתן100 כשלפ,אבונט ק.פ.ט.,HU,"קרקר פריך כשל""פ",גרמים,100.00,100 גרם,false,1,7.90,7.90,true,1,
7290002684015,false,עוף שלם טרי שופרסל,קורניש,IL,עוף שלם טרי,קילוגרמים,0.00,"ק""ג",true,1,18.90,18.90,true,1,
7290002684022,false,כרעיים ע.טרי שופרסל,קורניש,IL,כרעיים עוף טרי,קילוגרמים,0.00,"ק""ג",true,1,25.90,25.90,true,1,
7290002684039,false,קוקטייל טרי שופרסל,קורניש,IL,קוקטייל עוף טרי,קילוגרמים,0.00,"ק""ג",true,1,25.90,25.90,true,1,
7290002684046,false,ירכיים ע.טרי שופרסל,קורניש,IL,ירכיים עוף טרי,קילוגרמים,0.00,"ק""ג",true,1,27.90,27.90,true,1,
7290002684053,false,חזה עוף טרי שופרסל,קורניש,IL,חזה עוף טרי,קילוגרמים,0.00,"ק""ג",true,1,31.90,31.90,true,1,
7290002684077,false,שניצל עוף טרי שופרסל,קורניש,IL,שניצל עוף טרי,קילוגרמים,0.00,"ק""ג",true,1,34.90,34.90,true,1,
7290002684084,false,שניצל דק דק טרי שופרסל,קורניש,IL,שניצל דק דק טרי,קילוגרמים,0.00,"ק""ג",true,1,39.90,39.90,true,1,
7290002684091,false,פרגיות עוף טרי שופרסל,קורניש,IL,פרגיות עוף טרי,קילוגרמים,0.00,"ק""ג",true,1,54.90,54.90,true,1,
7290002684107,false,שוקיים עוף טרי שופרסל,קורניש,IL,שוקיים עוף טרי,קילוגרמים,0.00,"ק""ג",true,1,32.90,32.90,true,1,
7290002684114,false,כנפיים עוף טרי שופרסל,קורניש,IL,כנפיים עוף טרי,קילוגרמים,0.00,"ק""ג",true,1,11.90,11.90,true,1,
7290002684121,false,כבד עוף טרי שופרסל,קורניש,IL,כבד עוף טרי,קילוגרמים,0.00,"ק""ג",true,1,19.90,19.90,true,1,
7290002684138,false,לב עוף טרי שופרסל קג,קורניש,IL,לב עוף טרי,קילוגרמים,0.00,"ק""ג",true,1,23.90,23.90,true,1,
7290002684152,false,עופיון טרי ארוז קג,קורניש,IL,עופיון טרי ארוז,קילוגרמים,0.00,"ק""ג",true,1,39.90,39.90,true,1,
7290002692393,false,שמן קנולה מועשר 1 ליטר,שמן תעשיות,IL,שמן קנולה מועשר,ליטרים,1.00,ליטר,false,0,13.80,13.80,true,1,
7290002692553,false,"זיתולה עץ הזית 750 מ""ל",שמן תעשיות,IL,זיתולה עץ הזית,מיליליטרים,750.00,"100 מ""ל",false,0,11.90,1.59,true,1,
7290002730316,false,משחת שיניים קולגייט3 75*,---,PL,משחת שיניים,מיליליטרים,225.00,"100 מ""ל",false,0,18.00,8.00,true,1,
7290002730675,false,"משחת קולגייט אדום 100מ""ל",קולגייט פלמוליב,BE,משחת שיניים,מיליליטרים,100.00,"100 מ""ל",false,0,9.90,9.90,true,1,
7290002766056,false,עגבניה שרי תמר יחידה,קטיף.,IL,עגבניה שרי תמר,יחידה,1.00,יחידה,false,1,9.90,9.90,true,1,
7290002812522,false,פרלמנט ארוך RCB חפיסה,פיליפ מוריס,,פרלמנט ארוך יח,יחידה,1.00,יחידה,false,0,39.50,39.50,false,1,
7290002814160,false,מסיר שומנים סנט מוריץ 1ל,קומפלקס כימיקלים,IL,מסיר שומנים,ליטרים,1.00,ליטר,false,1,15.90,15.90,true,1,
7290002814290,false,קצף אקונומיקה בלאנקו 1 ל,קומפלקס כימיקלים בעמ,IL,קצף אקונומיקה,ליטרים,1.00,ליטר,false,1,14.90,14.90,true,1,
7290002814528,false,נוזל לאסלה מס' 1 1 ליטר,קומפלקס כימיקלים,IL,נוזל לאסלה מס' 1,ליטרים,1.00,ליטר,false,0,6.90,6.90,true,1,
7290002814610,false,מסיר שומנים לימון1ליטר,קומפלקס כימיקלים בעמ,IL,מסיר שומנים,ליטרים,1.00,ליטר,false,0,14.90,14.90,true,1,
7290002814928,false,פרלמנט קצר בודד,פיליפ מוריס,IL,פרלמנט קצר בודד,יחידה,1.00,יחידה,false,0,39.50,39.50,false,1,
7290002824183,false,גב.סקי משפחתי5%שומן500ג,"שטראוס בריאות בע""\מ",IL,גבינת סקי 5%,גרמים,500.00,100 גרם,false,0,9.50,1.90,true,1,
7290002824466,false,יוגורט ביו 0% דנונה 200ג,"שטראוס בריאות בע""\מ",IL,יוגורט ביו 0%,גרמים,200.00,100 גרם,false,0,3.70,1.85,true,1,
7290002824640,false,גב.סקי5%לבנה מעודנת250ג,"שטראוס בריאות בע""\מ",IL,גבינת סקי 5%,גרמים,250.00,100 גרם,false,0,4.75,1.90,true,1,
7290002833525,false,מרלבורו רד קצר בוקס חפ.,פיליפ מוריס,,מרלבורו רד חפיסה,יחידה,1.00,יחידה,false,0,34.00,34.00,false,1,
7290002833923,false,פרלמנט סילבר חפיסה,פיליפ מוריס,US,פרלמנט סילבר,יחידה,1.00,יחידה,false,0,39.50,39.50,false,1,
7290002842439,false,מיץ שזיפים,,US,מיץ שזיפים,מיליליטרים,946.00,"100 מ""ל",false,0,18.90,2.00,true,1,
7290002859512,false,חזה אווז קפוא לקג,שונות,HU,חזה אווז קפוא,קילוגרמים,0.00,"ק""ג",true,0,79.90,79.90,true,1,
7290002862017,false,שום כתוש 250 גרם,"הררית מזון בע""מ",IL,שום כתוש,גרמים,250.00,100 גרם,false,0,10.00,4.00,true,1,
7290002862109,false,פירורי לחם מוזהבים 400 ג,"הררית מזון בע""מ",ES,פירורי לחם מוזהב,גרמים,400.00,100 גרם,false,1,6.90,1.73,true,1,
7290002862369,false,עמבה בצנצנת,,IL,עמבה בצנצנת,גרמים,260.00,100 גרם,false,0,13.90,5.35,true,1,
7290002868996,false,קוטג' 5% רכיבים טבעי250ג,טרה,IL,קוטג' 5% 250גרם,גרמים,250.00,100 גרם,false,0,5.40,2.16,true,1,
7290002871248,false,"טובורג רד בק.חוזר 500מ""ל",מבשלות בירה בינלאומיות ב,IL,בירה טובורג רד,מיליליטרים,500.00,"100 מ""ל",false,0,8.60,1.72,true,1,
7290002871446,false,פריגת ענבים 1.5 ליטר,מבשלות בירה בינלאומיות ב,IL,פריגת ענבים,ליטרים,1.50,ליטר,false,0,6.70,4.47,true,1,
7290002871460,false,פריגת תפוזים 1.5 ליטר,מבשלות בירה בינלאומיות ב,IL,פריגת תפוזים,ליטרים,1.50,ליטר,false,0,6.70,4.47,true,1,
7290002871477,false,פריגת אשכוליות 1.5 ליטר,מבשלות בירה בינלאומיות ב,IL,פריגת אשכוליות,ליטרים,1.50,ליטר,false,0,6.70,4.47,true,1,
7290002874629,false,פרלמנט ארוך RCB בלו חפ,פיליפ מוריס,,פרלמנט ארוך יח,יחידה,1.00,יחידה,false,0,39.50,39.50,false,1,
7290002881216,false,"רסק תפו""ע דיאט צנצנת720ג",KONSERVENFABRI BALTUSSEN,NL,"רסק תפו""ע דיאט",גרמים,720.00,100 גרם,false,0,10.00,1.39,true,1,
7290002886925,false,מרלבורו גולד קצר בוקס,פיליפ מוריס,US,מרלבורו גולד קצר,יחידה,1.00,יחידה,false,0,34.00,34.00,false,1,
7290002929642,false,טונה בשמן 4 יח,,TH,טונה בשמן 4 יח,גרמים,560.00,100 גרם,false,0,19.90,3.55,true,1,
7290002986225,false,עוגיות יין גלגל גדול 400,אחים גטניו,IL,עוגיות יין גלגל,גרמים,400.00,100 גרם,false,0,11.90,2.98,true,1,
7290002986539,false,עוגיות יין פריכות 250גרם,אחים גטניו,IL,עוגיות יין,גרמים,250.00,100 גרם,false,0,11.90,4.76,true,1,
7290002986843,false,כעכי יין בשקית 300 גרם,אחים גטניו,IL,כעכי יין בשקית,גרמים,300.00,100 גרם,false,0,11.90,3.97,true,1,
7290002986850,false,עוגיות יין גלגל קטן350גר,אחים גטניו,IL,עוגיות יין,גרמים,350.00,100 גרם,false,1,11.90,3.40,true,1,
7290002987963,false,"חומוס אחלה 1 ק""ג","שטראוס גרופ בע""\מ",IL,"חומוס אחלה 1 ק""ג",קילוגרמים,1.00,"ק""ג",false,0,13.90,13.90,true,1,
7290003009626,false,סירופ פטל פריגת 1.5 ליטר,גת גבעת חיים,IL,סירופ פטל,ליטרים,1.50,ליטר,false,0,18.90,12.60,true,1,
7290003023165,false,שוקו בכד יטבתה 2 ליטר,מחלבת יטבתה,IL,שוקו בכד יטבתה,ליטרים,2.00,ליטר,false,0,19.90,9.95,true,1,
7290003029181,false,שוקו יטבתה בבקבוק 1 ליטר,מחלבת יטבתה,IL,שוקו יטבתה,ליטרים,1.00,ליטר,false,0,11.90,11.90,true,1,
7290003029433,false,שוקו יטבתה+פקק נשלף 250מ,מחלבת יטבתה,IL,שוקו יטבתה,מיליליטרים,250.00,"100 מ""ל",false,0,5.50,2.20,true,1,
7290003029792,false,שוקו יטבתה מארז 225*8 מל,מחלבת יטבתה,IL,שקיות שוקו 8 יח',ליטרים,1.80,ליטר,false,0,18.90,10.50,true,1,
7290003029815,false,חלב מועשר יטבתה 3%כד 2ל',מחלבת יטבתה,IL,חלב מועשר יטבתה,ליטרים,2.00,ליטר,false,0,15.00,7.50,true,1,
7290003029907,false,אייס קפה יטבתה 2% 1ל,מחלבת יטבתה,IL,אייס קפה יטבתה,ליטרים,1.00,ליטר,false,0,11.90,11.90,true,1,
7290003047642,false,ליפטון ילו לייבל100ש1.5*,יוניליוור,RU,תה ילו לייבל,גרמים,150.00,100 גרם,false,0,10.00,6.66,true,1,
7290003056941,false,5 פיתות ארוזות,,IL,5 פיתות ארוזות,יחידה,1.00,יחידה,false,0,7.90,7.90,true,1,
7290003069583,false,סטייק דג סלמון פרוס קפוא,דלידג - נטו,CL,סטייק סלמון קפוא,קילוגרמים,0.00,"ק""ג",true,0,64.90,64.90,true,1,
7290003069590,false,פילה סול קפוא 1קג יח,נטו,CN,פילה סול קפוא,גרמים,1000.00,100 גרם,false,0,29.90,2.99,true,1,
7290003107216,false,"קמח לבן 1 ק""ג",טחנת קמח דגן לישראל,IL,קמח לבן,קילוגרמים,1.00,"ק""ג",false,0,4.90,4.90,true,1,
7290003107223,false,"סולת 1 ק""ג",טחנת קמח דגן לישראל,IL,סולת,קילוגרמים,1.00,"ק""ג",false,0,4.90,4.90,true,1,
7290003107360,false,קמח לבן בהיר ללא ניפוי1ק,"שטיבל בע""מ",IL,קמח לבן בהיר,קילוגרמים,1.00,"ק""ג",false,1,8.90,8.90,true,1,
7290003115563,false,כרעי עוף טרי ארוז דיל,מילועוף,IL,כרעי עוף טרי,קילוגרמים,0.00,"ק""ג",true,0,25.90,25.90,true,1,
7290003115587,false,שוקי עוף טרי ארוז דיל,מילועוף,IL,שוקיים עוף טרי,קילוגרמים,0.00,"ק""ג",true,0,32.90,32.90,true,1,
7290003119110,false,קוקה קולה 1.5*6 ליטר,החברה המרכזית לייצור משק,IL,קוקה קולה 1.5*6ל,ליטרים,9.00,ליטר,false,0,36.90,4.10,true,1,
7290003119165,false,קוקה קולה דיאט 1.5*6ל,החברה המרכזית לייצור משק,IL,קולה דיאט 6 יח,ליטרים,9.00,ליטר,false,0,36.90,4.10,true,1,
7290003144082,false,עוגות אישיות צ'וקטה300גר,קונדיטוריה אס.פי.אי,IT,עוגות אישיות,גרמים,300.00,100 גרם,false,1,15.80,5.27,true,1,
7290003144204,false,עוגות אישיות מריר 240גרם,קונדיטוריה אס.פי.אי,IT,עוגות אישיות,גרמים,240.00,100 גרם,false,1,15.80,6.58,true,1,
7290003189274,false,בנוסח מעושנת גליל26%משקל,תעש' מזון יבנה,IL,בנוסח מעושנת,קילוגרמים,0.00,"ק""ג",true,0,43.00,43.00,true,1,
7290003229116,false,פסטרמה הודו בדבש 400 גרם,טיב טירת צבי 2000,IL,פסטרמה הודו בדבש,גרמים,400.00,100 גרם,false,0,27.90,6.97,true,1,
7290003231270,false,דאו.דאב סטיק פרש טאצ50'ג,יוניליוור,PH,דאודורנט דאב,גרמים,50.00,100 גרם,false,0,14.90,29.80,true,1,
7290003321155,false,דנונה בר פקאן 183 גרם,"שטראוס בריאות בע""\מ",IL,דנונה בר פקאן,גרמים,183.00,100 גרם,false,0,4.60,2.51,true,1,
7290003321292,false,גב.סקי 9% שומן 250 גרם,"שטראוס בריאות בע""\מ",IL,גבינת סקי 9%,גרמים,250.00,100 גרם,false,0,4.80,1.92,true,1,
7290003329502,false,צלי כתף מס' 5 חלק קג,בלדי,PY,צלי כתף מס' 5חלק,קילוגרמים,0.00,"ק""ג",true,1,49.90,49.90,true,1,
7290003387410,false,פדים להסרת איפור 80*3 יח,ספטונה,GR,פדים בלונס 3 יח,יחידה,1.00,יחידה,false,0,24.60,24.60,true,1,
7290003525461,false,סלט טונה פיקנטי,,IL,סלט טונה פיקנטי,גרמים,160.00,100 גרם,false,0,6.00,3.75,true,1,
7290003570164,false,מינוט שווארמה פרגית 300,בלדי,IL,מינוט פרגית,גרמים,300.00,100 גרם,false,1,29.90,9.97,true,1,
7290003578061,false,לבבות דקל שלם,,EC,לבבות דקל שלם,גרמים,400.00,100 גרם,false,0,9.80,2.45,true,1,
7290003608089,false,ספרינג תות-בננה 1.5 ליטר,"יפאורה תבורי בע""\מ",IL,ספרינג תות בננה,ליטרים,1.50,ליטר,false,0,6.20,4.13,true,1,
7290003608546,false,תפוזינה תות בננה 1.5ליטר,"יפאורה תבורי בע""\מ",IL,תפוזינה תות בננה,ליטרים,1.50,ליטר,false,0,6.20,4.13,true,1,
7290003643004,false,אורז בסמטי קלאסי בשקית1ק,"סוגת תעשיות בע""מ",IL,אורז בסמטי קלאסי,קילוגרמים,1.00,"ק""ג",false,0,13.90,13.90,true,1,
7290003643387,false,"סוכר לבן צנצנת 1 ק""ג","סוגת תעשיות בע""מ",IL,סוכר לבן צנצנת,קילוגרמים,1.00,"ק""ג",false,0,7.90,7.90,true,1,
7290003643646,false,"סוכר דמררה צנצנת 1 ק""ג","סוגת תעשיות בע""מ",IL,סוכר דמררה,קילוגרמים,1.00,"ק""ג",false,0,10.00,10.00,true,1,
7290003643745,false,כוסמת 500 גרם,"סוגת תעשיות בע""מ",IL,כוסמת,גרמים,500.00,100 גרם,false,0,5.90,1.18,true,1,
7290003643769,false,עדשים אדומות 500 גרם,"סוגת תעשיות בע""מ",IL,עדשים אדומות,גרמים,500.00,100 גרם,false,0,6.90,1.38,true,1,
7290003667369,false,פריגת מיקס תות-בננה1.5ל,מבשלות בירה בינלאומיות ב,IL,פריגת תות בננה,ליטרים,1.50,ליטר,false,0,6.70,4.47,true,1,
7290003667673,false,פנטה דיאט אורנג' 1.5ליטר,החברה המרכזית לייצור משק,IL,פנטה דיאט אורנג',ליטרים,1.50,ליטר,false,0,6.70,4.47,true,1,
7290003681785,false,"אורז פרסי זהב 1 ק""ג",מיה,IL,אורז פרסי,קילוגרמים,1.00,"ק""ג",false,0,8.90,8.90,true,1,
7290003744428,false,אובלטים+קימל שקית 300 גר,"ברט בע""מ",IL,אובלטים מלוחים,גרמים,300.00,100 גרם,false,0,10.90,3.63,true,1,
7290003781904,false,ספגטי דונה רוזה מס8' 500,אובה,TR,ספגטי דונה רוז,גרמים,500.00,100 גרם,false,0,4.90,0.98,true,1,
7290003905331,false,שוק.חלב+שברי אגוזים100גר,שטראוס,IL,שוק.חלב אגוזים,גרמים,100.00,100 גרם,false,0,5.50,5.50,true,1,
7290003989096,false,חציל פיקנטי אחלה 500 גרם,"שטראוס גרופ בע""\מ",IL,חציל פיקנטי אחלה,גרמים,500.00,100 גרם,false,0,15.50,3.10,true,1,
7290003996018,false,חסה ערבית חסלט יחידה,קטיף.,XX,חסה ערבית חסלט,יחידה,1.00,יחידה,false,0,6.90,6.90,true,1,
7290003996049,false,פטרוזיליה חסלט  יחידה,קטיף.,XX,פטרוזיליה חסלט,יחידה,1.00,יחידה,false,0,5.90,5.90,true,1,
7290003996087,false,"בצל ירוק חסל""ט",קטיף.,IL,"בצל ירוק חסל""ט",יחידה,1.00,יחידה,false,0,7.90,7.90,true,1,
7290004011826,false,מיני המבורגר אלגאוצו320,---,IL,מיני המבורגר,גרמים,320.00,100 גרם,false,0,23.90,7.47,true,1,
7290004030025,false,מיץ תפוזים סחוט שמוטי2ל,פרי ניב,IL,מיץ תפוזים סחוט,ליטרים,2.00,ליטר,false,0,24.90,12.45,true,1,
7290004030100,false,מיץ תפוזים ולנסיה 1 ליטר,פרי ניב,IL,מיץ תפוזי ולנסיה,ליטרים,1.00,ליטר,false,1,14.90,14.90,true,1,
7290004068912,false,גרנה פדנו במשקל,מחלבות גד,IL,גרנה פדנו מעדניה,קילוגרמים,0.00,"ק""ג",true,1,125.00,125.00,true,1,
7290004068950,false,מוצרלה לפיצה במשקל,מחלבות גד,IL,מוצרלה לפיצה,קילוגרמים,0.00,"ק""ג",true,1,85.00,85.00,true,1,
7290004119225,false,יופלה אננס 3% 150 גרם,תנובה בעמ,IL,יופלה אננס 3%,גרמים,150.00,100 גרם,false,0,5.00,3.33,true,1,
7290004119522,false,"שוקו תנובה בשקית 225 מ""ל",תנובה,IL,שוקו בשקית,מיליליטרים,225.00,"100 מ""ל",false,0,2.80,1.24,true,1,
7290004122195,false,גוש חלב פרוס28% 200מהדרי,תנובה,IL,גבינה גוש חלב,גרמים,200.00,100 גרם,false,0,13.80,6.90,true,1,
7290004122270,false,עמק פרוס סגירה חוזרת 200,תנובה,IL,גבינת עמק פרוס,גרמים,200.00,100 גרם,false,0,15.80,7.90,true,1,
7290004122683,false,אצבעות עמק חטיף גבינה172,תנובה,IL,אצבעות עמק,גרמים,172.00,100 גרם,false,0,16.40,9.53,true,1,
7290004124847,false,קצפת צמחית השף הלבן500מל,סוי מג'יק,IL,קצפת צמחית,מיליליטרים,500.00,"100 מ""ל",false,0,16.40,3.28,true,1,
7290004125400,false,"אשל מהדרין 4.5% 200 מ""ל",תנובה,IL,אשל 4.5% שומן,מיליליטרים,200.00,"100 מ""ל",false,0,1.61,0.81,true,1,
7290004125455,false,שמנת תנובה 15%שומן200מל,תנובה,IL,שמנת תנובה 15%,מיליליטרים,200.00,"100 מ""ל",false,0,2.28,1.14,true,1,
7290004125509,false,שמנת חמוצה15% חצי מנה100,תנובה,IL,שמנת חמוצה 15%,מיליליטרים,100.00,"100 מ""ל",false,0,1.70,1.70,true,1,
7290004125578,false,משקה סויה מועשר בסידן1ל,סוי מג'יק,IL,משקה סויה,ליטרים,1.00,ליטר,false,0,10.90,10.90,true,1,
7290004125721,false,שמנת בישול-15%שף לבן250מ,תנובה,IL,שמנת לבישול15%,מיליליטרים,250.00,"100 מ""ל",false,0,8.30,3.32,true,1,
7290004125776,false,גב.עמק פרוס 28%קופסא400ג,תנובה,IL,גבינת עמק פרוס,גרמים,400.00,100 גרם,false,0,27.80,6.95,true,1,
7290004126650,false,גבינה צפתית 5% משקל,תנובה,IL,גבינה צפתית 5%,קילוגרמים,0.00,"ק""ג",true,0,49.00,49.00,true,1,
7290004127077,false,קוטג' תנובה 3% שומן 250,מחלבת אלון תבור,IL,קוטג' 3% שומן,גרמים,250.00,100 גרם,false,0,5.50,2.20,true,1,
7290004127329,false,קוטג' 5% 250 גרם בעלז,מחלבת אלון תבור,IL,קוטג' תנובה 5%,גרמים,250.00,100 גרם,false,0,5.50,2.20,true,1,
7290004127336,false,קוטג' תנובה 9% שומן 250ג,מחלבת אלון תבור,IL,קוטג' תנובה 9%,גרמים,250.00,100 גרם,false,0,5.50,2.20,true,1,
7290004127800,false,גב.לבנה 5% שומן 500 גרם,מחלבת אלון תבור,IL,גבינה לבנה 5%,גרמים,500.00,100 גרם,false,0,9.50,1.90,true,1,
7290004127817,false,גב.לבנה 9% שומן 500 גרם,מחלבת אלון תבור,IL,גבינה לבנה 9%,גרמים,500.00,100 גרם,false,0,9.50,1.90,true,1,
7290004127862,false,גבינה לבנה 5% 750 גרם,מחלבת אלון תבור,IL,גבינה לבנה 5%,גרמים,750.00,100 גרם,false,0,14.25,1.90,true,1,
7290004129118,false,גב.נפולאון טעם זיתים225ג,מחלבת אלון תבור,IL,גבינת נפוליאון,גרמים,225.00,100 גרם,false,0,13.90,6.18,true,1,
7290004130695,false,משקה אייס קפה בקבוק1ליטר,תנובה,IL,משקה אייס קפה,ליטרים,1.00,ליטר,false,0,12.50,12.50,true,1,
7290004131074,false,חלב בקרטון 3% שומן 1 ל',---,IL,חלב בקרטון 3%,ליטרים,1.00,ליטר,false,0,5.94,5.94,true,1,
7290004131531,false,שוקו תנובה בקבוק 1 ליטר,תנובה,IL,שוקו בקבוק,ליטרים,1.00,ליטר,false,0,12.80,12.80,true,1,
7290004131814,false,פיראוס צפתית מעוד5% 200ג,תנובה,IL,פיראוס צפתית5%,גרמים,200.00,100 גרם,false,0,14.90,7.45,true,1,
7290004132231,false,"משקה חלב לקפה 800 מ""ל",תנובה,IL,משקה חלב לקפה,מיליליטרים,800.00,"100 מ""ל",false,0,6.70,0.84,true,1,
7290004133511,false,יופלה לבן מעוד1.5% 150*8,מחלבת אלון תבור,IL,יופלה מעודן 8 יח,קילוגרמים,1.20,"ק""ג",false,0,20.40,17.00,true,1,
7290004133627,false,חלב על הבוקר וניל 3% 1 ל,תנובה,IL,חלב על הבוקר 3%,ליטרים,1.00,ליטר,false,0,8.00,8.00,true,1,
7290004136130,false,"שוקו תנובה בקבוק 340 מ""ל",תנובה,IL,שוקו תנובה בקבוק,מיליליטרים,340.00,"100 מ""ל",false,0,6.50,1.91,true,1,
7290004136598,false,מארז הפסקת אוכל,תנובה,IL,חלב עם דגנים,יחידה,1.00,יחידה,false,0,9.50,9.50,true,1,
7290004136871,false,מעדן ג'לי אפרסק+חתיכ125.,סוי מג'יק,IL,מעדן ג'לי אפרסק,גרמים,125.00,100 גרם,false,0,2.80,2.24,true,1,
7290004137021,false,שמנת לבישול 10%שומן250מ,תנובה,IL,שמנת לבישול10%,מיליליטרים,250.00,"100 מ""ל",false,0,8.30,3.32,true,1,
7290004137311,false,גבינת עמק 9% 400 גרם,תנובה,IL,גבינת עמק 9%,גרמים,400.00,100 גרם,false,0,30.90,7.73,true,1,
7290004199173,false,כפפות לטקס איזי טאץ100יח,LTD G.G.CO,TH,כפפות לטקס M,יחידה,1.00,יחידה,false,0,26.90,26.90,true,1,
7290004225278,false,בסגנון דנבלו,,IL,בסגנון דנבלו,קילוגרמים,0.00,"ק""ג",true,0,69.00,69.00,true,1,
7290004225285,false,בסגנון דנאבלו,,DK,בסגנון דנאבלו,גרמים,100.00,100 גרם,false,0,10.00,10.00,true,1,
7290004256753,false,עלי בצק למילוי סגרים 450,---,IL,עלי בצק למילוי,גרמים,450.00,100 גרם,false,1,11.90,2.64,true,1,
7290004554354,false,גל.פנטסיה שוקו-וניל חלבי,שטראוס,IL,"גלידת ""פנטסיה""",ליטרים,1.00,ליטר,false,0,16.90,16.90,true,1,
7290004584528,false,יוגורט ביו 1.7%דנונה200ג,"שטראוס בריאות בע""\מ",IL,יוגורט ביו 1.7%,גרמים,200.00,100 גרם,false,0,3.70,1.85,true,1,
7290004611590,false,עוף טרי מחולק,שונות,IL,עוף טרי מחולק,קילוגרמים,0.00,"ק""ג",true,0,21.90,21.90,true,1,
7290004645427,false,פילה אמנון קפוא ללא עור,רוזנרס,CN,פילה אמנון קפוא,קילוגרמים,0.00,"ק""ג",true,1,39.90,39.90,true,1,
7290004725600,false,גבינה סקנדינבית31% משקל,תנובה,IL,גבינה סקנדינבית,קילוגרמים,0.00,"ק""ג",true,1,75.00,75.00,true,1,
7290004731083,false,אל סבון כיף ג'ינסנג1ליטר,קוסמופארם,IL,אל סבון כיף,ליטרים,1.00,ליטר,false,0,10.90,10.90,true,1,
7290004731472,false,אלסבון כיף צבעוני 500*3מ,קוסמופארם,IL,אלסבון כיף 3 יח,ליטרים,1.50,ליטר,false,0,16.90,11.27,true,1,
7290004731816,false,מגבות הפלא,,IL,מגבות הפלא,מטרים,84.00,מטר,false,0,13.90,0.17,true,1,
7290004859664,false,עוף שלם טרי ארוז,מילועוף,IL,עוף שלם טרי ארוז,קילוגרמים,0.00,"ק""ג",true,0,18.90,18.90,true,1,
7290004861025,false,גבינה בולגרית 5% במשקל,מחלבת מושבה,IL,גבינה בולגרית,קילוגרמים,0.00,"ק""ג",true,0,46.00,46.00,true,1,
7290004861056,false,גבינה צפתית 5% במשקל,מחלבת מושבה,IL,גבינה צפתית 5%,קילוגרמים,0.00,"ק""ג",true,0,55.00,55.00,true,1,
7290004923099,false,עין גדי מים מינרל. 2*6 ל,עין גדי מיים מינרלים,IL,מים עין גדי 6 יח,ליטרים,12.00,ליטר,false,0,11.50,0.96,true,1,
7290005041129,false,קבב ג'מבו מזרחי 1קג,מעדני הטלה והעגל,IL,קבב ג'מבו מזרחי,גרמים,1000.00,100 גרם,false,0,49.90,4.99,true,1,
7290005041136,false,קבב ג'מבו רומני 1קג,מעדני הטלה והעגל,IL,קבב ג'מבו רומני,גרמים,1000.00,100 גרם,false,0,49.90,4.99,true,1,
7290005041167,false,"קבב עגל\כבש 1ק""ג",מעדני הטלה והעגל,IL,קבב עגל\כבש,גרמים,1000.00,100 גרם,false,7,49.90,4.99,true,1,
7290005041198,false,קבב ביתי 1קג,מעדני הטלה והעגל,IL,קבב ביתי,גרמים,1000.00,100 גרם,false,0,49.90,4.99,true,1,
7290005079290,false,נעם גבינה צהובה15% משקל,טרה,IL,גב.צהובה נעם15%,קילוגרמים,0.00,"ק""ג",true,1,65.00,65.00,true,1,
7290005079320,false,גבינה בולגרית 24% משקל,משק צוריאל תבור,IL,גבינה בולגרית,קילוגרמים,0.00,"ק""ג",true,1,57.00,57.00,true,1,
7290005079344,false,מוצרלה נעם 22% במשקל,טרה,IL,מוצרלה נעם,קילוגרמים,0.00,"ק""ג",true,1,82.00,82.00,true,1,
7290005084355,false,משח.סנסודיין דואל קייר75,MICLEN DE,GB,משחת שיניים,מיליליטרים,75.00,"100 מ""ל",false,0,20.90,27.87,true,1,
7290005174513,false,חציל במיונז אחלה 500 גרם,"שטראוס גרופ בע""\מ",IL,סלט חציל מיונז,גרמים,500.00,100 גרם,false,0,15.90,3.18,true,1,
7290005174551,false,חומוס יום יום 125 גרם,"שטראוס גרופ בע""\מ",IL,חומוס יום יום,גרמים,125.00,100 גרם,false,0,4.90,3.92,true,1,
7290005174575,false,טחינה יום יום 125 גרם,"שטראוס גרופ בע""\מ",IL,טחינה יום יום,גרמים,125.00,100 גרם,false,0,4.90,3.92,true,1,
7290005201882,false,קפה טורקי בצלופן 200 גרם,שטראוס קפה בי.ויn\.,IL,קפה טורקי בצלופן,גרמים,200.00,100 גרם,false,0,15.90,7.95,true,1,
7290005287206,false,טונה סטארקיסט בשמן160*4ג,סטארקיסט,IL,טונה סטארקיסט4יח,גרמים,640.00,100 גרם,false,0,22.90,3.58,true,1,
7290005287527,false,טונה בשמן עם לימון160גרם,סטארקיסט,IL,טונה עם לימון,גרמים,160.00,100 גרם,false,0,7.90,4.94,true,1,
7290005423635,false,ריצפז פלוס דוחה תיקנים2ל,סנו מפעלי ברונוס בעמ,IL,ריצפז דוחה חרקים,ליטרים,2.00,ליטר,false,0,21.90,10.95,true,1,
7290005423734,false,מרכך מקסימה אולטרה 4 ל',סנו,IL,מרכך כביסה,ליטרים,4.00,ליטר,false,0,19.90,4.98,true,1,
7290005423918,false,מרכך מקסימה בייבי 4 ל',סנו,IL,מרכך כביסה,ליטרים,4.00,ליטר,false,0,21.90,5.48,true,1,
7290005424311,false,סנו K רב קוטל בריח פרחים,סנו מפעלי ברונוס בעמ,IL,סנו K רב קוטל,מיליליטרים,500.00,"100 מ""ל",false,0,19.90,3.98,true,1,
7290005425646,false,סנוקליר ניקוי חלונות 1ל',"סנו מפעלי ברונוס בע""\מ",IL,סנוקליר 1 ליטר,ליטרים,1.00,ליטר,false,0,9.90,9.90,true,1,
7290005425714,false,סנו שמפו שטיחים פלוס600מ,סנו,IL,סנו שמפו שטיחים,מיליליטרים,600.00,"100 מ""ל",false,0,25.00,4.16,true,1,
7290005425912,false,ג'ל אוקסיג'ן 4 ליטר,סנו,IL,ג'ל אוקסיג'ן 4ל',ליטרים,4.00,ליטר,false,0,32.60,8.15,true,1,
7290005426940,false,300-K פלוס8 קוטל חרקי400,סנו,IL,300-K פלוס,מיליליטרים,400.00,"100 מ""ל",false,0,19.90,4.98,true,1,
7290005427107,false,מגבות נייר סנו סושי 6 גל,סנו מפעלי ברונוס בעמ,IL,מגבות נייר סנו,מטרים,63.00,מטר,false,0,10.90,0.17,true,1,
7290005427787,false,ק.לחות קרמה ש.מתולתל400מ,קוסמופארם,IL,קרם לשיער קרמה,מיליליטרים,400.00,"100 מ""ל",false,0,16.90,4.22,true,1,
7290005431883,false,מלבי חלבי 165 גרם,עדן קינוחים,IL,מלבי,גרמים,165.00,100 גרם,false,1,6.90,4.18,true,1,
7290005431890,false,בוואריה 95 גרם,עדן קינוחים,IL,בוואריה,גרמים,95.00,100 גרם,false,1,6.90,7.26,true,1,
7290005431906,false,קדאיף 82 גרם,עדן קינוחים,IL,קדאיף,גרמים,82.00,100 גרם,false,1,6.90,8.41,true,1,
7290005431920,false,עוגת גב.פירורים לייט78גר,עדן קינוחים,IL,עוגת גבינה,גרמים,78.00,100 גרם,false,1,6.90,8.85,true,1,
7290005431937,false,טירמיסו 82 גרם,עדן קינוחים,IL,טירמיסו,גרמים,82.00,100 גרם,false,1,6.90,8.41,true,1,
7290005564253,false,ספרינג אגס סברס תפוח1.5ל,"יפאורה תבורי בע""\מ",IL,משקה ספרינג,ליטרים,1.50,ליטר,false,0,6.20,4.13,true,1,
7290005590061,false,שניצל עוף טרי ארוז שופרס,עוף הגליל,IL,שניצל עוף טרי,קילוגרמים,0.00,"ק""ג",true,1,34.90,34.90,true,1,
7290005590115,false,כבד עוף טרי ארוז שופרסל,עוף הגליל,IL,כבד עוף טרי,קילוגרמים,0.00,"ק""ג",true,1,19.90,19.90,true,1,
7290005590139,false,חזה עוף חצוי טרי ארוז שו,עוף הגליל,IL,חזה עוף טרי,קילוגרמים,0.00,"ק""ג",true,1,31.90,31.90,true,1,
7290005604652,false,פאנטה ענבים 1.5 ליטר,החברה המרכזית לייצור משק,IL,פאנטה ענבים,ליטרים,1.50,ליטר,false,1,6.70,4.47,true,1,
7290005610448,false,גזר חבל מעון,קטיף.,IL,גזר חבל מעון,קילוגרמים,0.00,"ק""ג",true,0,3.90,3.90,true,1,
7290005610509,false,צנונית יחידה,קטיף.,IL,צנונית -יח',יחידה,1.00,יחידה,false,0,4.90,4.90,true,1,
7290005617379,false,יעה גומי,,IT,יעה גומי,יחידה,1.00,יחידה,false,0,4.90,4.90,true,1,
7290005678073,false,פלפל צ'ילי זהבי יחידה,מושב לכיש,IL,פלפל צ'ילי זהבי,יחידה,1.00,יחידה,false,0,5.90,5.90,true,1,
7290005838002,false,"דניאלה מעדן גבינה 150מ""ל","שטראוס גרופ בע""\מ",IL,מעדן דניאלה,מיליליטרים,150.00,"100 מ""ל",false,0,4.10,2.73,true,1,
7290005838613,false,סקי מעדן גבינה וניל 125ג,"שטראוס בריאות בע""\מ",IL,סקי מעדן גבינה,גרמים,125.00,100 גרם,false,0,3.70,2.96,true,1,
7290005838972,false,גב.סקי 5% 125 גרם,"שטראוס בריאות בע""\מ",IL,גבינת סקי,גרמים,125.00,100 גרם,false,0,3.10,2.48,true,1,
7290005839313,false,מילקי טופ שוקול.מגולג170,"שטראוס גרופ בע""\מ",IL,מילקי טופ,מיליליטרים,170.00,"100 מ""ל",false,0,4.90,2.88,true,1,
7290005896835,false,מים סאן בנדטו מוגז1.5*6ל,טמפו,IT,מים מינרלים 6 יח,ליטרים,9.00,ליטר,false,0,15.90,1.77,true,1,
7290005938825,false,פרסקו בזיליקום 180גרם,פרסקו,IL,פרסקו בזיליקום,גרמים,180.00,100 גרם,false,0,10.90,6.06,true,1,
7290005992889,false,גב.שמנת שום שמיר 30%משקל,מחלבות גד,IL,גבינת שמנת שום,קילוגרמים,0.00,"ק""ג",true,0,52.00,52.00,true,1,
7290006185518,false,סבון נוזלי פנינה כחול 1ל,סאסא קוסמטיקס,IL,סבון נוזלי פנינה,ליטרים,1.00,ליטר,false,0,8.90,8.90,true,1,
7290006199027,false,שלגון וניל מצופה תות,פלקו,IL,שלגוני וניל מצופ,גרמים,600.00,100 גרם,false,0,27.90,4.65,true,1,
7290006306296,false,רביולי גבינה לילדים 400ג,פסטה נונה,IL,רביולי גבינה,גרמים,400.00,100 גרם,false,0,24.40,6.10,true,1,
7290006306319,false,רביולי בטטה 400 גרם,פסטה נונה,IL,רביולי בטטה,גרמים,400.00,100 גרם,false,0,24.40,6.10,true,1,
7290006306333,false,רביולי תרד וריקוטה 400 ג,פסטה נונה,IL,רביולי תרד,גרמים,400.00,100 גרם,false,0,24.40,6.10,true,1,
7290006342645,false,טורטיות 12 יח',,TR,טורטיות 12 יח',גרמים,840.00,100 גרם,false,0,19.90,2.37,true,1,
7290006374738,false,קונפיטורה תות 340 גרם,"ב.א. מזון בע""\מ",IL,קונפיטורה תות,גרמים,340.00,100 גרם,false,0,10.00,2.94,true,1,
7290006459299,false,עוגיות מיוחדות 300 גרם,גידרון,IL,עוגיות מיוחדות,גרמים,300.00,100 גרם,false,1,14.90,4.97,true,1,
7290006492432,false,גבינה מוצרלה בייבי 150גר,מחלבות גד,IL,גבינה מוצרלה,גרמים,150.00,100 גרם,false,0,12.90,8.60,true,1,
7290006492616,false,פרוסות גב. בולגר5%. 250ג,מחלבות גד,IL,גבינה בולגרית,גרמים,250.00,100 גרם,false,0,26.80,10.72,true,1,
7290006511928,false,סרדין בשמן צמחי 110*3 גר,,TH,סרדין בשמן 3 יח,גרמים,330.00,100 גרם,false,0,10.00,3.03,true,1,
7290006550972,false,טחון בקר ארוז 1 קג,עטרה,IL,טחון בקר 1קג,גרמים,1000.00,100 גרם,false,0,34.90,3.49,true,1,
7290006644626,false,ספרינג פירות טרופיים1.5ל,"יפאורה תבורי בע""\מ",IL,משקה ספרינג,ליטרים,1.50,ליטר,false,0,6.20,4.13,true,1,
7290006652027,false,במבה מארז 20 * 15 גרם,"אסם השקעות בע""\מ",IL,במבה 20 יח',גרמים,300.00,100 גרם,false,0,23.90,7.97,true,1,
7290006664051,false,"אקטימל לבן 100*14 מ""ל","שטראוס בריאות בע""\מ",IL,אקטימל מארז14יח',ליטרים,1.40,ליטר,false,0,29.90,21.36,true,1,
7290006664402,false,גבינת סקי5% 750 גרם,"שטראוס בריאות בע""\מ",IL,גבינת סקי5%,גרמים,750.00,100 גרם,false,0,14.25,1.90,true,1,
7290006664655,false,"אקטימל לבן 100*8 מ""ל","שטראוס גרופ בע""\מ",IL,אקטימל לבן 8 יח,מיליליטרים,800.00,"100 מ""ל",false,0,20.90,2.61,true,1,
7290006666444,false,סלט מטבוחה 300 גרם,סלטי משני,IL,סלט מטבוחה,גרמים,300.00,100 גרם,false,0,20.70,6.90,true,1,
7290006666543,false,סלט קוביות סלק 300 גרם,סלטי משני,IL,סלט סלק קוביות,גרמים,300.00,100 גרם,false,0,17.90,5.97,true,1,
7290006681980,false,קרמיסימו סורבה אפרסק/פסי,שטראוס,IL,קרמיסימו סורבה,ליטרים,1.33,ליטר,false,0,18.90,14.21,true,1,
7290006707451,false,לב עוף טרי ארוז,עוף טוב,IL,לב עוף טרי,קילוגרמים,0.00,"ק""ג",true,0,23.90,23.90,true,1,
7290006707468,false,כבד עוף טרי ארוז,עוף טוב,IL,כבד עוף טרי,קילוגרמים,0.00,"ק""ג",true,0,19.90,19.90,true,1,
7290006708199,false,עוף שלם  טרי ארוז דיל,עוף טוב,IL,עוף שלם  טרי,קילוגרמים,0.00,"ק""ג",true,1,18.90,18.90,true,1,
7290006708304,false,כבד עוף טרי ארוז דיל,עוף טוב,IL,כבד עוף טרי,קילוגרמים,0.00,"ק""ג",true,1,19.90,19.90,true,1,
7290006708335,false,קורקבן עוף טרי ארוז דיל,עוף טוב,IL,קורקבן עוף טרי,קילוגרמים,0.00,"ק""ג",true,1,9.90,9.90,true,1,
7290006738615,false,קבב זהב 400 גרם,זוגלובק,IL,קבב זהב 400 גרם,גרמים,400.00,100 גרם,false,0,21.90,5.48,true,1,
7290006739131,false,בצק פילו 500 גרם,זוגלובק,IL,בצק פילו 500 גרם,גרמים,500.00,100 גרם,false,1,14.90,2.98,true,1,
7290006739247,false,פסטרמה איטלקית במשקל,זוגלובק,IL,פסטרמה איטלקית,קילוגרמים,0.00,"ק""ג",true,0,85.00,85.00,true,1,
7290006739421,false,סלמי מעושן איטלקי 300 גר,זוגלובק,IL,סלמי מעושן,גרמים,300.00,100 גרם,false,0,26.90,8.97,true,1,
7290006742162,false,המבורגר מזרחי 400 גרם,זוגלובק,IL,המבורגר מזרחי,גרמים,400.00,100 גרם,false,0,19.90,4.98,true,1,
7290006742209,false,שניצל תירס 750גרם%33+,זוגלובק,IL,שניצל תירס,גרמים,1000.00,100 גרם,false,0,25.90,2.59,true,1,
7290006764072,false,"גולדסטאר בק.חוזר 500 מ""ל","טמפו משקאות בע""\מ",IL,בירה גולדסטאר,מיליליטרים,500.00,"100 מ""ל",false,0,7.60,1.52,true,1,
7290006855183,false,ברבריא תמרים+אגוזים30*4ג,---,IL,חטיפי ברבריא 4יח,גרמים,120.00,100 גרם,false,0,18.90,15.75,true,1,
7290006869449,false,"לבן 3% שומן 150 מ""ל",טרה,IL,לבן 3% שומן טרה,מיליליטרים,150.00,"100 מ""ל",false,0,1.08,0.72,true,1,
7290006920935,false,פיקנטית פרוס 350 גרם,צי תעשיות מזון יבנה,IL,פיקנטית פרוס,גרמים,350.00,100 גרם,false,0,14.90,4.26,true,1,
7290006983794,false,עוגת הבית תפוז 400 גרם,"אסם השקעות בע""\מ",IL,עוגת תפוז,גרמים,400.00,100 גרם,false,0,11.90,2.98,true,1,
7290006992390,false,דייסת וניל מטרנה 200 גרם,מטרנה תעשיות ש.מ,IL,דייסת וניל מטרנה,גרמים,200.00,100 גרם,false,0,13.90,6.95,true,1,
7290008021043,false,שמפו פינוק שיער רגיל700מ,יוניליוור ישראל טיפוח אי,IL,שמפו פינוק,מיליליטרים,700.00,"100 מ""ל",false,0,10.00,1.43,true,1,
7290008021050,false,שמפו פינוק יבש מאוד700מל,יוניליוור ישראל טיפוח אי,IL,שמפו פינוק,מיליליטרים,700.00,"100 מ""ל",false,0,10.00,1.43,true,1,
7290008021104,false,"מרכך פינוק רגיל 700 מ""ל",יוניליוור ישראל טיפוח אי,IL,מרכך שיער פינוק,מיליליטרים,700.00,"100 מ""ל",false,0,10.00,1.43,true,1,
7290008021111,false,מרכ.פינוק יבש מאוד 700מל,יוניליוור ישראל טיפוח אי,IL,מרכך שיער פינוק,מיליליטרים,700.00,"100 מ""ל",false,0,10.00,1.43,true,1,
7290008154222,false,שניצלונים 700 גרם,"מוצרי עוף טוב (2001) בע""",IL,שניצלונים 700ג,גרמים,700.00,100 גרם,false,0,20.70,2.96,true,1,
7290008175210,false,פרמזנו מגורדת,,IT,פרמזנו מגורדת,גרמים,90.00,100 גרם,false,0,16.90,18.78,true,1,
7290008268325,false,אגס ארוז,בראשית,IL,אגס,קילוגרמים,0.00,"ק""ג",true,1,8.90,8.90,true,1,
7290008340618,false,סלמון מעושן מצונן 100 גר,דלידג - נטו,IL,סלמון מעושן,גרמים,100.00,100 גרם,false,0,17.90,17.90,true,1,
7290008343466,false,בצק פילו 500 גרם,"שגמור בע""מ",IL,בצק פילו 500 גרם,גרמים,500.00,100 גרם,false,0,20.70,4.14,true,1,
7290008343572,false,אגרול סיני 1 ק'ג שלושת,שלושת האופים,IL,אגרול סיני,גרמים,1000.00,100 גרם,false,0,17.90,1.79,true,1,
7290008409315,false,מיני דק שניצלונים 500גרם,תנובה,IL,מיני דק שניצלוני,גרמים,500.00,100 גרם,false,0,27.90,5.58,true,1,
7290008443616,false,מרכך נקה 7 לשיר יבש 750מ,אמיליה קוסמטיקס,IL,קונדישנר נקה 7,מיליליטרים,750.00,"100 מ""ל",false,0,10.90,1.45,true,1,
7290008464406,false,"פפסי מקס פחית 330 מ""ל","טמפו משקאות בע""מ",IL,פפסי מקס פחית,מיליליטרים,330.00,"100 מ""ל",false,0,6.00,1.82,true,1,
7290008464604,false,"בירה הייניקן פחית 500מ""ל",היינקן,NL,בירה היינקן פחית,מיליליטרים,500.00,"100 מ""ל",false,0,12.20,2.44,true,1,
7290008464987,false,סודה טמפו 1.5*6 ליטר,"טמפו משקאות בע""מ",IL,סודה טמפו שישיה,ליטרים,9.00,ליטר,false,0,15.90,1.77,true,1,
7290008469562,false,בשר מס' 5 מוכשר קפוא קג,שונות,XX,בשר מס' 5 מוכש,קילוגרמים,0.00,"ק""ג",true,0,49.90,49.90,true,1,
7290008644112,false,סלט מטבוחה יום יום 125גר,"שטראוס גרופ בע""\מ",IL,מטבוחה יום יום,גרמים,125.00,100 גרם,false,0,4.90,3.92,true,1,
7290008645935,false,חומוס אחלה 750 גרם,"שטראוס גרופ בע""\מ",IL,חומוס אחלה,גרמים,750.00,100 גרם,false,0,10.00,1.34,true,1,
7290008690713,false,אושן ספריי חמוציות 1ליטר,---,IL,אושן ספריי,ליטרים,1.00,ליטר,false,0,10.50,10.50,true,1,
7290008693134,false,דניאלה תות מוקצף5% 150מ,"שטראוס גרופ בע""\מ",IL,דניאלה תות מוקצף,מיליליטרים,150.00,"100 מ""ל",false,0,4.10,2.73,true,1,
7290008713016,false,לחם שבעה דגנים קל 500גרם,מאפיית שלמה א. אנג'\ל בע,IL,לחם שבעה דגנים,גרמים,500.00,100 גרם,false,0,15.50,3.10,true,1,
7290008749343,false,בפלות שחור לבן 400 גרם,עלית,IL,בפלות שחור לבן,גרמים,400.00,100 גרם,false,0,15.40,3.85,true,1,
7290008753111,false,תפוצ'יפס מקסיקני 50 גרם,"שטראוס פריטו ליי בע""\מ )",IL,תפוצ'יפס קראנצ',גרמים,50.00,100 גרם,false,0,4.00,8.00,true,1,
7290008753982,false,שוקולד חלב אוורירי 85גרם,עלית,IL,שוקולד אוורירי,גרמים,85.00,100 גרם,false,0,5.50,6.47,true,1,
7290008754415,false,מאסט LL עדין ספירמינט28ג,עלית,IL,מסטיק מאסט LL,גרמים,28.00,100 גרם,false,0,4.30,15.36,true,1,
7290008754613,false,רולדת שוקולד מצופה 350גר,עלית,IL,רולדת שוקולד,גרמים,350.00,100 גרם,false,0,14.90,4.26,true,1,
7290008802895,false,קברנה סוביניוןP.C. 750מל,יקבי כרמל,IL,קברנה סוביניון,מיליליטרים,750.00,"100 מ""ל",false,0,39.90,5.32,true,1,
7290008830676,false,תערובת מן הטבע יחידה,דין שיווק,IL,תערובת מן הטבע,יחידה,1.00,יחידה,false,0,5.00,5.00,true,1,
7290008830690,false,מובחרים מן הטבע,דין שיווק,IL,מובחרין מן הטבע,יחידה,1.00,יחידה,false,0,10.00,10.00,true,1,
7290008830836,false,תיבול לשניצל,,IL,תיבול לשניצל,גרמים,300.00,100 גרם,false,0,5.90,1.97,true,1,
7290008909440,false,פאנטה אורנג' מנגו 1.5 ל',החברה המרכזית לייצור משק,IL,פאנטה אורנג',ליטרים,1.50,ליטר,false,0,6.70,4.47,true,1,
7290008909587,false,פאנטה אורנג' 1.5*4 ליטר,---,IL,פאנטה אורנג' 4יח,ליטרים,6.00,ליטר,false,0,20.00,3.34,true,1,
7290008909860,false,קוקה קולה זירו 1.5 ליטר,החברה המרכזית לייצור משק,IL,קוקה קולה זירו,ליטרים,1.50,ליטר,false,0,6.70,4.47,true,1,
7290008909877,false,קוקה קולה זירו 1.5*6 ל',החברה המרכזית לייצור משק,IL,קולה זירו 1.5*6ל,ליטרים,9.00,ליטר,false,0,36.90,4.10,true,1,
7290009011043,true,פילה אמנון טרי שופרסל קג,דגת הארץ,IL,פילה אמנון טרי,קילוגרמים,0.00,"ק""ג",true,1,86.90,86.90,true,1,
7290009011531,true,כנפיים פרמיום שופרסל לקג,תנובה,IL,כנפיים פרמיום,קילוגרמים,0.00,"ק""ג",true,1,14.90,14.90,true,1,
7290009011791,true,אנטריקוט טרי מוכשר אנגוס,פניסקו,AR,אנטריקוט טרי,קילוגרמים,0.00,"ק""ג",true,1,139.90,139.90,true,1,
7290009011852,true,צלעות טרי מוכשר אנגוס קג,פניסקו,AR,צלעות טרי,קילוגרמים,0.00,"ק""ג",true,1,79.90,79.90,true,1,
7290009012088,true,שריר טרי מוכשר אנגוס קג,פניסקו,AR,שריר טרי,קילוגרמים,0.00,"ק""ג",true,1,69.90,69.90,true,1,
7290009012118,true,צלי כתף טרי מוכשר אנגוס,פניסקו,AR,צלי כתף טרי,קילוגרמים,0.00,"ק""ג",true,1,94.90,94.90,true,1,
7290009012835,true,שניצל דק טרי פרמיום קג,עוף עוז,IL,שניצל דק פרמיום,קילוגרמים,0.00,"ק""ג",true,1,44.90,44.90,true,1,
7290009012842,true,פילה עוף טרי פרמיום קג,עוף עוז,IL,פילה פרמיום טרי,קילוגרמים,0.00,"ק""ג",true,1,39.90,39.90,true,1,
7290009017038,true,נקניק סלמי צרפתי שופרסל,מעדני יחיעם,IL,סלמי צרפתי,קילוגרמים,0.00,"ק""ג",true,1,130.00,130.00,true,1,
7290009017076,true,נקניק סלמי תה שופרסל קג,מעדני יחיעם,IL,סלמי תה,קילוגרמים,0.00,"ק""ג",true,1,49.00,49.00,true,1,
7290009069174,true,שקד מסוכר,דין שיווק,IL,שקד מסוכר,גרמים,0.00,"ק""ג",true,0,95.00,95.00,true,1,
7290009069990,true,תערובת הבית,,,תערובת הבית,קילוגרמים,0.00,"ק""ג",true,0,100.00,100.00,true,1,
7290009077667,true,מלפפון/ירקות,,IL,מלפפון/ירקות,קילוגרמים,0.00,"ק""ג",true,0,29.00,29.00,true,1,
7290009095067,true,בשר טחון טרי מוכשר קג,,IL,בשר טחון טרי מוכ,קילוגרמים,0.00,"ק""ג",true,0,32.00,32.00,true,1,
7290009392685,true,אנטריקוט טרי מוכשר יבוא,,XX,אנטריקוט טרי,קילוגרמים,0.00,"ק""ג",true,0,119.90,119.90,true,1,
7290009392692,true,צלעות טרי מוכשר יבוא קג,,XX,צלעות טרי,קילוגרמים,0.00,"ק""ג",true,0,49.90,49.90,true,1,
7290009392715,true,כתף טרי מוכשר יבוא קג,,XX,כתף טרי,קילוגרמים,0.00,"ק""ג",true,0,59.90,59.90,true,1,
7290009392722,true,צלי כתף טרי מוכשר יבוא ק,,XX,צלי כתף טרי,קילוגרמים,0.00,"ק""ג",true,0,69.90,69.90,true,1,
7290009392739,true,פ.מדומה טרי מוכשר יבוא ק,,XX,פילה מדומה טרי,קילוגרמים,0.00,"ק""ג",true,0,64.90,64.90,true,1,
7290009392746,true,שריר טרי מוכשר יבוא קג,,XX,שריר טרי,קילוגרמים,0.00,"ק""ג",true,0,44.90,44.90,true,1,
7290009398786,true,פיתות אסליות 100*5 גרם,---,IL,פיתות אסליות 5יח,גרמים,500.00,100 גרם,false,0,7.90,1.58,true,1,
7290009398847,true,לחמניית חלה מתוקה,גידרון,IL,לחמניית חלה מתוק,יחידה,1.00,יחידה,false,0,4.20,4.20,true,1,
7290009399288,true,פס גבינה אפוי,---,IL,פס גבינה אפוי,יחידה,1.00,יחידה,false,0,39.90,39.90,true,1,
7290009951455,true,תבלינים,,,תבלינים,קילוגרמים,0.00,"ק""ג",true,0,74.00,74.00,true,1,
7290009952988,true,מוצרלה מגורדת,,IL,מוצרלה מגורדת,קילוגרמים,0.00,"ק""ג",true,0,83.00,83.00,true,1,
7290009952995,true,מים מינרליים,,,מים מינרליים,ליטרים,1.50,ליטר,false,0,5.00,3.33,true,1,
7290009954357,true,גבינת עמק מגורדת,,IL,גבינת עמק מגורדת,קילוגרמים,0.00,"ק""ג",true,0,42.70,42.70,true,1,
7290009955309,true,גב.פרמז'ן27% שופרסל משקל,ז'נטי אס.פי.אי,IT,גבינת פרמז'ן,קילוגרמים,0.00,"ק""ג",true,1,99.00,99.00,true,1,
7290009955330,true,גב.מוצרלה21% שופרסל משקל,אס סי מודסט,LE,גבינה מוצרלה 21%,קילוגרמים,0.00,"ק""ג",true,1,59.00,59.00,true,1,
7290009956535,true,רצועות פילה נילוס קפוא ק,---,IL,רצועות נילוס,קילוגרמים,0.00,"ק""ג",true,1,51.90,51.90,true,1,
7290009957136,true,גבינה צהובה 28% במשקל,MLEKOVITA,PL,גבינה צהובה,קילוגרמים,0.00,"ק""ג",true,1,29.00,29.00,true,1,
7290010116980,false,שוקולית 850 גרם,שטראוס קפה בי.וי.,IL,שוקולית עלית,גרמים,850.00,100 גרם,false,0,14.90,1.76,true,1,
7290010129232,false,עוגיות בוטנים מצופה500ג,דולצ'ה ויטה,IL,עוגיות בוטנים,גרמים,500.00,100 גרם,false,1,19.90,3.98,true,1,
7290010129430,false,עוג.בוטנים רגיל/מצופה500,דולצ'ה ויטה,IL,עוגיות בוטנים,גרמים,500.00,100 גרם,false,0,19.90,3.98,true,1,
7290010129621,false,עוגיות קוקוס מצופה 450גר,דולצ'ה ויטה,IL,עוגיות קוקוס מצו,גרמים,450.00,100 גרם,false,1,19.90,4.42,true,1,
7290010154012,false,לימון בלאדי 250 גרם,נטו,IL,לימון בלאדי,גרמים,250.00,100 גרם,false,0,13.90,5.56,true,1,
7290010154241,false,חזרת 250 גרם,נטו,IL,סלט חזרת ביתית,גרמים,250.00,100 גרם,false,0,13.90,5.56,true,1,
7290010154678,false,אריסה מרוקאית 250 גרם,תבליני ביטון יוחאי,IL,אריסה מרוקאית,גרמים,250.00,100 גרם,false,1,13.90,5.56,true,1,
7290010154685,false,סלט שום כתוש 250 גרם,תבליני ביטון יוחאי,IL,סלט שום כתוש,גרמים,250.00,100 גרם,false,1,13.90,5.56,true,1,
7290010237623,false,בירה נשר מאלט 1.5 ליטר,"טמפו משקאות בע""מ",IL,נשר מאלט,ליטרים,1.50,ליטר,false,0,7.20,4.80,true,1,
7290010259847,false,מנת השף נודלס,,TH,מנת השף נודלס,גרמים,70.00,100 גרם,false,0,4.50,6.43,true,1,
7290010429301,false,מעדן תות 100%פרי 250 גרם,"ב.א. מזון בע""\מ",IL,מעדן תות,גרמים,250.00,100 גרם,false,0,10.00,4.00,true,1,
7290010429554,false,"שמן זית 2 קלאסי 750מ""ל",מכוורת יד מרדכי שטראוס ב,IL,שמן זית 2 קלאסי,מיליליטרים,750.00,"100 מ""ל",false,0,30.00,4.00,true,1,
7290010471669,false,דנונה בר תות קורנפ175.גר,"שטראוס בריאות בע""\מ",IL,דנונה בר תות,גרמים,175.00,100 גרם,false,0,4.60,2.63,true,1,
7290010472390,false,דני שוקולד 125*8גרם,"שטראוס גרופ בע""\מ",IL,דני שוקולד 8 יח',קילוגרמים,1.00,"ק""ג",false,0,15.90,15.90,true,1,
7290010548514,false,עשבי תיבול איטלקי 70 גרם,דורות,IL,עשבי תיבול איט,גרמים,70.00,100 גרם,false,0,9.90,14.14,true,1,
7290010582228,false,אפרסמון ארוז,מור פירות השרון,IL,אפרסמון,קילוגרמים,0.00,"ק""ג",true,1,9.90,9.90,true,1,
7290010609079,false,טרופיקש 10 יח,,IL,טרופיקש 10 יח,ליטרים,2.00,ליטר,false,0,11.90,5.95,true,1,
7290010627004,false,טחינה ירושלים 500 גרם,"טחינה ירושלים בע""מ",IL,טחינה ירושלים,גרמים,500.00,100 גרם,false,0,13.90,2.78,true,1,
7290010632787,false,צימרוני אוזניים מעץ300יח,L.Y.Q.TRADI,CN,צמרוני אוזניים,יחידה,1.00,יחידה,false,0,3.90,3.90,true,1,
7290010650194,false,שורש גינגר טרי ארוז יח,קטיף.,XX,שורש גינגר טרי,יחידה,1.00,יחידה,false,0,12.90,12.90,true,1,
7290010650415,false,עגבניה לחה -יחידה,חוות פטריות תקוע,IL,עגבניה לחה,יחידה,1.00,יחידה,false,0,15.00,15.00,true,1,
7290010650828,false,פטריות שי מגי יחידה,קפקו לונגהאי,CN,פטריות שי מגי,יחידה,1.00,יחידה,false,1,12.90,12.90,true,1,
7290010777099,false,פיתות במרקם מיוחד 100*8ג,פיתה אקספרס,IL,פיתות אקספרס 8יח,גרמים,800.00,100 גרם,false,1,10.00,1.25,true,1,
7290010777150,false,פיתות 100%חיטה מלא 8יח',פיתה אקספרס,IL,פיתות ריבוע,גרמים,900.00,100 גרם,false,0,12.90,1.43,true,1,
7290010777297,false,פיתות ביס 12יח' 600גרם,פיתה אקספרס,IL,פיתות ביס,גרמים,600.00,100 גרם,false,0,11.90,1.98,true,1,
7290010777327,false,פיתות קלות 79קלוריות10יח,פיתה אקספרס,IL,פיתות קלות 79קל',גרמים,500.00,100 גרם,false,0,12.90,2.58,true,1,
7290010931330,false,סלט מטבוחה 500 גרם,"שטראוס גרופ בע""\מ",IL,סלט מטבוחה אחלה,גרמים,500.00,100 גרם,false,0,14.20,2.84,true,1,
7290010970261,false,"חומץ תפוחי עץ 500 מ""ל",ג.מ.טעם הארץ,IL,חומץ תפוחי עץ,מיליליטרים,500.00,"100 מ""ל",false,0,15.20,3.04,true,1,
7290011017866,false,"סליק קוקה קולה 330מ""ל",החברה המרכזית לייצור משק,IL,קוקה קולה סליק,מיליליטרים,330.00,"100 מ""ל",false,0,5.00,1.52,true,1,
7290011018184,false,פיוז טי אפרסק,,IL,פיוז טי אפרסק,מיליליטרים,500.00,"100 מ""ל",false,0,6.80,1.36,true,1,
7290011018252,false,תה מנגו אננס,,IL,תה מנגו אננס,ליטרים,1.50,ליטר,false,0,6.90,4.60,true,1,
7290011018283,false,פיוז טי אפרסק,,IL,פיוז טי אפרסק,ליטרים,1.50,ליטר,false,0,6.90,4.60,true,1,
7290011018306,false,פיוז טי אפרסק,,IL,פיוז טי אפרסק,ליטרים,1.50,ליטר,false,0,6.90,4.60,true,1,
7290011018313,false,פיוז טי אפרסק4יח,,IL,פיוז טי אפרסק4יח,ליטרים,6.00,ליטר,false,0,22.00,3.66,true,1,
7290011018832,false,"קוקה קולה 330*6 מ""ל",החברה המרכזית לייצור משק,IL,קוקה קולה 6פחיות,ליטרים,1.98,ליטר,false,0,19.90,10.05,true,1,
7290011018917,false,"קוקה קולה זירו 330*6 מ""ל",החברה המרכזית לייצור משק,IL,קוקה קולה זירו6י,ליטרים,1.98,ליטר,false,0,19.90,10.05,true,1,
7290011026530,false,סבון קמיל לפני שינה 500מ,פישר מעבדות פרמצבטיות בע,IL,אל סבון קמיל,מיליליטרים,500.00,"100 מ""ל",false,0,14.90,2.98,true,1,
7290011051136,false,שוופס סודה 1.5*4 ליטר,"יפאורה תבורי בע""\מ",IL,שוופס סודה 4 יח',ליטרים,6.00,ליטר,false,0,10.90,1.82,true,1,
7290011051389,false,שוופס פירות יער מוגז1.5ל,"יפאורה תבורי בע""\מ",IL,שוופס מוגז עדין,ליטרים,1.50,ליטר,false,0,6.70,4.47,true,1,
7290011051488,false,תה ספרינג אפרסק 1.5 ליטר,"יפאורה תבורי בע""\מ",IL,ספרינג תה אפרסק,ליטרים,1.50,ליטר,false,0,6.50,4.33,true,1,
7290011051518,false,תה ספרינג דיאט אפרסק1.5ל,"יפאורה תבורי בע""\מ",IL,תה ספרינג דיאט,ליטרים,1.50,ליטר,false,0,6.50,4.33,true,1,
7290011051938,false,תפוזינה תפוח רענן 1.5 ל',"יפאורה תבורי בע""\מ",IL,תפוזינה תפוח,ליטרים,1.50,ליטר,false,0,6.20,4.13,true,1,
7290011115203,false,סבון נקה 7 ורוד 100*4 גר,נקה,IL,סבון נקה 7 4 יח,גרמים,400.00,100 גרם,false,0,12.50,3.13,true,1,
7290011194246,false,קוטג' 5% שומן 250 גרם,"שטראוס בריאות בע""\מ",IL,קוטג' 5% שומן,גרמים,250.00,100 גרם,false,0,5.80,2.32,true,1,
7290011239213,false,חטיפים מתוקים -מחרום,בני ריאד מחרום,IL,חטיפים מתוקים,יחידה,1.00,יחידה,false,0,5.90,5.90,true,1,
7290011426576,false,שקדימון,,IL,שקדימון,גרמים,300.00,100 גרם,false,0,35.00,11.67,true,1,
7290011447267,false,מטרנה חלבי שלב 1 700ג,נסטלה,IL,מטרנה חלבי,גרמים,700.00,100 גרם,false,0,49.90,7.13,true,1,
7290011447281,false,מטרנה חלבי שלב 2 700ג,נסטלה,IL,מטרנה חלבי שלב 2,גרמים,700.00,100 גרם,false,0,49.90,7.13,true,1,
7290011518561,false,"אקטימל תות 100*14 מ""ל","שטראוס בריאות בע""\מ",IL,אקטימל מארז14יח',ליטרים,1.40,ליטר,false,0,29.90,21.36,true,1,
7290011570132,false,"קמח נטול גלוטן 1 ק""ג",גלעם,IL,קמח נטול גלוטן,קילוגרמים,1.00,"ק""ג",false,0,4.90,4.90,true,1,
7290011598211,false,סנו אנטי קאלק נ.כללי700מ,סנו מפעלי ברונוס בעמ,IL,סנו אנטי קאלק,מיליליטרים,700.00,"100 מ""ל",false,0,16.90,2.41,true,1,
7290011876609,false,שניצל דקדק פריך כשר לפסח,תנובה,IL,שניצל כשר לפסח,גרמים,700.00,100 גרם,false,0,41.90,5.99,true,1,
7290011877835,false,2 שקיות ואקום לאיחסוןXXL,סנו,IL,שקיות איחסון,יחידה,1.00,יחידה,false,0,23.90,23.90,true,1,
7290011947279,false,זית ירוק איטלקי 215גרם,זיתא,IL,זית ירוק מתובל,גרמים,215.00,100 גרם,false,0,9.90,4.60,true,1,
7290011969158,false,מגבוני בייבי טייגר 5 72*,פלאס אס.אי.,IL,מגבוני בייבי,יחידה,1.00,יחידה,false,0,16.90,16.90,true,1,
7290012030499,false,ל.מ. בלו לייבל קצר בוקס,פיליפ מוריס,TR,ל.מ. בלו לייבל,יחידה,1.00,יחידה,false,1,31.00,31.00,false,1,
7290012040047,false,פאקט ל.מ בלו PP 100,פיליפ מוריס,TR,ל.מ בלו 100,יחידה,1.00,יחידה,false,1,300.00,300.00,false,1,
7290012086113,false,עגבניה שרי אשכולות מובחר,---,IL,שרי אשכולות יח,יחידה,1.00,יחידה,false,0,9.90,9.90,true,1,
7290012116735,false,נ.טואלט סופט גל.כפול24גל,סנו,IL,נייר טואלט סופט,מטרים,900.00,100 מטר,false,0,39.90,4.43,true,1,
7290012117039,false,"סנו""00"" לניקוי אמבטיה 1ל",סנו מפעלי ברונוס בעמ,IL,"סנו ""00"" לאמבטיה",ליטרים,1.00,ליטר,false,0,9.80,9.80,true,1,
7290012117275,false,סנוקליר שקית מילוי 750מל,סנו מפעלי ברונו בעמ,IL,סנוקליר מילוי,מיליליטרים,750.00,"100 מ""ל",false,0,5.90,0.79,true,1,
7290012117428,false,קרמה ג'ל רח.ושמפו גבר700,קוסמופארם,IL,קרמה ג'ל רחצה,מיליליטרים,700.00,"100 מ""ל",false,0,17.70,2.53,true,1,
7290012117626,false,אורביטול קיד מי פה 250מל,קוסמופארם,IL,אורביטול מי פה,מיליליטרים,250.00,"100 מ""ל",false,0,11.90,4.76,true,1,
7290012244124,false,פחזניות 500 גרם,גידרון,IL,פחזניות,גרמים,500.00,100 גרם,false,0,29.90,5.98,true,1,
7290012309366,false,אורז בסמטי,,IN,אורז בסמטי,קילוגרמים,5.00,"ק""ג",false,0,53.40,10.68,true,1,
7290012309885,false,חלבה שוקו וניל,,IL,חלבה שוקו וניל,גרמים,500.00,100 גרם,false,0,14.90,2.98,true,1,
7290012404146,false,שוופס מוגז תפוחים1.5ל',"יפאורה תבורי בע""\מ",IL,שוופס תפוחים,ליטרים,1.50,ליטר,false,0,6.90,4.60,true,1,
7290012404238,false,שוופס ראש'ן 1.5 ליטר,"יפאורה תבורי בע""\מ",IL,שוופס ראש'ן,ליטרים,1.50,ליטר,false,0,10.30,6.87,true,1,
7290012404283,false,תפוזינה מנגו עסיס 1.5 ל',"יפאורה תבורי בע""\מ",IL,תפוזינה מנגו,ליטרים,1.50,ליטר,false,0,6.20,4.13,true,1,
7290012404320,false,ספרינג ענבים 1.5 ליטר,"יפאורה תבורי בע""\מ",IL,ספרינג ענבים,ליטרים,1.50,ליטר,false,0,6.20,4.13,true,1,
7290012491146,false,"קרם החתלה קלנדולה 120מ""ל",לה קרים,IL,קרם החתלה,מיליליטרים,120.00,"100 מ""ל",false,0,22.90,19.08,true,1,
7290012491368,false,מגבונים אקולוגיים 72 יח,מאמי קר,IL,מגבונים מאמי קר,יחידה,1.00,יחידה,false,0,12.80,12.80,true,1,
7290012576607,false,"קברנה פרמייר 750 מ""ל",יקבי ברקן,IL,פרמייר קברנה,מיליליטרים,750.00,"100 מ""ל",false,0,26.70,3.56,true,1,
7290012738043,false,קמח מצה לעוגות-שקית 500ג,---,IL,קמח מצה לעוגות,גרמים,500.00,100 גרם,false,0,9.90,1.98,true,1,
7290012823602,false,נייר טואלט סופט לבן 32גל,סנו,IL,נ.טואלט סופט לבן,מטרים,588.00,100 מטר,false,0,26.90,4.58,true,1,
7290012921025,false,"בירה מלכה בהירה 330 מ""ל",בירה מלכה,IL,בירה מלכה בהירה,מיליליטרים,330.00,"100 מ""ל",false,0,14.20,4.30,true,1,
7290012962561,false,500 קיסמי שיניים במבוק,Z.H.LNDUS,CN,קיסמי שיניים,יחידה,1.00,יחידה,false,0,3.50,3.50,true,1,
7290013083685,false,מטרנה אקסטרה קר שלב3 700,נסטלה,IL,מטרנה אקסטרה קר,גרמים,700.00,100 גרם,false,0,59.90,8.56,true,1,
7290013117243,false,בורקס פילו בולגרית 600 ג,"מעדנות בע""\מ",IL,בורקס בולגרית,גרמים,600.00,100 גרם,false,0,19.90,3.32,true,1,
7290013117526,false,בצק שמרים למאפים מתוקים,"מעדנות בע""מ",IL,בצק שמרים,גרמים,900.00,100 גרם,false,0,22.90,2.54,true,1,
7290013145215,false,שומשום 400 גרם,א.ל ייצור ושיווק תבלינים,IL,שומשום,גרמים,400.00,100 גרם,false,0,10.90,2.73,true,1,
7290013153401,false,מיץ סחוט תפוז אדום 2ליטר,גת,IL,סחוט תפוז אדום,ליטרים,2.00,ליטר,false,1,19.90,9.95,true,1,
7290013153418,false,מיץ סחוט לימון נענע 1 לי,גת,IL,מיץ לימון נענע,ליטרים,1.00,ליטר,false,1,14.90,14.90,true,1,
7290013153647,false,מיץ הדרים חמצמץ 100% 2 ל,גת,IL,מיץ הדרים חמצמץ,ליטרים,2.00,ליטר,false,1,18.90,9.45,true,1,
7290013170583,false,"פירורית אסם כשל""פ 350גרם","אסם השקעות בע""\מ",IL,פירורית,גרמים,350.00,100 גרם,false,0,10.00,2.86,true,1,
7290013268242,false,ריצפז פרש מלון מפנק 2 ל,"סנו מפעלו ברונוס בע""\מ",IL,ריצפז פרש הום,ליטרים,2.00,ליטר,false,1,19.90,9.95,true,1,
7290013269003,false,מקסימה מרכך בייבי 1 ליטר,"סנו מפעלי ברונוס בע""\מ",IL,מקסימה מרכך,ליטרים,1.00,ליטר,false,0,15.90,15.90,true,1,
7290013269300,false,ניילון נצמד פלוס,,IL,ניילון נצמד פלוס,מטרים,150.00,מטר,false,0,25.00,0.17,true,1,
7290013269621,false,ריצפז פרש הום בוטיק 2ל,סנו,IL,ריצפז פרש הום,ליטרים,2.00,ליטר,false,1,19.90,9.95,true,1,
7290013269850,false,נייר אפיה,,,נייר אפיה,יחידה,1.00,יחידה,false,0,12.90,12.90,true,1,
7290013284112,false,זיתים ירוקים,,,זיתים ירוקים,גרמים,560.00,100 גרם,false,0,7.90,1.41,true,1,
7290013284143,false,מלפפונים במלח,,,מלפפונים במלח,גרמים,560.00,100 גרם,false,0,6.80,1.21,true,1,
7290013284150,false,מלפפונים במלח,,,מלפפונים במלח,גרמים,560.00,100 גרם,false,0,9.50,1.70,true,1,
7290013284167,false,מלפפונים במלח,,IL,מלפפונים במלח,גרמים,560.00,100 גרם,false,0,11.70,2.09,true,1,
7290013284310,false,רוטב פסטה,,IL,רוטב פסטה,גרמים,240.00,100 גרם,false,0,5.50,2.29,true,1,
7290013358417,false,רוטב טריאקי אסייאתי300מ,קי.אר.אס. ספייסי פוד,TH,רוטב טריאקי,מיליליטרים,300.00,"100 מ""ל",false,1,10.00,3.34,true,1,
7290013531117,false,רוטב פסטה לילדים 260 גרם,"זנלכל בע""\מ",IL,רוטב פסטה,גרמים,260.00,100 גרם,false,0,4.90,1.88,true,1,
7290013539519,false,מסכת שיער ארגן מרוקאי500,א.ל ארמן,IL,מסכת שיער סטייל,מיליליטרים,500.00,"100 מ""ל",false,0,35.00,7.00,true,1,
7290013580771,false,שריר בשר מס8' חלק קג,בלדי,BR,שריר מס8',קילוגרמים,0.00,"ק""ג",true,0,29.90,29.90,true,1,
7290013584175,false,ספרייט 1.5*6 ליטר,החברה המרכזית לייצור משק,IL,ספרייט שישייה,ליטרים,9.00,ליטר,false,0,32.90,3.66,true,1,
7290013585240,false,ספרייט זירו 1.5 ליטר,החברה המרכזית לייצור משק,IL,ספרייט זירו,ליטרים,1.50,ליטר,false,1,6.90,4.60,true,1,
7290013585677,false,"פריגת  אקסטרא מנגו420מ""ל",---,IL,פריגת מנגו,מיליליטרים,420.00,"100 מ""ל",false,1,7.90,1.88,true,1,
7290013608444,false,משקה קל תפוזים 1.5 ליטר,גניר,IL,משקה קל תפוזים,ליטרים,1.50,ליטר,false,1,6.50,4.33,true,1,
7290013608451,false,משקה קל ענבים 1.5 ליטר,גניר,IL,משקה קל ענבים,ליטרים,1.50,ליטר,false,1,6.50,4.33,true,1,
7290013675828,false,חגיגה אסייתית להקפצה 450,תנובה,IL,חגיגה אסייתית לה,גרמים,450.00,100 גרם,false,1,19.90,4.42,true,1,
7290013702005,false,מים טעם פירות יער 1.5 ל,"יפאורה תבורי בע""\מ",IL,מים פירות יער,ליטרים,1.50,ליטר,false,0,6.40,4.27,true,1,
7290013702029,false,שוופס מים טעם אפרסק 1.5ל,יפאורה תבורי בעמ,IL,שוופס מים אפרסק,ליטרים,1.50,ליטר,false,0,6.40,4.27,true,1,
7290013702043,false,שוופס מים טעם ענבים 1.5ל,יפאורה תבורי בעמ,IL,מים בטעם ענבים,ליטרים,1.50,ליטר,false,0,6.40,4.27,true,1,
7290013702371,false,שוופס מים בטעם תפוח 1.5ל,יפאורה תבורי בעמ,IL,שוופס מים תפוח,ליטרים,1.50,ליטר,false,0,6.40,4.27,true,1,
7290013702470,false,שוופס מוגז לימונדה ורודה,"יפאורה תבורי בע""\מ",IL,שוופס לימונדה,ליטרים,1.50,ליטר,false,0,6.90,4.60,true,1,
7290013702555,false,שוופס מוגז עדין אננס1.5ל,יפאורה תבורי בעמ,IL,שוופס מוגז עדין,ליטרים,1.50,ליטר,false,0,6.70,4.47,true,1,
7290013724779,false,זיתים,,,זיתים,גרמים,400.00,100 גרם,false,0,9.90,2.48,true,1,
7290013725646,false,צ'ילי מתוק 700 גרם,,TH,צ'ילי מתוק,גרמים,700.00,100 גרם,false,0,10.80,1.54,true,1,
7290013725684,false,"רוטב טריאקי 300 מ""ל",,TH,רוטב טריאקי,מיליליטרים,300.00,"100 מ""ל",false,0,11.90,3.97,true,1,
7290013725714,false,רוטב סויה סגנון יפני623מ,,TH,רוטב סויה,מיליליטרים,623.00,"100 מ""ל",false,0,11.00,1.77,true,1,
7290013725738,false,אצות ים נורי,,,אצות ים נורי,גרמים,25.00,100 גרם,false,0,14.80,59.20,true,1,
7290013847102,false,טונה סטארקיסט 3 * 80 גרם,סטארקיסט,IL,טונה סטארקיסט3יח,גרמים,240.00,100 גרם,false,0,10.00,4.17,true,1,
7290013847409,false,טונה 4% פלפל+לימון140ג,סטארקיסט,IL,טונה סטארקיסט,גרמים,140.00,100 גרם,false,1,8.90,6.36,true,1,
7290013848055,false,"קרם גוף קרמה מן 400 מ""ל",קוסמופארם,IL,קרם גוף קרמה מן,מיליליטרים,400.00,"100 מ""ל",false,1,23.90,5.98,true,1,
7290013848345,false,מטליות לחיטוי 50*3 יח',סנו מפעלי ברונוס בעמ,IL,מטליות ניקוי 3יח,יחידה,1.00,יחידה,false,1,19.90,19.90,true,1,
7290013848758,false,ג'ל לכביסה בייבי 3 ליטר,"סנו מפעלי ברונוס בע""\מ",IL,ג'ל לכביסה בייבי,ליטרים,3.00,ליטר,false,0,34.90,11.63,true,1,
7290013906205,false,פסטרמה שום וצ'ילי 400 גר,טיב טירת צבי 2000,IL,פסטרמה שום+צ'לי,גרמים,400.00,100 גרם,false,0,27.90,6.98,true,1,
7290013906441,false,קבנוס 120 גרם,טיב טירת צבי 2000,IL,קבנוס,גרמים,120.00,100 גרם,false,0,11.80,9.83,true,1,
7290014002647,false,תה ירוק לימונ.לואיזה15שק,---,IL,תה ירוק 15 שקיק.,גרמים,22.00,100 גרם,false,0,10.00,45.45,true,1,
7290014015098,false,שורש חזרת,איקה חקלאות,IL,שורש חזרת,קילוגרמים,0.00,"ק""ג",true,1,39.90,39.90,true,1,
7290014046436,false,נשנושי קבנוס 125 גרם,מעדני יחיעם,IL,נשנושי קבנוס,גרמים,125.00,100 גרם,false,0,13.80,11.04,true,1,
7290014046474,false,"נקניקיות עוף 1.5 ק""ג",מעדני יחיעם,IL,נקניקיות עוף,קילוגרמים,1.50,"ק""ג",false,0,25.90,17.26,true,1,
7290014094260,false,שיני שום קלופות,יאנונינגלנאגג פרודיס לטד,CN,שיני שום קלופות,יחידה,1.00,יחידה,false,1,9.90,9.90,true,1,
7290014094475,false,רוטב צ'ילי מתוק,,TH,רוטב צ'ילי מתוק,מיליליטרים,700.00,"100 מ""ל",false,0,10.10,1.44,true,1,
7290014094482,false,רוטב צ'ילי חריף,,TH,רוטב צ'ילי חריף,מיליליטרים,700.00,"100 מ""ל",false,0,10.10,1.44,true,1,
7290014217065,false,אורגנו במיכל 30 גרם,תבליני טעם וריח,IL,אורגנו,גרמים,30.00,100 גרם,false,0,9.80,32.67,true,1,
7290014217140,false,תערובת ראס אל חנות100ג,תבליני טעם וריח,IL,תיבול רס אל חנות,גרמים,100.00,100 גרם,false,1,10.80,10.80,true,1,
7290014218321,false,בורקס יפו גבינה 600גרם,"מעדנות בע""\מ",IL,בורקס יפו גבינה,גרמים,600.00,100 גרם,false,1,17.90,2.98,true,1,
7290014258914,false,מטרנה אקסטרה קר קומפ700,נסטלה,IL,מטרנה קומפורט,גרמים,700.00,100 גרם,false,1,69.90,9.99,true,1,
7290014281240,false,"מציות תפו""א בצל 120 גרם",,IL,"מציות תפו""א בצל",גרמים,120.00,100 גרם,false,1,15.90,13.25,true,1,
7290014281509,false,קרקר קטניות ט.טבעי 120ג,,IL,קרקר קטניות טבעי,גרמים,120.00,100 גרם,false,0,15.90,13.25,true,1,
7290014397156,false,קרם גוף קרמה פרח וניל500,קוסמופארם,IL,קרם גוף קרמה,מיליליטרים,500.00,"100 מ""ל",false,0,22.90,4.58,true,1,
7290014459267,false,"תפוגן פרוסות סלייס 1.5ק""","תעשיות תפוגן בע""\מ",IL,תפוגן פרוסות,קילוגרמים,1.50,"ק""ג",false,10,23.90,15.93,true,1,
7290014525016,false,סלים פרוט יוגורט תות 5י,סלים פרוטס,ES,חטיפי דגנים מרבה,גרמים,182.00,100 גרם,false,0,10.00,5.50,true,1,
7290014683761,false,עוגיות קוקוס כשלפ 500 גר,גידרון,IL,עוגיות קוקוס,גרמים,500.00,100 גרם,false,0,24.90,4.98,true,1,
7290014683792,false,עוג.בוטנים מצופה שוק500ג,---,IL,עוגיות בוטנים,גרמים,500.00,100 גרם,false,0,26.90,5.38,true,1,
7290014748743,false,נקניקיות בראטוורסט עסיסי,מוצרי עוף טוב (2001) בע\,IL,נקניקיות בראטוור,גרמים,340.00,100 גרם,false,1,18.90,5.56,true,1,
7290014748767,false,נקניקיות פרנקפורטר צ'ילי,מוצרי עוף טוב (2001) בע\,IL,נקניקיות פרנקפור,גרמים,320.00,100 גרם,false,1,18.90,5.91,true,1,
7290014749078,false,מקלוני קבנוס 200 גרם,עוף טוב,IL,מקלוני קבנוס,גרמים,200.00,100 גרם,false,1,13.90,6.95,true,1,
7290014758681,false,קוטג 1% שומן,,IL,קוטג 1% שומן,גרמים,250.00,100 גרם,false,0,5.50,2.20,true,1,
7290014762848,false,פתיתי גלבוע 22% 500 גרם,---,IL,פתיתי גלבוע,גרמים,500.00,100 גרם,false,1,32.90,6.58,true,1,
7290014789913,false,עוגיות אוראו 176*3 גרם,מונדלייז,UA,עוגיות אוראו 3יח,גרמים,528.00,100 גרם,false,0,21.90,4.15,true,1,
7290014901247,false,"שמפו קרטין סטייל 750 מ""ל",א.ל ארמן,IL,שמפו קרטין,מיליליטרים,750.00,"100 מ""ל",false,0,18.90,2.52,true,1,
7290014940901,false,לחם פשוט מלא 750 גרם,מאפיית שלמה א. אנג'\ל בע,IL,לחם מלא,גרמים,750.00,100 גרם,false,1,13.90,1.85,true,1,
7290015025959,false,4 * 64 פרש וואנס נעדין,על בד,IL,פרש וואנס 4 יח,יחידה,1.00,יחידה,false,1,17.90,17.90,true,1,
7290015037273,false,פטרוזיליה אוצר הארץ יח,קטיף.,IL,פטרוזיליה א.הארץ,יחידה,1.00,יחידה,false,0,5.90,5.90,true,1,
7290015037297,false,שמיר אוצר הארץ יחידה,קטיף.,IL,שמיר אוצר הארץ,יחידה,1.00,יחידה,false,0,5.90,5.90,true,1,
7290015037433,false,חסה ערבית אוצר הארץ יחיד,קטיף.,IL,חסה ערבית א.הארץ,יחידה,1.00,יחידה,false,0,6.90,6.90,true,1,
7290015039246,false,נתחי טונה בשמן,,TH,נתחי טונה בשמן,גרמים,640.00,100 גרם,false,0,20.00,3.12,true,1,
7290015155830,false,חטיפטף פרינוק תפוח בננה,---,CZ,חטיפטף פרינוק,גרמים,120.00,100 גרם,false,1,4.90,4.08,true,1,
7290015324007,false,פלפל שחור גרוס בשקית80ג,תבליני טעם וריח,IL,פלפל שחור גרוס,גרמים,80.00,100 גרם,false,0,10.90,13.63,true,1,
7290015324014,false,פלפל שחור טחון בשקית80ג,תבליני טעם וריח,IL,פלפל שחור טחון,גרמים,80.00,100 גרם,false,0,10.90,13.63,true,1,
7290015324038,false,פפריקה בשמן בשקית 80 גרם,תבליני טעם וריח,IL,פפריקה בשמן,גרמים,80.00,100 גרם,false,0,7.80,9.75,true,1,
7290015324045,false,פפריקה חריפה בשקית 80גרם,תבליני טעם וריח,IL,פפריקה חריפה,גרמים,80.00,100 גרם,false,0,5.20,6.50,true,1,
7290015324069,false,גריל עוף בשקית 80 גרם,תבליני טעם וריח,IL,גריל עוף,גרמים,80.00,100 גרם,false,0,5.90,7.38,true,1,
7290015324076,false,זעתר בשקית 80 גרם,תבליני טעם וריח,IL,זעתר,גרמים,80.00,100 גרם,false,0,7.80,9.75,true,1,
7290015324090,false,כמון בשקית 80 גרם,תבליני טעם וריח,IL,כמון,גרמים,80.00,100 גרם,false,0,7.80,9.75,true,1,
7290015324106,false,כורכום בשקית 80 גרם,תבליני טעם וריח,IL,כורכום,גרמים,80.00,100 גרם,false,0,7.80,9.75,true,1,
7290015324168,false,על האש בשקית 80 גרם,תבליני טעם וריח,IL,על האש,גרמים,80.00,100 גרם,false,0,5.90,7.38,true,1,
7290015341219,false,"עוגה בחושה בטעמים כשל""פ","אקלר בע""מ",IL,עוגה בחושה,גרמים,400.00,100 גרם,false,1,16.90,4.23,true,1,
7290015355834,false,מתבל עגבניות חריף 855גרם,היינץ,US,מתבל עגבניות,גרמים,855.00,100 גרם,false,1,17.90,2.09,true,1,
7290015366663,false,משחה אקווה פרש עדין100,MICLEN DE,SK,משחה אקווה פרש,מיליליטרים,100.00,"100 מ""ל",false,1,7.90,7.90,true,1,
7290015493147,false,נביעות+רכיבי פרי ליצי1.5,"נביעות טבע הגליל בע""\מ",IL,נביעות פרי ליצ'י,ליטרים,1.50,ליטר,false,1,7.90,5.27,true,1,
7290015493154,false,נביעות+ רכיבי אבטיח 1.5ל,"נביעות טבע הגליל בע""מ",IL,נביעות+פרי אבטיח,ליטרים,1.50,ליטר,false,1,7.90,5.27,true,1,
7290015626811,false,אגוז מלך אמריקאי 250גרם,ששון ושות,US,אגוז מלך אמריקאי,גרמים,250.00,100 גרם,false,1,23.90,9.56,true,1,
7290015644297,false,לחמניות פשוט מלא 75*6גרם,מאפיית שלמה א. אנג'\ל בע,IL,לחמניות 6 יח',גרמים,450.00,100 גרם,false,1,10.90,2.42,true,1,
7290015644433,false,לחם צרפתי100%שיפון600ג,מאפיית שלמה א. אנג'\ל בע,IL,לחם צרפתי,גרמים,600.00,100 גרם,false,1,12.90,2.15,true,1,
7290015652544,false,גריל עוף ארומטי אהרונ130,נווה התבלין,IL,גריל עוף ארומטי,גרמים,130.00,100 גרם,false,1,10.00,7.69,true,1,
7290015726061,false,"מעמול תמרים כשל""פ 500ג",גידרון,IL,מעמול תמרים,גרמים,500.00,100 גרם,false,0,26.90,5.38,true,1,
7290015781053,false,יין ויז'ן לבן יבש 750 מל,"יקב טפרברג 1870 בע""מ",IL,יין ויז'ן לבן,מיליליטרים,750.00,"100 מ""ל",false,1,34.90,4.65,true,1,
7290015781121,false,"קברנה אימפרשן 750 מ""ל","יקב טפרברג 1870 בע""מ",IL,יין קברנה,מיליליטרים,750.00,"100 מ""ל",false,1,44.90,5.99,true,1,
7290016006339,false,מים מינרליים מי עדן 1*4ל,מי עדן,IL,מי עדן 4 יח',ליטרים,4.00,ליטר,false,1,9.90,2.48,true,1,
7290016006865,false,ספרינג אננס בננה1.5 ליטר,"יפאורה תבורי בע""\מ",IL,ספרינג אננס בננה,ליטרים,1.50,ליטר,false,1,6.20,4.13,true,1,
7290016035025,false,לחם פשתן 450 גרם,,IL,לחם פשתן,גרמים,450.00,100 גרם,false,1,21.90,4.87,true,1,
7290016114300,false,נייר טואלט לילי כפול16י,חוגלה קימברלי,IL,נייר טואלט לילי,מטרים,588.00,100 מטר,false,1,39.90,6.79,true,1,
7290016136722,false,פתיתים פנה ללא גלוטן340ג,,IT,"פתיתים פנה לל""ג",גרמים,340.00,100 גרם,false,1,10.00,2.94,true,1,
7290016197495,false,מטלית לרצפה 2יח,---,CN,מטלית לרצפה 2יח,יחידה,1.00,יחידה,false,1,16.90,16.90,true,1,
7290016234008,false,אנשובי בשמן זית צנצנ100ג,אינוורסינס פריסקו,PE,אנשובי בשמן זית,גרמים,100.00,100 גרם,false,1,12.90,12.90,true,1,
7290016246292,false,חטיף חלבה וניל לוז 18*7ג,"רושדי תעשיות מזון בע""\מ",IL,חטיפי חלבה,גרמים,126.00,100 גרם,false,1,13.50,10.71,true,1,
7290016246308,false,חטיף חלבה וניל קוקוס18*7,"רושדי תעשיות מזון בע""\מ",IL,חטיפי חלבה,גרמים,126.00,100 גרם,false,1,13.50,10.71,true,1,
7290016276503,false,מקלות מלוחים 350 גרם,דודו אוטמנגין,IL,מקלות מלוחים,גרמים,350.00,100 גרם,false,1,10.00,2.86,true,1,
7290016276510,false,עוגיות מרוקאיות 350 גרם,---,IL,עוגיות מרוקאיות,גרמים,350.00,100 גרם,false,1,10.00,2.86,true,1,
7290016372373,false,רסק עגבניות 135*2 גרם,ויסוצקי,IT,רסק עגבניות 2 יח,גרמים,270.00,100 גרם,false,1,7.90,2.93,true,1,
7290016510249,false,תחליב רח.הוואי יוגורט700,טרופיקל דגיל,IL,תחליב רחצה הוואי,מיליליטרים,700.00,"100 מ""ל",false,1,9.90,1.41,true,1,
7290016510263,false,תח.רח.הוואי רגע יוקר700מ,טרופיקל דגיל,IL,תחליב רחצה הוואי,מיליליטרים,700.00,"100 מ""ל",false,1,9.90,1.41,true,1,
7290016510317,false,תח.רח.הוואי לגבר פול700,טרופיקל דגיל,IL,תחליב רחצה הוואי,מיליליטרים,700.00,"100 מ""ל",false,1,9.90,1.41,true,1,
7290016510324,false,תחליב רח.הוואי לגבר700מל,טרופיקל דגיל,IL,תחליב רחצה הוואי,מיליליטרים,700.00,"100 מ""ל",false,1,9.90,1.41,true,1,
7290016619003,false,מלפפון בייבי יחידה,קטיף.,IL,מלפפון בייבי,יחידה,1.00,יחידה,false,1,9.90,9.90,true,1,
7290016866650,false,מש.פרודונטקס אוריגינל75מ,DEMICLEN,SK,משחה פרודונטקס,מיליליטרים,75.00,"100 מ""ל",false,1,29.90,39.87,true,1,
7290017023496,false,שוופס ל.סוכר תות ליים1.5,"יפאורה תבורי בע""\מ",IL,שוופס ללא סוכר,ליטרים,1.50,ליטר,false,1,6.90,4.60,true,1,
7290017031811,false,מברשות שיניים בליסטר 2*,"L Co., Industrial Shummi",CN,מברשות שיניים בל,יחידה,1.00,יחידה,false,1,19.90,19.90,true,1,
7290017046129,false,עוגיות דמקה 500 גרם,---,IL,עוגיות דמקה,גרמים,500.00,100 גרם,false,1,14.90,2.98,true,1,
7290017058146,false,"רסק תפו""ע עם אפרסק113*4",GROWERS CHERRY,US,"רסק תפו""ע",גרמים,452.00,100 גרם,false,1,9.90,2.19,true,1,
7290017065137,false,ריקוטה למריחה 5% 200 גרם,מחלבות גד,IL,ריקוטה למריחה,גרמים,200.00,100 גרם,false,1,10.10,5.05,true,1,
7290017088099,false,34חיתולי בייביסיטר מידה6,די.פי.אל,IL,חיתולי בייביסיטר,יחידה,1.00,יחידה,false,1,34.00,34.00,true,1,
7290017105383,false,גרעיני תירס לילדים200*3ג,זנלכל,IL,תירס גרעינים 3יח,גרמים,600.00,100 גרם,false,1,9.90,1.65,true,1,
7290017105468,false,אפונה קטנה 200*3 גרם,KFT KECSKEMET,IL,אפונה קטנה 3 יח,גרמים,600.00,100 גרם,false,1,10.50,1.75,true,1,
7290017217437,false,סבון לאסלה פרחים 50*3 גר,JIANGBEI NINGBO,CN,סבון לאסלה 3 יח,גרמים,150.00,100 גרם,false,1,11.90,7.93,true,1,
7290017217710,false,"שיפודי במבוק 15 ס""מ 100",W.H.J.C.CO,CN,שיפודי במבוק,יחידה,1.00,יחידה,false,1,9.90,9.90,true,1,
7290017304885,false,לחם שיפון מלא פרוס 750גר,מאפיית שלמה א. אנג'\ל בע,IL,לחם שיפון מלא,גרמים,750.00,100 גרם,false,1,14.90,1.99,true,1,
7290017513058,false,תה ירוק סיני 20 שקיקים,ויסוצקי,IL,תה ירוק סיני,גרמים,30.00,100 גרם,false,1,19.90,66.33,true,1,
7290017617046,false,טונה בשמן זית 140*4 גרם,דרדנל,TR,טונה בשמן זית4יח,גרמים,560.00,100 גרם,false,1,28.90,5.16,true,1,
7290017715742,false,"טורטיה תירס כשל""פ 250 גר",מיסון פוד איבריה,ES,"טורטיה כשל""פ",גרמים,250.00,100 גרם,false,1,10.00,4.00,true,1,
7290017800028,false,פלפל מתוק יחידה,משק גל,IL,פלפל מתוק,יחידה,1.00,יחידה,false,1,10.90,10.90,true,1,
7290017812571,false,מיץ ענבים תירוש אדום 1 ל,יקבי כרמל,IL,תירוש כרמל אדום,ליטרים,1.00,ליטר,false,1,17.90,17.90,true,1,
7290017888033,false,פרוט&וג בננ.מלון נענ350מ,יפאורה תבורי בעמ,IL,משקה פרוט&ווג',מיליליטרים,350.00,"100 מ""ל",false,1,7.00,2.00,true,1,
7290017888392,false,תפוזינה וואו אשכוליות1.5,"יפאורה תבורי בע""\מ",IL,תפוזינה אשכוליות,ליטרים,1.50,ליטר,false,1,6.20,4.13,true,1,
7290017918013,false,תפוח עץ פינק ליידי מארז,נתיב ליווי עסקי,IT,תפוח פינק ליידי,קילוגרמים,0.00,"ק""ג",true,1,18.90,18.90,true,1,
7290017947891,false,לחם כוסמין+חיטה מלאה750ג,מאפיית שלמה א. אנג'\ל בע,IL,אנג'ל  כוסמין,גרמים,750.00,100 גרם,false,1,14.90,1.99,true,1,
7290018131510,false,מאגדת טילון מיניונים 390,גלידות נסטלה )נגה גלידות,IL,מאגדת טילון מיני,גרמים,390.00,100 גרם,false,1,32.90,8.44,true,1,
7290018343296,false,"אלכוג'ל 100 מ""ל 100 מ""ל",---,IL,"אלכוג'ל 100 מ""ל",מיליליטרים,100.00,"100 מ""ל",false,1,9.90,9.90,true,1,
7290019297161,false,טורטיות ראפ,,TR,טורטיות ראפ,יחידה,1.00,יחידה,false,0,12.80,12.80,true,1,
7290019297383,false,מעדן משמש 100%פרי 284 גר,,CN,מעדן משמש,גרמים,284.00,100 גרם,false,1,9.90,3.49,true,1,
7290019297406,false,מעדן דובדבדבן100%פרי284ג,,CN,מעדן דובדבדבן,גרמים,284.00,100 גרם,false,1,9.90,3.49,true,1,
7290100240137,false,בדין תרסיס מייבש כחול500,זוהר דליה,IL,תרסיס למייבש,מיליליטרים,500.00,"100 מ""ל",false,0,18.30,3.66,true,1,
7290100243671,false,"בדין אקסטרה כחול 960 מ""ל",יוניליוור,TR,מרכך כביסה בדין,מיליליטרים,960.00,"100 מ""ל",false,0,15.90,1.66,true,1,
7290100249086,false,"קליק נוגט לבן כשל""פ35גרם","יונליוור ישראל מזון בע""\",IL,חטיף קליק,גרמים,35.00,100 גרם,false,1,4.90,14.00,true,1,
7290100412435,false,קוויק50מגבונים ניקוי כלל,די.פי.אל,IL,קוויק מגבונים,יחידה,1.00,יחידה,false,1,8.90,8.90,true,1,
7290100412770,false,"תחליב רחצה מאסק 700 מ""ל",אמיליה,IL,תחליב רחצה,מיליליטרים,700.00,"100 מ""ל",false,1,19.90,2.84,true,1,
7290100680650,false,מנה חמה נודלס תאילנדי76ג,טאי רזידנט,TH,מנה חמה אסם,גרמים,76.00,100 גרם,false,0,5.90,7.76,true,1,
7290100680667,false,מנה חמה נודלס סצ'ואן76גר,טאי רזידנט,TH,מנה חמה נודלס,גרמים,76.00,100 גרם,false,0,5.90,7.76,true,1,
7290100680711,false,פירורית זהב 350 גרם,עינת תעשיות,IL,פירורית זהב אסם,גרמים,350.00,100 גרם,false,0,7.90,2.25,true,1,
7290100680728,false,פירורית רגילה 350 גרם,"אסם השקעות בע""\מ",IL,פירורית אסם,גרמים,350.00,100 גרם,false,0,7.60,2.17,true,1,
7290100681138,false,אפרופו 50*3 גרם,"אסם השקעות בע""\מ",IL,אפרופו 3יח במארז,גרמים,150.00,100 גרם,false,0,12.90,8.60,true,1,
7290100683613,false,ויטמינצ'יק מנגו אפרסק 1ל,בית השיטה,IL,סירופ ויטמינצ'יק,ליטרים,1.00,ליטר,false,0,12.90,12.90,true,1,
7290100685136,false,"מרק טעם עוף פרווה 1 ק""ג","אסם השקעות בע""\מ",IL,מרק טעם עוף,קילוגרמים,1.00,"ק""ג",false,0,15.50,15.50,true,1,
7290100686171,false,ביסלי גריל 6 * 35 גרם,"אסם השקעות בע""\מ",IL,ביסלי מארז 6 יח,גרמים,210.00,100 גרם,false,0,12.90,6.14,true,1,
7290100687109,false,במבה נוגט 60 גרם,"אסם השקעות בע""\מ",IL,במבה נוגט,גרמים,60.00,100 גרם,false,0,4.90,8.17,true,1,
7290100689301,false,מרק בטעם עוף זך 400גר,"אסם השקעות בע""\מ",IL,מרק בטעם עוף זך,גרמים,400.00,100 גרם,false,0,10.00,2.50,true,1,
7290100700396,false,"אורז יסמין קלאסי 1 ק""ג","סוגת תעשיות בע""מ",IL,אורז יסמין סוגת,קילוגרמים,1.00,"ק""ג",false,0,11.90,11.90,true,1,
7290100703182,false,תבש.אישי נודלס ט.ירקות65,קאונו גרודאי,LT,תבשיל אישי נודלס,גרמים,65.00,100 גרם,false,1,4.90,7.54,true,1,
7290100850343,false,מיני מקופלת 200 גרם,עלית,IL,מיני מקופלת,גרמים,200.00,100 גרם,false,0,14.90,7.45,true,1,
7290100850459,false,מיקס חטיפים 390 גרם,עלית,IL,מיקס חטיפים,גרמים,390.00,100 גרם,false,0,21.90,5.62,true,1,
7290100850466,false,מיקס פסק זמן 390 גרם,שטראוס,IL,מיקס פסק זמן,גרמים,390.00,100 גרם,false,0,21.90,5.62,true,1,
7290100850916,false,דוריטוס חמוץ חריף 70 גרם,"שטראוס פריטו ליי בע""\מ )",IL,דוריטוס חמוץ ח,גרמים,70.00,100 גרם,false,0,3.60,5.14,true,1,
7290100850923,false,דוריטוס גריל 70 גרם,"שטראוס פריטו ליי בע""\מ )",IL,דוריטוס גריל,גרמים,70.00,100 גרם,false,0,3.60,5.14,true,1,
7290100850930,false,דוריטוס בטעם טבעי 70 גרם,"שטראוס פריטו ליי בע""\מ )",IL,חטיף דוריטוס,גרמים,70.00,100 גרם,false,0,3.60,5.14,true,1,
7290100852576,false,שוק.פרה מריר 100*3 גרם,שטראוס,IL,שוקולד מריר 3 יח,גרמים,300.00,100 גרם,false,0,10.00,3.34,true,1,
7290100852606,false,קפה טורקי 100*4 גרם,שטראוס קפה בי.ויn\.,IL,קפה טורקי 4 יח,גרמים,400.00,100 גרם,false,0,30.90,7.73,true,1,
7290100858592,false,קקאו עלית 150 גרם,עלית,IL,קקאו עלית,גרמים,150.00,100 גרם,false,0,9.90,6.60,true,1,
7290100921517,false,שמפו הוואי משקם ומטפח700,טרופיקל דגיל,IL,שמפו הוואי,מיליליטרים,700.00,"100 מ""ל",false,0,9.90,1.41,true,1,
7290100921760,false,"שמפו הוואי ספורט 700 מ""ל",טרופיקל דגיל,IL,שמפו הוואי,מיליליטרים,700.00,"100 מ""ל",false,0,9.90,1.41,true,1,
7290100924204,false,אבקת כביסה פרסיל,,IL,אבקת כביסה פרסיל,קילוגרמים,8.00,"ק""ג",false,0,49.90,6.24,true,1,
7290100925751,false,סוד נוזל כלים תפוח 650מל,"הנקל סוד בע""\מ",IL,נוזל כלים תפוח,מיליליטרים,650.00,"100 מ""ל",false,1,6.50,1.00,true,1,
7290101551539,false,דנונה פרו+חלבון אפרסק200,"שטראוס בריאות בע""מ",IL,דנונה פרו אפרסק,גרמים,200.00,100 גרם,false,1,5.90,2.95,true,1,
7290101551584,false,תפוצ'יפס קידס 20*10 גרם,"שטראוס פריטו ליי בע""מ )פ",IL,תפוצ'יפס קידס10*,גרמים,200.00,100 גרם,false,1,14.90,7.45,true,1,
7290101551614,false,צ'יטוס קראנצ' גבינה30*8ג,"שטראוס פריטו ליי בע""מ )פ",IL,צ'יטוס גבינה 8יח,גרמים,240.00,100 גרם,false,1,13.90,5.79,true,1,
7290101866633,false,מסיר כתמים ג'ל וניש קליה,רקיט בנקיזר,IL,מסיר כתמים וניש,ליטרים,3.00,ליטר,false,0,26.90,8.97,true,1,
7290101869917,false,איירוויק מילוי 250מל,רקיט בנקיזר,GB,אירוויק מילוי,מיליליטרים,250.00,"100 מ""ל",false,1,14.90,5.96,true,1,
7290102031276,false,"אקטימל תות בננה 100*8מ""ל","שטראוס גרופ בע""\מ",IL,אקטימל 8 יח,מיליליטרים,800.00,"100 מ""ל",false,0,20.90,2.61,true,1,
7290102393039,false,יוג.מולר מיקס פצפוצים150,טרה,IL,יוגורט מולר מיקס,גרמים,150.00,100 גרם,false,0,5.90,3.93,true,1,
7290102393190,false,יוג.פירות יער+פרי3% 150ג,מילקו תעשיות בעמ,IL,יוגורט מולר,גרמים,150.00,100 גרם,false,0,5.00,3.33,true,1,
7290102395224,false,יוג.מולר נטורל1.7% 150*8,טרה,IL,יוגורט ביאנקו 8י,קילוגרמים,1.20,"ק""ג",false,0,17.90,14.92,true,1,
7290102395378,false,גבינה צהובה28%ואקום 360ג,טרה,IL,גבינה צהובה 28%,גרמים,360.00,100 גרם,false,0,20.10,5.58,true,1,
7290102395439,false,מולר פירות יער+קווי150*8,מילקו תעשיות בעמ,IL,מולר פירות 8 יח,קילוגרמים,1.20,"ק""ג",false,0,30.30,25.25,true,1,
7290102396399,false,מעדן שוקולד 100*8גר,טרה,IL,מעדן שוקולד 8 יח,גרמים,800.00,100 גרם,false,0,13.70,1.71,true,1,
7290102396405,false,מעדן וניל 100*8גרם,טרה,IL,מעדן וניל 8 יח,גרמים,800.00,100 גרם,false,0,13.70,1.71,true,1,
7290102397464,false,נטורל+פקאן וגרעינים170גר,טרה,IL,מולר נטורל+פקאן,גרמים,170.00,100 גרם,false,1,5.90,3.47,true,1,
7290102397600,false,מולר מיקס שקד+בוטנים168ג,מולר,IL,מולר מיקס,גרמים,168.00,100 גרם,false,1,5.90,3.51,true,1,
7290102397891,false,גבינה מותכת 4 * 25 גרם,---,IL,גבינה מותכת,גרמים,100.00,100 גרם,false,1,7.10,7.10,true,1,
7290102398065,false,חלב 3% בקרטון מהדרין 2ל',טרה,IL,חלב 3% בקרטון,ליטרים,2.00,ליטר,false,1,11.80,5.90,true,1,
7290102398072,false,חלב 3% בקרטון מהדרין 1 ל,טרה,IL,חלב 3% בקרטון,ליטרים,1.00,ליטר,false,1,5.94,5.94,true,1,
7290102398331,false,חלב מועשר דל לקטוז2% 1ל',טרה,IL,חלב דל לקטוז,ליטרים,1.00,ליטר,false,1,7.70,7.70,true,1,
7290102398508,false,"שמנת מתוקה38%בד""צ250מ",טרה,IL,שמנת מתוקה 38%,מיליליטרים,250.00,"100 מ""ל",false,1,6.18,2.47,true,1,
7290102398553,false,שוקו טרה בבקבוק 1.5 ליטר,מילקו תעשיות בעמ,IL,שוקו טרה בקבוק,ליטרים,1.50,ליטר,false,1,12.90,8.60,true,1,
7290102398560,false,שוקו מועשר בבקבוק 1 ליטר,מילקו תעשיות בעמ,IL,שוקו מועשר בקבוק,ליטרים,1.00,ליטר,false,1,10.00,10.00,true,1,
7290102398614,false,משקה חלב בטעם בננה 1ליטר,מילקו תעשיות בעמ,IL,משקה חלב בננה,ליטרים,1.00,ליטר,false,1,10.00,10.00,true,1,
7290102398782,false,משקה סויה קלאסי 1 ליטר,ואל סויה,IT,משקה סויה קלאסי,ליטרים,1.00,ליטר,false,1,10.00,10.00,true,1,
7290102399048,false,קשקבל פרוסות 200 גרם,טרה,IL,קשקבל פרוס,גרמים,200.00,100 גרם,false,1,22.90,11.45,true,1,
7290102399697,false,סימפלי מנגו1.5% 150גרם,מילקו תעשיות בעמ,IL,יוגורט מנגו,גרמים,150.00,100 גרם,false,1,5.00,3.33,true,1,
7290103126797,false,"קולגייט פרו ריליף 75 מ""ל",קולגייט פלמוליב,BR,משחת קולגייט,מיליליטרים,75.00,"100 מ""ל",false,0,17.90,23.87,true,1,
7290103400378,false,עוגת בראוניז שוקולד380גר,שטראוס,IL,עוגת בראוניז,גרמים,380.00,100 גרם,false,0,10.00,2.63,true,1,
7290103404758,false,סלט כרוב אדום יום יום120,"שטראוס גרופ בע""\מ",IL,כרוב אדום אחלה,גרמים,120.00,100 גרם,false,0,4.80,4.00,true,1,
7290103407506,false,"מקופלת XL חלב כשל""פ 33גר","שטראוס גרופ בע""\מ",IL,מקופלת XL,גרמים,33.00,100 גרם,false,0,3.90,11.82,true,1,
7290104060403,false,מסטיק מאסט בזוקה ענבים28,עלית,IL,מסטיק מאסט בזוקה,גרמים,28.00,100 גרם,false,0,4.30,15.36,true,1,
7290104061219,false,רבע לשבע אצבעות אגוז120ג,עלית,IL,רבע לשבע אגוז,גרמים,120.00,100 גרם,false,0,10.90,9.08,true,1,
7290104061448,false,חומוס עם חריף אחלה 400 ג,"שטראוס גרופ בע""\מ",IL,חומוס חריף אחלה,גרמים,400.00,100 גרם,false,0,10.90,2.73,true,1,
7290104065934,false,עלי רוקט 150גרם שטראוס,"שטראוס גרופ בע""\מ",IL,עלי רוקט 150גרם,גרמים,150.00,100 גרם,false,0,9.90,6.60,true,1,
7290104066016,false,"מילקי טופ עדשים 170 מ""ל","שטראוס גרופ בע""\מ",IL,מילקי טופ עדשים,מיליליטרים,170.00,"100 מ""ל",false,0,4.90,2.88,true,1,
7290104068539,false,מאסט LL מלון ואבטיח 28גר,עלית,IL,מסטיק מאסט,גרמים,28.00,100 גרם,false,0,4.30,15.36,true,1,
7290104504228,false,מיני דובונים 20*5 גרם,"אסם השקעות בע""\מ",IL,מיני דובונים 5יח,גרמים,100.00,100 גרם,false,0,13.90,13.90,true,1,
7290104720499,false,דני וניל 125*8 גרם,"שטראוס גרופ בע""\מ",IL,דני וניל 8 יח',קילוגרמים,1.00,"ק""ג",false,0,15.90,15.90,true,1,
7290104720536,false,שוקולד חלב פרה 100*3גרם,עלית,IL,שוקולד חלב 3 יח,גרמים,300.00,100 גרם,false,1,10.00,3.34,true,1,
7290104726712,false,מארז מילקי ט.שוקולד170*8,"שטראוס גרופ בע""\מ",IL,מארז מילקי 8 יח',ליטרים,1.36,ליטר,false,0,19.90,14.63,true,1,
7290104728310,false,שמנת עמידה לקצפת38% 250מ,מחלבת יטבתה,IL,שמנת עמידה לקצפת,גרמים,250.00,100 גרם,false,0,6.18,2.47,true,1,
7290104960239,false,סבון נקה7 ארומה לבן 750מ,אמיליה קוסמטיקס,IL,תחליב רחצה נקה 7,מיליליטרים,750.00,"100 מ""ל",false,0,9.90,1.32,true,1,
7290104960253,false,סבון נקה7 ארומה לבנדר750,אמיליה קוסמטיקס,IL,תחליב רחצה נקה 7,מיליליטרים,750.00,"100 מ""ל",false,0,9.90,1.32,true,1,
7290104961250,false,תחליב רחצה נקה7 וניל 750,נקה,IL,תחליב רחצה נקה,מיליליטרים,750.00,"100 מ""ל",false,0,9.90,1.32,true,1,
7290104961878,false,"שמפו קרטין נטורל 400 מ""ל",קוסמופארם,IL,שמפו קרטין,מיליליטרים,400.00,"100 מ""ל",false,0,29.90,7.48,true,1,
7290104961885,false,"מרכך קרטין נטורל 400 מ""ל",קוסמופארם,IL,מרכך קרטין,מיליליטרים,400.00,"100 מ""ל",false,0,29.90,7.48,true,1,
7290104961915,false,BOLD מסקרה שחורה,קרליין,IL,BOLD מסקרה שחורה,מיליליטרים,9.00,"100 מ""ל",false,1,49.90,554.44,true,1,
7290104963216,false,סופטקר אל סבון עדין 1 ל',נקה,IL,סופטקר אל סבון,ליטרים,1.00,ליטר,false,1,19.90,19.90,true,1,
7290105361707,false,כיף כף לבן 45 גרם,עלית,IL,כיף כף לבן,גרמים,45.00,100 גרם,false,0,3.90,8.67,true,1,
7290105362339,false,שמנת לבישול15%מהדרין250,מחלבת יטבתה,IL,שמנת לבישול 15%,מיליליטרים,250.00,"100 מ""ל",false,0,8.40,3.36,true,1,
7290105364302,false,כיף כף מקלות אגוזים42גרם,שולן צ'\יקולטה גידה סאן.,TR,כיף כף מקלות,גרמים,42.00,100 גרם,false,0,4.80,11.43,true,1,
7290105368294,false,שום ישראלי קלוף 120 גר י,"איקה חקלאות בע""מ",IL,שום ישראלי קלוף,גרמים,120.00,100 גרם,false,1,10.90,9.08,true,1,
7290105500151,false,וודקה פינלנדיה,,FI,וודקה פינלנדיה,מיליליטרים,700.00,"100 מ""ל",false,0,59.90,8.56,true,1,
7290105691224,false,קריספי טורטיה שום בצל60ג,"פרח תעשיות מזון בע""מ.",IL,קריספי טורטיה,גרמים,60.00,100 גרם,false,0,7.80,13.00,true,1,
7290105691965,false,רוטב סויה סיני אסם 290 מ,"אסם השקעות בע""\מ",IL,ר.סויה סיני אסם,מיליליטרים,290.00,"100 מ""ל",false,0,13.60,4.69,true,1,
7290105692474,false,עוגת בראוניס קוקוס 430גר,"אסם השקעות בע""\מ",IL,עוגת בראוניס,גרמים,430.00,100 גרם,false,0,10.00,2.33,true,1,
7290105692498,false,"עוגת בראוניס כשל""פ430גרם","אסם השקעות בע""\מ",IL,עוגת בראוניס,גרמים,430.00,100 גרם,false,0,10.00,2.33,true,1,
7290105692511,false,"עוגת הבית שיש כשל""פ350גר","אסם השקעות בע""\מ",IL,עוגת שיש,גרמים,350.00,100 גרם,false,0,10.00,2.86,true,1,
7290105692535,false,עוגת שוקו שוקוצ'יפס350גר,"אסם השקעות בע""\מ",IL,עוגת שוקוצ'יפס,גרמים,350.00,100 גרם,false,0,10.00,2.86,true,1,
7290105692771,false,תערובת להכנת לחמניות200ג,"אסם השקעות בע""\מ",IL,תערובת ללחמניות,גרמים,200.00,100 גרם,false,0,10.00,5.00,true,1,
7290105962331,false,סחוג חריף מאוד זהבי220ג,זהבי הכרם,IL,סחוג חריף זהבי,גרמים,220.00,100 גרם,false,0,11.50,5.23,true,1,
7290105963864,false,חזרת אחלה 220 גרם,"שטראוס גרופ בע""\מ",IL,חזרת אחלה,גרמים,220.00,100 גרם,false,0,12.90,5.86,true,1,
7290105968654,false,רביולי בטטה פרווה 400 גר,"שטראוס גרופ בע""\מ",IL,רביולי בטטה 400ג,גרמים,400.00,100 גרם,false,0,19.90,4.98,true,1,
7290106520066,false,רבע לשבע גלילית אגוז160ג,"הגביע מוצרי ופלים בע""\מ",IL,רבע לשבע 160 גרם,גרמים,160.00,100 גרם,false,0,10.90,6.81,true,1,
7290106520813,false,תפוצ'יפס בטעם טבעי 50*6ג,"שטראוס פריטו ליי בע""\מ )",IL,תפוצ'יפס 6 יח,גרמים,300.00,100 גרם,false,0,14.90,4.97,true,1,
7290106520912,false,"שמנת לבישול 9% 250 מ""ל",מחלבת יטבתה,IL,שמנת לבישול 9%,מיליליטרים,250.00,"100 מ""ל",false,0,8.40,3.36,true,1,
7290106521926,false,קפה טורקי 150 גרם,שטראוס קפה בי.ויn\.,IL,קפה טורקי,גרמים,150.00,100 גרם,false,1,10.00,6.67,true,1,
7290106524439,false,תפוצ'יפס פופס טבעי 60גרם,"שטראוס פריטו ליי בע""\מ )",IL,תפוצ'יפס פופס,גרמים,60.00,100 גרם,false,1,4.00,6.67,true,1,
7290106525320,false,שוקולית לאפיה 500 גרם,שטראוס קפה בי.וי.,IL,שוקולית לאפיה,גרמים,500.00,100 גרם,false,0,10.00,2.00,true,1,
7290106526822,false,פריכיות תחתית חלב 80גרם,"שטראוס גרופ בע""\מ",IL,פריכיות,גרמים,80.00,100 גרם,false,0,7.90,9.88,true,1,
7290106527386,false,פריכיות אנרג'י שוק.חלב70,"שטראוס גרופ בע""\מ",IL,פריכיות אנרג'י,גרמים,70.00,100 גרם,false,0,7.90,11.29,true,1,
7290106528567,false,דוריטוס גריל 185 גרם,"שטראוס פריטו ליי בע""\מ )",IL,דוריטוס גריל,גרמים,185.00,100 גרם,false,1,7.40,4.00,true,1,
7290106570023,false,"שטוחים שומשום כשל""פ 250ג","אסם השקעות בע""\מ",IL,בייגלה שטוחים,גרמים,250.00,100 גרם,false,0,10.00,4.00,true,1,
7290106570177,false,"שטוחים מלח כשל""פ 250 גר","אסם השקעות בע""\מ",IL,בייגלה שטוחים,גרמים,250.00,100 גרם,false,0,10.00,4.00,true,1,
7290106572997,false,"קמח שמרים לפיצה 1 ק""ג",תחנת קמח המפרץ,IL,קמח שמרים לפיצה,קילוגרמים,1.00,"ק""ג",false,0,9.90,9.90,true,1,
7290106574502,false,קמח שמרים ללא גלוטן350גר,אסם,IL,קמח שמרים,גרמים,350.00,100 גרם,false,1,10.90,3.11,true,1,
7290106576537,false,חומוס מסעדה צבר 700גרם,סלטי צבר,IL,חומוס מסעדה צבר,גרמים,700.00,100 גרם,false,0,10.00,1.43,true,1,
7290106576810,false,לה קרמריה צמחי ריבת,גלידות נסטלה,IL,לה קרמריה צמחי,ליטרים,1.40,ליטר,false,0,22.90,16.36,true,1,
7290106577282,false,טחינה צבר מרובע 400 גרם,סלטי צבר,IL,טחינה צבר,גרמים,400.00,100 גרם,false,0,12.10,3.03,true,1,
7290106577541,false,כרוב אדום מרובע צבר400ג,סלטי צבר,IL,כרוב אדום צבר,גרמים,400.00,100 גרם,false,0,12.40,3.10,true,1,
7290106577848,false,נסטי אפרסק 1.5*6 ליטר,סן-פלגרינו,IT,נסטי אפרסק6יח,ליטרים,9.00,ליטר,false,0,29.90,3.32,true,1,
7290106578821,false,עוגת שמרים שוקולד 350גרם,"אסם השקעות בע""\מ",IL,עוגת שמרים,גרמים,350.00,100 גרם,false,0,17.30,4.94,true,1,
7290106654921,false,תפוציפס אקסטרא טבעי50ג,"שטראוס פריטו ליי בע""\מ )",IL,תפוצ'יפס אקסטרא,גרמים,50.00,100 גרם,false,0,3.90,7.80,true,1,
7290106660649,false,ציטוס בוטנים 80 גרם,"שטראוס פריטו ליי בע""\מ )",IL,ציטוס בוטנים,גרמים,80.00,100 גרם,false,1,4.50,5.63,true,1,
7290106662186,false,רולדה טורטית 350 גרם,"שטראוס גרופ בע""\מ",IL,רולדה טורטית,גרמים,350.00,100 גרם,false,1,14.90,4.26,true,1,
7290106662223,false,"אפיפיות שוקולד לל""ג400ג","שטראוס גרופ בע""\מ",IL,אפיפיות לל.גלוטן,גרמים,400.00,100 גרם,false,1,11.90,2.98,true,1,
7290106662377,false,רבע לשבע בוטנים 120 גרם,עלית,IL,רבע לשבע בוטנים,גרמים,120.00,100 גרם,false,1,10.90,9.08,true,1,
7290106663541,false,רוטב צ'ילי מתוק 320 גרם,"ב.א. מזון בע""\מ",IL,רוטב צ'ילי מתוק,מיליליטרים,320.00,"100 מ""ל",false,1,10.00,3.12,true,1,
7290106665507,false,מיקס טעמי מקופלת כשלפ175,"שטראוס גרופ בע""\מ",IL,מיקס טעמי מקופלת,גרמים,175.00,100 גרם,false,0,10.00,5.72,true,1,
7290106667266,false,דוריטוס חמוץ חריף 185גרם,"שטראוס פריטו ליי בע""\מ )",IL,דוריטוס,גרמים,185.00,100 גרם,false,1,7.40,4.00,true,1,
7290106726796,false,דנונה בר עדשים 180 גרם,"שטראוס בריאות בע""\מ",IL,דנונה בר עדשים,גרמים,180.00,100 גרם,false,1,4.60,2.56,true,1,
7290107280075,false,תבניות אלומיניום לאפיהL,,TR,תבניות אלומיניום,יחידה,1.00,יחידה,false,1,7.90,7.90,true,1,
7290107280341,false,מטליות ריצפז מלון מפנק10,"סנו, ח.צ 520032988",IL,מטליות ריצפז,יחידה,1.00,יחידה,false,1,10.90,10.90,true,1,
7290107280655,false,מקסימה בייבי,,IL,מקסימה בייבי,קילוגרמים,3.25,"ק""ג",false,0,31.60,9.72,true,1,
7290107280747,false,"נוזל לכלים קלאסי 700מ""ל",סנו,IL,נוזל לכלים קלאסי,מיליליטרים,700.00,"100 מ""ל",false,0,9.90,1.41,true,1,
7290107280761,false,ספארק לכלים לימון+משאבה,סנו,IL,נוזל כלים לימון,ליטרים,1.00,ליטר,false,0,9.90,9.90,true,1,
7290107641906,false,פינוק רחצה לגבר3ב1 700מל,יוניליוור ישראל טיפוח אי,IL,פינוק 3 ב1- לגבר,מיליליטרים,700.00,"100 מ""ל",false,1,10.00,1.43,true,1,
7290107646154,false,חטיפי קוקומן פצפוצ 21*6ג,יוניליוור ישראל מזון בעמ,IL,חטיפי קוקומן 6יח,גרמים,126.00,100 גרם,false,1,12.90,10.24,true,1,
7290107647748,false,שוגי פיצי מתיק.מעודנת500,יוניליוור ישראל מזון בעמ,IL,שוגי פיצי,גרמים,500.00,100 גרם,false,1,21.90,4.38,true,1,
7290107647755,false,קורנפלקס של אלופים 750 ג,יוניליוור,IL,קורנפלקס אלופים,גרמים,750.00,100 גרם,false,1,15.50,2.07,true,1,
7290107649773,false,קרמיסימו פיסטוק ושוקולד,שטראוס,IL,קרמיסימו פיסטוק,ליטרים,0.85,ליטר,false,1,18.90,22.24,true,1,
7290107871723,false,פריכיות גדול שוקו100כשלפ,הרטו,BE,פריכיות פיטנס,גרמים,100.00,100 גרם,false,1,8.50,8.50,true,1,
7290107873864,false,"ספירלי אורז כשל""פ 250גרם",אסם,TH,ספירלי אורז,גרמים,250.00,100 גרם,false,0,6.40,2.56,true,1,
7290107875271,false,ביסלי ברביקיו 55*4 גרם,"אסם השקעות בע""\מ",IL,ביסלי ברביקיו4יח,גרמים,220.00,100 גרם,false,1,12.50,5.68,true,1,
7290107931465,false,פריכיות תחתית שוק.לבן70ג,"שטראוס גרופ בע""\מ",IL,פריכיות + שוקולד,גרמים,70.00,100 גרם,false,1,7.90,11.29,true,1,
7290107932080,false,חלב מועשר3% בקבוק 1ליטר,מחלבת יטבתה,IL,חלב מועשר 3%,ליטרים,1.00,ליטר,false,1,7.70,7.70,true,1,
7290107933643,false,משקה חלב+דגנים ובננה250מ,מחלבת יטבתה,IL,משקה חלב+דגנים,מיליליטרים,250.00,"100 מ""ל",false,1,4.80,1.92,true,1,
7290107935999,false,עד חצות חלב קרמל 190 גרם,"שטראוס גרופ בע""\מ",IL,עד חצות,גרמים,190.00,100 גרם,false,1,10.00,5.26,true,1,
7290107938396,false,"מארז אקטימל תות 100*8מ""ל","שטראוס בריאות בע""\מ",IL,אקטימל תות 8יח',מיליליטרים,800.00,"100 מ""ל",false,1,20.90,2.61,true,1,
7290107938891,false,חצילים עם טחינה 500 גרם,"שטראוס גרופ בע""\מ",IL,חצילים עם טחינה,גרמים,500.00,100 גרם,false,1,15.90,3.18,true,1,
7290107939959,false,דנ.פרו טריפל זירו תות150,"שטראוס גרופ בע""\מ",IL,דנונה פרו,גרמים,150.00,100 גרם,false,1,4.90,3.27,true,1,
7290107940467,false,אקטיביה 1.5% 200 גרם,"שטראוס גרופ בע""\מ",IL,אקטיביה 1.5%,גרמים,200.00,100 גרם,false,1,4.00,2.00,true,1,
7290107942997,false,דוריטוס שקשוקה 70 גרם,עלית,IL,דוריטוס שקשוקה,גרמים,70.00,100 גרם,false,1,3.60,5.14,true,1,
7290107944243,false,אפיפיות ט.שוקולד ל.ג200ג,"שטראוס גרופ בע""\מ",IL,אפיפיות טעם שוקו,גרמים,200.00,100 גרם,false,1,8.50,4.25,true,1,
7290107944380,false,"אגוזי כשל""פ 45 גרם","שטראוס גרופ בע""\מ",IL,אגוזי,גרמים,45.00,100 גרם,false,1,3.90,8.67,true,1,
7290107950275,false,מילקי קצפת קפוצ'ינו133ג,"שטראוס גרופ בע""\מ",IL,מילקי קפוצ'ינו,גרמים,133.00,100 גרם,false,1,3.90,2.93,true,1,
7290107951579,false,"מיקס חטיפ.מתוק190ג כשל""פ","שטראוס גרופ בע""\מ",IL,מיקס חטיפים,גרמים,190.00,100 גרם,false,1,10.00,5.26,true,1,
7290107954976,false,משקה פרו קפה יטבתה350מ,מחלבת יטבתה,IL,משקה פרו קפה,מיליליטרים,350.00,"100 מ""ל",false,1,6.50,1.86,true,1,
7290107955638,false,בראוניז טורטית כשלפ380ג,"שטראוס גרופ בע""\מ",IL,עוגת בראוניז,גרמים,380.00,100 גרם,false,1,10.00,2.63,true,1,
7290107957113,false,סימפוניה זית פיקנטי200גר,"שטראוס בריאות בע""\מ",IL,סימפוניה זיתים,גרמים,200.00,100 גרם,false,1,11.00,5.50,true,1,
7290107957137,false,סימפוניה עשבי תיבול 200ג,"שטראוס בריאות בע""\מ",IL,סימפוניה ע.תיבול,גרמים,200.00,100 גרם,false,1,11.00,5.50,true,1,
7290107972130,false,"קמח תופח כשל""פ 200 גרם",---,IL,"קמח תופח כשל""פ",גרמים,200.00,100 גרם,false,1,6.90,3.45,true,1,
7290107973311,false,2מברשות קולגייט 360 פחם,קולגייט פלמוליב,CH,מברשות קולגייט,יחידה,1.00,יחידה,false,1,24.90,24.90,true,1,
7290108201574,false,גולד אבקה 1.35קג + 20%,רקיט בנקיזר,IT,גולד אבקה + 20%,קילוגרמים,1.62,"ק""ג",false,1,29.90,18.46,true,1,
7290108201857,false,גולד אבקה 1.35 קג + 20%,רקיט בנקיזר,IT,גולד אבקה + 20%,קילוגרמים,1.62,"ק""ג",false,1,29.90,18.46,true,1,
7290108350586,false,ספארק נוזל לכלים 1.5 ל',"סנו מפעלי ברונוס בע""\מ",IL,ספארק נוזל לכלים,ליטרים,1.50,ליטר,false,1,13.90,9.27,true,1,
7290108351514,false,מרכך כביסה פריחה כחולה4ל,סנו,IL,מרכך מקסימה,ליטרים,4.00,ליטר,false,1,19.90,4.98,true,1,
7290108351552,false,סנו ג'ט בתוספת חומץ750מל,"סנו מפעלי ברונוס בע""\מ",IL,סנו ג'ט עם חומץ,מיליליטרים,750.00,"100 מ""ל",false,1,15.90,2.12,true,1,
7290108351613,false,ריצפז פרש הום בית מלון2ל,"סנו מפעלי ברונוס בע""\מ",IL,ריצפז פרש הום,ליטרים,2.00,ליטר,false,1,19.90,9.95,true,1,
7290108351897,false,מגבוני אקונומיקה 50 יח,סנו,IL,מגבוני אקונומיקה,יחידה,1.00,יחידה,false,1,10.90,10.90,true,1,
7290108352641,false,מטלית הפלא 3 יחידות,,CN,מטליות הפלא 3 יח,יחידה,1.00,יחידה,false,1,14.90,14.90,true,1,
7290108353044,false,סנו סושי - תבניות אפייה,גיינגין נייס,CN,תבניות אפייה מני,יחידה,1.00,יחידה,false,1,10.00,10.00,true,1,
7290108355000,false,שמפו נקה 7 מיניונים 750,אמיליה קוסמטיקס,IL,שמפו נקה7,מיליליטרים,750.00,"100 מ""ל",false,1,10.00,1.34,true,1,
7290108355147,false,תחליב רחצה שמני הזנה 750,אמיליה קוסמטיקס,IL,תחליב רחצה נקה 7,מיליליטרים,750.00,"100 מ""ל",false,1,9.90,1.32,true,1,
7290108356014,false,כיף תחליב רחצה מסקפונ700,קוסמופארם,IL,כיף ת.רחצה,מיליליטרים,700.00,"100 מ""ל",false,1,12.90,1.84,true,1,
7290108356021,false,כיף תחליב רחצה עוגיות700,קוסמופארם,IL,כיף תחליב רחצה,מיליליטרים,700.00,"100 מ""ל",false,1,12.90,1.84,true,1,
7290108356045,false,כיף תחליב רחצה גלידה 700,קוסמופארם,IL,כיף תחליב רחצה,מיליליטרים,700.00,"100 מ""ל",false,1,12.90,1.84,true,1,
7290108356069,false,כיף תחליב רחצה מרנג700מ,קוסמופארם,IL,כיך תחליב רחצה,מיליליטרים,700.00,"100 מ""ל",false,1,12.90,1.84,true,1,
7290108357004,false,כיף שמפו מועשר בשמן 700מ,"קוסמופארם בע""\מ",IL,שמפו כיף,מיליליטרים,700.00,"100 מ""ל",false,1,10.00,1.43,true,1,
7290108357707,false,כיף שמפו לשיער רגיל 700מ,קוסמופארם,IL,כיף שמפו,מיליליטרים,700.00,"100 מ""ל",false,1,10.00,1.43,true,1,
7290108357714,false,כיף שמפו לשיער יבש700מ,קוסמופארם,IL,כיף שמפו,מיליליטרים,700.00,"100 מ""ל",false,1,10.00,1.43,true,1,
7290108357752,false,כיף שמפו לשיער מעוצב 700,קוסמופארם,IL,כיף שמפו,מיליליטרים,700.00,"100 מ""ל",false,1,10.00,1.43,true,1,
7290108359961,false,אורביטול פרוטקט 145*3ג,טרופיקל דגיל תעשיות קוסמ,IL,משחת אורביטול3יח,גרמים,435.00,100 גרם,false,1,20.00,4.59,true,1,
7290108501360,false,גבינת צ'דר בשלה 200 גרם,ווייקה פארמס,GB,גבינת צ'דר,גרמים,200.00,100 גרם,false,1,19.90,9.95,true,1,
7290108501827,false,קדאיף שערות בצק 450 גרם,הלניק,GR,קדאיף שערות בצק,גרמים,450.00,100 גרם,false,1,22.90,5.09,true,1,
7290108503296,false,ממרח חמאה ווליו 250 גרם,ואליו,FI,ממרח חמאה ווליו,גרמים,250.00,100 גרם,false,1,12.90,5.16,true,1,
7290108504019,false,משקה יוגורט אפרס0.1% 500,אינקס,BE,משקה יוגורט,גרמים,500.00,100 גרם,false,1,10.90,2.18,true,1,
7290109350882,false,חטיפי פריכיות עם זעתר23ג,אסם,IL,חטיפי פריכיות,גרמים,23.00,100 גרם,false,1,4.20,18.26,true,1,
7290109356556,false,"חטיפי קרקר כשל""פ 170 גרם","אסם השקעות בע""\מ",IL,חטיפי קרקר,גרמים,170.00,100 גרם,false,1,9.90,5.82,true,1,
7290109920313,false,מרסס חלונות אסטוניש 750,אסטוניש -לידס,GB,מרסס חלונות,מיליליטרים,750.00,"100 מ""ל",false,1,10.90,1.46,true,1,
7290110110437,false,פריגת צלול אפרסק 1.5ליטר,מבשלות בירה בינלאומיות ב,IL,פריגת צלול אפרסק,ליטרים,1.50,ליטר,false,1,6.70,4.47,true,1,
7290110110581,false,קולה זירו נטול קפאין1.5ל,החברה המרכזית לייצור משק,IL,קולה זירו נטול,ליטרים,1.50,ליטר,false,1,6.70,4.47,true,1,
7290110110598,false,קולה זירו לימון 1.5 ליטר,החברה המרכזית לייצור משק,IL,קולה זירו לימון,ליטרים,1.50,ליטר,false,1,6.70,4.47,true,1,
7290110110611,false,ספרייט ליים 1.5 ליטר,---,IL,ספרייט ליים,ליטרים,1.50,ליטר,false,1,6.70,4.47,true,1,
7290110110628,false,ספרייט ליים 1.5*6 ליטר,---,IL,ספרייט ליים 6 יח,ליטרים,9.00,ליטר,false,1,32.90,3.66,true,1,
7290110111694,false,פריגת צלול לימוננע 1.5 ל,"מבשלות בירה לישראל בע""\מ",IL,פריגת צלול,ליטרים,1.50,ליטר,false,1,6.70,4.47,true,1,
7290110112264,false,קולה זירו עם קפה פחית 25,החברה המרכזית לייצור משק,IL,קולה זירו עם קפה,מיליליטרים,250.00,"100 מ""ל",false,1,5.00,2.00,true,1,
7290110112325,false,פריגת אננס קוקוס 1.5ליטר,מבשלות בירה בינלאומיות ב,IL,פריגת אננס קוקוס,ליטרים,1.50,ליטר,false,1,6.70,4.47,true,1,
7290110320850,false,פתיתי עמק 28% 200 גרם,תנובה,IL,פתיתי עמק,גרמים,200.00,100 גרם,false,1,15.20,7.60,true,1,
7290110321031,false,יופלהGOמועשר בחלבון 200ג,תנובה,IL,יופלה GO יוגורט,גרמים,200.00,100 גרם,false,1,5.60,2.80,true,1,
7290110321277,false,קוטג' בקטנה 5% 100 גרם,תנובה,IL,קוטג' בקטנה 5%,גרמים,100.00,100 גרם,false,1,2.60,2.60,true,1,
7290110321680,false,יופלה GO תות 200 גרם,מחלבת אלון תבור,IL,יופלה GO יוגורט,גרמים,200.00,100 גרם,false,1,5.70,2.85,true,1,
7290110321697,false,יופלה GO אפרסק 200 גרם,מחלבת אלון תבור,IL,יופלה GO יוגורט,גרמים,200.00,100 גרם,false,1,5.70,2.85,true,1,
7290110322946,false,יופלה טיוב תות בננה58*6ג,תנובה בעמ,IL,יופלה טיוב 6 יח,גרמים,348.00,100 גרם,false,1,11.90,3.42,true,1,
7290110323301,false,גבינת טל העמק 32% 200 גר,---,IL,גבינת טל העמק,גרמים,200.00,100 גרם,false,1,18.90,9.45,true,1,
7290110323783,false,יולו  שוקולד חלב+קצפת120,"תנובה בע""\מ",IL,יולו מעדן + קצפת,גרמים,120.00,100 גרם,false,1,3.70,3.08,true,1,
7290110324551,false,יופלה טיוב תות מהדר58*6ג,"תנובה בע""\מ",IL,יופלה טיוב תות,גרמים,348.00,100 גרם,false,1,11.90,3.42,true,1,
7290110324605,false,יוגורט3.8%אלפחורס+קש200ג,"תנובה בע""\מ",IL,יוגורט עם קש,גרמים,200.00,100 גרם,false,1,6.50,3.25,true,1,
7290110324612,false,יוגורט2% תות שמנת+קש200ג,"תנובה בע""\מ",IL,יוגורט עם קש,גרמים,200.00,100 גרם,false,1,6.50,3.25,true,1,
7290110324636,false,יוגורט2%פירות יער+קש200ג,"תנובה בע""\מ",IL,יוגורט עם קש,גרמים,200.00,100 גרם,false,1,6.50,3.25,true,1,
7290110324896,false,יוג.לשתיה תות בננה125*4ג,תנובה בעמ,IL,יוגורט לשתיה,גרמים,500.00,100 גרם,false,1,13.90,2.78,true,1,
7290110325084,false,מיני קרלו שוניל 100*8גרם,תנובה,IL,מיני קרלו 8 יח,גרמים,800.00,100 גרם,false,1,14.90,1.86,true,1,
7290110325220,false,גבינה לבנה 9% 80 גרם,תנובה,IL,גבינה לבנה9% 80ג,גרמים,80.00,100 גרם,false,1,1.90,2.38,true,1,
7290110325237,false,גלבוע 22% דקדק 200 גרם,---,IL,גבינת גלבוע דקדק,גרמים,200.00,100 גרם,false,1,13.00,6.50,true,1,
7290110560317,false,פריכיות משולש מלח ים30גר,פרח,IL,פריכיות אנרג'י,גרמים,30.00,100 גרם,false,1,5.00,16.67,true,1,
7290110560836,false,מילקי בטעם פסק זמן 133 ג,"שטראוס גרופ בע""\מ",IL,מילקי פסק זמן,גרמים,133.00,100 גרם,false,1,2.90,2.18,true,1,
7290110563448,false,אייס קפה 1.6% מעודן 230מ,אנסטל מילק,AT,משקה אייס קפה,מיליליטרים,230.00,"100 מ""ל",false,1,7.90,3.43,true,1,
7290110563455,false,חלב דל לקטוז 3% בקבוק 1ל,מחלבת יטבתה,IL,חלב דל לקטוז,ליטרים,1.00,ליטר,false,1,7.70,7.70,true,1,
7290110563462,false,חלב נטול לקטוז 2% 1 ליטר,מחלבת יטבתה,IL,חלב נטול לקטוז,ליטרים,1.00,ליטר,false,1,7.90,7.90,true,1,
7290110564360,false,חומוס עשיר ב40% טחינה400,"שטראוס גרופ בע""\מ",IL,חומוס בטחינה,גרמים,400.00,100 גרם,false,1,14.20,3.55,true,1,
7290110564414,false,חומוס עשיר ב30%טחינה600ג,"שטראוס גרופ בע""\מ",IL,חומוס 30% טחינה,גרמים,600.00,100 גרם,false,1,14.90,2.48,true,1,
7290110564742,false,אייס קפה 1.2% חזק 230 מל,אנסטל מילק kg,AT,משקה אייס קפה,מיליליטרים,230.00,"100 מ""ל",false,1,7.90,3.43,true,1,
7290110566975,false,דנונ.פרו20ג חלבון תות200,"שטראוס בריאות בע""\מ",IL,דנונה פרו חלבון,גרמים,200.00,100 גרם,false,1,5.90,2.95,true,1,
7290110568559,false,דוריטוס חמוץ חריף 25*10ג,"שטראוס פריטו ליי בע""מ )פ",IL,דוריטוס 10 יח,גרמים,250.00,100 גרם,false,1,13.90,5.56,true,1,
7290110568566,false,דוריטוס גריל 25*10 גרם,"שטראוס פריטו ליי בע""מ )פ",IL,דוריטוס 10 יח,גרמים,250.00,100 גרם,false,1,13.90,5.56,true,1,
7290111091513,false,קוויק 40 מגבונXL לאמבט,די.פי.אל,IL,קוויק XL מגבונים,יחידה,1.00,יחידה,false,1,8.90,8.90,true,1,
7290111340185,false,מטליות בניחוח מרכך10יח,חוגלה קימברלי,IL,מטליות לרצפה,יחידה,1.00,יחידה,false,1,11.50,11.50,true,1,
7290111342042,false,כרית יפנית אנטיבקטריאלי,---,IL,כריות יפניות,יחידה,1.00,יחידה,false,1,10.00,10.00,true,1,
7290111351686,false,ממרח חלב ואגוזי לוז700גר,נאטרא מאלה,BE,ממרח חלב,גרמים,700.00,100 גרם,false,1,16.90,2.42,true,1,
7290111530128,false,עוגיות בוטנים 600 גרם,---,IL,עוגיות בוטנים,גרמים,600.00,100 גרם,false,1,19.90,3.32,true,1,
7290111566561,false,שניצל ברוקולי 99 קלוריות,טבעול,IL,שניצל ברוקולי 99,גרמים,560.00,100 גרם,false,1,31.90,5.70,true,1,
7290111566714,false,המבורגר צמחוני 99קלוריות,טבעול,IL,המבורגר צמחוני,גרמים,600.00,100 גרם,false,1,31.90,5.32,true,1,
7290111567292,false,קטשופ מופחת סוכר כשלפ710,אסם,IL,קטשופ מופחת סוכר,גרמים,710.00,100 גרם,false,1,10.00,1.41,true,1,
7290111568251,false,נודלס אטריות להקפצה 350ג,אסם,TH,נודלס להקפצה,גרמים,350.00,100 גרם,false,1,10.90,3.11,true,1,
7290111930898,false,פוף כוכבים גריל אמריקא40,מנה,IL,פוף כוכבים גריל,גרמים,40.00,100 גרם,false,1,3.90,9.75,true,1,
7290111930959,false,"פירורים מוזהבים כשל""פ350",---,IL,פירורים מוזהבים,גרמים,350.00,100 גרם,false,1,7.90,2.26,true,1,
7290111935527,false,קולגייט טוטל קלין 100*2,קולגייט פלמוליב,PL,משחת קולגייט,מיליליטרים,200.00,"100 מ""ל",false,1,26.90,13.45,true,1,
7290111936487,false,קולגייט טוטל הלבנה 100*2,---,PL,משחת קולגייט,מיליליטרים,200.00,"100 מ""ל",false,1,26.90,13.45,true,1,
7290112000408,false,ספריי ניקוי וחיטוי750מל,רקיט בנקיזר,PL,דטול ספריי ניקוי,מיליליטרים,750.00,"100 מ""ל",false,1,14.90,1.99,true,1,
7290112002099,false,קולון ג'ל כביסה 2.5 ליטר,רקיט בנקיזר,IL,קולון ג'ל כביסה,ליטרים,2.50,ליטר,false,1,25.90,10.36,true,1,
7290112192882,false,סנסודיין משחה מלבינה75מל,MICLEN DE,GB,משחת סנסודיין,מיליליטרים,75.00,"100 מ""ל",false,1,29.90,39.87,true,1,
7290112193117,false,ק.לחות לשיער ארגן אמפ400,א.ל ארמן,IL,קרם לחות לשיער,מיליליטרים,400.00,"100 מ""ל",false,1,34.90,8.73,true,1,
7290112331519,false,פיתה קראנצ זעתר פרפ 60ג,"שטראוס פריטו ליי בע""\מ )",IL,פיתה קראנצ זעתר,גרמים,60.00,100 גרם,false,1,4.90,8.17,true,1,
7290112331946,false,רבע לשבע טורטית120גרם,"הגביע מוצרי וופלים בע""\מ",IL,רבע לשבע טורטית,גרמים,120.00,100 גרם,false,1,10.90,9.08,true,1,
7290112332592,false,"פריכיות תירס דק כשל""פ110",פרח,IL,"פריכיות כשל""פ",גרמים,110.00,100 גרם,false,1,10.00,9.09,true,1,
7290112334596,false,שוקולית 850 גרם + 10%,שטראוס קפה בי.וי.,IL,שוקולית,גרמים,935.00,100 גרם,false,1,14.90,1.59,true,1,
7290112334886,false,פסק זמן טראפלס 45 גרם,"שטראוס גרופ בע""\מ",IL,פסק זמן טראפלס,גרמים,45.00,100 גרם,false,1,4.90,10.89,true,1,
7290112335425,false,צ'יטוס קראנץ חמוץ חריף80,"שטראוס פריטו ליי בע""\מ )",IL,חטיף צ'יטוס,גרמים,80.00,100 גרם,false,1,4.50,5.63,true,1,
7290112335487,false,הפריכיות הטעימות קצח135ג,פרח,IL,הפריכיות הטעימות,גרמים,135.00,100 גרם,false,1,11.00,8.15,true,1,
7290112341686,false,אקטיביה 3% מארז 150*8 גר,"שטראוס בריאות בע""\מ",IL,אקטיביה מארז 8יח,קילוגרמים,1.20,"ק""ג",false,1,19.90,16.58,true,1,
7290112343260,false,רוטב שמנת קלאסי 260 גרם,מחלבת יטבתה,IL,רוטב שמנת קלאסי,גרמים,260.00,100 גרם,false,1,10.90,4.19,true,1,
7290112343420,false,יטבתה פרו ארוחת בוקר350מ,מחלבת יטבתה,IL,יטבתה פרו משקה,מיליליטרים,350.00,"100 מ""ל",false,1,7.50,2.14,true,1,
7290112344410,false,דבש טהור 400 גרם,מכוורת יד מרדכי שטראוס ב,IL,דבש טהור,גרמים,400.00,100 גרם,false,1,16.90,4.22,true,1,
7290112344694,false,מילקי קרמי אגוזים 170 מל,"שטראוס גרופ בע""\מ",IL,מילקי קרמי,מיליליטרים,170.00,"100 מ""ל",false,1,2.90,1.71,true,1,
7290112344700,false,מילקי קרמי קרמל 170 מל,"שטראוס גרופ בע""\מ",IL,מילקי קרמי קרמל,מיליליטרים,170.00,"100 מ""ל",false,1,2.90,1.71,true,1,
7290112344724,false,"מילקי בלונדי 170מ""ל","שטראוס גרופ בע""\מ",IL,מילקי בלונדי,מיליליטרים,170.00,"100 מ""ל",false,1,3.50,2.06,true,1,
7290112346537,false,עוגיות קרם טורטית 200גרם,"הגביע מוצרי ופלים בע""\מ",IL,עוגיות פינוקיות,גרמים,200.00,100 גרם,false,1,10.90,5.45,true,1,
7290112346643,false,דנונה יווני שכבת תות130ג,"שטראוס בריאות בע""\מ",IL,דנונה יווני,גרמים,130.00,100 גרם,false,1,3.50,2.69,true,1,
7290112346698,false,דנונה משקה מנגו אפרסק267,"שטראוס בריאות בע""\מ",IL,משקה דנונה,גרמים,267.00,100 גרם,false,1,5.00,1.87,true,1,
7290112347251,false,קפה נמס+קופסת איחסון200ג,שטראוס קפה בי.וי.,IL,מארז קפה נמס,גרמים,200.00,100 גרם,false,1,19.90,9.95,true,1,
7290112348210,false,קפה פלטינום ברזילאי+ספל,שטראוס קפה בי.וי.,IL,מארז קפה פלטינום,גרמים,200.00,100 גרם,false,1,25.90,12.95,true,1,
7290112348951,false,פריכיות אורז מלא כשלפ110,פרח,IL,"פריכיות כשל""פ",גרמים,110.00,100 גרם,false,1,10.00,9.09,true,1,
7290112492234,false,פרכיות תירס+תירס מלא100ג,גוד פוד פרודקטס,PL,פריכיות פתית,גרמים,100.00,100 גרם,false,1,10.00,10.00,true,1,
7290112492357,false,פריכיות פתית כוסמת19גר,גוד פוד פרודקטס,PL,פריכיות פתית,גרמים,19.00,100 גרם,false,1,3.90,20.53,true,1,
7290112493132,false,פריכיות תירס+קינואה100גר,גוד פוד פרודקטס,PL,פריכיות פתית,גרמים,100.00,100 גרם,false,1,10.00,10.00,true,1,
7290112493873,false,דג דג חטיף אפוי מלוח400ג,בייגל את בייגל מזון 198),IL,דג דג חטיף אפוי,גרמים,400.00,100 גרם,false,1,13.50,3.38,true,1,
7290112494078,false,כריות בטעם בראוניז 686 ג,יוניליוור ישראל מזון בעמ,IL,כריות בראוניז,גרמים,686.00,100 גרם,false,1,24.90,3.63,true,1,
7290112494221,false,קליק ביסקוויט 65 גרם,יוניליוור ישראל מזון בע\,IL,קליק ביסקוויט,גרמים,65.00,100 גרם,false,1,5.90,9.08,true,1,
7290112494238,false,קליק כדורים 65 גרם,יוניליוור ישראל מזון בע\,IL,קליק כדורים,גרמים,65.00,100 גרם,false,1,5.90,9.08,true,1,
7290112494276,false,קליק כריות 65 גרם,יוניליוור ישראל מזון בע\,IL,קליק כריות,גרמים,65.00,100 גרם,false,1,5.90,9.08,true,1,
7290112494313,false,קליק קורנפלקס 65 גרם,יוניליוור ישראל מזון בע\,IL,קליק קורנפלקס,גרמים,65.00,100 גרם,false,1,5.90,9.08,true,1,
7290112494795,false,בדין ג'ל לכביסה כחול2.5ל,זוהר דליה,IL,בדין ג'ל כביסה,ליטרים,2.50,ליטר,false,1,32.90,13.16,true,1,
7290112494962,false,רוטב לימון עם שמן זית330,"יונליוור ישראל מזון בע""\",IL,רוטב לימון,גרמים,330.00,100 גרם,false,1,10.90,3.30,true,1,
7290112495006,false,כריות נוגט 686 גרם,"יוניליוור ישראל מזון בע""",IL,כריות נוגט,גרמים,686.00,100 גרם,false,1,24.90,3.63,true,1,
7290112495020,false,כריות צ'וקולדה 686 גרם,"יוניליוור ישראל מזון בע""",IL,כריות צ'וקולדה,גרמים,686.00,100 גרם,false,1,24.90,3.63,true,1,
7290112495105,false,נשנושים ט.שמנת+בצל260ג,בייגל את בייגל מזון 198),IL,נשנושים שמנת בצל,גרמים,260.00,100 גרם,false,1,12.70,4.88,true,1,
7290112495150,false,נשנושי קרקר מלוח 300 גרם,בייגל את בייגל מזון 198),IL,נשנושי קרקר,גרמים,300.00,100 גרם,false,1,12.90,4.30,true,1,
7290112495174,false,נשנושים קוקטייל שומשו300,בייגל את בייגל מזון 198),IL,נשנושי קרקר,גרמים,300.00,100 גרם,false,1,12.90,4.30,true,1,
7290112495303,false,חט.קליק קריספי עוגיות40,"יונליוור ישראל מזון בע""\",IL,חטיף קליק קריספי,גרמים,40.00,100 גרם,false,1,4.90,12.25,true,1,
7290112495433,false,דליפקאן 400 גרם,"יוניליור שפע ישראל בע""\מ",IL,דליפקאן,גרמים,400.00,100 גרם,false,1,20.90,5.23,true,1,
7290112495471,false,"קורנפלקס כשל""פ 500 גרם","מולינו ניקולי ,S.P.A ויה",IT,"קורנפלקס כשל""פ",גרמים,500.00,100 גרם,false,1,16.90,3.38,true,1,
7290112495921,false,"מרק דגש ט.עוף כשל""פ 1קג","יונליוור ישראל מזון בע""\",IL,מרק דגש ט.עוף,קילוגרמים,1.00,"ק""ג",false,1,12.90,12.90,true,1,
7290112960528,false,עוג.וניל וקוקוס כשלפ180ג,"אסם תעשיות מזון בע""\מ",IL,עוגיות וניל וקוק,גרמים,180.00,100 גרם,false,1,10.90,6.06,true,1,
7290112961181,false,נודלס אטריות דקיקות 300ג,אסם,TH,נודלס אטריות,גרמים,300.00,100 גרם,false,1,10.90,3.63,true,1,
7290112962652,false,מרק בטעם עוף 800 גרם,"אסם השקעות בע""\מ",IL,מרק בטעם עוף,גרמים,800.00,100 גרם,false,1,10.00,1.25,true,1,
7290112966728,false,טחינה בלאדי פלפל חריף350,צבר,IL,טחינה בלאדי,גרמים,350.00,100 גרם,false,1,14.90,4.26,true,1,
7290112966827,false,פודינג אינסט.שוק.כשלפ90ג,"אסם השקעות בע""\מ",IL,פודינג שוקולד,גרמים,90.00,100 גרם,false,1,5.50,6.11,true,1,
7290112967404,false,"רוטב אלף האיים כשל""פ290ג",אסם,IL,רוטב אלף האיים,גרמים,290.00,100 גרם,false,1,10.90,3.76,true,1,
7290112967923,false,במבה תינוקת 80 גרם,אסם,IL,במבה תינוקת,גרמים,80.00,100 גרם,false,1,4.30,5.38,true,1,
7290112967978,false,פופקו מלח ים 60 גרם,"אסם השקעות בע""\מ",IL,פופקו מלח ים,גרמים,60.00,100 גרם,false,1,4.50,7.50,true,1,
7290112968128,false,סלט תפוחי אדמה ובצלים220,צבר,IL,סלט תפוחי אדמה,גרמים,220.00,100 גרם,false,1,11.90,5.41,true,1,
7290112968180,false,פלפלים ירוקים חריפים180ג,צבר,IL,סלט פלפלים חריף,גרמים,180.00,100 גרם,false,1,11.90,6.61,true,1,
7290112968685,false,חומוס גרגרים בתטבילה400ג,צבר,IL,חומוס גרגרים,גרמים,400.00,100 גרם,false,1,14.40,3.60,true,1,
7290113190443,false,חרוסת שקדיה 250 גרם,פוליבה בעמ,IL,שקדיה חרוסת,גרמים,250.00,100 גרם,false,1,10.00,4.00,true,1,
7290113190450,false,ממרח תמרים 450 גרם,פוליבה בעמ,IL,ממרח תמרים,גרמים,450.00,100 גרם,false,1,5.90,1.31,true,1,
7290113191068,false,גריל עוף 250 גרם,נווה התבלין,IL,גריל עוף,גרמים,250.00,100 גרם,false,1,19.90,7.96,true,1,
7290113191075,false,קינמון טחון 250 גרם,נווה התבלין,IL,קינמון טחון,גרמים,250.00,100 גרם,false,1,19.90,7.96,true,1,
7290113192355,false,זיתים חרוזית 560 גרם,בית השיטה,IL,זיתים חרוזית,גרמים,560.00,100 גרם,false,1,9.50,1.70,true,1,
7290113192362,false,טבעות זיתים ירוקים 560 ג,בית השיטה,IL,טבעות זיתים ירוק,גרמים,560.00,100 גרם,false,1,9.80,1.75,true,1,
7290114820004,false,קפה ג'קובס 200ג+קפה שחור,אל.אל.סי ג'\ייקובס דאו א,RU,מארז קפה ג'קובס,גרמים,285.00,100 גרם,false,1,24.90,8.74,true,1,
7296073006015,false,"חומוס גדול שופרסל 1 ק""ג",מיה,IL,חומוס גדול,קילוגרמים,1.00,"ק""ג",false,0,10.60,10.60,true,1,
7296073006497,false,גביעי גלידה שופרסל 30יח',"גילרו בע""\מ",IL,גביעי גלידה,גרמים,115.00,100 גרם,false,0,9.50,8.26,true,1,
7296073009771,false,מים מינרליים שופרסל1.5*6,שופרסל,IT,מים שופרסל 6 יח,ליטרים,9.00,ליטר,false,0,9.90,1.10,true,1,
7296073020356,false,150כוס שתייה קרה בייסיק,שופרסל,,כוס שתיה,יחידה,1.00,יחידה,false,0,6.90,6.90,true,1,
7296073020394,false,"קערית מרק  BASIC 50 יח,'",שופרסל,IL,"קעריות ח""פ",יחידה,1.00,יחידה,false,0,12.90,12.90,true,1,
7296073020400,false,קערית אובלית BASIC 25 יח,שופרסל,IL,"קעריות ח""פ",יחידה,1.00,יחידה,false,0,7.90,7.90,true,1,
7296073021568,false,"קמח לבן שופרסל 1 ק""ג",שופרסל,IL,קמח לבן,קילוגרמים,1.00,"ק""ג",false,0,3.60,3.60,true,1,
7296073033752,false,שמן קנולה שופרסל 1 ליטר,NV AOR,BE,שמן קנולה 1 ל',ליטרים,1.00,ליטר,false,0,7.50,7.50,true,1,
7296073036500,false,שמן קנולה שופרסל 3 ל',NV AOR,BE,שמן קנולה 3 ל',ליטרים,3.00,ליטר,false,0,21.90,7.30,true,1,
7296073053743,false,פסטה קונקיליוני39 שופרסל,שופרסל,IL,פסטה קונקיליוני,גרמים,500.00,100 גרם,false,0,4.90,0.98,true,1,
7296073059691,false,"צלחת גדולה BASIC 50 יח,'",שופרסל,IL,"צלחות ח""פ גדולות",יחידה,1.00,יחידה,false,0,9.90,9.90,true,1,
7296073064398,false,בורקס גבינה שופרסל 800 ג,מאפ גדרון,IL,בורקס גבינה800,גרמים,800.00,100 גרם,false,0,15.90,1.99,true,1,
7296073074434,false,פתי בר גדול שופרסל500גרם,שופרסל,IL,פתי בר שופרסל,גרמים,500.00,100 גרם,false,0,8.90,1.78,true,1,
7296073074441,false,פתי בר שוקו גדול שופר500,שופרסל,IL,פתי בר שוקו,גרמים,500.00,100 גרם,false,0,8.90,1.78,true,1,
7296073074656,false,ירקות מעורב.כבושים 1.65ק,שופרסל,IL,ירקות מעורבים,קילוגרמים,1.65,"ק""ג",false,0,25.90,15.70,true,1,
7296073078555,false,בצק עלים שופרסל 1קג,שופרסל,IL,בצק עלים 1קג,קילוגרמים,1.00,"ק""ג",false,0,14.50,14.50,true,1,
7296073078838,false,6 כריות יפניות שופרסל,פלסטו פוליש,IL,כריות יפניות,יחידה,1.00,יחידה,false,0,9.50,9.50,true,1,
7296073078890,false,15מטליות ניקוי כללי שופר,שופרסל,IL,מטליות לניקוי,יחידה,1.00,יחידה,false,0,13.80,13.80,true,1,
7296073078975,false,פריכיות אורז מלא שופר100,שופרסל,IL,פריכיות אורז,גרמים,100.00,100 גרם,false,0,5.90,5.90,true,1,
7296073079040,false,פריכיות זעתר שופרסל 50גר,שופרסל,IL,פריכיות אורז,גרמים,50.00,100 גרם,false,0,7.50,15.00,true,1,
7296073079903,false,רסק עגבניות 22%שופר100ג,פריניר,IL,רסק עגבניות,גרמים,100.00,100 גרם,false,0,1.80,1.80,true,1,
7296073080497,false,שעועית אפויה שופרסל 570ג,פרי גליל,IL,שעועית אפויה,גרמים,570.00,100 גרם,false,0,5.90,1.04,true,1,
7296073080503,false,אפונה בינונית שופרסל550ג,פרי גליל,IL,אפונה בינונית,גרמים,550.00,100 גרם,false,0,5.40,0.98,true,1,
7296073080510,false,חומוס שלם שופרסל 560 גרם,פרי גליל,IL,חומוס שלם,גרמים,560.00,100 גרם,false,0,5.40,0.96,true,1,
7296073080534,false,תירס מתוק שופרסל 550 גרם,פרי גליל,IL,תירס גרעינים,גרמים,550.00,100 גרם,false,0,5.80,1.05,true,1,
7296073081449,false,פירורי לחם מוזהב שופר200,שופרסל,IL,פירורי לחם,גרמים,200.00,100 גרם,false,0,3.50,1.75,true,1,
7296073081692,false,מזון יבש לחתול שופרסל3קג,Tuffy's,US,מזון לחתולים,קילוגרמים,3.00,"ק""ג",false,0,46.50,15.50,true,1,
7296073090496,false,צמר פלדה שופרסל 100 גרם,פלסטו פוליש,IL,צמר פלדה,גרמים,100.00,100 גרם,false,0,5.90,5.90,true,1,
7296073091394,false,גרעין דלעת קלוי במלח,ששון,IL,גרעין לבן קלוי,גרמים,400.00,100 גרם,false,0,17.90,4.48,true,1,
7296073091462,false,פיסטוק קלוי200ג שופרסל,ששון,IL,פיסטוק חלבי קלוי,גרמים,200.00,100 גרם,false,0,16.90,8.45,true,1,
7296073091486,false,אגוזי קשיו קלויים ומומלח,ששון,IL,קשיו קלוי ומומלח,גרמים,200.00,100 גרם,false,0,16.90,8.45,true,1,
7296073091523,false,משמש מיובש ללא גלעין400ג,ששון,IL,משמש מיובש,גרמים,400.00,100 גרם,false,0,18.90,4.73,true,1,
7296073091547,false,צימוקים בהירים 400גרם,ששון,IL,צימוק בהיר,גרמים,400.00,100 גרם,false,0,15.00,3.75,true,1,
7296073091585,false,שקדים קלופים טבעיים,ששון,IL,שקד קלוף טבעי,גרמים,200.00,100 גרם,false,0,15.00,7.50,true,1,
7296073091653,false,בננה צ'יפס 250גרם,ששון,PH,בננה צ'יפס,גרמים,250.00,100 גרם,false,0,11.50,4.60,true,1,
7296073095583,false,"אצטון שופרסל 100 מ""ל",שופרסל,IL,אצטון שופרסל,מיליליטרים,100.00,"100 מ""ל",false,0,3.00,3.00,true,1,
7296073103813,false,תפוח אדמה לבן ארוז,---,IL,"תפו""א לבן ארוז",קילוגרמים,0.00,"ק""ג",true,0,3.90,3.90,true,1,
7296073103820,false,תפוח אדמה לטיגון ארוז,---,IL,"תפו""א לטיגון",קילוגרמים,0.00,"ק""ג",true,0,4.90,4.90,true,1,
7296073103844,false,תפוח אדמה למיקרו,קטיף.,IL,"תפו""א למיקרו",יחידה,1.00,יחידה,false,0,6.90,6.90,true,1,
7296073106258,false,מטליות רצפה 3X,,IL,מטליות רצפה 3X,יחידה,1.00,יחידה,false,0,9.80,9.80,true,1,
7296073107989,false,גרעיני תירס שופרסל 800 ג,פרי גליל,IL,גרעיני תירס,גרמים,800.00,100 גרם,false,0,15.50,1.94,true,1,
7296073107996,false,פול ירוק שופרסל 800 גרם,פרי גליל,IL,פול ירוק,גרמים,800.00,100 גרם,false,0,20.70,2.59,true,1,
7296073108061,false,קלחי תירס שופרסל 1 קג,פרי גליל,IL,קלחי תירס 1קג,קילוגרמים,1.00,"ק""ג",false,0,17.70,17.70,true,1,
7296073108122,false,לקט סיני שופרסל 800 גרם,פרי גליל,IL,לקט סיני,גרמים,800.00,100 גרם,false,0,16.80,2.10,true,1,
7296073108313,false,סלט קולסלאו שטוף 400גרם,פרסקו,IL,סלט קולסלאו שטוף,גרמים,400.00,100 גרם,false,0,8.50,2.13,true,1,
7296073108344,false,לקט קלאסי שטוף350גרם,פרסקו,IL,לקט קלאסי שטוף,גרמים,350.00,100 גרם,false,0,10.50,3.00,true,1,
7296073108368,false,לקט הגינה שטוף 300גרם,---,IL,לקט הגינה שטוף,גרמים,300.00,100 גרם,false,0,10.50,3.50,true,1,
7296073115762,false,קורנפלור שופרסל 200 גרם,שופרסל,IL,קורנפלור,גרמים,200.00,100 גרם,false,0,3.50,1.75,true,1,
7296073116776,false,קוקוס טחון שופרסל 400גרם,מיה,IL,קוקוס טחון,גרמים,400.00,100 גרם,false,0,11.70,2.93,true,1,
7296073116820,false,"קמח תפו""א שופרסל 500 גרם",מיה,IL,"קמח תפו""א",גרמים,500.00,100 גרם,false,0,6.00,1.20,true,1,
7296073118770,false,עלי בייבי שטופים 300גרם,פרסקו,IL,עלי בייבי שטופים,גרמים,300.00,100 גרם,false,0,13.90,4.63,true,1,
7296073121190,false,תמר אמרי 400גרם שופרסל,הדיקלאים,IL,תמר אמרי 400 גרם,גרמים,400.00,100 גרם,false,0,10.00,2.50,true,1,
7296073125327,false,מלפפונים בחומץ10-12 540ג,שופרסל,IL,מלפפונים בחומץ,גרמים,540.00,100 גרם,false,0,6.80,1.26,true,1,
7296073125334,false,מלפפונים בחומץ13-17 540ג,שופרסל,IL,מלפפונים בחומץ,גרמים,540.00,100 גרם,false,0,9.50,1.76,true,1,
7296073125884,false,שמן סויה שופרסל 1 ליטר,NV AOR,BE,שמן סויה,ליטרים,1.00,ליטר,false,0,7.50,7.50,true,1,
7296073128267,false,מעדן פירות אדומ.שופר284ג,LTD 99 CIMA,BG,מעדן פירות אדומ.,גרמים,284.00,100 גרם,false,0,12.80,4.51,true,1,
7296073141143,false,שוקולד חלב שופרסל100 גרם,"שוקולד פריי בע""מ",CH,שוקולד חלב,גרמים,100.00,100 גרם,false,0,5.00,5.00,true,1,
7296073151548,false,מלח בישול גס שופרסל 1 קג,מלח הארץ אילת,IL,מלח בישול גס,קילוגרמים,1.00,"ק""ג",false,0,1.80,1.80,true,1,
7296073151555,false,מלח שולחן דק שופרסל 1 קג,מלח הארץ אילת,IL,מלח שולחן דק,קילוגרמים,1.00,"ק""ג",false,0,1.80,1.80,true,1,
7296073152453,false,קפה טורקי ואקום שופר200ג,שופרסל,IL,קפה טורקי בואקום,גרמים,200.00,100 גרם,false,0,14.10,7.05,true,1,
7296073153290,false,מזון לחתול מיקס שופרסל3ק,Tuffy's,GB,מזון לחתולים,קילוגרמים,3.00,"ק""ג",false,0,48.00,16.00,true,1,
7296073153849,false,זוג רדידי אלומיניום 7.2X,שופרסל,IL,זוג רדידי אלומינ,מטרים,30.00,מטר,false,0,9.90,0.33,true,1,
7296073153870,false,זוג רדידי אלומיניום רחב,שופרסל,IL,זוג רדידי אלומינ,מטרים,15.00,מטר,false,0,12.90,0.86,true,1,
7296073161479,false,פריכיות תירס 100 גרם,שופרסל,IL,פריכיות תירס,גרמים,100.00,100 גרם,false,0,6.90,6.90,true,1,
7296073161721,false,נייר אפיה 50 יח' 42X38 ס,שופרסל,IL,נייר אפיה,יחידה,1.00,יחידה,false,0,9.90,9.90,true,1,
7296073161981,false,עוג.מילוי קרם שוק.שופ150,---,IL,עוגיות קרם שוקו,גרמים,150.00,100 גרם,false,0,7.50,5.00,true,1,
7296073163084,false,נקניקיות וינר שופרסל400ג,מעדני יחיעם,IL,נקניקיות וינר,גרמים,400.00,100 גרם,false,0,10.00,2.50,true,1,
7296073163107,false,נקניקיות וינר שופרסל1.5ק,שופרסל,IL,נקניקיות וינר,קילוגרמים,1.50,"ק""ג",false,0,28.90,19.27,true,1,
7296073169246,false,רוטב עגבניות לפסטה260גרם,שופרסל,IL,רוטב לפסטה,גרמים,260.00,100 גרם,false,0,4.30,1.65,true,1,
7296073169253,false,רוטב עגבניות עם שום260גר,שופרסל,IL,רוטב עגבניות,גרמים,260.00,100 גרם,false,0,4.30,1.65,true,1,
7296073169543,false,40 מטליות רב שימושיות,שופרסל,IL,"מטליות רב""ש",יחידה,1.00,יחידה,false,0,18.70,18.70,true,1,
7296073170884,false,סטייק צ'יפס שופרסל 1.5קג,תפוגן,IL,סטייק צ'יפס,קילוגרמים,1.50,"ק""ג",false,0,19.90,13.27,true,1,
7296073173229,false,שעועית ירוקה חתוכה שופרס,ARDO,BE,שעועית ירוקה,גרמים,800.00,100 גרם,false,0,15.50,1.94,true,1,
7296073179979,false,תחתיות ארטישוק שופרסל 00,LTD ALEX COLD,EG,תחתיות ארטישוק,גרמים,400.00,100 גרם,false,0,18.20,4.55,true,1,
7296073187363,false,פחם דרום אמריקאי,,PY,פחם דרום אמריקאי,קילוגרמים,2.00,"ק""ג",false,0,13.90,6.95,true,1,
7296073191261,false,תחתיות ארטישוק שופר390גר,Raal El Conservas,ES,תחתיות ארטישוק,גרמים,390.00,100 גרם,false,0,9.30,2.38,true,1,
7296073192657,false,גרגרי חומוס שופרסל 800גר,---,IL,גרגרי חומוס,גרמים,800.00,100 גרם,false,0,16.60,2.08,true,1,
7296073195252,false,פריכיות אורז מלא,,IL,פריכיות אורז מלא,גרמים,100.00,100 גרם,false,0,7.50,7.50,true,1,
7296073197461,false,שוקולד חלב 3 יח,,CH,שוקולד חלב 3 יח,גרמים,300.00,100 גרם,false,0,10.00,3.33,true,1,
7296073199380,false,רוטב צ'ילי מתוק שופר810ג,תאי פרידה אינדסטרי,TH,רוטב צ'ילי מתוק,גרמים,810.00,100 גרם,false,0,10.00,1.23,true,1,
7296073200987,false,פטריות חתוכות 3 * 400 גר,פרוצ'אמפ,NL,פטריות חתוכות3יח,קילוגרמים,1.20,"ק""ג",false,0,10.00,8.34,true,1,
7296073205081,false,מיונז,,IL,מיונז,גרמים,500.00,100 גרם,false,0,7.90,1.58,true,1,
7296073209249,false,ספגיות קירצוף 6 יחידות,פלסטו פוליש,IL,ספוגיות קירצוף,יחידה,1.00,יחידה,false,0,4.90,4.90,true,1,
7296073211624,false,פילה אמנון קפוא קג,---,CN,פילה אמנון קפוא,קילוגרמים,0.00,"ק""ג",true,0,29.90,29.90,true,1,
7296073214120,false,חתיכות אננס,,TH,חתיכות אננס,גרמים,850.00,100 גרם,false,0,8.30,0.98,true,1,
7296073215820,false,כורכום טחון,,IL,כורכום טחון,גרמים,100.00,100 גרם,false,0,6.70,6.70,true,1,
7296073215851,false,כורכום במיכל,,IL,כורכום במיכל,גרמים,100.00,100 גרם,false,0,9.80,9.80,true,1,
7296073215875,false,כמון טחון,,IL,כמון טחון,גרמים,100.00,100 גרם,false,0,7.70,7.70,true,1,
7296073215912,false,קנמון טחון,,IL,קנמון טחון,גרמים,100.00,100 גרם,false,0,6.30,6.30,true,1,
7296073215974,false,שום גבישי,,IL,שום גבישי,גרמים,120.00,100 גרם,false,0,10.80,9.00,true,1,
7296073215998,false,אבקת שום,,IL,אבקת שום,גרמים,50.00,100 גרם,false,0,6.70,13.40,true,1,
7296073216056,false,תיבול לשווארמה,,IL,תיבול לשווארמה,גרמים,100.00,100 גרם,false,0,7.70,7.70,true,1,
7296073216087,false,עלי דפנה,,IL,עלי דפנה,גרמים,20.00,100 גרם,false,0,6.00,30.00,true,1,
7296073216100,false,צ'ילי כתוש,,IL,צ'ילי כתוש,גרמים,25.00,100 גרם,false,0,6.00,24.00,true,1,
7296073216117,false,אבקת קרי,,IL,אבקת קרי,גרמים,100.00,100 גרם,false,0,5.60,5.60,true,1,
7296073216124,false,בזיליקום תבלין,,IL,בזיליקום תבלין,גרמים,30.00,100 גרם,false,0,5.10,17.00,true,1,
7296073216148,false,פלפל שחור טחון,,IL,פלפל שחור טחון,גרמים,100.00,100 גרם,false,0,12.20,12.20,true,1,
7296073216162,false,פלפל שחור,,IL,פלפל שחור,גרמים,100.00,100 גרם,false,0,12.90,12.90,true,1,
7296073216223,false,פפריקה מתוקה,,IL,פפריקה מתוקה,גרמים,80.00,100 גרם,false,0,4.80,6.00,true,1,
7296073216230,false,פפריקה מתוקה,,IL,פפריקה מתוקה,גרמים,40.00,100 גרם,false,0,6.90,17.25,true,1,
7296073216254,false,פפריקה מתוקה,,IL,פפריקה מתוקה,גרמים,400.00,100 גרם,false,0,22.70,5.68,true,1,
7296073216261,false,פפריקה מתוקה,,IL,פפריקה מתוקה,גרמים,80.00,100 גרם,false,0,6.10,7.63,true,1,
7296073216285,false,פפריקה מתוקה,,IL,פפריקה מתוקה,גרמים,400.00,100 גרם,false,0,22.80,5.70,true,1,
7296073216292,false,פפריקה חריפה,,IL,פפריקה חריפה,גרמים,80.00,100 גרם,false,0,4.70,5.88,true,1,
7296073218661,false,מטליות לרצפה 3יח,,CN,מטליות לרצפה 3יח,יחידה,1.00,יחידה,false,0,15.00,15.00,true,1,
7296073218753,false,פתי בר שופרסל 500 גרם,BV BISCUIT PALLY,NL,פתי בר,גרמים,500.00,100 גרם,false,0,8.90,1.78,true,1,
7296073218920,false,לחם אחיד פרוס שופרסל 750,מאפיית שלמה א. אנג'ל,IL,לחם אחיד פרוס,גרמים,750.00,100 גרם,false,0,6.10,0.81,true,1,
7296073219088,false,מיונז אמיתי 1 קג,,IL,מיונז אמיתי 1 קג,קילוגרמים,1.00,"ק""ג",false,0,14.50,14.50,true,1,
7296073219347,false,לחם אחיד פרוס750ג שופרסל,מאפית ברמן,IL,לחם אחיד פרוס,גרמים,750.00,100 גרם,false,0,6.10,0.81,true,1,
7296073219675,false,פלפל שחור גרוס,,IL,פלפל שחור גרוס,גרמים,80.00,100 גרם,false,0,9.70,12.13,true,1,
7296073219927,false,ג'לי תות,,IL,ג'לי תות,גרמים,85.00,100 גרם,false,0,5.00,5.88,true,1,
7296073220022,false,אבקת קקאו,,IL,אבקת קקאו,גרמים,150.00,100 גרם,false,0,7.50,5.00,true,1,
7296073220398,false,חטיפי קרח,,IL,חטיפי קרח,מיליליטרים,800.00,"100 מ""ל",false,0,6.90,0.86,true,1,
7296073220435,false,מיקס פירות יער קפוא 300,d.o.o Lukowa,RS,מיקס פירות יער,גרמים,300.00,100 גרם,false,0,16.90,5.63,true,1,
7296073221319,false,"כף קרם 100 יח,' 2 גרם",,IL,"כף קרם ח""פ",יחידה,1.00,יחידה,false,0,7.90,7.90,true,1,
7296073221326,false,"כפית קרם 100 יח,' 1.4גרם",,IL,"כפית קרם ח""פ",יחידה,1.00,יחידה,false,0,7.90,7.90,true,1,
7296073223009,false,שמן זית,,IT,שמן זית,מיליליטרים,750.00,"100 מ""ל",false,0,29.90,3.99,true,1,
7296073224204,false,שמן זית,,IT,שמן זית,ליטרים,1.00,ליטר,false,0,39.90,39.90,true,1,
7296073224594,false,סלט חציל במיונז שופר400ג,סלטי שמיר,IL,סלט חצילים מיונז,גרמים,400.00,100 גרם,false,0,9.90,2.48,true,1,
7296073224679,false,12ביצים חופש אורגני L,חוות גבעות עולם,IL,ביצי חופש 12 יח,יחידה,1.00,יחידה,false,0,21.90,21.90,true,1,
7296073224693,false,ביציםM שופרסל 12,,IL,ביציםM שופרסל 12,יחידה,1.00,יחידה,false,0,10.40,10.40,true,1,
7296073225072,false,לחמניות שופרסל 75*6 גרם,מאפיית שלמה א. אנג'\ל בע,IL,לחמניות 6 יחידות,גרמים,450.00,100 גרם,false,0,8.90,1.98,true,1,
7296073225577,false,"ופלים בלגים ללת""ס200ג",גילרו,IL,"ופליםבלגים ללת""ס",גרמים,200.00,100 גרם,false,0,7.80,3.90,true,1,
7296073225775,false,רצועות סלק שופרסל 400גרם,סלטי שמיר,IL,סלט סלק שופרסל,גרמים,400.00,100 גרם,false,0,9.90,2.48,true,1,
7296073226321,false,חיתולים שופרסל,,IL,חיתולים שופרסל,יחידה,1.00,יחידה,false,0,29.90,29.90,true,1,
7296073226987,false,סלט חומוס+מסבחה שופר400ג,סלטי שמיר,IL,חומוס עם מסבחה,גרמים,400.00,100 גרם,false,0,9.90,2.48,true,1,
7296073229650,false,סירופ טעם שוקולד,,IL,סירופ טעם שוקולד,גרמים,600.00,100 גרם,false,0,11.50,1.92,true,1,
7296073230038,false,מנקה רצפות ורוד 2 ליטר,קליר כימיקלים,IL,מנקה רצפות,ליטרים,2.00,ליטר,false,0,13.90,6.95,true,1,
7296073230410,false,כוס שתיה חמה,,IL,כוס שתיה חמה,יחידה,1.00,יחידה,false,0,7.90,7.90,true,1,
7296073230656,false,מגבות נייר שופרסל 6 גל.,שניב תעשיות נייר,IL,מגבות נייר,מטרים,63.00,מטר,false,0,9.90,0.16,true,1,
7296073230663,false,מגבות נייר שופרסל 8 גל.,שניב תעשיות נייר,IL,מגבות נייר,מטרים,84.00,מטר,false,0,12.90,0.15,true,1,
7296073230892,false,50כוסות שתיה,,IL,50כוסות שתיה,יחידה,1.00,יחידה,false,0,12.90,12.90,true,1,
7296073231288,false,מרכך כביסה סגול 4 ליטר,גליל כימיקלים,IL,מרכך כביסה,ליטרים,4.00,ליטר,false,1,15.90,3.98,true,1,
7296073231554,false,חלב 3% בקרטון שופרסל 1ל,מחלבות רמת הגולן,IL,חלב 3% קרטון 1ל',ליטרים,1.00,ליטר,false,1,5.50,5.50,true,1,
7296073231561,false,שמנת עמידה לקצפת38% 250ג,מחלבות רמת הגולן,IL,שמנת עמידה 38%,מיליליטרים,250.00,"100 מ""ל",false,1,5.80,2.32,true,1,
7296073232391,false,"סוכר לבן שופרסל 1 ק""ג","אגרנה צוקר בע""מ",PL,סוכר לבן,קילוגרמים,1.00,"ק""ג",false,1,4.50,4.50,true,1,
7296073236122,false,"צלחת גדולה 1 ק""ג כ66- יח",,CN,צלחת חד פעמית,יחידה,1.00,יחידה,false,1,22.90,22.90,true,1,
7296073236603,false,"שמנת לבישול 15% 250 מ""ל",מחלבת רמת-הגולן,IL,שמנת לבישול 15%,מיליליטרים,250.00,"100 מ""ל",false,1,6.50,2.60,true,1,
7296073236894,false,סלט קולסלאו 400 גרם,סלטי שמיר,IL,סלט קולסלאו,גרמים,400.00,100 גרם,false,1,9.90,2.48,true,1,
7296073238409,false,רצועות גיישנית שופרסל,שופרסל,CN,רצועות גיישנית,יחידה,1.00,יחידה,false,1,9.90,9.90,true,1,
7296073238508,false,שמיניית סוללות +AAרביעיה,פוג'יקום,CN,שמיניית סוללות,יחידה,1.00,יחידה,false,1,22.90,22.90,true,1,
7296073238799,false,פצירת יהלום יח,TECHONGGIES TAIKONE,CN,פצירת יהלום,יחידה,1.00,יחידה,false,1,14.90,14.90,true,1,
7296073239239,false,"כוס שתיה חמה 240מ""ל 50יח",---,CN,כוסות שתיה חמה,יחידה,1.00,יחידה,false,1,9.90,9.90,true,1,
7296073239956,false,כוס שתיה חמה אספרסו120מל,---,CN,כוס שתיה חמה,יחידה,1.00,יחידה,false,1,4.90,4.90,true,1,
7296073242314,false,קרם חמצן 6% שופרסל60מ,שופרסל,IL,קרם חמצן,מיליליטרים,60.00,"100 מ""ל",false,1,3.90,6.50,true,1,
7296073242321,false,קרם חמצן 9% שופרסל 60 מל,שופרסל,IL,קרם חמצן,מיליליטרים,60.00,"100 מ""ל",false,1,3.90,6.50,true,1,
7296073243076,false,"12כ.שתיה חמה 240מ""ל+מכסה",,IL,כוסות שתיה חמה,יחידה,1.00,יחידה,false,1,4.90,4.90,true,1,
7296073243106,false,2 כובעי רחצה מניילון,שופרסל,IL,כובע רחצה,יחידה,1.00,יחידה,false,1,9.90,9.90,true,1,
7296073243397,false,ביצים M שופרסל 12 יחידות,.,IL,ביצים 12יחידות M,יחידה,1.00,יחידה,false,1,10.40,10.40,true,1,
7296073243854,false,כוסות שתייה מעוטר זהב,,IL,50כוסות שתייה,יחידה,1.00,יחידה,false,1,9.90,9.90,true,1,
7296073244806,false,ביצי חופש אורגנS 18 גרין,חוות גבעות עולם,IL,ביצי חופש,יחידה,1.00,יחידה,false,1,21.90,21.90,true,1,
7296073244844,false,"5 סכיני גילוח ח""פ לנשים",שופרסל,US,סכיני גילוח נשים,יחידה,1.00,יחידה,false,1,7.50,7.50,true,1,
7296073246084,false,פולי סויה בקליפה 1 קג,שופרסל,CN,פולי סויה 1קג,גרמים,1000.00,100 גרם,false,1,19.70,1.97,true,1,
7296073246909,false,שמן קוקוס אורגני גרין330,נמק אגרו אינדוסט,LK,שמן קוקוס,מיליליטרים,330.00,"100 מ""ל",false,1,20.00,6.06,true,1,
7296073247500,false,רביולי גבינה 300 גרם,פסטה נונה,IL,רביולי גבינה,גרמים,300.00,100 גרם,false,1,12.90,4.30,true,1,
7296073254096,false,טונה במי מלח 160*4 גרם,אסיאן אליאנס,TH,טונה במי מלח 4יח,גרמים,640.00,100 גרם,false,1,19.90,3.11,true,1,
7296073254102,false,טונה בשמן סויה 160*4 גרם,אסיאן אליאנס,VN,טונה בשמן 4 יח,גרמים,640.00,100 גרם,false,1,19.90,3.11,true,1,
7296073261162,false,300 קסמי אוזניים פלסטיק,PRODUC UES DAILY JIEYANG,CN,קסמי אוזניים,יחידה,1.00,יחידה,false,1,8.50,8.50,true,1,
7296073261179,false,200 קסמי אוזניים פלסטיק,PRODUC UES DAILY JIEYANG,CN,קסמי אוזניים,יחידה,1.00,יחידה,false,1,6.50,6.50,true,1,
7296073261384,false,"אל סבון  מעורב 500*3 מ""ל",שופרסל,IL,אל סבון נוזלי3יח,ליטרים,1.50,ליטר,false,1,10.00,6.67,true,1,
7296073261551,false,קוקטייל פירות טרופי850ג,קיובורי,TH,קוקטייל פירות,גרמים,850.00,100 גרם,false,1,9.30,1.09,true,1,
7296073262008,false,עוגות אישיות קרם שוקו350,קסליני,IT,עוגות אישיות,גרמים,350.00,100 גרם,false,1,13.90,3.97,true,1,
7296073262978,false,גרנולה טריפל אגוזים 400ג,בריגן,DE,גרנולה פרימיום,גרמים,400.00,100 גרם,false,1,19.90,4.98,true,1,
7296073262985,false,גרנולה טריפל שוקולד 400ג,בריגן,DE,גרנולה פרימיום,גרמים,400.00,100 גרם,false,1,19.90,4.98,true,1,
7296073263517,false,שקיות אוכל שופרסל 150*2,WEIFANG,CN,שקיות אוכל זוג,יחידה,1.00,יחידה,false,1,10.90,10.90,true,1,
7296073265184,false,שקיות אשפה ריחניות 40 יח,גליל כימיקלים,IL,שקיות אשפה,יחידה,1.00,יחידה,false,1,19.90,19.90,true,1,
7296073266129,false,מפות שולחן מניילון  6 יח,,IL,מפות שולחן 6 יח,יחידה,1.00,יחידה,false,1,9.90,9.90,true,1,
7296073266693,false,מיץ תפוזים אורגני גרין1ל,גניר,IL,מיץ תפוזים,ליטרים,1.00,ליטר,false,1,12.90,12.90,true,1,
7296073266976,false,חטיף בוטנים ל.ג גרין80גר,סנקי,IL,חטיף בוטנים,גרמים,80.00,100 גרם,false,1,4.00,5.00,true,1,
7296073267034,false,"מחית תפו""ע ובננה שופר90ג",שופרסל,CZ,"מחית תפו""ע ובננה",גרמים,90.00,100 גרם,false,1,4.90,5.44,true,1,
7296073270010,false,חומץ תפוח5%אורג.גרין750מ,אקווניל,ES,חומץ תפוחים,מיליליטרים,750.00,"100 מ""ל",false,1,16.90,2.25,true,1,
7296073270287,false,תבנית אלומיניום אינגליש,,IL,תבנית אינגליש,יחידה,1.00,יחידה,false,1,12.90,12.90,true,1,
7296073270294,false,תבנית אלומיניום מוארכת 9,,IL,תבנית מוארכת,יחידה,1.00,יחידה,false,1,12.90,12.90,true,1,
7296073270300,false,תבנית אלומיניום קטנה 15י,,IL,תבנית קטנה,יחידה,1.00,יחידה,false,1,12.90,12.90,true,1,
7296073270317,false,תבנית אלומיניום עגולה 7,,IL,תבנית עגולה,יחידה,1.00,יחידה,false,1,12.90,12.90,true,1,
7296073270324,false,תבנית אלומיניום גדולה 7י,,IL,תבנית מלבנית,יחידה,1.00,יחידה,false,1,12.90,12.90,true,1,
7296073271550,false,ממרח עגבניות מיובשות190ג,SPA POLLI F.LLI,IT,ממרח עגבניות,גרמים,190.00,100 גרם,false,1,10.00,5.27,true,1,
7296073272496,false,נייר טואלט שופרסל 32 גל,שניב תעשיות נייר,IL,נייר טואלט 32גל,מטרים,573.00,100 מטר,false,1,29.90,5.22,true,1,
7296073273356,false,עוג.בוטנים מצופהכשלפ400ג,---,IL,עוגיות בוטנים,גרמים,400.00,100 גרם,false,1,17.90,4.48,true,1,
7296073273363,false,"עוגיות קוקוס כשל""פ400ג",---,IL,עוגיות קוקוס,גרמים,400.00,100 גרם,false,1,17.90,4.48,true,1,
7296073273851,false,סט 2 מפות אל בד מודפס270,,CN,מפות אל בד,יחידה,1.00,יחידה,false,1,10.00,10.00,true,1,
7296073274445,false,קולה דיאט שופרסל 1.5*4 ל,אולקר,TR,קולה דיאט שופרסל,ליטרים,6.00,ליטר,false,1,13.90,2.32,true,1,
7296073277248,false,מגבונים ללא בישום 64*5יח,דינמיק,IL,מגבונים לחים 5יח,יחידה,1.00,יחידה,false,1,21.90,21.90,true,1,
7296073277255,false,מגבונים לחים 72*6 יח,דינמיק,IL,מגבונים לחים 6יח,יחידה,1.00,יחידה,false,1,18.90,18.90,true,1,
7296073277774,false,פוקאצ'ה עם 3גבינות 220 ג,SOCICO CON S.R.L AR,IL,פוקאצ'ה גבינה,גרמים,220.00,100 גרם,false,1,12.90,5.86,true,1,
7296073277781,false,פוקאצ'ה ירקות קלוים 250,SOCICO CON S.R.L AR,IL,פוקאצ'ה ירקות קל,גרמים,250.00,100 גרם,false,1,12.90,5.16,true,1,
7296073285274,false,"מזלג שקוף עבה ח""פ 100 יח",,CN,מזלג שקוף עבה,יחידה,1.00,יחידה,false,1,12.90,12.90,true,1,
7296073285281,false,"כפית שקוף עבה ח""פ 100 יח",,CN,כפית שקוף עבה,יחידה,1.00,יחידה,false,1,12.90,12.90,true,1,
7296073285663,false,ממרח אגוז ללא שמן דקל350,---,IT,ממרח אגוזים,גרמים,350.00,100 גרם,false,1,8.90,2.54,true,1,
7296073286073,false,"אורז בסמטי בצנצנת 1 ק""ג",SETIA LAL CHAMAN,IN,אורז בסמטי,קילוגרמים,1.00,"ק""ג",false,1,10.00,10.00,true,1,
7296073286349,false,55שקיות אשפה65/52,אשפלסט,IL,שקיות אשפה,יחידה,1.00,יחידה,false,1,19.90,19.90,true,1,
7296073286417,false,60שקיות אשפה 52/65,אשפלסט,IL,שקיות אשפה,יחידה,1.00,יחידה,false,1,15.00,15.00,true,1,
7296073286493,false,צמד פטריות חורש ושמפניון,קטיף.,IL,צמד פטריות,יחידה,1.00,יחידה,false,1,16.90,16.90,true,1,
7296073286509,false,פטריות שמפניון יחידה,---,IL,פטריות שמפניון,יחידה,1.00,יחידה,false,1,9.90,9.90,true,1,
7296073287568,false,משחת החתלה לתינוק 110 גר,---,TR,משחת החתלה לתינו,גרמים,110.00,100 גרם,false,1,7.90,7.18,true,1,
7296073290827,false,פלפלים ירוקים כבושים650ג,בלו גלו,TR,פלפלים ירוקים,גרמים,650.00,100 גרם,false,1,10.00,1.54,true,1,
7296073291244,false,חומץ 5% שופרסל 1 ליטר,מיטב,IL,חומץ 5%,ליטרים,1.00,ליטר,false,1,5.90,5.90,true,1,
7296073291299,false,מלפפון לנשנוש וכבישה יח,---,IL,מלפפון לנשנוש,יחידה,1.00,יחידה,false,1,14.90,14.90,true,1,
7296073292821,false,תפוחונים גרין 1+5 ל.ג,היינג,CN,תפוחונים גרין1+5,גרמים,132.00,100 גרם,false,1,15.90,12.05,true,1,
7296073292906,false,פירורי לחם מוזהב.זיפר350,חטיפים מן הטבע,IL,פירורי לחם מוזהב,גרמים,350.00,100 גרם,false,1,5.90,1.69,true,1,
7296073293040,false,תבניות אפיה מוארכות+מכסה,,IL,תבנית אפיה+מכסה,יחידה,1.00,יחידה,false,1,12.90,12.90,true,1,
7296073294245,false,נענע יחידה,---,IL,נענע,יחידה,1.00,יחידה,false,1,4.90,4.90,true,1,
7296073298090,false,מזלג מוכסף 50 יח',,CN,מזלג מוכסף,יחידה,1.00,יחידה,false,1,9.90,9.90,true,1,
7296073298106,false,סכין מוכסף 50 יחידות,,CN,סכין מוכסף,יחידה,1.00,יחידה,false,1,9.90,9.90,true,1,
7296073298113,false,כף מוכספת 50 יח',,CN,כף מוכסף,יחידה,1.00,יחידה,false,1,9.90,9.90,true,1,
7296073298120,false,כפית מוכספת 50 יחידות,,CN,כפית מוכסף,יחידה,1.00,יחידה,false,1,9.90,9.90,true,1,
7296073320395,false,עלי תרד בייבי 200גרם,---,IL,עלי תרד בייבי,גרמים,200.00,100 גרם,false,1,9.90,4.95,true,1,
7296073320647,false,וופל ט.שוק.כשלפ גרין200ג,כרמית,IL,וופל טעם שוקולד,גרמים,200.00,100 גרם,false,1,8.90,4.45,true,1,
7296073321521,false,מינוט אנטריקוט דק דק 300,בלדי,IL,מינוט אנטריקוטדק,גרמים,300.00,100 גרם,false,1,31.90,10.63,true,1,
7296073321637,false,"מיץ ענבים שופרסל 750 מ""ל",יקבי ירושלים,IL,מיץ ענבים,מיליליטרים,750.00,"100 מ""ל",false,1,10.00,1.33,true,1,
7296073322948,false,משקה מוגז ט.ליצ'י 315מל,"אינבנטו בע""מ",PL,גזוז בטעם ליצ'י,מיליליטרים,315.00,"100 מ""ל",false,1,4.90,1.56,true,1,
7296073322962,false,משקה מוגז ט.מנגו 315מל,"אינבנטו בע""מ",PL,גזוז בטעם מנגו,מיליליטרים,315.00,"100 מ""ל",false,1,4.90,1.56,true,1,
7296073323594,false,נייר אפייה אקולוגי יח,,IL,נייר אפייה,יחידה,1.00,יחידה,false,1,12.90,12.90,true,1,
7296073323709,false,ענב אדום,,CF,ענב אדום,יחידה,1.00,יחידה,false,1,14.90,14.90,true,1,
7296073323716,false,ענב ירוק יחידה,,CF,ענבים ירוקים,יחידה,1.00,יחידה,false,1,14.90,14.90,true,1,
7296073324720,false,64 מגבונים לחים פרימיום,פיבי ספא,IL,מגבונים לחים,יחידה,1.00,יחידה,false,1,6.90,6.90,true,1,
7296073324867,false,פטריות סטייק פורטובלה,---,IL,פ.סטייק פורטובלה,יחידה,1.00,יחידה,false,1,14.90,14.90,true,1,
7296073325130,false,40חיתולים בייבי שלב 4+,פיבי ספא,TR,חיתולים שלב 4+,יחידה,1.00,יחידה,false,1,29.90,29.90,true,1,
7296073326083,false,"צלחת קילו ענק כ55- יח,'",,CN,צלחת קילו ענק,יחידה,1.00,יחידה,false,1,24.90,24.90,true,1,
7296073328896,false,תמר דחוס ללא חרצן500ג,---,IL,תמר דחוס ללא חרצ,יחידה,1.00,יחידה,false,1,13.90,13.90,true,1,
7296073328940,false,כרוב אדום 7% שומן 400 גר,סלטי שמיר,IL,סלט כרוב אדום,גרמים,400.00,100 גרם,false,1,9.90,2.48,true,1,
7296073339540,false,תמל בייבי פרו שלב 1 700,---,IL,תמל בייבי פרו,גרמים,700.00,100 גרם,false,1,34.90,4.99,true,1,
7296073342496,false,דלעת ארוזה,קטיף.,IL,דלעת ארוזה,קילוגרמים,0.00,"ק""ג",true,1,9.90,9.90,true,1,
7296073342939,false,סלמי צרפתי 120גרם,מעדני יחיעם,IL,סלמי צרפתי120גרם,גרמים,120.00,100 גרם,false,1,16.90,14.08,true,1,
7296073342960,false,מינוט שניצל עוף דק דק,בלדי,IL,מינוט שניצל עוף,גרמים,300.00,100 גרם,false,1,21.90,7.30,true,1,
7296073343226,false,דגני בוקר עם חלבון 375 ג,---,DK,דגני בוקר+חלבון,גרמים,375.00,100 גרם,false,1,14.90,3.97,true,1,
7296073344872,false,נוזל רצפות ניחוח לוונדר2,קליר כימיקלים,IL,נוזל לרצפות,ליטרים,2.00,ליטר,false,1,12.90,6.45,true,1,
7296073344926,false,השקית הטריה 100 יחידות,ינטאי,CN,השקית הטריה,יחידה,1.00,יחידה,false,1,9.90,9.90,true,1,
7296073345206,false,מבריק הפלא 3 יחידות,אלבגינו,PL,מבריק הפלא,יחידה,1.00,יחידה,false,1,9.90,9.90,true,1,
7296073345879,false,פלפל ננסי יחידה,בייבי של ירקות,IL,פלפל ננסי,יחידה,1.00,יחידה,false,1,7.90,7.90,true,1,
7296073345923,false,חצאי אפרסקים בסירופ820ג,---,GR,חצאי אפרסקים,גרמים,820.00,100 גרם,false,1,6.40,0.78,true,1,
7296073346760,false,שקיות אשפה כתום 2 * 10יח,אשפלסט,IL,שקיות אשפה זוג,יחידה,1.00,יחידה,false,1,20.90,20.90,true,1,
7296073346777,false,שקיות רב שימושיות 300 יח,אשפלסט,IL,שקיות רב שימושי,יחידה,1.00,יחידה,false,1,11.90,11.90,true,1,
7296073347453,false,פטרוזליה יחידה,תנובות לכיש,IL,פטרוזליה,יחידה,1.00,יחידה,false,1,3.90,3.90,true,1,
7296073347460,false,שמיר יחידה,תנובות לכיש,IL,שמיר,יחידה,1.00,יחידה,false,1,3.90,3.90,true,1,
7296073347477,false,כוסברה,תנובות לכיש,IL,כוסברה,יחידה,1.00,יחידה,false,1,3.90,3.90,true,1,
7296073347484,false,נענע,תנובות לכיש,IL,נענע,יחידה,1.00,יחידה,false,1,3.90,3.90,true,1,
7296073351238,false,2רגליות כוכבים 0-3,סנטקס,CN,זוג רגליות כוכבי,יחידה,1.00,יחידה,false,1,29.90,29.90,true,1,
7296073351528,false,2אוברולים שרוול ארוך0-3,סנטקס,CN,זוג אוברולים שרו,יחידה,1.00,יחידה,false,1,39.90,39.90,true,1,
7296073359234,false,גרעיני תירס מתוק 340 גרם,---,HU,גרעיני תירס מתוק,גרמים,340.00,100 גרם,false,1,5.00,1.47,true,1,
7296073359272,false,24תחבושות לנערות סופר,---,DE,תחבושות לנערות,יחידה,1.00,יחידה,false,1,12.50,12.50,true,1,
7296073359937,false,עוגיות מעמול תמרים 500גר,---,IL,עוגיות מעמול תמר,גרמים,500.00,100 גרם,false,1,11.90,2.38,true,1,
7296073360506,false,3חיתולי טטרא כוכבים,סנטקס,CN,חיתולי טטרא,יחידה,1.00,יחידה,false,1,24.90,24.90,true,1,
7296073361442,false,"מטליות היגיניות רב""ש 5יח",נועם אורים,IL,מטלית הגיניות,יחידה,1.00,יחידה,false,1,9.90,9.90,true,1,
7296073361985,false,תבניות אלומיניום עבות 18,,TR,תבניות,יחידה,1.00,יחידה,false,1,20.00,20.00,true,1,
7296073362036,false,אבקת שוקו ניקולודיון500ג,---,IL,אבקת שוקו,גרמים,500.00,100 גרם,false,1,10.80,2.16,true,1,
7296073362647,false,אקונומיקה סמיכה שופרסל4ל,---,IL,אקונומיקה סמיכה,ליטרים,4.00,ליטר,false,1,12.90,3.23,true,1,
7296073362654,false,אקונומיקה שופרסל 4 ליטר,---,IL,אקונומיקה שופרסל,ליטרים,4.00,ליטר,false,1,8.90,2.23,true,1,
7296073362678,false,שמיר יחידה,---,IL,שמיר יחידה,יחידה,1.00,יחידה,false,1,3.90,3.90,true,1,
7296073362692,false,נענע יחידה,רוני יצחק תעשיות מזון,IL,נענע יחידה,יחידה,1.00,יחידה,false,1,3.90,3.90,true,1,
7296073362777,false,סלרי עלים,תנובות לכיש,IL,סלרי עלים,יחידה,1.00,יחידה,false,1,5.90,5.90,true,1,
7296073362814,false,בצל ירוק,תנובות לכיש,IL,בצל ירוק,יחידה,1.00,יחידה,false,1,4.90,4.90,true,1,
7296073362951,false,סוכר וניל שופרסל 10*10גר,ר.ס-.חברה ליבוא וייצור מ,IL,סוכר וניל  10 יח,גרמים,100.00,100 גרם,false,1,2.70,2.70,true,1,
7296073362975,false,אבקת סוכר שופרסל 100 גרם,ר.ס-.חברה ליבוא וייצור מ,IL,אבקת סוכר,גרמים,100.00,100 גרם,false,1,1.80,1.80,true,1,
7296073364658,false,סילאן טבעי לחיץ פרימ350ג,---,IL,סילאן טבעי לחיץ,גרמים,350.00,100 גרם,false,1,13.00,3.71,true,1,
7296073365532,false,פסטה טריקולור 500 גרם,גרופו,IT,פסטה טריקולור,גרמים,500.00,100 גרם,false,1,11.90,2.38,true,1,
7296073365655,false,חומוס 700 גרם,---,IL,סלט חומוס,גרמים,700.00,100 גרם,false,1,9.90,1.41,true,1,
7296073365662,false,חומוס 30% טחינה 400 גרם,---,IL,חומוס 30% טחינה,גרמים,400.00,100 גרם,false,1,10.00,2.50,true,1,
7296073365921,false,"קמח חומוס לל""ג  500 גרם",---,IL,"קמח חומוס לל""ג",גרמים,500.00,100 גרם,false,1,12.90,2.58,true,1,
7296073366409,false,ממרח חמאה שופרסל 500 גרם,---,IE,ממרח חמאה,גרמים,500.00,100 גרם,false,1,19.90,3.98,true,1,
7296073366652,false,מלפפון בייבי יחידה,מרינה,IL,מלפפון בייבי,יחידה,1.00,יחידה,false,1,9.90,9.90,true,1,
7296073367017,false,טונה שמן זית 80*3 גרם,---,TH,טונה בשמן זית3יח,גרמים,240.00,100 גרם,false,1,10.00,4.17,true,1,
7296073367130,false,ענבים אדומים ללא חרצנים,פירות עולם,ZA,ענבים אדומים,יחידה,1.00,יחידה,false,1,14.90,14.90,true,1,
7296073368212,false,טחינה אורגנית גרין 500 ג,---,IL,טחינה אורגנית,גרמים,500.00,100 גרם,false,1,10.00,2.00,true,1,
7296073368229,false,טחינה אורגנית מלאה 500 ג,---,IL,טחינה אורגנית,גרמים,500.00,100 גרם,false,1,10.00,2.00,true,1,
7296073368571,false,קוסקוס אורגני גרין 500 ג,---,IT,קוסקוס אורגני,גרמים,500.00,100 גרם,false,1,7.90,1.58,true,1,
7296073368854,false,טורטיות מקמח חיטה מלא320,---,RS,טורטייה,גרמים,320.00,100 גרם,false,1,8.90,2.78,true,1,
7296073369554,false,כפפות M ניטריל 100 יח,S.C.B.V,TH,כפפות ניטריל M,יחידה,1.00,יחידה,false,1,19.90,19.90,true,1,
7296073372455,false,מגבונים להסרת איפור25*3,---,IL,מגב.להסרת איפור,יחידה,1.00,יחידה,false,1,18.90,18.90,true,1,
7296073373421,false,קצף אקונומיקה 1 ליטר,---,IL,קצף אקונומיקה,ליטרים,1.00,ליטר,false,1,9.90,9.90,true,1,
7296073373483,false,בייבי גאודה 280 גרם,BV KAAS WILLIG HENRI,NL,בייבי גאודה,גרמים,280.00,100 גרם,false,1,19.90,7.11,true,1,
7296073376439,false,מארז צלחות מהודרות חגיגי,,CN,מארז צלחות,יחידה,1.00,יחידה,false,1,29.90,29.90,true,1,
7296073376798,false,צלחת גדולה 180יחידות,,TR,צלחת גדולה,יחידה,1.00,יחידה,false,1,29.00,29.00,true,1,
7296073376804,false,תבניות רוסטר עבות 12יחיד,,TR,תבניות רוסטר,יחידה,1.00,יחידה,false,1,20.00,20.00,true,1,
7296073378136,false,זיתים ירוקים חרוזית390גר,---,ES,זית ירוק חרוזית,גרמים,390.00,100 גרם,false,1,6.90,1.77,true,1,
7296073378754,false,מרקייה לבן PP 100 יח,,TR,צלחות PP,יחידה,1.00,יחידה,false,1,14.90,14.90,true,1,
7296073378785,false,"צלחות קרם PP 7"" 100 יח",,TR,צלחות PP,יחידה,1.00,יחידה,false,1,14.90,14.90,true,1,
7296073379317,false,ג'ל כביסה מרוכז ורוד3ל,---,IL,ג'ל כביסה מרוכז,ליטרים,3.00,ליטר,false,1,24.90,8.30,true,1,
7296073379690,false,ראס אל חנות 100 גרם,א.ל ייצור ושיווק תבלינים,IL,ראס אל חנות,גרמים,100.00,100 גרם,false,1,9.90,9.90,true,1,
7296073381761,false,2 בגדי גוף משולש בנים0-3,סנטקס,CN,זוג בגדי גוף,יחידה,1.00,יחידה,false,1,44.90,44.90,true,1,
7296073381846,false,זוג בגד גוף פרח לב0-3,סנטקס,CN,זוג  בגד גוף,יחידה,1.00,יחידה,false,1,44.90,44.90,true,1,
7296073382225,false,זוג בגד גוף חתול12-18,סנטקס,CN,זוג בגד גוף חתול,יחידה,1.00,יחידה,false,1,44.90,44.90,true,1,
7296073382416,false,שוקולד מריר 90% 100 גרם,---,CH,שוקולד מריר 90%,גרמים,100.00,100 גרם,false,1,9.90,9.90,true,1,
7296073382645,false,2רגליות פיל בנים12-18,סנטקס,CN,זוג רגליות,יחידה,1.00,יחידה,false,1,39.90,39.90,true,1,
7296073382874,false,2אוברולים משקפיים0-3,סנטקס,CN,זוג אוברולים,יחידה,1.00,יחידה,false,1,49.90,49.90,true,1,
7296073383000,false,2אוברולים משולש בנים6-12,סנטקס,CN,זוג אוברולים,יחידה,1.00,יחידה,false,1,49.90,49.90,true,1,
7296073383468,false,כובע פליז פנדה0-6,סנטקס,CN,כובע פליז פנדה,יחידה,1.00,יחידה,false,1,19.90,19.90,true,1,
7296073384434,false,קציצות סג.גפילטע פיש350ג,---,IL,קציצות עם דגים,גרמים,350.00,100 גרם,false,1,10.90,3.11,true,1,
7296073386414,false,נוזל לניקוי חלונות 1ליטר,---,IL,נוזל לחלונות,ליטרים,1.00,ליטר,false,1,7.90,7.90,true,1,
7296073388722,false,שמפו ש.רגיל ביוטין700מל,---,TR,שמפו לשיער רגיל,מיליליטרים,700.00,"100 מ""ל",false,1,9.90,1.41,true,1,
7296073388753,false,"שמפו שמן ארגן 700מ""ל",---,TR,שמפו,מיליליטרים,700.00,"100 מ""ל",false,1,9.90,1.41,true,1,
7296073388807,false,מרכך לשיער צבוע ארגן700מ,---,TR,מרכך לשיער צבוע,מיליליטרים,700.00,"100 מ""ל",false,1,9.90,1.41,true,1,
7296073389163,false,מטבעות שוקולד חלב 36 גרם,---,IL,מטבעות שוקולד,גרמים,36.00,100 גרם,false,1,3.90,10.83,true,1,
7296073389507,false,צנונית יחידה,מרינה,IL,צנונית,יחידה,1.00,יחידה,false,1,4.90,4.90,true,1,
7296073389880,false,בוטן מצופה בטעם תירס 200,ששון ושות,CN,בוטן מצופה200ג,גרמים,200.00,100 גרם,false,1,12.90,6.45,true,1,
7296073389910,false,מגבונים לחים פרוזן64*4יח,---,IL,מגבונים לחים 4יח,יחידה,1.00,יחידה,false,1,14.90,14.90,true,1,
7296073390626,false,כבל  מיקרו  2M,---,CN,כבל  מיקרו  2M,יחידה,1.00,יחידה,false,1,29.90,29.90,true,1,
7296073390688,false,אוזניה בלוטוס חוט,בסט סין,CN,אוזניה בלוטוס,יחידה,1.00,יחידה,false,1,99.90,99.90,true,1,
7296073390985,false,גב.צהובה 28% שופרסל 200ג,MLEKOVITA,PL,גבינה צהובה,גרמים,200.00,100 גרם,false,1,7.00,3.50,true,1,
7296073390992,false,גב.צהובה 28% שופרסל 400ג,MLEKOVITA,PL,גבינה צהובה,גרמים,400.00,100 גרם,false,1,14.00,3.50,true,1,
7296073391654,false,מגבונים לחיטוי וניקוי50י,---,IL,מגבונים לניקוי,יחידה,1.00,יחידה,false,1,12.90,12.90,true,1,
7296073392941,false,"חלב1.5% כשל""פ שופרסל 1ל",---,IL,חלב 1ליטר שופרסל,ליטרים,1.00,ליטר,false,1,5.50,5.50,true,1,
7296073393030,false,מארז צלחות מרק+לפתניות 5,,CN,מארז מהודר,יחידה,1.00,יחידה,false,1,29.90,29.90,true,1,
7296073393108,false,קפה נמס קלאסי 200 גרם,---,ES,קפה נמס קלאסי,גרמים,200.00,100 גרם,false,1,17.90,8.95,true,1,
7296073394662,false,אבוקדו בשל מוכן לאכילה,מור בריאות,IL,אבוקדו בשל,יחידה,1.00,יחידה,false,1,13.90,13.90,true,1,
7296073396376,false,מפיות נייר PEONY 40 יחיד,,US,מפיות נייר,יחידה,1.00,יחידה,false,1,20.00,20.00,true,1,
7296073396765,false,נודלס עם רצועות עוף קפוא,---,IL,ארוחה מוכנה קפוא,גרמים,300.00,100 גרם,false,1,19.90,6.63,true,1,
7296073396888,false,אריסה מרוקאית שופרסל250ג,תבליני ביטון יוחאי,IL,אריסה מרוקאית,גרמים,250.00,100 גרם,false,1,12.90,5.16,true,1,
7296073397069,false,נבטוטית יחידה,---,IL,נבטוטית,יחידה,1.00,יחידה,false,1,0.10,0.10,true,1,
7296073397182,false,וופל Air קרם טעם שוקו150,---,IL,וופל Air,גרמים,150.00,100 גרם,false,1,3.90,2.60,true,1,
7296073397212,false,יעה גומי מולחם יחידה,TYF סחר,IT,יעה גומי מולחם,יחידה,1.00,יחידה,false,1,4.90,4.90,true,1,
7296073397403,false,מקל מחוזק אפור/אדום יחיד,TYF סחר,IT,מקל מחוזק,יחידה,1.00,יחידה,false,1,5.90,5.90,true,1,
7296073398189,false,חמאה הולנדית שופרסל200גר,SPRL MATHOT,BE,חמאה הולנדית,גרמים,200.00,100 גרם,false,1,7.60,3.80,true,1,
7296073398905,false,מטאטא בראווה יחידה,TYF סחר,IT,מטאטא בראווה,יחידה,1.00,יחידה,false,1,14.90,14.90,true,1,
7296073398936,false,מגב לחלון יחידה,TYF סחר,IT,מגב לחלון,יחידה,1.00,יחידה,false,1,8.00,8.00,true,1,
7296073400097,false,מטאטא לינאה יחידה,TYF סחר,IT,מטאטא לינאה,יחידה,1.00,יחידה,false,1,19.90,19.90,true,1,
7296073402640,false,מצה בציפוי שוקולד 200 גר,---,IL,מצות מצופות,גרמים,200.00,100 גרם,false,1,10.00,5.00,true,1,
7501013122114,false,ג'ומקס משקה אננס קרטון1ל,חומקס קומרסאליזדורה,MX,משקה ג'ומקס אננס,ליטרים,1.00,ליטר,false,1,8.90,8.90,true,1,
7501064191466,false,בירה קורונה 6 יח,,,בירה קורונה 6 יח,ליטרים,2.13,ליטר,false,0,39.90,18.73,true,1,
7613030979647,false,טריקס דגנים ט.פירות 480ג,ג'נרל מילס,CL,טריקס בטעם פירות,גרמים,480.00,100 גרם,false,1,25.50,5.31,true,1,
7613036387798,false,דגני פיטנס יוגורט 350 גר,סי פי. צרפת,FR,דגני פיטנס,גרמים,350.00,100 גרם,false,1,19.90,5.69,true,1,
7613037686906,false,פיטנס שקדים ודבש 355 גרם,סי. פי. צרפת,FR,פיטנס שקדים ודבש,גרמים,355.00,100 גרם,false,1,19.90,5.61,true,1,
7613037811773,false,גו פרי קורנפלקס דבש500ג,סי. פי. אנגליה,GB,גו פרי קורנפלקס,גרמים,500.00,100 גרם,false,1,12.90,2.58,true,1,
7614500035788,false,טובלרון חלב 200 גרם,מונדלייז,CH,טובלרון חלב,גרמים,200.00,100 גרם,false,0,17.20,8.60,true,1,
7616500642560,false,שוקולד חלב 300 ג,,CH,שוקולד חלב 300 ג,גרמים,300.00,100 גרם,false,0,10.00,3.34,true,1,
7616500647268,false,שוקולד מריר+אגוזים180גר,צוקולאט פריי אייץגיץ,CH,שוקולד מריר,גרמים,180.00,100 גרם,false,0,10.00,5.56,true,1,
7616500647725,false,שוק.חלב לוז/פיסטוק/שק200,פריי )שוקולד(,CH,שוקולד חלב אגוז,גרמים,200.00,100 גרם,false,1,10.00,5.00,true,1,
7622210117762,false,בונ.בושה שמינייה 200 גרם,מונדלייז,SK,בונבוניירת בושה,גרמים,200.00,100 גרם,false,0,12.90,6.45,true,1,
7622210645999,false,שוקו.מילקה דארק שקדים85ג,מונדלייז,DE,שוקולד מילקה,גרמים,85.00,100 גרם,false,1,7.90,9.29,true,1,
7622210693266,false,שוק.חלב אגוזי לוז שלם270,מונדלייז,AT,שוקולד מילקה,גרמים,270.00,100 גרם,false,1,12.90,4.78,true,1,
7622210984678,false,וופל ממולא מילקה 150 גרם,מונדלייז,CZ,וופל ממולא מילקה,גרמים,150.00,100 גרם,false,1,10.00,6.67,true,1,
7622300270469,false,ביסקוויט מילקה 150 גרם,מונדלייז,FR,ביסקוויט מילקה,גרמים,150.00,100 גרם,false,1,10.00,6.67,true,1,
7622300503079,false,ביסקוויט מצופה שוקו200גר,מונדלייז,PL,ביסקוויט מצופה,גרמים,200.00,100 גרם,false,0,10.00,5.00,true,1,
7622300743703,false,חטיף קדבורי קרמל 45 גרם,מונדלייז,GB,חטיף קדבורי,גרמים,45.00,100 גרם,false,1,4.90,10.89,true,1,
7701001013596,false,שום ארוז יחידה,קטיף.,IL,שום יחידה,יחידה,1.00,יחידה,false,1,7.90,7.90,true,1,
8000300388831,false,בונבוניירת באצ'י 150 גרם,באצי פרוגינה איטליה,IT,בונבוניירת באצ'י,גרמים,150.00,100 גרם,false,1,19.90,13.26,true,1,
8000380003723,false,גראנד פטיסרי אגוז 100גרם,א. לואקר,IT,גראנד פטיסרי,גרמים,100.00,100 גרם,false,0,12.20,12.20,true,1,
8000380004676,false,ופלים לואקר וניל 200 גרם,לואקר,AT,ופלים לואקר,גרמים,200.00,100 גרם,false,0,12.80,6.40,true,1,
8000380004911,false,ופלים קואדרטיני אגוז250ג,א. לואקר,AT,ופל קואדרטיני,גרמים,250.00,100 גרם,false,0,13.90,5.56,true,1,
8000380007219,false,ופלים לואקר ט.אגוזים175ג,א. לואקר,AT,ופלים לואקר,גרמים,175.00,100 גרם,false,0,11.80,6.74,true,1,
8000380192588,false,קוארדטיני דאבל שוק250גרם,לואקר,AT,קואדרטיני דאבל,גרמים,250.00,100 גרם,false,1,13.90,5.56,true,1,
8000392006125,false,"מגב אייפל 60 ס""מ יח",,CN,מגב אייפל,יחידה,1.00,יחידה,false,1,39.90,39.90,true,1,
8000392006132,false,מגב אייפל,,CN,מגב אייפל+מקל,יחידה,1.00,יחידה,false,0,24.90,24.90,true,1,
8000500023624,false,חטיף קינדר הפי היפו 5יח',פררו,DE,קינדר הפי היפו,גרמים,102.00,100 גרם,false,0,12.50,12.25,true,1,
8000500026731,false,ביצי הפתעה קינדר 20*3 גר,פררו,IT,ביצי הפתעה קינדר,גרמים,60.00,100 גרם,false,1,14.40,24.00,true,1,
8000500029350,false,קינדר בואנו 43*3 גרם,פררו,PL,קינדר בואנו,גרמים,129.00,100 גרם,false,0,10.00,7.75,true,1,
8000500071083,false,שוקולד קינדר 200 גרם,פררו,IT,שוקולד חלב קינדר,גרמים,200.00,100 גרם,false,0,10.00,5.00,true,1,
8000500126325,false,ביצי קינדר ג'וי ורוד20*3,פררו,ZA,קינדר ג'וי ורוד,גרמים,60.00,100 גרם,false,0,15.00,25.00,true,1,
8000500267103,false,עוגות אישי.קינדר דליס390,פררו,IT,עוגות קינדר דליס,גרמים,390.00,100 גרם,false,1,19.90,5.10,true,1,
8000500294345,false,רושה סנו-מן 90 גרם,פררו,PL,רושה סנו-מן,גרמים,90.00,100 גרם,false,1,16.90,18.78,true,1,
8000500314562,false,"גרנד רושה פררו כשל""פ100ג",פררו אס.פי.אי,PL,גרנד רושה פררו,גרמים,100.00,100 גרם,false,1,14.90,14.90,true,1,
8001090016003,false,פיירי טבליות הכל ב1 84יח,פרוקטר אנד גמבל,BE,פיירי טבליות,יחידה,1.00,יחידה,false,1,46.90,46.90,true,1,
8001090066008,false,דיסקריט 8 תחבושות לונג+,פרוקטר אנד גמבל,DE,דיסקריט תחבושות,יחידה,1.00,יחידה,false,1,19.90,19.90,true,1,
8001090184375,false,פיירי לכלים אוריגינל 900,פרוקטר אנד גמבל,GB,פיירי לכלים,מיליליטרים,900.00,"100 מ""ל",false,1,12.50,1.39,true,1,
8001090184412,false,פיירי לכלים לימון 900 מל,פרוקטר אנד גמבל,GB,פיירי לכלים,מיליליטרים,900.00,"100 מ""ל",false,1,12.50,1.39,true,1,
8001090336521,false,30פמפרס בייבי דריי שלב5,פרוקטר אנד גמבל,DE,פמפרס בייבי,יחידה,1.00,יחידה,false,1,34.90,34.90,true,1,
8001090375230,false,פנטן מרכך מרוכז לחות200מ,פרוקטר אנד גמבל,FR,מרכך פנטן,מיליליטרים,200.00,"100 מ""ל",false,1,21.90,10.95,true,1,
8001090493675,false,הד&שולדרס אולטר.טוטאל540,פרוקטר אנד גמבל,RO,שמפו הד&שולדרס,מיליליטרים,540.00,"100 מ""ל",false,1,23.90,4.43,true,1,
8001090749550,false,אריאל קפסולות לכביסה 50,פרוקטר אנד גמבל,FR,קפסולות לכביסה,יחידה,1.00,יחידה,false,1,54.90,54.90,true,1,
8001090832450,false,"שמפו פנטן קלאסי 660 מ""ל",פרוקטר & גמבל,RO,שמפו פנטן,מיליליטרים,660.00,"100 מ""ל",false,1,19.90,3.02,true,1,
8001090832818,false,"מרכך פנטן קלאסי 660 מ""ל",פרוקטר אנד גמבל,RO,מרכך פנטן,מיליליטרים,660.00,"100 מ""ל",false,1,19.90,3.02,true,1,
8001090832856,false,מרכך פנטן שמן מרוקאי660מ,פרוקטר אנד גמבל,RO,מרכך פנטן,מיליליטרים,660.00,"100 מ""ל",false,1,19.90,3.02,true,1,
8001090833259,false,אריאל ג'ל נ.הרים 3.74ל,פרוקטר אנד גמבל,FR,אריאל ג'ל כביסה,ליטרים,3.74,ליטר,false,1,39.90,10.67,true,1,
8001090856005,false,פנטן מרכך סופר פוד 200 מ,פרוקטר אנד גמבל,FR,פנטן מרכך הקסם,מיליליטרים,200.00,"100 מ""ל",false,1,21.90,10.95,true,1,
8001090861795,false,שמפו פנטן סופר פוד 660 מ,פרוקטר אנד גמבל,RO,שמפו פנטן,מיליליטרים,660.00,"100 מ""ל",false,1,19.90,3.02,true,1,
8001090899255,false,16 אולוויז פלטינום לילה,פרוקטר אנד גמבל,DE,תחבשות אולוויז,יחידה,1.00,יחידה,false,1,23.90,23.90,true,1,
8001250152015,false,פפרדלה דה צ'קו 500 גרם,דה צ'יקו,IT,פפרדלה דה צ'קו,גרמים,500.00,100 גרם,false,1,11.90,2.38,true,1,
8001675553039,false,ממרח קקאו ואגוזי לוז350ג,---,TR,ממרח קקאו,גרמים,350.00,100 גרם,false,1,14.90,4.26,true,1,
8001841137179,false,הד&שולדרס מרכך קלאסי275מ,פרוקטר אנד גמבל,RO,מרכך הד&שולדרס,מיליליטרים,275.00,"100 מ""ל",false,1,12.90,4.69,true,1,
8001841317861,false,מרכך לנור אוקיינוס 900מל,---,US,לנור מרכך מרוכז,מיליליטרים,900.00,"100 מ""ל",false,1,15.90,1.77,true,1,
8002205319903,false,ONE עוף לחתול בוגר 800 ג,נסטלה פורינה צרפת,FR,ONE לחתול בוגר,גרמים,800.00,100 גרם,false,1,39.90,4.99,true,1,
8002450201008,false,"רספברי ספרקלטיני 750 מ""ל",בוסקה,IT,רספברי ספרקלטיני,מיליליטרים,750.00,"100 מ""ל",false,0,22.90,3.06,true,1,
8002450203002,false,"ורדי בטעם אבטיח 750 מ""ל",בוסקה,IT,ורדי בטעם אבטיח,מיליליטרים,750.00,"100 מ""ל",false,1,22.90,3.06,true,1,
8004030860001,false,אנסלטיסמה קוסקוס+טונה160,בולטון,IT,קוסקוס עם טונה,גרמים,160.00,100 גרם,false,1,15.00,9.38,true,1,
8004123004893,false,שמן בטעם פטריות כמהין250,באסו,IT,שמן בטעם כמהין,מיליליטרים,250.00,"100 מ""ל",false,1,27.90,11.16,true,1,
8005110170300,false,עגבניות חתוכות3*,,IT,עגבניות חתוכות3*,קילוגרמים,1.20,"ק""ג",false,0,10.00,8.33,true,1,
8005110200014,false,רכז עגבניות מוטי 210 גרם,מוטי,IT,רכז עגבניות,גרמים,210.00,100 גרם,false,0,6.50,3.10,true,1,
8010445003308,false,שמן זית כתית מעולה 750 מ,CLEMENTE OLEARIA,IT,שמן זית,גרמים,750.00,100 גרם,false,0,34.60,4.61,true,1,
8051191569588,false,תפוח עץ אמברוזיה ארוז,RIVOIRA,IT,תפוח אמברוזיה,קילוגרמים,0.00,"ק""ג",true,1,16.90,16.90,true,1,
8076800195033,false,ספגטיני מס' 3 500 גרם,ברילה,IT,ספגטיני מס' 3,גרמים,500.00,100 גרם,false,0,6.90,1.38,true,1,
8076800195057,false,ספגטיני מס' 5 ברילה500גר,ברילה,IT,ספגטי מס 5 ברילה,גרמים,500.00,100 גרם,false,0,6.90,1.38,true,1,
8076809512268,false,פסטה גירנדולה מס34' 500ג,ברילה,IT,פסטה גירנדולה,גרמים,500.00,100 גרם,false,0,6.90,1.38,true,1,
8410179000411,false,שמן צמחי E+Dויטמין 1ל,PONTU BORGES ACEITES,ES,שמן צמחי מועשר,ליטרים,1.00,ליטר,false,1,10.00,10.00,true,1,
8410721443611,false,פלפל שחור שלם 45 גרם,---,ES,פלפל שחור שלם,גרמים,45.00,100 גרם,false,1,10.00,22.22,true,1,
8412168002529,false,"מחייה 13 לימונים 700 מ""ל",דיסטיליארס לה הורטנה,ES,מחייה 13 לימונים,מיליליטרים,700.00,"100 מ""ל",false,1,49.90,7.13,true,1,
8423207209748,false,סלים דליס שוק.מריר תפוז6,ביסצ'ורי,ES,סלים דליס 6 יח,גרמים,156.00,100 גרם,false,1,10.00,6.41,true,1,
8436037792311,false,"קרם ידיים דובדבן 30 מ""ל",RNB,ES,קרם ידיים,מיליליטרים,30.00,"100 מ""ל",false,1,10.90,36.33,true,1,
8693495037853,false,קולגייט 2מברשת סלים סופט,קולגייט פלמוליב,CN,2 מברשות קולגייט,יחידה,1.00,יחידה,false,0,19.90,19.90,true,1,
8693495052177,false,סבון פלמוליב זיתים 750 מ,קולגייט פלמוליב,TR,סבון פלמוליב,מיליליטרים,750.00,"100 מ""ל",false,1,15.00,2.00,true,1,
8697530910743,false,פאל מאל כחול חפיסה,bat,TR,פאל מאל חפ.,יחידה,1.00,יחידה,false,0,28.50,28.50,false,1,
8697530910781,false,פאל מאל אדום חפיסה,bat,TR,פאל מאל,יחידה,1.00,יחידה,false,0,28.50,28.50,false,1,
8710908326691,false,דאב תחליב רח.אדמונית750,יוניליוור,DE,תחליב רחצה דאב,מיליליטרים,750.00,"100 מ""ל",false,1,15.00,2.00,true,1,
8712561611411,false,תח.רחצה דאב תה ירוק 750מ,יוניליוור,DE,תחליב רחצה דאב,מיליליטרים,750.00,"100 מ""ל",false,1,15.00,2.00,true,1,
8714599410530,false,קפה גקובס קרוננג רפיל200,ג'יי.די.אי.,RU,קפה נמס ג'קובס,גרמים,200.00,100 גרם,false,1,19.90,9.95,true,1,
8714599513866,false,קפה נמס ג'קובס קרוננג200,ג'יי.די.אי.,RU,קפה נמס ג'קובס,גרמים,200.00,100 גרם,false,1,24.90,12.45,true,1,
8714789177229,false,4 מב.קולגייט אקסטרה קלין,קולגייט פלמוליב,CN,4 מברשות שיניים,יחידה,1.00,יחידה,false,0,10.00,10.00,true,1,
8714789450315,false,פלמוליב לכלים לימון1.5ל',קולגייט פלמוליב,GR,פלמוליב לכלים,ליטרים,1.50,ליטר,false,0,13.90,9.27,true,1,
8714789930848,false,משחת אופטיק וייט אינסט75,קולגייט פלמוליב,PL,משחת קולגייט,מיליליטרים,75.00,"100 מ""ל",false,0,14.90,19.87,true,1,
8715700422367,false,מיונז היינץ לייט 420ג,היינץ,ES,מיונז היינץ לייט,גרמים,420.00,100 גרם,false,1,10.00,2.38,true,1,
8717163647219,false,אקס ספריי גוף אפולו 150מ,יוניליוור,GB,אקס ספריי,מיליליטרים,150.00,"100 מ""ל",false,1,14.90,9.93,true,1,
8717163647240,false,אקס ספריי גוף שוקולד150מ,יוניליוור אנגליה,GB,אקס ספריי,מיליליטרים,150.00,"100 מ""ל",false,1,14.90,9.93,true,1,
8717163891735,false,רקסונה ספרי וורקאאוט150מ,"יוניליוור אנגליה, דרך קו",GB,דאודורנט רקסונה,מיליליטרים,150.00,"100 מ""ל",false,1,12.90,8.60,true,1,
8717163947692,false,אקס ג'ל רח.פרש ברגמוט400,יוניליוור,DE,אקס ג'ל רחצה,מיליליטרים,400.00,"100 מ""ל",false,1,10.00,2.50,true,1,
8717163947739,false,אקס ג'ל רחצה מוחיטו 400מ,יוניליוור,DE,אקס ג'ל רחצה,מיליליטרים,400.00,"100 מ""ל",false,1,10.00,2.50,true,1,
8718951170445,false,קולגייט סמיילס ילדים50מל,---,PL,קולגייט סמיילס,מיליליטרים,50.00,"100 מ""ל",false,1,10.00,20.00,true,1,
8718951190221,false,אג'קס בוסט לבנדר וחומץ 1,קולגייט פלמוליב,GR,אג'קס ניקוי כללי,ליטרים,1.00,ליטר,false,1,14.90,14.90,true,1,
8718951236790,false,קולגייט טוטל קלין 100 מל,קולגייט פלמוליב,PL,קולגייט טוטל,מיליליטרים,100.00,"100 מ""ל",false,1,14.90,14.90,true,1,
8719200998001,false,"מרגרינה בלובנד ללת""מ200ג",יוניליוור ישראל מזון בע\,IL,מרגרינה בלובנד,גרמים,200.00,100 גרם,false,1,4.50,2.25,true,1,
8719200998018,false,מרגרינה בטעם חמאה200גרם,"מיוצר ע""\י יוניליוור ישר",IL,מחמאה מרגרינה,גרמים,200.00,100 גרם,false,1,4.80,2.40,true,1,
8723400756552,false,מנטוס ריינבאו 37.50ג4*יח,פרפטי ואן מלה,NL,מנטוס ריינבאו,גרמים,148.00,100 גרם,false,0,11.30,7.64,true,1,
8901537024014,false,אורז בסמטי,,IN,אורז בסמטי,קילוגרמים,1.00,"ק""ג",false,0,10.00,10.00,true,1,
8934878081866,false,"דפי אורז מרובע לל""ג 400ג",,TH,דפי אורז מרובעים,גרמים,400.00,100 גרם,false,1,10.00,2.50,true,1,
9310072028750,false,טים טם דאבל 200 גרם,ספץ תעשיות,AU,טים טם דאבל,גרמים,200.00,100 גרם,false,1,19.90,9.95,true,1,
