code,internal_code,name,manufacturer_name,manufacture_country,manufacturer_item_description,unit_qty,quantity,unit_of_measure,weighted,qty_in_package,price,unit_of_measure_price,allow_discount,status,item_id
55,true,משלוחים לבית,,,משלוחים לבית,יחידה,0.00,יחידה,false,,25.60,0.0000,true,1,18710
96,true,משלוח אינטרנטי.,,,משלוח אינטרנטי.,יחידה,0.00,יחידה,false,,29.00,0.0000,true,1,18717
119,true,גפרורים,,,גפרורים,יחידה,0.00,יחידה,false,,4.20,0.0000,true,1,7922
161,true,קישוא עגול,,,קישוא עגול,קילוגרמים,1.00,"ק""ג",true,,12.90,12.9000,true,1,29794
163,true,פטריות שמפיניון תפזו,,,פטריות שמפיניון תפזו,קילוגרמים,1.00,"ק""ג",true,,39.90,39.9000,true,1,22591
173,true,דלעת ערמונים,,,דלעת ערמונים,קילוגרמים,1.00,"ק""ג",true,,11.90,11.9000,true,1,29795
214,true,"10 פיתות ד""ר פיתה",,,"10 פיתות ד""ר פיתה",יחידה,0.00,יחידה,false,,15.90,0.0000,true,1,29163
301,true,בקבוק ריק חוזר בירה,,,בקבוק ריק חוזר בירה,יחידה,0.00,יחידה,false,,1.02,0.0000,true,1,3414
374,true,פטריות שמפניון,,,פטריות שמפניון,יח',1.00,יח',false,,8.90,8.9000,true,1,29796
1058,true,חלה רגילה/חלה ציפורי,,,חלה רגילה/חלה ציפורי,גרמים,500.00,100 גרם,false,,4.42,0.0088,true,1,2326
1091,true,צנונית בייבי,,,צנונית בייבי,גרמים,400.00,100 גרם,false,,5.90,0.0148,true,1,19441
1095,true,בייבי בטטה,,,בייבי בטטה,יח',1.00,יח',false,,6.90,6.9000,true,1,29799
1488,true,אשכולית אדומה,,,אשכולית אדומה,קילוגרמים,1.00,"ק""ג",true,,5.90,5.9000,true,1,29812
1494,true,תפו`א לבן תפזורת,,,תפו`א לבן תפזורת,קילוגרמים,1.00,"ק""ג",true,,4.90,4.9000,true,1,29817
1495,true,תפו`א אדום תפזורת,,,תפו`א אדום תפזורת,קילוגרמים,1.00,"ק""ג",true,,5.90,5.9000,true,1,29818
1500,true,פלפל כתום,,,פלפל כתום,קילוגרמים,1.00,"ק""ג",true,,9.90,9.9000,true,1,29821
1501,true,עגבניות,,,עגבניות,קילוגרמים,1.00,"ק""ג",true,,6.90,6.9000,true,1,29822
1502,true,מלפפונים,,,מלפפונים,קילוגרמים,1.00,"ק""ג",true,,5.90,5.9000,true,1,29823
1503,true,גזר ארוז,,,גזר ארוז,קילוגרמים,1.00,"ק""ג",true,,3.90,3.9000,true,1,29824
1504,true,סלק,,,סלק,קילוגרמים,1.00,"ק""ג",true,,3.90,3.9000,true,1,29825
1505,true,כרוב לבן,,,כרוב לבן,קילוגרמים,1.00,"ק""ג",true,,3.90,3.9000,true,1,29826
1506,true,כרוב אדום,,,כרוב אדום,קילוגרמים,1.00,"ק""ג",true,,5.90,5.9000,true,1,29827
1507,true,כרובית,,,כרובית,קילוגרמים,1.00,"ק""ג",true,,8.90,8.9000,true,1,29828
1510,true,קישואים,,,קישואים,קילוגרמים,1.00,"ק""ג",true,,8.90,8.9000,true,1,29831
1511,true,חצילים,,,חצילים,קילוגרמים,1.00,"ק""ג",true,,7.90,7.9000,true,1,29832
1513,true,פלפל ירוק,,,פלפל ירוק,קילוגרמים,1.00,"ק""ג",true,,8.90,8.9000,true,1,29833
1514,true,פלפל בהיר,,,פלפל בהיר,קילוגרמים,1.00,"ק""ג",true,,8.90,8.9000,true,1,29834
1515,true,פלפל חריף,,,פלפל חריף,קילוגרמים,1.00,"ק""ג",true,,8.90,8.9000,true,1,29835
1516,true,פלפל אדום,,,פלפל אדום,קילוגרמים,1.00,"ק""ג",true,,9.90,9.9000,true,1,29836
1517,true,פלפל רומרו,,,פלפל רומרו,קילוגרמים,1.00,"ק""ג",true,,12.90,12.9000,true,1,29837
1518,true,מלון,,,מלון,קילוגרמים,1.00,"ק""ג",true,,6.90,6.9000,true,1,29838
1519,true,בצל יבש,,,בצל יבש,קילוגרמים,1.00,"ק""ג",true,,4.90,4.9000,true,1,29839
1521,true,קולורבי,,,קולורבי,קילוגרמים,1.00,"ק""ג",true,,7.90,7.9000,true,1,29840
1522,true,חסה ערבית,,,חסה ערבית,יח',1.00,יח',false,,4.90,4.9000,true,1,29841
1527,true,פטרוזיליה גומי,,,פטרוזיליה גומי,יח',1.00,יח',false,,3.50,3.5000,true,1,19442
1528,true,כוסברה גומי,,,כוסברה גומי,יח',1.00,יח',false,,3.50,3.5000,true,1,19443
1529,true,שמיר גומי,,,שמיר גומי,יח',1.00,יח',false,,3.50,3.5000,true,1,19444
1530,true,נענע גומי,,,נענע גומי,יח',1.00,יח',false,,3.50,3.5000,true,1,19445
1531,true,לפת,,,לפת,קילוגרמים,1.00,"ק""ג",true,,6.90,6.9000,true,1,29845
1535,true,תפו`א אדום ארוז,,,תפו`א אדום ארוז,קילוגרמים,1.00,"ק""ג",true,,4.90,4.9000,true,1,29848
1541,true,ארטישוק,,,ארטישוק,קילוגרמים,1.00,"ק""ג",true,,19.90,19.9000,true,1,29852
1542,true,ערמונים,,,ערמונים,קילוגרמים,1.00,"ק""ג",true,,18.90,18.9000,true,1,29853
1545,true,שום ארוז ייבוא יח',,,שום ארוז ייבוא יח',יח',1.00,יח',false,,4.90,4.9000,true,1,29856
1547,true,שומר,,,שומר,קילוגרמים,1.00,"ק""ג",true,,6.90,6.9000,true,1,29858
1548,true,תות שדה ביח',,,תות שדה ביח',יח',1.00,יח',false,,12.90,12.9000,true,1,31204
1550,true,תפו`א לבן ארוז,,,תפו`א לבן ארוז,קילוגרמים,1.00,"ק""ג",true,,3.90,3.9000,true,1,29859
1551,true,לימון,,,לימון,קילוגרמים,1.00,"ק""ג",true,,7.90,7.9000,true,1,29860
1552,true,תפוז,,,תפוז,קילוגרמים,1.00,"ק""ג",true,,5.90,5.9000,true,1,29861
1553,true,ענב לבן,,,ענב לבן,קילוגרמים,1.00,"ק""ג",true,,29.90,29.9000,true,1,29862
1555,true,תפוז ארוז,,,תפוז ארוז,קילוגרמים,1.00,"ק""ג",true,,4.90,4.9000,true,1,29864
1556,true,בננה מובחרת,,,בננה מובחרת,קילוגרמים,1.00,"ק""ג",true,,6.90,6.9000,true,1,29865
1557,true,צנון,,,צנון,קילוגרמים,1.00,"ק""ג",true,,6.90,6.9000,true,1,29866
1558,true,אשכולית צהובה,,,אשכולית צהובה,קילוגרמים,1.00,"ק""ג",true,,5.90,5.9000,true,1,29867
1560,true,דלעת ארוזה,,,דלעת ארוזה,קילוגרמים,1.00,"ק""ג",true,,9.90,9.9000,true,1,29869
1561,true,תפוח עץ זהוב,,,תפוח עץ זהוב,קילוגרמים,1.00,"ק""ג",true,,9.90,9.9000,true,1,29870
1562,true,תפוח עץ יונתן,,,תפוח עץ יונתן,קילוגרמים,1.00,"ק""ג",true,,9.90,9.9000,true,1,29871
1563,true,תפוח עץ חרמון,,,תפוח עץ חרמון,קילוגרמים,1.00,"ק""ג",true,,9.90,9.9000,true,1,29872
1564,true,תפוח עץ סמיט,,,תפוח עץ סמיט,קילוגרמים,1.00,"ק""ג",true,,9.90,9.9000,true,1,29873
1568,true,רימון,,,רימון,קילוגרמים,1.00,"ק""ג",true,,8.90,8.9000,true,1,29876
1570,true,קלמנטינה,,,קלמנטינה,קילוגרמים,1.00,"ק""ג",true,,5.90,5.9000,true,1,29877
1571,true,פלפל שושקה,,,פלפל שושקה,קילוגרמים,1.00,"ק""ג",true,,12.90,12.9000,true,1,29878
1572,true,אבוקדו מובחר,,,אבוקדו מובחר,קילוגרמים,1.00,"ק""ג",true,,10.90,10.9000,true,1,29879
1573,true,מנגו,,,מנגו,קילוגרמים,1.00,"ק""ג",true,,15.90,15.9000,true,1,29880
1574,true,בטטה מתוקה,,,בטטה מתוקה,קילוגרמים,1.00,"ק""ג",true,,8.90,8.9000,true,1,29881
1576,true,אגס,,,אגס,קילוגרמים,1.00,"ק""ג",true,,11.90,11.9000,true,1,29882
1581,true,פלפל צהוב,,,פלפל צהוב,קילוגרמים,1.00,"ק""ג",true,,9.90,9.9000,true,1,29885
1588,true,תירס ארוז,,,תירס ארוז,קילוגרמים,1.00,"ק""ג",true,,9.90,9.9000,true,1,29889
1590,true,פומלה,,,פומלה,קילוגרמים,1.00,"ק""ג",true,,7.90,7.9000,true,1,29890
1591,true,ענב אדום,,,ענב אדום,קילוגרמים,1.00,"ק""ג",true,,22.90,22.9000,true,1,29891
1601,true,סלרי חתוך ליח,,,סלרי חתוך ליח,יח',1.00,יח',false,,6.90,6.9000,true,1,19446
1604,true,אפרסמון,,,אפרסמון,קילוגרמים,1.00,"ק""ג",true,,13.90,13.9000,true,1,29898
1606,true,אנונה,,,אנונה,קילוגרמים,1.00,"ק""ג",true,,19.90,19.9000,true,1,29899
1607,true,תפו`א קטן אפיה ארוז,,,תפו`א קטן אפיה ארוז,קילוגרמים,1.00,"ק""ג",true,,3.90,3.9000,true,1,29900
1608,true,זנגוויל\גינגיר תפזור,,,זנגוויל\גינגיר תפזור,קילוגרמים,1.00,"ק""ג",true,,24.90,24.9000,true,1,29901
1610,true,שרי אשכולות לקג,,,שרי אשכולות לקג,קילוגרמים,1.00,"ק""ג",true,,18.90,18.9000,true,1,29902
1613,true,דלורית,,,דלורית,קילוגרמים,1.00,"ק""ג",true,,5.90,5.9000,true,1,29903
1615,true,בצל אדום,,,בצל אדום,קילוגרמים,1.00,"ק""ג",true,,6.90,6.9000,true,1,29905
1618,true,אפרסמון קרמבו,,,אפרסמון קרמבו,קילוגרמים,1.00,"ק""ג",true,,16.90,16.9000,true,1,29907
1619,true,פומלית,,,פומלית,קילוגרמים,1.00,"ק""ג",true,,5.90,5.9000,true,1,29908
1620,true,קיווי,,,קיווי,קילוגרמים,1.00,"ק""ג",true,,15.90,15.9000,true,1,29909
1632,true,קישוא זוקיני ירוק,,,קישוא זוקיני ירוק,קילוגרמים,1.00,"ק""ג",true,,11.90,11.9000,true,1,29911
1636,true,פיטאיה,,,פיטאיה,גרמים,700.00,100 גרם,false,,17.90,0.0256,true,1,29914
1670,true,"בטטה קסביה (תפו""א יר",,,"בטטה קסביה (תפו""א יר",קילוגרמים,1.00,"ק""ג",true,,15.90,15.9000,true,1,29924
1683,true,תפוח עץ פינק קריפס,,,תפוח עץ פינק קריפס,קילוגרמים,1.00,"ק""ג",true,,12.90,12.9000,true,1,29928
1708,true,גזר תפזורת,,,גזר תפזורת,קילוגרמים,1.00,"ק""ג",true,,4.90,4.9000,true,1,29936
1859,true,שיבה ליח',,,שיבה ליח',יח',1.00,יח',false,,4.90,4.9000,true,1,19449
1880,true,רוקולה ליח,,,רוקולה ליח,גרמים,100.00,100 גרם,false,,7.90,0.0790,true,1,19452
3500,true,עוף טרי שלם,,,עוף טרי שלם,קילוגרמים,1.00,"ק""ג",true,,16.20,16.2000,true,1,8109
4015,true,קוקוס ראש,,,קוקוס ראש,יח',1.00,יח',false,,5.90,5.9000,true,1,29992
8888,true,פיקדון זיכוי לקוח,,,פיקדון זיכוי לקוח,יחידה,0.00,יחידה,false,,0.30,0.0000,true,1,31894
9999,true,פיקדון בקבוקים,,,פיקדון בקבוקים,יחידה,0.00,יחידה,false,,0.30,0.0000,true,1,22
5678585,true,ענב סקרלוטה,,,ענב סקרלוטה,קילוגרמים,1.00,"ק""ג",true,,22.90,22.9000,true,1,30006
32147230,false,לימונית - מיץ לימון משומר,ג'נרל מילס סאן אדריא,CH,מיץ לימון סיצילייה 2,מיליליטרים,200.00,"100 מ""ל",false,,5.90,0.0295,true,1,115229
42123866,false,מסטיק הובה בובה צ'אנק פירות קלאסי 35ג',הובה בובה Hubba Bubba,,הובה בובה צ'אנק קלאס,גרמים,35.00,100 גרם,false,,2.60,0.0743,true,1,10422
50398911,false,"קרם חמצן 9% אינדולה 60 מ""ל",,,אינדולה קרם חמצן 9%,מיליליטרים,60.00,"100 מ""ל",false,,3.40,0.0567,true,1,3971
59039549,false,סיגריות ווג פריזון מ,Unknown,,ווג קופסא בודדת פריס,יחידה,0.00,יחידה,false,,37.50,0.0000,false,1,2094
59068907,false,סיגריות פאל מאל כחול דמי סלימס,גלוברנס,,פאל מאל כחול דמי סלי,יחידה,0.00,יחידה,false,,26.00,0.0000,false,1,2095
72917367,false,טעמי חטיף במילוי קרם נוגט וקרמל,"שטראוס גרופ בע""מ",IL,טעמי 40 גר',גרמים,40.00,100 גרם,false,,3.30,0.0825,true,1,11401
72940754,false,מעדן מילקי בטעם וניל עם קצפת,"שטראוס גרופ בע""מ",IL,"מילקי וניל 170 מ""ל",מיליליטרים,170.00,"100 מ""ל",false,,2.50,0.0147,true,1,12049
72940761,false,מעדן מילקי בטעם שוקולד עם קצפת,מיוצר עי קונדיטוריית,IL,מילקי שוקולד מהדרין,מיליליטרים,170.00,"100 מ""ל",false,,2.50,0.0147,true,1,12050
72940952,false,מעדן מילקי בטעם שוקולד עם אקסטרה קצפת,"שטראוס גרופ בע""מ",IL,מילקי אקסטראה קצפת מ,מיליליטרים,110.00,"100 מ""ל",false,,2.90,0.0264,true,1,12051
72940976,false,כרוב אדום אחלה 250גר,מיוצר עי קונדיטוריית,IL,אחלה סלט כרוב אדום,גרמים,250.00,100 גרם,false,,6.80,0.0272,true,1,12052
72940983,false,חומוס אחלה 250 גרם,אחלה - שטראוס,IL,אחלה חומוס 250ג,גרמים,250.00,100 גרם,false,,5.90,0.0236,true,1,12053
72941041,false,מעדן מילקי מיני בטעם שוקולד עם קצפת,"שטראוס גרופ בע""מ",IL,מיני מילקי שוקולד 70,מיליליטרים,70.00,"100 מ""ל",false,,2.10,0.0300,true,1,12054
72961506,false,יוגורט עם תות 1.5% שומן 125 ג' פרילי,מיוצר עי קונדיטוריית,IL,פרילי תות 1.5% 125מל,מיליליטרים,125.00,"100 מ""ל",false,,3.20,0.0256,true,1,13276
72961520,false,יוגורט עם אננס 1.5% שומן 125 ג' פרילי,מיוצר עי קונדיטוריית,IL,פרילי אננס 1.5% 125מ,מיליליטרים,125.00,"100 מ""ל",false,,3.20,0.0256,true,1,13278
72961544,false,באדי יוגורט בטעם תות שדה 3%,מחלבת אלון תבור,IL,באדי תות 125מל,מיליליטרים,125.00,"100 מ""ל",false,,2.50,0.0200,true,1,13279
72963753,false,שמנת אורגינל של פעם 27% שומן 200 ג' תנובה,תנובה מרכז שיתופי לש,IL,תנובה שמנת של פעם 27,מיליליטרים,200.00,"100 מ""ל",false,,3.60,0.0180,true,1,13283
72964132,false,פרילי טבע עם גרנולה 1.5% 200מל,מיוצר עי קונדיטוריית,IL,פרילי טבע עם גרנולה,מיליליטרים,200.00,"100 מ""ל",false,,4.20,0.0210,true,1,13284
72986370,false,"גלידת בן & ג'ריס פיינטים וניל 500מ""ל",מוצרי איכות אמריקאים,IL,גלידת פיינטים וניל צ,מיליליטרים,420.00,"100 מ""ל",false,,17.00,0.0405,true,1,7194
72986424,false,"גלידת בן & ג'ריס פיינטים קרם עוגיות 500מ""ל",מוצרי איכות אמריקאיי,IL,גלידת פיינטים קרם עו,מיליליטרים,420.00,"100 מ""ל",false,,17.00,0.0405,true,1,7195
72986479,false,"צ'אנקי מנקי גלידת וניל, בננות, חתיכות פאדג' ואגוזים",מוצרי איכות אמריקאיי,IL,גלידת פיינטים צאנקי,מיליליטרים,420.00,"100 מ""ל",false,,17.00,0.0405,true,1,7198
72991374,false,סיגריות טיים רד חפיס,דובק,,טיים רד,יחידה,0.00,יחידה,false,,28.90,0.0000,false,1,2365
72991466,false,סיגריות גולף גולד 10,דובק,,גולף גולד ארוך סופט,יחידה,0.00,יחידה,false,,29.90,0.0000,false,1,2372
72991497,false,נובלס ורג'יניה פילטר,קריות זול,,נובלס ורג'יניה פילטר,יחידה,0.00,יחידה,false,,28.90,0.0000,false,1,2374
72994061,false,חטיף פסק זמן Z Good ופל מגולגל,שולן צ'יקולטה גידה ס,TR,פסק זמן 36גר,גרמים,36.00,100 גרם,false,,4.20,0.1167,true,1,100986
72994306,false,סיגריות רויאל אדום ח,דובק,,רויאל רד,יחידה,0.00,יחידה,false,,23.90,0.0000,false,1,2390
80001287,false,וופל חטיף לואקר אגוז 38 גר',לואקר Loacker,AT,חטיף גרדנה אגוז 38 ג,גרמים,38.00,100 גרם,false,,3.00,0.0789,true,1,6250
80001485,false,גרדנה קוקוס 38 גר'25X יח',קריניציה ויטמינה אס,IT,גרדנה קוקוס 38 גרם,גרמים,38.00,100 גרם,false,,3.00,0.0789,true,1,6252
80773429,false,מסטיק מנטוס פיור פרש בבקבוק בינוני בטעם תות 60 ג',פרפטי ואן מלה הולנד,TR,מסטיק מנטוס בקבוק בט,גרמים,60.00,100 גרם,false,,9.40,0.1567,true,1,6261
80773443,false,מסטיק מנטוס בבקבוק מעוגל בטעם מנטה מעודנת 60 ג',פרפטי ואן מלה הולנד,TR,מסטיק מנטוס בקבוק בט,גרמים,60.00,100 גרם,false,,9.40,0.1567,true,1,6262
80790990,false,מסטיק מנטוס בבקבוק מעוגל בטעם פירות -מנטה 60 ג',פרפטי ואן מלה הולנד,TR,מסטיק מנטוס בקבוק בט,גרמים,60.00,100 גרם,false,,9.40,0.1567,true,1,6265
80828174,false,מסטיק מנטוס וויט סוויטמינט 60 ג',פרפטי ואן מלה,TR,מסטיק מנטוס ויט טעם,גרמים,60.00,100 גרם,false,,7.60,0.1267,true,1,6269
80862130,false,"מנטוס מסטיק פיור פרש - אבטיח 28 גרם (14 יח') חת""ס",פרפטי ואן מלה ברדה,NL,מסטיק מנטוס פיור פרש,גרמים,28.00,100 גרם,false,,3.80,0.1357,true,1,6273
80896081,false,מסטיק מנטוס פיור פרש בבקבוק בינוני בטעם אבטיח 60 ג',פרפטי ואן מלה הולנד,TR,מסטיק מנטוס בקבוק בט,גרמים,60.00,100 גרם,false,,9.40,0.1567,true,1,6274
80913467,false,מסטיק מנטו בבקבוק מעוגל בטעם מנטה 60 ג',פרפטי ואן מלה הולנד,TR,מסטיק מנטוס בקבוק בט,גרמים,60.00,100 גרם,false,,9.40,0.1567,true,1,6275
80945468,false,סוכריות פיור וויט טעם מנטה מתוקה 60 ג' מנטוס,פרפטי ואן מלה הולנד,TR,מנטוס פיור וויט ללא,גרמים,60.00,100 גרם,false,,9.40,0.1567,true,1,31643
80954521,false,"מנטוס מסטיק פיור פרש - תות 28 גרם (14 יח') חת""ס",פרפטי ואן מלה ברדה,NL,מסטיק מנטוס פיור פרש,גרמים,28.00,100 גרם,false,,3.80,0.1357,true,1,6278
80986348,false,סוכריות פיור וויט טעם מנטה 60 ג' מנטוס,פרפטי ואן מלה הולנד,TR,מנטוס פיור וויט ללא,גרמים,60.00,100 גרם,false,,9.40,0.1567,true,1,31642
87108651,false,מארז סוכריות מנטוס Mentos מנטה,הדקלאים אגודת שיתופי,NL,סוכריות מנטוס מנטה 1,גרמים,150.00,100 גרם,false,,9.00,0.0600,true,1,6281
87108712,false,מארז סוכריות מנטוס Mentos פירות,פרפטי ואן מלה ברדה,NL,סוכריות מנטוס פירות,גרמים,150.00,100 גרם,false,,9.00,0.0600,true,1,6282
87221503,false,מיונז הולנדי אמיתי 6,,,מיונז הולנדי אמיתי 6,גרמים,650.00,100 גרם,false,,28.20,0.0434,true,1,65583
87311396,false,סוכריות מנטוס Mentos ריינבואו,פרפטי ואן מלה,NL,מנטוס סוכריות גליל,גרמים,37.00,100 גרם,false,,2.50,0.0676,true,1,6285
90087769,false,הפי דיי נקטר אננס לל,Rauch fruchtsafte gm,,מיץ אננס 1ל 100%,ליטרים,1.00,ליטר,false,,9.80,9.8000,true,1,12828
90162602,false,משקה אנרגיה רד בול 250 מ''ל,רד בול ג'י.אם.בי. אץ,AT,משקה אנרגיה RED BULL,מיליליטרים,250.00,"100 מ""ל",false,,5.10,0.0204,true,1,2534
198888886,false,עיגול אגורות,,,עיגול אגורות,יחידה,0.00,יחידה,false,,0.90,0.0000,true,1,25909
8112100298,false,שמן שומשום טהור לא מ,Flavor full foods in,,שמן שומשום טהור לא מ,מיליליטרים,185.00,"100 מ""ל",false,,12.80,0.0692,true,1,80673
10900678148,false,רדיד אלומיניום נון ס,,,רדיד אלומיניום נון ס,יחידה,0.00,יחידה,false,,12.80,0.0000,true,1,1949
11182700954,false,קינג קול שעועית שחורה 439 גרם,קינג קול,,שעועית שחורה 232 גרם,גרמים,439.00,100 גרם,false,,8.50,0.0194,true,1,20971
11210000094,false,"רוטב ""טבסקו"" על בסיס פלפל אדום 60 מ""ל",מקאילהייני אייבורי,US,טבסקו,מיליליטרים,60.00,"100 מ""ל",false,,8.30,0.1383,true,1,21283
11210006508,false,"רוטב טבסקו הברנו 60 מ""ל",מקאילהייני Mc.Ilhenn,US,רוטב טבסקו הבנרו 60,מיליליטרים,60.00,"100 מ""ל",false,,12.70,0.2117,true,1,21286
11210698055,false,רוטב סרירצ'ה טבסקו 5,ניצן,US,רוטב טבסקו סרירצ'ה,מיליליטרים,566.00,"100 מ""ל",false,,24.70,0.0436,true,1,21291
12300103138,false,סיגריות כאמל בוקס פק,Unknown,,כאמל בוקס פאקט 10*20,יחידה,0.00,יחידה,false,,310.00,0.0000,false,1,2104
16000185517,false,דגני בוקר פייבר וואן עתירי סובין FIBRE1,בטר אנד דיפרנט,US,פייבר1- דגני בוקר עת,גרמים,555.00,100 גרם,false,,21.30,0.0384,true,1,9079
16000423534,false,ניטשר ואלי חטיף שיבולת שועל שוקולד מריר קראנצי 210ג',ג'נרל מילס סאן אדריא,ES,חטיף קראנצי שיבולת ש,גרמים,210.00,100 גרם,false,,16.70,0.0795,true,1,6287
16000548404,false,ניטשר ואלי חטיף קראנצי גרנולה שיבולת שועל 210 ג',ג'נרל מילס סאן אדריא,ES,חטיף קראנצי גרנולה ש,גרמים,210.00,100 גרם,false,,16.70,0.0795,true,1,6289
16000548503,false,ניטשר ואלי קראנצי חטיף גרנולהומייפל 10 יח' 210 ג',ג'נרל מילס סאן אדריא,ES,חטיף קראנצי גרנולה מ,גרמים,210.00,100 גרם,false,,16.70,0.0795,true,1,6291
16229924263,false,"קרם קוקוס 250 מ""ל.",ארוי די AROY-D,,"קרם קוקוס 250 מ""ל.",מיליליטרים,250.00,"100 מ""ל",false,,8.50,0.0340,true,1,29513
18000701223,false,תערובת להכנת עוגה בטעם שוקולד,הדקלאים אגודת שיתופי,IL,תערובת לעוגת שוק.דוי,גרמים,500.00,100 גרם,false,,14.40,0.0288,true,1,6294
18000703494,false,תערובת עוגת וניל פיסברי 500 גר',הדקלאים אגודת שיתופי,IL,תערובת לעוגת וניל פר,גרמים,517.00,100 גרם,false,,14.40,0.0279,true,1,6295
22200956932,false,דאודורנט ג'ל לגבר Fresh Rush 24h,הנסיך- מפעל לייצור ט,US,דאו' ג'ל כחול ספיד ס,גרמים,85.00,100 גרם,false,,16.20,0.1906,true,1,10752
25675120006,false,חמצוצים 4 צבעים טעמים טבעי 100 גרם,פאסין,NL,חמצוצים חמצוצים טבעי,גרמים,100.00,100 גרם,false,,7.60,0.0760,true,1,1950
25675120020,false,סאוור סטיקס Sour Sticks בטעם אוכמניות,פשקס קנדי,NL,חמצוצים מקלות פטל 10,גרמים,100.00,100 גרם,false,,7.60,0.0760,true,1,1951
25675120037,false,חמקלות חמצוצים תות 100 גר,פאסין,NL,חמצוצים מקלות תות 10,גרמים,100.00,100 גרם,false,,7.60,0.0760,true,1,1952
25675120068,false,סאוור סטיקס Sour Sticks בטעם קולה,פשקז Paskesz,NL,חמצוצים מקלות קולה 1,גרמים,100.00,100 גרם,false,,7.60,0.0760,true,1,1954
25700005681,false,שקיות אחסון סליידר בינוניות -20 יח' זיפלוק,אס.סי גונוסון,US,זיפלוק שקיות איחסון,גרמים,140.00,100 גרם,false,,13.60,0.0971,true,1,2626
30000315958,false,קוואקר פרוטאין בננה אגוזים 366ג',קוואקר אוטס קומפני,US,פרוטאין בננה אגוזים,גרמים,366.00,100 גרם,false,,18.20,0.0497,true,1,12467
34000196173,false,קוקיס אנד קרים בטעם שוקולד לבן עם שברי עוגיות,הרשיס Hershey's,,הרשיז קוקיס אנד קרים,גרמים,113.00,100 גרם,false,,6.40,0.0566,true,1,6300
34000996643,false,הרשי דרופס פאוצ' 215 גרם,,,מטבעות בטעם שוקולד ל,גרמים,215.00,100 גרם,false,,16.20,0.0753,true,1,72681
36000516890,false,ממחטות אף עם אלוורה + ויטמין E תלת שכבתי,קלינקס Kleenex,GB,קלינקס לושן תלת שכבת,יחידה,0.00,יחידה,false,,12.70,0.0000,true,1,4294
37600207188,false,חמאת בוטנים סקיפי קלאסי 462 גר',חברת המזון אלגוד,US,סקיפי חמאת בוטנים קל,גרמים,462.00,100 גרם,false,,15.30,0.0331,true,1,2537
38000232152,false,פרינגלס ברביקיו 158 גרם – חדש,פרינגלס מניופקצ'ורינ,US,פרינגלס ביג ברביקיו,גרמים,158.00,100 גרם,false,,7.60,0.0481,true,1,13915
38000232183,false,פרינגלס אורגינל 149 גרם,פרינגלס מניופקצ'ורינ,US,פרינגלס ביג אורגינל,גרמים,158.00,100 גרם,false,,7.60,0.0481,true,1,13917
41500007007,false,חרדל צהוב קלאסי 226,,,חרדל צהוב קלאסי 226,גרמים,226.00,100 גרם,false,,11.10,0.0491,true,1,61286
46214372250,false,"עוגיות שטרודל פריכות תפו""ע וצימוקים",מרבה Merba,NL,מרבה עוגיות שטרודל פ,גרמים,225.00,100 גרם,false,,8.50,0.0378,true,1,10754
46214731552,false,עוגיות שוקולד ציפס מובחרות 225 ג',קריניציה ויטמינה אס,NL,מרבה עוגיות שוקולד צ,גרמים,225.00,100 גרם,false,,8.50,0.0378,true,1,10756
50000015474,false,פריסקיז מעדני הים 4*,פורינה,US,פריסקיז מעדני הים 4*,קילוגרמים,1.40,"ק""ג",false,,33.20,23.7143,true,1,9081
50000084500,false,מזון יבש לחתול בטעם נתחי ברביקיו פריסקיז Friskies,נסטלה פורינה USA מק,US,פריסקיז מעדני השף מנ,קילוגרמים,1.43,"ק""ג",false,,33.20,23.2168,true,1,9085
50000100347,false,"פריסקיז - מעדני החתול מועשר בחלב 1.40 ק""ג",נסטלה פורינה USA מק,US,פריסקיז מעדני החתול,קילוגרמים,1.40,"ק""ג",false,,33.20,23.7143,true,1,9087
50000170180,false,פריסקיז Friskies עוף ברוטב,פורינה Purina,US,פריסקיז פריים פילה ע,גרמים,156.00,100 גרם,false,,5.90,0.0378,true,1,9090
50000237951,false,פריסקיז פרטי מיקס גר,פורינה,US,פריסקיז פארטי מיקס מ,גרמים,60.00,100 גרם,false,,10.20,0.1700,true,1,80149
50000238910,false,פריסקיז פרטי מיקס או,פורינה,US,פריסקיז פארטי מיקס א,גרמים,60.00,100 גרם,false,,10.20,0.1700,true,1,80150
50000429448,false,פנסי פיסט - מוס סלמון 85 גרם,נסטלה פורינה USA סט,US,פנסי פיסט פטה מוס סל,גרמים,85.00,100 גרם,false,,5.20,0.0612,true,1,9101
50000429646,false,פנסי פיסט - דג אוקיינוס 85 גרם,נסטלה פורינה USA ג',US,פנסי פיסט פטה דג אוק,גרמים,85.00,100 גרם,false,,4.90,0.0576,true,1,9102
50000434640,false,פנסי פיסט נתחי עוף לבבות וכבד 85 גר,נסטלה פורינה USA סט,US,פנסי פיסט נתחי לבבות,גרמים,85.00,100 גרם,false,,5.20,0.0612,true,1,9104
50000574414,false,פריסקיז פרטי מיקס פק,פורינה,US,פריסקיז פארטי מיקס פ,גרמים,60.00,100 גרם,false,,10.20,0.1700,true,1,80151
50000574438,false,פריסקיז פרטי מיקס מע,פורינה,US,פריסקיז פארטי מיקס מ,גרמים,60.00,100 גרם,false,,10.20,0.1700,true,1,80152
50000578238,false,פריסקיז פרטי מיקס קר,פורינה,US,פריסקיז פארטי מיקס ק,גרמים,60.00,100 גרם,false,,10.20,0.1700,true,1,80153
52100030043,false,פלפל שחור טחון גס 42,מקרומיק,US,פלפל שחור טחון גס 42,גרמים,42.00,100 גרם,false,,17.10,0.4071,true,1,61153
55369902564,false,אפלסנקס רביעיות רסק תפוחי עץ ללא תוספת סוכר עברית,ליייהי אורצ'רדס,,אפלסנקס רסק תפוחי עץ,גרמים,452.00,100 גרם,false,,11.40,0.0252,true,1,20974
55500012046,false,"כלורקס מרסס ניקוי עם אקונומיקה 946 מ""ל",כלורוקס אוקלנד,US,כלורקס קלין אפ 946 מ,מיליליטרים,946.00,"100 מ""ל",false,,17.90,0.0189,true,1,29518
64144090051,false,"תרסיס שמן קנולה פאם 148 מ""ל",קונאגרה פודס,US,תרסיס שמן קנולה פאם,מיליליטרים,148.00,"100 מ""ל",false,,14.40,0.0973,true,1,6305
70177078775,false,טווינינג ליידי גריי,טווינינגס Twinings,,טווינינג ליידי גריי,גרמים,50.00,100 גרם,false,,15.30,0.3060,true,1,7042
70177173166,false,טווינינג גרין ג'סמין,טווינינגס Twinings,,טווינינג גרין ג'סמין,גרמים,45.00,100 גרם,false,,16.20,0.3600,true,1,7045
70177177669,false,טווינינג חליטה למון,,,טווינינג חליטה למון,גרמים,30.00,100 גרם,false,,15.30,0.5100,true,1,7047
70177177737,false,טווינינג חליטה פיור,טווינינגס Twinings,,טווינינג חליטה פיור,גרמים,20.00,100 גרם,false,,15.30,0.7650,true,1,7049
72600062306,false,הר חטיף גבינה 198 גרם,הר פודס,,הר חטיף גבינת 198 גר,גרמים,198.00,100 גרם,false,,17.00,0.0859,true,1,20975
76840100156,false,"גלידה צרי גרסיה בן וג'ירי 500 מ""ל",מוצרי איכות אמריקאיי,IL,בן&גרי גלידה צרי גרס,גרמים,473.00,100 גרם,false,,17.00,0.0359,true,1,7210
76840100583,false,"גלידת וניל עם בצק עוגיות בן וג'ירי 473 מ""ל",מוצרי איכות אמריקאיי,IL,גלידה וניל +בצק עוגי,מיליליטרים,473.00,"100 מ""ל",false,,17.00,0.0359,true,1,7211
77245110610,false,סוכריות מאסט ללא סוכר בטעם מנטה 80 ג'עלית,MIESZKO S.A - MS. JO,IL,סוכריות מאסט ללא סוכ,גרמים,80.00,100 גרם,false,,5.90,0.0738,true,1,11410
77975034071,false,חטיף בייגלה ניברלס 255 ג',,US,בייגלה סניידרס ניבלר,גרמים,255.00,100 גרם,false,,12.80,0.0502,true,1,6307
77975094631,false,סנדביץ בייגלה במילוי קרם בטעם צ'דר 226 גרם סניידרס,סניידרס Snyder's,,סניידרס בייגלה סנדוו,גרמים,266.00,100 גרם,false,,12.80,0.0481,true,1,6314
77975095133,false,שברי בייגלה בטעם פיקנטי 318 ג' סניידרס,סניידרס Snyder's,US,בייגלה סניידרס פיקנט,גרמים,318.00,100 גרם,false,,12.80,0.0403,true,1,102503
80432402931,false,"שיבאס וויסקי ריגאל 12 שנה 700 מ""ל",מזקקת האחים שיבאס,GB,שיבאס וויסקי ריגאל 1,מיליליטרים,700.00,"100 מ""ל",false,,94.10,0.1344,true,1,18155
85696608044,false,טופו ללא גלוטן מזרח,Morinaga NUTRITIONAL,US,טופו ללא גלוטן מזרח,גרמים,349.00,100 גרם,false,,11.10,0.0318,true,1,80097
350007641028,false,משחת שיניים 2 ב-1 הלבנה קולגייט 130 ג',קולגייט Colgate,,קולגייט משחת שיניים,מיליליטרים,130.00,"100 מ""ל",false,,11.00,0.0846,true,1,10757
611745285685,true,אבוקדו בשל יח,,,אבוקדו בשל יח,גרמים,470.00,100 גרם,false,,9.90,0.0211,true,1,30007
628154383659,false,דגני בוקר פרוטי פבלס 311 ג' POST,פוסט לקיוויל,PL,דגני בוקר פרוטי פבלס,גרמים,311.00,100 גרם,false,,20.30,0.0653,true,1,35464
633016004030,false,מיני ברוקולי פרחים א,,,מיני ברוקולי פרחים א,גרמים,680.00,100 גרם,false,,21.30,0.0313,true,1,34386
634065859329,false,אוזניות שחור imx,,,אוזנייה שחורה,יחידה,0.00,יחידה,false,,25.60,0.0000,true,1,43023
693493065634,false,ניוקי 3 צבעים 500 גר,,,ניוקי 3 צבעים 500 גר,גרמים,500.00,100 גרם,false,,8.50,0.0170,true,1,26649
693493065641,false,טחינה הר כנען 500 גר,,,טחינת הר כנען 100% ש,גרמים,500.00,100 גרם,false,,13.60,0.0272,true,1,32126
729010312063,false,ספיד סטיק ג'ל גבר קו,,,ספיד סטיק ג'ל גבר קו,גרמים,85.00,100 גרם,false,,16.20,0.1906,true,1,28672
729817117259,false,כפכפים סופיה,,,כפכפים סופיה,יחידה,0.00,יחידה,false,,17.00,0.0000,true,1,16504
768404001640,false,"גלידה בן&ג'ריס קפה משפחתית 500מ""ל",מוצרי איכות אמריקאיי,IL,גלידה פיינטס קפה 473,מיליליטרים,473.00,"100 מ""ל",false,,17.00,0.0359,true,1,7217
818570007066,false,תמצית וניל טהור וטקי,"ג'יי אר ווטקינס בע""מ",US,וטקינס וניל טהור 2,מיליליטרים,29.00,"100 מ""ל",false,,26.40,0.9103,true,1,7050
833949000264,false,סירופ מייפל אורגני 3,כפרי בריא,CA,סירופ מייפל אמיתי 10,גרמים,330.00,100 גרם,false,,30.70,0.0930,true,1,30247
835811000419,false,כפיות 50 יח` קרם עבה במיוחד,,,כפיות 50 יח' קרם עבה,יחידה,0.00,יחידה,false,,14.50,0.0000,true,1,3759
835811003427,false,"צלחות גדול מקנה סוכר, 1 ק""ג",,,צלחות גדול מקנה סוכר,יחידה,0.00,יחידה,false,,29.90,0.0000,true,1,105085
835811003472,false,כפות אלגנט שחור / שקוף 50 יח' הנמל,,,כפות אלגנט שקוף 50 י,יחידה,0.00,יחידה,false,,8.50,0.0000,true,1,79536
835811003489,false,כפיות אלגנט שחור / שקוף 50 יח' הנמל,,,כפיות אלגנט שקוף 50,יחידה,0.00,יחידה,false,,8.50,0.0000,true,1,79551
835811003588,false,צלחות קלאסי גדול לבן 65 יח' הנמל,,,צלחות קלאסי לבן גדול,יחידה,0.00,יחידה,false,,29.90,0.0000,true,1,34969
835811004523,false,קשים מיוחדים לשייק 75 יח הנמל,,CN,הנמל קשים מיוחדים לש,יח',75.00,יח',false,,8.50,0.1133,true,1,3808
835811005957,false,מגש הכסף תבנית אלומ` 90 + מכסה 8 יח`,יבוא ושיווק: הנמל אר,IL,תבנית מלבנית עם מכסה,יחידה,0.00,יחידה,false,,10.20,0.0000,true,1,3822
835811006060,false,"כוסות אספרסו קטנות 75 מ""ל",הנמל,,כוסות קרטון 50 יח 2.,יחידה,0.00,יחידה,false,,5.90,0.0000,true,1,35432
835811006435,false,מגש הכסף תבנית מלבן עמוק + מכסה 9 יח`,,IL,תבנית מלבנית עמוקה ע,יחידה,0.00,יחידה,false,,10.20,0.0000,true,1,3829
835811006497,false,אבקת סוכר הנמל 500גר,ר.ס. חברה ליבוא ויצו,IL,אבקת סוכר 500 גר,גרמים,500.00,100 גרם,false,,7.60,0.0152,true,1,3830
835811006534,false,"כוסות קרטון לשתיה חמה 475 מ""ל",הנמל,CN,כוסות קרטון 50 יח 16,יחידה,0.00,יחידה,false,,20.50,0.0000,true,1,3831
835811007357,false,לפתניות אובלי 25 יח',הנמל,TR,סלטינות 25 יחידות,יחידה,0.00,יחידה,false,,6.80,0.0000,true,1,3843
835811008958,false,כפיות 50 יח` שקוף עבה במיוחד,הנמל אריזות.,,כפיות 50 יח שקוף עבה,יחידה,0.00,יחידה,false,,14.50,0.0000,true,1,3855
839762002386,false,נקטר איילנד גויאבה 3,"פאראגאלה,דה אג'יפשן",EG,איילנד משקה גויאבה 3,מיליליטרים,350.00,"100 מ""ל",false,,5.10,0.0146,true,1,21992
851621000050,false,בירה חיטה בטעם הדרים 1664 בלאנק - שישייה,קרלסברג ספליי קומפאנ,PL,בירה BLANC שישיה 330,ליטרים,1.98,ליטר,false,,36.00,18.1818,true,1,3345
859547004701,false,מתקן לאחסון ספוג ניק,,,מתקן לאחסון ספוג ניק,גרמים,43.00,100 גרם,false,,15.30,0.3558,true,1,34717
884912365200,false,דגני בוקר אוראו הדור הבא 311 ג',פוסט לקיוויל,US,דגני בוקר עם פירורי,גרמים,311.00,100 גרם,false,,19.60,0.0630,true,1,80726
3046920029759,false,שוקולד מריר אקסלנס 90% קקאו,לינדט ושפרונגלי ג'י.,DE,לינדט אקסלנס 90% 100,גרמים,100.00,100 גרם,false,,12.70,0.1270,true,1,7062
3059943015104,false,מבשם אוויר נטול גז אקווה מיסט בניחוח פריסיה ויסמין,איירוויק Air Wick,PL,איירוויק ספריי נטול,מיליליטרים,345.00,"100 מ""ל",false,,12.70,0.0368,true,1,10523
3059943015128,false,מבשם אוויר נטול גז אקווה מיסט בניחוח לבנדר פראי ואוויר הרים,הדקלאים אגודת שיתופי,PL,איירוויק ספריי נטול,מיליליטרים,345.00,"100 מ""ל",false,,12.70,0.0368,true,1,10524
3059943016507,false,"אירוויק ספריי בניחוח לבנדר וקמומיל 240 מ""ל",איירוויק Air Wick,GB,איירויק ספריי לבנדר,מיליליטרים,240.00,"100 מ""ל",false,,8.50,0.0354,true,1,10525
3059944025003,false,Veet רצועות שעווה לעור רגיל אריזת חיסכון (20 יח'),,,רצועות שעווה לעור רג,יחידה,0.00,יחידה,false,,35.00,0.0000,true,1,10530
3161911229199,false,אלוויר חמאה רכה 250ג',אלל אה וויר,FR,אלוויר חמאה רכה 250ג,גרמים,250.00,100 גרם,false,,18.70,0.0748,true,1,8262
3161911366429,false,חמאה רכה מלוחה אלווי,ארזינא,FR,אלוויר חמאה רכה מלוח,גרמים,250.00,100 גרם,false,,18.70,0.0748,true,1,8263
3178530402353,false,עוגיות ספוג קטנות מיני מדלן,סן מישל St Michel,FR,עוגיות רכות מיני מדל,גרמים,175.00,100 גרם,false,,11.00,0.0629,true,1,33341
3178530407938,false,עוגיות מיני מדלן עם פצפוצי שוקולד,סן מישל St Michel,FR,עוגיות שוקולד צ'יפס,גרמים,175.00,100 גרם,false,,11.00,0.0629,true,1,8268
3245412211393,false,שוקולד חלב מעולה קרפ,,FR,שוקולד חלב מעולה קרפ,גרמים,300.00,100 גרם,false,,6.80,0.0227,true,1,56982
3245412211409,false,שוקולד חלב מעולה עם,,FR,שוקולד חלב מעולה עם,גרמים,300.00,100 גרם,false,,13.60,0.0453,true,1,56821
3270190111108,false,קרפור מוזלי פירות 7,,,קרפור מוזלי פירות 7,גרמים,750.00,100 גרם,false,,13.60,0.0181,true,1,87604
3270190151654,false,שוקולד מריר מעולה עם,,FR,שוקולד מריר מעולה עם,גרמים,100.00,100 גרם,false,,5.10,0.0510,true,1,56834
3270190174936,false,שוקולד חלב עם תכולת,,FR,שוקולד חלב עם תכולת,גרמים,100.00,100 גרם,false,,5.10,0.0510,true,1,56849
3278480396310,false,קוניאק גודה VSכשל'פ,"יורוסטדנרט בע""מ",FR,קוניאק גודה VSכשל'פ,מיליליטרים,700.00,"100 מ""ל",false,,111.10,0.1587,true,1,5576
3387390525960,false,קראנץ' Crunch דגנים פריכים עם שוקולד,הנסיך- מפעל לייצור ט,FR,דגני קראנץ' נסטלה 50,גרמים,500.00,100 גרם,false,,19.60,0.0392,true,1,9111
3523230025652,false,גבינהת עזים מיני בוש,,,גבינהת עזים מיני בוש,גרמים,125.00,100 גרם,false,,23.00,0.1840,true,1,46166
3523230038959,false,גבינת עיזים מיני בוש,אוריאל,FR,גבינת עיזים מיני בוש,גרמים,125.00,100 גרם,false,,23.00,0.1840,true,1,51621
3525490011109,false,יין לה זאמל מלבק 750,badet clement,FR,"לה ז'אמל מלבק 750 מ""",מיליליטרים,750.00,"100 מ""ל",false,,51.30,0.0684,true,1,36372
3560070230778,false,קרפור-תה אנגלי שחור,,,קרפור-תה אנגלי שחור,גרמים,50.00,100 גרם,false,,5.90,0.1180,true,1,103818
3560070232963,false,קרפור-חליטת פירות יע,,,קרפור-חליטת פירות יע,גרמים,40.00,100 גרם,false,,5.90,0.1475,true,1,103752
3560070582884,false,קרפור סטייליס עם שוק,,,קרפור סטייליס עם שוק,גרמים,300.00,100 גרם,false,,7.70,0.0257,true,1,87577
3560070659517,false,קרפור-תה ארל גריי 20,,,קרפור-תה ארל גריי 20,גרמים,36.00,100 גרם,false,,8.50,0.2361,true,1,103650
3560070669981,false,שוקולד מריר מעולה 80,,FR,שוקולד מריר מעולה 80,גרמים,80.00,100 גרם,false,,4.20,0.0525,true,1,56809
3560070701407,false,שוקולד מריר מעולה עם,,FR,שוקולד מריר מעולה עם,גרמים,100.00,100 גרם,false,,5.10,0.0510,true,1,56835
3560070720859,false,שוקולד מריר מעולה 72,,FR,שוקולד מריר מעולה 72,גרמים,80.00,100 גרם,false,,4.20,0.0525,true,1,56836
3560070820221,false,קרפור-חטיף דגנים אגו,,,קרפור-חטיף דגנים אגו,גרמים,125.00,100 גרם,false,,5.10,0.0408,true,1,103896
3560070852086,false,קרפור-תה ירוק בטעם נ,,,קרפור-תה ירוק בטעם נ,גרמים,40.00,100 גרם,false,,5.90,0.1475,true,1,103778
3560070852116,false,קרפור-תה ירוק נענע 5,,,קרפור-תה ירוק נענע 5,גרמים,80.00,100 גרם,false,,7.70,0.0963,true,1,103765
3560070888108,false,קרפור-תה שחור בטעם ל,,,קרפור-תה שחור בטעם ל,גרמים,40.00,100 גרם,false,,5.90,0.1475,true,1,103804
3560070888115,false,קרפור-חליטת טיליה 25,,,קרפור-חליטת טיליה 25,גרמים,42.50,100 גרם,false,,5.90,0.1388,true,1,103714
3560070888122,false,קרפור-חליטת קמומיל 2,,,קרפור-חליטת קמומיל 2,גרמים,30.00,100 גרם,false,,5.90,0.1967,true,1,103688
3560070888139,false,קרפור-תה שחור בטעם פ,,,קרפור-תה שחור בטעם פ,גרמים,42.50,100 גרם,false,,5.90,0.1388,true,1,103791
3560070888153,false,קרפור-תה ירוק בטעם ל,,,קרפור-תה ירוק בטעם ל,גרמים,40.00,100 גרם,false,,5.90,0.1475,true,1,103805
3560070928194,false,קרפור-חליטת לואיזה 2,,,קרפור-חליטת לואיזה 2,גרמים,32.50,100 גרם,false,,5.90,0.1815,true,1,103701
3560070928347,false,קרפור-חליטת רויבוש ו,,,קרפור-חליטת רויבוש ו,גרמים,40.00,100 גרם,false,,5.90,0.1475,true,1,103739
3560071013127,false,קרפור סטייליס עם שוק,,,קרפור סטייליס עם שוק,גרמים,300.00,100 גרם,false,,7.70,0.0257,true,1,87590
3560071013196,false,קרפור סטייליס בטעם ט,,,קרפור סטייליס בטעם ט,גרמים,500.00,100 גרם,false,,8.50,0.0170,true,1,87591
3560071016074,false,קרפור קורונפלקס 500,,,קרפור קורונפלקס 500,גרמים,500.00,100 גרם,false,,5.90,0.0118,true,1,87622
3560071018566,false,קרפור-חטיף דגנים בוט,,,קרפור-חטיף דגנים בוט,גרמים,125.00,100 גרם,false,,5.10,0.0408,true,1,103897
3560071095598,false,קרפור-חטיף דגנים חמו,,,קרפור-חטיף דגנים חמו,גרמים,125.00,100 גרם,false,,5.10,0.0408,true,1,103898
3560071095659,false,קרפור-חטיף דגנים קוק,,,קרפור-חטיף דגנים קוק,גרמים,125.00,100 גרם,false,,5.10,0.0408,true,1,103911
3560071188689,false,בירה Walberg 6*250 מ,,,בירה Walberg 6*250 מ,ליטרים,1.50,ליטר,false,,15.60,10.4000,true,1,103572
3560071341947,false,שמן זית כתית מעולה ב,,FR,שמן זית כתית מעולה ב,מיליליטרים,750.00,"100 מ""ל",false,,9.90,0.0132,true,1,86816
3560071431914,false,קפסולות קפה קרפור עו,,FR,קפסולות קפה קרפור עו,גרמים,52.00,100 גרם,false,,5.90,0.1135,true,1,88412
3560071431945,false,קפסולות קפה קרפור עו,,FR,קפסולות קפה קרפור עו,גרמים,52.00,100 גרם,false,,5.90,0.1135,true,1,88438
3560071432034,false,קפסולות קפה נטול קרפ,,FR,קפסולות קפה נטול קרפ,גרמים,52.00,100 גרם,false,,5.90,0.1135,true,1,88440
3560071432065,false,קפסולות קפה קרפור עו,,FR,קפסולות קפה קרפור עו,גרמים,52.00,100 גרם,false,,5.90,0.1135,true,1,88441
3560071432096,false,קפסולות קפה קרפור עו,,FR,קפסולות קפה קרפור עו,גרמים,52.00,100 גרם,false,,5.90,0.1135,true,1,88442
3560071432157,false,קפסולות קפה וניל קרפ,,FR,קפסולות קפה וניל קרפ,גרמים,52.00,100 גרם,false,,5.90,0.1135,true,1,88443
3560071432188,false,קפסולות קפה קרמל קרפ,,FR,קפסולות קפה קרמל קרפ,גרמים,52.00,100 גרם,false,,5.90,0.1135,true,1,88444
3560071432218,false,קפסולות קפה אגוז קרפ,,FR,קפסולות קפה אגוז קרפ,גרמים,52.00,100 גרם,false,,5.90,0.1135,true,1,88445
3560071432249,false,קפסולות קפה ברזיל קר,,FR,קפסולות קפה ברזיל קר,גרמים,52.00,100 גרם,false,,5.90,0.1135,true,1,88446
3560071432270,false,קפסולות קפה קולומביה,,FR,קפסולות קפה קולומביה,גרמים,52.00,100 גרם,false,,5.90,0.1135,true,1,88447
3560071432300,false,קפסולות קפה אתיופיה,,FR,קפסולות קפה אתיופיה,גרמים,52.00,100 גרם,false,,5.90,0.1135,true,1,88448
3560071432331,false,קפסולות קפה לאוס קרפ,,FR,קפסולות קפה לאוס קרפ,גרמים,52.00,100 גרם,false,,5.90,0.1135,true,1,88449
3560071432362,false,קפסולות קפה קניה קרפ,,FR,קפסולות קפה קניה קרפ,גרמים,52.00,100 גרם,false,,5.90,0.1135,true,1,88450
3560071432393,false,קפסולות קפה קוסטה רי,,FR,קפסולות קפה קוסטה רי,גרמים,52.00,100 גרם,false,,5.90,0.1135,true,1,88451
3560071432515,false,קפסולות קפה קרפור עו,,FR,קפסולות קפה קרפור עו,גרמים,52.00,100 גרם,false,,5.90,0.1135,true,1,88452
3560071432690,false,קפסולות קפה קרפור עו,,FR,קפסולות קפה קרפור עו,גרמים,52.00,100 גרם,false,,5.90,0.1135,true,1,88453
3560071442545,false,בירה SAER BRAU 6*250,,,בירה SAER BRAU 6*250,ליטרים,1.50,ליטר,false,,13.00,8.6667,true,1,103598
3574660115154,false,או-בה טמפונים קלאסי סופר 32יח',ג'ונסון אנד ג'ונסון,IT,אובה קלאסי סופר אובה,יחידה,0.00,יחידה,false,,18.70,0.0000,true,1,10764
3574661114637,false,"מי פה ליסטרין זירו מנטה עדין 500 מ""ל",ג'ונסון אנד ג'ונסון,IT,מי פה זירו ליסטרין 5,מיליליטרים,500.00,"100 מ""ל",false,,19.60,0.0392,true,1,15364
3574661203577,false,"ליסטרין שטיפת פה 500 ADVANCED WHITEמ""ל",,,ליסטרין אדוונס 500 מ,מיליליטרים,500.00,"100 מ""ל",false,,11.90,0.0238,true,1,28674
3574661363998,false,"מי פה ליסטרין תה ירוק 500 מ""ל",,,מי פה תה ירוק ליסטרי,מיליליטרים,500.00,"100 מ""ל",false,,17.00,0.0340,true,1,15373
3574661491806,false,מי פה אדבנס וויט מנטה מסירה כתמים קשים,ליסטרין Listerine,,מי פה אדוונס וויאט מ,מיליליטרים,500.00,"100 מ""ל",false,,17.00,0.0340,true,1,15376
3574661552576,false,קרפרי מגן תחתון רגיל טנגה לבן 56 יח חדש,הדקלאים אגודת שיתופי,IT,קרפרי רגיל טנגה לבן,יחידה,0.00,יחידה,false,,11.90,0.0000,true,1,10799
3574661643359,false,ליסטרין נטורל שטיפת פה בטעם מעודן,ליסטרין Listerine,,שטיפת פה בטעם מעודן,מיליליטרים,500.00,"100 מ""ל",false,,17.00,0.0340,true,1,34921
3600521720219,false,קרם פנים לילה עם פעולה משולשת לכל סוגי העור,לוריאל Loreal,DE,קרם לחות דרמו ללילה,מיליליטרים,50.00,"100 מ""ל",false,,39.20,0.7840,true,1,29527
3600523651870,false,שמפו לחיזוק סיב השערה לכל סוגי השיער,לוריאל - אלביב Elvive,TR,שמפו ארגנין אלביב 55,מיליליטרים,550.00,"100 מ""ל",false,,12.70,0.0231,true,1,29536
3600523755660,false,לוריאל - אקסלנס קרם 2 חום שחור,,,אקסלנס צבע שיער קרם,יחידה,0.00,יחידה,false,,29.80,0.0000,true,1,29542
3600524051334,false,מרכך אלביב היאלורוני,,,אלביב מרכך היאלורוני,מיליליטרים,400.00,"100 מ""ל",false,,11.90,0.0298,true,1,64490
3600540308917,false,גרנייה - קולור נטורלס 6.34 חום שוקולד,,,גרנייה קולור 6.34 נט,יחידה,0.00,יחידה,false,,17.00,0.0000,true,1,29553
3600541253667,false,דאודורנט ספריי Invisible 48h,"לוריאל ישראל בע""מ",,דאודורנט ספריי אינבי,מיליליטרים,150.00,"100 מ""ל",false,,8.50,0.0567,true,1,29558
3600541382930,false,גרנייה - מים מיסלרים לכל סוגי העור,קוסמופול,PL,גרניה תמיסה מיסלר מס,מיליליטרים,400.00,"100 מ""ל",false,,25.60,0.0640,true,1,29559
3600542375801,false,גרנייה - פיור אקטיב 3ב1 פחם,,,גרנייה פיור אקטיב 3,מיליליטרים,150.00,"100 מ""ל",false,,25.60,0.1707,true,1,29566
3608580730231,false,קונפיטורה בון ממאן תות שדה 370 גר',אף.סי תבליני בגליל ב,FR,קונפיטורה תות 370 גר,גרמים,370.00,100 גרם,false,,17.00,0.0459,true,1,10348
3616180424856,false,קרפור הום -30 מפיות,,,קרפור הום -30 מפיות,יחידה,0.00,יחידה,false,,5.10,0.0000,true,1,110128
3616180424931,false,קרפור הום -30 מפיות,,,קרפור הום -30 מפיות,יחידה,0.00,יחידה,false,,5.10,0.0000,true,1,110131
3616180425174,false,קרפור הום -30 מפיות,,,קרפור הום -30 מפיות,יחידה,0.00,יחידה,false,,5.10,0.0000,true,1,110138
3616180425198,false,קרפור הום -30 מפיות,,,קרפור הום -30 מפיות,יחידה,0.00,יחידה,false,,5.10,0.0000,true,1,110140
3838824127262,false,פלטה סמי קיט בלונד כהה 6-0 צבע שיער,שוורצקוף Schwarzkopf,DE,סמי קיט בלונד כהה 6-,יחידה,0.00,יחידה,false,,12.80,0.0000,true,1,3977
3838824193915,false,צבע לשיער פאלטה סמי קיט שחור 0-1,שוורצקוף Schwarzkopf,DE,סמי קיט שחור 1-0פאלט,יחידה,0.00,יחידה,false,,12.80,0.0000,true,1,3985
4000417025005,false,שוקולד ריטר ספורט מרציפן 100 גרם חלב נוכרי,ריטר ספורט Ritter sport,DE,שוקולד ריטר ספורט מר,גרמים,100.00,100 גרם,false,,6.80,0.0680,true,1,6320
4000417026002,false,שוקולד ריטר ספורט פרלין 100 גרם חלב נוכרי,ריטר ספורט Ritter sport,DE,שוקולד חלב ממולא קרם,גרמים,100.00,100 גרם,false,,6.80,0.0680,true,1,34398
4000417222008,false,שוקולד ריטר ספורט חלב+שברי אגוזים 100 גרם חלב נוכרי,ריטר ספורט Ritter sport,DE,ריטר שוקולד ספורט חל,גרמים,100.00,100 גרם,false,,6.80,0.0680,true,1,6321
4000417224002,false,"ריטר ספורט טבלת שוקולד מריר אגוזים, 100 גרם",ריטר ספורט Ritter sport,DE,שוקולד ריטר ספורט מר,גרמים,100.00,100 גרם,false,,8.10,0.0810,true,1,6322
4000417294005,false,שוקולד ריטר מוס קקאו 100 גרם חלב נוכרי,ריטר ספורט Ritter sport,DE,שוקולד חלב קרם קקאו,גרמים,100.00,100 גרם,false,,6.80,0.0680,true,1,34399
4000539280726,false,שוקולד לינדט אקסלנס,לינדט ושפרונגלי,DE,לינדט אקסלנס 70% 100,גרמים,100.00,100 גרם,false,,12.70,0.1270,true,1,70449
4001432773230,false,יין בלו נאן בלו וויי,יקב רמת הגולן,DE,יין בלו נאן בלו וויי,מיליליטרים,750.00,"100 מ""ל",false,,43.50,0.0580,true,1,22660
4002720005736,false,מליטה פרימיום קפה פי,המאפיה של הרמן,DE,מליטה פרימיום קפה פי,גרמים,250.00,100 גרם,false,,13.60,0.0544,true,1,2662
4005808368280,false,לבלו דובדבן בליסטר שפתון,טרופיקל דגיל תעשיות,DE,שפתון דובדבן לבלו 4.,גרמים,4.80,100 גרם,false,,8.50,1.7708,true,1,28008
4005808850723,false,שפתון לבלו תות בליסט,טרופיקל דגיל תעשיות,DE,לבלו פירות בטעם תות,יחידה,0.00,יחידה,false,,8.50,0.0000,true,1,28030
4005808890507,false,ניוואה סופט קרם לחות 200מל,ניוואה Nivea,IT,קרם ניוואה סופט 200,מיליליטרים,200.00,"100 מ""ל",false,,23.00,0.1150,true,1,28031
4005900036476,false,"ניוואה - דאודורנט רול און לאישה בלק אנד וויט קליר 50 מ""ל",טרופיקל דגיל תעשיות,DE,דאו' רולאון ניוואה 5,מיליליטרים,50.00,"100 מ""ל",false,,12.70,0.2540,true,1,28033
4005900036483,false,"ניוואה - דאודורנט ספריי לגבר שקוף בלק וווי 150 מ""ל",בטר אנד דיפרנט,DE,ניוואה דאודורנט ספרי,מיליליטרים,150.00,"100 מ""ל",false,,12.70,0.0847,true,1,28034
4005900816016,false,"ניוואה - דאודורנט ספריי לאישה פרש טבעי לאישה 150 מ""ל",טרופיקל דגיל תעשיות,DE,NIVEA דאודורנט ספריי,מיליליטרים,150.00,"100 מ""ל",false,,11.90,0.0793,true,1,32721
4005900828088,false,"ניוואה - דאודורנט רול און לגבר פרש 50 מ""ל",טרופיקל דגיל תעשיות,DE,דאו' רול און לגבר פר,מיליליטרים,50.00,"100 מ""ל",false,,12.70,0.2540,true,1,28056
4007745058804,false,מיונז אורגני נטורפוד,אף.סי תבליני בגליל ב,DE,מיונז אורגני 340 גרם,גרמים,340.00,100 גרם,false,,21.30,0.0626,true,1,30248
4009300522935,false,תה פומפדור תה ירוק לימונית ולואיזה 20 יח',"איטיליאן פוד, אס.פי.",DE,פומפדור תה ירוק לימו,גרמים,30.00,100 גרם,false,,14.50,0.4833,true,1,10820
4009300525684,false,חליטת צמחים ג'ינג'ר לימונית,פומפדור Pompadour,DE,פומפדור חליטת לימוןג,גרמים,35.00,100 גרם,false,,13.60,0.3886,true,1,10824
4009300527909,false,חליטת צמחים ג'ינג'ר כורכום ללא קפאין,פומפדור Pompadour,,פומפדור ג'ינג'יר כור,גרמים,40.00,100 גרם,false,,11.00,0.2750,true,1,10826
4009900403023,false,מסטיק אורביט בקבוקון דאבל white קלאסי 64ג',"ב.א מזון בע""מ",PL,אורביט וויט מנטה בקב,גרמים,64.00,100 גרם,false,,9.00,0.1406,true,1,10449
4009900479998,false,מסטיק אורביט בטעם אוכמניות ללא סוכר,ריגלי פולין,PL,אורביט מסטיק בקבוקון,גרמים,64.00,100 גרם,false,,9.00,0.1406,true,1,10456
4009900525138,false,"וויט גומי לעיסה בטעם תות ללא סוכר, 64 ג' אורפיט",ריגלי,PL,אורביט וויט תות - בק,גרמים,64.00,100 גרם,false,,9.00,0.1406,true,1,10475
4009900531122,false,"מסטיק בטעם מנטה ספירמינט, 64 ג' פרופשיונל אורפיט",מרס נדרלנד,PL,אורביט פרופשייונל ספ,גרמים,64.00,100 גרם,false,,9.00,0.1406,true,1,10476
4009900536257,false,מסטיק אורביט רפרשרס ספירמינט בקבוקון ללא סוכר 67 גר',מרס ריגלי קונפקשונרי,PL,מסטיק אורביט רפרשרס,גרמים,67.00,100 גרם,false,,10.10,0.1507,true,1,10482
4009900536288,false,מסטיק אורביט רפרשרס פפרמינט בקבוקון ללא סוכר 67 גר',מרס ריגלי קונפקשונרי,PL,מסטיק אורביט רפרשרס,גרמים,67.00,100 גרם,false,,10.10,0.1507,true,1,10483
4009900540551,false,מסטיק אורביט רפרשרס טרופיקל בקבוקון ללא סוכר,מרס פולין,PL,אורביט רפרשרס טרופיק,גרמים,67.00,100 גרם,false,,10.10,0.1507,true,1,34507
4011100002227,false,באונטי חטיפי מיני שקית 403ג',מרס הולנד בי.וי.,NL,חטיף באונטי מיני 403,גרמים,403.00,100 גרם,false,,17.00,0.0422,true,1,10486
4011800630515,false,חטיף דגנים עם שוקולד חלב ובננה,מיוצר עי קונדיטוריית,DE,חטיף דגנים עם שוקולד,גרמים,150.00,100 גרם,false,,9.30,0.0620,true,1,7078
4014400901191,false,בונבונירה מרסי קלאסי 250 גרם חלב נוכרי,אוגוסט שטורק,DE,בונבונירה מרסי 250 ג,גרמים,250.00,100 גרם,false,,21.30,0.0852,true,1,6329
4014400904376,false,סוכריות טופי שוקולדן שטורק 325 ג',קריניציה ויטמינה אס,DE,סוכ.שטורק שוקולדן 32,גרמים,325.00,100 גרם,false,,12.70,0.0391,true,1,6334
4014400914924,false,סוכריות וורטר אורגינל ללא סוכר קפה 80 ג',קריניציה ויטמינה אס,DE,80 סוכריות קפה וורטר,גרמים,80.00,100 גרם,false,,7.60,0.0950,true,1,6341
4014400920857,false,סוכריות וורטר Werther's בטעם שוקולד ללא סוכר,קריניציה ויטמינה אס,DE,וורטרס ללא סוכר טעם,גרמים,70.00,100 גרם,false,,7.60,0.1086,true,1,6342
4014400923711,false,טופיפי 125 גר' - חלב נוכרי,אוגוסט שטורק,DE,טופיפי בונבונירה שוק,גרמים,125.00,100 גרם,false,,10.20,0.0816,true,1,6343
4014400929010,false,חטיף וופל מיני קנופרס 200 גרם,קנופרס,,וופל מיני קנופרס 200,גרמים,200.00,100 גרם,false,,17.10,0.0855,true,1,35508
4014600202593,false,רגולדס -סוכריות בפח בטעםי פירות 150 ג',RAGOLDS GMBH,,סוכריות בפח בטעמי פי,גרמים,150.00,100 גרם,false,,8.50,0.0567,true,1,68293
4014600202609,false,רגולדס -סוכריות בפח עם ליים ואוכמניות 150 ג',RAGOLDS GMBH,,סוכריות בפח עם ליים,גרמים,150.00,100 גרם,false,,8.50,0.0567,true,1,68294
4014600202623,false,רגולדס -סוכריות בפח בטעם דובדבן 150 ג',RAGOLDS GMBH,,סוכריות בפח בטעם דוב,גרמים,150.00,100 גרם,false,,8.50,0.0567,true,1,68295
4015000280372,false,"פה - דאודורנט רול און לגבר ספורט 50 מ""ל",הנקל סוד,DE,פה דאודורנט רול און,מיליליטרים,50.00,"100 מ""ל",false,,8.50,0.1700,true,1,3995
4015400564454,false,מגני תחתון אולוויז לארג' עם ניחוח מגה פק,פרוקטר אנד גמבל,DE,מגן תחתון לארג מגה פ,יחידה,0.00,יחידה,false,,16.20,0.0000,true,1,13949
4015400690313,false,טמפונים טמפקס קומפקט פרל רגולציה,טמפקס Tampax,,טמפון פרל רגולר טמפק,יחידה,0.00,יחידה,false,,17.00,0.0000,true,1,13957
4015400731719,false,תחבושות היגייניות אולוויז יום ולילה Day & Night,פרוקטר אנד גמבל,UA,תחבושות וליו פק לילה,יחידה,0.00,יחידה,false,,14.40,0.0000,true,1,13962
4015400759263,false,אולוויז ירוק נורמאל בלאס אלתרא ירוק 28 יחידה,,,תחבושות כפול נורמל א,יח',28.00,יח',false,,14.50,0.5179,true,1,28682
4015400759294,false,תחבושות כפול לונג או,,,תחבושות כפול לונג או,יחידה,0.00,יחידה,false,,14.50,0.0000,true,1,28683
4015400990482,false,אבקת כביסה אריאל קולור,אריאל Ariel,,אבקת כביסה אריאל קול,קילוגרמים,3.00,"ק""ג",false,,29.80,9.9333,true,1,13969
4015600762742,false,שמפו יומיומי למניעת קשקשים הנוסחה הקלאסית,פרוקטר אנד גמבל,RO,שמפו קלאסי הד&שולדרס,מיליליטרים,500.00,"100 מ""ל",false,,15.30,0.0306,true,1,13971
4015600971946,false,שמפו פנטן קלאסי 500,,,שמפו פנטן קלאסי 500,מיליליטרים,500.00,"100 מ""ל",false,,11.90,0.0238,true,1,28685
4017100364112,false,עוגיות היט Hit במילוי קרם בטעם שוקולד,הדקלאים אגודת שיתופי,PL,היט עוגיות סנדביץ בט,גרמים,220.00,100 גרם,false,,6.60,0.0300,true,1,6353
4025700001962,false,שוקולד מילקה לבן 100 גר',פי אר ג'יי אס סי מונ,UA,מילקה שוקולד לבן 100,גרמים,100.00,100 גרם,false,,5.90,0.0590,true,1,2456
4033100013348,false,סיגריות אל די כחול א,Unknown,,אל.די בלו ארוך,יחידה,0.00,יחידה,false,,27.00,0.0000,false,1,2118
4033100024146,false,סיגריות וינסטון קוד,Unknown,,וינסטון קופסא בודדת,יחידה,0.00,יחידה,false,,32.00,0.0000,false,1,2125
4052197000925,false,בירה בנדיקטינר דונקל,בנדיקטינר וויצבראו,DE,בירה בנדקטינר כהה דו,מיליליטרים,500.00,"100 מ""ל",false,,8.50,0.0170,true,1,29
4066600999614,false,בירה מעוננת פאולנר 5,מבשלת פאולנר,DE,בירה פאולנר בקבוק 50,מיליליטרים,500.00,"100 מ""ל",false,,9.40,0.0188,true,1,4588
4079400330129,false,בירה וולטארס פלזנר פ,,,בירה וולטרס פחית 4.9,מיליליטרים,500.00,"100 מ""ל",false,,5.10,0.0102,true,1,26655
4084500149526,false,טייד נוזל כביסה 2.48 ליטר,פרוקטר אנד גמבל,FR,טייד גל 2.48 ליטר,ליטרים,2.48,ליטר,false,,25.60,10.3226,true,1,13989
4084500853836,false,סבון כלים ורדים וסאטן,פרוקטר אנד גמבל,GB,פיירי נוזל כלים ורדי,מיליליטרים,515.00,"100 מ""ל",false,,7.60,0.0148,true,1,13995
4100130937163,false,מארז בירה בקס שישייה,"איי, בי, אינבוו",DE,"בירה בקס 6* 275 מ""ל",ליטרים,1.65,ליטר,false,,21.50,13.0303,true,1,3700
4210201262183,false,מברשת שיניים חשמלית ויטליטי Vitality נטענת,פרוקטר & גמבל,DE,אורל בי מברשת חשמלית,יחידה,0.00,יחידה,false,,86.20,0.0000,true,1,14006
4210201822233,false,אורל בי פרו אקספרט מ.שיניים חשמלית,,,מברשת שיניים אורל B,יחידה,0.00,יחידה,false,,34.20,0.0000,true,1,28687
4260147890513,false,אטריות ביצים דקות ורמיצ'לי 500ג',דין שיווק,PL,אטריות ביצים דקות במ,גרמים,500.00,100 גרם,false,,8.50,0.0170,true,1,31412
4600659010854,false,וודקה סטולי בקבוק 70,איי. אס. לטבייאס בלז,LV,וודקה סטוליצ'ניה 700,מיליליטרים,700.00,"100 מ""ל",false,,52.10,0.0744,true,1,3701
4603928000976,false,"וודקה בלוגה נובל 700 מ""ל+כוס",מרינסקי ליקרו-וודאצ',RU,בלוגה וודקה 700מל,מיליליטרים,700.00,"100 מ""ל",false,,103.40,0.1477,true,1,18159
4710068002798,false,"מאסטר קפה ונילה פחית 240מ""ל",מאיטה פוד אינדוסטריא,,מאסטר קפה וונילה פחי,מיליליטרים,240.00,"100 מ""ל",false,,5.00,0.0208,true,1,21995
4710068003313,false,"מאסטר קפה אמריקאנו פחית 240מ""ל",מאיטה פוד אינדוסטריא,TW,מאסטר קפה אמריקנו בל,מיליליטרים,240.00,"100 מ""ל",false,,5.10,0.0212,true,1,21996
4796019790020,false,שמן קוקוס גרין קוקו,גרין קוקו,LK,גרין קוקו - שמן קוקו,מיליליטרים,500.00,"100 מ""ל",false,,22.10,0.0442,true,1,30261
4800888190529,false,דאב דאו סטיק טאלק סו,,,דאו' סטיק טאלק סופט,גרמים,50.00,100 גרם,false,,12.70,0.2540,true,1,5102
4800888209405,false,רקסונה - דאודורנט סטיק לגבר קובלט דריי 50 גרם,רקסונה Rexona,,דאו סטיק דריי לגבר,גרמים,50.00,100 גרם,false,,15.30,0.3060,true,1,5105
4800888219534,false,דאב - דאודורנט סטיק לאישה אנטי פרספירמט 50 גרם,יוניליוור פיליפינים,IL,דאורדורנט סטיק אוריג,גרמים,50.00,100 גרם,false,,12.70,0.2540,true,1,5108
4820080720584,false,וודקה חלבני דר קלאסיק,NATIONAL ALCOHOL COM,,וודקה חלבני דאר קלסי,מיליליטרים,700.00,"100 מ""ל",false,,52.10,0.0744,true,1,5584
4891228430092,false,שיק אקסטרים 3 קומפורט +לנשים 4 יחידות,אנרג'יזר Energizer,CN,שיק אקסטרים3 ס.גילוח,יחידה,0.00,יחידה,false,,14.40,0.0000,true,1,10844
4903001904192,false,"רוטב סויה יאמסה פרימיום 500 מ""ל",הדקלאים אגודת שיתופי,JP,רוטב סויה יאמאסה פרמ,מיליליטרים,500.00,"100 מ""ל",false,,15.30,0.0306,true,1,6354
5000146980322,false,קרם להסרת שיער לעור רגיל מועשר בחלב לוטוס ויסמין,רקיט בנקיזר,FR,קרם להסרת שיער ניחוח,מיליליטרים,100.00,"100 מ""ל",false,,26.40,0.2640,true,1,10549
5000159442572,false,מיני חטיפי טוויקס שק,מרס,,טוויקס מיני 403 גרם,גרמים,403.00,100 גרם,false,,17.00,0.0422,true,1,10497
5000189974579,false,מארז מיני חטיפי קיט קט Kit Kat,נסטלה Nestle,,קיט קט מיני 200 גרם,גרמים,200.00,100 גרם,false,,8.50,0.0425,true,1,61803
5000204114867,false,גלייד ארוסול בניחוח וניל 300 מל,coster aerosol vail,,גלייד ארוסול בניחוח,מיליליטרים,300.00,"100 מ""ל",false,,6.80,0.0227,true,1,2672
5000204114959,false,"גלייד ארוסול בניחוח פריחה בלבן 300 מ""ל","אס.סי ג'ונסון,מידרכט",NL,גלייד ארוסול בניחוח,מיליליטרים,300.00,"100 מ""ל",false,,6.80,0.0227,true,1,2675
5000204153903,false,"גלייד מילוי אוטומטי מרכך כביסה 269 מ""ל",קוסטר אירוסול ואלף ס,TR,גלייד מילוי אוטומטי,מיליליטרים,269.00,"100 מ""ל",false,,10.10,0.0375,true,1,2688
5000267014234,false,וויסקי ג'וני ווקר רד לייבל Red label,ג'וני ווקר Johnnie walker,,גוני ווקר רד לייבל 7,מיליליטרים,700.00,"100 מ""ל",false,,69.20,0.0989,true,1,28257
5000267024233,false,"וויסקי ג'וני בלאק לייבל עם פורר 700מ""ל",ג'וני ווקר Johnnie walker,,ג'וני ווקר בלאק לייב,מיליליטרים,700.00,"100 מ""ל",false,,103.40,0.1477,true,1,28258
5000396037531,false,מקוויטיס ביסקוויט מצופה שוקולד חלב 200 ג',ברנדס סרטרה נשיונל,,מקוויטיס מצופה שוקול,גרמים,200.00,100 גרם,false,,9.30,0.0465,true,1,12662
5010123703547,false,ליסטרין שטי.פה פרש בורסט,,,מי פה פרש בוסט ליסטר,מיליליטרים,500.00,"100 מ""ל",false,,11.90,0.0238,true,1,28688
5010327000046,false,וויסקי גרנט'ס סקוטי,"איי, בי, אינבוו",,וויסקי גרנטס,מיליליטרים,750.00,"100 מ""ל",false,,60.60,0.0808,true,1,3705
5010677552387,false,"בקרדי בריזר אננס 275 מ""ל בקבוק",בקרדי בריזר Bacardi Breezer,BE,בקרדי בריזר אננס.,מיליליטרים,275.00,"100 מ""ל",false,,11.90,0.0433,true,1,4592
5010677850100,false,וודקה גריי גוס בקבוק,בקרדי מרטיני,FR,"גריי גוס 700 מ""ל",מיליליטרים,700.00,"100 מ""ל",false,,94.80,0.1354,true,1,6834
5011417552247,false,"אירוויק מבשם אוויר נטל גז בניחוח פשתן ופרחי לילך 345מ""ל",איירוויק Air Wick,PL,איירוויק ספריי נטול,מיליליטרים,345.00,"100 מ""ל",false,,12.70,0.0368,true,1,10553
5013931015741,false,דיש מטיק - ידית הפלא לשטיפת כלים,דישמטיק Dish matic,,ידית הפלא לשטיפת כלי,גרמים,44.00,100 גרם,false,,17.00,0.3864,true,1,2713
5014271300429,false,סן דלפו מעדן משמש ללא סוכר 284גר,סנדלפור St.dalfour,FR,סאן דלפור מעדן משמש,גרמים,284.00,100 גרם,false,,17.90,0.0630,true,1,8284
5014271310428,false,סן דלפו מעדן דבדבן שחור ללא סוכ 284 ג',המאפיה של הרמן,FR,סאן דלפור מעדן דובדב,גרמים,284.00,100 גרם,false,,17.90,0.0630,true,1,8285
5014271330426,false,מעדן פרי אוכמניות כחולות,סנדלפור St.dalfour,FR,סאן דלפור מעדן אוכמנ,גרמים,284.00,100 גרם,false,,17.90,0.0630,true,1,8286
5014271350424,false,מעדן סנט דלפור 4 פירות 284ג',המאפיה של הרמן,FR,סאן דלפור מעדן ארבע,גרמים,284.00,100 גרם,false,,17.90,0.0630,true,1,8287
5014271360423,false,סן דלפו מעדן תפוז ללא סוכר 284 ג',המאפיה של הרמן,FR,סאן דלפור מעדן תפוז,גרמים,284.00,100 גרם,false,,17.90,0.0630,true,1,8288
5014271370422,false,סן דלפו מעדן אפרסק ללא סוכר 284גר,סנדלפור St.dalfour,FR,סאן דלפור מעדן אפרסק,גרמים,284.00,100 גרם,false,,17.90,0.0630,true,1,8289
5014271400426,false,סן דלפו מעדן תות שדה ללא סוכר 284 ג',המאפיה של הרמן,FR,סאן דלפור מעדן תות ש,גרמים,284.00,100 גרם,false,,17.90,0.0630,true,1,8292
5014271560427,false,סן דלפו מעדן תפוז וג'ינג'ר 284 ג',סנדלפור St.dalfour,FR,סאן דלפור מעדן תפוז,גרמים,284.00,100 גרם,false,,17.90,0.0630,true,1,8293
5014271795980,false,"סן דלפו מעדן קרנברי אוכמניות לל""ס 284ג'",סנדלפור St.dalfour,FR,סאן דלפור מעדן חמוצי,גרמים,284.00,100 גרם,false,,17.90,0.0630,true,1,8295
5024546366609,false,"ויסקי לאודרס 700 מ""ל",מקדוף אינטרנשנל דיסט,,וויסקי לאודרס 700מל,מיליליטרים,700.00,"100 מ""ל",false,,86.30,0.1233,true,1,44
5029053002408,false,נייר טואלט קלינקס פרימיום לבן - מארז 9 גלילים,קימברלי קלארק ישראל,IL,נייר טואלט קליניקס ל,מטרים,275.00,מטר,false,,25.60,0.0931,true,1,4295
5029053002439,false,נייר טואלט קלינקס פרימיום צהוב - מארז 9 גלילים,חוגלה קימברלי,,נייר טואלט קליניקס צ,מטרים,243.00,מטר,false,,25.60,0.1053,true,1,4296
5029053039725,false,קופסת ממחטות נטורל פרש 72 דף קלינקס,עלבד,,טישו נטורל פרש קופסא,יחידה,0.00,יחידה,false,,8.50,0.0000,true,1,4299
5035766044673,false,"סיידר תפוחים סטרונגבאו בקבוק 330 מ""ל",סטרונגבאו Strongbow,BE,סטרונגבאו סיידר תפוח,מיליליטרים,330.00,"100 מ""ל",false,,6.80,0.0206,true,1,4594
5053827215862,false,קלוגס קוקו פופס שוקו 500ג',קלוגס Kellogg's,GB,דגני בוקר קוקו פופס,גרמים,500.00,100 גרם,false,,15.30,0.0306,true,1,2554
5060517886486,false,"משקה אנרגיה מונסטר פח 500 מ""ל",מונסטר אנרג'י Monster Energy,RU,מונסטר אנרג'י פחית 5,מיליליטרים,500.00,"100 מ""ל",false,,5.90,0.0118,true,1,33153
5060751218173,false,"משקה אנרגיה מונסטר Pipline punch פח 500 מ""ל",Monster energy סרביה,IE,מונסטר פייפלין פאנץ',מיליליטרים,500.00,"100 מ""ל",false,,5.90,0.0118,true,1,43380
5060751219033,false,"משקה אנרגיה מונסטר ULTRA PARADISE פח 500 מ""ל",Monster energy סרביה,IE,מונסטר אולטרה פרדייז,מיליליטרים,500.00,"100 מ""ל",false,,5.90,0.0118,true,1,43381
5099873038758,false,וויסקי ג'נטלמן ג'ק Gentleman Jack,ג'ק דניאלס Jack Daniel's,US,"ג'נטלמן ג'ק 700 מ""ל",מיליליטרים,700.00,"100 מ""ל",false,,128.20,0.1831,true,1,33319
5201004020338,false,קפריס וופל רול ממולא קרם אגוזי לוז 400 ג',פפדופולוס,GR,קפריס רולס קלאסיק 40,גרמים,400.00,100 גרם,false,,13.60,0.0340,true,1,7093
5201347175030,false,פיניש קוואנטום 32 יח,,,פיניש קוואנטום 32 יח,יחידה,0.00,יחידה,false,,29.90,0.0000,true,1,73271
5202795080709,false,אוזו מטקסה Ouzo Metaxa,פארייפאבה אגרואינדוס,GR,אוזו מטקסה,מיליליטרים,700.00,"100 מ""ל",false,,59.80,0.0854,true,1,3707
5400265032993,false,נשיקות מרנג לבן המלט,,,נשיקות מרנג לבן 100,גרמים,100.00,100 גרם,false,,8.50,0.0850,true,1,65518
5410091648176,false,"פה - דאודורנט רול און לאישה פינק פרדייס 50 מ""ל",הנקל סוד,DE,דאו' רול און פינק פר,מיליליטרים,50.00,"100 מ""ל",false,,8.50,0.1700,true,1,4022
5410103161518,false,קרם יום עם פעולה משולשת לעור רגיל ומעורב,"לוריאל ישראל בע""מ",DE,דרמו פעולה משולשת רג,מיליליטרים,50.00,"100 מ""ל",false,,39.20,0.7840,true,1,29570
5410103161617,false,קרם יום עם פעולה משולשת Triple active לעור יבש ועדין,"לוריאל ישראל בע""מ",DE,דרמו פעולה משולשת יב,מיליליטרים,50.00,"100 מ""ל",false,,39.20,0.7840,true,1,29571
5410126006087,false,לוטוס עוגיות קרמל 700 גרם,כלורוקס אוקלנד,BE,לוטוס עוגיות קרמל 70,גרמים,700.00,100 גרם,false,,21.30,0.0304,true,1,2555
5410126106183,false,ביסקוויט קרמל 312גרם 50יח,כלורוקס אוקלנד,BE,ביסקוויט קרמל 312גרם,גרמים,312.00,100 גרם,false,,13.60,0.0436,true,1,2558
5410126116953,false,ממרח עוגיות קרמל 400 ג' לוטוס,לוטוס בייקרי בלגיה נ,BE,לוטוס ממרח ביסקוויט,גרמים,400.00,100 גרם,false,,17.90,0.0447,true,1,2559
5410126666038,false,עוגיות לוטוס 18*2 279 גרם,לוטוס ביקרי,BE,עוגיות לוטוס 279 גרם,גרמים,279.00,100 גרם,false,,11.10,0.0398,true,1,2560
5410228267515,false,בירה באדוויזר שישייה,באדווייזר Budweiser,,בירה באדוויזר שישייה,ליטרים,1.98,ליטר,false,,26.70,13.4848,true,1,3709
5410291021991,false,ממרח אגוזי לוז עם קקאו,צ'וקטה Chocketa,,צ`וקטה ממרח אגוזי לו,גרמים,700.00,100 גרם,false,,17.00,0.0243,true,1,10855
5410291022011,false,ממרח אגוזי לוז עם קקאו 350 גרם חלב נכרי,צ'וקטה Chocketa,,צ`וקטה ממרח אגוזי לו,גרמים,350.00,100 גרם,false,,10.20,0.0291,true,1,10856
5410316983693,false,"אייס סמירנוף בודד 275 מ""ל",סמירנוף אייס Smirnoff ice,IT,סמירנוף אייס בודד,מיליליטרים,275.00,"100 מ""ל",false,,9.60,0.0349,true,1,3351
5410316994019,false,"וודקה סמירנוף אדום 700מ""ל",דיאג'ו אופריישנס איט,US,וודקה סמירנוף אדום 7,מיליליטרים,700.00,"100 מ""ל",false,,47.80,0.0683,true,1,28260
5411081003654,false,בירה קסטיל רוז 330 מ,מבשלת קסטל ואן הונסב,BE,בירה קסטיל רוז 330 א,מיליליטרים,330.00,"100 מ""ל",false,,10.30,0.0312,true,1,20432
5411188081852,false,אלפרו משקה סויה בטעם וניל 1 ל',הנסיך- מפעל לייצור ט,BE,אלפרו משקה סויה בטעם,יחידה,0.00,יחידה,false,,10.10,0.0000,true,1,11412
5411188094159,false,מעדן סויה שוקולד בלגי אלפרו 4*125 ג',הנסיך- מפעל לייצור ט,BE,אלפרו מעדן סויה שוק.,מיליליטרים,500.00,"100 מ""ל",false,,12.70,0.0254,true,1,11413
5411188096108,false,"אלפרו שמנת צמחית לבישול לייט 250מ""ל",אלפרו C.V.A,BE,אלפרו סויה לבישול 25,מיליליטרים,250.00,"100 מ""ל",false,,8.50,0.0340,true,1,11414
5411188110835,false,אלפרו חלב סויה שקדים וניל 1ל',הנסיך- מפעל לייצור ט,BE,אלפרו משקה שקדים 1 ל,ליטרים,1.00,ליטר,false,,10.10,10.1000,true,1,11416
5411188115366,false,אלפרו משקה שיבולת שועל 1 ליטר,הנסיך- מפעל לייצור ט,BE,אלפרו משקה שיבולת שו,יחידה,0.00,יחידה,false,,10.10,0.0000,true,1,11419
5411188115472,false,אלפרו משקה סויה 1 ליטר,הנסיך- מפעל לייצור ט,BE,אלפרו משקה סויה 1 לי,ליטרים,1.00,ליטר,false,,10.10,10.1000,true,1,11420
5411188129899,false,משקה אלפרו בריסטה שקדים 1 ליטר,הנסיך- מפעל לייצור ט,BE,אלפרו משקה בריסטה שק,יחידה,0.00,יחידה,false,,10.10,0.0000,true,1,11432
5411188133476,false,אלפרו משקה סויה שוקו+חלבון 250 גרם בית יוסף,אלפרו C.V.A,BE,אלפרו משקה סויה שוקו,מיליליטרים,250.00,"100 מ""ל",false,,5.90,0.0236,true,1,12059
5411188134985,false,אלפרו 3.5% NOT M*LK שיבולת שועל 1 ליטר בית יוסף,הנסיך- מפעל לייצור ט,BE,אלפרו 3.5% שומן NOT,ליטרים,1.00,ליטר,false,,11.00,11.0000,true,1,12061
5411188543398,false,משקה סויה ללא סוכר 1 ל' אלפרו,הנסיך- מפעל לייצור ט,BE,אלפרו משקה סויה ללא,ליטרים,1.00,ליטר,false,,10.10,10.1000,true,1,11437
5413121358694,false,שוקולד פרסטיז בלגיאן,BCG,,שוקולד בלגי מריר 85%,גרמים,100.00,100 גרם,false,,10.20,0.1020,true,1,67647
5420066370001,false,טראפל שוקולד בלגי קר,,,טראפל שוקולד בלגי קר,גרמים,150.00,100 גרם,false,,12.80,0.0853,true,1,68374
5420066370018,false,טראפל שוקולד בלגי קק,,,טראפל שוקולד בלגי קק,גרמים,150.00,100 גרם,false,,12.80,0.0853,true,1,68337
5420066370032,false,טראפל שוקולד בלגי מר,,,טראפל שוקולד בלגי מר,גרמים,150.00,100 גרם,false,,12.80,0.0853,true,1,68388
5420066370049,false,טראפל שוקולד בלגי תפ,,,טראפל שוקולד בלגי תפ,גרמים,150.00,100 גרם,false,,12.80,0.0853,true,1,68389
5420066370384,false,טראפל בלגי אגוזים 150 ג',,,טראפל שוקולד בלגי אג,גרמים,150.00,100 גרם,false,,12.80,0.0853,true,1,68390
5601036205657,false,צבע לשיער אקסלנס קרם - 7 בלונד,לוריאל Loreal,,אקסלנס צבע שיער קרם,יחידה,0.00,יחידה,false,,29.80,0.0000,true,1,29579
5604912415058,false,סרדינים בשמן חמניה חריף פורטוס 125 ג',פורטוס Porthos,PT,סרדינים בשמן חמניה ח,גרמים,125.00,100 גרם,false,,5.00,0.0400,true,1,2565
5701932026964,false,פופקורן להכנה במיקרוגל בטעם טבעי 6 שקיות,הוט פופ Hot pop,US,הוט פופ .פופקורן עם,גרמים,600.00,100 גרם,false,,12.70,0.0212,true,1,6365
5701932026971,false,פופקורן להכנה במיקרוגל בטעם חמאה 6 שקיות,הוט פופ Hot pop,US,הוט פופ פופקורן בטעם,גרמים,600.00,100 גרם,false,,12.70,0.0212,true,1,6366
5711953106583,false,גבינת שמנת בטעם טבעי 200 גרם ארלה,ארלה פודס אמבה,DK,ארלה גבינת שמנת טבעי,גרמים,200.00,100 גרם,false,,10.90,0.0545,true,1,12063
5711953106590,false,גבינת שמנת עם שום 200 גרם ארלה,ארלה פודס אמבה,DK,ארלה גבינת שמנת שום,גרמים,200.00,100 גרם,false,,10.90,0.0545,true,1,12064
5740900403215,false,ממרח לורפק חמאה עם מלח 250 ג',לורפאק Lurpak,,ממרח לורפק עם מלח 25,גרמים,250.00,100 גרם,false,,14.30,0.0572,true,1,12067
5740900403239,false,ממרח לורפק חמאה בלי מלח 250 ג',לורפאק Lurpak,,ממרח לורפק ללא מלח 2,גרמים,250.00,100 גרם,false,,14.30,0.0572,true,1,12069
5740900403246,false,ממרח לורפק חמאה בלי מלח 500 ג',לורפאק Lurpak,,ממרח לורפק ללא מלח 5,גרמים,500.00,100 גרם,false,,24.70,0.0494,true,1,12070
5740900403253,false,ממרח לורפק חמאה עם מלח 500 ג',לורפאק Lurpak,,ממרח לורפק עם מלח 50,גרמים,500.00,100 גרם,false,,24.70,0.0494,true,1,12071
5740900403260,false,ממרח מחמאת לורפק ללא מלח 27% פחות שומן,ארלה פודס אמבה,DK,ממרח לורפק ללא מלח מ,גרמים,250.00,100 גרם,false,,14.30,0.0572,true,1,12072
5740900403284,false,חמאה ללא מלח 200 גרם לורפק כשרות או קיי,לורפאק Lurpak,DK,חמאת לורפק ללא מלח 2,גרמים,200.00,100 גרם,false,,9.30,0.0465,true,1,12073
5740900403864,false,חמאה +מלח 200 גרם לורפק כשרות או קיי,ארלה פודס אמבה,DK,חמאת לורפק עם מלח 20,גרמים,200.00,100 גרם,false,,9.30,0.0465,true,1,12074
5765220190546,false,סביבון טורבו אורות מנגן,,,סביבון טורבו אורות מ,יחידה,0.00,יחידה,false,,13.60,0.0000,true,1,31241
5900020012814,false,דגני בוקר בטעם שוקולד נסקוויק Nesquik,מיוצר עי קונדיטוריית,PL,דגני בוקר נסקוויק נס,גרמים,500.00,100 גרם,false,,21.30,0.0426,true,1,9114
5900020018908,false,חטיף פיטנס דגנים עם עוגיות ופצפוצי שוקולד לבן,מיוצר עי קונדיטוריית,PL,פיטנס חטיף דגנים קרם,גרמים,141.00,100 גרם,false,,12.70,0.0901,true,1,9116
5900020020710,false,נסטלה - קראנץ' שוקו וניל חטיף דגנים 25 גרם * 6,נסטלה פולין ברים,PL,חטיף דגנים קראנץ בר,גרמים,150.00,100 גרם,false,,14.50,0.0967,true,1,9118
5900020026552,false,דגני בוקר האני נאט צ'יריוס בטעם דבש ושקדים,נסטלה צרפת איטנקורט,FR,האני נאט ציריוס נסטל,גרמים,625.00,100 גרם,false,,21.30,0.0341,true,1,9127
5900020029669,false,פיטנס - חטיף דגנים פירות יער 23.50 גרם * 6,נסטלה פולין דגני בוק,,פיטנס חטיף דגנים פיר,גרמים,141.00,100 גרם,false,,12.70,0.0901,true,1,9130
5900020034021,false,חטיף דגנים פיטנס שוקולד בננה,מיוצר עי קונדיטוריית,PL,פיטנס חטיף דגנים שוק,גרמים,141.00,100 גרם,false,,14.50,0.1028,true,1,9136
5900020039590,false,פיטנס חטיף דגנים קלאסי פרווה 6 יח',נסטלה פולין דגני בוק,IL,פיטנס חטיף דגנים קלא,גרמים,141.00,100 גרם,false,,12.70,0.0901,true,1,9142
5901414200411,false,מיני עוגיות היט Hit במילוי קרם שוקולד,באלזן Bahlsen,PL,היט מיניס קרם קקאו 1,גרמים,130.00,100 גרם,false,,5.00,0.0385,true,1,6369
5902768862683,true,עוגיות טוויט שוקולד,,,עוגיות טוויט שוקולד,גרמים,155.00,100 גרם,false,,5.10,0.0329,true,1,67917
5904941750312,false,"משקה אנרגיה BLU מוחיטו 250 מ""ל",אקו - ביט,PL,בלו בודד מוחיטו 250,מיליליטרים,250.00,"100 מ""ל",false,,3.90,0.0156,true,1,921
5904941751302,false,"משקה אנרגיה בלו 250 מ""ל- בודד",אקו - ביט,PL,בלו משקה אנרגיה 250,מיליליטרים,250.00,"100 מ""ל",false,,3.90,0.0156,true,1,923
5904941751920,false,בלו משקה אנרגיה דיי חצי מכמות הקלו250 מל,אקו - ביט,PL,בלו משקה אנרגיה דיי,מיליליטרים,250.00,"100 מ""ל",false,,3.90,0.0156,true,1,928
5906485301012,false,"משקה אנרגיה XL פחית 250 מ""ל","טמפו משקאות בע""מ",IL,אקס אל משקה אנרגיה 2,מיליליטרים,250.00,"100 מ""ל",false,,3.90,0.0156,true,1,4601
5998623530637,false,"אדלמה קברנה סובוניון יין אדום, 750 מ""ל",אדלמה,HU,קברנה סובניון אדום י,מיליליטרים,750.00,"100 מ""ל",false,,34.20,0.0456,true,1,36878
5998623530644,false,פינו גריג'יו רוזה חצ,אדלמה,HU,פינו גריג'יו רוזה חצ,מיליליטרים,750.00,"100 מ""ל",false,,34.20,0.0456,true,1,36879
6008165271192,false,סיגריות פאל מאל אדום ארוך,אמריקן גרדן,,פאל מאל אדום ארוך,יחידה,0.00,יחידה,false,,29.00,0.0000,false,1,2156
6008165274629,false,סיגריות פאל מאל כחול ארוך סטרים,יושלם,,פאל מאל כחול ארוך סט,יחידה,0.00,יחידה,false,,29.00,0.0000,false,1,2158
6102017501939,false,מצית לגז ארוך,,,מצת מהודר,יחידה,0.00,יחידה,false,,8.50,0.0000,true,1,16507
6224009175192,false,"תות שדה 1 ק""ג קפוא ב",O.K FRUIT,EG,"תות שדה 1 ק""ג קפוא ב",קילוגרמים,1.00,"ק""ג",false,,14.40,14.4000,true,1,28485
6820180058110,false,כף אשפה פלסטיק,,,כף אשפה פלסטיק,יחידה,0.00,יחידה,false,,5.90,0.0000,true,1,34336
6910191800287,false,אצות נורי בלו 10 דף (ננגטונג),ננטונג היידה אקווטוק,CN,אצות נורי לסושי מזרח,גרמים,25.00,100 גרם,false,,10.20,0.4080,true,1,40052
6912977000140,false,אטריות שעועית מזרח ו,יאנטאי ינסידה לנוגקא,CN,אטריות שעועית ללא גל,גרמים,250.00,100 גרם,false,,7.60,0.0304,true,1,26073
6920190410059,false,כוסות נייר אפיה קטן (קאפקייקס) 50יח,,,נייר מאפינס קטנים לא,יחידה,0.00,יחידה,false,,10.20,0.0000,true,1,6625
6920220650028,false,חנוכיית פח זהב /כסף,,,חנוכיה פח זהב/כסף,יחידה,0.00,יחידה,false,,4.20,0.0000,true,1,100718
6920354822193,false,משחת שיניים נטורל הדרים אקליפטוס קולגייט 90 ג',קולגייט Colgate,,משחת שיניים קולגייט,מיליליטרים,68.00,"100 מ""ל",false,,28.10,0.4132,true,1,10868
6945548407376,false,תבנית לקרח,,,תבנית לקרח,יחידה,0.00,יחידה,false,,8.50,0.0000,true,1,73794
6951097101139,false,מאג קליר ניו בלינק 300,,,מאג קליר ניו בלינק 3,יחידה,0.00,יחידה,false,,5.00,0.0000,true,1,2991
6951097101672,false,מאג נבאדה(6 סט),,,מאג נבאדה(6 סט),יחידה,0.00,יחידה,false,,25.60,0.0000,true,1,14492
6972534059721,false,שטיח גומי לאמבטיה צי,,,שטיח גומי לאמבטיה צי,יחידה,0.00,יחידה,false,,20.60,0.0000,true,1,56595
6980531007584,false,קולפן מטאלי איכותי,,,קולפן מטאלי איכותי,יחידה,0.00,יחידה,false,,22.20,0.0000,true,1,73808
6987965789239,false,דף יצירה צהוב עם מדב,,,דף יצירה צהוב עם מדב,יחידה,0.00,יחידה,false,,1.30,0.0000,true,1,101093
7038516140357,false,ג'ורדן מברשת טוטאל קלין סופט רביעייה,מיוצר במלזיה עבור ג',NO,מב.שיניים טוטאל קלין,יחידה,0.00,יחידה,false,,8.50,0.0000,true,1,2719
7262626084939,false,נעלי בית,,,נעלי בית,יחידה,0.00,יחידה,false,,25.60,0.0000,true,1,16671
7262626088173,false,גרבי אנגורה נשים,,,גרבי אנגורה נשים,יחידה,0.00,יחידה,false,,8.50,0.0000,true,1,16692
7262626088197,false,טייץ טרמי צבעוני,,,טייץ טרמי צבעוני,יחידה,0.00,יחידה,false,,25.60,0.0000,true,1,16694
7290000000004,false,לחמניית אצבע עם נקני,,,לחמניית אצבע עם נקני,יחידה,0.00,יחידה,false,,8.50,0.0000,true,1,18707
7290000001104,false,פטריות חורש מיני ארוז 200 ג',"מרינה פטריות הגליל בע""מ",IL,פטריות חורש ארוז,יח',1.00,יח',false,,9.90,9.9000,true,1,22615
7290000004444,false,שקיות גופיה 20 מקרו,,,שקיות גופיה 20 מקרו,יחידה,0.00,יחידה,false,,0.09,0.0000,true,1,66430
7290000011593,false,שזיף,,,שזיף,קילוגרמים,1.00,"ק""ג",true,,19.90,19.9000,true,1,29994
7290000014510,false,חסה עגולה,,,חסה עגולה,יח',1.00,יח',false,,6.90,6.9000,true,1,29995
7290000023809,false,"יין ברקן קלאסיק קברנה סובניון 750מ""ל",יקבי ברקן שיווק והפצ,IL,קלאסיק קברנה סובניון,מיליליטרים,750.00,"100 מ""ל",false,,28.20,0.0376,true,1,4612
7290000023816,false,"יין ברקן קלאסיק אמרלד ריזלינג 750מ""ל",יקבי ברקן שיווק והפצ,IL,קלאסיק אמרלד ריזלינג,מיליליטרים,750.00,"100 מ""ל",false,,28.20,0.0376,true,1,4613
7290000023977,false,"יין ברקן קלאסיק מרלו 750 מ""ל",יקבי ברקן שיווק והפצ,IL,קלאסיק מרלו 750מל.,מיליליטרים,750.00,"100 מ""ל",false,,28.20,0.0376,true,1,4615
7290000024202,false,"יין ברקן רזרב קברנה סובניון 750 מ""ל",ברקן שיווק והפצה בעמ,IL,קברנה סוביניון רזרבד,מיליליטרים,750.00,"100 מ""ל",false,,36.80,0.0491,true,1,4616
7290000024523,false,מיץ ענבים תירוש אדום,כרמי צבי - האחים סגל,IL,תירוש של סגל 1 ליטר,ליטרים,1.00,ליטר,false,,12.00,12.0000,true,1,4621
7290000024530,false,יין אדום מתוק של סגל,כרמי צבי - אחים סגל,IL,"גליה מתוק 750 מ""ל",מיליליטרים,750.00,"100 מ""ל",false,,12.00,0.0160,true,1,4622
7290000024905,false,וודקה קגלביץ קלאסיקה,"יקבי ברקן בע""מ",IL,קגלביץ קלאסיקה 700 מ,מיליליטרים,700.00,"100 מ""ל",false,,43.50,0.0621,true,1,4626
7290000040042,false,יוגורט תות %3 גביע 150 ג' יופלה,תנובה בעמ,IL,יופלה תות שובב 3% 15,מיליליטרים,150.00,"100 מ""ל",false,,4.40,0.0293,true,1,13291
7290000040066,false,יוגורט דובדבן 3% שומן 150 ג' יופלה,תנובה מרכז שיתופי לש,IL,יופלה דובדבן פראי 3%,מיליליטרים,150.00,"100 מ""ל",false,,4.40,0.0293,true,1,13292
7290000040080,false,יוגורט אפרסק 3% שומן 150 ג' יופלה,תנובה בעמ,IL,יופלה אפרסק מאוהב 3%,מיליליטרים,150.00,"100 מ""ל",false,,4.40,0.0293,true,1,13293
7290000040301,false,"גבינת קולאז קממבר עין גדי 24%, 125 ג'",תנובה מרכז שיתופי לש,IL,תנובה גבינת קממבר עי,גרמים,125.00,100 גרם,false,,14.40,0.1152,true,1,13294
7290000040462,false,גבינת טוסטי עמק אמריקאי אדם 23% 200 ג',תנובה מרכז שיתופי לש,IL,טוסטי טעם אדם 22% 20,גרמים,200.00,100 גרם,false,,15.30,0.0765,true,1,13296
7290000040974,false,חלב תנובה קרטון דל לקטוז 2% 1ל,תנובה מרכז שיתופי לש,IL,חלב תנובה קרטון דל ל,ליטרים,1.00,ליטר,false,,6.10,6.1000,true,1,13297
7290000041858,false,"שמנת חמוצה 15% יטבתה 200 מ""ל מהדרין",שטראוס גרופ,IL,יטבתה שמנת חמוצה 15%,מיליליטרים,200.00,"100 מ""ל",false,,2.10,0.0105,true,1,12075
7290000042411,false,יטבתה חלב קרטון 3% 1,Unknown,,יטבתה חלב קרטון 3% 1,ליטרים,1.00,ליטר,false,,5.32,5.3200,true,1,12078
7290000042855,false,יוטבתה שוקו שקית 225מל,שטראוס גרופ,IL,יטבתה שוקו שקית 225,מיליליטרים,225.00,"100 מ""ל",false,,2.50,0.0111,true,1,12079
7290000043814,false,"שמנת מתוקה להקצפה 38% 250 מ""ל תנובה",תנובה מרכז שיתופי לש,IL,שף לבן שמנת לקצפת עמ,מיליליטרים,250.00,"100 מ""ל",false,,5.53,0.0221,true,1,13313
7290000043890,false,רויון בקרטון 1 ליטר,תנובה מרכז שיתופי לש,IL,ריויון 1.5% 1ל,ליטרים,1.00,ליטר,false,,9.80,9.8000,true,1,13314
7290000043944,false,כד יוגורט תנובה 4% שומן 1.5 ליטר,מיוצר עי קונדיטוריית,IL,יוגורט כדים תנובה 1.,ליטרים,1.50,ליטר,false,,14.20,9.4667,true,1,13315
7290000044248,false,"רויון קרטון 1.5% שומן 500 מ""ל תנובה",קריות זול,IL,ריויון 2% 500מל,מיליליטרים,500.00,"100 מ""ל",false,,5.60,0.0112,true,1,13316
7290000044712,false,יוגורט עם תות 1.5% שומן 500 ג' פרילי,מיוצר עי קונדיטוריית,IL,פרילי תות 1.5% 500מל,מיליליטרים,500.00,"100 מ""ל",false,,9.30,0.0186,true,1,13317
7290000044880,false,באדי יוגורט תות 3% שומן 500 ג' תנובה,מיוצר עי קונדיטוריית,IL,באדי תות 3% 500מל,מיליליטרים,500.00,"100 מ""ל",false,,7.90,0.0158,true,1,13319
7290000045771,false,יוגורט 4% שומן 3 ל' תנובה,תנובה מרכז שיתופי לש,IL,יוגורט כדים תנובה 3,ליטרים,3.00,ליטר,false,,25.60,8.5333,true,1,13323
7290000045917,false,תנובה גבינת פרומעז 23% גלילית 200ג,קריות זול,IL,תנובה גבינת פרומעז 2,גרמים,200.00,100 גרם,false,,21.30,0.1065,true,1,13324
7290000046327,false,"גבינת גלבוע פרוס 22%, 200 ג' תנובה",תנובה מרכז שיתופי לש,IL,גלבוע גבינה פרוסה 22,גרמים,200.00,100 גרם,false,,10.80,0.0540,true,1,13325
7290000047546,false,כנען גבינה לבנה ללא מלח 5% 500 ג',תנובה מרכז שיתופי לש,IL,שף לבן כנען 5% 500ג,גרמים,500.00,100 גרם,false,,21.50,0.0430,true,1,13326
7290000048185,false,גבינה לבנה 5% שומן 250 ג' תנובה,מיוצר עי קונדיטוריית,IL,גבינה לבנה רכה 5% תנ,גרמים,250.00,100 גרם,false,,4.26,0.0170,true,1,13329
7290000048192,false,גבינה לבנה 9% שומן 250 ג' תנובה,מחלבת אלון תבור,IL,גבינה לבנה רכה 9% בד,גרמים,250.00,100 גרם,false,,4.30,0.0172,true,1,13330
7290000048307,false,קוטג' 5% וזיתים ירוקים 250ג' תנובה,מיוצר עי קונדיטוריית,IL,קוטג תנובה עם זיתים,גרמים,250.00,100 גרם,false,,4.90,0.0196,true,1,13331
7290000048413,false,גבינה חמד %16 שקית 250 ג' פיראוס,תנובה מרכז שיתופי לש,IL,פיראוס חמד 16% 250ג,גרמים,250.00,100 גרם,false,,16.20,0.0648,true,1,13332
7290000048437,false,גבינה צפתית 5% 200 ג' פיראוס,פארייפאבה אגרואינדוס,IL,פיראוס צפתית 5% 200,גרמים,200.00,100 גרם,false,,12.50,0.0625,true,1,13333
7290000050447,false,יוגורט תות 500 ג' יופלה,מיוצר עי קונדיטוריית,IL,יופלהYYY תות 3% 500מ,מיליליטרים,500.00,"100 מ""ל",false,,10.40,0.0208,true,1,13338
7290000050454,false,יוגורט אפרסק 500 ג' יופלה,מיוצר עי קונדיטוריית,IL,יופלהYYY אפרסק 3% 50,מיליליטרים,500.00,"100 מ""ל",false,,10.40,0.0208,true,1,13339
7290000051307,false,מארז הפסקת אוכל עם דגני עוגי ומשקה חלב עמיד בטעם וניל,תנובה מרכז שיתופי לש,IL,חלב תנובה הפ.אוכל עו,מיליליטרים,150.00,"100 מ""ל",false,,8.50,0.0567,true,1,13341
7290000051352,false,חלב מלא בטעם של פעם 3.4% תנובה קרטון 1 ל',תנובה מרכז שיתופי לש,IL,חלב תנובה של פעם בקר,ליטרים,1.00,ליטר,false,,6.40,6.4000,true,1,13342
7290000051710,false,לאבנה 9% עם שמן זית וזעתר 263 ג' פיראוס,"תנובה, מחלבת אלון תב",IL,פיראוס לאבנה עם שמן,גרמים,263.00,100 גרם,false,,11.90,0.0452,true,1,13345
7290000052311,false,גבינה צהובה לייט 15% 200 ג' עמק,תנובה מרכז שיתופי לש,IL,עמק מהדרין 15% 200 ג,גרמים,200.00,100 גרם,false,,14.10,0.0705,true,1,13350
7290000052649,false,גבינת לאבנה 5% שומן 500 ג' פיראוס,תנובה מרכז שיתופי לש,IL,פיראוס לאבנה 5% 500ג,גרמים,500.00,100 גרם,false,,17.00,0.0340,true,1,13351
7290000052717,false,קוטג' 5%עם שום שמיר 250 ג' תנובה,מיוצר עי קונדיטוריית,IL,קוטג תנובה עם שום שמ,גרמים,250.00,100 גרם,false,,4.90,0.0196,true,1,13352
7290000055329,false,יופלה משקה יוגורט תות מלון 1.5% 250מל.,תנובה מרכז שיתופי לש,IL,יופלה משקה יוגורט תו,מיליליטרים,250.00,"100 מ""ל",false,,4.70,0.0188,true,1,13358
7290000055336,false,יופלה משקה יוגורט בננה אפרסק 1.5% 250מל,תנובה מרכז שיתופי לש,IL,יופלה משקה יוגורט בנ,מיליליטרים,250.00,"100 מ""ל",false,,4.70,0.0188,true,1,13359
7290000055555,false,משטח זר /פשוט ביכורי,,,משטח זר /פשוט ביכורי,יחידה,0.00,יחידה,false,,0.01,0.0000,true,1,34116
7290000056081,false,מאגדת פרילי טבע 6 יח' * 200 ג',מיוצר עי קונדיטוריית,IL,"פרילי טבע 6*200 מ""ל",קילוגרמים,1.20,"ק""ג",false,,19.60,16.3333,true,1,13365
7290000056951,false,"שמנת לבישול 15% שומן 500 מ""ל תנובה",תנובה מרכז שיתופי לש,IL,שף לבן שמנת לבישול +,מיליליטרים,500.00,"100 מ""ל",false,,14.20,0.0284,true,1,13374
7290000057088,false,גבינת דק דק 28% 200 ג' עמק,תנובה מרכז שיתופי לש,IL,עמק דק דק 28% 200גר,גרמים,200.00,100 גרם,false,,14.30,0.0715,true,1,13376
7290000057118,false,עמק סמי מעדנייה כשרות מהדרין,תנובה מרכז שיתופי לש,IL,עמק סמי 28% 400 גר,גרמים,400.00,100 גרם,false,,18.70,0.0467,true,1,13377
7290000057132,false,יוגורט טבעי 1.5% שומן 200 ג' תנובה,מחלבת אלון תבור,IL,תנובה יוגורט טבעי 1.,מיליליטרים,200.00,"100 מ""ל",false,,3.00,0.0150,true,1,13378
7290000057149,false,יוגורט טבעי 3% שומן 200 ג' תנובה,מיוצר עי קונדיטוריית,IL,תנובה יוגורט טבעי 3%,גרמים,200.00,100 גרם,false,,3.00,0.0150,true,1,13379
7290000057552,false,יופלה דיאט עוגת גבינה ותות 0% גביע 150ג',תנובה בעמ,IL,יופלה דיאט ע.גבינה ו,מיליליטרים,150.00,"100 מ""ל",false,,4.40,0.0293,true,1,13381
7290000058030,false,"יופלה שטוזים משקה יוגורט תות 8 יח' * 100 מ""ל",מיוצר עי קונדיטוריית,IL,יופלה שטוזים משקה יו,מיליליטרים,800.00,"100 מ""ל",false,,18.70,0.0234,true,1,13383
7290000058047,false,**שף לבן שמנת מתוקה מהדרין 38% פקק 500מ,תנובה מרכז שיתופי לש,IL,שף לבן שמנת מתוקה מה,מיליליטרים,500.00,"100 מ""ל",false,,11.06,0.0221,true,1,13384
7290000060071,false,אוסם - חטיפי פריכונים מאורז מלא קלוי 80גר,"מיוצר ע""י PT, משווק",IL,חטיפי פריכונים מאורז,גרמים,80.00,100 גרם,false,,6.80,0.0850,true,1,9144
7290000060088,false,בייגלה אסם מקלות מלוחים 400 גרם,מיוצר עי קונדיטוריית,IL,בייגלה אסם מקלות מלו,גרמים,400.00,100 גרם,false,,8.50,0.0213,true,1,9145
7290000060163,false,פסטה אסם אטריות דקות 400גר,"אסם השקעות בע""מ",IL,אטריות דקות אסם 400,גרמים,400.00,100 גרם,false,,5.90,0.0148,true,1,9146
7290000060200,false,פסטה אסם פתיתים אפויים קוסקוס 500גר,"אסם השקעות בע""מ",IL,פתיתים אפויים קוסקוס,גרמים,500.00,100 גרם,false,,5.90,0.0118,true,1,9147
7290000060217,false,פסטה אסם מקרוני 7 500 גר,קריות זול,IT,פסטה מקרוני אסם 500,גרמים,500.00,100 גרם,false,,5.00,0.0100,true,1,9148
7290000060330,false,פרפקטו פרפקטו ספיראלי גירף 500 גר,קריות זול,IT,פסטה ספירלי פרפקטו 5,גרמים,500.00,100 גרם,false,,5.60,0.0112,true,1,9152
7290000060408,false,פסטה אסם פתיתים אפויים טבעות 500 גר,"אסם השקעות בע""מ",IL,פתיתים אפויים טבעות,גרמים,500.00,100 גרם,false,,5.90,0.0118,true,1,9153
7290000060576,false,פסטה אסם פתיתים אפוי כוכב 500גר,"אסם השקעות בע""מ",IL,פתיתים אפויים כוכבים,גרמים,500.00,100 גרם,false,,5.90,0.0118,true,1,9157
7290000060781,false,פסטה אסם פתיתים מסולסלים 500גר,קריות זול,IT,פסטה מסולסלים אסם 50,גרמים,500.00,100 גרם,false,,5.00,0.0100,true,1,9158
7290000060828,false,פסטה קרניים בינוניות 500 ג' אסם,קריות זול,IT,פסטה קרניים בינוניות,גרמים,500.00,100 גרם,false,,5.00,0.0100,true,1,9159
7290000060842,false,פסטה אסם פתיתים צדפים גדולים 500גר,קריות זול,IT,פסטה צדפים גדולים אס,גרמים,500.00,100 גרם,false,,5.00,0.0100,true,1,9160
7290000060880,false,פסטה מס' 8 ספגטי אסם 500ג',קריות זול,IT,ספגטי אסם 500 גרם,גרמים,500.00,100 גרם,false,,5.00,0.0100,true,1,9162
7290000060903,false,פסטה אסם פתיתים אפויים אורז 500גר,"אסם השקעות בע""מ",IL,פתיתים אפויים אורז א,גרמים,500.00,100 גרם,false,,5.90,0.0118,true,1,9163
7290000060958,false,פסטה אסם אטריות בינוניות 400 גרם,"אסם השקעות בע""מ",IL,אטריות בינוניות אסם,גרמים,400.00,100 גרם,false,,5.90,0.0148,true,1,9165
7290000060965,false,פסטה אסם אטריות רחבות 400גר,"אסם השקעות בע""מ",IL,אטריות רחבות אסם 400,גרמים,400.00,100 גרם,false,,5.90,0.0148,true,1,9166
7290000061061,false,קרקר בצל אסם 250 גרם,"אסם השקעות בע""מ",IL,אסם קרקר בצל 250גרם,גרמים,250.00,100 גרם,false,,8.40,0.0336,true,1,9168
7290000061085,false,"רוטב צ'ילי מתוק אסם 290מ""ל","אסם השקעות בע""מ",IL,אסם רוטב צ'ילי מתוק,מיליליטרים,290.00,"100 מ""ל",false,,7.60,0.0262,true,1,9169
7290000061108,false,"רוטב טריאקי 290 מ""ל אסם","אסם השקעות בע""מ",IL,רוטב טריאקי אסם 290,מיליליטרים,290.00,"100 מ""ל",false,,7.60,0.0262,true,1,9170
7290000061214,false,פתיתים אפויים קוסקוס עם בצל אסם 500 גר',"אסם השקעות בע""מ",IL,פתיתים קוסקוס בצל אס,גרמים,500.00,100 גרם,false,,5.90,0.0118,true,1,9171
7290000061450,false,פתיתים אפויים קוסקוס צבעוני אסם 500 גר',"אסם השקעות בע""מ",IL,פתיתים קוסקוס 3 צבעי,גרמים,500.00,100 גרם,false,,5.90,0.0118,true,1,9174
7290000061764,false,נסקפה רד מאג טעם חדש 200ג',נסטלה ספרד קפה,ES,נס קפה רד מאג טעם חד,גרמים,200.00,100 גרם,false,,16.20,0.0810,true,1,9175
7290000062952,false,אוסם - מיני קרוטונים למרק ולסלט 250 גרם,עינת תעשיות מזון,IL,מיני קרוטונים למרק ו,גרמים,250.00,100 גרם,false,,11.90,0.0476,true,1,9179
7290000063102,false,קמח עוגה אסם תופח מאליו 350ג',"אסם השקעות בע""מ",IL,קמח תופח קטן אסם 350,גרמים,350.00,100 גרם,false,,4.10,0.0117,true,1,9181
7290000063133,false,אסם שקדי מרק רכיבים טבעיים 24*100גרם,"אסם השקעות בע""מ",IL,שקדי מרק רכיבים טבעי,גרמים,100.00,100 גרם,false,,5.00,0.0500,true,1,9182
7290000063140,false,שקדי מרק רכיבים טבעיים בשקית 400 ג' אסם,"אסם השקעות בע""מ",IL,שקדי מרק רכיבים טבעי,גרמים,400.00,100 גרם,false,,9.30,0.0233,true,1,9183
7290000063157,false,"קמח תופח מאליו אסם 1 ק""ג","אסם השקעות בע""מ",IL,קמח עוגה תופח מאליו,קילוגרמים,1.00,"ק""ג",false,,6.70,6.7000,true,1,9184
7290000064758,false,קוסקוס בינוני אמיתי אסם 350 ג',"מיוצר ע""י קוד יצרן K",IL,קוסקוס אמיתי אסם 350,גרמים,350.00,100 גרם,false,,6.80,0.0194,true,1,9187
7290000064871,false,"אוסם - מנה חמה פירה תפו""א עם בצל 56 גרם","אסם השקעות בע""מ",IL,"מנה חמה פירה תפו""א ו",גרמים,56.00,100 גרם,false,,5.10,0.0911,true,1,9188
7290000065335,false,אוסם - מנה חמה פירה עם ירקות 55 גרם,"אסם השקעות בע""מ",IL,מנה חמה פירה וירקות,גרמים,55.00,100 גרם,false,,5.10,0.0927,true,1,9190
7290000065540,false,אוסם - מנה חמה פסטה מוקרמת בטעם עוף 55 גרם,"אסם השקעות בע""מ",IL,מנה חמה פסטה מוקרמת,גרמים,55.00,100 גרם,false,,5.10,0.0927,true,1,9191
7290000065557,false,אוסם - מנה חמה קוסקוס עם ירקות 84 גרם,"אסם תעשיות מזון בע""מ",IL,מנה חמה קוסקוס וירקו,גרמים,84.00,100 גרם,false,,5.10,0.0607,true,1,9192
7290000065977,false,חטיפי פריכונים תירס שומשום 80 ג' אוסם,"מיוצר ע""י פרח, משווק",IL,חטיפי פריכונים תירס,גרמים,80.00,100 גרם,false,,6.80,0.0850,true,1,9196
7290000066141,false,ביסלי בטעם גריל אסם,"אסם השקעות בע""מ",IL,ביסלי גריל 70 גר'.,גרמים,70.00,100 גרם,false,,3.30,0.0471,true,1,9198
7290000066172,false,ביסלי בטעם פיצה אסם,"אסם השקעות בע""מ",IL,ביסלי פיצה 70גרם,גרמים,70.00,100 גרם,false,,3.30,0.0471,true,1,9200
7290000066196,false,ביסלי גדול בטעם גריל 200 ג' אסם,מיוצר עי קונדיטוריית,IL,ביסלי גריל 200גרם,גרמים,200.00,100 גרם,false,,5.60,0.0280,true,1,9202
7290000066226,false,ביסלי בטעם פיצה 200 ג' אסם,מיוצר עי קונדיטוריית,IL,ביסלי טעם פיצה 200גר,גרמים,200.00,100 גרם,false,,5.60,0.0280,true,1,9205
7290000066264,false,אוסם - חטיף דובונים 40 גרם,"אסם השקעות בע""מ",IL,דובונים 40גרם,גרמים,40.00,100 גרם,false,,3.80,0.0950,true,1,9206
7290000066295,false,אסם במבה תות מחומרים טבעיים 30גר,מיוצר עי קונדיטוריית,IL,במבה מתוקה מחומרים ט,גרמים,30.00,100 גרם,false,,2.50,0.0833,true,1,9207
7290000066318,false,במבה קלאסי 80 גרם,"אסם השקעות בע""מ",IL,במבה קלאסי 80 גרם,גרמים,80.00,100 גרם,false,,3.80,0.0475,true,1,9209
7290000066332,false,אפרופו חטיף אסם 50ג',מיוצר עי קונדיטוריית,IL,אפרופו 50 גרם,גרמים,50.00,100 גרם,false,,4.30,0.0860,true,1,9210
7290000066349,false,אפרופו גדול אסם 100ג',מיוצר עי קונדיטוריית,IL,אפרופו 100גרם,גרמים,100.00,100 גרם,false,,7.60,0.0760,true,1,9211
7290000066431,false,פופקו חטיף תירס בטעם חמאה ודבש 80 גרם,מיוצר עי קונדיטוריית,IL,פופקו חמאה ודבש 80גר,גרמים,80.00,100 גרם,false,,4.20,0.0525,true,1,9212
7290000067544,false,פירורית זהב שקית 200גר,עינת תעשיות מזון,IL,אסם פירורית פירורי ל,גרמים,200.00,100 גרם,false,,5.60,0.0280,true,1,9219
7290000067599,false,אוסם - מנה חמה ספגטי רוטב בולנז 65 גרם,"אסם השקעות בע""מ",IL,מנה חמה ספגטי בולונז,גרמים,65.00,100 גרם,false,,5.10,0.0785,true,1,9221
7290000068138,false,אסם פודינג אינסטנט וניל 80 גרם,מיוצר עי קונדיטוריית,IL,אסם פודינג אינסטנט ו,גרמים,80.00,100 גרם,false,,5.00,0.0625,true,1,9226
7290000068237,false,ג'לי פטל צבע טבעי 85ג' אסם,מיוצר עי קונדיטוריית,IL,אסם ג'לי פטל צבעים ט,גרמים,85.00,100 גרם,false,,5.00,0.0588,true,1,9231
7290000068282,false,מנה חמה פירה עם ירקו,"אסם השקעות בע""מ",IL,מנה חמה פירה וירקות,גרמים,47.00,100 גרם,false,,5.00,0.1064,true,1,35773
7290000068343,false,אוסם - פירכונים מאורז מלא 140 גרם,"מיוצר ע""י PT, משווק",IL,פריכונים מאורז מלא א,גרמים,140.00,100 גרם,false,,5.90,0.0421,true,1,9233
7290000068701,false,שקדי מרק רכיבים טבע.מיכל 400ג' אסם,"אסם השקעות בע""מ",IL,שקדי מרק במיכל אסם 4,גרמים,400.00,100 גרם,false,,12.70,0.0317,true,1,9234
7290000068770,false,במבה יום הולדת אסם 8,"אסם השקעות בע""מ",IL,במבה יום הולדת 80גרם,גרמים,80.00,100 גרם,false,,3.80,0.0475,true,1,9235
7290000068787,false,במבה יום הולדת 25גרם,מיוצר עי קונדיטוריית,IL,במבה יום הולדת 25גרם,גרמים,25.00,100 גרם,false,,2.10,0.0840,true,1,9236
7290000069258,false,פסטה פרפקטו פנה ריגאטה 500ג' אסם,קריות זול,IT,פנה ריגאטה פרפקטו 50,גרמים,500.00,100 גרם,false,,5.60,0.0112,true,1,9237
7290000069364,false,פריכונים עגולים אורז דל נתרן אסם 140 גרם,"מיוצר ע""י PT, משווק",IL,פריכונים מאורז מלא ל,גרמים,140.00,100 גרם,false,,5.90,0.0421,true,1,9238
7290000071008,false,אוסם - בייגלה שטוחים מלח 60 גרם,"אסם השקעות בע""מ",IL,בייגלה אסם שטוחים מל,גרמים,60.00,100 גרם,false,,3.00,0.0500,true,1,9251
7290000072067,false,במבה במילוי קרם חלבה 60ג' אסם,מיוצר עי קונדיטוריית,IL,במבה במילוי קרם חלבה,גרמים,60.00,100 גרם,false,,3.80,0.0633,true,1,9252
7290000072241,false,אסם רוטב לפיצה בקבוק,"אסם השקעות בע""מ",IL,אסם רוטב פיצה 290מל,מיליליטרים,290.00,"100 מ""ל",false,,7.60,0.0262,true,1,9254
7290000072623,false,אסם קטשופ בקבוק לחיץ,"אסם השקעות בע""מ",IL,אסם קטשופ בקבוק לחיץ,גרמים,750.00,100 גרם,false,,9.30,0.0124,true,1,9255
7290000072630,false,קטשופ חריף אוסם 750 ג',"אסם השקעות בע""מ",IL,אסם קטשופ חריף 750 ג,גרמים,750.00,100 גרם,false,,10.20,0.0136,true,1,9256
7290000072753,false,קפה טייסטר צ'ויס קפה מגורען 200ג',נסטלה קוריאה - קפה,IL,נס קפה טייסטרס צ'ויס,גרמים,200.00,100 גרם,false,,25.60,0.1280,true,1,9257
7290000072968,false,דגני בוקר סיני מיניס נסטלה 500 ג',נסטלה פולין דגני בוק,PL,סיני מיניס דגני נסטל,יחידה,500.00,יחידה,false,,21.30,0.0426,true,1,9261
7290000073125,false,אוסם - מנה חמה פסטה עם עגבניות 62 גרם,"אסם השקעות בע""מ",IL,מנה חמה פסטה עם עגבנ,גרמים,62.00,100 גרם,false,,5.10,0.0823,true,1,9262
7290000073415,false,אוסם - מנה חמה פסטה ברוטב פיצה 61 גרם,"אסם השקעות בע""מ",IL,מנה חמה פסטה ברוטב פ,גרמים,61.00,100 גרם,false,,5.10,0.0836,true,1,9263
7290000073699,false,חומוס חלק צבר 150 ג',צבר,,צבר חומוס חלק 150ג,גרמים,150.00,100 גרם,false,,4.70,0.0313,true,1,9934
7290000073750,false,אוסם - מנה חמה נודלס בטעם עוף 70 גרם,טאי רזידנט,CN,מנה חמה נודלס בטעם ע,גרמים,70.00,100 גרם,false,,5.00,0.0714,true,1,9264
7290000073767,false,אוסם - מנה חמה נודלס בטעם בקר 70 גרם,טאי רזידנט,CN,מנה חמה נודלס בטעם ב,גרמים,70.00,100 גרם,false,,5.00,0.0714,true,1,9265
7290000073774,false,אוסם - מנה חמה נודלס בטעם פיקנטי 70 גרם,טאי רזידנט,CN,מנה חמה נודלס בטעם פ,גרמים,70.00,100 גרם,false,,5.00,0.0714,true,1,9266
7290000074153,false,ביסקוויט פתיבר שוקו,מיוצר עי קונדיטוריית,IL,אסם פתי בר שוקו 500ג,גרמים,500.00,100 גרם,false,,11.90,0.0238,true,1,9267
7290000074184,false,אוסם - פתי בר בינוני 500 גרם,"אסם השקעות בע""מ",IL,אסם פתי בר 500גרם.,גרמים,500.00,100 גרם,false,,9.30,0.0186,true,1,9268
7290000074245,false,אוסם - קרם קרקר אסם 250 גרם,"אסם השקעות בע""מ",IL,אסם קרם קרקר 250גרם,גרמים,250.00,100 גרם,false,,7.60,0.0304,true,1,9269
7290000074252,false,קרקר אסם שומשום 250 גרם,"אסם השקעות בע""מ",IL,אסם קרקר שומשום 250ג,גרמים,250.00,100 גרם,false,,6.80,0.0272,true,1,9270
7290000074276,false,קרקר פיקנטי טבעון 250 ג' אסם,"אסם השקעות בע""מ",IL,טבעון קרקר פיקנטי 25,גרמים,250.00,100 גרם,false,,8.50,0.0340,true,1,9271
7290000074375,false,אוסם - קרקר זהב 150 גרם,"אסם השקעות בע""מ",IL,אסם קרקר זהב 150גרם,גרמים,150.00,100 גרם,false,,6.40,0.0427,true,1,9273
7290000074696,false,"קרם קרקר 1 ק""ג אוסם","אסם השקעות בע""מ",IL,אסם קרם קרקר 1קג,קילוגרמים,1.00,"ק""ג",false,,17.10,17.1000,true,1,9276
7290000074764,false,קרקר זהב אסם 900 גרם,אסם תעשיות,IL,קרקר זהב אסם 900 גרם,גרמים,900.00,100 גרם,false,,17.10,0.0190,true,1,9279
7290000075204,false,אוסם - לחמית חיטה מלאה 250 גרם,"אסם השקעות בע""מ",IL,לחמית חיטה מלאה 250ג,גרמים,250.00,100 גרם,false,,6.80,0.0272,true,1,9283
7290000075693,false,עוגת הבית שמרים בריוש שוקולד 360ג',מיוצר עי קונדיטוריית,IL,עוגת שמרים בריוש שוק,גרמים,360.00,100 גרם,false,,12.70,0.0353,true,1,9284
7290000076133,false,בייגלה שמיניות קטנות 400 גרם אסם,"אסם השקעות בע""מ",IL,בייגלה אסם שמיניות ק,גרמים,400.00,100 גרם,false,,8.50,0.0213,true,1,9286
7290000077017,false,עוגיות קרמוגית וקרם שוקולד אסם 200 גרם,מיוצר עי קונדיטוריית,IL,אסם קרמוגית במילוי ש,גרמים,200.00,100 גרם,false,,8.50,0.0425,true,1,9288
7290000077253,false,אוסם - לחמית כפרית עם דגנים מלאים 190 גרם,"אסם השקעות בע""מ",IL,לחמית כפרית 190גרם,גרמים,190.00,100 גרם,false,,8.50,0.0447,true,1,9289
7290000078212,false,קרוטונים מתובלים 250 ג' אסם,עינת תעשיות מזון,IL,קרוטונים מתובלים אסם,גרמים,250.00,100 גרם,false,,11.00,0.0440,true,1,9292
7290000078762,false,אוסם - חטיפי פריכונים מאורז מלא בטעם דבש 80גר,סנורייס בלגיום אן. ו,BE,חטיפי פריכונים אורז,גרמים,80.00,100 גרם,false,,6.80,0.0850,true,1,9294
7290000079233,false,קרקר קרם דל נתרן 250 ג' אסם,אסם תעשיות,IL,אסם קרם קרקר דל נתרן,גרמים,250.00,100 גרם,false,,8.50,0.0340,true,1,9295
7290000080765,false,טוסטעים פת קלויה עם שומשום 100 ג' אוסם,ון דר מולן האלום,NL,טוסטעים פת קלויה עם,גרמים,100.00,100 גרם,false,,8.50,0.0850,true,1,9297
7290000081663,false,בייגלה אסם טבעות שומשום 300 גרם,מיוצר עי קונדיטוריית,IL,בייגלה אסם טבעות שומ,גרמים,300.00,100 גרם,false,,8.50,0.0283,true,1,9298
7290000085180,false,פתי בר וניל 470 גר' גטניו,"אחים גטניו בע""מ",,גטניו - פתיבר וניל 4,גרמים,470.00,100 גרם,false,,7.50,0.0160,true,1,22448
7290000100135,false,פירות קפואים דובדבן סנפרוסט 300 ג',סנפרוסט בעמ,IL,סדרת פירות קפואים-דו,גרמים,300.00,100 גרם,false,,11.00,0.0367,true,1,13132
7290000101132,false,לקט קטניות לחמין 800 ג' סנפרוסט,סנפרוסט בעמ,IL,לקט קטניות לחמין 800,גרמים,800.00,100 גרם,false,,15.30,0.0191,true,1,13141
7290000103365,false,מרק ירקות 550 ג' סנפרוסט,"איי, בי, אינבוו",IL,סנפרוסט מרק ירקות 50,גרמים,500.00,100 גרם,false,,12.80,0.0256,true,1,13147
7290000103846,false,מרק אפונה 570 ג' סנפרוסט,"סנפרוסט בע""מ",IL,סנפרוסט מרק אפונה קפ,גרמים,570.00,100 גרם,false,,12.80,0.0225,true,1,13161
7290000104072,false,עדשים ירוקות מבושלות מוקפאות 800 ג' סנפרוסט,"איי, בי, אינבוו",IL,סנפרוסט עדשים ירוקות,גרמים,800.00,100 גרם,false,,12.80,0.0160,true,1,13164
7290000104188,false,שעועית אדומה מבושלת סנפרוסט 800 גרם,"סנפרוסט בע""מ",IL,סנפרוסט שעועית אדומה,גרמים,800.00,100 גרם,false,,13.60,0.0170,true,1,13165
7290000104201,false,סנפרוסט אפונה עדינה,"איי, בי, אינבוו",IL,אפונה עדינה סנפרוסט,גרמים,600.00,100 גרם,false,,14.40,0.0240,true,1,13166
7290000104676,false,אפונה קפואה סנפרוסט 800 גרם,"איי, בי, אינבוו",IL,אפונת גינה סנפרוסט 8,גרמים,800.00,100 גרם,false,,12.70,0.0159,true,1,13170
7290000104683,false,שעועית שלמה 800 ג' סנפרוסט,"סנפרוסט בע""מ",IL,שעועית שלמה סנפרוסט,גרמים,800.00,100 גרם,false,,16.90,0.0211,true,1,13171
7290000104690,false,תירס גרעינים 800 ג' סנפרוסט,"איי, בי, אינבוו",IL,תירס גרעינים 800גר,גרמים,800.00,100 גרם,false,,13.60,0.0170,true,1,13172
7290000104706,false,גזר גמדי סנפרוסט 800 ג',"סנפרוסט בע""מ",IL,גזר גמדי 800 גרם,גרמים,800.00,100 גרם,false,,12.80,0.0160,true,1,13173
7290000104720,false,שעועית ירוקה סנפרוסט 800ג',"סנפרוסט בע""מ",IL,שעועית ירוקה חתוכה ס,גרמים,800.00,100 גרם,false,,13.60,0.0170,true,1,13175
7290000104737,false,שעועית צהובה חתוכה 800 ג' סנפרוסט,"סנפרוסט בע""מ",IL,שעועית צהובה חתוכה ס,גרמים,800.00,100 גרם,false,,13.60,0.0170,true,1,13176
7290000104744,false,כרובית סנפרוסט 800גר,"סנפרוסט בע""מ",IL,כרובית 800גר,גרמים,800.00,100 גרם,false,,20.40,0.0255,true,1,13177
7290000104751,false,כרוב ניצנים סנפרוסט 800 גרם,"איי, בי, אינבוו",IL,כרוב ניצנים 800גר,גרמים,800.00,100 גרם,false,,17.00,0.0213,true,1,13178
7290000104768,false,תרד עלים סנפרוסט 800 ג ',"איי, בי, אינבוו",IL,תרד עלים 800 גרם,גרמים,800.00,100 גרם,false,,17.00,0.0213,true,1,13179
7290000104805,false,גרגירי חומוס קפוא 800 ג' סנפרוסט,"איי, בי, אינבוו",IL,גרגירי חומוס קפוא 80,גרמים,800.00,100 גרם,false,,12.70,0.0159,true,1,13182
7290000104829,false,"קלחוני תירס 1 ק""ג סנפרוסט","סנפרוסט בע""מ",IL,"קלחוני תירס 1 ק""ג",קילוגרמים,1.00,"ק""ג",false,,12.70,12.7000,true,1,13183
7290000107165,false,פולי סויה אדממה סנפרוסט 400 ג',"איי, בי, אינבוו",IL,פולי סויה אדממה קפוא,גרמים,400.00,100 גרם,false,,10.20,0.0255,true,1,13190
7290000107189,false,תחתיות ארטישוק סנפרוסט 400גר,"איי, בי, אינבוו",IL,תחתיות ארטישוק 400גר,גרמים,400.00,100 גרם,false,,17.00,0.0425,true,1,13191
7290000110844,false,"כיפלי גריל בד""צ תלמה 70 ג'",יוניליור ישראל מזון,IL,חטיף כיפלי גריל 70 ג,גרמים,70.00,100 גרם,false,,5.00,0.0714,true,1,5110
7290000110851,false,"כיפלי בצל בד""צ תלמה 70 ג'",אתר שפע - Food,IL,"כיפלי בצל בד""ץ 70 גר",גרמים,70.00,100 גרם,false,,5.00,0.0714,true,1,5111
7290000111117,false,מרכך כביסה לבן 4 ל' בדין,יוניליור ישראל טיפוח,IL,בדין מרכך כביסה לבן,ליטרים,4.00,ליטר,false,,17.00,4.2500,true,1,5113
7290000112220,false,טחינה גולמית 100%בארכה 500ג',רושדי תעשיות מזון בע,IL,בארכה טחינה 100% שומ,גרמים,500.00,100 גרם,false,,11.90,0.0238,true,1,9299
7290000112237,false,"בארכה טחינה גולמית, 1 ק""ג",רושדי תעשיות מזון בע,IL,בארכה טחינה 100% שומ,קילוגרמים,1.00,"ק""ג",false,,19.60,19.6000,true,1,9300
7290000112503,false,מרק עשיר ירקות 61 ג' קנור,יוניליוור ישראל מזון,IL,מרק עשיר ירקות קנור,גרמים,61.00,100 גרם,false,,8.50,0.1393,true,1,5119
7290000114187,false,תרכיז ניקוי רב תכליתי בניחוח אורנים,סיף פנטסטיק Cif Fantastic,IL,סיף פנטסטיק אורנים 4,ליטרים,4.00,ליטר,false,,17.00,4.2500,true,1,5125
7290000116204,false,"אבקת מרק דגש בטעם עוף 1ק""ג קנור",יוניליוור ישראל מזון,IL,מרק דגש עוף קנור 1 ק,קילוגרמים,1.00,"ק""ג",false,,11.60,11.6000,true,1,5126
7290000116884,false,רוטב ברביקיו 350 ג' קנור,יוניליוור ישראל מזון,IL,רוטב ברביקיו קנור 20,מיליליטרים,200.00,"100 מ""ל",false,,9.00,0.0450,true,1,5127
7290000116945,false,קנור סויה קלאסי בדצ 350ג PAL,יוניליוור ישראל מזון,IL,רוטב סויה קנור 300מל,מיליליטרים,300.00,"100 מ""ל",false,,9.00,0.0300,true,1,5129
7290000117171,false,נמס בכוס בטעם עוף דל 48 ג' קנור,יוניליוור ישראל מזון,IL,מרק נמס בכוס בטעם עו,גרמים,48.00,100 גרם,false,,5.90,0.1229,true,1,5130
7290000121079,false,גבינה מון בלאן 9% שום שמיר 120ג',שלושת האופים,IL,מון בלאן שמיר 7% 120,גרמים,120.00,100 גרם,false,,10.20,0.0850,true,1,32174
7290000121093,false,גבינה מון בלאן שוויצרית 120ג',האי נאם סי או אל.טי.,IL,מון בלאן שויצרית 7%,גרמים,120.00,100 גרם,false,,10.20,0.0850,true,1,8300
7290000121109,false,"גבינת מון בלאן זיתים, 120 ג'",האי נאם סי או אל.טי.,IL,מון בלאן זיתים 7% 12,גרמים,120.00,100 גרם,false,,10.20,0.0850,true,1,8301
7290000121147,false,גבינה מון בלאן לייט 7% פיקנטי 120ג',"שלושת האופים בע""מ",IL,מון בלאן פיקנטי 7% 1,גרמים,120.00,100 גרם,false,,10.20,0.0850,true,1,32172
7290000121154,false,"גבינת מון בלאן סלמון, 120 ג'",האי נאם סי או אל.טי.,IL,מון בלאן סלמון 7% 12,גרמים,120.00,100 גרם,false,,7.60,0.0633,true,1,8302
7290000121239,false,מיוקל 5% שומן ללא כולסטרול תלמה 500ג',יוניליוור ישראל מזון,IL,מיוקל 5% מופחת שומן,גרמים,500.00,100 גרם,false,,10.20,0.0204,true,1,5135
7290000134550,false,טעם וריח עלי דפנה שק,תות ממתקי איכות,IL,טעם וריח עלי דפנה שק,גרמים,20.00,100 גרם,false,,3.50,0.1750,true,1,22964
7290000134673,false,תבלין זנגביל טעם ורי,תות ממתקי איכות,IL,תבלין זנגביל טעם ורי,גרמים,30.00,100 גרם,false,,5.10,0.1700,true,1,35899
7290000134826,false,תבלין זעתר מעורב 100 גר',תות ממתקי איכות,IL,תבלין זעתר טעם וריח,גרמים,100.00,100 גרם,false,,7.70,0.0770,true,1,22966
7290000134833,false,תבלין כמון טחון 100 גר',תות ממתקי איכות,IL,טעם וריח ת.כמון במיכ,גרמים,100.00,100 גרם,false,,7.70,0.0770,true,1,22967
7290000134857,false,תבלין פפריקה מתוקה 100 גר',תות ממתקי איכות,IL,טעם וריח ת.פפריקה מת,גרמים,100.00,100 גרם,false,,7.70,0.0770,true,1,22969
7290000135045,false,"משקה אנרגיה XL TEN תפוח 250 מ""ל","טמפו משקאות בע""מ",IL,אקס אל TEN פחית תפוח,מיליליטרים,250.00,"100 מ""ל",false,,3.90,0.0156,true,1,4629
7290000135052,false,"משקה אנרגיה XL TEN מנגו 250 מ""ל","טמפו משקאות בע""מ",IL,אקס אל TEN פחית מנגו,מיליליטרים,250.00,"100 מ""ל",false,,3.90,0.0156,true,1,4630
7290000135068,false,חזה עוף פרוס (שניצל),,,חזה עוף פרוס (שניצל),קילוגרמים,1.00,"ק""ג",true,,29.90,29.9000,true,1,35556
7290000135168,false,"פפסי מקס ליים פחית צרה מארז שישייה 330 מ""ל",אלפא S.A,AL,שישיית פחיות פפסי מק,ליטרים,1.98,ליטר,false,,15.30,7.7273,true,1,4634
7290000136141,false,משקה בטעם קולה 1.5ל' פפסי,פפסי Pepsi,IL,פפסי קולה 1.5 ליטר,ליטרים,1.50,ליטר,false,,6.80,4.5333,true,1,4656
7290000136158,false,פפסי מקס 1.5 ליטר פיקדון,פפסי Pepsi,IL,פפסי מקס 1.5 ליטר,ליטרים,1.50,ליטר,false,,6.80,4.5333,true,1,4657
7290000136165,false,מירינדה בקבוק 1.5 לי,מירינדה Mirinda,IL,מירינדה 1.5 ליטר,ליטרים,1.50,ליטר,false,,6.80,4.5333,true,1,4658
7290000136172,false,סבן אפ בקבוק 1.5 ליט,סבן אפ 7up,IL,סבן אפ 1.5 ליטר,ליטרים,1.50,ליטר,false,,6.80,4.5333,true,1,4659
7290000136189,false,דיאט סבן אפ 1.5 ליטר FREE,סבן אפ 7up,IL,סבן אפ דיאט 1.5 ליטר,ליטרים,1.50,ליטר,false,,6.80,4.5333,true,1,4660
7290000136455,false,משקה בטעם אשכוליות תריסר 1.5 ל' ג'אמפ,ג'אמפ,IL,ג`אמפ אשכול 1.5 ליטר,ליטרים,1.50,ליטר,false,,6.80,4.5333,true,1,4664
7290000136516,false,משקה בטעם מנגו פסיפלורה תריסר 1.5 ל' ג'אמפ,ג'אמפ,IL,ג`אמפ פסיפלורה 1.5 ל,ליטרים,1.50,ליטר,false,,6.80,4.5333,true,1,4666
7290000136523,false,משקה בטעם ענבים תריסר 1.5 ל' ג'אמפ,ג'אמפ,IL,ג`אמפ ענבים 1.5 ליטר,ליטרים,1.50,ליטר,false,,6.80,4.5333,true,1,4667
7290000136561,false,משקה בטעם תות בננה תריסר 1.5 ל' ג'אמפ,ג'אמפ,IL,ג`אמפ תות בננה 1.5 ל,ליטרים,1.50,ליטר,false,,6.80,4.5333,true,1,4668
7290000136646,false,משקה מאלט תריסר 1.5 ל' נשר,טמפו,IL,נשר מאלט 1.5 ליטר,ליטרים,1.50,ליטר,false,,7.70,5.1333,true,1,4670
7290000136653,false,משקה מאלט דיאט תריסר 1.5 ל' נשר,טמפו,IL,נשר מאלט דיאט 1.5 לי,ליטרים,1.50,ליטר,false,,7.70,5.1333,true,1,4671
7290000136660,false,סודה טמפו ליטר וחצי,טמפו,IL,טמפו סודה 1.5 ליטר,ליטרים,1.50,ליטר,false,,2.50,1.6667,true,1,4672
7290000136684,false,פפסי מקס פיקדון 1.5 ליטר,טמפו,IL,פפסי מקס 1.5 ליטר,ליטרים,1.50,ליטר,false,,6.80,4.5333,true,1,4674
7290000136769,false,מארז שישיה בטעם קולה 1.5 ל' פפסי,פפסי Pepsi,IL,פפסי קולה 6*1.5 ליטר,ליטרים,9.00,ליטר,false,,33.50,3.7222,true,1,4682
7290000136776,false,מארז פפסי מקס שישיה 1.5ל',פפסי Pepsi,IL,פפסי מקס 6*1.5 ליטר,ליטרים,9.00,ליטר,false,,32.70,3.6333,true,1,4683
7290000136820,false,סודה בטעם פירות יער מארז ריבעיה * 1.5 ל' טמפו,טמפו,IL,טמפו סודה פירות יער,ליטרים,6.00,ליטר,false,,11.00,1.8333,true,1,4687
7290000136844,false,מארז מים מזוככים אקווה נובה שישיית 2 ליטר,אקווה נובה Aqua Nova,IL,אקווה נובה 6*2 ליטר,ליטרים,12.00,ליטר,false,,10.40,0.8667,true,1,4689
7290000136875,false,מארז מים מינרלים מוגז 6* 1.5 ל' סאן בנדטו,סאן בנדטו San Benedetto,IL,סאן בנדטו מים מינרלי,ליטרים,9.00,ליטר,false,,15.60,1.7333,true,1,4692
7290000136936,false,סבן אפ דיאט בקבוק 1.,טמפו,IL,סבן אפ דיאט 1.5 ליטר,ליטרים,1.50,ליטר,false,,6.50,4.3333,true,1,4695
7290000137513,false,גלידונית גלידה וניל בציפוי שוקולד 60 יח' קרמיסימו,"גלידת שטראוס בע""מ, ר",IL,קרמיסימו גלידונית ש.,גרמים,700.00,100 גרם,false,,42.60,0.0609,true,1,2205
7290000139104,false,שלווה חיטה תפוחה ומת,"אשב""ל בע""מ",IL,שלווה אשבול 230 גרם,גרמים,230.00,100 גרם,false,,6.30,0.0274,true,1,555
7290000139898,false,סטייק עם עצם כשר ארו,,,סטייק עם עצם כשר ארו,קילוגרמים,1.00,"ק""ג",true,,119.70,119.7000,true,1,23037
7290000143200,false,"הוואי - מרכך לשיער יבש 700 מ""ל",שוורצקוף& הנקל דיסלד,IL,מרכך לשיער יבש הוואי,מיליליטרים,700.00,"100 מ""ל",false,,7.60,0.0109,true,1,4031
7290000143217,false,"הוואי שמפו יבש מסולסל 700 מ""ל",שוורצקוף& הנקל דיסלד,IL,שמפו לשיער יבש הוואי,מיליליטרים,700.00,"100 מ""ל",false,,7.60,0.0109,true,1,4032
7290000143255,false,"שמפו הוואי לשיער רגיל 700 מ""ל",שוורצקוף& הנקל דיסלד,IL,שמפו רגיל הוואי 700,מיליליטרים,700.00,"100 מ""ל",false,,7.60,0.0109,true,1,4033
7290000143262,false,"הוואי - שמפו ילדים 700 מ""ל",שוורצקוף& הנקל דיסלד,IL,שמפו הוואי ילדים 700,מיליליטרים,700.00,"100 מ""ל",false,,7.60,0.0109,true,1,4034
7290000143279,false,"הוואי שמפו נגד קשקשים 700 מ""ל אדום",שוורצקוף& הנקל דיסלד,IL,שמפו נגד קשקשים הווא,מיליליטרים,700.00,"100 מ""ל",false,,7.60,0.0109,true,1,4035
7290000143286,false,"מרכך הוואי לשיער רגיל 700 מ""ל",שוורצקוף& הנקל דיסלד,IL,מרכך רגיל הוואי 700,מיליליטרים,700.00,"100 מ""ל",false,,7.60,0.0109,true,1,4036
7290000144160,false,שמן זית כתית מעולה ארומתי מודגש 750מל,"מרקאולאו, ספרד.אבסה,",IT,שמן זית כתית מעולה א,מיליליטרים,750.00,"100 מ""ל",false,,29.00,0.0387,true,1,8522
7290000144467,false,שמן חמניות מועשר בנוגדי חמצון 1 ל' עץ הזית,"נארז ע""י : א.ג. גילר",GR,שמן חמניות בריאות מה,ליטרים,1.00,ליטר,false,,13.60,13.6000,true,1,8523
7290000144474,false,שמן קנולה בריאות מהטבע 1 ליטר,שמן תעשיות,EE,שמן קנולה בריאות עץ,ליטרים,1.00,ליטר,false,,13.60,13.6000,true,1,8524
7290000146645,false,הוואי - סבון מוצק שחור מסתורי 100 גרם רביעייה,טרופיקל דגיל,IL,סבון מוצק שחור מסתור,גרמים,400.00,100 גרם,false,,10.00,0.0250,true,1,4038
7290000146928,false,"טום וגרי משחת שיניים בטעם ענבים 50 מ""ל",שוורצקוף& הנקל דיסלד,IL,משחת שיניים טעם ענבי,מיליליטרים,50.00,"100 מ""ל",false,,5.90,0.1180,true,1,4043
7290000146997,false,"טום וג'רי - משחת שיניים מסטיק 50 מ""ל",שוורצקוף& הנקל דיסלד,IL,משחת שיניים טום וגרי,מיליליטרים,50.00,"100 מ""ל",false,,5.90,0.1180,true,1,4044
7290000148380,false,פיסטוקים קלויים קליי,"ג'י אנד ג'י בע""מ",IL,פיסטוק קלוי 200 גרם,גרמים,200.00,100 גרם,false,,18.40,0.0920,true,1,6371
7290000148748,false,גרעיני חמניה קלית גת 200 ג',"ג'י אנד ג'י בע""מ",IL,גרעיני חמניה 200 גרם,גרמים,200.00,100 גרם,false,,5.00,0.0250,true,1,6374
7290000148939,false,שקדים קלויים קלית גת 200 ג',"ג'י אנד ג'י בע""מ",IL,שקדים קלויים 200 גרם,גרמים,200.00,100 גרם,false,,17.10,0.0855,true,1,6375
7290000149615,false,נקה 7 סבון מוצק לתינוק רביעיה * 100 ג',גליל כימיקלים בעממשו,IL,אלסבון מוצק לתינוק נ,גרמים,400.00,100 גרם,false,,9.30,0.0233,true,1,15494
7290000150956,false,קבנוס מקלונים עוף טוב 160ג',מוצרי עוף טוב (2001),IL,עוף טוב מקלוני קבנוס,גרמים,160.00,100 גרם,false,,8.50,0.0531,true,1,9937
7290000151885,false,נקניק הודו יחידה 700גר,עוף טוב,IL,נקניק הודו יחידה 700,גרמים,700.00,100 גרם,false,,12.70,0.0181,true,1,9942
7290000152288,false,עוף טוב נקניקיות עוף מיס לוסי 400 ג',מוצרי עוף טוב (2001),IL,עוף טוב נקניקיות עוף,גרמים,400.00,100 גרם,false,,12.70,0.0317,true,1,9943
7290000152943,false,פסטרמה כפרית +סלמי כפרי עוף טוב 350X2ג',מולינו ניקולי s.p.a,IL,עוף טוב סלמי פסטרמה,גרמים,700.00,100 גרם,false,,18.70,0.0267,true,1,9945
7290000158105,false,שניצל עוף מיני דינוזאור 700גר',מוצרי עוף טוב (2001),IL,עוף טוב שניצל עוף מי,גרמים,700.00,100 גרם,false,,21.30,0.0304,true,1,9953
7290000168173,false,ברנפלקס קרנצים 375 ג' תלמה,יוניליור ישראל מזון,IL,ברנפלקס קרנצים תלמה,גרמים,375.00,100 גרם,false,,17.90,0.0477,true,1,5163
7290000169538,false,"נמס בכוס עגבניות וקרוטונים מרק כשרות בד""ץ 62 ג' קנור",יוניליוור ישראל מזון,IL,נמס בכוס עגבניות וקר,גרמים,62.00,100 גרם,false,,5.90,0.0952,true,1,5168
7290000170053,false,שוקולד פרה 100 ג' חלב.,"תופינית בע""מ",IL,שוקולד חלב פרה 100 ג,גרמים,100.00,100 גרם,false,,4.20,0.0420,true,1,11438
7290000174723,false,אבקת שוקולית עלית קופסא 500ג',הנסיך- מפעל לייצור ט,IL,שוקולית 500 גרם,גרמים,500.00,100 גרם,false,,10.10,0.0202,true,1,11444
7290000176079,false,קפה טורקי עם היל עלית 100 ג',הנסיך- מפעל לייצור ט,IL,טורקי עלית קפה עם הל,גרמים,100.00,100 גרם,false,,7.60,0.0760,true,1,11446
7290000176413,false,קפה נמס אבקתי עלית 5,הנסיך- מפעל לייצור ט,IL,עלית נמס 50 גר',גרמים,50.00,100 גרם,false,,7.60,0.1520,true,1,11451
7290000176420,false,קפה נמס אבקתי 200ג עלית,שטראוס קפה בי.וי,IL,קפה נמס עלית פחית 20,גרמים,200.00,100 גרם,false,,16.20,0.0810,true,1,11452
7290000178707,false,חטיף תפוציפס טבעי 50,"שטראוס פריטו ליי בע""",IL,תפוציפס טבעי 50 גרם,גרמים,50.00,100 גרם,false,,3.30,0.0660,true,1,12473
7290000178721,false,חטיף תפוציפס טבעי 20,"שטראוס פריטו ליי בע""",IL,תפוציפס טבעי 200 גרם,גרמים,200.00,100 גרם,false,,8.50,0.0425,true,1,12474
7290000186535,false,נייר טואלט טריו לבן 32 גלילים לילי,קימברלי קלארק ישראל,IL,לילי נייר טואלט טריו,מטרים,537.00,מטר,false,,35.80,0.0667,true,1,4319
7290000186931,false,ניקול כריות קרצוף חתוכות 12 יח',,,ניקול כריות קרצוף חת,יחידה,0.00,יחידה,false,,9.30,0.0000,true,1,4321
7290000187921,false,נייר טואלט לבן 32 גלילים לילי,קימברלי קלארק ישראל,IL,"נייר טואלט ""לילי"" לב",מטרים,588.00,מטר,false,,32.40,0.0551,true,1,4324
7290000187938,false,נייר טואלט פסטל 32 גלילים לילי,קימברלי קלארק,IL,"נייר טואלט ""לילי"" פס",מטרים,588.00,מטר,false,,34.20,0.0582,true,1,33225
7290000187952,false,נייר טואלט טריו לילי פרימיום 32גליל,קימברלי קלארק,IL,נייר טאולט לילי טריו,מטרים,537.00,מטר,false,,35.80,0.0667,true,1,4325
7290000188355,false,מגבות מטבח ניקול לבנה שישייה,קימברלי-קלארק,IL,מגבות מטבח ניקול לבנ,מטרים,64.80,מטר,false,,10.20,0.1574,true,1,4328
7290000189116,false,ניקול תבניות אלומניום עגולות 5 יח',בראבו,CN,ניקול תבניות עגולות,יחידה,0.00,יחידה,false,,8.50,0.0000,true,1,4336
7290000189192,false,מגבת רב שימושית סופר ניקול 64 דף,קימברלי קלארק,CO,ניקול מטלית חכמה יומ,יח',64.00,יח',false,,13.60,0.2125,true,1,4337
7290000189277,false,ניקול תבניות מלבניות 41*30*5.4,בראבו,,ניקול תבניות מלבניות,יחידה,0.00,יחידה,false,,8.50,0.0000,true,1,4342
7290000189505,false,תבנית קרטון אפיה אינגליש ניקול 5יח',"דוקארט בעמ, קיבוץ כפ",IL,ניקול תבנית אפייה מק,יחידה,0.00,יחידה,false,,8.30,0.0000,true,1,4345
7290000189550,false,אשפתון 78X90 ענק ניקול 20יח',קריות זול,IL,אשפתון זוג ענק 20,יחידה,0.00,יחידה,false,,20.40,0.0000,true,1,4347
7290000192581,false,מגבת נייר גליל כפול ניקול 12=6 גליל,,,מגבת כפולה ניקול 6=1,מטרים,129.70,מטר,false,,18.10,0.1396,true,1,4365
7290000193472,false,לילי מגני תחתון נטורל נורמל 60 יח',חוגלה קימברלי,IL,מגן תחתון נטורל נורמ,יחידה,0.00,יחידה,false,,12.70,0.0000,true,1,4370
7290000194208,false,כרעיים עוף חלק רב מח,,,כרעיים עוף חלק רב מח,קילוגרמים,1.00,"ק""ג",true,,29.00,29.0000,true,1,25758
7290000194239,false,מחפוד-חזה עוף קפוא מ,,,מחפוד-חזה עוף קפוא מ,קילוגרמים,1.00,"ק""ג",true,,29.00,29.0000,true,1,25759
7290000194253,false,כנפיים עוף קפוא ארוז,,,כנפיים עוף קפוא ארוז,קילוגרמים,1.00,"ק""ג",true,,11.90,11.9000,true,1,25760
7290000194284,false,מחפוד - פרגיות עוף ק,,,מחפוד - פרגיות עוף ק,קילוגרמים,1.00,"ק""ג",true,,64.10,64.1000,true,1,25763
7290000194307,false,מחפוד-כבד עוף קפוא מ,,,מחפוד-כבד עוף קפוא מ,קילוגרמים,1.00,"ק""ג",true,,28.20,28.2000,true,1,25764
7290000194345,false,שניצל עוף ארוז מחפוד,,,שניצל עוף ארוז מחפוד,קילוגרמים,1.00,"ק""ג",true,,29.90,29.9000,true,1,25766
7290000195537,false,האגיס - מגבוני האגיס דיילי קר לא מבושם 64 יח' * 4,חוגלה קימברלי,IL,מגבוני האגיס דיילי ק,יחידה,0.00,יחידה,false,,16.20,0.0000,true,1,4382
7290000195773,false,האגיס - מגבוני האגיס סנסטיב קר לא מבושם 64 יח' * 4,חוגלה קימברלי,IL,מגבוני האגיס סנסטיב,יחידה,0.00,יחידה,false,,16.20,0.0000,true,1,4385
7290000197029,false,ניקול שקיות ניילון ריצרץ לאחסון 12יח',קריות זול,,ניקול שקיות ניילון ר,יחידה,0.00,יחידה,false,,11.00,0.0000,true,1,4391
7290000197432,false,שקיות אוכל סנדביצ'ון ניקול מארז 150X2יח',אשלפסט תעשיות בעמ,IL,ניקול שקיות אוכל זוג,יחידה,0.00,יחידה,false,,11.00,0.0000,true,1,4401
7290000197753,false,ניילון נצמד אנטי בטקריאלי ניקול 30X2מ',קריות זול,,ניקול ניילונית זוג,מטרים,60.00,מטר,false,,9.30,0.1550,true,1,4408
7290000197876,false,ניקול תבנית אלומיניום 4 יח' 2 מכסים,פאלאס,CN,ניקול תבנית אלומיניו,יחידה,0.00,יחידה,false,,7.60,0.0000,true,1,4410
7290000197883,false,ניקול תבניות אלומיניום 4יח',ארץ ייצור: סין,CN,ניקול תבניות אלומיני,יחידה,0.00,יחידה,false,,7.60,0.0000,true,1,4411
7290000197951,false,ניקול תבנית אלומיניום ענק 3 יח',פאלאס,,ניקול תבנית אלומיניו,יחידה,0.00,יחידה,false,,7.60,0.0000,true,1,4412
7290000197982,false,רדיד אלומיניום עבה 45 ניקול 7.5 מ' זוגי,אופל,IL,ניקול רדיד אלומיניום,מטרים,15.00,מטר,false,,17.00,1.1333,true,1,4413
7290000201856,false,טיטולים פרימיום שלב 4 + 40יח',חוגלה קימברלי,IL,טיטולים פרימיום שלב,יחידה,0.00,יחידה,false,,26.40,0.0000,true,1,4422
7290000201979,false,האגיס מגבונים לחים מהדורה לא מבושם 4*56,חוגלה קימברלי,IL,מגבוני האגיס מהדורה,יח',288.00,יח',false,,16.20,0.0562,true,1,4425
7290000204512,false,מטליות לחות לרצפה בניחוח לימון 10 יח' ניקול,עלבד משואות יצחק בעמ,IL,מטליות לחות לרצפה בר,יחידה,0.00,יחידה,false,,8.50,0.0000,true,1,4432
7290000204611,false,ספוגיות הקסם ניקול 6יח',קריות זול,US,ניקול ספוגית הקסם*6,יחידה,0.00,יחידה,false,,9.30,0.0000,true,1,4433
7290000207063,false,רסק עגבניות פריכוז 28% 240 גרם יכין,היינץ צפון אמריקה מק,IL,רוטב עגבניות פריכוז,גרמים,240.00,100 גרם,false,,3.30,0.0137,true,1,4176
7290000207162,false,רוטב עגבניות מרכיב טבעי 100 ג' יכין,"זנלכל בע""מ",IL,רוטב עגבניות 100 גרם,גרמים,100.00,100 גרם,false,,2.20,0.0220,true,1,4177
7290000208022,false,עגבניות מרוסקות 800 גרם יכין,"זנלכל בע""מ",IL,עגבניות מרוסקות יכין,גרמים,800.00,100 גרם,false,,8.50,0.0106,true,1,4179
7290000208077,false,אפונת גינה גדולה 550 גרם יכין,"זנלכל בע""מ",IL,אפונת גינה גדולה L י,גרמים,335.00,100 גרם,false,,7.60,0.0227,true,1,4180
7290000208114,false,אפונת גינה וגזר 550 ג' יכין,"זנלכל בע""מ",IL,אפונת גינה וגזר יכין,גרמים,330.00,100 גרם,false,,7.60,0.0230,true,1,4181
7290000208213,false,שעועית לבנה אפויה A2 ברוטב עגבניות יכין 560ג',היינץ צפון אמריקה מק,IL,שעועית לבנה ברוטב עג,גרמים,355.00,100 גרם,false,,7.60,0.0214,true,1,4184
7290000208220,false,שעועית צילי חריף 550 ג' יכין,היינץ צפון אמריקה מק,IL,שעועית צילי חריף יכי,גרמים,355.00,100 גרם,false,,8.50,0.0239,true,1,4185
7290000208312,false,גרעיני תירס מתוק בואקום יכין 400 גר',"זנלכל בע""מ",IL,גרעיני תירס מתוק יכי,גרמים,400.00,100 גרם,false,,5.90,0.0148,true,1,4189
7290000208329,false,גרעיני תירס מתוק A2 יכין 550ג',"זנלכל בע""מ",IL,גרעיני תירס מתוק יכי,גרמים,335.00,100 גרם,false,,7.60,0.0227,true,1,4190
7290000208336,false,רסק עגבניות 22% 240 גרם יכין,"זנלכל בע""מ",IL,רוטב עגבניות יכין 24,גרמים,240.00,100 גרם,false,,3.80,0.0158,true,1,4191
7290000208343,false,עגבניות מרוסקות שום יכין 800 גר,היינץ צפון אמריקה מק,IL,עגבניות מרוסקות שום,גרמים,800.00,100 גרם,false,,8.50,0.0106,true,1,4192
7290000208404,false,A2 פול מצרי 550 גרם יכין,"זנלכל בע""מ",IL,פול מצרי יכין 550 גר,גרמים,350.00,100 גרם,false,,7.60,0.0217,true,1,4195
7290000208428,false,גרגרי חומוס שלם 550 גרם יכין,"זנלכל בע""מ",IL,חומוס שלם יכין 550 ג,גרמים,290.00,100 גרם,false,,7.60,0.0262,true,1,4196
7290000208800,false,תירס קיד מתוק יכין 4,,,תירס קיד מתוק יכין 4,גרמים,400.00,100 גרם,false,,5.90,0.0148,true,1,4199
7290000208893,false,תירס מתוק לייט יכין,היינץ צפון אמריקה מק,IL,תירס לייט יכין 400 ג,גרמים,400.00,100 גרם,false,,5.90,0.0148,true,1,4201
7290000208930,false,עגבניות מרוסקות בתוספת שום 240 ג' יכין,"זנלכל בע""מ",IL,עגבניות מרוסקות עם ש,גרמים,260.00,100 גרם,false,,4.70,0.0181,true,1,4202
7290000208978,false,רסק עגבניות פריכוז 28% 100 גרם יכין,היינץ צפון אמריקה מק,IL,רוטב עגבניות פריכוז,גרמים,100.00,100 גרם,false,,2.50,0.0250,true,1,4204
7290000209012,false,חומץ הדרים יכין 1 לי,"זנלכל בע""מ",IL,חומץ הדרים 5% יכין 1,ליטרים,1.00,ליטר,false,,5.00,5.0000,true,1,4205
7290000209173,false,חומץ סינטטי יכין 1 ל,זנלכל,IL,חומץ סינטטי 5% יכין,ליטרים,1.00,ליטר,false,,4.00,4.0000,true,1,4207
7290000209371,false,שלישיית תירס קטן יכי,היינץ צפון אמריקה מק,IL,תירס שלישיה יכין 3*1,גרמים,495.00,100 גרם,false,,12.70,0.0257,true,1,4210
7290000209388,false,תירס גרגרים לייט וואקום מארז 60X3ג',יכין,,תירס לייט שלישיה יכי,גרמים,420.00,100 גרם,false,,12.70,0.0302,true,1,4211
7290000209722,false,רסק עגבניות 28% פריכוז 580 גרם יכין,"זנלכל בע""מ",IL,רוטב עגבניות מרוכז מ,גרמים,580.00,100 גרם,false,,8.50,0.0147,true,1,4218
7290000209944,false,רוטב לעגבניות בסיס לשקשוקה 240 ג' יכין,"זנלכל בע""מ",IL,רוטב לעגבניות לשקשוק,גרמים,260.00,100 גרם,false,,4.70,0.0181,true,1,4221
7290000210896,false,רוטב בלונוז לפסטה יכין 240 ג',"זנלכל בע""מ",IL,רוטב לפסטה בולונז יכ,גרמים,260.00,100 גרם,false,,4.70,0.0181,true,1,4225
7290000211169,false,"אורז תאילנדי אחד אחד סוגת 1 ק""ג",האי נאם סי או אל.טי.,IL,אורז תאילנדי 1 ק'ג,קילוגרמים,1.00,"ק""ג",false,,5.90,5.9000,true,1,8526
7290000211312,false,סוגת אורז מלא פרסי אחד אחד 1 קג,האי נאם סי או אל.טי.,IL,אורז מלא אחד אחד 1קג,קילוגרמים,1.00,"ק""ג",false,,6.80,6.8000,true,1,8527
7290000211374,false,"קמח מלא סוגת 1 ק""ג",תחנות קמח דגן 2006 ב,IL,"קמח מלא סוגת 1 ק""ג",קילוגרמים,1.00,"ק""ג",false,,5.90,5.9000,true,1,8528
7290000211442,false,"סוגת אורז פרסי קלאסי שקית 1 ק""ג",האי נאם סי או אל.טי.,IL,סוגת אורז פרסי קלאסי,קילוגרמים,1.00,"ק""ג",false,,9.30,9.3000,true,1,8530
7290000211503,false,סוכר לבן ארוז בשקית,"סוגת תעשיות בע""מ",IL,"סוכר סוגת לבן 1 ק""ג",קילוגרמים,1.00,"ק""ג",false,,3.80,3.8000,true,1,8531
7290000211985,false,"אורז ריזוטו עגול סוגת 1 ק""ג","סוגת תעשיות בע""מ",IL,סוגת אורז עגול 1קג,קילוגרמים,1.00,"ק""ג",false,,10.20,10.2000,true,1,8533
7290000212173,false,וופל טעם שוקולד מנעמים 500 ג',קריות זול,,ופל שוקו מנעמים 500,גרמים,500.00,100 גרם,false,,8.50,0.0170,true,1,102121
7290000212579,false,וופל מצופה מנעמים מארז 40X20ג',,,ופל מצופה שוקולד מנע,גרמים,800.00,100 גרם,false,,14.50,0.0181,true,1,19613
7290000212975,false,"ופל שוקו מנעמים 1 ק""",,,"ופל שוקו מנעמים 1 ק""",קילוגרמים,1.00,"ק""ג",false,,14.50,14.5000,true,1,102105
7290000226514,false,עוגת דובוש ריבת חלב 400 גר',קפולסקי שיווק וקמעונ,IL,עוגת היום- דובוש ריב,גרמים,450.00,100 גרם,false,,35.00,0.0778,true,1,22067
7290000238036,false,מלאווח 6יח' מעדנות 700ג',מיוצר עי קונדיטוריית,IL,מעדנות מלווח 700גר,גרמים,700.00,100 גרם,false,,13.60,0.0194,true,1,19514
7290000238173,false,בורקס גבינה 800 ג' מעדנות,מיוצר עי קונדיטוריית,IL,בורקס גבינה מעדנות 8,גרמים,800.00,100 גרם,false,,12.70,0.0159,true,1,19515
7290000243566,false,"שמן קנולה בריאות 750 מ""ל",שמן תעשיות,EE,שמן קנולה בריאות עץ,מיליליטרים,750.00,"100 מ""ל",false,,10.20,0.0136,true,1,8534
7290000244051,false,"סבון נוזלי הוואי מ.טרופי - שלישיה * 500 מ""ל",קריות זול,,סבון נוזלי טרופי הוו,ליטרים,1.50,ליטר,false,,12.70,8.4667,true,1,4045
7290000245089,false,סוד סופט מרכך כביסה סגול 4 ליטר,"הנקל סוד בע""מ",IL,מרכך כביסה סוד סגול,ליטרים,4.00,ליטר,false,,12.60,3.1500,true,1,19093
7290000245157,false,סוד סופט מרכך כביסה סנסיישן 4 ליטר,"הנקל סוד בע""מ",IL,מרכך כביסה סוד סנסיי,ליטרים,4.00,ליטר,false,,12.60,3.1500,true,1,19094
7290000245287,false,"פרסיל אבקת כביסה 1.250 ק""ג קולור ויניגר","הנקל סוד בע""מ",IL,אבקת כביסה פרסיל קול,קילוגרמים,1.25,"ק""ג",false,,13.60,10.8800,true,1,19096
7290000245294,false,"א.כ. פרסיל סופרא שקית 2.5 ק""ג","הנקל סוד בע""מ",IL,אבקת כביסה פרסיל 2.5,קילוגרמים,2.50,"ק""ג",false,,23.00,9.2000,true,1,19097
7290000245478,false,"אבקת כביסה לבגדי תינוקות 1.25 ק""ג סוד","הנקל סוד בע""מ",IL,סוד א.כ בייבי 1.25קג,קילוגרמים,1.25,"ק""ג",false,,11.00,8.8000,true,1,19098
7290000245782,false,סוד סופט מרכך כביסה ורוד 4 ליטר,"הנקל סוד בע""מ",IL,מרכך כביסה סוד ורוד,ליטרים,4.00,ליטר,false,,12.60,3.1500,true,1,19099
7290000245799,false,סוד סופט מרכך כביסה כחול 4 ליטר,"הנקל סוד בע""מ",IL,מרכך כביסה סוד כחול,ליטרים,4.00,ליטר,false,,12.60,3.1500,true,1,19100
7290000253220,false,שוקולד צ'יפס חום אופנהיימר 260 גר',אופנהיימר,IL,שוקולד צ'יפס אופנהיי,גרמים,260.00,100 גרם,false,,9.30,0.0358,true,1,12669
7290000262031,false,מולט - נייר טואלט לב 32 יח',חוגלה קימברלי,,נייר טואלט מולט לב 3,מטרים,563.00,מטר,false,,26.40,0.0469,true,1,4436
7290000267500,false,קליפות הדר מצופות בשוקולד,שקדיה,,קליפות הדר בציפוי שו,גרמים,200.00,100 גרם,false,,9.30,0.0465,true,1,31419
7290000272467,false,סירופ עסיס דיאט פטל 1ל,בית-השיטה עסיס תעשיו,IL,סירופ דיאט פטל עסיס,ליטרים,1.00,ליטר,false,,14.50,14.5000,true,1,9303
7290000272696,false,עסיס מיץ לימון טבעי משומר 1 ל' אסם,בית-השיטה עסיס תעשיו,IL,מיץ לימון משומר עסיס,ליטרים,1.00,ליטר,false,,8.10,8.1000,true,1,9304
7290000272726,false,חומץ טבעי 5% עסיס 1 ל' אסם,בית השיטה עסיס תעשיו,IL,חומץ טבעי 5% עסיס 1,ליטרים,1.00,ליטר,false,,5.00,5.0000,true,1,9305
7290000286228,false,כרית קרצוף לכלים סנו סושי 6יח',סנו מפעלי ברונו בעמ,IL,סנו סושי שישיות כריו,יחידה,0.00,יחידה,false,,10.20,0.0000,true,1,15501
7290000286466,false,פילה דג לברק/ בס יפנ,,,פילה דג לברק/ בס יפנ,קילוגרמים,1.00,"ק""ג",true,,42.70,42.7000,true,1,91764
7290000286534,false,פילה מדומה מוכשר קפו,,,פילה מדומה מוכשר קפו,קילוגרמים,1.00,"ק""ג",true,,34.20,34.2000,true,1,90595
7290000286824,false,פילה דג נסיכת הנילוס,,,פילה דג נסיכת הנילוס,קילוגרמים,1.00,"ק""ג",true,,34.20,34.2000,true,1,90727
7290000286947,false,פילה דג סלמון נורווג,,,פילה דג סלמון נורווג,קילוגרמים,1.00,"ק""ג",true,,72.60,72.6000,true,1,93726
7290000287409,false,סנובון שלישיה תות 3 יח' *55 ג',סנו מפעלי ברונוס בעמ,IL,סנובון שלישיה תות 3*,גרמים,165.00,100 גרם,false,,10.20,0.0618,true,1,15521
7290000287430,false,סנובון צבעוני לאסלה בריח לימון שלישייה,סנו מפעלי ברונו בעמ,IL,סנובון שלישיה צבעוני,גרמים,165.00,100 גרם,false,,10.20,0.0618,true,1,15522
7290000288024,false,סנו - ז'אוול אקונומיקה בריח לימון 4 ליטר,"סנו מפעלי ברונוס בע""",IL,סנו ז'אוול בריח לימו,ליטרים,4.00,ליטר,false,,14.40,3.6000,true,1,15530
7290000288048,false,סנו ז'אוול קצף לבנדר מרסס 1ל',"סנו מפעלי ברונוס בע""",IL,סנו ג'אוול מרסס אילנ,ליטרים,1.00,ליטר,false,,15.30,15.3000,true,1,15532
7290000288079,false,סנו - ז'אוול אקונומיקה לימון 2 ליטר,"סנו מפעלי ברונוס בע""",IL,סנו זאוול בריח לימון,ליטרים,2.00,ליטר,false,,9.30,4.6500,true,1,15533
7290000289069,false,סנו - ז'אוול מרסס קצף ניקוי בתוספת אקונומיקה בריח לימון 1 ליטר,"סנו מפעלי ברונוס בע""",IL,סנו ג'אוול מרסס לימו,ליטרים,1.00,ליטר,false,,15.30,15.3000,true,1,15550
7290000289236,false,K3 נמלים פיתיון ג'ל - קוטל נמלים בבית ובחצר,"סנו מפעלי ברונוס בע""",IL,סנו K300פיתיון ג'ל ק,יחידה,0.00,יחידה,false,,43.50,0.0000,true,1,15551
7290000289380,false,"סנו - ז'אוול לניקוי אסלות לימון 750 מ""ל",סנו,IL,סנו ג'אוול לימון לני,מיליליטרים,750.00,"100 מ""ל",false,,10.20,0.0136,true,1,15552
7290000289601,false,סנו ז'אוול בריח לבנדר 2 ל',"סנו מפעלי ברונוס בע""",IL,אקונומיקה LEVAJ לבנד,ליטרים,2.00,ליטר,false,,10.20,5.1000,true,1,15556
7290000289915,false,"סנו פרש ענק קוקו וניל צהוב 375 מ""ל",סנו,IL,סנו פרש ענק קוקו וני,מיליליטרים,375.00,"100 מ""ל",false,,9.30,0.0248,true,1,15559
7290000291963,false,סנו ז'אוול סמיכה לימון 1 ל',סנו,IL,סנו ז'אוול סמיכה לימ,יחידה,0.00,יחידה,false,,6.80,0.0000,true,1,15562
7290000292311,false,סנו פוליווקס לרצפות סחלבים 2ל',"סנו מפעלי ברונוס בע""",IL,סנו פוליווקס סחלבים,ליטרים,2.00,ליטר,false,,17.90,8.9500,true,1,15565
7290000292502,false,"k-800 קוטל נמלים 300מ""ל","סנו מפעלי ברונוס בע""",IL,K 800קוטל נמלים 300,מיליליטרים,300.00,"100 מ""ל",false,,17.00,0.0567,true,1,15567
7290000292533,false,ג'ל סנו כחול לניקוי כללי 1 ליטר,קריות זול,,סנו ג'ל לניקוי כללי,ליטרים,1.00,ליטר,false,,14.40,14.4000,true,1,15568
7290000292687,false,סנובון לאסלה כחול אפרסק נתלה 55X3ג',מיוצר עי קונדיטוריית,IL,סנובון כחול שלישיה,גרמים,165.00,100 גרם,false,,13.60,0.0824,true,1,15571
7290000293073,false,מרכך כביסה מקסימה ביו לבן 4 ל' סנו,"סנו מפעלי ברונוס בע""",IL,מרכך כביסה סנו מקסימ,ליטרים,4.00,ליטר,false,,19.60,4.9000,true,1,15575
7290000293530,false,סופג לחות שקית מילוי,קריות זול,IL,מילוי סופג לחות,מיליליטרים,340.00,"100 מ""ל",false,,11.00,0.0324,true,1,15577
7290000293837,false,"קרמה מן דאודורנט ג'ל אנטיפרספירנט 70 מ""ל",קוסמופארם בעמ,IL,דאודורנט ג'ל קרמה מן,מיליליטרים,70.00,"100 מ""ל",false,,11.90,0.1700,true,1,15580
7290000294575,false,סנו סושי רב מגבת 63 דפים בגליל,סנו,IL,סנו רב מגבת,מטרים,13.80,מטר,false,,10.20,0.7391,true,1,15584
7290000295367,false,"מקסימה ז'אוול 2.5ק""ג אבקת כביסה מרכז",הורביץ סחר,IL,אבקת כביסה סנו מקסימ,קילוגרמים,2.50,"ק""ג",false,,23.00,9.2000,true,1,15592
7290000295541,false,סנו רב מגבת גמבו 75 דפים בגליל,מיוצר עי קונדיטוריית,IL,סנו רב מגבת גמבו,יחידה,0.00,יחידה,false,,14.40,0.0000,true,1,15595
7290000295558,false,רדיד אלומיניום סנו סושי זוגי 30X7.5מ',מולינו ניקולי s.p.a,CN,צמד רדיד אלומיניום ק,מטרים,15.00,מטר,false,,10.20,0.6800,true,1,15596
7290000295749,false,ספוג כייף סאקי מסאז 1יח',גוד פוד פרודקטס S.p,IL,סנו ספוג סאקי כיף 26,יחידה,0.00,יחידה,false,,10.20,0.0000,true,1,15600
7290000295794,false,כרית מתכת סנו סושי אל חלד 3יח',,,ספוגיות אל חלד זוג,יחידה,0.00,יחידה,false,,10.20,0.0000,true,1,15601
7290000300900,false,טבעול שניצל תירס 8*750גרם רכיבים טבעיים,עיצובים 2020 (4.8),IL,שניצל תירס טבעול רכי,גרמים,750.00,100 גרם,false,,21.20,0.0283,true,1,9959
7290000305882,false,יונה אס דגים עם ירק ברוטב 120ג,סטארקיסט פודור בעמ,TR,אס דגים עם ירקות ברו,גרמים,120.00,100 גרם,false,,4.20,0.0350,true,1,13879
7290000307015,false,אפונת גינה גדול A2 פרי גליל 550ג',"פרי הגליל בע""""מ",IL,אפונת גינה גדול A2 פ,גרמים,550.00,100 גרם,false,,5.90,0.0107,true,1,4104
7290000313160,false,עוגיות חברים זהבה ו-3 הדובים שוקו' אסם 250 גר',היינץ צפון אמריקה מק,IL,חברים זהבה ושלושת הד,גרמים,250.00,100 גרם,false,,7.30,0.0292,true,1,9306
7290000313290,false,אסם נודלס נודלס אטריות מסולסלות 200גר,תאי פרזידנט פוד בנגק,TH,נודלס אטריות מסולסלו,יחידה,200.00,יחידה,false,,7.70,0.0385,true,1,9309
7290000318127,false,נקניקיות ביס 380 ג' יחיעם,מעדני יחיעם 1993,IL,נקניקיות ביס 380 גרם,גרמים,380.00,100 גרם,false,,9.30,0.0245,true,1,7878
7290000318479,false,פרושטו בקר יחיעם 100גר,תאי פרזידנט פוד פאבל,IL,פרושטו בקר יחיעם 100,גרמים,100.00,100 גרם,false,,23.00,0.2300,true,1,7879
7290000319124,false,סלמי סרוולד יחיעם 25,מעדני יחיעם 1993,IL,סלמי סרוולט 250 גרם,גרמים,250.00,100 גרם,false,,29.80,0.1192,true,1,7883
7290000319131,false,נקניקיות עוף 400 ג' יחיעם,מעדני יחיעם 1993,IL,נקניקיות עוף יחיעם 4,גרמים,400.00,100 גרם,false,,9.40,0.0235,true,1,7884
7290000319520,false,סאלמי צרפתי יחיעם 10,מעדני יחיעם 1993,IL,סאלמי צרפתי יחיעם 10,גרמים,100.00,100 גרם,false,,16.20,0.1620,true,1,7886
7290000332350,false,פילה אמנון טרי במגש,,,פילה אמנון טרי במגש,קילוגרמים,1.00,"ק""ג",true,,76.90,76.9000,true,1,26401
7290000334325,false,ציפס למיקרו מארז שלישיה 125 ג' תפוגן,"תעשיות תפוגן בע""מ",IL,תפוגן ציפס למיקרו מא,גרמים,375.00,100 גרם,false,,10.90,0.0291,true,1,9965
7290000334684,false,טבעות בצל 700 ג' תפוגן,"תעשיות תפוגן בע""מ",IL,טבעות בצל 700 גרם,גרמים,700.00,100 גרם,false,,14.50,0.0207,true,1,9966
7290000336053,false,"תרכיז טבעי סיידר הגליל 330 מ""ל","טמפו משקאות בע""מ",IL,תרכיז תפוחים טהור בק,מיליליטרים,330.00,"100 מ""ל",false,,11.90,0.0361,true,1,4707
7290000342832,false,מרכך כביסה צהוב 4 ל' בדין,קריות זול,,בדין מרכך כביסה צהוב,ליטרים,4.00,ליטר,false,,17.00,4.2500,true,1,5176
7290000342856,false,מרכך כביסה כחול 4 ל' בדין,יוניליור ישראל טיפוח,IL,בדין מרכך כביסה כחול,ליטרים,4.00,ליטר,false,,17.00,4.2500,true,1,5177
7290000345260,false,תה ויסוצקי קלאסיק 25X1.50יח',מולינו ניקולי s.p.a,IL,תה ויסוצקי קלאסיק 25,גרמים,37.50,100 גרם,false,,5.90,0.1573,true,1,12677
7290000345284,false,תה ויסוצקי קלאסיק טעם עשיר 100/1.5יח',מולינו ניקולי s.p.a,IL,תה ויסוצקי 1.5 קלאסי,גרמים,150.00,100 גרם,false,,13.60,0.0907,true,1,12679
7290000345307,false,תה ארל גריי 50 שקיקים ויסוצקי,מולינו ניקולי s.p.a,IL,תה ארל גריי 1.5/50,גרמים,75.00,100 גרם,false,,24.70,0.3293,true,1,12681
7290000345536,false,תה נענע 25 שקיקים *1.5 ג',מולינו ניקולי s.p.a,IL,תה נענע 25 שקיות 1.5,גרמים,37.50,100 גרם,false,,14.10,0.3760,true,1,12682
7290000346021,false,תה הגן הקסום קמומיל 50יח',בית ויסוצקי,IL,תה קמומיל 50 שקיקים,גרמים,75.00,100 גרם,false,,30.70,0.4093,true,1,12684
7290000346205,false,תה הגן הקסום תה קמומיל 25 יח',קריות זול,IL,תה קמומיל 25 שקיקים,גרמים,37.50,100 גרם,false,,14.40,0.3840,true,1,12689
7290000346960,false,תה ויסוצקי נענע 1.7 גרם 50יח',בית ויסוצקי,IL,תה נענע 50 שקיקים 1.,גרמים,75.00,100 גרם,false,,24.70,0.3293,true,1,12691
7290000347738,false,תה ירוק נענע 25 שקיקים 1.5 גרם,קריות זול,IL,תה ירוק נענע 25 שקיק,גרמים,37.50,100 גרם,false,,20.40,0.5440,true,1,12692
7290000364261,false,דקניקים סלסולי כתף בקר 120 ג' טירת צבי,הנסיך- מפעל לייצור ט,IL,סלסולי כתף בקר 120 ג,גרמים,120.00,100 גרם,false,,11.90,0.0992,true,1,13045
7290000364278,false,דקניקים סילסולי סלמי איטלקי 120 ג' טירת צבי,הנסיך- מפעל לייצור ט,IL,סלסולי סלמי איטלקי מ,גרמים,120.00,100 גרם,false,,11.90,0.0992,true,1,13046
7290000364285,false,דקניקים סלסולי פסטרמה הודו 120 ג' טירת צבי,הנסיך- מפעל לייצור ט,IL,טירת צבי סלסולי פסטר,גרמים,120.00,100 גרם,false,,11.90,0.0992,true,1,13047
7290000364292,false,דקניקים סלסולי פסטרמה הודו על גחלים 120 ג' טירת צבי,הנסיך- מפעל לייצור ט,IL,סלסולי פסטרמה גחלים,גרמים,120.00,100 גרם,false,,11.90,0.0992,true,1,13048
7290000364858,false,"נקניקיות עוף טרי 1 ק""ג טירת צבי",הנסיך- מפעל לייצור ט,IL,נקניקיות עוף טרי 1 ק,קילוגרמים,1.00,"ק""ג",false,,19.60,19.6000,true,1,13053
7290000364872,false,נקניקיות עוף טירת צבי 400 ג',טיב טירת צבי 2000,IL,נקניקיות עוף 400 גרם,גרמים,400.00,100 גרם,false,,10.20,0.0255,true,1,13054
7290000364957,false,נקנקיות מיני - מיני עוף טירת צבי 700 ג',הנסיך- מפעל לייצור ט,IL,נקנקיות מיני - מיני,גרמים,700.00,100 גרם,false,,17.90,0.0256,true,1,13055
7290000367590,false,צמד כפרי סלמי+פסטרמה 800 גרם טירת צבי,טיב טירת צבי 2000,IL,צמד כפרי נק.סלמי+פסט,גרמים,800.00,100 גרם,false,,21.70,0.0271,true,1,13056
7290000382289,false,סל נשיאה יינות ביתן,,,סל נשיאה יינות ביתן,יחידה,0.00,יחידה,false,,3.00,0.0000,true,1,9
7290000385074,false,אסאדו עגל כשר ארוז ט,,,אסאדו עגל כשר ארוז ט,קילוגרמים,1.00,"ק""ג",true,,42.60,42.6000,true,1,23041
7290000385098,false,מוזה {שריר} כשר ארוז,,,מוזה {שריר} כשר ארוז,קילוגרמים,1.00,"ק""ג",true,,51.20,51.2000,true,1,23042
7290000385128,false,צלי כתף עגל כשר טרי,,,צלי כתף עגל כשר טרי,קילוגרמים,1.00,"ק""ג",true,,76.90,76.9000,true,1,23043
7290000385142,false,פילה מדומה כשר ארוז,,,פילה מדומה כשר ארוז,קילוגרמים,1.00,"ק""ג",true,,68.30,68.3000,true,1,23045
7290000385159,false,קוביות לגולש כשר ארו,,,קוביות לגולש כשר ארו,קילוגרמים,1.00,"ק""ג",true,,51.20,51.2000,true,1,23046
7290000408316,false,דנונה ביו יוגורט טבעי 3% 200 ג',מיוצר עי קונדיטוריית,IL,דנונה טבעי 3% 200מל,מיליליטרים,200.00,"100 מ""ל",false,,3.20,0.0160,true,1,12080
7290000408354,false,יוגורט עם אורז מצופה שוקולד קקאו 175 ג' דנונה,"שטראוס בריאות בע""מ",IL,דנונה קראנצ' פצפוצים,מיליליטרים,175.00,"100 מ""ל",false,,3.90,0.0223,true,1,12081
7290000416021,false,ממרח שוקולד השחר חלבי 500 גר',השחר העולה,IL,ממרח שוקולד השחר 500,גרמים,500.00,100 גרם,false,,11.90,0.0238,true,1,15026
7290000416045,false,ממרח שוקולד השחר דלי,השחר העולה,IL,ממרח שוקולד השחר 1 ק,קילוגרמים,1.00,"ק""ג",false,,21.30,21.3000,true,1,15027
7290000416076,false,שוקולד צימקאו לבישול השחר 400 ג',השחר העולה,IL,צימקאו לאפיה 400 גר',גרמים,400.00,100 גרם,false,,9.30,0.0233,true,1,15028
7290000416618,false,"ממרח שוקולד השחר פרווה בד""צ 400 גר'",השחר העולה בעמ,IL,ממרח שוקולד פרווה הש,גרמים,400.00,100 גרם,false,,10.20,0.0255,true,1,15030
7290000416632,false,"ממרח שוקולד השחר פרווה 1ק""ג",השחר העולה תעשית ממת,IL,ממרח שוקולד פרווה הש,קילוגרמים,1.00,"ק""ג",false,,20.40,20.4000,true,1,15031
7290000416854,false,אבקת קקאו השחר העולה 150ג',אף.סי תבליני בגליל ב,IL,קקאו 150 גר',גרמים,150.00,100 גרם,false,,7.60,0.0507,true,1,15032
7290000416878,false,קקאו השחר 500 ג',,,קקאו 500 גר',גרמים,500.00,100 גרם,false,,17.90,0.0358,true,1,15034
7290000419374,false,לנדוור לבוקר טחון טורקי 3*100גר,קפה לנדוור,IL,לנדוור לבוקר קפה טחו,גרמים,300.00,100 גרם,false,,15.30,0.0510,true,1,10881
7290000420325,false,פופ קורן טבעי למיקרוגל 5 יח',קריות זול,US,פופסטאר פופקורן טבעי,גרמים,500.00,100 גרם,false,,11.00,0.0220,true,1,2730
7290000420332,false,פופ קורן חמאה למיקרוגל 5יח',קריות זול,US,פופסטאר פופקורן חמאה,גרמים,500.00,100 גרם,false,,11.00,0.0220,true,1,2731
7290000420417,false,גלילונית שקיות אשפה 50*70 - 60 יח',"איטיליאן פוד, אס.פי.",TH,גלילונית שקיות אשפה,יחידה,0.00,יחידה,false,,15.30,0.0000,true,1,2732
7290000436616,false,דובשניות בשקית 180 גר',קריות זול,,דובשניות ברמן 180 גר,גרמים,180.00,100 גרם,false,,5.10,0.0283,true,1,82345
7290000447085,false,רצועות שוארמה כשר אר,,,רצועות שוארמה כשר אר,קילוגרמים,1.00,"ק""ג",true,,76.80,76.8000,true,1,23047
7290000447139,false,רצועות להקפצה כשר אר,,,רצועות להקפצה כשר אר,קילוגרמים,1.00,"ק""ג",true,,77.70,77.7000,true,1,23048
7290000453019,false,שמרים טריים לאפייה שקית שמרית 50 ג',"פאקא תעשיות בע""מ",IL,שמרית שמרים טריים לא,גרמים,50.00,100 גרם,false,,3.80,0.0760,true,1,12082
7290000453200,false,בלילה להכנת פנקייק עם רכיבים ביתיים,"פאקא תעשיות בע""מ",DE,בלילה מצוננת פנקייק,גרמים,750.00,100 גרם,false,,17.00,0.0227,true,1,12084
7290000453408,false,בצק פיצה דק מצונן ומוכן לאפייה שמרית,"פאקא תעשיות בע""מ",GR,שמרית בצק פיצה דק מצ,גרמים,415.00,100 גרם,false,,15.00,0.0361,true,1,12087
7290000453415,false,בצק עלים מצונן ומוכן לאפייה שמרית,"פאקא תעשיות בע""מ",FR,שמרית בצק עלים מצונן,גרמים,300.00,100 גרם,false,,13.60,0.0453,true,1,12088
7290000453422,false,בצק פילו מצונן ומרודד מוכן לאפיה,"פאקא תעשיות בע""מ",GR,שמרית בצק פילו מוכן,גרמים,300.00,100 גרם,false,,13.60,0.0453,true,1,12089
7290000453866,false,נטורינה קוקוס לאפייה שמרית 200ג',גרונבאנג- גרונדנסק א,DK,נטורינה קוקוס שטראוס,גרמים,200.00,100 גרם,false,,6.60,0.0330,true,1,12091
7290000453897,false,מרגרינה בטעם חמאה שימרית 200 ג',גרונבאנג- גרונדנסק א,DK,מרגרינה בטעם חמאה 20,גרמים,200.00,100 גרם,false,,4.20,0.0210,true,1,12093
7290000461625,false,בייגלה שמיניות מלח בייגל בייגל 400 ג',בייגל את בייגל מזון,IL,ביגלה 8 8 400גר,גרמים,400.00,100 גרם,false,,7.60,0.0190,true,1,5179
7290000461793,false,בייגלה ארוך ארוך סידרה ירוקה 200גר,בייגל את בייגל מזון,IL,ביגלה ארוך ארוך דל ש,גרמים,150.00,100 גרם,false,,5.00,0.0333,true,1,5183
7290000462141,false,סחוג אדום חריף מאוד (מכסה אדום) 150 גרם,קריניסה ויטמין אס אי,IL,סחוג אדום חריף מאוד,גרמים,150.00,100 גרם,false,,6.80,0.0453,true,1,12095
7290000462172,false,סחוג ירוק חריף מאוד מ.ירוק 150 גרם,קריניסה ויטמין אס אי,IL,סחוג ירוק חריף מאוד,גרמים,150.00,100 גרם,false,,6.80,0.0453,true,1,12096
7290000474090,false,חלב הומוגני 1% קרטון טרה 1ל',מילקו תעשיות בעמ,IL,טרה חלב בקרטון 1% 1ל,ליטרים,1.00,ליטר,false,,5.01,5.0100,true,1,3131
7290000474502,false,גבינה לבנה 5% 250ג' טרה מהדרין,קריות זול,IL,טרה גבינה לבנה 5% 25,גרמים,250.00,100 גרם,false,,4.26,0.0170,true,1,3135
7290000474540,false,גבינה טוב טעם 3% טרה 250ג' מהדרין,קריות זול,IL,טוב טעם גבינה 3% 250,גרמים,250.00,100 גרם,false,,9.30,0.0372,true,1,3136
7290000480107,false,קוואקר שיבולת שועל פחית 500 גר',וולקרס סנקס לימיטד,GB,"קוואקר מהיר אטוס לל""",גרמים,500.00,100 גרם,false,,11.10,0.0222,true,1,12475
7290000480442,false,קוואקר שיבולת שועל שקית 500 גר',פריטו ליי FRITO-LAY,IL,שיבולת שועל בשקית קו,גרמים,500.00,100 גרם,false,,10.20,0.0204,true,1,12476
7290000481883,false,דגנית עין בר מארז לחמניות 10 יח'*75 ג',יוניליוור גרמניה Gm,IL,10 לחמניות דגנית,גרמים,750.00,100 גרם,false,,11.90,0.0159,true,1,31702
7290000484747,false,עראק עלית 700 מל 40% כהל,יקב הגליל שווק בעמ,IL,"עלית הארק 40% 700 מ""",מיליליטרים,700.00,"100 מ""ל",false,,51.20,0.0731,true,1,15045
7290000490601,false,שלגוני גלידל שמינייה,הגלידות של פלדמן,IL,גלידל מאגדת בטעם וני,גרמים,400.00,100 גרם,false,,27.30,0.0683,true,1,19620
7290000490717,false,גלית מאגדת שמיניה 560 ג',הגלידות של פלדמן,IL,גלית שרבט בטעם תות 8,גרמים,560.00,100 גרם,false,,21.30,0.0380,true,1,19622
7290000493176,false,אבקת רוטב צלי לבשר 22ג' אסם,"אסם השקעות בע""מ",IL,אסם אבקת רוטב צלי לב,גרמים,22.00,100 גרם,false,,3.30,0.1500,true,1,9333
7290000496360,false,פילה בקלה דרום אפרי,,,פילה בקלה דרום אפרי,קילוגרמים,1.00,"ק""ג",true,,37.60,37.6000,true,1,31215
7290000504278,false,סוכרזית - קלאסי פטנט 700 טבליות,אף.סי תבליני בגליל ב,IL,סוכרזית פטנט 700 טבל,גרמים,574.00,100 גרם,false,,11.90,0.0207,true,1,11468
7290000518190,false,מתוק וקל סטיביה 100 שקיות,מתוק וקל,,מתוק וקל סטיביה 100,גרמים,80.00,100 גרם,false,,21.30,0.2663,true,1,7919
7290000521008,false,"יין אדום יבש סגל 750 מ""ל",כרמי צבי - אחים סגל,IL,אדום יבש סגל.,מיליליטרים,750.00,"100 מ""ל",false,,18.80,0.0251,true,1,4714
7290000521022,false,יין של סגל לבן חצי י,"מיוצר ע""י כרמי צבי-",IL,סגל לבן חצי יבש 750,מיליליטרים,750.00,"100 מ""ל",false,,18.80,0.0251,true,1,4715
7290000521404,false,"יין מרום גליל קברנה סוביניון סינגל 750 מ""ל",כרמי צבי אחים סגל בע,IL,מרום גליל סינגל קברנ,מיליליטרים,750.00,"100 מ""ל",false,,33.30,0.0444,true,1,4718
7290000523125,false,מלח הארץ הים האדום 250 ג' עדין,חברת מלח הארץ אילת ב,IL,מלח ים יבש הארץ 250,גרמים,250.00,100 גרם,false,,4.60,0.0184,true,1,8535
7290000523224,false,מלח הארץ הים האדום 500 ג' עדין,חברת מלח הארץ אילת ב,IL,מלח ים יבש הארץ 500,גרמים,500.00,100 גרם,false,,6.80,0.0136,true,1,8536
7290000530109,false,קבנוס זוגי בואקום זוגלובק 180ג',נקניק נהריה כשר זוגל,IL,זוג קבנוס בוואקום 36,גרמים,360.00,100 גרם,false,,21.30,0.0592,true,1,21826
7290000530116,false,נקניק סלמי מעושן בשן 470 ג' זוגלובק,נקניק נהריה כשר זוגל,IL,סלמי מעושן בשן זוגלו,גרמים,470.00,100 גרם,false,,19.60,0.0417,true,1,21827
7290000530291,false,נקניק מבשר הודו קטן 800 ג' זוגלובק,נקניק נהריה כשר זוגל,IL,זוגלובק נקניק מבשר ה,גרמים,800.00,100 גרם,false,,16.20,0.0202,true,1,21828
7290000530468,false,נקניקיות וינר זוגלוב,,,נקניקיות וינר טרי 1ק,קילוגרמים,1.00,"ק""ג",false,,21.30,21.3000,true,1,21830
7290000530598,false,נקניקיות וינר 500 ג' טרי זוגלובק,נקניק נהריה כשר זוגל,IL,נקניקיות וינר טרי זו,גרמים,500.00,100 גרם,false,,10.20,0.0204,true,1,21831
7290000531977,false,בורקס גבינה 800 ג' זוגלובק,נקניק נהריה כשר זוגל,IL,זוגלובק בורקס גבינה,גרמים,800.00,100 גרם,false,,11.90,0.0149,true,1,21834
7290000533353,false,"בצק עלים צרפתי 1 ק""ג זוגלובק",מאפיית אריאל וגידרון,IL,זוגלובק בצק עלים 1קג,קילוגרמים,1.00,"ק""ג",false,,11.90,11.9000,true,1,21835
7290000537566,false,נקניקיות עוף טרי 400 ג' זוגלובק,נקניק נהריה כשר זוגל,IL,נקניקיות עוף טרי 400,גרמים,400.00,100 גרם,false,,9.80,0.0245,true,1,21839
7290000538709,false,סלמי תה מעושן 200 ג' זוגלובק,זוגלובק,IL,תה מעושן 200 גרם,גרמים,200.00,100 גרם,false,,12.70,0.0635,true,1,21841
7290000540009,false,מדליק פחם שקד ראש גפ,,,מדליק פחם שקד ראש גפ,יחידה,0.00,יחידה,false,,5.10,0.0000,true,1,38663
7290000552194,false,קישקע קפוא 500 גרם,טיבון ויל אחזקות בעמ,IL,קישקע קפוא 500 גרם,גרמים,500.00,100 גרם,false,,11.00,0.0220,true,1,8305
7290000552934,false,טחון הודו 500 גרם,קריות זול,IL,טחון הודו 500 גרם,גרמים,500.00,100 גרם,false,,11.70,0.0234,true,1,8308
7290000554402,false,מלבי 160גר מחלבות גד,"מיוצר ע""י קוד יצרן E",IL,"גד מלבי 160 מ""ל",מיליליטרים,160.00,"100 מ""ל",false,,5.50,0.0344,true,1,7279
7290000554471,false,גבינת מוצרלה 22% נקניק 180ג' גד,"מחלבות גד בע""מ",IL,גד מוצרלה נקניק טבעי,גרמים,180.00,100 גרם,false,,14.50,0.0806,true,1,7281
7290000554624,false,ירח מתוק 3% 150 גרם רובין,"מיוצר ע""י קוד יצרן E",IL,גד ירח מתוק 150מל,גרמים,150.00,100 גרם,false,,5.50,0.0367,true,1,7284
7290000554686,false,לאבנה שמן זית וזעתר 5% 250 גרם - רבנות,מחלבות גד בעמ,IL,גד לאבנה בשמן זית וז,גרמים,250.00,100 גרם,false,,12.80,0.0512,true,1,7285
7290000554839,false,שמנת מתוקה קשה בסגנון איטלקי 40% שומן 250 ג' גד,מחלבות גד בעמ,IL,גד מסקרפונה 40% 250ג,גרמים,250.00,100 גרם,false,,18.70,0.0748,true,1,7287
7290000560540,false,אדג' ג'ל כתום לעור רגיש 198גרם,המאפיה של הרמן,US,ג'ל גילוח כתום לעור,מיליליטרים,200.00,"100 מ""ל",false,,11.00,0.0550,true,1,2735
7290000561158,false,תערובת בריאות 150 גר,,,תערובת בריאות 150 גר,גרמים,150.00,100 גרם,false,,12.80,0.0853,true,1,616
7290000561189,false,חמוציות 200 גרם,,,חמוציות 200 גרם,גרמים,200.00,100 גרם,false,,10.20,0.0510,true,1,617
7290000561202,false,גרעיני חמנייה 200 גר,,,גרעין חמניה קלוי 200,גרמים,200.00,100 גרם,false,,5.90,0.0295,true,1,618
7290000561233,false,בוטן קלוף קלוי עם מל,,,בוטן קלוי 200ג פיצוח,גרמים,200.00,100 גרם,false,,6.80,0.0340,true,1,619
7290000561240,false,גרעין דלעת קלוי 200ג,,,גרעין דלעת קלוי 200ג,גרמים,200.00,100 גרם,false,,8.50,0.0425,true,1,620
7290000561271,false,צימוק בהיר 200 גרם -,,,צימוק בהיר 200 גרם -,גרמים,200.00,100 גרם,false,,8.50,0.0425,true,1,621
7290000561363,false,גרעיני אבטיח קלויים,,,גרעין אבטיח קלוי 200,גרמים,200.00,100 גרם,false,,11.90,0.0595,true,1,627
7290000561561,false,פוסידון מנצ'יס 200ג,,,פוסידון מנצ'יס 200ג,גרמים,200.00,100 גרם,false,,8.50,0.0425,true,1,630
7290000561585,false,קבוקים 200ג - חממה,,,קבוקים 200ג - חממה,גרמים,200.00,100 גרם,false,,5.90,0.0295,true,1,632
7290000561714,false,צנוברים 100 גר,,,צנובר 100 גרם,גרמים,100.00,100 גרם,false,,21.30,0.2130,true,1,633
7290000574035,false,לחם אחיד פרוס 750ג' דגנית עין בר,יוניליוור גרמניה Gm,IL,לחם אחיד פרוס דגנית,גרמים,750.00,100 גרם,false,,6.08,0.0081,true,1,2339
7290000574141,false,לחם חיטה מלא 750ג' דגנית עין בר,דגנית עין בר תעשיות,IL,לחם חיטה מלאה דגנית,גרמים,750.00,100 גרם,false,,12.80,0.0171,true,1,2340
7290000574172,false,לחם קל מחיטה מלאה 750 ג' דגנית עין בר,יוניליוור גרמניה Gm,IL,לחם קל חיטה מלאה דגנ,גרמים,750.00,100 גרם,false,,11.80,0.0157,true,1,2341
7290000599472,false,שייני כריות יפניות 6 יח',,,שישיית כריות יפניות,יחידה,0.00,יחידה,false,,6.80,0.0000,true,1,6884
7290000604343,false,תמר דקל נור 400 גר,פרי וירק טמרה ושותפי,,תמר דקל נור 400גר,גרמים,400.00,100 גרם,false,,9.90,0.0248,true,1,23277
7290000611039,false,פילה סלמון נורבגי קפ,,,פילה סלמון נורבגי קפ,קילוגרמים,1.00,"ק""ג",true,,68.30,68.3000,true,1,28380
7290000614559,false,שריר הזרוע מס' 8 חלק,,,שריר הזרוע מס' 8 חלק,קילוגרמים,1.00,"ק""ג",true,,25.60,25.6000,true,1,32210
7290000628170,false,צלי כתף מס' 5 חלק בר,,,צלי כתף מס' 5 חלק בר,קילוגרמים,1.00,"ק""ג",true,,59.70,59.7000,true,1,35575
7290000646299,false,פילה נסיכת הנילוס קפ,דגי תנובה,ZA,פילה נסיכה 100% דגי,קילוגרמים,1.00,"ק""ג",true,,47.00,47.0000,true,1,13798
7290000652177,false,נתחי פילה נסיכת הנילוס 100%,,,נתחי פילה נסיכה 100%,קילוגרמים,1.00,"ק""ג",true,,59.80,59.8000,true,1,13799
7290000652894,false,תנובה סטייק טונה קפוא ארוז,,,סטייק דג טונה 100% ד,קילוגרמים,1.00,"ק""ג",true,,38.20,38.2000,true,1,13803
7290000654546,false,פילה אמנון 7-9 100% דג,תנובה,IL,פילה אמנון 7-9 100%,קילוגרמים,1.00,"ק""ג",true,,29.90,29.9000,true,1,13804
7290000658926,false,פילה מרלוזה קפוא 100,דגי תנובה,IL,פילה מרלוזה קפוא 100,קילוגרמים,1.00,"ק""ג",true,,28.20,28.2000,true,1,13806
7290000659312,false,דגי תנובה פילה סלומון קפוא בוואקום,PEQUERA DEL,,דגי תנובה פילה סלמון,קילוגרמים,1.00,"ק""ג",true,,59.80,59.8000,true,1,13807
7290000662817,false,סלמון מעושן 100 גרם נורבגי,,צ'ילה (TDE),סלמון מעושן פרוס 100,גרמים,100.00,100 גרם,false,,16.20,0.1620,true,1,13811
7290000663135,false,קוביות סלמון קפוא 100 % דג 300 ג',תנובה,IL,קוביות סלמון 300 גרם,גרמים,300.00,100 גרם,false,,25.40,0.0847,true,1,13812
7290000663166,false,פילה הייק דרום אפריק,,,פילה הייק דרום אפריק,קילוגרמים,1.00,"ק""ג",true,,38.40,38.4000,true,1,13810
7290000679318,false,חזה הודו נקבה ארוז,,,חזה הודו נקבה ארוז,קילוגרמים,1.00,"ק""ג",true,,24.80,24.8000,true,1,27318
7290000679349,false,נתחי הודו נקבה ארוז,,,נתחי הודו נקבה ארוז,קילוגרמים,1.00,"ק""ג",true,,22.20,22.2000,true,1,27321
7290000679363,false,שווארמה הודו נקבה אר,,,שווארמה הודו נקבה אר,קילוגרמים,1.00,"ק""ג",true,,59.70,59.7000,true,1,27323
7290000680123,false,כנפיים עוף טרי ארוז,,,כנפיים עוף טרי ארוז,קילוגרמים,1.00,"ק""ג",true,,8.60,8.6000,true,1,27335
7290000680130,false,שוקיים עוף טרי ארוז,,,שוקיים עוף טרי ארוז,קילוגרמים,1.00,"ק""ג",true,,23.90,23.9000,true,1,27336
7290000680147,false,כרעיים עוף טרי ארוז,,,כרעיים עוף טרי ארוז,קילוגרמים,1.00,"ק""ג",true,,23.00,23.0000,true,1,27337
7290000680154,false,שניצל עוף טרי ארוז,,,שניצל עוף טרי ארוז,קילוגרמים,1.00,"ק""ג",true,,29.90,29.9000,true,1,27338
7290000680161,false,חזה עוף שלם טרי ארוז,,,חזה עוף שלם טרי ארוז,קילוגרמים,1.00,"ק""ג",true,,27.30,27.3000,true,1,27339
7290000680178,false,ירכיים עוף טרי ארוז,,,ירכיים עוף טרי ארוז,קילוגרמים,1.00,"ק""ג",true,,23.00,23.0000,true,1,27340
7290000680185,false,פילה עוף טרי ארוז,,,פילה עוף טרי ארוז,קילוגרמים,1.00,"ק""ג",true,,29.90,29.9000,true,1,27341
7290000680444,false,עוף שלם טרי ארוז,,,עוף שלם טרי ארוז,קילוגרמים,1.00,"ק""ג",true,,16.20,16.2000,true,1,27343
7290000680451,false,כבד עוף טרי ארוז.,,,כבד עוף טרי ארוז.,קילוגרמים,1.00,"ק""ג",true,,17.10,17.1000,true,1,27344
7290000680468,false,קורקבן עוף טרי ארוז,,,קורקבן עוף טרי ארוז,קילוגרמים,1.00,"ק""ג",true,,8.50,8.5000,true,1,27345
7290000680475,false,לבבות עוף טרי ארוז,,,לבבות עוף טרי ארוז,קילוגרמים,1.00,"ק""ג",true,,23.00,23.0000,true,1,27346
7290000680529,false,שניצל עוף טרי ארוז,,,שניצל עוף טרי ארוז,קילוגרמים,1.00,"ק""ג",true,,31.60,31.6000,true,1,27349
7290000680536,false,סטייק פרגית טרי כרע,,,סטייק פרגית טרי כרע,קילוגרמים,1.00,"ק""ג",true,,38.40,38.4000,true,1,27350
7290000681373,false,גרון עוף טרי מחפוד א,,,גרון עוף טרי מחפוד א,קילוגרמים,1.00,"ק""ג",true,,8.50,8.5000,true,1,27360
7290000688374,false,"מי עדן בייבי מארז 330X6 מ""ל","מי עדן בע""מ",,"מי עדן בייבי 330 מ""ל",ליטרים,1.98,ליטר,false,,13.00,6.5657,true,1,5767
7290000688381,false,מי עדן פקק ספורט 6*500 מל.,"מי עדן בע""מ",IL,מי עדן פקק ספורט 6*5,ליטרים,3.00,ליטר,false,,12.20,4.0667,true,1,5768
7290000688466,false,מי עדן GYM בקבוק ספו,מופק ממקור בזלתי עדן,IL,מי עדן ג'ים 750מל,מיליליטרים,750.00,"100 מ""ל",false,,2.60,0.0035,true,1,5769
7290000688503,false,מים מינרליים מי עדן,"מי עדן בע""מ",IL,מי עדן ג'ים 6*750מל,ליטרים,4.50,ליטר,false,,13.90,3.0889,true,1,5770
7290000692210,false,אג'קס ניקוי כללי לוונדר 2ל',הנסיך- מפעל לייצור ט,GR,אג'קס ניקוי כללי ורצ,ליטרים,2.00,ליטר,false,,19.60,9.8000,true,1,10891
7290000692456,false,אג'קס חלונות זוג 750*2 מל ספריי ורפיל,הנסיך- מפעל לייצור ט,GR,אגקס חלונות זוג,ליטרים,1.50,ליטר,false,,21.30,14.2000,true,1,10894
7290000692746,false,"קולגייט משחה אדומה 75 ג""ר","ש. שסטוביץ בע""מ",BE,קולגייט הגנה מפני עש,מיליליטרים,75.00,"100 מ""ל",false,,6.80,0.0907,true,1,10895
7290000740212,false,נקניקיות ג'מבו שקיל,,,נקניקיות ג'מבו שקיל,קילוגרמים,1.00,"ק""ג",true,,17.00,17.0000,true,1,21824
7290000803180,false,מרידול מי פהשטיפה דנטלית 400 מל,קולגייט פלמוליב,CH,מי פה דנטלית מרידול,מיליליטרים,400.00,"100 מ""ל",false,,26.40,0.0660,true,1,10898
7290000835954,false,פילה אמנון 5-7 בוואק,,,פילה אמנון 5-7 בוואק,קילוגרמים,1.00,"ק""ג",true,,23.00,23.0000,true,1,28447
7290000910291,false,פלפל צ`ילי,,,פלפל צ`ילי,גרמים,100.00,100 גרם,false,,7.90,0.0790,true,1,19462
7290000925853,false,פילה דג מרלוזה ארוז,,,פילה דג מרלוזה ארוז,קילוגרמים,1.00,"ק""ג",true,,25.60,25.6000,true,1,91777
7290001041123,false,שקדים מולבנים פרוסים 100גרם,מיה תעשיות מזון,IL,מיה שקד מולבן פרוס 1,גרמים,100.00,100 גרם,false,,9.30,0.0930,true,1,7385
7290001041130,false,ממרח תמרים מיה 450 גר',,,ממרח תמרים מיה 450 ג,גרמים,450.00,100 גרם,false,,5.90,0.0131,true,1,7386
7290001041147,false,חומוס גדול יבש מיה 1 ק'ג,מיה,IL,חומוס 1 ק'ג,קילוגרמים,1.00,"ק""ג",false,,10.20,10.2000,true,1,7387
7290001041161,false,"שעועית לבנה יבשה מיה 1 ק""ג",מיה,IL,שעועית 1 ק'ג,קילוגרמים,1.00,"ק""ג",false,,12.70,12.7000,true,1,7389
7290001041192,false,"עדשים אדומים יבשים מיה 1 ק""ג",מיה,IL,עדשים אדומות 1 ק'ג,קילוגרמים,1.00,"ק""ג",false,,9.30,9.3000,true,1,7392
7290001041208,false,"עדשים ירוקים יבשים מיה 1 ק""ג",מיה,IL,עדשים ירוקות 1 ק'ג,קילוגרמים,1.00,"ק""ג",false,,11.10,11.1000,true,1,7393
7290001041222,false,"חומוס לבן ענק יבש מיה 1 ק""ג",מיה,IL,חומוס לבן ענק 1 ק'ג,קילוגרמים,1.00,"ק""ג",false,,15.30,15.3000,true,1,7395
7290001041277,false,פירורי לחם רגיל מיה 400ג ',,,פרורי לחם 400 גרם,גרמים,400.00,100 גרם,false,,5.00,0.0125,true,1,7397
7290001041291,false,לקקן סוכריה על מקל 70יח',מיה תעשיות מזון בעמ,IL,לקקנים סוכריות על מק,גרמים,70.00,100 גרם,false,,14.40,0.2057,true,1,7399
7290001041994,false,"סוכר חום דמררה מיה 1 ק""ג",מיה תעשיות מזון,IL,סוכר זהב דמררה צנצנת,קילוגרמים,1.00,"ק""ג",false,,8.50,8.5000,true,1,7415
7290001045169,false,פרימור סחוט תפוחי עץ צלול 1 ל',"גניר (1992) בע""מ",IL,פרימור מיץ תפוחים צל,ליטרים,1.00,ליטר,false,,13.50,13.5000,true,1,12101
7290001045688,false,"פרימור סחוט תפוחים 400מ""ל",גניר,IL,פרימור מיץ תפוזים 40,מיליליטרים,400.00,"100 מ""ל",false,,6.80,0.0170,true,1,12105
7290001121054,false,צמד חמד יחיעם 700 גר,תאי פרזידנט פוד פאבל,IL,יחיעם צמד חמד 700 גר,גרמים,700.00,100 גרם,false,,21.30,0.0304,true,1,7889
7290001121238,false,קורנדביף יחיעם 180גר,מעדני יחיעם 1993,IL,יחיעם קורנד ביף 180,גרמים,180.00,100 גרם,false,,20.10,0.1117,true,1,7890
7290001121672,false,פסטרמה מעודנת בפפריקה 300 ג' יחיעם,מעדני יחיעם 1993,IL,פסטרמה הודו בפפריקה,גרמים,300.00,100 גרם,false,,17.00,0.0567,true,1,7891
7290001121979,false,סלמי הרץ יחיעם 150 ג,תאי פרזידנט פוד פאבל,IL,יחיעם סלמי הרץ 150ג,גרמים,150.00,100 גרם,false,,19.60,0.1307,true,1,7894
7290001136287,false,"נקה 7 - שמפו רגיל ירוק 750 מ""ל","קוסמופארם בעמ, ח.פ 5",IL,שמפו רגיל ירוק נקה 7,מיליליטרים,750.00,"100 מ""ל",false,,10.20,0.0136,true,1,15606
7290001136294,false,"שמפו נקה 7 לשיער יבש אדום 750מ""ל",גוד פוד פרודקטס S.p,IL,שמפו יבש אדום נקה 7,מיליליטרים,750.00,"100 מ""ל",false,,10.20,0.0136,true,1,15607
7290001136683,false,"מרכך לשיער רגיל ירוק 750 מ""ל נקה 7",אמיליה קוסמטיקס בעמ,IL,מרכך רגיל ירוק נקה 7,מיליליטרים,750.00,"100 מ""ל",false,,10.20,0.0136,true,1,15610
7290001201589,false,ביצים 12 יח גדול לסר,לסר,IL,12 ביצים L מ.לסר,יחידה,0.00,יחידה,false,,10.30,0.0000,true,1,7026
7290001201596,false,ביצים 12 יח בינוני ל,לסר,IL,12 ביצים M מ.לסר,יחידה,0.00,יחידה,false,,9.50,0.0000,true,1,7027
7290001201824,false,ביצים לארג' אורגניות 12 יח',לסר,IL,12 ביצים L אורגני מ,יחידה,0.00,יחידה,false,,18.80,0.0000,true,1,7033
7290001201862,false,ביצים לארג' חופש 12 יח',לסר,IL,12 ביצים חופש L מ. ל,יחידה,0.00,יחידה,false,,15.30,0.0000,true,1,7036
7290001201893,false,12 ביצים M אומגה 3,,,12 ביצים M אומגה 3,יחידה,0.00,יחידה,false,,14.50,0.0000,true,1,7037
7290001216057,false,"טחינה גולמית אל ארז 1 ק""ג",טחינה אל ארז,IL,טחינה אל ארז 100% שו,קילוגרמים,1.00,"ק""ג",false,,25.60,25.6000,true,1,19085
7290001216231,false,טחינה גולמית שומשום מלא אל ארז 500ג',דולפין ספא,IL,טחינה מלאה 100% שומש,גרמים,500.00,100 גרם,false,,14.50,0.0290,true,1,19086
7290001230331,false,סיגריות כאמל בוקס חפ,Unknown,,כאמל בוקס קופסא בודד,יחידה,0.00,יחידה,false,,32.00,0.0000,false,1,2077
7290001245699,false,אקונומיקה סמיכה בניחוח לימון 4 ל' טאצ',,,ג'ל אקונומיקה סמיכה,ליטרים,4.00,ליטר,false,,10.70,2.6750,true,1,21325
7290001245712,false,אקונומיקה טאצ' 4 ליט,,,אקונומיקה טאצ' 4 ליט,ליטרים,4.00,ליטר,false,,9.40,2.3500,true,1,21327
7290001245736,false,ג'ל כביסה כחול טאצ' 3 ליטר סלקט,,,ג'ל כביסה כחול 3 ליט,ליטרים,1.00,ליטר,false,,15.30,15.3000,true,1,21329
7290001245798,false,נוזל כלים לימון טאצ' 18% 1.6 ליטר,,,נוזל כלים לימון 18%,ליטרים,1.60,ליטר,false,,9.40,5.8750,true,1,21331
7290001245828,false,נוזל כלים קלאסי טאצ' 18% 1.6 ליטר,,,נוזל כלים קלאסי 18%,ליטרים,1.60,ליטר,false,,9.40,5.8750,true,1,21332
7290001245842,false,נוזל רצפות מאסק 4 ל' טאצ,,,נוזל רצפות מאסק 4 לי,ליטרים,4.00,ליטר,false,,11.10,2.7750,true,1,21334
7290001246528,false,מרכך כביסה מרוכז פרפיום מיסטרי טאצ' 1 ל',סאסאטק,IL,מרכך כביסה מרוכז פרפ,ליטרים,1.00,ליטר,false,,11.00,11.0000,true,1,21358
7290001246757,false,נוזל רצפות מלון בוטיק טאצ' 2 ליטר,סאסאטק,IL,נוזל רצפות מלון בוטי,ליטרים,2.00,ליטר,false,,15.30,7.6500,true,1,21360
7290001246764,false,נוזל רצפות ספא מפנק טאצ' 2 ליטר,,,נוזל רצפות ספא מפנק,ליטרים,2.00,ליטר,false,,15.30,7.6500,true,1,21361
7290001247068,false,נקטר ספרינג תות בננה קרטונית 1 ל',"יפאורה תבורי בע""מ",IL,ספרינג תות בננה קרטו,ליטרים,1.00,ליטר,false,,5.90,5.9000,true,1,5782
7290001247082,false,נקטר ספרינג עגבניות קרטונית 1 ל',"יפאורה תבורי בע""מ",IL,ספרינג עגבניות קרטונ,ליטרים,1.00,ליטר,false,,5.60,5.6000,true,1,5783
7290001247099,false,נקטר ספרינג מנגו קרטונית 1 ל',"יפאורה תבורי בע""מ",IL,ספרינג מנגו קרטונית,ליטרים,1.00,ליטר,false,,5.90,5.9000,true,1,5784
7290001247105,false,נקטר ספרינג אפרסק קרטונית 1 ל',"יפאורה תבורי בע""מ",IL,ספרינג נקטר אפרסק 1ל,ליטרים,1.00,ליטר,false,,5.90,5.9000,true,1,5785
7290001247112,false,נקטר ספרינג לימונענע קרטונית 1 ל',"יפאורה תבורי בע""מ",IL,ספרינג לימונענע קרטו,ליטרים,1.00,ליטר,false,,5.90,5.9000,true,1,5786
7290001247129,false,נקטר ספרינג תפוזים קרטונית 1 ל',"יפאורה תבורי בע""מ",IL,ספרינג תפוז קרטונית,ליטרים,1.00,ליטר,false,,5.90,5.9000,true,1,5787
7290001247143,false,נקטר ספרינג תפוחים קרטונית 1 ל',"יפאורה תבורי בע""מ",IL,ספרינג תפוח קרטונית,ליטרים,1.00,ליטר,false,,5.90,5.9000,true,1,5788
7290001274422,false,שלגונים ציפוי בננה מאגדת שמינייה 560 ג',פלדמן,IL,מאגדת שלגונים ציפוי,גרמים,560.00,100 גרם,false,,20.50,0.0366,true,1,19630
7290001274941,false,פופסיקל גלידה פטל 640 ג',הגלידות של פלדמן,IL,פופסיקל בטעם פטל 8 י,גרמים,640.00,100 גרם,false,,21.30,0.0333,true,1,19634
7290001305188,false,פלמוליב כלים שקוף לימון 750 בקבוק חדש,יבואן ומשווק: ש. שסט,GR,פלמוליב לכלים פריחת,מיליליטרים,750.00,"100 מ""ל",false,,10.20,0.0136,true,1,10901
7290001407127,false,בארכה פרוסות חלווה וניל 400גר,,,פרוסות חלבה וניל באר,גרמים,400.00,100 גרם,false,,11.90,0.0298,true,1,9337
7290001407547,false,טחינה גולמית משומשום מלא פי 6 בארכה 500ג',רושדי תעשיות מזון בע,IL,בארכה טחינה שומשום מ,גרמים,500.00,100 גרם,false,,11.00,0.0220,true,1,9341
7290001407769,false,טחינה גולמית שומשום מלא בארכה 500ג',רושדי תעשיות מזון בע,IL,בארכה טחינה עם שומשו,גרמים,500.00,100 גרם,false,,11.00,0.0220,true,1,9343
7290001407813,false,חלבה שאמית פיסטוק בקטנה בארכה 350ג',רושדי תעשיות מזון בע,IL,חלבה שאמית וניל עם פ,גרמים,350.00,100 גרם,false,,12.70,0.0363,true,1,9344
7290001407820,false,חלווה שאמית וניל קלאסית בארכה 350ג',רושדי תעשיות מזון בע,IL,חלבה שאמית וניל בארכ,גרמים,350.00,100 גרם,false,,12.70,0.0363,true,1,9345
7290001427033,false,מיץ תפוחים סחוט טבעי,"פריניב בע""מ",IL,קשת מיץ תפוחים טבעי,ליטרים,1.00,ליטר,false,,14.10,14.1000,true,1,26843
7290001439074,false,ספוג שלישיית כדורי רחצה מוסקו,יושלם,,שלישיית כדור ליפה,יחידה,0.00,יחידה,false,,8.50,0.0000,true,1,7138
7290001439395,false,ג.ס לגב רצועות,יושלם,,ג.ס לגב רצועות,יחידה,0.00,יחידה,false,,13.60,0.0000,true,1,7139
7290001439432,false,ספוג רחצה ועיסוי,יושלם,,ג.ס ספוג ליפה,יחידה,0.00,יחידה,false,,9.30,0.0000,true,1,7140
7290001459935,false,אפונה בלאדי 800 גר',,,אפונה בלדי 800 גרם,גרמים,800.00,100 גרם,false,,10.20,0.0127,true,1,84309
7290001459942,false,אפונה וגזר בלאדי 800 גר',,,אפונה וקוביות גזר בל,גרמים,800.00,100 גרם,false,,10.20,0.0127,true,1,84334
7290001552025,false,קוסקוס של אמא קפוא 8,,,קוסקוס 800גר,גרמים,800.00,100 גרם,false,,12.70,0.0159,true,1,28488
7290001567760,false,פסטרמה של פעם 300 ג' יחיעם,פ.פ.ח. שאביט,IL,פסטרמה של פעם 300 גר,גרמים,300.00,100 גרם,false,,20.90,0.0697,true,1,7896
7290001594025,false,"קוקה קולה זכוכית 350 מ""ל",החברה המרכזית לייצור,IL,קוקה קולה קלאסי 350,מיליליטרים,350.00,"100 מ""ל",false,,5.90,0.0169,true,1,3363
7290001594155,false,קוקה קולה בקבוק 500מ,החברה המרכזית לייצור,IL,קוקה קולה 500מל,מיליליטרים,500.00,"100 מ""ל",false,,5.90,0.0118,true,1,3371
7290001594179,false,פאנטה אורנג בקבוק 50,החברה המרכזית לייצור,IL,פאנטה אורנג' 500 בקב,מיליליטרים,500.00,"100 מ""ל",false,,5.90,0.0118,true,1,3373
7290001594230,false,"קינלי סודה בקבוק 250 מ""ל",החברה המרכזית לייצור,IL,סודה קינלי 250 מ'ל,מיליליטרים,250.00,"100 מ""ל",false,,2.50,0.0100,true,1,3376
7290001594377,false,פריגת משקה תפוזים 50,מבשלות בירה בינלאומי,IL,פריגת משקה תפוזים 50,מיליליטרים,500.00,"100 מ""ל",false,,5.60,0.0112,true,1,3379
7290001594810,false,"בירה שחורה מאלטי בקב' מארז 330X6מ""ל",קרלסברג ישראל,,מאלטי טובורג בקבוק 6,ליטרים,1.98,ליטר,false,,27.00,13.6364,true,1,3385
7290001594858,false,"בירה טובורג בקבוק 330X6מ""ל",קרלסברג ישראל,IL,טובורג רד בקבוק פקדו,ליטרים,1.98,ליטר,false,,37.80,19.0909,true,1,31719
7290001594865,false,"קרלסברג בירה בקבוק 6* 330 מ""ל",קרלסברג ישראל,IL,קרלסברג בירה בקבוק 6,ליטרים,1.98,ליטר,false,,34.40,17.3737,true,1,3386
7290001648643,false,מארז קפה טורקי כתר 3,רוני רג'ואן,IL,כתר קפה טורקי 3*100ג,גרמים,300.00,100 גרם,false,,11.00,0.0367,true,1,114816
7290001670057,false,כפיות חד פעמי 100 יח,הנמל אריזות ושיווק ב,IL,.סכום ח.פ.כפיות 100י,יחידה,0.00,יחידה,false,,11.00,0.0000,true,1,3877
7290001696620,false,מיקס פיצוחים 350 גר',,,מיקס פיצוחים 350 גר',גרמים,350.00,100 גרם,false,,11.00,0.0314,true,1,639
7290001696729,false,פקאן טבעי 100 גרם,,,פקאן טבעי 100 גרם,גרמים,100.00,100 גרם,false,,14.40,0.1440,true,1,640
7290001696989,false,בוטנת גרעינים שחורים,,,בוטנת גרעינים שחורים,גרמים,200.00,100 גרם,false,,6.40,0.0320,true,1,643
7290001713150,false,סנט מוריץ מתז אקונומיקה Bleach קצף לימון 1 ליטר,קומפלקס כימיקלים,IL,אקונומיקה קצף ניקוי,ליטרים,1.00,ליטר,false,,7.60,7.6000,true,1,28710
7290001713242,false,עלמה שקיות אשפה 25 יחידות 75*90 עם ידית,אסיר פלסט,TR,"שקיות אשפה 25 י""ח 75",יחידה,0.00,יחידה,false,,11.10,0.0000,true,1,35463
7290001723357,false,מוצץ סילי אורטודנטי,הדקלאים אגודת שיתופי,DE,טוליפס זוג מוצץ סיל',יחידה,0.00,יחידה,false,,22.20,0.0000,true,1,52563
7290001780800,false,שלגון קראנץ ליבת נוגט שוקולד,נגה גלידות,,קראנץ' ליבת נוגט,יחידה,0.00,יחידה,false,,9.00,0.0000,true,1,8014
7290001791356,false,"סנו - פרש מילוי למטהר אוויר בלו אייר 250 מ""ל",קריות זול,IL,סנו פרש אוטומטיק ברי,גרמים,165.00,100 גרם,false,,11.90,0.0721,true,1,15617
7290001817728,false,צ'יטוס חטיף כאפה קטשופ 55 גרם,"שטראוס פריטו ליי בע""",IL,ציטוס כאפה 55 גרם,גרמים,55.00,100 גרם,false,,3.00,0.0545,true,1,12478
7290001867600,false,"תפו""א בייבי פרימיום",אראל תוצרת חקלאית בע,IL,"תפו""א בייבי פרימיום",קילוגרמים,1.00,"ק""ג",true,,6.90,6.9000,true,1,30000
7290001990094,false,"סוכר חום כהה צנצנת קלאסי סוגת 1ק""ג",האי נאם סי או אל.טי.,IL,סוכר חום בצנצנת קלאס,קילוגרמים,1.00,"ק""ג",false,,11.90,11.9000,true,1,8541
7290001990117,false,שומשום סוגת 100 גרם,האי נאם סי או אל.טי.,IL,שומשום 100 גרם,גרמים,100.00,100 גרם,false,,3.30,0.0330,true,1,8542
7290001990261,false,"סוגת חומוס 1 ק""ג",Unknown,,"סוגת חומוס 1 ק""ג",קילוגרמים,1.00,"ק""ג",false,,11.00,11.0000,true,1,8544
7290001990391,false,"אפונה 1 ק""ג סוגת",,,"אפונה 1 ק""ג",קילוגרמים,1.00,"ק""ג",false,,10.20,10.2000,true,1,8546
7290001990407,false,"עדשים ירוקים 1 ק""ג סוגת",סוגת,,עדשים ירוקים 1 קג,קילוגרמים,1.00,"ק""ג",false,,12.70,12.7000,true,1,8547
7290001990414,false,"עדשים אדומים יבש סוגת 1 ק""ג",,,סוגת עדשים אדומים 1,קילוגרמים,1.00,"ק""ג",false,,12.70,12.7000,true,1,8548
7290002000136,false,מגע המשי שעווה דבש למיקרוגל 500 ג',ש. שוורץ (באר שבע) ב,IL,שעווה להסרת שיער למי,גרמים,500.00,100 גרם,false,,15.30,0.0306,true,1,2748
7290002007234,false,אבקת סוכר 100 ג' הנמל,"מיוצר וארוז ע""י: ר.ס",IL,אבקת סוכר 100ג,גרמים,100.00,100 גרם,false,,1.60,0.0160,true,1,3893
7290002007487,false,צמר פלדה הנמל 100 גר,"איטיליאן פוד, אס.פי.",IL,צמר פלדה 100 גר',גרמים,100.00,100 גרם,false,,3.30,0.0330,true,1,3899
7290002007500,false,קיסמי שיניים במבוק בחבית 500 יח',הנמל אריזות ושיווק ב,IL,קיסמים חבית הנמל 500,יח',500.00,יח',false,,3.30,0.0066,true,1,3900
7290002007890,false,כוסות שתייה קרה 100 יח` 200 PP מל`,,IL,כוס שתיה קרה 100 יח,יחידה,0.00,יחידה,false,,11.00,0.0000,true,1,3903
7290002007975,false,"צלחות קטנות ח""פ הנמל 50 יח'",,,צלחות קטן 50יח,יחידה,0.00,יחידה,false,,11.10,0.0000,true,1,3905
7290002007982,false,מזלגות חד פעמי 100 יח',הנמל אריזות ושיווק ב,IL,מזלגות חד פעמי 100 י,יחידה,0.00,יחידה,false,,11.00,0.0000,true,1,3906
7290002008507,false,נייר אפייה 50 יח' הנמל,הנמל אריזות ושיווק ב,IL,נייר אפיה 50יח,יחידה,0.00,יחידה,false,,7.40,0.0000,true,1,3918
7290002008743,false,סוכר וניל 10*10 ג' הנמל,"מיוצר וארוז ע""י: ר.ס",IL,סוכר וניל 10*10 גרם,גרמים,100.00,100 גרם,false,,2.50,0.0250,true,1,3920
7290002026341,false,בטטה צ'יפס רגיל אריסטו קראנץ 500 ג',האי נאם סי או אל.טי.,CA,אריסטו קראנץ-ציפס בט,גרמים,500.00,100 גרם,false,,12.70,0.0254,true,1,7219
7290002026587,false,וופל בלגי פרווה בראנץ אנד קראנץ 8 יח',בראנץ' אנד קראנץ Brunch& Crunch,BE,בראנץ אנד קראנץ וופל,גרמים,28.00,100 גרם,false,,11.90,0.4250,true,1,7223
7290002043065,false,פריכיות אורז חום מלא בציפוי שוקולד מריר בלגי 70 ג',נוהלס,BG,פריכוני אורז בציפוי,גרמים,70.00,100 גרם,false,,8.00,0.1143,true,1,114
7290002043072,false,פריכיות אורז חום מלא בציפוי שוקולד חלב בלגי 70 ג',נוהלס,BG,פריכוני אורז בציפוי,גרמים,70.00,100 גרם,false,,8.00,0.1143,true,1,115
7290002043812,false,פריכיות צ'יה וקינואה,נוהלס,BG,פריכיות צ'יה וקינואה,גרמים,24.00,100 גרם,false,,4.20,0.1750,true,1,132
7290002057031,false,זיתים מבוקע פיקנטי A2 יבנה 560 ג',קריות זול,IL,זיתים מבוקעים פיקנטי,גרמים,560.00,100 גרם,false,,7.60,0.0136,true,1,29587
7290002057369,false,מלפפון במלח ‏12‏-‏10‏ 560 ג' יבנה,קבוצת יבנה,IL,מלפפון במלח 10-12 קב,גרמים,560.00,100 גרם,false,,5.90,0.0105,true,1,29596
7290002057383,false,מלפפון במלח ‏25‏-‏18‏ 560 ג' יבנה,קריות זול,IL,מלפפון 18-25במלח קבו,גרמים,560.00,100 גרם,false,,10.20,0.0182,true,1,29598
7290002057437,false,שיפקונית קבוצת יבנה,קבוצת יבנה,IL,שיפקונית קבוצת יבנה,גרמים,560.00,100 גרם,false,,8.50,0.0152,true,1,29599
7290002057451,false,מלפפון בחומץ ‏9‏-‏7‏ %‏20‏ 560 ג' יבנה,אף.סי תבליני בגליל ב,IL,מלפפון בחומץ 7-9 קבו,גרמים,560.00,100 גרם,false,,5.90,0.0105,true,1,29600
7290002057468,false,מלפפון חומץ ‏12‏-‏10‏ 560 ג' יבנה,קבוצת יבנה,IL,מלפפון בחומץ 10-12 ק,גרמים,560.00,100 גרם,false,,6.80,0.0121,true,1,29601
7290002065555,false,לחמניה אנג'ל ארוכה שקית 6יח,מאפיית שלמה א. אנג'ל,IL,6 לחמניות רכות אנגל,גרמים,450.00,100 גרם,false,,9.80,0.0218,true,1,19383
7290002065616,false,לחם שיפון גרעינים 750 ג' אנג'ל,מאפיית שלמה א. אנג'ל,IL,שיפון גרעינים אנגל 7,גרמים,750.00,100 גרם,false,,11.90,0.0159,true,1,19384
7290002065623,false,לחם שיפון כפרי 750 ג' אנג'ל,מאפיית שלמה א. אנג'ל,IL,לחם שיפון כפרי אנגל,גרמים,750.00,100 גרם,false,,11.90,0.0159,true,1,19385
7290002077725,false,סלומון נורווגי מצונן דלידג 100ג',וי קינג V King,IL,סלמון מעושן 100 גרם,גרמים,100.00,100 גרם,false,,17.00,0.1700,true,1,8320
7290002079354,false,פרורים מוזהבים שקית,,,פרורים מוזהבים שקית,גרמים,200.00,100 גרם,false,,4.30,0.0215,true,1,108414
7290002105565,false,טחון הודו 500 גרם מחפוד מהדרין,,,טחון הודו 500 גרם מח,גרמים,500.00,100 גרם,false,,11.90,0.0238,true,1,25879
7290002105671,false,טחון עוף 500 גר' קפוא מחפוד,,,טחון עוף 500 גר מחפו,גרמים,500.00,100 גרם,false,,11.90,0.0238,true,1,25880
7290002105756,false,"בקר טחון 1 ק""ג מחפוד קפוא",,,"טחון בקר 1 ק""ג מחפוד",קילוגרמים,1.00,"ק""ג",false,,34.20,34.2000,true,1,25884
7290002107491,false,גבינת עזים למריחה טבעי 5% צוריאל 250 ג',מחלבת משק צוריאל,IL,צוריאל גבינת עזים למ,גרמים,250.00,100 גרם,false,,11.70,0.0468,true,1,3145
7290002111085,false,רסק עגבניות 22% 100 גר' פרי מבורך,זנלכל,IL,רוטב עגבניות 22% פרי,גרמים,100.00,100 גרם,false,,2.20,0.0220,true,1,4226
7290002111313,false,עגבניות קוביות A2.5 פרי מבורך 800ג' בדצ,זנלכל,IL,עגבניות קוביות פרי מ,גרמים,800.00,100 גרם,false,,8.50,0.0106,true,1,4230
7290002111337,false,רסק עגבניות 22% 260 גר' פרי מבורך,זנלכל,IL,רוטב עגבניות 22% פרי,גרמים,240.00,100 גרם,false,,3.80,0.0158,true,1,4231
7290002111511,false,"אפונה וגזר A2 פרי מבורך 550ג' בד""צ.",זנלכל,IL,אפונה וגזר פרי מבורך,גרמים,550.00,100 גרם,false,,6.80,0.0124,true,1,4233
7290002111634,false,חומוס פרי מבורך 550 גר A2,זנלכל,IL,חומוס שלם פרי מבורך,גרמים,550.00,100 גרם,false,,7.60,0.0138,true,1,4234
7290002111696,false,עגבניות מרוסקות 800 גר' פרי מבורך,זנלכל,IL,עגבניות מרוסקות פרי,גרמים,800.00,100 גרם,false,,8.50,0.0106,true,1,4235
7290002111764,false,שעועית לבנה אפויה פרי מבורך 600 ג',זנלכל,IL,שעועית לבנה ברוטב עג,גרמים,580.00,100 גרם,false,,7.60,0.0131,true,1,4237
7290002111818,false,גרעיני תירס מתוק ואקום פרי מבורך 400ג',זנלכל,IL,גרעיני תירס מתוק פרי,גרמים,246.00,100 גרם,false,,5.00,0.0203,true,1,4238
7290002111825,false,גרעיני תירס מתוק 550 גרם פרי מבורך,זנלכל,IL,גרעיני תירס מתוק פרי,גרמים,335.00,100 גרם,false,,6.80,0.0203,true,1,4239
7290002130574,false,דבש טהור מפרחי בר בזכוכית 500 ג' יד מרדכי,מכוורת יד מרדכי שטרא,IL,דבש טהור מפרחי בר בצ,גרמים,500.00,100 גרם,false,,21.30,0.0426,true,1,11476
7290002130581,false,דבש טהור מפרחי בר בצ,קריות זול,IL,דבש טהור מפרחי בר בצ,קילוגרמים,1.00,"ק""ג",false,,37.50,37.5000,true,1,11477
7290002195054,false,המבורגר בלדי 400 גרם ארוז,יוליניבר,IL,המבורגר בלדי 400ג,גרמים,400.00,100 גרם,false,,10.90,0.0273,true,1,19305
7290002204169,true,אגס נאשי מארז,,,אגס נאשי מארז,גרמים,500.00,100 גרם,false,,12.90,0.0258,true,1,88437
7290002253105,false,מגשית קוביות שום טרי דורות 80 ג',עיצובים 2020 (3.8),IL,דורות מגשית קוביות ש,גרמים,80.00,100 גרם,false,,8.50,0.1063,true,1,9978
7290002253150,false,בזיליקום טרי קצוץ דורות 70 ג',עיצובים 2020 (3.8),IL,בזיליקום טרי קצוץ 70,גרמים,70.00,100 גרם,false,,8.50,0.1214,true,1,9979
7290002253167,false,פטרוזליה קצוצה דורות 70 גר',עיצובים 2020 (3.8),IL,פטרוזליה טרייה קצוצה,גרמים,70.00,100 גרם,false,,9.00,0.1286,true,1,9980
7290002253198,false,ג'ינג'ר טרי כתוש במגשית 70 ג' דורות,עיצובים 2020 (3.8),IL,דורות ג'ינג'ר טרי כת,גרמים,70.00,100 גרם,false,,9.00,0.1286,true,1,9983
7290002255031,false,סיגרים במילוי בשר חט,חטיפי אלקיים בעמ,IL,סיגרים במילוי בשר חט,גרמים,800.00,100 גרם,false,,19.60,0.0245,true,1,28492
7290002255055,false,פלאפל חטיפי אלקיים 7,חטיפי אלקיים בעמ,IL,פלאפל חטיפי אלקיים 7,גרמים,700.00,100 גרם,false,,11.00,0.0157,true,1,28494
7290002255086,false,קובה ביתי במילוי בשר,חטיפי אלקיים בעמ,IL,קובה ביתי במילוי בשר,גרמים,700.00,100 גרם,false,,19.60,0.0280,true,1,28495
7290002255130,false,"סיגרים במילוי תפו""א",,,"סיגרים במילוי תפו""א",גרמים,800.00,100 גרם,false,,19.60,0.0245,true,1,28497
7290002255161,false,"קרפלך במילוי תפו""א ק",,,"קרפלך במילוי תפו""א ק",גרמים,800.00,100 גרם,false,,19.60,0.0245,true,1,28498
7290002278528,false,כרית קרצוף לכלים שבת כלין 2 יח',פלסטו פוליש (ברקן),IL,כריות ניקוי כלים לשב,יחידה,0.00,יחידה,false,,6.80,0.0000,true,1,6902
7290002291046,false,המבורגר מסעדות קצבייה 4 יח'-480 ג',יוליניבר,IL,בלדי המבורגר מסעדות,גרמים,480.00,100 גרם,false,,19.60,0.0408,true,1,19309
7290002317005,false,זיתים טבעות מושחר 560ג A2 מטולה,שימורי מוטולה,IL,טבעות זיתים מושחרים,גרמים,560.00,100 גרם,false,,9.40,0.0168,true,1,52150
7290002317173,false,מלפפון בחומץ 13-17 560ג A2 מטולה,שימורי מוטולה,IL,מלפפון בחומץ 13-17 מ,גרמים,560.00,100 גרם,false,,9.40,0.0168,true,1,12570
7290002317319,false,מלפפון 650ג בחומץ +20% 7-9 A2 מטולה,שימורי מוטולה,IL,מלפפון בחומץ 7-9 20%,גרמים,670.00,100 גרם,false,,8.50,0.0127,true,1,12579
7290002317326,false,זיתים מנזולינו 12-15 +20% 670ג A2 מטולה,שימורי מוטולה,IL,זיתים מנזלינו 20% 12,גרמים,670.00,100 גרם,false,,8.50,0.0127,true,1,52102
7290002317357,false,מוטולה פלפל שיפקה צנצ',שימורי מוטולה,IL,פילפל שיפקה בצנצנת מ,גרמים,630.00,100 גרם,false,,8.50,0.0135,true,1,52198
7290002317371,false,זיתים מושחר נטול גלעין 560ג A2 מטולה,שימורי מוטולה,IL,זיתים מושחרים נטולי,גרמים,560.00,100 גרם,false,,9.40,0.0168,true,1,12580
7290002317616,false,זיתים מרינט 17-19 560ג A2 מטולה,שימורי מוטולה,IL,זיתים חתוכים מרינט 1,גרמים,560.00,100 גרם,false,,9.40,0.0168,true,1,12586
7290002317678,false,זיתים נטולי גלעין צנ,,,זיתים נטולי גלעין צנ,גרמים,560.00,100 גרם,false,,9.40,0.0168,true,1,12588
7290002317753,false,טבעות זיתים ירוקים ב,שימורי מוטולה,IL,טבעות זיתים ירוקים ב,גרמים,560.00,100 גרם,false,,9.40,0.0168,true,1,12589
7290002319016,false,אבקת אפיה מיה מארז 10X10 ג',מיה תעשיות מזון בעמ,IL,אבקת אפיה 10 יח' מיה,גרמים,100.00,100 גרם,false,,1.60,0.0160,true,1,7416
7290002319023,false,סוכר וניל מיה עשיריו,מיה תעשיות מזון בעמ,IL,1/10 סוכר וניל,גרמים,100.00,100 גרם,false,,1.60,0.0160,true,1,7417
7290002319078,false,שומשום מיה 100 גרם,מיה,IL,שומשום 100ג,גרמים,100.00,100 גרם,false,,3.30,0.0330,true,1,7422
7290002319184,false,עדשים אדומים יבשים מיה 500 גר',מיה,IL,עדשים אדומים מיה 500,גרמים,500.00,100 גרם,false,,7.70,0.0154,true,1,7431
7290002319221,false,חיטה מיה 500 גרם,מיה,IL,חיטה מיה 500 גרם,גרמים,500.00,100 גרם,false,,4.80,0.0096,true,1,7435
7290002319528,false,קמח מצה מיה 200 גרם,מיה תעשיות מזון,IL,קמח מצה מיה 200 גרם,גרמים,200.00,100 גרם,false,,2.50,0.0125,true,1,7449
7290002319771,false,"תמצית אפיה וניל 50מ""ל מיה",מיה תעשיות מזון בעמ,IL,תמצית אפיה וניל,מיליליטרים,50.00,"100 מ""ל",false,,2.50,0.0500,true,1,7464
7290002319788,false,"תמצית אפיה רום 50 מ""ל מיה",מיה תעשיות מזון,IL,תמצית אפיה רום,מיליליטרים,60.00,"100 מ""ל",false,,2.50,0.0417,true,1,7465
7290002327042,false,"בורקס תפו""א 800 גר' שלושת האופים קהילות",שלושת האופים,IL,"בורקס תפו""א 800 ג",גרמים,800.00,100 גרם,false,,17.00,0.0213,true,1,8330
7290002327059,false,"בצק עלים 1 ק""ג שלושת האופים קהילות",שלושת האופים,IL,בצק עלים 1 ק`ג,קילוגרמים,1.00,"ק""ג",false,,17.00,17.0000,true,1,8331
7290002327073,false,בורקס גבינה 800 גר' שלושת האופים קהילות,שלושת האופים,IL,בורקס גבינה 800 גרם,גרמים,800.00,100 גרם,false,,17.00,0.0213,true,1,8333
7290002331025,false,"מים מינרלים נביעות ספורט 500 מ""ל פקדון",נביעות טבע הגליל בעמ,IL,נביעות 1/2 ליטר ספור,מיליליטרים,500.00,"100 מ""ל",false,,3.40,0.0068,true,1,3391
7290002331094,false,"נביעות+ מים טעם ענבים 755מ""ל",נביעות טבע הגליל בעמ,IL,755מל מים מינרלים TO,מיליליטרים,755.00,"100 מ""ל",false,,3.50,0.0046,true,1,3392
7290002331360,false,"נביעות מים מינרליים טו גו מארז 500X6מ""ל",קריות זול,IL,נביעות TO GO שישייה,ליטרים,3.00,ליטר,false,,12.20,4.0667,true,1,3401
7290002331421,false,"מים אישי נביעות מארז שישייה* 755 מ""ל",קריות זול,IL,נביעות 6*755מל,ליטרים,4.53,ליטר,false,,14.50,3.2009,true,1,3402
7290002331483,false,"נביעות בייבי מארז 320X6מ""ל",נביעות טבע הגליל בעמ,IL,נביעות בייבי 320*6 מ,ליטרים,1.92,ליטר,false,,11.70,6.0938,true,1,3404
7290002331490,false,מים מינרלים נביעות 1 ליטר,נביעות טבע הגליל בעמ,IL,נביעות 1 ליטר,ליטרים,1.00,ליטר,false,,2.50,2.5000,true,1,3405
7290002331537,false,נביעות מים מינרלים ב,,,נביעות מים מינרלים ב,מיליליטרים,500.00,"100 מ""ל",false,,5.50,0.0110,true,1,3406
7290002331711,false,נביעות פלוס בטעם ענבים 500מל,נביעות טבע הגליל בעמ,IL,נביעות מים מינרלים ב,מיליליטרים,500.00,"100 מ""ל",false,,5.50,0.0110,true,1,3412
7290002345022,false,אנטריקוט דק דק אל גאצ'ו 250ג' מינוט,"טיבון ויל אחזקות בע""",IL,אנטריקוט דקדק 250 ג,גרמים,250.00,100 גרם,false,,13.60,0.0544,true,1,8338
7290002348238,false,אננס חתוך 820 ג' ויליגר,טיפקו,TH,לפתן אננס חתוך ויליג,גרמים,830.00,100 גרם,false,,5.90,0.0071,true,1,8344
7290002353836,false,סרדין רוברט בשמן זית 120 ג',קונסרבס פורטוגל נורט,PT,סרדינים רוברט בשמן ז,גרמים,120.00,100 גרם,false,,7.60,0.0633,true,1,8348
7290002371526,false,סלסולי פסטרמה שום טירת צבי 120 ג',הנסיך- מפעל לייצור ט,IL,טירת צבי סלסולי פסטר,גרמים,120.00,100 גרם,false,,11.90,0.0992,true,1,13058
7290002371533,false,דקניקים סלסולי פסטרמה בדבש 120 ג' טירת צבי,הנסיך- מפעל לייצור ט,IL,טירת צבי סלסולי פסטר,גרמים,120.00,100 גרם,false,,11.90,0.0992,true,1,13059
7290002371540,false,דקניקים קורנדביף 120 ג' טירת צבי,הנסיך- מפעל לייצור ט,IL,טירת צבי קורנדביף דק,גרמים,120.00,100 גרם,false,,11.90,0.0992,true,1,13060
7290002374268,false,שמן חמניות מילומור 1 ליטר,שמן תעשיות,IL,שמן חמניות מילומור 1,ליטרים,1.00,ליטר,false,,8.47,8.4700,true,1,32666
7290002374312,false,שמן קנולה מילומור 1 ליטר,"נארז ע""י : א.ג. גילר",EE,שמן קנולה מילומור 1,ליטרים,1.00,ליטר,false,,10.20,10.2000,true,1,8550
7290002374640,false,שמן קנולה פלוס אומגה 3 1ל' עץ הזית,שמן תעשיות,IL,שמן קנולה פלוס אומגה,ליטרים,1.00,ליטר,false,,14.50,14.5000,true,1,8551
7290002407348,false,"שמן זית כתית מעולה 750 מ""ל ג'השאן",,,שמן זית כתית מעולה ג,מיליליטרים,750.00,"100 מ""ל",false,,25.60,0.0341,true,1,32197
7290002515371,false,קמיל בלו אל סבון מעושר בלחות 1 ל',הדקלאים אגודת שיתופי,IL,קמיל בלו משפחתי 1 לי,ליטרים,1.00,ליטר,false,,23.00,23.0000,true,1,15234
7290002517269,false,תבלין פלפל שחור שלם 35ג',תות ממתקי איכות,IL,תבלין פלפל שחור שלם,גרמים,35.00,100 גרם,false,,6.00,0.1714,true,1,35902
7290002517580,false,תערובת תיבול לעוף - 80 ג',תות ממתקי איכות,IL,תערובת תיבול לעוף טע,גרמים,80.00,100 גרם,false,,9.00,0.1125,true,1,35905
7290002517726,false,תבלין מקלות קינמון 15ג',תות ממתקי איכות,IL,תבלין מקל קינמון טעם,גרמים,15.00,100 גרם,false,,6.30,0.4200,true,1,35906
7290002517863,false,תבלין ציפורן טחון 80ג',תות ממתקי איכות,IL,תבלין ציפורן טחון טע,גרמים,40.00,100 גרם,false,,6.80,0.1700,true,1,35908
7290002542780,false,"שישיית בירה סטלה ארטואה 330 מ""ל*6",סטלה ארטואה Stella Artois,BE,סטלה ארטואה בקבוק 6*,ליטרים,1.98,ליטר,false,,30.90,15.6061,true,1,15484
7290002542865,false,שישיית בירה הוגרדן 6,הוגרדן,BE,בירה הוגרדן -שישיה *,ליטרים,1.98,ליטר,false,,42.90,21.6667,true,1,15488
7290002581079,false,תן צ'אפ חטיף טבעות 50 גר',מיה תעשיות מזון,IL,תן צאפ טבעות 50 גרם,גרמים,50.00,100 גרם,false,,3.60,0.0720,true,1,46179
7290002628293,false,טחון עוף בלדי קפוא 5,,,טחון עוף קפוא 500 גר,גרמים,500.00,100 גרם,false,,8.50,0.0170,true,1,19311
7290002651116,false,"גחנון חמסי 1 ק""ג",מעדני הטלה,,"גחנון חמסי 1 ק""ג",קילוגרמים,1.00,"ק""ג",false,,13.60,13.6000,true,1,8368
7290002651123,false,חמסי מלווח 1 קילו,חמסי,,"מלווח חמסי 1 ק""ג",קילוגרמים,1.00,"ק""ג",false,,13.60,13.6000,true,1,8369
7290002661023,false,לחם אחיד ברמן 750 גר,,,לחם אחיד ברמן 750 גר,גרמים,750.00,100 גרם,false,,4.38,0.0058,true,1,23581
7290002674221,false,"אקווה פרש משחת שינים משאבה מנטה 100 מ""ל",גלקסו סמית קליין,GB,מש.שיניים משאבה מנטה,מיליליטרים,100.00,"100 מ""ל",false,,11.10,0.1110,true,1,1971
7290002692393,false,שמן קנולה מועשר עץ ה,שמן תעשיות,IL,שמן קנולה מועשר עץ ה,ליטרים,1.00,ליטר,false,,13.60,13.6000,true,1,8552
7290002692768,false,"תרסיס קנולה מופחת קלוריות 200 מ""ל עץ הזית",טרנסומס פוד איי בי,IT,תרסיס שמן קנולה עץ ה,מיליליטרים,200.00,"100 מ""ל",false,,13.40,0.0670,true,1,8554
7290002692782,false,"תרסיס מופחת קלוריות זית 200 מ""ל עץ הזית",י.ב טכנולוגיות אריזה,IL,תרסיס שמן זית עץ הזי,מיליליטרים,200.00,"100 מ""ל",false,,13.40,0.0670,true,1,8556
7290002703068,false,דבש טהור 1קג- עין חרוד,עין חרוד,IL,צנצנת דבש עין חרוד 1,קילוגרמים,1.00,"ק""ג",false,,35.80,35.8000,true,1,26053
7290002703310,false,צנצנת דבש עין חרוד 5,,,צנצנת דבש עין חרוד 5,גרמים,500.00,100 גרם,false,,18.70,0.0374,true,1,26054
7290002703402,false,דבש עין חרוד 400 גרם,,,דבש עין חרוד 400 גרם,גרמים,400.00,100 גרם,false,,17.00,0.0425,true,1,26056
7290002703655,false,סילאן 100% טבעי עין,,,סילאן 100% טבעי עין,גרמים,385.00,100 גרם,false,,11.00,0.0286,true,1,26059
7290002730262,false,פלמוליב כלים שקוף קלאסי 750 בקבוק חדש,יבואן ומשווק: ש. שסט,GR,פלמוליב לכלים קלאסי,מיליליטרים,750.00,"100 מ""ל",false,,10.20,0.0136,true,1,10905
7290002730675,false,"קולגייט משחת שיניים אדומה משפחתי 100 מ""ל",קולגייט פלמוליב,PL,משחת שיניים משפחתי ק,מיליליטרים,100.00,"100 מ""ל",false,,9.40,0.0940,true,1,10909
7290002730811,false,"קולגייט משחת שיניים ג'ל משפחתי 100מ""ל",הנסיך- מפעל לייצור ט,PL,משחת שיניים גל משפחת,מיליליטרים,100.00,"100 מ""ל",false,,11.20,0.1120,true,1,10910
7290002735014,false,מלוואח ארוז ינון 800 גר',ג'נרל מילס סאן אדריא,IL,ינון מלווח ארוז 800,גרמים,800.00,100 גרם,false,,10.90,0.0136,true,1,28518
7290002752332,false,"סוכריות מנטוס פירות בגליל, 37.5 גרם",הדקלאים אגודת שיתופי,NL,מנטוס .סוכריות פירות,גרמים,37.50,100 גרם,false,,2.50,0.0667,true,1,6378
7290002757139,false,מלוואח 700 גר' שלושת האופים קהילות,שלושת האופים,IL,שלושת האופים מלוואח,גרמים,700.00,100 גרם,false,,11.00,0.0157,true,1,8376
7290002757665,false,קבב מזרחי טיבון ויל 400 ג',טיבון ויל,,קבב מזרחי 400 גרם,גרמים,400.00,100 גרם,false,,8.40,0.0210,true,1,8379
7290002757672,false,המבורגר מזרחי טיבון ויל 400ג',טיבון ויל,,המבורגר 400גרם נטו,גרמים,400.00,100 גרם,false,,8.50,0.0213,true,1,8380
7290002814528,false,נוזל לניקוי האסלה סנט מוריץ 1 ליטר,קומפלקס כימיקלים,IL,נוזל אסלות 1 ליטר,ליטרים,1.00,ליטר,false,,5.60,5.6000,true,1,28732
7290002814870,false,"סנט מוריץ - מרסס מסיר שומנים קר מבושם לוונדר\פרחים 750 מ""ל",,,מסיר שומנים קר מבושם,מיליליטרים,750.00,"100 מ""ל",false,,9.30,0.0124,true,1,28738
7290002824183,false,גבינה לבנה 5% שומן 500 ג' שטראוס,מיוצר עי קונדיטוריית,IL,גבינה לבנה 5% סקי 50,גרמים,500.00,100 גרם,false,,8.12,0.0162,true,1,12107
7290002824466,false,דנונה יוגורט ביו 0% 200מל,"שטראוס בריאות בע""מ",IL,דנונה יוגורט ביו 0%,מיליליטרים,200.00,"100 מ""ל",false,,3.20,0.0160,true,1,12108
7290002824640,false,גבינה שטראוס 5% 250 ג',מיוצר עי קונדיטוריית,IL,גבינה 5% סקי 250 גרם,גרמים,250.00,100 גרם,false,,4.26,0.0170,true,1,12109
7290002825722,false,סלט כרוב אדום אחלה 5,מיוצר עי קונדיטוריית,IL,אחלה כרוב אדום 500ג,גרמים,500.00,100 גרם,false,,11.00,0.0220,true,1,12110
7290002827306,false,נקניקיות עוף ירושלים מחפוד 400 ג',,,עוף ירושלים נקניקיות,גרמים,400.00,100 גרם,false,,9.40,0.0235,true,1,25895
7290002842002,false,"שבולת שועל אנגלי מורנפלייק לל""ס 500גר",,,מורנפלייק פתיתי שיבו,גרמים,500.00,100 גרם,false,,8.50,0.0170,true,1,6380
7290002868996,false,קוטג' 5% מועשר טרה 250ג' מהדרין,קריות זול,IL,טרה קוטג מועשר 5% 25,גרמים,250.00,100 גרם,false,,4.60,0.0184,true,1,3148
7290002871248,false,"בירה טובורג רד חוזר 500 מ""ל",מבשלות בירה בינלאומי,IL,בירה טובורג רד בקבוק,מיליליטרים,500.00,"100 מ""ל",false,,7.22,0.0144,true,1,3413
7290002871361,false,"קרלסברג בירה בק.חוזר 500 מ""ל",מבשלות בירה בינלאומי,IL,קרלסברג בירה בק.חוזר,מיליליטרים,500.00,"100 מ""ל",false,,7.22,0.0144,true,1,3415
7290002881506,false,חמאת בוטנים 510 ג' תומר,Niza s a,,חמאת בוטנים 510 גרם,גרמים,510.00,100 גרם,false,,10.60,0.0208,true,1,12880
7290002900566,false,פסטרמה ברביקיו דל שומן טירת צבי 360 ג',הנסיך- מפעל לייצור ט,IL,פסטרמה ברביקיו דל שו,גרמים,360.00,100 גרם,false,,23.80,0.0661,true,1,13064
7290002904694,false,"טיטניום דאודורנט ספריי לגברים 150 מ""ל",אמיליה קוסמטיקס בעמ,IL,דאודורנט ספריי קלאסי,מיליליטרים,180.00,"100 מ""ל",false,,13.60,0.0756,true,1,15626
7290002909880,false,פולי סויה אדממה קפוא 400 גר',,,פולי סויה אדממה בלדי,גרמים,400.00,100 גרם,false,,10.20,0.0255,true,1,19314
7290002921349,false,דבק סופר גלו מארז זוגי,קריות זול,,סופר גלו 3 זוגי,יחידה,0.00,יחידה,false,,11.90,0.0000,true,1,5679
7290002922117,false,עוגיות אקלר פרמיום,אקלר,,מארז עוגיות אקלר 250,100 יח',250.00,100 יח',false,,20.40,0.0816,true,1,34256
7290002923466,false,טחון בקר 1 ק`ג,,,טחון בקר 1 ק`ג,קילוגרמים,1.00,"ק""ג",false,,21.30,21.3000,true,1,104680
7290002971955,false,קמח שטיבל חיטה לבן מנופה 1קג,שטיבל,IL,קמח לבן 650 ללא צורך,קילוגרמים,1.00,"ק""ג",false,,7.30,7.3000,true,1,4549
7290002973669,false,קמח לחם ללא צורך בני,,,קמח לחם ללא צורך בני,קילוגרמים,1.00,"ק""ג",false,,6.80,6.8000,true,1,4556
7290002973676,false,קמח לחלה ללא צורך בנ,,,קמח לחלה ללא צורך בנ,קילוגרמים,1.00,"ק""ג",false,,6.80,6.8000,true,1,4557
7290002973829,false,קמח כוסמין לבן ללא צ,,,קמח כוסמין לבן ללא צ,קילוגרמים,1.00,"ק""ג",false,,12.70,12.7000,true,1,4559
7290002986652,false,פתי בר שוקו 470 ג' גטניו,"אחים גטניו בע""מ",,גטניו - פתיבר שוקו 4,גרמים,470.00,100 גרם,false,,7.50,0.0160,true,1,22456
7290002987963,false,"סלט חומוס אחלה 1 ק""ג",מיוצר עי קונדיטוריית,IL,אחלה חומוס 1קג,קילוגרמים,1.00,"ק""ג",false,,11.90,11.9000,true,1,12111
7290003009312,false,בוטן קלוי קלית גת 200 ג',הדקלאים אגודת שיתופי,IL,בוטן קלוי 200 גרם,גרמים,200.00,100 גרם,false,,5.60,0.0280,true,1,6381
7290003009329,false,בוטן אמריקאי קלית גת 200 ג',הדקלאים אגודת שיתופי,IL,בוטן אמריקאי מצופה 2,גרמים,200.00,100 גרם,false,,5.60,0.0280,true,1,6382
7290003009336,false,קבוקים מצופים קליית,הדקלאים אגודת שיתופי,IL,קבוקים מצופים 200 גר,גרמים,200.00,100 גרם,false,,5.60,0.0280,true,1,6383
7290003009596,false,"פריגת סירופ דיאט אשכוליות 750מ""ל",סירופ - גבעת חיים,IL,סירופ דיאט אשכוליות,מיליליטרים,750.00,"100 מ""ל",false,,18.50,0.0247,true,1,3423
7290003029181,false,משקה יטבתה שוקו' בקבוק 1ל מהדרין,מחלבת יטבתה,IL,יטבתה שוקו בקבוק 1ל,ליטרים,1.00,ליטר,false,,9.30,9.3000,true,1,12113
7290003029372,false,משקה חלב בננה בקבוק 1ל' יוטבתה,מחלבת יטבתה,IL,יטבתה משקה חלב בננה,ליטרים,1.00,ליטר,false,,9.30,9.3000,true,1,12115
7290003029389,false,"משקה חלב בננה פקק ספורט 250 מ""ל יוטבתה",מחלבת יטבתה,IL,יטבתה משקה חלב בננה+,מיליליטרים,250.00,"100 מ""ל",false,,4.70,0.0188,true,1,12116
7290003029433,false,"משקה יטבתה שוקו פקק 250 מ""ל מהדרין",מחלבת יטבתה,IL,יטבתה שוקו +פקק 250,מיליליטרים,250.00,"100 מ""ל",false,,4.70,0.0188,true,1,12117
7290003029532,false,מוקה בקבוק 1 ל' יוטבתה,מחלבת יטבתה,IL,יטבתה מוקה 1ל,ליטרים,1.00,ליטר,false,,9.30,9.3000,true,1,12118
7290003029792,false,"משקה יטבתה שוקו שקיות מהדרין מארז 225X8מ""ל",שטראוס גרופ,IL,יטבתה מהדרין שוקו שק,ליטרים,1.80,ליטר,false,,16.10,8.9444,true,1,12119
7290003029815,false,חלב יוטבתה מועשר 3% בכד 2ל',מחלבת יטבתה,IL,חלב מועשר בכד2 ליטר,ליטרים,2.00,ליטר,false,,12.70,6.3500,true,1,12120
7290003029907,false,משקה יטבתה אייס קפה 1ליטר,מחלבת יטבתה,IL,יטבתה אייס קפה 1ל,ליטרים,1.00,ליטר,false,,9.30,9.3000,true,1,12121
7290003054190,false,מסטמכר לחם שיפון עם שלושה דגנים 500ג,מרום את קונפינו,DE,לחם שיפון 3 דגנים מס,גרמים,500.00,100 גרם,false,,11.50,0.0230,true,1,2575
7290003072804,false,פסטרמה של פעם טירת צבי 200 ג',טירת צבי,,טירת צבי פסטרמה של פ,גרמים,200.00,100 גרם,false,,17.00,0.0850,true,1,13083
7290003072811,false,נקניקיות בראטוורסט מבשר בקר והודו,טירת צבי,,טירת צבי נקניקיות בר,גרמים,320.00,100 גרם,false,,15.40,0.0481,true,1,13084
7290003072972,false,קבנוס בתיבול שום 120 גר',טירת- צבי,IL,קבנוס בתיבול שום 120,גרמים,120.00,100 גרם,false,,8.40,0.0700,true,1,13091
7290003107148,false,"קמח לבן דגן 1 ק""ג",,,"קמח לבן דגן 1 ק""ג",קילוגרמים,1.00,"ק""ג",false,,3.90,3.9000,true,1,4562
7290003107216,false,קמח 1 קג שימורי איכ,טחנות קמח דגן 2006,IL,"קמח לבן דגן 1 ק""ג",קילוגרמים,1.00,"ק""ג",false,,5.60,5.6000,true,1,4563
7290003107223,false,"סולת חיטה דגן 1 ק""ג",טחנות קמח דגן 2006,IL,"סולת חיטה דגן 1 ק""ג",קילוגרמים,1.00,"ק""ג",false,,5.60,5.6000,true,1,4564
7290003107315,false,"סולת דגן 1 ק""ג",,,"סולת דגן 1 ק""ג",קילוגרמים,1.00,"ק""ג",false,,3.90,3.9000,true,1,4567
7290003107346,false,טחנת קמח דגן קמח 1 קג,,,קמח חיטה לבן דגן 1 ק,קילוגרמים,1.00,"ק""ג",false,,3.90,3.9000,true,1,4568
7290003126958,false,טופו גבינה גוש בואקום צוריאל 300 ג',א.י.ן תעשיות מזון בע,IL,צוריאל גבינה גוש טופ,גרמים,300.00,100 גרם,false,,10.20,0.0340,true,1,3151
7290003141159,false,מרשמלו יוגטה 180 גרם,סאדאט,IL,יוגטה מרשמלו 180 גר',גרמים,180.00,100 גרם,false,,5.80,0.0322,true,1,6385
7290003142422,false,קליית גת גרעינים שחורים ללא מלח 180ג,ג'י אנד ג'י,IL,גרעיני חמניה ללא מלח,גרמים,180.00,100 גרם,false,,5.00,0.0278,true,1,6386
7290003143146,false,ממרח תמרים קליית גת 450 ג',הדקלאים אגודת שיתופי,IL,ממרח תמרים 450 גרם,גרמים,450.00,100 גרם,false,,5.60,0.0124,true,1,6389
7290003143276,false,יוגטה מרשמלו מגולגל 180גר,מוטקה החולב,TR,יוגטה מרשמלו מגולגל,גרמים,180.00,100 גרם,false,,5.80,0.0322,true,1,6390
7290003145751,false,קשיו קלוי קלית גת 200 ג',הדקלאים אגודת שיתופי,IL,קשיו קלוי 200 גרם,גרמים,200.00,100 גרם,false,,12.70,0.0635,true,1,6397
7290003145959,false,פקאן טבעי קלית גת 150 ג',קוד יצרן JG,IL,אגוז פקאן טבעי 150 ג,גרמים,150.00,100 גרם,false,,17.00,0.1133,true,1,6400
7290003208586,false,וורמוט מרטיני ביאנקו,מרטיני ורוסי,IT,מרטיני ביאנקו 750 מל,מיליליטרים,750.00,"100 מ""ל",false,,39.30,0.0524,true,1,6840
7290003220533,false,"רוטב צ'ילי מתוק ווק 700 מ""ל",THAI COCONUT CO,,רוטב צ'ילי מתוק 700,מיליליטרים,700.00,"100 מ""ל",false,,9.30,0.0133,true,1,22469
7290003220588,false,"רוטה צ'ילי מתוק ללא סוכר 700 מ""ל WOK",תאי פרידה אינדסטרי ב,,ווק רוטב צ'ילי מתוק,מיליליטרים,700.00,"100 מ""ל",false,,12.70,0.0181,true,1,32009
7290003220717,false,אצות נורי סילבר 10 ג' WOK,JAEWON GLOBAL NET,,אצות נורי סילוור 10,גרמים,22.00,100 גרם,false,,9.30,0.4227,true,1,32015
7290003220977,false,עוגיות חצי ירח מצופה 175 נאפה מעדני מלך,אפיפית,,מעדני מלך ירח חצי מצ,גרמים,175.00,100 גרם,false,,5.00,0.0286,true,1,22474
7290003229109,false,פסטרמה בפפריקה טירת צבי 400 ג',הנסיך- מפעל לייצור ט,IL,א.מ .פסטרמה בפפריקה,גרמים,400.00,100 גרם,false,,23.00,0.0575,true,1,13092
7290003229123,false,פסטרמה על גחלים טירת צבי 400 ג',הנסיך- מפעל לייצור ט,IL,א.מ. פסטרמה על גחלים,גרמים,400.00,100 גרם,false,,23.00,0.0575,true,1,13094
7290003229147,false,נקניק סלמי איטלקי טירת צבי 300 ג',הנסיך- מפעל לייצור ט,IL,סלמי בסגנון איטלקי 3,גרמים,300.00,100 גרם,false,,23.00,0.0767,true,1,13095
7290003229192,false,כתף בקר מעושן טירת צבי 400 ג' צבי,טיב טירת צבי 2000,IL,א.מ. כתף בקר מעושן 4,גרמים,400.00,100 גרם,false,,23.00,0.0575,true,1,13097
7290003318100,false,וופל בטעם שוקולד מנעמים 200 ג',מנעמים תעשיות מזון,IL,ופל שוקו מנעמים 200,גרמים,200.00,100 גרם,false,,3.70,0.0185,true,1,19615
7290003318131,false,ופל קלאסיק אגוז 200 גרם מנעמים,מנעמים תעשיות מזון,IL,ופל אגוז מנעמים 200,גרמים,200.00,100 גרם,false,,3.70,0.0185,true,1,19616
7290003318155,false,וופל טעם לימון מנעמים 200 ג',מנעמים תעשיות מזון,IL,ופל לימון מנעמים 200,גרמים,250.00,100 גרם,false,,3.70,0.0148,true,1,19617
7290003321292,false,גבינה לבנה 9% שומן 250 ג' שטראוס,מיוצר עי קונדיטוריית,IL,גבינה 9% סקי 250 גרם,גרמים,250.00,100 גרם,false,,4.00,0.0160,true,1,12123
7290003332007,false,קפה נחלה סובחי 250גר,סובחי נחלה ובניו,,קפה נחלה סובחי 250ג,גרמים,250.00,100 גרם,false,,11.90,0.0476,true,1,18150
7290003332021,false,"קפה נחלה סובחי 1 ק""ג",,,"קפה נחלה סובחי 1 ק""ג",קילוגרמים,1.00,"ק""ג",false,,43.50,43.5000,true,1,18152
7290003400500,false,חטיף קרמל ובוטנים נא,הרשי,US,חטיף קרמל עם בוטנים,גרמים,47.00,100 גרם,false,,3.30,0.0702,true,1,72718
7290003411566,false,צמרוני אזניים עץ הנמ,שוורצקוף& הנקל דיסלד,CN,צמרוני אוזניים עץ 20,יחידה,0.00,יחידה,false,,2.50,0.0000,true,1,3935
7290003411689,false,ליפתניות לבן 25 יחידות,הנמל אריזות ושיווק ב,IL,לפתניות 25 יח,יחידה,0.00,יחידה,false,,4.20,0.0000,true,1,3937
7290003411696,false,"מרקיות לבן ח""פ הנמל 25 יח'",,IL,מרקיות חד פעמי 25 יח,יחידה,0.00,יחידה,false,,8.50,0.0000,true,1,3938
7290003411993,false,גפרורים הנמל 10 יחיד,"איטיליאן פוד, אס.פי.",SE,גפרורים 10 יחידות,יחידה,0.00,יחידה,false,,2.50,0.0000,true,1,3943
7290003438013,false,ממרח זיתים ירוקים 190 ג' אוליביה,קריות זול,IL,אוליביה ממרח זיתים א,גרמים,190.00,100 גרם,false,,11.50,0.0605,true,1,12699
7290003438082,false,חזרת מצונן אוליביה,אוליביה גורמה (1996),IL,חזרת מצונן אוליביה,גרמים,180.00,100 גרם,false,,8.50,0.0472,true,1,13395
7290003450602,false,חרדל אמיתי צהוב בקבוק לחיץ 255 גר,היינץ צפון אמריקה -,US,חרדל אמיתי צהוב בקבו,גרמים,255.00,100 גרם,false,,7.60,0.0298,true,1,2578
7290003514007,false,שקדי מרק מאסטר שף 40,מנה Mana,IL,שקדי מרק מנה 400 גרם,גרמים,400.00,100 גרם,false,,8.50,0.0213,true,1,10928
7290003521074,false,"ד""ר פישר - סרקל מרכך שיער לילדים 1 ליטר",הדקלאים אגודת שיתופי,IL,סרקל מרכך שיער לילדי,יחידה,0.00,יחידה,false,,25.60,0.0000,true,1,15241
7290003521081,false,"ד""ר פישר - סרקל שמפו לילדים 1 ליטר","ד""ר פישר Dr fischer",IL,סרקל שמפו לילדים 1 ל,ליטרים,1.00,ליטר,false,,25.60,25.6000,true,1,15242
7290003525898,false,סלט טונה שלישיה * 180 ג' וילגיר,,,סלט טונה ויליגר שליש,גרמים,480.00,100 גרם,false,,12.70,0.0265,true,1,8402
7290003525904,false,סלט טונה פיקנטי שלישיה * 160 ג',,,סלט טונה פיקנטי וילי,גרמים,480.00,100 גרם,false,,12.70,0.0265,true,1,8403
7290003550753,false,טונה פוסידון בשמן רביעיה *108 ג',"מיוצר עי וליגר בעמ,",IL,טונה בהירה בשמן פוסי,גרמים,308.00,100 גרם,false,,17.00,0.0552,true,1,8405
7290003570171,false,מינוט שניצל 300 ג' בלדי,,,מינוט שניצל 300 גר',גרמים,300.00,100 גרם,false,,19.60,0.0653,true,1,19328
7290003570928,false,קבב בלדי קצביה ארוז קפוא 500ג',בלאדי,IL,קבב בלדי קצביה ארוז,גרמים,500.00,100 גרם,false,,24.70,0.0494,true,1,19331
7290003578078,false,קוקטיל פירות טרופי ויליפוד 850 ג',קריות זול,CN,לפתן קוקטיל טרופי פי,גרמים,850.00,100 גרם,false,,8.50,0.0100,true,1,1633
7290003578108,false,אננס חתיכות ויליפוד 850 ג',טקרנג פינאפל אינדסטר,TH,אננס חתוך ויליפוד 85,גרמים,490.00,100 גרם,false,,7.70,0.0157,true,1,1635
7290003578313,false,דובדבנים חמוצים ללא חרצנים 680גר,דל מונטה היילס אס.אי,HU,דובדבנים חמוצים ללא,גרמים,350.00,100 גרם,false,,7.60,0.0217,true,1,1637
7290003578672,false,שמן חמניות שארית ישר,וילי פוד,TR,שמן חמניות 1 ליטר,ליטרים,1.00,ליטר,false,,11.10,11.1000,true,1,34502
7290003598267,false,פולי סויה קפואים מקולפים אדממה 400 ג',,,פולי סויה מקולפים אד,גרמים,400.00,100 גרם,false,,10.20,0.0255,true,1,32008
7290003598311,false,מינוט סטייק חלק ריאה 300 ג',בלדי,IL,מינוט סטייק 300 גר'/,גרמים,300.00,100 גרם,false,,30.70,0.1023,true,1,19333
7290003643004,false,"אורז בסמטי קלאסי 1 ק""ג סוגת",האי נאם סי או אל.טי.,IL,"סוגת אורז בסמטי 1 ק""",קילוגרמים,1.00,"ק""ג",false,,11.00,11.0000,true,1,8557
7290003643165,false,קורנפלור 500 ג' סוגת,,,קונפלור 500 גרם,גרמים,500.00,100 גרם,false,,4.20,0.0084,true,1,8561
7290003643172,false,אבקת סוכר 100 ג' סוגת,א.ל ייצור ושיווק תבל,IL,סוגת אבקת סוכר 100 ג,גרמים,100.00,100 גרם,false,,1.60,0.0160,true,1,8562
7290003643325,false,קוסקוס בינוני 350 גרם סוגת,קריות זול,IL,קוסקוס בינוני סוגת 3,גרמים,350.00,100 גרם,false,,4.20,0.0120,true,1,8563
7290003643387,false,"סוכר לבן בצנצנת 1 ק""ג סוגת",האי נאם סי או אל.טי.,IL,סוכר לבן בצנצנת סוגת,קילוגרמים,1.00,"ק""ג",false,,8.50,8.5000,true,1,8565
7290003643646,false,"סוכר דמררה קלאסי בצנצנת סוגת 1 ק""ג",האי נאם סי או אל.טי.,IL,סוכר דמררה בצנצנת חו,קילוגרמים,1.00,"ק""ג",false,,11.00,11.0000,true,1,8566
7290003643684,false,אפונה יבשה סוגת 500 גר',האי נאם סי או אל.טי.,IL,אפונה יבשה 500 גרם,גרמים,500.00,100 גרם,false,,5.00,0.0100,true,1,8567
7290003643707,false,גריסים 500 גרם סוגת,"סוגת תעשיות בע""מ",IL,סוגת גריסים 500גר,גרמים,500.00,100 גרם,false,,4.70,0.0094,true,1,8568
7290003643714,false,חומוס סוגת 500 גרם,האי נאם סי או אל.טי.,IL,חומוס 500 גרם,גרמים,500.00,100 גרם,false,,6.80,0.0136,true,1,8569
7290003643738,false,סוגת חיטה 500 גרם,האי נאם סי או אל.טי.,IL,סוגת חיטה 500 גר,גרמים,500.00,100 גרם,false,,4.70,0.0094,true,1,8570
7290003643745,false,סוגת כוסמת 500 גרם,האי נאם סי או אל.טי.,IL,כוסמת 500 גרם,גרמים,500.00,100 גרם,false,,6.80,0.0136,true,1,8571
7290003643769,false,עדשים אדומים יבש סוגת 500 גר',"סוגת תעשיות בע""מ",IL,עדשים אדומות 500 גרם,גרמים,500.00,100 גרם,false,,6.80,0.0136,true,1,8573
7290003643776,false,"פופקורן גרעינים סוגת 500 ג' כשל""פ",האי נאם סי או אל.טי.,IL,סוגת פופקורן 500 גרם,גרמים,500.00,100 גרם,false,,4.70,0.0094,true,1,8574
7290003643783,false,קוקוס סוגת 100 גרם,האי נאם סי או אל.טי.,IL,קוקוס 100 גר,גרמים,100.00,100 גרם,false,,3.30,0.0330,true,1,8575
7290003643806,false,שעועית לבנה יבשה סוגת 500 ג',האי נאם סי או אל.טי.,IL,שעועית לבנה 500 גרם,גרמים,500.00,100 גרם,false,,9.30,0.0186,true,1,8576
7290003681303,false,שעועית מעורבת יבשה מיה 500 גר',מיה,IL,שעועית מעורבת 500 גר,גרמים,500.00,100 גרם,false,,6.80,0.0136,true,1,7486
7290003681334,false,קוקוס טחון 400 גרם ב,מיה,IL,קוקוס 400 גר. בדצ,גרמים,400.00,100 גרם,false,,10.20,0.0255,true,1,7487
7290003681341,false,קונפיטורה תות מיה 340 גר',מיה תעשיות מזון בעמ,IL,מיה קונפיטורה תות 34,גרמים,340.00,100 גרם,false,,7.60,0.0224,true,1,7488
7290003681365,false,סוכריות קישוט לעוגה צבעוני 70 גר' מיה,מיה תעשיות מזון,IL,70 סוכריות קישוט לעו,גרמים,70.00,100 גרם,false,,4.20,0.0600,true,1,7489
7290003681693,false,חומוס לבן ענק יבש מיה 500 גר',מיה,IL,חומוס לבן ענק מיה 50,גרמים,500.00,100 גרם,false,,9.40,0.0188,true,1,7495
7290003681716,false,גריסי פנינה מיה 500 גר',מיה,IL,גריסי פנינה 500 גרם,גרמים,500.00,100 גרם,false,,4.20,0.0084,true,1,7496
7290003706167,false,בצל ירוק ארוז,,,בצל ירוק ארוז,יח',1.00,יח',false,,5.90,5.9000,true,1,19464
7290003706440,false,בייבי מיקס נספק,,,בייבי מיקס נספק,יח',1.00,יח',false,,9.90,9.9000,true,1,19465
7290003718627,false,"פול ירוק 400 ג' בית יוסף כשל""פ",,,פול ירוק בלדי 400 גר,גרמים,400.00,100 גרם,false,,10.20,0.0255,true,1,84362
7290003726615,false,טופו הבית משק ויילר,הדקלאים אגודת שיתופי,IL,טופו ויילר 300 גרם.,גרמים,300.00,100 גרם,false,,9.30,0.0310,true,1,12124
7290003726875,false,טופו חומוס בתוספת פסטו 300 ג' משק ויילר,משק וואיילר,IL,טופו חומוס עם פסטו 3,גרמים,300.00,100 גרם,false,,11.10,0.0370,true,1,34517
7290003804252,false,תיבולית בנוסח הודי 72 ג' קנור,יוניליוור ישראל מזון,IL,תיבולית בנוסח הודי ק,גרמים,72.00,100 גרם,false,,6.80,0.0944,true,1,5190
7290003804320,false,תיבולית שום ופטרוזיליה 72 ג' קנור,יוניליוור ישראל מזון,IL,תיבוליות שום ופטרוזי,גרמים,72.00,100 גרם,false,,6.20,0.0861,true,1,31734
7290003804368,false,"תיבולית בזיליקום בד""ץ 72 ג' קנור",יוניליוור ישראל מזון,IL,תיבולית בזיליקום קנו,גרמים,72.00,100 גרם,false,,6.20,0.0861,true,1,5191
7290003805501,false,"פתית שוודי תלמה בד""צ 300 ג'",יוניליוור ישראל מזון,IL,פתית שוודי חסכוני בד,גרמים,300.00,100 גרם,false,,14.40,0.0480,true,1,5193
7290003864478,false,סרדינים בשמן צמחי ויליפוד 110ג' פתח קל,גולדן פרייז קאנינג א,TH,סרדין בשמן צמחי וילי,גרמים,110.00,100 גרם,false,,4.20,0.0382,true,1,1642
7290003864492,false,סרדינים בשמן צמחי חריף פתח קל ויליפוד 110ג',גולדן פרייז קאנינג א,TH,סרדין בשמן צמחי חריף,גרמים,120.00,100 גרם,false,,4.20,0.0350,true,1,1644
7290003882922,false,עלי גפן ממולאים באורז ויליפוד 400ג',הזה פלאקספו פוד קו ב,CN,עלי גפן ממולאים באור,גרמים,360.00,100 גרם,false,,7.70,0.0214,true,1,1646
7290003896141,false,אלמנדוס חטיף ספרדי פ,הדקלאים אגודת שיתופי,IL,אלמנדוס 200 גרם,גרמים,200.00,100 גרם,false,,10.20,0.0510,true,1,6402
7290003976614,false,גל אקונומיקה סמיכה פרחים טאצ' לבנדר 4 ל',,,ג'ל אקונומיקה סמיכה,ליטרים,4.00,ליטר,false,,10.70,2.6750,true,1,21370
7290003976706,false,דלי מטליות לניקוי וח,,,דלי מטליות לניקוי וח,יחידה,0.00,יחידה,false,,26.40,0.0000,true,1,21373
7290003976997,false,ג'ל ניקוי כללי ורצפות בתוספת סודה טאצ 2 ל',,,ג'ל ניקוי כללי ורצפו,ליטרים,2.00,ליטר,false,,15.30,7.6500,true,1,32443
7290003989096,false,סלט חציל פיקנטי אחלה,מיוצר עי קונדיטוריית,IL,אחלה חציל פיקנטי 500,גרמים,500.00,100 גרם,false,,12.70,0.0254,true,1,12125
7290003989539,false,לורנצו רביולי במילוי גבינה,מיוצר עי קונדיטוריית,IL,EAT GOOD רביולי גבינ,גרמים,400.00,100 גרם,false,,14.40,0.0360,true,1,12126
7290003989553,false,"פסטה טורטליני פטריות, 400 גרם",מיוצר עי קונדיטוריית,IL,שטראוס טורטליני פטרי,גרמים,400.00,100 גרם,false,,14.40,0.0360,true,1,12127
7290004011284,false,ריצ בסיס להכנת קצפת 25% 212מל,ריצ' פרודקטס קורפריי,IL,ריצ בסיס להכנת קצפת,מיליליטרים,212.00,"100 מ""ל",false,,5.80,0.0274,true,1,8406
7290004011338,false,"קצפת מתוקה מכונה 250 מ""ל ריץ'",האי נאם סי או אל.טי.,IT,ריצ קצפת במיכל 250מל,מיליליטרים,250.00,"100 מ""ל",false,,7.60,0.0304,true,1,8408
7290004030018,false,"פריניב מיץ לימון סחוט פרי לתיבול 500 מ""ל",הנסיך- מפעל לייצור ט,IL,מיץ לימון סחוט פרי פ,מיליליטרים,500.00,"100 מ""ל",false,,5.90,0.0118,true,1,26846
7290004030100,false,מיץ תפוזים ולנסיה סחוט 1 ליטר100%,,,מיץ תפוזים סחוט וולנ,ליטרים,1.00,ליטר,false,,13.60,13.6000,true,1,26850
7290004030223,false,פריניב נקטר תפוחים סחוט 1 ליטר,פריניב בעמ,IL,פרי ניב מיץ תפוח סחו,יחידה,0.00,יחידה,false,,12.80,0.0000,true,1,26853
7290004030612,false,פרי ניב מיץ קיוי אגס ללא תוספת סוכר 1ל,פריניב בעמ,IL,פרי ניב מיץ קיוי אגס,ליטרים,1.00,ליטר,false,,12.80,12.8000,true,1,26857
7290004030834,false,פריניב מיץ רימונים סחוט 1 ליטר,פריניב בעמ,IL,מיץ סחוט רימונים 100,ליטרים,1.00,ליטר,false,,20.40,20.4000,true,1,26864
7290004063016,false,מלח שולחן מעולה דק 1,האי נאם סי או אל.טי.,IL,"מלח שולחן סלית 1 ק""ג",קילוגרמים,1.00,"ק""ג",false,,1.77,1.7700,true,1,8579
7290004063115,false,"מלח מטבח עבה להמלחת בשר ובישול 1 ק""ג 1ק""ג",האי נאם סי או אל.טי.,IL,מלח מטבח גס לבישול כ,קילוגרמים,1.00,"ק""ג",false,,1.77,1.7700,true,1,8580
7290004064174,false,"תבלין מלח ההימלאיה דק בצנצנת 1 ק""ג",מלח הארץ,IL,מלח ההימלאיה דק בצנצ,קילוגרמים,1.00,"ק""ג",false,,14.40,14.4000,true,1,8585
7290004068011,false,יוגורט כבשים בדלי 5% שומן 600 ג' גד,"מיוצר ע""י קוד יצרן M",IL,גד יוגורט כבשים 5% 6,מיליליטרים,600.00,"100 מ""ל",false,,15.50,0.0258,true,1,7297
7290004068028,false,"יוגורט צזיקי לשתייה 3.5% 500 מ""ל רובין",מיוצר על ידי קוד יצר,IL,גד משקה צזיקי 2% 500,מיליליטרים,500.00,"100 מ""ל",false,,9.10,0.0182,true,1,7298
7290004068172,false,"יוגורט עיזים בדלי 5% 600 מ""ל רובין",קוד יצרן MKN,IL,גד יוגורט עיזים 5% 6,מיליליטרים,600.00,"100 מ""ל",false,,15.50,0.0258,true,1,7300
7290004078263,false,מקלות לאוזניים בלונס,SEPTONA S.A,GR,צמרונים בקופסא זוג ב,יחידה,0.00,יחידה,false,,9.30,0.0000,true,1,10933
7290004078690,false,"אגקס נוזל לניקוי אסלות מרענן 750 מ""ל",הנסיך- מפעל לייצור ט,FR,אגקס כלורון נוזל לני,מיליליטרים,750.00,"100 מ""ל",false,,12.80,0.0171,true,1,10935
7290004102326,false,תרד לא שטוף,,,תרד לא שטוף,גרמים,180.00,100 גרם,false,,11.90,0.0661,true,1,19466
7290004119133,false,כד יוגורט תנובה 6.5% שומן 1.5 ליטר,מיוצר עי קונדיטוריית,IL,יוגורט כדים תנובה 7%,ליטרים,1.50,ליטר,false,,15.10,10.0667,true,1,13397
7290004119225,false,יוגורט אננס 3% שומן 150 ג' יופלה,תנובה מרכז שיתופי לש,IL,יופלה אננס 3% 150מל,גרמים,150.00,100 גרם,false,,4.40,0.0293,true,1,13398
7290004119928,false,מעדן וניל גביע 1.5% שומן 125 ג' קרלו,מחלבת אלון תבור,IL,קרלו וניל 3% 125מל,מיליליטרים,125.00,"100 מ""ל",false,,2.50,0.0200,true,1,13400
7290004119973,false,מעדן שוקו 1.5% שומן 125 ג' קרלו,תנובה מרכז שיתופי לש,IL,קרלו שוקולדה 3% 125מ,מיליליטרים,125.00,"100 מ""ל",false,,2.50,0.0200,true,1,13401
7290004120061,false,קרלו שוקולד וניל 125,תנובה מרכז שיתופי לש,IL,קרלו שוניל 3% 125מל,מיליליטרים,125.00,"100 מ""ל",false,,2.50,0.0200,true,1,13402
7290004120108,false,יופלה דיאט יוגורט דובדבן %0 גביע 150ג',תנובה מרכז שיתופי לש,IL,יופלה דיאט דובדבן 0%,מיליליטרים,150.00,"100 מ""ל",false,,4.40,0.0293,true,1,13403
7290004120566,false,גבינה בולגרית 24% 250 ג' פיראוס,קריות זול,IL,פיראוס בולגרית 24% 2,גרמים,250.00,100 גרם,false,,18.70,0.0748,true,1,13407
7290004120634,false,גבינה בולגרית %5 250 ג' פיראוס,תנובה מרכז שיתופי לש,IL,פיראוס בולגרית 5% 25,גרמים,250.00,100 גרם,false,,18.70,0.0748,true,1,13409
7290004121488,false,יופלה דיאט אפרסק 0% גביע 150 ג',תנובה מרכז שיתופי לש,IL,יופלה דיאט אפרסק 0%,מיליליטרים,150.00,"100 מ""ל",false,,4.40,0.0293,true,1,13411
7290004121525,false,יופלה מאגדת פרי 4 תות 4 אפרסק 3% 8 יח'*150 ג',תנובה מרכז שיתופי לש,IL,יופלה אפרסק תות 3% 8,קילוגרמים,1.20,"ק""ג",false,,26.90,22.4167,true,1,13412
7290004121754,false,יוגורט עוגת גבינה ותות 3% שומן 150 ג' יופלה,תנובה בעמ,IL,יופלה קרם גבינה ותות,גרמים,150.00,100 גרם,false,,4.40,0.0293,true,1,13413
7290004121839,false,גבינת פטה כבשים 20% 250 ג' פיראוס,תנובה מרכז שיתופי לש,IL,פיראוס פטה כבשים 20%,גרמים,250.00,100 גרם,false,,23.00,0.0920,true,1,13414
7290004121853,false,גבינה בולגרית בקוביות %5 200 ג' פיראוס,תנובה מרכז שיתופי לש,IL,פיראוס בולגרית בקובי,גרמים,200.00,100 גרם,false,,16.90,0.0845,true,1,13415
7290004122119,false,פתיתי פרמזן לפסטה %23 100 ג' השף הלבן,פ.פ.ח. שאביט,IL,שף לבן פתיתי פרמזן ל,גרמים,100.00,100 גרם,false,,9.30,0.0930,true,1,13416
7290004122195,false,"גבינת גוש חלב פרוס 28%, כשרות מהדרין, 200 ג'",קריות זול,IL,גוש חלב פרוס 28% 200,גרמים,200.00,100 גרם,false,,12.10,0.0605,true,1,13417
7290004122270,false,גבינה צהובה פרוס בקופסא %28 200 ג' עמק,תנובה מרכז שיתופי לש,IL,עמק פרוס סגירה חוזרת,גרמים,200.00,100 גרם,false,,14.20,0.0710,true,1,13418
7290004122348,false,עמק לייט 9% פרוס בקופסא,תנובה מרכז שיתופי לש,IL,עמק לייט 9% 200ג,גרמים,200.00,100 גרם,false,,15.00,0.0750,true,1,13419
7290004122676,false,גבינת חמד לייט 5% פיראוס 250 ג',"תנובה,מחלבת טנא נוגה",IL,פיראוס חמד לייט 5% 2,גרמים,250.00,100 גרם,false,,16.20,0.0648,true,1,13420
7290004122683,false,חטיף גבינת אצבעות 28% 172 ג' עמק,תנובה מרכז שיתופי לש,IL,עמק אצבעות 172ג,גרמים,172.00,100 גרם,false,,14.30,0.0831,true,1,13421
7290004124205,false,יוגורט דיאט תות %0 שומן 150 ג' יופלה,תנובה מרכז שיתופי לש,IL,יופלה דיאט תות 0% 15,מיליליטרים,150.00,"100 מ""ל",false,,4.40,0.0293,true,1,13422
7290004124847,false,"קצפת צמחית השף הלבן 500 מ""ל תנובה",תנובה מרכז שיתופי לש,IL,שף לבן קצפת צמחית 24,מיליליטרים,500.00,"100 מ""ל",false,,12.40,0.0248,true,1,13423
7290004125370,false,שמנת חמוצה מופחתת שומן 9%,תנובה מרכז שיתופי לש,IL,תנובה שמנת מופחתת 9%,מיליליטרים,200.00,"100 מ""ל",false,,3.30,0.0165,true,1,13424
7290004125400,false,"שלי אשל 4.5% תנובה 200מ""ל מהדרין",פארייפאבה אגרואינדוס,IL,"אשל 4.5% בד""צ מהדרין",מיליליטרים,200.00,"100 מ""ל",false,,1.44,0.0072,true,1,13425
7290004125417,false,"שלי גיל 3% תנובה 200מ""ל מהדרין",תנובה מרכז שיתופי לש,IL,"גיל 3% בד""צ מהדרין",מיליליטרים,200.00,"100 מ""ל",false,,1.29,0.0065,true,1,13426
7290004125455,false,**תנובה שמנת אורגינל מהדרין 15% 200מל,תנובה מרכז שיתופי לש,IL,תנובה שמנת אורגינל מ,מיליליטרים,200.00,"100 מ""ל",false,,2.05,0.0102,true,1,13427
7290004125462,false,"שמנת אורגינל 15% מהדרין 500 מ""ל",תנובה מרכז שיתופי לש,IL,תנובה שמנת חמוצה 15%,מיליליטרים,500.00,"100 מ""ל",false,,5.13,0.0103,true,1,13428
7290004125509,false,"שמנת 15% חצי מנה 100 מ""ל תנובה",תנובה מרכז שיתופי לש,IL,תנובה שמנת חצי מנה 1,מיליליטרים,100.00,"100 מ""ל",false,,1.50,0.0150,true,1,13429
7290004125578,false,משקה סויה מעושר בסידן תנובה 1ל',תנובה מרכז שיתופי לש,IL,משקה סויה תנובה מועש,ליטרים,1.00,ליטר,false,,8.90,8.9000,true,1,13430
7290004125585,false,משקה סויה וניל תנובה E אלטרנטיב,תנובה מרכז שיתופי לש,IL,סויה תנובה משקה סויה,ליטרים,1.00,ליטר,false,,8.90,8.9000,true,1,13431
7290004125721,false,"שמנת לבישול 15% שומן 250 מ""ל תנובה",תנובה מרכז שיתופי לש,IL,שף לבן שמנת לבישול 1,מיליליטרים,250.00,"100 מ""ל",false,,7.30,0.0292,true,1,13432
7290004125738,false,שמנת מתוקה עמידה להקצפה 32% השף הלבן,תנובה מרכז שיתופי לש,IL,שף לבן שמנת להקצפה 3,מיליליטרים,250.00,"100 מ""ל",false,,5.80,0.0232,true,1,13433
7290004125776,false,גבינה צהובה 28% שומן 400 ג' עמק,קריות זול,IL,עמק גבינה קשה פרוסה,גרמים,400.00,100 גרם,false,,25.20,0.0630,true,1,13434
7290004126674,false,פרוסות גבינה חצי קשה 9% שומן 200 ג' עמק,תנובה מרכז שיתופי לש,IL,עמק טל לייט 9% 200ג,גרמים,200.00,100 גרם,false,,16.40,0.0820,true,1,13435
7290004126872,false,משקאות חלב תנובה שוקו בקבוק 250מל,קריות זול,IL,משקאות חלב תנובה שוק,מיליליטרים,250.00,"100 מ""ל",false,,5.00,0.0200,true,1,13437
7290004127077,false,קוטג' 3% שומן 250 ג' תנובה,מיוצר עי קונדיטוריית,IL,קוטג תנובה 3% 250 ג,גרמים,250.00,100 גרם,false,,4.60,0.0184,true,1,13438
7290004127329,false,קוטג' 5% תנובה 250ג' מהדרין,מיוצר עי קונדיטוריית,IL,קוטג' 5% תנובה מהדרי,גרמים,250.00,100 גרם,false,,4.60,0.0184,true,1,13439
7290004127336,false,קוטג' 9% תנובה 250 ג' הדרין,מיוצר עי קונדיטוריית,IL,קוטג' תנובה מהדרין 9,גרמים,250.00,100 גרם,false,,4.60,0.0184,true,1,13440
7290004127800,false,גבינה לבנה 5% שומן 500 ג' תנובה,מיוצר עי קונדיטוריית,IL,תנובה גבינה לבנה 5%,גרמים,500.00,100 גרם,false,,8.51,0.0170,true,1,13441
7290004127817,false,גבינה לבנה 9% שומן 500 ג' תנובה,מיוצר עי קונדיטוריית,IL,תנובה גבינה לבנה 9%,גרמים,500.00,100 גרם,false,,7.90,0.0158,true,1,13442
7290004127862,false,**תנובה גבינה למריחה מהדרין 5% 750ג,תנובה מרכז שיתופי לש,IL,תנובה גבינה למריחה מ,גרמים,750.00,100 גרם,false,,12.74,0.0170,true,1,13443
7290004128340,false,קרם גבינת שמנת %5 בטעם טבעי 200 ג' תנובה,קריות זול,IL,תנובה קרם גבינת שמנת,גרמים,200.00,100 גרם,false,,10.30,0.0515,true,1,13446
7290004128364,false,קרם גבינת שמנת 5% עם זיתים ירוקים 200 ג' תנובה,"תנובה, מחלבת תל יוסף",IL,תנובה קרם גבינת שמנת,גרמים,200.00,100 גרם,false,,10.30,0.0515,true,1,13447
7290004128432,false,פתיתים מיוחדים לפיצה על בסיס גבינה 500 ג',תנובה,IL,שף לבן פתיתי גבינה מ,גרמים,500.00,100 גרם,false,,18.60,0.0372,true,1,13448
7290004129101,false,גבינת שמנת 25% בטעם טבעי 225 ג' נפוליאון,תנובה מרכז שיתופי לש,IL,נפוליאון בטעם טבעי 2,גרמים,225.00,100 גרם,false,,12.40,0.0551,true,1,13449
7290004129156,false,גבינת שמנת25% עם שום שמיר 225 ג' נפוליאון,תנובה מרכז שיתופי לש,IL,נפוליאון שום שמיר 25,גרמים,225.00,100 גרם,false,,12.40,0.0551,true,1,13451
7290004130794,false,משקה סויה טבעי במתיקות מופחתת 1 ליטר,תנובה מרכז שיתופי לש,IL,סויה תנובה טבעי במתי,ליטרים,1.00,ליטר,false,,9.00,9.0000,true,1,13457
7290004131074,false,**חלב תנובה טרי מהדרין קרטון 3% 1ל,תנובה מרכז שיתופי לש,IL,חלב תנובה הומוגני מה,ליטרים,1.00,ליטר,false,,5.32,5.3200,true,1,13459
7290004131814,false,גבינה צפתית 5% מעודנת 200 ג' פיראוס,פארייפאבה אגרואינדוס,IL,פיראוס צפתית מעודנת,גרמים,200.00,100 גרם,false,,12.50,0.0625,true,1,13465
7290004132552,false,משקה סויה לייט בטעם טבעי טרי 1 ליטר,תנובה מרכז שיתופי לש,IL,סויה תנובה לייט בטעם,ליטרים,1.00,ליטר,false,,9.00,9.0000,true,1,13468
7290004132712,false,חטיף אצבעות גבינת מוצרלה 20% 172 ג' עמק,תנובה מרכז שיתופי לש,IL,עמק אצבעות מוצרלה 20,גרמים,174.00,100 גרם,false,,14.30,0.0822,true,1,13470
7290004133511,false,יופלה מאגדת לבן 1.5% מעודן 8 יח' * 150 ג',מיוצר עי קונדיטוריית,IL,יופלה לבן מעודן 1.5%,ליטרים,1.20,ליטר,false,,17.80,14.8333,true,1,13473
7290004135225,false,מעדן תנובה דיאט שוקולדה 0% 150מל,מחלבת אלון תבור,IL,מעדן תנובה דיאט שוקו,מיליליטרים,150.00,"100 מ""ל",false,,3.30,0.0220,true,1,13480
7290004135614,false,גבינה בולגרית מעודנת 5% 250 ג' פיראוס,קריות זול,IL,פיראוס בולגרית מעודנ,גרמים,250.00,100 גרם,false,,18.70,0.0748,true,1,13482
7290004136598,false,מארז הפסקת אוכל עם קורנפלקס ומשקה חלב עמיד בטעם וניל,פארייפאבה אגרואינדוס,IL,מארז הפסקת אוכל חלב,גרמים,150.00,100 גרם,false,,8.50,0.0567,true,1,13485
7290004136857,false,מעדן גלי בטעם פטל 12,תנובה מרכז שיתופי לש,IL,ג'לי תנובה פטל 125מל,מיליליטרים,125.00,"100 מ""ל",false,,2.10,0.0168,true,1,13486
7290004136864,false,ג'לי תנובה אננס עם חתיכות אננס 125מל,קריות זול,IL,ג'לי תנובה אננס עם ח,מיליליטרים,125.00,"100 מ""ל",false,,2.50,0.0200,true,1,13487
7290004136871,false,ג'לי תנובה אפרסק עם חתיכות אפרסק 125מל,תנובה מרכז שיתופי לש,IL,ג'לי תנובה אפרסק עם,מיליליטרים,125.00,"100 מ""ל",false,,2.50,0.0200,true,1,13488
7290004137021,false,"שמנת לבישול 10% עמיד השף הלבן 250 מ""ל",תנובה מרכז שיתופי לש,IL,שף לבן שמנת לבישול 1,מיליליטרים,250.00,"100 מ""ל",false,,7.20,0.0288,true,1,13489
7290004137311,false,עמק לייט משפחתית 9% 400ג-ועדת מהדרין,תנובה,IL,עמק לייט משפחתית 9%,גרמים,400.00,100 גרם,false,,26.90,0.0672,true,1,13490
7290004137809,false,לאבנה 5% שומן 250 ג' פיראוס,"תנובה, מחלבת אלון תב",IL,פיראוס לאבנה 5% 250ג,גרמים,250.00,100 גרם,false,,10.20,0.0408,true,1,13491
7290004225285,false,גבינה בסגנון דנאבלו 100 ג',האי נאם סי או אל.טי.,DK,סגנון דנאבלו 100 גרם,גרמים,100.00,100 גרם,false,,8.50,0.0850,true,1,8415
7290004323882,false,טחון הודו אדום 500 ג,,,טחון הודו אדום 500 ג,גרמים,500.00,100 גרם,false,,11.10,0.0222,true,1,104666
7290004324858,false,קבב כבש500 גר טי,"טיבון ויל אחזקות בע""",IL,קבב כבש 500 גרם,גרמים,500.00,100 גרם,false,,14.40,0.0288,true,1,8427
7290004492274,false,בייגלה טבעות מלוחות 400 ג',אתר בייגל - Food,IL,טבעות מלוחות 400 גר,גרמים,400.00,100 גרם,false,,7.60,0.0190,true,1,5203
7290004537265,false,אפונה עדינה קפואה 60,,,אפונה עדינה קפואה 60,גרמים,600.00,100 גרם,false,,12.70,0.0212,true,1,28526
7290004537272,false,פול קפוא 800גר שדה ב,,,פול קפוא 800גר שדה ב,גרמים,800.00,100 גרם,false,,15.30,0.0191,true,1,28527
7290004537326,false,לקט ירקות העונה 800,,,לקט ירקות העונה 800,גרמים,800.00,100 גרם,false,,11.90,0.0149,true,1,28530
7290004537340,false,גזר גמדי 800גרם שדה,,,גזר גמדי 800גרם שדה,גרמים,800.00,100 גרם,false,,11.90,0.0149,true,1,28532
7290004584306,false,רבעיית גמדים בטעם תות בננה * 100 ג' שטראוס,מיוצר עי קונדיטוריית,IL,גמדים תות בננה 4*100,מיליליטרים,400.00,"100 מ""ל",false,,9.20,0.0230,true,1,12128
7290004584351,false,גבינה במרקם שמנת 5% טבעי 200 ג' סימפוניה,"שטראוס בריאות בע""מ",IL,סימפוניה חמישית 200ג,גרמים,200.00,100 גרם,false,,9.80,0.0490,true,1,12129
7290004603175,false,מלח הארץ מלחייה גס 500 גרם,תעשיות מלח לישראל,IL,מלח ים האדום גס הארץ,גרמים,500.00,100 גרם,false,,6.80,0.0136,true,1,8598
7290004731410,false,סנו סושי כרית קרצוף ירוק שלישיה,קריות זול,IL,כרית קרצוף סנו סושי,יחידה,0.00,יחידה,false,,8.50,0.0000,true,1,15649
7290004731472,false,"אל סבון צבעוני כיף שלישיה* 500 מ""ל",טרופיקל דגיל תעשיות,IL,שלישיית אלסבון צבעונ,ליטרים,1.50,ליטר,false,,17.00,11.3333,true,1,15650
7290004731519,false,"מרכך ומבשם מקסימה למייבש אולטרה פרש 750 מ""ל סנו",קריות זול,IL,סנו מקסימה למייבש סנ,מיליליטרים,750.00,"100 מ""ל",false,,15.30,0.0204,true,1,15651
7290004731564,false,"סנו - מקסימה מרסס למייבש כביסה פריחה כחולה 750 מ""ל",סנו,IL,סנו מקסימה מבשם ומרכ,מיליליטרים,750.00,"100 מ""ל",false,,15.30,0.0204,true,1,15652
7290004762056,false,שקדי מרק חטיפים מן ה,,,שקדי מרק חטיפים מן ה,גרמים,400.00,100 גרם,false,,8.50,0.0213,true,1,108415
7290004762827,false,"קרוטונים למרק בטעם שום בצל, 250 גרם",חטיפים מן הטבע,,קרוטונים למרק שקית,גרמים,250.00,100 גרם,false,,8.50,0.0340,true,1,108470
7290005041198,false,"קבב ביתי 1ק""ג",לאטי עזרא גלם ודגים,,"קבב ביתי 1ק""ג",קילוגרמים,1.00,"ק""ג",false,,39.20,39.2000,true,1,8430
7290005084355,false,"סנסודיין - משחת שיניים דואל קר זהב 75 מ""ל",גלקסו סמית קליין,GB,משחת שיניים דואל קר,מיליליטרים,75.00,"100 מ""ל",false,,17.90,0.2387,true,1,1974
7290005174513,false,חציל במיונז 500 ג' אחלה,מיוצר עי קונדיטוריית,IL,חציל במיונז אחלה 500,גרמים,500.00,100 גרם,false,,12.70,0.0254,true,1,12132
7290005174568,false,חציל אחלה במיונז 125 גר',מיוצר עי קונדיטוריית,IL,אחלה חציל במיונז 125,גרמים,125.00,100 גרם,false,,4.20,0.0336,true,1,12134
7290005174575,false,טחינה אחלה יום יום משובחת 125ג',מיוצר עי קונדיטוריית,IL,אחלה טחינה 125גר,גרמים,125.00,100 גרם,false,,4.20,0.0336,true,1,12135
7290005197758,false,עוגיות חיוכים שוקו שוקו 150ג',אפיפית נצרת תעשיות ב,IL,חיוכים של שוקו,גרמים,150.00,100 גרם,false,,4.20,0.0280,true,1,11482
7290005200786,false,תפוצ'יפס שמנת ובצל 50 גרם,"שטראוס פריטו ליי בע""",IL,תפוציפס שמנת ובצל 50,גרמים,50.00,100 גרם,false,,3.30,0.0660,true,1,12480
7290005201455,false,קפה נמס ארומה עלית 200 ג',"אינסטנטה בע""מ",IL,ארומה קפה נמס 200 גר,גרמים,200.00,100 גרם,false,,18.70,0.0935,true,1,11489
7290005201882,false,קפה טורקי קלוי וטחון,הנסיך- מפעל לייצור ט,IL,טורקי עלית 200 גר',גרמים,200.00,100 גרם,false,,12.90,0.0645,true,1,11490
7290005287206,false,טונה בשמן סטארקיסט 4*160 ג',"סטארקיסט פודור בע""מ",,טונה בשמן סטארקיסט ר,גרמים,640.00,100 גרם,false,,21.30,0.0333,true,1,13886
7290005287213,false,נתחי טונה בשמן סטארק,,,טונה בשמן סטארקיסט ב,גרמים,640.00,100 גרם,false,,21.30,0.0333,true,1,13887
7290005287251,false,טונה במים סטארקיסט 4*160 ג',"איטיליאן פוד, אס.פי.",,טונה במים סטארקיסט ר,גרמים,640.00,100 גרם,false,,21.30,0.0333,true,1,13888
7290005326387,false,עגבניות מיובשות בשמן זית אוליבייה 270ג',,,עגבניות מיובשות בשמן,גרמים,280.00,100 גרם,false,,14.40,0.0514,true,1,12706
7290005326585,false,ממרח אוליביה פסטו בזיליקום 180 ג',"אוליביה גורמה בע""מ",IL,אוליביה פסטו בזיליקו,גרמים,180.00,100 גרם,false,,10.20,0.0567,true,1,13493
7290005384851,false,וילי פוד מיץ לימון בדץ 200מל,קריות זול,IT,מיץ לימון משומר וילי,מיליליטרים,200.00,"100 מ""ל",false,,3.00,0.0150,true,1,1655
7290005403972,false,תחתיות ארטישוק 400 ג,,,תחתיות ארטישוק 400 ג,גרמים,400.00,100 גרם,false,,14.10,0.0352,true,1,28536
7290005403989,false,במיה קפואה 600 גרם ש,,,במיה קפואה 600 גרם ש,גרמים,600.00,100 גרם,false,,10.20,0.0170,true,1,28537
7290005423567,false,מטליות לניקוי כללי בגליל 40 יח' סנו סושי,אסותא תעשיות אלבד בע,IL,סנו סושי מטלית לכל 3,יחידה,0.00,יחידה,false,,17.00,0.0000,true,1,15671
7290005423734,false,סנו - מקסימה מרכך כביסה אולטרה פרש 4 ליטר,"סנו מפעלי ברונוס בע""",IL,מרכך כביסה סנו מקסימ,ליטרים,4.00,ליטר,false,,19.60,4.9000,true,1,15673
7290005423918,false,סנו - מקסימה מרכך כביסה היפואלרגני אלוורה 4 ליטר,קריות זול,IL,מרכך כביסה סנו מקסימ,ליטרים,4.00,ליטר,false,,20.40,5.1000,true,1,15677
7290005424755,false,מטליות ריצפז פלוס לחות לניקוי רצפות דוחה תיקנים 10 יח' סנו,סנו מפעלי ברונוס בעמ,IL,ריצפז פלוס מטליות לח,יחידה,0.00,יחידה,false,,12.70,0.0000,true,1,15686
7290005424762,false,נוזל רצפות ריצפז ווקס דוחה חרקים 2 ליטר,"סנו מפעלי ברונוס בע""",IL,ריצפז פלוס ווקס דוחה,ליטרים,2.00,ליטר,false,,24.70,12.3500,true,1,15687
7290005424847,false,מפיות סנו סושי לבן לאירוח 150יח',מיוצר עי קונדיטוריית,TR,סנו סופט מפיות 30*30,יחידה,0.00,יחידה,false,,6.80,0.0000,true,1,15691
7290005425196,false,"סנו לכביסה מקסימה סנסיטיב 2.5 ק""ג",מיוצר עי קונדיטוריית,IL,אבקת כביסה סנו מקסימ,קילוגרמים,2.50,"ק""ג",false,,23.00,9.2000,true,1,15698
7290005425202,false,"מקסימה לכביסה ביו 2.5 ק""ג","סנו מפעלי ברונוס בע""",IL,אבקת כביסה סנו מקסימ,קילוגרמים,2.50,"ק""ג",false,,23.00,9.2000,true,1,15699
7290005426971,false,סנובון כחול בריח תפוח 3 יח' * 55 ג',קריות זול,IL,סנובון כחול שלישיה ב,גרמים,165.00,100 גרם,false,,13.60,0.0824,true,1,15720
7290005427633,false,"כיף גל לשיער לשיער חזק במיוחד 1 ק""ג",קוסמופארם,IL,ג'ל לשיער לשיער חזק,קילוגרמים,1.00,"ק""ג",false,,17.00,17.0000,true,1,15725
7290005427725,false,מגבונים ליטופים מארז חמישיה,טרופיקל דגיל,IL,ליטופים מגבונים מבוש,יחידה,0.00,יחידה,false,,16.20,0.0000,true,1,15726
7290005427978,false,"קרמה תחליב רחצה לפנים 180 מ""ל",גוד פוד פרודקטס S.p,IL,תחליב רחצה לפנים קרמ,מיליליטרים,180.00,"100 מ""ל",false,,11.90,0.0661,true,1,15732
7290005430602,false,"סנו - אוקסיג'ן מרסס מסיר כתמים 750 מ""ל","סנו מפעלי ברונוס בע""",IL,סנו אוקסיג'ן מסיר כת,מיליליטרים,750.00,"100 מ""ל",false,,15.30,0.0204,true,1,15741
7290005431159,false,תותים בקצפת לייט 80 ג' עדן,עדן קינוחים,IL,תותים בקצפת לייט 80,גרמים,80.00,100 גרם,false,,6.20,0.0775,true,1,13494
7290005431883,false,קינוח מלבי חלבי עדן,עדן קינוחים Eden,IL,עדן מלבי חלבי 165 גר,גרמים,165.00,100 גרם,false,,6.20,0.0376,true,1,13496
7290005431906,false,קינוח קדאיף עדן 82 ג,עדן קינוחים Eden,IL,עדן קדאיף 82 גרם,גרמים,82.00,100 גרם,false,,6.20,0.0756,true,1,13498
7290005431913,false,עוגת גבינה פירורים 92 גרם.,עדן קינוחים Eden,IL,קינוחי עדן עוגת גבינ,גרמים,92.00,100 גרם,false,,6.20,0.0674,true,1,13499
7290005431920,false,עוגת גבינה פירורים ללא תוספת סוכר,עדן קינוחים Eden,IL,עדן עוגת גבינה פירור,גרמים,78.00,100 גרם,false,,6.20,0.0795,true,1,13500
7290005431937,false,קינוח טירמיסו עדן 82,עדן קינוחים Eden,IL,עדן טירמיסו 82 גרם,גרמים,82.00,100 גרם,false,,6.20,0.0756,true,1,13501
7290005559709,false,בורקס פיצה מעדנות 700 ג',"מעדנות בע""מ",IL,בורקס פיצה 700 גרם,גרמים,700.00,100 גרם,false,,21.30,0.0304,true,1,19519
7290005559907,false,פיצה משפחתית גבינה 500 ג' מעדנות,מיוצר עי קונדיטוריית,IL,פיצה משפחתית גבינה 5,גרמים,500.00,100 גרם,false,,17.10,0.0342,true,1,19520
7290005559914,false,פיצה משפחתית זיתים 550 ג' מעדנות,מיוצר עי קונדיטוריית,IL,פיצה משפחתית זיתים 5,גרמים,550.00,100 גרם,false,,17.00,0.0309,true,1,19521
7290005559990,false,בצק פילאס תורכי מעדנות 600 גרם,מיוצר עי קונדיטוריית,IL,בצק פילאס תורכי מעדנ,גרמים,600.00,100 גרם,false,,17.00,0.0283,true,1,19522
7290005591761,false,דבש טהור מפרחי בר בלחיץ 400 ג' יד מרדכי,מכוורת יד מרדכי שטרא,IL,דבש טהור מפרחי בר בל,גרמים,400.00,100 גרם,false,,17.90,0.0447,true,1,11491
7290005610127,false,תפו`א גורמה לבן דוד,אראל תוצרת חקלאית בע,IL,תפו`א גורמה לבן דוד,קילוגרמים,1.00,"ק""ג",true,,7.90,7.9000,true,1,30003
7290005610196,false,תפוח אדמה בייבי גורמ,אראל תוצרת חקלאית בע,IL,תפו`א בייבי גורמה,קילוגרמים,1.00,"ק""ג",true,,4.90,4.9000,true,1,30004
7290005838002,false,מעדן גבינה ויוגורט בטעם וניל 88 ג' דניאלה,"שטראוס בריאות בע""מ",IL,דניאלה מעדן גבינה 15,מיליליטרים,150.00,"100 מ""ל",false,,3.50,0.0233,true,1,12137
7290005838613,false,שטראוס גבינת וניל 3% 125ג,"שטראוס בריאות בע""מ",IL,גבינה וניל 3% סקי 12,גרמים,125.00,100 גרם,false,,3.30,0.0264,true,1,12138
7290005838972,false,גבינת יום יום 5% שטראוס 125ג',מיוצר עי קונדיטוריית,IL,גבינת יום יום 5% סקי,גרמים,125.00,100 גרם,false,,3.00,0.0240,true,1,12139
7290005839078,false,"דנונה יוגורט ביו 3% לבן מארז 150X8מ""ל",מיוצר עי קונדיטוריית,IL,דנונה ביו מארז חסכון,קילוגרמים,1.20,"ק""ג",false,,14.40,12.0000,true,1,12140
7290005839108,false,סימפוניה 5% עם זיתים 200 ג' שטראוס,"שטראוס בריאות בע""מ",IL,סימפוניה עם זיתים 5%,גרמים,200.00,100 גרם,false,,9.80,0.0490,true,1,12141
7290005839313,false,"מילקי טופ שוקולד מגולגל 170 מ""ל",מיוצר עי קונדיטוריית,IL,מילקי טופ מגולגלת 14,מיליליטרים,142.00,"100 מ""ל",false,,4.20,0.0296,true,1,12142
7290005896439,false,"בירה מכבי בקבוק חוזר 500 מ""ל","טמפו משקאות בע""מ",IL,מכבי בקבוק חוזר 500,מיליליטרים,500.00,"100 מ""ל",false,,6.82,0.0136,true,1,4722
7290005896460,false,"בירה איגל לאגר חזקה 7.8% 500 מ""ל פחית",Unknown,,איגל בירה חזקה 7.8%,מיליליטרים,500.00,"100 מ""ל",false,,5.90,0.0118,true,1,4724
7290005896620,false,מים מוגז ' סאן בנדטו ' יחידה,אקווה מינרלה סאן בנד,IT,סאן בנדטו מים מינרלי,ליטרים,1.50,ליטר,false,,3.90,2.6000,true,1,4725
7290005896637,false,מים סן בנדטו בודד 1.5 ליטר,אקווה מינרלה סאן בנד,IT,סאן בנדטו 1.5 ליטר,ליטרים,1.50,ליטר,false,,3.90,2.6000,true,1,4726
7290005901348,false,קבב כבש מעדני המנגל,,,קבב כבש מעדני המנגל,גרמים,400.00,100 גרם,false,,11.00,0.0275,true,1,28538
7290005901362,false,קבב רומני מעדני המנג,,,קבב רומני מעדני המנג,גרמים,400.00,100 גרם,false,,11.00,0.0275,true,1,28540
7290005901379,false,המבורגר מעדני המנגל,,,המבורגר מעדני המנגל,גרמים,400.00,100 גרם,false,,11.00,0.0275,true,1,28541
7290005901393,false,"""טעים טעים"" נקניקיות",,,"""טעים טעים"" נקניקיות",גרמים,500.00,100 גרם,false,,24.70,0.0494,true,1,28543
7290005901409,false,"""טעים טעים"" נקניקיות",,,"""טעים טעים"" נקניקיות",גרמים,500.00,100 גרם,false,,24.70,0.0494,true,1,28544
7290005901430,false,המבורגר מסעדות טעים,,,המבורגר מסעדות טעים,גרמים,480.00,100 גרם,false,,21.30,0.0444,true,1,28547
7290005938245,false,ממרח פסטו קלאסי פרסקו 220ג' מצונן,מיוצר עי פרסקו חצבה,IL,פרסקו ממרח מצונן פסט,גרמים,220.00,100 גרם,false,,15.30,0.0695,true,1,8432
7290005966033,false,"יין הר חרמון לבן 750 מ""ל",יקב רמת הגולן,IL,יקבי רמת הגולן הר חר,מיליליטרים,750.00,"100 מ""ל",false,,30.70,0.0409,true,1,22668
7290005966088,false,"יין הר חרמון אדום עברית 750 מ""ל",יקב רמת הגולן,IL,יקבי רמת הגולן הר חר,מיליליטרים,750.00,"100 מ""ל",false,,30.70,0.0409,true,1,22669
7290005992575,false,בולגרית למריחה 5% 250 גרם - רבנות,מחלבות גד בעמ,IL,גד בולגרית למריחה 5%,גרמים,250.00,100 גרם,false,,14.50,0.0580,true,1,7302
7290005992735,false,לאבנה טבעית 5% 250 גר' - רבנות,הנסיך- מפעל לייצור ט,IL,גד לאבנה 5% 250ג,גרמים,250.00,100 גרם,false,,11.00,0.0440,true,1,7303
7290005996078,false,סרוולד הונגרי יחיעם,מעדני יחיעם,IL,סלמי סרוולט הונגרי 1,גרמים,125.00,100 גרם,false,,23.80,0.1904,true,1,7901
7290005996221,false,פסטרמה של פעם דק דק 120 גר',פ.פ.ח. שאביט,IL,פסטרמה של פעם דק דק,גרמים,120.00,100 גרם,false,,9.30,0.0775,true,1,7904
7290006065049,false,בלו פיש פילה באס יפני 5-7 (לברק),,IL,פילה באס יפני 7-9 20,קילוגרמים,1.00,"ק""ג",true,,35.90,35.9000,true,1,31217
7290006065179,false,סטייק טונה קפוא בואק,,,סטייק טונה קפוא בואק,קילוגרמים,1.00,"ק""ג",true,,34.20,34.2000,true,1,31218
7290006065599,false,פילה בקלה מרלוזה ארג,,,פילה בקלה מרלוזה ארג,קילוגרמים,1.00,"ק""ג",true,,32.40,32.4000,true,1,31227
7290006199218,false,גלידל מאגדת בטעם איי,הגלידות של פלדמן,IL,גלידל מאגדת בטעם איי,גרמים,400.00,100 גרם,false,,27.30,0.0683,true,1,19636
7290006229588,false,בירה איגל פחית זהב 500 מל',"טמפו משקאות בע""מ",IL,איגל בירה פחית זהב 5,מיליליטרים,500.00,"100 מ""ל",false,,5.10,0.0102,true,1,4737
7290006235244,false,קמיל בלו משחת צמחי מרפא פסטה לתינוק 100 ג',"ד""ר פישר Dr fischer",IL,קמיל צמחי מרפא פסטה,גרמים,100.00,100 גרם,false,,16.20,0.1620,true,1,15250
7290006241191,false,אגוזי מלך קליית גת 1,הדקלאים אגודת שיתופי,US,אגוזי מלך 150 גרם קל,גרמים,150.00,100 גרם,false,,15.00,0.1000,true,1,6403
7290006251107,false,תה ויסוצקי צ'אי מסאלה 25 יח',מולינו ניקולי s.p.a,IL,תה מסאלה ויסוצקי 2/2,גרמים,50.00,100 גרם,false,,16.20,0.3240,true,1,12708
7290006251275,false,תה ויסוצקי ירוק סיני 25יח',קריות זול,IL,תה ירוק סיני,גרמים,37.50,100 גרם,false,,20.40,0.5440,true,1,12710
7290006251374,false,תה ירוק לימונית וגינגר 25 שקיקים ויסוצקי,קריות זול,IL,תה ירוק לימונית וג'י,גרמים,25.00,100 גרם,false,,20.40,0.8160,true,1,12712
7290006265548,false,נבטים סינים מרינה ארוז 360ג',"מרינה פטריות הגליל בע""מ",IL,נבטים סינים,יח',1.00,יח',false,,6.90,6.9000,true,1,22618
7290006265890,false,נבטי גרעיני חמניה יח,"מרינה פטריות הגליל בע""מ",IL,נבטי חמניה יח,יח',1.00,יח',false,,8.90,8.9000,true,1,19467
7290006271174,false,מעדנות גחנון לאפייה בתנור 700גר,מיוצר עי קונדיטוריית,IL,גחנון לאפיה בתנור מע,גרמים,700.00,100 גרם,false,,11.90,0.0170,true,1,19523
7290006271181,false,מעדנות גחנון אפוי 750 גרם,מיוצר עי קונדיטוריית,IL,מעדנות גחנון אפוי 75,גרמים,750.00,100 גרם,false,,18.70,0.0249,true,1,19524
7290006271648,false,"מיני בורקס תפו""א 800 ג' מעדנות","מעדנות בע""מ",IL,מיני בורקס תפו`א 800,גרמים,800.00,100 גרם,false,,17.00,0.0213,true,1,19525
7290006271655,false,מיני בורקס גבינה 800 ג' מעדנות,מיוצר עי קונדיטוריית,IL,מיני בורקס גבינה 800,גרמים,800.00,100 גרם,false,,17.00,0.0213,true,1,19526
7290006272072,false,חטיפי פיצה בשקית מעדנות 650ג',"מעדנות בע""מ",IL,חטיפי פיצה מעדנות 65,גרמים,650.00,100 גרם,false,,25.60,0.0394,true,1,19528
7290006342065,false,בוטנים קלויים 200 ג ששון הקולה,,,בוטנים קלויים 200 ג,גרמים,200.00,100 גרם,false,,7.60,0.0380,true,1,30126
7290006342072,false,גרעין דלעת קלוי ששון,דין שיווק,IL,גרעין לבן 200 גרם,גרמים,200.00,100 גרם,false,,8.50,0.0425,true,1,30127
7290006342560,false,בוטנים אמריקאים מצופ,דין שיווק,IL,בוטן אמריקאי 200 גרם,גרמים,200.00,100 גרם,false,,6.80,0.0340,true,1,30131
7290006342645,false,טורטיה גדולה 840 גר' 12 יח,אלקטי קוראבייכיסיגיד,TR,טורטייה 840 גרם,גרמים,840.00,100 גרם,false,,12.80,0.0152,true,1,34458
7290006374738,false,קונפיטורה תות 340 ג' יד מרדכי,אף.סי תבליני בגליל ב,IL,קונפיטורת תות יד מור,גרמים,340.00,100 גרם,false,,9.20,0.0271,true,1,11495
7290006449955,false,מלפפון בייבי מארז,"מרינה פטריות הגליל בע""מ",IL,מלפפון בייבי,יח',1.00,יח',false,,9.90,9.9000,true,1,19468
7290006459527,false,נרות חנוכה לוקס שקד,,,נרות חנוכה לוקס שקד,גרמים,330.00,100 גרם,false,,5.10,0.0155,true,1,108413
7290006459947,false,פחם גריל פרימיום שקד,E&C Charcoal LTD,,פחמים גריל פרימיום,יחידה,0.00,יחידה,false,,17.10,0.0000,true,1,48198
7290006492685,false,לאבנה עיזים 5% 250 גרם - רובין,מחלבות גד בעמ,IL,גד לאבנה עזים 3% 250,גרמים,250.00,100 גרם,false,,15.60,0.0624,true,1,7315
7290006494917,false,מרמולייט ופל בטעם שוקולד 180 ג',"איטיליאן פוד, אס.פי.",IL,טוסו וופל טעם שוקולד,גרמים,180.00,100 גרם,false,,9.00,0.0500,true,1,2763
7290006494924,false,מרמולייט וופל בטעם לימון 200 ג',קריות זול,,מרמולייט ופל בטעם לי,גרמים,180.00,100 גרם,false,,9.00,0.0500,true,1,2764
7290006511157,false,"פטריות שלמות ויליפוד 400 גרם בד""ץ",אוקצ'מפס אס.איי אויי,PL,פטריות שלמות שמפיניו,גרמים,230.00,100 גרם,false,,5.90,0.0257,true,1,1656
7290006511751,false,פטריות שמפניון חתוך ויליפוד 290X3 ג' בד”צ,לוטס,NL,פטריות חתוכות ויליפו,גרמים,870.00,100 גרם,false,,10.20,0.0117,true,1,1657
7290006532008,false,צ'יפס טעים טעים 1.8,,,צ'יפס טעים טעים 1.8,קילוגרמים,1.80,"ק""ג",false,,19.60,10.8889,true,1,28551
7290006567048,false,קוסקוס ישראלי מפתול אסם 350ג',"מיוצר ע""י קוד יצרן K",IL,קוסקוס ישראלי בשקית,גרמים,350.00,100 גרם,false,,6.80,0.0194,true,1,9349
7290006653819,false,קוסקוס דק בשקית אסם,"מיוצר ע""י קוד יצרן K",IL,קוסקוס דק בשקית אסם,גרמים,350.00,100 גרם,false,,6.80,0.0194,true,1,9352
7290006664051,false,"אקטימל לבן מארז 100X14 מ""ל",מיוצר עי קונדיטוריית,IL,אקטימל טבעי 14*100מל,ליטרים,1.40,ליטר,false,,25.60,18.2857,true,1,12144
7290006664310,false,גבינה לבנה 3% שומן 250 ג' שטראוס,מיוצר עי קונדיטוריית,IL,גבינה 3% סקי 250 גרם,גרמים,250.00,100 גרם,false,,4.00,0.0160,true,1,12145
7290006664402,false,גבינה 5% שומן 750 ג' שטראוס,מיוצר עי קונדיטוריית,IL,שטראוס גבינה 5% 750ג,גרמים,750.00,100 גרם,false,,12.18,0.0162,true,1,12146
7290006664655,false,"אקטימל לבן טבעי מארז 100X8 מ""ל",מיוצר עי קונדיטוריית,IL,אקטימל טבעי 8*100מל,מיליליטרים,800.00,"100 מ""ל",false,,17.00,0.0213,true,1,12148
7290006664693,false,יוגורט עם אפרסק 3% שומן 150 ג' דנונה,מיוצר עי קונדיטוריית,IL,דנונה אפרסק 3% 150מל,גרמים,150.00,100 גרם,false,,3.30,0.0220,true,1,12149
7290006664990,false,דנונה ביו מארז חיסכון 1.5% 8 יח' *150 ג',מיוצר עי קונדיטוריית,IL,דנונה ביו מארז חיסכו,קילוגרמים,1.20,"ק""ג",false,,14.40,12.0000,true,1,12150
7290006681577,false,מאגדת קרחון אסקימו לימון דובדובן 10 יח' שטראוס,"מיוצר ע""י גלידת שטרא",IL,קרחון אסקימו 2+8,גרמים,700.00,100 גרם,false,,13.60,0.0194,true,1,2228
7290006704047,false,רוזמרין,,,רוזמרין,יח',1.00,יח',false,,5.90,5.9000,true,1,22620
7290006704092,false,מרווה יחידה,,,מרווה יחידה,יח',1.00,יח',false,,5.90,5.9000,true,1,22622
7290006704108,false,קורנית /טימין יח',,,קורנית /טימין יח',יח',1.00,יח',false,,5.90,5.9000,true,1,22623
7290006704511,false,"תפו""א גמדי אדום למיקרו מרינה 750ג'","מרינה פטריות הגליל בע""מ",IL,תפוא ננסי מיקרוגל,גרמים,750.00,100 גרם,false,,6.90,0.0092,true,1,19471
7290006704733,false,אספרגוס ארוז,מרינה,IL,אספרגוס ארוז,יח',1.00,יח',false,,31.90,31.9000,true,1,22625
7290006739346,false,נקניקיות פרגיות טרי 400 גרם זוגלובק,נקניק נהריה כשר זוגל,IL,נקניקיות פרגיות טרי,גרמים,400.00,100 גרם,false,,10.20,0.0255,true,1,21846
7290006739414,false,סלמי קוניאק 300 ג' זוגלובק,נקניק נהריה כשר זוגל,IL,סלמי קוניאק זוגלובק,גרמים,300.00,100 גרם,false,,23.00,0.0767,true,1,21848
7290006739445,false,שניצל תירס קלאסי 750 ג' זוגלובק,נקניק נהריה כשר זוגל,IL,שניצל תירס קלאסי 750,גרמים,750.00,100 גרם,false,,18.70,0.0249,true,1,21850
7290006741363,false,"בורקס תפו""א זוגלובק בד""צ 800ג'",מאפיית אריאל וגידרון,IL,"זוגלובק בורקס תפו""א",גרמים,800.00,100 גרם,false,,11.90,0.0149,true,1,21852
7290006764065,false,"בירה נשר מאלט בקבוק חוזר 500 מ""ל","טמפו משקאות בע""ם.",IL,נשר מאלט בקבוק פקדון,מיליליטרים,500.00,"100 מ""ל",false,,4.22,0.0084,true,1,4739
7290006764072,false,"גולדסטאר בירה בק חוזר 500 מ""ל","טמפו משקאות בע""מ",IL,גולדסטאר בירה בק חוז,מיליליטרים,500.00,"100 מ""ל",false,,6.72,0.0134,true,1,4740
7290006764096,false,בירה איגל בקבוק חוזר 3.8% 500 מל,"טמפו משקאות בע""מ",IL,בירה איגל בקבוק 500,מיליליטרים,500.00,"100 מ""ל",false,,5.72,0.0114,true,1,4741
7290006765000,false,טורטיות חיטה מלאה 8יח 540 ג',אלקטי קוראבייכיסיגיד,TR,8 טורטיות חיטה מלאה,גרמים,540.00,100 גרם,false,,8.50,0.0157,true,1,31426
7290006770684,false,עוגת מוס פירורים 850 גר',קפולסקי שיווק וקמעונ,,עוגת מוס גבינה פירור,גרמים,850.00,100 גרם,false,,55.50,0.0653,true,1,22074
7290006784360,false,חלונית לניקוי והברקה 1ל-סנט מוריץ,קומפלקס כימיקלים,IL,סנט מוריץ חלונית 1 ל,ליטרים,1.00,ליטר,false,,5.90,5.9000,true,1,28744
7290006784865,false,סנט מוריץ לניקוי משטחי מטבחים מרוכז ועוצמתי 1ל',קומפלקס כימיקלים,IL,ניקוי משטחי מטבח סנט,ליטרים,1.00,ליטר,false,,10.20,10.2000,true,1,28747
7290006805850,false,תערובת להכנת פנקייקס 500ג' פילסברי,הדקלאים אגודת שיתופי,IL,תערובת להכנת פנקייקס,גרמים,500.00,100 גרם,false,,14.40,0.0288,true,1,6405
7290006822192,false,מיץ חמוציות דיאט אושן ספריי 1 ליטר,מבשלות בירה בינלאומי,IL,אושן ספרי דיאט חמוצי,ליטרים,1.00,ליטר,false,,10.20,10.2000,true,1,3451
7290006855404,false,"ברבריא בייטס תמר מג'הול עם קשיו, שקדים ופיסטוק",ברבריא Barbary,,ברבריא BITES חטיף תמ,גרמים,55.00,100 גרם,false,,5.90,0.1073,true,1,10947
7290006855435,false,בר בראי בייטס כדורי תמרים+שקדים קוקוס אננס 55 ג' בית יוסף,ברבריא Barbary,,ברבריא BITES חטיף תמ,גרמים,55.00,100 גרם,false,,5.90,0.1073,true,1,10949
7290006866363,false,פרימור סחוט אשכולית אדומה 1ל',"גניר (1992) בע""מ",IL,פרימור מיץ אשכולית א,ליטרים,1.00,ליטר,false,,13.50,13.5000,true,1,12151
7290006908377,false,שקד טבעי חממה 150 גר,בוטנת,,שקד טבעי 150 גר` פיצ,גרמים,150.00,100 גרם,false,,11.90,0.0793,true,1,647
7290006908414,false,גרעיני חמניה 400 גר,,,חמנייה 400 גרם,גרמים,400.00,100 גרם,false,,9.30,0.0233,true,1,650
7290006983152,false,קרוטונים מתובלים למרק 400 ג' אסם,עינת תעשיות מזון,IL,קרוטונים מתובלים אסם,גרמים,400.00,100 גרם,false,,15.30,0.0383,true,1,9354
7290006983176,false,אוסם - לחמית שיפון 250 גרם,"אסם השקעות בע""מ",IL,לחמית שיפון אסם 250,גרמים,230.00,100 גרם,false,,6.80,0.0296,true,1,9355
7290006983763,false,עוגת הבית שוקולד 400 גרם אסם.,מיוצר עי קונדיטוריית,IL,עוגת הבית שוקולד 400,גרמים,400.00,100 גרם,false,,10.20,0.0255,true,1,9358
7290006983794,false,עוגת הבית תפוז 400 ג' אסם,מיוצר עי קונדיטוריית,IL,עוגת הבית תפוז 400גר,גרמים,400.00,100 גרם,false,,10.20,0.0255,true,1,9361
7290006992185,false,"מטרנה - דייסת אורז פרוביוטי כשל""פ 200 גרם",מולינו ניקולי s.p.a,IL,מטרנה דייסת אורז פרו,גרמים,200.00,100 גרם,false,,11.50,0.0575,true,1,9364
7290006992192,false,מטרנה - דייסת סולת 200 גרם,קריות זול,IL,מטרנה דייסת סולת פרו,גרמים,200.00,100 גרם,false,,11.50,0.0575,true,1,9365
7290006992208,false,מטרנה - דייסת דגנים מעורבים 200 גרם,מטרנה תעשיות ש.מ,IL,מטרנה דייסת דגנים פר,גרמים,200.00,100 גרם,false,,11.50,0.0575,true,1,9366
7290008000796,false,"כצט - סופרמן משחת שיניים לילדים 50 מ""ל",כצט נוביס,IL,משחת שיניים סופרמן ל,מיליליטרים,50.00,"100 מ""ל",false,,9.30,0.1860,true,1,1977
7290008101318,false,קריספ פירורי לחם זהוב 300 גרם,,,פירורי לחם זהוב קלאס,גרמים,300.00,100 גרם,false,,5.90,0.0197,true,1,51773
7290008101356,false,פאנקו זהוב 300 ג' קריספ,,,פירורי לחם פנקו זהוב,גרמים,300.00,100 גרם,false,,8.50,0.0283,true,1,55433
7290008104050,false,"פמינה - שטיפה אינטימית קלאסית 220 מ""ל",כצט נוביס סעמ,IL,סבון שטיפה אינטימית,מיליליטרים,220.00,"100 מ""ל",false,,20.40,0.0927,true,1,1979
7290008116541,false,"שטיפת פה ליסטרין קול מינט 500 מ""ל",ג'ונסון אנד ג'ונסון,IT,מי פה ליסטרין בטעם מ,מיליליטרים,500.00,"100 מ""ל",false,,19.60,0.0392,true,1,15398
7290008116565,false,מי פה ליסטרין פרש בר,ג'ונסון אנד ג'ונסון,IT,מי פה פרש ליסטרין 50,מיליליטרים,500.00,"100 מ""ל",false,,19.60,0.0392,true,1,15400
7290008154222,false,שניצלונים עוף טוב 700 גרם,מוצרי עוף טוב (2001),IL,שניצלונים עוף טוב 70,גרמים,700.00,100 גרם,false,,17.10,0.0244,true,1,9990
7290008175173,false,חמאה ללא תוספת מלח 200 ג' וליו,ואליו אל.טי.די,FI,חמאה מפינלנד 200גר',גרמים,200.00,100 גרם,false,,10.00,0.0500,true,1,1658
7290008175210,false,גבינת פרמזן מגורדת 90ג' ויליפוד,זנטי אס.איי.,IT,וילי פוד פרמזן מגורד,גרמים,90.00,100 גרם,false,,12.60,0.1400,true,1,1659
7290008175814,false,וילי פוד פטריות שמפיניון חתוך בדץ 400ג,"אוקצ'מפ אס, איי אויי",PL,פטריות חתוכות שמפיני,גרמים,400.00,100 גרם,false,,4.20,0.0105,true,1,1660
7290008268455,false,קיווי ישראלי בראשית,חקלאי,IL,קיווי ארוז בראשית,יח',1.00,יח',false,,11.90,11.9000,true,1,30014
7290008343466,false,בצק פילו 500 ג' שלושת האופים,כלורוקס אוקלנד,IL,בצק פילו 500 גרם,גרמים,500.00,100 גרם,false,,17.00,0.0340,true,1,8438
7290008345583,false,"סלט איקרה ורודה, 300 גרם דלידג",כלורוקס אוקלנד,IL,300 איקרה ביתית ורוד,גרמים,300.00,100 גרם,false,,17.00,0.0567,true,1,8444
7290008409100,false,אצבעות שניצל ציפוי שומשום 700 ג' מאמא עוף,תנובה גליל שותפות מו,IL,אצבעות שניצל ציפוי ש,גרמים,700.00,100 גרם,false,,26.40,0.0377,true,1,13206
7290008409124,false,מאמא עוף קפוא שניצל ג'ונגל פריך 700 גרם,תנובה גליל שותפות מו,IL,מאמא עוף קפוא שניצל,גרמים,700.00,100 גרם,false,,26.40,0.0377,true,1,13207
7290008409216,false,מאמא עוף קפוא שניצל דק פריך 700 גרם,תנובה גליל,IL,מאמא עוף קפוא שניצל,גרמים,700.00,100 גרם,false,,30.70,0.0439,true,1,13208
7290008409315,false,מיני מיני דק שניצלונים בציפוי פריך מאמא עוף 500 ג',תנובה גליל,IL,מאמא עוף מיני דק שני,גרמים,500.00,100 גרם,false,,21.30,0.0426,true,1,13210
7290008409551,false,שניצל עוף אמיתי בציפוי מעודן 700 ג' מאמא עוף,תנובה גליל שותפות מו,IL,שניצל עוף אמיתי בציפ,גרמים,700.00,100 גרם,false,,25.60,0.0366,true,1,13216
7290008409582,false,שניצל אמיתי בציפוי ביתי מאמא עוף 700 ג',תנובה גליל שותפות מו,IL,שניצל אמיתי בציפוי ב,גרמים,700.00,100 גרם,false,,25.60,0.0366,true,1,13218
7290008461238,false,סרדין רוברט בשמן חמניות ופלפל חריף 115 ג',"רמירז, מטוסינוס",PT,סרדינים רוברט בשמן ח,גרמים,115.00,100 גרם,false,,5.90,0.0513,true,1,8448
7290008464130,false,"בירה גולדסטאר לא מסונן 330X6מ""ל",טמפו,IL,גולדסטאר לא מסונן 6*,ליטרים,1.98,ליטר,false,,31.80,16.0606,true,1,4760
7290008464222,false,"בירה מכבי 7.9% פחית 500 מ""ל","טמפו משקאות בע""מ",IL,מכבי 7.9 פחית 500 מל,מיליליטרים,500.00,"100 מ""ל",false,,6.80,0.0136,true,1,4762
7290008464345,false,"בירה גולדסטאר בקבוק 330 מ""ל",טמפו משקאות בע''מ,IL,"גולדסטאר בירה ח""פ 33",יחידה,330.00,יחידה,false,,7.50,0.0227,true,1,4767
7290008464604,false,"בירה היינקן פחית 500מ""ל",טמפו משקאות בע''מ,NL,הייניקן בירה פח 500מ,מיליליטרים,500.00,"100 מ""ל",false,,10.70,0.0214,true,1,4775
7290008464673,false,"בירה גולדסטאר SLOWBREW פחית 10%, 500 מ""ל","טמפו משקאות בע""מ",IL,גולדסטאר SLOWBREW 10,מיליליטרים,500.00,"100 מ""ל",false,,7.70,0.0154,true,1,4777
7290008464734,false,"בירה גולדסטאר SLOW BREW מארז 330X6מ""ל",טמפו משקאות בע''מ,IL,גולדסטאר SLOW BREW 3,ליטרים,1.98,ליטר,false,,30.90,15.6061,true,1,4780
7290008464741,false,"בירה גולדסטאר בק' מארז 330X6מ""ל",קריות זול,IL,"גולדסטאר ח""פ בקבוק 6",ליטרים,1.98,ליטר,false,,32.70,16.5152,true,1,4781
7290008464796,false,"בירה היינקין ח""פ בקבוק 330X6מ""ל",קריות זול,IL,"הייניקן בקבוק ח""פ 6*",ליטרים,1.98,ליטר,false,,33.50,16.9192,true,1,4782
7290008639095,false,פחזניות וניל פסים קפולסקי 280 גר',קפולסקי שיווק וקמעונ,IL,פחזניות וניל 280גרם,גרמים,280.00,100 גרם,false,,25.60,0.0914,true,1,22075
7290008644945,false,סלט המושבה שטופים שט,שטראוס בריאות ירקות,IL,סלט המושבה 450 ג ירק,גרמים,450.00,100 גרם,false,,9.40,0.0209,true,1,12155
7290008670142,false,"יין רקנאטי יסמין אדום 2019 750 מ""ל",יקב רקאנטי,IL,רקנאטי יסמין אדום 75,מיליליטרים,750.00,"100 מ""ל",false,,32.40,0.0432,true,1,22674
7290008693134,false,מעדן גבינה ויוגורט בטעם תות 5% שומן 88 ג' דניאלה,"שטראוס בריאות בע""מ",IL,דניאלה תות מעדן גבינ,מיליליטרים,150.00,"100 מ""ל",false,,3.50,0.0233,true,1,12156
7290008713900,false,לחם שיפון עגול 750 ג' אנג'ל,מאפיית אנג'ל אורנים,IL,לחם שיפון עגול אנגל,גרמים,750.00,100 גרם,false,,11.90,0.0159,true,1,19390
7290008745239,false,תפוצ'יפס אקסטרא טבעי 50 ג',"שטראוס פריטו ליי בע""",IL,תפוציפס קראנץ טבעי 5,גרמים,50.00,100 גרם,false,,3.30,0.0660,true,1,12481
7290008747547,false,תפוצ'יפס אקסטרא 200גר טבעי,"שטראוס פריטו ליי בע""",IL,תפוציפס קראנץ טבעי 2,גרמים,200.00,100 גרם,false,,8.50,0.0425,true,1,12482
7290008752244,false,תפוצ'יפס אקסטרא גריל 50 גרם,"שטראוס פריטו ליי בע""",IL,תפוציפס קראנץ גריל 5,גרמים,50.00,100 גרם,false,,3.30,0.0660,true,1,12483
7290008753111,false,תפוציפס קראנץ מקסיקנ,"שטראוס פריטו ליי בע""",IL,תפוציפס מקסיקני 50גר,גרמים,50.00,100 גרם,false,,3.30,0.0660,true,1,12484
7290008754040,false,ממרח פרה שוקולד 850 גר - מגדים,STRAUSS-ISRAEL,IL,ממרח פרה שוקולד 850,גרמים,850.00,100 גרם,false,,12.70,0.0149,true,1,11511
7290008757980,false,נקטר ספרינג רימונים קרטונית 1 ל',"יפאורה תבורי בע""מ",IL,ספרינג רימונים 1ל,ליטרים,1.00,ליטר,false,,5.90,5.9000,true,1,5846
7290008775816,false,ערגליות שוקו חדש12*300גרם 2020,מיוצר עי קונדיטוריית,IL,ערגליות שוקולד 300 ג,גרמים,300.00,100 גרם,false,,8.50,0.0283,true,1,9368
7290008775823,false,ערגליות תות חדש12*300גרם 2020,מיוצר עי קונדיטוריית,IL,ערגליות תות שדה 300,גרמים,300.00,100 גרם,false,,8.50,0.0283,true,1,9369
7290008792257,false,מפיות נייר מפיון טאצ,"שניב תעשיות נייר בע""",,מפיות נייר מפיון טאצ,יחידה,0.00,יחידה,false,,3.30,0.0000,true,1,12593
7290008792264,false,מפיות טישיו טאצ' 100יח',"שניב תעשיות נייר בע""",,מפיות טאצ' 100,יחידה,0.00,יחידה,false,,4.20,0.0000,true,1,12594
7290008801478,false,יין טופז זהב אדום מת,קריות זול,,"טופז זהב 750 מ""ל",מיליליטרים,750.00,"100 מ""ל",false,,17.90,0.0239,true,1,267
7290008801522,false,"יין קינג דיויד קונקורד אדום 750 מ""ל",אגודת הכורמים הקואופ,IL,יין קונקורד קינג דיו,מיליליטרים,750.00,"100 מ""ל",false,,18.80,0.0251,true,1,268
7290008801843,false,"יין סלקטד קברנה סובניון 750מ""ל","כד בני דרום בע""מ",IL,יין סלקטד קברנה סובנ,מיליליטרים,750.00,"100 מ""ל",false,,25.60,0.0341,true,1,271
7290008802512,false,"יין וינו אדום יבש 750 מ""ל","כד בני דרום בע""מ",IL,יין וינו אדום יבש,מיליליטרים,750.00,"100 מ""ל",false,,18.80,0.0251,true,1,274
7290008805384,false,"יין סלקטד מוסקטו 750מ""ל",אגודת הכורמים הקואופ,IL,יין סלקטד מוסקטו 750,מיליליטרים,750.00,"100 מ""ל",false,,25.60,0.0341,true,1,286
7290008805520,false,"יין סלקטד קברנה מרלו 750מ""ל","כד בני דרום בע""מ",IL,יין סלקטד קברנה סובנ,מיליליטרים,750.00,"100 מ""ל",false,,25.60,0.0341,true,1,287
7290008849753,false,"רוטב טריאקי עשיר 360 מ""ל",מיוצר עי קונדיטוריית,IL,רוטב טריאקי עשיר אול,מיליליטרים,300.00,"100 מ""ל",false,,11.50,0.0383,true,1,12716
7290008909761,false,"קרלסברג בקבוק יחיד 330מ""ל",מבשלות בירה בינלאומי,IL,קרלסברג בקבוק יחיד 3,מיליליטרים,330.00,"100 מ""ל",false,,5.90,0.0179,true,1,3473
7290008909853,false,קוקה קולה זירו בקבוק 500מל,החברה המרכזית לייצור,IL,קוקה קולה זירו 500 מ,מיליליטרים,500.00,"100 מ""ל",false,,5.90,0.0118,true,1,3476
7290009018004,false,פיקדון בקבוק/פחית בו,Unknown,,פיקדון בקבוק/פחית בו,יחידה,0.00,יחידה,false,,0.30,0.0000,true,1,12
7290009018011,false,פיקדון בקבוק/פחיות ש,,,פיקדון בקבוק/פחיות ש,יחידה,0.00,יחידה,false,,1.80,0.0000,true,1,28
7290009018264,false,פיקדון בקבוק/פחית רב,,,פיקדון בקבוק/פחית רב,יחידה,0.00,יחידה,false,,1.20,0.0000,true,1,35
7290009174397,false,כריך עובד מגה,,,כריך עובד מגה,יחידה,0.00,יחידה,false,,1.30,0.0000,true,1,25908
7290010002023,false,מימון כורכום הודי טח,א.ל ייצור ושיווק תבל,IL,מימון כורכום הודי טח,גרמים,100.00,100 גרם,false,,10.20,0.1020,true,1,152
7290010002047,false,מימון מלח לימון במיכ,א.ל ייצור ושיווק תבל,IL,מימון מלח לימון במיכ,גרמים,200.00,100 גרם,false,,8.10,0.0405,true,1,154
7290010002078,false,מימון פלפל שחור טחון,א.ל ייצור ושיווק תבל,IL,מימון פלפל שחור טחון,גרמים,100.00,100 גרם,false,,12.40,0.1240,true,1,156
7290010002092,false,מימון פלפל שחור גרוס,,,מימון פלפל שחור גרוס,גרמים,90.00,100 גרם,false,,12.40,0.1378,true,1,157
7290010002108,false,מימון פלפל שחור גרוס,א.ל ייצור ושיווק תבל,IL,מימון פלפל שחור גרוס,גרמים,90.00,100 גרם,false,,12.40,0.1378,true,1,158
7290010002122,false,פפריקה הונגרית מתוקה,א.ל ייצור ושיווק תבל,IL,מימון פפריקה הונגרית,גרמים,100.00,100 גרם,false,,10.20,0.1020,true,1,159
7290010002146,false,פפריקה מרוקאית מתוקה 100 גרם,א.ל ייצור ושיווק תבל,IL,מימון פפריקה מרוקאית,גרמים,100.00,100 גרם,false,,10.20,0.1020,true,1,161
7290010002214,false,מימון צילי גרוס 80 ג,TLV צ'יף,IL,מימון צילי גרוס 80 ג,גרמים,80.00,100 גרם,false,,10.20,0.1275,true,1,165
7290010002368,false,מימון תערובת חווג` ל,א.ל ייצור ושיווק תבל,IL,מימון תערובת חווג` ל,גרמים,100.00,100 גרם,false,,10.20,0.1020,true,1,174
7290010002382,false,מימון אורגנו במיכל 4,,,מימון אורגנו במיכל 4,גרמים,40.00,100 גרם,false,,8.10,0.2025,true,1,176
7290010002436,false,מימון פטרוזיליה במיכ,,,מימון פטרוזיליה במיכ,גרמים,25.00,100 גרם,false,,8.10,0.3240,true,1,180
7290010002443,false,מימון רוזמרין במיכל,א.ל ייצור ושיווק תבל,IL,מימון רוזמרין במיכל,גרמים,40.00,100 גרם,false,,8.10,0.2025,true,1,181
7290010002481,false,מימון שום טחון במיכל,,,מימון שום טחון במיכל,גרמים,100.00,100 גרם,false,,12.40,0.1240,true,1,183
7290010002498,false,מימון שום גבישי 120,א.ל ייצור ושיווק תבל,IL,מימון שום גבישי 120,גרמים,120.00,100 גרם,false,,12.40,0.1033,true,1,184
7290010002597,false,מימון כוסברה ירוקה ב,,,מימון כוסברה ירוקה ב,גרמים,20.00,100 גרם,false,,8.10,0.4050,true,1,185
7290010003693,false,מימון פפריקה מתוקה ש,TLV צ'יף,IL,מימון פפריקה מתוקה ש,גרמים,80.00,100 גרם,false,,5.00,0.0625,true,1,192
7290010003709,false,פלפל שחור טחון שקית 50 גר',TLV צ'יף,IL,מימון פלפל שחור טחון,גרמים,50.00,100 גרם,false,,6.80,0.1360,true,1,193
7290010003754,false,מימון כמון טחון שקית,TLV צ'יף,IL,מימון כמון טחון שקית,גרמים,50.00,100 גרם,false,,5.00,0.1000,true,1,194
7290010003761,false,מימון כורכום טחון שק,א.ל ייצור ושיווק תבל,IL,מימון כורכום טחון שק,גרמים,80.00,100 גרם,false,,5.00,0.0625,true,1,195
7290010003792,false,מימון מלח לימון שקית,א.ל ייצור ושיווק תבל,IL,מימון מלח לימון שקית,גרמים,100.00,100 גרם,false,,5.00,0.0500,true,1,198
7290010003808,false,מימון זעתר ושומשום ש,TLV צ'יף,IL,מימון זעתר ושומשום ש,גרמים,80.00,100 גרם,false,,5.00,0.0625,true,1,199
7290010003839,false,קינמון טחון בשקית 80 גר',TLV צ'יף,IL,מימון קינמון טחון שק,גרמים,80.00,100 גרם,false,,5.00,0.0625,true,1,202
7290010003990,false,מימון פטרוזיליה שקית,,,מימון פטרוזיליה שקית,גרמים,20.00,100 גרם,false,,5.00,0.2500,true,1,204
7290010065332,false,פרינוק - ג'וניור פתוחי עץ ובננה 190 גרם,פרינוק,CZ,"פרינוק גוניור תפ""ע ב",גרמים,190.00,100 גרם,false,,5.90,0.0311,true,1,29613
7290010066513,false,נתחי טונה בשמן צמחי רביעיה *158ג' פילטונה,,,נתחי טונה בשמן צמחי,גרמים,632.00,100 גרם,false,,19.60,0.0310,true,1,13846
7290010066575,false,נתחי טונה במים רביעיה *158ג' פילטונה,,,נתחי טונה במים פילטו,גרמים,632.00,100 גרם,false,,19.60,0.0310,true,1,13848
7290010066582,false,נתחי טונה בשמן קנולה רביעיה * 158 ג' פילטונה,,,נתחי טונה בשמן קנולה,גרמים,632.00,100 גרם,false,,19.60,0.0310,true,1,13849
7290010066599,false,נתחי טונה בשמן זית 4*158ג' פילטונה,תעשיות פילטונה,IL,נתחי טונה בשמן זית פ,גרמים,632.00,100 גרם,false,,23.00,0.0364,true,1,13850
7290010117864,false,דוריטוס בטעם חריף אש,שטראוס פריטו ליי בע,IL,דוריטוס חריף אש 70 ג,גרמים,70.00,100 גרם,false,,3.10,0.0443,true,1,12485
7290010118328,false,מארז תפוצ'יפס בטעם טבעי,שטראוס,IL,תפוצ'יפס טבעי 6*40 ג,גרמים,240.00,100 גרם,false,,10.20,0.0425,true,1,12487
7290010124107,false,סטייקבורגר זהב 400 גר',,,סטייק בורגר 400 גרם,גרמים,400.00,100 גרם,false,,12.70,0.0317,true,1,19339
7290010129003,false,עוגיות אוזן בצק עלים,קריניציה ויטמינה אס,IL,עוגיות אוזניים 600גר,גרמים,600.00,100 גרם,false,,17.00,0.0283,true,1,10187
7290010129010,false,עוגיות כתר ריבה 600,קריניציה ויטמינה אס,IL,עוגיות ריבה 600גר,גרמים,600.00,100 גרם,false,,17.00,0.0283,true,1,10188
7290010129027,false,עוגיות מרוקאיות 600,שיבולים א.ד.ל,IL,עוגיות מרוקאיות 600,גרמים,600.00,100 גרם,false,,17.00,0.0283,true,1,10189
7290010129553,false,עוגיות רולדה תמרים 6,שיבולים א.ד.ל,IL,עוגיות רולדה תמרים 6,גרמים,600.00,100 גרם,false,,17.00,0.0283,true,1,10202
7290010129676,false,עוגיות מרוקאיות ארוך,,,עוגיות מרוקאיות ארוך,גרמים,350.00,100 גרם,false,,15.30,0.0437,true,1,10211
7290010129959,false,עוגיות שמרים רוגלעך,שיבולים א.ד.ל,IL,עוגיות שמרים רוגלעך,גרמים,400.00,100 גרם,false,,9.30,0.0233,true,1,10220
7290010153688,false,"חומץ טבעי מיה 1 ליטר בד""צ",פרידמן תעשיות חומץ ו,IL,חומץ טבעי מיה 1 ליטר,ליטרים,1.00,ליטר,false,,5.90,5.9000,true,1,7529
7290010153879,false,ריבת חלב מרוכזת בטעם שמנת מיה 400 גר',מיה תעשיות מזון בעמ,IL,ריבת חלב בטעם שמנת 4,גרמים,400.00,100 גרם,false,,10.70,0.0267,true,1,7540
7290010153916,false,"מיה אורז ריזוטו עגול 1 ק""ג",,,אורז ריזוטו עגול 1 ק,קילוגרמים,1.00,"ק""ג",false,,7.60,7.6000,true,1,7543
7290010154005,false,סחוג תימני ירוק 250 ביטון,תבליני ביטון יוחאי,IL,סחוג תימני ירוק 250,גרמים,250.00,100 גרם,false,,11.00,0.0440,true,1,8451
7290010154418,false,סחוג אדום ביטון 130 גר',תבליני ביטון יוחאי,IL,יוחאי ביטון סחוג אדו,גרמים,130.00,100 גרם,false,,6.80,0.0523,true,1,8457
7290010154685,false,סלט שום כתוש 250 ג' ביטון יוחאי,תבליני ביטון יוחאי,IL,סלט שום כתוש 250 גר',גרמים,250.00,100 גרם,false,,11.00,0.0440,true,1,8460
7290010173044,false,"יין הרי גליל מרלו 750 מ""ל",יקב הרי גליל,IL,הרי גליל מרלו 2007 7,מיליליטרים,750.00,"100 מ""ל",false,,32.40,0.0432,true,1,22677
7290010173068,false,"יין חרמון גליל קברנה אדום יבש 750מ""ל",יקב הרי גליל,IL,הרי גליל קברנה סובינ,מיליליטרים,750.00,"100 מ""ל",false,,32.40,0.0432,true,1,22678
7290010192007,false,פטרוזיליה,,,פטרוזיליה,יח',1.00,יח',false,,3.50,3.5000,true,1,19474
7290010192014,false,שמיר,,,שמיר,יח',1.00,יח',false,,3.50,3.5000,true,1,19475
7290010192021,false,כוסברה ארוז,,,כוסברה,יח',1.00,יח',false,,3.50,3.5000,true,1,19476
7290010192038,false,שורש פטרוזיליה ארוז,,,שורש פטרוזיליה ארוז,יח',1.00,יח',false,,5.90,5.9000,true,1,19477
7290010192045,false,נענע יחידה,,,נענע יחידה,יח',1.00,יח',false,,3.50,3.5000,true,1,19478
7290010192052,false,סלרי עלים (אמריקאי),,,סלרי עלים (אמריקאי),יח',1.00,יח',false,,5.90,5.9000,true,1,19479
7290010192069,false,סלרי ראש ארוז,,,סלרי ראש ארוז,יח',1.00,יח',false,,5.90,5.9000,true,1,19480
7290010192083,false,מנגולד ארוז,,,מנגולד ארוז,יח',1.00,יח',false,,6.90,6.9000,true,1,19481
7290010192137,false,לוף ארוז ליח,,,לוף ארוז ליח,יח',1.00,יח',false,,8.90,8.9000,true,1,19482
7290010195268,false,פופקורן למיקרו בטעם טבעי מופחת שומן,פופ סטאר,US,פופסטאר פופקורן מופח,גרמים,425.00,100 גרם,false,,11.00,0.0259,true,1,2773
7290010195275,false,פופקורן להכנה במיקרוגל בטעם חמאה מופחת שומן,פופ סטאר,US,פופסטאר פופקורן מופח,גרמים,425.00,100 גרם,false,,11.00,0.0259,true,1,2774
7290010237531,false,פפסי קולה פלסטיק 500מל,"טמפו משקאות בע""ם.",IL,פפסי קולה 500 מ'ל,מיליליטרים,500.00,"100 מ""ל",false,,4.20,0.0084,true,1,4787
7290010237890,false,"בירה הייניקן בקבוק 500 מ""ל חוזר",טמפו משקאות בע''מ,IL,הייניקן בירה בקבוק ח,מיליליטרים,500.00,"100 מ""ל",false,,8.02,0.0160,true,1,4798
7290010259823,false,מנת השף מרק עם נודלס טעם עוף בדץ 70ג,נמצ'או(תאילנד) בעמ,TH,נודלס בטעם עוף מנת ה,גרמים,70.00,100 גרם,false,,4.20,0.0600,true,1,1661
7290010259830,false,מנת השף נודלס בסגנון סיני פיקנטי,נמצ'או(תאילנד) בעמ,TH,נודלס בטעם סיני פיקנ,גרמים,70.00,100 גרם,false,,4.20,0.0600,true,1,1662
7290010259977,false,וילי פוד שמן קנולה בדץ 1ל,וילי פוד,PL,שמן קנולה ויליפוד 1,ליטרים,1.00,ליטר,false,,9.40,9.4000,true,1,34384
7290010429554,false,"שמן זית כתית מעולה יד מרדכי 2 קלאסי, 750 מ""ל",מכוורת יד מרדכי שטרא,IL,שמן זית כתית מעולה 2,מיליליטרים,750.00,"100 מ""ל",false,,29.00,0.0387,true,1,11524
7290010471669,false,יוגורט תות עם קורנפלקס מצופה שוקולד ללא גלוטן 3.9%,"שטראוס בריאות בע""מ",IL,דנונה קראנצ' יוגורט,מיליליטרים,175.00,"100 מ""ל",false,,3.90,0.0223,true,1,12157
7290010472307,false,מארז 8 יחידות משקה גמדים בטעם תות בננה,מיוצר עי קונדיטוריית,IL,גמדים לשתיה תות בננה,מיליליטרים,864.00,"100 מ""ל",false,,16.70,0.0193,true,1,12158
7290010472390,false,מארז 8 יחידות מעדן דני בטעם שוקולד 1.5%,מיוצר עי קונדיטוריית,IL,מארז דני שוקולד 8*,מיליליטרים,1000.00,"100 מ""ל",false,,14.40,0.0144,true,1,12159
7290010513727,false,פנקו פרורי לחם 200 גרם (קינגדאו),קינגדאו גוניון פודס,CN,פנקו פרורי לחם יפניי,גרמים,200.00,100 גרם,false,,6.80,0.0340,true,1,80411
7290010627004,false,טחינה גולמית מסורתית ירושלים 500 ג',"בראשית ירושלים בע""מ",IL,טחינה ירושלים 500 גר,גרמים,500.00,100 גרם,false,,12.40,0.0248,true,1,12720
7290010627844,false,טחינה גולמית שומשום מלא ירושלים 500גרם,"בראשית ירושלים בע""מ",IL,טחינה ירושלים 500 מל,גרמים,500.00,100 גרם,false,,12.40,0.0248,true,1,12721
7290010650088,false,פטריות שמפיניון מיוב,קרלו,IL,פטריות שמפיניון מיוב,גרמים,25.00,100 גרם,false,,8.50,0.3400,true,1,30024
7290010690084,false,חמציץ,,,חמציץ,יח',1.00,יח',false,,9.90,9.9000,true,1,19483
7290010711901,false,שייני מיקרופייבר לרצפה,,,שייני מטליות מיקרופי,יחידה,0.00,יחידה,false,,13.60,0.0000,true,1,6924
7290010711918,false,שייני מטליות מיקרופייבר לניקוי כללי חמישיה,,,מ.א מטליות מיקרופייב,יחידה,0.00,יחידה,false,,7.60,0.0000,true,1,6925
7290010711932,false,שייני מטליות אינטנסיב רב שימושית 9 יח',,,מארז 9 מטליות שייני.,יחידה,0.00,יחידה,false,,5.90,0.0000,true,1,6926
7290010718627,false,פנינה - אל סבון נוזלי ירוק 1 ל',,,אל סבון נוזלי ירוק פ,יחידה,0.00,יחידה,false,,7.60,0.0000,true,1,9021
7290010718634,false,"פנינה רוזנבלום -אל סבון נוזלי לבן,1 ליטר",,,אל סבון נוזלי לבן פנ,יחידה,0.00,יחידה,false,,7.60,0.0000,true,1,9022
7290010748860,false,"ד""ר פישר - אפקטיב קר קרם ידיים אינטנסיב 150 מ""ל",פישר מעבדות פרמצבטיו,IL,קרם ידיים אינטנסיב א,מיליליטרים,150.00,"100 מ""ל",false,,13.60,0.0907,true,1,15256
7290010760886,false,"בורקס גבינה כשל""פ 60",,,"בורקס גבינה כשל""פ 60",גרמים,600.00,100 גרם,false,,18.80,0.0313,true,1,28563
7290010760893,false,"בורקס תפו""א כשל""פ 60",,,"בורקס תפו""א כשל""פ 60",גרמים,600.00,100 גרם,false,,18.80,0.0313,true,1,28564
7290010883370,false,כפפות אלוורה רב שימושיות מרופדות בינוני M,האי נאם סי או אל.טי.,CN,סנו סושי זוג כפפות א,יחידה,0.00,יחידה,false,,8.50,0.0000,true,1,15781
7290010945146,false,קוטג' 3% מועשר בסידן טרה 250 ג' מהדרין,קריות זול,IL,טרה קוטג מועשר 3% 25,גרמים,250.00,100 גרם,false,,4.60,0.0184,true,1,3161
7290010945450,false,טרה גבינה לבנה מהדרין 3% 250ג,קריות זול,IL,טרה גבינה לבנה מהדרי,גרמים,250.00,100 גרם,false,,4.26,0.0170,true,1,3163
7290011015862,false,"פריגת סירופ דיאט לימונענע 750 מ""ל",סירופ - גבעת חיים,IL,סירופ דיאט לימונענע,מיליליטרים,750.00,"100 מ""ל",false,,18.50,0.0247,true,1,3480
7290011017866,false,קוקה קולה קלאסי בפחית,החברה המרכזית לייצור,IL,קוקה קולה פחית סליק,מיליליטרים,330.00,"100 מ""ל",false,,4.70,0.0142,true,1,3492
7290011017873,false,"קוקה קולה זירו פחית 330 מ""ל",החברה המרכזית לייצור,IL,ZERO קולה פחית סליק,מיליליטרים,330.00,"100 מ""ל",false,,4.70,0.0142,true,1,3493
7290011018443,false,"פנטה אורנג פחית סליק 330 מ""ל",החברה המרכזית לייצור,IL,פאנטה אורנג פחית סלי,מיליליטרים,330.00,"100 מ""ל",false,,4.70,0.0142,true,1,3504
7290011018832,false,קוקה קולה פרידג' פאק פחיות 6*330מל,החברה המרכזית לייצור,IL,קוקה קולה פרידג' פאק,ליטרים,1.98,ליטר,false,,19.50,9.8485,true,1,3509
7290011115203,false,אל סבון מוצק מבושם בניחוח עדין קלאסיק - מארז רביעיה,טרופיקל דגיל תעשיות,IL,סבון מוצק ורוד נקה 7,גרמים,400.00,100 גרם,false,,9.30,0.0233,true,1,15784
7290011115289,false,אל סבון מוצק מבושם בניחוח עדין קלאסיק - מארז רביעיה,"גליל כימיכלים בע""מ",IL,סבון מוצק לילך נקה 7,גרמים,400.00,100 גרם,false,,9.30,0.0233,true,1,15789
7290011131050,false,גרנולה בתוספת פקאן וצימוקים,ויטליאה ניקולה דו,MK,גרנולה פקאן גרין 1 ק,קילוגרמים,1.00,"ק""ג",false,,23.00,23.0000,true,1,7100
7290011131395,false,מוזלי קראנצ'י 30% פירות,ויטליאה ניקולה דו,MK,מיזלי קראנצ' 30% פיר,קילוגרמים,1.00,"ק""ג",false,,21.70,21.7000,true,1,7103
7290011131968,false,גרנולה בתוספת שקדים ואגוזים,ויטליה ניקולא דו,MK,גרנולה אגוזים בתוספת,קילוגרמים,1.00,"ק""ג",false,,23.00,23.0000,true,1,7107
7290011133375,false,בירה שנדי בתוספת משקה אפרסק - שישייה,"טמפו משקאות בע""מ",IL,מכבי שנדי אפרסק בקבו,ליטרים,1.98,ליטר,false,,26.70,13.4848,true,1,4804
7290011148911,false,פלפלים מתוקים טינקרב,מרינה פטריות הגליל,IL,פלפלים מתוקים טינקרב,גרמים,300.00,100 גרם,false,,9.90,0.0330,true,1,19485
7290011194215,false,מעדן גבינה ויוגורט בטעם בננה 5% שומן 88 ג' דניאלה,"שטראוס בריאות בע""מ",IL,"דניאלה בננה 150 מ""ל",מיליליטרים,150.00,"100 מ""ל",false,,3.50,0.0233,true,1,12161
7290011194246,false,קוטג שטראוס 5% עם סידן 250ג,מיוצר עי קונדיטוריית,IL,קוטג שטראוס 5% עם סי,גרמים,250.00,100 גרם,false,,4.90,0.0196,true,1,12162
7290011223243,false,"טואלט דאק ג'ל לאסלה בניחוח לבנדר 55 מ""ל","איטיליאן פוד, אס.פי.",IT,דאק ג'ל אסלה ניחוח ל,מיליליטרים,55.00,"100 מ""ל",false,,8.50,0.1545,true,1,2786
7290011239213,false,עמוס חטיפים מתוקים מ,ממתקי מחרום,,עמוס חטיפים מתוקים מ,גרמים,100.00,100 גרם,false,,5.00,0.0500,true,1,23218
7290011239237,false,חטיפי אגוזים ישראלי,,,חטיפי אגוזים ישראלי,גרמים,250.00,100 גרם,false,,16.20,0.0648,true,1,23219
7290011239336,false,מחרום חלבה ללא סוכר,עלעלים,,מחרום חלבה ללא סוכר,גרמים,400.00,100 גרם,false,,18.70,0.0467,true,1,23220
7290011239404,false,עמוס חטיפים שונים אר,ממתקי מחרום,,עמוס חטיפים שונים אר,גרמים,300.00,100 גרם,false,,11.80,0.0393,true,1,23223
7290011249748,false,רולים גלילי ופל במילוי קרם שוקולד 100 ג' עלמה,גילרו,,גילרו רולים שוקו 100,גרמים,100.00,100 גרם,false,,3.30,0.0330,true,1,22478
7290011249755,false,רולים גלילי ופל במילוי קרם אגוזים 100 ג' עלמה,"גילרו בע""מ",,רולים אגוז 100 גרם,גרמים,100.00,100 גרם,false,,3.30,0.0330,true,1,22479
7290011254018,false,שעועית מש מיה 500 גר',מיה תעשיות מזון,IL,שעועית מש 500 גרם,גרמים,500.00,100 גרם,false,,7.60,0.0152,true,1,7546
7290011254032,false,קינואה מיה 500 גרם,מיה,IL,קינואה 500 גרם,גרמים,500.00,100 גרם,false,,11.00,0.0220,true,1,7548
7290011254490,false,סוכריות פירות יער ללא סוכר 80גרם,מיה תעשיות מזון,IL,סוכריות ללא סוכר טעם,גרמים,80.00,100 גרם,false,,5.00,0.0625,true,1,7573
7290011254773,false,שעועית ארגנטינאית 500גרם,מיה,IL,שעועית ארגנטינאית 50,גרמים,500.00,100 גרם,false,,7.60,0.0152,true,1,7581
7290011254780,false,"שעועית ארגנטינאית יבשה מיה 1 ק""ג",מיה,IL,מיה שעועית ארגנטינאי,קילוגרמים,1.00,"ק""ג",false,,13.60,13.6000,true,1,7582
7290011254858,false,סוכריות ג'לילנד ג'ונגל בטעמים טרופיים 125 גר',,,סוכריות ג'לי גן חיות,גרמים,125.00,100 גרם,false,,5.00,0.0400,true,1,7587
7290011378776,false,חלבה חטיף פיסטוק בארכה בקטנה מארז 126ג',רושדי תעשיות מזון בע,IL,בארכה בקטנה מאגדת פי,גרמים,120.00,100 גרם,false,,9.30,0.0775,true,1,9377
7290011379018,false,פטריות טריות מיקס מרינה זוגי 250X2ג',"מרינה פטריות הגליל בע""מ",IL,פטריות צמד חמד,גרמים,500.00,100 גרם,false,,15.90,0.0318,true,1,22630
7290011438142,false,"משקה יטבתה אייס קפה בבקבוק אישי 350 מ""ל",שטראוס גרופ,IL,יטבתה אייס קפה בבקבו,מיליליטרים,350.00,"100 מ""ל",false,,5.60,0.0160,true,1,12164
7290011447267,false,תרכובת מזון המשך לפעוטות שלב 1 חלבי,מטרנה תעשיות ש.מ,IL,מטרנה חלבי שלב 1 70,גרמים,700.00,100 גרם,false,,41.80,0.0597,true,1,9381
7290011447281,false,תרכובת מזון המשך לפעוטות שלב 2 חלבי,מטרנה תעשיות ש.מ,IL,מטרנה חלבי שלב 2 70,גרמים,700.00,100 גרם,false,,41.80,0.0597,true,1,9382
7290011447304,false,תרכובת מזון המשך לפעוטות שלב 3 חלבי,מטרנה תעשיות ש.מ,IL,מטרנה חלבי שלב 3 12*,גרמים,700.00,100 גרם,false,,41.80,0.0597,true,1,9383
7290011473051,false,קוואקר אורגני תבואות,תבואות,,קוואקר עבה אורגני תב,גרמים,500.00,100 גרם,false,,9.40,0.0188,true,1,32475
7290011473952,false,שבולת שועל דקה מהיר,תבואות,,שבולת שועל דקה מהיר,גרמים,400.00,100 גרם,false,,5.10,0.0127,true,1,72132
7290011474003,false,שמן קוקוס כתית אורגנ,אדמג'י לוקמנג'י,,שמן קוקוס כתית אורגנ,מיליליטרים,300.00,"100 מ""ל",false,,14.50,0.0483,true,1,72157
7290011474256,false,מלח הימליה גס שקית 1,תבואות,,מלח הימליה גס שקית 1,קילוגרמים,1.00,"ק""ג",false,,14.50,14.5000,true,1,72006
7290011474447,false,שיבולת שועל עבה טבעי,תבואות,,שיבולת שועל עבה טבעי,גרמים,400.00,100 גרם,false,,5.10,0.0127,true,1,32495
7290011499105,false,בולגרית מסורתית 5% 250 גרם -רבנות,ג'נרל מילס סאן אדריא,IL,גד בולגרית 5% 250ג,גרמים,250.00,100 גרם,false,,20.00,0.0800,true,1,7318
7290011499112,false,בולגרית מסורתית 16% 250 גרם - רבנות,"מיוצר ע""י dsh",IL,גד בולגרית 16% 250ג,גרמים,250.00,100 גרם,false,,20.00,0.0800,true,1,7319
7290011499129,false,בולגרית מעודנת קוביות קטנות 5% 200 גרם - רבנות,קוד יצרן DSH,IL,גד בולגרית מעודנת קו,גרמים,200.00,100 גרם,false,,18.20,0.0910,true,1,7320
7290011499327,false,גבינה בולגרית מעודנת 5% 250 גרם - רבנות,מיוצר על ידי DSH עבו,IL,גד בולגרית בקר מעודנ,גרמים,250.00,100 גרם,false,,20.00,0.0800,true,1,7322
7290011499358,false,פטה עיזים מסורתית 20% בגביע 200 גרם - רובין,מיוצר על ידי קוד יצר,IL,גד פטה עיזים 20% 200,גרמים,200.00,100 גרם,false,,24.60,0.1230,true,1,7324
7290011499365,false,גד חלומי 24% 200 גרם רובין,"מחלבות גד בע""מ",IL,גד חלומי 24% 200ג,גרמים,200.00,100 גרם,false,,18.20,0.0910,true,1,7325
7290011499419,false,גבינה במרקם שמנת בטעם טבעי 5% ניו יורק,מחלבות גד,IL,גבינה במרקם שמנת 5%,גרמים,200.00,100 גרם,false,,10.10,0.0505,true,1,7326
7290011499624,false,שמנת 30% ניו יורק טבעי 200 גרם רבנות,מחלבות גד,IL,גד ניו יורק גבינת שמ,גרמים,200.00,100 גרם,false,,12.10,0.0605,true,1,7328
7290011505806,false,קיסמי שיניים דנטאליים מפלסטיק 200 יחידות בחבית,הוסטס Hostess,,קיסמי שיניים פלסטיק,יחידה,0.00,יחידה,false,,8.50,0.0000,true,1,435
7290011515683,false,מעדן קפוא אקסטרים Extreme בטעם וניל - 6 יח',תות תעשיות מזון (201,IL,אקסטרים וניל מאגדת 6,גרמים,432.00,100 גרם,false,,29.00,0.0671,true,1,8025
7290011518561,false,"אקטימל תות משפחתי מארז 14X100מ""ל",מיוצר עי קונדיטוריית,IL,אקטימל תות משפחתי 14,ליטרים,1.40,ליטר,false,,25.60,18.2857,true,1,12165
7290011553456,false,קרוטונים למרק שקית,,,קרוטונים למרק שקית,גרמים,400.00,100 גרם,false,,12.80,0.0320,true,1,108471
7290011553883,false,פרורים מוזהבים שקית,,,פרורים מוזהבים שקית,גרמים,800.00,100 גרם,false,,10.20,0.0127,true,1,108431
7290011587451,false,גרנולה בתוספת פירות ואגוזים,ויטליה,,גרנולה + פירות ואגוז,גרמים,600.00,100 גרם,false,,11.90,0.0198,true,1,12904
7290011593087,false,"שמן זית כתית מעולה 750 מ""ל סבא חביב",סאן אויל עיבוד ושיוו,IL,סבא חביב שמן זית כתי,מיליליטרים,750.00,"100 מ""ל",false,,26.40,0.0352,true,1,31932
7290011598259,false,"סנו - פרש מילוי למטהר אוויר מאסק 250 מ""ל",סנו מפעלי ברונוס בעמ,IL,סנו פרש אוטומטיק מאס,מיליליטרים,250.00,"100 מ""ל",false,,11.90,0.0476,true,1,15794
7290011598402,false,מרכך כביסה מקסימה מאסק ורוד 4 ל' סנו,סנו מקסימה,IL,מרכך כביסה סנו מקסימ,ליטרים,4.00,ליטר,false,,19.60,4.9000,true,1,15796
7290011607180,false,"קולון 101 לכביסה 1.25 ק""ג",ריקט בנקיזר ( ניר אי,IL,"קולון 101 1.25 ק""ג",קילוגרמים,1.25,"ק""ג",false,,12.70,10.1600,true,1,10575
7290011615260,false,עלי טורטיה 12X20יח' ויליפוד 540ג',מוטלוקל גידה סאנאי ט,TR,"עלי טורטיה בד""ץ וילי",גרמים,540.00,100 גרם,false,,7.60,0.0141,true,1,1670
7290011618025,false,חטיף אורז אפוי לתינוקות בטעם טבעי +6,גואנז'ו יונג וואנט פ,CN,בייבי ביס לתינוקות ב,גרמים,50.00,100 גרם,false,,9.80,0.1960,true,1,2789
7290011659073,false,מגשית קוביות שום כתו,,,קוביות שום קפוא 80 ג,גרמים,80.00,100 גרם,false,,8.50,0.1063,true,1,28572
7290011723200,false,טחינה הר ברכה טחינה,הר ברכה תעשיות,,טחינה הר ברכה טחינה,גרמים,500.00,100 גרם,false,,17.10,0.0342,true,1,22483
7290011765095,false,ג'ל גילוח לעור עדין אלוורה,טרופיקל דגיל תעשיות,TR,ג'ל גילוח לעור עדין,מיליליטרים,200.00,"100 מ""ל",false,,9.30,0.0465,true,1,15800
7290011765620,false,"נוזל כלים אקולוגי גרין פאוור 700 מ""ל",סנו מפעלי ברונוס בעמ,IL,"נוזל כלים 750 מ""ל GR",מיליליטרים,750.00,"100 מ""ל",false,,8.50,0.0113,true,1,15812
7290011800840,false,טחינה בלאדי רפי כהן 400 ג' צבר,סלטי צבר,IL,צבר רפי כהן טחינה בל,גרמים,400.00,100 גרם,false,,12.70,0.0317,true,1,9999
7290011877095,false,"זוג רדיד אלומיניום עבה ורחב 45 ס""מ* 7.5 מטר",בורסה פאזרי,TR,סנו סושי צמד רדידי א,מטרים,15.00,מטר,false,,17.00,1.1333,true,1,15814
7290011877866,false,אבקת כביסה סנו מקסימה בניחוח Musk,"איי, בי, אינבוו",IL,אבקת כביסה סנו מקסימ,קילוגרמים,6.00,"ק""ג",false,,42.60,7.1000,true,1,15821
7290011912642,false,מי פה ליסטרין מנטה רענן,ליסטרין Listerine,,מי פה טאגד ליסטרין 5,מיליליטרים,500.00,"100 מ""ל",false,,19.60,0.0392,true,1,15402
7290011931162,false,סוכרלייט ממתיק נוזלי על בסיס סוכרלוז,אף.סי תבליני בגליל ב,IL,סוכרלייט נוזלי 220מל,מיליליטרים,220.00,"100 מ""ל",false,,23.80,0.1082,true,1,11528
7290011947309,false,זיתים מצוננים סורי מבוקע ולימון כבוש זיתא 230 ג',זיתא – י.ט.ב תעשיות,IL,זית סורי מבוקע עם לי,גרמים,215.00,100 גרם,false,,10.20,0.0474,true,1,12731
7290011947316,false,זיתא זיתי קלמטה בשמן זית כתית מעולה 215ג,סטאר סנקס,IL,זיתי קלמטה זיתא 215,גרמים,215.00,100 גרם,false,,10.20,0.0474,true,1,12732
7290012086113,false,עגבניות שרי צימן קופסא 500ג',ירקט,IL,עגבניות שרי,גרמים,500.00,100 גרם,false,,9.90,0.0198,true,1,30039
7290012116612,false,אורביטול מברשת שיניים מארז 4 יח',ג'נרל מילס סאן אדריא,CN,מארז מברשות שיניים א,יחידה,0.00,יחידה,false,,9.30,0.0000,true,1,15833
7290012116735,false,סנו - נייר טואלט סופט גליל כפול 24 יח',סנו מפעלי ברונוס בעמ,IL,נייר טואלט סופט ג'מב,מטרים,900.00,מטר,false,,35.80,0.0398,true,1,15837
7290012117091,false,אבקת -כביסה סנו מקסימה סנסיטיב 6 קג,סנו מקסימה,IL,אבקת כביסה סנו מקסימ,קילוגרמים,6.00,"ק""ג",false,,42.60,7.1000,true,1,15839
7290012117275,false,נוזל רב תכליתי לניקוי ולהברקה מילוי,טרופיקל דגיל תעשיות,IL,סנוקליר שקית מילוי 7,מיליליטרים,750.00,"100 מ""ל",false,,5.90,0.0079,true,1,15840
7290012117428,false,"קרמה - שמפו וג'ל רחצה 2 ב-1 מנטה 700 מ""ל",טרופיקל דגיל תעשיות,IL,שמפו וג'ל רחצה לגבר,מיליליטרים,700.00,"100 מ""ל",false,,16.20,0.0231,true,1,15845
7290012117435,false,"קרמה - שמפו וג'ל רחצה 2 ב-1 אלוורה 700 מ""ל",טרופיקל דגיל תעשיות,IL,שמפו וג'ל רחצה אלוור,מיליליטרים,700.00,"100 מ""ל",false,,16.20,0.0231,true,1,15846
7290012117534,false,סנו - מקסימה מרכך כביסה מרוכז קול 1 ליטר,"סנו מפעלי ברונוס בע""",IL,סנו מקסימה מרכך קומפ,יחידה,0.00,יחידה,false,,16.20,0.0000,true,1,15848
7290012117558,false,מרכך כביסה קומפקט מאסק ורוד סנו מקסימה 1 ל',"סנו מפעלי ברונוס בע""",IL,סנו מקסימה מרכך קומפ,יחידה,0.00,יחידה,false,,16.20,0.0000,true,1,15850
7290012117572,false,כפפות סנו סושי לטקס M אריזת 100יח',סנו סושי,TH,M סנו סושי כפפות לטק,יחידה,0.00,יחידה,false,,38.40,0.0000,true,1,15852
7290012117626,false,שטיפת פה דנטלית לילדים בטעם ענבים בוב ספוג,אורביטול Orbitol,IL,אורביטול בוב ספוג מי,מיליליטרים,250.00,"100 מ""ל",false,,8.50,0.0340,true,1,15854
7290012117732,false,סנו - מקסימה מרכך כביסה קול שחור 4 ליטר,"סנו מפעלי ברונוס בע""",IL,מרכך כביסה סנו מקסימ,ליטרים,4.00,ליטר,false,,19.60,4.9000,true,1,15855
7290012117916,false,סנו אינסטלאטור פותח סתימות נוזלי 1 ל',"סנו מפעלי ברונוס בע""",IL,סנו אינסטלאטור פותח,יחידה,0.00,יחידה,false,,25.60,0.0000,true,1,15857
7290012159275,false,מיונז אמיתי לינה 430,לינה,,מיונז לינה 430גר' כש,גרמים,430.00,100 גרם,false,,10.20,0.0237,true,1,5590
7290012159480,false,קאווה גוטה דה מרוויה,,,קאווה גוטה דה מרוויה,מיליליטרים,700.00,"100 מ""ל",false,,23.00,0.0329,true,1,5593
7290012159497,false,יין לבן יבש מבעבע גוטה דה מרוויה Gota De Maravilla,,,קאווה גוטה דה מרוויה,מיליליטרים,750.00,"100 מ""ל",false,,23.00,0.0307,true,1,5594
7290012212161,false,זית טבעי קלמטה צנצ' מוטולה,,,זיתים קלמנטה בצנצנת,גרמים,560.00,100 גרם,false,,11.10,0.0198,true,1,52114
7290012226120,false,קבנוס זוגלובק 135גר,נקניק נהריה כשר זוגל,IL,זוגלובק קבנוס 135ג.,גרמים,135.00,100 גרם,false,,9.40,0.0696,true,1,21861
7290012226342,false,נקניקיה טבעונית למחבת או לתנור עשירה בחלבון,זוגלו'ס Zoglos,,נקניקיה מן הצומח טבע,גרמים,460.00,100 גרם,false,,21.30,0.0463,true,1,21862
7290012227325,false,סלמי דק דק מעושן איטלקי 120 ג' זוגלובק,זוגלובק,IL,זוגלובק סלמי מעושן ד,גרמים,120.00,100 גרם,false,,10.20,0.0850,true,1,21869
7290012227912,false,קבנוס עודן 135 ג' זוגלובק,זוגלובק,,קבנוס מעודן זוגלובק,גרמים,135.00,100 גרם,false,,9.40,0.0696,true,1,21878
7290012227974,false,פסטרמה הודו בדבש טהור דק דק דק,זוגלובק,IL,זוגלובק פסטרמה בדבש,גרמים,120.00,100 גרם,false,,10.20,0.0850,true,1,21879
7290012227981,false,פסטרמה דק דק ברביקיו 120 ג' זוגלובק,זוגלובק,IL,פסטרמה ברביקיו זוגלו,גרמים,120.00,100 גרם,false,,10.20,0.0850,true,1,21880
7290012228261,false,נקנקיות קנקרס הודו ועוף ריינהולד'ס זוגלובק 300 ג',זוגלובק,IL,נקנקיות הודו קנקרס ר,גרמים,300.00,100 גרם,false,,17.00,0.0567,true,1,32905
7290012309892,false,חלבה וניל ששון הקולה 500 ג',אקאר,IL,חלבה וניל מעולה שקדי,גרמים,500.00,100 גרם,false,,8.50,0.0170,true,1,31435
7290012367700,false,קרם גוף אינטנסיב רליף Intensive relief לעור יבש ומגורה,"ד""ר פישר Dr fischer",IL,קרם גוף שיבולת שועל,מיליליטרים,700.00,"100 מ""ל",false,,29.00,0.0414,true,1,15266
7290012372100,false,"קמח חיטה מלא 80% 1 ק""ג רובינפלד",,,קמח חיטה 80% רובינפל,קילוגרמים,1.00,"ק""ג",false,,9.40,9.4000,true,1,58776
7290012372124,false,"קמח כוסמין 100% 1 ק""ג רובינפלד",,,קמח כוסמין 100% רובי,קילוגרמים,1.00,"ק""ג",false,,14.50,14.5000,true,1,37190
7290012372155,false,"קמח כוסמין 80% 1ק""ג רובינפלד",,,קמח כוסמין 80% רובינ,קילוגרמים,1.00,"ק""ג",false,,14.50,14.5000,true,1,37191
7290012372247,false,"קמח כוסמין לבן 1 ק""ג רובינפלד",,,קמח כוסמין לבן רובינ,קילוגרמים,1.00,"ק""ג",false,,14.50,14.5000,true,1,37192
7290012404955,false,ספרינג קולקשן נקטר חמוציות 1.25 ל',"יפאורה תבורי בע""מ",IL,ספרינג נקטר חמוציות,ליטרים,1.25,ליטר,false,,10.70,8.5600,true,1,5878
7290012454608,false,תן צ'אפ חטיף גלגלים 50 גר',מיה תעשיות מזון,IL,תן צ'אפ גלגלים 50 גר,גרמים,50.00,100 גרם,false,,3.30,0.0660,true,1,7597
7290012561337,false,כורכום טרי כתוש 70 ג' דורות,גוד פוד פרודקטס S.p,IL,כורכום טרי כתוש דורו,גרמים,180.00,100 גרם,false,,8.50,0.0472,true,1,10004
7290012576614,false,יין Premieur לבן חצי יבש אמרלד ריזלינג קולומברד,יקבי ברקן שיווק והפצ,IL,ברקן יין פרמייר לבן,מיליליטרים,750.00,"100 מ""ל",false,,23.10,0.0308,true,1,4824
7290012642876,false,פלפלים קטנים חריפים כבושים שלמים,יושלם,,פלפלונים מעורב כבושי,גרמים,530.00,100 גרם,false,,10.20,0.0192,true,1,12927
7290012645112,false,"יוגורט עיזים בדלי חלב הארץ 750מ""ל",מחלבות סוסיא,IL,יוגורט עיזים בדלי 75,מיליליטרים,750.00,"100 מ""ל",false,,16.20,0.0216,true,1,12169
7290012645129,false,"יוגורט כבשים בדלי חלב הארץ 750מ""ל",מחלבות סוסיא,IL,יוגורט כבשים בדלי 75,מיליליטרים,750.00,"100 מ""ל",false,,16.20,0.0216,true,1,12170
7290012645297,false,סוסיא יוגורט עיזים ביו 2.8% ט.טבעי 150מל,מחלבות סוסיא,IL,סוסיא יוגורט עיזים ב,מיליליטרים,150.00,"100 מ""ל",false,,5.10,0.0340,true,1,12171
7290012803215,false,וופל בלגי בטעם שוקולד ללא תוספת סוכר,בטר אנד דיפרנט,IL,טוסו וופל בלגי שוקול,גרמים,200.00,100 גרם,false,,8.50,0.0425,true,1,2800
7290012803222,false,וופל בלגי בטעם לימון ללא תוספת סוכר,בטר אנד דיפרנט,IL,טוסו וופל בלגי לימון,גרמים,200.00,100 גרם,false,,8.50,0.0425,true,1,2801
7290012803451,false,שוקולד מריר מעולה 62% ללא תוספת סוכר,טוסו tusso,TR,טוסו שוקלד מריר 62%,גרמים,100.00,100 גרם,false,,7.60,0.0760,true,1,2804
7290012823381,false,מרכך כביסה מקסימה סנסיטיב מרוכז ורוד 1 ל' סנו,"סנו מפעלי ברונוס בע""",IL,סנו מקסימה סנסטיב מר,יחידה,0.00,יחידה,false,,16.20,0.0000,true,1,15862
7290012823565,false,פוליויקס פרקט מטליות ענק לחות 10יח,דינאמיק תעשיות,IL,פוליויקס פרקט מטליות,יחידה,0.00,יחידה,false,,12.70,0.0000,true,1,15867
7290012823602,false,נייר טואלט סופט סילק לבן - מארז 32 גלילים,טרופיקל דגיל תעשיות,IL,נייר טואלט סופט סילק,מטרים,588.00,מטר,false,,29.00,0.0493,true,1,15869
7290012823947,false,"סנו - מרכך כביסה מרוכז פרפיום קריסטל נואר 750 מ""ל",מיוצר עי קונדיטוריית,IL,סנו מקסימה מרכך פרפי,מיליליטרים,750.00,"100 מ""ל",false,,16.20,0.0216,true,1,15875
7290012838026,false,עוגיות מלוחות עדי 35,,,עוגיות מלוחות עדי 35,גרמים,350.00,100 גרם,false,,13.60,0.0389,true,1,35390
7290012850011,false,מחית ביליבד תפוחי עץ 190ג',NOVOFRUCHT SK S.R.O,SK,בי לאב מחית תפוח עץ,גרמים,190.00,100 גרם,false,,5.10,0.0268,true,1,35466
7290012884986,false,תפוגן ציפס לתנור עד 4% שומן 1.5 קג,"תעשיות תפוגן בע""מ",IL,תפוגן ציפס לתנור עד,קילוגרמים,1.50,"ק""ג",false,,21.30,14.2000,true,1,10007
7290012901973,false,שעועית אדומה 400 גרם,,,שעועית אדומה 400 גרם,גרמים,400.00,100 גרם,false,,8.50,0.0213,true,1,20985
7290012931611,false,שייני כריות ברזל שלשייה,,,כריות ברזל שלישייה,יחידה,0.00,יחידה,false,,5.00,0.0000,true,1,6940
7290012938405,false,רדיד אלומניום דיימונד 087- עבה במיוחד,,,דאיימונד נייר כסף 87,מטרים,7.60,מטר,false,,15.00,1.9737,true,1,1985
7290012938580,false,"סנסודיין משחת שיניים להלבנה עדינה 75 מ""ל",גלקסוסמית'קליין קונס,GB,משחת שיניים הלבנה עד,מיליליטרים,75.00,"100 מ""ל",false,,17.90,0.2387,true,1,1986
7290012938597,false,"סנסודיין משחת שיניים רפיד רליף 75 מ""ל","סמיתקליין ביצ'ם בע""מ",SK,משחת שיניים רפיד רלי,מיליליטרים,75.00,"100 מ""ל",false,,20.40,0.2720,true,1,1987
7290013010018,false,פרי מבורך רוטב פסטה 240 גרם,זנלכל,IL,רוטב לפסטה פרי מבורך,גרמים,260.00,100 גרם,false,,4.70,0.0181,true,1,4244
7290013010025,false,רוטב פיצה 240 גר' פרי מבורך,זנלכל,IL,רוטב לפיצה פרי מבורך,גרמים,260.00,100 גרם,false,,4.70,0.0181,true,1,4245
7290013027399,false,לחם קמח מלא קל בתוספת שיפון 750 ג' אנג'ל,מאפיית שלמה א. אנג'ל,IL,לחם 100 בתוספת שיפון,גרמים,750.00,100 גרם,false,,11.90,0.0159,true,1,19395
7290013117212,false,בורקס פילו גבינה מעדנות מעדנות 600 ג',מיוצר עי קונדיטוריית,IL,בורקס פילו גבינה מעד,גרמים,600.00,100 גרם,false,,13.60,0.0227,true,1,19530
7290013117229,false,בורקס פילו תפוא מעדנות 600 גרם,מיוצר עי קונדיטוריית,IL,בורקס פילו תפוא מעדנ,גרמים,600.00,100 גרם,false,,13.60,0.0227,true,1,19531
7290013117243,false,בורקס פילו בולגרית מעדנות 600 ג',מיוצר עי קונדיטוריית,IL,בורקס פילו בולגרית מ,גרמים,600.00,100 גרם,false,,13.60,0.0227,true,1,19533
7290013117410,false,בצק פריך מרודד למאפים מתוקים 900 ג' מעדנות,מיוצר עי קונדיטוריית,IL,מעדנות בצק פריך מרוד,גרמים,900.00,100 גרם,false,,17.00,0.0189,true,1,19534
7290013117427,false,בצק פריך מרודד למאפים מלוחים 900 ג' מעדנות,מיוצר עי קונדיטוריית,IL,מעדנות בצק פריך מרוד,גרמים,900.00,100 גרם,false,,17.00,0.0189,true,1,19535
7290013144157,false,סחלב מיימונס 130 גרם,מיוצר עי קונדיטוריית,IL,מימונס סחלב 130 גרם,גרמים,130.00,100 גרם,false,,9.30,0.0715,true,1,32852
7290013144171,false,תערובת עוגת שוקולד מימונס 560 ג',מיוצר עי קונדיטוריית,IL,תערובת עוגת שוקולד 5,גרמים,560.00,100 גרם,false,,12.70,0.0227,true,1,7750
7290013144195,false,תערובת כדורי שוקולד מימונס 500 ג',מיוצר עי קונדיטוריית,IL,תערובת כדורי שוקולד,גרמים,500.00,100 גרם,false,,12.70,0.0254,true,1,7752
7290013144393,false,"תמצית בטעם וניל מימונס 50 מ""ל",מיוצר עי קונדיטוריית,IL,תמצית בטעם וניל 50גר,גרמים,50.00,100 גרם,false,,3.80,0.0760,true,1,7764
7290013144539,false,צבע מאכל אדום מימונס 50 ג',מיוצר עי קונדיטוריית,IL,צבע מאכל אדום 50גר,גרמים,50.00,100 גרם,false,,3.80,0.0760,true,1,7770
7290013144751,false,מימונס סירופ בטעם מייפל 500 מל,,,מימונס סירופ בטעם מי,מיליליטרים,500.00,"100 מ""ל",false,,11.90,0.0238,true,1,7773
7290013144768,false,סירופ בטעם שוקולד מימונס 500ג',,,מימונס סירופ בטעם שו,מיליליטרים,500.00,"100 מ""ל",false,,11.90,0.0238,true,1,7774
7290013145024,false,אגוז מלך טחון מימונס 100 ג',,,מימונס אגוז מלך טחון,גרמים,100.00,100 גרם,false,,11.90,0.1190,true,1,7778
7290013145055,false,פרג שלם מימונס 100 גר',,,פרג שלם 100גר,גרמים,100.00,100 גרם,false,,5.90,0.0590,true,1,7781
7290013145109,false,שקד מולבן טחון מימונס 100 גר',,,מימונס שקד מולבן טחו,גרמים,100.00,100 גרם,false,,11.00,0.1100,true,1,7785
7290013145178,false,קוקוס טחון לבן מימונס 100 ג',,,קוקוס טחון לבן 100 ג,גרמים,100.00,100 גרם,false,,4.20,0.0420,true,1,7790
7290013145192,false,שומשום מימונס 100 ג',,,שומשום 100גר,גרמים,100.00,100 גרם,false,,4.20,0.0420,true,1,7791
7290013145215,false,שומשום מימונס 400 גרם,מיוצר עי קונדיטוריית,IL,שומשום 400גר,גרמים,400.00,100 גרם,false,,12.70,0.0317,true,1,7792
7290013145390,false,מימונס שוקולד צ'יפס מהדרין 250 גר,אינטרגטה תעשיות מזון,IL,מימונס שוקולד ציפס מ,גרמים,250.00,100 גרם,false,,7.60,0.0304,true,1,7795
7290013145444,false,שוקולד מריר מעולה ציפס 66% מימונס 250 ג',המאפיה של הרמן,IL,מימונס שוקולד ציפס 6,גרמים,250.00,100 גרם,false,,10.90,0.0436,true,1,7798
7290013145628,false,סוכריות צבעוניות לקישוט מימונס 200 ג',א.ל ייצור ושיווק תבל,IL,סוכריות צבעוניות לקי,גרמים,200.00,100 גרם,false,,7.60,0.0380,true,1,7805
7290013145840,false,סוכר וניל מימונס 10* 10 ג',מיוצר עי קונדיטוריית,IL,מימונס סוכר וניל 10*,גרמים,100.00,100 גרם,false,,2.10,0.0210,true,1,7811
7290013145857,false,אבקת אפייה 10 יח' בצלופן,י. כהן בעמ,IL,אבקת אפיה 10* 10 גרם,גרמים,100.00,100 גרם,false,,2.10,0.0210,true,1,7812
7290013145956,false,שמרים יבשים בוואקום מימונס 500 ג',הנסיך- מפעל לייצור ט,CN,מימונס שמרים יבשים ב,גרמים,500.00,100 גרם,false,,11.00,0.0220,true,1,7818
7290013145963,false,שמרים יבשים בוואקום מימונוס 125 ג',,,מימונס שמרים יבשים ב,גרמים,125.00,100 גרם,false,,4.70,0.0376,true,1,7819
7290013146304,false,קורנפלור 500 גרם מימונס.,,,מימונס קורנפלור 500,גרמים,500.00,100 גרם,false,,5.90,0.0118,true,1,7830
7290013146762,false,קצפת לזילוף 24% שומן,,,קצפת לזילוף 24% שומן,גרמים,500.00,100 גרם,false,,5.90,0.0118,true,1,10301
7290013153418,false,פריגת סחוט לימונענע 1ל',,,פריגת מצונן סחוט לימ,יחידה,0.00,יחידה,false,,13.60,0.0000,true,1,3169
7290013153593,false,רכז פריגת תפוזים מתק,"גת גבעת חיים,",IL,פריגת סחוט תפוזים מת,ליטרים,1.00,ליטר,false,,10.20,10.2000,true,1,3175
7290013156914,false,עוגיות כעך טוניסאי ג,,,עוגיות כעך טוניסאי ג,גרמים,350.00,100 גרם,false,,14.40,0.0411,true,1,34281
7290013156921,false,עצבעות מתוקות ללא תו,,,"עוגיות מרוקאיות לל""",גרמים,350.00,100 גרם,false,,14.40,0.0411,true,1,34282
7290013203182,false,שרי מנומר -ליקופן,,,שרי מנומר -ליקופן,גרמים,200.00,100 גרם,false,,9.90,0.0495,true,1,30040
7290013220318,false,חמוצית קפוא 400 גרם,א.מ שרון,PL,חמוציות יער 400 גרם,גרמים,400.00,100 גרם,false,,17.00,0.0425,true,1,28589
7290013220929,false,אוכמניות כחולות קפוא,א.מ שרון,PL,אוכמנית כחולות 400,גרמים,400.00,100 גרם,false,,17.00,0.0425,true,1,28593
7290013268020,false,סנו - מקסימה מרכך כביסה מרוכז אולטרה פרש 1 ליטר,"סנו מפעלי ברונוס בע""",IL,סנו מקסימה אולטרא פר,יחידה,0.00,יחידה,false,,16.20,0.0000,true,1,15876
7290013268242,false,תרכיז ריחני לניקוי רצפות בריח מלון מפנק ריצפז פרש,"סנו מפעלו ברונוס בע""",IL,ריצפז פרש הום בניחוח,ליטרים,2.00,ליטר,false,,18.70,9.3500,true,1,15881
7290013268891,false,מסיר כתמים ג'ל אוקסיג'ן ללא אקונומיקה,"סנו מפעלי ברונוס בע""",IL,סנו אוקסיג'ן 3 ליטר,ליטרים,3.00,ליטר,false,,26.40,8.8000,true,1,15890
7290013268938,false,סנובון סבון אסלה בניחוח מאסק - מארז 3 יח',סנו,IL,סנובון שלישיה מאסק 3,גרמים,195.00,100 גרם,false,,10.20,0.0523,true,1,15893
7290013268983,false,מרכך כביסה סופר מרוכז בבישום עוצמתי סנו מקסימה 1 ל',"סנו מפעלי ברונוס בע""",IL,מקסימה מרכך כביסה בב,יחידה,0.00,יחידה,false,,16.20,0.0000,true,1,15894
7290013268990,false,סנו - מקסימה מרכך כביסה מרוכז ביו 1 ליטר,"איי, בי, אינבוו",IL,סנו מקסימה מרכך מרוכ,יחידה,0.00,יחידה,false,,16.20,0.0000,true,1,15895
7290013269003,false,מרכך כביסה סופר מרוכז בייבי לתינוקות ולעור רגיש,"סנו מפעלי ברונוס בע""",IL,סנו מקסימה קר בייבי,ליטרים,1.00,ליטר,false,,17.00,17.0000,true,1,15896
7290013269263,false,ג'ל כביסה מרוכז מקסימה בבישום קריסטל נואר,סנו מפעלי ברונוס בעמ,IL,מקסימה גל כביסה קריס,ליטרים,3.00,ליטר,false,,29.00,9.6667,true,1,15897
7290013269645,false,מטליות לחות לניקוי הרצפה בניחוח מאסק ריצפז פרש,סנו מפעלי ברונוס בעמ,IL,ריצפז פרש מטליות לחו,יחידה,0.00,יחידה,false,,10.20,0.0000,true,1,15904
7290013269850,false,סנו - סושי נייר אפייה אקולוגי 50 יח',מולינו ניקולי s.p.a,IL,סנו סושי נייר אפיה א,יחידה,0.00,יחידה,false,,12.70,0.0000,true,1,15910
7290013269867,false,מפות שולחן לאירוח סנו סושי זוג',מיוצר עי קונדיטוריית,IL,סנו סושי זוג מפות אי,יחידה,0.00,יחידה,false,,7.60,0.0000,true,1,15911
7290013358356,false,פירורי לחם מוזהבים לטיגון ואפייה,מנה י.א בעמ,IL,מאסטר שף פירורי לחם,גרמים,350.00,100 גרם,false,,4.20,0.0120,true,1,10951
7290013358363,false,פירורי לחם פנקו מזוהבים מאסטר שף מנה 300 ג',קריניציה ויטמינה אס,IL,מאסטר שף פירורי לחם,גרמים,300.00,100 גרם,false,,8.50,0.0283,true,1,10952
7290013358417,false,"רוטב טיריאקי מאסטר שף אסייאתי 300 מ""ל",קריניציה ויטמינה אס,TH,מאסטר שף אסייאתי רוט,מיליליטרים,300.00,"100 מ""ל",false,,11.00,0.0367,true,1,10954
7290013358462,false,"מיני קרוטונים למרק בתיבול שום, בצל ופטרוזיליה","עינת תעשיות מזון, אג",IL,מאסטר שף מיני קרוטונ,גרמים,350.00,100 גרם,false,,17.00,0.0486,true,1,10956
7290013358486,false,פירורי לחם מוזהבים ללא צורך בביצה,"מיוצר ע""י מנה י.א בע",IL,מאסטר שף פירורים מו,גרמים,300.00,100 גרם,false,,4.20,0.0140,true,1,10957
7290013358493,false,"קרם קוקוס מאסטר שף 400 מ""ל",תאי קוקונט פבליק קומ,TH,מאסטר שף אסייאתי קרם,מיליליטרים,400.00,"100 מ""ל",false,,7.50,0.0188,true,1,10958
7290013358530,false,מאסטר שף אסייאתי רוטב צ'ילי מתוק 700 מל,קריניציה ויטמינה אס,TH,מאסטר שף רוטב צ'ילי,מיליליטרים,700.00,"100 מ""ל",false,,11.00,0.0157,true,1,10959
7290013358578,false,מאסטר שף אטריות אורז רחבות 5 ממ 400גר,ליינג טונג רייס פלוו,TH,אטריות אורז רחבות 5,גרמים,400.00,100 גרם,false,,6.80,0.0170,true,1,10961
7290013366634,false,חסה סלנובה ראשים,מרינה פטריות הגליל,IL,חסה סלנובה,יח',1.00,יח',false,,11.90,11.9000,true,1,26149
7290013382382,false,קומקום נירוסטה נשלף.,,,קומקום נירוסטה נשלף.,יחידה,0.00,יחידה,false,,56.30,0.0000,true,1,26607
7290013382887,false,מנגל חשמלי פלטינום,,,מנגל חשמלי פלטינום,יחידה,0.00,יחידה,false,,102.50,0.0000,true,1,26610
7290013412966,false,מגבוני תולי רביעייה*72יח,,,תולי מגבונים לחים 4*,יחידה,0.00,יחידה,false,,8.50,0.0000,true,1,15413
7290013424945,false,מנגו קפוא 500 ג' פילד גוד,א.מ שרון,PL,קוביות מנגו קפוא 500,גרמים,500.00,100 גרם,false,,11.00,0.0220,true,1,28601
7290013472199,false,ערמונים קלוף וקלוי ו.פוד 105 ג',בייג'גג פוינונג,CN,וילי פוד ערמונים 100,גרמים,100.00,100 גרם,false,,5.00,0.0500,true,1,1674
7290013585233,false,"ספרייט זירו פחית סליק 330 מ""ל",קוקה קולה Coca Cola,IL,פחית סליק 330 מל ZER,מיליליטרים,330.00,"100 מ""ל",false,,4.70,0.0142,true,1,3518
7290013585387,false,קוקה קולה זירו בקבוק,החברה המרכזית לייצור,IL,קולה זירו 1 ליטר,ליטרים,1.00,ליטר,false,,5.90,5.9000,true,1,3528
7290013585394,false,קוקה קולה קלאסי,החברה המרכזית לייצור,IL,קוקה קולה 1 ליטר,ליטרים,1.00,ליטר,false,,6.50,6.5000,true,1,3529
7290013608864,false,פרימור משקה פירות הדר 1 ליטר בתוספת ויטמין C,"גניר (1992) בע""מ",,פרימור משקה פירות הד,ליטרים,1.00,ליטר,false,,13.50,13.5000,true,1,12179
7290013652164,false,"ד""ר פישר - נטורל קר מגבונים להסרת איפור לעור רגיש 30 יח' * 3","ד""ר פישר Dr fischer",IL,מגבונים להסרת איפור,יחידה,0.00,יחידה,false,,21.30,0.0000,true,1,15273
7290013675545,false,שניצל כלי תחבורה מאמא עוף 700 ג',,,שניצל כלי תחבורה 700,גרמים,700.00,100 גרם,false,,26.40,0.0377,true,1,13224
7290013677648,false,שמן זית למאור 1 ליטר,מיה תעשיות מזון בעמ,IL,שמן זית למאור 1 ל' ב,ליטרים,1.00,ליטר,false,,17.10,17.1000,true,1,7630
7290013677839,false,"בורגול יבש מיה 1 ק""ג",מיה,IL,בורגול 1 ק'ג,קילוגרמים,1.00,"ק""ג",false,,5.90,5.9000,true,1,7639
7290013724946,false,משוקלדים שקד מריר 160 גר' קופסא,"דין שיווק וקליה בע""מ",IL,שקדים בציפוי שוקלד מ,גרמים,140.00,100 גרם,false,,9.30,0.0664,true,1,31437
7290013724953,false,חמוציות בשוקולד חלב 160ג,שקדיה,IL,חמוציות בציפוי שוקול,גרמים,140.00,100 גרם,false,,9.30,0.0664,true,1,31438
7290013724960,false,משוקלדים שקד חלב 160 גר' קופסא,"דין שיווק וקליה בע""מ",IL,שקדים בציפוי שוקולד,גרמים,140.00,100 גרם,false,,9.30,0.0664,true,1,31439
7290013724984,false,חטיף בוטנים בשוקולד מריר 160ג,שקדיה,,שקדיה בוטנים בשוק.מר,גרמים,140.00,100 גרם,false,,9.30,0.0664,true,1,102869
7290013724991,false,משוקולדים לוז חלב 160 גר' סקופסא,דין שיווק,IL,אגוזי לוז בציפוי שוק,גרמים,140.00,100 גרם,false,,9.30,0.0664,true,1,31440
7290013725820,false,משוקלדים לוז מריר 160 גר' קופסא,"דין שיווק וקליה בע""מ",IL,אגוזי לוז בציפוי שוק,גרמים,140.00,100 גרם,false,,9.30,0.0664,true,1,31441
7290013725844,false,חטיף שומשום בשוקולד מריר 160ג,"דין שיווק וקליה בע""מ",,שקדיה שומשום בשוק.מר,גרמים,140.00,100 גרם,false,,9.30,0.0664,true,1,102883
7290013793102,false,ערכת נוזלי עטרת מלכו,,,ערכת נוזלי עטרת מלכו,יחידה,0.00,יחידה,false,,60.60,0.0000,true,1,31674
7290013793126,false,ערכת מוצק אור והדר,,,ערכת מוצק אור והדר,יחידה,0.00,יחידה,false,,52.10,0.0000,true,1,31675
7290013847867,false,מארז זוג טונה בשמן סויה 140 ג' סטארקיסט,טונה ויטנאם קו. אל.ט,IL,נתחי טונה בהירה בשמן,גרמים,140.00,100 גרם,false,,11.10,0.0793,true,1,105011
7290013848345,false,מארז מטליות לחיטוי וניקוי יסודי אנטיבקטריאלי 99.9%,סנו מפעלי ברונוס בעמ,IL,מטליות לחות לחיטוי י,יחידה,0.00,יחידה,false,,19.60,0.0000,true,1,15916
7290013861054,false,משוקלדים צימוק חלב 140 ג' קופסא,"דין שיווק וקליה בע""מ",IL,שקדיה צימוקים בשוק.ח,גרמים,140.00,100 גרם,false,,9.30,0.0664,true,1,88749
7290013861061,false,בוטנים בשוקולד חלב 160גר,שקדיה,,שקדיה בוטנים בשוק.חל,גרמים,140.00,100 גרם,false,,9.30,0.0664,true,1,102870
7290013906212,false,"נקנקיות וינר טירת 1 ק""ג טירת צבי",הנסיך- מפעל לייצור ט,IL,טירת צבי נקניקיות וי,קילוגרמים,1.00,"ק""ג",false,,19.60,19.6000,true,1,13103
7290013906458,false,קבנוס טעם פיקנטי טירת צבי 120 ג',הנסיך- מפעל לייצור ט,IL,טירת צבי קבנוס פיקנט,גרמים,120.00,100 גרם,false,,8.40,0.0700,true,1,13114
7290013906489,false,חטיפי מיני קבנוס 120 ג' טירת צבי,הנסיך- מפעל לייצור ט,IL,טירת צבי חטיפי מיני,גרמים,120.00,100 גרם,false,,8.40,0.0700,true,1,13115
7290013906496,false,פסטרמה עגל בסגנון רומני,הנסיך- מפעל לייצור ט,IL,טירת צבי פסטרמה עגל,גרמים,120.00,100 גרם,false,,11.90,0.0992,true,1,13116
7290013906519,false,פסטרמה פרושוטו בקר ט,הנסיך- מפעל לייצור ט,IL,טירת צבי פרשוטו בקר,גרמים,100.00,100 גרם,false,,21.30,0.2130,true,1,13117
7290013906687,false,פסט' צמד כפרית ברביקיו ודבש 300X2ג' טירת צבי,הנסיך- מפעל לייצור ט,IL,טירת צבי צמד כפרית ב,גרמים,600.00,100 גרם,false,,21.30,0.0355,true,1,13119
7290014002197,false,ויסוצקי חליטת קמומיל ולימונית 25*1.5ג,ויסוצקי,IL,תה חליטת קמומיל ולימ,גרמים,37.50,100 גרם,false,,14.40,0.3840,true,1,12755
7290014002944,false,גן קסום חליטת פירות וצמחים חמדת שקד 25 שקיקים,HIQ FOOD PRODUCTS,IL,תה גן קסום חליטת חמא,גרמים,62.50,100 גרם,false,,14.40,0.2304,true,1,12758
7290014046474,false,"נקניקיות עוף 1.5 ק""ג יחיעם",יחיעם,IL,יחיעם נקניקיות עוף 1,קילוגרמים,1.50,"ק""ג",false,,23.80,15.8667,true,1,7910
7290014079014,false,לבבות קיסר ארוז נספק,"מרינה פטריות הגליל בע""מ",IL,לבבות קיסר,גרמים,300.00,100 גרם,false,,10.90,0.0363,true,1,19487
7290014079076,false,נבטי אלפלפא יח,"מרינה פטריות הגליל בע""מ",IL,נבטי אלפלפא,יח',1.00,יח',false,,6.90,6.9000,true,1,22632
7290014083806,false,עוגיות בטעם חמאה .400 ג',דן קייק,PT,וילי פוד עוגיות בטעם,גרמים,350.00,100 גרם,false,,10.20,0.0291,true,1,1679
7290014083813,false,וילי פוד מריגה שפרוטים מעושנים בשמן 190ג,הנסיך- מפעל לייצור ט,LV,בריוולס וילניס שפרוט,גרמים,190.00,100 גרם,false,,6.80,0.0358,true,1,1680
7290014094345,false,גרעיני חמניות קלופות,"דין שיווק וקליה בע""מ",,ששון הקולה גרעיני חמ,גרמים,300.00,100 גרם,false,,8.50,0.0283,true,1,30145
7290014094352,false,אגוזי מלך בקופסא 200 ג',"דין שיווק וקליה בע""מ",,ששון הקולה אגוז מלך,גרמים,200.00,100 גרם,false,,14.40,0.0720,true,1,30146
7290014094376,false,שזיפים ללא גלעין ששו,"דין שיווק וקליה בע""מ",,שזיף ללא גלעין בקופס,גרמים,330.00,100 גרם,false,,21.30,0.0645,true,1,30148
7290014094383,false,משמש מיובש ששון הקול,"דין שיווק וקליה בע""מ",,שקדיה משמש מיובש 330,גרמים,330.00,100 גרם,false,,20.50,0.0621,true,1,30149
7290014094390,false,חמוציות מסוכרות ששון,"דין שיווק וקליה בע""מ",,חמוציות מסוכרות בקופ,גרמים,330.00,100 גרם,false,,12.70,0.0385,true,1,30150
7290014094406,false,צימוק לבן 330 ג' בקופסא,"דין שיווק וקליה בע""מ",,צימוק בהיר בקופסא 2,גרמים,250.00,100 גרם,false,,14.50,0.0580,true,1,30151
7290014094628,false,פקאן טבעי 200 ג' בקופסא,ששון הקולה,,פקאן טבעי 200גר ששון,גרמים,200.00,100 גרם,false,,22.20,0.1110,true,1,30153
7290014094642,false,קשיו טבעי גדול בקופס,"דין שיווק וקליה בע""מ",,קשיו טבעי 200 גר' שש,גרמים,200.00,100 גרם,false,,21.30,0.1065,true,1,30155
7290014094659,false,בונדוק טבעי בקופסא 2,דין שיווק,IL,אגוז לוז טבעי 250 גר,גרמים,250.00,100 גרם,false,,21.30,0.0852,true,1,30156
7290014094864,false,פיסטוק קלוי ששון הקו,"דין שיווק וקליה בע""מ",IL,פיסטוק קלוי 170 גרם,גרמים,170.00,100 גרם,false,,14.50,0.0853,true,1,30158
7290014094895,false,אגוזים קלופים ששון הקולה 150 ג',,,אגוז מלך 150גר ששון,גרמים,150.00,100 גרם,false,,9.40,0.0627,true,1,30159
7290014095861,false,שיבולת שועל דקה להכנה מהירה,"דין שיווק וקליה בע""מ",IL,שיבולת שועל דקה קווא,גרמים,500.00,100 גרם,false,,4.20,0.0084,true,1,31450
7290014095946,false,משוקלדים פקאן בשוקולד מריר 140 גרם,"דין שיווק וקליה בע""מ",IL,פקאן בציפוי שוקולד מ,גרמים,140.00,100 גרם,false,,9.30,0.0664,true,1,31451
7290014095953,false,משוקלדים פקאן בשוקולד חלב 140 ג',שקדיה גבע בתעשיות עמ,IL,שקדיה פקאן בשוקולד ח,גרמים,160.00,100 גרם,false,,9.30,0.0581,true,1,88750
7290014204560,false,"פנינהרוזנבלום- סבון נוזלי לידיים שלישיה,3*500 מ""ל",,,סבון נוזלי פנינה רוז,ליטרים,1.50,ליטר,false,,8.50,5.6667,true,1,9035
7290014217140,false,תבלין ראס אל חנות טעם וריח 100ג',תות ממתקי איכות,IL,תבלין ראס אל חנות טע,גרמים,100.00,100 גרם,false,,7.70,0.0770,true,1,22987
7290014217225,false,תבלין גריל עוף מיכל 120גר,תות ממתקי איכות,IL,טעם וריח גריל עוף מי,גרמים,120.00,100 גרם,false,,9.20,0.0767,true,1,22988
7290014218932,false,חטיפי פיצה בתוספת זיתים 710 ג' מעדנות,מיוצר עי קונדיטוריית,IL,חטיפי פיצה בתוספת זי,גרמים,710.00,100 גרם,false,,23.70,0.0334,true,1,19542
7290014325036,false,סוכריות ג'לי עטופות שמחות 600גרם,מיה תעשיות מזון בעמ,IL,ג'לי שמחות 600 גרם,גרמים,600.00,100 גרם,false,,16.20,0.0270,true,1,7643
7290014325050,false,קורנפלור מיה 500 גרם,מיה תעשיות מזון בעמ,IL,מיה קורנפלור 500גרם,גרמים,500.00,100 גרם,false,,3.30,0.0066,true,1,7645
7290014397286,false,מרכך כביסה מקסימה מרוכז חלב ודבש 1 ל' סנו,סנו מקסימה,IL,סנו מקסימה קר מרכך מ,ליטרים,1.00,ליטר,false,,16.20,16.2000,true,1,15941
7290014397767,false,סנו ריצפז פרש הום 2 ליטר בניחוח כותנה-מרכז,"סנו מפעלי ברונוס בע""",IL,ריצפז פרש הום כותנה,ליטרים,2.00,ליטר,false,,18.70,9.3500,true,1,15953
7290014435704,false,סלמון מעושן 100גר' שמיר,שבעת הימים - שמיר,IL,סלמון מעושן סלטי שמי,גרמים,100.00,100 גרם,false,,20.40,0.2040,true,1,8828
7290014455320,false,גבינה כדורי מוצרלה פרסקה גד 100ג',מחלבות גד בעמ,IL,גד כדור מוצרלה פרסקה,גרמים,100.00,100 גרם,false,,8.10,0.0810,true,1,7338
7290014455467,false,ירח מתוק מעדן חלב 2% ושיבולת שועל גד 150ג',מחלבות גד,IL,גד מעדן שיבולת שועל,מיליליטרים,150.00,"100 מ""ל",false,,5.50,0.0367,true,1,7339
7290014459472,false,"צ'יפס תפוגן קלאסי 2 ק""ג",עיצובים 2020 (4.5),,תפוגן צ`יפס קלאסי 2,קילוגרמים,2.00,"ק""ג",false,,21.30,10.6500,true,1,10014
7290014466609,false,יין גמלא מרלו 2012 750 מ,יקב רמת הגולן,IL,יין גמלא מרלו 2012 7,מיליליטרים,750.00,"100 מ""ל",false,,47.80,0.0637,true,1,22684
7290014471412,false,"מוזלי בוטנים אגוזים ושקדים 1 ק""ג - 412 ירוק שקדיה",דין שיווק,IL,מוזלי בוטנים אגוזים,קילוגרמים,1.00,"ק""ג",false,,16.20,16.2000,true,1,31453
7290014471429,false,"מוזלי עם פירות 1 ק""ג - 429 סגול שקדיה",דין שיווק,IL,מוזלי פירות עם פירות,קילוגרמים,1.00,"ק""ג",false,,16.20,16.2000,true,1,31454
7290014471436,false,"מיזלי צימוקים תפוח קינמון וגרעיני חמניה שקדיה 1ק""ג",דין שיווק,IL,מוזלי צימוקים תפוח ק,קילוגרמים,1.00,"ק""ג",false,,16.20,16.2000,true,1,31455
7290014471443,false,"גרנולה צימוקים אגוזים ושקדים1 ק""ג חדש - 443 כתום שקדיה (כתום)",דין שיווק,IL,גרנולה צימוקים אגוזי,קילוגרמים,1.00,"ק""ג",false,,16.20,16.2000,true,1,31456
7290014472235,false,פקאן סיני מסוכר בקופ,ששון הקולה,,פקאן סיני מסוכר בקופ,גרמים,200.00,100 גרם,false,,21.30,0.1065,true,1,30163
7290014472471,false,גרעינים שחור ענק 200גר' פרימיום,דין שיווק,IL,גרעין שחור ענק 200 ג,גרמים,200.00,100 גרם,false,,5.90,0.0295,true,1,30164
7290014472495,false,קשיו קלוי ענק פרימיו,דין שיווק,IL,קשיו קלוי ענק פרימיו,גרמים,250.00,100 גרם,false,,18.80,0.0752,true,1,30166
7290014472501,false,פיסטוק קלוי ענק 250 ג' פרימיום,דין שיווק,IL,פיסטוק קלוי ענק 250,גרמים,250.00,100 גרם,false,,22.20,0.0888,true,1,30167
7290014636378,false,סט מצעים זוגי סטאן ר,,,סט מצעים זוגי סטאן ר,יחידה,0.00,יחידה,false,,85.40,0.0000,true,1,7850
7290014636545,false,שלישית מגבות מטבח ג'קרד,,,שלישית מגבות מטבח פס,יחידה,0.00,יחידה,false,,17.10,0.0000,true,1,34463
7290014673434,false,פלפל שחור גרוס דק בש,,,פלפל שחור גרוס דק בש,גרמים,80.00,100 גרם,false,,7.60,0.0950,true,1,233
7290014692299,false,גבינת ברי 125 ג' קסטיאלו ויליפוד,יורו צ'יז Euro Cheese,DK,גבינת ברי 125 גרם EU,גרמים,125.00,100 גרם,false,,12.80,0.1024,true,1,31692
7290014692541,false,גבינת מגורדת 500ג' GOLDEN,ג.וילי פוד אינטרנשיו,IL,גולדן צהובה מגורדת 5,גרמים,500.00,100 גרם,false,,11.90,0.0238,true,1,1682
7290014731264,false,כוסות לשתייה קרה 100 יחי',,,כוסות לשתיה קרה חד פ,יח',100.00,יח',false,,5.90,0.0590,true,1,28761
7290014731271,false,כוסות שתיה קרה 80 יח,,,כוסות שתיה קרה 80 יח,יחידה,0.00,יחידה,false,,5.10,0.0000,true,1,63132
7290014748613,false,דג טוב מקלוני דגים בציפוי ציפס 600גר,עיצובים 2020 (4.9),IL,דג טוב מקלוני דגים ב,גרמים,600.00,100 גרם,false,,24.70,0.0412,true,1,10031
7290014748651,false,דג טוב פילה אמנון מצופה נתחי שלם 360גר,מוצרי עוף טוב (2001),IL,דג טוב פילה אמנון מצ,גרמים,360.00,100 גרם,false,,28.10,0.0781,true,1,10032
7290014749245,false,ספיישל רצועות שניצל שומשום עוף טוב 600 גרם,מוצרי עוף טוב (2001),IL,רצועות שניצל שומשום,גרמים,600.00,100 גרם,false,,26.40,0.0440,true,1,10041
7290014749702,false,שניצל עוף ביתי שומשו,מוצרי עוף טוב (2001),IL,ש.עוף ביתי עם שומשום,גרמים,700.00,100 גרם,false,,33.20,0.0474,true,1,10045
7290014749887,false,עוף טוב שניצל עוף דק ענק קריספי קלאסי,מולינו ניקולי s.p.a,IL,שניצל עוף דקיק ענקיס,גרמים,720.00,100 גרם,false,,26.40,0.0367,true,1,10054
7290014758100,false,מאגדת יוגורט ביו 3% שומן 8 יח' *150ג' תנובה,מיוצר עי קונדיטוריית,IL,יוגורט תנובה 3% 8*15,קילוגרמים,1.20,"ק""ג",false,,14.40,12.0000,true,1,13518
7290014758681,false,קוטג' תנובה 1% גביע 250 ג',מיוצר עי קונדיטוריית,IL,קוטג תנובה 1% 250ג,גרמים,250.00,100 גרם,false,,4.60,0.0184,true,1,13522
7290014759084,false,גבינת שמנת 16% בטעם טבעי 225 ג' נפוליאון,תנובה מרכז שיתופי לש,IL,נפוליאון 16% 225גר,גרמים,225.00,100 גרם,false,,12.40,0.0551,true,1,13523
7290014760134,false,מעדן סויה בטעם וניל אלטרנטיב,תנובה Alternative,IL,גביע מעדן סויה בטעם,גרמים,125.00,100 גרם,false,,3.50,0.0280,true,1,13532
7290014760141,false,משקה שקדים תנובה E אלטרנטיב,תנובה Alternative,IL,תנובה משקה שקדים טרי,יחידה,0.00,יחידה,false,,11.50,0.0000,true,1,13533
7290014760448,false,גבינה צהובה גלבוע 400 גרם 22% שומן תנובה,מחלבת בית יצחק,IL,גלבוע 22% 400 גרם,גרמים,400.00,100 גרם,false,,21.50,0.0538,true,1,13534
7290014760912,false,פרוסות גבינה 28% שומן 400 ג' גוש חלב,תנובה מרכז שיתופי לש,IL,גוש חלב 28% מהדרין 4,גרמים,400.00,100 גרם,false,,22.60,0.0565,true,1,13536
7290014761063,false,מעדן שוקולד מריר מעולה 123 ג' יולו,מיוצר עי קונדיטוריית,IL,יולו שוקולד מריר מעו,גרמים,122.00,100 גרם,false,,4.40,0.0361,true,1,13539
7290014761070,false,מעדן שוקולד לבן מעולה 123 ג' יולו,מיוצר עי קונדיטוריית,IL,יולו שוקולד לבן מעול,גרמים,122.00,100 גרם,false,,4.40,0.0361,true,1,13540
7290014761414,false,מעדן שכבות שוקולד חלב ולבן 123 ג' יולו,מיוצר עי קונדיטוריית,IL,יולו מעדן שכבות שוקו,גרמים,122.00,100 גרם,false,,4.40,0.0361,true,1,13544
7290014761612,false,מעדן עם שוקולד מריר ולבן 122 ג' יולו,מיוצר עי קונדיטוריית,IL,יולו שכבות שוקולד מר,גרמים,122.00,100 גרם,false,,4.40,0.0361,true,1,13545
7290014762756,false,נפוליאון גבינת שמנת עם בצל 16% שומן,הרדוף חלב,IL,נפוליאון 16% עם בצל,גרמים,225.00,100 גרם,false,,12.40,0.0551,true,1,13549
7290014762800,false,מעדן סויה שוקולד גביע 125 גרם אלטרנטיב,תנובה מרכז שיתופי לש,IL,גביע מעדן סויה בטעם,גרמים,125.00,100 גרם,false,,3.50,0.0280,true,1,13554
7290014762831,false,גבינת שמנת חלפיניו 24% שומן 225 ג' נפוליאון,תנובה מרכז שיתופי לש,IL,גבינת שמנת נפוליאון,גרמים,225.00,100 גרם,false,,12.40,0.0551,true,1,13555
7290014762909,false,פתיתי מוצרלה 20% שומן 200 ג' השף הלבן,"תנובה, מחלבת תל יוסף",IL,פתיתי מוצרלה 200 גר`,גרמים,200.00,100 גרם,false,,13.60,0.0680,true,1,13557
7290014762947,false,לאבנה גלילית 11% שומן 750 ג' פיראוס,תנובה,IL,לאבנה גלילית פיראוס,גרמים,750.00,100 גרם,false,,20.40,0.0272,true,1,13558
7290014763098,false,קרם גבינת שמנת 5% עם פלפל שום ובצל 200 ג' תנובה,תנובה,IL,קרם גבינת שמנת 5% טו,גרמים,200.00,100 גרם,false,,10.30,0.0515,true,1,13560
7290014763272,false,יוגורט סויה BIO לשתייה תות ובננה אלטרנטיב,תות תעשיות מזון (201,IL,משקה סויה ביו עם תות,מיליליטרים,250.00,"100 מ""ל",false,,4.40,0.0176,true,1,13561
7290014855434,false,מגבונים בייביסיטר פרפורמנס מבושם רביעיה,בייביסיטר Babysitter,,בייביסיטר פרפורמנס מ,יחידה,0.00,יחידה,false,,12.70,0.0000,true,1,15414
7290014855458,false,מגבוני בייביסיטר פרפורמנס ללא בישום מארז 72X4יח',בייביסיטר Babysitter,,מגבוני בייבי פרפורמנ,יחידה,0.00,יחידה,false,,12.70,0.0000,true,1,15415
7290014901308,false,"סנסודיין משחת שיניים להגנה מלאה 75 מ""ל - סדרת פרמיום",סמית קליין ביצ'ם,GB,משחת שיניים הגנה מלא,מיליליטרים,75.00,"100 מ""ל",false,,20.40,0.2720,true,1,2000
7290014905160,false,"הפי מטהר אוויר פניני ריח בניחוחות, 130 גרם",יוליניבר,IT,הפי פניני ריח תפוז\ו,גרמים,130.00,100 גרם,false,,10.20,0.0785,true,1,5702
7290014905689,false,"נוזל כלים הפי מרוכז 24% תפוח 750 מ""ל",וונדפוט,BE,הפי לכלים ירוק תפוח,מיליליטרים,750.00,"100 מ""ל",false,,6.80,0.0091,true,1,5706
7290014910461,false,"ערק יודה 700 מ""ל כשל",,,"ערק יודה 700 מ""ל כשל",מיליליטרים,700.00,"100 מ""ל",false,,52.10,0.0744,true,1,5600
7290014940901,false,לחם פשוט מלא 750 ג' אנג'ל,מאפית אנגל,IL,לחם פשוט מלא אנגל 75,גרמים,750.00,100 גרם,false,,12.70,0.0169,true,1,19398
7290015009317,false,נאצוס חטיף תירס טבעי,אוקי סנייקס,DK,חטיף  נאצ'וס טבעי צה,גרמים,200.00,100 גרם,false,,11.00,0.0550,true,1,20667
7290015025959,false,מגבונים לחים בניחוח עדין מכיל תמציות קשמיר ומשי,עלבד משואות יצחק,IL,מגבוני פרש וואנס רבי,יחידה,0.00,יחידה,false,,12.70,0.0000,true,1,2821
7290015033299,false,פרורי לחם קלאסי שקית,חטיפים מן הארץ,,פרורי לחם קלאסי שקית,גרמים,400.00,100 גרם,false,,4.30,0.0107,true,1,108418
7290015039246,false,נתחי טונה בשמן צמחי רביעיה * 160 ג' וילי פוד,וילי פוד,TH,טונה בהירה בשמן וילי,גרמים,640.00,100 גרם,false,,18.30,0.0286,true,1,1685
7290015039338,false,נתחי טונה במי מלח רביעיה * 160 ג' וילי פוד,וילי פוד,,טונה במי מלח ויליפוד,גרמים,640.00,100 גרם,false,,18.30,0.0286,true,1,1686
7290015150118,false,עגבניות חתוכות דק בלה איטליה 3*400 ג',אמיליאנה קונסרב ס.פ.,IT,עגבניות חתוכות דק בל,גרמים,400.00,100 גרם,false,,14.40,0.0360,true,1,12762
7290015155823,false,מחית תפוחי עץ חטיפטף ללא תוספת סוכר,פרוטה פודיווין איי.א,CZ,פאוץ' פרינוק מחית תפ,גרמים,120.00,100 גרם,false,,5.10,0.0425,true,1,29621
7290015155830,false,מחית תפוחי עץ ובננה חטיפטף ללא תוספת סוכר,פרוטה פודיווין,CZ,פאוץ' פרינוק מחית תפ,גרמים,120.00,100 גרם,false,,5.10,0.0425,true,1,29622
7290015164832,false,מחית קארי ירוקה מזרח,טאפאדונגפורן קוקינט,TH,מחית ירוקה על בסיס ק,גרמים,400.00,100 גרם,false,,17.10,0.0428,true,1,80219
7290015251174,false,"שלישיית סבון ידים ירוק נובו 500 מ""ל",סאסאטק,IL,נובו סבון ידיים ירוק,ליטרים,1.50,ליטר,false,,8.50,5.6667,true,1,21382
7290015251204,false,"נובו שלישיית סבון ידיים ורוד 500מ""ל",סאסאטק,IL,סבון ידיים ורוד נובו,ליטרים,1.50,ליטר,false,,8.50,5.6667,true,1,21385
7290015253321,false,"פחם 2 ק""ג ירוק פרימי",,CN,"פחם 2 ק""ג ירוק פרימי",קילוגרמים,2.00,"ק""ג",false,,11.90,5.9500,true,1,28765
7290015282581,false,חומוס שמיר אבו גוש עם חריף 200 גר',"סלטי שמיר 2006 בע""מ",IL,חומוס אבו גוש עם חרי,גרמים,200.00,100 גרם,false,,9.30,0.0465,true,1,8854
7290015282598,false,חומוס שמיר מסעדות 200 גר',"סלטי שמיר 2006 בע""מ",IL,חומוס מסעדות,גרמים,200.00,100 גרם,false,,9.30,0.0465,true,1,8855
7290015282604,false,טחינה שמיר מיוחדת גורמה 200ג',"סלטי שמיר 2006 בע""מ",IL,טחינה מיוחדת,גרמים,200.00,100 גרם,false,,9.30,0.0465,true,1,8856
7290015282628,false,חציל שמיר בטעם כבד 200 גר',"סלטי שמיר 2006 בע""מ",IL,חציל בטעם כבד סלטי ש,גרמים,200.00,100 גרם,false,,11.00,0.0550,true,1,8858
7290015282635,false,חומוס שמיר מסבחה 200 גר',"סלטי שמיר 2006 בע""מ",IL,חומוס מסבחה,גרמים,200.00,100 גרם,false,,9.30,0.0465,true,1,8859
7290015282642,false,חומוס שמיר אבו גוש 200 גר',"סלטי שמיר 2006 בע""מ",IL,חומוס אבו גוש,גרמים,200.00,100 גרם,false,,9.30,0.0465,true,1,8860
7290015282673,false,חציל שמיר במיונז ביתי 200 גורמה גר',"סלטי שמיר 2006 בע""מ",IL,חציל במיונז ביתי,גרמים,200.00,100 גרם,false,,9.30,0.0465,true,1,8862
7290015282710,false,קוביות סלק שמיר 200 גר',"סלטי שמיר 2006 בע""מ",IL,קוביות סלק סלטי שמיר,גרמים,200.00,100 גרם,false,,9.30,0.0465,true,1,8865
7290015282796,false,"סלט תפו""א שמיר במיונז 200ג'","סלטי שמיר 2006 בע""מ",IL,סלט תפוח אדמה 200 ג,גרמים,200.00,100 גרם,false,,11.00,0.0550,true,1,8871
7290015324007,false,תבלין פלפל שחור גרוס 80 ג',תות ממתקי איכות,IL,טעם וריח פלפל שחור ג,גרמים,80.00,100 גרם,false,,8.50,0.1063,true,1,22992
7290015324014,false,תבלין פלפל שחור טחון 80 ג',תות ממתקי איכות,IL,טעם וריח פלפל שחור ט,גרמים,80.00,100 גרם,false,,8.50,0.1063,true,1,22993
7290015324052,false,תבלין פפריקה מתוקה 80 ג',תות ממתקי איכות,IL,טעם וריח פפריקה מתוק,גרמים,80.00,100 גרם,false,,5.60,0.0700,true,1,22996
7290015324069,false,תערובת תיבול גריל עוף,תות ממתקי איכות,IL,טעם וריח גריל עוף שק,גרמים,80.00,100 גרם,false,,5.60,0.0700,true,1,22997
7290015324076,false,טעם וריח זעתר שקית 8,תות ממתקי איכות,IL,טעם וריח זעתר שקית 8,גרמים,80.00,100 גרם,false,,5.10,0.0637,true,1,22998
7290015324083,false,טעם וריח מלח לימון ש,תות ממתקי איכות,IL,טעם וריח מלח לימון ש,גרמים,80.00,100 גרם,false,,5.60,0.0700,true,1,22999
7290015324090,false,תבלין כמון טחון 80 ג',תות ממתקי איכות,IL,טעם וריח כמון שקית 8,גרמים,80.00,100 גרם,false,,5.80,0.0725,true,1,23000
7290015324106,false,תבלין כורכום טחון 80 גר',תות ממתקי איכות,IL,טעם וריח כורכום שקית,גרמים,80.00,100 גרם,false,,5.80,0.0725,true,1,23001
7290015324113,false,טעם וריח בהרט שקית 8,תות ממתקי איכות,IL,טעם וריח בהרט שקית 8,גרמים,80.00,100 גרם,false,,5.10,0.0637,true,1,23002
7290015324120,false,טעם וריח שום גבישי ב,תות ממתקי איכות,IL,טעם וריח שום גבישי ב,גרמים,80.00,100 גרם,false,,8.60,0.1075,true,1,23003
7290015324151,false,תבלין חוויאג למרק ב,תות ממתקי איכות,IL,תבלין חוויאג למרק ב,גרמים,80.00,100 גרם,false,,5.10,0.0637,true,1,23004
7290015324168,false,תבלין על האש תיבול 80 גר' שק',תות ממתקי איכות,IL,תערובת תיבול על האש,גרמים,80.00,100 גרם,false,,6.00,0.0750,true,1,23005
7290015324175,false,תבלין שווארמה תיבול 80 גר' שק',תבליני טעם וריח,IL,תערובת תיבול לשווארמ,גרמים,80.00,100 גרם,false,,6.00,0.0750,true,1,23006
7290015324748,false,"מחית שום וג`ינגר `טעם וריח', 210 גרם",,,מחית שום וג'ינג'ר 21,גרמים,210.00,100 גרם,false,,11.90,0.0567,true,1,45305
7290015328791,false,נרות חנוכה צבעוניים,,,נרות חנוכה צבעוניים,יחידה,0.00,יחידה,false,,3.40,0.0000,true,1,6738
7290015328814,false,צמרוני אוזניים 300 יחידות,,,צימרוני אוזניים לירו,יחידה,0.00,יחידה,false,,3.30,0.0000,true,1,6740
7290015328821,false,צמרוני אוזניים שקית 100 יחידות,,,צימרוני אוזניים לירו,יחידה,0.00,יחידה,false,,1.30,0.0000,true,1,6741
7290015347488,false,"סוכר דמררה חום שקית מיה 1 ק""ג",מיה תעשיות מזון בעמ,IL,סוכר דמררה בשקית מיה,קילוגרמים,1.00,"ק""ג",false,,7.60,7.6000,true,1,7668
7290015348089,false,"יין למברוסקו/קאווה ביאנקו לבן 750 מ""ל",vi.mo - גאטטיקו,IT,למברוסקו אמיליאנו לב,מיליליטרים,750.00,"100 מ""ל",false,,21.60,0.0288,true,1,4830
7290015366670,false,משחת שיניים הגנה משולשת מנטה מרענן,אקווה פרש Aquafresh,SK,מש.שיניים מנטה אקווה,גרמים,100.00,100 גרם,false,,6.80,0.0680,true,1,2013
7290015374323,false,קובה ביתי במילוי בשר,,,קובה ביתי במילוי בשר,גרמים,400.00,100 גרם,false,,11.00,0.0275,true,1,28610
7290015437646,false,מחית עגבניות איטלקיו,,,מחית עגבניות איטלקיו,גרמים,680.00,100 גרם,false,,9.40,0.0138,true,1,36278
7290015572033,false,שרי צהוב,,,שרי צהוב,יח',1.00,יח',false,,9.90,9.9000,true,1,26159
7290015603218,false,איטריות בתוספת עגבני,פוגקן לונגהי אנלידה,CN,אטריות עם עגבניות מז,גרמים,454.00,100 גרם,false,,8.50,0.0187,true,1,80031
7290015603522,false,נוזל אגוזי קוקוס 5-7,אסי אטיק גרו אינדוסט,TH,נוזל אגוזי קוקוס 5-7,מיליליטרים,400.00,"100 מ""ל",false,,5.90,0.0148,true,1,40140
7290015603584,false,ג'ינגר לבן כבוש ללא מונוסודיום 160 גרם (כ),לאיווי איפנג פודס קו,TW,ג'ינג'ר לבן כבוש ללא,גרמים,160.00,100 גרם,false,,6.80,0.0425,true,1,80057
7290015603638,false,אורז קלרוז עגול לסושי 1קג,מינה פונג גרין אגריק,CN,אורז עגול קלרוז לסוש,קילוגרמים,1.00,"ק""ג",false,,10.20,10.2000,true,1,40039
7290015644297,false,אנג'ל הלחמניה המלאה 6יח 450 ג',מאפיית שלמה א. אנג'ל,IL,6 לחמניות פשוט מלא א,יחידה,0.00,יחידה,false,,9.80,0.0000,true,1,19399
7290015644426,false,לחם צרפתי חיטה מלאה ודגנים,"איטיליאן פוד, אס.פי.",IL,לחם מחמצת חיטה מלאה,גרמים,600.00,100 גרם,false,,15.30,0.0255,true,1,19400
7290015644433,false,לחם צרפתי שיפון 100% קל,מאפית אנגל,IL,לחם מחמצת 100% שיפון,גרמים,600.00,100 גרם,false,,15.30,0.0255,true,1,19401
7290015652070,false,אגוזי קשיו קלויים שש,דין שיווק,IL,קשיו קלוי 150 גרם שש,גרמים,150.00,100 גרם,false,,11.00,0.0733,true,1,30170
7290015652087,false,תערובת פיצוחים 150 גר' שקדיה,דין שיווק,IL,תערובת פיצוחים 150גר,גרמים,150.00,100 גרם,false,,10.20,0.0680,true,1,30171
7290015652254,false,גרעיני חמניה קלויים 500 ג',דין שיווק,IL,גרעיני חמניה קלויים,גרמים,400.00,100 גרם,false,,8.55,0.0214,true,1,31463
7290015652278,false,תערובת פיצוחים ששון,"דין שיווק וקליה בע""מ",IL,תערובת פיצוחים ששון,גרמים,250.00,100 גרם,false,,17.09,0.0684,true,1,31465
7290015652292,false,קבוקים עם שומשום 400גר,"דין שיווק וקליה בע""מ",IL,קבוקים עם שומשום ששו,גרמים,400.00,100 גרם,false,,8.55,0.0214,true,1,31467
7290015652308,false,מנצ'ס ששון הקולה 300,,,מנצ'ס ששון הקולה 300,גרמים,300.00,100 גרם,false,,8.55,0.0285,true,1,31468
7290015652407,false,פיסטוק קלוי ששון הקו,"דין שיווק וקליה בע""מ",IL,פיסטוק קלוי ששון הקו,גרמים,250.00,100 גרם,false,,17.09,0.0684,true,1,31472
7290015733229,false,תרכובת מזון לתינוקות חלבי שלב 2 אקסטרה קר מהדרין,מטרנה,IL,מטרנה אקסטרה קר מהדר,גרמים,700.00,100 גרם,false,,51.20,0.0731,true,1,9401
7290015766005,false,שרי וויטני יחידה,,,שרי וויטני יחידה,גרמים,500.00,100 גרם,false,,9.90,0.0198,true,1,30042
7290015766029,false,עגבניות שרי כתומות 4,אראל תוצרת חקלאית בע,IL,שרי כתום יח',גרמים,460.00,100 גרם,false,,9.90,0.0215,true,1,30043
7290015766036,false,עגבניות שרי צהובות 4,אראל תוצרת חקלאית בע,IL,שרי צהוב יח',גרמים,460.00,100 גרם,false,,8.90,0.0193,true,1,30044
7290015781275,false,יין טפרברג מוסקטו לב,יקב טפרברג 1870 בעמ,IL,טפרברג מוסקטו לבן 75,מיליליטרים,750.00,"100 מ""ל",false,,34.20,0.0456,true,1,67332
7290015781282,false,"יין גוורצטמינר אימפרשן 750מ""ל",יקב טפרברג 1870,,אימפרשן גוורצטרמינר,מיליליטרים,750.00,"100 מ""ל",false,,42.70,0.0569,true,1,61859
7290015781305,false,"יין אימפרשן סירה 750 מ""ל",יקב טפרברג 1870 בעמ,IL,אימפרשן יין סירה,מיליליטרים,750.00,"100 מ""ל",false,,42.70,0.0569,true,1,61861
7290015855082,false,ברוקולי מיני,,,ברוקולי מיני,יח',1.00,יח',false,,9.90,9.9000,true,1,19488
7290015855143,false,שום קלוף 170גרם,,,שום קלוף,גרמים,170.00,100 גרם,false,,10.20,0.0600,true,1,26786
7290015855181,false,ג'ינג'ר ארוז,,,ג'ינג'ר ארוז,יח',1.00,יח',false,,8.90,8.9000,true,1,19489
7290015855938,false,עלי בייבי 250 גר' אד,,,עלי בייבי 250 גר' אד,גרמים,300.00,100 גרם,false,,11.90,0.0397,true,1,19491
7290015858243,false,ממרח צימיצורי עללחם 180 ג',זאביק יצור ושיווק מז,IL,ממרח צימיצורי עללחם,גרמים,180.00,100 גרם,false,,14.50,0.0806,true,1,12185
7290015858427,false,מארז שלישייה ממרחי עללחם 240 ג',,,מארז שלישיית ממרחים,גרמים,240.00,100 גרם,false,,20.60,0.0858,true,1,59311
7290016006339,false,מים מינרלים - מארז רביעייה,מופק ממקור בזלתי עדן,IL,מי עדן רביעייה 1 ליט,ליטרים,4.00,ליטר,false,,9.50,2.3750,true,1,5931
7290016006346,false,שוופס סודה מארז שישייה * 0.5 ל',יפאורה תבורי בעמ,IL,שוופס סודה שישייה 0.,ליטרים,3.00,ליטר,false,,11.80,3.9333,true,1,5932
7290016087239,false,רוטב עגבניות מרוכז לשקשוקה פיקנט 230 ג' פריניר,,,רוטב עגבניות לשקשוקה,גרמים,240.00,100 גרם,false,,4.20,0.0175,true,1,29631
7290016096491,false,נתחי טונה בהירה בשמן צמחי שלישיה *80ג' פילטונה,,,נתחי טונה בשמן צמחי,גרמים,240.00,100 גרם,false,,10.20,0.0425,true,1,13856
7290016096675,false,טונה בשמן זית פילטונ,,,טונה בשמן זית פילטונ,גרמים,240.00,100 גרם,false,,15.30,0.0638,true,1,13862
7290016096811,false,רביעיית ממרח טונה פילטונה 160 גר'*4,תעשיות פילטונה,IL,ממרח טונה פילטונה רב,גרמים,160.00,100 גרם,false,,17.00,0.1063,true,1,13866
7290016104271,false,ריבת חלב פוליבה 340 גר,,,ריבת חלב 340 גר`,גרמים,340.00,100 גרם,false,,11.10,0.0326,true,1,6760
7290016114300,false,נייר טואלט כפול לילי,חוגלה קימברלי,IL,לילי גליל כפול 16 גל,מטרים,588.00,מטר,false,,28.10,0.0478,true,1,4443
7290016117417,false,כרית יפנית 6 יח,,,כרית יפנית 6 יח,יחידה,0.00,יחידה,false,,7.70,0.0000,true,1,62467
7290016144000,false,"קמח חיטה מלאה נפלאות 80% 1 ק""ג","קמח מלכים בע""מ",IL,קמח חיטה 80% נפלאות,קילוגרמים,1.00,"ק""ג",false,,7.60,7.6000,true,1,26687
7290016144017,false,"קמח חיטה מלאה נפלאות 100% 1 ק""ג",קמח מלכים,IL,קמח חיטה מלאה 100% נ,קילוגרמים,1.00,"ק""ג",false,,7.60,7.6000,true,1,26688
7290016150117,false,סלק אדום מבושל 500 ג' בוואקום,חקלאי,IL,מעדן סלק בוואקום 500,גרמים,500.00,100 גרם,false,,5.10,0.0102,true,1,25940
7290016162219,false,כדורי שוקולד קוקוס קפולסקי 280 גר',קפולסקי שיווק וקמעונ,IL,כדורי שוקולד פרווה,גרמים,280.00,100 גרם,false,,26.40,0.0943,true,1,22078
7290016162264,false,עוגת גבינה רנססנס 450 גר',קפולסקי שיווק וקמעונ,IL,עוגת גבינה רנסנס 450,גרמים,450.00,100 גרם,false,,35.00,0.0778,true,1,22081
7290016188592,false,"יין למברוסקו אדום חצי יבש 750 מ""ל","כד בני דרום בע""מ",IT,למברוסקו אדום ג'אקוב,מיליליטרים,750.00,"100 מ""ל",false,,20.50,0.0273,true,1,32940
7290016188608,false,"יין למברוסקו לבן חצי יבש 750מ""ל",יקב גאקובזי,IT,למברוסקו לבן חצי יבש,מיליליטרים,750.00,"100 מ""ל",false,,20.50,0.0273,true,1,302
7290016197488,false,מטליות מיקרופייבר למשטחים ניקול 3יח',UFO INC,CN,מטלית קסם לשיש מארז,יחידה,0.00,יחידה,false,,10.20,0.0000,true,1,4452
7290016217742,false,חציל בטחינה שמיר 200 ג',"סלטי שמיר 2006 בע""מ",IL,חציל בטחינה סלטי שמי,גרמים,200.00,100 גרם,false,,9.30,0.0465,true,1,8880
7290016246025,false,בארכה מיקס פינוקיות חלווה ללא סוכר 10*20ג,רושדי תעשיות מזון בע,IL,בארכה פנוקיות חלבה ל,גרמים,200.00,100 גרם,false,,10.00,0.0500,true,1,9407
7290016246445,false,טחינה גולמית מעודנת שמשום מלא בארכה 310ג',בארכה,IL,בארכה טחינה גולמית מ,גרמים,310.00,100 גרם,false,,9.30,0.0300,true,1,9411
7290016270907,false,ברוקולי ארוז -גן היר,,,ברוקולי,יח',1.00,יח',false,,9.90,9.9000,true,1,35524
7290016277630,false,צנובר טבעי 150 גרם ש,,,צנובר טבעי 150 גרם ש,גרמים,150.00,100 גרם,false,,26.40,0.1760,true,1,30174
7290016277685,false,שקד מולבן שבבים קופס,,,שקד מולבן שבבים 200,גרמים,200.00,100 גרם,false,,17.00,0.0850,true,1,30178
7290016319187,false,עוגיות סנדוויץ' בטעם שוקולד במילוי קרם בטעם שוקולד,בטר אנד דיפרנט,IL,עוגיות סנדוויץ שוקו,גרמים,300.00,100 גרם,false,,14.40,0.0480,true,1,2827
7290016319194,false,טוסו מארז זוג עוגיות סנדוויץ ללא סוכר שוקו וניל 300 ג',,,עוגיות סנדוויץ שוקו,גרמים,300.00,100 גרם,false,,14.40,0.0480,true,1,2828
7290016319309,false,פמלי פרלי 1ליטר מאסק קלאסי+משאבה,הנסיך- מפעל לייצור ט,TR,אל סבון מאסק+משאבה פ,ליטרים,1.00,ליטר,false,,9.30,9.3000,true,1,2829
7290016320343,false,"דאק נוזל ג'ל לניקוי מתקדם בניחות לבנדר זוג * 750 מ""ל",טואלט דאק Toilet Duck,,דאק ג'ל נוזל לניקוי,ליטרים,1.50,ליטר,false,,12.60,8.4000,true,1,2837
7290016321661,false,מגבונים פרש וואנס סנסיטיב קר רביעיה,עלבד משואות יצחק,IL,מגבוני פרש וואנס רבי,יחידה,0.00,יחידה,false,,12.70,0.0000,true,1,2841
7290016321678,false,מגבונים לחים בניחוח מרענן עם תמציות קמומיל ואלוורה,עלבד משואות יצחק,IL,פרשוואנס רביעייה נטו,יחידה,0.00,יחידה,false,,12.70,0.0000,true,1,2842
7290016334500,false,לבבות חסה זוגות בשקי,,,לבבות חסה זוגות בשקי,יח',1.00,יח',false,,9.90,9.9000,true,1,19495
7290016370300,false,זית קלמטה שלם יבנה 580ג',,,זית קלמטה שלם בצנצנת,גרמים,560.00,100 גרם,false,,12.70,0.0227,true,1,29635
7290016372342,false,עגבניות חתוך קוביות גראנד איטליה מארז 400X3ג',גרנד איטליה Grand Italia,,עגבניות חתוכות לקובי,גרמים,400.00,100 גרם,false,,14.40,0.0360,true,1,12769
7290016372373,false,רסק עגבניות ללא תוספת סוכר ומלח - מארז זוג,גרנד איטליה Grand Italia,,רסק עגבניות איטליה ב,גרמים,280.00,100 גרם,false,,5.00,0.0179,true,1,12771
7290016372489,false,חליטת פירות וצמחים ג'ינג'ר ולימון - אפקט הג'ינג'ר,HIQ FOOD PRODUCTS,IL,סודות הצמחים ג'ינג'ר,גרמים,30.00,100 גרם,false,,14.40,0.4800,true,1,34936
7290016372496,false,חליטת פירות וצמחים בטעם ג'ינג'ר ודבש -אפקט הג'ינג'ר,קריות זול,IL,סודות הצמחים ג'ינג'ר,גרמים,30.00,100 גרם,false,,14.40,0.4800,true,1,34937
7290016387483,false,שייני כריות יפניות דו צדדיות 3 יח',,,3 כריות יפניות דו צד,יחידה,0.00,יחידה,false,,5.60,0.0000,true,1,6976
7290016416961,false,מוס גבינה תות שדה 400 גר',קפולסקי שיווק וקמעונ,IL,עוגת פס מוס גבינה תו,גרמים,400.00,100 גרם,false,,35.00,0.0875,true,1,22082
7290016440652,false,תערובת פרוסות ירקות חמוצים,,,תערובת פרוסות ירקות,גרמים,500.00,100 גרם,false,,17.00,0.0340,true,1,10302
7290016440881,false,ירקות חמוצים בטעם טב,,,ירקות חמוצים בטעם טב,גרמים,500.00,100 גרם,false,,17.00,0.0340,true,1,10303
7290016509793,false,ג'ל לכביסה לבנה וצבעונית אריזת XL,פרסיל Persil,IL,פרסיל ג'ל 4 ליטר ירו,ליטרים,4.00,ליטר,false,,38.40,9.6000,true,1,19110
7290016509809,false,ג'ל מרוכז לכביסה קולור 2.5 ל' פרסיל,פרסיל Persil,IL,פרסיל ג'ל 2.5 ליטר ק,ליטרים,2.50,ליטר,false,,29.90,11.9600,true,1,19111
7290016509823,false,ג'ל לכביסה לבנה וצבעונית בניחוח רענן,פרסיל Persil,,פרסיל ג'ל 2.5 ליטר ב,ליטרים,2.50,ליטר,false,,29.90,11.9600,true,1,19113
7290016509830,false,ג'ל כביסה לבגדי תינוקות ובעלי עור רגיש Sensitive,פרסיל Persil,IL,פרסיל ג'ל 2.5 ליטר ב,ליטרים,2.50,ליטר,false,,29.90,11.9600,true,1,19114
7290016509847,false,ג'ל כביסה לבגדים שחורים וכהים,פרסיל Persil,IL,פרסיל ג'ל 2.5 ליטר ב,ליטרים,2.50,ליטר,false,,29.90,11.9600,true,1,19115
7290016509991,false,פרסיל ג'ל 2.5 ליטר+1,,,פרסיל ג'ל 2.5 ליטר+1,ליטרים,2.50,ליטר,false,,29.90,11.9600,true,1,19116
7290016510249,false,"הוואי - תחליב רחצה יוגורט שקדים 700 מ""ל",תאי פרזידנט פוד פאבל,IL,תחליב רחצה יוגורט שק,מיליליטרים,700.00,"100 מ""ל",false,,7.60,0.0109,true,1,4055
7290016510324,false,"הוואי תחליב רחצה לגבר אריסטבבול 700 מ""ל",,,תחליב רחצה לגבר אירי,מיליליטרים,700.00,"100 מ""ל",false,,7.60,0.0109,true,1,4062
7290016510430,false,"תחליב רחצה הוואי שמני הזנה מגנוליה 700 מ""ל",טרופיקל דגיל,IL,תחליב רחצה בניחוח מג,מיליליטרים,700.00,"100 מ""ל",false,,7.60,0.0109,true,1,4064
7290016510683,false,הוואי סבון נוזלי לידיים 1ליטר,,,הוואי סבון נוזלי שמי,ליטרים,1.00,ליטר,false,,9.30,9.3000,true,1,4065
7290016510768,false,"הוואי - תחליב רחצה יוגורט אוכמניות 700 מ""ל",טרופיקל דגיל,IL,תחליב רחצה יוגורט או,מיליליטרים,700.00,"100 מ""ל",false,,7.60,0.0109,true,1,4066
7290016513684,false,כיסונים כפרי במילוי בשר הודו 750 גר,,,כיסונים כפריים במילו,גרמים,0.75,100 גרם,false,,25.60,34.1333,true,1,72966
7290016564006,false,מבריקל סקוטש הפלא שלישיה,,,מבריקל הפלא,יחידה,0.00,יחידה,false,,8.50,0.0000,true,1,26695
7290016566215,false,אטבי כביסה 18 יחידות סיליקון מוסקו,,,אטבי כביסה 18 יח,יחידה,0.00,יחידה,false,,8.50,0.0000,true,1,7179
7290016601527,false,"מבשם לכביסה ולבית ורוד פלירוסול 500 מ""ל טאצ",,,מבשם עוצמתי לכביסה ו,מיליליטרים,500.00,"100 מ""ל",false,,25.60,0.0512,true,1,34529
7290016621358,false,"ד""ר פישר - קמיל אל סבון ניקיון והזנה ורוד 1 ליטר","ד""ר פישר Dr fischer",,אל סבון ניקיון ולחות,ליטרים,1.00,ליטר,false,,12.70,12.7000,true,1,15290
7290016682182,false,פריניב שייק תמר בננה מופחת סוכר 1 ליטר,פריניב בעמ,IL,שייק תמר בננה מופחת,יחידה,0.00,יחידה,false,,14.50,0.0000,true,1,26872
7290016682250,false,מיץ תפוז וגזר סחוט 1,,,מיץ תפוז וגזר סחוט 1,ליטרים,1.00,ליטר,false,,14.50,14.5000,true,1,85569
7290016682342,false,מיץ תפוזים ולנסיה 2 ליטר,פריניב,IL,פרי ניב מיץ 100% טבע,ליטרים,2.00,ליטר,false,,22.80,11.4000,true,1,26875
7290016717099,false,"יין כרמל סלקטד אדום חצי יבש, 750 מ""ל",יקבי כרמל Carmel Winery,IL,יין סלקטד אדום חצי י,מיליליטרים,750.00,"100 מ""ל",false,,25.60,0.0341,true,1,306
7290016717631,false,יין מוסקטו בעל חוזק אלכוהול נמוך פרייבט קולקשן,אגודת הכורמים הקואופ,IL,יין P.C מוסקטו יין,מיליליטרים,750.00,"100 מ""ל",false,,34.10,0.0455,true,1,309
7290016717754,false,"יין ישן נושן היובל 750 מ""ל",אגודת הכורמים הקואופ,IL,"ישן נושן 750מ""ל.",מיליליטרים,750.00,"100 מ""ל",false,,16.20,0.0216,true,1,310
7290016865943,false,אטריות ביצים פטוציני 400 ג',,,אטריות ביצים פטוצ'ינ,גרמים,400.00,100 גרם,false,,11.90,0.0298,true,1,1938
7290016867039,false,פיתות קלות כוסמין בתוספת מחמצת 6 יח',המאפה של דר מרק בריא,IL,פיתות קלות כוסמין בת,גרמים,324.00,100 גרם,false,,12.80,0.0395,true,1,31373
7290016867114,false,לחם כוסמין קל מלא 500 גר',המאפה של דר מרק בריא,IL,לחם כוסמין קל מלא 50,גרמים,500.00,100 גרם,false,,15.30,0.0306,true,1,31377
7290016867152,false,"פיתות קלות כוסמין ד""ר מרק 5יח'",המאפה של דר מרק בריא,IL,פיתות קלות כוסמין 29,גרמים,292.00,100 גרם,false,,11.90,0.0408,true,1,31381
7290016867176,false,"לחמניות קלות כוסמין שומשום 6יח' ד""ר מרק",המאפה של דר מרק,IL,לחמניות ק. כוסמין שו,גרמים,300.00,100 גרם,false,,11.90,0.0397,true,1,31382
7290016867244,false,לחמניות מחמצת כוסמין 99 קלוריות מארז,המאפה של דר מרק בריא,IL,לחמניות מחמצת כוסמין,גרמים,321.00,100 גרם,false,,12.80,0.0399,true,1,31384
7290016882407,false,מחית חציל קלוי על האש 560 ג',אונטד גידה,TR,מחית חצילים קלויים ג,גרמים,550.00,100 גרם,false,,8.50,0.0155,true,1,31480
7290016967074,false,לחם אנג'ל 100 חיטה מלאה 750 גר',מאפיית שלמה א. אנג'ל,IL,חיטה מלאה אנגל 750 ג,גרמים,750.00,100 גרם,false,,14.40,0.0192,true,1,19402
7290016967456,false,לחם צרפתי מחמצת 100% כוסמין 600 ג' אנג'ל,מאפיית שלמה א.אנג'ל,IL,לחם מחמצת כוסמין אנג,גרמים,600.00,100 גרם,false,,15.30,0.0255,true,1,19403
7290017062662,false,מרכך כביסה מרוכז כתום טאצ 1ל',,,מרכך כביסה מרוכז טאצ,ליטרים,1.00,ליטר,false,,11.00,11.0000,true,1,21401
7290017062686,false,מרכך כביסה מרוכז בייבי טאצ 1ל',סאסאטק,IL,מרכך כביסה מרוכז טאצ,ליטרים,1.00,ליטר,false,,11.00,11.0000,true,1,21402
7290017062693,false,מרכך כביסה מרוכז לבן טאצ 1ל',סאסאטק,IL,מרכך כביסה מרוכז טאצ,ליטרים,1.00,ליטר,false,,11.00,11.0000,true,1,21403
7290017062723,false,מרכך כביסה מרוכז ירוק טאצ 1ל',,,מרכך כביסה מרוכז טאצ,ליטרים,1.00,ליטר,false,,11.00,11.0000,true,1,21404
7290017062730,false,"נוזל כלים 36% לבנדר +משאבה 750 מ""ל",,,נוזל כלים לבנדר 36%,מיליליטרים,750.00,"100 מ""ל",false,,7.60,0.0101,true,1,21405
7290017065007,false,פרוסות גבינה מוצרלה חצי קשה 22% שומן 200 ג' גד,מחלבות גד בעמ,IL,מוצרלה פרוסה חצי קש,גרמים,200.00,100 גרם,false,,16.40,0.0820,true,1,7342
7290017065137,false,ריקוטה למריחה 5% טבעית 200 גרם - רובין,האי נאם סי או אל.טי.,IL,גבינה ריקוטה למריחה,גרמים,200.00,100 גרם,false,,8.70,0.0435,true,1,7343
7290017065212,false,גבינת קרם מסקרפונה מחלבות גד 250 גר,מיוצר עי קוד יצרן ED,IL,קרם מסקרפונה להקצפה,גרמים,250.00,100 גרם,false,,16.50,0.0660,true,1,7345
7290017065236,false,גבינה בולגרית מעודנת 24% גד 250 ג',הנסיך- מפעל לייצור ט,IL,בולגרית מעודנת 24% 2,גרמים,250.00,100 גרם,false,,20.00,0.0800,true,1,7346
7290017065786,false,גבינת צ'דר אנגלית גד 210 ג',מחלבות גד,IL,גבינה אנגלית קשה צ'ד,גרמים,210.00,100 גרם,false,,17.70,0.0843,true,1,32449
7290017068367,false,שמרים בוואקום 125 גר',מיה,IL,מיה שמרים בוואקום 12,גרמים,125.00,100 גרם,false,,4.20,0.0336,true,1,7700
7290017068978,false,שיבולת שועל מלאה להכנה מהירה 500 גר',,,שיבולת שועל מלאה להכ,קילוגרמים,1.00,"ק""ג",false,,8.50,8.5000,true,1,59205
7290017088068,false,בייביסיטר - חיתולי סטנדרט מידה 4 - 42 יח',בייביסיטר Babysitter,,חיתולי ביייביסיטר סט,יח',42.00,יח',false,,29.90,0.7119,true,1,62383
7290017088099,false,בייביסיטר - חיתולי סטנדרט מידה 6 - 30 יח',בייביסיטר Babysitter,,חיתולי ביייביסיטר סט,יח',34.00,יח',false,,29.90,0.8794,true,1,62386
7290017088631,false,מגבוני תולי רביעייה ללא בישום 72X4 יח',,,מגבון Tooly רביעייה,יחידה,0.00,יחידה,false,,8.50,0.0000,true,1,15429
7290017088693,false,קוויק מגבונים לניקוי וחיטוי רצפות בניחוח לוונדר 10 יחי',,,מגבונים לניקוי וחיטו,יח',10.00,יח',false,,7.50,0.7500,true,1,15431
7290017088815,false,BREEZE תחבושות לבריחת שתן נורמל(12 יח),בריז Breeze,,תחבושות Breeze לבריח,יח',12.00,יח',false,,16.20,1.3500,true,1,31929
7290017088914,false,מגבונים בייביסיטר מבושם 66X6 יח',,,מגבונים מבושם בייביס,יחידה,0.00,יחידה,false,,14.40,0.0000,true,1,15435
7290017088983,false,חיתולי בייביסיטר ניו בורן מידה 2 38 יחי',,,חיתולי בייביסיטר NB,יחידה,0.00,יחידה,false,,25.60,0.0000,true,1,15437
7290017105062,false,חומוס OZ6 יכין 200 ג,היינץ צפון אמריקה מק,IL,חומוס 6OZ יכין 200 ג,גרמים,200.00,100 גרם,false,,3.30,0.0165,true,1,4260
7290017105079,false,שעועית אפויה OZ6 יכי,היינץ צפון אמריקה מק,IL,שעועית אפויה 6OZ יכי,גרמים,200.00,100 גרם,false,,3.30,0.0165,true,1,4261
7290017105086,false,שעועית צילי OZ6 יכין,"זנלכל בע""מ",IL,שעועית צ'ילי 6OZ יכי,גרמים,200.00,100 גרם,false,,3.30,0.0165,true,1,4262
7290017105468,false,שלישיית אפונה קטן -,קשקמט קונסרב הונגריה,HU,אפונה יכין 3*120 גרם,גרמים,360.00,100 גרם,false,,11.90,0.0331,true,1,4266
7290017105895,false,גרגרי חומוס להכנת חומוס 550 גרם יכין,זנלכל,IL,גרגרי חומוס מסעדות י,גרמים,550.00,100 גרם,false,,8.50,0.0155,true,1,4271
7290017129822,false,מטבעות שוקולד מריר 36 ג' !..,כרמית,IL,לני מטבעות שוקולד מר,גרמים,36.00,100 גרם,false,,3.30,0.0917,true,1,21742
7290017140056,false,קמח חומוס שי של הטבע,,,קמח חומוס שי של הטבע,גרמים,500.00,100 גרם,false,,13.60,0.0272,true,1,32498
7290017140063,false,קמח עדשים אדומות שי,,,קמח עדשים אדומות שי,גרמים,500.00,100 גרם,false,,13.60,0.0272,true,1,32499
7290017142005,false,"שמן קוקוס אורגני עץ הזית צנצנת 320מ""ל",עץ הזית,,שמן קוקוס אורגני כתי,מיליליטרים,320.00,"100 מ""ל",false,,26.40,0.0825,true,1,8599
7290017142111,false,פתיתי טונה בהירה בשמ,,,פתיתי טונה בהירה בשמ,גרמים,85.00,100 גרם,false,,5.90,0.0694,true,1,8601
7290017142128,false,"שמן זית כתית מעולה עץ הזית 750 מ""ל",שמן תעשיות,,שמן זית כתית מעולה ק,מיליליטרים,750.00,"100 מ""ל",false,,29.00,0.0387,true,1,8602
7290017142180,false,פילה פרוס ושמן זית בנגיעות טעם לימון ופלפל שחור,"יוניקורד ח.צ בע""מ",TH,פילה טונה פרוס זית ל,גרמים,120.00,100 גרם,false,,10.20,0.0850,true,1,8605
7290017142234,false,טונה בטעם מעושן טו גו 85 ג',,,פתיתי טונה בהירה בשמ,גרמים,85.00,100 גרם,false,,5.90,0.0694,true,1,8607
7290017142289,false,"תרסיס חמניות ללא גז 200 מ""ל עץ הזית",שמן תעשיות,,תרסיס שמן חמניות עץ,מיליליטרים,200.00,"100 מ""ל",false,,13.40,0.0670,true,1,8610
7290017142340,false,שמן זרעי ענבים מזוכך 1 ל',עץ השדה,IL,שמן זרעי ענבים מזוכך,ליטרים,1.00,ליטר,false,,25.50,25.5000,true,1,8611
7290017142371,false,"שמן שומשום 250 מ""ל עץ הזית",עץ הזית,,שמן שומשום לא מזוכך,מיליליטרים,250.00,"100 מ""ל",false,,25.50,0.1020,true,1,8613
7290017142388,false,שמן חמניות אומגה 3 פלוס 1 ליטר עץ הזית,עץ הזית,,שמן חמניות פלוס אומג,ליטרים,1.00,ליטר,false,,13.60,13.6000,true,1,8614
7290017189246,false,מיני פנקייק אפוי וופ,,,מיני פנקייק קפוא 500,גרמים,500.00,100 גרם,false,,19.60,0.0392,true,1,10307
7290017239767,false,מקלות סורימי ארוז 54,,,מקלות סורימי ארוז 54,גרמים,150.00,100 גרם,false,,17.10,0.1140,true,1,34490
7290017266046,false,וופל קראנצ' שוקולד מארז 30 יח',,,חטיף וופל קראנצ במיל,גרמים,600.00,100 גרם,false,,15.30,0.0255,true,1,29641
7290017266725,false,מארז וופל במילוי קרם בטעם שוקולד 12 גרם*40 יח',,,חטיף וופל קראנצ' במ,גרמים,480.00,100 גרם,false,,15.30,0.0319,true,1,29642
7290017297323,false,רוטב עגבניות מרוכז 100 גר' 22 BX טל וטרי,"מילוז(1989)בע""""מ",,רוטב עגבניות טל 22%,גרמים,100.00,100 גרם,false,,1.60,0.0160,true,1,4153
7290017304885,false,לחם שיפון מחיטה מלאה ללא תוספת סוכר 750 ג' אנג'ל,מאפית אנגל,IL,לחם שיפון וחיטה מלאה,גרמים,750.00,100 גרם,false,,14.40,0.0192,true,1,19408
7290017440279,false,"ד""ר פישר - קידס אל סבון ויטמינים 750 מ""ל",,IL,"ד""ר פישר אל סבון קי",מיליליטרים,750.00,"100 מ""ל",false,,14.40,0.0192,true,1,15304
7290017457710,false,"מרכך כביסה סוד מרוכז ארומתרפי סגול 900 מ""ל",,,מרכך כביסה מרוכז סוד,מיליליטרים,900.00,"100 מ""ל",false,,10.20,0.0113,true,1,19128
7290017457932,false,סוד מרכך כביסה מרוכז פרש קונטרול כחול,הנקל סוד,IL,מרכך כביסה מרוכז סוד,מיליליטרים,900.00,"100 מ""ל",false,,10.20,0.0113,true,1,19141
7290017599250,false,סוכרזית קלאסי 120 שקיות,ביסקול בע''מ,IL,סוכרזית קלאסי ממתיק,גרמים,120.00,100 גרם,false,,14.50,0.1208,true,1,79940
7290017599274,false,סוכרזית סטיוויה 120 שקיות,ביסקול בע''מ,IL,סוכרזית סטיוויה ממת,גרמים,120.00,100 גרם,false,,21.30,0.1775,true,1,81126
7290017617046,false,נתחי טונה בשמן זית כתית מעולה רביעיה * 140 ג',דרדנל,TR,טונה בשמן זית סטארקי,גרמים,560.00,100 גרם,false,,21.30,0.0380,true,1,13904
7290017619378,false,מפיץ ריח עם מקלות 12,,,מפיץ ריח עם מקלות 12,מיליליטרים,120.00,"100 מ""ל",false,,34.10,0.2842,true,1,7184
7290017647425,false,יין גמלא קברנה סוביניון 2018 750 מל,יקב רמת הגולן,IL,יין גמלא קברנה סובינ,מיליליטרים,750.00,"100 מ""ל",false,,58.10,0.0775,true,1,22689
7290017682945,true,מגב SILICONE - ONE ח,,,מגב SILICONE - ONE ח,יחידה,0.00,יחידה,false,,21.30,0.0000,true,1,6991
7290017724089,false,עוגיות ואן גוך אקלר,,,עוגיות ואן גוך אקלר,גרמים,200.00,100 גרם,false,,20.40,0.1020,true,1,34254
7290017724102,false,עוגיות סיגרים תמרים/,אקלר,IL,עוגיות סיגרים תמרים/,גרמים,250.00,100 גרם,false,,20.40,0.0816,true,1,34260
7290017812069,false,יין אמרלד ריזלינג שרדונה אקסלנס Excellence,יקבי כרמל Carmel Winery,IL,אקסלנס ריזלינג שרדונ,מיליליטרים,750.00,"100 מ""ל",false,,22.20,0.0296,true,1,313
7290017812380,false,תירוש מיץ ענבים אדום,,,תירוש מיץ ענבים אדום,מיליליטרים,750.00,"100 מ""ל",false,,11.10,0.0148,true,1,316
7290017812571,false,מיץ ענבים אדום 100% טבעי 1 ליטר,יקבי כרמל Carmel Winery,IL,תירוש מיץ ענבים אדום,ליטרים,1.00,ליטר,false,,17.10,17.1000,true,1,317
7290017812588,false,מיץ ענבים לבן 100% טבעי 1 ליטר,יקבי כרמל Carmel Winery,IL,תירוש מיץ ענבים לבן,ליטרים,1.00,ליטר,false,,17.10,17.1000,true,1,318
7290017812618,false,מיץ ענבים תירוש רוזה 1 ליטר.,קריות זול,,מיץ ענבים רוזה תירוש,ליטרים,1.00,ליטר,false,,17.10,17.1000,true,1,320
7290017812656,false,תירוש מבעבע מיץ ענבים מבעבע אדום,מנדלז סי.אר. פרודקשן,IL,תירוש אדום מבעבע יקב,מיליליטרים,750.00,"100 מ""ל",false,,17.90,0.0239,true,1,321
7290017812878,false,"יין אקסלנס רוזה 750 מ""ל",קריות זול,IL,יין רוזה אקסלנס יקבי,מיליליטרים,750.00,"100 מ""ל",false,,22.20,0.0296,true,1,328
7290017812885,false,יין קברנה סוביניון בלאן גוורצטרמינר,אגודת הכורמים א.ת אל,IL,יין פרייבט קולקשן גו,מיליליטרים,750.00,"100 מ""ל",false,,34.10,0.0455,true,1,329
7290017816012,false,קרם קרקר כוסמין 250 גר',,,קרם קרקר מקור הכוסמי,גרמים,250.00,100 גרם,false,,12.80,0.0512,true,1,32511
7290017872056,false,"פמלי אל סבון סדרה לבנה- שלישייה 500 מ""ל",אברנסל קוסמטיקס,TR,פמלי אל סבון סידרה ל,מיליליטרים,500.00,"100 מ""ל",false,,11.50,0.0230,true,1,2870
7290017872070,false,מארז מגבונים לחים בניחוח מרענן פרש וואנס שלישייה,ווטנאפס,IL,פרשוואנס מגבונים מאר,יחידה,0.00,יחידה,false,,11.10,0.0000,true,1,57783
7290017873039,false,מארז זוג שקיות לסנדוויץ גלילונית 2*160 יח',,,גלילונית שקיות אוכל,יחידה,0.00,יחידה,false,,9.30,0.0000,true,1,2883
7290017873169,false,"סבון ידיים מועשר בשמן זית 500 מ""ל יהלום",,TR,תחליב רחצה לטיפוח עו,מיליליטרים,500.00,"100 מ""ל",false,,8.50,0.0170,true,1,35550
7290017917467,false,קמיל בלו סנסטי בשיבולת שועל אל סבון טיפולי לתינוק,"ד""ר פישר Dr fischer",,קמיל בלו אל סבון שיב,יחידה,0.00,יחידה,false,,29.00,0.0000,true,1,15315
7290017917764,false,"ד""ר פישר - אפקטיב קר קרם גוף מועשר בשמן ארגן 450 מ""ל",,,קרם גוף אפקטיב קר 4,מיליליטרים,450.00,"100 מ""ל",false,,21.30,0.0473,true,1,15317
7290017928036,false,מאיר בייגל מקלות גריסיני שומשום 175 ג',מאיר בייגל,,מקלות גריסיני שומשום,גרמים,175.00,100 גרם,false,,10.10,0.0577,true,1,2884
7290017928043,false,מאיר בייגל גריסיני קראנץ' מלח 175 ג',מאיר בייגל,,גריסיני קראנץ' מלח מ,גרמים,175.00,100 גרם,false,,10.10,0.0577,true,1,2885
7290017928807,false,בייגלה אצבעות עם שומשום 300גרם - חדש,מאיר בייגל,,אצבעות שומשום מאיר ב,גרמים,300.00,100 גרם,false,,10.20,0.0340,true,1,2899
7290017941103,false,מזלגות 100 יח' לבן,,,מזלגות 100 יח' לבן,יחידה,0.00,יחידה,false,,6.80,0.0000,true,1,28777
7290017941219,false,כפות 40 יח' עבה במיו,,,כפות 40 יח' עבה במיו,יחידה,0.00,יחידה,false,,6.80,0.0000,true,1,28788
7290017941226,false,מזלגות 40 יח' עבה במ,,,מזלגות 40 יח' עבה במ,יחידה,0.00,יחידה,false,,6.80,0.0000,true,1,28789
7290017941233,false,סכינים 40 יח' עבה במ,,,סכינים 40 יח' עבה במ,יחידה,0.00,יחידה,false,,6.80,0.0000,true,1,28790
7290017941288,false,נר נשמה 24 שעות,,,נר נשמה 24 שעות,יחידה,0.00,יחידה,false,,1.60,0.0000,true,1,28795
7290017941363,false,להבונים 50 יח' 4 שעו,,,להבונים 50 יח' 4 שעו,יחידה,0.00,יחידה,false,,9.30,0.0000,true,1,28804
7290017941370,false,להבונים 50 יח' 3 שעו,,,להבונים 50 יח' 3 שעו,יחידה,0.00,יחידה,false,,8.50,0.0000,true,1,28805
7290017941387,false,להבונים בקופסא 100 י,,,להבונים בקופסא 100 י,יחידה,0.00,יחידה,false,,19.60,0.0000,true,1,28806
7290017941394,false,נייר סנדוויץ 100 יח',,,נייר סנדוויץ 100 יח',יחידה,0.00,יחידה,false,,8.50,0.0000,true,1,28807
7290017941400,false,כוסות 4OZ אספרסו 50,,,כוסות 4OZ אספרסו 50,יחידה,0.00,יחידה,false,,8.50,0.0000,true,1,28808
7290017941462,false,כוסות שתיה חמה 8B י,,,כוסות שתיה חמה 8B י,יחידה,0.00,יחידה,false,,8.50,0.0000,true,1,28814
7290017941578,false,"צלחות קטנות 7"" לבן 5",,,"צלחות קטנות 7"" לבן 5",יחידה,0.00,יחידה,false,,9.30,0.0000,true,1,28825
7290017941608,false,קערות אובליות לבן 50,,,קערות אובליות לבן 50,יחידה,0.00,יחידה,false,,9.30,0.0000,true,1,28828
7290017941684,false,מארז תבניות רוסטר ענ,,,מארז תבניות רוסטר ענ,יחידה,0.00,יחידה,false,,11.00,0.0000,true,1,28836
7290017941691,false,מפת שולחן מהודרת 270,,,מפת שולחן מהודרת 270,יחידה,0.00,יחידה,false,,7.60,0.0000,true,1,28837
7290017941820,false,כוסות שתיה קרה כחול,,,כוסות שתיה קרה כחול,יחידה,0.00,יחידה,false,,11.90,0.0000,true,1,28849
7290017941905,false,קיסמים במלחיה 300 יח,,,קיסמים במלחיה 300 יח,יחידה,0.00,יחידה,false,,2.50,0.0000,true,1,28857
7290017941981,false,כוסות 12OZ לשתייה חמ,,,כוסות 12OZ לשתייה חמ,יחידה,0.00,יחידה,false,,14.50,0.0000,true,1,35436
7290017941998,false,שיפודים רחבים לקבב 9,,,שיפודים רחבים לקבב 9,יחידה,0.00,יחידה,false,,5.00,0.0000,true,1,28865
7290017947105,false,לחם בסגנון אמריקה 500 גר',מאפיית שלמה א. אנג'ל,IL,לחם בסגנון אמריקה אנ,גרמים,500.00,100 גרם,false,,12.70,0.0254,true,1,19409
7290017947464,false,מארז 8 פיתות מקמח כוסמין מלא 400ג',"איטיליאן פוד, אס.פי.",IL,שמיניית פיתות כוסמין,גרמים,400.00,100 גרם,false,,13.60,0.0340,true,1,19419
7290017947495,false,לחמניות כוסמין 450 ג' אנג'ל,"איטיליאן פוד, אס.פי.",IL,6 לחמניות כוסמין אנג,גרמים,450.00,100 גרם,false,,13.60,0.0302,true,1,19422
7290017947891,false,לחם כוסמין וחיטה מלאה 750 ג' אנג'ל,מאפיית שלמה א. אנג'ל,IL,לחם כוסמין וחיטה מלא,גרמים,750.00,100 גרם,false,,14.40,0.0192,true,1,19424
7290017947921,true,מארז לחמניות המבורגר,,,מארז לחמניות המבורגר,גרמים,450.00,100 גרם,false,,12.70,0.0282,true,1,19425
7290018045893,false,דגנים במילוי קרם נוגט 480ג' BON & BON,,DE,דגנים במילוי קרם נוג,גרמים,480.00,100 גרם,false,,20.40,0.0425,true,1,32384
7290018071205,false,כפפות ניטרו כחולות אלסטיות S 100יח',איזיטאצ,CN,כפפות ניטרו-V כחולות,יחידה,0.00,יחידה,false,,17.10,0.0000,true,1,40600
7290018071229,false,כפפות ניטרו כחולות אלסטיות L ללא אבקה 100יח',איזיטאצ,CN,כפפות ניטרו-V כחולות,יחידה,0.00,יחידה,false,,17.10,0.0000,true,1,40602
7290018071571,false,פדים אובליים להסרת איפור 40 יח',,,פדים אובליים להסרת א,יחידה,0.00,יחידה,false,,6.80,0.0000,true,1,89703
7290018091616,false,מקלות פילו גבינה מעדנות 450 ג',מיוצר עי קונדיטוריית,IL,מקלות פילו גבינה 450,גרמים,450.00,100 גרם,false,,12.80,0.0284,true,1,19550
7290018131756,false,נסטלה מאגדת שלגון וניל תות 8*55 גר',גלידות נסטלה,IL,נסטלה וניל מצופה תות,גרמים,440.00,100 גרם,false,,26.40,0.0600,true,1,8050
7290018131930,false,מאג בננה תמך פקאן שוקו לה פרוטה 5*65ג',נסטלה,IL,לה פרוטה מאג בננה תמ,גרמים,325.00,100 גרם,false,,26.40,0.0812,true,1,8058
7290018165560,false,תירוש לבן של סגל 1 ל',,,תירוש לבן של סגל 1 ל,ליטרים,1.00,ליטר,false,,11.10,11.1000,true,1,34991
7290018225011,false,קומקום חשמלי נשלף פל,,,קומקום חשמלי נשלף פל,יחידה,0.00,יחידה,false,,68.30,0.0000,true,1,26616
7290018225134,false,"מערבל יד חשמלי "" פל",,,"מערבל יד חשמלי "" פל",יחידה,0.00,יחידה,false,,52.10,0.0000,true,1,26617
7290018225226,false,מייבש שיער מקצועי,,,מייבש שיער מקצועי,יחידה,0.00,יחידה,false,,68.30,0.0000,true,1,26619
7290018225356,false,מיחם לשבת 40 כוסות -,,,מיחם לשבת 40 כוסות -,יחידה,0.00,יחידה,false,,230.70,0.0000,true,1,26621
7290018225615,false,קוצץ ומעבד מזון,,,קוצץ ומעבד מזון,יחידה,0.00,יחידה,false,,85.40,0.0000,true,1,26623
7290018237281,false,עוף טוב נקניק סלמי ירדן 550 גר',,,נקניק סלמי ירדן עוף,גרמים,550.00,100 גרם,false,,18.80,0.0342,true,1,10063
7290018237373,false,עוף טוב פסטרמה צרובה על הגריל נתח שלם 300 גר',עיצובים 2020 (4.9),IL,פסטרמה צרובה על הגרי,גרמים,300.00,100 גרם,false,,23.80,0.0793,true,1,10067
7290018237397,false,עוף טוב פסטרמה מקורמלת נתח שלם 300 גר',מולינו ניקולי s.p.a,IL,פסטרמה מקורמלת נתח ש,גרמים,300.00,100 גרם,false,,23.80,0.0793,true,1,10068
7290018237410,false,עוף טוב פסטרמה במעשנה נתח שלם 300 גר',מולינו ניקולי s.p.a,IL,פסטרמה במעשנה נתח של,גרמים,300.00,100 גרם,false,,23.80,0.0793,true,1,10069
7290018294352,false,"ארק יקבי כרמל 700 מ""",יקבי כרמל Carmel Winery,IL,"ארק יקבי כרמל 700 מ""",מיליליטרים,700.00,"100 מ""ל",false,,47.30,0.0676,true,1,34540
7290018333259,false,כרמית טופי בטעם תות,,,כרמית טופי בטעם תות,גרמים,50.00,100 גרם,false,,1.30,0.0260,true,1,21776
7290018333587,false,"טופי חמוץ בטעמי פירות 600 גר' בד""ץ",,,טופי חמוץ בטעמי פירו,גרמים,600.00,100 גרם,false,,9.40,0.0157,true,1,31680
7290018333631,false,גרנולפלקס קשיו פירות יבשים 500 גרם כשלפ,,,גרנולפלקס קשיו ופירו,גרמים,500.00,100 גרם,false,,20.40,0.0408,true,1,34824
7290018343357,false,"ד""ר פישר SMOOTH & REPAIR מרכך משקם לאחר החלקה או עיצוב בחום",,,מרכך משקם לאחר החלקה,מיליליטרים,400.00,"100 מ""ל",false,,34.10,0.0853,true,1,15323
7290018359495,false,תירס מהשדה בלי תוספת סוכר יכין 550 גר',היינץ צפון אמריקה מק,IL,תירס מהשדה בלי תוספת,גרמים,550.00,100 גרם,false,,7.60,0.0138,true,1,4281
7290018359686,false,יכין חומוס ענק 550 גר,היינץ צפון אמריקה מק,IL,חומוס ענק יכין 550 ג,גרמים,550.00,100 גרם,false,,8.50,0.0155,true,1,4284
7290018359716,false,רוטב פיצה טוסקנה יכין 240 גר',"זנלכל בע""מ",IL,רוטב פיצה טוסקנה יכי,גרמים,240.00,100 גרם,false,,4.70,0.0196,true,1,4285
7290018359938,false,"רוטב עגבניות לשקשוקה יכין, 400 גרם",יכין,IL,רוטב עגבניות לשקשוקה,גרמים,400.00,100 גרם,false,,10.20,0.0255,true,1,61798
7290018359952,false,רוטב עגבניות לפסטה יכין 400 גרם,יכין,IL,רוטב עגבניות לפסטה י,גרמים,400.00,100 גרם,false,,10.20,0.0255,true,1,61800
7290018376416,false,פילה ברבוניה קפוא 40,,,פילה ברבוניה ארוז 40,גרמים,400.00,100 גרם,false,,25.60,0.0640,true,1,94607
7290018440223,false,חווית הצ'אי- מסאלה עוצמתי,קריות זול,IL,חווית הצ'אי- מסאלה ע,גרמים,50.00,100 גרם,false,,17.00,0.3400,true,1,12799
7290018468401,false,"פסטרמה צמחונית בטעם גריל, 120 גרם",טיב טירת צבי 2000,IL,פסטרמה צמחונית בטעם,גרמים,120.00,100 גרם,false,,13.60,0.1133,true,1,93589
7290018468418,false,"פסטרמה צמחונית בטעם מפולפל, 120 גרם",טיב טירת צבי 2000,IL,פסטרמה צמחונית מפולפ,גרמים,120.00,100 גרם,false,,13.60,0.1133,true,1,93590
7290018468425,false,נקניק טבעוני בטעם מעושן,טיב טירת צבי 2000,IL,נקניק טבעוני בטעם מע,גרמים,100.00,100 גרם,false,,13.60,0.1360,true,1,93591
7290018468432,false,"נקניק טבעוני בטעם מעושן, 100 גרם",טיב טירת צבי 2000,IL,נקניק טבעוני בטעם פי,גרמים,100.00,100 גרם,false,,13.60,0.1360,true,1,93576
7290018471036,false,"שוופס סודה לימון 500 מ""ל","יפאורה תבורי בע""מ",IL,שוופס סודה לימון 500,מיליליטרים,500.00,"100 מ""ל",false,,3.00,0.0060,true,1,5998
7290018471401,false,פרוט&ווג' אננס בננה כורכום 1 ליטר,פרוט אנד וג' Fruit & Veg,IL,פרוט ווג אננס בננה כ,ליטרים,1.00,ליטר,false,,11.60,11.6000,true,1,6010
7290018471616,false,שוופס אינדיאן טוניק 1 ל',"יפאורה תבורי בע""מ",IL,שוופס טוניק קלאסי 1,ליטרים,1.00,ליטר,false,,7.80,7.8000,true,1,6019
7290018471630,false,שוופס טוניק מלפפון ליים 1 ל',"יפאורה תבורי בע""מ",IL,שוופס טוניק מלפפון ל,ליטרים,1.00,ליטר,false,,7.80,7.8000,true,1,6021
7290018471906,false,שוופס מוגז פירות לימונדה ורודה 1.5 ליטר פיקדון,"יפאורה תבורי בע""מ",IL,שוופס מוגז לימונדה ו,ליטרים,1.50,ליטר,false,,8.20,5.4667,true,1,6030
7290018471920,false,שוופס מוגז פירות ענבים 1.5 ליטר פיקדון,"יפאורה תבורי בע""מ",IL,שוופס ענבים מוגז 1.5,ליטרים,1.50,ליטר,false,,8.20,5.4667,true,1,6032
7290018471944,false,שוופס מוגז פירות לימונייד 1.5 ליטר פיקדון,"יפאורה תבורי בע""מ",IL,שוופס מוגז למונייד 1,ליטרים,1.50,ליטר,false,,8.20,5.4667,true,1,6034
7290018493069,false,"קרם ידיים בשמן כותנה ד""ר פישר 100מ""ל",,,קרם ידיים אפקטיב קר,מיליליטרים,100.00,"100 מ""ל",false,,13.60,0.1360,true,1,49642
7290018493144,false,"ד""ר פישר אל סבון נוזלי לידיים קמיל ש ארגן 1 ל'",,,אל סבון ארגאן סגול,ליטרים,1.00,ליטר,false,,12.70,12.7000,true,1,15330
7290018493908,false,"ד""ר פישר - קמיל בלו סנסיטיב אל דמע 750 מ""ל",,,קמיל בלו סנסיטיב שמפ,מיליליטרים,750.00,"100 מ""ל",false,,17.00,0.0227,true,1,15338
7290018493977,false,"אל סבון כתום ד""ר פישר 1 ל'",,,אל סבון ניקיון ולחות,ליטרים,1.00,ליטר,false,,12.70,12.7000,true,1,15339
7290018500361,false,לחם אנג'ל אחיד פרוס 900 גר',מאפיית שלמה א. אנג'ל,IL,לחם אחיד פרוס מאפיית,גרמים,900.00,100 גרם,false,,7.20,0.0080,true,1,63169
7290018500392,true,חלה קלועה אנגל 650 ג,,,חלה קלועה אנגל 650 ג,גרמים,650.00,100 גרם,false,,5.56,0.0086,true,1,81492
7290018540329,false,שקית פיתה פיתה בלדי 800 ג' אנג'ל,מאפיית שלמה א. אנג'ל,IL,פיתה פיתה אנגל 880 ג,יח',10.00,יח',false,,11.00,1.1000,true,1,19428
7290018556474,false,ארק בן חיים אננס 700,,,ארק בן חיים אננס 700,מיליליטרים,700.00,"100 מ""ל",false,,34.20,0.0489,true,1,32463
7290018556863,false,ערק הזקן בטעם לימון,,,ערק הזקן בטעם לימון,מיליליטרים,750.00,"100 מ""ל",false,,35.00,0.0467,true,1,28867
7290018564721,false,ממרח אריסה שף הטבע 2,,,ממרח אריסה שף הטבע 2,גרמים,200.00,100 גרם,false,,10.20,0.0510,true,1,34976
7290018571064,false,טופי מקלונים מיה 450,מיה תעשיות מזון בעמ,IL,מקלוני טופי מיה 450,גרמים,450.00,100 גרם,false,,12.70,0.0282,true,1,35759
7290018571545,false,סוכריות ג'לי עם מיצוי כורכומין וג'ינג'ר למבוגרים,מיה תעשיות מזון בעמ,IL,סוכריות כורכומין מבו,גרמים,210.00,100 גרם,false,,34.20,0.1629,true,1,90833
7290018571590,false,שמן שקדים מזוכך 1 ליטר,,,שמן שקדים מזוכך מיה,ליטרים,1.00,100 ליטר,false,,22.20,22.2000,true,1,37093
7290018571637,false,סוכריות ג'לי מולטי ויטמין עם מינרליים MEN ENERGY,מיה תעשיות מזון בעמ,IL,סוכריות מולטי ויטמין,גרמים,220.00,100 גרם,false,,34.20,0.1555,true,1,90837
7290018571705,false,"אורז יסמין 1 ק""ג מיה.",,,"אורז יסמין 1 ק""ג",קילוגרמים,1.00,"ק""ג",false,,10.20,10.2000,true,1,59166
7290018626085,false,לפתניות 4.5 שקוף 50,,,לפתניות 4.5 שקוף 50,יחידה,0.00,יחידה,false,,7.60,0.0000,true,1,28879
7290018626108,false,קערות אובליות שקוף 5,,,קערות אובליות שקוף 5,יחידה,0.00,יחידה,false,,9.30,0.0000,true,1,28881
7290018626153,false,תבנית R-88 אינגליש 1,,,תבנית R-88 אינגליש 1,יחידה,0.00,יחידה,false,,8.50,0.0000,true,1,28886
7290018626283,false,פיצה מרגריטה אדום גר,,,פיצה מרגריטה 350 גרם,גרמים,350.00,100 גרם,false,,9.30,0.0266,true,1,31194
7290018626290,false,פיצה עגבניות ובזיליק,,,פיצה מרגריטה עגבניות,גרמים,420.00,100 גרם,false,,9.30,0.0221,true,1,31195
7290018626535,false,שקיות נייר לכריכים 5,,,שקיות נייר לכריכים 5,יחידה,0.00,יחידה,false,,6.80,0.0000,true,1,28919
7290018626580,false,צימרונים לאוזנים 100,,,צימרונים לאוזנים 100,יחידה,0.00,יחידה,false,,2.50,0.0000,true,1,28924
7290018626641,false,מארז תבניות רוסטר גד,,,מארז תבניות רוסטר גד,יחידה,0.00,יחידה,false,,12.80,0.0000,true,1,32341
7290018626757,false,קערות אובליות נקודות,,,קערות אובליות נקודות,יחידה,0.00,יחידה,false,,10.20,0.0000,true,1,28937
7290018626795,false,מגש עגול מחולק ל-6 ג,,,מגש עגול מחולק ל-6 ג,יחידה,0.00,יחידה,false,,8.50,0.0000,true,1,28941
7290018626801,false,מגש עגול מחולק ל-6 ק,,,מגש עגול מחולק ל-6 ק,יחידה,0.00,יחידה,false,,7.60,0.0000,true,1,28942
7290018626849,false,מגש איכותי עגול ענק,,,מגש איכותי עגול ענק,יחידה,0.00,יחידה,false,,10.20,0.0000,true,1,28946
7290018626856,false,כוסות ליקר 50 יח' WI,,,כוסות ליקר 50 יח' WI,יחידה,0.00,יחידה,false,,7.60,0.0000,true,1,28947
7290018626887,false,כוסות P.P יהלום שוחר,,,כוסות P.P יהלום שוחר,יחידה,0.00,יחידה,false,,8.50,0.0000,true,1,28949
7290018652039,false,לה קרמריה קרמל מלוח ונוגט בדצ 1.4 ליטר,גלידות נסטלה,IL,לה קרמריה קרמל מלוח,ליטרים,1.40,ליטר,false,,19.60,14.0000,true,1,8062
7290018652770,false,אקסטרים ביגלה מתוק מלוח 115 ג' נסטלה,גלידות נסטלה,IL,אקסטרים בטעם בייגלה,גרמים,115.00,100 גרם,false,,8.50,0.0739,true,1,34566
7290018652886,false,מאגדת מצופים שוקו בננה 8 יח-476 ג',גלידות נסטלה,IL,מאגדת שוקו בננה 8 יח,גרמים,476.00,100 גרם,false,,24.80,0.0521,true,1,34747
7290018652909,false,מאגדת מאגנום קפה שוקולד ופקאן 5 *43 ג' נסטלה,גלידות נסטלה,IL,מאגדת שלגונים אספרסו,גרמים,225.00,100 גרם,false,,25.60,0.1138,true,1,49180
7290018720103,false,וופל שוקו ללא סוכר 250 ג' מעדני מלך,,,אפיפיות בטעם שוקו לל,גרמים,250.00,100 גרם,false,,5.90,0.0236,true,1,29643
7290018773316,false,בזיליקום 100 גרם,,,בזיליקום 100 גרם,גרמים,100.00,100 גרם,false,,9.90,0.0990,true,1,26208
7290018835029,false,מרק בטעם עוף פרווה ת,,,מרק בטעם עוף פרווה ת,גרמים,400.00,100 גרם,false,,13.60,0.0340,true,1,71326
7290018860984,false,אטריות ביצים דקות מז,,,אטריות ביצים דקות מז,גרמים,400.00,100 גרם,false,,8.50,0.0213,true,1,80712
7290018886212,false,מזלגות עבות 50 יח',,,מזלגות עבות 50 יח',יחידה,0.00,יחידה,false,,8.50,0.0000,true,1,28971
7290018886229,false,מזלגות עבות 50 יח',,,מזלגות עבות 50 יח',יחידה,0.00,יחידה,false,,8.50,0.0000,true,1,28972
7290018886243,false,כפות עבות 50 יח' קר,,,כפות עבות 50 יח' קר,יחידה,0.00,יחידה,false,,8.50,0.0000,true,1,28974
7290018886250,false,מגש איכותי מחולק ל 4,,,מגש איכותי מחולק ל 4,יחידה,0.00,יחידה,false,,7.70,0.0000,true,1,32250
7290018886274,false,מגש איכותי מחולק ל 4,,,מגש איכותי מחולק ל 4,יחידה,0.00,יחידה,false,,7.70,0.0000,true,1,32256
7290018886304,false,פת דגנים סגנון שוודי,סונקו,PL,פת דגנים סגנון שוודי,גרמים,340.00,100 גרם,false,,10.20,0.0300,true,1,28975
7290018886328,false,פת דגנים שיפון מאפים,סונקו,PL,פת דגנים שיפון 340 ג,גרמים,340.00,100 גרם,false,,10.20,0.0300,true,1,28977
7290018886342,false,פת דגנים 7 דגנים 340,סונקו,PL,פת דגנים 7 דגנים 340,גרמים,340.00,100 גרם,false,,10.20,0.0300,true,1,28979
7290018886632,false,כוסות דמוי שיש 40 יח,,,כוסות דמוי שיש 40 יח,יחידה,0.00,יחידה,false,,7.60,0.0000,true,1,28984
7290018886779,false,כוסות יין 6 יחידות,,,כוסות יין 6 יחידות,יחידה,0.00,יחידה,false,,16.20,0.0000,true,1,28988
7290018886885,false,קערת סלט בועות שקוף,,,קערת סלט בועות שקוף,יחידה,0.00,יחידה,false,,11.90,0.0000,true,1,28999
7290018886908,false,קערת סלט בועות טורקי,,,קערת סלט בועות טורקי,יחידה,0.00,יחידה,false,,11.90,0.0000,true,1,29001
7290018893005,false,"חטיפי בייגלה אפוי בטעם חרדל ודבש, 160 גרם",צ'וקטה Chocketa,RO,בייגלה שטוח בתוספת ח,גרמים,200.00,100 גרם,false,,5.90,0.0295,true,1,32118
7290018893036,false,עוגיות סנדוויץ' בטעם שוקולד ממולאות קרם בטעם וניל,צ'וקטה Chocketa,ES,ביסקוויטי סנדוויץ בט,גרמים,176.00,100 גרם,false,,5.10,0.0290,true,1,32501
7290018893081,false,עוגות מגולגלות במילוי קרם חלבי וציפוי בטעם שוקולד,צ'וקטה Chocketa,,צ'וקטה מגולגלות חלב,גרמים,222.00,100 גרם,false,,8.50,0.0383,true,1,10986
7290018893289,false,עוגות מגולגלות בטעם קקאו - 6 יחידות במארז,צ'וקטה Chocketa,,צ'וקטה מגולגלות קקאו,גרמים,222.00,100 גרם,false,,8.50,0.0383,true,1,10988
7290018893487,false,צ'וקטה עוגה אישית בטעם קוקוס 350 ג' נוכרי,צ'וקטה Chocketa,,צ'וקטה עוגות אישיות,גרמים,350.00,100 גרם,false,,11.00,0.0314,true,1,10991
7290018893494,false,עלי וופל דקים בטעם חמאה 100 גר',צ'וקטה Chocketa,,עוגיות עלי וופל דקות,גרמים,100.00,100 גרם,false,,8.60,0.0860,true,1,32503
7290018893517,false,צ'וקטה בייגלה שטוח מצופה שוקולד מריר 80 ג',,,בייגלה שטוח מצופה שו,גרמים,80.00,100 גרם,false,,5.90,0.0738,true,1,35539
7290018893609,false,שוקולד מריר פרימיום 85% 100 גרם איגוד רבנים,צ'וקטה Chocketa,ES,שוקולד מריר 85% צ`וק,גרמים,100.00,100 גרם,false,,5.90,0.0590,true,1,10992
7290018893616,false,שוקולד מריר 48% 6 יח' *100 ג' צ'וקטה,צוקטה,ES,שישיית צוקטה שוקולד4,גרמים,600.00,100 גרם,false,,17.90,0.0298,true,1,10993
7290018893807,false,צ'וקטה - שוקולד מריר שלישייה 3 * 100 גרם,צ'וקטה Chocketa,,מארז שוקולד מריר 60%,גרמים,300.00,100 גרם,false,,11.00,0.0367,true,1,32493
7290018893814,false,שוקולד מריר 48% חמישיה* 100 גרם,הדקלאים אגודת שיתופי,ES,צ'וקטה שוקולד 48% 5*,גרמים,500.00,100 גרם,false,,16.20,0.0324,true,1,10996
7290018893906,false,עוגיות סנדוויץ' במילוי קרם בטעם וניל,צ'וקטה Chocketa,,צ'וקטה עוגיות סנדביץ,גרמים,250.00,100 גרם,false,,6.80,0.0272,true,1,45333
7290018894019,false,עוגות אישיות במילוי קרם חלבי ובציפוי קרם קקאו,בלקוני Balconi,IT,עוגות אישיות מיקס מק,גרמים,350.00,100 גרם,false,,12.80,0.0366,true,1,48572
7290018894071,false,צ'וקטה מארז סביבון לחנוכה,צ'וקטה Chocketa,IL,צ'וקטה מארז לחנוכה 2,גרמים,225.00,100 גרם,false,,14.50,0.0644,true,1,109205
7290018894200,false,בלקוני וופל קוביות ויל 250 גרם חלבי OU,בלקוני Balconi,IT,בלקוני קוביות וופל ו,גרמים,250.00,100 גרם,false,,10.70,0.0428,true,1,56677
7290018894408,false,קוביות וופל במילוי קרם אגוזי לוז - חלבי,בלקוני Balconi,IT,בלקוני קוביות וופל א,גרמים,250.00,100 גרם,false,,10.70,0.0428,true,1,56678
7290018921166,false,"אל סבון נוזלי ניקוי יסודי ד""ר פישר 1 ל""",,,אל סבון ניקיון ולחות,ליטרים,1.00,ליטר,false,,12.70,12.7000,true,1,15341
7290018921753,false,"אל סבון לתחושת רעננות לבנדר קמיל ד""ר פישר 1 ל""",,,אל סבון ניקיון ולחות,ליטרים,1.00,ליטר,false,,12.70,12.7000,true,1,15344
7290018921852,false,"תחליב רחצה מועשר בשמן ארגן 700 מ""ל אפקטיב קר","ד""ר פישר Dr fischer",,תחליב רחצה מועשר בשמ,מיליליטרים,700.00,"100 מ""ל",false,,14.50,0.0207,true,1,32131
7290018925065,false,פרימור מיץ תפוזים סחוט 2 ליטר,פרימור,IL,פרימור מיץ תפוזים סח,ליטרים,2.00,ליטר,false,,23.90,11.9500,true,1,12190
7290018925089,false,פרימור מיץ תפוח עץ צלול 2 ליטר,גניר,IL,פרימור מיץ תפוחים צל,ליטרים,2.00,ליטר,false,,23.90,11.9500,true,1,12191
7290018989005,false,יכין פולפה טבעית 400*3 גר,זנלכל,IL,פולפה טבעית יכין 3*,קילוגרמים,1.20,"ק""ג",false,,14.50,12.0833,true,1,32614
7290018989128,false,סירופ בטעם ענבים יכין 1 ליטר,זנלכל,IL,סירופ בטעם ענבים יכי,יחידה,0.00,יחידה,false,,16.20,0.0000,true,1,61897
7290019014010,false,נוזל רצפות לגונה 4 ל' טאצ,,,נוזל רצפות לגונה טאצ,ליטרים,4.00,ליטר,false,,11.10,2.7750,true,1,32436
7290019014027,false,נוזל רצפות בלוסום 4 ל' טאצ,,,נוזל רצפות בלוסום טא,ליטרים,4.00,ליטר,false,,11.10,2.7750,true,1,32334
7290019015185,false,"דפיוזר בוהו 200 מ""ל",,,דפיוזר בוהו,יחידה,0.00,יחידה,false,,42.70,0.0000,true,1,34571
7290019031000,false,WIZ מארז חמישיית ניי,,,WIZ מארז חמישיית ניי,יחידה,0.00,יחידה,false,,9.40,0.0000,true,1,32343
7290019031079,false,תבנית R-29 מרובעת קט,,,תבנית R-29 מרובעת קט,יחידה,0.00,יחידה,false,,8.50,0.0000,true,1,34954
7290019031086,false,תבנית R-31 גדולה 7 י,,,תבנית R-31 גדולה 7 י,יחידה,0.00,יחידה,false,,8.50,0.0000,true,1,34955
7290019031093,false,תבנית R-64 בינונית 7,,,תבנית R-64 בינונית 7,יחידה,0.00,יחידה,false,,8.50,0.0000,true,1,34956
7290019031109,false,תבנית R-88 אינגליש 1,,,תבנית R-88 אינגליש 1,יחידה,0.00,יחידה,false,,8.50,0.0000,true,1,34957
7290019031116,false,תבנית R-99 ענקית 3 י,,,תבנית R-99 ענקית 3 י,יחידה,0.00,יחידה,false,,8.50,0.0000,true,1,34958
7290019031178,false,כפפות לטקס 100 יח' S,,,כפפות לטקס 100 יח' S,יחידה,0.00,יחידה,false,,26.40,0.0000,true,1,34402
7290019031215,false,כוסות 10OZ לשתייה חמ,,,כוסות 10OZ לשתייה חמ,יחידה,0.00,יחידה,false,,8.50,0.0000,true,1,35433
7290019031222,false,כוסות 12OZ לשתייה חמ,,,כוסות 12OZ לשתייה חמ,יחידה,0.00,יחידה,false,,10.20,0.0000,true,1,35434
7290019031314,false,קערות אובליות לבנות,,,קערות אובליות לבנות,יחידה,0.00,יחידה,false,,5.90,0.0000,true,1,34655
7290019031338,false,"צלחות קטנות 7"" לבנות",,,"צלחות קטנות 7"" לבנות",יחידה,0.00,יחידה,false,,7.70,0.0000,true,1,34657
7290019031345,false,צלחות גדולות 9 לבן 2,,,צלחות גדולות 9 לבן 2,יחידה,0.00,יחידה,false,,11.10,0.0000,true,1,32506
7290019031352,false,"צלחות ענקיות 10"" לבנ",,,"צלחות ענקיות 10"" לבנ",יחידה,0.00,יחידה,false,,20.50,0.0000,true,1,34658
7290019031376,false,סבון ידיים אוקיינוס,,,סבון ידיים אוקיינוס,ליטרים,1.00,100 ליטר,false,,8.50,8.5000,true,1,34650
7290019031383,false,סבון ידיים מאסק 1 לי,,,סבון ידיים מאסק 1 לי,ליטרים,1.00,100 ליטר,false,,8.50,8.5000,true,1,34651
7290019031390,false,סבון ידיים אביבי 1 ל,,,סבון ידיים אביבי 1 ל,ליטרים,1.00,100 ליטר,false,,8.50,8.5000,true,1,34652
7290019031406,false,רביעיית מגבונים לחים,,,רביעיית מגבונים לחים,יחידה,0.00,יחידה,false,,8.50,0.0000,true,1,35430
7290019031451,false,אשפתון 78X90 XXL חזק,,,אשפתון 78X90 XXL חזק,יחידה,0.00,יחידה,false,,20.50,0.0000,true,1,43846
7290019031543,false,שמן זית כתית מעולה א,,,שמן זית כתית מעולה א,מיליליטרים,750.00,"100 מ""ל",false,,25.60,0.0341,true,1,35427
7290019031604,false,מארז 5 מכלים + מכסים,,,מארז 5 מכלים + מכסים,ליטרים,1.00,ליטר,false,,8.50,8.5000,true,1,35008
7290019031635,false,פחם מסעדות דרום אמרי,,,פחם מסעדות דרום אמרי,יחידה,0.00,יחידה,false,,21.30,0.0000,true,1,95402
7290019031673,false,"WIZ מרקיות שקופות 7""",,,"WIZ מרקיות שקופות 7""",יחידה,0.00,יחידה,false,,8.50,0.0000,true,1,73087
7290019031697,false,WIZ לפתניות שקופות 2,,,WIZ לפתניות שקופות 2,יחידה,0.00,יחידה,false,,5.10,0.0000,true,1,73089
7290019056027,false,שוופס מוגז פירות תפוחים ללא סוכר 1.5 ליטר פיקדון,"יפאורה תבורי בע""מ",IL,שוופס מוגז פירות תפו,ליטרים,1.50,ליטר,false,,7.30,4.8667,true,1,6036
7290019056034,false,שוופס מוגז פירות אננס ללא סוכר 1.5 ליטר פיקדון,"יפאורה תבורי בע""מ",IL,שוופס מוגז פירות אננ,ליטרים,1.50,ליטר,false,,7.30,4.8667,true,1,6037
7290019056041,false,שוופס מוגז פירות לימונייד ללא סוכר 1.5 ליטר פיקדון,"יפאורה תבורי בע""מ",IL,שוופס מוגז פירות ללא,ליטרים,1.50,ליטר,false,,7.30,4.8667,true,1,6038
7290019056058,false,שוופס מוגז עדין תפוח ליים 1.5 ליטר פיקדון,"יפאורה תבורי בע""מ",IL,שוופס מוגז עדין תפוח,ליטרים,1.50,ליטר,false,,7.30,4.8667,true,1,6039
7290019056072,false,שוופס מוגז עדין אננס 1.5 ליטר פיקדון,"יפאורה תבורי בע""מ",IL,שוופס מוגז עדין אננס,ליטרים,1.50,ליטר,false,,7.30,4.8667,true,1,6041
7290019056096,false,שוופס מוגז עדין אפרסק 1.5 ליטר פיקדון,"יפאורה תבורי בע""מ",IL,שוופס מוגז עדין אפרס,ליטרים,1.50,ליטר,false,,7.30,4.8667,true,1,6043
7290019056164,false,שוופס סודה 1.5 ליטר רביעייה פיקדון,"יפאורה תבורי בע""מ",IL,שוופס סודה 4*1.5ליטר,ליטרים,6.00,ליטר,false,,10.50,1.7500,true,1,6049
7290019056188,false,שוופס סודה נענע ליים 1.5 ליטר רביעייה פיקדון,"יפאורה תבורי בע""מ",IL,שוופס סודה נענע ליים,ליטרים,6.00,ליטר,false,,10.50,1.7500,true,1,6051
7290019056270,false,שוופס מים בטעמים פירות יער 1.5 ליטר פיקדון,"יפאורה תבורי בע""מ",IL,שוופס וואטר פירות יע,ליטרים,1.50,ליטר,false,,7.30,4.8667,true,1,6058
7290019056294,false,שוופס ג'ינג'ר אייל 1.5 ליטר פיקדון,"יפאורה תבורי בע""מ",IL,שוופס ג'ינג'ר אייל 1,ליטרים,1.50,ליטר,false,,10.70,7.1333,true,1,6059
7290019056300,false,משקה בטעם ביטר לימון 1.5 ל' שוויפס,"יפאורה תבורי בע""מ",IL,שוופס ביטר לימון 1.5,ליטרים,1.50,ליטר,false,,10.70,7.1333,true,1,6060
7290019056324,false,שוופס טוניק 1.5 ליטר פיקדון,"יפאורה תבורי בע""מ",IL,שוופס מי טוניק 1.5 ל,ליטרים,1.50,ליטר,false,,10.70,7.1333,true,1,6062
7290019056355,false,משקה בטעם לימונענע עם חתיכות פרי,"יפאורה תבורי בע""מ",IL,תפוזינה לימונדה נענע,ליטרים,1.50,ליטר,false,,7.30,4.8667,true,1,6064
7290019056393,false,תפוזינה תות בננה 1.5 ליטר פיקדון,"יפאורה תבורי בע""מ",IL,תפוזינה תות בננה 1.5,ליטרים,1.50,ליטר,false,,7.30,4.8667,true,1,6068
7290019056409,false,תפוזינה מנגו 1.5 ליטר פיקדון,"יפאורה תבורי בע""מ",IL,תפוזינה מנגו עסיסי 1,ליטרים,1.50,ליטר,false,,7.30,4.8667,true,1,6069
7290019056423,false,מיץ בטעם תפוח רענן 1.5ל' תפוזינה,"יפאורה תבורי בע""מ",IL,תפוזינה תפוח רענן 1.,ליטרים,1.50,ליטר,false,,7.30,4.8667,true,1,6071
7290019056515,false,פרוט ווטר אננס 1.5 ליטר פיקדון,"יפאורה תבורי בע""מ",IL,פרוט ווטר אננס 1.5 ל,ליטרים,1.50,ליטר,false,,7.70,5.1333,true,1,6077
7290019056546,false,פרוט ווטר אבטיח 1.5 ליטר פיקדון,"יפאורה תבורי בע""מ",IL,פרוט ווטר אבטיח 1.5,ליטרים,1.50,ליטר,false,,7.70,5.1333,true,1,6080
7290019056553,false,עין גדי מים מינרלים 2 ליטר*6 יח',עין גדי מים מינרליים,IL,עין גדי מים מינרלים,ליטרים,12.00,ליטר,false,,11.60,0.9667,true,1,6081
7290019056577,false,ספרינג מנגו 1.5 ליטר פיקדון,"יפאורה תבורי בע""מ",IL,ספרינג מנגו 1.5 ליטר,ליטרים,1.50,ליטר,false,,7.30,4.8667,true,1,6083
7290019056584,false,ספרינג תפוזים 1.5 ליטר פיקדון,"יפאורה תבורי בע""מ",IL,ספרינג תפוזים 1.5 לי,ליטרים,1.50,ליטר,false,,7.30,4.8667,true,1,6084
7290019056591,false,ספרינג ענבים 1.5 ליטר פיקדון,"יפאורה תבורי בע""מ",IL,ספרינג ענבים 1.5 ליט,ליטרים,1.50,ליטר,false,,7.30,4.8667,true,1,6085
7290019056607,false,ספרינג תפוחים 1.5 ליטר פיקדון,"יפאורה תבורי בע""מ",IL,ספרינג תפוחים 1.5 לי,ליטרים,1.50,ליטר,false,,7.30,4.8667,true,1,6086
7290019056621,false,ספרינג פירות טרופיים 1.5 ליטר פיקדון,"יפאורה תבורי בע""מ",IL,ספרינג פירות טרופיים,ליטרים,1.50,ליטר,false,,7.30,4.8667,true,1,6088
7290019056638,false,ספרינג תות בננה 1.5 ליטר פיקדון,"יפאורה תבורי בע""מ",IL,ספרינג תות בננה 1.5,ליטרים,1.50,ליטר,false,,7.30,4.8667,true,1,6089
7290019056645,false,ספרחנג אגס תפוח סברס 1.5 ליטר פיקדון,"יפאורה תבורי בע""מ",IL,ספרינג אגס סברס תפוח,ליטרים,1.50,ליטר,false,,7.30,4.8667,true,1,6090
7290019056652,false,ספרינג אננס בננה 1.5 ליטר פיקדון,"יפאורה תבורי בע""מ",IL,ספרינג אננס בננה 1.5,ליטרים,1.50,ליטר,false,,7.30,4.8667,true,1,6091
7290019056720,false,קריסטל מיץ ענבים 2 ליטר פיקדון,יפאורה תבורי,IL,קריסטל מיץ ענבים 2 ל,ליטרים,2.00,ליטר,false,,6.80,3.4000,true,1,31742
7290019056737,false,מיץ בטעם אשכוליות 2 ל' קריסטל,יפאורה תבורי,IL,קריסטל מיץ אשכוליות,ליטרים,2.00,ליטר,false,,6.80,3.4000,true,1,31743
7290019056744,false,קריסטל מיץ תפוזים 2 ליטר פיקדון,יפאורה תבורי,IL,קריסטל מיץ תפוזים 2,ליטרים,2.00,ליטר,false,,6.80,3.4000,true,1,31744
7290019056768,false,קריסטל מיץ מנגו 2 ליטר פיקדון,יפאורה תבורי,IL,קריסטל מיץ מנגו 2 לי,ליטרים,2.00,ליטר,false,,6.80,3.4000,true,1,31746
7290019056775,false,קריסטל מוגז ענבים 2 ליטר פיקדון,יפאורה תבורי,IL,קריסטל ענבים מוגז 2,ליטרים,2.00,ליטר,false,,6.80,3.4000,true,1,31747
7290019056799,false,קריסטל מוגז אקזוטי 2 ליטר פיקדון,יפאורה תבורי,IL,קריסטל אקזוטי 2 ליטר,ליטרים,2.00,ליטר,false,,6.80,3.4000,true,1,31749
7290019056812,false,קריסטל מוגז מנטה 2 ליטר פיקדון,יפאורה תבורי,IL,קריסטל מנטה 2 ליטר,ליטרים,2.00,ליטר,false,,6.80,3.4000,true,1,31751
7290019056836,false,קריסטל מוגז תות 2 ליטר פיקדון,יפאורה תבורי,IL,תות קריסטל 2 ליטר,ליטרים,2.00,ליטר,false,,6.80,3.4000,true,1,31753
7290019056959,false,מי עדן 1.5 ליטר בק' בודד פיקדון,מופק ממקור בזלתי עדן,IL,מי עדן 1.5 ליטר,ליטרים,1.50,ליטר,false,,3.40,2.2667,true,1,31937
7290019056973,false,מי עדן 1.5 ליטר שישייה פיקדון,מופק ממקור בזלתי עדן,IL,מי עדן 6*1.5 ליטר,ליטרים,9.00,ליטר,false,,11.30,1.2556,true,1,6093
7290019153221,false,"סודה בטעם אננס 500 מ""ל שוופס",,,שוופס סודה אננס 500,מיליליטרים,500.00,"100 מ""ל",false,,4.40,0.0088,true,1,46707
7290019153344,false,מיץ בטעם סנגרייה 1.5 ל' תפוזינה,"יפאורה תבורי בע""מ",IL,תפוזינה סנגריה 1.5 ל,ליטרים,1.50,ליטר,false,,7.30,4.8667,true,1,53504
7290019153375,false,מיץ בטעם מוחיטו 1.5 ל' תפוזינה,"יפאורה תבורי בע""מ",IL,תפוזינה מוחיטו 1.5 ל,ליטרים,1.50,ליטר,false,,7.30,4.8667,true,1,53506
7290019204305,false,חזה הודו פסטרמה ברביקיו 350 גר',עיצובים 2020 (4.9),,פסטרמה ברביקיו עוף ט,גרמים,350.00,100 גרם,false,,21.30,0.0609,true,1,79288
7290019245001,false,שמן קנולה אלומות 1 ל,סקנולה,EE,שמן קנולה אלומות 1 ל,ליטרים,1.00,ליטר,false,,9.40,9.4000,true,1,42769
7290019297239,false,צימוק חום 330 ג' בקופסא,"דין שיווק וקליה בע""מ",,צימוק כהה 330 גרם,גרמים,330.00,100 גרם,false,,11.90,0.0361,true,1,30211
7290019297536,false,חמאת בוטנים עם שברי בוטנים Crazy or Nuts,דין שיווק,,חמאת בוטנים עם שברי,גרמים,510.00,100 גרם,false,,10.20,0.0200,true,1,65732
7290019297635,false,שקדים קלויים ששון הק,"דין שיווק וקליה בע""מ",IL,שקד קלוי 150 גרם,גרמים,150.00,100 גרם,false,,14.50,0.0967,true,1,30213
7290019308027,false,שעועית ירוקה שלמה עד,,,שעועית ירוקה שלמה עד,גרמים,800.00,100 גרם,false,,8.50,0.0106,true,1,92177
7290019308058,false,שעועית ירוקה חתוכה 8,,,שעועית ירוקה חתוכה 8,גרמים,800.00,100 גרם,false,,8.50,0.0106,true,1,68860
7290100240137,false,"תרסיס למייבש כביסה כחול 500 מ""ל בדין","זוהר דליה, קיבוץ דלי",IL,בדין תרסיס למייבש כב,מיליליטרים,500.00,"100 מ""ל",false,,11.00,0.0220,true,1,5222
7290100249598,false,"רוטב לבישול שום ודבש קנור 320ג' בד""צ",יוניליוור ישראל מזון,IL,רוטב לעוף שום ודבש ב,גרמים,310.00,100 גרם,false,,9.00,0.0290,true,1,5238
7290100412442,false,קוויק מגבונים לניקוי שירותים ואמבטיה מנטה 50יח',,,קוויק מגבונים לניקוי,יחידה,0.00,יחידה,false,,7.60,0.0000,true,1,15444
7290100680650,false,מנה חמה נודלס-אטריות ירקות טעם תאילנדי אסם 76 ג',THAI PRESIDENT FOODS,TH,מנה חמה נודלס תאילנד,גרמים,76.00,100 גרם,false,,5.00,0.0658,true,1,9413
7290100680711,false,פירורית זהב אסם זהב 350ג',עינת תעשיות מזון,IL,אסם פירורית זהב 350,גרמים,350.00,100 גרם,false,,6.70,0.0191,true,1,9415
7290100680728,false,פירורית רגילה שקית 350 גרם,מיוצר עי קונדיטוריית,IL,פירורית רגילה שקית 3,גרמים,350.00,100 גרם,false,,6.80,0.0194,true,1,9416
7290100681015,false,פודינג אינסטנט ריבת חלב 84 ג' אסם,מיוצר עי קונדיטוריית,IL,אסם פודינג אינסטנט ר,גרמים,84.00,100 גרם,false,,5.00,0.0595,true,1,9418
7290100681138,false,מארז אפרופו חטיף תירס 3 יחידות,"אסם השקעות בע""מ",IL,אפרופו מאח 3*50 גר',גרמים,150.00,100 גרם,false,,11.00,0.0733,true,1,9420
7290100681503,false,עסיס סירופ לימונענע דיאטטי 1 ליטר,בית-השיטה עסיס תעשיו,IL,סירופ דיאט לימונענע,ליטרים,1.00,ליטר,false,,14.50,14.5000,true,1,9421
7290100683880,false,אבקה להכנת פירה 260 ג' אסם,"אסם השקעות בע""מ",IL,פירה אסם 260 גרם,גרמים,260.00,100 גרם,false,,11.90,0.0458,true,1,9425
7290100685136,false,"מרק בטעם עוף 1 ק""ג אסם","אסם השקעות בע""מ",IL,מרק בטעם עוף אסם 1 ק,קילוגרמים,1.00,"ק""ג",false,,10.20,10.2000,true,1,9431
7290100685242,false,במבה מתוקה תות אדום סרט 30ג',"אסם השקעות בע""מ",IL,במבה מתוקה מחומרים ט,גרמים,30.00,100 גרם,false,,2.50,0.0833,true,1,9432
7290100685334,false,אבקת מרק עוף אמיתי ר.טבעיים 400ג' אסם,"אסם השקעות בע""מ",IL,מרק עוף מרכיבים טבעי,גרמים,400.00,100 גרם,false,,17.00,0.0425,true,1,9433
7290100685341,false,מרק בטעם עוף זך רכיבים טבעיים 400 ג' אסם,"אסם השקעות בע""מ",IL,מרק זך טעם עוף רכיבי,גרמים,400.00,100 גרם,false,,11.90,0.0298,true,1,9434
7290100686164,false,ביסלי ברביקיו מארז 6 יח' * 35 ג' אסם,מיוצר עי קונדיטוריית,IL,ביסלי ברביקיו מאח.8,גרמים,210.00,100 גרם,false,,11.00,0.0524,true,1,9438
7290100686171,false,ביסלי גריל מארז 6 יח' * 35 ג' אסם,"אסם השקעות בע""מ",IL,ביסלי גריל מאח.8 6*3,גרמים,210.00,100 גרם,false,,11.00,0.0524,true,1,9439
7290100689301,false,אבקת מרק עוף זך עדיף אסם 400 גר',"אסם השקעות בע""מ",IL,מרק בטעם עוף זך אסם,גרמים,400.00,100 גרם,false,,11.90,0.0298,true,1,9442
7290100700006,false,"סוגת חיטה 1 ק""ג",,,"סוגת חיטה 1 ק""ג",קילוגרמים,1.00,"ק""ג",false,,7.60,7.6000,true,1,8619
7290100700020,false,סוגת גריסי פנינה 500גרם,האי נאם סי או אל.טי.,IL,סוגת גריסי פנינה 500,גרמים,500.00,100 גרם,false,,4.20,0.0084,true,1,8620
7290100700310,false,"כוסמת 1ק""ג סוגת",,,כוסמת 1 ק'ג,קילוגרמים,1.00,"ק""ג",false,,12.70,12.7000,true,1,8625
7290100700334,false,קינואה לבנה סוגת 1,"סוגת תעשיות בע""מ",IL,סוגת קינואה 1קג,קילוגרמים,1.00,"ק""ג",false,,17.00,17.0000,true,1,8626
7290100700396,false,"סוגת אורז יסמין קלאסי 1 ק""ג",האי נאם סי או אל.טי.,IL,סוגת אורז יסמין קלאס,קילוגרמים,1.00,"ק""ג",false,,10.20,10.2000,true,1,8629
7290100700402,false,"חומוס ענק 1 ק""ג סוגת",,,חומוס ענק 1 ק'ג,קילוגרמים,1.00,"ק""ג",false,,17.00,17.0000,true,1,8630
7290100700587,false,סוגת בורגול 500 גרם,האי נאם סי או אל.טי.,IL,סוגת בורגול 500 גר,גרמים,500.00,100 גרם,false,,5.00,0.0100,true,1,8633
7290100701157,false,אורז להכנת סושי סוגת,Unknown,,אורז סושי 1 קג,קילוגרמים,1.00,"ק""ג",false,,10.20,10.2000,true,1,8634
7290100701386,false,קמח לחלה קמח חיטה לבן שטיבל,"שטיבל בע""מ - טחנות ק",IL,"קמח לחלה סוגת 1 ק""ג",קילוגרמים,1.00,"ק""ג",false,,5.90,5.9000,true,1,8637
7290100701409,false,קמח תירס סוגת 500 גר,,,קמח תירס סוגת 500 גר,גרמים,500.00,100 גרם,false,,5.90,0.0118,true,1,8638
7290100701454,false,גרישה - בורגול דק,"סוגת תעשיות בע""מ",IL,גרישה 500 גרם,גרמים,500.00,100 גרם,false,,5.00,0.0100,true,1,8639
7290100701577,false,קמח לחם קמח חיטה לבן שטיבל,שטיבל טחנות קמח,IL,קמח לחם מועשר בויטמי,קילוגרמים,1.00,"ק""ג",false,,5.90,5.9000,true,1,8640
7290100701874,false,"קמח כוסמין 1 ק""ג סוגת",טחנות קמח שטיבל באר,IL,"קמח כוסמין סוגת 1 ק""",קילוגרמים,1.00,"ק""ג",false,,11.00,11.0000,true,1,8641
7290100702277,false,קוסקוס עבה סוגת 350 גר',סוגת,IL,קוסקוס עבה סוגת 350,גרמים,350.00,100 גרם,false,,4.20,0.0120,true,1,8644
7290100702611,false,פתיתים אפויים אורז סוגת 500 ג',אסיף,,פתיתים אפויים אורז ס,גרמים,500.00,100 גרם,false,,4.20,0.0084,true,1,8647
7290100702635,false,פתיתים אפויים כוכבים סוגת 500 ג',אסיף,IL,פתיתים אפויים כוכבים,גרמים,500.00,100 גרם,false,,4.20,0.0084,true,1,8649
7290100702741,false,"סוכר חום בהיר בצנצנת 1 ק""ג סוגת",סוגת,IL,סוכר חום בהיר בצנצנת,קילוגרמים,1.00,"ק""ג",false,,11.00,11.0000,true,1,8653
7290100702987,false,פתיתי שיבולת שועל דק סוגת 500ג',סוגת תעשיות,,פתיתי שיבולת שועל סו,גרמים,500.00,100 גרם,false,,5.10,0.0102,true,1,8655
7290100702994,false,סוגת סוכר דמררה קלאסי בשקית 500 גרם,"סוגת תעשיות בע""מ",IL,סוכר דמררה בשקית סוג,גרמים,500.00,100 גרם,false,,5.90,0.0118,true,1,8656
7290100703007,false,עדשים שחורות בלוגה סוגת 500 גר',האי נאם סי או אל.טי.,IL,סוגת עדשים שחורות בל,גרמים,500.00,100 גרם,false,,5.60,0.0112,true,1,8657
7290100703564,false,פתיתי שיבולת שועל עבה סוגת 500 ג',,,שיבולת שועל עבה סוגת,גרמים,500.00,100 גרם,false,,5.10,0.0102,true,1,8661
7290100703649,false,"קמח מלא 80% חיטה ללא ניפוי סוגת 1ק""ג",סוגת,,קמח מלא חיטה 80% ללא,קילוגרמים,1.00,"ק""ג",false,,5.00,5.0000,true,1,8664
7290100703687,false,"קמח חלה ללא ניפוי 1 ק""ג סוגת",סוגת,,קמח חלה ללא ניפוי סו,קילוגרמים,1.00,"ק""ג",false,,5.00,5.0000,true,1,8666
7290100703915,false,פופקורן להכנה במיקרוגל בטעם חמאה - מארז 6 שקיות,סוגת,,מארז פופקורן למיקרוג,גרמים,540.00,100 גרם,false,,8.50,0.0157,true,1,8669
7290100704141,false,סודה לשתייה 100 ג' סוגת,א.ל. ייצור ושיווק תב,IL,סוגת סודה לשתייה 100,גרמים,100.00,100 גרם,false,,2.50,0.0250,true,1,8675
7290100704493,false,"קמח שמרים פיצה ללא ניפוי סוגת 1 ק""ג","שטיבל בע""מ - טחנת קמ",IL,קמח שמרים פיצה סוגת,קילוגרמים,1.00,"ק""ג",false,,6.60,6.6000,true,1,8682
7290100704608,false,שעועית לבנה עדינה סוגת 500 גר',,,שעועית לבנה עדינה 50,גרמים,500.00,100 גרם,false,,5.90,0.0118,true,1,8684
7290100850916,false,דוריטוס חטיף חמוץ חריף 70 ג',"שטראוס פריטו ליי בע""",IL,דוריטוס חמוץ חריף 70,גרמים,70.00,100 גרם,false,,3.10,0.0443,true,1,12491
7290100850923,false,דוריטוס גריל 70 גרם,שטראוס פריטו ליי בע,IL,דוריטוס גריל 70 גרם,גרמים,70.00,100 גרם,false,,3.10,0.0443,true,1,12492
7290100850930,false,דוריטוס דיפ טבעי 70ג,שטראוס פריטו ליי בע,IL,דוריטוס טבעי 70 גרם,גרמים,70.00,100 גרם,false,,3.10,0.0443,true,1,12493
7290100858592,false,אבקת קקאו עלית שקית 150 ג',הנסיך- מפעל לייצור ט,IL,עלית קקאו 150ג,גרמים,150.00,100 גרם,false,,8.50,0.0567,true,1,11549
7290100858608,false,אבקת קקאו עלית שקית 500 ג',שטראוס גרופ,IL,עלית קקאו 500ג,גרמים,500.00,100 גרם,false,,20.40,0.0408,true,1,11550
7290100921401,false,"שמפו הוואי מועשר בקרטין 700מ""ל",טרופיקל דגיל,IL,שמפו קרטין מחזק הווא,מיליליטרים,700.00,"100 מ""ל",false,,7.60,0.0109,true,1,4072
7290100921418,false,"הוואי - מרכך קרטין מחזק 700 מ""ל",תאי פרזידנט פוד פאבל,IL,מרכך קרטין מחזק הווא,מיליליטרים,700.00,"100 מ""ל",false,,7.60,0.0109,true,1,4073
7290100921593,false,מנקה אסלה סוד 4 כדוריות לאסלה לימון נתלה 50 ג',"הנקל סוד בע""מ",HU,סוד סבון 4 כדוריות ל,גרמים,50.00,100 גרם,false,,6.80,0.1360,true,1,19153
7290100921609,false,סוד סבון לאסלה 4 כדוריות בניחוח אוקיינוס 50 ג',הנקל סוד,HU,סוד סבון 4 כדוריות ל,גרמים,50.00,100 גרם,false,,6.80,0.1360,true,1,19154
7290100921623,false,מנקה אסלה סוד 4 כדוריות נתלה אקונומיקה נתלה 50 ג',"הנקל סוד בע""מ",HU,סוד סבון 4 כדוריות ל,גרמים,50.00,100 גרם,false,,6.80,0.1360,true,1,19156
7290100922651,false,הוואי - סבון מוצק מי קוקוס 100 גרם רביעייה,הנקל סוד,IL,סבון מוצק מי קוקוס ה,גרמים,400.00,100 גרם,false,,10.00,0.0250,true,1,4082
7290100925676,false,קולור קאצ'ר- לוכד צבעים בכביסה 20 יח',הנקל סוד,IE,קולור קאצ'ר 20 דפים,יחידה,0.00,יחידה,false,,12.70,0.0000,true,1,19164
7290101110279,false,גלידת בליסימו בטעם שוקולד פאדג' פקאן,גלידות פלדמן,IL,בליסימו בטעם שוקולד,ליטרים,1.30,ליטר,false,,18.80,14.4615,true,1,19640
7290101112600,false,גלידה בלסימו מילקשייק וניל מוקה 1.3 ל' פלדמן,,,בליסימו בטעם מילקשיי,ליטרים,1.30,ליטר,false,,18.80,14.4615,true,1,19648
7290101112921,false,גלידל פרי קרחון מופחת קלוריות פירות טרופיים - 8 יח',הגלידות של פלדמן,IL,פופסיקל בטעם פירות ט,גרמים,640.00,100 גרם,false,,21.30,0.0333,true,1,19649
7290101113430,false,מאגדת גלידל שוקולד עם סירופ 312 ג',הגלידות של פלדמן,IL,מאגדת גלידל סירופ שו,גרמים,312.00,100 גרם,false,,22.20,0.0712,true,1,19664
7290101113591,false,טילוני יולו גלידת שוקולד לבן עם שברי עוגיות,הגלידות של פלדמן,IL,מאגדת טילון YOLO בט,גרמים,400.00,100 גרם,false,,21.30,0.0533,true,1,19667
7290101113768,false,מאגדת שלגון עוגיות ושוקולד חלב רביעיה * 50 ג' יולו,הגלידות של פלדמן,IL,מאגדת רביעייה שלגון,גרמים,200.00,100 גרם,false,,17.10,0.0855,true,1,34828
7290101551539,false,יוגורט PRO בטעם אפרסק 0% 20 גרם חלבון בגביע,דנונה - שטראוס,IL,דנונה פרו 20 אפרסק 2,גרמים,200.00,100 גרם,false,,5.00,0.0250,true,1,12194
7290101551584,false,תפוצ'יפס קידס מארז 10 יח' * 20 ג',"שטראוס פריטו ליי בע""",IL,מארז תפוצ'יפס קידס 1,גרמים,200.00,100 גרם,false,,11.00,0.0550,true,1,12495
7290101551638,false,חטיף צ'יטוס כאפה בטעם קטשופ - מארז 10 יח',"שטראוס פריטו ליי בע""",IL,מארז צ'יטוס כאפה 10*,גרמים,200.00,100 גרם,false,,11.00,0.0550,true,1,12499
7290101825227,false,כפפות חד פעמי לטקס ע,,,כפפות חד פעמי לטקס ע,יח',100.00,יח',false,,19.60,0.1960,true,1,29012
7290101865261,false,"פיניש נוזל הברקה 800 מ""ל",רקיט בנקיזר,PL,פיניש הברקה 800 מל,מיליליטרים,800.00,"100 מ""ל",false,,17.00,0.0213,true,1,10583
7290101866633,false,ווניש קליה ג`ל להסרת כתמים 3 ל',קליה וניש Kalia Vanish,IL,וניש קליה ג'ל 3 ליטר,ליטרים,3.00,ליטר,false,,25.60,8.5333,true,1,10586
7290101866787,false,מסיר כתמים ומלבין לכביסה לבנה 3 ל וניש קליה,קליה וניש Kalia Vanish,PL,וניש נוזל מסיר כתמים,ליטרים,3.00,ליטר,false,,25.60,8.5333,true,1,10587
7290101868958,false,"פיניש נוזל הברקה למדיח בניחוח לימון 500 מ""ל",רקיט בנקיזר,PL,פיניש נוזל הברקה לימ,מיליליטרים,800.00,"100 מ""ל",false,,17.00,0.0213,true,1,10590
7290101869825,false,מילוי למכשיר מבשם אויר חשמלי אואזיס,איירוויק Air Wick,PL,איירוויק מילוי מבשם,מיליליטרים,19.00,"100 מ""ל",false,,14.40,0.7579,true,1,10605
7290101869917,false,מילוי למכשיר ספריי אוטומטי היער הקסום,איירוויק Air Wick,GB,איירוויק מילוי מבשם,מיליליטרים,250.00,"100 מ""ל",false,,12.70,0.0508,true,1,10608
7290102030330,false,תפוצ'יפס קראנצ' בטעם מקסיקני,"שטראוס פריטו ליי בע""",IL,תפוצ'יפס קראנץ מקסיק,גרמים,200.00,100 גרם,false,,8.50,0.0425,true,1,12502
7290102031276,false,מארז 8 יחידות אקטימל משקה יוגורט בטעם תות בננה,מיוצר עי קונדיטוריית,IL,אקטימל תות בננה 8*10,מיליליטרים,800.00,"100 מ""ל",false,,17.00,0.0213,true,1,12197
7290102032334,false,אבקה להכנת משקה קפה בטעם וניל,STRAUSS-ISRAEL,IL,קפה נמס עלית בטעם ונ,גרמים,200.00,100 גרם,false,,17.00,0.0850,true,1,11556
7290102060979,false,"אלמקס משחת שיניים משפחתי 100 מ""ל",יבואן ומשווק: ש. שסט,PL,משחת שיניים משפחתי א,מיליליטרים,100.00,"100 מ""ל",false,,16.20,0.1620,true,1,11009
7290102300822,false,גבינה צ'דר אנגלית כתומה 200 ג',דאולי צ'יסמייקרס,GB,סיימן גבינת צדר אנגל,גרמים,200.00,100 גרם,false,,20.40,0.1020,true,1,8462
7290102302888,false,גבינה הולנדית עם כמו,מיוצר עי קונדיטוריית,NL,גבינה הולנדית עם כמו,גרמים,200.00,100 גרם,false,,25.60,0.1280,true,1,43472
7290102390427,false,יוגורט ביו עם קציפת תות 3% שומן 150 ג' מולר,מולר Muller,IL,מולר פרופ תות 3% 150,גרמים,150.00,100 גרם,false,,4.20,0.0280,true,1,3182
7290102390465,false,יוגורט ביו עם קציפת אפרסק ופסיפלורה 3% שומן 150 ג' מולר,מולר Muller,IL,מולר פרופ אפרסק פסיפ,גרמים,150.00,100 גרם,false,,4.20,0.0280,true,1,3183
7290102390489,false,יוגורט ביו עם קציפת לימון 3% שומן 150 ג' מולר,מולר Muller,IL,מולר פרופ לימון 3% 1,גרמים,150.00,100 גרם,false,,4.20,0.0280,true,1,3184
7290102391844,false,יוגורט ביו עם קציפת פירות יער3% שומן 150 ג' מולר,מולר Muller,IL,מולר פרופ לבן+קציפת,גרמים,150.00,100 גרם,false,,4.20,0.0280,true,1,3185
7290102392094,false,חלב עיזים 4.1% צוריאל 1 ל' קרטון,מילקו תעשיות בעמ,IL,צוריאל חלב עיזים 1ל,ליטרים,1.00,ליטר,false,,13.20,13.2000,true,1,3187
7290102392254,false,חלב 1% בקרטון 2 ל' טרה,מילקו תעשיות בעמ,IL,טרה חלב 1% 2ל,ליטרים,2.00,ליטר,false,,10.02,5.0100,true,1,3188
7290102393169,false,סימפלי פרוט יוגורט תות 3% שומן 150 ג' מולר,מולר Muller,IL,מולר סימפלי פרוט תות,גרמים,150.00,100 גרם,false,,4.20,0.0280,true,1,3194
7290102393176,false,סימפלי פרוט יוגורט אפרסק 3% שומן 150 ג' מולר,מילקו תעשיות בעמ,IL,מולר סימפלי פרוט אפר,גרמים,150.00,100 גרם,false,,4.20,0.0280,true,1,3195
7290102393268,false,**טרה גבינה לבנה אריזת חיסכון 5% 750ג,טרה,IL,טרה גבינה לבנה אריזת,גרמים,750.00,100 גרם,false,,12.74,0.0170,true,1,3197
7290102393947,false,סימפלי פרוט יוגורט בטעם קיווי 3% שומן 150 ג' מולר,מילקו תעשיות בעמ,IL,מולר סימפלי פרוט קיו,מיליליטרים,150.00,"100 מ""ל",false,,4.20,0.0280,true,1,3200
7290102394081,false,מולר מיקס יוגורט קרמי עם קורנפלקס מצופה שוקולד,מילקו תעשייה בעמ,IL,מולר מיקס קורנפקלס מ,גרמים,170.00,100 גרם,false,,5.00,0.0294,true,1,3201
7290102394463,false,נעם גבינה צהובה וואקום 28% 500גרם,Unknown,IL,נעם גבינה צהובה וואק,גרמים,500.00,100 גרם,false,,20.30,0.0406,true,1,3203
7290102395217,false,מאגדת שמיניה מולר במתיקות מעודנת 1.2% 8*150 ג',מולר Muller,IL,מולר ביאנקו במתיקות,קילוגרמים,1.20,"ק""ג",false,,15.80,13.1667,true,1,3208
7290102395378,false,גבינה צהובה נועם 28% וואקום פרוס 360ג',טרה,IL,נעם גבינה צהובה ואקו,גרמים,360.00,100 גרם,false,,16.90,0.0469,true,1,3213
7290102395439,false,מארז 8 גביעים יוגורט בטעם פירות יער וקיווי 3% Simply Fruit,מילקו תעשיות בעמ,IL,מולר סימפלי פירות יע,קילוגרמים,1.20,"ק""ג",false,,26.40,22.0000,true,1,3214
7290102395446,false,מעדן חלב בטעם וניל עם קצפת 123 ג' טרה,טרה,IL,מוו וניל קצפת 123מל,מיליליטרים,123.00,"100 מ""ל",false,,2.50,0.0203,true,1,3215
7290102395521,false,"שמנת לבישול 15% שומן 500 מ""ל טרה",מילקו תעשיות בעמ,IL,טרה שמנת לבישול 15%+,מיליליטרים,500.00,"100 מ""ל",false,,14.10,0.0282,true,1,3217
7290102396399,false,מארז 8 יחידות מעדן חלב בטעם שוקולד 1.5%,טרה,IL,מוו מעדן שוקולד 100*,גרמים,800.00,100 גרם,false,,10.10,0.0126,true,1,3219
7290102396405,false,מארז 8 יחידות מעדן חלב בטעם וניל 1.5%,טרה,IL,מוו מעדן וניל 100*8,גרמים,800.00,100 גרם,false,,10.10,0.0126,true,1,3220
7290102396580,false,מעדן שוקולד ומוס שוקולד 123 ג' טרה,טרה,IL,מוו מעדן שוקולד ומוס,גרמים,118.00,100 גרם,false,,2.50,0.0212,true,1,3224
7290102396665,false,פרוסות גבינת נעם מופחתת שומן 15%,מילקו תעשיות בעמ,IL,גבנ`צ דקדק פתח סגור,גרמים,200.00,100 גרם,false,,13.00,0.0650,true,1,3226
7290102396719,false,יוגורט ביו עם תות שדה 0% Simply Fruit,מולר Muller,IL,מולר סימפלי פרוט תות,גרמים,170.00,100 גרם,false,,4.20,0.0247,true,1,3228
7290102396740,false,מארז 8 גביעים יוגורט בטעם תות שדה ואפרסק 0% Simply Fruit,מילקו תעשיות בעמ,IL,מולר סימפלי פרוט 0%,קילוגרמים,1.20,"ק""ג",false,,26.40,22.0000,true,1,3230
7290102397204,false,פרוסות גבינה 22% שומן 200 ג' נעם,מילקו תעשיות בעמ,IL,נעם צהובה דק דק 22%,גרמים,200.00,100 גרם,false,,13.00,0.0650,true,1,3236
7290102397310,false,מעדן מיני בטעם שוקולד קצפת מוו מאגדת 8 יח' * 70 ג',טרה,IL,מאגדת שמינייה מיני מ,מיליליטרים,944.00,"100 מ""ל",false,,9.80,0.0104,true,1,3237
7290102397464,false,יוגורט ביו בתוספת גרעינים אגוזים וחמוציות 170 ג' מולר,מולר Muller,IL,מולר יוגורט נטורל +,גרמים,150.00,100 גרם,false,,5.00,0.0333,true,1,3242
7290102397600,false,מיקס יוגורט בתוספת שקדים ובוטנים מקורמלים 170 ג' מולר,מילקו תעשייה בעמ,IL,מולר מיקס שקדים ובוט,גרמים,168.00,100 גרם,false,,5.00,0.0298,true,1,3244
7290102397617,false,יוגורט ביו קרמי עם כדורים מצופים שוקולד חום לבן,מולר Muller,IL,מולר מיקס קליק 168 ג,גרמים,168.00,100 גרם,false,,5.00,0.0298,true,1,3245
7290102397730,false,פרוסות גבינה אמנטל חצי קשה 30% שומן 200 ג' נעם,Unknown,IL,גבינת אמנטל נעם פתיח,גרמים,200.00,100 גרם,false,,13.60,0.0680,true,1,3247
7290102397891,false,גבינת מותכת 18% צוריאל 100ג',משק צוריאל,IL,רביעייה גבינה מותכת,גרמים,100.00,100 גרם,false,,6.40,0.0640,true,1,3249
7290102398065,false,**חלב בקרטון 2 ליטר 3% מהדרין - טרה,Unknown,IL,טרה חלב קרטון 3% מהד,יחידה,0.00,יחידה,false,,10.65,0.0000,true,1,3253
7290102398553,false,משקה חלב בטעם שוקו 2% XL אריזה משפחתית,מילקו תעשיות בעמ,IL,שוקו טרה בבקבוק 1.5,ליטרים,1.50,ליטר,false,,14.40,9.6000,true,1,3263
7290102398560,false,שוקו מעושר בבקבוק 1ל' טרה,מילקו תעשיות בעמ,IL,שוקו טרה מועשר בבקבו,ליטרים,1.00,ליטר,false,,10.20,10.2000,true,1,3264
7290102398577,false,משקה חלב בטעם שוקו 2% בבקבוק אישי,מילקו תעשיות בעמ,IL,שוקו טרה מועשר בבקבו,מיליליטרים,250.00,"100 מ""ל",false,,4.70,0.0188,true,1,3265
7290102398614,false,משקה חלב בטעם בננה 1 ליטר טרה,מילקו תעשיות בעמ,IL,משקה חלב בטעם בננה 1,ליטרים,1.00,ליטר,false,,10.20,10.2000,true,1,3266
7290102398782,false,משקה סויה קלאסי צוריאל 1 ל',משק צוריאל,IT,משקה סויה קלאסי משק,ליטרים,1.00,ליטר,false,,8.50,8.5000,true,1,3270
7290102398805,false,משקה סויה - וניל 1 ליטר משק צוריאל,משק צוריאל,IT,משקה סויה בטעם וניל,ליטרים,1.00,ליטר,false,,8.50,8.5000,true,1,3272
7290102398836,false,משקה שקדים קלאסי 1 ליטר משק צוריאל,משק צוריאל,IT,משקה שקדים קלאסי משק,ליטרים,1.00,ליטר,false,,8.50,8.5000,true,1,3274
7290102399635,false,"מולר פרופ יוגורט ביו עם קציפת קוקוס ואננס 150 מ""ל",מולר Muller,IL,מעדן מולר פרופ קוקוס,גרמים,150.00,100 גרם,false,,4.20,0.0280,true,1,3280
7290102399772,false,ממרח חמאת מולר ושמן לפתית במליחות עדינה,Molkerei Weihensteph,DE,מולר ממרח חמאה במליח,גרמים,250.00,100 גרם,false,,12.70,0.0508,true,1,3284
7290102399796,false,מעדן יוגורט לבן מועשר בחלבון 200 ג' מולר אקטיב,מולר Muller,IL,יוגורט חלבון לבן 250,גרמים,200.00,100 גרם,false,,5.00,0.0250,true,1,3286
7290102399802,false,יוגורט עם תות מולר אקטיב מועשר בחלבון 200 גר',מולר Muller,IL,יוגורט חלבון תות 20,גרמים,200.00,100 גרם,false,,5.00,0.0250,true,1,3287
7290102399819,false,יוגורט עם פירות יער מולר אקטיב מועשר בחלבון 200 גר',מולר Muller,IL,יוגורט חלבון פ.יער 2,גרמים,200.00,100 גרם,false,,5.00,0.0250,true,1,3288
7290103120658,false,דאודורנט סטיק ג'ל לגבר Cool Night 24/7,הנסיך- מפעל לייצור ט,US,דאודורנט ג'ל שחור ספ,מיליליטרים,85.00,"100 מ""ל",false,,16.20,0.1906,true,1,11010
7290103124601,false,"תחליב רחצה נוזל חלב ודבש משאבה 750מ""ל פלמוליב",הנסיך- מפעל לייצור ט,TR,תחליב רחצה חלב ודבש,מיליליטרים,750.00,"100 מ""ל",false,,17.10,0.0228,true,1,11014
7290103401429,false,עלית אוריגינס קצב ברזילאי 200ג,הנסיך- מפעל לייצור ט,IL,קפה אוריגינס קצב ברז,גרמים,200.00,100 גרם,false,,21.30,0.1065,true,1,11562
7290103404758,false,כרוב אדום במיונז אחל,מיוצר עי קונדיטוריית,IL,אחלה כרוב אדום 120ג,גרמים,120.00,100 גרם,false,,4.70,0.0392,true,1,12201
7290103681180,false,"יין תבור הר מרלו 750 מ""ל",מיוצר על ידי יקב תבו,IL,"הר תבור מרלו 750 מ""ל",מיליליטרים,750.00,"100 מ""ל",false,,29.00,0.0387,true,1,35345
7290103681210,false,"יין תבור הר יין שרדונה 2018 750 מ""ל",מיוצר על ידי יקב תבו,IL,הר תבור שרדונה 750 מ,מיליליטרים,750.00,"100 מ""ל",false,,29.00,0.0387,true,1,3294
7290103681227,false,"יין תבור הר גיוורצטרמינר 750 מ""ל",מיוצר על ידי יקב תבו,IL,הר תבור גוורצטרמינר,מיליליטרים,750.00,"100 מ""ל",false,,29.00,0.0387,true,1,3295
7290103700195,false,שאפו רדיד אלומיניום צר 30*7.5 2יח',"שניב תעשיות נייר בע""",,טאצ רדיד אלומיניום ק,מטרים,15.00,מטר,false,,10.20,0.6800,true,1,12596
7290103700393,false,טאצ' כריות יפניות עבות עם תעלות 4 יח',"שניב תעשיות נייר בע""",,טאצ' כריות יפניות עב,יחידה,0.00,יחידה,false,,7.60,0.0000,true,1,12600
7290103701017,false,נייר אפייה נשלף טאצ 50 יחידות כשלפ,"שניב תעשיות נייר בע""",,טאצ' נייר אפייה נשלף,יחידה,0.00,יחידה,false,,7.80,0.0000,true,1,12604
7290103702212,false,ממחטות טישיו כיס טאצ,"שניב תעשיות נייר בע""",,טאצ ממחטות כיס,יחידה,0.00,יחידה,false,,5.90,0.0000,true,1,12610
7290103702304,false,טאצ' אשפתון עבה במיוחד 35 יח',"שניב תעשיות נייר בע""",,טאצ אשפתון בגליל 35,יחידה,0.00,יחידה,false,,12.50,0.0000,true,1,12614
7290103702328,false,שקיות אשפה עבות במיו,"שניב תעשיות נייר בע""",,טאצ אשפתון בגליל 25,יחידה,0.00,יחידה,false,,12.50,0.0000,true,1,12616
7290103703219,false,דלי מטליות לחות לניקוי כללי בניחוח לימון טאצ',,,טאצ' מטליות לחות לני,יחידה,0.00,יחידה,false,,17.90,0.0000,true,1,21411
7290103703233,false,מטליות טאצ' לחות תפוח לניקוי כללי דלי,,,טאצ' מטליות לחות לני,יחידה,0.00,יחידה,false,,17.90,0.0000,true,1,21412
7290103703240,false,מטליות לחות לריצפה טאצ',,,טאצ' מטליות לחות לרי,יח',10.00,יח',false,,8.50,0.8500,true,1,12626
7290103703899,false,מפיות טאצ 80 יחי' צבעים כהים חד שכבתיות,,IL,מפיות טאצ' 80 יחידות,יחידה,0.00,יחידה,false,,4.20,0.0000,true,1,12636
7290103704155,false,נייר מגבת טאצ' 6 גלילים מהדורת 2021,"שניב תעשיות נייר בע""",IL,מגבות נייר 6 גלילים,מטרים,63.00,מטר,false,,8.50,0.1349,true,1,12637
7290103704162,false,נייר טואלט טאצ' פרימיום 32 גלילים,"שניב תעשיות נייר בע""",IL,נייר טואלט טאצ' 32 ג,יח',0.00,יח',false,,24.70,0.0000,true,1,12638
7290103704179,false,מגבת נייר למטבח טאצ' 8 יח',,,מגבות נייר 8 גלילים,מטרים,83.00,מטר,false,,11.90,0.1434,true,1,12639
7290103704186,false,מגבות מטבח כפול טאצ`מהדורת 2021 6 יחידות,,,מגבות טאצ' גליל כפול,יחידה,0.00,יחידה,false,,17.10,0.0000,true,1,32431
7290103704575,false,נייר טואלט טאצ' פרימיום 48 גלילים,,,נייר טואלט טאצ' 48 י,יחידה,0.00,יחידה,false,,34.20,0.0000,true,1,12641
7290103704766,false,נייר טואלט 24 גליל כפול מהדורת פרח סגול,,,נייר טואלט 24 גליל,יחידה,0.00,יחידה,false,,36.70,0.0000,true,1,52727
7290103722005,false,נייר טואלט לאבלי 32 ג' לבן-מרכז,,,לאבלי נייר טואלט לבן,מטרים,588.00,מטר,false,,28.10,0.0478,true,1,12642
7290103746001,false,ממחטות טאצ' 5*100 צץ רץ (19*195),"שניב תעשיות נייר בע""",,ממחטות טאצ' חמישייה,יחידה,0.00,יחידה,false,,10.20,0.0000,true,1,12644
7290104005176,false,חגורות גברים,,,חגורות גברים,יחידה,0.00,יחידה,false,,17.00,0.0000,true,1,16729
7290104061424,false,חומוס אחלה עם זעתר 400 ג',מיוצר עי קונדיטוריית,IL,אחלה חומוס זעתר 400,גרמים,400.00,100 גרם,false,,9.30,0.0233,true,1,12204
7290104061431,false,חומוס אחלה עם צנובר 400 ג',"שטראוס גרופ בע""מ",IL,אחלה חומוס צנובר 400,גרמים,400.00,100 גרם,false,,9.30,0.0233,true,1,12205
7290104061448,false,חומוס עם חריף 400 ג' אחלה,מיוצר עי קונדיטוריית,IL,אחלה חומוס חריף 400ג,גרמים,400.00,100 גרם,false,,9.30,0.0233,true,1,12206
7290104065934,false,שטראוס עלי רוקט 150ג,שטראוס בריאות ירקות,IL,שטראוס עלי רוקט 150ג,גרמים,150.00,100 גרם,false,,9.90,0.0660,true,1,12208
7290104066566,false,טחינה שומשום מלא אחלה 500 גר',מיוצר עי קונדיטוריית,IL,אחלה טחינה 500ג,גרמים,500.00,100 גרם,false,,11.90,0.0238,true,1,12210
7290104067693,false,אחלה חומוס עם חריף 150 גרם,מיוצר עי קונדיטוריית,IL,אחלה חומוס עם חריף 1,גרמים,150.00,100 גרם,false,,5.00,0.0333,true,1,12211
7290104500572,false,אפרופו חטיף איטליאנו 50 ג' אסם,מיוצר עי קונדיטוריית,IL,אפרופו איטלקי 36*50ג,גרמים,50.00,100 גרם,false,,4.30,0.0860,true,1,9443
7290104501661,false,אינסטנט פודינג בטעם וניל צרפתי,מיוצר עי קונדיטוריית,IL,אסם פודינג בטעם וניל,גרמים,80.00,100 גרם,false,,5.00,0.0625,true,1,9444
7290104508189,false,גביעי וופל ממותקים לגלידה 24 יח',בטר אנד דיפרנט,IL,גביעי גלידה ממותקים,0 יח',24.00,0 יח',false,,11.00,0.4583,true,1,9449
7290104508943,false,במבה אריזת חסכון 200 גרם,"אסם השקעות בע""מ",IL,במבה קלאסי 18*200 גר,גרמים,200.00,100 גרם,false,,7.60,0.0380,true,1,9451
7290104570162,false,תמרים כבוש ביסאן 500 ג',תמר העמקים בית שאן,,תמר כבוש 500 גרם,גרמים,500.00,100 גרם,false,,6.70,0.0134,true,1,23285
7290104721762,false,קפה טורקי עלית מארז 85X3ג',,,טורקי עלית 3*85 גר'.,גרמים,255.00,100 גרם,false,,16.20,0.0635,true,1,11579
7290104722530,false,תפוצ'יפס בטעם שמנת ובצל,"שטראוס פריטו ליי בע""",IL,תפוציפס שמנת בצל 200,גרמים,200.00,100 גרם,false,,8.50,0.0425,true,1,12503
7290104726262,false,מארז 4 יחידות דני לשתייה בטעם שוקולד + קשים,מיוצר עי קונדיטוריית,IL,דני שוקולד לשתייה מא,מיליליטרים,500.00,"100 מ""ל",false,,9.30,0.0186,true,1,12216
7290104726712,false,מארז 8 יחידות מעדן מילקי בטעם שוקולד עם קצפת,"שטראוס גרופ בע""מ",IL,מילקי שמינייה מארז 8,קילוגרמים,1.06,"ק""ג",false,,17.00,16.0377,true,1,12217
7290104728310,false,"שמנת עמידה לקצפת 38% שומן 250 מ""ל יוטבתה",מחלבת יטבתה,IL,יטבתה שמנת עמידה לקצ,מיליליטרים,250.00,"100 מ""ל",false,,5.53,0.0221,true,1,12218
7290104960239,false,"תחליב רחצה נקה 7 ארומה לבן 750 מ""ל",טרופיקל דגיל תעשיות,IL,תחליב רחצה קמומיל נק,מיליליטרים,750.00,"100 מ""ל",false,,10.20,0.0136,true,1,15961
7290104960246,false,"נקה 7 - תחליב רחצה ורד ויסמין 750 מ""ל",אמיליה קוסמטיקס,IL,תחליב רחצה ורד ויסמי,מיליליטרים,750.00,"100 מ""ל",false,,10.20,0.0136,true,1,15962
7290104960253,false,"תחליב רחצה נקה 7 לבנדר סגול 750מ""ל",טרופיקל דגיל תעשיות,IL,תחליב רחצה לבנדר נקה,מיליליטרים,750.00,"100 מ""ל",false,,10.20,0.0136,true,1,15963
7290104960338,false,"נקה 7 תחליב רחצה ארומה אלוורה ותה ירוק 750מ""ל",אמיליה קוסמטיקס,IL,תחליב רחצה אלוורה ות,מיליליטרים,750.00,"100 מ""ל",false,,10.20,0.0136,true,1,15964
7290104961878,false,"שמפו לשיער קרטין אינטנס פורמולה 400 מ""ל נטורל",נטורל פורמולה Natural Formula,IL,קרטין אינטנס שמפו נט,מיליליטרים,400.00,"100 מ""ל",false,,26.40,0.0660,true,1,15975
7290104961885,false,מרכך קרטין טהור לשיער שעבר החלקה או עיצוב בחום,נטורל פורמולה Natural Formula,IL,מרכך קרטין אינטנס נט,מיליליטרים,400.00,"100 מ""ל",false,,26.40,0.0660,true,1,15976
7290105360755,false,שמן זית כתית מעולה חזק 3,מכוורת יד מרדכי שטרא,IL,שמן זית 3 חזק כתית י,מיליליטרים,750.00,"100 מ""ל",false,,29.00,0.0387,true,1,11591
7290105360762,false,שמן כתית מעולה עדין 1,מכוורת יד מרדכי שטרא,IL,שמן זית 1 עדין כתית,מיליליטרים,750.00,"100 מ""ל",false,,29.00,0.0387,true,1,11592
7290105360878,false,תפוצ'יפס מארז 4 יח' *50ג',"שטראוס פריטו ליי בע""",IL,תפוציפס מארז 4*50ג,גרמים,200.00,100 גרם,false,,9.30,0.0465,true,1,12506
7290105362339,false,"שמנת לבישול 15% 250 מ""ל יטבתה מהדרין",מחלבת יטבתה,IL,יטבתה שמנת לבישול 15,מיליליטרים,250.00,"100 מ""ל",false,,6.80,0.0272,true,1,12220
7290105364289,false,כיף כף - מקלות פצפוצים 40 גרם,"איי, בי, אינבוו",TR,כיף כף מקלות פצפוצים,גרמים,40.00,100 גרם,false,,4.20,0.1050,true,1,11597
7290105364302,false,"עלית חטיף שוקולד כיף כף מקלות אגוזים, 40 גרם","איי, בי, אינבוו",TR,כיף כף מקלות אגוזים,גרמים,42.00,100 גרם,false,,4.20,0.1000,true,1,11598
7290105366023,false,חציל אחלה בטעם כבד 400 גר' אחלה,מיוצר עי קונדיטוריית,IL,אחלה חציל בטעם כבד 4,גרמים,400.00,100 גרם,false,,12.70,0.0317,true,1,12221
7290105366047,false,טחינה אחלה לבנה 400 גר',מיוצר עי קונדיטוריית,IL,אחלה טחינה לבנה 400ג,גרמים,400.00,100 גרם,false,,12.70,0.0317,true,1,12222
7290105366993,false,סימפוניה גבינה במרקם שמנת פלפל שיפקה חריף 5%,"שטראוס בריאות בע""מ",IL,סימפוניה פלפל שיפקה,גרמים,200.00,100 גרם,false,,9.80,0.0490,true,1,12224
7290105368904,false,"שמנת מתוקה להקצפה 32% שומן 250 מ""ל יוטבתה",מחלבת יטבתה,IL,יטבתה שמנת עמידה לקצ,מיליליטרים,250.00,"100 מ""ל",false,,6.40,0.0256,true,1,12229
7290105368928,false,"שמנת 9% שומן 200 מ""ל יוטבתה",מחלבת יטבתה,IL,יטבתה שמנת 9% 200מל,מיליליטרים,200.00,"100 מ""ל",false,,2.50,0.0125,true,1,12230
7290105430441,false,תחליב רחצה סחלב שחור וקרם לחות Naturals משאבה,הנסיך- מפעל לייצור ט,TR,פלמוליב תחליב רחצה ס,מיליליטרים,750.00,"100 מ""ל",false,,17.10,0.0228,true,1,11021
7290105439499,false,מיונז הולנדי 481 ג' מאסטר שף,רמיה סי.וי. הולנד,NL,מיונז הולנדי מאסטר ש,גרמים,480.00,100 גרם,false,,10.20,0.0212,true,1,11034
7290105439505,false,קרם בטעם מיונז לייט מנה 479 ג' מאסטר שף,רמיה סי.וי. הולנד,NL,מאסטר שף קרם בטעם מ,גרמים,479.00,100 גרם,false,,8.50,0.0177,true,1,11035
7290105500151,false,וודקה פינלנדיה בקבוק,"אלטיה קורפ, הלסינקי,",FI,וודקה פינלנדיה 700 מ,מיליליטרים,700.00,"100 מ""ל",false,,52.10,0.0744,true,1,6846
7290105500236,false,וויסקי ג'ק דניאלס מס' 7 Brand No,ג'ק דניאלס Jack Daniel's,US,גק דניאלס וויסקי 700,מיליליטרים,700.00,"100 מ""ל",false,,85.40,0.1220,true,1,6847
7290105500953,false,"וויסקי ג'ק דניאלס דבש 700 מ""ל",ג'ק דניאל'ס,BE,ג'ק נדיאלס וויסקי דב,מיליליטרים,700.00,"100 מ""ל",false,,85.40,0.1220,true,1,6849
7290105691248,false,פריכונים חטיפי טורטיה תירס 60 ג' אוסם,"מיוצר ע""י PT, משווק",IL,חטיפי פריכונים טורטי,גרמים,60.00,100 גרם,false,,6.50,0.1083,true,1,9455
7290105691934,false,"קמח שמרים 1ק""ג אוסם",תאי פרזידנט פוד פאבל,IL,"קמח שמרים אסם 1 ק""ג",קילוגרמים,1.00,"ק""ג",false,,6.80,6.8000,true,1,9460
7290105693341,false,במבה מארז 10 יח' * 25 ג' אסם,"אסם השקעות בע""מ",IL,במבה מאח.15 10*25גרם,גרמים,250.00,100 גרם,false,,12.70,0.0508,true,1,9461
7290105693952,false,פירורית זהב אסם זהב שומשום 200 ג',מיוצר עי קונדיטוריית,IL,פירורית זהב שומשום 2,גרמים,200.00,100 גרם,false,,5.60,0.0280,true,1,9463
7290105694904,false,אבקת מרק פטריות רכיבים טבעיים 220 ג' אסם,"אסם השקעות בע""מ",IL,אבקת מרק פטריות רכיב,גרמים,220.00,100 גרם,false,,11.90,0.0541,true,1,9464
7290105695024,false,אסם פתיתים אפויים אורז עם אטריות 500 גר,"אסם השקעות בע""מ",IL,פתיתים אפויים אורז ע,גרמים,500.00,100 גרם,false,,5.90,0.0118,true,1,9466
7290105695321,false,עוגת שוקולד בראוניז פאדג' 380 ג',מיוצר עי קונדיטוריית,IL,הבית עוגות בראוניס פ,גרמים,380.00,100 גרם,false,,13.60,0.0358,true,1,9467
7290105775344,false,סט קומקום מ מיץ וטוס,,,סט קומקום מ מיץ וטוס,יחידה,0.00,יחידה,false,,135.90,0.0000,true,1,22922
7290105962331,false,זחוק אדום תימני מקורי חריף מאוד,קריניסה ויטמין אס אי,IL,סחוג חריף מאוד זהבי,גרמים,220.00,100 גרם,false,,9.40,0.0427,true,1,12233
7290105964564,false,אחלה חומוס אחלה 400ג,מיוצר עי קונדיטוריית,IL,אחלה חומוס אחלה 400ג,גרמים,400.00,100 גרם,false,,6.80,0.0170,true,1,12236
7290105965738,false,יוגורט לשתיה בטעם תות בננה267 ג' דנונה,מיוצר עי קונדיטוריית,IL,דנונה משקה תות בננה,גרמים,267.00,100 גרם,false,,4.20,0.0157,true,1,12237
7290105966469,false,"חומץ בלסמי יד מרדכי 250מ""ל",אצטייה ג'וזפה קרמוני,IT,חומץ בלסמי יד מרדכי,גרמים,250.00,100 גרם,false,,11.90,0.0476,true,1,11608
7290105968098,false,סלט קולסלאו אחלה 500 ג',אחלה - שטראוס,IL,אחלה קולסלאו 500ג,גרמים,500.00,100 גרם,false,,12.70,0.0254,true,1,12238
7290105968654,false,רביולי בטטה פרווה פסטה נונה 400 ג',מיוצר עי קונדיטוריית,IL,שטראוס רביולי בטטה 4,גרמים,400.00,100 גרם,false,,14.40,0.0360,true,1,12239
7290105968777,false,פריכיות עם תחתית שוקולד מריר 70 ג' אנרגי,"טחנת האבן תעשיות בע""",IL,פריכיות תחתית שוקלד,גרמים,70.00,100 גרם,false,,6.80,0.0971,true,1,11609
7290106520066,false,רבע לשבע במילוי קרם אגוזים ובציפוי שוקולד חלב,הגביע מוצרי וופלים ב,IL,רבע לשבע 160 גרם,גרמים,160.00,100 גרם,false,,9.30,0.0581,true,1,11610
7290106520912,false,"שמנת לבישול 9% 250 מ""ל יטבתה",מחלבת יטבתה,IL,יטבתה שמנת לבישול 9%,מיליליטרים,250.00,"100 מ""ל",false,,6.80,0.0272,true,1,12241
7290106521049,false,קוביות סלק אחלה 400 גר',מיוצר עי קונדיטוריית,IL,אחלה קוביות סלק 400,גרמים,400.00,100 גרם,false,,12.70,0.0317,true,1,12242
7290106521926,false,שקית קפה טורקי 150 ג' עלית,עלית,,קפה טורקי עלית 150 ג,גרמים,150.00,100 גרם,false,,10.70,0.0713,true,1,11614
7290106526822,false,פריכיות אורז עם תחתית שוקולד חלב 80 ג' אנרגי,"טחנת האבן תעשיות בע""",IL,פריכיות עם תחתית שוק,גרמים,80.00,100 גרם,false,,6.80,0.0850,true,1,11621
7290106528628,false,דוריטוס טבעי עלית 185 ג',"שטראוס פריטו ליי בע""",IL,דוריטוס טבעי 185 גר`,גרמים,185.00,100 גרם,false,,6.40,0.0346,true,1,12510
7290106572027,false,אוסם - לחמית חמישה דגנים 190 גרם,"אסם השקעות בע""מ",IL,לחמית חמישה דגנים אס,גרמים,190.00,100 גרם,false,,6.80,0.0358,true,1,9476
7290106572959,false,מארז אפרופו חטיף תירס 5 יחידות,אסם תעשיות,IL,אפרופו קלאסי מאח.8 5,גרמים,75.00,100 גרם,false,,11.00,0.1467,true,1,9480
7290106573277,false,אוסם - קריספי טאפאס זיתים 150 גרם,מיוצר עי קונדיטוריית,IL,אסם קריספי טאפאס זית,גרמים,150.00,100 גרם,false,,9.80,0.0653,true,1,9484
7290106573598,false,צבר חומוס לבנוני 400גרם,סלטי צבר,IL,צבר חומוס לבנוני 400,גרמים,400.00,100 גרם,false,,10.20,0.0255,true,1,35786
7290106574793,false,עוגת הבית שוקו שוקוצ''יפס 350 ג' אסם,מיוצר עי קונדיטוריית,IL,עוגת הבית שוקו שוקוצ,גרמים,350.00,100 גרם,false,,10.20,0.0291,true,1,9487
7290106574953,false,בייגלה שטוחים כעכים שטוחים עם שומשום,מיוצר עי קונדיטוריית,IL,אסם בייגלה שטוחים שו,גרמים,300.00,100 גרם,false,,9.30,0.0310,true,1,9488
7290106574977,false,בייגלה שטוחים כעכים שטוחים עם מלח,מיוצר עי קונדיטוריית,IL,אסם בייגלה שטוחים עם,גרמים,300.00,100 גרם,false,,9.30,0.0310,true,1,9489
7290106575011,false,פתיתים אפויים פלוס חיטה מלאה 400 ג' אסם,מיוצר עי קונדיטוריית,IL,פתיתים אפויים חיטה מ,גרמים,400.00,100 גרם,false,,5.90,0.0148,true,1,9490
7290106575257,false,עוגת הבית סופלה בטעם שוקולד 340 ג' אסם,מיוצר עי קונדיטוריית,IL,עוגת הבית סופלה בטעם,גרמים,340.00,100 גרם,false,,10.20,0.0300,true,1,9491
7290106576513,false,סלט חומוס צבר 400 גר,סלטי צבר,IL,צבר חומוס 400 גרם,גרמים,400.00,100 גרם,false,,7.60,0.0190,true,1,10079
7290106576537,false,צבר חומוס מסעדה 700 גר,סלטי צבר,IL,צבר חומוס מסעדה 700,גרמים,700.00,100 גרם,false,,9.20,0.0131,true,1,10080
7290106576834,false,גלידה לה קרמריה פונטש בננה1.4 ל' נסטלה,תות תעשיות מזון (201,IL,גלידה קרמריה פונטש ב,ליטרים,1.40,ליטר,false,,19.60,14.0000,true,1,8069
7290106576919,false,גלידה קרמריה סורבה תות לימון 1.4 ליטר,המאפיה של הרמן,IL,גלידה קרמריה סורבה ת,ליטרים,1.40,ליטר,false,,19.60,14.0000,true,1,8071
7290106576971,false,גלידה לה קרמריה שוקולד בלגי 1.4 ל' נסטלה,תות תעשיות מזון (201,IL,לה קרמריה שוקולד בלג,ליטרים,1.40,ליטר,false,,19.60,14.0000,true,1,8073
7290106577039,false,גלידה לה קרמריה שוקו וניל פליק 1.4 ל' נסטלה,תות תעשיות מזון (201,IL,לה קרמריה שוקו וניל,ליטרים,1.40,ליטר,false,,19.60,14.0000,true,1,8075
7290106577541,false,כרוב אדום מרובע 400 ג' צבר,סלטי צבר,IL,צבר מרובע כרוב אדום,גרמים,400.00,100 גרם,false,,10.70,0.0267,true,1,10085
7290106578692,false,אוסם - במבה ביסלי מיקס 80 גרם,פרו מן יו פתרונות אר,IL,במבה ביסלי מיקס 36*8,גרמים,80.00,100 גרם,false,,3.80,0.0475,true,1,9496
7290106578821,false,הבית עוגת שמרים קלאסית בטעם שוקולד 350גר.,מיוצר עי קונדיטוריית,IL,עוגת הבית שמרים קלאס,גרמים,350.00,100 גרם,false,,14.40,0.0411,true,1,9497
7290106654099,false,מילקי CAKE עוגות אישיות במילוי קרם חלב,STRAUSS-ISRAEL,,עוגות אישיות מילקי ק,גרמים,272.00,100 גרם,false,,17.00,0.0625,true,1,12245
7290106656734,false,עוגיות חיוכים וניל 600 ג'רם,אפיפית נצרת,IL,"חיוכים וניל בד""צ 600",גרמים,600.00,100 גרם,false,,14.90,0.0248,true,1,11628
7290106658479,false,עלית וופל בטעם טורטית אגוזים 360גר,"שטראוס גרופ בע""מ",IL,עלית וופל בטעם טורטי,גרמים,40.00,100 גרם,false,,3.30,0.0825,true,1,11631
7290106662964,false,עלית סוכריות נוסטלגיה גומי יין 100גר,טופגאם תעשיות ממתקים,IL,עלית סוכריות נוסטלגי,גרמים,80.00,100 גרם,false,,4.20,0.0525,true,1,11637
7290106663091,false,לאבנה טבעי 9% שטראוס 500ג',הדקלאים אגודת שיתופי,IL,שטראוס לאבנה 9% 500,גרמים,500.00,100 גרם,false,,14.40,0.0288,true,1,12247
7290106663503,false,יד מרדכי קונפיטורת לייט תות 230 גר,אף.סי תבליני בגליל ב,IL,קונפיטורת לייט תות 2,גרמים,230.00,100 גרם,false,,10.20,0.0443,true,1,11641
7290106663558,false,"רוטב טריאקי ורימון יד מרדכי 280מ""ל",אף.סי תבליני בגליל ב,IL,יד מרדכי רוטב טריאקי,מיליליטרים,280.00,"100 מ""ל",false,,10.90,0.0389,true,1,11645
7290106667266,false,דוריטוס חמוץ חריף עלית 185 ג',הנסיך- מפעל לייצור ט,IL,דוריטוס חמוץ חריף 18,גרמים,185.00,100 גרם,false,,6.40,0.0346,true,1,12518
7290106668577,false,"מיץ לימון טבעי יד מרדכי 250 מ""ל",האי נאם סי או אל.טי.,IT,מיץ לימון טבעי יד מר,מיליליטרים,250.00,"100 מ""ל",false,,6.60,0.0264,true,1,11649
7290106720626,false,צ'יטוס קראנצ' בטעם גבינה - חלבי,"שטראוס פריטו ליי בע""",IL,ציטוס גבינה 80 גרם,גרמים,80.00,100 גרם,false,,4.20,0.0525,true,1,12519
7290106725874,false,"סירופ מייפל טהור יד מרדכי 236 מ""ל",יד מרדכי,,יד מרדכי סירופ מייפל,מיליליטרים,236.00,"100 מ""ל",false,,34.10,0.1445,true,1,11663
7290106729650,false,יוגורט עם תות מאגדת 8 יח' * 150ג' דנונה,דנונה - שטראוס,,דנונה יוגורט תות 8יח,קילוגרמים,1.20,"ק""ג",false,,21.30,17.7500,true,1,12255
7290107280020,false,מטליות לחות סנו סושי לניקוי כללי שלישיה *50 יח',טרופיקל דגיל- תעשיות,IL,סנו סושי מגבונים לני,יחידה,0.00,יחידה,false,,17.00,0.0000,true,1,16027
7290107280099,false,מגבוני טואלט לחים סנו סופט שלישייה * 48 יח',טרופיקל דגיל- תעשיות,IL,סנו סופט מגבוני טואל,יחידה,0.00,יחידה,false,,13.60,0.0000,true,1,16032
7290107280341,false,ריצפז מטליות לחות לניקוי הרצפה בניחוח מלון מפנק,"סנו מפעלי ברונוס סע""",IL,ריצפז מטליות לחות לנ,יחידה,0.00,יחידה,false,,10.20,0.0000,true,1,16037
7290107280570,false,סנו - מקסימה ג'ל כביסה מרוכז לכביסה צבעונית 3 ליטר,מיוצר עי קונדיטוריית,IL,מקסימה ג'ל כביסה מיק,ליטרים,3.00,ליטר,false,,29.00,9.6667,true,1,16048
7290107280723,false,נוזל לניקוי כלים סנו ספארק Spark בניחוח לימון רענן,סנו כימיקלים,IL,סנו ספארק נוזל לניקו,מיליליטרים,700.00,"100 מ""ל",false,,7.60,0.0109,true,1,16056
7290107280747,false,נוזל לניקוי כלים סנו ספארק Spark קלאסי,סנו כימיקלים,IL,סנו ספארק נוזל לניקו,מיליליטרים,700.00,"100 מ""ל",false,,7.60,0.0109,true,1,16058
7290107280761,false,נוזל לניקוי כלים בניחוח לימון רענן סנו ספארק Spark,מיוצר עי קונדיטוריית,IL,ספארק נוזל לכלים לימ,יחידה,0.00,יחידה,false,,10.20,0.0000,true,1,16060
7290107340243,false,מטען בית אייפון,,,מטען בית אייפון,יחידה,0.00,יחידה,false,,34.20,0.0000,true,1,43024
7290107341356,false,כבל אייפון imx,,,כבל אייפון,יחידה,0.00,יחידה,false,,17.10,0.0000,true,1,37892
7290107341370,false,כבל טפייסי imx,,,כבל טייפ סי,יחידה,0.00,יחידה,false,,17.10,0.0000,true,1,43029
7290107341394,false,אוזניות לבן imx,,,אוזנייה לבנה,יחידה,0.00,יחידה,false,,25.60,0.0000,true,1,43030
7290107646147,false,חטיף דגנים שוגי קורנפלקס שישייה * 26 ג',יוניליוור ישראל מזון,IL,חטיף שוגי קורנפלקס ת,גרמים,156.00,100 גרם,false,,8.50,0.0545,true,1,5259
7290107646154,false,חטיף דגנים קוקומן פצפוצים טעם שוקו שישיה* 21 ג',יוניליוור ישראל מזון,IL,חטיף קוקומן פצפוצים,גרמים,126.00,100 גרם,false,,8.50,0.0675,true,1,5260
7290107649100,false,בייגלה טבעות שומשום 300 גר',בייגל את בייגל מזון,IL,בייגלה טבעות שומשום,גרמים,300.00,100 גרם,false,,7.60,0.0253,true,1,5281
7290107649605,false,שוקולד חלב עם קורנפלקס ופצפוצים,מיוצר עי קונדיטוריית,IL,טבלה קליק קורנפלקס ח,גרמים,85.00,100 גרם,false,,4.20,0.0494,true,1,5285
7290107871990,false,פסטה צינורות 500 ג' אסם,פסטה זארה,IT,פסטה צינורות אסם 500,גרמים,500.00,100 גרם,false,,5.00,0.0100,true,1,9503
7290107874502,false,ביסלי גריל מארז 4 יח' * 55 ג' אסם,מיוצר עי קונדיטוריית,IL,ביסלי גריל 4*55 גרם,גרמים,220.00,100 גרם,false,,11.00,0.0500,true,1,9511
7290107875271,false,ביסלי ברביקיו מארז 4 יח' * 55 ג' אסם,,,ביסלי ברבקיו מארז 4*,גרמים,220.00,100 גרם,false,,11.00,0.0500,true,1,9515
7290107875820,false,קרוטונים אפויים בתיבול ביתי אוסם 180 ג',עינת תעשיות מזון,IL,קרוטונים אפויים בתיב,גרמים,180.00,100 גרם,false,,8.10,0.0450,true,1,9516
7290107876889,false,אוסם - במבה במילוי קרם נוגט 45 גרם,"אסם השקעות בע""מ",IL,במבה במילוי קרם נוגט,גרמים,45.00,100 גרם,false,,3.80,0.0844,true,1,9519
7290107877619,false,מארז במבה במילוי קרם נוגט 5*30ג' אסם,אסם תעשיות,IL,במבה במילוי קרם נוגט,גרמים,150.00,100 גרם,false,,11.90,0.0793,true,1,9522
7290107931397,false,כיף כף פצפוצים ביסקוויט 40ג',שולן צ'יקולטה גידה ס,TR,כיף כף פצפצים 40גר`,גרמים,40.00,100 גרם,false,,4.20,0.1050,true,1,11670
7290107932080,false,חלב בבקבוק 3% שומן 1 ל' יוטבתה,מחלבת יטבתה,IL,יטבתה חלב בבקבוק 3%,ליטרים,1.00,ליטר,false,,6.60,6.6000,true,1,12256
7290107932134,false,חלב בבקבוק 1% שומן 1 ל' יוטבתה,מחלבת יטבתה,IL,יטבתה חלב בבקבוק 1%,ליטרים,1.00,ליטר,false,,6.60,6.6000,true,1,12257
7290107933193,false,שטראוס סלק מבושל בוו,הורקסה 5 גאמא ס.א.,ES,שטראוס סלק מבושל בוו,גרמים,500.00,100 גרם,false,,5.80,0.0116,true,1,12259
7290107934473,false,מארז 8 יח' אקטיביה יוגורט קרמי 1.5% שומן,דנונה - שטראוס,IL,אקטיביה מארז מיוחד 1,קילוגרמים,1.20,"ק""ג",false,,17.00,14.1667,true,1,12263
7290107936309,false,דנונה יוגורט 7% יווני לבן 130 ג',"שטראוס בריאות בע""מ",IL,דנונה יווני לבן 130,גרמים,130.00,100 גרם,false,,2.60,0.0200,true,1,12264
7290107936965,false,עד חצות עוגיות עיגולים 225 גר',ביסקווטרי עוגיות סנט,FR,עד חצות עיגולים 225,גרמים,125.00,100 גרם,false,,11.00,0.0880,true,1,11678
7290107937542,false,משקה יוגורט אקטיביה עם תות 1.2% שומן,מיוצר עי קונדיטוריית,IL,משקה אקטיביה תות 1.2,מיליליטרים,265.00,"100 מ""ל",false,,4.20,0.0158,true,1,12266
7290107937634,false,צנצנית מסטיק מאסט קוביות פפירמינט 58 ג' עלית,אסקום קונפקשיין,DE,צנצנת קוביות פפירמינ,גרמים,58.00,100 גרם,false,,8.50,0.1466,true,1,11682
7290107937641,false,מסטיק בצנצנת קוביות בזוקה 58 ג',אסקום קונפקשיין,DE,צנצנת קוביות בזוקה 5,גרמים,58.00,100 גרם,false,,8.50,0.1466,true,1,11683
7290107938396,false,"אקטימל משקה פרוביוטי תות 100X8 מ""ל",מיוצר עי קונדיטוריית,IL,דנונה Actimel בנים ב,גרמים,864.00,100 גרם,false,,17.90,0.0207,true,1,12267
7290107939027,false,גזר דק דק ירקות שטרא,שטראוס בריאות ירקות,IL,גזרדק דק 250 גרם בד`,גרמים,250.00,100 גרם,false,,6.80,0.0272,true,1,12270
7290107940030,false,חומוס אחלה 650 גר',,,חומוס אחלה 650 גר,גרמים,650.00,100 גרם,false,,7.60,0.0117,true,1,12271
7290107943369,false,קוואקר שיבולת שועל ללא גלוטן 511 גר'.,היידי שוקולד בירונטי,US,שיבולת שועל ללא גלוט,גרמים,511.00,100 גרם,false,,15.30,0.0299,true,1,12525
7290107944472,false,סימפוניה גבינה במרקם שמנת 5% שום שמיר,"שטראוס בריאות בע""מ",IL,סימפוניה 5% שום שמיר,גרמים,200.00,100 גרם,false,,9.80,0.0490,true,1,12279
7290107950206,false,מעדן חלב דל קלוריות בטעם שוקולד 0% שומן,מיוצר עי קונדיטוריית,IL,מעדן דיאט שוקולד % 0,גרמים,130.00,100 גרם,false,,3.00,0.0231,true,1,12285
7290107951104,false,בפלות ופלים ארוכים בטעם שוקולד,"א.ג. גילרו בע""מ",IL,בפלות 200 גרם שוקולד,גרמים,200.00,100 גרם,false,,3.80,0.0190,true,1,11710
7290107953559,false,קפה טורקי עלית לדרך שקיות 24X7ג',הנסיך- מפעל לייצור ט,IL,קפה טורקי לדרך 168 ג,גרמים,168.00,100 גרם,false,,15.30,0.0911,true,1,11720
7290107954709,false,קונפיטורה יד מרדכי פירות יער 340 ג',יד מרדכי,,יד מרדכי קונפיטורת פ,גרמים,340.00,100 גרם,false,,9.20,0.0271,true,1,11722
7290107956901,false,קפסולות אגוזי לוז למוכנת נספרסו,עלית,,עלית קפסולות אספרסו,גרמים,150.00,100 גרם,false,,14.40,0.0960,true,1,11733
7290107958035,false,יוגורט במתיקות מעודנת 2% ללא תוספת סוכר- מארז 8 יח,דנונה - שטראוס,IL,8 דנונה מתיקות מעודנ,קילוגרמים,1.20,"ק""ג",false,,15.80,13.1667,true,1,12293
7290107971751,false,מי פה קולגייט טוטל ללא אלכוהול פפרמינט,יבואן ומשווק: ש. שסט,PL,קולגייט מי פה טוטל כ,מיליליטרים,500.00,"100 מ""ל",false,,26.40,0.0528,true,1,11045
7290107973014,false,פלמוליב סבון ידיים חלב ודבש 300 מ'ל,הנסיך- מפעל לייצור ט,TR,פלמוליב סבון ידיים ח,מיליליטרים,300.00,"100 מ""ל",false,,8.50,0.0283,true,1,11048
7290107973793,false,שימורי עגבניות שלמות 400 ג' מאסטר שף,פראנו אריקו ופיגלי ס,IT,עגבניות שלמות מאסטר,גרמים,400.00,100 גרם,false,,4.20,0.0105,true,1,11051
7290107973861,false,עגבניות קצוצת דק שלישיה * 400 ג' מאסטר שף,קונסרזיו קאסאלאסקו ד,IT,עגבניות קצוצות דק מא,קילוגרמים,1.20,"ק""ג",false,,13.60,11.3333,true,1,11054
7290107974073,false,עלי טורטיה קמח לבן מאסטר שף 320ג',הנסיך- מפעל לייצור ט,DE,עלי טורטיה קמח לבן מ,גרמים,320.00,100 גרם,false,,8.50,0.0266,true,1,11057
7290107974080,false,טורטיות קמח לבן מנה 840 ג',הדקלאים אגודת שיתופי,DE,עלי טורטיה קמח לבן מ,גרמים,820.00,100 גרם,false,,13.60,0.0166,true,1,11058
7290107974806,false,"אורז בסמטי 1 ק""ג מאסטר שף",דווה סינג שיהם,,אורז בסמטי מאסטר שף,קילוגרמים,1.00,"ק""ג",false,,11.00,11.0000,true,1,11061
7290107974813,false,"אורז יסמין 1 ק""ג מאסטר שף",מאסטר שף,,אורז יסמין מאסטר שף,קילוגרמים,1.00,"ק""ג",false,,11.00,11.0000,true,1,11062
7290107978323,false,אטריות דקיקות 400 גרם מאסטר שף,הדקלאים אגודת שיתופי,PL,איטריות דקיקות מאסטר,גרמים,400.00,100 גרם,false,,5.10,0.0127,true,1,31805
7290107978330,false,מאסטר שף אטריות דקות 400 ג',הדקלאים אגודת שיתופי,PL,איטריות דקות מאסטר ש,גרמים,400.00,100 גרם,false,,5.10,0.0127,true,1,31806
7290107978347,false,מאסטר שף אטריות ביניניות 400 ג',הדקלאים אגודת שיתופי,PL,איטריות בינוניות מאס,גרמים,400.00,100 גרם,false,,5.10,0.0127,true,1,31807
7290107979184,false,"תבניות אלומיניום פלוס נייר אפייה 32/26 ס""מ L",HAI PLASTIC,CN,קוקי תבנית אלומניום,יחידה,0.00,יחידה,false,,10.20,0.0000,true,1,11081
7290108350258,false,נייר טואלט סנו סופט גליל ארוך 12=36 יח',מפעלי ברונוס בעמ,IL,סופט נייר טואלט גליל,מטרים,180.00,מטר,false,,36.70,0.2039,true,1,16069
7290108350548,false,סנו ספארק נוזל כלים בניחוח לבנדר עם משאבה 1 ל',מיוצר עי קונדיטוריית,IL,סנו ספארק משאבה בניח,ליטרים,1.00,ליטר,false,,10.20,10.2000,true,1,16073
7290108350616,false,סנו - מקסימה מרכך כביסה מרוכז פריחה כחולה 1 ליטר,"סנו מפעלי ברונוס בע""",IL,מרכך כביסה מקסימה סו,יחידה,0.00,יחידה,false,,16.20,0.0000,true,1,16076
7290108350623,false,מרכך כביסה סופר מרוכז סופט סילק מקסימה 1 ל' סנו,"סנו מפעלי ברונוס בע""",IL,מרכך כביסה מקסימה סו,יחידה,0.00,יחידה,false,,16.20,0.0000,true,1,16077
7290108351118,false,"קוטל מעופפים 750 מ""ל K4000",סנו מפעלי ברונוס בעמ,IL,K4000,מיליליטרים,750.00,"100 מ""ל",false,,27.30,0.0364,true,1,16092
7290108351507,false,מרכך כביסה מקסימה סופט סילק 4 ל' סנו,סנו מקסימה,IL,מרכך כביסה סנו מקסימ,ליטרים,4.00,ליטר,false,,19.60,4.9000,true,1,16096
7290108351514,false,מרכך כביסה בבישום עוצמתי פריחה כחולה,סנו מקסימה,IL,מרכך כביסה סנו מקסימ,ליטרים,4.00,ליטר,false,,19.60,4.9000,true,1,16097
7290108351590,false,"סנופרש הום בלו בלוסון בניחוח מרכך כביסה 350 מ""ל",סנו פרש Fresh,IL,סנו פרש BLUE BLOSSOM,מיליליטרים,350.00,"100 מ""ל",false,,10.20,0.0291,true,1,16104
7290108351613,false,סנו ריצפז פרש הום 2 ליטר בניחוח מלון חלומי,"סנו מפעלי ברונוס בע""",IL,ריצפז פרש הום מלון ח,ליטרים,2.00,ליטר,false,,18.70,9.3500,true,1,16106
7290108351682,false,ג'ל כביסה מקסימה ביו 5 ל' סנו,סנו,IL,ג'ל כביסה סנו מקסימה,ליטרים,5.00,ליטר,false,,40.90,8.1800,true,1,16112
7290108351699,false,סנו - ג'ט מטליות לחות לניקוי כללי בתוספת חומץ לבנדר שלישיה,סנו מפעלי ברונוס על,IL,מגבונים ג'ט+חומץ מאר,יחידה,0.00,יחידה,false,,14.40,0.0000,true,1,16113
7290108351705,false,פניני בישום -275 ג' FRESH LINEN,value smart prodacts,US,פניני בישום לכביסה כ,גרמים,275.00,100 גרם,false,,17.00,0.0618,true,1,16114
7290108351811,false,מקסימה מרכך כביסה סופר מרוכז פלור טאצ' 1 ליטר,מיוצר עי קונדיטוריית,IL,סנו מקסימה מרכך כביס,יחידה,0.00,יחידה,false,,16.20,0.0000,true,1,16124
7290108351835,false,מרכך כביסה בבישום עוצמתי פלורל טאצ',מיוצר עי קונדיטוריית,IL,מרכך כביסה סנו מקסימ,ליטרים,4.00,ליטר,false,,19.60,4.9000,true,1,16126
7290108351972,false,"סנו פרש הום פרש הום מלון בוטיק 200 מ""ל",מיוצר עי קונדיטוריית,IL,סנו פרש הום יבש לבית,יחידה,200.00,יחידה,false,,10.20,0.0510,true,1,16138
7290108352337,false,"סנו - פרש מילוי למטהר אוויר מלון מפנק 250 מ""ל",מיוצר עי קונדיטוריית,IL,סנו פרש הום אוטומטיק,גרמים,250.00,100 גרם,false,,11.90,0.0476,true,1,16160
7290108352412,false,"סנו - פרש הום מבשם לבית ולטקסטיל ורד אנגלי ועלים 300 מ""ל",מיוצר עי קונדיטוריית,IL,סנו פרש הום מטהר אוי,מיליליטרים,300.00,"100 מ""ל",false,,11.00,0.0367,true,1,16166
7290108352443,false,סנובון מוצק שלישיה לוטס וסחלב,סנו מפעלי ברונוס בעמ,IL,סנובון מוצק שלישיה כ,גרמים,165.00,100 גרם,false,,13.60,0.0824,true,1,16169
7290108352450,false,ריצפז פרש הום בניחוח מרכך כביסה בלו בלוסום,סנו מפעלי ברונוס בעמ,IL,ריצפז פרש הום בניחוח,ליטרים,2.00,ליטר,false,,18.70,9.3500,true,1,16170
7290108352535,false,סנו - מקסימה דפי בישום לחים למייבש הכביסה בניחוח מרכך כביסה,סנו מקסימה,IL,דפי בישום לחים למייב,יחידה,0.00,יחידה,false,,11.00,0.0000,true,1,16176
7290108352566,false,מרכך כביסה בבישום עוצמתי 4 ל' סנו מקסינה,"סנו מפעלי ברונוס בע""",IL,מרכך JOY בבישום עוצמ,ליטרים,4.00,ליטר,false,,19.60,4.9000,true,1,16177
7290108352641,false,סנו סושי מטלית הפלא לניקוי כללי במארז שלישייה,סנו מפעלי ברונוס.,CN,סנו סושי מטלית הפלא,יחידה,0.00,יחידה,false,,12.70,0.0000,true,1,16183
7290108352689,false,סנו סושי כריות קרצוף ללכלוך קשה 9 יח',טרופיקל דגיל תעשיות,US,כריות קרצוף ללכלוך ק,יחידה,0.00,יחידה,false,,8.50,0.0000,true,1,16187
7290108352849,false,שלישיית מטליות הפלא לניקוי כללי דקור סנו סושי,טרופיקל דגיל תעשיות,CN,סנו סושי מטלית הפלא,יחידה,0.00,יחידה,false,,12.70,0.0000,true,1,16196
7290108353013,false,תבניות אינגלישקייק מנייר סנו סושי 5 יח',מיוצר עי קונדיטוריית,CN,סנו-סושי 5 תבניות א,יחידה,0.00,יחידה,false,,11.10,0.0000,true,1,16212
7290108353020,false,4 תבנית אפייה מנייר מלבנית גדולה סנו,מיוצר עי קונדיטוריית,CN,סנו-סושי-4 תבניות אפ,יחידה,0.00,יחידה,false,,11.10,0.0000,true,1,16213
7290108353068,false,ספוג הפלא נירוסטה עם סיבי קירצוף סנו סושי 2 יח',מיוצר עי קונדיטוריית,CN,סנו סושי-כרית קרצוף,יח',3.00,יח',false,,8.50,2.8333,true,1,16217
7290108353372,false,צמד מברשות שיניים 12 אלף סיבי פחם,סנו,IL,אורביטול מברשת שיניי,יחידה,0.00,יחידה,false,,26.50,0.0000,true,1,71611
7290108353495,false,אורביטול - חוט דנטאלי 50 מטר בתוספת שעווה ופלואוריד,,,חוט דנטלי אורביטול,יחידה,0.00,יחידה,false,,9.40,0.0000,true,1,58318
7290108353501,false,סנו סושי שקיות אשפה עם ידיות 25 יח' XXL,טרופיקל דגיל תעשיות,TR,שקיות אשפה עם ידיות,יחידה,0.00,יחידה,false,,17.00,0.0000,true,1,16232
7290108353518,false,"תבניות אלומיניום עם ידיות אחיזה 34*29 ס""מ",קריניסה ויטמין אס אי,CN,סנו סושי 2 תבניות אל,יחידה,0.00,יחידה,false,,11.10,0.0000,true,1,16233
7290108353532,false,"שקיות אשפה נשלפות עם שרוך 65*54 ס""מ L",סנו סושי,IL,שקיות אשפה בגליל סנו,יחידה,0.00,יחידה,false,,26.40,0.0000,true,1,16235
7290108353570,false,סנו סושי צלחות קטנות 25 יח',,,צלחות ק.סוכר סנו סוש,יחידה,0.00,יחידה,false,,10.20,0.0000,true,1,16239
7290108353648,false,סנו סושי - שקיות אוכל מנייר 70 יחידות,סנו מפעלי ברונוס.,TR,סנו סושי 70 שקיות או,יחידה,0.00,יחידה,false,,9.30,0.0000,true,1,16242
7290108353655,false,"סנו סושי - 50 מפיות אירוח איכותיות גדולות ועבות 3 שכבות לבנות """,האנק טישו,PL,סנו סושי 50 מפיות אי,יחידה,0.00,יחידה,false,,9.30,0.0000,true,1,16243
7290108353662,false,"סנו סושי מפת שולחן מוטבעת 120*270 ס""מ",,,סנוסושי מפת שולחן מו,יחידה,0.00,יחידה,false,,9.40,0.0000,true,1,57640
7290108353686,false,מטלית חלומית לריצפה מיקרופייבר,נינגבו סנבנג,CN,סנו סושי מטלית לריצפ,יחידה,0.00,יחידה,false,,11.00,0.0000,true,1,16245
7290108353693,false,"צלחות מעוטרות מקנה סוכר בקוטר 19 ס""מ",סנו סושי,,צלחות ק.סוכר סנו סוש,יחידה,0.00,יחידה,false,,14.40,0.0000,true,1,16246
7290108354034,false,"סבון ידיים חמאת שיאה וקוקוי 300 מ""ל קרמה",טרופיקל דגיל תעשיות,IL,סבון ידיים קרמה חמאת,מיליליטרים,300.00,"100 מ""ל",false,,8.50,0.0283,true,1,16260
7290108354270,false,מרכך כביסה מרוכז בבישום עוצמתי 1 ל' סנו מקסימה,מיוצר עי קונדיטוריית,IL,מרכך בבישום עוצמתי מ,ליטרים,1.00,ליטר,false,,16.20,16.2000,true,1,16266
7290108354430,false,"שמפו כיף לשיקום והזנה שמן קוקוס וקרטין 700 מ""ל",קוסמופארם בעמ,IL,שמפו כיף לשיקום והזנ,מיליליטרים,700.00,"100 מ""ל",false,,10.20,0.0146,true,1,16269
7290108354607,false,"שמפו בניחוח מי קקטוס ושמן באבאסו 750 מ""ל נקה 7",אמיליה קוסמטיקס,IL,שמפו ביו נקה 7 750 מ,מיליליטרים,750.00,"100 מ""ל",false,,10.20,0.0136,true,1,57588
7290108354614,false,"מרכך בניחוח מי קקטוס ושמן באבאסו 750 מ""ל נקה 7",אמיליה קוסמטיקס,IL,מרכך לשיער ביו נקה 7,מיליליטרים,750.00,"100 מ""ל",false,,10.20,0.0136,true,1,57589
7290108355048,false,קרליין - מגבונים להסרת איפור שלשה,,,מגבונים רכים להסרת א,100 יח',75.00,100 יח',false,,21.30,0.2840,true,1,35332
7290108356137,false,"כיף - תחליב רחצה לבנדר 700 מ""ל",קריות זול,IL,תחליב רחצה לבנדר כיף,מיליליטרים,700.00,"100 מ""ל",false,,10.20,0.0146,true,1,16355
7290108356519,false,קרליין שמפו 10למניעת קשקשים 700מל,קרליין Careline,IL,שמפו לשיער בתוספת שמ,מיליליטרים,700.00,"100 מ""ל",false,,11.90,0.0170,true,1,32400
7290108356854,false,מגבוני בייבי כיף בניוח עדין מארז חמישייה,בייבי כיף Baby,IL,מגבוני בייבי כיף בני,יחידה,0.00,יחידה,false,,17.00,0.0000,true,1,16374
7290108357028,false,"כיף תחליב רחצה ורד ושמן קוקוי 700 מ""ל",קוסמופארם בעמ,IL,כיף תחליב רחצה ורד ו,מיליליטרים,700.00,"100 מ""ל",false,,10.20,0.0146,true,1,16378
7290108357097,false,"קרליין - נושם ביו דאודורנט ספריי 150 מ""ל Velvet Rose לאישה",קרליין Careline,,דיאודורנט ספריי בניח,מיליליטרים,150.00,"100 מ""ל",false,,11.00,0.0733,true,1,35497
7290108357110,false,"קרליין - נושם ביו דאודורנט רול און 75 מ""ל Valvet Rose לאישה",קרליין Careline,,דיאודורנט רול און בנ,מיליליטרים,75.00,"100 מ""ל",false,,11.00,0.1467,true,1,35494
7290108357288,false,אקונומיקה ז'אוול בניחוח פריחה לבנה 4 ל' סנו,סנו ז'אוול Javel,IL,סנו ז'אוול בניחוח פר,ליטרים,4.00,ליטר,false,,14.40,3.6000,true,1,34653
7290108357578,false,קרם ידיים קרמה וניל פלפ ורוד,,,קרם ידיים בניחוח וני,מיליליטרים,100.00,"100 מ""ל",false,,8.50,0.0850,true,1,16389
7290108357714,false,"כיף שמפו לשיער יבש -רימונים ושמן ארגן 700 מ""ל",גוד פוד פרודקטס S.p,IL,שמפו לשיער יבש רימונ,מיליליטרים,700.00,"100 מ""ל",false,,10.20,0.0146,true,1,16391
7290108357851,false,"כיף - ג'ל רחצה אליקסיר אוילס מועשר בשמן קוקוס 700 מ""ל","קוסמופארם בע""מ",IL,ג'ל רחצה מועשר בשמן,מיליליטרים,700.00,"100 מ""ל",false,,11.00,0.0157,true,1,32424
7290108358100,false,"פרש הום מקלות ריחניים לבית בניחוח בייבי 100 מ""ל",סנו,IL,מקלות ריחניים לבית ב,מיליליטרים,100.00,"100 מ""ל",false,,17.10,0.1710,true,1,34505
7290108358117,false,"פרש הום מקלות ריחניים לבית בניחוח כביסה רעננה 100 מ""ל",סנו,IL,מקלות ריחניים לבית ב,מיליליטרים,100.00,"100 מ""ל",false,,17.10,0.1710,true,1,34506
7290108359015,false,סושי שקיות זיפר עם סליידר 20 יח מדיום,,,שקיות זיפר עם סליידר,יחידה,0.00,יחידה,false,,12.80,0.0000,true,1,32489
7290108359060,false,כריות לניקוי כלים לשבת סנו סושי 4 יח',סנו,IL,כריות ניקוי לשבת 4 י,יחידה,0.00,יחידה,false,,10.20,0.0000,true,1,16403
7290108359077,false,סנו - סופט לושן ממחטות אף בקופסא 3 שכבות 120 יח',סנו סופט Soft,EG,ממחטות אף בקופסא 3 ש,יחידה,0.00,יחידה,false,,11.10,0.0000,true,1,32492
7290108359084,false,כיסוי ניילון עם גומי 30 יח' M סנו סושי,סנו,IL,סנו סושי כיסוי ניילו,יחידה,0.00,יחידה,false,,10.20,0.0000,true,1,93123
7290108359091,false,כיסוי ניילון עם גומי 30 יח' L סנו סושי,סנו,IL,סנו סושי כיסוי ניילו,יחידה,0.00,יחידה,false,,10.20,0.0000,true,1,93136
7290108359114,false,סושי חמגשית אלומיניום עם מכסה,,,סנו סושי חמגשית אלומ,יחידה,0.00,יחידה,false,,9.40,0.0000,true,1,58330
7290108359176,false,סופט ממחטות אף 3 שכבות 200יח,סנו,,סנו סופט ממחטות אף ת,יח',200.00,יח',false,,11.90,0.0595,true,1,105048
7290108359190,false,סנו סושי מגבות נייר בגליל כפול פי 3,סנו,IL,סנו סושי מגבות הפלא,יחידה,0.00,יחידה,false,,21.30,0.0000,true,1,106598
7290108500271,false,שלישית פטריות מהדרין חתוכות 290 ג' ויליפוד,,,פטריות חתוך ויליפוד,גרמים,870.00,100 גרם,false,,10.20,0.0117,true,1,1690
7290108500677,false,כבד דג שיבוט מעושן בשמן הדג,"איטיליאן פוד, אס.פי.",IT,כבד דג שיבוט בשמן וי,גרמים,115.00,100 גרם,false,,7.60,0.0661,true,1,1692
7290108501346,false,גבינה מגורדת גאודה 500 גר',Euro יורו מחלבות אירופה,IL,סיי ציז גבינת גאודה,גרמים,500.00,100 גרם,false,,17.00,0.0340,true,1,1693
7290108501490,false,גבינה מוצרלה פרוסות ו.פוד 150ג',,,גבינה מוצרלה פרוסות,גרמים,150.00,100 גרם,false,,11.00,0.0733,true,1,1696
7290108501971,false,חטיף בוטנים ומשמש הפי נאטס מארז 35X4ג',וילי פוד,GR,חטיף שקדים ומשמש HAP,גרמים,140.00,100 גרם,false,,8.50,0.0607,true,1,1705
7290108502541,false,גבינת שמנת טבעי 200ג' EURO CHEESE,קסוס אל פסטור,TR,גבינת שמנת טעם טבעי,גרמים,200.00,100 גרם,false,,10.70,0.0535,true,1,1715
7290108502725,false,גבינת גאודה פרוסות 400 גר`וילי פוד,Euro יורו מחלבות אירופה,,גבינת גאודה פרוסות 4,גרמים,400.00,100 גרם,false,,14.50,0.0363,true,1,31695
7290108502862,false,מלפפונים כבושים במלח 18-25קטנים מאוד 600ג',וילי פוד,TR,מלפפונים כבושים במלח,גרמים,600.00,100 גרם,false,,7.50,0.0125,true,1,1724
7290108503043,false,תפוחונים חטיף פלחים מיובשים מארז 22X4ג',ינטאי זונגקאן פוד קו,CN,מארז רביעייה תפוחוני,גרמים,88.00,100 גרם,false,,8.50,0.0966,true,1,1727
7290108503067,false,פרמזנו משולש ויליפוד,וילי פוד,IL,פרמז'נו משולש 150 גר,גרמים,150.00,100 גרם,false,,11.90,0.0793,true,1,1728
7290108503159,false,גבינה כחולה עם עובש 100 גר,קסוס אל פסטור,ES,וילי פוד גבינה כחולה,גרמים,100.00,100 גרם,false,,6.80,0.0680,true,1,1730
7290108503982,false,פרוסות גבינה בטעם צ''דר לכריכים וטוסטים 150 ג',,ES,פרוסות גבינה בטעם צ',גרמים,150.00,100 גרם,false,,7.60,0.0507,true,1,1746
7290108504286,false,גבינה איבריקו צ'אנק 150 גר',ג.וילי פוד אינטרנשיו,ES,איבריקו צ'אנק 150 גר,גרמים,150.00,100 גרם,false,,14.40,0.0960,true,1,1752
7290108504699,false,נתחי טונה בשמן קנולה רביעיה * 160 ג' וילי פוד,וילי פוד,,נתחי טונה בשמן קנולה,גרמים,640.00,100 גרם,false,,18.30,0.0286,true,1,1760
7290108505153,false,יוגורט בטעם טבעי 2% שומן 150 ג',Euro יורו מחלבות אירופה,GR,יוגורט יווני בטעם טב,גרמים,150.00,100 גרם,false,,3.30,0.0220,true,1,1764
7290108505689,false,גבינת גרנה פדנו מגור,זנאטי,IT,גבינת גרנה פדנו 29%,גרמים,100.00,100 גרם,false,,8.50,0.0850,true,1,1771
7290108505719,false,גבינת מוצרלה מגורדת 25%,יורו צ'יז Euro Cheese,TR,גבינת מוצרלה מגורדת,גרמים,200.00,100 גרם,false,,11.00,0.0550,true,1,1772
7290108505726,false,גבינה חצי קשה-אצבעות,סאסו פטוראגס קומטויס,TR,אצבעות גבינה חצי קשה,גרמים,200.00,100 גרם,false,,11.00,0.0550,true,1,1773
7290108506488,false,סופלה שוקולד קפוא 200 ג',ארמה גרופ,TR,סופלה שוקולד קפוא 20,גרמים,200.00,100 גרם,false,,12.70,0.0635,true,1,1783
7290108507911,false,קינואה עם טונה וירקות - מוכן לאכילה,וילי פוד,,קינואה עם טונה וירקו,גרמים,160.00,100 גרם,false,,10.20,0.0637,true,1,1802
7290108508161,false,ספגטי ללא גלוטן 400 גרם חתם סופר,,,ספגטי ללא גלוטן 400,גרמים,400.00,100 גרם,false,,8.50,0.0213,true,1,1809
7290108508178,false,פסטה פנה ללא גלוטן 400 גרם חתם סופר,,,פסטה פנה ללא גלוטן 4,גרמים,400.00,100 גרם,false,,8.50,0.0213,true,1,1810
7290108509090,false,גבינה מותכת משולשים 14% שומן יורו 200 ג',,,גבינה מותכת משולשים,גרמים,200.00,100 גרם,false,,12.70,0.0635,true,1,1843
7290108509250,false,"אנטיפסטי ארטישוק+עגבניות מיובשות וצלפים בשמן חמניות 380 מ""ל",,,אנטיפסטי ארטישוק עג,גרמים,580.00,100 גרם,false,,18.70,0.0322,true,1,1850
7290108509588,false,גבינה מלוחה עם עשבי תיבול 24% 153גרם,,GR,גבינה מלוחה עם עשבי,גרמים,153.00,100 גרם,false,,13.60,0.0889,true,1,110590
7290108509595,false,גבינה מלוחה עם ריחן 24% 153גרם,,GR,גבינה מלוחה עם עגבני,גרמים,153.00,100 גרם,false,,13.60,0.0889,true,1,110591
7290108509632,false,זיתים ירוקים מגולעני,,,זיתים ירוקים מגולעני,גרמים,800.00,100 גרם,false,,12.70,0.0159,true,1,1855
7290108509700,false,אורז פרסי דאווט 1 קג,אל טי פוד,IN,"אורז פרסי 1 ק""ג DAAW",קילוגרמים,1.00,"ק""ג",false,,8.50,8.5000,true,1,1862
7290108509755,false,גבינת חלומי 23% 250גרם,,קפריסין,גבינת חלומי יורו 25,גרמים,250.00,100 גרם,false,,21.30,0.0852,true,1,106306
7290108509816,false,גבינת בייבי מוצרלה 2,אונטד גידה,TR,גבינת בייבי מוצרלה 2,גרמים,200.00,100 גרם,false,,11.90,0.0595,true,1,1863
7290108509939,false,פרוסות פילה טונה בשמן זית כתית מעולה,וילי פוד,,פרוסות פילה טונה 120,גרמים,120.00,100 גרם,false,,11.10,0.0925,true,1,32295
7290109351025,false,מלך החומוס חומוסטחינה 40% טחינה גולמית,צבר,IL,מלך החומוס חומוס טחי,גרמים,400.00,100 גרם,false,,11.90,0.0298,true,1,10092
7290109354057,false,קרחוני לה פרוטה La Frutta בטעמי אננס תפוז- 5 יח',תות תעשיות מזון (201,IL,"מאגדת 5 י""ח לה פרוטה",גרמים,350.00,100 גרם,false,,20.40,0.0583,true,1,8086
7290109354101,false,לחמית ללא גלוטן 200 ג' אסם,אסם,IL,לחמית ללא גלוטן 200,גרמים,200.00,100 גרם,false,,8.50,0.0425,true,1,9537
7290109358765,false,דגני בוקר רולס 450 ג' קראנץ',"אסם השקעות בע""מ",IL,דגני קראנץ' רולס נוג,גרמים,450.00,100 גרם,false,,20.40,0.0453,true,1,9547
7290109580050,false,נקניקיות צ'וריסוס וונדרס 0% בשר טבעוני ללא גלוטן,זוגלובק וונדרס Wonders,IL,נקנקיות צ'וריסוס מן,גרמים,226.00,100 גרם,false,,25.60,0.1133,true,1,21901
7290109580159,false,זוגלובק פרימיום פסטרמה בנוסח טוסקנה,זוגלובק,,פסטרמה בנוסח טוסקנה,גרמים,180.00,100 גרם,false,,21.30,0.1183,true,1,21909
7290109580241,false,נאגטס מן הצומח 500 ג' זוגלובק,זוגלובק טבע,IL,נאגטס מן הצומח זוגלו,גרמים,500.00,100 גרם,false,,17.00,0.0340,true,1,57528
7290109580432,false,פסטרמה חזה הודו מעושן 120 גר' זוגלובק,זוגלובק,IL,פסטרמה אקסטרה מעושנת,גרמים,120.00,100 גרם,false,,11.60,0.0967,true,1,57712
7290109920146,false,"דורגול מסיר אבנית מקומקומים 750 מ""ל",דורינג,,דורגול מסיר אבן לקומ,מיליליטרים,750.00,"100 מ""ל",false,,15.30,0.0204,true,1,5714
7290109923130,false,מדליק לפחמים קוביות הפי 24 יח',,,מדליק פחמים הפי 48 י,גרמים,250.00,100 גרם,false,,9.40,0.0376,true,1,68416
7290110110369,false,בירה קרלסברג לומה LUMA שישייה,מבשלות בירה בינלאומי,IL,שישיית בירה קרלסברג,ליטרים,1.98,ליטר,false,,30.90,15.6061,true,1,3564
7290110110659,false,"ספרייט לימון ליים פחית 330מ""ל",החברה המרכזית לייצור,IL,סליק ספרייט חדש 330,מיליליטרים,330.00,"100 מ""ל",false,,4.70,0.0142,true,1,3577
7290110111564,false,"משקה ספורט איזוטוני בטעם הדרים ליין 500 מ""ל פאוורייד",פאווראייד POWERADE,IT,משקה ספורט איזוטוני,מיליליטרים,500.00,"100 מ""ל",false,,8.60,0.0172,true,1,36797
7290110113377,false,קוקה קולה מארז רביעיה 1X4 ליטר,קוקה קולה,IL,מארז רביעיות קוקה קו,ליטרים,4.00,ליטר,false,,25.80,6.4500,true,1,3602
7290110113384,false,קוקה קולה זירו מארז רביעיה 1X4 ליטר,קוקה קולה,IL,מארז רביעיות קוקה קו,ליטרים,4.00,ליטר,false,,24.90,6.2250,true,1,3603
7290110114787,false,נביעות + תפוח 1.5 ליטר פיקדון,נביעות טבע הגליל בעמ,IL,נביעות + תפוח 1.5 לי,ליטרים,1.50,ליטר,false,,7.70,5.1333,true,1,3629
7290110114794,false,נביעות + אפרסק 1.5 ליטר פיקדון,"נביעות טבע הגליל בע""",IL,נביעות + אפרסק 1.5 ל,ליטרים,1.50,ליטר,false,,7.70,5.1333,true,1,3630
7290110114855,false,"נביעות מים מינרליים, שישיה 6 * 1.5 ליטר פקדון",נביעות טבע הגליל בעמ,IL,מי נביעות שישייה 1.5,ליטרים,9.00,ליטר,false,,12.10,1.3444,true,1,3634
7290110114893,false,מיץ סחוט תפוז 2 ל' פריגת,פריגת,IL,פריגת סחוט תפוזים 2,ליטרים,2.00,ליטר,false,,25.00,12.5000,true,1,3305
7290110114961,false,מיץ בטעם תפוזים 1.5ל' פריגת,מבשלות בירה בינלאומי,IL,פריגת תפוזים 1.5 ליט,ליטרים,1.50,ליטר,false,,7.70,5.1333,true,1,3635
7290110114985,false,פריגת אשכולית 1.5 ליטר פיקדון,מבשלות בירה בינלאומי,IL,פריגת אשכולית 1.5 לי,ליטרים,1.50,ליטר,false,,7.70,5.1333,true,1,3637
7290110114992,false,פריגת light אשכולית 1.5 ליטר פיקדון,מבשלות בירה בינלאומי,IL,פריגת דיאט אשכולית 1,ליטרים,1.50,ליטר,false,,7.30,4.8667,true,1,3638
7290110115005,false,פריגת ענבים 1.5 ליטר פיקדון,מבשלות בירה בינלאומי,IL,פריגת ענבים 1.5 ליטר,ליטרים,1.50,ליטר,false,,7.70,5.1333,true,1,3639
7290110115012,false,מיץ ענבים בניחוח מרלו 1.5 ל' פריגת,פריגת,IL,פריגת ענבים בניחוח מ,ליטרים,1.50,ליטר,false,,7.70,5.1333,true,1,3640
7290110115036,false,פריגת מנגו 1.5 ליטר פיקדון,מבשלות בירה בינלאומי,IL,פריגת מנגו 1.5 ליטר,ליטרים,1.50,ליטר,false,,7.70,5.1333,true,1,3642
7290110115043,false,פריגת לימונענע 1.5 ליטר פיקדון,מבשלות בירה בינלאומי,IL,פריגת לימונענע 1.5 ל,ליטרים,1.50,ליטר,false,,7.70,5.1333,true,1,3643
7290110115050,false,פריגת מיקס תות בננה 1.5 ליטר פיקדון,מבשלות בירה בינלאומי,IL,פריגת מיקס תות בננה,ליטרים,1.50,ליטר,false,,7.70,5.1333,true,1,3644
7290110115081,false,פריגת צלול ענבים 1.5 ליטר פיקדון,מבשלות בירה לישראל ב,IL,פריגת צלול ענבים 1.5,ליטרים,1.50,ליטר,false,,7.30,4.8667,true,1,3647
7290110115111,false,פריגת צלול אננס 1.5 ליטר פיקדון,מבשלות בירה לישראל ב,IL,פריגת צלול אננס 1.5,ליטרים,1.50,ליטר,false,,7.30,4.8667,true,1,3650
7290110115128,false,פריגת צלול בטעם לימונענע 1.5 ליטר פיקדון,מבשלות בירה לישראל ב,IL,פריגת צלול בטעם לימו,ליטרים,1.50,ליטר,false,,7.30,4.8667,true,1,3651
7290110115180,false,מים מינרליים נביעות,"נביעות טבע הגליל בע""",IL,נביעות 1.5 ליטר,ליטרים,1.50,ליטר,false,,2.60,1.7333,true,1,32177
7290110115203,false,קוקה קולה 1.5 ליטר פיקדון,קוקה קולה Coca Cola,IL,קוקה קולה 1.5 ליטר,ליטרים,1.50,ליטר,false,,7.70,5.1333,true,1,3653
7290110115227,false,קולה ZERO 1.5 ליטר פיקדון,קוקה קולה Coca Cola,IL,קוקה קולה זירו בקבוק,ליטרים,1.50,ליטר,false,,7.30,4.8667,true,1,3655
7290110115241,false,קוקה קולה זירו לימון 1.5 ליטר,החברה המרכזית לייצור,IL,קולה ZERO לימון 1.5,ליטרים,1.50,ליטר,false,,7.30,4.8667,true,1,3657
7290110115258,false,קולה ZERO מנגו 1.5 ליטר פיקדון,החברה המרכזית לייצור,IL,קוקה קולה זירו מנגו,ליטרים,1.50,ליטר,false,,7.30,4.8667,true,1,3658
7290110115265,false,ספרייט 1.5 ליטר LIME פיקדון,החברה המרכזית לייצור,IL,ספרייט 1.5 ליטר LIME,ליטרים,1.50,ליטר,false,,7.70,5.1333,true,1,3659
7290110115272,false,ZERO ספרייט זירו 1.5 ליטר פיקדון,החברה המרכזית לייצור,IL,ספרייט זירו 1.5 ליטר,ליטרים,1.50,ליטר,false,,7.30,4.8667,true,1,3660
7290110115289,false,ספרייט 19 קל' לימון-נענע 1.5 ליטר פיקדון,החברה המרכזית לייצור,IL,ספרייט 19 קלוריות לי,ליטרים,1.50,ליטר,false,,7.30,4.8667,true,1,3661
7290110115296,false,פאנטה אורנג' 1.5 ליטר פיקדון,החברה המרכזית לייצור,IL,פאנטה אורנג' 1.5 ליט,ליטרים,1.50,ליטר,false,,7.70,5.1333,true,1,3662
7290110115302,false,פאנטה ZERO אורנג' 1.5 ליטר פיקדון,החברה המרכזית לייצור,IL,פאנטה זירו בטעם אורנ,ליטרים,1.50,ליטר,false,,7.70,5.1333,true,1,3663
7290110115319,false,פאנטה אקזוטיק 1.5 ליטר פיקדון,החברה המרכזית לייצור,IL,פאנטה אקזוטיק 1.5 לי,ליטרים,1.50,ליטר,false,,7.70,5.1333,true,1,3664
7290110115326,false,פאנטה אורנג' מנגו 1.5 ליטר פיקדון,החברה המרכזית לייצור,IL,פאנטה אורנג' מנגו 1.,ליטרים,1.50,ליטר,false,,7.70,5.1333,true,1,3665
7290110115333,false,פאנטה תות 1.5 ליטר פיקדון,החברה המרכזית לייצור,IL,פאנטה תות 1.5 ליטר,ליטרים,1.50,ליטר,false,,7.70,5.1333,true,1,3666
7290110115340,false,פאנטה ענבים 1.5 ליטר פיקדון,קוקה קולה,IL,פאנטה ענבים 1.5 ליטר,ליטרים,1.50,ליטר,false,,7.70,5.1333,true,1,3667
7290110115357,false,קינלי סודה 1.5 ליטר פיקדון,קריות זול,,קינלי סודה 1.5 ליטר,ליטרים,1.50,ליטר,false,,3.00,2.0000,true,1,3668
7290110115364,false,קוקה קולה שישיות 1.5 ליטר פיקדון,החברה המרכזית לייצור,IL,קוקה קולה 6*1.5 ליטר,ליטרים,9.00,ליטר,false,,43.00,4.7778,true,1,3669
7290110115371,false,דיאט קוקה קולה שישיות 1.5 ליטר פיקדון,החברה המרכזית לייצור,IL,קוקה קולה דיאט 6*1.,ליטרים,9.00,ליטר,false,,40.50,4.5000,true,1,3670
7290110115388,false,ספרייט ליים שישיות 1.5 ליטר פיקדון,ספרייט Sprite,IL,ספרייט 6*1.5 ליטר L,ליטרים,9.00,ליטר,false,,43.00,4.7778,true,1,3671
7290110115395,false,ZERO ספרייט שישיות 1.5 ליטר פיקדון,החברה המרכזית לייצור,IL,ספרייט זירו 6* 1.5 ל,ליטרים,9.00,ליטר,false,,40.50,4.5000,true,1,3672
7290110115401,false,קינלי סודה שישייה 1.5 ליטר פיקדון,החברה המרכזית לייצור,IL,קינלי סודה 6*1.5 ליט,ליטרים,9.00,ליטר,false,,13.00,1.4444,true,1,31881
7290110115418,false,מארז שישייה קוקה קולה זירו 1.5 ל',החברה המרכזית לייצור,IL,קוקה קולה זירו שישיי,ליטרים,9.00,ליטר,false,,40.30,4.4778,true,1,3673
7290110115449,false,אייס תה בטעם מנגו אננס 1.5ל' FUZE TEA,מבשלות בירה בינלאומי,IL,פיוז טי מנגו אננס 1.,ליטרים,1.50,ליטר,false,,8.20,5.4667,true,1,3676
7290110115456,false,"תה קר בטעם אפרסק 19 קלוריות ב- 100 מ""ל",מבשלות בירה בינלאומי,IL,פיוז טי אפרסק 19 קל,ליטרים,1.50,ליטר,false,,7.70,5.1333,true,1,3677
7290110115463,false,אייס תה בטעם אפרסק 1.5ל' FUZE TEA,מבשלות בירה בינלאומי,IL,פיוז טי אפרסק 1.5 לי,ליטרים,1.50,ליטר,false,,8.20,5.4667,true,1,3678
7290110115494,false,אייס תה בטעם ענבים 1.5ל' FUZE TEA,מבשלות בירה בינלאומי,IL,פיוז טי ענבים 1.5 לי,ליטרים,1.50,ליטר,false,,8.20,5.4667,true,1,3680
7290110115586,false,פריגת תפוזים 40% פחות סוכר 1.5 ליטר פיקדון,מבשלות בירה בינלאומי,IL,משקה קל בטעם תפוזים,ליטרים,1.50,ליטר,false,,7.30,4.8667,true,1,3684
7290110115623,false,משקה פיוז טי זירו ZERO בטעם אפרסק,מבשלות בירה בינלאומי,IL,פיוז טי ZERO בטעם אפ,ליטרים,1.50,ליטר,false,,7.70,5.1333,true,1,32668
7290110115913,false,"משקה ספורט איזוטוני זירו בטעם אננס 500 מ""ל פאוורייד",Caslino al Piano pla,IT,משקה ספורט בטעם אננס,מיליליטרים,500.00,"100 מ""ל",false,,8.60,0.0172,true,1,36809
7290110116149,false,"מיץ ענבים 750 מ""ל פריגת",סירופ גבעת חיים,IL,סירופ פריגת טעם ענבי,מיליליטרים,750.00,"100 מ""ל",false,,16.20,0.0216,true,1,58198
7290110116385,false,"קולה זירו בטעם אבטיח תות, 330 מ""ל",החברה המרכזית למשקאו,IL,סליק זירו מרשמלו 33,מיליליטרים,330.00,"100 מ""ל",false,,4.70,0.0142,true,1,72953
7290110116491,false,מיץ סחוט אפרסק משמש 1 ל' פריגת,Unknown,IL,פריגת סחוט MIX אפרסק,ליטרים,1.00,ליטר,false,,12.80,12.8000,true,1,88333
7290110320591,false,גבינה בולגרית מעודנת 16%,פיראוס,IL,בולגרית 16% במרקם מע,גרמים,250.00,100 גרם,false,,18.70,0.0748,true,1,13587
7290110320683,false,משקה יוגורט בטעם תות 1.5% - מארז 8 יח',מיוצר עי קונדיטוריית,IL,משקה יופלה שמיניה בט,מיליליטרים,856.00,"100 מ""ל",false,,15.10,0.0176,true,1,13588
7290110320850,false,פתיתים גבינה חצי קשה מגורדת 28% שומן,תנובה מרכז שיתופי לש,IL,עמק פתיתים 200 גרם,גרמים,200.00,100 גרם,false,,12.70,0.0635,true,1,13591
7290110320867,false,פתיתים גבינה חצי קשה מגורדת 28% שומן,תנובה מרכז שיתופי לש,IL,עמק פתיתים למאפים 28,גרמים,500.00,100 גרם,false,,26.90,0.0538,true,1,13592
7290110321031,false,מעדן חלב GO יוגורט מועשר בחלבון טבעי 200 ג' יופלה,"תנובה, מחלבת אלון תב",IL,יופלה גו 200 גרם תנו,גרמים,200.00,100 גרם,false,,4.10,0.0205,true,1,13595
7290110321277,false,קוטג' בקטנה % 5 100 ג' תנובה,פארייפאבה אגרואינדוס,IL,קוטג' תנובה בקטנה 5,גרמים,100.00,100 גרם,false,,2.00,0.0200,true,1,13603
7290110321284,false,קוטג' בקטנה 9% 100 ג' תנובה,פארייפאבה אגרואינדוס,IL,קוטג' תנובה בקטנה 9,גרמים,100.00,100 גרם,false,,2.00,0.0200,true,1,13604
7290110321604,false,קוביות פיראוס בולגרית מעודנת 5% 200 גרם - רבנות,פיראוס,IL,פיראוס קוביות בולגרי,גרמים,200.00,100 גרם,false,,16.90,0.0845,true,1,13608
7290110321680,false,יוגורט GO בטעם תות 20 גרם חלבון בגביע,מיוצר עי קונדיטוריית,IL,יופלה גו בטעם תות 20,גרמים,200.00,100 גרם,false,,5.30,0.0265,true,1,13609
7290110321789,false,גבינת מסקרפונה 38% השף הלבן 250 ג',תנובה,IL,גבינת מסקרפונה 38% ש,גרמים,250.00,100 גרם,false,,16.10,0.0644,true,1,13612
7290110322014,false,טופו בטעם טבעי תנובה ALTERNATIVE,שוורצקוף& הנקל דיסלד,IL,טופו טבעי 300 גרם,גרמים,300.00,100 גרם,false,,10.60,0.0353,true,1,13619
7290110322038,false,טופו פיקנטי תנובה ALTERNATIVE,תנובה Alternative,IL,טופו פיקנטי 300 גרם,גרמים,300.00,100 גרם,false,,10.60,0.0353,true,1,13621
7290110322946,false,יופלה טיוב יוגורט במרקם חלק בטעם תות בננה כשרות רבנות 348 ג',,,יופלה טיוב יוגורט במ,מיליליטרים,348.00,"100 מ""ל",false,,10.10,0.0290,true,1,13624
7290110323097,false,מעדן גבינה עם תות 5% שומן 80 ג' תנובה,תנובה,IL,תאומים 80 גרם גביע ב,גרמים,80.00,100 גרם,false,,1.70,0.0212,true,1,13628
7290110323585,false,יופלה יוגורט עם דובדבן מופחת קלוריות 200 ג' GO,יופלה Yoplait,,יופלה GO לייט עם דוב,גרמים,200.00,100 גרם,false,,5.30,0.0265,true,1,13637
7290110323714,false,משקה קוקוס שקדים תנובה E אלטרנטיב,מיוצר עי קונדיטוריית,IL,תנובה משקה קוקוס שקד,יחידה,0.00,יחידה,false,,11.50,0.0000,true,1,13640
7290110323998,false,מאגדת שמינייה מיני קרלו קצפת 8*77 ג',תנובה מרכז שיתופי לש,IL,מאגדת 8 מיני קרלו ק,גרמים,616.00,100 גרם,false,,10.40,0.0169,true,1,13645
7290110324711,false,ממרח סויה בטעם טבעי 9% שומן אלטרנטיב,מיוצר עי קונדיטוריית,IL,ממרח סויה 9% בטעם טב,גרמים,250.00,100 גרם,false,,6.70,0.0268,true,1,13660
7290110324728,false,ממרח סויה עם שום שמיר 9% שומן אלטרנטיב,מיוצר עי קונדיטוריית,IL,ממרח סויה 9% עם שום,גרמים,250.00,100 גרם,false,,6.70,0.0268,true,1,13661
7290110324858,false,מעדן שקדים בטעם אגוזי לוז אלטרנטיב,מיוצר עי קונדיטוריית,IL,מעדן שקדים בטעם אגוז,גרמים,125.00,100 גרם,false,,3.80,0.0304,true,1,13666
7290110324872,false,גבינה צהובה גלבוע 5% שומן 200 גרם,גלבוע - תנובה,IL,גלבוע גבינה פרוסה 5%,גרמים,200.00,100 גרם,false,,16.10,0.0805,true,1,13667
7290110324926,false,משקה סויה ללא תוספת סוכר E אלטרנטיב,תנובה מרכז שיתופי לש,IL,משקה סויה ללא תוספת,יחידה,0.00,יחידה,false,,8.90,0.0000,true,1,13668
7290110325305,false,מעדן סויה GO מועשר בחלבון במתיקות מעודנת,מיוצר עי קונדיטוריית,IL,יופלה סויה גו 20 גרם,גרמים,200.00,100 גרם,false,,5.30,0.0265,true,1,13678
7290110325510,false,יופלה טיוב יוגורט במרקם חלק בטעם וניל - 348 ג',"תנובה בע""מ",IL,יופלה טיוב יוגורט במ,מיליליטרים,348.00,"100 מ""ל",false,,10.10,0.0290,true,1,13684
7290110325619,false,משקה שיבולת שועל תנובה E אלטרנטיב,מיוצר עי קונדיטוריית,IL,תנובה משקה שיבולת שו,יחידה,0.00,יחידה,false,,11.50,0.0000,true,1,13685
7290110325893,false,משקה חלב GO מועשר בחלבון בטעם אייס קפה,מיוצר עי קונדיטוריית,IL,משקה תנובה GO אייס ק,גרמים,340.00,100 גרם,false,,6.80,0.0200,true,1,13690
7290110326173,false,יולו COOKIES שוקולדלבן בטעם קרם עוגיות+עוגיות ונטיפי שוקולד 120 ג',תנובה,IL,יולו קוקיז ש.לבן בטע,גרמים,120.00,100 גרם,false,,4.10,0.0342,true,1,103457
7290110326234,false,יוגורט און טופ כוכבים 157 ג' יופלה,מיוצר עי קונדיטוריית,IL,יופלה און טופ כוכבים,גרמים,157.00,100 גרם,false,,4.20,0.0268,true,1,13695
7290110326333,false,פרוסות גבינה בסגנון סקנדינבי 31%,פ.פ.ח. שאביט,IL,פרוסות גבינה סקנדינב,גרמים,170.00,100 גרם,false,,15.70,0.0924,true,1,13697
7290110327033,false,משקה סויה גו מועשר בחלבון במתיקות מופחתת 1 ליטר,מיוצר עי קונדיטוריית,IL,משקה סויה תנובה GO מ,יחידה,0.00,יחידה,false,,10.70,0.0000,true,1,13718
7290110327514,false,משקה שיבולת שועל בטעם אגוזי לוז 1 ליטר אלטרנטיב,תנובה מרכז שיתופי לש,IL,משקה שיבולת שועל בטע,יחידה,0.00,יחידה,false,,11.50,0.0000,true,1,13733
7290110327545,false,מעדן און טופ תות פצפוצים מצופים שוקולד 157ג' יופלה,מיוצר עי קונדיטוריית,IL,יופלה און טופ בטעם ת,גרמים,157.00,100 גרם,false,,4.20,0.0268,true,1,35817
7290110327798,false,חטיף חלבון GO - שוקולד 60 ג' חלב נוכרי - רבנות,"בלמונט קונפקציות בע""",US,GO חטיף חלבון בטעם ש,גרמים,60.00,100 גרם,false,,10.20,0.1700,true,1,15457
7290110327828,false,חטיף חלבון GO - חמאת בוטנים 60 ג' חלב נוכרי - רבנות,"בלמונט קונפקציות בע""",US,GO חטיף חלבון עם חמא,גרמים,60.00,100 גרם,false,,10.20,0.1700,true,1,15460
7290110328474,false,גבינת פרמג'יאנו רג'יאנו 30% מחלב בקר,מנדלז סי.אר. פרודקשן,IT,פלח פרמג'יאנו רג'יאנ,גרמים,150.00,100 גרם,false,,23.00,0.1533,true,1,13763
7290110328481,false,פתיתי פרמג'יאנו רג'יאנו מחלב בקר 30%,ברטינלי גיאני א.,IT,פתיתי פרמג'יאנו רג'י,גרמים,100.00,100 גרם,false,,12.50,0.1250,true,1,13764
7290110328627,false,יוגורט יופלה GO במרקם סמיך בטעם בננה קרמל 0%,מיוצר עי קונדיטוריית,IL,יוגורט גו סמיך 0% בנ,גרמים,200.00,100 גרם,false,,5.30,0.0265,true,1,13770
7290110328764,false,יוגורט יופלה GO במרקם סמיך עם תות 0%,מיוצר עי קונדיטוריית,IL,יוגורט גו סמיך 0% תו,גרמים,200.00,100 גרם,false,,5.30,0.0265,true,1,13775
7290110328771,false,יוגורט יופלה GO במרקם סמיך עם פירות יער 0%,מיוצר עי קונדיטוריית,IL,יוגורט גו סמיך 0% פי,גרמים,200.00,100 גרם,false,,5.30,0.0265,true,1,13776
7290110328788,false,יוגורט יופלה GO במרקם סמיך בטעם אפרסק 0%,תנובה מרכז שיתופי לש,IL,יוגורט גו סמיך 0% אפ,גרמים,200.00,100 גרם,false,,5.30,0.0265,true,1,13777
7290110329143,false,מעדן חלב מעושר בחלבון בטעם וניל גביע 120 ג' GO,תנובה מרכז שיתופי לש,IL,מעדן חלב גו בטעם וני,גרמים,120.00,100 גרם,false,,4.00,0.0333,true,1,13781
7290110329273,false,יוגורט מחלב עיזים מלא תנובה 750 ג',תנובה,IL,יוגורט מחלב עיזים מל,גרמים,750.00,100 גרם,false,,16.90,0.0225,true,1,13790
7290110329792,false,יוגורט סויה BIO Alternative אפרסק 150 ג' תנובה,מיוצר עי קונדיטוריית,IL,סויה BIO אפרסק גביע,גרמים,150.00,100 גרם,false,,4.00,0.0267,true,1,32701
7290110329822,false,יוגורט סויה BIO Alternative פירות יער 150 ג' תנובה,מיוצר עי קונדיטוריית,IL,סויה BIO פירות יער ג,גרמים,150.00,100 גרם,false,,4.00,0.0267,true,1,32704
7290110329846,false,יוגורט סויה BIO Alternative בטעם טבעי 150 ג' תנובה,מיוצר עי קונדיטוריית,IL,סויה BIO טבעי גביע 1,גרמים,150.00,100 גרם,false,,4.00,0.0267,true,1,32705
7290110550363,false,פריכיות משולשות קינואה ומלח ים 65 גרם,Unknown,,משולש קינואה ומלח ים,גרמים,65.00,100 גרם,false,,8.50,0.1308,true,1,32576
7290110551254,false,נשנושי תירס טעם הטבע,,,נשנושי תירס 600 גרם,גרמים,600.00,100 גרם,false,,12.80,0.0213,true,1,84710
7290110552220,false,יוגורט PRO בטעם תות 0% סוכר לבן 20 גרם חלבון בגביע,"שטראוס בריאות בע""מ",IL,דנונה PRO 20 גרם חלב,גרמים,200.00,100 גרם,false,,5.00,0.0250,true,1,32394
7290110552237,false,יוגורט פרו בטעם אפרסק מנגו ללא סוכר 200 ג' דנונה,"שטראוס בריאות בע""מ",IL,דנונה PRO 20 גרם חלב,גרמים,200.00,100 גרם,false,,5.00,0.0250,true,1,32393
7290110552817,false,צנצנת מסטיק - גלידה לימון 58 גרם וועסטהיים,STRAUSS-ISRAEL,,מסטיק ללא סוכר בטעם,גרמים,66.00,100 גרם,false,,8.50,0.1288,true,1,58050
7290110553104,false,נסקפה קפוצ'ינו סטיק קלאסי 130 ג' עלית,,,נמס קפוצינו -אבקה לה,גרמים,130.00,100 גרם,false,,14.50,0.1115,true,1,101515
7290110553173,false,אנרג'י - פריכיות בטעם קרמל 40 גרם,סאנורייס בלגיום,IL,פריכיות אורז בטעם קר,גרמים,40.00,100 גרם,false,,5.90,0.1475,true,1,94440
7290110553180,false,אנרג'י - פריכיות בטעם תפוח קינמון 40 גרם,סאנורייס בלגיום,IL,פריכיות עם תפוח וקינ,גרמים,40.00,100 גרם,false,,5.90,0.1475,true,1,94441
7290110554514,false,עלית - קפה טורקי אתיופי 100 גרם,שטראוס קפה בי.וי,IL,קפה טורקי אתיופי עלי,גרמים,100.00,100 גרם,false,,7.60,0.0760,true,1,60667
7290110555009,false,מארז זוג רוטב פסאטה 2* 350 ג' יד מרדכי,אימילאנה,IT,פסאטה זוגות 700 גרם,גרמים,700.00,100 גרם,false,,10.20,0.0146,true,1,81076
7290110555078,false,לאבנה עם שמן זית ועשבי תיבול 250 גר',"מחלבות בר בכפר בע""מ",IL,לאבנה עם עשבי תיבול,גרמים,250.00,100 גרם,false,,9.40,0.0376,true,1,48888
7290110556242,false,"שוקולד מריר פרווה 100 גר' בד""ץ תוצרת חוץ","שטראוס גרופ בע""מ.",IL,שוקולד מריר מעולה 10,גרמים,100.00,100 גרם,false,,4.20,0.0420,true,1,84487
7290110557027,false,חומוס עשיר 50% טחינה גולמית 400 ג' אחלה,מיוצר עי קונדיטוריית,IL,חומוס הסדרה עשיר ב50,גרמים,400.00,100 גרם,false,,11.00,0.0275,true,1,12303
7290110557102,false,מעדן חלב עם שוקולד מועשר בחלבון 150 ג' שטראוס,מיוצר עי קונדיטוריית,IL,מעדן פרו חלב עם שוקו,גרמים,150.00,100 גרם,false,,4.70,0.0313,true,1,12304
7290110557133,false,מעדן הגולן וניל 125 ג' שטראוס,מיוצר עי קונדיטוריית,IL,מעדן הגולן מעדן חלב,גרמים,125.00,100 גרם,false,,2.50,0.0200,true,1,12305
7290110557478,false,חומוס גלילי במרקם מעודן 600 גרם,שטראוס,IL,חומוס גלילי אחלה 60,גרמים,600.00,100 גרם,false,,11.10,0.0185,true,1,35501
7290110558130,false,אקטיביה עם שיבולת שועל ודבש 150 ג' דנונה,"שטראוס בריאות בע""מ",IL,אקטיביה עם דבש ושיבו,גרמים,150.00,100 גרם,false,,3.90,0.0260,true,1,49118
7290110558253,false,"דנונה ריפרש בננה אננס וצ`יה, 250 גרם","שטראוס בריאות בע""מ",IL,יוגורט עם אננס בננה,גרמים,250.00,100 גרם,false,,4.80,0.0192,true,1,49119
7290110558284,false,יוגורט ביו מולטי 200 ג' דנונה,"שטראוס בריאות בע""מ",IL,דנונה מולטי 3% שומן,מיליליטרים,200.00,"100 מ""ל",false,,3.60,0.0180,true,1,57540
7290110558307,false,יוגורט דנונה PRO עם שיבולת שועל במתיקות מעודנת,"שטראוס בריאות בע""מ",IL,דנונה פרו עם שיבולת,מיליליטרים,200.00,"100 מ""ל",false,,5.40,0.0270,true,1,49604
7290110558314,false,דנונה פרו 20 ג' חלבון ללא סוכר פיסטוק 200 גרם,"שטראוס בריאות בע""מ",IL,דנונה פרו ללא סוכר 2,גרמים,200.00,100 גרם,false,,5.00,0.0250,true,1,64018
7290110558338,false,יוגורט PRO בטעם מתיקות מעודנת 1.5% שומן,"שטראוס בריאות בע""מ",IL,דנונה פרו 25 גרם חלב,מיליליטרים,200.00,"100 מ""ל",false,,5.40,0.0270,true,1,49605
7290110558666,false,מעדן גבינה בטעם תפוח 88 ג' דניאלה,"שטראוס בריאות בע""מ",IL,דניאלה בטעם תפוח 88,גרמים,88.00,100 גרם,false,,3.50,0.0398,true,1,86523
7290110559755,false,ריל - מאגדת בוטנים פיסטוק וחמוציות 35 גרם * 3,ואמואליס פודס,GR,מאגדת חטיף Real אנר,גרמים,105.00,100 גרם,false,,13.60,0.1295,true,1,64224
7290110560317,false,"הפריכיות הטעימות חומוס, עדשים שחורות, קינואה ומלח ים","פרח תעשיו מזון בע""מ",IL,פריכיות משולשות מלח,גרמים,30.00,100 גרם,false,,4.20,0.1400,true,1,11758
7290110561352,false,דנונה יוגורט ביו פרוביוטי 3% דל לקטוז 150ג',"שטראוס בריאות בע""מ",IL,דנונה ביו דל לקטוז ב,גרמים,200.00,100 גרם,false,,3.30,0.0165,true,1,12310
7290110561604,false,מארז 8 יחידות מעדן גמדים בטעם תות בננה,שטראוס,IL,שמיניית גמדים תות בנ,גרמים,800.00,100 גרם,false,,16.20,0.0202,true,1,12311
7290110563448,false,"משקה קפה קר בסגנון מעודן 230 מ""ל 1.6% יוטבתה",האי נאם סי או אל.טי.,AT,יטבתה משקה קפה קר בס,מיליליטרים,230.00,"100 מ""ל",false,,6.30,0.0274,true,1,12313
7290110563462,false,חלב בבקבוק נטול לקטוז 2% יטבתה 1 ל',מחלבת יטבתה,IL,יטבתה חלב בבקבוק נטו,ליטרים,1.00,ליטר,false,,6.80,6.8000,true,1,12314
7290110564339,false,חומוס אחלה הסידרה המובחר 30% טחינה 400 גר',מיוצר עי קונדיטוריית,IL,חומוס הסדרה המובחרת,גרמים,400.00,100 גרם,false,,11.00,0.0275,true,1,12316
7290110564360,false,חומוס אחלה הסידרה המובחר 40% טחינה 400 גר',מיוצר עי קונדיטוריית,IL,חומוס אחלה עשיר ב 40,גרמים,400.00,100 גרם,false,,11.00,0.0275,true,1,12317
7290110564414,false,חומוס אחלה הסידרה המובחר 30% טחינה 600 גר',מיוצר עי קונדיטוריית,IL,חומוס הסדרה המובחרת,גרמים,600.00,100 גרם,false,,12.70,0.0212,true,1,12319
7290110565435,false,ג'לי לימבו פטל חלבי שטראוס 125ג',STRAUSS-ISRAEL,,לימבו בטעם פטל 0% שו,גרמים,125.00,100 גרם,false,,2.10,0.0168,true,1,12322
7290110565527,false,יוגורט PRO פרו 1.5% 20 גרם חלבון בגביע,"שטראוס בריאות בע""מ",IL,דנונה PRO 20 גרם חלב,גרמים,200.00,100 גרם,false,,5.00,0.0250,true,1,12323
7290110566975,false,דנונה פרו יוגורט 0% תות עשיר בחלבון 200ג',"שטראוס בריאות בע""מ",IL,דנונה PRO 20 גרם חלב,גרמים,200.00,100 גרם,false,,5.00,0.0250,true,1,12324
7290110568238,false,"קצפת צמחית 21% שומן 250 מ""ל יוטבתה",מחלבת יטבתה,IL,קצפת צימחית 21% במתי,מיליליטרים,250.00,"100 מ""ל",false,,6.80,0.0272,true,1,12325
7290110568627,false,עלית - פסק זמן רול שוקולד חלב עם קרם אגוזים 26 גרם,STRAUSS-ISRAEL,,פסק זמן רול ש.חלב עם,גרמים,28.00,100 גרם,false,,3.30,0.1179,true,1,87327
7290110570583,false,"פולי אספרסו עשירים וארומטיים עוצמה 10 1 ק""ג עלית",,,פולי אספרסו עשירים ו,קילוגרמים,1.00,"ק""ג",false,,64.10,64.1000,true,1,35307
7290110571382,false,מעדן חלב בטעם וניל מעושר בחלבון 150 ג' שטראוס,"שטראוס בריאות בע""מ",IL,מעדן חלב מועשר בחלבו,גרמים,150.00,100 גרם,false,,4.30,0.0287,true,1,38639
7290110571399,false,עלית - צנצנת מאסט בטעם גלידה תות,STRAUSS-ISRAEL,,מסטיק ללא סוכר בטעם,גרמים,66.00,100 גרם,false,,8.50,0.1288,true,1,58062
7290110571412,false,מיני פינוקיות - פאדג' שוקולד בגביע 180 גרם,עלית,IL,מיני פינוקיות בגביע,גרמים,180.00,100 גרם,false,,9.30,0.0517,true,1,101426
7290110572129,false,כיף כף מקלות שוקולד לבן 40 ג' עלית,עלית,,כיף כף מקלות שוקולד,גרמים,40.00,100 גרם,false,,4.20,0.1050,true,1,103522
7290110572969,false,כיף כף פצפצים עקרם לבן 40ג' עלית,שולן צ'יקולטה גידה ס,TR,כיף כף פצפצים קרם לב,גרמים,40.00,100 גרם,false,,4.20,0.1050,true,1,64088
7290110572976,false,כיף כף פצפצים בגביע במילוי קרם בטעם שוקולד לבן,שולן צ'יקולטה גידה ס,TR,כיף כף פצפצים קרם לב,גרמים,135.00,100 גרם,false,,8.50,0.0630,true,1,64042
7290110574413,false,עלית - פופקורן בטעם טעמי 70 גרם,סראנו עבור שטראוס,קפריסין,נשנושי פופקורן מתוק,גרמים,70.00,100 גרם,false,,6.80,0.0971,true,1,107886
7290110574420,false,עלית - פופקורן בטעם פסק זמן 70 גרם,סראנו עבור שטראוס,קפריסין,נשנושי פופקורן מתוק,גרמים,70.00,100 גרם,false,,6.80,0.0971,true,1,107887
7290110576851,false,"גמדים לשתיה סלט פירות 8 יח' *100מ""ל",קריות זול,IL,מארז גמדים לשתייה ס,מיליליטרים,864.00,"100 מ""ל",false,,17.10,0.0198,true,1,87829
7290110577711,false,"משקה שייק חלבון מי גבינה עם אפרסק ומנגו350מ""ל יטבתה",מחלבת יטבתה,IL,שייק חלבון whey אפרס,מיליליטרים,350.00,"100 מ""ל",false,,6.80,0.0194,true,1,102001
7290110577728,false,"משקה שייק חלבון מי גבינה עם פירות יער 350מ""ל יטבתה",מחלבת יטבתה,IL,שייק חלבון whey עם פ,מיליליטרים,350.00,"100 מ""ל",false,,6.80,0.0194,true,1,101963
7290111091520,false,"תחליב רחצה ד""ר עור קוקוס 700 מ""ל","ד""ר עור DOCTOR OR",,תחליב רחצה קלאסי קוק,מיליליטרים,700.00,"100 מ""ל",false,,12.70,0.0181,true,1,15464
7290111092985,false,מגב'וני ביביסיטר רבעיה מהדורה מעוצבת,,,מגבוני בייבי פרפורמנ,יחידה,0.00,יחידה,false,,12.70,0.0000,true,1,55675
7290111093470,false,"קוויק מסיר הפלא ספוגית להסרת כתמים, 3 יחידות",,,קוויק מבריק פלא להסר,יחידה,0.00,יחידה,false,,9.40,0.0000,true,1,59288
7290111093760,false,קוויק מגבונים לניקוי רצפה בניחוח מרכך כביסה 10 יח',,,קוויק מגבונים לניקוי,יח',10.00,יח',false,,7.50,0.7500,true,1,34745
7290111093982,false,טרופיקל תחליב רחצה פסיפלורה ואינקה אינצ'י דר עור,,,תחליב רחצה פסיפלורה,מיליליטרים,700.00,"100 מ""ל",false,,12.70,0.0181,true,1,88170
7290111094651,false,שקיות אשפה L עם ידית 40 יח' קוייק,,,קוויק שקיות אשפה L ח,יחידה,0.00,יחידה,false,,11.00,0.0000,true,1,15470
7290111097041,false,בייביסיטר מגבונים לח,,,בייביסיטר מגבונים לח,יחידה,0.00,יחידה,false,,17.90,0.0000,true,1,15473
7290111097546,false,מגבונים ניקוי כללי למשטחים בניחוח מרכך כביסה 50 יח' קוויק,,,קוויק מטליות לחות לנ,יחידה,0.00,יחידה,false,,7.60,0.0000,true,1,34746
7290111097836,false,מגבונים דוחה אבק למשטחים בניחוח מרכך כביסה 50 יח' קוויק,,,קוויק מגבונים לניקוי,יחידה,0.00,יחידה,false,,7.60,0.0000,true,1,34744
7290111098536,false,מגבונים לחים לתינוק,,,מגבונים לחים לתינוק,יחידה,0.00,יחידה,false,,12.80,0.0000,true,1,37118
7290111340185,false,מטליות לחות ניקול לניקוי רצפות בניחוח מרכך 10 יח',ניקול,,ניקול לחות לניקוי רצ,יחידה,0.00,יחידה,false,,8.50,0.0000,true,1,4471
7290111341366,false,מפיות אירוח חד שכבתי 30/30 150 יח',חוגלה קימברלי,SK,ניקול מפיות לאירוח 1,יח',150.00,יח',false,,6.80,0.0453,true,1,4479
7290111341984,false,לילי - מגבוני נייר טואלט לח פיור רביעייה,קימברלי,GB,לילי טואלט לח PURE מ,יחידה,0.00,יחידה,false,,17.00,0.0000,true,1,4491
7290111342042,false,כריות יפניות לניקוי וקרצוף אנטיבקטריאלי,פלסטו פוליש,IL,כריות יפניות אנטיבקט,יחידה,0.00,יחידה,false,,8.50,0.0000,true,1,4494
7290111342738,false,לילי - מגבוני נייר טואלט לח קידס רביעייה,,,לילי טואלט לח KIDS מ,יחידה,0.00,יחידה,false,,17.00,0.0000,true,1,4500
7290111343117,false,זוג ממחטות לושן סופט קלינקס -140 דף,קימברלי,IL,טישו לושן סופט קליני,יחידה,0.00,יחידה,false,,11.00,0.0000,true,1,4501
7290111344855,false,קוטקס - מגיני יום אקסטרא פרוטקט לארג' ביג 52 יח',חוגלה קימברלי,CN,מגיני תחתון סופר פרו,יחידה,0.00,יחידה,false,,13.60,0.0000,true,1,32124
7290111345821,false,נייר טואלט נטורל קר - מארז 16 גלילי ג'מבו,קימברלי,IL,נייר טואלט נטורל קר,יח',16.00,יח',false,,29.90,1.8687,true,1,32128
7290111346118,false,מגבוני האגיס לחים מהדורה בבישום עדין 56*4,,,מגבוני האגיס מהדורה,יח',288.00,יח',false,,16.20,0.0562,true,1,65893
7290111350030,false,רסק תפוחי עץ טבעי 670 גרם,טעמי הגליל,IL,רסק תפוחי עץ טבעי קל,גרמים,670.00,100 גרם,false,,9.40,0.0140,true,1,63897
7290111350726,false,נאצוס הופופ בטעם מקסיקני 322ג',הוט פופ Hot pop,US,הוטפופ נאצ'וס בסגנון,גרמים,322.00,100 גרם,false,,12.70,0.0394,true,1,6414
7290111352430,false,ממרח תמרים טבעי קליי,"כד בני דרום בע""מ",IL,ממרח תמרים טבעי קליי,גרמים,440.00,100 גרם,false,,10.20,0.0232,true,1,63909
7290111352966,false,יוגטה סוכריות ממולאות בטעם פירות 250 גרם ללא ג'לטין,סאדאט,TR,יוגטה סוכריות ממולאו,גרמים,250.00,100 גרם,false,,5.90,0.0236,true,1,6431
7290111352973,false,יוגוטה קוביות חמוצות ממולאות בטעם פירות,יוגטה yogueta,TR,יוגטה קוביות חמוציות,גרמים,220.00,100 גרם,false,,5.90,0.0268,true,1,6432
7290111353055,false,"גומי דובי 200 גר' וסטהיים (כש""לפ בית יוסף)",,,יוגטה סוכריות גומי ד,גרמים,200.00,100 גרם,false,,7.60,0.0380,true,1,6433
7290111353109,false,"גומי נחש מבריק 200 גר' וסטהיים (כש""לפ בית יוסף).",,,יוגטה סוכריות גומי נ,גרמים,200.00,100 גרם,false,,7.60,0.0380,true,1,6435
7290111353123,false,"גומי נחש מסוכר 200 גר' וסטהיים (כש""לפ בית יוסף)",יוגטה yogueta,,יוגטה סוכריות גומי נ,גרמים,200.00,100 גרם,false,,7.60,0.0380,true,1,6436
7290111353550,false,חמאת בוטנים טבעית 350ג',,,חמאת בוטנים טבעית קל,גרמים,300.00,100 גרם,false,,12.80,0.0427,true,1,63885
7290111353680,false,גרעיני חמניה קליית ג,,,גרעיני חמנייה 350 גר,גרמים,350.00,100 גרם,false,,8.50,0.0243,true,1,6443
7290111354748,false,כדורגל קליית גת מתנה,,CN,כדורגל קליית גת מתנה,יחידה,0.00,יחידה,false,,0.01,0.0000,true,1,93988
7290111563492,false,סלט מטבוחה חריפה מרובע 400 ג' צבר,סלטי צבר,IL,צבר מרובע מטבוחה חר,גרמים,400.00,100 גרם,false,,11.00,0.0275,true,1,10108
7290111564277,false,פריכיות דקות ונימוחות 3 דגנים פיטנס Fitness,פרח תעשיות,IL,פריכיות 3 דגנים דקות,גרמים,120.00,100 גרם,false,,9.30,0.0775,true,1,9556
7290111565038,false,"לה קרמריה וניל קוקילידה בד""צ 1.4 ל'",המאפיה של הרמן,IL,לה קרמריה בטעם וניל,ליטרים,1.40,ליטר,false,,19.60,14.0000,true,1,8091
7290111566127,false,מעדן אוראו קפוא בטעם וניל עם עוגיות בטעם שוקולד,ג'נרל מילס סאן אדריא,IT,אוראו מאגדת סנדביץ 6,גרמים,198.00,100 גרם,false,,18.70,0.0944,true,1,8094
7290111566271,false,טבעול חטיפי תירס 657 גר',עיצובים 2020 (4.8),IL,חטיפי תירס טבעול 65,גרמים,657.00,100 גרם,false,,26.40,0.0402,true,1,10115
7290111566547,false,טבעול חזה בגריל צמחוני 99 קלוריות 560ג',עיצובים 2020 (4.8),IL,חזה בגריל מו הצומח,גרמים,560.00,100 גרם,false,,26.40,0.0471,true,1,10119
7290111566561,false,טבעול שניצל ברוקולי 99 קלוריות 560גר',עיצובים 2020 (4.8),IL,טבעול שניצל ברוקולי,גרמים,630.00,100 גרם,false,,26.40,0.0419,true,1,10120
7290111566714,false,טבעול המבורגר צמחוני 99 קלוריות 600 גר',עיצובים 2020 (4.8),IL,המבורגר מן הצומח 6,גרמים,600.00,100 גרם,false,,26.40,0.0440,true,1,10124
7290111566776,false,טבעול נקניקיות קוקטייל צמחוניות 680 גר',עיצובים 2020 (4.8),IL,נקנקיות קוקטייל מן,גרמים,680.00,100 גרם,false,,26.40,0.0388,true,1,10127
7290111568206,false,"מיקס ביסלי, אפרופו ופיצוחים מתובלים",פרו מן יו פתרונות אר,IL,ביסלי פארטי מיקס ברב,גרמים,150.00,100 גרם,false,,5.60,0.0373,true,1,9574
7290111568251,false,אטריות נודלס להקפצה אסם אסייתי 350 גר',תאי פרזידנטפוד,TH,נודלס אטריות להקפצה,גרמים,350.00,100 גרם,false,,7.70,0.0220,true,1,9575
7290111568275,false,אטריות נודלס אורז רחבות אסם אסייתי 300גרם,תאי פרזידנט,TH,נודלס אטריות אורז רח,גרמים,300.00,100 גרם,false,,7.70,0.0257,true,1,9576
7290111568466,false,רוטב אסייתי למוקפץ הסדרה האסייתית,אסם השקעות,IL,אסם רוטב אסיאתי למוק,מיליליטרים,290.00,"100 מ""ל",false,,11.00,0.0379,true,1,9581
7290111930898,false,פוף כוכבים גריל אמריקאי 40 גר',פוף POOF,IL,פוף כוכבים גריל אמרי,גרמים,40.00,100 גרם,false,,3.30,0.0825,true,1,11095
7290111930911,false,פוף חטיף לבבות קלאסי 40 ג',פוף POOF,IL,פוף לבבות קלאסי 40 ג,גרמים,40.00,100 גרם,false,,2.50,0.0625,true,1,11097
7290111930928,false,פוף חטיף לבבות גריל 40 ג',פוף POOF,IL,"פוף לבבות גריל 40 ג""",גרמים,40.00,100 גרם,false,,2.50,0.0625,true,1,11098
7290111936647,false,"משחת שיניים קולגייט מקס כחול 125 מ""ל*2 כשלפ",קולגייט פלמוליב,PL,קולגייט מקס זוג 2*12,מיליליטרים,250.00,"100 מ""ל",false,,25.60,0.1024,true,1,11127
7290111937262,false,"פרי מארז חטיפי 5יח תמרים ,אגוזים ושברי קקאו 125גר",טבעית מוצרים מן הטבע,IL,פרי מארז חטיפים תמרי,גרמים,125.00,100 גרם,false,,12.70,0.1016,true,1,11134
7290111938481,false,רוטב סויה בהירה מאסט,מאסטר שף,TH,רוטב סויה בהירה מ.שף,מיליליטרים,300.00,"100 מ""ל",false,,9.40,0.0313,true,1,11142
7290111939143,false,קוקי נייר אפייה עגול קוטר 28,,IL,קוקי נייר אפייה עגול,יחידה,0.00,יחידה,false,,6.80,0.0000,true,1,11151
7290111939181,false,כיסוי ניילון עם גומי במגוון גדלים,קוקי,CN,קוקי ניילון נצמד עם,יחידה,0.00,יחידה,false,,8.50,0.0000,true,1,101988
7290112000736,false,טבליות למדיח Power All In One,פיניש Finish,,פיניש הכל ב-1 80 טבל,יחידה,0.00,יחידה,false,,51.20,0.0000,true,1,10649
7290112000842,false,דטול מגבונים לניקוי כללי בניחות לימון 60 יח',דטול Dettol,,מגבונים לניקוי כללי,יח',60.00,יח',false,,10.20,0.1700,true,1,10653
7290112001436,false,"פיניש מנקה ומחדש בניחוח לימון 250 מ""ל",רקיט בנקיזר,PL,פיניש מנקה מדיח בניח,מיליליטרים,250.00,"100 מ""ל",false,,12.70,0.0508,true,1,10663
7290112002099,false,ג'ל כביסה מרוכז קולון 101 קלאסי,רקיט בנקיזר,IL,קולון ג'ל 2.5 ליטר ב,ליטרים,2.50,ליטר,false,,21.30,8.5200,true,1,10674
7290112002143,false,ג'ל כביסה מרוכז קולון 101 בניחוח לילך,רקיט בנקיזר,IL,קולון ג'ל 4 ליטר ליל,ליטרים,4.00,ליטר,false,,29.80,7.4500,true,1,10679
7290112003188,false,קולון קפסולות ג'ל כביסה 60יח,רקיט בנקיזר,IT,קולון קפסולות למכונת,יחידה,0.00,יחידה,false,,49.50,0.0000,true,1,10700
7290112003232,false,אבקת כביסה בניחוח לבנדר קולון 5 ק''ג,,,אבקת כביסה קולון לבנ,קילוגרמים,5.00,"ק""ג",false,,34.10,6.8200,true,1,10701
7290112003249,false,אבקת כביסה בניחוח מאסק קולון 5 ק''ג,,,אבקת כביסה קולון מאס,קילוגרמים,5.00,"ק""ג",false,,34.10,6.8200,true,1,10702
7290112005045,false,וניש תוסף כביסה רב תכליתי לבגדים לבנים,קליה וניש Kalia Vanish,IT,וניש אבקה לכביסה לבנ,מיליליטרים,480.00,"100 מ""ל",false,,14.40,0.0300,true,1,64574
7290112005076,false,וניש תוסף כביסה רב תכליתי לכביסה צבעונית,קליה וניש Kalia Vanish,IT,וניש אבקה לכביסה צבע,גרמים,480.00,100 גרם,false,,14.40,0.0300,true,1,64575
7290112190468,false,"שמן זית 750 מ""ל G -FOOD",,,"שמן זית 750 מ""ל G FO",מיליליטרים,750.00,"100 מ""ל",false,,26.40,0.0352,true,1,26813
7290112191069,false,טורטייה מזונות תפוחים 320 ג',,,8 טורטיות מזונות ברי,גרמים,320.00,100 גרם,false,,7.60,0.0237,true,1,26822
7290112191274,false,12 טורטיות מקמח חיט,,,12 טורטיות מקמח חיט,גרמים,780.00,100 גרם,false,,11.00,0.0141,true,1,26829
7290112195579,false,שמן זית איטליה 750 מ,,,שמן זית איטליה 750 מ,מיליליטרים,750.00,"100 מ""ל",false,,26.40,0.0352,true,1,31605
7290112330352,false,"יוגורט PRO בטעם וניל 0% , 20 גרם חלבון בגביע","שטראוס בריאות בע""מ",IL,דנונה פרו 20 גר וניל,גרמים,200.00,100 גרם,false,,5.00,0.0250,true,1,12327
7290112330390,false,יוגורט PRO בטעם פירות יער 0% 20 גרם חלבון בגביע,"שטראוס בריאות בע""מ",IL,דנונה פרו 20 גר פירו,גרמים,200.00,100 גרם,false,,5.00,0.0250,true,1,12328
7290112330420,false,דנונה פרו לבן 2.9% שומן 150 ג',מיוצר עי קונדיטוריית,IL,דנונה פרו לבן 2.9% 1,גרמים,150.00,100 גרם,false,,4.20,0.0280,true,1,12329
7290112332585,false,"פריכיות תפו""א, אורז בתיבול סלק ומלח חי 30 גר'","פרח תעשיו מזון בע""מ",IL,"פריכיות הטעימות תפו""",גרמים,30.00,100 גרם,false,,4.20,0.1400,true,1,11798
7290112332691,false,עוגיות קרם אגוזים פסק זמן 200 ג' עלית,הגביע מוצרי ופלים בע,IL,פינוקיות עוגיית קרם,גרמים,200.00,100 גרם,false,,8.40,0.0420,true,1,11802
7290112335500,false,"הפריכיות הטעימות חומוס, אורז, עדשים שחורות וקינואה",אנרג'י Energy - שטראוס,IL,פריכיות הטעימות עשיר,גרמים,135.00,100 גרם,false,,9.30,0.0689,true,1,11815
7290112336637,false,סוכריות מאסט Must ללא סוכר יוגורט תות ואוכניות,MIESZKO S.A - MS. JO,PL,"סוכריות מאסט לל""ס יו",גרמים,80.00,100 גרם,false,,5.90,0.0738,true,1,11826
7290112336712,false,יוגורט PRO לבן 0% 21 גרם חלבון בגביע,"שטראוס בריאות בע""מ",IL,דנונה פרו 21 0% שומן,גרמים,200.00,100 גרם,false,,5.00,0.0250,true,1,12337
7290112337474,false,סוכריות מאסט ללא סוכר פטל לימון 80 ג' עלית,MIESZKO S.A - MS. JO,PL,"סוכריות מאסט לל""ס פט",גרמים,80.00,100 גרם,false,,5.90,0.0738,true,1,11830
7290112337481,false,סוכריות מאסט ללא סוכר קפצ''ינו 80 ג' עלית,MIESZKO S.A - MS. JO,PL,"סוכריות מאסט לל""ס קפ",גרמים,80.00,100 גרם,false,,5.90,0.0738,true,1,11831
7290112339171,false,מעדן מילקי מוס שוקול,מיוצר עי קונדיטוריית,IL,מילקי מוס 81 גרם.,גרמים,81.00,100 גרם,false,,3.00,0.0370,true,1,12341
7290112339867,false,גמדים לדרך גבינה לבנה עם מחית תות,שטראוס,IL,גמדים סקוויז בודד תו,גרמים,100.00,100 גרם,false,,5.00,0.0500,true,1,12345
7290112339874,false,גמדים לדרך גבינה לבנה עם מחיות תות ובננה,שטראוס,IL,גמדים סקוויז בודד תו,גרמים,100.00,100 גרם,false,,5.00,0.0500,true,1,12346
7290112341556,false,אקטיביה עם צ'יה ותות 150 ג' דנונה,דנונה - שטראוס,IL,אקטיביה עם צ'יה ותות,גרמים,150.00,100 גרם,false,,4.20,0.0280,true,1,12348
7290112341679,false,אקטיביה 3% שומן 200 ג' דנונה,מיוצר עי קונדיטוריית,IL,דנונה אקטיביה 3% 200,גרמים,200.00,100 גרם,false,,3.30,0.0165,true,1,12349
7290112341686,false,מארז שמיניה אקטיביה 3% 150 ג',מיוצר עי קונדיטוריית,IL,אקטיביה מארז 3% 8*15,קילוגרמים,1.20,"ק""ג",false,,17.00,14.1667,true,1,12350
7290112342270,false,קפה פלטינום אינטנס מחוזק ב- 10% אספרסו,שטראוס קפה בי.וי,IL,קפה פלטינום אינטנס 1,גרמים,125.00,100 גרם,false,,16.20,0.1296,true,1,11857
7290112343260,false,"יטבתה רוטב שמנת קלאסי 9% שומן 260 מ""ל",STRAUSS-ISRAEL,IL,יטבתה רוטב שמנת קלאס,גרמים,260.00,100 גרם,false,,8.50,0.0327,true,1,12357
7290112343499,false,חטיף צ'יטוס פאפס אפוי בטעם גבינה,"שטראוס פריטו ליי בע""",IL,ציטוס Puffs בטעם גבי,גרמים,55.00,100 גרם,false,,3.00,0.0545,true,1,12542
7290112344724,false,מעדן בטעם שוקולד בלונדי 170 ג' מילקי,מיוצר עי קונדיטוריית,IL,מילקי בטעם שוקולד בל,מיליליטרים,170.00,"100 מ""ל",false,,3.00,0.0176,true,1,33551
7290112344786,false,קפה פלטינום קלאסיק 200 ג' עלית,שטראוס קפה בי.וי.,IL,פלטינום קלאסיק עלית,גרמים,200.00,100 גרם,false,,21.30,0.1065,true,1,11865
7290112346629,false,דנונה בר יוגורט+קורנפלקס מצופה שוקולד חלב ולבן 172 גרם,דנונה - שטראוס,IL,דנונה קראנצ' עם קורנ,מיליליטרים,172.00,"100 מ""ל",false,,3.90,0.0227,true,1,12370
7290112346827,false,"אקטימל ויטמין C פטל 8*100 מ""ל",קריות זול,IL,אקטימל ויטמין C פטל,מיליליטרים,800.00,"100 מ""ל",false,,17.00,0.0213,true,1,12373
7290112347008,false,גמדים לדרך גבינה לבנה עם מחית תות ושיבולת שועל,מיוצר עי קונדיטוריית,IL,גמדים ארוחת בוקר תות,גרמים,100.00,100 גרם,false,,5.00,0.0500,true,1,12374
7290112348142,false,שעועית לבנה 380 גר' בקופסה טעם הטבע,שטראוס טעם הטבע,,שעועית לבנה טעם הטבע,גרמים,380.00,100 גרם,false,,5.90,0.0155,true,1,11885
7290112348609,false,קפה נמס מאפה קינמון,,,קפה נמס מאפה קינמון,גרמים,100.00,100 גרם,false,,12.70,0.1270,true,1,11892
7290112349316,false,מסטיק בזוקה פופים ממולא בטעם תות ללא סוכר,רוג'ר אנד רוג'ר,DE,בזוקה ביג פופים בטעם,גרמים,86.00,100 גרם,false,,11.90,0.1384,true,1,11899
7290112349606,false,מעדן גבינה ויוגורט תות בננה 88 ג' דניאלה,"שטראוס בריאות בע""מ",IL,דניאלה תות בננה 150,מיליליטרים,150.00,"100 מ""ל",false,,3.50,0.0233,true,1,32395
7290112349750,false,פיצה רוטב עגבניות לפיצה 350 גר' יד מרדכי,אימילאנה,IL,רוטב עגבניות לפיצה 3,גרמים,350.00,100 גרם,false,,9.30,0.0266,true,1,11907
7290112351067,false,סילאן טבעי 100% תמר מג'הול ללא תוספת סוכר,יד מרדכי,,סילאן טבעי לחיץ יד מ,גרמים,630.00,100 גרם,false,,20.40,0.0324,true,1,11915
7290112351104,false,שוקולד פרה ממולא פיצפוצי אורז 100 ג' עלית,STRAUSS-ISRAEL,IL,שוקולד פרה פיצפוצי א,גרמים,100.00,100 גרם,false,,4.20,0.0420,true,1,11917
7290112351128,false,שוקולד פרה סוכריות קופצות 100 ג' עלית,"שטראוס גרופ בע""מ",IL,שוקולד פרה חלב סוכרי,גרמים,100.00,100 גרם,false,,4.20,0.0420,true,1,11918
7290112351258,false,פינוקיות שחור לבן 200 ג' עלית,הגביע מוצרי ופלים,IL,פינוקיות עוגיית שחור,גרמים,200.00,100 גרם,false,,8.40,0.0420,true,1,11922
7290112354945,false,חטיף תפוצ'יפס WAVY בטעם טבעי,שטראוס פריטו ליי בע”,IL,תפוצ'יפס wavy 50 גר,גרמים,50.00,100 גרם,false,,3.30,0.0660,true,1,104321
7290112354952,false,חטיף תפוצ'יפס WAVY בטעם פפריקה,שטראוס פריטו ליי בע”,IL,תפוצ'יפס wavy פפריקה,גרמים,50.00,100 גרם,false,,3.30,0.0660,true,1,104322
7290112354969,false,"תפוציפס WAVY טבעי , 200 גרם",שטראוס פריטו ליי בע”,IL,תפוצ'יפס וויבי 200 ג,גרמים,200.00,100 גרם,false,,8.50,0.0425,true,1,104230
7290112355102,false,גמדים פאוץ סלט פירות 100 ג' שטראוס,"שטראוס בריאות בע""מ",IL,סקוויז גמדים לדרך סל,גרמים,100.00,100 גרם,false,,5.00,0.0500,true,1,12410
7290112357106,false,שעועית אדומה 380 גר' בקופסה טעם הטבע,שטראוס טעם הטבע,,שעועית אדומה טעם הטב,גרמים,380.00,100 גרם,false,,5.90,0.0155,true,1,11962
7290112358004,false,חטיף שוקולד פסק זמן,שולן צ'יקולטה גידה ס,TR,פסק זמן קראנץ' 32 גר,גרמים,32.00,100 גרם,false,,4.20,0.1313,true,1,11967
7290112358431,false,עד חצות דאבל ביסקוויט עם שוקולד חלב -8 אריזות אישיות,הדקלאים אגודת שיתופי,FR,דאבל ביסקוויט עם שוק,גרמים,200.00,100 גרם,false,,11.00,0.0550,true,1,11975
7290112490117,false,טבלת קליק XL אגוז וופל 85 ג' ורד הגליל,יוניליוור ישראל מזון,IL,טבלה קליק וופל ואגוז,גרמים,85.00,100 גרם,false,,4.20,0.0494,true,1,5287
7290112490650,false,# 778 קונפיטורת תות כשלפ 340גר,קונפיטורות לה-ארדניי,BE,קונפיטורה 778 תות שד,גרמים,340.00,100 גרם,false,,10.20,0.0300,true,1,5292
7290112490735,false,מרק עשיר עגבניות פסטה ר.טבעי קנור 105ג',יוניליוור,IL,מרק היום מרק עגבניות,גרמים,105.00,100 גרם,false,,10.20,0.0971,true,1,5296
7290112490742,false,מרק עשיר פטריות עם גריסים רכיבים טבעיים 104 ג' קנור,יוניליוור,IL,מרק היום מרק פטריות,גרמים,104.00,100 גרם,false,,10.20,0.0981,true,1,5297
7290112491787,false,בייגלה דקים דקים שומשום ב.בייגל 300 גר',בייגל בייגל BB,IL,בייגלה דקים דקים עם,גרמים,300.00,100 גרם,false,,8.40,0.0280,true,1,5315
7290112492456,false,"פינוק - פינוק לשיער יבש 700 מ""ל",יוניליוור ישראל טיפו,IL,פינוק שמפו שיער יבש,מיליליטרים,700.00,"100 מ""ל",false,,10.20,0.0146,true,1,5321
7290112492500,false,"פינוק - שמפו שמן קוקוס 700 מ""ל","יוניליור ישראל, טיפו",IL,פינוק שמפו שמן קוקוס,מיליליטרים,700.00,"100 מ""ל",false,,10.20,0.0146,true,1,5324
7290112492593,false,"פינוק - תחליב רחצה ניחוח פינוק 700 מ""ל",יוניליוור,IL,פינוק תחליב רחצה קלא,מיליליטרים,700.00,"100 מ""ל",false,,8.50,0.0121,true,1,5329
7290112492715,false,"פינוק שמפו ללא דמעות לסירוק קל לילדים 700 מ""ל",יוניליוור,IL,פינוק שמפו לילדים 70,מיליליטרים,700.00,"100 מ""ל",false,,10.10,0.0144,true,1,5335
7290112492975,false,"מרק טעם עוף כשל""פ קנור 400 ג'",יוניליוור ישראל מזון,IL,מרק טעם עוף קנור 400,גרמים,400.00,100 גרם,false,,8.50,0.0213,true,1,33277
7290112492982,false,"אבקת מרק פטריות כשל""פ 100% רכיבים טבעיים 400 גרם",יוניליוור ישראל מזון,IL,מרק פטריות 100% רכיב,יח',400.00,יח',false,,17.00,0.0425,true,1,5342
7290112493316,false,מרק אפונה רכיבים טבעיים 117 ג' קנור,יוניליוור,IL,מרק היום מרק אפונה 1,גרמים,117.00,100 גרם,false,,10.20,0.0872,true,1,5348
7290112494153,false,תיבולית בטעם צלי קנור 72 ג',יוניליוור ישראל מזון,IL,תיבוליות ניחוח צלי ק,גרמים,72.00,100 גרם,false,,6.80,0.0944,true,1,5353
7290112494818,false,"ג'ל לכביסה לבנה וצבעונית בייבי 2.5 ק""ג",היינץ צפון אמריקה מק,IL,ג'ל לכביסה לבנה וצבע,ליטרים,2.50,ליטר,false,,26.40,10.5600,true,1,5372
7290112495006,false,כריות - כריות נוגט 686 גרם,יוניליוור שפע ישראל,IL,"כריות נוגט תלמה בד""ץ",גרמים,686.00,100 גרם,false,,21.30,0.0310,true,1,5375
7290112495143,false,נשנושים קוקטייל מלוח 300ג' ב.בייגל,בייגל את בייגל מזון,IL,נשנושים קוקטייל מלוח,גרמים,300.00,100 גרם,false,,11.00,0.0367,true,1,5381
7290112495174,false,נשנושים קוקטייל שומשום 300ג' ב.בייגל,בייגל את בייגל מזון,IL,נשנושים קוקטייל שומש,גרמים,300.00,100 גרם,false,,11.00,0.0367,true,1,5384
7290112495228,false,"קורנפלקס דבש תלמה 448 ג' בד""צ",יוניליוור שפע ישראל,IL,קורנפלקס דבש תלמה תל,גרמים,448.00,100 גרם,false,,14.30,0.0319,true,1,5385
7290112495433,false,דגני דליפקאן תוספת אגוזי פקאן ושקדים 400 גר,יוניליור שפע ישראל ב,IL,"דליפקאן תלמה בד""ץ 40",גרמים,400.00,100 גרם,false,,18.70,0.0467,true,1,5389
7290112495754,false,רוטב לסלט אלף האיים הלמנס 305 גר',יוניליוור ישראל מזון,IL,רוטב אלף האיים הלמנס,גרמים,305.00,100 גרם,false,,9.00,0.0295,true,1,5394
7290112495761,false,רוטב אלף האיים לייט חמץ הלמנס 305 ג',יוניליוור ישראל מזון,IL,רוטב אלף האיים לייט,גרמים,305.00,100 גרם,false,,9.40,0.0308,true,1,91945
7290112495792,false,רוטב שום לייט 300 ג' הלמנס,יוניליוור ישראל מזון,IL,רוטב שום לייט הלמנס,גרמים,300.00,100 גרם,false,,9.40,0.0313,true,1,91970
7290112496331,false,קורנפלקס בננה תלמה 448 גר'.,אתר שפע,,קורנפלקס בננה תלמה ב,גרמים,448.00,100 גרם,false,,14.30,0.0319,true,1,5408
7290112497000,false,סיף - פנטסטיק ניקוי רב תכליתי 1 ליטר,"זוהר דליה, קיבוץ דלי",IL,סיף פנטסטיק ניקוי כל,יחידה,0.00,יחידה,false,,9.40,0.0000,true,1,5411
7290112497994,false,גרנולה פרוטאין בתוספת חלבון ואגוזים תלמה 300 ג',יוניליוור,IL,גרנולה PROTEIN בתוספ,גרמים,300.00,100 גרם,false,,14.40,0.0480,true,1,5417
7290112498007,false,גרנולה פרוטאין בתוספת חלבון שקדים וחמוציות תלמה 300 ג',יוניליוור,IL,גרנולה PROTEIN בתוספ,גרמים,300.00,100 גרם,false,,14.40,0.0480,true,1,5418
7290112498281,false,"אל סבון לידיים בתוספת שמן קוקוס פינוק 950 מ""ל",יוניליוור ישראל טיפו,IL,אל סבון לידיים בתוספ,מיליליטרים,950.00,"100 מ""ל",false,,10.20,0.0107,true,1,5427
7290112498441,false,רוטב אסייתי למוקפץ קנור 370 גרם,אתר חיפה 778,,טעמים מהמזרח רוטב רו,גרמים,370.00,100 גרם,false,,9.00,0.0243,true,1,91531
7290112498922,false,מאגדת מיני מגנום שוקולד לבן 250 ג',"מיוצר ע""י גלידת שטרא",IL,מאגדת מיני מגנום לבן,גרמים,310.00,100 גרם,false,,23.80,0.0768,true,1,2285
7290112499448,false,"פינוק מרכך שיער שמן מרוקאי 700 מ""ל",יוניליוור ישראל טיפו,IL,מרכך בתוספת שמן מרוק,מיליליטרים,700.00,"100 מ""ל",false,,10.20,0.0146,true,1,5433
7290112499462,false,תחליב רחצה פינוק בתוספת שמן קוקוס,יוניליוור ישראל טיפו,IL,תחליב רחצה בתוספת שמ,מיליליטרים,700.00,"100 מ""ל",false,,8.50,0.0121,true,1,5435
7290112499943,false,מאגדת מיני מגנום קלאסיק שוקולד 5 יח' שטראוס,"מיוצר ע""י גלידת שטרא",IL,מגנום מאגדת מיני שוק,גרמים,250.00,100 גרם,false,,23.80,0.0952,true,1,2306
7290112961372,false,פיטנס חטיפי פריכיות דגנים עם קינמון,"פרח תעשיות מזון בע""מ",IL,חטיפי פריכיות דקות ק,גרמים,60.00,100 גרם,false,,6.80,0.1133,true,1,9592
7290112962287,false,טבעול שווארמה טבעונית 6*450 גרם,מיוצר עי קונדיטוריית,IL,שווארמה טבעונית טבעו,גרמים,450.00,100 גרם,false,,26.40,0.0587,true,1,10137
7290112963918,false,חטיפי קרקר דק רוזמרין 140 ג' פיטנס,נסטלה Nestle,IL,פיטנס חטיפי קרקר דק,גרמים,140.00,100 גרם,false,,9.30,0.0664,true,1,9603
7290112964052,false,פסטה וזוביוטו פרפקטו 500 ג' אסם,ניולט פוד ס.פ.א,IL,פסטה וזוביוטו פרפקטו,גרמים,500.00,100 גרם,false,,8.50,0.0170,true,1,9604
7290112964458,false,רוטב וינגרט לסלט 295 ג' אסם,Unknown,IL,אסם רוטב ויניגרט לסל,מיליליטרים,295.00,"100 מ""ל",false,,7.60,0.0258,true,1,9615
7290112964564,false,רוטב אלף האיים לייט לסלט 310 ג' אסם,אסם,IL,אסם רוטב אלף האיים ל,מיליליטרים,295.00,"100 מ""ל",false,,7.60,0.0258,true,1,9619
7290112965165,false,מרק נמס בטעם פטריות זוג * 24 ג' אסם,אסם,IL,זוג מרק נמס פטריות ב,גרמים,48.00,100 גרם,false,,4.90,0.1021,true,1,31786
7290112965240,false,מרק נמס בטעם עגבניות זוג * 44 ג' אסם,Unknown,IL,זוג מרק נמס עגבניות,גרמים,60.00,100 גרם,false,,4.90,0.0817,true,1,31788
7290112965264,false,אוסם - מרק נמס אפונה זוג 26 גרם * 2,Unknown,,זוג מרק נמס אפונה בד,גרמים,30.00,100 גרם,false,,4.90,0.1633,true,1,31789
7290112965301,false,זוג מרק נמס בטעם עוף עם שקדי מרק רגע חם,Unknown,IL,זוג מרק נמס טעם עוף,גרמים,38.00,100 גרם,false,,4.90,0.1289,true,1,9624
7290112965585,false,פרפקטו פסטה קסרצה 500 גר',אסם פרפקטו Perfecto,IL,פסטה קסרצה פרפקטו 50,גרמים,500.00,100 גרם,false,,5.60,0.0112,true,1,9629
7290112965783,false,אוסם - ביסלי פריסטייל על האש 60 גרם,"אסם השקעות בע""מ",IL,ביסלי פריסטייל על הא,גרמים,60.00,100 גרם,false,,3.80,0.0633,true,1,9637
7290112965806,false,אוסם - ביסלי פריסטייל חמוץ חריף 60 גרם,Unknown,IL,ביסלי פריסטייל חמוץ,גרמים,60.00,100 גרם,false,,3.80,0.0633,true,1,9638
7290112965868,false,קרם קרקר במלחיות מעודנת 250 גר' אסם,אסם,,אסם קרם קרקר במליחות,גרמים,250.00,100 גרם,false,,7.60,0.0304,true,1,9639
7290112965943,false,טבעול נאגטס ירקות ירוקים 500 גר',טבעול תעשיות מזון בע,IL,טבעול נאגטס ירקות יר,גרמים,500.00,100 גרם,false,,26.40,0.0528,true,1,10142
7290112966094,false,עוגת הבית בטעם תפוז - פחות סוכר,מיוצר עי קונדיטוריית,IL,עוגת הבית תפוז מופחת,גרמים,400.00,100 גרם,false,,10.20,0.0255,true,1,9644
7290112966780,false,טחינה באלדי עם חציל קלוי צבר 350 גר',שוורצקוף& הנקל דיסלד,IL,צבר טחינה בלאדי עם ח,גרמים,350.00,100 גרם,false,,12.60,0.0360,true,1,10146
7290112967220,false,ביסלי מארז ברביקיו 20 גר'*10 יח' אסם,,,ביסלי ברביקיו מארז 1,גרמים,200.00,100 גרם,false,,11.90,0.0595,true,1,9660
7290112968784,false,טבעול חטיפי כרובית 450 ג',עיצובים 2020 (4.8),IL,טבעול חטיפי כרובית 4,גרמים,450.00,100 גרם,false,,26.40,0.0587,true,1,10161
7290112968807,false,פיטנס - קרקר דק סלק 140 גרם,מפעל אסם יקנעם,IL,פיטנס קרקר דק סלק 14,גרמים,140.00,100 גרם,false,,9.30,0.0664,true,1,9672
7290112968821,false,פיטנס - קרקר דק בטטה 140 גרם,מפעל אסם יקנעם,IL,פיטנס קרקר דק בטטה 1,גרמים,140.00,100 גרם,false,,9.30,0.0664,true,1,9673
7290113100121,false,מסננת גודל 24.5 + יד,,,מסננת גודל 24.5 + יד,יחידה,0.00,יחידה,false,,21.30,0.0000,true,1,27379
7290113100138,false,מסננת גודל 26 + ידית,,,מסננת גודל 26 + ידית,יחידה,0.00,יחידה,false,,23.00,0.0000,true,1,27380
7290113100169,false,מסננת גודל 20 + ידית,,,מסננת גודל 20 + ידית,יחידה,0.00,יחידה,false,,17.00,0.0000,true,1,27383
7290113100275,false,מגרדת משושת,,,מגרדת משושת,יחידה,0.00,יחידה,false,,36.70,0.0000,true,1,27394
7290113100282,false,פורס פיצה,,,פורס פיצה,יחידה,0.00,יחידה,false,,13.60,0.0000,true,1,27395
7290113100589,false,מחבת 28 ס`מ אינדוקצי,,,מחבת 28 ס`מ אינדוקצי,יחידה,0.00,יחידה,false,,299.10,0.0000,true,1,27426
7290113100626,false,תבנית אפייה עגולה +מ,,,תבנית אפייה עגולה +מ,יחידה,0.00,יחידה,false,,137.50,0.0000,true,1,27430
7290113100633,false,תבנית אינגליש +מכסה,,,תבנית אינגליש +מכסה,יחידה,0.00,יחידה,false,,127.80,0.0000,true,1,27431
7290113100985,false,קרש חיתוך דגם יהלום,,,קרש חיתוך דגם יהלום,יחידה,0.00,יחידה,false,,14.40,0.0000,true,1,27466
7290113100992,false,קרש חיתוך דגם יהלום,,,קרש חיתוך דגם יהלום,יחידה,0.00,יחידה,false,,14.40,0.0000,true,1,27467
7290113101012,false,מגרדת ידנית,,,מגרדת ידנית,יחידה,0.00,יחידה,false,,17.00,0.0000,true,1,27469
7290113101272,false,כותש שום יוקרתי דגם,,,כותש שום יוקרתי דגם,יחידה,0.00,יחידה,false,,48.60,0.0000,true,1,27495
7290113101296,false,פותחן בקבוקים סיליקו,,,פותחן בקבוקים סיליקו,יחידה,0.00,יחידה,false,,25.60,0.0000,true,1,27497
7290113102170,false,תרבד איכותי,,,תרבד איכותי,יחידה,0.00,יחידה,false,,17.90,0.0000,true,1,27585
7290113102187,false,כף מסננת,,,כף מסננת,יחידה,0.00,יחידה,false,,21.30,0.0000,true,1,27586
7290113102194,false,כף מרק,,,כף מרק,יחידה,0.00,יחידה,false,,17.90,0.0000,true,1,27587
7290113102200,false,כף שטוחה,,,כף שטוחה,יחידה,0.00,יחידה,false,,17.90,0.0000,true,1,27588
7290113102217,false,מטרפה,,,מטרפה,יחידה,0.00,יחידה,false,,17.90,0.0000,true,1,27589
7290113102224,false,"מועך תפו""א",,,"מועך תפו""א",יחידה,0.00,יחידה,false,,21.30,0.0000,true,1,27590
7290113102934,false,קולפן איכותי,,,קולפן איכותי,יחידה,0.00,יחידה,false,,16.20,0.0000,true,1,27656
7290113103207,false,מחבת איכותית גודל 20,,,מחבת איכותית גודל 20,יחידה,0.00,יחידה,false,,197.40,0.0000,true,1,27683
7290113103214,false,מחבת איכותית גודל 24,,,מחבת איכותית גודל 24,יחידה,0.00,יחידה,false,,196.50,0.0000,true,1,27684
7290113103429,false,קופסת איחסון,,,קופסת איחסון,יחידה,0.00,יחידה,false,,49.50,0.0000,true,1,27705
7290113177857,false,שטיח סף 70*40,,,שטיח סף 70*40,יח',1.00,יח',false,,25.60,25.6000,true,1,32152
7290113178038,false,שולחן מתקפל,,,שולחן מתקפל,יחידה,0.00,יחידה,false,,213.60,0.0000,true,1,84800
7290113190375,false,סילאן סירופ תמרים טב,שקדיה,TR,סילאן סירופ תמרים טב,גרמים,900.00,100 גרם,false,,15.30,0.0170,true,1,31505
7290113192300,false,זיתים חרוזית מושחר A2 בית השיטה 275 גר',בית השיטה,IL,זיתים חרוזית מושחר ב,גרמים,275.00,100 גרם,false,,8.50,0.0309,true,1,9685
7290113192324,false,זיתים ירוקים שלמים בינוניים,בית השיטה,IL,זית ירוק בית השיטה 3,גרמים,340.00,100 גרם,false,,7.60,0.0224,true,1,9687
7290113192331,false,זיתים ירוק גדול A2 בית השיטה 340ג',בית השיטה,IL,זיתים ירוק גדול בית,גרמים,340.00,100 גרם,false,,4.90,0.0144,true,1,9688
7290113192355,false,חרוזית זיתים ירוקים ללא גלעין 275 ג' בית השיטה,בית השיטה,IL,זיתים חרוזית ירוק בי,גרמים,275.00,100 גרם,false,,8.50,0.0309,true,1,9690
7290113192362,false,טבעות זיתים ירוקים 280 ג' בית השיטה,בית השיטה,IL,טבעות זיתים ירוקים ב,גרמים,280.00,100 גרם,false,,7.60,0.0271,true,1,9691
7290113192379,false,בית השיטה זיתים ירוקים מבוקעים א2 340גר',בית השיטה,IL,זיתים ירוקים מבוקעים,גרמים,340.00,100 גרם,false,,8.50,0.0250,true,1,9692
7290113192393,false,בית השיטה קוקטייל זיתים א2 336גר',בית השיטה,IL,קוקטייל זיתים בית הש,גרמים,336.00,100 גרם,false,,9.30,0.0277,true,1,9694
7290113192478,false,בית השיטה מלפפונים במלח בינוני 10-12 320 גרם,בית השיטה,IL,מלפפון במלח 10-12 בי,גרמים,320.00,100 גרם,false,,6.80,0.0212,true,1,9699
7290113192485,false,בית השיטה מלפפונים בחומץ בינוני 10-12 290 גרם,בית השיטה,IL,מלפפון בחומץ 12-10 ב,גרמים,290.00,100 גרם,false,,6.80,0.0234,true,1,9700
7290113192492,false,בית השיטה מלפפונים בחומץ קטנים 1317 290 גרם,בית השיטה,IL,מלפפון בחומץ 13-17 ב,גרמים,290.00,100 גרם,false,,7.60,0.0262,true,1,9701
7290113192508,false,בית השיטה מלפפונים במלח קטן 1317 320 גרם,בית השיטה,IL,מלפפון במלח 13-17 בי,גרמים,320.00,100 גרם,false,,7.60,0.0237,true,1,9702
7290113192515,false,בית השיטה מלפפונים במלח קטן מאוד 1825 320 גרם,בית השיטה,IL,מלפפון במלח 18-25 בי,גרמים,320.00,100 גרם,false,,8.10,0.0253,true,1,9703
7290113192522,false,בית השיטה מלפפונים בחומץ קטן מאוד 1825 290 גרם,בית השיטה,IL,מלפפון בחומץ 18-25 ב,גרמים,290.00,100 גרם,false,,8.10,0.0279,true,1,9704
7290113192539,false,בית השיטה מלפפונים במלח גדול 79 320 גרם,בית השיטה,IL,מלפפון במלח 7-9 בית,גרמים,560.00,100 גרם,false,,5.10,0.0091,true,1,9705
7290113192546,false,בית השיטה מלפפונים בחומץ גדול 79 290 גרם,בית השיטה,IL,מלפפון בחומץ 7-9 בית,גרמים,560.00,100 גרם,false,,5.10,0.0091,true,1,9706
7290113192553,false,בית השיטה מלפפונים במלח 13-17 בלדי 320 גר',בית השיטה,IL,מלפפון במלח בלדי 13-,גרמים,320.00,100 גרם,false,,8.40,0.0263,true,1,9707
7290113192560,false,בית השיטה פלפל שיפקה חריף כבוש 230 גרם,בית השיטה,IL,פלפל שיפקה בית השיטה,גרמים,230.00,100 גרם,false,,5.90,0.0257,true,1,9708
7290113192577,false,בית השיטה כרוב כבוש חתוך 430 גרם,בית השיטה,IL,כרוב כבוש בית השיטה,יחידה,430.00,יחידה,false,,5.90,0.0137,true,1,9709
7290113192881,false,"טורטיה חיטה מופחת קלוריות, קוטר 20 ס""מ - 6 יח'",דין שיווק,IL,טורטיה חיטה מופחתת ק,גרמים,270.00,100 גרם,false,,8.50,0.0315,true,1,31514
7290113192997,false,בית השיטה זית מרוקאי 340 גר',בית השיטה,IL,זית מרוקאי בית השיטה,גרמים,340.00,100 גרם,false,,9.30,0.0274,true,1,9710
7290113193000,false,בית השיטהפלפל שיפקונית 230 גר',שוורצקוף& הנקל דיסלד,IL,פלפל שיפקונית בית הש,גרמים,230.00,100 גרם,false,,8.50,0.0370,true,1,9711
7290113193017,false,בית השיטה קוקטייל זיתים 275 גר',בית השיטה,IL,בית השיטה קוקטייל זי,גרמים,275.00,100 גרם,false,,9.20,0.0335,true,1,9712
7290113193031,false,חרוזית קלמטה - זיתים שחורים ללא גלעין קלמטה,שוורצקוף& הנקל דיסלד,IL,חרוזית קלמטה בית השי,גרמים,275.00,100 גרם,false,,9.30,0.0338,true,1,9713
7290113193321,false,"שמן זית כתית מעולה בית השיטה 750 מ""ל",בית השיטה,IL,שמן זית כתית מעולה ב,מיליליטרים,750.00,"100 מ""ל",false,,26.40,0.0352,true,1,9714
7290113193406,false,"קוקטייל טבעות זיתים - זיתים ירוקים, שחורים מרינד",בית השיטה,IL,טבעות קוקטיל זיתים ב,גרמים,560.00,100 גרם,false,,9.10,0.0162,true,1,9716
7290113194359,false,זיתים מגולענים בנוסח,Unknown,,זיתים מגולענים בנוסח,גרמים,215.00,100 גרם,false,,11.00,0.0512,true,1,9719
7290113195073,false,חלווה טורקית עם פיסט,,,חלבה טורקית עם פיסטו,גרמים,400.00,100 גרם,false,,11.90,0.0298,true,1,31517
7290113195158,false,בית השיטה מיקס רצועות פלפל 12*215גרם,,,מיקס רצועות פלפל בית,גרמים,215.00,100 גרם,false,,8.50,0.0395,true,1,9721
7290113196414,false,"אורז בסמטי שקדיה 1 ק""ג",קריות זול,IN,אורז בסמטי שקדיה 1 ק,קילוגרמים,1.00,"ק""ג",false,,8.50,8.5000,true,1,31523
7290113198067,false,פקאן מצופה שוקולד לב,"דין שיווק וקליה בע""מ",IL,פקאן מצופה שוקולד לב,גרמים,150.00,100 גרם,false,,12.70,0.0847,true,1,31531
7290113198562,false,סוכריות גומי בטעם תות שדה 200 ג' שקדיה,טופ גלוב,IL,סוכריות גומי בטעמי ת,גרמים,200.00,100 גרם,false,,8.50,0.0425,true,1,34855
7290113198579,false,סוכריות גומי דובונים בטעמי פירות 200 ג' שקדיה,טופ גלוב,IL,סוכריות גומי דובונים,גרמים,200.00,100 גרם,false,,8.50,0.0425,true,1,34856
7290113198586,false,סוכריות גומי מסוכרות בטעם אפרסק 200 ג' שקדיה,טופ גלוב,IL,סוכריות גומי מסוכר ב,גרמים,200.00,100 גרם,false,,8.50,0.0425,true,1,34857
7290113198593,false,סוכריות גומי מסוכרות בטעם בננה 200 ג' שקדיה,טופ גלוב,IL,סוכריות גומי מסוכר ב,גרמים,200.00,100 גרם,false,,8.50,0.0425,true,1,34858
7290113198609,false,סוכריות גומי נחשים בטעמי פירות 200 ג' שקדיה,טופ גלוב,IL,סוכריות גומי נחשים,גרמים,200.00,100 גרם,false,,8.50,0.0425,true,1,34859
7290113198616,false,ברנפלקס דגנים מחיטה מלאה וסובין 500 גר' שקדיה,שקדיה,IL,ברנפלקס דגנים מחיטה,גרמים,500.00,100 גרם,false,,12.80,0.0256,true,1,58497
7290113199897,false,סוכריות חמצוצים בטעם תות שדה 180 ג' שקדיה,דין שיווק,IL,סוכריות חמצוצים בטעם,גרמים,180.00,100 גרם,false,,8.50,0.0472,true,1,34862
7290113199903,false,סוכריות חמצוצים בטעם תות בננה 180 ג' שקדיה,,,סוכריות חמצוצים בטעם,גרמים,180.00,100 גרם,false,,8.50,0.0472,true,1,34863
7290113199927,false,סוכריות חמצוצים בטעם פירות 180 ג' שקדיה,דין שיווק,IL,סוכריות חמצוצים בטעם,גרמים,180.00,100 גרם,false,,8.50,0.0472,true,1,34865
7290113284517,false,נייר טואלט דו שכבתי,,,נייר טואלט דו שכבתי,יחידה,0.00,יחידה,false,,25.60,0.0000,true,1,110334
7290113289130,false,לפתניות אלגנט קרם 25,,,לפתניות אלגנט קרם 25,יחידה,0.00,יחידה,false,,5.10,0.0000,true,1,29048
7290113289147,false,לפתניות אלגנט זהב 25,,,לפתניות אלגנט זהב 25,יחידה,0.00,יחידה,false,,5.10,0.0000,true,1,29049
7290113289154,false,לפתניות אלגנט כסף 25,,,לפתניות אלגנט כסף 25,יחידה,0.00,יחידה,false,,5.10,0.0000,true,1,29050
7290113289161,false,קערות ענקיות אלגנט ק,,,קערות ענקיות אלגנט ק,יחידה,0.00,יחידה,false,,8.50,0.0000,true,1,29051
7290113289185,false,קערות ענקיות אלגנט כ,,,קערות ענקיות אלגנט כ,יחידה,0.00,יחידה,false,,8.50,0.0000,true,1,29053
7290113289215,false,צלחות מתכלות יהלום ע,,,צלחות מתכלות יהלום ע,יחידה,0.00,יחידה,false,,17.10,0.0000,true,1,31622
7290113289338,false,צלחות דקל מרובעות ענ,,,צלחות דקל מרובעות ענ,יחידה,0.00,יחידה,false,,15.30,0.0000,true,1,34768
7290113289475,false,מפיות חד שכבתיות 80,,,מפיות חד שכבתיות 80,יחידה,0.00,יחידה,false,,4.20,0.0000,true,1,29054
7290113289543,false,כוסות שקופות 150 יחי,,,כוסות שקופות 150 יחי,יחידה,0.00,יחידה,false,,12.70,0.0000,true,1,34751
7290113289550,false,צלחות מתכלות גדולות,,,צלחות מתכלות גדולות,יחידה,0.00,יחידה,false,,25.60,0.0000,true,1,31617
7290113560055,false,מי פה ללא אלכוהול בטעם מנטה מרענן,פרודונטקס Parodontax,,פרודונטקס מי פה 500,מיליליטרים,500.00,"100 מ""ל",false,,26.40,0.0528,true,1,2065
7290114310215,false,"**טרה שמנת מתוקה 38% 250 מ""ל בקבוק.",מילקו תעשיות בעמ,IL,שמנת מתוקה 38% בקבוק,מיליליטרים,250.00,"100 מ""ל",false,,5.53,0.0221,true,1,3308
7290114310222,false,חלב 1.5 ליטר 3% מועשר בסידן וויטמין D.,מילקו תעשיות בעמ,IL,חלב מועשר בסידן 1.5,ליטרים,1.50,ליטר,false,,9.30,6.2000,true,1,3309
7290114310239,false,חלב טרה נטול לקטוז מועשר בוויטמין D 2% 1.5 ל',מילקו תעשיות בעמ,IL,חלב נטול לקטוז 1.5,ליטרים,1.50,ליטר,false,,9.30,6.2000,true,1,3310
7290114310338,false,צפתית מעודנת 5% 225 גר' משק צוריאל,מחלבת משק צוריאל,IL,צפתית מעודנת 5% משק,גרמים,225.00,100 גרם,false,,14.40,0.0640,true,1,3313
7290114310550,false,פטה עיזים מעודנת בגביע 5% 200 ג',משק צוריאל,IL,פטה עיזים מעודנת 5%,גרמים,200.00,100 גרם,false,,19.60,0.0980,true,1,3324
7290114310611,false,"משקה חלב בננה בבקבוק פקק ספורט טרה 250 מ""ל",Unknown,IL,משקה חלב בננה בבקבוק,מיליליטרים,250.00,"100 מ""ל",false,,4.70,0.0188,true,1,3327
7290114310628,false,משקה חלב בטעם וניל עוגיות 1.5% שומן,מילקו תעשיות בעמ,IL,משקה חלב וניל עוגיות,ליטרים,1.00,ליטר,false,,10.20,10.2000,true,1,3328
7290114310673,false,גבינת לאבנה 9% 250 גרם,טרה,IL,לאבנה מחלב בקר 9% 25,גרמים,250.00,100 גרם,false,,10.20,0.0408,true,1,3329
7290114310895,false,סימפלי מולר מאגדת שמינייה מנגו תות 1.5% 150X8 גר',מולר Muller,IL,מאגדת שמינייה סימפלי,קילוגרמים,1.20,"ק""ג",false,,26.40,22.0000,true,1,3330
7290114311038,false,שמנת מתוקה עמידה 32% 250מל בקבוק,מילקו,IL,שמנת מתוקה 32% בקבוק,מיליליטרים,250.00,"100 מ""ל",false,,5.90,0.0236,true,1,45220
7290114311076,false,"חמאת מולר צהובה עם שום, 200 גרם",מולר Muller,IL,חמאה צהובה עם שום מו,גרמים,200.00,100 גרם,false,,9.40,0.0470,true,1,42540
7290114311328,false,חלב נטול לקטוז 2% שומן מועשר בויטמין D,ג'י.אר.אמ.גרופו אלימ,IL,חלב נטול לקטוז טרה 1,ליטרים,1.00,ליטר,false,,6.10,6.1000,true,1,74139
7290114311441,false,"מולר אקטיב בטעם עוגיות חמאה 0% שומן, 200 גרם",מולר Muller,IL,מולר אקטיב בטעם עוגי,גרמים,200.00,100 גרם,false,,5.00,0.0250,true,1,86801
7290114600927,false,עלי טורטיה חיטה מלאה מאסטר שף 320 ג',אלקטי קורביישיסי,ES,עלי טורטיה חיטה מלאה,גרמים,320.00,100 גרם,false,,8.50,0.0266,true,1,11164
7290114600941,false,מיונז מאסטר שף מיונז לחיץ 435 ג',קפה לנדוור,NL,מאסטר שף מאסטר שף מ,גרמים,435.00,100 גרם,false,,11.90,0.0274,true,1,11165
7290114600989,false,"רוטב אלף האיים מאסטר שף 250 מ""ל",קפה לנדוור,,מאסטר שף רוטב אלף הא,מיליליטרים,250.00,"100 מ""ל",false,,8.50,0.0340,true,1,11166
7290114600996,false,"רוטב שום מאסטר שף 250 מ""ל",קפה לנדוור,NL,מאסטר שף רוטב שום 25,מיליליטרים,250.00,"100 מ""ל",false,,8.50,0.0340,true,1,11167
7290114602976,false,פרי מיניס קרקר חומוס 120 ג',אפיפית נצרת תעשיות ב,IL,חטיף פרי מיניס קרקר,גרמים,120.00,100 גרם,false,,11.00,0.0917,true,1,11177
7290114603515,false,רוטב קארי אדום מאסטר שף 340 ג',תאי סופרים,TH,מאסטר שף רוטב קארי א,גרמים,340.00,100 גרם,false,,11.90,0.0350,true,1,11181
7290114603591,false,פוף PLAY בטעם קטשופ 40 גר',,,פוף PLAY בטעם קטשופ,גרמים,40.00,100 גרם,false,,2.50,0.0625,true,1,11187
7290114604840,false,דפי אורז קוטר 16 מאסטר שף 400 ג',מאסטר שף,,דפי אורז קוטר 16 כשל,גרמים,400.00,100 גרם,false,,8.50,0.0213,true,1,11193
7290114604857,false,דפי אורז קוטר 22 מאסטר שף 400 ג',מאסטר שף,,דפי אורז קוטר 22 כשל,גרמים,400.00,100 גרם,false,,8.50,0.0213,true,1,11194
7290114604864,false,קוסקוס דק מאסטר שף 350 ג',דוידוביץ,IL,קוסקוס דק מאסטר שף 3,גרמים,350.00,100 גרם,false,,5.00,0.0143,true,1,11195
7290114604895,false,ממרח ספייסי לחיץ 446 גר' מאסטר שף,מאסטר שף,NL,מאסטר שף ממרח ספייסי,גרמים,446.00,100 גרם,false,,11.90,0.0267,true,1,11197
7290114604901,false,ממרח שום לחיץ מאסטר שף444 ג',מאסטר שף,NL,מאסטר שף ממרח שום לח,גרמים,242.00,100 גרם,false,,11.90,0.0492,true,1,11198
7290114606530,false,רוטב בטעם מיונז וקטשופ מאסטר שף 515 ג',מאסטר שף,NL,מאסטר שף רוטב בטעם מ,גרמים,515.00,100 גרם,false,,11.90,0.0231,true,1,11204
7290114606547,false,מיונז עם פטריות כמהין מאסטר שף 242 ג',מאסטר שף,NL,מאסטר שף מיונז עם כמ,גרמים,242.00,100 גרם,false,,11.90,0.0492,true,1,11205
7290114606578,false,מאסטר שף שקדי מרק 400 גר,,,שקדי מרק מאסטר שף 40,גרמים,400.00,100 גרם,false,,9.30,0.0233,true,1,11207
7290114608121,false,פרי מיניס קרקר מעדשים כתומות פרי 120 ג',,,מיניס קרקר FREE פריך,גרמים,120.00,100 גרם,false,,11.00,0.0917,true,1,11210
7290114608664,false,סילאן לחיץ 680 ג' מאסטר שף,,,סילאן לחיץ 100% תמרי,גרמים,680.00,100 גרם,false,,16.20,0.0238,true,1,71261
7290115190014,false,סיגריות מרלבורו רד קצר בוקס,פיליפ מוריס,,סיגריות מרלבורו חפי,יחידה,0.00,יחידה,false,,35.00,0.0000,false,1,15149
7290115190038,false,סיגריות מרלבורו רד קצר סופט,פיליפ מוריס,,סיגריות מרלבורו חפי,יחידה,0.00,יחידה,false,,32.50,0.0000,false,1,15151
7290115190090,false,סיגריות מרלבורו גולד קצר בוקס,פיליפ מוריס,,סיגריות מרלבורו חפי,יחידה,0.00,יחידה,false,,35.00,0.0000,false,1,15157
7290115190137,false,מלברו עדין פיין טאץ 7.1,פיליפ מוריס,,מרלבורו פיין טאצ בוד,יחידה,0.00,יחידה,false,,31.00,0.0000,false,1,15161
7290115190151,false,סיגריות מרלבורו טאץP,פיליפ מוריס,,מרלבורו גולד טאצ בוד,יחידה,0.00,יחידה,false,,31.00,0.0000,false,1,15163
7290115190212,false,סיגריות פרלמנט בלו ארוך,פיליפ מוריס,,סיגריות פרלמנט (חפיס,יחידה,0.00,יחידה,false,,40.00,0.0000,false,1,15169
7290115190335,false,ל.מ כחול לייבל ארוך,פיליפ מוריס,,אל אם בלו ארוך,יחידה,0.00,יחידה,false,,31.00,0.0000,false,1,15177
7290115190359,false,סיגריות ל.מ בלוPP חפ,פיליפ מוריס,,אל אם בלו לייבל קצר,יחידה,0.00,יחידה,false,,31.00,0.0000,false,1,15179
7290115190373,false,סיגריות ל.מ. קפסולהP,פיליפ מוריס,,אל אם פוב רד בודד,יחידה,0.00,יחידה,false,,31.00,0.0000,false,1,15181
7290115190397,false,סיגריות LM רד לייבל קצר,פיליפ מוריס,,אל אם רד לייבל קצר,יחידה,0.00,יחידה,false,,31.00,0.0000,false,1,15183
7290115190496,false,סיגריות נקסט פיין 10,פיליפ מוריס,IL,סיגריות נקסט (בודד),יחידה,0.00,יחידה,false,,30.00,0.0000,false,1,15193
7290115190519,false,סיגריות נקסט פיין חפ,פיליפ מוריס,,סיגריות נקסט (בודד),יחידה,0.00,יחידה,false,,30.00,0.0000,false,1,15195
7290115190533,false,סיגריות נקסט כחול ארוך,פיליפ מוריס,,סיגריות נקסט (בודד),יחידה,0.00,יחידה,false,,28.00,0.0000,false,1,15197
7290115190557,false,סיגריות נקסט כחול קצר,פיליפ מוריס,,סיגריות נקסט(בודד) ר,יחידה,0.00,יחידה,false,,28.00,0.0000,false,1,15199
7290115190571,false,סיגריות נקסט לילךPP,פיליפ מוריס,,סיגריות נקסט (בודד),יחידה,0.00,יחידה,false,,30.00,0.0000,false,1,15201
7290115190595,false,סיגריות נקסט אוריגינ,פיליפ מוריס,,סיגריות נקסט(בודד),יחידה,0.00,יחידה,false,,30.00,0.0000,false,1,15203
7290115200003,false,פתי בר פינוקי וניל 220 גר' אסם,תאי פרזידנט פוד פאבל,PL,פתי בר פינוקי וניל 2,גרמים,220.00,100 גרם,false,,8.50,0.0386,true,1,10164
7290115200713,false,מארז במבה קלאסי 5*50 ג' אסם,אסם,IL,מארז במבה קלאסי אסם,גרמים,250.00,100 גרם,false,,10.20,0.0408,true,1,9725
7290115201680,false,ביסלי בטעם ברביקיו 70 ג' אסם,"אסם השקעות בע""מ",IL,ביסלי ברביקיו 70 גרם,גרמים,70.00,100 גרם,false,,3.30,0.0471,true,1,9730
7290115201741,false,ביסלי בטעם בצל אסם 7,"אסם השקעות בע""מ",IL,ביסלי בצל 70 גרם,גרמים,70.00,100 גרם,false,,3.30,0.0471,true,1,9731
7290115202434,false,חומוס עם זעתר צבר 375 ג',ג'נרל מילס סאן אדריא,IL,חומוס עם זעתר צבר 37,גרמים,375.00,100 גרם,false,,10.20,0.0272,true,1,10173
7290115202786,false,מנה חמה פאוצ' נדלס טעם בקר 70 ג' אסם,Unknown,,מנה חמה פאוצ' נדלסאט,גרמים,70.00,100 גרם,false,,4.20,0.0600,true,1,9740
7290115202816,false,מנה חמה פאוצ' נדלס טעם עוף 70 ג' אסם,Unknown,,מנה חמה פאוצ' נדלסאט,גרמים,70.00,100 גרם,false,,4.20,0.0600,true,1,9741
7290115202847,false,מנה חמה פאוצ' נדלס ספייסי אסם 70 ג',Unknown,,מנה חמה פאוצ' נדלסאט,גרמים,70.00,100 גרם,false,,4.20,0.0600,true,1,9742
7290115203134,false,פופקו פופקורן במבה - פופקורן בציפוי קרמל ובוטנים,"אסם השקעות בע""מ",IL,פופקו פופקורן במבה 4,גרמים,80.00,100 גרם,false,,4.20,0.0525,true,1,9747
7290115203172,false,במבה PRO מכיל 18 גרם חלבון בשקית,"אסם השקעות בע""מ",IL,במבה אסם 80 גרם PRO,גרמים,80.00,100 גרם,false,,3.80,0.0475,true,1,64100
7290115203486,false,פירורית בטעם ביסלי גריל אסם 200 גר',קיבוץ עינת,IL,אסם פירורית בטעם ביס,גרמים,200.00,100 גרם,false,,5.60,0.0280,true,1,9753
7290115204056,false,אסם קטשופ מופחת סוכר 690 גר',קריות זול,IL,אסם קטשופ מופחת סוכר,גרמים,690.00,100 גרם,false,,9.00,0.0130,true,1,9759
7290115205312,false,קרקר פיטנס דק עם זיתי קלמטה ועשבי תיבול,"אסם השקעות בע""מ",IL,פיטנס קרקר Thin Deli,גרמים,140.00,100 גרם,false,,9.30,0.0664,true,1,55907
7290115205978,false,פתיבר ואצבעות שוקולד 180 גרם - רבנות,"ד""ר ג'רארד בע""מ",PL,פתי בר אצבעות שוקולד,גרמים,180.00,100 גרם,false,,8.50,0.0472,true,1,35293
7290115206531,false,אסם קרמוגית במילוי קרם בייגלה 12*200 גרם,אסם-נסטלה,IL,אסם קרמוגית במילוי ק,גרמים,200.00,100 גרם,false,,8.50,0.0425,true,1,31634
7290115207507,false,צבר סלט טורקי 6*360גרם,ג'נרל מילס סאן אדריא,IL,צבר סלט טורקי 360 גר,גרמים,360.00,100 גרם,false,,12.70,0.0353,true,1,32693
7290115207941,false,סירופ אננס 1 ל' ויטמינצ'יק,בית-השיטה עסיס תעשיו,IL,ויטמינצ'יק אננס 1 לי,ליטרים,1.00,ליטר,false,,19.30,19.3000,true,1,34365
7290115207965,false,סירופ מנגו ואפרסק 1 ל' ויטמינצ'יק,בית-השיטה עסיס תעשיו,IL,ויטמינצ'יק מנגו 1 לי,ליטרים,1.00,ליטר,false,,19.30,19.3000,true,1,34366
7290115207989,false,סירופ לימון 1 ל' ויטמינצ'יק,בית-השיטה עסיס תעשיו,IL,ויטמינצ'יק לימון 1 ל,ליטרים,1.00,ליטר,false,,19.30,19.3000,true,1,34367
7290115208009,false,סירופ ענבים 1ל' ויטמינצ'יק,בית-השיטה עסיס תעשיו,IL,ויטמינצ'יק ענבים 1 ל,ליטרים,1.00,ליטר,false,,19.30,19.3000,true,1,34368
7290115208047,false,סירופ פטל 1 ל' ויטמינצ'יק,בית-השיטה עסיס תעשיו,IL,ויטמינצ'יק פטל 1 ליט,ליטרים,1.00,ליטר,false,,19.30,19.3000,true,1,34364
7290115208061,false,סירופ תפוח 1ל' ויטמינצ'יק,בית השיטה עסיס תעשיו,IL,ויטמינצ'יק תפוח 1 לי,ליטרים,1.00,ליטר,false,,19.30,19.3000,true,1,34369
7290115208320,false,אפרופו חטיף בטעם ביסלי בצל 50 גרם,"אסם השקעות בע""מ",IL,אפרופו בטעם ביסלי בצ,גרמים,50.00,100 גרם,false,,4.30,0.0860,true,1,91907
7290115208344,false,בייגלה כפיות שמנת בצל 300ג אסם,אסם,IL,אסם בייגלה כפיות שמנ,גרמים,300.00,100 גרם,false,,9.30,0.0310,true,1,67079
7290115209198,false,במבה אורירית 80 ג' אסם,אסם השקעות בעמ,IL,במבה אורירית 80 גרם,גרמים,80.00,100 גרם,false,,3.80,0.0475,true,1,57614
7290115209358,false,במבה במילוי קרם בטעם בראוניז,"אסם השקעות בע""מ",IL,במבה במילוי בראוניז,גרמים,60.00,100 גרם,false,,3.80,0.0633,true,1,91621
7290115209372,false,במבה במילוי בראוניז 150ג' אסם,"אסם השקעות בע""מ",IL,במבה במילוי בראוניז,גרמים,150.00,100 גרם,false,,8.50,0.0567,true,1,91634
7290115403282,false,עוגיות פיצפוצי שוקו,,,עוגיות פיצפוצי שוקו,גרמים,500.00,100 גרם,false,,13.60,0.0272,true,1,46845
7290115403299,false,עוגיות פרפריות אדל 4,,,עוגיות פרפריות אדל 4,גרמים,450.00,100 גרם,false,,13.60,0.0302,true,1,46846
7290115403312,false,עוגיות מלוחות קריספי,,,עוגיות מלוחות קריספי,גרמים,450.00,100 גרם,false,,13.60,0.0302,true,1,46848
7290115403329,false,עוגיות רשת קינמון מס,,,עוגיות רשת קינמון מס,גרמים,450.00,100 גרם,false,,13.60,0.0302,true,1,46849
7290115403442,false,עוגיות ממולאות בטעם,,,עוגיות ממולאות בטעם,גרמים,500.00,100 גרם,false,,13.60,0.0272,true,1,46860
7290115403459,false,עוגיות נסיכה בטעם תו,,,עוגיות נסיכה בטעם תו,גרמים,500.00,100 גרם,false,,13.60,0.0272,true,1,46861
7290115403480,false,עוגיות בסגנון מרוקאי,,,עוגיות בסגנון מרוקאי,גרמים,500.00,100 גרם,false,,13.60,0.0272,true,1,46864
7290115403510,false,עוגיות מגולגלות תמרי,,,עוגיות מגולגלות תמרי,גרמים,500.00,100 גרם,false,,13.60,0.0272,true,1,46866
7290115403527,false,עוגיות עינוגי תמרים,,,עוגיות עינוגי תמרים,גרמים,500.00,100 גרם,false,,13.60,0.0272,true,1,46867
7290115405088,false,קפולסקי קינוח אישי קדאיף 200 גר',קפולסקי אדל בעמ,IL,קינוח אישי קדאיף-200,גרמים,200.00,100 גרם,false,,12.70,0.0635,true,1,22099
7290115405118,false,קפולסקי קינוח אישי תענוג תות 200 גר',קפולסקי אדל בעמ,IL,קינוח אישי תענוג תות,גרמים,200.00,100 גרם,false,,12.70,0.0635,true,1,22102
7290115405774,false,פחזניות ממולאות בטעם וניל 180 גרם,תופינים מקבוצת קפולס,IL,פחזניות בטעם וניל תו,גרמים,180.00,100 גרם,false,,12.80,0.0711,true,1,53818
7290115405781,false,פחזניות ממולאות בטעם שוקולד 180 גר',תופינים מקבוצת קפולס,IL,פחזניות בטעם שוקולד,גרמים,180.00,100 גרם,false,,12.80,0.0711,true,1,53830
7290115405804,false,פחזניות ממולאות בטעם תות 180 גרם,קפולסקי אדל בעמ,IL,פחזניות בטעם תות תופ,גרמים,180.00,100 גרם,false,,12.80,0.0711,true,1,53843
7290115405828,false,קינוח אישי גבינה אוכמניות 200 גרם,קפולסקי אדל בעמ,IL,קינוח אישי גבינה אוכ,גרמים,200.00,100 גרם,false,,12.80,0.0640,true,1,55547
7290115670691,false,גרנולה שיבולת שועל עם פירות יער,אנרג'י Energy - שטראוס,CZ,אנרג'י גרנולה שיבולת,גרמים,400.00,100 גרם,false,,11.90,0.0298,true,1,11997
7290115671155,false,שלישיית סוכריות FRESH ענבים 45 ג' בזוקה,ALPRO,,שלישיית סוכריות בזוק,גרמים,45.00,100 גרם,false,,6.80,0.1511,true,1,32580
7290115671339,false,מיני פינוקיות בראוניז בייגל בוטן עלית 180 ג' עלית,הגביע מוצרי ופלים בע,IL,מיני פינוקיות בראוני,גרמים,180.00,100 גרם,false,,9.30,0.0517,true,1,12011
7290115671421,false,פולי אספרסו עשירים וארומטיים עוצמה 10 250 ג' עלית,שטראוס קפה בי.וי,IL,פולי אספרסו עשירים ו,גרמים,250.00,100 גרם,false,,18.80,0.0752,true,1,35304
7290115675559,false,מארז קפה טורקי לדרך 70ג' עלית,שטראוס קפה בי.וי.,IL,מארז קפה טורקי לדרך,גרמים,70.00,100 גרם,false,,6.80,0.0971,true,1,12031
7290115675986,false,יוגורט עם אגוזי לוז ושקדים בקרמל מלוח 4.5%,"שטראוס בריאות בע""מ",IL,דנונה קראנצ' אגוזים,גרמים,173.00,100 גרם,false,,3.90,0.0225,true,1,12432
7290115676051,false,"אקטיביה משקה+שיבולת שועל במתיקות מעודנת 250 מ""ל",מיוצר עי קונדיטוריית,IL,משקה אקטיביה עם שיבו,גרמים,265.00,100 גרם,false,,4.20,0.0158,true,1,31819
7290115676099,false,משקה דנונה פרו 20 יוגורט וניל 255 ג' רבנות,"שטראוס בריאות בע""מ.",IL,משקה יוגורט עם חלבון,גרמים,265.00,100 גרם,false,,5.90,0.0223,true,1,12437
7290115677089,false,קונפיטורה תפוח וקינמון יד מרדכי 340 ג',"ב.א מזון בע""מ",IL,קונפיטורת תפוח וקינמ,גרמים,340.00,100 גרם,false,,9.20,0.0271,true,1,12040
7290115677140,false,"תפוצ'יפס WAVY פפריקה, 200 ג'",שטראוס פריטו ליי בע”,IL,תפוצ'יפס wavy פפריקה,גרמים,200.00,100 גרם,false,,8.50,0.0425,true,1,104231
7290115677676,false,חומוס עשיר בטחינה גולמית עם מלא חריף 400 גר אחלה,,,חומוס 40% טחינה עם ח,גרמים,400.00,100 גרם,false,,11.00,0.0275,true,1,12438
7290115678222,false,מארז 8 גביעים יוגורט Greek בסגנון יווני 6.5% שומן,דנונה - שטראוס,IL,מארז שמינייה יוגורט,גרמים,130.00,100 גרם,false,,20.40,0.1569,true,1,12454
7290115678376,false,מעדן הגולן שוקולד 125 גרם,מיוצר עי קונדיטוריית,IL,מעדן הגולן מעדן חלב,גרמים,125.00,100 גרם,false,,2.50,0.0200,true,1,12459
7290115678383,false,מעדן הגולן שוקולד מריר 125 גר,מיוצר עי קונדיטוריית,IL,מעדן הגולן מעדן חלב,גרמים,125.00,100 גרם,false,,2.50,0.0200,true,1,12460
7290116530147,false,"תחליב רחצה שייק פירות יער ירוקים ומאצה פינוק 700 מ""ל",יוניליוור ישראל טיפו,IL,תחליב רחצה בניחוח שי,מיליליטרים,700.00,"100 מ""ל",false,,8.50,0.0121,true,1,5438
7290116530161,false,"תחליב רחצה שייק אננס , מלון וחלב פינוק 700 מ""ל",יוניליוור ישראל טיפו,IL,תחליב רחצה בניחוח שי,מיליליטרים,700.00,"100 מ""ל",false,,8.50,0.0121,true,1,5440
7290116530871,false,מיקס נשנושים 240 ג' בייגל בייגל,בייגל בייגל BB,IL,חטיף נשנושים מיקס+בי,גרמים,240.00,100 גרם,false,,10.20,0.0425,true,1,71313
7290116531083,false,ברנפלקס קוקומן שוקו בננה 375ג' תלמה,יוניליוור שפע ישראל,IL,דגני בוקר ברנפלקס לל,גרמים,500.00,100 גרם,false,,17.90,0.0358,true,1,32622
7290116531243,false,"שמפו ומרכך 2ב-1 למניעת קשקשים 700 מ""ל פינוק",יוניליוור,IL,שמפו ומרכך 2 ב-1 למנ,מיליליטרים,700.00,"100 מ""ל",false,,10.10,0.0144,true,1,5454
7290116531250,false,"שמפו למניעת קשקשים 700 מ""ל פינוק",יוניליוור,IL,שמפו למניעת קשקשים ת,מיליליטרים,700.00,"100 מ""ל",false,,10.10,0.0144,true,1,5455
7290116531564,false,מאגדת פתית פריכיות תירס דקות עם קינואה ובזיליקום 150 ג',פתית,,מאגדת פריכיות תירס ד,גרמים,150.00,100 גרם,false,,12.80,0.0853,true,1,32684
7290116531656,false,פינוק מרכך בניחוח תפוח - מהדורה,יוניליוור ישראל טיפו,IL,מרכך בניחוח תפוח פינ,מיליליטרים,700.00,"100 מ""ל",false,,10.20,0.0146,true,1,31626
7290116531809,false,"תחליב רחצה פינוק עוגיות 700 מ""ל",יוניליוור ישראל טיפו,IL,תחליב רחצה בניחוח שי,מיליליטרים,700.00,"100 מ""ל",false,,8.50,0.0121,true,1,31629
7290116531854,false,"תחליב רחצה שייק קיווי פסיפלורה ואשכולית אדומה 700 מ""ל פינוק",יוניליוור ישראל טיפו,IL,תחליב רחצה בניחוח שי,מיליליטרים,700.00,"100 מ""ל",false,,8.50,0.0121,true,1,35342
7290116531915,false,חטיף דגדג בטעם פתי ב,"דרך השוקולד 1, צפת 1",IL,דג דג חטיף אפוי בטעם,גרמים,250.00,100 גרם,false,,8.60,0.0344,true,1,34461
7290116532370,false,"בדין אקסטרה, זוג 2 * 960 מ""ל יסמין",,,מרכך כביסה מרוכז בדי,מיליליטרים,960.00,"100 מ""ל",false,,25.60,0.0267,true,1,34951
7290116930282,false,ארוחה בקטנה לאבנה עם קרקרים 150ג' תנובה,תנובה,IL,לאבנה 9% שומן עם קרק,גרמים,150.00,100 גרם,false,,6.80,0.0453,true,1,64950
7290116930480,false,"משקה SHAKE בננה קיווי תפוח 230 מ""ל יופלה",יופלה Yoplait,IL,יופלה SHAKE בננה קי,מיליליטרים,230.00,"100 מ""ל",false,,6.80,0.0296,true,1,65001
7290116930657,false,"משקה חלב GO בננה תמר שיבולת שועל 340 מ""ל",תנובה מרכז שיתופי לש,IL,משקה GO בננה תמר עם,מיליליטרים,340.00,"100 מ""ל",false,,6.80,0.0200,true,1,103523
7290116930718,false,מעדן תנובה דיאט בטעם שוקולד וקרמל מלוח 0% 150ג' תנובה,"תנובה בע""מ",IL,מעדן דיאט בטעם שוקו,גרמים,150.00,100 גרם,false,,3.30,0.0220,true,1,66200
7290116931074,false,פרוסות טל העמק 32% 300 גרם,"תנובה בע""מ",IL,גבינת טל העמק 32% שו,גרמים,300.00,100 גרם,false,,23.00,0.0767,true,1,73599
7290116931104,false,יופלה גו במרקם סמיך עם אננס 0% שומן 200ג',תנובה בעמ,IL,יופלה גו במרקם סמיך,גרמים,200.00,100 גרם,false,,5.30,0.0265,true,1,72903
7290116931289,false,יוגורט GO סמיך אלפחורס 200 גרם,תנובה מרכז שיתופי לש,IL,יוגורט גו סמיך 0% אל,גרמים,200.00,100 גרם,false,,5.30,0.0265,true,1,101860
7290117260470,false,גבינה בולגרית מעודנת למריחה עם שום 5% שומן 200 ג' יורו,,,גבינה בולגרית מעודנת,גרמים,200.00,100 גרם,false,,10.20,0.0510,true,1,66418
7290117260562,false,חמאה כפרית מסורתית בגביע,וילי פוד,TR,חמאה בגביע יורו 225,גרמים,225.00,100 גרם,false,,14.50,0.0644,true,1,104017
7290117260579,false,חטיף קראנצ'י על בסיס קמח עדשים בטעם שמנת חמוצה ובצל 80 ג',וילי פוד,,חטיף קראנצ'י על בסיס,גרמים,80.00,100 גרם,false,,6.80,0.0850,true,1,90209
7290117260586,false,חטיף קראנצ'י על בסיס קמח עדשים בטעם פלפל חלפיניו וליים 80 ג',וילי פוד,,חטיף קראנצ'י על בסיס,גרמים,80.00,100 גרם,false,,6.80,0.0850,true,1,90210
7290117260593,false,חטיף קראנצ'י על בסיס קמח עדשים בטעם צ'דר 80 ג',וילי פוד,,חטיף קראנצ'י על בסיס,גרמים,80.00,100 גרם,false,,6.80,0.0850,true,1,90211
7290117261057,false,זוג קינוחים בטעם קרם עוגיות 140ג',,,זוג קינוחים בטעם קרם,גרמים,140.00,100 גרם,false,,9.40,0.0671,true,1,81438
7290117261088,false,בוראטה גבינת מוצרלה רכה 125ג' 18%שומן,,,בוראטה גבינת מוצרלה,גרמים,125.00,100 גרם,false,,17.10,0.1368,true,1,93448
7290117261101,false,זוג קינוחים בטעם שוקולד ואגוזי לוז 140ג',,,זוג קינוחים בטעם שוק,גרמים,140.00,100 גרם,false,,9.40,0.0671,true,1,72296
7290117261125,false,זוג קינוחים בטעם וניל בציפוי שוקולד לבן 140ג',Euro יורו מחלבות אירופה,,זוג קינוחים בטעם וני,גרמים,140.00,100 גרם,false,,9.40,0.0671,true,1,72283
7290117261132,false,זוג קינוחים בטעם קרמל מלוח 70*2 גרם יור,,,זוג קינוחים בטעם קרמ,גרמים,140.00,100 גרם,false,,9.40,0.0671,true,1,72270
7290117261422,false,יוגורט פרוביוטי עם תות שדה 2% 125גרם,Euro יורו מחלבות אירופה,TR,יוגורט פרוביוטי עם ת,גרמים,125.00,100 גרם,false,,2.50,0.0200,true,1,103975
7290117261439,false,יוגורט פרוביוטי עם פירות יער 2% 125גרם,Euro יורו מחלבות אירופה,TR,יוגורט פרוביוטי עם פ,גרמים,125.00,100 גרם,false,,2.50,0.0200,true,1,103976
7290117261514,false,סלמון אטלנטי בשמן קנולה ולימון 120 גרם,קריות זול,,סלמון אטלנטי בשמן קנ,גרמים,120.00,100 גרם,false,,9.40,0.0783,true,1,88288
7290117261552,false,סלמון אטלנטי ברוטב עגבניות 120 גרם,קריות זול,,סלמון אטלנטי ברוטב ע,גרמים,120.00,100 גרם,false,,9.40,0.0783,true,1,88292
7290117261651,false,מגורדת טבעונית בטעם מוצרלה 200ג',,,צהובה טבעונית מגורדת,גרמים,200.00,100 גרם,false,,12.80,0.0640,true,1,86442
7290117261705,false,חמאת עיזים 200 גר' וילי פוד,באלבן גידה סנאי,TR,חמאת עיזים 200 גרם,גרמים,200.00,100 גרם,false,,11.90,0.0595,true,1,88360
7290117261774,false,כדורי גבינת בייבי מוצרלה 150ג' 14%שומן,,,כדורי גבינת בייבי מו,גרמים,150.00,100 גרם,false,,12.80,0.0853,true,1,93486
7290117262160,false,גבינה כפרית חצי קשה 200ג' 20%שומן,,,גבינה כפרית חצי קשה,גרמים,200.00,100 גרם,false,,11.90,0.0595,true,1,93422
7290117380864,false,עוגות בראוניס אישיות בטעם שוקולד 120 ג' סלים דליס פייבר,הלמה הלום,NL,סלים דליס פייבר - עו,גרמים,120.00,100 גרם,false,,9.30,0.0775,true,1,57980
7290117381205,false,שמן שומשום מאסטר שף,,,מאסטר שף שמן שומשום,מיליליטרים,370.00,"100 מ""ל",false,,19.60,0.0530,true,1,101873
7290117383711,false,"מארז זוג תחליב רחצה חלב ודבש *750 מ""ל פלמוליב",קולגייט פלמוליב,TR,פלמוליב חלב ודבש 750,ליטרים,1500.00,100 ליטר,false,,25.70,0.0171,true,1,98456
7290117383735,false,"מארז זוג תחליב רחצה חימר ורדים *750 מ""ל פלמוליב",קולגייט פלמוליב,TR,פלמוליב חימר ורדים 7,ליטרים,1500.00,100 ליטר,false,,25.70,0.0171,true,1,98458
7290117761052,false,מנקה חלונות 1 ליטר ז,,,מנקה חלונות 1 ליטר ז,ליטרים,1.00,ליטר,false,,12.80,12.8000,true,1,35299
7290117860083,false,"קרם רחצה בניחוח אירוס זהוב ודבש 700 מ""ל הוואי",הוואי,,תחליב רחצה בניחוח אי,מיליליטרים,700.00,"100 מ""ל",false,,12.80,0.0183,true,1,99185
7290117860199,false,שמפו שמן ורד הבר ושמן מקדמיה לשיער יבש,קריות זול,,שמפו לשיער יבש הוואי,מיליליטרים,700.00,"100 מ""ל",false,,12.80,0.0183,true,1,96154
7290117860236,false,"הוואי - קרם רחצה בניחוח ויולה ורודה 700 מ""ל",הוואי,,תחליב רחצה בניחוח וי,מיליליטרים,700.00,"100 מ""ל",false,,12.80,0.0183,true,1,99188
7290117860298,false,שמפו קומפלקס קרטין לשיער עדין או חלש,הוואי,,שמפו קרטין מחזק הווא,מיליליטרים,700.00,"100 מ""ל",false,,12.80,0.0183,true,1,100469
7290117860441,false,"מרכך פריחת הדובדבן 700 מ""ל הוואי",קריות זול,,מרכך הוואי פריחת הדו,מיליליטרים,700.00,"100 מ""ל",false,,12.80,0.0183,true,1,96157
7290117860748,false,שמפו תמצית יסמין מעניק נפח לשיער דק,קריות זול,,שמפו מעניק נפח הוואי,מיליליטרים,700.00,"100 מ""ל",false,,12.80,0.0183,true,1,100474
7290117860991,false,"תחליב רחצה יוגורט בניחוח שקדים 700 מ""ל הוואי",,,תחליב רחצה יוגורט בנ,מיליליטרים,700.00,"100 מ""ל",false,,12.80,0.0183,true,1,99194
7290117900932,false,גרעיני אבטיח קלויים,,,גרעיני אבטיח קלויים,גרמים,130.00,100 גרם,false,,9.40,0.0723,true,1,58880
7290117900949,false,בוטנים מצופים אמריקא,,,בוטנים מצופים אמריק,גרמים,250.00,100 גרם,false,,9.40,0.0376,true,1,58881
7290117900956,false,תערובת פיצוחים קלויי,,,תערובת פיצוחים קלויי,גרמים,180.00,100 גרם,false,,13.60,0.0756,true,1,58882
7290117900963,false,בוטנים קלויים 270 גר,,,בוטנים קלויים 270 גר,גרמים,270.00,100 גרם,false,,9.40,0.0348,true,1,58883
7290117900987,false,אגוז פקאן קלוף 140 ג,,,פקאן קלוף 140 גרם,גרמים,140.00,100 גרם,false,,13.60,0.0971,true,1,58885
7290117900994,false,פקאן סיני מסוכר 140,,,פקאן סיני מסוכר 140,גרמים,140.00,100 גרם,false,,13.60,0.0971,true,1,58886
7290117901007,false,פיסטוק קלוי 130 גרם,,,פיסטוק קלוי 130 גרם,גרמים,130.00,100 גרם,false,,13.60,0.1046,true,1,58887
7290117901014,false,קשיו קלוי 160 גרם,,,קשיו קלוי 160 גרם,גרמים,160.00,100 גרם,false,,13.60,0.0850,true,1,58888
7290117901021,false,קבוקים בוטנים מצופים,,,קבוקים בוטנים מצופים,גרמים,220.00,100 גרם,false,,9.40,0.0427,true,1,58889
7290117901038,false,אגוזי מלך קלופים 190,,,אגוז מלך קלוף 190 גר,גרמים,190.00,100 גרם,false,,13.60,0.0716,true,1,58890
7290117901045,false,בוטן רביולי 200 גרם,,,בוטן רביולי 200 גרם,גרמים,200.00,100 גרם,false,,13.60,0.0680,true,1,58891
7290117901250,false,ממרח עגבניות מיובשות בתוספת זיתים ירוקים 290 ג' גורמה,,,ממרח עגבניות מיובשות,גרמים,290.00,100 גרם,false,,12.80,0.0441,true,1,103200
7290117901267,false,ממרח פלפלים אדומים וחצילים קלויים 290 ג' גורמה,,,ממרח חצילים קלויים ו,גרמים,290.00,100 גרם,false,,12.80,0.0441,true,1,103201
7290118420071,false,במבה ביסלי ברביקיו מיקס 80ג' אסם,"אסם השקעות בע""מ",IL,במבה ביסלי ברביקיו מ,גרמים,80.00,100 גרם,false,,3.80,0.0475,true,1,91671
7290118420378,false,פתיבר פינוקים בטעם תותים בשמנת - חלבי,קריות זול,IL,פתי בר פינוקים תותים,גרמים,220.00,100 גרם,false,,8.50,0.0386,true,1,91880
7290118420514,false,אינסטנט פודינג נוגט 75ג' אסם,"אסם השקעות בע""מ",IL,אינסטנט פודינג נוגט,גרמים,80.00,100 גרם,false,,5.00,0.0625,true,1,89875
7293556389962,true,שום לבן (סולו) ארוז,,,שום לבן (סולו) ארוז,גרמים,250.00,100 גרם,false,,9.90,0.0396,true,1,30047
7296021131394,false,סכין מולטי משוננת מ,,,סכין מולטי משוננת מ,יחידה,0.00,יחידה,false,,17.00,0.0000,true,1,24812
7296021133732,false,כף עוגה ידית שחורה נ,KIS CHINA,CN,כף עוגה ידית שחורה נ,יחידה,0.00,יחידה,false,,8.50,0.0000,true,1,24830
7296021169922,false,פותחן בקבוקים STAINL,,,פותחן בקבוקים STAINL,יחידה,0.00,יחידה,false,,13.70,0.0000,true,1,35226
7296021187919,false,"סכו""ם נירוסטה סט 24",,,"סכו""ם נירוסטה סט 24",יחידה,0.00,יחידה,false,,256.40,0.0000,true,1,35095
7296021191756,false,"סיר יציקה 28 ס""מ +מכ",,,"סיר יציקה 28 ס""מ +מכ",יחידה,0.00,יחידה,false,,393.10,0.0000,true,1,35355
7296021191787,false,"מחבת יציקה 20 ס""מ שח",,,"מחבת יציקה 20 ס""מ שח",יחידה,0.00,יחידה,false,,170.90,0.0000,true,1,35098
7296021191800,false,"מחבת יציקה 24 ס""מ שח",,,"מחבת יציקה 24 ס""מ שח",יחידה,0.00,יחידה,false,,213.60,0.0000,true,1,35100
7296021231490,false,"סיר 20 ס""מ 2.4 ליטר",,,"סיר 20 ס""מ 2.4 ליטר",יחידה,0.00,יחידה,false,,213.60,0.0000,true,1,34913
7296021231513,false,"סיר 26 ס""מ 5.2 ליטר",,,"סיר 26 ס""מ 5.2 ליטר",יחידה,0.00,יחידה,false,,341.80,0.0000,true,1,34915
7296021255830,false,קישואן זוקיני ידית ש,,,קישואן זוקיני ידית ש,יחידה,0.00,יחידה,false,,12.80,0.0000,true,1,35172
7296021269035,false,כוסות קרמיקה14*7.4 R,,,כוסות קרמיקה14*7.4 R,יחידה,0.00,יחידה,false,,12.80,0.0000,true,1,103962
7296021288623,false,"סיר בישוול 20 ס""מ 3.",,,"סיר בישוול 20 ס""מ 3.",יחידה,0.00,יחידה,false,,284.70,0.0000,true,1,78875
7296021288630,false,"סיר בישוול 22 ס""מ 4.",,,"סיר בישוול 22 ס""מ 4.",יחידה,0.00,יחידה,false,,313.70,0.0000,true,1,78876
7296021288647,false,"סיר בישוול 24 ס""מ 5.",,,"סיר בישוול 24 ס""מ 5.",יחידה,0.00,יחידה,false,,341.80,0.0000,true,1,78877
7296021288654,false,"סיר בישוול 26 ס""מ 6.",,,"סיר בישוול 26 ס""מ 6.",יחידה,0.00,יחידה,false,,299.10,0.0000,true,1,78890
7296021288678,false,"מחבת לטיגון 22 ס""מ C",,,"מחבת לטיגון 22 ס""מ C",יחידה,0.00,יחידה,false,,185.50,0.0000,true,1,78892
7296021288685,false,"מחבת לטיגון 24 ס""מ C",,,"מחבת לטיגון 24 ס""מ C",יחידה,0.00,יחידה,false,,196.50,0.0000,true,1,78905
7296102210642,false,סט 5 קופסאות מלבן in,,,סט 5 קופסאות מלבן in,יחידה,0.00,יחידה,false,,19.60,0.0000,true,1,3054
7296102210673,false,סט 4 קופסאות מלבני,,,סט 4 קופסאות מלבני,יחידה,0.00,יחידה,false,,17.10,0.0000,true,1,34197
7296102210680,false,סט 4 קופסאות מרובע,,,סט 4 קופסאות מרובע,יחידה,0.00,יחידה,false,,17.10,0.0000,true,1,34198
7296102210697,false,סט 4 קופסאות עגול,,,סט 4 קופסאות עגול,יחידה,0.00,יחידה,false,,17.10,0.0000,true,1,34199
7296102210703,false,סט 4 קופסאות מלבני,,,סט 4 קופסאות מלבני,יחידה,0.00,יחידה,false,,17.10,0.0000,true,1,34200
7296102266038,false,קרש חיתוך פלסטיק 26*38.5,,,קרש חיתוך פלסטיק 26*,יחידה,0.00,יחידה,false,,16.20,0.0000,true,1,30788
7296102521731,false,סט 4 קופסאות פלסטיק,,,סט 4 קופסאות פלסטיק,יחידה,0.00,יחידה,false,,17.00,0.0000,true,1,3064
7296102521748,false,סט 4 קופסאות פלסטיק,,,סט 4 קופסאות פלסטיק,יחידה,0.00,יחידה,false,,17.00,0.0000,true,1,3065
7296102521755,false,סט 4 קופסאות פלסטיק,,,סט 4 קופסאות פלסטיק,יחידה,0.00,יחידה,false,,17.00,0.0000,true,1,3066
7296102521762,false,סט 4 קופסאות פלסטיק,,,סט 4 קופסאות פלסטיק,יחידה,0.00,יחידה,false,,17.00,0.0000,true,1,3067
7297028161575,false,קרסוליות גבר (10 ) לבן/שחור/מעורב,,,עשיריית גרבי גרב,יחידה,0.00,יחידה,false,,25.60,0.0000,true,1,16812
7297094010999,false,שלישיית חיתולי טטרה בנות,,,חיתולי בד בנות מודפס,יחידה,0.00,יחידה,false,,25.60,0.0000,true,1,31660
7297094020691,false,שמיכת ויולט כבש יחיד,,,שמיכת ויולט כבש יחיד,יחידה,0.00,יחידה,false,,60.60,0.0000,true,1,23802
7297094118909,false,סט פליז יחיד,,,סט פליז יחיד,יחידה,0.00,יחידה,false,,111.10,0.0000,true,1,32808
7297425473264,false,סט דיסני מיקרו 160/2,,,סט דיסני מיקרו 160/2,יחידה,0.00,יחידה,false,,145.30,0.0000,true,1,31301
7297425473806,false,סט 90/200 סופר ווינגס - מטוסי על,,,סט מצעים 90/200 סופר,יחידה,0.00,יחידה,false,,111.10,0.0000,true,1,31307
7297425473837,false,סט מצעים 90/200 פאו,,,סט מצעים 90/200 פאו,יחידה,0.00,יחידה,false,,111.10,0.0000,true,1,31310
7297425474247,false,סט מצעים 90/200 האפי,,,סט מצעים 90/200 האפי,יחידה,0.00,יחידה,false,,111.10,0.0000,true,1,31313
7297461005580,false,שמיכת כבש דו צדדי ז,,,שמיכת כבש דו צדדי ז,יחידה,0.00,יחידה,false,,136.80,0.0000,true,1,32328
7297478005269,false,גרבי נוער,,,גרבי נוער,יחידה,0.00,יחידה,false,,13.60,0.0000,true,1,3093
7297488098688,false,פצפוצי אורז מלא ללא,,,דגש פצפוצי אורז מלא,גרמים,450.00,100 גרם,false,,19.60,0.0436,true,1,30309
7297488099968,false,גבינה טבעונית מלוחה,"טרופיקל דגיל בע""מ אז",IL,מלוחה 16% מרכיבים צמ,גרמים,250.00,100 גרם,false,,15.30,0.0612,true,1,10335
7298171185395,false,גרבי בנות מיני מאוס,,,גרבי בנות מיני מאוס,יחידה,0.00,יחידה,false,,17.10,0.0000,true,1,31867
7298171185470,false,גרבי בנים מיקי מאוס,,,גרבי בנים מיקי מאוס,יחידה,0.00,יחידה,false,,17.10,0.0000,true,1,31865
7298171185487,false,גרבי בנים מיקי מאוס,,,גרבי בנים מיקי מאוס,יחידה,0.00,יחידה,false,,17.10,0.0000,true,1,31868
7298171185883,false,פיג'מת נשים כותנה גא,,,פיג'מת נשים כותנה גא,יחידה,0.00,יחידה,false,,76.90,0.0000,true,1,31874
7298171201484,false,כרבולית קורל נוער דו,,,כרבולית קורל נוער דו,יחידה,0.00,יחידה,false,,76.80,0.0000,true,1,31393
7312040017683,false,וודקה אבסולוט בקבוק,חברת אבסולוט,SE,אבסולוט וודקה 700 מל,מיליליטרים,700.00,"100 מ""ל",false,,52.10,0.0744,true,1,18165
7394376616778,false,אוטלי משקה שיבולת שועל להקצפה בריסטה 1 ליטר,אוטלי OATLY,SE,משקה שיבולת שועל להק,ליטרים,1.00,ליטר,false,,13.50,13.5000,true,1,11214
7450014901320,false,נעלי בית חורף נשים,,,נעלי בית חורף נשים,יחידה,0.00,יחידה,false,,34.20,0.0000,true,1,16912
7450025803873,false,כפכף נשים פרחוני שחו,,,כפכף נשים פרחוני שחו,יחידה,0.00,יחידה,false,,25.60,0.0000,true,1,16919
7450025803880,false,כפכף נשים פרחוני שחו,,,כפכף נשים פרחוני שחו,יחידה,0.00,יחידה,false,,25.60,0.0000,true,1,16920
7450026800505,false,נעלי בית חורף גברים,,,נעלי בית חורף גברים,יחידה,0.00,יחידה,false,,34.20,0.0000,true,1,34786
7501013101362,false,"משקה קוקוס אננס ג'ומקס 473 מ""ל",חומקס קומר קומרסאליז,MX,ג'ומקס משקה קוקוס אנ,מיליליטרים,473.00,"100 מ""ל",false,,7.00,0.0148,true,1,22007
7501013122039,false,ג'ומקס מיץ מנגו קרטונית ליטר תריסר,חומקס קומר קומרסאליז,MX,ג'ומקס נקטר מנגו קרט,ליטרים,1.00,ליטר,false,,9.00,9.0000,true,1,22010
7501064191398,false,שישיית בירה קורונה אקסטרא *355 מל,קריניציה ויטמינה אס,MX,קורונה מארז שישיה 6*,ליטרים,2.13,ליטר,false,,33.50,15.7277,true,1,15489
7509546061160,false,"משחת שיניים לילדים מיניונים 2-5 75 מ""ל קולגייט",CP UK,MX,משחת שיניים קולגייט,מיליליטרים,75.00,"100 מ""ל",false,,13.60,0.1813,true,1,48656
7610100034084,false,מיונז טומי בשפורפרת,נסטלה שוויץ ס.א,US,מיונז טומי 265 גרם,גרמים,265.00,100 גרם,false,,8.50,0.0321,true,1,6444
7610400075770,false,שוקולד מריר עם אגוזי לוז שלמים,לינדט ושפרונגלי,CH,לינדט לה גרנד מריר ע,גרמים,150.00,100 גרם,false,,20.40,0.1360,true,1,7117
7610400085946,false,שוקולד לינדט לגרנד ש,לינדט,,לינדט לה גרנד ד.אלמו,גרמים,150.00,100 גרם,false,,20.40,0.1360,true,1,7119
7610400091060,false,שוקולד מריר לינדט אקסלנס בתוספת תפוז ושקדים,לינדט ושפרונגלי,,לינדט מריר אקסלנס תפ,גרמים,100.00,100 גרם,false,,12.70,0.1270,true,1,7121
7613030979647,false,דגני בוקר טריקס פירות עולם היורה 480 ג',ג'נרל מילס סאן אדריא,IL,דגני בוקר טריקס 480,גרמים,480.00,100 גרם,false,,21.30,0.0444,true,1,9772
7613033548192,false,פיטנס - דגני בוקר שוקולד מריר 375 גרם,נסטלה צרפת איטנקורט,FR,דגני בוקר פיטנס שוקו,גרמים,375.00,100 גרם,false,,17.00,0.0453,true,1,9784
7613035514560,false,מזון לחתול מעוקר עם בקר פורינה ONE,פורינה Purina,US,פורינה ONE חתול סטרי,קילוגרמים,3.00,"ק""ג",false,,101.70,33.9000,true,1,9797
7613035548374,false,דגני בוקר גולדן מיניס מחיטה מלאה ותירס,נסטלה צרפת איטנקורט,FR,דגני בוקר גולדן מיני,גרמים,570.00,100 גרם,false,,21.30,0.0374,true,1,9798
7613035614482,false,מזון לגור חתולים בטעם עוף פורינה ONE,פורינה Purina,US,פורינה ONE חתול גור,גרמים,800.00,100 גרם,false,,39.20,0.0490,true,1,9799
7613035622623,false,פיטנס - גרנולה שקדים ודבש 300 גרם,שוורצקוף& הנקל דיסלד,LT,פיטנס גרנולה שקדים ו,גרמים,300.00,100 גרם,false,,12.60,0.0420,true,1,9801
7613035809109,false,פרפקטו רוטב עגבניות ובזיליקום 400 ג'אסם,אסם פרפקטו Perfecto,ES,פרפקטו רוטב עגבניות,גרמים,400.00,100 גרם,false,,7.60,0.0190,true,1,9805
7613036105545,false,דוגלי בטעם בקר גזע ק,נסטלה פורינה באק הונ,HU,דוגלי בטעם בקר גזע ק,קילוגרמים,3.00,"ק""ג",false,,42.60,14.2000,true,1,9809
7613036105606,false,דוגלי בקר לכלבים בוגרים,נסטלה פורינה באק הונ,HU,דוגלי בוגר בקר 4*3קג,קילוגרמים,3.00,"ק""ג",false,,37.50,12.5000,true,1,9811
7613036105637,false,"דוגלי עוף לכלבים בוגרים 12 ק""ג",נסטלה פורינה באק הונ,HU,"דוגלי בוגר עוף 12 ק""",קילוגרמים,12.00,"ק""ג",false,,95.70,7.9750,true,1,9812
7613036120395,false,"פורינה ONE כלב מידמקסי בקר 2.5 ק""ג",פורינה,US,פורינה ONE כלב מידמק,קילוגרמים,2.50,"ק""ג",false,,72.60,29.0400,true,1,9815
7613036251389,false,"דוגלי בקר לכלבים פעילים 12 ק""ג",נסטלה פורינה באק הונ,,דוגלי אקטיב 12קג,קילוגרמים,12.00,"ק""ג",false,,102.50,8.5417,true,1,9816
7613036710879,false,מארז מיני חטיפי קיט קט צ'אנקי Kit Kat Chanky,נסטלה Nestle,,קיט קט צ'אנקי מיני 1,גרמים,194.00,100 גרם,false,,8.50,0.0438,true,1,61786
7613036725286,false,דנטלייף חטיף דנטלי לחתול בטעם סלמון,פורינה Purina,US,דנטלייף חתול סלמון 8,גרמים,320.00,100 גרם,false,,8.50,0.0266,true,1,9826
7613036737623,false,דגני בוקר קראנץ מקס,,,דגני בוקר קראנץ מקס,גרמים,410.00,100 גרם,false,,21.30,0.0520,true,1,9828
7613036976695,false,פריסקיז - פאוץ בקר ברוטב 85 גרם,נסטלה פורינה הונגריה,HU,פריסקיז פאוצ' בקר 85,גרמים,85.00,100 גרם,false,,4.20,0.0494,true,1,9846
7613037686906,false,פיטנס - דגני בוקר שקדים ודבש 355 גרם,נסטלה צרפת איטנקורט,FR,פיטנס שקדים ודבש נסט,גרמים,355.00,100 גרם,false,,17.00,0.0479,true,1,9856
7613287182326,false,מחית בננה תפוח ויטמינצ'יק 110 ג',"נסטלה ספרד ס.א, מפעל",ES,פאוץ בננה תפוח ויטמי,גרמים,110.00,100 גרם,false,,4.20,0.0382,true,1,9878
7613287182357,false,מחית אגס תפוח ופירות יער ויטמינצ'יק 110 ג',,,פאוץ אגס תפוח ופירות,גרמים,110.00,100 גרם,false,,4.20,0.0382,true,1,9879
7613287182425,false,מחית בננה תפוח ותות ויטמינצ'יק 110 ג',"טרופיקל דגיל בע""מ אז",IL,פאוץ תפוח בננה ותות,גרמים,110.00,100 גרם,false,,4.20,0.0382,true,1,9880
7613287182456,false,מחית אגס תפוח בננה ויטמינצ'יק 110 ג',"נסטלה ספרד ס.א, מפעל",ES,פאוץ אגס תפוח בננה ו,גרמים,110.00,100 גרם,false,,4.20,0.0382,true,1,9881
7613287302373,false,קפסולות סטארבקס איטלאן סטייל רוסט 57*10גר',נסטלה שוויץ - קפה,IL,קפסולות סטארבקס איטל,גרמים,56.00,100 גרם,false,,17.80,0.3179,true,1,9883
7613287325822,false,אוסם - דיפ אנד ספרד מטבל מיקס 295 גרם,אסם,PL,רוטב מיקס לחיץ אסם 2,גרמים,295.00,100 גרם,false,,12.70,0.0431,true,1,9885
7613287476494,false,אוסם - דיפ אנד ספרד מיונז בסגנון צרפתי 280 גרם,נסטלה פולין,PL,מיונז לחיץ אסם 280 ג,גרמים,280.00,100 גרם,false,,12.70,0.0454,true,1,9891
7613287821348,false,נתחוני עוף טבעוני סנסשיונל טבעול 350 ג',ג'נרל מילס סאן אדריא,CZ,נתחוני עוף טבעוני סנ,גרמים,350.00,100 גרם,false,,25.60,0.0731,true,1,31656
7622010001858,false,עוגיות אוראו ממולאות קרם וניל 176 ג',פי אר ג'יי אס אי מנד,UA,עוגיות אוראו סנדביץ,גרמים,176.00,100 גרם,false,,8.50,0.0483,true,1,2462
7622201137052,false,אוראו מיני קוקיס - עוגיות שוקולד צ'יפס ותחתית מצופה שוקולד חלב,מונדלז אספנה גלטאס פ,ES,מיני קוקיז מילקה 110,גרמים,110.00,100 גרם,false,,6.80,0.0618,true,1,2464
7622201521493,false,גבינת שמנת עם שום ועשבי תיבול 12% שומן,מיודלז אספניה פרודוק,ES,גבינת שמנת עם שום וע,גרמים,150.00,100 גרם,false,,10.20,0.0680,true,1,66798
7622201798154,false,גבינת שמנת לייט מופחתת שומן 13% שומן,מיודלז אספניה פרודוק,ES,פילדלפיה גבינת שמנת,גרמים,150.00,100 גרם,false,,10.20,0.0680,true,1,8480
7622201801809,false,מילקה- שוק' חלב עם אגוזים 100 גר' חדש,מנדלז דויצ'לנד סנקס,DE,מילקה שוקוד חלב עם א,גרמים,100.00,100 גרם,false,,5.90,0.0590,true,1,2466
7622201802363,false,שוקולד מילקה טבלה חלב צימוקים ואגוזים 100ג',מנדלז דויצ'לנד סנקס,DE,מילקה שוקולד חלב עם,גרמים,100.00,100 גרם,false,,5.90,0.0590,true,1,2467
7622201802394,false,שוקולד מילקה טבלה חלב 100 ג',מנדלז דויצ'לנד סנקס,DE,מילקה שוקולד חלב 100,גרמים,100.00,100 גרם,false,,5.90,0.0590,true,1,2468
7622201809188,false,עוגיות מילקה ביסקווי,מונדלז פרנס ביסקוויט,FR,מילקה ביסקויט 150 גר,גרמים,150.00,100 גרם,false,,8.50,0.0567,true,1,2470
7622210137234,false,עוגיות אוראו עם דאבל קרם וניל 170 ג',אוראו Oreo,,עוגיות סנדביץ אוראו,גרמים,170.00,100 גרם,false,,8.50,0.0500,true,1,2476
7622210637994,false,מיני עוגיות אוראו קראנצ'י בייטס אורגינל,מונדלז אספניה ג'לאטס,ES,קראנצ'י בייטס אוראו,גרמים,110.00,100 גרם,false,,6.80,0.0618,true,1,2480
7622210829108,false,עוגיות דקות אוראו שו,פי אר ג'יי אס סי מונ,UA,אוראו דקים שוקו 96 ג,גרמים,96.00,100 גרם,false,,5.90,0.0615,true,1,2488
7622300001568,false,גייקובס קפה נמס 200ג,,,גייקובס קפה נמס 200ג,גרמים,200.00,100 גרם,false,,23.80,0.1190,true,1,2492
7622300503079,false,"מילקה, עוגיות ביסקוויט מצופות שוקולד - 200 גרם",מונדלז פולסקה פרודקש,PL,מילקה מוו - ביסקוויט,גרמים,200.00,100 גרם,false,,8.50,0.0425,true,1,2502
7630477891639,false,קפסולות קפה ורונה עוצמה 10 - 10 יח',נסטלה שוויץ - קפה,CH,סטארבקס קפסולות ורונ,גרמים,55.00,100 גרם,false,,17.80,0.3236,true,1,9896
7630477891714,false,סטארבקס - קפסולות אספרסו 57 גרם * 10,נסטלה שוויץ - קפה,CH,קפסולות אספרסו סטארב,גרמים,57.00,100 גרם,false,,17.80,0.3123,true,1,9900
7630477891738,false,סטארבקס - קפסולות אספרסו בלונד 53 גרם * 10,נסטלה שוויץ - קפה,CH,סטארבקס קפסולות אספר,גרמים,53.00,100 גרם,false,,17.80,0.3358,true,1,9901
7702018980819,false,"גילט ג'ל גילוח 200 מ""ל- רגיש",,,גילט סירייס גל סנסטי,מיליליטרים,200.00,"100 מ""ל",false,,11.90,0.0595,true,1,29062
7702018980826,false,"גילט ג'ל גילוח טורקיז 200 מ""ל- להגנה",,,ג'ל גילוח GILLETTE S,מיליליטרים,200.00,"100 מ""ל",false,,12.80,0.0640,true,1,8986
7702024074625,false,פיטנס - חטיפי קרקר חיטה מלאה 234 גרם,קומסטיבלס לה רוזה אס,CO,פיטנס חטיפי קרקר חיט,גרמים,234.00,100 גרם,false,,9.30,0.0397,true,1,9903
7702174066631,false,לקקן פין פופ 10 יח' 170 גר' וסטהיים,הדקלאים אגודת שיתופי,CO,יוגטה פינפופ לקקן 10,גרמים,180.00,100 גרם,false,,6.80,0.0378,true,1,6445
7792860006218,false,סוכריות לקקנים בייבי דול Baby Doll לריטר,גוד פוד פרודקטס S.p,AR,בייבי דול לקקן 20גר,גרמים,24.00,100 גרם,false,,2.10,0.0875,true,1,7122
7800601801159,false,סביבון מכני ברשת אורות,,,סביבון מכני אורות בר,יחידה,0.00,יחידה,false,,8.50,0.0000,true,1,31268
7891024027998,false,"קולגייט מי פה טוטאל אנטי טרטר 500 מ""ל",קולגייט פלמוליב,,קולגייט מי פה טוטל ס,מיליליטרים,500.00,"100 מ""ל",false,,26.40,0.0528,true,1,62131
7891024124826,false,קולגייט משחת אופטיק ספרקלינג וייט 75מל,הנסיך- מפעל לייצור ט,BR,מש.שיניים אופטיק ווי,מיליליטרים,75.00,"100 מ""ל",false,,17.10,0.2280,true,1,11220
7891024130063,false,"קולגייט מי פה פלאקס ללא אלכוהול 500 מ""ל מהדרין",קולגייט Colgate,BR,מי פה פלאקס ללא אלכו,מיליליטרים,500.00,"100 מ""ל",false,,26.40,0.0528,true,1,11221
7897654496197,true,חנוכייה מתכת,,,חנוכייה מתכת,יחידה,0.00,יחידה,false,,17.00,0.0000,true,1,31270
8000070010680,false,קפסולות לאווצה ויגורוסו 12 10 יח',לאוג'י לוואצה אס.פי.,IT,לוואצ'ה קפסולות קפה,גרמים,50.00,100 גרם,false,,14.40,0.2880,true,1,6449
8000215204219,false,משקה ואורז אורגני וי,בטר אנד דיפרנט,IT,משקה אורז אורגני 1 ל,ליטרים,1.00,ליטר,false,,12.70,12.7000,true,1,30319
8000380003723,false,גרנד פטיסרי עוגיות וופל אגוזים 100ג',קריניציה ויטמינה אס,IT,גרנד פטיסרי ופל אגוז,גרמים,100.00,100 גרם,false,,8.50,0.0850,true,1,6454
8000380004911,false,קוביות וופל קואדרטיני Quadratini קרם אגוזים,קריניציה ויטמינה אס,AT,וופל קואדרטיני אגוז,גרמים,250.00,100 גרם,false,,11.70,0.0468,true,1,6458
8000380007219,false,וופל לואקר אגוז קלאסי 175ג',קריות זול,AT,וופל לואקר אגוז 175,גרמים,175.00,100 גרם,false,,9.00,0.0514,true,1,6463
8000380007257,false,וופל גרנדה מצופה שוקולד 200ג',קריניציה ויטמינה אס,IT,.וופל מצופה שוקולד ג,גרמים,200.00,100 גרם,false,,11.00,0.0550,true,1,6464
8000380007264,false,וופל קקאו לואקר 175 גר',קריניציה ויטמינה אס,AT,וופל לואקר קקאו 175,גרמים,175.00,100 גרם,false,,9.00,0.0514,true,1,6465
8000380007271,false,וופל לואקר קרם חלב 175ג',לואקר Loacker,AT,וופל לואקר חלב 175 ג,גרמים,175.00,100 גרם,false,,9.00,0.0514,true,1,6466
8000380106028,false,טורטינה לואקר וופל שוקולד ואגוזים שישיה 125ג',קריניציה ויטמינה אס,IT,1/6 טורטינה אורגינל,גרמים,125.00,100 גרם,false,,12.70,0.1016,true,1,6467
8000380180721,false,וופל לואקר קקאו וקרם חלב 175ג',קריניציה ויטמינה אס,AT,וופל לואקר קלאסיק שו,גרמים,175.00,100 גרם,false,,9.00,0.0514,true,1,6475
8001090540577,false,מי פה אוראל בי 500 מ,אורל בי Oral B,,אורל בי 3D WHITE מי,מיליליטרים,500.00,"100 מ""ל",false,,21.30,0.0426,true,1,14118
8001090832450,false,"שמפו פנטן נוסחה קלאסית 660 מ""ל",פרוקטר & גמבל,RO,שמפו הנוסחה הקלאסית,מיליליטרים,660.00,"100 מ""ל",false,,14.40,0.0218,true,1,14148
8001090899194,false,תחבושות אולוויז פלטינום נורמל 24 יח',אולוויז Always,,תחבושות פלטינום נורמ,יחידה,0.00,יחידה,false,,14.40,0.0000,true,1,14167
8001090899224,false,תחבושות אולוויז פלטינום לונג 20 יח',אולוויז Always,,תחבושות פלטינום לונג,יחידה,0.00,יחידה,false,,14.40,0.0000,true,1,14168
8001620011935,false,מים מינרלים מוגזים שישייה בקבוק אישי,אקווה מינרלה סאן בנד,IT,סאן בנדטו מוגז 6*500,ליטרים,3.00,ליטר,false,,10.40,3.4667,true,1,4857
8001620018408,false,"משקה פירות בטעם מנגו תפוח 400 מ""ל פרוטה",אקווה מינרלה סאן בנד,IT,סן בנדטו מנגו תפוח פ,מיליליטרים,400.00,"100 מ""ל",false,,6.50,0.0163,true,1,32591
8001841625362,false,"נוזל כלים בניחוח לימון פלטינום 780 מ""ל פיירי",,,פיירי נוזל כלים פלטי,מיליליטרים,780.00,"100 מ""ל",false,,11.10,0.0142,true,1,49229
8001841625461,false,סבון כלים פלטינום X3 פעולות להסרת שומנים,פרוקטר אנד גמבל,GB,פיירי נוזל כלים פלטי,מיליליטרים,515.00,"100 מ""ל",false,,7.60,0.0148,true,1,14204
8001841653624,false,פיירי נוזל כלים 625,,,פיירי נוזל כלים 625,מיליליטרים,625.00,"100 מ""ל",false,,8.50,0.0136,true,1,73257
8001841663654,false,"פיירי נוזל כלים אקסטרה 650 מ""ל - צהוב",,,פיירי נוזל כלים 650,מיליליטרים,650.00,"100 מ""ל",false,,8.50,0.0131,true,1,76657
8001841663692,false,פיירי נוזל כלים לימ,,,פיירי נוזל כלים לימ,מיליליטרים,900.00,"100 מ""ל",false,,10.20,0.0113,true,1,62454
8001841663852,false,פיירי נוזל כלים ליל,,,פיירי נוזל כלים ליל,מיליליטרים,900.00,"100 מ""ל",false,,10.20,0.0113,true,1,70703
8001841664026,false,פיירי נוזל כלים פיר,,,פיירי נוזל כלים פיר,מיליליטרים,900.00,"100 מ""ל",false,,10.20,0.0113,true,1,62468
8001841943961,false,כדוריות הבושם לנור רעננות האוקיינוס,פרוקטר & גמבל,GB,לנור כדוריות הבושם ב,גרמים,210.00,100 גרם,false,,23.80,0.1133,true,1,14212
8001841960258,false,פיירי פלטיניום למדיח,,,פיירי טבליות למדיח 6,יחידה,0.00,יחידה,false,,42.70,0.0000,true,1,73258
8001943549122,false,"צ'וקטה מטבעות שוקולד חלב, 40 גרם",צ'וקטה Chocketa,,צ`וקטה מטבעות שוקולד,גרמים,40.00,100 גרם,false,,3.30,0.0825,true,1,11223
8002270015649,false,סאן פלגרינו מים מוגז,סן פלגרינו ס.פ.א לוק,IT,סאן פלגרינו מים מוגז,מיליליטרים,250.00,"100 מ""ל",false,,4.60,0.0184,true,1,4866
8002270866524,false,סאן פלנגרינו מים מינ,סן פלגרינו San Pellegrino,IT,סאן פלנגרינו מים מינ,ליטרים,1.00,ליטר,false,,7.70,7.7000,true,1,4870
8002450204009,false,ורדי ספרקלטיני אפרסק,"איי, בי, אינבוו",IT,ורדי אפרסק 750 מל,מיליליטרים,750.00,"100 מ""ל",false,,21.30,0.0284,true,1,3741
8002450206003,false,ורדי רימונים ספרקלטיני,"איי, בי, אינבוו",IT,ורדי ספרקלטיני רימון,מיליליטרים,750.00,"100 מ""ל",false,,21.30,0.0284,true,1,3743
8002450208007,false,ורדי גרין אפל ספרקלטיני,בוסקה Bosca,,ורדי ספרקלטיני גרין,מיליליטרים,750.00,"100 מ""ל",false,,21.30,0.0284,true,1,3746
8002450209004,false,ורדי משקה כהלי מוגז,בוסקה Bosca,,"ורדי רוזה 750 מ""ל",מיליליטרים,750.00,"100 מ""ל",false,,21.30,0.0284,true,1,3747
8003130129506,false,חטיף ציפס 50 גרם CL,,,חטיף ציפס 50 גרם CL,גרמים,50.00,100 גרם,false,,5.10,0.1020,true,1,64177
8003477500556,false,פרימלוצ'י פוסילי 500,,,פרימלוצ'י פוסילי 500,גרמים,500.00,100 גרם,false,,5.10,0.0102,true,1,87551
8003753900438,false,קפה טחון לאספרסו קליה בינונית,קפה לנדוור,IL,אילי אספרסו טחון בפח,גרמים,250.00,100 גרם,false,,35.80,0.1432,true,1,11229
8004030381681,false,טונה בשמן זית ריו מרה זוגות * 160 ג',,,טונה בשמן זית ריו מר,גרמים,320.00,100 גרם,false,,28.20,0.0881,true,1,11239
8004030860001,false,ירקות עם קוקוס וטונה ריו מרה אינסלטיסימי 160 ג',"בולטון אלימנטרי בע""מ",IT,קוסקוס וטונה ריו מרה,גרמים,160.00,100 גרם,false,,14.50,0.0906,true,1,11241
8004123004893,false,שמן מתובל טעם פטריות,,,שמן מתובל בטעם פטריו,מיליליטרים,250.00,"100 מ""ל",false,,25.60,0.1024,true,1,50843
8005110001413,false,מארז זוג רסק עגבניות 140 ג' MUTTI,"איי, בי, אינבוו",IT,מארז זוג רסק עגבניות,גרמים,280.00,100 גרם,false,,6.80,0.0243,true,1,29154
8005110002243,false,רכז עגבניות Doppio Concentr בשפופרת 185 ג' MUTTI,"איי, בי, אינבוו",IT,תרכיז MUTTI עגבניות,גרמים,185.00,100 גרם,false,,5.90,0.0319,true,1,29155
8005110200014,false,רסק עגבניות 210 ג' CONCENTRATO MUTTI,"איי, בי, אינבוו",IT,רסק עגבניות 210 גרם,גרמים,210.00,100 גרם,false,,5.00,0.0238,true,1,29158
8005200256587,false,משקה תה בטעם אפרסק 1.5ל' NESTEA,מפעל סאנפלגרינו S.P.,IT,נסטי אפרסק 1.5 ליטר,ליטרים,1.50,ליטר,false,,7.70,5.1333,true,1,4871
8005200286584,false,משקה תה בטעם מנגו אננס 1.5 ל' NESTEA,מפעל סאנפלגרינו S.P.,IT,נסטי מנגו אננס 1.5 ל,ליטרים,1.50,ליטר,false,,7.70,5.1333,true,1,4872
8006227000399,false,סמנצאטו לחם מחמצת פר,,,לחם מחמצת פרוס לבן 4,גרמים,400.00,100 גרם,false,,14.50,0.0363,true,1,65568
8006227000405,false,סמנצאטו לחם מחמצת פר,,,לחם מחמצת פרוס חיטה,גרמים,400.00,100 גרם,false,,14.50,0.0363,true,1,65569
8006227000412,false,סמנצאטו לחם מחמצת פר,,,לחם מחמצת פרוס חיטה,גרמים,400.00,100 גרם,false,,14.50,0.0363,true,1,65570
8006227000429,false,לחם מחמצת פרוס 8 דגנ,,,לחם מחמצת פרוס 8 דגנ,גרמים,400.00,100 גרם,false,,14.50,0.0363,true,1,65571
8006227001389,false,סמנצאטו לחם מחמצת קמ,רו. מאר ס.ר.ל,IT,לחם מחמצת קמח מלא עם,גרמים,400.00,100 גרם,false,,16.20,0.0405,true,1,65397
8006540091937,false,כדוריות הבושם בניחוח אריאל 210 ג' לנור,פרוקטר & גמבל,GB,לנור כדוריות הבושם ב,גרמים,210.00,100 גרם,false,,23.80,0.1133,true,1,14215
8006540106709,false,אולוויז - מגן תחתון נורמל 58 יח',,,מגן תחתון מגה פק נור,יחידה,0.00,יחידה,false,,15.30,0.0000,true,1,102856
8006540112854,false,"מרכך כביסה מרוכז בניחוח סחלב לנור 900 מ""ל",פרוקטר & גמבל,FR,לנור מרכך מרוכז בניח,מיליליטרים,900.00,"100 מ""ל",false,,12.70,0.0141,true,1,14217
8006540404898,false,תחבושות אלוויז דיסקר,פרוקטר & גמבל,DE,תחבושות אולוויז דיסק,יח',8.00,יח',false,,14.50,1.8125,true,1,81274
8006540628737,false,שמפו הד שולדרס קלאסי,,,שמפו הד שולדרס קלאסי,מיליליטרים,350.00,"100 מ""ל",false,,14.50,0.0414,true,1,82552
8008245004861,true,ממרח אגוזי לוז עם חל,,,ממרח אגוזי לוז עם חל,גרמים,300.00,100 גרם,false,,12.70,0.0423,true,1,8485
8008620009290,false,קריץ-קרקר חיטה מלאה 500 ג',,,קרקר חיטה מלאה 500 ג,גרמים,500.00,100 גרם,false,,17.10,0.0342,true,1,22062
8008660210038,false,מעדן פרי תות שדה 100% רכיבי פרי,קריניציה ויטמינה אס,IT,מעדן תות שדה 300 גר`,גרמים,300.00,100 גרם,false,,13.60,0.0453,true,1,12813
8008660210045,false,מעדן פרי פירות יער 100% רכיבי פרי,שוורצקוף& הנקל דיסלד,IT,מעדן פירות יער 300 ג,גרמים,300.00,100 גרם,false,,13.60,0.0453,true,1,12814
8008660210052,false,מעדן פרי תפוז 100% מנז&גאסר 300ג',מנז אנד גאסר Menz&Gasser,IT,מעדן פרי תפוז 300 גר,גרמים,300.00,100 גרם,false,,13.60,0.0453,true,1,102605
8008912010072,false,ספגטי לינגוויני 500ג ליגורי,,,פסטה לינגוויני מספר,גרמים,500.00,100 גרם,false,,6.80,0.0136,true,1,57411
8008912010270,false,פסטה קסרצ'ה 500ג ליגורי,ליגורי LIGUORI,,פסטה קסרצ'ה מספר 27,גרמים,500.00,100 גרם,false,,6.80,0.0136,true,1,57412
8008912010300,false,פסטה פרפלה ליגורי 500 גר',ליגורי LIGUORI,,פסטה פרפלה מספר 30 -,גרמים,500.00,100 גרם,false,,6.80,0.0136,true,1,57413
8008912010331,false,פסטה ניוקטי סרדי בצורת קונכיות מס' 33,ליגורי LIGUORI,,פסטה ניוקטי סרדי בצו,גרמים,500.00,100 גרם,false,,6.80,0.0136,true,1,96410
8008912010423,false,"ליגורי פסטה פנה ריגטה מספר 42, 500 גר'",ליגורי LIGUORI,,פסטה פנה ריגטה מספר,גרמים,500.00,100 גרם,false,,6.80,0.0136,true,1,57415
8015997000638,false,אצבעות מאפה מסוכרות,,,אצבעות מאפה מסוכרות,גרמים,200.00,100 גרם,false,,6.80,0.0340,true,1,65544
8015997000911,false,מאריני- בישקוטים 200 ג',Biscottificio Verona,,בישקוטים פריכים 200,גרמים,200.00,100 גרם,false,,5.90,0.0295,true,1,65545
8017938005122,false,חומץ תפוחים אורגני 7,מריה לוצ'יה מלצ'יורי,IT,חומץ תפוחים אורגני 7,מיליליטרים,750.00,"100 מ""ל",false,,16.90,0.0225,true,1,30342
8023788030610,false,שוקולד חלב 300 גרם,,,שוקולד חלב 300 גרם,גרמים,300.00,100 גרם,false,,15.30,0.0510,true,1,71951
8023788030627,false,שוקולד מריר מעולה 3,,,שוקולד מריר מעולה 3,גרמים,300.00,100 גרם,false,,15.30,0.0510,true,1,71952
8023788030634,false,שוקולד חלב עם שברי א,,,שוקולד חלב עם שברי א,גרמים,300.00,100 גרם,false,,16.20,0.0540,true,1,71953
8023788030658,false,עוגיות מלוחות בטעם ט,,,עוגיות מלוחות בטעם ט,גרמים,400.00,100 גרם,false,,11.10,0.0277,true,1,95552
8023788030665,false,עוגיות מלוחות בטעם ב,,,עוגיות מלוחות בטעם ב,גרמים,400.00,100 גרם,false,,11.10,0.0277,true,1,95553
8023788030672,false,עוגיות מלוחות בתוספת,,,עוגיות מלוחות בתוספת,גרמים,400.00,100 גרם,false,,11.10,0.0277,true,1,95554
8023788030689,false,עוגיות מלוחות בטעם ע,,,עוגיות מלוחות בטעם ע,גרמים,400.00,100 גרם,false,,11.10,0.0277,true,1,95879
8032880800243,false,פיקניק הפתעה 50 גרם-איגוד רבנים,"הוסטה איטליה, ס.ר.ל.",IT,פיקניק הפתעה 50ג,גרמים,50.00,100 גרם,false,,5.70,0.1140,true,1,6496
8076800105056,false,פסטה ספגטי בקופסה בר,ברילה Barilla,,פסטה ספגטי בקופסה בר,קילוגרמים,1.00,"ק""ג",false,,11.10,11.1000,true,1,71274
8076800105735,false,פנה ריגטה בקופסה ברי,,,פנה ריגטה בקופסה ברי,קילוגרמים,1.00,"ק""ג",false,,11.10,11.1000,true,1,71287
8076800105988,false,פוזלי בקופסה ברילה 1,ברילה Barilla,,פוזלי בקופסה ברילה 1,קילוגרמים,1.00,"ק""ג",false,,11.10,11.1000,true,1,71300
8076800195019,false,ברילה - צ.א ספגטי מס1 קפליני 500 גרם,ברילה גי.אי.אר פרטלי,IT,ספגטי קפליני מס' 1 ב,גרמים,500.00,100 גרם,false,,5.90,0.0118,true,1,11242
8076800195033,false,ברילה - צ.א ספגטיני מס3 חדש 500 גרם,ברילה גי.אי.אר פרטלי,IT,ספגטי מס' 3 ברילה 50,גרמים,500.00,100 גרם,false,,5.90,0.0118,true,1,11243
8076800195057,false,ברילה - צ.א ספגטי מס5 חדש 500 גרם,ברילה גי.אי.אר פרטלי,IT,ספגטיני מס' 5 ברילה,גרמים,500.00,100 גרם,false,,5.90,0.0118,true,1,11244
8076800195132,false,ברילה - צ.א בבטה מס13 500 גרם,ברילה גי.אי.אר פרטלי,IT,ספגטי בבטה מס' 13 בר,גרמים,500.00,100 גרם,false,,5.90,0.0118,true,1,11245
8076800315097,false,ברילה - צ.א בוקטיני מס9 500 גרם,ברילה גי.אי.אר פרטלי,IT,ספגטי בוקטיני מס' 9,גרמים,500.00,100 גרם,false,,5.90,0.0118,true,1,11246
8076802085738,false,ברילה - צ.ק פנה רגטה חדש 500 גרם,ברילה גי.אי.אר פרטלי,IT,פנה רגטה מס' 73 בריל,גרמים,500.00,100 גרם,false,,5.90,0.0118,true,1,11247
8076808150072,false,ברילה - צ.א ספגטוני מס7 חדש 500 גרם,ברילה גי.אי.אר פרטלי,IT,ספגטי מס' 7 ברילה 50,גרמים,500.00,100 גרם,false,,5.90,0.0118,true,1,11252
8076809513388,false,ברילה - רוטב ארביאטה 400 גרם,ברילה גי.אי.אר פרטלי,IT,ברילה רוטב ארביאטה 4,גרמים,400.00,100 גרם,false,,12.80,0.0320,true,1,11254
8076809513395,false,רוטב פסטה ברילה פורמודרו 400ג',ברילה גי.אי.אר פרטלי,IT,ברילה רוטב פורמודרו,גרמים,400.00,100 גרם,false,,12.80,0.0320,true,1,11255
8076809513654,false,בסיס רוטב עגבניות לבולונז 400 ג' ברילה,ברילה גי.אי.אר פרטלי,IT,ברילה רוטב עגבניות ל,גרמים,400.00,100 גרם,false,,12.80,0.0320,true,1,11256
8076809513692,false,רוטב פסטה ברילה נפוליטנה 400ג',ברילה גי.אי.אר פרטלי,IT,ברילה רוטב נפוליטנה,גרמים,400.00,100 גרם,false,,12.80,0.0320,true,1,11257
8076809513739,false,רוטב פסטה ברילה בזיליקום 400 ג',ברילה גי.אי.אר פרטלי,IT,ברילה רוטב בזיליקום,גרמים,400.00,100 גרם,false,,12.80,0.0320,true,1,11258
8076809523561,false,רוטב עגבניות עם עשבי תיבול 400 ג' ברילה,ברילה גי.אי.אר פרטלי,IT,ברילה רוטב פסטה טוסק,גרמים,400.00,100 גרם,false,,12.80,0.0320,true,1,11259
8076809523738,false,פסטה ברילה לזניה 500ג',ברילה גי.אי.אר פרטלי,IT,לזניה ברילה 500 גרם,גרמים,500.00,100 גרם,false,,17.90,0.0358,true,1,11261
8076809529419,false,ספגטי מחיטה מלאה מס' 5 500 ג' ברילה,ברילה גי. אי. אר פרט,IT,ספגטי מחיטה מלאה ברי,גרמים,500.00,100 גרם,false,,12.80,0.0256,true,1,11262
8076809529433,false,ברילה פנטה רגטה מחיטה מלאה 500ג',"ש. שסטוביץ בע""מ",IT,פנה רגטה מחיטה מלאה,גרמים,500.00,100 גרם,false,,12.80,0.0256,true,1,11263
8076809545464,false,פסטה ספירלי ללא גלוטין ברילה 400ג',מולינו אנדריאני אס.א,IT,ברילה ספירלי עב קמח,גרמים,400.00,100 גרם,false,,12.80,0.0320,true,1,11267
8410076621047,false,עוגות אישיות בטעם שוקולד עם חתיכות בטעם שוקולד,"גלאטס סירו בע""מ",ES,חטיף פייבר 1 בטעם שו,גרמים,120.00,100 גרם,false,,12.70,0.1058,true,1,6507
8410104044916,false,אבקה למדיח פיניש קלאסיק,רקיט בנקיזר,PL,אבקה למדיח כלים פיני,קילוגרמים,2.70,"ק""ג",false,,38.40,14.2222,true,1,10729
8410104045111,false,"פיניש מלח למדיח כלים 2ק""ג",פ.פ.ח. שאביט,IL,"פיניש מלח למדיח 2 ק""",קילוגרמים,2.00,"ק""ג",false,,12.70,6.3500,true,1,10730
8410655000423,false,רביעיית בירה סאן מיג,,,סאן מיגל בקבוק 4*330,ליטרים,1.32,ליטר,false,,18.90,14.3182,true,1,32606
8412300801072,false,"ניוואה קרם רב שימושי 400 מ""ל",,,קרם רב שימושי ניוואה,מיליליטרים,400.00,"100 מ""ל",false,,23.80,0.0595,true,1,28069
8420708012822,false,קשקבל צאן ספרדי בשלה,מיוצר עי קונדיטוריית,ES,קשקבל צאן ספרדי בשלה,גרמים,200.00,100 גרם,false,,19.60,0.0980,true,1,8489
8423207208888,false,פריכיות תירס בטעם עגבניות ועשבי תיבול סלים דליס 123 ג',סלים דליס Slim Delis,,פריכיות תירס בטעם עג,גרמים,123.00,100 גרם,false,,7.60,0.0618,true,1,32974
8423207208895,false,פריכיות תירס בטעם זיתים ועירית סלים דליס 123 ג',סלים דליס Slim Delis,,פריכיות תירס זיתים ו,גרמים,123.00,100 גרם,false,,7.60,0.0618,true,1,32975
8423207209748,false,מרבה סלים דליס שוקולד מריר בניגועת תפוז,ביסנצ'ורי אס.אל.יו,ES,סלים דליס חטיף דגנים,גרמים,120.00,100 גרם,false,,9.30,0.0775,true,1,35324
8423207210928,false,חטיף דגנים מצופה שוקולד חלב ואגוזי לוז - 5 במארז,ביסנצ'ורי אס.אל.יו,ES,סלים דליס טופינג בטע,גרמים,90.00,100 גרם,false,,9.30,0.1033,true,1,11281
8424842050016,false,חטיף צ'יפס בטעם כמהי,,,חטיף צ'יפס בטעם כמהי,גרמים,130.00,100 גרם,false,,11.00,0.0846,true,1,34348
8424842050030,false,חטיף צ'יפס עם שמן זי,,,חטיף צ'יפס עם שמן זי,גרמים,125.00,100 גרם,false,,11.00,0.0880,true,1,34349
8485818700014,false,משקפיים,,,משקפיים,יחידה,0.00,יחידה,false,,17.00,0.0000,true,1,16948
8594403707649,false,בירה באדוויזר דארק ל,Bud?jovick? Budvar,,באדוויזר דארק לאגר 5,מיליליטרים,330.00,"100 מ""ל",false,,7.70,0.0233,true,1,102745
8594403707977,false,בירה באדוויזר לאגר פ,Bud?jovick? Budvar,,"באדוויזר לאגר 500 מ""",מיליליטרים,330.00,"100 מ""ל",false,,7.70,0.0233,true,1,102746
8606018615827,false,גלידת וניל עם שברי עוגיות אוראו 480 ג',נסטלה,IL,גלידת וניל עם שברי ע,מיליליטרים,300.00,"100 מ""ל",false,,11.90,0.0397,true,1,107172
8606018615865,false,גלידת קרמל ליבת שוקולד 480 ג' מילקה,נסטלה,IL,פיינט מילקה קרמל ליב,מיליליטרים,300.00,"100 מ""ל",false,,11.90,0.0397,true,1,107159
8606109023609,false,מיץ פרוויטה תפוע ודו,,IL,מיץ פרוויטה תפוחי עץ,מיליליטרים,750.00,"100 מ""ל",false,,9.80,0.0131,true,1,5610
8606109023623,false,מיץ פרוויטה תפוע ולי,,IL,מיץ פרוויטה תפוחי עץ,מיליליטרים,750.00,"100 מ""ל",false,,9.80,0.0131,true,1,5611
8606109023647,false,מיץ פרוויטה תפוע וסל,,IL,מיץ פרוויטה מיץ סלק,מיליליטרים,750.00,"100 מ""ל",false,,9.80,0.0131,true,1,5613
8682655100674,false,קופסא פלסטיק לדגנים,,,קופסא פלסטיק לדגנים,ליטרים,0.00,ליטר,false,,24.80,0.0000,true,1,30901
8683130008355,false,מיונז הלמנס שום לחיץ 400*8 גר',יוניליוור ישראל שיוו,TR,מיונז עם שום הלמנס 4,גרמים,400.00,100 גרם,false,,11.90,0.0298,true,1,91698
8683130008935,false,ממרח קטשיונז הלמנס ל,יוניליוור ישראל שיוו,TR,ממרח קטשיונז הלמנס 4,גרמים,425.00,100 גרם,false,,11.90,0.0280,true,1,91699
8683130025581,false,"בדין - מרכך כביסה אקסטרא ענבר 960 מ""ל",יונילוור - תורכיה,TR,בדין אקסטרא ענבר-960,מיליליטרים,960.00,"100 מ""ל",false,,13.50,0.0141,true,1,48458
8683323063024,false,ממתק בטעם תותי פרוטי בצורת שטיח,מוטקה החולב,TR,יוגטה חיספוסים שטיחי,גרמים,220.00,100 גרם,false,,5.90,0.0268,true,1,6517
8686868600037,false,המותג אביזרי שיער,,,המותג אביזרי שיער,יחידה,0.00,יחידה,false,,5.00,0.0000,true,1,16485
8686868600105,false,אביזרי שיער מברשות ה,,,המותג אביזרי שיער,יחידה,0.00,יחידה,false,,11.00,0.0000,true,1,16491
8686868600129,false,המותג אביזרי שיער,,,המותג אביזרי שיער,יחידה,0.00,יחידה,false,,12.70,0.0000,true,1,16493
8690504081913,false,ביסקוויטים חיטה מלאה מצופה.,"אולקר ביסקווי סנאי,",TR,טינס מצופה שוקולד חל,גרמים,150.00,100 גרם,false,,8.50,0.0567,true,1,60069
8690504081920,false,טינס מצופה שוקולד מריר 150ג',"אולקר ביסקווי סנאי,",TR,טינס מצופה שוקולד מר,גרמים,150.00,100 גרם,false,,8.50,0.0567,true,1,60070
8690526019154,false,אי טי אי - וופל קקאו במילוי קרם קקאו 142 גרם,מולינו ניקולי s.p.a,TR,וופל קקאו במילוי קרם,גרמים,142.00,100 גרם,false,,6.80,0.0479,true,1,49968
8690526039190,false,אי טי אי - מארז חמישייה וופל במילוי קרם אגוזים וחתיכות בוטנים 145 גרם,,,וופל במילוי קרם אגוז,גרמים,145.00,100 גרם,false,,8.50,0.0586,true,1,49944
8690531032377,false,פלפל שיפקה צהוב חריף 340 ג',,TR,פלפל שיפקונית במי מל,גרמים,340.00,100 גרם,false,,8.50,0.0250,true,1,31534
8690637946318,false,"בדין מרכך כביסה אקסטרא בייבי צהוב 960מ""ל",יוניליוור סנאיי וי ט,TR,בדין אקסטרא בייבי צ,מיליליטרים,960.00,"100 מ""ל",false,,13.50,0.0141,true,1,5497
8690637994029,false,מרכך כביסה אקסטרה סחלבים 1.44 ל' בדין,,,בדין אקסטרא מכך כביס,ליטרים,1.44,ליטר,false,,17.00,11.8056,true,1,33289
8690637994036,false,מרכך כביסה אקסטרה יסמין 1.44 ל' בדין,,,בדין אקסטרא מרכך כבי,ליטרים,1.44,ליטר,false,,17.00,11.8056,true,1,33290
8690777203012,false,פלפל ירוק כבוש לא חריף סארה 600ג',יוליניבר,TR,פלפל ירוק כבוש סרה 6,גרמים,600.00,100 גרם,false,,9.30,0.0155,true,1,1872
8690777204071,false,פלפלים כבושים - חריפים,יוליניבר,TR,פלפל חריף סרה 640 גר,גרמים,640.00,100 גרם,false,,9.30,0.0145,true,1,1873
8690777206051,false,חצילים קלויים על האש סארה 650 גר',קוראהן פזלרמה וי דיס,TR,חציל קלוי על האש סרה,גרמים,650.00,100 גרם,false,,9.30,0.0143,true,1,1874
8690777221405,false,פלפל אדום קלוי על האש סארה 650גרם,קוראהן פזלרמה וי דיס,TR,פלפל אדום קלוי על הא,גרמים,650.00,100 גרם,false,,9.30,0.0143,true,1,1875
8690946270074,false,פסטה ספגטי 500 גרם B,,,פסטה ספגטי 500 גרם B,גרמים,500.00,100 גרם,false,,3.40,0.0068,true,1,96679
8690946270111,false,פסטה פוזלי 500 גרם B,,,פסטה פוזלי 500 גרם B,גרמים,500.00,100 גרם,false,,3.40,0.0068,true,1,96680
8690946270241,false,פסטה קונכיות גדולות,,,פסטה קונכיות גדולות,גרמים,500.00,100 גרם,false,,3.40,0.0068,true,1,96681
8690946272207,false,פסטה פנה 500 גרם BAH,,,פסטה פנה 500 גרם BAH,גרמים,500.00,100 גרם,false,,3.40,0.0068,true,1,96682
8690946272320,false,פסטה מקרוני 500 גרם,,,פסטה מקרוני 500 גרם,גרמים,500.00,100 גרם,false,,3.40,0.0068,true,1,96683
8691058141238,false,ערמונים שלמים קלויים וקלופים 100 ג' Avel,,,AVEL ערמונים שלמים ק,גרמים,100.00,100 גרם,false,,4.20,0.0420,true,1,26734
8691459255008,false,תבנית לקרח+מכסה,,,תבנית לקרח+מכסה,יחידה,0.00,יחידה,false,,11.10,0.0000,true,1,60381
8691900174056,false,קוטקס תחבושות אולטרה לילה 16 י',,,תחבושות קוטקס לילה,100 יח',16.00,100 יח',false,,14.50,0.9063,true,1,62516
8693323099107,false,מרשמלו לבבות בטעם תות ווניל,יוגטה yogueta,,יוגטה מרשמלו לבבות 1,גרמים,150.00,100 גרם,false,,5.80,0.0387,true,1,6518
8693357192942,false,סט 2 תבניות אובלי בו,,,סט 2 תבניות אובלי בו,יחידה,0.00,יחידה,false,,170.90,0.0000,true,1,25207
8693495048019,false,מברשת שיניים קולגייט צרקול גולד 360,,,מברשת שיניים קולגייט,יחידה,0.00,יחידה,false,,7.70,0.0000,true,1,29069
8697409840645,false,מגב שיש 23.5 CM,,,מגב שיש 23.5 CM,יחידה,0.00,יחידה,false,,5.90,0.0000,true,1,3101
8697409841321,false,יעה מטאטא,,,יעה מטאטא,יחידה,0.00,יחידה,false,,11.90,0.0000,true,1,3102
8697530910750,false,סיגריות פאל מאל כחול ארוך האוס,Unknown,,פאל מאל בלו ארוך,יחידה,0.00,יחידה,false,,29.00,0.0000,false,1,2178
8697826469092,false,טורטיה קטנה 540 גר' 12יח,דין שיווק,TR,טורטיה 540 גרם tort,גרמים,540.00,100 גרם,false,,7.60,0.0141,true,1,31535
8698996000207,false,מגבות נייר 1/6,,,מגבות נייר 1/6,מטרים,0.00,מטר,false,,9.40,0.0000,true,1,98810
8710447320662,false,דאודורנט ספריי בניחוח אפרסק ולימון ללא אלומיניום,"פרמול איטליה, קומון",IT,דאודורנט ספריי אפרסק,מיליליטרים,150.00,"100 מ""ל",false,,12.70,0.0847,true,1,89074
8710502064814,false,עוגיות שוקולד ציפס במרקם רך 175 ג',בנקטבקריי מרבה בי.וי,NL,מרבה עוגיות שוקוציפס,גרמים,175.00,100 גרם,false,,8.50,0.0486,true,1,11291
8710502139017,false,עוגיות מרבה טריפל שוקולד שוקוצ'יפס 180ג',בנקטבקריי מרבה בי.וי,NL,מרבה עוגיות טריפל שו,גרמים,180.00,100 גרם,false,,8.50,0.0472,true,1,11293
8710502260032,false,מרבה עוגיות שוקוצ'יפס 150גרם,בנקטבקריי מרבה בי.וי,NL,מרבה עוגיות שוקולד צ,גרמים,150.00,100 גרם,false,,5.00,0.0333,true,1,62959
8710502279010,false,מרבה עוגיות שוקולד צ'יפס מצופות שוקולד 175 ג',"מרבה בע""מ",NL,מרבה עוגיות שוקולד צ,גרמים,175.00,100 גרם,false,,8.50,0.0486,true,1,11296
8710502285509,false,מרבה - עוגיות לימון ושוקולד צ'יפס במרקם רך 175 גרם,בנקטבקריי מרבה בי.וי,NL,מרבה עוגיה רכה לימון,גרמים,175.00,100 גרם,false,,8.50,0.0486,true,1,34426
8710502470028,false,עוגיות שוקולד צ'יפס ממולאות בקרם נוגט,קריניציה ויטמינה אס,NL,מרבה עוגיות נוגטלי 1,גרמים,160.00,100 גרם,false,,8.50,0.0531,true,1,11297
8710908404184,false,"דאב ספריי 0% אלומיניום אורגינל 150 מ""ל","פרמול איטליה, קומון",IT,דאודורנט ספריי 0% אל,מיליליטרים,150.00,"100 מ""ל",false,,12.70,0.0847,true,1,89075
8711000371176,false,קפסולות קפה אספרסו קלאסיקו 10*52 ג' ג'ייקובס,קריניציה ויטמינה אס,FR,ג'ייקובס קפסולות קפה,גרמים,52.00,100 גרם,false,,11.00,0.2115,true,1,2513
8711000371183,false,קפסולות קפה אספרסו אינטנסו 10*52 ג' ג'ייקובס,קריניציה ויטמינה אס,FR,ג'ייקובס קפסולות קפה,גרמים,52.00,100 גרם,false,,11.00,0.2115,true,1,2514
8711000371244,false,קפסולות קפה אספרסו לונגו 10*52 ג' ג'ייקובס,ג'ייקובס Jacobs,FR,ג'ייקובס קפסולות קפה,גרמים,52.00,100 גרם,false,,11.00,0.2115,true,1,2516
8712000051099,false,"בירה הייניקן 0% אלכהול 330 מ""ל*6 יח'",פארייפאבה אגרואינדוס,NL,הייניקן בירה 0% בק',ליטרים,1.98,ליטר,false,,29.20,14.7475,true,1,4879
8712400802536,false,תרכובת מזון המשך לפעוטות על בסיס חלב שלב 3,פרוטרופיק סיה.,NL,נוטרילון שלב 3- 800,גרמים,800.00,100 גרם,false,,55.50,0.0694,true,1,2531
8714599410530,false,ג'ייקובס קרוננג שקית ריפיל 200ג',גייקובס,UA,גייקובס קפה נמס 200ג,גרמים,200.00,100 גרם,false,,17.00,0.0850,true,1,2520
8714599513781,false,קפה נמס גולד מיובש בהקפאה 200 ג' ג'ייקובס,אל.אל. סי ג''יקובס ד,RU,קפה ג'יקובס גולד 200,גרמים,200.00,100 גרם,false,,23.00,0.1150,true,1,2524
8714599513835,false,קפה ג'יקובס נטול קופאין מיובש בהקפאה 200 ג',ג'ייקובס Jacobs,,קפה ג`יקובס נטול קופ,גרמים,200.00,100 גרם,false,,29.00,0.1450,true,1,2525
8714599513866,false,"ג'ייקובס קרוננג מיובש בהקפאה כשל""פ 200 ג'",אל.אל.סי גייקובס דאו,UA,קפה ג'יקובס קרונונג,גרמים,200.00,100 גרם,false,,23.00,0.1150,true,1,2526
8714789177229,false,מברשת שיניים אקסטרה קלין מדיום - מארז רביעיה,הנסיך- מפעל לייצור ט,CN,מב.שיניים אקסטרא קלי,יחידה,0.00,יחידה,false,,8.30,0.0000,true,1,11300
8714789402970,false,נוזל לניקוי כללי ולרצפה בניחוח פרחי אביב,הנסיך- מפעל לייצור ט,GR,אג'קס חגיגת הפרחים י,ליטרים,1.50,ליטר,false,,17.10,11.4000,true,1,11307
8714789582764,false,אג'קס ספריי לניקוי חלונות ומשטחים,"ש. שסטוביץ בע""מ",GR,אגקס חלונות 750מל,מיליליטרים,750.00,"100 מ""ל",false,,12.80,0.0171,true,1,11310
8714789812151,false,מרסס אג'קס חלונות פעולה משולשת 750מל,,,"אג'קס חלונות 750 מ""ל",מיליליטרים,750.00,"100 מ""ל",false,,8.50,0.0113,true,1,29075
8715700110141,false,מיונז קרמי היינץ צנצנת 460ג',ה.י.היינץ הולדינג בי,NL,מיונז היינץ אמיתי צנ,גרמים,460.00,100 גרם,false,,8.50,0.0185,true,1,2600
8715700419732,false,מתבל עגבניות היינץ 7,ה.י. היינץ,NL,היינץ קטשופ 700 גרם,גרמים,700.00,100 גרם,false,,9.30,0.0133,true,1,2603
8717163647240,false,"אקס דאודורנט ספריי גוף לגבר שוקולד 150 מ""ל",ארנסט. רחוב קומבינצק,TR,ספריי גוף שוקולד אקס,מיליליטרים,150.00,"100 מ""ל",false,,8.50,0.0567,true,1,5550
8717163647257,false,"אקס ספריי גוף גולד 150 מ""ל",יוניליוור,GB,ספריי גוף גולד אקס 1,מיליליטרים,150.00,"100 מ""ל",false,,8.50,0.0567,true,1,5551
8717163655764,false,"רקסונה - דאודורנט ספריי לאישה שוואר פרש 150 מ""ל",,,רקסונה ספריי שאוורפר,מיליליטרים,150.00,"100 מ""ל",false,,11.90,0.0793,true,1,5557
8717163655825,false,"רקסונה דאו' ספריי לנשים בניחוח כותנה, 150 מ""ל",יוניליוור,,רקסונה ספריי כותנה 1,מיליליטרים,150.00,"100 מ""ל",false,,11.90,0.0793,true,1,5558
8718692610835,false,שלישית בקבוקי סודה סטרים פיוז 1 ליטר,,,בקבוק 1 ליטר שלישיה,ליטרים,1.00,ליטר,false,,51.20,51.2000,true,1,8717
8718951001596,false,ספריי לניקוי אמבטיה מסיר אבנית,הנסיך- מפעל לייצור ט,GR,אגקס ספריי כחול אמבט,מיליליטרים,600.00,"100 מ""ל",false,,11.10,0.0185,true,1,29078
8718951093331,false,מרידול מברשת שיניים אקסטרה סופט זוג,קולגייט פלמוליב,,מברשת שיניים מרידול,יחידה,0.00,יחידה,false,,30.70,0.0000,true,1,11327
8718951144064,false,מרידול מברשת שיניים פרודונט אקספרט זוג,מרידול Meridol,,זוג מברשות שיניים פר,יחידה,0.00,יחידה,false,,30.70,0.0000,true,1,11331
8718951159808,false,מברשות שיניים 360 מדיום- מארז שלישייה,קולגייט פלמוליב,CN,מארז שלישייה מברשת 3,יחידה,0.00,יחידה,false,,26.40,0.0000,true,1,11332
8718951160897,false,תרסיס ניקוי אופטימל 7 מכיל אקונומיקה,קולגייט פלמוליב,GR,אגקס עוצמת ה 7 טריגר,מיליליטרים,500.00,"100 מ""ל",false,,12.70,0.0254,true,1,11333
8718951207233,false,אג'קס ורוד רצפות- ור,,,אג'קס ורוד רצפות- ור,ליטרים,1.25,ליטר,false,,8.50,6.8000,true,1,29080
8718951207325,false,אג'קס נוזל לניקוי רצפות אופטימל פרחי אביב אדום 1.25 ליטר,,,אג'קס אדום רצפות 1.2,ליטרים,1.25,ליטר,false,,8.50,6.8000,true,1,29082
8718951240742,false,"קולגייט טוטאל משחת שיניים פסים מרעננים 100 מ""ל",קולגייט Colgate,PL,מש.שיניים פסים מרעננ,גרמים,128.00,100 גרם,false,,14.50,0.1133,true,1,11353
8718951248656,false,"פלמוליב תחליב רחצה פרוטאין 500 מ'""ל",CP UK,IT,פלמוליב תחליב רחצה ח,מיליליטרים,500.00,"100 מ""ל",false,,13.60,0.0272,true,1,11355
8718951264618,false,"קולגייט אופטיק וייט פחם צ'רקול משחת שיניים, 75 מ""ל",קולגייט-פלמוליב,PL,קולגייט אופטיק וייט,מיליליטרים,75.00,"100 מ""ל",false,,23.90,0.3187,true,1,11358
8718951288492,false,"משחת שיניים מרידול בי טיוב מארז 2*75 מ""ל",,,מרידול משחת שיניים ב,מיליליטרים,150.00,"100 מ""ל",false,,26.40,0.1760,true,1,11362
8718951313576,false,קולגייט משחת שיניים מקס פרש קול קריסטל 100 מל,קולגייט פלמוליב,PL,קולגייט משחת שיניים,מיליליטרים,100.00,"100 מ""ל",false,,11.10,0.1110,true,1,31618
8718951315303,false,משחת שיניים קולגייט הגנה מקסימלית - מארז זוג,קולגייט-פלמוליב,PL,משחת שיניים קולגייט,מיליליטרים,200.00,"100 מ""ל",false,,15.20,0.0760,true,1,11366
8718951319806,false,פלמוליב לגבר ג'ל רחצה ושמפו מרענן 750 מל,פלמוליב Palmolive,TR,פלמוליב לגבר 2 ב-1 ג,מיליליטרים,750.00,"100 מ""ל",false,,17.10,0.0228,true,1,11367
8718951382718,false,"פלמוליב ג'ל רחצה חימר התחדשות 750 מ""ל",קולגייט פלמוליב,TR,ג'ל רחצה חימר התחדשו,מיליליטרים,750.00,"100 מ""ל",false,,17.10,0.0228,true,1,11384
8718951409798,false,זוג מברשות שיניים מקס וויט פחם קולגייט,הנסיך- מפעל לייצור ט,CN,קולגייט מברשת שיניים,יחידה,0.00,יחידה,false,,21.30,0.0000,true,1,11386
8718951415836,false,"מי פה פלאקס פחם קולגייט 500 מ""ל",קולגייט Colgate,PL,קולגייט פלאקס שטיפת,מיליליטרים,500.00,"100 מ""ל",false,,26.40,0.0528,true,1,11387
8718951431614,false,"סבון רחצה סו פירם מינרלים 750 מ""ל פלמוליב",קולגייט פלמוליב,TR,ג'ל רחצה פלמוליב So,מיליליטרים,750.00,"100 מ""ל",false,,17.10,0.0228,true,1,11388
8718951461413,false,"קולגייט טוטאל קלין מינט ביטיוב 100 מ""ל*2 כשל""פ",קולגייט פלמוליב,PL,משחת שיניים קולגייט,מיליליטרים,200.00,"100 מ""ל",false,,25.60,0.1280,true,1,35333
8718951470538,false,קולגייט משחת שיניים מקס פרש ביטיוב 125*2 כשלפ,קולגייט פלמוליב,PL,משחת שיניים קולגייט,מיליליטרים,250.00,"100 מ""ל",false,,25.60,0.1024,true,1,35335
8718951498754,false,שישיית מברשות שיניים סופר פלקסי קולגייט,קולגייט פלמוליב,VN,מברשת שיניים פלקסי פ,יחידה,0.00,יחידה,false,,15.30,0.0000,true,1,62629
8718951509627,false,"משחת שיניים אופטיק וויט לאוהבי קפה 75 מ""ל קולגייט",קולגייט פלמוליב,PL,קולגייט וואייט להסרת,יחידה,0.00,יחידה,false,,23.90,0.0000,true,1,46735
8719200998001,false,מרגרינה לאפיה ובישול בלי מלח 200 ג' בלו בנד,מיוצר עי קונדיטוריית,IL,בלו בנד ללא מלח 200,גרמים,200.00,100 גרם,false,,4.20,0.0210,true,1,2610
8719200998018,false,מחמאה מרגרינה בטעם חמאה 200 ג' בלו בנד,פארייפאבה אגרואינדוס,IL,מחמאה מרגרינה בטעם ח,גרמים,200.00,100 גרם,false,,4.20,0.0210,true,1,2611
8719200998049,false,מרגרינה מזולה בטעם טבעי,פארייפאבה אגרואינדוס,IL,מזולה בטעם טבעי 250,גרמים,250.00,100 גרם,false,,8.50,0.0340,true,1,2614
8719200998100,false,מרגרינה בטעם חמאה לאפייה 200 ג' מזולה,פארייפאבה אגרואינדוס,IL,מזולה מרגרינה לאפייה,גרמים,200.00,100 גרם,false,,5.90,0.0295,true,1,2618
8720181114489,false,"אקס - דאודורנט ספריי לגבר בלק 150 מ""ל",יוניליוור,GB,דאורדורנט ספריי אקס,מיליליטרים,150.00,"100 מ""ל",false,,9.40,0.0627,true,1,29085
8720181114496,false,"אקס - דאודורנט ספריי לגבר שוקולד 150 מ""ל",יוניליוור,GB,דאורדורנט ספריי אקס,מיליליטרים,150.00,"100 מ""ל",false,,9.40,0.0627,true,1,29086
8720181123955,false,"אקס - ג'ל רחצה ריצארג קריד 400 מ""ל",אקס Axe,,אקס ג'ל רחצה ריצ'ארג,מיליליטרים,400.00,"100 מ""ל",false,,10.20,0.0255,true,1,89061
8720181204111,false,"אקס תחליב רחצה אפיק פרש 400 מ""ל",יוניליוור,DE,ג'ל רחצה אפיק פרש לג,מיליליטרים,400.00,"100 מ""ל",false,,10.20,0.0255,true,1,71456
8720182253194,false,שישייה סבון מוצק דאב,יוניליוור גרמניה (בו,DE,סבון מוצק מלפפונים ד,גרמים,540.00,100 גרם,false,,14.40,0.0267,true,1,65016
8720182256362,false,סבון מוצק קלאסי 90X6 ג דאב,יוניליוור גרמניה (בו,DE,סבון מוצק קלאסי דאב,גרמים,540.00,100 גרם,false,,14.40,0.0267,true,1,65017
8720182256850,false,דאב רביעיית סבון מוצק,קריות זול,,סבון מוצק לבן דאב 4*,גרמים,400.00,100 גרם,false,,10.20,0.0255,true,1,62442
8723400756552,false,מארז סוכריות מנטוס Mentos ריינבואו,פרפטי ואן מלה ברדה,NL,RAINBOW רביעית סוכרי,גרמים,150.00,100 גרם,false,,9.00,0.0600,true,1,6521
8801055707966,false,קפה טייסטר צו'יס נס קפה בריסטה 180ג',נסטלה קוריאה - קפה,IL,נס קפה טייסטרס צ'ויס,גרמים,180.00,100 גרם,false,,25.60,0.1422,true,1,9914
8801055709472,false,נסטלה - נסקפה קפוצ'ינו קלאסי 12.50 גרם * 10,נסטלה קוריאה - קפה,DE,נסקפה קפוצ'ינו קלאסי,גרמים,185.00,100 גרם,false,,16.20,0.0876,true,1,35165
8850006331699,false,קולגייט מברשת שיניים סלים סופט שלישיה,קולגייט פלמוליב,,מארז מברשות סלים סופ,יח',3.00,יח',false,,21.30,7.1000,true,1,11391
8850180040028,false,קמח טמפורה להכנת בלי,קרנחם אוטאי פחרה,TH,קמח טמפורה להכנת בלי,גרמים,500.00,100 גרם,false,,9.40,0.0188,true,1,80167
8850206280049,false,רוטב צ'ילי חריף צ'יל,,,רוטב צ'ילי חריף צ'יל,גרמים,250.00,100 גרם,false,,14.50,0.0580,true,1,80608
8850367992164,false,קרם קוקוס ללא גלוטן,טאפ פאד ונגפורן,CN,קרם קוקוס ללא גלוטן,גרמים,250.00,100 גרם,false,,6.80,0.0272,true,1,40066
8850389103128,false,"סאפה אלוורה תפוח 300מ""ל",סאפה פובליק קומפני ל,TH,סאפה משקה אלוורה תפו,מיליליטרים,300.00,"100 מ""ל",false,,5.50,0.0183,true,1,22032
8850389105825,false,סאפה אלוורה ענבים 1ליטר,סאפה פובליק קומפני ל,TH,סאפה משקה אלוורה ענב,ליטרים,1.00,ליטר,false,,11.60,11.6000,true,1,22035
8850389105849,false,משקה אלוורה בטעם אפרסק,סאפה פובליק קומפני ל,TH,סאפה משקה אלוורה אפר,ליטרים,1.00,ליטר,false,,11.60,11.6000,true,1,22037
8850632604259,false,חיספוסים ממתק בטעם תות שדה בצורת מקלות,ג'נרל קנדי בעמ,TH,יוגטה חיספוסים מקלות,גרמים,50.00,100 גרם,false,,3.30,0.0660,true,1,6523
8850632604372,false,יוגטה מקלות חמוצות שטיח - תות שדה 50 גרם,ג'נרל קנדי בעמ,TH,יוגטה ממתק תות שדה ב,גרמים,50.00,100 גרם,false,,3.30,0.0660,true,1,6525
8851613101378,false,משקה קוקוס ארוי-די,כלורוקס אוקלנד,TH,משקה קוקוס ארוי-די,מיליליטרים,250.00,"100 מ""ל",false,,8.50,0.0340,true,1,29648
8858271002870,false,רוטב פאד תאי 250 מ'ל - מקסצ'אפ,"ייאן וואל יון בע""מ",TH,רוטב פאד תאי MAXCHUP,מיליליטרים,250.00,"100 מ""ל",false,,8.50,0.0340,true,1,80595
8858271002887,false,רוטב טריאקי מזרח ומע,דאנינג יוה פודס קו,TH,רוטב טריאקי MAXCHUP,מיליליטרים,250.00,"100 מ""ל",false,,9.40,0.0376,true,1,80518
8858271003020,false,רוטב סויה פורמולה 1 - 700 מ'ל מקסצ'אפ,יאן ונזל יון,TH,רוטב סויה MAXCHUP מז,מיליליטרים,700.00,"100 מ""ל",false,,12.80,0.0183,true,1,80478
8858271004300,false,רוטב טריאקי מקסצא'פ,דאנינג יוה פודס קו,CN,רוטב טריאקי MAXCHUP,מיליליטרים,700.00,"100 מ""ל",false,,17.10,0.0244,true,1,80531
8888021200256,false,סוללות אנרגייזר שמינ,יצרן: אנרג'ייזר סינג,SG,AAאנרג'ייזר סוללות מ,יחידה,0.00,יחידה,false,,21.30,0.0000,true,1,2942
8888021200720,false,סוללת אנרגייזר שמיני,יצרן: אנרג'ייזר סינג,SG,AAAאנרג'ייזר סוללות,יחידה,0.00,יחידה,false,,21.30,0.0000,true,1,2943
8901314308436,false,קולגייט - מברשת שיניים זיג זג 6 יחידות,,,מברשת שיניים שישייה,יחידה,0.00,יחידה,false,,11.10,0.0000,true,1,35489
8901314532022,false,קולגייט זיז זג שרקול רבעייה סופט,,,רביעיית מברשת שיניים,יחידה,0.00,יחידה,false,,12.80,0.0000,true,1,34767
8901537024014,false,"אורז בסמטי מובחר 1 ק""ג - דוואט) יורה דיעה",הנסיך- מפעל לייצור ט,IN,וילי פוד אורז בסמטי,גרמים,1000.00,100 גרם,false,,11.00,0.0110,true,1,1877
8901537076679,false,"אורז בסמטי חום מלא 1 ק""ג דאוואט",האי נאם סי או אל.טי.,IN,אורז בסמטי חום מלא 1,קילוגרמים,1.00,"ק""ג",false,,10.20,10.2000,true,1,1878
8901571005833,false,מברשת שיניים סנסודיין שלישייה סנסטיב,,,מברשת שיניים סנסודיי,יחידה,0.00,יחידה,false,,11.90,0.0000,true,1,29088
8934878081811,false,"דפי אורז 22 ס""מ 400 גר'(Trav) ללא גלוטן",דאנינג יוה פודס קו,CN,דפים על בסיס קמח טפי,גרמים,400.00,100 גרם,false,,10.20,0.0255,true,1,39760
9000101329742,false,סבון אסלה בניחוח מתחלף אפרסק תפוח 50 ג' ברף,,,כדוריות לאסלה Bref,גרמים,50.00,100 גרם,false,,8.50,0.1700,true,1,19172
9000101418163,false,שלישיית סבון אסלה בניחוח מתחלף תפוח ירוק ברף,ברף Bref,,ברף בניחוח מתחלף תפו,גרמים,150.00,100 גרם,false,,17.10,0.1140,true,1,54079
9000101511635,false,קפסולות ג'ל לכביסה פרסיל דיסקס לעור רגיש,פרסיל Persil,HU,פרסיל דיסקס סנסיטיב,יח',22.00,יח',false,,29.80,1.3545,true,1,54006
9000101520965,false,"סבון אסלה בניחוח מתחלף לוטוס עדין במבוק, 3 יחידות",ברף Bref,,ברף בניחוח מתחלף לוט,גרמים,150.00,100 גרם,false,,17.10,0.1140,true,1,54067
9000101521436,false,סבון אסלה בניחוח מתחלף לוטוס במבוק 50 ג' ברף,,,כדוריות לאסלה Bref,גרמים,50.00,100 גרם,false,,8.50,0.1700,true,1,19180
9002859042560,false,שוקולד מריר 100 גרם,,,שוקולד מריר 100 גרם,גרמים,100.00,100 גרם,false,,8.50,0.0850,true,1,68278
9002859058172,false,גונץ-בננה ציפוי שוקולד מריר 300ג',GUNZ WARENHANDELS,AT,בננה ציפוי שוקולד מר,גרמים,300.00,100 גרם,false,,12.80,0.0427,true,1,68403
9002859105630,false,גונץ מרציפן מצופה שוק חלב ונוגט 75גר,,,מרציפן מצופה שוקולד,גרמים,75.00,100 גרם,false,,9.40,0.1253,true,1,68429
9002859105753,false,ארנבי שוקולד חלב ברש,,,ארנבי שוקולד חלב ברש,גרמים,100.00,100 גרם,false,,8.50,0.0850,true,1,68485
9028800639962,false,אדלוויס הפרטובה בירת,,,אדלוויס הפרטובה בירת,מיליליטרים,330.00,"100 מ""ל",false,,9.40,0.0285,true,1,102747
9044400851672,false,סוכריות פז סוגים שונים + 3 מילויים,פז פרודוקשיין,HU,פז דמויות מתחלפות 25,גרמים,25.50,100 גרם,false,,9.30,0.3647,true,1,59080
9120097310583,false,חטיף שוקו בננה מיניונים מצונן 108 גרם רבנות,בובארד איטליה אס.פי.,IT,חטיף שוקו בננה מיניו,גרמים,108.00,100 גרם,false,,12.80,0.1185,true,1,73675
9310072028743,false,טים טם Tim Tam וופל שוקולד קלאסי,"ארנוטס ביסקוויטס בע""",AU,טים טם אוריגינל 200,גרמים,200.00,100 גרם,false,,13.60,0.0680,true,1,7130
9310072028750,false,טים טם Tim Tam וופל שוקולד ציפוי כפול,"ארנוטס ביסקוויטס בע""",AU,טים טם קרם דאבל 200,גרמים,200.00,100 גרם,false,,13.60,0.0680,true,1,7131
9414202045911,false,תיק צדנית 5.5 ליטר,,,תיק צדנית 5.5 ליטר,יחידה,0.00,יחידה,false,,42.70,0.0000,true,1,60369
9720188060108,false,טופוטי ממרח על בסיס סויה בסגנון שמנת 340ג',טופוטי ברנדס אינק.ג',IL,טופוטי ממרח טופו בטע,גרמים,340.00,100 גרם,false,,16.20,0.0476,true,1,3341
9771565051066,false,ידיעות אחרונות יום ו,,,ידיעות אחרונות יום ו,יחידה,0.00,יחידה,false,,10.30,0.0000,true,1,5056
