code,internal_code,name,manufacturer_name,manufacture_country,manufacturer_item_description,unit_qty,quantity,unit_of_measure,weighted,qty_in_package,price,unit_of_measure_price,allow_discount,status,item_id
15,true,עיתון שופר,שופר השבועון לקהילה,,,יח,1,,false,1,1,1,false,1,
48,true,תוי קניה 1,שונים,,,יח,1,,false,1,0.01,0.01,false,1,
50,true,מים קטן כללי,החברה המרכזית להפצת משקאות בע,,,יח,1,,false,1,4.90,4.90,false,1,
88,true,תוספת לשתיה קרה מהמחיר הנקוב,שונים,,,יח,1,,false,1,2,2,false,1,
118,true,לחמניה  ארוכה,בית מאפה ח. כהן חדש,,,יח,1,,false,1,1.90,1.90,true,1,
119,true,חצי בגט,בית מאפה ח. כהן חדש,,,יח,1,,false,1,2.90,2.90,true,1,
120,true,לחמניה קלועה שמניה /מיני חלה,בית מאפה ח. כהן חדש,,,יח,1,,false,1,2.50,2.50,true,1,
121,true,חלה  4 צמות,בית מאפה ח. כהן חדש,,,יח,1,,false,1,9.90,9.90,true,1,
122,true,לחמניה  ציפור//פרח,בית מאפה ח. כהן חדש,,,יח,1,,false,1,2.50,2.50,true,1,
129,true,לחם קווקזי,בית מאפה ח. כהן חדש,,,יח,1,,false,1,7.90,7.90,false,1,
143,true,חלה שושנה,בית מאפה ח. כהן חדש,,,יח,1,,false,1,7.90,7.90,false,1,
149,true,לחמניה כפרית,ג`נרל מילס ישראל בעמ,,,יח,1,,false,1,2.50,2.50,false,1,
158,true,חלה 2 צמות.,בית מאפה ח. כהן חדש,,,יח,1,,false,1,6.50,6.50,true,1,
159,true,חלה מתוקה,בית מאפה ח. כהן חדש,,,יח,1,,false,1,11.90,11.90,false,1,
165,true,לחמניה מתוקה קלועה,בית מאפה ח. כהן חדש,,,יח,1,,false,1,2.70,2.70,true,1,
250,true,סופגניה,ג`נרל מילס ישראל בעמ,,,יח,1,,false,1,3.90,3.90,true,1,
262,true,לחמניה שומשום,בית מאפה ח. כהן חדש,,,יח,1,,false,1,2.50,2.50,true,1,
504,true,אפרסמון,"בכורי השדה צפון1994 ג.ד. בע""מ",,,"לק""ג",1,,true,1,12.90,12.90,false,1,
505,true,אבוקדו,"בכורי השדה צפון1994 ג.ד. בע""מ",,,"לק""ג",1,,true,1,9.90,9.90,false,1,
511,true,.אגס,"בכורי השדה צפון1994 ג.ד. בע""מ",,,"לק""ג",1,,true,1,16.90,16.90,false,1,
530,true,בננה,"בכורי השדה צפון1994 ג.ד. בע""מ",,,"לק""ג",1,,true,1,8.90,8.90,false,1,
535,true,לימון,"בכורי השדה צפון1994 ג.ד. בע""מ",,,"לק""ג",1,,true,1,6.90,6.90,false,1,
540,true,מלון,"בכורי השדה צפון1994 ג.ד. בע""מ",,,"לק""ג",1,,true,1,12.90,12.90,false,1,
543,true,מנגו,"בכורי השדה צפון1994 ג.ד. בע""מ",,,"לק""ג",1,,true,1,8.90,8.90,false,1,
547,true,מלון בוכרי ירוק/צהוב,"בכורי השדה צפון1994 ג.ד. בע""מ",,,"לק""ג",1,,true,1,12.90,12.90,false,1,
558,true,פומלה,"בכורי השדה צפון1994 ג.ד. בע""מ",,,"לק""ג",1,,true,1,9.90,9.90,false,1,
560,true,קלמנטינה,"בכורי השדה צפון1994 ג.ד. בע""מ",,,"לק""ג",1,,true,1,5.90,5.90,false,1,
563,true,קיווי,"בכורי השדה צפון1994 ג.ד. בע""מ",,,"לק""ג",1,,true,1,19.90,19.90,false,1,
564,true,רימון,"בכורי השדה צפון1994 ג.ד. בע""מ",,,"לק""ג",1,,true,1,6.90,6.90,false,1,
571,true,ליצי/פטיה,"בכורי השדה צפון1994 ג.ד. בע""מ",,,"לק""ג",1,,true,1,32.90,32.90,false,1,
575,true,תפוז,"בכורי השדה צפון1994 ג.ד. בע""מ",,,"לק""ג",1,,true,1,4.90,4.90,false,1,
576,true,אשכולית,"בכורי השדה צפון1994 ג.ד. בע""מ",,,"לק""ג",1,,true,1,4.90,4.90,false,1,
581,true,תפוח עץ אנה,"בכורי השדה צפון1994 ג.ד. בע""מ",,,"לק""ג",1,,true,1,10.90,10.90,false,1,
583,true,תפוח סמיט ירוק,"בכורי השדה צפון1994 ג.ד. בע""מ",,,"לק""ג",10,ל 100 גרם,true,1,7.90,0.79,false,1,
584,true,תפוח עץ גלה,"בכורי השדה צפון1994 ג.ד. בע""מ",,,"לק""ג",1,,true,1,7.90,7.90,false,1,
585,true,תפוח חרמון,"בכורי השדה צפון1994 ג.ד. בע""מ",,,"לק""ג",10,ל 100 גרם,true,1,7.90,0.79,false,1,
590,true,תפוח זהוב,"בכורי השדה צפון1994 ג.ד. בע""מ",,,"לק""ג",1,,true,1,7.90,7.90,false,1,
592,true,תפוח עץ פינק,"בכורי השדה צפון1994 ג.ד. בע""מ",,,"לק""ג",1,,true,1,14.90,14.90,false,1,
601,true,ארטישוק,"בכורי השדה צפון1994 ג.ד. בע""מ",,,"לק""ג",1,,true,1,34.90,34.90,false,1,
603,true,דלורית,"בכורי השדה צפון1994 ג.ד. בע""מ",,,"לק""ג",1,,true,1,5.90,5.90,false,1,
605,true,בצל יבש,"בכורי השדה צפון1994 ג.ד. בע""מ",,,"לק""ג",1,"לק""ג",true,1,3.90,3.90,false,1,
609,true,בצל סגול,"בכורי השדה צפון1994 ג.ד. בע""מ",,,"לק""ג",1,,true,1,5.90,5.90,false,1,
612,true,בטטה,"בכורי השדה צפון1994 ג.ד. בע""מ",,,"לק""ג",1,,true,1,8.90,8.90,false,1,
613,true,קישוא עגול/ירוק,"בכורי השדה צפון1994 ג.ד. בע""מ",,,"לק""ג",1,,true,1,8.90,8.90,false,1,
614,true,תפוח אדמה קטן,"בכורי השדה צפון1994 ג.ד. בע""מ",,,"לק""ג",1,,true,1,4.90,4.90,false,1,
618,true,גזר ארוז,"בכורי השדה צפון1994 ג.ד. בע""מ",,,"לק""ג",1,,true,1,3.90,3.90,false,1,
621,true,דלעת /יפנית  / אקזוטי,*22138,,,"לק""ג",1,,true,1,12.90,12.90,false,1,
625,true,חציל,"בכורי השדה צפון1994 ג.ד. בע""מ",,,"לק""ג",1,,true,1,6.90,6.90,false,1,
627,true,פטריות תפז  טרי.,"בכורי השדה צפון1994 ג.ד. בע""מ",,,"לק""ג",1,,true,1,39.90,39.90,false,1,
630,true,כרוב  לבן,"בכורי השדה צפון1994 ג.ד. בע""מ",,,"לק""ג",1,,true,1,3.90,3.90,false,1,
633,true,כרוב אדום.,"בכורי השדה צפון1994 ג.ד. בע""מ",,,"לק""ג",1,,true,1,6.90,6.90,false,1,
634,true,קישוא  קרעה(ברכות),"בכורי השדה צפון1994 ג.ד. בע""מ",,,"לק""ג",1,,true,1,16.90,16.90,false,1,
640,true,לפת,"בכורי השדה צפון1994 ג.ד. בע""מ",,,"לק""ג",1,,true,1,6.90,6.90,false,1,
645,true,מלפפון,"בכורי השדה צפון1994 ג.ד. בע""מ",,,"לק""ג",1,"לק""ג",true,1,5.90,5.90,false,1,
659,true,סלק אדום,"בכורי השדה צפון1994 ג.ד. בע""מ",,,"לק""ג",1,,true,1,3.90,3.90,false,1,
661,true,עגבניות שרי תפזורת,"בכורי השדה צפון1994 ג.ד. בע""מ",,,"לק""ג",10,ל 100 גרם,true,1,14.90,1.49,false,1,
662,true,עגבניה,"בכורי השדה צפון1994 ג.ד. בע""מ",,,"לק""ג",1,,true,1,5.90,5.90,false,1,
663,true,פלפל חריף ירוק,"בכורי השדה צפון1994 ג.ד. בע""מ",,,"לק""ג",10,ל 100 גרם,true,1,9.90,0.99,false,1,
665,true,גמבה ירוקה,"בכורי השדה צפון1994 ג.ד. בע""מ",,,"לק""ג",1,,true,1,9.90,9.90,false,1,
666,true,תפוח אדמה לבן/אדום/גזר תפזורת,"בכורי השדה צפון1994 ג.ד. בע""מ",,,"לק""ג",1,,true,1,5.90,5.90,false,1,
667,true,גמבה אדומה,"בכורי השדה צפון1994 ג.ד. בע""מ",,,"לק""ג",1,ל 100 גרם,true,1,9.90,9.90,false,1,
669,true,גמבה בהירה,"בכורי השדה צפון1994 ג.ד. בע""מ",,,"לק""ג",1,,true,1,9.90,9.90,false,1,
675,true,שמיר,"בכורי השדה צפון1994 ג.ד. בע""מ",,,יח,1,,false,1,3.90,3.90,true,1,
682,true,חציל בלדי,"בכורי השדה צפון1994 ג.ד. בע""מ",,,"לק""ג",10,ל 100 גרם,true,1,6.90,0.69,false,1,
685,true,קישוא,"בכורי השדה צפון1994 ג.ד. בע""מ",,,"לק""ג",1,,true,1,7.90,7.90,false,1,
689,true,שום יבש,"בכורי השדה צפון1994 ג.ד. בע""מ",,,יח,1,,false,1,7.90,7.90,false,1,
690,true,שומר.,"בכורי השדה צפון1994 ג.ד. בע""מ",,,"לק""ג",1,,true,1,9.90,9.90,false,1,
691,true,גמבה צהובה,"בכורי השדה צפון1994 ג.ד. בע""מ",,,"לק""ג",1,,true,1,9.90,9.90,false,1,
696,true,"תפו""א לבן ארוז","בכורי השדה צפון1994 ג.ד. בע""מ",,,"לק""ג",1,,true,1,3.90,3.90,false,1,
697,true,"תפו""א  אדום ארוז","בכורי השדה צפון1994 ג.ד. בע""מ",,,"לק""ג",1,,true,1,4.90,4.90,false,1,
985,true,פטרוזליה ברכת קטיף,"בכורי השדה צפון1994 ג.ד. בע""מ",,,יח,1,,false,1,5.90,5.90,false,1,
1111,true,מכולת,שונים,,,יח,1,,false,1,0.01,0.01,false,1,
1350,true,גבינת קש 9% בתפז,מחלבות גד (חסום),,,ל 100 גרם,1,,true,1,66.69,66.69,false,1,
1502,true,שמיטה  אננס חול,"בכורי השדה צפון1994 ג.ד. בע""מ",,,"לק""ג",1,יח,true,1,39.90,39.90,false,1,
1503,true,שמיטה  פטיה/ליצי,"בכורי השדה צפון1994 ג.ד. בע""מ",,,"לק""ג",1,,true,1,32.90,32.90,false,1,
1504,true,שמיטה אפרסמון-אוצר בית דין,"בכורי השדה צפון1994 ג.ד. בע""מ",,,"לק""ג",1,,true,1,12.90,12.90,false,1,
1505,true,שמיטה אבוקדו,"בכורי השדה צפון1994 ג.ד. בע""מ",,,"לק""ג",1,,true,1,9.90,9.90,false,1,
1511,true,שמיטה  אגסים,"בכורי השדה צפון1994 ג.ד. בע""מ",,,"לק""ג",1,,true,1,13.90,13.90,false,1,
1530,true,שמיטה בננה-שמינית,"בכורי השדה צפון1994 ג.ד. בע""מ",,,"לק""ג",1,,true,1,8.90,8.90,false,1,
1535,true,שמיטה  לימון-אוצר בית דין,"בכורי השדה צפון1994 ג.ד. בע""מ",,,"לק""ג",1,,true,1,6.90,6.90,false,1,
1539,true,שמיטה-אנונה/קובו,"בכורי השדה צפון1994 ג.ד. בע""מ",,,"לק""ג",1,,true,1,19.90,19.90,false,1,
1540,true,שמיטה  מלון..,"בכורי השדה צפון1994 ג.ד. בע""מ",,,"לק""ג",1,,true,1,12.90,12.90,false,1,
1543,true,שמיטה  מנגו-אוצר בית דין,"בכורי השדה צפון1994 ג.ד. בע""מ",,,"לק""ג",1,,true,1,8.90,8.90,false,1,
1545,true,שמיטה נקטרינה-אוצר בית דין,"בכורי השדה צפון1994 ג.ד. בע""מ",,,"לק""ג",1,,true,1,7.90,7.90,false,1,
1558,true,שמיטה  פומלה,"בכורי השדה צפון1994 ג.ד. בע""מ",,,"לק""ג",10,ל 100 גרם,true,1,9.90,0.99,false,1,
1559,true,פומלית שמיטה,"בכורי השדה צפון1994 ג.ד. בע""מ",,,"לק""ג",1,,true,1,5.90,5.90,false,1,
1560,true,שמיטה  קלמנטינה-אוצר בית דין,"בכורי השדה צפון1994 ג.ד. בע""מ",,,"לק""ג",1,,true,1,5.90,5.90,false,1,
1563,true,שמיטה  קיווי,"בכורי השדה צפון1994 ג.ד. בע""מ",,,"לק""ג",1,,true,1,19.90,19.90,false,1,
1564,true,שמיטה  רימון-אוצר בית דין,"בכורי השדה צפון1994 ג.ד. בע""מ",,,"לק""ג",10,ל 100 גרם,true,1,6.90,0.69,false,1,
1575,true,שמיטה  תפוז-אוצר בית דין,"בכורי השדה צפון1994 ג.ד. בע""מ",,,"לק""ג",1,,true,1,4.90,4.90,false,1,
1576,true,שמיטה  אשכולית צהובה/אדומה-אוצר,"בכורי השדה צפון1994 ג.ד. בע""מ",,,"לק""ג",1,,true,1,4.90,4.90,false,1,
1580,true,שמיטה  חבושים,"בכורי השדה צפון1994 ג.ד. בע""מ",,,"לק""ג",1,,true,1,12.90,12.90,false,1,
1583,true,שמיטה  תפוח סמיט ירוק,"בכורי השדה צפון1994 ג.ד. בע""מ",,,"לק""ג",1,,true,1,7.90,7.90,false,1,
1584,true,שמיטה-תפוח עץ גלה-,"בכורי השדה צפון1994 ג.ד. בע""מ",,,"לק""ג",1,,true,1,7.90,7.90,false,1,
1585,true,שמיטה  תפוח חרמון,"בכורי השדה צפון1994 ג.ד. בע""מ",,,"לק""ג",1,,true,1,7.90,7.90,false,1,
1590,true,שמיטה  תפוח זהוב.,"בכורי השדה צפון1994 ג.ד. בע""מ",,,"לק""ג",1,,true,1,7.90,7.90,false,1,
1592,true,תפוח פינק ליידי שמיטה,"בכורי השדה צפון1994 ג.ד. בע""מ",,,"לק""ג",1,,true,1,14.90,14.90,false,1,
1601,true,שמיטה ארטישוק,"בכורי השדה צפון1994 ג.ד. בע""מ",,,"לק""ג",1,,true,1,34.90,34.90,false,1,
1603,true,שמיטה  דלורית,"בכורי השדה צפון1994 ג.ד. בע""מ",,,"לק""ג",1,,true,1,5.90,5.90,false,1,
1605,true,שמיטה בצל יבש,"בכורי השדה צפון1994 ג.ד. בע""מ",,,"לק""ג",1,,true,1,3.90,3.90,false,1,
1612,true,שמיטה  בטטה,"בכורי השדה צפון1994 ג.ד. בע""מ",,,"לק""ג",1,,true,1,8.90,8.90,false,1,
1618,true,שמיטה גזר  ארוז,"בכורי השדה צפון1994 ג.ד. בע""מ",,,"לק""ג",1,,true,1,3.90,3.90,false,1,
1620,true,שמיטה  דלעת,"בכורי השדה צפון1994 ג.ד. בע""מ",,,"לק""ג",1,,true,1,12.90,12.90,false,1,
1625,true,שמיטה  חצילים,"בכורי השדה צפון1994 ג.ד. בע""מ",,,"לק""ג",1,,true,1,6.90,6.90,false,1,
1630,true,שמיטה  כרוב  לבן,"בכורי השדה צפון1994 ג.ד. בע""מ",,,"לק""ג",1,,true,1,3.90,3.90,false,1,
1633,true,שמיטה  כרוב אדום.,"בכורי השדה צפון1994 ג.ד. בע""מ",,,"לק""ג",1,,true,1,6.90,6.90,false,1,
1640,true,שמיטה  לפת,"בכורי השדה צפון1994 ג.ד. בע""מ",,,"לק""ג",1,,true,1,6.90,6.90,false,1,
1645,true,שמיטה  מלפפון,"בכורי השדה צפון1994 ג.ד. בע""מ",,,"לק""ג",1,"לק""ג",true,1,5.90,5.90,false,1,
1659,true,שמיטה  סלק אדום,"בכורי השדה צפון1994 ג.ד. בע""מ",,,"לק""ג",1,,true,1,3.90,3.90,false,1,
1661,true,שמיטה  עגבניות שרי תמר,"בכורי השדה צפון1994 ג.ד. בע""מ",,,"לק""ג",10,ל 100 גרם,true,1,14.90,1.49,false,1,
1662,true,שמיטה  עגבניה רגילה,"בכורי השדה צפון1994 ג.ד. בע""מ",,,"לק""ג",1,,true,1,5.90,5.90,false,1,
1663,true,שמיטה פלפל חריף,"בכורי השדה צפון1994 ג.ד. בע""מ",,,"לק""ג",10,ל 100 גרם,true,1,9.90,0.99,false,1,
1664,true,שמיטה פלפל חריף אדום,"בכורי השדה צפון1994 ג.ד. בע""מ",,,"לק""ג",1,,true,1,14.90,14.90,false,1,
1665,true,שמיטה  גמבה ירוקה,"בכורי השדה צפון1994 ג.ד. בע""מ",,,"לק""ג",1,,true,1,9.90,9.90,false,1,
1666,true,שמיטה תפוח אדמה לבן/אדום/גזר תפזורת,"בכורי השדה צפון1994 ג.ד. בע""מ",,,"לק""ג",1,,true,1,5.90,5.90,false,1,
1667,true,שמיטה  גמבה אדומה,"בכורי השדה צפון1994 ג.ד. בע""מ",,,"לק""ג",1,ל 100 גרם,true,1,9.90,9.90,false,1,
1668,true,שמיטה  גמבה כתום,"בכורי השדה צפון1994 ג.ד. בע""מ",,,"לק""ג",1,,true,1,10.90,10.90,false,1,
1677,true,חלבה  בטעמים מעדניה,שונים,,,ל 100 גרם,1,,true,1,39.90,39.90,false,1,
1683,true,שמיטה  צנון,"בכורי השדה צפון1994 ג.ד. בע""מ",,,"לק""ג",1,,true,1,8.90,8.90,false,1,
1685,true,שמיטה קישואים.,"בכורי השדה צפון1994 ג.ד. בע""מ",,,"לק""ג",1,,true,1,7.90,7.90,false,1,
1689,true,שמיטה  שום יבש,"בכורי השדה צפון1994 ג.ד. בע""מ",,,יח,1,,false,1,7.90,7.90,false,1,
1690,true,שמיטה  שומר,"בכורי השדה צפון1994 ג.ד. בע""מ",,,"לק""ג",1,,true,1,9.90,9.90,false,1,
1691,true,שמיטה  גמבה צהובה,"בכורי השדה צפון1994 ג.ד. בע""מ",,,"לק""ג",1,,true,1,9.90,9.90,false,1,
1696,true,"שמיטה  תפו""א לבן.","בכורי השדה צפון1994 ג.ד. בע""מ",,,"לק""ג",10,ל 100 גרם,true,1,3.90,0.39,false,1,
1697,true,"שמיטה  תפו""א  אדום","בכורי השדה צפון1994 ג.ד. בע""מ",,,"לק""ג",1,,true,1,4.90,4.90,false,1,
1748,true,עוף טרי מחולק,יהודה ניב,,,"לק""ג",1,,true,1,21.90,21.90,true,1,
1749,true,עוף  טרי שלם,עוף עוז שיווק בעמ,,,"לק""ג",1,,true,1,19.90,19.90,true,1,
1755,true,כרעיים עוף טרי תפזורת  רבנות,יהודה ניב,,,"לק""ג",1,,true,1,29.90,29.90,true,1,
1779,true,שוקיים עוף טרי,נטו מילנדה סחר בעמ*,,,"לק""ג",1,,true,1,31.90,31.90,true,1,
1793,true,כנפיים עוף טרי,יהודה ניב,,,"לק""ג",1,,true,1,14.90,14.90,true,1,
1809,true,כבד עוף לא מוכשר לצליה בלבד,יהודה ניב,,,"לק""ג",1,,true,1,24.90,24.90,true,1,
1816,true,לב עוף לא מוכשר לצליה בלבד,נטו מילנדה סחר בעמ*,,,"לק""ג",1,,true,1,31.90,31.90,true,1,
1830,true,שוארמה נקבה טרי,יהודה ניב,,,"לק""ג",10,ל 100 גרם,true,1,71.90,7.19,false,1,
1892,true,גרון הודו טרי,יהודה ניב,,,"לק""ג",10,ל 100 גרם,true,1,34.90,3.49,false,1,
1900,true,נתחי פילה עוף,נטו מילנדה סחר בעמ*,,,"לק""ג",1,,true,1,42.90,42.90,true,1,
2004,true,כתף טרי חלק מחפוד/עטרה,בקר תנובה -שותפות מוגבלת,,,"לק""ג",1,,true,1,74.90,74.90,false,1,
2005,true,חזה הודו טרי מחפוד,*21293,,,"לק""ג",1,,true,1,38.90,38.90,false,1,
2020,true,חזה עוף שלם,יהודה ניב,,,"לק""ג",10,ל 100 גרם,true,1,32.90,3.29,true,1,
2028,true,עוף טחון,שונים,,,"לק""ג",1,,true,1,34.90,34.90,true,1,
2059,true,בשרטחון מובחר חלק רבנות,בלדי בעמ,,,"לק""ג",1,,true,1,43.90,43.90,true,1,
2060,true,בשר טחון -מחפוד/עטרה,עוף ירושלים שיווק בעמ,,,"לק""ג",1,,true,1,44.90,44.90,false,1,
2066,true,בשר טחון טרי מחפוד  פרמיום,נטו מלינדה סחר בעמ,,,"לק""ג",1,,true,1,49.90,49.90,false,1,
2100,true,טונה סטארכיסט  בודד,שונים,,,יח,1,,false,1,6.90,6.90,false,1,
2226,true,פילה  סלמון טרי מפולט נקי,מאסטרפוד בעמ,,,"לק""ג",1,,true,1,89.90,89.90,false,1,
2239,true,טונה אלבקור לבנה שלם,שונים,,,"לק""ג",10,יח,true,1,44.90,4.49,false,1,
2244,true,דג טונה צעירה שלם,שונים,,,"לק""ג",10,ל 100 גרם,true,1,42.90,4.29,false,1,
2349,true,דג אמנון טרי,מאסטרפוד בעמ,,,"לק""ג",1,,true,1,29.90,29.90,false,1,
2363,true,דג דניס  טרי,מאסטרפוד בעמ,,,ל 100 גרם,1,,true,1,65,65,true,1,
2376,true,פילה  לברק   טרי,מאסטרפוד בעמ,,,"לק""ג",1,,true,1,129,129,false,1,
2509,true,בשר ראש טרי מחפוד/עטרה,בקר תנובה -שותפות מוגבלת,,,"לק""ג",10,ל 100 גרם,true,1,69.90,6.99,false,1,
2523,true,שומןבקר טרי מחפוד,בקר תנובה -שותפות מוגבלת,,,"לק""ג",1,,true,1,22.90,22.90,false,1,
2550,true,שיפודי אנטריקוט  טרי,שונים,,,"לק""ג",10,ל 100 גרם,true,1,110,11,false,1,
2592,true,צלעות טרי חלק מחפוד עטרה,בקר תנובה -שותפות מוגבלת,,,"לק""ג",1,,true,1,64.90,64.90,false,1,
2608,true,בשר צוואר טרי מוכשר מ/ע,נטו מלינדה סחר בעמ,,,"לק""ג",1,,true,1,56.90,56.90,true,1,
2610,true,בשר אוסובוקו טרי  מחפוד עטרה,עוף ירושלים שיווק בעמ,,,"לק""ג",1,,true,1,69.90,69.90,false,1,
2663,true,חמוצים מיוחדים,אצלן מזור בעמ,,,ל 100 גרם,10,ל 100 גרם,true,1,45,4.50,false,1,
2699,true,פילה אמנון ללא עור. פס עור  קפוא,שונים,,,"לק""ג",10,ל 100 גרם,true,1,34.90,3.49,false,1,
2700,true,פילה אמנון קפוא80%,שונים,,,"לק""ג",10,ל 100 גרם,true,1,29.90,2.99,true,1,
2806,true,צלי חלק מחפוד עטרה טרי,נטו מלינדה סחר בעמ,,,"לק""ג",1,,true,1,110,110,false,1,
2807,true,אסדו טרי חלק מ/ע עם עצם,בקר תנובה -שותפות מוגבלת,,,"לק""ג",1,,true,1,69.90,69.90,false,1,
2808,true,שריר בקר טרי חלק מחפוד עטרה,נטו מלינדה סחר בעמ,,,"לק""ג",1,,true,1,75.90,75.90,false,1,
2821,true,סטייק עצם טרי מחפוד /עטרה,בקר תנובה -שותפות מוגבלת,,,"לק""ג",10,ל 100 גרם,true,1,110,11,true,1,
2860,true,שניצל עוף דק דק טרי,קורניש חן{1987} בעמ,,,"לק""ג",1,,true,1,44.90,44.90,true,1,
2862,true,קשתית אסדו טריע.מבלי עצם..,עוף ירושלים שיווק בעמ,,,"לק""ג",1,,true,1,75.90,75.90,false,1,
2875,true,כבש טרי חלק ע\מ,בקר תנובה -שותפות מוגבלת,,,"לק""ג",10,ל 100 גרם,true,1,110,11,false,1,
2879,true,צוואר כבש לבישול  חלק,נטו מלינדה סחר בעמ,,,"לק""ג",1,,true,1,100,100,false,1,
2881,true,שומן כבש טרי חלק,נטו מלינדה סחר בעמ,,,"לק""ג",1,,true,1,129,129,false,1,
3094,true,חזה בקר עם עצם מחפוד /עטרה,בקר תנובה -שותפות מוגבלת,,,"לק""ג",1,,true,1,39.90,39.90,true,1,
3115,true,גביע 115 היפרכהן לסלט,פאלאס תעשיות (פי.איי) בעמ,,,יח,1,,false,1,0.50,0.50,false,1,
3116,true,ג. 116  500 שקוף,פאלאס תעשיות (פי.איי) בעמ,,,יח,1,,false,1,0.60,0.60,false,1,
3118,true,גביע 118 גדול,פאלאס תעשיות (פי.איי) בעמ,,,יח,1,,false,1,0.80,0.80,false,1,
3645,true,כבד אווז קפוא,בלדי בעמ,,,"לק""ג",1,,true,1,399,399,true,1,
4505,true,.בשר מס` 5  קפוא חלק,שונים,,,"לק""ג",10,ל 100 גרם,true,1,64.90,6.49,false,1,
4508,true,בשר  מס`8  חלק רבנות,שונים,,,"לק""ג",10,"לק""ג",true,1,33.90,3.39,false,1,
5502,true,אננס מובחר,"בכורי השדה צפון1994 ג.ד. בע""מ",,,יח,1,יח,false,1,29.90,29.90,false,1,
6251,true,מארז 10 פיתות,גיא שיווק טוב,,,יח,10,למארז,false,1,15.90,1.59,false,1,
6514,true,חלה  3 צמות,בית מאפה ח. כהן חדש,,,יח,1,יח,false,1,8.50,8.50,true,1,
6515,true,חלה  כפרית,ג`נרל מילס ישראל בעמ,,,יח,1,יח,false,1,11.90,11.90,false,1,
7778,true,נסיעה במונית מוגבל ל1 שעה מקניה,מבצעים,,,יח,1,,false,1,20,20,false,1,
9019,true,אריסה ביתית,אחים אלעזרי בעמ,,,ל 100 גרם,10,ל 100 גרם,true,1,39.90,3.99,false,1,
9020,true,שום כתוש מחפוד,אחים אלעזרי בעמ,,,ל 100 גרם,10,ל 100 גרם,true,1,27.90,2.79,false,1,
9034,true,לימון כבוש  מ.,אחים אלעזרי בעמ,,,ל 100 גרם,10,ל 100 גרם,true,1,39.90,3.99,false,1,
9046,true,סחוג  ירוק  / אדום גל,אחים אלעזרי בעמ,,,"לק""ג",10,ל 100 גרם,true,1,25.90,2.59,false,1,
9500,true,דג דניס נקי  טרי,מאסטרפוד בעמ,,,"לק""ג",1,,true,1,65,65,true,1,
9502,true,דג אמנון  נקי  טרי,נטו מילנדה סחר בעמ*,,,"לק""ג",1,,true,1,29.90,29.90,false,1,
20407,true,סטארקיסט בשמן  140ג בדץ,דיפלומט מפיצים #,,,יח,1.60,ל 100 גרם,false,1,7.60,4.75,false,1,
40301,true,גבינה עין גדי,תנובה -חלב,,,יח,1,,false,1,18.90,18.90,false,1,
40318,true,ברי גבינה,תנובה -חלב,,,יח,1,,false,1,17.90,17.90,false,1,
40974,true,חלב טרי דל לקטוז תנובה,תנובה -חלב,,,יח,10,ל 100 גרם,false,1,6.80,0.68,false,1,
47485,true,בולגרית 24%,תנובה -חלב,,,"לק""ג",10,ל 100 גרם,true,1,55.90,5.59,false,1,
51352,true,חלב של פעם 1 ליטר,תנובה -חלב,,,יח,1,לליטר,false,1,7.50,7.50,false,1,
51376,true,יופלה דיאט אננס ספורטיבי 0%,תנובה -חלב,,,יח,1.50,"ל 100 מ""ל",false,1,4.90,3.27,false,1,
52311,true,עמק פרוס בקופסא 15% שומן,תנובה -חלב,,,יח,2,ל 100 גרם,false,1,15.90,7.95,false,1,
52946,true,מאגדת יופלה  8 גביעים מעודן ק,תנובה -חלב,,,יח,12,ל 100 גרם,false,1,20.90,1.74,false,1,
55329,true,משקה בוקר  תות מלון,תנובה -חלב,,,יח,2.50,"ל 100 מ""ל",false,1,5.30,2.12,false,1,
55336,true,"יופלה משקה יוגורט בננה אפרסק250מ""ל תנובה",תנובה -חלב,,,יח,2.50,"ל 100 מ""ל",false,1,5.30,2.12,false,1,
55343,true,משקה בוקר טרופי,תנובה -חלב,,,יח,2.50,"ל 100 מ""ל",false,1,5.30,2.12,false,1,
55502,true,פיקדון פלסטיק או פחית,שונים,,,יח,1,,false,1,0.30,0.30,false,1,
55893,true,חמאה 200 גרם-תנובה,תנובה -חלב,,,יח,0,יח,false,1,7.88,7.88,false,1,
56760,true,"עמק  28% 400  גר` בד""צ",תנובה -חלב,,,יח,4,ל 100 גרם,false,1,26.90,6.73,false,1,
56845,true,חלב  %3קרטון  1.5  ליטר,תנובה -חלב,,,יח,1.50,לליטר,false,1,9.34,6.23,false,1,
56883,true,מארז יופלה  8  יח`בטעמים ק,תנובה -חלב,,,יח,8,למארז,false,1,28.30,3.54,false,1,
56890,true,מאגדת יופלה  8 דיאט,תנובה -חלב,,,יח,1.20,לליטר,false,1,23.90,19.92,false,1,
56906,true,מארז יופלה  8 יח`,תנובה -חלב,,,יח,8,למארז,false,1,16.90,2.11,false,1,
56951,true,"שמנת לבישול 15% באריזת 500 מ""ל",תנובה -חלב,,,יח,5,"ל 100 מ""ל",false,1,15.90,3.18,false,1,
57132,true,יוגורט  תנובה 1.5%,תנובה -חלב,,,יח,2,"ל 100 מ""ל",false,1,3.20,1.60,false,1,
57149,true,יוגורט  תנובה 3%,תנובה -חלב,,,יח,2,"ל 100 מ""ל",false,1,3.20,1.60,false,1,
57552,true,יופלה בטעם ע. גבינה,תנובה -חלב,,,יח,1.50,"ל 100 מ""ל",false,1,4.90,3.27,false,1,
58030,true,יופלה שטוזים משקה יוגורט,תנובה -חלב,,,יח,8,ל 100 גרם,false,1,19.90,2.49,false,1,
58047,true,"שמנת מתוקה 38% 500 מ""ל",תנובה -חלב,,,יח,0.50,ל 100 גרם,false,1,12.90,25.80,false,1,
58979,true,גיל טעם תות,תנובה -חלב,,,יח,1.25,"ל 100 מ""ל",false,1,1.40,1.12,false,1,
61214,true,פתיתים  קוסקוס עם בצל,קבוצת אוסם סחר שותפות מוגבלת,,,יח,5,ל 100 גרם,false,1,7.90,1.58,true,1,
61450,true,פתיתים קוסקוס 3 צבעים,קבוצת אוסם סחר שותפות מוגבלת,,,יח,5,"ל 100 מ""ל",false,1,6.90,1.38,true,1,
69609,true,.חטיפי קרקר זעתרXX,קבוצת אוסם סחר שותפות מוגבלת,,,יח,3,ל 100 גרם,false,1,11.80,3.93,false,1,
69715,true,חטיפי קרקר  מלוח,קבוצת אוסם סחר שותפות מוגבלת,,,יח,3,ל 100 גרם,false,1,10.90,3.63,false,1,
72067,true,במבה במילוי  קרם חלבה,קבוצת אוסם סחר שותפות מוגבלת,,,יח,0.60,ל 100 גרם,false,1,4.90,8.17,true,1,
74481,true,לחמית  אגוזים,קבוצת אוסם סחר שותפות מוגבלת,,,יח,1.60,ל 100 גרם,false,1,9.90,6.19,true,1,
75693,true,עוגת שמרים בריוש  שוקולד,קבוצת אוסם סחר שותפות מוגבלת,,,יח,3.60,ל 100 גרם,false,1,14.90,4.14,false,1,
76645,true,טוסטעים פת קלויה,קבוצת אוסם סחר שותפות מוגבלת,,,יח,1,ל 100 גרם,false,1,9.90,9.90,false,1,
78762,true,חטיפי פריכונים  טעם דבש,קבוצת אוסם סחר שותפות מוגבלת,,,יח,0.80,ל 100 גרם,false,1,7.90,9.88,false,1,
85173,true,פתי בר  שוקו 400ג  גטניו *,אם החיטה בעמ,,,יח,4,יח,false,1,6.90,1.73,true,1,
99917,true,ידיעות + כל הנגב.,ידיעות אחרונות בעמ,,,יח,1,,false,1,20,20,true,1,
100730,true,גבינת שמנת 30% טבעי משקל,בר בכפר בעמ,,,"לק""ג",1,"לק""ג",true,1,29.90,29.90,false,1,
103532,true,גרעיני תירס  - שמיטה,תנובה ענף ב.ע.ד,,,יח,7,ל 100 גרם,false,1,16.90,2.41,false,1,
106199,true,לקט נורמנדי סנפורסט 800 גרם,תנובה ענף ב.ע.ד,,,יח,8,ל 100 גרם,false,1,21.90,2.74,false,1,
111384,true,TELMA 12 X 550 ARMY,"יוניליוור ישראלשיווק בע""מ",,,יח,5.50,ל 100 גרם,false,6,7.90,1.44,false,1,
139234,true,שלווה 150ג חמאה דבש,אשבול בעמ,,,יח,1.50,ל 100 גרם,false,1,8.90,5.93,false,1,
139265,true,מולטי דבש,אשבול בעמ,,,יח,4.20,ל 100 גרם,false,1,8.90,2.12,false,1,
139296,true,דגני מולטי   כוכבים,אשבול בעמ,,,יח,4.20,ל 100 גרם,false,1,8.90,2.12,false,1,
139609,true,פיצפוצי אורז רגיל 375ג אשבולZZ,אשבול בעמ,,,יח,3.75,ל 100 גרם,false,1,10.90,2.91,false,1,
139968,true,טורבו חטיף דגנים  מלאים ט. נוגט,אשבול בעמ,,,יח,1.68,ל 100 גרם,false,1,11.90,7.08,false,1,
139975,true,טורבו חטיף דגנים  מלאים ט. שוקולד,אשבול בעמ,,,יח,1.68,ל 100 גרם,false,1,11.90,7.08,false,1,
144160,true,"שמן  זית מודגש 750 מ""ל עץ הזית*",סוגת תעשיות בעמ,,,יח,7.50,"ל 100 מ""ל",false,1,29.90,3.99,false,1,
155502,true,זיכוי פיקדון פלסטיק או פחית,שונים,,,יח,1,,false,1,0.30,0.30,false,1,
158105,true,שניצל דינוזאור עוף טוב,קבוצת אוסם סחר שותפות מוגבלת,,,יח,7,ל 100 גרם,false,1,34.90,4.99,true,1,
188355,true,מג  ניקול לבנה 1/6  (ג),קימברלי קלארק ישראל שיווק בעמ,,,יח,1,,false,1,12.90,12.90,false,1,
188553,true,מגני תחתון קוטקס  סליק נורמל ק,קימברלי קלארק ישראל שיווק בעמ,,,יח,1,,false,1,18.90,18.90,false,1,
189260,true,תבניות  מלבניות  ניקול 26*32*7,קימברלי קלארק ישראל שיווק בעמ,,,יח,1,,false,1,10.90,10.90,false,1,
189277,true,תבניות  מלבניות  גדולות  ניקול,קימברלי קלארק ישראל שיווק בעמ,,,יח,1,,false,1,10.90,10.90,false,1,
189482,true,תבנית אפיה מקרטון מרובעת,קימברלי קלארק ישראל שיווק בעמ,,,יח,1,,false,1,10.90,10.90,false,1,
189499,true,תבנית אפיה מקרטון  עגולה,קימברלי קלארק ישראל שיווק בעמ,,,יח,1,,false,1,10.90,10.90,false,1,
189505,true,תבנית אפיה מקרטון   אינגלייש,קימברלי קלארק ישראל שיווק בעמ,,,יח,1,,false,1,10.90,10.90,false,1,
189536,true,שקיות אשפתון 40 יח,קימברלי קלארק ישראל שיווק בעמ,,,יח,1,,false,1,21.90,21.90,false,1,
190198,true,מטליות לחות לניקוי וחיטוי,קימברלי קלארק ישראל שיווק בעמ,,,יח,1,,false,1,10.90,10.90,false,1,
191652,true,קליניקס ניילון X3,קימברלי קלארק ישראל שיווק בעמ,,,יח,1,,false,1,13.90,13.90,false,1,
193014,true,מגן תחתון אינטרו ק,קימברלי קלארק ישראל שיווק בעמ,,,יח,1,,false,1,9.90,9.90,false,1,
193083,true,נובה לי 28 אריזת ג מבו,קימברלי קלארק ישראל שיווק בעמ,,,יח,1,,false,1,9.90,9.90,false,1,
193205,true,תחבושת לילי נטורל נייט ק,קימברלי קלארק ישראל שיווק בעמ,,,יח,1,,false,1,16.90,16.90,false,1,
193540,true,לילי אינטימייט לונג,קימברלי קלארק ישראל שיווק בעמ,,,יח,1,,false,1,16.90,16.90,false,1,
193618,true,לילי אינטימייט לייט,קימברלי קלארק ישראל שיווק בעמ,,,יח,1,,false,1,16.90,16.90,false,1,
193649,true,תח  לילי אינטימט,קימברלי קלארק ישראל שיווק בעמ,,,יח,1,,false,1,16.90,16.90,false,1,
193656,true,תח  לילי איטימיי,קימברלי קלארק ישראל שיווק בעמ,,,יח,1,,false,1,16.90,16.90,false,1,
193793,true,לילי כנפיים נורמל,קימברלי קלארק ישראל שיווק בעמ,,,יח,1,,false,1,16.90,16.90,false,1,
195537,true,מגבוני האגיס רבעיה,קימברלי קלארק ישראל שיווק בעמ,,,יח,1,,false,1,19.90,19.90,false,1,
195742,true,מגבונים רביעיה מבושם,קימברלי קלארק ישראל שיווק בעמ,,,יח,1,,false,1,19.90,19.90,false,1,
197081,true,ניילונית 150מ  חסכוני,קימברלי קלארק ישראל שיווק בעמ,,,יח,1,,false,1,29.90,29.90,false,1,
197340,true,רדיד אלומניום זוג,קימברלי קלארק ישראל שיווק בעמ,,,יח,1,,false,1,19.90,19.90,false,1,
199313,true,תחבושת קוטקס יאנג,קימברלי קלארק ישראל שיווק בעמ,,,יח,1,,false,1,17.90,17.90,false,1,
201795,true,מגבוני  האגיס שלישיה,קימברלי קלארק ישראל שיווק בעמ,,,יח,1,,false,1,16.90,16.90,false,1,
204215,true,כרית יפנית שישייה ניקול,קימברלי קלארק ישראל שיווק בעמ,,,יח,1,,false,1,10.90,10.90,false,1,
204253,true,מטלית ניקול,קימברלי קלארק ישראל שיווק בעמ,,,יח,1,,false,1,10.90,10.90,false,1,
205762,true,האגיס  אקסטרא  קר מידה 3,קימברלי קלארק ישראל שיווק בעמ,,,יח,1,,false,1,54.90,54.90,false,1,
205915,true,האגיס  אקסטרא  קר,קימברלי קלארק ישראל שיווק בעמ,,,יח,1,,false,1,54.90,54.90,false,1,
220488,true,סטייק עין עטרה מיושן קפוא,נטו מלינדה סחר בעמ,,,"לק""ג",10,ל 100 גרם,true,1,64.90,6.49,false,1,
225942,true,חזה  הודו טרי ארוז מחפוד,עוף ירושלים שיווק בעמ,,,"לק""ג",1,,true,1,36.90,36.90,false,1,
225959,true,שוארמה  הודו טרי ארוז מחפוד,סגור עוף ירושלים,,,"לק""ג",1,,true,1,55.99,55.99,false,1,
225966,true,שוק  הודו טרי ארוז מחפוד.,עוף ירושלים שיווק בעמ,,,"לק""ג",1,,true,1,25.99,25.99,false,1,
227880,true,גבינה  מוצרלה,נטו מילנדה סחר בעמ*,,,"לק""ג",1,ל 100 גרם,true,1,34.90,34.90,false,1,
254250,true,כתף שוק  טלה  חלק בית יוסף,מאסטרפוד בעמ,,,"לק""ג",10,ל 100 גרם,true,1,109.90,10.99,false,1,
262413,true,האגיס  אקסטרא  קר מידה 5,קימברלי קלארק ישראל שיווק בעמ,,,יח,1,,false,1,54.90,54.90,false,1,
286228,true,סנו סושי שישיה. ק,החברה הדרומית לשיווק בעמ,,,יח,1,,false,1,10.90,10.90,false,1,
286549,true,מטלית לכל 9 בשקי. ק,החברה הדרומית לשיווק בעמ,,,יח,1,,false,1,9.90,9.90,false,1,
286761,true,פלסטיק נצמד צמד ק,החברה הדרומית לשיווק בעמ,,,יח,1,,false,1,10.90,10.90,false,1,
287376,true,בשר  מס` 8 מוזה,בלדי בעמ,,,"לק""ג",10,ל 100 גרם,true,1,51.90,5.19,false,1,
290290,true,נקניקיות מני מרגז גוליה,ג`וליה מעדני בשר בעמ,,,"לק""ג",10,ל 100 גרם,true,1,58.90,5.89,false,1,
295558,true,צמד רדיד אלומניו,החברה הדרומית לשיווק בעמ,,,יח,1,,false,1,10.90,10.90,false,1,
295565,true,צמד רדיד אלומניו,החברה הדרומית לשיווק בעמ,,,יח,1,,false,1,16.90,16.90,false,1,
295824,true,אלומ 100* מטר,החברה הדרומית לשיווק בעמ,,,יח,1,,false,1,49.90,49.90,false,1,
311272,true,halva wafers,רוקחמן בעמ,,,יח,1.80,ל 100 גרם,false,1,4.30,2.39,false,1,
311753,true,עוגיות חיטה מלאה בטעם חלבה 250 גר`מן*,רוקחמן בעמ,,,יח,2.50,ל 100 גרם,false,1,6.90,2.76,false,1,
311869,true,no sugar wafers,רוקחמן בעמ,,,יח,1.80,ל 100 גרם,false,1,6.90,3.83,false,1,
311883,true,granola chocolate cookies,רוקחמן בעמ,,,יח,3,ל 100 גרם,false,1,8.90,2.97,false,1,
311890,true,no sugar wafers,רוקחמן בעמ,,,יח,1.80,ל 100 גרם,false,1,6.90,3.83,false,1,
345435,true,פילה מרלוזה  ארגנטינאית דלידג,נטו מילנדה סחר בעמ*,,,"לק""ג",10,ל 100 גרם,true,1,32.90,3.29,false,1,
364261,true,סלסולי כתף בקר 120 גר`,תנובה ענף ב.ע.ד,,,יח,1.20,ל 100 גרם,false,1,13.90,11.58,false,1,
364278,true,סלסולי  סלמי איטלקי  120 גר`,תנובה ענף ב.ע.ד,,,יח,1.20,יח,false,1,13.90,11.58,false,1,
364292,true,סלסולי  פסטרמה  הודו  120   גר`על גחלים,תנובה ענף ב.ע.ד,,,יח,1.20,ל 100 גרם,false,1,13.90,11.58,false,1,
369341,true,לאבנה אבו גוש,גבינות עמיר ניצן בעמ,,,ל 100 גרם,10,ל 100 גרם,true,1,45,4.50,false,1,
379623,true,לחם אחיד 750,שלמה א.אנג ל בעמ,,,יח,7.50,ל 100 גרם,false,1,3.90,0.52,false,1,
379647,true,חלה  אנג`ל מרובעת,שלמה א.אנג ל בעמ,,,יח,5,ל 100 גרם,false,1,6.70,1.34,false,1,
395422,true,גבינה חריץ 22%,החברה המרכזית טלהפצת משקאות בע,,,"לק""ג",10,ל 100 גרם,true,1,42.58,4.26,false,1,
430102,true,אייס קוביות קרח.,אייס קיובס בעמ,,,יח,1,יח,false,1,8.90,8.90,false,1,
446783,true,גרנולה תפוחים 350ג BD*,בטר אנד דיפרנט בעמ,,,יח,3.50,ל 100 גרם,false,1,11.50,3.29,false,1,
462141,true,הריסא זהבי 150,שטראוס גרופ בעמ (ח),,,יח,1,,false,1,8.90,8.90,false,1,
472542,true,"עמק  חריץ  (28% פ) בד""ץ",תנובה -חלב,,,"לק""ג",10,ל 100 גרם,true,1,44.79,4.48,false,1,
481029,true,10 פיתות דגנית עין בר,דגנית עין בר תעשיות,,,יח,5,ל 100 גרם,false,1,10.90,2.18,false,1,
481531,true,10 לחמניות   אצבע חיטה מלא,דגנית עין בר תעשיות,,,יח,5,ל 100 גרם,false,1,12.90,2.58,false,1,
481612,true,גאודה עגבניות ופלפלגבינה צהובה  %28במש,מחלבות גד שיווק 1992 בעמ,,,ל 100 גרם,10,ל 100 גרם,true,1,110,11,false,1,
481883,true,10 לחמניות אצבע,דגנית עין בר תעשיות,,,יח,5,ל 100 גרם,false,1,12.90,2.58,false,1,
509910,true,פיתה  רגיל,גיא שיווק טוב,,,יח,1,,false,1,1.60,1.60,false,1,
515106,true,"סולת ב""ש 1  ק""ג*",טחנות קמח שטיבל בש בעמ,,,יח,10,ל 100 גרם,false,1,5.50,0.55,false,1,
523804,true,"מלח ים עדין 1 ק""ג  צנצנת סוגת*",סוגת תעשיות בעמ,,,יח,10,ל 100 גרם,false,1,7.90,0.79,false,1,
523811,true,"מלח ים גס 1 ק""ג צנצנת סוגת *",סוגת תעשיות בעמ,,,יח,10,ל 100 גרם,false,1,7.90,0.79,false,1,
536743,true,קריספי סטיקס  תירס זוגלובק 500 גרם,זוגלובק שיווק בעמ,,,יח,5,ל 100 גרם,false,1,19.90,3.98,true,1,
554471,true,מוצרלה נקניק טבעי,מחלבות גד שיווק 1992 בעמ,,,יח,1,,false,1,17.30,17.30,false,1,
555501,true,חיוב בקבוק בירה חוזר,טמפו משקאות בעמ,,,יח,1,,false,1,1.20,1.20,false,1,
555502,true,חיוב פיקדון פלסטיק או פחית,שונים,,,יח,1,,false,1,0.30,0.30,false,1,
555503,true,פיקדון שש בק ק,שונים,,,יח,1,,false,1,1.80,1.80,false,1,
555504,true,פיקדון רבעיה,שונים,,,יח,1,,false,1,1.20,1.20,false,1,
555519,true,חיוב פיקדון  12 יח`,טמפו משקאות בעמ,,,יח,1,,false,1,3.60,3.60,false,1,
559907,true,פיצה משפחתית 100% גבינה 550 גרם מעדנות,תנובה ענף ב.ע.ד,,,ל 100 גרם,5,ל 100 גרם,false,1,19.90,3.98,false,1,
559914,true,פיצה משפחתית זיתים 550 גרם מעדנות,תנובה ענף ב.ע.ד,,,ל 100 גרם,5.50,ל 100 גרם,false,1,19.90,3.62,false,1,
574035,true,אחיד פרוס עין בר 750,דגנית עין בר תעשיות,,,יח,7.50,ל 100 גרם,false,1,5.90,0.79,false,1,
574141,true,לחם חיטה מלאה 750 גר ק,דגנית עין בר תעשיות,,,יח,7.50,ל 100 גרם,false,1,13.90,1.85,false,1,
574172,true,"קל מחיטה מלאה דגנית,",דגנית עין בר תעשיות,,,יח,1,,false,1,14.90,14.90,false,1,
574455,true,לחם חיטה מלאה+כוסמין,דגנית עין בר תעשיות,,,יח,7.50,ל 100 גרם,false,1,14.90,1.99,false,1,
610496,true,סטייק פרגית עוף  טרי ארוז חתם סופר,עוף ירושלים שיווק בעמ,,,"לק""ג",1,,true,1,64.90,64.90,false,1,
631424,true,פרגיות עוף טרי,יהודה ניב,,,"לק""ג",1,,true,1,69.90,69.90,true,1,
632391,true,כרעיים עוף עטרה,נטו מלינדה סחר בעמ,,,"לק""ג",1,,true,1,29.90,29.90,false,1,
633800,true,כנפיים עוף עטרה,נטו מלינדה סחר בעמ,,,"לק""ג",10,ל 100 גרם,true,1,14.90,1.49,false,1,
644783,true,מנות סלמון  ממותג-תנובה,תנובה ענף ב.ע.ד,,,"לק""ג",10,ל 100 גרם,true,1,84.90,8.49,false,1,
645434,true,מנות פילה  סלמון בלי עור,ש.רוזנרס בעמ,,,"לק""ג",10,ל 100 גרם,true,1,99,9.90,false,1,
645742,true,פילה דניס,מאסטרפוד בעמ,,,"לק""ג",1,,true,1,119,119,false,1,
646114,true,כנף הודו  עטרה,נטו מלינדה סחר בעמ,,,"לק""ג",10,ל 100 גרם,true,1,16.90,1.69,false,1,
666601,true,חיוב פיקדון פלסטיק  1.5,שונים,,,יח,1,,false,1,0.30,0.30,false,1,
666604,true,חיוב פיקדון פלסטיק  1.5  רבעיה,שונים,,,יח,1,,false,1,1.20,1.20,false,1,
666606,true,חיוב פיקדון פלסטיק  1.5  שישיה,שונים,,,יח,1,,false,1,1.80,1.80,false,1,
728418,true,דנבר סטייק עגלה  טרי פרימיום,בקר תנובה -שותפות מוגבלת,,,"לק""ג",1,,true,1,110,110,false,1,
728555,true,אונטריב עגלה   טרי פרימיום,בקר תנובה -שותפות מוגבלת,,,"לק""ג",1,,true,1,69.90,69.90,false,1,
763371,true,גבינת שמנת נפוליאון 16% טבעי,תנובה -חלב,,,ל 100 גרם,10,ל 100 גרם,true,1,44.90,4.49,false,1,
822277,true,דג טונה אדומה,מאסטרפוד בעמ,,,"לק""ג",10,ל 100 גרם,true,1,69.90,6.99,false,1,
913551,true,פסטרמה כפרית 400,תנובה ענף ב.ע.ד,,,יח,1,,false,1,22.90,22.90,false,1,
990148,true,Classic Golden Sugar 1kg jar - Sugat,סוגת תעשיות בעמ,,,יח,1,"לק""ג",false,1,10.90,10.90,false,1,
1100008,true,שקד קלוי תפז  ט.קומה    *,"קליית שמש בע""מ",,,ל 100 גרם,1,,true,1,69.90,69.90,false,1,
1123775,true,שווארמה פרגיות טיבון ויל,נטו מילנדה סחר בעמ*,,,יח,5,ל 100 גרם,false,1,26.90,5.38,false,1,
1133484,true,פילה סלומון בלדי,בלדי בעמ,,,"לק""ג",10,ל 100 גרם,true,1,79.90,7.99,false,1,
1209103,true,עוף טחון עטרה 500 גרם,נטו מלינדה סחר בעמ,,,יח,1,,false,1,11.90,11.90,false,1,
1209189,true,נקניקיות עוף חריפות עטרה 400 גרם,נטו מלינדה סחר בעמ,,,יח,5,ל 100 גרם,false,1,10.90,2.18,true,1,
1209585,true,גרון עוף עטרה,נטו מלינדה סחר בעמ,,,"לק""ג",10,ל 100 גרם,true,1,7.90,0.79,false,1,
1209783,true,*סטייק מיושן עטרה/מחפוד,נטו מלינדה סחר בעמ,,,"לק""ג",1,,true,1,99,99,false,1,
1234711,true,גבינת חלומי,מחלבת פרי זה לי בעמ,,,ל 100 גרם,10,ל 100 גרם,true,1,65,6.50,false,1,
1326938,true,ספוג הפלא סנו סושי,החברה הדרומית לשיווק בעמ,,,יח,1,,false,1,10.90,10.90,false,1,
1335895,true,שיפודי כבד עגל,נתח אדום עוזי ביטון ובניו בעמ,,,יח,1,,false,1,29.90,29.90,false,1,
1552025,true,קוסקוס מוכן של אמא מטעמי פאר 800 גרם,מטעמי פאר,,,יח,8,ל 100 גרם,false,1,14.90,1.86,false,1,
1552049,true,קוסקוס מרוקאי סולטנה 800 גרם,מטעמי פאר,,,ל 100 גרם,8,ל 100 גרם,false,1,14.90,1.86,false,1,
1555501,true,בקבוק בירה  ק(זיכוי),טמפו משקאות בעמ,,,יח,1,,false,1,1.20,1.20,false,1,
1555502,true,פלס  או פחית ק(זיכוי  ),שונים,,,יח,1,,false,1,0.30,0.30,false,1,
1555543,true,ארגז מכבי גולדסטאר נשר איגל,טמפו משקאות בעמ,,,יח,1,,false,1,23.40,23.40,false,1,
1555545,true,פלסטיק קלסברג טובורג גולדסטאר,החברה המרכזית להפצת משקאות בע,,,יח,1,,false,1,23.40,23.40,false,1,
1594155,true,"קוקה קולה 500 ח""פ",החברה המרכזית להפצת משקאות בע,,,יח,5,"ל 100 מ""ל",false,1,7.90,1.52,false,1,
1594230,true,קינלי סודה קלאסי 250,החברה המרכזית להפצת משקאות בע,,,יח,2.50,"ל 100 מ""ל",false,1,3.60,1.32,true,1,
1594377,true,פריגת תפוזים 500,החברה המרכזית להפצת משקאות בע,,,יח,5,"ל 100 מ""ל",false,1,7.90,1.52,true,1,
1594384,true,פריגת אשכוליות 500,החברה המרכזית להפצת משקאות בע,,,יח,5,"ל 100 מ""ל",false,1,7.90,1.52,true,1,
1594391,true,פריגת ענבים 500,החברה המרכזית להפצת משקאות בע,,,יח,5,"ל 100 מ""ל",false,1,7.90,1.52,true,1,
1594810,true,טורבוג מאלט 330 6,החברה המרכזית להפצת משקאות בע,,,יח,15,"ל 100 מ""ל",false,1,26.90,1.67,false,1,
1594858,true,טורבוג  6בק  330,החברה המרכזית להפצת משקאות בע,,,יח,15,"ל 100 מ""ל",false,1,34.90,2.21,true,1,
1594865,true,"קרלסברג  שישייה  330 מ""ל",החברה המרכזית להפצת משקאות בע,,,יח,1.98,לליטר,false,1,34.90,16.72,true,1,
1619001,true,פפריקה מתוקה,נפטון מוצרי מזון 1990 בעמ,,,ל 100 גרם,10,ל 100 גרם,true,1,35,3.50,false,1,
1619003,true,חטיף סויה א.צ,קליית חממה א.י 2011 בעמ,,,ל 100 גרם,10,ל 100 גרם,true,1,89,8.90,false,1,
1619018,true,פפריקה חריפה,נפטון מוצרי מזון 1990 בעמ,,,"לק""ג",10,ל 100 גרם,true,1,33,3.30,false,1,
1619025,true,פפריקה  גרוסה,נפטון מוצרי מזון 1990 בעמ,,,"לק""ג",10,ל 100 גרם,true,1,35,3.50,false,1,
1619032,true,מקלות קינמון,נפטון מוצרי מזון 1990 בעמ,,,"לק""ג",10,ל 100 גרם,true,1,59,5.90,false,1,
1619056,true,כמון טחון,נפטון מוצרי מזון 1990 בעמ,,,ל 100 גרם,10,ל 100 גרם,true,1,49,4.90,false,1,
1619070,true,כורכום  טחון,נפטון מוצרי מזון 1990 בעמ,,,ל 100 גרם,10,ל 100 גרם,true,1,49,4.90,false,1,
1619094,true,אבקת שום,נפטון מוצרי מזון 1990 בעמ,,,"לק""ג",10,ל 100 גרם,true,1,69,6.90,false,1,
1619100,true,קימל טחון,נפטון מוצרי מזון 1990 בעמ,,,"לק""ג",10,ל 100 גרם,true,1,59,5.90,false,1,
1619117,true,טימין,נפטון מוצרי מזון 1990 בעמ,,,"לק""ג",10,ל 100 גרם,true,1,79,7.90,false,1,
1619148,true,פלפל אנגלי שלם,נפטון מוצרי מזון 1990 בעמ,,,"לק""ג",10,ל 100 גרם,true,1,69,6.90,false,1,
1619179,true,תבלין לעוף,נפטון מוצרי מזון 1990 בעמ,,,"לק""ג",10,ל 100 גרם,true,1,59,5.90,false,1,
1619186,true,תבלין/גריל  לדגים,נפטון מוצרי מזון 1990 בעמ,,,"לק""ג",10,ל 100 גרם,true,1,59,5.90,false,1,
1619193,true,חוויג  למרק/אפיה,נפטון מוצרי מזון 1990 בעמ,,,"לק""ג",10,ל 100 גרם,true,1,59,5.90,false,1,
1619209,true,קארי,נפטון מוצרי מזון 1990 בעמ,,,"לק""ג",10,ל 100 גרם,true,1,59,5.90,false,1,
1619216,true,זנגביל  טחון/גרוס,נפטון מוצרי מזון 1990 בעמ,,,"לק""ג",10,ל 100 גרם,true,1,59,5.90,false,1,
1619223,true,מסלת דגים,נפטון מוצרי מזון 1990 בעמ,,,"לק""ג",10,ל 100 גרם,true,1,70,7,false,1,
1619230,true,שטה טחון,נפטון מוצרי מזון 1990 בעמ,,,"לק""ג",10,ל 100 גרם,true,1,45,4.50,false,1,
1619247,true,שטה שלם,נפטון מוצרי מזון 1990 בעמ,,,"לק""ג",10,ל 100 גרם,true,1,45,4.50,false,1,
1619254,true,מלח לימון,נפטון מוצרי מזון 1990 בעמ,,,"לק""ג",10,ל 100 גרם,true,1,29,2.90,false,1,
1619261,true,פלפל לבן שלם/טחון,נפטון מוצרי מזון 1990 בעמ,,,"לק""ג",10,ל 100 גרם,true,1,119,11.90,false,1,
1619285,true,אגוז מוסקט  טחון,נפטון מוצרי מזון 1990 בעמ,,,"לק""ג",10,ל 100 גרם,true,1,149,14.90,false,1,
1619308,true,פלפל שחור טחון,נפטון מוצרי מזון 1990 בעמ,,,"לק""ג",10,ל 100 גרם,true,1,69,6.90,false,1,
1619315,true,פלפל שחור גרוס,נפטון מוצרי מזון 1990 בעמ,,,"לק""ג",10,ל 100 גרם,true,1,69,6.90,false,1,
1619322,true,תבלין לקציצות,נפטון מוצרי מזון 1990 בעמ,,,"לק""ג",10,ל 100 גרם,true,1,69,6.90,false,1,
1619346,true,אורגנו,נפטון מוצרי מזון 1990 בעמ,,,"לק""ג",10,ל 100 גרם,true,1,59,5.90,false,1,
1619353,true,עלי דפנה,נפטון מוצרי מזון 1990 בעמ,,,"לק""ג",10,ל 100 גרם,true,1,69,6.90,false,1,
1619360,true,פטרוזליה עלים,נפטון מוצרי מזון 1990 בעמ,,,"לק""ג",10,ל 100 גרם,true,1,79,7.90,false,1,
1619414,true,בזיליקום,נפטון מוצרי מזון 1990 בעמ,,,"לק""ג",10,ל 100 גרם,true,1,69,6.90,false,1,
1619421,true,שום גבישי,נפטון מוצרי מזון 1990 בעמ,,,"לק""ג",10,ל 100 גרם,true,1,79,7.90,false,1,
1619520,true,תבלין לקוסקוס,א.ל ייצור ושיווק תבלינים בעמ,,,"לק""ג",10,ל 100 גרם,true,1,59,5.90,false,1,
1619551,true,שמיר,נפטון מוצרי מזון 1990 בעמ,,,"לק""ג",10,ל 100 גרם,true,1,89,8.90,false,1,
1619599,true,תבלין על האש,נפטון מוצרי מזון 1990 בעמ,,,"לק""ג",10,ל 100 גרם,true,1,69,6.90,false,1,
1619605,true,תבלין לפיצה,נפטון מוצרי מזון 1990 בעמ,,,"לק""ג",10,ל 100 גרם,true,1,59,5.90,false,1,
1619643,true,אניס,נפטון מוצרי מזון 1990 בעמ,,,"לק""ג",10,ל 100 גרם,true,1,79,7.90,false,1,
1619667,true,זעתר  ושומשום,נפטון מוצרי מזון 1990 בעמ,,,"לק""ג",10,ל 100 גרם,true,1,59,5.90,false,1,
1619681,true,תבלין לשוארמה,נפטון מוצרי מזון 1990 בעמ,,,"לק""ג",10,ל 100 גרם,true,1,69,6.90,false,1,
1619919,true,קווקר דק,סיגמה גריינס אחזקות 2008 בעמ,,,"לק""ג",10,ל 100 גרם,true,1,8.90,0.89,false,1,
1619964,true,פרג,"א.מ.ס.ש ניהול והשקעות בע,מ",,,"לק""ג",10,ל 100 גרם,true,1,49,4.90,false,1,
1620007,true,שקד טחון,שקרצי בעמ,,,"לק""ג",10,"ל 100 ס""מ",true,1,79,7.90,false,1,
1620045,true,צימוק חום תפז*,"עדין בע""מ",,,"לק""ג",10,ל 100 גרם,true,1,25,2.50,false,1,
1620052,true,"צימוק לבן ג`מבו תפז 13.6 ק""ג*",שושן (פירות)יבשים בעמ,,,"לק""ג",10,ל 100 גרם,true,1,39,3.90,false,1,
1620069,true,משמש תפז*,שושן (פירות)יבשים בעמ,,,"לק""ג",10,ל 100 גרם,true,1,49,4.90,false,1,
1620090,true,תאנים תפז  משקל*,שושן (פירות)יבשים בעמ,,,"לק""ג",10,ל 100 גרם,true,1,45,4.50,false,1,
1620113,true,בננה ציפס תפזורת,שושן (פירות)יבשים בעמ,,,"לק""ג",10,ל 100 גרם,true,1,29,2.90,false,1,
1620120,true,אגוזי מלך מקולף*,שושן (פירות)יבשים בעמ,,,ל 100 גרם,10,ל 100 גרם,true,1,55,5.50,false,1,
1620137,true,פקאן מקולף  תפזורת*,שושן (פירות)יבשים בעמ,,,"לק""ג",10,ל 100 גרם,true,1,89,8.90,false,1,
1620144,true,שקד מקולף  אמרקאי*,שושן (פירות)יבשים בעמ,,,"לק""ג",10,ל 100 גרם,true,1,79,7.90,false,1,
1620151,true,שקד מר משמש,שושן (פירות)יבשים בעמ,,,"לק""ג",10,ל 100 גרם,true,1,49,4.90,false,1,
1620168,true,מיקס פירות אורגני,קליית חממה א.י 2011 בעמ,,,"לק""ג",10,ל 100 גרם,true,1,96,9.60,false,1,
1620199,true,בונדוק מקולף  תפז*,"עדין בע""מ",,,"לק""ג",10,ל 100 גרם,true,1,85,8.50,false,1,
1620205,true,קשיו טבעי תפז*,יוסף לוי-עסקי מזון בעמ,,,"לק""ג",10,ל 100 גרם,true,1,75,7.50,false,1,
1620212,true,צנובר במשקל,"עדין בע""מ",,,"לק""ג",10,ל 100 גרם,true,1,189,18.90,false,1,
1620229,true,חמניות מקולף  *,שקרצי בעמ,,,"לק""ג",10,ל 100 גרם,true,1,25,2.50,false,1,
1620236,true,פיסטוק מקולף תפז*,"עדין בע""מ",,,"לק""ג",10,ל 100 גרם,true,1,129,12.90,false,1,
1620243,true,שקד מולבן,"עדין בע""מ",,,"לק""ג",10,ל 100 גרם,true,1,79,7.90,false,1,
1620250,true,שומשום לבן ש.,סיגמה גריינס אחזקות 2008 בעמ,,,"לק""ג",10,ל 100 גרם,true,1,25,2.50,false,1,
1620335,true,שעועית לוביה,א.ג.מ סחר מזון בעמ,,,"לק""ג",10,ל 100 גרם,true,1,15.90,1.59,false,1,
1620373,true,חומוס ספרדי ש.,סיגמה גריינס אחזקות 2008 בעמ,,,"לק""ג",10,ל 100 גרם,true,1,19.90,1.99,false,1,
1620380,true,חיטה,א.ג.מ סחר מזון בעמ,,,ל 100 גרם,10,ל 100 גרם,true,1,7,0.70,false,1,
1620410,true,אפונה ירוקה חצאים,א.ג.מ סחר מזון בעמ,,,"לק""ג",10,ל 100 גרם,true,1,9.90,0.99,false,1,
1620458,true,תירס ש.,א.ג.מ סחר מזון בעמ,,,"לק""ג",10,ל 100 גרם,true,1,9,0.90,false,1,
1620465,true,תירס שבור ש.,א.ג.מ סחר מזון בעמ,,,"לק""ג",10,ל 100 גרם,true,1,8,0.80,false,1,
1620472,true,חמניה במלח  קלוי,קליית חממה א.י 2011 בעמ,,,ל 100 גרם,10,ל 100 גרם,true,1,27,2.70,false,1,
1620489,true,תערובת לאורז  מרקש.,נפטון מוצרי מזון 1990 בעמ,,,"לק""ג",10,ל 100 גרם,true,1,79,7.90,false,1,
1620502,true,גרעיני אבטיח קלוי,קליית חממה א.י 2011 בעמ,,,ל 100 גרם,10,ל 100 גרם,true,1,59,5.90,false,1,
1620519,true,גרעיני דלעת קלוי,קליית חממה א.י 2011 בעמ,,,"לק""ג",10,ל 100 גרם,true,1,49,4.90,false,1,
1620526,true,"קשיו ג`מבו (10  ק""ג)*",קליית חממה א.י 2011 בעמ,,,"לק""ג",10,ל 100 גרם,true,1,89,8.90,false,1,
1620533,true,שקד אמריקאי קלוי,קליית חממה א.י 2011 בעמ,,,"לק""ג",10,ל 100 גרם,true,1,89,8.90,false,1,
1620540,true,פיסטוק  חלבי,קליית חממה א.י 2011 בעמ,,,"לק""ג",10,ל 100 גרם,true,1,89,8.90,false,1,
1620564,true,בוטנים  ענק קלוי,קליית חממה א.י 2011 בעמ,,,"לק""ג",10,ל 100 גרם,true,1,39,3.90,false,1,
1620588,true,אלמנדוס,שקרצי בעמ,,,ל 100 גרם,10,ל 100 גרם,true,1,39,3.90,false,1,
1620595,true,פול ענק מטוגן,קליית חממה א.י 2011 בעמ,,,"לק""ג",10,ל 100 גרם,true,1,45,4.50,false,1,
1620618,true,רבונדוק קלוי,קליית חממה א.י 2011 בעמ,,,"לק""ג",10,ל 100 גרם,true,1,79,7.90,false,1,
1620649,true,פקאן מסוכר*,מדגן בעמ,,,"לק""ג",10,ל 100 גרם,true,1,90,9,false,1,
1620663,true,בוטנים מסוכרים,קליית חממה א.י 2011 בעמ,,,"לק""ג",10,ל 100 גרם,true,1,39,3.90,false,1,
1620670,true,קשיו מסוכר,קליית חממה א.י 2011 בעמ,,,"לק""ג",10,ל 100 גרם,true,1,109,10.90,false,1,
1620700,true,תבלין למעורב ירושלמי,נפטון מוצרי מזון 1990 בעמ,,,"לק""ג",10,ל 100 גרם,true,1,59,5.90,false,1,
1620717,true,תירס מטוגן.,סיגמה גריינס אחזקות 2008 בעמ,,,"לק""ג",10,ל 100 גרם,true,1,49,4.90,false,1,
1620731,true,קבוקים,שקרצי בעמ,,,ל 100 גרם,10,ל 100 גרם,true,1,29.90,2.99,false,1,
1620748,true,מיקס תאילנדי,קליית חממה א.י 2011 בעמ,,,"לק""ג",10,ל 100 גרם,true,1,70,7,false,1,
1620762,true,בוטנים בקליפה קלוי,קליית חממה א.י 2011 בעמ,,,"לק""ג",10,ל 100 גרם,true,1,24,2.40,false,1,
1620779,true,שבבי  בוטנים*,שקרצי בעמ,,,"לק""ג",10,ל 100 גרם,true,1,32,3.20,false,1,
1620793,true,פקאן בקליפה,קליית חממה א.י 2011 בעמ,,,"לק""ג",10,ל 100 גרם,true,1,89,8.90,false,1,
1620816,true,גרעיני דלעת מקולף*,"עדין בע""מ",,,"לק""ג",10,ל 100 גרם,true,1,50,5,false,1,
1620854,true,תערובת טוסקנה,נפטון מוצרי מזון 1990 בעמ,,,"לק""ג",10,ל 100 גרם,true,1,79,7.90,false,1,
1620861,true,רביולי  קלוי,קליית חממה א.י 2011 בעמ,,,"לק""ג",10,ל 100 גרם,true,1,69,6.90,false,1,
1620878,true,אפונה קלויה,קליית חממה א.י 2011 בעמ,,,"לק""ג",10,ל 100 גרם,true,1,40,4,false,1,
1620915,true,סוכריות תפז  ש,אליאס וקסמן בע,,,"לק""ג",10,ל 100 גרם,true,1,19.90,1.99,false,1,
1621004,true,גרעיני טלזה,קליית חממה א.י 2011 בעמ,,,"לק""ג",10,ל 100 גרם,true,1,49,4.90,false,1,
1621172,true,אננס טבעי  תפזורת*,"עדין בע""מ",,,"לק""ג",10,ל 100 גרם,true,1,69,6.90,false,1,
1621189,true,תבלין לפרגיות,נפטון מוצרי מזון 1990 בעמ,,,"לק""ג",10,ל 100 גרם,true,1,59,5.90,false,1,
1621257,true,חטיפים מתוקים,טופ מתוק ו.ק בעמ,,,"לק""ג",10,ל 100 גרם,true,1,29,2.90,false,1,
1621288,true,שטה גרוס צ לי,נפטון מוצרי מזון 1990 בעמ,,,"לק""ג",10,ל 100 גרם,true,1,45,4.50,false,1,
1621301,true,כוסברה עלים,נפטון מוצרי מזון 1990 בעמ,,,"לק""ג",10,ל 100 גרם,true,1,99,9.90,false,1,
1621349,true,בוטנים מקולף טבעי חצוי,שקרצי בעמ,,,"לק""ג",10,ל 100 גרם,true,1,27,2.70,false,1,
1621370,true,מנצ ס  קלוי,קליית חממה א.י 2011 בעמ,,,"לק""ג",10,ל 100 גרם,true,1,59,5.90,false,1,
1621424,true,קוואקר עבה,חממה מאיר סחר {1996} בעמ,,,"לק""ג",1,,true,1,8.90,8.90,false,1,
1621509,true,תפוז סיני  מסוכר,שושן (פירות)יבשים בעמ,,,"לק""ג",10,ל 100 גרם,true,1,35,3.50,false,1,
1621615,true,פקאן מקולף קלוי,קליית חממה א.י 2011 בעמ,,,"לק""ג",10,"לק""ג",true,1,109,10.90,false,1,
1621622,true,מקדמיה מסוכר,קליית חממה א.י 2011 בעמ,,,"לק""ג",10,ל 100 גרם,true,1,139,13.90,false,1,
1621677,true,אגוז ברזיל תפזורת  *,"עדין בע""מ",,,"לק""ג",10,ל 100 גרם,true,1,89,8.90,false,1,
1621707,true,חמוציות ללא סוכר*,"עדין בע""מ",,,"לק""ג",10,ל 100 גרם,true,1,59,5.90,false,1,
1621738,true,קראנץ,שקרצי בעמ,,,"לק""ג",10,ל 100 גרם,true,1,45,4.50,false,1,
1621745,true,מיסי  קראנץ,קליית חממה א.י 2011 בעמ,,,"לק""ג",10,ל 100 גרם,true,1,69,6.90,false,1,
1621752,true,פילדלפיה גריל אמרקאי,נפטון מוצרי מזון 1990 בעמ,,,"לק""ג",10,ל 100 גרם,true,1,59,5.90,false,1,
1621783,true,פול שבור ש.,סיגמה גריינס אחזקות 2008 בעמ,,,"לק""ג",10,ל 100 גרם,true,1,8,0.80,false,1,
1622018,true,סוכריות גומי משקל,אליאס וקסמן בע,,,ל 100 גרם,10,ל 100 גרם,true,1,35.90,3.59,false,1,
1622032,true,סוכריות גומי במשקל,טופ סוויט בעמ,,,"לק""ג",10,ל 100 גרם,true,1,36,3.60,false,1,
1622155,true,ריזוטו קלוי,קליית חממה א.י 2011 בעמ,,,"לק""ג",10,ל 100 גרם,true,1,69,6.90,false,1,
1622162,true,חומוס קלוי,קליית חממה א.י 2011 בעמ,,,"לק""ג",10,ל 100 גרם,true,1,39,3.90,false,1,
1622186,true,"שוקולדים מובחרים בד""ץ",ק.א שוקולד בעמ,,,"לק""ג",10,ל 100 גרם,true,1,69,6.90,false,1,
1622223,true,תבלין לחמין,נפטון מוצרי מזון 1990 בעמ,,,"לק""ג",10,ל 100 גרם,true,1,59,5.90,false,1,
1622300,true,פלפל חריף  אדום יבש,עמוס אזרד,,,"לק""ג",10,ל 100 גרם,true,1,36,3.60,false,1,
1622305,true,פיסטוק  קטן,קליית חממה א.י 2011 בעמ,,,"לק""ג",10,ל 100 גרם,true,1,89,8.90,false,1,
1622309,true,פקאן  חלבה,קליית חממה א.י 2011 בעמ,,,"לק""ג",10,ל 100 גרם,true,1,90,9,false,1,
1622353,true,זנגביל מסוכר  תפז*,שושן (פירות)יבשים בעמ,,,"לק""ג",10,ל 100 גרם,true,1,49,4.90,false,1,
1622360,true,מקדמיה טבעי,א.ג.מ סחר מזון בעמ,,,"לק""ג",10,ל 100 גרם,true,1,129,12.90,false,1,
1622513,true,צילי מתוק,נפטון מוצרי מזון 1990 בעמ,,,"לק""ג",10,ל 100 גרם,true,1,49,4.90,false,1,
1622605,true,זרעי צי`ה,א.ג.מ סחר מזון בעמ,,,"לק""ג",10,ל 100 גרם,true,1,39,3.90,false,1,
1622629,true,חמוציות  תפז משקל*,שושן (פירות)יבשים בעמ,,,ל 100 גרם,10,ל 100 גרם,true,1,35,3.50,false,1,
1622742,true,תערובת ירוקה לסלט,נפטון מוצרי מזון 1990 בעמ,,,"לק""ג",10,ל 100 גרם,true,1,79,7.90,false,1,
1622759,true,מקדמיה תפז,קליית חממה א.י 2011 בעמ,,,"לק""ג",10,ל 100 גרם,true,1,169,16.90,false,1,
1622773,true,שזיף תפז עם חרצן  משקל,שושן (פירות)יבשים בעמ,,,"לק""ג",10,ל 100 גרם,true,1,35,3.50,false,1,
1622865,true,תיבולים  לשניצל,נפטון מוצרי מזון 1990 בעמ,,,"לק""ג",10,ל 100 גרם,true,1,19,1.90,false,1,
1622872,true,פלפל אדום יבש,עמוס אזרד,,,יח,10,ל 100 גרם,true,1,36,3.60,false,1,
1622889,true,פלפל מתוק  אדום יבש,עמוס אזרד,,,"לק""ג",10,ל 100 גרם,true,1,36,3.60,false,1,
1622896,true,אגוז מלך בקליפה*,שושן (פירות)יבשים בעמ,,,ל 100 גרם,10,ל 100 גרם,true,1,29,2.90,false,1,
1622940,true,שקד בקליפה תפזורת  במשקל*,שושן (פירות)יבשים בעמ,,,ל 100 גרם,10,ל 100 גרם,true,1,49,4.90,false,1,
1622957,true,תמר דקל נור תפז*.,שושן (פירות)יבשים בעמ,,,"לק""ג",10,ל 100 גרם,true,1,23.90,2.39,false,1,
1622971,true,תמר מג`הול תפז*,שושן (פירות)יבשים בעמ,,,"לק""ג",10,ל 100 גרם,true,1,39.90,3.99,false,1,
1622995,true,שזיף תפז בלי  חרצן*,שושן (פירות)יבשים בעמ,,,ל 100 גרם,10,ל 100 גרם,true,1,45,4.50,false,1,
1713907,true,אקונומיקה ג`ל BLANCO 4  ל` מוריץ*,קומפלקס בעמ,,,יח,1,,false,1,10.90,10.90,false,1,
1737477,true,.סטיק עין טרי ע.מ,עוף ירושלים שיווק בעמ,,,"לק""ג",10,ל 100 גרם,true,1,139,13.90,false,1,
1849354,true,נקניקיות  מרגז חריפות,חוג הבשרים של קורקבדוס בעמ,,,"לק""ג",0,"לק""ג",true,1,64.90,64.90,false,1,
1859483,true,שוארמה טרי מחפוד עטרה,עוף ירושלים שיווק בעמ,,,"לק""ג",1,,true,1,74.90,74.90,false,1,
1859803,true,שוק הודו טרי מחפוד,עוף עוז שיווק בעמ,,,"לק""ג",1,,true,1,31.90,31.90,false,1,
1893012,true,דג סלמון נתחים ואקום מאסטר פוד,מאסטרפוד בעמ,,,"לק""ג",10,ל 100 גרם,true,1,79.90,7.99,false,1,
1985007,true,שלגון מצופה שוקו שוקו,"גלידת שטראוס בע""מ",,,יח,1,,false,1,5.30,5.30,true,1,
2008156,true,עטרות לעוגה מס 5    הנמל*,הנמל אריזות ושווק בעמ,,,יח,1,,false,1,5.90,5.90,false,1,
2015154,true,Cucumbers in brine 7-9 a2 20%+,קבוצת יבנה מוצרי מזון,,,יח,5.60,ל 100 גרם,false,1,5.90,1.05,false,1,
2015321,true,green olives 15-17 a2,קבוצת יבנה מוצרי מזון,,,יח,5.60,ל 100 גרם,false,1,6.50,1.16,false,1,
2065616,true,לחם שיפון גרעינים,שלמה א.אנג ל בעמ,,,יח,7.50,ל 100 גרם,false,1,13.90,1.85,false,1,
2077268,true,מיני קציצות דג לבישול דלידג,נטו מילנדה סחר בעמ*,,,יח,5,ל 100 גרם,false,1,21.90,4.38,false,1,
2077725,true,סלמון נוררוגי מצונן 100 גר`,נטו מילנדה סחר בעמ*,,,יח,1,ל 100 גרם,false,1,19.90,19.90,false,1,
2105220,true,בשר מס` 8  מחפוד קפוא,עוף ירושלים שיווק בעמ,,,"לק""ג",10,ל 100 גרם,true,1,54.90,5.49,false,1,
2105442,true,בשר  ראש  בקר מחפוד,עוף ירושלים שיווק בעמ,,,"לק""ג",10,ל 100 גרם,true,1,99.90,9.99,false,1,
2105503,true,המבורגר מזרחי מחפוד  500 גרם,עוף ירושלים שיווק בעמ,,,יח,5,"ל 100 מ""ל",false,1,18.90,3.78,true,1,
2105510,true,קבב מזרחי 500 מחפוד,עוף ירושלים שיווק בעמ,,,יח,5,"ל 100 מ""ל",false,1,18.90,3.78,true,1,
2105527,true,גולש עגל 800 מחפוד,עוף ירושלים שיווק בעמ,,,יח,8,ל 100 גרם,false,1,44.90,5.61,true,1,
2105671,true,טחון  עוף  500 גר`,עוף ירושלים שיווק בעמ,,,יח,5,ל 100 גרם,false,1,12.90,2.58,false,1,
2105756,true,"טחון בקר  1 ק""ג מחפוד",עוף ירושלים שיווק בעמ,,,יח,10,ל 100 גרם,false,1,34.90,3.49,false,1,
2107101,true,ברינזה מעודנת,החברה המרכזית טלהפצת משקאות בע,,,"לק""ג",1,,true,1,57.90,57.90,false,1,
2107743,true,צפתית  מעודנת 5%,החברה המרכזית טלהפצת משקאות בע,,,ל 100 גרם,10,"לק""ג",true,1,49,4.90,false,1,
2109372,true,בורקס פילו  בולגרית 700 גרם שלושת האופ,נטו מילנדה סחר בעמ*,,,יח,7,ל 100 גרם,false,1,19.90,2.84,true,1,
2109426,true,"גבינה טעם טוב פיקנטי  עד""ח",נטו מילנדה סחר בעמ*,,,יח,1.20,ל 100 גרם,false,1,12.90,10.75,false,1,
2129479,true,פיצה איטלקית דקה שלושת האופים 320 גרם,נטו מילנדה סחר בעמ*,,,יח,3.20,ל 100 גרם,false,1,13.90,4.34,true,1,
2129486,true,פיצה  איטלקית דקה שלושת האופים,נטו מילנדה סחר בעמ*,,,יח,3.40,ל 100 גרם,false,1,14.90,4.38,true,1,
2131748,true,קשתית בקר צרכני עטרה,נטו מלינדה סחר בעמ,,,"לק""ג",10,ל 100 גרם,true,1,62.90,6.29,true,1,
2139225,true,סטיק סינטה עגל טרי חלק מחפוד,נטו מלינדה סחר בעמ,,,"לק""ג",1,,true,1,139,139,false,1,
2225942,true,חזה  הודו טרי ארוז מחפוד,עוף ירושלים שיווק בעמ,,,"לק""ג",1,,true,1,37.90,37.90,false,1,
2225959,true,שוארמה  הודו טרי ארוז מחפוד.,עוף ירושלים שיווק בעמ,,,"לק""ג",1,,true,1,74.90,74.90,false,1,
2225973,true,גרונות הודו טרי ארוז מחפוד,עוף ירושלים שיווק בעמ,,,"לק""ג",1,,true,1,36.90,36.90,false,1,
2225980,true,כנף הודו טרי מחפוד ארוז,עוף ירושלים שיווק בעמ,,,"לק""ג",1,,true,1,18.99,18.99,false,1,
2239185,true,800 Pea expired - Pry Galilee,ויטה-פרי גליל (החדשה) בעמ,,,יח,8,ל 100 גרם,false,1,9.90,1.24,false,1,
2239215,true,Peas and carrots 800 expired - Pry Galil,ויטה-פרי גליל (החדשה) בעמ,,,יח,5,ל 100 גרם,false,1,9.90,1.98,false,1,
2239277,true,C .gmdi 800 expired - Pry Galilee,ויטה-פרי גליל (החדשה) בעמ,,,יח,8,ל 100 גרם,false,1,8.90,1.11,false,1,
2239307,true,800 Yellow hours expired - Pry Galilee,ויטה-פרי גליל (החדשה) בעמ,,,יח,8,ל 100 גרם,false,1,9.90,1.24,false,1,
2239369,true,Complete 800 hours expired - Pry Galilee,ויטה-פרי גליל (החדשה) בעמ,,,יח,8,ל 100 גרם,false,1,9.90,1.24,false,1,
2239420,true,Corn 800 expired - Pry Galilee,ויטה-פרי גליל (החדשה) בעמ,,,יח,8,ל 100 גרם,false,1,9.90,1.24,false,1,
2253006,true,שום כתוש  טרי*דורות,קבוצת אוסם סחר שותפות מוגבלת,,,יח,2,ל 100 גרם,false,1,15.90,7.95,false,1,
2253105,true,קוביות שום דורות,קבוצת אוסם סחר שותפות מוגבלת,,,יח,0.80,ל 100 גרם,false,1,12.90,16.13,false,1,
2255024,true,אגרול בדץ,חטיפי אלקיים בעמ,,,יח,8,ל 100 גרם,false,1,21.90,2.74,false,1,
2255031,true,סיגרים בשר חטיפון,חטיפי אלקיים בעמ,,,יח,8,ל 100 גרם,false,1,21.90,2.74,false,1,
2255048,true,קובה למרק אלקיים,חטיפי אלקיים בעמ,,,יח,8,ל 100 גרם,false,1,28.90,3.61,false,1,
2255055,true,פלאפל אלקיים,חטיפי אלקיים בעמ,,,יח,8,ל 100 גרם,false,1,12.90,1.61,false,1,
2255130,true,"סיגר תפו""א 800",חטיפי אלקיים בעמ,,,יח,8,ל 100 גרם,false,1,18.90,2.36,false,1,
2255215,true,עלים לסיגרים 500,חטיפי אלקיים בעמ,,,יח,5,ל 100 גרם,false,1,10.90,2.18,false,1,
2278528,true,כרית שבת כלין 2 יח*,פלסטו פוליש (ברקן)בעמ,,,יח,2,יח,false,1,7.90,3.95,false,1,
2298427,true,שריר מס` 8 קפוא מחפוד,עוף ירושלים שיווק בעמ,,,"לק""ג",1,"לק""ג",true,1,54.90,54.90,false,1,
2316084,true,דינמו  *4,אחים וייס י.ש.י.ייצור ושווק בע,,,יח,1,,false,1,12.90,12.90,false,1,
2316916,true,קליפסו לונג ירכו,אחים וייס י.ש.י.ייצור ושווק בע,,,יח,1,,false,1,26.90,26.90,false,1,
2327028,true,ג חנון תמני  650 גרם שלושת האופים.,נטו מילנדה סחר בעמ*,,,יח,6.50,ל 100 גרם,false,1,18.90,2.91,true,1,
2327042,true,"בורקס תפו""א 800 גרם שלושת האופים",נטו מילנדה סחר בעמ*,,,יח,8,ל 100 גרם,false,1,17.90,2.24,true,1,
2327059,true,"בצק עלים מרודד 1 ק""ג שלושת האופים",נטו מילנדה סחר בעמ*,,,יח,10,"לק""ג",false,1,18.90,1.89,true,1,
2327066,true,קונכיות בצק שלושת האופים 625 גרם,נטו מילנדה סחר בעמ*,,,יח,5,ל 100 גרם,false,1,19.90,3.98,true,1,
2327073,true,בורקס גבינה שלושת האופים 800 גרם,נטו מילנדה סחר בעמ*,,,יח,8,ל 100 גרם,false,1,19.90,2.49,true,1,
2331018,true,מים קטן כללי,החברה המרכזית להפצת משקאות בע,,,יח,5,"ל 100 מ""ל",false,1,4.90,0.92,false,1,
2331360,true,נביעות  6טריק 500,החברה המרכזית להפצת משקאות בע,,,יח,30,"ל 100 מ""ל",false,1,13.90,0.40,false,1,
2371854,true,"נקנקיות חריפות 1 ק""ג",תנובה ענף ב.ע.ד,,,יח,1,"לק""ג",false,1,24.90,24.90,false,1,
2385448,true,בולגרית מעודנת  5% מהדרין,מחלבות גד שיווק 1992 בעמ,,,"לק""ג",10,ל 100 גרם,true,1,54.90,5.49,false,1,
2385462,true,צפתית  פרח  במים  5%  מהדרין,מחלבות גד (חסום),,,"לק""ג",10,ל 100 גרם,true,1,61,6.10,false,1,
2385509,true,שמנת שום שמיר 30% מהדרין,מחלבות גד שיווק 1992 בעמ,,,"לק""ג",10,ל 100 גרם,true,1,43.90,4.39,false,1,
2409014,true,גחנון אפוי ציפור השרון 600 גרם,שיווק מזון רדמי אבישי,,,יח,6,ל 100 גרם,false,1,17.90,2.98,false,1,
2409038,true,בורקס גבינה ציפור השרון 800 גרם,שיווק מזון רדמי אבישי,,,יח,8,ל 100 גרם,false,1,18.50,2.31,false,1,
2409045,true,"בורקס תפו""א ציפור השרון 800 גרם",שיווק מזון רדמי אבישי,,,יח,8,ל 100 גרם,false,1,15.90,1.99,false,1,
2409076,true,גחנון בצק ציפור השרון 800 גרם,שיווק מזון רדמי אבישי,,,יח,8,ל 100 גרם,false,1,14.90,1.86,false,1,
2409106,true,בורקס פיצה ציפור השרון,שיווק מזון רדמי אבישי,,,יח,8,ל 100 גרם,false,1,21.90,2.74,false,1,
2409175,true,"בצק עלים צרפתי מרודד 1 ק""ג ציפור השרון",שיווק מזון רדמי אבישי,,,יח,1,"לק""ג",false,1,14.50,14.50,false,1,
2409274,true,מלווח ציפור השרו,שיווק מזון רדמי אבישי,,,יח,7.50,ל 100 גרם,false,1,14.90,1.99,false,1,
2409304,true,נקניקיות בבצק,שיווק מזון רדמי אבישי,,,יח,6,ל 100 גרם,false,1,20.90,3.48,false,1,
2439226,true,רולדת ריבת חלב,נטו מילנדה סחר בעמ*,,,יח,4.50,ל 100 גרם,false,1,34.90,7.76,false,1,
2439240,true,פס גבינה אפויה,נטו מילנדה סחר בעמ*,,,יח,5.50,ל 100 גרם,false,1,34.90,6.35,false,1,
2507451,true,ק. דג סלמון לבישול 750 דלידג,נטו מילנדה סחר בעמ*,,,יח,7.50,ל 100 גרם,false,1,28.90,3.85,false,1,
2507604,true,פיצה השף  מאיטליה השף שגב 320 גרם,נטו מילנדה סחר בעמ*,,,יח,3.20,ל 100 גרם,false,1,16.90,5.28,true,1,
2511229,true,גבינת בולגרית    חלקה,מחלבת המושבה בעמ,,,ל 100 גרם,10,ל 100 גרם,true,1,44.90,4.49,true,1,
2511236,true,גבינת בולגרית    חלקה,מחלבת המושבה בעמ,,,ל 100 גרם,10,ל 100 גרם,true,1,44.90,4.49,true,1,
2511250,true,גבינת שמנת שום שמיר 30%,מחלבת המושבה בעמ,,,ל 100 גרם,10,ל 100 גרם,true,1,39.90,3.99,true,1,
2511496,true,גבינת בולגרית  קוביות% /5,מחלבת המושבה בעמ,,,ל 100 גרם,10,ל 100 גרם,true,1,49.90,4.99,false,1,
2511571,true,מוצרלה בלוק,מחלבת המושבה בעמ,,,ל 100 גרם,10,ל 100 גרם,true,1,69.90,6.99,false,1,
2512004,true,900 g Tsanany Malawach - Tsanany,א.ג בחירה חכמה בעמ,,,יח,9,ל 100 גרם,false,1,19.90,2.21,false,1,
2512011,true,Ghnon Tsanany 900 g - Tsanany,א.ג בחירה חכמה בעמ,,,יח,9,ל 100 גרם,false,1,19.90,2.21,false,1,
2567004,true,סטייק  פרגיות  קורקבדוס,חוג הבשרים של קורקבדוס בעמ,,,"לק""ג",1,,true,1,74.90,74.90,false,1,
2567240,true,נתח קצבים,חוג הבשרים של קורקבדוס בעמ,,,"לק""ג",1,,true,1,109,109,false,1,
2567721,true,מוח מוכשר,חוג הבשרים של קורקבדוס בעמ,,,"לק""ג",10,יח,true,1,139,13.90,false,1,
2567745,true,קבב מזרחי  חוג הבשרים,חוג הבשרים של קורקבדוס בעמ,,,"לק""ג",10,ל 100 גרם,true,1,59.90,5.99,false,1,
2579496,true,7day memorial candle,חביב את פרנק בעמ (לוגיסטי ),,,יח,1,יח,false,1,4.50,4.50,false,1,
2579533,true,.קיסמי אוזניים מעץ 80יח  חביב*,חביב את פרנק בעמ (לוגיסטי ),,,יח,1,,false,1,1.50,1.50,false,1,
2579731,true,7day memorial candle,חביב את פרנק בעמ (לוגיסטי ),,,יח,1,יח,false,1,9.90,9.90,true,1,
2657408,true,טונה פוסידון בשמן 960ג,נטו מילנדה סחר בעמ*,,,יח,9.60,ל 100 גרם,false,1,29.90,3.11,false,1,
2674238,true,אקווה  פרש מנטה  מרענן,גורי ע.ע.ע בעמ,,,יח,1,,false,1,8.90,8.90,false,1,
2692768,true,תרסיס שמן קנולה מופחת קלוריות*,סוגת תעשיות בעמ,,,יח,2,ל 100 גרם,false,1,15.90,7.95,true,1,
2692782,true,תרסיס שמן זית מופחת קלוריות*,סוגת תעשיות בעמ,,,יח,2,ל 100 גרם,false,1,15.90,7.95,true,1,
2732693,true,טרופית בודד עם פקק,שונים,,,יח,1,,false,1,1.50,1.50,false,1,
2739685,true,נקניקיות  מרגז עטרה 400 גרם,נטו מלינדה סחר בעמ,,,יח,4,ל 100 גרם,false,1,23.90,5.98,false,1,
2757139,true,מלווח שלושת האופים 700 גרם,נטו מילנדה סחר בעמ*,,,יח,7,"ל 100 מ""ל",false,1,14.90,2.13,true,1,
2757511,true,ק. דג לבישול 750 ק דלידג,נטו מילנדה סחר בעמ*,,,ל 100 גרם,7.50,ל 100 גרם,false,1,30.90,4.12,false,1,
2757665,true,קבב מזרחי 400 גרם הסידרה האדומה,נטו מילנדה סחר בעמ*,,,יח,4,ל 100 גרם,false,1,11.90,2.98,false,1,
2757733,true,"ג`חנון תימני 650 גרם""מהדרין  קהילות""",נטו מילנדה סחר בעמ*,,,יח,6.50,ל 100 גרם,false,1,11.90,1.83,false,1,
2757740,true,"בורקס תפו""א  700  ג`"" מהדרין קהילות""",נטו מילנדה סחר בעמ*,,,יח,10,ל 100 גרם,false,1,13.90,1.39,false,1,
2757757,true,"מלווח  700 גר`""מהדרין  קהילות""",נטו מילנדה סחר בעמ*,,,יח,7,ל 100 גרם,false,1,12.90,1.84,false,1,
2775768,true,עוגת טורט קצפת שוקולד ריצ`,נטו מילנדה סחר בעמ*,,,יח,10,ל 100 גרם,false,1,59.90,5.99,false,1,
2775775,true,עוגת טורט  ריבת חלב עם קוקוס ריצ`,נטו מילנדה סחר בעמ*,,,יח,10,ל 100 גרם,false,1,59.90,5.99,false,1,
2775782,true,עוגת טורט   מצופה  שוקולד  ריצ`,נטו מילנדה סחר בעמ*,,,יח,10,ל 100 גרם,false,1,59.90,5.99,false,1,
2775898,true,עוגת  מוס  בלגי    ריצ,נטו מילנדה סחר בעמ*,,,יח,8.50,ל 100 גרם,false,1,59.90,7.05,false,1,
2787884,true,"מקלות בורקס פילו תפו""א",נטו מילנדה סחר בעמ*,,,יח,6.50,ל 100 גרם,false,1,19.90,3.06,true,1,
2827306,true,נקנקיות עוף עוף ירושלים 400 גרם,עוף ירושלים שיווק בעמ,,,יח,4,ל 100 גרם,false,1,11.90,2.98,true,1,
2827337,true,"נקנקיות עוף פיקנטי ""עוף ירושלים"" 400 גרם",עוף ירושלים שיווק בעמ,,,יח,4,ל 100 גרם,false,1,11.90,2.98,true,1,
2830184,true,פילה לברק נטו,נטו מילנדה סחר בעמ*,,,"לק""ג",10,ל 100 גרם,true,1,59.90,5.99,false,1,
2871361,true,בירה קרלסברג 500,החברה המרכזית להפצת משקאות בע,,,יח,5,"ל 100 מ""ל",false,1,7.30,1.22,false,1,
2909880,true,פולי סויה  אדממה בלדי 400 גרם,בלדי בעמ,,,יח,4,ל 100 גרם,false,1,7.90,1.98,false,1,
2920366,true,כדורי לבנה מעדניה,מחלבות גד שיווק 1992 בעמ,,,ל 100 גרם,10,ל 100 גרם,true,1,149,14.90,false,1,
2922865,true,קבב מזרחי טאק טורו{בית   יוסף} 500 גרם,נטו מלינדה סחר בעמ,,,יח,5,ל 100 גרם,false,1,15.90,3.18,false,1,
2929512,true,כדורי פלאפל 500 גרם,נטו מילנדה סחר בעמ*,,,יח,6,ל 100 גרם,false,1,12.90,2.15,false,1,
2929536,true,קובה למרק   600 גר`,נטו מילנדה סחר בעמ*,,,יח,6,ל 100 גרם,false,1,12.90,2.15,false,1,
2929642,true,טונה ויליגר 4  יח`140ג,נטו מילנדה סחר בעמ*,,,יח,4,למארז,false,1,19.90,4.98,false,1,
2939498,true,בשר מס  8 עטרה קפוא,נטו מלינדה סחר בעמ,,,"לק""ג",10,ל 100 גרם,true,1,49.90,4.99,false,1,
2939504,true,בשר מס  10 עטרה,נטו מלינדה סחר בעמ,,,"לק""ג",1,,true,1,39.90,39.90,true,1,
2939511,true,רגל בקר פרוס עטרה,נטו מלינדה סחר בעמ,,,"לק""ג",10,ל 100 גרם,true,1,34.90,3.49,false,1,
2971191,true,"קמח חיטה שפם 1ק""ג *",טחנות קמח שטיבל בש בעמ,,,יח,10,ל 100 גרם,false,1,3.90,0.39,true,1,
2973669,true,"קמח לחם ללא צורך בניפוי 1  ק""ג*",טחנות קמח שטיבל בש בעמ,,,יח,10,ל 100 גרם,false,1,7.50,0.75,false,1,
3006021,true,סלט קוביות מעדן פטה,גבינות עמיר ניצן בעמ,,,ל 100 גרם,10,ל 100 גרם,true,1,70,7,false,1,
3031702,true,"נקניק הודו 1 ק""ג הרב מחפו",תנובה ענף ב.ע.ד,,,יח,1,"לק""ג",false,1,25.90,25.90,false,1,
3031788,true,פסטרמה +סלמי 800,תנובה ענף ב.ע.ד,,,יח,8,יח,false,1,28.90,3.61,false,1,
3069590,true,דג סול דלידג,נטו מילנדה סחר בעמ*,,,יח,10,ל 100 גרם,false,1,34.90,3.49,false,1,
3069682,true,בצק פיאלס 500 גרם שלושת האופים,נטו מילנדה סחר בעמ*,,,יח,5,ל 100 גרם,false,1,18.90,3.78,true,1,
3102587,true,מברשת לבקבוק,אינטרסן )1996(בעמ,,,יח,1,,false,1,5.90,5.90,false,1,
3107353,true,משפר אפיה ביתי 30ג בדץ  דגן*,טחנות קמח דגן {2006}בעמ,,,יח,0.30,ל 100 גרם,false,1,5.90,19.67,false,1,
3120475,true,בירה מאלטי  שחורה,החברה המרכזית להפצת משקאות בע,,,יח,5,"ל 100 מ""ל",false,1,3.80,0.52,false,1,
3189045,true,גבינה הולנדית א.ח נוכרי,גבינות הכפר בעמ,,,ל 100 גרם,10,ל 100 גרם,true,1,32.90,3.29,false,1,
3189274,true,גבינה מעושנת א.ח נוכרי,גבינות הכפר בעמ,,,ל 100 גרם,10,ל 100 גרם,true,1,32,3.20,false,1,
3229109,true,פסטרמה בפפריקה,תנובה ענף ב.ע.ד,,,יח,4,ל 100 גרם,false,1,26.90,6.73,false,1,
3229123,true,פסטרמה גחלים,תנובה ענף ב.ע.ד,,,יח,4,ל 100 גרם,false,1,26.90,6.73,false,1,
3229154,true,סלמי קוניאק,תנובה ענף ב.ע.ד,,,יח,3,ל 100 גרם,false,1,25.90,8.63,false,1,
3268252,true,לחם חיטה מלא ללא גרעינים,דגנית עין בר תעשיות,,,יח,7.50,ל 100 גרם,false,1,13.90,1.85,false,1,
3268429,true,לחם קמח מלא פרוס,דגנית עין בר תעשיות,,,יח,5,ל 100 גרם,false,1,13.90,2.78,false,1,
3268764,true,חלה רגילה 500 עין בר,דגנית עין בר תעשיות,,,יח,5,ל 100 גרם,false,1,4.90,0.98,false,1,
3287321,true,פילה מדומה  מס`6,בלדי בעמ,,,"לק""ג",10,ל 100 גרם,true,1,39.90,3.99,false,1,
3385942,true,ציפס   2.5 קג,ויטה-פרי גליל (החדשה) בעמ,,,יח,12,"לק""ג",false,1,22.90,1.91,false,1,
3397136,true,בדית,כ. כיפות כהן,,,יח,1,,false,1,6.30,6.30,false,1,
3457861,true,סולרו פירות טרו,"גלידת שטראוס בע""מ",,,יח,1,,false,1,8.90,8.90,true,1,
3514007,true,שקדי מרק מנה 400 גרם,ש.שסטוביץ בעמ,,,יח,4,ל 100 גרם,false,1,8.90,2.23,true,1,
3526871,true,פטריות ויליגר שלישייה,נטו מילנדה סחר בעמ*,,,יח,3,למארז,false,1,10.90,3.63,false,1,
3598304,true,דג פילה אמנון.,מאסטרפוד בעמ,,,"לק""ג",1,,true,1,32.90,32.90,true,1,
3996049,true,חסלט פטרוזיליה,"בכורי השדה צפון1994 ג.ד. בע""מ",,,יח,1,,false,1,7.90,7.90,false,1,
3996056,true,חסלט כוסברה,"בכורי השדה צפון1994 ג.ד. בע""מ",,,יח,1,,false,1,7.90,7.90,false,1,
3996063,true,חסלט שמיר,"בכורי השדה צפון1994 ג.ד. בע""מ",,,יח,1,,false,1,7.90,7.90,false,1,
3996094,true,חסאלט סלרי,"בכורי השדה צפון1994 ג.ד. בע""מ",,,יח,1,,false,1,8.90,8.90,false,1,
4011284,true,"בסיס להכנת קצפת   ריצ`212 מ""ל",נטו מילנדה סחר בעמ*,,,יח,2.12,יח,false,1,7.90,3.73,false,1,
4011345,true,קצפת  ריצ`פרווה במיכל,נטו מילנדה סחר בעמ*,,,יח,2.50,ל 100 גרם,false,1,8.90,3.56,false,1,
4063016,true,"מלח שולחן  רגיל(כחול) 1  ק""ג*",סוגת תעשיות בעמ,,,יח,10,ל 100 גרם,false,1,1.70,0.17,false,1,
4078263,true,זוג קיסמי אוזנים,ש.שסטוביץ בעמ,,,יח,1,,false,1,9.90,9.90,false,1,
4126650,true,צפתית 5%,תנובה -חלב,,,"לק""ג",1,,true,1,49.90,49.90,false,1,
4129569,true,גבינת שמנת שום שמיר 30%,תנובה -חלב,,,ל 100 גרם,10,ל 100 גרם,true,1,44.90,4.49,false,1,
4129576,true,גבינת שמנת זיתים 30%,תנובה -חלב,,,ל 100 גרם,10,ל 100 גרם,true,1,44.90,4.49,false,1,
4129903,true,גבינת שמנת טבעית 30%,תנובה -חלב,,,ל 100 גרם,10,ל 100 גרם,true,1,44.90,4.49,false,1,
4135355,true,פיראוס בולגרית לייט 3% א.ח נוכרי,תנובה -חלב,,,ל 100 גרם,10,ל 100 גרם,true,1,39.90,3.99,false,1,
4136291,true,צפתית מעודנת 5%,תנובה -חלב,,,ל 100 גרם,10,ל 100 גרם,true,1,50,5,false,1,
4136833,true,בולגרית  16%,תנובה -חלב,,,ל 100 גרם,10,ל 100 גרם,true,1,55.90,5.59,false,1,
4194185,true,עוף  מחפוד קפוא,עוף ירושלים שיווק בעמ,,,"לק""ג",10,ל 100 גרם,true,1,24.90,2.49,false,1,
4194208,true,כרעיים עוף ארוז מחפוד ק,עוף ירושלים שיווק בעמ,,,"לק""ג",10,ל 100 גרם,true,1,31.90,3.19,false,1,
4194239,true,חזה פטם מחפוד,עוף ירושלים שיווק בעמ,,,"לק""ג",10,ל 100 גרם,true,1,31.90,3.19,false,1,
4194253,true,כנפיים עוף ארוז מחפוד,עוף ירושלים שיווק בעמ,,,"לק""ג",10,ל 100 גרם,true,1,12.90,1.29,false,1,
4194260,true,שוקיים עוף ארוז מחפוד,עוף ירושלים שיווק בעמ,,,"לק""ג",10,ל 100 גרם,true,1,31.90,3.19,true,1,
4194529,true,עוף טרי שלם ארוז מחפוד,עוף ירושלים שיווק בעמ,,,"לק""ג",1,,true,1,22.90,22.90,true,1,
4194536,true,חזה עוף מחופד טרי ארוז,עוף ירושלים שיווק בעמ,,,"לק""ג",1,,true,1,32.90,32.90,true,1,
4194543,true,כרעיים עוף  מחפוד טרי ארוז,עוף ירושלים שיווק בעמ,,,"לק""ג",10,ל 100 גרם,true,1,32.90,3.29,true,1,
4194550,true,כנפיים  עוף  מחפוד טרי ארוז,עוף ירושלים שיווק בעמ,,,"לק""ג",1,,true,1,16.90,16.90,true,1,
4194567,true,ירכיים עוף טרי מחפוד,עוף ירושלים שיווק בעמ,,,"לק""ג",1,,true,1,29.90,29.90,true,1,
4194574,true,שוקיים עוף טרי מחפוד,עוף ירושלים שיווק בעמ,,,"לק""ג",1,,true,1,33.90,33.90,false,1,
4194581,true,פרגיות עוף  טרי  ארוז מחפוד,עוף ירושלים שיווק בעמ,,,"לק""ג",1,,true,1,75,75,false,1,
4194598,true,כבד עוף טרי  מחפוד ארוז,עוף ירושלים שיווק בעמ,,,"לק""ג",1,,true,1,32.90,32.90,false,1,
4194635,true,שניצל  עוף  טרי ארוז  מחפוד,עוף ירושלים שיווק בעמ,,,"לק""ג",1,"לק""ג",true,1,39.90,39.90,false,1,
4194703,true,כבד עוף צלוי,עוף ירושלים שיווק בעמ,,,יח,2.50,ל 100 גרם,false,1,26.90,10.76,false,1,
4220044,true,קציצות הבית 400  עטרה,נטו מלינדה סחר בעמ,,,יח,4,ל 100 גרם,false,1,24.90,6.23,true,1,
4230371,true,מקלות בורקס  פילו פיצה שגב 600 גרם,נטו מילנדה סחר בעמ*,,,יח,6,ל 100 גרם,false,1,19.90,3.32,true,1,
4257101,true,אנטריקוט דקדק 250 גר` עטרה,נטו מלינדה סחר בעמ,,,יח,0.25,ל 100 גרם,false,1,32.90,131.60,true,1,
4257118,true,מילנסה  דקדק 250 גר` עטרה,נטו מלינדה סחר בעמ,,,יח,0.25,ל 100 גרם,false,1,32.90,131.60,true,1,
4257125,true,סינטה   דקדק 250 גר` עטרה,נטו מלינדה סחר בעמ,,,יח,0.25,ל 100 גרם,false,1,32.90,131.60,true,1,
4263027,true,קבב מזרחי עטרה 500 גרם,נטו מלינדה סחר בעמ,,,יח,5,ל 100 גרם,false,1,18.90,3.78,false,1,
4263034,true,עטרה בורגר עטרה 500 גרם,נטו מלינדה סחר בעמ,,,יח,5,ל 100 גרם,false,1,18.90,3.78,false,1,
4263393,true,קישקע ירושלמי עטרה 500 גרם,נטו מלינדה סחר בעמ,,,יח,5,ל 100 גרם,false,1,16.90,3.38,false,1,
4263485,true,מס 2 עטרה,נטו מלינדה סחר בעמ,,,"לק""ג",10,ל 100 גרם,true,1,44.90,4.49,true,1,
4263652,true,נקניקיות עוף עטרה 400 גרם,נטו מלינדה סחר בעמ,,,יח,4,ל 100 גרם,false,1,11.90,2.98,true,1,
4263676,true,טחון הודו בית יו,נטו מלינדה סחר בעמ,,,יח,5,ל 100 גרם,false,1,12.90,2.58,false,1,
4263782,true,עצמות מוח  עטרה,נטו מלינדה סחר בעמ,,,"לק""ג",1,,true,1,32.90,32.90,false,1,
4263935,true,מס 7 עטרה,נטו מלינדה סחר בעמ,,,"לק""ג",10,ל 100 גרם,true,1,39.90,3.99,true,1,
4267209,true,עוגיות לקפה 200ג  ברמן  *,ברמן שוקולד ועוגיות בעמ,,,יח,2,ל 100 גרם,false,1,4.90,2.45,true,1,
4267216,true,עוגיות ריבה 200ג  ברמן  *,ברמן שוקולד ועוגיות בעמ,,,יח,2,ל 100 גרם,false,1,4.90,2.45,true,1,
4267261,true,עוגיות טופז 600ג   ברמן*,ברמן שוקולד ועוגיות בעמ,,,יח,6,ל 100 גרם,false,1,11.90,1.98,false,1,
4267544,true,עוגיות ממולאות תות 600ג   ברמן*,ברמן שוקולד ועוגיות בעמ,,,יח,6,ל 100 גרם,false,1,11.90,1.98,false,1,
4267636,true,עוגיות לקפה 600 ברמן  *,ברמן שוקולד ועוגיות בעמ,,,יח,6,ל 100 גרם,false,1,11.90,1.98,false,1,
4267650,true,עוגיות ריבה  600 ברמן  *,ברמן שוקולד ועוגיות בעמ,,,יח,6,ל 100 גרם,false,1,11.90,1.98,false,1,
4267667,true,עוגיות שוקוציפס 600ג  ברמן*,ברמן שוקולד ועוגיות בעמ,,,יח,6,ל 100 גרם,false,1,11.90,1.98,false,1,
4267759,true,מפנקות במילוי קרם שוקולד 180ג   ברמן*,ברמן שוקולד ועוגיות בעמ,,,יח,3,ל 100 גרם,false,1,4.90,1.63,true,1,
4456566,true,בשר צלעות מס2 אשפר בלדי,בלדי בעמ,,,"לק""ג",10,ל 100 גרם,true,1,39.90,3.99,false,1,
4554293,true,קרחון ענבים,"גלידת שטראוס בע""מ",,,יח,1,,false,1,2.50,2.50,false,1,
4645311,true,טונה  כהה(וואקום) רוזנרס,ש.רוזנרס בעמ,,,"לק""ג",10,ל 100 גרם,true,1,44.90,4.49,false,1,
4645328,true,פילה  סלמון רוזנרס,ש.רוזנרס בעמ,,,"לק""ג",10,ל 100 גרם,true,1,89.90,8.99,false,1,
4645748,true,פילה  אמנון בלי עור קהילות,ש.רוזנרס בעמ,,,"לק""ג",10,ל 100 גרם,true,1,39.90,3.99,true,1,
4861025,true,גבינת בולגרית 16%/5%,מחלבת המושבה בעמ,,,ל 100 גרם,10,ל 100 גרם,true,1,46.90,4.69,false,1,
4861058,true,גבינת צפתית,מחלבת המושבה בעמ,,,ל 100 גרם,1,,true,1,35.90,35.90,false,1,
4861278,true,גבינת שמנת בטעמים 30%,מחלבת המושבה בעמ,,,ל 100 גרם,10,ל 100 גרם,true,1,39.90,3.99,true,1,
4861421,true,חלומי  מהדרין,מחלבת המושבה בעמ,,,"לק""ג",10,ל 100 גרם,true,1,79.90,7.99,false,1,
4861520,true,גבינת שמנת %5טעמים,מחלבת המושבה בעמ,,,ל 100 גרם,10,ל 100 גרם,true,1,28.90,2.89,false,1,
4861544,true,מוצרלה כדורים/צמות,מחלבת המושבה בעמ,,,ל 100 גרם,10,ל 100 גרם,true,1,67.90,6.79,false,1,
5017483,true,שיפודי פרגיות מתובל נתח אדום,נתח אדום עוזי ביטון ובניו בעמ,,,יח,10,יח,false,1,59.90,5.99,false,1,
5017889,true,קציצות ריב אנטריקוט נתח אדום,הקצבים,,,יח,7,ל 100 גרם,false,1,29.90,4.27,false,1,
5017902,true,מרגז  מרוקאי חריף נתח אדום,נתח אדום עוזי ביטון ובניו בעמ,,,יח,7,ל 100 גרם,false,1,29.90,4.27,false,1,
5017933,true,טחול ממולא בדץ נתח אדום,נתח אדום עוזי ביטון ובניו בעמ,,,"לק""ג",10,ל 100 גרם,true,1,64.90,6.49,false,1,
5017940,true,נקניקיות מרגז כבד נתח אדום,נתח אדום עוזי ביטון ובניו בעמ,,,יח,7,ל 100 גרם,false,1,29.90,4.27,false,1,
5017964,true,"קבב טלה ארוז בד""ץ",נתח אדום עוזי ביטון ובניו בעמ,,,יח,7,ל 100 גרם,false,1,29.90,4.27,false,1,
5103518,true,עוגת  סבתא חלבה ופיצפוצי שקולד,ג`נרל מילס ישראל בעמ,,,יח,1,,false,1,26.90,26.90,false,1,
5103638,true,לחמניות שמנייה קלועה,ג`נרל מילס ישראל בעמ,,,ל 100 גרם,1,,true,1,3.90,3.90,false,1,
5424847,true,סופט  150לבן,החברה הדרומית לשיווק בעמ,,,יח,1,,false,1,8.90,8.90,false,1,
5426230,true,מטלית הפלא לריצפה,החברה הדרומית לשיווק בעמ,,,יח,1,,false,1,11.90,11.90,false,1,
5427848,true,סושי 30 בגליל ורוד,החברה הדרומית לשיווק בעמ,,,יח,1,,false,1,18.90,18.90,false,1,
5559587,true,מאפה נקניקיה מעדנות 800 גרם,תנובה ענף ב.ע.ד,,,ל 100 גרם,8,ל 100 גרם,false,1,28.90,3.61,false,1,
5559990,true,בצק פילאס תורכי מעדנות 600 גרם,תנובה ענף ב.ע.ד,,,ל 100 גרם,6,ל 100 גרם,false,1,20.90,3.48,false,1,
5689697,true,מס `5מחפוד לא מעובד ק,עוף ירושלים שיווק בעמ,,,"לק""ג",10,ל 100 גרם,true,1,99.90,9.99,false,1,
5854040,true,אסקימו בודד משמש,"גלידת שטראוס בע""מ",,,יח,1,,false,1,2.50,2.50,false,1,
5854569,true,שלגון מצופה שוקו  בננה,"גלידת שטראוס בע""מ",,,יח,0.60,ל 100 גרם,false,1,5.30,8.83,true,1,
5854606,true,אסקימו פרי אננס,"גלידת שטראוס בע""מ",,,יח,1,,false,1,2.50,2.50,false,1,
5854613,true,אסקימו תותי פרוטי,"גלידת שטראוס בע""מ",,,,1,,false,1,2.50,2.50,false,1,
5938627,true,ממרח עגבניות,נטו מילנדה סחר בעמ*,,,יח,2.20,ל 100 גרם,false,1,16.90,7.68,false,1,
6271174,true,גחנון בצק לאפייה 700 גרם מעדנות,תנובה ענף ב.ע.ד,,,יח,7,ל 100 גרם,false,1,18.20,2.60,false,1,
6271648,true,"מיני בורקס תפו""א מעדנות 800 גרם",תנובה ענף ב.ע.ד,,,יח,6.50,יח,false,1,22.90,3.52,false,1,
6271655,true,מיני בורקס גבינה מעדנות 800 גרם,תנובה ענף ב.ע.ד,,,יח,8,יח,false,1,22.90,2.86,false,1,
6272072,true,חטיפי פיצה 100% גבינה 650 גרם מעדנות,תנובה ענף ב.ע.ד,,,יח,6.50,יח,false,1,27.90,4.29,false,1,
6546395,true,Current season 800 expired - Pry Galilee,ויטה-פרי גליל (החדשה) בעמ,,,יח,8,ל 100 גרם,false,1,8.90,1.11,false,1,
6546524,true,C 700 chips expired - Pry Galilee,ויטה-פרי גליל (החדשה) בעמ,,,יח,8,ל 100 גרם,false,1,9.90,1.24,false,1,
6550972,true,"בשר בקר טחון עטרה 1 ק""ג",נטו מלינדה סחר בעמ,,,יח,1,ל 100 גרם,false,1,29.90,29.90,false,1,
6644527,true,תפוזינה תות   500,יפאורה שותפות מוגבלת לשיווק,,,יח,5,"ל 100 מ""ל",false,1,4.90,0.92,true,1,
6681065,true,טעמקור XL שוקו וניל,"גלידת שטראוס בע""מ",,,יח,1,,false,1,6.90,6.90,true,1,
6730350,true,טרופיק עם פקק בודד,קלית סיטבון בעמ,,,יח,1,יח,false,1,1.50,1.50,false,1,
6737915,true,דובשניות 300 גרם חפץ,לירון קרביץ יבוא שיווק וסחר,,,יח,3,ל 100 גרם,false,1,6.90,2.30,false,1,
6739445,true,שניצל תירס קלאסי 750 ק. זוגלובק,זוגלובק שיווק בעמ,,,יח,7.50,ל 100 גרם,false,1,23.90,3.19,true,1,
6775894,true,עוגת שיש ללא סוכר 400ג אחוה*,אחדות בעמ,,,יח,4,ל 100 גרם,false,1,10.90,2.73,false,1,
6941466,true,"שמן קנולה 1 ליטר  ""שווה"" *",ברוקלמן גרמניה,,,יח,1,לליטר,false,1,9.90,9.90,true,1,
8154222,true,שניצלונים עוף טוב,קבוצת אוסם סחר שותפות מוגבלת,,,יח,7,ל 100 גרם,false,1,13.90,1.99,false,1,
8257008,true,מסרק סמיך נחושת,אריסטוקרט מ.ב.ליבוא שווק בעמ,IL,,יח,1,,false,1,13.90,13.90,false,1,
8257558,true,מבריק נעלים ספוג,אריסטוקרט מ.ב.ליבוא שווק בעמ,IL,,יח,1,יח,false,1,5.90,5.90,false,1,
8257688,true,נשכן דובי,אריסטוקרט מ.ב.ליבוא שווק בעמ,IL,,יח,1,,false,1,6.90,6.90,false,1,
8257909,true,נוזל צחצוח נעלים שחור,אריסטוקרט מ.ב.ליבוא שווק בעמ,IL,,יח,1,,false,1,4.80,4.80,false,1,
8335560,true,סיגרים בשר,נטו מילנדה סחר בעמ*,,,יח,6,ל 100 גרם,false,1,12.90,2.15,false,1,
8335577,true,"9פסטל תפו,א",נטו מילנדה סחר בעמ*,,,יח,6,ל 100 גרם,false,1,12.90,2.15,false,1,
8335584,true,"סיגרים תפו,א",נטו מילנדה סחר בעמ*,,,יח,6,ל 100 גרם,false,1,12.90,2.15,false,1,
8343466,true,בצק פילו שלושת האופים 500 גרם,נטו מילנדה סחר בעמ*,,,יח,5,ל 100 גרם,false,1,18.90,3.78,true,1,
8343503,true,ג חנון אפוי 650 גרם שלושת האופים,נטו מילנדה סחר בעמ*,,,יח,6.50,ל 100 גרם,false,1,18.90,2.91,true,1,
8343510,true,מיני ג חנון אפוי שלושת האופים 650 גרם,נטו מילנדה סחר בעמ*,,,יח,6.50,ל 100 גרם,false,1,18.90,2.91,false,1,
8344258,true,המבורגר מזרחי 400 ג טיבון ויל,נטו מילנדה סחר בעמ*,,,יח,4,ל 100 גרם,false,1,17.90,4.48,true,1,
8409124,true,שניצל ג ונגל מאמא עוף,תנובה ענף ב.ע.ד,,,יח,7,ל 100 גרם,false,1,29.90,4.27,false,1,
8464697,true,מכבי  חזקה 7.9% שישיה,טמפו משקאות בעמ,,,יח,15,"ל 100 מ""ל",false,1,36.90,2.34,true,1,
8837965,true,יין סמיון 1ליטר  כרמי  שי*,יקבי ארזה ת.ר.ז. בעמ,,,יח,1,לליטר,false,1,15.90,15.90,false,1,
8989091,true,פרכיות אורז 300ג 3יח  BD  *,בטר אנד דיפרנט בעמ,,,יח,3.10,ל 100 גרם,false,1,11.90,3.84,false,1,
10003693,true,Sweet paprika 80 grm bag - Maimon Spices,א.ל ייצור ושיווק תבלינים בעמ,,,יח,0.20,ל 100 גרם,false,1,5.90,29.50,false,1,
10003808,true,Hyssop and sesame 80 grm bag - Maimon Sp,א.ל ייצור ושיווק תבלינים בעמ,,,יח,8,ל 100 גרם,false,1,5.90,0.74,false,1,
10066513,true,טונה בשמן 160ג 4יח  פילטונה*,תעשיות פיל טונה בעמ,,,יח,4,למארז,false,1,21.90,5.48,false,1,
10066599,true,טונה בשמן זית 160ג 4יח   פילטונה*,תעשיות פיל טונה בעמ,,,יח,4.52,ל 100 גרם,false,1,27.90,6.17,false,1,
10066957,true,טונה פרינס בשמן 960ג  פילטונה*,תעשיות פיל טונה בעמ,,,יח,9.60,ל 100 גרם,false,1,26.90,2.80,false,1,
10320744,true,גבינה גרנה פדנו 150,תנובה -חלב,,,יח,7.50,ל 100 גרם,false,1,21.90,2.92,false,1,
10328680,true,עוגת שוקוציפס מריר ולבן  450ג  אחוה*,אחדות בעמ,,,יח,4.50,ל 100 גרם,false,1,9.90,2.20,false,1,
10328727,true,ממרח טחינה עם שוקולד400ג  אחוה   *,אחדות בעמ,,,יח,4,"ל 100 מ""ל",false,1,9.90,2.48,false,1,
10328734,true,ממרח טחינה עם סילאן 400ג  אחוה   *,אחדות בעמ,,,יח,4,"ל 100 מ""ל",false,1,9.90,2.48,false,1,
10328901,true,מאפין וניל 45ג  אחוה*,אחדות בעמ,,,יח,0.45,ל 100 גרם,false,1,1.40,3.11,true,1,
10548309,true,שיני שום קלופות,קבוצת אוסם סחר שותפות מוגבלת,,,יח,0.80,ל 100 גרם,false,1,9.90,12.38,false,1,
10558087,true,אריסה פיקנטי 200ג  עוזי*,עוזי טעמים של בית,,,יח,2,ל 100 גרם,false,1,10.90,5.45,false,1,
10558094,true,אריסה 1 קג צנצנת   עוזי*,עוזי טעמים של בית,,,יח,2,ל 100 גרם,false,1,28.90,14.45,false,1,
10558889,true,שום כתוש 200ג  עוזי*,עוזי טעמים של בית,,,יח,2,ל 100 גרם,false,1,10.90,5.45,false,1,
10558896,true,אריסה מתוקה 200ג  עוזי*,עוזי טעמים של בית,,,יח,2,ל 100 גרם,false,1,10.90,5.45,false,1,
10558902,true,אריסה חריפה מאוד 200ג  עוזי*,עוזי טעמים של בית,,,יח,2,ל 100 גרם,false,1,10.90,5.45,false,1,
10617746,true,משחת  נעליים+ ידית,אריסטוקרט מ.ב.ליבוא שווק בעמ,IL,,יח,1,,false,1,4.50,4.50,false,1,
10617906,true,מברשת לניקוי בקבוק נצמדת,אריסטוקרט מ.ב.ליבוא שווק בעמ,IL,,יח,1,,false,1,13.90,13.90,false,1,
10617982,true,מד חום דיגטלי  מהיר וגמיש,אריסטוקרט מ.ב.ליבוא שווק בעמ,IL,,יח,1,,false,1,24.90,24.90,false,1,
10766949,true,ממרח תחתיות ארטישוק,תה ויסוצקי (ישראל)בעמ,,,יח,1.80,ל 100 גרם,false,1,12.90,7.17,false,1,
10777358,true,פיתה כוסמין מלא שובע,גיא שיווק טוב,,,יח,1,יח,false,1,15.90,15.90,false,1,
11154134,true,סילאן דבש תמרים 900ג טעמי הגליל *,טעמי הגליל בעמ,,,יח,9,ל 100 גרם,false,1,11.90,1.32,true,1,
11154592,true,סילאן 360 גרם בקבוק לחיץ*,טעמי הגליל בעמ,,,יח,3.60,ל 100 גרם,false,1,8.90,2.47,false,1,
11174866,true,צ יפס בטטה פרי הגליל 800 גרם,ויטה-פרי גליל (החדשה) בעמ,,,יח,7,ל 100 גרם,false,1,15.90,2.27,false,1,
11174897,true,600 expired peas - Pry Galilee,ויטה-פרי גליל (החדשה) בעמ,,,יח,6,ל 100 גרם,false,1,11.90,1.98,false,1,
11254858,true,סוכ גלי  בג`ונגל  125  גר`מיה,מיה תעשיות מזון מ.ת.מ בעמ,,,יח,1.25,ל 100 גרם,false,1,5.90,4.72,true,1,
11369224,true,קומפלט לידר/לאמבטיה ה  ע. הבית,עולם הבית,,,יח,1,,false,1,59.90,59.90,false,1,
11514075,true,סט תפירה  ע. הבית,עולם הבית,,,יח,1,,false,1,9.90,9.90,false,1,
11514105,true,מסנן אמרקאי לכיור,עולם הבית,,,יח,1,,false,1,15,15,false,1,
11514280,true,מתקן  לספוג   וואקום    ע. הבית,עולם הבית,,,יח,1,,false,1,6.90,6.90,false,1,
11514716,true,סט  סכין  גילוף,עולם הבית,,,יח,1,,false,1,10.90,10.90,false,1,
11514877,true,סט  לבד לכיסאות    ע. הבית,עולם הבית,,,יח,1,,false,1,11.90,11.90,false,1,
11695651,true,צנימים  300 גר`,נאמן לאורך זמן בעמ,,,יח,3,ל 100 גרם,false,1,12.90,4.30,false,1,
11695972,true,טוסטים  טעימים,נאמן לאורך זמן בעמ,,,יח,1,ל 100 גרם,false,1,7.90,7.90,false,1,
11889326,true,מצופה שוקו שוקו,"גלידת שטראוס בע""מ",,,יח,0,יח,false,1,2,2,false,1,
11947521,true,"שמן זית זית כתית מעולה בד""ץ",תה ויסוצקי (ישראל)בעמ,,,יח,6.30,"ל 100 מ""ל",false,1,34.90,5.54,true,1,
12117275,true,"סנוקליר מילוי 750 מ""ל",החברה הדרומית לשיווק בעמ,,,יח,7.50,"ל 100 מ""ל",false,1,5.90,0.79,false,1,
12117534,true,מרכך מקסימה  סופר מרוכז,החברה הדרומית לשיווק בעמ,,,יח,10,"ל 100 מ""ל",false,1,17.90,1.79,false,1,
12117541,true,מרכך מקסימה  סופר מרוכז,החברה הדרומית לשיווק בעמ,,,יח,10,"ל 100 מ""ל",false,1,17.90,1.79,false,1,
12117558,true,מרכך מקסימה  סופר מרוכז,החברה הדרומית לשיווק בעמ,,,יח,10,"ל 100 מ""ל",false,1,17.90,1.79,false,1,
12117732,true,מרכך כביסה סנו מקסימה,החברה הדרומית לשיווק בעמ,,,יח,40,"ל 100 מ""ל",false,1,21.90,0.55,false,1,
12117916,true,סנו אינסטלטור נוזלי 1 ליטר,החברה הדרומית לשיווק בעמ,,,יח,10,"ל 100 מ""ל",false,1,26.90,2.69,false,1,
12227592,true,צמד 700 גרם מחפוד זוגלובק,זוגלובק שיווק בעמ,,,יח,7,ל 100 גרם,false,1,26.90,3.84,true,1,
12227608,true,צמד 600 גרם-מחפוד זוגלובק,זוגלובק שיווק בעמ,,,יח,6,ל 100 גרם,false,1,26.90,4.48,true,1,
12227615,true,נקנקיות עוף 800 גר`-מחפוד-זוגלובק,זוגלובק שיווק בעמ,,,יח,8,ל 100 גרם,false,1,19.90,2.49,false,1,
12227622,true,חרמון כפריות דבש  400 גר` מחפוד,זוגלובק שיווק בעמ,,,יח,4,ל 100 גרם,false,1,21.90,5.48,false,1,
12245275,true,"צ`יפס בטטה קריספי, 1 ק""ג",קפוא זן תעשיות מזון בעמ,,,יח,0,יח,false,1,25.90,25.90,false,1,
12313547,true,זיתים קלמנטה A2,קבוצת יבנה מוצרי מזון,,,יח,6,ל 100 גרם,false,1,10.90,1.82,false,1,
12439858,true,"גלילוני ביס 60ג   הגביע בד""ץ",הגביע מוצרי וופלים בעמ,,,יח,0.60,ל 100 גרם,false,1,2.90,4.83,true,1,
12522581,true,שניצל תירס  ללא גלוטן,קבוצת אוסם סחר שותפות מוגבלת,,,יח,6.64,ל 100 גרם,false,1,26.90,4.05,true,1,
12803055,true,מרמוליט סוכרלוז 100 יח`,"דנשר (1963) בע,מ",,,יח,1,ל 100 גרם,false,1,24.90,24.90,true,1,
12823251,true,כיף אל סבון יסמין לבנדר ק,החברה הדרומית לשיווק בעמ,,,יח,1,לליטר,false,1,11.90,11.90,false,1,
12823589,true,ריצפז  פרש  לימון  2 ליטר,החברה הדרומית לשיווק בעמ,,,יח,2,לליטר,false,1,17.90,8.95,false,1,
12823602,true,נייר טואלט סןפט 32   לבן,החברה הדרומית לשיווק בעמ,,,יח,25.50,ל 100 גרם,false,1,34.90,1.37,false,1,
12823923,true,מרכך פרימיום  מקסימה גולדן,החברה הדרומית לשיווק בעמ,,,יח,1,לליטר,false,1,17.90,17.90,false,1,
12823947,true,מרכך פרימיום  מקסימה קריסטל,החברה הדרומית לשיווק בעמ,,,יח,7.50,לליטר,false,1,17.90,2.39,false,1,
12929380,true,תססן סודה+מקל  סודה,טעמן שיווק מזון בעמ,,,יח,1.10,ל 100 גרם,false,1,9.90,9,false,1,
12929779,true,פסטה  מקמח מלא  ספירלה,טעמן שיווק מזון בעמ,,,יח,5,ל 100 גרם,false,1,4.90,0.98,false,1,
12929793,true,ספגטי מקמח מלא,טעמן שיווק מזון בעמ,,,יח,5,ל 100 גרם,false,1,4.90,0.98,false,1,
12936838,true,Cardamom powder 30 grm Court. Glass - Ma,א.ל ייצור ושיווק תבלינים בעמ,,,יח,1,ל 100 גרם,false,1,14.90,14.90,false,1,
12936937,true,Bharat 40 grm Court. Glass - Maimon Spic,א.ל ייצור ושיווק תבלינים בעמ,,,יח,0.60,ל 100 גרם,false,1,10.90,18.17,false,1,
12936944,true,Ground nutmeg 40 grm Court. Zech - Maimo,א.ל ייצור ושיווק תבלינים בעמ,,,יח,0.50,ל 100 גרם,false,1,13.90,27.80,false,1,
12975875,true,disposable plastic 285cc maroccan 40,בנדע אגשח בעמ,,,יח,75,יח,false,1,9.90,0.13,true,1,
13027399,true,אנג`ל 100 קל,שלמה א.אנג ל בעמ,,,יח,1,,false,1,14.90,14.90,false,1,
13083678,true,מטרנה אקסטרה קר  שלב 2,קבוצת אוסם סחר שותפות מוגבלת,,,יח,7,"ל 100 מ""ל",false,1,55.90,7.99,false,1,
13083685,true,מטרנה אקסטרה קר  שלב 3,קבוצת אוסם סחר שותפות מוגבלת,,,יח,7,"ל 100 מ""ל",false,1,55.90,7.99,false,1,
13117229,true,"בורקס פילו במילוי  תפו""א מעדנות 600 גר",תנובה ענף ב.ע.ד,,,ל 100 גרם,6,ל 100 גרם,false,1,19.90,3.32,false,1,
13117526,true,בצק שמרים למאפה מתוקים מעדנות 600 גרם,תנובה ענף ב.ע.ד,,,יח,6,ל 100 גרם,false,1,19.90,3.32,false,1,
13144249,true,95 grm Chocolate Pudding - Maimon`s,א.ל ייצור ושיווק תבלינים בעמ,,,יח,0.85,ל 100 גרם,false,1,4.90,5.76,true,1,
13144287,true,Strawberry jelly 85 grm - Maimon`s,א.ל ייצור ושיווק תבלינים בעמ,,,יח,0.85,ל 100 גרם,false,1,5.90,6.94,false,1,
13144393,true,Vanilla extract 50 grm - Maimon`s,א.ל ייצור ושיווק תבלינים בעמ,,,יח,0.50,ל 100 גרם,false,1,4.40,8.80,false,1,
13144409,true,Rum extract 50 grm - Maimon`s,א.ל ייצור ושיווק תבלינים בעמ,,,יח,0.50,ל 100 גרם,false,1,4.40,8.80,false,1,
13144522,true,Green food coloring 50 grm - Maimon`s,א.ל ייצור ושיווק תבלינים בעמ,,,יח,0.50,ל 100 גרם,false,1,3.90,7.80,false,1,
13144539,true,Red food coloring 50 grm - Maimon`s,א.ל ייצור ושיווק תבלינים בעמ,,,יח,0.50,ל 100 גרם,false,1,3.90,7.80,false,1,
13144560,true,Blue food coloring 50 grm - Maimon`s,א.ל ייצור ושיווק תבלינים בעמ,,,יח,0.50,ל 100 גרם,false,1,3.90,7.80,false,1,
13145024,true,Walnut powder 100 grm - Maimon`s,א.ל ייצור ושיווק תבלינים בעמ,,,יח,1,ל 100 גרם,false,1,12.90,12.90,false,1,
13145093,true,Gross bleached almond 100 grm - Maimon`s,א.ל ייצור ושיווק תבלינים בעמ,,,יח,1,ל 100 גרם,false,1,12.90,12.90,true,1,
13145109,true,Bleached almond powder 100 grm - Maimon`,א.ל ייצור ושיווק תבלינים בעמ,,,יח,1,ל 100 גרם,false,1,12.90,12.90,true,1,
13145116,true,Bleached almond sticks 100 grm - Maimon`,א.ל ייצור ושיווק תבלינים בעמ,,,יח,1,,false,1,12.90,12.90,true,1,
13145178,true,Shredded coconut White 100 grm - Maimon`,א.ל ייצור ושיווק תבלינים בעמ,,,יח,1,ל 100 גרם,false,1,4.50,4.50,false,1,
13145215,true,Sesame 400 grm - Maimon`s,א.ל ייצור ושיווק תבלינים בעמ,,,יח,4,ל 100 גרם,false,1,12.90,3.23,false,1,
13145390,true,Compound chocolate chocolate Tz`ifs 250,א.ל ייצור ושיווק תבלינים בעמ,,,יח,2.50,ל 100 גרם,false,1,8.90,3.56,false,1,
13145406,true,Compound chocolate and white chocolate T,א.ל ייצור ושיווק תבלינים בעמ,,,יח,2.50,ל 100 גרם,false,1,9.90,3.96,false,1,
13145437,true,Real chocolate chips 45% - Maimon`s,א.ל ייצור ושיווק תבלינים בעמ,,,יח,2.50,ל 100 גרם,false,1,11.90,4.76,false,1,
13145536,true,Chocolate candy garnish 90 - Maimon`s,א.ל ייצור ושיווק תבלינים בעמ,,,יח,0.90,ל 100 גרם,false,1,5.50,6.11,false,1,
13145710,true,Cherries 100 grm - Maimon`s,א.ל ייצור ושיווק תבלינים בעמ,,,יח,1,ל 100 גרם,false,1,9.50,9.50,false,1,
13145840,true,Vanilla sugar 10 cards for cellophane -,א.ל ייצור ושיווק תבלינים בעמ,,,יח,20,יח,false,1,2.20,0.11,false,1,
13145857,true,Baking powder 10 cards for cellophane -,א.ל ייצור ושיווק תבלינים בעמ,,,יח,20,יח,false,1,2.20,0.11,false,1,
13145918,true,100 grm powdered sugar - Maimon`s,א.ל ייצור ושיווק תבלינים בעמ,,,יח,1,ל 100 גרם,false,1,1.90,1.90,false,1,
13145970,true,Cornstarch 100 grm - Maimon`s,א.ל ייצור ושיווק תבלינים בעמ,,,יח,2,ל 100 גרם,false,1,3.90,1.95,false,1,
13146854,true,White coconut powder 400 grm bag - Maimo,א.ל ייצור ושיווק תבלינים בעמ,,,יח,4,ל 100 גרם,false,1,14.90,3.73,false,1,
13268020,true,מרכך מקסימה  א. פרש 1 ליטר,החברה הדרומית לשיווק בעמ,,,יח,10,"ל 100 מ""ל",false,1,17.90,1.79,false,1,
13268037,true,מרכך מקסימה  פצ`ולי  1 ליטר,החברה הדרומית לשיווק בעמ,,,יח,10,"ל 100 מ""ל",false,1,17.90,1.79,false,1,
13268884,true,ריצפז  פרש  מאסק  2 ליטר,החברה הדרומית לשיווק בעמ,,,יח,20,"ל 100 מ""ל",false,1,17.90,0.90,false,1,
13268891,true,ג`ל אוקסיג`ן 3 ליטר,החברה הדרומית לשיווק בעמ,,,יח,3,לליטר,false,1,28.90,9.63,false,1,
13268907,true,ג`ל  כביסה  ביו 3 ליטר ק,החברה הדרומית לשיווק בעמ,,,יח,30,"ל 100 מ""ל",false,1,28.90,0.96,false,1,
13268990,true,מרכך מקסימה ביו מרוכז,החברה הדרומית לשיווק בעמ,,,יח,1,לליטר,false,1,17.90,17.90,false,1,
13269003,true,מרכך מקסימה  מרוכז בייבי,החברה הדרומית לשיווק בעמ,,,יח,1,לליטר,false,1,17.90,17.90,false,1,
13269263,true,ג ל כביסה  קריסטל 3 ליטר,החברה הדרומית לשיווק בעמ,,,יח,3,לליטר,false,1,28.90,9.63,false,1,
13269287,true,ג ל כביסה  מאסק 3 ליטר,החברה הדרומית לשיווק בעמ,,,יח,30,"ל 100 מ""ל",false,1,28.90,0.96,false,1,
13269911,true,תרסיס 333 K,החברה הדרומית לשיווק בעמ,,,יח,7.50,"ל 100 מ""ל",false,1,29.90,3.99,false,1,
13302014,true,"שוקו שוקו 1 ק""ג",טעמן שיווק מזון בעמ,,,יח,10,ל 100 גרם,false,1,13.90,1.39,true,1,
13358356,true,פירורי לחם מוזהבים  320 גר`.,ש.שסטוביץ בעמ,,,יח,3.20,ל 100 גרם,false,1,6.90,2.16,false,1,
13361981,true,"ציפס קטרינג 2 ק""ג פרי גליל",ויטה-פרי גליל (החדשה) בעמ,,,יח,20,"לק""ג",false,1,19.90,1,false,1,
13579492,true,פילה סלמון נרווגי,בלדי בעמ,,,יח,1,,true,1,64.90,64.90,false,1,
13625403,true,חצאי  אפרסק  פרימיום 820,טעמן שיווק מזון בעמ,,,יח,8.20,ל 100 גרם,false,1,11.90,1.45,false,1,
13625939,true,אטריות דקיקות 400ג טעמן*,טעמן שיווק מזון בעמ,,,יח,5,ל 100 גרם,false,1,4.90,0.98,true,1,
13677846,true,"כוסמת  1 ק""ג      מיה",מיה תעשיות מזון מ.ת.מ בעמ,,,יח,10,ל 100 גרם,false,1,10.90,1.09,false,1,
13724632,true,קשיו טבעי  200 גר`,דין שיווק ***,,,יח,2,ל 100 גרם,false,1,19.99,10,false,1,
13847379,true,"סטארקיסט בשמן 140ג שישיות בד""ץ*",דיפלומט מפיצים #,,,יח,1,,false,1,29.90,29.90,false,1,
13906205,true,פסטרמה  שום וצ`ילי 400 גר`,תנובה ענף ב.ע.ד,,,יח,4,ל 100 גרם,false,1,26.90,6.73,false,1,
13927002,true,דקליות  שוקו 400ג אחוה*,אחדות בעמ,,,יח,4,ל 100 גרם,false,1,9.90,2.48,false,1,
13927033,true,עוגיות מעמול 600ג  אחוה*,אחדות בעמ,,,יח,6,ל 100 גרם,false,1,9.90,1.65,false,1,
13927040,true,עוגיות ממולא שוקולד 600ג אחוה*,אחדות בעמ,,,יח,6,ל 100 גרם,false,1,9.90,1.65,false,1,
13927064,true,עוגיות גרנולה פירות יער 400ג אחוה*,אחדות בעמ,,,יח,4,ל 100 גרם,false,1,9.90,2.48,false,1,
13927200,true,עוגת שוקוציפס עשירה 20% אחוה*,אחדות בעמ,,,יח,4.50,ל 100 גרם,false,1,10.90,2.42,false,1,
13927323,true,עוגת בראוניס 400ג  אחוה  *,אחדות בעמ,,,יח,4,ל 100 גרם,false,1,10.90,2.73,false,1,
13927385,true,מאפין דבש 45ג  אחוה*,אחדות בעמ,,,יח,0.45,ל 100 גרם,false,1,1.40,3.11,true,1,
13927644,true,עוגיות כתר תות  400ג  אחוה*,אחדות בעמ,,,יח,4,ל 100 גרם,false,1,9.90,2.48,false,1,
13927750,true,חטיף חלבה וניל 25 ג` תפזורת(240יח) אחו,אחדות בעמ,,,יח,1,,false,1,1,1,true,1,
13927804,true,"טחינה משומשום מלא 1 ק""ג   אחוה*",אחדות בעמ,,,יח,10,ל 100 גרם,false,1,18.90,1.89,false,1,
14002135,true,תה ירוק ויסוצקי מיקס,תה ויסוצקי (ישראל)בעמ,,,יח,0.3750,ל 100 גרם,false,1,22.90,61.07,true,1,
14205093,true,דבש 350ג  שווה עדה  חרדית*,דבש שלנו( )1987בעמ,,,יח,3.50,ל 100 גרם,false,1,13.90,3.97,false,1,
14205611,true,"פחם 5  ק""ג""שווה"" *",י.ד יבוא קל בעמ,,,יח,5,"לק""ג",false,1,37.90,7.58,false,1,
14205741,true,"מפת שולחן 25 מטר ניילון בגליל ""שווה""*",צח ליין בעמ,,,יח,25,למטר,false,1,19.80,0.79,true,1,
14205758,true,"מפות שולחן *6 עבה במיוחד ""3/1.35 שווה""",צח ליין בעמ,,,יח,25,למטר,false,1,11.90,0.48,false,1,
14205765,true,מפות שולחן עבה  במיוחד* 8 2.4/1.35*,צח ליין בעמ,,,יח,25,למטר,false,1,11.90,0.48,false,1,
14205772,true,"מפות שולחן *8 עבה שקוף ""שווה""*",צח ליין בעמ,,,יח,25,למטר,false,1,8.50,0.34,true,1,
14205802,true,שקיות הקפאה זוג 100X2 שווה*,ווינפאק סחר בעמ,,,יח,300,יח,false,20,6.90,0.02,true,1,
14205819,true,"שקיות 75/90 שרוך 20 יח ""שווה"" *",ווינפאק סחר בעמ,,,יח,1,יח,false,1,13.90,13.90,true,1,
14205857,true,שקיות  75/90 גליל  20 יח` ממוחזר שווה*,Zmzm for plastic,,,למטר,25,יח,false,1,9.90,0.40,true,1,
14205864,true,"שקיות כתום 75/90  גליל  50 יח` ""שווה""*",צח ליין בעמ,,,יח,50,יח,false,1,8.90,0.18,true,1,
14206052,true,מאפינס נייר אלומיניום גדולים 12 יח (24,ווינפאק סחר בעמ,,,יח,1,למארז,false,24,6.90,6.90,false,1,
14206175,true,מאפינס  שרינק קטן 50  יח`שווה*,ווינפאק סחר בעמ,,,יח,1,למארז,false,24,6.90,6.90,false,1,
14206182,true,מאפינס שרינק גדולים 40  יח`שווה*,ווינפאק סחר בעמ,,,יח,1,למארז,false,24,6.90,6.90,false,1,
14206250,true,מפיות נייר 80יח  שווה*,ווינפאק סחר בעמ,,,יח,80,יח,false,1,4.90,0.06,true,1,
14206427,true,מיכלי אחסון 0.5 ליטר 6 יח   שווה( 32 ב,אשוש חצב בעמ,,,יח,6,יח,false,32,8.90,1.48,true,1,
14206434,true,מיכלי אחסון 1 ליטר 5 יח   שווה( 24 בקר,אשוש חצב בעמ,,,יח,5,יח,false,1,8.90,1.78,true,1,
14206441,true,מיכלי אחסון 2 ליטר 4 יח   שווה( 18 בקר,אשוש חצב בעמ,,,יח,4,יח,false,1,8.90,2.23,true,1,
14206458,true,מיכלי אחסון 2.5 ליטר 2 יח   שווה( 20 ב,אשוש חצב בעמ,,,יח,2,יח,false,1,8.90,4.45,true,1,
14206564,true,קינוחיות משושה ענק  12יח PVCשווה*,ווינפאק סחר בעמ,,,יח,12,יח,false,1,9.90,0.83,true,1,
14206571,true,קינוחיות משולש ענק+מכסה 12יח שווה*,ווינפאק סחר בעמ,,,יח,12,יח,false,1,9.90,0.83,true,1,
14206793,true,"כפפות ניילון  ח""פ * 100  ""שווה""  *",ווינפאק סחר בעמ,,,יח,100,יח,false,1,4.50,0.05,true,1,
14206847,true,סרדינים שמן סויה 125ג  שווה מרוקו*,רוברטו פוד בעמ,,,יח,1.25,ל 100 גרם,false,25,3.90,3.12,true,1,
14206861,true,סרדינים בשמן זית  125ג  שווה - מרוקו*,רוברטו פוד בעמ,,,יח,1.25,ל 100 גרם,false,25,3.90,3.12,true,1,
14206878,true,סרדינים ברוטב עגבניות  125ג  שווה- מרו,רוברטו פוד בעמ,,,יח,1.25,ל 100 גרם,false,25,3.90,3.12,true,1,
14206915,true,disposable plastic 17 cm soup plate 25,אריזות מדף פלזית אגשח בעמ,,,יח,20,יח,false,24,4.90,0.25,false,1,
14206922,true,disposable plastic 17 cm soup plate 25,אריזות מדף פלזית אגשח בעמ,,,יח,10,יח,false,20,5.90,0.59,false,1,
14206939,true,"מרקיה  שקופה""שווה"" (24  בקרטון) *",אריזות מדף פלזית אגשח בעמ,,,יח,20,יח,false,1,9.90,0.50,false,1,
14206946,true,disposable plastic 17 cm soup plate 25,אריזות מדף פלזית אגשח בעמ,,,יח,20,יח,false,1,8.90,0.45,false,1,
14230019,true,פרוטיב 2 ליטר  פטל  שילת  *,שילת תרכיזי בית השיקמה בעמ,,,יח,20,"ל 100 מ""ל",false,1,38.90,1.95,false,1,
14230064,true,פרוטיב 2 ליטר תות בננה  שילת*,שילת תרכיזי בית השיקמה בעמ,,,יח,20,"ל 100 מ""ל",false,1,38.90,1.95,false,1,
14288072,true,"כריות יפניות  רביעיה""שווה"" איכותיות*",פלסטו פוליש (ברקן)בעמ,,,יח,1,למארז,false,1,6.90,6.90,false,1,
14288089,true,"סרטי קירצוף זוגות  ""שווה""  איכותי*",פלסטו פוליש (ברקן)בעמ,,,יח,1,למארז,false,1,6.90,6.90,false,1,
14288096,true,"מטליות מיקרופייבר *5 ניקוי כלל ""שווה""",HUBEI G YOUNG CO LTD,,,יח,1,למארז,false,1,8.90,8.90,true,1,
14288102,true,"מטלית מיקרופייבר  לרצפה  ""שווה""  *",HUBEI G YOUNG CO LTD,,,יח,1,למארז,false,1,6.90,6.90,false,1,
14288218,true,מפת שולחן אלבד עם ראנר  שווה   *,ווינפאק סחר בעמ,,,יח,1,יח,false,50,5.90,5.90,true,1,
14288232,true,טרופיל פקק 40 יח ברקוד בודד  *14288256,קלית סיטבון בעמ,,,יח,1,יח,false,1,49.90,49.90,false,1,
14288249,true,טרופית טרופיל בודד לחזרות בלבד,קלית סיטבון בעמ,,,יח,1,יח,false,1,1.50,1.50,false,1,
14288287,true,גליל  אלבד 20 מטר חלק  שווה*,ווינפאק סחר בעמ,,,יח,20,למטר,false,5,31.90,1.60,false,1,
14288294,true,גליל אלבד  עם ראנר 20 מטר שווה  *,ווינפאק סחר בעמ,,,יח,20,למטר,false,6,31.90,1.60,false,1,
14288300,true,"טורטייה 8 יח 320  גרם""שווה"" *",רוברטו פוד בעמ,,,יח,8,יח,false,1,8.90,1.11,true,1,
14288317,true,"טורטייה 6 יח 420  גרם""שווה""*",רוברטו פוד בעמ,,,יח,1,,false,1,9.90,9.90,true,1,
14288324,true,"טורטייה מקמח מלא 8 יח 320  גרם""שווה""*",רוברטו פוד בעמ,,,יח,8,יח,false,1,9.90,1.24,true,1,
14288348,true,נודלס HOT CUP  טעם ירקות 60ג   שווה*,רוברטו פוד בעמ,,,יח,1,יח,false,1,3.90,3.90,true,1,
14288379,true,ערמונים 100 ג`  שווה  *,רוברטו פוד בעמ,,,יח,8,יח,false,1,5.90,0.74,true,1,
14288393,true,"רוטב סויה 500 מ""ל  ""שווה"" *",רוברטו פוד בעמ,,,יח,5,"ל 100 מ""ל",false,12,9.90,1.98,true,1,
14288409,true,"רוטב טריאקי 300 מ""ל  ""שווה"" *",רוברטו פוד בעמ,,,יח,3,"ל 100 מ""ל",false,12,8.90,2.97,true,1,
14288416,true,"רוטב צילי חריף 700 מ""ל  ""שווה"" *",רוברטו פוד בעמ,,,יח,7,"ל 100 מ""ל",false,1,9.90,1.41,true,1,
14288607,true,זוג רדיד אלומיניום ארוך  7.5/4.5  שווה,אופל אריזות בעמ,,,יח,1,יח,false,1,9.90,9.90,false,1,
14288645,true,"מגבונים מגבופיל ""שווה"" 72 יח` * 5 *",טרופיקל-דגיל תעשיות בעמ,,,יח,5,למארז,false,1,13.90,2.78,true,1,
14288669,true,ניילון נצמד חיתוך קל 28.5/60  שווה*,אופל אריזות בעמ,,,יח,1,יח,false,12,9.90,9.90,true,1,
14288744,true,2day memorial candle,LITBRIGHT CANDLE CO LTD,,,יח,1,יח,false,12,9.90,9.90,true,1,
14288843,true,7day memorial candle,ווינפאק סחר בעמ,,,יח,1,יח,false,1,2.90,2.90,false,1,
14397286,true,מרכך מקסימה  מרוכז,החברה הדרומית לשיווק בעמ,,,יח,1,לליטר,false,1,17.90,17.90,false,1,
14562585,true,דייסה בטעם וניל 200ג  BD   *,בטר אנד דיפרנט בעמ,,,יח,2,ל 100 גרם,false,1,11.90,5.95,false,1,
14600317,true,גלילית כיבודים שוקולד 100ג הגביע*,הגביע מוצרי וופלים בעמ,,,יח,1,ל 100 גרם,false,1,3.30,3.30,true,1,
14673366,true,Turmeric powder 250 grm - Maimon Spices,א.ל ייצור ושיווק תבלינים בעמ,,,יח,2.50,ל 100 גרם,false,1,20.90,8.36,false,1,
14673373,true,250 acute Hungarian paprika jar - Maimon,א.ל ייצור ושיווק תבלינים בעמ,,,יח,2.50,ל 100 גרם,false,1,20.90,8.36,false,1,
14673380,true,Ground cumin 250 grm - Maimon Spices,א.ל ייצור ושיווק תבלינים בעמ,,,יח,2.50,ל 100 גרם,false,1,19.90,7.96,false,1,
14673403,true,Ground black pepper 250 grm - Maimon Spi,א.ל ייצור ושיווק תבלינים בעמ,,,יח,2.50,ל 100 גרם,false,1,28.90,11.56,false,1,
14731165,true,מזלגות ח.פ  *100 לבן (40  בקרטון)PERFE,ווינפאק סחר בעמ,,,יח,100,יח,false,1,8.90,0.09,true,1,
14758117,true,מאגדת יוגורט ביו 8 יח` 1.5%,תנובה -חלב,,,יח,10,ל 100 גרם,false,1,16.10,1.61,false,1,
14758162,true,חלב עיזים מלא 3.6%,תנובה -חלב,,,יח,1,לליטר,false,1,15,15,false,1,
14760141,true,משקה  שקדים טרי תנובה,תנובה -חלב,,,יח,10,"ל 100 מ""ל",false,1,11.90,1.19,false,1,
14760912,true,גוש חלב 400  גר,תנובה -חלב,,,יח,4,ל 100 גרם,false,1,24.90,6.23,false,1,
14761612,true,מעדן  YOLO  עם שכבות,תנובה -חלב,,,יח,1.23,ל 100 גרם,false,1,4.20,3.41,false,1,
14762800,true,מעדן סויה שוקולד 125 גר`,תנובה -חלב,,,יח,1.24,ל 100 גרם,false,1,3.80,3.06,false,1,
14763395,true,גבינת עמק סמי  600 גרם,תנובה -חלב,,,ל 100 גרם,6,ל 100 גרם,false,1,29.90,4.98,false,1,
15005548,true,"ציפס זיג זג פרי הגליל 2 ק""ג",ויטה-פרי גליל (החדשה) בעמ,,,יח,20,"לק""ג",false,1,19.90,1,false,1,
15005555,true,"ציפס אמריקאי 2 ק""ג פרי גליל",ויטה-פרי גליל (החדשה) בעמ,,,יח,20,"לק""ג",false,1,19.90,1,false,1,
15037273,true,פטרוזיליה חסלט,"בכורי השדה צפון1994 ג.ד. בע""מ",,,יח,1,,false,1,7.90,7.90,false,1,
15037280,true,כוסברה  חסלט,"בכורי השדה צפון1994 ג.ד. בע""מ",,,יח,1,,false,1,7.90,7.90,false,1,
15037440,true,כרוב  לבן חסלט,"בכורי השדה צפון1994 ג.ד. בע""מ",,,"לק""ג",1,"לק""ג",true,1,18.90,18.90,false,1,
15037457,true,כרוב אדום חסלט,"בכורי השדה צפון1994 ג.ד. בע""מ",,,"לק""ג",1,"לק""ג",true,1,18.90,18.90,false,1,
15037495,true,כוסברה  חסלט{עדה חרדית},"בכורי השדה צפון1994 ג.ד. בע""מ",,,יח,1,,false,1,8.90,8.90,false,1,
15039253,true,עלי גפן במי מלח 620ג   ויליפוד*,ג.וילי פוד בעמ,,,יח,6.20,ל 100 גרם,false,1,9.90,1.60,false,1,
15801805,true,עמבה 200 גרם עוזי  *,עוזי טעמים של בית,,,יח,2,ל 100 גרם,false,1,10.90,5.45,false,1,
15872096,true,חומוס אסלי 700 גרם,סלטי שמיר 2006 בעמ,,,יח,10,ל 100 גרם,false,1,7.90,0.79,false,1,
15951869,true,הר חרמון רוזה רמת הגולן*,היכל היין שקד גולן בעמ,,,יח,7.50,"ל 100 מ""ל",false,1,31.90,4.21,true,1,
16076035,true,פרינה אמא  שובע,גיא שיווק טוב,,,יח,1,יח,false,1,13.90,13.90,false,1,
16400151,true,שקית שירות,שונים,,,יח,1,,false,1,0.10,0.10,false,1,
16400168,true,"שקיות צליה 10 יח   ""שווה""    *",BURSA PAZARI טורקיה,,,יח,10,יח,false,1,3.90,0.39,true,1,
16400175,true,"שקיות צליה ענק 5 יח   ""שווה""    *",BURSA PAZARI טורקיה,,,יח,5,יח,false,1,3.90,0.78,true,1,
16400311,true,קיסמי שיניים מלחיה  300יח שווה*,חביב את פרנק בעמ (לוגיסטי ),,,יח,1,למארז,false,1,2.90,2.90,false,1,
16400328,true,קיסמי שיניים חבית 500יח שווה*,חביב את פרנק בעמ (לוגיסטי ),,,יח,1,למארז,false,1,3.90,3.90,false,1,
16400366,true,2day memorial candle,חביב את פרנק בעמ (לוגיסטי ),,,יח,1,יח,false,1,8.90,8.90,true,1,
16400373,true,2day memorial candle,ווינפאק סחר בעמ,,,יח,1,יח,false,1,14.90,14.90,true,1,
16400380,true,גפרור ארוך שווה*,י.ד יבוא קל בעמ,,,יח,1,,false,1,5.90,5.90,false,1,
16400403,true,"שקיות חזקות 75/90  גליל  50 יח` ""שווה""",מ.א.מ.ס סחר בעמ,,,יח,25,למטר,false,1,11.90,0.48,true,1,
16400434,true,אשפתון גופיה 75/90 אפור 25 יחידות שווה,Zmzm for plastic,,,יח,25,יח,false,1,12.90,0.52,true,1,
16400441,true,אשפתון גופיה 75/90 קרם 40 יחידות שווה*,מ.א.מ.ס סחר בעמ,,,יח,40,יח,false,1,15.90,0.40,true,1,
16400458,true,"מפת שולחן 45 מטר ניילון בגליל ""שווה""*",צח ליין בעמ,,,יח,25,למארז,false,1,19.80,0.79,true,1,
16400502,true,גפרורים *10 חדש שווה*,י.ד יבוא קל בעמ,,,יח,1,,false,1,4,4,true,1,
16400601,true,"קינוחיות משולש+מכסה 12יח PVC   ""שווה""",ווינפאק סחר בעמ,,,יח,12,יח,false,1,9.90,0.83,true,1,
16400793,true,מפיות נייר 100יח   שווה*,ווינפאק סחר בעמ,,,יח,1,יח,false,1,5.90,5.90,true,1,
16401103,true,"טורטייה ענקית 30ס""מ 6 יח  540 ג` ""שווה",רוברטו פוד בעמ,,,יח,6,יח,false,1,10.90,1.82,true,1,
16401141,true,"טורטייה תירס  8 יח 320  גרם""שווה""*",רוברטו פוד בעמ,,,יח,8,יח,false,1,9.90,1.24,true,1,
16401295,true,"פרימיום צ`ילי מתוק  25% 700 מ""ל  ""שווה",רוברטו פוד בעמ,,,יח,7,"ל 100 מ""ל",false,1,9.90,1.41,true,1,
16401356,true,"אננס חתוך 227 ג  ""שווה"" *",TAKERNG PINEAPPLE INDUSTRIAL,,,יח,2.27,ל 100 גרם,false,1,3.90,1.72,false,1,
16401400,true,"פטריות שלמות 400ג`  ""שווה"" *",GREENYARD PREPARED BV,,,יח,4,ל 100 גרם,false,24,6.90,1.73,true,1,
16401493,true,"מיץ לימון משומר 1 ליטר בד""ץ שווה*",פרידמן תעשיות חומץ ומזון בעמ,,,יח,1,לליטר,false,1,5.90,5.90,true,1,
16401509,true,חומץ 1 ליטר  5% (מכהל טבעי)  שווה*,פרידמן תעשיות חומץ ומזון בעמ,,,יח,1,לליטר,false,1,5.90,5.90,true,1,
16401578,true,זוג רדיד אלומיניום ארוך  7.5/4.5  שווה,אופל אריזות בעמ,,,יח,1,יח,false,1,13.90,13.90,false,1,
16401585,true,זוג רדיד אלומיניום קצר  7.5/30  שווה*,אופל אריזות בעמ,,,יח,2,יח,false,1,10.90,5.45,false,1,
16401592,true,ניילון נצמד 28.5/30 זוגות שווה*,BURSA PAZARI טורקיה,,,יח,1,,false,1,7.90,7.90,true,1,
16401691,true,2day memorial candle,חביב את פרנק בעמ (לוגיסטי ),,,יח,20,יח,false,1,5.90,0.30,false,1,
16401707,true,2day memorial candle,חביב את פרנק בעמ (לוגיסטי ),,,יח,40,יח,false,24,9.90,0.25,true,1,
16401714,true,2day memorial candle,חביב את פרנק בעמ (לוגיסטי ),,,יח,125,יח,false,1,7.90,0.06,false,1,
16401752,true,קיסמי שיניים עם מברשת דנטלי 200 יח (48,חביב את פרנק בעמ (לוגיסטי ),,,יח,1,יח,false,1,7.90,7.90,true,1,
16401783,true,שקיות לקוביות קרח 12  יח`שווה (20 בקרט,ווינפאק סחר בעמ,,,יח,12,יח,false,20,3.90,0.33,false,1,
16401882,true,מארז 3 מיקרופייבר לרצפה ב PVC שווה *,HUBEI G YOUNG CO LTD,,,יח,1,יח,false,1,16.90,16.90,true,1,
16401899,true,מארז 10 מיקרופייבר כללי ב PVC שווה *,HUBEI G YOUNG CO LTD,,,יח,10,למארז,false,1,15.90,1.59,true,1,
16401905,true,"שקיות לפח קטן 45/40  ""שווה"" (20 בקרטון",ווינפאק סחר בעמ,,,יח,100,יח,false,20,8.90,0.09,true,1,
16401912,true,"שקיות מזון בקופסה 300 יח XL ""שווה"" *",ווינפאק סחר בעמ,,,יח,1,יח,false,20,7.90,7.90,true,1,
16401929,true,"שקיות מזון עם ידית 200 יח  ""שווה""*",ווינפאק סחר בעמ,,,יח,1,יח,false,20,5.90,5.90,true,1,
16401967,true,קינוחיות גביעים 12 יח  שווה  *,ווינפאק סחר בעמ,,,יח,12,יח,false,24,9.90,0.83,true,1,
16437690,true,תחבושת קוטקס יאנג קוואטרו,קימברלי קלארק ישראל שיווק בעמ,,,יח,1,,false,1,38.90,38.90,false,1,
17841090,true,מגש פיצוחים קטן 6 תאים  שווה*,ווינפאק סחר בעמ,,,יח,1,יח,false,25,7.90,7.90,false,1,
17841250,true,"נוזל חלונות 1 ליטר   ""שווה""*",ווינפאק סחר בעמ,,,יח,1,לליטר,false,15,4.90,4.90,true,1,
17841274,true,"חדש מרקיה 1 ק""ג (110  יח) שווה  *",ווינפאק סחר בעמ,,,יח,110,יח,false,1,34.90,0.32,true,1,
17841656,true,מיקרופייבר מקצועי *2 בליסטר 50/80 שווה,HUBEI G YOUNG CO LTD,,,יח,2,יח,false,1,14.90,7.45,false,1,
17841700,true,"כפפות ניטריל  שחור  M  ""שווה""    *",ווינפאק סחר בעמ,,,יח,100,יח,false,1,24.90,0.25,false,1,
17841717,true,"כפפות ניטריל  שחור  L  ""שווה""    *",ווינפאק סחר בעמ,,,יח,100,יח,false,1,24.90,0.25,false,1,
17842004,true,תבניות ומכסים  (R29)8B ו  10+10 שווה*,אופל אריזות בעמ,,,יח,1,יח,false,1,10.90,10.90,true,1,
17842028,true,תבניות ומכסים  (R2)90 ו  5+5 שווה*,אופל אריזות בעמ,,,יח,1,יח,false,1,10.90,10.90,true,1,
17842035,true,תבניות ומכסים  (R64)80A ו  5+5 שווה*,אופל אריזות בעמ,,,יח,1,יח,false,1,10.90,10.90,true,1,
17842202,true,נייר טישו כיס מארז 10יח`   שווה*,חביב את פרנק בעמ (לוגיסטי ),,,יח,1,למארז,false,1,5.90,5.90,true,1,
17842226,true,פילה סרדין 125  גר` בשמן צמחי שווה*,רוברטו פוד בעמ,,,יח,1.25,ל 100 גרם,false,25,4.90,3.92,false,1,
17842233,true,מקרלים  בשמן צמחי 125 גר` שווה*,רוברטו פוד בעמ,,,יח,1.25,ל 100 גרם,false,25,3.90,3.12,true,1,
17842554,true,"חמאת בוטנים בד""צ 510  קלאסית ""שווה""",NIZA S.A AGRENTINA,,,יח,5.10,ל 100 גרם,false,1,9.90,1.94,true,1,
17842561,true,"חמאת בוטנים בד""צ 510  קראנץ`  ""שווה""",NIZA S.A AGRENTINA,,,יח,5.10,ל 100 גרם,false,1,9.90,1.94,true,1,
32147230,true,לימון משומר 200,"דנשר (1963) בע,מ",,,יח,2,"ל 100 מ""ל",false,1,6.90,3.45,false,1,
40084107,true,קינדר ביצה בודד,פרימיום חברה לדברי מ.,,,יח,1,,false,1,5.90,5.90,false,1,
42051938,true,"גביעי אחסון 7 יח 270 מ""ל  שווה (40 בק`",אשוש חצב בעמ,,,יח,6,יח,false,1,8.90,1.48,true,1,
42101666,true,איירוייבז HP  מנטה ואקליפטוס,ריגלי ישראל בעמ,,,יח,0.64,ל 100 גרם,false,1,5.90,9.22,false,1,
55090702,true,איגלו מן 70 יח,כרמית תעשיות ממתקים בעמ,,,יח,2.24,לליטר,false,1,12.90,5.76,false,1,
72940754,true,מילקי וניל,שטראוס גרופ בעמ (ח),,,יח,1.30,"ל 100 מ""ל",false,1,2.90,2.23,false,1,
72940761,true,מילקי,שטראוס גרופ בעמ (ח),,,יח,1.30,"ל 100 מ""ל",false,1,2.90,2.23,false,1,
72940952,true,מילקי פי 2 ק,שטראוס גרופ בעמ (ח),,,יח,1.70,"ל 100 מ""ל",false,1,3.60,2.12,false,1,
72940976,true,כרוב אדום 200,שטראוס גרופ בעמ (ח),,,יח,2.50,ל 100 גרם,false,1,8.90,3.56,false,1,
72940983,true,חומוס 250 אחלה,שטראוס גרופ בעמ (ח),,,יח,2.50,ל 100 גרם,false,1,6.90,2.76,false,1,
72941041,true,מלקי מיני,שטראוס גרופ בעמ (ח),,,יח,1.30,"ל 100 מ""ל",false,1,2.10,1.62,false,1,
72945308,true,קוביות שמרים,שטראוס גרופ בעמ (ח),,,יח,0.50,ל 100 גרם,false,1,3.50,7,false,1,
72961209,true,ש.שמנית,תנובה -חלב,,,יח,2,"ל 100 מ""ל",false,1,2.40,1.20,false,1,
72961216,true,אשד,תנובה -חלב,,,יח,2,"ל 100 מ""ל",false,1,1.69,0.85,false,1,
72961223,true,גילה,תנובה -חלב,,,יח,2,"ל 100 מ""ל",false,1,1.50,0.75,false,1,
72961506,true,פרלי תות,תנובה -חלב,,,יח,1.25,"ל 100 מ""ל",false,1,3.40,2.72,false,1,
72961520,true,פרלי אננס ק,תנובה -חלב,,,יח,1.25,"ל 100 מ""ל",false,1,3.40,2.72,false,1,
72961544,true,באדי תות,תנובה -חלב,,,יח,1.25,"ל 100 מ""ל",false,1,2.80,2.24,false,1,
72986233,true,באדי מעדן וניל 125,תנובה -חלב,,,יח,1.25,"ל 100 מ""ל",false,1,2.80,2.24,false,1,
72986240,true,באדי תנובה מעדן,תנובה -חלב,,,יח,1.25,"ל 100 מ""ל",false,1,2.80,2.24,false,1,
72993637,true,דני שוקולד בודד,שטראוס גרופ בעמ (ח),,,יח,1.25,"ל 100 מ""ל",false,1,2.60,2.08,false,1,
72994061,true,פסק זמן גוד 2,שטראוס גרופ בעמ,,,יח,0,ל 100 גרם,false,1,4.50,4.50,false,1,
80001287,true,גרדנה 25 יח  38ג,ליימן שליסל בעמ,,,יח,1,,false,1,3.50,3.50,false,1,
80001461,true,גרדנה 25 יח  שוקולד 38 גר,ליימן שליסל בעמ,,,יח,0.38,ל 100 גרם,false,1,3.50,9.21,false,1,
80001911,true,גרדנה לבנה יח  38ג,ליימן שליסל בעמ,,,יח,1,,false,1,3.50,3.50,false,1,
80050025,true,טיק טק ט. תפוז,פרימיום חברה לדברי מ.,,,יח,0.16,ל 100 גרם,false,1,3.30,20.63,true,1,
80050124,true,חטיף טיק טק,פרימיום חברה לדברי מ.,,,יח,0.16,ל 100 גרם,false,1,3.30,20.63,true,1,
80052760,true,קינדר בואנו,פרימיום חברה לדברי מ.,,,יח,1,,false,1,3.90,3.90,false,1,
80136194,true,וופל קרם הפי היפוי 5,פרימיום חברה לדברי מ.,,,יח,1.30,ל 100 גרם,false,1,12.90,9.92,false,1,
80176800,true,ממרח נוטלה 750 גרם,פרימיום חברה לדברי מ.,,,יח,7.50,ל 100 גרם,false,1,24.90,3.32,false,1,
80177173,true,ממרח נוטלה  קטן 350 גרם,פרימיום חברה לדברי מ.,,,יח,3.50,ל 100 גרם,false,1,13.90,3.97,false,1,
80177609,true,קינדר 20*50 גר,פרימיום חברה לדברי מ.,,,יח,0.50,ל 100 גרם,false,1,3.80,7.60,false,1,
80177616,true,קינדר 100 גרם,פרימיום חברה לדברי מ.,,,יח,1,ל 100 גרם,false,1,6.90,6.90,false,1,
80761761,true,קינדר בואנו לבן,פרימיום חברה לדברי מ.,,,יח,1,,false,1,3.90,3.90,false,1,
80773429,true,מנטוס בקבוק מעוגל טעם תות,ליימן שליסל בעמ,,,יח,0.24,ל 100 גרם,false,1,9.90,41.25,true,1,
80776307,true,מנטוס ביג בקבוק מעוגל מנטה  םערות,ליימן שליסל בעמ,,,יח,0.24,ל 100 גרם,false,1,16.90,70.42,false,1,
80780595,true,מנטוס ביג בקבוק מעוגל מנטה עדינה,ליימן שליסל בעמ,,,יח,0.24,ל 100 גרם,false,1,16.90,70.42,false,1,
80790990,true,מנטוס בקבוק מעוגל קטן  ט. מנטה עדינה,ליימן שליסל בעמ,,,יח,0.24,ל 100 גרם,false,1,9.90,41.25,true,1,
80794233,true,מנטוס ביג בקבוק מעוגל מנטה,ליימן שליסל בעמ,,,יח,0.24,ל 100 גרם,false,1,16.90,70.42,false,1,
80843184,true,מנטוס פיור בקבקוק  ענבים,ליימן שליסל בעמ,,,יח,0.60,ל 100 גרם,false,1,9.90,16.50,true,1,
80862130,true,מנטוס פיור פרש בטעם  אבטיח,ליימן שליסל בעמ,,,יח,0,ל 100 גרם,false,1,3.50,3.50,true,1,
80864295,true,מנטוס  מנטה  עדינה,ליימן שליסל בעמ,,,יח,1,ל 100 גרם,false,1,9.90,9.90,true,1,
80896081,true,מנטוס בקבוק מעוגל טעם אבטיח,ליימן שליסל בעמ,,,יח,0.24,ל 100 גרם,false,1,9.90,41.25,true,1,
80913467,true,מנטוס בקבוק מעוגל קטן  ט. מנטה,ליימן שליסל בעמ,,,יח,0.24,ל 100 גרם,false,1,9.90,41.25,true,1,
80945468,true,מנטוס  מנטה מתוקה,ליימן שליסל בעמ,,,יח,1,ל 100 גרם,false,1,9.90,9.90,true,1,
80954521,true,מנטוס פיור פרש בטעם תות,ליימן שליסל בעמ,,,יח,0,ל 100 גרם,false,1,3.50,3.50,true,1,
80974215,true,מנטוס ביג בקבוק מעוגל  תות,ליימן שליסל בעמ,,,יח,0.24,ל 100 גרם,false,1,16.90,70.42,false,1,
80979128,true,מנטוס פיור בקבקוק דובדבן,ליימן שליסל בעמ,,,יח,0.60,ל 100 גרם,false,1,9.90,16.50,true,1,
80982470,true,מנטוס בקבוק מעוגל קטן  ט. מנטה,ליימן שליסל בעמ,,,יח,0.24,ל 100 גרם,false,1,9.90,41.25,true,1,
80986348,true,מנטוס  מנטה,ליימן שליסל בעמ,,,יח,1,ל 100 גרם,false,1,9.90,9.90,true,1,
80995128,true,מנטוס בקבוק טעם  הרדים,ליימן שליסל בעמ,,,יח,0.24,ל 100 גרם,false,1,9.90,41.25,true,1,
87108538,true,מנטוס תות,ליימן שליסל בעמ,,,יח,0.37,ל 100 גרם,false,1,2.90,7.84,false,1,
87108651,true,מנטוס מנטה 4 יח,ליימן שליסל בעמ,,,יח,1,,false,1,10.90,10.90,false,1,
87108712,true,מנטוס פירות 1/4,ליימן שליסל בעמ,,,יח,1.50,ל 100 גרם,false,1,10.90,7.27,false,1,
100245231,true,KNORR CAS PLUS CH. FLAVOR W.SOUP ALMONDS,"יוניליוור ישראלשיווק בע""מ",,,יח,0.50,ל 100 גרם,false,12,6.50,13,false,1,
100341803,true,בונזו  חטיף רצועות עוף,דיפלומט מפיצים {1968}בעמ,,,יח,0.90,ל 100 גרם,false,1,4.90,5.44,false,1,
100700075,true,Golden breadcrumbs 200g - Sugat,סוגת תעשיות בעמ,,,יח,2,ל 100 גרם,false,1,4.10,2.05,true,1,
100700297,true,עדשים מנומרות 500ג  סוגת,סוגת תעשיות בעמ,,,יח,5,ל 100 גרם,false,1,7.90,1.58,false,1,
100700419,true,Bulgur 1 kg - Sugat,סוגת תעשיות בעמ,,,יח,10,ל 100 גרם,false,1,7.90,0.79,false,1,
100700587,true,Bulgur 500g - Sugat,סוגת תעשיות בעמ,,,יח,5,ל 100 גרם,false,1,4.90,0.98,true,1,
100701126,true,Shaoiat GP 500 g - Sugat,סוגת תעשיות בעמ,,,יח,5,ל 100 גרם,false,1,10.90,2.18,true,1,
100701140,true,Arborio risotto rice 1 kg - Sugat,סוגת תעשיות בעמ,,,יח,10,ל 100 גרם,false,1,12.90,1.29,false,1,
100701300,true,Red quinoa 500 g - Sugat,סוגת תעשיות בעמ,,,יח,5,יח,false,1,14.90,2.98,true,1,
100701454,true,Grisha 500g - Sugat,סוגת תעשיות בעמ,,,יח,5,ל 100 גרם,false,1,4.90,0.98,true,1,
100702246,true,שמרים יבשים בואקום 500ג  סוגת*,סוגת תעשיות בעמ,,,יח,5,ל 100 גרם,false,1,12.90,2.58,true,1,
100702253,true,שמרים יבשים בפחית 100ג סוגת*,סוגת תעשיות בעמ,,,יח,5,ל 100 גרם,false,1,7.90,1.58,false,1,
100702260,true,Finely 350g couscous - Sugat,סוגת תעשיות בעמ,,,יח,3.50,ל 100 גרם,false,1,4.90,1.40,true,1,
100702277,true,Thick 350g couscous - Sugat,סוגת תעשיות בעמ,,,יח,3.50,ל 100 גרם,false,1,4.90,1.40,true,1,
100702284,true,350 g whole wheat couscous - Sugat,סוגת תעשיות בעמ,,,יח,3.50,ל 100 גרם,false,1,4.90,1.40,true,1,
100702314,true,Shaoiat black 500g - Sugat,סוגת תעשיות בעמ,,,יח,5,ל 100 גרם,false,1,9.90,1.98,false,1,
100702666,true,פתיתים אפויים עם בצל  400 ג סוגת,סוגת תעשיות בעמ,,,יח,5,ל 100 גרם,false,1,4.90,0.98,true,1,
100702741,true,סוכר חום בהיר צנצנת סוגת*,סוגת תעשיות בעמ,,,יח,1,"לק""ג",false,1,10.90,10.90,false,1,
100703007,true,עדשים שחורות  בלוגה 500ג  סוגת*,סוגת תעשיות בעמ,,,יח,5,ל 100 גרם,false,12,7.90,1.58,false,1,
100703847,true,50 sticks of brown sugar - Sugat,סוגת תעשיות בעמ,,,יח,2.50,ל 100 גרם,false,1,8.90,3.56,false,1,
101866633,true,קליה ג`ל 3ליטר,רקיט בנקיסר (ניר איסט),,,יח,3,"ל 100 מ""ל",false,1,26.90,8.97,true,1,
102060764,true,מרידול מברשת שיניים זוג,ש.שסטוביץ בעמ,,,יח,1,,false,1,34.90,34.90,true,1,
102062195,true,"אלמקס מ. שיניים ג`וניור 75 מ""ל",ש.שסטוביץ בעמ,,,יח,1,,false,1,16.90,16.90,true,1,
102393169,true,מולר סימפלי פרוייט תות שדה,החברה המרכזית טלהפצת משקאות בע,,,יח,1.50,ל 100 גרם,false,1,5.50,3.67,true,1,
102393176,true,מולר סימפלי פרוייט  אפרסק,החברה המרכזית טלהפצת משקאות בע,,,יח,1.50,ל 100 גרם,false,1,5.50,3.67,true,1,
102393190,true,מולר סימפלי פרוייט  פירות יער,החברה המרכזית טלהפצת משקאות בע,,,יח,1.50,ל 100 גרם,false,1,5.50,3.67,true,1,
102393268,true,גבינה לבנה 5%-750 גרם,החברה המרכזית טלהפצת משקאות בע,,,יח,7.50,ל 100 גרם,false,1,14.90,1.99,false,1,
102393947,true,מולר סימפלי פרויט,החברה המרכזית טלהפצת משקאות בע,,,יח,1.50,ל 100 גרם,false,1,5.50,3.67,true,1,
102395378,true,גבינה   צהובה  28%  360 גר`,החברה המרכזית טלהפצת משקאות בע,,,יח,3.60,ל 100 גרם,false,1,22.90,6.36,true,1,
102396443,true,מוו וניל,החברה המרכזית טלהפצת משקאות בע,,,יח,5,ל 100 גרם,false,1,2.90,0.58,true,1,
102397204,true,גבינה   צהובה%22 200 גר`,החברה המרכזית טלהפצת משקאות בע,,,יח,2.20,ל 100 גרם,false,1,18.90,8.59,false,1,
102842360,true,אבקה להכנת  סופלה שוקולד,נאמן לאורך זמן בעמ,,,יח,2.50,ל 100 גרם,false,1,14.90,5.96,false,1,
103401429,true,קפה פלטינום ברזילאי,שטראוס גרופ בעמ,,,יח,2,ל 100 גרם,false,1,24.90,12.45,true,1,
104061417,true,חומוס טחינה 400  גר`אחלה,שטראוס גרופ בעמ (ח),,,יח,1,,false,1,10.90,10.90,false,1,
104061424,true,חומוס  זעתר    400  גר`אחלה,שטראוס גרופ בעמ (ח),,,יח,4,ל 100 גרם,false,1,10.90,2.73,false,1,
104061431,true,חומוס  צנובר   400  גר`אחלה,שטראוס גרופ בעמ (ח),,,יח,4,ל 100 גרם,false,1,10.90,2.73,false,1,
104061448,true,חומוס  חריף  400  גר`אחלה,שטראוס גרופ בעמ (ח),,,יח,4,ל 100 גרם,false,1,10.90,2.73,false,1,
104062599,true,גמדים מארז חיסכון,שטראוס גרופ בעמ (ח),,,יח,1,,false,1,17.90,17.90,false,1,
104066566,true,טחינה בשומשום מלא,שטראוס גרופ בעמ (ח),,,יח,5,ל 100 גרם,false,1,13.90,2.78,true,1,
104068539,true,מאסט  אבטיח מלון    פפר,שטראוס גרופ בעמ,,,יח,0.28,ל 100 גרם,false,1,4,14.29,false,1,
104500572,true,אפרופו איטליאנו 50 גרם,קבוצת אוסם סחר שותפות מוגבלת,,,יח,0.50,ל 100 גרם,false,1,4.90,9.80,true,1,
104501661,true,פודינג  בטעם וניל צרפתי,קבוצת אוסם סחר שותפות מוגבלת,,,יח,0.80,ל 100 גרם,false,1,5.80,7.25,true,1,
104504228,true,מארז דובונים,קבוצת אוסם סחר שותפות מוגבלת,,,יח,1,ל 100 גרם,false,1,12.90,12.90,true,1,
104508202,true,גבעי גלידה מתוקים  24 יח`,קבוצת אוסם סחר שותפות מוגבלת,,,יח,1.20,ל 100 גרם,false,1,13.90,11.58,false,1,
104721762,true,מארז טורקי שלישיות,שטראוס גרופ בעמ,,,יח,2.55,ל 100 גרם,false,1,19.90,7.80,false,1,
104722530,true,תפוצ`יפס  בטעם שמנת בצל,שטראוס פריטו ליי בעמ,,,יח,2,ל 100 גרם,false,1,9.90,4.95,true,1,
104726712,true,מארז  מילקי   שמניה,שטראוס גרופ בעמ (ח),,,יח,8,למארז,false,1,19.90,2.49,false,1,
104728310,true,"שמנת מתוקה 38%-250  מ""ל{פ}",שטראוס גרופ בעמ (ח),,,יח,5,ל 100 גרם,false,1,6.47,1.29,false,1,
104960239,true,"סבון ארומה  לבן 750 מ""ל",החברה הדרומית לשיווק בעמ,,,יח,7.50,לליטר,false,1,9.90,1.32,false,1,
104961250,true,תחליב רחצה  מגע קטיפה  וניל,החברה הדרומית לשיווק בעמ,,,יח,7.50,לליטר,false,1,9.90,1.32,false,1,
105180261,true,משחת  נעליים+ ידית מארז חיסכון,אריסטוקרט מ.ב.ליבוא שווק בעמ,IL,,יח,2,ל 100 גרם,false,1,9.90,4.95,false,1,
105366023,true,חצילים בטעם כבד  400,שטראוס גרופ בעמ (ח),,,יח,4,ל 100 גרם,false,1,14.90,3.73,true,1,
105366047,true,טחינה לבנה  400  גר`אחלה,שטראוס גרופ בעמ (ח),,,יח,5,ל 100 גרם,false,1,15.90,3.18,true,1,
105691224,true,חטיפי טורטיות,קבוצת אוסם סחר שותפות מוגבלת,,,יח,0.60,ל 100 גרם,false,1,6.90,11.50,false,1,
105962331,true,סחוג  אדום תימני,שטראוס גרופ בעמ (ח),,,יח,2.20,ל 100 גרם,false,1,11.90,5.41,false,1,
105963000,true,מטבוחה 400 גר אחלה,שטראוס גרופ בעמ (ח),,,יח,4,ל 100 גרם,false,1,10.90,2.73,true,1,
106572027,true,לחמית  חמישה דגנים,קבוצת אוסם סחר שותפות מוגבלת,,,יח,1.90,ל 100 גרם,false,1,7.90,4.16,true,1,
106575431,true,עוגת סופלה בטעם שוקו וניל,קבוצת אוסם סחר שותפות מוגבלת,,,יח,3.40,ל 100 גרם,false,1,11.90,3.50,false,1,
106577282,true,טחינה מרובע צבר 400 גרם,קבוצת אוסם סחר שותפות מוגבלת,,,יח,4,ל 100 גרם,false,1,11.90,2.98,true,1,
106577541,true,כרוב אדום מרובע צבר 400 גרם,קבוצת אוסם סחר שותפות מוגבלת,,,יח,4,ל 100 גרם,false,1,11.90,2.98,true,1,
106577572,true,מטבוחה מרובע צבר 400 גרם,קבוצת אוסם סחר שותפות מוגבלת,,,יח,4,ל 100 גרם,false,1,11.90,2.98,true,1,
107647823,true,TELMA GLUTEN FREE BRANFLAKES 8X375G,"יוניליוור ישראלשיווק בע""מ",,,יח,5,ל 100 גרם,false,1,19.90,3.98,false,1,
107950336,true,מילקי  טופ מגולגלת מריר,שטראוס גרופ בעמ (ח),,,יח,1.34,ל 100 גרם,false,1,4.50,3.36,false,1,
107951111,true,וופל לימון  200,שטראוס גרופ בעמ,,,יח,2,ל 100 גרם,false,1,3.90,1.95,false,1,
108350531,true,ספארק כלים  לימון 1  ליטר+ משאבה,החברה הדרומית לשיווק בעמ,,,יח,10,"ל 100 מ""ל",false,1,11.90,1.19,false,1,
108504699,true,רבעיית נתחי  טונה  בשמן קנולה 160 גר`,ג.וילי פוד בעמ,,,יח,0.64,ל 100 גרם,false,1,21.90,34.22,false,1,
112490896,true,רוטב צ`ילי חריף 370גרם  קנור*,"יוניליוור ישראלשיווק בע""מ",,,יח,3.70,ל 100 גרם,false,1,9.90,2.68,false,1,
112492449,true,"פינוק שמפו לשיער רגיל 700 מ""ל*","יוניליוור ישראלשיווק בע""מ",,,יח,7,"ל 100 מ""ל",false,1,11.90,1.70,false,1,
112495235,true,TELMA BRANFLAKES 8X750G BADAZ,"יוניליוור ישראלשיווק בע""מ",,,יח,1,,false,1,17.90,17.90,false,1,
112495433,true,TELMA DELIPECAN BADATZ 2011 12X400 GR,"יוניליוור ישראלשיווק בע""מ",,,יח,4,ל 100 גרם,false,1,19.90,4.98,false,1,
112870322,true,Green olives rings 15-17 a2,קבוצת יבנה מוצרי מזון,,,יח,5.60,ל 100 גרם,false,1,8.90,1.59,false,1,
113192348,true,זית ירוק 17-19  בית השיטה,קבוצת אוסם סחר שותפות מוגבלת,,,יח,3.40,ל 100 גרם,false,1,9.90,2.91,true,1,
117032053,true,סכינים איכותיות 40יח צבעוני  שווה*,ווינפאק סחר בעמ,,,יח,40,יח,false,1,5.90,0.15,false,1,
117032084,true,כפות איכותיות 40יח צבעוני  שווה*,ווינפאק סחר בעמ,,,יח,40,יח,false,1,5.90,0.15,false,1,
117032114,true,כפיות איכותי 40יח צבעוני  שווה*,ווינפאק סחר בעמ,,,יח,40,יח,false,1,5.90,0.15,false,1,
201277006,true,תבנית 200 ענק R99  פאלאס*,אופל אריזות בעמ,,,יח,1,יח,false,1,1.90,1.90,false,1,
7290003006,true,סלטה פטה בטעמים,טוב אל חברה לשווק בעמ,,,"לק""ג",1,,true,1,73,73,false,1,
9800800056,true,נטולה גו  חדש,פרימיום חברה לדברי מ.,,,יח,0.52,יח,false,1,5.50,10.58,false,1,
16000281684,true,חטיף פקאן 1/5,ליימן שליסל בעמ,,,יח,2.10,ל 100 גרם,false,1,15.90,7.57,true,1,
16000423534,true,חטיף בריאות  שיבולת שועל שוקולד מריר,ליימן שליסל בעמ,,,יח,2.10,ל 100 גרם,false,1,15.90,7.57,true,1,
16000548404,true,גרנולה חטיף טבעי קראנצ,ליימן שליסל בעמ,,,יח,2.10,ל 100 גרם,false,1,15.90,7.57,true,1,
16000548503,true,קרנצ יחטיפי גרנולה,ליימן שליסל בעמ,,,יח,2.10,ל 100 גרם,false,1,15.90,7.57,true,1,
18000701223,true,תערובת  עוגה בטעם שוקולד,ליימן שליסל בעמ,,,יח,5,ל 100 גרם,false,1,17.90,3.58,false,1,
18000703494,true,תערובת לעוגת וני,ליימן שליסל בעמ,,,יח,5,ל 100 גרם,false,1,17.90,3.58,false,1,
19548003107,true,צימקאו בטעם שוקולד לבן 300,תה ויסוצקי (ישראל)בעמ,,,יח,3,ל 100 גרם,false,1,8.50,2.83,false,1,
25675300958,true,סטיגלס קשיות עם אבקה 9 גר`,לירון קרביץ יבוא שיווק וסחר,,,יח,1.50,ל 100 גרם,false,1,1.10,0.73,false,1,
34000544028,true,ליקוריץ תות 198 ג,ליימן שליסל בעמ,,,יח,1.50,ל 100 גרם,false,1,7.90,5.27,false,1,
34000544431,true,ליקוריץ  דובדבן 198 ג,ליימן שליסל בעמ,,,יח,1.72,ל 100 גרם,false,1,7.90,4.59,false,1,
36000183399,true,האגיס ליטל S,קימברלי קלארק ישראל שיווק בעמ,,,יח,1,,false,1,32.90,32.90,false,1,
36000516876,true,טישו קליניקס 75 3 שכבות,קימברלי קלארק ישראל שיווק בעמ,,,יח,1,,false,1,13.90,13.90,false,1,
36000516890,true,טישו קליניקס 120 3 שכבות,קימברלי קלארק ישראל שיווק בעמ,,,יח,1,,false,1,23.90,23.90,false,1,
38000138638,true,פרינגלס  פיצה  158 גר`,דיפלומט מפיצים {1968}בעמ,,,יח,1.58,ל 100 גרם,false,1,9.90,6.27,true,1,
38000197840,true,פרינגלס  גלי בטעם  חריף  130 גר`,דיפלומט מפיצים {1968}בעמ,,,יח,1.30,ל 100 גרם,false,1,9.90,7.62,true,1,
38000232152,true,פרינגלס  ברבקיו   158 גר`,דיפלומט מפיצים {1968}בעמ,,,יח,1.58,ל 100 גרם,false,1,9.90,6.27,true,1,
38000232176,true,54פרינגלס  שמנת בצל    158 גר`,דיפלומט מפיצים {1968}בעמ,,,יח,1.58,ל 100 גרם,false,1,9.90,6.27,true,1,
38000232183,true,פרינגלס  אורגינל 149 גר`,דיפלומט מפיצים {1968}בעמ,,,יח,1.58,ל 100 גרם,false,1,9.90,6.27,true,1,
40232885518,true,אוכמניות ארוז,פירות עולם בעמ,,,יח,1,,false,1,14.90,14.90,true,1,
46214731552,true,עוגיות שוקוצי פס מרווה,ש.שסטוביץ בעמ,,,יח,2.25,ל 100 גרם,false,1,8.90,3.96,false,1,
55500012046,true,קלין אפ מרסס אקונומיקה 946,גורי מוצרי צריכה 1991 בעמ,,,יח,9.46,"ל 100 מ""ל",false,1,20.90,2.21,false,1,
64144090051,true,שמן פאם על בסיס קנולה,ליימן שליסל בעמ,,,יח,1.48,"ל 100 מ""ל",false,1,17.90,12.09,false,1,
73490130946,true,פתיבר קלאסי חמאה 500 גרם הדר*,אפיפית נצרת תעשיות בסקויט,,,יח,5,ל 100 גרם,false,1,5.90,1.18,false,1,
73490130953,true,פתיבר קלאסי שוקו 500 גרם הדר *,אפיפית נצרת תעשיות בסקויט,,,יח,5,ל 100 גרם,false,1,5.90,1.18,false,1,
85659100006,true,עוגיות עבדי מלח 400,תה ויסוצקי (ישראל)בעמ,,,יח,4,ל 100 גרם,false,1,17.90,4.48,false,1,
195480030088,true,בלוק צמקאו מריר 300 גר`,תה ויסוצקי (ישראל)בעמ,,,יח,3,ל 100 גרם,false,1,8.50,2.83,false,1,
324787290109,true,מעורב ירושלמי גוליה,ג`וליה מעדני בשר בעמ,,,"לק""ג",1,,true,1,58.90,58.90,false,1,
324787290122,true,קבבוני טלה גוליה,ג`וליה מעדני בשר בעמ,,,"לק""ג",10,ל 100 גרם,true,1,58.90,5.89,false,1,
324787290189,true,המבורגר  אנטריקוט גוליה,ג`וליה מעדני בשר בעמ,,,"לק""ג",10,ל 100 גרם,true,1,58.90,5.89,false,1,
324787290199,true,סטייק אנגוס פרימיום  גוליה,ג`וליה מעדני בשר בעמ,,,"לק""ג",1,,true,1,249,249,false,1,
324787290230,true,קבבוני  אנגוס גוליה,ג`וליה מעדני בשר בעמ,,,"לק""ג",10,ל 100 גרם,true,1,58.90,5.89,false,1,
324787290358,true,המבורגר  אנטריקוט גוליה,ג`וליה מעדני בשר בעמ,,,"לק""ג",10,ל 100 גרם,true,1,58.90,5.89,false,1,
608011104238,true,לחמניות  המבורגר,גיא שיווק טוב,,,יח,1,יח,false,1,12.90,12.90,false,1,
710069006867,true,עוגיות סנדויץ וניל 150  ג`הדר*,אפיפית נצרת תעשיות בסקויט,,,יח,1.75,ל 100 גרם,false,1,3.50,2,true,1,
710069055452,true,עוגיות סנדויץ שוקו 150  ג`הדר*,אפיפית נצרת תעשיות בסקויט,,,יח,1.75,ל 100 גרם,false,1,3.50,2,true,1,
710800027573,true,מיני מנטוס שקית,ליימן שליסל בעמ,,,יח,1.78,ל 100 גרם,false,1,13.50,7.58,false,1,
729019056621,true,ספרינג 1.5 פירות קיץ,יפאורה שותפות מוגבלת לשיווק,,,יח,15,"ל 100 מ""ל",false,1,8.90,0.57,true,1,
729107645591,true,KNORR ANI CHICKEN FLV BDZ SAVVY 6X400G,"יוניליוור ישראלשיווק בע""מ",,,יח,4,ל 100 גרם,false,1,14.90,3.73,false,1,
850006036028,true,עבדי מאפה חיטה מקלונים ט.סלק בצל,תה ויסוצקי (ישראל)בעמ,,,יח,4,ל 100 גרם,false,1,17.90,4.48,true,1,
856591000055,true,עוגיות עבדי  קריספי  400,תה ויסוצקי (ישראל)בעמ,,,יח,4,ל 100 גרם,false,1,17.90,4.48,false,1,
856591000109,true,עוגיות מזרחיות  פריך   מיוחד,תה ויסוצקי (ישראל)בעמ,,,יח,4,ל 100 גרם,false,1,17.90,4.48,false,1,
856591000512,true,עוגיות מזרחיות מקלות  לניגוב,תה ויסוצקי (ישראל)בעמ,,,יח,4,ל 100 גרם,false,1,17.90,4.48,true,1,
856591000918,true,מארז חטיף טבעי 8*40 גר`,תה ויסוצקי (ישראל)בעמ,,,יח,3.20,ל 100 גרם,false,1,17.90,5.59,false,1,
893594002051,true,חטיף  פופקורן צ`יפס  טעם גבינת צ`דר,שטראוס פריטו ליי בעמ,,,יח,0.32,ל 100 גרם,false,1,5.90,18.44,false,1,
2617290001990,false,Hummus 1 kg - Sugat,סוגת תעשיות בעמ,,,יח,10,ל 100 גרם,false,1,13.90,1.39,false,1,
3282554138911,false,כפיות לבן 100 יח  PP ארקפלסט (40 בק`)*,ARCPLAST PLASTIK,,,יח,100,יח,false,1,8.90,0.09,true,1,
3282554174841,false,מזלגות לבן 100 יח  PP ארקפלסט (40 בק`),ARCPLAST PLASTIK,,,יח,100,יח,false,1,8.90,0.09,true,1,
3282554174957,false,כפות לבן 100 יח  PP ארקפלסט (40 בק`)*,ARCPLAST PLASTIK,,,יח,100,יח,false,1,8.90,0.09,true,1,
3387390525960,false,קרנץ דגנים  500 גר נסטלה,קבוצת אוסם סחר שותפות מוגבלת,,,יח,5,ל 100 גרם,false,1,21.90,4.38,true,1,
3574661141022,false,וניה תחחבושות הגיניות מקסי לילה,ש.שסטוביץ בעמ,,,יח,1,,false,1,23.90,23.90,false,1,
3574661487618,false,קפרי מקסי לארג  מבושם,ש.שסטוביץ בעמ,,,יח,1,,false,1,15.90,15.90,true,1,
3574661487625,false,קפרי מגן תחתון מקסי לארג,ש.שסטוביץ בעמ,,,יח,1,,false,1,15.90,15.90,true,1,
3574661552576,false,קפרי מגן תחתון טנגה רגיל ק.,ש.שסטוביץ בעמ,,,יח,1,,false,1,15.90,15.90,true,1,
3574661552804,false,קפרי מגן תחתון אלוורה 56,ש.שסטוביץ בעמ,,,יח,1,,false,1,15.90,15.90,true,1,
3574661554877,false,קפרי אוורירי מבושם 56 יח,ש.שסטוביץ בעמ,,,יח,1,,false,1,15.90,15.90,true,1,
3574669907972,false,ג`ונסוס  שמפו טיפות של ברק,ש.שסטוביץ בעמ,,,יח,7.50,ל 100 גרם,false,1,21.90,2.92,true,1,
3574669909204,false,"ג`ונסוס  בייבי  שמן 300  מ""ל",ש.שסטוביץ בעמ,,,יח,3,ל 100 גרם,false,1,21.90,7.30,false,1,
4000417101211,false,אמיצ`ילי   גלילי  וופל   בציפוי שוקולד,ליימן שליסל בעמ,,,יח,1.50,ל 100 גרם,false,1,17.90,11.93,false,1,
4014400904376,false,שוקולדן 325,ליימן שליסל בעמ,,,יח,3.25,ל 100 גרם,false,1,14.90,4.58,false,1,
4014400910063,false,וורטר טופי 135  גר,ליימן שליסל בעמ,,,יח,1.35,ל 100 גרם,false,1,7.90,5.85,true,1,
4014400914696,false,ווטר ללא סוכר,ליימן שליסל בעמ,,,לליטר,1,,false,1,7.90,7.90,true,1,
4014400923711,false,טופיפי 125 גר`,ליימן שליסל בעמ,,,יח,1.25,ל 100 גרם,false,1,11.90,9.52,false,1,
4015400564034,false,אולדייז  מגן תחתון מגה פק,דיפלומט מפיצים {1968}בעמ,,,יח,1,,false,1,19.90,19.90,true,1,
4015400564454,false,מגן תחתון אולדייז  מגה   לארג`68 יח`,דיפלומט מפיצים {1968}בעמ,,,יח,1,,false,1,19.90,19.90,true,1,
4015400731719,false,תחבושות אולייוז וליו פק  לילה,דיפלומט מפיצים {1968}בעמ,,,יח,1,,false,1,19.90,19.90,true,1,
4015400746812,false,מגן תחתון אולדייז נורמל 80 יח,דיפלומט מפיצים {1968}בעמ,,,יח,1,,false,1,19.90,19.90,true,1,
4015400755241,false,תחבושות אולייוז וליו פק נורל,דיפלומט מפיצים {1968}בעמ,,,יח,1,,false,1,19.90,19.90,true,1,
4015400755487,false,תחבושות אולייוז לונג פלוס,דיפלומט מפיצים {1968}בעמ,,,יח,1,,false,1,19.90,19.90,true,1,
4015400990543,false,"אריאל קולור 8 ק""ג",דיפלומט מפיצים {1968}בעמ,,,יח,8,"לק""ג",false,1,59.90,7.49,false,1,
4015600762780,false,"הד שולדרס  2 באחדקלאסי 500 מ""ל",דיפלומט מפיצים {1968}בעמ,,,יח,5,"ל 100 מ""ל",false,1,17.90,3.58,false,1,
4015600762902,false,"הד שולדרס  שמפו מנטול  500 מ""ל ק",דיפלומט מפיצים {1968}בעמ,,,יח,5,"ל 100 מ""ל",false,1,17.90,3.58,false,1,
4015600762940,false,"הד שולדרס  תפוח  500 מ""ל",דיפלומט מפיצים {1968}בעמ,,,יח,5,"ל 100 מ""ל",false,1,17.90,3.58,false,1,
4015600766900,false,"הד שולדרס 2 באחד מנטול  500 מ""ל",דיפלומט מפיצים {1968}בעמ,,,יח,5,"ל 100 מ""ל",false,1,17.90,3.58,false,1,
4017100198151,false,בסקויט  ממולא  קרם  וניל היט 220  גר`,ליימן שליסל בעמ,,,יח,2.20,ל 100 גרם,false,1,7.90,3.59,true,1,
4022025001790,false,יין בלו נאן מבעבע גולד 24  קראט*,היכל היין שקד גולן בעמ,,,יח,7.50,"ל 100 מ""ל",false,1,49.90,6.61,false,1,
4084500088917,false,"פיירי  לימון  650מ""ל",דיפלומט מפיצים {1968}בעמ,,,יח,6.50,"ל 100 מ""ל",false,1,10.90,1.68,false,1,
4084500853553,false,"פיירי  אורגינל   650מ""ל",דיפלומט מפיצים {1968}בעמ,,,יח,6.50,"ל 100 מ""ל",false,1,10.90,1.68,false,1,
4084500853836,false,פיירי נ.כלים ורדים  סאטן,דיפלומט מפיצים {1968}בעמ,,,יח,5.15,"ל 100 מ""ל",false,1,10.90,2.12,false,1,
4084500853898,false,"פיירי  מנקה ומטפח  אלוורה ""515ל",דיפלומט מפיצים {1968}בעמ,,,יח,5.15,"ל 100 מ""ל",false,1,10.90,2.12,false,1,
4084500854048,false,פיירי לימון 1.24 ליטר ק,דיפלומט מפיצים {1968}בעמ,,,יח,1.24,"ל 100 מ""ל",false,1,14.80,11.94,false,1,
4084500908178,false,פיירי  ארומטיקס תפוח,דיפלומט מפיצים {1968}בעמ,,,יח,10,"ל 100 מ""ל",false,1,11.90,1.19,false,1,
4603928000976,false,"וודקה בלוגה  נובל 700 מ""ל",טמפו משקאות בעמ,,,יח,7,"ל 100 מ""ל",false,1,129.90,18.51,true,1,
4800888150080,false,DOVE ROLL-ON CUCUMBERS 2012 12X50ML,"יוניליוור ישראלשיווק בע""מ",,,יח,1,,false,1,14.90,14.90,false,1,
4891228302023,false,אקסטרא 3 לגבר רבעיה,ש.שסטוביץ בעמ,,,יח,1,,false,1,21.90,21.90,false,1,
4891228430047,false,.אקסטרא 2 רגיש במיוחד 10,ש.שסטוביץ בעמ,,,יח,1,,false,1,24.90,24.90,true,1,
4891228430085,false,ס.גילוח שיק אקסטרים 4,ש.שסטוביץ בעמ,,,יח,1,,false,1,19.90,19.90,true,1,
4891228430092,false,אקסטרא 3 אשה רבעיה,ש.שסטוביץ בעמ,,,יח,1,,false,1,19.90,19.90,true,1,
4891228460242,false,ס. גילוח שיק קוואטרו נשים,ש.שסטוביץ בעמ,,,יח,1,,false,1,29.90,29.90,true,1,
5000204114867,false,גלייד אורסול בניחוח וניל,"דנשר (1963) בע,מ",,,יח,3,"ל 100 מ""ל",false,1,7.90,2.63,false,1,
5000204114898,false,גלייד אורסול ביחוח מרכך כביסה,"דנשר (1963) בע,מ",,,יח,3,"ל 100 מ""ל",false,1,7.90,2.63,false,1,
5000204114928,false,גלייד אירוסול בניחוח  דובדבן,"דנשר (1963) בע,מ",,,יח,3,"ל 100 מ""ל",false,1,7.90,2.63,false,1,
5000204114959,false,גלייד אורסול ביחוח  פריחה בלבן,"דנשר (1963) בע,מ",,,יח,3,"ל 100 מ""ל",false,1,7.90,2.63,false,1,
5000204114980,false,גלייד אורסול  בניחוח אודיסרה הכחולה,"דנשר (1963) בע,מ",,,יח,3,"ל 100 מ""ל",false,1,7.90,2.63,false,1,
5000204138122,false,גלייד אורסול בניחוח  ספא,"דנשר (1963) בע,מ",,,יח,3,"ל 100 מ""ל",false,1,7.90,2.63,false,1,
5000204153729,false,גלייד  מילוי לבנדר וניל  אוטומטי,"דנשר (1963) בע,מ",,,יח,2.69,"ל 100 מ""ל",false,1,13.90,5.17,false,1,
5000204153903,false,גלייד  מילוי מרכך כביסה  אוטומטי,"דנשר (1963) בע,מ",,,יח,2.69,"ל 100 מ""ל",false,1,13.90,5.17,false,1,
5000204156218,false,גלייד ספריי אוטומטי  מארז ניחוח מרכך,"דנשר (1963) בע,מ",,,יח,2.69,"ל 100 מ""ל",false,1,44.90,16.69,true,1,
5000204167610,false,"גלייד אירסול פסטיבל קינמון 300 מ""ל","דנשר (1963) בע,מ",,,יח,3,"ל 100 מ""ל",false,1,7.90,2.63,false,1,
5000204220933,false,רייד קוטל מעופפים אקליפטוס,"דנשר (1963) בע,מ",,,יח,3,ל 100 גרם,false,1,13.90,4.63,false,1,
5000204658187,false,קיוי קופ  גדולה ג.,"דנשר (1963) בע,מ",,,יח,0.88,"ל 100 מ""ל",false,1,14.90,16.93,false,1,
5000394140820,false,סוללות  דורסל  AA   פלוס פאוור,דיפלומט מפיצים {1968}בעמ,,,יח,1,,false,1,16.90,16.90,false,1,
5010182997253,false,אורסול מקס ריד,"דנשר (1963) בע,מ",,,יח,3,"ל 100 מ""ל",false,1,13.90,4.63,false,1,
5010677554398,false,בקרדי בריזר אבטיח,טמפו משקאות בעמ,,,יח,2.75,"ל 100 מ""ל",false,1,13.40,4.76,true,1,
5029053019598,false,ממחטות קליניס  דסני מ עורב,קימברלי קלארק ישראל שיווק בעמ,,,יח,1,,false,1,14.90,14.90,false,1,
5029053039725,false,טישו קליניקס נטורל פרש 72 דף,קימברלי קלארק ישראל שיווק בעמ,,,יח,1,,false,1,10.90,10.90,false,1,
5029053510828,false,קוטקס סופר 24 יח ק,קימברלי קלארק ישראל שיווק בעמ,,,יח,1,,false,1,17.90,17.90,false,1,
5029053523446,false,קוטקס לילה 20 יח,קימברלי קלארק ישראל שיווק בעמ,,,יח,1,,false,1,17.90,17.90,false,1,
5029053527574,false,דריי נייט 7-4 בנים,קימברלי קלארק ישראל שיווק בעמ,,,יח,1,,false,1,39.90,39.90,false,1,
5029053527581,false,דריי נייט 7-4 בנות,קימברלי קלארק ישראל שיווק בעמ,,,יח,1,,false,1,39.90,39.90,false,1,
5029053527598,false,דריי נייט 8-15 בנים,קימברלי קלארק ישראל שיווק בעמ,,,יח,1,,false,1,39.90,39.90,false,1,
5029053527604,false,דריי נייט 8-15 בנות,קימברלי קלארק ישראל שיווק בעמ,,,יח,1,,false,1,39.90,39.90,false,1,
5029053534589,false,טמפוני קוטקס מיני שילקה,קימברלי קלארק ישראל שיווק בעמ,,,יח,1,,false,1,29.90,29.90,false,1,
5029053534596,false,טמפוני קוטקס  נורמל  שילקה,קימברלי קלארק ישראל שיווק בעמ,,,יח,1,,false,1,29.90,29.90,false,1,
5029053534602,false,טמפוני קוטקס  סופר   שילקה,קימברלי קלארק ישראל שיווק בעמ,,,יח,1,,false,1,29.90,29.90,false,1,
5029053535210,false,טמפון+מוליך  מיני קוטקס,קימברלי קלארק ישראל שיווק בעמ,,,יח,1,,false,1,24.90,24.90,false,1,
5029053535227,false,טמפון+מוליך   נורמל  קוטקס,קימברלי קלארק ישראל שיווק בעמ,,,יח,1,,false,1,24.90,24.90,false,1,
5029053574103,false,טיטולים פול אפס  בנות   יום 20 יח`,קימברלי קלארק ישראל שיווק בעמ,,,יח,1,,false,1,49.90,49.90,false,1,
5029053574110,false,טיטולים פול אפס בנים  יום 20 יח`,קימברלי קלארק ישראל שיווק בעמ,,,יח,1,,false,1,49.90,49.90,false,1,
5029053574141,false,טיטולים פול אפס  בנות  לילה 18 יח`,קימברלי קלארק ישראל שיווק בעמ,,,יח,1,,false,1,49.90,49.90,false,1,
5029053574158,false,טיטולים פול אפס  בנים לילה 18יח`,קימברלי קלארק ישראל שיווק בעמ,,,יח,1,,false,1,49.90,49.90,false,1,
5060517886486,false,מונסטר אנרגי 500,החברה המרכזית להפצת משקאות בע,,,יח,5,"ל 100 מ""ל",false,1,8.90,1.72,false,1,
5060639129102,false,מונסטר אנרגי 500,החברה המרכזית להפצת משקאות בע,,,יח,5,"ל 100 מ""ל",false,1,8.90,1.72,false,1,
5060751218173,false,מונסטר אנרגי אפרסק  500,החברה המרכזית להפצת משקאות בע,,,יח,5,"ל 100 מ""ל",false,1,8.90,1.72,false,1,
5099864006384,false,סימילאק  מהדרין  900  שלב  2,שקד תבל בעמ**,,,יח,9,ל 100 גרם,false,1,74.90,8.32,false,1,
5099864006391,false,סימילאק  מהדרין  900  שלב  3,שקד תבל בעמ**,,,יח,9,ל 100 גרם,false,1,74.90,8.32,false,1,
5410126006087,false,"לוטוס בסקויט קרמל 700 גר` בד""צ",דיפלומט מפיצים {1968}בעמ,,,יח,7,ל 100 גרם,false,1,23.90,3.41,false,1,
5410126726947,false,ממרח עוגיות לוטוס  קרנץ,דיפלומט מפיצים {1968}בעמ,,,יח,3.80,ל 100 גרם,false,1,21.90,5.76,true,1,
5411188110835,false,אלפרו  חלב שקדים    1 ליטר,שטראוס גרופ בעמ,,,יח,10,"ל 100 מ""ל",false,1,12.90,1.29,false,1,
5411188112709,false,אלפרו משקה שקדים ללא סוכר   1 ליטר,שטראוס גרופ בעמ,,,יח,1,לליטר,false,1,12.90,12.90,false,1,
5411188115472,false,אלפרו חלב סויה 1 ליטר,שטראוס גרופ בעמ,,,יח,10,ל 100 גרם,false,1,12.90,1.29,false,1,
5411188124689,false,אלפרו  משקה שיבולת שועל 1 ליטר,שטראוס גרופ בעמ,,,יח,10,"ל 100 מ""ל",false,1,12.90,1.29,false,1,
5411188134985,false,אלפרו 3.5% שומן ש. שועל,שטראוס גרופ בעמ (ח),,,יח,10,"ל 100 מ""ל",false,1,13.90,1.39,false,1,
5601008200444,false,גודיס  עוגיות טבעת מצופה,ש.שסטוביץ בעמ,,,יח,1.50,ל 100 גרם,false,1,4.90,3.27,false,1,
5601008200451,false,גודיס  עוגיות טבעת מצופה  מרי,ש.שסטוביץ בעמ,,,יח,1.50,ל 100 גרם,false,1,4.90,3.27,false,1,
5601008200468,false,גודיס  עוגיות טבעת מצופה לבן,ש.שסטוביץ בעמ,,,יח,1.50,ל 100 גרם,false,1,4.90,3.27,false,1,
5701932026964,false,הוטפופ מתוק מלוח,ליימן שליסל בעמ,,,יח,6,ל 100 גרם,false,1,14.90,2.48,true,1,
5701932026971,false,הוטפופ חמאה 600,ליימן שליסל בעמ,,,יח,6,ל 100 גרם,false,1,14.90,2.48,true,1,
5701932026995,false,הוטפופ לייט טבעי 510,ליימן שליסל בעמ,,,יח,5.10,ל 100 גרם,false,1,14.90,2.92,true,1,
5705550303360,false,ביצי דגים  סטאר  פוד*,כ. נועם סוכניותלשיווק בעמ,,,יח,2,ל 100 גרם,false,1,11.20,5.60,false,1,
5765220190393,false,בלוני מספרים 16 אינץ`,לירון קרביץ יבוא שיווק וסחר,,,יח,1,ל 100 גרם,false,1,6.50,6.50,false,1,
5765220190416,false,נרות מספרים מקושט,לירון קרביץ יבוא שיווק וסחר,,,יח,1,,false,1,6.90,6.90,false,1,
5900020020741,false,נסקוויק בר דגנים נסטלה,קבוצת אוסם סחר שותפות מוגבלת,,,יח,1.50,ל 100 גרם,false,1,14.90,9.93,true,1,
5900020022325,false,מארז פיטנס דגנים נסטלה,קבוצת אוסם סחר שותפות מוגבלת,,,יח,1.50,ל 100 גרם,false,1,14.90,9.93,true,1,
5900020024770,false,פיטנס בר דליס שוקולד  אגוז,קבוצת אוסם סחר שותפות מוגבלת,,,יח,1.35,ל 100 גרם,false,1,14.90,11.04,true,1,
5900020026552,false,האני צריוס 625 גר`,קבוצת אוסם סחר שותפות מוגבלת,,,יח,6.25,ל 100 גרם,false,1,23.90,3.82,true,1,
5900020032539,false,פיטנס חטיף שוקולד שולחן חג,קבוצת אוסם סחר שותפות מוגבלת,,,יח,1.35,ל 100 גרם,false,1,14.90,11.04,true,1,
5900020033314,false,ליון חטיף דגנים,קבוצת אוסם סחר שותפות מוגבלת,,,יח,0.50,ל 100 גרם,false,1,14.90,29.80,true,1,
5900020037916,false,צ יריוס משיבולת שועל 375 גר`,קבוצת אוסם סחר שותפות מוגבלת,,,יח,3.75,ל 100 גרם,false,1,15.90,4.24,false,1,
5900020039620,false,פיטנס חטיף דגנים שקדים ודבש,קבוצת אוסם סחר שותפות מוגבלת,,,יח,1.40,ל 100 גרם,false,1,14.90,10.64,false,1,
5901414200411,false,בסקויט מיני ממולא שוקולד היט,ליימן שליסל בעמ,,,יח,1.30,ל 100 גרם,false,1,6.90,5.31,true,1,
5902198160403,false,משקה אנרגיה XL בודד,טמפו משקאות בעמ,,,יח,2.50,"ל 100 מ""ל",false,1,4.50,1.68,true,1,
5904941750312,false,משקה אנרגיה BLU ט. ע,בני פוזי שמשום בעמ,,,יח,2.50,"ל 100 מ""ל",false,1,4.60,1.72,true,1,
5904941751302,false,משקה אנרגיה BLU,בני פוזי שמשום בעמ,,,יח,2.50,"ל 100 מ""ל",false,1,4.50,1.68,true,1,
5904941751524,false,"משקה אנרגיה 250מ""ל",בני פוזי שמשום בעמ,,,יח,2.50,"ל 100 מ""ל",false,1,4.60,1.72,true,1,
5904941751791,false,בלו נייט  רגיל,בני פוזי שמשום בעמ,,,יח,2.50,"ל 100 מ""ל",false,1,3.90,1.44,false,1,
5904941751920,false,משקה אנרגיה BLU  DEY,בני פוזי שמשום בעמ,,,יח,2.50,"ל 100 מ""ל",false,1,4.60,1.72,true,1,
5906485301012,false,משקה אנרגיה XL בודד,טמפו משקאות בעמ,,,יח,2.50,"ל 100 מ""ל",false,1,4.50,1.68,true,1,
6001067017523,false,מברשת שיניים קולגיט לילדים,ש.שסטוביץ בעמ,,,יח,1,,false,1,9.90,9.90,false,1,
6001067017530,false,מברשת שיניים קולגיט ספיידרמן,ש.שסטוביץ בעמ,,,יח,1,,false,1,9.90,9.90,false,1,
6112012100051,false,סט תפירה גדול    ע. הבית,עולם הבית,,,יח,1,,false,1,15.90,15.90,false,1,
6112012100075,false,קולפן  פלסטיק  יקר   ע. הבית,עולם הבית,,,יח,1,,false,1,11.90,11.90,false,1,
6112012100389,false,תחתית לרהיטים  ע. הבית,עולם הבית,,,יח,1,,false,1,14.90,14.90,false,1,
6112012100440,false,מגשית לקרח    ע. הבית,עולם הבית,,,יח,1,,false,1,11.90,11.90,false,1,
6112012100600,false,שלישיית קולבי קטיפה  ע. הבית,עולם הבית,,,יח,1,,false,1,14.90,14.90,false,1,
6112012100655,false,מגב לשיש  ע. הבית,עולם הבית,,,יח,1,,false,1,7.90,7.90,false,1,
6112012100709,false,קולפן  נירוסטה יקר  ע. הבית,עולם הבית,,,יח,1,,false,1,12.90,12.90,false,1,
6112012100969,false,פורס ביצים פלסטיק   ע. הבית,עולם הבית,,,יח,1,,false,1,11.90,11.90,false,1,
6112012100976,false,כפות גדולות    ע. הבית,עולם הבית,,,יח,1,,false,1,9.90,9.90,false,1,
6112012100983,false,מזלגות גדולות   ע. הבית,עולם הבית,,,יח,1,,false,1,9.90,9.90,false,1,
6112013100128,false,קולפן  נירוסטה  פשוט   ע. הבית,עולם הבית,,,יח,1,,false,1,7.90,7.90,false,1,
6112013100173,false,מברשת  אפיה+ ידית קריסטל    ע. הבית,עולם הבית,,,יח,1,,false,1,12.90,12.90,false,1,
6112013100777,false,שלישיית פקקים לאמבטיה  ע. הבית,עולם הבית,,,יח,1,,false,1,7.90,7.90,false,1,
6112013100999,false,סוגרים לשקיות  ע. הבית,עולם הבית,,,יח,1,,false,1,10.90,10.90,false,1,
6112015100294,false,מגב מתכת  ע. הבית,עולם הבית,,,יח,1,,false,1,16.90,16.90,false,1,
6112015100928,false,מטאטא/מגב סילקון,עולם הבית,,,יח,1,,false,1,21.90,21.90,false,1,
6112015100959,false,מגב מתכת,עולם הבית,,,יח,1,,false,1,17.90,17.90,false,1,
6112016100101,false,מברשת לניקוי אבק,עולם הבית,,,יח,1,,false,1,12.90,12.90,false,1,
6112016100682,false,מסננת רשת לכיור   ע. הבית,עולם הבית,,,יח,1,,false,1,9.90,9.90,false,1,
6112016100712,false,סוגרים לשקיות 12  יח` ע. הבית,עולם הבית,,,יח,1,,false,1,12.90,12.90,false,1,
6112017101343,false,מעמד לנייר סופג,עולם הבית,,,יח,1,,false,1,12.90,12.90,false,1,
6112017102654,false,מסחטת הדרים   ע. הבית,עולם הבית,,,יח,1,,false,1,8.90,8.90,false,1,
6112017102784,false,מברשת  ניקוי   ע. הבית,עולם הבית,,,יח,1,,false,1,6.90,6.90,false,1,
6112017103620,false,כף הגשה  עגולה,עולם הבית,,,יח,1,,false,1,13.90,13.90,false,1,
6112017103651,false,"מועך תפו""א",עולם הבית,,,יח,1,,false,1,13.90,13.90,false,1,
6112017103897,false,סכין  שלישיה  עם  שיניים  ע. הבית,עולם הבית,,,יח,1,,false,1,9.90,9.90,false,1,
6112017104566,false,מטאטא כסף אדום    ע. הבית,עולם הבית,,,יח,1,,false,1,24.90,24.90,false,1,
6112017104573,false,מטאטא לבן שחור  ע. הבית,עולם הבית,,,יח,1,,false,1,19.90,19.90,false,1,
6112017104580,false,מטאטא שעיר סוס  ע. הבית,עולם הבית,,,יח,1,,false,1,34.90,34.90,false,1,
6112017105778,false,"מגב לריצפה  40 ס""מ  ע. הבית",עולם הבית,,,יח,1,,false,1,16.90,16.90,false,1,
6112017105822,false,"מגב  פטנט לריצפה  40 ס""מ  ע. הבית",עולם הבית,,,יח,1,,false,1,21.90,21.90,false,1,
6112017106614,false,מקל מטאטא עולם הבית,עולם הבית,,,יח,1,,false,1,5.90,5.90,false,1,
6224000485764,false,שיני שום קפואות,נטו מילנדה סחר בעמ*,,,יח,6,ל 100 גרם,false,1,22.90,3.82,false,1,
6424687037977,false,מכשיר עוגיות,אושר א.א יבוא ושיווק כלי בית ב,,,יח,1,,false,1,12.90,12.90,false,1,
6900017227015,false,פאזל- שעון מעץ    צ. דניאל,צעצועי דניאל בעמ,,,יח,1,,false,1,15,15,false,1,
6900210324344,false,סט ברבי רופאה עם ילדה   צ. דניאל,צעצועי דניאל בעמ,,,יח,1,,false,1,39.90,39.90,false,1,
6902018010764,false,סביבון  בלוח 2801   צ. דניאל,צעצועי דניאל בעמ,,,יח,1,,false,1,3.90,3.90,false,1,
6902019042061,false,מארז  בלונים 50 יח`,לירון קרביץ יבוא שיווק וסחר,,,יח,1,,false,1,10,10,false,1,
6902176502507,false,סלק אדום 500 גר`,"בכורי השדה צפון1994 ג.ד. בע""מ",,,יח,1,,false,1,5.90,5.90,false,1,
6910191800287,false,1אצות נורי סין  10 דפים,מזרח ומערב יבוא ושיווק,,,יח,1,ל 100 גרם,false,1,11.90,11.90,true,1,
6913070912408,false,הרכבה שקית    צ. דניאל,צעצועי דניאל בעמ,,,יח,1,,false,1,10,10,false,1,
6920170900051,false,סביבון 2801   צ. דניאל,צעצועי דניאל בעמ,,,יח,1,,false,1,3.90,3.90,false,1,
6920181121179,false,3 סוסים עם אביזרים  צ. דניאל,צעצועי דניאל בעמ,,,יח,1,,false,1,15,15,false,1,
6931191500434,false,"מועך תפו""א   ע. הבית",עולם הבית,,,יח,1,,false,1,9.90,9.90,false,1,
6931191500571,false,קרש  חיתוך  פלסטיק   ע. הבית,עולם הבית,,,יח,1,,false,1,17.90,17.90,false,1,
6931191500649,false,רבעית סופר גלו  ע. הבית,עולם הבית,,,יח,1,,false,1,9.90,9.90,false,1,
6931191500878,false,קולפן  פלסטיק  פשוט   ע. הבית,עולם הבית,,,יח,1,,false,1,5.90,5.90,false,1,
6934931268786,false,סט קופסאות 1 ליטר,אושר א.א יבוא ושיווק כלי בית ב,,,יח,1,,false,1,13.90,13.90,false,1,
6934931272028,false,יעה מתקפל  שקוף  ע. הבית,עולם הבית,,,יח,1,,false,1,19.90,19.90,false,1,
6934931272332,false,מטאטא איטלקי   ע. הבית,עולם הבית,,,יח,1,,false,1,19.90,19.90,false,1,
6942318062506,false,סט ברבי יום הולדת ואביזרים   צ. דניאל,צעצועי דניאל בעמ,,,יח,1,,false,1,66.90,66.90,false,1,
6942318062520,false,ברבי קופאית עם אביזרים  צ. דניאל,צעצועי דניאל בעמ,,,יח,1,,false,1,49.90,49.90,false,1,
6942318062568,false,ברבי משק בית עם אביזרים   צ. דניאל,צעצועי דניאל בעמ,,,יח,1,,false,1,41.90,41.90,false,1,
6942318062605,false,ברבי סופרמארקט צ. דניאל,צעצועי דניאל בעמ,,,יח,1,,false,1,49.90,49.90,false,1,
6942318062643,false,בובת תינוקת אופנתית  עם אביזרים,צעצועי דניאל בעמ,,,יח,1,,false,1,49.90,49.90,false,1,
6942318062650,false,בובת  אופנתית  צ. דניאל,צעצועי דניאל בעמ,,,יח,1,,false,1,39.90,39.90,false,1,
6945305614047,false,רבעית מתלה  מתכת   ע. הבית,עולם הבית,,,יח,1,,false,1,9.90,9.90,false,1,
6951097111244,false,"מאג קוני בלינק 300 מ""ל",סקטור אפיקים בעמ,,,יח,10,יח,false,1,4.90,0.49,false,1,
6985425120011,false,מסנן כיור  פרפר  ע . הבית,עולם הבית,,,יח,1,,false,1,7.90,7.90,false,1,
6985425120103,false,סלוטייפ  שקוף 100 מטר    ע. הבית,עולם הבית,,,יח,1,,false,1,9.90,9.90,false,1,
6985425120110,false,דבק  נייר   ע. הבית,עולם הבית,,,יח,1,,false,1,14.90,14.90,false,1,
7112031311932,false,מטען לרכב 2 יציאות,סוויטשי ישראל בעמ,,,יח,1,,false,1,29.90,29.90,false,1,
7180589856540,false,מוצרי שיער,שבלולים בעמ,,,יח,1,,false,1,3.90,3.90,false,1,
7270137700194,false,חדש מדליק פחם מוצק*,צג`י פרפקט שירותי יבוא בעמ,,,יח,1,,false,1,4.90,4.90,false,1,
7290000001104,false,פטריות פורטבלה,"בכורי השדה צפון1994 ג.ד. בע""מ",,,יח,1,,false,1,11.90,11.90,false,1,
7290000001616,false,כוסברה ירק הארץ  גוש היתר מכירה,"בכורי השדה צפון1994 ג.ד. בע""מ",,,יח,1,,false,1,5.90,5.90,false,1,
7290000023007,false,סטוק 84  ק.,טמפו משקאות בעמ,,,יח,7.50,"ל 100 מ""ל",false,1,69.90,9.28,false,1,
7290000023809,false,קברנה סובניון קלאסיק,טמפו משקאות בעמ,,,יח,7.50,"ל 100 מ""ל",false,1,32.90,4.35,true,1,
7290000023977,false,יין מרלו קלאסיק,טמפו משקאות בעמ,,,יח,7.50,"ל 100 מ""ל",false,1,32.90,4.35,true,1,
7290000034256,false,ביסקוויט תירוש חצי מצופה 175ג` הדר*,אפיפית נצרת תעשיות בסקויט,,,יח,1.75,ל 100 גרם,false,1,5.80,3.31,false,1,
7290000040066,false,יופלה דובדבן,תנובה -חלב,,,יח,1.50,"ל 100 מ""ל",false,1,4.90,3.27,false,1,
7290000040080,false,EMMI עם אפרסק ק,תנובה -חלב,,,יח,1.50,"ל 100 מ""ל",false,1,4.90,3.27,false,1,
7290000041407,false,שלי גילה קטן,תנובה -חלב,,,יח,1.25,"ל 100 מ""ל",false,1,0.90,0.72,false,1,
7290000041445,false,קוט ג 5% 250 גרם תנובה,תנובה -חלב,,,יח,2.50,ל 100 גרם,false,1,5.50,2.20,false,1,
7290000041452,false,קוט ג 9% מהדרין 250 גרם תנובה,תנובה -חלב,,,יח,2.50,ל 100 גרם,false,1,5.50,2.20,false,1,
7290000041858,false,שמנת חמוצה 15%,שטראוס גרופ בעמ (ח),,,יח,2,"ל 100 מ""ל",false,1,2.40,1.20,false,1,
7290000041865,false,אשל 4.5% גביע,שטראוס גרופ בעמ (ח),,,יח,2,"ל 100 מ""ל",false,1,2,1,false,1,
7290000041872,false,לבן 3% ק,שטראוס גרופ בעמ (ח),,,יח,2,"ל 100 מ""ל",false,1,2,1,false,1,
7290000042015,false,חלב שקית 1 ליטר 3% שומן-תנובה  {פ},תנובה -חלב,,,יח,10,לליטר,false,1,5.43,0.54,false,1,
7290000042435,false,חלב קרטון 1%-1 ליטר  תנובה{פ},תנובה -חלב,,,יח,10,לליטר,false,1,5.86,0.59,false,1,
7290000042640,false,חלב  עמיד תנובה 250  מל` 3%,תנובה -חלב,,,יח,2.50,"ל 100 מ""ל",false,1,2.60,1.04,false,1,
7290000042855,false,"שוקו בשקית יטבתה 225 מ""ל",שטראוס גרופ בעמ (ח),,,יח,2.25,"ל 100 מ""ל",false,1,2.50,1.11,false,1,
7290000043012,false,שוקו עמיד תנובה 250  מיל`3%,תנובה -חלב,,,יח,2.50,"ל 100 מ""ל",false,1,4.70,1.88,false,1,
7290000043814,false,"שמנת מתוקה 38%-250  מ""ל{פ}",תנובה -חלב,,,יח,2.50,"ל 100 מ""ל",false,1,6.47,2.59,false,1,
7290000043890,false,ריויון1 ליטר ק,תנובה -חלב,,,יח,1,לליטר,false,1,10.90,10.90,false,1,
7290000044712,false,"פרילי 500 מ""ל",תנובה -חלב,,,יח,5,"ל 100 מ""ל",false,1,10.50,2.10,false,1,
7290000044880,false,"באדי יוגורט תות 500 מ""ל",תנובה -חלב,,,יח,5,"ל 100 מ""ל",false,1,8.90,1.78,false,1,
7290000045573,false,נעמה,תנובה -חלב,,,יח,2,ל 100 גרם,false,1,14.50,7.25,false,1,
7290000046327,false,גלבוע פרוס ק,תנובה -חלב,,,יח,2,ל 100 גרם,false,1,12.90,6.45,false,1,
7290000047546,false,כנען 500 ג,תנובה -חלב,,,יח,5,ל 100 גרם,false,1,23.90,4.78,false,1,
7290000047621,false,"גבינה לבנה 5%-250 גרם  בד""ץ{פ}",תנובה -חלב,,,יח,2.50,ל 100 גרם,false,1,4.98,1.99,false,1,
7290000047942,false,"גבינה לבנה 9% בד""ץ",תנובה -חלב,,,יח,2.50,ל 100 גרם,false,1,4.75,1.90,false,1,
7290000048185,false,גבינה 5%. 250 גרם,תנובה -חלב,,,יח,2.50,ל 100 גרם,false,1,4.75,1.90,false,1,
7290000048192,false,גבינה 9%,תנובה -חלב,,,יח,2.50,ל 100 גרם,false,1,4.75,1.90,false,1,
7290000048413,false,חמד ק,תנובה -חלב,,,יח,2.50,ל 100 גרם,false,1,17.90,7.16,false,1,
7290000048437,false,צפתית 5%,תנובה -חלב,,,יח,2,ל 100 גרם,false,1,14.30,7.15,false,1,
7290000050447,false,יופלה  תות 500 גר`,תנובה -חלב,,,יח,5,ל 100 גרם,false,1,13,2.60,false,1,
7290000050454,false,יופלה   אפרסק 500גר`,תנובה -חלב,,,יח,5,ל 100 גרם,false,1,13,2.60,false,1,
7290000051307,false,הפסקת אוכל עוגי תנובה,תנובה -חלב,,,יח,1.50,ל 100 גרם,false,1,8.90,5.93,false,1,
7290000053981,false,מאגדת  8 גביעי תות  אפרסק,תנובה -חלב,,,יח,8,למארז,false,1,26.50,3.31,false,1,
7290000055350,false,עמק צהובה חריץ 28%,תנובה -חלב,,,ל 100 גרם,10,ל 100 גרם,true,1,44.79,4.48,false,1,
7290000057088,false,עמק דק דק ק,תנובה -חלב,,,יח,2,ל 100 גרם,false,1,15.90,7.95,false,1,
7290000057118,false,סמי  מעדנייה עמק  400  גר`,תנובה -חלב,,,יח,4,ל 100 גרם,false,1,21,5.25,false,1,
7290000060088,false,בייגלה מלוחים*,קבוצת אוסם סחר שותפות מוגבלת,,,יח,4,ל 100 גרם,false,1,9.90,2.48,false,1,
7290000060156,false,אטריות ביצים 200 ק,קבוצת אוסם סחר שותפות מוגבלת,,,יח,2,ל 100 גרם,false,1,7.90,3.95,false,1,
7290000060200,false,פתיתים אפויים קוסקוס אסם 500 גרם,קבוצת אוסם סחר שותפות מוגבלת,,,יח,5,ל 100 גרם,false,1,6.90,1.38,true,1,
7290000060217,false,מקרוני פרומנטי 0,קבוצת אוסם סחר שותפות מוגבלת,,,יח,5,ל 100 גרם,false,1,5.80,1.16,true,1,
7290000060248,false,פתיתים פרומנטי 0 ק,קבוצת אוסם סחר שותפות מוגבלת,,,יח,5,ל 100 גרם,false,1,5.80,1.16,true,1,
7290000060408,false,טבעות פתיתים 500,קבוצת אוסם סחר שותפות מוגבלת,,,יח,5,ל 100 גרם,false,1,6.90,1.38,true,1,
7290000060576,false,פתיתים אפויים כו,קבוצת אוסם סחר שותפות מוגבלת,,,יח,5,ל 100 גרם,false,1,6.90,1.38,true,1,
7290000060781,false,פסטה מסולסל 500 גרם אסם,קבוצת אוסם סחר שותפות מוגבלת,,,יח,5,ל 100 גרם,false,1,5.80,1.16,true,1,
7290000060828,false,פרומנטי קרניים,קבוצת אוסם סחר שותפות מוגבלת,,,יח,5,ל 100 גרם,false,1,5.80,1.16,true,1,
7290000060842,false,פרומנטי צדפים,קבוצת אוסם סחר שותפות מוגבלת,,,יח,5,ל 100 גרם,false,1,5.80,1.16,true,1,
7290000060859,false,פתיתים צדפות פרו,קבוצת אוסם סחר שותפות מוגבלת,,,יח,5,ל 100 גרם,false,1,5.80,1.16,true,1,
7290000060880,false,פרומנטי ספגטי 00,קבוצת אוסם סחר שותפות מוגבלת,,,יח,5,ל 100 גרם,false,1,5.80,1.16,true,1,
7290000060903,false,פתיתים אפויים אורז  אסם 500 גרם,קבוצת אוסם סחר שותפות מוגבלת,,,יח,5,ל 100 גרם,false,1,6.90,1.38,true,1,
7290000060958,false,אטריות מובחר אוסם,קבוצת אוסם סחר שותפות מוגבלת,,,יח,4,ל 100 גרם,false,1,6.90,1.73,false,1,
7290000060965,false,איטריות מובחר רח,קבוצת אוסם סחר שותפות מוגבלת,,,יח,4,ל 100 גרם,false,1,6.90,1.73,false,1,
7290000061061,false,קרקר בצל,קבוצת אוסם סחר שותפות מוגבלת,,,יח,2.50,ל 100 גרם,false,1,9.90,3.96,true,1,
7290000061085,false,רוטב צ לי מתוק,קבוצת אוסם סחר שותפות מוגבלת,,,יח,2.90,"ל 100 מ""ל",false,1,9.90,3.41,true,1,
7290000061764,false,נס קפה רד מאג 200 ג`*,קבוצת אוסם סחר שותפות מוגבלת,,,יח,2,ל 100 גרם,false,1,21.90,10.95,true,1,
7290000062129,false,"מוסדי פודינג  1  ק""ג וניל  אוסם",קבוצת אוסם סחר שותפות מוגבלת,,,יח,1,"לק""ג",false,1,24.90,24.90,false,1,
7290000062952,false,מיני קורטונים למרק אסם,קבוצת אוסם סחר שותפות מוגבלת,,,יח,2.50,ל 100 גרם,false,1,14.90,5.96,false,1,
7290000063102,false,קמח תופח מאילו 0,קבוצת אוסם סחר שותפות מוגבלת,,,יח,3.50,ל 100 גרם,false,1,4.70,1.34,false,1,
7290000063140,false,שקד מרק 400 גר ק,קבוצת אוסם סחר שותפות מוגבלת,,,יח,4,ל 100 גרם,false,1,10.90,2.73,true,1,
7290000063157,false,תופח 1קג    קמח ק,קבוצת אוסם סחר שותפות מוגבלת,,,יח,10,ל 100 גרם,false,1,9.90,0.99,false,1,
7290000064758,false,קוסקוס 350 גרם ב,קבוצת אוסם סחר שותפות מוגבלת,,,יח,3.50,ל 100 גרם,false,1,7.90,2.26,false,1,
7290000064871,false,מנה חמה פירה+בצל,קבוצת אוסם סחר שותפות מוגבלת,,,יח,0.56,ל 100 גרם,false,1,5.90,10.54,false,1,
7290000065090,false,מיני קורטונים למרק וסלט,קבוצת אוסם סחר שותפות מוגבלת,,,יח,4,ל 100 גרם,false,1,21.90,5.48,false,1,
7290000065335,false,מנה חמה-פירה תפו,קבוצת אוסם סחר שותפות מוגבלת,,,יח,0.47,ל 100 גרם,false,1,5.90,12.55,false,1,
7290000065540,false,מנה חמה איטריות,קבוצת אוסם סחר שותפות מוגבלת,,,יח,0.55,ל 100 גרם,false,1,5.90,10.73,false,1,
7290000066141,false,בסלי גריל,קבוצת אוסם סחר שותפות מוגבלת,,,יח,0.70,ל 100 גרם,false,1,3.90,5.57,true,1,
7290000066196,false,בסלי גריל גדול,קבוצת אוסם סחר שותפות מוגבלת,,,יח,2,ל 100 גרם,false,1,6.90,3.45,true,1,
7290000066226,false,בסלי פיצה גדול,קבוצת אוסם סחר שותפות מוגבלת,,,יח,2,ל 100 גרם,false,1,6.90,3.45,true,1,
7290000066264,false,דובונים 40 גר,קבוצת אוסם סחר שותפות מוגבלת,,,יח,0.40,ל 100 גרם,false,1,3.90,9.75,true,1,
7290000066295,false,במבה תות 25 גר,קבוצת אוסם סחר שותפות מוגבלת,,,יח,0.30,ל 100 גרם,false,1,2.70,9,false,1,
7290000066318,false,במבה 80 גר,קבוצת אוסם סחר שותפות מוגבלת,,,יח,0.80,ל 100 גרם,false,1,4.20,5.25,true,1,
7290000066332,false,אפרופו 50 גר,קבוצת אוסם סחר שותפות מוגבלת,,,יח,0.50,ל 100 גרם,false,1,3.90,7.80,true,1,
7290000066431,false,פופקו חמאה ודבש,קבוצת אוסם סחר שותפות מוגבלת,,,יח,0.80,ל 100 גרם,false,1,4.90,6.13,true,1,
7290000067407,false,פירורית מתובלת,קבוצת אוסם סחר שותפות מוגבלת,,,יח,2,ל 100 גרם,false,1,6.30,3.15,false,1,
7290000067735,false,"ניוקי-פסטה מתפו""",קבוצת אוסם סחר שותפות מוגבלת,,,יח,5,ל 100 גרם,false,1,12.90,2.58,false,1,
7290000068138,false,פודינג וניל ק,קבוצת אוסם סחר שותפות מוגבלת,,,יח,0.80,ל 100 גרם,false,1,5.10,6.38,true,1,
7290000068190,false,ג`לי בזק תות  90 גר`,קבוצת אוסם סחר שותפות מוגבלת,,,יח,0.90,ל 100 גרם,false,1,6.90,7.67,false,1,
7290000068206,false,ג`לי משמש ק,קבוצת אוסם סחר שותפות מוגבלת,,,יח,0.85,ל 100 גרם,false,1,6.90,8.12,false,1,
7290000068237,false,ג`לי בזק טעם פטל,קבוצת אוסם סחר שותפות מוגבלת,,,יח,0.85,ל 100 גרם,false,1,6.90,8.12,false,1,
7290000068251,false,ג`לי אינסטנט אוסם,קבוצת אוסם סחר שותפות מוגבלת,,,יח,0.85,ל 100 גרם,false,1,6.90,8.12,false,1,
7290000068343,false,פריכונים מאורז מלא ק,קבוצת אוסם סחר שותפות מוגבלת,,,יח,1.40,ל 100 גרם,false,1,7.90,5.64,false,1,
7290000068770,false,במבה יום הולדת,קבוצת אוסם סחר שותפות מוגבלת,,,יח,0.80,ל 100 גרם,false,1,4.20,5.25,true,1,
7290000069364,false,פריכונים מאורז מלא,קבוצת אוסם סחר שותפות מוגבלת,,,יח,1.40,ל 100 גרם,false,1,7.90,5.64,false,1,
7290000070308,false,.מרק עוף 400 ג ק,קבוצת אוסם סחר שותפות מוגבלת,,,יח,4,ל 100 גרם,false,1,16.90,4.23,true,1,
7290000070322,false,אוסם מרק פטריות 400ג ק,קבוצת אוסם סחר שותפות מוגבלת,,,יח,4,ל 100 גרם,false,1,23.90,5.98,true,1,
7290000070353,false,אוסם מרק בצל 400ג,קבוצת אוסם סחר שותפות מוגבלת,,,יח,4,ל 100 גרם,false,1,23.90,5.98,true,1,
7290000070919,false,בייגלה רשתות מלח,קבוצת אוסם סחר שותפות מוגבלת,,,יח,4,ל 100 גרם,false,1,9.90,2.48,false,1,
7290000071008,false,בייגלה שטוחים במלח,קבוצת אוסם סחר שותפות מוגבלת,,,יח,0.60,יח,false,1,3.30,5.50,false,1,
7290000072241,false,רוטב פיצה בקבוק ק,קבוצת אוסם סחר שותפות מוגבלת,,,יח,2.90,"ל 100 מ""ל",false,1,9.90,3.41,true,1,
7290000072623,false,"קטשופ פוף אוסם כשל""פ*",קבוצת אוסם סחר שותפות מוגבלת,,,יח,7.50,ל 100 גרם,false,1,9.90,1.32,false,1,
7290000072630,false,קטשופ חריף ק,קבוצת אוסם סחר שותפות מוגבלת,,,יח,7.50,ל 100 גרם,false,1,11.90,1.59,false,1,
7290000072753,false,טסטר ס צויס-נמסמ 200 גר`*,קבוצת אוסם סחר שותפות מוגבלת,,,יח,2,ל 100 גרם,false,1,33.90,16.95,false,1,
7290000072760,false,טסטר ס צויס-נמס1,קבוצת אוסם סחר שותפות מוגבלת,,,יח,1,ל 100 גרם,false,1,26.90,26.90,false,1,
7290000073125,false,מנה חמה איטריות,קבוצת אוסם סחר שותפות מוגבלת,,,יח,0.62,ל 100 גרם,false,1,5.90,9.52,false,1,
7290000073415,false,מנה חמה ברוטב פי*,קבוצת אוסם סחר שותפות מוגבלת,,,יח,0.61,ל 100 גרם,false,1,5.90,9.67,false,1,
7290000073699,false,חומוס 150 גרם צבר,קבוצת אוסם סחר שותפות מוגבלת,,,יח,1,ל 100 גרם,false,1,5.90,5.90,false,1,
7290000073750,false,מנה חמה נודלס,קבוצת אוסם סחר שותפות מוגבלת,,,יח,0.70,ל 100 גרם,false,1,5.90,8.43,false,1,
7290000073767,false,מנה חמה נודלס+ירקות,קבוצת אוסם סחר שותפות מוגבלת,,,יח,0.70,ל 100 גרם,false,1,5.90,8.43,false,1,
7290000073774,false,מנה חמה נודלס צ לי,קבוצת אוסם סחר שותפות מוגבלת,,,יח,0.70,ל 100 גרם,false,1,5.90,8.43,false,1,
7290000074153,false,פתיבר שוקו 500 ג,קבוצת אוסם סחר שותפות מוגבלת,,,יח,5,ל 100 גרם,false,1,13.10,2.62,true,1,
7290000074184,false,פתי בר בינוני 500 גרם ק,קבוצת אוסם סחר שותפות מוגבלת,,,יח,5,ל 100 גרם,false,1,10.90,2.18,true,1,
7290000074245,false,קרקר 250 גר ק,קבוצת אוסם סחר שותפות מוגבלת,,,יח,2.50,ל 100 גרם,false,1,9.90,3.96,true,1,
7290000074252,false,קרקר שומשום 250  XX,קבוצת אוסם סחר שותפות מוגבלת,,,יח,2.50,ל 100 גרם,false,1,8.90,3.56,true,1,
7290000074276,false,טבעון250 גר פיקנ,קבוצת אוסם סחר שותפות מוגבלת,,,יח,2.50,ל 100 גרם,false,1,9.90,3.96,true,1,
7290000074696,false,קרם קרקר 1 ק ג. ק,קבוצת אוסם סחר שותפות מוגבלת,,,יח,10,ל 100 גרם,false,1,26.80,2.68,true,1,
7290000074764,false,קרקר זהב 1 ק ג,קבוצת אוסם סחר שותפות מוגבלת,,,יח,9,ל 100 גרם,false,1,26.90,2.99,true,1,
7290000075204,false,לחמית חיטה מלאה ק,קבוצת אוסם סחר שותפות מוגבלת,,,יח,2.50,ל 100 גרם,false,1,7.90,3.16,true,1,
7290000076126,false,כעכים מלוח פאוור,קבוצת אוסם סחר שותפות מוגבלת,,,יח,0.80,ל 100 גרם,false,1,3.30,4.13,false,1,
7290000076133,false,בייגלה שמיניה קט,קבוצת אוסם סחר שותפות מוגבלת,,,יח,4,ל 100 גרם,false,1,9.90,2.48,false,1,
7290000077017,false,קרמוגית ע קרם בט,קבוצת אוסם סחר שותפות מוגבלת,,,יח,2,ל 100 גרם,false,1,10.90,5.45,true,1,
7290000078212,false,קרוטונים מתובלים,קבוצת אוסם סחר שותפות מוגבלת,,,יח,2.50,ל 100 גרם,false,1,15.90,6.36,false,1,
7290000079233,false,קרם קרקר דל נתרן,קבוצת אוסם סחר שותפות מוגבלת,,,יח,2.50,ל 100 גרם,false,1,9.90,3.96,true,1,
7290000080758,false,טוסטעים פת קלויה,קבוצת אוסם סחר שותפות מוגבלת,,,יח,1,ל 100 גרם,false,1,9.90,9.90,false,1,
7290000081663,false,טבעות שומשום ק,קבוצת אוסם סחר שותפות מוגבלת,,,יח,3,ל 100 גרם,false,1,9.90,3.30,false,1,
7290000085166,false,פתי בר 400ג  גטניו *,אם החיטה בעמ,,,יח,4,ל 100 גרם,false,1,6.90,1.73,true,1,
7290000104201,false,אפונה עדינה 600 גרם-סנפורסט,תנובה ענף ב.ע.ד,,,יח,6,ל 100 גרם,false,1,17.90,2.98,true,1,
7290000104676,false,אפונת גינה סנפרוסט 800 גרם,תנובה ענף ב.ע.ד,,,יח,8,ל 100 גרם,false,1,14.90,1.86,true,1,
7290000104683,false,שעועית ירוקה שלמה סנפורסט 800 גרם,תנובה ענף ב.ע.ד,,,יח,8,ל 100 גרם,false,1,19.90,2.49,true,1,
7290000104713,false,פול ירוק קפוא סנפורסט 800 גרם,תנובה ענף ב.ע.ד,,,יח,8,ל 100 גרם,false,1,22.90,2.86,true,1,
7290000104720,false,שעועית ירוקה חתוכה סנפורסט 800 גרם,תנובה ענף ב.ע.ד,,,יח,8,ל 100 גרם,false,1,18.90,2.36,true,1,
7290000104799,false,שעועית לבנה מבושלת סנפורסט 800 גרם,תנובה ענף ב.ע.ד,,,יח,8,ל 100 גרם,false,1,18.90,2.36,true,1,
7290000104805,false,גרגרי חומוס מבושל סנפורסט 800 גרם,תנובה ענף ב.ע.ד,,,יח,8,ל 100 גרם,false,1,18.90,2.36,true,1,
7290000104836,false,שעועית עדינה שלמה סנפורסט 600 גרם,תנובה ענף ב.ע.ד,,,יח,6,ל 100 גרם,false,1,21.90,3.65,true,1,
7290000107165,false,חטיף סויה אדממה סנפורסט 400 גרם,תנובה ענף ב.ע.ד,,,יח,4,ל 100 גרם,false,1,13.90,3.48,true,1,
7290000107189,false,תחתיות ארטישוק סנפורסט 400 גרם,תנובה ענף ב.ע.ד,,,יח,4,ל 100 גרם,false,1,20.90,5.23,true,1,
7290000107295,false,ברוקולי מוקפא 800 גרם-סנפורסט,תנובה ענף ב.ע.ד,,,יח,8,ל 100 גרם,false,1,24.90,3.11,true,1,
7290000110844,false,TELMA GRILL BP 28X70GR BDZ,"יוניליוור ישראלשיווק בע""מ",,,יח,0.70,ל 100 גרם,false,30,4.90,7,false,1,
7290000110851,false,TELMA ONION BP 28X70GR BDZ,"יוניליוור ישראלשיווק בע""מ",,,יח,0.70,ל 100 גרם,false,30,4.90,7,false,1,
7290000111117,false,BADIN WHITE 4L 2003 LAUNCH,"יוניליוור ישראלשיווק בע""מ",,,יח,40,"ל 100 מ""ל",false,1,19.80,0.50,false,1,
7290000111186,false,TELMA MAYONNAISE 12 X 500,"יוניליוור ישראלשיווק בע""מ",,,יח,5,ל 100 גרם,false,12,8.90,1.78,true,1,
7290000111353,false,"TELMA MAYONNAISE,","יוניליוור ישראלשיווק בע""מ",,,יח,10,ל 100 גרם,false,6,15.90,1.59,false,1,
7290000112220,false,טחינה  גלמית 500 גרם בארכה,קבוצת אוסם סחר שותפות מוגבלת,,,יח,5,ל 100 גרם,false,1,13.90,2.78,false,1,
7290000112497,false,KNORR A LA CARTE CHICKEN NOD SOUP 68GX48,"יוניליוור ישראלשיווק בע""מ",,,יח,0.68,ל 100 גרם,false,10,8.90,13.09,false,1,
7290000116204,false,KNORR DAGESH SOUP 1 KG BADAZ,"יוניליוור ישראלשיווק בע""מ",,,יח,10,ל 100 גרם,false,10,14.90,1.49,false,1,
7290000116884,false,KNORR BARBECUE SAUCE 340G,"יוניליוור ישראלשיווק בע""מ",,,יח,3,"ל 100 מ""ל",false,12,9.90,3.30,false,1,
7290000117171,false,KNORR CHICKEN FLAVOR LOW CAL BDZ 12X48G,"יוניליוור ישראלשיווק בע""מ",,,יח,0.48,ל 100 גרם,false,6,6.90,14.38,false,1,
7290000117720,false,KNORR INSTANT SOUP MUSHROOM 72X43G,"יוניליוור ישראלשיווק בע""מ",,,יח,0.43,ל 100 גרם,false,12,6.50,15.12,false,1,
7290000120874,false,HELLMANNS LIGHT MAYONNAISE 424 GR,"יוניליוור ישראלשיווק בע""מ",,,יח,4.24,ל 100 גרם,false,1,10.90,2.57,false,1,
7290000124841,false,ROSE OF GALILEE 3 PACK DAIRY,"יוניליוור ישראלשיווק בע""מ",,,יח,3,ל 100 גרם,false,1,13.90,4.63,false,1,
7290000129457,false,KNORR MUSH SAUCE POWDER BDZ 28G,"יוניליוור ישראלשיווק בע""מ",,,יח,0.28,ל 100 גרם,false,12,3.90,13.93,false,1,
7290000129785,false,BADIN GREEN 2010 6X4L,"יוניליוור ישראלשיווק בע""מ",,,יח,4,לליטר,false,1,19.80,4.95,false,1,
7290000133645,false,אורביטול שלישיה סודה,החברה הדרומית לשיווק בעמ,,,יח,4.35,ל 100 גרם,false,1,16.90,3.89,false,1,
7290000135045,false,משקה אנרגיה XL בודד  תפוח,טמפו משקאות בעמ,,,יח,2.50,"ל 100 מ""ל",false,1,4.50,1.68,true,1,
7290000135052,false,משקה אנרגיה XL בודד  מנגו,טמפו משקאות בעמ,,,יח,2.50,"ל 100 מ""ל",false,1,4.50,1.68,true,1,
7290000135113,false,משקה אנרגיה XL בודד נענע ליים,טמפו משקאות בעמ,,,יח,2.50,"ל 100 מ""ל",false,1,4.50,1.68,true,1,
7290000135465,false,"סודה 12 יח` 500 מ""ל",טמפו משקאות בעמ,,,יח,6,לליטר,false,1,27.80,4.03,true,1,
7290000135625,false,"רבעית  פחיות גולסטאר 500 מ""ל",טמפו משקאות בעמ,,,יח,20,"ל 100 מ""ל",false,1,28.90,1.39,false,1,
7290000136141,false,פפסי 1.5 ליטר טמפו,טמפו משקאות בעמ,,,יח,15,"ל 100 מ""ל",false,1,7.50,0.48,true,1,
7290000136158,false,פפסי מקס 1.5 ליטר טמפו,טמפו משקאות בעמ,,,יח,15,"ל 100 מ""ל",false,1,7.50,0.48,true,1,
7290000136165,false,מירנדה 1.5 ליטר ק  טמפו,טמפו משקאות בעמ,,,יח,15,"ל 100 מ""ל",false,1,7.50,0.48,true,1,
7290000136172,false,סבן אפ 1.5 ליטר בודד טמפו,טמפו משקאות בעמ,,,יח,1.50,לליטר,false,1,7.50,4.80,true,1,
7290000136189,false,7-UP 1.5 דייאט,טמפו משקאות בעמ,,,יח,15,"ל 100 מ""ל",false,1,7.50,0.48,true,1,
7290000136271,false,סודה  לימון 1.5 ליטר,טמפו משקאות בעמ,,,יח,1.50,"ל 100 מ""ל",false,1,3.80,2.33,true,1,
7290000136516,false,ג אמפ -מנגו,טמפו משקאות בעמ,,,יח,15,"ל 100 מ""ל",false,1,6.90,0.44,true,1,
7290000136523,false,ג אמפ ענבים 1.5 ליטר טמפו,טמפו משקאות בעמ,,,יח,15,"ל 100 מ""ל",false,1,6.90,0.44,true,1,
7290000136561,false,ג אמפ תות בננה 1.5 ליטר טמפו,טמפו משקאות בעמ,,,יח,15,"ל 100 מ""ל",false,1,6.90,0.44,true,1,
7290000136608,false,ג אמפ תפוח  צלול  1.5,טמפו משקאות בעמ,,,יח,15,"ל 100 מ""ל",false,1,6.90,0.44,true,1,
7290000136646,false,נשר מאלט 1.5,טמפו משקאות בעמ,,,יח,15,"ל 100 מ""ל",false,1,8.90,0.57,true,1,
7290000136653,false,דיאט נשר מאלט 1.5 ליטר,טמפו משקאות בעמ,,,יח,1.50,"ל 100 מ""ל",false,1,8.90,5.73,true,1,
7290000136691,false,סבן אפ 1.5 ליטר שישיה טמפו,טמפו משקאות בעמ,,,יח,90,"ל 100 מ""ל",false,1,43.50,0.48,false,1,
7290000136769,false,פפסי 1.5 ליטר  שישיה טמפו,טמפו משקאות בעמ,,,יח,90,"ל 100 מ""ל",false,1,45,0.48,false,1,
7290000136776,false,פפסי מקס 1.5 שישיה,טמפו משקאות בעמ,,,יח,90,"ל 100 מ""ל",false,1,45,0.48,true,1,
7290000136844,false,אקווה נובה 2 ליטר שישיה טמפו,טמפו משקאות בעמ,,,יח,120,"ל 100 מ""ל",false,1,11.70,0.08,false,1,
7290000136868,false,שישית מים סאן בנדטו,טמפו משקאות בעמ,,,יח,9,לליטר,false,1,15.90,1.77,false,1,
7290000137513,false,גלידונית 60 יח,"גלידת שטראוס בע""מ",,,יח,7,ל 100 גרם,false,1,44.90,6.41,false,1,
7290000139227,false,שלווה משפחתי לבן 150ג אשבול,אשבול בעמ,,,יח,1.50,ל 100 גרם,false,1,8.90,5.93,false,1,
7290000139289,false,מולטי שוקולד,אשבול בעמ,,,יח,4.20,ל 100 גרם,false,1,8.90,2.12,false,1,
7290000139715,false,קרמים נוגט 474גר`,אשבול בעמ,,,יח,4.74,ל 100 גרם,false,1,10.90,2.30,false,1,
7290000139753,false,קרמים שוקולד  550 גר`,אשבול בעמ,,,יח,5.50,ל 100 גרם,false,1,9.90,1.80,false,1,
7290000144467,false,שמן חמניות בריאות 1 ליטר*,סוגת תעשיות בעמ,,,יח,1,לליטר,false,1,15.90,15.90,false,1,
7290000144474,false,שמן קנולה בריאות 1 ליטר עץ הזית*,סוגת תעשיות בעמ,,,יח,1,,false,1,14.90,14.90,false,1,
7290000146652,false,ס. הוואי רבעיה ורוד,"הנקל סוד בע""מ",,,יח,4,ל 100 גרם,false,1,12.90,3.23,true,1,
7290000146669,false,ס. הוואי רבעיה כחול,"הנקל סוד בע""מ",,,יח,4,ל 100 גרם,false,1,12.90,3.23,true,1,
7290000146928,false,טום וג רי ט. ענבים,"הנקל סוד בע""מ",,,יח,0.75,ל 100 גרם,false,1,7.90,10.53,true,1,
7290000146997,false,מ.שינים טום וג רי,"הנקל סוד בע""מ",,,יח,0.50,ל 100 גרם,false,1,7.90,15.80,true,1,
7290000148489,false,גרעיני דלעת 200,ליימן שליסל בעמ,,,יח,2,ל 100 גרם,false,1,8.90,4.45,false,1,
7290000148748,false,גרעיני חמניה 200,ליימן שליסל בעמ,,,יח,2,ל 100 גרם,false,1,5.90,2.95,true,1,
7290000152288,false,נק  עוף 400 גר,קבוצת אוסם סחר שותפות מוגבלת,,,יח,4,ל 100 גרם,false,1,14.90,3.73,true,1,
7290000166605,false,CIF GPC JASMINE 6X4KG,"יוניליוור ישראלשיווק בע""מ",,,יח,4,לליטר,false,1,19.90,4.98,false,1,
7290000169798,false,TELMA UGI 20 LS BDZ 12X500G,"יוניליוור ישראלשיווק בע""מ",,,יח,375,ל 100 גרם,false,6,19.90,0.05,true,1,
7290000174723,false,שוקולית 500 גרם ק,שטראוס גרופ בעמ,,,יח,5,ל 100 גרם,false,1,12.90,2.58,false,1,
7290000176079,false,קפה טורקי 100 הל,שטראוס גרופ בעמ,,,יח,1,ל 100 גרם,false,1,8.90,8.90,false,1,
7290000176116,false,"קפה טורקי 1ק""ג ואקום  עלית*ק",פיקסל אם.גי.אם בעמ,,,יח,10,"לק""ג",false,1,77.90,7.79,false,1,
7290000176413,false,קפה נמס 50,שטראוס גרופ בעמ,,,יח,0.50,ל 100 גרם,false,1,8.90,17.80,false,1,
7290000176420,false,קפה נמס 200ג  עלית  *,פיקסל אם.גי.אם בעמ,,,יח,2,ל 100 גרם,false,1,19.90,9.95,false,1,
7290000176468,false,האג נטול 50,שטראוס גרופ בעמ,,,יח,0.50,ל 100 גרם,false,1,10.80,21.60,false,1,
7290000176475,false,קפה נמס האג,שטראוס גרופ בעמ,,,יח,2,ל 100 גרם,false,1,34.90,17.45,false,1,
7290000178707,false,תפוציפס טבעי 50 גר,שטראוס פריטו ליי בעמ,,,יח,2,ל 100 גרם,false,1,3.80,1.90,false,1,
7290000178721,false,תפוצי פס 200 ג,שטראוס פריטו ליי בעמ,,,יח,2,ל 100 גרם,false,1,9.90,4.95,true,1,
7290000186603,false,דלי 10 ליטר ציבעוני,אושר א.א יבוא ושיווק כלי בית ב,,,יח,1,,false,1,9.90,9.90,false,1,
7290000187853,false,נייר טואלט לילי 40 לבן,קימברלי קלארק ישראל שיווק בעמ,,,יח,1,,false,1,47.90,47.90,false,1,
7290000187860,false,מג  טואלט לחים,קימברלי קלארק ישראל שיווק בעמ,,,יח,0.59,ל 100 גרם,false,1,9.90,16.78,false,1,
7290000187921,false,נ.ט לילי קלאסיק לבן 32,קימברלי קלארק ישראל שיווק בעמ,,,יח,19.69,ל 100 גרם,false,1,39.90,2.03,false,1,
7290000187938,false,נ.ט.לילי פסטל אפרסק 32 גלילים,קימברלי קלארק ישראל שיווק בעמ,,,יח,32,יח,false,1,36.90,1.15,false,1,
7290000187952,false,לילי טריו פרימיום 30,קימברלי קלארק ישראל שיווק בעמ,,,יח,17.88,ל 100 גרם,false,1,44.90,2.51,false,1,
7290000188270,false,קלינקס אולטרה סופט זוג,קימברלי קלארק ישראל שיווק בעמ,,,יח,3.90,ל 100 גרם,false,1,22.90,5.87,false,1,
7290000189871,false,שקיות אשפתון 60 יח,קימברלי קלארק ישראל שיווק בעמ,,,יח,1,,false,1,24.90,24.90,false,1,
7290000190068,false,מפיות איריס 100 ניקול ק,קימברלי קלארק ישראל שיווק בעמ,,,יח,1,,false,1,7.90,7.90,false,1,
7290000190853,false,נ.ט לילי קלאסיק 30 גלילים,קימברלי קלארק ישראל שיווק בעמ,,,יח,1,ל 100 גרם,false,1,39.90,39.90,false,1,
7290000191171,false,קליניקס קולקשן זוג נילון,קימברלי קלארק ישראל שיווק בעמ,,,יח,5.93,ל 100 גרם,false,1,9.90,1.67,false,1,
7290000191225,false,טיטולים  אגיס מידה 2,קימברלי קלארק ישראל שיווק בעמ,,,יח,1,,false,1,33.90,33.90,false,1,
7290000191393,false,מגבוני מולט שביעיה,קימברלי קלארק ישראל שיווק בעמ,,,יח,8.2250,ל 100 גרם,false,1,22.90,2.78,false,1,
7290000191539,false,ממחטות  צבעוני חמשיה,קימברלי קלארק ישראל שיווק בעמ,,,יח,5.93,ל 100 גרם,false,1,15.90,2.68,false,1,
7290000191546,false,צבעוני שלישיה,קימברלי קלארק ישראל שיווק בעמ,,,יח,4.20,ל 100 גרם,false,1,12.90,3.07,false,1,
7290000191966,false,מגבוני לחים  סנסטיב,קימברלי קלארק ישראל שיווק בעמ,,,יח,1,ל 100 גרם,false,1,9.90,9.90,false,1,
7290000193472,false,פדיות לילי,קימברלי קלארק ישראל שיווק בעמ,,,יח,1,,false,1,16.90,16.90,false,1,
7290000194837,false,ניקול שקיות מזון עם קשירה,קימברלי קלארק ישראל שיווק בעמ,,,יח,1,,false,1,11.90,11.90,false,1,
7290000195773,false,[מגבוני אגיס רבעיה רגיש,קימברלי קלארק ישראל שיווק בעמ,,,יח,1,,false,1,19.90,19.90,false,1,
7290000197425,false,האגיס פרידום  שלב 3 54 יחק,קימברלי קלארק ישראל שיווק בעמ,,,יח,1,,false,1,41.90,41.90,true,1,
7290000197456,false,האגיס פרידום  שלב 4  44 יח`,קימברלי קלארק ישראל שיווק בעמ,,,יח,1,,false,1,41.90,41.90,true,1,
7290000197463,false,האגיס פרידום  שלב  +4 42  יח`,קימברלי קלארק ישראל שיווק בעמ,,,יח,1,,false,1,41.90,41.90,true,1,
7290000197470,false,שקיות הקפאה מקפיאון,קימברלי קלארק ישראל שיווק בעמ,,,יח,1,,false,1,17.90,17.90,false,1,
7290000197548,false,האגיס פרידום  שלב 5  38 יח`,קימברלי קלארק ישראל שיווק בעמ,,,יח,1,,false,1,41.90,41.90,true,1,
7290000197678,false,האגיס פרידום  שלב 6 34יח`,קימברלי קלארק ישראל שיווק בעמ,,,יח,1,,false,1,41.90,41.90,true,1,
7290000197982,false,זוג רדיד אלומיניום עבה,קימברלי קלארק ישראל שיווק בעמ,,,יח,1,,false,1,24.90,24.90,false,1,
7290000197999,false,זוג רדיד אלומיניום עבה,קימברלי קלארק ישראל שיווק בעמ,,,יח,1,,false,1,19.90,19.90,false,1,
7290000201818,false,טיטולים פרימיום  שלב 2,קימברלי קלארק ישראל שיווק בעמ,,,יח,1,,false,1,32.90,32.90,true,1,
7290000201832,false,טיטולים פרימיום  שלב 3,קימברלי קלארק ישראל שיווק בעמ,,,יח,1,,false,1,32.90,32.90,true,1,
7290000201849,false,טיטולים פרימיום  שלב 4,קימברלי קלארק ישראל שיווק בעמ,,,יח,1,,false,1,32.90,32.90,true,1,
7290000201856,false,טיטולים פרימיום  שלב  +4,קימברלי קלארק ישראל שיווק בעמ,,,יח,1,,false,1,32.90,32.90,true,1,
7290000201863,false,טיטולים פרימיום  שלב 5,קימברלי קלארק ישראל שיווק בעמ,,,יח,1,,false,1,32.90,32.90,true,1,
7290000201870,false,טיטולים פרימיום  שלב 6,קימברלי קלארק ישראל שיווק בעמ,,,יח,1,,false,1,32.90,32.90,true,1,
7290000201979,false,מגבוני אגיס  דיסני,קימברלי קלארק ישראל שיווק בעמ,,,יח,1,,false,1,22.90,22.90,false,1,
7290000208022,false,עגבניות מרוסקות זנלכל,זנלכל בעמ,,,יח,8,ל 100 גרם,false,1,9.90,1.24,false,1,
7290000211169,false,Thai rice 1 kg - Sugat,סוגת תעשיות בעמ,,,יח,10,ל 100 גרם,false,1,6.90,0.69,false,1,
7290000211442,false,Persian Rice 1kg - Sugat,סוגת תעשיות בעמ,,,יח,10,ל 100 גרם,false,1,10.90,1.09,false,1,
7290000211503,false,Sugar 1 kg - Sugat,סוגת תעשיות בעמ,,,יח,10,ל 100 גרם,false,10,3.90,0.39,false,1,
7290000238029,false,"בצק עלים מרודד מעדנות 1 ק""ג",תנובה ענף ב.ע.ד,,,ל 100 גרם,1,"לק""ג",false,1,17.90,17.90,false,1,
7290000238036,false,מלווח 700 גרם מעדנות,תנובה ענף ב.ע.ד,,,יח,7,יח,false,1,13.90,1.99,false,1,
7290000238173,false,בורקס במילוי גבינה 800 גרם מעדנות,תנובה ענף ב.ע.ד,,,ל 100 גרם,8,ל 100 גרם,false,1,19.90,2.49,false,1,
7290000238180,false,בורקס במילוי תפוא 800 גרם מעדנות,תנובה ענף ב.ע.ד,,,ל 100 גרם,8,ל 100 גרם,false,1,16.90,2.11,false,1,
7290000240541,false,ריבועי בצק עלים 800 גרם מעדנות,תנובה ענף ב.ע.ד,,,ל 100 גרם,8,ל 100 גרם,false,1,22.90,2.86,false,1,
7290000244051,false,סבון נוזלי שלישיה,"הנקל סוד בע""מ",,,יח,1.50,לליטר,false,1,15.90,10.60,true,1,
7290000244082,false,אל סבון הוואי שלישיה,"הנקל סוד בע""מ",,,יח,1.50,לליטר,false,1,15.90,10.60,true,1,
7290000244761,false,קרם ולוטה גדול,"הנקל סוד בע""מ",,,יח,1,"ל 100 מ""ל",false,1,11.90,11.90,true,1,
7290000245072,false,מ. כביסה  לתינוק  4ליטר,גורי שיווק בעמ,,,יח,4,לליטר,false,1,16.90,4.23,false,1,
7290000245157,false,מרכך כביסה סנסיישין,גורי שיווק בעמ,,,יח,40,"ל 100 ס""מ",false,1,16.90,0.42,false,1,
7290000245478,false,א. כביסה לתינוק,גורי שיווק בעמ,,,יח,1.25,"לק""ג",false,1,12.90,10.32,false,1,
7290000245508,false,א.כביסה סוד פקפקט ק,גורי שיווק בעמ,,,יח,12,ל 100 גרם,false,1,12.90,1.08,false,1,
7290000245515,false,א.כביסה קומפקט ביו,גורי שיווק בעמ,,,יח,12,ל 100 גרם,false,1,12.90,1.08,false,1,
7290000245539,false,א.כביסה קומפקט קולור,גורי שיווק בעמ,,,יח,1.25,"לק""ג",false,1,12.90,10.32,false,1,
7290000245782,false,מ.כביסה ורוד 4לי,גורי שיווק בעמ,,,יח,40,"ל 100 ס""מ",false,1,16.90,0.42,false,1,
7290000245799,false,מ. כביסה כחול 4ל ק,גורי שיווק בעמ,,,יח,40,"ל 100 מ""ל",false,1,16.90,0.42,false,1,
7290000253220,false,שוקולד ציפס 260 ג,תה ויסוצקי (ישראל)בעמ,,,יח,2.60,ל 100 גרם,false,1,10.90,4.19,false,1,
7290000253251,false,שוקוצ יפס   לבן לעוגה,תה ויסוצקי (ישראל)בעמ,,,יח,2.50,ל 100 גרם,false,1,10.90,4.36,false,1,
7290000253374,false,מיני  שוקולד ציפס 250 גר`,תה ויסוצקי (ישראל)בעמ,,,יח,2.50,ל 100 גרם,false,1,14.90,5.96,false,1,
7290000262031,false,מולאט  לב אדום  *ZZ32,קימברלי קלארק ישראל שיווק בעמ,,,יח,32,למארז,false,1,33.90,1.06,false,1,
7290000262161,false,מולט לב אדום 40,קימברלי קלארק ישראל שיווק בעמ,,,יח,40,למארז,false,1,38.90,0.97,false,1,
7290000262239,false,נ.ט מולט 48 לבבות ק,קימברלי קלארק ישראל שיווק בעמ,,,יח,27.70,ל 100 גרם,false,1,41.90,1.51,false,1,
7290000263700,false,טיטולים פרימיום  שלב 3,קימברלי קלארק ישראל שיווק בעמ,,,יח,1,,false,1,32.90,32.90,false,1,
7290000272696,false,לימוןטבעי 1 ליטר ק,קבוצת אוסם סחר שותפות מוגבלת,,,יח,10,"ל 100 מ""ל",false,1,10.90,1.09,false,1,
7290000272726,false,חומץ טבעי 1 ליטר אוסם,קבוצת אוסם סחר שותפות מוגבלת,,,יח,10,"ל 100 מ""ל",false,1,7.90,0.79,false,1,
7290000286594,false,סנוX מיכל לימו.,החברה הדרומית לשיווק בעמ,,,יח,6,ל 100 גרם,false,1,9.90,1.65,false,1,
7290000286921,false,סנוקל רסס כבס,החברה הדרומית לשיווק בעמ,,,יח,7.50,"ל 100 מ""ל",false,1,11.90,1.59,false,1,
7290000286945,false,"רהיטנוזל סנו 500 מ""ל",החברה הדרומית לשיווק בעמ,,,יח,5,"ל 100 מ""ל",false,1,25.90,5.18,false,1,
7290000287430,false,שלישית סבון אסלות,החברה הדרומית לשיווק בעמ,,,יח,1.65,ל 100 גרם,false,1,10.90,6.61,false,1,
7290000288024,false,אקונמיקה 4 ליטר. ק,החברה הדרומית לשיווק בעמ,,,יח,40,"ל 100 מ""ל",false,1,16.90,0.42,false,1,
7290000288048,false,סנו ז אוול מרסס. ק,החברה הדרומית לשיווק בעמ,,,יח,10,"ל 100 מ""ל",false,1,17.90,1.79,false,1,
7290000288352,false,K-300   סנו.,החברה הדרומית לשיווק בעמ,,,יח,6.30,"ל 100 מ""ל",false,1,20.90,3.32,false,1,
7290000288383,false,K-500   סנו.,החברה הדרומית לשיווק בעמ,,,יח,4,"ל 100 מ""ל",false,1,20.90,5.23,false,1,
7290000288642,false,מרכך  4 ליטר מקסי.,החברה הדרומית לשיווק בעמ,,,יח,40,"ל 100 מ""ל",false,1,21.90,0.55,false,1,
7290000289595,false,אורביטול משחת שי,החברה הדרומית לשיווק בעמ,,,יח,1,ל 100 גרם,false,1,7.90,7.90,false,1,
7290000289748,false,סנו פורטה פלוס. ק,החברה הדרומית לשיווק בעמ,,,יח,7.50,"ל 100 מ""ל",false,1,13.90,1.85,false,1,
7290000291857,false,פוליויקס 2 ליטר.,החברה הדרומית לשיווק בעמ,,,יח,2,לליטר,false,1,19.90,9.95,false,1,
7290000291932,false,סנובון נוזלי כחו,החברה הדרומית לשיווק בעמ,,,יח,7.50,"ל 100 מ""ל",false,1,9.90,1.32,false,1,
7290000292533,false,סנו ג ל לניקוי כ,החברה הדרומית לשיווק בעמ,,,יח,10,"ל 100 מ""ל",false,1,16.90,1.69,false,1,
7290000292687,false,שלשיה סנובון כחו,החברה הדרומית לשיווק בעמ,,,יח,1.65,ל 100 גרם,false,1,14.90,9.03,false,1,
7290000293073,false,מרכך  4 ליטר ביו,החברה הדרומית לשיווק בעמ,,,יח,40,"ל 100 מ""ל",false,1,21.90,0.55,false,1,
7290000293943,false,אנטי קלאק מסיר א ק,החברה הדרומית לשיווק בעמ,,,יח,10,"ל 100 מ""ל",false,1,17.90,1.79,false,1,
7290000294780,false,סנו ג אבל סמיכה,החברה הדרומית לשיווק בעמ,,,יח,40,"ל 100 מ""ל",false,1,16.90,0.42,false,1,
7290000295367,false,"אפקט ג באל 2.5 ק""ג",החברה הדרומית לשיווק בעמ,,,יח,25,ל 100 גרם,false,1,24.90,1,false,1,
7290000295541,false,רב מגבת ג מבו,החברה הדרומית לשיווק בעמ,,,יח,3.90,ל 100 גרם,false,1,19.90,5.10,false,1,
7290000300900,false,טבעול שניצל תירס 750 גרם,קבוצת אוסם סחר שותפות מוגבלת,,,ל 100 גרם,7.50,ל 100 גרם,false,1,27.90,3.72,true,1,
7290000303581,false,Fava A-2 expired - Pry Galilee,ויטה-פרי גליל (החדשה) בעמ,,,יח,5.60,ל 100 גרם,false,1,6.90,1.23,false,1,
7290000303598,false,Goa .brotb A-2 Guild - Pry Galilee,ויטה-פרי גליל (החדשה) בעמ,,,יח,5.80,ל 100 גרם,false,1,6.90,1.19,true,1,
7290000303604,false,Hummus A-2 Rabbinate expired - Pry Galil,ויטה-פרי גליל (החדשה) בעמ,,,יח,5.50,ל 100 גרם,false,1,6.90,1.25,true,1,
7290000307015,false,A-2 peas expired - Pry Galilee,ויטה-פרי גליל (החדשה) בעמ,,,יח,5.50,ל 100 גרם,false,1,6.90,1.25,true,1,
7290000307046,false,Peas and carrots A-2 expired - Pry Galil,ויטה-פרי גליל (החדשה) בעמ,,,יח,5.50,ל 100 גרם,false,1,6.90,1.25,true,1,
7290000307220,false,Corn 12 Unk expired - Pry Galilee,ויטה-פרי גליל (החדשה) בעמ,,,יח,4.50,ל 100 גרם,false,1,4.90,1.09,false,1,
7290000307237,false,A-2 corn expired - Pry Galilee,ויטה-פרי גליל (החדשה) בעמ,,,יח,5.50,ל 100 גרם,false,24,6.90,1.25,true,1,
7290000307800,false,Paul 800 expired - Pry Galilee,ויטה-פרי גליל (החדשה) בעמ,,,יח,8,ל 100 גרם,false,1,10.90,1.36,false,1,
7290000311128,false,butter cookies,רוקחמן בעמ,,,יח,3,ל 100 גרם,false,1,6.90,2.30,false,1,
7290000311135,false,chocosticks cookies,רוקחמן בעמ,,,יח,3,ל 100 גרם,false,1,6.90,2.30,false,1,
7290000311180,false,chocolate wafers,רוקחמן בעמ,,,יח,2.50,ל 100 גרם,false,1,7.50,3,false,1,
7290000311203,false,chocolate wafers 200,רוקחמן בעמ,,,יח,2,ל 100 גרם,false,1,4.30,2.15,false,1,
7290000311210,false,lemon wafers 200,רוקחמן בעמ,,,יח,2,ל 100 גרם,false,1,4.30,2.15,false,1,
7290000311227,false,coffee wafers,רוקחמן בעמ,,,יח,2,ל 100 גרם,false,1,4.30,2.15,false,1,
7290000311234,false,vanilla wafers,רוקחמן בעמ,,,יח,2,ל 100 גרם,false,1,4.30,2.15,false,1,
7290000311258,false,coated wafers,רוקחמן בעמ,,,יח,2.50,ל 100 גרם,false,1,5.90,2.36,false,1,
7290000311319,false,coated wafers,רוקחמן בעמ,,,יח,10,ל 100 גרם,false,1,22.90,2.29,false,1,
7290000311425,false,coated wafers,רוקחמן בעמ,,,יח,2.20,ל 100 גרם,false,1,7.50,3.41,false,1,
7290000311500,false,chocolate wafers 500,רוקחמן בעמ,,,יח,5,ל 100 גרם,false,1,8.90,1.78,false,1,
7290000311517,false,lemon wafers 500,רוקחמן בעמ,,,יח,5,יח,false,1,8.90,1.78,false,1,
7290000311708,false,whole wheat cookies,רוקחמן בעמ,,,יח,3,ל 100 גרם,false,1,6.90,2.30,false,1,
7290000311715,false,chocolate cookies,רוקחמן בעמ,,,יח,3,ל 100 גרם,false,1,6.90,2.30,false,1,
7290000311722,false,stars cookies,רוקחמן בעמ,,,יח,3,ל 100 גרם,false,1,6.90,2.30,false,1,
7290000313160,false,חברים זהבה ו 3 דובים,קבוצת אוסם סחר שותפות מוגבלת,,,יח,2.50,ל 100 גרם,false,1,7.90,3.16,false,1,
7290000313184,false,חברים בסקויט גן חיות,קבוצת אוסם סחר שותפות מוגבלת,,,יח,2.50,ל 100 גרם,false,1,7.90,3.16,false,1,
7290000313290,false,נודלס איטריות מסולסלות,קבוצת אוסם סחר שותפות מוגבלת,,,יח,2,ל 100 גרם,false,1,8.90,4.45,false,1,
7290000319520,false,צרפתי גורמה 100 יחיעם,מעדני יחיעם (1993) בעמ,,,יח,1,ל 100 גרם,false,1,19.90,19.90,false,1,
7290000334684,false,טבעות בצל תפוגן 700 גרם,קבוצת אוסם סחר שותפות מוגבלת,,,יח,0.70,"לק""ג",false,1,17.90,25.57,false,1,
7290000339566,false,BADIN PINK 6X4L,"יוניליוור ישראלשיווק בע""מ",,,יח,40,"ל 100 מ""ל",false,1,19.80,0.50,false,1,
7290000339849,false,CIF PASTE SMADAR ZOHAR 1X3.5KG,"יוניליוור ישראלשיווק בע""מ",,,יח,3.50,"לק""ג",false,1,26.90,7.69,false,1,
7290000342856,false,BADIN BLUE 4L 2003 RELAUNCH,"יוניליוור ישראלשיווק בע""מ",,,יח,40,"ל 100 מ""ל",false,1,19.80,0.50,false,1,
7290000345116,false,תה ירוק 125,תה ויסוצקי (ישראל)בעמ,,,יח,1.25,ל 100 גרם,false,1,14.90,11.92,false,1,
7290000345208,false,תה בריבוע 25/1,תה ויסוצקי (ישראל)בעמ,,,יח,0.25,ל 100 גרם,false,1,6.90,27.60,false,1,
7290000345215,false,תה 100\1 כחול ק,תה ויסוצקי (ישראל)בעמ,,,יח,1,ל 100 גרם,false,1,16.90,16.90,false,1,
7290000345260,false,25/1.5 תה בריבוע,תה ויסוצקי (ישראל)בעמ,,,יח,0.3750,ל 100 גרם,false,1,6.90,18.40,false,1,
7290000345277,false,תה 50 שקיות,תה ויסוצקי (ישראל)בעמ,,,יח,0.75,ל 100 גרם,false,1,12.90,17.20,false,1,
7290000345536,false,תה נענע,תה ויסוצקי (ישראל)בעמ,,,יח,0.3750,ל 100 גרם,false,1,16.90,45.07,false,1,
7290000346120,false,.תה קינמון,תה ויסוצקי (ישראל)בעמ,,,יח,0.6250,ל 100 גרם,false,1,17.90,28.64,false,1,
7290000346168,false,חליטת שומר 25,תה ויסוצקי (ישראל)בעמ,,,יח,0.3750,ל 100 גרם,false,1,17.90,47.73,false,1,
7290000346205,false,תה קמומיל ויסוצקי,תה ויסוצקי (ישראל)בעמ,,,יח,0.3750,ל 100 גרם,false,1,17.90,47.73,false,1,
7290000346212,false,.תה מנטה,תה ויסוצקי (ישראל)בעמ,,,יח,0.50,ל 100 גרם,false,1,17.90,35.80,false,1,
7290000346236,false,ורבנה,תה ויסוצקי (ישראל)בעמ,,,יח,0.50,ל 100 גרם,false,1,17.90,35.80,false,1,
7290000346960,false,תה נענע 1.5,תה ויסוצקי (ישראל)בעמ,,,יח,15,ל 100 גרם,false,1,29,1.93,false,1,
7290000347738,false,תה ירוק עם נענע,תה ויסוצקי (ישראל)בעמ,,,יח,0.3750,ל 100 גרם,false,1,22.90,61.07,true,1,
7290000347752,false,תה ירוק לימונית,תה ויסוצקי (ישראל)בעמ,,,יח,0.3750,ל 100 גרם,false,1,22.90,61.07,true,1,
7290000355481,false,Flirted sauce. A-BX22 2 uto - Uto,ויטה-פרי גליל (החדשה) בעמ,,,יח,5.70,ל 100 גרם,false,1,5.90,1.04,false,1,
7290000355498,false,Flirted sauce. A-BX28 2 uto - Uto,ויטה-פרי גליל (החדשה) בעמ,,,יח,5.80,ל 100 גרם,false,12,6.50,1.12,false,1,
7290000364131,false,פריזר כפרי 400 ג,תנובה ענף ב.ע.ד,,,יח,4,ל 100 גרם,false,1,17.90,4.48,false,1,
7290000364858,false,נק  עוף 1 ק ג,תנובה ענף ב.ע.ד,,,יח,1,"לק""ג",false,1,24.90,24.90,false,1,
7290000367590,false,צמד כפרי 800,תנובה ענף ב.ע.ד,,,יח,8,ל 100 גרם,false,1,28.90,3.61,false,1,
7290000379654,false,חלה  אנג`ל קלועה,שלמה א.אנג ל בעמ,,,יח,5,ל 100 גרם,false,1,6.70,1.34,false,1,
7290000408316,false,דנונה כפיר,שטראוס גרופ בעמ (ח),,,יח,2,"ל 100 מ""ל",false,1,3.50,1.75,false,1,
7290000408354,false,בר דנונה פיצפוצים,שטראוס גרופ בעמ (ח),,,יח,1.75,"ל 100 מ""ל",false,1,4.50,2.57,false,1,
7290000412481,false,מנקה אסלות 1 ליט. ק,החברה הדרומית לשיווק בעמ,,,יח,10,"ל 100 מ""ל",false,1,7.90,0.79,false,1,
7290000416021,false,Spread cream 500 dairy premium-Hshachar,השחר העולה בעמ,,,יח,5,ל 100 גרם,false,1,12.90,2.58,false,1,
7290000416045,false,Spread premium cream 1 kg 15 pcs-Hshacha,השחר העולה בעמ,,,יח,1,"לק""ג",false,1,24.90,24.90,false,1,
7290000416618,false,Fur paste 400g-Hshachar,השחר העולה בעמ,,,יח,4,ל 100 גרם,false,1,11.90,2.98,false,1,
7290000416632,false,Fur paste 1kg-Hshachar,השחר העולה בעמ,,,יח,1,"לק""ג",false,1,23.90,23.90,false,1,
7290000416854,false,קקאו השחר העולה 150ג,השחר העולה בעמ,,,יח,1.50,ל 100 גרם,false,1,9.90,6.60,false,1,
7290000419220,false,מארז קפה לנדוור שלישיה,ש.שסטוביץ בעמ,,,יח,3,ל 100 גרם,false,1,18.90,6.30,false,1,
7290000420332,false,פופקורן חמאה למי,"דנשר (1963) בע,מ",,,יח,5,ל 100 גרם,false,1,13.90,2.78,true,1,
7290000435251,false,מיני  משמחים קלאסי 500 גר`,לירון קרביץ יבוא שיווק וסחר,,,יח,1,,false,1,15.90,15.90,false,1,
7290000446394,false,דייסת שיבולת שועל 200ג  *BD,בטר אנד דיפרנט בעמ,,,יח,2,ל 100 גרם,false,1,11.90,5.95,false,1,
7290000446523,false,חמאת בוטנים מתוקה 350ג  BD,בטר אנד דיפרנט בעמ,,,יח,3.50,ל 100 גרם,false,1,13.90,3.97,false,1,
7290000446530,false,"חמאת בוטנים מתוקה 1 ק""ג  BD",בטר אנד דיפרנט בעמ,,,יח,10,"לק""ג",false,1,28.90,2.89,false,1,
7290000446547,false,חמאת בוטנים טבעית 350ג BD*,בטר אנד דיפרנט בעמ,,,יח,3.50,ל 100 גרם,false,1,13.50,3.86,false,1,
7290000446554,false,"חמאת בוטנים טבעי1 ק""ג BD",בטר אנד דיפרנט בעמ,,,יח,10,ל 100 גרם,false,1,28.90,2.89,false,1,
7290000446806,false,דייסת דגנים 200ג    BD  *,בטר אנד דיפרנט בעמ,,,יח,2,ל 100 גרם,false,1,11.90,5.95,false,1,
7290000449128,false,CIF GPC 4L 2011 6X4KG,"יוניליוור ישראלשיווק בע""מ",,,יח,40,"ל 100 מ""ל",false,1,19.90,0.50,false,1,
7290000450209,false,טונה פוסידון בשמן 110ג   נטו*,נטו מילנדה סחר בעמ*,,,יח,1.80,ל 100 גרם,false,1,5.70,3.17,false,1,
7290000450308,false,טונה פוסידון במים 110ג נטו*,נטו מילנדה סחר בעמ*,,,יח,1.08,ל 100 גרם,false,1,5.70,5.28,false,1,
7290000453019,false,שמרית פ ק,שטראוס גרופ בעמ (ח),,,יח,0.50,ל 100 גרם,false,1,4.90,9.80,false,1,
7290000453125,false,שמרית +משפר  אפי,שטראוס גרופ בעמ (ח),,,יח,1,ל 100 גרם,false,1,7.90,7.90,false,1,
7290000453415,false,בצק עלים מצונן שמרית,שטראוס גרופ בעמ (ח),,,יח,3,ל 100 גרם,false,1,16.50,5.50,true,1,
7290000453422,false,בצק  פילו מוכן לאפיה  שמרית,שטראוס גרופ בעמ (ח),,,יח,3,ל 100 גרם,false,1,16.50,5.50,true,1,
7290000453781,false,שמרים יבשים 125 גר`,שטראוס גרופ בעמ,,,יח,0.1250,ל 100 גרם,false,1,5.90,47.20,false,1,
7290000453798,false,שמרים יבשים 500 ג אקטיבים,שטראוס גרופ בעמ,,,יח,5,ל 100 גרם,false,1,13.90,2.78,false,1,
7290000453897,false,מרגרינה טעם חמאה שמרית,שטראוס גרופ בעמ (ח),,,יח,2,ל 100 גרם,false,1,6.50,3.25,false,1,
7290000461656,false,B&B ONE ONE 400 GR,"יוניליוור ישראלשיווק בע""מ",,,יח,4,ל 100 גרם,false,1,8.90,2.23,false,1,
7290000462103,false,סחוג חריף ירוק,שטראוס גרופ בעמ (ח),,,יח,1.50,ל 100 גרם,false,1,7.90,5.27,false,1,
7290000462172,false,סחוג ירוק,שטראוס גרופ בעמ (ח),,,יח,1.40,ל 100 גרם,false,1,7.90,5.64,false,1,
7290000462981,false,זחוק חריף אש 150 גר`,שטראוס גרופ בעמ (ח),,,יח,1.50,ל 100 גרם,false,1,9.90,6.60,false,1,
7290000467320,false,חומוס  אבו מרוואן,קבוצת אוסם סחר שותפות מוגבלת,,,יח,4,ל 100 גרם,false,1,12.90,3.23,true,1,
7290000474373,false,שמנת חמוצה 200 מ,החברה המרכזית טלהפצת משקאות בע,,,יח,2,"ל 100 מ""ל",false,1,2.40,1.20,false,1,
7290000474502,false,גבינה לבנה 5%-250  גרם{פ},החברה המרכזית טלהפצת משקאות בע,,,יח,2.50,ל 100 גרם,false,1,4.98,1.99,false,1,
7290000474540,false,גבינת 5% טוב טעם,החברה המרכזית טלהפצת משקאות בע,,,יח,2.50,ל 100 גרם,false,1,12.50,5,false,1,
7290000474830,false,גבינה מגורדת  500,החברה המרכזית טלהפצת משקאות בע,,,יח,5,ל 100 גרם,false,1,31.90,6.38,false,1,
7290000480107,false,קואקר פחית 500 ג,שטראוס פריטו ליי בעמ,,,יח,5,ל 100 גרם,false,1,14.90,2.98,false,1,
7290000480442,false,קווקר שבולת שועל,שטראוס פריטו ליי בעמ,,,יח,5,ל 100 גרם,false,1,11.90,2.38,false,1,
7290000481074,false,לחם טריו דגנית,דגנית עין בר תעשיות,,,יח,5,ל 100 גרם,false,1,15.90,3.18,false,1,
7290000484747,false,"ארק עלית 700 מ""ל 40% יקב הגליל*",יקב הגליל שיווק בעמ,,,יח,7,"ל 100 מ""ל",false,1,57.90,8.23,false,1,
7290000493176,false,אבקת רוטב צלי בשר,קבוצת אוסם סחר שותפות מוגבלת,,,יח,0.22,ל 100 גרם,false,1,4.20,19.09,false,1,
7290000493183,false,רוטב פטריות,קבוצת אוסם סחר שותפות מוגבלת,,,יח,0.30,ל 100 גרם,false,1,4.40,14.67,false,1,
7290000515014,false,"קמח לבן בהיר ב""ש 1  ק""ג*",טחנות קמח שטיבל בש בעמ,,,יח,10,ל 100 גרם,false,1,5.10,0.51,false,1,
7290000521008,false,ייןסגל אדום יבש,טמפו משקאות בעמ,,,יח,7.50,"ל 100 מ""ל",false,1,21.90,2.88,true,1,
7290000521015,false,יין לבן סגל,טמפו משקאות בעמ,,,יח,7.50,"ל 100 מ""ל",false,1,21.90,2.88,true,1,
7290000523125,false,מלח ים יבש 250ג מלחיה סוגת*,סוגת תעשיות בעמ,,,יח,2.50,ל 100 גרם,false,1,5.90,2.36,false,1,
7290000523514,false,מלח ים מופחת נתרן 250ג מלחיה  סוגת*,סוגת תעשיות בעמ,,,יח,2,ל 100 גרם,false,1,9.90,4.95,false,1,
7290000525969,false,פרימור סחוט 1 לי,שטראוס גרופ בעמ (ח),,,יח,1,לליטר,false,1,15.90,15.90,false,1,
7290000531977,false,בורקס במילוי גבינה זוגלובק 800 גרם,זוגלובק שיווק בעמ,,,יח,8,ל 100 גרם,false,1,13.90,1.74,true,1,
7290000533353,false,"בצק עלים מרודד זוגלובק 1 ק""ג",זוגלובק שיווק בעמ,,,יח,10,ל 100 גרם,false,1,13.90,1.39,true,1,
7290000536316,false,שניצל מן הצומח ק זוגלובק 1ק`,זוגלובק שיווק בעמ,,,יח,10,ל 100 גרם,false,1,29.90,2.99,true,1,
7290000536774,false,נקניקיה מן הצומח זוגלובק 1ק`,זוגלובק שיווק בעמ,,,יח,10,ל 100 גרם,false,1,29.90,2.99,true,1,
7290000536781,false,קבאב מן הצומח זוגלובק,זוגלובק שיווק בעמ,,,יח,10,ל 100 גרם,false,1,36.90,3.69,true,1,
7290000554686,false,לבנה בשמן זית וז,מחלבות גד שיווק 1992 בעמ,,,יח,2.50,ל 100 גרם,false,1,14.10,5.64,false,1,
7290000554822,false,ריקוטה,מחלבות גד שיווק 1992 בעמ,,,יח,2.50,ל 100 גרם,false,1,13.90,5.56,true,1,
7290000554839,false,גבינת מסקרפוניה,מחלבות גד שיווק 1992 בעמ,,,יח,2.50,ל 100 גרם,false,1,19.90,7.96,false,1,
7290000572208,false,חלבה 100ג   אחוה*,אחדות בעמ,,,יח,1,ל 100 גרם,false,1,2.90,2.90,false,1,
7290000572222,false,חלבה בלוק 500ג  אחוה*,אחדות בעמ,,,יח,5,ל 100 גרם,false,1,10.90,2.18,false,1,
7290000572529,false,חלבה פיסטוק 400ג אחוה*,אחדות בעמ,,,יח,4,ל 100 גרם,false,1,11.90,2.98,false,1,
7290000572536,false,חלבה וניל 400ג  אחוה*,אחדות בעמ,,,יח,4,ל 100 גרם,false,1,10.90,2.73,false,1,
7290000572673,false,חלבה חטיף 25 ג* 12יח  קופ`שי  אחוה*,אחדות בעמ,,,יח,3,ל 100 גרם,false,12,12.90,4.30,false,1,
7290000572802,false,חמאת שומשום אורגני 500ג אחוה*,אחדות בעמ,,,יח,5,ל 100 גרם,false,1,11.90,2.38,false,1,
7290000572819,false,"טחינה 1 ק""ג פלסטיק  אחוה*",אחדות בעמ,,,יח,10,ל 100 גרם,false,1,18.90,1.89,false,1,
7290000654546,false,פילה אמנון 7-9 100% תנובה,תנובה ענף ב.ע.ד,,,"לק""ג",10,ל 100 גרם,true,1,33.90,3.39,false,1,
7290000688084,false,מים מינרלים מי עדן,יפאורה שותפות מוגבלת לשיווק,,,יח,5,"ל 100 מ""ל",false,1,2.80,0.50,false,1,
7290000688176,false,בקבוק מי עדן 250,יפאורה שותפות מוגבלת לשיווק,,,יח,2.50,"ל 100 מ""ל",false,1,2.60,0.92,false,1,
7290000688237,false,שישית מי עדן  1ליטר,יפאורה שותפות מוגבלת לשיווק,,,יח,6,לליטר,false,1,13.70,1.98,false,1,
7290000688374,false,מי עדן  6יח  250,יפאורה שותפות מוגבלת לשיווק,,,יח,15,"ל 100 מ""ל",false,1,14.90,0.87,false,1,
7290000688381,false,מי עדן שישיה ספורט,יפאורה שותפות מוגבלת לשיווק,,,יח,30,"ל 100 מ""ל",false,1,13.90,0.40,false,1,
7290000688466,false,מי עדן ג ים 750 מל,יפאורה שותפות מוגבלת לשיווק,,,יח,7.50,"ל 100 מ""ל",false,1,2.80,0.33,false,1,
7290000688503,false,שישיית מי-עדן GYM 750  ג.,יפאורה שותפות מוגבלת לשיווק,,,יח,45,"ל 100 מ""ל",false,1,16.90,0.34,false,1,
7290000688824,false,מי עדן  שישיה,יפאורה שותפות מוגבלת לשיווק,,,יח,12,לליטר,false,1,13.90,1.16,false,1,
7290000961804,false,דלעת,"בכורי השדה צפון1994 ג.ד. בע""מ",,,"לק""ג",10,ל 100 גרם,true,1,12.90,1.29,false,1,
7290000980621,false,קומקום תיון 32 נירוסטה,אוהב ציון בעמ,,,יח,1,,false,1,29.90,29.90,false,1,
7290001041147,false,"חומוס גדול 1 ק""ג     מיה ק",מיה תעשיות מזון מ.ת.מ בעמ,,,יח,10,ל 100 גרם,false,1,10.90,1.09,false,1,
7290001041178,false,"אפונה 1ק""ג           מיה",מיה תעשיות מזון מ.ת.מ בעמ,,,יח,10,ל 100 גרם,false,1,6.90,0.69,false,1,
7290001041185,false,"פופקורן 1 ק""ג        מיה",מיה תעשיות מזון מ.ת.מ בעמ,,,יח,10,ל 100 גרם,false,1,8.90,0.89,false,1,
7290001041208,false,"עדשים ירוק 1ק""ג      מיה",מיה תעשיות מזון מ.ת.מ בעמ,,,יח,10,ל 100 גרם,false,1,9.90,0.99,false,1,
7290001041215,false,"חיטה 1ק""ג  מיה",מיה תעשיות מזון מ.ת.מ בעמ,,,יח,10,ל 100 גרם,false,1,5.90,0.59,false,1,
7290001041222,false,"חומוס לבן ענק 1 ק""ג  מיה",מיה תעשיות מזון מ.ת.מ בעמ,,,יח,10,ל 100 גרם,false,1,15.90,1.59,false,1,
7290001041260,false,שומשום 400 גר        מיה ג.,מיה תעשיות מזון מ.ת.מ בעמ,,,יח,4,ל 100 גרם,false,1,9.90,2.48,true,1,
7290001041284,false,לקקן טעם תות 20 יח`,מיה תעשיות מזון מ.ת.מ בעמ,,,יח,2.20,ל 100 גרם,false,1,8.90,4.05,true,1,
7290001041291,false,לקקן 70 יח`    מיה ק.,מיה תעשיות מזון מ.ת.מ בעמ,,,יח,7.70,ל 100 גרם,false,1,19.90,2.58,true,1,
7290001041673,false,אורז פרסי עממי מיה,מיה תעשיות מזון מ.ת.מ בעמ,,,יח,10,ל 100 גרם,false,1,5,0.50,false,1,
7290001136287,false,שמפו נקה 750 רגיל,החברה הדרומית לשיווק בעמ,,,יח,7.50,"ל 100 מ""ל",false,1,10.90,1.45,false,1,
7290001136294,false,שמפו נקה 750 צבוע/יבש,החברה הדרומית לשיווק בעמ,,,יח,7.50,"ל 100 מ""ל",false,1,10.90,1.45,false,1,
7290001136300,false,שמפו נקה 750 לסירוק קל,החברה הדרומית לשיווק בעמ,,,יח,7.50,"ל 100 מ""ל",false,1,10.90,1.45,false,1,
7290001201510,false,ביצים 30 M בינוני,מ.לסר חברה לשיווק ביצים,,,יח,30,יח,false,1,27.80,0.93,false,1,
7290001201602,false,ביצים  18 L גדול,מ.לסר חברה לשיווק ביצים,,,יח,18,יח,false,1,18,1,false,1,
7290001247068,false,נקטר ספרינג תות,יפאורה שותפות מוגבלת לשיווק,,,יח,10,"ל 100 מ""ל",false,1,7,0.70,true,1,
7290001247099,false,נקטר ספרינג מנגו,יפאורה שותפות מוגבלת לשיווק,,,יח,10,ל 100 גרם,false,1,7,0.70,true,1,
7290001265642,false,מולטיפק לה קט  3יח,דיפלומט מפיצים {1968}בעמ,,,יח,10,ל 100 גרם,false,1,19.90,1.99,false,1,
7290001327791,false,קרמיסימו עוגיות,"גלידת שטראוס בע""מ",,,יח,1.33,לליטר,false,1,18.90,14.21,false,1,
7290001335574,false,בשר ראש חלק,נתח אדום עוזי ביטון ובניו בעמ,,,"לק""ג",10,ל 100 גרם,true,1,74.90,7.49,false,1,
7290001407127,false,פרוסות חלבה קלאסית וניל,קבוצת אוסם סחר שותפות מוגבלת,,,יח,4,ל 100 גרם,false,1,14.90,3.73,false,1,
7290001407134,false,פרוסות חלבה  שוקו  וניל,קבוצת אוסם סחר שותפות מוגבלת,,,יח,4,ל 100 גרם,false,1,14.90,3.73,false,1,
7290001407752,false,טחינה גלמית 500 פטרוזליה,קבוצת אוסם סחר שותפות מוגבלת,,,יח,5,ל 100 גרם,false,1,15.90,3.18,false,1,
7290001419618,false,וופל בלגי שוקו 200ג  גילרו*,א.ג גילרו בעמ,,,יח,2,ל 100 גרם,false,1,2.90,1.45,true,1,
7290001419793,false,גביעי גלידה מגולגלים 12יח  גילרו*,א.ג גילרו בעמ,,,יח,12,יח,false,1,9.90,0.83,false,1,
7290001468272,false,פלסטר צבעוני,נאמן לאורך זמן בעמ,,,יח,1,,false,1,6.90,6.90,false,1,
7290001468494,false,שעווה למיקרוגל,נאמן לאורך זמן בעמ,,,יח,5,ל 100 גרם,false,1,14.90,2.98,false,1,
7290001482384,false,אננס חתוך 227ג ויליפוד,ג.וילי פוד בעמ,,,יח,2.27,ל 100 גרם,false,1,3.90,1.72,false,1,
7290001483404,false,"לוגאנו שמנת 150ג הגביע בד""ץ",הגביע מוצרי וופלים בעמ,,,יח,1.50,ל 100 גרם,false,1,4.90,3.27,false,1,
7290001483596,false,עוגיות  שוקוציפס 200ג הגביע,הגביע מוצרי וופלים בעמ,,,יח,2,ל 100 גרם,false,1,4.20,2.10,false,1,
7290001485019,false,גבינת שמנת 9% לבן ולעניין,החברה המרכזית טלהפצת משקאות בע,,,יח,2,ל 100 גרם,false,1,12.50,6.25,false,1,
7290001594025,false,קוקה קולה  קלאסי 330,החברה המרכזית להפצת משקאות בע,,,יח,3.50,"ל 100 מ""ל",false,1,6.90,1.89,false,1,
7290001594544,false,טורבוג מאלט בק 330,החברה המרכזית להפצת משקאות בע,,,יח,3.30,"ל 100 מ""ל",false,1,5,1.42,false,1,
7290001594568,false,"קלסברג פחית 500 מ""ל",החברה המרכזית להפצת משקאות בע,,,יח,5,"ל 100 מ""ל",false,1,8.90,1.72,false,1,
7290001594575,false,טורבוג פח 500 ק,החברה המרכזית להפצת משקאות בע,,,יח,5,"ל 100 מ""ל",false,1,8.90,1.72,true,1,
7290001791356,false,פרש אוטומטיק לבנדר,החברה הדרומית לשיווק בעמ,,,יח,1.65,ל 100 גרם,false,1,13.90,8.42,false,1,
7290001817728,false,צ יטוס כאפה 55 גר,שטראוס פריטו ליי בעמ,,,יח,0.55,ל 100 גרם,false,1,3.50,6.36,false,1,
7290001865439,false,אל סבון  +1 משאבה,"דנשר (1963) בע,מ",,,יח,10,לליטר,false,1,10.90,1.09,true,1,
7290001865453,false,אל סבון 1 ג נטל,"דנשר (1963) בע,מ",,,יח,1,לליטר,false,1,10.90,10.90,true,1,
7290001865460,false,אל סבון  1  כחול,"דנשר (1963) בע,מ",,,יח,10,לליטר,false,1,10.90,1.09,true,1,
7290001990094,false,Classic brown sugar jar - Sugat,סוגת תעשיות בעמ,,,יח,10,ל 100 גרם,false,1,14.50,1.45,false,1,
7290001990117,false,Sesame 100g lying - Sugat,סוגת תעשיות בעמ,,,יח,1,ל 100 גרם,false,1,3.50,3.50,true,1,
7290001990278,false,1kg white beans - Sugat,סוגת תעשיות בעמ,,,יח,10,ל 100 גרם,false,1,18.90,1.89,false,1,
7290001990391,false,Peas 1 kg - Sugat,סוגת תעשיות בעמ,,,יח,10,ל 100 גרם,false,1,11.90,1.19,false,1,
7290002000143,false,ק.ידיים פ נגל,"דנשר (1963) בע,מ",,,יח,1,"ל 100 מ""ל",false,1,7.90,7.90,false,1,
7290002011651,false,"לוגאנו אגוזים 150ג הגביע בד""ץ",הגביע מוצרי וופלים בעמ,,,יח,1.50,ל 100 גרם,false,1,4.90,3.27,false,1,
7290002015093,false,Cucumbers in vinegar 13-17 a2,קבוצת יבנה מוצרי מזון,,,יח,5.60,ל 100 גרם,false,1,7.90,1.41,false,1,
7290002015116,false,Cucumbers in vinegar 7-9 a2,קבוצת יבנה מוצרי מזון,,,יח,5.60,ל 100 גרם,false,1,5.90,1.05,false,1,
7290002015123,false,Cucumbers in vinegar 10-12 a2,קבוצת יבנה מוצרי מזון,,,יח,5.60,ל 100 גרם,false,1,7.50,1.34,false,1,
7290002015147,false,Cucumbers in vinegar 18-25 a2,קבוצת יבנה מוצרי מזון,,,יח,5.60,ל 100 גרם,false,1,8.90,1.59,false,1,
7290002015161,false,Cucumbers in brine 10-12 a2,קבוצת יבנה מוצרי מזון,,,יח,5.60,ל 100 גרם,false,1,7.50,1.34,false,1,
7290002015192,false,Cucumbers in brine 18-25 a2,קבוצת יבנה מוצרי מזון,,,יח,5.60,ל 100 גרם,false,1,8.90,1.59,false,1,
7290002015208,false,Cucumbers in brine 13-17 a2,קבוצת יבנה מוצרי מזון,,,יח,5.60,ל 100 גרם,false,1,7.90,1.41,false,1,
7290002015314,false,Green olives 12-15 a2,קבוצת יבנה מוצרי מזון,,,יח,5.60,ל 100 גרם,false,1,5.90,1.05,false,1,
7290002015420,false,Green pitted olives 15-17 a2,קבוצת יבנה מוצרי מזון,,,יח,5.60,ל 100 גרם,false,1,6.90,1.23,false,1,
7290002015437,false,Green olives novo a2,קבוצת יבנה מוצרי מזון,,,יח,5.60,ל 100 גרם,false,1,6.90,1.23,false,1,
7290002015444,false,Green pitted olives 15-17 a5,קבוצת יבנה מוצרי מזון,,,יח,1.25,"לק""ג",false,1,15.90,12.72,false,1,
7290002015475,false,Green olives 15-17 a5,קבוצת יבנה מוצרי מזון,,,יח,1.25,"לק""ג",false,1,13.90,11.12,false,1,
7290002015628,false,Red pepper strips in vinegar a2,קבוצת יבנה מוצרי מזון,,,יח,5.40,ל 100 גרם,false,1,6.50,1.20,false,1,
7290002015666,false,Hot peppers a2,קבוצת יבנה מוצרי מזון,,,יח,5.40,ל 100 גרם,false,1,5.90,1.09,false,1,
7290002015765,false,Eggplants in brine A2,קבוצת יבנה מוצרי מזון,,,יח,5.40,ל 100 גרם,false,1,5.90,1.09,false,1,
7290002019114,false,רסק עגבניות A2 28% פריניר ה. מכירה*,פריניר (הדס )1987בעמ,,,יח,5.80,ל 100 גרם,false,1,6.90,1.19,false,1,
7290002019763,false,עגבניות מרוסקות 800ג פריניר ה.מכירה *,פריניר (הדס )1987בעמ,,,יח,8,ל 100 גרם,false,1,6.90,0.86,true,1,
7290002019787,false,"רסק עגבניות 260ג בד""ץ   פריניר*",פריניר (הדס )1987בעמ,,,יח,2.60,ל 100 גרם,false,1,3.50,1.35,false,1,
7290002019794,false,רסק עגבניות פלסטיק 100ג   פריניר*,פריניר (הדס )1987בעמ,,,יח,1,ל 100 גרם,false,1,1.90,1.90,true,1,
7290002022152,false,מושי מרשמלו 100ג,כרמית תעשיות ממתקים בעמ,,,יח,1,ל 100 גרם,false,1,3.60,3.60,true,1,
7290002057628,false,טבעות זיתים שחור,קבוצת יבנה מוצרי מזון,,,יח,5.40,ל 100 גרם,false,1,9.90,1.83,false,1,
7290002057734,false,זית חרוזית שחור A2,קבוצת יבנה מוצרי מזון,,,יח,5.40,ל 100 גרם,false,1,8.90,1.65,false,1,
7290002065555,false,לחמניות אנג ל 6,שלמה א.אנג ל בעמ,,,יח,1,,false,1,12.90,12.90,false,1,
7290002128779,false,נייר טישו חמישייה   מנורה*,מנורה אור חדש בעמ,,,יח,50,יח,false,1,8.90,0.18,false,1,
7290002130567,false,דבש טהור יד מרדכי 350ג  עלית  ק,שטראוס גרופ בעמ,,,יח,3.50,ל 100 גרם,false,1,16.90,4.83,false,1,
7290002130581,false,"דבש טבעי יד מרדכי 1 ק""ג עלית",שטראוס גרופ בעמ,,,יח,10,ל 100 גרם,false,1,42.90,4.29,false,1,
7290002157953,false,טונה  קנולה  מארז 4  יח`,נטו מילנדה סחר בעמ*,,,יח,5.60,ל 100 גרם,false,1,19.90,3.55,false,1,
7290002157960,false,טונה  במים   מארז 4  יח`,נטו מילנדה סחר בעמ*,,,יח,5.60,ל 100 גרם,false,1,19.90,3.55,false,1,
7290002239338,false,800 Green hours expired - Pry Galilee,ויטה-פרי גליל (החדשה) בעמ,,,יח,8,ל 100 גרם,false,1,9.90,1.24,false,1,
7290002263562,false,"מיץ לימון משומר 200מ""ל",א.ל ייצור ושיווק תבלינים בעמ,,,יח,2,"ל 100 מ""ל",false,1,6.50,3.25,false,1,
7290002278429,false,צמר פלדה 100ג  *,פלסטו פוליש (ברקן)בעמ,,,יח,1,ל 100 גרם,false,1,2.90,2.90,false,1,
7290002281405,false,סלט  סלמון 2X160  מעושן,נטו מילנדה סחר בעמ*,,,יח,3.20,ל 100 גרם,false,1,9.90,3.09,false,1,
7290002281429,false,סטייק טונה אדומה דלידג,נטו מילנדה סחר בעמ*,,,"לק""ג",10,ל 100 גרם,true,1,64.90,6.49,false,1,
7290002281436,false,נתחי  פילה טונה בהירה,נטו מילנדה סחר בעמ*,,,"לק""ג",10,ל 100 גרם,true,1,44.90,4.49,false,1,
7290002281443,false,.סטייק טונה  קפוא,נטו מילנדה סחר בעמ*,,,"לק""ג",10,ל 100 גרם,true,1,52.90,5.29,false,1,
7290002281498,false,צהובה מגורדת ריץ 500 גר`,נטו מילנדה סחר בעמ*,,,יח,5,ל 100 גרם,false,1,24.90,4.98,false,1,
7290002319016,false,"אבקת אפיה 10* בד""צ מיה",מיה תעשיות מזון מ.ת.מ בעמ,,,ל 100 גרם,10,ל 100 גרם,false,1,1.90,0.19,false,1,
7290002319023,false,"סוכר  וניל*10 בד""צ    מיה",מיה תעשיות מזון מ.ת.מ בעמ,,,יח,1,ל 100 גרם,false,1,1.90,1.90,false,1,
7290002319061,false,קוקוס 100 ג        מיה,מיה תעשיות מזון מ.ת.מ בעמ,,,יח,1,ל 100 גרם,false,1,3.90,3.90,true,1,
7290002319078,false,שומשום 100 ג         מיה,מיה תעשיות מזון מ.ת.מ בעמ,,,יח,1,ל 100 גרם,false,1,2.90,2.90,false,1,
7290002319092,false,"קמח תפוח אדמה 500ג בד""ץ מיה*",מיה תעשיות מזון מ.ת.מ בעמ,,,יח,5,ל 100 גרם,false,1,4.90,0.98,false,1,
7290002319115,false,חומוס 500 ג  גדול    מיה ק,מיה תעשיות מזון מ.ת.מ בעמ,,,יח,5,ל 100 גרם,false,1,6.60,1.32,false,1,
7290002319139,false,שעועית לבנה 500 ג    מיה ק,מיה תעשיות מזון מ.ת.מ בעמ,,,יח,5,ל 100 גרם,false,1,8.90,1.78,true,1,
7290002319160,false,אפונה 500  ג        מיה,מיה תעשיות מזון מ.ת.מ בעמ,,,יח,5,ל 100 גרם,false,1,6.50,1.30,true,1,
7290002319177,false,פופקורן 500 ג  מיה ק.,מיה תעשיות מזון מ.ת.מ בעמ,,,יח,5,ל 100 גרם,false,1,4.90,0.98,false,1,
7290002319184,false,עדשים אדום 500ג     מיה,מיה תעשיות מזון מ.ת.מ בעמ,,,יח,5,ל 100 גרם,false,1,7.90,1.58,true,1,
7290002319191,false,עדשים ירוקים 500 מיה,מיה תעשיות מזון מ.ת.מ בעמ,,,יח,5,ל 100 גרם,false,1,7,1.40,true,1,
7290002319207,false,כוסמת 500 ג          מיה,מיה תעשיות מזון מ.ת.מ בעמ,,,יח,5,ל 100 גרם,false,1,7.90,1.58,false,1,
7290002319221,false,חיטה 500 ג          מיה,מיה תעשיות מזון מ.ת.מ בעמ,,,יח,5,ל 100 גרם,false,1,4.90,0.98,true,1,
7290002319771,false,תמצית אפיה וניל      מיה,מיה תעשיות מזון מ.ת.מ בעמ,,,יח,0.50,"ל 100 מ""ל",false,1,3,6,false,1,
7290002319788,false,תמצית רום מיה,מיה תעשיות מזון מ.ת.מ בעמ,,,יח,0.60,"ל 100 מ""ל",false,1,3,5,false,1,
7290002319825,false,"אבקת סוכר 100  ג`בד""ץ מיה",מיה תעשיות מזון מ.ת.מ בעמ,,,יח,1,ל 100 גרם,false,1,1.90,1.90,false,1,
7290002331124,false,נביעות תפוז 0.5,החברה המרכזית להפצת משקאות בע,,,יח,5,"ל 100 מ""ל",false,1,7.90,1.52,false,1,
7290002331155,false,נביעות אפרסק0.5,החברה המרכזית להפצת משקאות בע,,,יח,5,"ל 100 מ""ל",false,1,7.90,1.52,false,1,
7290002331421,false,שישית נביעות 755,החברה המרכזית להפצת משקאות בע,,,יח,4.53,לליטר,false,1,16.90,3.33,false,1,
7290002331476,false,"נביעות בייבי 320 מ""ל",החברה המרכזית להפצת משקאות בע,,,יח,3.20,"ל 100 מ""ל",false,1,3.50,1,false,1,
7290002331483,false,"נביעות  בייבי 320 מ""ל",החברה המרכזית להפצת משקאות בע,,,יח,32,"ל 100 מ""ל",false,1,14.90,0.41,false,1,
7290002331490,false,נביעות 1 ליטר,החברה המרכזית להפצת משקאות בע,,,יח,10,"ל 100 מ""ל",false,1,3.30,0.30,true,1,
7290002331711,false,נביעות ענבים 0.50 ליטר,החברה המרכזית להפצת משקאות בע,,,יח,5,"ל 100 מ""ל",false,1,7.90,1.52,false,1,
7290002345015,false,סינטה דקדק אל גאוצ`ו 250 דגרם,נטו מילנדה סחר בעמ*,,,יח,2.50,ל 100 גרם,false,1,17.90,7.16,true,1,
7290002345022,false,אנטריקוט  דקדק  אל גאצו 250 גר`,נטו מילנדה סחר בעמ*,,,יח,2.50,ל 100 גרם,false,1,15.90,6.36,true,1,
7290002348139,false,תחתיות ארט  400ג,נטו מילנדה סחר בעמ*,,,יח,4.25,ל 100 גרם,false,1,9.90,2.33,false,1,
7290002348160,false,תירס גמדי   400ג נטו,נטו מילנדה סחר בעמ*,,,יח,4,ל 100 גרם,false,1,7.90,1.98,false,1,
7290002349020,false,מלכודת עש  המזון ללא רעלים,נאמן לאורך זמן בעמ,,,יח,1,,false,1,24.90,24.90,false,1,
7290002349051,false,מלכודת עש  הבגדים ללא רעלים,נאמן לאורך זמן בעמ,,,יח,1,,false,1,24.90,24.90,false,1,
7290002349471,false,מלכודת  דבק לעכברים,נאמן לאורך זמן בעמ,,,יח,1,,false,1,12.90,12.90,false,1,
7290002371533,false,סלסולי פסטרמה דבש,תנובה ענף ב.ע.ד,,,יח,1.20,ל 100 גרם,false,1,13.90,11.58,false,1,
7290002404828,false,תירוש ענבים 1 ליטר כשרות משולבת ארזה*,יקבי ארזה ת.ר.ז. בעמ,,,יח,10,"ל 100 מ""ל",false,1,13.90,1.36,false,1,
7290002538158,false,גלידה חמה  15 יח`,"גלידות קולורדו בע""מ",,,יח,15,יח,false,1,19.90,1.33,false,1,
7290002538875,false,קרמבו 20  יח`וניל ארטיק,"גלידות קולורדו בע""מ",,,יח,20,יח,false,1,19.90,1,false,1,
7290002538882,false,קרמבו  20יח קולורדו מוקה,"גלידות קולורדו בע""מ",,,יח,20,יח,false,1,19.90,1,false,1,
7290002542506,false,"בירה קרונה 355 מ""ל בודד",תימקו בירה בעמ,,,יח,3.55,לליטר,false,1,7.20,1.94,false,1,
7290002542780,false,שישית סטלה ארטואה 330,תימקו בירה בעמ,,,יח,1.98,"ל 100 מ""ל",false,1,36.90,17.73,false,1,
7290002542865,false,הוגרדן  שישיה  330,תימקו בירה בעמ,,,יח,1.98,"ל 100 מ""ל",false,1,54.90,26.82,false,1,
7290002581079,false,תן צ`אפ  60 גר מיה,מיה תעשיות מזון מ.ת.מ בעמ,,,יח,0.60,ל 100 גרם,false,1,3.80,6.33,false,1,
7290002603634,false,פיצה משולש  גבינה,נטו מילנדה סחר בעמ*,,,יח,0.80,ל 100 גרם,false,1,2.80,3.50,true,1,
7290002687177,false,שוקים עוף טרי רבנות,קורניש חן{1987} בעמ,,,"לק""ג",1,,true,1,31.90,31.90,true,1,
7290002706960,false,פילה ברבוניה  מגש 400 גר`,נטו מילנדה סחר בעמ*,,,יח,4,ל 100 גרם,false,1,25.90,6.48,false,1,
7290002730262,false,פלמוליב נוזל כלים,ש.שסטוביץ בעמ,,,יח,7.50,"ל 100 מ""ל",false,1,11.90,1.59,true,1,
7290002730811,false,קולגיט ג ל משפחת,ש.שסטוביץ בעמ,,,יח,1,ל 100 גרם,false,1,11.90,11.90,false,1,
7290002730903,false,סבון פלמוליב 4 לבן,ש.שסטוביץ בעמ,,,יח,4,ל 100 גרם,false,1,16.90,4.23,true,1,
7290002735014,false,"מלווח ינון 1 ק""ג",קפוא זן תעשיות מזון בעמ,,,יח,1,"לק""ג",false,1,14.90,14.90,false,1,
7290002735021,false,ג חנון יינון 900 גרם,קפוא זן תעשיות מזון בעמ,,,יח,9,ל 100 גרם,false,1,14.90,1.66,false,1,
7290002735120,false,"בורקס תפו""א ינון 800 גרם",קפוא זן תעשיות מזון בעמ,,,יח,8,ל 100 גרם,false,1,14.90,1.86,false,1,
7290002735274,false,ג חנון אפוי ינון,קפוא זן תעשיות מזון בעמ,,,יח,6,ל 100 גרם,false,1,16.90,2.82,false,1,
7290002752332,false,מנטוס גלילים,ליימן שליסל בעמ,,,יח,0.3750,ל 100 גרם,false,1,2.90,7.73,false,1,
7290002752349,false,מנטה מנטוס,ליימן שליסל בעמ,,,יח,0.3750,ל 100 גרם,false,1,2.90,7.73,false,1,
7290002757535,false,בורקס אצבעות גבינה פילו 700 גרם שלושת,נטו מילנדה סחר בעמ*,,,יח,7,ל 100 גרם,false,1,19.90,2.84,true,1,
7290002757672,false,המבורגר בקר הסידרה האדומה,נטו מילנדה סחר בעמ*,,,יח,4,ל 100 גרם,false,1,11.90,2.98,false,1,
7290002768036,false,תיאדנט ענק  170ג     אגיס,החברה הדרומית לשיווק בעמ,,,יח,1.50,"ל 100 מ""ל",false,1,14.90,9.93,false,1,
7290002768043,false,תיאדנט ענק ירוק      אגיס,החברה הדרומית לשיווק בעמ,,,יח,1.50,"ל 100 מ""ל",false,1,14.90,9.93,false,1,
7290002768074,false,דרמפון 1 ליטר אגיס,החברה הדרומית לשיווק בעמ,,,יח,10,לליטר,false,1,17.90,1.79,false,1,
7290002780571,false,Cucumbers in brine 15-20 a5,קבוצת יבנה מוצרי מזון,,,יח,1.25,"לק""ג",false,1,11.90,9.52,false,1,
7290002780601,false,Cucumbers in vinegar 15-20 a5,קבוצת יבנה מוצרי מזון,,,יח,1.25,"לק""ג",false,1,11.90,9.52,false,1,
7290002780649,false,Green olives rings 15-17 a2,קבוצת יבנה מוצרי מזון,,,יח,5.60,ל 100 גרם,false,1,7.40,1.32,false,1,
7290002780656,false,black olive rings 15-17 a2,קבוצת יבנה מוצרי מזון,,,יח,5.60,ל 100 גרם,false,1,7.40,1.32,false,1,
7290002781691,false,ממרח שוקולד 400ג  מיטב  *,מיטב (ג.ש) תעשיות מזון שותפות,,,יח,4,ל 100 גרם,false,1,5.50,1.38,false,1,
7290002781905,false,ריבה מעורבת 800ג  מיטב*,מיטב (ג.ש) תעשיות מזון שותפות,,,יח,8.80,ל 100 גרם,false,1,8.90,1.01,false,1,
7290002805151,false,CIF FLOOR 4L- ORCHID 2010 6X4KG,"יוניליוור ישראלשיווק בע""מ",,,יח,4,לליטר,false,1,18.50,4.63,false,1,
7290002814016,false,מסיר שומנים מתז     מוריץ*ק,קומפלקס בעמ,,,יח,7.50,"ל 100 מ""ל",false,1,12.90,1.72,false,1,
7290002814603,false,מסיר שומנים מבושם לימון מתז מוריץ*,קומפלקס בעמ,,,יח,1.50,לליטר,false,1,12.90,8.60,false,1,
7290002824183,false,גבינה לבנה 5%-500 גרם,שטראוס גרופ בעמ (ח),,,יח,5,ל 100 גרם,false,1,9.90,1.98,false,1,
7290002824466,false,יוגורט לבן 0%,שטראוס גרופ בעמ (ח),,,יח,2,"ל 100 מ""ל",false,1,3.50,1.75,false,1,
7290002824640,false,גבינה סקי 250 גרם%{-5 פ},שטראוס גרופ בעמ (ח),,,יח,2.50,ל 100 גרם,false,1,4.98,1.99,false,1,
7290002825722,false,כרוב אדום575 גר`,שטראוס גרופ בעמ (ח),,,יח,6.25,ל 100 גרם,false,1,13.90,2.22,true,1,
7290002867777,false,כנפיים עוף טרי,שונים,,,"לק""ג",1,,true,1,14.90,14.90,true,1,
7290002868996,false,קוטג  ביו 5% 250 גרם טרה,החברה המרכזית טלהפצת משקאות בע,,,יח,2.50,ל 100 גרם,false,1,6.60,2.64,true,1,
7290002871248,false,טובורג 500 חוזר,החברה המרכזית להפצת משקאות בע,,,יח,5,"ל 100 מ""ל",false,1,7.80,1.32,false,1,
7290002909248,false,שריר הזרוע  מס`8,בלדי בעמ,,,"לק""ג",10,"לק""ג",true,1,39.90,3.99,false,1,
7290002939078,false,נגיסי עוף עטרה,נטו מלינדה סחר בעמ,,,יח,6,ל 100 גרם,false,1,16.90,2.82,false,1,
7290002971955,false,"קמח 650 כחול ללא צורך בניפוי 1 ק""ג *",טחנות קמח שטיבל בש בעמ,,,יח,10,ל 100 גרם,false,1,7.90,0.79,true,1,
7290002971962,false,"קמח 100% מלא ללא צורך בניפוי 1  ק""ג*",טחנות קמח שטיבל בש בעמ,,,יח,1,"לק""ג",false,1,6.90,6.90,false,1,
7290002971993,false,"קמח כוסמין מלא ללא צורך בניפוי 1  ק""ג*",טחנות קמח שטיבל בש בעמ,,,יח,10,ל 100 גרם,false,1,13.90,1.39,false,1,
7290002972006,false,"קמח 405 תכלת ללא צורך בניפוי 1 ק""ג *",טחנות קמח שטיבל בש בעמ,,,יח,1,יח,false,1,7.90,7.90,false,1,
7290002972365,false,"קמח תופח ללא צורך בניפוי 1 ק""ג *",טחנות קמח שטיבל בש בעמ,,,יח,1,יח,false,1,7.90,7.90,false,1,
7290002972426,false,"קמח 80% מלא ללא צורך בניפוי 1  ק""ג*",טחנות קמח שטיבל בש בעמ,,,יח,10,ל 100 גרם,false,1,7.90,0.79,false,1,
7290002973621,false,"קמח ב""ש ל.צ.בניפוי 1 ק""ג*",טחנות קמח שטיבל בש בעמ,,,יח,1,"לק""ג",false,1,6.90,6.90,false,1,
7290002973812,false,"קמח כוסמין 80% ללא צורך בניפוי 1  ק""ג*",טחנות קמח שטיבל בש בעמ,,,יח,1,,false,1,14.90,14.90,false,1,
7290002974116,false,"קמח כפרי ללא צ.בניפוי שטיבל 1  ק""ג*",טחנות קמח שטיבל בש בעמ,,,יח,1,,false,1,7.90,7.90,false,1,
7290002974222,false,"קמח עוגיות ללא צ.בניפוי שטיבל 1  ק""ג*",טחנות קמח שטיבל בש בעמ,,,יח,1,,false,1,6.90,6.90,false,1,
7290002974239,false,"קמח עוגות ללא צ.בניפוי שטיבל 1  ק""ג*",טחנות קמח שטיבל בש בעמ,,,יח,1,,false,1,6.90,6.90,false,1,
7290002987963,false,"חומוס אחלה 1 ק""ג ק.",שטראוס גרופ בעמ (ח),,,יח,1,"לק""ג",false,1,13.90,13.90,false,1,
7290003009312,false,בוטן קלוי 200,ליימן שליסל בעמ,,,יח,2,ל 100 גרם,false,1,6.90,3.45,false,1,
7290003009329,false,בוטן אמרקאי 200,ליימן שליסל בעמ,,,יח,2,ל 100 גרם,false,1,5.90,2.95,true,1,
7290003009336,false,קבוקים 200,ליימן שליסל בעמ,,,יח,2,ל 100 גרם,false,1,5.90,2.95,true,1,
7290003009640,false,סחוט תפוזים 1,החברה המרכזית טלהפצת משקאות בע,,,יח,1,לליטר,false,1,17.90,17.90,true,1,
7290003026029,false,קמיל פלוס ש.א.דמ,"פישר  תעשיות פרמצביטות בע""מ",,,יח,5,"ל 100 מ""ל",false,1,17.90,3.58,false,1,
7290003029181,false,שוקו יטבתה בקבוק 1 ליטר,שטראוס גרופ בעמ (ח),,,יח,1,לליטר,false,1,11.90,11.90,false,1,
7290003029372,false,משקה חלב בננה יטבתה בבקבוק 1 ליטר,שטראוס גרופ בעמ (ח),,,יח,1,לליטר,false,1,11.90,11.90,false,1,
7290003029389,false,"משקה חלב בננה יטבתה 250 מ""ל",שטראוס גרופ בעמ (ח),,,יח,2.50,"ל 100 מ""ל",false,1,5.40,2.16,false,1,
7290003029433,false,"שוקו יטבתה פקק 250 מ""ל",שטראוס גרופ בעמ (ח),,,יח,2.50,"ל 100 מ""ל",false,1,5.40,2.16,false,1,
7290003029532,false,חלב בטעם קפה 2% יטבתה,שטראוס גרופ בעמ (ח),,,יח,1,לליטר,false,1,11.90,11.90,false,1,
7290003029792,false,"שוקו יטבתה שקיות שמיניה 225 מ""ל",שטראוס גרופ בעמ (ח),,,יח,1.80,לליטר,false,1,18.90,10.50,false,1,
7290003029815,false,חלב יטבתה 2 ליטר.,שטראוס גרופ בעמ (ח),,,יח,2,לליטר,false,1,14.90,7.45,false,1,
7290003029907,false,קפה יטבתה 1 ליטר,שטראוס גרופ בעמ (ח),,,יח,1,לליטר,false,1,11.90,11.90,false,1,
7290003031740,false,פסטרמה בדבש  400 ה. מחפוד,תנובה ענף ב.ע.ד,,,יח,4,ל 100 גרם,false,1,28.90,7.23,false,1,
7290003031757,false,פסטרמה בפפריקה 400 מחפוד,תנובה ענף ב.ע.ד,,,יח,4,ל 100 גרם,false,1,28.90,7.23,false,1,
7290003047642,false,LIPTON TEA YL 1.5GX100X12,"יוניליוור ישראלשיווק בע""מ",,,יח,1.50,יח,false,1,11.90,7.93,false,1,
7290003072606,false,נקניקיות  עוף מיני 350 גר`,תנובה ענף ב.ע.ד,,,יח,0.35,ל 100 גרם,false,1,13.90,39.71,false,1,
7290003093335,false,"אבקת שוקו שקית 1ק""ג ברמן  *",בר מן תעשיות מזון בעמ,,,יח,10,"לק""ג",false,1,9.90,0.99,false,1,
7290003141159,false,יוגטה מרשמלו ג.,ליימן שליסל בעמ,,,יח,1.80,ל 100 גרם,false,1,6.90,3.83,false,1,
7290003143146,false,ממרח  תמרים  קלית גת,ליימן שליסל בעמ,,,יח,4.50,ל 100 גרם,false,1,5,1.11,false,1,
7290003143276,false,יוגטה מרשמלו  מגלולגל,ליימן שליסל בעמ,,,יח,1.80,ל 100 גרם,false,1,6.90,3.83,false,1,
7290003144419,false,סילאן טבעי 710 גר`,ליימן שליסל בעמ,,,יח,7.10,ל 100 גרם,false,1,19.90,2.80,false,1,
7290003229208,false,פסט  ספרדית 360,תנובה ענף ב.ע.ד,,,יח,3.60,ל 100 גרם,false,1,26.90,7.47,false,1,
7290003229215,false,פסט  איטלקית 360,תנובה ענף ב.ע.ד,,,יח,3.60,ל 100 גרם,false,1,26.90,7.47,false,1,
7290003287239,false,כתף בקר 44 צרכני בעדני,בלדי בעמ,,,"לק""ג",10,ל 100 גרם,true,1,39.90,3.99,false,1,
7290003401376,false,קרם לחות נטורל רגיל כחול,החברה הדרומית לשיווק בעמ,,,יח,4,"ל 100 מ""ל",false,1,19.90,4.98,false,1,
7290003427154,false,שמן זית זיתא ק,תה ויסוצקי (ישראל)בעמ,,,יח,7.50,"ל 100 מ""ל",false,1,34.90,4.65,true,1,
7290003427178,false,"שמן זית כתית 500 מ""ל",תה ויסוצקי (ישראל)בעמ,,,יח,5,"ל 100 מ""ל",false,1,25.90,5.18,false,1,
7290003438709,false,ממרח זיתים שחורים אולביה,תה ויסוצקי (ישראל)בעמ,,,יח,1.90,ל 100 גרם,false,1,12.90,6.79,false,1,
7290003461677,false,"חומוס אסלי 1 ק""ג",סלטי שמיר 2006 בעמ,,,יח,10,ל 100 גרם,false,1,15.90,1.59,false,1,
7290003521197,false,סרקל מתיר קשרים,"פישר  תעשיות פרמצביטות בע""מ",,,יח,3.40,"ל 100 מ""ל",false,1,24.90,7.32,false,1,
7290003525461,false,סלט טונה פיקנטי,נטו מילנדה סחר בעמ*,,,יח,1.80,ל 100 גרם,false,1,5.50,3.06,false,1,
7290003525478,false,סלט טונה ויליגר 180ג,נטו מילנדה סחר בעמ*,,,יח,1.60,ל 100 גרם,false,1,5.50,3.44,false,1,
7290003550753,false,טונה פוסידון בשמן 4יח נטו *,נטו מילנדה סחר בעמ*,,,יח,4,למארז,false,1,19.80,4.95,false,1,
7290003571550,false,סטייק טונה אלבקור בוואקום,בלדי בעמ,,,"לק""ג",10,ל 100 גרם,true,1,44.90,4.49,false,1,
7290003578177,false,תירס גמדי 410ג  ויליפוד  *,ג.וילי פוד בעמ,,,יח,4.10,ל 100 גרם,false,1,7.90,1.93,false,1,
7290003632404,false,פילה  מרלוזה  ארוזה,ישראל פלדמן ייצור ושיווק,,,"לק""ג",10,ל 100 גרם,true,1,29.90,2.99,true,1,
7290003643004,false,Basmati rice 1 kg - Sugat,סוגת תעשיות בעמ,,,יח,10,ל 100 גרם,false,1,13.90,1.39,false,1,
7290003643127,false,Baking powder 100g genre - Sugat,סוגת תעשיות בעמ,,,יח,1,ל 100 גרם,false,1,1.90,1.90,false,1,
7290003643158,false,Cornflour 200g - Sugat,סוגת תעשיות בעמ,,,יח,2,ל 100 גרם,false,1,3.90,1.95,false,1,
7290003643165,false,Cornflour 500g - Sugat,סוגת תעשיות בעמ,,,יח,5,ל 100 גרם,false,1,7.90,1.58,false,1,
7290003643172,false,Caster sugar 100g genre - Sugat,סוגת תעשיות בעמ,,,יח,1,ל 100 גרם,false,1,1.90,1.90,false,1,
7290003643325,false,Medium 350g couscous - Sugat,סוגת תעשיות בעמ,,,יח,3.50,ל 100 גרם,false,1,4.90,1.40,true,1,
7290003643387,false,Sugar 1kg jar - Sugat,סוגת תעשיות בעמ,,,יח,10,ל 100 גרם,false,1,7.90,0.79,false,1,
7290003643684,false,Peas 500g - Sugat,סוגת תעשיות בעמ,,,יח,5,ל 100 גרם,false,1,6.50,1.30,true,1,
7290003643707,false,Grits 500 g - Sugat,סוגת תעשיות בעמ,,,יח,5,ל 100 גרם,false,1,4.90,0.98,true,1,
7290003643714,false,Hummus 500 g - Sugat,סוגת תעשיות בעמ,,,יח,5,ל 100 גרם,false,1,7.90,1.58,false,1,
7290003643738,false,Wheat 500 g - Sugat,סוגת תעשיות בעמ,,,יח,5,ל 100 גרם,false,1,4.90,0.98,true,1,
7290003643752,false,Green lentils 500g - Sugat,סוגת תעשיות בעמ,,,יח,5,ל 100 גרם,false,1,7.90,1.58,false,1,
7290003643769,false,Red lentils 500g - Sugat,סוגת תעשיות בעמ,,,יח,5,ל 100 גרם,false,1,7.90,1.58,false,1,
7290003643776,false,Popcorn 500 g - Sugat,סוגת תעשיות בעמ,,,יח,5,ל 100 גרם,false,12,5.90,1.18,false,1,
7290003643783,false,Coconut 100g lying - Sugat,סוגת תעשיות בעמ,,,יח,1,ל 100 גרם,false,1,3.60,3.60,true,1,
7290003643806,false,White beans 500g - Sugat,סוגת תעשיות בעמ,,,יח,5,ל 100 גרם,false,1,10.90,2.18,true,1,
7290003643813,false,Red beans 500g - Sugat,סוגת תעשיות בעמ,,,יח,5,ל 100 גרם,false,1,10.90,2.18,true,1,
7290003681051,false,פקאן מסוכר 100ג שקית,מיה תעשיות מזון מ.ת.מ בעמ,,,יח,1,ל 100 גרם,false,1,12.90,12.90,false,1,
7290003681303,false,שעועית מעורבת 500 ג  מיהק.,מיה תעשיות מזון מ.ת.מ בעמ,,,יח,5,ל 100 גרם,false,1,9.90,1.98,true,1,
7290003681334,false,"קוקוס בד""ץ 400 ג   מיה",מיה תעשיות מזון מ.ת.מ בעמ,,,יח,4,ל 100 גרם,false,1,9.90,2.48,false,1,
7290003681365,false,קישוט לעוגה צבעוני  70ג  מיה,מיה תעשיות מזון מ.ת.מ בעמ,,,יח,2,ל 100 גרם,false,1,4.90,2.45,true,1,
7290003681693,false,חומוס לבן ענק 500ג   מיה,מיה תעשיות מזון מ.ת.מ בעמ,,,יח,5,ל 100 גרם,false,1,10.50,2.10,true,1,
7290003681716,false,גריסי פנינה 500      מיה,מיה תעשיות מזון מ.ת.מ בעמ,,,יח,5,ל 100 גרם,false,1,5.90,1.18,true,1,
7290003726615,false,טופו ויילר 300 גר`,שטראוס גרופ בעמ (ח),,,יח,3,"ל 100 מ""ל",false,1,10.90,3.63,false,1,
7290003804382,false,KNORR MUSHROOMS CUBE BDZ 12X12X72GR,"יוניליוור ישראלשיווק בע""מ",,,יח,0.72,ל 100 גרם,false,12,7.90,10.97,false,1,
7290003805501,false,PATIT SWEDISH BDZ NEW 24X300GR,"יוניליוור ישראלשיווק בע""מ",,,יח,3,ל 100 גרם,false,6,14.90,4.97,false,1,
7290003805587,false,PATIT WHOLE WHEAT BDZ NEW 24X250GR,"יוניליוור ישראלשיווק בע""מ",,,יח,2.50,ל 100 גרם,false,6,14.90,5.96,false,1,
7290003807482,false,KNORR TERRYAKI SAUCE 300ML,"יוניליוור ישראלשיווק בע""מ",,,יח,3,"ל 100 מ""ל",false,12,9.90,3.30,false,1,
7290003864492,false,סרדין בשמן חריף 110ג ויליפוד,ג.וילי פוד בעמ,,,יח,1.10,ל 100 גרם,false,1,5,4.55,true,1,
7290003882922,false,עלי גפן ממולא 400ג ויליפוד*,ג.וילי פוד בעמ,,,יח,4,ל 100 גרם,false,1,9.90,2.48,false,1,
7290003893645,false,מקרל ארוז,ג.עופר ייצור ושיווק בשר בעמ,,,"לק""ג",10,ל 100 גרם,true,1,18.90,1.89,false,1,
7290003903771,false,קפוצ ינו פחית 00,שטראוס גרופ בעמ,,,יח,2,ל 100 גרם,false,1,23.90,11.95,false,1,
7290003989096,false,חציל מזרחי אחלה,שטראוס גרופ בעמ (ח),,,יח,5.75,ל 100 גרם,false,1,15.90,2.77,true,1,
7290003989539,false,רביולי גבינה,שטראוס גרופ בעמ (ח),,,יח,4,ל 100 גרם,false,1,19.90,4.98,true,1,
7290003989553,false,טורטלוני פטריות,שטראוס גרופ בעמ (ח),,,יח,4,ל 100 גרם,false,1,19.90,4.98,true,1,
7290003996018,false,חסה חסלט,"בכורי השדה צפון1994 ג.ד. בע""מ",,,יח,1,,false,1,8.90,8.90,false,1,
7290004011291,false,"בסיס להכנת קצפת  ריצ` 425 מ""ל",נטו מילנדה סחר בעמ*,,,יח,4.25,"ל 100 מ""ל",false,1,13.90,3.27,false,1,
7290004063115,false,"מלח מטבח  גס(ירוק) 1  ק""ג*",סוגת תעשיות בעמ,,,יח,10,ל 100 גרם,false,1,1.70,0.17,false,1,
7290004064174,false,"מלח ההימלאיה דק 1 ק""ג צנצנת סוגת*",סוגת תעשיות בעמ,,,יח,10,ל 100 גרם,false,1,17.90,1.79,false,1,
7290004064181,false,"מלח הימלאיה גס 1 ק""ג צנצנת סוגת*",סוגת תעשיות בעמ,,,יח,10,ל 100 גרם,false,1,17.90,1.79,false,1,
7290004064280,false,מלח מופחת נתרן 600ג צנצנת סוגת*,סוגת תעשיות בעמ,,,יח,6,ל 100 גרם,false,1,16.90,2.82,false,1,
7290004064297,false,"מלח מועשר ביוד 1 ק""ג צנצנת  סוגת*",סוגת תעשיות בעמ,,,יח,10,ל 100 גרם,false,1,9.90,0.99,false,1,
7290004078942,false,ליידי ספיד סטייק,ש.שסטוביץ בעמ,,,יח,0.63,ל 100 גרם,false,1,19.90,31.59,true,1,
7290004119225,false,יופלה אננס,תנובה -חלב,,,יח,1.50,"ל 100 מ""ל",false,1,4.90,3.27,false,1,
7290004119522,false,"שוקו תנובה בשקית 2% 225 מ""ל",תנובה -חלב,,,יח,2.25,"ל 100 מ""ל",false,1,2.80,1.24,false,1,
7290004119928,false,מעדן קרלו וניל,תנובה -חלב,,,יח,1.25,"ל 100 מ""ל",false,1,2.80,2.24,false,1,
7290004119973,false,מעדן קרלו,תנובה -חלב,,,יח,1.25,"ל 100 מ""ל",false,1,2.80,2.24,false,1,
7290004120061,false,קרלו שוניל,תנובה -חלב,,,יח,1.25,"ל 100 מ""ל",false,1,2.80,2.24,false,1,
7290004120108,false,דיאט יופלה דובדבן,תנובה -חלב,,,יח,1.50,"ל 100 מ""ל",false,1,4.90,3.27,false,1,
7290004120252,false,"באדי תות בד""צ",תנובה -חלב,,,יח,1.25,"ל 100 מ""ל",false,1,2.80,2.24,false,1,
7290004120283,false,"שוק שוקו שקית בד""צ",תנובה -חלב,,,יח,2.25,"ל 100 מ""ל",false,1,2.80,1.24,false,1,
7290004120566,false,פיראוס בולגרית %,תנובה -חלב,,,ל 100 גרם,2.50,ל 100 גרם,false,1,22.90,9.16,false,1,
7290004120573,false,פיראוס בולגרית,תנובה -חלב,,,יח,2.50,ל 100 גרם,false,1,22.90,9.16,false,1,
7290004120634,false,פיראוס בולגרית % ק,תנובה -חלב,,,יח,2.50,ל 100 גרם,false,1,20.90,8.36,false,1,
7290004120832,false,חלב כד 3%- 2 ליטר תנובה,תנובה -חלב,,,יח,20,לליטר,false,1,12.40,0.62,false,1,
7290004121488,false,יופלה  דייט אפרסק,תנובה -חלב,,,יח,1.50,"ל 100 מ""ל",false,1,4.90,3.27,false,1,
7290004121754,false,יופלה עוגת קרם גבינה,תנובה -חלב,,,יח,1.50,"ל 100 מ""ל",false,1,4.90,3.27,false,1,
7290004121853,false,פיראוס קוביות בולגרית 5%,תנובה -חלב,,,יח,2,ל 100 גרם,false,1,19.90,9.95,false,1,
7290004122119,false,פתתי פרמזן לפסטה,תנובה -חלב,,,יח,2,ל 100 גרם,false,1,10.90,5.45,false,1,
7290004122195,false,גוש חלב 200 גר ק,תנובה -חלב,,,יח,2,ל 100 גרם,false,1,13.90,6.95,false,1,
7290004122270,false,עמק בקופסא,תנובה -חלב,,,יח,2,ל 100 גרם,false,1,15.90,7.95,false,1,
7290004122348,false,עמק לייט 9%,תנובה -חלב,,,יח,2,ל 100 גרם,false,1,16.90,8.45,false,1,
7290004122676,false,חמד לייט 5% 250,תנובה -חלב,,,יח,2.50,ל 100 גרם,false,1,17.90,7.16,false,1,
7290004122683,false,אצבעות עמק,תנובה -חלב,,,יח,1.72,ל 100 גרם,false,1,15.60,9.07,false,1,
7290004124205,false,יופלה דיאט תות 0% שומן,תנובה -חלב,,,יח,1.50,"ל 100 מ""ל",false,1,4.90,3.27,false,1,
7290004124847,false,קצפת צמחית השף הלבן 500.,תנובה -חלב,,,יח,5,ל 100 גרם,false,1,14.90,2.98,false,1,
7290004125370,false,שמנת  %9תנובה,תנובה -חלב,,,יח,2,"ל 100 מ""ל",false,1,3.50,1.75,false,1,
7290004125400,false,"אשל 4.5% שומן. 200  מ""ל{פ}",תנובה -חלב,,,יח,2,"ל 100 מ""ל",false,1,1.69,0.85,false,1,
7290004125417,false,"גיל 3% שומן. 200  מ""ל{פ}",תנובה -חלב,,,יח,2,"ל 100 מ""ל",false,1,1.51,0.76,false,1,
7290004125455,false,"שמנת חמוצה 15%-200  מ""ל{פ}",תנובה -חלב,,,יח,2,"ל 100 מ""ל",false,1,2.40,1.20,false,1,
7290004125462,false,"שמנת חמוצה 15%-500 מ""ל",תנובה -חלב,,,יח,5,"ל 100 מ""ל",false,1,6,1.20,false,1,
7290004125509,false,שמנת תנובה אורגינל,תנובה -חלב,,,יח,1,"ל 100 מ""ל",false,1,1.70,1.70,false,1,
7290004125578,false,משקה סויה מועשר סידן1,תנובה -חלב,,,יח,10,"ל 100 מ""ל",false,1,9.90,0.99,false,1,
7290004125585,false,משקה סויה על הבוקר 1,תנובה -חלב,,,יח,10,"ל 100 מ""ל",false,1,9.90,0.99,false,1,
7290004125721,false,שמנת לבישול,תנובה -חלב,,,יח,2.50,"ל 100 מ""ל",false,1,8.10,3.24,false,1,
7290004125738,false,שמנת להקצפה 32% ק,תנובה -חלב,,,יח,2.50,"ל 100 מ""ל",false,1,6.20,2.48,false,1,
7290004125776,false,עמק פרוס 400,תנובה -חלב,,,יח,4,ל 100 גרם,false,1,28.90,7.23,false,1,
7290004126872,false,"שוקו בבקבוק 250 מ""ל תנובה",תנובה -חלב,,,יח,2.50,"ל 100 מ""ל",false,1,5.50,2.20,false,1,
7290004127336,false,קוטג  9%,תנובה -חלב,,,יח,2.50,ל 100 גרם,false,1,5.50,2.20,false,1,
7290004127800,false,גבינה לבנה 5%-500 גרם,תנובה -חלב,,,יח,5,ל 100 גרם,false,1,9.90,1.98,false,1,
7290004127817,false,גבינה 9% 1/2,תנובה -חלב,,,יח,5,ל 100 גרם,false,1,9.50,1.90,false,1,
7290004127862,false,גבינה לבנה 5%-750 גרם,תנובה -חלב,,,יח,7.50,ל 100 גרם,false,1,14.90,1.99,false,1,
7290004127916,false,גבינה 1/2 500 גר,תנובה -חלב,,,יח,5,ל 100 גרם,false,1,9.50,1.90,false,1,
7290004128432,false,פתיתים מיוחדים לפיצה,תנובה -חלב,,,יח,5,ל 100 גרם,false,1,21.70,4.34,false,1,
7290004129101,false,נפוליאון טבעי ק,תנובה -חלב,,,יח,2.25,ל 100 גרם,false,1,12.90,5.73,false,1,
7290004129156,false,גבינת נפוליון,תנובה -חלב,,,יח,2.25,ל 100 גרם,false,1,12.90,5.73,false,1,
7290004129767,false,קרם יוגורט שמניה 3%,תנובה -חלב,,,יח,1.20,לליטר,false,1,16.90,14.08,false,1,
7290004130695,false,שוקו אייס קפה 1 ליטר,תנובה -חלב,,,יח,1,לליטר,false,1,12.60,12.60,false,1,
7290004130794,false,משקה סויה מועשר מתיקות מופחתת,תנובה -חלב,,,יח,1,לליטר,false,1,9.90,9.90,false,1,
7290004130916,false,יופלה יער בשמנת,תנובה -חלב,,,יח,1.50,"ל 100 מ""ל",false,1,4.90,3.27,false,1,
7290004131074,false,חלב קרטון 3%-1 ליטר  תנובה{פ},תנובה -חלב,,,יח,10,לליטר,false,1,6.23,0.62,false,1,
7290004131531,false,שוק שוקו 1 ליטר ק,תנובה -חלב,,,יח,1,לליטר,false,1,12.30,12.30,false,1,
7290004131814,false,פיראוס צפתית מעודנת %5ק,תנובה -חלב,,,יח,2,ל 100 גרם,false,1,14.50,7.25,false,1,
7290004131999,false,"יופלה ביו 1.5 בד""צ",תנובה -חלב,,,יח,1.50,"ל 100 מ""ל",false,1,3.10,2.07,false,1,
7290004132552,false,סויה משקה דיאט טבעי,תנובה -חלב,,,יח,1,לליטר,false,1,9.90,9.90,false,1,
7290004133511,false,שמניית יופלה לבן,תנובה -חלב,,,יח,1.20,לליטר,false,1,19.90,16.58,false,1,
7290004135072,false,קרלו מיני 8 יח,תנובה -חלב,,,יח,8,"ל 100 מ""ל",false,1,13.90,1.74,false,1,
7290004135119,false,מאגדת קרלו מיני וניל,תנובה -חלב,,,יח,8,"ל 100 מ""ל",false,1,13.90,1.74,false,1,
7290004135225,false,מעדן תנובה דיאט שוקולד,תנובה -חלב,,,יח,1.50,"ל 100 מ""ל",false,1,3.90,2.60,false,1,
7290004135614,false,בולגרית מעודנת 5%,תנובה -חלב,,,יח,2.50,ל 100 גרם,false,1,19.90,7.96,false,1,
7290004136154,false,"שוקו אייס קפה 340מ""ל תנוובה",תנובה -חלב,,,יח,3.40,"ל 100 מ""ל",false,1,6.90,2.03,false,1,
7290004136598,false,מארז הפסקת אוכל תנובה,תנובה -חלב,,,יח,1.50,"ל 100 מ""ל",false,1,8.90,5.93,false,1,
7290004136857,false,ג לי תנובה פטל,תנובה -חלב,,,יח,1.25,"ל 100 מ""ל",false,1,2.20,1.76,false,1,
7290004136871,false,ג לי תנובה אפרסק עם,תנובה -חלב,,,יח,1.25,"ל 100 מ""ל",false,1,2.70,2.16,false,1,
7290004137311,false,עמק לייט 9% משפחתית,תנובה -חלב,,,יח,4,ל 100 גרם,false,1,29.90,7.48,false,1,
7290004146986,false,שמפו נקה צבוע כתום 750,החברה הדרומית לשיווק בעמ,,,יח,7.50,"ל 100 מ""ל",false,1,10.90,1.45,false,1,
7290004146993,false,מרכך נקה 750 לשיער צבוע,החברה הדרומית לשיווק בעמ,,,יח,7.50,"ל 100 מ""ל",false,1,10.90,1.45,false,1,
7290004150136,false,חציל  על האש 300 גר פיקנטי פרימיום,סלטי שמיר 2006 בעמ,,,יח,3,ל 100 גרם,false,1,14.90,4.97,true,1,
7290004150143,false,חציל  במיונז 300 גר פיקנטי פרימיום,סלטי שמיר 2006 בעמ,,,יח,3,ל 100 גרם,false,1,14.90,4.97,true,1,
7290004150198,false,סלק מגורד   300 גר פיקנטי פרימיום,סלטי שמיר 2006 בעמ,,,יח,3,ל 100 גרם,false,1,14.90,4.97,true,1,
7290004150228,false,כרוב אדום  300 גר פיקנטי פרימיום,סלטי שמיר 2006 בעמ,,,יח,3,ל 100 גרם,false,1,14.90,4.97,true,1,
7290004150235,false,חומוס עם חריף   300 גר פיקנטי פרימיום,סלטי שמיר 2006 בעמ,,,יח,3,ל 100 גרם,false,1,14.90,4.97,true,1,
7290004219826,false,מלבין קפה קומפלטה 440ג  ויליפוד*,ג.וילי פוד בעמ,,,יח,4,ל 100 גרם,false,1,19.90,4.98,false,1,
7290004220105,false,שניצלוני עוף 600 גרם-עטרה...,נטו מלינדה סחר בעמ,,,יח,6,ל 100 גרם,false,1,28.90,4.82,false,1,
7290004228804,false,עלי בצק למילוי סיגרים,נטו מילנדה סחר בעמ*,,,יח,4.50,ל 100 גרם,false,1,12.90,2.87,false,1,
7290004229931,false,"אורז בסמטי 1 ק""ג",נטו מילנדה סחר בעמ*,,,יח,10,ל 100 גרם,false,1,10.90,1.09,false,1,
7290004256371,false,גבינה  צהובה ריץ 400 גר`,נטו מילנדה סחר בעמ*,,,יח,4,ל 100 גרם,false,1,17.90,4.48,false,1,
7290004267087,false,עוגיות כרמל מצופות  200ג  ברמן*,ברמן שוקולד ועוגיות בעמ,,,יח,2.50,ל 100 גרם,false,1,4.90,1.96,true,1,
7290004267285,false,עוגיות קרמל 600 ברמן  *,ברמן שוקולד ועוגיות בעמ,,,יח,6,ל 100 גרם,false,1,9.90,1.65,false,1,
7290004324858,false,קבב כבש 500 גר טיבון ויל,נטו מילנדה סחר בעמ*,,,יח,5,ל 100 גרם,false,1,17.90,3.58,true,1,
7290004492274,false,B&B GAL-GAL 400 GR,"יוניליוור ישראלשיווק בע""מ",,,יח,4,ל 100 גרם,false,1,8.90,2.23,false,1,
7290004492762,false,B&B NISH NASH COREN 325G X12,"יוניליוור ישראלשיווק בע""מ",,,יח,3.25,ל 100 גרם,false,12,10.90,3.35,false,1,
7290004554354,false,פנטסיה שוקו וניל,"גלידת שטראוס בע""מ",,,יח,9,"ל 100 מ""ל",false,1,19.90,2.21,false,1,
7290004554798,false,גלידה מטרה,"גלידת שטראוס בע""מ",,,יח,1,,false,1,5,5,true,1,
7290004554903,false,פנטזיה שוקו וניל פרווה,"גלידת שטראוס בע""מ",,,יח,9,"ל 100 מ""ל",false,1,19.90,2.21,false,1,
7290004575540,false,שלגון בטעמים,ריאו נתניה ביחר לגלידה וממתקי,,,יח,1,,false,1,1.10,1.10,true,1,
7290004584306,false,מארז סופר גמדים תות בננה,שטראוס גרופ בעמ (ח),,,יח,4,"ל 100 מ""ל",false,1,11.30,2.83,true,1,
7290004584351,false,סמפוניה חמישית,שטראוס גרופ בעמ (ח),,,יח,2,ל 100 גרם,false,1,11.20,5.60,false,1,
7290004584528,false,דנונה ביו 1.7,שטראוס גרופ בעמ (ח),,,יח,2,"ל 100 מ""ל",false,1,3.50,1.75,false,1,
7290004585907,false,דני וניל,שטראוס גרופ בעמ (ח),,,יח,1.30,"ל 100 מ""ל",false,1,2.60,2,false,1,
7290004645106,false,פילה סלמון פרוס ש.רוזנרס,ש.רוזנרס בעמ,,,"לק""ג",10,ל 100 גרם,true,1,89.90,8.99,false,1,
7290004645267,false,נסיכת נילוס פרוס ש.רוזונרס,ש.רוזנרס בעמ,,,"לק""ג",10,ל 100 גרם,true,1,59.90,5.99,false,1,
7290004645434,false,מנות פילה  סלמון בלי עור,ש.רוזנרס בעמ,,,"לק""ג",10,ל 100 גרם,true,1,99,9.90,false,1,
7290004658847,false,יין תירוש 187,אגודת הכורמים בעמ,,,יח,1.87,"ל 100 מ""ל",false,1,6.90,3.53,false,1,
7290004731557,false,מקסימה למייבש,החברה הדרומית לשיווק בעמ,,,יח,7.50,"ל 100 מ""ל",false,1,17.90,2.39,false,1,
7290004731687,false,דואופרש וניל,החברה הדרומית לשיווק בעמ,,,יח,3,"ל 100 מ""ל",false,1,10.90,3.63,false,1,
7290004737900,false,חלב מרוכז ממותק 397ג וילפוד*,ג.וילי פוד בעמ,,,יח,3.97,ל 100 גרם,false,1,9.90,2.49,false,1,
7290004861285,false,גבינת טורבוג,מחלבת המושבה בעמ,,,ל 100 גרם,10,ל 100 גרם,true,1,31,3.10,false,1,
7290005008481,false,ספיד סטיק ג ל בסיסי,ש.שסטוביץ בעמ,,,יח,0.85,ל 100 גרם,false,1,19.90,23.41,true,1,
7290005017919,false,המבורגר אנטריקוט  נתח אדום,נתח אדום עוזי ביטון ובניו בעמ,,,יח,7,ל 100 גרם,false,1,29.90,4.27,false,1,
7290005068058,false,A-2 light corn expired - Pry Galilee,ויטה-פרי גליל (החדשה) בעמ,,,יח,5.50,ל 100 גרם,false,1,6.90,1.25,true,1,
7290005079221,false,בולגרית  מעודנת 5%,החברה המרכזית טלהפצת משקאות בע,,,ל 100 גרם,10,ל 100 גרם,true,1,45,4.50,false,1,
7290005079320,false,בולגרית  24%,החברה המרכזית טלהפצת משקאות בע,,,"לק""ג",10,ל 100 גרם,true,1,49,4.90,false,1,
7290005084355,false,סנסודיין דואל קר מ. שיניי,גורי ע.ע.ע בעמ,,,יח,0.75,ל 100 גרם,false,1,21.90,29.20,true,1,
7290005111761,false,"בונזו בשר  3ק""ג*",דיפלומט מפיצים {1968}בעמ,,,יח,30,ל 100 גרם,false,1,49.90,1.66,false,1,
7290005174513,false,חציל קלוי במיונז 625 גר`,שטראוס גרופ בעמ (ח),,,יח,5,ל 100 גרם,false,1,14.90,2.98,true,1,
7290005174551,false,חומוס רבעיות אחל,שטראוס גרופ בעמ (ח),,,יח,1.25,ל 100 גרם,false,1,4.90,3.92,false,1,
7290005174568,false,חצילים אחלה 125,שטראוס גרופ בעמ (ח),,,יח,1.25,ל 100 גרם,false,1,4.90,3.92,false,1,
7290005174575,false,טחינה יום יום,שטראוס גרופ בעמ (ח),,,יח,1.25,ל 100 גרם,false,1,4.90,3.92,false,1,
7290005197758,false,חגיגה חיוכים שוקו,שטראוס גרופ בעמ,,,יח,1.50,ל 100 גרם,false,1,4.90,3.27,false,1,
7290005199288,false,מאסט דובדבן,שטראוס גרופ בעמ,,,יח,0.28,ל 100 גרם,false,1,4,14.29,false,1,
7290005199738,false,מאסט צ יקלטס,שטראוס גרופ בעמ,,,יח,0.28,ל 100 גרם,false,1,4,14.29,false,1,
7290005200786,false,תפוצ יפס שמנת בצ,שטראוס פריטו ליי בעמ,,,יח,0.50,ל 100 גרם,false,1,3.80,7.60,false,1,
7290005201455,false,קפה ארומה מגורען 200ג עלית*,שטראוס גרופ בעמ,,,יח,2,ל 100 גרם,false,1,21.90,10.95,true,1,
7290005287657,false,"ממרח טונה 160 ג סטארקיסט בד""צ*",דיפלומט מפיצים #,,,יח,1.60,ל 100 גרם,false,1,6.80,4.25,false,1,
7290005296246,false,כלורקס פלמר,"יעקב יעקבי ובניו בע""מ",,,יח,9.46,"ל 100 מ""ל",false,1,26.90,2.84,false,1,
7290005317125,false,בסקוויט חצי מצופה 175 גר` הדר*,אפיפית נצרת תעשיות בסקויט,,,יח,1.75,ל 100 גרם,false,1,4.90,2.80,true,1,
7290005317200,false,קרקר טופז מלח  110 גרם הדר*,אפיפית נצרת תעשיות בסקויט,,,יח,1,ל 100 גרם,false,1,2.80,2.80,true,1,
7290005423635,false,ריצפז דוחה חרקים . ק,החברה הדרומית לשיווק בעמ,,,יח,20,"ל 100 מ""ל",false,1,20.90,1.05,false,1,
7290005423734,false,מרכך מקסימה אולט 4 ליטר,החברה הדרומית לשיווק בעמ,,,יח,40,"ל 100 מ""ל",false,1,21.90,0.55,false,1,
7290005423871,false,אורביטול שלישיה . ק,החברה הדרומית לשיווק בעמ,,,יח,4.35,ל 100 גרם,false,1,16.90,3.89,false,1,
7290005423918,false,מרכך אלוורה  4ליטר,החברה הדרומית לשיווק בעמ,,,יח,40,"ל 100 ס""מ",false,1,21.90,0.55,false,1,
7290005424755,false,מטליות ריצפז פלוס  לניקוי רצפות,החברה הדרומית לשיווק בעמ,,,יח,1,,false,1,14.90,14.90,false,1,
7290005425073,false,דאו  פרש יסמין עץ,החברה הדרומית לשיווק בעמ,,,יח,3,"ל 100 מ""ל",false,1,10.90,3.63,false,1,
7290005425196,false,מקסימה סנסיטיב 2.5,החברה הדרומית לשיווק בעמ,,,יח,2.50,"לק""ג",false,1,24.90,9.96,false,1,
7290005425646,false,סנו קליר אקדח 1 ק,החברה הדרומית לשיווק בעמ,,,יח,10,"ל 100 מ""ל",false,1,10.90,1.09,false,1,
7290005426568,false,לחות  לשיער קרמה רגיל.,החברה הדרומית לשיווק בעמ,,,יח,4,"ל 100 מ""ל",false,1,17.90,4.48,false,1,
7290005426803,false,מקסימה מרכך 4 ליטר לבנים,החברה הדרומית לשיווק בעמ,,,יח,40,"ל 100 מ""ל",false,1,21.90,0.55,false,1,
7290005426964,false,סנובון כחול,החברה הדרומית לשיווק בעמ,,,יח,1.65,ל 100 גרם,false,1,14.90,9.03,false,1,
7290005427107,false,מגבות מטבח נייר  שישיה  סנו,החברה הדרומית לשיווק בעמ,,,יח,5.70,ל 100 גרם,false,1,12.90,2.26,false,1,
7290005427121,false,סנו סושי מגבות מטבח,החברה הדרומית לשיווק בעמ,,,יח,1.14,"לק""ג",false,1,24.90,21.84,false,1,
7290005427978,false,תחליב פנים קרמה,החברה הדרומית לשיווק בעמ,,,יח,1.80,"ל 100 מ""ל",false,1,13.90,7.72,false,1,
7290005429279,false,"מקסימה 6 ק""ג ג אבל",החברה הדרומית לשיווק בעמ,,,יח,6,"לק""ג",false,1,45.90,7.65,false,1,
7290005429286,false,אבקת כביסה מרקסימה 6 ק,החברה הדרומית לשיווק בעמ,,,יח,60,ל 100 גרם,false,1,45.90,0.77,false,1,
7290005430602,false,מרסס מסיר כתמים אוקסיג`ין,החברה הדרומית לשיווק בעמ,,,יח,7.50,"ל 100 מ""ל",false,1,17.90,2.39,false,1,
7290005431883,false,מלבי חלבי 165  גר`,תנובה -חלב,,,יח,0.82,ל 100 גרם,false,1,5.90,7.20,false,1,
7290005431913,false,עוגת  פירורים,תנובה -חלב,,,יח,0.92,ל 100 גרם,false,1,5.90,6.41,false,1,
7290005431920,false,עוגת פירורים  לייט 78  גר`,תנובה -חלב,,,יח,0.78,ל 100 גרם,false,1,5.90,7.56,false,1,
7290005431937,false,טרמיסימו  82 גר`,תנובה -חלב,,,יח,0.82,ל 100 גרם,false,1,5.90,7.20,false,1,
7290005431968,false,מלבי שמנת,תנובה -חלב,,,יח,1.50,ל 100 גרם,false,1,6.90,4.60,false,1,
7290005437212,false,"שמן זית כתית 750    בד""צ",טעמן שיווק מזון בעמ,,,יח,7.50,"ל 100 מ""ל",false,1,29.90,3.99,true,1,
7290005509285,false,שוקולד חלב,כרמית תעשיות ממתקים בעמ,,,יח,1,ל 100 גרם,false,1,3.90,3.90,false,1,
7290005509445,false,מיני קוקיס  600,כרמית תעשיות ממתקים בעמ,,,יח,7.50,ל 100 גרם,false,1,15.90,2.12,false,1,
7290005591761,false,דבש 400ג  דבש בר לחיץ. ק,שטראוס גרופ בעמ,,,יח,4,ל 100 גרם,false,1,21.90,5.48,false,1,
7290005811227,false,תערובת לפנקייק 400ג  ראשון*,אם החיטה בעמ,,,יח,4,ל 100 גרם,false,1,8.90,2.23,false,1,
7290005838002,false,דניאלה ק,שטראוס גרופ בעמ (ח),,,יח,1.50,"ל 100 מ""ל",false,1,3.90,2.60,false,1,
7290005838613,false,סקי וניל גבינה,שטראוס גרופ בעמ (ח),,,יח,1.25,ל 100 גרם,false,1,3.60,2.88,true,1,
7290005838972,false,סקי יום יום,שטראוס גרופ בעמ (ח),,,יח,1.25,ל 100 גרם,false,1,3.50,2.80,true,1,
7290005839078,false,מולטיפק טבעי  %3,שטראוס גרופ בעמ (ח),,,יח,1.20,לליטר,false,1,16.80,14,false,1,
7290005839108,false,סימפוניה 5% עם זיתים,שטראוס גרופ בעמ (ח),,,יח,2,ל 100 גרם,false,1,11.20,5.60,false,1,
7290005839313,false,מילקי טופ ק,שטראוס גרופ בעמ (ח),,,יח,1.30,"ל 100 מ""ל",false,1,4.50,3.46,false,1,
7290005896415,false,בירה איגל ירוק טמפו *,טמפו משקאות בעמ,,,יח,5,יח,false,1,5.90,1.12,true,1,
7290005896453,false,מכבי 7.9 חוזר.,טמפו משקאות בעמ,,,יח,5,"ל 100 מ""ל",false,1,7.80,1.32,false,1,
7290005896460,false,בירה איגל  חזקה 7.8%XX,טמפו משקאות בעמ,,,יח,5,יח,false,1,5.90,1.12,false,1,
7290005896828,false,שישית מים סאן בנדטו,טמפו משקאות בעמ,,,יח,9,לליטר,false,1,15.90,1.77,false,1,
7290005938245,false,פסטו קלאסי220,נטו מילנדה סחר בעמ*,,,יח,2.20,ל 100 גרם,false,1,17.90,8.14,false,1,
7290005966033,false,ירדן חרמון לבן רמת הגולן*,היכל היין שקד גולן בעמ,,,יח,7.50,"ל 100 מ""ל",false,1,31.90,4.21,true,1,
7290005966088,false,הר חרמון אדום עברית 2019*,היכל היין שקד גולן בעמ,,,יח,7.50,"ל 100 מ""ל",false,1,31.90,4.21,true,1,
7290005992575,false,בולגרית  למריחה 250,מחלבות גד שיווק 1992 בעמ,,,יח,2.50,ל 100 גרם,false,1,15.90,6.36,false,1,
7290006229588,false,בירה איגל זהב  טמפו *,טמפו משקאות בעמ,,,יח,3.30,"ל 100 מ""ל",false,1,5.90,1.70,true,1,
7290006241153,false,פקאן סיני  150,ליימן שליסל בעמ,,,יח,1.50,ל 100 גרם,false,1,17.90,11.93,false,1,
7290006241191,false,אגוז מלך 150,ליימן שליסל בעמ,,,יח,1.50,ל 100 גרם,false,1,16.90,11.27,false,1,
7290006251107,false,מסאלה צ אי,תה ויסוצקי (ישראל)בעמ,,,יח,0.50,ל 100 גרם,false,1,17.90,35.80,false,1,
7290006251589,false,תה ירוק נענע,תה ויסוצקי (ישראל)בעמ,,,יח,0.75,ל 100 גרם,false,1,39.90,53.20,false,1,
7290006265500,false,פטריות שמפיניון,"בכורי השדה צפון1994 ג.ד. בע""מ",,,יח,1,,false,1,8.90,8.90,false,1,
7290006374660,false,שמן זית לתיבול מעודן,שטראוס גרופ בעמ,,,יח,1,לליטר,false,1,45.90,45.90,false,1,
7290006374738,false,קונפיטורה תות שדה,שטראוס גרופ בעמ,,,יח,3.40,ל 100 גרם,false,1,12.90,3.79,true,1,
7290006429506,false,אפרסק 900ג בדץ טעמן,טעמן שיווק מזון בעמ,,,יח,9,ל 100 גרם,false,1,9.90,1.10,false,1,
7290006492616,false,בולגרית פרוסות 5%,מחלבות גד שיווק 1992 בעמ,,,יח,2.50,ל 100 גרם,false,1,26.90,10.76,false,1,
7290006511751,false,שלישית פטריות חתוך,ג.וילי פוד בעמ,,,יח,8.70,ל 100 גרם,false,1,11.90,1.37,false,1,
7290006546371,false,Okra 600 expired - Pry Galilee,ויטה-פרי גליל (החדשה) בעמ,,,יח,6,ל 100 גרם,false,1,9.90,1.65,false,1,
7290006546388,false,T.artisok 400 expired - Pry Galilee,ויטה-פרי גליל (החדשה) בעמ,,,יח,4,ל 100 גרם,false,1,8.90,2.23,false,1,
7290006547798,false,נייר ארונות חביב,חביב את פרנק בעמ,,,יח,1,,false,1,4.90,4.90,false,1,
7290006567048,false,פתיתי קוסקוס ישראלי,קבוצת אוסם סחר שותפות מוגבלת,,,יח,3.50,ל 100 גרם,false,1,7.90,2.26,false,1,
7290006618078,false,אסטוניש מרסס צהוב,"יעקב יעקבי ובניו בע""מ",,,יח,7.50,"ל 100 מ""ל",false,1,11.90,1.59,false,1,
7290006644480,false,תפוזינה תפוז  500,יפאורה שותפות מוגבלת לשיווק,,,יח,5,"ל 100 מ""ל",false,1,4.90,0.92,true,1,
7290006644510,false,תפוזינה ענבים 500,יפאורה שותפות מוגבלת לשיווק,,,יח,5,"ל 100 מ""ל",false,1,4.90,0.92,true,1,
7290006653819,false,קוסקוס אוסם דק,קבוצת אוסם סחר שותפות מוגבלת,,,יח,3.50,ל 100 גרם,false,1,7.90,2.26,false,1,
7290006664037,false,מארז סופר גמדים רבעיה,שטראוס גרופ בעמ (ח),,,יח,4,"ל 100 מ""ל",false,1,11.30,2.83,true,1,
7290006664051,false,מארז אקטימל 14 יח,שטראוס גרופ בעמ (ח),,,יח,1.40,לליטר,false,1,29.90,21.36,false,1,
7290006664402,false,גבינת לבנה 5%-750 גרם,שטראוס גרופ בעמ (ח),,,יח,7.50,ל 100 גרם,false,1,14.90,1.99,false,1,
7290006664532,false,דנונה תות 3%,שטראוס גרופ בעמ (ח),,,יח,1.50,"ל 100 מ""ל",false,1,3.90,2.60,true,1,
7290006664655,false,שמנית אקטימל טיבעי ק,שטראוס גרופ בעמ (ח),,,יח,8,"ל 100 מ""ל",false,1,21.20,2.65,false,1,
7290006664693,false,דנונה אפרסק  3%,שטראוס גרופ בעמ (ח),,,יח,1.50,"ל 100 מ""ל",false,1,3.90,2.60,true,1,
7290006664990,false,דנונה 1.5% ביו טבעי,שטראוס גרופ בעמ (ח),,,יח,1.20,לליטר,false,1,16.80,14,false,1,
7290006681003,false,קרמיסימו סרבט תות לימון,"גלידת שטראוס בע""מ",,,יח,1.33,לליטר,false,1,18.90,14.21,false,1,
7290006681553,false,קרמבו וניל שמיניה,"גלידת שטראוס בע""מ",,,יח,8,למארז,false,1,14.90,1.86,false,1,
7290006681560,false,קרמבו שמניה מוקה שטראוס,"גלידת שטראוס בע""מ",,,יח,8,למארז,false,1,14.90,1.86,false,1,
7290006737151,false,כפתורי שוקולד,לירון קרביץ יבוא שיווק וסחר,,,יח,1,ל 100 גרם,false,1,3.90,3.90,false,1,
7290006741363,false,"בורקס תפו,א 800 בדצ זוגלובק",זוגלובק שיווק בעמ,,,יח,8,ל 100 גרם,false,1,13.90,1.74,true,1,
7290006741387,false,מלווח תימני 700 גרם זוגלובק,זוגלובק שיווק בעמ,,,יח,7,ל 100 גרם,false,1,13.90,1.99,true,1,
7290006764058,false,בירה נשר,טמפו משקאות בעמ,,,יח,5,"ל 100 מ""ל",false,1,5.90,0.94,false,1,
7290006764065,false,נשר מאלט 500 ח.,טמפו משקאות בעמ,,,יח,5,"ל 100 מ""ל",false,1,4.90,0.74,true,1,
7290006764072,false,גולדסטאר חוזר ק,טמפו משקאות בעמ,,,יח,5,"ל 100 מ""ל",false,1,7.80,1.32,false,1,
7290006764096,false,"בירה איגל  3.8% 500 מ""ל",טמפו משקאות בעמ,,,יח,5,"ל 100 מ""ל",false,1,4.80,0.72,false,1,
7290006764157,false,בירה גולדסטאר לא מסונן חוזר,טמפו משקאות בעמ,,,יח,5,"ל 100 מ""ל",false,1,8.80,1.52,true,1,
7290006764478,false,נשר מאלט 330,טמפו משקאות בעמ,,,יח,3.30,"ל 100 מ""ל",false,1,4.20,1.18,false,1,
7290006764485,false,בירה נשר 330 שישייה טמפו*,טמפו משקאות בעמ,,,יח,15,"ל 100 מ""ל",false,1,28.70,1.79,false,1,
7290006770561,false,Current couscous 800 expired - Pry Galil,ויטה-פרי גליל (החדשה) בעמ,,,יח,8,ל 100 גרם,false,1,14.90,1.86,false,1,
7290006775016,false,עוגת תפוז 450ג אחוה    *,אחדות בעמ,,,יח,4.50,ל 100 גרם,false,1,9.90,2.20,false,1,
7290006775023,false,עוגת אנגלית 450ג אחוה  *,אחדות בעמ,,,יח,4.50,ל 100 גרם,false,8,9.90,2.20,false,1,
7290006775030,false,עוגת שוקוציפס 450ג  אחוה*,אחדות בעמ,,,יח,4.50,ל 100 גרם,false,1,9.90,2.20,false,1,
7290006775054,false,עוגת שיש 450ג  אחוה   * ק,אחדות בעמ,,,יח,4.50,ל 100 גרם,false,1,9.90,2.20,false,1,
7290006775085,false,עוגת שמרים שוקולד  400ג אחוה*,אחדות בעמ,,,יח,4,ל 100 גרם,false,1,10.90,2.73,false,1,
7290006775191,false,מאפין ממולא שוקולד 50ג אחוה  *,אחדות בעמ,,,יח,0.50,ל 100 גרם,false,1,1.40,2.80,true,1,
7290006775306,false,מאפין ממולא תות 50ג אחוה*,אחדות בעמ,,,יח,0.50,ל 100 גרם,false,1,1.40,2.80,true,1,
7290006775344,false,עוגת שמרים קינמון 400ג  אחוה*,אחדות בעמ,,,יח,4,ל 100 גרם,false,1,10.90,2.73,false,1,
7290006775405,false,מאפין שוקוציפס  45 ג אחוה  *,אחדות בעמ,,,יח,0.45,ל 100 גרם,false,1,1.40,3.11,true,1,
7290006775764,false,עוגה שוקוציפס ללא סוכר 400ג אחוה*,אחדות בעמ,,,יח,4,ל 100 גרם,false,1,10.90,2.73,false,1,
7290006775801,false,רוגעלך 400ג   אחוה*,אחדות בעמ,,,יח,4,ל 100 גרם,false,1,9.90,2.48,false,1,
7290006788399,false,רולאון נושם לבן פ.דיל 1 קרליין,החברה הדרומית לשיווק בעמ,,,יח,0.75,ל 100 גרם,false,1,10.90,14.53,false,1,
7290006788405,false,1רולאון 2 קרליין פ. דיל,החברה הדרומית לשיווק בעמ,,,יח,0.75,ל 100 גרם,false,1,10.90,14.53,false,1,
7290006788429,false,רולאון  נושם כתום  פ. דיל,החברה הדרומית לשיווק בעמ,,,יח,0.75,ל 100 גרם,false,1,10.90,14.53,false,1,
7290006788504,false,דאו  קרליין מס 6,החברה הדרומית לשיווק בעמ,,,יח,2,"ל 100 מ""ל",false,1,10.90,5.45,false,1,
7290006983206,false,פאלאפל קלי קלות,קבוצת אוסם סחר שותפות מוגבלת,,,יח,0.90,ל 100 גרם,false,1,9.90,11,false,1,
7290006983527,false,עוגת הבית תפוח עץ,קבוצת אוסם סחר שותפות מוגבלת,,,יח,4,ל 100 גרם,false,1,14.90,3.73,false,1,
7290006983763,false,עוגת שוקולד הבית 400,קבוצת אוסם סחר שותפות מוגבלת,,,יח,4,ל 100 גרם,false,1,11.90,2.98,false,1,
7290006983770,false,עוגת הבית שיש,קבוצת אוסם סחר שותפות מוגבלת,,,יח,4,ל 100 גרם,false,1,11.90,2.98,false,1,
7290006983787,false,עוגת שוקוצ יפס,קבוצת אוסם סחר שותפות מוגבלת,,,יח,4,ל 100 גרם,false,1,11.90,2.98,false,1,
7290006983794,false,עוגת תפוזים אוסם,קבוצת אוסם סחר שותפות מוגבלת,,,יח,4,ל 100 גרם,false,1,11.90,2.98,false,1,
7290006992161,false,דייסלה קרונפלור ק,קבוצת אוסם סחר שותפות מוגבלת,,,יח,2,ל 100 גרם,false,1,13.90,6.95,false,1,
7290006992185,false,דייסלה אורז,קבוצת אוסם סחר שותפות מוגבלת,,,יח,2,ל 100 גרם,false,1,13.90,6.95,false,1,
7290006992192,false,דייסלה סולת,קבוצת אוסם סחר שותפות מוגבלת,,,יח,2,ל 100 גרם,false,1,13.90,6.95,false,1,
7290006992208,false,ד יסלה דגנים מעורבים,קבוצת אוסם סחר שותפות מוגבלת,,,יח,2,ל 100 גרם,false,1,13.90,6.95,false,1,
7290008023542,false,CIF FLOOR 4L- JASMINE 2010 6X4KG,"יוניליוור ישראלשיווק בע""מ",,,יח,40,"ל 100 מ""ל",false,1,18.50,0.46,false,1,
7290008101318,false,קריספ פירורי לחם  זהוב 300 גר`,א.ל ייצור ושיווק תבלינים בעמ,,,יח,3,ל 100 גרם,false,1,6.90,2.30,true,1,
7290008102469,false,קריספ  פאנקו זהוב  800 גר`,א.ל ייצור ושיווק תבלינים בעמ,,,יח,8,ל 100 גרם,false,1,9.90,1.24,false,1,
7290008116541,false,ליסטרין מי פה קול,שקד תבל בעמ,,,יח,5,"ל 100 מ""ל",false,1,17.90,3.58,true,1,
7290008175173,false,חמאה מיפלנד  200ג.,ג.וילי פוד בעמ,,,יח,2,ל 100 גרם,false,1,14.90,7.45,false,1,
7290008175814,false,"פטריות חתוך 400ג ויליפוד  חת""ס*",ג.וילי פוד בעמ,,,יח,4,ל 100 גרם,false,1,4.90,1.23,false,1,
7290008190909,false,מיני קוקיס 600 שוקולד ציפס,כרמית תעשיות ממתקים בעמ,,,יח,6,ל 100 גרם,false,1,15.90,2.65,false,1,
7290008330107,false,BADIN PURPLE 2010 6X4L,"יוניליוור ישראלשיווק בע""מ",,,יח,40,"ל 100 מ""ל",false,1,19.80,0.50,false,1,
7290008333115,false,אבקת ג לין טהור,נטו מילנדה סחר בעמ*,,,יח,0.28,ל 100 גרם,false,1,9.90,35.36,false,1,
7290008335515,false,אגרול סיני+רוטב 600,נטו מילנדה סחר בעמ*,,,יח,6,ל 100 גרם,false,1,12.90,2.15,false,1,
7290008335553,false,קובה בשר וצנובר 600,נטו מילנדה סחר בעמ*,,,יח,6,ל 100 גרם,false,1,12.90,2.15,false,1,
7290008409049,false,מיני מיני  שניצלונים בציפוי  שומשום,תנובה ענף ב.ע.ד,,,יח,5,ל 100 גרם,false,1,24.90,4.98,false,1,
7290008415071,false,חומוס עם טחינה 150,קבוצת אוסם סחר שותפות מוגבלת,,,יח,1.50,ל 100 גרם,false,1,4.50,3,false,1,
7290008443616,false,מרכך נקה 7 ש.יבש 750,החברה הדרומית לשיווק בעמ,,,יח,7.50,"ל 100 מ""ל",false,1,10.90,1.45,false,1,
7290008443647,false,מרכך נקה 7 לש.מתולתל 750,החברה הדרומית לשיווק בעמ,,,יח,7.50,"ל 100 מ""ל",false,1,10.90,1.45,false,1,
7290008464130,false,גולסטאר UP  שישיה 330,טמפו משקאות בעמ,,,יח,15,"ל 100 מ""ל",false,1,37.50,2.38,true,1,
7290008464222,false,"מכבי 7.9% פחית 500 מ""ל",טמפו משקאות בעמ,,,יח,5,"ל 100 מ""ל",false,1,7.50,1.44,false,1,
7290008464468,false,גולדסטאר500 פחית,טמפו משקאות בעמ,,,יח,5,"ל 100 מ""ל",false,1,7.50,1.44,false,1,
7290008464611,false,"סודה טמפו 275 מ""ל",טמפו משקאות בעמ,,,יח,2.75,"ל 100 מ""ל",false,1,3.30,1.09,true,1,
7290008464734,false,בירה גולדסטאר 10% שישיה,טמפו משקאות בעמ,,,יח,1.98,לליטר,false,1,38.90,18.74,false,1,
7290008464741,false,בירה גולדסטאר 330 שישייה טמפו,טמפו משקאות בעמ,,,יח,15,"ל 100 מ""ל",false,1,36.90,2.34,true,1,
7290008464796,false,היינקן שישיה 330,טמפו משקאות בעמ,,,יח,6,למארז,false,1,34.90,5.52,true,1,
7290008470766,false,מארז אורביט  סטיקס 5 יח`,ריגלי ישראל בעמ,,,יח,0.30,ל 100 גרם,false,1,14.60,48.67,false,1,
7290008482561,false,פודינג שוקולד טעימה 80ג,נאמן לאורך זמן בעמ,,,יח,0.80,ל 100 גרם,false,1,4.60,5.75,false,1,
7290008482592,false,ג לי תות טעימה 85ג     *,נאמן לאורך זמן בעמ,,,יח,0.85,ל 100 גרם,false,1,4.60,5.41,false,1,
7290008500128,false,עוגת שמרים שוקולד,ג`נרל מילס ישראל בעמ,,,יח,6,ל 100 גרם,false,1,27.90,4.65,false,1,
7290008507059,false,קציצות מרוקאיות חריפות  נתח אדום,נתח אדום עוזי ביטון ובניו בעמ,,,יח,7,ל 100 גרם,false,1,29.90,4.27,false,1,
7290008636919,false,קקאו הולנדי 250ג  שקית,מיה תעשיות מזון מ.ת.מ בעמ,,,יח,2.50,ל 100 גרם,false,1,10.90,4.36,false,1,
7290008636926,false,קקאו הולנדי 500ג  שקית,מיה תעשיות מזון מ.ת.מ בעמ,,,יח,5,ל 100 גרם,false,1,14.90,2.98,true,1,
7290008636964,false,שקד מולבן גפרור      מיה,מיה תעשיות מזון מ.ת.מ בעמ,,,יח,1,ל 100 גרם,false,1,11.90,11.90,false,1,
7290008644112,false,מטבוחה יום יום,שטראוס גרופ בעמ (ח),,,יח,1.25,ל 100 גרם,false,1,4.90,3.92,false,1,
7290008645935,false,חומוס לניגוב 750,שטראוס גרופ בעמ (ח),,,יח,7.50,ל 100 גרם,false,1,9.90,1.32,false,1,
7290008693134,false,דניאלה תות,שטראוס גרופ בעמ (ח),,,יח,1.50,"ל 100 מ""ל",false,1,3.90,2.60,false,1,
7290008713900,false,שיפון עגול,שלמה א.אנג ל בעמ,,,יח,7.50,ל 100 גרם,false,1,13.90,1.85,false,1,
7290008745239,false,תפוצ יפס  טבעי,שטראוס פריטו ליי בעמ,,,יח,0.55,ל 100 גרם,false,1,3.80,6.91,false,1,
7290008747547,false,תפוצ יפס טבעי 200,שטראוס פריטו ליי בעמ,,,יח,2,ל 100 גרם,false,1,9.90,4.95,true,1,
7290008750264,false,מאסט דובדבן,שטראוס גרופ בעמ,,,יח,0.28,ל 100 גרם,false,1,4,14.29,false,1,
7290008753111,false,תפוצ יפס אקס  מקסיקני,שטראוס פריטו ליי בעמ,,,יח,0.50,ל 100 גרם,false,1,3.80,7.60,false,1,
7290008753364,false,דוריטוס גריל  55,שטראוס פריטו ליי בעמ,,,יח,0.55,ל 100 גרם,false,1,2.90,5.27,true,1,
7290008753371,false,דוריטוס נאצו  55,שטראוס פריטו ליי בעמ,,,יח,0.55,ל 100 גרם,false,1,2.90,5.27,true,1,
7290008753388,false,דוריטוס טבעי 55,שטראוס פריטו ליי בעמ,,,יח,0.55,ל 100 גרם,false,1,2.90,5.27,true,1,
7290008757034,false,סודה שוופס 250,יפאורה שותפות מוגבלת לשיווק,,,יח,2.50,"ל 100 מ""ל",false,1,3.20,1.16,true,1,
7290008757072,false,פחית R.C,יפאורה שותפות מוגבלת לשיווק,,,יח,3.30,"ל 100 מ""ל",false,1,3.90,1.09,true,1,
7290008757386,false,מיץ פז ענבים,יפאורה שותפות מוגבלת לשיווק,,,יח,3.30,"ל 100 מ""ל",false,1,3.90,1.09,true,1,
7290008775816,false,משהו משהו ערגליו שוקו,קבוצת אוסם סחר שותפות מוגבלת,,,יח,3,ל 100 גרם,false,1,10.20,3.40,true,1,
7290008775823,false,משהו משהו ערגליות תות ק,קבוצת אוסם סחר שותפות מוגבלת,,,יח,3,ל 100 גרם,false,1,10.20,3.40,true,1,
7290008801157,false,מרלו סלקטד,אגודת הכורמים בעמ,,,יח,7.50,"ל 100 מ""ל",false,1,29.90,3.95,true,1,
7290008801478,false,יין טופז זהב,אגודת הכורמים בעמ,,,יח,7.50,"ל 100 מ""ל",false,1,18.90,2.48,false,1,
7290008801522,false,קונקורד ה ק. דוד,אגודת הכורמים בעמ,,,יח,1,,false,1,19.90,19.90,false,1,
7290008801843,false,קברנה סובניון ק,אגודת הכורמים בעמ,,,יח,7.50,"ל 100 מ""ל",false,1,29.90,3.95,true,1,
7290008802291,false,מרלו P.C,אגודת הכורמים בעמ,,,יח,7.50,"ל 100 מ""ל",false,1,39.90,5.28,true,1,
7290008802529,false,יין וינו לבן,אגודת הכורמים בעמ,,,יח,7.50,"ל 100 מ""ל",false,1,19.90,2.61,false,1,
7290008803090,false,מרלו  גליל עליון,אגודת הכורמים בעמ,,,יח,7.50,"ל 100 מ""ל",false,1,59.90,7.95,true,1,
7290008804332,false,שיראז  יין אדום,אגודת הכורמים בעמ,,,יח,7.50,"ל 100 מ""ל",false,1,39.90,5.28,true,1,
7290008805520,false,קברנה מרלו סלקטד,אגודת הכורמים בעמ,,,יח,7.50,"ל 100 מ""ל",false,1,29.90,3.95,true,1,
7290008806305,false,שלגון פצפצים,"גלידת שטראוס בע""מ",,,יח,1,,false,1,5.90,5.90,true,1,
7290008806961,false,קרמיסימו עם שביבי שוק,"גלידת שטראוס בע""מ",,,יח,1.33,לליטר,false,1,18.90,14.21,false,1,
7290008806985,false,גלידת שטראוס נשנושים,"גלידת שטראוס בע""מ",,,יח,6.30,ל 100 גרם,false,1,44.90,7.13,false,1,
7290008909761,false,קלברג 330 בקבוק,החברה המרכזית להפצת משקאות בע,,,יח,3.30,"ל 100 מ""ל",false,1,7,2.03,false,1,
7290008921169,false,קברנה סובניון תשבי,יקב תשבי (יקבי הברון בעמ ),,,"ל 100 מ""ל",7.50,"ל 100 מ""ל",false,1,37.90,5.01,true,1,
7290008975551,false,מטרנה מהדרין שלב 3,קבוצת אוסם סחר שותפות מוגבלת,,,יח,7,ל 100 גרם,false,1,53.90,7.70,false,1,
7290008975780,false,"בונזו בשר  3ק""ג",דיפלומט מפיצים {1968}בעמ,,,יח,30,ל 100 גרם,false,1,49.90,1.66,false,1,
7290008989039,false,דייסת קונפלור 400ג    *BD,בטר אנד דיפרנט בעמ,,,יח,4,ל 100 גרם,false,1,19.90,4.98,false,1,
7290008989053,false,דייסת דגנים 400ג  *BD,בטר אנד דיפרנט בעמ,,,יח,4,ל 100 גרם,false,1,19.90,4.98,false,1,
7290008989169,false,אורז תפוח שקית 500ג  BD*,בטר אנד דיפרנט בעמ,,,יח,5,ל 100 גרם,false,1,18.90,3.78,false,1,
7290010002023,false,Indian turmeric powder 100 grm - Maimon,א.ל ייצור ושיווק תבלינים בעמ,,,יח,1,ל 100 גרם,false,1,10.90,10.90,false,1,
7290010002030,false,Cumin 100 grm - Maimon Spices,א.ל ייצור ושיווק תבלינים בעמ,,,יח,1,ל 100 גרם,false,1,10.90,10.90,false,1,
7290010002047,false,200 grm lemon salt - Maimon Spices,א.ל ייצור ושיווק תבלינים בעמ,,,יח,2,ל 100 גרם,false,1,10.90,5.45,false,1,
7290010002061,false,Ground white pepper 100 grm - Maimon Spi,א.ל ייצור ושיווק תבלינים בעמ,,,יח,1,ל 100 גרם,false,1,16.90,16.90,false,1,
7290010002078,false,Ground black pepper 100 grm - Maimon Spi,א.ל ייצור ושיווק תבלינים בעמ,,,יח,1,ל 100 גרם,false,1,14.90,14.90,false,1,
7290010002092,false,Finely ground black pepper 90 grm - Maim,א.ל ייצור ושיווק תבלינים בעמ,,,יח,1.20,ל 100 גרם,false,1,14.90,12.42,false,1,
7290010002108,false,Coarsely ground black pepper 90 grm - Ma,א.ל ייצור ושיווק תבלינים בעמ,,,יח,1.20,ל 100 גרם,false,1,14.90,12.42,false,1,
7290010002122,false,Sweet Hungarian paprika 100 grm - Maimon,א.ל ייצור ושיווק תבלינים בעמ,,,יח,1,ל 100 גרם,false,1,10.90,10.90,false,1,
7290010002146,false,Moroccan sweet paprika 100 grm - Maimon,א.ל ייצור ושיווק תבלינים בעמ,,,יח,1,ל 100 גרם,false,1,10.90,10.90,false,1,
7290010002320,false,Grill chicken seasoning 100 grm - Maimon,א.ל ייצור ושיווק תבלינים בעמ,,,יח,1,ל 100 גרם,false,1,10.90,10.90,false,1,
7290010002344,false,100 grm fish seasoning - Maimon Spices,א.ל ייצור ושיווק תבלינים בעמ,,,יח,1,ל 100 גרם,false,1,10.90,10.90,false,1,
7290010002351,false,Hyssop and sesame Baladi 100 grm - Maimo,א.ל ייצור ושיווק תבלינים בעמ,,,יח,1,ל 100 גרם,false,1,10.90,10.90,false,1,
7290010002368,false,Soup mix Hwig` 100 grm - Maimon Spices,א.ל ייצור ושיווק תבלינים בעמ,,,יח,1,ל 100 גרם,false,1,10.90,10.90,false,1,
7290010002382,false,Oregano 40 grm - Maimon Spices,א.ל ייצור ושיווק תבלינים בעמ,,,יח,0.40,ל 100 גרם,false,1,9.50,23.75,false,1,
7290010002405,false,Thyme 40 grm - Maimon Spices,א.ל ייצור ושיווק תבלינים בעמ,,,יח,0.50,ל 100 גרם,false,1,9.50,19,false,1,
7290010002443,false,Rosemary 40 grm - Maimon Spices,א.ל ייצור ושיווק תבלינים בעמ,,,יח,0.50,ל 100 גרם,false,1,9.50,19,false,1,
7290010002498,false,No crystalline 120 grm - Maimon Spices,א.ל ייצור ושיווק תבלינים בעמ,,,יח,1.50,ל 100 גרם,false,1,14.90,9.93,false,1,
7290010002597,false,30 grm green coriander - Maimon Spices,א.ל ייצור ושיווק תבלינים בעמ,,,יח,0.20,ל 100 גרם,false,1,9.50,47.50,false,1,
7290010003075,false,Moroccan sweet paprika 400 grm - Maimon,א.ל ייצור ושיווק תבלינים בעמ,,,יח,4,ל 100 גרם,false,1,23.90,5.98,false,1,
7290010003709,false,Ground black pepper 50 grm bag - Maimon,א.ל ייצור ושיווק תבלינים בעמ,,,יח,0.50,ל 100 גרם,false,1,7.90,15.80,false,1,
7290010003754,false,Ground cumin 50 grm bag - Maimon Spices,א.ל ייצור ושיווק תבלינים בעמ,,,יח,0.80,ל 100 גרם,false,1,5.90,7.38,false,1,
7290010003761,false,Turmeric powder 80 grm bag - Maimon Spic,א.ל ייצור ושיווק תבלינים בעמ,,,יח,8,ל 100 גרם,false,1,5.90,0.74,false,1,
7290010003822,false,Cayenne 80 grm bag - Maimon Spices,א.ל ייצור ושיווק תבלינים בעמ,,,יח,8,ל 100 גרם,false,1,5.90,0.74,false,1,
7290010003839,false,Ground cinnamon 80 grm bag - Maimon Spic,א.ל ייצור ושיווק תבלינים בעמ,,,יח,0.80,ל 100 גרם,false,1,5.90,7.38,false,1,
7290010065318,false,פרינוק תפוחי עץ,גורי מוצרי צריכה 1991 בעמ,,,יח,1.90,ל 100 גרם,false,1,6.60,3.47,true,1,
7290010065332,false,פרינוק גוניור תפןח בננה,גורי מוצרי צריכה 1991 בעמ,,,יח,1.90,ל 100 גרם,false,1,6.60,3.47,true,1,
7290010065349,false,פרינוק גוניור סלט פירות,גורי מוצרי צריכה 1991 בעמ,,,יח,1.90,ל 100 גרם,false,1,6.90,3.63,true,1,
7290010065745,false,פרינוק טעם  פירות,גורי מוצרי צריכה 1991 בעמ,,,יח,1.90,ל 100 גרם,false,1,6.60,3.47,true,1,
7290010066025,false,טונה בשמן 160ג בודד פילטונה,תעשיות פיל טונה בעמ,,,יח,1.70,ל 100 גרם,false,1,5.90,3.47,false,1,
7290010066056,false,טונה במים 160ג פילטונה,תעשיות פיל טונה בעמ,,,יח,1.58,ל 100 גרם,false,1,6.30,3.99,false,1,
7290010066087,false,טונה בשמן זית 160ג פילטונה,תעשיות פיל טונה בעמ,,,יח,1.70,ל 100 גרם,false,1,6.90,4.06,false,1,
7290010116980,false,שוקולית  850 גר  שקית,שטראוס גרופ בעמ,,,יח,8.50,ל 100 גרם,false,1,17.90,2.11,true,1,
7290010117857,false,דוריטוס חמוץ חריף,שטראוס פריטו ליי בעמ,,,יח,0.55,ל 100 גרם,false,1,2.90,5.27,true,1,
7290010117970,false,סבבה בוטנים אמרקאים 50 גר`,שטראוס פריטו ליי בעמ,,,יח,0.50,ל 100 גרם,false,1,2,4,false,1,
7290010118328,false,מארז תפוצ יפס 6,שטראוס פריטו ליי בעמ,,,יח,2.40,ל 100 גרם,false,1,12.50,5.21,false,1,
7290010119950,false,דוריטוס חמוץ חריף,שטראוס פריטו ליי בעמ,,,יח,0.55,ל 100 גרם,false,1,2.90,5.27,true,1,
7290010153503,false,שעועית ענק 400 ג     מיה,מיה תעשיות מזון מ.ת.מ בעמ,,,יח,4,ל 100 גרם,false,1,9.90,2.48,false,1,
7290010153510,false,בורגול 500 ג         מיה,מיה תעשיות מזון מ.ת.מ בעמ,,,יח,5,ל 100 גרם,false,1,3.90,0.78,true,1,
7290010153527,false,ג ריש 500 גרם מיה,מיה תעשיות מזון מ.ת.מ בעמ,,,יח,5,ל 100 גרם,false,1,4.90,0.98,true,1,
7290010153770,false,ציפוי לשניצל פיקנטי מיה,מיה תעשיות מזון מ.ת.מ בעמ,,,יח,5,ל 100 גרם,false,1,7.90,1.58,true,1,
7290010153787,false,ציפוי לשניצל עם שום מיה,מיה תעשיות מזון מ.ת.מ בעמ,,,יח,5,ל 100 גרם,false,1,7.90,1.58,true,1,
7290010153794,false,ציפוי לשניצל ע.תיבול מיה,מיה תעשיות מזון מ.ת.מ בעמ,,,יח,5,ל 100 גרם,false,1,7.90,1.58,true,1,
7290010153800,false,ציפוי לשניצל תיבול עדין מיה,מיה תעשיות מזון מ.ת.מ בעמ,,,יח,5,ל 100 גרם,false,1,7.90,1.58,true,1,
7290010153817,false,"ריבת חלב 400  בד""צ מיהג.",מיה תעשיות מזון מ.ת.מ בעמ,,,יח,4,ל 100 גרם,false,1,9.90,2.48,true,1,
7290010154005,false,סחוג תימני 250,נטו מילנדה סחר בעמ*,,,יח,2.50,ל 100 גרם,false,1,13.50,5.40,false,1,
7290010154012,false,לימון כבוש 250,נטו מילנדה סחר בעמ*,,,יח,2.50,ל 100 גרם,false,1,13.50,5.40,false,1,
7290010154029,false,אריסה מתוקה ביטון,נטו מילנדה סחר בעמ*,,,יח,2.50,ל 100 גרם,false,1,13.50,5.40,false,1,
7290010154425,false,סחוג  ירוק   130  גר`יוחאי,נטו מילנדה סחר בעמ*,,,יח,1.30,ל 100 גרם,false,1,9.90,7.62,false,1,
7290010154555,false,ממרח לימון כבוש   235 גר`,נטו מילנדה סחר בעמ*,,,יח,2.35,ל 100 גרם,false,1,13.90,5.91,false,1,
7290010154678,false,אריסה מרוקאית 250 ג,נטו מילנדה סחר בעמ*,,,יח,2.50,ל 100 גרם,false,1,13.50,5.40,false,1,
7290010154685,false,שום כתוש 250,נטו מילנדה סחר בעמ*,,,יח,2.50,ל 100 גרם,false,1,13.50,5.40,false,1,
7290010154692,false,סחוג תימני 250,נטו מילנדה סחר בעמ*,,,יח,2.50,ל 100 גרם,false,1,13.50,5.40,false,1,
7290010175840,false,לבבות דקל שלם 400ג טעמן,טעמן שיווק מזון בעמ,,,יח,4,ל 100 גרם,false,1,11.90,2.98,true,1,
7290010175857,false,לבבות דקל טעמן 400ג..,טעמן שיווק מזון בעמ,,,יח,4,ל 100 גרם,false,1,10.90,2.73,false,1,
7290010237685,false,הייניקן 330,טמפו משקאות בעמ,,,יח,3.30,"ל 100 מ""ל",false,1,9,2.64,false,1,
7290010237784,false,מכבי שנדי לימון ליים 330  שישיה,טמפו משקאות בעמ,,,יח,1.98,לליטר,false,1,33.90,16.21,true,1,
7290010237890,false,בירה הייניקן חוזר,טמפו משקאות בעמ,,,יח,5,"ל 100 מ""ל",false,1,8.50,1.46,false,1,
7290010259991,false,צנימים 250   גר,ג.וילי פוד בעמ,,,יח,2.50,ל 100 גרם,false,1,6.90,2.76,false,1,
7290010300518,false,קווקר 500 בשקית,נאמן לאורך זמן בעמ,,,יח,5,ל 100 גרם,false,1,8.90,1.78,false,1,
7290010300860,false,"אציטון 100 מ""ל",נאמן לאורך זמן בעמ,,,יח,10,ל 100 גרם,false,1,3.50,0.35,false,1,
7290010328093,false,ממרח חלבה 400ג  אחוה   *,אחדות בעמ,,,יח,4,"ל 100 מ""ל",false,1,9.90,2.48,false,1,
7290010328239,false,טחינה מתובלת 500ג   אחווה*,אחדות בעמ,,,יח,5,ל 100 גרם,false,1,11.90,2.38,false,1,
7290010328246,false,טחינה שומשום מלא 500ג   אחוה*,אחדות בעמ,,,יח,5,ל 100 גרם,false,1,10.90,2.18,true,1,
7290010328253,false,טחינה גולמית 500ג אחוה *,אחדות בעמ,,,יח,5,ל 100 גרם,false,1,10.90,2.18,true,1,
7290010328451,false,חלבה עם פולי קקאו 400ג אחוה*,אחדות בעמ,,,יח,4,ל 100 גרם,false,1,11.90,2.98,false,1,
7290010328468,false,חטיף מיני חלבה 18יח   אחוה (12 בקר`)*,אחדות בעמ,,,יח,18,יח,false,1,9.90,0.55,false,1,
7290010328710,false,קצפיות אחווה 180  גר`חדש ללא חזרות*,אחדות בעמ,,,יח,4,ל 100 גרם,false,1,9.90,2.48,false,1,
7290010328895,false,מאפין שוקולד  45ג  אחוה*,אחדות בעמ,,,יח,0.45,ל 100 גרם,false,1,1.40,3.11,true,1,
7290010429554,false,שמן זית כתית 750 מספר 2 יד מרדכי,שטראוס גרופ בעמ,,,יח,7.50,"ל 100 מ""ל",false,1,34.90,4.65,false,1,
7290010471669,false,דנונה בר תות קונפלקס,שטראוס גרופ בעמ (ח),,,יח,1.75,"ל 100 מ""ל",false,1,4.50,2.57,false,1,
7290010472307,false,גמדים לשתיה שמניה,שטראוס גרופ בעמ (ח),,,יח,8,"ל 100 מ""ל",false,1,19.90,2.49,false,1,
7290010472390,false,מארז 8 דני שוקולד,שטראוס גרופ בעמ (ח),,,יח,1,לליטר,false,1,14.90,14.90,false,1,
7290010569052,false,גלידה 1.8 פיסטוק שוקו וונ,"גלידת שטראוס בע""מ",,,יח,1.80,לליטר,false,1,22.90,12.72,false,1,
7290010617258,false,מוצץ אורטודנטי קצר,אריסטוקרט מ.ב.ליבוא שווק בעמ,IL,,יח,1,,false,1,17.90,17.90,false,1,
7290010627004,false,טחינה ירושלים 500 גר`,תה ויסוצקי (ישראל)בעמ,,,יח,5,ל 100 גרם,false,1,14.90,2.98,false,1,
7290010650033,false,בצל שאלוט חוות תקוע,"בכורי השדה צפון1994 ג.ד. בע""מ",,,יח,1,,false,1,10.90,10.90,false,1,
7290010719020,false,שמן זית 1 ליטר  אחיה*,ארץ זית שמן מובחר בעמ,,,יח,10,"ל 100 מ""ל",false,1,47.90,4.79,false,1,
7290010777150,false,פיתה בריבוע  קמח מלא שובע,גיא שיווק טוב,,,יח,1,יח,false,1,14.90,14.90,false,1,
7290010777242,false,10 פיתות אקספרס,גיא שיווק טוב,,,יח,1,יח,false,1,15.90,15.90,false,1,
7290010777297,false,עשירית פיתות כהן רימון,מאפיית נתיבות 1998 בעמ,,,יח,1,יח,false,1,10.90,10.90,true,1,
7290010777488,false,[פיתות מקמח מלא 100%,גיא שיווק טוב,,,יח,1,יח,false,1,15.90,15.90,false,1,
7290010777525,false,פיתות כוסמין 100% מלא,גיא שיווק טוב,,,יח,1,יח,false,1,16.90,16.90,false,1,
7290010814244,false,שוקולד שלישיות מריר ק.,כרמית תעשיות ממתקים בעמ,,,יח,2.55,ל 100 גרם,false,1,10.90,4.27,false,1,
7290010903924,false,"שניצל צמחי בד""צ  קפוא זן",קפוא זן תעשיות מזון בעמ,,,יח,10,ל 100 גרם,false,1,19.90,1.99,false,1,
7290010922055,false,ליצי קפוא 250 גר`,בלדי בעמ,,,יח,2.50,ל 100 גרם,false,1,9.90,3.96,true,1,
7290010922857,false,אננס קפוא 250 גר`,בלדי בעמ,,,יח,2.50,ל 100 גרם,false,1,9.90,3.96,true,1,
7290010922864,false,גולש בקר 800  גר`אשפר,בלדי בעמ,,,יח,8,ל 100 גרם,false,1,34.90,4.36,false,1,
7290010922871,false,"טחון  בקר אשפר  1 ק""ג",בלדי בעמ,,,יח,10,ל 100 גרם,false,1,29.90,2.99,false,1,
7290010922895,false,המבורגר בקר אשפר  400 גר`,בלדי בעמ,,,יח,4,ל 100 גרם,false,1,13.90,3.48,false,1,
7290010922901,false,קבב מזרחי  400  גר`אשפר,בלדי בעמ,,,יח,4,ל 100 גרם,false,1,13.90,3.48,false,1,
7290010922949,false,תות שדה    קפוא  250  גר`שייק,בלדי בעמ,,,יח,2.50,ל 100 גרם,false,1,9.90,3.96,true,1,
7290010931330,false,מטבוחה  575אחלה,שטראוס גרופ בעמ (ח),,,יח,5.75,ל 100 גרם,false,1,13.90,2.42,true,1,
7290010945146,false,קוטג  3% 250 טרה,החברה המרכזית טלהפצת משקאות בע,,,יח,2.50,ל 100 גרם,false,1,5.90,2.36,true,1,
7290010945306,false,חלב קרטון 3%- 2 ליטר טרה,החברה המרכזית טלהפצת משקאות בע,,,יח,20,לליטר,false,1,12.40,0.62,false,1,
7290010945450,false,גבינה לבנה 3% מהדרין ק,החברה המרכזית טלהפצת משקאות בע,,,יח,2.50,ל 100 גרם,false,1,4.98,1.99,false,1,
7290011017866,false,קוקה קולה פח 330,החברה המרכזית להפצת משקאות בע,,,יח,3.30,"ל 100 מ""ל",false,1,4.90,1.39,true,1,
7290011017873,false,"קולה זירו 330 מ""ל",החברה המרכזית להפצת משקאות בע,,,יח,3.30,"ל 100 מ""ל",false,1,4.90,1.39,true,1,
7290011018184,false,תה אפרסק 0.5 ליטר FUZE T,החברה המרכזית להפצת משקאות בע,,,יח,5,"ל 100 מ""ל",false,1,6.90,1.32,false,1,
7290011026066,false,סרקל שמפו+מעצב,"פישר  תעשיות פרמצביטות בע""מ",,,יח,10,"ל 100 מ""ל",false,1,28.90,2.89,false,1,
7290011026523,false,קמיל בלו אל סבון קמומיל,"פישר  תעשיות פרמצביטות בע""מ",,,יח,5,"ל 100 מ""ל",false,1,19.90,3.98,false,1,
7290011081492,false,קרמיסימו שלושה שוקולדים,"גלידת שטראוס בע""מ",,,יח,1.33,לליטר,false,1,18.90,14.21,false,1,
7290011081690,false,קרמיסימו פרווה מייפל,"גלידת שטראוס בע""מ",,,יח,1.33,לליטר,false,1,18.90,14.21,false,1,
7290011115203,false,נקה 7 לילך רבעיה,החברה הדרומית לשיווק בעמ,,,יח,4,ל 100 גרם,false,1,10.90,2.73,false,1,
7290011115241,false,נקה 7 ס. מוצק כחול רבעיה,החברה הדרומית לשיווק בעמ,,,יח,4,ל 100 גרם,false,1,10.90,2.73,false,1,
7290011115401,false,סבון נקה רבעיה,החברה הדרומית לשיווק בעמ,,,יח,4,ל 100 גרם,false,1,10.90,2.73,false,1,
7290011126452,false,קמומיל ונענע ויסוצקי,תה ויסוצקי (ישראל)בעמ,,,יח,0.3750,ל 100 גרם,false,1,17.90,47.73,false,1,
7290011126469,false,קמומיל ודבש ויסוצקי,תה ויסוצקי (ישראל)בעמ,,,יח,0.3750,ל 100 גרם,false,1,17.90,47.73,false,1,
7290011126957,false,תה ירוק ויסוצקי אל גריי,תה ויסוצקי (ישראל)בעמ,,,יח,0.3750,ל 100 גרם,false,1,22.90,61.07,true,1,
7290011154301,false,ממרח תמרים 450ג  ח.סופר טעמי  הגליל*,טעמי הגליל בעמ,,,יח,4.50,ל 100 גרם,false,1,4.90,1.09,false,1,
7290011164171,false,לקקן סודה 15 יח,טעמן שיווק מזון בעמ,,,יח,1.35,ל 100 גרם,false,1,9.90,7.33,false,1,
7290011194215,false,דניאלה בננה,שטראוס גרופ בעמ (ח),,,יח,1.50,"ל 100 מ""ל",false,1,3.90,2.60,false,1,
7290011194246,false,קוטג  5% 250 גרם עם סידן שטראוס,שטראוס גרופ בעמ (ח),,,יח,2.50,ל 100 גרם,false,1,5.90,2.36,false,1,
7290011249212,false,וופל בלגי לימון 200ג  גילרו*,א.ג גילרו בעמ,,,יח,2,ל 100 גרם,false,1,2.90,1.45,true,1,
7290011249748,false,רולים שוקולד 100ג  גילרו*,א.ג גילרו בעמ,,,יח,1,ל 100 גרם,false,1,2.90,2.90,true,1,
7290011249755,false,רולים אגוזים 100ג גילרו*,א.ג גילרו בעמ,,,יח,1,ל 100 גרם,false,1,2.90,2.90,true,1,
7290011254032,false,קינואה  500 ג        מיה,מיה תעשיות מזון מ.ת.מ בעמ,,,יח,5,ל 100 גרם,false,1,10.90,2.18,true,1,
7290011254230,false,תן צ אפ טבעותשמניה,מיה תעשיות מזון מ.ת.מ בעמ,,,יח,1.20,ל 100 גרם,false,1,8.90,7.42,false,1,
7290011254346,false,"קינואה 1 ק""ג   מיה*",מיה תעשיות מזון מ.ת.מ בעמ,,,יח,10,ל 100 גרם,false,1,14.90,1.49,false,1,
7290011254605,false,תערובת לקדירה לקט לחמין מיה,מיה תעשיות מזון מ.ת.מ בעמ,,,יח,6,ל 100 גרם,false,1,9.90,1.65,false,1,
7290011254698,false,"שמן זית 750מ""ל בד""צ מיה ק",מיה תעשיות מזון מ.ת.מ בעמ,,,יח,7.50,"ל 100 מ""ל",false,1,27.90,3.72,true,1,
7290011254803,false,סוכ גלי טבעי  125  גר`  טבעות*,מיה תעשיות מזון מ.ת.מ בעמ,,,יח,1.25,ל 100 גרם,false,1,5.90,4.72,true,1,
7290011254827,false,סוכריות ג`לי פירות גדולים 125 גר`,מיה תעשיות מזון מ.ת.מ בעמ,,,יח,1.25,ל 100 גרם,false,1,5.90,4.72,true,1,
7290011378233,false,מאגדת חטיף חלבה וניל ללא סוכר,קבוצת אוסם סחר שותפות מוגבלת,,,יח,1.26,למארז,false,1,10.90,8.65,false,1,
7290011438142,false,"משקה חלב טעם קפה 350 מ""ל יטבתה",שטראוס גרופ בעמ (ח),,,יח,3.50,"ל 100 מ""ל",false,1,6.50,1.86,false,1,
7290011447014,false,דייסת סלט פירות,קבוצת אוסם סחר שותפות מוגבלת,,,יח,2,ל 100 גרם,false,1,13.90,6.95,false,1,
7290011447120,false,מטרנה מהדרין 700 גר,קבוצת אוסם סחר שותפות מוגבלת,,,יח,7,ל 100 גרם,false,1,52.90,7.56,false,1,
7290011447359,false,מטרנה מהדרין שלב 1,קבוצת אוסם סחר שותפות מוגבלת,,,יח,7,ל 100 גרם,false,1,53.90,7.70,false,1,
7290011447373,false,מטרנה מהדרין 2 700חיסכון,קבוצת אוסם סחר שותפות מוגבלת,,,יח,7,ל 100 גרם,false,1,53.90,7.70,false,1,
7290011489595,false,קרקר טופז שומשום  110 גרם הדר*,אפיפית נצרת תעשיות בסקויט,,,יח,1,ל 100 גרם,false,1,2.80,2.80,true,1,
7290011489694,false,פירורי ביסקוויט בטעם וניל 300 ג`הדר*,אפיפית נצרת תעשיות בסקויט,,,יח,3,ל 100 גרם,false,1,5.90,1.97,false,1,
7290011489700,false,פירורי ביסקוויט בטעם שוקו 300 ג`הדר*,אפיפית נצרת תעשיות בסקויט,,,יח,3,ל 100 גרם,false,1,5.90,1.97,false,1,
7290011499112,false,בולגרית 16% 250 גר,מחלבות גד שיווק 1992 בעמ,,,יח,2.50,ל 100 גרם,false,1,21.90,8.76,false,1,
7290011499327,false,בולגרית מעודנת 5%  250,מחלבות גד שיווק 1992 בעמ,,,יח,2.50,ל 100 גרם,false,1,21.90,8.76,false,1,
7290011499365,false,חלומי 200 גר  גד,מחלבות גד שיווק 1992 בעמ,,,יח,2,ל 100 גרם,false,1,19.90,9.95,false,1,
7290011514594,false,זוג מסננות לכיור  ע.הבית,עולם הבית,,,יח,1,,false,1,7.90,7.90,false,1,
7290011518561,false,אקטימל תות מארז משפחתי,שטראוס גרופ בעמ (ח),,,יח,1.40,לליטר,false,1,29.90,21.36,false,1,
7290011524548,false,Hummus 800 expired - Pry Galilee,ויטה-פרי גליל (החדשה) בעמ,,,יח,8,ל 100 גרם,false,1,9.90,1.24,false,1,
7290011524968,false,Soybeans 1 kg expired - @ FRESH GREEN,ויטה-פרי גליל (החדשה) בעמ,,,יח,10,ל 100 גרם,false,1,14.90,1.49,false,1,
7290011598211,false,אנטי קאלק כללי 4ב-1,החברה הדרומית לשיווק בעמ,,,יח,7,"ל 100 מ""ל",false,1,17.90,2.56,false,1,
7290011598402,false,מרכך מקסימה 4 ליטר,החברה הדרומית לשיווק בעמ,,,יח,40,"ל 100 מ""ל",false,1,21.90,0.55,false,1,
7290011695545,false,אלפא אטבים איכותים 5+50,נאמן לאורך זמן בעמ,,,יח,3,יח,false,1,9.90,3.30,false,1,
7290011765392,false,בוב ספוג שמפו,החברה הדרומית לשיווק בעמ,,,יח,7.50,"ל 100 מ""ל",false,1,10.90,1.45,false,1,
7290011765422,false,אל סבון בוב קמומיל,החברה הדרומית לשיווק בעמ,,,יח,7.50,"ל 100 מ""ל",false,1,10.90,1.45,false,1,
7290011765446,false,מ. שיניים בוב ספוג,החברה הדרומית לשיווק בעמ,,,יח,0.70,ל 100 גרם,false,1,8.90,12.71,false,1,
7290011800840,false,טחינה  בלאדי צבר,קבוצת אוסם סחר שותפות מוגבלת,,,יח,1,,false,1,15.90,15.90,true,1,
7290011860271,false,ביסבול טבעי 700 גר תפוגן,קבוצת אוסם סחר שותפות מוגבלת,,,יח,7,ל 100 גרם,false,1,15.90,2.27,false,1,
7290011877859,false,סנו אינסטלטור,החברה הדרומית לשיווק בעמ,,,יח,2,"ל 100 מ""ל",false,1,14.90,7.45,false,1,
7290011877866,false,"מקסימה 6 ק""ג מאסק",החברה הדרומית לשיווק בעמ,,,יח,60,ל 100 גרם,false,1,45.90,0.77,false,1,
7290011963019,false,כוסברה  חסלט,"בכורי השדה צפון1994 ג.ד. בע""מ",,,יח,1,,false,1,7.90,7.90,false,1,
7290012116551,false,אנטי קלאק 2 ליטר 4ב-1,החברה הדרומית לשיווק בעמ,,,יח,20,"ל 100 מ""ל",false,1,18.90,0.95,false,1,
7290012228407,false,"נקנקיות ג`מבו מחפוד 1.5 ק""ג",זוגלובק שיווק בעמ,,,יח,1.50,"לק""ג",false,1,32.90,21.93,true,1,
7290012313165,false,"שמן זית  חזק כתית   750 מ""ל",קבוצת יבנה מוצרי מזון,,,יח,7.50,ל 100 גרם,false,1,34.90,4.65,false,1,
7290012439100,false,עוגיות חמאה הגביע,הגביע מוצרי וופלים בעמ,,,יח,2,ל 100 גרם,false,1,4.20,2.10,false,1,
7290012561405,false,דורות בצל חצי מטוגן דורות,קבוצת אוסם סחר שותפות מוגבלת,,,יח,1.80,ל 100 גרם,false,1,11.90,6.61,false,1,
7290012884986,false,"ציפס לתנור תפוגן 1.5 ק""ג",קבוצת אוסם סחר שותפות מוגבלת,,,יח,1.50,"לק""ג",false,1,24.90,16.60,false,1,
7290012938740,false,"סנסודיין  פרש מינט 75 מ""ל",גורי ע.ע.ע בעמ,,,יח,0.75,ל 100 גרם,false,1,21.90,29.20,true,1,
7290013027368,false,זוג לחמניות,שלמה א.אנג ל בעמ,,,יח,1,,false,1,3.60,3.60,false,1,
7290013121158,false,רבעית לחמניות סנדביץ 460 גר`,גורי ע.ע.ע בעמ,,,יח,4.60,ל 100 גרם,false,1,17.90,3.89,false,1,
7290013144232,false,French vanilla pudding 80 grm - Maimon`s,א.ל ייצור ושיווק תבלינים בעמ,,,יח,0.85,ל 100 גרם,false,1,4.90,5.76,true,1,
7290013144751,false,סירופ בטעם מייפל 500ג מימונס *,א.ל ייצור ושיווק תבלינים בעמ,,,יח,5,ל 100 גרם,false,1,13.90,2.78,true,1,
7290013145277,false,Mille-feuille - Maimon`s,א.ל ייצור ושיווק תבלינים בעמ,,,יח,3,ל 100 גרם,false,1,15.90,5.30,false,1,
7290013145628,false,Colored candies for decoration 200 grm -,א.ל ייצור ושיווק תבלינים בעמ,,,יח,2,ל 100 גרם,false,1,8.90,4.45,false,1,
7290013145956,false,Vacuum dry yeast 500 grams - Maimon`s,א.ל ייצור ושיווק תבלינים בעמ,,,יח,5,ל 100 גרם,false,1,12.90,2.58,false,1,
7290013145963,false,125 grams of dry yeast - Maimon`s,א.ל ייצור ושיווק תבלינים בעמ,,,יח,1.25,ל 100 גרם,false,1,5.50,4.40,false,1,
7290013146045,false,400 grm cranberry stuffing - Maimon`s,א.ל ייצור ושיווק תבלינים בעמ,,,יח,1,,false,1,15.90,15.90,true,1,
7290013146083,false,Halva stuffing 400 grm - Maimon`s,א.ל ייצור ושיווק תבלינים בעמ,,,יח,4,ל 100 גרם,false,1,13.90,3.48,false,1,
7290013146403,false,סירופ בטעם קרמל מלוח*,א.ל ייצור ושיווק תבלינים בעמ,,,יח,5,ל 100 גרם,false,1,16.90,3.38,false,1,
7290013146656,false,כוכבים לקישוט 60 גרם מימונס*,א.ל ייצור ושיווק תבלינים בעמ,,,יח,0.60,ל 100 גרם,false,1,10.90,18.17,true,1,
7290013146663,false,קונפטי  לקישוט 60 גרם מימונס*,א.ל ייצור ושיווק תבלינים בעמ,,,יח,6,ל 100 גרם,false,1,11.90,1.98,true,1,
7290013146670,false,לבבות לקישוט 60 גרם מימונס*,א.ל ייצור ושיווק תבלינים בעמ,,,יח,6,ל 100 גרם,false,1,11.90,1.98,true,1,
7290013146724,false,Irish Cream extract 50 grm - Maimon`s,א.ל ייצור ושיווק תבלינים בעמ,,,יח,3.50,ל 100 גרם,false,1,17.90,5.11,true,1,
7290013153418,false,סחוט לימונענע  1 ליטר,החברה המרכזית טלהפצת משקאות בע,,,יח,1,לליטר,false,1,17.90,17.90,true,1,
7290013268983,false,מרכך מקסימה  סופר מרוכז,החברה הדרומית לשיווק בעמ,,,יח,10,"ל 100 מ""ל",false,1,17.90,1.79,false,1,
7290013269300,false,ניילון  נצמד+ 150 מטר,החברה הדרומית לשיווק בעמ,,,יח,1,,false,1,20.90,20.90,false,1,
7290013269621,false,ריצפז פרש מלון בוטיק,החברה הדרומית לשיווק בעמ,,,יח,20,"ל 100 מ""ל",false,1,19.90,1,false,1,
7290013269652,false,נוזל רצפות פורצלן 2 ליטר,החברה הדרומית לשיווק בעמ,,,יח,2,לליטר,false,1,19.90,9.95,false,1,
7290013269669,false,ריצפז  פנטזיה  3 ל,החברה הדרומית לשיווק בעמ,,,יח,3,לליטר,false,1,12.90,4.30,false,1,
7290013269751,false,מטלית ריצפז פרש,החברה הדרומית לשיווק בעמ,,,יח,1,,false,1,11.90,11.90,false,1,
7290013284310,false,רוטב פסטה לילדים 240 ג    פריניר*,פריניר (הדס )1987בעמ,,,יח,2.40,ל 100 גרם,false,1,5.50,2.29,false,1,
7290013284662,false,רוטב פיצה פיתה 240ג  פריניר*,פריניר (הדס )1987בעמ,,,יח,2.40,ל 100 גרם,false,1,5.50,2.29,false,1,
7290013358806,false,מאגדת פרכיות אורז,ש.שסטוביץ בעמ,,,יח,2.64,ל 100 גרם,false,1,12,4.55,false,1,
7290013381330,false,אלף  מפיץ ריח  זוגות,נאמן לאורך זמן בעמ,,,יח,2,ל 100 גרם,false,1,17.90,8.95,false,1,
7290013381576,false,רוזטה תרכיז שקדים  1 ליטר,נאמן לאורך זמן בעמ,,,יח,10,"ל 100 מ""ל",false,1,19.90,1.99,false,1,
7290013525789,false,אריסה מרוקאית 150 גר`,סלטי שמיר 2006 בעמ,,,יח,1.50,ל 100 גרם,false,1,9.90,6.60,false,1,
7290013525819,false,שום כתוש 150 ג`,סלטי שמיר 2006 בעמ,,,יח,1.50,ל 100 גרם,false,1,9.90,6.60,false,1,
7290013579553,false,אלוורה     קפוא  250  גר`שייק,בלדי בעמ,,,יח,2.50,ל 100 גרם,false,1,9.90,3.96,true,1,
7290013585233,false,"ספרייט זירו  פחית סליק 330 מ""ל",החברה המרכזית להפצת משקאות בע,,,יח,3.30,"ל 100 מ""ל",false,1,4.90,1.39,true,1,
7290013585387,false,קולה  קולה 1 זירו   ליטר,החברה המרכזית להפצת משקאות בע,,,יח,10,"ל 100 מ""ל",false,1,7.50,0.72,true,1,
7290013608260,false,מיץ רימונים  סחוט 100%,שטראוס גרופ בעמ (ח),,,יח,1,"ל 100 מ""ל",false,1,21.90,21.90,false,1,
7290013675194,false,שניצל  אמיתי מללא גלוטן מאמא עוף,תנובה ענף ב.ע.ד,,,יח,7,ל 100 גרם,false,1,29.90,4.27,false,1,
7290013677648,false,שמן זית למאור 1ל  מיה,מיה תעשיות מזון מ.ת.מ בעמ,,,יח,10,"ל 100 מ""ל",false,1,15.90,1.59,false,1,
7290013702883,false,שוופס לימונייד  0.5  פינק,יפאורה שותפות מוגבלת לשיווק,,,יח,5,"ל 100 מ""ל",false,1,4.90,0.92,true,1,
7290013847492,false,"סאטרקיסט במים 140ג שישיות בד""ץ*",דיפלומט מפיצים #,,,יח,1.40,ל 100 גרם,false,1,29.90,21.36,false,1,
7290013848345,false,מגבוניםפ שלישיה 99.9%,החברה הדרומית לשיווק בעמ,,,יח,1,,false,1,19.90,19.90,false,1,
7290013848581,false,מגבת נייר גליל ענק,החברה הדרומית לשיווק בעמ,,,יח,1,,false,1,12.90,12.90,false,1,
7290013848758,false,ג`ל  כביסה  ביבי  3 ליטר,החברה הדרומית לשיווק בעמ,,,יח,3,לליטר,false,1,34.90,11.63,false,1,
7290013906694,false,"נקנקיות עוף 1.5 ק""ג ט. צבי",תנובה ענף ב.ע.ד,,,יח,15,ל 100 גרם,false,1,33.90,2.26,false,1,
7290013906700,false,"נקנקיות עוף 1.5 ק""ג מחפוד  ט. צבי",תנובה ענף ב.ע.ד,,,"לק""ג",15,ל 100 גרם,true,1,29.90,1.99,false,1,
7290013906922,false,נקקיות הודו חריפות  1 ק ג מחפוד,תנובה ענף ב.ע.ד,,,יח,1,"לק""ג",false,1,31.90,31.90,false,1,
7290013906991,false,סלמי  מהדרין  400 גר`,תנובה ענף ב.ע.ד,,,יח,4,ל 100 גרם,false,1,19.90,4.98,false,1,
7290013927996,false,עוגת קראנץ בטעם שוקולד  400ג אחוה*,אחדות בעמ,,,יח,4,ל 100 גרם,false,1,10.90,2.73,false,1,
7290014002197,false,חליטת גן קסום  לימונית  וקמומיל,תה ויסוצקי (ישראל)בעמ,,,יח,0.75,ל 100 גרם,false,1,17.90,23.87,false,1,
7290014002203,false,חליטת גן קסום  לימונית ולואיזה,תה ויסוצקי (ישראל)בעמ,,,יח,0.75,ל 100 גרם,false,1,17.90,23.87,false,1,
7290014002470,false,תה קלאסיק  75/1.5,תה ויסוצקי (ישראל)בעמ,,,יח,75,יח,false,1,13.90,0.19,false,1,
7290014002944,false,הגן הקסום  חליטת פירות וצמחים,תה ויסוצקי (ישראל)בעמ,,,יח,0.50,ל 100 גרם,false,1,17.90,35.80,false,1,
7290014002982,false,תה   ירוק  לימונית לואיזה,תה ויסוצקי (ישראל)בעמ,,,יח,0.50,ל 100 גרם,false,1,22.90,45.80,true,1,
7290014205000,false,disposable plastic 21cm round plate,בנדע אגשח בעמ,,,יח,50,יח,false,1,12.90,0.26,true,1,
7290014205017,false,"צלחת קטנה לבן  50 יח ""שווה"" *",אריזות מדף פלזית אגשח בעמ,,,יח,50,יח,false,1,8.90,0.18,true,1,
7290014205024,false,disposable plastic 165mm oval casserolle,בנדע אגשח בעמ,,,יח,25,יח,false,1,4.90,0.20,true,1,
7290014205031,false,"לפתניה לבן 25 יח ""שווה"" *",בנדע אגשח בעמ,,,יח,1,יח,false,1,3.90,3.90,true,1,
7290014205048,false,disposable plastic 17 cm soup plate 25,אריזות מדף פלזית אגשח בעמ,,,יח,25,יח,false,1,8.90,0.36,true,1,
7290014205055,false,disposable plastic 21cm deep plate 30,בנדע אגשח בעמ,,,יח,1,יח,false,1,12.90,12.90,true,1,
7290014205062,false,disposable plastic 180cc celar cup,אריזות מדף פלזית אגשח בעמ,,,יח,1,יח,false,1,7.90,7.90,true,1,
7290014205116,false,disposable plastic 180cc celar cup,סאם פלסטיק,,,יח,1,יח,false,25,13.90,13.90,false,1,
7290014205130,false,"צלחת גדול  צבעוני 25 יח ""שווה "" *",בנדע אגשח בעמ,,,יח,1,יח,false,1,10.90,10.90,true,1,
7290014205147,false,"צלחת קטן צבעוני 25 יח ""שווה""  *",בנדע אגשח בעמ,,,יח,1,יח,false,1,7.90,7.90,true,1,
7290014205154,false,disposable plastic 165mm oval casserolle,בנדע אגשח בעמ,,,יח,1,יח,false,1,5.90,5.90,true,1,
7290014205161,false,disposable plastic 12.5 cm compote plate,בנדע אגשח בעמ,,,יח,1,יח,false,1,4.90,4.90,true,1,
7290014205178,false,disposable plastic 17cm soup plate 25,בנדע אגשח בעמ,,,יח,1,יח,false,1,7.90,7.90,true,1,
7290014205185,false,"צלחת ענק   צבעוני 25 יח ""שווה ""  *",בנדע אגשח בעמ,,,יח,1,יח,false,1,16.90,16.90,true,1,
7290014205208,false,"סכינים  צבעוני""שווה"" *50   *",ווינפאק סחר בעמ,,,יח,1,יח,false,1,9.90,9.90,true,1,
7290014205215,false,"כפות  צבעוני""שווה"" *50   *",ווינפאק סחר בעמ,,,יח,1,יח,false,1,9.90,9.90,true,1,
7290014205413,false,מגש מחולק 4 תאים  שווה* שווה    *,ווינפאק סחר בעמ,,,יח,1,יח,false,1,6.90,6.90,false,1,
7290014205604,false,"פחם 2  ק""ג""שווה"" דרום אמריקאי משובח",י.ד יבוא קל בעמ,,,יח,2,"לק""ג",false,1,18.90,9.45,false,1,
7290014205642,false,נפנף למנגל  שווה  *,GG.M ENTERPRISE,,,יח,1,יח,false,1,4,4,false,1,
7290014205659,false,"לבבות דקל שלם 400ג  ""שווה"" *",I.A.E INDUSTRIA,,,יח,4,ל 100 גרם,false,24,9.90,2.48,true,1,
7290014205666,false,"לבבות דקל חתוך 400ג  ""שווה"" *",I.A.E INDUSTRIA,,,יח,4,ל 100 גרם,false,24,8.90,2.23,false,1,
7290014205697,false,אננס חתוך 565 גר` A2  שווה * (24 בקרטו,TAKERNG PINEAPPLE INDUSTRIAL,,,יח,6,ל 100 גרם,false,24,6.90,1.15,true,1,
7290014205796,false,"שקיות מזון זוג בקופסה 150*2 יח ""שווה""*",ווינפאק סחר בעמ,,,יח,2,יח,false,20,13.90,6.95,true,1,
7290014205826,false,שקיות  52/65 שרוך 50 יח` שווה*,ווינפאק סחר בעמ,,,יח,1,יח,false,1,12.90,12.90,true,1,
7290014205840,false,שקיות  52/65 שרוך 20 יח` שווה*,ווינפאק סחר בעמ,,,יח,1,יח,false,1,6.90,6.90,true,1,
7290014206267,false,מפיות מוטבעות 15יח  3 שכבות  שווה*,ווינפאק סחר בעמ,,,יח,15,יח,false,12,5.90,0.39,true,1,
7290014206311,false,"מרקיה  מהודרת  ""תפארת"" 10יח   שווה*",ווינפאק סחר בעמ,,,יח,10,למארז,false,12,13.90,1.39,true,1,
7290014206489,false,מפת שולחן אלבד מוטבעת שווה*,ווינפאק סחר בעמ,,,יח,1,יח,false,24,7.90,7.90,true,1,
7290014206496,false,גליל  מוטבע  אל בד  15 מטר   שווה*,ווינפאק סחר בעמ,,,יח,15,למטר,false,5,31.90,2.13,false,1,
7290014206502,false,"שקיות אוכל בשקית  200  יח""שווה"" *",ווינפאק סחר בעמ,,,יח,200,יח,false,1,3.50,0.02,false,1,
7290014206519,false,"שקיות הקפאה בשקית  200 יח ""שווה"" *",ווינפאק סחר בעמ,,,יח,200,יח,false,40,6.90,0.03,true,1,
7290014206526,false,שקיות מזון מרשרש 150יח *3+מדבקות  שווה,ווינפאק סחר בעמ,,,יח,450,יח,false,20,13.90,0.03,false,1,
7290014206533,false,מפת פלנל עם גומי הקפי  שווה *,ווינפאק סחר בעמ,,,יח,1,יח,false,1,15.90,15.90,true,1,
7290014206731,false,"קערית אובלית ""חושן"" 10 יח   שווה ZZ",ווינפאק סחר בעמ,,,יח,10,למארז,false,12,8.90,0.89,false,1,
7290014206748,false,"צלחת בינוני ""חושן"" 10 יח   שווה ZZ",ווינפאק סחר בעמ,,,יח,10,למארז,false,12,10.90,1.09,true,1,
7290014206779,false,"מרקיה  ""חושן"" 10 יח   שווה ZZ",ווינפאק סחר בעמ,,,יח,10,למארז,false,12,13.90,1.39,true,1,
7290014206885,false,אנשובי ארוך פח בשמן חמניות שווה*,רוברטו פוד בעמ,,,יח,0.46,,false,1,4.90,10.65,false,1,
7290014206892,false,אנשובי צנצנת 100 ג` שמן חמניות שווה*,רוברטו פוד בעמ,,,יח,1,ל 100 גרם,false,12,9.90,9.90,true,1,
7290014218505,false,"שלישית פיצות בחבק 3  יח`מעדנות 1.08 ק""",תנובה ענף ב.ע.ד,,,ל 100 גרם,10.80,ל 100 גרם,false,1,29.90,2.77,false,1,
7290014218932,false,חטיפי פיצה בתוספת זיתים 710 גרם מעדנות,תנובה ענף ב.ע.ד,,,יח,7.10,ל 100 גרם,false,1,27.90,3.93,false,1,
7290014256620,false,קריניאנו יין אדום,אגודת הכורמים בעמ,,,יח,7.50,"ל 100 מ""ל",false,1,27.90,3.68,true,1,
7290014256637,false,מוסקוטו  יאנג סלקטד,אגודת הכורמים בעמ,,,יח,7.50,"ל 100 מ""ל",false,1,27.90,3.68,true,1,
7290014258716,false,מטרנה צמחית,קבוצת אוסם סחר שותפות מוגבלת,,,יח,7,ל 100 גרם,false,1,49.90,7.13,false,1,
7290014258723,false,מטרנה צמחית  0-12 חודשים,קבוצת אוסם סחר שותפות מוגבלת,,,יח,7,ל 100 גרם,false,1,59.90,8.56,false,1,
7290014258730,false,מטרנה צמחית מגיל שנה,קבוצת אוסם סחר שותפות מוגבלת,,,יח,7,ל 100 גרם,false,1,59.90,8.56,false,1,
7290014258877,false,מטרנה מהדרין 700 גר ספיישל,קבוצת אוסם סחר שותפות מוגבלת,,,יח,7,ל 100 גרם,false,1,54.90,7.84,false,1,
7290014288058,false,tealight 50 pcs/bag,LITBRIGHT CANDLE CO LTD,,,יח,50,יח,false,1,8.90,0.18,true,1,
7290014288119,false,"ממרקות מתכת 4 יח  ""שווה"" *",HUBEI G YOUNG CO LTD,,,יח,1,למארז,false,1,4.90,4.90,false,1,
7290014288331,false,נודלס HOT CUP  טעם עוף 60ג   שווה*,רוברטו פוד בעמ,,,יח,1,יח,false,1,3.90,3.90,true,1,
7290014288355,false,נודלס HOT CUP  טעם בקר 60ג   שווה*,רוברטו פוד בעמ,,,יח,1,יח,false,1,3.90,3.90,true,1,
7290014288461,false,2day memorial candle,LITBRIGHT CANDLE CO LTD,,,יח,1,יח,false,1,1.90,1.90,true,1,
7290014288584,false,נייר אפיה 50 יחידות איכותי שווה*,אופל אריזות בעמ,,,יח,1,למארז,false,1,7.90,7.90,false,1,
7290014288614,false,"רדיד אלומ` כוכבים 30מטר 30 ס""מ שווה*",אופל אריזות בעמ,,,יח,1,יח,false,1,16.90,16.90,true,1,
7290014288621,false,רדיד אלומיניום כוכבים ארוך 30/45 שווה*,אופל אריזות בעמ,,,יח,1,יח,false,1,24.90,24.90,false,1,
7290014288676,false,מגש אובלי בינוני צבעוני 20 יח שווה 26*,בנדע אגשח בעמ,,,יח,20,יח,false,1,15.90,0.80,false,1,
7290014288683,false,disposable plastic 33mm big oval plate,סאם פלסטיק,,,יח,20,יח,false,1,17.90,0.90,false,1,
7290014288706,false,קערת סלט ענקית צבעוני  10 יח` שווה*,בנדע אגשח בעמ,,,יח,10,יח,false,1,9.90,0.99,true,1,
7290014288720,false,disposable plastic 180cc celar cup,ווינפאק סחר בעמ,,,יח,1,יח,false,1,7.90,7.90,false,1,
7290014288737,false,disposable plastic 285cc maroccan 40,סאם פלסטיק,,,יח,1,יח,false,1,11.90,11.90,true,1,
7290014288980,false,נייר טישו חמישיה (10 יח בקרטון) שווה*,ווינפאק סחר בעמ,,,יח,1,למארז,false,1,9.90,9.90,true,1,
7290014325043,false,"פודינג וניל 1 ק""ג",מיה תעשיות מזון מ.ת.מ בעמ,,,יח,10,ל 100 גרם,false,1,14.90,1.49,true,1,
7290014325050,false,קורנפלור  500 גר`    מיה ג.,מיה תעשיות מזון מ.ת.מ בעמ,,,יח,5,ל 100 גרם,false,1,5.90,1.18,true,1,
7290014356078,false,"פסטה פנה 500 ג""שדות"" * (20 בקר`)",האחים אגא (א.מ)שיווק בעמ,,,יח,5,ל 100 גרם,false,1,3.90,0.78,true,1,
7290014356085,false,"פסטה מסולסלת 500 ג""שדות"" (20 בקרטון)",האחים אגא (א.מ)שיווק בעמ,,,יח,5,ל 100 גרם,false,1,3.90,0.78,true,1,
7290014356535,false,"פסטה פרפרים 500 ג""שדות"" (20 בקרטון)",האחים אגא (א.מ)שיווק בעמ,,,יח,5,ל 100 גרם,false,1,3.90,0.78,true,1,
7290014397163,false,פרש אוטומטיק,החברה הדרומית לשיווק בעמ,,,יח,2.50,"ל 100 מ""ל",false,1,13.90,5.56,false,1,
7290014397514,false,פרש  הום  כותנה מלטפת,החברה הדרומית לשיווק בעמ,,,יח,3.50,ל 100 גרם,false,1,10.90,3.11,false,1,
7290014397675,false,מקסימה מרכך 4 ליטר כתום,החברה הדרומית לשיווק בעמ,,,יח,40,לליטר,false,1,21.90,0.55,false,1,
7290014397736,false,מקסימה מרכך 4 ליטר פריחה לבנה,החברה הדרומית לשיווק בעמ,,,יח,4,לליטר,false,1,21.90,5.48,false,1,
7290014397774,false,ריצפז פ. הום טבע  2 ליטר,החברה הדרומית לשיווק בעמ,,,יח,20,"ל 100 מ""ל",false,1,19.90,1,false,1,
7290014397873,false,מרכך כביסה סנו מקסימה..,החברה הדרומית לשיווק בעמ,,,יח,40,"ל 100 מ""ל",false,1,21.90,0.55,false,1,
7290014435810,false,הרינג כבוש  עם בצל  חמוץ מתוק,סלטי שמיר 2006 בעמ,,,יח,2,ל 100 גרם,false,1,18.90,9.45,false,1,
7290014435841,false,מטיאס הולנדי בשמן,סלטי שמיר 2006 בעמ,,,יח,2,ל 100 גרם,false,1,18.90,9.45,false,1,
7290014455252,false,גרנה פדנו מגורד 100 גרם גד.,מחלבות גד שיווק 1992 בעמ,,,יח,10,ל 100 גרם,false,1,10.90,1.09,false,1,
7290014459373,false,"צ`יפס  קראנצ`לתנור תפוגן 1.5 ק""ג",קבוצת אוסם סחר שותפות מוגבלת,,,יח,1.50,"לק""ג",false,1,23.90,15.93,false,1,
7290014459632,false,"תפוגן  צי פס  1.5 ק""ג",קבוצת אוסם סחר שותפות מוגבלת,,,יח,1.50,"לק""ג",false,1,15.90,10.60,false,1,
7290014466128,false,הר חרמון אינדיגו עברית 2019*,היכל היין שקד גולן בעמ,,,יח,7.50,"ל 100 מ""ל",false,1,31.90,4.21,true,1,
7290014466463,false,יין הר חרמון מוסקטו  *2018,היכל היין שקד גולן בעמ,,,יח,7.50,"ל 100 מ""ל",false,1,31.90,4.21,true,1,
7290014525665,false,על חלל עוגיות קקאו עם סוכריות ש. חלב,ש.שסטוביץ בעמ,,,יח,1.40,ל 100 גרם,false,1,8.90,6.36,false,1,
7290014600300,false,גלילית כיבודים אגוזים  100ג הגביע*,הגביע מוצרי וופלים בעמ,,,יח,1,ל 100 גרם,false,1,3.30,3.30,true,1,
7290014603028,false,שלגון  סולרו תות,"גלידת שטראוס בע""מ",,,יח,0.76,ל 100 גרם,false,1,6.90,9.08,true,1,
7290014673052,false,Basil -40 grm - Maimon Spices,א.ל ייצור ושיווק תבלינים בעמ,,,יח,1.20,ל 100 גרם,false,1,9.90,8.25,false,1,
7290014673106,false,Basil -40 grm - Maimon Spices,א.ל ייצור ושיווק תבלינים בעמ,,,יח,4,ל 100 גרם,false,1,22.90,5.73,false,1,
7290014674004,false,קריספ פירורי לחם שומשום  300 גר`,א.ל ייצור ושיווק תבלינים בעמ,,,יח,3,ל 100 גרם,false,1,7.90,2.63,true,1,
7290014749078,false,עוף טוב  מקלוני קבנוס 200 גר`,קבוצת אוסם סחר שותפות מוגבלת,,,יח,2,ל 100 גרם,false,1,18.90,9.45,false,1,
7290014749764,false,שניצל  עוף ביתי  עדין כזה ע.ט,קבוצת אוסם סחר שותפות מוגבלת,,,יח,7,ל 100 גרם,false,1,44.90,6.41,true,1,
7290014759084,false,נפולאון  מופחת שומן,תנובה -חלב,,,יח,2.25,ל 100 גרם,false,1,12.90,5.73,false,1,
7290014760134,false,מעדן סויה טעם וניל,תנובה -חלב,,,יח,1.25,לליטר,false,1,3.90,3.12,false,1,
7290014761018,false,גיל טעם וניל,תנובה -חלב,,,יח,1.25,"ל 100 מ""ל",false,1,1.40,1.12,false,1,
7290014761056,false,מעדן  YOLO  שוקולד חלב מעולה,תנובה -חלב,,,יח,1.23,ל 100 גרם,false,1,4.20,3.41,false,1,
7290014761070,false,מעדן  YOLO  שוקולד  לבן מעולה,תנובה -חלב,,,יח,1.23,ל 100 גרם,false,1,4.20,3.41,false,1,
7290014761193,false,פרילי  פירות יער,תנובה -חלב,,,יח,5,"ל 100 מ""ל",false,1,3.40,0.68,false,1,
7290014761254,false,מארז  ביו  שמניה,תנובה -חלב,,,יח,8,למארז,false,1,16.10,2.01,false,1,
7290014761414,false,מעדן  YOLO  שוקולד  שכבות שוקולד חלב ל,תנובה -חלב,,,יח,1.23,ל 100 גרם,false,1,4.20,3.41,false,1,
7290014761698,false,"גבינת עמק סמי מעדניה בד""צ 600 גרם",תנובה -חלב,,,ל 100 גרם,6,ל 100 גרם,false,1,31,5.17,false,1,
7290014762756,false,נפולאון 16%  בצל,תנובה -חלב,,,יח,2.25,ל 100 גרם,false,1,12.90,5.73,false,1,
7290014762831,false,נפולאון,תנובה -חלב,,,יח,2.25,ל 100 גרם,false,1,12.90,5.73,false,1,
7290014762909,false,פתיתי   מוצרלה   200,תנובה -חלב,,,יח,2,ל 100 גרם,false,1,15.90,7.95,false,1,
7290014763272,false,משקה סויה  ביו עם תות ובננה,תנובה -חלב,,,יח,2.50,ל 100 גרם,false,1,5.30,2.12,false,1,
7290014791091,false,שוופס לימונייד  0.5,יפאורה שותפות מוגבלת לשיווק,,,יח,5,"ל 100 מ""ל",false,1,4.90,0.92,true,1,
7290014791626,false,סודה שוופס  נענע ליים 250,יפאורה שותפות מוגבלת לשיווק,,,יח,2.50,"ל 100 מ""ל",false,1,3.60,1.32,true,1,
7290014791725,false,שוופס תפוחים  0.5,יפאורה שותפות מוגבלת לשיווק,,,יח,5,"ל 100 מ""ל",false,1,4.90,0.92,true,1,
7290014803961,false,ספוג  מסאג`+ חוט צבעוני,נאמן לאורך זמן בעמ,,,יח,1,,false,1,7.90,7.90,false,1,
7290014855434,false,מגבונים בייביסיטר רביעיה,שקד תבל בעמ,,,יח,1,,false,1,16.90,16.90,true,1,
7290014855458,false,בייביסטר  פרפורמנס 72 ללא בישום,שקד תבל בעמ,,,יח,1,,false,1,16.90,16.90,true,1,
7290014940901,false,פשוט מלא אנג`ל,שלמה א.אנג ל בעמ,,,יח,7.50,ל 100 גרם,false,1,15.90,2.12,false,1,
7290014974562,false,גביעי גלידה טילון 24 יח` גילרו*,א.ג גילרו בעמ,,,יח,24,יח,false,1,5.90,0.25,false,1,
7290015014427,false,אורגנו,"בכורי השדה צפון1994 ג.ד. בע""מ",,,יח,1,,false,1,5.90,5.90,false,1,
7290015037266,false,שביבי גזר 400גר     גר`א. הארץ,"בכורי השדה צפון1994 ג.ד. בע""מ",,,יח,3,ל 100 גרם,false,1,15.90,5.30,false,1,
7290015037396,false,נענע שקית   אוצר הארץ,"בכורי השדה צפון1994 ג.ד. בע""מ",,,יח,1,,false,1,7.90,7.90,false,1,
7290015037402,false,בצל ירוק   אוצר הארץ,"בכורי השדה צפון1994 ג.ד. בע""מ",,,יח,1,,false,1,8.90,8.90,false,1,
7290015037419,false,סלרי    אוצר הארץ,"בכורי השדה צפון1994 ג.ד. בע""מ",,,יח,1,,false,1,8.90,8.90,false,1,
7290015037426,false,עלי סלק   אוצר הארץ,"בכורי השדה צפון1994 ג.ד. בע""מ",,,יח,1,,false,1,8.90,8.90,false,1,
7290015037433,false,חסה ערבית  אוצר הארץ,"בכורי השדה צפון1994 ג.ד. בע""מ",,,יח,1,,false,1,8.90,8.90,false,1,
7290015037488,false,חסלט פטרוזיליה עדה חרדית,"בכורי השדה צפון1994 ג.ד. בע""מ",,,יח,1,,false,1,7.90,7.90,false,1,
7290015037655,false,כרובית   קפוא  חסלט,חיים פסקוביץ ובניו בעמ,,,יח,6,יח,false,1,29.90,4.98,false,1,
7290015037664,false,ברוקולי  קפוא  חסלט,חיים פסקוביץ ובניו בעמ,,,יח,6,יח,false,1,29.90,4.98,false,1,
7290015037693,false,לבבות  חסה חלסלאט אוצר הארץ,"בכורי השדה צפון1994 ג.ד. בע""מ",,,יח,1,,false,1,12.90,12.90,false,1,
7290015039246,false,טונה בשמן 160ג *4  ויליפוד,ג.וילי פוד בעמ,,,יח,6.40,ל 100 גרם,false,1,21.90,3.42,true,1,
7290015039338,false,טונה במים 160ג *4   ויליפוד*,ג.וילי פוד בעמ,,,יח,6.40,ל 100 גרם,false,1,21.90,3.42,false,1,
7290015139519,false,כרמית  מיקסים קוביות וופל,כרמית תעשיות ממתקים בעמ,,,יח,0.55,ל 100 גרם,false,1,3.90,7.09,true,1,
7290015150118,false,גרנד איטליה עגבניות חתוכות דק,תה ויסוצקי (ישראל)בעמ,,,יח,3,למארז,false,1,16.90,5.63,false,1,
7290015150361,false,תה  ירוק  נענע  סטיביה,תה ויסוצקי (ישראל)בעמ,,,יח,0.3750,ל 100 גרם,false,1,22.90,61.07,true,1,
7290015150903,false,תה ירוק  קינמון בדבש,תה ויסוצקי (ישראל)בעמ,,,יח,0.25,ל 100 גרם,false,1,22.90,91.60,true,1,
7290015155830,false,פאוץ` פרינוק תפוח בננה 120 גר`,גורי מוצרי צריכה 1991 בעמ,,,יח,1.30,ל 100 גרם,false,1,5.90,4.54,true,1,
7290015155847,false,פאוץ` פרינוק  סלט פירות  120 גר`,גורי מוצרי צריכה 1991 בעמ,,,יח,1.20,ל 100 גרם,false,1,5.90,4.92,true,1,
7290015156776,false,פאוץ פרינוק פירות טרופיים,גורי מוצרי צריכה 1991 בעמ,,,יח,0.12,ל 100 גרם,false,1,5.90,49.17,true,1,
7290015282598,false,חומוס  מסעדות   200 גר`,סלטי שמיר 2006 בעמ,,,יח,2,ל 100 גרם,false,1,9.90,4.95,true,1,
7290015282604,false,טחינה  מיוחדת  200   גר`,סלטי שמיר 2006 בעמ,,,יח,2,ל 100 גרם,false,1,9.90,4.95,true,1,
7290015282628,false,חציל טעם כבד  200    ר`,סלטי שמיר 2006 בעמ,,,יח,2,ל 100 גרם,false,1,9.90,4.95,true,1,
7290015282642,false,חומוס אבו גוש    200  גר`,סלטי שמיר 2006 בעמ,,,יח,2,ל 100 גרם,false,1,9.90,4.95,true,1,
7290015282673,false,חציל במיונז ביתי     200  גר`,סלטי שמיר 2006 בעמ,,,יח,2,ל 100 גרם,false,1,9.90,4.95,true,1,
7290015282697,false,כרוב  אדום   200  גר`,סלטי שמיר 2006 בעמ,,,יח,2,ל 100 גרם,false,1,9.90,4.95,true,1,
7290015282710,false,קוביות  סלק     200  גר`,סלטי שמיר 2006 בעמ,,,יח,2,ל 100 גרם,false,1,9.90,4.95,true,1,
7290015282727,false,גזר מרוקאי  ברוטב פינקנטי     200  גר`,סלטי שמיר 2006 בעמ,,,יח,2,ל 100 גרם,false,1,9.90,4.95,true,1,
7290015282734,false,מטבוחה  ביתית    200  גר`,סלטי שמיר 2006 בעמ,,,יח,2,ל 100 גרם,false,1,9.90,4.95,true,1,
7290015282741,false,חציל  תיאלנדי    200  גר`,סלטי שמיר 2006 בעמ,,,יח,2,ל 100 גרם,false,1,9.90,4.95,true,1,
7290015339933,false,ריבת  חלב  340 גר`  טעמן,טעמן שיווק מזון בעמ,,,יח,3.40,ל 100 גרם,false,1,13.90,4.09,false,1,
7290015347358,false,סודה לשתיה  50 גר`,מיה תעשיות מזון מ.ת.מ בעמ,,,יח,0.50,ל 100 גרם,false,1,2.20,4.40,false,1,
7290015347532,false,צ`יפס בטטה עם שמן זית ועשבי תיבול,מיה תעשיות מזון מ.ת.מ בעמ,,,יח,0.80,ל 100 גרם,false,1,7.90,9.88,true,1,
7290015347785,false,סוכיות  גלי  לבבות     125  גר`מיה,מיה תעשיות מזון מ.ת.מ בעמ,,,יח,1.25,ל 100 גרם,false,1,5.90,4.72,true,1,
7290015348423,false,מיץ ענבים  סגל משפחות 1 ליטר,טמפו משקאות בעמ,,,יח,1,לליטר,false,1,12.90,12.90,false,1,
7290015597326,false,אקסימו מאגדת קלי קלות,"גלידת שטראוס בע""מ",,,יח,1,,false,1,24.90,24.90,false,1,
7290015597937,false,קורנטו  קלאסיק,"גלידת שטראוס בע""מ",,,יח,1,,false,1,7.90,7.90,true,1,
7290015699730,false,סבון רצפות דמרסיי  1.5  ליטר,"יעקב יעקבי ובניו בע""מ",,,יח,1.50,לליטר,false,1,14.90,9.93,true,1,
7290015733120,false,מטרנה גולד שלב 1 700 גר`,קבוצת אוסם סחר שותפות מוגבלת,,,יח,7,ל 100 גרם,false,1,69.90,9.99,false,1,
7290015733205,false,מטרנה אקסטרא  קר מהדרין  שלב  1,קבוצת אוסם סחר שותפות מוגבלת,,,יח,7,ל 100 גרם,false,1,56.90,8.13,false,1,
7290015733229,false,מטרנה אקסטרא  קר מהדרין  שלב  2,קבוצת אוסם סחר שותפות מוגבלת,,,יח,7,ל 100 גרם,false,1,56.90,8.13,false,1,
7290015733427,false,מטרנה דייסת גם וגם וניל פרו,קבוצת אוסם סחר שותפות מוגבלת,,,יח,3,ל 100 גרם,false,1,20.90,6.97,false,1,
7290015733465,false,מטרנה דייסת גם וגם קרנפ פרו,קבוצת אוסם סחר שותפות מוגבלת,,,יח,3,ל 100 גרם,false,1,20.90,6.97,false,1,
7290015856812,false,ביסקוויט קרמבו וניל 200ג` הדר*,אפיפית נצרת תעשיות בסקויט,,,יח,2,ל 100 גרם,false,1,4.50,2.25,false,1,
7290015856829,false,ביסקוויט קרמבו שוקו 200ג` הדר*,אפיפית נצרת תעשיות בסקויט,,,יח,2,ל 100 גרם,false,1,4.50,2.25,false,1,
7290015856935,false,ביסקוויט אקסטרא חמאה 400 ג`הדר*,אפיפית נצרת תעשיות בסקויט,,,יח,5,ל 100 גרם,false,1,5.90,1.18,false,1,
7290015858106,false,פסטו ביתי  180 גר`,שטראוס גרופ בעמ (ח),,,יח,1.80,ל 100 גרם,false,1,15.90,8.83,false,1,
7290015951890,false,הר חרמון קברנה עברית  *2019,היכל היין שקד גולן בעמ,,,יח,7.50,"ל 100 מ""ל",false,1,31.90,4.21,true,1,
7290016006148,false,שוופס מוגז ענבים  0.5,יפאורה שותפות מוגבלת לשיווק,,,יח,5,"ל 100 מ""ל",false,1,4.90,0.92,true,1,
7290016006292,false,נקטר ספרינג  מנגו בננה מלון,יפאורה שותפות מוגבלת לשיווק,,,יח,10,"ל 100 מ""ל",false,1,7,0.70,true,1,
7290016087499,false,עגבניות מרוסקות חתוכות דק A1*3 פריניר,פריניר (הדס )1987בעמ,,,יח,1,,false,1,11.90,11.90,false,1,
7290016098181,false,ביסקוויט אותיות וניל 200ג הגביע,הגביע מוצרי וופלים בעמ,,,יח,2,ל 100 גרם,false,1,4.20,2.10,false,1,
7290016098297,false,מיני רוליקס שוקו 180ג הגביע,הגביע מוצרי וופלים בעמ,,,יח,2,ל 100 גרם,false,1,4.20,2.10,false,1,
7290016104271,false,ריבת חלב 340 ג`,לירון קרביץ יבוא שיווק וסחר,,,יח,3.40,ל 100 גרם,false,1,12.90,3.79,false,1,
7290016104417,false,ריבת תות 850ג`,לירון קרביץ יבוא שיווק וסחר,,,יח,8.50,ל 100 גרם,false,1,12.90,1.52,false,1,
7290016104875,false,סירופ בטעם שוקולד,לירון קרביץ יבוא שיווק וסחר,,,יח,7,ל 100 גרם,false,1,12.90,1.84,false,1,
7290016144000,false,קמח חיטה  80%,תה ויסוצקי (ישראל)בעמ,,,יח,10,ל 100 גרם,false,1,8.90,0.89,false,1,
7290016144017,false,קמח חיטה מלא 100%,תה ויסוצקי (ישראל)בעמ,,,יח,10,ל 100 גרם,false,1,8.90,0.89,false,1,
7290016144024,false,קמח  כוסמין מלא 100%,תה ויסוצקי (ישראל)בעמ,,,יח,10,ל 100 גרם,false,1,14.90,1.49,false,1,
7290016144031,false,קמח חיטה  לבן  מנופה,תה ויסוצקי (ישראל)בעמ,,,יח,10,ל 100 גרם,false,1,6.90,0.69,false,1,
7290016144048,false,קמח  כוסמין  לבן,תה ויסוצקי (ישראל)בעמ,,,יח,10,ל 100 גרם,false,1,16.90,1.69,false,1,
7290016144055,false,קמח  כוסמין 80%,תה ויסוצקי (ישראל)בעמ,,,יח,10,ל 100 גרם,false,1,14.90,1.49,false,1,
7290016144109,false,קמח  פיצה,תה ויסוצקי (ישראל)בעמ,,,יח,10,ל 100 גרם,false,1,15.90,1.59,false,1,
7290016197488,false,שלישית מטליות מיקרופייבר,קימברלי קלארק ישראל שיווק בעמ,,,יח,1,,false,1,10.90,10.90,false,1,
7290016197600,false,תחבושת דיפנד לנשים נורמל,קימברלי קלארק ישראל שיווק בעמ,,,יח,1,,false,1,18.90,18.90,false,1,
7290016197617,false,תחבושת דיפנד לנשים  אקסטרא,קימברלי קלארק ישראל שיווק בעמ,,,יח,1,,false,1,18.90,18.90,false,1,
7290016197624,false,תחבושת דיפנד לנשים סופר,קימברלי קלארק ישראל שיווק בעמ,,,יח,1,,false,1,18.90,18.90,false,1,
7290016197853,false,שקית אשפה פחים קטנים 50  יח` ניקול,קימברלי קלארק ישראל שיווק בעמ,,,יח,0,יח,false,1,17.90,17.90,false,1,
7290016197877,false,שקיות אשפה  לפח מטבח קטן,קימברלי קלארק ישראל שיווק בעמ,,,יח,1,,false,1,23.90,23.90,false,1,
7290016217759,false,חציל   מרוקאי      200  גר`,סלטי שמיר 2006 בעמ,,,יח,2,ל 100 גרם,false,1,9.90,4.95,true,1,
7290016246292,false,בארכה בקטנה חטיף חלבה וניל ולוז,קבוצת אוסם סחר שותפות מוגבלת,,,יח,1.20,ל 100 גרם,false,1,10.90,9.08,false,1,
7290016246452,false,טחינה  בארכה  גולמית לימון,קבוצת אוסם סחר שותפות מוגבלת,,,יח,0.31,ל 100 גרם,false,1,11.90,38.39,false,1,
7290016246711,false,טחינה  בארכה  גולמית מעודנת,קבוצת אוסם סחר שותפות מוגבלת,,,יח,0.31,ל 100 גרם,false,1,11.90,38.39,false,1,
7290016246773,false,טחינה  בארכה  גולמית  זעתר,קבוצת אוסם סחר שותפות מוגבלת,,,יח,0.31,ל 100 גרם,false,1,11.90,38.39,false,1,
7290016321661,false,פרש ואנס  רבעיה  4*64,"דנשר (1963) בע,מ",,,יח,4,למארז,false,1,15.90,3.98,true,1,
7290016321678,false,פרש ואנס  רבעיה   *64,"דנשר (1963) בע,מ",,,יח,4,למארז,false,1,15.90,3.98,true,1,
7290016321883,false,פרש וואנס  מגבוני  טולאט שלשיה לילדים,"דנשר (1963) בע,מ",,,יח,4,למארז,false,1,12.90,3.23,false,1,
7290016334784,false,ג`נג`ר ארוז,"בכורי השדה צפון1994 ג.ד. בע""מ",,,יח,1,,false,1,11.90,11.90,false,1,
7290016372342,false,עגבניות חתוכות לקוביות,תה ויסוצקי (ישראל)בעמ,,,יח,1.20,ל 100 גרם,false,1,16.90,14.08,false,1,
7290016372373,false,רסק עגבניות 135 גר` X2 יחידות,תה ויסוצקי (ישראל)בעמ,,,יח,2.70,ל 100 גרם,false,1,6.90,2.56,false,1,
7290016373035,false,ליצי שלם מקולף 567 גר`,טעמן שיווק מזון בעמ,,,יח,4.25,ל 100 גרם,false,1,9.90,2.33,false,1,
7290016373806,false,"לקקן בד""צ  טופי טעם פירות",טעמן שיווק מזון בעמ,,,יח,5,ל 100 גרם,false,1,17.90,3.58,false,1,
7290016400014,false,תבניות ארוז  (R2)90 עשיריה שווהZZ,אופל אריזות בעמ,,,יח,1,יח,false,1,10.90,10.90,true,1,
7290016400038,false,תבניות ארוז  (R99)210 חמישיה שווה*,אופל אריזות בעמ,,,יח,1,יח,false,1,10.90,10.90,true,1,
7290016400205,false,"צלחות  100 יח גדול צבעוני""שווה  "" *",ווינפאק סחר בעמ,,,יח,1,יח,false,12,34.90,34.90,true,1,
7290016400243,false,מפיות נייר מעוטרות 20   יח`  שווה*,ווינפאק סחר בעמ,,,יח,20,יח,false,12,5.90,0.30,true,1,
7290016400274,false,"שיפודים קצרים 20 ס""מ 70 יח`שווה*",חביב את פרנק בעמ (לוגיסטי ),,,יח,1,למארז,false,1,2.50,2.50,false,1,
7290016400304,false,"שיפודים ענקיים  40ס""מ 25 יח`שווה*",חביב את פרנק בעמ (לוגיסטי ),,,יח,1,למארז,false,1,6.50,6.50,false,1,
7290016400663,false,מלקחיים איכותיים לסלט  שווה*,צג`י פרפקט שירותי יבוא בעמ,,,יח,1,,false,1,5.30,5.30,false,1,
7290016400731,false,מנגל  פח+ רשת 23/38 שווה (12 בקרטון)*,ווינפאק סחר בעמ,,,יח,1,,false,1,29.90,29.90,false,1,
7290016401158,false,נודלס 200ג דקות שווה*,רוברטו פוד בעמ,,,יח,1,יח,false,1,4.90,4.90,true,1,
7290016401165,false,נודלס 200ג רחבות שווה*,רוברטו פוד בעמ,,,יח,1,יח,false,1,4.90,4.90,true,1,
7290016401172,false,נודלס 400ג דקות שווה*,רוברטו פוד בעמ,,,יח,1,יח,false,1,6.90,6.90,true,1,
7290016401196,false,"שמן קוקוס אורגני 500 מ""ל שווה*",רוברטו פוד בעמ,,,יח,5,"ל 100 מ""ל",false,1,32.90,6.58,false,1,
7290016401615,false,מקל עץ הברגה 1.5 שווה*,ווינפאק סחר בעמ,,,יח,1,יח,false,30,5.90,5.90,false,1,
7290016401790,false,disposable plastic 285cc maroccan 40,ווינפאק סחר בעמ,,,יח,10,יח,false,1,6.90,0.69,false,1,
7290016408980,false,מטבעות שוקולד  חלב זהב 36 גרם,כרמית תעשיות ממתקים בעמ,,,יח,0.36,ל 100 גרם,false,1,2.90,8.06,false,1,
7290016437416,false,תחתונים סופגים M,קימברלי קלארק ישראל שיווק בעמ,,,יח,1,,false,1,75.90,75.90,false,1,
7290016437423,false,תחתונים סופגים L,קימברלי קלארק ישראל שיווק בעמ,,,יח,1,,false,1,75.90,75.90,false,1,
7290016437430,false,תחתונים סופגים XL,קימברלי קלארק ישראל שיווק בעמ,,,יח,1,,false,1,75.90,75.90,false,1,
7290016437454,false,תחתונים סופגים גברים M,קימברלי קלארק ישראל שיווק בעמ,,,יח,1,,false,1,75.90,75.90,false,1,
7290016437461,false,תחתונים סופגים גברים L,קימברלי קלארק ישראל שיווק בעמ,,,יח,1,,false,1,75.90,75.90,false,1,
7290016437508,false,מולט  גליל כפול,קימברלי קלארק ישראל שיווק בעמ,,,יח,18.50,ל 100 גרם,false,1,45.90,2.48,false,1,
7290016437614,false,האגיס  פרידום דריי פטנס מידה 3,קימברלי קלארק ישראל שיווק בעמ,,,יח,1,,false,1,48.90,48.90,true,1,
7290016437621,false,האגיס  פרידום דריי פטנס מידה  4,קימברלי קלארק ישראל שיווק בעמ,,,יח,1,,false,1,48.90,48.90,true,1,
7290016437645,false,האגיס  פרידום דריי פטנס מידה 5,קימברלי קלארק ישראל שיווק בעמ,,,יח,1,,false,1,48.90,48.90,true,1,
7290016437652,false,האגיס  פרידום דריי פטנס מידה 6,קימברלי קלארק ישראל שיווק בעמ,,,יח,1,,false,1,48.90,48.90,true,1,
7290016437713,false,תחבושת קוטקססופר+קוואטרו,קימברלי קלארק ישראל שיווק בעמ,,,יח,1,,false,1,38.90,38.90,false,1,
7290016437720,false,תחבושת קוטקסנורמל+קוואטרו,קימברלי קלארק ישראל שיווק בעמ,,,יח,1,,false,1,38.90,38.90,false,1,
7290016437737,false,תחבושת קוטקס נייט קוואטרו,קימברלי קלארק ישראל שיווק בעמ,,,יח,1,,false,1,38.90,38.90,false,1,
7290016509304,false,סוד  סבון מוצק לבנדר,גורי שיווק בעמ,,,יח,1,"ל 100 ס""מ",false,1,7.90,7.90,true,1,
7290016509786,false,פרסיל ג`ל 2.5 ליטר ירוק,גורי שיווק בעמ,,,יח,0.25,"ל 100 מ""ל",false,1,34.90,139.60,true,1,
7290016617023,false,לבבות חסה,"בכורי השדה צפון1994 ג.ד. בע""מ",,,יח,1,,false,1,11.90,11.90,false,1,
7290016667042,false,קופסא  פסים זברה 20 יח`,נאמן לאורך זמן בעמ,,,יח,1,,false,1,9.90,9.90,false,1,
7290016667608,false,ביסקוויט סנדוויץ  וניל,נאמן לאורך זמן בעמ,,,יח,7.50,ל 100 גרם,false,1,14.90,1.99,false,1,
7290016682038,false,"מיץ  תפוזים 400 מ""ל פרי ניב",פריניב תנובה,,,יח,4,"ל 100 מ""ל",false,1,7.90,1.90,true,1,
7290016682052,false,"מיץ  לימונענע    400 מ""ל פרי ניב",פריניב תנובה,,,יח,4,"ל 100 מ""ל",false,1,7.90,1.90,true,1,
7290016682083,false,"מיץ  תות בננה   400 מ""ל פרי ניב",פריניב תנובה,,,יח,4,"ל 100 מ""ל",false,1,7.90,1.90,true,1,
7290016682168,false,סחוט תפוזים  ולנסיה 100%,פריניב תנובה,,,יח,4,ל 100 גרם,false,1,8.90,2.15,true,1,
7290016682182,false,שייק תמר בננה מופחת סוכר 1 ליטר,פריניב תנובה,,,יח,1,לליטר,false,1,16.60,16.60,true,1,
7290016682347,false,מיץ תפוזים ולנסיה   2 ליטר,פריניב תנובה,,,יח,2,לליטר,false,1,25.90,12.80,true,1,
7290016682359,false,מיץ תפוזים  שמוטי   2 ליטר,פריניב תנובה,,,יח,2,לליטר,false,1,25.90,12.80,true,1,
7290016717099,false,סלקטד יין אדום  חצי  יבש,אגודת הכורמים בעמ,,,יח,7.50,"ל 100 מ""ל",false,1,29.90,3.95,true,1,
7290016717754,false,ישן נושן כרמל,אגודת הכורמים בעמ,,,יח,7.50,"ל 100 מ""ל",false,1,18.90,2.48,false,1,
7290016849196,false,תבנית קרטון נטלי בודד,טכנו שק בעמ,,,יח,1,,false,1,1.20,1.20,false,1,
7290016849332,false,מארז 5  יח` מגש קרטון24מ,טכנו שק בעמ,,,יח,1,,false,1,23.90,23.90,false,1,
7290016866650,false,"פרדונטקס  אורגינל  75 מ""ל",גורי ע.ע.ע בעמ,,,יח,0.75,"ל 100 מ""ל",false,1,30.90,41.20,true,1,
7290016867053,false,לחם  קל כוסמין  בתוספת מחמצת,המאפה של דר מרק בריאות באפייה,,,יח,4.50,ל 100 גרם,false,1,18.90,4.20,false,1,
7290016867077,false,לחמניות  כוסמין מלא  בתוספת סיבים,המאפה של דר מרק בריאות באפייה,,,יח,3,ל 100 גרם,false,1,15.90,5.30,false,1,
7290016867084,false,לחמניות  כוסמין מלא  בתוספת סיבים,המאפה של דר מרק בריאות באפייה,,,יח,4.50,ל 100 גרם,false,1,18.90,4.20,false,1,
7290016867091,false,פיתות   כוסמין מלא  בתוספת סיבים,המאפה של דר מרק בריאות באפייה,,,יח,3,ל 100 גרם,false,1,15.90,5.30,false,1,
7290016867114,false,לחם  קל כוסמין,המאפה של דר מרק בריאות באפייה,,,יח,7,ל 100 גרם,false,1,17.90,2.56,false,1,
7290016867138,false,לחמניות  קלות  כוסמין  5 יח`,המאפה של דר מרק בריאות באפייה,,,יח,3.30,ל 100 גרם,false,1,11.90,3.61,false,1,
7290016867152,false,פיתות קלות כוסמין,המאפה של דר מרק בריאות באפייה,,,יח,2.92,ל 100 גרם,false,1,13.90,4.76,false,1,
7290016867176,false,לחמניות  קלות  כוסמין  שומשום,המאפה של דר מרק בריאות באפייה,,,יח,3,ל 100 גרם,false,1,13.90,4.63,false,1,
7290016967074,false,לחם אנג`ל חיטה מלאה.,שלמה א.אנג ל בעמ,,,יח,7.50,יח,false,1,17.90,2.39,false,1,
7290016967456,false,1לחם  צרפתי 100% כוסמין,שלמה א.אנג ל בעמ,,,יח,0,ל 100 גרם,false,1,18.90,18.90,false,1,
7290017023212,false,שוופס רבעיית  פרות מוגז תפוח,יפאורה שותפות מוגבלת לשיווק,,,יח,1.32,"ל 100 מ""ל",false,1,12.90,8.86,true,1,
7290017023236,false,שוופס רבעיית  פרות מוגז  ענב,יפאורה שותפות מוגבלת לשיווק,,,יח,1.32,"ל 100 מ""ל",false,1,12.90,8.86,true,1,
7290017023663,false,שוופס רבעיית   לימונייד,יפאורה שותפות מוגבלת לשיווק,,,יח,1.32,"ל 100 מ""ל",false,1,12.90,8.86,true,1,
7290017023861,false,"שוופס  סודה  לימון רבעית  RC 330 מ""ל",יפאורה שותפות מוגבלת לשיווק,,,יח,1.32,"ל 100 מ""ל",false,1,11.90,8.11,true,1,
7290017023878,false,"שוופס  סודה נענע  רבעית  RC 330 מ""ל",יפאורה שותפות מוגבלת לשיווק,,,יח,1.32,"ל 100 מ""ל",false,1,11.90,8.11,true,1,
7290017031705,false,"סנסודיין  הגנה מלאה 75 מ""ל",גורי ע.ע.ע בעמ,,,יח,0.75,ל 100 גרם,false,1,21.90,29.20,true,1,
7290017065007,false,מוצרלה פרוסה גד,מחלבות גד שיווק 1992 בעמ,,,יח,0.20,יח,false,1,16.90,84.50,false,1,
7290017065137,false,ריקוטה למריחה 5% טבעית,מחלבות גד שיווק 1992 בעמ,,,יח,2,ל 100 גרם,false,1,9.90,4.95,false,1,
7290017068244,false,תמר מג`הול 350 גר`,מיה תעשיות מזון מ.ת.מ בעמ,,,יח,3.50,ל 100 גרם,false,1,14.90,4.26,false,1,
7290017068367,false,שמרים בוואקום 125 גר`,מיה תעשיות מזון מ.ת.מ בעמ,,,יח,1.25,ל 100 גרם,false,1,4.90,3.92,false,1,
7290017068374,false,שמרים בוואקום 500 גר`,מיה תעשיות מזון מ.ת.מ בעמ,,,יח,5,ל 100 גרם,false,1,11.90,2.38,false,1,
7290017068848,false,סוכריות  קישוט לעוגה צבעוני,מיה תעשיות מזון מ.ת.מ בעמ,,,יח,2,ל 100 גרם,false,1,8.90,4.45,true,1,
7290017079776,false,מחית  פאוץ  סלט פירות,טעמן שיווק מזון בעמ,,,יח,1.20,ל 100 גרם,false,1,4.90,4.08,false,1,
7290017079783,false,"מחית  פאוץ  תפו""ע",טעמן שיווק מזון בעמ,,,יח,1.20,ל 100 גרם,false,1,4.90,4.08,false,1,
7290017079790,false,מחית  פאוץ  פירות מעורבים,טעמן שיווק מזון בעמ,,,יח,1.20,ל 100 גרם,false,1,4.90,4.08,false,1,
7290017088068,false,בייביסטר  סטנדרט מידה 4 42 יח`,שקד תבל בעמ,,,יח,1,,false,1,34.90,34.90,true,1,
7290017088075,false,בייביסטר  סטנדרט מידה  +4 40 יח`,שקד תבל בעמ,,,יח,1,,false,1,34.90,34.90,true,1,
7290017088082,false,בייביסטר  סטנדרט מידה  5 36 יח`,שקד תבל בעמ,,,יח,1,,false,1,34.90,34.90,true,1,
7290017088099,false,בייביסטר  סטנדרט מידה 6  34 יח`,שקד תבל בעמ,,,יח,1,,false,1,34.90,34.90,true,1,
7290017100395,false,כפפות לטקס PERFECT S עם  אבקה*,ווינפאק סחר בעמ,,,יח,100,יח,false,1,19.90,0.20,false,1,
7290017100401,false,כפפות לטקס PERFECT M עם  אבקה*,ווינפאק סחר בעמ,,,יח,100,יח,false,1,19.90,0.20,false,1,
7290017100418,false,כפפות לטקס PERFECT L עם אבקה  *,ווינפאק סחר בעמ,,,יח,100,יח,false,1,19.90,0.20,false,1,
7290017129495,false,אגו מיקס  כדורי תירס מצופים,כרמית תעשיות ממתקים בעמ,,,יח,0.55,ל 100 גרם,false,1,3.90,7.09,true,1,
7290017129501,false,אגו מיקס  כדורי תירס מצופים,כרמית תעשיות ממתקים בעמ,,,יח,0.55,ל 100 גרם,false,1,3.90,7.09,true,1,
7290017129518,false,אגו מיקס  כדורי תירס מצופים,כרמית תעשיות ממתקים בעמ,,,יח,0.55,ל 100 גרם,false,1,3.90,7.09,true,1,
7290017129532,false,לקקן  כרמית תות  90 גר`,כרמית תעשיות ממתקים בעמ,,,יח,0.90,ל 100 גרם,false,1,5.90,6.56,true,1,
7290017129754,false,"אגו שוקולד פרימיום 70% בד""צ",כרמית תעשיות ממתקים בעמ,,,יח,1,ל 100 גרם,false,1,7.90,7.90,false,1,
7290017129884,false,"חמישית שוקולד מריר 60% בד|""צ",כרמית תעשיות ממתקים בעמ,,,יח,0.4250,ל 100 גרם,false,1,15.90,37.41,true,1,
7290017129983,false,שוקו צ`יפס לבן פרווה 250 גר`,כרמית תעשיות ממתקים בעמ,,,יח,0.25,ל 100 גרם,false,1,10.90,43.60,false,1,
7290017142203,false,פילה טונה בשמן זית מעושן עץ הזית*,סוגת תעשיות בעמ,,,ל 100 גרם,1.20,ל 100 גרם,false,1,14.90,12.42,true,1,
7290017266046,false,וופל קראנץ 30 יח בשקית  גילרו*,א.ג גילרו בעמ,,,יח,30,יח,false,1,12.90,0.43,false,1,
7290017266312,false,ופל AIR שוקו 150 גרם גילרו*,א.ג גילרו בעמ,,,יח,1.50,ל 100 גרם,false,1,2.90,1.93,true,1,
7290017266343,false,ופל בטעם שוקו 150 גרם גילרו*,א.ג גילרו בעמ,,,יח,1.50,ל 100 גרם,false,1,2.90,1.93,true,1,
7290017275147,false,עוגת שמרים אישית בטעם קינמון 120ג`*,אחדות בעמ,,,יח,1.20,ל 100 גרם,false,1,2.50,2.08,false,1,
7290017275154,false,עוגת שמרים אישית בטעם שוקולד 120ג`*,אחדות בעמ,,,יח,1,,false,1,2.50,2.50,false,1,
7290017275413,false,מיני קצפיות בטעם וניל 140 ג` אחוה*,אחדות בעמ,,,יח,4,ל 100 גרם,false,1,8.90,2.23,false,1,
7290017275420,false,מיני קצפיות בטעם תות 140 ג` אחוה*,אחדות בעמ,,,יח,4,ל 100 גרם,false,1,8.90,2.23,false,1,
7290017297187,false,לקט  ירקות  להקפצה 800 גר`,ויטה-פרי גליל (החדשה) בעמ,,,יח,8,ל 100 גרם,false,1,15.90,1.99,false,1,
7290017297224,false,שעועית אדומה   800 גר`,ויטה-פרי גליל (החדשה) בעמ,,,יח,8,ל 100 גרם,false,1,11.90,1.49,false,1,
7290017297644,false,Broccoli 800 expired - Pry Galilee,ויטה-פרי גליל (החדשה) בעמ,,,יח,8,ל 100 גרם,false,1,13.90,1.74,false,1,
7290017304885,false,אנג`ל שיפון וחיטה מלאה,שלמה א.אנג ל בעמ,,,יח,5,ל 100 גרם,false,1,17.90,3.58,false,1,
7290017440286,false,"מרכך  קידס 750 מ""ל","פישר  תעשיות פרמצביטות בע""מ",,,יח,7.50,"ל 100 מ""ל",false,1,16.90,2.25,false,1,
7290017457703,false,"סוד מרכך מרוכז זהב   900 מ""ל",גורי שיווק בעמ,,,יח,9,"ל 100 מ""ל",false,1,11.90,1.32,false,1,
7290017457727,false,"סוד מרכך מרוכז כחול 900 מ""ל",גורי שיווק בעמ,,,יח,9,"ל 100 מ""ל",false,1,11.90,1.32,false,1,
7290017504001,false,פטריות  שמפניון ארוז,"בכורי השדה צפון1994 ג.ד. בע""מ",,,יח,1,,false,1,10.90,10.90,false,1,
7290017504018,false,פטריות  זוגות,"בכורי השדה צפון1994 ג.ד. בע""מ",,,יח,1,,false,1,18.90,18.90,false,1,
7290017504032,false,פטריות  מדבר הפטריות,"בכורי השדה צפון1994 ג.ד. בע""מ",,,יח,1,,false,1,18.90,18.90,false,1,
7290017589565,false,קלאסיק קוורץ,טמפו משקאות בעמ,,,יח,7.50,"ל 100 מ""ל",false,1,32.90,4.35,true,1,
7290017599229,false,סוכרלוז פטנט 200 טבליות,שטראוס גרופ בעמ,,,יח,0.3650,ל 100 גרם,false,1,21.90,60,false,1,
7290017599236,false,סטוויה  פטנט 200,שטראוס גרופ בעמ,,,יח,0.3650,ל 100 גרם,false,1,23.90,65.48,false,1,
7290017641379,false,"חמישית שוקולד  חלב  בד""צ",כרמית תעשיות ממתקים בעמ,,,יח,0.4250,ל 100 גרם,false,1,15.90,37.41,true,1,
7290017641737,false,אגו  שוקולד 70% שברי אגוז,כרמית תעשיות ממתקים בעמ,,,יח,1,ל 100 גרם,false,1,7.90,7.90,false,1,
7290017641744,false,"איגלו  סטיקס 800 מ""ל ללא חומר משמר",כרמית תעשיות ממתקים בעמ,,,יח,8,"ל 100 מ""ל",false,1,5.90,0.74,false,1,
7290017724218,false,מעדן תמר    ללא סוכר   אקלר,הלל בן הלל שיווק וסחר בעמ,,,יח,2,יח,false,1,23.90,11.95,false,1,
7290017724256,false,שומשומית   ללא סוכר   אקלר,הלל בן הלל שיווק וסחר בעמ,,,יח,2,יח,false,1,23.90,11.95,false,1,
7290017812052,false,אקסלנס שיראז קברנה סובניון,אגודת הכורמים בעמ,,,יח,7.50,"ל 100 מ""ל",false,1,25.90,3.41,true,1,
7290017812571,false,תירוש כרמל 1 ליטר ק,אגודת הכורמים בעמ,,,יח,10,"ל 100 מ""ל",false,1,19.80,1.95,false,1,
7290017812588,false,תירוש לבן ליטר,אגודת הכורמים בעמ,,,יח,10,"ל 100 מ""ל",false,1,19.80,1.95,false,1,
7290017812618,false,תירוש  רוזה כרמל 1 ליטר ק,אגודת הכורמים בעמ,,,יח,10,"ל 100 מ""ל",false,1,19.80,1.95,false,1,
7290017812663,false,תירוש מבעבע  לבן,אגודת הכורמים בעמ,,,יח,7.50,"ל 100 מ""ל",false,1,19.90,2.61,false,1,
7290017812830,false,קברנה סובניון P.C,אגודת הכורמים בעמ,,,יח,7.50,"ל 100 מ""ל",false,1,39.90,5.28,true,1,
7290017812861,false,יין לבן  וינו,אגודת הכורמים בעמ,,,יח,7.50,"ל 100 מ""ל",false,1,19.90,2.61,false,1,
7290017812977,false,BUZZ אננס,אגודת הכורמים בעמ,,,יח,7.50,"ל 100 מ""ל",false,1,27.90,3.68,true,1,
7290017841267,false,"צלחת קטן 1 ק""ג (132  יח`) שווה*",ווינפאק סחר בעמ,,,יח,1,יח,false,12,34.90,34.90,true,1,
7290017841625,false,מטליות מיקרופיבר אנטיבקטריאלי לרצפה *2,HUBEI G YOUNG CO LTD,,,יח,2,יח,false,1,15.90,7.95,true,1,
7290017841632,false,מטליות מיקרופיבר אנטיבקטריאלי כללי 10*,HUBEI G YOUNG CO LTD,,,יח,10,למארז,false,1,16.90,1.69,true,1,
7290017841649,false,מארז חג מטליות מיקרופייבר שווה *,HUBEI G YOUNG CO LTD,,,יח,13,למארז,false,1,19.90,1.53,true,1,
7290017841670,false,ספוג  הפלא* 6 איכותי שווה* (24 בקר`).,גראנד אנגל בעמ,,,יח,1,למארז,false,1,8.90,8.90,false,1,
7290017841687,false,ספוג הפלא בלוק איכותי שווה* (24 בקר`),גראנד אנגל בעמ,,,יח,1,למארז,false,1,4.90,4.90,false,1,
7290017841731,false,מטליות מיקרופייבר גדולות במיוחד *2 שוו,HUBEI G YOUNG CO LTD,,,יח,2,יח,false,1,15.90,7.95,false,1,
7290017841885,false,דלי מגבונים ניקוי כללי 400 יח  שווה*,דינמיק תעשיות מגבונים בעמ,,,יח,400,יח,false,1,18.90,0.05,false,1,
7290017842127,false,"ניירות  סנדויץ` מאוירים  ""שווה"" 100 יח",ווינפאק סחר בעמ,,,יח,100,יח,false,1,8.90,0.09,false,1,
7290017842424,false,סילאן 100% טבעי 700 גר` צנצנת שווה*,AL BARAKAH DATES,,,יח,7,ל 100 גרם,false,1,16.90,2.41,true,1,
7290017842431,false,סילאן לחיץ 100% טבעי 470גר` שווה*,AL BARAKAH DATES,,,יח,4.70,ל 100 גרם,false,1,13.90,2.96,true,1,
7290017842493,false,"תירס גמדי 425 גרם ""שווה"" *",THE PEACE CANNING (1958) CO,,,יח,4.25,ל 100 גרם,false,1,7.90,1.86,true,1,
7290017842516,false,"שקיות אוכל זיפר קטנות 30  יח`""שווה"" *",ווינפאק סחר בעמ,,,יח,200,יח,false,1,6.90,0.03,false,1,
7290017842523,false,שקיות רב שימושיות זיפר גדולות 20 יח שו,ווינפאק סחר בעמ,,,יח,200,יח,false,1,8.90,0.04,false,1,
7290017842547,false,"שקיות רב שימושיות ריץ`רץ 12  יח`""שווה""",ווינפאק סחר בעמ,,,יח,200,יח,false,1,8.90,0.04,false,1,
7290017842578,false,"חמאת בוטנים בד""צ 510  טבעית ""שווה""",NIZA S.A AGRENTINA,,,יח,5.10,ל 100 גרם,false,1,9.90,1.94,true,1,
7290017845029,false,פטריות  צמד  משפחתי(מוגו),"בכורי השדה צפון1994 ג.ד. בע""מ",,,יח,1,,false,1,18.90,18.90,false,1,
7290017845203,false,פטריות שמפיניון מוגו,"בכורי השדה צפון1994 ג.ד. בע""מ",,,יח,1,,false,1,11.90,11.90,false,1,
7290017873367,false,קרם ידיים  פנג`ל  ויטליטי לכל סוגי העו,"דנשר (1963) בע,מ",,,יח,1,ל 100 גרם,false,1,11.90,11.90,false,1,
7290017873398,false,תחליב גוף פנג`ל  ויטליטי לכל סוגי העור,"דנשר (1963) בע,מ",,,יח,4,ל 100 גרם,false,1,24.90,6.23,false,1,
7290017873411,false,קרם גוף פנג`ל  ויטליטי לכל סוגי העו,"דנשר (1963) בע,מ",,,יח,2,ל 100 גרם,false,1,28.90,14.45,false,1,
7290017888026,false,"פרוט  תפוח אננס גזר 350  מ""ל",יפאורה שותפות מוגבלת לשיווק,,,יח,3.50,יח,false,1,6.90,1.89,false,1,
7290017888095,false,רבעיית שוופס רבעיות מוגז פירות יער,יפאורה שותפות מוגבלת לשיווק,,,יח,1.32,"ל 100 מ""ל",false,1,12.90,8.86,true,1,
7290017888101,false,רבעיית שוופס רבעיות מוגז אפרס`,יפאורה שותפות מוגבלת לשיווק,,,יח,1.32,"ל 100 מ""ל",false,1,12.90,8.86,true,1,
7290017888644,false,"פרוט  אננס בננה כורכום  350  מ""ל",יפאורה שותפות מוגבלת לשיווק,,,יח,3.50,יח,false,1,6.90,1.89,false,1,
7290017888972,false,מי עדן  1 ליטר  ספורט בודד,יפאורה שותפות מוגבלת לשיווק,,,יח,1,"ל 100 מ""ל",false,1,3.80,3.80,false,1,
7290017928036,false,מאיר בייגל  מקלות  שומשוםגריסיני  בייט,"דנשר (1963) בע,מ",,,יח,1.75,ל 100 גרם,false,1,11.90,6.80,true,1,
7290017928098,false,מאיר בייגל שטוחלה מלח 400 גר`,"דנשר (1963) בע,מ",,,יח,4,ל 100 גרם,false,1,10.90,2.73,true,1,
7290017928128,false,מאיר בייגל  מקלות מלח 400 גר,"דנשר (1963) בע,מ",,,יח,3.30,ל 100 גרם,false,1,10.90,3.30,true,1,
7290017928227,false,מאיר בייגל שטוחלה  פינוקים  300 גר`,"דנשר (1963) בע,מ",,,יח,3,ל 100 גרם,false,1,10.90,3.63,true,1,
7290017928463,false,סמאש שבורים בטעם דבש וחרדל,"דנשר (1963) בע,מ",,,יח,3,ל 100 גרם,false,1,9.90,3.30,false,1,
7290017928524,false,בייגלה שטוח ניגונים מלח 330,"דנשר (1963) בע,מ",,,יח,3.30,ל 100 גרם,false,1,10.90,3.30,true,1,
7290017928616,false,מאיר בייגל שטוחלה שומשום  300 גר`,"דנשר (1963) בע,מ",,,יח,3,ל 100 גרם,false,1,10.90,3.63,true,1,
7290017928685,false,מאיר בייגל שמניות מלח 400 גר`,"דנשר (1963) בע,מ",,,יח,4,ל 100 גרם,false,1,10.90,2.73,true,1,
7290017928722,false,בייגלה שטוח ניגונים שומשום  330,"דנשר (1963) בע,מ",,,יח,3.30,ל 100 גרם,false,1,10.90,3.30,true,1,
7290017928807,false,מאיר בייגל אצבעות שומשום,"דנשר (1963) בע,מ",,,יח,3,ל 100 גרם,false,1,10.90,3.63,true,1,
7290017928821,false,מאיר בייגל  מקלות גריסיני  בייטס,"דנשר (1963) בע,מ",,,יח,1.75,ל 100 גרם,false,1,11.90,6.80,true,1,
7290017947105,false,לחם אנג`ל בסגנון אמריקה,שלמה א.אנג ל בעמ,,,יח,7.50,יח,false,1,15.90,2.12,false,1,
7290017947464,false,פיתות  כוסמין אנג`ל שמנייה,שלמה א.אנג ל בעמ,,,יח,4,ל 100 גרם,false,1,16.90,4.23,true,1,
7290017947495,false,לחמניות   כוסמין שישיה  אנג`ל,שלמה א.אנג ל בעמ,,,יח,4.50,ל 100 גרם,false,1,16.90,3.76,false,1,
7290017947891,false,לחם אנג`ל חיטה מלאה וכוסמין,שלמה א.אנג ל בעמ,,,יח,7.50,ל 100 גרם,false,1,17.90,2.39,false,1,
7290017947921,false,6 לחמניות  המבורגר אנגל.,שלמה א.אנג ל בעמ,,,יח,4.50,ל 100 גרם,false,1,15.90,3.53,false,1,
7290017947938,false,לחמניות אמריקה מיני המבורגר 8 אנג`ל,שלמה א.אנג ל בעמ,,,יח,4,ל 100 גרם,false,1,15.90,3.98,false,1,
7290018091029,false,מקלות פילו  תפוחי אדמה,תנובה ענף ב.ע.ד,,,ל 100 גרם,4.50,ל 100 גרם,false,1,17.90,3.98,false,1,
7290018091081,false,מאפה פילו תרד וגבינות  320 גר`,תנובה ענף ב.ע.ד,,,יח,3.20,ל 100 גרם,false,1,18.90,5.91,false,1,
7290018096833,false,דיסני  מיקי מאוס,טוייז מרקט בעמ,,,יח,1,,false,1,10,10,false,1,
7290018132340,false,"מטרנה גולד בד""צ  שלב 1 700 גר`",קבוצת אוסם סחר שותפות מוגבלת,,,יח,7,ל 100 גרם,false,1,69.90,9.99,false,1,
7290018132425,false,"מטרנה גולד בד""ץ שלב 3",קבוצת אוסם סחר שותפות מוגבלת,,,יח,7,ל 100 גרם,false,1,69.90,9.99,false,1,
7290018132463,false,"מטרנה טו-גו בד""צ  שלב 1",קבוצת אוסם סחר שותפות מוגבלת,,,יח,1.35,ל 100 גרם,false,1,15.90,11.78,false,1,
7290018132487,false,"מטרנה טו-ג בד""צ  שלב 2",קבוצת אוסם סחר שותפות מוגבלת,,,יח,1.35,ל 100 גרם,false,1,15.90,11.78,false,1,
7290018132548,false,מטרנה גולד שלב 1 400 גר`,קבוצת אוסם סחר שותפות מוגבלת,,,יח,7,ל 100 גרם,false,1,51.90,7.41,false,1,
7290018165447,false,יין רזברד גולד  מרלו,טמפו משקאות בעמ,,,יח,7.50,"ל 100 מ""ל",false,1,39.90,5.28,false,1,
7290018195321,false,חמשית שוקולד זהב מריר  מעולה,טעמן שיווק מזון בעמ,,,יח,5,ל 100 גרם,false,1,25.90,5.18,false,1,
7290018198254,false,תפוגן קריספי  צ`יפס קלאסי 1.25,קבוצת אוסם סחר שותפות מוגבלת,,,יח,1.25,ל 100 גרם,false,1,25.90,20.72,false,1,
7290018198384,false,ציפס  קריספי פרוסות 1.25,קבוצת אוסם סחר שותפות מוגבלת,,,יח,1.25,"לק""ג",false,1,23.90,19.12,false,1,
7290018237908,false,נקנקיות עסיסיות למנגל  400 גר,קבוצת אוסם סחר שותפות מוגבלת,,,יח,4,ל 100 גרם,false,1,16.90,4.23,true,1,
7290018237939,false,שניצלונים  ציפוי שניצל שומשם,קבוצת אוסם סחר שותפות מוגבלת,,,יח,7,ל 100 גרם,false,1,13.90,1.99,false,1,
7290018294208,false,סלקטד אדום ישראלי,אגודת הכורמים בעמ,,,יח,7.50,"ל 100 מ""ל",false,1,29.90,3.95,true,1,
7290018294352,false,ארק   כרמל,אגודת הכורמים בעמ,,,יח,7,"ל 100 מ""ל",false,1,54.90,7.80,true,1,
7290018348109,false,Sugar 1 kg - Sugat,ג.ח.נ סחר מזון (2010) בעמ,,,יח,10,ל 100 גרם,false,1,3.90,0.39,false,1,
7290018440254,false,תה   צ`אי   קרמל מלוח,תה ויסוצקי (ישראל)בעמ,,,יח,0.50,ל 100 גרם,false,1,20.90,41.80,true,1,
7290018443040,false,נבטים סינים,"בכורי השדה צפון1994 ג.ד. בע""מ",,,יח,1,,false,1,5.90,5.90,false,1,
7290018443347,false,שמיר ברכת קטיף יבול נוכרי,"בכורי השדה צפון1994 ג.ד. בע""מ",,,יח,1,,false,1,6.90,6.90,false,1,
7290018443354,false,נענע ברכת קטיף יבול נוכרי,"בכורי השדה צפון1994 ג.ד. בע""מ",,,יח,1,,false,1,6.90,6.90,false,1,
7290018443361,false,סלרי עלים ברכת קטיף יבול נוכרי,"בכורי השדה צפון1994 ג.ד. בע""מ",,,יח,1,,false,1,7.90,7.90,false,1,
7290018443408,false,כרוב לבן ברכת קטיף יבול נוכרי,"בכורי השדה צפון1994 ג.ד. בע""מ",,,"לק""ג",1,,true,1,18.90,18.90,false,1,
7290018443590,false,שמיר   ארוז רגיל,"בכורי השדה צפון1994 ג.ד. בע""מ",,,יח,1,,false,1,4.90,4.90,false,1,
7290018443606,false,נענע   ארוז,"בכורי השדה צפון1994 ג.ד. בע""מ",,,יח,1,,false,1,4.90,4.90,false,1,
7290018443620,false,סלרי עלים   ארוז רגיל,"בכורי השדה צפון1994 ג.ד. בע""מ",,,יח,1,,false,1,6.90,6.90,false,1,
7290018443705,false,לבבות קיסר ברכת קטיף שמיטה,"בכורי השדה צפון1994 ג.ד. בע""מ",,,יח,1,,false,1,7.90,7.90,false,1,
7290018471210,false,נקטר ספרינג אגס סברס  תפוח 1 ליטר,יפאורה שותפות מוגבלת לשיווק,,,יח,10,"ל 100 מ""ל",false,1,7,0.70,true,1,
7290018471470,false,תפוזינה נקטר  תפוז פסיפלורה  1 ליטר,יפאורה שותפות מוגבלת לשיווק,,,יח,1,לליטר,false,1,7,7,true,1,
7290018471487,false,תפוזינה נקטר  תפוז אננס 1 ליטר,יפאורה שותפות מוגבלת לשיווק,,,יח,1,לליטר,false,1,7,7,true,1,
7290018471494,false,תפוזינה נקטר  תפוז גזר  1 ליטר,יפאורה שותפות מוגבלת לשיווק,,,יח,1,לליטר,false,1,7,7,true,1,
7290018471906,false,שוופס מוגז  לימונדה  ורודה  1.5,יפאורה שותפות מוגבלת לשיווק,,,יח,15,"ל 100 מ""ל",false,1,8.90,0.57,true,1,
7290018471913,false,שוופס  פרוטי  תפוחים  1.5,יפאורה שותפות מוגבלת לשיווק,,,יח,15,"ל 100 מ""ל",false,1,8.90,0.57,true,1,
7290018471920,false,שוופס  מוגז פירות ענבים   1.5,יפאורה שותפות מוגבלת לשיווק,,,יח,15,"ל 100 מ""ל",false,1,8.90,0.57,true,1,
7290018471937,false,שוופס  מוגז פירות  תות ליים    1.5,יפאורה שותפות מוגבלת לשיווק,,,יח,15,"ל 100 מ""ל",false,1,8.90,0.57,true,1,
7290018471944,false,שוופס  מוגז פירות  למונייד  1.5,יפאורה שותפות מוגבלת לשיווק,,,יח,15,"ל 100 מ""ל",false,1,8.90,0.57,true,1,
7290018471951,false,שוופס  מוגז פירות  אשכולית אדומה   1.5,יפאורה שותפות מוגבלת לשיווק,,,יח,15,"ל 100 מ""ל",false,1,8.90,0.57,true,1,
7290018500361,false,אחיד פרוס 900גרם,שלמה א.אנג ל בעמ,,,יח,9,ל 100 גרם,false,1,8.50,0.94,false,1,
7290018500385,false,חלה  אנג`ל 650 גרם,שלמה א.אנג ל בעמ,,,יח,6.50,ל 100 גרם,false,1,6.70,1.03,false,1,
7290018500392,false,חלה  אנג`ל קלועה 650 גרם,שלמה א.אנג ל בעמ,,,יח,6.50,ל 100 גרם,false,1,6.70,1.03,false,1,
7290018517536,false,עוגיות  קרם סדנדוויץ צילנדר,נאמן לאורך זמן בעמ,,,יח,1.50,ל 100 גרם,false,1,4.50,3,false,1,
7290018517772,false,אריסה  טונסאית חריפה 350 גר`,נאמן לאורך זמן בעמ,,,יח,3.50,ל 100 גרם,false,1,24.90,7.11,false,1,
7290018571231,false,עדשי שוקולד  לאפיה 400 גר`,מיה תעשיות מזון מ.ת.מ בעמ,,,יח,4,ל 100 גרם,false,1,17.90,4.48,false,1,
7290018571408,false,לקקנים מולטיקלור  תותי פרוטי 220 גר`,מיה תעשיות מזון מ.ת.מ בעמ,,,יח,2.20,ל 100 גרם,false,1,9.90,4.50,true,1,
7290018571422,false,לקקנים מולטיקלור מיקס 65 יח`,מיה תעשיות מזון מ.ת.מ בעמ,,,יח,1,ל 100 גרם,false,1,22.90,22.90,true,1,
7290018571644,false,סוכריות  קוסמטיקה מבוגרים,מיה תעשיות מזון מ.ת.מ בעמ,,,יח,2.10,ל 100 גרם,false,1,39.90,19,false,1,
7290018571705,false,"אורז  יסמין  1 ק""ג    מיה",מיה תעשיות מזון מ.ת.מ בעמ,,,יח,10,ל 100 גרם,false,1,10.90,1.09,true,1,
7290018571712,false,"אורז  פרסי 1 ק""ג      מיה",מיה תעשיות מזון מ.ת.מ בעמ,,,יח,10,ל 100 גרם,false,1,9.90,0.99,true,1,
7290018571736,false,"אורז  בסמטי   1 ק""ג    מיה",מיה תעשיות מזון מ.ת.מ בעמ,,,יח,10,ל 100 גרם,false,1,10.90,1.09,true,1,
7290018571798,false,ג`לי שמחות 2 צבעים,מיה תעשיות מזון מ.ת.מ בעמ,,,יח,5.40,ל 100 גרם,false,1,16.90,3.13,true,1,
7290018571804,false,ג`לי  מטבעות 2.55 גר`,מיה תעשיות מזון מ.ת.מ בעמ,,,יח,2.55,ל 100 גרם,false,1,9.90,3.88,false,1,
7290018708132,false,בארכה חלבה  מסולסות שוקו  250 גר`,קבוצת אוסם סחר שותפות מוגבלת,,,יח,2.50,ל 100 גרם,false,1,16.90,6.76,false,1,
7290018835043,false,תערובת לתיבול סטייק מונטריאול,א.ל ייצור ושיווק תבלינים בעמ,,,יח,1.40,ל 100 גרם,false,1,15.90,11.36,false,1,
7290018879801,false,טופי  ממולא ט. פירות 40 גר`,כרמית תעשיות ממתקים בעמ,,,יח,0.50,יח,false,1,1.50,3,false,1,
7290018893289,false,צ`וקטה  עוגה אישית מגולגלת  קקאו,ש.שסטוביץ בעמ,,,יח,222,ל 100 גרם,false,1,8.90,0.04,true,1,
7290018893418,false,צ`וקטה  שוקולד מריר  60%,ש.שסטוביץ בעמ,,,יח,1,,false,1,23.90,23.90,false,1,
7290018893456,false,עוגיות אישיות צ`וקטה,ש.שסטוביץ בעמ,,,יח,3,ל 100 גרם,false,1,10.90,3.63,false,1,
7290018893876,false,עוגיות אישיות צ`וקטה  וניל,ש.שסטוביץ בעמ,,,יח,2,ל 100 גרם,false,1,10.90,5.45,true,1,
7290018894248,false,שוקולד חלב 1/3 צ`וקטה,ש.שסטוביץ בעמ,,,יח,3,ל 100 גרם,false,1,15.50,5.17,true,1,
7290018925065,false,פרימור תפוזים  2ליטר,שטראוס גרופ בעמ (ח),,,יח,2,לליטר,false,1,25.90,12.80,false,1,
7290018964002,false,אוזניות חוטיות לבן סדרת שרביט,סוויטשי ישראל בעמ,,,יח,1,,false,1,29.90,29.90,false,1,
7290018964033,false,כבל  TYPE,סוויטשי ישראל בעמ,,,יח,1,,false,1,29.90,29.90,false,1,
7290018964057,false,מטען קיר 1A/2A,סוויטשי ישראל בעמ,,,יח,1,,false,1,29.90,29.90,false,1,
7290018964095,false,כבל טייפ/סי 1 מטר,סוויטשי ישראל בעמ,,,יח,1,,false,1,34.90,34.90,false,1,
7290018964101,false,כבל  טייפ/אייפון 1 מטר,סוויטשי ישראל בעמ,,,יח,1,,false,1,34.90,34.90,false,1,
7290019036234,false,שיני שום קלופות 200 גרק,"בכורי השדה צפון1994 ג.ד. בע""מ",,,יח,2,ל 100 גרם,false,1,12.90,6.45,false,1,
7290019056027,false,שוופס  מוגז פירות  תפוח  ללס  1.5,יפאורה שותפות מוגבלת לשיווק,,,יח,1.50,לליטר,false,1,8.90,5.73,true,1,
7290019056034,false,שוופס  מוגז פירות אננס   ללס  1.5,יפאורה שותפות מוגבלת לשיווק,,,יח,1.50,לליטר,false,1,8.90,5.73,true,1,
7290019056041,false,שוופס  מוגז פירות  לימוניד    ללס  1.5,יפאורה שותפות מוגבלת לשיווק,,,יח,1.50,לליטר,false,1,8.90,5.73,true,1,
7290019056058,false,שוופס תפוח ליים 1.5 ק,יפאורה שותפות מוגבלת לשיווק,,,יח,15,"ל 100 מ""ל",false,1,8.90,0.57,true,1,
7290019056065,false,שוופס פירות יער 1.5 מוגז,יפאורה שותפות מוגבלת לשיווק,,,יח,1.50,לליטר,false,1,8.90,5.73,true,1,
7290019056072,false,שוופס מוגז עדין 1.5  אננס,יפאורה שותפות מוגבלת לשיווק,,,יח,15,"ל 100 מ""ל",false,1,8.90,0.57,true,1,
7290019056089,false,שוופס מוגז עדין 1.5 ריזלי,יפאורה שותפות מוגבלת לשיווק,,,יח,15,"ל 100 מ""ל",false,1,8.90,0.57,true,1,
7290019056096,false,שוופס אפרסק מוגז 1.5,יפאורה שותפות מוגבלת לשיווק,,,יח,15,"ל 100 מ""ל",false,1,8.90,0.57,true,1,
7290019056119,false,סודה 1.5 ליטר,יפאורה שותפות מוגבלת לשיווק,,,יח,1.50,לליטר,false,1,3.20,1.93,false,1,
7290019056164,false,רבעית סודה שוופס 1.5 ק,יפאורה שותפות מוגבלת לשיווק,,,יח,60,"ל 100 מ""ל",false,1,12.20,0.18,false,1,
7290019056171,false,סודה שוופס רבעיה לימון,יפאורה שותפות מוגבלת לשיווק,,,יח,60,"ל 100 מ""ל",false,1,12.20,0.18,false,1,
7290019056188,false,רבעית סודה שוופס נענע ליים  1.5 ק,יפאורה שותפות מוגבלת לשיווק,,,יח,60,"ל 100 מ""ל",false,1,12.20,0.18,false,1,
7290019056201,false,רבעית סודה שוופס  פירות יער   1.5 ק,יפאורה שותפות מוגבלת לשיווק,,,יח,60,"ל 100 מ""ל",false,1,12.20,0.18,false,1,
7290019056232,false,שוופס   ליים  מוחיטו 1.5 ליטר,יפאורה שותפות מוגבלת לשיווק,,,יח,1.50,לליטר,false,1,8.90,5.73,true,1,
7290019056249,false,שוופס ווטר  ענבים 1.5 ליטר,יפאורה שותפות מוגבלת לשיווק,,,יח,15,"ל 100 מ""ל",false,1,7.90,0.51,false,1,
7290019056256,false,שוופס ווטר תפוח  1.5 ליטר,יפאורה שותפות מוגבלת לשיווק,,,יח,15,"ל 100 מ""ל",false,1,7.90,0.51,false,1,
7290019056263,false,שוופס ווטר  אפרסק 1.5 ליטר,יפאורה שותפות מוגבלת לשיווק,,,יח,15,"ל 100 מ""ל",false,1,7.90,0.51,false,1,
7290019056270,false,שוופס ווטר  פירות יער  1.5 ליטר,יפאורה שותפות מוגבלת לשיווק,,,יח,15,"ל 100 מ""ל",false,1,7.90,0.51,false,1,
7290019056287,false,שוופס ווטר אפרסק 1.5 ליטר,יפאורה שותפות מוגבלת לשיווק,,,יח,1.50,לליטר,false,1,7.90,5.07,false,1,
7290019056300,false,ביטר לימון 1.5,יפאורה שותפות מוגבלת לשיווק,,,יח,15,"ל 100 מ""ל",false,1,11.90,0.77,false,1,
7290019056355,false,תפוזינה  לימונדה מיקס  לימונענע,יפאורה שותפות מוגבלת לשיווק,,,יח,1.50,לליטר,false,1,8.90,5.73,true,1,
7290019056362,false,תפוזינה ענבים  1.5,יפאורה שותפות מוגבלת לשיווק,,,יח,1.50,לליטר,false,1,8.90,5.73,true,1,
7290019056379,false,תפוזינה 1.5 תפוזים,יפאורה שותפות מוגבלת לשיווק,,,יח,15,"ל 100 מ""ל",false,1,8.90,0.57,true,1,
7290019056393,false,תותינה 1.5 תפוזינה,יפאורה שותפות מוגבלת לשיווק,,,יח,15,"ל 100 מ""ל",false,1,8.90,0.57,true,1,
7290019056409,false,תפוזינה מנגו  1.5,יפאורה שותפות מוגבלת לשיווק,,,יח,15,"ל 100 מ""ל",false,1,8.90,0.57,true,1,
7290019056416,false,תפוזינה לימונדה  ורודה 1.5,יפאורה שותפות מוגבלת לשיווק,,,יח,15,"ל 100 מ""ל",false,1,8.90,0.57,true,1,
7290019056423,false,תפוזינה  תפוחים  1.5 ליטר,יפאורה שותפות מוגבלת לשיווק,,,יח,15,"ל 100 מ""ל",false,1,8.90,0.57,true,1,
7290019056454,false,R.C קולה,יפאורה שותפות מוגבלת לשיווק,,,יח,1.50,לליטר,false,1,6.90,4.40,false,1,
7290019056492,false,ספריג תה  מנגו אפרסק   1.5,יפאורה שותפות מוגבלת לשיווק,,,יח,15,"ל 100 מ""ל",false,1,7.90,0.51,false,1,
7290019056508,false,פרוט ווטר ענבים 1.5 ליטר,יפאורה שותפות מוגבלת לשיווק,,,יח,15,"ל 100 מ""ל",false,1,7.90,0.51,false,1,
7290019056515,false,פרוט  ווטר אננס  1.5 ליטר,יפאורה שותפות מוגבלת לשיווק,,,יח,15,"ל 100 מ""ל",false,1,7.90,0.51,false,1,
7290019056522,false,פרוט ווטר תות  1.5 ליטר,יפאורה שותפות מוגבלת לשיווק,,,יח,15,"ל 100 מ""ל",false,1,7.90,0.51,false,1,
7290019056539,false,ווטר  אפרסק    1.5 ליטר,יפאורה שותפות מוגבלת לשיווק,,,יח,15,"ל 100 מ""ל",false,1,7.90,0.51,false,1,
7290019056546,false,ווטר  אבטיח  1.5 ליטר,יפאורה שותפות מוגבלת לשיווק,,,יח,15,"ל 100 מ""ל",false,1,7.90,0.51,false,1,
7290019056553,false,שישית עין גדי 2,יפאורה שותפות מוגבלת לשיווק,,,יח,120,"ל 100 מ""ל",false,1,13.70,0.10,false,1,
7290019056560,false,עין גדי 2 ליטר,יפאורה שותפות מוגבלת לשיווק,,,יח,2,לליטר,false,1,3.30,1.50,false,1,
7290019056577,false,ספרינג מנגו  1.5,יפאורה שותפות מוגבלת לשיווק,,,יח,15,"ל 100 מ""ל",false,1,8.90,0.57,true,1,
7290019056584,false,ספרינג תפוז 1.5,יפאורה שותפות מוגבלת לשיווק,,,יח,15,"ל 100 מ""ל",false,1,8.90,0.57,true,1,
7290019056591,false,ספרינג  ענבים 1.5,יפאורה שותפות מוגבלת לשיווק,,,יח,15,"ל 100 מ""ל",false,1,8.90,0.57,true,1,
7290019056607,false,ספרינג בטעם תפוח 1.5,יפאורה שותפות מוגבלת לשיווק,,,יח,1.50,לליטר,false,1,8.90,5.73,true,1,
7290019056614,false,ספרינג אפרסק 1.5,יפאורה שותפות מוגבלת לשיווק,,,יח,15,"ל 100 מ""ל",false,1,8.90,0.57,true,1,
7290019056638,false,ספרינג תות בננה 1.5,יפאורה שותפות מוגבלת לשיווק,,,יח,15,"ל 100 מ""ל",false,1,8.90,0.57,true,1,
7290019056645,false,ספרינג אגסים סברס 1.5,יפאורה שותפות מוגבלת לשיווק,,,יח,15,"ל 100 מ""ל",false,1,8.90,0.57,true,1,
7290019056652,false,ספרינג אננס בננה  1.5,יפאורה שותפות מוגבלת לשיווק,,,יח,15,"ל 100 מ""ל",false,1,8.90,0.57,true,1,
7290019056669,false,ספרינג דיאט תפוח 1.5,יפאורה שותפות מוגבלת לשיווק,,,יח,15,"ל 100 מ""ל",false,1,8.90,0.57,true,1,
7290019056676,false,ספרינג דיאט אשכו  1.5,יפאורה שותפות מוגבלת לשיווק,,,יח,15,"ל 100 מ""ל",false,1,8.90,0.57,true,1,
7290019056720,false,קריסטל ענבים 2 ל ק,יפאורה שותפות מוגבלת לשיווק,,,יח,20,"ל 100 מ""ל",false,1,6.90,0.33,false,1,
7290019056737,false,קריסטל  אשכוליות  2 ל ק,יפאורה שותפות מוגבלת לשיווק,,,יח,20,"ל 100 מ""ל",false,1,6.90,0.33,false,1,
7290019056744,false,קריסטל  תפוזים  2 ל ק,יפאורה שותפות מוגבלת לשיווק,,,יח,20,"ל 100 מ""ל",false,1,6.90,0.33,false,1,
7290019056768,false,קריסטל  מנגו    2 ל ק,יפאורה שותפות מוגבלת לשיווק,,,יח,20,"ל 100 מ""ל",false,1,6.90,0.33,false,1,
7290019056775,false,קריסטל  מוגז ענבים    2 ל ק,יפאורה שותפות מוגבלת לשיווק,,,יח,20,"ל 100 מ""ל",false,1,6.90,0.33,false,1,
7290019056782,false,קריסטל  מוגז  לימון ליים    2 ל ק,יפאורה שותפות מוגבלת לשיווק,,,יח,20,"ל 100 מ""ל",false,1,6.90,0.33,false,1,
7290019056799,false,קריסטל  מוגז  אקזוטי    2 ל ק,יפאורה שותפות מוגבלת לשיווק,,,יח,20,"ל 100 מ""ל",false,1,6.90,0.33,false,1,
7290019056805,false,קריסטל  מוגז  תפוחים     2 ל ק,יפאורה שותפות מוגבלת לשיווק,,,יח,20,"ל 100 מ""ל",false,1,6.90,0.33,false,1,
7290019056812,false,קריסטל  מוגז  מנטה   2 ל ק,יפאורה שותפות מוגבלת לשיווק,,,יח,20,"ל 100 מ""ל",false,1,6.90,0.33,false,1,
7290019056829,false,קריסטל  מוגז  תפוזים  2 ל ק,יפאורה שותפות מוגבלת לשיווק,,,יח,20,"ל 100 מ""ל",false,1,6.90,0.33,false,1,
7290019056836,false,קריסטל  מוגז  תות   2 ל ק,יפאורה שותפות מוגבלת לשיווק,,,יח,20,"ל 100 מ""ל",false,1,6.90,0.33,false,1,
7290019056843,false,קריסטל  מוגז קולה   2 ל ק,יפאורה שותפות מוגבלת לשיווק,,,יח,20,"ל 100 מ""ל",false,1,6.90,0.33,false,1,
7290019056850,false,ספריג תה דיאט אפרסק 1.5,יפאורה שותפות מוגבלת לשיווק,,,יח,15,"ל 100 מ""ל",false,1,7.90,0.51,false,1,
7290019056959,false,מי עדן 1.5 ליטר        *,יפאורה שותפות מוגבלת לשיווק,,,יח,1.50,לליטר,false,1,2.80,1.67,false,1,
7290019056973,false,"מי עדן ח""פ שישיה 1.5*",יפאורה שותפות מוגבלת לשיווק,,,יח,9,לליטר,false,1,13.70,1.32,false,1,
7290019153252,false,רבעית סודה שוופס  תפוח  1.5 ק,יפאורה שותפות מוגבלת לשיווק,,,יח,60,"ל 100 מ""ל",false,1,12.20,0.18,false,1,
7290019153269,false,רבעית סודה שוופס  אננס 1.5 ק,יפאורה שותפות מוגבלת לשיווק,,,יח,60,"ל 100 מ""ל",false,1,12.20,0.18,false,1,
7290019153375,false,תפוזינה 1.5  מוחיטו,יפאורה שותפות מוגבלת לשיווק,,,יח,15,"ל 100 מ""ל",false,1,8.90,0.57,true,1,
7290019153535,false,שוופס רבעיית  פרות מוגז ללא סוכר,יפאורה שותפות מוגבלת לשיווק,,,יח,1.32,"ל 100 מ""ל",false,1,12.90,8.86,true,1,
7290019153566,false,ספרינג רימון אוכמניות  1.5,יפאורה שותפות מוגבלת לשיווק,,,יח,15,"ל 100 מ""ל",false,1,8.90,0.57,true,1,
7290019167037,false,עדן קינוחים  תותים בקצפת,תנובה -חלב,,,יח,0.82,ל 100 גרם,false,1,6.70,8.17,false,1,
7290019167044,false,עדן קינוחים  קצפת עם קרם בייגלה מתוק,תנובה -חלב,,,יח,0.82,ל 100 גרם,false,1,6.70,8.17,false,1,
7290019204008,false,עוף טוב פסטרמה ארבעה פלפלים  350 גר`,קבוצת אוסם סחר שותפות מוגבלת,,,יח,3.50,ל 100 גרם,false,1,29.90,8.54,false,1,
7290019204305,false,עוף טוב פסטרמה ברבקיו 350 גר`,קבוצת אוסם סחר שותפות מוגבלת,,,יח,3.50,ל 100 גרם,false,1,29.90,8.54,false,1,
7290019232834,false,פליפז- בייגלה  ק. עוגיות,תה ויסוצקי (ישראל)בעמ,,,יח,1.40,ל 100 גרם,false,1,8.90,6.36,true,1,
7290019302315,false,מוסקוטו באזז אבטיח מלון,אגודת הכורמים בעמ,,,יח,7.50,"ל 100 מ""ל",false,1,24.90,3.28,true,1,
7290042051808,false,לפתניות מתכלות 25 יח שווה*,אפולו נציגויות בעמ,,,יח,25,יח,false,1,8.90,0.36,true,1,
7290042051921,false,disposable plastic 285cc maroccan 40,סאם פלסטיק,,,יח,1,יח,false,1,10.90,10.90,false,1,
7290042051969,false,"כוסות נייר גודל 12 כשל""פ  40יח   ""שווה",GG.M ENTERPRISE,,,יח,1,למארז,false,20,15.90,15.90,true,1,
7290042051976,false,"כוסות נייר גודל 10 כשל""פ 40 יח` ""שווה""",GG.M ENTERPRISE,,,יח,50,יח,false,1,12.90,0.26,true,1,
7290042051990,false,"כשל""פ כוסות ניר 40  יח`8b  שווה רובין*",GG.M ENTERPRISE,,,יח,40,יח,false,1,6.90,0.17,true,1,
7290100240137,false,Spray for dryer sheets 500ml-Blue,"יוניליוור ישראלשיווק בע""מ",,,יח,5,"ל 100 מ""ל",false,1,14.90,2.98,false,1,
7290100240632,false,PATIT 6 GRAINS BDZ NEW 24X250GR,"יוניליוור ישראלשיווק בע""מ",,,יח,2.50,ל 100 גרם,false,6,14.90,5.96,false,1,
7290100240656,false,PATIT RYE BDZ NEW 24X300GR,"יוניליוור ישראלשיווק בע""מ",,,יח,3,ל 100 גרם,false,6,14.90,4.97,false,1,
7290100243671,false,BADIN RC CONC LIQUID BLUE 16X960ML,"יוניליוור ישראלשיווק בע""מ",,,יח,96,"ל 100 ס""מ",false,1,15.90,0.17,false,1,
7290100249598,false,KNORR CIS GARLIC&HONEY BDZ 8X320G,"יוניליוור ישראלשיווק בע""מ",,,יח,3.20,ל 100 גרם,false,8,10.90,3.41,false,1,
7290100412343,false,קוויק   מג`לניקוי כללי  בריח לימון 50,שקד תבל בעמ,,,יח,1,,false,1,8.90,8.90,true,1,
7290100658338,false,פלמוליב אוקסי 750 כחול,ש.שסטוביץ בעמ,,,יח,7.50,"ל 100 מ""ל",false,1,11.90,1.59,true,1,
7290100680650,false,מנה חמה נודלס,קבוצת אוסם סחר שותפות מוגבלת,,,יח,0.76,ל 100 גרם,false,1,5.90,7.76,false,1,
7290100680667,false,מנה חמה טעם סצ ואין,קבוצת אוסם סחר שותפות מוגבלת,,,יח,0.76,ל 100 גרם,false,1,5.90,7.76,false,1,
7290100680711,false,פירורית זהב 350 גר ק,קבוצת אוסם סחר שותפות מוגבלת,,,יח,3.50,ל 100 גרם,false,1,8.40,2.40,false,1,
7290100680728,false,פירורית 350 גר,קבוצת אוסם סחר שותפות מוגבלת,,,יח,3.50,ל 100 גרם,false,1,7.30,2.09,false,1,
7290100681015,false,אינסטנט פודינג ריבת חלב,קבוצת אוסם סחר שותפות מוגבלת,,,יח,0.84,ל 100 גרם,false,1,5.80,6.90,true,1,
7290100681138,false,אפרופרו מארז שלישיה,קבוצת אוסם סחר שותפות מוגבלת,,,יח,1.50,ל 100 גרם,false,1,12.90,8.60,true,1,
7290100681503,false,סירופ לימונענע דיאט עסיס,קבוצת אוסם סחר שותפות מוגבלת,,,יח,10,"ל 100 מ""ל",false,1,19.90,1.99,false,1,
7290100683880,false,פירה  אוסם,קבוצת אוסם סחר שותפות מוגבלת,,,יח,2.60,ל 100 גרם,false,1,13.90,5.35,false,1,
7290100685136,false,"אבקת מרק טעם עוף 1 ק""ג 1/8 אסם",קבוצת אוסם סחר שותפות מוגבלת,,,יח,10,ל 100 גרם,false,1,14.90,1.49,false,1,
7290100685334,false,אבקת מרק עוף טבעי 400,קבוצת אוסם סחר שותפות מוגבלת,,,יח,4,ל 100 גרם,false,1,19.90,4.98,false,1,
7290100685341,false,אבקת מרק ט. עוף זך,קבוצת אוסם סחר שותפות מוגבלת,,,יח,4,ל 100 גרם,false,1,16.90,4.23,true,1,
7290100688618,false,גביעי גלידה ממותקים שוקו,קבוצת אוסם סחר שותפות מוגבלת,,,יח,1,,false,1,14.90,14.90,false,1,
7290100689301,false,מרק טעם עוף זך עדיף,קבוצת אוסם סחר שותפות מוגבלת,,,יח,4,ל 100 גרם,false,1,13.90,3.48,true,1,
7290100700020,false,500g pearl barley - Sugat,סוגת תעשיות בעמ,,,יח,5,ל 100 גרם,false,1,5.90,1.18,false,1,
7290100700273,false,Quinoa 500 g - Sugat,סוגת תעשיות בעמ,,,יח,5,ל 100 גרם,false,1,14.90,2.98,true,1,
7290100700372,false,Basmati rice 1 kg - Sugat,סוגת תעשיות בעמ,,,יח,10,ל 100 גרם,false,1,13.90,1.39,false,1,
7290100700396,false,Classic jasmine rice - Sugat,סוגת תעשיות בעמ,,,יח,10,ל 100 גרם,false,1,11.90,1.19,false,1,
7290100700402,false,Huge chick 1kg - Sugat,סוגת תעשיות בעמ,,,יח,10,ל 100 גרם,false,1,15.90,1.59,false,1,
7290100700563,false,Classic Mix rice - Sugat,סוגת תעשיות בעמ,,,יח,10,ל 100 גרם,false,1,13.10,1.31,false,1,
7290100702611,false,Baked pasta rice 500g - Sugat,סוגת תעשיות בעמ,,,יח,5,ל 100 גרם,false,1,4.90,0.98,true,1,
7290100702628,false,Baked pasta 500g couscous - Sugat,סוגת תעשיות בעמ,,,יח,5,ל 100 גרם,false,1,4.90,0.98,true,1,
7290100702635,false,Baked pasta 500g stars - Sugat,סוגת תעשיות בעמ,,,יח,5,ל 100 גרם,false,1,4.90,0.98,true,1,
7290100702642,false,Baked pasta 500g ring - Sugat,סוגת תעשיות בעמ,,,יח,5,ל 100 גרם,false,1,4.90,0.98,true,1,
7290100702659,false,פתיתים אפויים קמח מלא 400ג  סוגת*,סוגת תעשיות בעמ,,,יח,5,ל 100 גרם,false,1,4.90,0.98,true,1,
7290100703687,false,קמח  חלה  ללא ניפוי,סוגת תעשיות בעמ,,,יח,10,ל 100 גרם,false,1,7.90,0.79,false,1,
7290100704066,false,Red lentils 500g - Sugat,סוגת תעשיות בעמ,,,יח,0.50,ל 100 גרם,false,1,7.90,15.80,false,1,
7290100704141,false,Baking soda 50g genre - Sugat,סוגת תעשיות בעמ,,,יח,10,ל 100 גרם,false,1,2.50,0.25,false,1,
7290100704516,false,Red beans 500g - Sugat,סוגת תעשיות בעמ,,,יח,5,ל 100 גרם,false,1,10.90,2.18,true,1,
7290100704608,false,White beans 500g - Sugat,סוגת תעשיות בעמ,,,יח,5,ל 100 גרם,false,1,8.90,1.78,true,1,
7290100858592,false,קקאו 150 עלית,שטראוס גרופ בעמ,,,יח,1.50,ל 100 גרם,false,1,10.90,7.27,true,1,
7290100858608,false,קקאו 500 עלית,שטראוס גרופ בעמ,,,יח,5,ל 100 גרם,false,1,23.90,4.78,false,1,
7290100921609,false,כדוריות סוד  נתלה  אוקינוס  לניקוי ק,גורי שיווק בעמ,,,יח,1,יח,false,1,7.90,7.90,true,1,
7290100922651,false,ס. הוואי רבעיה מ. קוקוס,"הנקל סוד בע""מ",,,יח,4,ל 100 גרם,false,1,12.90,3.23,true,1,
7290100926109,false,מרכך סוד 4 ליטר,גורי שיווק בעמ,,,יח,4,לליטר,false,1,16.90,4.23,false,1,
7290101551027,false,קפסולות אספרסו מס `14 למכונת אספרס,שטראוס גרופ בעמ,,,ל 100 גרם,0.50,ל 100 גרם,false,1,15.90,31.80,true,1,
7290101551263,false,סילאן טבעי 700 גר`,שטראוס גרופ בעמ,,,יח,0.70,ל 100 גרם,false,1,19.90,28.43,false,1,
7290101551539,false,דנונה  פרו 20 גרם חלבון,שטראוס גרופ בעמ (ח),,,יח,1.50,"ל 100 מ""ל",false,1,5.90,3.93,false,1,
7290101551584,false,תפוצ יפס  קידס מארז,שטראוס פריטו ליי בעמ,,,יח,2,ל 100 גרם,false,1,12.90,6.45,false,1,
7290101551638,false,מארז צ`יטוס כאפה,שטראוס פריטו ליי בעמ,,,יח,2,ל 100 גרם,false,1,12.90,6.45,false,1,
7290101821151,false,דבק  מגע ע. הבית,עולם הבית,,,יח,1,,false,1,4.90,4.90,false,1,
7290102030330,false,תפוצ יפס קרנצי מקסיקני,שטראוס פריטו ליי בעמ,,,יח,2,ל 100 גרם,false,1,9.90,4.95,true,1,
7290102031276,false,שמנית אקטימל תות בננה,שטראוס גרופ בעמ (ח),,,יח,8,"ל 100 מ""ל",false,1,21.20,2.65,false,1,
7290102032334,false,קפה נמס וניל 200,שטראוס גרופ בעמ,,,יח,2,ל 100 גרם,false,1,22.90,11.45,false,1,
7290102390427,false,"מולר תות 150מ""ל  טרה ק",החברה המרכזית טלהפצת משקאות בע,,,יח,1.50,"ל 100 מ""ל",false,1,5.50,3.67,false,1,
7290102390465,false,"מולר אפרסק 150מ""ל  טרה",החברה המרכזית טלהפצת משקאות בע,,,יח,1.50,"ל 100 מ""ל",false,1,5.50,3.67,false,1,
7290102391844,false,יוגורט פרי מולר פירות יער,החברה המרכזית טלהפצת משקאות בע,,,יח,1.50,"ל 100 מ""ל",false,1,5.50,3.67,false,1,
7290102393039,false,מולר  מיקס  יוגורט  פיצפוצי שוקולד ק,החברה המרכזית טלהפצת משקאות בע,,,יח,1.70,"ל 100 מ""ל",false,1,5.90,3.47,false,1,
7290102394463,false,גבינה   צהובה  28%  500  גר`,החברה המרכזית טלהפצת משקאות בע,,,יח,5,ל 100 גרם,false,1,26.90,5.38,false,1,
7290102394845,false,גבינה   צהובה  9%   דק דק ק,החברה המרכזית טלהפצת משקאות בע,,,יח,2,ל 100 גרם,false,1,17.90,8.95,false,1,
7290102395217,false,מולר  מאגדת  8 במתיקות מעודנת,החברה המרכזית טלהפצת משקאות בע,,,יח,9,ל 100 גרם,false,1,21.90,2.43,false,1,
7290102395262,false,מאגדת  שמניה תות אפרסק,החברה המרכזית טלהפצת משקאות בע,,,יח,3.80,"ל 100 מ""ל",false,1,31.90,8.39,false,1,
7290102395439,false,מולר  מאגדת שמניה פירות יער ק,החברה המרכזית טלהפצת משקאות בע,,,יח,1.20,ל 100 גרם,false,1,31.90,26.58,false,1,
7290102395477,false,מו  שוקולד,החברה המרכזית טלהפצת משקאות בע,,,יח,1.43,"ל 100 מ""ל",false,1,2.90,2.03,false,1,
7290102395521,false,"שמנת לבישול 15% 500 מ""ל",החברה המרכזית טלהפצת משקאות בע,,,יח,5,"ל 100 מ""ל",false,1,17.90,3.58,false,1,
7290102396399,false,מאגדת  שמניה  מעדן שוקולד  מווי,החברה המרכזית טלהפצת משקאות בע,,,יח,8,למארז,false,1,14.90,1.86,true,1,
7290102396405,false,מאגדת  שמניה  מעדן  וניל  מווי,החברה המרכזית טלהפצת משקאות בע,,,יח,8,למארז,false,1,14.90,1.86,true,1,
7290102396436,false,מעדן חלב מו שוקולד,החברה המרכזית טלהפצת משקאות בע,,,יח,1.43,"ל 100 מ""ל",false,1,2.90,2.03,true,1,
7290102396580,false,מעדן מו  שוקולד  ומוס  שוקולד,החברה המרכזית טלהפצת משקאות בע,,,יח,1.23,"ל 100 מ""ל",false,1,2.90,2.36,false,1,
7290102396597,false,מעדן מו  וניל  ומוס  שוקולד,החברה המרכזית טלהפצת משקאות בע,,,יח,1.23,"ל 100 מ""ל",false,1,2.90,2.36,false,1,
7290102396665,false,גבינה נועם דק דק 15%,החברה המרכזית טלהפצת משקאות בע,,,יח,2,ל 100 גרם,false,1,17.90,8.95,false,1,
7290102396719,false,מולר  סימפליתות 0%,החברה המרכזית טלהפצת משקאות בע,,,יח,1.50,ל 100 גרם,false,1,5.50,3.67,true,1,
7290102396740,false,מאגדת  מולר שמניה תות אפרסק%0,החברה המרכזית טלהפצת משקאות בע,,,יח,1.20,ל 100 גרם,false,1,31.90,26.58,false,1,
7290102396788,false,שוקו שקית מו,החברה המרכזית טלהפצת משקאות בע,,,יח,2,"ל 100 מ""ל",false,1,2.90,1.45,false,1,
7290102396795,false,מאגדת שוקו שקית מו,החברה המרכזית טלהפצת משקאות בע,,,יח,6,למארז,false,1,15.90,2.65,false,1,
7290102397310,false,מאגדת  שמניה  מיני  מו שוקולד קצפת,החברה המרכזית טלהפצת משקאות בע,,,יח,8,ל 100 גרם,false,1,12.90,1.61,false,1,
7290102397464,false,מולר  נטורל עם  פקאן,החברה המרכזית טלהפצת משקאות בע,,,יח,1.50,"ל 100 מ""ל",false,1,5.90,3.93,false,1,
7290102397600,false,מולר  קליק חום לבן,החברה המרכזית טלהפצת משקאות בע,,,יח,1.50,"ל 100 מ""ל",false,1,5.90,3.93,false,1,
7290102397617,false,מולר  בטעם שקדים,החברה המרכזית טלהפצת משקאות בע,,,יח,1.50,"ל 100 מ""ל",false,1,5.90,3.93,false,1,
7290102397679,false,קוטג  5%  טרה  375 גר`,החברה המרכזית טלהפצת משקאות בע,,,יח,3.75,ל 100 גרם,false,1,8.90,2.37,false,1,
7290102397891,false,גבינה מותכת 100  גר` צוריאל,החברה המרכזית טלהפצת משקאות בע,,,יח,1,ל 100 גרם,false,1,7.90,7.90,false,1,
7290102398065,false,חלב 2 ליטר טרה בקרטון ק,החברה המרכזית טלהפצת משקאות בע,,,יח,2,לליטר,false,1,12.40,6.20,false,1,
7290102398331,false,חלב מועשר דל לקטוז   1 ל`,החברה המרכזית טלהפצת משקאות בע,,,יח,10,ל 100 גרם,false,1,7.90,0.79,false,1,
7290102398560,false,שוקו טרה מועשר  1ליטר  בקבוק,החברה המרכזית טלהפצת משקאות בע,,,יח,1,לליטר,false,1,12.90,12.90,true,1,
7290102398577,false,"שוקו טרה 250 מ""ל בקבוק",החברה המרכזית טלהפצת משקאות בע,,,יח,0.25,"ל 100 מ""ל",false,1,5.90,23.60,false,1,
7290102398614,false,משקה חלב  טרה ט. בננה  1ליטר  בקבוק,החברה המרכזית טלהפצת משקאות בע,,,יח,1,לליטר,false,1,12.90,12.90,true,1,
7290102398638,false,משקה חלב  טרה ט.מוקה   1ליטר  בקבוק,החברה המרכזית טלהפצת משקאות בע,,,יח,1,לליטר,false,1,12.90,12.90,true,1,
7290102398669,false,אייס קפוצינו  1 ליטר טרה,החברה המרכזית טלהפצת משקאות בע,,,יח,10,ל 100 גרם,false,1,12.90,1.29,true,1,
7290102398782,false,משקה  סויה קלאסי   משק צוריאל,החברה המרכזית טלהפצת משקאות בע,,,יח,10,"ל 100 מ""ל",false,1,11.90,1.19,false,1,
7290102398805,false,משקה  סויה בטעם וניל משק צוריאל,החברה המרכזית טלהפצת משקאות בע,,,יח,10,"ל 100 מ""ל",false,1,11.90,1.19,false,1,
7290102398836,false,משקה  שקדים   קלאסי   משק צוריאל,החברה המרכזית טלהפצת משקאות בע,,,יח,10,"ל 100 מ""ל",false,1,12.90,1.29,false,1,
7290102399635,false,מולר  אננס 4.1%,החברה המרכזית טלהפצת משקאות בע,,,יח,1.50,"ל 100 מ""ל",false,1,5.50,3.67,false,1,
7290102399796,false,מולר  אקטיב יוגורט  חלבון לבן 25 גר`,החברה המרכזית טלהפצת משקאות בע,,,יח,2,"ל 100 מ""ל",false,1,5.90,2.95,true,1,
7290102399802,false,מולר  אקטיב  מועשר חלבון ע. תןת,החברה המרכזית טלהפצת משקאות בע,,,יח,2,"ל 100 מ""ל",false,1,5.90,2.95,true,1,
7290102451210,false,פלטת שבת  ענקית,אוהב ציון בעמ,,,יח,1,,false,1,179,179,false,1,
7290102840175,false,"פודינג וניל 85ג  חת""ס מיה",מיה תעשיות מזון מ.ת.מ בעמ,,,יח,0.85,ל 100 גרם,false,1,3.90,4.59,true,1,
7290102840182,false,"פודינג שוקו 85ג  חת""ס מיה",מיה תעשיות מזון מ.ת.מ בעמ,,,יח,0.85,ל 100 גרם,false,1,3.90,4.59,true,1,
7290102840199,false,"ג לי משמש85ג חת""ס   מיה",מיה תעשיות מזון מ.ת.מ בעמ,,,יח,0.85,ל 100 גרם,false,1,3.90,4.59,true,1,
7290103129378,false,ספיד סטייק  ג`ל אקסטרים X5,ש.שסטוביץ בעמ,,,יח,0.50,ל 100 גרם,false,1,19.90,39.80,true,1,
7290103404758,false,כרוב 120 גר`,שטראוס גרופ בעמ (ח),,,יח,0.12,ל 100 גרם,false,1,4.90,40.83,false,1,
7290104064012,false,פסק זמן גוד 2  לבן,שטראוס גרופ בעמ,,,יח,0.36,ל 100 גרם,false,1,4.50,12.50,false,1,
7290104067693,false,חומוס 150   גר`חריף,שטראוס גרופ בעמ (ח),,,יח,1.50,ל 100 גרם,false,1,5.90,3.93,false,1,
7290104068546,false,מאסט קולה עם קרח,שטראוס גרופ בעמ,,,יח,0.28,ל 100 גרם,false,1,4,14.29,false,1,
7290104570162,false,תמרים כבושים 500ג   שאן*,שושן (פירות)יבשים בעמ,,,יח,5,ל 100 גרם,false,1,10.90,2.18,false,1,
7290104690246,false,נקה ארומה ס. נוזלי,החברה הדרומית לשיווק בעמ,,,יח,7,"ל 100 מ""ל",false,1,9.90,1.41,false,1,
7290104720499,false,מארז 8 דני וניל 20% הנחה,שטראוס גרופ בעמ (ח),,,יח,1,ל 100 גרם,false,1,14.90,14.90,false,1,
7290104726262,false,מארז 4 דני לשתיה,שטראוס גרופ בעמ (ח),,,יח,5,ל 100 גרם,false,1,10.90,2.18,false,1,
7290104729003,false,שמן זית כתית  לתיבול מעודן.,שטראוס גרופ בעמ,,,יח,7.50,"ל 100 מ""ל",false,1,34.90,4.65,true,1,
7290104729010,false,לבן טעם תות,שטראוס גרופ בעמ (ח),,,יח,2,"ל 100 מ""ל",false,1,1.40,0.70,false,1,
7290104960253,false,"נקה 7 ארומה נוזלי 750 מ""ל",החברה הדרומית לשיווק בעמ,,,יח,7.50,ל 100 גרם,false,1,9.90,1.32,false,1,
7290104960352,false,"נקה 7  וניל שקד  750 מ""ל",החברה הדרומית לשיווק בעמ,,,יח,7.50,ל 100 גרם,false,1,9.90,1.32,false,1,
7290104961892,false,קרטין  מסיכה לשיער,החברה הדרומית לשיווק בעמ,,,יח,3.50,"ל 100 מ""ל",false,1,39.90,11.40,false,1,
7290104963162,false,"סופטקר  קרם גוף   500 מ""ל",החברה הדרומית לשיווק בעמ,,,ל 100 גרם,5,ל 100 גרם,false,1,25.90,5.18,false,1,
7290104963216,false,סופטקר  אל סבון  עדין   1 ליטר,החברה הדרומית לשיווק בעמ,,,ל 100 גרם,10,ל 100 גרם,false,1,14.90,1.49,false,1,
7290104963223,false,סופטקר  אל סבון קלאסי  1 ליטר,החברה הדרומית לשיווק בעמ,,,ל 100 גרם,10,ל 100 גרם,false,1,14.90,1.49,false,1,
7290105180353,false,סכיו גילוח  עשיריה,אריסטוקרט מ.ב.ליבוא שווק בעמ,IL,,יח,1,,false,1,9.90,9.90,false,1,
7290105182289,false,"בדי  בדיקה""גן  עדן",אריסטוקרט מ.ב.ליבוא שווק בעמ,IL,,יח,1,,false,1,9.90,9.90,false,1,
7290105360250,false,קפסולות מקיאטו  מס`9 למכונת אספרסו,שטראוס גרופ בעמ,,,ל 100 גרם,0.50,ל 100 גרם,false,1,15.90,31.80,true,1,
7290105360328,false,קפסולות אספרסו חזק  מס`10 למכונת אספרסו,שטראוס גרופ בעמ,,,ל 100 גרם,0.50,ל 100 גרם,false,1,15.90,31.80,true,1,
7290105362339,false,שמנת  לבישול 15% מהדרין,שטראוס גרופ בעמ (ח),,,יח,2.50,ל 100 גרם,false,1,8.10,3.24,true,1,
7290105363602,false,\כיף כף מקלות  קלאסי,שטראוס גרופ בעמ,,,יח,0.40,ל 100 גרם,false,1,4.90,12.25,true,1,
7290105364289,false,כיף כף מקלות  פיצפטצים,שטראוס גרופ בעמ,,,יח,0.40,ל 100 גרם,false,1,4.90,12.25,true,1,
7290105364302,false,כיף כף מקלות אגוזים,שטראוס גרופ בעמ,,,יח,0.40,ל 100 גרם,false,1,4.90,12.25,true,1,
7290105368331,false,מילקי  תות,שטראוס גרופ בעמ (ח),,,יח,1.33,"ל 100 מ""ל",false,1,2.90,2.18,false,1,
7290105368904,false,שמנת מתוקה  לקצפת  32|,שטראוס גרופ בעמ (ח),,,יח,2.50,ל 100 גרם,false,1,6.90,2.76,false,1,
7290105368928,false,שמנת  9% טעם  מהדרין,שטראוס גרופ בעמ (ח),,,יח,2,"ל 100 מ""ל",false,1,3.10,1.55,false,1,
7290105430496,false,ספיד סטייק  סטיינגראד,ש.שסטוביץ בעמ,,,יח,1.65,ל 100 גרם,false,1,14.90,9.03,true,1,
7290105439499,false,מנה מאסטר שף מיונז,ש.שסטוביץ בעמ,,,יח,4.81,ל 100 גרם,false,1,10.90,2.27,false,1,
7290105439581,false,מנה מאסטר שף  חרדל די`ון,ש.שסטוביץ בעמ,,,יח,3.70,ל 100 גרם,false,1,9.90,2.68,false,1,
7290105475787,false,מולטיפק  לה קט בג`לי שלישיה,דיפלומט מפיצים {1968}בעמ,,,יח,1.20,ל 100 גרם,false,1,19.90,16.58,false,1,
7290105691248,false,חטיפי טורטיות,קבוצת אוסם סחר שותפות מוגבלת,,,יח,1,ל 100 גרם,false,1,6.90,6.90,false,1,
7290105691712,false,עוגיות  הפסקת קפה חיטה מלאה,קבוצת אוסם סחר שותפות מוגבלת,,,יח,2.30,יח,false,1,10.20,4.43,false,1,
7290105691934,false,"קמח שמרים 1 ק""ג",קבוצת אוסם סחר שותפות מוגבלת,,,יח,10,ל 100 גרם,false,1,8.90,0.89,false,1,
7290105693341,false,במבה אריזה משפחת,קבוצת אוסם סחר שותפות מוגבלת,,,יח,2.50,ל 100 גרם,false,1,13.90,5.56,true,1,
7290105693457,false,עוגת דמקה שוקו וניל,קבוצת אוסם סחר שותפות מוגבלת,,,יח,3.20,ל 100 גרם,false,1,11.90,3.72,false,1,
7290105693952,false,פירורית זהב שומשום,קבוצת אוסם סחר שותפות מוגבלת,,,יח,2,ל 100 גרם,false,1,6.30,3.15,false,1,
7290105694614,false,ספגטי מהיר להכנה ק,קבוצת אוסם סחר שותפות מוגבלת,,,יח,5,ל 100 גרם,false,1,5.40,1.08,true,1,
7290105694928,false,אבקת מרק בצל 220 גר`,קבוצת אוסם סחר שותפות מוגבלת,,,יח,2.20,ל 100 גרם,false,1,15.90,7.23,false,1,
7290105695024,false,פתיתים אפויים אורז עם איטריות,קבוצת אוסם סחר שותפות מוגבלת,,,יח,5,ל 100 גרם,false,1,7.90,1.58,true,1,
7290105695321,false,עוגת בראוניס פאד ג,קבוצת אוסם סחר שותפות מוגבלת,,,יח,3.80,ל 100 גרם,false,1,14.90,3.92,false,1,
7290105964564,false,חומוס   400  גר`אחלה,שטראוס גרופ בעמ (ח),,,יח,4,ל 100 גרם,false,1,8.90,2.23,false,1,
7290105965738,false,דנונה  לשתיה  תות בננה,שטראוס גרופ בעמ (ח),,,יח,2.67,יח,false,1,4.90,1.84,false,1,
7290105968098,false,סלט קולסאו 500  גר`,שטראוס גרופ בעמ (ח),,,יח,5,ל 100 גרם,false,1,14.90,2.98,true,1,
7290105968654,false,טורטליני  בטטה,שטראוס גרופ בעמ (ח),,,יח,4,ל 100 גרם,false,1,19.90,4.98,true,1,
7290105968777,false,פרכיות  אנרג`י  תחתית שוקלד מריר,שטראוס גרופ בעמ,,,יח,0.70,ל 100 גרם,false,1,7.50,10.71,false,1,
7290106520066,false,רבע לשבע  ירוק 160 גרם,שטראוס גרופ בעמ,,,יח,1.60,ל 100 גרם,false,1,11.90,7.44,true,1,
7290106520905,false,סלט טורקי 400  גר` אחלה,שטראוס גרופ בעמ (ח),,,יח,4,ל 100 גרם,false,1,15.90,3.98,true,1,
7290106520912,false,שמנת  לבישול 9%  מהדרין,שטראוס גרופ בעמ (ח),,,יח,2.58,ל 100 גרם,false,1,8.10,3.14,true,1,
7290106521049,false,קוביות סלק  400 גר`,שטראוס גרופ בעמ (ח),,,יח,4,ל 100 גרם,false,1,14.90,3.73,true,1,
7290106521926,false,קפה טורקי 150 ג,שטראוס גרופ בעמ,,,"ל 100 ס""מ",1.50,ל 100 גרם,false,1,10.90,7.27,true,1,
7290106524439,false,תפוציפס פופס  60גר,שטראוס פריטו ליי בעמ,,,יח,0.60,ל 100 גרם,false,1,3.80,6.33,false,1,
7290106525399,false,קפסולות  ברזיל   מס`6  למכונת אספרסו,שטראוס גרופ בעמ,,,ל 100 גרם,0.50,ל 100 גרם,false,1,15.90,31.80,true,1,
7290106526822,false,פרכיות  אנרג`י תחתית שוקולד,שטראוס גרופ בעמ,,,יח,0.80,ל 100 גרם,false,1,7.50,9.38,false,1,
7290106528567,false,דוריטוס  גריל  185 גר,שטראוס פריטו ליי בעמ,,,יח,1.85,ל 100 גרם,false,1,6.90,3.73,false,1,
7290106528628,false,דוריטוס  טבעי   185 גר,שטראוס פריטו ליי בעמ,,,יח,1.85,ל 100 גרם,false,1,6.90,3.73,false,1,
7290106571921,false,עוגיות פיטנס  חמוציות,קבוצת אוסם סחר שותפות מוגבלת,,,יח,1.80,ל 100 גרם,false,1,11.90,6.61,true,1,
7290106572065,false,חטיפי טורטיה חמוץ מתוק,קבוצת אוסם סחר שותפות מוגבלת,,,יח,0.60,ל 100 גרם,false,1,6.90,11.50,false,1,
7290106572997,false,"קמח שמרים לפיצה 1 ק""ג ק",קבוצת אוסם סחר שותפות מוגבלת,,,יח,10,ל 100 גרם,false,1,10.60,1.06,false,1,
7290106573628,false,חומוס עם טחינה   400  גר,קבוצת אוסם סחר שותפות מוגבלת,,,יח,4,ל 100 גרם,false,1,11.90,2.98,true,1,
7290106574793,false,עוגת הבית  שוקו- שוקוצ`יפס,קבוצת אוסם סחר שותפות מוגבלת,,,יח,3.50,ל 100 גרם,false,1,11.90,3.40,false,1,
7290106574953,false,בייגלה  שטוחים   שומשום  ק,קבוצת אוסם סחר שותפות מוגבלת,,,יח,3,ל 100 גרם,false,1,9.90,3.30,false,1,
7290106574977,false,בייגלה שטוחים עם מלח,קבוצת אוסם סחר שותפות מוגבלת,,,יח,3,ל 100 גרם,false,1,9.90,3.30,false,1,
7290106575257,false,עוגת סופלה בטעם שוקולד,קבוצת אוסם סחר שותפות מוגבלת,,,יח,3.40,ל 100 גרם,false,1,11.90,3.50,false,1,
7290106576537,false,חומוס  מסעדה 700  גר`,קבוצת אוסם סחר שותפות מוגבלת,,,יח,7,ל 100 גרם,false,1,10.90,1.56,false,1,
7290106578692,false,במבה  מיקס מהדורת אליפות,קבוצת אוסם סחר שותפות מוגבלת,,,יח,0.60,ל 100 גרם,false,1,3.90,6.50,true,1,
7290106578821,false,עוגת שמרים  שוקולד קלאסית,קבוצת אוסם סחר שותפות מוגבלת,,,יח,3.50,ל 100 גרם,false,1,14.90,4.26,false,1,
7290106652996,false,כיף כף מקלות  קוקוס,שטראוס גרופ בעמ,,,יח,0.40,ל 100 גרם,false,1,4.90,12.25,true,1,
7290106653504,false,סבבה בוטנים ברביקיו  50 גר`,שטראוס פריטו ליי בעמ,,,יח,0.50,ל 100 גרם,false,1,2,4,false,1,
7290106654099,false,מארז מילקי קוקי שמניה,שטראוס גרופ בעמ (ח),,,יח,2.72,"ל 100 מ""ל",false,1,19.90,7.32,false,1,
7290106656727,false,"חיוכים  שוקו   600  גר`בד""צ",שטראוס גרופ בעמ,,,יח,6,ל 100 גרם,false,1,16.90,2.82,false,1,
7290106656734,false,"חיוכים וניל  600  גר`בד""צ",שטראוס גרופ בעמ,,,יח,6,ל 100 גרם,false,1,16.90,2.82,false,1,
7290106663558,false,רוטב טריאקי רימון  יד מרדכי,שטראוס גרופ בעמ,,,יח,2.80,"ל 100 מ""ל",false,1,12.90,4.61,false,1,
7290106666788,false,סוכ`  דבש ממולאות,שטראוס גרופ בעמ,,,יח,0.80,ל 100 גרם,false,1,5,6.25,false,1,
7290106667266,false,דוריטוס חמוץ חריף  185 גר,שטראוס פריטו ליי בעמ,,,יח,1.85,ל 100 גרם,false,1,6.90,3.73,false,1,
7290106668577,false,"מיץ  ליימון טבעי   250 מ""ל יד מרדכי",שטראוס גרופ בעמ,,,יח,2.50,"ל 100 מ""ל",false,1,7.90,3.16,true,1,
7290106668713,false,דנונה  פירות יער   3%,שטראוס גרופ בעמ (ח),,,יח,1.50,"ל 100 מ""ל",false,1,3.90,2.60,true,1,
7290106721913,false,צנצנת  צ`יקלט ריח פה,שטראוס גרופ בעמ,,,יח,0.66,ל 100 גרם,false,1,9.90,15,true,1,
7290106721920,false,צנצנת  ספירמנט צ`יקלט,שטראוס גרופ בעמ,,,יח,1,ל 100 גרם,false,1,9.90,9.90,true,1,
7290107280099,false,מגב`סופט 3X48,החברה הדרומית לשיווק בעמ,,,יח,0,ל 100 גרם,false,1,16.90,16.90,false,1,
7290107280341,false,מטליות לחות  לינקוי הריצפה,החברה הדרומית לשיווק בעמ,,,יח,1,,false,1,11.90,11.90,false,1,
7290107280570,false,ג`ל כביסה 3 ליטר מקסימה,החברה הדרומית לשיווק בעמ,,,יח,30,"ל 100 מ""ל",false,1,28.90,0.96,false,1,
7290107280761,false,ספארק כלים  לימון 1  ליטר+ משאבה,החברה הדרומית לשיווק בעמ,,,יח,10,"ל 100 מ""ל",false,1,11.90,1.19,false,1,
7290107645584,false,KNORR ANI REAL CHICKEN SAVVY 6X400G,"יוניליוור ישראלשיווק בע""מ",,,יח,4,ל 100 גרם,false,1,19.90,4.98,false,1,
7290107646062,false,KNORR ANI REAL CHICKEN SAVVY 6X400G,"יוניליוור ישראלשיווק בע""מ",,,יח,4,ל 100 גרם,false,1,19.90,4.98,false,1,
7290107646147,false,שוגי קורנפלקס שישיה*,"יוניליוור ישראלשיווק בע""מ",,,יח,1.56,ל 100 גרם,false,1,12.90,8.27,false,1,
7290107646154,false,קוקומן פצפוצים  שישיה*,"יוניליוור ישראלשיווק בע""מ",,,יח,1.56,ל 100 גרם,false,1,12.90,8.27,false,1,
7290107646826,false,מאגדת שוגי שוקו  שישיה*,"יוניליוור ישראלשיווק בע""מ",,,יח,1.56,ל 100 גרם,false,1,12.90,8.27,false,1,
7290107647731,false,TELMA COCOMAN B&W 20 LS BDZ 12X375G,"יוניליוור ישראלשיווק בע""מ",,,יח,375,ל 100 גרם,false,12,19.90,0.05,true,1,
7290107647816,false,TELMA BRANFLAKES NO SUGAR BADAZ 12X500G,"יוניליוור ישראלשיווק בע""מ",,,יח,5,ל 100 גרם,false,1,19.90,3.98,false,1,
7290107649100,false,B&B ONE ONE 400 GR,"יוניליוור ישראלשיווק בע""מ",,,יח,4,ל 100 גרם,false,1,8.90,2.23,false,1,
7290107649681,false,קואנטו  פסק זמן,"גלידת שטראוס בע""מ",,,יח,0.64,ל 100 גרם,false,1,6.90,10.78,true,1,
7290107649728,false,גלידה 2 ליטר  פרווה וניל,"גלידת שטראוס בע""מ",,,יח,2,לליטר,false,1,22.90,11.45,false,1,
7290107649735,false,גלידה 2 ליטר מעדן קפוא,"גלידת שטראוס בע""מ",,,יח,2,לליטר,false,1,22.90,11.45,false,1,
7290107649780,false,שוקובו  שוקו,"גלידת שטראוס בע""מ",,,יח,0.85,ל 100 גרם,false,1,8.50,10,true,1,
7290107649858,false,טילון מגנום  לבן,"גלידת שטראוס בע""מ",,,יח,1,,false,1,9.90,9.90,true,1,
7290107871297,false,פרכונים  מיני עשבי תיבול,קבוצת אוסם סחר שותפות מוגבלת,,,יח,0.25,ל 100 גרם,false,1,3.90,15.60,false,1,
7290107871990,false,פסטה  צינורות,קבוצת אוסם סחר שותפות מוגבלת,,,יח,5,ל 100 גרם,false,1,5.80,1.16,true,1,
7290107874427,false,פרכונים  מיני זעתר,קבוצת אוסם סחר שותפות מוגבלת,,,יח,0.25,ל 100 גרם,false,1,3.90,15.60,false,1,
7290107874441,false,פרכונים  מיני בצל,קבוצת אוסם סחר שותפות מוגבלת,,,יח,0.25,ל 100 גרם,false,1,3.90,15.60,false,1,
7290107874502,false,מארז ביסלי ברבקיו 4  יח,קבוצת אוסם סחר שותפות מוגבלת,,,יח,2.01,ל 100 גרם,false,1,11.90,5.92,true,1,
7290107877619,false,"במבה במילוי קרם נוגט כשל""פ",קבוצת אוסם סחר שותפות מוגבלת,,,יח,1.50,ל 100 גרם,false,1,12.90,8.60,true,1,
7290107879132,false,פיטנס מיני  פרכיות  שוקולד,קבוצת אוסם סחר שותפות מוגבלת,,,יח,0.22,ל 100 גרם,false,1,4.90,22.27,false,1,
7290107930321,false,קונפיטורה  דובדבן 340 גר`,שטראוס גרופ בעמ,,,יח,3.40,ל 100 גרם,false,1,12.90,3.79,true,1,
7290107931397,false,כיף כף פצפצים,שטראוס גרופ בעמ,,,יח,0.40,ל 100 גרם,false,1,4.90,12.25,true,1,
7290107932080,false,החלב של יטבתה  3%,שטראוס גרופ בעמ (ח),,,יח,1,לליטר,false,1,7.50,7.50,false,1,
7290107932134,false,החלב של יטבתה 1%,שטראוס גרופ בעמ (ח),,,יח,1,לליטר,false,1,7.50,7.50,false,1,
7290107936309,false,דנונה  יווני לבן,שטראוס גרופ בעמ (ח),,,יח,1.30,ל 100 גרם,false,1,3.30,2.54,false,1,
7290107937542,false,משקה אקטביה  תות,שטראוס גרופ בעמ (ח),,,יח,1.20,"ל 100 מ""ל",false,1,4.90,4.08,false,1,
7290107937627,false,צנצנת  מאסט קוביות,שטראוס גרופ בעמ,,,יח,0.58,ל 100 גרם,false,1,9.90,17.07,true,1,
7290107937641,false,צנצנת בזוקה ציקלט,שטראוס גרופ בעמ,,,יח,1,ל 100 גרם,false,1,9.90,9.90,true,1,
7290107937856,false,קפסולות  עלית  מס`11 למעונת אספרסו,שטראוס גרופ בעמ,,,ל 100 גרם,0.50,ל 100 גרם,false,1,15.90,31.80,true,1,
7290107938396,false,שמנית אקטימל תות  בנים,שטראוס גרופ בעמ (ח),,,יח,8,"ל 100 מ""ל",false,1,21.20,2.65,false,1,
7290107943192,false,שמנת  חמוצה מהערבה 27% שומן,שטראוס גרופ בעמ (ח),,,יח,2,"ל 100 מ""ל",false,1,4.10,2.05,false,1,
7290107944472,false,סימפוניה שום שמיר 3%,שטראוס גרופ בעמ (ח),,,יח,2,ל 100 גרם,false,1,11.20,5.60,false,1,
7290107950190,false,מעדן שטראוס דיאט  שוקלד מריר,שטראוס גרופ בעמ (ח),,,יח,1.30,ל 100 גרם,false,1,3.30,2.54,false,1,
7290107950206,false,מעדן שטראוס  טעם שוקלד,שטראוס גרופ בעמ (ח),,,יח,1.30,ל 100 גרם,false,1,3.30,2.54,false,1,
7290107951140,false,וופל שוקולד  200,שטראוס גרופ בעמ,,,יח,2,ל 100 גרם,false,1,3.90,1.95,false,1,
7290107951715,false,צנצנת בזוקה  ענבים,שטראוס גרופ בעמ,,,יח,0.58,ל 100 גרם,false,1,9.90,17.07,true,1,
7290107953559,false,מארז טורקי  לדרך,שטראוס גרופ בעמ,,,יח,1.40,ל 100 גרם,false,1,18.90,13.50,true,1,
7290107954976,false,משקה  יטבתה פרו  קפה,שטראוס גרופ בעמ (ח),,,יח,0.35,"ל 100 מ""ל",false,1,6.50,18.57,false,1,
7290107956710,false,שרינק  16 מיני  מילקי,שטראוס גרופ בעמ (ח),,,יח,1.12,יח,false,1,19.90,17.77,false,1,
7290107956895,false,קפסולות טעם קרמל G  למכונת אספרסו,שטראוס גרופ בעמ,,,ל 100 גרם,0.50,ל 100 גרם,false,1,15.90,31.80,true,1,
7290107957069,false,צנצנת  עלמה טעם אוכמניות,שטראוס גרופ בעמ,,,יח,1,ל 100 גרם,false,1,9.90,9.90,true,1,
7290107957991,false,מילקי  מינייס,שטראוס גרופ בעמ (ח),,,יח,0.1440,"ל 100 מ""ל",false,1,13.90,96.53,false,1,
7290107973311,false,קולגייט  מברשת 360 אופטיק וייט זוג,ש.שסטוביץ בעמ,,,יח,1,,false,1,24.90,24.90,false,1,
7290107974301,false,ליידי ספיד סטיק  אלוורה ג`ל,ש.שסטוביץ בעמ,,,יח,0.50,"ל 100 מ""ל",false,1,19.90,39.80,true,1,
7290107974837,false,מנה  ממרח  מתובל שום 253 גר`,ש.שסטוביץ בעמ,,,יח,2.53,ל 100 גרם,false,1,7.90,3.12,false,1,
7290107975278,false,"ליידי ספיד סטייק אלוורה,",ש.שסטוביץ בעמ,,,יח,1,,false,1,19.90,19.90,true,1,
7290107975346,false,ספיד סטיק  כוח הטבע,ש.שסטוביץ בעמ,,,יח,1,,false,1,19.90,19.90,true,1,
7290107975360,false,ליידי ספיד סטיק  פיור פרשנס ג`ל,ש.שסטוביץ בעמ,,,יח,0.50,"ל 100 מ""ל",false,1,19.90,39.80,true,1,
7290107978330,false,מאסטר שף אטריות דקות 400 גר`,ש.שסטוביץ בעמ,,,יח,4,ל 100 גרם,false,1,3.90,0.98,false,1,
7290107978453,false,קרנצ`וס גריל 55 גר`,ש.שסטוביץ בעמ,,,יח,0.55,ל 100 גרם,false,1,2.20,4,false,1,
7290107978460,false,קרנצ`וס  פלאפל  55 גר`,ש.שסטוביץ בעמ,,,יח,0.55,ל 100 גרם,false,1,2.20,4,false,1,
7290108350258,false,נייר סופט  12 גלילים,החברה הדרומית לשיווק בעמ,,,יח,30.10,ל 100 גרם,false,1,39.90,1.33,false,1,
7290108350548,false,ספארק כלים  לבנדר  1  ליטר+ משאבה,החברה הדרומית לשיווק בעמ,,,יח,10,"ל 100 מ""ל",false,1,11.90,1.19,false,1,
7290108350555,false,ספארק כלים  שקד   1  ליטר+ משאבה,החברה הדרומית לשיווק בעמ,,,יח,10,"ל 100 מ""ל",false,1,11.90,1.19,false,1,
7290108350616,false,מרכך מקסימה  מרוכז  כחול,החברה הדרומית לשיווק בעמ,,,יח,1,לליטר,false,1,17.90,17.90,false,1,
7290108350623,false,מרכך מקסימה  מרוכז,החברה הדרומית לשיווק בעמ,,,יח,1,לליטר,false,1,17.90,17.90,false,1,
7290108351149,false,סנו  ג`ט פלוס לניקוי כללי ורצפות,החברה הדרומית לשיווק בעמ,,,יח,1.50,לליטר,false,1,11.90,7.93,false,1,
7290108351156,false,סנו  ג`ט פלוס לניקוי כללי ורצפות,החברה הדרומית לשיווק בעמ,,,יח,1.50,לליטר,false,1,11.90,7.93,false,1,
7290108351507,false,מרכך  4 ליטר מקסימה ה,החברה הדרומית לשיווק בעמ,,,יח,40,"ל 100 מ""ל",false,1,21.90,0.55,false,1,
7290108351514,false,מרכך  4 ליטר מקסיה,החברה הדרומית לשיווק בעמ,,,יח,40,"ל 100 מ""ל",false,1,21.90,0.55,false,1,
7290108351552,false,סנו  ג`ט פלוס לניקוי  כללי+חומץ,החברה הדרומית לשיווק בעמ,,,יח,7.50,"ל 100 מ""ל",false,1,11.90,1.59,false,1,
7290108351569,false,מקסימה למייבש מר,החברה הדרומית לשיווק בעמ,,,יח,7.50,"ל 100 מ""ל",false,1,17.90,2.39,false,1,
7290108351613,false,ריצפז פ. הום כותנה   2 ליטר,החברה הדרומית לשיווק בעמ,,,יח,20,"ל 100 מ""ל",false,1,19.90,1,false,1,
7290108351699,false,מגבונים ג`ט + חומץ שלישיה,החברה הדרומית לשיווק בעמ,,,יח,1,יח,false,1,19.90,19.90,false,1,
7290108351804,false,מרכך מקסימה  סופר מרוכז,החברה הדרומית לשיווק בעמ,,,יח,10,"ל 100 מ""ל",false,1,17.90,1.79,false,1,
7290108352009,false,סנו  ספארק  לניקוי כלים  קפסולות,החברה הדרומית לשיווק בעמ,,,יח,50,יח,false,1,39.90,0.80,false,1,
7290108352207,false,מקסימה  40 קפסולות,החברה הדרומית לשיווק בעמ,,,יח,8.40,ל 100 גרם,false,1,29.90,3.56,false,1,
7290108352221,false,פרש  הום  מלון מפנק,החברה הדרומית לשיווק בעמ,,,יח,3.50,ל 100 גרם,false,1,10.90,3.11,false,1,
7290108352252,false,ספארק כלים  לימון 1  ליטר+ משאבה,החברה הדרומית לשיווק בעמ,,,יח,10,"ל 100 מ""ל",false,1,11.90,1.19,false,1,
7290108352337,false,סנו  פרש אוטומטיק   מלון מפנק,החברה הדרומית לשיווק בעמ,,,יח,1.65,ל 100 גרם,false,1,13.90,8.42,false,1,
7290108352344,false,סנו  פרש אוטומטיק   מלון בוטיק,החברה הדרומית לשיווק בעמ,,,יח,1.65,ל 100 גרם,false,1,13.90,8.42,false,1,
7290108352399,false,ריצפז פרש  הום,החברה הדרומית לשיווק בעמ,,,יח,20,"ל 100 מ""ל",false,1,19.90,1,false,1,
7290108352450,false,ריצפז פרש  הום בריח מקסימה,החברה הדרומית לשיווק בעמ,,,יח,20,"ל 100 מ""ל",false,1,19.90,1,false,1,
7290108352566,false,מרכך  4 ליטר,החברה הדרומית לשיווק בעמ,,,יח,40,"ל 100 מ""ל",false,1,21.90,0.55,false,1,
7290108352573,false,מרכך  4 ליטר  בישום עוצמתי,החברה הדרומית לשיווק בעמ,,,יח,40,"ל 100 מ""ל",false,1,21.90,0.55,false,1,
7290108352641,false,מטליות  סנו סושי,החברה הדרומית לשיווק בעמ,,,יח,1,,false,1,14.90,14.90,false,1,
7290108352689,false,כריות קירצוף 9  יח`ליכלוך קשה,החברה הדרומית לשיווק בעמ,,,יח,1,,false,1,9.90,9.90,false,1,
7290108352900,false,מגבות מטבח הפלא סנו שישייה גליל כפול,החברה הדרומית לשיווק בעמ,,,יח,25.50,ל 100 גרם,false,1,24.90,0.98,false,1,
7290108353068,false,סנו 2 כריות סיבי  נירוסטה(חדש),החברה הדרומית לשיווק בעמ,,,יח,1,,false,1,11.90,11.90,false,1,
7290108353099,false,ממחטות סופט חמישיה,החברה הדרומית לשיווק בעמ,,,יח,1,,false,1,13.90,13.90,false,1,
7290108353686,false,סנו סושי   מטלית לריצפה,החברה הדרומית לשיווק בעמ,,,יח,1,,false,1,11.90,11.90,false,1,
7290108354065,false,קרמה  מן  ג`ל רחצה  750,החברה הדרומית לשיווק בעמ,,,יח,7,"ל 100 מ""ל",false,1,19.90,2.84,false,1,
7290108354270,false,מרכך מקסימה ביו מרוכז,החברה הדרומית לשיווק בעמ,,,יח,1,לליטר,false,1,17.90,17.90,false,1,
7290108354751,false,סנו  ג`ט פלוס לניקוי  כללי+חומץ,החברה הדרומית לשיווק בעמ,,,יח,7.50,"ל 100 מ""ל",false,1,11.90,1.59,false,1,
7290108356106,false,"כיף  תחליב רחצה שקד  700 מ""ל",החברה הדרומית לשיווק בעמ,,,יח,7,"ל 100 מ""ל",false,1,11.90,1.70,false,1,
7290108356113,false,"כיף  תחליב רחצה דבש 700 מ""ל",החברה הדרומית לשיווק בעמ,,,יח,7,"ל 100 מ""ל",false,1,11.90,1.70,false,1,
7290108356137,false,"כיף  תחליב רחצה  לבנדר   700 מ""ל",החברה הדרומית לשיווק בעמ,,,יח,7,"ל 100 מ""ל",false,1,11.90,1.70,false,1,
7290108356151,false,כיף  תחליב רחצה מאסק יסמין,החברה הדרומית לשיווק בעמ,,,יח,7,"ל 100 מ""ל",false,1,11.90,1.70,false,1,
7290108356489,false,"כיף  תחליב רחצה  אפרסק  700 מ""ל",החברה הדרומית לשיווק בעמ,,,יח,7,"ל 100 מ""ל",false,1,11.90,1.70,false,1,
7290108356533,false,שמפו קרליין  10 לשיער  מתולתל,החברה הדרומית לשיווק בעמ,,,יח,7,"ל 100 מ""ל",false,1,12.90,1.84,false,1,
7290108356564,false,מרכך קרליין  10 לשיער רגיל,החברה הדרומית לשיווק בעמ,,,יח,7,"ל 100 מ""ל",false,1,12.90,1.84,false,1,
7290108356854,false,מגבוני  בייבי כיף  חמשיה,החברה הדרומית לשיווק בעמ,,,יח,1,,false,1,19.90,19.90,false,1,
7290108357011,false,"כיף  מרכך  ורד ושמן קוקוי 700 מ""ל",החברה הדרומית לשיווק בעמ,,,יח,7,"ל 100 מ""ל",false,1,11.90,1.70,false,1,
7290108357233,false,מטליות לחות לניקוי והברקה,החברה הדרומית לשיווק בעמ,,,יח,1,,false,1,13.90,13.90,false,1,
7290108357240,false,אבקה עוצמתית אוקסיג`ן לבנה וצבעונית,החברה הדרומית לשיווק בעמ,,,יח,1.40,"ל 100 מ""ל",false,1,31.90,22.79,false,1,
7290108357295,false,מרסס מסיר כתמים אוקסיג`ין,החברה הדרומית לשיווק בעמ,,,יח,7.50,"ל 100 מ""ל",false,1,17.90,2.39,false,1,
7290108357417,false,קרם גוף קרמה  ורוד,החברה הדרומית לשיווק בעמ,,,יח,5,"ל 100 מ""ל",false,1,23.90,4.78,false,1,
7290108357707,false,"כיף שמפו לשיער רגיל  700 מ""ל",החברה הדרומית לשיווק בעמ,,,יח,7,"ל 100 מ""ל",false,1,11.90,1.70,false,1,
7290108357714,false,"כיף שמפו   לשיער יבש    700 מ""ל",החברה הדרומית לשיווק בעמ,,,יח,7,"ל 100 מ""ל",false,1,11.90,1.70,false,1,
7290108357745,false,"כיף  שמפו+מרכך  תאנה ומנטה    700 מ""ל",החברה הדרומית לשיווק בעמ,,,יח,7,"ל 100 מ""ל",false,1,11.90,1.70,false,1,
7290108357769,false,"כיף מרכך  לשיער רגיל  700 מ""ל",החברה הדרומית לשיווק בעמ,,,יח,7,"ל 100 מ""ל",false,1,11.90,1.70,false,1,
7290108359060,false,סנו סושי כריות לניקוי שבת,החברה הדרומית לשיווק בעמ,,,יח,1,,false,1,9.90,9.90,false,1,
7290108359824,false,"קרם גוף  בייבי כיף 500  מ""ל",החברה הדרומית לשיווק בעמ,,,יח,5,"ל 100 מ""ל",false,1,19.90,3.98,false,1,
7290108359985,false,סנו ג באל מרסס   בניחוח פריחה,החברה הדרומית לשיווק בעמ,,,יח,10,"ל 100 מ""ל",false,1,17.90,1.79,false,1,
7290108500271,false,שלישית פטריות חתוך מהדרין,ג.וילי פוד בעמ,,,יח,8.70,ל 100 גרם,false,1,10.90,1.25,false,1,
7290108500677,false,כבד דגים 120ג ויליפוד *,ג.וילי פוד בעמ,,,יח,1.15,ל 100 גרם,false,1,9.90,8.61,true,1,
7290108505375,false,צהובה פרוסות  400גר`,ג.וילי פוד בעמ,,,יח,4,ל 100 גרם,false,1,18.90,4.73,false,1,
7290109351025,false,חומוס טחינה צבר   400 גר`,קבוצת אוסם סחר שותפות מוגבלת,,,יח,4,ל 100 גרם,false,1,13.90,3.48,true,1,
7290109352916,false,פיטנס בר  פרכיות שוקולד  לבן,קבוצת אוסם סחר שותפות מוגבלת,,,יח,0.84,יח,false,1,14.50,17.26,true,1,
7290109353753,false,פרפקטו  ספירלו טריו,קבוצת אוסם סחר שותפות מוגבלת,,,יח,4.50,ל 100 גרם,false,1,6.90,1.53,false,1,
7290109354101,false,לחמית  ללא גלוטן 200,קבוצת אוסם סחר שותפות מוגבלת,,,יח,2,ל 100 גרם,false,1,10.90,5.45,true,1,
7290109358765,false,"קרנץ רולס נוגט בד""ץ.",קבוצת אוסם סחר שותפות מוגבלת,,,יח,4.80,ל 100 גרם,false,1,21.90,4.56,true,1,
7290109580043,false,"שניצל  תירס 1.75 ק""ג זוגלובק",זוגלובק שיווק בעמ,,,יח,1.75,ל 100 גרם,false,1,49.90,28.51,true,1,
7290109580142,false,"נקנקיות מן הצומח  1.75 ק""ג זוגלובק",זוגלובק שיווק בעמ,,,יח,1.75,ל 100 גרם,false,1,49.90,28.51,false,1,
7290109580302,false,זוגות -700  גרם-בדצ בית יוסף-זוגלובק,זוגלובק שיווק בעמ,,,יח,7,ל 100 גרם,false,1,26.90,3.84,false,1,
7290109580326,false,נקנקיות 800 גר בית יוסף-זוגלובק,זוגלובק שיווק בעמ,,,יח,8,ל 100 גרם,false,1,19.90,2.49,false,1,
7290109580357,false,צמד 600- בדצ בית יוסף-זוגלובק,זוגלובק שיווק בעמ,,,יח,6,ל 100 גרם,false,1,26.90,4.48,false,1,
7290109920320,false,אסטוניש מרסס משמיד עובש,"יעקב יעקבי ובניו בע""מ",,,יח,7.50,"ל 100 מ""ל",false,1,11.90,1.59,false,1,
7290109921075,false,דזיטול  נוזל מחטא בגדים,"יעקב יעקבי ובניו בע""מ",,,יח,0.50,"ל 100 מ""ל",false,1,11.90,23.80,false,1,
7290109921372,false,משחת  אסטוניש + ספוג,"יעקב יעקבי ובניו בע""מ",,,יח,2.50,ל 100 גרם,false,1,18.90,7.56,false,1,
7290109921587,false,יעקבי  רצפות גרניט  פורצלן,"יעקב יעקבי ובניו בע""מ",,,יח,1.25,"ל 100 מ""ל",false,1,14.90,11.92,false,1,
7290110000493,false,חמאת בוטנים טבעית קרנצ`,בטר אנד דיפרנט בעמ,,,יח,3.50,ל 100 גרם,false,1,13.50,3.86,false,1,
7290110110369,false,קלסברג  לומה שישיה,החברה המרכזית להפצת משקאות בע,,,יח,20,"ל 100 מ""ל",false,1,39.90,1.91,true,1,
7290110110574,false,"קולה זירו 330 מ""ל לימון",החברה המרכזית להפצת משקאות בע,,,יח,3.30,"ל 100 מ""ל",false,1,5.50,1.58,true,1,
7290110110611,false,ספרייט 1.5  חדש ליטר,החברה המרכזית להפצת משקאות בע,,,יח,15,"ל 100 מ""ל",false,1,8.60,0.57,false,1,
7290110113476,false,קרלסברג 0% אלכהל שישיה,החברה המרכזית להפצת משקאות בע,,,יח,6,יח,false,1,29.90,4.68,false,1,
7290110114787,false,נביעות 1.5 תפוח ק,החברה המרכזית להפצת משקאות בע,,,יח,15,"ל 100 מ""ל",false,1,8.90,0.57,false,1,
7290110114794,false,נביעות 1.5 אפרסק,החברה המרכזית להפצת משקאות בע,,,יח,1.50,לליטר,false,1,8.90,5.73,false,1,
7290110114800,false,נביעות 1.5 ענבים,החברה המרכזית להפצת משקאות בע,,,יח,1.50,לליטר,false,1,8.90,5.73,false,1,
7290110114855,false,מים נביעות שישיה 1.5 ל`,החברה המרכזית להפצת משקאות בע,,,יח,90,"ל 100 מ""ל",false,1,13.70,0.13,false,1,
7290110114893,false,סחוט תפוזים 2 ליטר,החברה המרכזית טלהפצת משקאות בע,,,יח,2,לליטר,false,1,28.90,14.30,true,1,
7290110114954,false,פריגת 100% תפוזים מתקתק,החברה המרכזית טלהפצת משקאות בע,,,יח,20,"ל 100 מ""ל",false,1,23.90,1.18,true,1,
7290110114961,false,פריגת תפוזים 1.5 ליטר,החברה המרכזית להפצת משקאות בע,,,יח,15,"ל 100 מ""ל",false,1,8.90,0.57,false,1,
7290110114985,false,פריגת אשכוליות 1.5 ליטר,החברה המרכזית להפצת משקאות בע,,,יח,15,"ל 100 מ""ל",false,1,8.90,0.57,false,1,
7290110115005,false,פריגת ענבים  1.5 ליטר,החברה המרכזית להפצת משקאות בע,,,יח,15,"ל 100 מ""ל",false,1,8.90,0.57,false,1,
7290110115029,false,פריגת תפוחים 1.5 ליטר,החברה המרכזית להפצת משקאות בע,,,יח,15,"ל 100 מ""ל",false,1,8.90,0.57,false,1,
7290110115036,false,משקה מנגו פריגת 1.5 ליטר,החברה המרכזית להפצת משקאות בע,,,יח,15,"ל 100 מ""ל",false,1,8.90,0.57,false,1,
7290110115043,false,פריגת  משקה  לימונענע 1.5 ליר,החברה המרכזית להפצת משקאות בע,,,יח,1.50,לליטר,false,1,8.90,5.73,false,1,
7290110115050,false,מיקס תות-בננה 1.5 ליטר,החברה המרכזית להפצת משקאות בע,,,יח,15,"ל 100 מ""ל",false,1,8.90,0.57,false,1,
7290110115081,false,פריגת  צלול ענבים 1.5 ליטר,החברה המרכזית להפצת משקאות בע,,,יח,15,"ל 100 מ""ל",false,1,8.90,0.57,false,1,
7290110115104,false,פריגת  צלול  אפרסק   1.5 ליטר,החברה המרכזית להפצת משקאות בע,,,יח,15,"ל 100 מ""ל",false,1,8.90,0.57,false,1,
7290110115111,false,פריגת  צלול אננס  1.5 ליטר,החברה המרכזית להפצת משקאות בע,,,יח,15,"ל 100 מ""ל",false,1,8.90,0.57,false,1,
7290110115128,false,פריגת  צלול לימונענע  1.5 ליטר,החברה המרכזית להפצת משקאות בע,,,יח,15,"ל 100 מ""ל",false,1,8.90,0.57,false,1,
7290110115180,false,נביעות  1.5,החברה המרכזית להפצת משקאות בע,,,יח,15,"ל 100 מ""ל",false,1,2.90,0.17,false,1,
7290110115203,false,קולה 1.5 ק,החברה המרכזית להפצת משקאות בע,,,יח,15,"ל 100 מ""ל",false,1,8.90,0.57,false,1,
7290110115227,false,קולה ZIRO 1.50 ק,החברה המרכזית להפצת משקאות בע,,,יח,15,"ל 100 מ""ל",false,1,8.90,0.57,false,1,
7290110115258,false,קולה  זירו מנגו 1.50,החברה המרכזית להפצת משקאות בע,,,יח,15,"ל 100 מ""ל",false,1,8.90,0.57,false,1,
7290110115265,false,ספרייט 1.5  חדש ליטר,החברה המרכזית להפצת משקאות בע,,,יח,15,"ל 100 מ""ל",false,1,8.90,0.57,true,1,
7290110115272,false,ספרייט זירו  1.5 ליטר,החברה המרכזית להפצת משקאות בע,,,יח,15,"ל 100 מ""ל",false,1,8.90,0.57,true,1,
7290110115289,false,ספרייט לימון נענע 1.50 ליטר,החברה המרכזית להפצת משקאות בע,,,יח,15,"ל 100 מ""ל",false,1,8.90,0.57,true,1,
7290110115296,false,|פאנטה אורנג 1.5,החברה המרכזית להפצת משקאות בע,,,יח,15,"ל 100 מ""ל",false,1,8.90,0.57,false,1,
7290110115319,false,פאנטה אקזוטי 1.5,החברה המרכזית להפצת משקאות בע,,,יח,15,"ל 100 מ""ל",false,1,8.90,0.57,false,1,
7290110115333,false,פאנטה  תות  1.5,החברה המרכזית להפצת משקאות בע,,,יח,15,"ל 100 מ""ל",false,1,8.90,0.57,false,1,
7290110115340,false,פאנטה ענבים 1.5,החברה המרכזית להפצת משקאות בע,,,יח,1.50,לליטר,false,1,8.90,5.73,false,1,
7290110115357,false,סודה 1.5 ליטר  ק,החברה המרכזית להפצת משקאות בע,,,יח,1.50,לליטר,false,1,3.30,2,false,1,
7290110115364,false,קוקה קולה שישיות 1.5 ליטר .,החברה המרכזית להפצת משקאות בע,,,יח,6,למארז,false,1,49.90,8.02,false,1,
7290110115401,false,שישית  סודה קינלי,החברה המרכזית להפצת משקאות בע,,,יח,90,"ל 100 מ""ל",false,1,15.90,0.16,false,1,
7290110115418,false,קוקה קולה ZIRO שישיה 1.50 ק,החברה המרכזית להפצת משקאות בע,,,יח,90,"ל 100 מ""ל",false,1,49.90,0.53,false,1,
7290110115449,false,תה מנגו אננס   1.5 ליטר FUZE T,החברה המרכזית להפצת משקאות בע,,,יח,15,"ל 100 מ""ל",false,1,8.90,0.57,false,1,
7290110115456,false,תה אפרסק    19 קלו  1.5  FUZE T,החברה המרכזית להפצת משקאות בע,,,יח,15,"ל 100 מ""ל",false,1,8.90,0.57,false,1,
7290110115463,false,תה אפרסק     1.5  FUZE T,החברה המרכזית להפצת משקאות בע,,,יח,15,"ל 100 מ""ל",false,1,8.90,0.57,false,1,
7290110115494,false,תה ענבים    1.5  FUZE T,החברה המרכזית להפצת משקאות בע,,,יח,1.50,לליטר,false,1,8.90,5.73,false,1,
7290110115586,false,פריגת תפוזים  19  קל`1.5,החברה המרכזית להפצת משקאות בע,,,יח,15,"ל 100 מ""ל",false,1,8.90,0.57,false,1,
7290110115593,false,פריגת  אשכוליות   19  קל`1.5 ליטר,החברה המרכזית להפצת משקאות בע,,,יח,15,"ל 100 מ""ל",false,1,8.90,0.57,false,1,
7290110116194,false,נביעות+ לימון ליים 0 קלוריות   1.5 לי,החברה המרכזית להפצת משקאות בע,,,יח,15,"ל 100 מ""ל",false,1,9.40,0.61,false,1,
7290110116385,false,קוקה קולה פח 330 אבטיח תות,החברה המרכזית להפצת משקאות בע,,,יח,3.30,"ל 100 מ""ל",false,1,4.90,1.39,true,1,
7290110116552,false,ספרייט 1.5 לימון היט  חדש ליטר.,החברה המרכזית להפצת משקאות בע,,,יח,15,"ל 100 מ""ל",false,1,8.90,0.57,true,1,
7290110320683,false,יופלה 360 מארז 8 תות,תנובה -חלב,,,יח,8,"ל 100 מ""ל",false,1,16.90,2.11,false,1,
7290110320850,false,פתיתי עמק  200,תנובה -חלב,,,יח,2,ל 100 גרם,false,1,14.30,7.15,false,1,
7290110320867,false,פתיתי עמק למאפים 28%  500 גר`,תנובה -חלב,,,יח,2,ל 100 גרם,false,1,28.90,14.45,false,1,
7290110321277,false,קוטג בקטנה 5%. 100 גרם מהדרין תנובה,תנובה -חלב,,,יח,1,ל 100 גרם,false,1,2.50,2.50,false,1,
7290110321284,false,קוטג בקטנה 9%  מהדרין,תנובה -חלב,,,יח,1,ל 100 גרם,false,1,2.50,2.50,false,1,
7290110321703,false,יופלה גו פירות יער,תנובה -חלב,,,יח,1,ל 100 גרם,false,1,5.50,5.50,false,1,
7290110322014,false,טופו טבעי תנובה 300 גר`,תנובה -חלב,,,יח,0.30,ל 100 גרם,false,1,12.90,43,false,1,
7290110323714,false,משקה  קוקוס שקדים,תנובה -חלב,,,יח,10,לליטר,false,1,11.90,1.19,false,1,
7290110323998,false,שמנית קרלו  מיני קרלו  קצפת,תנובה -חלב,,,יח,6.16,ל 100 גרם,false,1,13.90,2.26,false,1,
7290110324841,false,מעדן שקדים עם שוקולד מריר,תנובה -חלב,,,יח,1.25,ל 100 גרם,false,1,3.90,3.12,false,1,
7290110324872,false,גלבוע 5%,תנובה -חלב,,,יח,2,"ל 100 מ""ל",false,1,17.90,8.95,false,1,
7290110324926,false,סויה  ללא תוספת סוכר,תנובה -חלב,,,יח,1,לליטר,false,1,9.90,9.90,false,1,
7290110325084,false,קרלו שמניה מיני  שוניל,תנובה -חלב,,,יח,8,"ל 100 מ""ל",false,1,13.90,1.74,false,1,
7290110325312,false,מעדן סויה גו  בטעם תות,תנובה -חלב,,,יח,2,"ל 100 מ""ל",false,1,5.50,2.75,false,1,
7290110325619,false,משקה שיבולת שועל,תנובה -חלב,,,יח,10,"ל 100 מ""ל",false,1,11.90,1.19,false,1,
7290110325701,false,פיראוס ציזיקי יווני 9%,תנובה -חלב,,,יח,2.50,ל 100 גרם,false,1,11.90,4.76,false,1,
7290110325893,false,"אייס קפה גו 340 מ""ל",תנובה -חלב,,,יח,3.40,"ל 100 מ""ל",false,1,7.30,2.15,false,1,
7290110326210,false,יופלה  און טופ פיצפוצים,תנובה -חלב,,,יח,1.57,"ל 100 מ""ל",false,1,4.90,3.12,false,1,
7290110326227,false,יופלה  און טופ  קורנפלקס,תנובה -חלב,,,יח,1.57,"ל 100 מ""ל",false,1,4.90,3.12,false,1,
7290110326234,false,יופלה  און טופ  כוכבים,תנובה -חלב,,,יח,1.57,"ל 100 מ""ל",false,1,4.90,3.12,false,1,
7290110326890,false,יופלה  טיוב להקפאה  ט. תות בננה תנובה,תנובה -חלב,,,יח,0.3480,"ל 100 מ""ל",false,1,11.90,34.20,false,1,
7290110327064,false,משקה קפה  שיבולת שועל,תנובה -חלב,,,יח,10,"ל 100 מ""ל",false,1,12.90,1.29,false,1,
7290110327514,false,משקה שיבולת שועל בטעם אגוזי לוז,תנובה -חלב,,,יח,10,"ל 100 מ""ל",false,1,11.90,1.19,false,1,
7290110327545,false,יופלה  און טופ  בטעם תות בתוספת פיצפוצים,תנובה -חלב,,,יח,1.57,"ל 100 מ""ל",false,1,4.90,3.12,false,1,
7290110328627,false,יוגורט גו סמיך 0%  בננה קרמל,תנובה -חלב,,,יח,2,"ל 100 מ""ל",false,1,5.50,2.75,false,1,
7290110328764,false,יוגורט גו סמיך 0%  תות,תנובה -חלב,,,יח,2,"ל 100 מ""ל",false,1,5.50,2.75,false,1,
7290110328771,false,יוגורט גו סמיך 0%  פ. יער,תנובה -חלב,,,יח,2,"ל 100 מ""ל",false,1,5.50,2.75,false,1,
7290110328788,false,יוגורט גו סמיך 0% אפרסק,תנובה -חלב,,,יח,2,"ל 100 מ""ל",false,1,5.50,2.75,false,1,
7290110329136,false,מעדן  חלב גו  טעם  וקולד  12 גר`,תנובה -חלב,,,יח,1.20,"ל 100 מ""ל",false,1,4.50,3.75,false,1,
7290110329686,false,"משקה  חלב גוט. עוגיות  340 מ""ל",תנובה -חלב,,,יח,3.40,"ל 100 מ""ל",false,1,7.30,2.15,false,1,
7290110329716,false,משקה קפה קר  בטעם קפוצ`ינו,תנובה -חלב,,,יח,2.30,"ל 100 מ""ל",false,1,6.90,3,false,1,
7290110329723,false,משקה קפה קר  בטעם  לאטה,תנובה -חלב,,,יח,2.30,"ל 100 מ""ל",false,1,6.90,3,false,1,
7290110329730,false,משקה  חלב עם שוקולד וקפה,תנובה -חלב,,,יח,2.30,"ל 100 מ""ל",false,1,6.90,3,false,1,
7290110329808,false,מעדן סויה  תות בגביע,תנובה -חלב,,,יח,1.50,"ל 100 מ""ל",false,1,4.30,2.87,false,1,
7290110329822,false,מעדן סויה  ביו פירות יער,תנובה -חלב,,,יח,1.50,"ל 100 מ""ל",false,1,4.30,2.87,false,1,
7290110329846,false,מעדן סויה טבעי   בגביע,תנובה -חלב,,,יח,1.50,"ל 100 מ""ל",false,1,4.30,2.87,false,1,
7290110552220,false,דנונה פרו 20 גר ללס תות,שטראוס גרופ בעמ (ח),,,יח,1.55,"ל 100 מ""ל",false,1,5.90,3.81,false,1,
7290110552237,false,דנונה פרו 20 גר ללס אפרסק מנגו,שטראוס גרופ בעמ (ח),,,יח,1.55,"ל 100 מ""ל",false,1,5.90,3.81,false,1,
7290110552817,false,מסטיק בטעם גלידה  לימון,שטראוס גרופ בעמ,,,יח,0,ל 100 גרם,false,1,8.90,8.90,false,1,
7290110553180,false,אנרג`י פרכיות בטעם תפוח קינמון,שטראוס גרופ בעמ,,,יח,4,ל 100 גרם,false,1,6.90,1.73,true,1,
7290110554460,false,צ יטוס  קרנץ צ`דר חלפיניו,שטראוס פריטו ליי בעמ,,,יח,0.65,ל 100 גרם,false,1,3.90,6,false,1,
7290110554477,false,קפסולות אספרסו טעם מייפל,שטראוס גרופ בעמ,,,ל 100 גרם,0.50,ל 100 גרם,false,1,15.90,31.80,true,1,
7290110554583,false,מארז צ`יטוס פאםס גבינה,שטראוס פריטו ליי בעמ,,,יח,2,ל 100 גרם,false,1,12.90,6.45,false,1,
7290110556242,false,"שוק.חלב 100 ג""",שטראוס גרופ בעמ,,,יח,1,ל 100 גרם,false,1,5.50,5.50,false,1,
7290110557027,false,חומוס  50%  טחינה,שטראוס גרופ בעמ (ח),,,יח,4,ל 100 גרם,false,1,13.90,3.48,false,1,
7290110557102,false,מעדן חלב טעם שוקולד מעושר בחלבון,שטראוס גרופ בעמ (ח),,,יח,1.50,"ל 100 מ""ל",false,1,4.90,3.27,true,1,
7290110557133,false,מעדן הגולן  וניל,שטראוס גרופ בעמ (ח),,,יח,1.25,"ל 100 מ""ל",false,1,2.90,2.32,true,1,
7290110557478,false,חומוס  גלילי אחלה,שטראוס גרופ בעמ (ח),,,יח,6,ל 100 גרם,false,1,12.90,2.15,false,1,
7290110558130,false,אקטיביה עם שיבולת שועל ודבש,שטראוס גרופ בעמ (ח),,,יח,1.50,"ל 100 מ""ל",false,1,4.50,3,true,1,
7290110558154,false,דנונה  לייט אנד פריי  עוגת תפוחים,שטראוס גרופ בעמ (ח),,,יח,1.50,"ל 100 מ""ל",false,1,4.70,3.13,true,1,
7290110558253,false,דנונה ריפרש  בננה אננס,שטראוס גרופ בעמ (ח),,,יח,2.50,"ל 100 מ""ל",false,1,5.90,2.36,false,1,
7290110558666,false,דניאלה טעם תפוח,שטראוס גרופ בעמ (ח),,,יח,1.50,"ל 100 מ""ל",false,1,3.90,2.60,false,1,
7290110560300,false,פרכיות   משולשת-  פלפל שחור,שטראוס גרופ בעמ,,,יח,0.30,ל 100 גרם,false,1,4.90,16.33,false,1,
7290110560317,false,פרכיות   משולשת- מלח ים,שטראוס גרופ בעמ,,,יח,0.30,ל 100 גרם,false,1,4.90,16.33,false,1,
7290110560324,false,פרכיות   משולשת- אפונה ירוקה,שטראוס גרופ בעמ,,,יח,0.30,ל 100 גרם,false,1,4.90,16.33,false,1,
7290110561604,false,גמדים   תות  בננה דיסני  שמניה,שטראוס גרופ בעמ (ח),,,יח,8,ל 100 גרם,false,1,17.90,2.24,false,1,
7290110563431,false,משקה יטבתה קפה קר קלאסי,שטראוס גרופ בעמ (ח),,,יח,2.30,"ל 100 מ""ל",false,1,7.90,3.43,true,1,
7290110563462,false,חלב נטול לקטוז 2% יטבתה,שטראוס גרופ בעמ (ח),,,יח,1,לליטר,false,1,8.50,8.50,false,1,
7290110564360,false,חומוס  אחלה עשיר בטחינה,שטראוס גרופ בעמ (ח),,,יח,4,ל 100 גרם,false,1,13.90,3.48,false,1,
7290110564414,false,חומוס  אחלה 30% בתוספת  טחינה,שטראוס גרופ בעמ (ח),,,יח,6,ל 100 גרם,false,1,15.90,2.65,false,1,
7290110565435,false,לימבו פטל קו חלבי,שטראוס גרופ בעמ (ח),,,יח,1.25,ל 100 גרם,false,1,2.10,1.68,true,1,
7290110565527,false,דנונה  פרו 20 גרם חלבון,שטראוס גרופ בעמ (ח),,,יח,1.50,"ל 100 מ""ל",false,1,5.90,3.93,false,1,
7290110565572,false,מארז טורקי  לדרך עם הל,שטראוס גרופ בעמ,,,יח,1.40,ל 100 גרם,false,1,18.90,13.50,true,1,
7290110566623,false,קפסולות  קולומביה 08  למכונת אספרסו,שטראוס גרופ בעמ,,,ל 100 גרם,0.50,ל 100 גרם,false,1,15.90,31.80,true,1,
7290110566975,false,דנונה פרו 20 גר+תות,שטראוס גרופ בעמ (ח),,,יח,1.55,"ל 100 מ""ל",false,1,5.90,3.81,false,1,
7290110567057,false,צנצנת  מאסט מנטה אקליפטוס,שטראוס גרופ בעמ,,,יח,0.58,ל 100 גרם,false,1,9.90,17.07,true,1,
7290110568238,false,קצפת  צמחית  21% שומן,שטראוס גרופ בעמ (ח),,,יח,2.50,"ל 100 מ""ל",false,1,8.30,3.32,false,1,
7290110568276,false,"משקה  יטבתה פרו   וניל 350 מ""ל",שטראוס גרופ בעמ (ח),,,יח,0.35,"ל 100 מ""ל",false,1,6.50,18.57,false,1,
7290110568559,false,מארז דוריטוס  חריף  10 יח`,שטראוס פריטו ליי בעמ,,,יח,0.25,ל 100 גרם,false,1,13.90,55.60,false,1,
7290110570224,false,משקה יטבתה קפה קר עוגיות,שטראוס גרופ בעמ (ח),,,יח,2.30,"ל 100 מ""ל",false,1,7.90,3.43,true,1,
7290110571382,false,מעדן חלב טעם וניל מעושר בחלבון,שטראוס גרופ בעמ (ח),,,יח,1.50,"ל 100 מ""ל",false,1,4.90,3.27,true,1,
7290110571405,false,מיני פינוקיות פסק זמן  180 גר`,שטראוס גרופ בעמ,,,יח,1.80,ל 100 גרם,false,1,10.90,6.06,false,1,
7290110571474,false,רבע לשבע טבעוני פופקורן,שטראוס גרופ בעמ,,,יח,1.20,ל 100 גרם,false,1,11.90,9.92,true,1,
7290110572129,false,כיף כף מקלות שוקולד לבן,שטראוס גרופ בעמ,,,יח,0.40,ל 100 גרם,false,1,4.90,12.25,true,1,
7290110572969,false,כיף כף פצפצים קרם לבן,שטראוס גרופ בעמ,,,יח,0.40,ל 100 גרם,false,1,4.90,12.25,true,1,
7290110576318,false,מאגדת שלישית אגוז לבן,שטראוס גרופ בעמ,,,יח,3,ל 100 גרם,false,1,23.90,7.97,true,1,
7290110576363,false,שוקולד ספינדיד  מריר אוגנדה,שטראוס גרופ בעמ,,,יח,1,ל 100 גרם,false,1,8.50,8.50,true,1,
7290110576370,false,מאגדת שלישית אגוז  מריר,שטראוס גרופ בעמ,,,יח,3,ל 100 גרם,false,1,23.90,7.97,true,1,
7290110576387,false,מאגדת שלישית אגוז  חלב,שטראוס גרופ בעמ,,,יח,3,ל 100 גרם,false,1,23.90,7.97,true,1,
7290110576868,false,מארז גמדים רבעיה סלט פירות,שטראוס גרופ בעמ (ח),,,יח,4,"ל 100 מ""ל",false,1,11.30,2.83,true,1,
7290111340109,false,מגן תחתון דיפנד לנשים  אוברנייט,קימברלי קלארק ישראל שיווק בעמ,,,יח,1,,false,1,18.90,18.90,false,1,
7290111340116,false,לילי  מטורל קר   32,קימברלי קלארק ישראל שיווק בעמ,,,יח,1,ל 100 גרם,false,1,46.90,46.90,false,1,
7290111340864,false,תחתוני  דיפנד  נשים  L,קימברלי קלארק ישראל שיווק בעמ,,,יח,1,,false,1,59.90,59.90,false,1,
7290111340895,false,תחתוני  דיפנד  גברים L,קימברלי קלארק ישראל שיווק בעמ,,,יח,1,,false,1,59.90,59.90,false,1,
7290111341366,false,מפיות חד שכבתיות חלקות 150 יח`,קימברלי קלארק ישראל שיווק בעמ,,,יח,1,,false,1,8.90,8.90,false,1,
7290111341373,false,לילי  פסטל  30,קימברלי קלארק ישראל שיווק בעמ,,,יח,17.88,ל 100 גרם,false,1,36.90,2.06,false,1,
7290111341434,false,מגן תחתון דיפנד לנשים  נורמל,קימברלי קלארק ישראל שיווק בעמ,,,יח,1,,false,1,18.90,18.90,false,1,
7290111341496,false,מגן תחתון דיפנד לנשים   מיני,קימברלי קלארק ישראל שיווק בעמ,,,יח,1,,false,1,18.90,18.90,false,1,
7290111341540,false,טמפוני קוטקס  אקטיב נורמל 32 יח`,קימברלי קלארק ישראל שיווק בעמ,,,יח,1,,false,1,29.90,29.90,false,1,
7290111341557,false,טמפוני קוטקס  אקטיב סופר 32 יח`,קימברלי קלארק ישראל שיווק בעמ,,,יח,1,,false,1,29.90,29.90,false,1,
7290111341816,false,נייר אפיה עם סליידר,קימברלי קלארק ישראל שיווק בעמ,,,יח,1,,false,1,23.90,23.90,false,1,
7290111341991,false,נ .ט לח סטניב 48,קימברלי קלארק ישראל שיווק בעמ,,,יח,1,,false,1,9.90,9.90,false,1,
7290111342042,false,כריות יפניות אנטיבקטריאליות ניקול,קימברלי קלארק ישראל שיווק בעמ,,,יח,1,,false,1,11.90,11.90,false,1,
7290111342059,false,מטליות לחות אנטיבקטריאלי ניקול,קימברלי קלארק ישראל שיווק בעמ,,,יח,1,,false,1,11.90,11.90,false,1,
7290111342523,false,מפיות ניקול  100  צבעוני,קימברלי קלארק ישראל שיווק בעמ,,,יח,1,,false,1,8.90,8.90,false,1,
7290111342684,false,מפיות  חד שכבתי  מודפסות,קימברלי קלארק ישראל שיווק בעמ,,,יח,1,למארז,false,1,7.90,7.90,false,1,
7290111343117,false,קליניקס לושן סופט פק  זוגות 140 דף,קימברלי קלארק ישראל שיווק בעמ,,,יח,1,,false,1,16.90,16.90,false,1,
7290111343759,false,קומפורט פרוטקט נשים 500 מידה  XL,קימברלי קלארק ישראל שיווק בעמ,,,יח,1,,false,1,59.90,59.90,false,1,
7290111343766,false,קומפורט פרוטקט  גברים  500 מידה  M,קימברלי קלארק ישראל שיווק בעמ,,,יח,1,,false,1,59.90,59.90,false,1,
7290111344183,false,קומפורט פרוטקט נשים 500 מידה  M,קימברלי קלארק ישראל שיווק בעמ,,,יח,1,,false,1,59.90,59.90,false,1,
7290111344206,false,מגבוני האגיס רבעיה,קימברלי קלארק ישראל שיווק בעמ,,,יח,1,,false,1,19.90,19.90,false,1,
7290111344503,false,האגיס  אקסטרא קייר מידה 4+,קימברלי קלארק ישראל שיווק בעמ,,,יח,1,,false,1,54.90,54.90,false,1,
7290111344558,false,שקיות אשפה 100יח 52*65,קימברלי קלארק ישראל שיווק בעמ,,,יח,100,למארז,false,1,32.90,0.33,false,1,
7290111344565,false,שקיות  זיפר במארז משולב,קימברלי קלארק ישראל שיווק בעמ,,,יח,1,,false,1,10.90,10.90,false,1,
7290111344718,false,נייר טואלט לילי גליל כפול,קימברלי קלארק ישראל שיווק בעמ,,,יח,24,למארז,false,1,56.90,2.37,false,1,
7290111344732,false,קליניקס אלרג`י קומפורט,קימברלי קלארק ישראל שיווק בעמ,,,יח,1.48,ל 100 גרם,false,1,14.90,10.07,false,1,
7290111344930,false,מטליות   לחות לריצפה בניחוח מרכך,קימברלי קלארק ישראל שיווק בעמ,,,יח,1,,false,1,10.90,10.90,false,1,
7290111345722,false,שקיות  לשמירת  הטריות,קימברלי קלארק ישראל שיווק בעמ,,,יח,1,,false,1,13.90,13.90,false,1,
7290111345753,false,תחבושת קוטקס כותנה נורמל,קימברלי קלארק ישראל שיווק בעמ,,,יח,1,,false,1,19.90,19.90,true,1,
7290111345760,false,תחבושת קוטקס כותנה  סופר,קימברלי קלארק ישראל שיווק בעמ,,,יח,1,,false,1,19.90,19.90,true,1,
7290111345777,false,תחבושת קוטקס כותנה  לילה,קימברלי קלארק ישראל שיווק בעמ,,,יח,1,,false,1,19.90,19.90,true,1,
7290111345814,false,נייר טואלט לילי  נטוראל  קר 30 יח`,קימברלי קלארק ישראל שיווק בעמ,,,יח,26.04,ל 100 גרם,false,1,36.90,1.42,false,1,
7290111345821,false,נייר טואלט לילי  נטוראל,קימברלי קלארק ישראל שיווק בעמ,,,יח,26.04,ל 100 גרם,false,1,38.90,1.49,false,1,
7290111345890,false,נייר טואלט  מולט 24=57 גלילי כפןל,קימברלי קלארק ישראל שיווק בעמ,,,יח,26.04,ל 100 גרם,false,1,54.90,2.11,false,1,
7290111354335,false,יוגטה מיני מרשמלו ט. וניל 30 גר`,ליימן שליסל בעמ,,,יח,0.30,ל 100 גרם,false,1,2,6.67,false,1,
7290111354687,false,יוגטה  מיני מרשמלו תות וניל,ליימן שליסל בעמ,,,יח,5,ל 100 גרם,false,1,24.90,4.98,false,1,
7290111564277,false,פיטנס פרכוניות 3 דגנים,קבוצת אוסם סחר שותפות מוגבלת,,,יח,1.20,ל 100 גרם,false,1,10.90,9.08,true,1,
7290111564291,false,פיטנס פרכיות דקות עם קינואה,קבוצת אוסם סחר שותפות מוגבלת,,,יח,1.20,ל 100 גרם,false,1,10.90,9.08,true,1,
7290111564727,false,קרמוגית  במילוי קרם אגוזים,קבוצת אוסם סחר שותפות מוגבלת,,,יח,2,ל 100 גרם,false,1,10.90,5.45,true,1,
7290111564956,false,בסלי  במבה מיקס  200 גר`,קבוצת אוסם סחר שותפות מוגבלת,,,יח,2,ל 100 גרם,false,1,10,5,true,1,
7290111566103,false,טבעול  פלפאל מרכיבים טבעיים 590 גרם,קבוצת אוסם סחר שותפות מוגבלת,,,יח,5,ל 100 גרם,false,1,29.90,5.98,true,1,
7290111566240,false,טבעול  שניצל  דק  צ`ילי חריף 564 גרם,קבוצת אוסם סחר שותפות מוגבלת,,,יח,5.64,ל 100 גרם,false,1,29.90,5.30,true,1,
7290111566271,false,טבעול  חטיפי תירס 657 גרם,קבוצת אוסם סחר שותפות מוגבלת,,,יח,6.57,ל 100 גרם,false,1,30.90,4.70,true,1,
7290111566332,false,טבעול נקנקיות וניר  צמחונית,קבוצת אוסם סחר שותפות מוגבלת,,,יח,6.80,ל 100 גרם,false,1,30.90,4.54,true,1,
7290111566547,false,טבעול  חזה בגריל  מן  הצומח,קבוצת אוסם סחר שותפות מוגבלת,,,יח,5.60,ל 100 גרם,false,1,30.90,5.52,true,1,
7290111566660,false,טבעול קציצות עדשים  כתומות,קבוצת אוסם סחר שותפות מוגבלת,,,יח,5.25,ל 100 גרם,false,1,30.90,5.89,true,1,
7290111566752,false,טבעול  שניצל תירס לייט 693 גרם,קבוצת אוסם סחר שותפות מוגבלת,,,יח,6.93,ל 100 גרם,false,1,30.90,4.46,true,1,
7290111566776,false,טבעול נקנקיות  קוקטיל,קבוצת אוסם סחר שותפות מוגבלת,,,יח,6.80,ל 100 גרם,false,1,30.90,4.54,true,1,
7290111568206,false,בסלי  פארטי מיקס 150 גר`,קבוצת אוסם סחר שותפות מוגבלת,,,יח,0.15,ל 100 גרם,false,1,8.90,59.33,true,1,
7290111568961,false,ביילה טבעות מלח,קבוצת אוסם סחר שותפות מוגבלת,,,יח,4,ל 100 גרם,false,1,10.90,2.73,false,1,
7290111930799,false,קרנצ`וס בצל  55גר`,ש.שסטוביץ בעמ,,,יח,0.55,ל 100 גרם,false,1,2.20,4,false,1,
7290111930805,false,קרנצ`וס  ברבקיו  55 גר`,ש.שסטוביץ בעמ,,,יח,0.55,ל 100 גרם,false,1,2.20,4,false,1,
7290111930850,false,קרנצ`וס  פיצה    55 גר`,ש.שסטוביץ בעמ,,,יח,0.55,ל 100 גרם,false,1,2.20,4,false,1,
7290111930898,false,פוף כוכבים גריל אמרקאי  40 גר`,ש.שסטוביץ בעמ,,,יח,0.40,יח,false,1,3.30,8.25,true,1,
7290111930904,false,פוף כוכבים בצל   40 גר`,ש.שסטוביץ בעמ,,,יח,0.40,יח,false,1,3.30,8.25,true,1,
7290111930911,false,פוף לבבות קלאסי 40 גר`,ש.שסטוביץ בעמ,,,יח,0.40,יח,false,1,3.30,8.25,true,1,
7290111930928,false,פוף לבבות  גריל  40 גר`,ש.שסטוביץ בעמ,,,יח,0.40,יח,false,1,3.30,8.25,true,1,
7290111930935,false,פוף  טבעות קלאסי   40 גר`,ש.שסטוביץ בעמ,,,יח,0.40,יח,false,1,3.30,8.25,true,1,
7290111933462,false,מאסטר שף  רוטב צ`ילי מתוק,ש.שסטוביץ בעמ,,,יח,0.30,ל 100 גרם,false,1,9.90,33,false,1,
7290111935817,false,ספיד סטייק  דרמה פנינה,ש.שסטוביץ בעמ,,,יח,1.50,ל 100 גרם,false,1,19.90,13.27,true,1,
7290111936784,false,\פרי מארז  חטיפים  תמרים ואגוזי לוז,ש.שסטוביץ בעמ,,,יח,1.25,ל 100 גרם,false,1,14.90,11.92,false,1,
7290111978890,false,מטחנת בשר ידנית,סקטור אפיקים בעמ,,,יח,10,ל 100 גרם,false,1,54.90,5.49,false,1,
7290111979170,false,שמיכה 220/200,סקטור אפיקים בעמ,,,יח,10,יח,false,1,89.90,8.99,false,1,
7290112003959,false,ויניש  מסיר כתמים לכביסה  צבעונית,רקיט בנקיסר (ניר איסט),,,יח,4.70,ל 100 גרם,false,1,19.90,4.23,false,1,
7290112003966,false,ויניש  מסיר כתמים לכביסה לבנה,רקיט בנקיסר (ניר איסט),,,יח,4.70,ל 100 גרם,false,1,19.90,4.23,false,1,
7290112330352,false,דנונה פרו 20  גר`וניל,שטראוס גרופ בעמ (ח),,,יח,2,"ל 100 מ""ל",false,1,5.90,2.95,false,1,
7290112330390,false,דנונה פרו  פירות יער 0%,שטראוס גרופ בעמ (ח),,,יח,2,"ל 100 מ""ל",false,1,5.90,2.95,false,1,
7290112332585,false,"פרכיות   משולשת-  תפו""א .אורז",שטראוס גרופ בעמ,,,יח,0.30,ל 100 גרם,false,1,4.90,16.33,false,1,
7290112332691,false,עוגיות קרם פסק זמן אגוזים,שטראוס גרופ בעמ,,,יח,2,ל 100 גרם,false,1,10.90,5.45,false,1,
7290112332899,false,בזוקה  פופים בטעם תות 58,שטראוס גרופ בעמ,,,יח,0.66,ל 100 גרם,false,1,9.90,15,true,1,
7290112334749,false,קפה עלית 200 גר,שטראוס גרופ בעמ,,,יח,2.40,ל 100 גרם,false,1,15.90,6.63,false,1,
7290112335050,false,מרשמלו   150  גר`בטעם וניל,שטראוס גרופ בעמ,,,יח,1.50,ל 100 גרם,false,1,5.90,3.93,false,1,
7290112335487,false,פרכיות  הטעימות קצח ודגנים,שטראוס גרופ בעמ,,,יח,1.35,ל 100 גרם,false,1,10.90,8.07,false,1,
7290112335500,false,פרכיות  הטעימות 3 חלבון,שטראוס גרופ בעמ,,,יח,1.35,ל 100 גרם,false,1,10.90,8.07,false,1,
7290112336637,false,"סוכריות לל""ס יוגורט תות אוכמניות",שטראוס גרופ בעמ,,,יח,0.80,ל 100 גרם,false,1,7.90,9.88,true,1,
7290112336651,false,"סוכריות לל""ס  ריבת חלב  80 גר`",שטראוס גרופ בעמ,,,יח,0.80,ל 100 גרם,false,1,7.90,9.88,true,1,
7290112336712,false,דנונה  פרו 21גרם חלבון..,שטראוס גרופ בעמ (ח),,,יח,2,"ל 100 מ""ל",false,1,5.90,2.95,false,1,
7290112337474,false,"סוכריות לל""ס פטל לימון  80גר`",שטראוס גרופ בעמ,,,יח,0.80,ל 100 גרם,false,1,7.90,9.88,true,1,
7290112337481,false,"סוכריות לל""ס  קפוצינו 80 גר`",שטראוס גרופ בעמ,,,יח,0.80,ל 100 גרם,false,1,7.90,9.88,true,1,
7290112338877,false,סקי  תות   125 גר`,שטראוס גרופ בעמ (ח),,,יח,1.25,ל 100 גרם,false,1,3.80,3.04,true,1,
7290112339188,false,מארז  מיני מילקי  מוס 8,שטראוס גרופ בעמ (ח),,,יח,6,ל 100 גרם,false,1,13.90,2.32,false,1,
7290112339362,false,דנונה  לייט טעם קפוצינו,שטראוס גרופ בעמ (ח),,,יח,1.50,"ל 100 מ""ל",false,1,4.50,3,true,1,
7290112339867,false,גמדים סקוויז בודד תות 100 ג`,שטראוס גרופ בעמ (ח),,,יח,1,"ל 100 מ""ל",false,1,5.90,5.90,false,1,
7290112339874,false,גמדים סקוויז בודד תות בננה 100 ג`,שטראוס גרופ בעמ (ח),,,יח,1,"ל 100 מ""ל",false,1,5.90,5.90,false,1,
7290112340245,false,צנצנת  מאסט  מגדים דובדבן,שטראוס גרופ בעמ,,,יח,0.58,ל 100 גרם,false,1,9.90,17.07,true,1,
7290112340276,false,עוגיות קרם נס קפה,שטראוס גרופ בעמ,,,יח,2,ל 100 גרם,false,1,10.90,5.45,false,1,
7290112341556,false,אקטיביה עם צ`יה ותות,שטראוס גרופ בעמ (ח),,,יח,1.50,"ל 100 מ""ל",false,1,4.70,3.13,false,1,
7290112341679,false,אקטיביה  200  גר` 3%,שטראוס גרופ בעמ (ח),,,יח,2,"ל 100 מ""ל",false,1,3.90,1.95,false,1,
7290112341686,false,מארז  אקטיביה 3%,שטראוס גרופ בעמ (ח),,,יח,1.20,יח,false,1,19.90,16.58,false,1,
7290112342270,false,פלאטינום  אינסטנט 10%,שטראוס גרופ בעמ,,,יח,1.25,ל 100 גרם,false,1,17.90,14.32,false,1,
7290112342515,false,דוריטוס  ציזי טוויסט  55 גרם,שטראוס פריטו ליי בעמ,,,יח,0.55,ל 100 גרם,false,1,2.90,5.27,true,1,
7290112343420,false,"יטבתה  פרו ארוחת בוקר 350 מ""ל",שטראוס גרופ בעמ (ח),,,יח,3.50,ל 100 גרם,false,1,7.90,2.26,false,1,
7290112343499,false,צ יטוס 55  גר`PUFFS  ט. גבינה,שטראוס פריטו ליי בעמ,,,יח,0.55,ל 100 גרם,false,1,3.50,6.36,false,1,
7290112344724,false,מילקי בטעם שוקולד בלונדי,שטראוס גרופ בעמ (ח),,,יח,1.70,"ל 100 מ""ל",false,1,3.40,2,false,1,
7290112344755,false,מילקי  עפ 26% פחות סוכר,שטראוס גרופ בעמ (ח),,,יח,1.35,ל 100 גרם,false,1,2.90,2.15,false,1,
7290112344786,false,קפה פלטינום  קלאסיק 200 ג`,שטראוס גרופ בעמ,,,יח,2,ל 100 גרם,false,1,24.90,12.45,true,1,
7290112346360,false,בפלות אחת אחת בציפוי שוקולד חלב,שטראוס גרופ בעמ,,,יח,1.80,ל 100 גרם,false,1,13.90,7.72,false,1,
7290112346537,false,פינוקיות בטעם טורטית,שטראוס גרופ בעמ,,,יח,2,ל 100 גרם,false,1,10.90,5.45,false,1,
7290112346629,false,יוגורט עם קרונפלקס מצופה,שטראוס גרופ בעמ (ח),,,יח,1.83,"ל 100 מ""ל",false,1,4.50,2.46,false,1,
7290112346797,false,אקטיביה שיבולת שועל,שטראוס גרופ בעמ (ח),,,יח,1.50,"ל 100 מ""ל",false,1,4.70,3.13,false,1,
7290112347008,false,גמדים ארוחת בוקר   תות סקוויז  100 ג`,שטראוס גרופ בעמ (ח),,,יח,1,"ל 100 מ""ל",false,1,5.90,5.90,false,1,
7290112348999,false,פרכיות  טעימות תירס דקות,שטראוס גרופ בעמ,,,יח,1.35,ל 100 גרם,false,1,10.90,8.07,false,1,
7290112349606,false,דניאלה  תות בננה,שטראוס גרופ בעמ (ח),,,יח,0.88,"ל 100 מ""ל",false,1,3.90,4.43,false,1,
7290112349705,false,רוטב עגבניות לפסטה קלאסי  350יד מרדכ,שטראוס גרופ בעמ,,,יח,3.50,ל 100 גרם,false,1,10.90,3.11,true,1,
7290112349736,false,רוטב עגבניות לפסטה בזיליקום 350יד מרדכ,שטראוס גרופ בעמ,,,יח,3.50,ל 100 גרם,false,1,10.90,3.11,true,1,
7290112349750,false,רוטב עגבניות לפיצה 350יד מרדכי,שטראוס גרופ בעמ,,,יח,3.50,ל 100 גרם,false,1,10.90,3.11,true,1,
7290112349903,false,רוטב שמנת עם  גרגרי וניל,שטראוס גרופ בעמ (ח),,,יח,0.25,"ל 100 מ""ל",false,1,10.90,43.60,true,1,
7290112350589,false,צ`יקו 65  גר` 2020,שטראוס גרופ בעמ,,,יח,0.65,ל 100 גרם,false,1,11.90,18.31,false,1,
7290112351067,false,סילאן טבעי 630 לחיץ  גר`,שטראוס גרופ בעמ,,,יח,6.30,ל 100 גרם,false,1,24.90,3.95,false,1,
7290112351241,false,פינוקיות  שוקו תות,שטראוס גרופ בעמ,,,יח,2,ל 100 גרם,false,1,10.90,5.45,false,1,
7290112351258,false,פינוקיות שחור לבן,שטראוס גרופ בעמ,,,יח,2,ל 100 גרם,false,1,10.90,5.45,false,1,
7290112351753,false,שלישית פסק זמן  קראנץ,שטראוס גרופ בעמ,,,יח,0.96,ל 100 גרם,false,1,11.90,12.40,false,1,
7290112353887,false,משקה יטבתה קפה קר בטעם אגוזים,שטראוס גרופ בעמ (ח),,,יח,2.30,"ל 100 מ""ל",false,1,7.90,3.43,true,1,
7290112354969,false,תפוצי`פס WAVY טבעי  200 ג,שטראוס פריטו ליי בעמ,,,יח,2,ל 100 גרם,false,1,9.90,4.95,true,1,
7290112355027,false,דנונה פרו 20  גר`בטעם קרמל,שטראוס גרופ בעמ (ח),,,יח,2,"ל 100 מ""ל",false,1,5.90,2.95,false,1,
7290112355102,false,גמדים  פאוץ סלט פירות,שטראוס גרופ בעמ (ח),,,יח,1,"ל 100 מ""ל",false,1,5.90,5.90,false,1,
7290112357113,false,גרגרי חומוס  380,שטראוס גרופ בעמ,,,יח,3.81,ל 100 גרם,false,1,6.90,1.81,true,1,
7290112358004,false,פסק זמן חלב,שטראוס גרופ בעמ,,,יח,0.45,ל 100 גרם,false,1,4.90,10.89,false,1,
7290112358127,false,דנונה פרו  עם  מגנזיום  20 גר`,שטראוס גרופ בעמ (ח),,,יח,0.20,"ל 100 מ""ל",false,1,6.50,32.50,false,1,
7290112358431,false,עד חצות  דאבל  200ג ר,שטראוס גרופ בעמ,,,יח,2,ל 100 גרם,false,1,11.90,5.95,false,1,
7290112359384,false,קפה נמס  אלפחורס ריבת חלב   100 גר`,שטראוס גרופ בעמ,,,יח,1,ל 100 גרם,false,1,14.90,14.90,true,1,
7290112490032,false,KNORR NAMES BACOS PLUS TOMATO VITALITY,"יוניליוור ישראלשיווק בע""מ",,,יח,0.64,ל 100 גרם,false,1,6.50,10.16,false,1,
7290112490117,false,KLIK MILK WITH COOKIES & MULTIFORSA 85G,"יוניליוור ישראלשיווק בע""מ",,,יח,1,ל 100 גרם,false,1,4.90,4.90,false,1,
7290112490209,false,KNORR NAMES BACOS PLUS TOMATO VITALITY,"יוניליוור ישראלשיווק בע""מ",,,יח,0.56,ל 100 גרם,false,1,6.50,11.61,false,1,
7290112490216,false,KNORR NAMES BACOS PLUS TOMATO VITALITY,"יוניליוור ישראלשיווק בע""מ",,,יח,0.48,ל 100 גרם,false,12,6.50,13.54,false,1,
7290112490230,false,KNORR NAMES BACOS PLUS TOMATO VITALITY,"יוניליוור ישראלשיווק בע""מ",,,יח,0.64,ל 100 גרם,false,1,6.50,10.16,false,1,
7290112490674,false,קונפיטורת  דובדבנים  340 גר`,"יוניליוור ישראלשיווק בע""מ",,,יח,3.40,ל 100 גרם,false,1,11.90,3.50,false,1,
7290112490759,false,KNORR DAGESH SOUP 1 KG BADAZ,"יוניליוור ישראלשיווק בע""מ",,,יח,10,ל 100 גרם,false,1,8.90,0.89,false,1,
7290112491770,false,B&B PRETZEL DAKIM SALT 12X300G,"יוניליוור ישראלשיווק בע""מ",,,יח,3,ל 100 גרם,false,1,8.90,2.97,false,1,
7290112491787,false,BNB PRETZEL DAKIM SESAME 12X300GR,"יוניליוור ישראלשיווק בע""מ",,,יח,3,ל 100 גרם,false,1,8.90,2.97,false,1,
7290112491794,false,דקים דקים שמנת בצל 300 גרם*,"יוניליוור ישראלשיווק בע""מ",,,יח,3,ל 100 גרם,false,1,8.90,2.97,false,1,
7290112492456,false,PINUK SHAMPOO DRY 700-09,"יוניליוור ישראלשיווק בע""מ",,,יח,7,"ל 100 מ""ל",false,1,11.90,1.70,false,1,
7290112492463,false,"פינוק 2 ב -1רגיל 700 מ""ל  *","יוניליוור ישראלשיווק בע""מ",,,יח,7,"ל 100 מ""ל",false,1,11.90,1.70,false,1,
7290112492470,false,PINUK DRY 2IN1 700 - 2009,"יוניליוור ישראלשיווק בע""מ",,,יח,7,"ל 100 מ""ל",false,1,11.90,1.70,false,1,
7290112492500,false,PINUK SHAMPOO DRY 700-09,"יוניליוור ישראלשיווק בע""מ",,,יח,7,"ל 100 מ""ל",false,1,11.90,1.70,false,1,
7290112492531,false,PINUK SHAMPOO REGULAR 700-09,"יוניליוור ישראלשיווק בע""מ",,,יח,7,"ל 100 מ""ל",false,1,11.90,1.70,false,1,
7290112492548,false,PINUK SHAMPOO REGULAR 700-09,"יוניליוור ישראלשיווק בע""מ",,,יח,7,"ל 100 מ""ל",false,1,11.90,1.70,false,1,
7290112492593,false,"פינוק תחליב קלאסי  700  מ""ל*","יוניליוור ישראלשיווק בע""מ",,,יח,7,"ל 100 מ""ל",false,1,10.90,1.56,false,1,
7290112492609,false,PINUK LIQUID LAVENDER VANILLA 12X700 ML,"יוניליוור ישראלשיווק בע""מ",,,יח,7,"ל 100 מ""ל",false,1,10.90,1.56,false,1,
7290112492982,false,KNORR ANI REAL CHICKEN SAVVY 6X400G,"יוניליוור ישראלשיווק בע""מ",,,יח,4,ל 100 גרם,false,1,19.90,4.98,false,1,
7290112492999,false,KNORR CHICKEN FLV BADATZ SAVVY 6X400G,"יוניליוור ישראלשיווק בע""מ",,,יח,4,ל 100 גרם,false,1,13.90,3.48,false,1,
7290112493088,false,KNORR NAMES BACOS PLUS TOMATO VITALITY,"יוניליוור ישראלשיווק בע""מ",,,יח,0.64,ל 100 גרם,false,1,6.50,10.16,false,1,
7290112493095,false,KNORR NAMES BACOS PLUS TOMATO VITALITY,"יוניליוור ישראלשיווק בע""מ",,,יח,0.64,ל 100 גרם,false,1,6.50,10.16,false,1,
7290112493293,false,KNORR NAMES BACOS PLUS TOMATO VITALITY,"יוניליוור ישראלשיווק בע""מ",,,יח,0.44,ל 100 גרם,false,12,6.50,14.77,false,1,
7290112493316,false,KNORR DAGESH SOUP 1 KG BADAZ,"יוניליוור ישראלשיווק בע""מ",,,יח,10,ל 100 גרם,false,1,8.90,0.89,false,1,
7290112493903,false,"ממסים יחידתי בד""צ","גלידת שטראוס בע""מ",,,יח,1,,false,1,7.90,7.90,true,1,
7290112493927,false,קרמיסימו  קפוא ט. ריבת חלב,"גלידת שטראוס בע""מ",,,יח,1.33,לליטר,false,1,18.90,14.21,false,1,
7290112493965,false,קרמיסימו  טעמי וניל מסטיק,"גלידת שטראוס בע""מ",,,יח,1.33,לליטר,false,1,18.90,14.21,false,1,
7290112494221,false,KLIK MILK 75G X 12,"יוניליוור ישראלשיווק בע""מ",,,יח,0.65,ל 100 גרם,false,1,4.90,7.54,false,1,
7290112494238,false,KLIK MILK 75G X 12,"יוניליוור ישראלשיווק בע""מ",,,יח,0.65,ל 100 גרם,false,1,4.90,7.54,false,1,
7290112494276,false,KLIK MILK 75G X 12,"יוניליוור ישראלשיווק בע""מ",,,יח,0.65,ל 100 גרם,false,1,4.90,7.54,false,1,
7290112494283,false,KLIK MILK 75G X 12,"יוניליוור ישראלשיווק בע""מ",,,יח,0.65,ל 100 גרם,false,1,4.90,7.54,false,1,
7290112494313,false,KLIK MILK 75G X 12,"יוניליוור ישראלשיווק בע""מ",,,יח,0.65,ל 100 גרם,false,1,4.90,7.54,false,1,
7290112494351,false,TELMA CORNFALKES BADATZ - BP 8X750GR,"יוניליוור ישראלשיווק בע""מ",,,יח,8.50,ל 100 גרם,false,1,16.90,1.99,false,1,
7290112494382,false,KNORR POTATO PUREE BDZ 24X260G,"יוניליוור ישראלשיווק בע""מ",,,יח,2.60,ל 100 גרם,false,1,13.90,5.35,false,1,
7290112494795,false,בדין ג`ל כביסה  כחול*,"יוניליוור ישראלשיווק בע""מ",,,יח,25,"ל 100 מ""ל",false,1,27.90,1.12,false,1,
7290112495006,false,TELMA CCMANGRAIN PITSPUTSIM BDZ 12X500G,"יוניליוור ישראלשיווק בע""מ",,,יח,6.86,ל 100 גרם,false,10,24.90,3.63,false,1,
7290112495037,false,TELMA CCMANGRAIN PITSPUTSIM BDZ 12X500G,"יוניליוור ישראלשיווק בע""מ",,,יח,3.75,ל 100 גרם,false,1,19.90,5.31,true,1,
7290112495044,false,TELMA CCMANGRAIN PITSPUTSIM BDZ 12X500G,"יוניליוור ישראלשיווק בע""מ",,,יח,3.75,ל 100 גרם,false,1,19.90,5.31,true,1,
7290112495105,false,נשנושים  שמנת בצל 260  גר`*,"יוניליוור ישראלשיווק בע""מ",,,יח,2.60,ל 100 גרם,false,1,10.90,4.19,false,1,
7290112495143,false,B&B NISH NASH SALT POUND 350G,"יוניליוור ישראלשיווק בע""מ",,,יח,3,ל 100 גרם,false,12,10.90,3.63,false,1,
7290112495150,false,B&B NISH NASH SALT POUND 350G,"יוניליוור ישראלשיווק בע""מ",,,יח,3,ל 100 גרם,false,1,10.90,3.63,false,1,
7290112495167,false,B&B NISH NASH SALT POUND 350G,"יוניליוור ישראלשיווק בע""מ",,,יח,3,ל 100 גרם,false,1,10.90,3.63,false,1,
7290112495228,false,TELMA BRANFLAKES 8X750G BADAZ,"יוניליוור ישראלשיווק בע""מ",,,יח,4.45,ל 100 גרם,false,1,17.90,4.02,false,1,
7290112495761,false,HELLAMNN`S FOR SALADS 1000ISLANDS LITE,"יוניליוור ישראלשיווק בע""מ",,,יח,3.05,ל 100 גרם,false,1,9.90,3.25,false,1,
7290112495785,false,HELLAMNN`S FOR SALADS 1000ISLANDS LITE,"יוניליוור ישראלשיווק בע""מ",,,יח,3,ל 100 גרם,false,1,9.90,3.30,false,1,
7290112495808,false,HELLAMNN`S FOR SALADS 1000ISLANDS LITE,"יוניליוור ישראלשיווק בע""מ",,,יח,3.05,ל 100 גרם,false,1,9.90,3.25,false,1,
7290112496027,false,סירופ שוקולד אפיכל 580 ג`*,"יוניליוור ישראלשיווק בע""מ",,,יח,5.80,"ל 100 מ""ל",false,1,11.90,2.05,false,1,
7290112496034,false,סירופ מייפל אפיכל 580ג`*,"יוניליוור ישראלשיווק בע""מ",,,יח,5.80,"ל 100 מ""ל",false,1,11.90,2.05,false,1,
7290112497864,false,KNORR MUSHROOM SOUP BDZ 6X400G,"יוניליוור ישראלשיווק בע""מ",,,יח,4,ל 100 גרם,false,1,19.90,4.98,false,1,
7290112498007,false,גרנולה פרוטאין בתוספת חלבון  שקדים*,"יוניליוור ישראלשיווק בע""מ",,,יח,3,ל 100 גרם,false,1,17.90,5.97,false,1,
7290112498052,false,PATIT WHOLE WHEAT BDZ NEW 24X250GR,"יוניליוור ישראלשיווק בע""מ",,,יח,0.84,ל 100 גרם,false,1,13.90,16.55,false,1,
7290112498915,false,מאגדת  מיני מגנום  שקדים מובחרים,"גלידת שטראוס בע""מ",,,יח,2.50,ל 100 גרם,false,1,26.90,10.76,false,1,
7290112498922,false,מאגדת  מיני מגנום  לבן,"גלידת שטראוס בע""מ",,,יח,2.50,ל 100 גרם,false,1,26.90,10.76,false,1,
7290112498939,false,שלגון בומבה שטראוס,"גלידת שטראוס בע""מ",,,יח,1,,false,1,8.50,8.50,true,1,
7290112498946,false,שלגון קשת בענן,"גלידת שטראוס בע""מ",,,יח,0.47,ל 100 גרם,false,1,5.90,12.55,true,1,
7290112499103,false,קואנטו קליק  וניל עוגיות,"גלידת שטראוס בע""מ",,,יח,72,ל 100 גרם,false,1,6.50,0.09,true,1,
7290112499110,false,טילון קליק שוקולד,"גלידת שטראוס בע""מ",,,יח,0.70,ל 100 גרם,false,1,6.90,9.86,true,1,
7290112499127,false,מגנום  שוקולד לבן ותות,"גלידת שטראוס בע""מ",,,יח,0.77,ל 100 גרם,false,1,9.90,12.86,true,1,
7290112499189,false,קרמיסמו 1.33 ליטר  חד קרן,"גלידת שטראוס בע""מ",,,יח,1.33,לליטר,false,1,18.90,14.21,false,1,
7290112499196,false,קרמיסימו  חלב קורנפלקס,"גלידת שטראוס בע""מ",,,יח,1.33,לליטר,false,1,18.90,14.21,false,1,
7290112499462,false,"פינוק תחליב  שמן קוקוס   700  מ""ל*","יוניליוור ישראלשיווק בע""מ",,,יח,7,"ל 100 מ""ל",false,1,10.90,1.56,false,1,
7290112499622,false,גלידה פרווה שוקו עוגיות וניל,"גלידת שטראוס בע""מ",,,יח,2,לליטר,false,1,22.90,11.45,false,1,
7290112499639,false,A.hgigh pulled - Kapulski,"גלידת שטראוס בע""מ",,,יח,1,,false,1,9.90,9.90,true,1,
7290112499677,false,שלגון מגנום לבן(אימפאלס  ),"גלידת שטראוס בע""מ",,,יח,0.85,ל 100 גרם,false,1,9.90,11.65,true,1,
7290112499776,false,מאגדת  גודיז מאגדת 5 יח`,"גלידת שטראוס בע""מ",,,יח,2.40,"ל 100 מ""ל",false,1,27.90,11.63,false,1,
7290112499837,false,מגנום   דאבל שוקולד עם נוגט,"גלידת שטראוס בע""מ",,,יח,9,ל 100 גרם,false,1,9.90,1.10,true,1,
7290112499844,false,מאגדת  מיני מגנום שוקולד עם דואט,"גלידת שטראוס בע""מ",,,יח,3.10,ל 100 גרם,false,1,26.90,8.68,false,1,
7290112499905,false,קואנטו קליק בטעם  מרשמלו,"גלידת שטראוס בע""מ",,,יח,72,ל 100 גרם,false,1,6.50,0.09,true,1,
7290112499929,false,מגנום שוקולד,"גלידת שטראוס בע""מ",,,יח,1,,false,1,9.90,9.90,true,1,
7290112499936,false,מגנום שקדים מובחרים,"גלידת שטראוס בע""מ",,,יח,1,,false,1,9.90,9.90,true,1,
7290112499943,false,מיני מגנום  קלאסיק שוקולד,"גלידת שטראוס בע""מ",,,יח,2.50,ל 100 גרם,false,1,26.90,10.76,false,1,
7290112961266,false,בייגלה  כפיות פיזור  איטלקי,קבוצת אוסם סחר שותפות מוגבלת,,,יח,3,ל 100 גרם,false,1,9.90,3.30,false,1,
7290112961327,false,בייגלה אוסם כפיות פיזור,קבוצת אוסם סחר שותפות מוגבלת,,,יח,3,ל 100 גרם,false,1,9.90,3.30,false,1,
7290112961440,false,פיטנס בר  פרכיות שוקולד מריר,קבוצת אוסם סחר שותפות מוגבלת,,,יח,0.84,יח,false,1,14.50,17.26,true,1,
7290112961464,false,פיטנס חטיפי פרכיות  דקות  מתובלות,קבוצת אוסם סחר שותפות מוגבלת,,,יח,0.60,ל 100 גרם,false,1,8.90,14.83,true,1,
7290112961754,false,עוגיות שוקוצ`יפס  קרם אגוזים,קבוצת אוסם סחר שותפות מוגבלת,,,יח,2.20,ל 100 גרם,false,1,10.90,4.95,true,1,
7290112962287,false,טבעול שווארמה טבעונית 450 ג`,קבוצת אוסם סחר שותפות מוגבלת,,,יח,4.50,ל 100 גרם,false,1,29.90,6.64,true,1,
7290112963321,false,גרפיטי בייגלה  שטוח  ללא גלוטן,קבוצת אוסם סחר שותפות מוגבלת,,,יח,3,ל 100 גרם,false,1,11.90,3.97,false,1,
7290112963918,false,פיטנס קרקר דק  רוזמרין,קבוצת אוסם סחר שותפות מוגבלת,,,יח,1.40,ל 100 גרם,false,1,11.90,8.50,true,1,
7290112964410,false,רוטב אלף האיים לסלט,קבוצת אוסם סחר שותפות מוגבלת,,,יח,2.90,"ל 100 מ""ל",false,1,10.90,3.76,true,1,
7290112964458,false,רוטב ויניגרט לסלט 295 גרם אסם,קבוצת אוסם סחר שותפות מוגבלת,,,יח,2.90,"ל 100 מ""ל",false,1,10.90,3.76,true,1,
7290112964472,false,רוטב שום לסלט 290 גרם אסם,קבוצת אוסם סחר שותפות מוגבלת,,,יח,2.90,"ל 100 מ""ל",false,1,10.90,3.76,true,1,
7290112964564,false,רוטב אלף האיים לייט לסלט,קבוצת אוסם סחר שותפות מוגבלת,,,יח,2.90,"ל 100 מ""ל",false,1,10.90,3.76,true,1,
7290112965103,false,חמים וטעים  קוסקוס  עם ירקות,קבוצת אוסם סחר שותפות מוגבלת,,,יח,1.40,ל 100 גרם,false,1,10.90,7.79,false,1,
7290112965165,false,זוג מרק נמס פטריות  אוסם,קבוצת אוסם סחר שותפות מוגבלת,,,יח,0.52,ל 100 גרם,false,1,5.50,10.58,false,1,
7290112965264,false,זוג מרק נמס אפונה  אוסם,קבוצת אוסם סחר שותפות מוגבלת,,,יח,0.52,ל 100 גרם,false,1,5.50,10.58,false,1,
7290112965288,false,זוג מרק נמס ירקות אוסם,קבוצת אוסם סחר שותפות מוגבלת,,,יח,0.52,ל 100 גרם,false,1,5.50,10.58,false,1,
7290112965325,false,אורז ספרדי,קבוצת אוסם סחר שותפות מוגבלת,,,יח,1.40,ל 100 גרם,false,1,10.90,7.79,false,1,
7290112965868,false,קרם קרקר במליחות מעודנת 250 גר,קבוצת אוסם סחר שותפות מוגבלת,,,יח,2.50,ל 100 גרם,false,1,9.90,3.96,true,1,
7290112965905,false,בייגלה שמניות מליחות מעודנת 400 ג,קבוצת אוסם סחר שותפות מוגבלת,,,יח,3,ל 100 גרם,false,1,10.90,3.63,false,1,
7290112966025,false,בייגלה  שמניות ללא גלוטן,קבוצת אוסם סחר שותפות מוגבלת,,,יח,0.60,ל 100 גרם,false,1,2.90,4.83,false,1,
7290112966094,false,עוגת הביתתפוז מופחת סוכר,קבוצת אוסם סחר שותפות מוגבלת,,,יח,4,ל 100 גרם,false,1,11.90,2.98,false,1,
7290112966247,false,לחמית  כוסמין  200,קבוצת אוסם סחר שותפות מוגבלת,,,יח,2,ל 100 גרם,false,1,10.90,5.45,true,1,
7290112966353,false,פתיתים אפויים מספרים  גרם,קבוצת אוסם סחר שותפות מוגבלת,,,יח,4,ל 100 גרם,false,1,6.90,1.73,true,1,
7290112966803,false,פודינג אינסטנס שוקולד 88 גרם*חדש,קבוצת אוסם סחר שותפות מוגבלת,,,יח,0.80,ל 100 גרם,false,1,5.10,6.38,true,1,
7290112966841,false,פודינג ט.שוקולד מריר 90 גרם*חדש,קבוצת אוסם סחר שותפות מוגבלת,,,יח,0.90,ל 100 גרם,false,1,5.10,5.67,true,1,
7290112967114,false,פיטנס חטיפי פרכיות קטניות ופלפל,קבוצת אוסם סחר שותפות מוגבלת,,,יח,0.60,ל 100 גרם,false,1,8.90,14.83,true,1,
7290112967138,false,בייגלה  שמניות ללא גלוטן,קבוצת אוסם סחר שותפות מוגבלת,,,יח,2.50,ל 100 גרם,false,1,9.90,3.96,false,1,
7290112967381,false,פיטנס חטיפי פרכיות,קבוצת אוסם סחר שותפות מוגבלת,,,יח,0.60,ל 100 גרם,false,1,8.90,14.83,true,1,
7290112967572,false,רוטב ברבקיו,קבוצת אוסם סחר שותפות מוגבלת,,,יח,2.90,ל 100 גרם,false,1,9.90,3.41,true,1,
7290112967848,false,גלי תות מופחת סוכר  90 גרם*חדש,קבוצת אוסם סחר שותפות מוגבלת,,,יח,0.90,ל 100 גרם,false,1,6.50,7.22,false,1,
7290112968708,false,טבעול  שניצל תירס 1.3 העדה החרדית,קבוצת אוסם סחר שותפות מוגבלת,,,יח,1.30,ל 100 גרם,false,1,44.90,34.54,true,1,
7290112968722,false,נקניקיות מן הצומח העדה החרדית,קבוצת אוסם סחר שותפות מוגבלת,,,יח,1.20,ל 100 גרם,false,1,39.90,33.25,false,1,
7290112968807,false,פיטנס קרקר דק  סלק,קבוצת אוסם סחר שותפות מוגבלת,,,יח,1.50,ל 100 גרם,false,1,11.90,7.93,true,1,
7290112968821,false,פיטנס קרקר דק  בטטה,קבוצת אוסם סחר שותפות מוגבלת,,,יח,1.50,ל 100 גרם,false,1,11.90,7.93,true,1,
7290112969071,false,פרפקטו פסטה  רדיאטורי 500 גר`,קבוצת אוסם סחר שותפות מוגבלת,,,יח,5,ל 100 גרם,false,1,11.50,2.30,false,1,
7290113192300,false,חרוזית זית מושחר בית השיטה,קבוצת אוסם סחר שותפות מוגבלת,,,יח,2.75,ל 100 גרם,false,1,9.90,3.60,true,1,
7290113192317,false,טבעות זיתים מושחרים בית השיטה,קבוצת אוסם סחר שותפות מוגבלת,,,יח,2.80,ל 100 גרם,false,1,10.90,3.89,false,1,
7290113192331,false,זית מנזלינו  .15-17 בית השיטה,קבוצת אוסם סחר שותפות מוגבלת,,,יח,3.40,ל 100 גרם,false,1,9.90,2.91,false,1,
7290113192355,false,חרוזית בית השיטה.,קבוצת אוסם סחר שותפות מוגבלת,,,יח,2.75,ל 100 גרם,false,1,9.90,3.60,true,1,
7290113192362,false,טבעות זיתים ירוקים בית השיטה,קבוצת אוסם סחר שותפות מוגבלת,,,יח,5.60,ל 100 גרם,false,1,9.90,1.77,false,1,
7290113192386,false,זית סורי מבוקע בית השיטה,קבוצת אוסם סחר שותפות מוגבלת,,,יח,3.40,ל 100 גרם,false,1,10.90,3.21,false,1,
7290113192393,false,קוקטיל זיתים בית השיטה,קבוצת אוסם סחר שותפות מוגבלת,,,יח,3.36,ל 100 גרם,false,1,11.90,3.54,false,1,
7290113192478,false,מלפפון 10-12 מלח בית השיטה,קבוצת אוסם סחר שותפות מוגבלת,,,יח,3.20,ל 100 גרם,false,1,7.50,2.34,false,1,
7290113192485,false,מלפפון חומץ\מלח 10-12 בית השיטה,קבוצת אוסם סחר שותפות מוגבלת,,,יח,2.90,ל 100 גרם,false,1,7.50,2.59,false,1,
7290113192492,false,מלפפון 13/17 חומץ בית השיטה,קבוצת אוסם סחר שותפות מוגבלת,,,יח,2.90,ל 100 גרם,false,1,10.90,3.76,false,1,
7290113192508,false,מלפפון במלח .3-17 בית השיטה,קבוצת אוסם סחר שותפות מוגבלת,,,יח,3.20,ל 100 גרם,false,1,9.90,3.09,false,1,
7290113192515,false,מלפפון  18-25 מלח. בית השיטה,קבוצת אוסם סחר שותפות מוגבלת,,,יח,3.20,ל 100 גרם,false,1,10.90,3.41,false,1,
7290113192522,false,מלפפון  בחומץ .18-25 בית השיטה,קבוצת אוסם סחר שותפות מוגבלת,,,יח,2.90,ל 100 גרם,false,1,10.90,3.76,false,1,
7290113192539,false,מלפפון במלח 7-9 בית השיטה,קבוצת אוסם סחר שותפות מוגבלת,,,יח,3.20,ל 100 גרם,false,1,5.90,1.84,false,1,
7290113192546,false,מלפפון 7-9 בחומץ בית השיטה,קבוצת אוסם סחר שותפות מוגבלת,,,יח,5.60,ל 100 גרם,false,1,6.30,1.13,false,1,
7290113192560,false,שיפקה  A2 בית השיטה,קבוצת אוסם סחר שותפות מוגבלת,,,יח,2.30,ל 100 גרם,false,1,6.90,3,true,1,
7290113192577,false,כרוב לבן כבוש A2 בית השיטה,קבוצת אוסם סחר שותפות מוגבלת,,,יח,4.30,ל 100 גרם,false,1,7.90,1.84,false,1,
7290113192997,false,זית מרוקאי בית השיטה,קבוצת אוסם סחר שותפות מוגבלת,,,יח,3.40,ל 100 גרם,false,1,12.90,3.79,false,1,
7290113193000,false,פלפל שיפקונית בית השיטה,קבוצת אוסם סחר שותפות מוגבלת,,,יח,2.30,ל 100 גרם,false,1,9.90,4.30,false,1,
7290113193017,false,קוקטיל זיתים בית השיטה,קבוצת אוסם סחר שותפות מוגבלת,,,יח,2.75,ל 100 גרם,false,1,14.90,5.42,false,1,
7290113193031,false,חרוזית קלמנטה בית השיטה,קבוצת אוסם סחר שותפות מוגבלת,,,יח,2.75,ל 100 גרם,false,1,14.90,5.42,false,1,
7290113193321,false,שמן זית כתית בית השיטה,קבוצת אוסם סחר שותפות מוגבלת,,,יח,7.50,ל 100 גרם,false,1,33.90,4.52,false,1,
7290113193369,false,תרסיס שמן קנולה מזוכך,קבוצת אוסם סחר שותפות מוגבלת,,,יח,1.48,"ל 100 מ""ל",false,1,13.90,9.39,false,1,
7290113194090,false,טבעות קלמנטה בית השיטה,קבוצת אוסם סחר שותפות מוגבלת,,,יח,2.80,ל 100 גרם,false,1,14.90,5.32,false,1,
7290113194649,false,מלפפונים במלח קוביות בית השיטה,קבוצת אוסם סחר שותפות מוגבלת,,,יח,3.20,ל 100 גרם,false,1,10.90,3.41,false,1,
7290113197800,false,פלפל  קלוי בית  השיטה,קבוצת אוסם סחר שותפות מוגבלת,,,יח,4,ל 100 גרם,false,1,14.90,3.73,false,1,
7290113197817,false,חציל קלוי בית  השיטה,קבוצת אוסם סחר שותפות מוגבלת,,,יח,6.70,ל 100 גרם,false,1,13.90,2.07,false,1,
7290114310215,false,"שמנת מתוקה 38%-250 מ""ל",החברה המרכזית טלהפצת משקאות בע,,,יח,2.50,"ל 100 מ""ל",false,1,6.47,2.59,false,1,
7290114310239,false,חלב נטול  לקטוז מועשר 1.5 ליטר 2%,החברה המרכזית טלהפצת משקאות בע,,,יח,15,"ל 100 מ""ל",false,1,12.50,0.83,false,1,
7290114310345,false,מעדן יוגורט טעם תות,החברה המרכזית טלהפצת משקאות בע,,,יח,5,ל 100 גרם,false,1,2.90,0.58,true,1,
7290114310611,false,"משקה חלב בננה  250 מ""ל בקבוק",החברה המרכזית טלהפצת משקאות בע,,,יח,0.25,"ל 100 מ""ל",false,1,5.90,23.60,false,1,
7290114310628,false,משקה חלב וניל עוגיות  1ליטר  בקבוק,החברה המרכזית טלהפצת משקאות בע,,,יח,10,"ל 100 מ""ל",false,1,12.90,1.29,true,1,
7290114310895,false,מאגדת  שמינייה סימפלי 1.5% מנגו ותות,החברה המרכזית טלהפצת משקאות בע,,,יח,1.20,ל 100 גרם,false,1,31.90,26.58,false,1,
7290114311014,false,"משקה חלב אייס  קפוצינו פקק 250 מ""ל",החברה המרכזית טלהפצת משקאות בע,,,יח,0.25,"ל 100 מ""ל",false,1,5.90,23.60,false,1,
7290114311021,false,"משקה חלב וניל עוגיות  פקק 250 מ""ל",החברה המרכזית טלהפצת משקאות בע,,,יח,0.25,"ל 100 מ""ל",false,1,5.90,23.60,false,1,
7290114311038,false,"שמנת מתוקה 250 מ""ל 32%  בד""צ",החברה המרכזית טלהפצת משקאות בע,,,יח,2.50,"ל 100 מ""ל",false,1,7.50,3,false,1,
7290114311298,false,"קציפת  תות  בננה מלון 150מ""ל  טרה",החברה המרכזית טלהפצת משקאות בע,,,יח,1.50,"ל 100 מ""ל",false,1,4.90,3.27,false,1,
7290114311304,false,"קציפת  מנגו פסיפלורה  150מ""ל  טרה",החברה המרכזית טלהפצת משקאות בע,,,יח,1.50,"ל 100 מ""ל",false,1,4.90,3.27,false,1,
7290114311328,false,חלב נטול לקטוז  1 ל`,החברה המרכזית טלהפצת משקאות בע,,,יח,10,ל 100 גרם,false,1,7.90,0.79,false,1,
7290114311359,false,"קציפת  מנגו 3%  150מ""ל  טרה",החברה המרכזית טלהפצת משקאות בע,,,יח,1.50,"ל 100 מ""ל",false,1,4.90,3.27,false,1,
7290114311458,false,חלב מועשר 3% שומן 1 ליטר קרטון,החברה המרכזית טלהפצת משקאות בע,,,יח,1,לליטר,false,1,7.90,7.90,false,1,
7290114600989,false,"רוטב אלף האיים  250 מ""ל מאסטר שף",ש.שסטוביץ בעמ,,,יח,2.50,ל 100 גרם,false,1,9.90,3.96,false,1,
7290114600996,false,"רוטב שום 250 מ""ל מאסטר שף",ש.שסטוביץ בעמ,,,יח,2.50,ל 100 גרם,false,1,9.90,3.96,false,1,
7290114602952,false,מינינס קרקר פריך מאפונה,ש.שסטוביץ בעמ,,,יח,0,ל 100 גרם,false,1,10.90,10.90,true,1,
7290114602976,false,מינינס קרקר פריך מחומוס,ש.שסטוביץ בעמ,,,יח,0,ל 100 גרם,false,1,9.90,9.90,true,1,
7290114603034,false,פרי גרנולה אגוזים וצימוקים,ש.שסטוביץ בעמ,,,יח,3,ל 100 גרם,false,1,13.90,4.63,false,1,
7290114603768,false,"אג קס  שירותים 750מ"" מארז זוגות",ש.שסטוביץ בעמ,,,יח,15,"ל 100 מ""ל",false,1,24.90,1.66,false,1,
7290114604864,false,קוסקוס סולת דק  350 גר`,ש.שסטוביץ בעמ,,,יח,3.50,ל 100 גרם,false,1,5.90,1.69,true,1,
7290114604871,false,קוסקוס סולת בינוני   350 גר`,ש.שסטוביץ בעמ,,,יח,3.50,ל 100 גרם,false,1,5.90,1.69,true,1,
7290114605359,false,רפידות הנקה  פיריסט סמייל   לארג`,ש.שסטוביץ בעמ,,,יח,1,,false,1,26.90,26.90,true,1,
7290114606578,false,מאסטר שף  שקדי מרק  400,ש.שסטוביץ בעמ,,,יח,4,ל 100 גרם,false,1,9.90,2.48,false,1,
7290114608121,false,מינינס קרקר פריך  מעדשים כתומות,ש.שסטוביץ בעמ,,,יח,0,ל 100 גרם,false,1,10.90,10.90,true,1,
7290114666794,false,שעון שבת ע. הבית,עולם הבית,,,יח,1,,false,1,24.90,24.90,false,1,
7290115200027,false,פתי בר אוסם פינוקיו  שוקו,קבוצת אוסם סחר שותפות מוגבלת,,,יח,2.20,ל 100 גרם,false,1,10.90,4.95,true,1,
7290115200713,false,במבה 50 ג אריזה משפחת,קבוצת אוסם סחר שותפות מוגבלת,,,יח,2.50,ל 100 גרם,false,1,13.90,5.56,true,1,
7290115200881,false,בייגלה שטוחים  שומשום צ,קבוצת אוסם סחר שותפות מוגבלת,,,יח,3,ל 100 גרם,false,1,9.90,3.30,false,1,
7290115201031,false,פתי בר אוסם דובי שוקולד,קבוצת אוסם סחר שותפות מוגבלת,,,יח,2.20,ל 100 גרם,false,1,12.90,5.86,true,1,
7290115201680,false,ביסלי ברביקיו,קבוצת אוסם סחר שותפות מוגבלת,,,יח,0.70,ל 100 גרם,false,1,3.90,5.57,true,1,
7290115201703,false,בסלי ברביקיו גדול,קבוצת אוסם סחר שותפות מוגבלת,,,יח,2,ל 100 גרם,false,1,6.90,3.45,true,1,
7290115201741,false,ביסלי בצל,קבוצת אוסם סחר שותפות מוגבלת,,,יח,0.70,ל 100 גרם,false,1,3.90,5.57,true,1,
7290115203172,false,במבה פרו 40 80 גר,קבוצת אוסם סחר שותפות מוגבלת,,,יח,0.80,ל 100 גרם,false,1,4.20,5.25,true,1,
7290115203486,false,פירורית בטעם ביסלי גריל,קבוצת אוסם סחר שותפות מוגבלת,,,יח,2,ל 100 גרם,false,1,6.30,3.15,false,1,
7290115204056,false,"קטשופ  פחות סוכר כשל""פ",קבוצת אוסם סחר שותפות מוגבלת,,,יח,6.90,ל 100 גרם,false,1,9.90,1.43,false,1,
7290115204261,false,אריסה    190  גר`  צבר,קבוצת אוסם סחר שותפות מוגבלת,,,יח,1.90,ל 100 גרם,false,1,12.90,6.79,false,1,
7290115204698,false,בייגלה שטוח  שומשום,קבוצת אוסם סחר שותפות מוגבלת,,,יח,3,ל 100 גרם,false,1,9.90,3.30,false,1,
7290115204957,false,לחמית  איטלקית כפרית ק,קבוצת אוסם סחר שותפות מוגבלת,,,יח,1.60,ל 100 גרם,false,1,9.90,6.19,true,1,
7290115205176,false,פיטנס קרקר כפרי,קבוצת אוסם סחר שותפות מוגבלת,,,יח,1.40,ל 100 גרם,false,1,11.90,8.50,true,1,
7290115205251,false,פיטנס בר  פרכיות  קרמל מלוח,קבוצת אוסם סחר שותפות מוגבלת,,,יח,0.84,יח,false,1,14.50,17.26,true,1,
7290115205312,false,פיטנס קרקר  זיתים,קבוצת אוסם סחר שותפות מוגבלת,,,יח,1.40,ל 100 גרם,false,1,11.90,8.50,true,1,
7290115205619,false,פתי בר אוסם ד\פינוקי עוגת גבינה,קבוצת אוסם סחר שותפות מוגבלת,,,יח,2.20,ל 100 גרם,false,1,12.90,5.86,true,1,
7290115205978,false,אוסם פתיבר אצבעות שוקולד,קבוצת אוסם סחר שותפות מוגבלת,,,יח,1.80,ל 100 גרם,false,1,12.90,7.17,true,1,
7290115207361,false,פתיבר פיסטוק   500 ג,קבוצת אוסם סחר שותפות מוגבלת,,,יח,5,ל 100 גרם,false,1,13.90,2.78,true,1,
7290115207620,false,רוטב סויה קלאסי  טבעי 330 גר,קבוצת אוסם סחר שותפות מוגבלת,,,יח,2.90,"ל 100 מ""ל",false,1,14.90,5.14,true,1,
7290115207682,false,רוטב סויה בסגנון  סויה סיני,קבוצת אוסם סחר שותפות מוגבלת,,,יח,2.90,"ל 100 מ""ל",false,1,9.90,3.41,true,1,
7290115207880,false,ויטמינצ יק  פטל    2ליטר,קבוצת אוסם סחר שותפות מוגבלת,,,יח,2,לליטר,false,1,39.90,19.95,false,1,
7290115207941,false,ויטמינצי ק אננס 1 ליטר,קבוצת אוסם סחר שותפות מוגבלת,,,יח,1,לליטר,false,1,19.90,19.90,false,1,
7290115207965,false,ויטמינציק  מנגו אפרסק  1 ליטר,קבוצת אוסם סחר שותפות מוגבלת,,,יח,1,לליטר,false,1,19.90,19.90,false,1,
7290115207989,false,ויטמינצי ק אננס 1 ליטר,קבוצת אוסם סחר שותפות מוגבלת,,,יח,1,לליטר,false,1,19.90,19.90,false,1,
7290115208009,false,ויטמינציק  ענבים  1 ליטר,קבוצת אוסם סחר שותפות מוגבלת,,,יח,1,לליטר,false,1,19.90,19.90,false,1,
7290115208023,false,ויטמינצ יק  ענבים    2ליטר,קבוצת אוסם סחר שותפות מוגבלת,,,יח,2,לליטר,false,1,39.90,19.95,false,1,
7290115208047,false,ויטמינצי פטל 1  ליטר,קבוצת אוסם סחר שותפות מוגבלת,,,יח,1,לליטר,false,1,19.90,19.90,false,1,
7290115208061,false,ויטמינצי  תפוח 1 ליטר,קבוצת אוסם סחר שותפות מוגבלת,,,יח,1,לליטר,false,1,19.90,19.90,false,1,
7290115208344,false,בייגלה כפיות שמנת בצל,קבוצת אוסם סחר שותפות מוגבלת,,,יח,3,ל 100 גרם,false,1,9.90,3.30,false,1,
7290115209198,false,במבה  אוורירית 80 גר,קבוצת אוסם סחר שותפות מוגבלת,,,יח,0.80,ל 100 גרם,false,1,4.20,5.25,true,1,
7290115209235,false,פתיבר קפה  500 ג,קבוצת אוסם סחר שותפות מוגבלת,,,יח,5,ל 100 גרם,false,1,13.10,2.62,true,1,
7290115209358,false,במבה במילוי  בראוניז,קבוצת אוסם סחר שותפות מוגבלת,,,יח,0.60,ל 100 גרם,false,1,4.90,8.17,true,1,
7290115209372,false,במבה  במילוי  בראוניז 150 גר`,קבוצת אוסם סחר שותפות מוגבלת,,,יח,1.50,ל 100 גרם,false,1,9.90,6.60,false,1,
7290115403299,false,עוגיות פרפריות  500 ג*,שיבולים ייצור מוצרי מאפה בעמ,,,יח,5,ל 100 גרם,false,1,12.50,2.50,true,1,
7290115403312,false,עוגיות מלוחות קריספי עגול  500 ג*,שיבולים ייצור מוצרי מאפה בעמ,,,יח,5,ל 100 גרם,false,1,12.50,2.50,true,1,
7290115403435,false,עוגיות מעמול תמר  500 ג*,שיבולים ייצור מוצרי מאפה בעמ,,,יח,5,ל 100 גרם,false,1,12.50,2.50,true,1,
7290115403459,false,עוגיות נסיכה בטעם תות  500 ג*,שיבולים ייצור מוצרי מאפה בעמ,,,יח,5,ל 100 גרם,false,1,12.50,2.50,true,1,
7290115403466,false,עוגיות נסיכה מיקס 500ג,שיבולים ייצור מוצרי מאפה בעמ,,,יח,5,ל 100 גרם,false,1,12.50,2.50,true,1,
7290115403473,false,עוגיות עינוגי שוקולד 500 ג*,שיבולים ייצור מוצרי מאפה בעמ,,,יח,5,ל 100 גרם,false,1,12.50,2.50,true,1,
7290115403480,false,עוגיות בסגנון מרוקאי מיני 500 ג*,שיבולים ייצור מוצרי מאפה בעמ,,,יח,5,ל 100 גרם,false,1,12.50,2.50,true,1,
7290115403503,false,עוגיות פרסה תמרים 500ג,שיבולים ייצור מוצרי מאפה בעמ,,,יח,5,ל 100 גרם,false,1,12.50,2.50,true,1,
7290115403510,false,עוגיות מגולגלות תמרים 500 ג*,שיבולים ייצור מוצרי מאפה בעמ,,,יח,5,ל 100 גרם,false,1,12.50,2.50,true,1,
7290115403527,false,עוגיות עינוגי תמרים 500ג,שיבולים ייצור מוצרי מאפה בעמ,,,יח,5,ל 100 גרם,false,1,12.50,2.50,true,1,
7290115403565,false,עוגיות קיפל וניל 500ג,שיבולים ייצור מוצרי מאפה בעמ,,,יח,5,ל 100 גרם,false,1,12.50,2.50,true,1,
7290115671223,false,מאסט פאן אבטיח מנגו 58 גר`,שטראוס גרופ בעמ,,,יח,1,ל 100 גרם,false,1,9.90,9.90,true,1,
7290115671308,false,מאסט פאן תות דובדבן  58 גר`,שטראוס גרופ בעמ,,,יח,1,ל 100 גרם,false,1,9.90,9.90,true,1,
7290115671346,false,מיני פינוקיות  טופי קרמל 180 גר`,שטראוס גרופ בעמ,,,יח,1.80,ל 100 גרם,false,1,10.90,6.06,false,1,
7290115675986,false,דנונה בר עם אגוזים מקורמלים,שטראוס גרופ בעמ (ח),,,יח,1,"ל 100 מ""ל",false,1,4.50,4.50,false,1,
7290115676037,false,אקטימל  ריפרש  תות דומדומיות,שטראוס גרופ בעמ (ח),,,יח,2.50,"ל 100 מ""ל",false,1,5.90,2.36,false,1,
7290115676051,false,משקה אקטביה   עם מתיקות מעודנת,שטראוס גרופ בעמ (ח),,,יח,1.20,"ל 100 מ""ל",false,1,4.90,4.08,false,1,
7290115676082,false,דנונה פרו משקה  פרו תות 20,שטראוס גרופ בעמ (ח),,,יח,2.55,"ל 100 מ""ל",false,1,6.90,2.71,false,1,
7290115678376,false,מעדן הגולן שוקולד,שטראוס גרופ בעמ (ח),,,יח,1.25,"ל 100 מ""ל",false,1,2.90,2.32,true,1,
7290115678383,false,מעדן הגולן שוקולד מריר,שטראוס גרופ בעמ (ח),,,יח,1.25,"ל 100 מ""ל",false,1,2.90,2.32,true,1,
7290116530161,false,PINUK LIQUID LAVENDER VANILLA 12X700 ML,"יוניליוור ישראלשיווק בע""מ",,,יח,7,"ל 100 מ""ל",false,1,10.90,1.56,false,1,
7290116530215,false,AXE APOLLO STICK 12X76GR,"יוניליוור ישראלשיווק בע""מ",,,יח,0.76,"ל 100 מ""ל",false,1,21.90,28.82,false,1,
7290116530482,false,מאגדת קורנפלקס אלופים5*30ג`*,"יוניליוור ישראלשיווק בע""מ",,,יח,1.50,ל 100 גרם,false,1,10.90,7.27,false,1,
7290116530871,false,נשנושים מיקס 240ג  *,"יוניליוור ישראלשיווק בע""מ",,,יח,2.40,ל 100 גרם,false,1,10.90,4.54,false,1,
7290116531083,false,ברנפלקס שקדים ודבש*,"יוניליוור ישראלשיווק בע""מ",,,יח,4,ל 100 גרם,false,1,19.90,4.98,false,1,
7290116531243,false,פינוק שמפו ומרכך 2ב -1למניעת קשקשים*,"יוניליוור ישראלשיווק בע""מ",,,יח,7,"ל 100 מ""ל",false,1,11.90,1.70,false,1,
7290116531793,false,HELLAMNN`S FOR SALADS 1000ISLANDS LITE,"יוניליוור ישראלשיווק בע""מ",,,יח,2.95,ל 100 גרם,false,12,9.90,3.36,false,1,
7290116531939,false,קרמיסימו  גלידונית תות,"גלידת שטראוס בע""מ",,,יח,7,ל 100 גרם,false,1,44.90,6.41,false,1,
7290116532264,false,מאגדת  גודיז לייט אפרסק  מאגדת 5 יח`,"גלידת שטראוס בע""מ",,,יח,2.40,"ל 100 מ""ל",false,1,27.90,11.63,false,1,
7290116532271,false,גודייז סנדוויץ שוקולד וניל ר,"גלידת שטראוס בע""מ",,,יח,2.70,ל 100 גרם,false,1,27.90,10.33,false,1,
7290116532905,false,נשנושים אייר ביס ברביקיו 155 גר`*,"יוניליוור ישראלשיווק בע""מ",,,יח,2.60,ל 100 גרם,false,1,10.90,4.19,false,1,
7290116533230,false,TELMA GLUTEN FREE BRANFLAKES 8X375G,"יוניליוור ישראלשיווק בע""מ",,,יח,5,ל 100 גרם,false,1,19.90,3.98,false,1,
7290116850641,false,מברשת אסלה מגומי עם מתקן    ע. הבית,עולם הבית,,,יח,1,,false,1,39.90,39.90,false,1,
7290116851372,false,כף  אשפה קטן ע. הבית,עולם הבית,,,יח,1,,false,1,5.90,5.90,false,1,
7290116851969,false,נפנף למנגל   ע. הבית,עולם הבית,,,יח,1,,false,1,4.90,4.90,false,1,
7290116930244,false,"מארז יוגורט תנובה 1.5% בד""צ",תנובה -חלב,,,יח,8,למארז,false,1,16.10,2.01,false,1,
7290116930435,false,יוגורט גו סמיך 0%  דובדבן,תנובה -חלב,,,יח,2,"ל 100 מ""ל",false,1,5.50,2.75,false,1,
7290116930459,false,יופלה  SHAKE  . בננה . אננס . קוקוס,תנובה -חלב,,,יח,2.30,"ל 100 מ""ל",false,1,7.60,3.30,false,1,
7290116930701,false,מעדן  חלב גו  טעם   קרמל מלוח 120 גר`,תנובה -חלב,,,יח,1.20,"ל 100 מ""ל",false,1,4.50,3.75,false,1,
7290116931074,false,פרוסות טל העמק 32% 300 גר`,תנובה -חלב,,,יח,3,ל 100 גרם,false,1,24.90,8.30,false,1,
7290116931104,false,יוגורט גו סמיך 0%  אננס,תנובה -חלב,,,יח,2,"ל 100 מ""ל",false,1,5.50,2.75,false,1,
7290117030530,false,"אשפתון גופיה נשלף אחד אחד XL ""שווה""",ווינפאק סחר בעמ,,,יח,25,יח,false,1,16.90,0.68,true,1,
7290117030554,false,10 תבניות זהב ומכסים מרובע אישי ALU23,ווינפאק סחר בעמ,,,יח,10,יח,false,24,12.90,1.29,true,1,
7290117030615,false,4 תבניות שחור זהב אינגליש גבוהה SW9709,ווינפאק סחר בעמ,,,יח,4,יח,false,30,12.90,3.23,true,1,
7290117030752,false,תבניות ארוז *7  (R31/105) מרובעות שווה,אופל אריזות בעמ,,,יח,10,יח,false,1,6.20,0.62,true,1,
7290117030769,false,תבניות ארוז (R2/90)*7 מלבן ארוך שווה ח,ווינפאק סחר בעמ,,,יח,7,יח,false,1,6.20,0.89,true,1,
7290117030776,false,תבניות ארוז מלבן עמוק *7 (R64/80A) שוו,ווינפאק סחר בעמ,,,יח,7,יח,false,1,6.20,0.89,true,1,
7290117030783,false,תבניות ארוז *4  (R99/210) ענקיות חדש ש,ווינפאק סחר בעמ,,,יח,4,יח,false,1,6.20,1.55,true,1,
7290117030790,false,תבניות ארוז *10  R88  אינגליש שווה חדש,ווינפאק סחר בעמ,,,יח,10,יח,false,1,6.20,0.62,true,1,
7290117030806,false,תבניות ארוז *10 טוסטר (R29 B8) שווה חד,ווינפאק סחר בעמ,,,יח,10,יח,false,1,6.20,0.62,true,1,
7290117030813,false,תבניות ארוז *4 C60 עגול עמוק  שווה חדש,ווינפאק סחר בעמ,,,יח,4,יח,false,1,6.20,1.55,true,1,
7290117030820,false,תבניות ארוז *4  C10 עגול גדול שווה חדש,ווינפאק סחר בעמ,,,יח,4,יח,false,1,6.20,1.55,true,1,
7290117030837,false,תבניות ארוז *10 אינגליש קצר שווה חדש*,ווינפאק סחר בעמ,,,יח,10,יח,false,1,6.20,0.62,true,1,
7290117031001,false,כפפות ניטריל סינטטי S כחול 80יח  שווה*,חביב את פרנק בעמ (לוגיסטי ),,,יח,80,יח,false,10,18.90,0.24,false,1,
7290117031032,false,כפפות ניטריל סינטטי XL שחור 80יח שווה*,חביב את פרנק בעמ (לוגיסטי ),,,יח,80,יח,false,10,18.90,0.24,false,1,
7290117031506,false,כוסות נייר 40  יחי` 8B שרול שקוף (25בק,GG.M ENTERPRISE,,,יח,40,יח,false,1,6.90,0.17,true,1,
7290117032008,false,מזלגות איכותים 40יח קרם  שווה*,ווינפאק סחר בעמ,,,יח,40,יח,false,1,5.90,0.15,false,1,
7290117032015,false,מזלגות איכותים 40יח שקוף שווה  *,ווינפאק סחר בעמ,,,יח,40,יח,false,1,5.90,0.15,false,1,
7290117032022,false,מזלגות איכותים 40יח צבעוני  שווה*,ווינפאק סחר בעמ,,,יח,40,יח,false,1,5.90,0.15,false,1,
7290117032060,false,כפות איכותיות 40יח קרם  שווה*,ווינפאק סחר בעמ,,,יח,50,יח,false,1,5.90,0.12,false,1,
7290117032077,false,כפות איכותיות 40יח שקוף  שווה*,ווינפאק סחר בעמ,,,יח,40,יח,false,1,5.90,0.15,false,1,
7290117032091,false,כפיות איכותיות 40יח קרם  שווה*,ווינפאק סחר בעמ,,,יח,40,יח,false,1,5.90,0.15,false,1,
7290117032107,false,כפיות איכותיות 40יח שקוף  שווה*,ווינפאק סחר בעמ,,,יח,40,יח,false,1,5.90,0.15,false,1,
7290117033005,false,מארז פופקורן למיקרו מלח 5*100 ג`שווה*,AST Popcorn Ltd,,,יח,5,ל 100 גרם,false,1,10.90,2.18,true,1,
7290117033012,false,מארז פופקורן למיקרו חמאה 5*100 ג`שווה*,AST Popcorn Ltd,,,יח,5,ל 100 גרם,false,1,10.90,2.18,true,1,
7290117261569,false,סלמון אטלנטי מעושן בשמן קנולה,ג.וילי פוד בעמ,,,יח,1.20,ל 100 גרם,false,1,11.50,9.58,true,1,
7290117380147,false,רוטב חרדל ושום ודבש לסלט,ש.שסטוביץ בעמ,,,יח,2.60,ל 100 גרם,false,1,9.90,3.81,false,1,
7290117381229,false,פוף  פרכיות  מצופות שוקולד חלב,ש.שסטוביץ בעמ,,,יח,7,ל 100 גרם,false,1,8.90,1.27,true,1,
7290117381243,false,פוף  פרכיות  מצופות שוקולד חלב ותות,ש.שסטוביץ בעמ,,,יח,7,ל 100 גרם,false,1,8.90,1.27,true,1,
7290117382332,false,סלים דליס  פרו חטיף  חלבון  מצופה ט. עוג,ש.שסטוביץ בעמ,,,יח,0.60,ל 100 גרם,false,1,11.90,19.83,false,1,
7290117760826,false,כפפות ניטריל כחול M פרפקטמדיק 100 יח*,ווינפאק סחר בעמ,,,יח,100,יח,false,1,24.90,0.25,false,1,
7290117860038,false,תחליב רחצה הוואי בניחוח  אוכמניות,"הנקל סוד בע""מ",,,יח,7,"ל 100 מ""ל",false,1,14.90,2.13,true,1,
7290117860083,false,קרם רחצה הוואי בניחוח  אירוס זהוב,"הנקל סוד בע""מ",,,יח,7,"ל 100 מ""ל",false,1,14.90,2.13,true,1,
7290117860090,false,הוואי מרכך מטפח  לשיער רגיל,"הנקל סוד בע""מ",,,יח,7,"ל 100 מ""ל",false,1,14.90,2.13,true,1,
7290117860137,false,קרם רחצה הוואי בניחוח  פרח הקמילה,"הנקל סוד בע""מ",,,יח,7,"ל 100 מ""ל",false,1,14.90,2.13,true,1,
7290117860144,false,הוואי  שמפו למניעת קשקשים,"הנקל סוד בע""מ",,,יח,7,"ל 100 מ""ל",false,1,14.90,2.13,true,1,
7290117860199,false,הוואי  שמפו מעניק לחות לש. יבש,"הנקל סוד בע""מ",,,יח,7,"ל 100 מ""ל",false,1,14.90,2.13,true,1,
7290117860243,false,הוואי מרכך  מעניק לחות יבש,"הנקל סוד בע""מ",,,יח,7,"ל 100 מ""ל",false,1,14.90,2.13,true,1,
7290117860281,false,ג`ל רחצה  הוואי  לגבר בניחוח עוצמתי,"הנקל סוד בע""מ",,,יח,7,"ל 100 מ""ל",false,1,14.90,2.13,true,1,
7290117860298,false,הוואי  שמפו  קרטין מחזק,"הנקל סוד בע""מ",,,יח,7,"ל 100 מ""ל",false,1,14.90,2.13,true,1,
7290117860335,false,ג`ל רחצה  הוואי  לגבר בניחוח מעורר,"הנקל סוד בע""מ",,,יח,7,"ל 100 מ""ל",false,1,14.90,2.13,true,1,
7290117860342,false,הוואי מרכך קרטין מחזק,"הנקל סוד בע""מ",,,יח,7,"ל 100 מ""ל",false,1,14.90,2.13,true,1,
7290117860380,false,תחליב רחצה הוואי בניחוח  אלוורה,"הנקל סוד בע""מ",,,יח,7,"ל 100 מ""ל",false,1,14.90,2.13,true,1,
7290117860397,false,הוואי  שמפו פריחת הדובדבן,"הנקל סוד בע""מ",,,יח,7,"ל 100 מ""ל",false,1,14.90,2.13,true,1,
7290117860441,false,הוואי מרכך פריחת הדובדבן,"הנקל סוד בע""מ",,,יח,7,"ל 100 מ""ל",false,1,14.90,2.13,true,1,
7290117860540,false,הוואי  שמפו  עדין לילדים,"הנקל סוד בע""מ",,,יח,7,"ל 100 מ""ל",false,1,14.90,2.13,true,1,
7290117860595,false,הוואי מרכך מתיר קשרים לילדים,"הנקל סוד בע""מ",,,יח,7,"ל 100 מ""ל",false,1,14.90,2.13,true,1,
7290117860649,false,הוואי  שמפו  ללא סולפטים,"הנקל סוד בע""מ",,,יח,7,"ל 100 מ""ל",false,1,14.90,2.13,true,1,
7290117860694,false,הוואי מרכך ללא סופלטים,"הנקל סוד בע""מ",,,יח,7,"ל 100 מ""ל",false,1,14.90,2.13,true,1,
7290117860748,false,הוואי  שמפו  מעניק  נפח,"הנקל סוד בע""מ",,,יח,7,"ל 100 מ""ל",false,1,14.90,2.13,true,1,
7290117860793,false,הוואי מרכך מעניק נפח,"הנקל סוד בע""מ",,,יח,7,"ל 100 מ""ל",false,1,14.90,2.13,true,1,
7290117860847,false,הוואי  שמפו  4 ב -1לגבר,"הנקל סוד בע""מ",,,יח,7,"ל 100 מ""ל",false,1,14.90,2.13,true,1,
7290118420514,false,פודינג ט. נוגט,קבוצת אוסם סחר שותפות מוגבלת,,,יח,0.76,ל 100 גרם,false,1,5.10,6.71,true,1,
7290589856775,false,מוצרי שיער,שבלולים בעמ,,,יח,1,,false,1,5.90,5.90,false,1,
7291044066296,false,טוסטר לחיצה ל2 פרוסות גריל,סמיקום לקסיס בעמ,,,יח,1,יח,false,1,110,110,false,1,
7296058110010,false,פרכיות אורז 110ג  פרח*,פרח תעשיות מזוןבעמ,,,יח,1,,false,1,4.50,4.50,true,1,
7296073579281,false,"צלחת ענקית שקוף 25 יח""יש  חסד""",סאם פלסטיק,,,יח,1,יח,false,20,16.90,16.90,false,1,
7297070000051,false,גרבי ברך דינמו,אחים וייס י.ש.י.ייצור ושווק בע,,,יח,1,,false,1,12.90,12.90,false,1,
7297070000327,false,גרבי דונה 20 ירך נשים,אחים וייס י.ש.י.ייצור ושווק בע,,,יח,1,,false,1,12.90,12.90,false,1,
7297070000334,false,גרבי לונג דונה ירך,אחים וייס י.ש.י.ייצור ושווק בע,,,יח,1,,false,1,14.90,14.90,false,1,
7297070000358,false,קרנה ברך 40 לייקרה,אחים וייס י.ש.י.ייצור ושווק בע,,,יח,1,,false,1,10.50,10.50,false,1,
7297070000365,false,גרביון אלכסנדרה  ליקרה,אחים וייס י.ש.י.ייצור ושווק בע,,,יח,1,,false,1,15.90,15.90,false,1,
7297070000372,false,גרביון  אנדיאנה 20 דנייר,אחים וייס י.ש.י.ייצור ושווק בע,,,יח,1,,false,1,16.90,16.90,false,1,
7297070000389,false,גרביון  קלודיה נשים 40 דנייר,אחים וייס י.ש.י.ייצור ושווק בע,,,יח,1,,false,1,19.90,19.90,false,1,
7297070001010,false,פטריציה גרבי ברך  נשים,אחים וייס י.ש.י.ייצור ושווק בע,,,יח,1,,false,1,6.90,6.90,false,1,
7297070001140,false,גרביון ילדות  70 דינר,אחים וייס י.ש.י.ייצור ושווק בע,,,יח,1,,false,1,14.90,14.90,false,1,
7297070001225,false,בוניטה  גרבי מכנס  נשים,אחים וייס י.ש.י.ייצור ושווק בע,,,יח,1,,false,1,11.90,11.90,false,1,
7297070001232,false,ג`יסיקה  גרבי מכנס  נשים,אחים וייס י.ש.י.ייצור ושווק בע,,,יח,1,,false,1,13.90,13.90,false,1,
7297070001249,false,ויאולה   גרבי מכנס  נשים,אחים וייס י.ש.י.ייצור ושווק בע,,,יח,1,,false,1,14.90,14.90,false,1,
7297070001287,false,דונליט גרבי גברים,אחים וייס י.ש.י.ייצור ושווק בע,,,יח,1,,false,1,11.90,11.90,false,1,
7297070001294,false,פיונה  גרבי  נשים עקביות,אחים וייס י.ש.י.ייצור ושווק בע,,,יח,1,,false,1,11.90,11.90,false,1,
7297070001669,false,לורה  תחתון בנות  X5,אחים וייס י.ש.י.ייצור ושווק בע,,,יח,1,,false,1,22.90,22.90,false,1,
7297070001829,false,תחתון נשים X5,אחים וייס י.ש.י.ייצור ושווק בע,,,יח,1,,false,1,33.90,33.90,false,1,
7297174000544,false,תחתון גבר,אחים וייס י.ש.י.ייצור ושווק בע,,,יח,1,,false,1,12.50,12.50,false,1,
7297594018464,false,קערה לפירות במבוק  שחור,מ.י.ד גוליאן בעמ,,,יח,1,,false,1,159,159,false,1,
7312040017683,false,וודקה אבסלוט 700,טמפו משקאות בעמ,,,יח,7,"ל 100 מ""ל",false,1,69.90,9.94,true,1,
7380580005255,false,מוצרי שיער,שבלולים בעמ,,,יח,1,,false,1,7.90,7.90,false,1,
7480588956563,false,מוצרי שיער,שבלולים בעמ,,,יח,1,,false,1,9.90,9.90,false,1,
7501064191466,false,"שישית בירה קרונה 355 מ""ל",תימקו בירה בעמ,,,יח,20,"ל 100 מ""ל",false,1,36.90,1.76,true,1,
7509546057545,false,ספיד סטייק סטיק  פרו,ש.שסטוביץ בעמ,,,יח,1.50,ל 100 גרם,false,1,19.90,13.27,true,1,
7509546063515,false,ליידי 24/7  ספריי פרו,ש.שסטוביץ בעמ,,,יח,1.50,ל 100 גרם,false,1,14.90,9.93,true,1,
7509546666846,false,קולגייט  טואטאל  פחם  75 גר`,ש.שסטוביץ בעמ,,,יח,0.75,ל 100 גרם,false,1,19.90,26.53,false,1,
7613030979647,false,טריקס  480גר`,קבוצת אוסם סחר שותפות מוגבלת,,,יח,4.80,ל 100 גרם,false,1,23.90,4.98,true,1,
7613032045753,false,פיטנס שוקולד 375,קבוצת אוסם סחר שותפות מוגבלת,,,יח,3.75,ל 100 גרם,false,1,19.90,5.31,true,1,
7613034146656,false,"פורינה  מיני  בוגר בקר  1.5 ק""ג",קבוצת אוסם סחר שותפות מוגבלת,,,יח,15,ל 100 גרם,false,1,52.90,3.53,false,1,
7613035807778,false,פרפקטו  רוטב עגבניות לבלונז,קבוצת אוסם סחר שותפות מוגבלת,,,ל 100 גרם,4,ל 100 גרם,false,1,9.90,2.48,true,1,
7613035809109,false,פרפקטו רוטב לעגבניות  ובזיליקום,קבוצת אוסם סחר שותפות מוגבלת,,,ל 100 גרם,4,ל 100 גרם,false,1,9.90,2.48,true,1,
7613035809857,false,פרפקטו רוטב לעגבניות  לפסטה,קבוצת אוסם סחר שותפות מוגבלת,,,ל 100 גרם,4,ל 100 גרם,false,1,9.90,2.48,true,1,
7613036105606,false,"דוגלי  בשר וכבד 3 ק""ג",קבוצת אוסם סחר שותפות מוגבלת,,,יח,3,"לק""ג",false,1,47.90,15.97,false,1,
7613036880534,false,גרגר מחית מרק ירקות,קבוצת אוסם סחר שותפות מוגבלת,,,יח,1.90,ל 100 גרם,false,1,7.90,4.16,true,1,
7613039879382,false,גרבר מחית תפוח עץ,קבוצת אוסם סחר שותפות מוגבלת,,,יח,1.90,ל 100 גרם,false,1,5.90,3.11,true,1,
7613287182425,false,ויטמינצ יק  תפוח בננה ותות  110 גר`,קבוצת אוסם סחר שותפות מוגבלת,,,יח,1,"ל 100 ס""מ",false,1,5.90,5.90,true,1,
7622010001858,false,"אוראו וניל 176 גר  בד""צ*",דיפלומט מפיצים {1968}בעמ,,,יח,1.76,יח,false,1,8.90,5.06,true,1,
7622201137052,false,מילקה  מיני קוקיז 110 גר`,דיפלומט מפיצים {1968}בעמ,,,יח,110,ל 100 גרם,false,1,8.90,0.08,true,1,
7622201139278,false,פילדלפיה שמנה 27%,נטו מילנדה סחר בעמ*,,,יח,1.50,ל 100 גרם,false,1,12.90,8.60,true,1,
7622201401900,false,עוגיות  מילקה  סנסיישן אוראו,דיפלומט מפיצים {1968}בעמ,,,יח,1.56,ל 100 גרם,false,1,12.90,8.27,true,1,
7622201502515,false,מילקה  קוקי לופ ק.,דיפלומט מפיצים {1968}בעמ,,,יח,1.32,ל 100 גרם,false,1,12.90,9.77,true,1,
7622201798154,false,פילדלפיה  לייט 150 גר`,נטו מילנדה סחר בעמ*,,,יח,1.50,ל 100 גרם,false,1,13.90,9.27,true,1,
7622201802363,false,מילקה  שוקולד חלב עם  צימוקים,דיפלומט מפיצים {1968}בעמ,,,יח,1,ל 100 גרם,false,1,6.90,6.90,true,1,
7622201808631,false,אוראו  מיני  כוסות בטעם וניל.,דיפלומט מפיצים {1968}בעמ,,,יח,67,ל 100 גרם,false,1,6.90,0.10,true,1,
7622201809188,false,מילקה  ביסקויט 150 גר`,דיפלומט מפיצים {1968}בעמ,,,יח,1.50,ל 100 גרם,false,1,12.90,8.60,true,1,
7622201813390,false,מילקה   וופל מילוי קרם קקאו,דיפלומט מפיצים {1968}בעמ,,,יח,2,ל 100 גרם,false,1,12.90,6.45,true,1,
7622210453327,false,עוגיות מילקה סנסיישן 156 גר`,דיפלומט מפיצים {1968}בעמ,,,יח,1.56,ל 100 גרם,false,1,12.90,8.27,true,1,
7622210637994,false,אוראו ביס קראנצ`י אורגינל,דיפלומט מפיצים {1968}בעמ,,,יח,1.10,ל 100 גרם,false,1,8.50,7.73,true,1,
7622210638021,false,אוראו ביס קראנצ`י  בציפוי שוקולד,דיפלומט מפיצים {1968}בעמ,,,יח,1.10,ל 100 גרם,false,1,8.50,7.73,true,1,
7622210835338,false,אוראו  בראוניז 176 גר`,דיפלומט מפיצים {1968}בעמ,,,ל 100 גרם,0.1760,ל 100 גרם,false,1,7.90,44.89,true,1,
7622300356767,false,מילקה  עוגיות  שוקלד צ`פס,דיפלומט מפיצים {1968}בעמ,,,יח,1.68,ל 100 גרם,false,1,12.90,7.68,true,1,
7622300489427,false,עוגיות  אוראו בציפוי שוקולד לבן,דיפלומט מפיצים {1968}בעמ,,,יח,0.2460,ל 100 גרם,false,1,17.90,72.76,true,1,
7622300489434,false,עוגיות אוראו בציפוי שוקולד  חלב,דיפלומט מפיצים {1968}בעמ,,,יח,0.2460,ל 100 גרם,false,1,17.90,72.76,true,1,
7622300495046,false,מילקה אקסטרא קקאו,דיפלומט מפיצים {1968}בעמ,,,יח,1,,false,1,6.90,6.90,true,1,
7622300503079,false,מילקה  מוו 200 דר`,דיפלומט מפיצים {1968}בעמ,,,יח,2,ל 100 גרם,false,1,12.90,6.45,true,1,
7622300761363,false,עוגיות מיני אוראו שוקו 67 גר`,דיפלומט מפיצים {1968}בעמ,,,יח,0.67,ל 100 גרם,false,1,6.50,9.70,true,1,
7690589856667,false,מוצרי שיער,שבלולים בעמ,,,יח,1,,false,1,12.90,12.90,false,1,
7702174066631,false,לקקן יוגטה טעם  פירות,ליימן שליסל בעמ,,,יח,1.80,ל 100 גרם,false,1,8.90,4.94,false,1,
7702174068826,false,לקקן יוגטה,ליימן שליסל בעמ,,,יח,2.16,ל 100 גרם,false,1,9.90,4.58,false,1,
7702174068833,false,לקקן יוגטה טעם גלידה,ליימן שליסל בעמ,,,יח,2.16,ל 100 גרם,false,1,9.90,4.58,false,1,
7702174070201,false,לקקן  יוגטה  מג`יק,ליימן שליסל בעמ,,,יח,2.16,ל 100 גרם,false,1,9.90,4.58,false,1,
7702174073783,false,לקקן פין פופ 10 יח`ט. קולה,ליימן שליסל בעמ,,,יח,1,,false,1,8.90,8.90,false,1,
7702174073844,false,לקקן פין פופ  48 יח` פירות,ליימן שליסל בעמ,,,יח,1,,false,1,19.90,19.90,false,1,
7790040420076,false,בון בון אלפחורס 117גר`,לירון קרביץ יבוא שיווק וסחר,,,יח,1.17,ל 100 גרם,false,1,8.90,7.61,false,1,
7790040423022,false,בון בון  אלפחורס 19.5 גר`,לירון קרביץ יבוא שיווק וסחר,,,יח,19.50,ל 100 גרם,false,1,2.50,0.13,true,1,
7790580108489,false,בון בון ממרח בוטנים 290 גר`,לירון קרביץ יבוא שיווק וסחר,,,יח,1,,false,1,10.90,10.90,false,1,
7790580109646,false,וופל בון בון 45 גר`,לירון קרביץ יבוא שיווק וסחר,,,יח,9.59,ל 100 גרם,false,1,2.50,0.26,true,1,
7790580315962,false,סוכ  ממולאות ויאנה 470,לירון קרביץ יבוא שיווק וסחר,,,יח,1,,false,1,14.90,14.90,false,1,
7790580419738,false,ביצי שוקולד בון בון,לירון קרביץ יבוא שיווק וסחר,,,יח,1.56,ל 100 גרם,false,1,12.90,8.27,false,1,
7790580421663,false,בון בון 228  גר`ריבת חלב וקרמל,לירון קרביץ יבוא שיווק וסחר,,,יח,2.28,ל 100 גרם,false,1,19.90,8.73,false,1,
7798378440018,false,אוכמניות ארוז-,"בכורי השדה צפון1994 ג.ד. בע""מ",,,יח,1,,false,1,14.90,14.90,true,1,
7798382150019,false,אוכמניות ארוז,פירות עולם בעמ,,,יח,1,,false,1,14.90,14.90,true,1,
7891024030974,false,"קולגייט  טריפל אקשן 75 מ""ל",ש.שסטוביץ בעמ,,,יח,0.75,ל 100 גרם,false,1,5.90,7.87,false,1,
7900250001006,false,מברשת אובלית שיש,שבלולים בעמ,,,יח,1,,false,1,15.90,15.90,false,1,
8000380003723,false,וופל גרנד פסטרי אגוז,ליימן שליסל בעמ,,,יח,1,ל 100 גרם,false,1,12.90,12.90,true,1,
8000380003761,false,וופל פסטרי קוקוס,ליימן שליסל בעמ,,,יח,1,ל 100 גרם,false,1,12.90,12.90,true,1,
8000380004676,false,וופל וניל 200 גר,ליימן שליסל בעמ,,,יח,2,ל 100 גרם,false,1,11.90,5.95,true,1,
8000380004911,false,וופל לואקר 250 ג,ליימן שליסל בעמ,,,יח,2.50,ל 100 גרם,false,1,13.90,5.56,false,1,
8000380004966,false,ופלים לואקר 250,ליימן שליסל בעמ,,,יח,2.50,ל 100 גרם,false,1,13.90,5.56,false,1,
8000380007219,false,לואקר אגוז,ליימן שליסל בעמ,,,יח,1.75,ל 100 גרם,false,1,10.90,6.23,false,1,
8000380007257,false,וופל 200 ג רדנה,ליימן שליסל בעמ,,,יח,2,ל 100 גרם,false,1,13.90,6.95,true,1,
8000380106028,false,טורטיה 1/6  אורגינל,ליימן שליסל בעמ,,,יח,1.25,ל 100 גרם,false,1,15.90,12.72,false,1,
8000380144044,false,גרדנה שוקולד,ליימן שליסל בעמ,,,יח,2,ל 100 גרם,false,1,13.90,6.95,true,1,
8000380153534,false,טורטינה 1/6 לבן,ליימן שליסל בעמ,,,יח,1.25,יח,false,1,15.90,12.72,false,1,
8000380180837,false,וופל פסטרי קוקוס לבן,ליימן שליסל בעמ,,,יח,1,ל 100 גרם,false,1,12.90,12.90,true,1,
8000380189281,false,מארז לואקר מיני מיקס  210 גר`,ליימן שליסל בעמ,,,יח,2.10,ל 100 גרם,false,1,22.90,10.90,false,1,
8000380192243,false,לואקר מקסי  וופל מלבני אגוז,ליימן שליסל בעמ,,,יח,2,ל 100 גרם,false,1,11.90,5.95,false,1,
8000380205523,false,לואקר  קלאסיק 175  גר`חמאת בוטנים,ליימן שליסל בעמ,,,יח,1.75,ל 100 גרם,false,1,10.90,6.23,false,1,
8000500023624,false,וופל קרם הפי היפוי 5 יח,פרימיום חברה לדברי מ.,,,יח,1.30,ל 100 גרם,false,1,12.90,9.92,false,1,
8000500026731,false,קינדר ביצי הפתעה שלישייה,פרימיום חברה לדברי מ.,,,יח,0.60,ל 100 גרם,false,1,14.90,24.83,false,1,
8000500028124,false,קינדר ג ו שלשות,ליימן שליסל בעמ,,,יח,0.60,ל 100 גרם,false,1,14.50,24.17,false,1,
8000500029350,false,קינדר בואנו  3יחד,פרימיום חברה לדברי מ.,,,יח,1.29,ל 100 גרם,false,1,10.90,8.45,true,1,
8000500037874,false,רושר בונ  200 גר,פרימיום חברה לדברי מ.,,,יח,2,ל 100 גרם,false,1,23.90,11.95,false,1,
8000500071083,false,קינדר שוקולד 200ג,פרימיום חברה לדברי מ.,,,יח,2,ל 100 גרם,false,1,11.90,5.95,false,1,
8000500121436,false,קינדר בואנו   לבן 3יח`,פרימיום חברה לדברי מ.,,,יח,1.17,ל 100 גרם,false,1,10.90,9.32,true,1,
8000500167656,false,שוקולד עם דגנים,פרימיום חברה לדברי מ.,,,יח,1,,false,1,8.90,8.90,false,1,
8000500217740,false,קינדר בואנו  מיני,פרימיום חברה לדברי מ.,,,יח,0.86,ל 100 גרם,false,1,10.90,12.67,false,1,
8000500227848,false,וופל נוטלה מלוח,פרימיום חברה לדברי מ.,,,יח,1.32,ל 100 גרם,false,1,10.90,8.26,false,1,
8000500249352,false,קינדר בואנו  מיני מיקס,פרימיום חברה לדברי מ.,,,יח,1,,false,1,17.90,17.90,false,1,
8000500256213,false,קינדר שוקולד חלב במילוי קרם חלבי,פרימיום חברה לדברי מ.,,,יח,1.20,ל 100 גרם,false,1,10.90,9.08,false,1,
8000500267103,false,עוגת קינדר ספוג קקאו,פרימיום חברה לדברי מ.,,,יח,0.35,ל 100 גרם,false,1,19.90,56.86,false,1,
8000500269169,false,עוגיות קינדר קארדס 128 גרם,פרימיום חברה לדברי מ.,,,יח,1.28,ל 100 גרם,false,1,12.90,10.08,false,1,
8000500386941,false,ממרח קקאו עם אגוזי  לוז נוטלה  900 גר`,פרימיום חברה לדברי מ.,,,יח,900,ל 100 גרם,false,1,28.90,0.03,false,1,
8001003100164,false,סוכריות  ג`לי יוגטה 450 גר`,ליימן שליסל בעמ,,,יח,0.45,ל 100 גרם,false,1,9.90,22,false,1,
8001003100218,false,סוכריות  גומי,ליימן שליסל בעמ,,,יח,8,ל 100 גרם,false,1,15.90,1.99,false,1,
8001090033512,false,"טייד  8 ק""ג",דיפלומט מפיצים {1968}בעמ,,,יח,5,"לק""ג",false,1,41.90,8.38,false,1,
8001090184375,false,"פיירי  אורגינל   900 מ""ל",דיפלומט מפיצים {1968}בעמ,,,יח,9,"ל 100 מ""ל",false,1,12.90,1.43,false,1,
8001090184412,false,"פיירי לימון    900 מ""ל",דיפלומט מפיצים {1968}בעמ,,,יח,9,"ל 100 מ""ל",false,1,12.90,1.43,false,1,
8001090458353,false,פיירי  אנטי בקטראלי כחול,דיפלומט מפיצים {1968}בעמ,,,יח,5.15,"ל 100 מ""ל",false,1,10.90,2.12,false,1,
8001090832450,false,פנטן  שמפו  נוסחה קלאסית,דיפלומט מפיצים {1968}בעמ,,,יח,6.60,"ל 100 מ""ל",false,1,18.90,2.86,false,1,
8001090832535,false,פנטן  שמפו  שמן מרוקאי,דיפלומט מפיצים {1968}בעמ,,,יח,6.60,"ל 100 מ""ל",false,1,18.90,2.86,false,1,
8001090833167,false,אריאל  ג`ל  כביסה ניחוח הדרים 2.365,דיפלומט מפיצים {1968}בעמ,,,יח,2.3650,"ל 100 מ""ל",false,1,31.90,13.49,false,1,
8001090833198,false,אריאל ג`ל כביסה ניחוח מרענן,דיפלומט מפיצים {1968}בעמ,,,יח,2.3650,"ל 100 מ""ל",false,1,31.90,13.49,false,1,
8001090899224,false,תחבושות  אולוויז פלטניום  לונג 20`,דיפלומט מפיצים {1968}בעמ,,,יח,1,,false,1,19.90,19.90,true,1,
8001090899286,false,תחבושות  אולוויז פלטניום  לילה 14,דיפלומט מפיצים {1968}בעמ,,,יח,1,,false,1,19.90,19.90,true,1,
8001620019160,false,"סאן בנדטו  אפרסק   400 מ""ל",טמפו משקאות בעמ,,,יח,0.40,"ל 100 מ""ל",false,1,6.90,16.50,true,1,
8001620019177,false,"סאן בנדטו ענבים    400 מ""ל",טמפו משקאות בעמ,,,יח,0.40,"ל 100 מ""ל",false,1,6.90,16.50,true,1,
8001841941929,false,תחבושות אולייוז  פק לילה,דיפלומט מפיצים {1968}בעמ,,,יח,1,,false,1,19.90,19.90,true,1,
8001931120944,false,פסטה  קן לציפור דק   500 גר`,נאמן לאורך זמן בעמ,,,יח,5,ל 100 גרם,false,1,7.90,1.58,false,1,
8001931120982,false,פסטה  קן לציפור עבה   500 גר`,נאמן לאורך זמן בעמ,,,יח,5,ל 100 גרם,false,1,7.90,1.58,false,1,
8001931121002,false,פסטה  קן לציפור עבה   500 גר`,נאמן לאורך זמן בעמ,,,יח,5,ל 100 גרם,false,1,7.90,1.58,false,1,
8002085001257,false,צ`יפס קריק קרוק בטעם טבעי,נאמן לאורך זמן בעמ,,,יח,1,ל 100 גרם,false,1,9.90,9.90,false,1,
8002085001264,false,צ`יפס קריק קרוק בטעם  פפריקה,נאמן לאורך זמן בעמ,,,יח,1,ל 100 גרם,false,1,9.90,9.90,false,1,
8002085001776,false,צ`יפס קריק קרוק בטעם  שמנת,נאמן לאורך זמן בעמ,,,יח,1,ל 100 גרם,false,1,9.90,9.90,false,1,
8002085001899,false,צ`יפס קריק קרוק בטעם  ברבקיו,נאמן לאורך זמן בעמ,,,יח,1,ל 100 גרם,false,1,9.90,9.90,false,1,
8003440997710,false,צ`ופה מסטיק ט. קולה לימון   20 יח`,ליימן שליסל בעמ,,,יח,0.2760,ל 100 גרם,false,1,2.90,10.51,true,1,
8003440997772,false,ביג באבול ט. פטל צובע   20 יח`,ליימן שליסל בעמ,,,יח,0.2760,ל 100 גרם,false,1,2.90,10.51,true,1,
8005200256587,false,נסטי  טעם אפרסק 1.5 ליטר,טמפו משקאות בעמ,,,יח,15,"ל 100 מ""ל",false,1,7.90,0.51,false,1,
8005200286584,false,נסטי  טעם  מנגו  אננס 1.5 ליטר,טמפו משקאות בעמ,,,יח,15,"ל 100 מ""ל",false,1,7.90,0.51,false,1,
8005200316588,false,נסטי  טעם אפרסק 1.5 ליטר,טמפו משקאות בעמ,,,יח,15,"ל 100 מ""ל",false,1,7.90,0.51,false,1,
8006540566701,false,אריאל  ג`ל כתמים קשים,דיפלומט מפיצים {1968}בעמ,,,יח,1.9250,"ל 100 מ""ל",false,1,31.90,16.57,false,1,
8009470009010,false,סימבה  כלב  415  גר`שימור בשר,נאמן לאורך זמן בעמ,,,יח,4.15,ל 100 גרם,false,1,4,0.96,false,1,
8009470009072,false,סימבה  חתול  415  גר`שימורי  עוף,נאמן לאורך זמן בעמ,,,יח,4.15,ל 100 גרם,false,1,4,0.96,false,1,
8009470009096,false,סימבה  חתול  415  גר`שימורי  דג,נאמן לאורך זמן בעמ,,,יח,4.15,ל 100 גרם,false,1,4,0.96,false,1,
8009470009348,false,סימבה  פאוץ בשר 100 גר`,נאמן לאורך זמן בעמ,,,יח,1,ל 100 גרם,false,1,4.90,4.90,false,1,
8009470009355,false,סימבה  פאוץ  עוף  100 גר`,נאמן לאורך זמן בעמ,,,יח,1,ל 100 גרם,false,1,4.90,4.90,false,1,
8009470009362,false,סימבה  פאוץ  דג 100 גר`,נאמן לאורך זמן בעמ,,,יח,1,ל 100 גרם,false,1,4.90,4.90,false,1,
8009470009379,false,סימבה  פאוץ  סלמון 100 גר`,נאמן לאורך זמן בעמ,,,יח,1,ל 100 גרם,false,1,4.90,4.90,false,1,
8032880800243,false,פיקניק הפתעה 50 גר,ליימן שליסל בעמ,,,יח,0.50,ל 100 גרם,false,1,6.90,13.80,false,1,
8076802085738,false,פסטה ברילה פנה ר,ש.שסטוביץ בעמ,,,יח,5,ל 100 גרם,false,1,6.90,1.38,true,1,
8076802085981,false,פתיתים ברילה,ש.שסטוביץ בעמ,,,יח,5,ל 100 גרם,false,1,6.90,1.38,true,1,
8076808060654,false,ספגטי ברילה פרפל,ש.שסטוביץ בעמ,,,יח,5,ל 100 גרם,false,1,6.90,1.38,true,1,
8076809523738,false,לזניה ברילה,ש.שסטוביץ בעמ,,,יח,5,יח,false,1,23.90,4.78,false,1,
8410076600622,false,חטיף קרנצ`י שבבי שוקולד מריר,ליימן שליסל בעמ,,,יח,2.10,ל 100 גרם,false,1,15.90,7.57,true,1,
8410076610508,false,חטיף   צואי שוקולד מריר,ליימן שליסל בעמ,,,יח,2.10,ל 100 גרם,false,1,15.90,7.57,true,1,
8410076621009,false,חטיף  פייבר  קרמל מלוח,ליימן שליסל בעמ,,,יח,1.20,ל 100 גרם,false,1,14.90,12.42,true,1,
8410076621047,false,חטיף   פייבר  שוקולד מריר,ליימן שליסל בעמ,,,יח,2.10,ל 100 גרם,false,1,14.90,7.10,true,1,
8423207207362,false,סלים דליס  חטיף בריאות ש. לבן,ש.שסטוביץ בעמ,,,יח,1.20,ל 100 גרם,false,1,9.90,8.25,false,1,
8423207208680,false,סלים דליס לילדים עם שוקולד,ש.שסטוביץ בעמ,,,יח,78,ל 100 גרם,false,1,9.90,0.13,false,1,
8423207208697,false,סלים דליס לילדים עם שוקולד לבן,ש.שסטוביץ בעמ,,,יח,78,ל 100 גרם,false,1,9.90,0.13,false,1,
8423207208703,false,סלים דליס עם שוקולד מריר,ש.שסטוביץ בעמ,,,יח,78,ל 100 גרם,false,1,9.90,0.13,false,1,
8423207210928,false,סלים דליס  טופינג אגוזי לוז,ש.שסטוביץ בעמ,,,יח,0.90,ל 100 גרם,false,1,9.90,11,false,1,
8435495805106,false,"ביומט  משב מרענן  5ק""ג ק",ליימן שליסל בעמ,,,יח,50,ל 100 גרם,false,1,29.90,0.60,false,1,
8682376710435,false,נייר טואלט בלינו 32 יח * (3 במארז),ווינפאק סחר בעמ,,,יח,32,יח,false,1,25.90,0.81,true,1,
8683130012666,false,מגנום דאבל  לבן עוגיות,"גלידת שטראוס בע""מ",,,יח,0.85,ל 100 גרם,false,1,9.90,11.65,true,1,
8686868600211,false,מטרייה ילדים,אל האופק שיווק וסחר,,,יח,0,יח,false,1,19.90,19.90,false,1,
8686868600259,false,מטריה טל טל,אל האופק שיווק וסחר,,,יח,0,יח,false,1,29.90,29.90,false,1,
8690637007705,false,שלגון מעדן קפוא וניל ומסטיק,"גלידת שטראוס בע""מ",,,יח,0.80,ל 100 גרם,false,1,5.90,7.38,true,1,
8690637503856,false,HELLMANNS REAL SQUEEZED BDZ 12X0.385KG,"יוניליוור ישראלשיווק בע""מ",,,יח,3.55,ל 100 גרם,false,8,11.90,3.35,false,1,
8690637799594,false,LIPTON TEA YL 1.5GX100X12,"יוניליוור ישראלשיווק בע""מ",,,יח,1.50,ל 100 גרם,false,1,15.90,10.60,false,1,
8690637842382,false,מגנום דאבל פרי יער,"גלידת שטראוס בע""מ",,,יח,0.85,ל 100 גרם,false,1,9.90,11.65,true,1,
8690637842399,false,מגנום  מיני מארז,"גלידת שטראוס בע""מ",,,יח,1,,false,1,35.90,35.90,false,1,
8690637871245,false,HELLMANNS REAL SQUEEZED BDZ 12X0.385KG,"יוניליוור ישראלשיווק בע""מ",,,יח,3.95,ל 100 גרם,false,8,11.90,3.01,false,1,
8690637946301,false,"בדין אקסטרא בייבי 960  מ""ל*","יוניליוור ישראלשיווק בע""מ",,,יח,9.60,ל 100 גרם,false,1,15.90,1.66,false,1,
8690637971310,false,BADIN RC CONC LIQUID WHITE 16X960ML,"יוניליוור ישראלשיווק בע""מ",,,יח,96,"ל 100 ס""מ",false,1,15.90,0.17,false,1,
8690637976995,false,BADIN RC CONC LIQUID WHITE 16X960ML,"יוניליוור ישראלשיווק בע""מ",,,יח,96,"ל 100 ס""מ",false,1,15.90,0.17,false,1,
8690637989612,false,מגנום  מיני מארז,"גלידת שטראוס בע""מ",,,יח,1,,false,1,35.90,35.90,false,1,
8690770322406,false,שמרים יבשים 500 גר`,לירון קרביץ יבוא שיווק וסחר,,,יח,5,ל 100 גרם,false,1,12.90,2.58,false,1,
8690777206051,false,חציל קלוי 650ג   ויליפוד*,ג.וילי פוד בעמ,,,יח,6.50,ל 100 גרם,false,1,10.90,1.68,false,1,
8690777221405,false,פלפל אדום קלוי 650ג  ויליפוד*,ג.וילי פוד בעמ,,,יח,6.50,ל 100 גרם,false,1,10.90,1.68,false,1,
8690784211703,false,גלייד אירוסול בניחוח טאלק עדין,"דנשר (1963) בע,מ",,,יח,3,"ל 100 מ""ל",false,1,7.90,2.63,false,1,
8693461031014,false,קוביות מיני סיטי צ. דניאל,צעצועי דניאל בעמ,,,יח,1,,false,1,33.90,33.90,false,1,
8693495052931,false,מברשות שיניים קולגיט זוג,ש.שסטוביץ בעמ,,,יח,1,,false,1,29.90,29.90,false,1,
8694051010358,false,סט רמי צ. דניאל,צעצועי דניאל בעמ,,,יח,1,,false,1,79.90,79.90,false,1,
8694051096055,false,דומינו בתיק  נישא  צ. דניאל,צעצועי דניאל בעמ,,,יח,1,,false,1,15.90,15.90,false,1,
8694313008970,false,מתקן כביסה פלסטיר,צעצועי דניאל בעמ,,,יח,1,,false,1,135.90,135.90,false,1,
8695989004457,false,סט ניקיון דגם FROZEN,צעצועי דניאל בעמ,,,יח,1,,false,1,25,25,false,1,
8697975030525,false,בקבוק ילדים מודפס עם קש,סקטור אפיקים בעמ,,,יח,10,יח,false,1,18.90,1.89,false,1,
8697975037043,false,בקבוק ספורט 730,סקטור אפיקים בעמ,,,יח,10,יח,false,1,21.90,2.19,false,1,
8697975041675,false,בקבוק ספורט 630 שילוב נירוסטה,סקטור אפיקים בעמ,,,יח,10,יח,false,1,21.90,2.19,false,1,
8699073291273,false,פלפל  כבוש חריף 640  ויליפוד*,ג.וילי פוד בעמ,,,יח,6.80,ל 100 גרם,false,1,10.90,1.60,false,1,
8699401093029,false,כד שתיה    ע. הבית,עולם הבית,,,יח,1,,false,1,18.90,18.90,false,1,
8710502279010,false,עוגיות שוקוצי פס מצופות שוקולד,ש.שסטוביץ בעמ,,,יח,2.25,ל 100 גרם,false,1,8.90,3.96,false,1,
8710502405204,false,עוגיות שוקולד צ`יפס ק,ש.שסטוביץ בעמ,,,יח,1.75,ל 100 גרם,false,1,8.90,5.09,false,1,
8710502470028,false,עוגיות שוקול נוגטלי,ש.שסטוביץ בעמ,,,יח,1.60,ל 100 גרם,false,1,8.90,5.56,false,1,
8710800961310,false,מנטוס תות 4 יח,ליימן שליסל בעמ,,,יח,1.50,ל 100 גרם,false,1,10.90,7.27,false,1,
8711327475717,false,מגנום  פייט וניל,"גלידת שטראוס בע""מ",,,יח,2.60,ל 100 גרם,false,1,16.90,6.50,false,1,
8711327475762,false,מגנום  פייט וניל,"גלידת שטראוס בע""מ",,,יח,2.60,ל 100 גרם,false,1,16.90,6.50,false,1,
8712400802499,false,נוטרילון  שלב  1 800 גר` ק,דיפלומט מפיצים {1968}בעמ,,,יח,8,ל 100 גרם,false,1,59.90,7.49,true,1,
8712400802536,false,נוטרילון  שלב   3 800 גר`,דיפלומט מפיצים {1968}בעמ,,,יח,8,ל 100 גרם,false,1,59.90,7.49,true,1,
8714789177229,false,מברשות שיניים רבייעיה קולגייט,ש.שסטוביץ בעמ,,,יח,1,,false,1,9.90,9.90,false,1,
8714789303925,false,מב  קולגייט 360 זוג S,ש.שסטוביץ בעמ,,,יח,1,,false,1,24.90,24.90,false,1,
8714789402918,false,אג קס חגיגת פרחים אדום,ש.שסטוביץ בעמ,,,יח,15,"ל 100 מ""ל",false,1,19.90,1.33,true,1,
8714789402932,false,אג קס חגיגת פרחים ורוד,ש.שסטוביץ בעמ,,,יח,1.50,לליטר,false,1,19.90,13.27,true,1,
8714789831275,false,קולגייט  מברשת 360 אופטיק וייט זוג,ש.שסטוביץ בעמ,,,יח,1,,false,1,24.90,24.90,false,1,
8714789834467,false,פלמוליב  כלים שקוף 1.5,ש.שסטוביץ בעמ,,,יח,15,"ל 100 מ""ל",false,1,15.90,1.06,false,1,
8714789930848,false,"קולגיט  משחת  אופטיק וייט הלבנה  75 מ""",ש.שסטוביץ בעמ,,,יח,0.75,ל 100 גרם,false,1,19.90,26.53,true,1,
8715700419732,false,קטשופ  הינץ  700 גר`,דיפלומט מפיצים {1968}בעמ,,,יח,7,ל 100 גרם,false,1,9.90,1.41,true,1,
8717163647240,false,"אקס ספריי שחור שוקולד 150  מ""ל*","יוניליוור ישראלשיווק בע""מ",,,יח,1,,false,1,11.90,11.90,false,1,
8717163714850,false,DOVE SPRAY ORIGINAL 2012B 12X169ML,"יוניליוור ישראלשיווק בע""מ",,,יח,1.50,"ל 100 מ""ל",false,1,14.90,9.93,false,1,
8718951093331,false,מריגול מברשת שיניים זוג  אקסטרא,ש.שסטוביץ בעמ,,,יח,1,יח,false,1,34.90,34.90,true,1,
8718951144064,false,מרידול מברשת שיניים זוג,ש.שסטוביץ בעמ,,,יח,1,,false,1,34.90,34.90,true,1,
8718951166561,false,קולגייט  מקס  פרש אנטי קלין,ש.שסטוביץ בעמ,,,יח,1.25,"ל 100 מ""ל",false,1,17.90,14.32,true,1,
8718951175600,false,"קולגייט טוטל קלין מינט 75 מ""ל",ש.שסטוביץ בעמ,,,יח,0.75,"ל 100 מ""ל",false,1,13.90,18.53,true,1,
8718951236790,false,קולגייט טוטל משחת שיניים ניקוי,ש.שסטוביץ בעמ,,,יח,1,"ל 100 מ""ל",false,1,16.90,16.90,true,1,
8718951315303,false,קולגיט  אדומה זוג,ש.שסטוביץ בעמ,,,יח,2,ל 100 גרם,false,1,19.90,9.95,false,1,
8718951334120,false,סופלין  מרכך כביסה    לבנדר,ש.שסטוביץ בעמ,,,יח,6.50,ל 100 גרם,false,1,10.90,1.68,true,1,
8718951354807,false,אג קס  חגיגת פרחים 1.5 ליטר,ש.שסטוביץ בעמ,,,יח,1.50,לליטר,false,1,19.90,13.27,true,1,
8718951377998,false,מברשות שיניים קולגיט זוג,ש.שסטוביץ בעמ,,,יח,1,,false,1,39.90,39.90,true,1,
8718951382787,false,קולגיט  אופטיק וויט  חימר ומינרלים,ש.שסטוביץ בעמ,,,יח,0.75,ל 100 גרם,false,1,29.90,39.87,true,1,
8718951385290,false,אג קס לניקוי כלל ק,ש.שסטוביץ בעמ,,,יח,20,"ל 100 מ""ל",false,1,22.90,1.15,true,1,
8718951415836,false,קולגייט  פלאקס ללא אלכוהל,ש.שסטוביץ בעמ,,,יח,5,ל 100 גרם,false,1,29.90,5.98,true,1,
8718951461413,false,קולגייט  טוטאלביוטיוב  *2,ש.שסטוביץ בעמ,,,יח,2,ל 100 גרם,false,1,33.90,16.95,false,1,
8718951509627,false,קולגיט  אופטיק וויט  לאוהבי קפה,ש.שסטוביץ בעמ,,,יח,0.75,ל 100 גרם,false,1,29.90,39.87,true,1,
8719200998001,false,BLUE BAND WITHOUT SALT 60X200,דיפלומט מפיצים #,,,יח,2,ל 100 גרם,false,1,4.50,2.25,false,1,
8719200998018,false,BLUE-BAND MAHMAA 60X200G,דיפלומט מפיצים #,,,יח,2,ל 100 גרם,false,1,4.50,2.25,false,1,
8720181045912,false,"אקס דאורדורנט  ספריי  אפריקה  150 מ""ל*","יוניליוור ישראלשיווק בע""מ",,,יח,1.50,"ל 100 מ""ל",false,1,11.90,7.93,false,1,
8720181046605,false,דאב ספריי א.פ אורגינל LLF*,"יוניליוור ישראלשיווק בע""מ",,,יח,1,,false,1,14.90,14.90,false,1,
8723400756552,false,מנטוס  רבעיה,ליימן שליסל בעמ,,,יח,1.48,ל 100 גרם,false,1,10.90,7.36,false,1,
8723400782544,false,מנטוס סוכריות לעיסה  בטעם מנטה,ליימן שליסל בעמ,,,יח,1.60,ל 100 גרם,false,1,9.90,6.19,false,1,
8801055707966,false,נס קפה  צ`ויס  בריסטה,קבוצת אוסם סחר שותפות מוגבלת,,,יח,1.25,ל 100 גרם,false,1,33.90,27.12,false,1,
8801055709427,false,נס קפה  צ`ויס   אלטה ריקה 100 גר`,קבוצת אוסם סחר שותפות מוגבלת,,,יח,1,ל 100 גרם,false,1,26.90,26.90,true,1,
8801055709458,false,נס קפה קפוצ`ינו קרמל,קבוצת אוסם סחר שותפות מוגבלת,,,יח,1.70,ל 100 גרם,false,1,17.90,10.53,false,1,
8801055709472,false,נס קפה קפוצ`ינו  קלאסיק,קבוצת אוסם סחר שותפות מוגבלת,,,יח,1.25,ל 100 גרם,false,1,17.90,14.32,false,1,
8801055709489,false,נס קפה קפוצ`ינו  אגוזים,קבוצת אוסם סחר שותפות מוגבלת,,,יח,1.80,ל 100 גרם,false,1,17.90,9.94,false,1,
8801055709526,false,נס קפה קפוצ`ינו  שוקולד לבן,קבוצת אוסם סחר שותפות מוגבלת,,,יח,1.70,ל 100 גרם,false,1,17.90,10.53,false,1,
8850389103128,false,משקה אלוורה סאפי תפוח,טמפו משקאות בעמ,,,יח,3,"ל 100 מ""ל",false,1,7.90,2.53,true,1,
8850389103159,false,מוגו  מוגו  ליצי עם חתיכות,טמפו משקאות בעמ,,,יח,10,"ל 100 מ""ל",false,1,6.90,0.66,true,1,
8850389104637,false,משקה אפרסק  סאפי תפוח,טמפו משקאות בעמ,,,יח,3,"ל 100 מ""ל",false,1,7.90,2.53,true,1,
8850389105825,false,סאפה ענבים  1 ליטר,טמפו משקאות בעמ,,,יח,10,"ל 100 מ""ל",false,1,12.90,1.26,false,1,
8850389105832,false,סאפה תפוח  1 ליטר,טמפו משקאות בעמ,,,יח,10,"ל 100 מ""ל",false,1,12.90,1.26,false,1,
8850389105849,false,סאפה אפרסק 1 ליטר,טמפו משקאות בעמ,,,יח,10,"ל 100 מ""ל",false,1,12.90,1.26,false,1,
8850389111352,false,מוגו  מוגו  מלון  עם חתיכות,טמפו משקאות בעמ,,,יח,10,"ל 100 מ""ל",false,1,6.90,0.66,true,1,
8850389115336,false,סאפה מלון  1 ליטר,טמפו משקאות בעמ,,,יח,1,לליטר,false,1,12.90,12.90,false,1,
8850632604259,false,יוגטה ממתק חמוץ בצורת מקלות  תות,ליימן שליסל בעמ,,,יח,1,,false,1,3.90,3.90,false,1,
8850632604266,false,יוגטה ממתק חמוץ בצורת מקלות  קולה,ליימן שליסל בעמ,,,יח,1,,false,1,3.90,3.90,false,1,
8850632604372,false,יוגטה ממתק חמוץ בצורת  שטיח תות,ליימן שליסל בעמ,,,יח,1,,false,1,3.90,3.90,false,1,
8850632605201,false,יוגטה חספוסים בטעם מעורב שטיח,ליימן שליסל בעמ,,,יח,1,,false,1,3.90,3.90,false,1,
8850632606390,false,יוגטה ממתק חמוץ בצורת  אבטיח,ליימן שליסל בעמ,,,יח,1,,false,1,3.90,3.90,false,1,
8888021200256,false,סוללות AA  5 MAX,"דנשר (1963) בע,מ",,,יח,1,,false,1,24.90,24.90,true,1,
8901537024014,false,"אורז בסמטי 1 ק""ג  ויליפוד  * ק",ג.וילי פוד בעמ,,,יח,1,"לק""ג",false,1,12.90,12.90,true,1,
9770793963004,false,עיתון משפחה-חרדי,תפוצה פתרונות שיווק בעמ,,,יח,1,,false,1,25.90,25.90,false,1,
