code,internal_code,name,manufacturer_name,manufacture_country,manufacturer_item_description,unit_qty,quantity,unit_of_measure,weighted,qty_in_package,price,unit_of_measure_price,allow_discount,status,item_id
40084107,false,ביצת שוקולד הפתעה קינדר,פרדי קונדטוריה אס פי,IT,ביצת הפתעה,גרמים,20.00,100 גרם,false,1,6.60,33.00,true,1,
40111216,false,באונטי חטיף קוקוס ושוקולד 57ג',"נארז ע""י : א.ג. גילר",NL,חטיף באונטי,גרמים,57.00,100 גרם,false,0,4.60,8.07,true,1,
40144061,false,קנופרס חטיף וופל 25 גרם 24 יח,ליימן שליסל,DE,חטיף וופל,גרמים,25.00,100 גרם,false,1,3.60,14.40,true,1,
42101666,false,"מסטיק בטעם מנטה ואקליפטוס איירווייבס 35 גרם לל""ס",ריגלי,GB,מסטיק איירווייבז,גרמים,35.00,100 גרם,false,1,6.50,18.57,true,1,
42139430,false,כאמל שחור חפיסה חפיסה,Unknown,CH,כאמל שחור,יחידה,1.00,יחידה,false,0,33.50,33.50,false,1,
42182115,false,אורביט פייב ספירמינט 12 סטיקס 29 גר,ריגלי צרפת,FR,5 מנטה עדינה,גרמים,40.00,100 גרם,false,0,7.40,18.50,true,1,
42188889,false,אורביט פייב אבטיח 12 סטיקס 29 גר,ריגלי צרפת,FR,מסטיק 5 אבטיח,גרמים,40.00,100 גרם,false,0,7.40,18.50,true,1,
54051140,false,מעדן סויה טעם וניל אלפרו רביעיה * 125 ג',הנסיך- מפעל לייצור ט,BE,מעדן סויה 4 יח',גרמים,500.00,100 גרם,false,0,19.80,3.96,true,1,
54051157,false,מעדן סויה טעם שוקו אלפרו רביעיה 125 ג',קריות זול,BE,מעדן סויה 4 יח',גרמים,500.00,100 גרם,false,0,19.80,3.96,true,1,
59039549,false,סיגריות ווג פריזון מנטה בודד,Unknown,PL,ווג מנטה,יחידה,1.00,יחידה,false,0,39.00,39.00,false,1,
59455233,false,סיגריות ווג ליידי כחול בודד,Unknown,PL,ווג כחול,יחידה,1.00,יחידה,false,0,39.00,39.00,false,1,
59455240,false,סיגריות ווג ליידי לילך בודד,Unknown,PL,ווג לילך,יחידה,1.00,יחידה,false,0,39.00,39.00,false,1,
72940754,false,"מילקי מעדן וניל עם קצפת שטראוס 133 מ""ל","שטראוס גרופ בע""\מ",IL,מילקי טעם וניל,מיליליטרים,170.00,"100 מ""ל",false,0,2.90,1.71,true,1,
72940761,false,"מילקי מעדן שוקולד עם קצפת שטראוס 133 מ""ל",מיוצר עי קונדיטוריית,IL,מילקי טעם שוקולד,מיליליטרים,170.00,"100 מ""ל",false,0,2.90,1.71,true,1,
72940952,false,מעדן מילקי בטעם שוקולד עם אקסטרה קצפת,"שטראוס גרופ בע""\מ",IL,מילקי אקסטרה,מיליליטרים,170.00,"100 מ""ל",false,0,4.10,2.41,true,1,
72941041,false,מעדן מילקי מיני בטעם שוקולד עם קצפת,"שטראוס גרופ בע""\מ",IL,מיני מילקי,מיליליטרים,90.00,"100 מ""ל",false,0,2.10,2.33,true,1,
72945308,false,קוביית שמרים טריים לאפיה שמרית 50 גרם,"פאקא תעשיות בע""\מ",IL,קוביות שמרים,גרמים,50.00,100 גרם,false,0,4.00,8.00,true,1,
72961506,false,יוגורט עם תות 1.5% שומן 125 ג' פרילי,מיוצר עי קונדיטוריית,IL,פרילי תות,גרמים,125.00,100 גרם,false,0,3.70,2.96,true,1,
72961544,false,"באדי יוגורט בטעם תות שדה 3% תנובה 125 מ""ל",מחלבת אלון תבור,IL,מעדן באדי תות 3%,גרמים,125.00,100 גרם,false,0,3.00,2.40,true,1,
72983928,false,קופסה גולף סלימס מנטה,דובק,,גולף סלימס מנטול,יחידה,1.00,יחידה,false,0,30.00,30.00,false,1,
72986370,false,"גלידת בן & ג'ריס פיינטים וניל 500מ""ל",מוצרי איכות אמריקאיים,IL,גלידה בן & ג'ריס,מיליליטרים,500.00,"100 מ""ל",false,0,23.90,4.78,true,1,
72986424,false,"גלידת בן & ג'ריס פיינטים קרם עוגיות 500מ""ל",מוצרי איכות אמריקאיים בע,IL,גלידה בן & ג'ר,מיליליטרים,500.00,"100 מ""ל",false,0,23.90,4.78,true,1,
72986448,false,"גלידת בן & ג'ריס פיינטים טופי קראנץ 500מ""ל",מוצרי איכות אמריקאיים בע,IL,גלידה בן & ג'ר,מיליליטרים,500.00,"100 מ""ל",false,0,23.90,4.78,true,1,
72986455,false,"גלידה בן& ג'ריס ניו יורק סופר פאדג' צ'אנק 500 מ""ל",מוצרי איכות אמריקאיים בע,IL,גלידה בן & ג'ר,מיליליטרים,500.00,"100 מ""ל",false,0,23.90,4.78,true,1,
72986479,false,"גלידה שוקולד אגוז עם בננות בן וג'ירי 500 מ""ל",מוצרי איכות אמריקאיים בע,IL,גלידה בן & ג'ר,מיליליטרים,500.00,"100 מ""ל",false,0,23.90,4.78,true,1,
72989425,false,"גלידת בן & ג'ריס פיינטים שוקולד בראוניז 500מ""ל",מוצרי איכות אמריקאיים בע,IL,גלידה בן & ג'ר,מיליליטרים,500.00,"100 מ""ל",false,0,23.90,4.78,true,1,
72991374,false,סיגריות טיים רד חפיס,דובק,IL,טיים רד,יחידה,1.00,יחידה,false,0,30.00,30.00,false,1,
72991404,false,סיגריות אירופה חפיסה,דובק,IL,סגריות אירופה,יחידה,1.00,יחידה,false,0,29.00,29.00,false,1,
72991510,false,סיגריות מונטנה פילטר,"דובק בע""מ",IL,מונטנה פילטר,יחידה,1.00,יחידה,false,0,30.00,30.00,false,1,
72991886,false,"גלידת דולצ'ה בטעם ריבת חלב עם פאדג' בן וג'ירי 500 מ""ל",מוצרי איכות אמריקאיים בע,IL,גלידה בן & ג'ר,מיליליטרים,500.00,"100 מ""ל",false,0,23.90,4.78,true,1,
72993637,false,מעדן חלב בטעם שוקולד 125 ג' דני,"שטראוס גרופ בע""\מ",IL,דני שוקולד 1.5%,גרמים,125.00,100 גרם,false,0,2.70,2.16,true,1,
72994306,false,סיגריות רויאל אדום ח,דובק,IL,רויאל אדום,יחידה,1.00,יחידה,false,0,25.00,25.00,false,1,
72994313,false,סיגריות רויאל כחול בודד,דובק,IL,רויאל כחול,יחידה,1.00,יחידה,false,0,25.00,25.00,false,1,
76136184,false,סיגריות פאל מל סלימס כחול בודד,Unknown,CH,פאלמאל סופר סלימ,יחידה,1.00,יחידה,false,0,31.50,31.50,false,1,
80042556,false,POLPA עגבניות חתוכות דק 400 גרם MUTTI,"איי, בי, אינבוו",IT,עגבניות חתוכות,גרמים,400.00,100 גרם,false,0,6.80,1.70,true,1,
80050025,false,סוכריות טיק טק תפוז 16 גרם,פררו - אלבה,ZA,טיק טק תפוז,גרמים,16.00,100 גרם,false,0,3.50,21.88,true,1,
80050124,false,סוכריות טיק טק מנטה 16 גרם,פררו - אלבה,ZA,סוכריות טיק טק,גרמים,16.00,100 גרם,false,0,3.50,21.88,true,1,
80050278,false,פררו רושר חטיף כדורים שלישיה 40ג',פררו - אלבה,IT,פררו רושה שלשה,גרמים,37.00,100 גרם,false,0,5.90,15.95,true,1,
80052487,false,חטיף+ציפוי קוקוס רפאלו30,פררו - אלבה,PL,חטיף רפאלו,גרמים,30.00,100 גרם,false,0,5.50,18.33,true,1,
80052760,false,קינדר בואנו Kinder Bueno עם חלב ואגוזי לוז,פררו - אלבה,PL,קינדר בואנו זוג,גרמים,43.00,100 גרם,false,0,4.90,11.40,true,1,
80136194,false,חטיפי הפי היפו Happy Hippo במילוי קרם חלבי ואגוזי לוז,קינדר Kinder,DE,חטיף הפי היפו5יח,גרמים,115.00,100 גרם,false,1,13.90,12.09,true,1,
80176800,false,נוטלה ממרח שוקולד 750 גרם,פררו תעשיות איטליה ס,IT,ממרח נוטלה,גרמים,750.00,100 גרם,false,0,26.90,3.59,true,1,
80177173,false,ממרח שוקולד נוטלה 350 גרם,פררו - אלבה,IT,ממרח נוטלה,גרמים,350.00,100 גרם,false,0,15.90,4.54,true,1,
80177609,false,אצבעות שוקולד קינדר Kinder ארבע יחידות,פררו - אלבה,IT,אצבעות קינדר,גרמים,50.00,100 גרם,false,0,5.00,10.00,true,1,
80273561,false,פלפל שחור במטחנה 45 גר ארומה דה טוסקנה,דרוגיה ואלימנטרי אס.אר.א,IT,פלפל שחור,גרמים,45.00,100 גרם,false,0,13.80,30.67,true,1,
80273592,false,פלפל ארבע עונות 30 גר ארומה דה טוסקנה,דרוגיה ואלימנטרי אס.אר.א,IT,פלפל,גרמים,35.00,100 גרם,false,0,13.80,39.43,true,1,
80310167,false,קינדר שוקולד מקסי 126 גר,קינדר,DE,קינדר מקסי,גרמים,126.00,100 גרם,false,0,11.20,8.89,true,1,
80310891,false,ג'וי ביצת הפתעה קינדר 20 גרם,קריות זול,ZA,ביצת הפתעה,גרמים,20.00,100 גרם,false,0,6.40,32.00,true,1,
80773429,false,מנטוס בקבוק מעוגל - מסטיק ללא סוכר בטעם תות 60 גרם,"פרפטי ואן מלה ג'\ידה,סאן",TR,מנטוס בקבוק,גרמים,60.00,100 גרם,false,1,10.90,18.17,true,1,
80773443,false,מנטוס בקבוק מעוגל - מסטיק ללא סוכר בטעם מנטה 60 גרם,"פרפטי ואן מלה ג'\ידה,סאן",TR,מסטיק מנטוס,גרמים,60.00,100 גרם,false,1,10.90,18.17,true,1,
80776307,false,מסטיק מנטוס ביג בבקבוק מעוגל טעם פירות מנטה 90 ג',פרפטי ואן מלה הולנד,TR,מסטיק מנטוס,גרמים,90.00,100 גרם,false,1,18.60,20.67,true,1,
80780595,false,מסטיק מנטוס ביג בבקבוק מעוגל טעם מנטה-עדינה 90 ג',פרפטי ואן מלה הולנד,TR,מסטיק מנטוס,גרמים,90.00,100 גרם,false,1,18.60,20.67,true,1,
80790990,false,מסטיק מנטוס בבקבוק מעוגל בטעם פירות -מנטה 60 ג',"פרפטי ואן מלה ג'\ידה,סאן",TR,מסטיק מנטוס,גרמים,60.00,100 גרם,false,1,10.90,18.17,true,1,
80831402,false,סוכריות מנטוס מנטה עדינה 30 יח' ללא סוכר CLEAN BREATH,פרפטי ואן מלה,NL,סוכריות מנטה,גרמים,21.00,100 גרם,false,1,6.90,32.86,true,1,
80864295,false,סוכריות פיור וויט טעם מנטה עדינה 60 ג' מנטוס,"פרפטי ואן מלה ג'ידה,סאן",TR,מנטוס פיור וויט,גרמים,60.00,100 גרם,false,1,10.90,18.17,true,1,
80874652,false,קינדר קארדס 120 גרם - בודד,פררו,IT,קינדר קארדס,גרמים,26.00,100 גרם,false,1,4.30,16.54,true,1,
80896081,false,מנטוס בקבוק מעוגל - מסטיק ללא סוכר בטעם אבטיח 60 גרם,"פרפטי ואן מלה ג'\ידה,סאן",TR,מנטוס בקבוק,גרמים,60.00,100 גרם,false,1,10.90,18.17,true,1,
80913467,false,מנטוס בקבוק מעוגל - מסטיק ללא סוכר בטעם מנטה,פרפטי ואן מלה הולנד,TR,מסטיק מנטוס,גרמים,60.00,100 גרם,false,1,10.90,18.17,true,1,
80926481,false,מסטיק מנטוס פיור פרש בבקבוק בינוני בטעם אבטיח 90ג',"פרפטי ואן מלה ג'ידה,סאן",TR,מסטיק מנטוס,גרמים,90.00,100 גרם,false,1,18.60,20.67,true,1,
80945468,false,סוכריות פיור וויט טעם מנטה מתוקה 60 ג' מנטוס,"פרפטי ואן מלה ג'ידה,סאן",TR,מנטוס פיור וויט,גרמים,60.00,100 גרם,false,1,10.90,18.17,true,1,
80954521,false,"מנטוס מסטיק פיור פרש - תות 28 גרם (14 יח') חת""ס",פרפטי ואן מלה ברדה,TR,מסטיק מנטוס,גרמים,28.00,100 גרם,false,1,4.70,16.79,true,1,
80974215,false,מסטיק מנטוס פיור פרש בבקבוק ביג בטעם תות 90ג',"פרפטי ואן מלה ג'ידה,סאן",TR,מסטיק מנטוס,גרמים,90.00,100 גרם,false,1,18.60,20.67,true,1,
80979128,false,מנטוס מסטיק בקבוק מעוגל בטעם דובדבן,פרפטי ואן מלה הולנד,TR,מסטיק מנטוס,גרמים,60.00,100 גרם,false,1,10.90,18.17,true,1,
80986348,false,סוכריות פיור וויט טעם מנטה 60 ג' מנטוס,"פרפטי ואן מלה ג'ידה,סאן",TR,מנטוס פיור וויט,גרמים,60.00,100 גרם,false,1,10.90,18.17,true,1,
87108538,false,סוכריות בטעם תות מנטוס 37.5 גרם,הדקלאים אגודת שיתופי,NL,מנטוס תות,גרמים,37.00,100 גרם,false,0,4.00,10.81,true,1,
87108651,false,סוכריות בטעם מנטה מנטוס 4*37.5 גרם,הדקלאים אגודת שיתופי,NL,מנטוס מנטה 4 יח',גרמים,150.00,100 גרם,false,0,11.90,7.93,true,1,
87108712,false,סוכריות בטעם פירות מנטוס 4*37.5 גרם,פרפטי ואן מלה ברדה,NL,מנטוס פירות 4,גרמים,150.00,100 גרם,false,0,11.90,7.93,true,1,
90087011,true,מיץ 100% תפוחי עץ 1 ליטר,ראוך פרוכטסאפטה,AT,"מיץ תפו""ע",ליטרים,1.00,ליטר,false,1,13.10,13.10,true,1,
90087066,true,מיץ 100% תפוזים 1 ליטר,ראוך פרוכטסאפטה,HU,מיץ תפוזים,ליטרים,1.00,ליטר,false,0,13.10,13.10,true,1,
8112100298,false,"שמן שומשום טהור מזרח ומערב 185 מ""ל",Flavor full foods in,TW,שמן שומשום,מיליליטרים,185.00,"100 מ""ל",false,0,15.90,8.59,true,1,
9800800056,false,חטיף שוקולד עם מקלות לחם אנד גו,פררו - אלבה,IT,ממרח נוטלה טו גו,גרמים,52.00,100 גרם,false,1,5.90,11.35,true,1,
11182700954,false,קינג קול שעועית שחורה 439 גרם,האנאובר פודס קורפורשיין,US,שעועית שחורה439ג,גרמים,439.00,100 גרם,false,1,10.90,2.48,true,1,
11210000094,false,"רוטב ""טבסקו"" על בסיס פלפל אדום 60 מ""ל",מקאילהייני אייבורי,US,רוטב טבסקו,מיליליטרים,60.00,"100 מ""ל",false,0,12.80,21.33,true,1,
16000423534,false,חטיפי גרנולה קראנצ'י עם שיבולת שועל ושוקולד מריר נייצ'ר ואלי 5*42 גרם,ג'נרל מילס סאן אדריאן,ES,חטיף נייצ'ר ואלי,גרמים,210.00,100 גרם,false,0,21.90,10.43,true,1,
16000548404,false,חטיפי גרנולה קראנצ'י עם שיבולת שועל ודבש נייצ'ר ואלי 5*42 גרם,ג'נרל מילס סאן אדריאן,ES,חטיף נייטשר ואלי,גרמים,210.00,100 גרם,false,0,21.90,10.43,true,1,
16000548503,false,חטיפי גרנולה קראנצ'י עם מייפל וסוכר חום נייצ'ר ואלי 5*42 גרם,ג'נרל מילס סאן אדריאן,ES,חטיף נייטשר ואלי,גרמים,210.00,100 גרם,false,0,21.90,10.43,true,1,
18000701223,false,"פילסברי, עוגה בטעם שוקולד, תערובת להכנת עוגה בטעם שוקולד. 500 גרם",הדקלאים אגודת שיתופי,IL,תערובת לעוגה,גרמים,500.00,100 גרם,false,0,19.90,3.98,true,1,
18000703494,false,"פילסברי, עוגה בטעם וניל, תערובת להכנת עוגה בטעם וניל. 500 גרם.",הדקלאים אגודת שיתופי,IL,תערובת לעוגה,גרמים,500.00,100 גרם,false,0,19.90,3.98,true,1,
21723339994,false,"רוטב דגים 300מ""ל (טיפרוס) (כ)",טאנג סאנג ראר קי,TH,רוטב דגים,גרמים,300.00,100 גרם,false,0,11.90,3.97,true,1,
25675120037,false,מקלות חמצוצים תות פשקז 100 גרם,פשקס קנדי,NL,חמצוצים תות,גרמים,100.00,100 גרם,false,0,9.90,9.90,true,1,
25675120068,false,מקלות חמצוצים בטעם קולה פשקז 100 גרם,פשקז Paskesz,NL,חמצוצים קולה,גרמים,100.00,100 גרם,false,0,9.90,9.90,true,1,
25700005698,false,זיפלוק שקיות אחסון בינוניות 24 יחידות,אס.סי.גונסון ובניו,US,שקיות אחסון,יחידה,1.00,יחידה,false,1,14.90,14.90,true,1,
30000315989,false,קוואקר פרוטאין חמוציות ושקדים 372 גרם,קוואקר אוטס קומפני,US,קוואקר פרוטאין,גרמים,372.00,100 גרם,false,1,23.00,6.18,true,1,
31290140190,false,גודייבה אצבעות שוקולד מריר עם נגיעות מלח ים 90 גרם,"אולקר מקבוצת פלאדיס, ציק",TR,שוקולד גודייבה,גרמים,90.00,100 גרם,false,1,15.90,17.67,true,1,
34000312177,false,הרשי סירופ בטעם שוקולד 680 גרם,ליימן מותגים,US,סירופ שוקולד,גרמים,680.00,100 גרם,false,0,20.30,2.99,true,1,
34000544028,false,סוכריות ארוכות בטעם תות טוויזלרס Twizzlers,ליימן מותגים,US,טוויזלרס טעם תות,גרמים,198.00,100 גרם,false,0,8.80,4.44,true,1,
36000516876,false,ממחטות נייר קלינקס לושן 3 שכבות 75 דף,חוגלה קימברלי,US,קלינקס לושן,יחידה,1.00,יחידה,false,1,12.90,12.90,true,1,
37600207188,false,חמאת בוטנים קלאסי סקיפי 462 גרם,חברת המזון אלגוד,US,חמאת בוטנים,גרמים,462.00,100 גרם,false,0,20.90,4.52,true,1,
37600207256,false,חמאת בוטנים עם שברי בוטנים סקיפי 462 גרם,חברת המזון אלגוד,US,חמאת בוטנים,גרמים,462.00,100 גרם,false,0,20.90,4.52,true,1,
38000138638,false,חטיף צ'יפס פרינגלס פיצה 158 גרם,פרינגלס מנופקצ'ורינג קונ,US,פרינגלס פיצה,גרמים,158.00,100 גרם,false,1,10.60,6.71,true,1,
38000169663,false,פרינגלס אורגינל מגה 194 גר',פרינגלס מניופקצ'\ורינג ק,US,פרינגלס אורגינל,גרמים,194.00,100 גרם,false,1,11.90,6.13,true,1,
38000232152,false,פרינגלס חטיפי תפוח אדמה בטעם ברביקיו 158 גרם,פרינגלס מנופקצ'ורינג קומ,US,פרינגלס ברביקיו,גרמים,158.00,100 גרם,false,1,10.60,6.71,true,1,
38000232169,false,פרינגלס מידי אורגינל 67 גרם.,פרינגלס מנופקצ'ורינג קונ,US,פרינגלס אורגינל,גרמים,67.00,100 גרם,false,1,5.90,8.81,true,1,
38000232176,false,פרינגלס ביג שמנת בצל 158 גרם,פרינגלס מנופקצ'ורינג קונ,US,פרינגלס שמנת בצל,גרמים,158.00,100 גרם,false,1,10.60,6.71,true,1,
38000232183,false,פרינגלס ביג אורגינל 149 גרם,פרינגלס מנופקצ'ורינג קונ,US,פרינגלס אורגינל,גרמים,149.00,100 גרם,false,1,10.60,7.11,true,1,
38000845253,false,חטיף צ'יפס פרינגלס מידי שמנת בצל 71 גרם,פרינגלס מנופקצ'ורינג קונ,US,פרינגלס שמנת בצל,גרמים,71.00,100 גרם,false,1,5.90,8.31,true,1,
38527591053,false,קואקר דגנים מרובעים שיבולת שועל וקינמון,קוואקר אוטס קומפני,US,דגנים מרובעים,גרמים,412.00,100 גרם,false,0,22.70,5.51,true,1,
38527591060,false,דגני קוואקר מרובעים Quaker Squares עם סוכר חום,קוואקר אוטס קומפני,US,דגנים מרובעים,גרמים,412.00,100 גרם,false,0,22.70,5.51,true,1,
40000512943,false,סוכריות אם אנד אמס M&M שוקולד חלב,M&M אם אנד אם,US,עדשים מ&מ'ס,גרמים,303.00,100 גרם,false,1,21.90,7.23,true,1,
40000514480,false,M&M אריזה קטנה's שוקולד אריזה קטנה 48 גרם,M&M אם אנד אם,US,עדשי מ&מ'ס,גרמים,48.00,100 גרם,false,1,5.50,11.46,true,1,
40000514510,false,M&M אריזה קטנה's בוטנים אריזה קטנה 49 גרם,M&M אם אנד אם,US,עדשי מ&מ'ס,גרמים,49.00,100 גרם,false,1,5.50,11.22,true,1,
41390001079,false,"רוטב סויה קיקומן מופחת נתרן 444 מ""ל",קיקומן פודז אינק,US,רוטב סויה,מיליליטרים,444.00,"100 מ""ל",false,0,21.90,4.93,true,1,
41390010309,false,"רוטב טריאקי קיקומן 444 מ""ל",קיקומן פודז אינק,US,רוטב טריאקי,מיליליטרים,444.00,"100 מ""ל",false,0,21.90,4.93,true,1,
46214731552,false,עוגיות שוקולד צ'יפס 37% גודיס 225 גרם,קריניציה ויטמינה אס,NL,עוגיות ש.צ'יפס,גרמים,225.00,100 גרם,false,0,10.90,4.84,true,1,
50000084500,false,מזון יבש לחתול בטעם נתחי ברביקיו פריסקיז Friskies,נסטלה פורינה USA מק,US,פריסקיז לחתול,קילוגרמים,1.43,"ק""ג",false,0,39.80,27.83,true,1,
50000170180,false,מזון חתולים פריסקיז עוף ברוטב 156 גרם,נסטלה פורינה USA קר,US,פריסקיז לחתול,גרמים,156.00,100 גרם,false,0,6.60,4.23,true,1,
50000429042,false,מזון חתולים כבד מעודן ועוף פנסי פיסט 85 גרם,נסטלה פורינה USA ג',US,פנסי פיסט חתול,גרמים,85.00,100 גרם,false,0,6.50,7.65,true,1,
50000429646,false,פריסקיז פנסי פיסט לח דג אוקיאנוס 85 גרם,נסטלה פורינה USA ג',US,פנסי פיסט לחתול,גרמים,85.00,100 גרם,false,0,6.50,7.65,true,1,
50000445691,false,מזול חתולים פריסקיז עוף וסלמון ברוטב 156 גרם,נסטלה פורינה USA קר,US,פריסקיז נתחי עוף,גרמים,156.00,100 גרם,false,0,6.60,4.23,true,1,
50000574438,false,"""פריסקיז פארטי מיקס מעדני ים קראנץ 60 גרם",נסטלה פורינה פטקר ארצות,US,פריסקיז מיקס,גרמים,60.00,100 גרם,false,1,10.90,18.16,true,1,
52100034898,false,"תמצית ליים טהורה 29 מ""ל",מקורמיק,US,תמצית ליים טהורה,מיליליטרים,29.00,"100 מ""ל",false,1,19.90,68.62,true,1,
52100070780,false,"תמצית תפוז טהורה 29 מ""ל",מקורמיק,US,תמצית תפוזים,מיליליטרים,29.00,"100 מ""ל",false,1,19.90,68.62,true,1,
52100070865,false,"תמצית וניל טהור מקורמיק 29 מ""ל",מקורמיק האנט ואלי,US,תמצית וניל,מיליליטרים,29.00,"100 מ""ל",false,0,29.90,103.10,true,1,
52100070995,false,תמצית בטעם וניל מקורמיק 59 גרם,מקורמיק,US,תמצית בטעם וניל,מיליליטרים,59.00,"100 מ""ל",false,1,11.90,20.17,true,1,
56594009998,false,ניוואה סבון מוצק מטפח קרם קר רביעייה,ביירסדורף,DE,ניוואה סבון מוצק,גרמים,360.00,100 גרם,false,1,16.90,4.69,true,1,
58449770206,false,הריטאג מולטיגריין 375 גרם,נייטשר פאת'\,GB,דגני בוקר,גרמים,375.00,100 גרם,false,0,26.20,6.99,true,1,
64144090020,false,"ספריי שמן PAM בטעם שמן זית 141 מ""ל",קונאגרה פודס,US,תרסיס שמן זית,מיליליטרים,148.00,"100 מ""ל",false,0,21.00,14.19,true,1,
64144090051,false,"ספריי שמן PAM קנולה אורגינל 148 מ""ל",קונאגרה פודס,US,תרסיס שמן קנולה,מיליליטרים,148.00,"100 מ""ל",false,0,21.00,14.19,true,1,
70177077563,false,תה ארל גריי 25 שקיות טוינינגס 50 גר,אר. טווינינגס אנד קומפני,PL,תה ארל גריי,גרמים,50.00,100 גרם,false,1,19.90,39.80,true,1,
70177077693,false,תה אנגליש ברקפסט 25 שקיות טוינינגס 50 גר,אר. טווינינגס אנד קומפני,PL,תה אינגליש ברקפס,גרמים,50.00,100 גרם,false,1,19.90,39.80,true,1,
70177078904,false,תה אנגליש ברקפסט 50 שקיות טוינינגס,אר. טווינינגס אנד קומפני,PL,תה אינגליש ברקפס,גרמים,100.00,100 גרם,false,1,27.90,27.90,true,1,
70177086664,false,תה ירוק טהור 25 שק TWININGS,אר. טווינינגס אנד קומפני,PL,תה ירוק טהור,גרמים,50.00,100 גרם,false,1,21.90,43.80,true,1,
72600062320,false,הר חטיף גבינה בטעם פיצה 198 גרם,הר פודסn\,US,חטיף גבינה,גרמים,198.00,100 גרם,false,1,24.90,12.58,true,1,
76840100156,false,"בן אנד גריס גלידת צרי גרסיה 500 מ""ל",מוצרי איכות אמריקאיים בע,IL,גלידה צ'רי גרסיה,מיליליטרים,500.00,"100 מ""ל",false,0,23.90,4.78,true,1,
76840100583,false,"גלידת וניל עם בצק עוגיות בן וג'ירי 473 מ""ל",מוצרי איכות אמריקאיים בע,IL,גל.בןאנדג'ריס,מיליליטרים,473.00,"100 מ""ל",false,0,23.90,5.05,true,1,
76840400218,false,"גלידה בן&ג'ריס תות שדה ועוגת גבינה 500מ""ל",מוצרי איכות אמריקאיים בע,IL,גל.עוגת גבינ.תות,גרמים,420.00,100 גרם,false,0,23.90,5.69,true,1,
77975036976,false,מטבל עגבניות בחריפות עדינה סניידרס 439 ג',סניידרס אוף האנובר,US,מתבל עגבניות,גרמים,439.00,100 גרם,false,1,14.90,3.40,true,1,
77975094631,false,סניידרס סנדוויץ' בייגלה במילוי קרם בטעם צ'דר 226 גרם,סניידרס לאנס,US,בייגלה סניידרס,גרמים,226.00,100 גרם,false,1,17.70,7.83,true,1,
77975094761,false,סניידרס חטיפים על בסיס קמח חיטה בטעם גבינת צ'דר,סניידרס אוף האנובר,US,חטיף סניידרס,גרמים,340.00,100 גרם,false,1,17.70,5.21,true,1,
77975094778,false,שברי בייגלה סניידרס בטעם דבש חרדל 340 גר,סניידרס אוף האנובר,US,סניידרס דבש חרדל,גרמים,340.00,100 גרם,false,1,17.70,5.21,true,1,
85696608037,false,טופו רך ללא גלוטן 340ג' (כ) Morinaga,Morinaga NUTRITIONAL,US,טופו רך,גרמים,340.00,100 גרם,false,0,10.90,3.20,true,1,
85696608044,false,טופו ללא גלוטן 349ג' (כ) Morinaga,Morinaga nutritional,US,טופו ללא גלוטן,גרמים,340.00,100 גרם,false,0,10.90,3.20,true,1,
87752005644,false,"יין מוסקטו ברטנורה 750 מ""ל",מיסזקו אס.איי,IT,יין מוסקטו,מיליליטרים,750.00,"100 מ""ל",false,0,54.90,7.32,true,1,
87752014271,false,"יין רוסו טוסקנו אדום ברטנורה 750 מ""ל",מיסזקו אס.איי,IT,ברטנורא טוסקנו,מיליליטרים,750.00,"100 מ""ל",false,0,34.90,4.66,true,1,
87752016206,false,בורדו שאטו לה ריגאן אדום,שאטו לה ריגאן,FR,יין בורדו,מיליליטרים,750.00,"100 מ""ל",false,1,59.90,7.99,true,1,
87752025406,false,בורדו שאטו לה ריגאן לבן,שאטו לה ריגאן,FR,בורדו שאטו לבן,מיליליטרים,750.00,"100 מ""ל",false,1,59.90,7.99,true,1,
96086001536,false,"עוגיות קלות ללת""סבטעם וניל 200 גר",מצות אביב 2014 מאפה בעמ,IL,עוגיות וניל,גרמים,200.00,100 גרם,false,0,15.50,7.75,true,1,
305213079004,false,"תחליב גוף להזנה עמוקה צהוב וזלין 600 מ""ל","יוניליוור, ג'פרסון סיטי,",US,קרם גוף ואלין,מיליליטרים,600.00,"100 מ""ל",false,1,19.90,3.32,true,1,
308910525744,false,אטריות אורז דקות 454 גרם ורמיצ'לי (כ),ליאן תאי רייס,TH,איטריות אורז,גרמים,454.00,100 גרם,false,0,11.90,2.62,true,1,
602652257780,false,בי קיינד-חטיף שקדים ומלח ים בציפוי קרמל,שטראוס,US,חטיף בי קיינד,גרמים,40.00,100 גרם,false,1,7.90,19.75,true,1,
605453520961,false,סורימי דליקטס שרימפס 300 גר,אל.אם פודס,US,סורימי דליקטס,גרמים,300.00,100 גרם,false,1,34.90,11.63,true,1,
605453620753,false,חתיכות סורימי קפוא 454 גרם,.,US,חתיכות סורימי,גרמים,454.00,100 גרם,false,1,34.90,7.69,true,1,
608614255511,false,פופקורנס בטעם גבינה 50 גרם,מג'\יקס סום תעשיות מזון,IL,פופקורנס גבינה,גרמים,50.00,100 גרם,false,1,5.40,10.80,true,1,
608614255528,false,פופקורנס בטעם גריל 50 גרם,מג'\יקס סום תעשיות מזון,IL,פופקורנס בטעם גר,גרמים,50.00,100 גרם,false,1,5.40,10.80,true,1,
613008742348,false,בקבוק אריזונה ג'נסינג ודבש 1 ליטר,"נטורלה גטרנק בע""\מn\",BG,אריזונה ג'נסנג,ליטרים,1.00,ליטר,false,1,12.80,12.80,true,1,
613008742409,false,בקבוק אריזונה אפרסק 1 ליטר,"נטורלה גטרנק בע""\מn\",BG,אריזונה אפרסק,ליטרים,1.00,ליטר,false,1,12.80,12.80,true,1,
613008755461,false,בקבוק אריזונה אוכמניות 1 ליטר,"נטורלה גטרנק בע""\מn\",BG,אריזונה אוכמניות,ליטרים,1.00,ליטר,false,1,12.80,12.80,true,1,
621683921255,false,טינקיאדה ספירל פסטה ארוז ללא גלוטן 454,,CA,פסטה אורז ספירלה,גרמים,454.00,100 גרם,false,0,23.90,5.26,true,1,
638102201010,false,חטיף על בסיס חלבון סויה שוקולד וחמאת בוטנים,"אבוט נוטרישן, מעבדות",US,חטיף זון בוטנים,גרמים,50.00,100 גרם,false,0,13.90,27.80,true,1,
645173911038,false,קורנישון מלפפוןן מיני 720 גרם - תומר,קלמן אינדיה פי וי סי,IN,מלפפ.קורנישונים,גרמים,670.00,100 גרם,false,0,10.90,1.63,true,1,
649660432020,false,היל וויו שזיפים מיובשים מגולענים 567 גרם,היליו פאקינג קוסמי א,US,שזיף מיובש,גרמים,567.00,100 גרם,false,1,29.90,5.27,true,1,
651080647519,false,קיסמים עם חוט דנטלי פלאקרס מנטה 35 יחידות,"פלקרס רנור ארה""ב",US,קיסם עם חוט,יחידה,1.00,יחידה,false,1,9.90,9.90,true,1,
728229123590,false,טרה אורגינל חטיף על בסיס ירקות שורש בטעם טבעי 110 גרם,הונדורס צ'יפס יצור א,HN,צ'יפס,גרמים,110.00,100 גרם,false,0,15.90,14.45,true,1,
728229123811,false,טרה חטיף על בסיס ירקות שורש בתיבול ים תיכוני 110 גרם,הונדורס צ'יפס יצור א,HN,צ'יפס מתובל,גרמים,110.00,100 גרם,false,0,15.90,14.45,true,1,
768404001640,false,"גלידה בן&ג'ריס קפה משפחתית 500מ""ל",מוצרי איכות אמריקאיים בע,IL,גלידת בן & ג'ריס,מיליליטרים,500.00,"100 מ""ל",false,0,23.90,4.78,true,1,
786150000281,false,"שישייה בירה לף בראון בקבוק 330X6 מ""ל","אינבב, ברוורייפליין",BE,בירה לף בראון6יח,ליטרים,1.98,ליטר,false,1,49.90,25.20,true,1,
787269088481,false,עגבניות צ'רי לובלו,יגור חקלאות ועסקים,,עגבניה שרי לובלו,יחידה,1.00,יחידה,false,0,15.90,15.90,true,1,
801541070435,false,טולסי ירוק קלאסי 25שק,אורגניק אינדיה,IN,חליטת טולסי,גרמים,47.00,100 גרם,false,1,17.90,38.09,true,1,
801541080434,false,תה טולסי צ'אי מסאלה 25שק,אורגניק אינדיה,IN,חליטת טולסי,גרמים,52.00,100 גרם,false,1,17.90,34.42,true,1,
801541512324,false,תה טולסי כורכום ג'ינגר25,אורגניק אינדיה,IN,טולסי 25 שק.,גרמים,47.00,100 גרם,false,1,17.90,38.09,true,1,
801541514274,false,תה טולסי קינמון ורדים25ש,אורגניק אינדיה,IN,תה טולסי 25 שק.,יחידה,1.00,יחידה,false,1,17.90,17.90,true,1,
818570007066,false,"פיור וניל טהור 29 מ""ל ""ווטקינס""","ג'יי אר ווטקינס בע""מ",US,תמצית וניל טהור,מיליליטרים,29.00,"100 מ""ל",false,1,32.90,113.45,true,1,
833949000264,false,"סירופ מייפל אמיתי 100% אורגני 250 מ""ל",דיקסר קוויבק,CA,סירופ מייפל,מיליליטרים,250.00,"100 מ""ל",false,0,40.10,16.04,true,1,
835811007494,false,גלטין טהור מדגים 2 יח` 14 X גר`,גואנגדונג מיניאנג,TW,ג'לטין טהור,גרמים,28.00,100 גרם,false,0,11.30,40.36,true,1,
839762000658,false,איילנד גויאבה המשקה של חופי סיני 1 ליטר,The Egyptian Co. for,EG,נקטר איילנד,ליטרים,1.00,ליטר,false,0,12.50,12.50,true,1,
850004207789,false,בשר מיטבולס 290 ג' ביונד מיט,תאי פרזידנט פוד פאבל,US,מיטבולס ביונד מי,גרמים,290.00,100 גרם,false,1,42.90,14.79,true,1,
855074007086,false,פלפלון ביס בשקית יחידה,קטיף.,IL,פלפלון ביס בשקית,גרמים,200.00,100 גרם,false,1,8.90,4.45,true,1,
856591000062,false,עוגיות מזרחיות עם מלח עבאדי 400 גרם,מאפיית יוסף ושמחה עבאדי,IL,עוגיות מזרחיות,גרמים,400.00,100 גרם,false,0,19.90,4.98,true,1,
856591000109,false,עוגיות מזרחיות פריך במיוחד עבאדי 400 גרם,מאפיית יוסף ושמחה עבאדי,IL,עוגיות מזרחיות,גרמים,400.00,100 גרם,false,0,19.90,4.98,true,1,
884912342737,false,דגני בוקר קריספי וופל פוסט 326 גרם.,הנסיך- מפעל לייצור ט,US,דגני וופל קריספ,גרמים,326.00,100 גרם,false,1,23.70,7.27,true,1,
884912359162,false,האני באנצ' דגני בוקר עם שקדים פוסט 411 גרם,פוסט ארצות הברית,US,דגני הני בנצ'ס,גרמים,340.00,100 גרם,false,1,24.90,7.32,true,1,
884912365200,false,דגני בוקר אוראו שחור ולבן 311 גרם,פוסט ארצות הברית,US,דגני בוקר אוראו,גרמים,311.00,100 גרם,false,1,25.90,8.33,true,1,
960860015432,false,"עוגיות קלות ללת""ס קמח מלא 200 גר",מצות אביב 2014 מאפה בעמ,IL,"עוגיות ללת""ס",גרמים,200.00,100 גרם,false,0,15.50,7.75,true,1,
1230000068314,false,בשר טחון ביונד מיט מארז זוגות 300ג,זנברגן וורלד פינסט מיט ב,NL,טחון מן הצומח בי,גרמים,300.00,100 גרם,false,1,39.90,13.30,true,1,
1230000116022,false,המבורגר ביונד מיט מארז זוגות 226ג,ביונד מיט קליפורניה ארהב,US,המבורגר ביונד מי,גרמים,226.00,100 גרם,false,1,32.90,14.55,true,1,
3014260240226,false,"קצף גילוח ג'ילט לעור רגיש 200 מ""ל",דיפלומט מפיצים (1986) בע`מ,GB,קצף גילוח ג'ילט,מיליליטרים,200.00,"100 מ""ל",false,0,16.40,8.20,true,1,
3014260262709,false,סכיני גילוח לאישה 3 להבים,דיפלומט מפיצים (1968) בעמ,DE,סכיני גילוח ונ,יחידה,1.00,יחידה,false,0,49.90,49.90,true,1,
3046920028004,false,לינדט שוקולד אקסלנס מריר 70% 100 גר,לינדט ושפרונגלי קילשברג,FR,שוקולד אקסלנס,גרמים,100.00,100 גרם,false,0,16.90,16.90,true,1,
3046920028363,false,לינדט אקסלנס 85% מוצקי קקאו 100 גרם,לינדט ושפרונגלי קילשברג,FR,שוקולד לינדט 85%,גרמים,100.00,100 גרם,false,0,16.90,16.90,true,1,
3046920028752,false,שוקולד לינדט אקסלנס מינט 100 גרם,לינדט ושפרונגלי קילשברג,FR,שוקולד לינדט,גרמים,100.00,100 גרם,false,0,16.90,16.90,true,1,
<<<<<<< HEAD
3046920029674,false,שוקולד לינדט אקסלנס סולט 100 גרם,לינדט ושפרונגלי קילשברג,DE,שוקולד לינדט,גרמים,100.00,100 גרם,false,0,16.90,16.90,true,1,
3046920029759,false,לינדט אקסלנס 90% מוצקי קקאו 100 גרם,לינדט ושפרונגלי קילשברג,DE,שוקולד אקסלנס,גרמים,100.00,100 גרם,false,1,16.90,16.90,true,1,
3059943015128,false,מבשם אוויר נטול גז אקווה מיסט בניחוח לבנדר פראי ואוויר הרים,הדקלאים אגודת שיתופי,PL,אירוויק מבשם,מיליליטרים,345.00,"100 מ""ל",false,0,15.90,4.61,true,1,
3059943016507,false,"אירוויק ספריי בניחוח לבנדר וקמומיל 240 מ""ל",איירוויק Air Wick,GB,אירויק ספריי,מיליליטרים,240.00,"100 מ""ל",false,0,11.90,4.96,true,1,
3068320017846,false,מים מינרלים אוויאן 1 ליטר,קריניציה ויטמינה אס,FR,אויאן מים,ליטרים,1.00,ליטר,false,0,11.50,11.50,true,1,
3073781161663,false,גבינה מותכת 18.5% שומן לה וואש קירי,לה וואש קירי La Vache qui rit,FR,לה וואש קירי,גרמים,128.00,100 גרם,false,1,13.90,10.86,true,1,
3073781161687,false,גבינה מותכת לוואש קירי 256 גרם,פרומאג'רי בל דום סאם,FR,לה וואש קירי,גרמים,256.00,100 גרם,false,1,24.90,9.73,true,1,
3073781162790,false,גבינה מותכת בייבי בל 120 גרם,מחלבות בל,FR,גבינת בייבי בל,גרמים,120.00,100 גרם,false,1,22.90,19.08,true,1,
3083681142983,false,שעועית עדינה קפוא,בונדואל פרוספקטיב אנד די,PT,שעועית עדינה קפו,גרמים,600.00,100 גרם,false,1,23.90,3.98,true,1,
3083681143010,false,אפונת גן קפואה,בונדואל פרוספקטיב אנד די,PT,אפונת גן קפואה,גרמים,600.00,100 גרם,false,1,15.90,2.65,true,1,
3083681143690,false,זוקיני בגריל קפוא 600 ג,בונדואל פרוספקטיב אנד די,PT,זוקיני בגריל קפו,גרמים,600.00,100 גרם,false,1,26.90,4.48,true,1,
3161911229199,false,חמאה צרפתית רכה למריחה אל & ויר 250 גרם,אלל אה וויר,FR,חמאה רכה,גרמים,250.00,100 גרם,false,0,21.90,8.76,true,1,
3161911366429,false,חמאה צרפתית מלוחה רכה למריחה אלוויר 250 גר',ארזינא,FR,חמאה רכה מלוחה,גרמים,250.00,100 גרם,false,0,21.90,8.76,true,1,
3178530417340,false,בראוניז שוקולד סנט מישל 210 גרם,סן מישל,FR,בראוניז אישי 7יח,גרמים,210.00,100 גרם,false,1,14.90,7.09,true,1,
3178530417357,false,בראוניז שוקולד לבן סנט מישל 210 גרם,סן מישל,FR,בראוניז אישי 7יח,גרמים,210.00,100 גרם,false,1,14.90,7.09,true,1,
3179732348913,false,פרייה מים מינרליים טבעיים מבעבעים 1 ליטר פלסטיק,נסטלה ווטרס ספלאי,FR,פרייה מים מוגז,ליטרים,1.00,ליטר,false,1,10.90,10.90,true,1,
3228022910023,false,חמאת צרפתית פרזידנט 200 גרם,סוסייטה בארייר דה אי,FR,חמאה פרזידנט,גרמים,200.00,100 גרם,false,0,16.90,8.45,true,1,
3254550033279,false,גבינת קממבר 250 גרם סנט מר,איסיני סנט מור,FR,גבינת קממבר צרפת,גרמים,250.00,100 גרם,false,1,32.90,13.16,true,1,
3387390320244,false,פיטנס דגני בוקר מחיטה מלאה עם פירות נסטלה 375 גרם,נסטלה צרפת איטנקורט,FR,דגני פיטנס,גרמים,375.00,100 גרם,false,0,22.90,6.11,true,1,
3387390525960,false,קראנץ' דגני בוקר עם שוקולד חלב נסטלה 500 גרם,הנסיך- מפעל לייצור ט,FR,קראנץ דגני בוקר,גרמים,500.00,100 גרם,false,0,25.00,5.00,true,1,
3387390730852,false,פיטנס דגנים מחיטה מלאה ואורז נסטלה 375 גרם,נסטלה צרפת איטנקורט,FR,דגני פיטנס,גרמים,375.00,100 גרם,false,0,22.90,6.11,true,1,
=======
3046920029674,false,אקסלנס עם שבבי מלח לינדט (100 גרם),לינדט ושפרונגלי קילשברג,DE,שוקולד לינדט,גרמים,100.00,100 גרם,false,0,16.90,16.90,true,1,
3046920029759,false,אקסלנס שוקולד מריר 90% לינדט (100 גרם),לינדט ושפרונגלי קילשברג,DE,שוקולד אקסלנס,גרמים,100.00,100 גרם,false,1,16.90,16.90,true,1,
3059943015128,false,מבשם אוויר נטול גז אקווה מיסט בניחוח לבנדר פראי ואוויר הרים,רקיט בנקיזר (ניר איסט) בעמ,PL,אירוויק מבשם,מיליליטרים,345.00,"100 מ""ל",false,0,15.90,4.61,true,1,
3059943016507,false,"אירוויק ספריי בניחוח לבנדר וקמומיל 240 מ""ל",רקיט בנקיזר (ניר איסט) בעמ,GB,אירויק ספריי,מיליליטרים,240.00,"100 מ""ל",false,0,11.90,4.96,true,1,
3068320017846,false,מים מינרלים אוויאן 1 ליטר,קריניציה ויטמינה אס,FR,אויאן מים,ליטרים,1.00,ליטר,false,0,11.50,11.50,true,1,
3073781161663,false,גבינה מותכת 18.5% שומן לה וואש קירי,בני ג`ורג` שוקחה (חיפה) בעמ,FR,לה וואש קירי,גרמים,128.00,100 גרם,false,1,13.90,10.86,true,1,
3073781161687,false,גבינה לוואש קרי(מותכת) 16 יח 256 גר,בני ג`ורג` שוקחה (חיפה) בעמ,FR,לה וואש קירי,גרמים,256.00,100 גרם,false,1,24.90,9.73,true,1,
3073781162790,false,גבינה מותכת בייבי בל 120 גרם,א. סיימן סחר בעמ,FR,גבינת בייבי בל,גרמים,120.00,100 גרם,false,1,22.90,19.08,true,1,
3083681142983,false,שעועית עדינה קפואה בונדואל 600 גר`,קפוא-זן תעשיות מזון בעמ - תפוג,PT,שעועית עדינה קפו,גרמים,600.00,100 גרם,false,1,23.90,3.98,true,1,
3083681143010,false,אפונת גן קפואה בונדואל 600 גר`,קפוא-זן תעשיות מזון בעמ - תפוג,PT,אפונת גן קפואה,גרמים,600.00,100 גרם,false,1,15.90,2.65,true,1,
3083681143690,false,פרוסות זוקיני בגריל קפואים בונדואל 600ג,קפוא-זן תעשיות מזון בעמ - תפוג,PT,זוקיני בגריל קפו,גרמים,600.00,100 גרם,false,1,26.90,4.48,true,1,
3161911229199,false,חמאה צרפתית רכה למריחה אל & ויר 250 גרם,א. סיימן סחר בעמ,FR,חמאה רכה,גרמים,250.00,100 גרם,false,0,21.90,8.76,true,1,
3161911366429,false,חמאה צרפתית מלוחה רכה למריחה אלוויר 250 גר',א. סיימן סחר בעמ,FR,חמאה רכה מלוחה,גרמים,250.00,100 גרם,false,0,21.90,8.76,true,1,
3178530417340,false,בראוניז שוקולד סנט מישל 210 גרם,א. סיימן סחר בעמ,FR,בראוניז אישי 7יח,גרמים,210.00,100 גרם,false,1,14.90,7.09,true,1,
3178530417357,false,בראוניז שוקולד לבן סנט מישל 210 גרם,א. סיימן סחר בעמ,FR,בראוניז אישי 7יח,גרמים,210.00,100 גרם,false,1,14.90,7.09,true,1,
3179732348913,false,פרייה מים מינרליים טבעיים מבעבעים 1 ליטר פלסטיק,נסטלה ווטרס ספלאי,FR,פרייה מים מוגז,ליטרים,1.00,ליטר,false,1,10.90,10.90,true,1,
3228022910023,false,חמאה צרפתית פריזידאן פרזידנט (200 גרם),סוסייטה בארייר דה אי,FR,חמאה פרזידנט,גרמים,200.00,100 גרם,false,0,16.90,8.45,true,1,
3254550033279,false,גבינת קממבר 250 גרם סנט מר,א. סיימן סחר בעמ,FR,גבינת קממבר צרפת,גרמים,250.00,100 גרם,false,1,32.90,13.16,true,1,
3387390320244,false,פיטנס דגני בוקר מחיטה מלאה עם פירות נסטלה 375 גרם,קבוצת אוסם סחר שותפות מוגבלת,FR,דגני פיטנס,גרמים,375.00,100 גרם,false,0,22.90,6.11,true,1,
3387390525960,false,קראנץ' דגני בוקר עם שוקולד חלב נסטלה 500 גרם,קבוצת אוסם סחר שותפות מוגבלת,FR,קראנץ דגני בוקר,גרמים,500.00,100 גרם,false,0,25.00,5.00,true,1,
3387390730852,false,פיטנס דגנים מחיטה מלאה ואורז נסטלה 375 גרם,קבוצת אוסם סחר-שות.מוגבלת,FR,דגני פיטנס,גרמים,375.00,100 גרם,false,0,22.90,6.11,true,1,
>>>>>>> d048ac2f4f281c9d788043ab4e81b61b0dbe3743
3501271140039,false,טופי חמוצ.ט.פטל קולה150ג,ורקה,FR,טופי חמוץ פטל,גרמים,150.00,100 גרם,false,1,16.90,11.27,true,1,
3501271213047,false,טאטס טופי חמוץ בטעם תות תפוח בשקית,ורקה,FR,טופי חמוץ תפוח,גרמים,150.00,100 גרם,false,1,16.90,11.27,true,1,
3501275112001,false,טאטס טופי חמוץ בטעם אקזוטי 150 גר,ורקה,FR,סוכריות חמוצות,גרמים,150.00,100 גרם,false,1,16.90,11.27,true,1,
3501275590458,false,סוכריות חמוצות שרוך1802ג,ורקה,FR,סוכריות חמוצות,גרמים,180.00,100 גרם,false,1,16.90,9.39,true,1,
3501275590465,false,סוכריות חמוצות שטוחים180,ורקה,FR,סוכריות חמוצות,גרמים,180.00,100 גרם,false,1,16.90,9.39,true,1,
3523230025638,false,"גבינת עיזים בושה טבעי, 125 גרם",א. סיימן סחר בעמ,FR,גבינת בושה עיזים,גרמים,125.00,100 גרם,false,0,29.90,23.92,true,1,
3523230026826,false,"גבינת עיזים למריחה פירמידה, 140 גרם",א. סיימן סחר בעמ,FR,גבינת עיזים,גרמים,140.00,100 גרם,false,1,27.90,19.93,true,1,
3525490011109,false,"יין לה ז'אמל רוזה 750 מ""ל (חדש)",בדט קלמנט,FR,מלבק לה ג'אמל,מיליליטרים,750.00,"100 מ""ל",false,1,54.90,7.32,true,1,
3574660089547,false,טמפונים נורמל קלאסי אובה 32 יחידות,ג'\ונסון אנד ג'\ונסון,GR,טמפוני או בה,יחידה,1.00,יחידה,false,0,25.90,25.90,true,1,
3574660239829,false,קרם ידיים קל סדרה נורבגית נוטרוגינה 50 מ,ניוטרוג'ינה Neutrogena,FR,קרם ידיים קליל,מיליליטרים,75.00,"100 מ""ל",false,0,29.90,39.87,true,1,
3574660333466,false,טמפונים מיני פרו קומפורט אובה 32 יחידות,הנסיך- מפעל לייצור ט,DE,טמפוני או-בה,יחידה,1.00,יחידה,false,0,28.90,28.90,true,1,
<<<<<<< HEAD
3574660464368,false,קרפרי מגן תחתון אוורירי אלוורה 76 יח'',גונסון אנד גונסון,GR,מגן תחתון קרפרי,יחידה,1.00,יחידה,false,0,19.90,19.90,true,1,
3574660514643,false,קרם לחות רב שימושי עשיר נוטרוגינה 300 מל,ניוטרוג'ינה Neutrogena,FR,"קרם רב""ש",מיליליטרים,300.00,"100 מ""ל",false,0,26.90,8.97,true,1,
=======
3574660464368,false,קרפרי מגה פק מגן תחתון אוורירי מבושם 76,גונסון אנד גונסון,GR,מגן תחתון קרפרי,יחידה,1.00,יחידה,false,0,19.90,19.90,true,1,
3574660514643,false,נטרוגינה קרם לחות מרגיע לגוף ולפנים 300,ניוטרוג'ינה Neutrogena,FR,"קרם רב""ש",מיליליטרים,300.00,"100 מ""ל",false,0,26.90,8.97,true,1,
>>>>>>> d048ac2f4f281c9d788043ab4e81b61b0dbe3743
3574661098937,false,נטרוגינה תחליב גוף-יבש סדרה נורווגית,ניוטרוג'ינה Neutrogena,FR,תחליב גוף,מיליליטרים,400.00,"100 מ""ל",false,1,26.90,6.73,true,1,
3574661485218,false,טמפונים נורמל אובה 32 יח' פרוקומפורט,"ש. שסטוביץ בע""\מ",GR,או בה פרוקומפורט,יחידה,1.00,יחידה,false,1,28.90,28.90,true,1,
3574661487328,false,קרפרי מגני תחתון אורגינל פלוס 56 יח',הדקלאים אגודת שיתופי,GR,מגני תחתון קרפרי,יחידה,1.00,יחידה,false,1,18.90,18.90,true,1,
3574661487625,false,מגני תחתון פלוס לארג' בניחוח עדין L,הדקלאים אגודת שיתופי,GR,מגן תחתון קרפרי,יחידה,1.00,יחידה,false,1,18.90,18.90,true,1,
3574661491806,false,מי פה אדבנס וויט מנטה מסירה כתמים קשים,ג'\ונסון אנד ג'\ונסון,IT,מי פה ליסטרין,מיליליטרים,500.00,"100 מ""ל",false,1,24.90,4.98,true,1,
3574661552576,false,קרפרי מגן תחתון רגיל טנגה לבן 56 יח חדש,הדקלאים אגודת שיתופי,GR,מגני תחתון קרפרי,יחידה,1.00,יחידה,false,1,18.90,18.90,true,1,
3574661554884,false,קרפרי מגן תחתון רגיל טנגה מבושם 56 יח,הדקלאים אגודת שיתופי,GR,מגני תחתון קרפרי,יחידה,1.00,יחידה,false,1,18.90,18.90,true,1,
3574661610344,false,נטרוגינה קרם לחות עשיר ומרוכז לעור יבש ע,גונסון אנד גונסון סנטה ב,FR,ניוטרוג'ינה קרם,מיליליטרים,300.00,"100 מ""ל",false,1,26.90,8.97,true,1,
3574669907729,false,גונסונס בייבי שמפו לתינוק 750 מל,גונסון אנד גונסון,IT,שמפו ג'ונסון,מיליליטרים,750.00,"100 מ""ל",false,1,17.90,2.39,true,1,
<<<<<<< HEAD
3600523651870,false,שמפו לחיזוק סיב השערה לכל סוגי השיער,לוריאל - אלביב Elvive,TR,אלביב שמפו,מיליליטרים,550.00,"100 מ""ל",false,1,17.90,3.25,true,1,
3600523652280,false,"לוריאל אלביב שמפו מועשר ב 6 שמנים, 550 מ""ל",לוריאל - אלביב Elvive,TR,אלביב שמפו,מיליליטרים,550.00,"100 מ""ל",false,1,17.90,3.25,true,1,
3600523652297,false,"מרכך לשיער אלביב זהב 6 שמנים , 550 מ""ל",לוריאל - אלביב Elvive,TR,אלביב מרכך,מיליליטרים,550.00,"100 מ""ל",false,1,17.90,3.25,true,1,
3600524055400,false,לוריאל - אלביב שמפו היאלורונית 500 מ''ל,לוריאל,FR,אלביב שמפו,מיליליטרים,500.00,"100 מ""ל",false,1,19.90,3.98,true,1,
3600541740006,false,"גרנייה - דאודורנט ספריי לאישה אקשן קונטרול 72 שעות 150 מ""ל","לוריאל ישראל בע""מ",FR,דאו.גרנייה,מיליליטרים,150.00,"100 מ""ל",false,1,11.90,7.94,true,1,
3600542385091,false,"גרנייה - דאודורנט רול און לאישה אקשן קונטרול 72 שעות 50 מ""ל",קוסמופול,PL,רול און גרנייה,מיליליטרים,50.00,"100 מ""ל",false,1,11.90,23.80,true,1,
3600542385220,false,"גרנייה - דאודורנט רול און לאישה פרוטקשן 6 פלורל (סגול) 50 מ""ל",גרנייה Garnier,FR,רול און גרנייה,מיליליטרים,50.00,"100 מ""ל",false,1,11.90,23.80,true,1,
3600542421669,false,"גרנייה - פרוקטיס היירפוד מרכך פפאיה 350 מ""ל","אינטרביוטי קוסמטיק בע""\מ",IL,פרוקטיס היירפוד,מיליליטרים,350.00,"100 מ""ל",false,1,14.90,4.25,true,1,
3600542431880,false,גרנייה - קולור נטורלס 8 בלונד בהיר חדש,לוריאל ישראל קוסמטיקס בע,PL,קולור נטורלס 8,יחידה,1.00,יחידה,false,1,19.90,19.90,true,1,
=======
3600523651870,false,שמפו לחיזוק סיב השערה לכל סוגי השיער,לוריאל ישראל קוסמטיקס בעמ,TR,אלביב שמפו,מיליליטרים,550.00,"100 מ""ל",false,1,17.90,3.25,true,1,
3600523652280,false,"לוריאל אלביב שמפו מועשר ב 6 שמנים, 550 מ""ל",לוריאל ישראל קוסמטיקס בעמ,TR,אלביב שמפו,מיליליטרים,550.00,"100 מ""ל",false,1,17.90,3.25,true,1,
3600523652297,false,"מרכך לשיער אלביב זהב 6 שמנים , 550 מ""ל",לוריאל ישראל קוסמטיקס בעמ,TR,אלביב מרכך,מיליליטרים,550.00,"100 מ""ל",false,1,17.90,3.25,true,1,
3600524055400,false,לוריאל - אלביב שמפו היאלורונית 500 מ''ל,לוריאל ישראל קוסמטיקס בעמ,FR,אלביב שמפו,מיליליטרים,500.00,"100 מ""ל",false,1,19.90,3.98,true,1,
3600541740006,false,"גרנייה - דאודורנט ספריי לאישה אקשן קונטרול 72 שעות 150 מ""ל",לוריאל ישראל קוסמטיקס בעמ,FR,דאו.גרנייה,מיליליטרים,150.00,"100 מ""ל",false,1,11.90,7.94,true,1,
3600542385091,false,"גרנייה - דאודורנט רול און לאישה אקשן קונטרול 72 שעות 50 מ""ל",לוריאל ישראל קוסמטיקס בעמ,PL,רול און גרנייה,מיליליטרים,50.00,"100 מ""ל",false,1,11.90,23.80,true,1,
3600542385220,false,"גרנייה - דאודורנט רול און לאישה פרוטקשן 6 פלורל (סגול) 50 מ""ל",לוריאל ישראל קוסמטיקס בעמ,FR,רול און גרנייה,מיליליטרים,50.00,"100 מ""ל",false,1,11.90,23.80,true,1,
3600542421669,false,"גרנייה - פרוקטיס היירפוד מרכך פפאיה 350 מ""ל",לוריאל ישראל קוסמטיקס בעמ,IL,פרוקטיס היירפוד,מיליליטרים,350.00,"100 מ""ל",false,1,14.90,4.25,true,1,
3600542431880,false,גרנייה - קולור נטורלס 8 בלונד בהיר חדש,לוריאל ישראל קוסמטיקס בעמ,PL,קולור נטורלס 8,יחידה,1.00,יחידה,false,1,19.90,19.90,true,1,
>>>>>>> d048ac2f4f281c9d788043ab4e81b61b0dbe3743
3661163990545,false,"אדידס דאודורנט ספריי לגברים אקשיין 200 מ""ל",מיוצר עי קונדיטוריית,PT,דאודורנט אדידס,מיליליטרים,200.00,"100 מ""ל",false,0,17.90,8.95,true,1,
3760032043419,false,שאטו קוט בוגרד בורדו,וינובלה,FR,יין בורדו בוגרד,מיליליטרים,750.00,"100 מ""ל",false,1,60.20,8.03,true,1,
3760046790149,false,"יין סאנסר דומיין פארגט כשר לפסח 750 מ""ל",,FR,יין לבן סאנסר,מיליליטרים,750.00,"100 מ""ל",false,1,109.90,14.66,true,1,
3770000016758,false,יין פטיט שבלי דומיין דה שאטיון כש 750 מ,דומיין דה לה,FR,פטיט שבלי שאטיון,מיליליטרים,750.00,"100 מ""ל",false,1,79.90,10.66,true,1,
3800020472569,false,חטיף קיט קאט צ`אנקי קרמל מלוח 42 גרם,קבוצת אוסם סחר שותפות מוגבלת,BG,קיט קט צ'אנקי,גרמים,43.00,100 גרם,false,1,4.50,10.47,true,1,
4000415851705,false,שוקולד נוגט טבעי שוגטן 100 גרם,"לודוויג שוקולד בע""\מ",DE,שוקולד נוגט,גרמים,100.00,100 גרם,false,0,6.90,6.90,true,1,
4000417019004,false,שוקולד חלב אגוזי לוז שלמים ריטר ספורט 100 גרם,ריטר ספורט Ritter sport,DE,שוקולד ריטר,גרמים,100.00,100 גרם,false,0,11.90,11.90,true,1,
4000417025005,false,שוקולד מריר במילוי מרציפן ריטר ספורט 100 גרם,ריטר ספורט Ritter sport,DE,שוקולד ריטר,גרמים,100.00,100 גרם,false,0,9.90,9.90,true,1,
4000417101211,false,גלילי וופל עם קרם אגוזי לוז בציפוי שוקולד חלב,ליימן שליסל בע`מ,AT,חטיף אמיצ'לי,גרמים,150.00,100 גרם,false,1,18.90,12.60,true,1,
4000417222008,false,שוקולד ריטר ספורט חלב+שברי אגוזים 100 גרם חלב נוכרי,ריטר ספורט Ritter sport,DE,שוקולד ריטר,גרמים,100.00,100 גרם,false,1,9.90,9.90,true,1,
4000417224002,false,"ריטר ספורט טבלת שוקולד מריר אגוזים, 100 גרם",ריטר ספורט Ritter sport,DE,שוקולד ריטר,גרמים,100.00,100 גרם,false,0,11.90,11.90,true,1,
4000539280740,false,לינדט אקסלנס 78% מוצקי קקאו 100 גרם,לינדט ושפרונגלי קילשברג,DE,שוקולד אקסלנס,גרמים,100.00,100 גרם,false,1,16.90,16.90,true,1,
4000607850004,false,שוקולד חלב טבעי שוגטן 100 גרם,"לודוויג שוקולד בע""\מ",DE,שוקולד חלב,גרמים,100.00,100 גרם,false,0,6.90,6.90,true,1,
4000607852008,false,שוקולד מריר טבעי שוגטן 100 גרם,"לודוויג שוקולד בע""\מ",DE,שוקולד מריר,גרמים,100.00,100 גרם,false,0,6.90,6.90,true,1,
4000607854606,false,שוקולד לילדים שוגטן 100 גרם,"לודוויג שוקולד בע""\מ",DE,שוקולד ילדים,גרמים,100.00,100 גרם,false,1,6.90,6.90,true,1,
4001518106112,false,טורינוס מקלות פריכים עם רוזמרין 125 גרם,ר.ב. מוצרי דגנים בעמ,DE,מקלות רוזמרין,גרמים,125.00,100 גרם,false,1,17.50,14.00,true,1,
4002448017684,false,"סיליט באנג ספריי ניקוי כללי מסיר אבנית 750 מ""ל",רקיט בנקיזר (ניר איסט) בעמ,PL,סיליט באנג ספריי,מיליליטרים,750.00,"100 מ""ל",false,0,16.90,2.25,true,1,
4002720005736,false,מליטה קפה לפילטר פרימיום 250 גרם,המאפיה של הרמן,DE,קפה פילטר מליטה,גרמים,250.00,100 גרם,false,0,20.70,8.28,true,1,
4005808368280,false,שפתון ליובש דובדבן לבלו 48 גרם,טרופיקל דגיל תעשיות,DE,שפתון לבלו,יחידה,1.00,יחידה,false,1,12.90,12.90,true,1,
4005808850723,false,שפתון ליובש תות שדה לבלו,טרופיקל דגיל תעשיות,DE,שפתון לבלו,יחידה,1.00,יחידה,false,0,12.90,12.90,true,1,
4005808890507,false,ניוואה קרם סופט רב שימושי 200 מל יבוא,פארמה דיל (פ.א.ב.) שיווק והפצה,ES,קרם ניוואה סופט,מיליליטרים,200.00,"100 מ""ל",false,0,21.90,10.95,true,1,
4005900036483,false,"ניוואה - דאודורנט ספריי לגבר שקוף בלק וווי 150 מ""ל",בטר אנד דיפרנט,DE,דאודורנט ניוואה,מיליליטרים,150.00,"100 מ""ל",false,0,15.00,10.00,true,1,
<<<<<<< HEAD
4005900555915,false,"ניוואה - תחליב רחצה קוקוס וחוחובה 750 מ""ל",ביירסדורף AG,DE,תחליב רחצה,מיליליטרים,750.00,"100 מ""ל",false,1,16.90,2.25,false,1,
4005900683908,false,לבלו סקראב שפתון פילינג רוז היפ בליסטר,ביירסדורף,DE,לבלו סקראב סופר,יחידה,1.00,יחידה,false,1,12.90,12.90,true,1,
4005900841148,false,"ניוואה מן ג'ל גילוח קול קיק פרש 200 מ""ל",ביירסדורף,DE,ג'ק גילוח ניוואה,מיליליטרים,200.00,"100 מ""ל",false,1,17.70,8.85,true,1,
4005900898548,false,דאו.פרש אקטיב50*2מ,ביירסדורץ,IL,דאו.ניוואה 2 יח,מיליליטרים,100.00,"100 מ""ל",false,1,26.90,26.90,true,1,
4008102002867,false,גרגירים להכנת תה לימון מילפורד 400 גרם,ליימן מותגים,DE,משקה לימון,גרמים,400.00,100 גרם,false,0,16.80,4.20,true,1,
4008287905786,false,בירה קרומבאכר חיטה 5.3% פחית 500 מל,מנדלז סי.אר. פרודקשן,DE,בירה קרומבאכר,מיליליטרים,500.00,"100 מ""ל",false,1,10.90,2.18,true,1,
4009300524588,false,חליטת צמחים פומפדור פירות יער 20 יחידות,פומפדור Pompadour,DE,חליטת פירות יער,גרמים,60.00,100 גרם,false,0,14.90,24.83,true,1,
4009300524625,false,תה צ'אי מסאלה פומפדור 20 יחידות,פומפדור Pompadour,DE,חליטת צ'אי מאסלה,גרמים,40.00,100 גרם,false,0,14.90,37.25,true,1,
4009300525684,false,חליטת צמחים פומפדור ג'ינג'ר ולימון 20 יחידות,פומפדור Pompadour,DE,חליטת לימון,גרמים,35.00,100 גרם,false,0,14.90,42.57,true,1,
4009300529538,false,תה חליטת פומפדור פירות לימון 20 יח,TEEKANNE- POMPADOU,DE,חליטת פירות,גרמים,50.00,100 גרם,false,1,17.90,35.80,true,1,
4009300529552,false,תה חליטת פומפדור פירות אפרסק 20 יח,TEEKANNE- POMPADOU,DE,חליטת פירות,גרמים,50.00,100 גרם,false,1,17.90,35.80,true,1,
4009900402965,false,אורביט וויט בטעם פירות בקבוקון 46מלבניות,ריגלי פולין,PL,אורביט בקבוקון,גרמים,64.00,100 גרם,false,0,11.90,18.59,true,1,
4009900403023,false,אורביט וויט בטעם מנטה בקבוקון 46 מלבניות,"ב.א מזון בע""מ",PL,אורביט בקבוקון,גרמים,64.00,100 גרם,false,0,11.90,18.59,true,1,
=======
4005900555915,false,"ניוואה - תחליב רחצה קוקוס וחוחובה 750 מ""ל",אלפא- ב.ד.ף בעמ,DE,תחליב רחצה,מיליליטרים,750.00,"100 מ""ל",false,1,16.90,2.25,false,1,
4005900683908,false,לבלו סקראב שפתון פילינג רוז היפ בליסטר,אלפא- ב.ד.ף בעמ,DE,לבלו סקראב סופר,יחידה,1.00,יחידה,false,1,12.90,12.90,true,1,
4005900841148,false,"ניוואה מן ג'ל גילוח קול קיק פרש 200 מ""ל",אלפא ב.ד.ף בעמ,DE,ג'ק גילוח ניוואה,מיליליטרים,200.00,"100 מ""ל",false,1,17.70,8.85,true,1,
4005900898548,false,דאו.פרש אקטיב50*2מ,ביירסדורץ,IL,דאו.ניוואה 2 יח,מיליליטרים,100.00,"100 מ""ל",false,1,26.90,26.90,true,1,
4008102002867,false,גרגירים להכנת תה לימון מילפורד 400 גרם,ליימן מותגים,DE,משקה לימון,גרמים,400.00,100 גרם,false,0,16.80,4.20,true,1,
4008287905786,false,בירה קרומבאכר חיטה 5.3% פחית 500 מל,אגודת הכורמים -כרמל מזרחי,DE,בירה קרומבאכר,מיליליטרים,500.00,"100 מ""ל",false,1,10.90,2.18,true,1,
4009300524588,false,חליטת צמחים פומפדור פירות יער 20 יחידות,ש. שסטוביץ בע`מ,DE,חליטת פירות יער,גרמים,60.00,100 גרם,false,0,14.90,24.83,true,1,
4009300524625,false,תה צ'אי מסאלה פומפדור 20 יחידות,ש.שסטוביץ בעמ,DE,חליטת צ'אי מאסלה,גרמים,40.00,100 גרם,false,0,14.90,37.25,true,1,
4009300525684,false,חליטת צמחים פומפדור ג'ינג'ר ולימון 20 יחידות,ש. שסטוביץ בע`מ,DE,חליטת לימון,גרמים,35.00,100 גרם,false,0,14.90,42.57,true,1,
4009300529538,false,תה חליטת פומפדור פירות לימון 20 יח,ש.שסטוביץ בעמ,DE,חליטת פירות,גרמים,50.00,100 גרם,false,1,17.90,35.80,true,1,
4009300529552,false,תה חליטת פומפדור פירות אפרסק 20 יח,ש.שסטוביץ בעמ,DE,חליטת פירות,גרמים,50.00,100 גרם,false,1,17.90,35.80,true,1,
4009900402965,false,אורביט וויט בטעם פירות בקבוקון 46מלבניות,"מרס ריגלי ישראל בע""מ",PL,אורביט בקבוקון,גרמים,64.00,100 גרם,false,0,11.90,18.59,true,1,
4009900403023,false,אורביט וויט בטעם מנטה בקבוקון 46 מלבניות,"מרס ריגלי ישראל בע""מ",PL,אורביט בקבוקון,גרמים,64.00,100 גרם,false,0,11.90,18.59,true,1,
>>>>>>> d048ac2f4f281c9d788043ab4e81b61b0dbe3743
4009900406918,false,מסטיק הובה בובה טייפ טריפל מיקס 56ג',מרס ריגלי קונפקשונרי,GB,מסטיק הובה בובה,גרמים,56.00,100 גרם,false,0,6.90,12.32,true,1,
4009900420129,false,מסטיק אורביט פרופשנל פפרמינט בקבוקון 64 גר',"מרס ריגלי ישראל בע""מ",PL,אורביט פפרמינט,גרמים,64.00,100 גרם,false,1,11.90,18.59,true,1,
4009900426121,false,מסטיק אורביט איירוויז בקבוקון אוכמניות 64ג',"מרס ריגלי ישראל בע""מ",PL,מסטיק איירוויבז,גרמים,64.00,100 גרם,false,1,11.90,18.59,true,1,
4009900479998,false,אורביט וויט אוכמניות בקבוקון 46 מלבניות,"מרס ריגלי ישראל בע""מ",PL,אורביט בקבוקון,גרמים,64.00,100 גרם,false,0,11.90,18.59,true,1,
4009900482417,false,מסטיק אורביט פירות מנטה בקבוקון באבל מינט 45יח,"מרס ריגלי ישראל בע""מ",PL,אורביט באבל מינט,גרמים,64.00,100 גרם,false,0,11.90,18.59,true,1,
4009900483803,false,מסטיק איירובס מנטה אקליפטוס בקבוקון 60יח',"מרס ריגלי ישראל בע""מ",PL,מסטיק איירוויבז,גרמים,84.00,100 גרם,false,1,14.90,17.74,true,1,
4009900484060,false,מסטיק אורביט פרופשיונל בטעם מנטה ללא סוכר,"מרס ריגלי ישראל בע""מ",PL,אורביט בקבוק,גרמים,84.00,100 גרם,false,0,14.90,17.74,true,1,
4009900484091,false,מסטיק אורביט פרופשיונל בטעם מנטה ללא סוכר,"מרס ריגלי ישראל בע""מ",PL,אורביט בקבוק,גרמים,84.00,100 גרם,false,0,14.90,17.74,true,1,
4009900484305,false,מסטיק אורביט פרופשיונל סוויטמינט ביגי לבן 60יח',"מרס ריגלי ישראל בע""מ",GB,אורביט בקבוק,גרמים,84.00,100 גרם,false,0,14.90,17.74,true,1,
4009900491044,false,מסטיק אירוויבז בטעם מנטה אוכמניות ללס,מרס ריגלי ישראל בעמ,PL,מסטיק איירוויבז,גרמים,84.00,100 גרם,false,1,14.90,17.74,true,1,
4009900496247,false,"מסטיק אורביט לל""ס מלבניות בקבוק בבלימנט 60 יח","מרס ריגלי ישראל בע""מ",PL,אורביט בקבוק,גרמים,84.00,100 גרם,false,1,14.90,17.74,true,1,
4009900509770,false,מסטיק אורביט בטעם תות ללס אריזה מוגדלת,מרס ריגלי ישראל בעמ,GB,אורביט בקבוק,גרמים,84.00,100 גרם,false,1,14.90,17.74,true,1,
4009900531122,false,"מסטיק בטעם מנטה ספירמינט, 64 ג' פרופשיונל אורפיט","מרס ריגלי ישראל בע""מ",PL,אורביט ספירמינט,גרמים,64.00,100 גרם,false,1,11.90,18.59,true,1,
4009900534581,false,מסטיק איירוויבז דובדבן ומנטה בקבוקון 64,Unknown,IL,מסטיק איירוויבז,גרמים,64.00,100 גרם,false,1,11.90,18.59,true,1,
4009900534611,false,מסטיק איירוויבז בקבוקון בטעם מלון ומנטה,ריגלי,IL,מסטיק אייוויבז,גרמים,64.00,100 גרם,false,1,11.90,18.59,true,1,
4009900535519,false,מסטיק אורביט רפרשרס ספירמינט ללא סוכר 15.6גר',"מרס ריגלי ישראל בע""מ",PL,אורביט רפרשרס,גרמים,15.00,100 גרם,false,1,4.30,28.67,true,1,
4009900535540,false,מסטיק אורביט רפרשרס פפרמינט ללא סוכר 15.6גר',"מרס ריגלי ישראל בע""מ",PL,מסטיק אורביט,גרמים,15.00,100 גרם,false,1,4.30,28.67,true,1,
4009900536257,false,מסטיק אורביט רפרשרס ספירמינט בקבוקון ללא סוכר 67 גר',מרס ריגלי קונפקשונרי,PL,אורביט רפרשרס,גרמים,67.00,100 גרם,false,1,13.00,19.40,true,1,
4009900536288,false,מסטיק אורביט רפרשרס פפרמינט בקבוקון ללא סוכר 67 גר',מרס ריגלי קונפקשונרי,PL,אורביט רפרשרס,גרמים,67.00,100 גרם,false,1,13.00,19.40,true,1,
4009900536486,false,מסטיק אורביט רפרשרס באבלמינט בקבוקון ללא סוכר 67 גר',מרס ריגלי קונפקשונרי,PL,אורביט רפרשרס,גרמים,67.00,100 גרם,false,1,13.00,19.40,true,1,
4009900539685,false,"מסטיק פייב באונס בטעם מנטה בקבוקון, 61.8 גרם","מרס ריגלי ישראל בע""מ",PL,מסטיק פייב,גרמים,61.00,100 גרם,false,1,12.90,21.15,true,1,
4009900539746,false,"מסטיק פייב באונס בטעם אבטיח בקבוקון, 61.8 גרם","מרס ריגלי ישראל בע""מ",PL,מסטיק פייב,גרמים,61.00,100 גרם,false,1,12.90,21.15,true,1,
4009900540551,false,מסטיק אורביט רפרשרס טרופיקל בקבוקון ללא סוכר,מרס ריגלי ישראל בעמ,PL,אורביט רפרשרס,גרמים,67.00,100 גרם,false,1,13.00,19.40,true,1,
4011100002227,false,באונטי חטיף שוקולד קוקוס מארז 403 גרם,לינדט ושפרונגלי קילשברג,NL,מיני באונטי,גרמים,403.00,100 גרם,false,0,24.90,6.18,true,1,
4011800567613,false,מאגדת קורני מילק דרק & ואיט 120 גרם,מיוצר עי קונדיטוריית,DE,קורני סנדוויץ,גרמים,120.00,100 גרם,false,0,14.90,12.42,true,1,
4011800628512,false,חטיף קורני שוקולד חלב 6 יח 150 גר,מיוצר עי קונדיטוריית,DE,קורני חטיף דגנים,גרמים,150.00,100 גרם,false,0,13.90,9.27,true,1,
4011800630515,false,חטיף קורני שוקולד חלב ובננה 6 יח 150 גר,מיוצר עי קונדיטוריית,DE,קורני חטיף דגנים,גרמים,150.00,100 גרם,false,0,13.90,9.27,true,1,
<<<<<<< HEAD
4014400901191,false,בונבונריית מרסי מבחר ממתקי שוקולד 250 גרם,ליימן מותגים,DE,בונבוניירת מרסי,גרמים,250.00,100 גרם,false,0,29.90,11.96,true,1,
4014400907902,false,"וורטרס אורגינל סוכריות חמאה ללא סוכר בקופסה
42 גרם",תות ממתקי איכות,DE,סוכריות וורטר,גרמים,42.00,100 גרם,false,0,7.10,16.90,true,1,
4014400914696,false,וורטרס אורגינל סוכריות ללא סוכר 80 גרם,ליימן מותגים,DE,סוכריות וורטר,גרמים,80.00,100 גרם,false,0,9.50,11.88,true,1,
=======
4014400901191,false,בונבונריית מרסי מבחר ממתקי שוקולד 250 גרם,ליימן שליסל בע`מ,DE,בונבוניירת מרסי,גרמים,250.00,100 גרם,false,0,29.90,11.96,true,1,
4014400907902,false,"וורטרס אורגינל סוכריות חמאה ללא סוכר בקופסה
42 גרם",ליימן שליסל בע`מ,DE,סוכריות וורטר,גרמים,42.00,100 גרם,false,0,7.10,16.90,true,1,
4014400914696,false,וורטרס אורגינל סוכריות ללא סוכר 80 גרם,ליימן שליסל בע`מ,DE,סוכריות וורטר,גרמים,80.00,100 גרם,false,0,9.50,11.88,true,1,
>>>>>>> d048ac2f4f281c9d788043ab4e81b61b0dbe3743
4014400914924,false,"סוכריות בטעם קפה וורטר אורגינל לל""ס 80 גרם",קריניציה ויטמינה אס,DE,סוכריות וורטר,גרמים,80.00,100 גרם,false,0,9.50,11.88,true,1,
4014400920857,false,וורטר אורגינל ללא סוכר בטעם שוקולד-שקית 70 גרם,קריניציה ויטמינה אס,DE,סוכריות וורטר,גרמים,70.00,100 גרם,false,1,9.50,13.57,true,1,
4014400923711,false,בונבוניירה שוקולד אגוזים טופיפי 125 גרם,ליימן שליסל בע`מ,DE,טופיפי,גרמים,125.00,100 גרם,false,1,13.90,11.12,true,1,
4014400925319,false,וורטרס אורגינל פופקורן קרמל 140 גרם,ליימן שליסל בע`מ,DE,ממתק קרמל ורטר,גרמים,140.00,100 גרם,false,1,16.50,11.79,true,1,
4015000280372,false,"דאודורנט רול און בניחוח לימון פה 50 מ""ל",שוורצקופף והנקל,DE,דאודורנט FA,מיליליטרים,50.00,"100 מ""ל",false,0,11.90,23.80,true,1,
4015000615921,false,"פה - דאודורנט ספריי לגבר ספורט 200 מ""ל",שוורצקופף והנקל,TR,דאודורנט FA,מיליליטרים,200.00,"100 מ""ל",false,0,10.90,5.45,true,1,
4015100190793,false,גליס מסכה לשיער יבש ופגום במיוחד Ultimate Repair,שוורצקופף והנקל,SK,מסכת גליס,מיליליטרים,300.00,"100 מ""ל",false,1,24.90,8.30,true,1,
<<<<<<< HEAD
4015400564034,false,מגן תחתון אולוויז מגה פק לונג פלוס 58 יחידות,פרוקטר אנד גמבל,DE,מגן תחתון אולויז,יחידה,1.00,יחידה,false,0,22.90,22.90,true,1,
4015400564454,false,מגני תחתון אולוויז לארג' עם ניחוח מגה פק,פרוקטר אנד גמבל,DE,מגן תחתון אולויז,יחידה,1.00,יחידה,false,0,22.90,22.90,true,1,
4015400681670,false,תחבושות אולוויז וליו פק לילה בטוח 18 יחידות,פרוקטר אנד גמבל,UA,תחבושות אולוייז,יחידה,1.00,יחידה,false,0,23.90,23.90,true,1,
4015400690313,false,טמפונים פרל רגולר טמפקס קומפאק 18 יח,פרוקטר אנד גמבל,HU,טמפקס,יחידה,1.00,יחידה,false,1,24.90,24.90,true,1,
4015400690405,false,טמפונים פרל סופר טמפקס קומפאק 18 יח,פרוקטר אנד גמבל,HU,טמפקס,יחידה,1.00,יחידה,false,1,24.90,24.90,true,1,
4015400731719,false,תחבושות היגייניות אולוויז יום ולילה Day & Night,פרוקטר אנד גמבל,UA,תחבושות אולוייז,יחידה,1.00,יחידה,false,1,23.90,23.90,true,1,
4015400755241,false,תחבושות היגייניות אולוויז אולטרה נורמל - 28 יח',פרוקטר אנד גמבל,UA,תחבושות אולוייז,יחידה,1.00,יחידה,false,1,23.90,23.90,true,1,
4015400755487,false,תחבושות היגייניות אולוויז אולטרה לונג - 24 יח',פרוקטר אנד גמבל,UA,תחבושות אולוייז,יחידה,1.00,יחידה,false,1,23.90,23.90,true,1,
4015600763251,false,שמפו הד&שולדרס קלאסי600מ,פרוקטר אנד גמבל,RO,שמפו הד&שולדרס,מיליליטרים,600.00,"100 מ""ל",false,0,22.90,3.81,true,1,
4015600763299,false,הד&שולדרס 600 שמפו 2ב1 קלאסי,פרוקטר אנד גמבל,RO,שמפו הד&שולדרס,מיליליטרים,600.00,"100 מ""ל",false,0,22.90,3.81,true,1,
4015600763459,false,שמפו הד&שולדרס תפוח600מל,פרוקטר אנד גמבל,RO,שמפו הד&שולדרס,מיליליטרים,600.00,"100 מ""ל",false,0,22.90,3.81,true,1,
4015600807436,false,"ג'ילט - דאודורנט ג'ל לגבר כדוריות קול וויב 75 מ""ל",פרוקטר אנד גמבל,PL,דאודורנט ג'ל,מיליליטרים,75.00,"100 מ""ל",false,0,26.90,35.87,true,1,
=======
4015400564034,false,מגן תחתון אולוויז מגה פק לונג פלוס 58 יחידות,דיפלומט מפיצים (1986) בע`מ,DE,מגן תחתון אולויז,יחידה,1.00,יחידה,false,0,22.90,22.90,true,1,
4015400564454,false,מגני תחתון אולוויז לארג' עם ניחוח מגה פק,דיפלומט מפיצים (1986) בע`מ,DE,מגן תחתון אולויז,יחידה,1.00,יחידה,false,0,22.90,22.90,true,1,
4015400681670,false,תחבושות אולוויז וליו פק לילה בטוח 18 יחידות,דיפלומט מפיצים (1986) בע`מ,UA,תחבושות אולוייז,יחידה,1.00,יחידה,false,0,23.90,23.90,true,1,
4015400690313,false,טמפונים פרל רגולר טמפקס קומפאק 18 יח,דיפלומט מפיצים (1968) בעמ,HU,טמפקס,יחידה,1.00,יחידה,false,1,24.90,24.90,true,1,
4015400690405,false,טמפונים פרל סופר טמפקס קומפאק 18 יח,דיפלומט מפיצים (1968) בעמ,HU,טמפקס,יחידה,1.00,יחידה,false,1,24.90,24.90,true,1,
4015400731719,false,תחבושות היגייניות אולוויז יום ולילה Day & Night,דיפלומט מפיצים (1986) בע`מ,UA,תחבושות אולוייז,יחידה,1.00,יחידה,false,1,23.90,23.90,true,1,
4015400755241,false,תחבושות היגייניות אולוויז אולטרה נורמל - 28 יח',דיפלומט מפיצים (1986) בע`מ,UA,תחבושות אולוייז,יחידה,1.00,יחידה,false,1,23.90,23.90,true,1,
4015400755487,false,תחבושות היגייניות אולוויז אולטרה לונג - 24 יח',דיפלומט מפיצים (1986) בע`מ,UA,תחבושות אולוייז,יחידה,1.00,יחידה,false,1,23.90,23.90,true,1,
4015600763251,false,שמפו הד&שולדרס קלאסי 600 מל,דיפלומט מפיצים (1968) בעמ,RO,שמפו הד&שולדרס,מיליליטרים,600.00,"100 מ""ל",false,0,22.90,3.81,true,1,
4015600763299,false,"הד שולדרס שמפו קלאסי 2ב1 600מ""ל",דיפלומט מפיצים (1968) בעמ,RO,שמפו הד&שולדרס,מיליליטרים,600.00,"100 מ""ל",false,0,22.90,3.81,true,1,
4015600763459,false,שמפו הד&שולדרס תפוח 600 מל,דיפלומט מפיצים (1968) בעמ,RO,שמפו הד&שולדרס,מיליליטרים,600.00,"100 מ""ל",false,0,22.90,3.81,true,1,
4015600807436,false,"ג'ילט - דאודורנט ג'ל לגבר כדוריות קול וויב 75 מ""ל",פארמה דיל (פ.א.ב.) שיווק והפצה,PL,דאודורנט ג'ל,מיליליטרים,75.00,"100 מ""ל",false,0,26.90,35.87,true,1,
>>>>>>> d048ac2f4f281c9d788043ab4e81b61b0dbe3743
4017100198151,false,בלזן היט ביסקוויט עם מלית קרם בטעם וניל (41%) 220 גרם,הדקלאים אגודת שיתופי,PL,עוגיות סנדוויץ,גרמים,220.00,100 גרם,false,1,9.90,4.50,true,1,
4017100364112,false,בלזן היט בסקוויט סנדביץ עם מלית קרם בטעם שוקולד קקאו (41%) 220 גרם,הדקלאים אגודת שיתופי,PL,עוגיות סנדוויץ,גרמים,220.00,100 גרם,false,1,9.90,4.50,true,1,
4032900112824,false,כאמל קומפקט כחול)תכלת( ח,Unknown,UA,כאמל קומפקט,יחידה,1.00,יחידה,false,1,29.00,29.00,false,1,
4033100013348,false,סיגריות אל די כחול ארוך בודד,גלוברנדס בעמ - שיווק סיגריות,TR,אל די ארוך,יחידה,1.00,יחידה,false,0,28.50,28.50,false,1,
4033100024146,false,סיגריות ווינסטון קוד בודד,גלוברנדס בעמ - שיווק סיגריות,CH,ווינסטון קוד,יחידה,1.00,יחידה,false,0,32.00,32.00,false,1,
4033100038914,false,טבק כאמל צהוב + נייר גלגול 30ג',גלוברנדס בעמ - שיווק סיגריות,GB,טבק לגלגול כאמל,יחידה,1.00,יחידה,false,0,82.00,82.00,false,1,
4033100046490,false,סיגריות ווינסטון אקווה ארוך בודד,גלוברנדס בעמ - שיווק סיגריות,CH,וינסטון אקווה אר,יחידה,1.00,יחידה,false,0,32.00,32.00,false,1,
4033634066001,false,קרקר 3 זרעים אורגני 200ג,"ד""ר קראוס קארג",DE,קרקר 3 זרעים,גרמים,200.00,100 גרם,false,1,16.90,8.45,true,1,
4033634066070,false,לחם אורגני קמח כוסמין200,"ד""ר קראוס קארג",DE,קרקר קמח כוסמין,גרמים,200.00,100 גרם,false,1,16.90,8.45,true,1,
4033634066094,false,קרקר כוסמין מוזלי200,,DE,קרקרכוסמין מוזלי,גרמים,200.00,100 גרם,false,1,16.90,8.45,true,1,
4033634066209,false,קרקר ציה שיב.שועל200,"ד""ר קראוס קארג",DE,קרקר שיבולת שועל,גרמים,200.00,100 גרם,false,1,16.90,8.45,true,1,
4052197000017,false,"בירה בנדיקטינר חיטה לא מסוננת 500 מ""ל",בנדיקטינר וויצבראו,DE,בירה בנדיקטינר,מיליליטרים,500.00,"100 מ""ל",false,0,11.90,2.38,true,1,
<<<<<<< HEAD
4053700292455,false,ויט רצועות שעווה מוכנות להסרת שיער לעור רגיל 12 יחידות,רקיט בנקיזר צרפת,FR,רצועות שעווה ויט,יחידה,1.00,יחידה,false,0,24.90,24.90,true,1,
4061445096702,false,קפה דוידוף מגורען 100 גר FINE AROMA,"טשיבו, אספי.זד.או.או",PL,קפה נמס דוידוף,גרמים,100.00,100 גרם,false,1,23.90,23.90,true,1,
4066600999614,false,"בירה פאולנר, בירת חיטה מעוננת, בקבוק 500 מ""ל",מבשלת פאולנר,DE,בירה פאולנר חיטה,מיליליטרים,500.00,"100 מ""ל",false,1,12.90,2.58,true,1,
4084500065536,false,פנטן קרם לחות מוגברת לעיצוב שיער 300 מל,פרוקטר אנד גמבל,FR,קרם לשיער פנטן,מיליליטרים,300.00,"100 מ""ל",false,0,17.90,5.97,true,1,
4084500739253,false,"אוראל בי משחת שיניים- להלבנה לובן מהודר 75 מ""ל",פרוקטר אנד גמבל,DE,משחת אורל בי,מיליליטרים,75.00,"100 מ""ל",false,1,22.90,30.54,true,1,
4105120623941,false,"בירה ויינשטפן בק' ח""פ 500 מ""ל","ויינשטפן, ת.ד 1155 פרייז",DE,בירה ויינשטפן,מיליליטרים,500.00,"100 מ""ל",false,1,13.90,2.78,true,1,
4105120624412,false,"בירה ויינשטפן ויטוס 500 מ""ל","ויינשטפן, ת.ד 1155 פרייז",DE,בירה ויישטפן,מיליליטרים,500.00,"100 מ""ל",false,1,13.90,2.78,true,1,
4210201403319,false,אורל בי מברשת חשמלית נטענת ויטליטי פחם,פרוקטר אנד גמבל,DE,מברשת נטענת,יחידה,1.00,יחידה,false,1,84.90,84.90,true,1,
4600659010854,false,"וודקה סטוליצ'ניה 700 מ""ל",איי. אס. לטבייאס בלזם,LV,וודקה סטוליצ'ניה,מיליליטרים,700.00,"100 מ""ל",false,0,64.90,9.28,true,1,
4607001779650,false,קפה נמס ג'קובס גולד 190ג,,RU,קפה נמס ג'קובס,גרמים,190.00,100 גרם,false,1,28.00,14.74,true,1,
4607086730782,false,גרעין חמנייה עם מלח 200ג,KARPAY,IL,גרעין חמניה מלח,גרמים,200.00,100 גרם,false,1,12.90,6.45,true,1,
4640018993343,false,פיניש קוואנטום קפסולות ג'ל למדיח כלים 30 יח',רקיט בנקיזר,PL,פיניש 30 טבליות,יחידה,1.00,יחידה,false,1,35.90,35.90,true,1,
4710068001692,false,"מאסטר קפה לאטה פחית 240 מ""ל",תאיט מרקטינג אנד דיסטריב,TW,מאסטר קפה,מיליליטרים,240.00,"100 מ""ל",false,0,8.50,3.54,true,1,
4710068001715,false,"מאסטר קפה טירמיסו פחית 240 מ""ל",יוני פרזינדנט אנטרפר,TW,מאסטר קפה,מיליליטרים,240.00,"100 מ""ל",false,0,8.50,3.54,true,1,
4710068001739,false,"מאסטר קפה קולומביאני 250 מ""ל",יוני פרזינדנט אנטרפר,TW,מאסטר קפה,מיליליטרים,240.00,"100 מ""ל",false,0,8.50,3.54,true,1,
4710068002798,false,מאסטר קפה וונילה פחית 240 מל,מאיטה פוד אינדוסטריאל קו,TW,מאסטר קפה ונילה,מיליליטרים,240.00,"100 מ""ל",false,1,8.50,3.54,true,1,
4710964104916,false,"שמן שומשום טהור 370 מ""ל (כ)",פלייבור פול פודס טיי,TW,שמן שומשום,מיליליטרים,370.00,"100 מ""ל",false,0,22.90,6.19,true,1,
4710964170799,false,שומשום שחור קלוי 91 גרם,פלייבור פול פודס טיי,TW,שומשום שחור קלוי,גרמים,91.00,100 גרם,false,0,17.90,19.67,true,1,
4711476002813,false,"קפה קר פיפו למוקצינו 240 מ""ל זכוכית",,TW,קפה מוקוצ'ינו,מיליליטרים,240.00,"100 מ""ל",false,1,9.90,4.13,true,1,
4751007733229,false,פילה סלומון ברוטב עגבניות 170 גר,KARAVELLA,LV,פילה סלמון ברוטב,גרמים,170.00,100 גרם,false,1,12.90,7.59,true,1,
4751007733991,false,פילה סלומון מיץ טבעי 170 גר,KARAVELLA,LV,סלמון במיץ טבעי,גרמים,200.00,100 גרם,false,1,12.90,6.45,true,1,
4800888150080,false,"דאב - דאודורנט רול און לאישה פרש טאצ' מלפפונים 50 מ""ל",יוניליוור פיליפינים,PH,דאודורנט דאב,מיליליטרים,50.00,"100 מ""ל",false,0,15.90,31.80,true,1,
4800888219534,false,דאב - דאודורנט סטיק לאישה אנטי פרספירמט 50 גרם,יוניליוור פיליפינים,PH,דאו.דאב,מיליליטרים,50.00,"100 מ""ל",false,1,15.90,31.80,true,1,
4820097898016,false,סיידר הפס דובדבן 330*4מל,בוורז' פלאס,UA,סיידר דובדבן 4יח,ליטרים,1.32,ליטר,false,1,25.90,19.62,true,1,
4860019001414,false,"בקבוק מים בוז'ורמי 750 מ""ל",האי נאם סי או אל.טי.,GE,מים מינרליים,מיליליטרים,750.00,"100 מ""ל",false,0,9.70,1.29,true,1,
4891228308049,false,סכין גילוח שיק היידרו 5 סנס לגבר+7סכינים,ארץ ייצור סכינים: ארהבn\,US,הידרו מארז גילוח,יחידה,1.00,יחידה,false,1,59.90,59.90,true,1,
4903001904192,false,"רוטב סויה יאמסה פרימיום 500 מ""ל",הדקלאים אגודת שיתופי,JP,רוטב סויה יאמאסה,מיליליטרים,500.00,"100 מ""ל",false,0,17.90,3.58,true,1,
4903001925784,false,"רוטב סויה יאמאסה פרמיום דל מלח 500 מ""ל",הדקלאים אגודת שיתופי,JP,רוטב סויה,מיליליטרים,500.00,"100 מ""ל",false,0,17.90,3.58,true,1,
4903001930993,false,"רוטב טריאקי יאמאסה 500 מ""ל",ליימן מותגים,JP,רוטב טריאקי,מיליליטרים,500.00,"100 מ""ל",false,1,17.90,3.58,true,1,
5000157143365,false,מתבל בטעם מיונז וקטשופ היינץ 425 גרם,"פודליצקי ספ.ז.או.או,",PL,מתבל ט.מיונז,גרמים,425.00,100 גרם,false,1,15.90,3.74,true,1,
5000159020312,false,מלטיזרס אריזה קטנה 37 גרם,מלטיזרס Maltesers,NL,שוקולד מלטיזרס,גרמים,37.00,100 גרם,false,1,5.50,14.86,true,1,
5000159376792,false,סוכריות סקיטלס Skittles פירות חמוצים,ריגלי ממתקים,CZ,סוכריות סקיטלס,גרמים,38.00,100 גרם,false,0,3.40,8.95,true,1,
5000159407236,false,חטיף מרס שוקולד עם ק,מרס הולנד בי.וי.,NL,חטיף מרס,גרמים,51.00,100 גרם,false,0,4.60,9.02,true,1,
5000159409179,false,מארז חטיפי מיני סניקרס Snickers,מרס הולנד בי.וי.,NL,מיני סניקרס,גרמים,403.00,100 גרם,false,0,24.90,6.18,true,1,
5000159442572,false,טוויקס חטיפי מיני שקית 403ג',מרס גי אם בי אייץ,DE,מיני טוויקס,גרמים,403.00,100 גרם,false,0,24.90,6.18,true,1,
5000159452540,false,סניקרס מארז חטיף 50 גרם חמישייה,מרס הולנד בי.וי.,NL,חטיפי סניקרס,גרמים,250.00,100 גרם,false,1,12.90,5.16,true,1,
5000159452663,false,מרס מארז חטיף 45 גרם חמישייה,מרס Mars,NL,חטיפי מרס,גרמים,225.00,100 גרם,false,1,12.90,5.73,true,1,
5000159459228,false,חטיף שוקולד טוויקס 50 ג',"נארז ע""י : א.ג. גילר",NL,חטיף טוויקס,גרמים,50.00,100 גרם,false,0,4.60,9.20,true,1,
5000159461122,false,חטיף שוקולד סניקרס מקס קרמל 50 ג',"נארז ע""י : א.ג. גילר",NL,חטיף סניקרס,גרמים,50.00,100 גרם,false,0,4.60,9.20,true,1,
5000189974579,false,מארז מיני חטיפי קיט קט Kit Kat,נסטלה גרמניה,DE,קיט קאט מיני,גרמים,200.00,100 גרם,false,0,15.90,7.95,true,1,
=======
4053700292455,false,ויט רצועות שעווה מוכנות להסרת שיער לעור רגיל 12 יחידות,רקיט בנקיזר (ניר איסט) בעמ,FR,רצועות שעווה ויט,יחידה,1.00,יחידה,false,0,24.90,24.90,true,1,
4061445096702,false,קפה דוידוף מגורען 100 גר FINE AROMA,"טשיבו, אספי.זד.או.או",PL,קפה נמס דוידוף,גרמים,100.00,100 גרם,false,1,23.90,23.90,true,1,
4066600999614,false,"בירה פאולנר, בירת חיטה מעוננת, בקבוק 500 מ""ל",טמפו משקאות בע`מ,DE,בירה פאולנר חיטה,מיליליטרים,500.00,"100 מ""ל",false,1,12.90,2.58,true,1,
4084500065536,false,פנטן קרם לחות מוגברת לעיצוב שיער 300 מל,דיפלומט מפיצים (1968) בעמ,FR,קרם לשיער פנטן,מיליליטרים,300.00,"100 מ""ל",false,0,17.90,5.97,true,1,
4084500739253,false,"אוראל בי משחת שיניים- להלבנה לובן מהודר 75 מ""ל",דיפלומט מפיצים (1968) בעמ,DE,משחת אורל בי,מיליליטרים,75.00,"100 מ""ל",false,1,22.90,30.54,true,1,
4105120623941,false,"בירה ויינשטפן בק' ח""פ 500 מ""ל",החברה המרכזית להפצת משקאות בעמ,DE,בירה ויינשטפן,מיליליטרים,500.00,"100 מ""ל",false,1,13.90,2.78,true,1,
4105120624412,false,"ויינשטפן ויטוס בק`ח""פ 500 מ""ל",החברה המרכזית להפצת משקאות בעמ,DE,בירה ויישטפן,מיליליטרים,500.00,"100 מ""ל",false,1,13.90,2.78,true,1,
4210201403319,false,אורל בי מברשת חשמלית נטענת ויטליטי פחם,דיפלומט מפיצים (1968) בעמ,DE,מברשת נטענת,יחידה,1.00,יחידה,false,1,84.90,84.90,true,1,
4600659010854,false,וודקה סטוליצ`יניה (700 מל),הכרם -משקאות חריפים בע`מ,LV,וודקה סטוליצ'ניה,מיליליטרים,700.00,"100 מ""ל",false,0,64.90,9.28,true,1,
4607001779650,false,קפה נמס ג'קובס גולד 190ג,,RU,קפה נמס ג'קובס,גרמים,190.00,100 גרם,false,1,28.00,14.74,true,1,
4607086730782,false,גרעין חמנייה עם מלח 200ג,KARPAY,IL,גרעין חמניה מלח,גרמים,200.00,100 גרם,false,1,12.90,6.45,true,1,
4640018993343,false,פיניש קוואנטום קפסולות ג'ל למדיח כלים 30 יח',רקיט בנקיזר (ניר איסט) בעמ,PL,פיניש 30 טבליות,יחידה,1.00,יחידה,false,1,35.90,35.90,true,1,
4710068001692,false,מאסטר קפה בטעם לאטה בפחית 240מ`ל,תאיט מרקטינג אנד דיסטריב,TW,מאסטר קפה,מיליליטרים,240.00,"100 מ""ל",false,0,8.50,3.54,true,1,
4710068001715,false,משקה בטעם טירמיסו מאסטר קפה (240 מל),יוני פרזינדנט אנטרפר,TW,מאסטר קפה,מיליליטרים,240.00,"100 מ""ל",false,0,8.50,3.54,true,1,
4710068001739,false,מאסטר קפה בטעם קולומביאני בפחית 240מ`ל,יוני פרזינדנט אנטרפר,TW,מאסטר קפה,מיליליטרים,240.00,"100 מ""ל",false,0,8.50,3.54,true,1,
4710068002798,false,מאסטר קפה בטעם וניל בפחית 240מ`ל,מאיטה פוד אינדוסטריאל קו,TW,מאסטר קפה ונילה,מיליליטרים,240.00,"100 מ""ל",false,1,8.50,3.54,true,1,
4710964104916,false,"שמן שומשום טהור 370 מ""ל (כ)",מזרח ומערב יבוא ושיווק,TW,שמן שומשום,מיליליטרים,370.00,"100 מ""ל",false,0,22.90,6.19,true,1,
4710964170799,false,שומשום שחור קלוי 91 גרם,מזרח ומערב יבוא ושיווק,TW,שומשום שחור קלוי,גרמים,91.00,100 גרם,false,0,17.90,19.67,true,1,
4711476002813,false,"קפה קר פיפו למוקצינו 240 מ""ל זכוכית",,TW,קפה מוקוצ'ינו,מיליליטרים,240.00,"100 מ""ל",false,1,9.90,4.13,true,1,
4751007733229,false,פילה סלומון ברוטב עגבניות 170 גר,KARAVELLA,LV,פילה סלמון ברוטב,גרמים,170.00,100 גרם,false,1,12.90,7.59,true,1,
4751007733991,false,פילה סלומון מיץ טבעי 170 גר,KARAVELLA,LV,סלמון במיץ טבעי,גרמים,200.00,100 גרם,false,1,12.90,6.45,true,1,
4800888150080,false,"דאב - דאודורנט רול און לאישה פרש טאצ' מלפפונים 50 מ""ל",יוניליוור ישראל שיווק בע`מ,PH,דאודורנט דאב,מיליליטרים,50.00,"100 מ""ל",false,0,15.90,31.80,true,1,
4800888219534,false,דאב - דאודורנט סטיק לאישה אנטי פרספירמט 50 גרם,יוניליוור ישראל שיווק בע`מ,PH,דאו.דאב,מיליליטרים,50.00,"100 מ""ל",false,1,15.90,31.80,true,1,
4820097898016,false,סיידר הפס דובדבן 330*4מל,בוורז' פלאס,UA,סיידר דובדבן 4יח,ליטרים,1.32,ליטר,false,1,25.90,19.62,true,1,
4860019001414,false,מים מינרליים 750 מל בורזוימי,האי נאם סי או אל.טי.,GE,מים מינרליים,מיליליטרים,750.00,"100 מ""ל",false,0,9.70,1.29,true,1,
4891228308049,false,שיק היידרו גבר מארז סנס ידית +7 סכינים,ארץ ייצור סכינים: ארהבn\,US,הידרו מארז גילוח,יחידה,1.00,יחידה,false,1,59.90,59.90,true,1,
4903001904192,false,רוטב סויה יאמאסה פרימיום 500מ`ל,הדקלאים אגודת שיתופי,JP,רוטב סויה יאמאסה,מיליליטרים,500.00,"100 מ""ל",false,0,17.90,3.58,true,1,
4903001925784,false,"רוטב סויה יאמאסה דל מלח 500מ""ל פרימיום",הדקלאים אגודת שיתופי,JP,רוטב סויה,מיליליטרים,500.00,"100 מ""ל",false,0,17.90,3.58,true,1,
4903001930993,false,"רוטב טריאקי יאמאסה 500 מ""ל",ליימן שליסל בע`מ,JP,רוטב טריאקי,מיליליטרים,500.00,"100 מ""ל",false,1,17.90,3.58,true,1,
5000157143365,false,מתבל בטעם מיונז וקטשופ היינץ 425 גרם,דיפלומט מפיצים (1968) בעמ**,PL,מתבל ט.מיונז,גרמים,425.00,100 גרם,false,1,15.90,3.74,true,1,
5000159020312,false,מלטיזרס אריזה קטנה 37 גרם,"מרס ריגלי ישראל בע""מ",NL,שוקולד מלטיזרס,גרמים,37.00,100 גרם,false,1,5.50,14.86,true,1,
5000159376792,false,סוכריות סקיטלס Skittles פירות חמוצים,"מרס ריגלי ישראל בע""מ",CZ,סוכריות סקיטלס,גרמים,38.00,100 גרם,false,0,3.40,8.95,true,1,
5000159407236,false,מרס חטיף שוקולד עם קרמל 51 גרם,"מרס ריגלי ישראל בע""מ",NL,חטיף מרס,גרמים,51.00,100 גרם,false,0,4.60,9.02,true,1,
5000159409179,false,מארז סניקרס/מיניס משפחתי 403 גר,"מרס ריגלי ישראל בע""מ",NL,מיני סניקרס,גרמים,403.00,100 גרם,false,0,24.90,6.18,true,1,
5000159442572,false,טויקס חטיף שוקולד מארז 403 גרם,"מרס ריגלי ישראל בע""מ",DE,מיני טוויקס,גרמים,403.00,100 גרם,false,0,24.90,6.18,true,1,
5000159452540,false,סניקרס חטיף שוקולד עם בוטנים חמישייה ברי,"מרס ריגלי ישראל בע""מ",NL,חטיפי סניקרס,גרמים,250.00,100 גרם,false,1,12.90,5.16,true,1,
5000159452663,false,מרס מארז חטיף 45 גרם חמישייה,"מרס ריגלי ישראל בע""מ",NL,חטיפי מרס,גרמים,225.00,100 גרם,false,1,12.90,5.73,true,1,
5000159459228,false,חטיף אצבעות קרמל ושוקולד טוויקס (50 גרם),"מרס ריגלי ישראל בע""מ",NL,חטיף טוויקס,גרמים,50.00,100 גרם,false,0,4.60,9.20,true,1,
5000159461122,false,סניקרס חטיף שוקולד עם בוטנים 50 גרם,"מרס ריגלי ישראל בע""מ",NL,חטיף סניקרס,גרמים,50.00,100 גרם,false,0,4.60,9.20,true,1,
5000189974579,false,מארז מיני חטיפי קיט קט Kit Kat,קבוצת אוסם סחר שותפות מוגבלת,DE,קיט קאט מיני,גרמים,200.00,100 גרם,false,0,15.90,7.95,true,1,
>>>>>>> d048ac2f4f281c9d788043ab4e81b61b0dbe3743
5000204182057,false,מטהר אוויר גלייד מוצק בניחוח לבנדר,במה פולסקה אספי.זד.או.או,PL,גלייד מוצק לבנדר,גרמים,180.00,100 גרם,false,1,13.90,7.72,true,1,
5000204196924,false,רייד מילוי נוזל *זוג 90 *לילות,גונסון שנגחאי,BG,רייד נוזל מילוי,מיליליטרים,72.00,"100 מ""ל",false,1,32.90,45.69,true,1,
5000204658187,false,משחת נעליים קראון שחור קיווי (75 מל),אס' סי' ג'ונסון במה,PL,קיווי נוזל,מיליליטרים,75.00,"100 מ""ל",false,0,17.30,23.07,true,1,
5000213014905,false,בירה בפחית גינס (440 מל),החברה המרכזית להפצת משקאות בעמ,IE,בירה גינס פחית,מיליליטרים,440.00,"100 מ""ל",false,0,16.90,3.84,true,1,
5000267024202,false,וויסקי ג'וני ווקר שחור,אלכוהול (איי.בי.בי),GB,ויסקי ג'וני ווקר,מיליליטרים,700.00,"100 מ""ל",false,0,129.90,18.56,true,1,
5000267024233,false,"וויסקי ג'וני בלאק לייבל עם פורר 700מ""ל",החברה המרכזית להפצת משקאות בעמ,GB,ויסקי ג'וני ווקר,מיליליטרים,700.00,"100 מ""ל",false,0,129.90,18.56,true,1,
5000289925440,false,גין גורדון בקבוק 700,החברה המרכזית להפצת משקאות-אלכ,GB,ג'ין גורדון,מיליליטרים,700.00,"100 מ""ל",false,1,89.90,12.84,true,1,
5000394137486,false,רביעיות סוללות אופטימום AA דורסל,דיפלומט מפיצים (1968) בעמ,BE,דורסל אופטימום,יחידה,1.00,יחידה,false,1,24.90,24.90,true,1,
5000394140820,false,שישיות סוללות AA פלוס פאוור דורסל,דיפלומט מפיצים (1986) בע`מ,BE,דורסל פלוס פאוור,יחידה,1.00,יחידה,false,1,19.90,19.90,true,1,
5000396037944,false,מקוויטיס ביסקוויט אורגינל 250 גרם,תה ויסוצקי (ישראל)בעמ,GB,ביסקוויט מקויטיס,גרמים,250.00,100 גרם,false,1,10.90,4.36,true,1,
5010026515919,false,מוזלי קריספי נאטי מורנפלייק 650 גרם,מורנפלייק Mornflake,GB,מוזלי מורנפלייק,גרמים,650.00,100 גרם,false,1,25.90,3.98,true,1,
5010026515933,false,מורנפלייק מוזלי פירות ואגוזים 750 גרם,מורנינג פוד,GB,מוזלי מורנפלייק,גרמים,750.00,100 גרם,false,1,25.90,3.45,true,1,
<<<<<<< HEAD
5010038454831,false,"בקבוק בירה בלומון 330 מ""ל","מבשלת סטרופראמן בע""\מ ,",CZ,בירה בלו מון,מיליליטרים,330.00,"100 מ""ל",false,1,13.90,4.21,true,1,
5010182997918,false,דאק ג'ל לניקוי אסלות בניחוח ים 55 מל,"איטיליאן פוד, אס.פי.",IT,דאק ג'ל לאסלה,מיליליטרים,55.00,"100 מ""ל",false,0,11.50,20.91,true,1,
5010622005012,false,אורל בי חוט דנטלי אסנשיאל ללא שעווה 50 מ',פרוקטר אנד גמבל,IE,חוט דנטלי,מטרים,50.00,מטר,false,0,14.90,0.30,true,1,
5010677551281,false,"בקרדי בריזר לימון 275 מ""ל בקבוק",בקרדי בריזר Bacardi Breezer,BE,בריזר לימון,מיליליטרים,275.00,"100 מ""ל",false,0,15.90,5.78,true,1,
=======
5010038454831,false,"בקבוק בירה בלומון 330 מ""ל",הכרם - משקאות חריפים בעמ,CZ,בירה בלו מון,מיליליטרים,330.00,"100 מ""ל",false,1,13.90,4.21,true,1,
5010182997918,false,דאק ג'ל לניקוי אסלות בניחוח ים 55 מל,"איטיליאן פוד, אס.פי.",IT,דאק ג'ל לאסלה,מיליליטרים,55.00,"100 מ""ל",false,0,11.50,20.91,true,1,
5010622005012,false,אורל בי חוט דנטלי אסנשיאל ללא שעווה 50 מ',פארמה דיל (פ.א.ב.) שיווק והפצה,IE,חוט דנטלי,מטרים,50.00,מטר,false,0,14.90,0.30,true,1,
5010677551281,false,בריזר לימון בבקבוק בקרדי (275 מל),בקרדי בריזר Bacardi Breezer,BE,בריזר לימון,מיליליטרים,275.00,"100 מ""ל",false,0,15.90,5.78,true,1,
>>>>>>> d048ac2f4f281c9d788043ab4e81b61b0dbe3743
5010677552387,false,"בקרדי בריזר אננס 275 מ""ל בקבוק",בקרדי בריזר Bacardi Breezer,BE,בריזר בטעם אננס,מיליליטרים,275.00,"100 מ""ל",false,0,15.90,5.78,true,1,
5010677714006,false,"גין בומבאי ספייר 700 מ""ל",ג'ון דיואר ובניו,GB,ג'ין בומביי,מיליליטרים,700.00,"100 מ""ל",false,1,119.90,17.13,true,1,
5011348008479,false,"בירה קינג גובלין 500 מ""ל",מבשלת וויצ'ווד,GB,בירה קינג גובלין,מיליליטרים,500.00,"100 מ""ל",false,1,16.90,3.38,true,1,
5011348015194,false,"בירה הובגובלין גולד 500 מ""ל",מבשלת וויצ'ווד,GB,בירה הובגובלין,מיליליטרים,500.00,"100 מ""ל",false,1,16.90,3.38,true,1,
5011348019772,false,"בירה הובגובלין אי.פי.איי 500 מ""ל",ויצ'וויד,GB,בירה הובגובלין,מיליליטרים,500.00,"100 מ""ל",false,1,16.90,3.38,true,1,
5011408028034,false,"ספריי לשיער חזק מאוד לוריאל 400 מ""ל",לוריאל Loreal,FR,אלנט ספריי לשיער,מיליליטרים,400.00,"100 מ""ל",false,0,29.60,7.40,true,1,
5014271002675,false,מעדן פרי תפוח וקינמון סנדלפור 284 גרם,סאן דלפור - שמבור,FR,מעדן תפוח קינמון,גרמים,284.00,100 גרם,false,1,22.90,8.06,true,1,
5014271300429,false,"מעדן משמש 100% פרי סנטדלפור 284 גרם לל""ס",סאן דלפור - שמבור,FR,מעדן מישמש,גרמים,284.00,100 גרם,false,0,22.90,8.06,true,1,
5014271310428,false,מעדן דובדבנים שחורים ללא תוספת סוכר 284 גרם,סאן דלפור - שמבור,FR,מעדן דובדבן שחור,גרמים,284.00,100 גרם,false,0,22.90,8.06,true,1,
5014271330426,false,מעדן אוכמניות כחולות ללא תוספת סוכר 284 גרם,סאן דלפור - שמבור,FR,מעדן אוכמניות,גרמים,284.00,100 גרם,false,0,22.90,8.06,true,1,
5014271350424,false,מעדן ארבעה פירות ללא תוספת סוכר 284 גרם,סאן דלפור - שמבור,FR,מעדן 4 פירות,גרמים,284.00,100 גרם,false,0,22.90,8.06,true,1,
5014271360423,false,"מעדן תפוזים לל""ס סאן דלפור 284 גרם",סאן דלפור - שמבור,FR,מעדן תפוזים,גרמים,284.00,100 גרם,false,0,22.90,8.06,true,1,
5014271370422,false,מעדן אפרסקים ללא תוספת סוכר 284 גרם,סאן דלפור - שמבור,FR,מעדן אפרסקים,גרמים,284.00,100 גרם,false,0,22.90,8.06,true,1,
5014271400426,false,"מעדן בטעם תות שדה לל""ס סאן דלפור 284 גרם",סאן דלפור - שמבור,FR,מעדן תות שדה,גרמים,284.00,100 גרם,false,0,22.90,8.06,true,1,
5014271560427,false,מעדן תפוז וג'ינג'ר ללא סוכר סאן דלפור 284 גר,סאן דלפור - שמבור,FR,מעדן תפוז+גינג'ר,גרמים,284.00,100 גרם,false,0,22.90,8.06,true,1,
<<<<<<< HEAD
5029053002408,false,קלינקס - נייר טואולט קליניקס לבן 9 גלילים,קימברלי קלארק ישראל,IL,נייר טואלט,מטרים,276.00,100 מטר,false,0,36.90,13.37,true,1,
5029053032658,false,שמיניית ממחטות טישו קלינקס 9 יחידות,חוגלה קימברלי,IT,קלינקס שמיניה,יחידה,1.00,יחידה,false,1,8.60,8.60,true,1,
5029053510811,false,תחבושות נורמל פלוס עם כנפיים קוטקס 28 יחידות,קימברלי קלארק,CZ,תחבושות קוטקס,יחידה,1.00,יחידה,false,0,20.90,20.90,true,1,
5029053534596,false,קוטקס טמפוני נורמל ללא מוליך 32 יח,קימברלי קלארק,CZ,טמפוני קוטקס,יחידה,1.00,יחידה,false,0,27.90,27.90,true,1,
5029053534602,false,קוטקס טמפוני סופר ללא מוליך 32 יח,קימברלי קלארק,CZ,טמפוני קוטקס,יחידה,1.00,יחידה,false,0,27.90,27.90,true,1,
5029053535227,false,קוטקס טמפון עם מוליך נורמל 16 יחידות,קימברלי קלארק,CZ,טמפוני קוטקס,יחידה,1.00,יחידה,false,0,24.00,24.00,true,1,
5029053538426,false,בגד ים חד פעמי ליטל סווימרס 12-18kg L,חוגלה קימברלי,CZ,חיתולי האגיס,יחידה,1.00,יחידה,false,0,32.90,32.90,true,1,
5029054220085,false,האגיס - מגבוני האגיס אקסטרה קר לא מבושם 56 יח' * 4,חוגלה קימברלי,GB,מגבונים לרך נולד,יחידה,1.00,יחידה,false,1,31.90,31.90,true,1,
5035766060253,false,"בירה מרפיס, בירת סטאוט, פחית 500 מ""ל",מרפיס Murphys,GB,בירה מרפיס,מיליליטרים,500.00,"100 מ""ל",false,0,13.90,2.78,true,1,
5053827215862,false,קלוגס קוקו פופס שוקו 500ג',קלוגס מניופקטורינג אספנה,GB,קלוגס קוקו פופס,גרמים,500.00,100 גרם,false,1,21.50,4.30,true,1,
5060517886486,false,"משקה אנרגיה מונסטר אנרג'י בפחית 500 מ""ל",מונסטר אנרג'י Monster Energy,RS,מונסטר אנרג'י,מיליליטרים,500.00,"100 מ""ל",false,1,7.90,1.58,true,1,
5060517886516,false,"משקה אנרגיה מונסטר אנרג'י זירו בפחית 500 מ""ל",מונסטר אנרג'י Monster Energy,RS,מונסטר אנרג'י,מיליליטרים,500.00,"100 מ""ל",false,1,7.90,1.58,true,1,
5060751218173,false,"משקה אנרגיה מונסטר אנרג'י piplin punch בפחית 500 מ""ל",מונסטר אנרג'י לימטד,RS,מונסטר פייפליין,מיליליטרים,500.00,"100 מ""ל",false,1,7.90,1.58,true,1,
5201004020338,false,קפריס רולס קלאסיק 400 גרם,א.ג פאפאגופולוס,GR,גלילי וופל קפריס,גרמים,400.00,100 גרם,false,1,20.90,5.23,true,1,
=======
5029053002408,false,קלינקס - נייר טואולט קליניקס לבן 9 גלילים,קימברלי קלארק ישראל שיווק בעמ,IL,נייר טואלט,מטרים,276.00,100 מטר,false,0,36.90,13.37,true,1,
5029053032658,false,שמיניית ממחטות טישו קלינקס 9 יחידות,קימברלי קלארק ישראל שיווק בעמ,IT,קלינקס שמיניה,יחידה,1.00,יחידה,false,1,8.60,8.60,true,1,
5029053510811,false,תחבושות נורמל פלוס עם כנפיים קוטקס 28 יחידות,קימברלי קלארק ישראל שיווק בעמ,CZ,תחבושות קוטקס,יחידה,1.00,יחידה,false,0,20.90,20.90,true,1,
5029053534596,false,קוטקס טמפוני נורמל ללא מוליך 32 יח,קימברלי קלארק ישראל שיווק בעמ,CZ,טמפוני קוטקס,יחידה,1.00,יחידה,false,0,27.90,27.90,true,1,
5029053534602,false,קוטקס טמפוני סופר ללא מוליך 32 יח,קימברלי קלארק ישראל שיווק בעמ,CZ,טמפוני קוטקס,יחידה,1.00,יחידה,false,0,27.90,27.90,true,1,
5029053535227,false,קוטקס טמפון עם מוליך נורמל 16 יחידות,קימברלי קלארק ישראל שיווק בעמ,CZ,טמפוני קוטקס,יחידה,1.00,יחידה,false,0,24.00,24.00,true,1,
5029053538426,false,בגד ים חד פעמי ליטל סווימרס 12-18kg L,קימברלי קלארק ישראל שיווק בעמ,CZ,חיתולי האגיס,יחידה,1.00,יחידה,false,0,32.90,32.90,true,1,
5029054220085,false,האגיס - מגבוני האגיס אקסטרה קר לא מבושם 56 יח' * 4,קימברלי קלארק ישראל שיווק בעמ,GB,מגבונים לרך נולד,יחידה,1.00,יחידה,false,1,31.90,31.90,true,1,
5035766060253,false,"בירה מרפיס, בירת סטאוט, פחית 500 מ""ל",טמפו משקאות בע`מ,GB,בירה מרפיס,מיליליטרים,500.00,"100 מ""ל",false,0,13.90,2.78,true,1,
5053827215862,false,דגני בוקר קלוגס קוקו פופס בטעם שוקולד (,קלוגס מניופקטורינג אספנה,GB,קלוגס קוקו פופס,גרמים,500.00,100 גרם,false,1,21.50,4.30,true,1,
5060517886486,false,"משקה אנרגיה מונסטר אנרג'י בפחית 500 מ""ל",החברה המרכזית להפצת משקאות בעמ,RS,מונסטר אנרג'י,מיליליטרים,500.00,"100 מ""ל",false,1,7.90,1.58,true,1,
5060517886516,false,"משקה אנרגיה מונסטר אנרג'י זירו בפחית 500 מ""ל",החברה המרכזית להפצת משקאות בעמ,RS,מונסטר אנרג'י,מיליליטרים,500.00,"100 מ""ל",false,1,7.90,1.58,true,1,
5060751218173,false,"משקה אנרגיה מונסטר אנרג'י piplin punch בפחית 500 מ""ל",החברה המרכזית להפצת משקאות בעמ,RS,מונסטר פייפליין,מיליליטרים,500.00,"100 מ""ל",false,1,7.90,1.58,true,1,
5201004020338,false,גליליות קפריס קרם אגוזים שוקולד 400 גר,משה סידס ובנו בעמ,GR,גלילי וופל קפריס,גרמים,400.00,100 גרם,false,1,20.90,5.23,true,1,
>>>>>>> d048ac2f4f281c9d788043ab4e81b61b0dbe3743
5201263001536,false,מגן תחתון EVERY DAY אקסטרה לונג 24 יח',,GR,מגני תחתון XL,יחידה,1.00,יחידה,false,1,12.90,12.90,true,1,
5201263006357,false,תחבושת EVERY DAY סופר 18 יח',,GR,תחבושות סופר,יחידה,1.00,יחידה,false,1,12.90,12.90,true,1,
5201263006364,false,תחבושת EVERY DAY מקסי נייט 18 יח',,GR,תחבושות מקסי,יחידה,1.00,יחידה,false,1,12.90,12.90,true,1,
5201263011474,false,מגן תחתון EVERY DAY לארג' 30 יח',,GR,מגני תחתון לארג',יחידה,1.00,יחידה,false,1,12.90,12.90,true,1,
5201263011801,false,מגן תחתון EVERY DAY נורמל 20 יח',,GR,מגני תחתון נורמל,יחידה,1.00,יחידה,false,1,12.90,12.90,true,1,
<<<<<<< HEAD
5201347160326,false,גל לשמירה על חיי מכונת הכביסה קלגון 750מ,רקיט בנקיזר,IT,קלגון ג'ל,מיליליטרים,750.00,"100 מ""ל",false,1,31.90,4.25,true,1,
5201940010110,false,זיתים שחורים קלמטה וילי פוד 250 גרם,סיוארס אס.איי,GR,זיתים שחורים,גרמים,454.00,100 גרם,false,0,17.90,3.94,true,1,
5202175002451,false,טורטייה- מאפה על בסי,אל סבור מקסיקן פוד,GR,"טורטיה 25 ס""מ",יחידה,1.00,יחידה,false,1,8.90,8.90,true,1,
5202175002581,false,עלי טורטיה 200 גר' 5 יח'.,S Foods Mexican Sabor El,GR,"טורטיה 20 ס""מ",יחידה,1.00,יחידה,false,1,8.90,8.90,true,1,
5202300043168,false,צבע לשיער קולסטון - 7/0 בלונד בינוני,פרוקטר אנד גמבל,DE,קולסטון,יחידה,1.00,יחידה,false,0,19.90,19.90,true,1,
5202390015618,false,גבינה צהובה טבעונית אורגינל ויאו לייף 200 ג',אריביה אס.אי. 57022,GR,צהובה טבעונית,גרמים,200.00,100 גרם,false,0,24.70,12.35,true,1,
5202390016141,false,גבינה מוצרלה צהובה לפיצה טבעונית ויאו לייף 400 ג',פרוטרופיק סיה.,GR,צהובה טבעונית,גרמים,400.00,100 גרם,false,1,29.60,7.40,true,1,
5202390020407,false,פטה טבעונית גוש ויולייף 200 ג',ביוט איילנד פודס בעמ,GR,בסגנון פטה,גרמים,200.00,100 גרם,false,1,27.90,13.95,true,1,
5202413007019,false,ערק אוזו פלומארי 700,Plomari ouzo distill,GR,אוזו פלומארי,מיליליטרים,700.00,"100 מ""ל",false,1,79.90,11.41,true,1,
5205427012499,false,מאפה פילו יווני במילוי ביונד מיט - טבעוני,אייוניקי ספוליאטה,GR,מאפה פילו ממולא,גרמים,400.00,100 גרם,false,1,37.90,9.48,true,1,
=======
5201347160326,false,גל לשמירה על חיי מכונת הכביסה קלגון 750מ,רקיט בנקיזר (ניר איסט) בעמ,IT,קלגון ג'ל,מיליליטרים,750.00,"100 מ""ל",false,1,31.90,4.25,true,1,
5201940010110,false,זיתים שחורים קלמטה וילי פוד 250 גרם,ג. וילי-פוד אינטרנשיונל בע`מ,GR,זיתים שחורים,גרמים,454.00,100 גרם,false,0,17.90,3.94,true,1,
5202175002451,false,טורטייה- מאפה על בסי,אל סבור מקסיקן פוד,GR,"טורטיה 25 ס""מ",יחידה,1.00,יחידה,false,1,8.90,8.90,true,1,
5202175002581,false,עלי טורטיה 200 גר' 5 יח'.,S Foods Mexican Sabor El,GR,"טורטיה 20 ס""מ",יחידה,1.00,יחידה,false,1,8.90,8.90,true,1,
5202300043168,false,צבע לשיער קולסטון - 7/0 בלונד בינוני,פרוקטר אנד גמבל,DE,קולסטון,יחידה,1.00,יחידה,false,0,19.90,19.90,true,1,
5202390015618,false,גבינה צהובה טבעונית אורגינל ויאו לייף 200 ג',דיפלומט מפיצים (1968) בעמ**,GR,צהובה טבעונית,גרמים,200.00,100 גרם,false,0,24.70,12.35,true,1,
5202390016141,false,גבינה מוצרלה צהובה לפיצה טבעונית ויאו לייף 400 ג',דיפלומט מפיצים (1968) בעמ**,GR,צהובה טבעונית,גרמים,400.00,100 גרם,false,1,29.60,7.40,true,1,
5202390020407,false,פטה טבעונית גוש ויולייף 200 ג',דיפלומט מפיצים (1968) בעמ**,GR,בסגנון פטה,גרמים,200.00,100 גרם,false,1,27.90,13.95,true,1,
5202413007019,false,ערק אוזו פלומארי 700,Plomari ouzo distill,GR,אוזו פלומארי,מיליליטרים,700.00,"100 מ""ל",false,1,79.90,11.41,true,1,
5205427012499,false,מאפה פילו יווני במילוי ביונד מיט - טבעוני,ג.וילי-פוד אינטרנשיונל **גבינו,GR,מאפה פילו ממולא,גרמים,400.00,100 גרם,false,1,37.90,9.48,true,1,
>>>>>>> d048ac2f4f281c9d788043ab4e81b61b0dbe3743
5208049000660,false,פאל מאל דאבל קפסולה חפיסה,גלוברנס,PL,פאל מאל הוואנה,יחידה,1.00,יחידה,false,1,31.50,31.50,false,1,
5391523057943,false,סימילאק גולד שלב 3 תרכובת מזון על בסיס חלב,אבוט מעבדות רפואיות,IE,סימילאק גולד,גרמים,700.00,100 גרם,false,1,71.90,10.27,true,1,
5400265035932,false,המלט פרלינים אקסלסיום כסף 180 גרם,,BE,בונבוניירה המלט,גרמים,180.00,100 גרם,false,1,18.90,10.50,true,1,
5400265035949,false,בונ.המלט אקסלסיום שחו180,,BE,בונבוניירה המלט,גרמים,180.00,100 גרם,false,1,18.90,10.50,true,1,
<<<<<<< HEAD
5410076933129,false,אריאל אבקת כביסה שושן צחור 3 קג,פרוקטר אנד גמבל,CZ,אריאל שושן צחור,קילוגרמים,3.00,"ק""ג",false,0,31.90,10.64,true,1,
5410126116953,false,ממרח ביסקוויט קרמל לוטוס 400 גרם,לוטוס בייקרי בלגיה נ,BE,ממרח ביסקוויט,גרמים,400.00,100 גרם,false,0,25.20,6.30,true,1,
5410126666038,false,"ביסקוויט קרמל לוטוס 279 גרם בד""צ",לוטוס ביקרי נ.וי,BE,ביסקוויט לוטוס,גרמים,279.00,100 גרם,false,1,13.90,4.98,true,1,
5410126716016,false,"עוגיות לוטוס ביסקויט קרמל בד""צ 250 גרם",לוטוס ביקרי בלגיה,BE,ביסקויט לוטוס,גרמים,250.00,100 גרם,false,0,12.70,5.08,true,1,
5410173210055,false,רומבוטס קפה קלוי וטחון לפילטר 10 יח' 70 גרם,קופי רומבוטס,BE,קפה לפילטר,גרמים,70.00,100 גרם,false,0,18.90,27.00,true,1,
5410228267515,false,"שישיית בירה לאגר באדוויזר 6*330 מ""ל",באדווייזר Budweiser,GB,בירה באדוויזר6בק,ליטרים,1.98,ליטר,false,1,31.90,16.11,true,1,
5410316983693,false,"סמירנוף אייס בקבוק 275 מ""ל",סמירנוף אייס Smirnoff ice,IT,אייס סמירנוף,מיליליטרים,275.00,"100 מ""ל",false,0,13.90,5.05,true,1,
5410769100081,false,"בירה לה שוף קטן 330 מ""ל בקבוק","איי, בי, אינבוו",BE,בירה לה שוף,מיליליטרים,330.00,"100 מ""ל",false,1,15.90,4.82,true,1,
5410769200088,false,"בירה מק שוף קטן 330 מ""ל בקבוק",פארייפאבה אגרואינדוס,BE,בירה מק שוף,מיליליטרים,330.00,"100 מ""ל",false,1,15.90,4.82,true,1,
5410769800097,false,"בירה לה צרי שוף 8% 330 מ""ל בקבוק",פארייפאבה אגרואינדוס,BE,בירה צ'רי שוף,מיליליטרים,330.00,"100 מ""ל",false,1,15.90,4.82,true,1,
=======
5410076933129,false,אריאל אבקת כביסה שושן צחור 3 קג,דיפלומט מפיצים (1986) בע`מ,CZ,אריאל שושן צחור,קילוגרמים,3.00,"ק""ג",false,0,31.90,10.64,true,1,
5410126116953,false,ממרח ביסקוויט קרמל לוטוס (400 גרם),דיפלומט מפיצים (1968) בעמ**,BE,ממרח ביסקוויט,גרמים,400.00,100 גרם,false,0,25.20,6.30,true,1,
5410126666038,false,"ביסקוויט קרמל לוטוס 279 גרם בד""צ",דיפלומט מפיצים (1968) בעמ**,BE,ביסקוויט לוטוס,גרמים,279.00,100 גרם,false,1,13.90,4.98,true,1,
5410126716016,false,"עוגיות לוטוס ביסקויט קרמל בד""צ 250 גרם",דיפלומט מפיצים (1968) בעמ**,BE,ביסקויט לוטוס,גרמים,250.00,100 גרם,false,0,12.70,5.08,true,1,
5410173210055,false,רומבוטס קפה קלוי וטחון לפילטר 10 יח' 70 גרם,ליימן שליסל בע`מ,BE,קפה לפילטר,גרמים,70.00,100 גרם,false,0,18.90,27.00,true,1,
5410228267515,false,"שישיית בירה לאגר באדוויזר 6*330 מ""ל",הכרם - משקאות חריפים בעמ,GB,בירה באדוויזר6בק,ליטרים,1.98,ליטר,false,1,31.90,16.11,true,1,
5410316983693,false,וודקה סמירנוף אייס בודד 275 מ``ל.,החברה המרכזית להפצת משקאות בעמ,IT,אייס סמירנוף,מיליליטרים,275.00,"100 מ""ל",false,0,13.90,5.05,true,1,
5410769100081,false,"בירה לה שוף קטן 330 מ""ל בקבוק",הכרם משקאות חריפים בעמ,BE,בירה לה שוף,מיליליטרים,330.00,"100 מ""ל",false,1,15.90,4.82,true,1,
5410769200088,false,"בירה מק שוף קטן 330 מ""ל בקבוק",הכרם משקאות חריפים בעמ,BE,בירה מק שוף,מיליליטרים,330.00,"100 מ""ל",false,1,15.90,4.82,true,1,
5410769800097,false,"בירה לה צרי שוף 8% 330 מ""ל בקבוק",הכרם -משקאות חריפים בע`מ,BE,בירה צ'רי שוף,מיליליטרים,330.00,"100 מ""ל",false,1,15.90,4.82,true,1,
>>>>>>> d048ac2f4f281c9d788043ab4e81b61b0dbe3743
5411081000523,false,"בירה קסטיל דונקר 330 מ""ל",מבשלת קסטל ואן הונסברוק,BE,בירה קסטיל דונקר,מיליליטרים,330.00,"100 מ""ל",false,0,12.90,3.91,true,1,
5411081003654,false,"קסטיל בירה רוז 330 מ""ל",מבשלת קסטל ואן הונסב,BE,בירה קסטיל רוז',מיליליטרים,330.00,"100 מ""ל",false,0,12.90,3.91,true,1,
5411188081852,false,אלפרו משקה סויה בטעם וניל 1 ליטר,הנסיך- מפעל לייצור ט,BE,משקה סויה וניל,ליטרים,1.00,ליטר,false,0,17.50,17.50,true,1,
5411188094159,false,רביעיית מעדן סויה שוקו מריר אלפרו 125 גרם,הנסיך- מפעל לייצור ט,BE,מעדן סויה 4 יח',גרמים,500.00,100 גרם,false,0,19.80,3.96,true,1,
5411188096108,false,"אלפרו שמנת צמחית לבישול לייט 250מ""ל",שטראוס גרופ בעמ/מצונן,BE,שמנת צמחית,מיליליטרים,250.00,"100 מ""ל",false,0,10.80,4.32,true,1,
5411188106159,false,אלפרו סויה לייט מופחת שומן 1.2% 1 ליטר,הנסיך- מפעל לייצור ט,BE,משקה סויה אלפרו,ליטרים,1.00,ליטר,false,0,14.90,14.90,true,1,
5411188110835,false,אלפרו חלב סויה שקדים וניל 1ל',הנסיך- מפעל לייצור ט,BE,משקה שקדים אלפרו,ליטרים,1.00,ליטר,false,0,16.80,16.80,true,1,
5411188112709,false,"משקה קוקוס אלפרו 1 ליטר משקה שקדים לל""ס",הנסיך- מפעל לייצור ט,BE,משקה שקדים אלפרו,ליטרים,1.00,ליטר,false,0,16.80,16.80,true,1,
5411188115366,false,משקה קוקוס אלפרו 1 ליטר משקה שיבולת שועל 1 ליטר,הנסיך- מפעל לייצור ט,BE,משקה שיבולת שועל,ליטרים,1.00,ליטר,false,0,16.80,16.80,true,1,
<<<<<<< HEAD
5411188115434,false,משקה אלפרו בריסטה סויה 1 ליטר,אלפרו C.V.A,BE,משקה סויה בריסטה,ליטרים,1.00,ליטר,false,1,17.50,17.50,true,1,
=======
5411188115434,false,משקה אלפרו בריסטה סויה 1 ליטר,"שטראוס גרופ בע""מ",BE,משקה סויה בריסטה,ליטרים,1.00,ליטר,false,1,17.50,17.50,true,1,
>>>>>>> d048ac2f4f281c9d788043ab4e81b61b0dbe3743
5411188115472,false,משקה סויה אלפרו 1 ליטר,הנסיך- מפעל לייצור ט,BE,משקה סויה אלפרו,ליטרים,1.00,ליטר,false,1,14.90,14.90,true,1,
5411188118732,false,משקה קוקוס ושקדים אלפרו (1 ליטר),הנסיך- מפעל לייצור ט,BE,משקה קוקוס שקדים,ליטרים,1.00,ליטר,false,1,16.80,16.80,true,1,
5411188120742,false,משקה קוקוס אלפרו 1 ליטר שקדים וניל 1 ל',הנסיך- מפעל לייצור ט,BE,משקה שקדים וניל,ליטרים,1.00,ליטר,false,1,16.80,16.80,true,1,
5411188121923,false,"משקה סויה מועשר סידן אלפרו 3*250 מ""ל",הנסיך- מפעל לייצור ט,BE,משקה סויה 3 יח,מיליליטרים,750.00,"100 מ""ל",false,1,15.90,2.12,true,1,
5411188121978,false,אלפרו משקה סויה עמיד מועשר בסידן 3*250,שטראוס גרופ בע`מ,BE,משקה סויה 3 יח,מיליליטרים,750.00,"100 מ""ל",false,1,15.90,2.12,true,1,
5411188122586,false,אלפרו משקה אגוזי קשיו 1 ל`,הנסיך- מפעל לייצור ט,BE,משקה שקדים,מיליליטרים,250.00,"100 מ""ל",false,1,6.90,2.76,true,1,
5411188122661,false,אלפרו משקה שקדים לא קלויים ללא תוספת סוכר 1 ל',הנסיך- מפעל לייצור ט,BE,משקה שקדים אלפרו,ליטרים,1.00,ליטר,false,1,16.80,16.80,true,1,
<<<<<<< HEAD
5411188124689,false,משקה אלפרו שיבולת שועל ללא סוכר 1 ליטר,אלפרו C.V.A,BE,משקה ש.שועל,ליטרים,1.00,ליטר,false,1,16.80,16.80,true,1,
5411188124726,false,אלפרו משקה שיבולת שועל שקדים 1 ליטר,הדקלאים אגודת שיתופי,BE,משקה שיבולת שועל,ליטרים,1.00,ליטר,false,1,16.80,16.80,true,1,
5411188126195,false,אלפרו משקה שקדים אורגני 1ל מפוקח סקאל,אלפרו C.V.A,BE,משקה שקדים אלפרו,ליטרים,1.00,ליטר,false,1,16.80,16.80,true,1,
5411188127697,false,אלפרו משקה בריסטה שיבולת שועל 1 ליטר,הנסיך- מפעל לייצור ט,BE,משקה שיבולת שועל,ליטרים,1.00,ליטר,false,1,16.80,16.80,true,1,
5411188129899,false,משקה אלפרו בריסטה שקדים 1 ליטר,הנסיך- מפעל לייצור ט,BE,משקה שקדים אלפרו,ליטרים,1.00,ליטר,false,1,16.80,16.80,true,1,
5411188133490,false,אלפרו משקה סויה קפה קרמל+חלבון 250 גרם בית יוסף,אלפרו C.V.A,BE,משקה סויה קפה,מיליליטרים,250.00,"100 מ""ל",false,1,8.90,3.56,true,1,
5411188134985,false,אלפרו 3.5% NOT M*LK שיבולת שועל 1 ליטר בית יוסף,הנסיך- מפעל לייצור ט,BE,משקה שיבולת שועל,ליטרים,1.00,ליטר,false,1,15.90,15.90,true,1,
5411188135005,false,אלפרו 1.8% NOT M*LK שיבולת שועל 1 ליטר בית יוסף,הנסיך- מפעל לייצור ט,BE,משקה שיבולת שועל,ליטרים,1.00,ליטר,false,1,15.90,15.90,true,1,
5411188300328,false,אלפרו סויה שוקו 1 ליטר * 8 יחי,הנסיך- מפעל לייצור ט,BE,משקה סויה שוקו,ליטרים,1.00,ליטר,false,0,17.50,17.50,true,1,
5411188543398,false,משקה סויה ללא סוכר אלפרו 1 ליטר,הנסיך- מפעל לייצור ט,BE,משקה סויה אלפרו,ליטרים,1.00,ליטר,false,1,14.90,14.90,true,1,
5411616133245,false,בירה מרטנס פחית ירוק500מ,מבשלת מרטנס,BE,בירה מרטנס ירוק,מיליליטרים,500.00,"100 מ""ל",false,0,7.50,1.50,true,1,
5411616148546,false,"בירה מרטינס גולד 500 מ""ל-פחית",מבשלת מרטנס,BE,בירה מרטנס גולד,מיליליטרים,500.00,"100 מ""ל",false,0,7.50,1.50,true,1,
=======
5411188124689,false,משקה אלפרו שיבולת שועל ללא סוכר 1 ליטר,שטראוס גרופ בע`מ,BE,משקה ש.שועל,ליטרים,1.00,ליטר,false,1,16.80,16.80,true,1,
5411188124726,false,משקה שיבולת שועל שקדים 1 ליטר אלפרו,הדקלאים אגודת שיתופי,BE,משקה שיבולת שועל,ליטרים,1.00,ליטר,false,1,16.80,16.80,true,1,
5411188126195,false,אלפרו משקה שקדים אורגני 1ל מפוקח סקאל,שטראוס גרופ בע`מ,BE,משקה שקדים אלפרו,ליטרים,1.00,ליטר,false,1,16.80,16.80,true,1,
5411188127697,false,אלפרו משקה בריסטה שיבולת שועל 1 ליטר,הנסיך- מפעל לייצור ט,BE,משקה שיבולת שועל,ליטרים,1.00,ליטר,false,1,16.80,16.80,true,1,
5411188129899,false,משקה אלפרו בריסטה שקדים 1 ליטר,הנסיך- מפעל לייצור ט,BE,משקה שקדים אלפרו,ליטרים,1.00,ליטר,false,1,16.80,16.80,true,1,
5411188133490,false,אלפרו משקה סויה קפה קרמל+חלבון 250 גרם בית יוסף,שטראוס גרופ בעמ/מצונן,BE,משקה סויה קפה,מיליליטרים,250.00,"100 מ""ל",false,1,8.90,3.56,true,1,
5411188134985,false,אלפרו 3.5% NOT M*LK שיבולת שועל 1 ליטר בית יוסף,שטראוס גרופ בעמ/מצונן,BE,משקה שיבולת שועל,ליטרים,1.00,ליטר,false,1,15.90,15.90,true,1,
5411188135005,false,אלפרו 1.8% NOT M*LK שיבולת שועל 1 ליטר בית יוסף,שטראוס גרופ בעמ/מצונן,BE,משקה שיבולת שועל,ליטרים,1.00,ליטר,false,1,15.90,15.90,true,1,
5411188300328,false,אלפרו משקה סויה עמיד בטעם שוקו 1 ליטר,הנסיך- מפעל לייצור ט,BE,משקה סויה שוקו,ליטרים,1.00,ליטר,false,0,17.50,17.50,true,1,
5411188543398,false,משקה סויה ללא סוכר אלפרו 1 ליטר,הנסיך- מפעל לייצור ט,BE,משקה סויה אלפרו,ליטרים,1.00,ליטר,false,1,14.90,14.90,true,1,
5411616133245,false,בירה מרטנס פחית ירוק500מ,החברה המרכזית להפצת משקאות בעמ,BE,בירה מרטנס ירוק,מיליליטרים,500.00,"100 מ""ל",false,0,7.50,1.50,true,1,
5411616148546,false,"בירה מרטינס גולד 500 מ""ל-פחית",החברה המרכזית להפצת משקאות בעמ,BE,בירה מרטנס גולד,מיליליטרים,500.00,"100 מ""ל",false,0,7.50,1.50,true,1,
>>>>>>> d048ac2f4f281c9d788043ab4e81b61b0dbe3743
5412956221173,false,שוקולד קאשט מריר 70% קקאו 180 גר,KIMS,BE,שוקולד מריר,גרמים,180.00,100 גרם,false,1,17.90,9.94,true,1,
5412956221203,false,שוקולד חלב קאשט שברי קרמל ומלח ים 180 גר,KIMS,BE,שוקולד חלב,גרמים,180.00,100 גרם,false,1,17.90,9.94,true,1,
5413548040479,false,בונבוניירה רפאלו 240 גרם,פרימיום-חברה לדברי מתיקה ולמסח,PL,בונבוניירה רפאלו,גרמים,240.00,100 גרם,false,0,26.90,11.21,true,1,
5600395030689,false,סרדין בשמן סויה חריף115ג,קופיסה אס.איי,PT,סרדין בשמן,גרמים,115.00,100 גרם,false,0,8.90,7.74,true,1,
5600395034076,false,טונה בהירה בשמן זית אורגני 110 גרם,קופיסה אס.איי,PT,נתחי טונה בהירה,גרמים,120.00,100 גרם,false,1,10.90,9.08,true,1,
5601008200444,false,עוגיות גודיס טבעות מצופות שוקולד חלב מרבה 150 גרם,הנסיך- מפעל לייצור ט,PT,עוגיות גודיס,גרמים,150.00,100 גרם,false,0,7.90,5.27,true,1,
5601008200468,false,עוגיות גודיס טבעות מצופות שוקולד לבו מרבה 150 גרם,קריניציה ויטמינה אס,PT,עוגיות גודיס,גרמים,150.00,100 גרם,false,0,7.90,5.27,true,1,
5701932026964,false,"הוטפופ גרעיני תירס להכנת פופקורן במיקרוגל בטעם טבעי, בתוספת מלח, 600 גרם",ליימן שליסל בע`מ,US,פופקורן הוטפופ,גרמים,600.00,100 גרם,false,0,16.90,2.82,true,1,
5701932026971,false,הוטפופ גרעיני תירס להכנת פופקורן במיקרוגל בטעם חמאה 600 גרם,ליימן שליסל בע`מ,US,הוטפופ טעם חמאה,גרמים,600.00,100 גרם,false,0,16.90,2.82,true,1,
5701932026995,false,"הוטפופ גרעיני תירס להכנת פופקורן במיקרוגל בטעם טבעי מופחת שומן, 510 גרם",קריניציה ויטמינה אס,US,הוטפופ טעם טבעי,גרמים,510.00,100 גרם,false,0,16.90,3.31,true,1,
<<<<<<< HEAD
5710840210013,false,באלי לבן סופר עדין 40גרם,סקמדינביין טובקו,DK,באלי לבן,גרמים,40.00,100 גרם,false,1,99.00,247.50,false,1,
5711953106583,false,גבינת שמנת בטעם טבעי 200 גרם ארלה,ארלה פודס אמבה,DK,ארלה גבינת שמנת,גרמים,200.00,100 גרם,false,1,16.90,8.45,true,1,
5740900403215,false,ממרח מחמאת לורפק עם מלח 250 ג',ארלה פודס אמבה,DK,ממרח לורפק,גרמים,250.00,100 גרם,false,1,17.90,7.16,true,1,
5740900403222,false,ממרח לורפק חמאה עם מלח מופחת שומן 250 ג,ארלה פודס אמבה,DK,ממרח לורפק,גרמים,250.00,100 גרם,false,1,17.90,7.16,true,1,
5740900403239,false,ממרח לורפק ללא תוספת מלח 250 גר,ארלה פודס אמבה,DK,ממרח לורפק,גרמים,250.00,100 גרם,false,1,17.90,7.16,true,1,
5740900403246,false,ממרח לורפק ללא תוספת מלח 500 גר,ארלה פודס אמבה,DK,ממרח לורפק,גרמים,500.00,100 גרם,false,1,29.80,5.96,true,1,
5740900403253,false,ממרח מחמאת לורפק עם מלח 500 ג',ארלה פודס אמבה,DK,ממרח לורפק,גרמים,500.00,100 גרם,false,1,29.80,5.96,true,1,
5900020015174,false,פיטנס חטיפי אנרגיה דגנים בטעם שוקולד נסטלה 6*23.5 גרם,מיוצר עי קונדיטוריית,PL,חטיפי פיטנס 6 יח,גרמים,141.00,100 גרם,false,0,17.90,12.70,true,1,
5900020018908,false,פיטנס חטיפי אנרגיה דגנים בטעם קרם עוגיות נסטלה 6*23.5 גרם,מיוצר עי קונדיטוריית,PL,חטיפי פיטנס 6 יח,גרמים,141.00,100 גרם,false,0,17.90,12.70,true,1,
5900020026552,false,דגני בוקר האני נאט צ'יריוס בטעם דבש ושקדים,נסטלה צרפת איטנקורט,FR,האני נאט צ'יריוס,גרמים,625.00,100 גרם,false,1,27.90,4.46,true,1,
5900020034021,false,חטיף דגנים פיטנס שוקולד בננה 141 גרם,מיוצר עי קונדיטוריית,PL,חטיפי פיטנס 6 יח,גרמים,141.00,100 גרם,false,1,17.90,12.70,true,1,
5900020036407,false,ליון דגני בוקר שוקולד וקרמל נסטלה 480 גרם,נסטלה פולין דגני בוק,PL,ליון דגני בוקר,גרמים,480.00,100 גרם,false,1,26.90,5.60,true,1,
5900020041142,false,קורנפלקס פיטנס 500 ג' אסם,סי.פי.פולין,PL,קורנפלקס פיטנס,גרמים,500.00,100 גרם,false,1,13.90,2.78,true,1,
5900627063233,false,טבליות למדיח הכל ב-1 פיניש מקס 50 יחידות,רקיט בנקיזר,PL,פיניש AIO,יחידה,1.00,יחידה,false,1,36.90,36.90,true,1,
5900907000583,false,מלפפונים שלמים בחומץ900ג,סגל דברים טובים,PL,מלפפונים בחומץ,גרמים,900.00,100 גרם,false,0,16.80,1.87,true,1,
5900907000965,false,פטיסונים בחומץ 860 גרם,סגל דברים טובים,PL,פטיסונים בחומץ,גרמים,860.00,100 גרם,false,0,22.10,2.57,true,1,
5900907001429,false,תערובת ירקות כבושים920גר,סגל דברים טובים,PL,תערובת ירקות,גרמים,910.00,100 גרם,false,0,16.80,1.85,true,1,
5900951283963,false,חטיף סניקרס עם חמאת בוטנים Creamy Peanut Butter,סנו מפעלי ברונוס.,PL,חטיף סניקרס קרימ,גרמים,36.00,100 גרם,false,1,4.60,12.78,true,1,
5901414200411,false,בלזן היט מיני ביסקוויט סנדוויץ' עם מילוי קרם בטעם שוקולד 130 גרם,ליימן שליסל,PL,היט מיניס שוקו,גרמים,130.00,100 גרם,false,0,6.90,5.31,true,1,
5902198160403,false,XL משקה אנרגיה מוגז ללא סוכר עד 10 קלוריות לפחית 250 מל,"טמפו משקאות בע""\מ",IL,משקה אנרגיה,מיליליטרים,250.00,"100 מ""ל",false,1,4.90,1.96,true,1,
5906485301012,false,"משקה אנרגיה XL פחית 250 מ""ל","טמפו משקאות בע""מ",IL,משקה אנרגיה XL,מיליליטרים,250.00,"100 מ""ל",false,0,4.90,1.96,true,1,
5997010301010,false,מחית פפריקה מתוקה 70 גרם,יוניוור,HU,מחית פפריקה,גרמים,70.00,100 גרם,false,0,11.90,17.00,true,1,
5998623526739,false,"יין הונגרי גוורצטרמינר 750 מ""ל כשר",דנוביאנה,HU,יין גוורצטרמינר,מיליליטרים,750.00,"100 מ""ל",false,1,39.90,5.32,true,1,
5998749108536,false,חטיף ויסקס סלמון 60 גרם,ויסקס Whiskas,HU,חטיף לחתול סלמון,גרמים,60.00,100 גרם,false,0,10.90,18.17,true,1,
6111094000259,false,קוסקוס דארי בינוני 500ג'18X,דארי קוספאט אס. איי. או,MA,קוסקוס דארי,גרמים,500.00,100 גרם,false,1,10.90,2.18,true,1,
6910191800287,false,אצות נורי בלו 10 דף (ננגטונג),ננטונג היידה אקווטוק,CN,אצות ים נורי,גרמים,28.00,100 גרם,false,0,13.90,49.64,true,1,
6912977000140,false,אטריות שעועית 250 גר' ( Yantai)ללא גלוטן(כ),יאנטאי ינסידה לנוגקא,CN,אטריות שעועית,גרמים,250.00,100 גרם,false,0,9.80,3.92,true,1,
6921052701001,false,אצות וואקמה 40 גרם (רונגצ'אנג)(כ),ננטונג הידה אקוטיק פ,CN,אצות ווקאמה,גרמים,40.00,100 גרם,false,0,9.90,24.75,true,1,
6934731200078,false,אטריות טריות דקות מזרח מערב 200 גרם,יאנטאי ינסידה לנוגקא,CN,אטריות טריות,גרמים,200.00,100 גרם,false,1,7.90,3.95,true,1,
6934731210138,false,אטריות טריות עבות מזרח מערב 200 גרם,יאנטאי ינסידה לנוגקא,CN,אטריות טריות,גרמים,200.00,100 גרם,false,1,7.90,3.95,true,1,
6935325410118,false,שום יבוא יחידה,קטיף.,XX,שום יבוא,גרמים,190.00,100 גרם,false,0,6.90,3.63,true,1,
6936745600462,false,רוטב מירין לתיבול מז,דאנינג יוה פודס קו,CN,"מירין 500 מ""ל",מיליליטרים,500.00,"100 מ""ל",false,0,21.90,4.38,true,1,
6936745600783,false,"חומץ אורז מזרח מערב 500 מ""ל",דאנינג יוה פודס קו,CN,חומץ אורז 500 מל,מיליליטרים,500.00,"100 מ""ל",false,0,16.70,3.34,true,1,
=======
5710840210013,false,בא לי שג לבן סופר עדין 40גר,סקמדינביין טובקו,DK,באלי לבן,גרמים,40.00,100 גרם,false,1,99.00,247.50,false,1,
5711953106583,false,גבינת שמנת בטעם טבעי 200 גרם ארלה,שטראוס גרופ בעמ/מצונן,DK,ארלה גבינת שמנת,גרמים,200.00,100 גרם,false,1,16.90,8.45,true,1,
5740900403215,false,ממרח חמאה דנית לורפק עם מלח 250 גרם,שטראוס גרופ בעמ/מצונן,DK,ממרח לורפק,גרמים,250.00,100 גרם,false,1,17.90,7.16,true,1,
5740900403222,false,ממרח לורפק חמאה עם מלח מופחת שומן 250 ג,שטראוס גרופ בעמ/מצונן,DK,ממרח לורפק,גרמים,250.00,100 גרם,false,1,17.90,7.16,true,1,
5740900403239,false,ממרח חמאה דנית לורפק ללא מלח 250 גרם,שטראוס גרופ בעמ/מצונן,DK,ממרח לורפק,גרמים,250.00,100 גרם,false,1,17.90,7.16,true,1,
5740900403246,false,ממרח לורפק ללא תוספת מלח 500 גר,שטראוס גרופ בעמ/מצונן,DK,ממרח לורפק,גרמים,500.00,100 גרם,false,1,29.80,5.96,true,1,
5740900403253,false,ממרח מחמאת לורפק עם מלח 500 ג',שטראוס גרופ בעמ/מצונן,DK,ממרח לורפק,גרמים,500.00,100 גרם,false,1,29.80,5.96,true,1,
5900020015174,false,פיטנס חטיפי אנרגיה דגנים בטעם שוקולד נסטלה 6*23.5 גרם,קבוצת אוסם סחר-שות.מוגבלת,PL,חטיפי פיטנס 6 יח,גרמים,141.00,100 גרם,false,0,17.90,12.70,true,1,
5900020018908,false,פיטנס חטיפי אנרגיה דגנים בטעם קרם עוגיות נסטלה 6*23.5 גרם,קבוצת אוסם סחר-שות.מוגבלת,PL,חטיפי פיטנס 6 יח,גרמים,141.00,100 גרם,false,0,17.90,12.70,true,1,
5900020026552,false,דגני בוקר האני נאט צ'יריוס בטעם דבש ושקדים,קבוצת אוסם סחר שותפות מוגבלת,FR,האני נאט צ'יריוס,גרמים,625.00,100 גרם,false,1,27.90,4.46,true,1,
5900020034021,false,פיטנס חטיף דגנים שוקו בננה נסטלה (23.5x6,קבוצת אוסם סחר שותפות מוגבלת,PL,חטיפי פיטנס 6 יח,גרמים,141.00,100 גרם,false,1,17.90,12.70,true,1,
5900020036407,false,ליון דגני בוקר שוקולד וקרמל נסטלה 480 גרם,קבוצת אוסם סחר שותפות מוגבלת,PL,ליון דגני בוקר,גרמים,480.00,100 גרם,false,1,26.90,5.60,true,1,
5900020041142,false,קורנפלקס פיטנס 500 ג' אסם,קבוצת אוסם סחר-שות.מוגבלת,PL,קורנפלקס פיטנס,גרמים,500.00,100 גרם,false,1,13.90,2.78,true,1,
5900627063233,false,טבליות למדיח הכל ב-1 פיניש מקס 50 יחידות,רקיט בנקיזר (ניר איסט) בעמ,PL,פיניש AIO,יחידה,1.00,יחידה,false,1,36.90,36.90,true,1,
5900907000583,false,מלפפון בחומץ 920 גרם צנצנת,דברים טובים סגל בעמ,PL,מלפפונים בחומץ,גרמים,900.00,100 גרם,false,0,16.80,1.87,true,1,
5900907000965,false,פטיסון מלפפון בחומץ 910 גר`צנצנת,דברים טובים סגל בעמ,PL,פטיסונים בחומץ,גרמים,860.00,100 גרם,false,0,22.10,2.57,true,1,
5900907001429,false,תערובת ירקות בחומץ 910 גרם צנצנת,דברים טובים סגל בעמ,PL,תערובת ירקות,גרמים,910.00,100 גרם,false,0,16.80,1.85,true,1,
5900951283963,false,חטיף סניקרס עם חמאת בוטנים Creamy Peanut Butter,"מרס ריגלי ישראל בע""מ",PL,חטיף סניקרס קרימ,גרמים,36.00,100 גרם,false,1,4.60,12.78,true,1,
5901414200411,false,בלזן היט מיני ביסקוויט סנדוויץ' עם מילוי קרם בטעם שוקולד 130 גרם,ליימן שליסל בע`מ,PL,היט מיניס שוקו,גרמים,130.00,100 גרם,false,0,6.90,5.31,true,1,
5902198160403,false,XL משקה אנרגיה מוגז ללא סוכר עד 10 קלוריות לפחית 250 מל,"טמפו משקאות בע""\מ",IL,משקה אנרגיה,מיליליטרים,250.00,"100 מ""ל",false,1,4.90,1.96,true,1,
5906485301012,false,משקה אנרגיה XL מוגז פחית 250 מל,טמפו משקאות בע`מ,IL,משקה אנרגיה XL,מיליליטרים,250.00,"100 מ""ל",false,0,4.90,1.96,true,1,
5997010301010,false,מחית פפריקה מתוקה 70 גר`תבליני טעם וריח,תבליני טעם וריח בעמ,HU,מחית פפריקה,גרמים,70.00,100 גרם,false,0,11.90,17.00,true,1,
5998623526739,false,יין גוורצטרמינר חצי מתוק סי גראס 750 מ,מ. אקרמן בעמ,HU,יין גוורצטרמינר,מיליליטרים,750.00,"100 מ""ל",false,1,39.90,5.32,true,1,
5998749108536,false,חטיף ויסקס סלמון 60 גרם,שחורי אריה ואנסטסיה,HU,חטיף לחתול סלמון,גרמים,60.00,100 גרם,false,0,10.90,18.17,true,1,
6111094000259,false,קוסקוס להכנה מהירה דארי (500 גרם),תומר ייבוא ושיווק מוצרי מזון [,MA,קוסקוס דארי,גרמים,500.00,100 גרם,false,1,10.90,2.18,true,1,
6910191800287,false,אצות נורי בלו 10 דף (ננגטונג),מזרח ומערב יבוא ושיווק,CN,אצות ים נורי,גרמים,28.00,100 גרם,false,0,13.90,49.64,true,1,
6912977000140,false,אטריות שעועית 250 גר' ( Yantai)ללא גלוטן(כ),מזרח ומערב יבוא ושיווק,CN,אטריות שעועית,גרמים,250.00,100 גרם,false,0,9.80,3.92,true,1,
6921052701001,false,אצות וואקמה 40 גרם (רונגצ'אנג)(כ),מזרח ומערב יבוא ושיווק,CN,אצות ווקאמה,גרמים,40.00,100 גרם,false,0,9.90,24.75,true,1,
6934731200078,false,אטריות טריות דקות מזרח מערב 200 גרם,יאנטאי ינסידה לנוגקא,CN,אטריות טריות,גרמים,200.00,100 גרם,false,1,7.90,3.95,true,1,
6934731210138,false,אטריות טריות עבות מזרח מערב 200 גרם,יאנטאי ינסידה לנוגקא,CN,אטריות טריות,גרמים,200.00,100 גרם,false,1,7.90,3.95,true,1,
6935325410118,false,שום יבוא יחידה,קטיף.,XX,שום יבוא,גרמים,190.00,100 גרם,false,0,6.90,3.63,true,1,
6936745600462,false,רוטב מירין לתיבול מז,מזרח ומערב יבוא ושיווק,CN,"מירין 500 מ""ל",מיליליטרים,500.00,"100 מ""ל",false,0,21.90,4.38,true,1,
6936745600783,false,"חומץ אורז מזרח מערב 500 מ""ל",מזרח ומערב יבוא ושיווק,CN,חומץ אורז 500 מל,מיליליטרים,500.00,"100 מ""ל",false,0,16.70,3.34,true,1,
>>>>>>> d048ac2f4f281c9d788043ab4e81b61b0dbe3743
6941156100166,false,מחית סויה אדומה - אקא מיסו 500 גר '(דליאן),מזרח ומערב,CN,מחית סויה אדומה,גרמים,500.00,100 גרם,false,0,14.90,2.98,true,1,
6974640730167,false,פטריות שיטאקה 100 גר (כ) (Zhejiang),מזרח ומערב יבוא ושיווק,CN,פטריות שיטאקה,גרמים,100.00,100 גרם,false,1,15.90,15.90,true,1,
7271730901261,false,ווקי מאק ארוחת אטריות עם גבינה 156 גרם,ניו וורלד פסטה קומפנ,US,ארוחת אטריות,גרמים,156.00,100 גרם,false,0,11.80,7.56,true,1,
7290000000022,true,עגבניות חממה,קטיף.,IL,עגבניה,קילוגרמים,0.00,"ק""ג",true,0,7.90,7.90,true,1,
7290000000046,true,מלפפונים,קטיף.,IL,מלפפונים,קילוגרמים,0.00,"ק""ג",true,0,7.90,7.90,true,1,
7290000000053,true,קישואים,קטיף.,IL,קישואים,קילוגרמים,0.00,"ק""ג",true,0,9.90,9.90,true,1,
7290000000084,true,פלפל ירוק בהיר,שותפות מזרחי,IL,פלפל ירוק בהיר,קילוגרמים,0.00,"ק""ג",true,0,10.90,10.90,true,1,
7290000000091,true,פלפל אדום,קטיף.,IL,פלפל אדום,קילוגרמים,0.00,"ק""ג",true,0,10.90,10.90,true,1,
7290000000107,true,פלפל ירוק כהה,קטיף.,IL,פלפל ירוק כהה,קילוגרמים,0.00,"ק""ג",true,0,9.90,9.90,true,1,
7290000000114,true,חצילים,קטיף.,IL,חצילים,קילוגרמים,0.00,"ק""ג",true,0,8.90,8.90,true,1,
7290000000121,true,גזר ארוז,קטיף.,IL,גזר ארוז,קילוגרמים,0.00,"ק""ג",true,0,5.90,5.90,true,1,
7290000000138,true,כרוב לבן,קטיף.,IL,כרוב לבן,קילוגרמים,0.00,"ק""ג",true,0,5.90,5.90,true,1,
7290000000145,true,כרוב אדום,קטיף.,IL,כרוב אדום,קילוגרמים,0.00,"ק""ג",true,0,5.90,5.90,true,1,
7290000000176,true,כרובית,קטיף.,IL,כרובית,קילוגרמים,0.00,"ק""ג",true,0,11.90,11.90,true,1,
7290000000183,true,סלק,קטיף.,IL,סלק,קילוגרמים,0.00,"ק""ג",true,0,5.90,5.90,true,1,
7290000000220,true,קולורבי,קטיף.,IL,קולורבי,קילוגרמים,0.00,"ק""ג",true,0,9.90,9.90,true,1,
7290000000282,true,חסה ערבית יחידה,קטיף,IL,חסה ערבית,יחידה,1.00,יחידה,false,0,5.90,5.90,true,1,
7290000000350,true,מנגולד )סלק עלים( יחידה,קטיף.,IL,פזיל/ מנגולד,יחידה,1.00,יחידה,false,0,6.90,6.90,true,1,
7290000000411,true,שום - רביעייה במארז,קטיף.,XX,שום מארז,גרמים,190.00,100 גרם,false,0,6.90,3.63,true,1,
7290000000428,true,בטטות מובחר,קטיף.,IL,בטטה,קילוגרמים,0.00,"ק""ג",true,0,10.90,10.90,true,1,
7290000000435,true,סלרי עלים יחידה,קטיף,IL,סלרי עלים,יחידה,1.00,יחידה,false,0,6.90,6.90,true,1,
7290000000466,true,בצל ירוק יחידה,קטיף.,IL,בצל ירוק,יחידה,1.00,יחידה,false,0,6.90,6.90,true,1,
7290000000480,true,בצל יבש,קטיף.,IL,בצל יבש,קילוגרמים,0.00,"ק""ג",true,0,5.90,5.90,true,1,
7290000000503,true,תפוח אדמה קטן ארוז,קטיף.,IL,"תפו""א קטן ארוז",קילוגרמים,0.00,"ק""ג",true,0,7.90,7.90,true,1,
7290000000510,true,פטרוזיליה יחידה,קטיף.,IL,פטרוזיליה,יחידה,1.00,יחידה,false,0,4.90,4.90,true,1,
7290000000527,true,שמיר יחידה,קטיף,IL,שמיר,יחידה,1.00,יחידה,false,0,4.90,4.90,true,1,
7290000000534,true,סלרי ראש יחידה,קטיף,IL,סלרי ראש,יחידה,1.00,יחידה,false,0,6.90,6.90,true,1,
7290000000541,true,שורש פטרוזיליה,קטיף,IL,שורש,יחידה,1.00,יחידה,false,0,6.90,6.90,true,1,
7290000000558,true,כוסברה יחידה,קטיף.,IL,כוסברה,יחידה,1.00,יחידה,false,0,4.90,4.90,true,1,
7290000000565,true,נענע יחידה,קטיף,IL,נענע,יחידה,1.00,יחידה,false,0,4.90,4.90,true,1,
7290000000572,true,שומר,קטיף.,IL,שומר,קילוגרמים,0.00,"ק""ג",true,0,9.90,9.90,true,1,
7290000000589,true,"ארטישוק/תפו""א ירושלמי",קטיף.,IL,"ארטישוק/תפו""א",קילוגרמים,0.00,"ק""ג",true,0,15.90,15.90,true,1,
7290000000596,true,תפוח אדמה לבן תפזורת,קטיף.,IL,תפוח אדמה תפזורת,קילוגרמים,0.00,"ק""ג",true,0,5.90,5.90,true,1,
7290000000619,true,פלפל חריף,שותפות מזרחי,IL,פלפל חריף,קילוגרמים,0.00,"ק""ג",true,0,10.90,10.90,true,1,
7290000000633,true,עירית יחידה,קטיף,IL,עירית יחידה,יחידה,1.00,יחידה,false,0,6.90,6.90,true,1,
7290000000701,true,פטריות שמפניון למילוי,קטיף.,IL,שמפניון למילוי,קילוגרמים,0.00,"ק""ג",true,0,36.90,36.90,true,1,
7290000000718,true,פטריות חורש במשקל,קטיף.,IL,פטריות חורש,קילוגרמים,0.00,"ק""ג",true,0,36.90,36.90,true,1,
7290000000732,true,דלורית,קטיף.,IL,דלורית,קילוגרמים,0.00,"ק""ג",true,0,7.90,7.90,true,1,
7290000000794,true,גבעולי סלרי יחידה,יראון עבודות חקלאיות,IL,גבעולי סלרי,יחידה,1.00,יחידה,false,0,6.90,6.90,true,1,
7290000000824,true,קשוא ירוק )זוקיני(,קטיף.,IL,קשוא ירוק,קילוגרמים,0.00,"ק""ג",true,0,9.90,9.90,true,1,
7290000000848,true,תירס קלוף ארוז,קטיף.,IL,תירס קלוף ארוז,קילוגרמים,0.00,"ק""ג",true,0,9.90,9.90,true,1,
7290000000855,true,פלפל צהוב,קטיף.,IL,פלפל צהוב,קילוגרמים,0.00,"ק""ג",true,0,10.90,10.90,true,1,
7290000000916,true,עגבניה שרי סוכריות יח,קטיף.,IL,עגבניה שרי בודד,יחידה,1.00,יחידה,false,0,10.90,10.90,true,1,
7290000000930,true,קישוא עגול,קטיף.,IL,קישוא עגול,קילוגרמים,0.00,"ק""ג",true,0,14.90,14.90,true,1,
7290000000954,true,רוקט ג.נחל חידה,קטיף.,IL,רוקט+ג.נחל-יח,יחידה,1.00,יחידה,false,0,6.90,6.90,true,1,
7290000001036,true,בצל יבש אדום,קטיף.,XX,בצל יבש אדום,קילוגרמים,0.00,"ק""ג",true,0,7.90,7.90,true,1,
7290000001050,true,בזיליקום יחידה,קטיף,IL,בזיליקום יחידה,יחידה,1.00,יחידה,false,0,6.50,6.50,true,1,
7290000001661,true,גזר תפזורת,קטיף.,IL,גזר תפזורת,קילוגרמים,0.00,"ק""ג",true,0,5.90,5.90,true,1,
7290000001715,true,תפוח אדמה לבן ארוז,קטיף.,IL,תפוח אדמה לבן,קילוגרמים,0.00,"ק""ג",true,0,4.90,4.90,true,1,
7290000001722,true,תפוח אדמה אדום תפזורת,קטיף.,IL,"תפו""א אדום תפז'",קילוגרמים,0.00,"ק""ג",true,0,6.90,6.90,true,1,
7290000002026,true,לחם אחיד 750 גרם,מאפית ברמן,IL,לחם אחיד,גרמים,750.00,100 גרם,false,0,5.10,0.68,true,1,
7290000002040,true,חלה רגילה 500 גרם,מאפית ברמן,IL,חלה רגילה,גרמים,500.00,100 גרם,false,0,5.10,1.02,true,1,
7290000002071,true,חלה קלועה רגילה 500 גרם,מאפית ברמן,IL,חלה קלועה רגילה,גרמים,500.00,100 גרם,false,0,5.10,1.02,true,1,
<<<<<<< HEAD
7290000023083,false,ערק אשקלון בקבוק 700,"יקבי ברקן בע""\מ",IL,ערק אשקלון,מיליליטרים,700.00,"100 מ""ל",false,0,54.90,7.84,true,1,
7290000023809,false,"יין קלאסיק קברנה סוביניון ברקן 750 מ""ל",יקבי ברקן שיווק והפצה בע,IL,קברנה קלאסיק,מיליליטרים,750.00,"100 מ""ל",false,0,33.90,4.52,true,1,
7290000023816,false,"יין קלאסיק אמרלד ריזלינג ברקן 750 מ""ל",יקבי ברקן שיווק והפצה בע,IL,ריזלינג קלאסיק,מיליליטרים,750.00,"100 מ""ל",false,0,33.90,4.52,true,1,
7290000023823,false,"יין קלאסיק סוביניון בלאן ברקן 750 מ""ל",יקבי ברקן שיווק והפצה בע,IL,סוביניון בלאן,מיליליטרים,750.00,"100 מ""ל",false,0,33.90,4.52,true,1,
7290000023830,false,יין קלאסיק שיראז רוזה 750 מל,יקבי ברקן שיווק והפצה בע,IL,רוזה קלאסיק,מיליליטרים,750.00,"100 מ""ל",false,0,33.90,4.52,true,1,
7290000023847,false,"יין קלאסיק שרדונה ברקן 750 מ""ל",יקבי ברקן שיווק והפצה בע,IL,יין לבן שרדונה,מיליליטרים,750.00,"100 מ""ל",false,0,33.90,4.52,true,1,
7290000023977,false,"יין קלאסיק מרלו ברקן 750 מ""ל",יקבי ברקן שיווק והפצה בע,IL,מרלו קלאסיק,מיליליטרים,750.00,"100 מ""ל",false,0,33.90,4.52,true,1,
7290000034256,false,ביסקוויט תירוש חצי מצופה הדר 175ג',אפיפית נצרת תעשיות ב,IL,ביסקוויט תירוש,גרמים,175.00,100 גרם,false,0,6.90,3.94,true,1,
7290000040042,false,יופלה יוגורט תות %3 גביע 150 גרם,תנובה חלב,IL,יופלה תות 3%,גרמים,150.00,100 גרם,false,0,5.20,3.47,true,1,
7290000040066,false,יופלה יוגורט דובדבן %3 גביע 150 גרם,תנובה מרכז שיתופי לש,IL,יופלה דובדבן3%,גרמים,150.00,100 גרם,false,0,5.20,3.47,true,1,
7290000040080,false,יופלה יוגורט אפרסק %3 גביע 150 גרם,תנובה חלב,IL,יופלה אפרסק3%,גרמים,150.00,100 גרם,false,0,5.20,3.47,true,1,
=======
7290000023083,false,ערק אשקלון בקבוק 700,טמפו משקאות בע`מ,IL,ערק אשקלון,מיליליטרים,700.00,"100 מ""ל",false,0,54.90,7.84,true,1,
7290000023809,false,קלאסיק קברנה סובניון יקבי ברקן (750 מל),יקבי ברקן שיווק והפצה בע,IL,קברנה קלאסיק,מיליליטרים,750.00,"100 מ""ל",false,0,33.90,4.52,true,1,
7290000023816,false,קלאסיק אמרלד ריזלינג יקבי ברקן (750 מל),יקבי ברקן שיווק והפצה בע,IL,ריזלינג קלאסיק,מיליליטרים,750.00,"100 מ""ל",false,0,33.90,4.52,true,1,
7290000023823,false,"יין קלאסיק סוביניון בלאן ברקן 750 מ""ל",יקבי ברקן שיווק והפצה בע,IL,סוביניון בלאן,מיליליטרים,750.00,"100 מ""ל",false,0,33.90,4.52,true,1,
7290000023830,false,יין קברנה בלאש סמוק ברקן קלאסי,יקבי ברקן שיווק והפצה בע,IL,רוזה קלאסיק,מיליליטרים,750.00,"100 מ""ל",false,0,33.90,4.52,true,1,
7290000023847,false,קלאסיק שרדונה יקבי ברקן (750 מל),יקבי ברקן שיווק והפצה בע,IL,יין לבן שרדונה,מיליליטרים,750.00,"100 מ""ל",false,0,33.90,4.52,true,1,
7290000023977,false,קלאסיק מרלו יקבי ברקן (750 מל),יקבי ברקן שיווק והפצה בע,IL,מרלו קלאסיק,מיליליטרים,750.00,"100 מ""ל",false,0,33.90,4.52,true,1,
7290000034256,false,ביסקוויט תירוש חצי מצופה 175 ג`הדר*,ח.כהן סוכנות מזון ומשקאות בע,IL,ביסקוויט תירוש,גרמים,175.00,100 גרם,false,0,6.90,3.94,true,1,
7290000040042,false,יופלה יוגורט תות %3 גביע 150 גרם,"תנובה בע""מ ***",IL,יופלה תות 3%,גרמים,150.00,100 גרם,false,0,5.20,3.47,true,1,
7290000040066,false,יופלה יוגורט דובדבן %3 גביע 150 גרם,תנובה מרכז שיתופי לש,IL,יופלה דובדבן3%,גרמים,150.00,100 גרם,false,0,5.20,3.47,true,1,
7290000040080,false,יופלה יוגורט אפרסק %3 גביע 150 גרם,"תנובה בע""מ ***",IL,יופלה אפרסק3%,גרמים,150.00,100 גרם,false,0,5.20,3.47,true,1,
>>>>>>> d048ac2f4f281c9d788043ab4e81b61b0dbe3743
7290000040301,false,תנובה עין גדי קממבר מחלב בקר 24% שומן,תנובה מרכז שיתופי לש,IL,עין גדי קממבר,גרמים,125.00,100 גרם,false,0,20.60,16.48,true,1,
7290000040318,false,גבינת עדי ברי 24% קולאז` (125 גרם)קולקש,תנובה מרכז שיתופי לש,IL,גבינת עדי ברי24%,גרמים,125.00,100 גרם,false,0,21.60,17.28,true,1,
7290000040974,false,חלב 2% דל לקטוז בקרטון תנובה (1 ליטר),תנובה מרכז שיתופי לש,IL,חלב טרי דל לקטוז,ליטרים,1.00,ליטר,false,0,7.20,7.20,true,1,
7290000041445,false,קוטג תנובה גביע 250 גרם 5% בדצ,מיוצר עי קונדיטוריית,IL,קוטג' תנובה 5%,גרמים,250.00,100 גרם,false,0,5.70,2.28,true,1,
<<<<<<< HEAD
7290000041858,false,"שמנת חמוצה 15% מועשרת יטבתה 200 מ""ל",שטראוס גרופ,IL,שמנת חמוצה יטבתה,מיליליטרים,200.00,"100 מ""ל",false,0,2.40,1.20,true,1,
7290000042015,false,"חלב שתייה תנובה בד""צ בשקית 1 ליטר",תנובה מרכז שיתופי לש,IL,חלב 3% שקית,ליטרים,1.00,ליטר,false,0,5.43,5.43,true,1,
7290000042435,false,חלב דל שומן בקרטון+פקק תנובה 1 ליטר,תנובה מרכז שיתופי לש,IL,חלב 1% בקרטון,ליטרים,1.00,ליטר,false,0,5.86,5.86,true,1,
7290000042442,false,"חלב תנובה טרי 3% ""תנובה"" - מוצר בפיקוח",תנובה חלב,IL,חלב תנובה 3%,ליטרים,1.00,ליטר,false,0,6.23,6.23,true,1,
7290000042503,false,חלב עמיד קרטון 3% 1 ל' תנובה,תנובה מרכז שיתופי לש,IL,חלב עמיד 3%,ליטרים,1.00,ליטר,false,0,7.10,7.10,true,1,
=======
7290000041858,false,"שמנת חמוצה 15% מועשרת יטבתה 200 מ""ל",שטראוס גרופ בעמ/מצונן,IL,שמנת חמוצה יטבתה,מיליליטרים,200.00,"100 מ""ל",false,0,2.40,1.20,true,1,
7290000042015,false,חלב 3% בשקית בדצ תנובה (1 ליטר)פיקוח,תנובה מרכז שיתופי לש,IL,חלב 3% שקית,ליטרים,1.00,ליטר,false,0,5.43,5.43,true,1,
7290000042435,false,חלב דל שומן 1% בקרטון תנובה (1 ליטר)פיק,תנובה מרכז שיתופי לש,IL,חלב 1% בקרטון,ליטרים,1.00,ליטר,false,0,5.86,5.86,true,1,
7290000042442,false,"חלב תנובה טרי 3% ""תנובה"" - מוצר בפיקוח",תנובה בעמ ***,IL,חלב תנובה 3%,ליטרים,1.00,ליטר,false,0,6.23,6.23,true,1,
7290000042503,false,חלב עמיד הומוגני 3% תנובה (1 ליטר),תנובה מרכז שיתופי לש,IL,חלב עמיד 3%,ליטרים,1.00,ליטר,false,0,7.10,7.10,true,1,
>>>>>>> d048ac2f4f281c9d788043ab4e81b61b0dbe3743
7290000042640,false,"חלב תנובה עמיד 3% קרטון 250 מ""ל",תנובה מרכז שיתופי לש,IL,חלב עמיד 3% שומן,מיליליטרים,250.00,"100 מ""ל",false,0,2.70,1.08,true,1,
7290000042855,false,"שוקו בשקית 250 מ""ל ""יטבתה""",שטראוס גרופ בעמ/מצונן,IL,שוקו בשקית,מיליליטרים,225.00,"100 מ""ל",false,0,2.60,1.16,true,1,
7290000043012,false,"שוקו עמיד 2% בקרטון 250 מ""ל תנובה",תנובה מרכז שיתופי לש,IL,שוקו עמיד,מיליליטרים,250.00,"100 מ""ל",false,0,4.60,1.84,true,1,
7290000043814,false,השף הלבן שמנת להקצפה 38% שומן 250 מל - מוצר בפיקוח,תנובה מרכז שיתופי לש,IL,שמנת עמידה לקצפת,מיליליטרים,250.00,"100 מ""ל",false,0,6.47,2.59,true,1,
7290000043890,false,תנובה רויון לבן מחלב מפסוטר 1.5%,תנובה מרכז שיתופי לש,IL,רויון בקרטון1.5%,ליטרים,1.00,ליטר,false,0,11.30,11.30,true,1,
7290000043944,false,כד יוגורט תנובה 4% שומן 1.5 ליטר,מיוצר עי קונדיטוריית,IL,יוגורט בכד 4%,ליטרים,1.50,ליטר,false,0,16.90,11.27,true,1,
7290000045580,false,גבינה מותכת נעמה חורש תנובה 240 גרם,תנובה מרכז שיתופי לש,IL,גבינת נעמה מותכת,גרמים,240.00,100 גרם,false,0,18.70,7.79,true,1,
<<<<<<< HEAD
7290000045917,false,תנובה פרומעז גבינה מותכת מחלב עיזים 23% שומן,תנובה חלב,IL,גבינת פרומעז,גרמים,200.00,100 גרם,false,0,27.60,13.80,true,1,
7290000046020,false,גלבוע גבינה שמנה במש,תנובה מרכז שיתופי לש,IL,גבינת גלבוע 22%,קילוגרמים,0.00,"ק""ג",true,0,42.58,42.58,true,1,
=======
7290000045917,false,תנובה פרומעז גבינה מותכת מחלב עיזים 23% שומן,תנובה בעמ ***,IL,גבינת פרומעז,גרמים,200.00,100 גרם,false,0,27.60,13.80,true,1,
7290000046020,false,"גלבוע 22% שקילה}גבנ""צ{*.",תנובה מרכז שיתופי לש,IL,גבינת גלבוע 22%,קילוגרמים,0.00,"ק""ג",true,0,42.58,42.58,true,1,
>>>>>>> d048ac2f4f281c9d788043ab4e81b61b0dbe3743
7290000046327,false,גלבוע גבינה צהובה פרוסה 22% תנובה 200 גרם,תנובה מרכז שיתופי לש,IL,גבינת גלבוע פרוס,גרמים,200.00,100 גרם,false,0,13.20,6.60,true,1,
7290000046563,false,קולאג 23% פרמזן חריץ תנובה,תנובה מרכז שיתופי לש,IL,גבינת פרמז'ן 23%,גרמים,0.00,"ק""ג",true,0,114.00,114.00,true,1,
7290000047027,false,גב.קולאז' גלעד 27% במשקל,תנובה מרכז שיתופי לש,IL,גב.קשקבל /גלעד,קילוגרמים,0.00,"ק""ג",true,0,128.00,128.00,true,1,
<<<<<<< HEAD
7290000047034,false,גבינת רוקפור 26%כבש משקל,תנובה מרכז שיתופי לש,IL,גבינת רוקפור,קילוגרמים,0.00,"ק""ג",true,0,130.00,130.00,true,1,
=======
7290000047034,false,רוקפור (26% גליל) חריץ תנובה,תנובה מרכז שיתופי לש,IL,גבינת רוקפור,קילוגרמים,0.00,"ק""ג",true,0,130.00,130.00,true,1,
>>>>>>> d048ac2f4f281c9d788043ab4e81b61b0dbe3743
7290000047485,false,גבינה בולגרית במשקל,תנובה מרכז שיתופי לש,IL,גבינה בולגרית,קילוגרמים,0.00,"ק""ג",true,0,62.00,62.00,true,1,
7290000047546,false,השף הלבן כנען גבינה לבנה דלת נתרן 5% תנובה 500 גרם,תנובה מרכז שיתופי לש,IL,גבינת כנען 5%,גרמים,500.00,100 גרם,false,0,25.50,5.10,true,1,
7290000048185,false,גבינה לבנה 5% תנובה 250 גרם מהדרין,מיוצר עי קונדיטוריית,IL,גבינה לבנה 5%,גרמים,250.00,100 גרם,false,0,4.98,1.99,true,1,
7290000048192,false,גבינה לבנה 9% תנובה 250 גרם מהדרין,מחלבת אלון תבור,IL,גבינה לבנה 9%,גרמים,250.00,100 גרם,false,0,4.80,1.92,true,1,
<<<<<<< HEAD
7290000048307,false,גבינת קוטג' עם זיתים 5% תנובה 250 גרם,מיוצר עי קונדיטוריית,IL,קוטג' עם זיתים5%,גרמים,250.00,100 גרם,false,0,5.80,2.32,true,1,
=======
7290000048307,false,גבינת קוטג`5% עם זיתים תנובה (250 גרם),מיוצר עי קונדיטוריית,IL,קוטג' עם זיתים5%,גרמים,250.00,100 גרם,false,0,5.80,2.32,true,1,
>>>>>>> d048ac2f4f281c9d788043ab4e81b61b0dbe3743
7290000051307,false,"מארז הפסקת אוכל עם דגני עוגי ומשקה חלב עמיד בטעם וניל 150 מ""ל",תנובה מרכז שיתופי לש,IL,מארז הפסקת אוכל,יחידה,1.00,יחידה,false,0,9.90,9.90,true,1,
7290000051352,false,חלב מלא בטעם של פעם 3.4% תנובה קרטון 1 ל',תנובה מרכז שיתופי לש,IL,חלב של פעם מלא,ליטרים,1.00,ליטר,false,0,7.40,7.40,true,1,
7290000051376,false,יוגורט יופלה דיאט אננס 0% שומן 150 גרם,תנובה מרכז שיתופי לש,IL,יופלה דיאט אננס,גרמים,150.00,100 גרם,false,0,5.20,3.47,true,1,
7290000052311,false,גבינה צהובה עמק לייט 15% שומן 200 גרם,תנובה מרכז שיתופי לש,IL,עמק 15% פרוס,גרמים,200.00,100 גרם,false,0,16.60,8.30,true,1,
7290000052649,false,לאבנה אסלית (5005% גרם)פיראוס תנובה,תנובה מרכז שיתופי לש,IL,לאבנה פיראוס 5%,גרמים,500.00,100 גרם,false,0,21.90,4.38,true,1,
7290000052717,false,גבינת קוטג' שום שמיר 5% תנובה 250 גרם,מיוצר עי קונדיטוריית,IL,קוטג' +שום שמיר,גרמים,250.00,100 גרם,false,0,5.80,2.32,true,1,
7290000053219,false,טל העמק חריץ 32% במשקל,תנובה מרכז שיתופי לש,IL,טל העמק 32%,קילוגרמים,0.00,"ק""ג",true,1,58.00,58.00,true,1,
7290000055329,false,"משקה בוקר יוגורט 1.5% בטעם תות מלון יופלה 250 מ""ל",תנובה מרכז שיתופי לש,IL,משקה יוגורט,גרמים,250.00,100 גרם,false,0,6.00,2.40,true,1,
7290000055336,false,"משקה יוגורט 1.5% בטעם בננה אפרסק יופלה 250 מ""ל",תנובה מרכז שיתופי לש,IL,משקה יוגורט,גרמים,250.00,100 גרם,false,0,6.00,2.40,true,1,
7290000055343,false,משקה יוגורט יופלה פירות טרופיים 250 גרם,תנובה מרכז שיתופי לש,IL,משקה יוגורט,גרמים,250.00,100 גרם,false,0,6.00,2.40,true,1,
7290000055350,false,גבינה צהובה חריץ עמק 28% במשקל,תנובה מרכז שיתופי לש,IL,גבינת עמק 28%,קילוגרמים,0.00,"ק""ג",true,1,44.79,44.79,true,1,
7290000055893,false,חמאה משמנת מפוסטרת 200גרם 82% כ.מהדרין - מוצר בפיקוח,תנובה מרכז שיתופי לש,IL,חמאה מהדרין,גרמים,200.00,100 גרם,false,0,7.80,3.90,true,1,
7290000056784,false,גבינת פטה כבשים במשק,תנובה מרכז שיתופי לש,IL,פטה כבשים5% משקל,קילוגרמים,0.00,"ק""ג",true,0,119.00,119.00,true,1,
7290000056845,false,תנובה חלב טרי 3% שומן 1.5 ליטר - מוצר בפיקוח,פארייפאבה אגרואינדוס,IL,חלב תנובה 3%,ליטרים,1.50,ליטר,false,0,9.34,6.23,true,1,
7290000056883,false,שמיניית יוגורט יופלה 3% טעמים שונים 150 גרם,תנובה מרכז שיתופי לש,IL,יופלה 8 יח במארז,קילוגרמים,1.20,"ק""ג",false,0,32.30,26.92,true,1,
7290000056890,false,שמיניית דיאט יופלה 0% טעמים שונים 150 גרם,מיוצר עי קונדיטוריית,IL,יופלה 0% 8 יח,קילוגרמים,1.20,"ק""ג",false,0,32.30,26.92,true,1,
7290000056951,false,"תנובה, השף הלבן, שמנת לבישול 15% שומן 500 מל",תנובה מרכז שיתופי לש,IL,שמנת לבישול 15%,מיליליטרים,500.00,"100 מ""ל",false,0,16.50,3.30,true,1,
7290000057088,false,עמק גבינה צהובה פרוסה דק דק 28% תנובה 200 גרם,תנובה מרכז שיתופי לש,IL,עמק דק28% 200גרם,גרמים,200.00,100 גרם,false,0,16.60,8.30,true,1,
7290000057132,false,יוגורט תנובה טבעי 1.5% גביע 200 גרם,מחלבת אלון תבור,IL,יוגורט תנובה1.5%,גרמים,200.00,100 גרם,false,0,3.20,1.60,true,1,
7290000057149,false,יוגורט תנובה טבעי 3% גביע 200 גרם,מיוצר עי קונדיטוריית,IL,יוגורט תנובה 3%,גרמים,200.00,100 גרם,false,0,3.20,1.60,true,1,
7290000058030,false,"שמיניית יופלה שטוזים משקה יוגורט תות 100 מ""ל",מיוצר עי קונדיטוריית,IL,8שטוזים משקה תות,מיליליטרים,800.00,"100 מ""ל",false,0,21.20,2.65,true,1,
7290000058047,false,שמנת להקצפה 38% 500מל מהדרין עמיד השף הלבן,תנובה מרכז שיתופי לש,IL,משמנת להקצפה 38%,מיליליטרים,500.00,"100 מ""ל",false,0,12.94,2.59,true,1,
<<<<<<< HEAD
7290000060200,false,פסטה אסם פתיתים אפויים קוסקוס 500גר,"אסם תעשיות בע""מ",IL,פתיתים אפויים,גרמים,500.00,100 גרם,false,0,6.90,1.38,true,1,
7290000060217,false,פסטה מקרוני מספר 7 אסם 500 גרם,קריות זול,IT,פסטה מקרוני 7,גרמים,500.00,100 גרם,false,0,6.50,1.30,true,1,
7290000060316,false,פרפקטו ספגטי מס' 8 אסם 500 גרם,אסם פרפקטו,IT,ספגטי פרפקטו,גרמים,500.00,100 גרם,false,0,6.90,1.38,true,1,
7290000060415,false,"פסטה פרפקטו לאזניה 500 ג' ""אסם""",אסם פרפקטו,IT,לזניה פרפקטו,גרמים,500.00,100 גרם,false,0,15.40,3.08,true,1,
7290000060781,false,פסטה אסם פתיתים מסולסלים 500גר,קריות זול,IT,פסטה מסולסלת,גרמים,500.00,100 גרם,false,0,6.50,1.30,true,1,
7290000060828,false,פסטה קרניים בינוניות אסם 500 גרם,קריות זול,IT,פסטה קרניים,גרמים,500.00,100 גרם,false,0,6.50,1.30,true,1,
7290000060842,false,פסטה אסם פתיתים צדפים גדולים 500גר,קריות זול,IT,פסטה צדפים אסם,גרמים,500.00,100 גרם,false,0,6.50,1.30,true,1,
7290000060880,false,פסטה ספגטי מספר 8 אסם 500 גרם,קריות זול,IT,ספגטי מס' 8,גרמים,500.00,100 גרם,false,0,6.50,1.30,true,1,
7290000060903,false,פסטה אסם פתיתים אפויים אורז 500גר,"אסם השקעות בע""\מ",IL,פתיתים אפויים,גרמים,500.00,100 גרם,false,0,6.90,1.38,true,1,
7290000060958,false,פסטה אסם אטריות בינוניות 400 גרם,"אסם השקעות בע""\מ",IL,אטריות בינוניות,גרמים,400.00,100 גרם,false,0,6.90,1.73,true,1,
7290000060965,false,פסטה אסם אטריות רחבות 400גר,"אסם השקעות בע""\מ",IL,אטריות רחבות,גרמים,400.00,100 גרם,false,0,6.90,1.73,true,1,
7290000061061,false,קרקר חיטה עם בצל אסם,"אסם השקעות בע""\מ",IL,קרקר בטעם בצל,גרמים,250.00,100 גרם,false,0,11.60,4.64,true,1,
7290000061108,false,"רוטב טריאקי 290 מ""ל-בקבוק","אסם השקעות בע""\מ",IL,רוטב טריאקי,מיליליטרים,290.00,"100 מ""ל",false,0,11.90,4.10,true,1,
7290000061245,false,עוגיות שוקוצ'יפס במילוי שוקולד אסם 220 גרם,מיוצר עי קונדיטוריית,IL,עוגיות ש.צ'יפס,גרמים,220.00,100 גרם,false,0,12.30,5.59,true,1,
7290000062952,false,אוסם - מיני קרוטונים למרק ולסלט 250 גרם,עינת תעשיות מזון אגו,IL,מיני קרוטונים,גרמים,250.00,100 גרם,false,0,16.20,6.48,true,1,
7290000063102,false,קמח עוגה תופח מאליו אסם 350 גרם,"אסם השקעות בע""\מ",IL,קמח תופח מאליו,גרמים,350.00,100 גרם,false,0,5.80,1.66,true,1,
7290000063133,false,אסם שקדי מרק רכיבים טבעיים 24*100גרם,"אסם השקעות בע""מ",IL,שקדי מרק אסם,גרמים,100.00,100 גרם,false,0,6.70,6.70,true,1,
7290000063140,false,שקדי מרק רכיבים טבעיים בשקית 400 ג' אסם,"אסם תעשיות בע""מ",IL,שקדי מרק אסם,גרמים,400.00,100 גרם,false,0,10.90,2.73,true,1,
7290000063157,false,"קמח עוגה תופח מאליו אסם 1 ק""ג","אסם השקעות בע""\מ",IL,קמח תופח מאליו,קילוגרמים,1.00,"ק""ג",false,0,10.30,10.30,true,1,
7290000064758,false,קוסקוס בינוני אמיתי אסם 350 ג',"מיוצר ע""י קוד יצרן K",IL,קוסקוס בינוני,גרמים,350.00,100 גרם,false,0,8.80,2.51,true,1,
7290000064871,false,"אוסם - מנה חמה פירה תפו""א עם בצל 56 גרם","אסם תעשיות בע""מ",IL,מנה חמה פירה,גרמים,56.00,100 גרם,false,0,6.90,12.32,true,1,
7290000065090,false,מיני קרוטונים מתובלים למרק ולסלט אסם 400 גרם,עינת תעשיות מזון אגו,IL,מיני קרוטונים,גרמים,400.00,100 גרם,false,0,26.50,6.63,true,1,
7290000065335,false,אוסם - מנה חמה פירה עם ירקות 55 גרם,"אסם תעשיות בע""מ",IL,מנה חמה פירה,גרמים,55.00,100 גרם,false,0,6.90,12.55,true,1,
7290000065557,false,אוסם - מנה חמה קוסקוס עם ירקות 84 גרם,"אסם תעשיות מזון בע""מ",IL,מנה חמה קוסקוס,גרמים,84.00,100 גרם,false,0,6.90,8.21,true,1,
7290000066141,false,ביסלי חטיף בטעם גריל אסם 70 גרם,"אסם השקעות בע""\מ",IL,ביסלי גריל,גרמים,70.00,100 גרם,false,0,4.50,6.43,true,1,
7290000066196,false,ביסלי חטיף בטעם גריל אסם 200 גרם,מיוצר עי קונדיטוריית,IL,ביסלי גריל,גרמים,200.00,100 גרם,false,0,7.90,3.95,true,1,
7290000066226,false,ביסלי חטיף בטעם פיצה אסם 200 גרם,מיוצר עי קונדיטוריית,IL,ביסלי בטעם פיצה,גרמים,200.00,100 גרם,false,0,7.90,3.95,true,1,
7290000066295,false,במבה מתוקה מחומרים טבעיים 30 גרם,מיוצר עי קונדיטוריית,IL,במבה מתוקה,גרמים,30.00,100 גרם,false,0,2.90,9.67,true,1,
7290000066318,false,במבה חטיף בוטנים אסם 80 גרם,"אסם השקעות בע""\מ",IL,במבה,גרמים,80.00,100 גרם,false,0,4.90,6.13,true,1,
7290000066332,false,אפרופו חטיף תירס אסם 50 גרם,מיוצר עי קונדיטוריית,IL,חטיף אפרופו,גרמים,50.00,100 גרם,false,0,5.80,11.60,true,1,
7290000066431,false,פופקו חטיף פופקורן בטעם חמאה ודבש אסם 80 גרם,מיוצר עי קונדיטוריית,IL,חטיף פופקו,גרמים,80.00,100 גרם,false,0,5.50,6.88,true,1,
7290000067599,false,מנה חמה ספגטי ברוטב בולונז אסם 65 גרם,"אסם השקעות בע""\מ",IL,מנה חמה בולונז,גרמים,65.00,100 גרם,false,0,6.90,10.62,true,1,
7290000068138,false,אינסטנט פודינג בטעם וניל אסם 80 גרם,מיוצר עי קונדיטוריית,IL,אינסטנט פודינג,גרמים,80.00,100 גרם,false,0,5.70,7.13,true,1,
7290000068190,false,אסם ג'לי תות שדה צבעים טבעיים 90 גרם,מיוצר עי קונדיטוריית,IL,ג'לי בטעם תות,גרמים,90.00,100 גרם,false,0,7.50,8.33,true,1,
7290000068343,false,אסם פריכונים פרוסות קלויות מלא,"פרח תעשיות מזון בע""מ.",IL,פריכונים מאורז,גרמים,140.00,100 גרם,false,0,9.00,6.43,true,1,
7290000068701,false,אסם שקדי מרק רכיבים טבע.מיכל 400 גרם,"אסם תעשיות בע""מ",IL,שקדי מרק במיכל,גרמים,400.00,100 גרם,false,0,17.10,4.28,true,1,
7290000068770,false,במבה יום הולדת חטיף בוטנים אסם 80 גרם,"אסם השקעות בע""\מ",IL,במבה יום הולדת,גרמים,80.00,100 גרם,false,0,4.90,6.13,true,1,
7290000068787,false,במבה יום הולדת חטיף בוטנים אסם 25 גרם,מיוצר עי קונדיטוריית,IL,במבה יום הולדת,גרמים,25.00,100 גרם,false,0,2.50,10.00,true,1,
7290000069258,false,פסטה פרפקטו פנה ריגאטה 500 ג' אסם,קריות זול,IT,פנה ריגאטה,גרמים,500.00,100 גרם,false,0,6.90,1.38,true,1,
7290000070308,false,אבקת מרק עוף אמיתי בשרי אסם 400 גרם,"אסם השקעות בע""\מ",IL,מרק עוף אמיתי,גרמים,400.00,100 גרם,false,0,18.00,4.50,true,1,
7290000070322,false,אבקת מרק פטריות רכיבים טבעיים אסם 400 גרם,"אסם השקעות בע""\מ",IL,מרק פטריות אסם,גרמים,400.00,100 גרם,false,0,20.90,5.23,true,1,
7290000070353,false,אבקת מרק בצל רכיבים טבעיים אסם 400 גרם,"אסם השקעות בע""\מ",IL,מרק בצל אסם,גרמים,400.00,100 גרם,false,0,20.90,5.23,true,1,
7290000071008,false,אוסם - בייגלה שטוחים מלח 60 גרם,"אסם השקעות בע""\מ",IL,בייגלה שטוחים,גרמים,60.00,100 גרם,false,0,3.70,6.17,true,1,
7290000072067,false,במבה חטיף בוטנים במילוי קרם חלבה 60 גרם,מיוצר עי קונדיטוריית,IL,במבה במילוי חלוה,גרמים,60.00,100 גרם,false,0,4.90,8.17,true,1,
7290000072241,false,"רוטב פיצה 290 מ""ל-בקבוק","אסם השקעות בע""\מ",IL,רוטב לפיצה אסם,מיליליטרים,290.00,"100 מ""ל",false,0,11.90,4.10,true,1,
7290000072623,false,קטשופ אסם בקבוק לחיץ 750 גרם,"אסם תעשיות בע""מ",IL,קטשופ בקבוק לחיץ,גרמים,750.00,100 גרם,false,0,12.50,1.67,true,1,
7290000072753,false,קפה נמס מגורען טסטרס צ'ויס 200 גרם-,נסטלה קוריאה - קפה,KR,קפה טסטרס צ'ויס,גרמים,200.00,100 גרם,false,0,32.90,16.45,true,1,
7290000072777,false,קפה נמס מגורען נטול קפאין טסטרס צ'ויס 200 גרם,נסטלה קוריאה - קפה,KR,קפה טסטרס צויס,גרמים,200.00,100 גרם,false,0,39.60,19.80,true,1,
7290000072968,false,דגני בוקר סיני מיניס חיטה מלאה וקינמון נסטלה 500 גרם,נסטלה פולין דגני בוק,PL,דגני נסטלה,גרמים,500.00,100 גרם,false,0,27.70,5.54,true,1,
7290000073125,false,מנה חמה פסטה ברוטב עגבניות אסם 62 גרם,"אסם השקעות בע""\מ",IL,מנה חמה פסטה,גרמים,62.00,100 גרם,false,0,6.90,11.13,true,1,
7290000073415,false,אוסם - מנה חמה פסטה ברוטב פיצה 61 גרם,"אסם השקעות בע""\מ",IL,מנה חמה פסטה,גרמים,61.00,100 גרם,false,0,6.90,11.31,true,1,
7290000073750,false,מנה חמה נודלס אטר+ירקות טעם עוף 70 גרם,PUB FOODS PRESIDENT THAI,TH,מנה חמה נודלס,גרמים,70.00,100 גרם,false,0,6.90,9.86,true,1,
7290000073767,false,מנה חמה נודלס אטר.+ירקות טעם בקר 70 גרם,PUB FOODS PRESIDENT THAI,TH,מנה חמה נודלס,גרמים,70.00,100 גרם,false,0,6.90,9.86,true,1,
7290000074153,false,ביסקוויט פתי בר שוקולד אסם 500 גרם,מיוצר עי קונדיטוריית,IL,פתי בר שוקו,גרמים,500.00,100 גרם,false,0,15.00,3.00,true,1,
7290000074184,false,ביסקוויט פתי בר אסם 500 גרם,"אסם השקעות בע""\מ",IL,ביסקוויט פתי בר,גרמים,500.00,100 גרם,false,0,12.00,2.40,true,1,
7290000074245,false,אוסם - קרם קרקר אסם 250 גרם,"אסם השקעות בע""\מ",IL,קרם קרקר אסם,גרמים,250.00,100 גרם,false,0,11.60,4.64,true,1,
7290000074276,false,קרקר פיקנטי טבעון 250 ג' אסם,"אסם השקעות בע""\מ",IL,קרקר פיקנטי אסם,גרמים,250.00,100 גרם,false,0,11.60,4.64,true,1,
7290000074375,false,אוסם - קרקר זהב 150 גרם,"אסם השקעות בע""\מ",IL,קרקר זהב אסם,גרמים,150.00,100 גרם,false,0,8.10,5.40,true,1,
7290000076126,false,אוסם - בייגלה שמיניות קטנות 80 גרם,"אסם השקעות בע""\מ",IL,בייגלה שמיניות,גרמים,80.00,100 גרם,false,0,3.70,4.63,true,1,
7290000076133,false,בייגלה שמיניות קטנות עם מלח אסם 400 גרם,"אסם השקעות בע""\מ",IL,בייגלה שמיניות,גרמים,400.00,100 גרם,false,0,11.90,2.98,true,1,
7290000077017,false,עוגיות קרמוגית במילוי קרם שוקולד אסם 200 גרם,מיוצר עי קונדיטוריית,IL,קרמוגית שוקולד,גרמים,200.00,100 גרם,false,0,12.70,6.35,true,1,
7290000077253,false,אוסם - לחמית כפרית עם דגנים מלאים 190 גרם,"אסם השקעות בע""\מ",IL,לחמית כפרית,גרמים,190.00,100 גרם,false,0,11.60,6.11,true,1,
7290000078212,false,קרוטונים מתובלים למרק אסם 250 גרם,עינת תעשיות מזון אגו,IL,קרוטונים מתובל,גרמים,250.00,100 גרם,false,0,15.80,6.32,true,1,
7290000078762,false,אוסם - חטיפי פריכונים מאורז מלא בטעם דבש 80גר,סנורייס בלגיום אן. ו,GB,חטיפי פריכונים,גרמים,80.00,100 גרם,false,0,8.20,10.25,true,1,
=======
7290000060200,false,פסטה אסם פתיתים אפויים קוסקוס 500גר,קבוצת אוסם סחר שותפות מוגבלת,IL,פתיתים אפויים,גרמים,500.00,100 גרם,false,0,6.90,1.38,true,1,
7290000060217,false,פסטה מקרוני מספר 7 אסם (500 גרם),קבוצת אוסם סחר שותפות מוגבלת,IT,פסטה מקרוני 7,גרמים,500.00,100 גרם,false,0,6.50,1.30,true,1,
7290000060316,false,פרפקטו ספגטי מס' 8 אסם 500 גרם,קבוצת אוסם סחר שותפות מוגבלת,IT,ספגטי פרפקטו,גרמים,500.00,100 גרם,false,0,6.90,1.38,true,1,
7290000060415,false,"פסטה פרפקטו לאזניה 500 ג' ""אסם""",קבוצת אוסם סחר שותפות מוגבלת,IT,לזניה פרפקטו,גרמים,500.00,100 גרם,false,0,15.40,3.08,true,1,
7290000060781,false,פרומנטי פתיתים מסולסלים אוסם,קבוצת אוסם סחר שותפות מוגבלת,IT,פסטה מסולסלת,גרמים,500.00,100 גרם,false,0,6.50,1.30,true,1,
7290000060828,false,פסטה קרניים בינוניות אסם (500 גרם),קבוצת אוסם סחר שותפות מוגבלת,IT,פסטה קרניים,גרמים,500.00,100 גרם,false,0,6.50,1.30,true,1,
7290000060842,false,פסטה אסם פתיתים צדפים גדולים 500גר,קבוצת אוסם סחר שותפות מוגבלת,IT,פסטה צדפים אסם,גרמים,500.00,100 גרם,false,0,6.50,1.30,true,1,
7290000060880,false,פסטה ספגטי מספר 8 אסם 500 גרם,קבוצת אוסם סחר שותפות מוגבלת,IT,ספגטי מס' 8,גרמים,500.00,100 גרם,false,0,6.50,1.30,true,1,
7290000060903,false,פסטה אסם פתיתים אפויים אורז 500גר,קבוצת אוסם סחר שותפות מוגבלת,IL,פתיתים אפויים,גרמים,500.00,100 גרם,false,0,6.90,1.38,true,1,
7290000060958,false,אטריות מובחרות בינוניות אסם (400 גרם),קבוצת אוסם סחר שותפות מוגבלת,IL,אטריות בינוניות,גרמים,400.00,100 גרם,false,0,6.90,1.73,true,1,
7290000060965,false,פסטה אסם אטריות רחבות 400גר,קבוצת אוסם סחר שותפות מוגבלת,IL,אטריות רחבות,גרמים,400.00,100 גרם,false,0,6.90,1.73,true,1,
7290000061061,false,קרקר חיטה עם בצל אסם,קבוצת אוסם סחר שותפות מוגבלת,IL,קרקר בטעם בצל,גרמים,250.00,100 גרם,false,0,11.60,4.64,true,1,
7290000061108,false,"רוטב טריאקי 290 מ""ל-בקבוק",קבוצת אוסם סחר שותפות מוגבלת,IL,רוטב טריאקי,מיליליטרים,290.00,"100 מ""ל",false,0,11.90,4.10,true,1,
7290000061245,false,עוגיות שוקוצ'יפס במילוי שוקולד אסם 220 גרם,קבוצת אוסם סחר-שות.מוגבלת,IL,עוגיות ש.צ'יפס,גרמים,220.00,100 גרם,false,0,12.30,5.59,true,1,
7290000062952,false,אוסם - מיני קרוטונים למרק ולסלט 250 גרם,קבוצת אוסם סחר שותפות מוגבלת,IL,מיני קרוטונים,גרמים,250.00,100 גרם,false,0,16.20,6.48,true,1,
7290000063102,false,קמח עוגה תופח מאליו אסם 350 גרם,קבוצת אוסם סחר שותפות מוגבלת,IL,קמח תופח מאליו,גרמים,350.00,100 גרם,false,0,5.80,1.66,true,1,
7290000063133,false,אסם שקדי מרק רכיבים טבעיים 24*100גרם,קבוצת אוסם סחר שותפות מוגבלת,IL,שקדי מרק אסם,גרמים,100.00,100 גרם,false,0,6.70,6.70,true,1,
7290000063140,false,שקדי מרק רכיבים טבעיים בשקית 400 ג' אסם,קבוצת אוסם סחר שותפות מוגבלת,IL,שקדי מרק אסם,גרמים,400.00,100 גרם,false,0,10.90,2.73,true,1,
7290000063157,false,"קמח עוגה תופח מאליו אסם 1 ק""ג",קבוצת אוסם סחר שותפות מוגבלת,IL,קמח תופח מאליו,קילוגרמים,1.00,"ק""ג",false,0,10.30,10.30,true,1,
7290000064758,false,קוסקוס בינוני אמיתי אסם 350 ג',קבוצת אוסם סחר שותפות מוגבלת,IL,קוסקוס בינוני,גרמים,350.00,100 גרם,false,0,8.80,2.51,true,1,
7290000064871,false,"אוסם - מנה חמה פירה תפו""א עם בצל 56 גרם",קבוצת אוסם סחר שותפות מוגבלת,IL,מנה חמה פירה,גרמים,56.00,100 גרם,false,0,6.90,12.32,true,1,
7290000065090,false,מיני קרוטונים מתובלים למרק ולסלט אסם 400 גרם,קבוצת אוסם סחר שותפות מוגבלת,IL,מיני קרוטונים,גרמים,400.00,100 גרם,false,0,26.50,6.63,true,1,
7290000065335,false,אוסם - מנה חמה פירה עם ירקות 55 גרם,קבוצת אוסם סחר שותפות מוגבלת,IL,מנה חמה פירה,גרמים,55.00,100 גרם,false,0,6.90,12.55,true,1,
7290000065557,false,אוסם - מנה חמה קוסקוס עם ירקות 84 גרם,קבוצת אוסם סחר שותפות מוגבלת,IL,מנה חמה קוסקוס,גרמים,84.00,100 גרם,false,0,6.90,8.21,true,1,
7290000066141,false,ביסלי חטיף בטעם גריל אסם (70 גרם),קבוצת אוסם סחר שותפות מוגבלת,IL,ביסלי גריל,גרמים,70.00,100 גרם,false,0,4.50,6.43,true,1,
7290000066196,false,ביסלי חטיף בטעם גריל אסם (200 גרם),קבוצת אוסם סחר שותפות מוגבלת,IL,ביסלי גריל,גרמים,200.00,100 גרם,false,0,7.90,3.95,true,1,
7290000066226,false,ביסלי חטיף בטעם פיצה אסם (200 גרם),קבוצת אוסם סחר שותפות מוגבלת,IL,ביסלי בטעם פיצה,גרמים,200.00,100 גרם,false,0,7.90,3.95,true,1,
7290000066295,false,במבה מתוקה מחומרים טבעיים 30 גרם,קבוצת אוסם סחר שותפות מוגבלת,IL,במבה מתוקה,גרמים,30.00,100 גרם,false,0,2.90,9.67,true,1,
7290000066318,false,במבה חטיף בוטנים אסם 80 גרם,קבוצת אוסם סחר שותפות מוגבלת,IL,במבה,גרמים,80.00,100 גרם,false,0,4.90,6.13,true,1,
7290000066332,false,אפרופו חטיף תירס אסם (50 גרם),קבוצת אוסם סחר שותפות מוגבלת,IL,חטיף אפרופו,גרמים,50.00,100 גרם,false,0,5.80,11.60,true,1,
7290000066431,false,פופקו חטיף פופקורן בטעם חמאה ודבש אסם 80 גרם,קבוצת אוסם סחר שותפות מוגבלת,IL,חטיף פופקו,גרמים,80.00,100 גרם,false,0,5.50,6.88,true,1,
7290000067599,false,מנה חמה ספגטי ברוטב בולונז אסם 65 גרם,קבוצת אוסם סחר שותפות מוגבלת,IL,מנה חמה בולונז,גרמים,65.00,100 גרם,false,0,6.90,10.62,true,1,
7290000068138,false,אינסטנט פודינג בטעם וניל אסם 80 גרם,קבוצת אוסם סחר שותפות מוגבלת,IL,אינסטנט פודינג,גרמים,80.00,100 גרם,false,0,5.70,7.13,true,1,
7290000068190,false,אסם ג'לי תות שדה צבעים טבעיים 90 גרם,קבוצת אוסם סחר שותפות מוגבלת,IL,ג'לי בטעם תות,גרמים,90.00,100 גרם,false,0,7.50,8.33,true,1,
7290000068343,false,אסם פריכונים פרוסות קלויות מלא,קבוצת אוסם סחר שותפות מוגבלת,IL,פריכונים מאורז,גרמים,140.00,100 גרם,false,0,9.00,6.43,true,1,
7290000068701,false,אסם שקדי מרק רכיבים טבע.מיכל 400 גרם,קבוצת אוסם סחר שותפות מוגבלת,IL,שקדי מרק במיכל,גרמים,400.00,100 גרם,false,0,17.10,4.28,true,1,
7290000068770,false,במבה יום הולדת חטיף בוטנים אסם 80 גרם,קבוצת אוסם סחר שותפות מוגבלת,IL,במבה יום הולדת,גרמים,80.00,100 גרם,false,0,4.90,6.13,true,1,
7290000068787,false,במבה יום הולדת חטיף בוטנים אסם 25 גרם,קבוצת אוסם סחר שותפות מוגבלת,IL,במבה יום הולדת,גרמים,25.00,100 גרם,false,0,2.50,10.00,true,1,
7290000069258,false,פסטה פרפקטו פנה ריגאטה 500 ג' אסם,קבוצת אוסם סחר-שות.מוגבלת,IT,פנה ריגאטה,גרמים,500.00,100 גרם,false,0,6.90,1.38,true,1,
7290000070308,false,אבקת מרק עוף אמיתי בשרי אסם 400 גרם,קבוצת אוסם סחר שותפות מוגבלת,IL,מרק עוף אמיתי,גרמים,400.00,100 גרם,false,0,18.00,4.50,true,1,
7290000070322,false,אבקת מרק פטריות רכיבים טבעיים אסם 400 גרם,קבוצת אוסם סחר שותפות מוגבלת,IL,מרק פטריות אסם,גרמים,400.00,100 גרם,false,0,20.90,5.23,true,1,
7290000070353,false,אבקת מרק בצל רכיבים טבעיים אסם 400 גרם,קבוצת אוסם סחר שותפות מוגבלת,IL,מרק בצל אסם,גרמים,400.00,100 גרם,false,0,20.90,5.23,true,1,
7290000071008,false,בייגלה שטוחים טבעות עם מלח אסם (60 גרם),קבוצת אוסם סחר שותפות מוגבלת,IL,בייגלה שטוחים,גרמים,60.00,100 גרם,false,0,3.70,6.17,true,1,
7290000072067,false,במבה חטיף בוטנים במילוי קרם חלבה 60 גרם,קבוצת אסם סחר שות. מוגבלת,IL,במבה במילוי חלוה,גרמים,60.00,100 גרם,false,0,4.90,8.17,true,1,
7290000072241,false,"רוטב פיצה 290 מ""ל-בקבוק",קבוצת אוסם סחר שותפות מוגבלת,IL,רוטב לפיצה אסם,מיליליטרים,290.00,"100 מ""ל",false,0,11.90,4.10,true,1,
7290000072623,false,קטשופ אסם בקבוק לחיץ 750 גרם,קבוצת אוסם סחר שותפות מוגבלת,IL,קטשופ בקבוק לחיץ,גרמים,750.00,100 גרם,false,0,12.50,1.67,true,1,
7290000072753,false,קפה נמס מגורען טסטרס צ'ויס 200 גרם-,קבוצת אוסם סחר שותפות מוגבלת,KR,קפה טסטרס צ'ויס,גרמים,200.00,100 גרם,false,0,32.90,16.45,true,1,
7290000072777,false,קפה נמס מגורען נטול קפאין טסטרס צ'ויס 200 גרם,קבוצת אוסם סחר שותפות מוגבלת,KR,קפה טסטרס צויס,גרמים,200.00,100 גרם,false,0,39.60,19.80,true,1,
7290000072968,false,דגני בוקר סיני מיניס חיטה מלאה וקינמון נסטלה 500 גרם,קבוצת אוסם סחר-שות.מוגבלת,PL,דגני נסטלה,גרמים,500.00,100 גרם,false,0,27.70,5.54,true,1,
7290000073125,false,מנה חמה פסטה ברוטב עגבניות אסם (62 גרם),קבוצת אוסם סחר שותפות מוגבלת,IL,מנה חמה פסטה,גרמים,62.00,100 גרם,false,0,6.90,11.13,true,1,
7290000073415,false,אוסם - מנה חמה פסטה ברוטב פיצה 61 גרם,קבוצת אוסם סחר שותפות מוגבלת,IL,מנה חמה פסטה,גרמים,61.00,100 גרם,false,0,6.90,11.31,true,1,
7290000073750,false,מנה חמה נודלס אטר+ירקות טעם עוף 70 גרם,קבוצת אוסם סחר שותפות מוגבלת,TH,מנה חמה נודלס,גרמים,70.00,100 גרם,false,0,6.90,9.86,true,1,
7290000073767,false,מנה חמה נודלס אטר.+ירקות טעם בקר 70 גרם,קבוצת אוסם סחר שותפות מוגבלת,TH,מנה חמה נודלס,גרמים,70.00,100 גרם,false,0,6.90,9.86,true,1,
7290000074153,false,ביסקוויט פתי בר שוקולד אסם (500 גרם),קבוצת אוסם סחר שותפות מוגבלת,IL,פתי בר שוקו,גרמים,500.00,100 גרם,false,0,15.00,3.00,true,1,
7290000074184,false,ביסקוויט פתי בר אסם (500 גרם),קבוצת אוסם סחר שותפות מוגבלת,IL,ביסקוויט פתי בר,גרמים,500.00,100 גרם,false,0,12.00,2.40,true,1,
7290000074245,false,אוסם - קרם קרקר אסם 250 גרם,קבוצת אוסם סחר שותפות מוגבלת,IL,קרם קרקר אסם,גרמים,250.00,100 גרם,false,0,11.60,4.64,true,1,
7290000074276,false,קרקר פיקנטי טבעון 250 ג' אסם,קבוצת אוסם סחר שותפות מוגבלת,IL,קרקר פיקנטי אסם,גרמים,250.00,100 גרם,false,0,11.60,4.64,true,1,
7290000074375,false,אוסם - קרקר זהב 150 גרם,קבוצת אוסם סחר שותפות מוגבלת,IL,קרקר זהב אסם,גרמים,150.00,100 גרם,false,0,8.10,5.40,true,1,
7290000076126,false,אוסם - בייגלה שמיניות קטנות 80 גרם,קבוצת אוסם סחר שותפות מוגבלת,IL,בייגלה שמיניות,גרמים,80.00,100 גרם,false,0,3.70,4.63,true,1,
7290000076133,false,בייגלה שמיניות קטנות עם מלח אסם 400 גרם,קבוצת אוסם סחר שותפות מוגבלת,IL,בייגלה שמיניות,גרמים,400.00,100 גרם,false,0,11.90,2.98,true,1,
7290000077017,false,עוגיות קרמוגית במילוי קרם שוקולד אסם 200 גרם,קבוצת אוסם סחר שותפות מוגבלת,IL,קרמוגית שוקולד,גרמים,200.00,100 גרם,false,0,12.70,6.35,true,1,
7290000077253,false,אוסם - לחמית כפרית עם דגנים מלאים 190 גרם,קבוצת אסם סחר שות. מוגבלת,IL,לחמית כפרית,גרמים,190.00,100 גרם,false,0,11.60,6.11,true,1,
7290000078212,false,קרוטונים מתובלים למרק אסם (250 גרם),קבוצת אוסם סחר שותפות מוגבלת,IL,קרוטונים מתובל,גרמים,250.00,100 גרם,false,0,15.80,6.32,true,1,
7290000078762,false,אוסם - חטיפי פריכונים מאורז מלא בטעם דבש 80גר,קבוצת אוסם סחר-שות.מוגבלת,GB,חטיפי פריכונים,גרמים,80.00,100 גרם,false,0,8.20,10.25,true,1,
>>>>>>> d048ac2f4f281c9d788043ab4e81b61b0dbe3743
7290000090627,true,לחמניה מתוקה,גידרון,IL,לחמניה מתוק עגול,יחידה,1.00,יחידה,false,0,2.60,2.60,true,1,
7290000090832,true,בייגל אמריקאי רגיל,גידרון,IL,בייגל אמריקאי,יחידה,1.00,יחידה,false,0,4.70,4.70,true,1,
7290000092218,true,"כיס תפו""ע מחיר לפי משקל",גידרון,IL,מאפה כיס תפוח עץ,קילוגרמים,0.00,"ק""ג",true,0,42.00,42.00,true,1,
7290000092614,true,טורקי פטריות במשקל,גידרון,IL,טורקי פטריות,קילוגרמים,0.00,"ק""ג",true,0,42.00,42.00,true,1,
7290000093031,true,לחם ג'בטה,גידרון,IL,לחם ג'בטה,יחידה,1.00,יחידה,false,0,8.50,8.50,true,1,
7290000094168,true,בייגל אמריקאי כפרי,גידרון,IL,בייגל אמריקאי כפ,יחידה,1.00,יחידה,false,0,4.70,4.70,true,1,
7290000094199,true,לחם חצי ג'בטה,גידרון,IL,חצי ג'בטה לבן,יחידה,1.00,יחידה,false,0,4.70,4.70,true,1,
7290000094373,true,לחם חצי ג'בטה כפרי,גידרון,IL,לחם חצי ג'בטה,יחידה,1.00,יחידה,false,0,4.70,4.70,true,1,
7290000094663,true,לחמניה גידרול כפרי,גדרון סהרון,IL,לחמניה גידרול,יחידה,1.00,יחידה,false,0,5.90,5.90,true,1,
7290000095486,true,"פילו תפו""ע פרימיום לקג",גידרון,IL,פילו תפוח עץ,קילוגרמים,0.00,"ק""ג",true,0,42.00,42.00,true,1,
7290000096032,true,חצי בגט,גידרון,IL,חצי בגט,יחידה,1.00,יחידה,false,0,4.10,4.10,true,1,
7290000096414,true,סופגניה גדולה רגילה80*6ג,גידרון,IL,סופגניה גדולה6יח,יחידה,1.00,יחידה,false,6,19.90,19.90,true,1,
7290000097237,true,בגט 280 גרם,גידרון,IL,בגט גדרון,יחידה,1.00,יחידה,false,0,5.20,5.20,true,1,
7290000097596,true,לחמנית 1/3 באגט,גידרון,IL,לחמנית בגט,יחידה,1.00,יחידה,false,0,3.20,3.20,true,1,
7290000097633,true,לחמניית קשר,גידרון,IL,לחמניית קשר,יחידה,1.00,יחידה,false,0,3.90,3.90,true,1,
7290000097657,true,לחמניית חלה,גידרון,IL,לחמניית חלה,יחידה,1.00,יחידה,false,0,4.70,4.70,true,1,
7290000098296,true,לחמניית אצבע,גידרון,IL,לחמניית אצבע,יחידה,1.00,יחידה,false,0,2.60,2.60,true,1,
7290000099125,true,"תפו""ע פינק ליידי אורגני",,IT,"תפו""ע פינק אורגנ",קילוגרמים,0.00,"ק""ג",true,1,25.90,25.90,true,1,
7290000099255,true,בורקס תפוח אדמה מחיר לקג,גידרון,IL,בורקס תפוח אדמה,קילוגרמים,0.00,"ק""ג",true,0,42.00,42.00,true,1,
7290000099354,true,בורקס פיטריות קטן במשקל,גידרון,IL,בורקס פטריות,קילוגרמים,0.00,"ק""ג",true,0,42.00,42.00,true,1,
7290000099415,true,רוגלך במשקל,גידרון,IL,רוגלך במשקל,קילוגרמים,0.00,"ק""ג",true,0,42.00,42.00,true,1,
7290000099477,true,קרואסון ביס שוקולד במשקל,גידרון,IL,קרואסון שוקולד,קילוגרמים,0.00,"ק""ג",true,0,42.00,42.00,true,1,
7290000099545,true,מאפה גבינת בוקר 1 יח',גידרון,IL,מאפה גבינת בוק,יחידה,1.00,יחידה,false,0,7.50,7.50,true,1,
7290000099804,true,קוקיס שוקולד לבן במשקל,גידרון,IL,קוקיס שוק.חלבי,קילוגרמים,0.00,"ק""ג",true,0,52.00,52.00,true,1,
7290000099828,true,קוקיס שוקולד מריר במשקל,גידרון,IL,קוקיס שוקולד חלב,קילוגרמים,0.00,"ק""ג",true,0,52.00,52.00,true,1,
7290000099835,true,קוקיס+שבבי שוקולד חלבי,גידרון,IL,קוקיס שוק.חלבי,קילוגרמים,0.00,"ק""ג",true,0,52.00,52.00,true,1,
7290000099866,true,עגבניה תמר אורגנית במשקל,יבולי בר אורגני,IL,עגבניה תמר,קילוגרמים,0.00,"ק""ג",true,0,10.90,10.90,true,1,
7290000099873,true,קוקיס שוקולד חלבי במשקל,גידרון,IL,קוקיס שוקולד חלב,קילוגרמים,0.00,"ק""ג",true,0,52.00,52.00,true,1,
7290000099941,true,גזר אורגני במשקל,,IL,גזר אורגני ארוז,קילוגרמים,0.00,"ק""ג",true,0,9.90,9.90,true,1,
<<<<<<< HEAD
7290000100135,false,פירות קפואים סנפרוסט דובדבן 300 גר,"סנפרוסט בע""מ",IL,דובדבן מתוק קפוא,גרמים,300.00,100 גרם,false,1,19.90,6.63,true,1,
7290000100296,false,תערובת להכנת Smoothie ורוד תות ובננה,"סנפרוסט בע""\מ",IL,תות בננה קפוא,גרמים,300.00,100 גרם,false,1,19.90,6.63,true,1,
7290000100593,false,פרוסות אנטיפסטי לתנור סנפרוסט 600 גרם,"סנפרוסט בע""\מ",IL,אנטיפסטי לתנור,גרמים,600.00,100 גרם,false,1,24.90,4.15,true,1,
7290000101132,false,לקט קטניות לחמין סנפרוסט 800 גר,"סנפרוסט בע""\מ",IL,לקט קטניות לחמין,גרמים,800.00,100 גרם,false,1,24.90,3.11,true,1,
7290000101934,false,מיקס פירות יער מוקפאות 300 ג' סנפרוסט,"איי, בי, אינבוו",IL,מיקס פירות יער,גרמים,300.00,100 גרם,false,1,19.90,6.63,true,1,
7290000101941,false,אננס חתוך מוקפא סנפרוסט 300ג',"איי, בי, אינבוו",IL,אננס קפוא,גרמים,300.00,100 גרם,false,1,19.90,6.63,true,1,
7290000101958,false,מנגו חתוך מוקפא סנפרוסט 300ג',"איי, בי, אינבוו",IL,מנגו קפוא,גרמים,300.00,100 גרם,false,1,19.90,6.63,true,1,
7290000103365,false,מרק ירקות עשיר סנפרוסט 550 גרם,"איי, בי, אינבוו",IL,מרק ירקות,גרמים,560.00,100 גרם,false,0,19.90,3.55,true,1,
7290000103433,false,"לקט ירקות לתנור 800 גרם ""סנפרוסט""","איי, בי, אינבוו",IL,לקט ירקות לתנור,גרמים,800.00,100 גרם,false,1,24.90,3.11,true,1,
7290000103457,false,"מיני כרובית 600 גרם ""סנפרוסט""","סנפרוסט בע""\מ",IL,מיני כרובית,גרמים,600.00,100 גרם,false,1,19.90,3.32,true,1,
7290000103471,false,מיני ברוקולי סנפרוסט 600 גרם,"סנפרוסט בע""\מ",IL,מיני ברוקולי,גרמים,600.00,100 גרם,false,14,19.90,3.32,true,1,
7290000103822,false,ירקות שמלווים עוף סנפרוסט 800ג',"סנפרוסט בע""\מ",IL,לקט לעוף 800גרם,גרמים,800.00,100 גרם,false,0,24.90,3.11,true,1,
7290000103839,false,מרק כתום עשיר בירקות סנפרוסט 570 גרם,"סנפרוסט בע""\מ",IL,מרק כתום,גרמים,572.00,100 גרם,false,0,19.90,3.48,true,1,
7290000103846,false,מרק אפונה עשיר בירקות סנפרוסט 570 גרם,"סנפרוסט בע""\מ",IL,מרק אפונה,גרמים,572.00,100 גרם,false,0,19.90,3.48,true,1,
7290000103877,false,מרק שעועית עשיר בירקות סנפרוסט 640 גרם,"סנפרוסט בע""\מ",IL,מרק שעועית,גרמים,644.00,100 גרם,false,0,19.90,3.09,true,1,
7290000104072,false,עדשים ירוקות מבושלות מוקפאות 800 ג' סנפרוסט,"איי, בי, אינבוו",IL,עדשים ירוקות,גרמים,800.00,100 גרם,false,0,21.70,2.71,true,1,
7290000104201,false,אפונה עדינה סנפרוסט 600 גרם,"איי, בי, אינבוו",IL,אפונה עדינה קפוא,גרמים,600.00,100 גרם,false,0,19.90,3.32,true,1,
7290000104218,false,סנפרוסט במיה 600 גרם,"איי, בי, אינבוו",IL,במיה מוקפאת,גרמים,600.00,100 גרם,false,0,17.90,2.98,true,1,
7290000104225,false,בצל קצוץ סנפרוסט 600 גרם,"סנפרוסט בע""\מ",IL,בצל קצוץ מוקפא,גרמים,600.00,100 גרם,false,0,19.90,3.32,true,1,
7290000104676,false,אפונה קפואה סנפרוסט 800 גרם,"איי, בי, אינבוו",IL,אפונה ירוקה קפוא,גרמים,800.00,100 גרם,false,0,19.90,2.49,true,1,
7290000104683,false,שעועית ירוקה שלמה סנפרוסט 800 גרם,"סנפרוסט בע""\מ",IL,שעועית ירוקה שלמ,גרמים,800.00,100 גרם,false,0,22.90,2.86,true,1,
7290000104690,false,תירס גרעינים 800 גרם סנפרוסט,"איי, בי, אינבוו",IL,גרעיני תירס קפוא,גרמים,800.00,100 גרם,false,0,19.90,2.49,true,1,
7290000104713,false,פול ירוק סנפרוסט 800 גרם,"איי, בי, אינבוו",IL,פול ירוק מוקפא,גרמים,800.00,100 גרם,false,0,26.60,3.33,true,1,
7290000104720,false,שעועית ירוקה חתוכה סנפרוסט 800 גרם,"סנפרוסט בע""\מ",IL,שעועית ירוקה,גרמים,800.00,100 גרם,false,0,20.90,2.61,true,1,
7290000104744,false,כרובית סנפרוסט 800 גרם,"סנפרוסט בע""\מ",IL,כרובית מוקפאת,גרמים,800.00,100 גרם,false,0,28.00,3.50,true,1,
7290000104751,false,"כרוב ניצנים 800 גרם ""סנפרוסט""","איי, בי, אינבוו",IL,כרוב ניצנים קפוא,גרמים,800.00,100 גרם,false,0,27.80,3.48,true,1,
7290000104768,false,תרד עלים סנפרוסט 800 ג ',"איי, בי, אינבוו",IL,תרד עלים מוקפא,גרמים,800.00,100 גרם,false,0,28.40,3.55,true,1,
7290000104775,false,תרד מדליונים סנפרוסט 800 גרם,"איי, בי, אינבוו",IL,מדליוני תרד קפ,גרמים,800.00,100 גרם,false,0,27.80,3.48,true,1,
7290000104799,false,שעועית לבנה מבושלת סנפרוסט 800 גרם,"איי, בי, אינבוו",IL,שעועית לבנה,גרמים,800.00,100 גרם,false,0,21.70,2.71,true,1,
7290000104805,false,גרגירי חומוס מבושלים סנפרוסט 800 גרם,"איי, בי, אינבוו",IL,גרגרי חומוס קפוא,גרמים,800.00,100 גרם,false,0,21.70,2.71,true,1,
7290000104829,false,קלחי תירס חתוכים סנפרוסט 1 קילו,"איי, בי, אינבוו",IL,קלחוני תירס קפוא,קילוגרמים,1.00,"ק""ג",false,0,22.30,22.30,true,1,
7290000104836,false,שעועית ירוקה עדינה שלמה סנפרוסט 600 גרם,"סנפרוסט בע""\מ",IL,שעועית שלמה קפוא,גרמים,600.00,100 גרם,false,0,25.90,4.32,true,1,
7290000104874,false,ירקות לקוסקוס של אמא סנפרוסט 800ג',"סנפרוסט בע""\מ",IL,לקט לקוסקוס קפוא,גרמים,800.00,100 גרם,false,0,24.90,3.11,true,1,
7290000104881,false,לקט אפונה וגזר סנפרוסט 800 גרם,"איי, בי, אינבוו",IL,אפונה וגזר קפוא,גרמים,800.00,100 גרם,false,0,17.90,2.24,true,1,
7290000104904,false,לקט ירקות מעורבים סנפרוסט 800 גרם,"איי, בי, אינבוו",IL,לקט ירקות מעור,גרמים,800.00,100 גרם,false,0,24.90,3.11,true,1,
7290000104911,false,לקט נורמנדי סנפרוסט 800 גרם,"איי, בי, אינבוו",IL,לקט נורמנדי קפוא,גרמים,800.00,100 גרם,false,0,24.90,3.11,true,1,
7290000106175,false,"לקט כפרי סנפרוסט 2 ק""ג","סנפרוסט בע""\מ",IL,לקט כפרי קפוא,קילוגרמים,2.00,"ק""ג",false,0,42.80,21.40,true,1,
7290000107295,false,תפרחות ברוקולי סנפרוסט 800 גרם,"איי, בי, אינבוו",IL,ברוקולי מוקפא,גרמים,800.00,100 גרם,false,0,28.90,3.61,true,1,
7290000107622,false,ירקות ופסטה א-לה איטליה סנפרוסט 800 גרם,"איי, בי, אינבוו",IL,ירקות ופסטה א-לה,גרמים,800.00,100 גרם,false,1,26.40,3.30,true,1,
7290000112220,false,טחינה גולמית שומשום טהור בארכה 500 גרם,"רושדי תעשיות מזון בע""\מ",IL,טחינה גולמית,גרמים,500.00,100 גרם,false,0,15.90,3.18,true,1,
7290000112497,false,מרק עשיר עוף אטריות קנור 75 גרם - שקיות,יוניליוור ישראל מזון בע\,IL,מרק עוף איטריות,גרמים,68.00,100 גרם,false,0,10.20,15.00,true,1,
7290000112503,false,מרק עשיר ירקות קנור 69 גרם - שקיות,יוניליוור ישראל מזון בע\,IL,מרק ירקות קנור,גרמים,61.00,100 גרם,false,0,10.20,16.72,true,1,
7290000116204,false,"אבקת מרק דגש בטעם עוף 1ק""ג קנור",יוניליוור ישראל מזון בע\,IL,מרק דגש טעם עוף,קילוגרמים,1.00,"ק""ג",false,0,16.90,16.90,true,1,
7290000116884,false,"רוטב ברביקיו קנור 300 גרם בד""צ",יוניליוור ישראל מזון בע\,IL,רוטב ברביקיו,גרמים,350.00,100 גרם,false,0,12.50,3.57,true,1,
7290000116945,false,"רוטב סויה קלאסי קנור בד""צ 350 גרם",יוניליוור ישראל מזון בע\,IL,רוטב סויה קלאסי,מיליליטרים,300.00,"100 מ""ל",false,0,11.30,3.77,true,1,
7290000117720,false,נמס בכוס פטריות קנור 21.5 גרם מארז זוגי,יוניליוור ישראל מזון בע\,IL,מרק נמס בכוס,גרמים,43.00,100 גרם,false,0,7.80,18.14,true,1,
7290000121093,false,גבינה מותכת לייט בטעם שוויצרי 7% מון בלאן 120 גר',האי נאם סי או אל.טי.,IL,גבינת מון בלאן,גרמים,120.00,100 גרם,false,0,12.90,10.75,true,1,
7290000121109,false,גבינה מותכת לייט עם זיתים 7% מון בלאן 120 גרם,האי נאם סי או אל.טי.,IL,גבינת מון בלאן,גרמים,120.00,100 גרם,false,0,12.90,10.75,true,1,
7290000121154,false,גבינה מותכת לייט עם סלמון 7% מון בלאן 120 גרם,האי נאם סי או אל.טי.,IL,גבינת מון בלאן,גרמים,120.00,100 גרם,false,0,12.90,10.75,true,1,
7290000134147,false,טעם וריח מוסקט טחון מיכל 40גר,"תבליני טעם וריח בע""מ",IL,מוסקט טחון,גרמים,40.00,100 גרם,false,0,16.90,42.25,true,1,
7290000134314,false,פיצה תערובת תיבול 120 גרם מיכל גדול,"תבליני טעם וריח בע""מ",IL,תיבול לפיצה,גרמים,120.00,100 גרם,false,0,11.80,9.83,true,1,
7290000134666,false,רוזמרין 15 גר מיכל ק,תות ממתקי איכות,IL,רוזמרין,גרמים,15.00,100 גרם,false,0,7.00,46.67,true,1,
=======
7290000100135,false,פירות קפואים סנפרוסט דובדבן 300 גר,תנובה ענף ב.ע.ד,IL,דובדבן מתוק קפוא,גרמים,300.00,100 גרם,false,1,19.90,6.63,true,1,
7290000100296,false,תערובת להכנת Smoothie ורוד תות ובננה,תנובה ענף ב.ע.ד,IL,תות בננה קפוא,גרמים,300.00,100 גרם,false,1,19.90,6.63,true,1,
7290000100593,false,פרוסות אנטיפסטי לתנור סנפרוסט 600 גרם,תנובה ענף ב.ע.ד,IL,אנטיפסטי לתנור,גרמים,600.00,100 גרם,false,1,24.90,4.15,true,1,
7290000101132,false,לקט קטניות לחמין סנפרוסט 800 גר,תנובה ענף ב.ע.ד,IL,לקט קטניות לחמין,גרמים,800.00,100 גרם,false,1,24.90,3.11,true,1,
7290000101934,false,מיקס פירות יער מוקפאים 300 גר סנפרוסט,תנובה ענף ב.ע.ד,IL,מיקס פירות יער,גרמים,300.00,100 גרם,false,1,19.90,6.63,true,1,
7290000101941,false,אננס חתוך מוקפא סנפרוסט (300 גרם),תנובה ענף ב.ע.ד,IL,אננס קפוא,גרמים,300.00,100 גרם,false,1,19.90,6.63,true,1,
7290000101958,false,מנגו חתוך מוקפא סנפרוסט (300 גרם),תנובה ענף ב.ע.ד,IL,מנגו קפוא,גרמים,300.00,100 גרם,false,1,19.90,6.63,true,1,
7290000103365,false,מרק ירקות עשיר סנפרוסט (550 גרם),תנובה מרכז שיתופי לשיווק תוצרת,IL,מרק ירקות,גרמים,560.00,100 גרם,false,0,19.90,3.55,true,1,
7290000103433,false,"לקט ירקות לתנור 800 גרם ""סנפרוסט""",תנובה מרכז שיתופי לשיווק תוצרת,IL,לקט ירקות לתנור,גרמים,800.00,100 גרם,false,1,24.90,3.11,true,1,
7290000103457,false,מיני כרובית סנפרוסט (600 גרם),תנובה קפואים,IL,מיני כרובית,גרמים,600.00,100 גרם,false,1,19.90,3.32,true,1,
7290000103471,false,מיני ברוקולי סנפרוסט 600 גרם,תנובה ענף ב.ע.ד,IL,מיני ברוקולי,גרמים,600.00,100 גרם,false,14,19.90,3.32,true,1,
7290000103822,false,לקט מוקפא לעוף סנפרוסט (800 גרם),תנובה מרכז שיתופי לשיווק תוצרת,IL,לקט לעוף 800גרם,גרמים,800.00,100 גרם,false,0,24.90,3.11,true,1,
7290000103839,false,מרק כתום עשיר בירקות סנפרוסט (572 גרם),תנובה מרכז שיתופי לשיווק תוצרת,IL,מרק כתום,גרמים,572.00,100 גרם,false,0,19.90,3.48,true,1,
7290000103846,false,מרק אפונה עשיר בירקות סנפרוסט (572 גרם),תנובה מרכז שיתופי לשיווק תוצרת,IL,מרק אפונה,גרמים,572.00,100 גרם,false,0,19.90,3.48,true,1,
7290000103877,false,מרק שעועית עשיר בירקות סנפרוסט 640 גרם,תנובה מרכז שיתופי לשיווק תוצרת,IL,מרק שעועית,גרמים,644.00,100 גרם,false,0,19.90,3.09,true,1,
7290000104072,false,עדשים ירוקות מבושלות מוקפאות 800 ג' סנפרוסט,תנובה מרכז שיתופי לשיווק תוצרת,IL,עדשים ירוקות,גרמים,800.00,100 גרם,false,0,21.70,2.71,true,1,
7290000104201,false,אפונה עדינה מוקפאת סנפרוסט (600 גרם),תנובה ענף ב.ע.ד,IL,אפונה עדינה קפוא,גרמים,600.00,100 גרם,false,0,19.90,3.32,true,1,
7290000104218,false,סנפרוסט במיה 600 גרם,תנובה מרכז שיתופי לשיווק תוצרת,IL,במיה מוקפאת,גרמים,600.00,100 גרם,false,0,17.90,2.98,true,1,
7290000104225,false,בצל קצוץ סנפרוסט 600 גרם,"סנפרוסט בע""\מ",IL,בצל קצוץ מוקפא,גרמים,600.00,100 גרם,false,0,19.90,3.32,true,1,
7290000104676,false,אפונה קפואה סנפרוסט 800 גרם,תנובה מרכז שיתופי לשיווק תוצרת,IL,אפונה ירוקה קפוא,גרמים,800.00,100 גרם,false,0,19.90,2.49,true,1,
7290000104683,false,שעועית ירוקה שלמה סנפרוסט (800 גרם),תנובה מרכז שיתופי לשיווק תוצרת,IL,שעועית ירוקה שלמ,גרמים,800.00,100 גרם,false,0,22.90,2.86,true,1,
7290000104690,false,גרעיני תירס מוקפאים סנפרוסט (800 גרם),תנובה מרכז שיתופי לשיווק תוצרת,IL,גרעיני תירס קפוא,גרמים,800.00,100 גרם,false,0,19.90,2.49,true,1,
7290000104713,false,פול ירוק קפוא סנפורסט 800 גרם,תנובה מרכז שיתופי לשיווק תוצרת,IL,פול ירוק מוקפא,גרמים,800.00,100 גרם,false,0,26.60,3.33,true,1,
7290000104720,false,שעועית ירוקה חתוכה סנפרוסט (800 גרם),תנובה מרכז שיתופי לשיווק תוצרת,IL,שעועית ירוקה,גרמים,800.00,100 גרם,false,0,20.90,2.61,true,1,
7290000104744,false,כרובית מוקפאת סנפרוסט (800 גרם),תנובה מרכז שיתופי לשיווק תוצרת,IL,כרובית מוקפאת,גרמים,800.00,100 גרם,false,0,28.00,3.50,true,1,
7290000104751,false,כרוב ניצנים סנפרוסט (800 גרם),תנובה מרכז שיתופי לשיווק תוצרת,IL,כרוב ניצנים קפוא,גרמים,800.00,100 גרם,false,0,27.80,3.48,true,1,
7290000104768,false,עלי תרד סנפרוסט (800 גרם),תנובה מרכז שיתופי לשיווק תוצרת,IL,תרד עלים מוקפא,גרמים,800.00,100 גרם,false,0,28.40,3.55,true,1,
7290000104775,false,תרד מדליונים סנפרוסט 800 גרם,תנובה מרכז שיתופי לשיווק תוצרת,IL,מדליוני תרד קפ,גרמים,800.00,100 גרם,false,0,27.80,3.48,true,1,
7290000104799,false,שעועית לבנה מבושלת סנפרוסט (800 גרם),תנובה מרכז שיתופי לשיווק תוצרת,IL,שעועית לבנה,גרמים,800.00,100 גרם,false,0,21.70,2.71,true,1,
7290000104805,false,גרגרי חומוס מבושלים סנפרוסט (800 גרם),תנובה מרכז שיתופי לשיווק תוצרת,IL,גרגרי חומוס קפוא,גרמים,800.00,100 גרם,false,0,21.70,2.71,true,1,
7290000104829,false,קלחי תירס חתוכים סנפרוסט 1 קילו,תנובה מרכז שיתופי לשיווק תוצרת,IL,קלחוני תירס קפוא,קילוגרמים,1.00,"ק""ג",false,0,22.30,22.30,true,1,
7290000104836,false,שעועית ירוקה עדינה שלמה סנפרוסט 600 גרם,תנובה מרכז שיתופי לשיווק תוצרת,IL,שעועית שלמה קפוא,גרמים,600.00,100 גרם,false,0,25.90,4.32,true,1,
7290000104874,false,לקט מוקפא לקוסקוס סנפרוסט (800 גרם),תנובה מרכז שיתופי לשיווק תוצרת,IL,לקט לקוסקוס קפוא,גרמים,800.00,100 גרם,false,0,24.90,3.11,true,1,
7290000104881,false,לקט אפונה וגזר מוקפאים סנפרוסט (800 גרם),תנובה מרכז שיתופי לשיווק תוצרת,IL,אפונה וגזר קפוא,גרמים,800.00,100 גרם,false,0,17.90,2.24,true,1,
7290000104904,false,לקט ירקות מעורבים סנפרוסט 800 גרם,תנובה מרכז שיתופי לשיווק תוצרת,IL,לקט ירקות מעור,גרמים,800.00,100 גרם,false,0,24.90,3.11,true,1,
7290000104911,false,לקט נורמנדי מוקפא סנפרוסט (800 גרם),תנובה מרכז שיתופי לשיווק תוצרת,IL,לקט נורמנדי קפוא,גרמים,800.00,100 גרם,false,0,24.90,3.11,true,1,
7290000106175,false,לקט כפרי מוקפא סנפרוסט (2 קג),תנובה קפואים,IL,לקט כפרי קפוא,קילוגרמים,2.00,"ק""ג",false,0,42.80,21.40,true,1,
7290000107295,false,תפרחות ברוקולי סנפרוסט 800 גרם,תנובה מרכז שיתופי לשיווק תוצרת,IL,ברוקולי מוקפא,גרמים,800.00,100 גרם,false,0,28.90,3.61,true,1,
7290000107622,false,ירקות ופסטה א-לה איטליה סנפרוסט 800 גרם,"איי, בי, אינבוו",IL,ירקות ופסטה א-לה,גרמים,800.00,100 גרם,false,1,26.40,3.30,true,1,
7290000112220,false,טחינה גולמית שומשום טהור בארכה 500 גרם,קבוצת אוסם סחר שותפות מוגבלת,IL,טחינה גולמית,גרמים,500.00,100 גרם,false,0,15.90,3.18,true,1,
7290000112497,false,מרק עשיר עוף אטריות קנור 75 גרם - שקיות,יוניליוור ישראל שיווק בע`מ,IL,מרק עוף איטריות,גרמים,68.00,100 גרם,false,0,10.20,15.00,true,1,
7290000112503,false,מרק עשיר ירקות קנור 69 גרם - שקיות,יוניליוור ישראל שיווק בע`מ,IL,מרק ירקות קנור,גרמים,61.00,100 גרם,false,0,10.20,16.72,true,1,
7290000116204,false,"אבקת מרק דגש בטעם עוף 1ק""ג קנור","יוניליוור ישראל שיווק בע""מ",IL,מרק דגש טעם עוף,קילוגרמים,1.00,"ק""ג",false,0,16.90,16.90,true,1,
7290000116884,false,"רוטב ברביקיו קנור 300 גרם בד""צ",יוניליוור ישראל שיווק בע`מ,IL,רוטב ברביקיו,גרמים,350.00,100 גרם,false,0,12.50,3.57,true,1,
7290000116945,false,"רוטב סויה קלאסי קנור בד""צ 350 גרם",יוניליוור ישראל שיווק בע`מ,IL,רוטב סויה קלאסי,מיליליטרים,300.00,"100 מ""ל",false,0,11.30,3.77,true,1,
7290000117720,false,נמס בכוס פטריות קנור 21.5 גרם מארז זוגי,יוניליוור ישראל שיווק בע`מ,IL,מרק נמס בכוס,גרמים,43.00,100 גרם,false,0,7.80,18.14,true,1,
7290000121093,false,גבינה מותכת לייט בטעם שוויצרי 7% מון בלאן 120 גר',נטו מלינדה סחר בע`מ,IL,גבינת מון בלאן,גרמים,120.00,100 גרם,false,0,12.90,10.75,true,1,
7290000121109,false,גבינה מותכת לייט עם זיתים 7% מון בלאן 120 גרם,נטו מילנדה סחר בעמ*,IL,גבינת מון בלאן,גרמים,120.00,100 גרם,false,0,12.90,10.75,true,1,
7290000121154,false,גבינה מותכת לייט עם סלמון 7% מון בלאן 120 גרם,נטו מלינדה סחר בע`מ,IL,גבינת מון בלאן,גרמים,120.00,100 גרם,false,0,12.90,10.75,true,1,
7290000134147,false,טעם וריח מוסקט טחון מיכל 40גר,"תבליני טעם וריח בע""מ",IL,מוסקט טחון,גרמים,40.00,100 גרם,false,0,16.90,42.25,true,1,
7290000134314,false,פיצה תערובת תיבול 120 גרם מיכל גדול,"תבליני טעם וריח בע""מ",IL,תיבול לפיצה,גרמים,120.00,100 גרם,false,0,11.80,9.83,true,1,
7290000134666,false,רוזמרין 15 גר מיכל ק,תבליני טעם וריח בעמ,IL,רוזמרין,גרמים,15.00,100 גרם,false,0,7.00,46.67,true,1,
>>>>>>> d048ac2f4f281c9d788043ab4e81b61b0dbe3743
7290000134833,false,כמון טחון בקופ' 100 גר' טעם וריח,"תבליני טעם וריח בע""מ",IL,כמון טחון,גרמים,100.00,100 גרם,false,0,11.90,11.90,true,1,
7290000134857,false,פפריקה מתוקה בקופ' 100 גר' טעם וריח,"תבליני טעם וריח בע""מ",IL,פפריקה במיכל,גרמים,100.00,100 גרם,false,0,11.90,11.90,true,1,
7290000134871,false,פלפל שחור טחון בקופ' 100 גר' טעם וריח,"תבליני טעם וריח בע""מ",IL,פלפל שחור במיכ,גרמים,100.00,100 גרם,false,0,15.00,15.00,true,1,
7290000134987,false,פלפל שחור גרוס בקופ' 90 גר' טעם וריח,"תבליני טעם וריח בע""מ",IL,פלפל שחור גרוס,גרמים,90.00,100 גרם,false,0,15.50,17.22,true,1,
7290000135045,false,"XL TEN משקה אנרגיה פתוח ללא סוכר 250 מ""ל","טמפו משקאות בע""\מ",IL,TEN XL בטעם תפוח,מיליליטרים,250.00,"100 מ""ל",false,1,4.90,1.96,true,1,
7290000135052,false,"XL TEN משקה אנרגיה מנגו ללא סוכר 250 מ""ל","טמפו משקאות בע""\מ",IL,TEN XL בטעם מנגו,מיליליטרים,250.00,"100 מ""ל",false,1,4.90,1.96,true,1,
<<<<<<< HEAD
7290000135113,false,"משקה אנרגיה XL פחית ten נענע ליים 250 מ""ל","טמפו משקאות בע""\מ",IL,TEN XL נענע ליים,מיליליטרים,250.00,"100 מ""ל",false,1,4.90,1.96,true,1,
=======
7290000135113,false,משקה אנרגיה אקסל נענע ליים ללס (250 מל,"טמפו משקאות בע""\מ",IL,TEN XL נענע ליים,מיליליטרים,250.00,"100 מ""ל",false,1,4.90,1.96,true,1,
>>>>>>> d048ac2f4f281c9d788043ab4e81b61b0dbe3743
7290000135311,false,פפסי קולה ליים 1.5 ללא סוכר,"טמפו משקאות בע""\מ",IL,פפסי מקס ליים,ליטרים,1.50,ליטר,false,1,8.10,5.40,true,1,
7290000135595,false,פפסי מקס בטעם דובדבן 1.5 ללא סוכר,"טמפו משקאות בע""\מ",IL,פפסי מקס דובדבן,ליטרים,1.50,ליטר,false,1,8.10,5.40,true,1,
7290000136141,false,פפסי קולה 1.5 ליטר פיקדון,"טמפו משקאות בע""\מ",IL,פפסי קולה,ליטרים,1.50,ליטר,false,0,8.10,5.40,true,1,
7290000136158,false,פפסי מקס משקה מוגז דל קלוריות בטעם קולה,"טמפו משקאות בע""\מ",IL,פפסי מקס,ליטרים,1.50,ליטר,false,0,8.10,5.40,true,1,
<<<<<<< HEAD
7290000136165,false,טמפו מירינדה 1.5 ליטר,"טמפו משקאות בע""\מ",IL,מירינדה תפוזי,ליטרים,1.50,ליטר,false,0,8.30,5.53,true,1,
7290000136172,false,סבן אפ בקבוק 1.5 ליט,"טמפו משקאות בע""\מ",IL,סבן אפ,ליטרים,1.50,ליטר,false,0,8.30,5.53,true,1,
7290000136189,false,סבן אף דיאט 1.5 ליטר בודד,"טמפו משקאות בע""\ם.",IL,דיאט סבן אפ,ליטרים,1.50,ליטר,false,0,8.30,5.53,true,1,
=======
7290000136165,false,מירינדה אורנג` 1.5 ליטר פיקדון,"טמפו משקאות בע""\מ",IL,מירינדה תפוזי,ליטרים,1.50,ליטר,false,0,8.30,5.53,true,1,
7290000136172,false,משקה 7UP בקבוק 1.5 ליטר פיקדון,"טמפו משקאות בע""\מ",IL,סבן אפ,ליטרים,1.50,ליטר,false,0,8.30,5.53,true,1,
7290000136189,false,משקה דיאט 7UP בקבוק 1.5 ליטר פיקדון,"טמפו משקאות בע""\ם.",IL,דיאט סבן אפ,ליטרים,1.50,ליטר,false,0,8.30,5.53,true,1,
>>>>>>> d048ac2f4f281c9d788043ab4e81b61b0dbe3743
7290000136240,false,סודה 1.5 ליטר שישייה בודד,"טמפו משקאות בע""\מ",IL,מי סודה טמפו,ליטרים,1.50,ליטר,false,0,4.90,3.27,true,1,
7290000136288,false,"סירופ בטעם תפוחים ג'ויסר סיידר הגליל 330 מ""ל","טמפו משקאות בע""\מ",IL,סירופ סיידר גליל,מיליליטרים,330.00,"100 מ""ל",false,1,14.90,4.52,true,1,
7290000136295,false,"סירופ בטעם פטל ג'ויסר סיידר הגליל 330 מ""ל","טמפו משקאות בע""\מ",IL,סירופ סיידר גליל,מיליליטרים,330.00,"100 מ""ל",false,1,14.90,4.52,true,1,
7290000136301,false,"סירופ בטעם ענבים ג'ויסר סיידר הגליל 330 מ""ל","טמפו משקאות בע""\מ",IL,סירופ סיידר גליל,מיליליטרים,330.00,"100 מ""ל",false,1,14.90,4.52,true,1,
7290000136455,false,משקה בטעם אשכוליות תריסר 1.5 ל' ג'אמפ,"טמפו משקאות בע""\ם.",IL,ג'אמפ אשכוליו,ליטרים,1.50,ליטר,false,0,8.50,5.67,true,1,
7290000136486,false,ג'אמפ משקה קל דיאט אשכוליות 1.5 ליטר,"טמפו משקאות בע""\ם.",IL,ג'אמפ דיאט,ליטרים,1.50,ליטר,false,0,8.50,5.67,true,1,
7290000136516,false,משקה בטעם מנגו פסיפלורה תריסר 1.5 ל' ג'אמפ,טמפו משקאות בע`מ,IL,ג'אמפ מנגו,ליטרים,1.50,ליטר,false,0,8.50,5.67,true,1,
7290000136523,false,ג`אמפ משקה קל ענבים 1.5 ליטר פיקדון,"טמפו משקאות בע""\ם.",IL,ג'אמפ ענבים,ליטרים,1.50,ליטר,false,0,8.50,5.67,true,1,
7290000136585,false,משקה בטעם תפוזים תריסר 1.5 ל' ג'אמפ,"טמפו משקאות בע""\ם.",IL,ג'אמפ תפוזים,ליטרים,1.50,ליטר,false,0,8.50,5.67,true,1,
7290000136646,false,בירה שחורה נשר מאלט בקבוק 1.5 ליטר,"טמפו משקאות בע""\מ",IL,נשר מאלט,ליטרים,1.50,ליטר,false,0,10.00,6.67,true,1,
7290000136653,false,בירה שחורה נשר מאלט דיאט בקבוק 1.5ל`,"טמפו משקאות בע""\מ",IL,נשר מאלט דיאט,ליטרים,1.50,ליטר,false,0,9.50,6.33,true,1,
7290000136752,false,סבן אפ דיאט מארז שישייה 1.5 ל' FREE,"טמפו משקאות בע""\מ",IL,סבן אפ דיאט1.5*6,ליטרים,9.00,ליטר,false,0,38.90,4.32,true,1,
7290000136776,false,שישיית פפסי מקס דל קלוריות 1.5 ליטר,טמפו משקאות בע`מ,IL,פפסי מקס1.5*6ל,ליטרים,9.00,ליטר,false,0,41.10,4.57,true,1,
7290000136790,false,טמפו מי סודה 6*1.5 ליטר פיקדון,"טמפו משקאות בע""\מ",IL,סודה טמפו1.5*6ל,ליטרים,9.00,ליטר,false,0,19.70,2.19,true,1,
7290000136820,false,סודה בטעם פירות יער מארז ריבעיה * 1.5 ל' טמפו,טמפו משקאות בע''מn\,IL,4סודה פרי יער1.5,ליטרים,6.00,ליטר,false,0,13.00,2.17,true,1,
7290000136837,false,רביעיית מי סודה נגיעות אפרסק טמפו 1.5 ליטר,טמפו משקאות בע''מn\,IL,4סודה ט.אפרסק1.5,ליטרים,6.00,ליטר,false,0,13.00,2.17,true,1,
7290000136868,false,סאן בנדטו - מים מינרלים - מארז שישיית 1.5 ליטר,אקווה מינרלה סאן בנדטו ב,IT,סאן בנדטו1.5*6ל,ליטרים,9.00,ליטר,false,0,20.90,2.32,true,1,
7290000136875,false,שישיית מים מינרליים מוגזים סן בנדטו 1.5 ליטר,סאן בנדטו San Benedetto,IT,6סנבנדטו מוגז1.5,ליטרים,9.00,ליטר,false,0,21.90,2.43,true,1,
7290000137513,false,גלידונית גלידה וניל בציפוי שוקולד 60 יח' קרמיסימו,"גלידת שטראוס בע""\מ, רחוב",IL,גלידונית,גרמים,630.00,100 גרם,false,0,49.90,7.92,true,1,
7290000143200,false,"הוואי - מרכך לשיער יבש 700 מ""ל",שוורצקוף& הנקל דיסלד,IL,מרכך שיער הוואי,מיליליטרים,700.00,"100 מ""ל",false,0,10.90,1.56,true,1,
7290000143279,false,"הוואי שמפו לשיער נגד קשקשים 700 מ""ל",שוורצקוף& הנקל דיסלד,IL,שמפו הוואי,מיליליטרים,700.00,"100 מ""ל",false,0,10.90,1.56,true,1,
<<<<<<< HEAD
7290000143286,false,"מרכך הוואי לשיער רגיל 700 מ""ל",טרופיקל דגיל קוסמטיק,IL,מרכך הוואי,מיליליטרים,700.00,"100 מ""ל",false,0,10.90,1.56,true,1,
7290000144160,false,"שמן זית כתית מעולה ארומתי עץ הזית 750 מ""ל","מרקאולאו, ספרד.אבסה,",IT,שמן זית,מיליליטרים,750.00,"100 מ""ל",false,0,33.90,4.52,true,1,
7290000144474,false,שמן עץ הזית קנולה 1 ליטר בריאות מהטבע,שמן תעשיות בעמ,EE,שמן קנולה,ליטרים,1.00,ליטר,false,0,16.90,16.90,true,1,
=======
7290000143286,false,הוואי מרכך לשיער רגיל 700 מל ירוק,טרופיקל דגיל קוסמטיק,IL,מרכך הוואי,מיליליטרים,700.00,"100 מ""ל",false,0,10.90,1.56,true,1,
7290000144160,false,"שמן זית כתית מעולה ארומתי עץ הזית 750 מ""ל","מרקאולאו, ספרד.אבסה,",IT,שמן זית,מיליליטרים,750.00,"100 מ""ל",false,0,33.90,4.52,true,1,
7290000144474,false,שמן עץ הזית קנולה 1 ליטר בריאות מהטבע,סוגת תעשיות בעמ,EE,שמן קנולה,ליטרים,1.00,ליטר,false,0,16.90,16.90,true,1,
>>>>>>> d048ac2f4f281c9d788043ab4e81b61b0dbe3743
7290000146645,false,הוואי - סבון מוצק שחור מסתורי 100 גרם רביעייה,טרופיקל דגיל קוסמטיק,IL,סבון הוואי 4 יח,גרמים,400.00,100 גרם,false,0,13.90,3.48,true,1,
7290000146652,false,הוואי - סבון מוצק ורוד רומנטי 100 גרם רביעייה,טרופיקל דגיל קוסמטיק,PL,סבון הוואי 4 יח,גרמים,400.00,100 גרם,false,0,13.90,3.48,true,1,
7290000146683,false,הוואי - סבון מוצק אפקט דאודורנט 100 גרם רביעייה,טרופיקל דגיל קוסמטיק,PL,סבון הוואי 4 יח,גרמים,400.00,100 גרם,false,0,13.90,3.48,true,1,
7290000146928,false,"משחת שיניים לילדים בטעם ענבים טום וג'רי 50 מ""ל",טרופיקל דגיל קוסמטיק,IL,משחת טום וג'רי,מיליליטרים,50.00,"100 מ""ל",false,0,9.60,19.20,true,1,
<<<<<<< HEAD
7290000149615,false,רביעיית סבון מוצק קלאסי לתינוק נקה 7 4*100 גרם,גליל כימיקלים בעממשו,IL,נקה 7 סבון 4 יח,גרמים,400.00,100 גרם,false,0,15.00,3.75,true,1,
7290000149905,false,טקסטיל נוזל לכביסה עדינה נקה 1 ליטר,מיוצר עי קונדיטוריית,IL,נוזל כביס טקסטיל,ליטרים,1.00,ליטר,false,0,14.80,14.80,true,1,
7290000153469,false,קציצות עוף קלאסיות 100% רכיבים טבעיים,"מוצרי עוף טוב (2001) בע""",IL,קציצות עוף,גרמים,600.00,100 גרם,false,0,33.40,5.57,true,1,
7290000158105,false,שניצל עוף מיני דינוזאור ללא אנטיביוטיקה מ100% ר.טבעי,"מוצרי עוף טוב (2001) בע""",IL,שניצל דינוזאור,גרמים,700.00,100 גרם,false,0,39.90,5.70,true,1,
7290000161648,false,חטיף קליק אין אאוט במילו קרם,יוניליוור ישראל מזון בע\,IL,קליק IN קרם חלב,גרמים,38.00,100 גרם,false,0,4.90,12.89,true,1,
7290000169798,false,"עוגי מופחת סוכר 20% פצפוצי שוקו' 500ג' בד""צ",יוניליוור ישראל מזון בע\,IL,עוגי מופחת סוכר,גרמים,500.00,100 גרם,false,0,24.10,4.82,true,1,
7290000174723,false,שוקולית אבקה להכנת משקה שוקו 500 גרם,הנסיך- מפעל לייצור ט,IL,שוקולית,גרמים,500.00,100 גרם,false,0,13.90,2.78,true,1,
7290000176062,false,קפה טורקי בשקית 100 ג' עלית,שטראוס קפה בי.ויn\.,IL,קפה טורקי בצלופן,גרמים,100.00,100 גרם,false,0,9.50,9.50,true,1,
7290000176079,false,קפה עלית טורקי עם הל 100 גרם,הנסיך- מפעל לייצור ט,IL,קפה טורקי עם הל,גרמים,100.00,100 גרם,false,0,9.90,9.90,true,1,
7290000176147,false,קפה לפילטר קלוי וטחון מוקה מספר 1 עלית 500 גרם,ELITE CAFE SP. ZO.O,PL,קפה מוקה לפילטר,גרמים,500.00,100 גרם,false,0,57.40,11.48,true,1,
7290000176413,false,קפה נמס אבקתי 50 ג' עלית,הנסיך- מפעל לייצור ט,IL,קפה נמס,גרמים,50.00,100 גרם,false,0,10.90,21.80,true,1,
7290000176420,false,קפה נמס פחית עלית 200 גרם,שטראוס קפה בי.וי,IL,קפה נמס,גרמים,200.00,100 גרם,false,0,21.90,10.95,true,1,
7290000176475,false,האג קפה נמס נטול קפאין עלית 200 גרם,שטראוס גרופ,VN,קפה נמס האג,גרמים,200.00,100 גרם,false,0,37.00,18.50,true,1,
7290000178707,false,תפוצ'יפס בטעם טבעי 50 גרם,"שטראוס פריטו ליי בע""\מ )",IL,חטיף תפוצ'יפס,גרמים,50.00,100 גרם,false,0,4.30,8.60,true,1,
7290000178721,false,תפוצ'יפס בטעם טבעי 200 גרם,"שטראוס פריטו ליי בע""\מ )",IL,תפוצי'פס טבעי,גרמים,200.00,100 גרם,false,0,10.90,5.45,true,1,
7290000187860,false,מגבוני טואלט לחים לילי דיספנסר 40יח',עלבד משואות יצחק בעמ,IL,נייר טואלט לח,יחידה,1.00,יחידה,false,0,8.90,8.90,true,1,
7290000188355,false,מגבות מטבח ניקול לבנה שישייה,קימברלי-קלארק,IL,מגבות ניקול,מטרים,65.00,מטר,false,0,12.90,0.20,true,1,
7290000188553,false,קוטקס מגן תחתון יאנג ביג 60 יחידות,קימברלי קלארק,CN,מגן תחתון קוטקס,יחידה,1.00,יחידה,false,0,21.90,21.90,true,1,
7290000189192,false,סופר מטלית מטליות נייר רב פעמיות ניקול 64 יחידות,קימברלי קולומביה,CO,מטליות נייר,מטרים,18.00,מטר,false,0,17.60,0.98,true,1,
7290000189260,false,תבניות מלבניות עבות וחזקות ניקול 5 יחידות,ניקול,CN,תבניות מלבניות,יחידה,1.00,יחידה,false,0,10.90,10.90,true,1,
7290000189482,false,תבניות אפיה מרובעות מקרטון ניקול 4 יחידות,"דוקארט בעמ, קיבוץ כפ",IL,תבניות קרטון,יחידה,1.00,יחידה,false,0,11.40,11.40,true,1,
7290000190853,false,לילי פיור נייר טואלט דו שכבתי לבן 30 גלילים,לילי נייר טואלט חוגלה,IL,נייר טואלט לילי,מטרים,537.00,100 מטר,false,0,41.90,7.80,true,1,
7290000191539,false,חמישיית ממחטות טישו צבועני לילי 100 יחידות,חוגלה קימברלי,IL,מגבוני לילי 90*5,יחידה,1.00,יחידה,false,0,15.90,15.90,true,1,
7290000191652,false,שלישיית ממחטות אולטרה סופט קלינקס 90 יחידות,חוגלה קימברלי,IL,קלינקס מעוצב 3יח,יחידה,1.00,יחידה,false,0,12.90,12.90,true,1,
7290000193083,false,נובה-לי תחבושות היגייניות לילי 28 יחידות,חוגלה קימברלי,CZ,תחבושות נובה לי,יחידה,1.00,יחידה,false,0,11.50,11.50,true,1,
7290000193472,false,מגן תחתון נטורל נורמל לילי 60 יחידות,חוגלה קימברלי,ES,פדיות לילי,יחידה,1.00,יחידה,false,0,18.50,18.50,true,1,
7290000195537,false,האגיס - מגבוני האגיס דיילי קר לא מבושם 64 יח' * 4,חוגלה קימברלי,IL,מגבונים האגיס 4י,יחידה,1.00,יחידה,false,0,23.90,23.90,true,1,
7290000195773,false,האגיס - מגבוני האגיס סנסטיב קר לא מבושם 64 יח' * 4,חוגלה קימברלי,IL,מגבונים האגיס 4י,יחידה,1.00,יחידה,false,0,23.90,23.90,true,1,
7290000196039,false,"מפות שולחן איריס ח""פ ניקול 2 יח'",חוגלה קימברלי,IL,מפות שולחן,יחידה,1.00,יחידה,false,0,14.30,14.30,true,1,
7290000197425,false,חיתולים פרידום דריי שלב 3 האגיס 52 יחידות,קימברלי קלארק ישראל,IL,חיתולי האגיס,יחידה,1.00,יחידה,false,0,45.90,45.90,true,1,
7290000197432,false,שקיות אוכל סנדביצ'ון ניקול מארז 150X2יח',"אשפלסט תעשיות בע""מ",IL,סנדוויצ'ון זוג,יחידה,1.00,יחידה,false,0,14.50,14.50,true,1,
7290000197463,false,חיתולים פרידום דריי שלב +4 האגיס 40 יחידות,קימברלי קלארק ישראל,IL,חיתולי האגיס,יחידה,1.00,יחידה,false,0,45.90,45.90,true,1,
7290000197548,false,חיתולים פרידום דריי שלב 5 האגיס 36 יחידות,קימברלי קלארק ישראל,IL,חיתולי האגיס,יחידה,1.00,יחידה,false,0,45.90,45.90,true,1,
7290000197678,false,חיתולי האגיס פרידום דריי שלב 6 30 יחידות,קימברלי קלארק ישראל,IL,חיתולי האגיס,יחידה,1.00,יחידה,false,0,45.90,45.90,true,1,
7290000197883,false,תבנית אלומיניום 100 גדולה ניקול 4 יחידות,חוגלה קימברלי,CN,תבניות אלומיניום,יחידה,1.00,יחידה,false,0,9.90,9.90,true,1,
7290000207162,false,רוטב עגבניות מרכיב טבעי 100 ג' יכין,"זנלכל בע""\מ",IL,רוטב עגבניות,גרמים,100.00,100 גרם,false,0,2.90,2.90,true,1,
7290000208022,false,עגבניות 2.5 A מרוסקות 850 גרם יכין,"זנלכל בע""\מ",IL,עגבניות מרוסקות,גרמים,800.00,100 גרם,false,0,9.90,1.24,true,1,
7290000208114,false,"אפונה וגזר יכין A2 פ""ק בית יוסף","זנלכל בע""\מ",IL,אפונה וגזר,גרמים,550.00,100 גרם,false,0,8.90,1.62,true,1,
7290000208138,false,סירופ דיאט בטעם ענבים יכין 1 ליטר,"זנלכל בע""\מ",IL,סירופ דיאט ענבים,ליטרים,1.00,ליטר,false,0,17.90,17.90,true,1,
7290000208145,false,גרעיני תירס מתוק לייט 550 גרם יכין,"זנלכל בע""\מ",IL,תירס לייט יכין,גרמים,550.00,100 גרם,false,0,9.90,1.80,true,1,
=======
7290000149615,false,רביעיית סבון מוצק קלאסי לתינוק נקה 7 4*100 גרם,החברה הדרומית לשיווק בעמ,IL,נקה 7 סבון 4 יח,גרמים,400.00,100 גרם,false,0,15.00,3.75,true,1,
7290000149905,false,טקסטיל שמפו נוזלי לאריגים עדינים1ליט,החברה הדרומית לשיווק בעמ,IL,נוזל כביס טקסטיל,ליטרים,1.00,ליטר,false,0,14.80,14.80,true,1,
7290000153469,false,קציצות עוף קלאסיות 100% רכיבים טבעיים,קבוצת אסם סחר שות. מוגבלת,IL,קציצות עוף,גרמים,600.00,100 גרם,false,0,33.40,5.57,true,1,
7290000158105,false,שניצל עוף מיני דינוזאור ללא אנטיביוטיקה מ100% ר.טבעי,קבוצת אסם סחר שות. מוגבלת,IL,שניצל דינוזאור,גרמים,700.00,100 גרם,false,0,39.90,5.70,true,1,
7290000161648,false,קליק בארים אין אאוט קרם חלבי,יוניליוור ישראל שיווק בע`מ,IL,קליק IN קרם חלב,גרמים,38.00,100 גרם,false,0,4.90,12.89,true,1,
7290000169798,false,"עוגי מופחת סוכר 20% פצפוצי שוקו' 500ג' בד""צ",יוניליוור ישראל שיווק בע`מ,IL,עוגי מופחת סוכר,גרמים,500.00,100 גרם,false,0,24.10,4.82,true,1,
7290000174723,false,שוקולית אבקה להכנת משקה שוקו 500 גרם,הנסיך- מפעל לייצור ט,IL,שוקולית,גרמים,500.00,100 גרם,false,0,13.90,2.78,true,1,
7290000176062,false,קפה טורקי בשקית 100 ג' עלית,שטראוס קפה בי.ויn\.,IL,קפה טורקי בצלופן,גרמים,100.00,100 גרם,false,0,9.50,9.50,true,1,
7290000176079,false,קפה טורקי עם הל עלית (100 גרם),הנסיך- מפעל לייצור ט,IL,קפה טורקי עם הל,גרמים,100.00,100 גרם,false,0,9.90,9.90,true,1,
7290000176147,false,קפה לפילטר קלוי וטחון מוקה מספר 1 עלית 500 גרם,שטראוס גרופ בע`מ,PL,קפה מוקה לפילטר,גרמים,500.00,100 גרם,false,0,57.40,11.48,true,1,
7290000176413,false,קפה נמס עלית פחית 50 גרם,הנסיך- מפעל לייצור ט,IL,קפה נמס,גרמים,50.00,100 גרם,false,0,10.90,21.80,true,1,
7290000176420,false,קפה נמס פחית עלית 200 גרם,פיקסל אם.גי.אם בעמ,IL,קפה נמס,גרמים,200.00,100 גרם,false,0,21.90,10.95,true,1,
7290000176475,false,קפה נמס נטול קפאין האג עלית (200 גרם),שטראוס גרופ בע`מ,VN,קפה נמס האג,גרמים,200.00,100 גרם,false,0,37.00,18.50,true,1,
7290000178707,false,חטיף צ`יפס בטעם טבעי תפוצ`יפס (50 גרם),"שטראוס פריטו ליי בע""\מ )",IL,חטיף תפוצ'יפס,גרמים,50.00,100 גרם,false,0,4.30,8.60,true,1,
7290000178721,false,חטיף צ`יפס בטעם טבעי תפוצ`יפס (200 גרם),"שטראוס פריטו ליי בע""\מ )",IL,תפוצי'פס טבעי,גרמים,200.00,100 גרם,false,0,10.90,5.45,true,1,
7290000187860,false,מגבוני טואלט לחים לילי דיספנסר 40יח',קימברלי קלארק ישראל שיווק בעמ,IL,נייר טואלט לח,יחידה,1.00,יחידה,false,0,8.90,8.90,true,1,
7290000188355,false,ניקול מגבות נייר לבנות 6 גלילים,קימברלי קלארק ישראל שיווק בעמ,IL,מגבות ניקול,מטרים,65.00,מטר,false,0,12.90,0.20,true,1,
7290000188553,false,קוטקס מגן תחתון יאנג ביג 60 יחידות,קימברלי קלארק ישראל שיווק בעמ,CN,מגן תחתון קוטקס,יחידה,1.00,יחידה,false,0,21.90,21.90,true,1,
7290000189192,false,סופר מטלית מטליות נייר רב פעמיות ניקול 64 יחידות,קימברלי קלארק ישראל שיווק בעמ,CO,מטליות נייר,מטרים,18.00,מטר,false,0,17.60,0.98,true,1,
7290000189260,false,תבניות מלבניות עבות וחזקות ניקול 5 יחידות,קימברלי קלארק ישראל שיווק בעמ,CN,תבניות מלבניות,יחידה,1.00,יחידה,false,0,10.90,10.90,true,1,
7290000189482,false,תבניות אפיה מרובעות מקרטון ניקול 4 יחידות,קימברלי קלארק ישראל שיווק בעמ,IL,תבניות קרטון,יחידה,1.00,יחידה,false,0,11.40,11.40,true,1,
7290000190853,false,לילי פיור נייר טואלט דו שכבתי לבן 30 גלילים,קימברלי קלארק ישראל שיווק בעמ,IL,נייר טואלט לילי,מטרים,537.00,100 מטר,false,0,41.90,7.80,true,1,
7290000191539,false,חמישיית ממחטות טישו צבועני לילי 100 יחידות,קימברלי קלארק ישראל שיווק בעמ,IL,מגבוני לילי 90*5,יחידה,1.00,יחידה,false,0,15.90,15.90,true,1,
7290000191652,false,שלישיית ממחטות אולטרה סופט קלינקס 90 יחידות,קימברלי קלארק ישראל שיווק בעמ,IL,קלינקס מעוצב 3יח,יחידה,1.00,יחידה,false,0,12.90,12.90,true,1,
7290000193083,false,נובה-לי תחבושות היגייניות לילי 28 יחידות,קימברלי קלארק ישראל שיווק בעמ,CZ,תחבושות נובה לי,יחידה,1.00,יחידה,false,0,11.50,11.50,true,1,
7290000193472,false,מגן תחתון נטורל נורמל לילי 60 יחידות,קימברלי קלארק ישראל שיווק בעמ,ES,פדיות לילי,יחידה,1.00,יחידה,false,0,18.50,18.50,true,1,
7290000195537,false,האגיס - מגבוני האגיס דיילי קר לא מבושם 64 יח' * 4,קימברלי קלארק ישראל שיווק בעמ,IL,מגבונים האגיס 4י,יחידה,1.00,יחידה,false,0,23.90,23.90,true,1,
7290000195773,false,האגיס - מגבוני האגיס סנסטיב קר לא מבושם 64 יח' * 4,קימברלי קלארק ישראל שיווק בעמ,IL,מגבונים האגיס 4י,יחידה,1.00,יחידה,false,0,23.90,23.90,true,1,
7290000196039,false,ניקול מפות שולחן חד פעמיות 2 יח,קימברלי קלארק ישראל שיווק בעמ,IL,מפות שולחן,יחידה,1.00,יחידה,false,0,14.30,14.30,true,1,
7290000197425,false,חיתולים פרידום דריי שלב 3 האגיס 52 יחידות,קימברלי קלארק ישראל שיווק בעמ,IL,חיתולי האגיס,יחידה,1.00,יחידה,false,0,45.90,45.90,true,1,
7290000197432,false,שקיות אוכל סנדביצ'ון ניקול מארז 150X2יח',קימברלי קלארק ישראל שיווק בעמ,IL,סנדוויצ'ון זוג,יחידה,1.00,יחידה,false,0,14.50,14.50,true,1,
7290000197463,false,חיתולים פרידום דריי שלב +4 האגיס 40 יחידות,קימברלי קלארק ישראל שיווק בעמ,IL,חיתולי האגיס,יחידה,1.00,יחידה,false,0,45.90,45.90,true,1,
7290000197548,false,חיתולים פרידום דריי שלב 5 האגיס 36 יחידות,קימברלי קלארק ישראל שיווק בעמ,IL,חיתולי האגיס,יחידה,1.00,יחידה,false,0,45.90,45.90,true,1,
7290000197678,false,חיתולי האגיס פרידום דריי שלב 6 30 יחידות,קימברלי קלארק ישראל שיווק בעמ,IL,חיתולי האגיס,יחידה,1.00,יחידה,false,0,45.90,45.90,true,1,
7290000197883,false,תבנית אלומיניום 100 גדולה ניקול 4 יחידות,קימברלי קלארק ישראל שיווק בעמ,CN,תבניות אלומיניום,יחידה,1.00,יחידה,false,0,9.90,9.90,true,1,
7290000207162,false,רוטב עגבניות מרכיב טבעי 100 ג' יכין,זנלכול יכין,IL,רוטב עגבניות,גרמים,100.00,100 גרם,false,0,2.90,2.90,true,1,
7290000208022,false,עגבניות 2.5 A מרוסקות 850 גרם יכין,זנלכול יכין,IL,עגבניות מרוסקות,גרמים,800.00,100 גרם,false,0,9.90,1.24,true,1,
7290000208114,false,"אפונה וגזר יכין A2 פ""ק בית יוסף",זנלכול יכין,IL,אפונה וגזר,גרמים,550.00,100 גרם,false,0,8.90,1.62,true,1,
7290000208138,false,סירופ דיאט בטעם ענבים יכין (1 ליטר),זנלכול יכין,IL,סירופ דיאט ענבים,ליטרים,1.00,ליטר,false,0,17.90,17.90,true,1,
7290000208145,false,גרעיני תירס מתוק לייט 550 גרם יכין,זנלכול יכין,IL,תירס לייט יכין,גרמים,550.00,100 גרם,false,0,9.90,1.80,true,1,
>>>>>>> d048ac2f4f281c9d788043ab4e81b61b0dbe3743
7290000208213,false,שעועית לבנה אפויה A2 ברוטב עגבניות יכין 560ג',היינץ צפון אמריקה מק,IL,שעועית ברוטב,גרמים,580.00,100 גרם,false,0,9.90,1.71,true,1,
7290000208312,false,גרעיני תירס מתוק בואקום יכין 400 גר',"זנלכל בע""\מ",IL,תירס ואקום,גרמים,400.00,100 גרם,false,0,7.90,1.98,true,1,
7290000208329,false,גרעיני תירס מתוק יכין (550 גרם),זנלכול יכין,IL,גרעיני תירס מתוק,גרמים,550.00,100 גרם,false,0,8.90,1.62,true,1,
7290000208336,false,רסק יכין 240גר 22% יכין בית יוסף,"זנלכל בע""\מ",IL,רוטב עגבניות,גרמים,240.00,100 גרם,false,0,4.90,2.04,true,1,
<<<<<<< HEAD
7290000208404,false,A2 פול מצרי 550 גרם יכין,"זנלכל בע""\מ",IL,פול מצרי,גרמים,550.00,100 גרם,false,0,8.90,1.62,true,1,
7290000208428,false,גרגרי חומוס שלם 550 גרם יכין,"זנלכל בע""\מ",IL,חומוס שלם,גרמים,560.00,100 גרם,false,0,8.90,1.59,true,1,
7290000208855,false,רוטב לפסטה קלאסי 240 גרם יכין,"זנלכל בע""\מ",IL,רוטב פסטה,גרמים,240.00,100 גרם,false,0,6.90,2.88,true,1,
7290000208947,false,עגבניות מרוסקות יכין 260 גרם,היינץ צפון אמריקה מק,IL,עגבניות קצוצות,גרמים,240.00,100 גרם,false,0,6.90,2.88,true,1,
7290000208978,false,רוטב עגבניות פריכוז יכין 100 גרם,היינץ צפון אמריקה מק,IL,רוטב עגבניות,גרמים,100.00,100 גרם,false,0,3.20,3.20,true,1,
7290000209371,false,תירס מתוק יכין 200 גרם מארז 3 יח',היינץ צפון אמריקה מק,IL,תירס גרעינים 3יח,גרמים,495.00,100 גרם,false,1,14.90,3.01,true,1,
7290000209388,false,תירס מתוק לייט יכין 200 גרם מארז 3 יח',"זנלכל בע""\מ",IL,תירס לייט 3 יח,גרמים,495.00,100 גרם,false,0,14.90,3.01,true,1,
7290000209555,false,סירופ דיאט בטעם תפוחים יכין 1 ליטר,"זנלכל בע""\מ",IL,"סירופ תפו""ע דיאט",ליטרים,1.00,ליטר,false,0,17.90,17.90,true,1,
7290000209579,false,סירופ דיאט בטעם אננס יכין 1 ליטר,"זנלכל בע""\מ",IL,סירופ אננס דיאט,ליטרים,1.00,ליטר,false,0,17.90,17.90,true,1,
7290000209722,false,רסק עגבניות 28% פריכוז 580 גרם יכין,"זנלכל בע""\מ",IL,רוטב עגבניות,גרמים,580.00,100 גרם,false,0,11.90,2.05,true,1,
=======
7290000208404,false,A2 פול מצרי 550 גרם יכין,זנלכול יכין,IL,פול מצרי,גרמים,550.00,100 גרם,false,0,8.90,1.62,true,1,
7290000208428,false,גרגרי חומוס שלם 550 גרם יכין,היינץ צפון אמריקה מק,IL,חומוס שלם,גרמים,560.00,100 גרם,false,0,8.90,1.59,true,1,
7290000208855,false,רוטב לפסטה קלאסי יכין (240 גרם),זנלכול יכין,IL,רוטב פסטה,גרמים,240.00,100 גרם,false,0,6.90,2.88,true,1,
7290000208947,false,עגבניות מרוסקות יכין (240 גרם),היינץ צפון אמריקה מק,IL,עגבניות קצוצות,גרמים,240.00,100 גרם,false,0,6.90,2.88,true,1,
7290000208978,false,רוטב עגבניות (10028% גרם)פריכוז יכין,זנלכול יכין,IL,רוטב עגבניות,גרמים,100.00,100 גרם,false,0,3.20,3.20,true,1,
7290000209371,false,מארז גרעיני תירס מתוק יכין (200x3 גרם),היינץ צפון אמריקה מק,IL,תירס גרעינים 3יח,גרמים,495.00,100 גרם,false,1,14.90,3.01,true,1,
7290000209388,false,תירס מתוק לייט יכין 200 גרם מארז 3 יח',זנלכול יכין,IL,תירס לייט 3 יח,גרמים,495.00,100 גרם,false,0,14.90,3.01,true,1,
7290000209555,false,סירופ דיאט בטעם תפוחים יכין 1 ליטר,זנלכול יכין,IL,"סירופ תפו""ע דיאט",ליטרים,1.00,ליטר,false,0,17.90,17.90,true,1,
7290000209579,false,סירופ דיאט בטעם אננס יכין (1 ליטר),"זנלכל בע""\מ",IL,סירופ אננס דיאט,ליטרים,1.00,ליטר,false,0,17.90,17.90,true,1,
7290000209722,false,רוטב עגבניות 28% יכין (580 גרם)פריכוז,"זנלכל בע""\מ",IL,רוטב עגבניות,גרמים,580.00,100 גרם,false,0,11.90,2.05,true,1,
>>>>>>> d048ac2f4f281c9d788043ab4e81b61b0dbe3743
7290000209913,false,עגבניות חתוכות לקוביות 240 גרם יכין,"זנלכל בע""\מ",IL,קוביות עגבניות,גרמים,240.00,100 גרם,false,0,6.90,2.88,true,1,
7290000209944,false,רוטב לעגבניות בסיס לשקשוקה 240 ג' יכין,"זנלכל בע""\מ",IL,בסיס לשקשוקה,גרמים,240.00,100 גרם,false,0,6.90,2.88,true,1,
7290000209951,false,רוטב עגבניות לפיצה 260 גרם יכין,"זנלכל בע""\מ",IL,רוטב עגבניות,גרמים,240.00,100 גרם,false,0,6.90,2.88,true,1,
7290000211169,false,"אורז תאילנדי אחד אחד סוגת 1 ק""ג",האי נאם סי או אל.טי.,IL,אורז תאילנדי,קילוגרמים,1.00,"ק""ג",false,0,7.40,7.40,true,1,
<<<<<<< HEAD
7290000211442,false,"סוגת אורז פרסי קלאסי שקית 1 ק""ג",האי נאם סי או אל.טי.,IL,אורז פרסי קלאסי,קילוגרמים,1.00,"ק""ג",false,0,10.90,10.90,true,1,
7290000211985,false,"סוגת אורז עגול ריזוטו 1 ק""ג","סוגת תעשיות בע""\מ",IL,אורז עגול סוגת,קילוגרמים,1.00,"ק""ג",false,0,9.90,9.90,true,1,
7290000238029,false,"בצק עלים צרפתי מרודד מעדנות 1 ק""ג",מיוצר עי קונדיטוריית,IL,בצק עלים מרודד,קילוגרמים,1.00,"ק""ג",false,0,24.90,24.90,true,1,
7290000238036,false,מלאווח בקופסא מעדנות 700 גרם,מיוצר עי קונדיטוריית,IL,מלווח מעדנית,גרמים,700.00,100 גרם,false,0,18.90,2.70,true,1,
7290000238173,false,בורקס גבינה מעדנות 800 גרם,מיוצר עי קונדיטוריית,IL,בורקס גבינה קפוא,גרמים,800.00,100 גרם,false,0,22.70,2.84,true,1,
7290000238180,false,בורקס תפוחי אדמה מעדנות 800 גרם,מיוצר עי קונדיטוריית,IL,"בורקס תפו""א קפוא",גרמים,800.00,100 גרם,false,0,21.70,2.71,true,1,
7290000243566,false,"שמן קנולה בריאות 750 מ""ל",שמן תעשיות,EE,שמן קנולה מועשר,מיליליטרים,750.00,"100 מ""ל",false,0,12.90,1.72,true,1,
7290000244761,false,"קרם ידיים ולווטה 100 מ""ל",טרופיקל דגיל קוסמטיק,IL,קרם ידיים ולווטה,מיליליטרים,100.00,"100 מ""ל",false,0,11.90,11.90,true,1,
7290000245508,false,"אב.כביסה סוד פרפקט 1.25ק""ג-שקית כחולה","הנקל סוד בע""\מ",IL,אבקת כביסה סוד,קילוגרמים,1.25,"ק""ג",false,0,12.90,10.32,true,1,
7290000253220,false,שוקולד צ'יפס חום אופנהיימר 260 גר',אופנהיימר,IL,שוקולד צ'יפס,גרמים,260.00,100 גרם,false,0,12.90,4.96,true,1,
7290000253251,false,שוקולד צ'יפס לבן אופנהיימר 250 גרם,אופנהיימר,IL,שוקו צ'יפס לבן,גרמים,250.00,100 גרם,false,0,12.90,5.16,true,1,
7290000253374,false,מיני שוקולד צ'יפס 250 גרם- 66% מוצקי קקאו,אופנהיימר,IL,מיני שוקולד ציפס,גרמים,250.00,100 גרם,false,1,16.90,6.76,true,1,
7290000253459,false,נטיפי צ'יפס בטעם קרמל אופנהיימר 250 גרם,אופנהיימר,IL,נטיפי צ'יפס,גרמים,250.00,100 גרם,false,1,12.90,5.16,true,1,
7290000262031,false,נייר טואלט מולט לב 32 גלילים,קימברלי-קלארק,IL,נייר טואלט,מטרים,562.00,100 מטר,false,0,29.90,5.32,true,1,
7290000267050,false,שקדים טבעיים טחונים השף 100 גרם,"דין שיווק וקלייה בע""",IL,שקד טבעי טחון,גרמים,100.00,100 גרם,false,0,13.80,13.80,true,1,
7290000267586,false,גרעייני חמניה קלופים 150 גר,"דין שיווק וקלייה בע""",IL,גרעין חמניה טבעי,גרמים,150.00,100 גרם,false,0,8.80,5.87,true,1,
7290000267678,false,גרעיני דלעת טבעי קלוף שקדיה 150 ג',"דין שיווק וקלייה בע""",IL,גרעין דלעת קלוף,גרמים,150.00,100 גרם,false,0,16.80,11.20,true,1,
7290000272696,false,עסיס מיץ לימון טבעי משומר 1 ל' אסם,בית-השיטה עסיס תעשיות מז,IL,מיץ לימון משומר,ליטרים,1.00,ליטר,false,0,11.50,11.50,true,1,
7290000272726,false,חומץ רכיבים רכיבים טבעיים 5% עסיס 1 ליטר,בית-השיטה עסיס תעשיות מז,IL,חומץ 5%,ליטרים,1.00,ליטר,false,0,7.30,7.30,true,1,
7290000286228,false,ספוגיות לניקוי כללי סנו סושי 6 יחידות,סנו מפעלי ברונו בעמ,IL,ספוגיות לכלים6יח,יחידה,1.00,יחידה,false,0,11.30,11.30,true,1,
7290000286297,false,"אנטי קאלק מסיר אבנית מקומקום סנו 700 מ""ל",סנו מפעלי ברונוס בעמ,IL,סנו מסיר אבן,מיליליטרים,700.00,"100 מ""ל",false,0,12.90,1.84,true,1,
7290000286761,false,ניילון נצמד סנו סושי פלסטיק מארז 30X2 מ',מיוצר עי קונדיטוריית,CN,צמד ניילון נצמד,מטרים,60.00,מטר,false,0,11.90,0.20,true,1,
7290000286945,false,"נוזל+אקדח לניקוי רהיט ""סנו""","סנו מפעלי ברונוס בע""\מ",IL,סנו רהיט מרסס,מיליליטרים,500.00,"100 מ""ל",false,0,31.20,6.24,true,1,
7290000287102,false,"ספריי שמפו לניקוי שטיחים סנו 600 מ""ל",מיוצר עי קונדיטוריית,IL,סנו שמפו לשטיחים,גרמים,540.00,100 גרם,false,0,20.90,3.87,true,1,
7290000287195,false,"סנו רהיט ספריי עשיר בווקס להברקה 305 מ""ל",מיוצר עי קונדיטוריית,IL,סנו רהיט מרסס,מיליליטרים,305.00,"100 מ""ל",false,0,16.90,5.54,true,1,
7290000287485,false,"שלישיית סנובון לובר לאסלה ""סנו""",סנו מפעלי ברונו בעמ,IL,סנובון בריח לובר,גרמים,165.00,100 גרם,false,0,12.90,7.82,true,1,
7290000287492,false,"סנובון נוזל לניקוי אסלות בריח לימון סנו 750 מ""ל","סנו מפעלי ברונוס בע""מ",IL,סנובון נוזלי,מיליליטרים,750.00,"100 מ""ל",false,0,9.90,1.32,true,1,
7290000287621,false,"אנטי קאלק נוזל לניקוי אסלות סנו 750 מ""ל",מיוצר עי קונדיטוריית,IL,סנו מנקה אסלות,מיליליטרים,750.00,"100 מ""ל",false,0,13.90,1.85,true,1,
7290000288024,false,סנו - ז'אוול אקונומיקה בריח לימון 4 ליטר,"סנו מפעלי ברונוס בע""מ",IL,סנו JAVEL אקונומ,ליטרים,4.00,ליטר,false,0,17.90,4.48,true,1,
7290000288086,false,אבקת ניקוי עם אקונומיקה בריח לימון סנו ז'אוול 600 ג',מיוצר עי קונדיטוריית,IL,סנו ג'אוול אבק,גרמים,600.00,100 גרם,false,0,11.00,1.83,true,1,
7290000288352,false,"קוטל חרקים וזוחלים K-300 סנו 630 מ""ל","סנו מפעלי ברונוס בע""מ",IL,300-K קוטל חרק,מיליליטרים,630.00,"100 מ""ל",false,0,23.00,3.65,true,1,
7290000288420,false,"תרסיס דוחה יתושים סנו די 175 מ""ל",סנו מפעלי ברונוס בע',IL,תרסיס סנו די,מיליליטרים,175.00,"100 מ""ל",false,0,20.60,11.77,true,1,
7290000289069,false,סנו - ז'אוול מרסס קצף ניקוי בתוספת אקונומיקה בריח לימון 1 ליטר,"סנו מפעלי ברונוס בע""מ",IL,סנו ג'אוול מרסס,ליטרים,1.00,ליטר,false,0,19.90,19.90,true,1,
7290000289496,false,"סנו - ז'אוול ג'ל קרם לניקוי כללי לימון 750 מ""ל","סנו מפעלי ברונוס בע""\מ",IL,ג'אוול ג'ל קרם,מיליליטרים,750.00,"100 מ""ל",false,0,12.90,1.72,true,1,
=======
7290000211442,false,אורז בסגנון פרסי קלאסי סוגת (1 קג),האי נאם סי או אל.טי.,IL,אורז פרסי קלאסי,קילוגרמים,1.00,"ק""ג",false,0,10.90,10.90,true,1,
7290000211985,false,אורז עגול ריזוטו אחד אחד 1 קג,"סוגת תעשיות בע""\מ",IL,אורז עגול סוגת,קילוגרמים,1.00,"ק""ג",false,0,9.90,9.90,true,1,
7290000238029,false,"בצק עלים צרפתי מרודד מעדנות 1 ק""ג",תנובה מרכז שיתופי לשיווק תוצרת,IL,בצק עלים מרודד,קילוגרמים,1.00,"ק""ג",false,0,24.90,24.90,true,1,
7290000238036,false,מלאווח מעדנות 6 יח`700 גרם קפוא,תנובה מרכז שיתופי לשיווק תוצרת,IL,מלווח מעדנית,גרמים,700.00,100 גרם,false,0,18.90,2.70,true,1,
7290000238173,false,.בורקס במילוי גבינה 800 גרם מעדנות,מיוצר עי קונדיטוריית,IL,בורקס גבינה קפוא,גרמים,800.00,100 גרם,false,0,22.70,2.84,true,1,
7290000238180,false,בורקס במילוי תפוא 800 גרם מעדנות,מיוצר עי קונדיטוריית,IL,"בורקס תפו""א קפוא",גרמים,800.00,100 גרם,false,0,21.70,2.71,true,1,
7290000243566,false,שמן קנולה בריאות עץ הזית (750 מל),סוגת תעשיות בעמ,EE,שמן קנולה מועשר,מיליליטרים,750.00,"100 מ""ל",false,0,12.90,1.72,true,1,
7290000244761,false,קרם ידיים ולוטה (80 גרם),טרופיקל דגיל קוסמטיק,IL,קרם ידיים ולווטה,מיליליטרים,100.00,"100 מ""ל",false,0,11.90,11.90,true,1,
7290000245508,false,"אב.כביסה סוד פרפקט 1.25ק""ג-שקית כחולה",גורי שיווק בעמ,IL,אבקת כביסה סוד,קילוגרמים,1.25,"ק""ג",false,0,12.90,10.32,true,1,
7290000253220,false,שוקולדצ`יפס לאפייה 260 גר`אופנהיימר,תה ויסוצקי (ישראל) בעמ,IL,שוקולד צ'יפס,גרמים,260.00,100 גרם,false,0,12.90,4.96,true,1,
7290000253251,false,נטיפי שוקולד צ`יפס לבן לאפיה 250 גרם,תה ויסוצקי (ישראל) בעמ,IL,שוקו צ'יפס לבן,גרמים,250.00,100 גרם,false,0,12.90,5.16,true,1,
7290000253374,false,מיני שוקולד צ`יפס 66% מוצקי קקאו אופנהיי,תה ויסוצקי (ישראל) בעמ,IL,מיני שוקולד ציפס,גרמים,250.00,100 גרם,false,1,16.90,6.76,true,1,
7290000253459,false,נטיפי צ'יפס בטעם קרמל אופנהיימר 250 גרם,תה ויסוצקי (ישראל)בעמ,IL,נטיפי צ'יפס,גרמים,250.00,100 גרם,false,1,12.90,5.16,true,1,
7290000262031,false,נייר טואלט מולט לבבות 32 גלילים,קימברלי קלארק ישראל שיווק בעמ,IL,נייר טואלט,מטרים,562.00,100 מטר,false,0,29.90,5.32,true,1,
7290000267050,false,שקדים טבעיים טחונים השף 100 גרם,דין שיווק וקליה 2021 בעמ,IL,שקד טבעי טחון,גרמים,100.00,100 גרם,false,0,13.80,13.80,true,1,
7290000267586,false,גרעייני חמניה קלופים 150 גר,דין שיווק וקליה 2021 בעמ,IL,גרעין חמניה טבעי,גרמים,150.00,100 גרם,false,0,8.80,5.87,true,1,
7290000267678,false,גרעיני דלעת טבעי קלוף שקדיה 150 ג',דין שיווק וקליה 2021 בעמ,IL,גרעין דלעת קלוף,גרמים,150.00,100 גרם,false,0,16.80,11.20,true,1,
7290000272696,false,מיץ לימון טבעי משומר 1 ליטר עסיס כלפ,קבוצת אוסם סחר שותפות מוגבלת,IL,מיץ לימון משומר,ליטרים,1.00,ליטר,false,0,11.50,11.50,true,1,
7290000272726,false,חומץ רכיבים רכיבים טבעיים 5% עסיס 1 ליטר,קבוצת אוסם סחר שותפות מוגבלת,IL,חומץ 5%,ליטרים,1.00,ליטר,false,0,7.30,7.30,true,1,
7290000286228,false,ספוגיות לניקוי כללי סנו סושי 6 יחידות,החברה הדרומית לשיווק בעמ,IL,ספוגיות לכלים6יח,יחידה,1.00,יחידה,false,0,11.30,11.30,true,1,
7290000286297,false,"אנטי קאלק מסיר אבנית מקומקום סנו 700 מ""ל",החברה הדרומית לשיווק בעמ,IL,סנו מסיר אבן,מיליליטרים,700.00,"100 מ""ל",false,0,12.90,1.84,true,1,
7290000286761,false,ניילון נצמד סנו סושי פלסטיק מארז 30X2 מ',החברה הדרומית לשיווק בעמ,CN,צמד ניילון נצמד,מטרים,60.00,מטר,false,0,11.90,0.20,true,1,
7290000286945,false,סנו רהיט נוזלי תרסיס 500 סמק+אקדח,החברה הדרומית לשיווק בעמ,IL,סנו רהיט מרסס,מיליליטרים,500.00,"100 מ""ל",false,0,31.20,6.24,true,1,
7290000287102,false,סנו שטיחים קצף לניקוי שטיחים 600 סמק,החברה הדרומית לשיווק בעמ,IL,סנו שמפו לשטיחים,גרמים,540.00,100 גרם,false,0,20.90,3.87,true,1,
7290000287195,false,"סנו רהיט ספריי עשיר בווקס להברקה 305 מ""ל",החברה הדרומית לשיווק בעמ,IL,סנו רהיט מרסס,מיליליטרים,305.00,"100 מ""ל",false,0,16.90,5.54,true,1,
7290000287485,false,"שלישיית סנובון לובר לאסלה ""סנו""",החברה הדרומית לשיווק בעמ,IL,סנובון בריח לובר,גרמים,165.00,100 גרם,false,0,12.90,7.82,true,1,
7290000287492,false,"סנובון נוזל לניקוי אסלות בריח לימון סנו 750 מ""ל",החברה הדרומית לשיווק בעמ,IL,סנובון נוזלי,מיליליטרים,750.00,"100 מ""ל",false,0,9.90,1.32,true,1,
7290000287621,false,"אנטי קאלק נוזל לניקוי אסלות סנו 750 מ""ל",החברה הדרומית לשיווק בעמ,IL,סנו מנקה אסלות,מיליליטרים,750.00,"100 מ""ל",false,0,13.90,1.85,true,1,
7290000288024,false,סנו - ז'אוול אקונומיקה בריח לימון 4 ליטר,החברה הדרומית לשיווק בעמ,IL,סנו JAVEL אקונומ,ליטרים,4.00,ליטר,false,0,17.90,4.48,true,1,
7290000288086,false,אבקת ניקוי עם אקונומיקה בריח לימון סנו ז'אוול 600 ג',החברה הדרומית לשיווק בעמ,IL,סנו ג'אוול אבק,גרמים,600.00,100 גרם,false,0,11.00,1.83,true,1,
7290000288352,false,"קוטל חרקים וזוחלים K-300 סנו 630 מ""ל",החברה הדרומית לשיווק בעמ,IL,300-K קוטל חרק,מיליליטרים,630.00,"100 מ""ל",false,0,23.00,3.65,true,1,
7290000288420,false,"תרסיס דוחה יתושים סנו די 175 מ""ל",החברה הדרומית לשיווק בעמ,IL,תרסיס סנו די,מיליליטרים,175.00,"100 מ""ל",false,0,20.60,11.77,true,1,
7290000289069,false,סנו - ז'אוול מרסס קצף ניקוי בתוספת אקונומיקה בריח לימון 1 ליטר,החברה הדרומית לשיווק בעמ,IL,סנו ג'אוול מרסס,ליטרים,1.00,ליטר,false,0,19.90,19.90,true,1,
7290000289496,false,"סנו - ז'אוול ג'ל קרם לניקוי כללי לימון 750 מ""ל",החברה הדרומית לשיווק בעמ,IL,ג'אוול ג'ל קרם,מיליליטרים,750.00,"100 מ""ל",false,0,12.90,1.72,true,1,
>>>>>>> d048ac2f4f281c9d788043ab4e81b61b0dbe3743
7290000289601,false,סנו ז'אוול בריח לבנדר 2 ל',"סנו מפעלי ברונוס בע""מ",IL,סנו ג'אוול,ליטרים,2.00,ליטר,false,0,13.60,6.80,true,1,
7290000292311,false,פוליויקס נוזל רצפות בניחוח סחלבים סנו 2 ליטר,החברה הדרומית לשיווק בעמ,IL,סנו פוליויקס,ליטרים,2.00,ליטר,false,0,26.00,13.00,true,1,
7290000292557,false,סנומט מלוי נוזלי דוחה יתושים 45 לילות,החברה הדרומית לשיווק בעמ,IT,נוזל מילוי סנו,מיליליטרים,35.00,"100 מ""ל",false,0,18.50,52.86,true,1,
7290000292564,false,סנו K-2000 תרסיס מיקרו קפסולרי ללא ריח 750 מ”ל,החברה הדרומית לשיווק בעמ,IL,סנו 2000-K תרסיס,מיליליטרים,750.00,"100 מ""ל",false,0,31.90,4.25,true,1,
7290000292687,false,סנובון מוצק לניקוי אסלה קלאסיק כחול סנו 3 יחידות,החברה הדרומית לשיווק בעמ,IL,סנובון כחול 3 יח,גרמים,165.00,100 גרם,false,0,17.90,10.85,true,1,
7290000292915,false,רסס ונגב לניקוי כללי תרסיס סנו (750 מל),החברה הדרומית לשיווק בעמ,IL,סנו רסס נגב מרסס,מיליליטרים,750.00,"100 מ""ל",false,0,17.90,2.39,true,1,
7290000293530,false,שקית מילוי לסנו סופג לחות ומונע עובש,החברה הדרומית לשיווק בעמ,IL,סופג לחות מילוי,יחידה,1.00,יחידה,false,0,12.80,12.80,true,1,
7290000293561,false,"תרסיס להסרת כתמי עובש עם אקונומיקה סנו 750 מ""ל",החברה הדרומית לשיווק בעמ,IL,סנו מסיר עובש,מיליליטרים,750.00,"100 מ""ל",false,0,15.90,2.12,true,1,
7290000293820,false,"קרמה מן שמפו וג'ל גל רחצה אקטיב בלוק 700מ""ל",החברה הדרומית לשיווק בעמ,IL,שמפו וג'ל רחצה,מיליליטרים,700.00,"100 מ""ל",false,1,15.90,2.27,true,1,
7290000295336,false,סנו מקסימה אבקת כביסה סנסטיב מילוי1.25,החברה הדרומית לשיווק בעמ,IL,אבקת כביסה,קילוגרמים,1.25,"ק""ג",false,0,16.90,13.52,true,1,
7290000295503,false,זוג שקיות מזון טבע 19*25 סנו סושי 150 יחידות,החברה הדרומית לשיווק בעמ,CN,שקיות אוכל צמד,יחידה,1.00,יחידה,false,0,14.50,14.50,true,1,
7290000295541,false,רב מגבת ג'מבו סנו סושי 75 יחידות,החברה הדרומית לשיווק בעמ,IL,סנו סושי רב מגבת,מטרים,21.00,מטר,false,0,17.90,0.85,true,1,
7290000295558,false,"רדיד אלומיניום רוחב 30 ס""מ סנו סושי 2 יח' 7.5 מטר",החברה הדרומית לשיווק בעמ,TR,צמד רדידי אלומינ,מטרים,15.00,מטר,false,0,10.90,0.73,true,1,
7290000295572,false,"מארז זוגי מנקה אסלות 00 סנו 750 מ""ל",החברה הדרומית לשיווק בעמ,IL,צמד מנקה אסלות,ליטרים,1.50,ליטר,false,0,19.70,13.13,true,1,
7290000300900,false,שניצל תירס מרכיבים טבעיים טבעול 750 גרם,קבוצת אוסם סחר שותפות מוגבלת,IL,שניצל תירס טבעול,גרמים,750.00,100 גרם,false,0,27.90,3.72,true,1,
7290000302027,false,סיגריות טיים אדום פא,"דובק בע""מ",IL,טיים רד,יחידה,1.00,יחידה,false,0,286.00,286.00,false,1,
<<<<<<< HEAD
7290000303598,false,שעועית לבנה ברוטב עגבניות פרי הגליל 570 גרם,"פרי הגליל בע""""מ",IL,שעועית ברוטב,גרמים,570.00,100 גרם,false,0,8.50,1.49,true,1,
7290000303604,false,חומוס גרגירים A2 פרי גליל 550ג',"פרי הגליל בע""""מ",IL,חומוס שלם,גרמים,550.00,100 גרם,false,0,8.90,1.62,true,1,
7290000307015,false,אפונת גינה בינונית פרי הגליל 550 גרם,"פרי הגליל בע""""מ",IL,אפונת גינה,גרמים,550.00,100 גרם,false,0,8.90,1.62,true,1,
7290000307046,false,אפונת גינה וגזר פרי הגליל 550 גרם,"פרי הגליל בע""""מ",IL,אפונת גינה וגזר,גרמים,550.00,100 גרם,false,0,8.90,1.62,true,1,
7290000307220,false,גרעיני תירס מתוק בואקום פרי הגליל 285 גרם,"פרי הגליל בע""""מ",IL,גרעיני תירס,גרמים,340.00,100 גרם,false,0,6.90,2.03,true,1,
7290000307237,false,גרעיני תירס מתוק פרי הגליל 550 גרם,"פרי הגליל בע""""מ",IL,גרעיני תירס,גרמים,550.00,100 גרם,false,0,8.90,1.62,true,1,
7290000313290,false,אסם נודלס נודלס איטריות מסולסלות 200גר,תאי פרזידנט פוד בנגק,TH,אטריות נודלס,גרמים,200.00,100 גרם,false,0,11.90,5.95,true,1,
7290000318127,false,"נקניקיות ביס 380 גרם ""יחיעם""",מעדני יחיעם 1993,IL,"נקניקיות ""ביס""",גרמים,380.00,100 גרם,false,0,12.90,3.39,true,1,
7290000318479,false,נקניק פרושוטו בקר יחיעם 100 גרם,תאי פרזידנט פוד פאבל,IL,פרושוטו,גרמים,100.00,100 גרם,false,0,29.90,29.90,true,1,
7290000318677,false,נקניק סלמי סרוולט יחיעם 150 גרם,מעדני יחיעם 1993,IL,סלמי סרוולט,גרמים,150.00,100 גרם,false,0,25.60,17.07,true,1,
7290000318943,false,פסטרמה של פעם מעושן 1.5% יחיעם 200 גרם,תאי פרזידנט פוד פאבל,IL,פסטרמה של פעם,גרמים,200.00,100 גרם,false,0,23.90,11.95,true,1,
7290000319124,false,סלמי סרוולט מאפ יחיעם 250 גרם,מעדני יחיעם 1993,IL,סלמי סרוולט,גרמים,250.00,100 גרם,false,0,38.90,15.56,true,1,
7290000319834,false,קבנוס פפרוני קלאסי 125 גרם,תאי פרזידנט פוד פאבל,IL,קבנוס פפרוני,גרמים,125.00,100 גרם,false,5,14.90,11.92,true,1,
7290000334325,false,ציפס למיקרו מארז שלישיה 125 ג' תפוגן,"תעשיות תפוגן בע""\מ",IL,ציפס למיקרו,גרמים,375.00,100 גרם,false,0,15.90,4.24,true,1,
7290000345208,false,תה כחול קלאסיק ויסוצקי 25 יחידות,תה ויסוצקי,IL,תה ויסוצקי מעודן,גרמים,25.00,100 גרם,false,0,7.40,29.60,true,1,
7290000345260,false,תה קלאסיק מעטפות ויסוצקי 25 יחידות,מולינו ניקולי s.p.a,IL,תה ויסוצקי,גרמים,37.00,100 גרם,false,0,8.00,21.62,true,1,
7290000345277,false,תה קלאסיק מעטפות ויסוצקי 50 יחידות,מולינו ניקולי s.p.a,IL,תה ויסוצקי 50 שק,גרמים,75.00,100 גרם,false,0,13.80,18.40,true,1,
7290000345291,false,תה ארל גריי ויסוצקי 25 יחידות,תה ויסוצקי,IL,תה ארל גריי,גרמים,37.00,100 גרם,false,0,18.20,49.19,true,1,
7290000345307,false,תה ארל גריי ויסוצקי 50 יחידות,מולינו ניקולי s.p.a,IL,תה ארל גריי 50שק,גרמים,75.00,100 גרם,false,0,32.90,43.87,true,1,
7290000345536,false,תה נענע ויסוצקי 25 יחידות,מולינו ניקולי s.p.a,IL,תה נענע,גרמים,37.00,100 גרם,false,0,19.90,53.78,true,1,
7290000346120,false,חליטת קינמון הגן הקסום ויסוצקי 25 יחידות,תה ויסוצקי,IL,חליטת קינמון,גרמים,62.00,100 גרם,false,0,19.90,32.10,true,1,
7290000346137,false,חליטת הילולי פירות הגן הקסום ויסוצקי 25 יחידות,תה ויסוצקי,IL,חליטת פירות,גרמים,62.00,100 גרם,false,0,19.90,32.10,true,1,
7290000346144,false,הגן הקסום תה עינוגי התפוח ויסוצקי 25 יחידות,תה ויסוצקי,IL,חליטת פירות,גרמים,67.00,100 גרם,false,0,19.90,29.70,true,1,
7290000346199,false,חליטת פירות יער הגן הקסום ויסוצקי 25 יחידות,תה ויסוצקי,IL,חליטת פירות היער,גרמים,67.00,100 גרם,false,0,19.90,29.70,true,1,
7290000346205,false,חליטת קמומיל הגן הקסום ויסוצקי 25 יחידות,תה ויסוצקי,IL,חליטת קמומיל,גרמים,37.00,100 גרם,false,0,19.90,53.78,true,1,
7290000346212,false,חליטת מנטה הגן הקסום ויסוצקי 25 יחידות,תה ויסוצקי,IL,חליטת מנטה,גרמים,50.00,100 גרם,false,0,19.90,39.80,true,1,
7290000347738,false,תה ירוק נענע ויסוצקי 25 יחידות,תה ויסוצקי,IL,תה ירוק נענע,גרמים,37.00,100 גרם,false,0,26.90,72.70,true,1,
7290000347752,false,תה ירוק לימונית ולואיזה 25 שקיקים *1.5 ג'' ויסוצקי,תה ויסוצקי,IL,תה ירוק לימונית,גרמים,37.00,100 גרם,false,0,26.90,72.70,true,1,
7290000363202,false,נקניק סלמי מעושן גליל שלם טירת צבי,הנסיך- מפעל לייצור ט,IL,נקניק סלמי גליל,גרמים,600.00,100 גרם,false,0,31.90,5.32,true,1,
7290000363462,false,סלמי מעושן איטלקי טי,טירת- צבי,IL,מעושן איטלקי,קילוגרמים,0.00,"ק""ג",true,0,79.00,79.00,true,1,
7290000363486,false,נקניק תה טירת צבי מע,טירת- צבי,IL,נקניק תה,קילוגרמים,0.00,"ק""ג",true,0,58.00,58.00,true,1,
7290000364261,false,"דקניקים, סלסולי פסטרמה כתף בקר מעושנת 120 גרם",הנסיך- מפעל לייצור ט,IL,דקניקים כתף בקר,גרמים,120.00,100 גרם,false,0,17.90,14.92,true,1,
7290000364278,false,דקניקים סלסולי סלמי איטלקי משובח טירת צבי 120 גרם,הנסיך- מפעל לייצור ט,IL,דקניקים סלמי דק,גרמים,120.00,100 גרם,false,0,17.90,14.92,true,1,
7290000364285,false,דקניקים סלסולי פסטרמה הודו טירת צבי 120 גרם,הנסיך- מפעל לייצור ט,IL,דקניקים פסטרמה,גרמים,120.00,100 גרם,false,0,17.90,14.92,true,1,
7290000364292,false,דקניקים סלסולי פסטרמה הודו על גחלים 1% טירת צבי 120 גרם,הנסיך- מפעל לייצור ט,IL,דקמיקים פסטרמה,גרמים,120.00,100 גרם,false,0,17.90,14.92,true,1,
7290000364858,false,"נקניקיות עוף טרי טירת צבי 1 ק""ג",הנסיך- מפעל לייצור ט,IL,נקניקיות עוף,קילוגרמים,1.00,"ק""ג",false,0,25.90,25.90,true,1,
7290000364872,false,נקניקיות עוף טירת צבי 400 גרם,טיב טירת צבי 2000,IL,נקניקיות עוף,גרמים,400.00,100 גרם,false,0,14.90,3.73,true,1,
7290000365909,false,פסטרמה הודו מעושנתטירת צבי,טירת- צבי,IL,פסטרמה הודו מעוש,קילוגרמים,0.00,"ק""ג",true,0,89.00,89.00,true,1,
7290000365954,false,פסטרמה על גחלים משקל,טירת- צבי,IL,פסטרמה על גחלי,קילוגרמים,0.00,"ק""ג",true,0,89.00,89.00,true,1,
7290000367590,false,פסטרמה כפרית וסלמי פריזר כפרי טירת צבי 2*400 גרם,טיב טירת צבי 2000,IL,צמד כפרי נקניקים,גרמים,800.00,100 גרם,false,0,29.90,3.74,true,1,
7290000369365,false,מעדן גבינה בולגרית עם חציל 9% ניצן 200 גרם,גבינות אמיר ניצן בעמ,IL,מעדן חציל+גבינה,גרמים,200.00,100 גרם,false,0,15.70,7.85,true,1,
7290000379258,false,"חלה מתוקה קונדטוריה ארוזה ""אנג'ל""",מאפיית שלמה א. אנג'\ל בע,IL,חלת קונדיטוריה,גרמים,500.00,100 גרם,false,0,15.90,3.18,true,1,
7290000408316,false,יוגורט דנונה דל לקטוז 200 גרם,מיוצר עי קונדיטוריית,IL,יוגורט ביו 3%,גרמים,200.00,100 גרם,false,0,3.70,1.85,true,1,
7290000408354,false,יוגורט עם אורז מצופה שוקולד קקאו 175 ג' דנונה,"שטראוס בריאות בע""\מ",IL,דנונה בר פצפוצים,גרמים,173.00,100 גרם,false,0,4.80,2.77,true,1,
7290000412481,false,נוזל לניקוי אסלות 00 סנו 1 ליטר,מיוצר עי קונדיטוריית,IL,"מנקה אסלות 00""",ליטרים,1.00,ליטר,false,0,8.90,8.90,true,1,
7290000416021,false,ממרח בטעם שוקולד השחר חלבי 500,השחר העולה,IL,ממרח השחר,גרמים,500.00,100 גרם,false,0,14.90,2.98,true,1,
7290000416045,false,"ממרח בטעם שוקולד השחר 1 ק""ג",השחר העולה תעשייות מ,IL,ממרח השחר,קילוגרמים,1.00,"ק""ג",false,0,26.90,26.90,true,1,
7290000416076,false,"צימקאו לאפייה וציפוי השחר 400 גרם כשל""פ",השחר העולה תעשייות מ,IL,צימקאו לאפיה,גרמים,400.00,100 גרם,false,0,14.90,3.73,true,1,
7290000416618,false,"ממרח שוקולד פרווה השחר 400 גרם כשל""פ",השחר העולה תעשייות מ,IL,ממרח בטעם שוקולד,גרמים,400.00,100 גרם,false,0,13.90,3.48,true,1,
7290000416854,false,אבקת קקאו השחר העולה 150ג',השחר העולה תעשייות מ,IL,קקאו השחר העולה,גרמים,150.00,100 גרם,false,0,11.50,7.67,true,1,
7290000419107,false,לנדוור קפה מקורי לבוקר טחון טורקי 100 גרם,קפה לנדוור בע''מ,IL,קפה שחור לנדוור,גרמים,100.00,100 גרם,false,0,9.90,9.90,true,1,
7290000419114,false,קפה טחון טורקי לנדור200ג,"קפה לנדוור בע""\מ",IL,קפה שחור לנדוור,גרמים,200.00,100 גרם,false,0,18.30,9.15,true,1,
=======
7290000303598,false,שעועית לבנה ברוטב עגבניות פרי הגליל 570 גרם,ויטה- פרי גליל (החדשה) בעמ,IL,שעועית ברוטב,גרמים,570.00,100 גרם,false,0,8.50,1.49,true,1,
7290000303604,false,חומוס גרגירים A2 פרי גליל 550ג',ויטה- פרי גליל (החדשה) בעמ,IL,חומוס שלם,גרמים,550.00,100 גרם,false,0,8.90,1.62,true,1,
7290000307015,false,אפונת גינה בינונית פרי הגליל 550 גרם,ויטה- פרי גליל (החדשה) בעמ,IL,אפונת גינה,גרמים,550.00,100 גרם,false,0,8.90,1.62,true,1,
7290000307046,false,אפונת גינה וגזר פרי הגליל 550 גרם,ויטה- פרי גליל (החדשה) בעמ,IL,אפונת גינה וגזר,גרמים,550.00,100 גרם,false,0,8.90,1.62,true,1,
7290000307220,false,גרעיני תירס מתוק בואקום פרי הגליל 285 גרם,ויטה- פרי גליל (החדשה) בעמ,IL,גרעיני תירס,גרמים,340.00,100 גרם,false,0,6.90,2.03,true,1,
7290000307237,false,גרעיני תירס מתוק פרי הגליל 550 גרם,ויטה- פרי גליל (החדשה) בעמ,IL,גרעיני תירס,גרמים,550.00,100 גרם,false,0,8.90,1.62,true,1,
7290000313290,false,אסם נודלס נודלס איטריות מסולסלות 200גר,קבוצת אוסם סחר שותפות מוגבלת,TH,אטריות נודלס,גרמים,200.00,100 גרם,false,0,11.90,5.95,true,1,
7290000318127,false,נקניקיות ביס יחיעם (380 גרם),מעדני יחיעם (1993) בעמ,IL,"נקניקיות ""ביס""",גרמים,380.00,100 גרם,false,0,12.90,3.39,true,1,
7290000318479,false,נקניק פרושוטו בקר יחיעם 100 גרם,מעדני יחיעם ( 1993 ) בע`מ,IL,פרושוטו,גרמים,100.00,100 גרם,false,0,29.90,29.90,true,1,
7290000318677,false,נקניק סלמי סרוולט יחיעם 150 גרם,מעדני יחיעם (1993) בעמ,IL,סלמי סרוולט,גרמים,150.00,100 גרם,false,0,25.60,17.07,true,1,
7290000318943,false,פסטרמה של פעם מעושן 1.5% יחיעם 200 גרם,מעדני יחיעם ( 1993 ) בע`מ,IL,פסטרמה של פעם,גרמים,200.00,100 גרם,false,0,23.90,11.95,true,1,
7290000319124,false,סלמי סרוולט מאפ יחיעם 250 גרם,מעדני יחיעם ( 1993 ) בע`מ,IL,סלמי סרוולט,גרמים,250.00,100 גרם,false,0,38.90,15.56,true,1,
7290000319834,false,קבנוס פפרוני יחיעם (125 גרם),מעדני יחיעם ( 1993 ) בע`מ,IL,קבנוס פפרוני,גרמים,125.00,100 גרם,false,5,14.90,11.92,true,1,
7290000334325,false,ציפס למיקרו מארז שלישיה 125 ג' תפוגן,קבוצת אוסם סחר שותפות מוגבלת,IL,ציפס למיקרו,גרמים,375.00,100 גרם,false,0,15.90,4.24,true,1,
7290000345208,false,תה כחול קלאסיק ויסוצקי 25 יחידות,תה ויסוצקי (ישראל) בעמ,IL,תה ויסוצקי מעודן,גרמים,25.00,100 גרם,false,0,7.40,29.60,true,1,
7290000345260,false,תה קלאסיק מעטפות ויסוצקי 25 יחידות,תה ויסוצקי (ישראל) בעמ,IL,תה ויסוצקי,גרמים,37.00,100 גרם,false,0,8.00,21.62,true,1,
7290000345277,false,תה קלאסיק מעטפות ויסוצקי 50 יחידות,תה ויסוצקי (ישראל)בעמ,IL,תה ויסוצקי 50 שק,גרמים,75.00,100 גרם,false,0,13.80,18.40,true,1,
7290000345291,false,תה ארל גרי 1.5/ 25 שקיקים ויסוצקי,תה ויסוצקי (ישראל) בעמ,IL,תה ארל גריי,גרמים,37.00,100 גרם,false,0,18.20,49.19,true,1,
7290000345307,false,תה ארל גרי 1.5/ 50 שקיקים ויסוצקי,תה ויסוצקי (ישראל) בעמ,IL,תה ארל גריי 50שק,גרמים,75.00,100 גרם,false,0,32.90,43.87,true,1,
7290000345536,false,תה נענע 1.5/ 25 שקיקים ויסוצקי,תה ויסוצקי (ישראל) בעמ,IL,תה נענע,גרמים,37.00,100 גרם,false,0,19.90,53.78,true,1,
7290000346120,false,חליטת קינמון הגן הקסום ויסוצקי 25 יחידות,תה ויסוצקי (ישראל) בעמ,IL,חליטת קינמון,גרמים,62.00,100 גרם,false,0,19.90,32.10,true,1,
7290000346137,false,חליטת הילולי פירות הגן הקסום ויסוצקי 25 יחידות,תה ויסוצקי (ישראל) בעמ,IL,חליטת פירות,גרמים,62.00,100 גרם,false,0,19.90,32.10,true,1,
7290000346144,false,הגן הקסום תה עינוגי התפוח ויסוצקי 25 יחידות,תה ויסוצקי (ישראל) בעמ,IL,חליטת פירות,גרמים,67.00,100 גרם,false,0,19.90,29.70,true,1,
7290000346199,false,חליטת פירות יער הגן הקסום ויסוצקי 25 יחידות,תה ויסוצקי (ישראל) בעמ,IL,חליטת פירות היער,גרמים,67.00,100 גרם,false,0,19.90,29.70,true,1,
7290000346205,false,חליטת קמומיל הגן הקסום ויסוצקי 25 יחידות,תה ויסוצקי (ישראל) בעמ,IL,חליטת קמומיל,גרמים,37.00,100 גרם,false,0,19.90,53.78,true,1,
7290000346212,false,חליטת מנטה הגן הקסום ויסוצקי 25 יחידות,תה ויסוצקי (ישראל) בעמ,IL,חליטת מנטה,גרמים,50.00,100 גרם,false,0,19.90,39.80,true,1,
7290000347738,false,תה ירוק בתוספת עלי נענע 25 שקיקים,תה ויסוצקי (ישראל) בעמ,IL,תה ירוק נענע,גרמים,37.00,100 גרם,false,0,26.90,72.70,true,1,
7290000347752,false,תה ירוק לימונית ולואיזה 25 שקיקים *1.5 ג'' ויסוצקי,תה ויסוצקי (ישראל) בעמ,IL,תה ירוק לימונית,גרמים,37.00,100 גרם,false,0,26.90,72.70,true,1,
7290000363202,false,נקניק סלמי מעושן גליל שלם טירת צבי,הנסיך- מפעל לייצור ט,IL,נקניק סלמי גליל,גרמים,600.00,100 גרם,false,0,31.90,5.32,true,1,
7290000363462,false,סלמי איטלקי מעושן ט.צבי,תנובה בשר,IL,מעושן איטלקי,קילוגרמים,0.00,"ק""ג",true,0,79.00,79.00,true,1,
7290000363486,false,נקניק תה טירת צבי מע,תנובה בשר,IL,נקניק תה,קילוגרמים,0.00,"ק""ג",true,0,58.00,58.00,true,1,
7290000364261,false,"דקניקים, סלסולי פסטרמה כתף בקר מעושנת 120 גרם",תנובה מרכז שיתופי לשיווק תוצרת,IL,דקניקים כתף בקר,גרמים,120.00,100 גרם,false,0,17.90,14.92,true,1,
7290000364278,false,דקניקים סלסולי סלמי איטלקי משובח טירת צבי 120 גרם,תנובה מרכז שיתופי לשיווק תוצרת,IL,דקניקים סלמי דק,גרמים,120.00,100 גרם,false,0,17.90,14.92,true,1,
7290000364285,false,דקניקים סלסולי פסטרמה הודו טירת צבי 120 גרם,תנובה מרכז שיתופי לשיווק תוצרת,IL,דקניקים פסטרמה,גרמים,120.00,100 גרם,false,0,17.90,14.92,true,1,
7290000364292,false,דקניקים סלסולי פסטרמה הודו על גחלים 1% טירת צבי 120 גרם,תנובה מרכז שיתופי לשיווק תוצרת,IL,דקמיקים פסטרמה,גרמים,120.00,100 גרם,false,0,17.90,14.92,true,1,
7290000364858,false,"נקניקיות עוף טרי טירת צבי 1 ק""ג",הנסיך- מפעל לייצור ט,IL,נקניקיות עוף,קילוגרמים,1.00,"ק""ג",false,0,25.90,25.90,true,1,
7290000364872,false,נקניקיות עוף טירת צבי (400 גרם),טיב טירת צבי 2000,IL,נקניקיות עוף,גרמים,400.00,100 גרם,false,0,14.90,3.73,true,1,
7290000365909,false,פסטרמה הודו מעושנתטירת צבי,טירת- צבי,IL,פסטרמה הודו מעוש,קילוגרמים,0.00,"ק""ג",true,0,89.00,89.00,true,1,
7290000365954,false,פסטרמה גחלים טירת צבי,תנובה בשר,IL,פסטרמה על גחלי,קילוגרמים,0.00,"ק""ג",true,0,89.00,89.00,true,1,
7290000367590,false,פסטרמה כפרית וסלמי פריזר כפרי טירת צבי 2*400 גרם,תנובה מרכז שיתופי לשיווק תוצרת,IL,צמד כפרי נקניקים,גרמים,800.00,100 גרם,false,0,29.90,3.74,true,1,
7290000369365,false,מעדן גבינה בולגרית עם חציל 9% ניצן 200 גרם,גבינות אמיר ניצן בעמ,IL,מעדן חציל+גבינה,גרמים,200.00,100 גרם,false,0,15.70,7.85,true,1,
7290000379258,false,"חלה מתוקה קונדטוריה ארוזה ""אנג'ל""",מאפיית שלמה א. אנג'\ל בע,IL,חלת קונדיטוריה,גרמים,500.00,100 גרם,false,0,15.90,3.18,true,1,
7290000408316,false,יוגורט דנונה דל לקטוז 200 גרם,שטראוס גרופ בעמ/מצונן,IL,יוגורט ביו 3%,גרמים,200.00,100 גרם,false,0,3.70,1.85,true,1,
7290000408354,false,יוגורט עם אורז מצופה שוקולד קקאו 175 ג' דנונה,שטראוס גרופ בעמ/מצונן,IL,דנונה בר פצפוצים,גרמים,173.00,100 גרם,false,0,4.80,2.77,true,1,
7290000412481,false,נוזל לניקוי אסלות 00 סנו (1 ליטר),החברה הדרומית לשיווק בעמ,IL,"מנקה אסלות 00""",ליטרים,1.00,ליטר,false,0,8.90,8.90,true,1,
7290000416021,false,ממרח בטעם שוקולד השחר העולה (500 גרם),השחר העולה תעשית ממתקים בעמ,IL,ממרח השחר,גרמים,500.00,100 גרם,false,0,14.90,2.98,true,1,
7290000416045,false,ממרח בטעם שוקולד השחר העולה (1 קג),השחר העולה תעשית ממתקים בעמ,IL,ממרח השחר,קילוגרמים,1.00,"ק""ג",false,0,26.90,26.90,true,1,
7290000416076,false,"צימקאו לאפייה וציפוי השחר 400 גרם כשל""פ",השחר העולה תעשית ממתקים בעמ,IL,צימקאו לאפיה,גרמים,400.00,100 גרם,false,0,14.90,3.73,true,1,
7290000416618,false,"ממרח שוקולד פרווה השחר 400 גרם כשל""פ",השחר העולה תעשית ממתקים בעמ,IL,ממרח בטעם שוקולד,גרמים,400.00,100 גרם,false,0,13.90,3.48,true,1,
7290000416854,false,אבקת קקאו השחר העולה (150 גרם),השחר העולה תעשית ממתקים בעמ,IL,קקאו השחר העולה,גרמים,150.00,100 גרם,false,0,11.50,7.67,true,1,
7290000419107,false,לנדוור קפה מקורי לבוקר טחון טורקי 100 גרם,קפה לנדוור בע''מ,IL,קפה שחור לנדוור,גרמים,100.00,100 גרם,false,0,9.90,9.90,true,1,
7290000419114,false,קפה טחון שחור לנדוור 200 גר,"קפה לנדוור בע""\מ",IL,קפה שחור לנדוור,גרמים,200.00,100 גרם,false,0,18.30,9.15,true,1,
>>>>>>> d048ac2f4f281c9d788043ab4e81b61b0dbe3743
7290000419893,false,לנדוור קפה שחור חזק טחון טורקי 100 גרם,מולינו ניקולי s.p.a,IL,קפה שחור לבוקר,גרמים,100.00,100 גרם,false,0,9.90,9.90,true,1,
7290000419909,false,לנדוור קפה שחור לבוקר טחון טורקי 100 גרם,מולינו ניקולי s.p.a,IL,קפה שחור חזק,גרמים,100.00,100 גרם,false,0,9.90,9.90,true,1,
7290000420325,false,"פופסטאר פופקורן למקירוגל בטעם טבעי 5 שקיות,500 גרם",פרסטון פארמס,US,פופקורן למיקרו,גרמים,500.00,100 גרם,false,0,14.90,2.98,true,1,
7290000420332,false,פופסטאר פופקורן למיקרוגל בטעם חמאה 5 יחידות 500 גרם,פרסטון פארמס,US,פופקורן למיקרו,גרמים,500.00,100 גרם,false,0,14.90,2.98,true,1,
<<<<<<< HEAD
7290000430102,false,קוביות קרח בשקית מיסטר אייס 2 קילו,"אייס (קיובס) בע""מ -",IL,שקית קרח,יחידה,1.00,יחידה,false,0,10.80,10.80,true,1,
7290000446547,false,חמאת בוטנים טבעית בטר אנד דיפרנט 350 גרם,"בטר אנד דיפרנט בע""מ",IL,חמאת בוטנים,גרמים,350.00,100 גרם,false,0,16.20,4.63,true,1,
7290000446776,false,פיצפוצי אורז מלא ללא סוכר ומלח בשקית 450 גרם,בטר אנד דיפרנט,IL,פיצפוצי אורז מלא,גרמים,450.00,100 גרם,false,0,21.90,4.87,true,1,
7290000450209,false,פוסידון טונה בהירה בשמן 77 גרם,"מיוצר עי וליגר בעמ,",IL,טונה פוסידון,גרמים,108.00,100 גרם,false,0,6.70,6.20,true,1,
7290000453019,false,שמרים טריים לאפייה שקית שמרית 50 ג',"פאקא תעשיות בע""\מ",IL,שמרית-שמרים טרי,גרמים,50.00,100 גרם,false,0,4.90,9.80,true,1,
7290000453408,false,בצק פיצה דק מצונן ומוכן לאפייה שמרית 415 גרם,"פאקא תעשיות בע""מ",FR,בצק פיצה מצונן,גרמים,415.00,100 גרם,false,1,18.50,4.46,true,1,
7290000453415,false,בצק עלים מצונן ומוכן לאפייה שמרית 300 גרם,"פאקא תעשיות בע""מ",FR,בצק עלים מצונן,גרמים,300.00,100 גרם,false,1,16.90,5.63,true,1,
7290000453422,false,בצק פילו מצונן ומוכן לאפייה שמרית 300 גרם,"פאקא תעשיות בע""מ",GR,בצק פילו מצונן,גרמים,300.00,100 גרם,false,1,16.90,5.63,true,1,
7290000453866,false,נטורינה תחליף מרגרינה לבישול ואפיה קוקוס שמרית 200 גרם,גרונבאנג- גרונדנסק א,DK,נטורינה קוקוס,גרמים,200.00,100 גרם,false,1,8.50,4.25,true,1,
7290000461625,false,בייגלה שמיניות מלח בייגל בייגל 400 ג',בייגל את בייגל מזון 198),IL,בייגלה שמיניות,גרמים,400.00,100 גרם,false,0,12.20,3.05,true,1,
7290000461656,false,בייגלה מקלות מלוחים בייגל בייגל 400 גרם,בייגל את בייגל מזון 198),IL,בייגלה מקלות,גרמים,400.00,100 גרם,false,0,12.20,3.05,true,1,
7290000461700,false,בייגלה שמיניות גדולות מלוחות 400 גרם,בייגל את בייגל מזון 198),IL,בייגלה גדול,גרמים,400.00,100 גרם,false,0,14.90,3.73,true,1,
7290000462141,false,סחוג אדום תימני מקורי חריף מאוד זהבי 150 גרם,קריניסה ויטמין אס אי,IL,זחוק אדום חריף,גרמים,150.00,100 גרם,false,0,8.90,5.93,true,1,
7290000467320,false,מלך החומוס אבו מרוואן 400 גרם,סלטי צבר,IL,מלך החומוס צבר,גרמים,400.00,100 גרם,false,0,14.90,3.73,true,1,
7290000474090,false,"חלב בקרטון 1%- 1 ליטר בד""צ - מוצר בפיקוח",מילקו תעשיות בעמ,IL,חלב טרי טרה 1%,ליטרים,1.00,ליטר,false,0,5.86,5.86,true,1,
7290000474502,false,גבינה לבנה טרה 5% מרכיבים טבעיים,הפריט בפיקוח,IL,גבינה לבנה 5%,גרמים,250.00,100 גרם,false,0,4.98,1.99,true,1,
7290000480107,false,קוואקר שיבולת שועל פחית 500 גרם,וולקרס סנקס לימיטד,GB,קוואקר שיבולת,גרמים,500.00,100 גרם,false,0,15.00,3.00,true,1,
7290000480442,false,קוואקר שיבולת שועל בשקית 500 גרם,פריטו ליי FRITO-LAY,IL,קוואקר,גרמים,500.00,100 גרם,false,0,14.80,2.96,true,1,
7290000483924,false,המרשלג בצק סוכר 600 גרם,המרשלג,IL,בצק סוכר לעוגות,גרמים,600.00,100 גרם,false,0,16.00,2.67,true,1,
7290000484747,false,עראק עלית 700 מל 40% כהל,יקב הגליל יוסף גולד ובניו,IL,עלית הארק,מיליליטרים,700.00,"100 מ""ל",false,1,59.90,8.56,true,1,
=======
7290000430102,false,קוביות קרח בשקית מיסטר אייס 2 קילו,אייס קיובס בעמ מיסטר אייס,IL,שקית קרח,יחידה,1.00,יחידה,false,0,10.80,10.80,true,1,
7290000446547,false,חמאת בוטנים טבעית בטר אנד דיפרנט 350 גרם,"בטר אנד דיפרנט בע""מ",IL,חמאת בוטנים,גרמים,350.00,100 גרם,false,0,16.20,4.63,true,1,
7290000446776,false,פיצפוצי אורז מלא ללא סוכר ומלח בשקית 450 גרם,בטר אנד דיפרנט בעמ,IL,פיצפוצי אורז מלא,גרמים,450.00,100 גרם,false,0,21.90,4.87,true,1,
7290000450209,false,נתחי טונה בהירה בשמן פוסידון (108 גרם),נטו מלינדה סחר בע`מ,IL,טונה פוסידון,גרמים,108.00,100 גרם,false,0,6.70,6.20,true,1,
7290000453019,false,שמרים טריים לאפייה שקית שמרית 50 ג',שטראוס גרופ בעמ/מצונן,IL,שמרית-שמרים טרי,גרמים,50.00,100 גרם,false,0,4.90,9.80,true,1,
7290000453408,false,בצק פיצה דק מצונן ומוכן לאפייה שמרית 415 גרם,שטראוס גרופ בעמ/מצונן,FR,בצק פיצה מצונן,גרמים,415.00,100 גרם,false,1,18.50,4.46,true,1,
7290000453415,false,בצק עלים מצונן ומוכן לאפייה שמרית 300 גרם,שטראוס גרופ בעמ/מצונן,FR,בצק עלים מצונן,גרמים,300.00,100 גרם,false,1,16.90,5.63,true,1,
7290000453422,false,בצק פילו מצונן ומוכן לאפייה שמרית 300 גרם,שטראוס גרופ בעמ/מצונן,GR,בצק פילו מצונן,גרמים,300.00,100 גרם,false,1,16.90,5.63,true,1,
7290000453866,false,נטורינה תחליף מרגרינה לבישול ואפיה קוקוס שמרית 200 גרם,שטראוס גרופ בעמ/מצונן,DK,נטורינה קוקוס,גרמים,200.00,100 גרם,false,1,8.50,4.25,true,1,
7290000461625,false,בייגלה שמיניות מלח בייגל בייגל 400 ג',יוניליוור ישראל שיווק בע`מ,IL,בייגלה שמיניות,גרמים,400.00,100 גרם,false,0,12.20,3.05,true,1,
7290000461656,false,בייגלה מקלות מלוחים בייגל בייגל 400 גרם,יוניליוור ישראל שיווק בע`מ,IL,בייגלה מקלות,גרמים,400.00,100 גרם,false,0,12.20,3.05,true,1,
7290000461700,false,בייגלה שמיניות גדולות מלוחות 400 גרם,יוניליוור ישראל שיווק בע`מ,IL,בייגלה גדול,גרמים,400.00,100 גרם,false,0,14.90,3.73,true,1,
7290000462141,false,סחוג אדום תימני מקורי חריף מאוד זהבי 150 גרם,שטראוס גרופ בעמ/מצונן,IL,זחוק אדום חריף,גרמים,150.00,100 גרם,false,0,8.90,5.93,true,1,
7290000467320,false,מלך החומוס אבו מרוואן 400 גרם,קבוצת אוסם סחר שותפות מוגבלת,IL,מלך החומוס צבר,גרמים,400.00,100 גרם,false,0,14.90,3.73,true,1,
7290000474090,false,"חלב בקרטון 1%- 1 ליטר בד""צ - מוצר בפיקוח",החברה המרכזית טלהפצת משקאות בע,IL,חלב טרי טרה 1%,ליטרים,1.00,ליטר,false,0,5.86,5.86,true,1,
7290000474502,false,גבינה לבנה טרה 5% מרכיבים טבעיים,החברה המרכזית טלהפצת משקאות בע,IL,גבינה לבנה 5%,גרמים,250.00,100 גרם,false,0,4.98,1.99,true,1,
7290000480107,false,קוואקר שיבולת שועל פחית 500 גרם,שטראוס פריטו ליי בעמ,GB,קוואקר שיבולת,גרמים,500.00,100 גרם,false,0,15.00,3.00,true,1,
7290000480442,false,קוואקר שיבולת שועל בשקית 500 גרם,שטראוס פריטו ליי בע`מ,IL,קוואקר,גרמים,500.00,100 גרם,false,0,14.80,2.96,true,1,
7290000483924,false,המרשלג בצק סוכר 600 גרם,המרשלג,IL,בצק סוכר לעוגות,גרמים,600.00,100 גרם,false,0,16.00,2.67,true,1,
7290000484747,false,"ארק עלית 700 מ""ל 40% יקב הגליל*",יקב הגליל יוסף גולד ובניו,IL,עלית הארק,מיליליטרים,700.00,"100 מ""ל",false,1,59.90,8.56,true,1,
>>>>>>> d048ac2f4f281c9d788043ab4e81b61b0dbe3743
7290000490601,false,גלידל וניל פלדמן מארז שמינייה,הגלידות של פלדמן,IL,גלידל וניל 8יח,גרמים,400.00,100 גרם,false,0,34.90,8.73,true,1,
7290000490762,false,גלידל שוקו פלדמן מארז שמינייה,הגלידות של פלדמן,IL,גלידל שוקו 8יח,גרמים,400.00,100 גרם,false,0,34.90,8.73,true,1,
7290000493176,false,אסם אבקת רוטב צלי לבשר 22 ג',קבוצת אוסם סחר שותפות מוגבלת,IL,רוטב צלי לבשר,גרמים,22.00,100 גרם,false,0,4.70,21.36,true,1,
7290000493183,false,אבקת רוטב פטריות לבשר-30 גרם,קבוצת אוסם סחר שותפות מוגבלת,IL,רוטב פטריות,גרמים,30.00,100 גרם,false,0,4.00,13.33,true,1,
7290000497044,false,לחם אקטיב ברמן (750 גרם),מאפית י את א ברמן בע,IL,לחם ברמן אקטיב,גרמים,750.00,100 גרם,false,0,17.50,2.33,true,1,
7290000497204,false,פיתות בשקית חמישיה. ברמן,מאפית י את א ברמן בע,IL,פיתות ברמן 5 יח,גרמים,500.00,100 גרם,false,0,9.50,1.90,true,1,
7290000497228,false,לחמניה רגילה בשקית ברמן 6יח',מאפית י את א ברמן בע,IL,6 לחמניות בשקית,גרמים,450.00,100 גרם,false,0,12.50,2.78,true,1,
7290000497426,false,לחם ברמן לענין פלוס 500 גרם,מאפית י את א ברמן בע,IL,לחם ברמן לעניין+,גרמים,500.00,100 גרם,false,0,16.50,3.30,true,1,
7290000504049,false,סוכרזית קלאסי קנקן 1200 טבליות,אף.סי תבליני בגליל ב,IL,סוכרזית טבליות,גרמים,98.00,100 גרם,false,0,21.90,22.35,true,1,
7290000504261,false,סוויט דיאט כמו סוכר ממתיק אבקתי 65ג',שטראוס גרופ בע`מ,IL,כמו סוכר,גרמים,75.00,100 גרם,false,0,26.20,34.93,true,1,
7290000504278,false,ממתיק סוכרזית אריזת פטנט 700 טבליות,אף.סי תבליני בגליל ב,IL,סוכרזית טבליות,גרמים,57.00,100 גרם,false,0,17.90,31.40,true,1,
7290000518176,false,מתוק וקל 250 שקיות 250 גרם,מתוק וקל בע`מ,IL,מתוק וקל ענק,גרמים,250.00,100 גרם,false,0,21.90,8.76,true,1,
7290000518220,false,ממתיק סוכרה דיאט 100 יחידות,מתוק וקל בעמ,IL,סוכרה דיאט,גרמים,80.00,100 גרם,false,1,29.90,37.38,true,1,
7290000518336,false,ממתק צמר גפן מתוק מסיבים תזונתיים,מתוק וקל בעמ,IL,צמר גפן מתוק,גרמים,10.00,100 גרם,false,1,5.90,59.00,true,1,
<<<<<<< HEAD
7290000521008,false,יין אדום יבש של סגל750מל,"כרמי צבי - אחים סגל בע""\",IL,יין סגל אדום,מיליליטרים,750.00,"100 מ""ל",false,0,21.90,2.92,true,1,
7290000521015,false,"יין לבן יבש של סגל750מ""ל","מיוצר ע""י כרמי צבי-",IL,יין לבן של סגל,מיליליטרים,750.00,"100 מ""ל",false,0,21.90,2.92,true,1,
7290000522272,false,"שמנת לקפה רמת הגולן 10% 500 מ""ל עמידה",מחלבות רמת הגולן,IL,שמנת לקפה,מיליליטרים,500.00,"100 מ""ל",false,0,9.90,1.98,true,1,
7290000523125,false,מלח הארץ הים האדום 250 ג' עדין,"חברת מלח הארץ אילת בע""\מ",IL,מלח ים יבש,גרמים,250.00,100 גרם,false,0,6.70,2.68,true,1,
7290000523224,false,מלח הארץ הים האדום 500 ג' עדין,"חברת מלח הארץ אילת בע""\מ",IL,מלח ים דק,גרמים,500.00,100 גרם,false,0,8.40,1.68,true,1,
7290000523514,false,מלח ים יבש מלח הארץ 250 גרם מופחת נתרן,"חברת מלח הארץ אילת בע""\מ",IL,מלח דל נתרן,גרמים,250.00,100 גרם,false,0,11.00,4.40,true,1,
7290000523804,false,"מלח עדין צנצנת 1 ק""ג מלח הארץ","חברת מלח הארץ אילת בע""\מ",IL,מלח הארץ עדין,קילוגרמים,1.00,"ק""ג",false,0,7.30,7.30,true,1,
7290000525969,false,מיץ תפוזים סחוט רכיבים טבעיים פרימור 1 ליטר,"גניר (1992) בע""מ",IL,מיץ תפוזים סחוט,ליטרים,1.00,ליטר,false,0,17.20,17.20,true,1,
7290000530024,false,נקניק תה מעושן רחב במשקל,זוגלובק,IL,נקניק תה מעושן,קילוגרמים,0.00,"ק""ג",true,0,56.00,56.00,true,1,
7290000530048,false,נקניק סלמי פפרוני במ,זוגלובק,IL,סלמי פפרוני,גרמים,0.00,"ק""ג",true,0,62.00,62.00,true,1,
=======
7290000521008,false,יין אדום יבש של סגל (750 מל),"כרמי צבי - אחים סגל בע""\",IL,יין סגל אדום,מיליליטרים,750.00,"100 מ""ל",false,0,21.90,2.92,true,1,
7290000521015,false,יין לבן יבש של סגל (750 מל),"מיוצר ע""י כרמי צבי-",IL,יין לבן של סגל,מיליליטרים,750.00,"100 מ""ל",false,0,21.90,2.92,true,1,
7290000522272,false,"שמנת לקפה רמת הגולן 10% 500 מ""ל עמידה",מחלבות רמת הגולן,IL,שמנת לקפה,מיליליטרים,500.00,"100 מ""ל",false,0,9.90,1.98,true,1,
7290000523125,false,מלח הארץ הים האדום 250 ג' עדין,"חברת מלח הארץ אילת בע""\מ",IL,מלח ים יבש,גרמים,250.00,100 גרם,false,0,6.70,2.68,true,1,
7290000523224,false,מלח הארץ הים האדום 500 ג' עדין,"חברת מלח הארץ אילת בע""\מ",IL,מלח ים דק,גרמים,500.00,100 גרם,false,0,8.40,1.68,true,1,
7290000523514,false,מלח ים יבש מופחת נתרן מלח הארץ (250 גרם),"חברת מלח הארץ אילת בע""\מ",IL,מלח דל נתרן,גרמים,250.00,100 גרם,false,0,11.00,4.40,true,1,
7290000523804,false,"מלח עדין צנצנת 1 ק""ג מלח הארץ","חברת מלח הארץ אילת בע""\מ",IL,מלח הארץ עדין,קילוגרמים,1.00,"ק""ג",false,0,7.30,7.30,true,1,
7290000525969,false,מיץ תפוזים סחוט רכיבים טבעיים פרימור 1 ליטר,שטראוס גרופ בעמ/מצונן,IL,מיץ תפוזים סחוט,ליטרים,1.00,ליטר,false,0,17.20,17.20,true,1,
7290000530024,false,נקניק תה מעושן רחב במשקל,נקניק זוגלובק נהריה,IL,נקניק תה מעושן,קילוגרמים,0.00,"ק""ג",true,0,56.00,56.00,true,1,
7290000530048,false,נקניק סלמי פפרוני במ,נקניק זוגלובק נהריה,IL,סלמי פפרוני,גרמים,0.00,"ק""ג",true,0,62.00,62.00,true,1,
>>>>>>> d048ac2f4f281c9d788043ab4e81b61b0dbe3743
7290000530109,false,קבנוס זוגי בואקום זוגלובק 180ג',נקניק נהריה כשר זוגל,IL,זוג קבנוס בואקום,גרמים,360.00,100 גרם,false,0,28.70,7.97,true,1,
7290000530116,false,נקניק סלמי מעושן בשן 470 ג' זוגלובק,נקניק נהריה כשר זוגל,IL,נקניק סלמי בשן,גרמים,470.00,100 גרם,false,0,26.90,5.72,true,1,
7290000530178,false,קוניאק זוגלובק שקילה,זוגלובק שיווק בעמ,IL,נקניק קוניאק,קילוגרמים,0.00,"ק""ג",true,0,92.00,92.00,true,1,
7290000530260,false,נקניק מרטדלה רחב במשקל,זוגלובק שיווק בעמ,IL,נקניק מרטדלה,קילוגרמים,0.00,"ק""ג",true,0,40.00,40.00,true,1,
7290000530598,false,נקניקיות עוף וינר זוגלובק 500 גרם,נקניק נהריה כשר זוגל,IL,נקניקיות וינר,גרמים,500.00,100 גרם,false,0,18.30,3.66,true,1,
<<<<<<< HEAD
7290000531410,false,פסטרממיה בדבש טהור במשקל,זוגלובק,IL,פסטרמה בדבש טהור,קילוגרמים,0.00,"ק""ג",true,0,89.00,89.00,true,1,
7290000533353,false,"בצק עלים צרפתי 1 ק""ג זוגלובק",מאפיית אריאל וגידרון,IL,בצק עלים,גרמים,1000.00,100 גרם,false,0,16.90,1.69,true,1,
7290000533681,false,פסטרמה הודו מעושנת הבית,זוגלובק,IL,פסטרמה הודו מעוש,קילוגרמים,0.00,"ק""ג",true,0,89.00,89.00,true,1,
7290000534718,false,חזה הודו תבור דל שומן מש,זוגלובק,IL,חזה הודו תבור,קילוגרמים,0.00,"ק""ג",true,0,89.00,89.00,true,1,
=======
7290000531410,false,פסטרממיה בדבש טהור במשקל,נקניק זוגלובק נהריה,IL,פסטרמה בדבש טהור,קילוגרמים,0.00,"ק""ג",true,0,89.00,89.00,true,1,
7290000533353,false,"בצק עלים צרפתי 1 ק""ג זוגלובק",מאפיית אריאל וגידרון,IL,בצק עלים,גרמים,1000.00,100 גרם,false,0,16.90,1.69,true,1,
7290000533681,false,פסטרמה הודו מעושנת הבית,זוגלובק שיווק בעמ,IL,פסטרמה הודו מעוש,קילוגרמים,0.00,"ק""ג",true,0,89.00,89.00,true,1,
7290000534718,false,פסטרמה הודו תבור 1% שומן זוגלובק,נקניק זוגלובק נהריה,IL,חזה הודו תבור,קילוגרמים,0.00,"ק""ג",true,0,89.00,89.00,true,1,
>>>>>>> d048ac2f4f281c9d788043ab4e81b61b0dbe3743
7290000536743,false,שניצלונים קריספי ט. תירס 500 גר' זוגלובק,נקניק נהריה כשר זוגל,IL,קריספי סטיקסתירס,גרמים,500.00,100 גרם,false,0,19.70,3.94,true,1,
7290000537566,false,נקניקיות עוף טרי 400 ג' זוגלובק,נקניק נהריה כשר זוגל,IL,נקניקיות עוף,גרמים,400.00,100 גרם,false,0,13.90,3.48,true,1,
7290000537603,false,נקניקיות עוף זוגלובק (1 קג),זוגלובק שיווק בעמ,IL,נקניקיות עוף,קילוגרמים,1.00,"ק""ג",false,0,29.90,29.90,true,1,
7290000552118,false,נקניקיות מרגז קפואות טיבון ויל (400 גרם),טיבון ויל אחזקות בעמ,IL,נקניקיות מרגז,גרמים,400.00,100 גרם,false,0,23.90,5.98,true,1,
7290000552194,false,קישקע קפוא טיבון ויל (500 גרם),טיבון ויל אחזקות בעמ,IL,קישקע,גרמים,500.00,100 גרם,false,0,17.90,3.58,true,1,
7290000552927,false,בשר עוף קפוא טחון טיבון ויל (500 גרם),"טיבון ויל אחזקות בע""\מ",IL,טחון עוף קפוא,גרמים,500.00,100 גרם,false,0,16.50,3.30,true,1,
7290000552934,false,בשר הודו קפוא טחון טיבון ויל (500 גרם),"טיבון ויל אחזקות בע""\מ",IL,טחון הודו 500גרם,גרמים,500.00,100 גרם,false,0,15.90,3.18,true,1,
7290000554006,false,גבינה קשקבלו משולשים,מחלבות גד,IL,גבינת קשקבל,קילוגרמים,0.00,"ק""ג",true,0,134.00,134.00,true,1,
7290000554402,false,מעדן חלב מלבי גד (160 גרם),מחלבות גד שיווק 1992 בעמ,IL,מלבי,גרמים,160.00,100 גרם,false,0,6.00,3.75,true,1,
7290000554457,false,גבינה צפתית 5% 350 גרם - רבנות,מחלבות גד שיווק 1992 בעמ,IL,גבינה צפתית5%,גרמים,350.00,100 גרם,false,0,22.50,6.43,true,1,
7290000554471,false,נקניק מוצרלה 22 אחוז 180גרם גד מהדרין,מחלבות גד שיווק 1992 בעמ,IL,גבינת מוצרלה 22%,גרמים,180.00,100 גרם,false,0,18.50,10.28,true,1,
7290000554532,false,גבינה צפתית מעודנת במלח ים 5% 200 ג' גד,מחלבות גד שיווק 1992 בעמ,IL,צפתית מעודנת 5%,גרמים,200.00,100 גרם,false,0,15.90,7.95,true,1,
7290000554600,false,מוצרלה מגורדת 22 אחוז 300גרם גד מהדרין,מחלבות גד שיווק 1992 בעמ,IL,מוצרלה מגורדת,גרמים,300.00,100 גרם,false,0,25.50,8.50,true,1,
7290000554624,false,ירח מתוק מעדן חלב עם אורז 3% גד 150 גרם,מחלבות גד שיווק 1992 בעמ,IL,מעדן חלב ואורז,גרמים,150.00,100 גרם,false,0,6.00,4.00,true,1,
7290000554655,false,מוצרלה מעושנת גד א.ח נוכרי,מחלבות גד שיווק 1992 בעמ,IL,מוצרלה מעושנת גד,קילוגרמים,0.00,"ק""ג",true,0,86.00,86.00,true,1,
7290000554686,false,גבינת לאבנה בתוספת שמן זית וזעתר 5% גד 250 גרם,מחלבות גד שיווק 1992 בעמ,IL,לאבנה בשמן זית5%,גרמים,250.00,100 גרם,false,0,15.50,6.20,true,1,
7290000554792,false,גבינה בולגרית 5%במשקל,מחלבות גד,IL,גבינה בולגרית 5%,קילוגרמים,0.00,"ק""ג",true,0,64.00,64.00,true,1,
<<<<<<< HEAD
7290000554815,false,מוצרלה נקניק 22% במשקל,מחלבות גד,IL,גבינת מוצרלה,גרמים,0.00,"ק""ג",true,0,88.00,88.00,true,1,
7290000554822,false,ריקוטה גבינה לבנה בסגנון איטלקי 5% גד 250 גרם,מחלבות גד בעמ,IL,גבינת ריקוטה 5%,גרמים,250.00,100 גרם,false,0,15.90,6.36,true,1,
7290000554839,false,מסקרפונה שמנת מתוקה קשה בסגנון איטלקי 40% גד 250 גרם,מחלבות גד בעמ,IL,גבינה מסקרפונה,גרמים,250.00,100 גרם,false,0,21.90,8.76,true,1,
7290000554921,false,גבינת ריקוטה איטלקית,מחלבות גד,IL,גבינה ריקוטה 5%,קילוגרמים,0.00,"ק""ג",true,0,66.00,66.00,true,1,
7290000554969,false,גב.שמנת 30%שומן1קג משקל,מחלבות גד,IL,גבינת שמנת 30%,קילוגרמים,0.00,"ק""ג",true,0,52.00,52.00,true,1,
7290000560533,false,אדג' ג'ל ירוק לעור רגיל 198גרם,אס.סי ג'ונסון ובניו,US,אדג' ג'ל לגילוח,גרמים,198.00,100 גרם,false,0,16.90,8.54,true,1,
7290000560540,false,אדג' ג'ל כתום לעור רגיש 198גרם,המאפיה של הרמן,US,אדג' ג'ל לגילוח,גרמים,198.00,100 גרם,false,0,16.90,8.54,true,1,
7290000571294,false,גבינת גאודה מעושנת ב,מחלבה בית יצחק,IL,גאודה מעושנת,קילוגרמים,0.00,"ק""ג",true,0,109.00,109.00,true,1,
7290000571386,false,המחלבה יוגורמה יוגורט מחלב כבשים 5% 850 גרם,גבינות משק אחים מאיר בית,IL,יוגורמה 5%,גרמים,850.00,100 גרם,false,0,27.90,3.28,true,1,
7290000571393,false,המחלבה יוגורמה יוגורט מחלב כבשים 5% 140 גרם,גבינות משק אחים מאיר,IL,יוגורמה,גרמים,140.00,100 גרם,false,0,6.50,4.64,true,1,
7290000572628,false,חטיפי חלווה ללא סוכר בקופסא 250 גרם,שוורצקוף& הנקל דיסלד,IL,חטיף חלווה לייט,גרמים,275.00,100 גרם,false,0,13.50,4.91,true,1,
=======
7290000554815,false,גבינת מוצרלה נקניק מעדנייה גד,מחלבות גד שיווק 1992 בעמ,IL,גבינת מוצרלה,גרמים,0.00,"ק""ג",true,0,88.00,88.00,true,1,
7290000554822,false,ריקוטה גבינה לבנה בסגנון איטלקי 5% גד 250 גרם,מחלבות גד שיווק 1992 בעמ,IL,גבינת ריקוטה 5%,גרמים,250.00,100 גרם,false,0,15.90,6.36,true,1,
7290000554839,false,מסקרפונה שמנת מתוקה קשה בסגנון איטלקי 40% גד 250 גרם,מחלבות גד שיווק 1992 בעמ,IL,גבינה מסקרפונה,גרמים,250.00,100 גרם,false,0,21.90,8.76,true,1,
7290000554921,false,גבינת ריקוטה איטלקית,מחלבות גד,IL,גבינה ריקוטה 5%,קילוגרמים,0.00,"ק""ג",true,0,66.00,66.00,true,1,
7290000554969,false,גב.שמנת 30%שומן1קג משקל,מחלבות גד,IL,גבינת שמנת 30%,קילוגרמים,0.00,"ק""ג",true,0,52.00,52.00,true,1,
7290000560533,false,אדג`פרו ג`ל לגילוח רגיל ירוק 220 מל,אס.סי ג'ונסון ובניו,US,אדג' ג'ל לגילוח,גרמים,198.00,100 גרם,false,0,16.90,8.54,true,1,
7290000560540,false,אדג`פרו ג`ל לגילוח עור רגיש כתום220,המאפיה של הרמן,US,אדג' ג'ל לגילוח,גרמים,198.00,100 גרם,false,0,16.90,8.54,true,1,
7290000571294,false,גבינת גאודה מעושנת ב,מחלבה בית יצחק,IL,גאודה מעושנת,קילוגרמים,0.00,"ק""ג",true,0,109.00,109.00,true,1,
7290000571386,false,המחלבה יוגורמה יוגורט מחלב כבשים 5% 850 גרם,גבינות משק אחים מאיר בית,IL,יוגורמה 5%,גרמים,850.00,100 גרם,false,0,27.90,3.28,true,1,
7290000571393,false,המחלבה יוגורמה יוגורט מחלב כבשים 5% 140 גרם,מחלבות גד שיווק 1992 בעמ,IL,יוגורמה,גרמים,140.00,100 גרם,false,0,6.50,4.64,true,1,
7290000572628,false,חלבה חטיף לייט 25 ג* 11יח קופ`שי אחוה,שוורצקוף& הנקל דיסלד,IL,חטיף חלווה לייט,גרמים,275.00,100 גרם,false,0,13.50,4.91,true,1,
>>>>>>> d048ac2f4f281c9d788043ab4e81b61b0dbe3743
7290000603032,false,ביצים אומגה 3,,,ביצים אומגה 3,יחידה,1.00,יחידה,false,0,19.90,19.90,true,1,
7290000604015,false,תנובה ביצים רגילות אקסטרא לארג' 12יח,תנובה,IL,ביצים XL 12יח',יחידה,1.00,יחידה,false,0,13.10,13.10,true,1,
7290000604039,false,ביצים בינוניות M תנובה 12 יחידות,תנובה,,ביצים M 12 יח',יחידה,1.00,יחידה,false,0,11.15,11.15,true,1,
7290000611273,false,עוף טרי מוכשר תפ,עוף עוז,IL,עוף טרי שלם,קילוגרמים,0.00,"ק""ג",true,0,19.90,19.90,true,1,
7290000612911,false,שוק הודו מפורק טרי ארוז,עוף עוז,IL,שוק הודו מפורק,קילוגרמים,0.00,"ק""ג",true,0,54.90,54.90,true,1,
7290000616841,false,כבד עוף טרי ארוז שלי,עוף עוז,IL,כבד עוף טרי,קילוגרמים,0.00,"ק""ג",true,1,21.90,21.90,true,1,
<<<<<<< HEAD
7290000632391,false,כרעיים עוף קפוא עטרה מחי,שונות,IL,כרעיים עוף קפוא,קילוגרמים,0.00,"ק""ג",true,0,33.90,33.90,true,1,
7290000633800,false,כנפיים עוף קפוא עטרה מחי,שונות,IL,כנפיים עוף קפוא,קילוגרמים,0.00,"ק""ג",true,0,17.90,17.90,true,1,
7290000644783,false,נתחי פילה סלמון קפוא קג,דגי תנובה,DK,נתחי פילה סלמון,קילוגרמים,0.00,"ק""ג",true,0,89.90,89.90,true,1,
7290000646299,false,פילה נסיכת הנילוס 100% דג קפוא תנובה,MORE,IL,פילה נסיכת נילוס,קילוגרמים,0.00,"ק""ג",true,1,49.90,49.90,true,1,
7290000652177,false,נתחי פילה נסיכה 100% דג קפוא תנובה,דגי תנובה,IL,נתחי נסיכת הנילו,קילוגרמים,0.00,"ק""ג",true,1,79.90,79.90,true,1,
7290000652542,false,פילה אמנון קפוא 5-7 קג,דגי תנובה,IL,פילה אמנון קפוא,קילוגרמים,0.00,"ק""ג",true,1,37.90,37.90,true,1,
7290000659312,false,דגי תנובה פילה סלומון קפוא בוואקום,דגי תנובה,IL,פילה סלמון,קילוגרמים,0.00,"ק""ג",true,0,79.90,79.90,true,1,
7290000662213,false,נתח פילה סלמון קפוא תנובה,תנובה,IL,נתח פילה סלמון,קילוגרמים,0.00,"ק""ג",true,1,89.90,89.90,true,1,
7290000662817,false,סלמון מעושן 100 גרם נורבגי מדג טרי,דגיים קפואים,IL,סלמון מעושן,גרמים,100.00,100 גרם,false,1,21.90,21.90,true,1,
7290000663111,false,רצועות אנטריקוט ריב בתיבול אסיאתי,זוהר בשר,IL,רצועות ריב אנטרי,גרמים,300.00,100 גרם,false,1,36.90,12.30,true,1,
7290000663166,false,דג פילה הייק דרום אפריקאי,דגי תנובה,IL,פילה בקלה קפוא,קילוגרמים,0.00,"ק""ג",true,1,49.90,49.90,true,1,
7290000679440,false,"קמיל בלו משחת החתלה לתינוק ד""ר פישר 100 גרם",פישר מעבדות פרמצבטיות בע,IL,משחה לתינוק,גרמים,100.00,100 גרם,false,0,18.90,18.90,true,1,
7290000688084,false,מי עדן פקק ספורטאים500מל,"מופק ממקור בזלתי עדן ,1",IL,מי עדן פקק ספורט,מיליליטרים,500.00,"100 מ""ל",false,0,3.20,0.64,true,1,
7290000688374,false,"מים מינרליים מי עדן בייבי 6*330 מ""ל","מופק ממקור בזלתי עדן ,1",IL,מי עדן בייבי 6יח,ליטרים,1.50,ליטר,false,0,16.90,11.27,true,1,
7290000688381,false,שישיית מי עדן פקק ספורט 0.5 ליטר,"מופק ממקור בזלתי עדן ,1",IL,מי עדן אישי 6 בק,ליטרים,3.00,ליטר,false,0,15.90,5.30,true,1,
=======
7290000632391,false,כרעיים עוף קפוא עטרה מחי,נטו מלינדה סחר בעמ,IL,כרעיים עוף קפוא,קילוגרמים,0.00,"ק""ג",true,0,33.90,33.90,true,1,
7290000633800,false,כנפיים עוף קפוא עטרה מחי,נטו מלינדה סחר - עטרה,IL,כנפיים עוף קפוא,קילוגרמים,0.00,"ק""ג",true,0,17.90,17.90,true,1,
7290000644783,false,נתחי פילה סלמון קפוא קג,תנובה קפואים,DK,נתחי פילה סלמון,קילוגרמים,0.00,"ק""ג",true,0,89.90,89.90,true,1,
7290000646299,false,פילה נסיכת הנילוס 100% דג קפוא תנובה,תנובה מרכז שיתופי לשיווק תוצרת,IL,פילה נסיכת נילוס,קילוגרמים,0.00,"ק""ג",true,1,49.90,49.90,true,1,
7290000652177,false,נתחי פילה נסיכה 100% דג קפוא תנובה,תנובה מרכז שיתופי לשיווק תוצרת,IL,נתחי נסיכת הנילו,קילוגרמים,0.00,"ק""ג",true,1,79.90,79.90,true,1,
7290000652542,false,פילה אמנון 5-7 100% דג- תנובה,תנובה קפואים,IL,פילה אמנון קפוא,קילוגרמים,0.00,"ק""ג",true,1,37.90,37.90,true,1,
7290000659312,false,דגי תנובה פילה סלומון קפוא בוואקום,תנובה בשר,IL,פילה סלמון,קילוגרמים,0.00,"ק""ג",true,0,79.90,79.90,true,1,
7290000662213,false,נתח פילה סלמון קפוא תנובה,תנובה,IL,נתח פילה סלמון,קילוגרמים,0.00,"ק""ג",true,1,89.90,89.90,true,1,
7290000662817,false,סלמון מעושן 100 גרם נורבגי מדג טרי,תנובה ענף ב.ע.ד,IL,סלמון מעושן,גרמים,100.00,100 גרם,false,1,21.90,21.90,true,1,
7290000663111,false,רצועות ריב אנטריקוט בתיבול אסייתי PLANCH,תנובה קפואים,IL,רצועות ריב אנטרי,גרמים,300.00,100 גרם,false,1,36.90,12.30,true,1,
7290000663166,false,פילה הייק דרום אפריקאי קפוא,תנובה קפואים,IL,פילה בקלה קפוא,קילוגרמים,0.00,"ק""ג",true,1,49.90,49.90,true,1,
7290000679440,false,"קמיל בלו משחת החתלה לתינוק ד""ר פישר 100 גרם","פישר תעשיות פרמבצטיות בע""מ",IL,משחה לתינוק,גרמים,100.00,100 גרם,false,0,18.90,18.90,true,1,
7290000688084,false,מי עדן פקק ספורטאים500מל,יפאורה שותפות מוגבלת לשיווק,IL,מי עדן פקק ספורט,מיליליטרים,500.00,"100 מ""ל",false,0,3.20,0.64,true,1,
7290000688374,false,מים מינרלים סמיילי מי עדן (330X6מל),יפאורה שותפות מוגבלת לשיווק,IL,מי עדן בייבי 6יח,ליטרים,1.50,ליטר,false,0,16.90,11.27,true,1,
7290000688381,false,מים מינרלים פקק ספורט מי עדן (500x6 מל),יפאורה שותפות מוגבלת לשיווק,IL,מי עדן אישי 6 בק,ליטרים,3.00,ליטר,false,0,15.90,5.30,true,1,
>>>>>>> d048ac2f4f281c9d788043ab4e81b61b0dbe3743
7290000692210,false,נוזל לניקוי כללי ורצפות בניחוח לבנדר אג'קס 2 ליטר,הנסיך- מפעל לייצור ט,GR,אג'קס ניקוי כללי,ליטרים,2.00,ליטר,false,0,24.90,12.45,true,1,
7290000692227,false,נוזל לניקוי כלים קלאסי פלמוליב (1 ליטר),יבואן ומשווק: ש. שסט,GR,פלמוליב לכלים,ליטרים,1.00,ליטר,false,0,14.90,14.90,true,1,
7290000900445,true,שום יבש אורגני,,IL,שום יבש אורגני,קילוגרמים,0.00,"ק""ג",true,0,29.90,29.90,true,1,
7290000903200,true,פיתה אסלית 100 גרם,"מאפיית אורן משי בע""\מ",IL,לחמניית פנינו,גרמים,100.00,100 גרם,false,0,2.40,2.40,true,1,
7290000907949,true,משקה מוגז בקירור עד500-מ,,,משקה מצונן 500מל,מיליליטרים,500.00,"100 מ""ל",false,0,8.50,1.70,true,1,
7290000910321,true,נתח פילה דג סלמון קפוא ק,נטו,NO,נתח פילה סלמון,קילוגרמים,0.00,"ק""ג",true,1,89.90,89.90,true,1,
7290000910994,true,פסטרמה ונקניק-קצוות משקל,שונות,IL,פסטרמה ונקניק,קילוגרמים,0.00,"ק""ג",true,0,29.00,29.00,true,1,
7290000913476,true,כרעייםעוף בגריל)עצמי( קג,שונות,IL,כרעייםעוף בגרי,קילוגרמים,0.00,"ק""ג",true,0,49.90,49.90,true,1,
7290000915883,true,טחון בקר טרי (עצמי) מחיר,שונות,IL,טחון מקומי טרי,קילוגרמים,0.00,"ק""ג",true,0,49.90,49.90,true,1,
7290000919133,true,עוף בגריל)עצמי( יח',שונות,IL,עוף בגריל,יחידה,1.00,יחידה,false,0,39.90,39.90,true,1,
7290000928241,true,סלמון פרוס לא מעובד שופר,ויליגר תעשיות בעמ,NO,נתחי פ.סלמון קפו,קילוגרמים,0.00,"ק""ג",true,0,89.90,89.90,true,1,
7290000928265,true,פילה סלמון קפוא נורווגי,ויליגר תעשיות בעמ,NO,פילה סלמון קפוא,קילוגרמים,0.00,"ק""ג",true,0,79.90,79.90,true,1,
7290000928388,true,צלי כתף טרי)עצמי( מחיר ל,שונות,IL,צלי כתף טרי,קילוגרמים,0.00,"ק""ג",true,0,99.90,99.90,true,1,
7290000928470,true,שריר טרי )עצמי( מחיר לפי,שונות,IL,שריר טרי,קילוגרמים,0.00,"ק""ג",true,0,89.90,89.90,true,1,
7290000928517,true,אנטריקוט טרי)עצמי( מחיר,ישראלי,IL,אנטריקוט טרי,קילוגרמים,0.00,"ק""ג",true,0,179.90,179.90,true,1,
7290000928562,true,שיטל טרי )עצמי( מחיר לפי,שונות,IL,שיטל טרי,קילוגרמים,0.00,"ק""ג",true,0,99.90,99.90,true,1,
7290000928654,true,לשון טרי קג,שונות,IL,לשון טרי,קילוגרמים,0.00,"ק""ג",true,0,59.90,59.90,true,1,
7290000928814,true,גולש טרי )עצמי( מחיר לפי,שונות,IL,בשר גולש טרי,קילוגרמים,0.00,"ק""ג",true,0,94.10,94.10,true,1,
7290000929682,true,פיקניה)שפיץ צאך(טרי חלק,שונות,IL,פיקניה)שפיץ צאך(,קילוגרמים,0.00,"ק""ג",true,0,119.90,119.90,true,1,
7290000929989,true,ירכיים עוף גריל)עצמי( קג,שונות,IL,ירכיים עוף גריל,קילוגרמים,0.00,"ק""ג",true,0,49.50,49.50,true,1,
7290000929996,true,כנף עוף גריל)עצמי( קג,שונות,IL,כנף עוףגריל קג,קילוגרמים,0.00,"ק""ג",true,0,29.60,29.60,true,1,
7290000933740,true,בשר טחון טרי פרמיום קג,פניסקו,AR,בשר טחון פרמיום,קילוגרמים,0.00,"ק""ג",true,1,49.90,49.90,true,1,
7290000935775,true,פילה אמנון קפוא )מקוצר(,שונות,IL,פילה אמנון קפוא,קילוגרמים,0.00,"ק""ג",true,0,32.90,32.90,true,1,
7290000960258,true,תפוז אורגני במשקל,.,IL,תפוז אורגני,קילוגרמים,0.00,"ק""ג",true,0,11.90,11.90,true,1,
7290000960395,true,"תפו""ע גרנד סמיט אורגני",.,IL,תפוח סמיט אורגנ,קילוגרמים,0.00,"ק""ג",true,0,20.90,20.90,true,1,
7290000960548,true,מלפפון אורגני,,IL,מלפפון אורגני,קילוגרמים,0.00,"ק""ג",true,0,11.90,11.90,true,1,
7290000960760,true,פלפל אדום אורגני,,IL,פלפל אדום אורגני,קילוגרמים,0.00,"ק""ג",true,0,14.90,14.90,true,1,
7290000960906,true,בצל יבש אורגני,,IL,בצל יבש אורגני,קילוגרמים,0.00,"ק""ג",true,0,9.90,9.90,true,1,
7290000961521,true,פטריות שמפניון צמד יחידה,קטיף.,IL,פטריות צמד שמפני,יחידה,1.00,יחידה,false,0,16.90,16.90,true,1,
7290000961552,true,פלפל כתום,קטיף.,IL,פלפל כתום,קילוגרמים,0.00,"ק""ג",true,0,10.90,10.90,true,1,
7290000961606,true,שורש ג'ינגר במשקל,קטיף.,XX,שורש גינגר,קילוגרמים,0.00,"ק""ג",true,0,31.90,31.90,true,1,
7290000961767,true,בטטה ארוזה,קטיף.,IL,בטטה ארוזה,קילוגרמים,0.00,"ק""ג",true,0,8.90,8.90,true,1,
7290000962474,true,חציל בלדי,קטיף.,IL,חציל בלדי,קילוגרמים,0.00,"ק""ג",true,0,9.90,9.90,true,1,
7290000962535,true,רוזמרין יחידה,קטיף.,IL,רוזמרין יחידה,יחידה,1.00,יחידה,false,0,6.90,6.90,true,1,
7290000962559,true,קורנית יחידה,קטיף.,IL,קורנית יחידה,יחידה,1.00,יחידה,false,0,6.90,6.90,true,1,
7290000962573,true,אורגנו יחידה,קטיף.,IL,אורגנו יחידה,יחידה,1.00,יחידה,false,0,6.90,6.90,true,1,
7290000962580,true,מרווה יחידה,קטיף,IL,מרווה יחידה,יחידה,1.00,יחידה,false,0,6.90,6.90,true,1,
7290000963136,true,תפוח עץ מוזהב 65,קטיף.,XX,תפוח עץ מוזהב,קילוגרמים,0.00,"ק""ג",true,0,11.90,11.90,true,1,
7290000963228,true,תפוח עץ יונתן 65,קטיף.,XX,תפוח יונתן,קילוגרמים,0.00,"ק""ג",true,0,11.90,11.90,true,1,
7290000963297,true,תפוח עץ סטרקינג 65,קטיף.,XX,תפוח סטרקינג,קילוגרמים,0.00,"ק""ג",true,0,11.90,11.90,true,1,
7290000963310,true,תפוח עץ קנזי יבוא,קטיף.,IT,"תפו""ע קנזי",קילוגרמים,0.00,"ק""ג",true,0,15.90,15.90,true,1,
7290000963341,true,אגס אסיאתי,קטיף.,CN,אגס אסיאתי,קילוגרמים,0.00,"ק""ג",true,0,16.90,16.90,true,1,
7290000963372,true,תפוח עץ פינקריספי 70,קטיף.,XX,תפוח עץ פינקריספ,קילוגרמים,0.00,"ק""ג",true,0,16.90,16.90,true,1,
7290000963419,true,תפוח עץ גאלה 65,קטיף.,XX,תפוח עץ גאלה,קילוגרמים,0.00,"ק""ג",true,0,12.90,12.90,true,1,
7290000963518,true,תפוח עץ סמיט 70,קטיף.,XX,תפוח עץ סמיט,קילוגרמים,0.00,"ק""ג",true,0,11.90,11.90,true,1,
7290000964096,true,אפרסמון קרמבו,קטיף.,IL,אפרסמון קרמבו,קילוגרמים,0.00,"ק""ג",true,0,14.90,14.90,true,1,
7290000964300,true,תפוז,קטיף.,IL,תפוז,קילוגרמים,0.00,"ק""ג",true,0,6.90,6.90,true,1,
7290000964348,true,תפוז ברשת למיץ,קטיף.,IL,תפוז ברשת למיץ,קילוגרמים,0.00,"ק""ג",true,0,5.90,5.90,true,1,
7290000964362,true,פומלה לבנה,קטיף.,IL,פומלה לבנה,קילוגרמים,0.00,"ק""ג",true,0,7.90,7.90,true,1,
7290000964379,true,אשכולית לבנה,קטיף.,IL,אשכולית לבנה,קילוגרמים,0.00,"ק""ג",true,0,6.90,6.90,true,1,
7290000964393,true,אשכולית אדומה,קטיף.,IL,אשכולית אדומה,קילוגרמים,0.00,"ק""ג",true,0,6.90,6.90,true,1,
7290000964423,true,פומלה אדומה,קטיף.,IL,פומלה אדומה,קילוגרמים,0.00,"ק""ג",true,0,7.90,7.90,true,1,
7290000964461,true,פומלית,קטיף.,IL,פומלית,קילוגרמים,0.00,"ק""ג",true,0,6.90,6.90,true,1,
7290000964492,true,לימון תפזורת,קטיף.,IL,לימון,קילוגרמים,0.00,"ק""ג",true,0,7.90,7.90,true,1,
7290000964508,true,תפוז גדול,קטיף.,IL,תפוזים מובחרים,קילוגרמים,0.00,"ק""ג",true,0,6.90,6.90,true,1,
7290000964560,true,קלמנטינה,קטיף.,IL,קלמנטינה,קילוגרמים,0.00,"ק""ג",true,0,6.90,6.90,true,1,
7290000964775,true,בננות,קטיף.,IL,בננה,קילוגרמים,0.00,"ק""ג",true,0,7.90,7.90,true,1,
7290000964829,true,אגס ספדונה 55,קטיף.,IL,אגס ספדונה,קילוגרמים,0.00,"ק""ג",true,0,13.90,13.90,true,1,
7290000964966,true,אבוקדו ארוז ברשת,קטיף.,IL,אבוקדו ארוז ברשת,קילוגרמים,0.00,"ק""ג",true,0,9.90,9.90,true,1,
7290000964980,true,אבוקדו,קטיף.,IL,אבוקדו,קילוגרמים,0.00,"ק""ג",true,0,11.90,11.90,true,1,
7290000965154,true,פיטאיה,קטיף.,IL,פיטאיה,קילוגרמים,0.00,"ק""ג",true,0,39.90,39.90,true,1,
7290000965765,true,"תפו""ע זהוב אורגנ",,IT,תפוחזהוב אורגנ,קילוגרמים,0.00,"ק""ג",true,0,20.90,20.90,true,1,
7290000965772,true,בננה אורגנית,,IL,בננה אורגנית,קילוגרמים,0.00,"ק""ג",true,0,12.90,12.90,true,1,
7290000966038,true,ענבים ירוקים מובחר,קטיף.,IL,ענבים ירוקים,קילוגרמים,0.00,"ק""ג",true,0,26.90,26.90,true,1,
7290000966328,true,אפרסמון סיני65,קטיף.,IL,אפרסמון סיני,קילוגרמים,0.00,"ק""ג",true,0,14.90,14.90,true,1,
7290000966564,true,רימון,קטיף.,IL,רימון,קילוגרמים,0.00,"ק""ג",true,0,8.90,8.90,true,1,
7290000966618,true,גויאבות,קטיף.,IL,גויאבות,קילוגרמים,0.00,"ק""ג",true,0,20.90,20.90,true,1,
7290000966656,true,קיווי מובחר שקיל,קטיף.,IL,קיווי,קילוגרמים,0.00,"ק""ג",true,0,13.90,13.90,true,1,
7290000966670,true,אנונה,קטיף.,IL,אנונה,קילוגרמים,0.00,"ק""ג",true,0,20.90,20.90,true,1,
7290000967684,true,בננה מובחרת,קטיף.,IL,בננה מובחרת,קילוגרמים,0.00,"ק""ג",true,0,7.90,7.90,true,1,
7290000982939,true,כרישה )לוף( יחידה,קטיף.,IL,כרישה )לוף(,יחידה,1.00,יחידה,false,0,9.90,9.90,true,1,
7290000993461,true,עגבניה שרי צהוב יחידה,קטיף.,IL,עגבניה שרי צהובה,גרמים,460.00,100 גרם,false,0,10.90,2.37,true,1,
7290000993560,true,עגבניות שרי שוקו יחידה,קטיף.,IL,שרי שוקו,גרמים,480.00,100 גרם,false,0,10.90,2.27,true,1,
7290000994741,true,אפרסמון אורגני,,IL,אפרסמון אורגני,קילוגרמים,0.00,"ק""ג",true,0,35.90,35.90,true,1,
7290000995175,true,בזיליקום אדום יחידה,קטיף,IL,בזיליקום אדום,יחידה,1.00,יחידה,false,0,6.50,6.50,true,1,
7290000995441,true,קייל - יחידה,קטיף.,IL,קייל,גרמים,250.00,100 גרם,false,0,12.90,5.16,true,1,
7290001006344,false,חזה הודו ברביקיו שופרסל,עוף טוב,IL,חזה הודו ברביקיו,קילוגרמים,0.00,"ק""ג",true,1,75.00,75.00,true,1,
7290001006368,false,פסטרמה איטלקית שופרסל קג,עוף טוב,IL,פסטרמה איטלקית,קילוגרמים,0.00,"ק""ג",true,1,75.00,75.00,true,1,
7290001006375,false,פסטרמה מקסיקני שופרסל קג,עוף טוב,IL,פסטרמה מקסיקני,קילוגרמים,0.00,"ק""ג",true,1,75.00,75.00,true,1,
7290001022085,false,גב.פקורינו כבשים36% משקל,היחוס דה סלבדור,ES,גבינת פקורינו,קילוגרמים,0.00,"ק""ג",true,1,141.00,141.00,true,1,
7290001045169,false,מיץ תפוחי עץ צלול פרימור 1 ליטר,שטראוס גרופ בעמ/מצונן,IL,מיץ תפוחים צלול,ליטרים,1.00,ליטר,false,0,17.20,17.20,true,1,
7290001045688,false,"מיץ תפוזים סחוט פרימור 400 מ""ל",שטראוס גרופ בעמ/מצונן,IL,מיץ תפוזים סחוט,מיליליטרים,400.00,"100 מ""ל",false,1,10.30,2.58,true,1,
7290001121238,false,קורנדביף 4% שומן יחיעם (180 גרם).,מעדני יחיעם ( 1993 ) בע`מ,IL,קורנביף,גרמים,180.00,100 גרם,false,0,25.90,14.39,true,1,
7290001123782,false,שווארמה אמיתית הודו טיבון ויל (500 גרם),נטו מלינדה סחר בע`מ,IL,שווארמה הודו,גרמים,500.00,100 גרם,false,0,26.90,5.38,true,1,
7290001124611,false,שומן כבש טיבון ויל 200 גרם,טיבון ויל אחזקות בעמ,IL,שומן כבש 200גרם,גרמים,200.00,100 גרם,false,0,22.90,11.45,true,1,
<<<<<<< HEAD
7290001136287,false,"שמפו לשיער רגיל בבושם פרחים נקה 7 750 מ""ל","אמיליה קוסמטיקס בע""מ",IL,שמפו נקה 7,מיליליטרים,750.00,"100 מ""ל",false,0,12.50,1.67,true,1,
7290001136683,false,"מרכך לשיער רגיל בבושם פרחים נקה 7 750 מ""ל","אמיליה קוסמטיקס בע""מ",IL,קונדישינר נקה 7,מיליליטרים,750.00,"100 מ""ל",false,0,12.50,1.67,true,1,
7290001164273,false,אפקטבעי חגיגת גרנולה 500גרם,אפקט טבעי,IL,חגיגת גרנולה,גרמים,500.00,100 גרם,false,0,20.20,4.04,true,1,
7290001201862,false,ביצי חופש לארג' 12 יחידות,מ.לסר,IL,ביצי חופש 12י L,יחידה,1.00,יחידה,false,1,18.90,18.90,true,1,
=======
7290001136287,false,"שמפו לשיער רגיל בבושם פרחים נקה 7 750 מ""ל",החברה הדרומית לשיווק בעמ,IL,שמפו נקה 7,מיליליטרים,750.00,"100 מ""ל",false,0,12.50,1.67,true,1,
7290001136683,false,"מרכך לשיער רגיל בבושם פרחים נקה 7 750 מ""ל",החברה הדרומית לשיווק בעמ,IL,קונדישינר נקה 7,מיליליטרים,750.00,"100 מ""ל",false,0,12.50,1.67,true,1,
7290001164273,false,אפקטבעי חגיגת גרנולה 500גרם,אפקט טבעי,IL,חגיגת גרנולה,גרמים,500.00,100 גרם,false,0,20.20,4.04,true,1,
7290001201862,false,ביצי חופש לארג' 12 יחידות,מ לסר בעמ - חברה לשיווק ביצים,IL,ביצי חופש 12י L,יחידה,1.00,יחידה,false,1,18.90,18.90,true,1,
>>>>>>> d048ac2f4f281c9d788043ab4e81b61b0dbe3743
7290001216057,false,"טחינה שומשום טהור אל ארז 1 ק""ג",אגס ירוק מסחר ושירותים,IL,טחינה גולמית,קילוגרמים,1.00,"ק""ג",false,0,36.30,36.30,true,1,
7290001216231,false,טחינה גולמית שומשום מלא אל ארז 500 גרם,אגס ירוק מסחר ושירותים,IL,טחינה מלאה,גרמים,500.00,100 גרם,false,0,20.00,4.00,true,1,
7290001230331,false,סיגריות כאמל בוקס חפ,Unknown,CH,כאמל צהוב קצר,יחידה,1.00,יחידה,false,0,33.50,33.50,false,1,
7290001230739,false,כאמל כחול חפיסה חפיסה,Unknown,CH,כאמל כחול,יחידה,1.00,יחידה,false,0,33.50,33.50,false,1,
7290001231932,false,ווינסטון כחול בוקס חפיסה,Unknown,CH,וינסטון כחול קצר,יחידה,1.00,יחידה,false,0,34.50,34.50,false,1,
<<<<<<< HEAD
7290001247068,false,קרטונית נקטר ספרינג תות בננה 1 ליטר,יפאורה שותפות מובגלת לשיווק,IL,נקטר תות בננה,ליטרים,1.00,ליטר,false,0,7.60,7.60,true,1,
7290001247082,false,מיץ עגבניות רכיבים טבעיים ספרינג 1 ליטר,יפאורה שותפות מובגלת לשיווק,IL,נקטר עגבניות,ליטרים,1.00,ליטר,false,0,7.20,7.20,true,1,
7290001247099,false,קרטונית נקטר ספרינג מנגו 1 ליטר,יפאורה שותפות מובגלת לשיווק,IL,נקטר ספרינג מנגו,ליטרים,1.00,ליטר,false,0,7.60,7.60,true,1,
7290001247105,false,קרטונית נקטר ספרינג אפרסק 1 ליטר,יפאורה שותפות מובגלת לשיווק,IL,נקטר אפרסק,ליטרים,1.00,ליטר,false,0,7.60,7.60,true,1,
7290001247112,false,קרטונית נקטר ספרינג לימונענע 1 ליטר,יפאורה שותפות מובגלת לשיווק,IL,משקה לימונענע,ליטרים,1.00,ליטר,false,0,7.60,7.60,true,1,
7290001247129,false,נקטר ספרינג תפוזים קרטונית 1 ל',יפאורה שותפות מובגלת לשיווק,IL,נקטר ספרינג תפוז,ליטרים,1.00,ליטר,false,0,7.60,7.60,true,1,
7290001247143,false,קרטונית נקטר ספרינג תפוחים 1 ליטר,יפאורה שותפות מובגלת לשיווק,IL,נקטר ספרינג תפוח,ליטרים,1.00,ליטר,false,0,7.60,7.60,true,1,
=======
7290001247068,false,קרטונית נקטר ספרינג תות בננה 1 ליטר,יפאורה שותפות מוגבלת לשיווק,IL,נקטר תות בננה,ליטרים,1.00,ליטר,false,0,7.60,7.60,true,1,
7290001247082,false,מיץ עגבניות רכיבים טבעיים ספרינג 1 ליטר,יפאורה שותפות מוגבלת לשיווק,IL,נקטר עגבניות,ליטרים,1.00,ליטר,false,0,7.20,7.20,true,1,
7290001247099,false,קרטונית נקטר ספרינג מנגו 1 ליטר,יפאורה שותפות מוגבלת לשיווק,IL,נקטר ספרינג מנגו,ליטרים,1.00,ליטר,false,0,7.60,7.60,true,1,
7290001247105,false,קרטונית נקטר ספרינג אפרסק 1 ליטר,יפאורה שותפות מוגבלת לשיווק,IL,נקטר אפרסק,ליטרים,1.00,ליטר,false,0,7.60,7.60,true,1,
7290001247112,false,קרטונית נקטר ספרינג לימונענע 1 ליטר,יפאורה שותפות מוגבלת לשיווק,IL,משקה לימונענע,ליטרים,1.00,ליטר,false,0,7.60,7.60,true,1,
7290001247129,false,נקטר ספרינג תפוזים קרטונית 1 ל',יפאורה שותפות מוגבלת לשיווק,IL,נקטר ספרינג תפוז,ליטרים,1.00,ליטר,false,0,7.60,7.60,true,1,
7290001247143,false,קרטונית נקטר ספרינג תפוחים 1 ליטר,יפאורה שותפות מוגבלת לשיווק,IL,נקטר ספרינג תפוח,ליטרים,1.00,ליטר,false,0,7.60,7.60,true,1,
>>>>>>> d048ac2f4f281c9d788043ab4e81b61b0dbe3743
7290001258101,false,גבינת גאודה טבעית במ,מחלבת משק יעקובס,IL,גאודה בטעמים,קילוגרמים,0.00,"ק""ג",true,0,109.00,109.00,true,1,
7290001258255,false,משולש גבינת גאודה28%משקל,גבינות משק יעקבס,IL,גבינת גאודה,קילוגרמים,0.00,"ק""ג",true,0,119.00,119.00,true,1,
7290001258262,false,משולש גאודה ע.תיבול משקל,גבינות משק יעקבס,IL,גאודה עשבי תיבול,קילוגרמים,0.00,"ק""ג",true,0,119.00,119.00,true,1,
7290001258323,false,משולש גאודה כמון משקל,משק יעקבס,IL,גבינת גאודה,קילוגרמים,0.00,"ק""ג",true,1,119.00,119.00,true,1,
7290001258378,false,גבינת חלומי במשקל,גבינות משק יעקבס,IL,גבינת חלומי משקל,קילוגרמים,0.00,"ק""ג",true,1,109.00,109.00,true,1,
7290001258446,false,"יעקבס יוגורט כבשים 5% 850 מ""ל",גבינות משק יעקבס,IL,יוגורט כבשים5%,גרמים,850.00,100 גרם,false,0,23.90,2.81,true,1,
7290001258583,false,משולש גבינת מנצ'גו במשקל,פ.פ.ח. שאביט,IL,גבינת מנצ'גו,קילוגרמים,0.00,"ק""ג",true,1,159.00,159.00,true,1,
7290001258590,false,גבינת מנצג'ו 30%גוש משקל,גבינות משק יעקבס,IL,גבינת מנצג'ו,קילוגרמים,0.00,"ק""ג",true,0,159.00,159.00,true,1,
7290001258736,false,משולש גבינת קשקבל27%משקל,גבינות משק יעקבס,IL,גבינת קשקבל,קילוגרמים,0.00,"ק""ג",true,0,139.00,139.00,true,1,
7290001265642,false,"מזון חתולים מעדני פטה 1.2 ק""ג מארז 3 יחידות",דיפלומט מפיצים (1968) בעמ**,FR,מעדני לה קט 3 יח,קילוגרמים,1.20,"ק""ג",false,0,22.90,19.08,true,1,
7290001274576,false,מאגדת גלידל וניל ותות 900 גר`פלדמן,גלידות פלדמן,IL,גלידל וניל תות,מיליליטרים,900.00,"100 מ""ל",false,0,23.90,2.66,true,1,
7290001274583,false,גלידה משפחתית גלידל ש. פאקן 900 גרם,"פלקו בע""\מ, חברה ישראלית",IL,גלידל פקאן,מיליליטרים,900.00,"100 מ""ל",false,0,23.90,2.66,true,1,
7290001274941,false,"שמיניית גלידל פרי פטל ""פלדמן""",הגלידות של פלדמן,IL,גלידל פרי פטל,גרמים,640.00,100 גרם,false,0,26.90,4.20,true,1,
7290001305058,false,"פלמוליב - נטורלס תחליב רחצה חלב ודבש 500 מ""ל",הנסיך- מפעל לייצור ט,TR,סב.נוזלי פלמוליב,מיליליטרים,500.00,"100 מ""ל",false,0,17.90,3.58,true,1,
7290001305188,false,"נוזל לניקוי כלים בריח לימון פלמוליב 750 מ""ל",יבואן ומשווק: ש. שסט,GR,פלמוליב לכלים,מיליליטרים,750.00,"100 מ""ל",false,0,12.90,1.72,true,1,
7290001312995,false,בגט 280 גרם,גידרון,IL,באגט,יחידה,1.00,יחידה,false,0,5.20,5.20,true,1,
7290001327180,false,שטראוס קרמיסימו וניל ציפ 1.33 ליטר,"גלידת שטראוס בע""\מ, רחוב",IL,קרמיסימו בטעם ונ,ליטרים,1.33,ליטר,false,0,21.90,16.47,true,1,
<<<<<<< HEAD
7290001407547,false,טחינה גולמית משומשום מלא פי 6 בארכה 500ג',"רושדי תעשיות מזון בע""\מ",IL,טחינה שומשום מלא,גרמים,500.00,100 גרם,false,1,17.90,3.58,true,1,
7290001407769,false,טחינה גולמית שומשום מלא בארכה 500 גרם,"רושדי תעשיות מזון בע""\מ",IL,טחינה שומשום,גרמים,500.00,100 גרם,false,0,19.20,3.84,true,1,
7290001407936,false,בארכה-טחינה גולמית מעודנת בקבוק לחיץ 310 ג',"רושדי תעשיות מזון בע""\מ",IL,טחינה מעודנת,גרמים,310.00,100 גרם,false,1,13.90,4.48,true,1,
7290001427033,false,מיץ תפוחים רכיבים טב,"פריניב בע""מ",IL,מיץ סחוט תפוחים,ליטרים,1.00,ליטר,false,0,17.90,17.90,true,1,
=======
7290001407547,false,טחינה גולמית משומשום מלא פי 6 בארכה 500ג',קבוצת אוסם סחר שותפות מוגבלת,IL,טחינה שומשום מלא,גרמים,500.00,100 גרם,false,1,17.90,3.58,true,1,
7290001407769,false,טחינה גולמית שומשום מלא בארכה 500 גרם,קבוצת אוסם סחר שותפות מוגבלת,IL,טחינה שומשום,גרמים,500.00,100 גרם,false,0,19.20,3.84,true,1,
7290001407936,false,בארכה-טחינה גולמית מעודנת בקבוק לחיץ 310 ג',קבוצת אוסם סחר שותפות מוגבלת,IL,טחינה מעודנת,גרמים,310.00,100 גרם,false,1,13.90,4.48,true,1,
7290001427033,false,קשת מיץ תפוחים טבעי 1 ליטר,תנובה - פריניב,IL,מיץ סחוט תפוחים,ליטרים,1.00,ליטר,false,0,17.90,17.90,true,1,
>>>>>>> d048ac2f4f281c9d788043ab4e81b61b0dbe3743
7290001427064,false,"פריגת מיץ פסיפלורה ותפוחים 500 מ""ל",קשת מיצים טבעיים,IL,מיץ תפוח פסיפלור,מיליליטרים,500.00,"100 מ""ל",false,0,17.60,3.52,true,1,
7290001427132,false,"משקה רימון 500 מ""ל פריניב זכוכית",קשת מיצים טבעיים,IL,מיץ רימונים טבעי,מיליליטרים,500.00,"100 מ""ל",false,0,20.90,4.18,true,1,
7290001427255,false,פריניב מיץ תפוח 1 ליטר פלסטיק,קשת רמת הגולן,IL,מיץ תפוחים קשת,ליטרים,1.00,ליטר,false,0,17.60,17.60,true,1,
7290001427415,false,"משקה תפוח 250 מ""ל פריניב זכוכית",קשת מיצים טבעיים,IL,מיץ תפוח טבעי,מיליליטרים,250.00,"100 מ""ל",false,1,10.90,4.36,true,1,
7290001427439,false,"משקה סלק 250 מ""ל פריניב זכוכית",קשת מיצים טבעיים,IL,מיץ תפוח סלק,מיליליטרים,250.00,"100 מ""ל",false,1,12.20,4.88,true,1,
7290001476208,false,גבינת ברי פקאן במשקל,מחלבות גד,IL,ברי פקאן משולש,קילוגרמים,0.00,"ק""ג",true,0,139.00,139.00,true,1,
<<<<<<< HEAD
7290001491010,false,תה ירוק יסמין ויסוצקי 25 יחידות,תה ויסוצקי,IL,תה ירוק יסמין,גרמים,37.00,100 גרם,false,0,26.90,72.70,true,1,
7290001491096,false,תה ירוק בתוספת לימונית ולואיזה 50 שקיקים ויסוצקי,תה ויסוצקי,IL,תה ירוק לימונית,גרמים,75.00,100 גרם,false,0,48.50,64.67,true,1,
7290001552049,false,קוסקוס מרוקאי קפוא 800 גר,מטעמי פאר,IL,קוסקוס מרוקאי,גרמים,800.00,100 גרם,false,0,17.90,2.24,true,1,
7290001567814,false,סלמי מעושן בסגנון איטלקי 300 ג' יחיעם,מעדני יחיעם,IL,סלמי מעושן איטלק,גרמים,300.00,100 גרם,false,1,26.90,8.97,true,1,
7290001594155,false,"קוקה-קולה בבקבוק אישי 500 מ""ל",החברה המרכזית לייצור משקאות,IL,קוקה קולה,מיליליטרים,500.00,"100 מ""ל",false,0,8.50,1.70,true,1,
7290001594377,false,פריגת תפוזים 0.5 ליטר חייב בפקדון,מבשלות בירה בינלאומיות ב,IL,פריגת תפוזים,מיליליטרים,500.00,"100 מ""ל",false,0,7.70,1.54,true,1,
7290001594384,false,פריגת אשכוליות 0.5 ליטר חייב בפקדון,מבשלות בירה בינלאומיות ב,IL,פריגת אשכוליות,מיליליטרים,500.00,"100 מ""ל",false,0,7.70,1.54,true,1,
7290001594391,false,"פריגת משקה קל ענבים בבקבוק אישי 500 מ""ל",מבשלות בירה בינלאומיות ב,IL,פריגת ענבים,מיליליטרים,500.00,"100 מ""ל",false,0,7.70,1.54,true,1,
7290001594568,false,"קרלסברג פחית 500 מ""ל פקדון",מבשלות בירה בינלאומיות ב,RO,בירה קרלסברג פח,מיליליטרים,500.00,"100 מ""ל",false,0,9.90,1.98,true,1,
7290001594575,false,"בירה טובורג רד פחית 500 מ""ל",מבשלות בירה בינלאומיות ב,IL,בירה טובורג פחית,מיליליטרים,500.00,"100 מ""ל",false,0,9.90,1.98,true,1,
7290001594858,false,"שישייה בירה טובורג רד בקבוק 330 מ""ל",מבשלות בירה בינלאומיות ב,IL,טובורג רד 6 יח,ליטרים,1.98,ליטר,false,0,32.90,16.61,true,1,
7290001594865,false,"שישייה בירה קרלסברג בקבוק 330 מ""ל",מבשלות בירה בינלאומיות ב,IL,בירה קרלסברג 6יח,ליטרים,1.98,ליטר,false,0,32.90,16.62,true,1,
=======
7290001491010,false,תה ירוק יסמין ויסוצקי 25 יחידות,תה ויסוצקי (ישראל) בעמ,IL,תה ירוק יסמין,גרמים,37.00,100 גרם,false,0,26.90,72.70,true,1,
7290001491096,false,תה ירוק בתוספת לימונית ולואיזה 50 שקיקים ויסוצקי,תה ויסוצקי (ישראל) בעמ,IL,תה ירוק לימונית,גרמים,75.00,100 גרם,false,0,48.50,64.67,true,1,
7290001552049,false,קוסקוס מרוקאי קפוא 800 גר,מטעמי פאר (א.מ.נ) בעמ,IL,קוסקוס מרוקאי,גרמים,800.00,100 גרם,false,0,17.90,2.24,true,1,
7290001567814,false,סלמי מעושן בסגנון איטלקי 300 ג' יחיעם,מעדני יחיעם ( 1993 ) בע`מ,IL,סלמי מעושן איטלק,גרמים,300.00,100 גרם,false,1,26.90,8.97,true,1,
7290001594155,false,"קוקה-קולה בבקבוק אישי 500 מ""ל",החברה המרכזית להפצת משקאות בעמ,IL,קוקה קולה,מיליליטרים,500.00,"100 מ""ל",false,0,8.50,1.70,true,1,
7290001594377,false,פריגת תפוזים 0.5 ליטר חייב בפקדון,החברה המרכזית להפצת משקאות בעמ,IL,פריגת תפוזים,מיליליטרים,500.00,"100 מ""ל",false,0,7.70,1.54,true,1,
7290001594384,false,פריגת אשכוליות 0.5 ליטר חייב בפקדון,החברה המרכזית להפצת משקאות בעמ,IL,פריגת אשכוליות,מיליליטרים,500.00,"100 מ""ל",false,0,7.70,1.54,true,1,
7290001594391,false,"פריגת משקה קל ענבים בבקבוק אישי 500 מ""ל",החברה המרכזית להפצת משקאות בעמ,IL,פריגת ענבים,מיליליטרים,500.00,"100 מ""ל",false,0,7.70,1.54,true,1,
7290001594568,false,בירה בפחית קרלסברג (500 מל),החברה המרכזית להפצת משקאות בעמ,RO,בירה קרלסברג פח,מיליליטרים,500.00,"100 מ""ל",false,0,9.90,1.98,true,1,
7290001594575,false,בירה בפחית רד טובורג (500 מל),החברה המרכזית להפצת משקאות בעמ,IL,בירה טובורג פחית,מיליליטרים,500.00,"100 מ""ל",false,0,9.90,1.98,true,1,
7290001594858,false,מארז שישייה בירה טובורג רד (330x6 מל),החברה המרכזית להפצת משקאות בעמ,IL,טובורג רד 6 יח,ליטרים,1.98,ליטר,false,0,32.90,16.61,true,1,
7290001594865,false,"שישייה בירה קרלסברג בקבוק 330 מ""ל",החברה המרכזית להפצת משקאות בעמ,IL,בירה קרלסברג 6יח,ליטרים,1.98,ליטר,false,0,32.90,16.62,true,1,
>>>>>>> d048ac2f4f281c9d788043ab4e81b61b0dbe3743
7290001710661,false,"חזה עוף קפוא לק""ג",מעדני הטלה והעגל,IL,"חזה עוף קפוא לק""",קילוגרמים,0.00,"ק""ג",true,1,37.90,37.90,true,1,
7290001713921,false,אקונומיקה bleach מבושמת 4 ל' סנט מוריץ,קומפלקס כימיקלים בעמ,IL,אקונומיקה בלאנקו,ליטרים,4.00,ליטר,false,1,10.90,2.73,true,1,
7290001780428,false,מאגדת גלידת לייט שוקולד נסטלה 6יח' 312ג',נגה גלידות שותפות מוגבלת,IL,מארז גלידיאט,גרמים,360.00,100 גרם,false,0,32.90,9.14,true,1,
7290001791349,false,אקונומיקה פיסגה ריחנית סנו (4 ליטר),החברה הדרומית לשיווק בעמ,IL,אקונומיקה פיסגה,ליטרים,4.00,ליטר,false,0,11.90,2.98,true,1,
7290001817728,false,צ'יטוס אפוי כאפה בטעם קטשופ 55 גרם,"שטראוס פריטו ליי בע""\מ )",IL,צ'יטוס כפאה,גרמים,55.00,100 גרם,false,0,3.60,6.55,true,1,
7290001873441,false,המבורגר 320 גר` בלאק אנגוס מוכשר ארוז,טיבון ויל אחזקות בעמ,IL,המבורגר בלק אנגו,גרמים,320.00,100 גרם,false,1,26.90,8.41,true,1,
7290001873458,false,סטייק בורגר 320 גר` בלאק אנגוס מוכשר אר,טיבון ויל אחזקות בעמ,IL,סטייקבורגר בלאק,גרמים,320.00,100 גרם,false,1,26.90,8.41,true,1,
7290001873472,false,קבב 320 גר` בלאק אנגוס מוכשר ארוז,טיבון ויל אחזקות בעמ,IL,קבב בלאק אנגוס,גרמים,320.00,100 גרם,false,1,26.90,8.41,true,1,
7290001875308,false,חזה עוף טרי פרימיום קג,עוף עוז,IL,חזה פרימיום ע.טר,קילוגרמים,0.00,"ק""ג",true,1,39.90,39.90,true,1,
7290001875315,false,שניצל דק טרי פרימיום קג,עוף עוז,IL,שניצל דק פרימיום,קילוגרמים,0.00,"ק""ג",true,1,44.90,44.90,true,1,
7290001875322,false,פילה עוף טרי פרימיום קג,עוף עוז,IL,פילה פרמיום טרי,קילוגרמים,0.00,"ק""ג",true,1,49.90,49.90,true,1,
7290001875339,false,כנפיים עוף טרי פרימיום ק,עוף עוז,IL,כנפיים -פרמיום ט,קילוגרמים,0.00,"ק""ג",true,1,14.90,14.90,true,1,
7290001875346,false,כרעיים עוף טרי פרימיום ק,עוף עוז,IL,כרעיים פרימיום ט,קילוגרמים,0.00,"ק""ג",true,1,34.90,34.90,true,1,
7290001875353,false,שוקיים עוף טרי פרימיום ק,עוף עוז,IL,שוקיים פרמיום טר,קילוגרמים,0.00,"ק""ג",true,1,37.90,37.90,true,1,
7290001875377,false,פרגיות עוף טרי פרימיום ק,עוף עוז,IL,פרגיות פרימיום,קילוגרמים,0.00,"ק""ג",true,1,69.90,69.90,true,1,
7290001902042,false,לחם עם קימל קפוא 485 גרם,"גידרון תעשיות בע""מ",IL,לחם עם קימל,יחידה,1.00,יחידה,false,0,10.50,10.50,true,1,
7290001902134,false,לחם איטלקי 290 גרם,"גידרון תעשיות בע""מ",IL,לחם איטלקי,יחידה,1.00,יחידה,false,0,7.50,7.50,true,1,
7290001902301,false,חלה מתוקה קלועה 450 גרם,"גידרון תעשיות בע""מ",IL,חלה מתוקה קלוע,יחידה,1.00,יחידה,false,0,13.50,13.50,true,1,
7290001902318,false,חלה מתוקה קלוע+צימוקקפוא,"גידרון תעשיות בע""מ",IL,חלה מתוקה קלוע,יחידה,1.00,יחידה,false,0,13.50,13.50,true,1,
7290001902325,false,חלה קלועה שופרסל,"גידרון תעשיות בע""מ",IL,חלה קלועה שופרסל,יחידה,1.00,יחידה,false,0,13.50,13.50,true,1,
7290001902653,false,לחמניה כפרי עגול+דגנקפוא,גידרון,IL,לח.מתוקה עגולה 8,יחידה,1.00,יחידה,false,0,10.90,10.90,true,1,
7290001902677,false,לחמניה 100% קמח מלא,"גידרון תעשיות בע""מ",IL,לחמניה מקמח מלא,יחידה,1.00,יחידה,false,0,3.90,3.90,true,1,
7290001902776,false,לחמנית עם דגנים קפוא,"גידרון תעשיות בע""מ",IL,לחמנית עם דגנים,יחידה,1.00,יחידה,false,0,5.50,5.50,true,1,
7290001902783,false,לחמנית המבורגר,"גידרון תעשיות בע""מ",IL,לחמנית המבורגר,יחידה,1.00,יחידה,false,0,3.90,3.90,true,1,
7290001990148,false,"סוכר גולדן קלאסי בצנצנת סוגת 1 ק""ג",האי נאם סי או אל.טי.,IL,סוכר גולדן,קילוגרמים,1.00,"ק""ג",false,0,13.90,13.90,true,1,
7290001990261,false,"סוגת חומוס 1 ק""ג","סוגת תעשיות בע""\מ",IL,חומוס,קילוגרמים,1.00,"ק""ג",false,0,15.90,15.90,true,1,
7290001990278,false,"שעועית לבנה סוגת 1 ק""ג","סוגת תעשיות בע""\מ",IL,שעועית לבנה,קילוגרמים,1.00,"ק""ג",false,0,19.90,19.90,true,1,
7290001990421,false,"פופקורן גרעינים סוגת 1 ק""ג","סוגת תעשיות בע""\מ",IL,"פופקורן 1 ק""ג",קילוגרמים,1.00,"ק""ג",false,0,10.80,10.80,true,1,
7290002000136,false,מגע הדבש -שעווה להסרת שיער למיקרוגל 500 גרם,"ש. שוורץ )באר שבע( בע""\מ",IL,שעוות מגע משי,גרמים,500.00,100 גרם,false,0,19.90,3.98,true,1,
7290002002857,false,ניירות להסרת שיער בשעווה 50 יחידות,"איטיליאן פוד, אס.פי.",IL,נייר שעווה,יחידה,1.00,יחידה,false,0,19.90,19.90,true,1,
<<<<<<< HEAD
7290002007371,false,פירורי לחם הנמל 500 ג',הנמל,IL,פירורי לחם,גרמים,500.00,100 גרם,false,0,7.90,1.58,true,1,
7290002008187,false,קשים מתקפלים לשתיה הנמל 40 יחידות,יבוא ושיווק: הנמל אריזות,CN,קשים מתקפלים,יחידה,1.00,יחידה,false,0,2.00,2.00,true,1,
7290002008224,false,סוכריות לקישוט צבעונית הנמל 100 ג',ממתקי עלה בעמ,IL,סוכריות לקישוט,גרמים,100.00,100 גרם,false,0,6.20,6.20,true,1,
7290002008309,false,עטרות נייר חום לעוגה מס' 4 הנמל 130יח',"הנמל אריזות ושיווק בע""\מ",IL,עטרות בקופסה,יחידה,1.00,יחידה,false,0,4.90,4.90,true,1,
7290002008934,false,סוכריות צבעוניות לקישוט לעוגה 200 גר,ממתקי עלה יצור שיווק,IL,סוכריות לקישוט,גרמים,200.00,100 גרם,false,0,9.00,4.50,true,1,
7290002019763,false,עגבניות מרוסקות פרי ניר 800 גרם,פרי ניר,IL,עגבניות מרוסקות,גרמים,800.00,100 גרם,false,0,7.90,0.99,true,1,
7290002019787,false,רוטב עגבניות מרוכז מאוד 260 גרם פריניר,פריניר ( הדס 1987) ב,IL,רוטב עגבניות,גרמים,260.00,100 גרם,false,0,4.20,1.62,true,1,
7290002019794,false,רוטב עגבניות מרוכז מאוד 100 גרם פריניר,פריניר ( הדס 1987) ב,IL,רוטב עגבניות,גרמים,100.00,100 גרם,false,0,2.10,2.10,true,1,
7290002020189,false,סופגניה מיני רגילה+ריבה,"גידרון תעשיות בע""מ",IL,סופגניה מיני,גרמים,35.00,100 גרם,false,0,3.90,11.14,true,1,
7290002020868,false,מארז בייגל רומני 3יח,גידרון,,3 ביגלה רומני,יחידה,1.00,יחידה,false,0,13.90,13.90,true,1,
7290002026341,false,צ'יפס אריסטו רגיל שקיות רשת,מוצרי איכות אמריקאיים,CA,ציפס בטטה,גרמים,500.00,100 גרם,false,12,17.90,3.58,true,1,
7290002026440,false,פרצלס בייגלה בראנץ אנד קראנץ 280 ג',מוצרי איכות אמריקאיים בע,IL,פרצלס קפוא 280גר,גרמים,280.00,100 גרם,false,0,12.90,4.61,true,1,
7290002026587,false,וופל בלגי פרווה בראנץ אנד קראנץ 8 יח',בראנץ' אנד קראנץ Brunch& Crunch,BE,וופל בלגי חם,גרמים,280.00,100 גרם,false,1,15.90,5.68,true,1,
7290002037125,false,חלה פרוסה וודש 500 גרם,מאפית י את א ברמן בע,IL,חלה פרוסה,גרמים,500.00,100 גרם,false,0,11.00,2.20,true,1,
7290002037637,false,חליות מתוקות מארז 4יח',מאפית י את א ברמן בע,IL,חליות מתוקות 4יח,גרמים,350.00,100 גרם,false,0,14.50,4.14,true,1,
7290002040019,false,קוסקוס רגיל הנמל 350 גרם,"קוסקוס מזון בע""מ",IL,קוסקוס רגיל,גרמים,350.00,100 גרם,false,0,5.90,1.69,true,1,
7290002040064,false,קוסקוס דק הנמל 350 גרם,טרופיקל דגיל תעשיות,IL,קוסקוס דק,גרמים,350.00,100 גרם,false,0,5.90,1.69,true,1,
7290002040071,false,קוסקוס עבה שקית 350 גרם הנמל,"קוסקוס מזון בע""מ",IL,קוסקוס עבה,גרמים,350.00,100 גרם,false,0,5.90,1.69,true,1,
7290002040088,false,קוסקוס מלא הנמל 350 גרם,"קוסקוס מזון בע""מ",IL,קוסקוס מלא,גרמים,350.00,100 גרם,false,0,6.90,1.97,true,1,
7290002043065,false,אקסטרה פריכיות אורז חום מלא בציפוי שוקולד מריר 70 גרם,נוהלס ג'\י אס סי.,BG,פריכונים מצופים,גרמים,70.00,100 גרם,false,1,9.50,13.57,true,1,
7290002043218,false,אקסטרה צ'יפס אורז חום מלא מלח 60 גרם,נוהלס ג'\י אס סי.,BG,צ'יפס אורז מלא,גרמים,60.00,100 גרם,false,1,7.50,12.50,true,1,
7290002043232,false,אקסטרה צ'יפס אורז חום מלא טקסס ברביקיו 120 גרם,נוהלס ג'\י אס סי.,BG,צ'יפס אורז מלא,גרמים,120.00,100 גרם,false,1,12.90,10.75,true,1,
7290002043782,false,אקסטרה צ'יפס אורז חום מלא טקסס ברביקיו 60 גרם,נוהלס ג'\י אס סי.,BG,צ'יפס אורז מלא,גרמים,60.00,100 גרם,false,1,7.50,12.50,true,1,
7290002053538,false,נודלס בסגנון תאילנדי 25 תוספת אוריינטל 500 גרם,פ.פ.ח. טאביה ספ זאו.או,PL,נודלס ביצים,גרמים,500.00,100 גרם,false,1,14.90,2.98,true,1,
7290002057031,false,זיתים מבוקעים פיקנטי קבוצת יבנה 340 גרם,קבוצת יבנה,IL,זיתים מבוקע פיקנ,גרמים,540.00,100 גרם,false,0,9.90,1.83,true,1,
7290002057123,false,זיתים ירוקים מנזנילו קבוצת יבנה 560 גרם,קבוצת יבנה,IL,זית חרוזית,גרמים,540.00,100 גרם,false,0,9.90,1.83,true,1,
7290002057161,false,זיתים מרינט ביין גדול מאד קבוצת יבנה 340 גרם,קבוצת יבנה,IL,זית חתוך במרינד,גרמים,540.00,100 גרם,false,0,10.90,2.02,true,1,
7290002057185,false,טבעות זיתים ירוקים קבוצת יבנה 560 גרם,קבוצת יבנה,IL,טבעות זיתים,גרמים,540.00,100 גרם,false,0,9.90,1.83,true,1,
7290002057352,false,מלפפונים במלח ‏9‏-‏7‏ קבוצת יבנה 320 גרם,קבוצת יבנה מוצרי מזון,IL,מלפפון במלח 7-9,גרמים,540.00,100 גרם,false,0,7.60,1.41,true,1,
7290002057369,false,מלפפונים במלח ‏12‏-‏10‏ קבוצת יבנה 320 גרם,קבוצת יבנה,IL,מלפפונים במלח,גרמים,540.00,100 גרם,false,0,8.90,1.65,true,1,
7290002057376,false,מלפפונים במלח ‏17‏-‏13‏ קבוצת יבנה 320 גרם,קבוצת יבנה,IL,מלפפונים במלח,גרמים,540.00,100 גרם,false,0,9.90,1.83,true,1,
7290002057468,false,מלפפונים בחומץ בינוני קבוצת יבנה 560 גרם,קבוצת יבנה,IL,מלפפון בחומץ,גרמים,540.00,100 גרם,false,0,8.90,1.65,true,1,
7290002057482,false,מלפפון יבנה בחומץ קטנים מאוד 18-25 290 ג,קבוצת יבנה,IL,מלפפונים בחומץ,גרמים,540.00,100 גרם,false,0,13.90,2.57,true,1,
7290002057604,false,פלפל חריף שיפקה קבוצת יבנה 225 גרם.,קבוצת יבנה,IL,פלפל חריף שיפקה,גרמים,540.00,100 גרם,false,0,5.90,1.09,true,1,
7290002057628,false,טבעות זיתים מושחר קבוצת יבנה 275 גרם,קבוצת יבנה,IL,טבעות זיתים,גרמים,540.00,100 גרם,false,0,9.90,1.83,true,1,
=======
7290002007371,false,פירורי לחם הנמל 500 ג',הנמל אריזות ושיווק 1984 בע`מ,IL,פירורי לחם,גרמים,500.00,100 גרם,false,0,7.90,1.58,true,1,
7290002008187,false,קשים מתקפלים לשתיה הנמל 40 יחידות,הנמל אריזות ושיווק 1984 בע`מ,CN,קשים מתקפלים,יחידה,1.00,יחידה,false,0,2.00,2.00,true,1,
7290002008224,false,סוכריות לקישוט צבעונית הנמל 100 ג',הנמל אריזות ושיווק 1984 בע`מ,IL,סוכריות לקישוט,גרמים,100.00,100 גרם,false,0,6.20,6.20,true,1,
7290002008309,false,עטרות נייר חום לעוגה מס' 4 הנמל 130יח',הנמל אריזות ושיווק (1984) בעמ,IL,עטרות בקופסה,יחידה,1.00,יחידה,false,0,4.90,4.90,true,1,
7290002008934,false,סוכריות צבעוניות לקישוט לעוגה 200 גר,הנמל אריזות ושיווק (1984) בעמ,IL,סוכריות לקישוט,גרמים,200.00,100 גרם,false,0,9.00,4.50,true,1,
7290002019763,false,עגבניות מרוסקות 800ג פריניר ה.מכירה *,ח.כהן סוכנות מזון ומשקאות בע,IL,עגבניות מרוסקות,גרמים,800.00,100 גרם,false,0,7.90,0.99,true,1,
7290002019787,false,רוטב עגבניות מרוכז מאוד 260 גרם פריניר,ח.כהן סוכנות מזון ומשקאות בע,IL,רוטב עגבניות,גרמים,260.00,100 גרם,false,0,4.20,1.62,true,1,
7290002019794,false,רוטב עגבניות מרוכז מאוד 100 גרם פריניר,ח.כהן סוכנות מזון ומשקאות בע,IL,רוטב עגבניות,גרמים,100.00,100 גרם,false,0,2.10,2.10,true,1,
7290002020189,false,סופגניה מיני רגילה+ריבה,"גידרון תעשיות בע""מ",IL,סופגניה מיני,גרמים,35.00,100 גרם,false,0,3.90,11.14,true,1,
7290002020868,false,מארז בייגל רומני 3יח,גידרון,,3 ביגלה רומני,יחידה,1.00,יחידה,false,0,13.90,13.90,true,1,
7290002026341,false,אריסטו קראנץ ציפס בטטה טוגנים 500גר,מוצרי איכות אמריקאיים בעמ,CA,ציפס בטטה,גרמים,500.00,100 גרם,false,12,17.90,3.58,true,1,
7290002026440,false,פרצלס בייגלה בראנץ אנד קראנץ 280 ג',מוצרי איכות אמריקאיים בעמ,IL,פרצלס קפוא 280גר,גרמים,280.00,100 גרם,false,0,12.90,4.61,true,1,
7290002026587,false,וופל בלגי פרווה בראנץ אנד קראנץ 8 יח',מוצרי איכות אמריקאיים בעמ,BE,וופל בלגי חם,גרמים,280.00,100 גרם,false,1,15.90,5.68,true,1,
7290002037125,false,חלה פרוסה מאפיית ודש (500 גרם),מאפית י את א ברמן בע,IL,חלה פרוסה,גרמים,500.00,100 גרם,false,0,11.00,2.20,true,1,
7290002037637,false,לחמניות הבית מתוקות מאפיית ודש) (4,מאפית י את א ברמן בע,IL,חליות מתוקות 4יח,גרמים,350.00,100 גרם,false,0,14.50,4.14,true,1,
7290002040019,false,קוסקוס רגיל מזון קוסקוס (350 גרם),הנמל אריזות ושיווק (1984) בעמ,IL,קוסקוס רגיל,גרמים,350.00,100 גרם,false,0,5.90,1.69,true,1,
7290002040064,false,קוסקוס דק להכנה מהירה בשקית 350 גרם,הנמל אריזות ושיווק (1984) בעמ,IL,קוסקוס דק,גרמים,350.00,100 גרם,false,0,5.90,1.69,true,1,
7290002040071,false,קוסקוס עבה להכנה קלה ומהירה 350 גרם,הנמל אריזות ושיווק (1984) בעמ,IL,קוסקוס עבה,גרמים,350.00,100 גרם,false,0,5.90,1.69,true,1,
7290002040088,false,קוסקוס מלא מזון קוסקוס (350 גרם),הנמל אריזות ושיווק (1984) בעמ,IL,קוסקוס מלא,גרמים,350.00,100 גרם,false,0,6.90,1.97,true,1,
7290002043065,false,אקסטרה פריכיות אורז חום מלא בציפוי שוקולד מריר 70 גרם,א.ל.ייצור ושיווק תבלינים בעמ,BG,פריכונים מצופים,גרמים,70.00,100 גרם,false,1,9.50,13.57,true,1,
7290002043218,false,אקסטרה צ'יפס אורז חום מלא מלח 60 גרם,א.ל.ייצור ושיווק תבלינים בעמ,BG,צ'יפס אורז מלא,גרמים,60.00,100 גרם,false,1,7.50,12.50,true,1,
7290002043232,false,אקסטרה צ'יפס אורז חום מלא טקסס ברביקיו 120 גרם,נוהלס ג'\י אס סי.,BG,צ'יפס אורז מלא,גרמים,120.00,100 גרם,false,1,12.90,10.75,true,1,
7290002043782,false,אקסטרה צ'יפס אורז חום מלא טקסס ברביקיו 60 גרם,א.ל.ייצור ושיווק תבלינים בעמ,BG,צ'יפס אורז מלא,גרמים,60.00,100 גרם,false,1,7.50,12.50,true,1,
7290002053538,false,נודלס בסגנון תאילנדי 25 תוספת אוריינטל 500 גרם,גורי מוצרי צריכה (1991) בעמ,PL,נודלס ביצים,גרמים,500.00,100 גרם,false,1,14.90,2.98,true,1,
7290002057031,false,זיתים מבוקעים פיקנטי קבוצת יבנה 340 גרם,"קבוצת יבנה מוצרי מזון בע""מ",IL,זיתים מבוקע פיקנ,גרמים,540.00,100 גרם,false,0,9.90,1.83,true,1,
7290002057123,false,זיתים ירוקים מנזנילו קבוצת יבנה 560 גרם,קבוצת יבנה מוצרי מזון אגודה שי,IL,זית חרוזית,גרמים,540.00,100 גרם,false,0,9.90,1.83,true,1,
7290002057161,false,זיתים מרינט ביין גדול מאד קבוצת יבנה 340 גרם,קבוצת יבנה מוצרי מזון בעמ,IL,זית חתוך במרינד,גרמים,540.00,100 גרם,false,0,10.90,2.02,true,1,
7290002057185,false,טבעות זיתים ירוקים קבוצת יבנה 560 גרם,קבוצת יבנה מוצרי מזון אגודה שי,IL,טבעות זיתים,גרמים,540.00,100 גרם,false,0,9.90,1.83,true,1,
7290002057352,false,מלפפונים במלח ‏9‏-‏7‏ קבוצת יבנה 320 גרם,"קבוצת יבנה מוצרי מזון בע""מ",IL,מלפפון במלח 7-9,גרמים,540.00,100 גרם,false,0,7.60,1.41,true,1,
7290002057369,false,מלפפונים במלח ‏12‏-‏10‏ קבוצת יבנה 320 גרם,"קבוצת יבנה מוצרי מזון בע""מ",IL,מלפפונים במלח,גרמים,540.00,100 גרם,false,0,8.90,1.65,true,1,
7290002057376,false,מלפפונים במלח ‏17‏-‏13‏ קבוצת יבנה 320 גרם,"קבוצת יבנה מוצרי מזון בע""מ",IL,מלפפונים במלח,גרמים,540.00,100 גרם,false,0,9.90,1.83,true,1,
7290002057468,false,מלפפונים בחומץ בינוני קבוצת יבנה 560 גרם,"קבוצת יבנה מוצרי מזון בע""מ",IL,מלפפון בחומץ,גרמים,540.00,100 גרם,false,0,8.90,1.65,true,1,
7290002057482,false,מלפפון יבנה בחומץ קטנים מאוד 18-25 290 ג,קבוצת יבנה מוצרי מזון אגודה שי,IL,מלפפונים בחומץ,גרמים,540.00,100 גרם,false,0,13.90,2.57,true,1,
7290002057604,false,פלפל חריף שיפקה קבוצת יבנה (540 גרם),קבוצת יבנה מוצרי מזון אגודה שי,IL,פלפל חריף שיפקה,גרמים,540.00,100 גרם,false,0,5.90,1.09,true,1,
7290002057628,false,זיתים מושחרים טבעות קבוצת יבנה (540 גרם),קבוצת יבנה מוצרי מזון אגודה שי,IL,טבעות זיתים,גרמים,540.00,100 גרם,false,0,9.90,1.83,true,1,
>>>>>>> d048ac2f4f281c9d788043ab4e81b61b0dbe3743
7290002065555,false,שישיית לחמנייה הכי רכה בהפסקה אנג'ל 450 גרם,מאפיית שלמה א. אנג'\ל בע,IL,6 לחמניות בשקית,גרמים,450.00,100 גרם,false,0,11.90,2.64,true,1,
7290002065616,false,לחם שיפון גרעינים פרוס אחדות (750 גרם),מאפיית שלמה א. אנג'\ל בע,IL,לחם שיפון,גרמים,750.00,100 גרם,false,0,14.90,1.99,true,1,
7290002065623,false,לחם שיפון של פעם כפרי פרוס אורנים 750 גרם,מאפיית שלמה א. אנג'\ל בע,IL,לחם שיפון כפרי,גרמים,750.00,100 גרם,false,0,14.90,1.99,true,1,
7290002109372,false,בורקס פילו אצבעות בולגרי 700 ג' שלושת האופים,שלושת האופים שגמור,IL,בורקס פילו גבינה,גרמים,700.00,100 גרם,false,0,21.90,3.12,true,1,
<<<<<<< HEAD
7290002129479,false,פיצה איטלקית דקה 320 ג' שלושת האופים,האי נאם סי או אל.טי.,IT,פיצה איטלקית דקה,גרמים,320.00,100 גרם,false,1,16.90,5.28,true,1,
=======
7290002129479,false,פיצה איטלקית דקה שלושת האופים 320 גר,האי נאם סי או אל.טי.,IT,פיצה איטלקית דקה,גרמים,320.00,100 גרם,false,1,16.90,5.28,true,1,
>>>>>>> d048ac2f4f281c9d788043ab4e81b61b0dbe3743
7290002130574,false,דבש טהור מפרחי בר בזכוכית 500 ג' יד מרדכי,מכוורת יד מרדכי שטראוס ב,IL,דבש מפרחי בר,גרמים,500.00,100 גרם,false,0,28.60,5.72,true,1,
7290002130581,false,דבש טהור מפרחי בר יד מרדכי (1 קג),מכוורת יד מרדכי שטראוס ב,IL,דבש טהור,קילוגרמים,1.00,"ק""ג",false,0,45.90,45.90,true,1,
7290002132011,false,עוגיות מזרחיות עם שומשום עבאדי (400 גר),מאפיית יוסף ושמחה עבאדי,IL,עוגיות מזרחיות,גרמים,400.00,100 גרם,false,0,19.90,4.98,true,1,
7290002157830,false,קוביות גולש עגל קפוא טיבון ויל 800 גרם,טיבון ויל - נטו,IL,קוביות גולש עגל,גרמים,800.00,100 גרם,false,1,39.90,4.99,true,1,
7290002198116,false,"פסטרמה ברזילאית זוגלובק, מחיר לפי משקל",זוגלובק,IL,הברזילאית בקר הו,קילוגרמים,0.00,"ק""ג",true,1,122.00,122.00,true,1,
7290002204169,false,מארז רביעיית נאשי,ביכורי שדה דרום,IL,מארז רביעיית נאש,קילוגרמים,0.00,"ק""ג",true,1,16.90,16.90,true,1,
7290002208181,false,גבינת תום כבשים*שקיל,נטו,IL,גבינת תום כבשים,קילוגרמים,0.00,"ק""ג",true,0,149.00,149.00,true,1,
<<<<<<< HEAD
7290002253006,false,שום כתוש דורות בצנצנת 200 גרם,עיצובים 2020 (3.8),IL,שום טרי כתוש,גרמים,200.00,100 גרם,false,0,17.90,8.95,true,1,
7290002253105,false,קוביות שום כתוש טרי דורות 80 גרם,עיצובים 2020 (3.8),IL,שום כתוש קפוא,גרמים,80.00,100 גרם,false,0,14.90,18.63,true,1,
7290002253150,false,קוביות בזיליקום קצוץ דורות 70 גרם,עיצובים 2020 (3.8),IL,דורות בזיליקום,גרמים,70.00,100 גרם,false,0,11.90,17.00,true,1,
7290002253167,false,פטרוזיליה קצוצה דורות 70 גרם,עיצובים 2020 (3.8),IL,דורותפטרוזיליה,גרמים,70.00,100 גרם,false,0,11.90,17.00,true,1,
7290002253181,false,קוביות כוסברה קצוצה דורות 70 גרם,עיצובים 2020 (3.8),IL,דורות כוסברה,גרמים,70.00,100 גרם,false,0,11.90,17.00,true,1,
7290002253235,false,דורות רוטב פסטו 160 גרם,עיצובים 2020 (3.8),IL,דורות רוטב פסטו,גרמים,160.00,100 גרם,false,16,12.90,8.06,true,1,
7290002253259,false,דורות רוטב עגבניות בזיליקום 160 גרם,עיצובים 2020 (3.8),IL,דורות רוטב עגבני,גרמים,160.00,100 גרם,false,16,12.90,8.06,true,1,
7290002281382,false,נתח סלמון נורווגי 100 % דלידג,דלידג,IL,נתח סלמון פילה,קילוגרמים,0.00,"ק""ג",true,1,89.90,89.90,true,1,
7290002317654,false,זיתים ירוקים בצנצנת 700 ג' מוטולה,שימורי מוטולה בעמ,IL,זיתים ירוקים,גרמים,700.00,100 גרם,false,1,11.90,1.70,true,1,
7290002317746,false,זיתים שחורים גדול גרם560,שימורי מוטולה בעמ,IL,זיתים שחורים,גרמים,560.00,100 גרם,false,1,10.90,1.95,true,1,
7290002320487,false,מעדן משמש 100% פרי ל.ת.סוכר בית יצחק 284ג',בית יצחק,IL,מעדן מישמש,גרמים,284.00,100 גרם,false,0,17.90,6.30,true,1,
7290002327028,false,ג'חנון תימני 3 האופים 650 גר',TLV צ'יף,IL,ג'חנון 650 גרם,גרמים,650.00,100 גרם,false,0,19.90,3.06,true,1,
7290002327059,false,"בצק עלים 1 ק""ג שלושת האופים קהילות",שלושת האופים,IL,בצק עלים מרודד,קילוגרמים,1.00,"ק""ג",false,0,22.90,22.90,true,1,
7290002327912,false,מיני בורקס גבינה 700 ג' שלושת האופים,שלושת האופים,IL,מיני בורקס גבינה,גרמים,700.00,100 גרם,false,0,24.90,3.55,true,1,
7290002331124,false,נביעות+ מים מינרליים בטעם תפוח,נביעות טבע הגליל בעמ,IL,נביעות תפוח,מיליליטרים,500.00,"100 מ""ל",false,0,7.50,1.50,true,1,
7290002331155,false,מים נביעות בטעם אפרסק 0.5 ליטר,נביעות טבע הגליל בעמ,IL,נביעות אפרסק,מיליליטרים,500.00,"100 מ""ל",false,0,7.50,1.50,true,1,
7290002331360,false,"נביעות מים מינרליים טו גו מארז 500X6מ""ל",נביעות טבע,IL,נביעות ספורט 6יח,ליטרים,3.00,ליטר,false,0,16.90,5.64,true,1,
7290002331421,false,"שישיית מים מינרליים GO TO נביעות 755 מ""ל",נביעות טבע הגליל בעמ,IL,נביעות פקק טו גו,ליטרים,4.53,ליטר,false,0,17.90,3.95,true,1,
7290002331483,false,"שישיית נביעות אישי בייבי 320 מ""ל",נביעות טבע הגליל בעמ,IL,נביעות בייבי 6יח,ליטרים,1.92,ליטר,false,0,15.90,8.28,true,1,
7290002331490,false,מים מינרליים נביעות 1 ליטר,נביעות טבע הגליל בעמ,IL,מים נביעות,ליטרים,1.00,ליטר,false,0,3.90,3.90,true,1,
=======
7290002253006,false,שום טרי כתוש צנצנת דורות 200 גרם,קבוצת אוסם סחר-שות.מוגבלת,IL,שום טרי כתוש,גרמים,200.00,100 גרם,false,0,17.90,8.95,true,1,
7290002253105,false,שום במגשית 20 שיניים כתושות קפוא 80,קבוצת אוסם סחר-שות.מוגבלת,IL,שום כתוש קפוא,גרמים,80.00,100 גרם,false,0,14.90,18.63,true,1,
7290002253150,false,קוביות בזיליקום קצוץ דורות 70 גרם,קבוצת אוסם סחר שותפות מוגבלת,IL,דורות בזיליקום,גרמים,70.00,100 גרם,false,0,11.90,17.00,true,1,
7290002253167,false,פטרוזיליה טרייה קצוצה מוקפאת 70 גרם,קבוצת אוסם סחר שותפות מוגבלת,IL,דורותפטרוזיליה,גרמים,70.00,100 גרם,false,0,11.90,17.00,true,1,
7290002253181,false,כוסברה טרייה קצוצה 20 קוביות 70 גרם קפוא,קבוצת אוסם סחר שותפות מוגבלת,IL,דורות כוסברה,גרמים,70.00,100 גרם,false,0,11.90,17.00,true,1,
7290002253235,false,דורות רוטב פסטו דורות,קבוצת אוסם סחר שותפות מוגבלת,IL,דורות רוטב פסטו,גרמים,160.00,100 גרם,false,16,12.90,8.06,true,1,
7290002253259,false,דורות רוטב עגבניות בזיליקום 160 גרם,עיצובים 2020 (3.8),IL,דורות רוטב עגבני,גרמים,160.00,100 גרם,false,16,12.90,8.06,true,1,
7290002281382,false,נתחי סלמון נורווגי דלידג קפוא,נטו מלינדה סחר בע`מ,IL,נתח סלמון פילה,קילוגרמים,0.00,"ק""ג",true,1,89.90,89.90,true,1,
7290002317654,false,זיתים ירוקים בצנצנת 700 ג' מוטולה,שימורי מוטולה בעמ,IL,זיתים ירוקים,גרמים,700.00,100 גרם,false,1,11.90,1.70,true,1,
7290002317746,false,זיתים שחורים גדול גרם560,שימורי מוטולה בעמ,IL,זיתים שחורים,גרמים,560.00,100 גרם,false,1,10.90,1.95,true,1,
7290002320487,false,מעדן משמש 100% פרי ל.ת.סוכר בית יצחק 284ג',בית יצחק,IL,מעדן מישמש,גרמים,284.00,100 גרם,false,0,17.90,6.30,true,1,
7290002327028,false,ג`חנון בטעם מיוחד 650 גרם קפוא,נטו מלינדה סחר בע`מ,IL,ג'חנון 650 גרם,גרמים,650.00,100 גרם,false,0,19.90,3.06,true,1,
7290002327059,false,"בצק עלים 1 ק""ג שלושת האופים קהילות",נטו מלינדה סחר בע`מ,IL,בצק עלים מרודד,קילוגרמים,1.00,"ק""ג",false,0,22.90,22.90,true,1,
7290002327912,false,מיני בורקס גבינה 700 גר`שלושת האופים,נטו מלינדה סחר בעמ,IL,מיני בורקס גבינה,גרמים,700.00,100 גרם,false,0,24.90,3.55,true,1,
7290002331124,false,נביעות+ מים מינרליים בטעם תפוח,החברה המרכזית להפצת משקאות בעמ,IL,נביעות תפוח,מיליליטרים,500.00,"100 מ""ל",false,0,7.50,1.50,true,1,
7290002331155,false,מים נביעות בטעם אפרסק 0.5 ליטר,החברה המרכזית להפצת משקאות בעמ,IL,נביעות אפרסק,מיליליטרים,500.00,"100 מ""ל",false,0,7.50,1.50,true,1,
7290002331360,false,"נביעות מים מינרליים טו גו מארז 500X6מ""ל",החברה המרכזית להפצת משקאות בעמ,IL,נביעות ספורט 6יח,ליטרים,3.00,ליטר,false,0,16.90,5.64,true,1,
7290002331421,false,"שישיית מים מינרליים GO TO נביעות 755 מ""ל",החברה המרכזית להפצת משקאות בעמ,IL,נביעות פקק טו גו,ליטרים,4.53,ליטר,false,0,17.90,3.95,true,1,
7290002331483,false,נביעות מים מינרלים שישיה בייבי 330 מ`ל,החברה המרכזית להפצת משקאות בעמ,IL,נביעות בייבי 6יח,ליטרים,1.92,ליטר,false,0,15.90,8.28,true,1,
7290002331490,false,מים מינרלים נביעות (1 ליטר),החברה המרכזית להפצת משקאות בעמ,IL,מים נביעות,ליטרים,1.00,ליטר,false,0,3.90,3.90,true,1,
>>>>>>> d048ac2f4f281c9d788043ab4e81b61b0dbe3743
7290002333319,false,קמח שיפון מלא אורגני 1 ק,טחנת קמח יפו,IL,"קמח שיפון 1 ק""ג",קילוגרמים,1.00,"ק""ג",false,0,17.90,17.90,true,1,
7290002333968,false,עדשים צהובות חצויות אורגני 500 גר,אול אורגני,IL,עדשים אורגנים,גרמים,500.00,100 גרם,false,1,14.90,2.98,true,1,
7290002333982,false,שעועית לבנה אורגנית הרדוף 500 גרם,אול אורגני,IL,שעועית אורגנית,גרמים,500.00,100 גרם,false,0,10.90,2.18,true,1,
7290002345060,false,גב.מאסדם הולנדי 29% משקל,סר קאשנדל בי.וי,NL,גבינת מאסדם,קילוגרמים,0.00,"ק""ג",true,1,89.00,89.00,true,1,
7290002345282,false,נתחי פילה סלמון קפוא דלידג,נטו מלינדה סחר בע`מ,IL,נתחי פילה סלמון,קילוגרמים,0.00,"ק""ג",true,1,89.90,89.90,true,1,
7290002360124,false,חליטת צמחים ורד הבר והיביסקוס פומפדור 20 יחידות,ש. שסטוביץ בע`מ,DE,חליטת ורד הבר,גרמים,70.00,100 גרם,false,0,14.90,21.29,true,1,
7290002360155,false,חליטת תה פרחי שומר פומפדור 20 שקיקים,ש.שסטוביץ בעמ,DE,חליטת שומר,גרמים,40.00,100 גרם,false,0,14.90,37.25,true,1,
7290002360285,false,חליטת צמחים פומפדור קמומיל 20 יחידות,ש. שסטוביץ בע`מ,DE,חליטת קמומיל,גרמים,30.00,100 גרם,false,0,14.90,49.67,true,1,
7290002370123,false,גבינת עיזים רכה 29% משקל,היחוס דה סאלבאדור,ES,גבינת עיזים,קילוגרמים,0.00,"ק""ג",true,1,139.00,139.00,true,1,
7290002370420,false,גבינת גאודה מהולנד 30% שומן שקיל (גלגל),איוויאן,NL,גאודה הולנדית,קילוגרמים,0.00,"ק""ג",true,1,109.00,109.00,true,1,
7290002370475,false,גבינת דנהבלו בשלה31%משקל,קסרייס,ES,גבינה כחולה,קילוגרמים,0.00,"ק""ג",true,1,99.00,99.00,true,1,
<<<<<<< HEAD
7290002371533,false,דקניקים סלסולי פסטרמה דבש טירת צבי 120 גרם,הנסיך- מפעל לייצור ט,IL,סלסולי פסטרמה,גרמים,120.00,100 גרם,false,0,17.90,14.92,true,1,
7290002371540,false,דקניקים קורנדביף ללא גלוטן טירת צבי 120 גרם,הנסיך- מפעל לייצור ט,IL,קורנדביף,גרמים,120.00,100 גרם,false,0,17.90,14.92,true,1,
=======
7290002371533,false,דקניקים סלסולי פסטרמה דבש טירת צבי 120 גרם,תנובה מרכז שיתופי לשיווק תוצרת,IL,סלסולי פסטרמה,גרמים,120.00,100 גרם,false,0,17.90,14.92,true,1,
7290002371540,false,דקניקים קורנדביף ללא גלוטן טירת צבי 120 גרם,תנובה מרכז שיתופי לשיווק תוצרת,IL,קורנדביף,גרמים,120.00,100 גרם,false,0,17.90,14.92,true,1,
>>>>>>> d048ac2f4f281c9d788043ab4e81b61b0dbe3743
7290002371571,false,פסטרמה פרגיות לבאגט במשקלטירת צבי,טירת- צבי,IL,פסטרמה פרגיות,קילוגרמים,0.00,"ק""ג",true,0,89.00,89.00,true,1,
7290002374640,false,שמן בריאות קנולה פלוס אומגה 3 עץ הזית 1 ליטר,סוגת תעשיות בעמ,EE,שמן קנולה פלוס,ליטרים,1.00,ליטר,false,0,17.90,17.90,true,1,
7290002385431,false,גבינה בולגרית 16% רכ,דשן,IL,בולגרית מסורתית,קילוגרמים,0.00,"ק""ג",true,0,64.00,64.00,true,1,
7290002385738,false,גד סדרת דליקטס מנצ'גו 34% במשקל,מחלבות גד,,מנצ'גו משולש,קילוגרמים,0.00,"ק""ג",true,0,141.00,141.00,true,1,
7290002385745,false,גבינת פיקורינו משולשים גד,מחלבות גד,,פקורינו משולש,קילוגרמים,0.00,"ק""ג",true,0,141.00,141.00,true,1,
7290002472117,false,פס קצפת קפוצ'ינו 600 גרם,"גידרון תעשיות בע""מ",IL,עוגת פס קפוצ'ינו,גרמים,600.00,100 גרם,false,0,47.90,7.98,true,1,
7290002472186,false,עוגת מאפין שוקו צ'יפס550,"גידרון תעשיות בע""מ",IL,מאפין שוקוצ'יפס,יחידה,1.00,יחידה,false,0,19.90,19.90,true,1,
7290002472193,false,עוגת מאפין שוקו 550 גרם,"גידרון תעשיות בע""מ",IL,מאפין בטעם שוקו,יחידה,1.00,יחידה,false,0,19.90,19.90,true,1,
7290002472209,false,מאפין שוקו וניל 550 גרם,"גידרון תעשיות בע""מ",IL,מאפין שיש,יחידה,1.00,יחידה,false,0,19.90,19.90,true,1,
7290002472223,false,עוגת מאפין תפוז 550 גרם,"גידרון תעשיות בע""מ",IL,מאפין בטעם תפוז,יחידה,1.00,יחידה,false,0,19.90,19.90,true,1,
7290002472254,false,עוגת מאפין אגוזים 550גרם,"גידרון תעשיות בע""מ",IL,מאפין אגוזים,יחידה,1.00,יחידה,false,0,19.90,19.90,true,1,
7290002472261,false,"עוגת מאפין תפו""ע 550 גרם","גידרון תעשיות בע""מ",IL,מאפין תפוח עץ,גרמים,500.00,100 גרם,false,0,19.90,3.98,true,1,
7290002507109,false,צלי כתף טרי אמריקאי קג,.,IL,צלי כתף טרי,קילוגרמים,0.00,"ק""ג",true,1,99.90,99.90,true,1,
7290002507383,false,גבינה בולגרית 5% במש,מחלבות בכר,IL,גבינה בולגרית 5%,קילוגרמים,0.00,"ק""ג",true,1,80.00,80.00,true,1,
7290002507604,false,פיצה שגב השף מאיטליה 350 גרם,האי נאם סי או אל.טי.,IT,פיצה השף שגב,גרמים,320.00,100 גרם,false,1,22.90,7.16,true,1,
7290002511236,false,בולגרית מעודנת5% במשקל,"מחלבת המושבה בע""מ",IL,בולגרית מעודנת5%,קילוגרמים,0.00,"ק""ג",true,0,55.00,55.00,true,1,
7290002511397,false,גבינת ברי בקר במשקל,מחלבת מושבה,IL,גבינת ברי,קילוגרמים,0.00,"ק""ג",true,1,108.00,108.00,true,1,
7290002511762,false,גבינת ברי פקאן משקל,מחלבת מושבה,IL,גבינת ברי,קילוגרמים,0.00,"ק""ג",true,1,108.00,108.00,true,1,
<<<<<<< HEAD
7290002515371,false,"קמיל בלו אל סבון לתינוקות ד""ר פישר 1 ליטר",פישר מעבדות פרמצבטיות בע,IL,קמיל בלו לתינוק,ליטרים,1.00,ליטר,false,0,24.90,24.90,true,1,
=======
7290002515371,false,"קמיל בלו אל סבון לתינוקות ד""ר פישר 1 ליטר","פישר תעשיות פרמצביטות בע""מ",IL,קמיל בלו לתינוק,ליטרים,1.00,ליטר,false,0,24.90,24.90,true,1,
>>>>>>> d048ac2f4f281c9d788043ab4e81b61b0dbe3743
7290002517726,false,קינמון מקלות 15 גר' טעם וריח,"תבליני טעם וריח בע""מ",IL,קינמון מקלות,גרמים,15.00,100 גרם,false,0,7.00,46.67,true,1,
7290002517863,false,תבלין ציפורן טחון 80ג',"תבליני טעם וריח בע""מ",IL,ציפורן טחון,גרמים,40.00,100 גרם,false,0,11.90,29.75,true,1,
7290002542780,false,"שישייה בירה סטלה ארטואה בקבוק 330X6 מ""ל","אינבב, ברוורייפליין",BE,סטלה ארטואה 6 יח,ליטרים,1.98,ליטר,false,1,34.90,17.63,true,1,
7290002542810,false,"בירה הוגרדן בקבוק 330 מ""ל","אינבב, ברוורייפליין",BE,בירה הוגרדן,מיליליטרים,330.00,"100 מ""ל",false,1,11.90,3.61,true,1,
7290002542841,false,"שישייה בירה לף בלונד בקבוק 330X6 מ""ל","אינבב, ברוורייפליין",BE,בירה לף בלונד6יח,ליטרים,1.98,ליטר,false,1,49.90,25.20,true,1,
7290002542865,false,"שישייה בירה הוגרדן בקבוק 330X6 מ""ל","אינבב, ברוורייפליין",BE,בירה הוגרדן 6 יח,ליטרים,1.98,ליטר,false,1,49.90,25.20,true,1,
<<<<<<< HEAD
7290002543046,false,קלוגס פרוסטיס דגנים וסוכר 750ג',קלוג מנייופרטורינג א,ES,פרוסטיס 750 גרם,גרמים,750.00,100 גרם,false,0,21.90,2.92,true,1,
=======
7290002543046,false,קלוגס פרוסטיס דגנים וסוכר 750ג',דיפלומט מפיצים (1968) בעמ**,ES,פרוסטיס 750 גרם,גרמים,750.00,100 גרם,false,0,21.90,2.92,true,1,
>>>>>>> d048ac2f4f281c9d788043ab4e81b61b0dbe3743
7290002543237,false,דגני בוקר קלוגס קורנפלקס 750 גרם,קלוגס קומפני אוף גרייט ב,GB,קורנפלקס קלוגס,גרמים,750.00,100 גרם,false,0,16.90,2.25,true,1,
7290002551003,false,נתחי טונה בהירה בשמן סטארקיסט (160 גרם),דיפלומט מפיצים (1968) בעמ**,IL,טונה סטארקיסט,גרמים,160.00,100 גרם,false,0,8.20,5.13,true,1,
7290002551010,false,נתחי טונה בהירה במים סטארקיסט (160 גרם),דיפלומט מפיצים (1968) בעמ**,TR,טונה סטארקיסט,גרמים,160.00,100 גרם,false,0,8.20,5.13,true,1,
7290002577492,false,"פילה דג הרינג מלוח בשמן, 340 גרם",מיוצר על ידי קוד יצר,IL,פילה הרינג,גרמים,240.00,100 גרם,false,1,27.90,11.63,true,1,
<<<<<<< HEAD
7290002603498,false,פיצת השף מאיטליה אנטי פסטי 256 גרם,האי נאם סי או אל.טי.,IT,פיצת השף מאיטליה,גרמים,220.00,100 גרם,false,1,18.90,8.59,true,1,
=======
7290002603498,false,פיצת השף מאיטליה CHEF שגב אנטיפסטי 220,נטו מילנדה סחר בעמ*,IT,פיצת השף מאיטליה,גרמים,220.00,100 גרם,false,1,18.90,8.59,true,1,
>>>>>>> d048ac2f4f281c9d788043ab4e81b61b0dbe3743
7290002627067,false,שייטל בקר מוכשר טריאנגוס,אזול,AR,שייטל בקר מוכשר,קילוגרמים,0.00,"ק""ג",true,1,99.90,99.90,true,1,
7290002627111,false,שייטל בקר חלק טרי אנגוס,אזול,AR,שייטל בקר טרי,קילוגרמים,0.00,"ק""ג",true,1,99.90,99.90,true,1,
7290002627814,false,שפיץ צ'אך טרי מוכשר קג,אזול,AR,שפיץ צ'אך טרי,קילוגרמים,0.00,"ק""ג",true,1,139.90,139.90,true,1,
7290002627821,false,שפיץ צ'אך טרי חלק קג,אזול,AR,שפיץ צאך טרי חלק,קילוגרמים,0.00,"ק""ג",true,1,139.90,139.90,true,1,
7290002649175,false,גרון הודו טרי ארוז קג,יסכה,IL,גרון הודו טרי אר,קילוגרמים,0.00,"ק""ג",true,1,29.90,29.90,true,1,
7290002649205,false,שווארמה הודו טרי ארוז נק,יסכה,IL,שווארמה הודו טרי,קילוגרמים,0.00,"ק""ג",true,1,74.90,74.90,true,1,
7290002651116,false,גחנון חמסי ארוז 1 קג,מאפיית אריאל,IL,ג'חנון חמסי,גרמים,1000.00,100 גרם,false,0,19.90,1.99,true,1,
7290002661153,false,לחם דני קל פרוס ברמן (1 קג),מאפית י את א ברמן בע,IL,לחם דני קל,גרמים,1000.00,100 גרם,false,0,19.50,1.95,true,1,
7290002661214,false,ברמן לחם גליל קל מהדרין 750 גרם,מאפית י את א ברמן בע,IL,לחם גלילי קל,גרמים,750.00,100 גרם,false,0,14.50,1.93,true,1,
7290002661856,false,מיני קרוטונים מתובלים למרק ולסלט 350 גרם,צ'\וייסר פודס ל.טי.די.,GB,מיני קרוטונים,גרמים,350.00,100 גרם,false,1,17.90,5.11,true,1,
7290002661863,false,קרוטונים מתובלים למרק 350 גרם,צ'\וייסר פודס ל.טי.די.,GB,קרוטונים מתובלים,גרמים,350.00,100 גרם,false,1,17.90,5.11,true,1,
7290002685111,false,כנפיים עוף טרי שופרסל,קורניש,IL,כנפיים עוף טרי,קילוגרמים,0.00,"ק""ג",true,1,12.90,12.90,true,1,
7290002692768,false,"תרסיס שמן קנולה מזוכך ללא תוספת גז עץ הזית 200 מ""ל",טרנסומס פוד איי בי,IT,תרסיס שמן קנולה,מיליליטרים,200.00,"100 מ""ל",false,0,15.90,7.95,true,1,
7290002692782,false,"תרסיס שמן זית כתית מעולה ללא תוספת גז עץ הזית 150 מ""ל",י.ב טכנולוגיות אריזה,IT,תרסיס שמן זית,מיליליטרים,148.00,"100 מ""ל",false,0,15.90,10.74,true,1,
7290002703747,false,דבש אורגני מפרחי בר500גר,נאימן,AR,דבש מפרחי בר,גרמים,500.00,100 גרם,false,1,34.90,6.98,true,1,
<<<<<<< HEAD
7290002715504,false,ארוחת נודלס בטעם עוף מג'יק 70 גרם,טאט הוי פוד בעמ,SG,מג'יק נודלס,גרמים,70.00,100 גרם,false,0,5.00,7.14,true,1,
7290002715511,false,ארוחת נודלס בטעם בשר מג'יק 70 גרם,טאט הוי פוד בעמ,SG,מג'יק אטריות,גרמים,70.00,100 גרם,false,0,5.00,7.14,true,1,
7290002715528,false,ארוחת נודלס בטעם ירקות מג'יק 70 גרם,טאט הוי פוד בעמ,SG,מג'יק אטריות,גרמים,70.00,100 גרם,false,0,5.00,7.14,true,1,
7290002715580,false,ארוחת נודלס בטעם סיני חריף מג'יק 70 גרם,טאט הוי פוד בעמ,SG,מג'יק נודלס,גרמים,70.00,100 גרם,false,0,5.00,7.14,true,1,
7290002730262,false,"נוזל לניקוי כלים קלאסי פלמוליב 750 מ""ל",יבואן ומשווק: ש. שסט,GR,פלמוליב לכלים,מיליליטרים,750.00,"100 מ""ל",false,0,12.90,1.72,true,1,
=======
7290002715504,false,ארוחת נודלס בטעם עוף מג`יק (70 גרם),נטו מלינדה סחר בע`מ,SG,מג'יק נודלס,גרמים,70.00,100 גרם,false,0,5.00,7.14,true,1,
7290002715511,false,ארוחת נודלס בטעם בשר מג`יק (70 גרם),נטו מלינדה סחר בע`מ,SG,מג'יק אטריות,גרמים,70.00,100 גרם,false,0,5.00,7.14,true,1,
7290002715528,false,ארוחת נודלס בטעם ירקות מג`יק (70 גרם),נטו מילנדה סחר בעמ*,SG,מג'יק אטריות,גרמים,70.00,100 גרם,false,0,5.00,7.14,true,1,
7290002715580,false,ארוחת נודלס בטעם סיני חריף מג'יק 70 גרם,נטו מילנדה סחר בעמ*,SG,מג'יק נודלס,גרמים,70.00,100 גרם,false,0,5.00,7.14,true,1,
7290002730262,false,נוזל לניקוי כלים קלאסי פלמוליב (750 מל),יבואן ומשווק: ש. שסט,GR,פלמוליב לכלים,מיליליטרים,750.00,"100 מ""ל",false,0,12.90,1.72,true,1,
>>>>>>> d048ac2f4f281c9d788043ab4e81b61b0dbe3743
7290002730675,false,"קולגייט משחת שיניים אדומה משפחתי 100 מ""ל",קולגייט-פלמוליב,PL,משחת שיניים,מיליליטרים,100.00,"100 מ""ל",false,0,10.90,10.90,true,1,
7290002730958,false,סבון מוצק בניחוח זיתים ואלוורה פלמוליב 4*100 גרם,הנסיך- מפעל לייצור ט,TR,סבון פלמוליב 4יח,גרמים,360.00,100 גרם,false,0,17.90,4.97,true,1,
7290002752332,false,"סוכריות מנטוס פירות בגליל, 37.5 גרם",הדקלאים אגודת שיתופי,NL,סוכריות מנטוס,גרמים,37.00,100 גרם,false,0,4.00,10.81,true,1,
7290002752349,false,סוכריות מנטוס מנטה 40יח' בגליל 38ג',ליימן שליסל בעמ,NL,סוכריות מנטוס,גרמים,37.00,100 גרם,false,0,4.00,10.81,true,1,
7290002753995,false,סוכריות עדשים לקישוט עוגה וורנר 6*25 גרם,היינץ צפון אמריקה מק,DE,סט דרז'ה צבעוני,גרמים,150.00,100 גרם,false,0,18.10,12.07,true,1,
<<<<<<< HEAD
7290002757139,false,מלוואח 700 גר' שלושת האופים קהילות,שלושת האופים,IL,מלווח 700 גרם,גרמים,700.00,100 גרם,false,0,16.90,2.41,true,1,
=======
7290002757139,false,מלוואח 700 גר' שלושת האופים קהילות,נטו מלינדה סחר בע`מ,IL,מלווח 700 גרם,גרמים,700.00,100 גרם,false,0,16.90,2.41,true,1,
>>>>>>> d048ac2f4f281c9d788043ab4e81b61b0dbe3743
7290002759126,false,מארז 10יח מיני פיתהאסלית,מעיין תעשיות מאפה,IL,מיני פיתה,גרמים,500.00,100 גרם,false,0,14.90,2.98,true,1,
7290002759164,false,מארז בייגלה ירושלמי4יח',גידרון,IL,3בייגלה ירושלמי,יחידה,1.00,יחידה,false,0,13.90,13.90,true,1,
7290002759287,false,לחמניה קמח מלא 5,,,לחמניה קמח מלא 5,יחידה,1.00,יחידה,false,0,13.90,13.90,true,1,
7290002759393,false,סופגניות מיני מארז 8 יח',גידרון,IL,סופגניות מיני 8י,יחידה,1.00,יחידה,false,0,19.90,19.90,true,1,
7290002759409,false,סופגניה מיני מצופה 8יח',גידרון,IL,סופג.מיני מצופה8,יחידה,1.00,יחידה,false,0,32.90,32.90,true,1,
7290002759478,false,מארז חצי ג'בטה 4יח,גידרון,IL,חצי ג'בטה לבן 4י,יחידה,1.00,יחידה,false,0,13.90,13.90,true,1,
7290002759522,false,מארז4 לחמניית חלה מתוקה,גידרון,,לחמנ.חלה מתוקה 4,יחידה,1.00,יחידה,false,0,13.90,13.90,true,1,
7290002766056,false,עגבניות שרי לב אדום יח',רון שרי,IL,עגבניה שרי תמר,גרמים,460.00,100 גרם,false,1,10.90,2.37,true,1,
7290002782759,false,קרם גוף מספר 2 פנינה רוזנבלום (340 מל),"פנינה רוזנבלום בע""מ",IL,קרם גוף פנינה,מיליליטרים,340.00,"100 מ""ל",false,0,26.90,7.91,true,1,
7290002787501,false,"פילה סלמון קפוא בד""צ עד""ח",סלאריס אי אס אבלורוגן,NO,פילה סלמון קפוא,קילוגרמים,0.00,"ק""ג",true,1,79.90,79.90,true,1,
<<<<<<< HEAD
7290002814078,false,סנט מוריץ נוזל לניקוי אמבט אנטרטיק 1ל',"קומפלקס כימיקלים בע""",IL,אנטרטיק לאמבט,ליטרים,1.00,ליטר,false,0,7.90,7.90,true,1,
7290002814290,false,קצף מרוכז blanco בניחוח לימון משמיד 99.9% חיידקים סנט מוריץ 1 ליטר,קומפלקס כימיקלים בעמ,IL,קצף אקונומיקה,ליטרים,1.00,ליטר,false,1,11.90,11.90,true,1,
7290002814528,false,נוזל לניקוי האסלה סנט מוריץ 1 ליטר,קומפלקס כימיקלים בעמ,IL,נוזל לאסלה מס' 1,ליטרים,1.00,ליטר,false,0,6.90,6.90,true,1,
7290002814610,false,סנט מוריץ מסיר שומנים מבושם שחור 1 ליטר,קומפלקס כימיקלים בעמ,IL,מסיר שומנים,ליטרים,1.00,ליטר,false,0,12.90,12.90,true,1,
7290002824183,false,"גבינה לבנה סקי 500 גרם 5% ""שטראוס"" -מוצר בפיקוח",מיוצר עי קונדיטוריית,IL,גבינת סקי 5%,גרמים,500.00,100 גרם,false,0,9.96,1.99,true,1,
7290002824466,false,יוגורט דנונה ביו לבן 0% שומן 200 גרם,"שטראוס בריאות בע""\מ",IL,יוגורט ביו 0%,גרמים,200.00,100 גרם,false,0,3.70,1.85,true,1,
7290002824640,false,"גבינת סקי 250 גרם 5% ""שטראוס"" -מוצר בפיקוח",מיוצר עי קונדיטוריית,IL,גבינת סקי 5%,גרמים,250.00,100 גרם,false,0,4.98,1.99,true,1,
7290002825722,false,סלט כרוב אדום אחלה 500 גרם,מיוצר עי קונדיטוריית,IL,סלט כרוב אחלה,גרמים,500.00,100 גרם,false,0,15.90,3.18,true,1,
=======
7290002814078,false,סנט מוריץ נוזל לניקוי אמבט אנטרטיק 1ל',קומפלקס כימיקלסבעמ ~~~,IL,אנטרטיק לאמבט,ליטרים,1.00,ליטר,false,0,7.90,7.90,true,1,
7290002814290,false,קצף מרוכז blanco בניחוח לימון משמיד 99.9% חיידקים סנט מוריץ 1 ליטר,קומפלקס כימיקלים בעמ,IL,קצף אקונומיקה,ליטרים,1.00,ליטר,false,1,11.90,11.90,true,1,
7290002814528,false,סנט מוריץ נוזל לאסלה No1 ירוק 1 ליטר,קומפלקס כימיקלסבעמ ~~~,IL,נוזל לאסלה מס' 1,ליטרים,1.00,ליטר,false,0,6.90,6.90,true,1,
7290002814610,false,סנט מוריץ מסיר שומנים מבושם שחור 1 ליטר,קומפלקס כימיקלים בעמ,IL,מסיר שומנים,ליטרים,1.00,ליטר,false,0,12.90,12.90,true,1,
7290002824183,false,"גבינה לבנה סקי 500 גרם 5% ""שטראוס"" -מוצר בפיקוח",שטראוס גרופ בעמ/מצונן,IL,גבינת סקי 5%,גרמים,500.00,100 גרם,false,0,9.96,1.99,true,1,
7290002824466,false,יוגורט דנונה ביו לבן 0% שומן 200 גרם,שטראוס גרופ בעמ/מצונן,IL,יוגורט ביו 0%,גרמים,200.00,100 גרם,false,0,3.70,1.85,true,1,
7290002824640,false,"גבינת סקי 250 גרם 5% ""שטראוס"" -מוצר בפיקוח",שטראוס גרופ בעמ/מצונן,IL,גבינת סקי 5%,גרמים,250.00,100 גרם,false,0,4.98,1.99,true,1,
7290002825722,false,כרוב אדום במיונז אחלה (500 גרם),שטראוס גרופ בעמ/מצונן,IL,סלט כרוב אחלה,גרמים,500.00,100 גרם,false,0,15.90,3.18,true,1,
>>>>>>> d048ac2f4f281c9d788043ab4e81b61b0dbe3743
7290002830245,false,פילה לברק קפוא במשקל,דלידג - נטו,IL,פילה לברק יפני,קילוגרמים,0.00,"ק""ג",true,1,54.90,54.90,true,1,
7290002862017,false,שום כתוש 250 הררית,"הררית מזון בע""מ",IL,שום כתוש,גרמים,250.00,100 גרם,false,0,14.90,5.96,true,1,
7290002862031,false,אריסה 250מתובלת הררית,"הררית מזון בע""מ",IL,אריסה חריפה,גרמים,250.00,100 גרם,false,0,14.90,5.96,true,1,
7290002862093,false,חזרת 250 גרם,"הררית מזון בע""מ",IL,חזרת,גרמים,250.00,100 גרם,false,0,14.90,5.96,true,1,
7290002862123,false,סחוג ירוק 150 גר הררית,"הררית מזון בע""מ",IL,סחוג ירוק,גרמים,150.00,100 גרם,false,0,11.90,7.93,true,1,
7290002862277,false,ממרח לימון 200 גרם,הררית מזון בעמ,IL,לימון כבוש,גרמים,200.00,100 גרם,false,0,16.90,8.45,true,1,
<<<<<<< HEAD
7290002868996,false,"קוטג' 5% שומן, רכיבים טבעיים, 250 גרם",קריות זול,IL,קוטג' 5% 250גרם,גרמים,250.00,100 גרם,false,0,5.70,2.28,true,1,
7290002871248,false,"בירה טובורג רד בקבוק 500 מ""ל חוזר",מבשלות בירה בינלאומיות ב,IL,בירה טובורג רד,מיליליטרים,500.00,"100 מ""ל",false,0,9.50,1.90,true,1,
7290002871361,false,"בירה קרלסברג בקבוק 500 מ""ל חוזר",מבשלות בירה בינלאומיות ב,IL,בירה קרלסברג,מיליליטרים,500.00,"100 מ""ל",false,0,9.60,1.92,true,1,
7290002881209,false,רסק תפוחי עץ דיאט 700 ג' תומר,KONSERVENFABRIEK BALTUSSEN,NL,"רסק תפו""ע",גרמים,720.00,100 גרם,false,0,11.90,1.65,true,1,
7290002881216,false,רסק תפוחי עץ לא ממותק תומר 700 גרם,KONSERVENFABRIEK BALTUSSEN,NL,"רסק תפו""ע דיאט",גרמים,720.00,100 גרם,false,0,11.90,1.65,true,1,
7290002881803,false,שמן קנולה מזוכך 1 ליטר,,BE,שמן קנולה מזוכך,ליטרים,1.00,ליטר,false,1,11.90,11.90,true,1,
7290002900313,false,פסטרמה ספרדיתטירת צבי,טירת- צבי,IL,פסטרמה ספרדית,קילוגרמים,0.00,"ק""ג",true,0,89.00,89.00,true,1,
7290002904694,false,"טיטניום דאודורנט ספריי לגברים 150 מ""ל","אמיליה קוסמטיקס בע""מ",IL,דאודורנט טיטניום,מיליליטרים,180.00,"100 מ""ל",false,0,16.90,9.39,true,1,
7290002927518,false,טבעות עגל ארוז קפוא קג,"זהר בשר עופות ובשר בע""\מ",IL,טבעות עגל קפוא,קילוגרמים,0.00,"ק""ג",true,1,49.90,49.90,true,1,
7290002929130,false,גבינת דנאבלו במשקל,מאמן,DK,גבינה דנאבלו 29%,קילוגרמים,0.00,"ק""ג",true,0,109.00,109.00,true,1,
7290002987963,false,"סלט חומוס אחלה 1 ק""ג",מיוצר עי קונדיטוריית,IL,"חומוס אחלה 1 ק""ג",קילוגרמים,1.00,"ק""ג",false,0,14.90,14.90,true,1,
7290003009640,false,מיץ תפוזים סחוט רכיבים טבעיים פריגת 1 ליטר,פריגת מצוננים,IL,מיץ תפוזים סחוט,ליטרים,1.00,ליטר,false,0,14.90,14.90,true,1,
7290003026036,false,"ד""ר פישר - קמיל בלו סנסיטיב אל סבון עדין לתינוק 1 ליטר",פישר מעבדות פרמצבטיות בע,IL,אל סבון קמיל בלו,ליטרים,1.00,ליטר,false,0,34.90,34.90,true,1,
7290003026227,false,"קמיל בלו שמפו לתינוק סנסיטיב אל דמע ד""ר פישר 1 ליטר",פישר מעבדות פרמצבטיות בע,IL,שמפו קמיל בלו,ליטרים,1.00,ליטר,false,0,34.90,34.90,true,1,
7290003026234,false,"ד""ר פישר - קמיל בלו תחליב לתינוק 500 מ""ל",פישר מעבדות פרמצבטיות בע,IL,קרם גוף לתינוק,גרמים,500.00,100 גרם,false,0,23.90,4.78,true,1,
7290003026319,false,"קמיל בלו משחת החתלה לתינוק ד""ר פישר 120 גרם",פישר מעבדות פרמצבטיות בע,IL,משחת החתלה סנסטי,גרמים,120.00,100 גרם,false,0,16.90,14.09,true,1,
7290003029181,false,משקה יטבתה שוקו' בקבוק 1ל מהדרין,שטראוס גרופ,IL,שוקו יטבתה,ליטרים,1.00,ליטר,false,0,12.00,12.00,true,1,
7290003029372,false,משקה חלב בטעם בננה יטבתה 1 ליטר,שטראוס גרופ,IL,משקה חלב בננה,ליטרים,1.00,ליטר,false,0,12.00,12.00,true,1,
7290003029389,false,"משקה חלב בננה פקק ספורט 250 מ""ל יוטבתה",שטראוס גרופ,IL,משקה בננה,מיליליטרים,250.00,"100 מ""ל",false,0,5.60,2.24,true,1,
7290003029433,false,"משקה יטבתה שוקו פקק 250 מ""ל מהדרין",שטראוס גרופ,IL,שוקו יטבתה,מיליליטרים,250.00,"100 מ""ל",false,0,5.60,2.24,true,1,
7290003029532,false,מוקה בבקבוק יטבתה 1 ליטר מהדרין,שטראוס גרופ,IL,מוקה יטבתה בקבוק,ליטרים,1.00,ליטר,false,0,12.00,12.00,true,1,
7290003029792,false,"משקה יטבתה שוקו שקיות מהדרין מארז 225X8מ""ל",שטראוס גרופ,IL,שקיות שוקו 8 יח',ליטרים,1.80,ליטר,false,0,19.90,11.06,true,1,
7290003029815,false,כד חלב 3% יטבתה 2 ליטר מהדרין,שטראוס גרופ,IL,חלב מועשר יטבתה,ליטרים,2.00,ליטר,false,0,15.60,7.80,true,1,
7290003029907,false,אייס קפה יטבתה 1 ליטר מהדרין,שטראוס גרופ,IL,אייס קפה יטבתה,ליטרים,1.00,ליטר,false,0,12.00,12.00,true,1,
7290003054657,false,חרדל ריין דיז'ון אקסטרה פורטה 370 גרם,מרום את קונפינו,FR,חרדל דיז'ון,גרמים,370.00,100 גרם,false,0,13.10,3.54,true,1,
=======
7290002868996,false,"קוטג' 5% שומן, רכיבים טבעיים, 250 גרם",החברה המרכזית טלהפצת משקאות בע,IL,קוטג' 5% 250גרם,גרמים,250.00,100 גרם,false,0,5.70,2.28,true,1,
7290002871248,false,"בירה טובורג רד בקבוק 500 מ""ל חוזר",החברה המרכזית להפצת משקאות בעמ,IL,בירה טובורג רד,מיליליטרים,500.00,"100 מ""ל",false,0,9.50,1.90,true,1,
7290002871361,false,"בירה קרלסברג בקבוק 500 מ""ל חוזר",החברה המרכזית להפצת משקאות בעמ,IL,בירה קרלסברג,מיליליטרים,500.00,"100 מ""ל",false,0,9.60,1.92,true,1,
7290002881209,false,רסק תפוחי עץ דיאט 700 ג' תומר,תומר יבוא ושיווק מוצרי מזון (1,NL,"רסק תפו""ע",גרמים,720.00,100 גרם,false,0,11.90,1.65,true,1,
7290002881216,false,רסק תפוחי עץ לא ממותק תומר 700 גרם,תומר ייבוא ושיווק מוצרי מזון [,NL,"רסק תפו""ע דיאט",גרמים,720.00,100 גרם,false,0,11.90,1.65,true,1,
7290002881803,false,שמן קנולה מזוכך 1 ליטר,,BE,שמן קנולה מזוכך,ליטרים,1.00,ליטר,false,1,11.90,11.90,true,1,
7290002900313,false,פסטרמה ספרדית טירת צבי,תנובה קפואים,IL,פסטרמה ספרדית,קילוגרמים,0.00,"ק""ג",true,0,89.00,89.00,true,1,
7290002904694,false,"טיטניום דאודורנט ספריי לגברים 150 מ""ל",החברה הדרומית לשיווק בעמ,IL,דאודורנט טיטניום,מיליליטרים,180.00,"100 מ""ל",false,0,16.90,9.39,true,1,
7290002927518,false,טבעות עגל ארוז קפוא קג,"זהר בשר עופות ובשר בע""\מ",IL,טבעות עגל קפוא,קילוגרמים,0.00,"ק""ג",true,1,49.90,49.90,true,1,
7290002929130,false,גבינת דנאבלו במשקל,מאמן,DK,גבינה דנאבלו 29%,קילוגרמים,0.00,"ק""ג",true,0,109.00,109.00,true,1,
7290002987963,false,"חומוס אחלה 1 ק""ג שטראוס",שטראוס גרופ בעמ/מצונן,IL,"חומוס אחלה 1 ק""ג",קילוגרמים,1.00,"ק""ג",false,0,14.90,14.90,true,1,
7290003009640,false,מיץ תפוזים סחוט רכיבים טבעיים פריגת 1 ליטר,החברה המרכזית טלהפצת משקאות בע,IL,מיץ תפוזים סחוט,ליטרים,1.00,ליטר,false,0,14.90,14.90,true,1,
7290003026036,false,"ד""ר פישר - קמיל בלו סנסיטיב אל סבון עדין לתינוק 1 ליטר","פישר תעשיות פרמצביטות בע""מ",IL,אל סבון קמיל בלו,ליטרים,1.00,ליטר,false,0,34.90,34.90,true,1,
7290003026227,false,"קמיל בלו שמפו לתינוק סנסיטיב אל דמע ד""ר פישר 1 ליטר","פישר תעשיות פרמצביטות בע""מ",IL,שמפו קמיל בלו,ליטרים,1.00,ליטר,false,0,34.90,34.90,true,1,
7290003026234,false,"ד""ר פישר - קמיל בלו תחליב לתינוק 500 מ""ל","פישר תעשיות פרמצבטיות בע""מ",IL,קרם גוף לתינוק,גרמים,500.00,100 גרם,false,0,23.90,4.78,true,1,
7290003026319,false,"קמיל בלו משחת החתלה לתינוק ד""ר פישר 120 גרם","פישר תעשיות פרמצביטות בע""מ",IL,משחת החתלה סנסטי,גרמים,120.00,100 גרם,false,0,16.90,14.09,true,1,
7290003029181,false,משקה יטבתה שוקו' בקבוק 1ל מהדרין,שטראוס גרופ בעמ/מצונן,IL,שוקו יטבתה,ליטרים,1.00,ליטר,false,0,12.00,12.00,true,1,
7290003029372,false,יטבתה משקה בטעם בננה %3 בקבוק 1 ליטר,שטראוס גרופ בעמ/מצונן,IL,משקה חלב בננה,ליטרים,1.00,ליטר,false,0,12.00,12.00,true,1,
7290003029389,false,"משקה חלב בננה פקק ספורט 250 מ""ל יוטבתה",שטראוס גרופ בעמ/מצונן,IL,משקה בננה,מיליליטרים,250.00,"100 מ""ל",false,0,5.60,2.24,true,1,
7290003029433,false,"משקה יטבתה שוקו פקק 250 מ""ל מהדרין",שטראוס גרופ בעמ/מצונן,IL,שוקו יטבתה,מיליליטרים,250.00,"100 מ""ל",false,0,5.60,2.24,true,1,
7290003029532,false,מוקה בבקבוק יטבתה 1 ליטר מהדרין,שטראוס גרופ בעמ/מצונן,IL,מוקה יטבתה בקבוק,ליטרים,1.00,ליטר,false,0,12.00,12.00,true,1,
7290003029792,false,"משקה יטבתה שוקו שקיות מהדרין מארז 225X8מ""ל",שטראוס גרופ בעמ/מצונן,IL,שקיות שוקו 8 יח',ליטרים,1.80,ליטר,false,0,19.90,11.06,true,1,
7290003029815,false,כד חלב 3% יטבתה 2 ליטר מהדרין,שטראוס גרופ בעמ/מצונן,IL,חלב מועשר יטבתה,ליטרים,2.00,ליטר,false,0,15.60,7.80,true,1,
7290003029907,false,משקה חלב אייס קפה 2% יטבתה (1 ליטר,שטראוס גרופ בעמ/מצונן,IL,אייס קפה יטבתה,ליטרים,1.00,ליטר,false,0,12.00,12.00,true,1,
7290003054657,false,חרדל ריין דיז'ון אקסטרה פורטה 370 גרם,דיפלומט מפיצים (1968) בעמ**,FR,חרדל דיז'ון,גרמים,370.00,100 גרם,false,0,13.10,3.54,true,1,
>>>>>>> d048ac2f4f281c9d788043ab4e81b61b0dbe3743
7290003069590,false,"פילה פוטית עם עור קפוא דלידג 1 ק""ג",דאליאן גואופו אקאטיק,CN,פילה סול קפוא,גרמים,1000.00,100 גרם,false,0,30.90,3.09,true,1,
7290003070084,false,טחינה שומשום מלא,,,טחינה שומשום מלא,גרמים,350.00,100 גרם,false,0,23.80,6.80,true,1,
7290003107216,false,קמח לבן בהיר 1 קג דגן מוביל,טחנות קמח דגן (2006) בעמ,IL,קמח לבן,קילוגרמים,1.00,"ק""ג",false,0,6.70,6.70,true,1,
7290003107223,false,טחנת קמח דגן סולת 1קג,טחנות קמח דגן (2006) בעמ,IL,סולת,קילוגרמים,1.00,"ק""ג",false,0,6.90,6.90,true,1,
7290003107247,false,שמרים יבשים אינסטנט33גרם,אבאל יזמות בעמ,IL,שמרים יבשים,גרמים,33.00,100 גרם,false,0,6.90,20.91,true,1,
7290003158591,false,מארז4יח לחמניית חלה קלה,גידרון,,לחמניה חלה קלה 4,יחידה,1.00,יחידה,false,0,13.90,13.90,true,1,
7290003185719,false,קבב רומני טיבון ויל 500 גרם,טיבון ויל אחזקות בעמ,IL,קבב רומני,גרמים,500.00,100 גרם,false,0,21.90,4.38,true,1,
7290003187843,false,עגל טחון טיבון ויל 500 גרם,טיבון ויל אחזקות בעמ,IL,טחון עגל 100%,גרמים,500.00,100 גרם,false,0,32.50,6.50,true,1,
7290003189045,false,צהובה הולנדית מחיר לפי מ,צי תעשיות מזון יבנה,IL,צהובה הולנדית,קילוגרמים,0.00,"ק""ג",true,0,40.00,40.00,true,1,
7290003189076,false,פיצרלה הצהובה הטובה מגורדת 22% כפיר 500 גרם,צי תעשיות מזון יבנה,IL,פיצרלה מגורדת,גרמים,500.00,100 גרם,false,0,21.90,4.38,true,1,
7290003189267,false,הצהובה הטובה לייט קלאסית 5% כפיר 200 גרם,צי תעשיות מזון יבנה,IL,הצהובה טובה לייט,גרמים,200.00,100 גרם,false,0,15.80,7.90,true,1,
7290003189274,false,בנוסח מעושנת גליל26%משקל,צי תעשיות מזון יבנה,IL,צהובה מעושנת,קילוגרמים,0.00,"ק""ג",true,0,46.00,46.00,true,1,
7290003208586,false,"וורמוט מרטיני לבן 750 מ""ל",מרטיני ורוסי,IT,מרטיני ביאנקו,מיליליטרים,750.00,"100 מ""ל",false,0,54.90,7.32,true,1,
7290003220526,false,"רוטב צ'ילי חריף 700 מ""ל WOK",תאי פרידה אינדסטרי,TH,רוטב צ'ילי חריף,מיליליטרים,700.00,"100 מ""ל",false,0,13.90,1.99,true,1,
7290003220595,false,"ווק אורז לסושי 1 ק""ג WOK","מיה תעשיות מזון בע""מ",IL,אורז לסושי,קילוגרמים,1.00,"ק""ג",false,0,13.90,13.90,true,1,
7290003220649,false,שמן שומשום 100% טהור150מ,הו צ'קינג הינג אוי פ,SG,שמן שומשום,מיליליטרים,150.00,"100 מ""ל",false,1,14.90,9.93,true,1,
7290003224845,false,"כיסונים תפו""א ופטריות VEGAN 800 גרם","מאמא מרי בע""\מ",IL,"כיסונים תפו""א ופ",גרמים,800.00,100 גרם,false,1,21.90,2.74,true,1,
<<<<<<< HEAD
7290003229116,false,פסטרמה הודו בדבש שומן טירת צבי 400 גרם,הנסיך- מפעל לייצור ט,IL,פסטרמה הודו בדבש,גרמים,400.00,100 גרם,false,0,27.90,6.98,true,1,
7290003229147,false,נקניק סלמי איטלקי מעושן טירת צבי 300 גרם,הנסיך- מפעל לייצור ט,IL,סלמי איטלקי,גרמים,300.00,100 גרם,false,0,28.90,9.64,true,1,
7290003229154,false,נקניק סלמי קוניאק טירת צבי 300 גרם,הנסיך- מפעל לייצור ט,IL,סלמי קוניאק,גרמים,300.00,100 גרם,false,0,28.90,9.63,true,1,
7290003229192,false,נקניק כתף בקר מעושן 2% טירת צבי 400 גרם,טיב טירת צבי 2000,IL,פסטרמה כתף בקר,גרמים,400.00,100 גרם,false,0,31.90,7.98,true,1,
7290003229222,false,נקניק סלמי תה טירת צבי 300 גרם,הנסיך- מפעל לייצור ט,IL,סלמי תה משובח,גרמים,300.00,100 גרם,false,0,22.90,7.64,true,1,
7290003321155,false,יוגורט בר עם פקאן מצופה שוקולד 183 ג' דנונה,"שטראוס בריאות בע""\מ",IL,דנונה בר פקאן,גרמים,183.00,100 גרם,false,0,4.80,2.62,true,1,
7290003332007,false,קפה שחור עם הל 250 גרם,סובחי נחלה ובניו,IL,קפה שחור,גרמים,250.00,100 גרם,false,0,15.50,6.20,true,1,
7290003387205,false,ספיד סטיק - דאודורנט סטיק לגבר רגולר,הנסיך- מפעל לייצור ט,US,דאודורנט סטיק,גרמים,56.00,100 גרם,false,0,17.90,31.97,true,1,
7290003411238,false,שמרים יבשים נמסים הנ,ברוגמאן גנט,BE,שמרים יבשים,גרמים,500.00,100 גרם,false,0,15.90,3.18,true,1,
=======
7290003229116,false,פסטרמה הודו בדבש שומן טירת צבי 400 גרם,תנובה מרכז שיתופי לשיווק תוצרת,IL,פסטרמה הודו בדבש,גרמים,400.00,100 גרם,false,0,27.90,6.98,true,1,
7290003229147,false,נקניק סלמי איטלקי מעושן טירת צבי 300 גרם,תנובה מרכז שיתופי לשיווק תוצרת,IL,סלמי איטלקי,גרמים,300.00,100 גרם,false,0,28.90,9.64,true,1,
7290003229154,false,נקניק סלמי קוניאק טירת צבי 300 גרם,תנובה מרכז שיתופי לשיווק תוצרת,IL,סלמי קוניאק,גרמים,300.00,100 גרם,false,0,28.90,9.63,true,1,
7290003229192,false,נקניק כתף בקר מעושן 2% טירת צבי 400 גרם,תנובה מרכז שיתופי לשיווק תוצרת,IL,פסטרמה כתף בקר,גרמים,400.00,100 גרם,false,0,31.90,7.98,true,1,
7290003229222,false,נקניק סלמי תה טירת צבי 300 גרם,תנובה מרכז שיתופי לשיווק תוצרת,IL,סלמי תה משובח,גרמים,300.00,100 גרם,false,0,22.90,7.64,true,1,
7290003321155,false,יוגורט בר עם פקאן מצופה שוקולד 183 ג' דנונה,שטראוס גרופ בעמ/מצונן,IL,דנונה בר פקאן,גרמים,183.00,100 גרם,false,0,4.80,2.62,true,1,
7290003332007,false,קפה שחור עם הל נח`לה אדום (250 גרם),סובחי נחלה ובניו בעמ,IL,קפה שחור,גרמים,250.00,100 גרם,false,0,15.50,6.20,true,1,
7290003387205,false,ספיד סטיק - דאודורנט סטיק לגבר רגולר,הנסיך- מפעל לייצור ט,US,דאודורנט סטיק,גרמים,56.00,100 גרם,false,0,17.90,31.97,true,1,
7290003411238,false,שמרים יבשים נמסים הנ,הנמל אריזות ושיווק (1984) בעמ,BE,שמרים יבשים,גרמים,500.00,100 גרם,false,0,15.90,3.18,true,1,
>>>>>>> d048ac2f4f281c9d788043ab4e81b61b0dbe3743
7290003411313,false,מפת אל בד מעורב צבעים 120X180 הנמל משובחת,שיווק: הנמל אריזות ו,IL,מפה רב פעמית 0,יחידה,1.00,יחידה,false,0,8.90,8.90,true,1,
7290003411993,false,גפרורים הנמל 10 יחידות,הנמל אריזות ושיווק (1984) בעמ,SE,גפרורים,יחידה,1.00,יחידה,false,0,3.70,3.70,true,1,
7290003423909,false,חטיף קוקיס אנד קרים לבן 43 גרם,ליימן מותגים,US,חטיף שוקולד לבן,גרמים,43.00,100 גרם,false,0,4.90,11.40,true,1,
7290003427154,false,"שמן זית כתית מעולה טעם מעודן זיתא 750 מ""ל",תה ויסוצקי (ישראל) בעמ,IL,שמן זית כתית,מיליליטרים,750.00,"100 מ""ל",false,0,35.90,4.79,true,1,
7290003438006,false,ממרח אולביה פסטו וצנובר איטלקי 190ג',תה ויסוצקי (ישראל) בעמ,IL,רוטב פסטו,גרמים,180.00,100 גרם,false,0,14.50,8.06,true,1,
7290003438013,false,7290003אוליביה ממרח זיתים ירוקים 190 גרם,תה ויסוצקי (ישראל) בעמ,IL,ממרח זיתים,גרמים,190.00,100 גרם,false,0,14.50,7.63,true,1,
7290003438020,false,אוליביה ממרח עגבניות מיובשות (190 גרם),תה ויסוצקי (ישראל) בעמ,IL,ממרח עגבניות,גרמים,190.00,100 גרם,false,0,14.50,7.63,true,1,
7290003438709,false,ממרח אולביה זיתים שחורים וירוקים 190 ג',תה ויסוצקי (ישראל) בעמ,IL,ממרח זיתים,גרמים,190.00,100 גרם,false,0,14.50,7.63,true,1,
7290003438853,false,אוליביה ממרח אריסה חריפה 185 גר ',תה ויסוצקי (ישראל) בעמ,IL,אריסה חריפה,גרמים,185.00,100 גרם,false,1,14.50,7.84,true,1,
7290003438990,false,עיטורי עגבניות מיובשות וזיתים אוליביה 280 ג',תה ויסוצקי (ישראל) בעמ,IL,עגבניות מיובשות,גרמים,280.00,100 גרם,false,0,19.90,7.11,true,1,
7290003444009,false,הרשי ריזס חטיף במילוי בוטנים 42 גרם,ליימן מותגים,US,חטיף שוקולד חלב,גרמים,42.00,100 גרם,false,0,3.90,9.29,true,1,
7290003450602,false,חרדל אמיתי צהוב בקבוק לחיץ 255 גר,היינץ צפון אמריקה מקבוצת ה.י.היינץ,US,ממרח חרדל צהוב,גרמים,255.00,100 גרם,false,0,10.90,4.27,true,1,
7290003457991,false,טילון קורנטו וניל עם וופל ואגוזי לוז מסוכרים,"גלידת שטראוס בע""\מ, רחוב",IL,חטיפי קורנטו,גרמים,300.00,100 גרם,false,0,34.90,11.63,true,1,
7290003495023,false,מאפה שקדים חלבי אישי,"גידרון תעשיות בע""מ",IL,מאפה שקדים חלבי,יחידה,1.00,יחידה,false,0,8.50,8.50,true,1,
7290003495078,false,מארז4 בייגל אמריקאי כפרי,"גידרון תעשיות בע""מ",IL,4 בייגלה כפרי,יחידה,1.00,יחידה,false,0,13.90,13.90,true,1,
7290003495825,false,בייגלה טוסט לבן,,IL,בייגלה טוסט לבן,יחידה,1.00,יחידה,false,0,13.90,13.90,true,1,
<<<<<<< HEAD
7290003521081,false,"סרקל שמפו אל דמע לילדים ד""ר פישר 1 ליטר",פישר מעבדות פרמצבטיות בע,IL,סרקל שמפו לילדים,ליטרים,1.00,ליטר,false,0,31.90,31.90,true,1,
7290003525478,false,סלט טונה ויליגר 160 גרם,"ויליגר, תעשיות בע""מ",IL,סלט טונה,גרמים,160.00,100 גרם,false,0,6.30,3.94,true,1,
7290003643004,false,"סוגת אורז בסמטי קלאסי 1 ק""ג",האי נאם סי או אל.טי.,IL,אורז בסמטי קלאסי,קילוגרמים,1.00,"ק""ג",false,0,14.90,14.90,true,1,
7290003643646,false,"סוכר דמררה קלאסי בצנצנת סוגת 1 ק""ג",האי נאם סי או אל.טי.,IL,סוכר דמררה,קילוגרמים,1.00,"ק""ג",false,0,14.20,14.20,true,1,
7290003643684,false,אפונה יבשה סוגת 500 גר',האי נאם סי או אל.טי.,IL,אפונה 500 גרם,גרמים,500.00,100 גרם,false,0,6.80,1.36,true,1,
7290003643714,false,חומוס גרגירים 500 גרם סוגת,האי נאם סי או אל.טי.,IL,חומוס,גרמים,500.00,100 גרם,false,0,8.90,1.78,true,1,
7290003643738,false,סוגת חיטה 500 גרם,האי נאם סי או אל.טי.,IL,חיטה 500 גרם,גרמים,500.00,100 גרם,false,0,6.80,1.36,true,1,
7290003643745,false,סוגת כוסמת 500 גרם,האי נאם סי או אל.טי.,IL,כוסמת,גרמים,500.00,100 גרם,false,0,7.90,1.58,true,1,
=======
7290003521081,false,"סרקל שמפו אל דמע לילדים ד""ר פישר 1 ליטר","פישר תעשיות פרמצביטות בע""מ",IL,סרקל שמפו לילדים,ליטרים,1.00,ליטר,false,0,31.90,31.90,true,1,
7290003525478,false,סלט טונה ויליגר 160 גרם,נטו מילנדה סחר בעמ*,IL,סלט טונה,גרמים,160.00,100 גרם,false,0,6.30,3.94,true,1,
7290003643004,false,אורז בסמטי קלאסי סוגת (1 קג),האי נאם סי או אל.טי.,IL,אורז בסמטי קלאסי,קילוגרמים,1.00,"ק""ג",false,0,14.90,14.90,true,1,
7290003643646,false,"סוכר דמררה קלאסי בצנצנת סוגת 1 ק""ג",האי נאם סי או אל.טי.,IL,סוכר דמררה,קילוגרמים,1.00,"ק""ג",false,0,14.20,14.20,true,1,
7290003643684,false,אפונה יבשה סוגת 500 גר',האי נאם סי או אל.טי.,IL,אפונה 500 גרם,גרמים,500.00,100 גרם,false,0,6.80,1.36,true,1,
7290003643714,false,חומוס גרגירים 500 גרם סוגת,האי נאם סי או אל.טי.,IL,חומוס,גרמים,500.00,100 גרם,false,0,8.90,1.78,true,1,
7290003643738,false,חיטה סוגת (500 גרם),האי נאם סי או אל.טי.,IL,חיטה 500 גרם,גרמים,500.00,100 גרם,false,0,6.80,1.36,true,1,
7290003643745,false,כוסמת סוגת (500 גרם),האי נאם סי או אל.טי.,IL,כוסמת,גרמים,500.00,100 גרם,false,0,7.90,1.58,true,1,
>>>>>>> d048ac2f4f281c9d788043ab4e81b61b0dbe3743
7290003643752,false,עדשים ירוקים יבש סוגת 500 גר',האי נאם סי או אל.טי.,IL,עדשים ירוקות,גרמים,500.00,100 גרם,false,0,8.50,1.70,true,1,
7290003643820,false,חומוס ענק יבש סוגת 500 גרם,"סוגת תעשיות בע""\מ",IL,חומוס ענק,גרמים,500.00,100 גרם,false,0,10.90,2.18,true,1,
7290003726110,false,טופו אורגני בוואקום,Unknown,IL,טופו אורגני,גרמים,300.00,100 גרם,false,0,14.50,4.83,true,1,
7290003726332,false,עוגיות תמר וטופו 500 גרם,קינג דיויד,IL,עוגיות תמר וטופו,גרמים,500.00,100 גרם,false,0,27.90,5.58,true,1,
7290003726615,false,"טופו ויילר 300 גרם ""שטראוס""",שטראוס גרופ בעמ/מצונן,IL,טופו ויילר,גרמים,300.00,100 גרם,false,1,13.00,4.33,true,1,
7290003726622,false,טופו פיקנטי 300 ג' משק ויילר,שטראוס גרופ בעמ/מצונן,IL,טופו קשה פיקנטי,גרמים,300.00,100 גרם,false,1,14.90,4.97,true,1,
7290003726868,false,טופו חומוס בתוספת עגבניות מיובשות 300 ג' משק ויילר,שטראוס גרופ בעמ/מצונן,IL,טופו חומוס,גרמים,300.00,100 גרם,false,1,12.90,4.30,true,1,
7290003726875,false,טופו חומוס בתוספת פסטו ויילר 300 גרם,שטראוס גרופ בעמ/מצונן,IL,טופו חומוס פסטו,גרמים,300.00,100 גרם,false,1,12.90,4.30,true,1,
7290003744428,false,אובלטים מלוחים דקדקים קימל ברט (300 גרם),שוקוטרייד בעמ,IL,אובלטים מלוחים,גרמים,300.00,100 גרם,false,0,12.50,4.17,true,1,
7290003796946,false,פ.מדומה מס' 6 מוכשר קפוא,לחוביץ,XX,פ.מדומה מוכשר,קילוגרמים,0.00,"ק""ג",true,0,44.90,44.90,true,1,
<<<<<<< HEAD
7290003804252,false,תיבולית קנור בנוסח הודי 72 גרם,יוניליוור ישראל מזון בע\,IL,תיבוליות קנור,גרמים,72.00,100 גרם,false,0,10.40,14.44,true,1,
7290003805501,false,"פתית בסגנון שוודי תלמה בד""צ 300 גרם",יוניליוור ישראל מזון בע\,IL,פתית קרקר שוודי,גרמים,300.00,100 גרם,false,0,18.70,6.23,true,1,
7290003807178,false,"רוטב קנור סויה בסגנון סיני 300 מ""ל",יוניליוור ישראל מזון בע\,IL,רוטב סויה,מיליליטרים,300.00,"100 מ""ל",false,0,12.50,4.17,true,1,
7290003864478,false,סרדינים בשמן צמחי פתח קל ויליפוד 110 גרם,גולדן פרייז קאנינג א,TH,סרדין בשמן סויה,גרמים,110.00,100 גרם,false,0,6.30,5.73,true,1,
7290003864492,false,סרדינים בשמן צמחי חריף פתח קל ויליפוד 110ג',גולדן פרייז קאנינג א,TH,סרדין פיקנטי,גרמים,110.00,100 גרם,false,0,6.30,5.73,true,1,
7290003882922,false,עלי גפן ממולאים באורז וילי פוד 360 גרם,הזה פלאקספו פוד קו ב,CN,עלי גפן ממולאים,גרמים,400.00,100 גרם,false,0,9.90,2.48,true,1,
7290003989096,false,סלט חצילים פיקנטי אחלה 500 גרם,מיוצר עי קונדיטוריית,IL,חציל פיקנטי אחלה,גרמים,500.00,100 גרם,false,0,15.90,3.18,true,1,
7290003989539,false,לורנצו רביולי במילוי גבינה,מיוצר עי קונדיטוריית,IL,רביולי גבינה,גרמים,400.00,100 גרם,false,0,21.70,5.43,true,1,
7290003989553,false,פסטה טורטליני גבינה ופטריות 400 גרם,מיוצר עי קונדיטוריית,IL,טורטליני פטריות,גרמים,400.00,100 גרם,false,0,21.70,5.43,true,1,
7290004011284,false,ריצ בסיס להכנת קצפת 25% 212מל,ריצ' פרודקטס קורפריי,US,ריצ' להכנת קצפת,מיליליטרים,212.00,"100 מ""ל",false,0,9.30,4.39,true,1,
7290004011338,false,"ספריי קצפת מתוקה מוכנה ריץ' 250 מ""ל",האי נאם סי או אל.טי.,IT,קצפת ריצ' במיכל,מיליליטרים,250.00,"100 מ""ל",false,0,12.90,5.16,true,1,
7290004023041,false,"לחם שיפון ללא שמרים ד""ר מרק 750 גר'",המאפה של דר מרק בריא,IL,לחם מחמצת שיפון,גרמים,750.00,100 גרם,false,0,15.20,2.03,true,1,
7290004030100,false,מיץ תפוזים ולנסיה סחוט 1 ליטר100%,פרי ניב,IL,מיץ תפוזי ולנסיה,ליטרים,1.00,ליטר,false,1,16.80,16.80,true,1,
=======
7290003804252,false,תיבוליות לאורז בנוסח הודי קנור 80גרם,יוניליוור ישראל שיווק בע`מ,IL,תיבוליות קנור,גרמים,72.00,100 גרם,false,0,10.40,14.44,true,1,
7290003805501,false,"פתית בסגנון שוודי תלמה בד""צ 300 גרם",יוניליוור ישראל שיווק בע`מ,IL,פתית קרקר שוודי,גרמים,300.00,100 גרם,false,0,18.70,6.23,true,1,
7290003807178,false,"רוטב קנור סויה בסגנון סיני 300 מ""ל",יוניליוור ישראל שיווק בע`מ,IL,רוטב סויה,מיליליטרים,300.00,"100 מ""ל",false,0,12.50,4.17,true,1,
7290003864478,false,סרדינים בשמן צמחי פתח קל ויליפוד 110 גרם,ג.וילי-פוד אינטרנשיונל בעמ,TH,סרדין בשמן סויה,גרמים,110.00,100 גרם,false,0,6.30,5.73,true,1,
7290003864492,false,סרדינים בשמן צמחי חריף פתח קל ויליפוד 110ג',ג. וילי-פוד אינטרנשיונל בע`מ,TH,סרדין פיקנטי,גרמים,110.00,100 גרם,false,0,6.30,5.73,true,1,
7290003882922,false,עלי גפן ממולאים באורז וילי פוד 360 גרם,ג. וילי-פוד אינטרנשיונל בע`מ,CN,עלי גפן ממולאים,גרמים,400.00,100 גרם,false,0,9.90,2.48,true,1,
7290003989096,false,סלט חצילים פיקנטי אחלה 500 גרם,שטראוס גרופ בעמ/מצונן,IL,חציל פיקנטי אחלה,גרמים,500.00,100 גרם,false,0,15.90,3.18,true,1,
7290003989539,false,רביולי עם גבינה שטראוס (400 גרם),שטראוס גרופ בעמ/מצונן,IL,רביולי גבינה,גרמים,400.00,100 גרם,false,0,21.70,5.43,true,1,
7290003989553,false,פסטה טורטליני גבינה ופטריות 400 גרם,שטראוס גרופ בעמ/מצונן,IL,טורטליני פטריות,גרמים,400.00,100 גרם,false,0,21.70,5.43,true,1,
7290004011284,false,בסיס להכנת קצפת צמחי ריץ` (212 מל),ריצ' פרודקטס קורפריי,US,ריצ' להכנת קצפת,מיליליטרים,212.00,"100 מ""ל",false,0,9.30,4.39,true,1,
7290004011338,false,קצפת מתוקה מוכנה ספריי ריץ` (250 מל),נטו מלינדה סחר בע`מ,IT,קצפת ריצ' במיכל,מיליליטרים,250.00,"100 מ""ל",false,0,12.90,5.16,true,1,
7290004023041,false,"לחם שיפון ללא שמרים ד""ר מרק 750 גר'",המאפה של דר מרק בריאות באפייה,IL,לחם מחמצת שיפון,גרמים,750.00,100 גרם,false,0,15.20,2.03,true,1,
7290004030100,false,מיץ תפוזים ולנסיה סחוט 100% 1 ליטר,תנובה - פריניב,IL,מיץ תפוזי ולנסיה,ליטרים,1.00,ליטר,false,1,16.80,16.80,true,1,
>>>>>>> d048ac2f4f281c9d788043ab4e81b61b0dbe3743
7290004030445,false,מיץ תפוזים סחוט רכיבים טבעיים 1 ליטר פרי ניב,הנסיך- מפעל לייצור ט,IL,מיץ תפוזים סחוט,ליטרים,1.00,ליטר,false,0,15.80,15.80,true,1,
7290004030834,false,מיץ רימונים סחוט 100% רכיבים טבעיים פרי ניב 1 ליטר,תנובה - פריניב,IL,מיץ רימונים,ליטרים,1.00,ליטר,false,0,25.30,25.30,true,1,
7290004033705,false,הבורגריה – 6 לחמניות המבורגר בשקית,מאפית י את א ברמן בע,IL,לחמניות 6 יח',גרמים,600.00,100 גרם,false,1,14.90,2.48,true,1,
7290004033712,false,לחם עננים מקמח מלא עם פרוסות עבות,מאפית י את א ברמן בע,IL,לחם מקמח מלא,גרמים,750.00,100 גרם,false,1,16.50,2.20,true,1,
7290004033736,false,"עננים לחם לבן בסגנון בריוש עם פרוסות עבות, 500 גרם",מאפית י את א ברמן בע,IL,לחם עננים בריוש,גרמים,500.00,100 גרם,false,1,16.50,3.30,true,1,
7290004033804,false,לחם פרוס בסגנון כפרי ללא גלוטן 320 גרם,מאפית י את א ברמן בע,IL,"לחם כפרי לל""ג",גרמים,320.00,100 גרם,false,1,18.90,5.91,true,1,
7290004033835,false,לחמניות לבנות ללא גלוטן 200 גרם,מאפית י את א ברמן בע,IL,"לחמניות לל""ג",גרמים,200.00,100 גרם,false,1,17.90,8.95,true,1,
7290004043108,false,עדשי מ&מ'ס שוקולד 89 גרם,מרס,US,עדשי מ&מ'ס,גרמים,89.00,100 גרם,false,1,7.50,8.43,true,1,
7290004064099,false,מטחנה מלח ים מהרי ההימלאיה מלח הארץ 100 גרם,"חברת מלח הארץ אילת בע""\מ",IL,מטחנה מלח,גרמים,250.00,100 גרם,false,1,17.90,7.16,true,1,
7290004064297,false,"מלח מועשר ביוד בצנצנת מלח הארץ 1 ק""ג","חברת מלח הארץ אילת בע""\מ",IL,מלח מועשר ביוד,קילוגרמים,1.00,"ק""ג",false,1,9.90,9.90,true,1,
7290004064358,false,"מלח דק זורם בקלות מלח הארץ קרטון 1 ק""ג","חברת מלח הארץ אילת בע""\מ",IL,מלח דק,קילוגרמים,1.00,"ק""ג",false,1,5.50,5.50,true,1,
7290004067656,false,מעדן פירות יער 100% פרי ל.ת.סוכר בית יצחק 284ג',בית יצחק,IL,מעדן פירות יער,גרמים,284.00,100 גרם,false,1,17.90,6.30,true,1,
7290004068028,false,"יוגורט צזיקי לשתיה 3.5% 500 מ""ל רובין",מחלבות גד שיווק 1992 בעמ,IL,ציזיקי לשתיה,מיליליטרים,500.00,"100 מ""ל",false,0,10.20,2.04,true,1,
7290004068035,false,"איירן יוגורט לשתייה 3% גד 500 מ""ל",מחלבות גד שיווק 1992 בעמ,IL,אירן משקה יוגורט,מיליליטרים,500.00,"100 מ""ל",false,0,9.20,1.84,true,1,
7290004068172,false,"יוגורט עיזים בדלי 5% 600 מ""ל רובין",מחלבות גד שיווק 1992 בעמ,IL,יוגורט עזים בדלי,גרמים,600.00,100 גרם,false,0,18.30,3.05,true,1,
7290004068912,false,גרנה פדנו משולש במשקל,מחלבות גד,IL,גרנה פדנו מעדניה,קילוגרמים,0.00,"ק""ג",true,1,129.00,129.00,true,1,
<<<<<<< HEAD
7290004119225,false,יופלה יוגורט אננס %3 גביע 150 גרם,תנובה מרכז שיתופי לש,IL,יופלה אננס 3%,גרמים,150.00,100 גרם,false,0,5.20,3.47,true,1,
7290004119928,false,מעדן חלב בטעם וניל 2% קרלו תנובה 125 גרם,מחלבת אלון תבור,IL,מעדן קרלו וניל3%,גרמים,125.00,100 גרם,false,0,3.00,2.40,true,1,
7290004120061,false,מעדן חלב בטעם שוקו וניל שוניל 2% קרלו 125 גרם,תנובה מרכז שיתופי לש,IL,מעדן קרלו שוניל,גרמים,125.00,100 גרם,false,0,3.10,2.48,true,1,
7290004120108,false,יופלה דיאט יוגורט דובדבן %0 גביע 150גרם,תנובה מרכז שיתופי לש,IL,יופלה דיאט 0%,גרמים,150.00,100 גרם,false,0,5.20,3.47,true,1,
7290004120566,false,פיראוס 24% גבינה בולגרית 250 גרם,תנובה חלב,IL,גבינה בולגרית24%,גרמים,250.00,100 גרם,false,0,25.00,10.00,true,1,
7290004120573,false,פיראוס 16% גבינה בולגרית 250 גרם,תנובה מרכז שיתופי לש,IL,גבינה בולגרית16%,גרמים,250.00,100 גרם,false,0,25.00,10.00,true,1,
7290004120634,false,גבינה פיראוס בולגרית 5% 250 גרם,תנובה מרכז שיתופי לש,IL,גבינה בולגרית5%,גרמים,250.00,100 גרם,false,0,24.90,9.96,true,1,
7290004120832,false,"חלב 2 ליטר 3% כד ""תנובה""- מוצר בפיקוח",תנובה מרכז שיתופי לש,IL,חלב שתיה 3%,ליטרים,2.00,ליטר,false,0,12.46,6.23,true,1,
7290004121525,false,יופלה מאגדת פרי 4 תות 4 אפרסק 3% 8 יח'*150 ג',תנובה מרכז שיתופי לש,IL,יופלה 3% 8 יח',קילוגרמים,1.20,"ק""ג",false,0,32.30,26.92,true,1,
7290004121839,false,גבינת פטה כבשים 20% פיראוס 250 גרם,תנובה מרכז שיתופי לש,IL,פטה כבשים פיראוס,גרמים,250.00,100 גרם,false,0,30.00,12.00,true,1,
7290004121853,false,גבינה בולגרית פיראוס 5% קוביות 200 גרם,תנובה מרכז שיתופי לש,IL,קוביות בולגרית5%,גרמים,200.00,100 גרם,false,0,22.80,11.40,true,1,
7290004122119,false,פתיתי פרמזן לפסטה 23% השף הלבן 100 גרם,פ.פ.ח. שאביט,IL,פתיתי פרמזן,גרמים,100.00,100 גרם,false,0,13.90,13.90,true,1,
7290004122195,false,גוש חלב גבינה צהובה פרוסה 28% תנובה 200 גרם,תנובה חלב,IL,גבינה גוש חלב,גרמים,200.00,100 גרם,false,0,14.90,7.45,true,1,
7290004122348,false,גבינת עמק לייט פרוס בקופסא 200 גרם,תנובה מרכז שיתופי לש,IL,גבינת עמק 9%,גרמים,200.00,100 גרם,false,0,16.90,8.45,true,1,
=======
7290004119225,false,יופלה יוגורט בטעם אננס %3 150 גרם,תנובה מרכז שיתופי לש,IL,יופלה אננס 3%,גרמים,150.00,100 גרם,false,0,5.20,3.47,true,1,
7290004119928,false,מעדן חלב בטעם וניל 2% קרלו תנובה 125 גרם,מחלבת אלון תבור,IL,מעדן קרלו וניל3%,גרמים,125.00,100 גרם,false,0,3.00,2.40,true,1,
7290004120061,false,מעדן חלב בטעם שוקו וניל שוניל 2% קרלו 125 גרם,תנובה מרכז שיתופי לש,IL,מעדן קרלו שוניל,גרמים,125.00,100 גרם,false,0,3.10,2.48,true,1,
7290004120108,false,יופלה דיאט יוגורט דובדבן %0 גביע 150גרם,תנובה מרכז שיתופי לש,IL,יופלה דיאט 0%,גרמים,150.00,100 גרם,false,0,5.20,3.47,true,1,
7290004120566,false,גבינה בולגרית (25024% גרם)פיראוס תנובה,"תנובה בע""מ ***",IL,גבינה בולגרית24%,גרמים,250.00,100 גרם,false,0,25.00,10.00,true,1,
7290004120573,false,גבינה בולגרית (25016% גרם)פיראוס תנובה,תנובה מרכז שיתופי לש,IL,גבינה בולגרית16%,גרמים,250.00,100 גרם,false,0,25.00,10.00,true,1,
7290004120634,false,גבינה בולגרית (2505% גרם)פיראוס תנובה,תנובה מרכז שיתופי לש,IL,גבינה בולגרית5%,גרמים,250.00,100 גרם,false,0,24.90,9.96,true,1,
7290004120832,false,"חלב 2 ליטר 3% כד ""תנובה""- מוצר בפיקוח",תנובה מרכז שיתופי לש,IL,חלב שתיה 3%,ליטרים,2.00,ליטר,false,0,12.46,6.23,true,1,
7290004121525,false,יופלה מאגדת פרי 4 תות 4 אפרסק 3% 8 יח'*150 ג',תנובה מרכז שיתופי לש,IL,יופלה 3% 8 יח',קילוגרמים,1.20,"ק""ג",false,0,32.30,26.92,true,1,
7290004121839,false,גבינת פטה כבשים (25020% גרם)פיראוס בול,תנובה מרכז שיתופי לש,IL,פטה כבשים פיראוס,גרמים,250.00,100 גרם,false,0,30.00,12.00,true,1,
7290004121853,false,גבינה בולגרית קוביות (2005% גרם)פיראוס,תנובה מרכז שיתופי לש,IL,קוביות בולגרית5%,גרמים,200.00,100 גרם,false,0,22.80,11.40,true,1,
7290004122119,false,פתיתי פרמזן לפסטה 23% השף הלבן 100 גרם,"תנובה בע""מ ***",IL,פתיתי פרמזן,גרמים,100.00,100 גרם,false,0,13.90,13.90,true,1,
7290004122195,false,גוש חלב גבינה צהובה פרוסה 28% תנובה 200 גרם,"תנובה בע""מ ***",IL,גבינה גוש חלב,גרמים,200.00,100 גרם,false,0,14.90,7.45,true,1,
7290004122348,false,גבינה צהובה מופחתת שומן 9% עמק (200 גרם),תנובה מרכז שיתופי לש,IL,גבינת עמק 9%,גרמים,200.00,100 גרם,false,0,16.90,8.45,true,1,
>>>>>>> d048ac2f4f281c9d788043ab4e81b61b0dbe3743
7290004122607,false,גבינת עמק לייט 9% במשקל,תנובה מרכז שיתופי לש,IL,גבינת עמק לייט9%,קילוגרמים,0.00,"ק""ג",true,0,72.00,72.00,true,1,
7290004122676,false,גבינה חמד לייט (2505% גרם)פיראוס תנובה,"תנובה,מחלבת טנא נוגה",IL,גבינת חמד לייט5%,גרמים,250.00,100 גרם,false,0,19.10,7.64,true,1,
7290004122683,false,עמק חטיף אצבעות גבינה חצי קשה 28% שומן,תנובה מרכז שיתופי לש,IL,אצבעות עמק,גרמים,172.00,100 גרם,false,0,17.10,9.94,true,1,
7290004124205,false,יופלה דיאט יוגורט תות %0 גביע 150 גרם,תנובה מרכז שיתופי לש,IL,יופלה דיאט תות0%,גרמים,150.00,100 גרם,false,0,5.20,3.47,true,1,
7290004125370,false,"שמנת חמוצה 9% מופחתת שומן תנובה 200 מ""ל מהדרין",תנובה מרכז שיתופי לש,IL,שמנת חמוצה 9%,מיליליטרים,200.00,"100 מ""ל",false,0,3.70,1.85,true,1,
7290004125400,false,"אשל שלי מהדרין 200 מ""ל 4.5% ""תנובה""- מוצר בפיקוח",פארייפאבה אגרואינדוס,IL,אשל 4.5% שומן,מיליליטרים,200.00,"100 מ""ל",false,0,1.69,0.85,true,1,
7290004125417,false,"גיל 3% שלי 200 מ""ל ""תנובה"" -מוצר בפיקוח",תנובה מרכז שיתופי לש,IL,גיל לבן 3%שומן,מיליליטרים,200.00,"100 מ""ל",false,0,1.51,0.76,true,1,
7290004125455,false,"שמנת חמוצה 200 מ""ל 15% ""תנובה"" -מוצר בפיקוח",תנובה מרכז שיתופי לש,IL,שמנת תנובה 15%,מיליליטרים,200.00,"100 מ""ל",false,0,2.40,1.20,true,1,
7290004125509,false,"שמנת חמוצה 15% מועשרת תנובה 100 מ""ל",תנובה מרכז שיתופי לש,IL,שמנת חמוצה 15%,מיליליטרים,100.00,"100 מ""ל",false,0,1.70,1.70,true,1,
7290004125578,false,משקה סויה מעושר בסידן תנובה 1ל',תנובה מרכז שיתופי לש,IL,משקה סויה,ליטרים,1.00,ליטר,false,0,11.90,11.90,true,1,
7290004125585,false,משקה סויה בטעם וניל תנובה 1 ליטר,תנובה מרכז שיתופי לש,IL,משקה סויה וניל,ליטרים,1.00,ליטר,false,0,11.90,11.90,true,1,
7290004125721,false,"השף הלבן שמנת עמידה לבישול 15% תנובה 250 מ""ל",תנובה מרכז שיתופי לש,IL,שמנת לבישול15%,מיליליטרים,250.00,"100 מ""ל",false,0,8.30,3.32,true,1,
7290004125738,false,שמנת מתוקה להקצפה32% 250מל עמיד השף הלבן,תנובה מרכז שיתופי לש,IL,שמנת להקצפה32%,מיליליטרים,250.00,"100 מ""ל",false,0,6.90,2.76,true,1,
<<<<<<< HEAD
7290004125776,false,גבינה צהובה עמק 28% 400 גרם בקופסא,תנובה חלב,IL,גבינת עמק פרוס,גרמים,400.00,100 גרם,false,0,30.50,7.63,true,1,
7290004126674,false,טל העמק פרוסות גבינה חצי קשה לייט %9 200 גרם בקופסא,תנובה מרכז שיתופי לש,IL,גבינה טל העמק,גרמים,200.00,100 גרם,false,0,18.80,9.40,true,1,
7290004126759,false,יוגורט דיאט יופלה פירות יער 150 גרם,תנובה חלב,IL,יופלה דיאט,גרמים,150.00,100 גרם,false,0,5.20,3.47,true,1,
7290004126872,false,משקאות חלב תנובה שוקו בקבוק 250מל,תנובה חלב,IL,שוקו בקבוק,מיליליטרים,250.00,"100 מ""ל",false,0,5.80,2.32,true,1,
=======
7290004125776,false,גבינה צהובה קלאסית 28% עמק (400 גרם),"תנובה בע""מ ***",IL,גבינת עמק פרוס,גרמים,400.00,100 גרם,false,0,30.50,7.63,true,1,
7290004126674,false,טל העמק פרוסות גבינה חצי קשה לייט %9 200 גרם בקופסא,תנובה מרכז שיתופי לש,IL,גבינה טל העמק,גרמים,200.00,100 גרם,false,0,18.80,9.40,true,1,
7290004126759,false,דאיט יופלה פירות יער טו יוג פרי 150גר.,"תנובה בע""מ ***",IL,יופלה דיאט,גרמים,150.00,100 גרם,false,0,5.20,3.47,true,1,
7290004126872,false,משקאות חלב תנובה שוקו בקבוק 250מל,תנובה - חלב,IL,שוקו בקבוק,מיליליטרים,250.00,"100 מ""ל",false,0,5.80,2.32,true,1,
>>>>>>> d048ac2f4f281c9d788043ab4e81b61b0dbe3743
7290004127077,false,קוטג תנובה 3% גביע 250 גרם מהדרין,מיוצר עי קונדיטוריית,IL,קוטג' 3% שומן,גרמים,250.00,100 גרם,false,0,5.70,2.28,true,1,
7290004127329,false,קוטג תנובה גביע 250 גרם %5 ו.מהדרין,מיוצר עי קונדיטוריית,IL,קוטג' תנובה 5%,גרמים,250.00,100 גרם,false,0,5.70,2.28,true,1,
7290004127336,false,קוטג תנובה גביע 250 גרם %9 ו.מהדרין,מיוצר עי קונדיטוריית,IL,קוטג' תנובה 9%,גרמים,250.00,100 גרם,false,0,5.70,2.28,true,1,
7290004127800,false,"גבינה לבנה 500 גרם 5% ""תנובה"" -מוצר בפיקוח",מיוצר עי קונדיטוריית,IL,גבינה לבנה 5%,גרמים,500.00,100 גרם,false,0,9.96,1.99,true,1,
7290004127817,false,גבינה לבנה 9% שומן 500 ג' תנובה,מיוצר עי קונדיטוריית,IL,גבינה לבנה 9%,גרמים,500.00,100 גרם,false,0,9.50,1.90,true,1,
7290004127862,false,"גבינה לבנה 750 גרם 5% ""תנובה"" - מוצר בפיקוח",תנובה מרכז שיתופי לש,IL,גבינה לבנה 5%,גרמים,750.00,100 גרם,false,0,14.94,1.99,true,1,
7290004127916,false,גבינה לבנה 0.5% שומן 500 ג' תנובה,תנובה מרכז שיתופי לש,IL,גבינה 0.5%,גרמים,500.00,100 גרם,false,0,9.50,1.90,true,1,
7290004129156,false,גבינת שמנת25% עם שום שמיר 225 ג' נפוליאון,תנובה מרכז שיתופי לש,IL,גבינת נפוליאון,גרמים,225.00,100 גרם,false,0,15.00,6.67,true,1,
7290004129767,false,"3% 'יופלה לבן מארז שמינייה 1.2 ק""ג",תנובה מרכז שיתופי לש,IL,יופלה לבן 3%,קילוגרמים,1.20,"ק""ג",false,0,18.40,15.33,true,1,
7290004130794,false,משקה סויה במתיקות מופחתת תנובה (1 ליטר),תנובה מרכז שיתופי לש,IL,משקה סויה,ליטרים,1.00,ליטר,false,0,11.50,11.50,true,1,
7290004130916,false,יוגורט יופלה פירות יער בשמנת 3% 150 גרם,תנובה מרכז שיתופי לש,IL,יופלה פירות יער,גרמים,150.00,100 גרם,false,0,5.20,3.47,true,1,
7290004131074,false,"חלב 1 ליטר 3% קרטון ""תנובה""- מוצר בפיקוח",תנובה מרכז שיתופי לש,IL,חלב בקרטון 3%,ליטרים,1.00,ליטר,false,0,6.23,6.23,true,1,
<<<<<<< HEAD
7290004131456,false,יוגורט ביו 1.5% שומן 200 ג' יופלה,תנובה מרכז שיתופי לש,IL,יופלה לבן 1.5%,גרמים,200.00,100 גרם,false,0,4.00,2.00,true,1,
7290004131814,false,גבינה צפתית 5% מעודנת 200 ג' פיראוס,פארייפאבה אגרואינדוס,IL,צפתית 5% פיראוס,גרמים,200.00,100 גרם,false,0,15.90,7.95,true,1,
=======
7290004131456,false,יוגורט ביו 1.5% שומן 200 ג' יופלה,מיוצר עי קונדיטוריית,IL,יופלה לבן 1.5%,גרמים,200.00,100 גרם,false,0,4.00,2.00,true,1,
7290004131814,false,גבינת צפתית מעודנת (2005% גרם)פיראוס ת,פארייפאבה אגרואינדוס,IL,צפתית 5% פיראוס,גרמים,200.00,100 גרם,false,0,15.90,7.95,true,1,
>>>>>>> d048ac2f4f281c9d788043ab4e81b61b0dbe3743
7290004132552,false,משקה סויה בטעם טבעי לייט תנובה 1 ליטר,תנובה מרכז שיתופי לש,IL,משקה סויה,ליטרים,1.00,ליטר,false,0,11.90,11.90,true,1,
7290004132712,false,חטיף אצבעות גבינת מוצרלה 20% 172 ג' עמק,תנובה מרכז שיתופי לש,IL,אצבעות מוצרלה,גרמים,172.00,100 גרם,false,0,17.40,10.12,true,1,
7290004133511,false,יופלה מאגדת לבן 1.5% מעודן 8 יח' * 150 ג',מיוצר עי קונדיטוריית,IL,יופלה מעודן 8 יח,קילוגרמים,1.20,"ק""ג",false,0,20.90,17.42,true,1,
7290004134945,false,יוגורט ביו 3% בטעם מוקה יופלה (150 גרם),תנובה מרכז שיתופי לש,IL,יופלה מוקה 3%,גרמים,150.00,100 גרם,false,0,5.20,3.47,true,1,
7290004135225,false,מעדן חלב דל קלוריות בטעם שוקולד 0.2שומ,תנובה מרכז שיתופי לש,IL,מעדן דיאט שוקולד,גרמים,150.00,100 גרם,false,0,4.00,2.67,true,1,
7290004135324,false,פיראוס בולגרית מע5%משקל,תנובה מרכז שיתופי לש,IL,פיראוס בולגרית,קילוגרמים,0.00,"ק""ג",true,0,52.00,52.00,true,1,
7290004135614,false,גבינה בולגרית מעודנת 5% פיראוס 250 גרם,"תנובה בע""מ ***",IL,בולגרית מעודנת5%,גרמים,250.00,100 גרם,false,0,22.60,9.04,true,1,
7290004136857,false,מעדן ג`לי בטעם פטל תנובה (125 גרם),תנובה מרכז שיתופי לש,IL,מעדן ג'לי פטל,גרמים,125.00,100 גרם,false,0,2.70,2.16,true,1,
7290004136864,false,מעדן ג'לי בטעם אננס עם חתיכות תנובה 125 גרם,תנובה בעמ ***,IL,מעדן ג'לי אננס,גרמים,125.00,100 גרם,false,0,2.90,2.32,true,1,
7290004136871,false,מעדן ג'לי בטעם אפרסק עם חתיכות תנובה 125 גרם,תנובה מרכז שיתופי לש,IL,מעדן ג'לי אפרסק,גרמים,125.00,100 גרם,false,0,2.90,2.32,true,1,
7290004137021,false,"שמנת עמידה לבישול מופחת שומן 10% השף הלבן 250 מ""ל",תנובה מרכז שיתופי לש,IL,שמנת לבישול10%,מיליליטרים,250.00,"100 מ""ל",false,0,8.30,3.32,true,1,
7290004137311,false,גבינה צהובה מופחתת שומן 9% עמק (400 גרם),"תנובה בע""מ ***",IL,גבינת עמק 9%,גרמים,400.00,100 גרם,false,0,30.90,7.73,true,1,
7290004150112,false,חומוס מזרחי פיקנטי פרימיום 300 גרם שמיר,"סלטי שמיר 2006 בע""\מ",IL,חומוס מזרחי,גרמים,300.00,100 גרם,false,1,15.90,5.30,true,1,
7290004150129,false,טחינה פיקנטי פרימיום 300 גרם,"סלטי שמיר 2006 בע""\מ",IL,טחינה ביתית,גרמים,300.00,100 גרם,false,1,15.90,5.30,true,1,
7290004150136,false,חציל על האש פיקנטי פרימיום 300 גרם שמיר,"סלטי שמיר 2006 בע""\מ",IL,חציל על האש,גרמים,300.00,100 גרם,false,1,15.90,5.30,true,1,
7290004150143,false,חציל במיונז פיקנטי פרימיום 300 גרם שמיר,"סלטי שמיר 2006 בע""\מ",IL,חציל במיונז,גרמים,300.00,100 גרם,false,1,15.90,5.30,true,1,
7290004150150,false,חציל בטחינה פיקנטי פרימיום 300 גרם שמיר,"סלטי שמיר 2006 בע""\מ",IL,חציל בטחינה,גרמים,300.00,100 גרם,false,1,15.90,5.30,true,1,
7290004150167,false,"תפו""א במיונז 300 גרם פיקנטי פרימיום שמיר","סלטי שמיר 2006 בע""\מ",IL,"תפו""א במיונז",גרמים,300.00,100 גרם,false,1,15.90,5.30,true,1,
7290004150174,false,קולסלאו פיקנטי פרימיום 300 גרם שמיר,"סלטי שמיר 2006 בע""\מ",IL,סלט קולסלאו,גרמים,300.00,100 גרם,false,1,15.90,5.30,true,1,
7290004150181,false,חמוצים סיני פיקנטי פרימיום 300 גרם שמיר,"סלטי שמיר 2006 בע""\מ",IL,חמוצים סיני,גרמים,300.00,100 גרם,false,1,15.90,5.30,true,1,
7290004150198,false,סלק מגורד פיקנטי פרימיום 300 גרם שמיר,"סלטי שמיר 2006 בע""\מ",IL,סלק מגורד,גרמים,300.00,100 גרם,false,1,15.90,5.30,true,1,
7290004150204,false,מטבוחה 300 גרם פיקנטי פרימיום,"סלטי שמיר 2006 בע""\מ",IL,מטבוחה,גרמים,300.00,100 גרם,false,1,15.90,5.30,true,1,
7290004150211,false,תורכי איסטנבול פיקנטי פרימיום 300 גרם שמיר,"סלטי שמיר 2006 בע""\מ",IL,תורכי איסטנבול,גרמים,300.00,100 גרם,false,1,15.90,5.30,true,1,
7290004150235,false,חומוס עם חריף פיקנטי פרימיום 300 גרם שמיר,"סלטי שמיר 2006 בע""\מ",IL,חומוס עם חריף,גרמים,300.00,100 גרם,false,1,15.90,5.30,true,1,
7290004150358,false,חומוס סלק פיקנטי פרימיום 300 גרם,"סלטי שמיר 2006 בע""\מ",IL,חומוס עם סלק,גרמים,300.00,100 גרם,false,1,15.90,5.30,true,1,
7290004170080,false,קרנץ שוקולד קינמון 450גר,גדרון,IL,עוגת קראנץ,גרמים,450.00,100 גרם,false,1,28.50,6.33,true,1,
7290004170097,false,עוגת קרנץ' שוקולד 450גרם,גדרון,IL,עוגת קרנץ שוקולד,גרמים,450.00,100 גרם,false,1,28.50,6.33,true,1,
7290004170103,false,עוגת קרנץ במילוי נוג,גדרון,IL,עוגת קרנץ' נוגט,גרמים,450.00,100 גרם,false,1,28.50,6.33,true,1,
7290004170110,false,עוגת קראנץ חלבה שוקו500ג,גדרון,IL,עוגת קראנץ,גרמים,450.00,100 גרם,false,1,28.50,6.33,true,1,
7290004170479,false,באגט אותנטי כפרי אפוי,מאפ גדרון,IL,באגט אותנטי כפרי,גרמים,280.00,100 גרם,false,1,8.50,3.04,true,1,
7290004170844,false,לחם אותנטי שיפון אפוי500,גידרון,IL,לחם אותנטי שיפון,גרמים,500.00,100 גרם,false,1,12.90,2.58,true,1,
7290004170851,false,לחם אותנטי אפוי 500 גרם,גידרון,IL,לחם אותנטי,גרמים,500.00,100 גרם,false,1,12.90,2.58,true,1,
7290004170882,false,שליש באגט אותנטי,גדרון דגון,IL,שליש באגט אותנטי,גרמים,140.00,100 גרם,false,1,5.80,4.14,true,1,
7290004199203,false,קיסמי שיניים במבוק מלחיה לב הוסטס (300),הדקלאים אגודת שיתופי,CN,קיסמי שיניים,יחידה,1.00,יחידה,false,0,3.90,3.90,true,1,
7290004199784,false,כפפות S לטקס עם איבוק עדין 100 יח- SAFE TOUCH,אינטרסן (1996) בעמ,TH,כפפות לטקס S,יחידה,1.00,יחידה,false,1,29.90,29.90,true,1,
7290004199791,false,כפפות M לטקס עם איבוק עדין 100 יח- SAFE TOUCH,אינטרסן (1996) בעמ,TH,כפפות לטקס M,יחידה,1.00,יחידה,false,1,29.90,29.90,true,1,
7290004199807,false,כפפות L לטקס עם איבוק עדין 100 יח- SAFE TOUCH,אינטרסן (1996) בעמ,TH,כפפות לטקס L,יחידה,1.00,יחידה,false,1,29.90,29.90,true,1,
7290004219079,false,לבבות דקל פרוסות וילי פוד (400 גרם),ג. וילי-פוד אינטרנשיונל בע`מ,EC,לבבות דקל פרוס,גרמים,400.00,100 גרם,false,0,11.50,2.88,true,1,
7290004230081,false,קציצות עוף ברוטב עגבניות שגב 800 גרם,"טיבון ויל אחזקות בע""\מ",IL,קציצות עוף ברוטב,גרמים,800.00,100 גרם,false,0,32.90,4.11,true,1,
<<<<<<< HEAD
7290004230104,false,קציצות בקר ברוטב עגבניות שגב,טיבון ויל אחזקות בעמ,IL,קציצות בקר ברוטב,גרמים,800.00,100 גרם,false,14,32.90,4.11,true,1,
=======
7290004230104,false,קציצות בקר ברוטב עגבניות 800 גר` קפוא,טיבון ויל אחזקות בעמ,IL,קציצות בקר ברוטב,גרמים,800.00,100 גרם,false,14,32.90,4.11,true,1,
>>>>>>> d048ac2f4f281c9d788043ab4e81b61b0dbe3743
7290004230944,false,מקלות פילו גבינה 600 גר' שלושת האופים לנדא,שלושת האופים שגמור,IL,מקלות בורקס,גרמים,600.00,100 גרם,false,0,21.90,3.65,true,1,
7290004256197,false,גאודה הולנד עז30.6%משקל,וויסר קאשנדל בי.וי נ,NL,גאודה עיזים,קילוגרמים,0.00,"ק""ג",true,1,139.00,139.00,true,1,
7290004256753,false,עלי לסיגר מרוקאי לפסטיליה 450 גרם,נטו מלינדה סחר בעמ,IL,לפסטיליה עלי בצק,גרמים,450.00,100 גרם,false,1,14.90,3.31,true,1,
7290004324858,false,קבב כבש טיבון ויל 500 גרם,"טיבון ויל אחזקות בע""",IL,קבב בטעם כבש,גרמים,500.00,100 גרם,false,0,21.90,4.38,true,1,
7290004480332,false,גבינת גאודה30%משולש משקל,מחלבות גד,IL,גבינת גאודה,קילוגרמים,0.00,"ק""ג",true,1,115.00,115.00,true,1,
7290004480349,false,"משולש גבינת גאודה עיזים ""גד""",מחלבת אמלטי הולנד,IL,גאודה עיזים,קילוגרמים,0.00,"ק""ג",true,1,134.00,134.00,true,1,
<<<<<<< HEAD
7290004494131,false,יין דלתון קברנה סוביניון גליל,"יקב דלתון בע""\מ",IL,קברנה דלתון,מיליליטרים,750.00,"100 מ""ל",false,0,59.90,7.98,true,1,
7290004494148,false,"דלתון גליל מרלו 750 מ""ל","יקב דלתון בע""\מ",IL,מרלו דלתון,מיליליטרים,750.00,"100 מ""ל",false,0,59.90,7.98,true,1,
7290004494377,false,"יין אדום שיראז סדרת דלתון 750 מ""ל","יקב דלתון בע""\מ",IL,דלתון שיראז D,מיליליטרים,750.00,"100 מ""ל",false,0,59.90,7.98,true,1,
7290004494919,false,יין כנען קברנה שיראז 750 מל דלתון,"יקב דלתון בע""מ",IL,כנען קברנה שיראז,מיליליטרים,750.00,"100 מ""ל",false,0,44.90,5.99,true,1,
=======
7290004494131,false,יין דלתון קברנה סוביניון גליל,הכרם - משקאות חריפים בעמ,IL,קברנה דלתון,מיליליטרים,750.00,"100 מ""ל",false,0,59.90,7.98,true,1,
7290004494148,false,"דלתון גליל מרלו 750 מ""ל",הכרם - משקאות חריפים בעמ,IL,מרלו דלתון,מיליליטרים,750.00,"100 מ""ל",false,0,59.90,7.98,true,1,
7290004494377,false,יין אדום יבש שיראז יקב דלתון (750 מל),הכרם - משקאות חריפים בעמ,IL,דלתון שיראז D,מיליליטרים,750.00,"100 מ""ל",false,0,59.90,7.98,true,1,
7290004494919,false,יין כנען קברנה שיראז 750 מל דלתון,הכרם - משקאות חריפים בעמ,IL,כנען קברנה שיראז,מיליליטרים,750.00,"100 מ""ל",false,0,44.90,5.99,true,1,
>>>>>>> d048ac2f4f281c9d788043ab4e81b61b0dbe3743
7290004504229,false,מוצרי מאפה פרימיום לקג,גידרון,IL,מאפה פרימיום,קילוגרמים,0.00,"ק""ג",true,1,42.00,42.00,true,1,
7290004504731,false,לחם רוסי קפוא 550גרם,גידרון,IL,לחם רוסי,יחידה,1.00,יחידה,false,1,10.50,10.50,true,1,
7290004504748,false,לחם בצל קפוא 550גרם,גידרון,IL,לחם בצל,יחידה,1.00,יחידה,false,1,10.50,10.50,true,1,
7290004504755,false,לחם שיפון קפוא 550 גרם,גידרון,IL,לחם שיפון,יחידה,1.00,יחידה,false,1,10.50,10.50,true,1,
7290004584351,false,גבינה לבנה סימפוניה עם תוספות 200 ג' חמישית 200,שטראוס גרופ בעמ/מצונן,IL,גבינת סימפוניה,גרמים,200.00,100 גרם,false,0,12.40,6.20,true,1,
7290004584528,false,יוגורט דנונה ביו לבן 1.7% שומן 200 גרם,שטראוס גרופ בעמ/מצונן,IL,יוגורט ביו 1.7%,גרמים,200.00,100 גרם,false,0,3.70,1.85,true,1,
7290004585907,false,דני ועדן וניל 1.5% 125ג' שטראוס,שטראוס גרופ בעמ/מצונן,IL,דני וניל 1.5%,גרמים,125.00,100 גרם,false,0,2.70,2.16,true,1,
7290004611682,false,שוקיים עוף בגריל מחיר לפ,שונות,IL,שוקיים עוף בגר,קילוגרמים,0.00,"ק""ג",true,0,49.50,49.50,true,1,
<<<<<<< HEAD
7290004639006,false,קוסקוס טוניסאי קפוא 800 גר,מטעמי פאר,IL,קוסקוס מוקפא,גרמים,800.00,100 גרם,false,0,17.90,2.24,true,1,
7290004652401,false,ג'חנון ללא מרגרינה שגב 650 גר' לנדא,"שגמור בע""\מ",IL,ג'חנון ללא מרגרי,גרמים,650.00,100 גרם,false,1,23.90,3.68,true,1,
=======
7290004639006,false,קוסקוס תונסאי קפוא מטעמי פאר (800 גרם),מטעמי פאר (א.מ.נ) בעמ,IL,קוסקוס מוקפא,גרמים,800.00,100 גרם,false,0,17.90,2.24,true,1,
7290004652401,false,ג'חנון ללא מרגרינה שגב 650 גר' לנדא,נטו מלינדה סחר בעמ,IL,ג'חנון ללא מרגרי,גרמים,650.00,100 גרם,false,1,23.90,3.68,true,1,
>>>>>>> d048ac2f4f281c9d788043ab4e81b61b0dbe3743
7290004658953,false,יין סוביניון בלאן פרייבט קולקשן יקבי כרמל,"כד בני דרום בע""מ",IL,סוביניון בלאן,מיליליטרים,750.00,"100 מ""ל",false,0,39.90,5.32,true,1,
7290004685010,false,לחם 100% שיפון פלוס לחם הארץ 500 גר',מאפית י את א ברמן בע,IL,לחם שיפון פלוס,גרמים,500.00,100 גרם,false,0,17.90,3.58,true,1,
7290004685089,false,לחם הארץ לחם חמניות 500 גר',מאפית י את א ברמן בע,IL,לחם חמניות,גרמים,500.00,100 גרם,false,0,17.90,3.58,true,1,
7290004685126,false,לחם 5 דגנים פרוס לחם הארץ (750 גרם),מאפית י את א ברמן בע,IL,לחם הארץ 5 דגנים,גרמים,750.00,100 גרם,false,0,17.90,2.39,true,1,
7290004685157,false,לחם שיפון 100% פרוס לחם הארץ (750 גרם),מאפית י את א ברמן בע,IL,לחם שיפון פרוס,גרמים,750.00,100 גרם,false,0,17.90,2.39,true,1,
7290004685195,false,לחם 10 דגנים פרוס לחם הארץ (750 גרם),מאפית י את א ברמן בע,IL,לחם 10 דגנים,גרמים,750.00,100 גרם,false,0,17.90,2.39,true,1,
7290004685201,false,לחם הארץ שיפון אגוזים500,מאפית י את א ברמן בע,IL,לחם שיפון אגוזים,גרמים,500.00,100 גרם,false,0,17.90,3.58,true,1,
<<<<<<< HEAD
7290004685225,false,לחם שיפון פומפרניקל מקמח שיפון,מאפית י את א ברמן בע,IL,לחם פומפרניקל,גרמים,750.00,100 גרם,false,0,17.90,2.39,true,1,
7290004685430,false,לחם הארץ כוסמין 100% 500 גרם,מאפית י את א ברמן בע,IL,לחם הארץ כוסמין,גרמים,500.00,100 גרם,false,1,17.90,3.58,true,1,
7290004685447,false,לחמניות כוסמין 6 בשקית 450 גרם,מאפית ברמן מקבוצת י. את,IL,לחמניות כוסמין,גרמים,450.00,100 גרם,false,1,16.50,3.67,true,1,
7290004685478,false,פיתות כוסמין 100% כוסמין 550 גרם,"מאפיית אורן משי בע""\מ",IL,פיתות כוסמין,גרמים,550.00,100 גרם,false,1,17.90,3.25,true,1,
7290004725600,false,גבינה סקנדינבית31% משקל,תנובה חלב,IL,גבינה סקנדינבית,קילוגרמים,0.00,"ק""ג",true,1,78.00,78.00,true,1,
7290004725846,false,גבינת גאודה קולקשיין,תנובה,IL,גבינת גאודה,קילוגרמים,0.00,"ק""ג",true,1,79.00,79.00,true,1,
7290004731083,false,"סבון נוזלי לידיים ג'נסינג ""כיף""",טרופיקל דגיל תעשיות,IL,אל סבון כיף,ליטרים,1.00,ליטר,false,0,12.90,12.90,true,1,
7290004731472,false,"שלישיית אלסבון צבעוני כיף 500 מ""ל",טרופיקל דגיל תעשיות,IL,אלסבון כיף 3 יח,ליטרים,1.50,ליטר,false,0,19.90,13.26,true,1,
7290004731670,false,"מטהר אוויר דואופרש פצ'ולי לבנדר סנו 300 מ""ל","סנו מפעלי ברונוס בע""\מ",IL,סנו דואו פרש,מיליליטרים,300.00,"100 מ""ל",false,0,12.90,4.30,true,1,
7290004737900,false,חלב כחוש מרוכז וממותק בתוספת שמן צמחי ויליפוד 397 גרם,יו.איי.בי מאריג'אמפו,LT,חלב כחוש מרוכז,גרמים,397.00,100 גרם,false,0,8.90,2.24,true,1,
=======
7290004685225,false,לחם פומפרניקל פרוס לחם הארץ (750 גרם),מאפית י את א ברמן בע,IL,לחם פומפרניקל,גרמים,750.00,100 גרם,false,0,17.90,2.39,true,1,
7290004685430,false,100% לחם כומסין 500 גר לחם הארץ,מאפית י את א ברמן בע,IL,לחם הארץ כוסמין,גרמים,500.00,100 גרם,false,1,17.90,3.58,true,1,
7290004685447,false,לחמניות כוסמין 6 יח בשקית מלא 450 גר`E,מאפית ברמן מקבוצת י. את,IL,לחמניות כוסמין,גרמים,450.00,100 גרם,false,1,16.50,3.67,true,1,
7290004685478,false,פיתות כוסמין 10 יח בשקית 550 גרם,מאפיית י.את א. ברמן בעמ,IL,פיתות כוסמין,גרמים,550.00,100 גרם,false,1,17.90,3.25,true,1,
7290004725600,false,גבינה סקנדינבית31% משקל,תנובה חלב,IL,גבינה סקנדינבית,קילוגרמים,0.00,"ק""ג",true,1,78.00,78.00,true,1,
7290004725846,false,גבינת גאודה קולקשיין,תנובה,IL,גבינת גאודה,קילוגרמים,0.00,"ק""ג",true,1,79.00,79.00,true,1,
7290004731083,false,אל סבון נוזלי ג`ינסנג כיף (1 ליטר),החברה הדרומית לשיווק בעמ,IL,אל סבון כיף,ליטרים,1.00,ליטר,false,0,12.90,12.90,true,1,
7290004731472,false,"שלישיית אלסבון צבעוני כיף 500 מ""ל",החברה הדרומית לשיווק בעמ,IL,אלסבון כיף 3 יח,ליטרים,1.50,ליטר,false,0,19.90,13.26,true,1,
7290004731670,false,"מטהר אוויר דואופרש פצ'ולי לבנדר סנו 300 מ""ל",החברה הדרומית לשיווק בעמ,IL,סנו דואו פרש,מיליליטרים,300.00,"100 מ""ל",false,0,12.90,4.30,true,1,
7290004737900,false,חלב כחוש מרוכז וממותק בתוספת שמן צמחי ויליפוד 397 גרם,ג. וילי-פוד אינטרנשיונל בע`מ,LT,חלב כחוש מרוכז,גרמים,397.00,100 גרם,false,0,8.90,2.24,true,1,
>>>>>>> d048ac2f4f281c9d788043ab4e81b61b0dbe3743
7290004846671,false,שווארמה פרגית בינו 280 ג,בינו,IL,שווארמה פרגית בי,גרמים,280.00,100 גרם,false,1,39.90,14.25,true,1,
7290004846909,false,המבורגר אסאדו קצבים 400 גר`אוראל,המבורגר אסאדו מוצר בשר ב,IL,המבורגר אסאדו,גרמים,400.00,100 גרם,false,1,31.90,7.98,true,1,
7290004859664,false,עוף שלם טרי ארוז,מילועוף,IL,עוף שלם טרי ארוז,קילוגרמים,0.00,"ק""ג",true,0,19.90,19.90,true,1,
7290004859671,false,חזה עוף טרי מילועוף,מילועוף,IL,חזה עוף טרי,קילוגרמים,0.00,"ק""ג",true,0,34.90,34.90,true,1,
7290004859688,false,פטם כרעיים טרי ארוז,ח.י. מעדני גורמה בעמ,IL,כרעי עוף טרי,קילוגרמים,0.00,"ק""ג",true,0,29.90,29.90,true,1,
7290004859695,false,ירכי עוף טרי ארוז,מילועוף,IL,ירכיים עוף טרי,קילוגרמים,0.00,"ק""ג",true,0,29.90,29.90,true,1,
7290004859701,false,שוקיים פטם טרי ארוז,מילועוף,IL,שוקיים עוף טרי,קילוגרמים,0.00,"ק""ג",true,0,34.90,34.90,true,1,
7290004859718,false,כנפי עוף טרי ארוז,מילועוף,IL,כנפיים עוף טרי,קילוגרמים,0.00,"ק""ג",true,0,12.90,12.90,true,1,
7290004859725,false,כבד עוף טרי ארוז,מילועוף,IL,כבד עוף ארוז,קילוגרמים,0.00,"ק""ג",true,0,21.90,21.90,true,1,
7290004861025,false,גבינה בולגרית 5% במשקל,"מחלבת המושבה בע""מ",IL,גבינה בולגרית,קילוגרמים,0.00,"ק""ג",true,0,60.00,60.00,true,1,
<<<<<<< HEAD
7290004861285,false,גבינה טבורוג המושבה,"מחלבת המושבה בע""מ",IL,טבורוג 9%,קילוגרמים,0.00,"ק""ג",true,0,45.00,45.00,true,1,
7290004952075,false,חלבה אורגנית שומשום מלא 300 גר,הרדוף,IL,חלבה אורגנית מלא,גרמים,300.00,100 גרם,false,0,22.90,7.63,true,1,
7290004952792,false,פריכיות אורז מלא דקות אורגני הרדוף 100גר,פרח תעשיות,IL,פריכיות אורגני,גרמים,100.00,100 גרם,false,0,13.90,13.90,true,1,
7290004982355,false,גבינת צדר טריפל במשק,כושר דיירי,GB,גבינת צ'דר,קילוגרמים,0.00,"ק""ג",true,1,140.00,140.00,true,1,
=======
7290004861285,false,גבינה טבורוג המושבה,מחלבת המושבה בעמ`,IL,טבורוג 9%,קילוגרמים,0.00,"ק""ג",true,0,45.00,45.00,true,1,
7290004952075,false,חלבה אורגנית שומשום מלא 300 גר,הרדוף,IL,חלבה אורגנית מלא,גרמים,300.00,100 גרם,false,0,22.90,7.63,true,1,
7290004952792,false,פריכיות אורז מלא דקות אורגני הרדוף 100גר,פרח תעשיות,IL,פריכיות אורגני,גרמים,100.00,100 גרם,false,0,13.90,13.90,true,1,
7290004982355,false,גבינת צדר טריפל במשק,א. סיימן סחר בעמ,GB,גבינת צ'דר,קילוגרמים,0.00,"ק""ג",true,1,140.00,140.00,true,1,
>>>>>>> d048ac2f4f281c9d788043ab4e81b61b0dbe3743
7290004982393,false,גבינה ברס בלו במשקל1,בנוגראן,FR,גבינת ברס בלו,קילוגרמים,0.00,"ק""ג",true,0,198.00,198.00,true,1,
7290005008184,false,"סבון נוזלי בניחוח חלב שקדים פלמוליב 500 מ""ל",הנסיך- מפעל לייצור ט,TR,סב.נוזלי פלמול,מיליליטרים,500.00,"100 מ""ל",false,0,17.90,3.58,true,1,
7290005008481,false,ספיד סטיק - דאודורנט ג'ל לגבר ספורט 85 גרם,הנסיך- מפעל לייצור ט,US,ספיד סטיק ג'ל,גרמים,85.00,100 גרם,false,0,15.90,18.71,true,1,
7290005020346,false,בקרדי קרטה בלנקה סופ,תאגיד בקרדי,PR,רום בקרדי לבן,מיליליטרים,750.00,"100 מ""ל",false,0,109.00,14.53,true,1,
<<<<<<< HEAD
7290005068058,false,תירס קל מופחת קלוריות 550 ג' פרי הגליל,"פרי הגליל בע""""מ",IL,תירס קל,גרמים,550.00,100 גרם,false,0,8.90,1.62,true,1,
=======
7290005068058,false,תירס קל מופחת קלוריות 550 ג' פרי הגליל,ויטה- פרי גליל (החדשה) בעמ,IL,תירס קל,גרמים,550.00,100 גרם,false,0,8.90,1.62,true,1,
>>>>>>> d048ac2f4f281c9d788043ab4e81b61b0dbe3743
7290005082979,false,חלת דגנים קלועה 560 גרם,"גידרון תעשיות בע""מ",IL,חלה דגנים קלועה,גרמים,560.00,100 גרם,false,0,13.50,2.41,true,1,
7290005084355,false,סנסודין משחת שיניים דואל קר פלואוריד 75,גלקסו סמית קליין,GB,משחת שיניים,מיליליטרים,75.00,"100 מ""ל",false,0,22.90,30.53,true,1,
7290005095245,false,נרות שבת 72 יחידות,HQP,CN,נרות שבת,יחידה,1.00,יחידה,false,0,30.30,30.30,true,1,
7290005095443,false,נר נשמה בכוס 48 שעות,,IL,נר נשמה 48 שעות,יחידה,1.00,יחידה,false,0,6.40,6.40,true,1,
7290005095474,false,נרות שבת מס 6 180 גר,HQP,CN,נרות שבת,יחידה,1.00,יחידה,false,1,4.70,4.70,true,1,
<<<<<<< HEAD
7290005095801,false,רוטב עמבה עם פרי 500,,IL,עמבה,גרמים,500.00,100 גרם,false,0,17.50,3.50,true,1,
7290005095849,false,נרות שבת 12 יחידות,משווק על ידי HQP,CN,נרות שבת,יחידה,1.00,יחידה,false,1,4.70,4.70,true,1,
=======
7290005095801,false,רוטב עמבה עם פרי 500,ציון תורג`מן בעמ,IL,עמבה,גרמים,500.00,100 גרם,false,0,17.50,3.50,true,1,
7290005095849,false,נרות שבת 12 יחידות,לפ לפ ציון תורג`מן בע``מ,CN,נרות שבת,יחידה,1.00,יחידה,false,1,4.70,4.70,true,1,
>>>>>>> d048ac2f4f281c9d788043ab4e81b61b0dbe3743
7290005113222,false,זיתים קוקטייל וגמבה יבנה 350ג',קבוצת יבנה,IL,מיקס זיתים,גרמים,340.00,100 גרם,false,0,11.60,3.41,true,1,
7290005158131,false,קרקר כוסמין עם חמניות וסלק 200 גרם,"דגן מיני מזונות בע""\מ",IL,קרקר כוסמין סלק,גרמים,200.00,100 גרם,false,1,29.90,14.95,true,1,
7290005174513,false,חציל על האש במיונז אחלה 400 גרם+225גר,שטראוס גרופ בעמ/מצונן,IL,סלט חציל מיונז,גרמים,500.00,100 גרם,false,0,16.90,3.38,true,1,
7290005174551,false,סלט חומוס עם צנוברים 125 ג' אחלה,שטראוס גרופ בעמ/מצונן,IL,חומוס יום יום,גרמים,125.00,100 גרם,false,0,5.70,4.56,true,1,
7290005174575,false,טחינה אחלה יום יום משובחת 125ג',שטראוס גרופ בעמ/מצונן,IL,טחינה יום יום,גרמים,125.00,100 גרם,false,0,5.70,4.56,true,1,
7290005199578,false,קפה נמס מיובש בהקפאה נטול קפאין 200ג,שטראוס קפה בי.וי.,IL,קפה פלטינום נטול,גרמים,200.00,100 גרם,false,0,34.90,17.45,true,1,
7290005200786,false,תפוצ'יפס בטעם שמנת בצל עלית 50 גרם,"שטראוס פריטו ליי בע""\מ )",IL,תפוצ'יפס שמנת,גרמים,50.00,100 גרם,false,0,4.30,8.60,true,1,
<<<<<<< HEAD
7290005271755,false,תבנית ביצים L חופש 12יחי,גליקסמן שיווק ביצים,,ביצי חופש L 12יח,יחידה,1.00,יחידה,false,0,19.30,19.30,true,1,
7290005287206,false,רביעיית טונה בשמן סטארקיסט 160 גרם,"סטארקיסט פודור בע""מ",VN,טונה סטארקיסט4יח,גרמים,640.00,100 גרם,false,0,25.90,4.05,true,1,
7290005287251,false,רביעיית טונה במים סטארקיסט 160 גרם,"סטארקיסט פודור בע""מ",VN,טונה סטארקיסט4יח,גרמים,640.00,100 גרם,false,0,25.90,4.05,true,1,
7290005384899,false,פטינה ים תיכונית בסג,וילי פוד,IL,בסגנון פטה 21%,קילוגרמים,0.00,"ק""ג",true,0,30.00,30.00,true,1,
7290005423055,false,סנו פורטה פלוס מתז בניחות לימון 1 ל',"סנו מפעלי ברונוס בע""\מ",IL,סנו פורטה לימון,ליטרים,1.00,ליטר,false,1,19.90,19.90,true,1,
7290005423253,false,"סנו - מקסימה מרסס למייבש כביסה אולטרה פרש 750 מ""ל","סנו מפעלי ברונוס בע""\מ",IL,מקסימה למייבש,מיליליטרים,750.00,"100 מ""ל",false,0,16.70,2.23,true,1,
7290005423635,false,ריצפז נוזל רצפות דוחה תיקנים סנו 2 ליטר,מיוצר עי קונדיטוריית,IL,ריצפז דוחה חרקים,ליטרים,2.00,ליטר,false,0,25.90,12.95,true,1,
7290005423833,false,פוליויקס נוזל לניקוי פרקט סנו 2 ליטר,"סנו מפעלי ברונוס בע""\מ",IL,פוליויקס פרקט,ליטרים,2.00,ליטר,false,0,24.90,12.45,true,1,
7290005424403,false,"אל סבון כיף אצות ים קטיפתי 1ליטר,",טרופיקל דגיל תעשיות,IL,אל סבון כיף,ליטרים,1.00,ליטר,false,0,12.90,12.90,true,1,
7290005424847,false,"מפיות סופט לבנות לשולחן (150 יח') ""סנו""",מיוצר עי קונדיטוריית,TR,מפיות דו שכבתי,יחידה,1.00,יחידה,false,0,8.50,8.50,true,1,
7290005424991,false,סנו פרש אוטומטיק בהתזה קצובה ניחוח בייבי פאודר,סנו מפעלי ברונוס בעמ,IL,סנו פרש בייבי,מיליליטרים,250.00,"100 מ""ל",false,1,13.90,5.56,true,1,
7290005425196,false,"מקסימה אבקת כביסה סנסיטיב סנו 2.5 ק""ג",מיוצר עי קונדיטוריית,IL,אבקת כביסה,קילוגרמים,2.50,"ק""ג",false,0,28.90,11.56,true,1,
7290005425646,false,קליר נוזל לניקוי חלונות רב תכליתי סנו 1 ליטר,"סנו מפעלי ברונוס בע""\מ",IL,סנוקליר 1 ליטר,ליטרים,1.00,ליטר,false,0,11.10,11.10,true,1,
7290005427107,false,סנו - סושי מגבות נייר הפלא 6 יחידות,מיוצר עי קונדיטוריית,IL,מגבות נייר סנו,מטרים,63.00,מטר,false,0,11.90,0.19,true,1,
7290005427633,false,"כיף גל לשיער לשיער חזק במיוחד 1 ק""ג",קוסמופארם,IL,ג'ל כיף לשיער,קילוגרמים,1.00,"ק""ג",false,0,23.90,23.90,true,1,
7290005430602,false,"סנו אוקסיג'ן ספריי להסרת כתמים עם חמצן פעיל 750 מ""ל","סנו מפעלי ברונוס בע""",IL,אוקסיג'ן מ.כתמים,מיליליטרים,750.00,"100 מ""ל",false,0,20.80,2.77,true,1,
7290005431913,false,עוגת גבינה פירורים עדן קינוחים 92 גרם,עדן קינוחים Eden,IL,עוגת גבינה,גרמים,92.00,100 גרם,false,1,7.70,8.37,true,1,
7290005431968,false,מלבי שמנת עדן קינוחים 150 גרם,עדן קינוחים Eden,IL,מלבי שמנת,גרמים,150.00,100 גרם,false,1,7.70,5.13,true,1,
7290005500688,false,"פנינה רוזנבלום מסיכה לשיקום ורודה , 1 ק""ג",פנינה רוזנבלום,IL,מסיכה לשיער,קילוגרמים,1.00,"ק""ג",false,0,29.90,29.90,true,1,
7290005559587,false,מאפה נקניקיה בבצק מעדנות 800ג',"מעדנות בע""\מ",IL,מאפה נקניקיות,גרמים,800.00,100 גרם,false,0,32.40,4.05,true,1,
=======
7290005271755,false,תבנית ביצים L חופש 12יחי,גליקסמן שיווק ביצים [1994] בעמ,,ביצי חופש L 12יח,יחידה,1.00,יחידה,false,0,19.30,19.30,true,1,
7290005287206,false,רביעיית טונה בשמן סטארקיסט 160 גרם,דיפלומט מפיצים (1968) בעמ**,VN,טונה סטארקיסט4יח,גרמים,640.00,100 גרם,false,0,25.90,4.05,true,1,
7290005287251,false,רביעיית טונה במים סטארקיסט 160 גרם,דיפלומט מפיצים (1968) בעמ**,VN,טונה סטארקיסט4יח,גרמים,640.00,100 גרם,false,0,25.90,4.05,true,1,
7290005384899,false,פטינה ים תיכונית בסג,וילי פוד,IL,בסגנון פטה 21%,קילוגרמים,0.00,"ק""ג",true,0,30.00,30.00,true,1,
7290005423055,false,סנו פורטה פלוס מתז בניחות לימון 1 ל',החברה הדרומית לשיווק בעמ,IL,סנו פורטה לימון,ליטרים,1.00,ליטר,false,1,19.90,19.90,true,1,
7290005423253,false,"סנו - מקסימה מרסס למייבש כביסה אולטרה פרש 750 מ""ל",החברה הדרומית לשיווק בעמ,IL,מקסימה למייבש,מיליליטרים,750.00,"100 מ""ל",false,0,16.70,2.23,true,1,
7290005423635,false,ריצפז נוזל רצפות דוחה תיקנים סנו 2 ליטר,החברה הדרומית לשיווק בעמ,IL,ריצפז דוחה חרקים,ליטרים,2.00,ליטר,false,0,25.90,12.95,true,1,
7290005423833,false,פוליוויקס נוזל לניקוי פרקט סנו (2 ליטר).,החברה הדרומית לשיווק בעמ,IL,פוליויקס פרקט,ליטרים,2.00,ליטר,false,0,24.90,12.45,true,1,
7290005424403,false,"אל סבון כיף אצות ים קטיפתי 1ליטר,",החברה הדרומית לשיווק בעמ,IL,אל סבון כיף,ליטרים,1.00,ליטר,false,0,12.90,12.90,true,1,
7290005424847,false,"מפיות סופט לבנות לשולחן (150 יח') ""סנו""",החברה הדרומית לשיווק בעמ,TR,מפיות דו שכבתי,יחידה,1.00,יחידה,false,0,8.50,8.50,true,1,
7290005424991,false,סנו פרש אוטומטיק בהתזה קצובה ניחוח בייבי פאודר,החברה הדרומית לשיווק בעמ,IL,סנו פרש בייבי,מיליליטרים,250.00,"100 מ""ל",false,1,13.90,5.56,true,1,
7290005425196,false,"מקסימה אבקת כביסה סנסיטיב סנו 2.5 ק""ג",החברה הדרומית לשיווק בעמ,IL,אבקת כביסה,קילוגרמים,2.50,"ק""ג",false,0,28.90,11.56,true,1,
7290005425646,false,קליר נוזל לניקוי חלונות רב תכליתי סנו 1 ליטר,החברה הדרומית לשיווק בעמ,IL,סנוקליר 1 ליטר,ליטרים,1.00,ליטר,false,0,11.10,11.10,true,1,
7290005427107,false,סנו - סושי מגבות נייר הפלא 6 יחידות,החברה הדרומית לשיווק בעמ,IL,מגבות נייר סנו,מטרים,63.00,מטר,false,0,11.90,0.19,true,1,
7290005427633,false,"כיף גל לשיער לשיער חזק במיוחד 1 ק""ג",החב הדרומית לשיווק,IL,ג'ל כיף לשיער,קילוגרמים,1.00,"ק""ג",false,0,23.90,23.90,true,1,
7290005430602,false,"סנו אוקסיג'ן ספריי להסרת כתמים עם חמצן פעיל 750 מ""ל",החברה הדרומית לשיווק בעמ,IL,אוקסיג'ן מ.כתמים,מיליליטרים,750.00,"100 מ""ל",false,0,20.80,2.77,true,1,
7290005431913,false,עוגת גבינה פירורים עדן קינוחים 92 גרם,עדן קינוחים Eden,IL,עוגת גבינה,גרמים,92.00,100 גרם,false,1,7.70,8.37,true,1,
7290005431968,false,מלבי שמנת עדן קינוחים 150 גרם,עדן קינוחים Eden,IL,מלבי שמנת,גרמים,150.00,100 גרם,false,1,7.70,5.13,true,1,
7290005500688,false,"פנינה רוזנבלום מסיכה לשיקום ורודה , 1 ק""ג",פנינה רוזנבלום בעמ,IL,מסיכה לשיער,קילוגרמים,1.00,"ק""ג",false,0,29.90,29.90,true,1,
7290005559587,false,מאפה נקניקיה בבצק מעדנות 800ג',תנובה מרכז שיתופי לשיווק תוצרת,IL,מאפה נקניקיות,גרמים,800.00,100 גרם,false,0,32.40,4.05,true,1,
>>>>>>> d048ac2f4f281c9d788043ab4e81b61b0dbe3743
7290005559709,false,בורקס פיצה מעדנות 700 גרם,מיוצר עי קונדיטוריית,IL,בורקס פיצה,גרמים,700.00,100 גרם,false,0,29.90,4.27,true,1,
7290005559907,false,פיצה משפחתית 100% גבינה מעדנות 500 גרם,תנובה מרכז שיתופי לשיווק תוצרת,IL,פיצה משפחתית,גרמים,500.00,100 גרם,false,0,24.90,4.98,true,1,
7290005559914,false,פיצה משפחתית עם 100% גבינה בתוספת זיתים מעדנות 550 גרם,תנובה מרכז שיתופי לשיווק תוצרת,IL,פיצה משפחתית,גרמים,550.00,100 גרם,false,0,25.90,4.71,true,1,
7290005559990,false,בצק עלים פילאס תורכי 600 גרם קפוא,תנובה מרכז שיתופי לשיווק תוצרת,IL,בצק פילאס תורכי,גרמים,600.00,100 גרם,false,0,25.90,4.32,true,1,
7290005569029,false,שום קלוף ישראלי 170 גרם,יגור חקלאות ועסקים,IL,שום קלוף ישראלי,גרמים,170.00,100 גרם,false,0,10.90,6.41,true,1,
7290005590207,false,עוף שלם טרי ארוז שלי קג,עוף הגליל,IL,עוף שלם טרי,קילוגרמים,0.00,"ק""ג",true,1,19.90,19.90,true,1,
7290005590238,false,שוקיים עוף טרי ארוז שלי,עוף הגליל,IL,שוקיים עוף טרי,קילוגרמים,0.00,"ק""ג",true,1,34.90,34.90,true,1,
7290005590252,false,שניצל עוף טרי ארוז שלי ק,עוף הגליל,IL,שניצל עוף טרי,קילוגרמים,0.00,"ק""ג",true,1,37.90,37.90,true,1,
7290005590306,false,כבד עוף טרי ארוז שלי קג,עוף הגליל,IL,כבד עוף טרי,קילוגרמים,0.00,"ק""ג",true,1,21.90,21.90,true,1,
7290005610127,false,תפוח אדמה גורמה דוד משה,אראל תוצרת חקלאית בע,IL,"תפו""א גורמה לבן",קילוגרמים,0.00,"ק""ג",true,1,7.90,7.90,true,1,
7290005678073,false,פלפל צ'ילי זהבי יחידה,עומר יבולים בעמ*שיק ל 60 יום*,IL,פלפל צ'ילי זהבי,יחידה,1.00,יחידה,false,0,6.90,6.90,true,1,
7290005678387,false,ענב אוטום רויאל -שחור,מושב לכיש,IL,ענב אוטום-שחור,קילוגרמים,0.00,"ק""ג",true,0,23.90,23.90,true,1,
<<<<<<< HEAD
7290005678417,false,טלי ענב לבן בוטיק ווינטר קינג,קטיף.,IL,ענב ווינטר קינג,קילוגרמים,0.00,"ק""ג",true,1,26.90,26.90,true,1,
7290005678585,false,ענב סקרלוטהללא חרצן ארוז,ביכורי השקמה,IL,ענבים סקרלוטה,קילוגרמים,0.00,"ק""ג",true,0,17.90,17.90,true,1,
=======
7290005678417,false,טלי ענב לבן בוטיק ווינטר קינג,"בכורי השדה צפון1994 ג.ד. בע""מ",IL,ענב ווינטר קינג,קילוגרמים,0.00,"ק""ג",true,1,26.90,26.90,true,1,
7290005678585,false,ענבים אדומים סקרלוטה טלי,"בכורי השדה צפון1994 ג.ד. בע""מ",IL,ענבים סקרלוטה,קילוגרמים,0.00,"ק""ג",true,0,17.90,17.90,true,1,
>>>>>>> d048ac2f4f281c9d788043ab4e81b61b0dbe3743
7290005680052,false,טמפונים סופר פלוס אובה 32 יחידות,גונסון אנד גונסון,GR,טמפוני או-בה,יחידה,1.00,יחידה,false,0,25.90,25.90,true,1,
7290005718021,false,שטרודל גבינה,"גידרון תעשיות בע""מ",IL,שטרודל גבינה,יחידה,1.00,יחידה,false,0,29.50,29.50,true,1,
7290005718038,false,"שטרודל תפו""ע","גידרון תעשיות בע""מ",IL,"שטרודל תפו""ע",יחידה,1.00,יחידה,false,0,29.50,29.50,true,1,
7290005719677,false,סירופ בטעם שוקולד – 600 ג',"פוליבה בע""\מ",IL,סירופ ט. שוקולד,גרמים,600.00,100 גרם,false,1,15.90,2.65,true,1,
7290005838002,false,מעדן גבינה ויוגורט בטעם וניל 88 ג' דניאלה,שטראוס גרופ בעמ/מצונן,IL,מעדן דניאלה,גרמים,88.00,100 גרם,false,0,4.30,4.89,true,1,
7290005838613,false,קרם גבינה 3% בטעם וניל סקי (125 גרם),שטראוס גרופ בעמ/מצונן,IL,סקי מעדן גבינה,גרמים,125.00,100 גרם,false,0,3.70,2.96,true,1,
7290005838972,false,סקי יום יום גבינה לבנה %5 125 גרם,שטראוס גרופ בעמ/מצונן,IL,גבינת סקי,גרמים,125.00,100 גרם,false,0,3.30,2.64,true,1,
7290005839078,false,שמיניית יוגורט לבן 3% ביו דנונה 150 גרם,שטראוס גרופ בעמ/מצונן,IL,דנונה ביו 8 יח,קילוגרמים,1.20,"ק""ג",false,0,17.60,14.67,true,1,
7290005839108,false,גבינה לבנה סימפוניה עם תוספות 200 ג'+זיתים 5%,שטראוס גרופ בעמ/מצונן,IL,גבינת סימפוניה,גרמים,200.00,100 גרם,false,0,12.40,6.20,true,1,
7290005839313,false,מילקי Top עם שוקולדה מגולגלת 140 גרם,שטראוס גרופ בעמ/מצונן,IL,מילקי טופ,מיליליטרים,170.00,"100 מ""ל",false,0,5.00,2.94,true,1,
7290005896439,false,"בירה מכבי, בקבוק חוזר 500 מ''ל","טמפו משקאות בע""מ",IL,בירה מכבי,מיליליטרים,500.00,"100 מ""ל",false,0,7.00,1.40,true,1,
7290005896453,false,"בירה מכבי 7.9%, בירה חזקה, בקבוק חוזר 500 מ''ל",פארייפאבה אגרואינדוס,IL,בירה מכבי 7.9%,מיליליטרים,500.00,"100 מ""ל",false,1,7.50,1.50,true,1,
<<<<<<< HEAD
7290005992018,false,"יוגורט עיזים לשתיה 3% מחלבות גד 500 מ""ל","מיוצר ע""\י קוד יצרן MKN",IL,יוגורט חלב עיזים,מיליליטרים,500.00,"100 מ""ל",false,0,13.10,2.62,true,1,
7290005992247,false,"גבינה חלומי גד ק""ג.",מחלבות גד,IL,חלומי גד,קילוגרמים,0.00,"ק""ג",true,0,92.00,92.00,true,1,
7290005992575,false,גבינה בולגרית למריחה 5% גד 250 גרם,מחלבות גד בעמ,IL,בולגרית למריחה,גרמים,250.00,100 גרם,false,0,18.20,7.28,true,1,
7290005992735,false,לאבנה טבעית 5% 250 גר' - רבנות,הנסיך- מפעל לייצור ט,IL,גבינת לאבנה גד5%,גרמים,250.00,100 גרם,false,0,12.90,5.16,true,1,
7290005992858,false,גבינת פטה עיזים במשק,יושלם,IL,פטה עיזים5% משקל,קילוגרמים,0.00,"ק""ג",true,0,134.00,134.00,true,1,
7290005992872,false,גב.צפתית במים 5% במשקל,מחלבות גד,IL,גבינה צפתית 5%,קילוגרמים,0.00,"ק""ג",true,0,68.00,68.00,true,1,
7290005992964,false,גבינת פטה כבשים במשק,גדישון,IL,פטה כבשים 20%,קילוגרמים,0.00,"ק""ג",true,0,104.00,104.00,true,1,
7290006185501,false,"פנינה רוזנבלום -אל סבון נוזלי ורוד,1 ליטר",פנינה רוזנבלום,IL,סבון נוזלי ורוד,ליטרים,1.00,ליטר,false,0,9.90,9.90,true,1,
7290006199218,false,"שמיניית גלידל אייס מוקה ""פלדמן""",הגלידות של פלדמן,IL,גלידל קפוצ'ינו,גרמים,400.00,100 גרם,false,0,34.90,8.73,true,1,
7290006199942,false,"שמיניית גלידל פרי דובדבן ""פלדמן""",הגלידות של פלדמן,IL,פרי דובדבן 8יח,גרמים,640.00,100 גרם,false,0,26.90,4.20,true,1,
7290006241535,false,"משקה מנגו קפוא פריגת 340 מ""ל",היינץ צפון אמריקה מק,IL,פריגת מנגו פרי,מיליליטרים,280.00,"100 מ""ל",false,0,14.90,5.32,true,1,
7290006251107,false,תה צ'אי מסאלה ויסוצקי 25 יחידות,מולינו ניקולי s.p.a,IL,תה צ'אי מסאלה,גרמים,50.00,100 גרם,false,0,19.90,39.80,true,1,
7290006251275,false,תה ירוק סיני קלאסי ויסוצקי 25 יחידות,תה ויסוצקי,IL,תה ירוק סיני,גרמים,37.00,100 גרם,false,0,26.90,72.70,true,1,
7290006251343,false,חליטת פסיפלורה מנגו הגן הקסום ויסוצקי 25 יחידות,תה ויסוצקי,IL,חליטת פסיפלורה,גרמים,62.00,100 גרם,false,0,19.90,32.10,true,1,
7290006251374,false,תה ירוק לימונית וג'ינג'ר ויסוצקי 25 יחידות,תה ויסוצקי,IL,תה ירוק לימונית,גרמים,37.00,100 גרם,false,0,26.90,72.70,true,1,
7290006251589,false,תה ירוק עם עלי נענע 50 שקיקים ויסוצקי,בית ויסוצקי,IL,תה ירוק נענע,גרמים,75.00,100 גרם,false,0,48.50,64.67,true,1,
7290006256089,false,"יין אדום קברנה סוביניון גאטו נגרו 750 מ""ל",פינקה לה סליה,AR,גאטו נגרו קברנה,מיליליטרים,750.00,"100 מ""ל",false,0,44.90,5.99,true,1,
7290006256102,false,"יין אדום מרלו גאטו נגרו 750 מ""ל",פינקה לה סליה,AR,גאטו נגרו מרלו,מיליליטרים,750.00,"100 מ""ל",false,0,44.90,5.99,true,1,
7290006256775,false,"יין גאטו נגרו מלבק 750 מ""ל",פינקה לה סליה,AR,גאטו נגרו מלבק,מיליליטרים,750.00,"100 מ""ל",false,0,44.90,5.99,true,1,
7290006271174,false,ג'חנון לאפיה בתנור מעדנות 700 גרם,מיוצר עי קונדיטוריית,IL,ג'חנון בצק,גרמים,700.00,100 גרם,false,0,20.60,2.94,true,1,
7290006271181,false,ג'חנון אפוי למיקרוגל מעדנות 750 גרם,מיוצר עי קונדיטוריית,IL,ג'חנון אפוי,גרמים,750.00,100 גרם,false,0,28.70,3.83,true,1,
7290006272072,false,חטיפי פיצה גבינה מעדנות 650 גרם,"מעדנות בע""\מ",IL,חטיפי פיצה גבינה,גרמים,650.00,100 גרם,false,1,36.90,5.68,true,1,
7290006272430,false,בצק עלים חמאה מעדנות 600 גרם,מיוצר עי קונדיטוריית,IL,בצק עלים חמאה,גרמים,600.00,100 גרם,false,0,31.60,5.27,true,1,
=======
7290005992018,false,"יוגורט עיזים לשתיה 3% מחלבות גד 500 מ""ל",מחלבות גד שיווק 1992 בעמ,IL,יוגורט חלב עיזים,מיליליטרים,500.00,"100 מ""ל",false,0,13.10,2.62,true,1,
7290005992247,false,"גבינה חלומי גד ק""ג.",מחלבות גד,IL,חלומי גד,קילוגרמים,0.00,"ק""ג",true,0,92.00,92.00,true,1,
7290005992575,false,גבינה בולגרית למריחה 5% גד (250 גרם),מחלבות גד שיווק 1992 בעמ,IL,בולגרית למריחה,גרמים,250.00,100 גרם,false,0,18.20,7.28,true,1,
7290005992735,false,לאבנה טבעית 5% 250 גר' - רבנות,מחלבות גד שיווק 1992 בעמ,IL,גבינת לאבנה גד5%,גרמים,250.00,100 גרם,false,0,12.90,5.16,true,1,
7290005992858,false,גבינת פטה עיזים במשק,יושלם,IL,פטה עיזים5% משקל,קילוגרמים,0.00,"ק""ג",true,0,134.00,134.00,true,1,
7290005992872,false,גב.צפתית במים 5% במשקל,מחלבות גד,IL,גבינה צפתית 5%,קילוגרמים,0.00,"ק""ג",true,0,68.00,68.00,true,1,
7290005992964,false,גבינת פטה כבשים במשק,מחלבות גד,IL,פטה כבשים 20%,קילוגרמים,0.00,"ק""ג",true,0,104.00,104.00,true,1,
7290006185501,false,"פנינה רוזנבלום -אל סבון נוזלי ורוד,1 ליטר","פנינה רוזנבלום בע""מ",IL,סבון נוזלי ורוד,ליטרים,1.00,ליטר,false,0,9.90,9.90,true,1,
7290006199218,false,"שמיניית גלידל אייס מוקה ""פלדמן""",הגלידות של פלדמן,IL,גלידל קפוצ'ינו,גרמים,400.00,100 גרם,false,0,34.90,8.73,true,1,
7290006199942,false,"שמיניית גלידל פרי דובדבן ""פלדמן""",הגלידות של פלדמן,IL,פרי דובדבן 8יח,גרמים,640.00,100 גרם,false,0,26.90,4.20,true,1,
7290006241535,false,"משקה מנגו קפוא פריגת 340 מ""ל",*החברה המרכזית להפצת משקאותבעמ,IL,פריגת מנגו פרי,מיליליטרים,280.00,"100 מ""ל",false,0,14.90,5.32,true,1,
7290006251107,false,תה צ'אי מסאלה ויסוצקי 25 יחידות,תה ויסוצקי (ישראל) בעמ,IL,תה צ'אי מסאלה,גרמים,50.00,100 גרם,false,0,19.90,39.80,true,1,
7290006251275,false,תה ירוק סיני קלאסי ויסוצקי 25 יחידות,תה ויסוצקי (ישראל) בעמ,IL,תה ירוק סיני,גרמים,37.00,100 גרם,false,0,26.90,72.70,true,1,
7290006251343,false,חליטת פסיפלורה מנגו הגן הקסום ויסוצקי 25 יחידות,תה ויסוצקי (ישראל) בעמ,IL,חליטת פסיפלורה,גרמים,62.00,100 גרם,false,0,19.90,32.10,true,1,
7290006251374,false,תה ירוק לימונית וג'ינג'ר ויסוצקי 25 יחידות,תה ויסוצקי (ישראל) בעמ,IL,תה ירוק לימונית,גרמים,37.00,100 גרם,false,0,26.90,72.70,true,1,
7290006251589,false,תה ירוק עם עלי נענע 50 שקיקים ויסוצקי,תה ויסוצקי (ישראל) בעמ,IL,תה ירוק נענע,גרמים,75.00,100 גרם,false,0,48.50,64.67,true,1,
7290006256089,false,"יין אדום קברנה סוביניון גאטו נגרו 750 מ""ל",היכל היין שקד גולן בעמ,AR,גאטו נגרו קברנה,מיליליטרים,750.00,"100 מ""ל",false,0,44.90,5.99,true,1,
7290006256102,false,"יין אדום מרלו גאטו נגרו 750 מ""ל",היכל היין שקד גולן בעמ,AR,גאטו נגרו מרלו,מיליליטרים,750.00,"100 מ""ל",false,0,44.90,5.99,true,1,
7290006256775,false,"יין גאטו נגרו מלבק 750 מ""ל",היכל היין שקד גולן בעמ,AR,גאטו נגרו מלבק,מיליליטרים,750.00,"100 מ""ל",false,0,44.90,5.99,true,1,
7290006271174,false,ג'חנון לאפיה בתנור מעדנות 700 גרם,תנובה מרכז שיתופי לשיווק תוצרת,IL,ג'חנון בצק,גרמים,700.00,100 גרם,false,0,20.60,2.94,true,1,
7290006271181,false,ג'חנון אפוי למיקרוגל מעדנות 750 גרם,תנובה מרכז שיתופי לשיווק תוצרת,IL,ג'חנון אפוי,גרמים,750.00,100 גרם,false,0,28.70,3.83,true,1,
7290006272072,false,חטיפי פיצה גבינה מעדנות 650 גרם,תנובה קפואים,IL,חטיפי פיצה גבינה,גרמים,650.00,100 גרם,false,1,36.90,5.68,true,1,
7290006272430,false,בצק עלים חמאה חלבי מעדנות (600 גרם),מיוצר עי קונדיטוריית,IL,בצק עלים חמאה,גרמים,600.00,100 גרם,false,0,31.60,5.27,true,1,
>>>>>>> d048ac2f4f281c9d788043ab4e81b61b0dbe3743
7290006306296,false,רביולי במילוי גבינה לילדים 400 ג' פסטה נונה,דורום תעשיות מזון ופסטה,IL,רביולי גבינה,גרמים,400.00,100 גרם,false,0,25.90,6.48,true,1,
7290006306302,false,רביולי במילוי גבינות פרמזן ריקוטה 400 ג' פסטה נונה,דורום תעשיות מזון ופסטה,IL,רביולי גבינה,גרמים,400.00,100 גרם,false,0,25.90,6.48,true,1,
7290006306319,false,רביולי במילוי בטטה 400 ג' פסטה נונה,דורום תעשיות מזון ופסטה,IL,רביולי בטטה,גרמים,400.00,100 גרם,false,0,25.90,6.48,true,1,
7290006306357,false,רביולי במילוי גבינת עיזים 400 ג' פסטה נונה,דורום תעשיות מזון ופסטה,IL,רביולי גבינה,גרמים,400.00,100 גרם,false,0,24.90,6.23,true,1,
7290006374653,false,דבש לייט מופחת קלוריות יד מרדכי 350 ג',מכוורת יד מרדכי שטראוס ב,IL,דבש לייט,גרמים,350.00,100 גרם,false,0,24.90,7.12,true,1,
7290006390745,false,שבלול עם צימוקים קפוא,"גידרון תעשיות בע""מ",IL,שבלול עם צימוקים,יחידה,1.00,יחידה,false,0,4.90,4.90,true,1,
7290006391025,false,בייגלה ירושלמי קפוא,"גידרון תעשיות בע""מ",IL,ביגלה ירושלמי,יחידה,1.00,יחידה,false,0,5.90,5.90,true,1,
<<<<<<< HEAD
7290006492432,false,גבינת מוצרלה בייבי 18% גד 150 גרם,מחלבות גד בעמ,IL,גבינה מוצרלה,גרמים,150.00,100 גרם,false,0,15.30,10.20,true,1,
7290006492616,false,גבינה בולגרית מעודנת פרוסות 5% גד 250 גרם,DSH עבור מחלבות גד ב,IL,גבינה בולגרית,גרמים,250.00,100 גרם,false,0,27.50,11.00,true,1,
7290006492685,false,גבינת לאבנה עיזים 5% גד 250 גרם,מחלבות גד בעמ,IL,לאבנה עיזים גד,גרמים,250.00,100 גרם,false,0,18.80,7.52,true,1,
7290006492852,false,גבינת עיזים למריחה 5% שומן 250 ג' גד,קריות זול,IL,גבינת עיזים גד,גרמים,250.00,100 גרם,false,0,18.50,7.40,true,1,
7290006492913,false,גבינת לאבנה ציזיקי 5% מחלבות גד 250 גרם,מחלבות גד בעמ,IL,ציזיקי למריחה,גרמים,250.00,100 גרם,false,0,14.90,5.96,true,1,
=======
7290006492432,false,גבינה מוצרלה בייבי 18% גד (150 גרם),מחלבות גד שיווק 1992 בעמ,IL,גבינה מוצרלה,גרמים,150.00,100 גרם,false,0,15.30,10.20,true,1,
7290006492616,false,גבינה בולגרית מעודנת פרוסות 5% גד 250 גרם,מחלבות גד שיווק 1992 בעמ,IL,גבינה בולגרית,גרמים,250.00,100 גרם,false,0,27.50,11.00,true,1,
7290006492685,false,גבינת לאבנה עיזים 5% גד (250 גרם),מחלבות גד שיווק 1992 בעמ,IL,לאבנה עיזים גד,גרמים,250.00,100 גרם,false,0,18.80,7.52,true,1,
7290006492852,false,גבינת עיזים למריחה 5% שומן 250 ג' גד,מחלבות גד שיווק 1992 בעמ,IL,גבינת עיזים גד,גרמים,250.00,100 גרם,false,0,18.50,7.40,true,1,
7290006492913,false,גבינת לאבנה ציזיקי 5% מחלבות גד 250 גרם,מחלבות גד שיווק 1992 בעמ,IL,ציזיקי למריחה,גרמים,250.00,100 גרם,false,0,14.90,5.96,true,1,
>>>>>>> d048ac2f4f281c9d788043ab4e81b61b0dbe3743
7290006494917,false,טוסו וופל קלאסי במילוי שוקולד 200 גרם,"איטיליאן פוד, אס.פי.",IL,ופלים שוקולד,גרמים,200.00,100 גרם,false,0,11.30,5.65,true,1,
7290006494924,false,טוסו וופל קלאסי במילוי קרם לימון 200 גרם,"דנשר (1963) בע,מ",IL,ופלים טוסו,גרמים,200.00,100 גרם,false,1,11.30,5.65,true,1,
7290006511904,false,גבינת אדם כדורים במשקל,ברגלנדמיל,NL,גבינת אדם,קילוגרמים,0.00,"ק""ג",true,0,79.00,79.00,true,1,
7290006559265,false,גבינת מוצרלה בופאלו,,IL,מוצרלה בופאלו,גרמים,250.00,100 גרם,false,0,38.90,15.56,true,1,
7290006559340,false,בוקצינו די בופאלו 150 גר,,IL,בוקנצ'ני בופאל,גרמים,150.00,100 גרם,false,0,27.00,18.00,true,1,
7290006559807,false,בלה מוצרלה 18% שומן150גר,מחלבת חוות הבופאלו,IL,בלה מוצרלה,גרמים,150.00,100 גרם,false,1,26.90,17.93,true,1,
7290006567048,false,פתיתי קוסקוס ישראלי אסם (350 גרם),קבוצת אוסם סחר שותפות מוגבלת,IL,פתיתי קוסקוס,גרמים,350.00,100 גרם,false,0,8.80,2.51,true,1,
7290006578105,false,גרוייר לה פריבורג במשקל,,CH,לה פריפורג,קילוגרמים,0.00,"ק""ג",true,1,239.00,239.00,true,1,
7290006578600,false,קבינת קומטה גורה פלור במשקל,,FR,גבינת קומטה,קילוגרמים,0.00,"ק""ג",true,1,229.00,229.00,true,1,
<<<<<<< HEAD
7290006618078,false,"מרסס לניקוי יסודי מטבח אסטוניש 750 מ""ל",יעקובי אסטוניש,GB,אסטוניש מרסס,מיליליטרים,750.00,"100 מ""ל",false,0,14.90,1.99,true,1,
7290006652027,false,במבה חטיף בוטנים אסם 20*15 גרם,מיוצר עי קונדיטוריית,IL,במבה 20 יח',גרמים,300.00,100 גרם,false,0,25.90,8.63,true,1,
7290006653765,false,פרפקטו פסטה פטוצ'יני אסם 500 גרם,אסם פרפקטו,IT,פטוציני פרפקטו,גרמים,500.00,100 גרם,false,0,6.90,1.38,true,1,
7290006653819,false,פתיתי קוסקוס דק 350 גרם,"מיוצר ע""י קוד יצרן K",IL,קוסקוס דק,גרמים,350.00,100 גרם,false,0,8.80,2.51,true,1,
=======
7290006618078,false,"מרסס לניקוי יסודי מטבח אסטוניש 750 מ""ל","יעקב יעקבי ובניו בע""מ",GB,אסטוניש מרסס,מיליליטרים,750.00,"100 מ""ל",false,0,14.90,1.99,true,1,
7290006652027,false,במבה חטיף בוטנים אסם 20*15 גרם,קבוצת אוסם סחר שותפות מוגבלת,IL,במבה 20 יח',גרמים,300.00,100 גרם,false,0,25.90,8.63,true,1,
7290006653765,false,פרפקטו פסטה פטוצ'יני אסם 500 גרם,קבוצת אוסם סחר שותפות מוגבלת,IT,פטוציני פרפקטו,גרמים,500.00,100 גרם,false,0,6.90,1.38,true,1,
7290006653819,false,קוסקוס אמיתי דק בשקית 350 גרם,קבוצת אוסם סחר שותפות מוגבלת,IL,קוסקוס דק,גרמים,350.00,100 גרם,false,0,8.80,2.51,true,1,
>>>>>>> d048ac2f4f281c9d788043ab4e81b61b0dbe3743
7290006660602,false,מי קוקוס אורגני גרין קוקו קרטונית 1 ליטר,תות תעשיות מזון (201,VN,מי קוקוס אורגני,ליטרים,1.00,ליטר,false,1,20.90,20.90,true,1,
7290006664051,false,"אקטימל לבן 1.51 ק""ג מארז 14 יחידות",שטראוס גרופ בעמ/מצונן,IL,אקטימל מארז14יח',ליטרים,1.40,ליטר,false,0,32.60,23.29,true,1,
7290006664402,false,גבינה לבנה סקי 5% שומן 750 גרם,שטראוס גרופ בעמ/מצונן,IL,גבינת סקי5%,גרמים,750.00,100 גרם,false,0,14.94,1.99,true,1,
7290006664532,false,יוגורט עם תות 3% שומן 150 ג' דנונה,שטראוס גרופ בעמ/מצונן,IL,דנונה תות 3%,גרמים,150.00,100 גרם,false,0,3.90,2.60,true,1,
7290006664655,false,דנונה Actimel יוגורט טבעי 8*100 מ``ל,שטראוס גרופ בעמ/מצונן,IL,אקטימל לבן 8 יח,מיליליטרים,800.00,"100 מ""ל",false,0,22.70,2.84,true,1,
7290006664693,false,יוגורט עם אפרסק 3% שומן 150 ג' דנונה,שטראוס גרופ בעמ/מצונן,IL,דנונה אפרסק %3,גרמים,150.00,100 גרם,false,0,3.90,2.60,true,1,
7290006664990,false,"יוגורט דנונה ביו לבן 1.7% שומן 8*150 מ""ל",שטראוס גרופ בעמ/מצונן,IL,דנונה ביו 8 יח',קילוגרמים,1.20,"ק""ג",false,0,17.60,14.67,true,1,
7290006666307,false,חומוס אורגינל סלטי מ,כ.מ.מ שיווק סלטי משני בעמ,IL,סלט חומוס,גרמים,300.00,100 גרם,false,0,13.90,4.63,true,1,
7290006666314,false,סלט טחינה משומשום טהור,כ.מ.מ שיווק סלטי משני בעמ,IL,סלט טחינה משני,גרמים,300.00,100 גרם,false,0,13.90,4.63,true,1,
7290006666338,false,סלט טחינה ירוקה עם פטרוזיליה,כ.מ.מ שיווק סלטי משני בעמ,IL,סלט טחינה ירוקה,גרמים,300.00,100 גרם,false,0,15.80,5.27,true,1,
7290006666345,false,סלט חצילים במיונז על האש,כ.מ.מ שיווק סלטי משני בעמ,IL,סלט חציל במיונז,גרמים,300.00,100 גרם,false,0,21.70,7.23,true,1,
7290006666352,false,סלט חציל בטחינה 300 גרם,כ.מ.מ שיווק סלטי משני בעמ,IL,סלט חציל בטחינה,גרמים,300.00,100 גרם,false,0,19.90,6.63,true,1,
7290006666437,false,סלט טורקי סלטי משני,כ.מ.מ שיווק סלטי משני בעמ,IL,סלט טורקי,גרמים,300.00,100 גרם,false,0,18.70,6.23,true,1,
7290006666468,false,סלט גזר חריף במיץ לימון,כ.מ.מ שיווק סלטי משני בעמ,IL,סלט גזר בלימון,גרמים,300.00,100 גרם,false,0,21.50,7.17,true,1,
7290006739247,false,פסטרמה איטלקית זוגלו,זוגלובק,IL,פסטרמה איטלקית,קילוגרמים,0.00,"ק""ג",true,0,89.00,89.00,true,1,
<<<<<<< HEAD
7290006739407,false,שניצל תירס לייט זוגלובק 600 גרם,נקניק נהריה כשר זוגל,IL,שניצל תירס,גרמים,630.00,100 גרם,false,0,30.90,4.90,true,1,
=======
7290006739407,false,שניצל תירס לייט זוגלובק (630 גרם),נקניק נהריה כשר זוגל,IL,שניצל תירס,גרמים,630.00,100 גרם,false,0,30.90,4.90,true,1,
>>>>>>> d048ac2f4f281c9d788043ab4e81b61b0dbe3743
7290006739445,false,שניצל תירס קלאסי 750 ג' זוגלובק,נקניק נהריה כשר זוגל,IL,שניצל תירס,גרמים,750.00,100 גרם,false,0,28.70,3.83,true,1,
7290006739544,false,כתף בקר 3% שומן זוגלובק (300 גרם),נקניק זוגלובק נהריה,IL,כתף בקר,גרמים,300.00,100 גרם,false,0,32.90,10.97,true,1,
7290006742278,false,פסטרמה הודו צלויה על לבנים 330 ג' זוגלובק,נקניק נהריה כשר זוגל,IL,פסטרמה צלויה,גרמים,330.00,100 גרם,false,0,29.90,9.06,true,1,
7290006742292,false,פסטרמה הודו בדבש 330 ג' זוגלובק,נקניק נהריה כשר זוגל,IL,פסטרמה בדבש,גרמים,330.00,100 גרם,false,0,29.90,9.06,true,1,
7290006744418,false,יין מוני שיראז רזרב 750 מל,יקב מוני,IL,מוני שיראז רזרב,מיליליטרים,750.00,"100 מ""ל",false,1,85.00,11.33,true,1,
7290006748072,false,"זר פרחים צבעוני ""פרחי דיאן""",פרחי ליידי דיאן,IL,1 ע צ י ץ,יחידה,1.00,יחידה,false,0,35.00,35.00,true,1,
7290006748096,false,"זר פרחים מפואר ""פרחי דיאן""",פרחי ליידי דיאן,IL,זר סחלב,יחידה,1.00,יחידה,false,0,50.00,50.00,true,1,
7290006748119,false,זר פרחים גרברה יחידה,פרחי ליידי דיאן בעמ,IL,זר גרברה,יחידה,1.00,יחידה,false,0,59.00,59.00,true,1,
7290006748133,false,"זר פרחים רגיל ""פרחי דיאן""",פרחי ליידי דיאן,IL,זר פרחים בינוני,יחידה,1.00,יחידה,false,0,25.00,25.00,true,1,
<<<<<<< HEAD
7290006748157,false,יין סדרת סלע סוביניו,פרחי ליידי דיאן,IL,זר מיוחד,יחידה,1.00,יחידה,false,0,30.00,30.00,true,1,
7290006753939,false,קבב ג'מבו מזרחי 600 גרם,מעדני הטלה והעגל,IL,קבב ג'מבו מזרחי,גרמים,600.00,100 גרם,false,1,39.90,6.65,true,1,
=======
7290006748157,false,"זר פרחים 3 ""פרחי דיאן""",פרחי ליידי דיאן,IL,זר מיוחד,יחידה,1.00,יחידה,false,0,30.00,30.00,true,1,
7290006753939,false,קבב ג`מבו מזרחי מעדני הטלה 600 גר`,מעדני הטלה והעגל,IL,קבב ג'מבו מזרחי,גרמים,600.00,100 גרם,false,1,39.90,6.65,true,1,
>>>>>>> d048ac2f4f281c9d788043ab4e81b61b0dbe3743
7290006764072,false,"בירה גולדסטאר בקבוק 500 מ""ל חוזר","טמפו משקאות בע""\מ",IL,בירה גולדסטאר,מיליליטרים,500.00,"100 מ""ל",false,0,7.70,1.54,true,1,
7290006764096,false,"בירה איגל 500 מ""ל 3.8% בקבוק חוזר","טמפו משקאות בע""\מ",IL,בירה איגל,מיליליטרים,500.00,"100 מ""ל",false,1,6.90,1.38,true,1,
7290006764157,false,"בירה גולדסטאר Unfiltered, בירה לא מסוננת, בקבוק חוזר 500 מ""ל",פארייפאבה אגרואינדוס,IL,בירה גולדסטאר,מיליליטרים,500.00,"100 מ""ל",false,1,7.90,1.58,true,1,
7290006764485,false,"בירה שחורה נשר מאלט שישייה ח""פ 330*6 מ''ל","טמפו משקאות בע""\ם.",IL,נשר מאלט 6 יח,ליטרים,1.98,ליטר,false,0,33.90,17.12,true,1,
<<<<<<< HEAD
7290006788436,false,"קרליין - נושם פיור דאודורנט רול און לאישה ורוד 75 מ""ל",משווק: קוסמופארם בעמ,IL,דאודורנט קרליין,מיליליטרים,75.00,"100 מ""ל",false,0,14.90,19.87,true,1,
=======
7290006788436,false,"קרליין - נושם פיור דאודורנט רול און לאישה ורוד 75 מ""ל",החברה הדרומית לשיווק בעמ,IL,דאודורנט קרליין,מיליליטרים,75.00,"100 מ""ל",false,0,14.90,19.87,true,1,
>>>>>>> d048ac2f4f281c9d788043ab4e81b61b0dbe3743
7290006791870,false,"נטורל - ג'ל שיער לעיצוב חזק 500 מ""ל",מיוצר עי : אמיליה קוסמטי,IL,ג'ל לעיצוב שיער,מיליליטרים,500.00,"100 מ""ל",false,0,19.10,3.82,true,1,
7290006822192,false,נקטר דיאט חמוציות אושן ספריי פריגת 1 ליטר,החברה המרכזית להפצת משקאות בעמ,IL,אושן ספריי,ליטרים,1.00,ליטר,false,0,13.50,13.50,true,1,
7290006866363,false,מיץ סחוט אשכוליות אדומות פרימור 1 ליטר,שטראוס גרופ בעמ/מצונן,IL,מיץ אשכולית סחוט,ליטרים,1.00,ליטר,false,0,17.20,17.20,true,1,
7290006960986,false,כיסונים בשר מיוחדים 800,"מאמא מרי בע""\מ",IL,כיסונים בשר מיוח,גרמים,800.00,100 גרם,false,1,23.90,2.99,true,1,
<<<<<<< HEAD
7290006983176,false,אוסם - לחמית שיפון 250 גרם,"אסם השקעות בע""\מ",IL,לחמית שיפון אסם,גרמים,230.00,100 גרם,false,0,9.90,4.30,true,1,
7290006983770,false,עוגת הבית שיש אסם 400 גרם,מיוצר עי קונדיטוריית,IL,עוגת שיש,גרמים,400.00,100 גרם,false,0,13.40,3.35,true,1,
7290006983787,false,עוגת הבית שוקולד צ'יפס אסם 400 גרם,מיוצר עי קונדיטוריית,IL,עוגת שוקוצ'יפס,גרמים,400.00,100 גרם,false,0,13.40,3.35,true,1,
7290006983794,false,עוגת הבית בטעם תפוז אסם 400 גרם,מיוצר עי קונדיטוריית,IL,עוגת תפוז,גרמים,400.00,100 גרם,false,0,13.40,3.35,true,1,
7290008101356,false,קריספ פאנקו זהב 300 גרם מיימונס,א.ל ייצור ושיווק תבל,IL,פנקו זהוב קריספ,גרמים,300.00,100 גרם,false,1,10.00,3.33,true,1,
7290008104050,false,"שטיפת אינטימית לקטופיל פמינה 220 מ""ל",כצט נוביס סעמ,IL,תחליב פמינה,מיליליטרים,220.00,"100 מ""ל",false,0,23.90,10.86,true,1,
7290008116541,false,"שטיפת פה ליסטרין קול מינט 500 מ""ל",ג'\ונסון אנד ג'\ונסון,IT,מי פה ליסטרין,מיליליטרים,500.00,"100 מ""ל",false,0,18.90,3.78,true,1,
7290008154222,false,שניצלונים עוף טוב 700 גרם,"מוצרי עוף טוב (2001) בע""",IL,שניצלונים 700ג,גרמים,700.00,100 גרם,false,0,21.90,3.13,true,1,
7290008175173,false,חמאה מפינלנד ללא מלח 200 גרם ויליפוד,ואליו אל.טי.די,FI,חמאה ווליו,גרמים,200.00,100 גרם,false,0,12.90,6.45,true,1,
7290008175814,false,וילי פוד פטריות שמפיניון חתוך בדץ 400ג,"אוקצ'מפ אס, איי אויי",PL,פטריות חתוכות,גרמים,400.00,100 גרם,false,0,4.90,1.23,true,1,
7290008175906,false,גבינת עיזים קשה וילי,אלמטאה,NL,גבינת עיזים100%,קילוגרמים,0.00,"ק""ג",true,0,132.00,132.00,true,1,
7290008190909,false,עוגיות מיני קוקיס שוקולד צ'יפס בצנצנת כרמית 600 גרם,כרמית תעשיות ממתקים,IL,מיני קוקיס,גרמים,600.00,100 גרם,false,0,19.90,3.32,true,1,
7290008263597,false,קוואקר אורגני הרדוף 500 גרם,אול אורגני,IL,קוואקר אורגני,גרמים,500.00,100 גרם,false,0,11.90,2.38,true,1,
7290008263641,false,קוואקר עדין אורגני 500 גרם - הרדוף,אול אורגני,IL,קוואקר אורגני,גרמים,500.00,100 גרם,false,0,11.90,2.38,true,1,
7290008263658,false,"משקה סויה ללת""ס אורגני 1 ליטר",ליקואטס,ES,"משקה סויה ללת""ס",ליטרים,1.00,ליטר,false,0,13.90,13.90,true,1,
7290008268455,false,קיווי ישראלי בראשית,בראשית,IL,קיווי במארז,יחידה,1.00,יחידה,false,1,17.90,17.90,true,1,
7290008340618,false,סלמון מעושן מצונן דלידג 100 ג',ויליגר תעשיות בעמ,IL,סלמון מעושן,גרמים,100.00,100 גרם,false,0,22.90,22.90,true,1,
7290008343466,false,בצק פילו 500 גרם שלושת האופים,שלושת האופים שגמור,IL,בצק פילו 500 גרם,גרמים,500.00,100 גרם,false,0,23.90,4.78,true,1,
7290008343572,false,"אגרול סיני 1 ק""ג שלושת האופים","שלושת האופים בע""\מ",IL,אגרול סיני,גרמים,1000.00,100 גרם,false,0,23.90,2.39,true,1,
7290008343602,false,"קובה בשר 1 ק""ג שלושת האופים","שלושת האופים בע""\מ",IL,קובה במילוי בשר,קילוגרמים,1.00,"ק""ג",false,0,23.90,23.90,true,1,
7290008343626,false,"כדורי פלאפל 1 ק""ג שלושת האופים","שלושת האופים בע""\מ",IL,פלאפל 1 ק'ג,גרמים,1000.00,100 גרם,false,0,23.90,2.39,true,1,
7290008344258,false,המבורגר מזרחי טיבון ויל 400 גרם,"טיבון ויל אחזקות בע""\מ",IL,המבורגר מזרחי,גרמים,400.00,100 גרם,false,0,23.90,5.98,true,1,
7290008344272,false,המבורגר 100% טיבון ויל 400 גרם,טיבון ויל אחזקות בעמ,IL,המבורגר בקר,גרמים,400.00,100 גרם,false,0,23.90,5.98,true,1,
7290008345576,false,סלט איקרה ביתית לבנה 300 גרם דלידג,כלורוקס אוקלנד,IL,איקרה ביתית לבנה,גרמים,300.00,100 גרם,false,0,21.90,7.30,true,1,
7290008345583,false,איקרה ביתית ורוד 300 גרם דלידג,כלורוקס אוקלנד,IL,איקרה ביתית,גרמים,300.00,100 גרם,false,0,21.90,7.30,true,1,
7290008403238,false,גבינת ברי צרפתית32% משקל,קואופורטיב איסיני סנט מר,FR,גבינת ברי,קילוגרמים,0.00,"ק""ג",true,1,136.00,136.00,true,1,
7290008409049,false,שניצלונים בציפוי שומשום מיני מיני דק מאמא עוף 500 גרם,תנובה גליל שותפות מוגבלת,IL,שניצל מיני דק,גרמים,500.00,100 גרם,false,0,29.50,5.90,true,1,
=======
7290006983176,false,קרקר לחמית שיפון אסם (230 גרם),קבוצת אוסם סחר שותפות מוגבלת,IL,לחמית שיפון אסם,גרמים,230.00,100 גרם,false,0,9.90,4.30,true,1,
7290006983770,false,עוגת הבית שיש אסם (400 גרם),קבוצת אוסם סחר שותפות מוגבלת,IL,עוגת שיש,גרמים,400.00,100 גרם,false,0,13.40,3.35,true,1,
7290006983787,false,עוגת הבית שוקולד צ'יפס אסם 400 גרם,קבוצת אוסם סחר שותפות מוגבלת,IL,עוגת שוקוצ'יפס,גרמים,400.00,100 גרם,false,0,13.40,3.35,true,1,
7290006983794,false,עוגת הבית בטעם תפוז אסם 400 גרם,קבוצת אוסם סחר שותפות מוגבלת,IL,עוגת תפוז,גרמים,400.00,100 גרם,false,0,13.40,3.35,true,1,
7290008101356,false,קריספ פאנקו זהב 300 גרם מיימונס,א.ל.ייצור ושיווק תבלינים בעמ,IL,פנקו זהוב קריספ,גרמים,300.00,100 גרם,false,1,10.00,3.33,true,1,
7290008104050,false,"שטיפת אינטימית לקטופיל פמינה 220 מ""ל",גורי ע.ע.ע. בע`מ,IL,תחליב פמינה,מיליליטרים,220.00,"100 מ""ל",false,0,23.90,10.86,true,1,
7290008116541,false,שטיפת פה ליסטרין מנטה קריר 500 מ`ל,ג'\ונסון אנד ג'\ונסון,IT,מי פה ליסטרין,מיליליטרים,500.00,"100 מ""ל",false,0,18.90,3.78,true,1,
7290008154222,false,שניצלונים עוף טוב 700 גרם,קבוצת אוסם סחר-שות.מוגבלת,IL,שניצלונים 700ג,גרמים,700.00,100 גרם,false,0,21.90,3.13,true,1,
7290008175173,false,חמאה מפינלנד ללא מלח 200 גרם ויליפוד,ג.וילי-פוד אינטרנשיונל **גבינו,FI,חמאה ווליו,גרמים,200.00,100 גרם,false,0,12.90,6.45,true,1,
7290008175814,false,וילי פוד פטריות שמפיניון חתוך בדץ 400ג,ג.וילי-פוד אינטרנשיונל בעמ,PL,פטריות חתוכות,גרמים,400.00,100 גרם,false,0,4.90,1.23,true,1,
7290008175906,false,גבינת עיזים קשה וילי,אלמטאה,NL,גבינת עיזים100%,קילוגרמים,0.00,"ק""ג",true,0,132.00,132.00,true,1,
7290008190909,false,עוגיות מיני קוקיס שוקולד צ'יפס בצנצנת כרמית 600 גרם,כרמית תעשיות ממתקים בעמ,IL,מיני קוקיס,גרמים,600.00,100 גרם,false,0,19.90,3.32,true,1,
7290008263597,false,קוואקר אורגני הרדוף 500 גרם,אול אורגני,IL,קוואקר אורגני,גרמים,500.00,100 גרם,false,0,11.90,2.38,true,1,
7290008263641,false,קוואקר עדין אורגני 500 גרם - הרדוף,אול אורגני,IL,קוואקר אורגני,גרמים,500.00,100 גרם,false,0,11.90,2.38,true,1,
7290008263658,false,"משקה סויה ללת""ס אורגני 1 ליטר",ליקואטס,ES,"משקה סויה ללת""ס",ליטרים,1.00,ליטר,false,0,13.90,13.90,true,1,
7290008268455,false,קיווי ישראלי בראשית,בראשית - אגודה שיתופית חקלאית-,IL,קיווי במארז,יחידה,1.00,יחידה,false,1,17.90,17.90,true,1,
7290008340618,false,סלמון מעושן מצונן דלידג 100 ג',נטו מילנדה סחר בעמ*,IL,סלמון מעושן,גרמים,100.00,100 גרם,false,0,22.90,22.90,true,1,
7290008343466,false,בצק פילו שלושת האופים (500 גרם),שלושת האופים שגמור,IL,בצק פילו 500 גרם,גרמים,500.00,100 גרם,false,0,23.90,4.78,true,1,
7290008343572,false,אגרול סיני 1 קג -שלושת האופים,נטו מלינדה סחר בע`מ,IL,אגרול סיני,גרמים,1000.00,100 גרם,false,0,23.90,2.39,true,1,
7290008343602,false,"קובה בשר 1 ק""ג שלושת האופים",נטו מלינדה סחר בעמ,IL,קובה במילוי בשר,קילוגרמים,1.00,"ק""ג",false,0,23.90,23.90,true,1,
7290008343626,false,כדורי פלאפל 1 קג -שלושת האופים,נטו מלינדה סחר בע`מ,IL,פלאפל 1 ק'ג,גרמים,1000.00,100 גרם,false,0,23.90,2.39,true,1,
7290008344258,false,המבורגר מיזרחי 400 גר`טיבונוויל,"טיבון ויל אחזקות בע""\מ",IL,המבורגר מזרחי,גרמים,400.00,100 גרם,false,0,23.90,5.98,true,1,
7290008344272,false,המבורגר 100% טיבון ויל 400 גרם,טיבון ויל אחזקות בעמ,IL,המבורגר בקר,גרמים,400.00,100 גרם,false,0,23.90,5.98,true,1,
7290008345576,false,סלט איקרה ביתית לבנה 300 גרם דלידג,נטו מלינדה סחר בע`מ,IL,איקרה ביתית לבנה,גרמים,300.00,100 גרם,false,0,21.90,7.30,true,1,
7290008345583,false,סלט איקרה ביתית ורודה דלידג (300 גרם),נטו מלינדה סחר בע`מ,IL,איקרה ביתית,גרמים,300.00,100 גרם,false,0,21.90,7.30,true,1,
7290008403238,false,גבינת ברי צרפתית32% משקל,קואופורטיב איסיני סנט מר,FR,גבינת ברי,קילוגרמים,0.00,"ק""ג",true,1,136.00,136.00,true,1,
7290008409049,false,שניצלונים בציפוי שומשום מיני מיני דק מאמא עוף 500 גרם,תנובה מרכז שיתופי לשיווק תוצרת,IL,שניצל מיני דק,גרמים,500.00,100 גרם,false,0,29.50,5.90,true,1,
>>>>>>> d048ac2f4f281c9d788043ab4e81b61b0dbe3743
7290008409100,false,אצבעות שניצל בציפוי שומשום מאמא עוף 700 גרם,תנובה גליל שותפות מוגבלת,IL,אצבעות שניצל,גרמים,700.00,100 גרם,false,0,37.90,5.41,true,1,
7290008409124,false,מאמא עוף קפוא שניצל ג'ונגל פריך 700 גרם,תנובה מרכז שיתופי לשיווק תוצרת,IL,שניצל ג'ונגל,גרמים,700.00,100 גרם,false,0,37.90,5.41,true,1,
7290008409216,false,מאמא עוף קפוא שניצל דק פריך 700 גרם,תנובה מרכז שיתופי לשיווק תוצרת,IL,שניצל דק דק פריך,גרמים,700.00,100 גרם,false,0,42.90,6.13,true,1,
7290008409223,false,שניצל דק דק מתובל מאמא עוף (700 גרם),תנובה מרכז שיתופי לשיווק תוצרת,IL,שניצל דק מתובל,גרמים,700.00,100 גרם,false,0,42.90,6.13,true,1,
7290008409315,false,שניצלונים בציפוי פריך מיני מיני דק מאמא עוף 500 גרם,תנובה מרכז שיתופי לשיווק תוצרת,IL,מיני דק שניצלוני,גרמים,500.00,100 גרם,false,0,29.50,5.90,true,1,
7290008409407,false,שניצל דק דק צ`יפס מאמא עוף (700 גרם),תנובה גליל שותפות מוגבלת,IL,שניצל דק צ'יפס,גרמים,700.00,100 גרם,false,0,42.90,6.13,true,1,
7290008409551,false,שניצל עוף אמיתי בציפוי מעודן 700 ג' מאמא עוף,תנובה מרכז שיתופי לשיווק תוצרת,IL,שניצל עוף אמיתי,גרמים,700.00,100 גרם,false,0,44.50,6.36,true,1,
7290008409582,false,שניצל עוף אמיתי בציפוי ביתי מאמא עוף 700 גרם,תנובה מרכז שיתופי לשיווק תוצרת,IL,שניצל אמיתי ביתי,גרמים,700.00,100 גרם,false,0,44.50,6.36,true,1,
7290008409605,false,כוכבי עוף בציפוי מעודן מאמא עף 700 גרם,תנובה מרכז שיתופי לשיווק תוצרת,IL,כוכבי עוף בציפוי,גרמים,700.00,100 גרם,false,0,37.90,5.41,true,1,
7290008409773,false,קציצות עוף אמיתיות קפואות 700 גרם קפוא,תנובה מרכז שיתופי לשיווק תוצרת,IL,קציצות אמיתיות,גרמים,700.00,100 גרם,false,0,36.70,5.24,true,1,
7290008461047,false,גב.ברי לה רוסטיק 31%משקל,נטו מלינדה סיימן,FR,גבינת ברי,קילוגרמים,0.00,"ק""ג",true,0,178.00,178.00,true,1,
7290008462204,false,חרדל דיז'ון מקורי נטו מאי 380 גרם,א. סיימן סחר בעמ,FR,חרדל דיז'ון,גרמים,380.00,100 גרם,false,0,13.90,3.66,true,1,
7290008462259,false,חרדל דיז'ון גרגירים מיילי 380 גרם,א. סיימן סחר בעמ,FR,חרדל דיז'ון,גרמים,380.00,100 גרם,false,0,14.90,3.92,true,1,
7290008462310,false,גבינת סנט מור עיזים משקל,סואניון,FR,גבינת עיזים,קילוגרמים,0.00,"ק""ג",true,0,180.00,180.00,true,1,
7290008464024,false,"בירה גולדסטאר Unfiltered, בירה לא מסוננת, פחית 500 מ""ל","טמפו משקאות בע""מ",IL,גולדסטאר בפחית,מיליליטרים,500.00,"100 מ""ל",false,0,10.90,2.18,true,1,
7290008464130,false,"בירה גולדסטאר Unfiltered, בירה לא מסוננת, מארז שישייה, בקבוק 330 מ""ל",טמפו משקאות בעמ,IL,בירה גולדסטאר6יח,ליטרים,1.98,ליטר,false,0,32.90,16.61,true,1,
7290008464222,false,"בירה מכבי 7.9%, בירה חזקה, פחית 500 מ""ל","טמפו משקאות בע""\מ",IL,בירה מכבי 7.9%,מיליליטרים,500.00,"100 מ""ל",false,1,9.00,1.80,true,1,
7290008464406,false,פפסי מקס – משקה מוגז דל קלוריות פחיות 300 מל' שישייה,טמפו משקאות בע`מ,IL,פפסי מקס פחית,מיליליטרים,330.00,"100 מ""ל",false,0,6.90,2.09,true,1,
7290008464468,false,בירה בפחית גולדסטאר (500 מל),פארייפאבה אגרואינדוס,IL,בירה גולדסטאר,מיליליטרים,500.00,"100 מ""ל",false,0,9.30,1.86,true,1,
7290008464475,false,"בירה מכבי, פחית 500 מ""ל","טמפו משקאות בע""\מ",IL,בירה מכבי פחית,מיליליטרים,500.00,"100 מ""ל",false,0,8.50,1.70,true,1,
7290008464604,false,"בירה הייניקן פחית 500 מ""ל",טמפו משקאות בע''מ,NL,בירה היינקן פחית,מיליליטרים,500.00,"100 מ""ל",false,0,10.90,2.18,true,1,
7290008464611,false,"הסודה של טמפו, מי סודה בגיזוז חזק, 275 מל",טמפו משקאות בעמ,IL,הסודה של טמפו,מיליליטרים,275.00,"100 מ""ל",false,1,3.90,1.42,true,1,
7290008464673,false,"בירה גולדסטאר SLOWBREW פחית 10%, 500 מ""ל","טמפו משקאות בע""\מ",IL,גולדסטאר סלו ברו,מיליליטרים,500.00,"100 מ""ל",false,1,10.90,2.18,true,1,
7290008464697,false,"בירה מכבי 7.9%, בירה חזקה, מארז שישייה, בקבוק 330 מ""ל",טמפו משקאות בעמ,IL,בירה מכבי 6 יח,ליטרים,1.98,ליטר,false,0,29.90,15.10,true,1,
7290008464703,false,"שישיית בירה מכבי בקבוק 330 מ""ל",טמפו משקאות בע''מ,IL,בירה מכבי 6 בקב.,ליטרים,1.98,ליטר,false,0,29.90,15.10,true,1,
7290008464741,false,"בירה גולדסטאר, מארז שישייה, בקבוק 330 מ''ל","טמפו משקאות בע""\מ",IL,גולדסטאר 6 יח',ליטרים,1.98,ליטר,false,0,24.90,12.58,true,1,
7290008464796,false,"בירה היינקן, מארז שישייה, בקבוק 330 מ''ל",טמפו משקאות בע''מ,IL,בירה הייניקן 6יח,ליטרים,1.98,ליטר,false,0,39.90,20.15,true,1,
7290008469746,false,פילה מדומה מס6' חלק קפוא,לחוביץ,XX,פ.מדומה מס6' קפו,קילוגרמים,0.00,"ק""ג",true,1,44.90,44.90,true,1,
<<<<<<< HEAD
7290008470759,false,מסטיק אורביט ספירמינט מארז שמינייה,אורביט,FR,מסטיק אורביט 8יח,גרמים,104.00,100 גרם,false,0,16.10,15.48,true,1,
7290008493413,false,פירורי לחם מאיר בייגל פירורי גריסיני 200 גרם,מאיר את ביגל,IL,פירורי גריסיני,גרמים,200.00,100 גרם,false,0,7.50,3.75,true,1,
7290008644112,false,סלט מטבוחה יום יום אחלה 125 גרם,"שטראוס גרופ בע""\מ",IL,מטבוחה יום יום,גרמים,125.00,100 גרם,false,0,5.70,4.56,true,1,
7290008644235,false,עלי בייבי שטראוס 120 גרם,שטראוס בריאות ירקות טריי,IL,עלי בייבי,גרמים,120.00,100 גרם,false,0,10.90,9.08,true,1,
7290008644945,false,לקט לסלט המושבה שטראוס 450 גרם,שטראוס בריאות ירקות טריי,IL,סלט המושבה,גרמים,450.00,100 גרם,false,0,13.90,3.09,true,1,
7290008645935,false,חומוס לניגוב 750 ג' אחלה,"שטראוס גרופ בע""\מ",IL,חומוס אחלה,גרמים,750.00,100 גרם,false,0,11.90,1.59,true,1,
7290008670012,false,"יין אדום קברנה סוביניון רקנאטי 750 מ""ל",תות ממתקי איכות,IL,קברנה סוביניון,מיליליטרים,750.00,"100 מ""ל",false,0,51.90,6.92,true,1,
7290008670029,false,"יין אדום מרלו רקנאטי 750 מ""ל",תות ממתקי איכות,IL,יין רקנאטי מרלו,מיליליטרים,750.00,"100 מ""ל",false,0,51.90,6.92,true,1,
7290008670210,false,"יין אדום שירז רקנאטי אחים שקד 750 מ""ל",תות ממתקי איכות,IL,רקנאטי שיראז,מיליליטרים,750.00,"100 מ""ל",false,0,51.90,6.92,true,1,
7290008679428,false,כפפות הנדי לבית ולמטבח בינוני,קריות זול,TW,זוג כפפות בית,יחידה,1.00,יחידה,false,0,6.70,6.70,true,1,
7290008690713,false,נקטר חמוציות אושן ספריי פריגת 1 ליטר,מבשלות בירה בינלאומיות ב,IL,אושן ספריי,ליטרים,1.00,ליטר,false,0,13.50,13.50,true,1,
7290008693134,false,מעדן גבינה ויוגורט בטעם תות 5% שומן 88 ג' דניאלה,"שטראוס בריאות בע""מ",IL,דניאלה תות מוקצף,גרמים,88.00,100 גרם,false,0,4.30,4.89,true,1,
7290008713900,false,לחם שיפון עגול פרוס אנג'ל 750 גרם,מאפיית אנג'\ל אורנים מאפ,IL,לחם שיפון עגול,גרמים,750.00,100 גרם,false,0,14.90,1.99,true,1,
7290008745239,false,תפוצ'יפס קראנצ' בטעם טבעי עלית 50 גרם,"שטראוס פריטו ליי בע""\מ )",IL,תפוצ'יפס קראנצ',גרמים,50.00,100 גרם,false,0,4.30,8.60,true,1,
7290008747547,false,תפוצ'יפס קראנץ' בטעם טבעי עלית 200 גרם,"שטראוס פריטו ליי בע""\מ )",IL,תפוצ'יפס קראנצ',גרמים,200.00,100 גרם,false,0,10.90,5.45,true,1,
7290008753111,false,תפוצ'יפס קראנץ' בטעם מקסיקני עלית 50 גרם,"שטראוס פריטו ליי בע""\מ )",IL,תפוצ'יפס קראנצ',גרמים,50.00,100 גרם,false,0,4.30,8.60,true,1,
7290008757034,false,"שוופס סודה זכוכית 250 מ""ל",יפאורה שותפות מובגלת לשיווק,IL,מי סודה,מיליליטרים,250.00,"100 מ""ל",false,0,4.30,1.72,true,1,
7290008757980,false,קרטונית ספרינג נקטר רימונים 1 ליטר,יפאורה שותפות מובגלת לשיווק,IL,נקטר רימונים,ליטרים,1.00,ליטר,false,0,7.60,7.60,true,1,
7290008775816,false,ערגליות עוגיות במילוי שוקולד אסם 300 גרם,מיוצר עי קונדיטוריית,IL,ערגליות שוקו,גרמים,300.00,100 גרם,false,0,11.50,3.83,true,1,
7290008775823,false,ערגליות עוגיות תות שדה אסם 300 גרם,מיוצר עי קונדיטוריית,IL,ערגליות תות,גרמים,300.00,100 גרם,false,0,11.50,3.83,true,1,
7290008801010,false,"יין קברנה סוביניון מרלו פרייוט קולקשן 750 מ""ל",אגודת הכורמים הקאופו,IL,קברנה מרלו P.C,מיליליטרים,750.00,"100 מ""ל",false,0,39.90,5.32,true,1,
7290008801119,false,"יין סוביניון בלאן סלקטד כרמל 750 מ""ל",אגודת הכורמים הקואופרטיב,IL,סובניון בלאן,מיליליטרים,750.00,"100 מ""ל",false,0,29.90,3.99,true,1,
7290008801157,false,"יין מרלו סלקטד כרמל כרמל 750 מ""ל",כרמל מזרחי,IL,מרלו סלקטד,מיליליטרים,750.00,"100 מ""ל",false,0,29.90,3.99,true,1,
7290008801546,false,יין מוסקט מתוק קינג דיוויד יקבי כרמל,אגודת הכורמים הקואופרטיב,IL,מוסקט קינג דיווד,מיליליטרים,750.00,"100 מ""ל",false,0,23.90,3.19,true,1,
7290008801843,false,"יין קברנה סוביניון סלקטד כרמל 750 מ""ל","כד בני דרום בע""מ",IL,קברנה סוביניון,מיליליטרים,750.00,"100 מ""ל",false,0,29.90,3.99,true,1,
7290008801850,false,סלקטד אמרלד ריזלינג לבן חצי יבש 750 מל,אגודת הכורמים הקואופרטיב,IL,אמרלד ריזלינג,מיליליטרים,750.00,"100 מ""ל",false,0,29.90,3.99,true,1,
7290008802291,false,יין מרלו פרייבט קולקשן יקבי כרמל,אגודת הכורמים הקואופרטיב,IL,מרלו P.C,מיליליטרים,750.00,"100 מ""ל",false,0,39.90,5.32,true,1,
7290008802512,false,"יין וינו אדום ""כרמל מזרחי""","כד בני דרום בע""מ",IL,יין אדום יבש,מיליליטרים,750.00,"100 מ""ל",false,0,22.90,3.05,true,1,
7290008802529,false,"יין לבן חצי יבש וינו 750 מ""ל",כרמל מזרחי,IL,יין לבן יבש וינו,מיליליטרים,750.00,"100 מ""ל",false,0,22.90,3.05,true,1,
7290008802895,false,יין קברנה סוביניון פרייבט קולקשן יקבי כרמל,אגודת הכורמים הקאופורטיב,IL,קברנה סוביניון,מיליליטרים,750.00,"100 מ""ל",false,0,39.90,5.32,true,1,
7290008804332,false,שיראז אדום יבש פריווט קולקשיין 750מל,אגודת הכורמים הקואופרטיב,IL,שיראז אדום יבש,מיליליטרים,750.00,"100 מ""ל",false,0,39.90,5.32,true,1,
7290008805384,false,סלקטד מוסקטו לבן מבעבע 750 מל 2016,אגודת הכורמים הקואופרטיב,IL,סלקטד מוסקטו,מיליליטרים,750.00,"100 מ""ל",false,0,29.90,3.99,true,1,
7290008806985,false,נישנושים גלידה שוקו וניל בציפוי שוקולד 60 יח' קרמיסימו,"גלידת שטראוס בע""\מ, רחוב",IL,נשנושי שוקווניל,גרמים,630.00,100 גרם,false,0,49.90,7.92,true,1,
7290008846219,false,"שמן זית כתית מעולה חלוצה 750 מ""ל",האי נאם סי או אל.טי.,IL,שמן זית כתית,מיליליטרים,750.00,"100 מ""ל",false,0,43.90,5.85,true,1,
7290008866033,false,מארז גאודה עיזים30% משקל,גבינות יעקבס,IL,מארז גאודה עיזים,קילוגרמים,0.00,"ק""ג",true,1,159.00,159.00,true,1,
7290008909853,false,"קוקה קולה זירו בקבוק 500 מ""ל.",החברה המרכזית לייצור משקאות,IL,קוקה קולה זירו,מיליליטרים,500.00,"100 מ""ל",false,0,8.50,1.70,true,1,
7290008909884,false,"קוקה קולה זירו 350 מ""ל בקבוק זכוכית",החברה המרכזית לייצור משק,IL,קולה זירו בקבוק,מיליליטרים,350.00,"100 מ""ל",false,1,7.50,2.14,true,1,
7290008975780,false,"מזון לכלבים בונזו מזון כלבים גזע קטן 3 ק""ג","ביופט בע""מ",FR,בונזו גזע קטן,קילוגרמים,3.00,"ק""ג",false,0,52.00,17.33,true,1,
7290008989602,false,בטר פצפוצי אורז מלא 450 ג,בטר אנד דיפרנט,IL,אורז תפוח מלא,גרמים,450.00,100 גרם,false,0,21.90,4.87,true,1,
7290008989671,false,"ציפוי עדיף פריך ""ללא גלוטן"" בטר אנד דיפרנט 250 גרם",בטר אנד דיפרנט,IL,ציפוי עדיף פריך,גרמים,250.00,100 גרם,false,0,12.90,5.16,true,1,
=======
7290008470759,false,מסטיק אורביט ספירמינט מארז שמינייה,מרס ריגלי ישראל בעמ,FR,מסטיק אורביט 8יח,גרמים,104.00,100 גרם,false,0,16.10,15.48,true,1,
7290008493413,false,פירורי לחם מאיר בייגל פירורי גריסיני 200 גרם,"דנשר (1963) בע,מ",IL,פירורי גריסיני,גרמים,200.00,100 גרם,false,0,7.50,3.75,true,1,
7290008644112,false,אחלה יום יום סלט מטבוחה יום יום 125 גרם,שטראוס גרופ בעמ/מצונן,IL,מטבוחה יום יום,גרמים,125.00,100 גרם,false,0,5.70,4.56,true,1,
7290008644235,false,מבחר עלי בייבי 120 גרם-טעם הטבע,שטראוס בריאות ירקות טריי,IL,עלי בייבי,גרמים,120.00,100 גרם,false,0,10.90,9.08,true,1,
7290008644945,false,סלט המושבה שטראוס 450 גר`-טעם הטבע,שטראוס בריאות ירקות טריי,IL,סלט המושבה,גרמים,450.00,100 גרם,false,0,13.90,3.09,true,1,
7290008645935,false,אחלה חומוס לניגוב 750 גרם,שטראוס גרופ בעמ/מצונן,IL,חומוס אחלה,גרמים,750.00,100 גרם,false,0,11.90,1.59,true,1,
7290008670012,false,"יין אדום קברנה סוביניון רקנאטי 750 מ""ל",היכל היין שקד גולן בעמ,IL,קברנה סוביניון,מיליליטרים,750.00,"100 מ""ל",false,0,51.90,6.92,true,1,
7290008670029,false,"יין אדום מרלו רקנאטי 750 מ""ל",היכל היין שקד גולן בעמ,IL,יין רקנאטי מרלו,מיליליטרים,750.00,"100 מ""ל",false,0,51.90,6.92,true,1,
7290008670210,false,"יין אדום שירז רקנאטי אחים שקד 750 מ""ל",היכל היין שקד גולן בעמ,IL,רקנאטי שיראז,מיליליטרים,750.00,"100 מ""ל",false,0,51.90,6.92,true,1,
7290008679428,false,כפפות הנדי לבית ולמטבח בינוני,גורי מוצרי צריכה בעמ,TW,זוג כפפות בית,יחידה,1.00,יחידה,false,0,6.70,6.70,true,1,
7290008690713,false,נקטר חמוציות אושן ספריי פריגת (1 ליטר),החברה המרכזית להפצת משקאות בעמ,IL,אושן ספריי,ליטרים,1.00,ליטר,false,0,13.50,13.50,true,1,
7290008693134,false,מעדן גבינה ויוגורט בטעם תות 5% שומן 88 ג' דניאלה,שטראוס גרופ בעמ/מצונן,IL,דניאלה תות מוקצף,גרמים,88.00,100 גרם,false,0,4.30,4.89,true,1,
7290008713900,false,לחם שיפון עגול פרוס אחדות (750 גרם),מאפיית אנג'\ל אורנים מאפ,IL,לחם שיפון עגול,גרמים,750.00,100 גרם,false,0,14.90,1.99,true,1,
7290008745239,false,תפוצ'יפס קראנצ' בטעם טבעי עלית 50 גרם,"שטראוס פריטו ליי בע""\מ )",IL,תפוצ'יפס קראנצ',גרמים,50.00,100 גרם,false,0,4.30,8.60,true,1,
7290008747547,false,תפוצ'יפס קראנץ' בטעם טבעי עלית 200 גרם,"שטראוס פריטו ליי בע""\מ )",IL,תפוצ'יפס קראנצ',גרמים,200.00,100 גרם,false,0,10.90,5.45,true,1,
7290008753111,false,תפוצ'יפס קראנץ' בטעם מקסיקני עלית 50 גרם,"שטראוס פריטו ליי בע""\מ )",IL,תפוצ'יפס קראנצ',גרמים,50.00,100 גרם,false,0,4.30,8.60,true,1,
7290008757034,false,"שוופס סודה זכוכית 250 מ""ל",יפאורה שותפות מוגבלת לשיווק,IL,מי סודה,מיליליטרים,250.00,"100 מ""ל",false,0,4.30,1.72,true,1,
7290008757980,false,קרטונית ספרינג נקטר רימונים 1 ליטר,יפאורה שותפות מוגבלת לשיווק,IL,נקטר רימונים,ליטרים,1.00,ליטר,false,0,7.60,7.60,true,1,
7290008775816,false,ערגליות עוגיות במילוי שוקולד אסם 300 גרם,קבוצת אוסם סחר שותפות מוגבלת,IL,ערגליות שוקו,גרמים,300.00,100 גרם,false,0,11.50,3.83,true,1,
7290008775823,false,ערגליות עוגיות תות שדה אסם 300 גרם,קבוצת אוסם סחר שותפות מוגבלת,IL,ערגליות תות,גרמים,300.00,100 גרם,false,0,11.50,3.83,true,1,
7290008801010,false,"יין קברנה סוביניון מרלו פרייוט קולקשן 750 מ""ל",אגודת הכורמים הקאופו,IL,קברנה מרלו P.C,מיליליטרים,750.00,"100 מ""ל",false,0,39.90,5.32,true,1,
7290008801119,false,סלקטד סוביניון בלאן יקבי כרמל (750 מל),אגודת הכורמים הקואופרטיב,IL,סובניון בלאן,מיליליטרים,750.00,"100 מ""ל",false,0,29.90,3.99,true,1,
7290008801157,false,"יין מרלו סלקטד כרמל כרמל 750 מ""ל",אגודת הכורמים -כרמל מזרחי,IL,מרלו סלקטד,מיליליטרים,750.00,"100 מ""ל",false,0,29.90,3.99,true,1,
7290008801546,false,יין מוסקט מתוק קינג דיוויד יקבי כרמל,אגודת הכורמים הקואופרטיב,IL,מוסקט קינג דיווד,מיליליטרים,750.00,"100 מ""ל",false,0,23.90,3.19,true,1,
7290008801843,false,סלקטד קברנה סובניון יקבי כרמל (750 מל),אגודת הכורמים בעמ,IL,קברנה סוביניון,מיליליטרים,750.00,"100 מ""ל",false,0,29.90,3.99,true,1,
7290008801850,false,סלקטד אמרלד ריזלינג לבן חצי יבש 750 מל,אגודת הכורמים הקואופרטיב,IL,אמרלד ריזלינג,מיליליטרים,750.00,"100 מ""ל",false,0,29.90,3.99,true,1,
7290008802291,false,יין מרלו פרייבט קולקשן יקבי כרמל,אגודת הכורמים הקואופרטיב,IL,מרלו P.C,מיליליטרים,750.00,"100 מ""ל",false,0,39.90,5.32,true,1,
7290008802512,false,"יין וינו אדום ""כרמל מזרחי""",אגודת הכורמים בעמ,IL,יין אדום יבש,מיליליטרים,750.00,"100 מ""ל",false,0,22.90,3.05,true,1,
7290008802529,false,"יין לבן חצי יבש וינו 750 מ""ל",אגודת הכורמים בעמ,IL,יין לבן יבש וינו,מיליליטרים,750.00,"100 מ""ל",false,0,22.90,3.05,true,1,
7290008802895,false,יין קברנה סוביניון פרייבט קולקשן יקבי כרמל,אגודת הכורמים הקאופורטיב,IL,קברנה סוביניון,מיליליטרים,750.00,"100 מ""ל",false,0,39.90,5.32,true,1,
7290008804332,false,שיראז אדום יבש פריווט קולקשיין 750מל,אגודת הכורמים הקואופרטיב,IL,שיראז אדום יבש,מיליליטרים,750.00,"100 מ""ל",false,0,39.90,5.32,true,1,
7290008805384,false,סלקטד מוסקטו לבן יקבי כרמל (750 מל),אגודת הכורמים הקואופרטיב,IL,סלקטד מוסקטו,מיליליטרים,750.00,"100 מ""ל",false,0,29.90,3.99,true,1,
7290008806985,false,נישנושים גלידה שוקו וניל בציפוי שוקולד 60 יח' קרמיסימו,"גלידת שטראוס בע""\מ, רחוב",IL,נשנושי שוקווניל,גרמים,630.00,100 גרם,false,0,49.90,7.92,true,1,
7290008846219,false,"שמן זית כתית מעולה חלוצה 750 מ""ל",האי נאם סי או אל.טי.,IL,שמן זית כתית,מיליליטרים,750.00,"100 מ""ל",false,0,43.90,5.85,true,1,
7290008866033,false,מארז גאודה עיזים30% משקל,גבינות יעקבס,IL,מארז גאודה עיזים,קילוגרמים,0.00,"ק""ג",true,1,159.00,159.00,true,1,
7290008909853,false,"קוקה קולה זירו בקבוק 500 מ""ל.",החברה המרכזית להפצת משקאות בעמ,IL,קוקה קולה זירו,מיליליטרים,500.00,"100 מ""ל",false,0,8.50,1.70,true,1,
7290008909884,false,"קוקה קולה זירו 350 מ""ל בקבוק זכוכית",החברה המרכזית להפצת משקאות בעמ,IL,קולה זירו בקבוק,מיליליטרים,350.00,"100 מ""ל",false,1,7.50,2.14,true,1,
7290008975780,false,"מזון לכלבים בונזו מזון כלבים גזע קטן 3 ק""ג",דיפלומט מפיצים (1968) בעמ**,FR,בונזו גזע קטן,קילוגרמים,3.00,"ק""ג",false,0,52.00,17.33,true,1,
7290008989602,false,בטר פצפוצי אורז מלא 450 גר`ללא גלוטן,בטר אנד דיפרנט בעמ,IL,אורז תפוח מלא,גרמים,450.00,100 גרם,false,0,21.90,4.87,true,1,
7290008989671,false,"ציפוי עדיף פריך ""ללא גלוטן"" בטר אנד דיפרנט 250 גרם",בטר אנד דיפרנט בעמ,IL,ציפוי עדיף פריך,גרמים,250.00,100 גרם,false,0,12.90,5.16,true,1,
>>>>>>> d048ac2f4f281c9d788043ab4e81b61b0dbe3743
7290008989848,false,ממרח חמאת בוטנים קרנצי בטר אנד דיפרנט 350 גרם,בטר אנד דיפרנט B&D,IL,חמאת בוטנים,גרמים,350.00,100 גרם,false,0,16.20,4.63,true,1,
7290009011043,true,פילה אמנון טרי שופרסל קג,דגת הארץ,IL,פילה אמנון טרי,קילוגרמים,0.00,"ק""ג",true,1,89.90,89.90,true,1,
7290009011050,true,פילה בורי טרי שופרסל לקג,דגת הארץ,IL,פילה בורי טרי,קילוגרמים,0.00,"ק""ג",true,1,97.90,97.90,true,1,
7290009011067,true,פילה באס טרי שופרסל לקג,דגת הארץ,IL,פילה באס טרי,קילוגרמים,0.00,"ק""ג",true,1,124.90,124.90,true,1,
7290009011098,true,פילה אדמונית טרי שופרסל,דגת הארץ,IL,פילה אדמונית טרי,קילוגרמים,0.00,"ק""ג",true,1,89.90,89.90,true,1,
7290009011111,true,דניס שלם טרי שופרסל לקג,דגת הארץ,IL,דניס שלם טרי,קילוגרמים,0.00,"ק""ג",true,1,84.90,84.90,true,1,
7290009011128,true,פילה סלמון טרי שופרסל לק,דגת הארץ,IL,נתחי סלמון טרי ש,קילוגרמים,0.00,"ק""ג",true,1,119.90,119.90,true,1,
7290009011159,true,אמנון שלם טרי שופרסל לקג,דגת הארץ,IL,אמנון שלם טרי,קילוגרמים,0.00,"ק""ג",true,1,49.90,49.90,true,1,
7290009012125,true,סטייק דנוור טרי חלק קג,,IL,סטייק דנוור טרי,קילוגרמים,0.00,"ק""ג",true,1,119.90,119.90,true,1,
7290009013023,true,"פילה דניס טרי ארוז ק""ג",דגת הארץ,IL,פילה דניס טרי,קילוגרמים,0.00,"ק""ג",true,1,124.90,124.90,true,1,
7290009017038,true,נקניק סלמי צרפתי שופרסל,מעדני יחיעם,IL,סלמי צרפתי,קילוגרמים,0.00,"ק""ג",true,1,130.00,130.00,true,1,
7290009017045,true,כתף בקר מפולפל שופרסל,מעדני יחיעם,IL,כתף בקר מפולפל,קילוגרמים,0.00,"ק""ג",true,1,109.00,109.00,true,1,
7290009017052,true,איטלקי מפולפל שופרסל,מעדני יחיעם,IL,איטלקי מפולפל,קילוגרמים,0.00,"ק""ג",true,1,66.00,66.00,true,1,
7290009017069,true,נקניק סרוולד שופרסל קג,מעדני יחיעם,IL,סלמי סרוולד,קילוגרמים,0.00,"ק""ג",true,1,130.00,130.00,true,1,
7290009017076,true,נקניק סלמי תה שופרסל קג,מעדני יחיעם,IL,סלמי תה,קילוגרמים,0.00,"ק""ג",true,1,49.00,49.00,true,1,
7290009096972,true,ירכיים טבעוף טרי ארוז קג,טבעוף,IL,ירכיים טבעוף טרי,קילוגרמים,0.00,"ק""ג",true,0,39.90,39.90,true,1,
7290009105162,true,זוג נתחי סלמון ללא עור,ויליגר,IL,זוג נתחי סלמון ל,קילוגרמים,0.00,"ק""ג",true,0,99.90,99.90,true,1,
7290009137408,true,מיקס דונאטס 4 יח,סטוקסון,PL,מיקס דונאטס 4 יח,יחידה,1.00,יחידה,false,1,19.90,19.90,true,1,
7290009137415,true,מיקס דונאטס 6 יח,סטוקסון,PL,מיקס דונאטס 6 יח,יחידה,1.00,יחידה,false,1,27.90,27.90,true,1,
7290009137705,true,סופגניה מיני ללא ריבה4י,גידרון,IL,סופגניה מיני 4יח,יחידה,1.00,יחידה,false,1,12.90,12.90,true,1,
7290009137712,true,סופגניה מיני ללא ריבה 8י,גידרון,IL,סופגניה מיני 8יח,יחידה,1.00,יחידה,false,1,19.90,19.90,true,1,
7290009137750,true,גבינה צהובה28% במשקל,MLEKOVITA,PL,גבינה צהובה 28%,קילוגרמים,0.00,"ק""ג",true,1,27.00,27.00,true,1,
7290009137767,true,גבינה צהובה28%מגורד משקל,MLEKOVITA,PL,גב.צהובה מגורדת,קילוגרמים,0.00,"ק""ג",true,1,27.00,27.00,true,1,
7290009137804,true,מוצרלה שופרסל במשקל,קיוסריה,ES,מוצרלה שופרסל,קילוגרמים,0.00,"ק""ג",true,1,55.00,55.00,true,1,
7290009137897,true,אבוקדו במשקל,,IL,אבקודו גליל,קילוגרמים,0.00,"ק""ג",true,1,14.90,14.90,true,1,
7290009391282,true,פילהאמנון7-9ע.עור100%דג,הויזונג ביילו גוושי,CN,פילה אמנון קפוא,קילוגרמים,0.00,"ק""ג",true,0,39.90,39.90,true,1,
7290009391336,true,פילה אמנון קפוא 80% קג,XINTAISHENG HAINAN,CN,פילה אמנון קפוא,קילוגרמים,0.00,"ק""ג",true,0,32.90,32.90,true,1,
7290009391435,true,המבורגר טרי אנגוס חלק קג,שופרסל,AR,המבורגר טרי,קילוגרמים,0.00,"ק""ג",true,0,79.90,79.90,true,1,
7290009391619,true,כרעיים עוף טרי פרמיום קג,מילועוף,IL,כרעיים עוף טרי,קילוגרמים,0.00,"ק""ג",true,1,34.90,34.90,true,1,
7290009391626,true,שוקיים עוף טרי פרמיום קג,מילועוף,IL,שוקיים פרמיום,קילוגרמים,0.00,"ק""ג",true,1,37.90,37.90,true,1,
7290009391633,true,פרגיות טרי פרימיום שופרס,מילועוף,IL,פרגיות פרמיום טר,קילוגרמים,0.00,"ק""ג",true,1,69.90,69.90,true,1,
7290009391640,true,כנפיים עוף פרמיום שופרסל,מילועוף,IL,כנפיים פרמיום טר,קילוגרמים,0.00,"ק""ג",true,1,14.90,14.90,true,1,
7290009391657,true,שניצל עוף דק פרימיום שופ,מילועוף,IL,שניצל דק פרמיום,קילוגרמים,0.00,"ק""ג",true,1,44.90,44.90,true,1,
7290009391664,true,פילה עוף טרי פרמיום שופר,מילועוף,IL,פילה פרמיום טרי,קילוגרמים,0.00,"ק""ג",true,1,49.90,49.90,true,1,
7290009391688,true,חזה עוף טרי פרמיום שופרס,מילועוף,IL,חזה פרמיום טרי,קילוגרמים,0.00,"ק""ג",true,1,39.90,39.90,true,1,
7290009391695,true,כתף בקר מעושן קג,מעדני יחיעם,IL,כתף בקר מעושן קג,קילוגרמים,0.00,"ק""ג",true,1,109.00,109.00,true,1,
7290009391701,true,סלמי קוניאק קג,מעדני יחיעם,IL,סלמי קוניאק קג,קילוגרמים,0.00,"ק""ג",true,1,66.00,66.00,true,1,
7290009391718,true,רוסט ביף קג,מעדני יחיעם,IL,רוסט ביף קג,קילוגרמים,0.00,"ק""ג",true,1,119.00,119.00,true,1,
7290009391954,true,המבורגר בלאק אנגוס טרי,,US,המבורגר בלאק טרי,קילוגרמים,0.00,"ק""ג",true,0,79.90,79.90,true,1,
7290009391978,true,דנוור סטייק בלאק טרי קג,,US,דנוור סטייק בלאק,קילוגרמים,0.00,"ק""ג",true,0,119.90,119.90,true,1,
7290009391985,true,פילה ברמונדי טרי קג,דגת הארץ,IL,פילה ברמונדי טרי,קילוגרמים,0.00,"ק""ג",true,0,124.90,124.90,true,1,
7290009392012,true,פילה לברק טרי ארוז קג,דגת הארץ,IL,פילה לברק טרי,קילוגרמים,0.00,"ק""ג",true,0,139.90,139.90,true,1,
7290009392050,true,פילה אמנון ללא עור קפוא,,CN,פילה אמנון ללא ע,קילוגרמים,0.00,"ק""ג",true,0,39.90,39.90,true,1,
7290009392685,true,אנטריקוט טרי מוכשר יבוא,,XX,אנטריקוט טרי,קילוגרמים,0.00,"ק""ג",true,0,129.90,129.90,true,1,
7290009392692,true,צלעות טרי מוכשר יבוא קג,,XX,צלעות טרי,קילוגרמים,0.00,"ק""ג",true,0,69.90,69.90,true,1,
7290009392715,true,כתף טרי מוכשר יבוא קג,,XX,כתף טרי,קילוגרמים,0.00,"ק""ג",true,0,79.90,79.90,true,1,
7290009392722,true,צלי כתף טרי מוכשר יבוא ק,,XX,צלי כתף טרי,קילוגרמים,0.00,"ק""ג",true,0,89.90,89.90,true,1,
7290009392739,true,פ.מדומה טרי מוכשר יבוא ק,,XX,פילה מדומה טרי,קילוגרמים,0.00,"ק""ג",true,0,79.90,79.90,true,1,
7290009392746,true,שריר טרי מוכשר יבוא קג,,XX,שריר טרי,קילוגרמים,0.00,"ק""ג",true,0,69.90,69.90,true,1,
7290009392807,true,סינטה טרי מוכשר יבוא קג,,XX,סינטה טרי,קילוגרמים,0.00,"ק""ג",true,1,129.90,129.90,true,1,
7290009392814,true,פילה טרי מוכשר יבוא קג,,XX,פילה טרי,קילוגרמים,0.00,"ק""ג",true,1,199.90,199.90,true,1,
7290009392821,true,אנטריקוט טרי חלק יבוא קג,,XX,אנטריקוט טרי,קילוגרמים,0.00,"ק""ג",true,1,129.90,129.90,true,1,
7290009392838,true,צלעות טרי חלק יבוא קג,,XX,צלעות טרי,קילוגרמים,0.00,"ק""ג",true,0,69.90,69.90,true,1,
7290009392852,true,כתף טרי חלק יבוא קג,,XX,כתף בקר טרי,קילוגרמים,0.00,"ק""ג",true,0,79.90,79.90,true,1,
7290009392876,true,צלי כתף טרי חלק יבוא קג,,XX,צלי כתף טרי,קילוגרמים,0.00,"ק""ג",true,0,89.90,89.90,true,1,
7290009392883,true,פילה מדומה טרי חלק יבוא,,XX,פילה מדומה טרי,קילוגרמים,0.00,"ק""ג",true,0,79.90,79.90,true,1,
7290009392890,true,שריר טרי חלק יבוא קג,,XX,שרירי טרי,קילוגרמים,0.00,"ק""ג",true,0,69.90,69.90,true,1,
7290009392968,true,סינטה טרי חלק יבוא קג,,XX,סינטה טרי,קילוגרמים,0.00,"ק""ג",true,0,129.90,129.90,true,1,
7290009392975,true,פילה טרי חלק יבוא קג,,XX,פילה טרי,קילוגרמים,0.00,"ק""ג",true,0,199.90,199.90,true,1,
7290009393071,true,כתף טרי חלק אנגוס קג,,AR,כתף טרי אנגוס,קילוגרמים,0.00,"ק""ג",true,0,84.90,84.90,true,1,
7290009393095,true,סינטה טרי חלק אנגוס קג,,AR,סינטה טרי אנגוס,קילוגרמים,0.00,"ק""ג",true,0,149.90,149.90,true,1,
7290009393118,true,אנטריקוט טרי חלק אנגוס ק,,AR,אנטריקוט טרי אנג,קילוגרמים,0.00,"ק""ג",true,0,169.90,169.90,true,1,
7290009393156,true,פילה מדומה טרי חלק אנגוס,,AR,פילה מדומה טרי א,קילוגרמים,0.00,"ק""ג",true,0,84.90,84.90,true,1,
7290009393194,true,צלי כתף טרי חלק אנגוס קג,,AR,צלי כתף טרי אנגו,קילוגרמים,0.00,"ק""ג",true,0,99.90,99.90,true,1,
7290009393262,true,צלעות טרי חלק אנגוס קג,,AR,צלעות טרי אנגוס,קילוגרמים,0.00,"ק""ג",true,1,59.90,59.90,true,1,
7290009393286,true,שריר טרי חלק אנגוס קג,,AR,שריר טרי אנגוס,קילוגרמים,0.00,"ק""ג",true,1,69.90,69.90,true,1,
7290009394917,true,פילה סלמון נורווגי קפוא,FISK EKKO,DK,פילה סלמון נורוו,קילוגרמים,0.00,"ק""ג",true,1,79.90,79.90,true,1,
7290009396867,true,מארז לחמניית ביס 8יח,גידרון,IL,מארז לחמניית ביס,יחידה,1.00,יחידה,false,0,10.90,10.90,true,1,
7290009397642,true,חמישית מאפין שוקו 200גרם,גידרון,IL,חמישיית מאפין,גרמים,5.00,100 גרם,false,0,10.90,218.00,true,1,
7290009397697,true,מאפין שוק.צ'יפס 5י גדרון,גידרון,IL,חמישיית מאפין,גרמים,5.00,100 גרם,false,0,10.90,218.00,true,1,
7290009398021,true,לחמניית ביס באגט,גידרון,IL,לחמניית ביס באגט,יחידה,1.00,יחידה,false,0,1.80,1.80,true,1,
7290009398281,true,מארז פיתות אסלית100*10ג,מאפיית אנג'ל,IL,פיתות 10 יח,גרמים,1000.00,100 גרם,false,0,13.90,1.39,true,1,
7290009398618,true,סופגנ.מטוגנ.קפוא+ריבה80ג,גידרון,IL,סופגניה רגילה,גרמים,80.00,100 גרם,false,0,5.90,7.38,true,1,
7290009398687,true,דונטס מטוגן,גידרון,IL,דונאט,יחידה,1.00,יחידה,false,0,7.50,7.50,true,1,
7290009398786,true,מארז פיתות אסלית 5יח100*,מאפיית אנג'ל,IL,5 פיתות אסליות,גרמים,500.00,100 גרם,false,0,8.50,1.70,true,1,
7290009398830,true,פיתה אסלית אפוי קפוא100ג,מאפ גדרון,IL,פיתה אסלית,גרמים,100.00,100 גרם,false,0,2.40,2.40,true,1,
7290009398847,true,לחמניית חלה מתוקה,גידרון,IL,לחמניית חלה מתוק,יחידה,1.00,יחידה,false,0,4.70,4.70,true,1,
7290009399165,true,לחמניה קלה,גידרון,IL,לחמניה קלה,יחידה,1.00,יחידה,false,0,3.90,3.90,true,1,
7290009399707,true,מארז 4יח לחמניה גידרול,גדרון סהרון,IL,לחמניה גידרול 4,יחידה,1.00,יחידה,false,0,13.90,13.90,true,1,
7290009399790,true,לחמניית קשר קלה,גידרון,IL,לחמניה קלה קשר,יחידה,1.00,יחידה,false,0,3.90,3.90,true,1,
7290009399868,true,לחמניית חלה קלה,גידרון,IL,לחמניה חלה קלה,יחידה,1.00,יחידה,false,0,4.70,4.70,true,1,
7290009401943,true,לחמניה קלה 5 יח,,,לחמניה קלה 5 יח,יחידה,1.00,יחידה,false,0,13.90,13.90,true,1,
7290009804010,true,כנפי עוף טרי ארוז עצמי,.,IL,כנפי עוף טרי,קילוגרמים,0.00,"ק""ג",true,1,12.90,12.90,true,1,
7290009811483,true,שניצל עוף טרי ארוז עצמי,.,IL,שניצל עוף טרי,קילוגרמים,0.00,"ק""ג",true,1,37.90,37.90,true,1,
7290009819212,true,גרון הודו נ.טרי א.עצמי,.,IL,גרון הודו טרי,קילוגרמים,0.00,"ק""ג",true,1,29.90,29.90,true,1,
7290009950106,true,"משקה אנרגיה מצונן 250מ""ל",,,משקה אנרגיה250מל,מיליליטרים,250.00,"100 מ""ל",false,0,5.80,2.32,true,1,
7290009950137,true,בירה גולדסטאר330,,,בירה גולדסטאר330,מיליליטרים,330.00,"100 מ""ל",false,0,10.80,3.27,true,1,
7290009950717,true,סופגניה גדולה מצופה יח',גידרון,IL,סופגניה מצופה,יחידה,1.00,יחידה,false,0,7.90,7.90,true,1,
7290009950724,true,סופגניה מיני מצופה,גידרון,IL,סופגנ.מיני מצופה,יחידה,1.00,יחידה,false,0,5.90,5.90,true,1,
7290009951899,true,מאפה מלוח משקל,גידרון,IL,מאפה מלוח חלבי,קילוגרמים,0.00,"ק""ג",true,0,42.00,42.00,true,1,
7290009951912,true,מאפה מתוק משקל,גידרון,IL,מאפה מתוק,קילוגרמים,0.00,"ק""ג",true,0,42.00,42.00,true,1,
7290009952308,true,מארז 4יח לחמניית דגנים י,גידרון,IL,לחמניה דגנים 4יח,יחידה,1.00,יחידה,false,0,13.90,13.90,true,1,
7290009952339,true,מארז8 לחמניות אצבע יח,גידרון,IL,לחמניה אצבע 8יח,יחידה,1.00,יחידה,false,0,11.90,11.90,true,1,
7290009952346,true,מארז לחמניית חלה4יחי,גידרון,IL,לחמניה חלה 4יח,יחידה,1.00,יחידה,false,0,13.90,13.90,true,1,
7290009952377,true,מארז לחמנית קשר 5יח',גידרון,IL,לחמניה קשר 5יח,יחידה,1.00,יחידה,false,0,13.90,13.90,true,1,
7290009952674,true,שתיה מוגזת מצוננת 1.5 ל',גידרון,IL,משקה מצונן330מל,מיליליטרים,330.00,"100 מ""ל",false,0,6.50,1.97,true,1,
7290009952698,true,"משקה מצונן 250 מ""ל",,IL,משקה מצונן250מל,מיליליטרים,250.00,"100 מ""ל",false,0,6.30,2.52,true,1,
7290009952988,true,מוצרלה מגורדת,,IL,מוצרלה מגורדת,קילוגרמים,0.00,"ק""ג",true,0,88.00,88.00,true,1,
7290009953916,true,גבינת צ'דר כתומה,,GB,גבינת צ'דר כתומה,קילוגרמים,0.00,"ק""ג",true,0,140.00,140.00,true,1,
7290009954241,true,נועם ג.צהובה22%חריץ משקל,"טרופיקל דגיל תעשיות קוסמטיקה בע""מ",IL,גבינת נועם 22%,קילוגרמים,0.00,"ק""ג",true,0,42.58,42.58,true,1,
7290009954258,true,נועם ג.צהובה28%חריץ משקל,י. מלכי מוצרים,IL,גבינת נועם 28%,קילוגרמים,0.00,"ק""ג",true,0,44.79,44.79,true,1,
7290009954357,true,גב.עמק מגורדת במשקל,,IL,גבינת עמק מגורדת,קילוגרמים,0.00,"ק""ג",true,0,44.79,44.79,true,1,
7290009954388,true,טל העמק מגורדת32% במשקל,תנובה,IL,טל העמק מגורדת,קילוגרמים,0.00,"ק""ג",true,0,58.00,58.00,true,1,
7290009954999,true,מים מצוננים500מל,,IL,מים מצוננים500מל,מיליליטרים,500.00,"100 מ""ל",false,0,6.90,1.38,true,1,
7290009955002,true,מים מצוננים1.5ל,,IL,מים מצוננים1.5ל,ליטרים,1.50,ליטר,false,0,8.00,5.33,true,1,
7290009955019,true,משקה מצונן 1.5ל,,IL,משקה מצונן 1.5ל,ליטרים,1.50,ליטר,false,0,12.00,8.00,true,1,
7290009956221,true,מים מצוננים 2 ליטר,,IL,מים מצוננים 2ל,ליטרים,2.00,ליטר,false,1,9.90,4.95,true,1,
7290009956535,true,רצועות פילה נילוס קפוא ק,"טיבון ויל אחזקות בע""\מ",IL,רצועות נילוס,קילוגרמים,0.00,"ק""ג",true,1,79.90,79.90,true,1,
7290009957174,true,סלמון מעושן פסקאדו במשקל,ויליגר,IL,סלמון מעושן פסקא,קילוגרמים,0.00,"ק""ג",true,1,239.00,239.00,true,1,
7290009957396,true,גבינת שמנת25%שופרסל משקל,גבינות משק יעקבס,IL,גבינת שמנת במשקל,קילוגרמים,0.00,"ק""ג",true,1,44.00,44.00,true,1,
7290009957402,true,גב.שמנת שום שמיר במשקל,גבינות משק יעקבס,IL,גבינת שמנת במשקל,קילוגרמים,0.00,"ק""ג",true,1,44.00,44.00,true,1,
7290009957419,true,בייבי מוצרלה18%שופר משקל,גבינות משק יעקבס,IL,בייבי מוצרלה,קילוגרמים,0.00,"ק""ג",true,1,79.00,79.00,true,1,
7290009957426,true,כדור מוצרלה שופרסל במשקל,גבינות משק יעקבס,IL,כדור מוצרלה,קילוגרמים,0.00,"ק""ג",true,1,79.00,79.00,true,1,
7290009957433,true,לאבנה בקר5% שופרסל במשקל,גבינות משק יעקבס,IL,לאבנה בקר במשקל,קילוגרמים,0.00,"ק""ג",true,1,35.00,35.00,true,1,
7290009957525,true,סופגניה מיני מצופה 4יח,גידרון,IL,4סופגניה מיני,יחידה,1.00,יחידה,false,1,19.90,19.90,true,1,
7290009957532,true,סופגניה מיני רגילה 4יח',גידרון,IL,סופגניה מיני 4יח,יחידה,1.00,יחידה,false,1,12.90,12.90,true,1,
7290009957792,true,מאפה לחמניית פרצל יחידה,אס.פי.דז.או.או.,PL,מאפה לחמנית פרצל,יחידה,1.00,יחידה,false,1,5.30,5.30,true,1,
7290009957808,true,מאפה פרצל יחידה,אס.פי.דז.או.או.,PL,מאפה פרצל,יחידה,1.00,יחידה,false,1,5.30,5.30,true,1,
7290009958256,true,איבריקו שופרסל משקל,אל פסטור,ES,איבריקו שופרסל,קילוגרמים,0.00,"ק""ג",true,1,115.00,115.00,true,1,
7290009958263,true,מנצגו שופרסל משקל,אל פסטור,ES,מנצגו שופרסל,קילוגרמים,0.00,"ק""ג",true,1,115.00,115.00,true,1,
7290009958355,true,גב.עיזים34% הולנד מגורדת,B.V KAAS HAZELEGER,NL,גב.עיזים מגורדת,קילוגרמים,0.00,"ק""ג",true,1,119.00,119.00,true,1,
7290009958515,true,"תפו""ע קנדין אורגני במשקל",,IT,תפוח עץ קנדין,קילוגרמים,0.00,"ק""ג",true,1,23.90,23.90,true,1,
7290009958577,true,בולגרית מעודנת 5% משקל,מחלבות רמת הגולן,IL,בולגרית מעודנת,קילוגרמים,0.00,"ק""ג",true,1,49.00,49.00,true,1,
7290009958584,true,בולגרית 5% שופרסל משקל,מחלבות רמת הגולן,IL,בולגרית 5% משקל,קילוגרמים,0.00,"ק""ג",true,1,62.00,62.00,true,1,
7290009958591,true,בולגרית 16% שופרסל משקל,מחלבות רמת הגולן,IL,בולגרית 16% משקל,קילוגרמים,0.00,"ק""ג",true,1,63.00,63.00,true,1,
7290009958607,true,צפתית מעודנת5% משקל שופר,מחלבות רמת הגולן,IL,צפתית מעודנת 5%,קילוגרמים,0.00,"ק""ג",true,1,62.00,62.00,true,1,
7290010002023,false,כורכום הודי טחון תבליני מימון 100 גרם,א.ל. ייצור ושיווק תבלינים בע`מ,IL,כורכום טחון,גרמים,100.00,100 גרם,false,0,12.90,12.90,true,1,
7290010002122,false,פפריקה הונגרית מתוקה תבליני מימון 100 גרם,א.ל. ייצור ושיווק תבלינים בע`מ,IL,פפריקה הונגרית,גרמים,100.00,100 גרם,false,0,12.90,12.90,true,1,
7290010002207,false,תבלין קינמון טחון תבליני מימון 100 גרם,א.ל. ייצור ושיווק תבלינים בע`מ,IL,קינמון טחון,גרמים,100.00,100 גרם,false,0,11.00,11.00,true,1,
7290010002382,false,תבלין אורגנו תבליני מימון 40 גרם,א.ל. ייצור ושיווק תבלינים בע`מ,IL,אורגנו,גרמים,40.00,100 גרם,false,0,11.00,27.50,true,1,
7290010023141,false,תה לימונענע הגן הקסום ויסוצקי 25 יחידות,תה ויסוצקי (ישראל) בעמ,IL,חליטת לימונענע,גרמים,55.00,100 גרם,false,0,19.90,36.18,true,1,
7290010045051,false,עוגיות מלבן שקדים לחמי (200 גרם),קונדטוריות לחמי,IL,עוגיות שקדים,גרמים,200.00,100 גרם,false,0,19.90,9.95,true,1,
7290010045068,false,עוגיות נסיכה לחמי (250 גרם),קונדטוריות לחמי,IL,עוגיות הנסיכה,גרמים,250.00,100 גרם,false,0,19.90,7.96,true,1,
7290010066025,false,טונה פילטונה בודד בשמן 160 ג`.,תעשיות פיל טונה בעמ,IL,נתחי טונה בשמן,גרמים,158.00,100 גרם,false,0,7.10,4.49,true,1,
7290010066575,false,נתחי טונה במים רביעיה *158ג' פילטונה,תעשיות פילטונה בעמ,IL,טונה במי מלח 4יח,גרמים,632.00,100 גרם,false,0,25.90,4.10,true,1,
7290010066582,false,נתחי טונה בשמן קנולה רביעיה * 158 ג' פילטונה,תעשיות פילטונה בעמ,IL,טונה בשמן 4 יח,גרמים,632.00,100 גרם,false,0,25.90,4.10,true,1,
7290010066599,false,רביעיית נתחי טונה בשמן זית פילטונה 158X4 גרם,תעשיות פילטונה בעמ,IL,טונה בשמן זית4יח,גרמים,632.00,100 גרם,false,0,30.90,4.89,true,1,
7290010116980,false,שוקולית אבקה להכנת משקה שוקו שקית 850,הנסיך- מפעל לייצור ט,IL,שוקולית עלית,גרמים,850.00,100 גרם,false,0,19.50,2.29,true,1,
7290010117864,false,דוריטוס חטיף תירס בטעם חריף אש עלית 70 גרם,"שטראוס פריטו ליי בע""\מ )",IL,דוריטוס חריף,גרמים,70.00,100 גרם,false,0,4.10,5.86,true,1,
<<<<<<< HEAD
7290010129027,false,עוגיות מרוקאיות 600 גרם,השוואת מחירונים,IL,עוגיות מרוקאיות,גרמים,600.00,100 גרם,false,0,20.90,3.48,true,1,
7290010129553,false,עוגיות רולדה תמרים 600 גרם,ק.א. ומשווק בבלעדיות על,IL,עוגיות רולדה,גרמים,600.00,100 גרם,false,1,20.90,3.48,true,1,
7290010154012,false,לימון בלאדי כבוש תבליני ביטון 250 גרם,תבליני יוחאי ביטון,IL,לימון בלאדי,גרמים,250.00,100 גרם,false,0,15.90,6.36,true,1,
7290010154050,false,ממרח שיפקה כבוש חריף 250,תבליני יוחאי ביטון,IL,ממרח שיפקה כבוש,גרמים,250.00,100 גרם,false,1,15.90,6.36,true,1,
7290010154241,false,סלט חזרת ריף ביטון 250 ג',תבליני יוחאי ביטון,IL,סלט חזרת ביתית,גרמים,250.00,100 גרם,false,0,15.90,6.36,true,1,
=======
7290010129027,false,עוגיות מרוקאיות דולצ`ה ויטה (600 גרם),שיבולים יצור ושיווק מוצרי מאפה,IL,עוגיות מרוקאיות,גרמים,600.00,100 גרם,false,0,20.90,3.48,true,1,
7290010129553,false,עוגיות רולדה תמרים דולצ`ה ויטה (600 גרם),שיבולים יצור ושיווק מוצרי מאפה,IL,עוגיות רולדה,גרמים,600.00,100 גרם,false,1,20.90,3.48,true,1,
7290010154012,false,לימון בלאדי תבליני ביטון יוחאי (250 גרם),תבליני יוחאי ביטון,IL,לימון בלאדי,גרמים,250.00,100 גרם,false,0,15.90,6.36,true,1,
7290010154050,false,ממרח שיפקה כבוש ביטון יוחאי (250 גרם),תבליני יוחאי ביטון,IL,ממרח שיפקה כבוש,גרמים,250.00,100 גרם,false,1,15.90,6.36,true,1,
7290010154241,false,סלט חזרת ביתית תבליני ביטון יוחאי (250 ג,תבליני יוחאי ביטון,IL,סלט חזרת ביתית,גרמים,250.00,100 גרם,false,0,15.90,6.36,true,1,
>>>>>>> d048ac2f4f281c9d788043ab4e81b61b0dbe3743
7290010154425,false,סחוג ירוק תבליני ביטון 130 גרם,תבליני יוחאי ביטון,IL,סחוג ירוק,גרמים,130.00,100 גרם,false,0,9.40,7.23,true,1,
7290010154692,false,סחוג אדום יוחאי ביטון 250 גרם,תבליני יוחאי ביטון,IL,סחוג אדום 250 גר,גרמים,250.00,100 גרם,false,1,15.90,6.36,true,1,
7290010163632,false,שזיף ללא גלעין400ג'שקדיה,שקדיה,IL,שזיף ללא גלעין,גרמים,400.00,100 גרם,false,0,27.70,6.93,true,1,
7290010163663,false,אגוזי קאשיו טבעיים 200ג,שקדיה,IL,אגוזי קאשיו טבעי,גרמים,200.00,100 גרם,false,0,23.70,11.85,true,1,
7290010163700,false,שקד קלוף טבעי200ג-'שקדיה,שקדיה,IL,שקד טבעי,גרמים,200.00,100 גרם,false,0,19.90,9.95,true,1,
<<<<<<< HEAD
7290010175857,false,פרוסות לבבות דקל במי מלח טעים 400 גרם,אינאקספו,EC,לבבות דקל פרוס,גרמים,400.00,100 גרם,false,0,11.90,2.98,true,1,
7290010192809,false,תמר מג'הול ללא גלעין45ג,,IL,תמר ללא גלעין,גרמים,45.00,100 גרם,false,1,6.90,15.33,true,1,
7290010237531,false,פפסי קולה פלסטיק 500מל,סנו מפעלי ברונוס.,IL,פפסי בקבוק,מיליליטרים,500.00,"100 מ""ל",false,0,5.10,1.02,true,1,
7290010237562,false,משקה פפסי מרינדה קוו,"טמפו משקאות בע""מ",IL,מירינדה,מיליליטרים,500.00,"100 מ""ל",false,0,5.10,1.02,true,1,
7290010237586,false,סבן אפ דיאט פלסטיק 500מל,"טמפו משקאות בע""מ",IL,סבנ אפ דיאט,מיליליטרים,500.00,"100 מ""ל",false,0,5.20,1.04,true,1,
7290010237890,false,"בירה הייניקן בקבוק 500 מ""ל חוזר",טמפו משקאות בע''מ,IL,בירה הייניקן,מיליליטרים,500.00,"100 מ""ל",false,0,10.00,2.00,true,1,
7290010259359,false,וילי פוד נודלס אטר.ביצים להקפצה בדץ 200ג,פוג'יאן לונגהאי אנלי,CN,נודלס ביצים,גרמים,200.00,100 גרם,false,0,5.90,2.95,true,1,
7290010259823,false,מנת השף-מרק עם נודלס בטעם עוף ויליפוד,נמצ'או(תאילנד) בעמ,TH,מנת השף נודלס,גרמים,70.00,100 גרם,false,0,5.90,8.43,true,1,
7290010259830,false,מנת השף נודלס בסגנון סיני פיקנטי וילי פוד 70 גרם,נמצ'או(תאילנד) בעמ,TH,מנת השף נודלס,גרמים,70.00,100 גרם,false,0,5.90,8.43,true,1,
7290010259847,false,מנת השף מרק עם נודלס בטעם תירס ויליפוד 70 גרם,קריות זול,TH,מנת השף נודלס,גרמים,70.00,100 גרם,false,0,5.90,8.43,true,1,
7290010259854,false,מנת השף מרק עם נודלס בטעם פטריות ויליפוד 70 גרם,נמצ'או(תאילנד) בעמ,TH,מנת השף נודלס,גרמים,70.00,100 גרם,false,0,5.90,8.43,true,1,
7290010259977,false,שמן קנולה מזוכך ויליפוד 1 ליטר,בונגי פולין אס.פי.זד,PL,שמן קנולה מזוכך,ליטרים,1.00,ליטר,false,0,11.90,11.90,true,1,
7290010328505,false,"מארז מיני חלווה 15 יחידות לל""ס אחוה 150 גרם",אחדות ביחר לטחינה חל,IL,מיני חלווה,גרמים,150.00,100 גרם,false,0,10.90,7.27,true,1,
7290010429554,false,"שמן זית כתית מעולה יד מרדכי 2 קלאסי, 750 מ""ל",מכוורת יד מרדכי שטראוס ב,IL,שמן זית 2 קלאסי,מיליליטרים,750.00,"100 מ""ל",false,0,37.90,5.05,true,1,
7290010471669,false,יוגורט תות עם קורנפלקס מצופה שוקולד ללא גלוטן 3.9%,"שטראוס בריאות בע""\מ",IL,דנונה בר תות,גרמים,175.00,100 גרם,false,0,4.80,2.74,true,1,
7290010472307,false,"שמיניית משקה גמדים תות בננה דיסני 108 מ""ל",מיוצר עי קונדיטוריית,IL,גמדים לשתיה 8 יח,מיליליטרים,800.00,"100 מ""ל",false,0,20.90,2.61,true,1,
7290010472390,false,מארז 8 יחידות מעדן דני בטעם שוקולד 1.5%,מיוצר עי קונדיטוריית,IL,דני שוקולד 8 יח',קילוגרמים,1.00,"ק""ג",false,0,16.30,16.30,true,1,
7290010513703,false,מזרח ומערב צ'ופסטיקס צפצפה,גולין פנגזו,IL,צ'ופסטיקס צפצפה,יחידה,1.00,יחידה,false,0,7.90,7.90,true,1,
7290010513727,false,פנקו פרורי לחם 200 גרם (קינגדאו),קינגדאו גוניון פודס,CN,פנקו פרוי לחם,גרמים,200.00,100 גרם,false,0,8.90,4.45,true,1,
7290010548514,false,קוביות עשבי תיבול לבישול איטלקי דורות 70 גרם,עיצובים 2020 (3.8),IL,דורותעשבי תיבול,גרמים,70.00,100 גרם,false,0,11.90,17.00,true,1,
7290010587469,false,"יין טוליפ קברנה סוביניון 750 מ""ל",מיוצר וממולא על ידי יקב,IL,קברנה טוליפ,מיליליטרים,750.00,"100 מ""ל",false,1,69.90,9.32,true,1,
7290010609079,false,טרופיקש 10 יח,,IL,טרופיקש 10 יח,ליטרים,2.00,ליטר,false,0,16.30,8.15,true,1,
7290010627004,false,טחינה גולמית מסורתית ירושלים 500 ג',"בראשית ירושלים בע""מ",IL,טחינה ירושלים,גרמים,500.00,100 גרם,false,0,16.90,3.38,true,1,
7290010627844,false,טחינה גולמית שומשום מלא ירושלים 500גרם,"טחינה ירושליים בע""מ",IL,טחינה מלאה,גרמים,500.00,100 גרם,false,1,16.90,3.38,true,1,
7290010650033,false,בצלצלי שאלוט תקוע אר,חוות פטריות תקוע,NL,בצלצלי שאלוט,גרמים,350.00,100 גרם,false,0,15.00,4.29,true,1,
=======
7290010175857,false,פרוסות לבבות דקל במי מלח טעים 400 גרם,טעמן שיווק מזון בעמ,EC,לבבות דקל פרוס,גרמים,400.00,100 גרם,false,0,11.90,2.98,true,1,
7290010192809,false,תמר מג'הול ללא גלעין45ג,,IL,תמר ללא גלעין,גרמים,45.00,100 גרם,false,1,6.90,15.33,true,1,
7290010237531,false,משקה מוגז בטעם קולה פפסי (500 מל),סנו מפעלי ברונוס.,IL,פפסי בקבוק,מיליליטרים,500.00,"100 מ""ל",false,0,5.10,1.02,true,1,
7290010237562,false,משקה מוגז בטעם תפוזים מירנדה (500 מל),טמפו משקאות בע`מ,IL,מירינדה,מיליליטרים,500.00,"100 מ""ל",false,0,5.10,1.02,true,1,
7290010237586,false,פפסי קול סבן אפ דיאט 500 מל,טמפו משקאות בע`מ,IL,סבנ אפ דיאט,מיליליטרים,500.00,"100 מ""ל",false,0,5.20,1.04,true,1,
7290010237890,false,"בירה הייניקן בקבוק 500 מ""ל חוזר",טמפו משקאות בע''מ,IL,בירה הייניקן,מיליליטרים,500.00,"100 מ""ל",false,0,10.00,2.00,true,1,
7290010259359,false,וילי פוד נודלס אטר.ביצים להקפצה בדץ 200ג,ג.וילי-פוד אינטרנשיונל בעמ,CN,נודלס ביצים,גרמים,200.00,100 גרם,false,0,5.90,2.95,true,1,
7290010259823,false,מנת השף נודלס בטעם עוף וילי פוד (70 גרם),ג. וילי-פוד אינטרנשיונל בע`מ,TH,מנת השף נודלס,גרמים,70.00,100 גרם,false,0,5.90,8.43,true,1,
7290010259830,false,מנת השף נודלס בסגנון סיני פיקנטי וילי פוד 70 גרם,ג. וילי-פוד אינטרנשיונל בע`מ,TH,מנת השף נודלס,גרמים,70.00,100 גרם,false,0,5.90,8.43,true,1,
7290010259847,false,מנת השף מרק עם נודלס בטעם תירס ויליפוד 70 גרם,ג. וילי-פוד אינטרנשיונל בע`מ,TH,מנת השף נודלס,גרמים,70.00,100 גרם,false,0,5.90,8.43,true,1,
7290010259854,false,מנת השף מרק עם נודלס בטעם פטריות ויליפוד 70 גרם,ג. וילי-פוד אינטרנשיונל בע`מ,TH,מנת השף נודלס,גרמים,70.00,100 גרם,false,0,5.90,8.43,true,1,
7290010259977,false,שמן קנולה מזוכך ויליפוד 1 ליטר,ג.וילי-פוד אינטרנשיונל ***שמן,PL,שמן קנולה מזוכך,ליטרים,1.00,ליטר,false,0,11.90,11.90,true,1,
7290010328505,false,"מארז מיני חלווה 15 יחידות לל""ס אחוה 150 גרם",אחדות ביחר לטחינה חל,IL,מיני חלווה,גרמים,150.00,100 גרם,false,0,10.90,7.27,true,1,
7290010429554,false,"שמן זית כתית מעולה יד מרדכי 2 קלאסי, 750 מ""ל",מכוורת יד מרדכי שטראוס ב,IL,שמן זית 2 קלאסי,מיליליטרים,750.00,"100 מ""ל",false,0,37.90,5.05,true,1,
7290010471669,false,יוגורט תות עם קורנפלקס מצופה שוקולד ללא גלוטן 3.9%,שטראוס גרופ בעמ/מצונן,IL,דנונה בר תות,גרמים,175.00,100 גרם,false,0,4.80,2.74,true,1,
7290010472307,false,"שמיניית משקה גמדים תות בננה דיסני 108 מ""ל",שטראוס גרופ בעמ/מצונן,IL,גמדים לשתיה 8 יח,מיליליטרים,800.00,"100 מ""ל",false,0,20.90,2.61,true,1,
7290010472390,false,מארז 8 יחידות מעדן דני בטעם שוקולד 1.5%,שטראוס גרופ בעמ/מצונן,IL,דני שוקולד 8 יח',קילוגרמים,1.00,"ק""ג",false,0,16.30,16.30,true,1,
7290010513703,false,4079400330129צ`ופסטיקס צפצפה 20 יח,מזרח ומערב יבוא ושיווק,IL,צ'ופסטיקס צפצפה,יחידה,1.00,יחידה,false,0,7.90,7.90,true,1,
7290010513727,false,פנקו פרורי לחם 200 גרם (קינגדאו),מזרח ומערב יבוא ושיווק,CN,פנקו פרוי לחם,גרמים,200.00,100 גרם,false,0,8.90,4.45,true,1,
7290010548514,false,קוביות עשבי תיבול לבישול איטלקי דורות 70 גרם,קבוצת אוסם סחר שותפות מוגבלת,IL,דורותעשבי תיבול,גרמים,70.00,100 גרם,false,0,11.90,17.00,true,1,
7290010587469,false,"יין טוליפ קברנה סוביניון 750 מ""ל",מיוצר וממולא על ידי יקב,IL,קברנה טוליפ,מיליליטרים,750.00,"100 מ""ל",false,1,69.90,9.32,true,1,
7290010609079,false,טרופיקש 10 יח,,IL,טרופיקש 10 יח,ליטרים,2.00,ליטר,false,0,16.30,8.15,true,1,
7290010627004,false,טחינה גולמית מסורתית ירושלים 500 ג',תה ויסוצקי (ישראל) בעמ,IL,טחינה ירושלים,גרמים,500.00,100 גרם,false,0,16.90,3.38,true,1,
7290010627844,false,טחינה גולמית שומשום מלא ירושלים 500גרם,תה ויסוצקי (ישראל) בעמ,IL,טחינה מלאה,גרמים,500.00,100 גרם,false,1,16.90,3.38,true,1,
7290010650033,false,בצלצלי שלוט מגשית 350 גר,ביכורי השדה צפון 1994 ג.ד. בעמ,NL,בצלצלי שאלוט,גרמים,350.00,100 גרם,false,0,15.00,4.29,true,1,
>>>>>>> d048ac2f4f281c9d788043ab4e81b61b0dbe3743
7290010650040,false,פטריות שיטאקי חוות תקוע,ביכורי שדה דרום 2002,IL,פיטריות שיטאקי,גרמים,100.00,100 גרם,false,0,12.90,12.90,true,1,
7290010650194,false,זנגוויל (ג'ינג'ר)ארוז מגשית,"פסח בא בע""מ",CN,שורש גינגר טרי,גרמים,250.00,100 גרם,false,0,11.90,4.76,true,1,
7290010650415,false,עגבניות מיובשות 200 גרם תקוע,ביכורי השדה צפון 1994 ג.ד. בעמ,TR,עגבניה לחה,גרמים,200.00,100 גרם,false,0,14.90,7.45,true,1,
7290010650668,false,למון גראס -חוות תקוע,ביכורי השקמה,IL,למון גראס יחידה,יחידה,1.00,יחידה,false,1,12.90,12.90,true,1,
<<<<<<< HEAD
7290010650828,false,פטריות שימג'י חוות תקוע 150 גרם,שנגחאי פינק פוד קומפני,CN,פטריות שי-מג'י,גרמים,150.00,100 גרם,false,1,12.90,8.60,true,1,
7290010650996,false,"פטריות שי מג'י חומות, 150 גרם חוות תקוע",שנגחאי פינק פוד קומפני,CN,פטריות שי-מג'י,גרמים,150.00,100 גרם,false,1,12.90,8.60,true,1,
7290010748860,false,"ד""ר פישר - אפקטיב קר קרם ידיים אינטנסיב 150 מ""ל",פישר מעבדות פרמצבטיות בע,IL,קרם ידיים,מיליליטרים,150.00,"100 מ""ל",false,0,12.90,8.60,true,1,
7290010777099,false,פיתות בעבודת יד פיתה אקספרס 8 יחידות,מגוון שיווק והפצת מא,IL,פיתות אקספרס 8יח,גרמים,800.00,100 גרם,false,1,11.90,1.49,true,1,
7290010777150,false,שמניית פיתה בריבוע מחיטה מלאה פיתה אקספרס,מגוון שיווק והפצת מא,IL,פיתות ריבוע,גרמים,900.00,100 גרם,false,0,13.90,1.54,true,1,
7290010777297,false,פיתות עבודת יד10 יח'/ פיתה ביס לבן 12 יח',מגוון שיווק והפצת מא,IL,פיתות ביס,גרמים,600.00,100 גרם,false,0,13.90,2.32,true,1,
7290010777358,false,מארז שמיניית פיתות 100% כוסמין מלא,מגוון שיווק והפצת מא,IL,פיתות כוסמין 8יח,גרמים,400.00,100 גרם,false,1,16.90,4.23,true,1,
7290010777488,false,פיתה מחמצת 100% קמח מלא פיתה אקספרס,מאפיית ביכורים מזון,IL,פיתה מחמצת,גרמים,300.00,100 גרם,false,1,17.90,5.97,true,1,
7290010777525,false,מארז שישייה פיתות כוסמין פיתה אקספרס,מאפיית ביכורים מזון,IL,פיתות כוסמין מלא,גרמים,300.00,100 גרם,false,1,17.90,5.97,true,1,
7290010791552,false,לה-קט דליקטס טונה ברוטב 85 גר',"הייקיו, תאילנד",TH,לה קט דליקטס,גרמים,85.00,100 גרם,false,0,6.90,8.12,true,1,
=======
7290010650828,false,פטריות שימג'י חוות תקוע 150 גרם,ביכורי השדה צפון 1994 ג.ד. בעמ,CN,פטריות שי-מג'י,גרמים,150.00,100 גרם,false,1,12.90,8.60,true,1,
7290010650996,false,"פטריות שי מג'י חומות, 150 גרם חוות תקוע",ביכורי השדה צפון 1994 ג.ד. בעמ,CN,פטריות שי-מג'י,גרמים,150.00,100 גרם,false,1,12.90,8.60,true,1,
7290010748860,false,"ד""ר פישר - אפקטיב קר קרם ידיים אינטנסיב 150 מ""ל","פישר תעשיות פרמצביטות בע""מ",IL,קרם ידיים,מיליליטרים,150.00,"100 מ""ל",false,0,12.90,8.60,true,1,
7290010777099,false,פיתות בעבודת יד פיתה אקספרס 8 יחידות,מגוון שיווק והפצת מאפים בעמ,IL,פיתות אקספרס 8יח,גרמים,800.00,100 גרם,false,1,11.90,1.49,true,1,
7290010777150,false,שמניית פיתה בריבוע מחיטה מלאה פיתה אקספרס,מגוון שיווק והפצת מאפים בעמ,IL,פיתות ריבוע,גרמים,900.00,100 גרם,false,0,13.90,1.54,true,1,
7290010777297,false,פיתות עבודת יד10 יח'/ פיתה ביס לבן 12 יח',מגוון שיווק והפצת מאפים בעמ,IL,פיתות ביס,גרמים,600.00,100 גרם,false,0,13.90,2.32,true,1,
7290010777358,false,מארז שמיניית פיתות 100% כוסמין מלא,מגוון שיווק והפצת מאפים בעמ,IL,פיתות כוסמין 8יח,גרמים,400.00,100 גרם,false,1,16.90,4.23,true,1,
7290010777488,false,פיתה מחמצת 100% קמח מלא פיתה אקספרס,מגוון שיווק והפצת מאפים בעמ,IL,פיתה מחמצת,גרמים,300.00,100 גרם,false,1,17.90,5.97,true,1,
7290010777525,false,מארז שישייה פיתות כוסמין פיתה אקספרס,מגוון שיווק והפצת מאפים בעמ,IL,פיתות כוסמין מלא,גרמים,300.00,100 גרם,false,1,17.90,5.97,true,1,
7290010791552,false,לה-קט דליקטס טונה ברוטב 85 גר',דיפלומט מפיצים (1968) בעמ**,TH,לה קט דליקטס,גרמים,85.00,100 גרם,false,0,6.90,8.12,true,1,
>>>>>>> d048ac2f4f281c9d788043ab4e81b61b0dbe3743
7290010814695,false,שוקולד מריר פרווה ללא תוספת סוכר כרמית 85 גרם,כרמית תעשיות ממתקים בעמ,IL,שוקולד מריר,גרמים,85.00,100 גרם,false,0,6.90,8.12,true,1,
7290010838219,false,ממתיק על בסיס צמח הסטיביה - שקיות,"קיפל טבליות וממתיקים בע""מ",IL,ממתיק מרמולייט,גרמים,100.00,100 גרם,false,0,32.90,32.90,true,1,
7290010838431,false,דאק נוזל לניקוי אסלות זוג בניחוח ים 2*750 מל,מיוצר עי קונדיטוריית,NL,דאק לאסלה זוג,ליטרים,1.50,ליטר,false,0,20.90,13.93,true,1,
7290010883370,false,כפפות אלוורה רב שימושיות בינוניות M סנו סושי,החברה הדרומית לשיווק בעמ,CN,סנו סוש כפפות,יחידה,1.00,יחידה,false,0,12.10,12.10,true,1,
7290010931330,false,סלט מטבוחה אחלה 500 גרם,שטראוס גרופ בעמ/מצונן,IL,סלט מטבוחה אחלה,גרמים,500.00,100 גרם,false,0,14.90,2.98,true,1,
7290010945146,false,קוטג' 3% מועשר בסידן טרה 250 ג' מהדרין,החברה המרכזית טלהפצת משקאות בע,IL,קוטג' 3% 250גר,גרמים,250.00,100 גרם,false,0,5.70,2.28,true,1,
7290010945450,false,גבינה לבנה 3% 250 גר מועשר בסידן וויטמין,החברה המרכזית טלהפצת משקאות בע,IL,גבינה לבנה3%,גרמים,250.00,100 גרם,false,0,4.80,1.92,true,1,
7290010970018,false,תמרים מרוסקים 500 גרם,,AE,תמרים מרוסקים,גרמים,500.00,100 גרם,false,1,14.90,2.98,true,1,
7290010970100,false,שמן שומשום כבישה קרה 250 מיל טעמים,"ג.מ טעם הארץ בע""\ם",IL,שמן שומשום,מיליליטרים,250.00,"100 מ""ל",false,1,32.60,13.04,true,1,
7290010970261,false,טעמים-חומץ תפוחי עץ,"ג.מ טעם הארץ בע""\ם",IL,חומץ תפוחי עץ,מיליליטרים,500.00,"100 מ""ל",false,0,17.60,3.52,true,1,
7290010970520,false,שמן קנולה בטעם חמאה בתרסיס 200 גרם,"ג.מ טעם הארץ בע""\ם",IL,תרסיס שמן קנולה,גרמים,200.00,100 גרם,false,0,19.10,9.55,true,1,
7290010970551,false,שמן אבוקדו מעודן 250 מ`ל טעמים,"ג.מ טעם הארץ בע""\ם",IL,שמן אבוקדו,מיליליטרים,250.00,"100 מ""ל",false,1,32.60,13.04,true,1,
<<<<<<< HEAD
7290011015862,false,"פריגת סירופ דיאט לימונענע 750 מ""ל",סירופ - גבעת חיים,IL,סירופ לימונענע,מיליליטרים,750.00,"100 מ""ל",false,0,25.90,3.45,true,1,
7290011015985,false,"סירופ בטעם דיאט אננס 750 מ""ל פריגת",סירופ - גבעת חיים,IL,סירופ דיאט אננס,מיליליטרים,750.00,"100 מ""ל",false,0,25.90,3.45,true,1,
7290011017866,false,קוקה קולה קלאסי בפחית,החברה המרכזית לייצור משקאות,IL,קוקה קולה פחית,מיליליטרים,330.00,"100 מ""ל",false,0,5.40,1.64,true,1,
7290011017873,false,"פחיות קוקה קולה זירו 330 מ""ל",החברה המרכזית לייצור משקאות,IL,קולה זירו,מיליליטרים,330.00,"100 מ""ל",false,0,5.40,1.64,true,1,
7290011017880,false,דיאט קוקה קולה פחית סליק 330מל,החברה המרכזית לייצור משקאות,IL,קוקה קולה דיאט,מיליליטרים,330.00,"100 מ""ל",false,0,5.40,1.64,true,1,
7290011018184,false,פיוז טי תה קר בטעם אפרסק,מבשלות בירה בינלאומי,IL,פיוז תה אפרסק,מיליליטרים,500.00,"100 מ""ל",false,0,8.80,1.76,true,1,
7290011026066,false,"ד""ר פישר - סרקל שמפו + מרכך לילדים 1 ליטר",פישר מעבדות פרמצבטיות בע,IL,סרקל 2 ב1-,ליטרים,1.00,ליטר,false,0,31.90,31.90,true,1,
7290011064020,false,בולגרית למריחה בטעמים 200 גר,גבינות אמיר ניצן בעמ,IL,בולגרית למריחה,גרמים,200.00,100 גרם,false,0,15.90,7.95,true,1,
=======
7290011015862,false,סירופ דיאט 750 מל בטעם לימונענע פריגת,החברה המרכזית להפצת משקאות בעמ,IL,סירופ לימונענע,מיליליטרים,750.00,"100 מ""ל",false,0,25.90,3.45,true,1,
7290011015985,false,"סירופ בטעם דיאט אננס 750 מ""ל פריגת",החברה המרכזית להפצת משקאות בעמ,IL,סירופ דיאט אננס,מיליליטרים,750.00,"100 מ""ל",false,0,25.90,3.45,true,1,
7290011017866,false,פחית קולה סליק קוקה-קולה (330 מל),החברה המרכזית להפצת משקאות בעמ,IL,קוקה קולה פחית,מיליליטרים,330.00,"100 מ""ל",false,0,5.40,1.64,true,1,
7290011017873,false,פחית זירו סליק קוקה-קולה (330 מל),החברה המרכזית להפצת משקאות בעמ,IL,קולה זירו,מיליליטרים,330.00,"100 מ""ל",false,0,5.40,1.64,true,1,
7290011017880,false,פחית דיאט קולה סליק קוקה-קולה (330 מל),החברה המרכזית להפצת משקאות בעמ,IL,קוקה קולה דיאט,מיליליטרים,330.00,"100 מ""ל",false,0,5.40,1.64,true,1,
7290011018184,false,תה קר בטעם אפרסק פיוז-טי (500 מל),החברה המרכזית להפצת משקאות בעמ,IL,פיוז תה אפרסק,מיליליטרים,500.00,"100 מ""ל",false,0,8.80,1.76,true,1,
7290011026066,false,"ד""ר פישר - סרקל שמפו + מרכך לילדים 1 ליטר","פישר תעשיות פרמצביטות בע""מ",IL,סרקל 2 ב1-,ליטרים,1.00,ליטר,false,0,31.90,31.90,true,1,
7290011064020,false,בולגרית בעיר מעדן גבינה למריחה 200 גרם,גבינות עמיר ניצן בעמ,IL,בולגרית למריחה,גרמים,200.00,100 גרם,false,0,15.90,7.95,true,1,
>>>>>>> d048ac2f4f281c9d788043ab4e81b61b0dbe3743
7290011081492,false,גלידה בטעם שלושה שוקולדים 1.33ל' קרמיסימו,"גלידת שטראוס בע""\מ, רחוב",IL,קרמיסימו שוקולדי,ליטרים,1.33,ליטר,false,0,21.90,16.47,true,1,
7290011110055,false,שעועית ירוקה טרייה יחידה,משק יגור,IL,שעועית ירוקה טרי,יחידה,1.00,יחידה,false,1,13.90,13.90,true,1,
7290011110109,false,תירס לבן מתוק יחידה,"יגור חקלאות בע""מ",IL,תירס לבן מתוק,יחידה,1.00,יחידה,false,1,17.90,17.90,true,1,
7290011126209,false,הגן הקסום תה טעם תפוח וקינמון סיידר ויסוצקי 25 יח',תה ויסוצקי (ישראל)בעמ,IL,חליטת תפוח קנמון,גרמים,67.00,100 גרם,false,0,19.90,29.70,true,1,
7290011126452,false,הגן הקסום תה בטעם קמומיל ונענע ויסוצקי 25 יחידות,תה ויסוצקי (ישראל) בעמ,IL,חליטת קמומיל,גרמים,37.00,100 גרם,false,0,19.90,53.78,true,1,
7290011126469,false,חליטת צמחים וקמומיל הגן הקסום ויסוצקי 25 יחידות,תה ויסוצקי (ישראל) בעמ,IL,חליטת קמומיל+דבש,גרמים,37.00,100 גרם,false,0,19.90,53.78,true,1,
7290011131395,false,מוזלי קראנצ`י 30% פירות גרין (1 קג),ויטליאה ניקולה דו,MK,מוזלי 30% פירות,קילוגרמים,1.00,"ק""ג",false,0,28.90,28.90,true,1,
7290011131968,false,"גרנולה בתוספת שקדים ואגוזים גרין 1 ק""ג",ויטליה ניקולא דו,MK,גרנולה אגוזים,קילוגרמים,1.00,"ק""ג",false,0,27.70,27.70,true,1,
<<<<<<< HEAD
7290011132552,false,רביעיית בירה פאולנר 330 מל בקבוק,מבשלת פאולנר,DE,בירה פאולנר 4 יח,ליטרים,1.32,ליטר,false,0,39.90,30.23,true,1,
7290011133634,false,"פפסי מקס פחית צרה מארז שישייה 330 מ""ל","טמפו משקאות בע""\מ",IL,פפסי מקס 6 פחיות,ליטרים,1.98,ליטר,false,1,19.90,10.05,true,1,
7290011148935,false,מלפפון בייבי יחידה,חקלאי,IL,מלפפון בייבי,גרמים,350.00,100 גרם,false,0,10.90,3.11,true,1,
7290011154035,false,"תרכיז תפוחים סחוט טעמי הגליל 500 מ""ל",טעמי הגליל,IL,תרכיז תפוחים,מיליליטרים,500.00,"100 מ""ל",false,1,21.50,4.30,true,1,
7290011154080,false,"תרכיז תפוחים צלול טעמי הגליל 500 מ""ל",טעמי הגליל,IL,תרכיז תפוחים,מיליליטרים,500.00,"100 מ""ל",false,0,21.50,4.30,true,1,
7290011194215,false,מעדן גבינה ויוגורט בטעם בננה 5% שומן 88 ג' דניאלה,"שטראוס בריאות בע""מ",IL,דניאלה בננה,גרמים,88.00,100 גרם,false,0,4.30,4.89,true,1,
7290011194246,false,קוטג' 5% עם סידן 250 ג' שטראוס,מיוצר עי קונדיטוריית,IL,קוטג' 5% שומן,גרמים,250.00,100 גרם,false,0,6.00,2.40,true,1,
7290011223243,false,"טואלט דאק ג'ל לאסלה בניחוח לבנדר 55 מ""ל","איטיליאן פוד, אס.פי.",IT,דאק ג'ל לאסלה,מיליליטרים,55.00,"100 מ""ל",false,0,11.50,20.91,true,1,
7290011235178,false,חסה אייסברג יחידה,קטיף.,IL,חסה אייסברג,יחידה,1.00,יחידה,false,1,7.90,7.90,true,1,
7290011239336,false,"חלבה מחרום ללת""ס 400 גרם","בני ריאד מחרום בע""מ",IL,חלבה מחרום,גרמים,400.00,100 גרם,false,1,21.90,5.48,true,1,
7290011239343,false,חטיף שומשום 330 גרם,"בני ריאד מחרום בע""מ",IL,חלבה מחרום,גרמים,400.00,100 גרם,false,1,21.90,5.48,true,1,
7290011378233,false,"חטיפי חלווה בארכה 126 גרם מארז 7 יחידות לל""ס","רושדי תעשיות מזון בע""\מ",IL,"חט.חלבה ללת""ס",גרמים,126.00,100 גרם,false,0,13.90,11.03,true,1,
7290011378257,false,חטיף חלבה בטעם וניל ללא תוספת סוכר בתוספת פיסטוק ופקאן,"רושדי תעשיות מזון בע""\מ",IL,חטיפי חלבה 7 יח,גרמים,125.00,100 גרם,false,0,13.90,11.12,true,1,
7290011438142,false,"משקה יטבתה אייס קפה בבקבוק אישי 350 מ""ל",שטראוס גרופ,IL,משקה חלב קפה,מיליליטרים,350.00,"100 מ""ל",false,0,6.50,1.86,true,1,
=======
7290011132552,false,רביעיית בירה פאולנר 330 מל בקבוק,טמפו משקאות בעמ,DE,בירה פאולנר 4 יח,ליטרים,1.32,ליטר,false,0,39.90,30.23,true,1,
7290011133634,false,"פפסי מקס פחית צרה מארז שישייה 330 מ""ל","טמפו משקאות בע""\מ",IL,פפסי מקס 6 פחיות,ליטרים,1.98,ליטר,false,1,19.90,10.05,true,1,
7290011148935,false,מלפפון בייבי יחידה,חקלאי,IL,מלפפון בייבי,גרמים,350.00,100 גרם,false,0,10.90,3.11,true,1,
7290011154035,false,"תרכיז תפוחים סחוט טעמי הגליל 500 מ""ל",ליימן שליסל בעמ,IL,תרכיז תפוחים,מיליליטרים,500.00,"100 מ""ל",false,1,21.50,4.30,true,1,
7290011154080,false,"תרכיז תפוחים צלול טעמי הגליל 500 מ""ל",ליימן שליסל בעמ,IL,תרכיז תפוחים,מיליליטרים,500.00,"100 מ""ל",false,0,21.50,4.30,true,1,
7290011194215,false,מעדן גבינה ויוגורט בטעם בננה 5% שומן 88 ג' דניאלה,שטראוס גרופ בעמ/מצונן,IL,דניאלה בננה,גרמים,88.00,100 גרם,false,0,4.30,4.89,true,1,
7290011194246,false,קוטג 5% 250 גרם עם סידן שטראוס,שטראוס גרופ בעמ/מצונן,IL,קוטג' 5% שומן,גרמים,250.00,100 גרם,false,0,6.00,2.40,true,1,
7290011223243,false,"טואלט דאק ג'ל לאסלה בניחוח לבנדר 55 מ""ל","איטיליאן פוד, אס.פי.",IT,דאק ג'ל לאסלה,מיליליטרים,55.00,"100 מ""ל",false,0,11.50,20.91,true,1,
7290011235178,false,חסה אייסברג יחידה,קטיף.,IL,חסה אייסברג,יחידה,1.00,יחידה,false,1,7.90,7.90,true,1,
7290011239336,false,חלבה ארוז ללא תוספת סוכר 400גר,סוכנויות עמוס ממתקים בעמ,IL,חלבה מחרום,גרמים,400.00,100 גרם,false,1,21.90,5.48,true,1,
7290011239343,false,חטיף שומשום 330 גרם,סוכניות עמוס ממתקים בעמ,IL,חלבה מחרום,גרמים,400.00,100 גרם,false,1,21.90,5.48,true,1,
7290011378233,false,"חטיפי חלווה בארכה 126 גרם מארז 7 יחידות לל""ס",קבוצת אוסם סחר שותפות מוגבלת,IL,"חט.חלבה ללת""ס",גרמים,126.00,100 גרם,false,0,13.90,11.03,true,1,
7290011378257,false,חטיף חלבה בטעם וניל ללא תוספת סוכר בתוספת פיסטוק ופקאן,קבוצת אוסם סחר-שות.מוגבלת,IL,חטיפי חלבה 7 יח,גרמים,125.00,100 גרם,false,0,13.90,11.12,true,1,
7290011438142,false,"משקה יטבתה אייס קפה בבקבוק אישי 350 מ""ל",שטראוס גרופ בעמ/מצונן,IL,משקה חלב קפה,מיליליטרים,350.00,"100 מ""ל",false,0,6.50,1.86,true,1,
>>>>>>> d048ac2f4f281c9d788043ab4e81b61b0dbe3743
7290011498177,false,ממרח שקד לבן מקולף 700 ג,שקד תבור,IL,ממרח שקד לבן,גרמים,700.00,100 גרם,false,0,67.90,9.70,true,1,
7290011498351,false,ממרח אילסר אגוזי לוז,שקד תבור,IL,חמאת אגוזי לוז,גרמים,200.00,100 גרם,false,1,24.90,12.45,true,1,
7290011498511,false,ממרח חלבה מלאה עשירה350ג,שקד תבור,IL,ממרח חלבה,גרמים,350.00,100 גרם,false,1,16.90,4.83,true,1,
7290011498870,false,מארז חטיפי תמר במילוי חמאת שקדים 150 גרם,"אלמנדוס בע""מ",IL,חטיף תמרים,גרמים,150.00,100 גרם,false,0,18.90,12.60,true,1,
7290011498894,false,מארז חטיפי תמר במילוי חמאת בוטנים 150 גרם,מרכז השקד,IL,חטיפי תמר,גרמים,150.00,100 גרם,false,0,18.90,12.60,true,1,
7290011498948,false,מארז חטיפי תמר מצופה שוקולד 100% קקאו 150 גרם,"אלמנדוס בע""מ",IL,חטיפי תמר מצופים,גרמים,150.00,100 גרם,false,0,20.90,13.93,true,1,
7290011498955,false,אגוזי אדמה חמאת בוטנ300ג,שקד תבור,IL,חמאת בוטנים,גרמים,300.00,100 גרם,false,0,13.90,4.63,true,1,
7290011498962,false,שקד לבן בכבישה קרה 300 ג,"אלמונדס בע""מ",IL,שקד לבן כבישה קר,גרמים,300.00,100 גרם,false,0,39.90,13.30,true,1,
7290011499051,false,פטה כבשים מסורתית 20% בגביע 250 גרם - רובין,מחלבות גד שיווק 1992 בעמ,IL,פטה כבשים,גרמים,250.00,100 גרם,false,0,26.90,10.76,true,1,
7290011499105,false,בולגרית מסורתית 5% 250 גרם -רבנות,מחלבות גד שיווק 1992 בעמ,IL,גבינה בולגרית 5%,גרמים,250.00,100 גרם,false,0,23.30,9.32,true,1,
7290011499129,false,גבינה בולגרית מעודנת קוביות קטנות 5% גד 200 גרם,מחלבות גד שיווק 1992 בעמ,IL,קוביות בולגרית,גרמים,200.00,100 גרם,false,0,23.60,11.80,true,1,
7290011499303,false,פטה עיזים מעודנת 5% בגביע 250 גרם - רבנות,מחלבות גד שיווק 1992 בעמ,IL,פטה מעודנת עיזים,גרמים,250.00,100 גרם,false,0,30.90,12.36,true,1,
7290011499327,false,גבינה בולגרית מעודנת 5% 250 גרם - רבנות,מחלבות גד שיווק 1992 בעמ,IL,בולגרית מעודנת5%,גרמים,250.00,100 גרם,false,0,23.90,9.56,true,1,
7290011499365,false,גבינת חלומי 24% מחלב בקר גד (200 גרם),מחלבות גד שיווק 1992 בעמ,IL,חלומי גד 24%,גרמים,200.00,100 גרם,false,0,21.90,10.95,true,1,
7290011499419,false,גבינה במרקם שמנת בטעם טבעי 5% ניו יורק,מחלבות גד שיווק 1992 בעמ,IL,גבינת שמנת גד5%,גרמים,200.00,100 גרם,false,0,11.80,5.90,true,1,
7290011499624,false,שמנת 30% ניו יורק טבעי 200 גרם רבנות,מחלבות גד שיווק 1992 בעמ,IL,גבינת שמנת 30%,גרמים,200.00,100 גרם,false,0,13.40,6.70,true,1,
7290011499846,false,גבינת ריקוטה פרסקה 9% גד (300 גרם),מחלבות גד שיווק 1992 בעמ,IL,ריקוטה פרסקה 9%,גרמים,300.00,100 גרם,false,0,19.00,6.33,true,1,
7290011501617,false,חמוציות ברכז תפוחים ללא תוספת סוכר 250 גרם,דין שיווק וקליה 2021 בעמ,IL,חמוציות דל סוכר,גרמים,250.00,100 גרם,false,0,20.70,8.28,true,1,
7290011515683,false,מאגדת טילון אקסטרים וניל נסטלה 6 יחידות,נגה גלידות שותפות מוגבלת,IL,מאגדת אקסטרים,גרמים,432.00,100 גרם,false,0,37.90,8.77,true,1,
7290011515911,false,שלגוני לייט ריבת חלב עם סירופ 6*52 גרם,נגה גלידות שותפות מוגבלת,IL,מאגדת לייט,גרמים,312.00,100 גרם,false,0,32.90,10.54,true,1,
7290011518561,false,"אקטימל תות 1.51 ק""ג מארז 14 יחידות",שטראוס גרופ בעמ/מצונן,IL,אקטימל מארז14יח',ליטרים,1.40,ליטר,false,0,32.60,23.29,true,1,
7290011587598,false,פילה אנשובי בשמן תומר (45 גרם),תומר ייבוא ושיווק מוצרי מזון [,PE,פילה אנשובי,גרמים,45.00,100 גרם,false,0,7.90,17.56,true,1,
7290011598211,false,"סנו - אנטי קאלק מרסס ניקוי כללי 4 ב-1 700 מ""ל",החברה הדרומית לשיווק בעמ,IL,סנו אנטי קאלק,מיליליטרים,700.00,"100 מ""ל",false,0,19.90,2.84,true,1,
7290011599836,false,משפר אפיה טבעי 100 ג' רובינפלד,"סופר קמח רובינפלד בע""מ",IL,משפר אפיה,גרמים,100.00,100 גרם,false,1,11.90,11.90,true,1,
7290011607180,false,"אבקת כביסה קולון 101 1.25 ק""ג",רקיט בנקיזר (ניר איסט) בעמ,IL,אבקת כביסה קולון,קילוגרמים,1.25,"ק""ג",false,0,14.90,11.92,true,1,
7290011615260,false,"טורטייה 20 ס""מ קוטר וילי פוד 540 גר",ג.וילי פוד אינטרנשיונל בעמ,TR,טורטיות,גרמים,540.00,100 גרם,false,0,11.90,2.20,true,1,
7290011618025,false,בייבי ביס הוט קידס נגיסי אורז לתינוק,גואנז'ו יונג וואנט פ,CN,בייבי ביס,גרמים,50.00,100 גרם,false,0,14.90,29.80,true,1,
7290011618216,false,נגיסי אורז בייבי ביס בננה 50 גרם,גואנז'ו יונג וואנט פ,CN,בייבי ביס,גרמים,50.00,100 גרם,false,0,14.90,29.80,true,1,
7290011622428,false,כתמטמינים-חטיף בריאות לתינוקות וילדים 45 ג',גורי מוצרי צריכה (1991) בעמ,IL,חטיף בריאות,גרמים,45.00,100 גרם,false,0,6.70,14.89,true,1,
7290011668570,false,בריא מהטבע גרנולה פירות יבשים 450 גרם פנינה רוזנבלום,בריא מהטבע פנינה רוזנבלום,IL,חגיגת גרנולה,גרמים,500.00,100 גרם,false,0,26.90,5.38,true,1,
7290011668587,false,בריא מהטבע גרנולה בטעם עשיר 500 גרם פנינה רוזנבלום,בריא מהטבע פנינה רוזנבלום,IL,גרנולה עשירה,גרמים,500.00,100 גרם,false,0,26.90,5.38,true,1,
7290011668594,false,בריא מהטבע תוספת בריאה לסלט 550 גרם פנינה רוזנבלום,בריא מהטבע פנינה רוזנבלום,IL,תוספת בריאה לסלט,גרמים,550.00,100 גרם,false,0,40.00,7.27,true,1,
7290011765118,false,קצף גילוח קרמה מן דליקט 200 מל,"אביאפ, איסטנבול, תור",TR,קצף גילוח עדין,מיליליטרים,200.00,"100 מ""ל",false,0,11.30,5.65,true,1,
7290011765446,false,משחת שיניים לילדים בוב ספוג בטעם מיץ ענבים עם פלואוריד למניעת עששת,טרופיקל דגיל תעשיות קוסמ,IL,משחת שיניים,גרמים,70.00,100 גרם,false,0,8.90,12.71,true,1,
7290011800840,false,רפי כהן סלט טחינה בלאדי צבר 400 גרם,קבוצת אוסם סחר שותפות מוגבלת,IL,סלט טחינה בלאדי,גרמים,400.00,100 גרם,false,0,17.90,4.48,true,1,
7290011830007,false,"סוכר חום אורגני השדה מוצרים אורגנים 1 ק""ג",השדה מוצרים אורגניים,IN,סוכר קנים חום,קילוגרמים,1.00,"ק""ג",false,0,13.00,13.00,true,1,
7290011830168,false,פירורי לחם אורגני ק.כוסמין שקית 200 גרם,השדה מוצרים אורגניים,IL,פירורי לחם,גרמים,200.00,100 גרם,false,0,13.90,6.95,true,1,
7290011830182,false,פסטה כוסמין אורגנית פוזילי 500גר,השדה מוצרים אורגניים,IT,פסטה פוזילי כוסמ,גרמים,400.00,100 גרם,false,0,20.90,5.23,true,1,
7290011830243,false,אטריות אורג. ללא גלוטן מאורז תאילנדי 250,השדה מוצרים אורגניים,CN,אטריות אורז תאי,גרמים,250.00,100 גרם,false,0,16.90,6.76,true,1,
7290011830564,false,פתיבר כוסמין אורגני השדה מוצרים אורגנים 200 גרם,השדה מוצרים אורגניים,IL,פתי בר כוסמין,גרמים,180.00,100 גרם,false,0,13.00,7.22,true,1,
<<<<<<< HEAD
7290011860271,false,ביסבול כדורי פירה מתפוחי אדמה תפוגן 700 גרם,"תעשיות תפוגן בע""\מ",IL,ביסבול טבעי,גרמים,700.00,100 גרם,false,0,17.80,2.54,true,1,
7290011877156,false,"מבשם אוויר, בגדים וארונות פרש בניחוח מאסק",מיוצר עי קונדיטוריית,IL,סנו פרש ענק,מיליליטרים,375.00,"100 מ""ל",false,0,11.80,3.15,true,1,
7290011877859,false,סנו אינסטלטור חדש פותח סתימות 200ג',מיוצר עי קונדיטוריית,IL,סנו אינסטלטור,גרמים,200.00,100 גרם,false,0,15.90,7.95,true,1,
=======
7290011860271,false,ביסבול כדורי פירה מתפוחי אדמה תפוגן 700 גרם,קבוצת אוסם סחר שותפות מוגבלת,IL,ביסבול טבעי,גרמים,700.00,100 גרם,false,0,17.80,2.54,true,1,
7290011877156,false,"מבשם אוויר, בגדים וארונות פרש בניחוח מאסק",החברה הדרומית לשיווק בעמ,IL,סנו פרש ענק,מיליליטרים,375.00,"100 מ""ל",false,0,11.80,3.15,true,1,
7290011877859,false,סנו אינסטלטור חדש פותח סתימות 200ג',החברה הדרומית לשיווק בעמ,IL,סנו אינסטלטור,גרמים,200.00,100 גרם,false,0,15.90,7.95,true,1,
>>>>>>> d048ac2f4f281c9d788043ab4e81b61b0dbe3743
7290011912642,false,ליסטרין שטיפת פה הגנה על השיניים והחניכי,ג'\ונסון אנד ג'\ונסון,IT,מי פה ליסטרין,מיליליטרים,500.00,"100 מ""ל",false,0,18.90,3.78,true,1,
7290011931162,false,סוכרלייט ממתיק נוזלי על בסיס סוכרלוז,אף.סי תבליני בגליל ב,IL,סוכרלוז נוזלי,מיליליטרים,220.00,"100 מ""ל",false,0,27.90,12.68,true,1,
7290011947309,false,זיתים מצוננים סורי מבוקע ולימון כבוש זיתא 230 ג',תה ויסוצקי (ישראל) בעמ,IL,זית סורי,גרמים,230.00,100 גרם,false,0,14.90,6.48,true,1,
7290011947316,false,זיתא זיתי קלמטה בשמן זית כתית מעולה 215ג,תה ויסוצקי (ישראל) בעמ,IL,זיתי קלמטה,גרמים,215.00,100 גרם,false,1,14.90,6.93,true,1,
7290011947743,false,זיתים זיתא מיקס זית ירוק וזית קלמטה 215 גרם,תה ויסוצקי (ישראל) בעמ,IL,מיקס זיתים,גרמים,215.00,100 גרם,false,1,14.90,6.93,true,1,
7290011947781,false,מיקס זית ירוק וזית קלמטה ללא גלעין עם שמן זית כתית מעולה,תה ויסוצקי (ישראל) בעמ,IL,מיקס זית ירוק,גרמים,190.00,100 גרם,false,1,14.90,7.84,true,1,
7290011947798,false,זית קלמטה ללא גלעין עם שמן זית כתית מעולה,תה ויסוצקי (ישראל) בעמ,IL,זית קלמטה,גרמים,190.00,100 גרם,false,1,14.90,7.84,true,1,
7290012019043,false,שום צעיר כבוש בחומץ בצנצנת 330 גרם,FOODS CANDDED QINGDAO,CN,שום צעיר כבוש,גרמים,330.00,100 גרם,false,0,12.90,3.91,true,1,
7290012019258,false,מחית תפוחי עץ רביעיה 4 * 113 ג' תומר,תומר ייבוא ושיווק מוצרי מזון [,US,"רסק תפו""ע 4 יח",גרמים,452.00,100 גרם,false,0,11.90,2.63,true,1,
7290012019265,false,"מחית תפו""ע ללא תוספת סוכר 4*113גר",תומר ייבוא ושיווק מוצרי מזון [,US,"רסק תפו""ע ללת""ס",גרמים,452.00,100 גרם,false,0,11.90,2.63,true,1,
7290012022005,false,פריכיות חיטה 60 גרם,דילייט 2005 בעמ,IL,קריספיות טבעי,גרמים,60.00,100 גרם,false,0,13.90,23.17,true,1,
7290012022050,false,קריספיות מרובה דגנים 75ג,דילייט 2005 בעמ,IL,קריספיות דגנים,גרמים,75.00,100 גרם,false,0,15.90,21.20,true,1,
7290012022067,false,קריספיות קידס 30 גרם,דילייט 2005 בעמ,IL,קריספיות קידס,גרמים,30.00,100 גרם,false,0,12.90,43.00,true,1,
7290012022869,false,נגיסי קוקוס אפויים בטעם דבש,MUNCH NATURAL,TH,נגיסי קוקוס,גרמים,50.00,100 גרם,false,1,10.90,21.80,true,1,
<<<<<<< HEAD
7290012086113,false,עגבניות שרי אשכולות מארז,קטיף.,IL,שרי אשכולות,גרמים,460.00,100 גרם,false,0,10.90,2.37,true,1,
7290012116360,false,פוליויקס נוזל לניקוי רצפות גרניט פורצלן סנו 2 ליטר,"מפעלי סנו ברונוס בע""",IL,סנו פוליויקס,ליטרים,2.00,ליטר,false,0,23.90,11.95,true,1,
7290012116964,false,"קרמה מן תרחיץ ג'ל לפנים 150 מ""ל",החברה הדרומית,IL,קרמה תרחיץ פנים,מיליליטרים,150.00,"100 מ""ל",false,0,20.10,13.40,true,1,
7290012117534,false,מרכך כביסה מרוכז תכלת קול סנו מקסימה 1 ליטר,"סנו מפעלי ברונוס בע""\מ",IL,מקסימה ס.מרוכז,ליטרים,1.00,ליטר,false,0,18.90,18.90,true,1,
7290012117541,false,מרכך כביסה מרוכז צהוב סנו מקסימה 1 ליטר,סנו מפעלי ברונוס בעמ,IL,מקסימה מרכך,ליטרים,1.00,ליטר,false,0,18.90,18.90,true,1,
=======
7290012086113,false,עגבניות שרי אשכולות מארז,ביכורי השדה הצפון בעמ` 1964,IL,שרי אשכולות,גרמים,460.00,100 גרם,false,0,10.90,2.37,true,1,
7290012116360,false,פוליויקס נוזל לניקוי רצפות גרניט פורצלן סנו 2 ליטר,החברה הדרומית לשיווק בעמ,IL,סנו פוליויקס,ליטרים,2.00,ליטר,false,0,23.90,11.95,true,1,
7290012116964,false,"קרמה מן תרחיץ ג'ל לפנים 150 מ""ל",החברה הדרומית,IL,קרמה תרחיץ פנים,מיליליטרים,150.00,"100 מ""ל",false,0,20.10,13.40,true,1,
7290012117534,false,מרכך כביסה מרוכז תכלת קול סנו מקסימה 1 ליטר,החברה הדרומית לשיווק בעמ,IL,מקסימה ס.מרוכז,ליטרים,1.00,ליטר,false,0,18.90,18.90,true,1,
7290012117541,false,מרכך כביסה מרוכז צהוב סנו מקסימה 1 ליטר,החברה הדרומית לשיווק בעמ,IL,מקסימה מרכך,ליטרים,1.00,ליטר,false,0,18.90,18.90,true,1,
>>>>>>> d048ac2f4f281c9d788043ab4e81b61b0dbe3743
7290012117626,false,שטיפת פה דנטלית לילדים בטעם ענבים בוב ספוג,קוסמופארם בע'\'\מ,IL,אורביטול מי פה,מיליליטרים,250.00,"100 מ""ל",false,0,10.90,4.36,true,1,
7290012117916,false,אינסטלטור נוזל לפתיחת סתימות סנו 1 ליטר,החברה הדרומית לשיווק בעמ,IL,אינסטלטור נוזלי,ליטרים,1.00,ליטר,false,0,29.90,29.90,true,1,
7290012193125,false,ממתיק על בסיס סוכרלוז - טבליות,"קיפל טבליות וממתיקים בע""מ",CN,סוכרלוז,יחידה,1.00,יחידה,false,0,28.70,28.70,true,1,
7290012226120,false,קבנוס זוגלובק (45x3 גרם),נקניק נהריה כשר זוגל,IL,קבנוס,גרמים,135.00,100 גרם,false,0,12.90,9.56,true,1,
7290012226342,false,נקניקיה טבעונית למחבת או לתנור עשירה בחלבון,זוגלובק שיווק בעמ,IL,נקניקיה טבעונית,גרמים,460.00,100 גרם,false,1,31.90,6.93,true,1,
7290012226922,false,קבנוס בטעם שום זוגלובק (45x3 גרם),נקניק נהריה כשר זוגל,IL,קבנוס בטעם שום,גרמים,135.00,100 גרם,false,0,12.90,9.56,true,1,
7290012226991,false,"נקניקיות עוף באריזת ג''מבו 1.5 ק""ג זוגלובק",נקניק נהריה כשר זוגל,IL,נקניקיות ג'מבו,גרמים,1500.00,100 גרם,false,0,32.90,2.19,true,1,
<<<<<<< HEAD
7290012227912,false,קבנוס מעודן זוגלובק 135 גרם,זוגלובק,IL,קבנוס מעודן,גרמים,135.00,100 גרם,false,1,12.90,9.56,true,1,
7290012227974,false,פסטרמה הודו בדבש טהור דק דק דק,זוגלובק,IL,פסטרמה בדבש דק,גרמים,120.00,100 גרם,false,1,14.90,12.42,true,1,
7290012227998,false,פסטרמה דק דק חזה בקר 120 ג' זוגלובק,זוגלובק,IL,חזה בקר דק דק,גרמים,120.00,100 גרם,false,1,14.90,12.42,true,1,
7290012228261,false,נקנקיות קנקרס הודו ועוף ריינהולד'ס זוגלובק 300 ג',זוגלובק,IL,נקניקיות קנקרס ה,גרמים,300.00,100 גרם,false,1,23.90,7.97,true,1,
7290012228278,false,נקנקיות בוקוורסט עוף ובקר ריינהולד'ס 310 ג' זוגלובק,זוגלובק,IL,נקניקיות הודו-בק,גרמים,310.00,100 גרם,false,1,23.90,7.71,true,1,
7290012244643,false,מארז פיתה תימנית5יח100*ג,מאפיית אנג'ל,IL,פיתה תימנית 5יח,גרמים,5.00,100 גרם,false,0,13.90,278.00,true,1,
7290012313431,false,זיתים מרוקאיים יבשים 215 ג' יבנה,קבוצת יבנה,IL,זית מרוקאי המסיק,גרמים,215.00,100 גרם,false,1,13.90,6.47,true,1,
7290012313554,false,עלי גפן ממולא 400 גרםיבנה,אסמה קונסרבסיליק גיד,TR,עלי גפן ממולאים,גרמים,400.00,100 גרם,false,1,9.90,2.48,true,1,
7290012367700,false,קרם גוף אינטנסיב רליף Intensive relief לעור יבש ומגורה,פישר מעבדות פרמצבטיות בע,IL,קרם גוף,מיליליטרים,700.00,"100 מ""ל",false,0,34.90,4.99,true,1,
7290012372100,false,"קמח מלא בהיר 80% רובינפלד 1 ק""ג","סופר קמח רובינפלד בע""מ",IL,קמח חיטה,קילוגרמים,1.00,"ק""ג",false,0,11.90,11.90,true,1,
7290012372155,false,"קמח מנופה כוסמין 80% רוביפנלד 1 ק""ג","סופר קמח רובינפלד בע""מ",IL,קמח כוסמין,קילוגרמים,1.00,"ק""ג",false,1,18.90,18.90,true,1,
7290012404955,false,נקטר חמוציות ספרינג קולקשן 1.25 ליטר,יפאורה שותפות מובגלת לשיווק,IL,ספרינג חמוציות,ליטרים,1.25,ליטר,false,0,13.90,11.12,true,1,
7290012413636,false,תה ירוק צ'אי מסאלה ויסוצקי 25 יחידות,ויסוצקי ירוק,IL,תה ירוק צ'אי,גרמים,38.00,100 גרם,false,0,26.90,70.79,true,1,
7290012413643,false,תה ירוק קמומיל ויסוצקי 25 יחידות,ויסוצקי ירוק,IL,תה ירוק קמומיל,גרמים,37.00,100 גרם,false,0,26.90,72.70,true,1,
7290012522581,false,טבעול שניצל תירס ללא גלוטן טבעול 664 גרם,עיצובים 2020 (4.8),IL,שניצל תירס,גרמים,664.00,100 גרם,false,0,25.90,3.90,true,1,
7290012561337,false,כורכום טרי כתוש קפוא דורות 70 גר,מוצרי שום ותיבול דורות,IL,דורוכורכום כתוש,גרמים,70.00,100 גרם,false,1,11.90,17.00,true,1,
7290012561405,false,דורות בצל חצי מטוגן 180 גרם,עיצובים 2020 (3.8),IL,בצל חצי מטוגן,גרמים,180.00,100 גרם,false,0,11.90,6.61,true,1,
7290012576591,false,"יין רזרב גוורצטרמינר 750 מ""ל שביעית",יקבי ברקן שיווק והפצה בע,IL,יין גוורצטרמינר,מיליליטרים,750.00,"100 מ""ל",false,1,49.90,6.65,true,1,
7290012576614,false,יין Premieur לבן חצי יבש אמרלד ריזלינג קולומברד,יקבי ברקן שיווק והפצה בע,IL,פרמייר ריזלינג,מיליליטרים,750.00,"100 מ""ל",false,0,28.90,3.85,true,1,
7290012642852,false,פלפל אדום קלוי על האש עם שום 540 תומר,סאטקו,BG,פלל אדום קלוי,גרמים,540.00,100 גרם,false,0,13.90,2.57,true,1,
7290012645112,false,יוגורט עיזים 2.8% בדלי חלב הארץ 750 גרם,מחלבות סוסיא,IL,יוגורט עיזים,גרמים,750.00,100 גרם,false,1,21.50,2.87,true,1,
=======
7290012227912,false,קבנוס מעודן זוגלובק 135 גרם,נקניק זוגלובק נהריה,IL,קבנוס מעודן,גרמים,135.00,100 גרם,false,1,12.90,9.56,true,1,
7290012227974,false,פסטרמה הודו בדבש טהור דק דק דק,זוגלובק שיווק בעמ,IL,פסטרמה בדבש דק,גרמים,120.00,100 גרם,false,1,14.90,12.42,true,1,
7290012227998,false,פסטרמה דק דק חזה בקר 120 ג' זוגלובק,זוגלובק שיווק בעמ,IL,חזה בקר דק דק,גרמים,120.00,100 גרם,false,1,14.90,12.42,true,1,
7290012228261,false,נקנקיות קנקרס הודו ועוף ריינהולד'ס זוגלובק 300 ג',זוגלובק שיווק בעמ,IL,נקניקיות קנקרס ה,גרמים,300.00,100 גרם,false,1,23.90,7.97,true,1,
7290012228278,false,נקנקיות בוקוורסט עוף ובקר ריינהולד'ס 310 ג' זוגלובק,זוגלובק שיווק בעמ,IL,נקניקיות הודו-בק,גרמים,310.00,100 גרם,false,1,23.90,7.71,true,1,
7290012244643,false,מארז פיתה תימנית5יח100*ג,מאפיית אנג'ל,IL,פיתה תימנית 5יח,גרמים,5.00,100 גרם,false,0,13.90,278.00,true,1,
7290012313431,false,זיתים מרוקאיים יבשים 215 ג' יבנה,קבוצת יבנה מוצרי מזון בעמ,IL,זית מרוקאי המסיק,גרמים,215.00,100 גרם,false,1,13.90,6.47,true,1,
7290012313554,false,עלי גפן ממולא 400 גרםיבנה,קבוצת יבנה מוצרי מזון בעמ,TR,עלי גפן ממולאים,גרמים,400.00,100 גרם,false,1,9.90,2.48,true,1,
7290012367700,false,קרם גוף אינטנסיב רליף Intensive relief לעור יבש ומגורה,"פישר תעשיות פרמבצטיות בע""מ",IL,קרם גוף,מיליליטרים,700.00,"100 מ""ל",false,0,34.90,4.99,true,1,
7290012372100,false,"קמח מלא בהיר 80% רובינפלד 1 ק""ג","סופר קמח רובינפלד בע""מ",IL,קמח חיטה,קילוגרמים,1.00,"ק""ג",false,0,11.90,11.90,true,1,
7290012372155,false,"קמח מנופה כוסמין 80% רוביפנלד 1 ק""ג","סופר קמח רובינפלד בע""מ",IL,קמח כוסמין,קילוגרמים,1.00,"ק""ג",false,1,18.90,18.90,true,1,
7290012404955,false,נקטר חמוציות ספרינג קולקשן (1.25 ליטר),יפאורה - שותפות מוגבלת לשיווק,IL,ספרינג חמוציות,ליטרים,1.25,ליטר,false,0,13.90,11.12,true,1,
7290012413636,false,תה ירוק צ'אי מסאלה ויסוצקי 25 יחידות,תה ויסוצקי (ישראל) בעמ,IL,תה ירוק צ'אי,גרמים,38.00,100 גרם,false,0,26.90,70.79,true,1,
7290012413643,false,תה ירוק קמומיל ויסוצקי 25 יחידות,תה ויסוצקי (ישראל) בעמ,IL,תה ירוק קמומיל,גרמים,37.00,100 גרם,false,0,26.90,72.70,true,1,
7290012522581,false,טבעול שניצל תירס ללא גלוטן טבעול 664 גרם,קבוצת אוסם סחר-שות.מוגבלת,IL,שניצל תירס,גרמים,664.00,100 גרם,false,0,25.90,3.90,true,1,
7290012561337,false,כורכום טרי כתוש קפוא דורות 70 גר,קבוצת אוסם סחר שותפות מוגבלת,IL,דורוכורכום כתוש,גרמים,70.00,100 גרם,false,1,11.90,17.00,true,1,
7290012561405,false,בצל קצוץ ומטוגן דורות (180 גרם),קבוצת אוסם סחר שותפות מוגבלת,IL,בצל חצי מטוגן,גרמים,180.00,100 גרם,false,0,11.90,6.61,true,1,
7290012576591,false,"יין רזרב גוורצטרמינר 750 מ""ל שביעית",יקבי ברקן שיווק והפצה בע,IL,יין גוורצטרמינר,מיליליטרים,750.00,"100 מ""ל",false,1,49.90,6.65,true,1,
7290012576614,false,יין Premieur לבן חצי יבש אמרלד ריזלינג קולומברד,יקבי ברקן שיווק והפצה בע,IL,פרמייר ריזלינג,מיליליטרים,750.00,"100 מ""ל",false,0,28.90,3.85,true,1,
7290012642852,false,פלפל אדום קלוי על האש עם שום 540 תומר,סאטקו,BG,פלל אדום קלוי,גרמים,540.00,100 גרם,false,0,13.90,2.57,true,1,
7290012645112,false,יוגורט עיזים 2.8% בדלי חלב הארץ 750 גרם,שטראוס גרופ בעמ/מצונן,IL,יוגורט עיזים,גרמים,750.00,100 גרם,false,1,21.50,2.87,true,1,
>>>>>>> d048ac2f4f281c9d788043ab4e81b61b0dbe3743
7290012724817,false,נענע יח בשקית,"מרינה פטריות הגליל בע""מ",IL,נענע יחידה,יחידה,1.00,יחידה,false,1,4.90,4.90,true,1,
7290012724824,false,שמיר יח בשקית,"מרינה פטריות הגליל בע""מ",IL,שמיר,יחידה,1.00,יחידה,false,1,4.90,4.90,true,1,
7290012724831,false,כוסברה יח בשקית,"מרינה פטריות הגליל בע""מ",IL,כוסברה,יחידה,1.00,יחידה,false,1,4.90,4.90,true,1,
7290012724848,false,פטרוזיליה יח בשקית,"מרינה פטריות הגליל בע""מ",IL,פטרוזיליה,יחידה,1.00,יחידה,false,1,4.90,4.90,true,1,
7290012798542,false,"קברנה יקב לוריא 750מ""ל",יקבי יפו,IL,קברנה יקב לוריא,מיליליטרים,750.00,"100 מ""ל",false,1,109.00,14.53,true,1,
7290012803215,false,טוסו וופל בלגי ללתס בטעם שוקולד 200 גר`,בטר אנד דיפרנט,IL,וופל בלגי,גרמים,200.00,100 גרם,false,0,9.90,4.95,true,1,
7290012803451,false,טוסו שוקולד מריר 62% מוצקי קקאו ללא תוספת סוכר 100 גרם,"דנשר (1963) בע,מ",TR,שוקולד מריר62%,גרמים,100.00,100 גרם,false,0,11.90,11.90,true,1,
7290012803789,false,טוסו שוקולד מריר עם אגוזים ללא תוספת סוכר 100 גרם,האי נאם סי או אל.טי.,TR,שוקולד מריר אגוז,גרמים,100.00,100 גרם,false,0,11.90,11.90,true,1,
7290012803796,false,טוסו שוקולד חלב עם אגוזים ללא תוספת סוכר 100 גר',אלטינמארקה גידה סאן,TR,שוקולד חלב אגוז,גרמים,100.00,100 גרם,false,0,11.90,11.90,true,1,
7290012823381,false,מקסימה מרכך כביסה מרוכז סנסטיב בייבי סנו 1 ליטר,החברה הדרומית לשיווק בעמ,IL,מרכך כביסה,ליטרים,1.00,ליטר,false,0,18.90,18.90,true,1,
7290012823923,false,"מרכך כביסה מרוכז פרפיום גולדן מקסימה 750 מ""ל",החברה הדרומית לשיווק בעמ,IL,מקסימה פרפיום,מיליליטרים,750.00,"100 מ""ל",false,0,18.90,2.52,true,1,
7290012823947,false,"סנו - מרכך כביסה מרוכז פרפיום קריסטל נואר 750 מ""ל",החברה הדרומית לשיווק בעמ,IL,מקסימה פרפיום,מיליליטרים,750.00,"100 מ""ל",false,0,18.90,2.52,true,1,
7290012884986,false,צ`יפס לתנור עד 4% שומן תפוגן (1.5 קג),קבוצת אוסם סחר שותפות מוגבלת,IL,ציפס לתנור,קילוגרמים,1.50,"ק""ג",false,0,29.90,19.93,true,1,
7290012901355,false,דודלס ארוחת אטריות עם גבינה 206 גרם,האי נאם סי או אל.טי.,US,ארוחת מקרוני,גרמים,206.00,100 גרם,false,1,12.90,6.26,true,1,
7290012901973,false,"שעועית אדומה, 400 גרם גאלה",יורוקום אס.אר.אל,IT,שעועית אדומה,גרמים,400.00,100 גרם,false,1,10.90,2.73,true,1,
7290012921025,false,"בקבוק בירה מלכה בהירה 330 מ""ל",הכרם - משקאות חריפים בעמ,IL,בירה מלכה בהירה,מיליליטרים,330.00,"100 מ""ל",false,0,14.90,4.52,true,1,
7290012921032,false,"בקבוק בירה מלכה אדמונית 330 מ""ל",הכרם - משקאות חריפים בעמ,IL,בירה מלכה,מיליליטרים,330.00,"100 מ""ל",false,0,14.90,4.52,true,1,
7290012962578,false,צימרוני אוזניים עץ בקופסא 300 יחידות אינטרסאן,הדקלאים אגודת שיתופי,CN,צימרוני אוזניים,יחידה,1.00,יחידה,false,0,7.90,7.90,true,1,
7290013027399,false,לחם קמח מלא קל בתוספת שיפון 750 ג' אנג'ל,מאפיית שלמה א. אנג'\ל בע,IL,אנג'ל -100קל,גרמים,750.00,100 גרם,false,0,15.90,2.12,true,1,
7290013068361,false,שמן זית אליעד כתית מ,אליעד בית בד בגולן,IL,שמן זית,מיליליטרים,750.00,"100 מ""ל",false,0,38.90,5.19,true,1,
7290013068682,false,שמן זית כתית מעולה 750 מ,אליעד בית בד בגולן,IL,שמן זית כתית,מיליליטרים,750.00,"100 מ""ל",false,0,38.90,5.19,true,1,
<<<<<<< HEAD
7290013083678,false,"מטרנה אקסטרה קר שלב 2 חסכון 700 גרם תמ""ל",מולינו ניקולי s.p.a,IL,מטרנה אקסטרה קר,גרמים,700.00,100 גרם,false,0,61.90,8.84,true,1,
7290013083685,false,תחליף חלב מטרנה אקסטרה קר שלב 3 חסכון 700 גרם,מטרנה תעשיות ש.מ,IL,מטרנה אקסטרה קר,גרמים,700.00,100 גרם,false,0,61.90,8.84,true,1,
7290013117212,false,בורקס פילו במילוי גבינה מעדנות 600 גר,מיוצר עי קונדיטוריית,IL,בורקס גבינה,גרמים,600.00,100 גרם,false,0,23.90,3.98,true,1,
7290013117410,false,בצק פריך מרודד למאפים מתוקים 900 ג' מעדנות,מיוצר עי קונדיטוריית,IL,בצק פריך,גרמים,900.00,100 גרם,false,0,26.40,2.93,true,1,
7290013117427,false,בצק פריך מרודד למאפים מלוחים מעדנות 2*450 גרם,מיוצר עי קונדיטוריית,IL,בצק פריך,גרמים,900.00,100 גרם,false,0,26.40,2.93,true,1,
7290013117526,false,בצק שמרים מרודד למאפים מתוקים מעדנות 900 גרם,"מעדנות בע""\מ",IL,בצק שמרים,גרמים,900.00,100 גרם,false,0,25.70,2.86,true,1,
7290013144195,false,מיימונס תערובת כדורי שוקולד 500 גרם.,א.ל ייצור ושיווק תבלינים,IL,תערובת כ.שוקולד,גרמים,500.00,100 גרם,false,0,13.90,2.78,true,1,
7290013144201,false,מיימונס תערובת פנקייק 400 גרם,א.ל ייצור ושיווק תבלינים,IL,תערובת פנקייק,גרמים,400.00,100 גרם,false,0,13.90,3.48,true,1,
7290013144232,false,מיימונס פודינג בטעם וניל 80 גרם,א.ל ייצור ושיווק תבלינים,IL,פודינג וניל,גרמים,80.00,100 גרם,false,0,4.90,6.13,true,1,
7290013144393,false,"תמצית בטעם וניל מימונס 50 מ""ל",א.ל ייצור ושיווק תבלינים,IL,תמצית וניל,מיליליטרים,50.00,"100 מ""ל",false,0,5.50,11.00,true,1,
7290013144539,false,צבע מאכל אדום מימונס 50 גרם,א.ל ייצור ושיווק תבלינים,IL,צבע מאכל אדום,מיליליטרים,50.00,"100 מ""ל",false,0,5.30,10.60,true,1,
7290013144614,false,"מיימונס סירופ מייפל אמיתי 100% מקנדה 236 מ""ל",הנסיך- מפעל לייצור ט,DK,סירופ מייפל,גרמים,236.00,100 גרם,false,0,30.90,13.09,true,1,
7290013144751,false,סירופ בטעם מייפל מימונס 500 גרם,א.ל ייצור ושיווק תבלינים,IL,סירופ טעם מייפל,גרמים,500.00,100 גרם,false,0,11.90,2.38,true,1,
7290013145062,false,"סירופ מייפל אמיתי 100% מימונס 187 מ""ל",מימונס אפייה,CA,סירופ מייפל,מיליליטרים,187.00,"100 מ""ל",false,1,28.90,15.45,true,1,
7290013145123,false,מיימונס שקד מולבן פרוס 100 גרם,א.ל ייצור ושיווק תבלינים,IL,שקד מולבן פרוס,גרמים,100.00,100 גרם,false,0,11.90,11.90,true,1,
7290013145215,false,שומשום מימונס 400 גרם,א.ל ייצור ושיווק תבלינים,IL,שומשום,גרמים,400.00,100 גרם,false,0,15.90,3.98,true,1,
7290013145437,false,שוקולד מריר מעולה ציפס מימונס 250 ג',אינטרגטה תעשיות מזון 19),IL,שוקולד צ'יפס,גרמים,250.00,100 גרם,false,0,14.90,5.96,true,1,
7290013145529,false,סוכריות צבעוניות לקישוט מיימונס 90 גרם,א.ל ייצור ושיווק תבלינים,IL,סוכריות לקישוט,גרמים,90.00,100 גרם,false,0,6.50,7.22,true,1,
7290013145918,false,אבקת סוכר מיימונס 100 גרם,א.ל ייצור ושיווק תבלינים,IL,אבקת סוכר,גרמים,100.00,100 גרם,false,0,2.30,2.30,true,1,
7290013145956,false,שמרים יבשים בוואקום מיימונס 500 גרם,הנסיך- מפעל לייצור ט,CN,שמרים יבשים,גרמים,500.00,100 גרם,false,0,15.50,3.10,true,1,
7290013146304,false,קורנפלור 500 גרם מימונס.,א.ל ייצור ושיווק תבלינים,IL,קורנפלור,גרמים,500.00,100 גרם,false,1,7.90,1.58,true,1,
7290013146755,false,"קצפת 24% שומן מימונס 500 מ""ל",מוצרי קפוא זן,BG,קצפת צמחית,מיליליטרים,500.00,"100 מ""ל",false,1,9.90,1.98,true,1,
7290013146762,false,"קצפת לזילוף 24% שומן מימונס 200 מ""ל",מוצרי קפוא זן,BG,קצפת צמחית,מיליליטרים,200.00,"100 מ""ל",false,1,8.90,4.45,true,1,
7290013153418,false,פריגת סחוט לימונענע 1 ליטר,פריגת מצוננים,IL,מיץ לימון נענע,ליטרים,1.00,ליטר,false,1,14.90,14.90,true,1,
=======
7290013083678,false,"מטרנה אקסטרה קר שלב 2 חסכון 700 גרם תמ""ל",קבוצת אוסם סחר-שות.מוגבלת,IL,מטרנה אקסטרה קר,גרמים,700.00,100 גרם,false,0,61.90,8.84,true,1,
7290013083685,false,תחליף חלב מטרנה אקסטרה קר שלב 3 חסכון 700 גרם,קבוצת אוסם סחר-שות.מוגבלת,IL,מטרנה אקסטרה קר,גרמים,700.00,100 גרם,false,0,61.90,8.84,true,1,
7290013117212,false,בורקס פילו במילוי גבינה מעדנות 600 גר,תנובה מרכז שיתופי לשיווק תוצרת,IL,בורקס גבינה,גרמים,600.00,100 גרם,false,0,23.90,3.98,true,1,
7290013117410,false,בצק פריך מרודד למאפים מתוקים 900 ג' מעדנות,תנובה מרכז שיתופי לשיווק תוצרת,IL,בצק פריך,גרמים,900.00,100 גרם,false,0,26.40,2.93,true,1,
7290013117427,false,בצק פריך מרודד למאפים מלוחים מעדנות 2*450 גרם,תנובה מרכז שיתופי לשיווק תוצרת,IL,בצק פריך,גרמים,900.00,100 גרם,false,0,26.40,2.93,true,1,
7290013117526,false,בצק שמרים מרודד למאפים מתוקים מעדנות 900 גרם,תנובה מרכז שיתופי לשיווק תוצרת,IL,בצק שמרים,גרמים,900.00,100 גרם,false,0,25.70,2.86,true,1,
7290013144195,false,מיימונס תערובת כדורי שוקולד 500 גרם.,א.ל.ייצור ושיווק תבלינים בעמ,IL,תערובת כ.שוקולד,גרמים,500.00,100 גרם,false,0,13.90,2.78,true,1,
7290013144201,false,תערובת להכנת פנקייק מימונס (400 גרם),א.ל.ייצור ושיווק תבלינים בעמ,IL,תערובת פנקייק,גרמים,400.00,100 גרם,false,0,13.90,3.48,true,1,
7290013144232,false,מיימונס פודינג בטעם וניל 80 גרם,א.ל. ייצור ושיווק תבלינים בע`מ,IL,פודינג וניל,גרמים,80.00,100 גרם,false,0,4.90,6.13,true,1,
7290013144393,false,תמצית אפיה בטעם וניל מימונס (50 מל),א.ל. ייצור ושיווק תבלינים בע`מ,IL,תמצית וניל,מיליליטרים,50.00,"100 מ""ל",false,0,5.50,11.00,true,1,
7290013144539,false,צבע מאכל אדום מימונס 50 גרם,א.ל. ייצור ושיווק תבלינים בע`מ,IL,צבע מאכל אדום,מיליליטרים,50.00,"100 מ""ל",false,0,5.30,10.60,true,1,
7290013144614,false,"מיימונס סירופ מייפל אמיתי 100% מקנדה 236 מ""ל",א.ל.ייצור ושיווק תבלינים בעמ,DK,סירופ מייפל,גרמים,236.00,100 גרם,false,0,30.90,13.09,true,1,
7290013144751,false,סירופ בטעם מייפל מימונס 500 גרם,א.ל. ייצור ושיווק תבלינים בע`מ,IL,סירופ טעם מייפל,גרמים,500.00,100 גרם,false,0,11.90,2.38,true,1,
7290013145062,false,סירופ מייפל אמיתי 100% מימונס 187 מל*,א.ל.ייצור ושיווק תבלינים בעמ,CA,סירופ מייפל,מיליליטרים,187.00,"100 מ""ל",false,1,28.90,15.45,true,1,
7290013145123,false,מיימונס שקד מולבן פרוס 100 גרם,א.ל. ייצור ושיווק תבלינים בע`מ,IL,שקד מולבן פרוס,גרמים,100.00,100 גרם,false,0,11.90,11.90,true,1,
7290013145215,false,שומשום מימונס (400 גרם),א.ל.ייצור ושיווק תבלינים בעמ,IL,שומשום,גרמים,400.00,100 גרם,false,0,15.90,3.98,true,1,
7290013145437,false,שוקולד מריר מעולה ציפס מימונס 250 ג',א.ל. ייצור ושיווק תבלינים בע`מ,IL,שוקולד צ'יפס,גרמים,250.00,100 גרם,false,0,14.90,5.96,true,1,
7290013145529,false,סוכריות צבעוניות לקישוט מיימונס 90 גרם,א.ל. ייצור ושיווק תבלינים בע`מ,IL,סוכריות לקישוט,גרמים,90.00,100 גרם,false,0,6.50,7.22,true,1,
7290013145918,false,אבקת סוכר מימונס (100 גרם),א.ל. ייצור ושיווק תבלינים בע`מ,IL,אבקת סוכר,גרמים,100.00,100 גרם,false,0,2.30,2.30,true,1,
7290013145956,false,שמרים יבשים בוואקום מיימונס 500 גרם,א.ל. ייצור ושיווק תבלינים בע`מ,CN,שמרים יבשים,גרמים,500.00,100 גרם,false,0,15.50,3.10,true,1,
7290013146304,false,קורנפלור 500 גרם מימונס.,א.ל.ייצור ושיווק תבלינים בעמ,IL,קורנפלור,גרמים,500.00,100 גרם,false,1,7.90,1.58,true,1,
7290013146755,false,קצפת צמחי 24% 500 גרם מימונס,קפוא-זן תעשיות מזון בעמ - תפוג,BG,קצפת צמחית,מיליליטרים,500.00,"100 מ""ל",false,1,9.90,1.98,true,1,
7290013146762,false,"קצפת לזילוף 24% שומן מימונס 200 מ""ל",קפוא-זן תעשיות מזון בעמ - תפוג,BG,קצפת צמחית,מיליליטרים,200.00,"100 מ""ל",false,1,8.90,4.45,true,1,
7290013153418,false,מיץ סחוט טרי 1ל לימונענע פרי גת,החברה המרכזית טלהפצת משקאות בע,IL,מיץ לימון נענע,ליטרים,1.00,ליטר,false,1,14.90,14.90,true,1,
>>>>>>> d048ac2f4f281c9d788043ab4e81b61b0dbe3743
7290013153586,false,"משקה פירות יער קפוא פריגת 340 מ""ל",היינץ צפון אמריקה מק,IL,פריגת פירות יער,גרמים,340.00,100 גרם,false,1,14.90,4.38,true,1,
7290013268020,false,מקסימה מרכך כביסה מרוכז בניחוח אולטרא פרש סנו 1 ליטר,החברה הדרומית לשיווק בעמ,IL,מרכך כביסה,ליטרים,1.00,ליטר,false,0,18.90,18.90,true,1,
7290013268242,false,תרכיז ריחני לניקוי רצפות בריח מלון מפנק ריצפז פרש,החברה הדרומית לשיווק בעמ,IL,ריצפז פרש הום,ליטרים,2.00,ליטר,false,1,21.90,10.95,true,1,
7290013268891,false,אוקסיג'ן ג'ל ללא אקונומיקה עם חמצן פעיל סנו 3 ליטר,החברה הדרומית לשיווק בעמ,IL,אוקסיג'ן ג'ל,ליטרים,3.00,ליטר,false,0,25.90,8.64,true,1,
7290013268983,false,מרכך כביסה סופר מרוכז בבישום עוצמתי סנו מקסימה 1 ל',החברה הדרומית לשיווק בעמ,IL,מרכך מרוכז ג'וי,ליטרים,1.00,ליטר,false,1,18.90,18.90,true,1,
7290013268990,false,מרכך כביסה מרוכז לבן ביו סנו מקסימה 1 ליטר,החברה הדרומית לשיווק בעמ,IL,מקסימה מרכך,ליטרים,1.00,ליטר,false,0,18.90,18.90,true,1,
7290013269003,false,מרכך כביסה סופר מרוכז בייבי לתינוקות ולעור רגיש,החברה הדרומית לשיווק בעמ,IL,מקסימה מרכך,ליטרים,1.00,ליטר,false,0,19.90,19.90,true,1,
7290013269263,false,ג'ל כביסה מרוכז מקסימה בבישום קריסטל נואר,החברה הדרומית לשיווק בעמ,IL,מקסימה ג'ל,ליטרים,3.00,ליטר,false,0,35.60,11.87,true,1,
7290013269287,false,סנו - מקסימה ג'ל כביסה מרוכז מאסק 3 ליטר,החברה הדרומית לשיווק בעמ,IL,ג'ל כביסה מרוכז,ליטרים,3.00,ליטר,false,0,35.60,11.87,true,1,
7290013269348,false,K3 תחנת פיתיון קוטל תיקנים (ג'וקים) בבית ובחצר,החברה הדרומית לשיווק בעמ,IL,K3 תחנת פיתיון,יחידה,1.00,יחידה,false,1,51.90,51.90,true,1,
7290013269621,false,ריצפז פרש לניקוי רצפות בניחוח מלון בוטיק,החברה הדרומית לשיווק בעמ,IL,ריצפז פרש הום,ליטרים,2.00,ליטר,false,1,21.90,10.95,true,1,
7290013269751,false,מטליות לחותריצפז פרש לניקוי ריצפה בניחות מלון בוטיק 10 יח' סנו,החברה הדרומית לשיווק בעמ,IL,מטליות ריצפז,יחידה,1.00,יחידה,false,1,12.90,12.90,true,1,
7290013276124,false,"בקבוק בירה נגב אמבר אייל 330 מ""ל",הכרם - משקאות חריפים בעמ,IL,בירה נגב אמבר,מיליליטרים,330.00,"100 מ""ל",false,1,14.90,4.52,true,1,
7290013284112,false,פריניר זיתים חרוזית ירוק a2,פריניר ( הדס 1987) ב,IL,זיתים ירוקים,גרמים,560.00,100 גרם,false,0,9.40,1.68,true,1,
7290013284143,false,פריניר מלפפונים במלח 10-12 560ג.,אבאל יזמות בעמ,IL,מלפפונים במלח,גרמים,560.00,100 גרם,false,0,7.80,1.39,true,1,
7290013284310,false,רוטב פסטה לילדים פריניר 240 גרם,ח.כהן סוכנות מזון ומשקאות בע,IL,רוטב פסטה,גרמים,240.00,100 גרם,false,0,6.50,2.71,true,1,
7290013310101,false,"שיפודי במבוק ג'מבו 50 יח' עובי 5 מ""מ אורך 30 ס""מ",הדקלאים אגודת שיתופי,CN,שיפודי במבוק,יחידה,1.00,יחידה,false,1,5.90,5.90,true,1,
<<<<<<< HEAD
7290013310385,false,כפפות ניטריל M כחולות ללא אבקה 80 יח' EASY TOUCH,איזי טאץ' Easy touch,TH,כפפות ניטריל,יחידה,1.00,יחידה,false,0,30.90,30.90,true,1,
7290013310392,false,כפפות ניטריל L כחולות ללא אבקה 80 יח' EASY TOUCH,איזי טאץ' Easy touch,TH,כפפות כחולות L,יחידה,1.00,יחידה,false,0,30.90,30.90,true,1,
7290013358509,false,"מיקסלט גרעינים, קטניות ואגוזים",בטר אנד דיפרנט,IL,מיקסלט,גרמים,200.00,100 גרם,false,0,15.80,7.90,true,1,
7290013366085,false,תירס סופר סוויט ארוז,כרמלים שדות חדשים,IL,תירס מתוק במיוחד,גרמים,800.00,100 גרם,false,1,19.90,2.49,true,1,
7290013366108,false,אספרגוס ירוק כרמלים,כרמלים שדות חדשים,IL,אספרגוס ירוק,גרמים,400.00,100 גרם,false,1,31.90,7.98,true,1,
7290013366252,false,קטניות מונבטות יחידה,כרמלים שדות חדשים,IL,קטניות מונבטות,יחידה,1.00,יחידה,false,1,10.90,10.90,true,1,
7290013430250,false,"בירה אלקסנדר חיטה ישראלית כרמל 330 מ""ל",אלכסנדר- בירה ישראלית מע,IL,בירה אלכסנדר,מיליליטרים,330.00,"100 מ""ל",false,1,12.90,3.91,true,1,
=======
7290013310385,false,כפפות ניטריל M כחולות ללא אבקה 80 יח' EASY TOUCH,אינטרסן (1996) בעמ,TH,כפפות ניטריל,יחידה,1.00,יחידה,false,0,30.90,30.90,true,1,
7290013310392,false,כפפות ניטריל L כחולות ללא אבקה 80 יח' EASY TOUCH,אינטרסן (1996) בעמ,TH,כפפות כחולות L,יחידה,1.00,יחידה,false,0,30.90,30.90,true,1,
7290013358509,false,מנה מיקסלט תערובת עשירה מאסטר שף 200גר,ש. שסטוביץ בע`מ,IL,מיקסלט,גרמים,200.00,100 גרם,false,0,15.80,7.90,true,1,
7290013366085,false,תירס סופר סוויט ארוז,כרמלים שדות חדשים,IL,תירס מתוק במיוחד,גרמים,800.00,100 גרם,false,1,19.90,2.49,true,1,
7290013366108,false,אספרגוס ירוק כרמלים,כרמלים שדות חדשים,IL,אספרגוס ירוק,גרמים,400.00,100 גרם,false,1,31.90,7.98,true,1,
7290013366252,false,קטניות מונבטות יחידה,כרמלים שדות חדשים,IL,קטניות מונבטות,יחידה,1.00,יחידה,false,1,10.90,10.90,true,1,
7290013430250,false,אלכסנדר חיטה ישראלית בקבוק בודד 330 מל,אלכסנדר- בירה ישראלית מע,IL,בירה אלכסנדר,מיליליטרים,330.00,"100 מ""ל",false,1,12.90,3.91,true,1,
>>>>>>> d048ac2f4f281c9d788043ab4e81b61b0dbe3743
7290013430304,false,בירה אלכסנדר גרין GREEN בירה ישראלית,מנדלז סי.אר. פרודקשן,IL,בירה אלכסנדר,מיליליטרים,330.00,"100 מ""ל",false,1,12.90,3.91,true,1,
7290013433077,false,גרנולה אגוזים 44% 300 גרם,,IL,גרנולה אגוזים,גרמים,300.00,100 גרם,false,0,19.90,6.63,true,1,
7290013433107,false,גרנולה חלבה תמר 43% 300 גרם,אפקט טבעי,IL,גרנולה,גרמים,300.00,100 גרם,false,0,19.90,6.63,true,1,
7290013433336,false,גרנולה 48% סופר פודס 300 ג,אפקטבעי,IL,גרנולה סופרפוד,גרמים,300.00,100 גרם,false,1,19.90,6.63,true,1,
7290013453624,false,דני וגלית עוגיות שוקולדצ'יפס מקמח שקדים וקמח אורז מלא 230 גרם,י.איטליאנו אחזקות בעמ,IL,עוג.שוקולד צ'יפס,גרמים,230.00,100 גרם,false,1,26.90,11.70,true,1,
7290013521101,false,פסטה כוסמין אורגנית תרד 350 גרם,השדה מוצרים אורגניים,HU,פסטה כוסמין,גרמים,350.00,100 גרם,false,0,20.90,5.97,true,1,
7290013521491,false,קטשופ אורגני 567 גרם ללא גלוטן,שוורצקוף& הנקל דיסלד,US,קטשופ אורגני,גרמים,568.00,100 גרם,false,0,19.70,3.47,true,1,
<<<<<<< HEAD
7290013585233,false,"ספרייט זירו פחית סליק 330 מ""ל",החברה המרכזית לייצור משקאות,IL,ספרייט זירו,מיליליטרים,330.00,"100 מ""ל",false,1,5.40,1.64,true,1,
7290013585387,false,קוקה קולה זירו בקבוק,החברה המרכזית לייצור משקאות,IL,קולה זירו,ליטרים,1.00,ליטר,false,1,7.20,7.20,true,1,
7290013585394,false,קוקה קולה 1ליטר בודד,החברה המרכזית לייצור משקאות,IL,קוקה קולה,ליטרים,1.00,ליטר,false,1,7.50,7.50,true,1,
7290013608260,false,מיץ רימונים 100%מיץ סחוט טרי מצונן 1ליט,"גניר (1992) בע""מ",IL,מיץ רימונים,ליטרים,1.00,ליטר,false,0,26.70,26.70,true,1,
7290013608864,false,פרימור משקה פירות הדר 1 ליטר בתוספת ויטמין C,"גניר (1992) בע""מ",IL,משקה פירות הדר,ליטרים,1.00,ליטר,false,1,17.20,17.20,true,1,
7290013652799,false,נטורל קר קרם לחות לשיער רגיל/יבש- ורדים וחלב רימונים,פישר מעבדות פרמצבטיות בע,IL,קרם לחות לשיער,מיליליטרים,400.00,"100 מ""ל",false,0,24.20,6.05,true,1,
7290013724953,false,חמוציות בציפוי שוקולד בקופסא שקדיה 140 גרם,"דין שיווק וקלייה בע""",IL,חמוציות בשוקולד,גרמים,160.00,100 גרם,false,0,15.80,9.88,true,1,
7290013725820,false,אגוזי לוז בשוקולד מריר 140 גר שקדיה,"דין שיווק וקלייה בע""",IL,א.לוז בשוקולד,גרמים,160.00,100 גרם,false,0,15.80,9.88,true,1,
7290013787392,false,רביולי גבינות קלאסי 330 גרם ריקו בית יוסף,דודו איטליאן פרודקטס בע\,IL,רביולי במילוי גב,גרמים,330.00,100 גרם,false,1,28.90,8.76,true,1,
7290013787408,false,רביולי בטטה 330 גרם ריקו בית יוסף,דודו איטליאן פרודקטס בע\,IL,רביולי בטטה,גרמים,330.00,100 גרם,false,1,28.90,8.76,true,1,
7290013787422,false,רביולי פלין פטריות - כמהין 330 גרם ריקו בית יוסף,דודו איטליאן פרודקטס בע\,IL,פלין פטריות בטעם,גרמים,330.00,100 גרם,false,1,28.90,8.76,true,1,
7290013847454,false,טונה סטארקיסט שמן קנולה רביעיות 4*160 גר,"טונה ויאטנם קו,. אל.טי.ד",VN,טונה בשמן 4 יח,גרמים,640.00,100 גרם,false,1,25.90,4.05,true,1,
7290013848345,false,מארז מטליות לחיטוי וניקוי יסודי אנטיבקטריאלי 99.9%,סנו מפעלי ברונוס בעמ,IL,מטליות ניקוי 3יח,יחידה,1.00,יחידה,false,1,21.90,21.90,true,1,
7290013848758,false,מקסימה גל כביסה מרוכז בייבי 3ליטר סנסטיב,"סנו מפעלי ברונוס בע""\מ",IL,ג'ל לכביסה בייבי,ליטרים,3.00,ליטר,false,0,38.90,12.97,true,1,
7290013861054,false,שוקולד קופ עם צימוקים וחלב 160 ג',"דין שיווק וקלייה בע""",IL,צימוק בשוקולד,גרמים,160.00,100 גרם,false,0,15.80,9.88,true,1,
7290013861955,false,תערובת פיצוחים 200גרם,שקדיה,IL,תערובת פיצוחים,גרמים,200.00,100 גרם,false,0,24.70,12.35,true,1,
7290013861962,false,פיסטוק חלבי קלוי 200גרם,שקדיה,IL,פיסטוק קלוי,גרמים,200.00,100 גרם,false,0,24.70,12.35,true,1,
7290013861986,false,אגוז קשיו קלוי 200גרם,שקדיה,IL,קשיו קלוי,גרמים,200.00,100 גרם,false,0,24.90,12.45,true,1,
7290013903327,false,טופו בטעם טבעי 500 גרם,"א.י.ן תעשיות בע""מ",IL,טופו בטעם טבעי,גרמים,500.00,100 גרם,false,1,14.90,2.98,true,1,
7290013903594,false,רסק תפוחים טבעי 670 גרם ליב,טעמי הגליל בעמ,IL,רסק תפוחים טבעי,גרמים,670.00,100 גרם,false,1,12.90,1.93,true,1,
7290013906052,false,נקניקיות פרגיות טירת צבי 300 גרם,הנסיך- מפעל לייצור ט,IL,נקניקיות פרגיות,גרמים,300.00,100 גרם,false,0,15.00,5.00,true,1,
7290013906205,false,פסטרמה עם שום וצילי טירת צבי 400 ג',הנסיך- מפעל לייצור ט,IL,פסטרמה שום+צ'לי,גרמים,400.00,100 גרם,false,0,27.90,6.98,true,1,
7290013906441,false,קבנוס טירת צבי 120 גרם,הנסיך- מפעל לייצור ט,IL,קבנוס,גרמים,120.00,100 גרם,false,0,11.90,9.92,true,1,
7290013906489,false,חטיפי מיני קבנוס טירת צבי 120 גרם,הנסיך- מפעל לייצור ט,IL,חטיפי קבנוס,גרמים,120.00,100 גרם,false,0,12.90,10.75,true,1,
7290013906687,false,פסט' צמד כפרית ברביקיו ודבש 300X2ג' טירת צבי,הנסיך- מפעל לייצור ט,IL,צמד כפרי ברביקיו,גרמים,600.00,100 גרם,false,8,31.90,5.32,true,1,
7290013906694,false,נקניקיות שקית קילו וחצי טירת צבי,הנסיך- מפעל לייצור ט,IL,נקניקיות עוף 1.5,גרמים,1500.00,100 גרם,false,1,39.90,2.66,true,1,
=======
7290013585233,false,"ספרייט זירו פחית סליק 330 מ""ל",החברה המרכזית להפצת משקאות בעמ,IL,ספרייט זירו,מיליליטרים,330.00,"100 מ""ל",false,1,5.40,1.64,true,1,
7290013585387,false,בקבוק זירו קוקה-קולה (1 ליטר),החברה המרכזית להפצת משקאות בעמ,IL,קולה זירו,ליטרים,1.00,ליטר,false,1,7.20,7.20,true,1,
7290013585394,false,בקבוק קוקה-קולה (1 ליטר),החברה המרכזית להפצת משקאות בעמ,IL,קוקה קולה,ליטרים,1.00,ליטר,false,1,7.50,7.50,true,1,
7290013608260,false,מיץ רימונים 100%מיץ סחוט טרי מצונן 1ליט,שטראוס גרופ בעמ/מצונן,IL,מיץ רימונים,ליטרים,1.00,ליטר,false,0,26.70,26.70,true,1,
7290013608864,false,פרימור משקה פירות הדר 1 ליטר בתוספת ויטמין C,שטראוס גרופ בעמ/מצונן,IL,משקה פירות הדר,ליטרים,1.00,ליטר,false,1,17.20,17.20,true,1,
7290013652799,false,נטורל קר קרם לחות לשיער רגיל/יבש- ורדים וחלב רימונים,פישר תעשיות פרמבצטיות בעמ,IL,קרם לחות לשיער,מיליליטרים,400.00,"100 מ""ל",false,0,24.20,6.05,true,1,
7290013724953,false,חמוציות בציפוי שוקולד בקופסא שקדיה 140 גרם,דין שיווק וקליה 2021 בעמ,IL,חמוציות בשוקולד,גרמים,160.00,100 גרם,false,0,15.80,9.88,true,1,
7290013725820,false,אגוזי לוז בשוקולד מריר בקופסא 140 גרם,דין שיווק וקליה 2021 בעמ,IL,א.לוז בשוקולד,גרמים,160.00,100 גרם,false,0,15.80,9.88,true,1,
7290013787392,false,רביולי גבינות קלאסי 330 גרם ריקו בית יוסף,דודו איטליאן פרודקטס בע\,IL,רביולי במילוי גב,גרמים,330.00,100 גרם,false,1,28.90,8.76,true,1,
7290013787408,false,רביולי בטטה 330 גרם ריקו בית יוסף,דודו איטליאן פרודקטס בע\,IL,רביולי בטטה,גרמים,330.00,100 גרם,false,1,28.90,8.76,true,1,
7290013787422,false,רביולי פלין פטריות - כמהין 330 גרם ריקו בית יוסף,דודו איטליאן פרודקטס בע\,IL,פלין פטריות בטעם,גרמים,330.00,100 גרם,false,1,28.90,8.76,true,1,
7290013847454,false,טונה סטאריקיסט בשמן קנולה רביעייה 160 גר,דיפלומט מפיצים (1968) בעמ**,VN,טונה בשמן 4 יח,גרמים,640.00,100 גרם,false,1,25.90,4.05,true,1,
7290013848345,false,מארז מטליות לחיטוי וניקוי יסודי אנטיבקטריאלי 99.9%,החברה הדרומית לשיווק בעמ,IL,מטליות ניקוי 3יח,יחידה,1.00,יחידה,false,1,21.90,21.90,true,1,
7290013848758,false,מקסימה גל כביסה מרוכז בייבי 3ליטר סנסטיב,החברה הדרומית לשיווק בעמ,IL,ג'ל לכביסה בייבי,ליטרים,3.00,ליטר,false,0,38.90,12.97,true,1,
7290013861054,false,צימוקים בשוקולד חלב בקופסא 140 גרם,דין שיווק וקליה 2021 בעמ,IL,צימוק בשוקולד,גרמים,160.00,100 גרם,false,0,15.80,9.88,true,1,
7290013861955,false,תערובת פיצוחים 200גרם,שקדיה,IL,תערובת פיצוחים,גרמים,200.00,100 גרם,false,0,24.70,12.35,true,1,
7290013861962,false,פיסטוק חלבי קלוי 200גרם,שקדיה,IL,פיסטוק קלוי,גרמים,200.00,100 גרם,false,0,24.70,12.35,true,1,
7290013861986,false,אגוז קשיו קלוי 200גרם,שקדיה,IL,קשיו קלוי,גרמים,200.00,100 גרם,false,0,24.90,12.45,true,1,
7290013903327,false,טופו טבעי 500 יח 2 יח נפרדות ליב,ל.י.ב. (לחיות יותר בטבע) בעמ,IL,טופו בטעם טבעי,גרמים,500.00,100 גרם,false,1,14.90,2.98,true,1,
7290013903594,false,רסק תפוחים טבעי 670 גרם ליב,ל.י.ב. (לחיות יותר בטבע) בעמ,IL,רסק תפוחים טבעי,גרמים,670.00,100 גרם,false,1,12.90,1.93,true,1,
7290013906052,false,נקניקיות פרגיות טירת צבי 300 גרם,תנובה מרכז שיתופי לשיווק תוצרת,IL,נקניקיות פרגיות,גרמים,300.00,100 גרם,false,0,15.00,5.00,true,1,
7290013906205,false,פסטרמה שום וצילי טירת צבי (400 גרם),תנובה מרכז שיתופי לשיווק תוצרת,IL,פסטרמה שום+צ'לי,גרמים,400.00,100 גרם,false,0,27.90,6.98,true,1,
7290013906441,false,קבנוס טירת צבי 120 גרם,תנובה מרכז שיתופי לשיווק תוצרת,IL,קבנוס,גרמים,120.00,100 גרם,false,0,11.90,9.92,true,1,
7290013906489,false,חטיפי מיני קבנוס טירת צבי 120 גרם,תנובה מרכז שיתופי לשיווק תוצרת,IL,חטיפי קבנוס,גרמים,120.00,100 גרם,false,0,12.90,10.75,true,1,
7290013906687,false,פסט' צמד כפרית ברביקיו ודבש 300X2ג' טירת צבי,תנובה מרכז שיתופי לשיווק תוצרת,IL,צמד כפרי ברביקיו,גרמים,600.00,100 גרם,false,8,31.90,5.32,true,1,
7290013906694,false,נקניקיות שקית קילו וחצי טירת צבי,תנובה מרכז שיתופי לשיווק תוצרת,IL,נקניקיות עוף 1.5,גרמים,1500.00,100 גרם,false,1,39.90,2.66,true,1,
>>>>>>> d048ac2f4f281c9d788043ab4e81b61b0dbe3743
7290013927156,false,אחוה בטעם פירות יער ללא תוספת סוכר 450 גרם.,אחדות ביחר לטחינה חל,IL,עוגת פירות יער,גרמים,450.00,100 גרם,false,0,13.90,3.09,true,1,
7290013994585,false,גרעיני דלעת קלופים אורגניים 300 גרם הרדוף,אול אורגני,IL,גרעיני דלעת,גרמים,300.00,100 גרם,false,0,16.90,5.63,true,1,
7290013994776,false,גרגירי תירס קפוא אורג800,פינגווין,BE,גרגירי תירס קפוא,גרמים,800.00,100 גרם,false,1,24.90,3.11,true,1,
7290013994905,false,"קמח חיטה 70% אורגני הרדוף 1 ק""ג",,IL,קמח חיטה 70%,קילוגרמים,1.00,"ק""ג",false,1,16.90,16.90,true,1,
7290013994912,false,"קמח כוסמין 70% אורגני הרדוף 1 ק""ג",עץ השדה,IL,קמח כוסמין 70%,קילוגרמים,1.00,"ק""ג",false,1,22.90,22.90,true,1,
7290014001879,false,סוכר תמרים אורגני 350 גר,משק לין,AE,סוכר תמרים,גרמים,350.00,100 גרם,false,1,25.00,7.14,true,1,
7290014001954,false,משק לין ממרח לימונים כבושים,"משק דבורים לין בע""\מ",IL,ממרח לימונים,גרמים,185.00,100 גרם,false,1,20.90,11.30,true,1,
<<<<<<< HEAD
7290014002197,false,חליטת קמומיל ולימונית הגן הקסום ויסוצקי 25 יחידות,תה ויסוצקי,IL,חליטת קמומיל,גרמים,75.00,100 גרם,false,0,19.90,26.53,true,1,
7290014002203,false,חליטת לימונית ולואיזה הגן הקסום ויסוצקי 25 יחידות,תה ויסוצקי,IL,חליטת לימונית,גרמים,75.00,100 גרם,false,0,19.90,26.53,true,1,
7290014002944,false,גן קסום חליטת פירות וצמחים חמדת שקד 25 שקיקים,תה ויסוצקי,IL,חליטת חמדת שקד,גרמים,57.00,100 גרם,false,0,19.90,34.91,true,1,
7290014002982,false,תה ירוק לימונית ולואיזה ויסוצקי 25 יחידות תוספת סטיביה,ויסוצקי ירוק,IL,תה ירוק סטיביה,גרמים,37.00,100 גרם,false,0,26.90,72.70,true,1,
7290014046016,false,פסטרמה של פעם דל שומן 2% רכיבים טבעיים,מעדני יחיעם,IL,פסטרמה של פעם,גרמים,250.00,100 גרם,false,0,27.90,11.16,true,1,
7290014046580,false,"פסטרמה מעודנת על האש 300 גרם ""יחיעם""",מעדני יחיעם 1993,IL,פסטרמה הודו מעוד,גרמים,300.00,100 גרם,false,1,22.90,7.63,true,1,
=======
7290014002197,false,חליטת קמומיל ולימונית הגן הקסום ויסוצקי 25 יחידות,תה ויסוצקי (ישראל) בעמ,IL,חליטת קמומיל,גרמים,75.00,100 גרם,false,0,19.90,26.53,true,1,
7290014002203,false,חליטת לימונית ולואיזה הגן הקסום ויסוצקי 25 יחידות,תה ויסוצקי (ישראל) בעמ,IL,חליטת לימונית,גרמים,75.00,100 גרם,false,0,19.90,26.53,true,1,
7290014002944,false,גן קסום חליטת פירות וצמחים חמדת שקד 25 שקיקים,תה ויסוצקי (ישראל) בעמ,IL,חליטת חמדת שקד,גרמים,57.00,100 גרם,false,0,19.90,34.91,true,1,
7290014002982,false,תה ירוק לימונית ולואיזה ויסוצקי 25 יחידות תוספת סטיביה,תה ויסוצקי (ישראל) בעמ,IL,תה ירוק סטיביה,גרמים,37.00,100 גרם,false,0,26.90,72.70,true,1,
7290014046016,false,פסטרמה של פעם דל שומן 2% רכיבים טבעיים,מעדני יחיעם ( 1993 ) בע`מ,IL,פסטרמה של פעם,גרמים,250.00,100 גרם,false,0,27.90,11.16,true,1,
7290014046580,false,פסטרמה מעודנת על גחלים יחיעם (300 גרם),מעדני יחיעם (1993) בעמ,IL,פסטרמה הודו מעוד,גרמים,300.00,100 גרם,false,1,22.90,7.63,true,1,
>>>>>>> d048ac2f4f281c9d788043ab4e81b61b0dbe3743
7290014059085,false,"משחת שיניים סנסודיין 75 מ""ל פרימיום לשיקום והגנה","סמית קליין ביצ'ם בע""",GB,משחת סנסודיין,מיליליטרים,75.00,"100 מ""ל",false,0,26.90,35.87,true,1,
7290014066373,false,לנדוור-קפסולות אספרסו קלאסיק(09) - 10יח'12X יח,ש.שסטוביץ בעמ,IL,קפסולות לנדוור,גרמים,50.00,100 גרם,false,1,16.40,32.80,true,1,
7290014066380,false,לנדוור-קפסולות אספרסו סופרימו(10) - 10יח'12X יח,ש.שסטוביץ בעמ,IL,קפסולות לנדוור,גרמים,50.00,100 גרם,false,1,16.40,32.80,true,1,
7290014066526,false,לנדוור-קפסולות אספרסו תערובת הבית(11) - 10יח'12X יח,ש.שסטוביץ בעמ,IL,קפסולות לנדוור,גרמים,50.00,100 גרם,false,1,16.40,32.80,true,1,
7290014066533,false,לנדוור-קפסולות אספרסו קלייה כפולה(12) - 10יח'12X יח,ש.שסטוביץ בעמ,IL,קפסולות לנדוור,גרמים,50.00,100 גרם,false,1,16.40,32.80,true,1,
7290014066915,false,קפה טורקי לנדוור100*4גרם,לנדוור,IL,קפה טורקי 4 יח,גרמים,400.00,100 גרם,false,1,25.90,6.48,true,1,
7290014094260,false,שיני שום קלוף קמעונאי,קונס`-מרינה פטריות הגליל בעמ*ש,CN,שיני שום קלופות,גרמים,160.00,100 גרם,false,1,11.90,7.44,true,1,
7290014095021,false,אגוז מלך טבעי150ג שקדיה,שקדיה,IL,אגוז מלך קלוף,גרמים,150.00,100 גרם,false,0,14.90,9.93,true,1,
7290014095052,false,פקאן מסוכר 150גרם,שקדיה,IL,פקאן מסוכר,גרמים,150.00,100 גרם,false,1,19.70,13.13,true,1,
7290014095953,false,פקאן בציפוי שוקולד בקופסא שקדיה 140 גרם,דין שיווק וקליה 2021 בעמ,IL,פקאן בשוקולד חלב,גרמים,160.00,100 גרם,false,0,15.80,9.88,true,1,
7290014217201,false,"תערובת תיבול סומק 45 גרם ""טעם וריח""","תבליני טעם וריח בע""מ",IL,סומק במיכל,גרמים,45.00,100 גרם,false,1,7.00,15.56,true,1,
7290014217492,false,תיבול פילדלפיה בקופ' 100 גר' טעם וריח,"תבליני טעם וריח בע""מ",IL,תערובת תבלינים,גרמים,100.00,100 גרם,false,1,11.90,11.90,true,1,
7290014218932,false,חטיפי פיצה בתוספ זיתים בשקית מעדנות 710 גרם,מיוצר עי קונדיטוריית,IL,חטיפי פיצה בתוספ,גרמים,710.00,100 גרם,false,1,37.90,5.34,true,1,
7290014256620,false,"יין מבעבע קריניאנו באזז יקבי כרמל 750 מ""ל",אגודת הכורמים -כרמל מזרחי,IL,קריניאנו באזז,מיליליטרים,750.00,"100 מ""ל",false,0,29.90,3.99,true,1,
7290014256637,false,"יין מבעבע מוסקטו באזז יקבי כרמל 750 מ""ל",אגודת הכורמים -כרמל מזרחי,IL,מוסקטו באזז,מיליליטרים,750.00,"100 מ""ל",false,0,29.90,3.99,true,1,
7290014321007,false,"שמן קוקוס אורגני 350 מ""ל",כפרי בריא,LK,שמן קוקוס אורגני,מיליליטרים,350.00,"100 מ""ל",false,0,33.70,9.63,true,1,
7290014397453,false,סנו אוקסיגן גל מסיר כתמים כביסה לבנה 3 ל,החברה הדרומית לשיווק בעמ,IL,מסיר כתמים 3ליטר,ליטרים,3.00,ליטר,false,0,25.90,8.64,true,1,
7290014397507,false,מבשם אויר סנו פרש הום בניחוח מאסק מעודן 350 מ''ל,מיוצר עי קונדיטוריית,IL,סנופרש מאסק מעוד,מיליליטרים,350.00,"100 מ""ל",false,0,12.90,3.69,true,1,
7290014397729,false,אקונומיקה פיסגה,,IL,אקונומיקה פיסגה,ליטרים,2.00,ליטר,false,0,11.50,5.75,true,1,
<<<<<<< HEAD
7290014455320,false,גבינה כדורי מוצרלה פרסקה גד 100ג',מוצרלה פרסקה 2 ב 15,IL,מוצרלה פרסקה,גרמים,100.00,100 גרם,false,1,10.20,10.20,true,1,
7290014455467,false,ירח מתוק מעדן חלב 2% ושיבולת שועל גד 150ג',גבינות מדף,IL,מעדן שיבולת שועל,גרמים,150.00,100 גרם,false,1,6.00,4.00,true,1,
7290014459373,false,"צ'יפס קראנצ'י לתנור קפוא תפוגן 1.5ק""ג","תעשיות תפוגן בע""\מ",IL,ציפס קראנצי,גרמים,1500.00,100 גרם,false,1,28.90,1.93,true,1,
7290014466463,false,"יין הר חרמון מסקטו עברית 750 מ""ל",יקבי רמת הגולן קצרין,IL,הר חרמון מוסקטו,מיליליטרים,750.00,"100 מ""ל",false,0,31.90,4.25,true,1,
7290014503137,false,"יין כנען אדום דלתון 750 מ""ל","יקב דלתון בע""\מ",IL,כנען אדום גליל,מיליליטרים,750.00,"100 מ""ל",false,0,44.90,5.99,true,1,
7290014525016,false,עשיריית חטיף סלים פרוט מרבה יוגורט תות סלים דליס 18.2 גרם,סלים פרוטס,ES,חטיפי דגנים מרבה,גרמים,182.00,100 גרם,false,0,12.90,7.09,true,1,
7290014562462,false,"תרכיז תפוחים 100% טבעי בי & די 650 מ""ל",,IL,תרכיז תפוחים,מיליליטרים,650.00,"100 מ""ל",false,0,30.90,4.75,true,1,
7290014578777,false,קוקוס תאילנדי,,TH,קוקוס תאילנדי,יחידה,1.00,יחידה,false,0,17.90,17.90,true,1,
7290014749245,false,ספיישל רצועות שניצל שומשום עוף טוב 600 גרם,מוצרי עוף טוב (2001) בע\,IL,צ'ונגו רצועות,גרמים,600.00,100 גרם,false,1,39.90,6.65,true,1,
7290014749764,false,עוף טוב שניצל עוף ביתי עדין כזה 700 גרם,מוצרי עוף טוב (2001) בע\,IL,שניצל עוף ביתי ע,גרמים,700.00,100 גרם,false,1,47.90,6.84,true,1,
7290014749849,false,שניצל דק ענק קריספי שומשום עוף טוב 720 גרם,מוצרי עוף טוב (2001) בע\,IL,שניצל עוף דק ענק,גרמים,720.00,100 גרם,false,1,44.90,6.24,true,1,
7290014749863,false,שניצל דק ענק קריספי צ'יפס עוף טוב 720 גרם,מוצרי עוף טוב (2001) בע\,IL,שניצל עוף דקענק,גרמים,720.00,100 גרם,false,1,44.90,6.24,true,1,
7290014758100,false,מאגדת יוגורט ביו 3% שומן 8 יח' *150ג' תנובה,מיוצר עי קונדיטוריית,IL,יוגורט ביו 8 יח,קילוגרמים,1.20,"ק""ג",false,0,17.30,14.42,true,1,
7290014758117,false,מאגדת יוגורט ביו 1.5% שומן 8 יח' *150 ג' תנובה,מיוצר עי קונדיטוריית,IL,יוגורט ביו 8 יח,קילוגרמים,1.20,"ק""ג",false,0,17.30,14.42,true,1,
7290014758162,false,חלב עיזים מלא 3.6% קרטון 1 ל' תנובה,תנובה מרכז שיתופי לש,IL,חלב עיזים מלא 1ל,ליטרים,1.00,ליטר,false,0,15.70,15.70,true,1,
7290014758681,false,קוטג תנובה 1% גביע 250 גרם,מיוצר עי קונדיטוריית,IL,קוטג 1% שומן,גרמים,250.00,100 גרם,false,0,5.70,2.28,true,1,
7290014759978,false,גבינת קצקבל גלעד 27% תנובה 200 גרם,תנובה חלב,IL,גב.קשקבל / גלעד,גרמים,200.00,100 גרם,false,0,28.50,14.25,true,1,
7290014759985,false,גבינת פרמזן גבע 23% תנובה 200 גרם,תנובה חלב,IL,גבינת פרמזן/גבע,גרמים,200.00,100 גרם,false,0,27.50,13.75,true,1,
7290014759992,false,גבינת רוקפור גליל פלח 140 ג' תנובה,"תנובה, מחלבת תל יוסף",IL,קולאז' רוקפור,גרמים,140.00,100 גרם,false,0,20.00,14.29,true,1,
7290014760134,false,"מעדן סויה בטעם וניל תנובה 125 מ""ל",תנובה Alternative,IL,מעדן סויה וניל,גרמים,125.00,100 גרם,false,1,4.70,3.76,true,1,
7290014760141,false,משקה שקדים תנובה E אלטרנטיב,תנובה Alternative,IL,משקה שקדים,ליטרים,1.00,ליטר,false,1,14.80,14.80,true,1,
=======
7290014455320,false,גבינה כדורי מוצרלה פרסקה גד 100ג',מחלבות גד שיווק 1992 בעמ,IL,מוצרלה פרסקה,גרמים,100.00,100 גרם,false,1,10.20,10.20,true,1,
7290014455467,false,ירח מתוק מעדן חלב 2% ושיבולת שועל גד 150ג',מחלבות גד שיווק 1992 בעמ,IL,מעדן שיבולת שועל,גרמים,150.00,100 גרם,false,1,6.00,4.00,true,1,
7290014459373,false,"צ'יפס קראנצ'י לתנור קפוא תפוגן 1.5ק""ג",קבוצת אוסם סחר שותפות מוגבלת,IL,ציפס קראנצי,גרמים,1500.00,100 גרם,false,1,28.90,1.93,true,1,
7290014466463,false,הר חרמון מוסקט יקב רמת הגולן (750 מל),היכל היין שקד גולן בעמ,IL,הר חרמון מוסקטו,מיליליטרים,750.00,"100 מ""ל",false,0,31.90,4.25,true,1,
7290014503137,false,יין אדום יבש יובלים יקב דלתון (750 מל),הכרם - משקאות חריפים בעמ,IL,כנען אדום גליל,מיליליטרים,750.00,"100 מ""ל",false,0,44.90,5.99,true,1,
7290014525016,false,עשיריית חטיף סלים פרוט מרבה יוגורט תות סלים דליס 18.2 גרם,ש.שסטוביץ בעמ,ES,חטיפי דגנים מרבה,גרמים,182.00,100 גרם,false,0,12.90,7.09,true,1,
7290014562462,false,"תרכיז תפוחים 100% טבעי בי & די 650 מ""ל",בטר אנד דיפרנט בעמ,IL,תרכיז תפוחים,מיליליטרים,650.00,"100 מ""ל",false,0,30.90,4.75,true,1,
7290014578777,false,קוקוס תאילנדי,,TH,קוקוס תאילנדי,יחידה,1.00,יחידה,false,0,17.90,17.90,true,1,
7290014749245,false,ספיישל רצועות שניצל שומשום עוף טוב 600 גרם,קבוצת אוסם סחר שותפות מוגבלת,IL,צ'ונגו רצועות,גרמים,600.00,100 גרם,false,1,39.90,6.65,true,1,
7290014749764,false,עוף טוב שניצל עוף ביתי עדין כזה 700 גרם,קבוצת אוסם סחר שותפות מוגבלת,IL,שניצל עוף ביתי ע,גרמים,700.00,100 גרם,false,1,47.90,6.84,true,1,
7290014749849,false,שניצל דק ענק קריספי שומשום עוף טוב 720 גרם,קבוצת אוסם סחר שותפות מוגבלת,IL,שניצל עוף דק ענק,גרמים,720.00,100 גרם,false,1,44.90,6.24,true,1,
7290014749863,false,שניצל דק ענק קריספי צ'יפס עוף טוב 720 גרם,קבוצת אוסם סחר-שות.מוגבלת,IL,שניצל עוף דקענק,גרמים,720.00,100 גרם,false,1,44.90,6.24,true,1,
7290014758100,false,מאגדת יוגורט ביו 3% שומן 8 יח' *150ג' תנובה,מיוצר עי קונדיטוריית,IL,יוגורט ביו 8 יח,קילוגרמים,1.20,"ק""ג",false,0,17.30,14.42,true,1,
7290014758117,false,מאגדת יוגורט ביו 1.5% שומן 8 יח' *150 ג' תנובה,מיוצר עי קונדיטוריית,IL,יוגורט ביו 8 יח,קילוגרמים,1.20,"ק""ג",false,0,17.30,14.42,true,1,
7290014758162,false,חלב עיזים מלא 3.6% שומן תנובה (1 ליטר),תנובה מרכז שיתופי לש,IL,חלב עיזים מלא 1ל,ליטרים,1.00,ליטר,false,0,15.70,15.70,true,1,
7290014758681,false,גבינת קוטג`1% בגביע תנובה (250 גרם),מיוצר עי קונדיטוריית,IL,קוטג 1% שומן,גרמים,250.00,100 גרם,false,0,5.70,2.28,true,1,
7290014759978,false,קצ`קאבל פלח גלעד 200 גר`קולקשיין תנובה,"תנובה בע""מ ***",IL,גב.קשקבל / גלעד,גרמים,200.00,100 גרם,false,0,28.50,14.25,true,1,
7290014759985,false,פרמזן פלח גבע 23% 200 גר`קולקשיין תנובה,תנובה - חלב,IL,גבינת פרמזן/גבע,גרמים,200.00,100 גרם,false,0,27.50,13.75,true,1,
7290014759992,false,פלח רוקפור גליל 26% 140 גר`קולקשיין תנו,"תנובה, מחלבת תל יוסף",IL,קולאז' רוקפור,גרמים,140.00,100 גרם,false,0,20.00,14.29,true,1,
7290014760134,false,"מעדן סויה בטעם וניל תנובה 125 מ""ל","תנובה בע""מ ***",IL,מעדן סויה וניל,גרמים,125.00,100 גרם,false,1,4.70,3.76,true,1,
7290014760141,false,משקה שקדים טרי תנובה (1 ליטר),"תנובה בע""מ ***",IL,משקה שקדים,ליטרים,1.00,ליטר,false,1,14.80,14.80,true,1,
>>>>>>> d048ac2f4f281c9d788043ab4e81b61b0dbe3743
7290014760448,false,גבינה צהובה גלבוע 400 גרם 22% שומן תנובה,מחלבת בית יצחק,IL,גבינת גלבוע,גרמים,400.00,100 גרם,false,1,24.00,6.00,true,1,
7290014761056,false,מעדן שוקולד חלב יולו תנובה 123 גרם,מיוצר עי קונדיטוריית,IL,יולו שוקולד חלב,גרמים,123.00,100 גרם,false,0,5.00,4.07,true,1,
7290014761063,false,מעדן שוקולד מריר יולו תנובה 123 גרם,מיוצר עי קונדיטוריית,IL,יולו שוקולד מריר,גרמים,123.00,100 גרם,false,0,5.00,4.07,true,1,
7290014761070,false,מעדן שוקולד לבן יולו תנובה 123 גרם,מיוצר עי קונדיטוריית,IL,יולו שוקולד לבן,גרמים,123.00,100 גרם,false,0,5.00,4.07,true,1,
7290014761414,false,יולו מעדן שכבות שוקולד חלב ולבן 123 גר,מיוצר עי קונדיטוריית,IL,יולו שכבות שוקו.,גרמים,123.00,100 גרם,false,0,5.00,4.07,true,1,
7290014761612,false,מעדן שכבות שוקולד מריר ולבן יולו 122 גרם,מיוצר עי קונדיטוריית,IL,יולו שכבות שוקו.,גרמים,122.00,100 גרם,false,1,5.00,4.10,true,1,
7290014762800,false,מעדן סויה שוקולד גביע 125 גרם אלטרנטיב,תנובה מרכז שיתופי לש,IL,מעדן סויה ט.שוקו,גרמים,125.00,100 גרם,false,1,4.70,3.76,true,1,
7290014762831,false,גבינת שמנת נפוליאון 16% עם פלפל חלפיניו תנובה 225 גרם,תנובה מרכז שיתופי לש,IL,גבינת נפוליאון,גרמים,225.00,100 גרם,false,1,15.00,6.67,true,1,
7290014762909,false,פתיתי מוצרלה השף הלבן 10% תוספת מתנה,"תנובה, מחלבת תל יוסף",IL,פתיתי מוצרלה200ג,גרמים,200.00,100 גרם,false,1,17.90,8.95,true,1,
<<<<<<< HEAD
7290014860070,false,"מקלוני אורז ללא גלוטן 5 מ""מ 454גר' (אור)",ניינטי נודל קו,TH,מקלוני אורז,גרמים,454.00,100 גרם,false,0,11.90,2.62,true,1,
7290014860094,false,"מקלוני אורז ללא גלוטן 3מ""מ 454גר' (אור)",ניינטי נודל קו,TH,מקלוני אורז,גרמים,454.00,100 גרם,false,0,11.90,2.62,true,1,
7290014860155,false,מחצלת במבו שטוחה 24X24 ס'מ,גולין פנגזו,CN,מחצלת סושי,יחידה,1.00,יחידה,false,0,8.90,8.90,true,1,
7290014860247,false,שבבי אורז מרובעים ללא גלוטן 227 גרם (Oriental),ליאן תאי רייס,TH,שבבי אורז,גרמים,227.00,100 גרם,false,0,8.90,3.92,true,1,
7290014890176,false,ריקוטה סגנון איטלק5% 250,מחלבת משק יעקובס,IL,גבינת ריקוטה,גרמים,250.00,100 גרם,false,1,14.50,5.80,true,1,
7290014890206,false,קרם פרש 250גרם יעקוב,מחלבת משק יעקובס,IL,קרם פרש,גרמים,250.00,100 גרם,false,1,16.50,6.60,true,1,
7290014910461,false,"ערק יודה 700 מ""ל כשל",בני בהיג'\ קעואר לתעשייה,IL,ערק יודה,מיליליטרים,700.00,"100 מ""ל",false,1,59.90,8.56,true,1,
7290014910515,false,שימורי דגים שפרוטים מעושנים בשמן צמחי 250 גרם,סיא אונדה,LV,שפרוטים מעושנים,גרמים,250.00,100 גרם,false,1,12.90,5.16,true,1,
7290014940901,false,לחם פשוט מלא אנג'ל 750 גרם,מאפיית שלמה א. אנג'\ל בע,IL,לחם מלא,גרמים,750.00,100 גרם,false,1,15.90,2.12,true,1,
=======
7290014860070,false,"מקלוני אורז ללא גלוטן 5 מ""מ 454גר' (אור)",מזרח ומערב יבוא ושיווק,TH,מקלוני אורז,גרמים,454.00,100 גרם,false,0,11.90,2.62,true,1,
7290014860094,false,"מקלוני אורז ללא גלוטן 3מ""מ 454גר' (אור)",מזרח ומערב יבוא ושיווק,TH,מקלוני אורז,גרמים,454.00,100 גרם,false,0,11.90,2.62,true,1,
7290014860155,false,מחצלת במבו שטוחה 24X24 ס'מ,מזרח ומערב יבוא ושיווק,CN,מחצלת סושי,יחידה,1.00,יחידה,false,0,8.90,8.90,true,1,
7290014860247,false,שבבי אורז מרובעים ללא גלוטן 227 גרם (Oriental),מזרח ומערב יבוא ושיווק,TH,שבבי אורז,גרמים,227.00,100 גרם,false,0,8.90,3.92,true,1,
7290014890176,false,ריקוטה סגנון איטלק5% 250,מחלבת משק יעקובס,IL,גבינת ריקוטה,גרמים,250.00,100 גרם,false,1,14.50,5.80,true,1,
7290014890206,false,קרם פרש 250גרם יעקוב,מחלבת משק יעקובס,IL,קרם פרש,גרמים,250.00,100 גרם,false,1,16.50,6.60,true,1,
7290014910461,false,"ערק יודה 700 מ""ל כשל",בני בהיג'\ קעואר לתעשייה,IL,ערק יודה,מיליליטרים,700.00,"100 מ""ל",false,1,59.90,8.56,true,1,
7290014910515,false,שימורי דגים שפרוטים מעושנים בשמן צמחי 250 גרם,יורוסטנדרט בעמ,LV,שפרוטים מעושנים,גרמים,250.00,100 גרם,false,1,12.90,5.16,true,1,
7290014940901,false,לחם פשוט מלא לילדים פרוס אנג`ל (750 גרם),מאפיית שלמה א. אנג'\ל בע,IL,לחם מלא,גרמים,750.00,100 גרם,false,1,15.90,2.12,true,1,
>>>>>>> d048ac2f4f281c9d788043ab4e81b61b0dbe3743
7290015009317,false,נאצו'ס תירס טבעי 200 גרם,אוקי סנייקס,DK,נאצ'וס תירס טבעי,גרמים,200.00,100 גרם,false,1,14.50,7.25,true,1,
7290015009393,false,זיתים שחורים מגולענים מזן קלמטה בחיי מלח,אידיאל סנייק,GR,זית שחור מגולען,גרמים,430.00,100 גרם,false,1,18.90,4.40,true,1,
7290015009409,false,זיתים שחורים מזן טאסוס במלח 250 גרם,אידיאל סנייק,GR,זיתים שחור מיובש,גרמים,250.00,100 גרם,false,1,18.90,7.56,true,1,
7290015039338,false,נתחי טונה במי מלח רביעיה * 160 ג' וילי פוד,ג.וילי-פוד אינטרנשיונל בעמ,TH,נתחי טונה במים,גרמים,640.00,100 גרם,false,0,22.90,3.58,true,1,
7290015055000,false,עגבניה שרי ליקופ,,IL,עגבניה שרי ליקופ,גרמים,460.00,100 גרם,false,0,10.90,2.37,true,1,
7290015129121,false,אטריות גל קונג`אק נודלס ללא גלוטן סקיני,הוויזאי וואנגייה פוד,CN,אטריות קונגאק,גרמים,270.00,100 גרם,false,0,11.90,4.41,true,1,
7290015129145,false,אטריות קונג'אק בתוספת טפיוקה בצורת ספגטי,הוויזאי וואנגייה פוד,CN,אטריות קונגאק,גרמים,270.00,100 גרם,false,0,11.90,4.41,true,1,
<<<<<<< HEAD
7290015129251,false,איטריות קונגאק ללא גלוטן 270 גרם skinny,אף.סי תבליני בגליל ב,CN,פסטה קונגאק,גרמים,270.00,100 גרם,false,1,11.90,4.41,true,1,
7290015139267,false,שוקולד מריר עם שקדים ללא תוספת סוכר וסטהיים,"כרמית תעשיות ממתקים בע""\",IL,שוקולד מריר,גרמים,85.00,100 גרם,false,1,6.90,8.12,true,1,
7290015150088,false,מחית עגבניות קלה גרנד איטליה 700 גרם,שוורצקוף& הנקל דיסלד,IT,מחית עגבניות,גרמים,700.00,100 גרם,false,1,12.80,1.83,true,1,
7290015150118,false,שלישיית עגבניות חתוכות דק גרנד איטליה 400 גרם,אמיליאנה קונסרב ס.פ.,IT,עגבניות חתוכות,קילוגרמים,1.20,"ק""ג",false,1,19.50,16.25,true,1,
7290015155830,false,מחית תפוחי עץ ובננה חטיפטף ללא תוספת סוכר,פרוטה פודווין איי.אס,CZ,חטיפטף פרינוק,גרמים,120.00,100 גרם,false,1,6.50,5.42,true,1,
7290015155847,false,מחית סלט פירות חטיפטף ללא תוספת סוכר,פרוטה פודיווין איי.א,CZ,חטיפטף פרינוק,גרמים,120.00,100 גרם,false,1,6.50,5.42,true,1,
7290015156813,false,פאוץ' מחית פירות מעורבים פרינוק 120 גרם,פרוטה פודווין איי.אס,CZ,חטיפטף פרינוק,גרמים,120.00,100 גרם,false,1,6.50,5.42,true,1,
7290015164856,false,רוטב קארי אדומה 400 גרם SUREE כשר,טאפאדונגפורן קוקינט,TH,מחית קארי אדומה,גרמים,400.00,100 גרם,false,0,20.90,5.23,true,1,
=======
7290015129251,false,איטריות גל קונג`אק בצורת פסטה פטוצ`יני ס,אף.סי תבליני בגליל ב,CN,פסטה קונגאק,גרמים,270.00,100 גרם,false,1,11.90,4.41,true,1,
7290015139267,false,שוקולד מריר עם שקדים ללא תוספת סוכר וסטהיים,כרמית תעשיות ממתקים בעמ,IL,שוקולד מריר,גרמים,85.00,100 גרם,false,1,6.90,8.12,true,1,
7290015150088,false,מחית עגבניות קלה גרנד איטליה 700 גרם,תה ויסוצקי (ישראל) בעמ,IT,מחית עגבניות,גרמים,700.00,100 גרם,false,1,12.80,1.83,true,1,
7290015150118,false,שלישיית עגבניות חתוכות דק גרנד איטליה 400 גרם,תה ויסוצקי (ישראל) בעמ,IT,עגבניות חתוכות,קילוגרמים,1.20,"ק""ג",false,1,19.50,16.25,true,1,
7290015155830,false,מחית תפוחי עץ ובננה חטיפטף ללא תוספת סוכר,גורי מוצרי צריכה (1991) בעמ,CZ,חטיפטף פרינוק,גרמים,120.00,100 גרם,false,1,6.50,5.42,true,1,
7290015155847,false,מחית סלט פירות חטיפטף ללא תוספת סוכר,גורי מוצרי צריכה (1991) בעמ,CZ,חטיפטף פרינוק,גרמים,120.00,100 גרם,false,1,6.50,5.42,true,1,
7290015156813,false,פאוץ' מחית פירות מעורבים פרינוק 120 גרם,גורי מוצרי צריכה (1991) בעמ,CZ,חטיפטף פרינוק,גרמים,120.00,100 גרם,false,1,6.50,5.42,true,1,
7290015164856,false,רוטב קארי אדומה 400 גרם SUREE כשר,מזרח ומערב יבוא ושיווק,TH,מחית קארי אדומה,גרמים,400.00,100 גרם,false,0,20.90,5.23,true,1,
>>>>>>> d048ac2f4f281c9d788043ab4e81b61b0dbe3743
7290015324007,false,פלפל שחור גרוס 80 גר' טעם וריח,"תבליני טעם וריח בע""מ",IL,פלפל שחור גרוס,גרמים,80.00,100 גרם,false,0,11.90,14.88,true,1,
7290015324014,false,"פלפל שחור טחון בשקית 80 גרם ""טעם וריח""","תבליני טעם וריח בע""מ",IL,פלפל שחור טחון,גרמים,80.00,100 גרם,false,0,11.90,14.88,true,1,
7290015324038,false,פפריקה מתוקה בשמן 100 גרם טעם וריח,"תבליני טעם וריח בע""מ",IL,פפריקה בשמן,גרמים,80.00,100 גרם,false,0,6.90,8.63,true,1,
7290015324717,false,"מחית שום `טעם וריח, 210 גרם",ליני קאטייאמה פודסטאפס ב,CN,מחית שום,גרמים,210.00,100 גרם,false,1,14.90,7.10,true,1,
7290015324724,false,מחית צ`ילי חריף `טעם וריח' 230 גרם,ליני קאטייאמה פודסטאפס ב,CN,מחית צ'ילי חריף,גרמים,230.00,100 גרם,false,1,14.90,6.48,true,1,
7290015597326,false,מאגדת קרחוני אייס לייט 3 טעמים 260 גר,"גלידת שטראוס בע""\מ, רחוב",IL,מאגדת אייס לייט,גרמים,312.00,100 גרם,false,1,28.90,9.26,true,1,
7290015599061,false,VEGA צהובה טבעונית בטעם מוצרלה 200 גרם,וגה מוצרים טבעוניים VEGA,GR,צהובה טבעונית,גרמים,200.00,100 גרם,false,1,24.70,12.35,true,1,
7290015599504,false,VEGA ממרח בטעם חמאה אורגני 225 גרם,גוד פוד פרודקטס S.p,DK,ממרח טעם חמאה,גרמים,225.00,100 גרם,false,1,19.90,8.84,true,1,
7290015603188,false,אטריות ביצים 454ג' (כ) (fu),פוגיאן לונגהי אנלידה אינ,CN,איטריות ביצים,גרמים,454.00,100 גרם,false,1,10.90,2.40,true,1,
7290015603201,false,אטריות מחיטה מלאה 454ג' (כ) (fu),קסמיאן קסינגשנג פודסטטפס,CN,איטריות קמח מלא,גרמים,454.00,100 גרם,false,1,11.90,2.62,true,1,
7290015603218,false,אטריות עם עגבניה מזרח מערב 454 גרם,מזרח ומערב יבוא ושיווק,CN,איטריות עם עגבני,גרמים,454.00,100 גרם,false,1,10.90,2.40,true,1,
7290015603546,false,"שימורי קרם קוקוס 17-19% 400 מ""ל (ASIATIC)(כ)",מזרח ומערב יבוא ושיווק,TH,קרם קוקוס 19%,מיליליטרים,400.00,"100 מ""ל",false,1,10.90,2.73,true,1,
7290015603560,false,"שימורי קרם קוקוס 20-22% 400 מ""ל (ASIATIC)(כ)",אסיאטיק אגרו אינדוסטרי,TH,קרם קוקוס,מיליליטרים,400.00,"100 מ""ל",false,1,10.90,2.73,true,1,
7290015603584,false,ג'ינגר לבן כבוש ללא מונוסודיום 160 גרם (כ),מזרח ומערב יבוא ושיווק,CN,ג'ינג'ר לבן כבוש,גרמים,160.00,100 גרם,false,1,8.90,5.56,true,1,
7290015644433,false,לחם מחמצת 100% שיפון קל אנג'ל 600 גרם,מאפיית שלמה א. אנג'\ל בע,IL,לחם מחמצת,גרמים,600.00,100 גרם,false,1,18.90,3.15,true,1,
7290015673198,false,המבורגר טקסס עם פטריות טבע דלי 400 גרם,ל.י.ב. (לחיות יותר בטבע) בעמ,IL,המבורגר טקסס,גרמים,400.00,100 גרם,false,1,25.90,6.48,true,1,
7290015710084,false,ביצים L ארוזות 12 יחידות,ביצי משק דוידי בעמ,IL,ביצים 12 יח L,יחידה,1.00,יחידה,false,1,12.05,12.05,true,1,
7290015726085,false,לחם שאור שיפון יח אפוי,מאפ גדרון,IL,לחם שאור שיפון,יחידה,1.00,יחידה,false,12,17.90,17.90,true,1,
7290015726108,false,לחם מקמח מלא עם תמרים יח,מאפ גדרון,IL,לחם שאור תמרים,יחידה,1.00,יחידה,false,11,17.90,17.90,true,1,
7290015726115,false,לחם שאור קמח מלא אפוי670,מאפ גדרון,IL,לחם שאור קמח מלא,גרמים,670.00,100 גרם,false,11,17.90,2.67,true,1,
7290015726764,false,עוגיות כעכים מלוחים 500ג,,IL,עוגיות כעכים,גרמים,500.00,100 גרם,false,1,17.90,3.58,true,1,
7290015733977,false,תרכובת מזון קומפורט על בסיס חלבי דל לקטוז,קבוצת אוסם סחר שותפות מוגבלת,IL,מטרנה קומפורט עם,גרמים,700.00,100 גרם,false,1,71.90,10.27,false,1,
7290015781008,false,"יין VISION מרלו אדום טפרברג 750 מ""ל",יקב טפרברג 1870 בעמ (יינות ומש,IL,יין ויז'ן מרלו,מיליליטרים,750.00,"100 מ""ל",false,1,42.90,5.72,true,1,
7290015781015,false,יין אדום מלבק ויז`יון טפרברג (750 מל),יקב טפרברג 1870 בעמ (יינות ומש,IL,יין ויז'ין מלבק,מיליליטרים,750.00,"100 מ""ל",false,1,42.90,5.72,true,1,
7290015781053,false,יין לבן יבש ויזון יקב טפרברג (750 מל),יקב טפרברג 1870 בעמ (יינות ומש,IL,יין ויז'ן לבן,מיליליטרים,750.00,"100 מ""ל",false,1,42.90,5.72,true,1,
7290015781114,false,יין אדום אימפרשיין מרלו טפרברג (750 מל),יקב טפרברג 1870 בעמ (יינות ומש,IL,יין מרלו,מיליליטרים,750.00,"100 מ""ל",false,1,54.90,7.32,true,1,
7290015781121,false,"יין IMPRESSION קברנה סוביניון יבש טפרברג 750 מ""ל",יקב טפרברג 1870 בעמ (יינות ומש,IL,יין קברנה,מיליליטרים,750.00,"100 מ""ל",false,1,54.90,7.32,true,1,
7290015781152,false,רוזה אימפרשון יקב טפרברג (750 מל),יקב טפרברג 1870 בעמ (יינות ומש,IL,יין רוזה,מיליליטרים,750.00,"100 מ""ל",false,1,54.90,7.32,true,1,
7290015781169,false,"יין IMPRESSION קברנה סוביניון חצי יבש טפרברג 750 מ""ל",יקב טפרברג 1870 בעמ (יינות ומש,IL,יין חצי יבש,מיליליטרים,750.00,"100 מ""ל",false,1,54.90,7.32,true,1,
7290015781275,false,יין לבן מוסקטו מתוק טפרברג (750 מל),יקב טפרברג 1870 בעמ (יינות ומש,IL,מוסקטו לבן מתוק,מיליליטרים,750.00,"100 מ""ל",false,1,42.90,5.72,true,1,
7290015781282,false,"יין IMPRESSION גוורצטרמינר טפרברג 750 מ""ל",יקב טפרברג 1870 בעמ (יינות ומש,IL,יין גוורצטרמינר,מיליליטרים,750.00,"100 מ""ל",false,1,54.90,7.32,true,1,
7290015781305,false,יין אדום אימפרשיין סירה טפרברג (750 מל),יקב טפרברג 1870 בעמ (יינות ומש,IL,יין סירה,מיליליטרים,750.00,"100 מ""ל",false,1,54.90,7.32,true,1,
7290015790000,false,גרגירי רימונים בקופס,רון שיווק,IL,גרגירי רימונים,גרמים,250.00,100 גרם,false,0,15.90,6.36,true,1,
<<<<<<< HEAD
7290015858106,false,"ממרח פסטו ביתי 180 גרם ""עללחם""","מדשא תעשיות מזון בע""\מ",IL,פסטו ביתי,גרמים,180.00,100 גרם,false,1,17.90,9.94,true,1,
7290015858113,false,"ממרח עגבניות מיובשות 180 גרם ""טריטרי""","מדשא תעשיות מזון בע""\מ",IL,ממרח עגבניות,גרמים,180.00,100 גרם,false,1,17.90,9.94,true,1,
7290015858212,false,ממרח לימון כבוש עללחם 180 גרם,"מדשא תעשיות מזון בע""\מ",IL,ממרח לימון כבוש,גרמים,180.00,100 גרם,false,1,15.90,8.83,true,1,
=======
7290015858106,false,"ממרח פסטו ביתי 180 גרם ""עללחם""",שטראוס גרופ בעמ/מצונן,IL,פסטו ביתי,גרמים,180.00,100 גרם,false,1,17.90,9.94,true,1,
7290015858113,false,"ממרח עגבניות מיובשות 180 גרם ""טריטרי""",שטראוס גרופ בעמ/מצונן,IL,ממרח עגבניות,גרמים,180.00,100 גרם,false,1,17.90,9.94,true,1,
7290015858212,false,ממרח לימון כבוש עללחם 180 גרם,שטראוס גרופ בעמ/מצונן,IL,ממרח לימון כבוש,גרמים,180.00,100 גרם,false,1,15.90,8.83,true,1,
>>>>>>> d048ac2f4f281c9d788043ab4e81b61b0dbe3743
7290015858328,false,עללחם ממרח איולי פסטו 295 גרם,"מדשא תעשיות מזון בע""\מ",IL,איולי פסטו,גרמים,295.00,100 גרם,false,1,16.90,5.73,true,1,
7290015858441,false,עללחם ממרח איולי פלפלים 295 גרם,"מדשא תעשיות מזון בע""\מ",IL,איולי פלפלים,גרמים,295.00,100 גרם,false,1,16.90,5.73,true,1,
7290015858687,false,עללחם ממרח איולי שום 295 גרם,"מדשא תעשיות מזון בע""\מ",IL,איולי שום,גרמים,295.00,100 גרם,false,1,16.90,5.73,true,1,
7290015858694,false,עללחם ממרח איולי שום לימון 295 גרם,"מדשא תעשיות מזון בע""\מ",IL,איולי שום לימון,גרמים,295.00,100 גרם,false,1,16.90,5.73,true,1,
<<<<<<< HEAD
7290015996983,false,סוכרלוז סוכרזית 0 קלוריות 100 שקיות,ביסקול בעn,IL,סוכרלוז,יחידה,1.00,יחידה,false,1,28.90,28.90,true,1,
7290016035025,false,לחם פשתן 450 גרם (טרי) דל פחמימות,מאפיית ביכורים,IL,לחם פשתן,גרמים,450.00,100 גרם,false,1,26.90,5.98,true,1,
7290016080551,false,מתבל עגבניות אורגני 580 גרם היינץ,ה.י. היינץ,NL,מתבל עגבניות,גרמים,580.00,100 גרם,false,1,16.90,2.91,true,1,
7290016087123,false,רוטב מתובל לפסטה בסגנון קלאסי פריניר 240 גרם,פריניר,IL,רוטב עגבניות,גרמים,240.00,100 גרם,false,1,6.50,2.71,true,1,
7290016096491,false,נתחי טונה בהירה בשמן צמחי שלישיה *80ג' פילטונה,תעשיות פילטונה,IL,3טונה בשמן צמחי,גרמים,240.00,100 גרם,false,1,13.90,5.79,true,1,
7290016114300,false,נייר טואלט דו שכבתי אורך כפול לבן לילי 16 גלילים,לילי נייר טואלט חוגלה,IL,נייר טואלט לילי,מטרים,588.00,100 מטר,false,1,37.90,6.45,true,1,
7290016150117,false,סלק אדום מבושל 500 ג' בוואקום,ג'ואבג'י יואייבי,LE,סלק ואקום 500גרם,גרמים,500.00,100 גרם,false,1,8.90,1.78,true,1,
7290016197488,false,מטליות מיקרופייבר למשטחים ניקול 3יח',חוגלה קימברלי,CN,מטלית למשטחים,יחידה,1.00,יחידה,false,1,12.90,12.90,true,1,
7290016197600,false,דיפנד - תחבושת לנשים נורמל 12 יח',קימברלי קלארק,VN,תחבושות דיפנד,יחידה,1.00,יחידה,false,1,19.90,19.90,true,1,
7290016197617,false,תחבושת לנשים אקסטרה דיפנד 10 יחידות,קימברלי קלארק,VN,תחבושות דיפנד,יחידה,1.00,יחידה,false,1,19.90,19.90,true,1,
=======
7290015996983,false,סוכרלוז סוכרזית 0 קלוריות 100 שקיות,"שטראוס גרופ בע""מ",IL,סוכרלוז,יחידה,1.00,יחידה,false,1,28.90,28.90,true,1,
7290016035025,false,לחם פשתן 450 גרם (טרי) דל פחמימות,נאמן לאורך זמן בעמ,IL,לחם פשתן,גרמים,450.00,100 גרם,false,1,26.90,5.98,true,1,
7290016080551,false,מתבל עגבניות אורגני 580 גרם היינץ,ה.י. היינץ,NL,מתבל עגבניות,גרמים,580.00,100 גרם,false,1,16.90,2.91,true,1,
7290016087123,false,רוטב מתובל לפסטה בסגנון קלאסי פריניר 240 גרם,אבאל יזמות בעמ,IL,רוטב עגבניות,גרמים,240.00,100 גרם,false,1,6.50,2.71,true,1,
7290016096491,false,נתחי טונה בהירה בשמן צמחי שלישיה *80ג' פילטונה,תעשיות פיל טונה בעמ,IL,3טונה בשמן צמחי,גרמים,240.00,100 גרם,false,1,13.90,5.79,true,1,
7290016114300,false,נייר טואלט דו שכבתי אורך כפול לבן לילי 16 גלילים,קימברלי קלארק ישראל שיווק בעמ,IL,נייר טואלט לילי,מטרים,588.00,100 מטר,false,1,37.90,6.45,true,1,
7290016150117,false,סלק אדום מבושל 500 ג' בוואקום,ביג פוד כחול לבן בעמ*שיק 30 יו,LE,סלק ואקום 500גרם,גרמים,500.00,100 גרם,false,1,8.90,1.78,true,1,
7290016197488,false,מטליות מיקרופייבר למשטחים ניקול 3יח',קימברלי קלארק ישראל שיווק בעמ,CN,מטלית למשטחים,יחידה,1.00,יחידה,false,1,12.90,12.90,true,1,
7290016197600,false,דיפנד - תחבושת לנשים נורמל 12 יח',קימברלי קלארק ישראל שיווק בעמ,VN,תחבושות דיפנד,יחידה,1.00,יחידה,false,1,19.90,19.90,true,1,
7290016197617,false,תחבושת לנשים אקסטרה דיפנד 10 יחידות,קימברלי קלארק ישראל שיווק בעמ,VN,תחבושות דיפנד,יחידה,1.00,יחידה,false,1,19.90,19.90,true,1,
>>>>>>> d048ac2f4f281c9d788043ab4e81b61b0dbe3743
7290016217711,false,איקרה לבנה 200 גרם,סלטי שמיר,IL,איקרה לבנה,גרמים,200.00,100 גרם,false,1,17.90,8.95,true,1,
7290016217728,false,איקרה אדומה 200 גרם,סלטי שמיר,IL,איקרה אדומה,גרמים,200.00,100 גרם,false,1,17.90,8.95,true,1,
7290016234008,false,פילה אנשובי שמן זית תומר צנצנת 100 גרם,אינוורסינס פריסקו,PE,אנשובי בשמן זית,גרמים,100.00,100 גרם,false,1,12.90,12.90,true,1,
7290016245615,false,לחם שיפון 100% עם אג,מאפיית טעמי הכפר 201,IL,לחם שיפון,גרמים,900.00,100 גרם,false,1,20.90,2.32,true,1,
7290016245653,false,לחם שיפון קל חצי משפחתי 550 גרם,"ביכורים מזון ומאפה בע""\מ",IL,לחם שיפון מלא,גרמים,550.00,100 גרם,false,1,18.90,3.44,true,1,
7290016245769,false,לחם כוסמין מחמצת בתו,ביכורים,IL,לחם כוסמין,גרמים,600.00,100 גרם,false,1,18.90,3.15,true,1,
7290016245806,false,לחמניות המבוגר כוסמין4יח,"ביכורים מזון ומאפה בע""\מ",IL,לחמניות המבוגר,גרמים,350.00,100 גרם,false,1,16.90,4.83,true,1,
7290016246445,false,בארכה טחינה גולמית מעודנת שומשום מלא 310 גם,קבוצת אוסם סחר שותפות מוגבלת,IL,טחינה מעודנת,גרמים,310.00,100 גרם,false,1,13.90,4.48,true,1,
7290016273090,false,סוכריה על מקל בטעם תות בננה 31 גרם,אוריגינל גורמה,US,סוכריה על מקל,גרמים,31.00,100 גרם,false,1,5.00,16.13,true,1,
7290016314762,false,פרובנציאל מטיאס 200 גרם,סלטי שמיר,IL,פרובנציאל מטיאס,גרמים,200.00,100 גרם,false,1,22.90,11.45,true,1,
7290016314779,false,פילה מטיאס הולנדי 200גרם,סלטי שמיר,IL,פילה מטיאס,גרמים,200.00,100 גרם,false,1,22.90,11.45,true,1,
7290016314786,false,הרינג כבוש במרינדה 220גר,סלטי שמיר,IL,הרינג כבוש,גרמים,220.00,100 גרם,false,1,22.90,10.41,true,1,
7290016314793,false,מקרל מעושן פרוס בשמן190ג,סלטי שמיר,IL,מקרל מעושן,גרמים,190.00,100 גרם,false,1,22.90,12.05,true,1,
7290016314809,false,סלט סלמון עם מיונז 200 ג,סלטי שמיר,IL,סלט סלמון,גרמים,200.00,100 גרם,false,1,22.90,11.45,true,1,
7290016314816,false,סלט הרינג עם מיונז 200 ג,,IL,סלט הרינג,גרמים,200.00,100 גרם,false,1,22.90,11.45,true,1,
7290016314823,false,סלט מטיאס עם מיונז 200 ג,סלטי שמיר,IL,סלט מטיאס,גרמים,200.00,100 גרם,false,1,22.90,11.45,true,1,
7290016314830,false,גרבדלקס סלמון 100 גרם,,IL,גרבדלקס סלמון,גרמים,100.00,100 גרם,false,1,20.90,20.90,true,1,
7290016314847,false,סלמון מובחר 100גרם,סלטי שמיר,IL,סלמון מובחר,גרמים,100.00,100 גרם,false,1,20.90,20.90,true,1,
7290016321661,false,פרש וואנס SENSITIVE מגבונים ללא בישום רביעייה 72 יחידות,עלבד משואות יצחק,IL,פרש וואנס 4יח,יחידה,1.00,יחידה,false,1,16.90,16.90,true,1,
<<<<<<< HEAD
7290016329278,false,קמיל בלו מגבונים מילוי 64 יח רביעייה,פישר מעבדות פרמצבטיות בע,IL,מגבונים קמיל בלו,יחידה,1.00,יחידה,false,1,21.90,21.90,true,1,
=======
7290016329278,false,קמיל בלו מגבונים מילוי 64 יח רביעייה,"פישר תעשיות פרמצביטות בע""מ",IL,מגבונים קמיל בלו,יחידה,1.00,יחידה,false,1,21.90,21.90,true,1,
>>>>>>> d048ac2f4f281c9d788043ab4e81b61b0dbe3743
7290016370904,false,זית חרוזית ירוק ‏400‏ ג' יבנה,קבוצת יבנה,IL,זיתים חרוזית,גרמים,430.00,100 גרם,false,1,7.90,1.84,true,1,
7290016370959,false,חציל קלוי (פירה) בצנצנת קבוצת יבנה 530 גרם,"קבוצת יבנה מוצרי מזון בע""מ",GR,חציל קלוי על האש,גרמים,530.00,100 גרם,false,1,11.90,2.25,true,1,
7290016370973,false,פלפל קלוי (גמביה) בצנצנת קבוצת יבנה 390 גרם,"קבוצת יבנה מוצרי מזון בע""מ",GR,פלפל אדום קלוי,גרמים,540.00,100 גרם,false,1,11.90,2.20,true,1,
7290016372373,false,רסק עגבניות ללא תוספת סוכר ומלח - מארז זוג,תה ויסוצקי (ישראל) בעמ,IT,רסק עגבניות 2 יח,גרמים,280.00,100 גרם,false,1,8.90,3.18,true,1,
7290016372489,false,ויסוצקי חליטת ג'ינג'ר ולימון סודות הצמחים 25 שקיקים,תה ויסוצקי (ישראל) בעמ,IL,חליטת ג'ינג'ר,גרמים,37.00,100 גרם,false,1,19.90,53.78,true,1,
7290016372496,false,חליטת פירות וצמחים בטעם ג'ינג'ר ודבש -אפקט הג'ינג'ר,תה ויסוצקי (ישראל) בעמ,IL,חליטת ג'ינג'ר,גרמים,30.00,100 גרם,false,1,19.90,66.33,true,1,
7290016497243,false,בייגל בסגנון רומני ק,גידרון,IL,ביגלה רומני,גרמים,150.00,100 גרם,false,1,5.80,3.87,true,1,
7290016497519,false,בייגל טוסט לבן,גידרון,IL,בייגלה טוסט לבן,גרמים,150.00,100 גרם,false,1,4.70,3.13,true,1,
7290016497526,false,בגט אותנטי לבן אפוי 280ג,מאפ גדרון,IL,בגט אותנטי לבן,גרמים,280.00,100 גרם,false,1,8.50,3.04,true,1,
7290016509304,false,סוד סבון לאסלה 4 כדוריותבניחוח לבנדר 50 ג',גורי שיווק בעמ,RS,סבון אסלה סוד,גרמים,50.00,100 גרם,false,1,7.90,15.80,true,1,
7290016509786,false,פרסיל גל לכביסה לבנה וצבעונית-ירוק 2.5 ל,גורי שיווק בעמ,IL,ג'ל כביסה פרסיל,ליטרים,2.50,ליטר,false,1,36.90,14.76,true,1,
7290016509809,false,ג'ל מרוכז לכביסה קולור 2.5 ל' פרסיל,גורי שיווק בעמ,IL,ג'ל כביסה פרסיל,ליטרים,2.50,ליטר,false,1,36.90,14.76,true,1,
7290016510317,false,"הוואי תחליב רחצה לגבר פול פורס 700 מ""ל-מרכז",טרופיקל דגיל בעמ,IL,תחליב רחצה הוואי,מיליליטרים,700.00,"100 מ""ל",false,1,10.90,1.56,true,1,
7290016545647,false,בירה קראפטי חזקה10% 330מ,"מבשלת הארץ בע""מ",IL,בירה קראפטי חזקה,מיליליטרים,330.00,"100 מ""ל",false,1,15.90,4.82,true,1,
7290016545678,false,"בירה קראפטי אמבר 330 מ""ל","מבשלת הארץ בע""מ",IL,בירה קראפטי אמבר,מיליליטרים,330.00,"100 מ""ל",false,1,15.90,4.82,true,1,
7290016545685,false,"בירה קראפטי IPA 330 מ""ל","מבשלת הארץ בע""מ",IL,בירה קראפטי IPA,מיליליטרים,330.00,"100 מ""ל",false,1,15.90,4.82,true,1,
7290016594003,false,ממרח מסיבת אגוזים 300 גרם,,IL,מסיבת אגוזים,גרמים,300.00,100 גרם,false,1,32.50,10.83,true,1,
7290016594027,false,שליז חמאת אגוזי נמר אגוזי לוז ושקדים 300,,IL,חמאת אגוזי לוז,גרמים,300.00,100 גרם,false,1,32.50,10.83,true,1,
<<<<<<< HEAD
7290016682168,false,"פריניב מיץ תפוזים ולנסיה סחוט 100% 400 מ""ל",פרי ניב,IL,מיץ תפוזים סחוט,מיליליטרים,400.00,"100 מ""ל",false,1,9.30,2.33,true,1,
7290016682243,false,פריניב מיץ אשכולית אדומה סחוט 1 ליטר,פריניב,IL,מיץ אשכולית אדומ,ליטרים,1.00,ליטר,false,1,16.10,16.10,true,1,
7290016682335,false,מיץ תפוזים סחוט פריניב 2 ליטר,פרי ניב,IL,מיץ תפוזים סחוט,ליטרים,2.00,ליטר,false,0,26.90,13.45,true,1,
7290016682342,false,מיץ תפוזים וולנסיה פרי ניב 2 ליטר-,פרי ניב,IL,מיץ תפוזים סחוט,ליטרים,2.00,ליטר,false,0,25.90,12.95,true,1,
=======
7290016682168,false,"פריניב מיץ תפוזים ולנסיה סחוט 100% 400 מ""ל",תנובה - פריניב,IL,מיץ תפוזים סחוט,מיליליטרים,400.00,"100 מ""ל",false,1,9.30,2.33,true,1,
7290016682243,false,פריניב מיץ אשכולית אדומה סחוט 1 ליטר,תנובה - פריניב,IL,מיץ אשכולית אדומ,ליטרים,1.00,ליטר,false,1,16.10,16.10,true,1,
7290016682335,false,מיץ תפוזים סחוט 2 ליטר פרי ניב,תנובה - פריניב,IL,מיץ תפוזים סחוט,ליטרים,2.00,ליטר,false,0,26.90,13.45,true,1,
7290016682342,false,מיץ תפוזים וולנסיה פרי ניב 2 ליטר-,תנובה - פריניב,IL,מיץ תפוזים סחוט,ליטרים,2.00,ליטר,false,0,25.90,12.95,true,1,
>>>>>>> d048ac2f4f281c9d788043ab4e81b61b0dbe3743
7290016717631,false,יין מוסקטו בעל חוזק אלכוהול נמוך פרייבט קולקשן,אגודת הכורמים הקואופרטיב,IL,מוסקטו P.C,מיליליטרים,750.00,"100 מ""ל",false,1,39.90,5.32,true,1,
7290016823059,false,טימין קורנית ארוז יח,"מרינה פטריות הגליל בע""מ",IL,טימין יחידה,יחידה,1.00,יחידה,false,1,6.90,6.90,true,1,
7290016866643,false,פרודונטקס מ.שיניים אקסטרה פרש 75 מל,פרודונטקס Parodontax,SK,משחה פרודונטקס,מיליליטרים,75.00,"100 מ""ל",false,1,32.90,43.87,true,1,
7290016867008,false,"לחם כוסמין מחמצת ד""ר מרק",המאפה של דר מרק בריאות באפייה,IL,לחם מחמצת,גרמים,750.00,100 גרם,false,1,20.90,2.79,true,1,
7290016867039,false,"מארז פיתות קלות כוסמין בתוספת מחמצת 6 יחידות ד""ר מרק",המאפה של דר מרק בריאות באפייה,IL,פיתות כוסמין 6יח,גרמים,324.00,100 גרם,false,1,16.90,5.22,true,1,
7290016867046,false,"מארז פיתות קלות כוסמין במתיקות מעודנת 6 יחידות ד""ר מרק",המאפה של דר מרק בריאות באפייה,IL,פיתות קלות 6 יח,גרמים,303.00,100 גרם,false,1,16.90,5.58,true,1,
7290016867053,false,לחם קל כוסמין בתוספת מחמצת 450 גרם,המאפה של דר מרק בריאות באפייה,IL,לחם קל כוסמין,גרמים,450.00,100 גרם,false,1,20.90,4.64,true,1,
7290016867114,false,לחם קל מכוסמין מלא 500 גר`דר מרק,המאפה של דר מרק בריאות באפייה,IL,לחם קל מכוסמין,גרמים,500.00,100 גרם,false,1,19.90,3.98,true,1,
7290016867152,false,"מארז פיתות קלות כוסמין 5 יחידות ד""ר מרק",המאפה של דר מרק בריאות באפייה,IL,פיתות קלות,גרמים,330.00,100 גרם,false,1,14.90,4.52,true,1,
7290016867176,false,"מארז לחמניות קלות כוסמין שומשום במתיקות מעודמת 5 יחידות ד""ר מרק",המאפה של דר מרק בריאות באפייה,IL,לחמניות קלות,גרמים,351.00,100 גרם,false,1,15.90,4.53,true,1,
7290016867237,false,לחם קל כוסמין במתיקות מעודנת 400 גר`דר,המאפה של דר מרק בריאות באפייה,IL,לחם קל כוסמין,גרמים,400.00,100 גרם,false,1,20.70,5.18,true,1,
7290016867244,false,שישיה לחמניות כוסמין בתוספת מחמצת 99 קלוריות,המאפה של דר מרק בריאות באפייה,IL,לחמניות מחמצת6יח,גרמים,400.00,100 גרם,false,1,14.90,3.73,true,1,
7290016967074,false,לחם חיטה מלאה עם גרעינים ודגנים,מאפיית שלמה א. אנג'\ל בע,IL,אנג'ל חיטה מלאה,גרמים,750.00,100 גרם,false,1,17.90,2.39,true,1,
7290016967456,false,לחם צרפתי מחמצת 100% כוסמין 600 ג' אנג'ל,"מאפיית אנג'\ל בעמ, מקבוצ",IL,לחם מחמצת,גרמים,600.00,100 גרם,false,1,18.90,3.15,true,1,
7290017023854,false,מי סודה בקבוקים אישיים - מארז 4 יח',יפאורה שותפות מוגבלת לשיווק,IL,שוופס סודה 4 יח,ליטרים,1.00,ליטר,false,1,12.90,12.90,true,1,
7290017023861,false,סודה בטעם לימון בקבוקים אישיים - מארז 4 יח',יפאורה שותפות מוגבלת לשיווק,IL,שוופס סודה 4 יח,ליטרים,1.00,ליטר,false,1,12.90,12.90,true,1,
7290017023878,false,סודה בטעם נענע ליים בקבוקים אישיים - מארז 4 יח',יפאורה שותפות מוגבלת לשיווק,IL,שוופס סודה 4 יח,ליטרים,1.00,ליטר,false,1,12.90,12.90,true,1,
7290017046044,false,עוגיות מרוקאיות עגולות,,IL,עוגיות מרוקאיות,גרמים,500.00,100 גרם,false,1,17.90,3.58,true,1,
7290017046112,false,עוגיות כתר 500 גרם,גידרון,IL,עוגיות כתר,גרמים,500.00,100 גרם,false,1,17.90,3.58,true,1,
7290017046129,false,עוגיות דמקה 500 גרם,גידרון,IL,עוגיות דמקה,גרמים,500.00,100 גרם,false,1,17.90,3.58,true,1,
<<<<<<< HEAD
7290017058139,false,רביעיית מחית תפוח עץ ותות שדה תומר 113 גרם,אינדיאן סאמר קו אופ אינק,US,"רסק תפו""ע",גרמים,452.00,100 גרם,false,1,11.90,2.63,true,1,
7290017058146,false,רסק תפוח עץ עם אפרסק 452 גר,אינדיאן סאמר קו אופ אינק,US,"רסק תפו""ע",גרמים,452.00,100 גרם,false,1,11.90,2.63,true,1,
7290017065007,false,פרוסות גבינה מוצרלה חצי קשה 22% שומן 200 ג' גד,מחלבות גד בעמ,IL,מוצרלה פרוסות,גרמים,150.00,100 גרם,false,1,19.50,13.00,true,1,
7290017065137,false,ריקוטה למריחה 5% טבעית 200 גרם - רובין,האי נאם סי או אל.טי.,IL,ריקוטה למריחה,גרמים,200.00,100 גרם,false,1,10.70,5.35,true,1,
7290017065212,false,גבינת קרם מסקרפונה מחלבות גד 250 גר,מיוצר עי קוד יצרן ED,IL,קרם מסקרפונה,גרמים,250.00,100 גרם,false,1,18.50,7.40,true,1,
7290017065526,false,קוואטרו פורמאג'י 4 גבינות מגוררות 26%,"מחלבות גד בע""\מ",IL,קוואטרו פורמאגי,גרמים,300.00,100 גרם,false,1,29.90,9.97,true,1,
7290017065786,false,"גבינת צ`דר מחלבות גד , 210 גרם","מחלבות גד בע""\מ",GB,גבינת צ'דר,גרמים,200.00,100 גרם,false,1,22.90,11.45,true,1,
7290017065861,false,קאצ'יו אה פפה-רוטב פקורינו 200 גרם גד,גבינות מדף,IL,רוטב פקורינו,גרמים,200.00,100 גרם,false,1,16.90,8.45,true,1,
7290017065878,false,רוטב לפסטה מק אנד צ'יז גד 200 גרם,גבינות מדף,IL,רוטב לפסטה צ'דר,גרמים,200.00,100 גרם,false,1,16.90,8.45,true,1,
7290017065960,false,רוטב פורצ'יני מחלבות גד 200 גרם,גבינות מדף,IL,רוטב פורצ'יני,גרמים,200.00,100 גרם,false,1,16.90,8.45,true,1,
7290017088815,false,בריז תחבושות לבריחת שתן נורמל 12 יח,ניאופארם,IT,בריז תחבושות שתן,יחידה,1.00,יחידה,false,1,17.90,17.90,true,1,
=======
7290017058139,false,רביעיית מחית תפוח עץ ותות שדה תומר 113 גרם,תומר יבוא ושיווק מוצרי מזון (1,US,"רסק תפו""ע",גרמים,452.00,100 גרם,false,1,11.90,2.63,true,1,
7290017058146,false,רסק תפוע רביעייה עם אפרסק תומר,תומר יבוא ושיווק מוצרי מזון (1,US,"רסק תפו""ע",גרמים,452.00,100 גרם,false,1,11.90,2.63,true,1,
7290017065007,false,פרוסות גבינה מוצרלה חצי קשה 22% שומן 200 ג' גד,מחלבות גד שיווק 1992 בעמ,IL,מוצרלה פרוסות,גרמים,150.00,100 גרם,false,1,19.50,13.00,true,1,
7290017065137,false,ריקוטה למריחה 5% טבעית 200 גר`מחלבות גד,מחלבות גד שיווק 1992 בעמ,IL,ריקוטה למריחה,גרמים,200.00,100 גרם,false,1,10.70,5.35,true,1,
7290017065212,false,גבינת קרם מסקרפונה מחלבות גד 250 גר,מחלבות גד שיווק 1992 בעמ,IL,קרם מסקרפונה,גרמים,250.00,100 גרם,false,1,18.50,7.40,true,1,
7290017065526,false,קוואטרו פורמאג'י 4 גבינות מגוררות 26%,מחלבות גד שיווק 1992 בעמ,IL,קוואטרו פורמאגי,גרמים,300.00,100 גרם,false,1,29.90,9.97,true,1,
7290017065786,false,גבינה אנגלית קשה צ`דר 210 גר`גד,מחלבות גד שיווק 1992 בעמ,GB,גבינת צ'דר,גרמים,200.00,100 גרם,false,1,22.90,11.45,true,1,
7290017065861,false,קאצ`יו אה פפה רוטב פיקורינו ופלפל שחור 2,מחלבות גד שיווק 1992 בעמ,IL,רוטב פקורינו,גרמים,200.00,100 גרם,false,1,16.90,8.45,true,1,
7290017065878,false,רוטב לפסטה מק אנד צ'יז גד 200 גרם,מחלבות גד שיווק 1992 בעמ,IL,רוטב לפסטה צ'דר,גרמים,200.00,100 גרם,false,1,16.90,8.45,true,1,
7290017065960,false,רוטב פורצ'יני מחלבות גד 200 גרם,מחלבות גד שיווק 1992 בעמ,IL,רוטב פורצ'יני,גרמים,200.00,100 גרם,false,1,16.90,8.45,true,1,
7290017088815,false,בריז תחבושות לבריחת שתן נורמל 12 יח,שקד תבל בעמ,IT,בריז תחבושות שתן,יחידה,1.00,יחידה,false,1,17.90,17.90,true,1,
>>>>>>> d048ac2f4f281c9d788043ab4e81b61b0dbe3743
7290017105468,false,מארז שלישייה אפונה קטנה יכין 3*200 גר,קשקמט קונסרב הונגריה,IL,אפונה קטנה 3 יח,גרמים,600.00,100 גרם,false,1,14.90,2.48,true,1,
7290017105895,false,גרגרי חומוס להכנת חומוס משובח יכין 560 ג,זנלכל בעמ,IL,גרגרי חומוס,גרמים,560.00,100 גרם,false,1,9.90,1.77,true,1,
7290017106069,false,"קוביות סלק יכין, 550 גרם",היינץ צפון אמריקה מק,IL,קוביות סלק,גרמים,550.00,100 גרם,false,1,9.90,1.80,true,1,
<<<<<<< HEAD
7290017142005,false,"שמן קוקוס אורגני עץ הזית צנצנת 320מ""ל",אקספלונקה,LK,שמן קוקוס אורגני,מיליליטרים,320.00,"100 מ""ל",false,1,31.90,9.97,true,1,
7290017142111,false,פתיתי טונה בשמן זית טו גו עץ הזית 85 גרם,"יוניקורד ח.צ בע""מ",TH,פתיתי טונה,גרמים,85.00,100 גרם,false,1,8.90,10.47,true,1,
7290017142128,false,"שמן זית כתית מעולה קלאסי עץ הזית 750 מ""ל",שמן תעשיות בעמ,IT,שמן זית כתית,מיליליטרים,750.00,"100 מ""ל",false,1,33.90,4.52,true,1,
7290017142159,false,"שלישיית נתחי טונה בהירה בשמן זית 80 גרם ""עץ הזית""",הנסיך- מפעל לייצור ט,TH,טונה בהירה,גרמים,240.00,100 גרם,false,1,24.90,10.38,true,1,
7290017142289,false,"תרסיס שמן חמניות לל""ת גז עץ הזית 200מ""ל",י.ב טכנולוגיות אריזה בעמ,IT,תרסיס שמן חמניות,מיליליטרים,200.00,"100 מ""ל",false,1,15.90,7.95,true,1,
7290017142395,false,"LUNCH TO GO פסטה עם טונה בשמן זית 160 גרם ""עץ הזית""",יוניקורד ח.צ בעמ,TH,פסטה עם טונה,גרמים,160.00,100 גרם,false,1,14.90,9.31,true,1,
7290017142487,false,"LUNCH TO GO בורגול עם חומוס טונה בשמן זית 160 גרם ""עץ הזית""",יוניקורד ח.צ בעמ,TH,בורגול עם טונה,גרמים,160.00,100 גרם,false,1,14.90,9.31,true,1,
7290017217321,false,נרות חימום ריחניים בניחות לוונדר 50יח',הוסטס,CN,נרות חימום,יחידה,1.00,יחידה,false,1,11.90,11.90,true,1,
7290017217338,false,נרות חימום ריחניים בניחות וניל 50יח',הוסטס,CN,נרות חימום,יחידה,1.00,יחידה,false,1,13.90,13.90,true,1,
7290017217710,false,"שיפודי במבוק יקיטורי 15 ס""מ 100 יחידות",הוסטס Hostess,CN,שיפודי במבוק,יחידה,1.00,יחידה,false,1,10.90,10.90,true,1,
7290017239101,false,סלמון אטלנטי מעושן מצונן,סלטי שמיר,IL,סלמון אטלנטי,גרמים,100.00,100 גרם,false,1,24.90,24.90,true,1,
7290017239286,false,פילה מטיאס מעודן 250 גרם,"פוד קולקשיין בע""מ",IL,פילה מטיאס250גרם,גרמים,250.00,100 גרם,false,1,21.90,8.76,true,1,
=======
7290017142005,false,"שמן קוקוס אורגני עץ הזית צנצנת 320מ""ל",סוגת תעשיות בעמ,LK,שמן קוקוס אורגני,מיליליטרים,320.00,"100 מ""ל",false,1,31.90,9.97,true,1,
7290017142111,false,פתיתי טונה בשמן זית טו גו עץ הזית 85 גרם,"יוניקורד ח.צ בע""מ",TH,פתיתי טונה,גרמים,85.00,100 גרם,false,1,8.90,10.47,true,1,
7290017142128,false,"שמן זית כתית מעולה קלאסי עץ הזית 750 מ""ל",סוגת תעשיות בעמ,IT,שמן זית כתית,מיליליטרים,750.00,"100 מ""ל",false,1,33.90,4.52,true,1,
7290017142159,false,"שלישיית נתחי טונה בהירה בשמן זית 80 גרם ""עץ הזית""",הנסיך- מפעל לייצור ט,TH,טונה בהירה,גרמים,240.00,100 גרם,false,1,24.90,10.38,true,1,
7290017142289,false,תרסיס שמן חמניות 200 מל ללא תוספת גז עץ,י.ב טכנולוגיות אריזה בעמ,IT,תרסיס שמן חמניות,מיליליטרים,200.00,"100 מ""ל",false,1,15.90,7.95,true,1,
7290017142395,false,"LUNCH TO GO פסטה עם טונה בשמן זית 160 גרם ""עץ הזית""",יוניקורד ח.צ בעמ,TH,פסטה עם טונה,גרמים,160.00,100 גרם,false,1,14.90,9.31,true,1,
7290017142487,false,"LUNCH TO GO בורגול עם חומוס טונה בשמן זית 160 גרם ""עץ הזית""",יוניקורד ח.צ בעמ,TH,בורגול עם טונה,גרמים,160.00,100 גרם,false,1,14.90,9.31,true,1,
7290017217321,false,נרות חימום ריחניים בניחות לוונדר 50יח',אינטרסן (1996) בעמ,CN,נרות חימום,יחידה,1.00,יחידה,false,1,11.90,11.90,true,1,
7290017217338,false,נרות חימום ריחניים בניחות וניל 50יח',אינטרסן (1996) בעמ,CN,נרות חימום,יחידה,1.00,יחידה,false,1,13.90,13.90,true,1,
7290017217710,false,"שיפודי במבוק יקיטורי 15 ס""מ 100 יחידות",אינטרסן 1996 בעמ,CN,שיפודי במבוק,יחידה,1.00,יחידה,false,1,10.90,10.90,true,1,
7290017239101,false,פילה סלמון נורווגי עישון קר עדין פרוס בא,פוד קולקשן בעמ,IL,סלמון אטלנטי,גרמים,100.00,100 גרם,false,1,24.90,24.90,true,1,
7290017239286,false,פילה מטיאס מעודן ללא שמן 250 גר,"פוד קולקשיין בע""מ",IL,פילה מטיאס250גרם,גרמים,250.00,100 גרם,false,1,21.90,8.76,true,1,
>>>>>>> d048ac2f4f281c9d788043ab4e81b61b0dbe3743
7290017291116,false,ערמונים יחידה,JINING,CN,ערמונים יחידה,יחידה,1.00,יחידה,false,1,18.90,18.90,true,1,
7290017291338,false,שום סולו יחידה,איגל טרייטדינג שיווק חקלאי בעמ,CN,שום סולו יחידה,יחידה,1.00,יחידה,false,1,12.90,12.90,true,1,
7290017296142,false,גרנולה חלבה ושוקולד פנינה רוזנבלום 400 גרם,"פנינה רוזנבלום בע""מ",IL,גרנולה חלווה,גרמים,400.00,100 גרם,false,1,26.90,6.73,true,1,
7290017304885,false,לחם שיפון מחיטה מלאה ללא תוספת סוכר 750 ג' אנג'ל,מאפיית שלמה א. אנג'\ל בע,IL,לחם שיפון מלא,גרמים,750.00,100 גרם,false,1,17.90,2.39,true,1,
7290017325316,false,"מיקס אורז מלא אפונה ועדשים הרדוף אורגני, 250 גרם",לה בונטה,IT,מיקס אורז אפונה,גרמים,250.00,100 גרם,false,1,15.90,6.36,true,1,
7290017325453,false,משקה שקדים אורגני 1 ליטר הרדוף – ללא תוספת סוכר ללא גלוטן,ליקואטס,ES,"משקה שקדים ללת""ס",ליטרים,1.00,ליטר,false,1,15.90,15.90,true,1,
7290017325521,false,דובדבנים מיובשים אורגניים הרדוף 200 גרם,,BG,דובדבנים מיובשים,גרמים,100.00,100 גרם,false,1,24.90,24.90,true,1,
7290017325613,false,"משקה שיבולת שועל אורגני הרדוף לל""ג 1 ליטר",סוי מג'יק,ES,משקה שיבולת שועל,ליטרים,1.00,ליטר,false,1,13.80,13.80,true,1,
7290017325620,false,"משקה אורז בתוספת שקדים אורגני הרדוף לל""ג 1 ליטר",ליקואטס,ES,משקה אורז ושקדים,ליטרים,1.00,ליטר,false,1,13.80,13.80,true,1,
7290017325811,false,שעועית בובס אורגני 400 גרם הרדוף,אול אורגני,IL,שעועית בובס,גרמים,400.00,100 גרם,false,1,13.90,3.48,true,1,
7290017325927,false,"ברנפלקס ללת""ס אורגני הרדוף 375 גר",לאמרי,IT,ברנפלקס אורגני,גרמים,375.00,100 גרם,false,1,20.90,5.57,true,1,
7290017325934,false,טחינה מלאה אורגני 450 גרם,הרדוף,IL,טחינה מלאה הרדוף,גרמים,450.00,100 גרם,false,1,19.90,4.42,true,1,
7290017334080,false,שמ.זית כתית כבישה קרה750,שמן זית אליעד,IL,שמן זית כתית,מיליליטרים,750.00,"100 מ""ל",false,1,32.90,4.39,true,1,
7290017334165,false,שמן זית כתית מעולה 750מל,שמן זית אליעד,IL,שמן זית כתית,מיליליטרים,750.00,"100 מ""ל",false,1,32.90,4.39,true,1,
7290017334172,false,שמן זית כתית מעולה,שמן זית אליעד,IL,שמן זית כתית,מיליליטרים,750.00,"100 מ""ל",false,1,32.90,4.39,true,1,
<<<<<<< HEAD
7290017513409,false,תה ירוק SUPER GREEN 87 גרםבטעם אוכמניות ואסאי,תה ויסוצקי,IL,תה ירוק,גרמים,37.00,100 גרם,false,1,26.90,72.70,true,1,
7290017513485,false,מחית עגבניות רוסטיקה גרנד איטליה 680 גרם,היצרן: ס.פ. פודנצנו -10,IT,מחית עגבניות,גרמים,680.00,100 גרם,false,1,12.80,1.88,true,1,
7290017513775,false,פליפז בייגלה מצופה שוקולד חלב מקוויטיס 140 גרם,שוורצקוף& הנקל דיסלד,TR,בייגלה מצופה,גרמים,140.00,100 גרם,false,1,9.90,7.07,true,1,
7290017513829,false,תה ירוק לימונית ג'ינג'ר 25 שקיקים בתוספת ויטמין Cּּ+D,ויסוצקי ירוק,IL,תה ירוק+ויטמינים,גרמים,37.00,100 גרם,false,1,26.90,72.70,true,1,
7290017516424,false,שוקלד + פנגיאה שוקולד קוקוס ואגוזי לוז 300 גרם,ש.ר רגע בטבע,IL,מארז פנגיאה,גרמים,300.00,100 גרם,false,1,33.90,11.30,true,1,
7290017589633,false,"רזרב גולד אדישיין קברנה סוביניון 750 מ""ל",יקבי ברקן Barkan,IL,קברנה רזרב גולד,מיליליטרים,750.00,"100 מ""ל",false,1,54.90,7.32,true,1,
7290017599267,false,סוכרלוז 120 שקיות ממתיק שולחני,סוכרזית Sucrazit,IL,סוכרזית סוכרלוז,גרמים,120.00,100 גרם,false,1,25.90,21.58,true,1,
7290017599274,false,סוכרזית סטיוויה 120 שקיות,ביסקול בע''מ,IL,סוכרזית סטיוויה,גרמים,120.00,100 גרם,false,1,37.90,31.58,true,1,
7290017637563,false,שמפו לתלתלים מושלמים 500 מל מיקי בוגנים,סאסא קוסמטיקס,IL,MB שמפו לשיער,מיליליטרים,500.00,"100 מ""ל",false,1,24.90,4.98,true,1,
7290017637570,false,מרכך לתלתלים מושלמים 500 מל מיקי בוגנים,סאסא קוסמטיקס,IL,MB מרכך לשיער,מיליליטרים,500.00,"100 מ""ל",false,1,24.90,4.98,true,1,
7290017637587,false,קרם לתלתלים מושלמים 200 מל בוגנים,סאסא קוסמטיקס,IL,MB תרסיס לשיער,מיליליטרים,200.00,"100 מ""ל",false,1,24.90,12.45,true,1,
7290017647722,false,"רמת הגולן גמלא בלאנקו, 750 מ""ל י יקב רמת הגולן",יקבי רמת הגולן,IL,גמלא בלאנקו לבן,מיליליטרים,750.00,"100 מ""ל",false,1,59.90,7.99,true,1,
7290017677804,false,"רוטב סויה קיקומן ללא חומרים משמרים 444 מ""ל",קיקומן פודז אינק,US,רוטב סויה קיקומן,מיליליטרים,444.00,"100 מ""ל",false,1,21.90,4.93,true,1,
7290017677811,false,"רוטב סויה קיקומן ללא חומרים משמרים 296 מ""ל",קיקומן פודז אינק,NL,רוטב סויה קיקומן,מיליליטרים,296.00,"100 מ""ל",false,1,15.90,5.37,true,1,
7290017724201,false,אקלר ואנגוך ללא סוכר 200 גרם,אקלר,IL,עוגיות ואן גוך,גרמים,200.00,100 גרם,false,1,24.90,12.45,true,1,
7290017812052,false,יין שיראז-קברנה סוביניון אקסלנס יקבי כרמל,יקבי כרמל Carmel Winery,IL,שיראז-קברנה,מיליליטרים,750.00,"100 מ""ל",false,1,29.90,3.99,true,1,
7290017812069,false,יין אמרלד ריזלינג שרדונה אקסלנס Excellence,יקבי כרמל Carmel Winery,IL,ריזלינג-שרדונה,מיליליטרים,750.00,"100 מ""ל",false,1,29.90,3.99,true,1,
7290017812588,false,מיץ ענבים תירוש לבן 100% טבעי כרמל 1 ליטר,יקבי כרמל Carmel Winery,IL,מיץ תירוש לבן,ליטרים,1.00,ליטר,false,1,21.90,21.90,true,1,
=======
7290017513409,false,תה ירוק SUPER GREEN 87 גרםבטעם אוכמניות ואסאי,תה ויסוצקי (ישראל) בעמ,IL,תה ירוק,גרמים,37.00,100 גרם,false,1,26.90,72.70,true,1,
7290017513485,false,מחית עגבניות רוסטיקה גרנד איטליה 680 גרם,תה ויסוצקי (ישראל) בעמ,IT,מחית עגבניות,גרמים,680.00,100 גרם,false,1,12.80,1.88,true,1,
7290017513775,false,פליפז בייגלה מצופה שוקולד חלב מקוויטיס 140 גרם,תה ויסוצקי (ישראל) בעמ,TR,בייגלה מצופה,גרמים,140.00,100 גרם,false,1,9.90,7.07,true,1,
7290017513829,false,תה ירוק לימונית ג'ינג'ר 25 שקיקים בתוספת ויטמין Cּּ+D,תה ויסוצקי (ישראל) בעמ,IL,תה ירוק+ויטמינים,גרמים,37.00,100 גרם,false,1,26.90,72.70,true,1,
7290017516424,false,שוקלד + פנגיאה שוקולד קוקוס ואגוזי לוז 300 גרם,י.איטליאנו אחזקות בעמ,IL,מארז פנגיאה,גרמים,300.00,100 גרם,false,1,33.90,11.30,true,1,
7290017589633,false,"רזרב גולד אדישיין קברנה סוביניון 750 מ""ל",טמפו משקאות בעמ,IL,קברנה רזרב גולד,מיליליטרים,750.00,"100 מ""ל",false,1,54.90,7.32,true,1,
7290017599267,false,סוכרלוז 120 שקיות ממתיק שולחני,שטראוס גרופ בע`מ,IL,סוכרזית סוכרלוז,גרמים,120.00,100 גרם,false,1,25.90,21.58,true,1,
7290017599274,false,סוכרזית סטיוויה 120שקיות 100גרם,שטראוס גרופ בע`מ,IL,סוכרזית סטיוויה,גרמים,120.00,100 גרם,false,1,37.90,31.58,true,1,
7290017637563,false,שמפו לתלתלים מושלמים 500 מל מיקי בוגנים,סאסאטק אגשח בעמ - סאסא MB,IL,MB שמפו לשיער,מיליליטרים,500.00,"100 מ""ל",false,1,24.90,4.98,true,1,
7290017637570,false,מרכך לתלתלים מושלמים 500 מל מיקי בוגנים,סאסאטק אגשח בעמ - סאסא MB,IL,MB מרכך לשיער,מיליליטרים,500.00,"100 מ""ל",false,1,24.90,4.98,true,1,
7290017637587,false,קרם CURLS לתלתלים מושלמים מיקי בוגנים 20,סאסאטק אגשח בעמ - סאסא MB,IL,MB תרסיס לשיער,מיליליטרים,200.00,"100 מ""ל",false,1,24.90,12.45,true,1,
7290017647722,false,"רמת הגולן גמלא בלאנקו, 750 מ""ל י יקב רמת הגולן",היכל היין שקד גולן בעמ,IL,גמלא בלאנקו לבן,מיליליטרים,750.00,"100 מ""ל",false,1,59.90,7.99,true,1,
7290017677804,false,"רוטב סויה קיקומן ללא חומרים משמרים 444 מ""ל",דיפלומט מפיצים (1968) בעמ**,US,רוטב סויה קיקומן,מיליליטרים,444.00,"100 מ""ל",false,1,21.90,4.93,true,1,
7290017677811,false,"רוטב סויה קיקומן ללא חומרים משמרים 296 מ""ל",דיפלומט מפיצים (1968) בעמ**,NL,רוטב סויה קיקומן,מיליליטרים,296.00,"100 מ""ל",false,1,15.90,5.37,true,1,
7290017724201,false,עוגיות ואן גוך ללא סוכר אקלר,הלל בן הלל שיווק ומסחר בעמ,IL,עוגיות ואן גוך,גרמים,200.00,100 גרם,false,1,24.90,12.45,true,1,
7290017812052,false,יין שיראז-קברנה סוביניון אקסלנס יקבי כרמל,אגודת הכורמים בעמ,IL,שיראז-קברנה,מיליליטרים,750.00,"100 מ""ל",false,1,29.90,3.99,true,1,
7290017812069,false,יין אמרלד ריזלינג שרדונה אקסלנס Excellence,אגודת הכורמים -כרמל מזרחי,IL,ריזלינג-שרדונה,מיליליטרים,750.00,"100 מ""ל",false,1,29.90,3.99,true,1,
7290017812588,false,מיץ ענבים תירוש לבן 100% טבעי כרמל 1 ליטר,אגודת הכורמים -כרמל מזרחי,IL,מיץ תירוש לבן,ליטרים,1.00,ליטר,false,1,21.90,21.90,true,1,
>>>>>>> d048ac2f4f281c9d788043ab4e81b61b0dbe3743
7290017812670,false,"יין יתיר דרום אדום 750 מ""ל",כרמל מזרחי,IL,דרום יין אדום,מיליליטרים,750.00,"100 מ""ל",false,1,85.00,11.33,true,1,
7290017871462,false,טוסו חטיף פצפוצי אורז מצופה שוקולד מריר ללא תוספת סוכר,תות תעשיות מזון (2014) ב,IL,חטיף פצפוצי אורז,גרמים,105.00,100 גרם,false,1,15.90,15.14,true,1,
7290017871929,false,"טוסו גרנולה פירות יבשים ואגוזים ללת""ס 300 ג'","אפקטבעי בע""\מ",IL,גרנולה פירות יבש,גרמים,300.00,100 גרם,false,1,20.90,6.97,true,1,
7290017871950,false,פרשוואנס נייר טואלט לח מתכלה בניחוח לוונדר מארז שלישייה,עלבד משואות יצחק,IL,מגבוני נ.טואלט,יחידה,1.00,יחידה,false,1,13.90,13.90,true,1,
7290017871974,false,טוסו אבקת ג'לי טעם תות 30גרם,אשבל מזון פונקציונלי בע\,IL,ג'לי בטעם תות,גרמים,25.00,100 גרם,false,1,11.90,47.60,true,1,
<<<<<<< HEAD
7290017871998,false,טוסו פודינג אינסטנט בטעם וניל 30גרם,אשבל מזון פונקציונלי בע\,IL,פודינג אינסטנט,גרמים,30.00,100 גרם,false,1,11.90,39.67,true,1,
7290017872872,false,בייביביס חטיפי דגנים אפויים לתינוקות בטעם גזר וסלק,טאטא גלובל בוורג'ס,IL,כוכבים דגנים,גרמים,35.00,100 גרם,false,1,13.90,39.71,true,1,
7290017872957,false,אדג' - מכשיר גילוח רב פעמי ידית + 3 סכינים לעור רגיש,General,US,מכשיר+סכין גילוח,יחידה,1.00,יחידה,false,1,59.90,59.90,true,1,
=======
7290017871998,false,פודינג אינסטנט בטעם וניל 30 גר` טוסו,אשבל מזון פונקציונלי בע\,IL,פודינג אינסטנט,גרמים,30.00,100 גרם,false,1,11.90,39.67,true,1,
7290017872872,false,בייביביס חטיפי דגנים אפויים לתינוקות בטעם גזר וסלק,טאטא גלובל בוורג'ס,IL,כוכבים דגנים,גרמים,35.00,100 גרם,false,1,13.90,39.71,true,1,
7290017872957,false,אדג' - מכשיר גילוח רב פעמי ידית + 3 סכינים לעור רגיש,"דנשר (1963) בע,מ",US,מכשיר+סכין גילוח,יחידה,1.00,יחידה,false,1,59.90,59.90,true,1,
>>>>>>> d048ac2f4f281c9d788043ab4e81b61b0dbe3743
7290017873381,false,תח.גוף פנג'ל אינטנסיב400,אינטרקוסמא,IL,תחליב גוף פנג'ל,מיליליטרים,400.00,"100 מ""ל",false,1,29.90,7.48,true,1,
7290017888033,false,"משקה בננה מלון נענע פרות &ווג 350 מ""ל",יפאורה שותפות מוגבלת לשיווק,IL,משקה פרוט&ווג',מיליליטרים,350.00,"100 מ""ל",false,1,8.60,2.46,true,1,
7290017888729,false,שוופס סודה בקבוק 1 ל',יפאורה שותפות מוגבלת לשיווק,IL,סודה שוופס,ליטרים,1.00,ליטר,false,1,4.90,4.90,true,1,
7290017888972,false,בקבוק מי עדן פקק ספורט 1 ליטר,יפאורה שותפות מוגבלת לשיווק,IL,מי עדן ספורט,ליטרים,1.00,ליטר,false,1,5.20,5.20,true,1,
7290017917382,false,אל סבון היגייני לניקוי יסודי ולהרגע העור clean & calm,"פישר תעשיות פרמבצטיות בע""מ",IL,קמיל סבון ידיים,ליטרים,1.00,ליטר,false,1,16.20,16.20,true,1,
7290017928036,false,מקלות גריסיני שומשום מאיר בייגל 175 גרם,מאיר את בייגל,IL,גריסיני שומשום,גרמים,175.00,100 גרם,false,1,12.90,7.37,true,1,
7290017928043,false,מקלות גריסיני קראנץ' מלח מאיר בייגל 175 גרם,מאיר את בייגל,IL,גריסיני קראנץ,גרמים,175.00,100 גרם,false,1,12.90,7.37,true,1,
7290017928098,false,בייגלה שטוח מלח 330 גר` מאיר בייגל,מאיר את בייגל,IL,בייגלה שטוחל'ה,גרמים,330.00,100 גרם,false,1,12.90,3.91,true,1,
7290017928227,false,"בייגלה שטוח'לה פינוקים שומשום, קצח, שום ובצל",מאיר את בייגל,IL,בייגלה שטוחלה,גרמים,300.00,100 גרם,false,1,12.90,4.30,true,1,
<<<<<<< HEAD
7290017928463,false,מאיר בייגל -סמאש-שבורים בטעם דבש חרדל ובצל 300 גרם,מאיר בייגל,,שברי בייגלה,יחידה,1.00,יחידה,false,0,11.90,11.90,true,1,
7290017928616,false,מאיר בייגל שטוחהלה שומשום 300 גר',מאיר את בייגל,IL,בייגלה שטוחלה,גרמים,300.00,100 גרם,false,1,12.90,4.30,true,1,
7290017928661,false,מאיר בייגל -סמאש-שבורים בטעם צ'דר 300 גרם,מאיר בייגל,,שברי בייגלה,יחידה,1.00,יחידה,false,0,11.90,11.90,true,1,
=======
7290017928463,false,מאיר בייגל -סמאש-שבורים בטעם דבש חרדל ובצל 300 גרם,דנשר (1963) בעמ,,שברי בייגלה,יחידה,1.00,יחידה,false,0,11.90,11.90,true,1,
7290017928616,false,בייגלה שטוחלה שומשום 300 גר` מאיר בייגל,מאיר את בייגל,IL,בייגלה שטוחלה,גרמים,300.00,100 גרם,false,1,12.90,4.30,true,1,
7290017928661,false,מאיר בייגל -סמאש-שבורים בטעם צ'דר 300 גרם,"דנשר (1963) בע,מ",,שברי בייגלה,יחידה,1.00,יחידה,false,0,11.90,11.90,true,1,
>>>>>>> d048ac2f4f281c9d788043ab4e81b61b0dbe3743
7290017928685,false,בייגלה שמיניות מלוח מאיר בייגל 400 גרם.,מאיר את בייגל,IL,בייגלה שמיניות,גרמים,400.00,100 גרם,false,1,12.90,3.23,true,1,
7290017928807,false,בייגלה אצבעות שומשום מאיר בייגל 300 גרם,מאיר את בייגל,IL,בייגלה אצבעות,גרמים,300.00,100 גרם,false,1,12.90,4.30,true,1,
7290017928821,false,מקלות גריסיני קלאסי מאיר בייגל 200 גרם,מאיר את בייגל,IL,גריסיני קלאסי,גרמים,200.00,100 גרם,false,1,12.90,6.45,true,1,
7290017947105,false,לחם אנג'ל בסגנון אמריקה 500 גרם,מאפיית שלמה א. אנג'\ל בע,IL,לחם סגנון אמריקה,גרמים,500.00,100 גרם,false,1,15.90,3.18,true,1,
7290017947464,false,שמיניית פיתות כוסמין אנג'ל 8*50 גרם,מאפיית שלמה א.אנג'\ל בע\,IL,פיתות כוסמין,גרמים,400.00,100 גרם,false,1,17.90,4.48,true,1,
<<<<<<< HEAD
7290017947495,false,6 לחמניות כוסמין 450 גרם אנג'ל,מאפיית שלמה א.אנג'\ל,,לחמניות כוסמין6*,יחידה,1.00,יחידה,false,0,16.90,16.90,true,1,
=======
7290017947495,false,לחמניות כוסמין 6 יח(450 גר`)אנג`ל,מאפיית שלמה א.אנג'\ל,,לחמניות כוסמין6*,יחידה,1.00,יחידה,false,0,16.90,16.90,true,1,
>>>>>>> d048ac2f4f281c9d788043ab4e81b61b0dbe3743
7290017947891,false,לחם אנג'ל כוסמין וחיטה מלאה 750 גרם,מאפיית שלמה א. אנג'\ל בע,IL,אנג'ל כוסמין,גרמים,750.00,100 גרם,false,1,17.90,2.39,true,1,
7290017947921,false,לחמניות המבורגר בסגנון אמריקאי מארז 6 יח',מאפיית שלמה א. אנג'\ל בע,IL,לחמניות המבורגר,גרמים,450.00,100 גרם,false,1,15.90,3.53,true,1,
7290017947938,false,מיני לחמניות המבורגר בסגנון אמריקה 400 ג' אנג'ל,מאפיית שלמה א. אנג'\ל בע,IL,לחמניות המבורגר,גרמים,400.00,100 גרם,false,1,15.90,3.98,true,1,
7290017962023,false,גרנולה מייפל תמר פקאן 330 גרם,"דני וגלית בע""מ",IL,גרנולה מייפל תמר,גרמים,330.00,100 גרם,false,1,20.20,6.12,true,1,
7290017962030,false,גרנולה סופר בריס 330 גרם,"דני וגלית בע""מ",IL,גרנולה סופר בריס,גרמים,330.00,100 גרם,false,1,20.20,6.12,true,1,
7290017967004,false,"בירה קייזר בקבוק 500 מ""ל",ברסייר,FR,בירה קייזר,מיליליטרים,500.00,"100 מ""ל",false,1,6.90,1.38,true,1,
<<<<<<< HEAD
7290018043189,false,פראוד - חטיף חלבון בטעם קשיו קרמל 60 גרם,מרס נדרלנד,NL,פראוד חטיף קשיו,גרמים,60.00,100 גרם,false,1,13.90,23.17,true,1,
7290018043844,false,חטיף חלבון בוטנים קרמל קראנץ 60 ג' פראוד,פראוד PROUD,NL,חטיף חלבון,גרמים,60.00,100 גרם,false,1,13.90,23.17,true,1,
7290018091234,false,פיצה מקסיקנית מעדנות 260 ג',תנובה מעדנות,IL,פיצה מקסיקנית,גרמים,260.00,100 גרם,false,1,16.90,6.50,true,1,
7290018131756,false,מאגדת שלגון וניל מצופה תות נסטלה 440 גרם,גלידות נסטלה )נגה גלידות,IL,מאגדת וניל מצופה,גרמים,440.00,100 גרם,false,1,31.90,7.25,true,1,
7290018131879,false,אקסטרים טילון חלב בדצ מאגדת 6*72 גרם נסטלה,גלידות נסטלה )נגה גלידות,IL,מאגדת אקסטרים,גרמים,432.00,100 גרם,false,1,37.90,8.77,true,1,
7290018131954,false,מאגדת לה פרוטה תות שוקולד נסטלה 350 גרם,נגה גלידות שותפות מוגבלת,IL,מאגדת להפרוטה תו,גרמים,350.00,100 גרם,false,1,32.90,9.40,true,1,
7290018165027,false,"יין רזרב GOLD EDITION רוזה ברקן 750 מ""ל",יקבי ברקן שיווק והפצה בע,IL,רוזה רזרב גולד,מיליליטרים,750.00,"100 מ""ל",false,1,54.90,7.32,true,1,
7290018165447,false,"יין רזרב GOLD מרלו ברקן 750 מ""ל",יקבי ברקן שיווק והפצה בע,IL,מרלו רזרב גולד,מיליליטרים,750.00,"100 מ""ל",false,1,54.90,7.32,true,1,
7290018237281,false,עוף טוב נקניק סלמי ירדן 550 גר',מוצרי עוף טוב (2001) בע\,IL,נקניק סלמי ירדן,גרמים,550.00,100 גרם,false,1,23.90,4.34,true,1,
7290018237410,false,עוף טוב פסטרמה במעשנה נתח שלם 8*300 גרם,מוצרי עוף טוב (2001) בע\,IL,פסטרמה במעשנה,גרמים,300.00,100 גרם,false,1,29.90,9.97,true,1,
7290018237922,false,שניצלונים ציפוי צ'יפס עוף טוב 700 גרם,מוצרי עוף טוב (2001) בע\,IL,שניצלונים בציפוי,גרמים,700.00,100 גרם,false,1,21.90,3.13,true,1,
7290018237939,false,שניצלונים ציפוי שומשום עוף טוב 700 גרם,מוצרי עוף טוב (2001) בע\,IL,שניצלונים בציפוי,גרמים,700.00,100 גרם,false,1,21.90,3.13,true,1,
=======
7290018043189,false,פראוד - חטיף חלבון בטעם קשיו קרמל 60 גרם,דיפלומט מפיצים (1968) בעמ**,NL,פראוד חטיף קשיו,גרמים,60.00,100 גרם,false,1,13.90,23.17,true,1,
7290018043844,false,חטיף חלבון בוטנים קרמל קראנץ 60 ג' פראוד,דיפלומט מפיצים (1968) בעמ**,NL,חטיף חלבון,גרמים,60.00,100 גרם,false,1,13.90,23.17,true,1,
7290018091234,false,פיצה מקסיקנית 270 גר מעדנות,תנובה קפואים,IL,פיצה מקסיקנית,גרמים,260.00,100 גרם,false,1,16.90,6.50,true,1,
7290018131756,false,מאגדת שלגון וניל מצופה תות נסטלה 440 גרם,נגה גלידות שותפות מוגבלת,IL,מאגדת וניל מצופה,גרמים,440.00,100 גרם,false,1,31.90,7.25,true,1,
7290018131879,false,אקסטרים טילון חלב בדצ מאגדת 6*72 גרם נסטלה,נגה גלידות שותפות מוגבלת,IL,מאגדת אקסטרים,גרמים,432.00,100 גרם,false,1,37.90,8.77,true,1,
7290018131954,false,מאגדת לה פרוטה תות שוקולד נסטלה 350 גרם,נגה גלידות שותפות מוגבלת,IL,מאגדת להפרוטה תו,גרמים,350.00,100 גרם,false,1,32.90,9.40,true,1,
7290018165027,false,רזרב גולד אדישיין רוזה 750 מל-יקבי ברק,יקבי ברקן שיווק והפצה בע,IL,רוזה רזרב גולד,מיליליטרים,750.00,"100 מ""ל",false,1,54.90,7.32,true,1,
7290018165447,false,רזרב גולד מרלו ( 750 מל) יקבי ברקן,יקבי ברקן שיווק והפצה בע,IL,מרלו רזרב גולד,מיליליטרים,750.00,"100 מ""ל",false,1,54.90,7.32,true,1,
7290018237281,false,עוף טוב נקניק סלמי ירדן 550 גר',קבוצת אוסם סחר-שות.מוגבלת,IL,נקניק סלמי ירדן,גרמים,550.00,100 גרם,false,1,23.90,4.34,true,1,
7290018237410,false,עוף טוב פסטרמה במעשנה נתח שלם 8*300 גרם,קבוצת אוסם סחר-שות.מוגבלת,IL,פסטרמה במעשנה,גרמים,300.00,100 גרם,false,1,29.90,9.97,true,1,
7290018237922,false,שניצלונים ציפוי צ'יפס עוף טוב 700 גרם,קבוצת אוסם סחר שותפות מוגבלת,IL,שניצלונים בציפוי,גרמים,700.00,100 גרם,false,1,21.90,3.13,true,1,
7290018237939,false,שניצלונים ציפוי שומשום עוף טוב 700 גרם,קבוצת אוסם סחר שותפות מוגבלת,IL,שניצלונים בציפוי,גרמים,700.00,100 גרם,false,1,21.90,3.13,true,1,
>>>>>>> d048ac2f4f281c9d788043ab4e81b61b0dbe3743
7290018249086,false,סוויטאנגו ממרח בטעם חלווה פיסטוקחום,,IL,ממרח בטעם חלווה,גרמים,350.00,100 גרם,false,1,33.90,9.69,true,1,
7290018249154,false,ממרח קקאו עם אגוזי סוויטאנגו 350 גר`,י.איטליאנו אחזקות בעמ,IL,ממרח קקאו,גרמים,350.00,100 גרם,false,1,33.90,9.69,true,1,
7290018249727,false,אבקת ממתיק סוכר סוויטאנגו 400 גר,מתבל תעשיות מזון,IL,סוויטאנגו ממתיק,גרמים,400.00,100 גרם,false,1,36.90,9.23,true,1,
7290018249802,false,ממתיק סוויטאנגו צנצנת 280 גרם,י.איטליאנו אחזקות בעמ,IL,סוויטאנגו,גרמים,280.00,100 גרם,false,1,28.90,10.32,true,1,
7290018285060,false,רוטב עגבנייה דר שקשוקה 400 גרם,קונסורציו קאזאלאסקו,IT,רוטב עגבניות,גרמים,400.00,100 גרם,false,1,15.90,3.98,true,1,
<<<<<<< HEAD
7290018294208,false,"סלקטדאדום ישראלי יבש כרמל 750 מ""ל","כד בני דרום בע""מ",IL,יין אדום סלקטד,מיליליטרים,750.00,"100 מ""ל",false,1,29.90,3.99,true,1,
7290018294895,false,"יין מונלייט מוסקטו ורוד מבעבע 750 מ""ל",יקבי כרמל Carmel Winery,IL,מונלייט לבן,מיליליטרים,750.00,"100 מ""ל",false,1,37.90,5.05,true,1,
=======
7290018294208,false,"סלקטדאדום ישראלי יבש כרמל 750 מ""ל",אגודת הכורמים בעמ,IL,יין אדום סלקטד,מיליליטרים,750.00,"100 מ""ל",false,1,29.90,3.99,true,1,
7290018294895,false,"יין מונלייט מוסקטו ורוד מבעבע 750 מ""ל",אגודת הכורמים בעמ,IL,מונלייט לבן,מיליליטרים,750.00,"100 מ""ל",false,1,37.90,5.05,true,1,
>>>>>>> d048ac2f4f281c9d788043ab4e81b61b0dbe3743
7290018294901,false,"יין מונלייט אדום יבש 750 מ""ל כרמל",יקבי כרמל Carmel Winery,IL,מונלייט אדום,מיליליטרים,750.00,"100 מ""ל",false,1,37.90,5.05,true,1,
7290018343630,false,ד.פישר אפקטיב קר קרם גוף מועשר חמאת קקאו,פישר תעשיות פרמבצטיות בעמ,IL,קרם גוף אפקטיב,מיליליטרים,450.00,"100 מ""ל",false,1,24.90,5.54,true,1,
7290018359082,false,מחית תפוחי עץ לאפיייה 550 גר יכין,זנלכל בעמ,IL,"מחית תפו""ע לאפיה",גרמים,560.00,100 גרם,false,1,8.90,1.59,true,1,
7290018359495,false,תירס מהשדה בלי תוספת סוכר יכין 550 גרם,היינץ צפון אמריקה מק,IL,"תירס מהשדה ללת""ס",גרמים,550.00,100 גרם,false,1,9.90,1.80,true,1,
7290018359686,false,יכין חומוס גדול 550 גר A2,היינץ צפון אמריקה מק,IL,חומוס ענק,גרמים,550.00,100 גרם,false,1,9.90,1.80,true,1,
7290018359877,false,רסק עגבניות ליקופן טבעי 3*200גר יכין.,זנלכל בעמ,IL,רסק עגבניות 3 יח,גרמים,600.00,100 גרם,false,1,8.90,1.48,true,1,
7290018359884,false,פולפה עגבניות ליקופן טבעית 2*400 יכין,זנלכול יכין,IL,פולפה ליקופן 2יח,גרמים,800.00,100 גרם,false,1,10.00,1.25,true,1,
7290018371503,false,וופל קמח כוסמין אגוזים אורגני 200 גרם,השדה מוצרים טבעיים ו,IL,וופל קמח כוסמין,גרמים,200.00,100 גרם,false,1,16.90,8.45,true,1,
<<<<<<< HEAD
7290018400661,false,לקט פאייה בסגנון ספרדי סנפרוסט 800 גרם,"סנפרוסט בע""\מ",IL,לקט פאייה,גרמים,800.00,100 גרם,false,1,24.90,3.11,true,1,
7290018440209,false,פליפז בייגלה בציפוי פאדג' לבן מקוויטיס 140 גרם,שוורצקוף& הנקל דיסלד,,בייגלה מצופה,יחידה,1.00,יחידה,false,0,9.90,9.90,true,1,
7290018440223,false,תה צ'אי מסאלה 25 שקיקים ויסוצקי,תה ויסוצקי,IL,צ'אי מסאלה,גרמים,50.00,100 גרם,false,1,18.90,37.80,true,1,
7290018440230,false,תה צ'אי ורדים 25 שקיקים ויסוצקי,תה ויסוצקי,IL,צ'אי ורדים,גרמים,50.00,100 גרם,false,1,18.90,37.80,true,1,
7290018440247,false,תה צ'אי שקדים0 25 שקיקים ויסוצקי,תה ויסוצקי,IL,צ'אי שקדים,גרמים,50.00,100 גרם,false,1,18.90,37.80,true,1,
7290018440254,false,תה צ'אי קרמל מלוח 25 שקיקים ויסוצקי,תה ויסוצקי,IL,צ'\אי קרמל מלוח,גרמים,50.00,100 גרם,false,1,18.90,37.80,true,1,
7290018440407,false,תה ירוק מאטה קקאו לוז ויסוצקי 25 יחידות,תה ויסוצקי,IL,תה ירוק ויסוצקי,גרמים,38.00,100 גרם,false,1,26.90,70.79,true,1,
7290018440438,false,Calvo טונה בשמן זית פתיחה קלה 3 * 65 גרם,"קאלוו קונסרבס ס.ל.יו. ,",ES,טונה בשמן זית3יח,גרמים,195.00,100 גרם,false,1,23.90,12.25,true,1,
7290018440445,false,טונה קאלוו בשמן זית 160 גר,"קאלוו קונסרבס ס.ל.יו. ,",ES,טונה בשמן זית,גרמים,160.00,100 גרם,false,1,13.90,8.69,true,1,
7290018440490,false,סלט טונה קאלוו עם קוסקוס 150 גר,"קאלוו קונסרבס ס.ל.יו. ,",ES,סלט טונה+קוסקוס,גרמים,150.00,100 גרם,false,1,13.90,9.27,true,1,
7290018440513,false,סלט קליפורנייה קאלוו עם טונה 150 גר,"קאלוו קונסרבס ס.ל.יו. ,",ES,סלט קליפורניה,גרמים,150.00,100 גרם,false,1,13.90,9.27,true,1,
7290018468319,false,נקניקיה טבעונית בסגנון צוריסוס טירת צבי 400 גרם,טירת צבי - מדף,IL,נקניקיות צמחוניו,גרמים,400.00,100 גרם,false,1,41.90,10.48,true,1,
7290018471197,false,פרוט & ווג' תפוח בננה מלון נענע 1 ליטר,פרוט אנד וג' Fruit & Veg,IL,מיץ פרוט & ווג',ליטרים,1.00,ליטר,false,1,14.10,14.10,true,1,
7290018471210,false,קרטונית נקטר ספרינג תפוח סברס 1 ליטר,"יפאורה תבורי בע""\מ",IL,ספרינג 1 ליטר,ליטרים,1.00,ליטר,false,1,7.60,7.60,true,1,
7290018471449,false,קרטונית ספרינג שייק בננה תמר תפוז 1 ליטר,"יפאורה תבורי בע""\מ",IL,ספרינג שייק,ליטרים,1.00,ליטר,false,1,14.10,14.10,true,1,
7290018471463,false,תפוזינה נקטר תפוז מנגו קרטונית 1 ליטר,"יפאורה תבורי בע""\מ",IL,תפוזינה enjoy,ליטרים,1.00,ליטר,false,1,7.90,7.90,true,1,
7290018471470,false,תפוזינה נקטר תפוז פסיפלורה קרטונית 1 ליטר,"יפאורה תבורי בע""\מ",IL,תפוזינה enjoy,ליטרים,1.00,ליטר,false,1,7.90,7.90,true,1,
7290018471487,false,תפוזינה נקטר תפוז אננס קרטונית 1 ליטר,"יפאורה תבורי בע""\מ",IL,תפוזינה תפוז אננ,ליטרים,1.00,ליטר,false,1,7.90,7.90,true,1,
7290018471494,false,תפוזינה משקה תפוז גזר קרטונית 1 ליטר,"יפאורה תבורי בע""\מ",IL,תפוזינה תפוז גזר,ליטרים,1.00,ליטר,false,1,7.90,7.90,true,1,
7290018471616,false,שוופס אינדיאן טוניק 1 ליטר,"יפאורה תבורי בע""\מ",IL,שוופס טוניק אינד,ליטרים,1.00,ליטר,false,1,10.10,10.10,true,1,
7290018471623,false,שוופס טוניק אשכוליות ליצ'י 1 ליטר,"יפאורה תבורי בע""\מ",IL,שוופס טוניק,ליטרים,1.00,ליטר,false,1,10.10,10.10,true,1,
7290018471630,false,שוופס טוניק מלפפון ליים 1 ליטר,"יפאורה תבורי בע""\מ",IL,שוופס טוניק,ליטרים,1.00,ליטר,false,1,10.10,10.10,true,1,
7290018471692,false,ספרינג שייק בננה אננס קוקוס פירות יער קרטונית 1 ליטר,"יפאורה תבורי בע""\מ",IL,ספרינג שייק,ליטרים,1.00,ליטר,false,1,14.10,14.10,true,1,
7290018471906,false,שוופס מוגז פירות לימונדה ורודה 1.5 ליטר פיקדון,"יפאורה תבורי בע""\מ",IL,שוופס לימונדה,ליטרים,1.50,ליטר,false,0,9.50,6.33,true,1,
7290018471944,false,שוופס מוגז פירות לימונייד 1.5 ליטר פיקדון,"יפאורה תבורי בע""\מ",IL,שוופס לימוניי,ליטרים,1.50,ליטר,false,0,9.50,6.33,true,1,
=======
7290018400661,false,לקט פאייה בסגנון ספרדי סנפרוסט 800 גרם,תנובה קפואים,IL,לקט פאייה,גרמים,800.00,100 גרם,false,1,24.90,3.11,true,1,
7290018440209,false,פליפז בייגלה בציפוי פאדג' לבן מקוויטיס 140 גרם,תה ויסוצקי (ישראל) בעמ,,בייגלה מצופה,יחידה,1.00,יחידה,false,0,9.90,9.90,true,1,
7290018440223,false,תה צ'אי מסאלה 25 שקיקים ויסוצקי,תה ויסוצקי (ישראל) בעמ,IL,צ'אי מסאלה,גרמים,50.00,100 גרם,false,1,18.90,37.80,true,1,
7290018440230,false,תה צ'אי ורדים 25 שקיקים ויסוצקי,תה ויסוצקי (ישראל) בעמ,IL,צ'אי ורדים,גרמים,50.00,100 גרם,false,1,18.90,37.80,true,1,
7290018440247,false,תה צ'אי שקדים0 25 שקיקים ויסוצקי,תה ויסוצקי (ישראל) בעמ,IL,צ'אי שקדים,גרמים,50.00,100 גרם,false,1,18.90,37.80,true,1,
7290018440254,false,תה צ'אי קרמל מלוח 25 שקיקים ויסוצקי,תה ויסוצקי (ישראל) בעמ,IL,צ'\אי קרמל מלוח,גרמים,50.00,100 גרם,false,1,18.90,37.80,true,1,
7290018440407,false,תה ירוק מאטה קקאו לוז ויסוצקי 25 יחידות,תה ויסוצקי (ישראל) בעמ,IL,תה ירוק ויסוצקי,גרמים,38.00,100 גרם,false,1,26.90,70.79,true,1,
7290018440438,false,Calvo טונה בשמן זית פתיחה קלה 3 * 65 גרם,תה ויסוצקי (ישראל) בעמ,ES,טונה בשמן זית3יח,גרמים,195.00,100 גרם,false,1,23.90,12.25,true,1,
7290018440445,false,טונה קאלוו בשמן זית 160 גר,תה ויסוצקי (ישראל) בעמ,ES,טונה בשמן זית,גרמים,160.00,100 גרם,false,1,13.90,8.69,true,1,
7290018440490,false,סלט טונה קאלוו עם קוסקוס 150 גר,תה ויסוצקי (ישראל) בעמ,ES,סלט טונה+קוסקוס,גרמים,150.00,100 גרם,false,1,13.90,9.27,true,1,
7290018440513,false,סלט קליפורנייה קאלוו עם טונה 150 גר,תה ויסוצקי (ישראל) בעמ,ES,סלט קליפורניה,גרמים,150.00,100 גרם,false,1,13.90,9.27,true,1,
7290018468319,false,נקניקיה טבעונית בסגנון צוריסוס טירת צבי 400 גרם,תנובה מרכז שיתופי לשיווק תוצרת,IL,נקניקיות צמחוניו,גרמים,400.00,100 גרם,false,1,41.90,10.48,true,1,
7290018471197,false,פרוט אנד ווג` תפוח בננה מלון נענע 1 ליטר,יפאורה שותפות מוגבלת לשיווק,IL,מיץ פרוט & ווג',ליטרים,1.00,ליטר,false,1,14.10,14.10,true,1,
7290018471210,false,ספרינג נקטר אגס סברס תפוח 1ליטר קרטוני,יפאורה שותפות מוגבלת לשיווק,IL,ספרינג 1 ליטר,ליטרים,1.00,ליטר,false,1,7.60,7.60,true,1,
7290018471449,false,קרטונית ספרינג שייק בננה תמר תפוז 1 ליטר,יפאורה - שותפות מוגבלת לשיווק,IL,ספרינג שייק,ליטרים,1.00,ליטר,false,1,14.10,14.10,true,1,
7290018471463,false,תפוזינה נקטר תפוז מנגו קרטונית 1 ליטר,יפאורה שותפות מוגבלת לשיווק,IL,תפוזינה enjoy,ליטרים,1.00,ליטר,false,1,7.90,7.90,true,1,
7290018471470,false,תפוזינה נקטר תפוז פסיפלורה קרטונית 1 ליטר,יפאורה שותפות מוגבלת לשיווק,IL,תפוזינה enjoy,ליטרים,1.00,ליטר,false,1,7.90,7.90,true,1,
7290018471487,false,תפוזינה נקטר תפוז אננס קרטונית 1 ליטר,יפאורה שותפות מוגבלת לשיווק,IL,תפוזינה תפוז אננ,ליטרים,1.00,ליטר,false,1,7.90,7.90,true,1,
7290018471494,false,תפוזינה משקה תפוז גזר קרטונית 1 ליטר,יפאורה שותפות מוגבלת לשיווק,IL,תפוזינה תפוז גזר,ליטרים,1.00,ליטר,false,1,7.90,7.90,true,1,
7290018471616,false,שוופס אינדיאן טוניק 1 ליטר,יפאורה שותפות מוגבלת לשיווק,IL,שוופס טוניק אינד,ליטרים,1.00,ליטר,false,1,10.10,10.10,true,1,
7290018471623,false,שוופס טוניק אשכוליות ליצ`י 1 ליטר,יפאורה שותפות מוגבלת לשיווק,IL,שוופס טוניק,ליטרים,1.00,ליטר,false,1,10.10,10.10,true,1,
7290018471630,false,שוופס טוניק מלפפון ליים 1 ליטר,יפאורה שותפות מוגבלת לשיווק,IL,שוופס טוניק,ליטרים,1.00,ליטר,false,1,10.10,10.10,true,1,
7290018471692,false,ספרינג שייק בננה אננס קוקוס פירות יער קרטונית 1 ליטר,יפאורה - שותפות מוגבלת לשיווק,IL,ספרינג שייק,ליטרים,1.00,ליטר,false,1,14.10,14.10,true,1,
7290018471906,false,שוופס מוגז פירות לימונדה ורודה 1.5 ליטר פיקדון,יפאורה - שותפות מוגבלת לשיווק,IL,שוופס לימונדה,ליטרים,1.50,ליטר,false,0,9.50,6.33,true,1,
7290018471944,false,שוופס מוגז פירות לימונייד 1.5 ליטר פיקדון,יפאורה - שותפות מוגבלת לשיווק,IL,שוופס לימוניי,ליטרים,1.50,ליטר,false,0,9.50,6.33,true,1,
>>>>>>> d048ac2f4f281c9d788043ab4e81b61b0dbe3743
7290018500316,false,ארטיזנל לחם כוסמין לבן אנג'ל 750 גרם,מאפיית שלמה א. אנג'ל,IL,לחם כוסמין לבן,גרמים,400.00,100 גרם,false,1,17.90,4.48,true,1,
7290018500361,false,"לחם שחור פרוס 900 גרם ""אנג'ל"" -מוצר בפיקוח",מאפיית שלמה א. אנג'\ל בע,IL,לחם אחיד פרוס,גרמים,900.00,100 גרם,false,1,8.50,0.94,true,1,
7290018507438,false,נתחי חזה עוף בציפוי פריך בטעם קלאסי 600,תנובה גליל שותפות מוגבלת,IL,שניצים נתחי חזה,גרמים,600.00,100 גרם,false,1,42.90,7.15,true,1,
7290018540329,false,שקית פיתה פיתה בלדי 800 ג' אנג'ל,מאפיית שלמה א. אנג'\ל בע,IL,פיתה פיתה 8 יח,גרמים,800.00,100 גרם,false,1,13.90,1.74,true,1,
<<<<<<< HEAD
7290018540817,false,ארטיזנל לחם מחמצת כוסמין אנג'ל 500 גרם,מאפיית אורנים,IL,לחם מחמצת כוסמין,גרמים,500.00,100 גרם,false,1,19.90,3.98,true,1,
7290018540824,false,ארטיזנל לחם מחמצת כפרי אנג'ל 500 גרם,מאפיית אורנים,IL,לחם מחמצת כפרי,גרמים,500.00,100 גרם,false,1,18.90,3.78,true,1,
7290018540831,false,ארטיזנל לחם מחמצת חיטה מלאה ודגנים אנג'ל 500 גרם,מאפיית אורנים,IL,לחם מחמצת,גרמים,500.00,100 גרם,false,1,18.90,3.78,true,1,
7290018652657,false,נסטלה מאגדת מניוגו לייט 312 גרם,גלידות נסטלה,IL,מאגדת מנגו-יוגור,גרמים,312.00,100 גרם,false,1,29.90,9.58,true,1,
7290018652671,false,"לה קרמריה שוקולד וניל 1.4 ליטר [תו אי""ל]",גלידות נסטלה,IL,לה קרמריה שוקו ו,ליטרים,1.40,ליטר,false,1,21.90,15.65,true,1,
7290018652886,false,שלגונים בשומן צמחי בטעמי שוקו ובננה מצופים צימקאו,גלידות נסטלה,IL,מאגדת שוקו בננה,גרמים,476.00,100 גרם,false,1,31.90,6.70,true,1,
7290018652909,false,מאגדת מאגנום קפה שוקולד ופקאן 5 *43 ג' נסטלה,גלידות נסטלה,IL,מאגדת קפה שוקולד,גרמים,215.00,100 גרם,false,1,29.90,13.91,true,1,
7290018652923,false,פרוייקט סער-תות עוגת גבינה נסטלה 5*43 גרם,גלידות נסטלה,IL,מאגדת מסקרפונה,גרמים,215.00,100 גרם,false,1,29.90,13.91,true,1,
7290018703496,false,פראוד - חטיף חלבון בטעם בננה טופי 60 גרם,פראוד PROUD,NL,חטיף חלבון,גרמים,60.00,100 גרם,false,1,13.90,23.17,true,1,
7290018732007,false,אבוקדו האס ארוז יחידה,גרנות,,אבוקדו האס ארוז,יחידה,1.00,יחידה,false,0,12.90,12.90,true,1,
=======
7290018540817,false,ארטיזנל לחם מחמצת כוסמין אנג'ל 500 גרם,שלמה א. אנג`ל בעמ,IL,לחם מחמצת כוסמין,גרמים,500.00,100 גרם,false,1,19.90,3.98,true,1,
7290018540824,false,ארטיזנל לחם מחמצת כפרי אנג'ל 500 גרם,שלמה א. אנג`ל בעמ,IL,לחם מחמצת כפרי,גרמים,500.00,100 גרם,false,1,18.90,3.78,true,1,
7290018540831,false,ארטיזנל לחם מחמצת חיטה מלאה ודגנים אנג'ל 500 גרם,שלמה א. אנג`ל בעמ,IL,לחם מחמצת,גרמים,500.00,100 גרם,false,1,18.90,3.78,true,1,
7290018652657,false,נסטלה מאגדת מניוגו לייט 312 גרם,נגה גלידות שותפות מוגבלת,IL,מאגדת מנגו-יוגור,גרמים,312.00,100 גרם,false,1,29.90,9.58,true,1,
7290018652671,false,"לה קרמריה שוקולד וניל 1.4 ליטר [תו אי""ל]",נגה גלידות שותפות מוגבלת,IL,לה קרמריה שוקו ו,ליטרים,1.40,ליטר,false,1,21.90,15.65,true,1,
7290018652886,false,שלגונים בשומן צמחי בטעמי שוקו ובננה מצופים צימקאו,נגה גלידות שותפות מוגבלת,IL,מאגדת שוקו בננה,גרמים,476.00,100 גרם,false,1,31.90,6.70,true,1,
7290018652909,false,מאגדת מאגנום קפה שוקולד ופקאן 5 *43 ג' נסטלה,נגה גלידות שותפות מוגבלת,IL,מאגדת קפה שוקולד,גרמים,215.00,100 גרם,false,1,29.90,13.91,true,1,
7290018652923,false,פרוייקט סער-תות עוגת גבינה נסטלה 5*43 גרם,נגה גלידות שותפות מוגבלת,IL,מאגדת מסקרפונה,גרמים,215.00,100 גרם,false,1,29.90,13.91,true,1,
7290018703496,false,פראוד - חטיף חלבון בטעם בננה טופי 60 גרם,דיפלומט מפיצים (1968) בעמ**,NL,חטיף חלבון,גרמים,60.00,100 גרם,false,1,13.90,23.17,true,1,
7290018732007,false,אבוקדו האס ארוז יחידה,ביכורי השדה צפון 1994 ג.ד. בעמ,,אבוקדו האס ארוז,יחידה,1.00,יחידה,false,0,12.90,12.90,true,1,
>>>>>>> d048ac2f4f281c9d788043ab4e81b61b0dbe3743
7290018757505,false,סודה לשתייה ללא אלומיניום 600 גרם,אשבל בעמ,IL,סודה לשתיה,גרמים,600.00,100 גרם,false,1,20.90,3.48,true,1,
7290018792841,false,אבקת קקאו טבעי 150 גר` גאנה,תה ויסוצקי (ישראל) בעמ,IL,אבקת קקאו טבעי,גרמים,150.00,100 גרם,false,1,10.90,7.27,true,1,
7290018795842,false,שיני שום קלופות 500ג מרינה,קונס`-מרינה פטריות הגליל בעמ*ש,IL,שיני שום קלופות,גרמים,500.00,100 גרם,false,1,18.90,3.78,true,1,
7290018825020,false,תפוא לבן לאפייה דוד משה גורמה,תוצרת הנגב אגודה שיתופית חקלאי,IL,"תפו""א לבן גורמה",קילוגרמים,0.00,"ק""ג",true,1,7.90,7.90,true,1,
7290018825815,false,תפוח אדמהלבן בייבי גורמה,חבל מעון,IL,"תפו""א בייבי גורמ",קילוגרמים,0.00,"ק""ג",true,1,7.90,7.90,true,1,
7290018857748,false,שקד לבן אורגני 300 גרם,,IL,שקד לבן אורגני,גרמים,300.00,100 גרם,false,1,43.90,14.63,true,1,
<<<<<<< HEAD
7290018893500,false,צ'וקטה עוגיות סנדביץ שוקו 180 גרם חלב נכרי,צ'וקטה Chocketa,ES,עוגיות סנדביץ,גרמים,180.00,100 גרם,false,1,5.90,3.28,true,1,
7290018893708,false,עוגיות סנדוויץ' במילוי קרם בטעם שוקולד,צ'וקטה Chocketa,ES,עוגיות סנדביץ,גרמים,250.00,100 גרם,false,1,7.60,3.04,true,1,
7290018893852,false,חטיפי בייגלה דקיקים ופריכים שומשום צ'וקטה 200 ג',צ'וקטה Chocketa,RO,בייגלה עם שומשום,גרמים,200.00,100 גרם,false,1,7.50,3.75,true,1,
7290018893906,false,עוגיות סנדוויץ' במילוי קרם בטעם וניל,צ'וקטה Chocketa,ES,עוגיות סנדביץ,גרמים,250.00,100 גרם,false,1,7.60,3.04,true,1,
7290018921067,false,"ד""ר פישר - אפקטיב קר תחליב רחצה שמן שקדים 700 מ""ל",פישר מעבדות פרמצבטיות בע,IL,תחליב רחצה שקדים,מיליליטרים,700.00,"100 מ""ל",false,1,14.90,2.13,true,1,
7290018921265,false,"תחליב רחצה מועשר בתמצית אלוורה 700 מ""ל אפקטיב קר",פישר מעבדות פרמצבטיות בע,IL,תחליב רחצ.אלוורה,מיליליטרים,700.00,"100 מ""ל",false,1,14.90,2.13,true,1,
7290018921456,false,"ד""ר פישר - אפקטיב קר תחליב רחצה שמן כותנה 700 מ""ל",פישר מעבדות פרמצבטיות בע,IL,תחליב רחצה כותנה,מיליליטרים,700.00,"100 מ""ל",false,1,14.90,2.13,true,1,
7290018925065,false,מיץ פרימור תפוזים סחוט 2 ליטר-,"גניר (1992) בע""מ",IL,מיץ תפוזים סחוט,ליטרים,2.00,ליטר,false,1,27.90,13.95,true,1,
7290018925072,false,משקה קל לימונים ונענע 2 ל פרימור,"גניר (1992) בע""מ",IL,משקה קל לימונים,ליטרים,2.00,ליטר,false,1,27.90,13.95,true,1,
7290018925089,false,"מיץ פרימור תפו""ע צלול סחוט 2 ליטר-","גניר (1992) בע""מ",IL,מיץ תפוחי עץ,ליטרים,2.00,ליטר,false,1,27.90,13.95,true,1,
7290018949009,false,גרופר משקה קל מוגז אורגני תפוזזה 330 מ,מיקס קווידזון,PL,משקה קל מוגז,מיליליטרים,330.00,"100 מ""ל",false,1,10.50,3.18,true,1,
7290018949016,false,"גרופר משקה קל מוגז אורגני תפוחחה 330 מ""",מיקס קווידזון,PL,משקה קל מוגז,מיליליטרים,330.00,"100 מ""ל",false,1,10.50,3.18,true,1,
7290018949023,false,"גרופר משקה קל מוגז אורגני לימוננ 330 מ""ל",מיקס קווידזון,PL,משקה מוגז לימון,מיליליטרים,330.00,"100 מ""ל",false,1,10.50,3.18,true,1,
7290018989128,false,סירופ בטעם ענבים יכין 1 ליטר,"זנלכל בע""\מ",IL,סירופ בטעם ענבים,ליטרים,1.00,ליטר,false,1,21.90,21.90,true,1,
7290018989135,false,סירופ בטעם פטל יכין 1 ליטר,"זנלכל בע""\מ",IL,סירופ בטעם פטל,ליטרים,1.00,ליטר,false,1,21.90,21.90,true,1,
=======
7290018893500,false,צ'וקטה עוגיות סנדביץ שוקו 180 גרם חלב נכרי,ש.שסטוביץ בעמ,ES,עוגיות סנדביץ,גרמים,180.00,100 גרם,false,1,5.90,3.28,true,1,
7290018893708,false,עוגיות סנדוויץ' במילוי קרם בטעם שוקולד,ש.שסטוביץ בעמ,ES,עוגיות סנדביץ,גרמים,250.00,100 גרם,false,1,7.60,3.04,true,1,
7290018893852,false,חטיפי בייגלה דקיקים ופריכים שומשום צ'וקטה 200 ג',ש.שסטוביץ בעמ,RO,בייגלה עם שומשום,גרמים,200.00,100 גרם,false,1,7.50,3.75,true,1,
7290018893906,false,עוגיות סנדוויץ' במילוי קרם בטעם וניל,ש.שסטוביץ בעמ,ES,עוגיות סנדביץ,גרמים,250.00,100 גרם,false,1,7.60,3.04,true,1,
7290018921067,false,"ד""ר פישר - אפקטיב קר תחליב רחצה שמן שקדים 700 מ""ל","פישר תעשיות פרמצביטות בע""מ",IL,תחליב רחצה שקדים,מיליליטרים,700.00,"100 מ""ל",false,1,14.90,2.13,true,1,
7290018921265,false,"תחליב רחצה מועשר בתמצית אלוורה 700 מ""ל אפקטיב קר","פישר תעשיות פרמצבטיות בע""מ",IL,תחליב רחצ.אלוורה,מיליליטרים,700.00,"100 מ""ל",false,1,14.90,2.13,true,1,
7290018921456,false,"ד""ר פישר - אפקטיב קר תחליב רחצה שמן כותנה 700 מ""ל","פישר תעשיות פרמבצטיות בע""מ",IL,תחליב רחצה כותנה,מיליליטרים,700.00,"100 מ""ל",false,1,14.90,2.13,true,1,
7290018925065,false,מיץ תפוזים סחוט פרימור (2 ליטר),שטראוס גרופ בעמ/מצונן,IL,מיץ תפוזים סחוט,ליטרים,2.00,ליטר,false,1,27.90,13.95,true,1,
7290018925072,false,פרימור טרי מיץ לימונים עם נענע 2 ליטר,שטראוס גרופ בעמ/מצונן,IL,משקה קל לימונים,ליטרים,2.00,ליטר,false,1,27.90,13.95,true,1,
7290018925089,false,"מיץ פרימור תפו""ע צלול סחוט 2 ליטר-",שטראוס גרופ בעמ/מצונן,IL,מיץ תפוחי עץ,ליטרים,2.00,ליטר,false,1,27.90,13.95,true,1,
7290018949009,false,גרופר משקה קל מוגז אורגני תפוזזה 330 מל,טחנת האבן קואופ בעמ,PL,משקה קל מוגז,מיליליטרים,330.00,"100 מ""ל",false,1,10.50,3.18,true,1,
7290018949016,false,גרופר משקה קל מוגז אורגני תפוחוחה 330 מל,טחנת האבן קואופ בעמ,PL,משקה קל מוגז,מיליליטרים,330.00,"100 מ""ל",false,1,10.50,3.18,true,1,
7290018949023,false,גרופר משקה קל מוגז אורגני לימוננדה 330 מ,טחנת האבן קואופ בעמ,PL,משקה מוגז לימון,מיליליטרים,330.00,"100 מ""ל",false,1,10.50,3.18,true,1,
7290018989128,false,סירופ בטעם ענבים יכין 1 ליטר,זנלכול יכין,IL,סירופ בטעם ענבים,ליטרים,1.00,ליטר,false,1,21.90,21.90,true,1,
7290018989135,false,סירופ בטעם פטל יכין 1 ליטר,זנלכול יכין,IL,סירופ בטעם פטל,ליטרים,1.00,ליטר,false,1,21.90,21.90,true,1,
>>>>>>> d048ac2f4f281c9d788043ab4e81b61b0dbe3743
7290019014621,false,"מרכך כביסה לגונה 900 מ""ל",סאסא טק,IL,מרכך כביסה לגונה,מיליליטרים,900.00,"100 מ""ל",false,1,19.90,2.21,true,1,
7290019014638,false,מרכך כביסה פרש וויט 900,סאסא טק,IL,מרכך כביסה פרש,מיליליטרים,900.00,"100 מ""ל",false,1,19.90,2.21,true,1,
7290019014645,false,"מסיר כתמים טנקס 500 מ""ל",סאסא טק,IL,מסיר כתמים TNX,מיליליטרים,500.00,"100 מ""ל",false,1,24.90,4.98,true,1,
7290019014669,false,ג'ל לכביסה צבעונית 1.35ל,סאסא טק,IL,ג'ל לכביסה ירוק,ליטרים,1.35,ליטר,false,1,29.90,22.15,true,1,
7290019014690,false,נוזל רצפות פלאוור 1.35 ל,סאסא טק,IL,נוזל לרצפות,ליטרים,1.35,ליטר,false,1,24.90,18.44,true,1,
7290019014706,false,נוזל רצפות פרש וויט1.35ל,סאסא טק,IL,נוזל רצפות פרש,ליטרים,1.35,ליטר,false,1,24.90,18.44,true,1,
7290019014751,false,ניקוי כלים24% פלאוור750מ,סאסא טק,IL,ניקוי כלים 24%,מיליליטרים,750.00,"100 מ""ל",false,1,14.90,1.99,true,1,
7290019014768,false,"ניקוי כלים 24% 750מ""ל",סאסא טק,IL,ניקוי כלים 24%,מיליליטרים,750.00,"100 מ""ל",false,1,14.90,1.99,true,1,
7290019014782,false,מרסס אקונומיקה לבנדר750מ,סאסא טק,IL,מרסס אקונומיקה,מיליליטרים,750.00,"100 מ""ל",false,1,16.90,2.25,true,1,
7290019014898,false,רדיד אלומיניום 30 מטר רו,,IL,רדיד אלומיניום,מטרים,30.00,מטר,false,1,39.90,1.33,true,1,
7290019014904,false,ניילון נצמד 150/45 מטר,,CN,ניילון נצמד,מטרים,150.00,מטר,false,1,41.90,0.28,true,1,
7290019014911,false,נייר אפייה בגליל 20 מטר,,IL,נייר אפייה TNX,מטרים,20.00,מטר,false,1,24.90,1.25,true,1,
7290019014935,false,תבנית אלומיניום עבה רוסט,,IL,תבנית אלומינום ר,יחידה,1.00,יחידה,false,1,14.90,14.90,true,1,
7290019014959,false,תבנית אלומיניום עבה דגם,,IL,תבנית אלומינום ל,יחידה,1.00,יחידה,false,1,14.90,14.90,true,1,
7290019014966,false,תבנית אלומיניום עבה חלה,,IL,תבנית אלומינום ל,יחידה,1.00,יחידה,false,1,14.90,14.90,true,1,
7290019014973,false,מבשם בדים בייבי לאב500מ,סאסא טק,IL,מבשם בדים בייבי,מיליליטרים,500.00,"100 מ""ל",false,1,19.90,3.98,true,1,
7290019031741,false,"סוכר לבן 1 ק""ג",פולסקי,PL,סוכר לבן,קילוגרמים,1.00,"ק""ג",false,1,4.90,4.90,true,1,
<<<<<<< HEAD
7290019056027,false,שוופס מוגז פירות תפוחים ללא סוכר 1.5 ליטר פיקדון,"יפאורה תבורי בע""\מ",IL,שוופס ללא סוכ,ליטרים,1.50,ליטר,false,0,8.90,5.93,true,1,
7290019056034,false,שוופס מוגז פירות אננס ללא סוכר 1.5 ליטר פיקדון,"יפאורה תבורי בע""מ",IL,שוופס אננס,ליטרים,1.50,ליטר,false,0,8.90,5.93,true,1,
7290019056041,false,שוופס מוגז פירות לימונייד ללא סוכר 1.5 ליטר פיקדון,"יפאורה תבורי בע""מ",IL,שוופס למונייד,ליטרים,1.50,ליטר,false,0,8.90,5.93,true,1,
7290019056058,false,שוופס מוגז עדין תפוח ליים 1.5 ליטר פיקדון,"יפאורה תבורי בע""\מ",IL,שוופס מוגז תפוח,ליטרים,1.50,ליטר,false,0,8.90,5.93,true,1,
7290019056065,false,שוופס מוגז עדין פירות יער 1.5 ליטר פיקדון,"יפאורה תבורי בע""\מ",IL,שוופס מוגז,ליטרים,1.50,ליטר,false,0,8.90,5.93,true,1,
7290019056089,false,שוופס מוגז עדין ענבי ריזלינג 1.5 ליטר פיקדון,"יפאורה תבורי בע""\מ",IL,שוופס מוגז,ליטרים,1.50,ליטר,false,0,8.90,5.93,true,1,
7290019056096,false,שוופס מוגז עדין אפרסק 1.5 ליטר פיקדון,"יפאורה תבורי בע""\מ",IL,שוופס אפרסק,ליטרים,1.50,ליטר,false,0,8.90,5.93,true,1,
7290019056119,false,שוופס סודה 1.5 ליטר פיקדון,"יפאורה תבורי בע""\מ",IL,שוופס מי סודה,ליטרים,1.50,ליטר,false,0,4.40,2.93,true,1,
7290019056164,false,שוופס סודה 1.5 ליטר רביעייה פיקדון,"יפאורה תבורי בע""\מ",IL,שוופס סודה1.5*4ל,ליטרים,6.00,ליטר,false,0,13.10,2.18,true,1,
7290019056188,false,שוופס סודה נענע ליים 1.5 ליטר רביעייה פיקדון,"יפאורה תבורי בע""\מ",IL,שוופס סודה1.5*4ל,ליטרים,6.00,ליטר,false,0,13.10,2.18,true,1,
7290019056232,false,משקה מוגז בטעם ליים מוחיטו 1.5 ל' שוופס,"יפאורה תבורי בע""\מ",IL,שוופס ליים מו,ליטרים,1.50,ליטר,false,0,9.50,6.33,true,1,
7290019056249,false,שוופס מים בטעמים ענבים 1.5 ליטר פיקדון,מיוצר עי קונדיטוריית,IL,מים בטעם ענבי,ליטרים,1.50,ליטר,false,0,9.00,6.00,true,1,
7290019056256,false,שוופס מים בטעמים תפוחים 1.5 ליטר פיקדון,מיוצר עי קונדיטוריית,IL,שוופס מים תפו,ליטרים,1.50,ליטר,false,0,9.00,6.00,true,1,
7290019056263,false,שוופס מים בטעמים אפרסק 1.5 ליטר פיקדון,מיוצר עי קונדיטוריית,IL,שוופס מים אפר,ליטרים,1.50,ליטר,false,0,9.00,6.00,true,1,
7290019056270,false,שוופס מים בטעמים פירות יער 1.5 ליטר פיקדון,"יפאורה תבורי בע""\מ",IL,מים פירות יער,ליטרים,1.50,ליטר,false,0,9.00,6.00,true,1,
7290019056294,false,שוופס ג'ינג'ר אייל 1.5 ליטר פיקדון,"יפאורה תבורי בע""\מ",IL,שוופס ג'ינג'ר,ליטרים,1.50,ליטר,false,0,12.70,8.47,true,1,
7290019056300,false,משקה בטעם ביטר לימון 1.5 ל' שוויפס,"יפאורה תבורי בע""\מ",IL,שוופס ביטר לי,ליטרים,1.50,ליטר,false,0,12.70,8.47,true,1,
7290019056317,false,שוופס ראשן 1.5 ליטר פיקדון,"יפאורה תבורי בע""\מ",IL,שוופס ראש'ן,ליטרים,1.50,ליטר,false,0,12.70,8.47,true,1,
7290019056324,false,שוופס טוניק 1.5 ליטר פיקדון,"יפאורה תבורי בע""\מ",IL,שוופס מי טוני,ליטרים,1.50,ליטר,false,0,12.70,8.47,true,1,
7290019056331,false,שוופס טוניק ללא סוכר 1.5 ליטר פיקדון,מיוצר עי קונדיטוריית,IL,מי טוניק ל.סו,ליטרים,1.50,ליטר,false,0,11.90,7.93,true,1,
7290019056355,false,תפוזינה לימונדה MIX לימונענע 1.5 ליטר,"יפאורה תבורי בע""\מ",IL,תפוזינה לימונ,ליטרים,1.50,ליטר,false,0,9.30,6.20,true,1,
7290019056362,false,תפוזינה ענבים 1.5 ליטר פיקדון,"יפאורה תבורי בע""\מ",IL,תפוזינה ענבים,ליטרים,1.50,ליטר,false,0,9.30,6.20,true,1,
7290019056379,false,תפוזינה תפוזים 1.5 ליטר פיקדון,"יפאורה תבורי בע""\מ",IL,תפוזינה תפוזי,ליטרים,1.50,ליטר,false,0,9.30,6.20,true,1,
7290019056393,false,תפוזינה תות בננה 1.5 ליטר פיקדון,"יפאורה תבורי בע""\מ",IL,תפוזינה תות ב,ליטרים,1.50,ליטר,false,0,9.30,6.20,true,1,
7290019056409,false,תפוזינה מנגו 1.5 ליטר פיקדון,"יפאורה תבורי בע""\מ",IL,תפוזינה מנגו,ליטרים,1.50,ליטר,false,0,9.30,6.20,true,1,
7290019056430,false,תפוזינה תפוזים לייט 1.5 ליטר פיקדון,"יפאורה תבורי בע""\מ",IL,תפוזינה לייט,ליטרים,1.50,ליטר,false,0,8.90,5.93,true,1,
7290019056478,false,ספרינג טי קר אפרסק 1.5ליטר פיקדון,"יפאורה תבורי בע""\מ",IL,ספרינג תה אפר,ליטרים,1.50,ליטר,false,0,8.90,5.93,true,1,
7290019056485,false,ספריג תה ירוק לימון לואיזה 1.5 ליטר פיקדון,"יפאורה תבורי בע""\מ",IL,תה ספרינג ירו,ליטרים,1.50,ליטר,false,0,8.90,5.93,true,1,
7290019056508,false,פרוט ווטר ענבים 1.5 ליטר פיקדון,"יפאורה תבורי בע""\מ",IL,פרוט ווטר ענב,ליטרים,1.50,ליטר,false,0,9.30,6.20,true,1,
7290019056515,false,פרוט ווטר אננס 1.5 ליטר פיקדון,"יפאורה תבורי בע""\מ",IL,פרוט ווטר אננ,ליטרים,1.50,ליטר,false,0,9.30,6.20,true,1,
7290019056539,false,פרוט ווטר אפרסק 1.5 ליטר פיקדון,"יפאורה תבורי בע""\מ",IL,פרוט ווטר אפר,ליטרים,1.50,ליטר,false,0,9.30,6.20,true,1,
7290019056546,false,פרוט ווטר אבטיח 1.5 ליטר פיקדון,"יפאורה תבורי בע""\מ",IL,פרוט ווטר אבט,ליטרים,1.50,ליטר,false,0,9.30,6.20,true,1,
7290019056553,false,שישיית מים מינרלים עין גדי 2 ליטר,עין גדי מים מינרליים,IL,מים עין גדי2*6ל,ליטרים,12.00,ליטר,false,0,13.80,1.15,true,1,
7290019056560,false,עין גדי 2 ליטר בק' בודד פיקדון,עין גדי מיים מינרלים,IL,מים מינרלים,ליטרים,2.00,ליטר,false,0,3.80,1.90,true,1,
7290019056577,false,משקה קל מנגו ספרינג 1.5 ליטר,"יפאורה תבורי בע""\מ",IL,ספרינג מנגו,ליטרים,1.50,ליטר,false,0,9.20,6.13,true,1,
7290019056584,false,משקה קל תפוזים ספרינג 1.5 ליטר,"יפאורה תבורי בע""\מ",IL,ספרינג תפוזים,ליטרים,1.50,ליטר,false,0,9.20,6.13,true,1,
7290019056591,false,משקה קל ענבים ספרינג 1.5 ליטר,"יפאורה תבורי בע""\מ",IL,ספרינג ענבים,ליטרים,1.50,ליטר,false,0,9.20,6.13,true,1,
7290019056621,false,משקה קל פירות טרופיים ספרינג 1.5 ליטר,"יפאורה תבורי בע""\מ",IL,משקה ספרינג,ליטרים,1.50,ליטר,false,0,9.20,6.13,true,1,
7290019056638,false,משקה קל תות בננה ספרינג 1.5 ליטר,"יפאורה תבורי בע""\מ",IL,ספרינג תות בנ,ליטרים,1.50,ליטר,false,0,9.20,6.13,true,1,
7290019056645,false,משקה קל אגס תפוח סברס ספרינג 1.5 ליטר,"יפאורה תבורי בע""\מ",IL,משקה ספרינג,ליטרים,1.50,ליטר,false,0,9.20,6.13,true,1,
7290019056652,false,משקה קל אננס בננה ספרינג 1.5 ליטר,"יפאורה תבורי בע""\מ",IL,ספרינג אננס ב,ליטרים,1.50,ליטר,false,0,9.20,6.13,true,1,
7290019056669,false,משקה קל תפוחים דיאט ספרינג 1.5 ליטר,"יפאורה תבורי בע""\מ",IL,ספרינג תפוח ל,ליטרים,1.50,ליטר,false,0,8.60,5.73,true,1,
7290019056676,false,משקה קל אשכולית אננס דיאט ספרינג 1.5 ליטר,"יפאורה תבורי בע""\מ",IL,ספרינג לייט,ליטרים,1.50,ליטר,false,0,8.60,5.73,true,1,
7290019056959,false,מי עדן 1.5 ליטר בק' בודד פיקדון,"מופק ממקור בזלתי עדן ,1",IL,מי עדן 1.5 לי,ליטרים,1.50,ליטר,false,0,5.20,3.47,true,1,
7290019056973,false,שישיית מי עדן 1.5 ליטר משפחתי,"מופק ממקור בזלתי עדן ,1",IL,מי עדן 1.5*6ל,ליטרים,9.00,ליטר,false,0,14.90,1.66,true,1,
7290019078784,false,אבקת קקאו אורגנית 400 גרם,"אלמונדס בע""מ",PE,אבקת קקאו אורגני,גרמים,400.00,100 גרם,false,1,32.90,8.23,true,1,
7290019153078,false,"שוופס ביטר למון לייט, 1.5 ליטר פקדון","יפאורה תבורי בע""\מ",IL,שוופס ביטר למון,ליטרים,1.50,ליטר,false,1,11.90,7.93,true,1,
7290019153085,false,שוופס מוגז ליים מוחיטו ללא סוכר 1.5 ליטר-,"יפאורה תבורי בע""\מ",IL,שוופס מוחיטו ללס,ליטרים,1.50,ליטר,false,1,9.20,6.13,true,1,
7290019153313,false,"משקהתפוח חמוציות אוכמניות 350 מ""ל פרות & ווג",יפאורה תבורי בעמ,IL,משקה פרוט&וג',מיליליטרים,350.00,"100 מ""ל",false,1,8.60,2.46,true,1,
7290019153351,false,מיץ בטעם פינק אוזו 1.5 ל' תפוזינה,"יפאורה תבורי בע""\מ",IL,תפוזינה פינק,ליטרים,1.50,ליטר,false,1,9.30,6.20,true,1,
7290019153375,false,מיץ בטעם מוחיטו 1.5 ל' תפוזינה,"יפאורה תבורי בע""\מ",IL,תפוזינה מוחיטו,ליטרים,1.50,ליטר,false,1,9.30,6.20,true,1,
7290019204206,false,עוף טוב פסטרמה בסגנון רומני 320 גרם,עיצובים 2020 (4.9),IL,פסטרמה בסגנון ר,גרמים,320.00,100 גרם,false,1,26.90,8.40,true,1,
7290019204305,false,חזה הודו פסטרמה ברביקיו 350 גר',עיצובים 2020 (4.9),IL,פסטרמה ברביקיו,גרמים,350.00,100 גרם,false,1,26.90,7.68,true,1,
7290019232162,false,"חליטת ""לילה טוב"" קמומיל מליסה 25 שקיקים ויסוצקי",תה ויסוצקי,IL,חליטת קמומיל,גרמים,50.00,100 גרם,false,1,24.90,49.80,true,1,
7290019232186,false,תה ירוק לימונית לואיזהSTAY WELL 25 שקיקים ויסוצקי,תה ויסוצקי,IL,תה ירוק לימונית,גרמים,37.00,100 גרם,false,1,24.90,67.30,true,1,
7290019232193,false,תה ירוק לימונית ג'ינג'ר STAY WELL שקיקים 25 ויסוצקי,תה ויסוצקי,IL,תה ירוק לימונית,גרמים,37.00,100 גרם,false,1,24.90,67.30,true,1,
=======
7290019056027,false,שוופס מוגז פירות תפוחים ללא סוכר 1.5 ליטר פיקדון,יפאורה - שותפות מוגבלת לשיווק,IL,שוופס ללא סוכ,ליטרים,1.50,ליטר,false,0,8.90,5.93,true,1,
7290019056034,false,שוופס מוגז פירות אננס ללא סוכר 1.5 ליטר פיקדון,יפאורה - שותפות מוגבלת לשיווק,IL,שוופס אננס,ליטרים,1.50,ליטר,false,0,8.90,5.93,true,1,
7290019056041,false,שוופס מוגז פירות לימונייד ללא סוכר 1.5 ליטר פיקדון,יפאורה - שותפות מוגבלת לשיווק,IL,שוופס למונייד,ליטרים,1.50,ליטר,false,0,8.90,5.93,true,1,
7290019056058,false,שוופס מוגז עדין תפוח ליים 1.5 ליטר פיקדון,יפאורה - שותפות מוגבלת לשיווק,IL,שוופס מוגז תפוח,ליטרים,1.50,ליטר,false,0,8.90,5.93,true,1,
7290019056065,false,שוופס מוגז עדין פירות יער 1.5 ליטר פיקדון,יפאורה - שותפות מוגבלת לשיווק,IL,שוופס מוגז,ליטרים,1.50,ליטר,false,0,8.90,5.93,true,1,
7290019056089,false,שוופס מוגז עדין ענבי ריזלינג 1.5 ליטר פיקדון,יפאורה - שותפות מוגבלת לשיווק,IL,שוופס מוגז,ליטרים,1.50,ליטר,false,0,8.90,5.93,true,1,
7290019056096,false,שוופס מוגז עדין אפרסק 1.5 ליטר פיקדון,יפאורה - שותפות מוגבלת לשיווק,IL,שוופס אפרסק,ליטרים,1.50,ליטר,false,0,8.90,5.93,true,1,
7290019056119,false,שוופס סודה 1.5 ליטר פיקדון,יפאורה שותפות מוגבלת לשיווק,IL,שוופס מי סודה,ליטרים,1.50,ליטר,false,0,4.40,2.93,true,1,
7290019056164,false,שוופס סודה 1.5 ליטר רביעייה פיקדון,יפאורה - שותפות מוגבלת לשיווק,IL,שוופס סודה1.5*4ל,ליטרים,6.00,ליטר,false,0,13.10,2.18,true,1,
7290019056188,false,שוופס סודה נענע ליים 1.5 ליטר רביעייה פיקדון,יפאורה - שותפות מוגבלת לשיווק,IL,שוופס סודה1.5*4ל,ליטרים,6.00,ליטר,false,0,13.10,2.18,true,1,
7290019056232,false,משקה מוגז בטעם ליים מוחיטו 1.5 ל' שוופס,יפאורה - שותפות מוגבלת לשיווק,IL,שוופס ליים מו,ליטרים,1.50,ליטר,false,0,9.50,6.33,true,1,
7290019056249,false,שוופס מים בטעמים ענבים 1.5 ליטר פיקדון,יפאורה - שותפות מוגבלת לשיווק,IL,מים בטעם ענבי,ליטרים,1.50,ליטר,false,0,9.00,6.00,true,1,
7290019056256,false,שוופס מים בטעמים תפוחים 1.5 ליטר פיקדון,יפאורה - שותפות מוגבלת לשיווק,IL,שוופס מים תפו,ליטרים,1.50,ליטר,false,0,9.00,6.00,true,1,
7290019056263,false,שוופס מים בטעמים אפרסק 1.5 ליטר פיקדון,יפאורה - שותפות מוגבלת לשיווק,IL,שוופס מים אפר,ליטרים,1.50,ליטר,false,0,9.00,6.00,true,1,
7290019056270,false,שוופס מים בטעמים פירות יער 1.5 ליטר פיקדון,יפאורה - שותפות מוגבלת לשיווק,IL,מים פירות יער,ליטרים,1.50,ליטר,false,0,9.00,6.00,true,1,
7290019056294,false,שוופס ג`ינג`ר אייל 1.5 ליטר פיקדון,יפאורה - שותפות מוגבלת לשיווק,IL,שוופס ג'ינג'ר,ליטרים,1.50,ליטר,false,0,12.70,8.47,true,1,
7290019056300,false,משקה בטעם ביטר לימון 1.5 ל' שוויפס,יפאורה - שותפות מוגבלת לשיווק,IL,שוופס ביטר לי,ליטרים,1.50,ליטר,false,0,12.70,8.47,true,1,
7290019056317,false,שוופס ראשן 1.5 ליטר פיקדון,יפאורה - שותפות מוגבלת לשיווק,IL,שוופס ראש'ן,ליטרים,1.50,ליטר,false,0,12.70,8.47,true,1,
7290019056324,false,שוופס טוניק 1.5 ליטר פיקדון,יפאורה - שותפות מוגבלת לשיווק,IL,שוופס מי טוני,ליטרים,1.50,ליטר,false,0,12.70,8.47,true,1,
7290019056331,false,שוופס טוניק ללא סוכר 1.5 ליטר פיקדון,יפאורה - שותפות מוגבלת לשיווק,IL,מי טוניק ל.סו,ליטרים,1.50,ליטר,false,0,11.90,7.93,true,1,
7290019056355,false,תפוזינה לימונדה מיקס לימונענע 1.5 ליטר,יפאורה - שותפות מוגבלת לשיווק,IL,תפוזינה לימונ,ליטרים,1.50,ליטר,false,0,9.30,6.20,true,1,
7290019056362,false,תפוזינה משקה קל ענבים 1.5 ליטר,יפאורה - שותפות מוגבלת לשיווק,IL,תפוזינה ענבים,ליטרים,1.50,ליטר,false,0,9.30,6.20,true,1,
7290019056379,false,משקה קל תפוזינה 1.5 ליטר תפוזים,יפאורה - שותפות מוגבלת לשיווק,IL,תפוזינה תפוזי,ליטרים,1.50,ליטר,false,0,9.30,6.20,true,1,
7290019056393,false,משקה קל תפוזינה 1.5 ליטר תות בננה,יפאורה - שותפות מוגבלת לשיווק,IL,תפוזינה תות ב,ליטרים,1.50,ליטר,false,0,9.30,6.20,true,1,
7290019056409,false,תפוזינה משקה קל מנגו עסיסי1.5ליטר,יפאורה - שותפות מוגבלת לשיווק,IL,תפוזינה מנגו,ליטרים,1.50,ליטר,false,0,9.30,6.20,true,1,
7290019056430,false,משקה קל תפוזינה 1.5 ליטר תפוזים לייט,יפאורה - שותפות מוגבלת לשיווק,IL,תפוזינה לייט,ליטרים,1.50,ליטר,false,0,8.90,5.93,true,1,
7290019056478,false,ספרינג טי קר אפרסק 1.5ליטר פיקדון,יפאורה - שותפות מוגבלת לשיווק,IL,ספרינג תה אפר,ליטרים,1.50,ליטר,false,0,8.90,5.93,true,1,
7290019056485,false,ספריג תה ירוק לימון לואיזה 1.5 ליטר פיקדון,יפאורה - שותפות מוגבלת לשיווק,IL,תה ספרינג ירו,ליטרים,1.50,ליטר,false,0,8.90,5.93,true,1,
7290019056508,false,פרוט ווטר ענבים 1.5 ליטר פיקדון,יפאורה - שותפות מוגבלת לשיווק,IL,פרוט ווטר ענב,ליטרים,1.50,ליטר,false,0,9.30,6.20,true,1,
7290019056515,false,פרוט ווטר אננס 1.5 ליטר פיקדון,יפאורה - שותפות מוגבלת לשיווק,IL,פרוט ווטר אננ,ליטרים,1.50,ליטר,false,0,9.30,6.20,true,1,
7290019056539,false,פרוט ווטר אפרסק 1.5 ליטר פיקדון,יפאורה שותפות מוגבלת לשיווק,IL,פרוט ווטר אפר,ליטרים,1.50,ליטר,false,0,9.30,6.20,true,1,
7290019056546,false,פרוט ווטר אבטיח 1.5 ליטר פיקדון,יפאורה - שותפות מוגבלת לשיווק,IL,פרוט ווטר אבט,ליטרים,1.50,ליטר,false,0,9.30,6.20,true,1,
7290019056553,false,שישיית מים מינרלים עין גדי 2 ליטר,יפאורה - שותפות מוגבלת לשיווק,IL,מים עין גדי2*6ל,ליטרים,12.00,ליטר,false,0,13.80,1.15,true,1,
7290019056560,false,עין גדי מים מינרלים בקבוק 2 ליטר,יפאורה שותפות מוגבלת לשיווק,IL,מים מינרלים,ליטרים,2.00,ליטר,false,0,3.80,1.90,true,1,
7290019056577,false,ספרינג קל מנגו 1.5 ליטר פיקדון,יפאורה - שותפות מוגבלת לשיווק,IL,ספרינג מנגו,ליטרים,1.50,ליטר,false,0,9.20,6.13,true,1,
7290019056584,false,משקה קל תפוזים ספרינג 1.5 ליטר,יפאורה - שותפות מוגבלת לשיווק,IL,ספרינג תפוזים,ליטרים,1.50,ליטר,false,0,9.20,6.13,true,1,
7290019056591,false,משקה קל ענבים ספרינג 1.5 ליטר,יפאורה - שותפות מוגבלת לשיווק,IL,ספרינג ענבים,ליטרים,1.50,ליטר,false,0,9.20,6.13,true,1,
7290019056621,false,משקה קל פירות טרופיים ספרינג 1.5 ליטר,יפאורה - שותפות מוגבלת לשיווק,IL,משקה ספרינג,ליטרים,1.50,ליטר,false,0,9.20,6.13,true,1,
7290019056638,false,משקה קל תות בננה ספרינג 1.5 ליטר,יפאורה - שותפות מוגבלת לשיווק,IL,ספרינג תות בנ,ליטרים,1.50,ליטר,false,0,9.20,6.13,true,1,
7290019056645,false,משקה קל ספרינג 1.5 ליטר אגס תפוח סברס,יפאורה - שותפות מוגבלת לשיווק,IL,משקה ספרינג,ליטרים,1.50,ליטר,false,0,9.20,6.13,true,1,
7290019056652,false,משקה קל ספרינג 1.5 ליטר אננס בננה,יפאורה - שותפות מוגבלת לשיווק,IL,ספרינג אננס ב,ליטרים,1.50,ליטר,false,0,9.20,6.13,true,1,
7290019056669,false,משקה קל תפוחים דיאט ספרינג 1.5 ליטר,יפאורה - שותפות מוגבלת לשיווק,IL,ספרינג תפוח ל,ליטרים,1.50,ליטר,false,0,8.60,5.73,true,1,
7290019056676,false,משקה קל אשכולית אננס דיאט ספרינג 1.5 ליטר,יפאורה - שותפות מוגבלת לשיווק,IL,ספרינג לייט,ליטרים,1.50,ליטר,false,0,8.60,5.73,true,1,
7290019056959,false,מי עדן בקבוק מתכווץ שקט 1.5 מ``ל,יפאורה - שותפות מוגבלת לשיווק,IL,מי עדן 1.5 לי,ליטרים,1.50,ליטר,false,0,5.20,3.47,true,1,
7290019056973,false,מי עדן שישיה בק `1.5ליטר פיקדון,יפאורה - שותפות מוגבלת לשיווק,IL,מי עדן 1.5*6ל,ליטרים,9.00,ליטר,false,0,14.90,1.66,true,1,
7290019078784,false,אבקת קקאו אורגנית 400 גרם,"אלמונדס בע""מ",PE,אבקת קקאו אורגני,גרמים,400.00,100 גרם,false,1,32.90,8.23,true,1,
7290019153078,false,שוופס ביטר למון 1.5 לייט ליטר פיקדון,יפאורה - שותפות מוגבלת לשיווק,IL,שוופס ביטר למון,ליטרים,1.50,ליטר,false,1,11.90,7.93,true,1,
7290019153085,false,שוופס מוגז ליים מוחיטו ללא סוכר 1.5 ליטר-,יפאורה - שותפות מוגבלת לשיווק,IL,שוופס מוחיטו ללס,ליטרים,1.50,ליטר,false,1,9.20,6.13,true,1,
7290019153313,false,"משקהתפוח חמוציות אוכמניות 350 מ""ל פרות & ווג",יפאורה - שותפות מוגבלת לשיווק,IL,משקה פרוט&וג',מיליליטרים,350.00,"100 מ""ל",false,1,8.60,2.46,true,1,
7290019153351,false,משקה קל תפוזינה 1.5 ליטר פינק אוזו,יפאורה - שותפות מוגבלת לשיווק,IL,תפוזינה פינק,ליטרים,1.50,ליטר,false,1,9.30,6.20,true,1,
7290019153375,false,משקה קל תפוזינה 1.5 ליטר מוחיטו,יפאורה - שותפות מוגבלת לשיווק,IL,תפוזינה מוחיטו,ליטרים,1.50,ליטר,false,1,9.30,6.20,true,1,
7290019204206,false,עוף טוב פסטרמה בסגנון רומני 320 גרם,קבוצת אוסם סחר-שות.מוגבלת,IL,פסטרמה בסגנון ר,גרמים,320.00,100 גרם,false,1,26.90,8.40,true,1,
7290019204305,false,חזה הודו פסטרמה ברביקיו 350 גר',קבוצת אוסם סחר שותפות מוגבלת,IL,פסטרמה ברביקיו,גרמים,350.00,100 גרם,false,1,26.90,7.68,true,1,
7290019232162,false,"חליטת ""לילה טוב"" קמומיל מליסה 25 שקיקים ויסוצקי",תה ויסוצקי (ישראל) בעמ,IL,חליטת קמומיל,גרמים,50.00,100 גרם,false,1,24.90,49.80,true,1,
7290019232186,false,תה ירוק לימונית לואיזהSTAY WELL 25 שקיקים ויסוצקי,תה ויסוצקי (ישראל) בעמ,IL,תה ירוק לימונית,גרמים,37.00,100 גרם,false,1,24.90,67.30,true,1,
7290019232193,false,תה ירוק לימונית ג'ינג'ר STAY WELL שקיקים 25 ויסוצקי,תה ויסוצקי (ישראל) בעמ,IL,תה ירוק לימונית,גרמים,37.00,100 גרם,false,1,24.90,67.30,true,1,
>>>>>>> d048ac2f4f281c9d788043ab4e81b61b0dbe3743
7290019232803,false,הולגריין ביסקוויט+קרם חלב ושוקולד חלב 300 גרם רבנות,"אולקר ביסקווי סנאי, א.ס.",TR,ביסקוויט עם קרם,גרמים,300.00,100 גרם,false,1,12.90,4.30,true,1,
7290019232827,false,הולגריין ביסקוויט במילוי אגוזי לוז 300 גרם רבנות,"אולקר ביסקווי סנאי, א.ס.",TR,ביסקוויט עם קרם,גרמים,300.00,100 גרם,false,1,12.90,4.30,true,1,
7290019233015,false,רוטב שקשוקה תבשיל ירקות עם שמן זית כתית מעולה 420ג זיתא,תה ויסוצקי (ישראל) בעמ,IT,רוטב לשקשוקה,גרמים,420.00,100 גרם,false,1,14.90,3.55,true,1,
7290019233039,false,רוטב עגבניות עם קוביות פלפלים ושמן זית 420ג' ויסוצקי,תה ויסוצקי (ישראל) בעמ,IT,רוטב לשקשוקה,גרמים,420.00,100 גרם,false,1,14.90,3.55,true,1,
7290019274063,false,ג'ל כביסה בייבי 1.35 ל',סאסא טק,IL,ג'ל כביסה בייבי,ליטרים,1.35,ליטר,false,1,33.90,25.11,true,1,
7290019297222,false,פולי סויה אדממה 450גרם,שקדיה,IL,פולי סויה אדממה,גרמים,450.00,100 גרם,false,0,12.90,2.87,true,1,
7290019302384,false,"למברוסקו וילה רוזה750מ""ל",ג'קובזי איי. אי פיגילי ג,IT,למברוסקו וילה,מיליליטרים,750.00,"100 מ""ל",false,1,31.90,4.25,true,1,
7290019302391,false,"למברוסקו וילה לבן 750מ""ל",,IT,למברוסקו וילה,מיליליטרים,750.00,"100 מ""ל",false,1,31.90,4.25,true,1,
<<<<<<< HEAD
7290022005562,false,קריספ פירורי לחם שום 300 גרם מיימונס,א.ל ייצור ושיווק תבל,IL,פירורי לחם קריספ,גרמים,300.00,100 גרם,false,1,7.90,2.64,true,1,
7290100249598,false,"רוטב לעוף שום ודבש קנור 320 גרם בד""צ",יוניליוור ישראל מזון בע\,IL,רוטב לעוף,גרמים,320.00,100 גרם,false,0,11.90,3.72,true,1,
7290100249659,false,"רוטב לעוף צ'ילי מתוק ושום קנור 320 גרם בד""צ",יוניליוור ישראל מזון בע\,IL,רוטב לעוף,גרמים,320.00,100 גרם,false,0,11.90,3.72,true,1,
=======
7290022005562,false,קריספ פירורי לחם שום 300 גרם מיימונס,א.ל.ייצור ושיווק תבלינים בעמ,IL,פירורי לחם קריספ,גרמים,300.00,100 גרם,false,1,7.90,2.64,true,1,
7290100249598,false,רוטב לעוף בטעם שום ודבש קנור (320 גרם),יוניליוור ישראל שיווק בע`מ,IL,רוטב לעוף,גרמים,320.00,100 גרם,false,0,11.90,3.72,true,1,
7290100249659,false,"רוטב לעוף צ'ילי מתוק ושום קנור 320 גרם בד""צ",יוניליוור ישראל שיווק בע`מ,IL,רוטב לעוף,גרמים,320.00,100 גרם,false,0,11.90,3.72,true,1,
>>>>>>> d048ac2f4f281c9d788043ab4e81b61b0dbe3743
7290100412763,false,"דר' עור תחליב רחצה קלאסי -לבנדר 700 מ""ל","אמיליה קוסמטיקס בע""מ",IL,תחליב רחצה,מיליליטרים,700.00,"100 מ""ל",false,1,19.90,2.84,true,1,
7290100412800,false,"תחליב רחצה לעור יבש וילד פלאור דר עור 700 מ""ל","אמיליה קוסמטיקס בע""מ",IL,תחליב רחצה,מיליליטרים,700.00,"100 מ""ל",false,1,19.90,2.84,true,1,
7290100412831,false,תחליב רחצה אנטי אייג'ינג בניחוח וניל טרופי,"אמיליה קוסמטיקס בע""מ",IL,תחליב רחצה,מיליליטרים,700.00,"100 מ""ל",false,1,19.90,2.84,true,1,
7290100658338,false,"נוזל לניקוי כלים אוקסי פלוס פלמוליב 750 מ""ל",הנסיך- מפעל לייצור ט,GR,פלמוליב לכלים,מיליליטרים,750.00,"100 מ""ל",false,0,12.90,1.72,true,1,
<<<<<<< HEAD
7290100680667,false,מנה חמה נודלס-אטריות+ירקות טעם סצ'ואן,PUB FOODS PRESIDENT THAI,TH,מנה חמה נודלס,גרמים,76.00,100 גרם,false,0,6.90,9.08,true,1,
7290100680711,false,פירורית זהב אסם זהב 350ג',עינת תעשיות מזון אגו,IL,פירורית זהב אסם,גרמים,350.00,100 גרם,false,0,9.50,2.71,true,1,
7290100681015,false,אינסטנט פודינג בטעם ריבת חלב אסם 84 גרם,מיוצר עי קונדיטוריית,IL,אינסטנט פודינג,גרמים,84.00,100 גרם,false,0,5.70,6.79,true,1,
7290100681503,false,עסיס סירופ לימונענע דיאטטי 1 ליטר,בית-השיטה עסיס תעשיות מז,IL,סירופ דיאט,ליטרים,1.00,ליטר,false,0,17.90,17.90,true,1,
7290100685136,false,"אבקת מרק בטעם עוף אסם 1 ק""ג","אסם השקעות בע""\מ",IL,מרק טעם עוף,קילוגרמים,1.00,"ק""ג",false,0,15.90,15.90,true,1,
7290100685334,false,אבקת מרק עוף אמיתי בשרי רכיבים טבעיים אסם 400 גרם,"אסם השקעות בע""\מ",IL,מרק עוף אמיתי,גרמים,400.00,100 גרם,false,0,25.60,6.40,true,1,
7290100685341,false,אבקת מרק טעם עוף זך רכיבים טבעיים אסם 400 גרם,"אסם השקעות בע""\מ",IL,מרק טעם עוף,גרמים,400.00,100 גרם,false,0,18.90,4.73,true,1,
7290100686164,false,מארז מולטיפק ביסלי ברביקיו 6 יח 35 גר יח,מיוצר עי קונדיטוריית,IL,ביסלי מארז 6 יח,גרמים,210.00,100 גרם,false,0,14.50,6.90,true,1,
7290100686171,false,מארז מולטיפק ביסלי גריל 6 יח 35 גר ליח,"אסם השקעות בע""\מ",IL,ביסלי מארז 6 יח,גרמים,210.00,100 גרם,false,0,14.50,6.90,true,1,
7290100689301,false,אבקת מרק בטעם עוף זך עדיף אסם 400 גרם,"אסם השקעות בע""\מ",IL,מרק בטעם עוף זך,גרמים,400.00,100 גרם,false,0,16.90,4.23,true,1,
7290100700020,false,סוגת גריסי פנינה 500 גרם,האי נאם סי או אל.טי.,IL,גריסי פנינה,גרמים,500.00,100 גרם,false,0,6.80,1.36,true,1,
=======
7290100680667,false,מנה חמה נודלס בסגנון סצ`ואן אסם (76 גרם),קבוצת אוסם סחר שותפות מוגבלת,TH,מנה חמה נודלס,גרמים,76.00,100 גרם,false,0,6.90,9.08,true,1,
7290100680711,false,פירורית זהב אסם זהב 350ג',קבוצת אוסם סחר שותפות מוגבלת,IL,פירורית זהב אסם,גרמים,350.00,100 גרם,false,0,9.50,2.71,true,1,
7290100681015,false,אינסטנט פודינג בטעם ריבת חלב אסם 84 גרם,קבוצת אוסם סחר שותפות מוגבלת,IL,אינסטנט פודינג,גרמים,84.00,100 גרם,false,0,5.70,6.79,true,1,
7290100681503,false,עסיס סירופ לימונענע דיאטטי 1 ליטר,קבוצת אוסם סחר שותפות מוגבלת,IL,סירופ דיאט,ליטרים,1.00,ליטר,false,0,17.90,17.90,true,1,
7290100685136,false,"אבקת מרק טעם עוף 1 ק""ג 1/8 אסם",קבוצת אוסם סחר שותפות מוגבלת,IL,מרק טעם עוף,קילוגרמים,1.00,"ק""ג",false,0,15.90,15.90,true,1,
7290100685334,false,אבקת מרק עוף אמיתי בשרי רכיבים טבעיים אסם 400 גרם,קבוצת אוסם סחר שותפות מוגבלת,IL,מרק עוף אמיתי,גרמים,400.00,100 גרם,false,0,25.60,6.40,true,1,
7290100685341,false,אבקת מרק טעם עוף זך רכיבים טבעיים אסם 400 גרם,קבוצת אוסם סחר שותפות מוגבלת,IL,מרק טעם עוף,גרמים,400.00,100 גרם,false,0,18.90,4.73,true,1,
7290100686164,false,מארז מולטיפק ביסלי ברביקיו 6 יח 35 גר יח,קבוצת אוסם סחר שותפות מוגבלת,IL,ביסלי מארז 6 יח,גרמים,210.00,100 גרם,false,0,14.50,6.90,true,1,
7290100686171,false,מארז מולטיפק ביסלי גריל 6 יח 35 גר ליח,קבוצת אוסם סחר שותפות מוגבלת,IL,ביסלי מארז 6 יח,גרמים,210.00,100 גרם,false,0,14.50,6.90,true,1,
7290100689301,false,אבקת מרק בטעם עוף זך עדיף אסם 400 גרם,קבוצת אוסם סחר שותפות מוגבלת,IL,מרק בטעם עוף זך,גרמים,400.00,100 גרם,false,0,16.90,4.23,true,1,
7290100700020,false,גריסי פנינה סוגת (500 גרם),האי נאם סי או אל.טי.,IL,גריסי פנינה,גרמים,500.00,100 גרם,false,0,6.80,1.36,true,1,
>>>>>>> d048ac2f4f281c9d788043ab4e81b61b0dbe3743
7290100700327,false,"גריסי פנינה סוגת 1 ק""ג","סוגת תעשיות בע""\מ",IL,"גריסי פנינה 1ק""ג",קילוגרמים,1.00,"ק""ג",false,0,9.20,9.20,true,1,
7290100700389,false,"אורז אדום 1 ק""ג ""סוגת""","סוגת תעשיות בע""\מ",IL,אורז אדום סוגת,קילוגרמים,1.00,"ק""ג",false,0,14.80,14.80,true,1,
7290100700396,false,"סוגת אורז יסמין קלאסי 1 ק""ג",האי נאם סי או אל.טי.,IL,אורז יסמין סוגת,קילוגרמים,1.00,"ק""ג",false,0,12.40,12.40,true,1,
7290100700419,false,"סוגת בורגול 1 ק""ג","סוגת תעשיות בע""\מ",IL,"בורגול 1 ק""ג",קילוגרמים,1.00,"ק""ג",false,0,8.40,8.40,true,1,
7290100700587,false,בורגול סוגת (500 גרם),האי נאם סי או אל.טי.,IL,בורגול 500 גרם,גרמים,500.00,100 גרם,false,0,6.80,1.36,true,1,
7290100701157,false,אורז להכנת סושי סוגת (1 קג),"סוגת תעשיות בע""\מ",IL,אורז להכנת סושי,קילוגרמים,1.00,"ק""ג",false,0,14.80,14.80,true,1,
7290100701300,false,קינואה אדומה סוגת (500 גרם),"סוגת תעשיות בע""\מ",IL,קינואה אדומה,גרמים,500.00,100 גרם,false,0,15.30,3.06,true,1,
7290100702260,false,קוסקוס דק סוגת 350 גרם,"אסיף תעשיות מזון בע""\מ",IL,קוסקוס דק,גרמים,350.00,100 גרם,false,0,5.90,1.69,true,1,
7290100702611,false,פתיתים אפויים אורז סוגת 500 גרם,"אסיף תעשיות מזון בע""\מ",IL,פתיתים סוגת,גרמים,500.00,100 גרם,false,0,5.20,1.04,true,1,
7290100702628,false,פתיתים אפויים קוסקוס סוגת 500 גרם,"אסיף תעשיות מזון בע""\מ",IL,פתיתים סוגת,גרמים,500.00,100 גרם,false,0,5.20,1.04,true,1,
<<<<<<< HEAD
7290100703007,false,"עדשים שחורות בלוגה 500 גרם ""סוגת""",האי נאם סי או אל.טי.,IL,עדשים שחורות,גרמים,500.00,100 גרם,false,1,9.90,1.98,true,1,
=======
7290100703007,false,עדשים שחורות בלוגה סוגת (500 גרם),האי נאם סי או אל.טי.,IL,עדשים שחורות,גרמים,500.00,100 גרם,false,1,9.90,1.98,true,1,
>>>>>>> d048ac2f4f281c9d788043ab4e81b61b0dbe3743
7290100850916,false,דוריטוס חמוץ חריף מעודן 70 גרם כשר לפסח,"שטראוס פריטו ליי בע""\מ )",IL,דוריטוס חמוץ ח,גרמים,70.00,100 גרם,false,0,4.10,5.86,true,1,
7290100850923,false,חטיף תירס גריל דוריטוס (70 גרם),"שטראוס פריטו ליי בע""\מ )",IL,דוריטוס גריל,גרמים,70.00,100 גרם,false,0,4.10,5.86,true,1,
7290100850930,false,חטיף תירס בטעם טבעי דוריטוס (70 גרם),"שטראוס פריטו ליי בע""\מ )",IL,חטיף דוריטוס,גרמים,70.00,100 גרם,false,0,4.10,5.86,true,1,
7290100852606,false,קפה טורקי 100*4 גרם,שטראוס קפה בי.ויn\.,IL,קפה טורקי 4 יח,גרמים,400.00,100 גרם,false,0,32.90,8.23,true,1,
7290100858592,false,אבקת קקאו עלית שקית 150 ג',הנסיך- מפעל לייצור ט,IL,קקאו עלית,גרמים,150.00,100 גרם,false,0,10.20,6.80,true,1,
7290100921593,false,מנקה אסלה סוד 4 כדוריות לאסלה לימון נתלה 50 ג',גורי שיווק בעמ,RS,סבון אסלה סוד,גרמים,50.00,100 גרם,false,0,7.90,15.80,true,1,
7290100921609,false,סוד סבון לאסלה 4 כדוריות בניחוח אוקיינוס 50 ג',גורי שיווק בעמ,RS,סבון אסלה סוד,גרמים,50.00,100 גרם,false,0,7.90,15.80,true,1,
7290100924464,false,כדוריות סבון נתלה לאסלה עם אקונומיקה - 3 יח',גורי שיווק בעמ,HU,סבון אסלה 3 יח,גרמים,150.00,100 גרם,false,1,19.90,13.27,true,1,
7290100947968,false,מרלו טורס דה אספניה750מל,בומד,ES,מרלו,מיליליטרים,750.00,"100 מ""ל",false,1,39.90,5.32,true,1,
7290100947975,false,שרדונה טורס דה אספניה750,בומד,ES,שרדונה,מיליליטרים,750.00,"100 מ""ל",false,1,39.90,5.32,true,1,
7290101110811,false,מאגדת גלידל וניל מצופה סורבה פסיפלורה[8],פלקו בעמ חברה ישראלית,IL,גלידל פסיפלורה,גרמים,600.00,100 גרם,false,0,34.90,5.82,true,1,
7290101112228,false,מאגדת פופסיקל גלידל פרי אננס 8 יח`,פלקו בעמ חברה ישראלית,IL,מאגדת גלידל פרי,גרמים,640.00,100 גרם,false,48,26.90,4.20,true,1,
7290101112921,false,"גלידל פרי פירות טרופים לל""ס 8 יחידות",פלקו בעמ חברה ישראלית,IL,מאגדת גלידל פרי,גרמים,640.00,100 גרם,false,1,26.90,4.20,true,1,
7290101113751,false,מאגדת שלגון קרמל ושוקולד בלונדי רביעיה * 50 ג' יולו,פלקו בעמ חברה ישראלית,IL,מאגדת שלגון יולו,גרמים,200.00,100 גרם,false,1,22.90,11.45,true,1,
7290101113768,false,מאגדת שלגון עוגיות ושוקולד חלב רביעיה * 50 ג' יולו,פלקו בעמ חברה ישראלית,IL,מאגדת שלגון יולו,גרמים,200.00,100 גרם,false,1,22.90,11.45,true,1,
7290101113805,false,מאגדת (5) יופלה שייק פרי תות 70 אחוז פרי 350 גרם,פלקו בעמ חברה ישראלית,IL,מאגדת יופלה שייק,גרמים,350.00,100 גרם,false,1,22.90,6.54,true,1,
7290101113812,false,מאגדת יופלה שייק פרי אננס קוקוס פלדמן 5 יחידות,פלקו בעמ חברה ישראלית,IL,מאגדת יופלהשייק,גרמים,350.00,100 גרם,false,1,22.90,6.54,true,1,
7290101113829,false,מאגדת (5) יופלה שייק פרי מנגו 70 אחוז פרי 350 גרם,פלקו בעמ חברה ישראלית,IL,מאגדת יופלהשייק,גרמים,350.00,100 גרם,false,1,22.90,6.54,true,1,
7290101113904,false,מארז מנבו וניל 12 יח' פלדמן,פלקו בעמ חברה ישראלית,IL,מנבו וניל,גרמים,288.00,100 גרם,false,1,24.90,8.65,true,1,
7290101113911,false,מארז מנבו מוקה 12 יח' פלדמן,פלקו בעמ חברה ישראלית,IL,מנבו מוקה,גרמים,288.00,100 גרם,false,1,24.90,8.65,true,1,
7290101486688,false,חטיף דגנים עם שוקולד ללא גלוטן וסוכר פרי 5*20 גרם,טבעית מוצרים מן הטבע בעמ,IL,חטיף FREE 5 יח',גרמים,100.00,100 גרם,false,0,17.90,17.90,true,1,
7290101488286,false,"ליידי ספיד סטיק - דאודורנט ספריי לאישה 24/7 פרש פיוזן ורוד 150 מ""ל",ליידי ספיד סטיק Lady Speed Stick,RU,ליידי ספיד סטיק,מיליליטרים,150.00,"100 מ""ל",false,0,14.90,9.93,true,1,
7290101488316,false,ליידי ספיד סטיק - דאודורנט סטיק לאישה ללא סימן ורוד סטיק 65 גרם,ליידי ספיד סטיק Lady Speed Stick,US,ליידי ספיד סטיק,גרמים,65.00,100 גרם,false,0,17.90,27.54,true,1,
7290101501237,false,עגבניה מגי מובחרת ארוזה,יגור חקלאות ועסקים,IL,עגבניה מגי ארוז,קילוגרמים,0.00,"ק""ג",true,1,15.90,15.90,true,1,
7290101551027,false,קפסולות קפה אספרסו חזק במיוחד 14 עלית 10 יח',הנסיך- מפעל לייצור ט,IL,קפסולות מס' 14,גרמים,50.00,100 גרם,false,1,18.90,37.80,true,1,
7290101551539,false,יוגורט PRO בטעם אפרסק 0% 20 גרם חלבון בגביע,שטראוס גרופ בעמ/מצונן,IL,דנונה פרו אפרסק,גרמים,200.00,100 גרם,false,1,6.20,3.10,true,1,
7290101551584,false,תפוצ'יפס קידס מארז 10 יח' * 20 ג',"שטראוס פריטו ליי בע""מ )פ",IL,תפוצ'יפס קידס10*,גרמים,200.00,100 גרם,false,1,15.90,7.95,true,1,
7290101551614,false,חטיף צ'יטוס קראנץ בטעם גבינה - מארז 8 יח',"שטראוס פריטו ליי בע""מ )פ",IL,צ'יטוס גבינה 8יח,גרמים,240.00,100 גרם,false,1,14.50,6.04,true,1,
<<<<<<< HEAD
7290101863410,false,"סיליט באנג ספריי ניקוי עוצמתי מכיל אקונומיקה 750 מ""ל",סיליט באנג Cillit Bang,PL,סילים ספריי,מיליליטרים,750.00,"100 מ""ל",false,0,16.90,2.25,true,1,
7290101864127,false,"ספריי להסרת כתמים 750 מ""ל וניש קליה",קליה וניש Kalia Vanish,IL,קליה ספריי,מיליליטרים,750.00,"100 מ""ל",false,0,16.90,2.25,true,1,
7290101865261,false,"פיניש נוזל הברקה למדיח 800 מ""ל",רקיט בנקיזר,PL,פיניש נוזל הברקה,מיליליטרים,800.00,"100 מ""ל",false,0,20.90,2.61,true,1,
7290101869733,false,פיניש ג'ל למדיח כלים בניחוח לימון 1 ליטר ALL IN 1,רקיט בנקיזר,PL,פיניש ג'ל למדיח,ליטרים,1.00,ליטר,false,1,44.90,44.90,true,1,
7290101869788,false,"אירוויק ספריי אוטומטי מילוי בניחוח אואזיס 250 מ""ל*",איירוויק Air Wick,GB,אירוויק מילוי,מיליליטרים,250.00,"100 מ""ל",false,1,16.90,6.76,true,1,
7290101869795,false,"מטהר אוויר אירוויק ספריי מילוי חלום ליל קיץ 250 מ""ל",איירוויק Air Wick,GB,אירוויק מילוי,מיליליטרים,250.00,"100 מ""ל",false,1,16.90,6.76,true,1,
7290101869825,false,"אירוויק מילוי למכשיר חשמלי בניחוח אואזיס 19 מ""ל",איירוויק Air Wick,CN,אירוויק מילוי,מיליליטרים,19.00,"100 מ""ל",false,1,17.90,94.21,true,1,
7290101869832,false,"אירוויק מילוי מבשם אויר חשמלי חלום ליל קיץ 19 מ""ל",איירוויק Air Wick,CN,אירוויק מילוי,מיליליטרים,19.00,"100 מ""ל",false,1,17.90,94.21,true,1,
7290102030330,false,תפוצ'יפס קראנצ' בטעם מקסיקני 200 גרם,"שטראוס פריטו ליי בע""\מ )",IL,תפוצ'יפס,גרמים,200.00,100 גרם,false,0,10.90,5.45,true,1,
7290102031276,false,מארז 8 יחידות אקטימל משקה יוגורט בטעם תות בננה,מיוצר עי קונדיטוריית,IL,אקטימל 8 יח,מיליליטרים,800.00,"100 מ""ל",false,0,22.70,2.84,true,1,
7290102060764,false,מרידול מברשת שיניים אריזת זוג,יבואן ומשווק: ש. שסט,CH,2 מברשות שיניים,יחידה,1.00,יחידה,false,0,31.90,31.90,true,1,
7290102060979,false,"אלמקס משחת שיניים למניעת עששת 100מ""ל",יבואן ומשווק: ש. שסט,PL,משחת שיניים,מיליליטרים,100.00,"100 מ""ל",false,0,16.90,16.90,true,1,
7290102062195,false,"משחת שיניים לילדים לגילאי 6-12 אלמקס 75 מ""ל",יבואן ומשווק: ש. שסט,PE,משחת אלמקס,מיליליטרים,75.00,"100 מ""ל",false,0,13.90,18.53,true,1,
7290102300822,false,גבינה צ'דר אנגלית כתומה 200 גרם,דאולי צ'יסמייקרס,GB,גבינת צ'דר כתום,גרמים,200.00,100 גרם,false,0,28.90,14.45,true,1,
7290102300860,false,"גבינת צ'דר אנגלית לבן, 200 גרם",הגבינות של נני,GB,גבינת צ'דר לבן,גרמים,200.00,100 גרם,false,0,28.90,14.45,true,1,
7290102302932,false,גאיה קלאסית בפרוסות 150 גרם,קריניציה ויטמינה אס,DE,טבעונית קלאסית,גרמים,150.00,100 גרם,false,1,20.90,13.93,true,1,
7290102303878,false,אלוויר חמאת נורמנדי 200 גרם,אלוויר,FR,חמאה גורמה אלויר,גרמים,200.00,100 גרם,false,1,19.90,9.95,true,1,
7290102392254,false,"חלב בקרטון 1% 2 ליטר בד""צ - מוצר בפיקוח",מילקו תעשיות בעמ,IL,חלב 1% בקרטון,ליטרים,2.00,ליטר,false,0,11.72,5.86,true,1,
7290102398065,false,חלב טרה בקרטון 2 ליטר מהדרין 3% - מוצר בפיקוח,הפריט בפיקוח,IL,חלב 3% בקרטון,ליטרים,2.00,ליטר,false,1,12.46,6.23,true,1,
7290102398072,false,"חלב קרטון 3%-1 ליטר "" טרה"" -מוצר פיקוח",הפריט בפיקוח,IL,חלב 3% בקרטון,ליטרים,1.00,ליטר,false,1,6.23,6.23,true,1,
=======
7290101863410,false,"סיליט באנג ספריי ניקוי עוצמתי מכיל אקונומיקה 750 מ""ל",רקיט בנקיזר (ניר איסט) בעמ,PL,סילים ספריי,מיליליטרים,750.00,"100 מ""ל",false,0,16.90,2.25,true,1,
7290101864127,false,ספריי להסרת כתמים וניש קליה (750 מל),רקיט בנקיזר (ניר איסט) בעמ,IL,קליה ספריי,מיליליטרים,750.00,"100 מ""ל",false,0,16.90,2.25,true,1,
7290101865261,false,נוזל הברקה למדיח כלים פיניש (800 מל),רקיט בנקיזר (ניר איסט) בעמ,PL,פיניש נוזל הברקה,מיליליטרים,800.00,"100 מ""ל",false,0,20.90,2.61,true,1,
7290101869733,false,פיניש ג'ל למדיח כלים בניחוח לימון 1 ליטר ALL IN 1,רקיט בנקיזר (ניר איסט) בעמ,PL,פיניש ג'ל למדיח,ליטרים,1.00,ליטר,false,1,44.90,44.90,true,1,
7290101869788,false,"אירוויק ספריי אוטומטי מילוי בניחוח אואזיס 250 מ""ל*",רקיט בנקיזר (ניר איסט) בעמ,GB,אירוויק מילוי,מיליליטרים,250.00,"100 מ""ל",false,1,16.90,6.76,true,1,
7290101869795,false,"מטהר אוויר אירוויק ספריי מילוי חלום ליל קיץ 250 מ""ל",רקיט בנקיזר (ניר איסט) בעמ,GB,אירוויק מילוי,מיליליטרים,250.00,"100 מ""ל",false,1,16.90,6.76,true,1,
7290101869825,false,"אירוויק מילוי למכשיר חשמלי בניחוח אואזיס 19 מ""ל",רקיט בנקיזר (ניר איסט) בעמ,CN,אירוויק מילוי,מיליליטרים,19.00,"100 מ""ל",false,1,17.90,94.21,true,1,
7290101869832,false,"אירוויק מילוי מבשם אויר חשמלי חלום ליל קיץ 19 מ""ל",רקיט בנקיזר (ניר איסט) בעמ,CN,אירוויק מילוי,מיליליטרים,19.00,"100 מ""ל",false,1,17.90,94.21,true,1,
7290102030330,false,תפוצ`יפס אקסטרא מקסיקני 200 גרם +20 תו,"שטראוס פריטו ליי בע""\מ )",IL,תפוצ'יפס,גרמים,200.00,100 גרם,false,0,10.90,5.45,true,1,
7290102031276,false,מארז 8 יחידות אקטימל משקה יוגורט בטעם תות בננה,שטראוס גרופ בעמ/מצונן,IL,אקטימל 8 יח,מיליליטרים,800.00,"100 מ""ל",false,0,22.70,2.84,true,1,
7290102060764,false,מרידול מברשת שיניים אריזת זוג,יבואן ומשווק: ש. שסט,CH,2 מברשות שיניים,יחידה,1.00,יחידה,false,0,31.90,31.90,true,1,
7290102060979,false,"אלמקס משחת שיניים למניעת עששת 100מ""ל",יבואן ומשווק: ש. שסט,PL,משחת שיניים,מיליליטרים,100.00,"100 מ""ל",false,0,16.90,16.90,true,1,
7290102062195,false,"משחת שיניים לילדים לגילאי 6-12 אלמקס 75 מ""ל",יבואן ומשווק: ש. שסט,PE,משחת אלמקס,מיליליטרים,75.00,"100 מ""ל",false,0,13.90,18.53,true,1,
7290102300822,false,גבינת צ`דר אנגלית כתומה 200 גרם,דאולי צ'יסמייקרס,GB,גבינת צ'דר כתום,גרמים,200.00,100 גרם,false,0,28.90,14.45,true,1,
7290102300860,false,"גבינת צ'דר אנגלית לבן, 200 גרם",א. סיימן סחר בעמ,GB,גבינת צ'דר לבן,גרמים,200.00,100 גרם,false,0,28.90,14.45,true,1,
7290102302932,false,גבינה גאיה קלאסית פרוסות 150ג,קריניציה ויטמינה אס,DE,טבעונית קלאסית,גרמים,150.00,100 גרם,false,1,20.90,13.93,true,1,
7290102303878,false,חמאת אלוויר נורמנדי 200 גרם,א.סיימן סחר בעמ,FR,חמאה גורמה אלויר,גרמים,200.00,100 גרם,false,1,19.90,9.95,true,1,
7290102392254,false,"חלב בקרטון 1% 2 ליטר בד""צ - מוצר בפיקוח",החברה המרכזית טלהפצת משקאות בע,IL,חלב 1% בקרטון,ליטרים,2.00,ליטר,false,0,11.72,5.86,true,1,
7290102398065,false,חלב טרה בקרטון 2 ליטר מהדרין 3% - מוצר בפיקוח,החברה המרכזית טלהפצת משקאות בע,IL,חלב 3% בקרטון,ליטרים,2.00,ליטר,false,1,12.46,6.23,true,1,
7290102398072,false,"חלב קרטון 3%-1 ליטר "" טרה"" -מוצר פיקוח",החברה המרכזית טלהפצת משקאות בע,IL,חלב 3% בקרטון,ליטרים,1.00,ליטר,false,1,6.23,6.23,true,1,
>>>>>>> d048ac2f4f281c9d788043ab4e81b61b0dbe3743
7290103120658,false,דאודורנט ספיד סטיק גל שחור 85 גרם,הנסיך- מפעל לייצור ט,US,דאודורנט,גרמים,85.00,100 גרם,false,0,17.90,21.06,true,1,
7290103124588,false,"סבון נוזלי ארומה בניחוח לבנדר פטצ'ולי פלמוליב 750 מ""ל",הנסיך- מפעל לייצור ט,TR,סבון פלמוליב,מיליליטרים,750.00,"100 מ""ל",false,0,21.90,2.92,true,1,
7290103124601,false,"תחליב רחצה נוזל חלב ודבש משאבה 750מ""ל פלמוליב",הנסיך- מפעל לייצור ט,TR,סבון פלמוליב,מיליליטרים,750.00,"100 מ""ל",false,0,21.90,2.92,true,1,
7290103400194,false,כרוב לבן 400 ג בדצ ירקות שטראוס טעם הטבע,שטראוס בריאות ירקות טריי,IL,כרוב לבן 400גרם,גרמים,400.00,100 גרם,false,0,9.90,2.48,true,1,
7290103401429,false,קפה קצב ברזילאי אוריגינס 200 גר,הנסיך- מפעל לייצור ט,IL,קפה פלטינום,גרמים,200.00,100 גרם,false,0,28.90,14.45,true,1,
<<<<<<< HEAD
7290103404758,false,סלט כרוב אדום במיונז אחלה 120 גרם,מיוצר עי קונדיטוריית,IL,כרוב אדום אחלה,גרמים,120.00,100 גרם,false,0,5.40,4.50,true,1,
7290103408206,false,עלי חסה ערבית שטופים שטראוס 250 גרם,שטראוס בריאות ירקות טריי,IL,חסה ערבית250ג',גרמים,250.00,100 גרם,false,0,11.90,4.76,true,1,
7290103681197,false,"יין הר שיראז מיתוג תנשמת 750 מ""ל",מיוצר על ידי יקב תבור,IL,יין שיראז הר,מיליליטרים,750.00,"100 מ""ל",false,1,38.90,5.19,true,1,
7290103681210,false,"יין הר שרדונה מיתוג תנשמת 750 מ""ל",מיוצר על ידי יקב תבור,IL,שרדונה הר תבור,מיליליטרים,750.00,"100 מ""ל",false,1,38.90,5.19,true,1,
7290103681227,false,"יין הר גוורצטרמינר מיתוג תנשמת 750 מ""ל",מיוצר על ידי יקב תבור,IL,גוורצטרמינר הר,מיליליטרים,750.00,"100 מ""ל",false,1,38.90,5.19,true,1,
7290103681241,false,"יין הר מוסקטו מיתוג תנשמת 750 מ""ל",יקב תבור,IL,מוסקטו הר תבור,מיליליטרים,750.00,"100 מ""ל",false,1,38.90,5.19,true,1,
7290103681364,false,יין תבור קברנה סובני,מיוצר על ידי יקב תבור,IL,קברנה תבור,מיליליטרים,750.00,"100 מ""ל",false,1,63.50,8.47,true,1,
7290103681371,false,"יין מרלו יקבי תבור 750 מ""ל",מיוצר על ידי יקב תבור,IL,מרלו תבור,מיליליטרים,750.00,"100 מ""ל",false,1,63.50,8.47,true,1,
7290103704957,false,מגבות נייר 3 שכבות ענק3ג,,IL,מגבות 3גלילי ענק,מטרים,57.00,מטר,false,1,19.90,0.35,true,1,
7290103704964,false,נייר טואלט 3 שכבות 9 גל,,IL,נייר טואלט 9 גל,מטרים,277.00,מטר,false,1,34.90,0.13,true,1,
7290104061417,false,סלט חומוס עם טחינה אחלה 400 גרם,"שטראוס גרופ בע""\מ",IL,חומוס טחינה אחלה,גרמים,400.00,100 גרם,false,0,11.90,2.98,true,1,
7290104061431,false,סלט חומוס עם צנובר אחלה 400 גרם,"שטראוס גרופ בע""\מ",IL,חומוס צנובר אחלה,גרמים,400.00,100 גרם,false,0,11.90,2.98,true,1,
7290104061448,false,סלט חומוס עם חריף אחלה 400 גרם,מיוצר עי קונדיטוריית,IL,חומוס חריף אחלה,גרמים,400.00,100 גרם,false,0,11.90,2.98,true,1,
7290104062599,false,מארז 8 יחידות מעדן גמדים בטעמי תות ובננה,"שטראוס בריאות בע""\מ",IL,גמדים תות בננה,גרמים,800.00,100 גרם,false,0,19.50,2.44,true,1,
7290104065934,false,עלי רוקט שטראוס 150 גרם,שטראוס בריאות ירקות טריי,IL,עלי רוקט 150גרם,גרמים,150.00,100 גרם,false,0,10.90,7.27,true,1,
7290104066566,false,טחינה שומשום מלא אחלה 500 גר',מיוצר עי קונדיטוריית,IL,טחינה אחלה 500גר,גרמים,500.00,100 גרם,false,0,15.90,3.18,true,1,
7290104068539,false,מאסט פליפטופ מלון ואבטיח ללא גרעינים,"שטראוס גרופ בע""מ",IL,מסטיק מאסט,גרמים,28.00,100 גרם,false,0,4.60,16.43,true,1,
7290104068546,false,גומי מאסט בטעם לימון קולה ללא סוכר 28 ג' עלית,"שטראוס גרופ בע""מ",IL,מסטיק מאסט,גרמים,28.00,100 גרם,false,0,4.60,16.43,true,1,
7290104500572,false,אפרופו חטיף תירס איטליאנו אסם 50 גרם,מיוצר עי קונדיטוריית,IL,אפרופו איטליאנו,גרמים,50.00,100 גרם,false,0,5.80,11.60,true,1,
7290104504228,false,מיני דובונים אסם 100 גרם מארז 5 יחידות,"אסם השקעות בע""\מ",IL,מיני דובונים 5יח,גרמים,100.00,100 גרם,false,0,14.70,14.70,true,1,
7290104508943,false,במבה חטיף בוטנים אסם 200 גרם,"אסם השקעות בע""\מ",IL,במבה חטיף בוטנים,גרמים,200.00,100 גרם,false,0,9.10,4.55,true,1,
7290104721953,false,לקט מסולסלים ירקות שטראוס 350 גרם,שטראוס בריאות ירקות טריי,IL,לקט מסולסלים350ג,גרמים,350.00,100 גרם,false,0,13.90,3.97,true,1,
7290104722530,false,תפוצ'יפס בטעם שמנת בצל עלית 200 גרם,"שטראוס פריטו ליי בע""\מ )",IL,תפוצ'יפס שמנת,גרמים,200.00,100 גרם,false,0,10.90,5.45,true,1,
7290104726262,false,רביעייה מעדן דני שוקולד דיסני לבנים 125 גרם,מיוצר עי קונדיטוריית,IL,דני שלוק 4 יח,גרמים,500.00,100 גרם,false,0,11.50,2.30,true,1,
7290104726712,false,מארז 8 יחידות מעדן מילקי בטעם שוקולד עם קצפת,"שטראוס גרופ בע""\מ",IL,מארז מילקי 8 יח',ליטרים,1.36,ליטר,false,0,21.20,15.59,true,1,
7290104728310,false,"שמנת מתוקה עמידה 38% שומן ""יטבתה"" -מוצר בפיקוח",שטראוס גרופ,IL,שמנת לקצפת 38%,גרמים,250.00,100 גרם,false,0,6.47,2.59,true,1,
7290104960246,false,"נקה 7 - תחליב רחצה ורד ויסמין 750 מ""ל",טרופיקל דגיל תעשיות קוסמ,IL,תחליב רחצה נקה 7,מיליליטרים,750.00,"100 מ""ל",false,0,11.90,1.59,true,1,
7290104960253,false,"תחליב רחצה נקה 7 לבנדר סגול 750מ""ל",טרופיקל דגיל תעשיות קוסמ,IL,תחליב רחצה נקה 7,מיליליטרים,750.00,"100 מ""ל",false,0,11.90,1.59,true,1,
7290104961878,false,"שמפו לשיער קרטין אינטנס פורמולה 400 מ""ל נטורל",נטורל פורמולה Natural Formula,IL,שמפו קרטין,מיליליטרים,400.00,"100 מ""ל",false,0,30.00,7.50,true,1,
7290104961885,false,מרכך קרטין טהור לשיער שעבר החלקה או עיצוב בחום,נטורל פורמולה Natural Formula,IL,מרכך קרטין,מיליליטרים,400.00,"100 מ""ל",false,0,30.00,7.50,true,1,
7290104961892,false,מסכת קרטין טהור לשיער שעבר החלקה או עיצוב בחום,נטורל פורמולה Natural Formula,IL,מסכת קרטין,מיליליטרים,350.00,"100 מ""ל",false,0,40.10,11.46,true,1,
7290104963223,false,סופטקר - אל סבון עדין לתינוק לעור רגיש 1 ליטר,קוסמופארם בע'\'\מ,IL,סופטקר אל סבון,ליטרים,1.00,ליטר,false,1,19.90,19.90,true,1,
=======
7290103404758,false,סלט כרוב אדום במיונז אחלה 120 גרם,שטראוס גרופ בעמ/מצונן,IL,כרוב אדום אחלה,גרמים,120.00,100 גרם,false,0,5.40,4.50,true,1,
7290103408206,false,עלי חסה ערבית שטופים 250 גר טעם הטבע,שטראוס בריאות ירקות טריי,IL,חסה ערבית250ג',גרמים,250.00,100 גרם,false,0,11.90,4.76,true,1,
7290103681197,false,"יין הר שיראז מיתוג תנשמת 750 מ""ל",החברה המרכזית טלהפצת משקאות בע,IL,יין שיראז הר,מיליליטרים,750.00,"100 מ""ל",false,1,38.90,5.19,true,1,
7290103681210,false,"יין הר שרדונה מיתוג תנשמת 750 מ""ל",*החברה המרכזית להפצת משקאותבעמ,IL,שרדונה הר תבור,מיליליטרים,750.00,"100 מ""ל",false,1,38.90,5.19,true,1,
7290103681227,false,"יין הר גוורצטרמינר מיתוג תנשמת 750 מ""ל",החברה המרכזית טלהפצת משקאות בע,IL,גוורצטרמינר הר,מיליליטרים,750.00,"100 מ""ל",false,1,38.90,5.19,true,1,
7290103681241,false,"יין הר מוסקטו מיתוג תנשמת 750 מ""ל",*החברה המרכזית להפצת משקאותבעמ,IL,מוסקטו הר תבור,מיליליטרים,750.00,"100 מ""ל",false,1,38.90,5.19,true,1,
7290103681364,false,"קברנה סוביניון 750מ""ל תבור אדמה",*החברה המרכזית להפצת משקאותבעמ,IL,קברנה תבור,מיליליטרים,750.00,"100 מ""ל",false,1,63.50,8.47,true,1,
7290103681371,false,תבור קברנה סובניון 750 מ`ל,*החברה המרכזית להפצת משקאותבעמ,IL,מרלו תבור,מיליליטרים,750.00,"100 מ""ל",false,1,63.50,8.47,true,1,
7290103704957,false,מגבות נייר 3 שכבות ענק3ג,,IL,מגבות 3גלילי ענק,מטרים,57.00,מטר,false,1,19.90,0.35,true,1,
7290103704964,false,נייר טואלט 3 שכבות 9 גל,,IL,נייר טואלט 9 גל,מטרים,277.00,מטר,false,1,34.90,0.13,true,1,
7290104061417,false,סלט חומוס עם טחינה אחלה 400 גרם,שטראוס גרופ בעמ/מצונן,IL,חומוס טחינה אחלה,גרמים,400.00,100 גרם,false,0,11.90,2.98,true,1,
7290104061431,false,סלט חומוס עם צנובר אחלה 400 גרם,שטראוס גרופ בעמ/מצונן,IL,חומוס צנובר אחלה,גרמים,400.00,100 גרם,false,0,11.90,2.98,true,1,
7290104061448,false,סלט חומוס עם חריף אחלה 400 גרם,שטראוס גרופ בעמ/מצונן,IL,חומוס חריף אחלה,גרמים,400.00,100 גרם,false,0,11.90,2.98,true,1,
7290104062599,false,מארז 8 יחידות מעדן גמדים בטעמי תות ובננה,שטראוס גרופ בעמ/מצונן,IL,גמדים תות בננה,גרמים,800.00,100 גרם,false,0,19.50,2.44,true,1,
7290104065934,false,עלי רוקט שטראוס 150 גר`-טעם הטבע,שטראוס בריאות ירקות טריי,IL,עלי רוקט 150גרם,גרמים,150.00,100 גרם,false,0,10.90,7.27,true,1,
7290104066566,false,סלט טחינה שומשום מלא 500גר אחלה,שטראוס גרופ בעמ/מצונן,IL,טחינה אחלה 500גר,גרמים,500.00,100 גרם,false,0,15.90,3.18,true,1,
7290104068539,false,מאסט פליפטופ מלון ואבטיח ללא גרעינים,שטראוס גרופ בע`מ,IL,מסטיק מאסט,גרמים,28.00,100 גרם,false,0,4.60,16.43,true,1,
7290104068546,false,גומי מאסט בטעם לימון קולה ללא סוכר 28 ג' עלית,שטראוס גרופ בע`מ,IL,מסטיק מאסט,גרמים,28.00,100 גרם,false,0,4.60,16.43,true,1,
7290104500572,false,אפרופו חטיף תירס איטליאנו אסם 50 גרם,קבוצת אוסם סחר-שות.מוגבלת,IL,אפרופו איטליאנו,גרמים,50.00,100 גרם,false,0,5.80,11.60,true,1,
7290104504228,false,מיני דובונים אסם 100 גרם מארז 5 יחידות,קבוצת אוסם סחר-שות.מוגבלת,IL,מיני דובונים 5יח,גרמים,100.00,100 גרם,false,0,14.70,14.70,true,1,
7290104508943,false,במבה חטיף בוטנים אסם 200 גרם,קבוצת אוסם סחר-שות.מוגבלת,IL,במבה חטיף בוטנים,גרמים,200.00,100 גרם,false,0,9.10,4.55,true,1,
7290104721953,false,לקט מסולסלים 350 גרם שטראוס טעם הטבע,שטראוס בריאות ירקות טריי,IL,לקט מסולסלים350ג,גרמים,350.00,100 גרם,false,0,13.90,3.97,true,1,
7290104722530,false,תפוצ'יפס בטעם שמנת בצל עלית 200 גרם,"שטראוס פריטו ליי בע""\מ )",IL,תפוצ'יפס שמנת,גרמים,200.00,100 גרם,false,0,10.90,5.45,true,1,
7290104726262,false,רביעייה מעדן דני שוקולד דיסני לבנים 125 גרם,שטראוס גרופ בעמ/מצונן,IL,דני שלוק 4 יח,גרמים,500.00,100 גרם,false,0,11.50,2.30,true,1,
7290104726712,false,מארז 8 יחידות מעדן מילקי בטעם שוקולד עם קצפת,שטראוס גרופ בעמ/מצונן,IL,מארז מילקי 8 יח',ליטרים,1.36,ליטר,false,0,21.20,15.59,true,1,
7290104728310,false,"שמנת מתוקה עמידה 38% שומן ""יטבתה"" -מוצר בפיקוח",שטראוס גרופ בעמ/מצונן,IL,שמנת לקצפת 38%,גרמים,250.00,100 גרם,false,0,6.47,2.59,true,1,
7290104960246,false,נקה 7 ארומה תחליב רחצה ורד יסמין 750 מ,טרופיקל דגיל תעשיות קוסמ,IL,תחליב רחצה נקה 7,מיליליטרים,750.00,"100 מ""ל",false,0,11.90,1.59,true,1,
7290104960253,false,נקה 7 ארומה תחליב רחצה לבנדר ענוג 750,טרופיקל דגיל תעשיות קוסמ,IL,תחליב רחצה נקה 7,מיליליטרים,750.00,"100 מ""ל",false,0,11.90,1.59,true,1,
7290104961878,false,"שמפו לשיער קרטין אינטנס פורמולה 400 מ""ל נטורל",החברה הדרומית לשיווק בעמ,IL,שמפו קרטין,מיליליטרים,400.00,"100 מ""ל",false,0,30.00,7.50,true,1,
7290104961885,false,מרכך קרטין טהור לשיער שעבר החלקה או עיצוב בחום,החברה הדרומית לשיווק בעמ,IL,מרכך קרטין,מיליליטרים,400.00,"100 מ""ל",false,0,30.00,7.50,true,1,
7290104961892,false,מסכת קרטין טהור לשיער שעבר החלקה או עיצוב בחום,החברה הדרומית לשיווק בעמ,IL,מסכת קרטין,מיליליטרים,350.00,"100 מ""ל",false,0,40.10,11.46,true,1,
7290104963223,false,סופטקר - אל סבון עדין לתינוק לעור רגיש 1 ליטר,החברה הדרומית לשיווק בעמ,IL,סופטקר אל סבון,ליטרים,1.00,ליטר,false,1,19.90,19.90,true,1,
>>>>>>> d048ac2f4f281c9d788043ab4e81b61b0dbe3743
7290105360250,false,קפסולות 09 עשיר וארומטי למכונת נספרסו עלית 10יח',הנסיך- מפעל לייצור ט,IL,קפסולות קפה,גרמים,50.00,100 גרם,false,0,18.90,37.80,true,1,
7290105360328,false,קפסולות אספרסו חזק למכונות נספרסו 10 יח',הנסיך- מפעל לייצור ט,IL,קפסולות מס' 10,גרמים,50.00,100 גרם,false,0,18.90,37.80,true,1,
7290105360335,false,קפסולות אספרסו למכונות נספרסו 50 גר,הנסיך- מפעל לייצור ט,IL,קפסולות מס' 7,גרמים,50.00,100 גרם,false,0,18.90,37.80,true,1,
7290105360762,false,"שמן זית 1 עדין 750 מ""ל יד מרדכי",מכוורת יד מרדכי שטראוס ב,IL,שמן זית 1 עדין,מיליליטרים,750.00,"100 מ""ל",false,0,37.90,5.05,true,1,
7290105360878,false,תפוציפס טבעי 50 גרם מארז רביעייה,"שטראוס פריטו ליי בע""\מ )",IL,תפוצ'יפס 4 יח,גרמים,200.00,100 גרם,false,0,12.50,6.25,true,1,
<<<<<<< HEAD
7290105362339,false,"שמנת לבישול 15% 250 מ""ל יטבתה מהדרין",שטראוס גרופ,IL,שמנת לבישול 15%,מיליליטרים,250.00,"100 מ""ל",false,0,8.60,3.44,true,1,
7290105363602,false,מקלות כיף כף קלאסי עלית 40 גרם,שולן צ'\יקולטה גידה סאן.,TR,כיף כף מקלות,גרמים,40.00,100 גרם,false,0,5.20,13.00,true,1,
7290105366023,false,סלט חצילים בטעם כבד אחלה 400 גרם,מיוצר עי קונדיטוריית,IL,חציל בטעם כבד,גרמים,400.00,100 גרם,false,0,16.90,4.23,true,1,
7290105366047,false,טחינה לבנה אחלה 400 גרם,מיוצר עי קונדיטוריית,IL,טחינה לבנה,גרמים,400.00,100 גרם,false,0,16.90,4.23,true,1,
7290105366993,false,סימפוניה גבינת שמנת פלפל שיפקה 5% שטראוס 200 גרם,"שטראוס בריאות בע""מ",IL,סימפוניה פלפל,גרמים,200.00,100 גרם,false,0,12.40,6.20,true,1,
7290105368331,false,מעדן מילקי בטעם תות עם קצפת,מחלבת אחיהוד,IL,מילקי טעם תות,מיליליטרים,170.00,"100 מ""ל",false,0,2.90,1.71,true,1,
7290105368904,false,"שמנת מתוקה להקצפה 32% שומן 250 מ""ל יוטבתה",שטראוס גרופ,IL,שמנת מתוקה32%,מיליליטרים,250.00,"100 מ""ל",false,0,7.80,3.12,true,1,
7290105368928,false,"שמנת 9% שומן 200 מ""ל יוטבתה",שטראוס גרופ,IL,שמנת 9% יטבתה,מיליליטרים,200.00,"100 מ""ל",false,0,3.20,1.60,true,1,
7290105430458,false,"פלמוליב - תחליב רחצה נטורלס שקדים 750 מ""ל",הנסיך- מפעל לייצור ט,TR,סבון פלמוליב,מיליליטרים,750.00,"100 מ""ל",false,0,21.90,2.92,true,1,
7290105431516,false,מארז חטיף פריי תמרים ובוטנים ללא גלוטן ותוספת סוכר 125 גרם,טבעית מוצרים מן הטבע בעמ,IL,חטיפי FREE,גרמים,125.00,100 גרם,false,0,17.90,14.32,true,1,
7290105439499,false,מאסטר שף מאסטר שף מיונז 480 גר כשלפ,רמיה סי.וי. הולנד,NL,מיונז מאסטר שף,גרמים,481.00,100 גרם,false,1,11.90,2.47,true,1,
7290105500151,false,וודקה פינלנדיה בקבוק,"אלטיה קורפ, הלסינקי,",FI,וודקה פינלנדיה,מיליליטרים,700.00,"100 מ""ל",false,0,72.90,10.41,true,1,
7290105691224,false,אסם חטיפי פריכונים טורטייה שום בצל 60 גרם,"פרח תעשיות מזון בע""מ.",IL,קריספי טורטיה,גרמים,60.00,100 גרם,false,0,8.10,13.50,true,1,
7290105691248,false,אסם חטיפי פריכונים טורטייה תירס 60 גרם,"פרח תעשיות מזון בע""מ.",IL,קריספי טורטיה,גרמים,60.00,100 גרם,false,0,8.10,13.50,true,1,
7290105691934,false,קמח שמרים אסם 1 קילו,תאי פרזידנט פוד פאבל,IL,"קמח שמרים 1 ק""ג",קילוגרמים,1.00,"ק""ג",false,0,10.80,10.80,true,1,
7290105693341,false,מארז עשיריית במבה אסם 25*10 גרם,"אסם השקעות בע""\מ",IL,במבה 10 יח,גרמים,250.00,100 גרם,false,0,17.90,7.16,true,1,
7290105695024,false,פתיתים אפויים אורז עם אטריות אסם 500 גרם,"אסם השקעות בע""\מ",IL,פתיתים אפויים,גרמים,500.00,100 גרם,false,0,6.90,1.38,true,1,
7290105962331,false,סחוג תימני אדום חריף מאוד זהבי הכרם 220 גרם,אף.סי תבליני בגליל ב,IL,סחוג חריף זהבי,גרמים,220.00,100 גרם,false,0,12.40,5.64,true,1,
7290105964564,false,סלט חומוס אחלה 400גר,מיוצר עי קונדיטוריית,IL,סלט חומוס אחלה,גרמים,400.00,100 גרם,false,1,9.50,2.38,true,1,
7290105965738,false,יוגורט לשתיה בטעם תות בננה267 ג' דנונה,מיוצר עי קונדיטוריית,IL,דנונה לשתיה,גרמים,267.00,100 גרם,false,0,5.30,1.99,true,1,
7290105968098,false,סלט קולסלאו אחלה 500 גרם,שטראוס גרופ סלטים,IL,סלט קולסלאו אחלה,גרמים,500.00,100 גרם,false,0,16.90,3.38,true,1,
7290105968654,false,רביולי בטטה פרווה פסטה נונה 400 ג',מיוצר עי קונדיטוריית,IL,רביולי בטטה 400ג,גרמים,400.00,100 גרם,false,0,21.70,5.43,true,1,
7290106520288,false,יוגורט פרו חלבון עם תות 2.4% שומן 150 ג' דנונה,"שטראוס בריאות בע""מ",IL,דנונה WOW תות,גרמים,150.00,100 גרם,false,1,4.90,3.27,true,1,
7290106520905,false,סלט טורקי אחלה 400 גרם,"שטראוס גרופ בע""\מ",IL,סלט טורקי,גרמים,400.00,100 גרם,false,0,16.90,4.23,true,1,
7290106520912,false,"שמנת 9% לבישול יטבתה 250 מ""ל מהדרין",שטראוס גרופ,IL,שמנת לבישול 9%,מיליליטרים,250.00,"100 מ""ל",false,0,8.60,3.44,true,1,
7290106521049,false,אחלה טעמי השוק קוביות סלק 400 גר,מיוצר עי קונדיטוריית,IL,סלט קוביות סלק,גרמים,400.00,100 גרם,false,0,16.90,4.23,true,1,
=======
7290105362339,false,"שמנת לבישול 15% 250 מ""ל יטבתה מהדרין",שטראוס גרופ בעמ/מצונן,IL,שמנת לבישול 15%,מיליליטרים,250.00,"100 מ""ל",false,0,8.60,3.44,true,1,
7290105363602,false,מקלות כיף כף קלאסי עלית (40 גרם),שולן צ'\יקולטה גידה סאן.,TR,כיף כף מקלות,גרמים,40.00,100 גרם,false,0,5.20,13.00,true,1,
7290105366023,false,סלט חצילים בטעם כבד אחלה 400 גרם,שטראוס גרופ בעמ/מצונן,IL,חציל בטעם כבד,גרמים,400.00,100 גרם,false,0,16.90,4.23,true,1,
7290105366047,false,טחינה לבנה אחלה (400 גרם),שטראוס גרופ בעמ/מצונן,IL,טחינה לבנה,גרמים,400.00,100 גרם,false,0,16.90,4.23,true,1,
7290105366993,false,סימפוניה גבינת שמנת פלפל שיפקה 5% שטראוס 200 גרם,שטראוס גרופ בעמ/מצונן,IL,סימפוניה פלפל,גרמים,200.00,100 גרם,false,0,12.40,6.20,true,1,
7290105368331,false,מעדן מילקי בטעם תות עם קצפת,שטראוס גרופ בעמ/מצונן,IL,מילקי טעם תות,מיליליטרים,170.00,"100 מ""ל",false,0,2.90,1.71,true,1,
7290105368904,false,"שמנת מתוקה להקצפה 32% שומן 250 מ""ל יוטבתה",שטראוס גרופ בעמ/מצונן,IL,שמנת מתוקה32%,מיליליטרים,250.00,"100 מ""ל",false,0,7.80,3.12,true,1,
7290105368928,false,שמנת חמוצה יטבתה %9 200 מל גביע מהדרין,שטראוס גרופ בעמ/מצונן,IL,שמנת 9% יטבתה,מיליליטרים,200.00,"100 מ""ל",false,0,3.20,1.60,true,1,
7290105430458,false,"פלמוליב - תחליב רחצה נטורלס שקדים 750 מ""ל",הנסיך- מפעל לייצור ט,TR,סבון פלמוליב,מיליליטרים,750.00,"100 מ""ל",false,0,21.90,2.92,true,1,
7290105431516,false,מארז חטיף פריי תמרים ובוטנים ללא גלוטן ותוספת סוכר 125 גרם,טבעית מוצרים מן הטבע בעמ,IL,חטיפי FREE,גרמים,125.00,100 גרם,false,0,17.90,14.32,true,1,
7290105439499,false,מאסטר שף מאסטר שף מיונז 480 גר כשלפ,רמיה סי.וי. הולנד,NL,מיונז מאסטר שף,גרמים,481.00,100 גרם,false,1,11.90,2.47,true,1,
7290105500151,false,וודקה פינלנדיה רגיל 700,"אלטיה קורפ, הלסינקי,",FI,וודקה פינלנדיה,מיליליטרים,700.00,"100 מ""ל",false,0,72.90,10.41,true,1,
7290105691224,false,אסם חטיפי פריכונים טורטייה שום בצל 60 גרם,קבוצת אוסם סחר-שות.מוגבלת,IL,קריספי טורטיה,גרמים,60.00,100 גרם,false,0,8.10,13.50,true,1,
7290105691248,false,אסם חטיפי פריכונים טורטייה תירס 60 גרם,קבוצת אוסם סחר שותפות מוגבלת,IL,קריספי טורטיה,גרמים,60.00,100 גרם,false,0,8.10,13.50,true,1,
7290105691934,false,קמח שמרים אסם 1 קילו,קבוצת אוסם סחר שותפות מוגבלת,IL,"קמח שמרים 1 ק""ג",קילוגרמים,1.00,"ק""ג",false,0,10.80,10.80,true,1,
7290105693341,false,מארז עשיריית במבה אסם 25*10 גרם,קבוצת אוסם סחר שותפות מוגבלת,IL,במבה 10 יח,גרמים,250.00,100 גרם,false,0,17.90,7.16,true,1,
7290105695024,false,פתיתים אפויים אורז עם אטריות אסם 500 גרם,קבוצת אוסם סחר שותפות מוגבלת,IL,פתיתים אפויים,גרמים,500.00,100 גרם,false,0,6.90,1.38,true,1,
7290105962331,false,סחוג תימני אדום חריף מאוד זהבי הכרם 220 גרם,שטראוס גרופ בעמ/מצונן,IL,סחוג חריף זהבי,גרמים,220.00,100 גרם,false,0,12.40,5.64,true,1,
7290105964564,false,חומוס אחלה 400 גרם. שטראוס,שטראוס גרופ בעמ/מצונן,IL,סלט חומוס אחלה,גרמים,400.00,100 גרם,false,1,9.50,2.38,true,1,
7290105965738,false,יוגורט לשתיה בטעם תות בננה267 ג' דנונה,שטראוס גרופ בעמ/מצונן,IL,דנונה לשתיה,גרמים,267.00,100 גרם,false,0,5.30,1.99,true,1,
7290105968098,false,סלט קולסלאו אחלה (500 גרם),שטראוס גרופ בעמ/מצונן,IL,סלט קולסלאו אחלה,גרמים,500.00,100 גרם,false,0,16.90,3.38,true,1,
7290105968654,false,רביולי עם בטטה פרווה שטראוס (400 גרם),שטראוס גרופ בעמ/מצונן,IL,רביולי בטטה 400ג,גרמים,400.00,100 גרם,false,0,21.70,5.43,true,1,
7290106520288,false,יוגורט פרו חלבון עם תות 2.4% שומן 150 ג' דנונה,שטראוס גרופ בעמ/מצונן,IL,דנונה WOW תות,גרמים,150.00,100 גרם,false,1,4.90,3.27,true,1,
7290106520905,false,סלט טורקי אחלה (400 גרם),שטראוס גרופ בעמ/מצונן,IL,סלט טורקי,גרמים,400.00,100 גרם,false,0,16.90,4.23,true,1,
7290106520912,false,שמנת לבישול 9% שומן 258גר מהדרין יטבתה,שטראוס גרופ בעמ/מצונן,IL,שמנת לבישול 9%,מיליליטרים,250.00,"100 מ""ל",false,0,8.60,3.44,true,1,
7290106521049,false,אחלה טעמי השוק קוביות סלק 400 גר,שטראוס גרופ בעמ/מצונן,IL,סלט קוביות סלק,גרמים,400.00,100 גרם,false,0,16.90,4.23,true,1,
>>>>>>> d048ac2f4f281c9d788043ab4e81b61b0dbe3743
7290106525399,false,קפסולות 06 ברזיל למכונות נספרסו עלית 10יח',הנסיך- מפעל לייצור ט,IL,קפסולות קפה,גרמים,50.00,100 גרם,false,1,18.90,37.80,true,1,
7290106525405,false,קפסולות קפה עלית נטול קפאין אספרסו) (10,שטראוס קפה בי.וי.,IL,קפסולות נטול מס7,גרמים,50.00,100 גרם,false,0,18.90,37.80,true,1,
7290106526822,false,פריכיות אורז חום מלא תחתית שוקולד חלב 80 גרם,"טחנת האבן תעשיות בע""",IL,פריכיות,גרמים,80.00,100 גרם,false,0,8.90,11.13,true,1,
<<<<<<< HEAD
7290106528567,false,"דוריטוס גריל 185 גרם ""עלית""","שטראוס פריטו ליי בע""\מ )",IL,דוריטוס גריל,גרמים,185.00,100 גרם,false,1,8.40,4.54,true,1,
7290106528628,false,"דוריטוס טבעי 185 גרם ""עלית""","שטראוס פריטו ליי בע""\מ )",IL,דוריטוס Dippas,גרמים,185.00,100 גרם,false,1,8.40,4.54,true,1,
7290106528949,false,לקט ערוגות 450 גרם שטראוס,שטראוס בריאות ירקות טריי,IL,לקט ערוגות,גרמים,450.00,100 גרם,false,0,13.90,3.09,true,1,
7290106572959,false,אפרופו מארז 5 יח' *25 ג' אסם,"אסם השקעות בע""\מ",IL,אפרופו 5 יח,גרמים,125.00,100 גרם,false,0,13.90,11.12,true,1,
7290106574977,false,בייגלה שטוחים כעכים שטוחים עם מלח,מיוצר עי קונדיטוריית,IL,בייגלה שטוחים,גרמים,300.00,100 גרם,false,0,11.90,3.97,true,1,
7290106575332,false,פתיתים אפויים פלוס בורגול 400 ג' אסם,"מיוצר ע""י קוד יצרן K",IL,פתיתים פלוס,גרמים,400.00,100 גרם,false,0,6.90,1.72,true,1,
7290106576513,false,סלט חומוס צבר 400 גר,סלטי צבר,IL,חומוס צבר,גרמים,400.00,100 גרם,false,0,10.90,2.73,true,1,
7290106576537,false,חומוס מסעדות צבר 700 גרם,סלטי צבר,IL,חומוס מסעדה צבר,גרמים,700.00,100 גרם,false,0,13.10,1.87,true,1,
7290106576858,false,גלידה לה קרמריה תותים בשמנת 1.4 ל' נסטלה,גלידות נסטלה )נגה גלידות,IL,לה קרמריה,ליטרים,1.40,ליטר,false,0,21.90,15.65,true,1,
7290106576919,false,גלידה קרמריה סורבה תות לימון 1.4 ליטר,גלידות נסטלה )נגה גלידות,IL,לח קרמריה,ליטרים,1.40,ליטר,false,0,21.90,15.65,true,1,
7290106577039,false,גלידה לה קרמריה שוקו וניל פליק 1.4 ל' נסטלה,תות תעשיות מזון (201,IL,לא קרמריה,ליטרים,1.40,ליטר,false,0,21.90,15.65,true,1,
7290106578821,false,עוגת הבית שמרים קלאסית שוקולד אסם 350 גרם,מיוצר עי קונדיטוריית,IL,עוגת שמרים,גרמים,350.00,100 גרם,false,0,18.50,5.29,true,1,
7290106653689,false,לקט לסלט אסייתי שטראוס 350 גרם,שטראוס בריאות ירקות טריי,IL,לקט לסלט אסייאתי,גרמים,350.00,100 גרם,false,1,10.90,3.11,true,1,
7290106654099,false,מילקי CAKE עוגות אישיות במילוי קרם חלב,בובארד איטליה אס.פי.איי,IT,מילקי קייק 8 יח',גרמים,272.00,100 גרם,false,1,20.90,7.68,true,1,
7290106656727,false,"עוגיות חיוכים שוקולד עלית 600 גרם בד""צ",אפיפית נצרת תעשיות ב,IL,חיוכים שוקולד,גרמים,600.00,100 גרם,false,0,18.70,3.12,true,1,
7290106663558,false,"רוטב טריאקי ורימון יד מרדכי 280מ""ל",אף.סי תבליני בגליל ב,IL,רוטב טריאקי,גרמים,320.00,100 גרם,false,1,15.00,4.69,true,1,
7290106664067,false,לאבנה עם שמן זית וזעתר 10% שטראוס 400 ג',הדקלאים אגודת שיתופי,IL,לאבנה שמן זית,גרמים,400.00,100 גרם,false,1,15.60,3.90,true,1,
7290106664555,false,"רוטב שמנת עם עגבניות 9% שומן 250 מ""ל יוטבתה",שטראוס גרופ,IL,רוטב שמנת,מיליליטרים,250.00,"100 מ""ל",false,1,11.30,4.52,true,1,
7290106664562,false,רוטב שמנת עם פטריות 9% שומן 258 ג' יוטבתה,שטראוס גרופ,IL,רוטב שמנת פטריות,מיליליטרים,250.00,"100 מ""ל",false,1,11.30,4.52,true,1,
7290106667266,false,"דוריטוס חמוץ חריף 185 גרם ""עלית""","שטראוס פריטו ליי בע""\מ )",IL,דוריטוס,גרמים,185.00,100 גרם,false,1,8.40,4.54,true,1,
=======
7290106528567,false,חטיף תירס גריל דוריטוס (185 גרם),"שטראוס פריטו ליי בע""\מ )",IL,דוריטוס גריל,גרמים,185.00,100 גרם,false,1,8.40,4.54,true,1,
7290106528628,false,חטיף תירס בטעם טבעי דוריטוס (185 גרם),"שטראוס פריטו ליי בע""\מ )",IL,דוריטוס Dippas,גרמים,185.00,100 גרם,false,1,8.40,4.54,true,1,
7290106528949,false,סלט ערוגות שטראוס 450 גר`-טעם הטבע,שטראוס בריאות ירקות טריי,IL,לקט ערוגות,גרמים,450.00,100 גרם,false,0,13.90,3.09,true,1,
7290106572959,false,אפרופו חטיף קלאסי 5חי*25גר,קבוצת אוסם סחר שותפות מוגבלת,IL,אפרופו 5 יח,גרמים,125.00,100 גרם,false,0,13.90,11.12,true,1,
7290106574977,false,בייגלה שטוחים טבעות עם מלח אסם (300 גרם),קבוצת אוסם סחר שותפות מוגבלת,IL,בייגלה שטוחים,גרמים,300.00,100 גרם,false,0,11.90,3.97,true,1,
7290106575332,false,פתיתים אפויים פלוס בורגול 400 ג' אסם,קבוצת אוסם סחר שותפות מוגבלת,IL,פתיתים פלוס,גרמים,400.00,100 גרם,false,0,6.90,1.72,true,1,
7290106576513,false,סלט רק חומוס צבר 400 גרם,קבוצת אוסם סחר שותפות מוגבלת,IL,חומוס צבר,גרמים,400.00,100 גרם,false,0,10.90,2.73,true,1,
7290106576537,false,חומוס מסעדות צבר 700 גרם,קבוצת אוסם סחר שותפות מוגבלת,IL,חומוס מסעדה צבר,גרמים,700.00,100 גרם,false,0,13.10,1.87,true,1,
7290106576858,false,גלידה לה קרמריה תותים בשמנת 1.4 ל' נסטלה,נגה גלידות שותפות מוגבלת,IL,לה קרמריה,ליטרים,1.40,ליטר,false,0,21.90,15.65,true,1,
7290106576919,false,"לה קרמריה סורבה תות לימו 1.4 ליטר כשל""פ",נגה גלידות שותפות מוגבלת,IL,לח קרמריה,ליטרים,1.40,ליטר,false,0,21.90,15.65,true,1,
7290106577039,false,גלידה לה קרמריה שוקו וניל פליק 1.4 ל' נסטלה,נגה גלידות שותפות מוגבלת,IL,לא קרמריה,ליטרים,1.40,ליטר,false,0,21.90,15.65,true,1,
7290106578821,false,עוגת הבית שמרים קלאסית שוקולד אסם 350 גרם,קבוצת אוסם סחר שותפות מוגבלת,IL,עוגת שמרים,גרמים,350.00,100 גרם,false,0,18.50,5.29,true,1,
7290106653689,false,לקט לסלט אסייתי 350 גר`-טעם הטבע,שטראוס בריאות ירקות טריי,IL,לקט לסלט אסייאתי,גרמים,350.00,100 גרם,false,1,10.90,3.11,true,1,
7290106654099,false,מילקי CAKE עוגות אישיות במילוי קרם חלב,בובארד איטליה אס.פי.איי,IT,מילקי קייק 8 יח',גרמים,272.00,100 גרם,false,1,20.90,7.68,true,1,
7290106656727,false,"עוגיות חיוכים שוקולד עלית 600 גרם בד""צ",אפיפית נצרת תעשיות ב,IL,חיוכים שוקולד,גרמים,600.00,100 גרם,false,0,18.70,3.12,true,1,
7290106663558,false,"רוטב טריאקי ורימון יד מרדכי 280מ""ל",אף.סי תבליני בגליל ב,IL,רוטב טריאקי,גרמים,320.00,100 גרם,false,1,15.00,4.69,true,1,
7290106664067,false,לאבנה עם שמן זית וזעתר 10% שטראוס 400 ג',שטראוס גרופ בעמ/מצונן,IL,לאבנה שמן זית,גרמים,400.00,100 גרם,false,1,15.60,3.90,true,1,
7290106664555,false,"רוטב שמנת עם עגבניות 9% שומן 250 מ""ל יוטבתה",שטראוס גרופ בעמ/מצונן,IL,רוטב שמנת,מיליליטרים,250.00,"100 מ""ל",false,1,11.30,4.52,true,1,
7290106664562,false,רוטב שמנת עם פטריות 9% שומן 258 ג' יוטבתה,שטראוס גרופ בעמ/מצונן,IL,רוטב שמנת פטריות,מיליליטרים,250.00,"100 מ""ל",false,1,11.30,4.52,true,1,
7290106667266,false,חטיף תירס חמוץ חריף דוריטוס (185 גרם),"שטראוס פריטו ליי בע""\מ )",IL,דוריטוס,גרמים,185.00,100 גרם,false,1,8.40,4.54,true,1,
>>>>>>> d048ac2f4f281c9d788043ab4e81b61b0dbe3743
7290106669857,false,קפסולות אספרסו בטעם וניל עלית 10 יחידות,הנסיך- מפעל לייצור ט,IL,קפסולות וניל,גרמים,50.00,100 גרם,false,1,18.90,37.80,true,1,
7290106720626,false,חטיף תירס בטעם גבינה צ`יטוס (80 גרם),"שטראוס פריטו ליי בע""\מ )",IL,ציטוס גבינה,גרמים,80.00,100 גרם,false,1,5.20,6.50,true,1,
7290106721920,false,צנצנת מסטיק מאסט בטעם ספירמינט עדין 66 ג' עלית,"שטראוס גרופ בע""\מ.",IL,מסטיק ספירמינט,גרמים,66.00,100 גרם,false,1,11.50,17.42,true,1,
<<<<<<< HEAD
7290106723689,false,עלי תרד בייבי שטראוס 200 גרם,שטראוס בריאות ירקות טריי,IL,עלי תרד בייבי,גרמים,200.00,100 גרם,false,0,11.90,5.95,true,1,
7290106725874,false,"סירופ מייפל טבעי 236 מ""ל ""יד מרדכי""",יד מרדכי,CA,סירופ מייפל,מיליליטרים,236.00,"100 מ""ל",false,1,43.90,18.60,true,1,
7290106726178,false,יוגורט PRO עם פירות יער 2.4% 10 גרם חלבון בגביע,מיוצר עי קונדיטוריית,IL,דנונה WOW פ.יער,גרמים,150.00,100 גרם,false,1,4.90,3.27,true,1,
=======
7290106723689,false,עלי תרד בייבי 200 גר`שטראוס טעם הטבע,שטראוס בריאות ירקות טריי,IL,עלי תרד בייבי,גרמים,200.00,100 גרם,false,0,11.90,5.95,true,1,
7290106725874,false,"סירופ מייפל טבעי 236 מ""ל ""יד מרדכי""",שטראוס גרופ בעמ,CA,סירופ מייפל,מיליליטרים,236.00,"100 מ""ל",false,1,43.90,18.60,true,1,
7290106726178,false,יוגורט PRO עם פירות יער 2.4% 10 גרם חלבון בגביע,שטראוס גרופ בעמ/מצונן,IL,דנונה WOW פ.יער,גרמים,150.00,100 גרם,false,1,4.90,3.27,true,1,
>>>>>>> d048ac2f4f281c9d788043ab4e81b61b0dbe3743
7290106727984,false,"כיף כף פצפצים בגביע 135 גרם ""עלית""",שולן צ'\יקולטה גידה סאן.,TR,כיף כף פצפצים,גרמים,135.00,100 גרם,false,1,11.50,8.52,true,1,
7290106770577,false,גרוסליין- בלגה ממרח חלבה 350 גרם.,"אלמונדס בע""מ",IL,ממרח חלבה,גרמים,350.00,100 גרם,false,1,14.90,4.26,true,1,
7290106772472,false,גרוסליין- בלגה ממרח שוקולד 350 גרם,"אלמנדוס בע""מ",IL,ממרח אגוזי לוז,גרמים,350.00,100 גרם,false,1,14.90,4.26,true,1,
7290106774292,false,שוקולד מריר 70% קקאו500ג,"אלמונדס בע""מ",IL,שוקולד מריר 70%,גרמים,500.00,100 גרם,false,1,39.90,7.98,true,1,
7290106774339,false,שוקולד צ'יפס מריר 500גרם,"אלמונדס בע""מ",IL,שוקולד צ'יפס,גרמים,500.00,100 גרם,false,1,39.90,7.98,true,1,
7290106774612,false,סילאן טבעי אורגני לחיץ 500 גרם,,IL,סילאן אורגני,גרמים,500.00,100 גרם,false,1,19.90,3.98,true,1,
7290106775053,false,מחית נוגט פרווה אלמנדוס,"אלמנדוס בע""מ",IL,מחית נוגט פרווה,גרמים,400.00,100 גרם,false,1,25.90,6.48,true,1,
<<<<<<< HEAD
7290107280020,false,שלישיית מטליות לחות לניקוי כללי סנו סושי 50 יחידות,טרופיקל דגיל- תעשיות,IL,מטליות לחות מארז,יחידה,1.00,יחידה,false,0,19.90,19.90,true,1,
7290107280341,false,ריצפז מטליות לחות לניקוי הרצפה בניחוח מלון מפנק,"סנו מפעלי ברונוס סע""",IL,מטליות ריצפז,יחידה,1.00,יחידה,false,1,12.90,12.90,true,1,
7290107280389,false,"סנו - ג'ט מרסס לניקוי בחדר האמבטיה 750 מ""ל","איי, בי, אינבוו",IL,מתז ג'ט לאמבט,מיליליטרים,750.00,"100 מ""ל",false,0,15.90,2.12,true,1,
7290107280396,false,"סנו - ג'ט מרסס לניקוי יסודי במטבח 750 מ""ל","סנו מפעלי ברונוס בע""",IL,מתז ג'ט למטבח,מיליליטרים,750.00,"100 מ""ל",false,0,13.90,1.85,true,1,
7290107280600,false,טבליות למדיח סנו ספארק 100 טבליות במארז,גרופה אינקו,PL,ספארק טב' למדיח,יחידה,1.00,יחידה,false,1,56.90,56.90,true,1,
7290107280709,false,"סנו ספארק נוזל הברקה למדיח 700 מ""ל","סנו מפעלי ברונוס בע""\מ",IL,נוזל הברקה למדיח,מיליליטרים,700.00,"100 מ""ל",false,1,18.90,2.70,true,1,
7290107280723,false,נוזל לניקוי כלים סנו ספארק Spark בניחוח לימון רענן,סנו כימיקלים,IL,נוזל לכלים לימון,מיליליטרים,700.00,"100 מ""ל",false,0,11.80,1.69,true,1,
7290107280747,false,נוזל לניקוי כלים סנו ספארק Spark קלאסי,סנו כימיקלים,IL,נוזל לכלים קלאסי,מיליליטרים,700.00,"100 מ""ל",false,0,11.80,1.69,true,1,
7290107280761,false,נוזל לניקוי כלים בניחוח לימון רענן סנו ספארק Spark,מיוצר עי קונדיטוריית,IL,נוזל כלים לימון,ליטרים,1.00,ליטר,false,0,12.90,12.90,true,1,
7290107280822,false,סנו ריצפז פרש הום 2 ליטר בניחוח ספא,"סנו מפעלי ברונוס בע""\מ",IL,ריצפז פרש הום,ליטרים,2.00,ליטר,false,0,21.90,10.95,true,1,
7290107646062,false,אבקת מרק בצל רכיבים טבעיים קנור 400 ג',יוניליוור ישראל מזון בע\,IL,מרק בצל,גרמים,400.00,100 גרם,false,1,29.50,7.38,true,1,
7290107646154,false,"חטיף קוקומן פצפוצים תלמה 126 גרם מארז 6 יחידות בד""צ",יוניליוור ישראל מזון בעמ,IL,חטיפי קוקומן 6יח,גרמים,126.00,100 גרם,false,1,14.90,11.83,true,1,
7290107646826,false,"חטיף שוגי שוקו תלמה 156 גרם מארז 6 יחידות בד""צ",יוניליוור ישראל מזון בעמ,IL,חטיפי שוגי 6 יח,גרמים,156.00,100 גרם,false,1,14.90,9.55,true,1,
7290107646918,false,רוטב עגבניות ופלפלים לשקשוקה 415 ג' קנור,קונסורזיו קאסאלאסקו דל פ,IT,רוטב לשקשוקה,גרמים,415.00,100 גרם,false,1,13.90,3.35,true,1,
7290107647731,false,קוקומן חום לבן בטעם שוקולד ווניל,יוניליוור ישראל מזון בעמ,IL,קוקומן חום לבן,גרמים,375.00,100 גרם,false,1,23.40,6.24,true,1,
7290107871532,false,מאגדת קרחוני מלון דובדבן נסטלה 10 יחידות,גלידות נסטלה )נגה גלידות,IL,מאגדת קרח,גרמים,750.00,100 גרם,false,7,21.90,2.92,true,1,
7290107871990,false,"פסטה צינורות 500 גרם ""אסם""",פסטה זארה,IT,פסטה צינורות,גרמים,500.00,100 גרם,false,0,6.50,1.30,true,1,
7290107877619,false,מארז במבה במילוי קרם נוגט 5*30ג' אסם,"אסם השקעות בע""\מ",IL,במבה נוגט 5 יח,גרמים,150.00,100 גרם,false,1,14.50,9.67,true,1,
7290107879569,false,קרחון לה פרוטה שרבט מנגו מאגדת 5יח',גלידות נסטלה )נגה גלידות,IL,מאגדת לה פרוטה,גרמים,350.00,100 גרם,false,1,29.90,8.54,true,1,
7290107932080,false,חלב מועשר יוטבתה בבקבוק 3% 1 ליטר,מחלבת יטבתה,IL,חלב מועשר 3%,ליטרים,1.00,ליטר,false,1,7.90,7.90,true,1,
7290107932134,false,חלב מועשר יוטבתה בבקבוק 1% 1 ליטר,מחלבת יטבתה,IL,חלב מועשר 1%,ליטרים,1.00,ליטר,false,1,7.90,7.90,true,1,
7290107933155,false,לקט סלנובה שטראוס 200 גרם,שטראוס בריאות ירקות טריי,IL,לקט סלנובה,גרמים,200.00,100 גרם,false,1,13.90,6.95,true,1,
7290107934473,false,שמינייה יוגורט לבן אקטיביה 1.5% דנונה 150 גרם,"שטראוס גרופ בע""\מ",IL,אקטביה 1.5% 8 יח,ליטרים,1.20,ליטר,false,1,21.50,17.92,true,1,
7290107936309,false,דנונה יוגורט 7% יווני לבן 130 ג',"שטראוס בריאות בע""מ",IL,יוגורט יווני,גרמים,130.00,100 גרם,false,1,3.50,2.69,true,1,
7290107936460,false,מארז 8 יח' דנכול משקה יוגורט בטעם מעודן,מיוצר עי קונדיטוריית,IL,דנכול מעודן 8 יח,גרמים,800.00,100 גרם,false,1,30.50,3.81,true,1,
=======
7290107280020,false,שלישיית מטליות לחות לניקוי כללי סנו סושי 50 יחידות,החברה הדרומית לשיווק בעמ,IL,מטליות לחות מארז,יחידה,1.00,יחידה,false,0,19.90,19.90,true,1,
7290107280341,false,ריצפז מטליות לחות לניקוי הרצפה בניחוח מלון מפנק,החברה הדרומית לשיווק בעמ,IL,מטליות ריצפז,יחידה,1.00,יחידה,false,1,12.90,12.90,true,1,
7290107280389,false,"סנו - ג'ט מרסס לניקוי בחדר האמבטיה 750 מ""ל",החברה הדרומית לשיווק בעמ,IL,מתז ג'ט לאמבט,מיליליטרים,750.00,"100 מ""ל",false,0,15.90,2.12,true,1,
7290107280396,false,"סנו - ג'ט מרסס לניקוי יסודי במטבח 750 מ""ל",החברה הדרומית לשיווק בעמ,IL,מתז ג'ט למטבח,מיליליטרים,750.00,"100 מ""ל",false,0,13.90,1.85,true,1,
7290107280600,false,טבליות למדיח סנו ספארק 100 טבליות במארז,החברה הדרומית לשיווק בעמ,PL,ספארק טב' למדיח,יחידה,1.00,יחידה,false,1,56.90,56.90,true,1,
7290107280709,false,ספארק נוזל הברקה למדיח סנו (700 מל),החברה הדרומית לשיווק בעמ,IL,נוזל הברקה למדיח,מיליליטרים,700.00,"100 מ""ל",false,1,18.90,2.70,true,1,
7290107280723,false,נוזל לניקוי כלים סנו ספארק Spark בניחוח לימון רענן,החברה הדרומית לשיווק בעמ,IL,נוזל לכלים לימון,מיליליטרים,700.00,"100 מ""ל",false,0,11.80,1.69,true,1,
7290107280747,false,נוזל לניקוי כלים סנו ספארק Spark קלאסי,החברה הדרומית לשיווק בעמ,IL,נוזל לכלים קלאסי,מיליליטרים,700.00,"100 מ""ל",false,0,11.80,1.69,true,1,
7290107280761,false,נוזל לניקוי כלים בניחוח לימון רענן סנו ספארק Spark,החברה הדרומית לשיווק בעמ,IL,נוזל כלים לימון,ליטרים,1.00,ליטר,false,0,12.90,12.90,true,1,
7290107280822,false,סנו ריצפז פרש הום 2 ליטר בניחוח ספא,החברה הדרומית לשיווק בעמ,IL,ריצפז פרש הום,ליטרים,2.00,ליטר,false,0,21.90,10.95,true,1,
7290107646062,false,אבקת מרק בצל רכיבים טבעיים קנור 400 ג',יוניליוור ישראל שיווק בע`מ,IL,מרק בצל,גרמים,400.00,100 גרם,false,1,29.50,7.38,true,1,
7290107646154,false,"חטיף קוקומן פצפוצים תלמה 126 גרם מארז 6 יחידות בד""צ",יוניליוור ישראל שיווק בע`מ,IL,חטיפי קוקומן 6יח,גרמים,126.00,100 גרם,false,1,14.90,11.83,true,1,
7290107646826,false,"חטיף שוגי שוקו תלמה 156 גרם מארז 6 יחידות בד""צ",יוניליוור ישראל שיווק בע`מ,IL,חטיפי שוגי 6 יח,גרמים,156.00,100 גרם,false,1,14.90,9.55,true,1,
7290107646918,false,רוטב עגבניות ופלפלים לשקשוקה 415 ג' קנור,יוניליוור ישראל שיווק בע`מ,IT,רוטב לשקשוקה,גרמים,415.00,100 גרם,false,1,13.90,3.35,true,1,
7290107647731,false,קוקומן חום לבן 20% פחות סוכר 375 גרם ב,יוניליוור ישראל שיווק בע`מ,IL,קוקומן חום לבן,גרמים,375.00,100 גרם,false,1,23.40,6.24,true,1,
7290107871532,false,מאגדת קרחוני מלון דובדבן נסטלה 10 יחידות,נגה גלידות שותפות מוגבלת,IL,מאגדת קרח,גרמים,750.00,100 גרם,false,7,21.90,2.92,true,1,
7290107871990,false,פסטה צינורות מהדרין אסם (500 גרם),קבוצת אוסם סחר שותפות מוגבלת,IT,פסטה צינורות,גרמים,500.00,100 גרם,false,0,6.50,1.30,true,1,
7290107877619,false,מארז במבה במילוי קרם נוגט 5*30ג' אסם,קבוצת אוסם סחר שותפות מוגבלת,IL,במבה נוגט 5 יח,גרמים,150.00,100 גרם,false,1,14.50,9.67,true,1,
7290107879569,false,קרחון לה פרוטה שרבט מנגו מאגדת 5יח',נגה גלידות שותפות מוגבלת,IL,מאגדת לה פרוטה,גרמים,350.00,100 גרם,false,1,29.90,8.54,true,1,
7290107932080,false,חלב מועשר יוטבתה בבקבוק 3% 1 ליטר,שטראוס גרופ בעמ/מצונן,IL,חלב מועשר 3%,ליטרים,1.00,ליטר,false,1,7.90,7.90,true,1,
7290107932134,false,חלב מועשר יוטבתה בבקבוק 1% 1 ליטר,שטראוס גרופ בעמ/מצונן,IL,חלב מועשר 1%,ליטרים,1.00,ליטר,false,1,7.90,7.90,true,1,
7290107933155,false,לקט סלנובה 200 גר ירקות שטראוס טעם הטבע,שטראוס בריאות ירקות טריי,IL,לקט סלנובה,גרמים,200.00,100 גרם,false,1,13.90,6.95,true,1,
7290107934473,false,שמינייה יוגורט לבן אקטיביה 1.5% דנונה 150 גרם,שטראוס גרופ בעמ/מצונן,IL,אקטביה 1.5% 8 יח,ליטרים,1.20,ליטר,false,1,21.50,17.92,true,1,
7290107936309,false,דנונה יוגורט 7% יווני לבן 130 ג',שטראוס גרופ בעמ/מצונן,IL,יוגורט יווני,גרמים,130.00,100 גרם,false,1,3.50,2.69,true,1,
7290107936460,false,מארז 8 יח' דנכול משקה יוגורט בטעם מעודן,שטראוס גרופ בעמ/מצונן,IL,דנכול מעודן 8 יח,גרמים,800.00,100 גרם,false,1,30.50,3.81,true,1,
>>>>>>> d048ac2f4f281c9d788043ab4e81b61b0dbe3743
7290107936965,false,עיגולים עד חצות עם שוקולד חלב 225 גר,ביסקווטרי עוגיות סנט,FR,עד חצות עיגולים,גרמים,230.00,100 גרם,false,1,14.80,6.43,true,1,
7290107937542,false,משקה יוגורט אקטיביה עם תות 1.2% שומן,שטראוס גרופ בעמ/מצונן,IL,משקה אקטביה תות,גרמים,265.00,100 גרם,false,1,5.10,1.92,true,1,
7290107937634,false,צנצנית מסטיק מאסט קוביות פפירמינט 58 ג' עלית,שטראוס גרופ בע`מ,DE,קוביות מסטיק,גרמים,58.00,100 גרם,false,1,11.50,19.83,true,1,
7290107937641,false,צנצנת קוביות בזוקה גומי לעיסה 58גר,שטראוס גרופ בע`מ,DE,קוביות מסטיק,גרמים,58.00,100 גרם,false,1,11.50,19.83,true,1,
7290107937856,false,קפסולות 11חזק למכונות נספרסו עלית 10יח',הנסיך- מפעל לייצור ט,IL,קפסולות עלית,גרמים,50.00,100 גרם,false,1,18.90,37.80,true,1,
<<<<<<< HEAD
7290107938396,false,שמיניית אקטימל תות דיסני בנים 108 גרם,מיוצר עי קונדיטוריית,IL,אקטימל תות 8יח',מיליליטרים,800.00,"100 מ""ל",false,1,22.70,2.84,true,1,
7290107939027,false,גזר דק דק שטראוס 250 גרם,שטראוס בריאות ירקות טריי,IL,גזר דק דק 250גרם,גרמים,250.00,100 גרם,false,1,8.90,3.56,true,1,
7290107940467,false,אקטיביה יוגורט 1.5% שומן 200 ג' דנונה,מיוצר עי קונדיטוריית,IL,אקטיביה 1.5%,גרמים,200.00,100 גרם,false,1,4.20,2.10,true,1,
7290107941259,false,"עדשים ירוקות מבושלות 475 גרם ""טעם הטבע",הורקסה לס לגונס דה ס,ES,עדשים ירוקות,גרמים,475.00,100 גרם,false,1,12.90,2.72,true,1,
7290107941266,false,שעועית אדומה מבושלת שטראוס 475 גרם,הורקסה לס לגונס דה ס,ES,שעועית אדומה,גרמים,475.00,100 גרם,false,1,14.90,3.14,true,1,
7290107941273,false,"חומוס מבושל 475 גרם ""טעם הטבע",הורקסה לס לגונס דה ס,ES,חומוס מבושל,גרמים,475.00,100 גרם,false,1,12.90,2.72,true,1,
7290107943192,false,"שמנת חמוצה מהערבה 27% שומן 200 מ""ל יטבתה",מחלבת יטבתה,IL,שמנת חמוצה 27%,מיליליטרים,200.00,"100 מ""ל",false,1,4.20,2.10,true,1,
7290107943369,false,קוואקר שיבולת שועל ללא גלוטן 511 גרם,היידי שוקולד בירונטי,US,קוואקר ללא גלוטן,גרמים,511.00,100 גרם,false,1,17.00,3.32,true,1,
7290107944472,false,סימפוניה גבינה במרקם שמנת 5% שום שמיר,"שטראוס בריאות בע""\מ",IL,גבינת סימפוניה,גרמים,200.00,100 גרם,false,1,12.40,6.20,true,1,
7290107950190,false,מעדן חלב דל קלוריות בטעם שוקולד מריר 0.5% שומן,מיוצר עי קונדיטוריית,IL,מעדן דיאט שוקולד,גרמים,130.00,100 גרם,false,1,3.40,2.62,true,1,
7290107950206,false,מעדן דיאט שוקולד שטראוס 130 גרם,מיוצר עי קונדיטוריית,IL,מעדן דיאט שוקולד,גרמים,130.00,100 גרם,false,1,3.40,2.62,true,1,
=======
7290107938396,false,שמיניית אקטימל תות דיסני בנים 108 גרם,שטראוס גרופ בעמ/מצונן,IL,אקטימל תות 8יח',מיליליטרים,800.00,"100 מ""ל",false,1,22.70,2.84,true,1,
7290107939027,false,גזר דק דק 250 גר שטראוס ירקות טעם הטבע,שטראוס בריאות ירקות טריי,IL,גזר דק דק 250גרם,גרמים,250.00,100 גרם,false,1,8.90,3.56,true,1,
7290107940467,false,אקטיביה יוגורט קרמי 1.5% דנונה (200 גרם),שטראוס גרופ בעמ/מצונן,IL,אקטיביה 1.5%,גרמים,200.00,100 גרם,false,1,4.20,2.10,true,1,
7290107941259,false,עדשים ירוקות מבושלות 475 גר ירקות שטראוס,ביכורי השדה הצפון בעמ` 1964,ES,עדשים ירוקות,גרמים,475.00,100 גרם,false,1,12.90,2.72,true,1,
7290107941266,false,שעועית אדומה מבושלת 475 גר ירקות שטראוס,ביכורי השדה הצפון בעמ` 1964,ES,שעועית אדומה,גרמים,475.00,100 גרם,false,1,14.90,3.14,true,1,
7290107941273,false,טעם הטבע חומוס מבושל שטראוס (475 גרם),ביכורי השדה הצפון בעמ` 1964,ES,חומוס מבושל,גרמים,475.00,100 גרם,false,1,12.90,2.72,true,1,
7290107943192,false,"שמנת חמוצה מהערבה 27% שומן 200 מ""ל יטבתה",שטראוס גרופ בעמ/מצונן,IL,שמנת חמוצה 27%,מיליליטרים,200.00,"100 מ""ל",false,1,4.20,2.10,true,1,
7290107943369,false,קוואקר שיבולת שועל ללא גלוטן 511 גרם,שטראוס פריטו ליי בע`מ,US,קוואקר ללא גלוטן,גרמים,511.00,100 גרם,false,1,17.00,3.32,true,1,
7290107944472,false,סימפוניה גבינה במרקם שמנת 5% שום שמיר,שטראוס גרופ בעמ/מצונן,IL,גבינת סימפוניה,גרמים,200.00,100 גרם,false,1,12.40,6.20,true,1,
7290107950190,false,מעדן חלב דל קלוריות בטעם שוקולד מריר 0.5% שומן,שטראוס גרופ בעמ/מצונן,IL,מעדן דיאט שוקולד,גרמים,130.00,100 גרם,false,1,3.40,2.62,true,1,
7290107950206,false,מעדן דיאט שוקולד שטראוס 130 גרם,שטראוס גרופ בעמ/מצונן,IL,מעדן דיאט שוקולד,גרמים,130.00,100 גרם,false,1,3.40,2.62,true,1,
>>>>>>> d048ac2f4f281c9d788043ab4e81b61b0dbe3743
7290107951104,false,בפלות ופלים ארוכים בטעם שוקולד,"שטראוס גרופ בע""\מ",IL,בפלות טעם שוקולד,גרמים,200.00,100 גרם,false,1,5.40,2.70,true,1,
7290107953559,false,"מארז קפה טורקי עלית לדרך כשל""פ 168 גרם",הנסיך- מפעל לייצור ט,IL,קפה טורקי לדרך,גרמים,168.00,100 גרם,false,1,19.90,11.85,true,1,
7290107956895,false,קפסולות טעם קרמל למכונות נספרסו 50גר,שטראוס קפה בי.וי.,IL,קפסולות אספרסו,גרמים,50.00,100 גרם,false,1,18.90,37.80,true,1,
7290107956901,false,קפסולות בטעם אגוזים למכונת נספרסו עלית 10 יחידות,שטראוס קפה בי.וי.,IL,קפסולות אספרסו,גרמים,50.00,100 גרם,false,1,18.90,37.80,true,1,
7290107956925,false,קפסולות 13 אוגנדה למכונת נספרסו עלית 10יח',שטראוס קפה בי.וי.,IL,קפסולות קפה,גרמים,50.00,100 גרם,false,1,18.90,37.80,true,1,
7290107956932,false,קפסולות אספרסו אידונזיה למכונות 50 גר,שטראוס קפה בי.וי.,IL,קפסולות אינדונזי,גרמים,50.00,100 גרם,false,1,18.90,37.80,true,1,
7290107957991,false,מילקי CAKE מיניס קרם חלב בציפוי שוקולד חלב שקית 16X9ג',בובארד איטליה אס.פי.איי,IT,מילקי קייק מיניס,גרמים,144.00,100 גרם,false,1,15.50,10.76,true,1,
7290107958035,false,יוגורט במתיקות מעודנת 2% ללא תוספת סוכר- מארז 8 יח,שטראוס גרופ בעמ/מצונן,IL,דנונה מעודן 8 יח,קילוגרמים,1.20,"ק""ג",false,1,19.30,16.08,true,1,
7290107973014,false,"סבון ידיים משאבה פלמוליב חלב ודבש 300 מ""ל",הנסיך- מפעל לייצור ט,TR,סבון ידיים,מיליליטרים,300.00,"100 מ""ל",false,1,11.90,3.97,true,1,
7290107973038,false,"סבון ידיים משאבה פלמוליב אקווריום 300 מ""ל",הנסיך- מפעל לייצור ט,IT,סבון פלמוליב,מיליליטרים,300.00,"100 מ""ל",false,1,11.90,3.97,true,1,
7290107974066,false,"עלי טורטיה קמח מלא 20ס""מ 8יח' מאסטר שף 320ג'",אלקאטי קורביישיסי גי,ES,עלי טורטיה,גרמים,320.00,100 גרם,false,1,11.90,3.72,true,1,
7290107976848,false,פלמוליב סבון מוצק קמומיל רביעייה 360 ג,קולגייט-פלמוליב,TR,סבון פלמוליב 4יח,גרמים,380.00,100 גרם,false,1,17.90,4.71,true,1,
7290107978323,false,איטריות דקיקות מאסטר שף 400 גרם,הדקלאים אגודת שיתופי,PL,איטריות דקיקות,גרמים,400.00,100 גרם,false,1,6.90,1.73,true,1,
7290107978347,false,איטריות בינוניות מאסטר שף 400 גרם,הדקלאים אגודת שיתופי,PL,איטריות בינוניות,גרמים,400.00,100 גרם,false,1,6.90,1.73,true,1,
7290107978637,false,"מרידול משחת שיניים 75 מ""ל כשל""פ-מרכז",קולגייט פלמוליב,PL,משחת מרידול,מיליליטרים,75.00,"100 מ""ל",false,1,20.90,27.87,true,1,
<<<<<<< HEAD
7290108350616,false,סנו - מקסימה מרכך כביסה מרוכז פריחה כחולה 1 ליטר,"סנו מפעלי ברונוס בע""\מ",IL,מרכך מקסימה,ליטרים,1.00,ליטר,false,1,18.90,18.90,true,1,
7290108350623,false,מרכך כביסה סופר מרוכז סופט סילק מקסימה 1 ל' סנו,"סנו מפעלי ברונוס בע""\מ",IL,מרכך מקסימה,ליטרים,1.00,ליטר,false,1,18.90,18.90,true,1,
7290108351552,false,"סנו - ג'ט לניקוי כללי בתוספת חומץ בניחוח לבנדר 750 מ""ל","סנו מפעלי ברונוס בע""\מ",IL,סנו ג'ט עם חומץ,מיליליטרים,750.00,"100 מ""ל",false,1,10.90,1.45,true,1,
7290108351583,false,"סנו - ג'ט פלוס חומץ ג'ל לניקוי אסלות לבנדר 750 מ""ל",טרופיקל דגיל תעשיות,IL,סנו ג'ט לאסלות,מיליליטרים,750.00,"100 מ""ל",false,1,10.90,1.46,true,1,
7290108351613,false,סנו ריצפז פרש הום 2 ליטר בניחוח מלון חלומי,"סנו מפעלי ברונוס בע""\מ",IL,ריצפז פרש הום,ליטרים,2.00,ליטר,false,1,21.90,10.95,true,1,
7290108351750,false,נ.לניקוי רצפות סנו גרין פאוור אקולוגי 2ל,סנו מפעלי ברונוס בעמ,IL,נוזל לניקוי רצפו,ליטרים,2.00,ליטר,false,1,20.20,10.10,true,1,
7290108351842,false,"מקסימה בושם מרוכז לכביסה FOREVER כחול 600מ""ל","סנו מפעלי ברונוס בע""\מ",IL,בושם לכביסה,מיליליטרים,600.00,"100 מ""ל",false,1,23.90,3.98,true,1,
7290108352252,false,נוזל לניקוי כלים מתאים לניקוי ירקות ופירות סנו ספארק,"סנו מפעלי ברונוס בע""\מ",IL,ספארק נוזל כלים,ליטרים,1.00,ליטר,false,1,12.90,12.90,true,1,
7290108352320,false,"מבשם אויר סנו פרש הום בניחוח כותנה מלטפת 350 מ""ל",מיוצר עי קונדיטוריית,IL,סנופרש הום,מיליליטרים,350.00,"100 מ""ל",false,1,12.90,3.69,true,1,
7290108352344,false,"פרש מבשם אויר אוטומטי בניחוח לבנדר סנו 250 מ""ל",מיוצר עי קונדיטוריית,IL,סנו פרש מילוי,מיליליטרים,250.00,"100 מ""ל",false,1,13.90,5.56,true,1,
7290108352511,false,"מקסימה לניקוי וחיטוי מכונת כביסה שקית 500 מ""ל","סנו מפעלי ברונוס בע""\מ",IL,מנקה מכונת כביסה,מיליליטרים,500.00,"100 מ""ל",false,1,13.90,2.78,true,1,
7290108352641,false,סנו סושי מטלית הפלא לניקוי כללי במארז שלישייה,סנו מפעלי ברונוס.,CN,מטליות הפלא 3 יח,יחידה,1.00,יחידה,false,1,14.90,14.90,true,1,
7290108352672,false,צמד מטליות הפלא לרצפה מיקרפייבר סנו סושי,סנו מפעלי ברונוס.,CN,מטליות לרצפה 2יח,יחידה,1.00,יחידה,false,1,19.90,19.90,true,1,
7290108352900,false,מגבות נייר בגליל כפול סנו סושי 12=6 גלילים,סנו מפעלי ברונוס בעמ,IL,מגבות נייר,מטרים,126.00,מטר,false,1,20.90,0.17,true,1,
7290108353099,false,ממחטות אף במארז ניילון סנו סופט 5 יח' * 100 דף,טרופיקל דגיל תעשיות,CN,ממחטות סופט מארז,יחידה,1.00,יחידה,false,1,13.90,13.90,true,1,
7290108353440,false,אורביטול מברשות שיניים נאנו לחניכיים 2יח,החברה הדרומית,CN,מברשות שיניים2יח,יחידה,1.00,יחידה,false,1,31.90,31.90,true,1,
7290108353891,false,"קרמה - דאודורנט רול און לאישה קרמה מאסק 75 מ""ל","קוסמופארם בע""\מ",IL,דאודורנט קרמה,מיליליטרים,75.00,"100 מ""ל",false,1,15.90,21.20,true,1,
7290108353907,false,"קרמה - דאודורנט רול און לאישה קרמה קלאסי 75 מ""ל","קוסמופארם בע""\מ",IL,דאודורנט קרמה,מיליליטרים,75.00,"100 מ""ל",false,1,15.90,21.20,true,1,
7290108353983,false,"קרמה - קרם גוף קרמה קלאסי 500 מ""ל",טרופיקל דגיל תעשיות,IL,קרם גוף קלאסי,מיליליטרים,500.00,"100 מ""ל",false,1,21.90,4.38,true,1,
7290108354164,false,"כיף שלישיית אל סבון קטיפתי מועשר בשמנים 3*500 מ""ל",טרופיקל דגיל תעשיות,IL,אלסבון כיף 3 יח,ליטרים,1.50,ליטר,false,1,21.90,14.60,true,1,
7290108354706,false,"קרמה - תחליב רחצה מאסק 500 מ""ל","קוסמופארם בע""\מ",IL,תחליב רחצה קרמה,מיליליטרים,500.00,"100 מ""ל",false,1,14.90,2.98,true,1,
7290108354713,false,"קרמה - תחליב רחצה קלאסי 500 מ""ל","קוסמופארם בע""\מn\",IL,תחליב רחצה קרמה,מיליליטרים,500.00,"100 מ""ל",false,1,14.90,2.98,true,1,
7290108354751,false,"סנו - ג'ט מרסס לניקוי כללי בתוספת אבקת סודה 750 מ""ל","סנו מפעלי ברונוס בע""\מ",IL,סנו ג'ט עם סודה,מיליליטרים,750.00,"100 מ""ל",false,1,10.90,1.45,true,1,
7290108354973,false,"סבון ידיים קרמה ורד ווניל 300 מ""ל",טרופיקל דגיל תעשיות,IL,סבון ידיים קרמה,מיליליטרים,300.00,"100 מ""ל",false,1,10.90,3.63,true,1,
7290108355178,false,"קרמה - קרם ידיים חמאת שיאה וקוקוי 100 מ""ל",החברה הדרומית,IL,קרמה קרם ידיים,מיליליטרים,100.00,"100 מ""ל",false,1,11.90,11.90,true,1,
7290108355185,false,"נטורל מסיכת קרטין אינטנס למניעת קשקשים 350 מ""ל",נטורל פורמולה Natural Formula,IL,מסכה נטורל פורמו,מיליליטרים,350.00,"100 מ""ל",false,1,39.90,11.40,true,1,
7290108355208,false,"שמפו קרטין אינטנס למניעת קשקשים נטורל 400 מ""ל",נטורל פורמולה Natural Formula,IL,שמפו נטורל פורמו,מיליליטרים,400.00,"100 מ""ל",false,1,29.90,7.48,true,1,
7290108355536,false,"קרמה - דאודורנט ספריי לאישה קרמה ורד וניל 150 מ""ל",מיוצר עי : אמיליה קוסמטי,TR,דאודורנט קרמה,מיליליטרים,150.00,"100 מ""ל",false,1,16.90,11.27,true,1,
7290108356106,false,כיף תחליב רחצה חלב שקדים 700 מל,החברה הדרומית,IL,כיף תחליב רחצה,מיליליטרים,700.00,"100 מ""ל",false,1,12.90,1.84,true,1,
7290108356113,false,"כיף תחליב רחצה דבש 700 מ""ל-מרכז",קוסמופארם בעמ,IL,כיף תחליב רחצה,מיליליטרים,700.00,"100 מ""ל",false,1,12.90,1.84,true,1,
7290108356168,false,"כיף - תחליב רחצה אוקיינוס 700 מ""ל",גוד פוד פרודקטס S.p,IL,כיף תחליב רחצה,מיליליטרים,700.00,"100 מ""ל",false,1,12.90,1.84,true,1,
7290108356274,false,"כיף - מוס רחצה בניחוח תותים ושמנת 150 מ""ל",החברה הדרומית,TR,כיף מוס רחצה,מיליליטרים,150.00,"100 מ""ל",false,1,12.90,8.60,true,1,
7290108356298,false,"כיף - מוס רחצה בניחוח קרם עוגיות 150 מ""ל",קוסטר אירוסול,TR,כיף מוס רחצה,מיליליטרים,150.00,"100 מ""ל",false,1,12.90,8.60,true,1,
7290108356526,false,"קרליין - שמפו 10 לשיער יבש 700 מ""ל","קוסמופארם בע""\מ",IL,שמפו 10 קרליין,מיליליטרים,700.00,"100 מ""ל",false,1,14.90,2.13,true,1,
7290108356564,false,"קרליין - מרכך 10 לשיער רגיל 700 מ""ל","קוסמופארם בע""\מn\",IL,מרכך 10 קרליין,מיליליטרים,700.00,"100 מ""ל",false,1,14.90,2.13,true,1,
7290108356809,false,סבון בוטני ורד ומרווה לניקוי וטיפוח הידיים טבעוני 1 ל' כיף,קוסמופארם בע'\'\מ,IL,כיף סבון בוטני,ליטרים,1.00,ליטר,false,1,14.90,14.90,true,1,
7290108357011,false,כיף קונדישינר לשיער שמן קוקוי 700 מל,טרופיקל דגיל תעשיות,IL,מרכך שיער כיף,מיליליטרים,700.00,"100 מ""ל",false,1,13.90,1.99,true,1,
7290108357080,false,"קרליין - נושם ביו דאודורנט ספריי 150 מ""ל Secret Garden לאישה",קוסטר אירוסול,CZ,דאו.ספריי ביו,מיליליטרים,150.00,"100 מ""ל",false,1,16.90,11.27,true,1,
7290108357271,false,סנובון ג'ל לניקוי אסלות עם חמצן פעיל לניקוי עוצמתי,סנו מפעלי ברונוס בעמ,IL,סנובון עם חמצן,מיליליטרים,750.00,"100 מ""ל",false,1,11.90,1.59,true,1,
7290108357417,false,"קרמה - קרם גוף קרמה ורד ווניל 500 מ""ל",טרופיקל דגיל תעשיות,IL,קרם גוף ורד ווני,מיליליטרים,500.00,"100 מ""ל",false,1,21.90,4.38,true,1,
7290108357707,false,"כיף שמפו לשיער רגיל- תפוח זרעי צ'יה 700 מ""ל",גוד פוד פרודקטס S.p,IL,כיף שמפו,מיליליטרים,700.00,"100 מ""ל",false,1,13.90,1.99,true,1,
7290108357714,false,"כיף שמפו לשיער יבש -רימונים ושמן ארגן 700 מ""ל",גוד פוד פרודקטס S.p,IL,כיף שמפו,מיליליטרים,700.00,"100 מ""ל",false,1,13.90,1.99,true,1,
7290108357769,false,"מרכך לשיער רגיל תפוח וזרעי צ'יה 700 מ""ל כיף",גוד פוד פרודקטס S.p,IL,כיף מרכך שיער,מיליליטרים,700.00,"100 מ""ל",false,1,13.90,1.99,true,1,
7290108357776,false,"כיף מרכך לשיער יבש -רימונים ושמן ארגן 700 מ""ל",גוד פוד פרודקטס S.p,IL,כיף מרכך שיער,מיליליטרים,700.00,"100 מ""ל",false,1,13.90,1.99,true,1,
7290108357851,false,"כיף - ג'ל רחצה אליקסיר אוילס מועשר בשמן קוקוס 700 מ""ל","קוסמופארם בע""\מ",IL,כיף ג'ל רחצה,מיליליטרים,700.00,"100 מ""ל",false,1,12.90,1.84,true,1,
7290108357875,false,"כיף - שמפו לחות מוגברת עם אפרסק וחמאת מורומורו 700 מ""ל",קוסמופארם בעמ,IL,כיף שמפו אפרסק,מיליליטרים,700.00,"100 מ""ל",false,1,13.90,1.99,true,1,
7290108357882,false,"כיף - מרכך לחות מוגברת עם אפרסק וחמאת מורומורו 700 מ""ל",קוסמופארם בעמ,IL,כיף מרכך לשיער,מיליליטרים,700.00,"100 מ""ל",false,1,13.90,1.99,true,1,
7290108358070,false,"תחליב רחצה קרמה קלאסי 700 מ""ל",גוד פוד פרודקטס S.p,IL,קרמה תחליב רחצה,מיליליטרים,700.00,"100 מ""ל",false,1,17.90,2.56,true,1,
7290108358087,false,"תחליב רחצה קרמה מאסק 700 מ""ל",גוד פוד פרודקטס S.p,IL,תחליב רחצה קרמה,מיליליטרים,700.00,"100 מ""ל",false,1,17.90,2.56,true,1,
7290108358124,false,דפי בישום לחים למייבש הכביסה בניחוח מרכך כביסה 20 יח' מקסימה,טרופיגל דגיל תעשיות קוסמ,IL,דפי בישום למייבש,יחידה,1.00,יחידה,false,1,14.90,14.90,true,1,
7290108359985,false,סנו - ז'אוול מרסס קצף לניקוי וחינו בניחוח פריחה לבנה 1 ליטר,סנו ז'אוול Javel,IL,ג'אוול קצף ניקוי,ליטרים,1.00,ליטר,false,1,19.90,19.90,true,1,
7290108501827,false,קדאיף שערות בצק ויליפוד 450 גרם,הנסיך- מפעל לייצור ט,GR,קדאיף שערות בצק,גרמים,450.00,100 גרם,false,1,22.90,5.09,true,1,
7290108506426,false,בייגלה קראנצ'י טורקי אותנטי - מוקפא,וילי פוד,TR,סימיט בייגלה,גרמים,400.00,100 גרם,false,1,10.90,2.73,true,1,
7290108507652,false,ביסקויט פריך בשוקולד לבן 100 גרם -קהילות,מודרן צ'יקולטה,TR,ביסקויט מצופנ,גרמים,100.00,100 גרם,false,1,7.60,7.60,true,1,
7290108508130,false,עגבניות איטלקיות מרוסקות 390 גרם,וילי פוד,IT,עגבניות מרוסקות,גרמים,390.00,100 גרם,false,1,9.90,2.54,true,1,
7290108508147,false,מחית עגבניות איטלקיות ויליפוד 500 גרם,וילי פוד,IT,מחית עגבניות,גרמים,500.00,100 גרם,false,1,9.90,1.98,true,1,
7290108509700,false,"אורז פרסי DAAWAT מהדרין 1 ק""ג",אל.טי.פודס לימיטד,IN,אורז פרסי דאווט,קילוגרמים,1.00,"ק""ג",false,1,10.90,10.90,true,1,
7290109351025,false,מלך החומוס חומוסטחינה 40% טחינה גולמית,סלטי צבר,IL,חומוסטחינה צבר,גרמים,400.00,100 גרם,false,1,14.90,3.73,true,1,
7290109351957,false,פריכיות פיטנס מיני גדולות שוקולד חלב 100ג',סנורייס בלגיום אן. ו,BE,פריכיות פיטנס,גרמים,100.00,100 גרם,false,1,8.90,8.90,true,1,
7290109352916,false,פריכיות דגנים פיטנס מצופות שוקולד לבן,פרח תעשיות,IL,פיטנס בר פריכיות,גרמים,84.00,100 גרם,false,1,14.50,17.26,true,1,
7290109354057,false,קרחון לה פרוטה שרבט אננס תפוז מאגדת 5 יח',תות תעשיות מזון (201,IL,מאגדת לה פרוטה,גרמים,350.00,100 גרם,false,1,29.90,8.54,true,1,
7290109354972,false,אוסם - פתי בר וניל חלבי ללא גלוטן 200 גרם,מיוצר עי קונדיטוריית,IL,פתי בר ללא גלוטן,גרמים,200.00,100 גרם,false,1,11.50,5.75,true,1,
7290109354996,false,פתי בר ללא גלוטן שוקו 200 גרם אסם,מיוצר עי קונדיטוריית,IL,פתי בר ללא גלוטן,גרמים,200.00,100 גרם,false,1,11.50,5.75,true,1,
7290109358765,false,דגני בוקר קראנץ' רולס נוגט 450 גרם,"אסם השקעות בע""\מ",IL,קראנץ' רולס,גרמים,450.00,100 גרם,false,1,27.90,6.20,true,1,
7290109580067,false,"טחון וונדרס 0% בשר , טבעוני","וונדרס ע""י זוגלובק 2000",IL,וונדרס טחון,גרמים,340.00,100 גרם,false,1,34.90,10.26,true,1,
7290109580104,false,רוסטביף פרימיום זוגלובק 150 גרם,זוגלובק,IL,רוסטביף פרימיום,גרמים,150.00,100 גרם,false,1,24.90,16.60,true,1,
7290109580135,false,קורנדביף פרימיום 180 גרם זוגלובק,זוגלובק,IL,קורנדביף פרימיו,גרמים,180.00,100 גרם,false,1,24.90,13.83,true,1,
7290109580210,false,נקנקיות ריינהולד'ס הצרפתיה זוגלובק 300 ג',זוגלובק,IL,נקניקיות עוף בקר,גרמים,300.00,100 גרם,false,1,23.90,7.97,true,1,
7290109580227,false,נקניקיות עוף ובקר בסגנון ברלינאי קאריוורסט,זוגלובק,IL,נקניקיות קאריוור,גרמים,300.00,100 גרם,false,1,23.90,7.97,true,1,
7290109580319,false,"בורגר וונדרס 0% בשר , טבעוני",זוגלובק וונדרס Wonders,IL,וונדרס בורגר,גרמים,280.00,100 גרם,false,1,34.90,12.46,true,1,
7290109580449,false,סלמי בטעם כמהין פרימיום זוגלובק 180 גרם,זוגלובק,IL,סלמי בטעם כמהין,גרמים,180.00,100 גרם,false,1,24.90,13.83,true,1,
7290109920146,false,"דורגול מסיר אבנית מקומקומים 750 מ""ל",יעקובי דורגול,CH,דורגול 750 מל,מיליליטרים,750.00,"100 מ""ל",false,1,22.90,3.05,true,1,
7290109920603,false,"אסטוניש קרם לניקוי המטבח 500 מ""ל",יעקבי- אסטוניש Astonish,GB,אסטוניש קרם,מיליליטרים,500.00,"100 מ""ל",false,1,13.90,2.78,true,1,
7290110001841,false,חמאת בוטנים טבעית 760 גר,בטר אנד דיפרנט,IL,תמאת בוטנים טבעי,גרמים,760.00,100 גרם,false,1,25.90,3.41,true,1,
7290110110277,false,"סומרסבי סיידר תפוחים אלכוהולי 4*300 מ""ל","קרלסברג קרואטיה , יב",HR,סומרסבי 4 יח',ליטרים,1.32,ליטר,false,1,29.90,22.65,true,1,
7290110110369,false,"שישייה בירה קרלסברג LUMA בקבוק 330 מ""ל",מבשלות בירה בינלאומיות ב,IL,קרלסברג לומה 6יח,ליטרים,1.98,ליטר,false,1,39.90,20.15,true,1,
7290110111809,false,"מארז פחיות פאנטה אורנג' שישייה 330 מ""ל",החברה המרכזית לייצור משק,IL,פאנטה אורנג 6 פח,ליטרים,1.98,ליטר,false,1,24.90,12.58,true,1,
7290110114787,false,נביעות+ מים מינרליים בטעם תפוח 1.5 ליטר,נביעות טבע הגליל בעמ,IL,נביעות+תפוח,ליטרים,1.50,ליטר,false,0,10.50,7.00,true,1,
7290110114794,false,נביעות+ מים מינרליים בטעם אפרסק 1.5 ליטר,"נביעות טבע הגליל בע""\מ ,",IL,נביעות+אפרסק,ליטרים,1.50,ליטר,false,0,10.50,7.00,true,1,
7290110114800,false,נביעות+ מים מינרליים בטעם ענבים 1.5 ליטר,פארייפאבה אגרואינדוס,IL,נביעות+ענבים,ליטרים,1.50,ליטר,false,0,10.50,7.00,true,1,
7290110114855,false,"נביעות מים מינרליים, שישיה 6 * 1.5 ליטר פקדון",נביעות טבע הגליל בעמ,IL,מים נביעות1.5*6ל,ליטרים,9.00,ליטר,false,0,13.70,1.52,true,1,
7290110114893,false,פריגת סחוט טרי תפוז 2 ליטר,היינץ צפון אמריקה מק,IL,מיץ תפוזים,ליטרים,2.00,ליטר,false,0,24.90,12.45,true,1,
7290110114954,false,מיץ תפוזים מתקתקים פריגת 2 ליטר,פריגת מצוננים,IL,מיץ תפוזים,ליטרים,2.00,ליטר,false,0,22.00,11.00,true,1,
7290110114961,false,משקה קל תפוזים פריגת 1.5 ליטר,מבשלות בירה בינלאומיות ב,IL,פריגת תפוזים,ליטרים,1.50,ליטר,false,0,9.90,6.60,true,1,
7290110114985,false,משקה קל אשכוליות פריגת 1.5 ליטר,מבשלות בירה בינלאומיות ב,IL,פריגת אשכוליו,ליטרים,1.50,ליטר,false,0,9.90,6.60,true,1,
7290110114992,false,משקה קל לייט אשכוליות פריגת 1.5 ליטר,מבשלות בירה בינלאומיות ב,IL,פריגת אשכולי,ליטרים,1.50,ליטר,false,0,9.50,6.33,true,1,
7290110115005,false,משקה קל ענבים פריגת 1.5 ליטר,מבשלות בירה בינלאומיות ב,IL,פריגת ענבים,ליטרים,1.50,ליטר,false,0,9.90,6.60,true,1,
7290110115036,false,משקה קל מנגו פריגת 1.5 ליטר,מבשלות בירה בינלאומיות ב,IL,פריגת מנגו,ליטרים,1.50,ליטר,false,0,9.90,6.60,true,1,
7290110115043,false,משקה קל לימונענע פריגת 1.5 ליטר,מבשלות בירה בינלאומיות ב,IL,"משק""ל פריגת",ליטרים,1.50,ליטר,false,0,9.90,6.60,true,1,
7290110115050,false,פריגת מיקס תות בננה 1.5 ליטר פיקדון,מבשלות בירה בינלאומיות ב,IL,פריגת תות בננ,ליטרים,1.50,ליטר,false,0,9.90,6.60,true,1,
7290110115081,false,פריגת צלול ענבים 1.5 ליטר פיקדון,"מבשלות בירה לישראל בע""\מ",IL,פריגת צלול ענ,ליטרים,1.50,ליטר,false,0,8.90,5.93,true,1,
7290110115111,false,פריגת צלול אננס 1.5 ליטר פיקדון,"מבשלות בירה לישראל בע""\מ",IL,פריגת צלול אנ,ליטרים,1.50,ליטר,false,0,8.90,5.93,true,1,
7290110115203,false,קוקה קולה 1.5 ליטר פיקדון,החברה המרכזית לייצור משק,IL,קוקה קולה,ליטרים,1.50,ליטר,false,0,9.20,6.13,true,1,
7290110115210,false,דיאט קוקה קולה 1.5 ליטר פיקדון,החברה המרכזית לייצור משק,IL,קוקה קולה דיא,ליטרים,1.50,ליטר,false,0,8.90,5.93,true,1,
7290110115227,false,קוקה-קולה זירו בקבוק 1.5 ליטר,החברה המרכזית לייצור משק,IL,קוקה קולה זיר,ליטרים,1.50,ליטר,false,0,9.50,6.33,true,1,
7290110115234,false,קוקה-קולה זירו נטול בקבוק 1.5 ליטר,החברה המרכזית לייצור משק,IL,קולה זירו נטו,ליטרים,1.50,ליטר,false,0,9.50,6.33,true,1,
7290110115241,false,קוקה-קולה זירו לימון בקבוק 1.5 ליטר,החברה המרכזית לייצור משק,IL,קולה זירו לימ,ליטרים,1.50,ליטר,false,0,9.50,6.33,true,1,
7290110115258,false,קוקה-קולה זירו מנגו בקבוק 1.5 ליטר,החברה המרכזית לייצור משק,IL,קולה זירו מנג,ליטרים,1.50,ליטר,false,0,9.50,6.33,true,1,
7290110115265,false,ספרייט לימון ליים 1.5 ליטר-,החברה המרכזית לייצור משק,IL,ספרייט ליים,ליטרים,1.50,ליטר,false,0,9.20,6.13,true,1,
7290110115272,false,ZERO ספרייט 1.5 ליטר פיקדון,החברה המרכזית לייצור משק,IL,ספרייט זירו,ליטרים,1.50,ליטר,false,0,9.50,6.33,true,1,
7290110115289,false,ספרייט 19 קל' לימון-נענע 1.5 ליטר פיקדון,החברה המרכזית לייצור משק,IL,ספרייט נענע,ליטרים,1.50,ליטר,false,0,9.50,6.33,true,1,
7290110115296,false,משקה מוגז אורנג' פאנטה 1.5 ליטר,החברה המרכזית לייצור משק,IL,פאנטה אורנג',ליטרים,1.50,ליטר,false,0,10.00,6.67,true,1,
7290110115302,false,משקה מוגז אורנג' זירו פאנטה 1.5 ליטר,החברה המרכזית לייצור משק,IL,פאנטה זירו או,ליטרים,1.50,ליטר,false,0,10.00,6.67,true,1,
7290110115319,false,פאנטה אקזוטיק 1.5 ליטר פיקדון,החברה המרכזית לייצור משק,IL,פאנטה אקזוטי,ליטרים,1.50,ליטר,false,0,10.00,6.67,true,1,
7290110115333,false,פאנטה תות 1.5 ליטר פיקדון,החברה המרכזית לייצור משק,IL,פאנטה תות,ליטרים,1.50,ליטר,false,0,10.00,6.67,true,1,
7290110115357,false,קינלי סודה 1.5 ליטר פיקדון,החברה המרכזית לייצור משק,IL,קינלי סודה,ליטרים,1.50,ליטר,false,0,4.90,3.27,true,1,
7290110115364,false,שישייה קוקה קולה 1.5 ליטר פיקדון,החברה המרכזית לייצור משק,IL,קוקה קולה1.5*6ל,ליטרים,9.00,ליטר,false,0,52.90,5.88,true,1,
7290110115371,false,דיאט קוקה קולה שישיות 1.5 ליטר פיקדון,החברה המרכזית לייצור משק,IL,קולה דיאט1.5*6ל,ליטרים,9.00,ליטר,false,0,49.90,5.54,true,1,
7290110115388,false,ספרייט ליים שישיות 1.5 ליטר פיקדון,החברה המרכזית לייצור משק,IL,ספרייט ליים1.5*6,ליטרים,9.00,ליטר,false,0,47.90,5.33,true,1,
7290110115395,false,ZERO ספרייט שישיות 1.5 ליטר פיקדון,החברה המרכזית לייצור משק,IL,ספרייט זירו1.5*6,ליטרים,9.00,ליטר,false,0,45.90,5.10,true,1,
7290110115401,false,קינלי סודה שישייה 1.5 ליטר פיקדון,החברה המרכזית לייצור משק,IL,קינלי סודה1.5*6ל,ליטרים,9.00,ליטר,false,0,16.90,1.88,true,1,
7290110115418,false,מארז שישייה קוקה קולה זירו 1.5 ל',החברה המרכזית לייצור משק,IL,קולה זירו1.5*6ל,ליטרים,9.00,ליטר,false,0,49.90,5.54,true,1,
7290110115425,false,FUZE TEA גרין לימונענע -נענע 1.5 ליטר פיקדון,מבשלות בירה בינלאומיות ב,IL,פיוז תה לימון,ליטרים,1.50,ליטר,false,0,9.90,6.60,true,1,
7290110115449,false,אייס תה בטעם מנגו אננס 1.5ל' FUZE TEA,מבשלות בירה בינלאומיות ב,IL,תה מנגו אננס,ליטרים,1.50,ליטר,false,0,10.20,6.80,true,1,
7290110115456,false,"תה קר בטעם אפרסק 19 קלוריות ב- 100 מ""ל",מבשלות בירה בינלאומיות ב,IL,פיוז תה אפרסק,ליטרים,1.50,ליטר,false,0,9.90,6.60,true,1,
7290110115463,false,פיוז טי אפרסק 1.5 ליטר פיקדון,מבשלות בירה בינלאומיות ב,IL,פיוז תה אפרסק,ליטרים,1.50,ליטר,false,0,10.20,6.80,true,1,
7290110115586,false,פריגת תפוזים 40% פחות סוכר 1.5 ליטר פיקדון,מבשלות בירה בינלאומיות ב,IL,פריגת תפוזים,ליטרים,1.50,ליטר,false,0,9.50,6.33,true,1,
7290110115616,false,FUZE tea zero גרין אננס 1.5 ליטר פיקדון,מבשלות בירה בינלאומיות ב,IL,פיוז תה אננס,ליטרים,1.50,ליטר,false,1,9.90,6.60,true,1,
7290110115623,false,משקה פיוז טי זירו ZERO בטעם אפרסק,מבשלות בירה בינלאומיות ב,IL,פיוז תה אפרסק,ליטרים,1.50,ליטר,false,1,9.90,6.60,true,1,
7290110116064,false,פאנטה ZERO פירות ירוק 1.5 ליטר פיקדון,החברה המרכזית לייצור משק,IL,פאנטה זירו ירוק,ליטרים,1.50,ליטר,false,1,10.00,6.67,true,1,
7290110116125,false,"סירופ בטעם פטל פריגת 750 מ""ל",סירופ - גבעת חיים,IL,סירופ בטעם פטל,מיליליטרים,750.00,"100 מ""ל",false,1,25.90,3.45,true,1,
7290110116132,false,"סירופ בטעם לימון פריגת 750 מ""ל",סירופ - גבעת חיים,IL,סירופ בטעם לימון,מיליליטרים,750.00,"100 מ""ל",false,1,25.90,3.45,true,1,
7290110116149,false,"סירופ בטעם ענבים פריגת 750 מ""ל",סירופ - גבעת חיים,IL,סירופ בטעם ענבים,מיליליטרים,750.00,"100 מ""ל",false,1,25.90,3.45,true,1,
7290110116217,false,נביעות+ סדרת 0 קלוריות אשכוליות 1.5 ליטר,"נביעות טבע הגליל בע""\מ",IL,נביעות+אשכולית,ליטרים,1.50,ליטר,false,1,10.50,7.00,true,1,
7290110116552,false,ספרייט לימון היט 1.5 ליטר LIME פיקדון,החברה המרכזית לייצור משק,IL,ספרייט למון היט,ליטרים,1.50,ליטר,false,1,9.20,6.13,true,1,
7290110116569,false,"ספרייט זירו ZERO בק LEMON HIT, 1.5 ליטר",החברה המרכזית לייצור משק,IL,ספרייט זירו למון,ליטרים,1.50,ליטר,false,1,9.50,6.33,true,1,
=======
7290108350616,false,סנו - מקסימה מרכך כביסה מרוכז פריחה כחולה 1 ליטר,החברה הדרומית לשיווק בעמ,IL,מרכך מקסימה,ליטרים,1.00,ליטר,false,1,18.90,18.90,true,1,
7290108350623,false,מרכך כביסה סופר מרוכז סופט סילק מקסימה 1 ל' סנו,החברה הדרומית לשיווק בעמ,IL,מרכך מקסימה,ליטרים,1.00,ליטר,false,1,18.90,18.90,true,1,
7290108351552,false,"סנו - ג'ט לניקוי כללי בתוספת חומץ בניחוח לבנדר 750 מ""ל",החברה הדרומית לשיווק בעמ,IL,סנו ג'ט עם חומץ,מיליליטרים,750.00,"100 מ""ל",false,1,10.90,1.45,true,1,
7290108351583,false,"סנו - ג'ט פלוס חומץ ג'ל לניקוי אסלות לבנדר 750 מ""ל",החברה הדרומית לשיווק בעמ,IL,סנו ג'ט לאסלות,מיליליטרים,750.00,"100 מ""ל",false,1,10.90,1.46,true,1,
7290108351613,false,סנו ריצפז פרש הום 2 ליטר בניחוח מלון חלומי,החברה הדרומית לשיווק בעמ,IL,ריצפז פרש הום,ליטרים,2.00,ליטר,false,1,21.90,10.95,true,1,
7290108351750,false,נ.לניקוי רצפות סנו גרין פאוור אקולוגי 2ל,סנו מפעלי ברונוס בעמ,IL,נוזל לניקוי רצפו,ליטרים,2.00,ליטר,false,1,20.20,10.10,true,1,
7290108351842,false,"מקסימה בושם מרוכז לכביסה FOREVER כחול 600מ""ל",החברה הדרומית לשיווק בעמ,IL,בושם לכביסה,מיליליטרים,600.00,"100 מ""ל",false,1,23.90,3.98,true,1,
7290108352252,false,נוזל לניקוי כלים מתאים לניקוי ירקות ופירות סנו ספארק,החברה הדרומית לשיווק בעמ,IL,ספארק נוזל כלים,ליטרים,1.00,ליטר,false,1,12.90,12.90,true,1,
7290108352320,false,"מבשם אויר סנו פרש הום בניחוח כותנה מלטפת 350 מ""ל",החברה הדרומית לשיווק בעמ,IL,סנופרש הום,מיליליטרים,350.00,"100 מ""ל",false,1,12.90,3.69,true,1,
7290108352344,false,"פרש מבשם אויר אוטומטי בניחוח לבנדר סנו 250 מ""ל",החברה הדרומית לשיווק בעמ,IL,סנו פרש מילוי,מיליליטרים,250.00,"100 מ""ל",false,1,13.90,5.56,true,1,
7290108352511,false,"מקסימה לניקוי וחיטוי מכונת כביסה שקית 500 מ""ל",החברה הדרומית לשיווק בעמ,IL,מנקה מכונת כביסה,מיליליטרים,500.00,"100 מ""ל",false,1,13.90,2.78,true,1,
7290108352641,false,סנו סושי מטלית הפלא לניקוי כללי במארז שלישייה,החברה הדרומית לשיווק בעמ,CN,מטליות הפלא 3 יח,יחידה,1.00,יחידה,false,1,14.90,14.90,true,1,
7290108352672,false,צמד מטליות הפלא לרצפה מיקרפייבר סנו סושי,החברה הדרומית לשיווק בעמ,CN,מטליות לרצפה 2יח,יחידה,1.00,יחידה,false,1,19.90,19.90,true,1,
7290108352900,false,מגבות נייר בגליל כפול סנו סושי 12=6 גלילים,החברה הדרומית לשיווק בעמ,IL,מגבות נייר,מטרים,126.00,מטר,false,1,20.90,0.17,true,1,
7290108353099,false,ממחטות אף במארז ניילון סנו סופט 5 יח' * 100 דף,החברה הדרומית לשיווק בעמ,CN,ממחטות סופט מארז,יחידה,1.00,יחידה,false,1,13.90,13.90,true,1,
7290108353440,false,אורביטול מברשות שיניים נאנו לחניכיים 2יח,החברה הדרומית לשיווק בעמ,CN,מברשות שיניים2יח,יחידה,1.00,יחידה,false,1,31.90,31.90,true,1,
7290108353891,false,"קרמה - דאודורנט רול און לאישה קרמה מאסק 75 מ""ל",החברה הדרומית לשיווק בעמ,IL,דאודורנט קרמה,מיליליטרים,75.00,"100 מ""ל",false,1,15.90,21.20,true,1,
7290108353907,false,"קרמה - דאודורנט רול און לאישה קרמה קלאסי 75 מ""ל",החברה הדרומית לשיווק בעמ,IL,דאודורנט קרמה,מיליליטרים,75.00,"100 מ""ל",false,1,15.90,21.20,true,1,
7290108353983,false,"קרמה - קרם גוף קרמה קלאסי 500 מ""ל",החברה הדרומית לשיווק בעמ,IL,קרם גוף קלאסי,מיליליטרים,500.00,"100 מ""ל",false,1,21.90,4.38,true,1,
7290108354164,false,"כיף שלישיית אל סבון קטיפתי מועשר בשמנים 3*500 מ""ל",החברה הדרומית לשיווק בעמ,IL,אלסבון כיף 3 יח,ליטרים,1.50,ליטר,false,1,21.90,14.60,true,1,
7290108354706,false,"קרמה - תחליב רחצה מאסק 500 מ""ל",החברה הדרומית לשיווק בעמ,IL,תחליב רחצה קרמה,מיליליטרים,500.00,"100 מ""ל",false,1,14.90,2.98,true,1,
7290108354713,false,"קרמה - תחליב רחצה קלאסי 500 מ""ל",החברה הדרומית לשיווק בעמ,IL,תחליב רחצה קרמה,מיליליטרים,500.00,"100 מ""ל",false,1,14.90,2.98,true,1,
7290108354751,false,"סנו - ג'ט מרסס לניקוי כללי בתוספת אבקת סודה 750 מ""ל",החברה הדרומית לשיווק בעמ,IL,סנו ג'ט עם סודה,מיליליטרים,750.00,"100 מ""ל",false,1,10.90,1.45,true,1,
7290108354973,false,"סבון ידיים קרמה ורד ווניל 300 מ""ל",החברה הדרומית לשיווק בעמ,IL,סבון ידיים קרמה,מיליליטרים,300.00,"100 מ""ל",false,1,10.90,3.63,true,1,
7290108355178,false,"קרמה - קרם ידיים חמאת שיאה וקוקוי 100 מ""ל",החברה הדרומית לשיווק בעמ,IL,קרמה קרם ידיים,מיליליטרים,100.00,"100 מ""ל",false,1,11.90,11.90,true,1,
7290108355185,false,"נטורל מסיכת קרטין אינטנס למניעת קשקשים 350 מ""ל",החברה הדרומית לשיווק בעמ,IL,מסכה נטורל פורמו,מיליליטרים,350.00,"100 מ""ל",false,1,39.90,11.40,true,1,
7290108355208,false,"שמפו קרטין אינטנס למניעת קשקשים נטורל 400 מ""ל",החברה הדרומית לשיווק בעמ,IL,שמפו נטורל פורמו,מיליליטרים,400.00,"100 מ""ל",false,1,29.90,7.48,true,1,
7290108355536,false,"קרמה - דאודורנט ספריי לאישה קרמה ורד וניל 150 מ""ל",החברה הדרומית לשיווק בעמ,TR,דאודורנט קרמה,מיליליטרים,150.00,"100 מ""ל",false,1,16.90,11.27,true,1,
7290108356106,false,כיף תחליב רחצה חלב שקדים 700 מל,החברה הדרומית לשיווק בעמ,IL,כיף תחליב רחצה,מיליליטרים,700.00,"100 מ""ל",false,1,12.90,1.84,true,1,
7290108356113,false,תחליב רחצה כיף ניחוח דבש 700 מל,החברה הדרומית לשיווק בעמ,IL,כיף תחליב רחצה,מיליליטרים,700.00,"100 מ""ל",false,1,12.90,1.84,true,1,
7290108356168,false,תחליב רחצה כיף ניחוח אוקיינס700 מל,החברה הדרומית לשיווק בעמ,IL,כיף תחליב רחצה,מיליליטרים,700.00,"100 מ""ל",false,1,12.90,1.84,true,1,
7290108356274,false,"כיף - מוס רחצה בניחוח תותים ושמנת 150 מ""ל",החברה הדרומית לשיווק בעמ,TR,כיף מוס רחצה,מיליליטרים,150.00,"100 מ""ל",false,1,12.90,8.60,true,1,
7290108356298,false,"כיף - מוס רחצה בניחוח קרם עוגיות 150 מ""ל",החברה הדרומית לשיווק בעמ,TR,כיף מוס רחצה,מיליליטרים,150.00,"100 מ""ל",false,1,12.90,8.60,true,1,
7290108356526,false,"קרליין - שמפו 10 לשיער יבש 700 מ""ל",החברה הדרומית לשיווק בעמ,IL,שמפו 10 קרליין,מיליליטרים,700.00,"100 מ""ל",false,1,14.90,2.13,true,1,
7290108356564,false,"קרליין - מרכך 10 לשיער רגיל 700 מ""ל",החברה הדרומית לשיווק בעמ,IL,מרכך 10 קרליין,מיליליטרים,700.00,"100 מ""ל",false,1,14.90,2.13,true,1,
7290108356809,false,סבון בוטני ורד ומרווה לניקוי וטיפוח הידיים טבעוני 1 ל' כיף,החברה הדרומית לשיווק בעמ,IL,כיף סבון בוטני,ליטרים,1.00,ליטר,false,1,14.90,14.90,true,1,
7290108357011,false,כיף קונדישינר לשיער שמן קוקוי 700 מל,החברה הדרומית לשיווק בעמ,IL,מרכך שיער כיף,מיליליטרים,700.00,"100 מ""ל",false,1,13.90,1.99,true,1,
7290108357080,false,"קרליין - נושם ביו דאודורנט ספריי 150 מ""ל Secret Garden לאישה",החברה הדרומית לשיווק בעמ,CZ,דאו.ספריי ביו,מיליליטרים,150.00,"100 מ""ל",false,1,16.90,11.27,true,1,
7290108357271,false,סנובון ג'ל לניקוי אסלות עם חמצן פעיל לניקוי עוצמתי,החברה הדרומית לשיווק בעמ,IL,סנובון עם חמצן,מיליליטרים,750.00,"100 מ""ל",false,1,11.90,1.59,true,1,
7290108357417,false,"קרמה - קרם גוף קרמה ורד ווניל 500 מ""ל",החברה הדרומית לשיווק בעמ,IL,קרם גוף ורד ווני,מיליליטרים,500.00,"100 מ""ל",false,1,21.90,4.38,true,1,
7290108357707,false,"כיף שמפו לשיער רגיל- תפוח זרעי צ'יה 700 מ""ל",החברה הדרומית לשיווק בעמ,IL,כיף שמפו,מיליליטרים,700.00,"100 מ""ל",false,1,13.90,1.99,true,1,
7290108357714,false,"כיף שמפו לשיער יבש -רימונים ושמן ארגן 700 מ""ל",החברה הדרומית לשיווק בעמ,IL,כיף שמפו,מיליליטרים,700.00,"100 מ""ל",false,1,13.90,1.99,true,1,
7290108357769,false,"מרכך לשיער רגיל תפוח וזרעי צ'יה 700 מ""ל כיף",החברה הדרומית לשיווק בעמ,IL,כיף מרכך שיער,מיליליטרים,700.00,"100 מ""ל",false,1,13.90,1.99,true,1,
7290108357776,false,"כיף מרכך לשיער יבש -רימונים ושמן ארגן 700 מ""ל",החברה הדרומית לשיווק בעמ,IL,כיף מרכך שיער,מיליליטרים,700.00,"100 מ""ל",false,1,13.90,1.99,true,1,
7290108357851,false,"כיף - ג'ל רחצה אליקסיר אוילס מועשר בשמן קוקוס 700 מ""ל",החברה הדרומית לשיווק בעמ,IL,כיף ג'ל רחצה,מיליליטרים,700.00,"100 מ""ל",false,1,12.90,1.84,true,1,
7290108357875,false,"כיף - שמפו לחות מוגברת עם אפרסק וחמאת מורומורו 700 מ""ל",החברה הדרומית לשיווק בעמ,IL,כיף שמפו אפרסק,מיליליטרים,700.00,"100 מ""ל",false,1,13.90,1.99,true,1,
7290108357882,false,"כיף - מרכך לחות מוגברת עם אפרסק וחמאת מורומורו 700 מ""ל",החברה הדרומית לשיווק בעמ,IL,כיף מרכך לשיער,מיליליטרים,700.00,"100 מ""ל",false,1,13.90,1.99,true,1,
7290108358070,false,"תחליב רחצה קרמה קלאסי 700 מ""ל",החברה הדרומית לשיווק בעמ,IL,קרמה תחליב רחצה,מיליליטרים,700.00,"100 מ""ל",false,1,17.90,2.56,true,1,
7290108358087,false,"תחליב רחצה קרמה מאסק 700 מ""ל",החברה הדרומית לשיווק בעמ,IL,תחליב רחצה קרמה,מיליליטרים,700.00,"100 מ""ל",false,1,17.90,2.56,true,1,
7290108358124,false,דפי בישום לחים למייבש הכביסה בניחוח מרכך כביסה 20 יח' מקסימה,טרופיגל דגיל תעשיות קוסמ,IL,דפי בישום למייבש,יחידה,1.00,יחידה,false,1,14.90,14.90,true,1,
7290108359985,false,סנו - ז'אוול מרסס קצף לניקוי וחינו בניחוח פריחה לבנה 1 ליטר,החברה הדרומית לשיווק בעמ,IL,ג'אוול קצף ניקוי,ליטרים,1.00,ליטר,false,1,19.90,19.90,true,1,
7290108501827,false,קדאיף שערות בצק ויליפוד 450 גרם,ג.וילי-פוד אינטרנשיונל **גבינו,GR,קדאיף שערות בצק,גרמים,450.00,100 גרם,false,1,22.90,5.09,true,1,
7290108506426,false,סימיט בייגלה קפוא 400 גר` פינוקים וילי פ,ג.וילי-פוד אינטרנשיונל **גבינו,TR,סימיט בייגלה,גרמים,400.00,100 גרם,false,1,10.90,2.73,true,1,
7290108507652,false,ביסקויט פריך בשוקולד לבן 100 גרם -קהילות,ג. וילי-פוד אינטרנשיונל בע`מ,TR,ביסקויט מצופנ,גרמים,100.00,100 גרם,false,1,7.60,7.60,true,1,
7290108508130,false,עגבניות איטלקיות מרוסקות 390 גרם,ג.וילי פוד אינטרנשיונל בעמ,IT,עגבניות מרוסקות,גרמים,390.00,100 גרם,false,1,9.90,2.54,true,1,
7290108508147,false,מחית עגבניות איטלקיות ויליפוד 500 גרם,ג.וילי פוד אינטרנשיונל בעמ,IT,מחית עגבניות,גרמים,500.00,100 גרם,false,1,9.90,1.98,true,1,
7290108509700,false,אורז פרסי 1 קג`DAAWAT וילי פוד,ג. וילי-פוד אינטרנשיונל בע`מ,IN,אורז פרסי דאווט,קילוגרמים,1.00,"ק""ג",false,1,10.90,10.90,true,1,
7290109351025,false,מלך החומוס חומוסטחינה 40% טחינה גולמית,קבוצת אוסם סחר שותפות מוגבלת,IL,חומוסטחינה צבר,גרמים,400.00,100 גרם,false,1,14.90,3.73,true,1,
7290109351957,false,פריכיות פיטנס מיני גדולות שוקולד חלב 100ג',קבוצת אוסם סחר שותפות מוגבלת,BE,פריכיות פיטנס,גרמים,100.00,100 גרם,false,1,8.90,8.90,true,1,
7290109352916,false,פריכיות דגנים פיטנס מצופות שוקולד לבן,קבוצת אוסם סחר שותפות מוגבלת,IL,פיטנס בר פריכיות,גרמים,84.00,100 גרם,false,1,14.50,17.26,true,1,
7290109354057,false,קרחון לה פרוטה שרבט אננס תפוז מאגדת 5 יח',נגה גלידות שותפות מוגבלת,IL,מאגדת לה פרוטה,גרמים,350.00,100 גרם,false,1,29.90,8.54,true,1,
7290109354972,false,אוסם - פתי בר וניל חלבי ללא גלוטן 200 גרם,קבוצת אוסם סחר שותפות מוגבלת,IL,פתי בר ללא גלוטן,גרמים,200.00,100 גרם,false,1,11.50,5.75,true,1,
7290109354996,false,פתי בר ללא גלוטן שוקו 200 גרם אסם,קבוצת אוסם סחר שותפות מוגבלת,IL,פתי בר ללא גלוטן,גרמים,200.00,100 גרם,false,1,11.50,5.75,true,1,
7290109358765,false,דגני בוקר קראנץ' רולס נוגט 450 גרם,קבוצת אוסם סחר-שות.מוגבלת,IL,קראנץ' רולס,גרמים,450.00,100 גרם,false,1,27.90,6.20,true,1,
7290109580067,false,וונדרס טחון מן הצומח 340 גר`,זוגלובק שיווק בעמ ו/או וונדרס,IL,וונדרס טחון,גרמים,340.00,100 גרם,false,1,34.90,10.26,true,1,
7290109580104,false,רוסטביף פרימיום זוגלובק 150 גרם,נקניק זוגלובק נהריה,IL,רוסטביף פרימיום,גרמים,150.00,100 גרם,false,1,24.90,16.60,true,1,
7290109580135,false,קורנדביף פרימיום 180 גרם זוגלובק,נקניק זוגלובק נהריה,IL,קורנדביף פרימיו,גרמים,180.00,100 גרם,false,1,24.90,13.83,true,1,
7290109580210,false,נקנקיות ריינהולד'ס הצרפתיה זוגלובק 300 ג',נקניק זוגלובק נהריה,IL,נקניקיות עוף בקר,גרמים,300.00,100 גרם,false,1,23.90,7.97,true,1,
7290109580227,false,נקניקיות עוף ובקר בסגנון ברלינאי קאריוורסט,נקניק זוגלובק נהריה,IL,נקניקיות קאריוור,גרמים,300.00,100 גרם,false,1,23.90,7.97,true,1,
7290109580319,false,"בורגר וונדרס 0% בשר , טבעוני",זוגלובק שיווק בעמ ו/או וונדרס,IL,וונדרס בורגר,גרמים,280.00,100 גרם,false,1,34.90,12.46,true,1,
7290109580449,false,סלמי בטעם כמהין פרימיום זוגלובק 180 גרם,נקניק זוגלובק נהריה,IL,סלמי בטעם כמהין,גרמים,180.00,100 גרם,false,1,24.90,13.83,true,1,
7290109920146,false,"דורגול מסיר אבנית מקומקומים 750 מ""ל",יעקב יעקבי ובניו בע`מ,CH,דורגול 750 מל,מיליליטרים,750.00,"100 מ""ל",false,1,22.90,3.05,true,1,
7290109920603,false,"אסטוניש קרם לניקוי המטבח 500 מ""ל",יעקב יעקבי ובניו בע`מ,GB,אסטוניש קרם,מיליליטרים,500.00,"100 מ""ל",false,1,13.90,2.78,true,1,
7290110001841,false,חמאת בוטנים טבעית 760 גר,בטר אנד דיפרנט,IL,תמאת בוטנים טבעי,גרמים,760.00,100 גרם,false,1,25.90,3.41,true,1,
7290110110277,false,"סומרסבי סיידר תפוחים אלכוהולי 4*300 מ""ל",החברה המרכזית להפצת משקאות בעמ,HR,סומרסבי 4 יח',ליטרים,1.32,ליטר,false,1,29.90,22.65,true,1,
7290110110369,false,"שישייה בירה קרלסברג LUMA בקבוק 330 מ""ל",החברה המרכזית להפצת משקאות בעמ,IL,קרלסברג לומה 6יח,ליטרים,1.98,ליטר,false,1,39.90,20.15,true,1,
7290110111809,false,"מארז פחיות פאנטה אורנג' שישייה 330 מ""ל",החברה המרכזית לייצור משק,IL,פאנטה אורנג 6 פח,ליטרים,1.98,ליטר,false,1,24.90,12.58,true,1,
7290110114787,false,נביעות+ מים מינרליים בטעם תפוח 1.5 ליטר,החברה המרכזית להפצת משקאות בעמ,IL,נביעות+תפוח,ליטרים,1.50,ליטר,false,0,10.50,7.00,true,1,
7290110114794,false,נביעות+ מים מינרליים בטעם אפרסק 1.5 ליטר,החברה המרכזית להפצת משקאות בעמ,IL,נביעות+אפרסק,ליטרים,1.50,ליטר,false,0,10.50,7.00,true,1,
7290110114800,false,נביעות+ מים מינרליים בטעם ענבים 1.5 ליטר,החברה המרכזית להפצת משקאות בעמ,IL,נביעות+ענבים,ליטרים,1.50,ליטר,false,0,10.50,7.00,true,1,
7290110114855,false,"נביעות מים מינרליים, שישיה 6 * 1.5 ליטר פקדון",החברה המרכזית להפצת משקאות בעמ,IL,מים נביעות1.5*6ל,ליטרים,9.00,ליטר,false,0,13.70,1.52,true,1,
7290110114893,false,מיץ תפוזים מפוסטר סחוט 2 ליטר,החברה המרכזית טלהפצת משקאות בע,IL,מיץ תפוזים,ליטרים,2.00,ליטר,false,0,24.90,12.45,true,1,
7290110114954,false,מיץ תפוזים מתקתקים פריגת 2 ליטר,החברה המרכזית טלהפצת משקאות בע,IL,מיץ תפוזים,ליטרים,2.00,ליטר,false,0,22.00,11.00,true,1,
7290110114961,false,משקה קל בטעם תפוזים פריגת (1.5 ליטר),החברה המרכזית להפצת משקאות בעמ,IL,פריגת תפוזים,ליטרים,1.50,ליטר,false,0,9.90,6.60,true,1,
7290110114985,false,משקה קל בטעם אשכוליות פריגת (1.5 ליטר),החברה המרכזית להפצת משקאות בעמ,IL,פריגת אשכוליו,ליטרים,1.50,ליטר,false,0,9.90,6.60,true,1,
7290110114992,false,משקה קל בטעם אשכוליות לייט פריגת (1.5 לי,החברה המרכזית להפצת משקאות בעמ,IL,פריגת אשכולי,ליטרים,1.50,ליטר,false,0,9.50,6.33,true,1,
7290110115005,false,משקה קל בטעם ענבים פריגת (1.5 ליטר),החברה המרכזית להפצת משקאות בעמ,IL,פריגת ענבים,ליטרים,1.50,ליטר,false,0,9.90,6.60,true,1,
7290110115036,false,משקה קל בטעם מנגו פריגת (1.5 ליטר),החברה המרכזית להפצת משקאות בעמ,IL,פריגת מנגו,ליטרים,1.50,ליטר,false,0,9.90,6.60,true,1,
7290110115043,false,משקה קל בטעם לימונענע פריגת (1.5 ליטר),החברה המרכזית להפצת משקאות בעמ,IL,"משק""ל פריגת",ליטרים,1.50,ליטר,false,0,9.90,6.60,true,1,
7290110115050,false,משקה קל בטעם תות בננה פריגת (1.5 ליטר),החברה המרכזית להפצת משקאות בעמ,IL,פריגת תות בננ,ליטרים,1.50,ליטר,false,0,9.90,6.60,true,1,
7290110115081,false,פריגת צלול ענבים 1.5 ליטר פיקדון,החברה המרכזית להפצת משקאות בעמ,IL,פריגת צלול ענ,ליטרים,1.50,ליטר,false,0,8.90,5.93,true,1,
7290110115111,false,פריגת צלול אננס 1.5 ליטר פיקדון,החברה המרכזית להפצת משקאות בעמ,IL,פריגת צלול אנ,ליטרים,1.50,ליטר,false,0,8.90,5.93,true,1,
7290110115203,false,קוקה קולה 1.5 ליטר פיקדון,החברה המרכזית להפצת משקאות בעמ,IL,קוקה קולה,ליטרים,1.50,ליטר,false,0,9.20,6.13,true,1,
7290110115210,false,קוקה קולה דיאט 1.5 ליטר פיקדון,החברה המרכזית להפצת משקאות בעמ,IL,קוקה קולה דיא,ליטרים,1.50,ליטר,false,0,8.90,5.93,true,1,
7290110115227,false,קוקה קולה Zero בקבוק 1.5 ליטר פיקדון,החברה המרכזית להפצת משקאות בעמ,IL,קוקה קולה זיר,ליטרים,1.50,ליטר,false,0,9.50,6.33,true,1,
7290110115234,false,קוקה קולה דיאט זירו 1.5 ליטר פיקדון,החברה המרכזית להפצת משקאות בעמ,IL,קולה זירו נטו,ליטרים,1.50,ליטר,false,0,9.50,6.33,true,1,
7290110115241,false,קוקה קולה דיאט לימון 1.5 ליטר פיקדון,החברה המרכזית להפצת משקאות בעמ,IL,קולה זירו לימ,ליטרים,1.50,ליטר,false,0,9.50,6.33,true,1,
7290110115258,false,קוקה-קולה זירו מנגו בקבוק 1.5 ליטר,החברה המרכזית להפצת משקאות בעמ,IL,קולה זירו מנג,ליטרים,1.50,ליטר,false,0,9.50,6.33,true,1,
7290110115265,false,ספרייט לימון ליים 1.5 ליטר-,החברה המרכזית להפצת משקאות בעמ,IL,ספרייט ליים,ליטרים,1.50,ליטר,false,0,9.20,6.13,true,1,
7290110115272,false,ZERO ספרייט 1.5 ליטר פיקדון,החברה המרכזית להפצת משקאות בעמ,IL,ספרייט זירו,ליטרים,1.50,ליטר,false,0,9.50,6.33,true,1,
7290110115289,false,ספרייט 19 קל' לימון-נענע 1.5 ליטר פיקדון,החברה המרכזית להפצת משקאות בעמ,IL,ספרייט נענע,ליטרים,1.50,ליטר,false,0,9.50,6.33,true,1,
7290110115296,false,גזוז בטעם תפוז פאנטה 1.5 ליטר פיקדון,החברה המרכזית להפצת משקאות בעמ,IL,פאנטה אורנג',ליטרים,1.50,ליטר,false,0,10.00,6.67,true,1,
7290110115302,false,משקה מוגז אורנג' זירו פאנטה 1.5 ליטר,החברה המרכזית להפצת משקאות בעמ,IL,פאנטה זירו או,ליטרים,1.50,ליטר,false,0,10.00,6.67,true,1,
7290110115319,false,פאנטה אקזוטי פירות טרופיים 1.5ל פיקדון,החברה המרכזית להפצת משקאות בעמ,IL,פאנטה אקזוטי,ליטרים,1.50,ליטר,false,0,10.00,6.67,true,1,
7290110115333,false,גזוז בטעם תות פאנטה 1.5 ליטר פיקדון,החברה המרכזית להפצת משקאות בעמ,IL,פאנטה תות,ליטרים,1.50,ליטר,false,0,10.00,6.67,true,1,
7290110115357,false,קינלי סודה 1.5 ליטר פיקדון,החברה המרכזית להפצת משקאות בעמ,IL,קינלי סודה,ליטרים,1.50,ליטר,false,0,4.90,3.27,true,1,
7290110115364,false,שישייה קוקה קולה 1.5 ליטר פיקדון,החברה המרכזית להפצת משקאות בעמ,IL,קוקה קולה1.5*6ל,ליטרים,9.00,ליטר,false,0,52.90,5.88,true,1,
7290110115371,false,דיאט קוקה קולה שישיות 1.5 ליטר פיקדון,החברה המרכזית להפצת משקאות בעמ,IL,קולה דיאט1.5*6ל,ליטרים,9.00,ליטר,false,0,49.90,5.54,true,1,
7290110115388,false,ספרייט לימון ליים 1.5 ליטר מארז שישייה,החברה המרכזית להפצת משקאות בעמ,IL,ספרייט ליים1.5*6,ליטרים,9.00,ליטר,false,0,47.90,5.33,true,1,
7290110115395,false,ספרייט זירו שישיות 1.5 ליטר פיקדון,החברה המרכזית להפצת משקאות בעמ,IL,ספרייט זירו1.5*6,ליטרים,9.00,ליטר,false,0,45.90,5.10,true,1,
7290110115401,false,קינלי סודה שישייה 1.5 ליטר פיקדון,החברה המרכזית להפצת משקאות בעמ,IL,קינלי סודה1.5*6ל,ליטרים,9.00,ליטר,false,0,16.90,1.88,true,1,
7290110115418,false,קוקה קולה זירו 1.5 ליטר מארז שישייה,החברה המרכזית להפצת משקאות בעמ,IL,קולה זירו1.5*6ל,ליטרים,9.00,ליטר,false,0,49.90,5.54,true,1,
7290110115425,false,FUZE TEA גרין לימונענע -נענע 1.5 ליטר פיקדון,החברה המרכזית להפצת משקאות בעמ,IL,פיוז תה לימון,ליטרים,1.50,ליטר,false,0,9.90,6.60,true,1,
7290110115449,false,פיוז-טי תה מנגו אננס 1.5 ליטר פיקדון,החברה המרכזית להפצת משקאות בעמ,IL,תה מנגו אננס,ליטרים,1.50,ליטר,false,0,10.20,6.80,true,1,
7290110115456,false,פיוז-טי תה אפרסק 1.5 ליטר 19 קל פיקדון,החברה המרכזית להפצת משקאות בעמ,IL,פיוז תה אפרסק,ליטרים,1.50,ליטר,false,0,9.90,6.60,true,1,
7290110115463,false,פיוז-טי תה אפרסק 1.5 ליטר פיקדון,החברה המרכזית להפצת משקאות בעמ,IL,פיוז תה אפרסק,ליטרים,1.50,ליטר,false,0,10.20,6.80,true,1,
7290110115586,false,פריגת תפוזים 40% פחות סוכר 1.5 ליטר פיקדון,החברה המרכזית להפצת משקאות בעמ,IL,פריגת תפוזים,ליטרים,1.50,ליטר,false,0,9.50,6.33,true,1,
7290110115616,false,פיוז-טי תה גרין אננס זירו 1.5 ליטר פיקדו,החברה המרכזית להפצת משקאות בעמ,IL,פיוז תה אננס,ליטרים,1.50,ליטר,false,1,9.90,6.60,true,1,
7290110115623,false,פיוז-טי תה אפרסק זירו 1.5 ליטר פיקדון,החברה המרכזית להפצת משקאות בעמ,IL,פיוז תה אפרסק,ליטרים,1.50,ליטר,false,1,9.90,6.60,true,1,
7290110116064,false,פאנטה זירו בטעם פירות ירוק 1.5 ל פיקדון,החברה המרכזית להפצת משקאות בעמ,IL,פאנטה זירו ירוק,ליטרים,1.50,ליטר,false,1,10.00,6.67,true,1,
7290110116125,false,"סירופ פריגת בטעם פטל 750 מ""ל פיקדון",החברה המרכזית להפצת משקאות בעמ,IL,סירופ בטעם פטל,מיליליטרים,750.00,"100 מ""ל",false,1,25.90,3.45,true,1,
7290110116132,false,"סירופ פריגת בטעם לימון 750 מ""ל פיקדון",החברה המרכזית להפצת משקאות בעמ,IL,סירופ בטעם לימון,מיליליטרים,750.00,"100 מ""ל",false,1,25.90,3.45,true,1,
7290110116149,false,"סירופ פריגת בטעם ענבים 750 מ""ל פיקדון",החברה המרכזית להפצת משקאות בעמ,IL,סירופ בטעם ענבים,מיליליטרים,750.00,"100 מ""ל",false,1,25.90,3.45,true,1,
7290110116217,false,נביעות+ סדרת 0 קלוריות אשכוליות 1.5 ליטר,החברה המרכזית להפצת משקאות בעמ,IL,נביעות+אשכולית,ליטרים,1.50,ליטר,false,1,10.50,7.00,true,1,
7290110116552,false,ספרייט לימון היט 1.5 ליטר LIME פיקדון,החברה המרכזית להפצת משקאות בעמ,IL,ספרייט למון היט,ליטרים,1.50,ליטר,false,1,9.20,6.13,true,1,
7290110116569,false,ספרייט זירו 1.5 ליטר LEMON HIT פיקדון,החברה המרכזית להפצת משקאות בעמ,IL,ספרייט זירו למון,ליטרים,1.50,ליטר,false,1,9.50,6.33,true,1,
>>>>>>> d048ac2f4f281c9d788043ab4e81b61b0dbe3743
7290110320683,false,שמיניית משקה יוגורט 1.5% טעם תות יופלה 107 גרם,מיוצר עי קונדיטוריית,IL,משקה יוגורט 8 יח,גרמים,856.00,100 גרם,false,1,17.40,2.03,true,1,
7290110320867,false,פתיתים גבינה חצי קשה מגורדת 28% שומן,תנובה מרכז שיתופי לש,IL,פתיתי עמק,גרמים,500.00,100 גרם,false,1,35.00,7.00,true,1,
7290110320935,false,פרוסות מוצרלה 150 גר`קולקשיין תנובה,תנובה מרכז שיתופי לש,IL,פרוסות מוצרלה,גרמים,150.00,100 גרם,false,1,17.90,11.93,true,1,
7290110321277,false,קוטג' בקטנה 5% תנובה 100 גרם מהדרין,פארייפאבה אגרואינדוס,IL,קוטג' בקטנה 5%,גרמים,100.00,100 גרם,false,1,2.70,2.70,true,1,
7290110321284,false,קוטג' בקטנה 9% תנובה 100 גרם מהדרין,פארייפאבה אגרואינדוס,IL,קוטג' בקטנה 9%,גרמים,100.00,100 גרם,false,1,2.70,2.70,true,1,
7290110321604,false,קוביות פיראוס בולגרית מעודנת 5% 200 גרם - רבנות,"תנובה בע""מ ***",IL,קוביות מעודנת 5%,גרמים,200.00,100 גרם,false,1,22.80,11.40,true,1,
7290110321680,false,יוגורט GO בטעם תות 20 גרם חלבון בגביע,מיוצר עי קונדיטוריית,IL,יופלה GO יוגורט,גרמים,200.00,100 גרם,false,1,5.90,2.95,true,1,
7290110321697,false,יוגורט GO בטעם אפרסק 20 גרם חלבון בגביע,מיוצר עי קונדיטוריית,IL,יופלה GO יוגורט,גרמים,200.00,100 גרם,false,1,5.90,2.95,true,1,
7290110321703,false,יוגורט עם פירות יער בתוספת חלבוני חלב 2% שומן,מיוצר עי קונדיטוריית,IL,יופלה GO יוגורט,גרמים,200.00,100 גרם,false,1,5.90,2.95,true,1,
7290110322014,false,טופו בטעם טבעי תנובה ALTERNATIVE,שוורצקוף& הנקל דיסלד,IL,טופו טבעי300 גרם,גרמים,300.00,100 גרם,false,1,12.90,4.30,true,1,
7290110322021,false,"תנובה טופו בזיליקום 300 גר' בד""צ",שוורצקוף& הנקל דיסלד,IL,טופו בזיליקום,גרמים,300.00,100 גרם,false,1,12.90,4.30,true,1,
<<<<<<< HEAD
7290110322038,false,טופו פיקנטי תנובה ALTERNATIVE,שוורצקוף& הנקל דיסלד,IL,טופו פיקנטי,גרמים,300.00,100 גרם,false,1,12.90,4.30,true,1,
7290110323073,false,"משקה יוגורט יופלה גו תות פטל 250 מ""ל - רבנות",מיוצר עי קונדיטוריית,IL,משקה יוגורט GO,מיליליטרים,250.00,"100 מ""ל",false,1,6.70,2.68,true,1,
7290110323592,false,יופלה יוגורט עם אפרסק מופחת קלוריות 200 ג' GO,יופלה Yoplait,IL,יופלה GO אפרסק,גרמים,200.00,100 גרם,false,1,5.90,2.95,true,1,
=======
7290110322038,false,טופו בטעם פיקנטי 300 גר`תנובה,"תנובה בע""מ ***",IL,טופו פיקנטי,גרמים,300.00,100 גרם,false,1,12.90,4.30,true,1,
7290110323073,false,"משקה יוגורט יופלה גו תות פטל 250 מ""ל - רבנות",מיוצר עי קונדיטוריית,IL,משקה יוגורט GO,מיליליטרים,250.00,"100 מ""ל",false,1,6.70,2.68,true,1,
7290110323592,false,יופלה יוגורט עם אפרסק מופחת קלוריות 200 ג' GO,תנובה בעמ ***,IL,יופלה GO אפרסק,גרמים,200.00,100 גרם,false,1,5.90,2.95,true,1,
>>>>>>> d048ac2f4f281c9d788043ab4e81b61b0dbe3743
7290110324711,false,ממרח סויה 9% שומן בטעם טבעי תנובה 250 גרם,מיוצר עי קונדיטוריית,IL,ממרח סויה 9%,גרמים,250.00,100 גרם,false,1,10.90,4.36,true,1,
7290110324728,false,ממרח סויה 9% שומן עם שום שמיר תנובה 250 גרם,מיוצר עי קונדיטוריית,IL,ממרח סויה 9%,גרמים,250.00,100 גרם,false,1,10.90,4.36,true,1,
7290110324872,false,גבינה צהובה גלבוע (5% 200 גר`)תנובה,גלבוע - תנובה,IL,גלבוע 5%פרוסות,גרמים,200.00,100 גרם,false,1,18.90,9.45,true,1,
7290110324926,false,משקה סויה ללא תוספת סוכר E אלטרנטיב,תנובה מרכז שיתופי לש,IL,"משקה סויה ללת""ס",ליטרים,1.00,ליטר,false,1,11.90,11.90,true,1,
7290110325305,false,יופלה GO סויה 20 גרם חלבון במתיקות מעודנת תנובה 200 גרם,מיוצר עי קונדיטוריית,IL,מעדן גו סויה,גרמים,200.00,100 גרם,false,1,5.90,2.95,true,1,
7290110325312,false,יופלה GO סויה 20 גרם חלבון בטעם תות תנובה 200 גרם,תנובה בעמ ***,IL,מעדן סויה ביו,גרמים,200.00,100 גרם,false,1,5.90,2.95,true,1,
7290110325619,false,משקה שיבולת שועל תנובה E אלטרנטיב,מיוצר עי קונדיטוריית,IL,משקה שיבולת שועל,ליטרים,1.00,ליטר,false,1,14.80,14.80,true,1,
7290110325879,false,פתיתי גאודה תנובה 200 גרם,תנובה- השף הלבן,IL,פתיתי גאודה,גרמים,200.00,100 גרם,false,1,17.90,8.95,true,1,
7290110325893,false,משקה חלב GO מועשר בחלבון בטעם אייס קפה,מיוצר עי קונדיטוריית,IL,אייס קפה GO,מיליליטרים,340.00,"100 מ""ל",false,1,7.90,2.32,true,1,
7290110326210,false,יופלה און טופ פצפוצים תנובה 157 גרם,מיוצר עי קונדיטוריית,IL,יופלה און טופ,גרמים,157.00,100 גרם,false,1,5.50,3.50,true,1,
7290110326234,false,יופלה און טופ כוכבים תנובה 157 גרם,מיוצר עי קונדיטוריית,IL,יופלה און טופ,גרמים,157.00,100 גרם,false,1,5.50,3.50,true,1,
7290110326241,false,יופלה און טופ גרנולה תנובה 157 גרם,מיוצר עי קונדיטוריית,IL,יופלה און טופ,גרמים,157.00,100 גרם,false,1,5.50,3.50,true,1,
7290110326333,false,פרוסות גבינה סקנדינבית 170 גר`קולקשיין,"תנובה בע""מ ***",IL,גבינה סקנדינבית,גרמים,170.00,100 גרם,false,1,19.90,11.71,true,1,
7290110326906,false,חלב נטול לקטוז 3% שומן( 1 ליטר)תנובה,מיוצר עי קונדיטוריית,IL,חלב נטול לקטוז,ליטרים,1.00,ליטר,false,1,7.50,7.50,true,1,
7290110327064,false,משקה אייס קפה שיבולת שועל בטעם קרמל 1 ל' ALTERNATIVE,תנובה מרכז שיתופי לש,IL,אייס קפה ש.שועל,ליטרים,1.00,ליטר,false,1,13.90,13.90,true,1,
7290110327545,false,יופלה און טופ בטעם תות בתוספת פצפוצים מצופים שוקולד 157 גרם,מיוצר עי קונדיטוריית,IL,יופלה און טופ,גרמים,157.00,100 גרם,false,1,5.50,3.50,true,1,
7290110327798,false,חטיף חלבון GO - שוקולד 60 ג' חלב נוכרי - רבנות,"בלמונט קונפקציות בע""\מ.",US,חטיף חלבון,גרמים,60.00,100 גרם,false,1,13.90,23.17,true,1,
7290110327804,false,חטיף חלבון GO - עוגיות 60 ג' חלב נוכרי - רבנות,"בלמונט קונפקציות בע""\מ.",US,חטיף חלבון,גרמים,60.00,100 גרם,false,1,13.90,23.17,true,1,
7290110327828,false,חטיף חלבון GO - חמאת בוטנים 60 ג' חלב נוכרי - רבנות,"בלמונט קונפקציות בע""\מ.",US,חטיף חלבון,גרמים,60.00,100 גרם,false,1,13.90,23.17,true,1,
7290110328627,false,יוגורט יופלה GO במרקם סמיך בטעם בננה קרמל 0%,מיוצר עי קונדיטוריית,IL,יוגורט גו קרמי,גרמים,200.00,100 גרם,false,1,5.90,2.95,true,1,
7290110328764,false,יוגורט יופלה GO במרקם סמיך עם תות 0%,מיוצר עי קונדיטוריית,IL,יוגורט גו קרמי,גרמים,200.00,100 גרם,false,1,5.90,2.95,true,1,
7290110328771,false,יוגורט יופלה GO במרקם סמיך עם פירות יער 0%,מיוצר עי קונדיטוריית,IL,יוגורט גו קרמי,גרמים,200.00,100 גרם,false,1,5.90,2.95,true,1,
7290110328788,false,יוגורט יופלה GO במרקם סמיך בטעם אפרסק 0%,תנובה מרכז שיתופי לש,IL,יוגורט גו סמיך,גרמים,200.00,100 גרם,false,1,5.90,2.95,true,1,
7290110328887,false,"חלב תנובה בקבוק 3%, כשרות מהדרין, 1 ליטר",הפריט בפיקוח,IL,חלב בקבוק 3%,ליטרים,1.00,ליטר,false,1,6.23,6.23,true,1,
7290110329143,false,מעדן חלב מעושר בחלבון בטעם וניל גביע 120 ג' GO,תנובה מרכז שיתופי לש,IL,מעדן חלב גו,גרמים,120.00,100 גרם,false,1,5.30,4.42,true,1,
7290110329266,false,יוגורט תנובה מחלב עיזים מלא תנובה 140 ג',תנובה בעמ ***,IL,יוגורט עיזים מלא,גרמים,140.00,100 גרם,false,1,6.50,4.64,true,1,
7290110329433,false,טופו טבעי עם רוטב סצ'ואן אלטרנטיב 250 גרם,תנובה - חלב,IL,טופו בטעם סצ'ואן,גרמים,310.00,100 גרם,false,1,14.90,4.81,true,1,
7290110329686,false,משקה GO חלב בטעם עוגיות 27 גר`חלבון,מיוצר עי קונדיטוריית,IL,משקה חלב GO,מיליליטרים,340.00,"100 מ""ל",false,1,7.90,2.32,true,1,
7290110329716,false,משקה חלב קר בטעם קפוצ'ינו 230 גרם תנובה,תנובה מרכז שיתופי לש,IL,משקה קפה קר,גרמים,230.00,100 גרם,false,1,8.90,3.87,true,1,
7290110329723,false,משקה חלב קר בטעם לאטה 230 גרם תנובה,תנובה מרכז שיתופי לש,IL,משקה קפה קר לאטה,גרמים,230.00,100 גרם,false,1,8.90,3.87,true,1,
7290110329730,false,"משקה חלב עם שוקולד וקפה בסגנון לאטה 2.7%  230 מ""ל תנובה",תנובה מרכז שיתופי לש,IL,משקה חלב שוקולד,גרמים,230.00,100 גרם,false,1,8.90,3.87,true,1,
7290110329792,false,יוגורט סויה BIO Alternative אפרסק 150 ג' תנובה,מיוצר עי קונדיטוריית,IL,מעדן סויה ביו,גרמים,150.00,100 גרם,false,1,5.50,3.67,true,1,
7290110329808,false,יוגורט סויה BIO Alternative תות 150 ג' תנובה,מיוצר עי קונדיטוריית,IL,מעדן סויה ביו,גרמים,150.00,100 גרם,false,1,5.50,3.67,true,1,
7290110329815,false,סויה BIO מתיקות מעודנת גביע 150 גרם אלטרנטיב,מיוצר עי קונדיטוריית,IL,מעדן סויה ביו,גרמים,150.00,100 גרם,false,1,5.50,3.67,true,1,
7290110329822,false,יוגורט סויה BIO Alternative פירות יער 150 ג' תנובה,מיוצר עי קונדיטוריית,IL,מעדן סויה ביו,גרמים,150.00,100 גרם,false,1,5.50,3.67,true,1,
7290110329839,false,פרוסות צהובה בטעם זיתים 200 ג' אלטרנטיב אלטרנטיב,מיוצר עי קונדיטוריית,IL,פרוסות צהובה,גרמים,200.00,100 גרם,false,1,22.90,11.45,true,1,
7290110329846,false,יוגורט סויה BIO Alternative בטעם טבעי 150 ג' תנובה,מיוצר עי קונדיטוריית,IL,מעדן ביו טבעי,גרמים,150.00,100 גרם,false,1,5.50,3.67,true,1,
7290110329914,false,מאגדת משקה שיבולת שועל ושקדים 100 גרם*6 יח' ביו אלטרנטיב,תנובה מרכז שיתופי לש,IL,משקה שיבולת שועל,גרמים,600.00,100 גרם,false,1,20.90,3.48,true,1,
7290110550226,false,מטבעות שוקולד מריר לאפיה 400 גרם עלית,שטראוס גרופ בע`מ,IL,מטבעות שוקולד,גרמים,400.00,100 גרם,false,1,30.90,7.73,true,1,
7290110552121,false,יוגורט 5% בתוספת סידן וויטמין D היוגורט הראשון שלי,שטראוס גרופ בעמ/מצונן,IL,היוגורט הראשון,גרמים,100.00,100 גרם,false,1,2.90,2.90,true,1,
7290110552220,false,יוגורט PRO בטעם תות 0% סוכר לבן 20 גרם חלבון בגביע,שטראוס גרופ בעמ/מצונן,IL,דנונה פרו חלבון,גרמים,200.00,100 גרם,false,1,6.20,3.10,true,1,
7290110552237,false,יוגורט פרו בטעם אפרסק מנגו ללא סוכר 200 ג' דנונה,שטראוס גרופ בעמ/מצונן,IL,דנונה פרו חלבון,גרמים,200.00,100 גרם,false,1,6.20,3.10,true,1,
7290110554095,false,דבש לחיץ 440 גרם,מכוורת יד מרדכי שטראוס ב,IL,דבש לחיץ,גרמים,440.00,100 גרם,false,1,25.90,5.89,true,1,
7290110554125,false,דלישס נודלס בסגנון סצ`ואן חריף 350 גרם,קפוא-זן תעשיות מזון בעמ - תפוג,IL,נודלס בסגנון סצ',גרמים,350.00,100 גרם,false,1,24.90,7.12,true,1,
7290110554583,false,מארז חטיפי צ'יטוס פאפס בטעם גבינה - 10 יחידות,"שטראוס פריטו ליי בע""\מ )",IL,צ'יטוס פאפס 10יח,גרמים,200.00,100 גרם,false,1,13.50,6.75,true,1,
7290110554705,false,קפסולות נספרסו לקפה יוניקו סדרת בתי הקלייה 10יח,שטראוס קפה בי.וי.,IL,קפסולות בית קליה,גרמים,50.00,100 גרם,false,1,20.90,41.80,true,1,
7290110554712,false,"קפסולות קפה אספרסו קלייה איטית ובהירה, 10 * 50 ג'",שטראוס קפה בי.וי.,IL,קפסולות בית קליה,גרמים,50.00,100 גרם,false,1,20.90,41.80,true,1,
<<<<<<< HEAD
7290110555078,false,לאבנה עם שמן זית ועשבי תיבול שטראוס 250 גרם,"מחלבות בר בכפר בע""\מ",IL,לאבנה,גרמים,250.00,100 גרם,false,1,11.90,4.76,true,1,
7290110555092,false,לאבנה עם שמן זית וצ'ילי שטראוס 250 גרם,"מחלבות בר בכפר בע""\מ",IL,לאבנה,גרמים,250.00,100 גרם,false,1,11.90,4.76,true,1,
=======
7290110555078,false,לאבנה עם שמן זית ועשבי תיבול שטראוס 250 גרם,שטראוס גרופ בעמ/מצונן,IL,לאבנה,גרמים,250.00,100 גרם,false,1,11.90,4.76,true,1,
7290110555092,false,לאבנה עם שמן זית וצ'ילי שטראוס 250 גרם,שטראוס גרופ בעמ/מצונן,IL,לאבנה,גרמים,250.00,100 גרם,false,1,11.90,4.76,true,1,
>>>>>>> d048ac2f4f281c9d788043ab4e81b61b0dbe3743
7290110555306,false,רבע לשבע טבעוני סינמון באן עלית 125 גרם,"הגביע מוצרי וופלים בע""\מ",IL,רב לשבע טבעוני,גרמים,125.00,100 גרם,false,1,12.90,10.32,true,1,
7290110555603,false,ספלנדיד אבקה להכנת משקה בטעם שוקולטה,שטראוס גרופ בע`מ,GR,שוקולוטה ספלנדיד,גרמים,360.00,100 גרם,false,1,24.90,6.92,true,1,
7290110555665,false,קקאו דל שומן עלית בקופסא 220 גרם,שטראוס גרופ בע`מ,GR,קקאו דל שומן,גרמים,220.00,100 גרם,false,1,20.90,9.50,true,1,
7290110555788,false,נסקפה קפוצ'ינו פחית וניל 200 ג' עלית,שטראוס גרופ בע`מ,PL,קפוצ'ינו וניל,גרמים,200.00,100 גרם,false,1,27.70,13.85,true,1,
7290110556242,false,"שוקולד מריר פרווה 100 גר' בד""ץ תוצרת חוץ","שטראוס גרופ בע""מ.",FR,שוקולד פרה מריר,גרמים,100.00,100 גרם,false,1,6.00,6.00,true,1,
<<<<<<< HEAD
7290110557027,false,חומוס עשיר 50% טחינה גולמית 400 ג' אחלה,מיוצר עי קונדיטוריית,IL,חומוס עשיר 50% ט,גרמים,400.00,100 גרם,false,1,14.90,3.73,true,1,
7290110557102,false,מעדן חלב עם שוקולד מועשר בחלבון 150 ג' שטראוס,מיוצר עי קונדיטוריית,IL,מעדן שוקולד פרו,גרמים,150.00,100 גרם,false,1,5.50,3.67,true,1,
7290110557133,false,מעדן הגולן וניל 125 ג' שטראוס,מיוצר עי קונדיטוריית,IL,מעדן הגולן וניל,גרמים,125.00,100 גרם,false,1,3.40,2.72,true,1,
7290110557478,false,חומוס גלילי במרקם מעודן 600 גרם,"שטראוס גרופ בע""\מ",IL,חומוס גלילי,גרמים,600.00,100 גרם,false,1,13.90,2.32,true,1,
7290110558130,false,יוגורט אקטיביה עם שיבולת שועל ודבש 150 גרם,"שטראוס בריאות בע""\מ",IL,אקטיביה,גרמים,150.00,100 גרם,false,1,4.70,3.13,true,1,
7290110558154,false,דנונה לייט אנד פרי עוגת תפוחים 150ג דנונה,"שטראוס בריאות בע""\מ",IL,דנונה לייט,גרמים,150.00,100 גרם,false,1,4.90,3.27,true,1,
7290110558222,false,"וואו יוגורט עם שכבה בטעם בנופי פאי 5.4%, 150ג דנונה","שטראוס בריאות בע""\מ",IL,דנונה WOW בנופי,גרמים,150.00,100 גרם,false,1,4.90,3.27,true,1,
7290110558239,false,"וואו יוגורט עם שכבה בטעם קראק פאי 5.4%, 150 ג דנונה","שטראוס בריאות בע""\מ",IL,דנונה WOW,גרמים,150.00,100 גרם,false,1,4.90,3.27,true,1,
7290110558253,false,דנונה שייק נונה ריפרש בננה אננס וצ'יה,"שטראוס בריאות בע""\מ",IL,יוגורט ריפרש,גרמים,250.00,100 גרם,false,1,6.20,2.48,true,1,
7290110558284,false,דנונה ביו מולטי שטראוס 200 גרם,"שטראוס בריאות בע""\מ",IL,דנונה ביו מולטי,גרמים,200.00,100 גרם,false,1,4.50,2.25,true,1,
7290110558307,false,יוגורט דנונה PRO עם שיבולת שועל במתיקות מעודנת,"שטראוס בריאות בע""\מ",IL,דנונה פרו פלוס,גרמים,200.00,100 גרם,false,1,6.70,3.35,true,1,
7290110558314,false,דנונה פרו 20 גרם חלבון ללא סוכר פיסטוק 200 גרם,"שטראוס בריאות בע""\מ",IL,דנונה פרו,גרמים,200.00,100 גרם,false,1,6.20,3.10,true,1,
7290110558338,false,דנונה פרו 25 ג' חלבון 200 ג' שטראוס,"שטראוס בריאות בע""\מ",IL,דנונה פרו,גרמים,200.00,100 גרם,false,1,6.20,3.10,true,1,
7290110558666,false,מעדן גבינה בטעם תפוח 88 ג' דניאלה,"שטראוס בריאות בע""\מ",IL,דניאלה בטעם תפוח,גרמים,88.00,100 גרם,false,1,4.30,4.89,true,1,
7290110558918,false,עלי חסה קראנצ' שטופים,שטראוס בריאות ירקות טריי,IL,עלי חסה קראנצ',גרמים,150.00,100 גרם,false,1,11.90,7.93,true,1,
7290110559748,false,ריל מאגדת שקדים קוקוס ושוקולד מריר שטראוס 105 גרם,"ואמואליס פודס אס.איי,",GR,חטיפי ריל אנרגי,גרמים,105.00,100 גרם,false,1,12.90,12.29,true,1,
7290110561352,false,דנונה יוגורט ביו פרוביוטי 3% דל לקטוז 150ג',"שטראוס בריאות בע""\מ",IL,דנונה דל לקטוז,גרמים,200.00,100 גרם,false,1,3.70,1.85,true,1,
7290110561604,false,מארז 8 יחידות מעדן גמדים בטעם תות בננה,"שטראוס בריאות בע""\מ",IL,גמדים תות בננה8י,גרמים,800.00,100 גרם,false,1,19.50,2.44,true,1,
7290110563431,false,"משקה קפה קר בסגנון קלאסי 230 מ""ל 1.6% יוטבתה",האי נאם סי או אל.טי.,AT,משקה אייס קפה,מיליליטרים,230.00,"100 מ""ל",false,1,7.90,3.43,true,1,
7290110563448,false,"משקה קפה קר בסגנון מעודן 230 מ""ל 1.6% יוטבתה",האי נאם סי או אל.טי.,AT,משקה אייס קפה,מיליליטרים,230.00,"100 מ""ל",false,1,7.90,3.43,true,1,
7290110563462,false,חלב 2% דל לקטוז בבקבוק יטבתה 1 ליטר.,מחלבת יטבתה,IL,חלב נטול לקטוז,ליטרים,1.00,ליטר,false,1,8.50,8.50,true,1,
7290110564339,false,חומוס אחלה הסידרה המובחר 30% טחינה 400 גר',מיוצר עי קונדיטוריית,IL,חומוס בטחינה,גרמים,400.00,100 גרם,false,1,14.90,3.73,true,1,
7290110564360,false,חומוס אחלה הסידרה המובחר 40% טחינה 400 גר',מיוצר עי קונדיטוריית,IL,חומוס בטחינה,גרמים,400.00,100 גרם,false,1,14.90,3.73,true,1,
7290110564742,false,"משקה קפה קר בסגנון חזק 230 מ""ל 1.2% יוטבתה",האי נאם סי או אל.טי.,AT,משקה אייס קפה,מיליליטרים,230.00,"100 מ""ל",false,1,7.90,3.43,true,1,
7290110565527,false,יוגורט PRO פרו 1.5% 20 גרם חלבון בגביע,"שטראוס בריאות בע""מ",IL,דנונה פרו חלבון,גרמים,200.00,100 גרם,false,1,6.20,3.10,true,1,
7290110566975,false,דנונה פרו יוגורט 0% תות עשיר בחלבון 200ג',"שטראוס בריאות בע""\מ",IL,דנונה פרו חלבון,גרמים,200.00,100 גרם,false,1,6.20,3.10,true,1,
=======
7290110557027,false,חומוס עשיר 50% טחינה גולמית 400 ג' אחלה,שטראוס גרופ בעמ/מצונן,IL,חומוס עשיר 50% ט,גרמים,400.00,100 גרם,false,1,14.90,3.73,true,1,
7290110557102,false,מעדן חלב עם שוקולד מועשר בחלבון 150 ג' שטראוס,שטראוס גרופ בעמ/מצונן,IL,מעדן שוקולד פרו,גרמים,150.00,100 גרם,false,1,5.50,3.67,true,1,
7290110557133,false,מעדן הגולן וניל 125 ג' שטראוס,שטראוס גרופ בעמ/מצונן,IL,מעדן הגולן וניל,גרמים,125.00,100 גרם,false,1,3.40,2.72,true,1,
7290110557478,false,חומוס גלילי במרקם מעודן 600 גרם,שטראוס גרופ בעמ/מצונן,IL,חומוס גלילי,גרמים,600.00,100 גרם,false,1,13.90,2.32,true,1,
7290110558130,false,יוגורט אקטיביה עם שיבולת שועל ודבש 150 גרם,שטראוס גרופ בעמ/מצונן,IL,אקטיביה,גרמים,150.00,100 גרם,false,1,4.70,3.13,true,1,
7290110558154,false,דנונה לייט אנד פרי עוגת תפוחים 150ג דנונה,שטראוס גרופ בעמ/מצונן,IL,דנונה לייט,גרמים,150.00,100 גרם,false,1,4.90,3.27,true,1,
7290110558222,false,"וואו יוגורט עם שכבה בטעם בנופי פאי 5.4%, 150ג דנונה",שטראוס גרופ בעמ/מצונן,IL,דנונה WOW בנופי,גרמים,150.00,100 גרם,false,1,4.90,3.27,true,1,
7290110558239,false,"וואו יוגורט עם שכבה בטעם קראק פאי 5.4%, 150 ג דנונה",שטראוס גרופ בעמ/מצונן,IL,דנונה WOW,גרמים,150.00,100 גרם,false,1,4.90,3.27,true,1,
7290110558253,false,דנונה שייק נונה ריפרש בננה אננס וצ'יה,שטראוס גרופ בעמ/מצונן,IL,יוגורט ריפרש,גרמים,250.00,100 גרם,false,1,6.20,2.48,true,1,
7290110558284,false,דנונה ביו מולטי שטראוס 200 גרם,שטראוס גרופ בעמ/מצונן,IL,דנונה ביו מולטי,גרמים,200.00,100 גרם,false,1,4.50,2.25,true,1,
7290110558307,false,יוגורט דנונה PRO עם שיבולת שועל במתיקות מעודנת,שטראוס גרופ בעמ/מצונן,IL,דנונה פרו פלוס,גרמים,200.00,100 גרם,false,1,6.70,3.35,true,1,
7290110558314,false,דנונה פרו 20 גרם חלבון ללא סוכר פיסטוק 200 גרם,שטראוס גרופ בעמ/מצונן,IL,דנונה פרו,גרמים,200.00,100 גרם,false,1,6.20,3.10,true,1,
7290110558338,false,דנונה פרו 25 ג' חלבון 200 ג' שטראוס,שטראוס גרופ בעמ/מצונן,IL,דנונה פרו,גרמים,200.00,100 גרם,false,1,6.20,3.10,true,1,
7290110558666,false,מעדן גבינה בטעם תפוח 88 ג' דניאלה,שטראוס גרופ בעמ/מצונן,IL,דניאלה בטעם תפוח,גרמים,88.00,100 גרם,false,1,4.30,4.89,true,1,
7290110558918,false,עלי חסה קראנצ`שטופים 150 גר`טעם הטבע ש,שטראוס בריאות ירקות טריי,IL,עלי חסה קראנצ',גרמים,150.00,100 גרם,false,1,11.90,7.93,true,1,
7290110559748,false,ריל מאגדת שקדים קוקוס ושוקולד מריר שטראוס 105 גרם,"ואמואליס פודס אס.איי,",GR,חטיפי ריל אנרגי,גרמים,105.00,100 גרם,false,1,12.90,12.29,true,1,
7290110561352,false,דנונה יוגורט ביו פרוביוטי 3% דל לקטוז 150ג',שטראוס גרופ בעמ/מצונן,IL,דנונה דל לקטוז,גרמים,200.00,100 גרם,false,1,3.70,1.85,true,1,
7290110561604,false,מארז 8 יחידות מעדן גמדים בטעם תות בננה,שטראוס גרופ בעמ/מצונן,IL,גמדים תות בננה8י,גרמים,800.00,100 גרם,false,1,19.50,2.44,true,1,
7290110563431,false,"משקה קפה קר בסגנון קלאסי 230 מ""ל 1.6% יוטבתה",שטראוס גרופ בעמ/מצונן,AT,משקה אייס קפה,מיליליטרים,230.00,"100 מ""ל",false,1,7.90,3.43,true,1,
7290110563448,false,"משקה קפה קר בסגנון מעודן 230 מ""ל 1.6% יוטבתה",שטראוס גרופ בעמ/מצונן,AT,משקה אייס קפה,מיליליטרים,230.00,"100 מ""ל",false,1,7.90,3.43,true,1,
7290110563462,false,חלב 2% דל לקטוז בבקבוק יטבתה 1 ליטר.,שטראוס גרופ בעמ/מצונן,IL,חלב נטול לקטוז,ליטרים,1.00,ליטר,false,1,8.50,8.50,true,1,
7290110564339,false,חומוס אחלה הסידרה המובחר 30% טחינה 400 גר',שטראוס גרופ בעמ/מצונן,IL,חומוס בטחינה,גרמים,400.00,100 גרם,false,1,14.90,3.73,true,1,
7290110564360,false,חומוס אחלה הסידרה המובחר 40% טחינה 400 גר',שטראוס גרופ בעמ/מצונן,IL,חומוס בטחינה,גרמים,400.00,100 גרם,false,1,14.90,3.73,true,1,
7290110564742,false,"משקה קפה קר בסגנון חזק 230 מ""ל 1.2% יוטבתה",שטראוס גרופ בעמ/מצונן,AT,משקה אייס קפה,מיליליטרים,230.00,"100 מ""ל",false,1,7.90,3.43,true,1,
7290110565527,false,יוגורט PRO פרו 1.5% 20 גרם חלבון בגביע,שטראוס גרופ בעמ/מצונן,IL,דנונה פרו חלבון,גרמים,200.00,100 גרם,false,1,6.20,3.10,true,1,
7290110566975,false,דנונה פרו יוגורט 0% תות עשיר בחלבון 200ג',שטראוס גרופ בעמ/מצונן,IL,דנונה פרו חלבון,גרמים,200.00,100 גרם,false,1,6.20,3.10,true,1,
>>>>>>> d048ac2f4f281c9d788043ab4e81b61b0dbe3743
7290110568559,false,דוריטוס עלית מארז חמוץ חריף 10 יח' *25 ג',"שטראוס פריטו ליי בע""מ )פ",IL,דוריטוס 10 יח,גרמים,250.00,100 גרם,false,1,14.90,5.96,true,1,
7290110571382,false,מעדן חלב בטעם וניל מעושר בחלבון 150 ג' שטראוס,שטראוס גרופ בעמ/מצונן,IL,מעדן פרו,גרמים,150.00,100 גרם,false,1,5.50,3.67,true,1,
7290110571474,false,אצבעות רבע לשבע טבעוני פופקורן 125גר`,"הגביע מוצרי וופלים בע""\מ",IL,רבע לשבע טבעוני,גרמים,125.00,100 גרם,false,1,12.90,10.32,true,1,
7290110572884,false,"קפסולות קפה מספר 20 למכונת אספרס אספרסו, 50 גרם",שטראוס קפה בי.וי.,IL,קפסולות קפה,גרמים,50.00,100 גרם,false,1,18.90,37.80,true,1,
<<<<<<< HEAD
7290110576356,false,"שוקולד ספלנדיד מריר 64% - חלבי , מפולי קקאו מפרו",קימ'\ס גריפלנן,BE,שוקולד ספלנדיד,גרמים,100.00,100 גרם,false,1,9.90,9.90,true,1,
7290110576363,false,"שוקולד ספלנדיד מריר 80% חלבי ,פולי קקאו מאוגנדה",קימ'\ס גריפלנן,BE,שוקולד ספלנדיד,גרמים,100.00,100 גרם,false,1,9.90,9.90,true,1,
7290110576752,false,טבלאות שוקולד ספלנדיד מריר 70% 100 ג' עלית,קימ'\ס גריפלנן,BE,שוקולד ספלנדיד,גרמים,100.00,100 גרם,false,1,12.50,12.50,true,1,
7290110576776,false,טבלאות שוקולד ספלנדיד מריר 85% 100 ג' עלית,קימ'\ס גריפלנן,BE,שוקולד ספלנדיד,גרמים,100.00,100 גרם,false,1,12.50,12.50,true,1,
7290110576790,false,גבינת סקי 3% בטעם מוקה 125 גרם,"שטראוס בריאות בע""\מ",IL,סקי בטעם מוקה,גרמים,125.00,100 גרם,false,1,3.70,2.96,true,1,
7290111341984,false,לילי - מגבוני נייר טואלט לח פיור רביעייה,קימברלי,IL,נייר טואלט לח4יח,יחידה,1.00,יחידה,false,1,22.00,22.00,true,1,
7290111342004,false,נייר טואלט לילי לח קידס 56 דפים,חוגלה קימברלי,IL,נ.טואלט לח קידס,יחידה,1.00,יחידה,false,1,8.90,8.90,true,1,
7290111342042,false,ניקול כריות יפניות אנטיבקטריאלי 4 יחידות,פלסטו פוליש,IL,כריות יפניות,יחידה,1.00,יחידה,false,1,12.90,12.90,true,1,
7290111342059,false,50 מטליות מיקרופייבר לשטחים אנטיבקטריאלי ניקול,ניקול,IL,מטליות לחות50יח,יחידה,1.00,יחידה,false,1,15.90,15.90,true,1,
7290111342073,false,מטליות מקרופייבר למשטחים אנטיבקטריאלי ניקול,ניקול,CN,מטליות מקרופייבר,יחידה,1.00,יחידה,false,1,16.90,16.90,true,1,
7290111344145,false,ניקול זוג מטליות מיקרופייבר אנטיבקטריאליות לרצפה,ניקול,CN,מטלית רצפה,יחידה,1.00,יחידה,false,1,31.90,31.90,true,1,
7290111344206,false,האגיס נטורל קר מגבונים לחים בבישום עדין רביעייה,חוגלה קימברלי,IL,מגבונים האגיס 4*,יחידה,1.00,יחידה,false,1,23.90,23.90,true,1,
7290111344732,false,קלינקס - טיישו אלרג'י קומפורט ניילון זוגות 140 דף,קימברלי קלארק,IL,קלינקס זוג,יחידה,1.00,יחידה,false,1,16.90,16.90,true,1,
7290111344831,false,קוטקס - מגיני יום אקסטרא פרוטקט נורמל ביג 60 יח',חוגלה קימברלי,CN,מגן תחתון קוטקס,יחידה,1.00,יחידה,false,1,21.90,21.90,true,1,
7290111344879,false,קוטקס מגיני תחתון 2IN1 מחזור+שתן 44 יחיד,חוגלה,CN,מגן תחתון קוטקס,יחידה,1.00,יחידה,false,1,21.90,21.90,true,1,
7290111345760,false,תחבושות נטורל דואו סופר 18 יח' קוטקס,קריות זול,CZ,תחבושות קוטקס,יחידה,1.00,יחידה,false,1,20.90,20.90,true,1,
7290111350719,false,חטיף נאצוס הוטפופ בסגנון מסעדות 322 גר,ליימן מותגים,US,חטיף נאצ'וס,גרמים,322.00,100 גרם,false,1,17.90,5.56,true,1,
7290111350726,false,חטיף נאצוס הוטפופ בסגנון מקסיקני 322 גר,ליימן מותגים,US,חטיף נאצ'וס,גרמים,322.00,100 גרם,false,1,17.90,5.56,true,1,
7290111350740,false,הוט פופ קידס טבעי+מלח 500 ג' +5 גביעים,ליימן מותגים,US,הוטפופ טבעי 5 יח,גרמים,500.00,100 גרם,false,1,16.90,3.38,true,1,
7290111352959,false,מקלות חמוצים ממולאים בטעם פירות 80 גר' יוגטה,יוגטה yogueta,TR,מקלות חמוצים,גרמים,80.00,100 גרם,false,1,4.50,5.63,true,1,
7290111352966,false,יוגטה סוכריות ממולאות בטעם פירות 250 גרם ללא ג'לטין,ליימן שליסל,TR,סוכריות ממולאות,גרמים,250.00,100 גרם,false,1,7.90,3.16,true,1,
7290111564239,false,מאגדת מיני קראנץ וניל 5 יח' נסטלה,גלידות נסטלה )נגה גלידות,IL,מאגדת מיני קראנץ,גרמים,275.00,100 גרם,false,1,31.90,11.60,true,1,
7290111564277,false,פריכיות דקות ונימוחות 3 דגנים פיטנס Fitness,פרח תעשיות בעמ,IL,פריכיות פיטנס,גרמים,120.00,100 גרם,false,1,11.90,9.92,true,1,
7290111564291,false,פריכיות דקות ונימוחות 3 דגנים וקינואה פיטנס Fitness,פרח תעשיות בעמ,IL,פריכיות פיטנס,גרמים,120.00,100 גרם,false,1,11.90,9.92,true,1,
7290111566103,false,טבעול פלאפל מרכיבים ביתיים בלבד 590 גרם,עיצובים 2020 (4.8),IL,פלאפל ביתי,גרמים,590.00,100 גרם,false,1,34.90,5.92,true,1,
7290111566240,false,שניצל דק מן הצומח בטעם צ'ילי חריף 700 גרם,עיצובים 2020 (4.8),IL,שניצל דק בטעם צי,גרמים,564.00,100 גרם,false,1,34.90,6.19,true,1,
7290111566271,false,חטיפי תירס טבעול 657 גרם,עיצובים 2020 (4.8),IL,חטיפי תירס טבעול,גרמים,657.00,100 גרם,false,1,31.90,4.86,true,1,
7290111566318,false,שניצל דק מן הצומח בטעם ביתי 700 גרם,עיצובים 2020 (4.8),IL,שניצל דק מן הצומ,גרמים,564.00,100 גרם,false,1,34.90,6.19,true,1,
7290111566332,false,"נקניקיות וינר מן הצומח 680 גרם ""טבעול""",עיצובים 2020 (4.8),IL,נקנ' וינר צמחוני,גרמים,680.00,100 גרם,false,1,34.90,5.13,true,1,
7290111566417,false,טבעול טחון מן הצומח משופר 400 גרם,עיצובים 2020 (4.8),IL,טחון צמחוני טבעו,גרמים,500.00,100 גרם,false,1,34.90,6.98,true,1,
7290111566547,false,טבעול חזה בגריל צמחוני 99 קלוריות 560ג',עיצובים 2020 (4.8),IL,חזה בגריל צמחוני,גרמים,560.00,100 גרם,false,1,34.90,6.23,true,1,
7290111566585,false,"שניצל צמחוני 99 קלוריות 650 גר' ""טבעול""",עיצובים 2020 (4.8),IL,שניצל צמחוני,גרמים,650.00,100 גרם,false,1,34.90,5.37,true,1,
7290111566660,false,קציצות עדשים כתומות טבעול 530 גרם,עיצובים 2020 (4.8),IL,קציצות עדשיםכתומ,גרמים,525.00,100 גרם,false,1,34.90,6.65,true,1,
7290111566691,false,"שניצל תרד 99 קלוריות 560 גרם ""טבעול""",עיצובים 2020 (4.8),IL,שניצל תרד 99 קלו,גרמים,560.00,100 גרם,false,1,34.90,6.23,true,1,
7290111566714,false,טבעול המבורגר צמחוני 99 קלוריות 600 גרם,עיצובים 2020 (4.8),IL,המבורגר צמחוני,גרמים,600.00,100 גרם,false,1,34.90,5.82,true,1,
7290111566752,false,טבעול שניצל תירס 99 קלוריות 693 גרם,עיצובים 2020 (4.8),IL,שניצל תירס 99,גרמים,693.00,100 גרם,false,1,34.90,5.04,true,1,
7290111568275,false,אטריות נודלס אורז רחבות אסם אסייתי 300גרם,תאי פרזידנט,TH,נודלס אטריות,גרמים,300.00,100 גרם,false,1,11.90,3.97,true,1,
7290111930799,false,קראנצ'וס טעם בצל 55גר,קראנצ'וס,IL,קראנצ'וס בצל,גרמים,55.00,100 גרם,false,1,3.90,7.09,true,1,
7290111930805,false,קראנצ'וס טעם ברביקיו 55 גר',חברת מנה בעמ,IL,קראנצ'וס ברביקיו,גרמים,55.00,100 גרם,false,1,3.90,7.09,true,1,
7290111930850,false,קראנצ'וס טעם פיצה 55גר',קראנצ'וס,IL,קראנצ'וס פיצה,גרמים,70.00,100 גרם,false,1,3.90,5.57,true,1,
7290111930911,false,חטיף פוף לבבות קלאסי 40 גרם,פוף POOF,IL,פוף לבבות רגיל,גרמים,40.00,100 גרם,false,1,4.40,11.00,true,1,
7290111930935,false,חטיף פוף טבעות קלאסי 40 גרם,פוף POOF,IL,פוף טבעות,גרמים,40.00,100 גרם,false,1,4.40,11.00,true,1,
7290111936296,false,"פלמוליב סבון נוזלי בניחוח סנסיישן מסאז' ,750 מ""ל",קולגייט פלמוליב,TR,סבון פלמוליב,מיליליטרים,750.00,"100 מ""ל",false,1,21.90,2.92,true,1,
7290112000286,false,"גל לניקוי אסלות סיליט באנג לימון 750 מ""ל",סיליט באנג Cillit Bang,PL,סיליט ג'ל אסלה,מיליליטרים,750.00,"100 מ""ל",false,1,9.90,1.32,true,1,
7290112000736,false,פיניש טבליות aio 80 יח אריזת חסכון,רקיט בנקיזר,PL,פיניש 80 טבליות,יחידה,1.00,יחידה,false,1,61.90,61.90,true,1,
7290112000798,false,"דיטול תרסיסי חיטוי וניקוי אנטי בקטריאלי 750 מ""ל",רקיט בנקיזר,GB,דטול מחטא משטחים,מיליליטרים,750.00,"100 מ""ל",false,1,12.80,1.70,true,1,
7290112001023,false,"אירוויק ספרי אוטמטי מילוי תענוגות האביב 250 מ""ל","יצרן המכשיר: זובלה, שנזן",GB,אירוויק מילוי,מיליליטרים,250.00,"100 מ""ל",false,1,16.90,6.76,true,1,
7290112002044,false,טבליות פיניש מנקה מדיח 3 יח,רקיט בנקיזר,HU,פיניש מנקה מדיח,יחידה,1.00,יחידה,false,1,15.90,15.90,true,1,
7290112002099,false,קולון גל כביסה מרוכז 2.5 ליטר קלאסי,רקיט בנקיזר,IL,ג'ל כביסה קולון,ליטרים,2.50,ליטר,false,1,22.90,9.16,true,1,
7290112003263,false,"אבקת כביסה קולון לבנדר 1.25 ק""ג",זוהר דליה,IL,אבקת קולון מאסק,קילוגרמים,1.25,"ק""ג",false,1,14.90,11.92,true,1,
7290112004109,false,מטליות לחות לניקוי כללי וחיטוי בריח ליים ונענע- מארז,רקיט בנקיזר,PL,דטול מגבונים 3יח,יחידה,1.00,יחידה,false,1,22.90,22.90,true,1,
7290112004208,false,פיניש טבליות למדיח הכל ב 1 לימון 50 יחידות,רקיט בנקיזר,PL,פיניש לימון AIO,יחידה,1.00,יחידה,false,1,36.90,36.90,true,1,
7290112004970,false,פיניש אולטימייט קוואנטום 50 טבליות למדיח,רקיט בנקיזר,PL,פיניש אולטימייט,יחידה,1.00,יחידה,false,1,55.90,55.90,true,1,
7290112005045,false,וניש מסיר כתמים אבקה לכביסה לבנה 480 גרם,רקיט בנקיזר,IT,וניש אבקה לכביסה,גרמים,480.00,100 גרם,false,1,18.90,3.94,true,1,
7290112005076,false,וניש תוסף כביסה רב תכליתי צבעוני 480 גרם,רקיט בנקיזר,IT,וניש אבקה לכביסה,גרמים,480.00,100 גרם,false,1,18.90,3.94,true,1,
7290112193285,false,"סטייל - מרכך מתולתלות מגביר לחות 600 מ""ל",א.ל.ארמן ייצור תמרוקים ב,IL,מרכך מתולתלות,מיליליטרים,600.00,"100 מ""ל",false,1,24.90,4.15,true,1,
7290112330352,false,"יוגורט PRO בטעם וניל 0% , 20 גרם חלבון בגביע","שטראוס בריאות בע""\מ",IL,דנונה פרו20 וניל,גרמים,200.00,100 גרם,false,1,6.20,3.10,true,1,
7290112330390,false,דנונה פרו פירות יער 20 גרם חלבון 0% שומן 200 גרם,"שטראוס בריאות בע""\מ",IL,דנונה פרו 0%,גרמים,200.00,100 גרם,false,1,6.20,3.10,true,1,
7290112330420,false,דנונה פרו לבן 2.9% שומן 150 גרם,מיוצר עי קונדיטוריית,IL,דנונה עם חלבון,גרמים,150.00,100 גרם,false,1,4.90,3.27,true,1,
=======
7290110576356,false,"שוקולד ספלנדיד מריר 64% - חלבי , מפולי קקאו מפרו",שטראוס גרופ בע`מ,BE,שוקולד ספלנדיד,גרמים,100.00,100 גרם,false,1,9.90,9.90,true,1,
7290110576363,false,"שוקולד ספלנדיד מריר 80% חלבי ,פולי קקאו מאוגנדה",שטראוס גרופ בע`מ,BE,שוקולד ספלנדיד,גרמים,100.00,100 גרם,false,1,9.90,9.90,true,1,
7290110576752,false,טבלאות שוקולד ספלנדיד מריר 70% 100 ג' עלית,שטראוס גרופ בע`מ,BE,שוקולד ספלנדיד,גרמים,100.00,100 גרם,false,1,12.50,12.50,true,1,
7290110576776,false,טבלאות שוקולד ספלנדיד מריר 85% 100 ג' עלית,שטראוס גרופ בע`מ,BE,שוקולד ספלנדיד,גרמים,100.00,100 גרם,false,1,12.50,12.50,true,1,
7290110576790,false,סקי בטעם מוקה 3% (125 גר`) דנונה,שטראוס גרופ בעמ/מצונן,IL,סקי בטעם מוקה,גרמים,125.00,100 גרם,false,1,3.70,2.96,true,1,
7290111341984,false,לילי - מגבוני נייר טואלט לח פיור רביעייה,קימברלי קלארק ישראל שיווק בעמ,IL,נייר טואלט לח4יח,יחידה,1.00,יחידה,false,1,22.00,22.00,true,1,
7290111342004,false,מגבוני נייר טואלט לחים 56 דף דיספנסר,קימברלי קלארק ישראל שיווק בעמ,IL,נ.טואלט לח קידס,יחידה,1.00,יחידה,false,1,8.90,8.90,true,1,
7290111342042,false,ניקול כריות יפניות אנטיבקטריאלי 4 יחידות,קימברלי קלארק ישראל שיווק בעמ,IL,כריות יפניות,יחידה,1.00,יחידה,false,1,12.90,12.90,true,1,
7290111342059,false,50 מטליות מיקרופייבר לשטחים אנטיבקטריאלי ניקול,קימברלי קלארק ישראל שיווק בעמ,IL,מטליות לחות50יח,יחידה,1.00,יחידה,false,1,15.90,15.90,true,1,
7290111342073,false,מטליות מקרופייבר למשטחים אנטיבקטריאלי ניקול,קימברלי קלארק ישראל שיווק בעמ,CN,מטליות מקרופייבר,יחידה,1.00,יחידה,false,1,16.90,16.90,true,1,
7290111344145,false,ניקול זוג מטליות מיקרופייבר אנטיבקטריאליות לרצפה,קימברלי קלארק ישראל שיווק בעמ,CN,מטלית רצפה,יחידה,1.00,יחידה,false,1,31.90,31.90,true,1,
7290111344206,false,האגיס נטורל קר מגבונים לחים בבישום עדין רביעייה,קימברלי קלארק ישראל שיווק בעמ,IL,מגבונים האגיס 4*,יחידה,1.00,יחידה,false,1,23.90,23.90,true,1,
7290111344732,false,קלינקס - טיישו אלרג'י קומפורט ניילון זוגות 140 דף,קימברלי קלארק ישראל שיווק בעמ,IL,קלינקס זוג,יחידה,1.00,יחידה,false,1,16.90,16.90,true,1,
7290111344831,false,קוטקס - מגיני יום אקסטרא פרוטקט נורמל ביג 60 יח',קימברלי קלארק ישראל שיווק בעמ,CN,מגן תחתון קוטקס,יחידה,1.00,יחידה,false,1,21.90,21.90,true,1,
7290111344879,false,קוטקס מגיני תחתון 2IN1 מחזור+שתן 44 יחיד,קימברלי קלארק ישראל שיווק בעמ,CN,מגן תחתון קוטקס,יחידה,1.00,יחידה,false,1,21.90,21.90,true,1,
7290111345760,false,תחבושות נטורל דואו סופר 18 יח' קוטקס,קימברלי קלארק ישראל שיווק בעמ,CZ,תחבושות קוטקס,יחידה,1.00,יחידה,false,1,20.90,20.90,true,1,
7290111350719,false,חטיף נאצוס הוטפופ בסגנון מסעדות 322 גר,ליימן שליסל בע`מ,US,חטיף נאצ'וס,גרמים,322.00,100 גרם,false,1,17.90,5.56,true,1,
7290111350726,false,חטיף נאצוס הוטפופ בסגנון מקסיקני 322 גר,ליימן שליסל בע`מ,US,חטיף נאצ'וס,גרמים,322.00,100 גרם,false,1,17.90,5.56,true,1,
7290111350740,false,הוט פופ קידס טבעי+מלח 500 ג' +5 גביעים,ליימן שליסל בעמ,US,הוטפופ טבעי 5 יח,גרמים,500.00,100 גרם,false,1,16.90,3.38,true,1,
7290111352959,false,מקלות חמוצים ממולאים בטעם פירות 80 גר' יוגטה,ליימן שליסל בעמ,TR,מקלות חמוצים,גרמים,80.00,100 גרם,false,1,4.50,5.63,true,1,
7290111352966,false,יוגטה סוכריות ממולאות בטעם פירות 250 גרם ללא ג'לטין,ליימן שליסל בע`מ,TR,סוכריות ממולאות,גרמים,250.00,100 גרם,false,1,7.90,3.16,true,1,
7290111564239,false,מאגדת מיני קראנץ וניל 5 יח' נסטלה,נגה גלידות שותפות מוגבלת,IL,מאגדת מיני קראנץ,גרמים,275.00,100 גרם,false,1,31.90,11.60,true,1,
7290111564277,false,פריכיות דקות ונימוחות 3 דגנים פיטנס Fitness,קבוצת אוסם סחר שותפות מוגבלת,IL,פריכיות פיטנס,גרמים,120.00,100 גרם,false,1,11.90,9.92,true,1,
7290111564291,false,פריכיות דקות ונימוחות 3 דגנים וקינואה פיטנס Fitness,קבוצת אוסם סחר שותפות מוגבלת,IL,פריכיות פיטנס,גרמים,120.00,100 גרם,false,1,11.90,9.92,true,1,
7290111566103,false,טבעול פלאפל מרכיבים ביתיים בלבד 590 גרם,קבוצת אוסם סחר שותפות מוגבלת,IL,פלאפל ביתי,גרמים,590.00,100 גרם,false,1,34.90,5.92,true,1,
7290111566240,false,שניצל דק מן הצומח בטעם צ'ילי חריף 700 גרם,קבוצת אוסם סחר שותפות מוגבלת,IL,שניצל דק בטעם צי,גרמים,564.00,100 גרם,false,1,34.90,6.19,true,1,
7290111566271,false,טבעול חטיפי תירס 657 גרם קפוא,קבוצת אוסם סחר שותפות מוגבלת,IL,חטיפי תירס טבעול,גרמים,657.00,100 גרם,false,1,31.90,4.86,true,1,
7290111566318,false,שניצל דק מן הצומח בטעם ביתי 700 גרם,קבוצת אוסם סחר שותפות מוגבלת,IL,שניצל דק מן הצומ,גרמים,564.00,100 גרם,false,1,34.90,6.19,true,1,
7290111566332,false,"נקניקיות וינר מן הצומח 680 גרם ""טבעול""",קבוצת אוסם סחר שותפות מוגבלת,IL,נקנ' וינר צמחוני,גרמים,680.00,100 גרם,false,1,34.90,5.13,true,1,
7290111566417,false,טבעול טחון מן הצומח משופר 400 גרם,קבוצת אוסם סחר שותפות מוגבלת,IL,טחון צמחוני טבעו,גרמים,500.00,100 גרם,false,1,34.90,6.98,true,1,
7290111566547,false,טבעול חזה בגריל צמחוני 99 קלוריות 560ג',קבוצת אוסם סחר שותפות מוגבלת,IL,חזה בגריל צמחוני,גרמים,560.00,100 גרם,false,1,34.90,6.23,true,1,
7290111566585,false,"שניצל צמחוני 99 קלוריות 650 גר' ""טבעול""",קבוצת אוסם סחר שותפות מוגבלת,IL,שניצל צמחוני,גרמים,650.00,100 גרם,false,1,34.90,5.37,true,1,
7290111566660,false,קציצות עדשים כתומות טבעול 530 גרם,קבוצת אוסם סחר שותפות מוגבלת,IL,קציצות עדשיםכתומ,גרמים,525.00,100 גרם,false,1,34.90,6.65,true,1,
7290111566691,false,"שניצל תרד 99 קלוריות 560 גרם ""טבעול""",קבוצת אוסם סחר-שות.מוגבלת,IL,שניצל תרד 99 קלו,גרמים,560.00,100 גרם,false,1,34.90,6.23,true,1,
7290111566714,false,טבעול המבורגר צמחוני 99 קלוריות 600 גרם,קבוצת אוסם סחר שותפות מוגבלת,IL,המבורגר צמחוני,גרמים,600.00,100 גרם,false,1,34.90,5.82,true,1,
7290111566752,false,טבעול שניצל תירס 99 קלוריות 693 גרם,קבוצת אוסם סחר שותפות מוגבלת,IL,שניצל תירס 99,גרמים,693.00,100 גרם,false,1,34.90,5.04,true,1,
7290111568275,false,אטריות נודלס אורז רחבות אסם אסייתי 300גרם,קבוצת אוסם סחר שותפות מוגבלת,TH,נודלס אטריות,גרמים,300.00,100 גרם,false,1,11.90,3.97,true,1,
7290111930799,false,קראנצ'וס טעם בצל 55גר,ש. שסטוביץ בע`מ,IL,קראנצ'וס בצל,גרמים,55.00,100 גרם,false,1,3.90,7.09,true,1,
7290111930805,false,קראנצ'וס טעם ברביקיו 55 גר',ש. שסטוביץ בע`מ,IL,קראנצ'וס ברביקיו,גרמים,55.00,100 גרם,false,1,3.90,7.09,true,1,
7290111930850,false,קראנצ'וס טעם פיצה 55גר',ש. שסטוביץ בע`מ,IL,קראנצ'וס פיצה,גרמים,70.00,100 גרם,false,1,3.90,5.57,true,1,
7290111930911,false,חטיף פוף לבבות קלאסי 40 גרם,ש. שסטוביץ בע`מ,IL,פוף לבבות רגיל,גרמים,40.00,100 גרם,false,1,4.40,11.00,true,1,
7290111930935,false,חטיף פוף טבעות קלאסי 40 גרם,ש. שסטוביץ בע`מ,IL,פוף טבעות,גרמים,40.00,100 גרם,false,1,4.40,11.00,true,1,
7290111936296,false,"פלמוליב סבון נוזלי בניחוח סנסיישן מסאז' ,750 מ""ל",קולגייט פלמוליב,TR,סבון פלמוליב,מיליליטרים,750.00,"100 מ""ל",false,1,21.90,2.92,true,1,
7290112000286,false,"גל לניקוי אסלות סיליט באנג לימון 750 מ""ל",רקיט בנקיזר (ניר איסט) בעמ,PL,סיליט ג'ל אסלה,מיליליטרים,750.00,"100 מ""ל",false,1,9.90,1.32,true,1,
7290112000736,false,פיניש טבליות AIO 80 יח` אריזת חיסכון,רקיט בנקיזר (ניר איסט) בעמ,PL,פיניש 80 טבליות,יחידה,1.00,יחידה,false,1,61.90,61.90,true,1,
7290112000798,false,"דיטול תרסיסי חיטוי וניקוי אנטי בקטריאלי 750 מ""ל",רקיט בנקיזר (ניר איסט) בעמ,GB,דטול מחטא משטחים,מיליליטרים,750.00,"100 מ""ל",false,1,12.80,1.70,true,1,
7290112001023,false,"אירוויק ספרי אוטמטי מילוי תענוגות האביב 250 מ""ל",רקיט בנקיזר (ניר איסט) בעמ,GB,אירוויק מילוי,מיליליטרים,250.00,"100 מ""ל",false,1,16.90,6.76,true,1,
7290112002044,false,טבליות פיניש מנקה מדיח 3 יח,רקיט בנקיזר (ניר איסט) בעמ,HU,פיניש מנקה מדיח,יחידה,1.00,יחידה,false,1,15.90,15.90,true,1,
7290112002099,false,קולון גל כביסה מרוכז 2.5 ליטר קלאסי,רקיט בנקיזר (ניר איסט) בעמ,IL,ג'ל כביסה קולון,ליטרים,2.50,ליטר,false,1,22.90,9.16,true,1,
7290112003263,false,"אבקת כביסה קולון לבנדר 1.25 ק""ג",רקיט בנקיזר (ניר איסט) בעמ,IL,אבקת קולון מאסק,קילוגרמים,1.25,"ק""ג",false,1,14.90,11.92,true,1,
7290112004109,false,מטליות לחות לניקוי כללי וחיטוי בריח ליים ונענע- מארז,רקיט בנקיזר (ניר איסט) בעמ,PL,דטול מגבונים 3יח,יחידה,1.00,יחידה,false,1,22.90,22.90,true,1,
7290112004208,false,פיניש טבליות למדיח הכל ב 1 לימון 50 יחידות,רקיט בנקיזר (ניר איסט) בעמ,PL,פיניש לימון AIO,יחידה,1.00,יחידה,false,1,36.90,36.90,true,1,
7290112004970,false,פיניש אולטימייט קוואנטום 50 טבליות למדיח,רקיט בנקיזר (ניר איסט) בעמ,PL,פיניש אולטימייט,יחידה,1.00,יחידה,false,1,55.90,55.90,true,1,
7290112005045,false,וניש מסיר כתמים אבקה לכביסה לבנה 480 גרם,רקיט בנקיזר (ניר איסט) בעמ,IT,וניש אבקה לכביסה,גרמים,480.00,100 גרם,false,1,18.90,3.94,true,1,
7290112005076,false,וניש תוסף כביסה רב תכליתי צבעוני 480 גרם,רקיט בנקיזר (ניר איסט) בעמ,IT,וניש אבקה לכביסה,גרמים,480.00,100 גרם,false,1,18.90,3.94,true,1,
7290112193285,false,"סטייל - מרכך מתולתלות מגביר לחות 600 מ""ל",א.ל.ארמן ייצור תמרוקים ב,IL,מרכך מתולתלות,מיליליטרים,600.00,"100 מ""ל",false,1,24.90,4.15,true,1,
7290112330352,false,"יוגורט PRO בטעם וניל 0% , 20 גרם חלבון בגביע",שטראוס גרופ בעמ/מצונן,IL,דנונה פרו20 וניל,גרמים,200.00,100 גרם,false,1,6.20,3.10,true,1,
7290112330390,false,דנונה פרו פירות יער 20 גרם חלבון 0% שומן 200 גרם,שטראוס גרופ בעמ/מצונן,IL,דנונה פרו 0%,גרמים,200.00,100 גרם,false,1,6.20,3.10,true,1,
7290112330420,false,דנונה פרו לבן 2.9% שומן בודד 150גר,שטראוס גרופ בעמ/מצונן,IL,דנונה עם חלבון,גרמים,150.00,100 גרם,false,1,4.90,3.27,true,1,
>>>>>>> d048ac2f4f281c9d788043ab4e81b61b0dbe3743
7290112332691,false,פינוקיות עוגיות קרם פסק זמן אגוזים 200 גרם,"הגביע מוצרי וופלים בע""\מ",IL,פינוקיות פסק זמן,גרמים,200.00,100 גרם,false,1,11.90,5.95,true,1,
7290112332875,false,מסטיק מאסט קוביות בטעם מנטה עדינה 86 ג' עלית,שטראוס גרופ בע`מ,DE,מאסט קוביות,גרמים,86.00,100 גרם,false,1,13.90,16.16,true,1,
7290112336613,false,עד חצות עוגיות סנדוויץ במילוי שוקולד חלב,שטראוס גרופ בע`מ,FR,עד חצות סנדוויץ,גרמים,135.00,100 גרם,false,1,11.90,8.81,true,1,
7290112336651,false,סוכריות מאסט ללא סוכר ריבת חלב 80 ג' עלית,שטראוס גרופ בע`מ,PL,סוכריות מאסט,גרמים,80.00,100 גרם,false,1,8.90,11.13,true,1,
7290112336712,false,יוגורט PRO לבן 0% 21 גרם חלבון בגביע,שטראוס גרופ בעמ/מצונן,IL,דנונה פרו 21,גרמים,200.00,100 גרם,false,1,6.20,3.10,true,1,
7290112337474,false,סוכריות מאסט ללא סוכר פטל לימון 80 ג' עלית,שטראוס גרופ בע`מ,PL,סוכריות מאסט,גרמים,80.00,100 גרם,false,1,8.90,11.13,true,1,
7290112338877,false,מעדן גבינה בטעם תות 3% 125ג' סקי,שטראוס גרופ בעמ/מצונן,IL,סקי תות,גרמים,125.00,100 גרם,false,1,3.70,2.96,true,1,
7290112339171,false,מעדן מוס שוקולד 81 גר`מילקי,שטראוס גרופ בעמ/מצונן,IL,מילקי מוס שוקולד,גרמים,81.00,100 גרם,false,1,3.70,4.57,true,1,
7290112339867,false,גמדים לדרך גבינה לבנה עם מחית תות,שטראוס גרופ בעמ/מצונן,IL,גמדים לדרך,גרמים,100.00,100 גרם,false,1,5.90,5.90,true,1,
7290112339874,false,גמדים לדרך גבינה לבנה עם מחיות תות ובננה,שטראוס גרופ בעמ/מצונן,IL,גמדים לדרך,גרמים,100.00,100 גרם,false,1,5.90,5.90,true,1,
7290112340245,false,מסטיק מאסט צנצנת בטעם דובדבן 66 גר` מגדי,"שטראוס גרופ בע""\מ",IL,מסטיק דובדבן,גרמים,66.00,100 גרם,false,1,11.50,17.42,true,1,
7290112340252,false,צנצנת מסטיק מאסט בטעם אבטיח מלון 66 ג' עלית,"שטראוס גרופ בע""\מ",IL,מסטיק אבטיח מלון,גרמים,66.00,100 גרם,false,1,11.50,17.42,true,1,
7290112340900,false,קפה טורקי האג נטול קפאין 200 גרם,הנסיך- מפעל לייצור ט,,קפה טורקי האג,יחידה,1.00,יחידה,false,0,27.50,27.50,true,1,
7290112341556,false,יוגורט אקטיביה עם צ'יה ותות 150 גרם,שטראוס גרופ בעמ/מצונן,IL,אקטיביה פרי,גרמים,150.00,100 גרם,false,1,4.70,3.13,true,1,
7290112341679,false,אקטיביה יוגורט 3% דנונה (200 גרם),שטראוס גרופ בעמ/מצונן,IL,אקטיביה 3%,גרמים,200.00,100 גרם,false,1,4.20,2.10,true,1,
7290112341686,false,שמינייה יוגורט לבן אקטיביה 3% דנונה 150 גרם.,שטראוס גרופ בעמ/מצונן,IL,אקטיביה מארז 8יח,קילוגרמים,1.20,"ק""ג",false,1,21.50,17.92,true,1,
7290112342270,false,קפה פלטינום אינטנס מחוזק ב- 10% אספרסו,שטראוס קפה בי.וי,IL,קפה פלטינום,גרמים,125.00,100 גרם,false,1,20.00,16.00,true,1,
7290112343420,false,"משקה חלב עם דגנים מלאים ובננה פרו יטבתה 350מ""ל",שטראוס גרופ בעמ/מצונן,IL,יטבתה פרו משקה,מיליליטרים,350.00,"100 מ""ל",false,1,7.90,2.26,true,1,
7290112343499,false,חטיף צ'יטוס פאפס אפוי בטעם גבינה,"שטראוס פריטו ליי בע""\מ )",IL,חטיף צ'יטוס puff,גרמים,55.00,100 גרם,false,1,3.60,6.55,true,1,
7290112343512,false,צ'יטוס puffs בטעם גבינה 180 גרם,"שטראוס פריטו ליי בע""\מ )",IL,חטיף ציטוסpuffs,גרמים,160.00,100 גרם,false,1,8.90,5.56,true,1,
7290112344410,false,דבש טהור 400 גרם,מכוורת יד מרדכי שטראוס ב,IL,דבש טהור,גרמים,400.00,100 גרם,false,1,24.00,6.00,true,1,
7290112344564,false,רביולי גבינה קלאסי שטראוס 400 ג',שטראוס גרופ בעמ/מצונן,IL,רביולי גבינה,גרמים,400.00,100 גרם,false,1,21.70,5.43,true,1,
7290112344755,false,מילקי עם 26% פחות סוכר 135 גר}שטראוס{,שטראוס גרופ בעמ/מצונן,IL,מילקי,גרמים,135.00,100 גרם,false,1,2.90,2.15,true,1,
7290112344786,false,קפה פלטינום קלאסיק עלית 200 גרם,הנסיך- מפעל לייצור ט,IL,קפה נמס פלטינום,גרמים,200.00,100 גרם,false,1,28.90,14.45,true,1,
7290112346360,false,בפלות אחת אחת ופל בטעם שוקולד מצופה שוקולד,הגביע מוצרי וופלים ב,GR,בפלות אחת אחת,גרמים,180.00,100 גרם,false,1,14.90,8.28,true,1,
7290112346537,false,עוגיות פינוקיות בטעם טורטית 200 ג' עלית,"הגביע מוצרי ופלים בע""\מ",IL,פינוקיות טורטית,גרמים,200.00,100 גרם,false,1,11.90,5.95,true,1,
7290112346629,false,דנונה בר יוגורט+קורנפלקס מצופה שוקולד חלב ולבן 172 גרם,שטראוס גרופ בעמ/מצונן,IL,דנונה בר,גרמים,172.00,100 גרם,false,1,4.80,2.79,true,1,
7290112346773,false,יוגורט בטעם וניל 0% לייט אנד פרי 10 גרם חלבון בגביע,שטראוס גרופ בעמ/מצונן,IL,דנונה לייט וניל,גרמים,150.00,100 גרם,false,1,4.90,3.27,false,1,
7290112346797,false,יוגורט אקטיביה שיבולת שועל ושזיף 150 גרם,שטראוס גרופ בעמ/מצונן,IL,אקטיביה שזיף,גרמים,150.00,100 גרם,false,1,4.70,3.13,true,1,
7290112346827,false,שמיניית אקטימל ויטמין C פטל 108 גרם,שטראוס גרופ בעמ/מצונן,IL,אקטימל ויטמין C,מיליליטרים,800.00,"100 מ""ל",false,1,22.70,2.84,true,1,
7290112347008,false,גמדים לדרך גבינה לבנה עם מחית תות ושיבולת שועל,שטראוס גרופ בעמ/מצונן,IL,גמדים ארוחת בוקר,גרמים,100.00,100 גרם,false,1,5.90,5.90,true,1,
7290112348142,false,שעועית לבנה 380 גר' בקופסה טעם הטבע,שטראוס גרופ בע`מ,IT,שעועית לבנה,גרמים,380.00,100 גרם,false,1,7.90,2.08,true,1,
7290112349606,false,מעדן גבינה ויוגורט תות בננה 88 ג' דניאלה,שטראוס גרופ בעמ/מצונן,IL,דניאלה תות בננה,גרמים,88.00,100 גרם,false,1,4.30,4.89,true,1,
7290112349743,false,ארביאטה רוטב עגבניות פיקנטי לפסטה 350 ג' יד מרדכי,אמיליאנה קונסרב סוסייטה,IT,רוטב עגבניות,גרמים,350.00,100 גרם,false,1,12.90,3.69,true,1,
7290112349750,false,פיצה רוטב עגבניות לפיצה יד מרדכי 350 גרם,אמיליאנה קונסרב סוסייטה,IT,רוטב עגבניות,גרמים,350.00,100 גרם,false,1,12.90,3.69,true,1,
7290112349897,false,מסטיק מאסט Must קוביות בטעם מנטה ללא סוכר,שטראוס גרופ בע`מ,DE,מסטיק מאסט מנטה,גרמים,86.00,100 גרם,false,1,13.90,16.16,true,1,
7290112350312,false,קפסולות 15 קפה יותר למכונות נספרסו עלית 10יח',הנסיך- מפעל לייצור ט,IL,קפסולות קפה,גרמים,50.00,100 גרם,false,1,18.90,37.80,true,1,
7290112351258,false,עוגיית קקאו פינוקיות שחור לבן 200 גר,"הגביע מוצרי ופלים בע""\מ",IL,פינוקיות שחור לב,גרמים,200.00,100 גרם,false,1,11.90,5.95,true,1,
7290112351524,false,עלי סלנובה 200 גר' שטראוס טעם הטבע,שטראוס בריאות ירקות טריי,IL,עלי חסה סלנובה,גרמים,200.00,100 גרם,false,1,11.90,5.95,true,1,
7290112353887,false,"משקה קפה קר בטעם אגוזים יטבתה 230 מ""ל",האי נאם סי או אל.טי.,AT,קפה קר יטבתה,מיליליטרים,230.00,"100 מ""ל",false,1,7.90,3.43,true,1,
7290112354204,false,"ספגטי עגבניות 280 גר' ""דלישס"" שטראוס",קפוא-זן תעשיות מזון בעמ - תפוג,IL,דלישס ספגטי עגבנ,גרמים,280.00,100 גרם,false,1,23.90,8.54,true,1,
7290112354235,false,ברקטה פיצה - 2 יחידות במארז,קפוא-זן תעשיות מזון בעמ - תפוג,IL,דלישס ברקטה פיצ,גרמים,300.00,100 גרם,false,1,27.90,9.30,true,1,
7290112355027,false,דנונה פרו 20 גרם חלבון בטעם קרמל מלוח 200 גרם,שטראוס גרופ בעמ/מצונן,IL,דנונה פרו קרמל,גרמים,200.00,100 גרם,false,1,6.20,3.10,true,1,
7290112355102,false,גמדים סקוויז 100 גרם פאוץ סלט פירות 100 גרם,שטראוס גרופ בעמ/מצונן,IL,גמדים לדרך,גרמים,100.00,100 גרם,false,1,5.90,5.90,false,1,
7290112355263,false,רוטב שמנת עם שוקולד 9% שומן 260 ג' יטבתה,שטראוס גרופ בעמ/מצונן,IL,רוטב שמנת,גרמים,265.00,100 גרם,false,1,11.30,4.26,true,1,
7290112355393,false,"יטבתה רוטב שמנת+בטטה 9% שומן 250 מ""ל",שטראוס גרופ בעמ/מצונן,IL,רוטב שמנת בטטה,גרמים,257.00,100 גרם,false,1,11.30,4.40,true,1,
7290112355812,false,מילקי טופ קורנפלקס 141 ג' שטראוס,שטראוס גרופ בעמ/מצונן,IL,מילקי טופ,גרמים,141.00,100 גרם,false,1,5.00,3.55,true,1,
7290112357106,false,שעועית אדומה 380 גר' בקופסה טעם הטבע,שטראוס גרופ בע`מ,IT,שעועית אדומה,גרמים,380.00,100 גרם,false,1,7.90,2.08,true,1,
7290112357113,false,גרגרי חומוס בקופסה 380 גר' טעם הטבע,שטראוס גרופ בע`מ,IT,גרגרי חומוס,גרמים,380.00,100 גרם,false,1,7.90,2.08,true,1,
7290112358127,false,דנונה פרו חלבון+מגנזיום- וניל ועוגיות 200 גרם,שטראוס גרופ בעמ/מצונן,IL,דנונ.פרו+מגנזיום,גרמים,200.00,100 גרם,false,1,6.70,3.35,true,1,
7290112358240,false,רוטב גריל יד מרדכי 300 גרם,שטראוס גרופ בע`מ,IL,רוטב גריל,גרמים,300.00,100 גרם,false,1,15.00,5.00,true,1,
7290112358561,false,קפה נמס פלטינום קלאסי 47 ג' עלית,שטראוס גרופ בע`מ,PL,קפה פלטינום קלאס,גרמים,47.00,100 גרם,false,1,8.90,18.94,true,1,
7290112359353,false,קפה טורקי אלדין ( 200 גר`) עלית,שטראוס קפה בי.וי,IL,קפה טורקי אלדין,גרמים,200.00,100 גרם,false,1,21.90,10.95,true,1,
7290112490209,false,נמס בכוס מרק עגבניות עם קרוטונים רכיבים טבעיים,יוניליוור ישראל שיווק בע`מ,IL,מרק נמס בכוס,גרמים,56.00,100 גרם,false,1,7.80,13.93,true,1,
7290112490759,false,מרק עשיר עוף עם אטריות רכיבים טבעיים 74 ג' קנור,יוניליוור ישראל שיווק בע`מ,IL,מרק היום עוף,גרמים,74.00,100 גרם,false,1,12.50,16.89,true,1,
7290112491787,false,בייגלה דקים דקים עם שומשום בייגל בייגל 300 גרם,יוניליוור ישראל שיווק בע`מ,IL,בייגלה דקים,גרמים,300.00,100 גרם,false,1,11.60,3.87,true,1,
7290112492449,false,פינוק שמפו שיער רגיל 700 מל-חדש,"יוניליוור ישראל שיווק בע""מ",IL,שמפו לשיער רגיל,מיליליטרים,700.00,"100 מ""ל",false,1,12.90,1.84,true,1,
7290112492463,false,"שמפו ומרכך 2 ב-1 לשיער רגיל פינוק 700 מ""ל.",יוניליוור ישראל שיווק בע`מ,IL,פינוק שמפו+מרכך,מיליליטרים,700.00,"100 מ""ל",false,0,12.90,1.84,true,1,
7290112492593,false,תחליב רחצה פינוק בניחוח פינוק קלאסי 700,יוניליוור ישראל שיווק בע`מ,IL,תחליב רחצה פינוק,מיליליטרים,700.00,"100 מ""ל",false,1,12.90,1.84,true,1,
7290112492609,false,"תחליב רחצה פינוק 700 מ""ל לבנדר ווניל",יוניליוור ישראל שיווק בע`מ,IL,תחליב רחצה פינוק,מיליליטרים,700.00,"100 מ""ל",false,1,12.90,1.84,true,1,
7290112492715,false,"פינוק שמפו ללא דמעות לסירוק קל לילדים 700 מ""ל",יוניליוור ישראל שיווק בע`מ,IL,שמפו פינוק ילדים,מיליליטרים,700.00,"100 מ""ל",false,1,14.90,2.13,true,1,
7290112492982,false,"אבקת מרק פטריות כשל""פ 100% רכיבים טבעיים 400 גרם",יוניליוור ישראל שיווק בע`מ,IL,מרק פטריות,גרמים,400.00,100 גרם,false,1,29.50,7.38,true,1,
7290112493316,false,מרק היום אפונה 100% רכיבים טביעיים קנור,יוניליוור ישראל שיווק בע`מ,IL,מרק עשיר אפונה,גרמים,117.00,100 גרם,false,1,12.50,10.68,true,1,
7290112493927,false,גלידה בטעם ריבת חלב 1.33ל' קרמיסימו,"גלידת שטראוס בע""\מ, רחוב",IL,קרמיסימו ריבת חל,ליטרים,1.33,ליטר,false,1,21.90,16.47,true,1,
<<<<<<< HEAD
7290112493934,false,גלידת וניל צרפתי קרמיסימו 1.33 ל,"גלידת שטראוס בע""\מ, רחוב",IL,קרמיסימו וניל צר,ליטרים,1.33,ליטר,false,1,21.90,16.47,true,1,
7290112494238,false,קליק - כדורים חלב תפזורת 65 גרם,יוניליוור ישראל מזון בע\,IL,קליק כדורים,גרמים,65.00,100 גרם,false,1,6.40,9.85,true,1,
7290112494382,false,פירה בטעם ביתי 260 גרם-קופסא,יוניליוור ישראל מזון בע\,IL,פירה בטעם ביתי,גרמים,260.00,100 גרם,false,1,12.70,4.88,true,1,
7290112494993,false,דגני בוקר וניל 686ג' כריות,"יוניליוור שפע ישראל בע""\",IL,כריות וניל,גרמים,686.00,100 גרם,false,1,28.90,4.21,true,1,
7290112495754,false,"רטבי הלמנס לסלט 300 מ""ל אלף האיים",יוניליוור ישראל מזון בעמ,IL,רוטב אלף האיים,גרמים,305.00,100 גרם,false,1,11.90,3.90,true,1,
7290112495785,false,רוטב לסלט שום הלמנס 300ג,יוניליוור ישראל מזון בעמ,IL,רוטב שום לסלט,גרמים,300.00,100 גרם,false,1,11.90,3.97,true,1,
7290112495792,false,הלמנס רוטב לסלט שום לייט 300 גר',יוניליוור ישראל מזון בעמ,IL,רוטב שום לייט,גרמים,300.00,100 גרם,false,1,11.90,3.97,true,1,
7290112495822,false,כריות BLACK בטעם שוקולד וניל תלמה 686 גרם,"יוניליוור שפע ישראל בע""\",IL,כריות בלאק,גרמים,686.00,100 גרם,false,1,28.90,4.21,true,1,
7290112496294,false,חטיף פתית צ'יפס עם אפונה ירוקה צהובה וצ'ילי,JLM גלובל פודסn37\ דרך א,GB,פתית צ'יפס,גרמים,22.00,100 גרם,false,1,5.50,25.00,true,1,
7290112497505,false,וזלין תחליב גוף בתוספת אלוורה 600 מל,"יוניליוור, ג'פרסון סיטי,",US,קרם גוף ואזלין,מיליליטרים,600.00,"100 מ""ל",false,1,19.90,3.32,true,1,
7290112498069,false,#קוקומן ללא גלוטן כשלפ 375ג - חדש,"מולינו ניקולי ,S.p.A ויה",IT,קוקומן ללא גלוטן,גרמים,375.00,100 גרם,false,1,23.90,6.37,true,1,
=======
7290112493934,false,קרמיסימו מעדן קפוא טעם וניל צרפתי,"גלידת שטראוס בע""\מ, רחוב",IL,קרמיסימו וניל צר,ליטרים,1.33,ליטר,false,1,21.90,16.47,true,1,
7290112494238,false,חטיף כדורים שוקולד חלב קליק (65 גרם),יוניליוור ישראל שיווק בע`מ,IL,קליק כדורים,גרמים,65.00,100 גרם,false,1,6.40,9.85,true,1,
7290112494382,false,פירה בטעם ביתי 260 גרם-קופסא,יוניליוור ישראל שיווק בע`מ,IL,פירה בטעם ביתי,גרמים,260.00,100 גרם,false,1,12.70,4.88,true,1,
7290112494993,false,כריות דגנים במילוי וניל בדצ 686 גרם,יוניליוור ישראל שיווק בע`מ,IL,כריות וניל,גרמים,686.00,100 גרם,false,1,28.90,4.21,true,1,
7290112495754,false,רוטב לסלט אלף האיים הלמנס (305 מל),יוניליוור ישראל שיווק בע`מ,IL,רוטב אלף האיים,גרמים,305.00,100 גרם,false,1,11.90,3.90,true,1,
7290112495785,false,רוטב לסלט שום (300 גרם)הלמנס,יוניליוור ישראל שיווק בע`מ,IL,רוטב שום לסלט,גרמים,300.00,100 גרם,false,1,11.90,3.97,true,1,
7290112495792,false,רוטב הלמנס שום לייט לסלט 305גר כשלפ,יוניליוור ישראל שיווק בע`מ,IL,רוטב שום לייט,גרמים,300.00,100 גרם,false,1,11.90,3.97,true,1,
7290112495822,false,כריות BLACK בטעם שוקולד וניל תלמה 686 גרם,יוניליוור ישראל שיווק בע`מ,IL,כריות בלאק,גרמים,686.00,100 גרם,false,1,28.90,4.21,true,1,
7290112496294,false,חטיף פתית צ'יפס עם אפונה ירוקה צהובה וצ'ילי,יוניליוור ישראל שיווק בע`מ,GB,פתית צ'יפס,גרמים,22.00,100 גרם,false,1,5.50,25.00,true,1,
7290112497505,false,"תחליב גוף וזלין ירוק עם אלוורה 600מ""ל",יוניליוור ישראל שיווק בע`מ,US,קרם גוף ואזלין,מיליליטרים,600.00,"100 מ""ל",false,1,19.90,3.32,true,1,
7290112498069,false,#קוקומן ללא גלוטן כשלפ 375ג - חדש,יוניליוור ישראל שיווק בע`מ,IT,קוקומן ללא גלוטן,גרמים,375.00,100 גרם,false,1,23.90,6.37,true,1,
>>>>>>> d048ac2f4f281c9d788043ab4e81b61b0dbe3743
7290112498915,false,מאגדת מיני מגנום שקדים מובחר שטראוס 250 גרם,"מיוצר ע""\י גלידת שטראוס",IL,מיני מגנום שקדים,גרמים,250.00,100 גרם,false,1,29.90,11.96,true,1,
7290112498922,false,מאגדת מיני מגנום לבן שטראוס 250 גרם,"מיוצר ע""\י גלידת שטראוס",IL,מאגדת מיני מגנום,גרמים,250.00,100 גרם,false,1,29.90,11.96,true,1,
7290112499097,false,מאגדת מיני מגנום מריר Intense Dark! 240 גרם,"מיוצר ע""\י גלידת שטראוס",IL,מאגדת מיני מגנום,גרמים,240.00,100 גרם,false,1,29.90,12.46,true,1,
7290112499776,false,גלידת שמנת מופחתת שומן וקלוריות בטעם שוקולד לבן 240 גרם,"גלידת שטראוס בע""\מ, רח'\",IL,מאגדת גודיז 3 שו,גרמים,240.00,100 גרם,false,1,27.90,11.63,true,1,
7290112499844,false,מאגדת מיני מגנום דואט שוקולד עם נוגט שטראוס 310 גרם,"מיוצר ע""\י גלידת שטראוס",IL,מאגדת מגנום מיני,גרמים,310.00,100 גרם,false,1,29.90,9.65,true,1,
7290112499943,false,מיני מאגדת מיני מגנום טעמים שונים וניל+שוקו,"מיוצר ע""\י גלידת שטראוס",IL,מאגדת מיני מגנום,גרמים,250.00,100 גרם,false,1,29.90,11.96,true,1,
<<<<<<< HEAD
7290112961464,false,פיטנס חטיפי פריכיות דגנים וחומוס מתובלות,"פרח תעשיות מזון בע""\מ",IL,חטיפי פריכיות,גרמים,60.00,100 גרם,false,1,9.90,16.50,true,1,
7290112962287,false,טבעול שווארמה טבעונית 6*450 גרם,"טבעול תעשיות מזון בע""\מ",IL,שווארמה צמחונית,גרמים,450.00,100 גרם,false,1,34.90,7.76,true,1,
7290112963529,false,מאגדת טילון אקסטרים שוקו וניל פרווה נסטלה,גלידות נסטלה )נגה גלידות,IL,מאגדת אקסטרים ש,גרמים,444.00,100 גרם,false,1,37.90,8.54,true,1,
7290112963918,false,פיטנס חטיפי קרקר דק רוזמרין 140 גרם,נסטלה Nestle,IL,קרקר דק פיטנס,גרמים,140.00,100 גרם,false,1,13.90,9.93,true,1,
7290112964410,false,אסם רוטב אלף האיים חדש לסלט 290 גרם,"אסם תעשיות בע""מ",IL,רוטב אלף האיים,גרמים,290.00,100 גרם,false,1,12.10,4.17,true,1,
7290112964564,false,"רוטב אלף האיים לייט לסלט אסם 295 מ""ל","אסם תעשיות בע""מ",IL,רוטב אלף האיים,גרמים,295.00,100 גרם,false,1,12.10,4.10,true,1,
7290112964724,false,המבורגר צמחוני עם המון חלבון 580 גר,מיוצר עי קונדיטוריית,IL,המבורגר צמחוני,גרמים,580.00,100 גרם,false,1,34.90,6.02,true,1,
7290112965288,false,מרק נמס ירקות אסם בדצ 56 גרם מארז זוגי,"אסם תעשיות בע""מ",IL,זוג מרק נמס,גרמים,56.00,100 גרם,false,1,6.50,11.61,true,1,
7290112965325,false,תבשיל אורז ספרדי אוסם 140 גרם,"אסם תעשיות בע""מ",IL,תבשיל אורז,גרמים,140.00,100 גרם,false,1,13.10,9.36,true,1,
7290112965660,false,פיטנס - חטיף מולטיגריין מלח פלפל 25 גרם,מיוצר עי קונדיטוריית,IL,חטיף פיטנס מלח,גרמים,25.00,100 גרם,false,1,5.50,22.00,true,1,
7290112965684,false,פיטנס - חטיף מולטיגריין עשבי תיבול 25 גרם,מיוצר עי קונדיטוריית,IL,חטיף פיטנס,גרמים,25.00,100 גרם,false,1,5.50,22.00,true,1,
7290112965707,false,פיטנס - חטיף מולטיגריין צילי מעודן 25 גרם,"אסם השקעות בע""\מ",IL,חטיף פיטנס צ'ילי,גרמים,25.00,100 גרם,false,1,5.50,22.00,true,1,
7290112965745,false,אוסם - ביסלי פריסטייל בצל מעושן 60 גרם,"אסם השקעות בע""\מ",IL,ביסלי פריסטייל,גרמים,60.00,100 גרם,false,1,4.50,7.50,true,1,
7290112966803,false,אסם פודינג אינסטנט שוקולד 95 גרם,"אסם השקעות בע""\מ",IL,פודינג שוקולד,גרמים,88.00,100 גרם,false,1,5.70,6.48,true,1,
7290112966841,false,אינסטנט פודינג בטעם שוקולד מריר 95 גרם,מיוצר עי קונדיטוריית,IL,פודינג שוקולד,גרמים,90.00,100 גרם,false,1,5.70,6.33,true,1,
7290112968807,false,פיטנס - קרקר דק סלק 140 גרם,מפעל אסם יקנעם,IL,קרקר דק פיטנס,גרמים,140.00,100 גרם,false,1,13.90,9.93,true,1,
7290112968821,false,פיטנס - קרקר דק בטטה 140 גרם,מפעל אסם יקנעם,IL,קרקר דק פיטנס,גרמים,140.00,100 גרם,false,1,13.90,9.93,true,1,
7290113191044,false,כמון יוחאי ביטון 250 גרם,נווה התבלין,IL,כמון מזרחי,גרמים,250.00,100 גרם,false,1,19.90,7.96,true,1,
7290113192324,false,זיתים ירוקים שלמים בינוניים בית השיטה,בית-השיטה עסיס תעשיות מז,IL,זיתים ירוקים,גרמים,560.00,100 גרם,false,1,11.70,2.09,true,1,
7290113192331,false,זיתים ירוקים מנזנילו 340 גר' בית השיטה,בית-השיטה עסיס תעשיות מז,IL,זיתים ירוק גדול,גרמים,560.00,100 גרם,false,1,10.70,1.91,true,1,
7290113192348,false,בית השיטה זיתים ירוקים גדול מאודבטעם שום,בית-השיטה עסיס תעשיות מז,IL,זיתים טעם שום,גרמים,560.00,100 גרם,false,1,8.90,1.59,true,1,
7290113192355,false,חרוזית זיתים ירוקים ללא גלעין 275 ג' בית השיטה,בית-השיטה עסיס תעשיות מז,IL,זיתים חרוזית,גרמים,560.00,100 גרם,false,1,10.70,1.91,true,1,
7290113192362,false,זיתים ירוקים טבעות A2 בית השיטה 280 גרם,בית-השיטה עסיס תעשיות מז,IL,טבעות זיתים ירוק,גרמים,560.00,100 גרם,false,1,11.90,2.13,true,1,
7290113192393,false,בית השיטה קוקטייל זיתים א2 336 גרם,בית-השיטה עסיס תעשיות מז,IL,קוקטייל זיתים,גרמים,560.00,100 גרם,false,1,12.70,2.27,true,1,
7290113192478,false,בית השיטה מלפפונים במלח בינוני 10-12 320 גרם,בית-השיטה עסיס תעשיות מז,IL,מלפפונים במלח,גרמים,560.00,100 גרם,false,1,8.60,1.54,true,1,
7290113192485,false,בית השיטה מלפפונים בחומץ בינוני 10-12 290 גרם,בית-השיטה עסיס תעשיות מז,IL,מלפפונים בחומץ,גרמים,560.00,100 גרם,false,1,8.60,1.54,true,1,
7290113192492,false,בית השיטה מלפפונים בחומץ קטנים 1317 290 גרם,בית-השיטה עסיס תעשיות מז,IL,מלפפונים בחומץ,גרמים,560.00,100 גרם,false,1,12.40,2.21,true,1,
7290113192508,false,בית השיטה מלפפונים במלח קטן 1317 320 גרם,בית-השיטה עסיס תעשיות מז,IL,מלפפונים מלח קטן,גרמים,560.00,100 גרם,false,1,12.40,2.21,true,1,
7290113192515,false,בית השיטה מלפפונים במלח קטן מאוד 1825 320 גרם,בית-השיטה עסיס תעשיות מז,IL,מלפפון במלח,גרמים,560.00,100 גרם,false,1,13.90,2.48,true,1,
7290113192522,false,בית השיטה מלפפונים בחומץ קטן מאוד 1825 290 גרם,בית-השיטה עסיס תעשיות מז,IL,מלפפונים בחומץ,גרמים,560.00,100 גרם,false,1,13.90,2.48,true,1,
7290113192539,false,בית השיטה מלפפונים במלח גדול 79 320 גרם,בית-השיטה עסיס תעשיות מז,IL,מלפפון במלח,גרמים,560.00,100 גרם,false,1,7.90,1.41,true,1,
7290113192553,false,מלפפונים במלח 13-17 פיקנטי בית השיטה 320 גרם,בית-השיטה עסיס תעשיות מז,IL,מלפפונים במלח,גרמים,560.00,100 גרם,false,1,11.90,2.13,true,1,
7290113192560,false,בית השיטה פלפל שיפקה חריף כבוש 230 גרם,בית-השיטה עסיס תעשיות מז,IL,פלפל שיפקה חריף,גרמים,560.00,100 גרם,false,1,6.90,1.24,true,1,
7290113192577,false,בית השיטה כרוב כבוש א2 12*430גרם חדש,"בית-השיטה תעשיות בע""\מ",IL,כרוב כבוש,גרמים,560.00,100 גרם,false,1,9.20,1.64,true,1,
7290113193406,false,"קוקטייל טבעות זיתים - זיתים ירוקים, שחורים מרינד","בית השיטה תעשיות בע""\מ",IL,טבעות זיתים,גרמים,560.00,100 גרם,false,1,11.90,2.13,true,1,
7290113194090,false,בית השיטה טבעות זיתים קלמטה 280 גרם,בית השיטה תעשיות בעמ,IL,טבעות זיתי קלמטה,גרמים,560.00,100 גרם,false,1,13.90,2.48,true,1,
=======
7290112961464,false,פיטנס חטיפי פריכיות דגנים וחומוס מתובלות,קבוצת אוסם סחר שותפות מוגבלת,IL,חטיפי פריכיות,גרמים,60.00,100 גרם,false,1,9.90,16.50,true,1,
7290112962287,false,טבעול שווארמה טבעונית 6*450 גרם,קבוצת אוסם סחר שותפות מוגבלת,IL,שווארמה צמחונית,גרמים,450.00,100 גרם,false,1,34.90,7.76,true,1,
7290112963529,false,מאגדת טילון אקסטרים שוקו וניל פרווה נסטלה,נגה גלידות שותפות מוגבלת,IL,מאגדת אקסטרים ש,גרמים,444.00,100 גרם,false,1,37.90,8.54,true,1,
7290112963918,false,פיטנס חטיפי קרקר דק רוזמרין 140 גרם,קבוצת אוסם סחר שותפות מוגבלת,IL,קרקר דק פיטנס,גרמים,140.00,100 גרם,false,1,13.90,9.93,true,1,
7290112964410,false,אסם רוטב אלף האיים חדש לסלט 290 גרם,קבוצת אוסם סחר שותפות מוגבלת,IL,רוטב אלף האיים,גרמים,290.00,100 גרם,false,1,12.10,4.17,true,1,
7290112964564,false,רוטב אלף האיים לייט לסלט אסם (295 מל),קבוצת אוסם סחר שותפות מוגבלת,IL,רוטב אלף האיים,גרמים,295.00,100 גרם,false,1,12.10,4.10,true,1,
7290112964724,false,המבורגר צמחוני עם המון חלבון 580 גר,קבוצת אוסם סחר שותפות מוגבלת,IL,המבורגר צמחוני,גרמים,580.00,100 גרם,false,1,34.90,6.02,true,1,
7290112965288,false,מרק נמס ירקות אסם בדצ 56 גרם מארז זוגי,קבוצת אוסם סחר שותפות מוגבלת,IL,זוג מרק נמס,גרמים,56.00,100 גרם,false,1,6.50,11.61,true,1,
7290112965325,false,תבשיל אורז ספרדי אוסם 140 גרם,קבוצת אסם סחר שות. מוגבלת,IL,תבשיל אורז,גרמים,140.00,100 גרם,false,1,13.10,9.36,true,1,
7290112965660,false,פיטנס - חטיף מולטיגריין מלח פלפל 25 גרם,קבוצת אוסם סחר שותפות מוגבלת,IL,חטיף פיטנס מלח,גרמים,25.00,100 גרם,false,1,5.50,22.00,true,1,
7290112965684,false,פיטנס - חטיף מולטיגריין עשבי תיבול 25 גרם,קבוצת אוסם סחר שותפות מוגבלת,IL,חטיף פיטנס,גרמים,25.00,100 גרם,false,1,5.50,22.00,true,1,
7290112965707,false,פיטנס - חטיף מולטיגריין צילי מעודן 25 גרם,קבוצת אוסם סחר שותפות מוגבלת,IL,חטיף פיטנס צ'ילי,גרמים,25.00,100 גרם,false,1,5.50,22.00,true,1,
7290112965745,false,אוסם - ביסלי פריסטייל בצל מעושן 60 גרם,קבוצת אוסם סחר שותפות מוגבלת,IL,ביסלי פריסטייל,גרמים,60.00,100 גרם,false,1,4.50,7.50,true,1,
7290112966803,false,אינסטנט פודינג בטעם שוקולד אסם (88 גרם),קבוצת אוסם סחר שותפות מוגבלת,IL,פודינג שוקולד,גרמים,88.00,100 גרם,false,1,5.70,6.48,true,1,
7290112966841,false,אינסטנט פודינג בטעם שוקולד מריר 95 גרם,קבוצת אוסם סחר שותפות מוגבלת,IL,פודינג שוקולד,גרמים,90.00,100 גרם,false,1,5.70,6.33,true,1,
7290112968807,false,80018416694פיטנס חטיפי קרקר דק סלק 150גר,קבוצת אוסם סחר שותפות מוגבלת,IL,קרקר דק פיטנס,גרמים,140.00,100 גרם,false,1,13.90,9.93,true,1,
7290112968821,false,חטיפי קרקר דק בטטה 140 גר` פיטנס,קבוצת אוסם סחר שותפות מוגבלת,IL,קרקר דק פיטנס,גרמים,140.00,100 גרם,false,1,13.90,9.93,true,1,
7290113191044,false,כמון יוחאי ביטון 250 גרם,****דין שיווק וקליה 2021 בעמ,IL,כמון מזרחי,גרמים,250.00,100 גרם,false,1,19.90,7.96,true,1,
7290113192324,false,זיתים ירוקים שלמים בינוניים בית השיטה,קבוצת אוסם סחר-שות.מוגבלת,IL,זיתים ירוקים,גרמים,560.00,100 גרם,false,1,11.70,2.09,true,1,
7290113192331,false,זיתים ירוקים מנזנילו 340 גר' בית השיטה,קבוצת אוסם סחר שותפות מוגבלת,IL,זיתים ירוק גדול,גרמים,560.00,100 גרם,false,1,10.70,1.91,true,1,
7290113192348,false,בית השיטה זיתים ירוקים גדול מאודבטעם שום,קבוצת אוסם סחר-שות.מוגבלת,IL,זיתים טעם שום,גרמים,560.00,100 גרם,false,1,8.90,1.59,true,1,
7290113192355,false,חרוזית זיתים ירוקים ללא גלעין 275 ג' בית השיטה,קבוצת אוסם סחר שותפות מוגבלת,IL,זיתים חרוזית,גרמים,560.00,100 גרם,false,1,10.70,1.91,true,1,
7290113192362,false,זיתים ירוקים טבעות A2 בית השיטה 280 גרם,קבוצת אוסם סחר שותפות מוגבלת,IL,טבעות זיתים ירוק,גרמים,560.00,100 גרם,false,1,11.90,2.13,true,1,
7290113192393,false,בית השיטה קוקטייל זיתים א2 336 גרם,קבוצת אוסם סחר שותפות מוגבלת,IL,קוקטייל זיתים,גרמים,560.00,100 גרם,false,1,12.70,2.27,true,1,
7290113192478,false,בית השיטה מלפפונים במלח בינוני 10-12 320 גרם,קבוצת אוסם סחר שותפות מוגבלת,IL,מלפפונים במלח,גרמים,560.00,100 גרם,false,1,8.60,1.54,true,1,
7290113192485,false,בית השיטה מלפפונים בחומץ בינוני 10-12 290 גרם,קבוצת אוסם סחר שותפות מוגבלת,IL,מלפפונים בחומץ,גרמים,560.00,100 גרם,false,1,8.60,1.54,true,1,
7290113192492,false,בית השיטה מלפפונים בחומץ קטנים 1317 290 גרם,קבוצת אוסם סחר שותפות מוגבלת,IL,מלפפונים בחומץ,גרמים,560.00,100 גרם,false,1,12.40,2.21,true,1,
7290113192508,false,בית השיטה מלפפונים במלח קטן 1317 320 גרם,קבוצת אוסם סחר שותפות מוגבלת,IL,מלפפונים מלח קטן,גרמים,560.00,100 גרם,false,1,12.40,2.21,true,1,
7290113192515,false,בית השיטה מלפפונים במלח קטן מאוד 1825 320 גרם,קבוצת אוסם סחר שותפות מוגבלת,IL,מלפפון במלח,גרמים,560.00,100 גרם,false,1,13.90,2.48,true,1,
7290113192522,false,בית השיטה מלפפונים בחומץ קטן מאוד 1825 290 גרם,קבוצת אוסם סחר שותפות מוגבלת,IL,מלפפונים בחומץ,גרמים,560.00,100 גרם,false,1,13.90,2.48,true,1,
7290113192539,false,בית השיטה מלפפונים במלח גדול 79 320 גרם,קבוצת אוסם סחר שותפות מוגבלת,IL,מלפפון במלח,גרמים,560.00,100 גרם,false,1,7.90,1.41,true,1,
7290113192553,false,מלפפונים במלח 13-17 פיקנטי בית השיטה 320 גרם,קבוצת אוסם סחר-שות.מוגבלת,IL,מלפפונים במלח,גרמים,560.00,100 גרם,false,1,11.90,2.13,true,1,
7290113192560,false,פלפל חריף כבוש שיפקה בית השיטה (430 גר`),קבוצת אוסם סחר שותפות מוגבלת,IL,פלפל שיפקה חריף,גרמים,560.00,100 גרם,false,1,6.90,1.24,true,1,
7290113192577,false,בית השיטה כרוב כבוש א2 12*430גרם חדש,קבוצת אוסם סחר שותפות מוגבלת,IL,כרוב כבוש,גרמים,560.00,100 גרם,false,1,9.20,1.64,true,1,
7290113193406,false,"קוקטייל טבעות זיתים - זיתים ירוקים, שחורים מרינד",קבוצת אוסם סחר שותפות מוגבלת,IL,טבעות זיתים,גרמים,560.00,100 גרם,false,1,11.90,2.13,true,1,
7290113194090,false,בית השיטה טבעות זיתים קלמטה 280 גרם,קבוצת אוסם סחר שותפות מוגבלת,IL,טבעות זיתי קלמטה,גרמים,560.00,100 גרם,false,1,13.90,2.48,true,1,
>>>>>>> d048ac2f4f281c9d788043ab4e81b61b0dbe3743
7290113560055,false,פרודונטקס מי פה טיפול יומי לחניכיים 500,"מאסטרפוד אוסטריה בע""מ",GB,פרודונטקס מי פה,מיליליטרים,500.00,"100 מ""ל",false,1,31.90,6.38,true,1,
7290113628052,false,חטיף אורז בטעם צ'ילי 120,"פינאטס ישראלי בע""מ",IL,חטיף אורז בטעם צ,גרמים,120.00,100 גרם,false,1,14.90,12.42,true,1,
7290113628069,false,חטיף אורז מתוק מלוח 120,"פינאטס ישראלי בע""מ",IL,חטיף אורז מתוק מ,גרמים,120.00,100 גרם,false,1,14.90,12.42,true,1,
7290114320191,false,קרמאמא שום שמיר 240 גרם,מאמא קיו,IL,קרמאמא שום שמיר,גרמים,240.00,100 גרם,false,1,16.90,7.04,true,1,
7290114320207,false,מאמא קיו קרמאמה זיתי,מאמא קיו,IL,קראמאמא זיתים,גרמים,240.00,100 גרם,false,1,16.90,7.04,true,1,
7290114320214,false,קרמאמא מעושנת בצל 240גרם,מאמא קיו,IL,קרמאמא מעושנת,גרמים,240.00,100 גרם,false,1,16.90,7.04,true,1,
7290114320252,false,גליל טבעוני תוספת חלפניו,מאמא קיו,IL,גליל טבעוני,גרמים,160.00,100 גרם,false,1,16.90,10.56,true,1,
7290114603768,false,"מארז אג'קס כלורון נוזל לניקוי אסלות 750 מ""ל*2 יח'",קולגייט פלמוליב,FR,אג'קס לאסלה 2 יח,מיליליטרים,1500.00,"100 מ""ל",false,1,25.90,1.73,true,1,
7290114604932,false,רוטב ברביקיו דבש מאסטר שף 520 גרם,רמיה סי.וי. הולנד,NL,רוטב ברביקיו דבש,גרמים,520.00,100 גרם,false,1,11.90,2.29,true,1,
<<<<<<< HEAD
7290115073676,false,מסכה לפנים חד פעמי 50 יח צבעוניות,שמחה זה אנחנו,CN,מסכת פנים חד פעמ,יחידה,1.00,יחידה,false,1,9.90,9.90,true,1,
7290115190014,false,סיגריות מרלבורו רד קצר בוקס,פיליפ מוריס,IL,מרלבורו רד קצר,יחידה,1.00,יחידה,false,1,37.00,37.00,false,1,
7290115190076,false,סיגריות מרלבורו גולד ארוך 100 בוקס,פיליפ מוריס,TR,מרלבורו גולד,יחידה,1.00,יחידה,false,1,37.00,37.00,false,1,
7290115190090,false,סיגריות מרלבורו קצר בוקס בודד,פיליפ מוריס,US,מרלבורו גולד קצר,יחידה,1.00,יחידה,false,1,37.00,37.00,false,1,
7290115190137,false,סיגריות מרלבורו טאצ סילבר יחידה,פיליפ מוריס,IL,מרלבורו פיין טאץ,יחידה,1.00,יחידה,false,1,34.50,34.50,false,1,
7290115190151,false,סיגריות מרלבורו טאצ גולד,פיליפ מוריס,IL,מרלבורו גולד טאץ,יחידה,1.00,יחידה,false,1,34.50,34.50,false,1,
7290115190199,false,פרלמנט נייט ארוך חפיסה,פיליפ מוריס,TR,פרלמנט נייט ארוך,יחידה,1.00,יחידה,false,1,43.00,43.00,false,1,
7290115190250,false,סיגריות פרלמנט קצר בודד,פיליפ מוריס,US,פרלמנט נייט קצר,יחידה,1.00,יחידה,false,1,43.00,43.00,false,1,
7290115190359,false,סיגריות L.M בלו לייבל קצר,פיליפ מוריס,US,אל אם בלו קצר,יחידה,1.00,יחידה,false,1,35.00,35.00,false,1,
7290115190434,false,סיגריות L.M וייב סלימס בודד,פיליפ מוריס,US,אל אם וויב סלימס,יחידה,1.00,יחידה,false,1,35.00,35.00,false,1,
7290115190458,false,סיגריות נקסט פיין אדג' בודד,פיליפ מוריס,TR,נקסט אדג',יחידה,1.00,יחידה,false,1,27.00,27.00,false,1,
7290115190472,false,סיגריות נקסט פיין אדג',פיליפ מוריס,,נקסט פיין אדג',יחידה,1.00,יחידה,false,0,27.00,27.00,true,1,
7290115190496,false,סיגריות נקסט ארוך בודד,פיליפ מוריס,IL,נקסט פיין ארוך,יחידה,1.00,יחידה,false,1,33.50,33.50,false,1,
7290115190519,false,סיגריות נקסט פיין חפ,פיליפ מוריס,PL,נקסט פיין חפ,יחידה,1.00,יחידה,false,1,33.50,33.50,false,1,
7290115190571,false,סיגריות נקסט לילך בודד,פיליפ מוריס,US,נקסט לילך,יחידה,1.00,יחידה,false,1,33.50,33.50,false,1,
7290115190632,false,טבק מרלבורו גולד 30 גרם חפיסה,פיליפ מוריס,,טבק לגלגול,יחידה,1.00,יחידה,false,0,84.00,84.00,true,1,
7290115191035,false,מרלבורו סאמר ספלאש קופסא,פיליפ מוריס,RS,מרלבורו סאמר,יחידה,1.00,יחידה,false,1,35.00,35.00,false,1,
7290115200003,false,פתי בר פינוקי וניל אסם 220 גרם,תאי פרזידנט פוד פאבל,PL,פתיבר פינוקים,גרמים,220.00,100 גרם,false,1,11.90,5.41,true,1,
7290115200027,false,אסם פתי בר פינוקים שוקו 220 גרם,קריות זול,PL,פתיבר פינוקים,גרמים,220.00,100 גרם,false,1,11.90,5.41,true,1,
7290115200713,false,במבה קלאסי מארז אחיד 8 50*5 ג',"אסם השקעות בע""\מ",IL,במבה קלאסי 5 יח,גרמים,250.00,100 גרם,false,1,12.90,5.16,true,1,
7290115200881,false,בייגלה שטוחים שומשום מליחות מעודנת אסם 300 גרם,"אסם השקעות בע""\מ",IL,בייגלה שטוחים,גרמים,300.00,100 גרם,false,1,11.90,3.97,true,1,
7290115201451,false,טבעול גורמה לביבות בטטה קארי 455 גרם,טבעול )מקבוצת אסם השקעות,IL,לביבות בטטה קארי,גרמים,455.00,100 גרם,false,1,36.90,8.11,true,1,
7290115201475,false,טבעול גורמה לביבות כרישה 434 גרם,טבעול )מקבוצת אסם השקעות,IL,לביבות כרישה,גרמים,434.00,100 גרם,false,1,36.90,8.50,true,1,
7290115201536,false,"טבעול גורמה לביבות כרובית ותפו""א 442 גרם",טבעול )מקבוצת אסם השקעות,IL,לביבות כרובית ות,גרמים,442.00,100 גרם,false,1,36.90,8.35,true,1,
7290115201680,false,ביסלי בטעם ברביקיו אסם 70 גרם,"אסם השקעות בע""\מ",IL,ביסלי ברביקיו,גרמים,70.00,100 גרם,false,1,4.50,6.43,true,1,
7290115201703,false,ביסלי ברביקיו גדול אסם 200 גרם,מיוצר עי קונדיטוריית,IL,ביסלי ברביקיו,גרמים,200.00,100 גרם,false,1,7.90,3.95,true,1,
7290115201727,false,ביסלי חטיף בטעם בצל אסם 200 גרם,מיוצר עי קונדיטוריית,IL,ביסלי בצל,גרמים,200.00,100 גרם,false,1,7.90,3.95,true,1,
7290115202212,false,טבעול גורמה לביבות סלק 434 גרם,טבעול )מקבוצת אסם השקעות,IL,לביבות סלק,גרמים,434.00,100 גרם,false,1,36.90,8.50,true,1,
7290115202786,false,מנה חמה פאוצ' נדלס.אטר.טעם בקר 70 גרם,תאי פרזידנט,TH,מנה חמה פאוצ',גרמים,70.00,100 גרם,false,1,5.90,8.43,true,1,
7290115202816,false,מנה חמה פאוץ נודלס אטריות טעם עוף 70 גרם,תאי פרזידנט,TH,מנה חמה פאוצ',גרמים,70.00,100 גרם,false,1,5.90,8.43,true,1,
7290115202847,false,מנה חמה פאוצ' נדלס ספייסי אסם 70 ג',תאי פרזידנט,TH,מנה חמה פאוצ',גרמים,70.00,100 גרם,false,1,5.90,8.43,true,1,
7290115204056,false,"קטשופ מופחת סוכר אסם 690 גרם כשל""פ","אסם תעשיות בע""מ",IL,קטשופ מופחת סוכר,גרמים,690.00,100 גרם,false,1,12.50,1.81,true,1,
7290115204186,false,פסטו המעדינה של צבר,פרסקו,IL,פסטו צבר,גרמים,190.00,100 גרם,false,1,15.90,8.37,true,1,
7290115204247,false,ממרח עגבניות מיובשות 190 ג' צבר,פרסקו,IL,עגבניות מיובשות,גרמים,190.00,100 גרם,false,1,15.90,8.37,true,1,
7290115204261,false,אריסה חריפה המעדנייה,פרסקו,IL,אריסה חריפה צבר,גרמים,190.00,100 גרם,false,1,12.90,6.79,true,1,
7290115205176,false,פיטנס - קרקר דק כפרי פיטנס 140 גרם,נסטלה Nestle,IL,קרקר דק פיטנס,גרמים,140.00,100 גרם,false,1,13.90,9.93,true,1,
7290115205527,false,פיטנס חטיף מולטיגריין עם עדשים 25 גרם,"אסם השקעות בע""\מ",IL,חטיף פיטנס,גרמים,25.00,100 גרם,false,1,5.50,22.00,true,1,
7290115205633,false,טבעול סנסשיונל/גורמה נקנקיות 350 גר',"טבעול תעשיות מזון בע""\מ",IL,נקניקיות סנסשיונ,גרמים,350.00,100 גרם,false,1,36.90,10.54,true,1,
7290115205718,false,אסם בונזור בצק מצונן עלים 230 גרם,נסטלה סוויס )שוויץ(,CH,בצק עלים מצונן,גרמים,230.00,100 גרם,false,1,12.90,5.61,true,1,
7290115207620,false,"רוטב בסגנון סויה קלאסי 290 מ""ל אסם","אסם השקעות בע""\מ",IL,רוטב סויה קלאסי,גרמים,333.00,100 גרם,false,1,10.90,3.27,true,1,
7290115207682,false,אסם רוטב בסגנון סויה סיני 9*290מל חדש,"אסם השקעות בע""\מ",IL,רוטב סויה סיני,גרמים,330.00,100 גרם,false,1,11.90,3.61,true,1,
7290115207811,false,"טבעול נקניקיות טבעוניות, 418 גרם","טבעול תעשיות מזון בע""\מ",IL,נקניקיות טבעוני,גרמים,418.00,100 גרם,false,1,36.90,8.83,true,1,
7290115207941,false,סירופ אננס ויטמינצ'יק 1 ליטר,בית-השיטה עסיס תעשיות מז,IL,ויטמינצ'יק אננס,ליטרים,1.00,ליטר,false,1,22.90,22.90,true,1,
7290115207989,false,סירופ לימון ויטמינצ'יק 1 ליטר,בית-השיטה עסיס תעשיות מז,IL,ויטמינצ'יק לימון,ליטרים,1.00,ליטר,false,1,22.90,22.90,true,1,
7290115208009,false,סירופ ענבים ויטמינצ'יק 1 ליטר,בית-השיטה עסיס תעשיות מז,IL,ויטמינצ'יק ענבים,ליטרים,1.00,ליטר,false,1,22.90,22.90,true,1,
7290115208047,false,סירופ פטל ויטמינצ'יק 1 ליטר,בית-השיטה עסיס תעשיות מז,IL,ויטמינצ'יק פטל,ליטרים,1.00,ליטר,false,1,22.90,22.90,true,1,
7290115208344,false,בייגלה כפיות שמנת בצל אסם 300 גרם,"אסם השקעות בע""\מ",IL,בייגלה כפיות,גרמים,300.00,100 גרם,false,1,11.90,3.97,true,1,
7290115209198,false,במבה אוורירית אסם 80 גרם,"אסם תעשיות בע""מ",IL,במבה אוורירית,גרמים,80.00,100 גרם,false,1,4.90,6.13,true,1,
7290115480009,false,"מרכך כביסה מרוכז פרש קונטרול ירוק 900 מ""ל סוד",הנקל סוד,IL,סוד מרכך פרש,מיליליטרים,900.00,"100 מ""ל",false,1,14.90,1.66,true,1,
7290115480023,false,סוד פאוור קאפס לכביסה צבעונית 45 יחי,הנקל,RS,סוד קפסולות ג'ל,יחידה,1.00,יחידה,false,1,30.90,30.90,true,1,
7290115671223,false,מסטיק מאסט פאן אבטיח מנגו צנצנת 58 גרם,אסקום קונפקשיין,DE,מסטיק מאסט,גרמים,58.00,100 גרם,false,1,11.50,19.83,true,1,
7290115675559,false,מארז קפה טורקי לדרך 10 יחידות,שטראוס קפה בי.וי.,IL,מארז טורקי לדרך,גרמים,70.00,100 גרם,false,1,8.70,12.43,true,1,
7290115675986,false,דנונה יוגורט בר עם אגוזים מקורמלים 173 גרם,"שטראוס בריאות בע""\מ",IL,יוגורט בר,גרמים,173.00,100 גרם,false,1,4.80,2.77,false,1,
7290115676037,false,דנונה ריפרש יוגורט עם תות ודומדמניות 1.6% שומן,מיוצר עי קונדיטוריית,IL,יוגורט דנונה,גרמים,250.00,100 גרם,false,1,6.20,2.48,true,1,
7290115676051,false,"משקה אקטיביה שיבולת שועל במתיקות מעודנת 250 מ""ל",מיוצר עי קונדיטוריית,IL,משקה אקטיביה,גרמים,265.00,100 גרם,false,1,5.10,1.92,true,1,
7290115676082,false,משקה דנונה פרו 20 יוגורט תות 255 ג' רבנות,"שטראוס בריאות בע""\מ.",IL,משקה דנונה פרו,גרמים,255.00,100 גרם,false,1,7.50,2.94,true,1,
7290115676099,false,משקה דנונה פרו 20 יוגורט וניל 255 ג' רבנות,"שטראוס בריאות בע""\מ.",IL,משקה דנונה פרו,גרמים,255.00,100 גרם,false,1,7.50,2.94,true,1,
7290115677966,false,ממרח אבוקדו טעם הטבע 200 גרם,ג'י. אר. סימפלוט,MX,ממרח אבוקדו,גרמים,200.00,100 גרם,false,1,15.90,7.95,true,1,
7290115678222,false,מארז 8 גביעים יוגורט Greek בסגנון יווני 6.5% שומן,"שטראוס בריאות בע""\מ",IL,דנונה יווני 8 יח,קילוגרמים,1.04,"ק""ג",false,1,26.90,25.87,true,1,
7290115678376,false,מעדן הגולן שוקולד 125 גרם,מיוצר עי קונדיטוריית,IL,מעדן הגולן,גרמים,125.00,100 גרם,false,1,3.40,2.72,true,1,
7290115678383,false,מעדן הגולן שוקולד מריר 125 גרם,מיוצר עי קונדיטוריית,IL,מעדן הגולן,גרמים,125.00,100 גרם,false,1,3.40,2.72,true,1,
7290115678598,false,חסה אייסברג שטראוס טעם הטבע,שטראוס בריאות ירקות טריי,IL,חסה אייסברג חיתו,גרמים,300.00,100 גרם,false,1,11.90,3.97,true,1,
7290115678635,false,נשנושי גבינה -גבינת שמנת 16%+כעכים שטוחים עם מלח,"מחלבת טבע עז בע""\מ",IL,נשנושי גבינה,גרמים,67.00,100 גרם,false,1,10.90,16.27,true,1,
7290115678642,false,נשנושי גבינה 16% עם חטיף אפוי עם זיתים 67 ג' שטראוס,"מחלבת טבע עז בע""\מ",IL,נשנושי גבינה,גרמים,67.00,100 גרם,false,1,11.90,17.76,true,1,
7290115679519,false,שייק פירות ורוד 150X2גר,סיבהפרוסט,BE,שייק פירות,גרמים,300.00,100 גרם,false,1,19.90,6.63,true,1,
7290115679762,false,שייק פירות צהוב 150X2גר,סיבהפרוסט,BE,שייק פירות,גרמים,300.00,100 גרם,false,1,19.90,6.63,true,1,
7290115679779,false,שייק פירות אדום דליש,סיבהפרוסט,BE,שייק פירו,גרמים,300.00,100 גרם,false,1,19.90,6.63,true,1,
7290115679878,false,פיצה מבצק עם סלק דלישס 320 גרם,גסטרונומיה פרוסט אס.,IL,דלישס פיצה מבצק,גרמים,320.00,100 גרם,false,1,21.90,6.84,true,1,
7290115679885,false,פיצה מבצק עם כרובית עם רוטב עגבניות ומוצרלה,גסטרונומיה פרוסט אס.,IL,דלישס פיצה מבצק,גרמים,320.00,100 גרם,false,1,21.90,6.84,true,1,
7290115679915,false,פיצה מבצק עם דלעת עם רוטב עגבניות ומוצרלה,אליסה פוד אס.אר. אל,IL,דלישס פיצה מבצק,גרמים,320.00,100 גרם,false,1,21.90,6.84,true,1,
7290116243962,false,אצבעות שוקולד ממולא בקרם חלב עם מדבקות 50 גרם - כוח פי גיי,Unknown,UA,אצבעות שוקולד,גרמים,50.00,100 גרם,false,1,4.90,9.80,true,1,
7290116244013,false,אצבעות שוק.סמי הכבאי50גר,Unknown,UA,אצבעות שוקולד,גרמים,50.00,100 גרם,false,1,4.90,9.80,true,1,
7290116531069,false,קנור מרק בצל 100% רכיבים טבעיים 225 גרם,יוניליוור ישראל מזון בע\,IL,מרק בצל,גרמים,225.00,100 גרם,false,1,15.90,7.07,true,1,
7290116531090,false,בייגל בייגל דג דג במליחות עדינה 250 גרם,"דרך השוקולד ,1 צפת 13404",IL,דגדג חטיף אפוי,גרמים,250.00,100 גרם,false,1,9.90,3.96,true,1,
7290116531243,false,"שמפו ומרכך 2ב-1 למניעת קשקשים 700 מ""ל פינוק",יוניליוור ישראל טיפוח אי,IL,שמפו פינוק,מיליליטרים,700.00,"100 מ""ל",false,1,13.90,1.99,true,1,
7290116531311,false,חטיף קליק בלאק&וויט בציפוי שוקולד לבן,יוניליוור ישראל מזון בע\,IL,חטיף קליק,גרמים,35.00,100 גרם,false,1,4.90,14.00,true,1,
7290116531328,false,"קליק בלאק אנד וויט חטיף שוקולד חלב 35 גרם כשל""פ",יוניליוור ישראל מזון בע\,IL,חטיף קליק,גרמים,35.00,100 גרם,false,1,4.90,14.00,true,1,
7290116531779,false,דפים ריחניים למייבש כביסה בדין כחול 40 יחידות,"קלינטסט - 3p ארה""ב",US,דפים למייבש,יחידה,1.00,יחידה,false,1,21.00,21.00,true,1,
7290116531793,false,הלמנ'ס רוטב לסלט קיסר 295 גרם,יוניליוור ישראל מזון בע\,IL,רוטב לסלט קיסר,גרמים,295.00,100 גרם,false,1,11.90,4.03,true,1,
7290116531885,false,"מיונז הלמנס טיבעוני בד""ץ 500 גר",יוניליוור ישראל מזון בע\,IL,ממרח טבעוני,גרמים,500.00,100 גרם,false,1,17.90,3.58,true,1,
7290116532011,false,קליק אוקיי נוגט בציפוי שוקולד חלב 35 גרם,תות תעשיות מזון (2014) ב,IL,חטיף קליק נוגט,גרמים,35.00,100 גרם,false,1,4.90,14.00,true,1,
7290116532394,false,"אל סבון ידיים נוזלי חמאת קקאו 950 מ""ל פינוק",יוניליוור ישראל טיפוח אי,IL,פינוק סבון ידיים,מיליליטרים,950.00,"100 מ""ל",false,1,11.90,1.25,true,1,
7290116532875,false,פינוק בייבי אל סבון לתינוקות 970 מל-משאבה,יוניליוור ישראלn\טיפוח א,IL,אל סבון לתינוק,מיליליטרים,900.00,"100 מ""ל",false,1,20.90,2.32,true,1,
7290116532882,false,נשנושים איירביס טעם בצל 155 גרם,"דרך השוקולד ,1 צפת 13404",IL,נשנושים איירביס,גרמים,155.00,100 גרם,false,1,13.90,8.97,true,1,
7290116532905,false,נשנושים איירביס טעם ברביקיו 155 גרם,"דרך השוקולד ,1 צפת 13404",IL,נשנושים איירביס,גרמים,155.00,100 גרם,false,1,13.90,8.97,true,1,
=======
7290115073676,false,מסכות כירורגיות צבעוני מארז 50 יח(ש),שמחה זה אנחנו בע`מ,CN,מסכת פנים חד פעמ,יחידה,1.00,יחידה,false,1,9.90,9.90,true,1,
7290115190014,false,סיגריות מרלבורו רד קצר בוקס,פיליפ מוריס בעמ,IL,מרלבורו רד קצר,יחידה,1.00,יחידה,false,1,37.00,37.00,false,1,
7290115190076,false,סיגריות מרלבורו גולד ארוך 100 בוקס,פיליפ מוריס בעמ,TR,מרלבורו גולד,יחידה,1.00,יחידה,false,1,37.00,37.00,false,1,
7290115190090,false,סיגריות מרלבורו קצר בוקס בודד,פיליפ מוריס בעמ,US,מרלבורו גולד קצר,יחידה,1.00,יחידה,false,1,37.00,37.00,false,1,
7290115190137,false,סיגריות מרלבורו טאצ סילבר יחידה,פיליפ מוריס בעמ,IL,מרלבורו פיין טאץ,יחידה,1.00,יחידה,false,1,34.50,34.50,false,1,
7290115190151,false,סיגריות מרלבורו טאצ גולד,פיליפ מוריס בעמ,IL,מרלבורו גולד טאץ,יחידה,1.00,יחידה,false,1,34.50,34.50,false,1,
7290115190199,false,פרלמנט נייט ארוך חפיסה) (20,פיליפ מוריס בעמ,TR,פרלמנט נייט ארוך,יחידה,1.00,יחידה,false,1,43.00,43.00,false,1,
7290115190250,false,סיגריות פרלמנט קצר בודד,פיליפ מוריס בעמ,US,פרלמנט נייט קצר,יחידה,1.00,יחידה,false,1,43.00,43.00,false,1,
7290115190359,false,אל.אמ בלו לייבל קצר חפיסה) (20,פיליפ מוריס בעמ,US,אל אם בלו קצר,יחידה,1.00,יחידה,false,1,35.00,35.00,false,1,
7290115190434,false,סיגריות L.M וייב סלימס בודד,פיליפ מוריס בעמ,US,אל אם וויב סלימס,יחידה,1.00,יחידה,false,1,35.00,35.00,false,1,
7290115190458,false,סיגריות נקסט פיין אדג' בודד,פיליפ מוריס בעמ,TR,נקסט אדג',יחידה,1.00,יחידה,false,1,27.00,27.00,false,1,
7290115190472,false,סיגריות נקסט פיין אדג',פיליפ מוריס בעמ,,נקסט פיין אדג',יחידה,1.00,יחידה,false,0,27.00,27.00,true,1,
7290115190496,false,סיגריות נקסט ארוך בודד,פיליפ מוריס בעמ,IL,נקסט פיין ארוך,יחידה,1.00,יחידה,false,1,33.50,33.50,false,1,
7290115190519,false,סיגריות נקסט פיין חפ,פיליפ מוריס בעמ,PL,נקסט פיין חפ,יחידה,1.00,יחידה,false,1,33.50,33.50,false,1,
7290115190571,false,סיגריות נקסט לילך בודד,פיליפ מוריס בעמ,US,נקסט לילך,יחידה,1.00,יחידה,false,1,33.50,33.50,false,1,
7290115190632,false,מרלבורו גולד-טבק לגלגול סיגריות בודד,פיליפ מוריס בעמ,,טבק לגלגול,יחידה,1.00,יחידה,false,0,84.00,84.00,true,1,
7290115191035,false,מרלבורו סאמר ספלאש קופסא,פיליפ מוריס בעמ,RS,מרלבורו סאמר,יחידה,1.00,יחידה,false,1,35.00,35.00,false,1,
7290115200003,false,פתי בר פינוקי וניל אסם 220 גרם,קבוצת אוסם סחר שותפות מוגבלת,PL,פתיבר פינוקים,גרמים,220.00,100 גרם,false,1,11.90,5.41,true,1,
7290115200027,false,אסם פתי בר פינוקים שוקו 220 גרם,קבוצת אוסם סחר שותפות מוגבלת,PL,פתיבר פינוקים,גרמים,220.00,100 גרם,false,1,11.90,5.41,true,1,
7290115200713,false,במבה קלאסי מארז אחיד 5*50 גר` אסם,קבוצת אוסם סחר שותפות מוגבלת,IL,במבה קלאסי 5 יח,גרמים,250.00,100 גרם,false,1,12.90,5.16,true,1,
7290115200881,false,בייגלה שטוחים שומשום מליחות מעודנת אסם 300 גרם,קבוצת אוסם סחר שותפות מוגבלת,IL,בייגלה שטוחים,גרמים,300.00,100 גרם,false,1,11.90,3.97,true,1,
7290115201451,false,לביבות בטטה וקארי 455 גר` טבעול גורמה,קבוצת אוסם סחר שותפות מוגבלת,IL,לביבות בטטה קארי,גרמים,455.00,100 גרם,false,1,36.90,8.11,true,1,
7290115201475,false,טבעול גורמה לביבות כרישה 434 גרם,קבוצת אוסם סחר-שות.מוגבלת,IL,לביבות כרישה,גרמים,434.00,100 גרם,false,1,36.90,8.50,true,1,
7290115201536,false,"טבעול גורמה לביבות כרובית ותפו""א 442 גרם",קבוצת אוסם סחר שותפות מוגבלת,IL,לביבות כרובית ות,גרמים,442.00,100 גרם,false,1,36.90,8.35,true,1,
7290115201680,false,ביסלי חטיף בטעם ברביקין אסם (70 גרם),קבוצת אוסם סחר שותפות מוגבלת,IL,ביסלי ברביקיו,גרמים,70.00,100 גרם,false,1,4.50,6.43,true,1,
7290115201703,false,ביסלי חטיף בטעם ברביקין אסם (200 גרם),קבוצת אוסם סחר שותפות מוגבלת,IL,ביסלי ברביקיו,גרמים,200.00,100 גרם,false,1,7.90,3.95,true,1,
7290115201727,false,ביסלי חטיף בטעם בצל אסם (200 גרם),קבוצת אוסם סחר-שות.מוגבלת,IL,ביסלי בצל,גרמים,200.00,100 גרם,false,1,7.90,3.95,true,1,
7290115202212,false,טבעול גורמה לביבות סלק 434 גרם,קבוצת אוסם סחר-שות.מוגבלת,IL,לביבות סלק,גרמים,434.00,100 גרם,false,1,36.90,8.50,true,1,
7290115202786,false,מנה חמה פאוצ' נדלס.אטר.טעם בקר 70 גרם,קבוצת אוסם סחר שותפות מוגבלת,TH,מנה חמה פאוצ',גרמים,70.00,100 גרם,false,1,5.90,8.43,true,1,
7290115202816,false,מנה חמה פאוץ נודלס אטריות טעם עוף 70 גרם,קבוצת אוסם סחר שותפות מוגבלת,TH,מנה חמה פאוצ',גרמים,70.00,100 גרם,false,1,5.90,8.43,true,1,
7290115202847,false,מנה חמה פאוצ' נדלס ספייסי אסם 70 ג',קבוצת אוסם סחר שותפות מוגבלת,TH,מנה חמה פאוצ',גרמים,70.00,100 גרם,false,1,5.90,8.43,true,1,
7290115204056,false,"קטשופ מופחת סוכר אסם 690 גרם כשל""פ",קבוצת אוסם סחר שותפות מוגבלת,IL,קטשופ מופחת סוכר,גרמים,690.00,100 גרם,false,1,12.50,1.81,true,1,
7290115204186,false,פסטו המעדינה של צבר,קבוצת אוסם סחר שותפות מוגבלת,IL,פסטו צבר,גרמים,190.00,100 גרם,false,1,15.90,8.37,true,1,
7290115204247,false,ממרח עגבניות מיובשות 190 ג' צבר,קבוצת אוסם סחר שותפות מוגבלת,IL,עגבניות מיובשות,גרמים,190.00,100 גרם,false,1,15.90,8.37,true,1,
7290115204261,false,אריסה חריפה המעדנייה,קבוצת אוסם סחר שותפות מוגבלת,IL,אריסה חריפה צבר,גרמים,190.00,100 גרם,false,1,12.90,6.79,true,1,
7290115205176,false,729001032825פיטנס חטיפי קרקר כפרי 140גר.,קבוצת אוסם סחר שותפות מוגבלת,IL,קרקר דק פיטנס,גרמים,140.00,100 גרם,false,1,13.90,9.93,true,1,
7290115205527,false,חטיף מולטיגריין עם עדשים ( 25 גר`) פיטנס,קבוצת אוסם סחר שותפות מוגבלת,IL,חטיף פיטנס,גרמים,25.00,100 גרם,false,1,5.50,22.00,true,1,
7290115205633,false,טבעול סנסשיונל/גורמה נקנקיות 350 גר',קבוצת אוסם סחר שותפות מוגבלת,IL,נקניקיות סנסשיונ,גרמים,350.00,100 גרם,false,1,36.90,10.54,true,1,
7290115205718,false,אסם בונזור בצק מצונן עלים 230 גרם,קבוצת אוסם סחר-שות.מוגבלת,CH,בצק עלים מצונן,גרמים,230.00,100 גרם,false,1,12.90,5.61,true,1,
7290115207620,false,"רוטב בסגנון סויה קלאסי 290 מ""ל אסם",קבוצת אוסם סחר שותפות מוגבלת,IL,רוטב סויה קלאסי,גרמים,333.00,100 גרם,false,1,10.90,3.27,true,1,
7290115207682,false,אסם רוטב בסגנון סויה סיני 9*290מל חדש,קבוצת אוסם סחר שותפות מוגבלת,IL,רוטב סויה סיני,גרמים,330.00,100 גרם,false,1,11.90,3.61,true,1,
7290115207811,false,"טבעול נקניקיות טבעוניות, 418 גרם",קבוצת אוסם סחר-שות.מוגבלת,IL,נקניקיות טבעוני,גרמים,418.00,100 גרם,false,1,36.90,8.83,true,1,
7290115207941,false,סירופ אננס ויטמינצ'יק 1 ליטר,קבוצת אוסם סחר שותפות מוגבלת,IL,ויטמינצ'יק אננס,ליטרים,1.00,ליטר,false,1,22.90,22.90,true,1,
7290115207989,false,סירופ לימון ויטמינצ'יק 1 ליטר,קבוצת אוסם סחר שותפות מוגבלת,IL,ויטמינצ'יק לימון,ליטרים,1.00,ליטר,false,1,22.90,22.90,true,1,
7290115208009,false,סירופ ענבים ויטמינצ'יק 1 ליטר,קבוצת אוסם סחר שותפות מוגבלת,IL,ויטמינצ'יק ענבים,ליטרים,1.00,ליטר,false,1,22.90,22.90,true,1,
7290115208047,false,סירופ פטל ויטמינצ`יק (1 ליטר),קבוצת אוסם סחר שותפות מוגבלת,IL,ויטמינצ'יק פטל,ליטרים,1.00,ליטר,false,1,22.90,22.90,true,1,
7290115208344,false,שטוחים בייגלה כפיות שמנת בצל 300גר,קבוצת אוסם סחר שותפות מוגבלת,IL,בייגלה כפיות,גרמים,300.00,100 גרם,false,1,11.90,3.97,true,1,
7290115209198,false,במבה אוורירית אסם 80 גרם,קבוצת אוסם סחר שותפות מוגבלת,IL,במבה אוורירית,גרמים,80.00,100 גרם,false,1,4.90,6.13,true,1,
7290115480009,false,"מרכך כביסה מרוכז פרש קונטרול ירוק 900 מ""ל סוד",גורי שיווק בעמ,IL,סוד מרכך פרש,מיליליטרים,900.00,"100 מ""ל",false,1,14.90,1.66,true,1,
7290115480023,false,סוד פאוור קאפס לכביסה צבעונית 45 יחי,הנקל,RS,סוד קפסולות ג'ל,יחידה,1.00,יחידה,false,1,30.90,30.90,true,1,
7290115671223,false,מסטיק מאסט פאן אבטיח מנגו צנצנת 58 גרם,שטראוס גרופ בע`מ,DE,מסטיק מאסט,גרמים,58.00,100 גרם,false,1,11.50,19.83,true,1,
7290115675559,false,מארז קפה טורקי לדרך 10 יחידות,שטראוס קפה בי.וי.,IL,מארז טורקי לדרך,גרמים,70.00,100 גרם,false,1,8.70,12.43,true,1,
7290115675986,false,דנונה יוגורט בר עם אגוזים מקורמלים 173 גרם,שטראוס גרופ בעמ/מצונן,IL,יוגורט בר,גרמים,173.00,100 גרם,false,1,4.80,2.77,false,1,
7290115676037,false,דנונה ריפרש יוגורט עם תות ודומדמניות 1.6% שומן,שטראוס גרופ בעמ/מצונן,IL,יוגורט דנונה,גרמים,250.00,100 גרם,false,1,6.20,2.48,true,1,
7290115676051,false,"משקה אקטיביה שיבולת שועל במתיקות מעודנת 250 מ""ל",שטראוס גרופ בעמ/מצונן,IL,משקה אקטיביה,גרמים,265.00,100 גרם,false,1,5.10,1.92,true,1,
7290115676082,false,משקה דנונה פרו 20 יוגורט תות 255 ג' רבנות,שטראוס גרופ בעמ/מצונן,IL,משקה דנונה פרו,גרמים,255.00,100 גרם,false,1,7.50,2.94,true,1,
7290115676099,false,משקה דנונה פרו 20 יוגורט וניל 255 ג' רבנות,שטראוס גרופ בעמ/מצונן,IL,משקה דנונה פרו,גרמים,255.00,100 גרם,false,1,7.50,2.94,true,1,
7290115677966,false,ממרח אבוקדו טעם הטבע 200 גרם,שטראוס גרופ בעמ/מצונן,MX,ממרח אבוקדו,גרמים,200.00,100 גרם,false,1,15.90,7.95,true,1,
7290115678222,false,מארז 8 גביעים יוגורט Greek בסגנון יווני 6.5% שומן,שטראוס גרופ בעמ/מצונן,IL,דנונה יווני 8 יח,קילוגרמים,1.04,"ק""ג",false,1,26.90,25.87,true,1,
7290115678376,false,מעדן הגולן שוקולד 125 גרם,שטראוס גרופ בעמ/מצונן,IL,מעדן הגולן,גרמים,125.00,100 גרם,false,1,3.40,2.72,true,1,
7290115678383,false,מעדן הגולן שוקולד מריר בודד 125גר,שטראוס גרופ בעמ/מצונן,IL,מעדן הגולן,גרמים,125.00,100 גרם,false,1,3.40,2.72,true,1,
7290115678598,false,חסה אייסברג חיתוך גס 300 שטראוס טעם הטבע,שטראוס בריאות ירקות טריי,IL,חסה אייסברג חיתו,גרמים,300.00,100 גרם,false,1,11.90,3.97,true,1,
7290115678635,false,נשנושי גבינה -גבינת שמנת 16%+כעכים שטוחים עם מלח,שטראוס גרופ בעמ/מצונן,IL,נשנושי גבינה,גרמים,67.00,100 גרם,false,1,10.90,16.27,true,1,
7290115678642,false,נשנושי גבינה 16% עם חטיף אפוי עם זיתים 67 ג' שטראוס,שטראוס גרופ בעמ/מצונן,IL,נשנושי גבינה,גרמים,67.00,100 גרם,false,1,11.90,17.76,true,1,
7290115679519,false,דלישס שייק פירות ורוד 150*2,קפוא זן תעשיות מזון בעמ,BE,שייק פירות,גרמים,300.00,100 גרם,false,1,19.90,6.63,true,1,
7290115679762,false,דלישס שייק פירות צהוב 150*2,קפוא זן תעשיות מזון בעמ,BE,שייק פירות,גרמים,300.00,100 גרם,false,1,19.90,6.63,true,1,
7290115679779,false,דלישס שייק פירות אדום 150*2,קפוא זן תעשיות מזון בעמ,BE,שייק פירו,גרמים,300.00,100 גרם,false,1,19.90,6.63,true,1,
7290115679878,false,פיצה מבצק עם סלק דלישס 320 גרם,קפוא זן תעשיות מזון בעמ,IL,דלישס פיצה מבצק,גרמים,320.00,100 גרם,false,1,21.90,6.84,true,1,
7290115679885,false,פיצה מבצק עם כרובית עם רוטב עגבניות ומוצרלה,קפוא זן תעשיות מזון בעמ,IL,דלישס פיצה מבצק,גרמים,320.00,100 גרם,false,1,21.90,6.84,true,1,
7290115679915,false,פיצה מבצק עם דלעת עם רוטב עגבניות ומוצרלה,קפוא זן תעשיות מזון בעמ,IL,דלישס פיצה מבצק,גרמים,320.00,100 גרם,false,1,21.90,6.84,true,1,
7290116243962,false,אצבעות שוקולד ממולא בקרם חלב עם מדבקות 50 גרם - כוח פי גיי,Unknown,UA,אצבעות שוקולד,גרמים,50.00,100 גרם,false,1,4.90,9.80,true,1,
7290116244013,false,אצבעות שוק.סמי הכבאי50גר,Unknown,UA,אצבעות שוקולד,גרמים,50.00,100 גרם,false,1,4.90,9.80,true,1,
7290116531069,false,קנור מרק בצל 100% רכיבים טבעיים 225 גרם,יוניליוור ישראל שיווק בע`מ,IL,מרק בצל,גרמים,225.00,100 גרם,false,1,15.90,7.07,true,1,
7290116531090,false,בייגל בייגל דג דג במליחות עדינה 250 גרם,יוניליוור ישראל שיווק בע`מ,IL,דגדג חטיף אפוי,גרמים,250.00,100 גרם,false,1,9.90,3.96,true,1,
7290116531243,false,"שמפו ומרכך 2ב-1 למניעת קשקשים 700 מ""ל פינוק","יוניליוור ישראל שיווק בע""מ",IL,שמפו פינוק,מיליליטרים,700.00,"100 מ""ל",false,1,13.90,1.99,true,1,
7290116531311,false,חטיף קליק בלאק&וויט בציפוי שוקולד לבן,יוניליוור ישראל שיווק בעמ,IL,חטיף קליק,גרמים,35.00,100 גרם,false,1,4.90,14.00,true,1,
7290116531328,false,"קליק בלאק אנד וויט חטיף שוקולד חלב 35 גרם כשל""פ",יוניליוור ישראל שיווק בע`מ,IL,חטיף קליק,גרמים,35.00,100 גרם,false,1,4.90,14.00,true,1,
7290116531779,false,דפים ריחניים למייבש כביסה בדין כחול 40 יחידות,יוניליוור ישראל שיווק בע`מ,US,דפים למייבש,יחידה,1.00,יחידה,false,1,21.00,21.00,true,1,
7290116531793,false,הלמנ'ס רוטב לסלט קיסר 295 גרם,יוניליוור ישראל שיווק בע`מ,IL,רוטב לסלט קיסר,גרמים,295.00,100 גרם,false,1,11.90,4.03,true,1,
7290116531885,false,"מיונז הלמנס טיבעוני בד""ץ 500 גר",יוניליוור ישראל שיווק בע`מ,IL,ממרח טבעוני,גרמים,500.00,100 גרם,false,1,17.90,3.58,true,1,
7290116532011,false,קליק אוקיי נוגט בציפוי שוקולד חלב 35 גרם,יוניליוור ישראל שיווק בע`מ,IL,חטיף קליק נוגט,גרמים,35.00,100 גרם,false,1,4.90,14.00,true,1,
7290116532394,false,"אל סבון ידיים נוזלי חמאת קקאו 950 מ""ל פינוק",יוניליוור ישראל שיווק בע`מ,IL,פינוק סבון ידיים,מיליליטרים,950.00,"100 מ""ל",false,1,11.90,1.25,true,1,
7290116532875,false,פינוק בייבי אל סבון לתינוקות 970 מל-משאבה,יוניליוור ישראל שיווק בע`מ,IL,אל סבון לתינוק,מיליליטרים,900.00,"100 מ""ל",false,1,20.90,2.32,true,1,
7290116532882,false,נישנושים איירביס טעם בצל 155 גר`,יוניליוור ישראל שיווק בע`מ,IL,נשנושים איירביס,גרמים,155.00,100 גרם,false,1,13.90,8.97,true,1,
7290116532905,false,נישנושים איירביס טעם ברביקיו 155 גר`,יוניליוור ישראל שיווק בע`מ,IL,נשנושים איירביס,גרמים,155.00,100 גרם,false,1,13.90,8.97,true,1,
>>>>>>> d048ac2f4f281c9d788043ab4e81b61b0dbe3743
7290116930435,false,יופלה גו במרקם סמיך עם דובדבן 0% 200מל,תנובה מרכז שיתופי לש,IL,יוגורט גו סמיך,גרמים,200.00,100 גרם,false,1,5.90,2.95,true,1,
7290116930459,false,"יופלה שייק מנגו בננה אננס וקוקוס 230 מ""ל",קבוצת המזון אקטשלאר,IL,יופלה שייק,מיליליטרים,230.00,"100 מ""ל",false,1,8.90,3.87,true,1,
7290116930466,false,"משקה SHAKE בננה מנגן פסיפלורה והל 230 מ""ל יופלה",קבוצת המזון אקטשלאר,IL,יופלה שייק,מיליליטרים,230.00,"100 מ""ל",false,1,8.90,3.87,true,1,
7290116930480,false,"משקה SHAKE בננה קיווי תפוח 230 מ""ל יופלה",קבוצת המזון אקטשלאר,IL,יופלה שייק,מיליליטרים,230.00,"100 מ""ל",false,1,8.90,3.87,true,1,
<<<<<<< HEAD
7290116930558,false,"משקה תה קר עם חלב בטעם צ'אי קרמל 230 מ""ל תנובה",תנובה חלב,IL,משקה תה קר+חלב,מיליליטרים,230.00,"100 מ""ל",false,1,8.90,3.87,true,1,
7290116930657,false,"משקה חלב גו בטעם בננה תמר בתוספת שיבולת שועל במרקם חלק 340 מ""ל",תנובה מרכז שיתופי לש,IL,משקה גו בננה תמר,מיליליטרים,340.00,"100 מ""ל",false,1,7.90,2.32,true,1,
7290116931081,false,מעדן סויה - טופי קרמל 125 גרם אלטרנטיב,תנובה מרכז שיתופי לש,IL,מעדן סויה טופי,גרמים,125.00,100 גרם,false,1,4.70,3.76,true,1,
7290116931104,false,יופלה GO במרקם סמיך עם אננס 0% תנובה 200 גרם,תנובה חלב,IL,יופלה גו סמיך,גרמים,200.00,100 גרם,false,1,5.90,2.95,true,1,
7290117260685,false,תן בו וניל ציפויים בטעמים שונים 230 גרם,אלויראסמינדה,DK,תן בו מיקס סמבה,גרמים,230.00,100 גרם,false,1,21.90,9.52,true,1,
=======
7290116930558,false,"משקה תה קר עם חלב בטעם צ'אי קרמל 230 מ""ל תנובה",תנובה - חלב,IL,משקה תה קר+חלב,מיליליטרים,230.00,"100 מ""ל",false,1,8.90,3.87,true,1,
7290116930657,false,"משקה חלב גו בטעם בננה תמר בתוספת שיבולת שועל במרקם חלק 340 מ""ל",תנובה מרכז שיתופי לש,IL,משקה גו בננה תמר,מיליליטרים,340.00,"100 מ""ל",false,1,7.90,2.32,true,1,
7290116931081,false,מעדן סויה - טופי קרמל 125 גרם אלטרנטיב,תנובה מרכז שיתופי לש,IL,מעדן סויה טופי,גרמים,125.00,100 גרם,false,1,4.70,3.76,true,1,
7290116931104,false,יופלה GO במרקם סמיך עם אננס 0% תנובה 200 גרם,"תנובה בע""מ ***",IL,יופלה גו סמיך,גרמים,200.00,100 גרם,false,1,5.90,2.95,true,1,
7290117260685,false,תן בו וניל ציפויים בטעמים שונים 230 גרם,ג. וילי-פוד אינטרנשיונל בע`מ,DK,תן בו מיקס סמבה,גרמים,230.00,100 גרם,false,1,21.90,9.52,true,1,
>>>>>>> d048ac2f4f281c9d788043ab4e81b61b0dbe3743
7290117260807,false,קרמבו וניל בציפוי שוקולד לבן 300 ג' תן בו,,DK,תן בו שוקולד12יח,גרמים,300.00,100 גרם,false,1,21.90,7.30,true,1,
7290117260975,false,זיתי קלמטה מגולענים במי מלח 300 גרם ויליפוד,ג. וילי-פוד אינטרנשיונל בע`מ,TR,זית קלמטה מגולען,גרמים,300.00,100 גרם,false,1,9.90,3.30,true,1,
7290117261002,false,זיתי קלמטה במי מלח 350 גרם ויליפוד,ג. וילי-פוד אינטרנשיונל בע`מ,TR,זיתי קלמטה,גרמים,350.00,100 גרם,false,1,9.90,2.83,true,1,
7290117261019,false,זיתים ירוקים ממולאים מחית פלפלים אדומים במי מלח 300 גרם,ג. וילי-פוד אינטרנשיונל בע`מ,TR,זיתים ירוקים,גרמים,300.00,100 גרם,false,1,9.90,3.30,true,1,
7290117261798,false,סימיט בייגלה ממולא קשקבל,,TR,סימיט בייגלה ממו,גרמים,360.00,100 גרם,false,1,10.90,3.03,true,1,
7290117261804,false,מאפה במילוי תרד וגבינת פ,,TR,מאפה במילוי תרד,גרמים,560.00,100 גרם,false,1,10.90,1.95,true,1,
7290117261828,false,עוגיות אגוזים ופתיתים בט,,TR,עוגיות אגוזים ופ,גרמים,300.00,100 גרם,false,1,10.90,3.63,true,1,
7290117261842,false,מיני מאפים במילוי גבינה,,TR,מיני מאפים במילו,גרמים,480.00,100 גרם,false,1,10.90,2.27,true,1,
7290117261873,false,מאפה פריך במילוי גבינה,,TR,מאפה פריך במילוי,גרמים,520.00,100 גרם,false,1,10.90,2.10,true,1,
7290117261880,false,"מאפה פריך במילוי תפו""א",,TR,מאפה פריך במילוי,גרמים,520.00,100 גרם,false,1,10.90,2.10,true,1,
7290117261897,false,מאפה פריך במילוי תרד,,TR,מאפה פריך במילוי,גרמים,520.00,100 גרם,false,1,10.90,2.10,true,1,
7290117262870,false,גלידת שמנת בטעם וניל 500,איטלג'טו,IT,גלידת שמנת בטעם,מיליליטרים,500.00,"100 מ""ל",false,1,21.90,4.38,true,1,
7290117262887,false,גלידת שמנת בטעם פיסטוק,איטלג'טו,IT,גלידת שמנת בטעם,מיליליטרים,500.00,"100 מ""ל",false,1,21.90,4.38,true,1,
7290117262894,false,גלידת שמנת בטעם קרמלמלוח,איטלג'טו,IT,גלידת שמנת בטעם,מיליליטרים,500.00,"100 מ""ל",false,1,21.90,4.38,true,1,
7290117262924,false,גלידת שמנת בטעם שוקולד,איטלג'טו,IT,גלידת שמנת בטעם,מיליליטרים,500.00,"100 מ""ל",false,1,21.90,4.38,true,1,
7291008084854,false,"תמר מג'הול ישראלי 1 ק""ג",מהדרין תנופרט אקספורט,IL,תמר מגהול ישראלי,קילוגרמים,1.00,"ק""ג",false,1,22.90,22.90,true,1,
7296073005742,false,עוג.סנדוויץ וניל שופרסל,"אחים פפושדו ובניהם בע""\מ",IL,עוגיות סנדוויץ,גרמים,150.00,100 גרם,false,0,4.90,3.27,true,1,
7296073005841,false,אפונה ירוקה שופרסל500גרם,מיה,IL,אפונה ירוקה,גרמים,500.00,100 גרם,false,0,6.50,1.30,true,1,
7296073005858,false,בורגול שופרסל 500 גרם,מיה,IL,בורגול,גרמים,500.00,100 גרם,false,0,5.60,1.12,true,1,
7296073005902,false,כוסמת שופרסל 500 גרם,מיה,IL,כוסמת שופרסל,גרמים,500.00,100 גרם,false,0,6.90,1.38,true,1,
7296073005919,false,עדשים ירוקות שופרסל500ג,מיה,IL,עדשים ירוקות,גרמים,500.00,100 גרם,false,0,7.50,1.50,true,1,
7296073005926,false,עדשים אדומות שופרסל500גר,מיה,IL,עדשים אדומות,גרמים,500.00,100 גרם,false,0,7.50,1.50,true,1,
7296073005971,false,שעועית אדומה שופרסל500גר,מיה,IL,שעועית אדומה,גרמים,500.00,100 גרם,false,0,10.20,2.04,true,1,
7296073006015,false,"חומוס גדול שופרסל 1 ק""ג",מיה,IL,חומוס גדול,קילוגרמים,1.00,"ק""ג",false,0,11.50,11.50,true,1,
7296073006060,false,חומוס לבן ענק שופרסל 1קג,מיה,IL,חומוס לבן ענק,קילוגרמים,1.00,"ק""ג",false,0,13.90,13.90,true,1,
7296073006114,false,"עדשים ירוקות שופרסל 1ק""ג",מיה,IL,עדשים ירוקות,קילוגרמים,1.00,"ק""ג",false,0,11.90,11.90,true,1,
7296073006121,false,"עדשים אדומות שופרסל 1ק""ג",מיה,IL,עדשים אדומות,קילוגרמים,1.00,"ק""ג",false,0,11.90,11.90,true,1,
7296073006176,false,"סוכר שופרסל 1 ק""ג","סוגת תעשיות בע""\מ",IL,סוכר לבן,קילוגרמים,1.00,"ק""ג",false,0,4.90,4.90,true,1,
7296073006381,false,מנזנילו בינונ.שופרסל560ג,שופרסל,IL,זיתים ירוקים,גרמים,560.00,100 גרם,false,0,7.30,1.30,true,1,
7296073006404,false,מלפפונים במלח גדולים 7-9,בני דרום,IL,מלפפון במלח 7-9,גרמים,560.00,100 גרם,false,0,7.50,1.34,true,1,
7296073006411,false,מלפפונים במלח בינוניים,בני דרום,IL,מלפפונים במלח,גרמים,560.00,100 גרם,false,0,7.80,1.39,true,1,
7296073006428,false,מלפ.במלח 13-17שופרסל560ג,שופרסל,IL,מלפפון במלח,גרמים,560.00,100 גרם,false,0,10.90,1.95,true,1,
7296073006435,false,מלפפונים במלח קטנים מאוד,שופרסל,IL,מלפפון במלח,גרמים,560.00,100 גרם,false,0,12.30,2.20,true,1,
7296073006640,false,מלפפונים במלח ט.ביתי1.65,שופרסל,IL,מלפפון במלח ביתי,קילוגרמים,1.65,"ק""ג",false,0,27.90,16.91,true,1,
7296073011101,false,קוסקוס עבה שופרסל 350גרם,"אסיף תעשיות מזון בע""\מ",IL,קוסקוס עבה,גרמים,350.00,100 גרם,false,0,5.20,1.49,true,1,
7296073011118,false,קוסקוס דק שופרסל 350 גרם,"אסיף תעשיות מזון בע""\מ",IL,קוסקוס דק,גרמים,350.00,100 גרם,false,0,5.20,1.49,true,1,
7296073011194,false,פסטה טריקולור שופרסל500ג,שופרסל,IT,פסטה טריקולור,גרמים,500.00,100 גרם,false,0,6.80,1.36,true,1,
7296073011217,false,פסטה פנה ריגטה31שופר500ג,שופרסל,IT,פסטה פנה ריגטה,גרמים,500.00,100 גרם,false,0,4.90,0.98,true,1,
7296073011224,false,פסטה פוסילי36שופר 500גרם,שופרסל,IT,פסטה פוסילי,גרמים,500.00,100 גרם,false,0,4.90,0.98,true,1,
7296073012009,false,קוסקוס בינוני שופרסל350ג,"אסיף תעשיות מזון בע""\מ",IL,קוסקוס בינוני,גרמים,350.00,100 גרם,false,0,5.20,1.49,true,1,
7296073020356,false,150כוס שתייה קרה בייסיק,שופרסל,IL,"כוסות שתייה חד""פ",יחידה,1.00,יחידה,false,0,17.90,17.90,true,1,
7296073020394,false,"קעריות ח""פ שופרסל 50 יח'",שופרסל,IL,"קעריות מרק חד""פ",יחידה,1.00,יחידה,false,0,19.90,19.90,true,1,
7296073020400,false,"קעריות ח""פ אובלית שופרסל",שופרסל,IL,קעריות קסרול,יחידה,1.00,יחידה,false,0,14.90,14.90,true,1,
7296073020936,false,פטריות שמפיניון חתוכ400ג,פרוצ'אמפ,NL,פטריות חתוכות,גרמים,400.00,100 גרם,false,0,4.60,1.15,true,1,
7296073021568,false,"קמח חיטה לבן בהיר 1 ק""ג",שופרסל,IL,קמח לבן,קילוגרמים,1.00,"ק""ג",false,0,4.90,4.90,true,1,
7296073021575,false,"קמח תופח שופרסל 1 ק""ג",שופרסל,IL,קמח תופח,קילוגרמים,1.00,"ק""ג",false,0,7.50,7.50,true,1,
7296073021582,false,"סולת חיטה שופרסל 1 ק""ג",שופרסל,IL,סולת חיטה,קילוגרמים,1.00,"ק""ג",false,0,4.90,4.90,true,1,
7296073048992,false,פסטרמה בדבש שופרסל 300גר,מעדני יחיעם,IL,פסטרמה בדבש,גרמים,300.00,100 גרם,false,0,23.90,7.97,true,1,
7296073049043,false,פסטרמה ברבקיו שופרסל300ג,שופרסל,IL,פסטרמה ברבקיו,גרמים,300.00,100 גרם,false,0,23.90,7.97,true,1,
7296073049135,false,אטריות ביצים דקות שופ200,שיבולים בני דרום,IL,אטריות ביצים,גרמים,200.00,100 גרם,false,0,7.90,3.95,true,1,
7296073049654,false,טבעות זיתים ירוקים 560גר,שופרסל,IL,טבעות זיתים,גרמים,560.00,100 גרם,false,0,9.60,1.71,true,1,
7296073053743,false,פסטה קונקיליוני39 שופרסל,שופרסל,IL,פסטה קונקיליוני,גרמים,500.00,100 גרם,false,0,4.90,0.98,true,1,
7296073053750,false,פסטה לומקה ריגטה 48 שופר,שופרסל,IT,פסטה לומקה ריגטה,גרמים,500.00,100 גרם,false,0,4.90,0.98,true,1,
7296073058984,false,גרנולה קראנץ פירות+אג400,בריגן קי. ג'י,DE,גרנולה קראנץ,גרמים,400.00,100 גרם,false,0,17.90,4.48,true,1,
7296073058991,false,מוזלי שופרסל 500 גרם,בריגן קי ג'י,DE,מוזלי,גרמים,500.00,100 גרם,false,0,17.90,3.58,true,1,
7296073059707,false,"צלחות קטנות ח""פ שופרסל 5",שופרסל,IL,"צלחות קטנות חד""פ",יחידה,1.00,יחידה,false,0,14.90,14.90,true,1,
7296073059745,false,"לפתניות ח""פ שופרסל 50 יח",שופרסל,IL,"ליפתניות חד""פ",יחידה,1.00,יחידה,false,0,14.90,14.90,true,1,
7296073064367,false,"בורקס תפו""א שופרסל 800 ג",שופרסל,IL,"800 בורקס תפו""א",גרמים,800.00,100 גרם,false,0,17.90,2.24,true,1,
7296073066354,false,חטיפי חלווה שופרסל 250 ג,"אחדות בע""מ א.ת. ברקן",IL,חטיפי חלווה,גרמים,250.00,100 גרם,false,0,11.20,4.48,true,1,
7296073074434,false,פתי בר גדול שופרסל500גרם,שופרסל,IL,פתיבר גדול,גרמים,500.00,100 גרם,false,0,9.50,1.90,true,1,
7296073074441,false,פתי בר שוקו גדול שופר500,שופרסל,IL,פתי בר גדול שוקו,גרמים,500.00,100 גרם,false,0,9.50,1.90,true,1,
7296073074649,false,קנלוני שופרסל 250 גרם,שופרסל,IT,קנלוני שופרסל,גרמים,250.00,100 גרם,false,0,10.20,4.08,true,1,
7296073078395,false,תפוח אדמה נשיקות תפזורת,קטיף.,IL,תפוח אדמה נשיקות,קילוגרמים,0.00,"ק""ג",true,0,5.90,5.90,true,1,
7296073078579,false,דבש טבעי מפרחי שדה 350 ג,שופרסל,IL,דבש טבעי,גרמים,350.00,100 גרם,false,0,18.90,5.40,true,1,
7296073078609,false,"דבש טבעי שופרסל 1 ק""ג",מכוורת עמק חפר,IL,דבש טבעי,קילוגרמים,1.00,"ק""ג",false,0,41.90,41.90,true,1,
7296073078821,false,4 כריות יפניות שופרסל,פלסטו פוליש,IL,כריות יפניות,יחידה,1.00,יחידה,false,0,8.90,8.90,true,1,
7296073078838,false,6 כריות יפניות שופרסל,פלסטו פוליש,IL,כריות יפניות,יחידה,1.00,יחידה,false,0,9.70,9.70,true,1,
7296073078883,false,9 מטליות ניקוי כללי שופר,שופרסל,IL,מטליות לניקוי,יחידה,1.00,יחידה,false,0,9.90,9.90,true,1,
7296073079019,false,פריכיות דק.קצח 100ג שופר,"פרח תעשיות מזון בע""\מ",IL,פריכיות דקות,גרמים,100.00,100 גרם,false,0,7.90,7.90,true,1,
7296073079873,false,רוטב עגבנ.מרוכז מאוד580ג,פריניר,IL,תרכיז עגבניות,גרמים,580.00,100 גרם,false,0,6.30,1.09,true,1,
7296073079903,false,רוטב עגבניות 22%שופר100ג,פריניר,IL,רוטב עגבניות,גרמים,100.00,100 גרם,false,0,1.90,1.90,true,1,
7296073080497,false,שעועית אפויה שופרסל 580ג,פרי גליל,IL,שעועית אפויה,גרמים,580.00,100 גרם,false,0,7.50,1.29,true,1,
7296073080503,false,אפונה גדולה שופרסל550גרם,פרי גליל,IL,אפונה ירוקה,גרמים,550.00,100 גרם,false,0,6.90,1.25,true,1,
7296073080534,false,תירס מתוק שופרסל 550 גרם,פרי גליל,IL,גרעיני תירס מתוק,גרמים,550.00,100 גרם,false,0,6.90,1.25,true,1,
7296073080541,false,אפונה וגזר שופרסל 550 גר,פרי גליל,IL,אפונה וגזר,גרמים,550.00,100 גרם,false,0,6.90,1.25,true,1,
7296073081449,false,פירורי לחם מוזהב שופר200,"חטיפים מן הטבע בע""\מ",IL,פירורי לחם,גרמים,200.00,100 גרם,false,0,4.20,2.10,true,1,
7296073081456,false,פירורי לחם לבן שופרסל200,"חטיפים מן הטבע בע""\מ",IL,פירורי לחם לבן,גרמים,200.00,100 גרם,false,0,5.50,2.75,true,1,
7296073081692,false,מזון יבש לחתול שופרסל3קג,Tuffy's,US,מזון לחתולים,קילוגרמים,3.00,"ק""ג",false,0,48.50,16.17,true,1,
7296073087175,false,ריבת תות שופרסל 370 גרם,LTD 99 CIMA,BG,ריבת תות שדה,גרמים,370.00,100 גרם,false,0,11.90,3.22,true,1,
7296073087182,false,ריבת מישמש שופרסל 370גרם,LTD 99 CIMA,BG,ריבת מישמש,גרמים,370.00,100 גרם,false,0,11.90,3.22,true,1,
7296073087205,false,ריבת אוכמניות שופרסל370ג,LTD 99 CIMA,BG,ריבת אוכמניות,גרמים,370.00,100 גרם,false,0,11.90,3.22,true,1,
7296073087243,false,קונפ.דובדבנים שופרסל370ג,LTD 99 CIMA,BG,קונפ.דובדבנים,גרמים,370.00,100 גרם,false,0,13.50,3.65,true,1,
7296073091226,false,פופקורן גרעינים שופר1.קג,מיה,IL,פופקורן גרעינים,קילוגרמים,1.00,"ק""ג",false,0,9.80,9.80,true,1,
7296073091394,false,גרעין לבן קלוי400גשופרסל,ששון,IL,גרעין לבן קלוי,גרמים,400.00,100 גרם,false,0,19.90,4.98,true,1,
7296073091462,false,פיסטוק קלוי וממולח 200ג,ששון,IL,פיסטוק קלוי,גרמים,200.00,100 גרם,false,0,23.90,11.95,true,1,
7296073091479,false,שקד קלוף קלוי200ג שופרסל,ששון,IL,שקד קלוף קלוי,גרמים,200.00,100 גרם,false,0,18.90,9.45,true,1,
7296073091486,false,אגוזי קשיו קלויים ומומלח,ששון,IL,קשיו קלוי ומומלח,גרמים,200.00,100 גרם,false,0,23.90,11.95,true,1,
7296073091493,false,גרעין שחור קלוי200גשופרס,ששון,IL,גרעין שחור קלוי,גרמים,200.00,100 גרם,false,0,7.80,3.90,true,1,
7296073091547,false,צימוק בהיר 400ג שופרסל,ששון,IL,צימוק בהיר,גרמים,400.00,100 גרם,false,0,23.90,5.98,true,1,
7296073091554,false,צימוקים כהים 400 גרם,ששון,IL,צימוקים כהים,גרמים,400.00,100 גרם,false,0,19.90,4.98,true,1,
7296073091585,false,שקד קלוף טבעי200ג שופרסל,ששון,IL,שקדים קלופים,גרמים,200.00,100 גרם,false,0,18.90,9.45,true,1,
7296073091608,false,אגוזי קשיו קלופים טבעיים,ששון,VN,אגוזי קשיו טבעי,גרמים,200.00,100 גרם,false,0,23.90,11.95,true,1,
7296073091646,false,צנוברים קלופים 100גרם,ששון,CN,צנוברים קלופים,גרמים,100.00,100 גרם,false,0,26.90,26.90,true,1,
7296073091653,false,בננה צ'יפס 250ג שופרסל,ששון,PH,בננה צ'יפס,גרמים,250.00,100 גרם,false,0,11.90,4.76,true,1,
7296073091677,false,חמוציות 250גרם שופרסל,ששון,US,חמוציות 250גרם,גרמים,250.00,100 גרם,false,0,11.90,4.76,true,1,
7296073094746,false,חלווה וניל שופרסל 400גרם,"אחדות בע""מ א.ת. ברקן",IL,חלווה וניל,גרמים,400.00,100 גרם,false,0,14.10,3.53,true,1,
7296073094753,false,חלווה וניל שופרסל 500 גר,"אחדות בע""מ א.ת. ברקן",IL,חלווה וניל,גרמים,500.00,100 גרם,false,0,13.90,2.78,true,1,
7296073095583,false,"אצטון שופרסל 100 מ""ל","ש. שוורץ )באר שבע( בע""\מ",IL,אצטון BE,מיליליטרים,100.00,"100 מ""ל",false,0,3.90,3.90,true,1,
7296073095910,false,דבש לחיץ שופרסל 350 גרם,מכוורת עמק חפר,IL,דבש טבעי לחיץ,גרמים,350.00,100 גרם,false,0,24.70,7.06,true,1,
7296073098263,false,גזר גמדי מוקפא שופרסל800,פרי גליל,IL,גזר גמדי מוקפא,גרמים,800.00,100 גרם,false,0,13.90,1.74,true,1,
7296073098287,false,לקט מעורבים שופרסל קפוא,פרי גליל,IL,לקט בורגונדי,גרמים,800.00,100 גרם,false,0,16.90,2.12,true,1,
7296073098294,false,ברוקולי מוקפא שופרסל 800,פרי גליל,IL,ברוקולי 800 גר,גרמים,800.00,100 גרם,false,0,18.90,2.37,true,1,
7296073103813,false,תפוח אדמה לבן ארוז,שופרסל,IL,"תפו""א לבן ארוז",קילוגרמים,0.00,"ק""ג",true,0,4.90,4.90,true,1,
7296073103820,false,תפוח אדמה לטיגון ארוז,שופרסל,IL,"תפו""א לטיגון",קילוגרמים,0.00,"ק""ג",true,0,5.90,5.90,true,1,
7296073106074,false,טליאטלה שופרסל 500 גרם,שופרסל,IT,פסטה טליאטלה,גרמים,500.00,100 גרם,false,0,10.90,2.18,true,1,
7296073106098,false,פריכיות דק.כוסמת שופר100,"פרח תעשיות מזון בע""\מ",IL,פריכיות כוסמת,גרמים,100.00,100 גרם,false,0,7.90,7.90,true,1,
7296073107408,false,גרנולה שוקו.פקאן שופר400,בריגן קי ג'י,DE,גרנולה שוקולד,גרמים,400.00,100 גרם,false,0,17.90,4.48,true,1,
7296073107989,false,גרעיני תירס שופרסל 800 ג,פרי גליל,IL,גרעיני תירס,גרמים,800.00,100 גרם,false,0,14.90,1.87,true,1,
7296073107996,false,פול ירוק שופרסל 800 גרם,פרי גליל,GB,פול ירוק,גרמים,800.00,100 גרם,false,0,18.90,2.36,true,1,
7296073108108,false,לקט ירקות מעורבים שופרסל,פרי גליל,IL,לקט ירקות מעור,גרמים,800.00,100 גרם,false,0,14.90,1.86,true,1,
7296073108269,false,חסה ערבית שטופה לאכילה,פרסקו,IL,עלי חסה ערבית,גרמים,250.00,100 גרם,false,0,10.90,4.36,true,1,
7296073108313,false,סלט קולסלאו שטוף לאכילה,פרסקו,IL,סלט קולסלאו שטוף,גרמים,400.00,100 גרם,false,0,8.90,2.23,true,1,
7296073108320,false,שבבי גזר שטופים לאכילה,פרסקו,IL,שבבי גזר שטופים,גרמים,400.00,100 גרם,false,0,8.90,2.23,true,1,
7296073108344,false,לקט קלאסי שטוף לאכילה,"פרסקו חצבה 2006 בע""\מ",IL,לקט קלאסי שטוף,גרמים,350.00,100 גרם,false,0,11.90,3.40,true,1,
7296073108351,false,חסה אייסברג שטופה לאכילה,"פרסקו חצבה 2006 בע""\מ",IL,חסה אייסברג שטוף,גרמים,300.00,100 גרם,false,0,10.90,3.63,true,1,
7296073108368,false,לקט הגינה שטוף לאכילה,פרסקו,IL,לקט הגינה שטוף,גרמים,300.00,100 גרם,false,0,11.90,3.97,true,1,
7296073108375,false,כרוב לבן שטוף לאכילה400ג,"פרסקו חצבה 2006 בע""\מ",IL,כרוב לבן שטוף,גרמים,400.00,100 גרם,false,0,8.50,2.13,true,1,
7296073108443,false,"קמח מלא שופרסל 1 ק""ג",שופרסל,IL,קמח חיטה מלא,קילוגרמים,1.00,"ק""ג",false,0,7.50,7.50,true,1,
7296073109822,false,תמר מג'הול מעולה 400 גרם,הדיקלאים,IL,תמר מג'הול 400ג,גרמים,400.00,100 גרם,false,0,13.90,3.48,true,1,
7296073112457,false,קוסקוס חיטה מלא.שופר350ג,אסיף תעשיות מזון,IL,קוסקוס,גרמים,350.00,100 גרם,false,0,6.20,1.77,true,1,
7296073112464,false,פוסילי מקמח חיטה מלא500ג,שופרסל,IT,פוזילי חיטה מלאה,גרמים,500.00,100 גרם,false,0,8.70,1.74,true,1,
7296073112617,false,6 ספוג.לניקוי מופלא שופר,"סדובסקי בע""\מ",IL,ספוגית ניקוי,יחידה,1.00,יחידה,false,0,9.90,9.90,true,1,
7296073116769,false,קוקוס טחון שופרסל 100גרם,מיה,IL,קוקוס טחון,גרמים,100.00,100 גרם,false,0,4.90,4.90,true,1,
7296073116776,false,קוקוס טחון שופרסל 400גרם,מיה,IL,קוקוס טחון,גרמים,400.00,100 גרם,false,0,14.50,3.63,true,1,
7296073116783,false,שומשום שופרסל 100 גרם,מיה,IL,שומשום שופרסל,גרמים,100.00,100 גרם,false,0,4.20,4.20,true,1,
7296073116813,false,קמח תירס שופרסל 400 גרם,מיה תעשיות מזון,IL,קמח תירס,גרמים,400.00,100 גרם,false,0,5.90,1.48,true,1,
7296073116837,false,קוואקר שופרסל קופסא500ג,בריגן קי ג'י,DE,קוואקר שופרסל,גרמים,500.00,100 גרם,false,0,10.90,2.18,true,1,
7296073117872,false,חרוזי זיתים מושחר שופ560,קבוצת יבנה מוצרי מזון,IL,חרוזי זיתים,גרמים,540.00,100 גרם,false,0,8.80,1.63,true,1,
7296073118770,false,עלי בייבי שטופים לאכילה,"פרסקו חצבה 2006 בע""\מ",IL,עלי בייבי שטופים,גרמים,300.00,100 גרם,false,0,14.90,4.97,true,1,
7296073121176,false,תמר חלאוי 400ג שופרסל,הדיקלאים,IL,תמר חלאווי 400ג,גרמים,400.00,100 גרם,false,0,13.90,3.48,true,1,
7296073121183,false,תמר דקל נור 400ג שופרסל,ערדום תמרים,IL,תמר דקל נור 400ג,גרמים,400.00,100 גרם,false,0,13.90,3.48,true,1,
7296073121190,false,תמר אמרי 400גרם שופרסל,הדיקלאים,IL,תמר אמרי 400ג,גרמים,400.00,100 גרם,false,0,13.90,3.48,true,1,
7296073122258,false,תערובת אגוזים 200גשופרסל,ששון,IL,תערובת אגוזים,גרמים,200.00,100 גרם,false,0,23.90,11.95,true,1,
7296073122296,false,פסטרמה מסורתית שופר300.ג,שופרסל,IL,פסטרמה מסורתית,גרמים,300.00,100 גרם,false,0,22.90,7.63,true,1,
7296073123729,false,"תמצית וניל שופרסל 50 מ""ל",מיה,IL,תמצית וניל,מיליליטרים,50.00,"100 מ""ל",false,0,4.50,9.00,true,1,
7296073124160,false,שום קפוא מגשית שופרסל 80,שופרסל,IL,שום קפוא במגשית,גרמים,80.00,100 גרם,false,0,12.90,16.13,true,1,
7296073124177,false,שום כתוש צנצנת שופרסל200,שופרסל,IL,שום כתוש,גרמים,200.00,100 גרם,false,0,16.90,8.45,true,1,
7296073124375,false,פירורי לחם חיטה מלאה200ג,שופרסל,IL,פירורי לחם,גרמים,200.00,100 גרם,false,0,7.50,3.75,true,1,
7296073124382,false,ספגטיני מספר 3 שופרסל500,שופרסל,IT,ספגטיני מספר 3,גרמים,500.00,100 גרם,false,0,4.90,0.98,true,1,
7296073124399,false,ספגטי מספר 5 שופרסל 500ג,שופרסל,IT,ספגטי מספר 5,גרמים,500.00,100 גרם,false,0,4.90,0.98,true,1,
7296073125303,false,מלפפונים בחומץ 7-9 560גר,קבוצת יבנה מוצרי מזון,IL,מלפפונים בחומץ,גרמים,560.00,100 גרם,false,0,7.50,1.34,true,1,
7296073125327,false,מלפפונים בינוני בחומץ560,קבוצת יבנה מוצרי מזון,IL,מלפפונים בחומץ,גרמים,560.00,100 גרם,false,0,7.80,1.39,true,1,
7296073125341,false,מלפפונים בחומץ18-25 540ג,קבוצת יבנה מוצרי מזון,IL,מלפפונים בחומץ,גרמים,540.00,100 גרם,false,0,12.30,2.28,true,1,
7296073125358,false,מלפפ.במלח7-9שופר560ג20%+,שופרסל,IL,מלפפונים במלח,גרמים,650.00,100 גרם,false,0,7.50,1.15,true,1,
7296073129431,false,פתיתים קוסקוס שופרסל500ג,"אסיף תעשיות מזון בע""\מ",IL,פתיתים קוסקוס,גרמים,500.00,100 גרם,false,0,5.20,1.04,true,1,
7296073129448,false,פתיתים טבעות שופרסל500גר,"אסיף תעשיות מזון בע""\מ",IL,פתיתים טבעות,גרמים,500.00,100 גרם,false,0,5.20,1.04,true,1,
7296073129455,false,פתיתים אורז שופרסל 500גר,"אסיף תעשיות מזון בע""\מ",IL,פתיתים אורז,גרמים,500.00,100 גרם,false,0,5.20,1.04,true,1,
7296073129479,false,פתיתים כוכבים שופרסל500ג,אסיף תעשיות מזון,IL,פתיתים כוכבים,גרמים,500.00,100 גרם,false,0,5.20,1.04,true,1,
7296073130499,false,"מיץ לימון שופרסל 200 מ""ל",סי פרווידר,IT,מיץ לימון שופרסל,מיליליטרים,200.00,"100 מ""ל",false,0,6.40,3.20,true,1,
7296073132400,false,"מיץ לימון שופרסל 500 מ""ל",סי פרווידר,IT,מיץ לימון,מיליליטרים,500.00,"100 מ""ל",false,0,7.90,1.58,true,1,
7296073132806,false,חרוזי זיתים שופרסל560גרם,קבוצת יבנה מוצרי מזון,IL,חרוזי זיתים,גרמים,560.00,100 גרם,false,0,9.80,1.75,true,1,
7296073132820,false,סלק בואקום 500 גרם,שופרסל,ES,סלק בואקום 500ג,גרמים,500.00,100 גרם,false,0,8.90,1.78,true,1,
7296073132936,false,עוגת מאפין שיש שופרסל400,גידרון,IL,עוגת מאפין,גרמים,400.00,100 גרם,false,0,11.90,2.98,true,1,
7296073132943,false,עוגת מאפין שוק.שופרסל400,גידרון,IL,עוגת מאפין,גרמים,400.00,100 גרם,false,0,11.90,2.98,true,1,
7296073132950,false,עוגת מאפין וניל שופר400ג,גידרון,IL,עוגת מאפין,גרמים,400.00,100 גרם,false,0,11.90,2.98,true,1,
7296073132974,false,צלחות גדולות לבן שופרסל,שופרסל,IL,צלחות ענקיות,יחידה,1.00,יחידה,false,0,24.90,24.90,true,1,
7296073132981,false,25צלחות גדולה לבן שופרסל,שופרסל,IL,צלחות גדולה,יחידה,1.00,יחידה,false,0,17.90,17.90,true,1,
7296073132998,false,25צלחות קטנות לבן שופרסל,שופרסל,IL,צלחות קטנות,יחידה,1.00,יחידה,false,0,12.90,12.90,true,1,
7296073133001,false,קערית מרק לבן אלגנט 25יח,שופרסל,IL,קעריות מרק לבנות,יחידה,1.00,יחידה,false,0,12.90,12.90,true,1,
7296073133070,false,צלחות קטנות קרם שופרסל 2,שופרסל,IL,צלחות קטנות,יחידה,1.00,יחידה,false,0,12.90,12.90,true,1,
7296073133087,false,קעריות מרק קרם שופרסל 25,שופרסל,IL,קעריות מרק,יחידה,1.00,יחידה,false,0,12.90,12.90,true,1,
7296073134442,false,קרקר חיטה שופרסל 300 גרם,שופרסל,CZ,קרקר חיטה,גרמים,300.00,100 גרם,false,0,14.50,4.83,true,1,
7296073134459,false,קרקר סגנ.שוודי שופרסל300,שופרסל,CZ,קרקר שוודי,גרמים,300.00,100 גרם,false,0,14.50,4.83,true,1,
7296073134534,false,קפה טורקי שופרסל 100 גרם,שופרסל,IL,קפה טורקי,גרמים,100.00,100 גרם,false,0,5.90,5.90,true,1,
7296073134541,false,קפה טורקי שופרסל 100*3גר,שופרסל,IL,מארז קפה טורקי,גרמים,300.00,100 גרם,false,0,16.60,5.53,true,1,
7296073140184,false,עוגת מאפין תפוז שופר400ג,גידרון,IL,עוגת מאפין תפוז,גרמים,400.00,100 גרם,false,0,11.90,2.98,true,1,
7296073140801,false,חטיף חלבה וניל שופרסל100,"אחדות בע""מ א.ת. ברקן",IL,חטיף חלבה שופרסל,גרמים,100.00,100 גרם,false,0,3.20,3.20,true,1,
7296073141143,false,שוקולד חלב שופרסל100 גרם,"שוקולד פריי בע""מ",CH,שוקולד חלב,גרמים,100.00,100 גרם,false,0,5.60,5.60,true,1,
7296073141150,false,שוקולד מריר שוויצרי100ג,"שוקולד פריי בע""מ",CH,שוקולד מריר,גרמים,100.00,100 גרם,false,0,5.60,5.60,true,1,
7296073143437,false,"ברנפלקס ללת""ס שופרסל 500",בריגן קי. ג'י,DE,"ברנפלקס ללת""ס",גרמים,500.00,100 גרם,false,0,20.90,4.18,true,1,
7296073143727,false,פתיתים קוסקוס 3 צבעים500,"אסיף תעשיות מזון בע""\מ",IL,פתיתים 3 צבעים,גרמים,500.00,100 גרם,false,0,6.70,1.34,true,1,
7296073143758,false,עוגת בראוניס שופרסל400גר,גידרון,IL,עוגת בראוניס,גרמים,400.00,100 גרם,false,0,15.90,3.98,true,1,
7296073146933,false,שוק.אוורירי מריר שופר100,"שוקולד פריי בע""מ",CH,שוקולד אוורירי,גרמים,100.00,100 גרם,false,0,6.20,6.20,true,1,
7296073146940,false,שוק.אוורירי חלב שופר100ג,"שוקולד פריי בע""מ",CH,שוקולד אוורירי,גרמים,100.00,100 גרם,false,0,6.20,6.20,true,1,
7296073146957,false,שוק.חלב שברי אגוז שופ100,שופרסל,CH,שוקולד חלב אגוז,גרמים,100.00,100 גרם,false,0,5.80,5.80,true,1,
7296073150435,false,תערובת לעוגה,,IL,תערובת לעוגה,גרמים,560.00,100 גרם,false,0,16.00,2.86,true,1,
7296073150466,false,תערובת לפנקייק שופרסל400,שופרסל,IL,תערובת לפנקייק,גרמים,400.00,100 גרם,false,0,16.00,4.00,true,1,
7296073151548,false,מלח בישול גס שופרסל 1 קג,מלח הארץ אילת,IL,מלח בישול גס,קילוגרמים,1.00,"ק""ג",false,0,2.07,2.07,true,1,
7296073151555,false,מלח שולחן דק שופרסל 1 קג,מלח הארץ אילת,IL,מלח שולחן דק,קילוגרמים,1.00,"ק""ג",false,0,2.07,2.07,true,1,
7296073152453,false,קפה טורקי ואקום שופר200ג,שופרסל,IL,קפה טורקי בואקום,גרמים,200.00,100 גרם,false,0,16.10,8.05,true,1,
7296073153238,false,גזר ארוז שופרסל,,IL,גזר ארוז שופרסל,קילוגרמים,0.00,"ק""ג",true,0,5.90,5.90,true,1,
7296073153337,false,מקרוני בוקטיני מס14 500ג,שופרסל,IL,מקרוני,גרמים,500.00,100 גרם,false,0,4.90,0.98,true,1,
7296073156246,false,עוגת בראוניס ש.צ'יפס400ג,גידרון,IL,עוגת בראוניס,גרמים,400.00,100 גרם,false,0,15.90,3.98,true,1,
7296073156611,false,שוקולד מריר 60% קקאו100ג,"שוקולד פריי בע""מ",CH,שוקולד מריר 60%,גרמים,100.00,100 גרם,false,0,7.40,7.40,true,1,
7296073161479,false,פריכיות דקות תירס 100 גר,"פרח תעשיות מזון בע""\מ",IL,פריכיות תירס,גרמים,100.00,100 גרם,false,0,7.90,7.90,true,1,
7296073161493,false,שוק.מריר60%שופרסל 100*2ג,"שוקולד פריי בע""מ",CH,שוקולד מריר זוג,גרמים,200.00,100 גרם,false,0,14.20,7.10,true,1,
7296073161509,false,שוק.חלב אגוזי לוז100*3גר,"שוקולד פריי בע""מ",CH,שוקולד אגוז 3 יח,גרמים,300.00,100 גרם,false,0,21.00,7.00,true,1,
7296073161516,false,שוק.מריר+אגוזים שלמ100*3,שופרסל,CH,שוקולד אגוז 3 יח,גרמים,300.00,100 גרם,false,0,21.00,7.00,true,1,
7296073161806,false,מנצ'ס 400גרם שופרסל,שופרסל,CN,מנצ'ס 400גרם,גרמים,400.00,100 גרם,false,0,12.90,3.23,true,1,
7296073163084,false,נקניקיות וינר שופרסל400ג,מעדני יחיעם,IL,נקניקיות וינר,גרמים,400.00,100 גרם,false,0,11.90,2.98,true,1,
7296073163107,false,נקניקיות וינר שופרסל1.5ק,שופרסל,IL,נקניקיות וינר,קילוגרמים,1.50,"ק""ג",false,0,29.90,19.93,true,1,
7296073163114,false,נקניקיות מיני שופרסל600ג,מעדני יחיעם,IL,נקניקיות מיני,גרמים,600.00,100 גרם,false,0,17.90,2.98,true,1,
7296073169543,false,40 מטליות רב שימושיות,שופרסל,IL,"מטליות רב""ש",יחידה,1.00,יחידה,false,0,18.90,18.90,true,1,
7296073169550,false,3 מטליות מיקרופייבר שופר,שופרסל,CN,מטליות מיקרופיבר,יחידה,1.00,יחידה,false,0,14.80,14.80,true,1,
7296073170860,false,צ'יפס קלאסי שופרסל 1.5קג,"תעשיות תפוגן בע""\מ",IL,צ'יפס קלאסי,קילוגרמים,1.50,"ק""ג",false,0,24.90,16.60,true,1,
7296073170884,false,סטייק צ'יפס שופרסל 1.5קג,"תעשיות תפוגן בע""\מ",IL,סטייק צ'יפס,קילוגרמים,1.50,"ק""ג",false,0,24.90,16.60,true,1,
7296073173045,false,דבש טבעי לחיץ שופרסל500ג,שופרסל,IL,דבש לחיץ שופרסל,גרמים,500.00,100 גרם,false,0,30.20,6.04,true,1,
7296073173199,false,אפונה ירוקה עדינה שופרסל,שופרסל,BE,אפונה עדינה,גרמים,600.00,100 גרם,false,0,13.90,2.32,true,1,
7296073173205,false,שעועית ירוקה עדינה שופרס,ARDO,BE,שעועית ירוקה,גרמים,600.00,100 גרם,false,0,14.90,2.48,true,1,
7296073173212,false,שעועית ירוקה שלמה שופרסל,ARDO,BE,שעועית ירוקה,גרמים,800.00,100 גרם,false,0,13.90,1.74,true,1,
7296073173229,false,שעועית ירוקה חתוכה שופרס,ARDO,BE,שעועית ירוקה,גרמים,800.00,100 גרם,false,0,14.90,1.86,true,1,
7296073173311,false,קמח תופח מועשר שופרסל 1ק,שופרסל,IL,קמח תופח מועשר,קילוגרמים,1.00,"ק""ג",false,0,7.50,7.50,true,1,
7296073179863,false,דבש טבעי לחיץ שופרסל250ג,שופרסל,IL,דבש טבעי לחיץ,גרמים,250.00,100 גרם,false,0,16.90,6.76,true,1,
7296073180203,false,עלי רוקט שטופים 150גרם,"פרסקו חצבה 2006 בע""\מ",IL,עלי רוקט150ג',גרמים,150.00,100 גרם,false,0,10.90,7.27,true,1,
7296073180210,false,עלי תרד בייבי שטופים400ג,"פרסקו חצבה 2006 בע""\מ",IL,עלי תרד בייבי,גרמים,400.00,100 גרם,false,0,12.90,3.23,true,1,
7296073180548,false,אגוז מלך טבעי150ג שופרסל,ששון,US,א.מלך טבעי קלוף,גרמים,150.00,100 גרם,false,0,13.90,9.27,true,1,
7296073180630,false,מטליות לחות לרצפה 10יח,טרופיקל דגיל,IL,מטליות לחות,יחידה,1.00,יחידה,false,0,10.90,10.90,true,1,
7296073187363,false,פחם דרום אמריקאי,,PY,פחם דרום אמריקאי,קילוגרמים,2.00,"ק""ג",false,0,14.90,7.45,true,1,
7296073189572,false,פקאן סיני 200גרם שופרסל,שקרצי,IL,פקאן סיני 200גרם,גרמים,200.00,100 גרם,false,0,25.90,12.95,true,1,
7296073189589,false,פקאן טבעי 200גרם שופרסל,שקרצי,US,חצאי אגוזי פקאן,גרמים,200.00,100 גרם,false,0,26.90,13.45,true,1,
7296073189596,false,חצאי בוטן מטוגן וממולח,שקרצי,IL,בוטן מטוגן200גרם,גרמים,200.00,100 גרם,false,0,8.90,4.45,true,1,
7296073189602,false,בוטן מטוגן 400גרם שופרסל,שקרצי,IL,חצאי בוטן מטוגן,גרמים,400.00,100 גרם,false,0,15.90,3.98,true,1,
7296073189671,false,ג.דלעת קלוף 150גרם שופרס,ששון,CN,גרעין דלעת קלוף,גרמים,150.00,100 גרם,false,0,13.90,9.27,true,1,
7296073189688,false,ג.חמניה קלוף150ג שופרסל,ששון,IL,גרעין חמניה 150ג,גרמים,150.00,100 גרם,false,0,6.80,4.53,true,1,
7296073191261,false,תחתיות ארטישוק שופר390גר,Raal El Conservas,ES,תחתיות ארטישוק,גרמים,390.00,100 גרם,false,0,9.90,2.54,true,1,
7296073192633,false,שעועית לבנה שופרסל 800גר,פרי גליל,IL,שעועית לבנה,גרמים,800.00,100 גרם,false,0,16.90,2.11,true,1,
7296073193784,false,כרובית שטופה 500גרם,"פרסקו חצבה 2006 בע""\מ",IL,כרובית שטופה,גרמים,500.00,100 גרם,false,0,15.90,3.18,true,1,
7296073193791,false,ברוקולי שטוף 400גרם,פרסקו,IL,ברוקולי שטוף,גרמים,400.00,100 גרם,false,0,15.90,3.98,true,1,
7296073195245,false,חלווה אורגנית גרין 300גר,"אחדות בע""מ א.ת. ברקן",IL,חלווה אורגנית,גרמים,300.00,100 גרם,false,0,14.80,4.93,true,1,
7296073195894,false,אטריות דקיקות שופרסל400ג,שיבולים בני דרום,IL,אטריות דקיקות,גרמים,400.00,100 גרם,false,0,5.90,1.48,true,1,
7296073195900,false,אטריות דקות שופרסל 400ג,שיבולים בני דרום,IL,אטריות דקות,גרמים,400.00,100 גרם,false,0,5.90,1.48,true,1,
7296073197461,false,שוקולד חלב 100*3 גרם,"שוקולד פריי בע""מ",CH,שוקולד חלב 3 יח,גרמים,300.00,100 גרם,false,0,14.90,4.97,true,1,
7296073197478,false,שוקולד מריר שוויצרי100*3,"שוקולד פריי בע""מ",CH,שוקולד מריר 3 יח,גרמים,300.00,100 גרם,false,0,14.90,4.97,true,1,
7296073199014,false,נודלס דק להקפצה 400 גרם,INDUSTRY ANLIDA LONGHAI FUJIAN,CN,נודלס דק להקפצה,גרמים,400.00,100 גרם,false,0,11.50,2.88,true,1,
7296073201410,false,נודלס רחב להקפצה 400ג,פרוצ'אמפ,CN,נודלס בינוני,גרמים,400.00,100 גרם,false,0,11.50,2.88,true,1,
7296073202479,false,שוק.מריר שוויצרי 100*6ג,"שוקולד פריי בע""מ",CH,שוקולד מריר 6 יח,גרמים,600.00,100 גרם,false,0,25.20,4.20,true,1,
7296073203391,false,"מיקס מזון לכלבים 3 ק""ג",EFFEFFE,IT,מיקס מזון לכלבים,קילוגרמים,3.00,"ק""ג",false,0,39.90,13.30,true,1,
7296073204640,false,בוטן אמריקאי200ג שופרסל,ששון,IL,בוטנים אמריקאים,גרמים,200.00,100 גרם,false,0,7.90,3.95,true,1,
7296073205081,false,מיונז,,IL,מיונז,גרמים,500.00,100 גרם,false,0,8.90,1.78,true,1,
7296073205111,false,"ניוקי תפו""א ל.ג.גרין500ג",,IT,"ניוקי תפו""א",גרמים,500.00,100 גרם,false,0,10.00,2.00,true,1,
7296073205425,false,פוסילי אורגני גרין 500 ג,,IT,פוזילי אורגני,גרמים,100.00,100 גרם,false,0,10.90,10.90,true,1,
7296073205456,false,פנה מלא אורגני,,IT,פנה מלא אורגני,גרמים,500.00,100 גרם,false,0,10.90,2.18,true,1,
7296073205616,false,תמר מג'הול אורגני גרין1ק,אלסקה,IL,תמר מג'הול גרין,קילוגרמים,1.00,"ק""ג",false,0,22.90,22.90,true,1,
7296073205692,false,רוטב פסטה שום אורגני 350,אלת'אה אס.פי.איי,IT,רוטבעגבניות שום,גרמים,350.00,100 גרם,false,0,10.00,2.86,true,1,
7296073205708,false,רוט.פסט.בזיליקום אורג350,אלת'אה אס.פי.איי,IT,רוטב פסטה,גרמים,350.00,100 גרם,false,0,10.00,2.86,true,1,
7296073206101,false,סירופ אגבה אורג.גרין660ג,,MX,סירופ אגבה,גרמים,660.00,100 גרם,false,0,29.90,4.53,true,1,
7296073207078,false,בוטן קלוף קלוי300 שופרסל,ששון,IL,בוטן קלוף קלוי,גרמים,300.00,100 גרם,false,0,11.90,3.96,true,1,
7296073209225,false,"3ספוגיות קירצוף 9*72 ס""מ",פלסטו פוליש,IL,ספוגיות קירצוף,יחידה,1.00,יחידה,false,0,9.10,9.10,true,1,
7296073209249,false,ספגיות קירצוף 6 יחידות,פלסטו פוליש,IL,ספוגיות קירצוף,יחידה,1.00,יחידה,false,0,5.70,5.70,true,1,
7296073211624,false,פילה אמנון קפוא קג,שופרסל,CN,פילה אמנון קפוא,קילוגרמים,0.00,"ק""ג",true,0,32.90,32.90,true,1,
7296073211969,false,וופל בלגי שוקולד 200 גרם,"גילרו בע""\מ",IL,וופל בלגי שוקולד,גרמים,200.00,100 גרם,false,0,4.60,2.30,true,1,
7296073214120,false,חתיכות אננס בסירופ850ג,CANNING FRUIT KUIBURI,TH,חתיכות אננס,גרמים,850.00,100 גרם,false,0,9.90,1.16,true,1,
7296073214137,false,פלחי אפרסקים,,CN,פלחי אפרסק,גרמים,820.00,100 גרם,false,0,9.90,1.21,true,1,
7296073215820,false,כורכום טחון,,IL,כורכום טחון,גרמים,100.00,100 גרם,false,0,7.90,7.90,true,1,
7296073215844,false,כורכום טחון,,IL,כורכום טחון,גרמים,40.00,100 גרם,false,0,6.90,17.25,true,1,
7296073215851,false,כורכום במיכל,,IL,כורכום במיכל,גרמים,100.00,100 גרם,false,0,11.30,11.30,true,1,
7296073215882,false,כמון טחון,,IL,כמון טחון,גרמים,40.00,100 גרם,false,0,8.30,20.75,true,1,
7296073215899,false,כמון טחון,,IL,כמון טחון,גרמים,100.00,100 גרם,false,0,11.90,11.90,true,1,
7296073215912,false,קנמון טחון,,IL,קנמון טחון,גרמים,100.00,100 גרם,false,0,7.90,7.90,true,1,
7296073215943,false,אורגנו בשקית,,IL,אורגנו בשקית,גרמים,20.00,100 גרם,false,0,6.30,31.50,true,1,
7296073215967,false,שוםגבישי,,IL,שוםגבישי,גרמים,100.00,100 גרם,false,0,11.00,11.00,true,1,
7296073215981,false,אבקת שום,,IL,אבקת שום,גרמים,90.00,100 גרם,false,0,9.50,10.56,true,1,
7296073216018,false,תערובת תיבול,,IL,תערובת תיבול,גרמים,100.00,100 גרם,false,0,8.00,8.00,true,1,
7296073216025,false,תערובת תיבול,,IL,תערובת תיבול,גרמים,100.00,100 גרם,false,0,11.30,11.30,true,1,
7296073216032,false,תערובת גריל עוף,,IL,תערובת גריל עוף,גרמים,150.00,100 גרם,false,0,12.90,8.60,true,1,
7296073216049,false,תערוב תיבול,,IL,תערוב תיבול,גרמים,100.00,100 גרם,false,0,7.90,7.90,true,1,
7296073216063,false,חוואג' למרק,,IL,חוואג' למרק,גרמים,100.00,100 גרם,false,0,9.50,9.50,true,1,
7296073216070,false,פטרוזיליה תבלין,,IL,פטרוזיליה תבלין,גרמים,20.00,100 גרם,false,0,7.90,39.50,true,1,
7296073216094,false,בהרט,,IL,בהרט,גרמים,100.00,100 גרם,false,0,8.10,8.10,true,1,
7296073216100,false,צ'ילי כתוש,,IL,צ'ילי כתוש,גרמים,25.00,100 גרם,false,0,6.90,27.60,true,1,
7296073216117,false,תערובת תיבול קאר,,IL,תערובת תיבול קאר,גרמים,100.00,100 גרם,false,0,6.90,6.90,true,1,
7296073216124,false,בזיליקום תבלין,,IL,בזיליקום תבלין,גרמים,30.00,100 גרם,false,0,5.90,19.67,true,1,
7296073216131,false,טימין,,IL,טימין,גרמים,20.00,100 גרם,false,0,7.30,36.50,true,1,
7296073216155,false,פלפל שחור,,IL,פלפל שחור,גרמים,40.00,100 גרם,false,0,11.20,28.00,true,1,
7296073216162,false,פלפל שחור,,IL,פלפל שחור,גרמים,100.00,100 גרם,false,0,13.90,13.90,true,1,
7296073216186,false,פלפל שחור,,IL,פלפל שחור,גרמים,40.00,100 גרם,false,0,10.90,27.25,true,1,
7296073216193,false,פלפל שחור,,IL,פלפל שחור,גרמים,90.00,100 גרם,false,0,14.90,16.56,true,1,
7296073216216,false,פלפל לבן,,IL,פלפל לבן,גרמים,40.00,100 גרם,false,0,10.90,27.25,true,1,
7296073216223,false,פפריקה מתוקה,,IL,פפריקה מתוקה,גרמים,80.00,100 גרם,false,0,5.90,7.38,true,1,
7296073216230,false,פפריקה מתוקה,,IL,פפריקה מתוקה,גרמים,40.00,100 גרם,false,0,8.40,21.00,true,1,
7296073216247,false,פפריקה מתוקה,,IL,פפריקה מתוקה,גרמים,100.00,100 גרם,false,0,10.90,10.90,true,1,
7296073216292,false,פפריקה חריפה,,IL,פפריקה חריפה,גרמים,80.00,100 גרם,false,0,5.90,7.38,true,1,
7296073216308,false,פפריקה חריפה,,IL,פפריקה חריפה,גרמים,100.00,100 גרם,false,0,10.90,10.90,true,1,
7296073216315,false,מלח לימון,,IL,מלח לימון,גרמים,100.00,100 גרם,false,0,7.60,7.60,true,1,
7296073216322,false,מלח לימון,,IL,מלח לימון,גרמים,170.00,100 גרם,false,0,11.30,6.65,true,1,
7296073218159,false,תיבול לקציצות,,IL,תיבול לקציצות,גרמים,100.00,100 גרם,false,0,6.90,6.90,true,1,
7296073218234,false,סוכר חום אורגני גרין 1 ק,,IL,סוכר קנים חום,קילוגרמים,1.00,"ק""ג",false,0,10.00,10.00,true,1,
7296073218661,false,מטליות לרצפה 3יח,,CN,מטליות לרצפה 3יח,יחידה,1.00,יחידה,false,0,16.90,16.90,true,1,
7296073218807,false,בישקוטים,,IT,בישקוטים,גרמים,200.00,100 גרם,false,0,8.20,4.10,true,1,
7296073219255,false,קפה נמס,,IL,קפה נמס,גרמים,200.00,100 גרם,false,0,14.90,7.45,true,1,
7296073219262,false,קפה טורקי עם הל,,IL,קפה טורקי עם הל,גרמים,100.00,100 גרם,false,0,6.70,6.70,true,1,
7296073219347,false,לחם אחיד פרוס750ג שופרסל,מאפית ברמן,IL,לחם אחיד פרוס,גרמים,750.00,100 גרם,false,0,7.10,0.95,true,1,
7296073219606,false,כדורי דגנים,,LT,כדורי דגנים,גרמים,500.00,100 גרם,false,0,12.90,2.58,true,1,
7296073219897,false,פודינג וניל,,IL,פודינג וניל,גרמים,80.00,100 גרם,false,0,5.20,6.50,true,1,
7296073219927,false,ג'לי תות,,IL,ג'לי תות,גרמים,85.00,100 גרם,false,0,5.80,6.82,true,1,
7296073220022,false,אבקת קקאו,,IL,אבקת קקאו,גרמים,150.00,100 גרם,false,0,8.50,5.67,true,1,
7296073220251,false,אבקת קקאו,,IL,אבקת קקאו,גרמים,500.00,100 גרם,false,0,26.70,5.34,true,1,
7296073220275,false,וופל ט.שוקולד שופרסל500ג,"מנעמים תעשיות מזון בע""\מ",IL,ופל טעם שוקולד,גרמים,500.00,100 גרם,false,0,11.90,2.38,true,1,
7296073220282,false,וופלים ט.לימון שופרסל500,"מנעמים תעשיות מזון בע""\מ",IL,ופל טעם לימון,גרמים,500.00,100 גרם,false,0,11.90,2.38,true,1,
7296073220398,false,חטיפי קרח,,IL,חטיפי קרח,מיליליטרים,800.00,"100 מ""ל",false,0,9.90,1.24,true,1,
7296073220442,false,דובדבן קפוא שופרסל 300גר,d.o.o Lukowa,RS,דובדבן,גרמים,300.00,100 גרם,false,0,16.90,5.63,true,1,
7296073221319,false,מארז כפות בצבע קרם,.,IL,כפות חד פעמיות,יחידה,1.00,יחידה,false,0,14.90,14.90,true,1,
7296073221326,false,"כפית קרם 100 יח,' 1.4גרם",.,TR,"מארז כפיות ח""פ",יחידה,1.00,יחידה,false,0,14.90,14.90,true,1,
7296073221333,false,מארז מזלגות בצבע קרם,.,IL,"מזלגות קרם ח""פ",יחידה,1.00,יחידה,false,0,14.90,14.90,true,1,
7296073221630,false,שמן קנולה שופרסל 1 ליטר,בוקרלמן,DE,שמן קנולה,ליטרים,1.00,ליטר,false,0,10.90,10.90,true,1,
7296073221791,false,ופלים בטעם אגוזים 400 גר,"מנעמים תעשיות מזון בע""\מ",IL,ופל אגוזים,גרמים,400.00,100 גרם,false,0,11.90,2.98,true,1,
7296073222200,false,פסטרמה הודו על גחלים שופ,מעדני יחיעם,IL,פסטרמה הודו,גרמים,300.00,100 גרם,false,0,23.90,7.97,true,1,
7296073222231,false,פסטרמה בדבש דק דק 140 גר,מעדני יחיעם,IL,פסטרמה בדבש,גרמים,140.00,100 גרם,false,0,11.90,8.50,true,1,
7296073222255,false,סלמי מעושן שופרסל 400 גר,מעדני יחיעם,IL,סלמי מעושן,גרמים,400.00,100 גרם,false,0,19.90,4.98,true,1,
7296073222262,false,קבנוס שופרסל 100 גרם,מעדני יחיעם,IL,קבנוס,גרמים,100.00,100 גרם,false,0,9.90,9.90,true,1,
7296073222279,false,נקניקיות וינר שופרסל 1קג,מעדני יחיעם,IL,נקניקיות וינר,קילוגרמים,1.00,"ק""ג",false,0,24.90,24.90,true,1,
7296073222323,false,מלווח קפוא שופרסל700ג,אופרה,IL,מלווח קפוא שופרס,גרמים,700.00,100 גרם,false,0,14.90,2.13,true,1,
7296073223009,false,שמן זית,,IT,שמן זית,מיליליטרים,750.00,"100 מ""ל",false,0,29.90,3.99,true,1,
7296073223993,false,מזון חתולים,,FR,מזון חתולים,גרמים,400.00,100 גרם,false,0,8.00,2.00,true,1,
7296073224006,false,מזון חתולים,,FR,מזון חתולים,גרמים,400.00,100 גרם,false,0,8.00,2.00,true,1,
7296073224020,false,מזון חתולים,,FR,מזון חתולים,גרמים,400.00,100 גרם,false,0,8.00,2.00,true,1,
7296073224037,false,מזון כלבים,,FR,מזון כלבים,גרמים,400.00,100 גרם,false,0,7.90,1.98,true,1,
7296073224051,false,מזון כלבים,,FR,מזון כלבים,גרמים,400.00,100 גרם,false,0,7.90,1.98,true,1,
7296073224204,false,שמן זית,,IT,שמן זית,ליטרים,1.00,ליטר,false,0,44.90,44.90,true,1,
7296073224419,false,שומשום מלא אורגני גר100ג,,IL,שומשום מלא,גרמים,100.00,100 גרם,false,0,5.90,5.90,true,1,
7296073224433,false,אורז חום עגול מלא גר500,,IL,אורז חום עגול,גרמים,500.00,100 גרם,false,0,11.90,2.38,true,1,
7296073224457,false,כוסמת אורגנית גרין 500 ג,,IL,כוסמת אורגנית,גרמים,500.00,100 גרם,false,0,9.90,1.98,true,1,
7296073224464,false,אורז לבן ארוך גרין 500 ג,,IL,אורז לבן ארוך,גרמים,500.00,100 גרם,false,0,11.90,2.38,true,1,
7296073224488,false,בורגול אורגני גרין 500 ג,,IL,בורגול אורגני,גרמים,500.00,100 גרם,false,0,9.90,1.98,true,1,
7296073224495,false,עדשים ירוק אורג.גרין500ג,,IL,עדשים ירוקות,גרמים,500.00,100 גרם,false,0,13.90,2.78,true,1,
7296073224518,false,גרעיני חמניה,,IL,גרעיני חמניה,גרמים,100.00,100 גרם,false,0,5.90,5.90,true,1,
7296073224525,false,שבבי שיב.שוע500גרוס גרין,,IL,קוואקר אורגני,גרמים,500.00,100 גרם,false,0,11.90,2.38,true,1,
7296073224549,false,זרעי פשתן גרין 500 גרם,,IL,זרעי פשתן,גרמים,500.00,100 גרם,false,0,11.90,2.38,true,1,
7296073224556,false,שבבי שיבולת שועל גרין500,,IL,קוואקר אורג.עבה,גרמים,500.00,100 גרם,false,0,11.90,2.38,true,1,
7296073224563,false,סלט טחינה שופרסל 400 גרם,סלטי שמיר,IL,סלט טחינה,גרמים,400.00,100 גרם,false,0,11.90,2.98,true,1,
7296073224570,false,חומוס אסלי שופרסל 400גרם,סלטי שמיר,IL,חומוס אסלי,גרמים,400.00,100 גרם,false,0,10.90,2.73,true,1,
7296073224587,false,כרוב אדום שופרסל 400 גרם,סלטי שמיר,IL,סלט כרוב אדום,גרמים,400.00,100 גרם,false,0,11.90,2.98,true,1,
7296073224594,false,סלט חציל במיונז שופר400ג,סלטי שמיר,IL,סלט חצילים מיונז,גרמים,400.00,100 גרם,false,0,11.90,2.98,true,1,
7296073224600,false,"חומוס שופרסל 1 ק""ג",סלטי שמיר,IL,סלט חומוס,קילוגרמים,1.00,"ק""ג",false,0,13.90,13.90,true,1,
7296073224662,false,12ביצים חופש אורגניות M,חוות גבעות עולם,IL,ביצי חופש 12 יח,יחידה,1.00,יחידה,false,0,22.90,22.90,true,1,
7296073224693,false,ביציםM שופרסל 12,,IL,ביציםM שופרסל 12,יחידה,1.00,יחידה,false,0,11.15,11.15,true,1,
7296073224709,false,ביציםL שופרסל 12,,IL,ביציםL שופרסל 12,יחידה,1.00,יחידה,false,0,12.05,12.05,true,1,
7296073224716,false,ביצים XL שופרסל 12 יח,.,IL,ביציםXL שופרסל12,יחידה,1.00,יחידה,false,0,13.10,13.10,true,1,
7296073224815,false,מרכך מרוכז כחול,,IL,מרכך מרוכז כחול,ליטרים,1.00,ליטר,false,0,11.90,11.90,true,1,
7296073224839,false,מרכך מרוכז לבן,,IL,מרכך מרוכז לבן,ליטרים,1.00,ליטר,false,0,11.90,11.90,true,1,
7296073224846,false,מרכך מרוכז סגול,,IL,מרכך מרוכז סגול,ליטרים,1.00,ליטר,false,0,11.90,11.90,true,1,
7296073224891,false,אפונה ירוקה קפואה שופרסל,ARDO,BE,אפונה ירוקה,גרמים,800.00,100 גרם,false,0,14.90,1.86,true,1,
7296073224907,false,אפונה וגזר שופרסל 800גרם,ARDO,BE,אפונה וגזר,גרמים,800.00,100 גרם,false,0,14.80,1.85,true,1,
7296073225010,false,ריבועי דגנים+קינמון500גר,פודס,LT,ריבועי דגנים,גרמים,500.00,100 גרם,false,0,12.90,2.58,true,1,
7296073225249,false,גרעין חמניה לא תוספת מלח,ששון,IL,גרעין חמניה,גרמים,200.00,100 גרם,false,0,7.80,3.90,true,1,
7296073225256,false,גרעין חמנייה קליית עפולה,ששון,IL,גרעין חמנייה,גרמים,200.00,100 גרם,false,0,7.80,3.90,true,1,
7296073225492,false,רוטב עגבני.מרוכז22% 260ג,פריניר,IL,רוטב עגבניות,גרמים,260.00,100 גרם,false,0,3.60,1.38,true,1,
7296073225560,false,"ופלים שוקולד ללת""ס200גרם","מנעמים תעשיות מזון בע""\מ",IL,"ופל שוקולד ללת""ס",גרמים,200.00,100 גרם,false,0,6.50,3.25,true,1,
7296073225720,false,שעועית מש 500 גרם,,IL,שעועית מש,גרמים,500.00,100 גרם,false,0,14.90,2.98,true,1,
7296073225744,false,חצילים על האש שופרסל400ג,סלטי שמיר,IL,סלט חצילים,גרמים,400.00,100 גרם,false,0,11.90,2.98,true,1,
7296073225751,false,חציל בטחינה 400 גרם,סלטי שמיר,IL,סלט חציל בטחינה,גרמים,400.00,100 גרם,false,0,11.90,2.98,true,1,
7296073225768,false,סלט מטבוחה שופרסל 400גרם,סלטי שמיר,IL,סלט מטבוחה,גרמים,400.00,100 גרם,false,0,11.90,2.98,true,1,
7296073225775,false,רצועות סלק שופרסל 400גרם,סלטי שמיר,IL,סלט סלק שופרסל,גרמים,400.00,100 גרם,false,0,11.90,2.98,true,1,
7296073226543,false,אורגנו תבלין,,IL,אורגנו תבלין,גרמים,40.00,100 גרם,false,0,10.30,25.75,true,1,
7296073226970,false,סלט חומוס+טחינה שופר400ג,סלטי שמיר,IL,חומוס עם טחינה,גרמים,400.00,100 גרם,false,0,11.90,2.98,true,1,
7296073229650,false,סירופ טעם שוקולד,,IL,סירופ טעם שוקולד,גרמים,600.00,100 גרם,false,0,12.90,2.15,true,1,
7296073229674,false,פטוצ'יני ללינגויני 500 ג,.,IT,פסטה לינגוויני,גרמים,500.00,100 גרם,false,1,4.90,0.98,true,1,
7296073230021,false,מנקה רצפות כחול 2 ליטר,קליר כימיקלים,IL,מנקה רצפות כחול,ליטרים,2.00,ליטר,false,0,15.90,7.95,true,1,
7296073230038,false,מנקה רצפות ורוד 2 ליטר,קליר כימיקלים,IL,מנקה רצפות,ליטרים,2.00,ליטר,false,0,15.90,7.95,true,1,
7296073230106,false,"סלט תפו""א שופרסל 400 גרם",סלטי שמיר,IL,"סלט תפו""א",גרמים,400.00,100 גרם,false,0,11.90,2.98,true,1,
7296073230113,false,לפתן פירות בסירופ קל225ג,.,CN,לפתן פירות,גרמים,225.00,100 גרם,false,0,5.60,2.49,true,1,
7296073230427,false,כפות שקופות,,IL,כפות שקופות,יחידה,1.00,יחידה,false,0,14.90,14.90,true,1,
7296073230441,false,כפיות שקופות עבות במיוחד,.,IL,כפיות שקופות,יחידה,1.00,יחידה,false,0,14.90,14.90,true,1,
7296073230465,false,מארז סכינים שקופים עבים,.,IL,סכינים שקופים,יחידה,1.00,יחידה,false,0,14.90,14.90,true,1,
7296073230489,false,מארז מזלגות שקופים עבים,.,TR,מזלגות שקופים,יחידה,1.00,יחידה,false,0,14.90,14.90,true,1,
7296073230632,false,דגני טבעות דבש 500 גרם,UAB FOODS CERERA,LT,טבעות דבש,גרמים,500.00,100 גרם,false,0,12.90,2.58,true,1,
7296073230656,false,מגבות נייר שופרסל 6 גל.,"שניב תעשיות נייר בע""\מ",IL,מגבות נייר,מטרים,63.00,מטר,false,0,10.90,0.17,true,1,
7296073230663,false,מגבות נייר שופרסל 8 גל.,"שניב תעשיות נייר בע""\מ",IL,מגבות נייר,מטרים,8.00,מטר,false,0,14.90,1.86,true,1,
7296073230885,false,גלילי ופל במלוי אגוז100ג,"מנעמים תעשיות מזון בע""\מ",IL,גלילי וופל,גרמים,100.00,100 גרם,false,1,5.90,5.90,true,1,
7296073231240,false,חט.פריכיות שוקו חלב18*5ג,בנליין פודס,RS,חטיף פריכיות,גרמים,90.00,100 גרם,false,1,10.90,12.11,true,1,
7296073231264,false,חט.פריכיות שוקו תות18*5,בנליין פודס,RS,חטיף פריכיות,גרמים,90.00,100 גרם,false,1,10.90,12.11,true,1,
7296073231455,false,"גביעי ופל לגלידה ללת""ס24",מנעמים,IL,גביעי גלידה 24יח,יחידה,1.00,יחידה,false,1,5.90,5.90,true,1,
7296073231561,false,שמנת עמידה לקצפת38% 250ג,מחלבות רמת הגולן,IL,שמנת להקצפה 38%,מיליליטרים,250.00,"100 מ""ל",false,1,6.30,2.52,true,1,
7296073231769,false,חול לחתולים נטול ריח10ק,בנטס בנטוניט,TR,חול לחתלים,קילוגרמים,10.00,"ק""ג",false,1,54.90,5.49,true,1,
7296073232377,false,חלב1% נטול לקטוז גרין1ל,מחלבת רמת-הגולן,IL,חלב נטול לקטוז,ליטרים,1.00,ליטר,false,1,8.90,8.90,true,1,
7296073232384,false,שוקו נטול לקטוז1%גרין1ל,מחלבות רמת הגולן,IL,שוקו נטול לקטוז,ליטרים,1.00,ליטר,false,1,8.90,8.90,true,1,
7296073236603,false,"שמנת לבישול 15% 250 מ""ל",מחלבת רמת-הגולן,IL,שמנת לבישול 15%,מיליליטרים,250.00,"100 מ""ל",false,1,7.40,2.96,true,1,
7296073236931,false,קליונז מופחת קלוריות500ג,מיטב,IL,קליונז,גרמים,500.00,100 גרם,false,1,9.90,1.98,true,1,
7296073237235,false,4 סכיני גילוח 3 להבים,אדג'וול,US,"סכין גילוח ח""פ",יחידה,1.00,יחידה,false,1,14.90,14.90,true,1,
7296073237556,false,ממחטות אף 100*5 יח',שניב תעשיות נייר,IL,ממחטות אף100*5יח,יחידה,1.00,יחידה,false,1,14.90,14.90,true,1,
7296073237631,false,שוקולד מריר פרימיום 81%,פריי )שוקולד(,CH,שוקולד מריר 81%,גרמים,100.00,100 גרם,false,1,10.90,10.90,true,1,
7296073239239,false,כוסות קפה פרימיום 50 יח',.,CN,כוסות שתיה חמה,יחידה,1.00,יחידה,false,1,17.90,17.90,true,1,
7296073239956,false,כוס שתיה חמה אספרסו120מל,.,CN,כוסות שתיה חמה,יחידה,1.00,יחידה,false,1,9.90,9.90,true,1,
7296073240853,false,"וופלים בטעם שוקולד 1 ק""ג","מנעמים תעשיות מזון בע""\מ",IL,ופלים שוקולד,קילוגרמים,1.00,"ק""ג",false,1,18.90,18.90,true,1,
7296073241324,false,פרוסות אננס בסירופ קל850,CANNING FRUIT KUIBURI,TH,פרוסות אננס,גרמים,850.00,100 גרם,false,1,9.90,1.16,true,1,
7296073241393,false,טלק טיפולי לכף הרגל 200מ,ש.שוורץ,IL,טלק לכפות רגליים,מיליליטרים,200.00,"100 מ""ל",false,1,9.90,4.95,true,1,
7296073241522,false,ממחטות אף 100*5 יח,שניב תעשיות נייר,IL,ממחטות אף 5 יח,יחידה,1.00,יחידה,false,1,14.90,14.90,true,1,
7296073241935,false,נייר טואלט סופר דיל 48גל,שניב,IL,נ.טואלט סופר דיל,מטרים,860.00,100 מטר,false,1,44.90,5.22,true,1,
7296073242635,false,כוסות שתיה קרה מעוטר כסף,.,IL,כוסות שתייה,יחידה,1.00,יחידה,false,1,18.90,18.90,true,1,
7296073243731,false,ריבת חלב שופרסל 400 גרם,מיה,IL,ריבת חלב,גרמים,400.00,100 גרם,false,1,13.90,3.48,true,1,
7296073243854,false,כוסות שתייה מעוטרות זהב,.,IL,כוסות שתייה,יחידה,1.00,יחידה,false,1,18.90,18.90,true,1,
7296073244769,false,"סוכר חום דמררה צנצ. 1ק""ג","סוגת תעשיות בע""\מ",IL,סוכר חום דמררה,קילוגרמים,1.00,"ק""ג",false,1,11.50,11.50,true,1,
7296073244875,false,טחינה גולמית 500 גרם,,IL,טחינה גולמית,גרמים,500.00,100 גרם,false,1,13.90,2.78,true,1,
7296073246053,false,כרובית קפואה 800 גרם,פרי גליל,IL,כרובית קפואה,גרמים,800.00,100 גרם,false,1,14.90,1.86,true,1,
7296073246077,false,פולי סויה קלופים 450 גרם,שופרסל,CN,פולי סויה קלופים,גרמים,450.00,100 גרם,false,1,14.90,3.31,true,1,
7296073246367,false,תות שדה קפוא 300 גרם,.,RS,תות שדה קפוא,גרמים,300.00,100 גרם,false,12,16.90,5.63,true,1,
7296073246633,false,פרוסות אננס בסירופ קל227,CANNING FRUIT KUIBURI,TH,פרוסות אננס,גרמים,227.00,100 גרם,false,1,4.90,2.16,true,1,
7296073246640,false,חתיכות אננס בסירופ קל227,CANNING FRUIT KUIBURI,TH,חתיכות אננס,גרמים,227.00,100 גרם,false,1,3.90,1.72,true,1,
7296073247517,false,רביולי בטטה 300 גרם,פסטה נונה,IL,רביולי בטטה,גרמים,300.00,100 גרם,false,1,13.90,4.63,true,1,
7296073248637,false,מיכל חלוקה לאבקת חלב,N.R.CO.LTD,CN,מיכל חלוקה,יחידה,1.00,יחידה,false,1,11.90,11.90,true,1,
7296073253976,false,תאנים אורגני גרין 250 גר,נימיקיס,TR,תאנים אורגני,גרמים,250.00,100 גרם,false,1,15.90,6.36,true,1,
7296073254164,false,דג.בוקר נוגט גרין ל.ג375,נייס פוד,IT,דגני בוקר נוגט,גרמים,375.00,100 גרם,false,1,16.90,4.51,true,1,
7296073254256,false,ערמונים אורגניים גרין100,CO FOODS LIYUAN HEBEI,CN,ערמונים אורגניים,גרמים,100.00,100 גרם,false,1,8.90,8.90,true,1,
7296073254287,false,"אל סבון כחול 3 500* מ""ל",שופרסל,TR,אל סבון נוזלי3יח,ליטרים,1.50,ליטר,false,1,12.90,8.60,true,1,
7296073261384,false,"אל סבון מעורב 500*3 מ""ל",טאהא קימיה,TR,אל סבון נוזלי3יח,ליטרים,1.50,ליטר,false,1,12.90,8.60,true,1,
7296073262947,false,פסטה קזרצ'ה 400 גרם,שופרסל,IT,פסטה קזרצ'ה,גרמים,400.00,100 גרם,false,1,7.90,1.98,true,1,
7296073262954,false,פסטה מאפלדה 400 גרם,שופרסל,IT,פסטה מאפלדה,גרמים,400.00,100 גרם,false,1,7.90,1.98,true,1,
7296073262961,false,גרנולה דואט שוקו אגוז400,בריגן קי ג'י,DE,גרנולה פרימיום,גרמים,400.00,100 גרם,false,1,19.90,4.98,true,1,
7296073262978,false,גרנולה טריפל אגוזים 400ג,בריגן קי ג'י,DE,גרנולה פרימיום,גרמים,400.00,100 גרם,false,1,19.90,4.98,true,1,
7296073263470,false,אוש פלאו 550 גרם,סי.אי.פי מבוא חורון,IL,אושפלו 550 גרם,גרמים,550.00,100 גרם,false,1,23.90,4.34,true,1,
7296073263487,false,נודלס מוקפץ 550 גרם,סי.אי.פי מבוא חורון,IL,נודלס מצונן,גרמים,550.00,100 גרם,false,1,23.90,4.34,true,1,
7296073263500,false,קוסקוס עם ירקות 650גרם,סי.אי.פי מבוא חורון,IL,קוסקוס עם ירקות,גרמים,650.00,100 גרם,false,1,23.90,3.67,true,1,
7296073263913,false,לפתן ליצ'י שופרסל 567 גר,זאנגזו גאנגצ'נג,CN,ליצ'י בסירופ קל,גרמים,567.00,100 גרם,false,1,8.90,1.57,true,1,
7296073265184,false,שקיות אשפה ריחניות 40 יח,גליל כימיקלים,IL,שקיות אשפה,יחידה,1.00,יחידה,false,1,19.90,19.90,true,1,
7296073265344,false,חלב נטול לקטוז3%גרין 1ל,מחלבת רמת-הגולן,IL,חלב נטול לקטוז,ליטרים,1.00,ליטר,false,1,8.90,8.90,true,1,
7296073265351,false,ספגטי ללא גלוטן גרין400ג,SPA MENNUCCI PASTIFICI,IT,ספגטי ללא גלוטן,גרמים,400.00,100 גרם,false,1,11.90,2.98,true,1,
7296073265368,false,פסטה פנה ללא גלוטן 400גר,SPA MENNUCCI PASTIFICI,IT,פנה ללא גלוטן,גרמים,400.00,100 גרם,false,1,11.90,2.98,true,1,
7296073265375,false,פוזילי ללא גלוטן גרין400,SPA MENNUCCI PASTIFICI,IT,פוזילי ללא גלוטן,גרמים,400.00,100 גרם,false,1,11.90,2.98,true,1,
7296073266273,false,חתיכות אננס בסירופ113*4,FOODS HUIXANG JIANGSU,CN,לפתן אננס,גרמים,452.00,100 גרם,false,1,10.90,2.41,true,1,
7296073266303,false,"רסק תפוחי עץ ללת""ס113*4ג",FOODS HUIXANG JIANGSU,CN,רסק תפוחי עץ,גרמים,452.00,100 גרם,false,1,10.90,2.41,true,1,
7296073266310,false,"רסק תפו""ע ללת""ס 113*4 גר",FOODS HUIZIANG JIANGSU,CN,"רסק תפו""ע 4 יח",גרמים,452.00,100 גרם,false,1,10.90,2.41,true,1,
7296073266693,false,מיץ תפוזים אורגני גרין1ל,גניר,IL,מיץ תפוזים,ליטרים,1.00,ליטר,false,1,18.90,18.90,true,1,
7296073266709,false,"רוט.סויה ללא גלוטן280מ""ל",DEVELOPMENT YI LIAN,CN,רוטב סויה,מיליליטרים,280.00,"100 מ""ל",false,1,13.90,4.96,true,1,
7296073266976,false,חטיף בוטנים ללא גלוטן80ג,סנקי,IL,חטיף בוטנים,גרמים,80.00,100 גרם,false,1,4.80,6.00,true,1,
7296073267188,false,צמר גפן רפואי 100 גרם,SANAVI A.P,TR,צמר גפן רפואי,גרמים,100.00,100 גרם,false,1,6.90,6.90,true,1,
7296073267195,false,צמר גפן רפואי שופרס100*2,SANAVI A.P,TR,זוג צמר גפן,גרמים,200.00,100 גרם,false,1,12.90,6.45,true,1,
7296073267355,false,ממת.בסיס סטיביה שופר100ג,"ביסקול בע""מ",IL,ממתיק סטיביה,גרמים,100.00,100 גרם,false,1,28.90,28.90,true,1,
7296073268925,false,נייר טואלט דו שכבתי16גל,שניב תעשיות נייר,IL,נייר טואלט,מטרים,573.00,100 מטר,false,1,34.90,6.09,true,1,
7296073269991,false,שמן זרעי ענבים מזוכך1ל,"אוליפיציו סלוודורי בע""מ",IT,שמן זרעי ענבים,ליטרים,1.00,ליטר,false,1,24.90,24.90,true,1,
7296073270157,false,לקט הכפר 400גרם,"פרסקו חצבה 2006 בע""\מ",IL,לקט הכפר,גרמים,400.00,100 גרם,false,1,11.90,2.98,true,1,
7296073270287,false,תבניות אלומיניום מלבניות,.,IL,תבניות אינגליש,יחידה,1.00,יחידה,false,1,14.90,14.90,true,1,
7296073270294,false,תבניות אלומיניום מלבניות,.,IL,תבניות מלבניות,יחידה,1.00,יחידה,false,1,14.90,14.90,true,1,
7296073270300,false,תבניות אלומיניום קטנות15,.,IL,תבניות אלומיניום,יחידה,1.00,יחידה,false,1,14.90,14.90,true,1,
7296073270317,false,תבניות אלומיניום עגולות,.,IL,תבניות עגולות,יחידה,1.00,יחידה,false,1,14.90,14.90,true,1,
7296073270324,false,תבנית אלומיניום גדולה 7י,.,IL,תבניות אלומיניום,יחידה,1.00,יחידה,false,1,14.90,14.90,true,1,
7296073270331,false,תבנית אלומיניום ענקית 5י,.,IL,תבניות ענקיות,יחידה,1.00,יחידה,false,1,14.90,14.90,true,1,
7296073270348,false,תבנית אלומיניום קטנה 10י,.,IL,תבניות קטנות,יחידה,1.00,יחידה,false,1,14.90,14.90,true,1,
7296073270980,false,"ופל בטעם לימון ללת""ס200ג",מנעמים,IL,"ופל לימון ללת""ס",גרמים,200.00,100 גרם,false,1,6.50,3.25,true,1,
7296073271550,false,ממרח עגבניות מיובשות190ג,SPA POLLI F.LLI,IT,ממרח עגבניות,גרמים,190.00,100 גרם,false,1,12.90,6.79,true,1,
7296073271567,false,ממרח זיתים ירוקים 190 גר,SPA POLLI F.LLI,IT,טפנד זיתים ירוק,גרמים,190.00,100 גרם,false,1,12.90,6.79,true,1,
7296073271574,false,ממרח זיתים שחורים 190גרם,SPA POLLI F.LLI,IT,טפנד זיתים,גרמים,190.00,100 גרם,false,1,12.90,6.79,true,1,
7296073272496,false,נייר טואלט דו שכבתי32גל,שניב תעשיות נייר,IL,נייר טואלט 32גל,מטרים,573.00,100 מטר,false,1,33.90,5.92,true,1,
7296073273196,false,קציצות ברוטב עגבניות620ג,סי.אי.פי מבוא חורון,IL,קציצות ברוטב,גרמים,620.00,100 גרם,false,1,37.90,6.11,true,1,
7296073273226,false,גפילטע פיש 400 גרם,"דג עים בע""מ",IL,גפילטע פיש מצונן,גרמים,400.00,100 גרם,false,1,32.90,8.23,true,1,
7296073274957,false,חמאת בוטנים טבעית510גרם,יונייטד פודס,IN,חמאת בוטנים,גרמים,510.00,100 גרם,false,1,12.90,2.53,true,1,
7296073274964,false,חמאת בוטנים טבעית+שבבים,יונייטד פודס,IN,חמאת בוטנים,גרמים,510.00,100 גרם,false,1,12.90,2.53,true,1,
7296073277248,false,מגבונים ללא בישום 64*5יח,דינמיק,IL,מגבונים לחים 5יח,יחידה,1.00,יחידה,false,1,22.90,22.90,true,1,
7296073277255,false,מארז מגבונים לחים 6 יח,דינמיק,IL,מארז מגבוניםלחים,יחידה,1.00,יחידה,false,1,19.90,19.90,true,1,
7296073277262,false,מגבונים לחים 72 יח,שופרסל,IL,מגבונים לחים,יחידה,1.00,יחידה,false,1,4.90,4.90,true,1,
7296073277927,false,וופל מצופ.ללתס שופרסל100,הלווה ופלבקרי,NL,"וופל מצופה ללת""ס",גרמים,100.00,100 גרם,false,1,11.90,11.90,true,1,
7296073277941,false,"אצבעות וופל שוקולד ללת""ס",הלווה ופלבקרי,NL,אצבעות וופל,גרמים,64.00,100 גרם,false,1,10.90,17.03,true,1,
7296073280422,false,תופסן למוצץ,,CN,תופסן למוצץ,יחידה,1.00,יחידה,false,1,17.90,17.90,true,1,
7296073281696,false,מגבוני טואלט לילד 40*3יח,שופרסל,IL,"מגבוני נ""ט לילד",יחידה,1.00,יחידה,false,1,11.90,11.90,true,1,
7296073281702,false,מגבוני נ.טואלט למבוגרים,דינמיק תעשיות מגבונים,IL,מגבוני נייר לחים,יחידה,1.00,יחידה,false,1,12.10,12.10,true,1,
7296073281863,false,שמפו לשיער מוחלק שופרסל,"א.מ.ש.י תעשיות בע""מ",IL,שמפו לשיער מוחלק,מיליליטרים,750.00,"100 מ""ל",false,1,19.90,2.65,true,1,
7296073281894,false,מרכך לשיער מוחלק 750מל,"א.מ.ש.י תעשיות בע""מ",IL,מרכך שופרסל,מיליליטרים,750.00,"100 מ""ל",false,1,19.90,2.65,true,1,
7296073283805,false,חתיכות אננס קפוא 300גרם,d.o.o Lukowa,RS,חתיכות אננס קפוא,גרמים,300.00,100 גרם,false,1,16.90,5.63,true,1,
7296073283829,false,מיקס פירות טרופי קפוא 30,d.o.o Lukowa,RS,מיקס פירות טרופי,גרמים,300.00,100 גרם,false,1,16.90,5.63,true,1,
7296073285281,false,מארז כפיות שקופות עבות,.,CN,כפיות שקופות,יחידה,1.00,יחידה,false,1,17.90,17.90,true,1,
7296073285298,false,מארז כפות שקופות עבות,.,CN,כפות שקופות,יחידה,1.00,יחידה,false,1,17.90,17.90,true,1,
7296073285397,false,נר נשמה 24 שעות יחידה,CANDLE ITBRIGHT,CN,נר נשמה 24 שעות,יחידה,1.00,יחידה,false,1,2.50,2.50,true,1,
7296073285403,false,נרות חימום בשקית 50 יח,CANDLE ITBRIGHT,CN,נרות חימום בשקית,יחידה,1.00,יחידה,false,1,11.90,11.90,true,1,
7296073285410,false,נרות חימום בשקית 100 יחי,CANDLE ITBRIGHT,CN,נרות חימום בשקית,יחידה,1.00,יחידה,false,1,21.90,21.90,true,1,
7296073285663,false,ממרח אגוז ללא שמן דקל350,SRL NUTKAO,IT,ממרח אגוזי לוז,גרמים,350.00,100 גרם,false,1,10.90,3.11,true,1,
7296073285670,false,ממרח אגוז ללא שמן דקל750,SRL NUTKAO,IT,ממרח אגוזים,גרמים,750.00,100 גרם,false,1,21.60,2.88,true,1,
7296073285953,false,אורז בסמ.מלא אורג.גרין1ק,קהמן,IN,אורז בסמטי אורגנ,קילוגרמים,1.00,"ק""ג",false,1,13.90,13.90,true,1,
7296073286011,false,אורז פרסי זיפר שופרסל1קג,ltd co produce Uthai,TH,אורז פרסי,קילוגרמים,1.00,"ק""ג",false,1,7.90,7.90,true,1,
7296073286035,false,"אורז תאילנדי זיפר 1 ק""ג",ltd co produce Uthai,TH,אורז תאילנדי,קילוגרמים,1.00,"ק""ג",false,1,6.50,6.50,true,1,
7296073286042,false,אורז יסמין זיפר שופרסל1ק,ltd co produce Uthai,TH,אורז יסמין,קילוגרמים,1.00,"ק""ג",false,1,10.90,10.90,true,1,
7296073286066,false,אורז בסמטי זיפר שופרסל1ק,SETIA LAL CHAMAN,IN,אורז בסמטי,קילוגרמים,1.00,"ק""ג",false,1,13.90,13.90,true,1,
7296073286073,false,"אורז בסמטי בצנצנת 1 ק""ג",SETIA LAL CHAMAN,IN,אורז בסמטי,קילוגרמים,1.00,"ק""ג",false,1,14.90,14.90,true,1,
7296073286349,false,שקיות אשפה חזקות L 55 יח,אשפלסט,IL,שקיות אשפה,יחידה,1.00,יחידה,false,1,19.90,19.90,true,1,
7296073286363,false,שקית ענקית לאשפה משרדית,אשפלסט,IL,שקיות אשפה,יחידה,1.00,יחידה,false,1,14.90,14.90,true,1,
7296073286394,false,שקיות אשפה חזקות L 100,אשפלסט,IL,שקיות אשפה,יחידה,1.00,יחידה,false,1,37.90,37.90,true,1,
7296073286417,false,שק.אשפה חזקות גדולות60יח,אשפלסט,IL,שקיות אשפה 60 יח,יחידה,1.00,יחידה,false,1,20.90,20.90,true,1,
7296073286493,false,צמד פטריות פורטובלה ושמפ,מרינה פטריות,IL,צמד פטריות פורטו,גרמים,420.00,100 גרם,false,1,16.90,4.02,true,1,
7296073286509,false,פטריות שמפניון יחידה,,IL,פטריות שמפניון,גרמים,220.00,100 גרם,false,1,9.90,4.50,true,1,
7296073288756,false,תירס ארוז,קטיף.,IL,תירס ארוז,קילוגרמים,0.00,"ק""ג",true,1,9.90,9.90,true,1,
7296073289739,false,שקיות צליה שופרסל 10 יח,.,TR,שקיות צליה,יחידה,1.00,יחידה,false,1,5.90,5.90,true,1,
7296073289746,false,50 מגבונים לניקוי כללי,דינמיק תעשיות מגבונים,IL,מגבונים לניקוי,יחידה,1.00,יחידה,false,1,9.90,9.90,true,1,
7296073290841,false,"נוזל קוקוס שופרסל 400מ""ל",COCONUT THAI,TH,נוזל קוקוס,מיליליטרים,400.00,"100 מ""ל",false,1,6.50,1.63,true,1,
7296073290858,false,"קרם קוקוס שופרסל 400 מ""ל",COCONUT THAI,TH,קרם קוקוס,מיליליטרים,400.00,"100 מ""ל",false,1,7.50,1.88,true,1,
7296073291084,false,עוגיות חמאה דניות 150גרם,BAKERY JACOBSENS,DK,עוגיות חמאה בפח,גרמים,150.00,100 גרם,false,1,13.90,9.27,true,1,
7296073291251,false,מיץ לימון משומר שופרסל1ל,,IL,מיץ לימון משומר,ליטרים,1.00,ליטר,false,1,8.90,8.90,true,1,
7296073291916,false,ניוקי שופרסל 500גרם,ALIMENTARI CLEMME,IT,ניוקי שופרסל,גרמים,500.00,100 גרם,false,1,11.90,2.38,true,1,
7296073291947,false,ניוקי תרד שופרסל 500גרם,ALIMENTARI CLEMME,IT,ניוקי תרד,גרמים,500.00,100 גרם,false,1,11.90,2.38,true,1,
7296073292012,false,אננס ראש שישיות שקיל,קטיף.,IL,אננס ראש,קילוגרמים,0.00,"ק""ג",true,1,29.90,29.90,true,1,
7296073292807,false,תפוח אדמה לבן גורמה,גידולי אגו,IL,"תפו""א זני השף",קילוגרמים,0.00,"ק""ג",true,1,7.90,7.90,true,1,
7296073292906,false,פירורי לחם מוזהב.זיפר350,מאפיית דוידוביץ ובניו בע,IL,פירורי לחם מוזהב,גרמים,350.00,100 גרם,false,1,7.50,2.14,true,1,
7296073292913,false,פירורי לחם לבן זיפר350גר,חטיפים מן הטבע,IL,פירורי לחם לבן,גרמים,350.00,100 גרם,false,1,7.50,2.14,true,1,
7296073293040,false,תבניות אפיה מוארכות+מכסה,,IL,תבניות אפיה+מכסה,יחידה,1.00,יחידה,false,1,14.90,14.90,true,1,
7296073293583,false,שמן קוקוס אורגני גרין330,סנקי,LK,שמן קוקוס אורגני,מיליליטרים,330.00,"100 מ""ל",false,1,29.90,9.06,true,1,
7296073293590,false,שמן קוקוס אורגני 1 ליטר,סנקי,LK,שמן קוקוס אורגני,ליטרים,1.00,ליטר,false,1,69.90,69.90,true,1,
7296073293729,false,מיץ תפוחים אורגני גרין1ל,אקילאה,IT,מיץ תפוחים,ליטרים,1.00,ליטר,false,1,18.90,18.90,true,1,
7296073294139,false,בזיליקום יחידה,,IL,בזיליקום,יחידה,1.00,יחידה,false,1,7.90,7.90,true,1,
7296073294214,false,פטרוזיליה יחידה,,IL,פטרוזליה,יחידה,1.00,יחידה,false,1,5.90,5.90,true,1,
7296073294221,false,כוסברה יחידה,,IL,כוסברה,יחידה,1.00,יחידה,false,1,5.90,5.90,true,1,
7296073294238,false,שמיר יחידה,קטיף,IL,שמיר,יחידה,1.00,יחידה,false,1,5.90,5.90,true,1,
7296073294245,false,נענע יחידה,,IL,נענע,יחידה,1.00,יחידה,false,1,5.90,5.90,true,1,
7296073294788,false,פירורי לחם ללא גלוטן250ג,אשבל מזון פונקציונלי בע\,IL,פירורי לחם,גרמים,250.00,100 גרם,false,1,16.90,6.76,true,1,
7296073294832,false,תערוב.פנקייק לא גלוטן400,אשבול,IL,תערובת לפנקייק,גרמים,400.00,100 גרם,false,1,17.50,4.38,true,1,
7296073295655,false,"שוק.חלב ללת""ס שופרסל100ג",,IT,"שוקולד חלב ללת""ס",גרמים,100.00,100 גרם,false,1,6.90,6.90,true,1,
7296073295662,false,"שוק.מריר ללת""ס שופרסל100",,IT,שוקולד מריר ללתס,גרמים,100.00,100 גרם,false,1,6.90,6.90,true,1,
7296073295679,false,"שוק.אגוז ללת""ס שופרסל100",,IT,שוקולד אגוז ללתס,גרמים,100.00,100 גרם,false,1,7.90,7.90,true,1,
7296073296751,false,שמרים יבשים בוואקום 125ג,,TR,שמרים יבשים,גרמים,125.00,100 גרם,false,1,4.50,3.60,true,1,
7296073298014,false,חטיפוני גזר 130גרם,,IL,חטיפוני גזר,גרמים,130.00,100 גרם,false,1,6.90,5.31,true,1,
7296073298021,false,חטיפוני גזר 350גרם,,IL,חטיפוני גזר,גרמים,350.00,100 גרם,false,1,12.90,3.69,true,1,
7296073319801,false,עגב.מרוסק אורגני גרין690,פרוטאגל,IT,עגבניות מרוסקות,גרמים,690.00,100 גרם,false,1,12.90,1.87,true,1,
7296073320050,false,חסה רומית הידרופונית,יגור חקלאות ועסקים,IL,חסה רומית,גרמים,160.00,100 גרם,false,1,9.90,6.19,true,1,
7296073320081,false,"תפו""א למיקרו",,IL,"תפו""א למירקו",גרמים,700.00,100 גרם,false,1,6.90,0.99,true,1,
7296073320289,false,אלסבון סילקי ארט 500*3מל,אקסן קוסמטיק,TR,אלסבון שופרסל3יח,ליטרים,1.50,ליטר,false,1,10.90,7.27,true,1,
7296073320388,false,עלי בייבי 120גרם,,IL,עלי בייבי 120גרם,גרמים,120.00,100 גרם,false,1,10.90,9.08,true,1,
7296073320395,false,עלי תרד בייבי 200גרם,,IL,עלי תרד בייבי,גרמים,200.00,100 גרם,false,1,8.90,4.45,true,1,
7296073320401,false,לקט בסגנון איטלקי 300גרם,"פרסקו חצבה 2006 בע""\מ",IL,לקט סגנון איטלקי,גרמים,300.00,100 גרם,false,1,11.90,3.97,true,1,
7296073321200,false,אבקת אפיה שופרסל 10*10גר,א.ל ייצור ושיווק תבלינים,IL,אבקת אפיה 10 יח,גרמים,100.00,100 גרם,false,1,3.30,3.30,true,1,
7296073321217,false,סוכר וניל שופרסל 10*10 ג,א.ל ייצור ושיווק תבלינים,IL,סוכר וניל 10 יח,גרמים,100.00,100 גרם,false,1,3.40,3.40,true,1,
7296073321231,false,אבקת סוכר שופרסל 100 גרם,א.ל ייצור ושיווק תבלינים,IL,אבקת סוכר שופרסל,גרמים,100.00,100 גרם,false,1,2.50,2.50,true,1,
7296073321446,false,סבון כחול לאסלה 50*3 גרם,קומפלקס כימיקלים בעמ,IL,3סבון כחול לאסלה,גרמים,150.00,100 גרם,false,1,12.90,8.60,true,1,
7296073322450,false,לזניה 4גבינות ברוטב300ג,פסטה נונה,IL,לזניה 4גבינות,גרמים,300.00,100 גרם,false,1,17.90,5.97,true,1,
7296073322979,false,בוטנים מצופים קלויים50ג,ששון ושות'\ )ש.ת. תעשיות,IL,בוטנים אמריקאים,גרמים,50.00,100 גרם,false,1,2.50,5.00,true,1,
7296073323006,false,תה שחור שופרסל1.5*100 גר,עדנים,IL,תה שחור 100 שק.,גרמים,150.00,100 גרם,false,1,9.90,6.60,true,1,
7296073323013,false,תה ארל גריי שופרסל25 שק,עדנים,IL,תה ארל גריי,גרמים,37.00,100 גרם,false,1,8.90,24.05,true,1,
7296073323020,false,תה ירוק יסמין שופרסל25שק,עדנים,IL,תה ירוק יסמין,גרמים,37.00,100 גרם,false,1,10.90,29.46,true,1,
7296073323037,false,תה ירוק נענע 37.5 גרם,עדנים,IL,תה ירוק נענע,גרמים,37.00,100 גרם,false,1,10.90,29.46,true,1,
7296073323129,false,שעועית לבן אורג.גרין400ג,,IT,שעועית לבנה,גרמים,400.00,100 גרם,false,1,8.90,2.23,true,1,
7296073323143,false,חסה סלנובה הידרופונית,יגור חקלאות ועסקים,IL,חסה סלנובה,גרמים,160.00,100 גרם,false,1,12.90,8.06,true,1,
7296073323211,false,שקדים מולבנים טחונים100ג,ששון ושות)ש.ת תעשיות(,US,שקדים מולבנים,גרמים,100.00,100 גרם,false,1,13.90,13.90,true,1,
7296073323228,false,שקדים מולבנים גרוסים100ג,,US,שקד מולבן גרוס,גרמים,100.00,100 גרם,false,1,13.90,13.90,true,1,
7296073323235,false,בוטנים גרוסים 100 גרם,,IL,בוטנים גרוסים,גרמים,100.00,100 גרם,false,1,5.90,5.90,true,1,
7296073323242,false,אגוזי מלך טחונים 100גרם,ששון ושות)ש.ת תעשיות(,IL,אגוז מלך 100גרם,גרמים,100.00,100 גרם,false,1,12.90,12.90,true,1,
7296073323259,false,פיסטוקים קלופים 100גרם,,US,פיסטוק קלוף 100ג,גרמים,100.00,100 גרם,false,1,22.90,22.90,true,1,
7296073323587,false,עגבניה שרי וויטני יחידה,עידו נחום,IL,שרי וויטני,גרמים,460.00,100 גרם,false,1,10.90,2.37,true,1,
7296073323594,false,נייר אפייה אקולוגי 40 יח,,IL,נייר אפייה 40 יח,יחידה,1.00,יחידה,false,1,12.90,12.90,true,1,
7296073323631,false,פריפלצת מחית מנגו בננ120,גו פרוסלבה,ES,מחית פירות,גרמים,120.00,100 גרם,false,1,4.90,4.08,true,1,
7296073323648,false,פריפלצת מחית בננ.תות120ג,גו פרוסלבה,ES,מחית פירות,גרמים,120.00,100 גרם,false,1,4.90,4.08,true,1,
7296073323655,false,פריפלצת מחית תפוח בננ120,גו פרוסלבה,ES,מחית פירות,גרמים,120.00,100 גרם,false,1,4.90,4.08,true,1,
7296073323662,false,פריפלצת מיקס פירות120ג,גו פרוסלבה,ES,מחית פירות,גרמים,120.00,100 גרם,false,1,4.90,4.08,true,1,
7296073323679,false,פריפלצת מחית אגס 120ג,גו פרוסלבה,ES,מחית פירות,גרמים,120.00,100 גרם,false,1,4.90,4.08,true,1,
7296073323693,false,פריפלצת מחית תפוח 120 גר,גו פרוסלבה,ES,מחית פירות,גרמים,120.00,100 גרם,false,1,4.90,4.08,true,1,
7296073323877,false,לחמניות מקמח מלא 6יחידות,מאפית ברמן,IL,6לחמניות קמח מלא,גרמים,450.00,100 גרם,false,1,12.90,2.87,true,1,
7296073324027,false,מנצ'ס פיקנטי 200 גרם,FOODS HARVEST DEZHOU,CN,מנצ'ס פיקנטי,גרמים,200.00,100 גרם,false,1,11.90,5.95,true,1,
7296073324690,false,מיץ אשכול.אדום אורגני1ל,גניר,IL,מיץ אשכוליות,ליטרים,0.00,ליטר,false,1,18.90,18.90,true,1,
7296073324850,false,צמד פטריות פורטובלה,,IL,פטריות פורטובלו,גרמים,420.00,100 גרם,false,1,16.90,4.02,true,1,
7296073324867,false,פטריות סטייק פורטובלה,,IL,פ.סטייק פורטובלה,גרמים,320.00,100 גרם,false,1,16.90,5.28,true,1,
7296073325239,false,רדיד אלומיניום 16 מיקרון,,CN,רדיד אלומיניום,מטרים,60.00,מטר,false,1,29.00,0.48,true,1,
7296073326748,false,גרעין אבטיח קלוי במלח200,,IL,גרעין אבטיח קלוי,גרמים,200.00,100 גרם,false,1,14.90,7.45,true,1,
7296073328902,false,תמר מג'הול יבש 400גרם,,IL,תמר מגהול יבש,גרמים,400.00,100 גרם,false,1,13.90,3.48,true,1,
7296073341444,false,חומץ תפוחים אורגני מלא5%,,ES,חומץ תפוחים,מיליליטרים,750.00,"100 מ""ל",false,1,19.90,2.65,true,1,
7296073341697,false,ממחטות אף לכיס 10 יחידות,שניב תעשיות נייר,IT,ממחטות אף לכיס,יחידה,1.00,יחידה,false,1,8.90,8.90,true,1,
7296073342328,false,שקדים מולבנים פרוסים100ג,,US,שקד מולבן פרוס,גרמים,100.00,100 גרם,false,1,13.90,13.90,true,1,
7296073342335,false,שקדים מולבנים חצויים100ג,,US,שקדים מולבן חצוי,גרמים,100.00,100 גרם,false,1,13.90,13.90,true,1,
7296073342496,false,דלעת ארוזה,קטיף.,IL,דלעת ארוזה,קילוגרמים,0.00,"ק""ג",true,1,10.90,10.90,true,1,
7296073342915,false,פרושוטו בקר 80 גרם,מעדני יחיעם,IL,פרושוטו 80גרם,גרמים,80.00,100 גרם,false,1,18.90,23.63,true,1,
7296073342939,false,סלמי צרפתי 120גרם,מעדני יחיעם,IL,סלמי צרפתי120גרם,גרמים,120.00,100 גרם,false,1,16.90,14.08,true,1,
7296073342946,false,סלמי סרוולט 120גרם,מעדני יחיעם,IL,סלמי סרוולט,גרמים,120.00,100 גרם,false,1,16.90,14.08,true,1,
7296073342953,false,כתף בקר מפולפל 100 גרם,מעדני יחיעם,IL,כתף בקר 100גרם,גרמים,100.00,100 גרם,false,1,18.90,18.90,true,1,
7296073342960,false,מינוט שניצל עוף דק דק,בלדי,IL,מינוט שניצל עוף,גרמים,300.00,100 גרם,false,1,21.90,7.30,true,1,
7296073343202,false,פריכיות כוסמת שופרסל160ג,פרח תעשיות מזון,IL,פריכיות כוסמת,גרמים,160.00,100 גרם,false,1,9.90,6.19,true,1,
7296073343219,false,פריכיות אורז מלא 310 גרם,פרח תעשיות מזון,IL,פריכיות שופרסל,גרמים,310.00,100 גרם,false,1,16.90,5.45,true,1,
7296073343653,false,"מסיר לק קלאסי 175 מ""ל BE",,TR,מסיר לק קלאסי,מיליליטרים,175.00,"100 מ""ל",false,1,7.90,4.51,true,1,
7296073343660,false,Be מסיר לק לא אציטון175מ,,TR,מסיר לק ללא אציט,מיליליטרים,175.00,"100 מ""ל",false,1,10.90,6.23,true,1,
7296073344469,false,שבבי שוקולד מריר 250 גרם,מיה,IL,שבבי שוקולד,גרמים,250.00,100 גרם,false,1,10.90,4.36,true,1,
7296073344742,false,ספגטי בולונז שופרסל 500,סי.אי.פי מבוא חורון,IL,ספגטי בולונז,גרמים,500.00,100 גרם,false,1,37.90,7.58,true,1,
7296073345091,false,ג'בטות ללא גלוטן 120*3 ג,גידרון,IL,ג'בטה ל.גלוטן3יח,גרמים,360.00,100 גרם,false,1,17.90,4.97,true,1,
7296073345107,false,לחמניות המבורגר ל.ג90*4ג,גידרון,IL,לחמניות המבורגר,גרמים,360.00,100 גרם,false,1,15.90,4.42,true,1,
7296073345206,false,מבריק הפלא 3 יחידות,אלבגינו,PL,מבריק הפלא,יחידה,1.00,יחידה,false,1,10.90,10.90,true,1,
7296073345299,false,משחת שיניים מלבינה 100מל,,BG,משחת שיניים,מיליליטרים,100.00,"100 מ""ל",false,1,10.90,10.90,true,1,
7296073345305,false,משחת שיניים פרופ+הרבל100,,BG,משחת שיניים הרבל,מיליליטרים,100.00,"100 מ""ל",false,1,8.90,8.90,true,1,
7296073345381,false,מברשות שיניים 3 יחידות,,TR,מברשות שיניים3יח,יחידה,1.00,יחידה,false,1,13.90,13.90,true,1,
7296073345459,false,קיסמים עם חוט בשקית50יח,,CN,קיסמים עם חוט,יחידה,1.00,יחידה,false,1,9.90,9.90,true,1,
7296073345480,false,חוט דנטלי שעווה מנטה 50מ,,CN,חוט דנטלי מנטה,מטרים,50.00,מטר,false,1,8.90,0.18,true,1,
7296073345732,false,טופו אורגני גרין 300 גרם,כפרי בריא משק ויילר,IL,טופו אורגני,גרמים,300.00,100 גרם,false,1,13.90,4.63,true,1,
7296073345749,false,טופו רך גרין 300 גרם,כפרי בריא משק ויילר,IL,טופו רך,גרמים,300.00,100 גרם,false,1,12.50,4.17,true,1,
7296073345763,false,טופו טעם טבעי 300 גרם,כפרי בריא משק ויילר,IL,טופו טעם טבעי,גרמים,300.00,100 גרם,false,1,12.50,4.17,true,1,
7296073345800,false,בייגלה שטוח עם מלח 200 ג,,IL,בייגלה שטוח,גרמים,200.00,100 גרם,false,1,4.90,2.45,true,1,
7296073345817,false,בייגלה שטוח שומשום 200גר,,IL,בייגלה שטוח,גרמים,200.00,100 גרם,false,1,4.90,2.45,true,1,
7296073345985,false,רול און דוחה יתושים 70מל,,IL,רול און ד.יתושים,מיליליטרים,70.00,"100 מ""ל",false,1,14.90,21.29,true,1,
7296073346333,false,עוגות אישיות קרם חלב350ג,קסליני,IT,עוגות אישיות,גרמים,350.00,100 גרם,false,1,14.90,4.26,true,1,
7296073346340,false,עוגות אישיות קרם שוקו350,קסליני,IT,עוגות אישיות,גרמים,350.00,100 גרם,false,1,14.90,4.26,true,1,
7296073347453,false,פטרוזליה יחידה,תנובות לכיש,IL,פטרוזליה,יחידה,1.00,יחידה,false,1,4.90,4.90,true,1,
7296073347460,false,שמיר יחידה,תנובות לכיש,IL,שמיר,יחידה,1.00,יחידה,false,1,4.90,4.90,true,1,
7296073347477,false,כוסברה,תנובות לכיש,IL,כוסברה,יחידה,1.00,יחידה,false,1,4.90,4.90,true,1,
7296073347484,false,נענע,תנובות לכיש,IL,נענע,יחידה,1.00,יחידה,false,1,4.90,4.90,true,1,
7296073348023,false,שבבי שקדים מולבנים 100ג,,US,שבבי שקד מולבן,גרמים,100.00,100 גרם,false,1,13.90,13.90,true,1,
7296073348221,false,מטהר אויר נטול גז 350מל,,IL,מטהר אויר נ.גז,מיליליטרים,350.00,"100 מ""ל",false,1,11.90,3.40,true,1,
7296073348238,false,מטהר אויר נטול גז לבנדר,,IL,מטהר אויר נ.גז,מיליליטרים,350.00,"100 מ""ל",false,1,11.90,3.40,true,1,
7296073348955,false,ספגטי אמר אורגני 500 גרם,,IT,ספגטי אמר אורגני,גרמים,500.00,100 גרם,false,1,12.90,2.58,true,1,
7296073348979,false,פסטה אמר פוזילי גרין500ג,,IT,פוזילי אורגני,גרמים,500.00,100 גרם,false,1,12.90,2.58,true,1,
7296073348993,false,פליני חיטה מלאה 500 גרם,,IT,פליני מלא אורגני,גרמים,500.00,100 גרם,false,1,10.90,2.18,true,1,
7296073349396,false,דובדבנים חמוצים סירופ680,,HU,דובדבנים חמוצים,גרמים,680.00,100 גרם,false,1,12.90,1.90,true,1,
7296073352136,false,פתיתים חומוס ל.גלוטן250ג,,IT,פתיתים חומוס,גרמים,250.00,100 גרם,false,1,12.90,5.16,true,1,
7296073352150,false,פנה עדשים אדומות 250ג,,IT,פנה עדשים אדומות,גרמים,250.00,100 גרם,false,1,12.90,5.16,true,1,
7296073352167,false,פוזילי אפונה גרין 250גר,,IT,פוזילי אפונה ללג,גרמים,250.00,100 גרם,false,1,12.90,5.16,true,1,
7296073359234,false,גרעיני תירס מתוק 340 גרם,,HU,גרעיני תירס מתוק,גרמים,340.00,100 גרם,false,1,5.90,1.74,true,1,
7296073359265,false,28 תחבושות לנערות נורמל,,DE,תחבושות לנערות,יחידה,1.00,יחידה,false,1,13.50,13.50,true,1,
7296073359838,false,עוגיות מקלות מרוקאיות500,גידרון,IL,עוגיות מרוקאיות,גרמים,500.00,100 גרם,false,1,16.90,3.38,true,1,
7296073359876,false,עוג.פרפריות ט.שוקולד500ג,,IL,עוגיות פרפריות,גרמים,500.00,100 גרם,false,1,16.90,3.38,true,1,
7296073359906,false,עוג.כתר ריבה טעם תות500ג,,IL,עוגיות ריבה,גרמים,500.00,100 גרם,false,1,16.90,3.38,true,1,
7296073359920,false,עוגיות שוקוצ'יפס 500 גרם,,IL,עוגיות שוקוצ'יפס,גרמים,500.00,100 גרם,false,1,16.90,3.38,true,1,
7296073359937,false,עוגיות מעמול תמרים 500גר,,IL,עוגיות מעמול תמר,גרמים,500.00,100 גרם,false,1,16.90,3.38,true,1,
7296073361459,false,6 מברשות שיניים רולי,רולי,IT,מברשת שיניים רול,יחידה,1.00,יחידה,false,1,11.90,11.90,true,1,
7296073361671,false,רוטב ברביקיו 510 גרם,,US,רוטב ברביקיו,גרמים,510.00,100 גרם,false,1,12.90,2.53,true,1,
7296073361695,false,רוטב ברביקיו עם דבש510גר,,US,רוטב ברביקיו,גרמים,510.00,100 גרם,false,1,12.90,2.53,true,1,
7296073361701,false,רוטב ברביקיו ט.מעושן510ג,,US,רוטב ברביקיו,גרמים,510.00,100 גרם,false,1,12.90,2.53,true,1,
7296073361916,false,אגס ישראלי ארוז,קטיף.,IL,אגס ישראלי ארוז,קילוגרמים,0.00,"ק""ג",true,1,8.90,8.90,true,1,
7296073362036,false,אבקת שוקו מפרץ ההרפתקאות,,IL,אבקת שוקו,גרמים,500.00,100 גרם,false,1,11.80,2.36,true,1,
7296073362647,false,אקונומיקה סמיכה שופרסל4ל,קומפלקס כימיקלים,IL,אקונומיקה סמיכה,ליטרים,4.00,ליטר,false,1,14.90,3.73,true,1,
7296073362722,false,תבשיל אורז עם עדשים550ג,,IL,מג'דרה 550 גרם,גרמים,550.00,100 גרם,false,1,23.90,4.34,true,1,
7296073362746,false,חמאת בוטנים שב.בוטנים510,יונייטד פודס,IN,חמאת בוטנים,גרמים,510.00,100 גרם,false,1,14.90,2.92,true,1,
7296073362777,false,סלרי עלים,תנובות לכיש,IL,סלרי עלים,יחידה,1.00,יחידה,false,1,6.90,6.90,true,1,
7296073362784,false,סלרי ראש,תנובות לכיש,IL,סלרי ראש,יחידה,1.00,יחידה,false,1,6.90,6.90,true,1,
7296073362791,false,שורש פטרוזיליה,תנובות לכיש,IL,שורש פטרוזיליה,יחידה,1.00,יחידה,false,1,6.90,6.90,true,1,
7296073362807,false,פזיל / מנגולד יחידה,תנובות לכיש,IL,פזיל / מנגולד,יחידה,1.00,יחידה,false,1,6.90,6.90,true,1,
7296073362821,false,סב.ידיים בצבעי פסטל500*3,טאהא קימיה,TR,סבון ידיים 3 יח,ליטרים,1.50,ליטר,false,1,14.90,9.93,true,1,
7296073362890,false,בייבי גאודה 31% 280 גרם,הנרי ויליך,NL,בייבי גאודה,גרמים,280.00,100 גרם,false,1,33.90,12.11,true,1,
7296073362944,false,אבקת אפיה שופרסל 10*10 י,,IL,אבקת אפיה 10 יח,גרמים,100.00,100 גרם,false,1,3.30,3.30,true,1,
7296073362951,false,סוכר וניל שופרסל 10*10גר,ר.ס-.חברה ליבוא וייצור מ,IL,סוכר וניל 10 יח,גרמים,100.00,100 גרם,false,1,3.40,3.40,true,1,
7296073362975,false,אבקת סוכר שופרסל 100 גרם,ר.ס-.חברה ליבוא וייצור מ,IL,אבקת סוכר,גרמים,100.00,100 גרם,false,1,2.50,2.50,true,1,
7296073363996,false,"סכיני גילוח חד""פ לגבר5יח",,US,"סכיני גילוח חד""פ",יחידה,1.00,יחידה,false,1,11.90,11.90,true,1,
7296073364177,false,"שקיות זיפר 20*20 ס""מ",,CN,שקיות זיפר 50יח,יחידה,1.00,יחידה,false,1,10.90,10.90,true,1,
7296073364184,false,"שקיות סלייד 25*20 ס""מ 30",,CN,שקיות סלייד,יחידה,1.00,יחידה,false,1,13.90,13.90,true,1,
7296073364351,false,חומוס גדול זיפר 500 גרם,,IL,חומוס גדול,גרמים,500.00,100 גרם,false,1,7.50,1.50,true,1,
7296073364375,false,חיטה זיפר שופרסל 500 גרם,מיה,IL,חיטה,גרמים,500.00,100 גרם,false,1,6.00,1.20,true,1,
7296073364436,false,שעועית לבנה זיפר 900 גרם,,IL,שעועית לבנה,גרמים,900.00,100 גרם,false,1,15.50,1.72,true,1,
7296073364467,false,שעועית מעורבת זיפר 500גר,,IL,שעועית מעורבת,גרמים,500.00,100 גרם,false,1,14.80,2.96,true,1,
7296073364511,false,"חיטה זיפר שופרסל 1 ק""ג",מיה,IL,חיטה,קילוגרמים,1.00,"ק""ג",false,1,8.80,8.80,true,1,
7296073364542,false,"אורז לבן עגול זיפר 1 ק""ג",,IL,אורז לבן עגול,קילוגרמים,1.00,"ק""ג",false,1,8.40,8.40,true,1,
7296073364719,false,משחת שיניים לילדים גיל 6,MENUFACLURER,BG,משחת שיניים לילד,מיליליטרים,50.00,"100 מ""ל",false,1,9.90,19.80,true,1,
7296073365099,false,"כוס גדולה לאירוח 330 מ""ל",,CN,כוסות גדולות,יחידה,1.00,יחידה,false,1,17.90,17.90,true,1,
7296073365747,false,מאגדת מצופים שוקולד 8 יח,גלידות פלדמן,IL,מאגדת מצופים שוק,גרמים,560.00,100 גרם,false,1,18.90,3.37,true,1,
7296073365938,false,קמח טפיוקה498 גרם,,IL,קמח טפיוקה,גרמים,498.00,100 גרם,false,1,11.90,2.39,true,1,
7296073366898,false,גבינת קממבר 200 גרם,,FR,גבינת קמבבר,גרמים,200.00,100 גרם,false,1,22.90,11.45,true,1,
7296073367246,false,חטיף לכלב כוכבי ברווז 80,,CN,חטיף לכלב,גרמים,80.00,100 גרם,false,1,17.90,22.38,true,1,
7296073367321,false,חטיף לחתול נגיסי סלמון,,CN,חטיף לחתול,גרמים,50.00,100 גרם,false,1,10.90,21.80,true,1,
7296073368212,false,טחינה אורגנית גרין 500 ג,,IL,טחינה אורגנית,גרמים,500.00,100 גרם,false,1,10.00,2.00,true,1,
7296073368465,false,פיצה מרגריטה 320 גרם,סוילה אס.אר.אל,IT,פיצה מרגריטה,יחידה,1.00,יחידה,false,1,17.90,17.90,true,1,
7296073368502,false,אורז בסמטי בסגנון בוכרי,,IL,אורז בסמטי מתובל,גרמים,400.00,100 גרם,false,1,12.90,3.23,true,1,
7296073368526,false,אורז בסמטי בסגנון מג'דרה,,IL,אורז בסמטי מתובל,גרמים,400.00,100 גרם,false,1,12.90,3.23,true,1,
7296073368557,false,ממרח עגבניות עם פרמזן190,,IT,ממרח עגבניות,גרמים,190.00,100 גרם,false,1,12.90,6.79,true,1,
7296073368830,false,טורטיות מקמח חיטה 320 גר,,RS,טורטייה,גרמים,320.00,100 גרם,false,1,9.90,3.09,true,1,
7296073368861,false,קוואקר דק מהיר הכנה500ג,,IL,קוואקר דק,גרמים,500.00,100 גרם,false,1,8.90,1.78,true,1,
7296073368878,false,קוואקר עבה 500 גרם,,IL,קוואקר עבה,גרמים,500.00,100 גרם,false,1,8.90,1.78,true,1,
7296073369035,false,קבוקים בציפוי שומשום400ג,,IL,קבוקים שומשום,גרמים,400.00,100 גרם,false,1,11.90,2.98,true,1,
7296073369585,false,תרסיס חיטוי למטבח750מל,,IL,תרסיס למטבח,מיליליטרים,750.00,"100 מ""ל",false,1,14.90,1.99,true,1,
7296073369592,false,תרסיס חיטוי וניקוי 750מל,,IL,תרסיס חיטוי כללי,מיליליטרים,750.00,"100 מ""ל",false,1,14.90,1.99,true,1,
7296073369608,false,תרסיס חיטוי אמבט750מל,,IL,תרסיס לאמבט,מיליליטרים,750.00,"100 מ""ל",false,1,14.90,1.99,true,1,
7296073369622,false,"תרסיס חיטוי כללי 400 מ""ל",,IL,תרסיס חיטוי כללי,מיליליטרים,400.00,"100 מ""ל",false,1,22.90,5.73,true,1,
7296073369639,false,ערמונים קלופים קלויים100,,CN,ערמונים קלופים,גרמים,100.00,100 גרם,false,1,6.90,6.90,true,1,
7296073372271,false,שמנת לבישול נ.לקטוז250מל,,IL,שמנת לבישול15%,מיליליטרים,250.00,"100 מ""ל",false,1,7.90,3.16,true,1,
7296073372288,false,שמנת להקצפה נ.לקטוז 250מ,,IL,שמנת להקצפה38%,מיליליטרים,250.00,"100 מ""ל",false,1,7.90,3.16,true,1,
7296073372486,false,משקה אורז שקדים אורגני1ל,ליקואטס וגטאלס,ES,משקה אורז שקדים,ליטרים,1.00,ליטר,false,1,12.90,12.90,true,1,
7296073372516,false,"משקה סויה אורגני ללת""ס1ל",ליקואטס וגטאלס,ES,משקה סויה אורגני,ליטרים,1.00,ליטר,false,1,12.90,12.90,true,1,
7296073372523,false,משקה שקדים אורגני 1 ליטר,ליקואטס וגטאלס,ES,משקה שקדים,ליטרים,1.00,ליטר,false,1,12.90,12.90,true,1,
7296073372530,false,"משקה שקדים ללת""ס 1 ליטר",ליקואטס וגטאלס,ES,"משקה שקדים ללת""ס",ליטרים,1.00,ליטר,false,1,12.90,12.90,true,1,
7296073372547,false,משקה ש.שועל שקדים 1 ליטר,ליקואטס וגטאלס,ES,משקה שיבולת שועל,ליטרים,1.00,ליטר,false,1,12.90,12.90,true,1,
7296073372554,false,משקה ש.שועל אורגני 1ליטר,ליקואטס וגטאלס,ES,משקה שיבולת שועל,ליטרים,1.00,ליטר,false,1,12.90,12.90,true,1,
7296073373421,false,קצף אקונומיקה 1 ליטר,קומפלקס כימיקלים,IL,קצף אקונומיקה,ליטרים,1.00,ליטר,false,1,10.00,10.00,true,1,
7296073373476,false,ברוקולי ארוז,,IL,ברוקולי ארוז,גרמים,350.00,100 גרם,false,1,10.90,3.11,true,1,
7296073375623,false,מברשת לבקבוק נצמדת,LUV.N`CARE,CN,מברשת לבקבוק,יחידה,1.00,יחידה,false,1,25.90,25.90,true,1,
7296073376231,false,קערה עם מכסה מודפס 4 יחי,LUV.N`CARE,CN,קערה עם מכסה,יחידה,1.00,יחידה,false,1,29.90,29.90,true,1,
7296073377214,false,חסה לבבות קיסר,ביכורי השדה הצפון בעמ` 1964,IL,חסה לבבות קיסר,גרמים,400.00,100 גרם,false,1,10.90,2.73,true,1,
7296073377269,false,פולי סויה אדממה 454 גרם,,CN,פולי סויה אדממה,גרמים,454.00,100 גרם,false,1,12.90,2.84,true,1,
7296073379263,false,מרכך מרוכז DIVING DEEP,,IL,מרכך מרוכז ספא,ליטרים,1.00,ליטר,false,1,12.90,12.90,true,1,
7296073379331,false,רוטב לסלט ויניגרט חרדל,"פרסקו חצבה 2006 בע""\מ",IL,ויניגרט חרדל,גרמים,280.00,100 גרם,false,1,12.90,4.61,true,1,
7296073379348,false,רוטב לסלט ויניגרט הדרים,"פרסקו חצבה 2006 בע""\מ",IL,רוטב לסלט הדרים,גרמים,300.00,100 גרם,false,1,12.90,4.30,true,1,
7296073379379,false,רוטב לסלט לימונענע,"פרסקו חצבה 2006 בע""\מ",IL,רוטב לימונענע,גרמים,280.00,100 גרם,false,1,12.90,4.61,true,1,
7296073379560,false,אטריות שעועית ל.גלוטן250,,CN,אטריות שעועית,גרמים,250.00,100 גרם,false,1,8.90,3.56,true,1,
7296073380153,false,עגבניות שרי מנומר יחידה,עידו נחום,IL,שרי מנומר,גרמים,460.00,100 גרם,false,1,10.90,2.37,true,1,
7296073380870,false,דאו גברCookie Night 150,סאסא קוסמטיקס,,דאו לגבר,יחידה,1.00,יחידה,false,0,10.00,10.00,true,1,
7296073380887,false,דאו לגבר Boy Beach 150,סאסא קוסמטיקס,,דאו לגבר,יחידה,1.00,יחידה,false,0,10.00,10.00,true,1,
7296073380894,false,דאו לגבר Vib Morning 150,סאסא קוסמטיקס,,דאו לגבר,יחידה,1.00,יחידה,false,0,10.00,10.00,true,1,
7296073380917,false,רצועות שעווה לפנים 12 יח,VIOCOX,ES,רצועות שעווה,יחידה,1.00,יחידה,false,1,21.90,21.90,true,1,
7296073380931,false,ג'ל אלכוהול 70%בניחוח ים,,TR,ג'ל אלכוהול 70%ב,מיליליטרים,500.00,"100 מ""ל",false,1,14.90,2.98,true,1,
7296073381709,false,גרעיני דלעת אורגניים300ג,,IL,גרעיני דלעת,גרמים,300.00,100 גרם,false,1,15.90,5.30,true,1,
7296073381747,false,עדשים שחורות אורגניות500,,IL,עדשים שחורות,גרמים,500.00,100 גרם,false,1,15.90,3.18,true,1,
7296073382416,false,שוקולד מריר 90% 100 גרם,"שוקולד פריי בע""מ",CH,שוקולד מריר 90%,גרמים,100.00,100 גרם,false,1,10.90,10.90,true,1,
7296073383628,false,תה ירוק עם מאצ''ה 37.5 ג,,IL,תה ירוק עם מאצ'ה,גרמים,37.00,100 גרם,false,1,10.90,29.46,true,1,
7296073383642,false,חליטת כורכום וג'ינג'ר 50,,IL,חליטת כורכום,גרמים,50.00,100 גרם,false,1,10.90,21.80,true,1,
7296073384434,false,קציצות סג.גפילטע פיש350ג,,IL,קציצות עם דגים,גרמים,350.00,100 גרם,false,1,14.90,4.26,true,1,
7296073384786,false,פריפלצת גזר בטטה 120 גרם,פרוסלה,ES,פריפלצת גזר בטטה,גרמים,120.00,100 גרם,false,1,4.90,4.08,true,1,
7296073384793,false,פריפלצת דלעת בטטה 120ג,פרוסלה,ES,פריפלצת דלעת,גרמים,120.00,100 גרם,false,1,4.90,4.08,true,1,
7296073385752,false,קשיו קלויים ומומלח200ג,פיצוחי ציון,IL,קשיו קלוי ומומלח,גרמים,200.00,100 גרם,false,1,23.90,11.95,true,1,
7296073385981,false,גרעין אבטיח קלוי במלח200,פיצוחי ציון,IL,גרעין אבטיח,גרמים,200.00,100 גרם,false,1,14.90,7.45,true,1,
7296073386018,false,אגוזי מלך קלוף טבעי 150ג,פיצוחי ציון,US,אגוזי מלך טבעי,גרמים,150.00,100 גרם,false,1,13.90,9.27,true,1,
7296073386087,false,שקדים קלופים 200 גרם,פיצוחי ציון,IL,שקדים קלופים,גרמים,200.00,100 גרם,false,1,18.90,9.45,true,1,
7296073386094,false,שקד קלוף קלוי וממולח200ג,פיצוחי ציון,IL,שקד קלוף קלוי,גרמים,200.00,100 גרם,false,1,18.90,9.45,true,1,
7296073386117,false,טבעות תפוח עץ יבש 150גרם,פיצוחי ציון,IL,"טבעות תפו""ע יבש",גרמים,150.00,100 גרם,false,1,15.90,10.60,true,1,
7296073386131,false,אגוזי קשיו קלופים טבעיים,פיצוחי ציון,IL,אגוזי קשיו טבעי,גרמים,200.00,100 גרם,false,1,23.90,11.95,true,1,
7296073386209,false,שקד בקליפה קלוי 200גרם,פיצוחי ציון,IL,שקד בקליפה קלוי,גרמים,200.00,100 גרם,false,1,15.90,7.95,true,1,
7296073386247,false,עלי גפן ממולא.אורז 400 ג,אגה אזיר איסק סאניי,TR,עלי גפן ממולאים,גרמים,400.00,100 גרם,false,1,8.70,2.18,true,1,
7296073386414,false,נוזל לניקוי חלונות 1ליטר,,IL,נוזל לחלונות,ליטרים,1.00,ליטר,false,1,8.90,8.90,true,1,
7296073387299,false,פלפל ננסי פיקנטי 670 גרם,,TR,פלפל ננסי פיקנטי,גרמים,670.00,100 גרם,false,1,12.90,1.93,true,1,
7296073387404,false,בצק עוגיות טריפל שוקולד,FOODS BAXTERS,AU,בצק עוגיות טריפל,גרמים,300.00,100 גרם,false,1,16.90,5.63,true,1,
7296073388531,false,ביצי הפתעה 20*3ג LOL,,IT,ביצי הפתעה LOL,גרמים,60.00,100 גרם,false,1,13.90,23.17,true,1,
7296073388548,false,ביצי הפתעה PJMASK 20*3ג,,IT,ביצי הפתעה PJ,גרמים,60.00,100 גרם,false,1,13.90,23.17,true,1,
7296073388722,false,שמפו ש.רגיל ביוטין700מל,,TR,שמפו לשיער רגיל,מיליליטרים,700.00,"100 מ""ל",false,1,10.90,1.56,true,1,
7296073388821,false,שוק.חלב ממולא ק.קרמל100ג,,CH,שוקולד חלב ממולא,גרמים,100.00,100 גרם,false,1,10.90,10.90,true,1,
7296073388845,false,שוק.מריר+קרם פירות100ג,"שוקולד פריי בע""מ",CH,שוקולד ממולא,גרמים,100.00,100 גרם,false,1,10.90,10.90,true,1,
7296073388852,false,שוק.חלב עם קרם דובדבן100,,CH,שוקולד חלב ממולא,גרמים,100.00,100 גרם,false,1,10.90,10.90,true,1,
7296073389163,false,מטבעות שוקולד חלב 36 גרם,"כרמית תעשיות ממתקים בע""\",IL,מטבעות שוקולד,גרמים,36.00,100 גרם,false,1,3.90,10.83,true,1,
7296073389422,false,"שמן זית אורגני 750 מ""ל",,IT,שמן זית אורגני,מיליליטרים,750.00,"100 מ""ל",false,1,43.90,5.85,true,1,
7296073389439,false,באגט ללא גלוטן,איתנ'ס יצור עוגות,IL,באגט ללא גלוטן,גרמים,240.00,100 גרם,false,1,15.90,6.63,true,1,
7296073389446,false,בגט גרעינים ללא גלוטן240,,IL,"בגט גרעינים לל""ג",גרמים,240.00,100 גרם,false,1,15.90,6.63,true,1,
7296073389477,false,לחם גרעינים ללא גלוטן500,,IL,לחם עם גרעינים,גרמים,500.00,100 גרם,false,1,22.90,4.58,true,1,
7296073389927,false,חטיפי חלבון קקאו 4 יח,,PL,חטיפי חלבון 4 יח,גרמים,160.00,100 גרם,false,1,22.90,14.31,true,1,
7296073389941,false,חטיפי חלבון קרמל מלוח4יח,,PL,חטיפי חלבון 4 יח,גרמים,160.00,100 גרם,false,1,22.90,14.31,true,1,
7296073390008,false,פרכיות מצופות שוק.מריר60,NETHERLANDS SANORICE,NL,פריכיות מצופות,גרמים,60.00,100 גרם,false,1,7.90,13.17,true,1,
7296073390015,false,פרכיות ציפוי שוק.קוקוס60,NETHERLANDS SANORICE,NL,פריכיות קטנות,גרמים,60.00,100 גרם,false,1,7.90,13.17,true,1,
7296073390213,false,ברנפלקס שופרסל 500 גרם,בריגן קי. ג'י,DE,ברנפלקס,גרמים,500.00,100 גרם,false,1,17.90,3.58,true,1,
7296073390275,false,לאבנה בקר5% שופרסל 200ג,,IL,לאבנה שופרסל,גרמים,200.00,100 גרם,false,1,9.90,4.95,true,1,
7296073390282,false,כדור מוצרלה שופרסל 200 ג,,IL,כדור מוצרלה,גרמים,200.00,100 גרם,false,1,8.90,4.45,true,1,
7296073390305,false,גבינת שמנת זיתים25% 200ג,,IL,גבינת שמנת זיתים,גרמים,200.00,100 גרם,false,1,10.90,5.45,true,1,
7296073390312,false,גב.שמנת שום שמיר25% 200ג,,IL,גב.שמנת שום שמיר,גרמים,200.00,100 גרם,false,1,10.90,5.45,true,1,
7296073390565,false,מטען קיר כפול TYPE 2.1A,,CN,מטען קיר כפול,יחידה,1.00,יחידה,false,1,49.90,49.90,true,1,
7296073390657,false,כבל אייפון 1.2M,,CN,כבל אייפון 1.2m,יחידה,1.00,יחידה,false,1,19.90,19.90,true,1,
7296073390916,false,שווארמה מג'דרה 550 גרם,סי.אי.פי מבוא חורון,IL,שווארמה מג'דרה,גרמים,550.00,100 גרם,false,1,37.90,6.89,true,1,
7296073390923,false,נודלס עוף שופרסל 550 גרם,סי.אי.פי מבוא חורון,IL,נודלס עוף,גרמים,550.00,100 גרם,false,1,37.90,6.89,true,1,
7296073390930,false,עוף סצ'ואן שופרסל 550 גר,סי.אי.פי מבוא חורון,IL,עוף סצ'ואן,גרמים,550.00,100 גרם,false,1,37.90,6.89,true,1,
7296073390947,false,חטיף פרכיות שוק.מריר18*5,בנליין פודס,RS,חטיפי פריכיות,גרמים,90.00,100 גרם,false,1,10.90,12.11,true,1,
7296073391654,false,מגבונים לחיטוי וניקוי50י,טרופיקל דגיל,IL,מגבונים לניקוי,יחידה,1.00,יחידה,false,1,14.90,14.90,true,1,
7296073391661,false,מטליות מיקרופייבר גדול2י,סין,CN,מטליות לרצפה 2יח,יחידה,1.00,יחידה,false,1,19.90,19.90,true,1,
7296073392873,false,חטיף תירס ללג אורגני80 ג,,IT,חטיף תירס,גרמים,80.00,100 גרם,false,1,10.90,13.63,true,1,
7296073392880,false,חטיף אפונה ללג אורגני 60,,IT,חטיף אורז ואפונה,גרמים,60.00,100 גרם,false,1,10.90,18.17,true,1,
7296073392934,false,נייר טואלט גליל כפול24יח,,IL,נייר טואלט 24 גל,מטרים,860.00,100 מטר,false,1,46.90,5.45,true,1,
7296073393108,false,קפה מיובש בהקפאה קלאס200,,ES,קפה נמס קלאסי,גרמים,200.00,100 גרם,false,1,20.90,10.45,true,1,
7296073393115,false,קפה נמס ערביקה 200 גרם,,ES,קפה נמס ערביקה,גרמים,200.00,100 גרם,false,1,20.90,10.45,true,1,
7296073393122,false,קפה נמס בריסטה 200 גרם,,ES,קפה נמס בריסטה,גרמים,200.00,100 גרם,false,1,20.90,10.45,true,1,
7296073393580,false,פת פריכה ל.גלוטן200ג,,CZ,פת פריכה ל.גלוטן,גרמים,200.00,100 גרם,false,1,10.00,5.00,true,1,
7296073393610,false,נוזל כלים 24% לימון 750מ,קומפלקס כימיקלים בעמ,IL,נוזל כלים לימון,מיליליטרים,750.00,"100 מ""ל",false,1,10.90,1.45,true,1,
7296073393627,false,נוזל כלים תפוח 24% 750מל,,IL,נוזל כלים תפוח,מיליליטרים,750.00,"100 מ""ל",false,1,10.90,1.45,true,1,
7296073393634,false,נוזל כלים לימון+משאבה1ל,,IL,נוזל כלים לימון,ליטרים,1.00,ליטר,false,1,11.90,11.90,true,1,
7296073393641,false,נוזל כלים תפוח+משאבה 1ל,,IL,נוזל כלים תפוח,ליטרים,1.00,ליטר,false,1,11.90,11.90,true,1,
7296073393672,false,חט.חלבון בציפוי שוקו40*4,,PL,חטיפי חלבון 4 יח,גרמים,160.00,100 גרם,false,1,22.90,14.31,true,1,
7296073394617,false,קלצונה מוצרלה עם זיתים,SRI VALPIZZA,IT,קלצונה מוצרלה זי,גרמים,150.00,100 גרם,false,1,10.90,7.27,true,1,
7296073394662,false,אבוקדו בשל מוכן לאכילה,"מור בריאות בע""מ",IL,אבוקדו בשל,יחידה,1.00,יחידה,false,1,9.90,9.90,true,1,
7296073395195,false,טונה זהובה בשמן זית 190ג,,ES,טונה בשמן זית,גרמים,190.00,100 גרם,false,1,24.90,13.11,true,1,
7296073395201,false,טונה בשמן זית+לימון190גר,,ES,טונה בשמן זית,גרמים,190.00,100 גרם,false,1,24.90,13.11,true,1,
7296073395218,false,טונה בשמן זית+צ'ילי 190ג,,ES,טונה בשמן זית,גרמים,190.00,100 גרם,false,1,24.90,13.11,true,1,
7296073396314,false,בייבי גאודה עיזים 280 גר,,NL,בייבי גאודה,גרמים,280.00,100 גרם,false,1,36.90,13.18,true,1,
7296073396505,false,תרד ניו זילנדי,יגור חקלאות ועסקים,IL,תרד ניו זילנדי,גרמים,200.00,100 גרם,false,1,10.90,5.45,true,1,
7296073396666,false,כדורי שוקו מופחת סוכר450,,LT,דגני בוקר,גרמים,450.00,100 גרם,false,1,12.90,2.87,true,1,
7296073396673,false,חצאי בוטן מטוגן וממולח,ששון ושות'\ )ש.ת. תעשיות,IL,חצאי בוטן מטוגן,גרמים,200.00,100 גרם,false,1,8.90,4.45,true,1,
7296073396819,false,אייס קפה קר אספרסו 250מ,ברגלנד מילך,AT,אייס קפה אספרסו,מיליליטרים,250.00,"100 מ""ל",false,1,6.60,2.64,true,1,
7296073396826,false,"אייס קפה קר לאטה 250 מ""ל",ברגלנד מילך,AT,אייס קפה קר לאטה,מיליליטרים,250.00,"100 מ""ל",false,1,6.60,2.64,true,1,
7296073396833,false,אייס קפה קר קפוצינו 250מ,ברגלנד מילך,AT,אייס קפה קפוצינו,מיליליטרים,250.00,"100 מ""ל",false,1,6.60,2.64,true,1,
7296073396840,false,לימון בלאדי,א.ל. ייצור ושיווק תבליני,IL,לימון בלאדי,גרמים,250.00,100 גרם,false,1,13.90,5.56,true,1,
7296073396864,false,סלט חזרת,א.ל. ייצור ושיווק תבליני,IL,סלט חזרת,גרמים,250.00,100 גרם,false,1,13.90,5.56,true,1,
7296073396895,false,סלט שום כתוש,א.ל. ייצור ושיווק תבליני,IL,סלט שום כתוש,גרמים,250.00,100 גרם,false,1,13.90,5.56,true,1,
7296073396901,false,סחוג אדום,א.ל. ייצור ושיווק תבליני,IL,סחוג אדום,גרמים,130.00,100 גרם,false,1,8.90,6.85,true,1,
7296073397182,false,וופל Air קרם טעם שוקו150,,IL,וופל Air,גרמים,150.00,100 גרם,false,1,3.90,2.60,true,1,
7296073397304,false,מברשת מגהץ יחידה,TYF סחר,CN,מברשת מגהץ,יחידה,1.00,יחידה,false,1,4.90,4.90,true,1,
7296073397328,false,מברשת ניקוי אסלה יחידה,ד.ג.ש ייבוא ושיווק בעמ,CN,מברשת ניקוי אסלה,יחידה,1.00,יחידה,false,1,4.90,4.90,true,1,
7296073397335,false,רולר כפול יחידה,TYF סחר,CN,רולר כפול,יחידה,1.00,יחידה,false,1,12.90,12.90,true,1,
7296073397908,false,שבבי פקאן טבעי 100גרם,,ZA,שבבי פקאן טבעי,גרמים,100.00,100 גרם,false,1,13.90,13.90,true,1,
7296073397915,false,שבבי פקאן סיני 100גרם,,IL,שבבי פקאן סיני,גרמים,100.00,100 גרם,false,1,13.90,13.90,true,1,
7296073398042,false,50כוס שתיה קרה מעוטר לבן,,IL,כוסות שתייה,יחידה,1.00,יחידה,false,1,18.90,18.90,true,1,
7296073398141,false,תפוחונים ללא גלוטן22 גרם,,CN,"תפוחונים לל""ג",גרמים,22.00,100 גרם,false,1,4.50,20.45,true,1,
7296073398158,false,תפוחונים גרין1+5מארז132ג,,CN,תפוחונים מארז6יח,גרמים,132.00,100 גרם,false,1,13.90,10.53,true,1,
7296073398271,false,טופו חומוס 300 גרם,"משק ויילר בע""\מ",IL,טופו חומוס,גרמים,300.00,100 גרם,false,1,12.50,4.17,true,1,
7296073398318,false,טורטיה עם זרעי צ'יה320ג,,RS,טורטיה,גרמים,320.00,100 גרם,false,1,10.90,3.41,true,1,
7296073398325,false,טורטיה קמח כוסמת 320ג,,RS,טורטיה,גרמים,320.00,100 גרם,false,1,10.90,3.41,true,1,
7296073398509,false,אצבעות שוקולד שופרסל200ג,,FR,אצבעות שוקולד,גרמים,200.00,100 גרם,false,1,11.90,5.95,true,1,
7296073398660,false,סלט חציל תאילנדי 250 גרם,,IL,סלט חציל תאילנדי,גרמים,250.00,100 גרם,false,1,13.90,5.56,true,1,
7296073398684,false,חציל במיונז שופרסל 250 ג,,IL,סלט במיונז,גרמים,250.00,100 גרם,false,1,12.90,5.16,true,1,
7296073398691,false,חומוס אבו גוש שופרסל 250,,IL,חומוס אבו גוש,גרמים,250.00,100 גרם,false,1,12.90,5.16,true,1,
7296073398707,false,חומוס מסבחה שופרסל 250 ג,,IL,חומוס מסבחה,גרמים,250.00,100 גרם,false,1,12.90,5.16,true,1,
7296073398875,false,קרם קרקר 250 גרם,"אפיפית נצרת (1971) בע""\מ",IL,קרם קרקר,גרמים,250.00,100 גרם,false,1,8.70,3.48,true,1,
7296073398974,false,רביעיית סוללות AA,בסט סין,CN,רביעיית סוללותAA,יחידה,1.00,יחידה,false,1,9.90,9.90,true,1,
7296073398981,false,רביעיית סוללות AAA,בסט סין,CN,רביעיית סוללות,יחידה,1.00,יחידה,false,1,9.90,9.90,true,1,
7296073398998,false,שמינייה סוללות AA,בסט סין,CN,שמינייה סוללות,יחידה,1.00,יחידה,false,1,16.90,16.90,true,1,
7296073399001,false,שמינייה סוללות AAA,בסט סין,CN,שמינייה סוללות,יחידה,1.00,יחידה,false,1,16.90,16.90,true,1,
7296073399544,false,חלב נטול לקטוז2% 1 ליטר,מחלבות רמת הגולן,IL,חלב נטול לקטוז,ליטרים,1.00,ליטר,false,1,8.90,8.90,true,1,
7296073399551,false,שמיניית סוללות +AAרביעיה,,CN,שמיניית סוללות,יחידה,1.00,יחידה,false,1,19.90,19.90,true,1,
7296073400004,false,"שמנת לבישול 15% 500 מ""ל",מחלבות רמת הגולן,IL,שמנת לבישול,מיליליטרים,500.00,"100 מ""ל",false,1,14.50,2.90,true,1,
7296073400103,false,מטאטא אנטי שוק יחידה,מיקסליר,IT,מטאטא,יחידה,1.00,יחידה,false,1,21.90,21.90,true,1,
7296073400110,false,מטאטא יח,מיקסליר,IT,מטאטא,יחידה,1.00,יחידה,false,1,19.90,19.90,true,1,
7296073400127,false,מטאטא דמוי עץ יח,מיקסליר,IT,מטאטא דמוי עץ יח,יחידה,1.00,יחידה,false,1,21.90,21.90,true,1,
7296073400141,false,יעה יח,נינגבו ארט,CN,יעה,יחידה,1.00,יחידה,false,1,5.90,5.90,true,1,
7296073400172,false,יעה+מקל מתקפל יח,מיקסליר,IT,יעה+מקל מתקפל יח,יחידה,1.00,יחידה,false,1,14.90,14.90,true,1,
7296073400196,false,דלי אוולי 15 ליטר יח,מיקסליר,IT,דלי 15 ליטר,יחידה,1.00,יחידה,false,1,19.90,19.90,true,1,
7296073400219,false,מקל 1.3 מטר יח,מיקסליר,IT,מקל 1.3 מטר יח,יחידה,1.00,יחידה,false,1,6.90,6.90,true,1,
7296073401063,false,שמן חמניות 1 ליטר,ברוקלמן,DE,שמן חמניות,ליטרים,1.00,ליטר,false,1,13.90,13.90,true,1,
7296073401575,false,חומוס מסעדות שופרסל250ג,"סלטי שמיר 2006 בע""\מ",IL,חומוס מסעדות,גרמים,250.00,100 גרם,false,1,12.90,5.16,true,1,
7296073402824,false,גלידת וניל עם שוקולד,פלקו,IL,גלידת וניל,ליטרים,1.40,ליטר,false,1,19.90,14.21,true,1,
7296073402879,false,גלידת שוקו נוגט,פלקו,IL,גלידת שוקו נוגט,ליטרים,1.40,ליטר,false,1,19.90,14.21,true,1,
7296073402893,false,גלידת וניל קפוצ'ינו,פלקו,IL,גלידת וניל קפוצ',ליטרים,1.40,ליטר,false,1,19.90,14.21,true,1,
7296073403142,false,סבון לאסלה לימון 50*3 גר,רנקסן,TR,סבון לאסלה לימון,גרמים,3.00,100 גרם,false,1,10.90,363.33,true,1,
7296073403234,false,ביצי שוקולד מיני PJ 122,,IT,ביצי שוקולד pj,גרמים,122.00,100 גרם,false,1,11.90,9.75,true,1,
7296073403241,false,ביצי שוק.מיני מ.הרפתק122,,IT,ביצי שוקולד מיני,גרמים,122.00,100 גרם,false,1,11.90,9.75,true,1,
7296073403418,false,מנצ'גו צ'אנק שופרסל150ג,קסוס דה סאלבדור,ES,גבינת מנצ'גו,גרמים,150.00,100 גרם,false,1,24.90,16.60,true,1,
7296073404194,false,מיונז אמיתי לחיץ 395 גרם,ACESUR,ES,מיונז לחיץ,גרמים,395.00,100 גרם,false,1,10.90,2.76,true,1,
7296073404200,false,ממרח מופחת קלוריות 409 ג,ACESUR,ES,ממרח לחיץ,גרמים,409.00,100 גרם,false,1,10.90,2.67,true,1,
7296073404279,false,צלחות גדולות חד פעמיות,,GR,צלחות גדולות,קילוגרמים,1.00,"ק""ג",false,1,44.90,44.90,true,1,
7296073404712,false,איטר.אורז רחב שופרסל400ג,,CN,איטריות אורז רחב,גרמים,400.00,100 גרם,false,1,11.50,2.88,true,1,
7296073404729,false,איט.אורז צרות שופרסל400ג,,CN,איטריות אורז צר,גרמים,400.00,100 גרם,false,1,11.50,2.88,true,1,
7296073405481,false,שקיות אשפה חזקות XL 25,,IL,שקיות אשפה,יחידה,1.00,יחידה,false,1,22.90,22.90,true,1,
7296073405863,false,טחינה גול.מעודנת טבעי310,אר.ג'\י.אם תעשיות מזון ב,IL,טחינה גולמית,גרמים,310.00,100 גרם,false,1,11.90,3.84,true,1,
7296073405870,false,טחינה גולמית טעם שום310ג,אר.ג'\י.אם תעשיות מזון ב,IL,טחינה גולמית שום,גרמים,310.00,100 גרם,false,1,11.90,3.84,true,1,
7296073405887,false,טחינה גולמית טעם זעתר310,אר.ג'\י.אם תעשיות מזון ב,IL,טחינה טעם זעתר,גרמים,310.00,100 גרם,false,1,11.90,3.84,true,1,
7296073406600,false,צ'יפס בטטה סגולה ובטטה85,,ES,צ'יפס בטטה סגולה,גרמים,85.00,100 גרם,false,1,10.90,12.83,true,1,
7296073406624,false,צ'יפס סלק ובטטה לבנה85ג,FOODS VIUBE,ES,צ'יפס סלק ובטטה,גרמים,85.00,100 גרם,false,1,10.90,12.83,true,1,
7296073407560,false,תמר מגהול סופר עסיסי,"דוד חי בע""מ",IL,תמר מגהול עסיסי,גרמים,500.00,100 גרם,false,1,29.90,5.98,true,1,
7296073408789,false,מלבי חלבי 2 * 160 גרם,,IL,מלבי חלבי 2 יח',גרמים,320.00,100 גרם,false,1,12.90,4.03,true,1,
7296073408819,false,כדורי דגנים שוקולד50גרם,,LT,כדוגרי דגנים,גרמים,50.00,100 גרם,false,1,4.90,9.80,true,1,
7296073408826,false,טבעות דגנים עם דבש 50 גר,,LT,טבעות דגנים,גרמים,50.00,100 גרם,false,1,4.90,9.80,true,1,
7296073408833,false,ריבועי דגנים+קינמון 50גר,,LT,ריבועי דגנים,גרמים,50.00,100 גרם,false,1,4.90,9.80,true,1,
7296073408840,false,כדורי דגנים במתיקות 50 ג,,LT,כדורי דגנים,גרמים,50.00,100 גרם,false,1,4.90,9.80,true,1,
7296073408888,false,נייר אפייה 50 יחידות,,IL,נייר אפייה,יחידה,1.00,יחידה,false,1,10.90,10.90,true,1,
7296073408901,false,כפפות M לטקס עם אבקה,WEIFANG,CN,כפפות לטקס,יחידה,1.00,יחידה,false,1,29.90,29.90,true,1,
7296073408918,false,כפפות L לטקס 100,WEIFANG,CN,כפפות לטקס,יחידה,1.00,יחידה,false,1,29.90,29.90,true,1,
7296073409113,false,פופקורן טבעי 5 * 100 גרם,AST נובולוג,BG,פופקורן למיקרוגל,גרמים,500.00,100 גרם,false,1,12.90,2.58,true,1,
7296073409144,false,מגבונים לחיטוי 50*3 יח',טרופיקל דגיל,IL,מגבונים לחיטוי,יחידה,1.00,יחידה,false,1,17.90,17.90,true,1,
7296073409625,false,גאודה 34% שופרסל 200 ג,B.V KAAS HAZELEGER,NL,גבינת גאודה,גרמים,200.00,100 גרם,false,1,21.90,10.95,true,1,
7296073409649,false,גב.עיזים הולנד שופרסל200,B.V KAAS HAZELEGER,NL,גבינת עיזים,גרמים,200.00,100 גרם,false,1,26.90,13.45,true,1,
7296073409663,false,גאודה הולנדי פרוס34% 150,B.V KAAS HAZELEGER,NL,גבינת גאודה,גרמים,150.00,100 גרם,false,1,18.90,12.60,true,1,
7296073409731,false,צמד פטריות שמפניון,מרינה,IL,צמד פטריות,גרמים,420.00,100 גרם,false,1,16.90,4.02,true,1,
7296073409892,false,מגשית כוסברה שופרסל,דורות,IL,מגשית כוסברה שופ,גרמים,70.00,100 גרם,false,1,10.90,15.57,true,1,
7296073409922,false,מגשית ג'ינג'רכתוש שופרסל,דורות,IL,מגשית ג'ינג'ר כת,גרמים,70.00,100 גרם,false,1,10.90,15.57,true,1,
7296073410201,false,פירוק בגדי תינוקות *,סנטקס,CN,פירוק בגדי תינוק,יחידה,1.00,יחידה,false,1,10.00,10.00,true,1,
7296073410379,false,ביצים חופש L שופרסל 12יח,מ.לסר,,ביצים חופש 12יחL,יחידה,1.00,יחידה,false,0,21.50,21.50,true,1,
7296073410423,false,ביצים אומגהL שופרסל 12יח,מ.לסר,,ביצים אומגה12יחL,יחידה,1.00,יחידה,false,0,23.50,23.50,true,1,
7296073410461,false,ביצים חופש L שופרסל 12יח,משאבי הגליל,IL,ביצים חופש 12יחL,יחידה,1.00,יחידה,false,1,21.50,21.50,true,1,
7296073410515,false,ביצים חופש L שופרסל 12יח,מן הטבע בארותיים,IL,ביצים חופש12יח L,יחידה,1.00,יחידה,false,1,21.50,21.50,true,1,
7296073410577,false,ביצים חופשM שופרסל 12 יח,גליקסמן,,ביצים חופש12יח M,יחידה,1.00,יחידה,false,0,19.50,19.50,true,1,
7296073410584,false,ביצים חופש L שופרסל 12יח,גליקסמן,,ביצים חופש12יח L,יחידה,1.00,יחידה,false,0,21.50,21.50,true,1,
7296073411215,false,מרכך כביסה פרחי בר 1ל,,IL,מרכך כביסה מרוכז,ליטרים,1.00,ליטר,false,1,14.90,14.90,true,1,
7296073411222,false,מרכך כביסה פריחת אביב 1ל,"סאסאטק אגש""ח בע""מ",IL,מרכך כביסה מרוכז,ליטרים,1.00,ליטר,false,1,14.90,14.90,true,1,
7296073411246,false,מרכך מרוכז יסמין/לילך1ל,,IL,מרכך כביסה מרוכז,ליטרים,1.00,ליטר,false,1,14.90,14.90,true,1,
7296073413233,false,חסה עגולה ארוזה,"משק אסף פרחי בע""מ",IL,חסה עגולה,גרמים,200.00,100 גרם,false,1,7.90,3.95,true,1,
7296073413257,false,חסה לבבות,"משק אסף פרחי בע""מ",IL,חסה לבבות,גרמים,350.00,100 גרם,false,1,10.90,3.11,true,1,
7296073413325,false,ביסקוויט שוקולד חלב150גר,,ES,ביסקוויט שוקולד,גרמים,150.00,100 גרם,false,1,9.90,6.60,true,1,
7296073413332,false,ביסקוויט שוקולד מריר150ג,,ES,ביסקוויט שוקולד,גרמים,150.00,100 גרם,false,1,9.90,6.60,true,1,
7296073413349,false,ביסקוויט שוקולד לבן150ג,,ES,ביסקוויט שוקולד,גרמים,150.00,100 גרם,false,1,9.90,6.60,true,1,
7296073413356,false,קפסולות roast dark ג50,DELICA,CH,קפסולות dark,גרמים,50.00,100 גרם,false,1,15.90,31.80,true,1,
7296073413363,false,מברשת לשירותים יסמין יחי,ד.ג.ש ייבוא ושיווק בעמ,CN,מברשת לשירותים,יחידה,1.00,יחידה,false,1,14.90,14.90,true,1,
7296073413424,false,צנונית,חבל מעון,IL,צנונית,גרמים,400.00,100 גרם,false,1,6.90,1.73,true,1,
7296073413844,false,צמד הודו עוף+סלמי 800 גר,,IL,צמדהודועוף+סלמי,גרמים,800.00,100 גרם,false,1,27.90,3.49,true,1,
7296073413929,false,קינואה אדומה זיפר 500 גר,מיה,IL,קינואה אדומה,גרמים,500.00,100 גרם,false,1,13.90,2.78,true,1,
7296073413936,false,קינואה שחורה זיפר 400 גר,מיה,IL,קינואה שחורה,גרמים,400.00,100 גרם,false,1,13.90,3.48,true,1,
7296073414759,false,שמנת מתוקה24%להקצפה250מל,מחלבת רמת-הגולן,IL,שמנת מתוקה,מיליליטרים,250.00,"100 מ""ל",false,1,6.30,2.52,true,1,
7296073414971,false,נוזל כלים פרחי בר 1ליטר,,IL,נוזל כלים פרח בר,ליטרים,1.00,ליטר,false,1,11.90,11.90,true,1,
7296073414988,false,פלפלים ממולאים שופרסל400,אגה אזיר איסק סאניי,TR,פלפלים ממולאים,גרמים,400.00,100 גרם,false,1,8.90,2.23,true,1,
7296073414995,false,חצילים ממולאים שופרסל400,אגה אזיר איסק סאניי,TR,חצילים ממולאים,גרמים,400.00,100 גרם,false,1,8.90,2.23,true,1,
7296073415053,false,שוק.חלב+קרם אגוז לוז100ג,,CH,שוקולד ממולא קרם,גרמים,100.00,100 גרם,false,1,10.90,10.90,true,1,
7296073415077,false,28תחבושות נורמל עם כנפי,קוראטקס,DE,תחבושות B,יחידה,1.00,יחידה,false,1,13.50,13.50,true,1,
7296073415084,false,2תחבושות סופר+ עם כנפיים,קוראטקס,DE,תחבושות B,יחידה,1.00,יחידה,false,1,13.50,13.50,true,1,
7296073415114,false,מגני תחתון נורמל 60 יח,קוראטקס,DE,מגני תחתון B,יחידה,1.00,יחידה,false,1,13.90,13.90,true,1,
7296073415121,false,מגני תחתון לארג' 52 יחיד,קוראטקס,DE,מגני תחתון B,יחידה,1.00,יחידה,false,1,13.90,13.90,true,1,
7296073415138,false,44 מגני תחתון לונג,קוראטקס,DE,מגני תחתון B,יחידה,1.00,יחידה,false,1,13.90,13.90,true,1,
7296073415558,false,שניצל תירס צמחוני 750 גר,"טיבון ויל אחזקות בע""\מ",IL,שניצל תירס צמחונ,גרמים,750.00,100 גרם,false,1,21.90,2.92,true,1,
7296073415572,false,שניצלוני תירס צמחוני 650,"טיבון ויל אחזקות בע""\מ",IL,שניצלוני תירס צמ,גרמים,650.00,100 גרם,false,1,21.90,3.37,true,1,
7296073415756,false,באק צ'וי הידרופוני,משק יגור,IL,באק צ'וי,גרמים,200.00,100 גרם,false,1,13.90,6.95,true,1,
7296073416005,false,"תפוחונים קינמון לל""ג 22ג",,CN,תפוחונים קינמון,גרמים,22.00,100 גרם,false,1,4.50,20.45,true,1,
7296073416012,false,תפוחונים קינמון 1+5מארז,,CN,תפוחונים 6 יח,גרמים,132.00,100 גרם,false,1,13.90,10.53,true,1,
7296073416098,false,מי קוקוס טבעי אורגני 1 ל,,VN,מי קוקוס טבעי,ליטרים,1.00,ליטר,false,1,16.90,16.90,true,1,
7296073416104,false,"מי קוקוס אורגני 330 מ""ל",,VN,מי קוקוס טבעי,מיליליטרים,330.00,"100 מ""ל",false,1,9.60,2.91,true,1,
7296073416111,false,"מי קוקוס אננס 330 מ""ל",,VN,מי קוקוס אננס,מיליליטרים,330.00,"100 מ""ל",false,1,9.60,2.91,true,1,
7296073417262,false,אטבי כביסה 36 יחידות,PRC,CN,אטבי כביסה בשקית,יחידה,1.00,יחידה,false,1,14.90,14.90,true,1,
7296073417316,false,כרוב קייל הידרופוני 160,משק יגור,IL,כרוב קייל,גרמים,160.00,100 גרם,false,1,12.90,8.06,true,1,
7296073417422,false,מלפפון בייבי,משק גל,IL,מלפפון בייבי,גרמים,350.00,100 גרם,false,1,10.90,3.11,true,1,
7296073417439,false,קישוא זוקיני,משק גל,IL,קישוא זוקיני,קילוגרמים,0.00,"ק""ג",true,1,12.90,12.90,true,1,
7296073420675,false,ביצי הפתעה יוניקורן20*3ג,SPA ZAINI LUIGI,IT,ביצי הפתעה יוניק,גרמים,60.00,100 גרם,false,1,13.90,23.17,true,1,
7296073420682,false,ביצי הפתעה Pups Mighty 3,SPA ZAINI LUIGI,IT,ביצי הפתעה,גרמים,60.00,100 גרם,false,1,13.90,23.17,true,1,
7296073421719,false,"מגב רצפה 40ס""מ יחידה",מיקסליר,IT,"מגב רצפה 40ס""מ",יחידה,1.00,יחידה,false,1,10.90,10.90,true,1,
7296073421801,false,גבינת פרמזן30% 200ג שופר,אמברוסי,IT,גבינת פרמזן,גרמים,200.00,100 גרם,false,1,25.90,12.95,true,1,
7296073421825,false,גרנה פדנו29%שופרסל200ג,אמברוסי,IT,גרנה פדנו,גרמים,200.00,100 גרם,false,1,26.90,13.45,true,1,
7296073422211,false,שעועית ירוקה טרייה שטופה,גיזרונים,IL,שעועית ירוקה טרי,גרמים,410.00,100 גרם,false,1,15.90,3.88,true,1,
7296073422617,false,נבטי אלפלפא 120גרם,נבטי איילון,IL,נבטי אלפלפא,גרמים,120.00,100 גרם,false,1,7.90,6.58,true,1,
7296073422624,false,נבטי חמניות 150גרם,נבטי איילון,IL,נבטי חמניות,גרמים,150.00,100 גרם,false,1,8.90,5.93,true,1,
7296073422655,false,נבטים סיניים 220גרם,נבטי איילון,IL,נבטים סיניים,גרמים,220.00,100 גרם,false,1,7.90,3.59,true,1,
7296073422679,false,מיקס נבטים סינים וחמניה,נבטי איילון,IL,מיקס נבטים,גרמים,160.00,100 גרם,false,1,9.90,6.19,true,1,
7296073422693,false,אנדיב / עולש,חוות תקוע,IL,אנדיב / עולש,גרמים,220.00,100 גרם,false,1,12.90,5.86,true,1,
7296073423126,false,לקט עלי סלנובה ועלי בייב,"פרסקו חצבה 2006 בע""\מ",IL,לקטסלנובה ובייבי,גרמים,200.00,100 גרם,false,1,12.90,6.45,true,1,
7296073423133,false,עלי חסה סלנובה שטופים,"פרסקו חצבה 2006 בע""\מ",IL,עלי חסה סלנובה,גרמים,200.00,100 גרם,false,1,12.90,6.45,true,1,
7296073423447,false,חטיף אגס 20 גרם,נוביפרוטס,PT,חטיף אגס,גרמים,20.00,100 גרם,false,1,4.90,24.50,true,1,
7296073423454,false,חטיף תפוח אדום 20 גרם,נוביפרוטס,PT,חטיף תפוח אדום,גרמים,20.00,100 גרם,false,1,4.90,24.50,true,1,
7296073423461,false,חטיף תפוח עץ וקינמון20ג,נוביפרוטס,PT,חטיף תפוח עץ,גרמים,12.00,100 גרם,false,1,4.90,40.83,true,1,
7296073423645,false,פתי בר שופרסל 300 גרם,BV BISCUIT PALLY,NL,פתי בר,גרמים,300.00,100 גרם,false,1,4.90,1.63,true,1,
7296073423652,false,קרקרים בסגנון איטלקי180ג,יורוסנאקס,IT,חטיפי מיני קרקר,גרמים,180.00,100 גרם,false,1,8.90,4.94,true,1,
7296073423669,false,קרקר שמן זית וזיתים180גר,יורוסנאקס,IT,חטיפי מיני קרקר,גרמים,180.00,100 גרם,false,1,8.90,4.94,true,1,
7296073423676,false,קרקרים מיני רוזמרין180ג,יורוסנאקס,IT,חטיפי מיני קרקר,גרמים,180.00,100 גרם,false,1,8.90,4.94,true,1,
7296073424581,false,טורטיה קמח כוסמין 320גרם,PIP D.O.O,RS,טורטיה כוסמין,גרמים,320.00,100 גרם,false,1,10.90,3.41,true,1,
7296073424697,false,קוואקר ש.שועל בפחית500ג,ZO SP. POLSER,AE,קוואקר ש.שועל פח,גרמים,500.00,100 גרם,false,1,10.90,2.18,true,1,
7296073426523,false,חלב אורגני גרין 3% 1 ל,מחלבות רמת הגולן,IL,חלב אורגני גרין,ליטרים,1.00,ליטר,false,1,10.90,10.90,true,1,
7296073426530,false,חלב אורגני גרין 1% 1ליטר,מחלבות רמת הגולן,IL,חלב אורגני גרין,ליטרים,1.00,ליטר,false,1,10.90,10.90,true,1,
7296073426592,false,עוג.ללא גלוטן שוקו150ג,,IT,עוגיות ללא גלוטן,גרמים,150.00,100 גרם,false,1,12.90,8.60,true,1,
7296073426608,false,עוג.ללא גלוטן לימון150ג,,IT,עוגיות ללא גלוטן,גרמים,150.00,100 גרם,false,1,12.90,8.60,true,1,
7296073427810,false,מטליות רצפה לוונדר10יח,פלסטו פוליש,IL,מטליות לרצפה,יחידה,1.00,יחידה,false,1,10.90,10.90,true,1,
7296073428343,false,מסיר שומנים 1 ליטר,קומפלקס כימיקלים,IL,מסיר שומנים,ליטרים,1.00,ליטר,false,1,11.90,11.90,true,1,
7296073428503,false,אקונומיקה בישום עוצמתי4ל,סאסאטק,IL,אקונומיקה מבושמת,ליטרים,4.00,ליטר,false,1,16.90,4.23,true,1,
7296073428541,false,מיקס פירות יער חדש 300 ג,D.O.O LAKI,RS,מיקס פירות יער,גרמים,300.00,100 גרם,false,1,16.90,5.63,true,1,
7296073429012,false,מנקה ומבשם רצפות אדום 2ל,ספידי תעשיות,IL,מנקה ומבשם רצפות,ליטרים,2.00,ליטר,false,1,15.00,7.50,true,1,
7296073429210,false,מסיר אבנית למקלחון 1 ל,"סאסאטק אגש""ח בע""מ",IL,מסיר אבנית מרסס,ליטרים,1.00,ליטר,false,1,14.90,14.90,true,1,
7296073429258,false,חיטוי+חומץ לאמבט מרסס750,"סאסאטק אגש""ח בע""מ",IL,חיטוי לאמבט מרסס,מיליליטרים,750.00,"100 מ""ל",false,1,14.90,1.99,true,1,
7296073429265,false,חיטוי וניקוי+חומץ 750מל,"סאסאטק אגש""ח בע""מ",IL,מרסס חיטוי כללי,מיליליטרים,750.00,"100 מ""ל",false,1,14.90,1.99,true,1,
7296073429753,false,ניילון נצמד בחיתוך קל,,CN,ניילון נצמד,מטרים,150.00,מטר,false,1,20.00,0.14,true,1,
7296073429807,false,ממרח בזיליקום ואגוזים180,"פרסקו חצבה 2006 בע""\מ",IL,פסטו,גרמים,180.00,100 גרם,false,1,12.90,7.17,true,1,
7296073429814,false,צימצורי שופרסל 180 גרם,"פרסקו חצבה 2006 בע""\מ",IL,צימצורי,גרמים,180.00,100 גרם,false,1,12.90,7.17,true,1,
7296073429821,false,ממרח זעתר 180 גרם,"פרסקו חצבה 2006 בע""\מ",IL,ממרח זעתר,גרמים,180.00,100 גרם,false,1,12.90,7.17,true,1,
7296073429838,false,סחוג אדום 180 גרם,"פרסקו חצבה 2006 בע""\מ",IL,סחוג אדום,גרמים,180.00,100 גרם,false,1,12.90,7.17,true,1,
7296073429890,false,"אורז בסמטי שופרסל 1 ק""ג",צמן,IN,אורז בסמטי,קילוגרמים,1.00,"ק""ג",false,1,11.90,11.90,true,1,
7296073429937,false,פדים קוסמטיים 40 יחידות,PRODUC UES DAILY JIEYANG,CN,פדים קוסמטיים,יחידה,1.00,יחידה,false,1,7.90,7.90,true,1,
7296073430599,false,קפסולות מס 14 לנספרסו50ג,DELICA,CH,קפסולות מס 14,גרמים,50.00,100 גרם,false,1,15.90,31.80,true,1,
7296073430605,false,קפסולות מס 13 לנספרסו50ג,DELICA,CH,קפסולות מס 13,גרמים,50.00,100 גרם,false,1,15.90,31.80,true,1,
7296073430636,false,אבוקדו ארוז ברשת,גרנות,IL,אבוקדו ברשת,קילוגרמים,0.00,"ק""ג",true,1,9.90,9.90,true,1,
7296073431114,false,רביולי תרד פרימיום 300 ג,פסטה נונה,IL,רביולי תרד פרימי,גרמים,300.00,100 גרם,false,1,19.90,6.63,true,1,
7296073431121,false,רביולי גבינה פרימיום 300,פסטה נונה,IL,רביולי גבינה פרי,גרמים,300.00,100 גרם,false,1,19.90,6.63,true,1,
7296073431138,false,רביולי בטטה פרימיום 300,פסטה נונה,,רביולי בטטה פרימ,יחידה,1.00,יחידה,false,0,19.90,19.90,true,1,
7296073431152,false,מיקס עגבניה שרי,עידו נחום,IL,מיקס עגבניות שרי,גרמים,460.00,100 גרם,false,1,10.90,2.37,true,1,
7296073431565,false,צלחות גדולות מקנה סוכר,,CN,צלחות מקנה סוכר,יחידה,1.00,יחידה,false,1,17.90,17.90,true,1,
7296073431596,false,מרקייה קנה סוכר 25 יחידו,,CN,מרקיות מקנה סוכר,יחידה,1.00,יחידה,false,1,14.90,14.90,true,1,
7296073431862,false,עוגת מאפין שוקו וניל500ג,גידרון,IL,עוגת מאפין שיש,גרמים,500.00,100 גרם,false,1,19.90,3.98,true,1,
7296073431879,false,עוגת מאפין שוקו צ'יפס500,גידרון,IL,מאפין שוקוצ'יפס,גרמים,500.00,100 גרם,false,1,19.90,3.98,true,1,
7296073431886,false,עוגת מאפין שוקולד 500גרם,גידרון,IL,מאפין טעם שוקו,גרמים,500.00,100 גרם,false,1,19.90,3.98,true,1,
7296073431893,false,עוגת מאפין אגוזים 500גרם,,IL,מאפין אגוזים,גרמים,550.00,100 גרם,false,1,19.90,3.62,true,1,
7296073431909,false,עוגת מאפין תפוח עץ500גרם,גידרון,IL,מאפין תפוח עץ,גרמים,500.00,100 גרם,false,1,19.90,3.98,true,1,
7296073431916,false,עוגת מאפין תפוז 500גרם,גידרון,IL,מאפין בטעם תפוז,גרמים,500.00,100 גרם,false,1,19.90,3.98,true,1,
7296073432326,false,מטלית אנטיבקטראל למשטחים,LTD Y.B.T.C,CN,מטלית למשטחים,יחידה,1.00,יחידה,false,1,6.90,6.90,true,1,
7296073432937,false,מטליות אנטיבקטריאליות2יח,סדובסקי,CN,מטליות מיקרו,יחידה,1.00,יחידה,false,1,12.90,12.90,true,1,
7296073432944,false,סט מטליות מיקרופייבר5יח,סדובסקי,CN,סט מטליות מיקרו,יחידה,1.00,יחידה,false,1,16.90,16.90,true,1,
7296073440055,false,מרכך כביסה מרוכז כחול2לי,גליל כימיקלים,IL,מרכך מרוכז כחול,ליטרים,2.00,ליטר,false,1,19.90,9.95,true,1,
7296073440079,false,מרכך כביסה מרוכז לבן2ליט,גליל כימיקלים,IL,מרכך מרוכז לבן,ליטרים,2.00,ליטר,false,1,19.90,9.95,true,1,
7296073440109,false,קפסולות לכביסה 36 יחידות,גליל כימיקלים בעמ,IL,קפסולות לכביסה,יחידה,1.00,יחידה,false,1,34.00,34.00,true,1,
7296073440956,false,קינואה שופרסל זיפר 500 ג,"הנמל אריזות ושיווק בע""\מ",PE,קינואה זיפר,גרמים,500.00,100 גרם,false,1,15.90,3.18,true,1,
7296073440963,false,"קינואה שופרסל זיפר 1 ק""ג","הנמל אריזות ושיווק בע""\מ",PE,קינואה זיפר,קילוגרמים,1.00,"ק""ג",false,1,24.90,24.90,true,1,
7296073441083,false,חמוציות ברכז תפוחים 200ג,ששון,US,חמוציות ברכז תפו,גרמים,200.00,100 גרם,false,1,16.90,8.45,true,1,
7296073441335,false,פריכיות אורז מלא 110 גרם,"פרח תעשיות מזון בע""\מ",IL,פריכיות אורז מלא,גרמים,110.00,100 גרם,false,1,6.90,6.27,true,1,
7296073441373,false,פריכיות חומוס וצ'יה110ג,"פרח תעשיות מזון בע""\מ",IL,פריכיות חומוס,גרמים,110.00,100 גרם,false,1,10.90,9.91,true,1,
7296073441625,false,ג'ל רחצה לגבר 3 ב1- 700מ,טאהא קימיה,,ג'ל רחצה לגבר,יחידה,1.00,יחידה,false,0,8.90,8.90,true,1,
7296073441885,false,כריות יפניות אנטיבקטריאל,פלסטו פוליש,IL,כריות יפניות,יחידה,1.00,יחידה,false,1,10.90,10.90,true,1,
7296073442219,false,כדורי דגנים חום לבן500גר,CERERA,LT,כדורי דגנים,גרמים,500.00,100 גרם,false,1,12.90,2.58,true,1,
7296073442226,false,צדפים דגנים ט.שוקולד500ג,CERERA,LT,דגנים צדפים,גרמים,500.00,100 גרם,false,1,12.90,2.58,true,1,
7296073442967,false,מלפפון בייבי,גונן שדה,IL,מלפפון בייבי,גרמים,350.00,100 גרם,false,1,10.90,3.11,true,1,
7296073444145,false,"תמר מג'הול מעולה 1ק""ג",הדיקלאים,IL,תמר מג'הול מעולה,קילוגרמים,1.00,"ק""ג",false,1,27.90,27.90,true,1,
7296073444213,false,52 חיתולים שלב 3 שופרסל,די.פי.אל תעשיות מוצרים ח,IL,חיתולים שופרסל,יחידה,1.00,יחידה,false,1,29.90,29.90,true,1,
7296073444237,false,40חיתולים שלב 4+ שופרסל,די.פי.אל תעשיות מוצרים ח,IL,חיתולים שופרסל,יחידה,1.00,יחידה,false,1,29.90,29.90,true,1,
7296073444428,false,קינואה אורגנית אדומה340ג,,PE,קינואה אורגנית,גרמים,340.00,100 גרם,false,1,14.90,4.38,true,1,
7296073444657,false,עוגיות קרם תות,גידרון,IL,עוגיות קרם תות,גרמים,500.00,100 גרם,false,1,17.90,3.58,true,1,
7296073445159,false,תחתיות ארטישוק 400 גרם,INDUSTRY FOOD FOR SILVA,EG,תחתיות ארטישוק,גרמים,400.00,100 גרם,false,1,13.90,3.48,true,1,
7296073445166,false,במיה קפואה 600 גרם,INDUSTRY FOOD FOR SILVA,IL,במיה 600 גרם,גרמים,600.00,100 גרם,false,1,13.90,2.32,true,1,
7296073445401,false,"תרחיץ פנים גרגירי150 מ""ל",קוסמטיקס,TR,תרחיץ פנים מיסלר,מיליליטרים,150.00,"100 מ""ל",false,1,11.90,7.93,true,1,
7296073445517,false,סבון ידיים Starburst 500,טאהא קימיה,,סבון ידיים+משאבה,יחידה,1.00,יחידה,false,0,11.90,11.90,true,1,
7296073445548,false,"מכשיר גילוח ר""פ לנשים2+",EDGEWELL,US,מ.גילוח לנשים,יחידה,1.00,יחידה,false,1,36.90,36.90,true,1,
7296073445555,false,סכיני גילוח רב''פ לנשים,EDGEWELL,US,סכיני גילוח נשים,יחידה,1.00,יחידה,false,1,31.90,31.90,true,1,
7296073445579,false,תמר מגהול אורגני פרימ500,הדקלאים,IL,תמר מג'הול,גרמים,500.00,100 גרם,false,1,19.90,3.98,true,1,
7296073445678,false,קצף אקונומיקה לוונדר 1 ל,קומפלקס כימיקלים,IL,קצף אקונומיקה,ליטרים,1.00,ליטר,false,1,10.00,10.00,true,1,
7296073445692,false,"מחית תפו""ע בננה שופרסל90",DELAFRUIT,ES,"מחית תפו""ע ובננה",גרמים,90.00,100 גרם,false,1,4.90,5.44,true,1,
7296073445708,false,מחית תפוח אפרסק בננה 90ג,DELAFRUIT,ES,מחית מיקס פירות,גרמים,90.00,100 גרם,false,1,4.90,5.44,true,1,
7296073447108,false,קמח עמילן ללא גלוטן500,,IT,קמח בסיס עמילן,גרמים,500.00,100 גרם,false,1,14.90,2.98,true,1,
7296073447467,false,בראוניז אגוז לא גלוטן400,איתנ'ס יצור עוגות,IL,עוגת בראוניז,גרמים,400.00,100 גרם,false,1,31.90,7.98,true,1,
7296073447528,false,קרקר עגבניות ובזיליקו105,אלביסקו,GR,קרקר עגבניות,גרמים,105.00,100 גרם,false,1,7.90,7.52,true,1,
7296073447535,false,קרקר תרד ושמיר 105 גרם,אלביסקו,GR,קרקר תרד ושמיר,גרמים,105.00,100 גרם,false,1,7.90,7.52,true,1,
7296073447917,false,מגבונים לחיטוי וניקוי400,סאסאטק,IL,מגבונים לחיטוי,יחידה,1.00,יחידה,false,1,32.90,32.90,true,1,
7296073447955,false,גלידה בטעם טירמיסו,פלקו,IL,גלידת טירמיסו,ליטרים,1.40,ליטר,false,1,19.90,14.21,true,1,
7296073448105,false,חטיף ש.שועל+קינמון42*5ג,"אפקטבעי בע""\מ",IL,חטיף שבולת שועל,גרמים,210.00,100 גרם,false,1,13.90,6.62,true,1,
7296073448112,false,חטיף ש.שועל+דבש42*5ג,"אפקטבעי בע""\מ",IL,חטיף שבולת שועל,גרמים,210.00,100 גרם,false,1,13.90,6.62,true,1,
7296073448129,false,חטיף ש.שועל+מייפל42*5ג,"אפקטבעי בע""\מ",IL,חטיף שבולת שועל,גרמים,210.00,100 גרם,false,1,13.90,6.62,true,1,
7296073449041,false,רביולי ארטישוק וגבינות,דורום תעשיות מזון ופסטה,IL,רביולי ארטישוק,גרמים,300.00,100 גרם,false,1,19.90,6.63,true,1,
7296073449508,false,מגבוני ניו בורן 64*4,דינמיק,IL,מגבוני ניו בורן,יחידה,1.00,יחידה,false,1,19.90,19.90,true,1,
7296073449515,false,מגבונים עם שמן שקדים64*4,דינמיק,IL,מגבוני בייבי,יחידה,1.00,יחידה,false,1,19.90,19.90,true,1,
7296073449539,false,"סבון קוביה כחול 500 מ""ל",טאהא קימיה,TR,סבון קוביה כחול,מיליליטרים,500.00,"100 מ""ל",false,1,9.90,1.98,true,1,
7296073449881,false,מגבות נייר גליל כפול 6יח,שניב תעשיות נייר,IL,מגבות נייר,מטרים,130.00,מטר,false,1,19.90,0.15,true,1,
7296073450313,false,תות בננה תמר קפוא לשייק,D.O.O LAKI,RS,תות בננה תמר קפו,גרמים,450.00,100 גרם,false,1,21.90,4.87,true,1,
7296073450320,false,מנגו תות תמר קפוא לשייק,D.O.O LAKI,RS,מנגו תות תמר קפו,גרמים,450.00,100 גרם,false,1,21.90,4.87,true,1,
7296073450726,false,פריכי.משולש פלפל שחור30ג,"פרח תעשיות מזון בע""\מ",IL,פריכיות משולשים,גרמים,30.00,100 גרם,false,1,4.90,16.33,true,1,
7296073450733,false,פריכיות משולש ברביקיו30ג,"פרח תעשיות מזון בע""\מ",IL,פריכיות משולשים,גרמים,30.00,100 גרם,false,1,4.90,16.33,true,1,
7296073451310,false,"fresh pure דאו.רול 50מ""ל",,IL,דאו.רול און אישה,מיליליטרים,50.00,"100 מ""ל",false,1,11.90,23.80,true,1,
7296073451914,false,פסטו בזיליקום שופרסל,"פרסקו חצבה 2006 בע""\מ",IL,פסטו בזיליקום שו,גרמים,180.00,100 גרם,false,1,14.90,8.28,true,1,
7296073451921,false,פסטו כוסברה שופרסל,"פרסקו חצבה 2006 בע""\מ",IL,פסטו כוסברה שופר,גרמים,180.00,100 גרם,false,1,14.90,8.28,true,1,
7296073451945,false,טפנד זיתים ירוקים שופרסל,"פרסקו חצבה 2006 בע""\מ",IL,טפנד זיתים ירוקי,גרמים,180.00,100 גרם,false,1,14.90,8.28,true,1,
7296073451976,false,ממרח עגבניות שופרסל,"פרסקו חצבה 2006 בע""\מ",IL,ממרח עגבניות שופ,גרמים,180.00,100 גרם,false,1,14.90,8.28,true,1,
7296073451983,false,ממרח קרם ארטישוק שופרסל,"פרסקו חצבה 2006 בע""\מ",IL,ממרח קרם ארטישוק,גרמים,180.00,100 גרם,false,1,14.90,8.28,true,1,
7296073451990,false,ממרח צ'ימיצ'ורי שופרסל,"פרסקו חצבה 2006 בע""\מ",IL,ממרח צ'ימיצ'ורי,גרמים,180.00,100 גרם,false,1,14.90,8.28,true,1,
7296073452386,false,אושפלו פרגית 550 גרם,סי.אי.פי מבוא חורון,IL,אושפלו פרגית,גרמים,500.00,100 גרם,false,1,37.90,7.58,true,1,
7296073452546,false,אוכמניות כחולות קפואות 3,D.O.O LUKOWA,RS,אוכמניות כחולות,גרמים,300.00,100 גרם,false,1,16.90,5.63,true,1,
7296073452577,false,מרשמלו ורוד לבן 180 גרם,"כרמית מזון בע""\מ",IL,מרשמלו ורוד לבן,גרמים,180.00,100 גרם,false,1,6.90,3.83,true,1,
7296073452584,false,מרשמלו טוויסטר 180 גרם,"כרמית מזון בע""\מ",IL,מרשמלו טוויסטר,גרמים,180.00,100 גרם,false,1,6.90,3.83,true,1,
7296073452645,false,גזר צבעוני,גזר שליט,IL,גזר צבעוני,גרמים,630.00,100 גרם,false,1,7.90,1.25,true,1,
7296073453932,false,אורז בסגנון מקסיקני250ג,מניופקטר,FR,תבשיל אורז,גרמים,250.00,100 גרם,false,1,8.90,3.56,true,1,
7296073453956,false,אורז בסגנון הודי 250 גרם,מניופקטר,FR,אורז בסגנון הודי,גרמים,250.00,100 גרם,false,1,8.90,3.56,true,1,
7296073453970,false,שניצל עוף אמיתי מעודן,מילועוף,IL,שניצל עוף אמיתי,גרמים,700.00,100 גרם,false,1,29.90,4.27,true,1,
7296073453994,false,שניצל עוף דק בציפוי פריך,מילועוף,IL,שניצל עוף דק בצי,גרמים,700.00,100 גרם,false,1,29.90,4.27,true,1,
7296073454434,false,זית קלמטה גדול מגולען70ג,מניופקטר,GR,זיתים קלמטה,גרמים,70.00,100 גרם,false,1,6.90,9.86,true,1,
7296073454465,false,זית ירוק ממול.פלפ.אדום70,מניופקטר,GR,זיתים ממולאים,גרמים,70.00,100 גרם,false,1,6.90,9.86,true,1,
7296073454472,false,מיקס זיתים שחור וירוק70ג,מניופקטר,GR,מיקס זיתים,גרמים,70.00,100 גרם,false,1,6.90,9.86,true,1,
7296073454885,false,נייר אפייה 100יח 38X42סמ,,PL,נייר אפייה,יחידה,1.00,יחידה,false,1,21.90,21.90,true,1,
7296073455356,false,טרליני בטעם טבעי 400 גרם,ATLANTE,IT,טרליני בטעם טבעי,גרמים,400.00,100 גרם,false,1,12.90,3.23,true,1,
7296073455387,false,טרליני עם שומר 400 גרם,ATLANTE,IT,טרליני עם שומר,גרמים,400.00,100 גרם,false,1,12.90,3.23,true,1,
7296073456360,false,עוגת גבינה פרורים 92*2גר,עדן קינוחים,IL,עוגת גבינה זוג,גרמים,184.00,100 גרם,false,1,12.90,7.01,true,1,
7296073457237,false,שוקולד עם עוגיות 100 גרם,דליקה,CH,שוקולד עם עוגיות,גרמים,100.00,100 גרם,false,1,6.20,6.20,true,1,
7296073457244,false,שוקולד חלב קורנפלקס 100ג,דליקה,CH,שוקולד חלב,גרמים,100.00,100 גרם,false,1,6.20,6.20,true,1,
7296073457268,false,שוקולד חלב+נוגט וקרמל100,דליקה,CH,שוקולד חלב,גרמים,100.00,100 גרם,false,1,6.20,6.20,true,1,
7296073457992,false,שורש גינגר טרי ארוז,POMMER,IL,שורש גינגר טרי,גרמים,250.00,100 גרם,false,1,10.90,4.36,true,1,
7296073458036,false,תירס גמדי שלם במי מלח425,מאנפאקטור,TH,תירס גמדי שלם,גרמים,425.00,100 גרם,false,1,6.90,1.62,true,1,
7296073459200,false,מיקס להכנת לחם כהה 500 ג,NIEDZWIADY MLYN,PL,מיקס להכנת לחם,גרמים,500.00,100 גרם,false,1,19.90,3.98,true,1,
7296073459231,false,קמח רב תכליתי ללא גלוטן,NIEDZWIADY MLYN,PL,קמח רב תכליתי,גרמים,500.00,100 גרם,false,1,19.90,3.98,true,1,
7296073459309,false,ציפס בטטה זיגזג שופרסל,"תעשיות תפוגן בע""\מ",IL,ציפס בטטה זיגזג,גרמים,500.00,100 גרם,false,1,17.90,3.58,true,1,
7296073461968,false,בייגלה עם בצל מקורמל 200,אלקה קו,RO,בייגלה עם בצל,גרמים,200.00,100 גרם,false,1,10.90,5.45,true,1,
7296073461975,false,בייגלה עם דבש 200 גרם,אלקה קו,RO,בייגלה עם דבש,גרמים,200.00,100 גרם,false,1,10.90,5.45,true,1,
7296073461982,false,בייגלה עם עגבניות 200גרם,אלקה קו,RO,בייגלה +עגבניות,גרמים,200.00,100 גרם,false,1,10.90,5.45,true,1,
7296073472797,false,"קמח חיטה לבן מנופה 1 ק""ג","שטיבל בע""\מ",IL,קמח לבן מנופה,קילוגרמים,1.00,"ק""ג",false,1,7.90,7.90,true,1,
7296073472827,false,"קמח תופח לבן מנופה 1 ק""ג","שטיבל בע""\מ",IL,קמח תופח מנופה,קילוגרמים,1.00,"ק""ג",false,1,8.90,8.90,true,1,
7296073472841,false,"קמח חיטה מלא מנופה 1 ק""ג","שטיבל בע""\מ",IL,קמח חיטה מלאה,קילוגרמים,1.00,"ק""ג",false,1,8.90,8.90,true,1,
7296073472896,false,"קמח כוסמין מנופה 1 ק""ג","שטיבל בע""\מ",IL,קמח כוסמין מנופה,קילוגרמים,1.00,"ק""ג",false,1,13.90,13.90,true,1,
7296073473398,false,קציצות דגים ברוטב פיקנטי,סי.אי.פי מבוא חורון,IL,קציצות דגים ברוט,גרמים,650.00,100 גרם,false,1,37.90,5.83,true,1,
7296073473466,false,סילאן אורגני לחיץ 470 ג,,AE,סילאן אורגני,גרמים,470.00,100 גרם,false,1,19.90,4.23,true,1,
7296073473497,false,בולגרית מעודנת 5% 250 גר,מחלבות רמת הגולן,IL,בולגרית מעודנת,גרמים,250.00,100 גרם,false,1,17.90,7.16,true,1,
7296073473503,false,בולגרית 5% שופרסל 250 גר,מחלבות רמת הגולן,IL,גבינה בולגרית,גרמים,250.00,100 גרם,false,1,17.90,7.16,true,1,
7296073473510,false,בולגרית 16% שופרסל 250 ג,מחלבות רמת הגולן,IL,גבינה בולגרית,גרמים,250.00,100 גרם,false,1,17.90,7.16,true,1,
7296073473527,false,צפתית5% מעודנת שופרסל200,מחלבות רמת הגולן,IL,צפתית 5% מעודנת,גרמים,200.00,100 גרם,false,1,10.90,5.45,true,1,
7296073473596,false,פיתה ציפס בטעם טבעי 90 ג,SRL ONE,IT,פיתה ציפס,גרמים,90.00,100 גרם,false,1,6.50,7.22,true,1,
7296073473602,false,פיתה ציפס בטעם פפריקה90ג,SRL ONE,IT,פיתה צ'יפס,גרמים,90.00,100 גרם,false,1,6.50,7.22,true,1,
7296073473657,false,שקדי מרק ללא גלוטן 200 ג,"חיים טובים מזון בע""\מ",IL,שקדי מרק ל.גלוטן,גרמים,200.00,100 גרם,false,1,13.90,6.95,true,1,
7296073473664,false,עוגת שוקולד ללא גלוטן350,גידרון,IL,עוגת שוקולד,גרמים,350.00,100 גרם,false,1,20.90,5.97,true,1,
7296073473671,false,עוגת תפוזים ללא גלוטן350,גידרון,IL,עוגת תפוזים,גרמים,350.00,100 גרם,false,1,20.90,5.97,true,1,
7296073473688,false,"עוגת שוקוציפס לל""ג350ג",גידרון,IL,עוגת שוקוציפס,גרמים,350.00,100 גרם,false,1,20.90,5.97,true,1,
7296073473800,false,ספגטי קונג'אק ל.גלוטן270,MORNING EASTERN SICHUAN,CN,ספגטי קונג'אק,גרמים,270.00,100 גרם,false,1,10.90,4.04,true,1,
7296073473817,false,פטוציני קונג'אק 270 גרם,MORNING EASTERN SICHUAN,CN,פטוצ'יני קונג'אק,גרמים,270.00,100 גרם,false,1,10.90,4.04,true,1,
7296073473824,false,נודלס קונג'אק ל.גלוטן270,MORNING EASTERN SICHUAN,CN,נודלס קונג'אק,גרמים,270.00,100 גרם,false,1,10.90,4.04,true,1,
7296073473886,false,משקה סויה מתוק.מעודן1ל,,ES,משקה סויה אורגני,ליטרים,1.00,ליטר,false,1,12.90,12.90,true,1,
7296073473909,false,תרסיס שמן קנולה שופר150מ,מאנפקטור,ES,תרסיס שמן,מיליליטרים,150.00,"100 מ""ל",false,1,15.90,10.60,true,1,
7296073473916,false,תרסיס שמן זית כתית 150 מ,מאנפקטור,ES,תרסיס שמן,מיליליטרים,150.00,"100 מ""ל",false,1,15.90,10.60,true,1,
7296073473923,false,תרסיס שמן בטעם חמאה 150,מאנפקטור,ES,תרסיס שמן,מיליליטרים,150.00,"100 מ""ל",false,1,12.90,8.60,true,1,
7296073484059,false,שמן סויה שופרסל 1 ליטר,סובנה,PT,שמן סויה,ליטרים,1.00,ליטר,false,1,11.90,11.90,true,1,
7296073484240,false,שקיות אוכל 150*2 יחידות,אשפלסט,IL,שקיות אוכל זוג,יחידה,1.00,יחידה,false,1,11.90,11.90,true,1,
7296073484257,false,בורקס טבעוני בטעם גבינה,גידרון,IL,בורקס טבעוני,גרמים,800.00,100 גרם,false,1,27.90,3.49,true,1,
7296073484417,false,ביצים אומגה L שופרסל 6יח,ביו אומגה,IL,ביצים אומגה6יח L,יחידה,1.00,יחידה,false,1,14.90,14.90,true,1,
7296073484585,false,גאודה עזים יישון שנה200ג,הנרי ויליך,NL,גאודה עיזים,גרמים,200.00,100 גרם,false,1,26.90,13.45,true,1,
7296073484981,false,קרם קוקוס 24%-22% 500מל,תאי קוקונט אל טי די,TH,קרם קוקוס,מיליליטרים,500.00,"100 מ""ל",false,1,11.90,2.38,true,1,
7296073484998,false,נוזל קוקוס 18%-17% 500גר,תאי קוקונט אל טי די,TH,נוזל קוקוס,מיליליטרים,500.00,"100 מ""ל",false,1,10.90,2.18,true,1,
7296073485001,false,קצפת קוקוס 500 גרם,תאי קוקונט אל טי די,TH,קצפת קוקוס,מיליליטרים,400.00,"100 מ""ל",false,1,12.90,3.23,true,1,
7296073485018,false,מיוקטשופ 430 גרם,אסיור,ES,מיוקטשופ,גרמים,430.00,100 גרם,false,1,11.90,2.77,true,1,
7296073485049,false,מחית עגבניות קלה 690 גרם,מאנפקטור,IT,מחית עגבניות,גרמים,690.00,100 גרם,false,1,10.90,1.58,true,1,
7296073485612,false,גרנולה עם זרעי פשתן300 ג,"אפקטבעי בע""\מ",IL,גרנולה זרעי פשתן,גרמים,300.00,100 גרם,false,1,17.90,5.97,true,1,
7296073485629,false,גרנולה בתוספת גרעינים300,"אפקטבעי בע""\מ",IL,גרנולה בתוספת,גרמים,300.00,100 גרם,false,1,17.90,5.97,true,1,
7296073485650,false,טבליות כלור 20 יחידות,גלובל פרודאכט,IL,טבליות כלור,יחידה,1.00,יחידה,false,1,30.90,30.90,true,1,
7296073495758,false,חסה לאליק הידרופונית,יגור חקלאות ועסקים,IL,חסה לאליק הידרופ,גרמים,190.00,100 גרם,false,1,12.90,6.79,true,1,
7296073495819,false,סבון לאסלה 50*3 גרם,רנקסאן פלסטיק סונגר סאן,TR,סבון לאסלה,גרמים,150.00,100 גרם,false,1,10.90,7.27,true,1,
7296073495826,false,טופו צ'ילי גרין 300 גרם,משק ויילר,IL,טופו צ'ילי גרין,גרמים,300.00,100 גרם,false,1,13.50,4.50,true,1,
7296073495857,false,טופו אורגני רך 300 גרם,"משק ויילר בע""\מ",IL,טופו אורגני,גרמים,300.00,100 גרם,false,1,13.90,4.63,true,1,
7296073496090,false,חט.פריכונים עם דבש80גרם,NETHERLANDS SANORICE,BE,חטיפי פריכונים,גרמים,80.00,100 גרם,false,1,7.50,9.38,true,1,
7296073496113,false,בצק פילו 500 גרם,ARABATZIS,GR,בצק פילו 500 גרם,גרמים,500.00,100 גרם,false,1,12.90,2.58,true,1,
7296073496144,false,זית ירוק נטולי גלעין390ג,"בית השיטה תעשיות בע""\מ",IL,זיתים ירוקים,גרמים,390.00,100 גרם,false,1,7.90,2.03,true,1,
7296073496151,false,זית קלמטה נטולי גלעין560,"בית השיטה תעשיות בע""\מ",IL,זיתי קלמטה,גרמים,560.00,100 גרם,false,1,11.90,2.13,true,1,
7296073496168,false,זיתים מרוקאי 340 גרם,"בית השיטה תעשיות בע""\מ",IL,זיתים מרוקאי,גרמים,340.00,100 גרם,false,1,11.90,3.50,true,1,
7296073496304,false,WOW קראנץ קרמל מלוח 90גר,INNOVATION WAWI,DE,WOW קראנץ קרמל,גרמים,90.00,100 גרם,false,1,9.90,11.00,true,1,
7296073496335,false,טבלת קראנץ בטעם תפוז 90,INNOVATION WAWI,DE,WOW שוקולד תפוז,גרמים,90.00,100 גרם,false,1,9.90,11.00,true,1,
7296073496342,false,WOW ק.בוטנים+פיצפוצים110,INNOVATION WAWI,DE,WOW ק.בוטנים,גרמים,110.00,100 גרם,false,1,10.00,9.09,true,1,
7296073496472,false,מגבוני נייר טואלט 56 יחי,דינמיק תעשיות מגבונים,IL,מגבוני נ.טואלט,יחידה,1.00,יחידה,false,1,7.90,7.90,true,1,
7296073496601,false,קרם קוקוס אורגני 500 גרם,COCONUT THAI,TH,קרם קוקוס אורגני,מיליליטרים,500.00,"100 מ""ל",false,1,15.90,3.18,true,1,
7296073496618,false,חלב קוקוס אורגני 500 גרם,COCONUT THAI,TH,חלב קוקוס אורגני,מיליליטרים,500.00,"100 מ""ל",false,1,13.90,2.78,true,1,
7296073496793,false,תמרים דחוסים ללא חרצנים,"טעמי הגליל בע""\מ",IL,תמר דחוס,גרמים,500.00,100 גרם,false,1,13.90,2.78,true,1,
7296073496816,false,עגבניות מרוסקות400*3ג,S.P.A DAVIA,IT,עגבניות מרוסק3יח,קילוגרמים,1.20,"ק""ג",false,1,18.90,15.75,true,1,
7296073496823,false,עגבניות אורג.קוביות400ג,S.P.A DAVIA,IT,עגבניות אורגניות,גרמים,400.00,100 גרם,false,1,3.90,0.98,true,1,
7296073497271,false,תערוב.הכנת עוגת שמרים300,"י. כהן בע""\מ",IL,תערובת הכנת עוגה,גרמים,300.00,100 גרם,false,1,15.90,5.30,true,1,
7296073497615,false,עוגיות קרמבו וניל 200 גר,"אפיפית נצרת (1971) בע""\מ",IL,עוגיות בטעם וניל,גרמים,200.00,100 גרם,false,1,5.90,2.95,true,1,
7296073497639,false,ביסקוויט חיות 180 גרם,"אפיפית נצרת (1971) בע""\מ",IL,ביסקוויט חיות,גרמים,180.00,100 גרם,false,1,5.90,3.28,true,1,
7296073497721,false,ש.שועל דקה ללא גלוטן500ג,,IL,שיבולת שועל דקה,גרמים,500.00,100 גרם,false,1,18.90,3.78,true,1,
7296073497738,false,ש.שועל עבה ללא גלוטן500ג,,IL,שבולת שועל עבה,גרמים,500.00,100 גרם,false,1,18.90,3.78,true,1,
7296073497813,false,סילאן אורגני 900 גרם,FACTORY DATES BARAKAH AL,AE,סילאן אורגני,גרמים,900.00,100 גרם,false,1,25.90,2.88,true,1,
7296073513629,false,מגבוני ניקוי עם חומץ50יח,עלבד,IL,מגבוני ניקוי,יחידה,1.00,יחידה,false,1,9.90,9.90,true,1,
7296073514541,false,ברזלית 6 יחידות,"סדובסקי בע""\מ",CN,ברזלית 6 יחידות,יחידה,1.00,יחידה,false,1,15.20,15.20,true,1,
7296073514848,false,שזיף מגולען באריזת זיפר,PEYMAN,TR,שזיף מגולען,גרמים,200.00,100 גרם,false,1,14.90,7.45,true,1,
7296073514855,false,משמש מיובש באריזת זיפר,PEYMAN,TR,משמש מיובש,גרמים,200.00,100 גרם,false,1,14.90,7.45,true,1,
7296073514930,false,אגוז מלך טבעי בצנצנת 140,דין שיווק,US,אגוז מלך טבעי,גרמים,140.00,100 גרם,false,1,16.90,12.07,true,1,
7296073515104,false,סירופ סילאן בצנצנת 900 ג,"טעמי הגליל בע""\מ",IL,סירופ סילאן,גרמים,900.00,100 גרם,false,1,15.80,1.76,true,1,
7296073515111,false,סירופ סילאן בצנצנת 360 ג,"טעמי הגליל בע""\מ",IL,סירופ סילאן,גרמים,360.00,100 גרם,false,1,10.20,2.83,true,1,
7296073515128,false,סירופ סילאן לחיץ 360 גרם,"טעמי הגליל בע""\מ",IL,סילאן בקבוק לחיץ,גרמים,360.00,100 גרם,false,1,13.40,3.72,true,1,
7296073515135,false,מלית תמרים 450 גרם,"טעמי הגליל בע""\מ",IL,מלית תמרים,גרמים,450.00,100 גרם,false,1,5.90,1.31,true,1,
7296073515234,false,שורש כורכום יחידה,POMMER,IL,שורש כורכום,גרמים,120.00,100 גרם,false,1,11.90,9.92,true,1,
7296073515241,false,פרמג'יאנו רג'יאנו 150 גר,פורגרנה,IT,פרמג'יאנו רגיאנו,גרמים,150.00,100 גרם,false,1,28.90,19.27,true,1,
7296073515357,false,פיתות אסליות 100*5גרם,"מאפיית אורן משי בע""\מ",IL,פיתו אסליות 5יח,גרמים,500.00,100 גרם,false,1,8.50,1.70,true,1,
7296073515623,false,גבינה צהובה 28% 200 גרם,MLEKOVITA,PL,גבינה צהובה,גרמים,200.00,100 גרם,false,1,6.60,3.30,true,1,
7296073515630,false,גבינה צהובה 28% 400 גרם,MLEKOVITA,PL,גבינה צהובה,גרמים,400.00,100 גרם,false,1,13.20,3.30,true,1,
7296073516026,false,דגנים בציפוי שוקולד 65ג,נטורל קייקס,IL,דגנים בציפוי,גרמים,65.00,100 גרם,false,1,9.90,15.23,true,1,
7296073516040,false,קורנפלקס בציפוי שוקול65,נטורל קייקס,IL,קורנפלקס בציפוי,גרמים,65.00,100 גרם,false,1,9.90,15.23,true,1,
7296073516132,false,מעדן סולת וקינמון 130*2ג,עדן קינוחים,IL,מעדן סולת,גרמים,260.00,100 גרם,false,1,12.90,4.96,true,1,
7296073516156,false,גליל עיזים שופרסל 180 גר,"שלושת האופים בע""\מ",IL,גליל גבינת עיזים,גרמים,180.00,100 גרם,false,1,22.90,12.72,true,1,
7296073516163,false,גליל עיזים זית שופרסל180,"שלושת האופים בע""\מ",IL,גליל גבינת עיזים,גרמים,180.00,100 גרם,false,1,22.90,12.72,true,1,
7296073516187,false,רוקט 100גרם,בשמת,IL,רוקט,גרמים,100.00,100 גרם,false,1,9.90,9.90,true,1,
7296073516194,false,בזיליקום 100 גרם,בשמת,IL,בזיליקום,גרמים,100.00,100 גרם,false,1,9.90,9.90,true,1,
7296073516286,false,מגבונים לחים לילדים 72*4,"DPL בע""מ",IL,מגבונים לחים,יחידה,1.00,יחידה,false,1,16.90,16.90,true,1,
7296073526438,false,צימוקים אורגניים250 גרם,FOODS OZGUR,TR,צימוקים אורגניים,גרמים,250.00,100 גרם,false,1,11.90,4.76,true,1,
7296073526483,false,קפה טורקי 4 * 85 גרם,רוני רג'ואן ושות,IL,קפה טורקי 4 יח,גרמים,340.00,100 גרם,false,1,14.90,4.39,true,1,
7296073526520,false,בישקוטים ללא גלוטן 125 ג,ויסנזי,IT,בישקוטים ל.גלוטן,גרמים,125.00,100 גרם,false,1,15.90,12.72,true,1,
7296073526773,false,ג'ל להדברת נמלים10מל,סיקמקס,IL,ג'ל להדברת נמלים,גרמים,15.00,100 גרם,false,1,39.90,266.00,true,1,
7296073526803,false,מלכודת ג'וקים עם פיתיון4,סדובסקי,CN,מלכודת ג'וקים,יחידה,1.00,יחידה,false,1,39.90,39.90,true,1,
7296073526926,false,פרל שמפו לשיער צבוע500מל,א.משי תעשיות,IL,שמפו פרל לשיער,מיליליטרים,500.00,"100 מ""ל",false,1,19.90,3.98,true,1,
7296073527299,false,תירוש מיץ ענבים אדום 1 ל,כרם מהדרין,IL,תירוש מיץ ענבים,ליטרים,1.00,ליטר,false,1,15.50,15.50,true,1,
7296073527374,false,גבינת גאודה מגורדת 400גר,ויליפוד,IL,גאודה מגורדת,גרמים,400.00,100 גרם,false,1,25.90,6.48,true,1,
7296073528562,false,"בצק עלים 1 ק""ג",ARABATZIS,GR,בצק עלים,קילוגרמים,1.00,"ק""ג",false,1,16.90,16.90,true,1,
7296073528692,false,מלח ים טבעי שופרסל 500 ג,אינפוסה,ES,מלח ים,גרמים,500.00,100 גרם,false,1,6.90,1.38,true,1,
7296073528708,false,מלח ים טבעי שופרסל 250 ג,אינפוסה,ES,מלח ים,גרמים,250.00,100 גרם,false,1,4.90,1.96,true,1,
7296073528760,false,קיסמי אוזניים עץ שק100יח,אל ואי טי,CN,קיסמי אוזניים,יחידה,1.00,יחידה,false,1,2.50,2.50,true,1,
7296073528777,false,קיסמי אוזניים עץ שק300יח,אל ואי טי,CN,קיסמי אוזניים,יחידה,1.00,יחידה,false,1,6.90,6.90,true,1,
7296073528791,false,קיסמי אוזניים פלסטיק300י,אס טי או,CN,קיסמי אוזניים,יחידה,1.00,יחידה,false,1,9.50,9.50,true,1,
7296073528814,false,קיסמי אוזניים פלסטיק100י,אס טי או,CN,קיסמי אוזניים,יחידה,1.00,יחידה,false,1,2.50,2.50,true,1,
7296073529118,false,בזיליקום לתיבול 180גרם,"פרסקו חצבה 2006 בע""\מ",IL,בזיליקום לתיבול,גרמים,180.00,100 גרם,false,1,10.90,6.06,true,1,
7296073529125,false,מיקס ים תיכוני לתיבול,"פרסקו חצבה 2006 בע""\מ",IL,מיקס ים תיכוני ל,גרמים,180.00,100 גרם,false,1,10.90,6.06,true,1,
7296073529415,false,פונדנט שוקולד קפוא180גרם,SAS POMONE,FR,פונדנט שוקולד,גרמים,180.00,100 גרם,false,1,13.90,7.72,true,1,
7296073529422,false,שעועית בובס שופרסל400גרם,מיה,IL,שעועית בובס,גרמים,400.00,100 גרם,false,1,14.80,3.70,true,1,
7296073529439,false,"כוסמת קלויה 1 ק""ג",מיה,IL,כוסמת קלויה,קילוגרמים,1.00,"ק""ג",false,1,12.90,12.90,true,1,
7296073529453,false,עדשים שחור בלוגה 500 גרם,מיה,IL,עדשים שחורות,גרמים,500.00,100 גרם,false,1,8.90,1.78,true,1,
7296073529507,false,רוטב נפוליטנה 200 גרם,דורום תעשיות מזון ופסטה,IL,רוטב נפוליטנה,גרמים,200.00,100 גרם,false,1,9.90,4.95,true,1,
7296073529521,false,רוטב רוזה ועגבניות 200 ג,דורום תעשיות מזון ופסטה,IL,רוטב רוזה,גרמים,250.00,100 גרם,false,1,9.90,3.96,true,1,
7296073529972,false,"יין קידוש גפן 750 מ""ל",כרם מהדרין,IL,יין קידוש גפן,מיליליטרים,750.00,"100 מ""ל",false,1,16.90,2.25,true,1,
7296073530091,false,קורנפלור 200 גרם,מיה,IL,קורנפלור 200 גרם,גרמים,200.00,100 גרם,false,1,4.00,2.00,true,1,
7296073530107,false,קורנפלור 500 גרם,מיה,IL,קורנפלור 500 גרם,גרמים,500.00,100 גרם,false,1,5.90,1.18,true,1,
7296073530336,false,תירס גמדי חתוך 425 גרם,מאנפאקטור,TH,תירס גמדי חתוך,גרמים,425.00,100 גרם,false,1,6.90,1.62,true,1,
7296073530343,false,סילאן פרימיום 350 גרם,"טעמי הגליל בע""\מ",IL,סילאן פרימיום,גרמים,350.00,100 גרם,false,1,13.90,3.97,true,1,
7296073530350,false,סילאן פרימיום 900 גרם,"טעמי הגליל בע""\מ",IL,סילאן פרימיום,גרמים,900.00,100 גרם,false,1,22.90,2.54,true,1,
7296073530374,false,טחינה אורגנית גרין 500 ג,אחדות,IL,טחינה אורגנית,גרמים,500.00,100 גרם,false,1,10.00,2.00,true,1,
7296073530381,false,טחינה אורגנית מלאה500ג,אחדות,IL,טחינה אורגנית,גרמים,500.00,100 גרם,false,1,10.00,2.00,true,1,
7296073531050,false,ספוג הפלא+שכבה ירוקה 6יח,"סדובסקי בע""\מ",IL,ספוג הפלא 6 יח,יחידה,1.00,יחידה,false,1,8.90,8.90,true,1,
7296073531265,false,פדים להסרת איפור 80 יח,LTD CO S.T.O,TR,פדים להסרת איפור,יחידה,1.00,יחידה,false,1,8.50,8.50,true,1,
7296073531333,false,דגני בוקר בטעם נוגט686ג,"נטורל קייקס בע""\מ",IL,דגני בוקר נוגט,גרמים,686.00,100 גרם,false,1,19.90,2.90,true,1,
7296073531340,false,דגני בוקר בטעם וניל686ג,"נטורל קייקס בע""\מ",IL,דגני בוקר וניל,גרמים,686.00,100 גרם,false,1,19.90,2.90,true,1,
7296073531357,false,דגני בוקר ט.וניל דארק686,"נטורל קייקס בע""\מ",IL,דגני בוקר וניל,גרמים,686.00,100 גרם,false,1,19.90,2.90,true,1,
7296073552789,false,ביסקוויט בטעם קרמל 250גר,פאלי,NL,ביסקוויט ט.קרמל,גרמים,250.00,100 גרם,false,1,10.90,4.36,true,1,
7296073552796,false,רביולי גבינות קפוא 330 ג,זוקה,IL,רביולי גבינות,גרמים,330.00,100 גרם,false,1,19.90,6.03,true,1,
7296073552826,false,רביולי סלק קפוא,זוקה,IL,רביולי סלק קפואר,גרמים,330.00,100 גרם,false,1,19.90,6.03,true,1,
7296073552833,false,"סבון נוזלי לבן 500 מ""ל",טאהא קימיה,TR,סבון נוזלי,מיליליטרים,500.00,"100 מ""ל",false,1,11.90,2.38,true,1,
7296073552987,false,קוסקוס ים תיכוני 280 גרם,טרויג'אנו,ES,קוסקוס ים תיכוני,גרמים,300.00,100 גרם,false,1,12.90,4.30,true,1,
7296073552994,false,ריזוטו ים תיכוני 280 גרם,טרויג'אנו,ES,ריזוטו ים תיכוני,גרמים,280.00,100 גרם,false,1,12.90,4.61,true,1,
7296073553007,false,קוסקוס מרוקאי 300 גרם,טרויג'אנו,ES,קוסקוס מרוקאי,גרמים,300.00,100 גרם,false,1,12.90,4.30,true,1,
7296073553045,false,קבבוני אנגוס 400 גרם,"טיבון ויל אחזקות בע""\מ",IL,קבבוני אנגוס,גרמים,400.00,100 גרם,false,1,24.90,6.23,true,1,
7296073553069,false,קבב אנגוס 400 גרם,"טיבון ויל אחזקות בע""\מ",IL,קבב אנגוס,גרמים,400.00,100 גרם,false,1,24.90,6.23,true,1,
7296073553076,false,קבבונים עם שומן כבש,"טיבון ויל אחזקות בע""\מ",IL,קבבונים עם שומן,גרמים,400.00,100 גרם,false,1,24.90,6.23,true,1,
7296073553083,false,המבורגר אנגוס 400 גרם,"טיבון ויל אחזקות בע""\מ",IL,המבורגר אנגוס,גרמים,400.00,100 גרם,false,1,24.90,6.23,true,1,
7296073553090,false,נקנקיות מרגזבסגנוןמרוקאי,"טיבון ויל אחזקות בע""\מ",IL,נקנקיות מרגזבסגנ,גרמים,400.00,100 גרם,false,1,24.90,6.23,true,1,
7296073553922,false,ברי כבשים 130 גרם,"מחלבת טבע עז בע""\מ",IL,ברי כבשים,גרמים,130.00,100 גרם,false,1,20.90,16.08,true,1,
7296073554073,false,פיצה מרגריטה פרימיום,SRL PIZZA MEGIC,IT,פיצה מרגריטה,גרמים,400.00,100 גרם,false,1,26.90,6.73,true,1,
7296073554097,false,פיצה פרימיום עם זיתים 40,SRL PIZZA MEGIC,IT,פיצה פרימיום,גרמים,400.00,100 גרם,false,1,26.90,6.73,true,1,
7296073554103,false,עוגת גב.פירורים לייט78*2,עדן קינוחים,IL,עוגת גבינה לייט,גרמים,2.00,100 גרם,false,1,12.90,645.00,true,1,
7296073564683,false,BE אל סבון מאסק 1ליטר,טאהא קימיה,TR,BE אל סבון,ליטרים,1.00,ליטר,false,1,12.90,12.90,true,1,
7296073564690,false,BE אל סבון לבנדר 1 ליטר,טאהא קימיה,TR,BE אל סבון,ליטרים,1.00,ליטר,false,1,12.90,12.90,true,1,
7296073564706,false,BE אל סבון ורדים 1 ליטר,טאהא קימיה,TR,BE אל סבון,ליטרים,1.00,ליטר,false,1,12.90,12.90,true,1,
7296073565116,false,מטלית מיקורופייבר לרצפה,סדובסקי,CN,מטלית מקרופייבר,יחידה,1.00,יחידה,false,1,10.90,10.90,true,1,
7296073565550,false,קצפיות מרנג וניל 180 גרם,"אחדות ביח""ר לטחינה",IL,קצפיות מרנג וניל,גרמים,180.00,100 גרם,false,1,13.90,7.72,true,1,
7296073578161,false,כפפות לטקס S 100 יחידות,COMPANY DR.BOO,TH,כפפות לטקס S,יחידה,1.00,יחידה,false,1,29.90,29.90,true,1,
7296073579120,false,גליל עזים בציפוי פלפל120,"מחלבת טבע עז בע""\מ",IL,גליל עזים פלפל,גרמים,120.00,100 גרם,false,1,21.90,18.25,true,1,
7296073579601,false,תירס גמדי שלם בחומץ 340ג,אינדיה אגרו אקספורט,IN,תירס גמדי בחומץ,גרמים,340.00,100 גרם,false,1,7.50,2.21,true,1,
7296073579618,false,תירס גמדי שלם חומ.דבש340,אינדיה אגרו אקספורט,IN,תירס גמדי בחומץ,גרמים,340.00,100 גרם,false,1,7.50,2.21,true,1,
7296073579731,false,צלחת PP לבן 40 יחידות,,CN,צלחת חד פעמית,יחידה,1.00,יחידה,false,1,25.00,25.00,true,1,
7296073579748,false,כוס שתייה כוכבים זהב 50,,CN,כוס שתיה,יחידה,1.00,יחידה,false,1,10.00,10.00,true,1,
7296073590927,false,נבטי אפונה יחידה,קטיף.,IL,נבטי אפונה,יחידה,1.00,יחידה,false,1,6.90,6.90,true,1,
7296073592891,false,לבבות חסה קראנץ,משק יגור,IL,לבבות חסה קראנץ,גרמים,190.00,100 גרם,false,1,11.90,6.26,true,1,
7297084000702,false,"צלחות דקל מרובעת 25 ס""מ",,IN,צלחת דקל,יחידה,1.00,יחידה,false,1,19.90,19.90,true,1,
<<<<<<< HEAD
7297488098152,false,דגש קמח חומוס ללא גל,אף.סי תבליני בגליל ב,IL,קמח חומוס,גרמים,500.00,100 גרם,false,0,18.00,3.60,true,1,
7297488098305,false,קמח שקדים ללא גלוטן,תות תעשיות מזון (201,IL,קמח שקדים,גרמים,250.00,100 גרם,false,0,27.90,11.16,true,1,
7312040017683,false,"אבסולוט וודקה, 700 מ''ל","איי, בי, אינבוו",SE,וודקה אבסולוט,מיליליטרים,700.00,"100 מ""ל",false,0,64.90,9.27,true,1,
7394376123337,false,"משקה שיבולת שועל אורגני מפוקח ע""י סקאל",טרנסומס פוד איי.בי,SE,משקה שיבולת שועל,ליטרים,1.00,ליטר,false,1,14.90,14.90,true,1,
7394376615825,false,אוטלי משקה שיבולת שועל מועשר בסידן וויטמינים 1 ליטר,טרנסומס פוד,SE,משקה שיבולת שועל,ליטרים,1.00,ליטר,false,1,14.90,14.90,true,1,
7394376615832,false,אוטלי משקה שיבולת שועל בטעם שוקולד 1 ליטר,טרנסומס פוד,SE,משקה שיבולת שועל,ליטרים,1.00,ליטר,false,1,16.90,16.90,true,1,
7394376616778,false,אוטלי משקה שיבולת שועל להקצפה בריסטה 1 ליטר,טרנסומס פוד,SE,משקה שיבולת שועל,ליטרים,1.00,ליטר,false,1,16.90,16.90,true,1,
=======
7297488098152,false,קמח חומוס ללא גלוטן דגש 500 גרם,אף.סי תבליני בגליל ב,IL,קמח חומוס,גרמים,500.00,100 גרם,false,0,18.00,3.60,true,1,
7297488098305,false,"מרק דגש""קמח שקדים""250גרם",תות תעשיות מזון (201,IL,קמח שקדים,גרמים,250.00,100 גרם,false,0,27.90,11.16,true,1,
7312040017683,false,מארז אבסולוט רגיל(וודקה {}{700 עם כוס,טמפו משקאות בע`מ,SE,וודקה אבסולוט,מיליליטרים,700.00,"100 מ""ל",false,0,64.90,9.27,true,1,
7394376123337,false,"משקה שיבולת שועל אורגני מפוקח ע""י סקאל",טרנסומס פוד איי.בי,SE,משקה שיבולת שועל,ליטרים,1.00,ליטר,false,1,14.90,14.90,true,1,
7394376615825,false,אוטלי משקה שיבולת שועל מועשר בסידן וויטמינים 1 ליטר,ש. שסטוביץ בע`מ,SE,משקה שיבולת שועל,ליטרים,1.00,ליטר,false,1,14.90,14.90,true,1,
7394376615832,false,אוטלי משקה שיבולת שועל בטעם שוקולד 1 ליטר,ש. שסטוביץ בע`מ,SE,משקה שיבולת שועל,ליטרים,1.00,ליטר,false,1,16.90,16.90,true,1,
7394376616778,false,אוטלי משקה שיבולת שועל להקצפה בריסטה 1 ליטר,ש. שסטוביץ בע`מ,SE,משקה שיבולת שועל,ליטרים,1.00,ליטר,false,1,16.90,16.90,true,1,
>>>>>>> d048ac2f4f281c9d788043ab4e81b61b0dbe3743
7501013122114,false,"נקטר משקה אננס בקרטונית ג'ומקס, 1 ל'",חומקס קומר קומרסאליזדורה,MX,משקה ג'ומקס אננס,ליטרים,1.00,ליטר,false,1,11.10,11.10,true,1,
7501013122190,false,ג'ומקס מיץ תפוחים קרטונית ליטר תריסר,חומקס קומר קומרסאליזדורה,MX,משקה ג'ומקס תפוח,ליטרים,1.00,ליטר,false,1,11.10,11.10,true,1,
7501013122992,false,ג'ומקס מיץ קוקוס אננס קרטונית ליטר תריסר,חומקס קומר קומרסאליזדורה,MX,משקה קוקוס אננס,ליטרים,1.00,ליטר,false,1,11.10,11.10,true,1,
7501013138047,false,משקה רימונים יוניקו פרסקו ג'ומקס בקרטונית 1 ליטר,חומקס קומר קומרסאליזדורה,MX,משקה רימונים,ליטרים,1.00,ליטר,false,1,11.50,11.50,true,1,
7501035042131,false,"טקילה קוארבו אספסיאל גולד 700 מ""ל",קאזה קוארבו,MX,טקילה קוארבו,מיליליטרים,700.00,"100 מ""ל",false,1,95.00,13.57,true,1,
<<<<<<< HEAD
7501049936945,false,"שישיית בירה סול בקבוק 330 מ""ל",היינקן,NL,בירה סול 6 יח',ליטרים,1.98,ליטר,false,1,32.90,16.61,true,1,
=======
7501049936945,false,"שישיית בירה סול בקבוק 330 מ""ל",טמפו משקאות בע`מ,NL,בירה סול 6 יח',ליטרים,1.98,ליטר,false,1,32.90,16.61,true,1,
>>>>>>> d048ac2f4f281c9d788043ab4e81b61b0dbe3743
7501064191398,false,שישיית בירה קורונה אקסטרא *355 מל,קריניציה ויטמינה אס,MX,בירה קורונה 6 יח,ליטרים,2.13,ליטר,false,1,39.90,18.73,true,1,
7509546061672,false,דאודורנט סטיק אקסטרים אינטנס,קולגייט פלמוליב,US,דאו.ספיד סטיק,גרמים,50.00,100 גרם,false,1,17.90,35.80,true,1,
7509546666846,false,"קולגייט טוטאל משחת שיניים פחם 75 מ""ל",קולגייט פלמוליב,MX,טוטאל פחם,מיליליטרים,75.00,"100 מ""ל",false,1,21.90,29.20,true,1,
7610113013250,false,"משקה כוהלי על בסיס רום בקרדי 250 מ""ל",בקרדי מרטיני,DE,בקרדי מוחיטו,מיליליטרים,250.00,"100 מ""ל",false,1,15.90,6.36,true,1,
7610211130804,false,הרמזית 800 טבליות 9גרם,,CH,הרמזית,גרמים,9.00,100 גרם,false,1,27.30,303.33,true,1,
7610400091060,false,שוקולד מריר לינדט אקסלנס בתוספת תפוז ושקדים,לינדט ושפרונגלי קילש,CH,שוקולד לינדט,גרמים,100.00,100 גרם,false,1,16.90,16.90,true,1,
<<<<<<< HEAD
7613030979647,false,דגני בוקר טריקס פירות עולם היורה 480 ג',ג'נרל מילס סאן אדריא,CL,טריקס בטעם פירות,גרמים,480.00,100 גרם,false,1,28.90,6.02,true,1,
7613032045753,false,פיטנס - דגני בוקר שוקולד 375 גרם,נסטלה צרפת איטנקורט,FR,פיטנס שוקולד,גרמים,375.00,100 גרם,false,0,22.90,6.11,true,1,
7613033548192,false,פיטנס - דגני בוקר שוקולד מריר 375 גרם,נסטלה צרפת איטנקורט,FR,פיטנס שוקולד,גרמים,375.00,100 גרם,false,0,22.90,6.11,true,1,
7613035622623,false,פיטנס - גרנולה שקדים ודבש 300 גרם,שוורצקוף& הנקל דיסלד,LT,גרנולה פיטנס,גרמים,300.00,100 גרם,false,1,15.90,5.30,true,1,
7613035635845,false,פיטנס גרנולה שוקולד 14*300 גרם,שוורצקוף& הנקל דיסלד,LT,גרנולה פיטנס,גרמים,300.00,100 גרם,false,1,15.90,5.30,true,1,
7613036105545,false,"דוגלי גזע קטן 4*3 קילו ""אסם""",נסטלה פורינה באק הונ,HU,דוגלי גזע קטן,קילוגרמים,3.00,"ק""ג",false,1,52.60,17.53,true,1,
7613036387798,false,פיטנס דגנים מלאים ואורז פתיתים ויוגורט 350ג',נסטלה צרפת איטנקורט,FR,דגני פיטנס,גרמים,350.00,100 גרם,false,1,22.90,6.54,true,1,
7613036520492,false,פרפקטו רוטב עגבניות לפיצה אסם 400 גרם,אסם פרפקטו Perfecto,ES,רוטב עגבניות,גרמים,400.00,100 גרם,false,1,7.90,1.98,true,1,
7613036737623,false,קראנץ' רולס נסטלה 410 גרם,"אסם תעשיות בע""מ",FR,דגני בוקר קראנץ',גרמים,410.00,100 גרם,false,1,27.90,6.80,true,1,
7613036867870,false,נסקפה דולצה גוסטו אספרסו בריסטה קפסולות 112 ג',נסטלה אנגליה,ES,קפסולות נסקפה,גרמים,128.00,100 גרם,false,1,28.90,22.58,true,1,
7613036880534,false,גרבר מחית ירקות מעורבים מטרנה 190 גר',נסטלה פולסקה אס.איי,PL,מחית מרק ירקות,גרמים,190.00,100 גרם,false,1,6.90,3.63,true,1,
7613036976671,false,פריסקיז פאוצ' עוף ברוטב 26*85גרם,נסטלה פורינה הונגריה,HU,פריסקיז פאוצ',גרמים,85.00,100 גרם,false,1,5.50,6.47,true,1,
7613037686906,false,פיטנס שקדים ודבש 355 גרם מופחת סוכר,נסטלה צרפת איטנקורט,FR,פיטנס שקדים ודבש,גרמים,355.00,100 גרם,false,1,22.90,6.45,true,1,
7613037811629,false,דגני בוקר קורנפלקס גו פרי 500 גר',שוורצקוף& הנקל דיסלד,GB,גו פרי קורנפלקס,גרמים,500.00,100 גרם,false,1,14.90,2.98,true,1,
7613039770450,false,טבעול סנסשיונל בורגר צמחוני 226 גרם,ג'נרל מילס סאן אדריא,CZ,סנסשיונל בורגר,גרמים,226.00,100 גרם,false,1,37.90,16.77,true,1,
7613039771174,false,טבעול סנסשיונל מינס טחון צמחוני 400 גרם,ג'נרל מילס סאן אדריא,CZ,סנסשיונל טחון צמ,גרמים,400.00,100 גרם,false,1,37.90,9.48,true,1,
7613287394323,false,דגני בוקר מולטי צ'יריוס 600 גרם,נסטלה פולין דגני בוק,GB,מולטי צ'יריוס,גרמים,600.00,100 גרם,false,1,25.90,4.32,true,1,
7613287476678,false,דגני בוקר סינימיניס צ'ורוס נסטלה 360 ג',נסטלה אוונקה,PT,סיני מיניס צורוס,גרמים,360.00,100 גרם,false,1,27.70,7.69,true,1,
=======
7613030979647,false,דגני בוקר טריקס פירות עולם היורה 480 ג',קבוצת אוסם סחר שותפות מוגבלת,CL,טריקס בטעם פירות,גרמים,480.00,100 גרם,false,1,28.90,6.02,true,1,
7613032045753,false,פיטנס דגנים מחיטה מלאה שוקולד 375גרם,קבוצת אוסם סחר שותפות מוגבלת,FR,פיטנס שוקולד,גרמים,375.00,100 גרם,false,0,22.90,6.11,true,1,
7613033548192,false,פיטנס - דגני בוקר שוקולד מריר 375 גרם,קבוצת אוסם סחר שותפות מוגבלת,FR,פיטנס שוקולד,גרמים,375.00,100 גרם,false,0,22.90,6.11,true,1,
7613035622623,false,פיטנס גרנולה שקדים ודבש נסטלה (300 גרם),קבוצת אוסם סחר-שות.מוגבלת,LT,גרנולה פיטנס,גרמים,300.00,100 גרם,false,1,15.90,5.30,true,1,
7613035635845,false,פיטנס גרנולה שוקולד 300 גר`אסם,קבוצת אוסם סחר-שות.מוגבלת,LT,גרנולה פיטנס,גרמים,300.00,100 גרם,false,1,15.90,5.30,true,1,
7613036105545,false,"דוגלי גזע קטן 4*3 קילו ""אסם""",קבוצת אוסם סחר שותפות מוגבלת,HU,דוגלי גזע קטן,קילוגרמים,3.00,"ק""ג",false,1,52.60,17.53,true,1,
7613036387798,false,פיטנס דגנים מלאים ואורז פתיתים ויוגורט 350ג',קבוצת אוסם סחר-שות.מוגבלת,FR,דגני פיטנס,גרמים,350.00,100 גרם,false,1,22.90,6.54,true,1,
7613036520492,false,פרפקטו רוטב עגבניות לפיצה אסם 400 גרם,קבוצת אוסם סחר-שות.מוגבלת,ES,רוטב עגבניות,גרמים,400.00,100 גרם,false,1,7.90,1.98,true,1,
7613036737623,false,דגני בוקר קראנץ מיקס 410גר,קבוצת אוסם סחר שותפות מוגבלת,FR,דגני בוקר קראנץ',גרמים,410.00,100 גרם,false,1,27.90,6.80,true,1,
7613036867870,false,נסקפה דולצה גוסטו אספרסו בריסטה קפסולות 112 ג',קבוצת אוסם סחר שותפות מוגבלת,ES,קפסולות נסקפה,גרמים,128.00,100 גרם,false,1,28.90,22.58,true,1,
7613036880534,false,גרבר מחית ירקות מעורבים מטרנה 190 גר',קבוצת אוסם סחר שותפות מוגבלת,PL,מחית מרק ירקות,גרמים,190.00,100 גרם,false,1,6.90,3.63,true,1,
7613036976671,false,פריסקיז פאוצ' עוף ברוטב 26*85גרם,קבוצת אוסם סחר שותפות מוגבלת,HU,פריסקיז פאוצ',גרמים,85.00,100 גרם,false,1,5.50,6.47,true,1,
7613037686906,false,פיטנס שקדים ודבש 355 גרם מופחת סוכר,קבוצת אוסם סחר שותפות מוגבלת,FR,פיטנס שקדים ודבש,גרמים,355.00,100 גרם,false,1,22.90,6.45,true,1,
7613037811629,false,קורנפלקס גו פרי ללא גלוטן 500 גר`,קבוצת אוסם סחר שותפות מוגבלת,GB,גו פרי קורנפלקס,גרמים,500.00,100 גרם,false,1,14.90,2.98,true,1,
7613039770450,false,טבעול סנסשיונל בורגר צמחוני 226 גרם,קבוצת אוסם סחר שותפות מוגבלת,CZ,סנסשיונל בורגר,גרמים,226.00,100 גרם,false,1,37.90,16.77,true,1,
7613039771174,false,טבעול סנסשיונל מינס טחון צמחוני 400 גרם,קבוצת אוסם סחר שותפות מוגבלת,CZ,סנסשיונל טחון צמ,גרמים,400.00,100 גרם,false,1,37.90,9.48,true,1,
7613287394323,false,דגני בוקר מולטי צ'יריוס 600 גרם,קבוצת אוסם סחר שותפות מוגבלת,GB,מולטי צ'יריוס,גרמים,600.00,100 גרם,false,1,25.90,4.32,true,1,
7613287476678,false,דגני בוקר סינימיניס צ'ורוס נסטלה 360 ג',קבוצת אוסם סחר שותפות מוגבלת,PT,סיני מיניס צורוס,גרמים,360.00,100 גרם,false,1,27.70,7.69,true,1,
>>>>>>> d048ac2f4f281c9d788043ab4e81b61b0dbe3743
7616500630161,false,פריי שוקולד מריר 85% קקאו 100גר,צוקולאט פריי אייץגיץ,CH,שוקולד מריר פריי,גרמים,100.00,100 גרם,false,0,10.00,10.00,true,1,
7616500642577,false,שוקולד חלב עם אגוזים300ג,צוקולאט פריי אייץגיץ,CH,שוקולד אגוזים,גרמים,300.00,100 גרם,false,0,17.90,5.97,true,1,
7616500647268,false,שוקולד מריר+אגוזים180גר,צוקולאט פריי אייץגיץ,CH,שוקולד מריר,גרמים,180.00,100 גרם,false,0,14.90,8.28,true,1,
7616500912922,false,שוקובלוק מריר 100 גרם,"שוקולד פריי בע""מ",CH,שוקובלוק מריר,גרמים,100.00,100 גרם,false,1,9.90,9.90,true,1,
7617014149293,false,קפסולות קפה,,CH,קפסולות קפה,גרמים,96.00,100 גרם,false,0,29.60,30.83,true,1,
7617014149408,false,קפסולות קפה פר מקיאטו96ג,,CH,קפסולות קפה,גרמים,96.00,100 גרם,false,0,29.60,30.83,true,1,
7617014153634,false,קפסולות קפה,,CH,קפסולות קפה,גרמים,96.00,100 גרם,false,0,29.60,30.83,true,1,
7622010001858,false,עוגיות אוראו ממולאות קרם וניל 176 גרם.,דיפלומט מפיצים (1968) בעמ**,UA,עוגיות אוראו,גרמים,176.00,100 גרם,false,1,10.20,5.80,true,1,
7622201137052,false,אוראו מיני קוקיס - עוגיות שוקולד צ'יפס ותחתית מצופה שוקולד חלב,דיפלומט מפיצים (1968) בעמ**,ES,מיני קוקיז מילקה,גרמים,110.00,100 גרם,false,1,9.90,9.00,true,1,
7622201401900,false,עוגיות סנסיישן אוראו מילקה 156 גרם,דיפלומט מפיצים (1968) בעמ**,PL,עוגיות מילקה,גרמים,156.00,100 גרם,false,1,12.90,8.27,true,1,
7622201521493,false,גבינת פילדלפיה שום ועשבי תיבול 150 גר` (,מיודלז אספניה פרודוק,ES,גבינת פילדלפיה,גרמים,150.00,100 גרם,false,1,12.90,8.60,true,1,
7622201798154,false,גבינת שמנת לייט מופחתת שומן 13% שומן,מיודלז אספניה פרודוק,ES,גבינת פילדלפיה,גרמים,150.00,100 גרם,false,1,15.90,10.60,true,1,
7622201801809,false,מילקה שוקולד חלב עם אגוזים 100 גרם חדש,מנדלז דויצ'\לנד סנקס פרו,DE,שוקולד מילקה,גרמים,100.00,100 גרם,false,1,7.90,7.90,true,1,
7622201802363,false,מילקה טבלת שוקולד חלב וצימוקים ואגוזים 100ג',מנדלז דויצ'\לנד סנקס פרו,DE,שוקולד מילקה,גרמים,100.00,100 גרם,false,1,7.90,7.90,true,1,
7622201802394,false,שוקולד מילקה חלב מסרונים 100 גרם,מנדלז דויצ'\לנד סנקס פרו,DE,שוקולד חלב מילקה,גרמים,100.00,100 גרם,false,1,7.90,7.90,true,1,
<<<<<<< HEAD
7622201808631,false,אוראו מיני עוגיות ממולאות קרם וניל 67גרם,פי.טי. מונדלז אינדונ,ID,עוגיות אוראו מינ,גרמים,67.00,100 גרם,false,1,8.90,13.28,true,1,
7622201813390,false,עוגיות מילקה וואפל במילוי קרם קקאו 150 ג,מונדליז סי.אר. ביסקוויט,CZ,וופל ממולא מילקה,גרמים,150.00,100 גרם,false,1,12.90,8.60,true,1,
7622210453327,false,עוגיות שוקוצ'יפס במילוי שוקולד סנסיישן,מנדלז פולסקה פרודקשן,PL,עוגיות מילקה,גרמים,156.00,100 גרם,false,1,12.90,8.27,true,1,
7622210464729,false,אוראו גולדן עוגיות וניל במילוי קרם וניל,מונדלייז,CZ,עוגיות אוראו,גרמים,154.00,100 גרם,false,1,6.90,4.48,true,1,
7622210637994,false,מיני עוגיות אוראו קראנצ'י בייטס אורגינל,מונדלז אספניה ג'לאטס,ES,עוגיות אוראו,גרמים,110.00,100 גרם,false,1,10.90,9.91,true,1,
7622210638021,false,מיני עוגיות אוראו קראנצ'י בייטס מצופים,מונדלז אספניה ג'לאטס,ES,עוגיות אוראו,גרמים,110.00,100 גרם,false,1,10.90,9.91,true,1,
7622210690883,false,מילקה שוקולד חלב-מהדורת מונדיאל 270 גרם,מונדלייז,AT,שוקולד מונדיאל,גרמים,270.00,100 גרם,false,1,15.90,5.89,true,1,
7622210826053,false,שוקולד מילקה אוראו סנדוויץ 92 גר',גיאורי קאקסז קייאףטי,HU,שוקולד מילקה,גרמים,92.00,100 גרם,false,1,7.90,8.59,true,1,
7622210835338,false,אוראו עוגיות ממולאות טעם בראוניז 176 גרם,מנדלז אספנה גאלטס פר,ES,עוגיות אוראו,גרמים,176.00,100 גרם,false,1,10.20,5.80,true,1,
7622300489427,false,עוגיות אוראו בציפוי בטעם שוקולד לבן 246 גרם,מנדלז אספנה גאלטס פר,ES,עוגיות אוראו,גרמים,246.00,100 גרם,false,1,19.90,8.09,true,1,
7622300489434,false,"עוגיות אוראו פאדג' בציפוי שוקולד חלב, 246 גרם",מנדלז אספנה גאלטס פר,ES,עוגיות אוראו,גרמים,246.00,100 גרם,false,1,19.90,8.09,true,1,
7622300503079,false,עוגיות ביסקוויט מצופה שוקולד חלב מילקה 200 גרם,מונדלז פולסקה פרודקש,PL,ביסקוויט מצופה,גרמים,200.00,100 גרם,false,0,12.90,6.45,true,1,
7622300617820,false,מילקה שוקולד חלב במילוי קרם חלב ווניל ושבבי עוגיות אוראו 100 גרם,מנדלז דויצ'\לנד סנקס פרו,DE,שוקולד מילקה,גרמים,100.00,100 גרם,false,0,7.90,7.90,true,1,
7622400005190,false,שוקולד חלב נגיעות שוקולד לבן מילקה 100 ג,מנדלז דויצ'\לנד סנקס פרו,DE,שוקולד מילקה,גרמים,100.00,100 גרם,false,0,7.90,7.90,true,1,
7630477891592,false,סטארבקס קפסולות קפה האוס בלנד 10 יחידות,נסטלה שוויץ - קפה,CH,קפסולות Starbuck,גרמים,57.00,100 גרם,false,1,22.90,40.18,true,1,
7630477891615,false,סטארבקס קפסולות קפה סומטרה 10 יחידות,נסטלה שוויץ - קפה,CH,קפסולות Starbuck,גרמים,55.00,100 גרם,false,1,22.90,41.64,true,1,
7630477891639,false,סטארבקס קפסולות קפה ורונה 10 יחידות,נסטלה שוויץ - קפה,CH,קפסולות Starbuck,גרמים,55.00,100 גרם,false,1,22.90,41.64,true,1,
7630477891677,false,סטארבקס קפסולות קפה פייק פלייס 10 יחידות,נסטלה שוויץ - קפה,CH,קפסולות Starbuck,גרמים,53.00,100 גרם,false,1,22.90,43.21,true,1,
7630477891714,false,סטארבקס קפסולות קפה אספרסו 10 יחידות,נסטלה שוויץ - קפה,CH,קפסולות Starbuck,גרמים,57.00,100 גרם,false,1,22.90,40.18,true,1,
7630477891738,false,סטארבקס קפסולות קפה אספרסו בלונד 10 יחיד,נסטלה שוויץ - קפה,CH,קפסולות Starbuck,גרמים,53.00,100 גרם,false,1,22.90,43.21,true,1,
=======
7622201808631,false,אוראו מיני עוגיות ממולאות קרם וניל 67גרם,דיפלומט מפיצים (1968) בעמ**,ID,עוגיות אוראו מינ,גרמים,67.00,100 גרם,false,1,8.90,13.28,true,1,
7622201813390,false,עוגיות מילקה וואפל במילוי קרם קקאו 150 ג,דיפלומט מפיצים (1968) בעמ**,CZ,וופל ממולא מילקה,גרמים,150.00,100 גרם,false,1,12.90,8.60,true,1,
7622210453327,false,עוגיות שוקוצ'יפס במילוי שוקולד סנסיישן,דיפלומט מפיצים (1968) בעמ**,PL,עוגיות מילקה,גרמים,156.00,100 גרם,false,1,12.90,8.27,true,1,
7622210464729,false,אוראו גולדן עוגיות וניל במילוי קרם וניל,דיפלומט מפיצים (1968) בעמ**,CZ,עוגיות אוראו,גרמים,154.00,100 גרם,false,1,6.90,4.48,true,1,
7622210637994,false,מיני עוגיות אוראו קראנצ'י בייטס אורגינל,דיפלומט מפיצים (1968) בעמ**,ES,עוגיות אוראו,גרמים,110.00,100 גרם,false,1,10.90,9.91,true,1,
7622210638021,false,מיני עוגיות אוראו קראנצ'י בייטס מצופים,דיפלומט מפיצים (1968) בעמ**,ES,עוגיות אוראו,גרמים,110.00,100 גרם,false,1,10.90,9.91,true,1,
7622210690883,false,מילקה שוקולד חלב-מהדורת מונדיאל 270 גרם,דיפלומט מפיצים (1968) בעמ**,AT,שוקולד מונדיאל,גרמים,270.00,100 גרם,false,1,15.90,5.89,true,1,
7622210826053,false,מילקה שוקולד אוראו סנדוויץ 100 גרם,דיפלומט מפיצים (1968) בעמ**,HU,שוקולד מילקה,גרמים,92.00,100 גרם,false,1,7.90,8.59,true,1,
7622210835338,false,אוראו עוגיות ממולאות טעם בראוניז 176 גרם,דיפלומט מפיצים (1968) בעמ**,ES,עוגיות אוראו,גרמים,176.00,100 גרם,false,1,10.20,5.80,true,1,
7622300489427,false,עוגיות אוראו בציפוי בטעם שוקולד לבן 246 גרם,דיפלומט מפיצים (1968) בעמ**,ES,עוגיות אוראו,גרמים,246.00,100 גרם,false,1,19.90,8.09,true,1,
7622300489434,false,"עוגיות אוראו פאדג' בציפוי שוקולד חלב, 246 גרם",דיפלומט מפיצים (1968) בעמ**,ES,עוגיות אוראו,גרמים,246.00,100 גרם,false,1,19.90,8.09,true,1,
7622300503079,false,עוגיות ביסקוויט מצופה שוקולד חלב מילקה 200 גרם,דיפלומט מפיצים (1968) בעמ**,PL,ביסקוויט מצופה,גרמים,200.00,100 גרם,false,0,12.90,6.45,true,1,
7622300617820,false,מילקה שוקולד חלב במילוי קרם חלב ווניל ושבבי עוגיות אוראו 100 גרם,מנדלז דויצ'\לנד סנקס פרו,DE,שוקולד מילקה,גרמים,100.00,100 גרם,false,0,7.90,7.90,true,1,
7622400005190,false,שוקולד חלב נגיעות שוקולד לבן מילקה 100 ג,מנדלז דויצ'\לנד סנקס פרו,DE,שוקולד מילקה,גרמים,100.00,100 גרם,false,0,7.90,7.90,true,1,
7630477891592,false,סטארבקס קפסולות קפה האוס בלנד 10 יחידות,קבוצת אוסם סחר שותפות מוגבלת,CH,קפסולות Starbuck,גרמים,57.00,100 גרם,false,1,22.90,40.18,true,1,
7630477891615,false,סטארבקס קפסולות קפה סומטרה 10 יחידות,קבוצת אוסם סחר שותפות מוגבלת,CH,קפסולות Starbuck,גרמים,55.00,100 גרם,false,1,22.90,41.64,true,1,
7630477891639,false,קפסולות קפה סומטרה (10 יח) סטארבקס ( 55,קבוצת אוסם סחר שותפות מוגבלת,CH,קפסולות Starbuck,גרמים,55.00,100 גרם,false,1,22.90,41.64,true,1,
7630477891677,false,סטארבקס קפסולות קפה פייק פלייס 10 יחידות,קבוצת אוסם סחר שותפות מוגבלת,CH,קפסולות Starbuck,גרמים,53.00,100 גרם,false,1,22.90,43.21,true,1,
7630477891714,false,סטארבקס קפסולות קפה אספרסו 10 יחידות,קבוצת אוסם סחר שותפות מוגבלת,CH,קפסולות Starbuck,גרמים,57.00,100 גרם,false,1,22.90,40.18,true,1,
7630477891738,false,סטארבקס קפסולות קפה אספרסו בלונד 10 יחיד,קבוצת אוסם סחר שותפות מוגבלת,CH,קפסולות Starbuck,גרמים,53.00,100 גרם,false,1,22.90,43.21,true,1,
>>>>>>> d048ac2f4f281c9d788043ab4e81b61b0dbe3743
7702018357871,false,גילט גל גילוח פרוגלייד 2ב1 לעור רגיש,פרוקטר אנד גמבל,US,ג'ל גילוח,מיליליטרים,200.00,"100 מ""ל",false,1,22.90,11.45,true,1,
7702018451098,false,ונוס סווירל מארז ידית מכשיר+8 סכינים,דיפלומט,US,סווירל מארז,יחידה,1.00,יחידה,false,1,129.90,129.90,true,1,
7702018980833,false,"ג'ילט ג'ל גילוח סירייס מועשר בלחות - 200 מ""ל",פרוקטר אנד גמבל,GB,ג'ל גילוח סירייס,מיליליטרים,200.00,"100 מ""ל",false,1,21.90,10.95,true,1,
7702018997022,false,12סכינ.גילוח פיוז'ן ידני,פרוקטר & גמבל,DE,סכיני גילוח,יחידה,1.00,יחידה,false,0,139.90,139.90,true,1,
<<<<<<< HEAD
7702024074625,false,פיטנס - חטיפי קרקר חיטה מלאה 234 גרם,קומסטיבלס לה רוזה אס.איי,CO,חטיפי קרקר פיטנס,גרמים,234.00,100 גרם,false,1,13.90,5.94,true,1,
7702024258322,false,"חטיפי קרקר עם חיטה מלאה, צ'יה וזרעי פשתן פיטנס",נסטלה Nestle,CO,חטיפי קרקר,גרמים,156.00,100 גרם,false,1,13.90,8.91,true,1,
=======
7702024074625,false,פיטנס - חטיפי קרקר חיטה מלאה 234 גרם,קבוצת אוסם סחר שותפות מוגבלת,CO,חטיפי קרקר פיטנס,גרמים,234.00,100 גרם,false,1,13.90,5.94,true,1,
7702024258322,false,"חטיפי קרקר עם חיטה מלאה, צ'יה וזרעי פשתן פיטנס",קבוצת אוסם סחר שותפות מוגבלת,CO,חטיפי קרקר,גרמים,156.00,100 גרם,false,1,13.90,8.91,true,1,
>>>>>>> d048ac2f4f281c9d788043ab4e81b61b0dbe3743
7702174068833,false,יוגטה סוכריות קשות על מקל ממולאות טופי בטעמי גלידת פירות 12 יח' 204 גרם,הדקלאים אגודת שיתופי,CO,לקקן יוגטה,גרמים,204.00,100 גרם,false,0,10.90,5.34,true,1,
7792860006218,false,סוכריות לקקן בייבי דול לריטייר (24 גרם),גוד פוד פרודקטס S.p,AR,בייבי דול לקקן,גרמים,24.00,100 גרם,false,0,2.50,10.42,true,1,
7798201240198,false,אוכמניות טריות 312גרם,GRAMM,AR,אוכמניות טריות,יחידה,1.00,יחידה,false,1,29.90,29.90,true,1,
<<<<<<< HEAD
7798304600042,false,אוכמניות יבוא 125 גר,מרינה,AR,אוכמניות טריות,גרמים,125.00,100 גרם,false,1,14.90,11.92,true,1,
7798382150019,false,אוכמניות טריות 125גרם,אראל תוצרת חקלאית בע,AR,אוכמניות טריות,גרמים,125.00,100 גרם,false,1,14.90,11.92,true,1,
7804414000884,false,"דון חוליו שרדונה 750 מ""ל",צ'ילה לואיס פיליפה אדוארדס,CL,דון חוליו שרדו,מיליליטרים,750.00,"100 מ""ל",false,0,33.90,4.52,true,1,
7891024124826,false,קולגייט משחת אופטיק ספרקלינג וייט 75מל,הנסיך- מפעל לייצור ט,BR,משחת קולגייט,מיליליטרים,75.00,"100 מ""ל",false,0,22.90,30.53,true,1,
7891024179482,false,"שטיפת פה קולגייט אופטיק וייט 500מ""ל",יבואן ומשווק: ש. שסט,PL,מי פה קולגייט,מיליליטרים,500.00,"100 מ""ל",false,0,26.90,5.38,true,1,
8000040001106,false,קמפרי ביטר אפרטיף 700מל,דויד קמפרי,IT,קמפרי,מיליליטרים,700.00,"100 מ""ל",false,0,84.90,12.13,true,1,
=======
7798304600042,false,אוכמניות טריות 125 ג,מרינה,AR,אוכמניות טריות,גרמים,125.00,100 גרם,false,1,14.90,11.92,true,1,
7798382150019,false,אוכמניות טריות 125גרם,ביכורי השדה צפון 1994 ג.ד. בעמ,AR,אוכמניות טריות,גרמים,125.00,100 גרם,false,1,14.90,11.92,true,1,
7804414000884,false,שרדונה BIN דון חוליו (750 מל),צ'ילה לואיס פיליפה אדוארדס,CL,דון חוליו שרדו,מיליליטרים,750.00,"100 מ""ל",false,0,33.90,4.52,true,1,
7891024124826,false,קולגייט משחת אופטיק ספרקלינג וייט 75מל,הנסיך- מפעל לייצור ט,BR,משחת קולגייט,מיליליטרים,75.00,"100 מ""ל",false,0,22.90,30.53,true,1,
7891024179482,false,"שטיפת פה קולגייט אופטיק וייט 500מ""ל",יבואן ומשווק: ש. שסט,PL,מי פה קולגייט,מיליליטרים,500.00,"100 מ""ל",false,0,26.90,5.38,true,1,
8000040001106,false,קמפרי ביטר אפרטיף 700מל,החברה המרכזית להפצת משקאות-אלכ,IT,קמפרי,מיליליטרים,700.00,"100 מ""ל",false,0,84.90,12.13,true,1,
>>>>>>> d048ac2f4f281c9d788043ab4e81b61b0dbe3743
8000070003774,false,קפסולות אספרסו לוואצה אינטנסו 13 16 יח,לואיג'י לוואצה,IT,קפסולות קפה,גרמים,120.00,100 גרם,false,1,29.90,24.92,true,1,
8000070003798,false,קפסולות אספרסו לוואצה דליסיוזו 8 16 יח,לאוג'י לוואצה אס.פי.אי,IT,קפסולות קפה,גרמים,120.00,100 גרם,false,1,29.90,24.92,true,1,
8000070003811,false,קפסולות אספרסו לוואצה פסיונלה 11 16 יח,לואיג'י לוואצה,IT,קפסולות קפה,גרמים,120.00,100 גרם,false,1,29.90,24.92,true,1,
8000070010680,false,קפסולות אספרסו לוואצה NCC מותאמות למכונו,לאוג'י לוואצה אס.פי.אי,IT,קפסולות לוואצ'ה,גרמים,55.00,100 גרם,false,1,20.90,38.00,true,1,
8000070047129,false,קפסולות לוואצה פסיונלה54,,IT,קפסולות לוואצ'ה,גרמים,405.00,100 גרם,false,1,69.90,17.26,true,1,
8000070081000,false,לוואצה הורמוניקו מס' 8קפסולות לקפה 50 גרם,לאוג'\י לוואצה אס.פי.אי,IT,קפסולות קפה,גרמים,50.00,100 גרם,false,1,20.90,41.80,true,1,
8000070081017,false,קפסולות קפה אספרסו דיצו 10 10 יחידות,לאוג'\י לוואצה אס.פי.אי,IT,קפסולות קפה,גרמים,50.00,100 גרם,false,1,20.90,41.80,true,1,
<<<<<<< HEAD
8000215204219,false,ויטאריז משקה אורז אורגני 1 ליטר,בטר אנד דיפרנט,IT,משקה אורז אורגני,ליטרים,1.00,ליטר,false,0,15.90,15.90,true,1,
8000215204240,false,ויטאריז משקה שקדים ואורז אורגני 1 ליטר,בטר אנד דיפרנט,IT,משקה שקדים ואורז,ליטרים,1.00,ליטר,false,0,15.90,15.90,true,1,
=======
8000215204219,false,משקה אורז ביו אורגני ויטאריז 1 ליטר,בטר אנד דיפרנט,IT,משקה אורז אורגני,ליטרים,1.00,ליטר,false,0,15.90,15.90,true,1,
8000215204240,false,משקה אורז ושקדים ביו אורגני ויטאריז 1 לי,בטר אנד דיפרנט,IT,משקה שקדים ואורז,ליטרים,1.00,ליטר,false,0,15.90,15.90,true,1,
>>>>>>> d048ac2f4f281c9d788043ab4e81b61b0dbe3743
8000215204264,false,ויטריז - משקה אורז אישי אישי 200 גר,בטר אנד דיפרנט,IT,משקה אורז,מיליליטרים,200.00,"100 מ""ל",false,1,4.50,2.25,true,1,
8000215204271,false,ויטריז - משקה שקדים ואורז אישי 200 גר,"נטורפוד בע""מ",IT,משקה שקדים,גרמים,200.00,100 גרם,false,0,4.50,2.25,true,1,
8000215204394,false,משקה אורז ואגוזי לוז ביו אורגני ויטאריז,בטר אנד דיפרנט,US,משקה ויטריז,ליטרים,1.00,ליטר,false,0,19.90,19.90,true,1,
8000215204554,false,ויטאריז משקה אורז קוקוס אורגני 1 ליטר,נטורפוד בעמ,IT,משקה אורז קוקוס,ליטרים,1.00,ליטר,false,1,15.90,15.90,true,1,
8000215204677,false,ויטריז - משקה שיבולת שועל בריסטה אורגני,בטר אנד דיפרנט,IT,משקה שיבולת שועל,ליטרים,1.00,ליטר,false,1,15.90,15.90,true,1,
8000215204714,false,משקה שיבולת שועל אורגני פרימונה 1 ליטר,בטר אנד דיפרנט,IT,משקה שיבולת שועל,ליטרים,1.00,ליטר,false,0,15.90,15.90,true,1,
8000380003723,false,וופלים גרנד פטיסרי במילוי קרם אגוזים 100,קריניציה ויטמינה אס,IT,גראנד פטיסרי,גרמים,100.00,100 גרם,false,0,13.40,13.40,true,1,
8000380004669,false,וופל לואקר סנדוויץ קוביות ושוקולד 200ג',"א. לואקר, קונפקט ג'י",AT,וופל לואקר קקאו,גרמים,200.00,100 גרם,false,0,14.20,7.10,true,1,
8000380004676,false,קוביות וופל סנדוויץ Sandwich עם וניל וחלב,"א. לואקר, קונפקט ג'י",AT,ופלים לואקר,גרמים,200.00,100 גרם,false,0,14.20,7.10,true,1,
8000380004881,false,וופל קוארדטיני לואקר קוביות טרמיסו 220ג',קריניציה ויטמינה אס,IT,ופל קואדרטיני,גרמים,220.00,100 גרם,false,0,15.20,6.91,true,1,
8000380004911,false,קוביות וופל קואדרטיני Quadratini קרם אגוזים,קריניציה ויטמינה אס,AT,ופל קואדרטיני,גרמים,250.00,100 גרם,false,0,15.20,6.08,true,1,
8000380004966,false,וופל קוארדטיני לואקר קוביות שוקולד 250ג',קריניציה ויטמינה אס,AT,ופל קואדרטיני,גרמים,250.00,100 גרם,false,0,15.20,6.08,true,1,
8000380007219,false,וופל לואקר ממולא קרם אגוזים 175 גרם,ליימן שליסל בע`מ,AT,ופלים לואקר,גרמים,175.00,100 גרם,false,0,12.70,7.26,true,1,
8000380007257,false,וופל גרדנה במילוי קרם אגוזים מצופה,קריניציה ויטמינה אס,IT,ופלים גרדנה,גרמים,200.00,100 גרם,false,0,15.10,7.55,true,1,
8000380007264,false,וופל לואקר ממולא קרם קקאו 175 גרם,קריניציה ויטמינה אס,AT,ופלים לואקר,גרמים,175.00,100 גרם,false,0,12.70,7.26,true,1,
8000380106028,false,טורטינה לואקר וופל שוקולד ואגוזים שישיה 125ג',קריניציה ויטמינה אס,IT,וופל טורטינה,גרמים,125.00,100 גרם,false,0,18.50,14.80,true,1,
8000380142484,false,קוביות וופל קואדרטיני Quadratini בטעם שוקולד מריר,ליימן שליסל בע`מ,AT,וופל קואדרטיני,גרמים,250.00,100 גרם,false,0,15.20,6.08,true,1,
8000380153534,false,מארז וופל שוקולד טורטינה Tortina שוקולד לבן,א. לואקר אס. פי. אי-אי.,IT,טורטינה לבן,גרמים,125.00,100 גרם,false,0,18.50,14.80,true,1,
8000380180745,false,וופל קוביות קקאו במילוי קרם חלב לואקר 250 גרם,"א. לואקר, קונפקט ג'י",AT,וופל קואדרטיני,גרמים,250.00,100 גרם,false,1,15.20,6.08,true,1,
8000380192588,false,וופלים קואדרטיני דאבל שוקולד לואקר 250 גרם,קריניציה ויטמינה אס,AT,קואדרטיני דאבל,גרמים,250.00,100 גרם,false,1,15.20,6.08,true,1,
<<<<<<< HEAD
8000380201396,false,שוקולד חלב ממולא קרם קרמל ועלי וופל פריכ,ליימן מותגים,AT,וופל טורטינה,גרמים,126.00,100 גרם,false,1,18.50,14.68,true,1,
8000380205400,false,וופלים קואדרטיני חמאת בוטנים לואקר 250 גרם,ליימן מותגים,AT,וופל קואדרטיני,גרמים,250.00,100 גרם,false,1,15.20,6.08,true,1,
8000380206896,false,וופל גרדנה חמאת בוטנים לואקר 200 גרם,ליימן מותגים,IT,ופלים גרדנה,גרמים,200.00,100 גרם,false,1,15.10,7.55,true,1,
8000500023624,false,חטיפי הפי היפו Happy Hippo במילוי קרם חלב וקקאו,פררו - אלבה,DE,קינדר הפי היפו,גרמים,102.00,100 גרם,false,0,13.90,13.63,true,1,
8000500026731,false,שוקולד ביצי הפתעה קינדר שלישייה,פררו אס.פי.אי,IT,ביצי הפתעה קינדר,גרמים,60.00,100 גרם,false,1,16.00,26.67,true,1,
8000500028124,false,קינדר גוי ביצת הפתעה מארז שלישיה,ליימן שליסל,ZA,קינדר ג'וי 3יח,גרמים,60.00,100 גרם,false,0,16.00,26.67,true,1,
8000500029350,false,מארז וופל מצופה 3יח' *43 גרם קינדר בואנו,פררו - אלבה,PL,קינדר בואנו,גרמים,129.00,100 גרם,false,0,11.90,9.22,true,1,
8000500032237,false,בונבונרייה פררו רושר 375 גרם,פררו - אלבה,IT,בונבוניירה רושה,גרמים,375.00,100 גרם,false,0,49.90,13.31,true,1,
8000500121436,false,מארז קינדר בואנו Kinder Bueno לבן שלוש יחידות,פררו - אלבה,PL,קינדר בואנו לבן,גרמים,117.00,100 גרם,false,0,11.90,10.17,true,1,
8000500167656,false,קינדר שוקולד עם דגנים סיריאל 94 ג',פררו,IT,קינדר שוקולד,גרמים,94.00,100 גרם,false,1,7.90,8.40,true,1,
8000500224281,false,נוטלה בי רדי חטיף קופה,פררו,IT,נוטלה בי רדי,גרמים,22.00,100 גרם,false,1,4.30,19.55,true,1,
8000500227848,false,נוטלה - בי רדי אצבעות ביסקוויט במילוי שוקולד 6 יח' * 22 גרם,פררו,IT,נוטלה בי רדי,גרמים,132.00,100 גרם,false,1,13.50,10.23,true,1,
8000500247150,false,פררו רושה קולקשיין קוקוס מילוי קרם ושקד שלם 172ג',פררו,DE,פררו רושה,גרמים,172.00,100 גרם,false,1,27.90,16.22,true,1,
8000500249352,false,קינדר בואנו מיני מיקס שקית 205 ג',פררו - אלבה,PL,קינדר בואנו מיני,גרמים,205.00,100 גרם,false,1,19.90,9.71,true,1,
8000500267103,false,קינדר דליס עוגת ספוג קקאו במילוי חלבי*10,קינדר Kinder,IT,עוגות קינדר דליס,גרמים,390.00,100 גרם,false,1,17.90,4.59,true,1,
8000500269169,false,קינדר קארדס Kinder Cards - חמישייה,קריות זול,IT,קינדר קארדס,גרמים,128.00,100 גרם,false,1,13.90,10.86,true,1,
8000500328750,false,כדור וופל פריך מצופה שוקולד פררו רושר 141 ג',פררו,DE,בונבוניירה פררו,גרמים,138.00,100 גרם,false,1,29.50,21.38,true,1,
8000500386941,false,"ממרח קקאו עם אגוזי לוז, 900 גרם",קדבורי,IT,ממרח קקאו+אגוזים,גרמים,900.00,100 גרם,false,1,30.90,3.43,true,1,
8001090184412,false,"פיירי נוזל לניקוי כלים לימון שקוף, 900 מ""ל",פרוקטר אנד גמבל,GB,פיירי לכלים,מיליליטרים,900.00,"100 מ""ל",false,1,12.50,1.39,true,1,
8001090222848,false,"הרבל אסנסס - שמפו שיקום שמן ארגן 400 מ""ל",הרבל אסנס Herbal Essences,FR,שמפו הרבל אסנס,מיליליטרים,400.00,"100 מ""ל",false,1,17.90,4.48,true,1,
8001090377487,false,מסכה לשיער פנטן לחות מוגברת 300 מל,פרוקטר אנד גמבל,FR,מסיכה פנטן,מיליליטרים,300.00,"100 מ""ל",false,1,32.90,10.96,true,1,
8001090379368,false,פמפרס פרימיום קר חיתולים שלב 4 34 יח VP,פרוקטר אנד גמבל,PL,פמפרס פרימיום,יחידה,1.00,יחידה,false,1,34.50,34.50,true,1,
8001090379399,false,פמפרס פרימיום קר חיתולים שלב 5 30 יח VP,פרוקטר אנד גמבל,PL,פמפרס פרימיום,יחידה,1.00,יחידה,false,1,34.50,34.50,true,1,
8001090678614,false,"שמפו סופרים לחות הד אנד שולדרס 400 מ""ל",פרוקטר אנד גמבל,FR,שמפו הד&שולדרס,מיליליטרים,400.00,"100 מ""ל",false,1,18.90,4.73,true,1,
=======
8000380201396,false,שוקולד חלב ממולא קרם קרמל ועלי וופל פריכ,ליימן שליסל בע`מ,AT,וופל טורטינה,גרמים,126.00,100 גרם,false,1,18.50,14.68,true,1,
8000380205400,false,וופלים קואדרטיני חמאת בוטנים לואקר 250 גרם,ליימן שליסל בע`מ,AT,וופל קואדרטיני,גרמים,250.00,100 גרם,false,1,15.20,6.08,true,1,
8000380206896,false,וופל גרדנה במילוי חמאת בוטנים 200 גרם,ליימן שליסל בע`מ,IT,ופלים גרדנה,גרמים,200.00,100 גרם,false,1,15.10,7.55,true,1,
8000500023624,false,חטיפי הפי היפו Happy Hippo במילוי קרם חלב וקקאו,פרימיום-חברה לדברי מתיקה ולמסח,DE,קינדר הפי היפו,גרמים,102.00,100 גרם,false,0,13.90,13.63,true,1,
8000500026731,false,ביצי שוקולד קינדר מארז 3 יח סופרייז,פרימיום-חברה לדברי מתיקה ולמסח,IT,ביצי הפתעה קינדר,גרמים,60.00,100 גרם,false,1,16.00,26.67,true,1,
8000500028124,false,קינדר גוי ביצת הפתעה מארז שלישיה,פרימיום-חברה לדברי מתיקה ולמסח,ZA,קינדר ג'וי 3יח,גרמים,60.00,100 גרם,false,0,16.00,26.67,true,1,
8000500029350,false,מארז וופל מצופה 3יח' *43 גרם קינדר בואנו,פרימיום-חברה לדברי מתיקה ולמסח,PL,קינדר בואנו,גרמים,129.00,100 גרם,false,0,11.90,9.22,true,1,
8000500032237,false,בונבונרייה פררו רושר 375 גרם,פרימיום-חברה לדברי מתיקה ולמסח,IT,בונבוניירה רושה,גרמים,375.00,100 גרם,false,0,49.90,13.31,true,1,
8000500121436,false,מארז קינדר בואנו Kinder Bueno לבן שלוש יחידות,פרימיום-חברה לדברי מתיקה ולמסח,PL,קינדר בואנו לבן,גרמים,117.00,100 גרם,false,0,11.90,10.17,true,1,
8000500167656,false,קינדר שוקולד עם דגנים סיריאל 94 ג',פרימיום-חברה לדברי מתיקה ולמסח,IT,קינדר שוקולד,גרמים,94.00,100 גרם,false,1,7.90,8.40,true,1,
8000500224281,false,וופל מלוח במילוי ממרח אגוזי לוז,פרימיום-חברה לדברי מתיקה ולמסח,IT,נוטלה בי רדי,גרמים,22.00,100 גרם,false,1,4.30,19.55,true,1,
8000500227848,false,נוטלה - בי רדי אצבעות ביסקוויט במילוי שוקולד 6 יח' * 22 גרם,פרימיום-חברה לדברי מתיקה ולמסח,IT,נוטלה בי רדי,גרמים,132.00,100 גרם,false,1,13.50,10.23,true,1,
8000500247150,false,פררו רושה קולקשיין קוקוס מילוי קרם ושקד שלם 172ג',פרימיום-חברה לדברי מתיקה ולמסח,DE,פררו רושה,גרמים,172.00,100 גרם,false,1,27.90,16.22,true,1,
8000500249352,false,קינדר בואנו מיני מיקס שקית 205 ג',פרימיום-חברה לדברי מתיקה ולמסח,PL,קינדר בואנו מיני,גרמים,205.00,100 גרם,false,1,19.90,9.71,true,1,
8000500267103,false,קינדר דליס עוגת ספוג קקאו במילוי חלבי*10,פרימיום-חברה לדברי מתיקה ולמסח,IT,עוגות קינדר דליס,גרמים,390.00,100 גרם,false,1,17.90,4.59,true,1,
8000500269169,false,קינדר קארדס Kinder Cards - חמישייה,פרימיום-חברה לדברי מתיקה ולמסח,IT,קינדר קארדס,גרמים,128.00,100 גרם,false,1,13.90,10.86,true,1,
8000500328750,false,כדור וופל פריך מצופה שוקולד פררו רושר 141 ג',פרימיום-חברה לדברי מתיקה ולמסח,DE,בונבוניירה פררו,גרמים,138.00,100 גרם,false,1,29.50,21.38,true,1,
8000500386941,false,נוטלה ממרח קקאו עם אגוזי לוז 900 גר`,פרימיום-חברה לדברי מתיקה ולמסח,IT,ממרח קקאו+אגוזים,גרמים,900.00,100 גרם,false,1,30.90,3.43,true,1,
8001090184412,false,"פיירי נוזל לניקוי כלים לימון שקוף, 900 מ""ל",דיפלומט מפיצים (1968) בעמ,GB,פיירי לכלים,מיליליטרים,900.00,"100 מ""ל",false,1,12.50,1.39,true,1,
8001090222848,false,"הרבל אסנסס - שמפו שיקום שמן ארגן 400 מ""ל",דיפלומט מפיצים (1968) בעמ,FR,שמפו הרבל אסנס,מיליליטרים,400.00,"100 מ""ל",false,1,17.90,4.48,true,1,
8001090377487,false,מסכה לשיער פנטן לחות מוגברת 300 מל,דיפלומט מפיצים (1968) בעמ,FR,מסיכה פנטן,מיליליטרים,300.00,"100 מ""ל",false,1,32.90,10.96,true,1,
8001090379368,false,פמפרס פרימיום קר חיתולים שלב 4 34 יח VP,דיפלומט מפיצים (1986) בע`מ,PL,פמפרס פרימיום,יחידה,1.00,יחידה,false,1,34.50,34.50,true,1,
8001090379399,false,פמפרס פרימיום קר חיתולים שלב 5 30 יח VP,דיפלומט מפיצים (1986) בע`מ,PL,פמפרס פרימיום,יחידה,1.00,יחידה,false,1,34.50,34.50,true,1,
8001090678614,false,"שמפו סופרים לחות הד אנד שולדרס 400 מ""ל",דיפלומט מפיצים (1986) בע`מ,FR,שמפו הד&שולדרס,מיליליטרים,400.00,"100 מ""ל",false,1,18.90,4.73,true,1,
>>>>>>> d048ac2f4f281c9d788043ab4e81b61b0dbe3743
8001090740717,false,מגני תחתון אולוויז נורמל עם ניחוח רענן Fresh Scent,פרוקטר אנד גמבל )ראה קוד,UA,מגן תחתון אולווי,יחידה,1.00,יחידה,false,1,22.90,22.90,true,1,
8001090832450,false,"שמפו פנטן הנוסחה הקלאסית 660 מ""ל",דיפלומט מפיצים (1986) בע`מ,RO,שמפו פנטן,מיליליטרים,660.00,"100 מ""ל",false,1,22.90,3.47,true,1,
8001090832535,false,"שמפו פנטן שמן מרוקאי משקם 660 מ""ל",דיפלומט מפיצים (1986) בע`מ,RO,שמפו פנטן,מיליליטרים,660.00,"100 מ""ל",false,1,22.90,3.47,true,1,
8001090832573,false,שמפו שמן לחות מוגברת 660 מל פנטן,דיפלומט מפיצים (1986) בע`מ,RO,שמפו פנטן,מיליליטרים,660.00,"100 מ""ל",false,1,22.90,3.47,true,1,
8001090832818,false,מרכך פנטן הנוסחה הקלאסית לשיער רגיל ומעורב,דיפלומט מפיצים (1986) בע`מ,RO,מרכך פנטן,מיליליטרים,660.00,"100 מ""ל",false,1,22.90,3.47,true,1,
8001090832856,false,"פנטן 660 מ""ל קונדישינר מרוקאי משקם",דיפלומט מפיצים (1986) בע`מ,RO,מרכך פנטן,מיליליטרים,660.00,"100 מ""ל",false,1,22.90,3.47,true,1,
8001090899194,false,תחבושות אולוויז פלטינום נורמל 24 יחידות,דיפלומט מפיצים (1986) בע`מ,DE,תחבושות אולוויז,יחידה,1.00,יחידה,false,1,19.90,19.90,true,1,
8001090899224,false,תחבושות אולוויז פלטינום לונג 20 יחידות,דיפלומט מפיצים (1986) בע`מ,DE,תחבושות אולוייז,יחידה,1.00,יחידה,false,1,19.90,19.90,true,1,
8001090992338,false,פיירי טבליות למדיח פלטינום פלוס 50 יחידו,דיפלומט מפיצים (1968) בעמ,BE,פיירי טב' למדיח,יחידה,1.00,יחידה,false,1,59.90,59.90,true,1,
8001160001786,false,"משקה אנרגיה גטורייד ספורט כחול 500מ""ל",אקווה מינרלה סאן בנדטו,IT,גטורייד כחול,מיליליטרים,500.00,"100 מ""ל",false,0,10.40,2.08,true,1,
8001505000184,false,מעדן אוכמניות אורגני 250 גר FIORDIFRUTT,אף.סי תבליני בגליל ב,IT,מ.אוכמניות אורגנ,גרמים,250.00,100 גרם,false,0,23.90,9.56,true,1,
8001620011935,false,"סן בנדטו- מים מינרלים מוגז - מארז שישיית 500 מ""ל",אקווה מינרלה סאן בנד,IT,סאן בנדטו 6 יח',ליטרים,3.00,ליטר,false,0,15.90,5.30,true,1,
8001620018248,false,"מים מינרלים 750 מ""ל סאן בנדטו-פקק ספורט",אקווה מינרלה סאן בנדטו ב,IT,מים סאן בנדטו,מיליליטרים,750.00,"100 מ""ל",false,1,5.90,0.79,true,1,
8001620018408,false,"משקה פירות בטעם מנגו תפוח 400 מ""ל פרוטה",אקווה מינרלה סאן בנדטו ב,IT,פרוטה מנגו תפוח,מיליליטרים,400.00,"100 מ""ל",false,1,8.30,2.08,true,1,
8001800012738,false,פולי קפה קורטינה 250 גרם,,IT,פולי קפה קורטינה,גרמים,250.00,100 גרם,false,1,49.90,19.96,true,1,
<<<<<<< HEAD
8001841053806,false,תחבושות היגייניות אולוויז מקסי עבה לילה,פרוקטר אנד גמבל,DE,תחבושות אולוויז,יחידה,1.00,יחידה,false,1,13.90,13.90,true,1,
8001841077949,false,מארז מגבוני פמפרס בניחוח מרענן - רביעייה,פרוקטר אנד גמבל,DE,מגבוני פמפרס 4יח,יחידה,1.00,יחידה,false,1,19.90,19.90,true,1,
8001841105093,false,פמפרס פרימיום קר חיתולים שלב 6 26 יח VP,פרוקטר אנד גמבל,US,פמפרס,יחידה,1.00,יחידה,false,1,34.50,34.50,true,1,
8001841137179,false,קונדישינר הד&שולדרס הנוסחה הקלאסית 275מל,פרוקטר אנד גמבל,RO,מרכך הד&שולדרס,מיליליטרים,275.00,"100 מ""ל",false,1,15.90,5.78,true,1,
8001841410524,false,שמפו הד&שולדרס קוקוס600מ,פרוקטר אנד גמבל,RO,שמפו הד&שולדרס,מיליליטרים,600.00,"100 מ""ל",false,1,22.90,3.81,true,1,
8001841566771,false,לנור כדוריות בושם בניחוח יסמין 210 גרם,פרוקטר אנד גמבל,,לנור מבשם כביסה,יחידה,1.00,יחידה,false,0,29.90,29.90,true,1,
8001841625188,false,סבון כלים פלטינום לימון X3 פעולות להסרת שומנים,פרוקטר אנד גמבל,GB,פיירי נוזל כלים,מיליליטרים,515.00,"100 מ""ל",false,1,12.50,2.43,true,1,
8001841669519,false,קפסולות לכביסה ALL IN ONE אריאל 55 יחידות,פרוקטר אנד גמבל,FR,קפסולות לכביסה,יחידה,1.00,יחידה,false,1,72.90,72.90,true,1,
8001841941929,false,אולוויז וליו פק לילה בטוח אקסטרא 16 יחידות,פרוקטר אנד גמבל,DE,אולוויז לילה,יחידה,1.00,יחידה,false,1,23.90,23.90,true,1,
8001841960081,false,פיירי טבליות למדיח פלטינום הכל באחד - מארז 37 יח',פרוקטר אנד גמבל,,פיירי טב' למדיח,יחידה,1.00,יחידה,false,0,39.90,39.90,true,1,
8002230000012,false,מארז משקה קוקטייל אפ,אלכוהול (איי.בי.בי),IT,אפרול,ליטרים,1.00,ליטר,false,1,99.90,99.90,true,1,
=======
8001841053806,false,תחבושות היגייניות אולוויז מקסי עבה לילה,דיפלומט מפיצים (1968) בעמ,DE,תחבושות אולוויז,יחידה,1.00,יחידה,false,1,13.90,13.90,true,1,
8001841077949,false,מארז מגבוני פמפרס בניחוח מרענן - רביעייה,דיפלומט מפיצים (1986) בע`מ,DE,מגבוני פמפרס 4יח,יחידה,1.00,יחידה,false,1,19.90,19.90,true,1,
8001841105093,false,פמפרס פרימיום קר חיתולים שלב 6 26 יח VP,דיפלומט מפיצים (1986) בע`מ,US,פמפרס,יחידה,1.00,יחידה,false,1,34.50,34.50,true,1,
8001841137179,false,קונדישינר הד&שולדרס הנוסחה הקלאסית 275מל,דיפלומט מפיצים (1986) בע`מ,RO,מרכך הד&שולדרס,מיליליטרים,275.00,"100 מ""ל",false,1,15.90,5.78,true,1,
8001841410524,false,שמפו הד&שולדרס קוקוס 600 מל,דיפלומט מפיצים (1968) בעמ,RO,שמפו הד&שולדרס,מיליליטרים,600.00,"100 מ""ל",false,1,22.90,3.81,true,1,
8001841566771,false,לנור כדוריות בושם בניחוח יסמין 210 גרם,דיפלומט מפיצים (1968) בעמ,,לנור מבשם כביסה,יחידה,1.00,יחידה,false,0,29.90,29.90,true,1,
8001841625188,false,סבון כלים פלטינום לימון X3 פעולות להסרת שומנים,דיפלומט מפיצים (1986) בע`מ,GB,פיירי נוזל כלים,מיליליטרים,515.00,"100 מ""ל",false,1,12.50,2.43,true,1,
8001841669519,false,קפסולות לכביסה ALL IN ONE אריאל 55 יחידות,דיפלומט מפיצים (1986) בע`מ,FR,קפסולות לכביסה,יחידה,1.00,יחידה,false,1,72.90,72.90,true,1,
8001841941929,false,אולוויז וליו פק לילה בטוח אקסטרא 16 יחידות,דיפלומט מפיצים (1986) בע`מ,DE,אולוויז לילה,יחידה,1.00,יחידה,false,1,23.90,23.90,true,1,
8001841960081,false,פיירי טבליות למדיח פלטינום הכל באחד - מארז 37 יח',דיפלומט מפיצים (1986) בע`מ,,פיירי טב' למדיח,יחידה,1.00,יחידה,false,0,39.90,39.90,true,1,
8002230000012,false,מארז משקה קוקטייל אפ,החברה המרכזית להפצת משקאות בעמ,IT,אפרול,ליטרים,1.00,ליטר,false,1,99.90,99.90,true,1,
>>>>>>> d048ac2f4f281c9d788043ab4e81b61b0dbe3743
8002270866524,false,סן פלגרינו מים מינרליים טבעיים מוגזים,סן פלגרינו San Pellegrino,IT,סן פלגרינו,ליטרים,1.00,ליטר,false,0,10.50,10.50,true,1,
8004690050507,false,L.M פסטה איטלקית פטוצ'יני 500 גרם,לה מוליסנה,IT,פסטה פטוצ'יני,גרמים,500.00,100 גרם,false,1,8.90,1.78,true,1,
8004690050620,false,L.M פסטה איטלקית לינגוויני 500 גרם,לה מוליזנה קמפובאסן,IT,פסטה לה מוליזנה,גרמים,500.00,100 גרם,false,1,8.90,1.78,true,1,
8004690051573,false,ספגטי לה מוליזנה 500 גרם,לה מוליזנה קמפובאסן,IT,ספגטי לה מוליזנה,גרמים,500.00,100 גרם,false,1,8.90,1.78,true,1,
8004690052044,false,פסטה פנה ריגטה 500 גרם,לה מוליזנה קמפובאסן,IT,פנה ריגטה,גרמים,500.00,100 גרם,false,1,8.90,1.78,true,1,
8004690052846,false,L.M פסטה איטלקית פוזילי 500 גרם,לה מוליסנה,IT,פסטה פוזילי,גרמים,500.00,100 גרם,false,1,8.90,1.78,true,1,
8004690106600,false,L.M פסטה איטלקית פרפאלה 500 גרם,לה מוליזנה קמפובאסן,IT,פסטה לה מוליזנה,גרמים,500.00,100 גרם,false,0,8.90,1.78,true,1,
8005110000416,false,עגבניות חתוכ.במיץ 300*2ג,מוטי אס.פי.אי,IT,עגבניות חתוכות2*,גרמים,600.00,100 גרם,false,1,13.90,2.32,true,1,
8005110002533,false,רוטב פסטה עגבנ.דטרינ400,מוטי אס.פי.אי,IT,רוטב לפסטה,גרמים,400.00,100 גרם,false,1,13.90,3.48,false,1,
8005110002557,false,רוטב מעגבנ.רומא לפסטה400,מוטי אס.פי.אי,IT,רוטב לפסטה,גרמים,400.00,100 גרם,false,1,13.90,3.48,false,1,
8005110060007,false,עגבניות מקולפות MUTTI 400 גרם,רסטרטו יבוא ושיווק בעמ,IT,עגבניות מקולפות,גרמים,400.00,100 גרם,false,0,7.20,1.80,true,1,
8005110171215,false,עגבניות חתוכות 690 POLPAPEZZI ג' (כחול) MUTTI,רסטרטו יבוא ושיווק בעמ,IT,עגבניות חתוכות,גרמים,690.00,100 גרם,false,0,15.90,2.30,true,1,
8005110191015,false,רסק עגבניות ובזיליקום MUTTI{ירוק } 700 גרם,רסטרטו יבוא ושיווק בעמ,IT,מחית עגבניות קלה,גרמים,700.00,100 גרם,false,0,13.90,1.99,true,1,
8005110200014,false,רסק עגבניות 210 ג' CONCENTRATO MUTTI,רסטרטו יבוא ושיווק בעמ,IT,רכז עגבניות,גרמים,210.00,100 גרם,false,0,7.90,3.76,true,1,
8005110551253,false,רוטב לפיצה להכנת פיצה איטלקית קלאסית,רסטרטו יבוא ושיווק בעמ*אין החז,IT,רוטב לפיצה,גרמים,400.00,100 גרם,false,1,9.90,2.48,true,1,
8005200256587,false,נסטי - תה קר בטעם אפרסק 1.5 ליטר,מפעל סאנפלגרינו S.P.A,IT,נסטי בטעם אפר,ליטרים,1.50,ליטר,false,0,9.20,6.13,true,1,
8005200316588,false,תה קר נסטי אפרסק דיאט 1.5 ליטר פיקדון,מפעל סאנפלגרינו s.p.a,IT,נסטי דיאט אפר,ליטרים,1.50,ליטר,false,0,9.20,6.13,true,1,
8005852613509,false,שזיר טונה עם פפאיה 75גרם,,TH,שזיר טונה עם פפא,גרמים,75.00,100 גרם,false,0,6.00,8.00,true,1,
8005852750013,false,מעדן טונה לחתול 85 גרם,,TH,שזיר מעדן טונה,גרמים,85.00,100 גרם,false,0,6.00,7.06,true,1,
8005852750112,false,שזיר מעדן עוף 85 גרם,,TH,שזיר מעדן עוף,גרמים,85.00,100 גרם,false,0,6.00,7.06,true,1,
8005852750150,false,שזיר מעדן סלמון 85 גרם,,TH,שזיר מוס סלמון,גרמים,85.00,100 גרם,false,0,6.00,7.06,true,1,
8006540091937,false,לנור כדוריות הבושם בניחוח אריאל 210 גרם,פטר קרמר עבור פרוקטור אנ,GB,לנור מבשם כביסה,גרמים,210.00,100 גרם,false,1,29.90,14.24,true,1,
<<<<<<< HEAD
8006540110317,false,שמפו מינרלס ביוטין + במבוק לשיער חזק וארוך,פרוקטר אנד גמבל,RO,פנטן מיראקלס,גרמים,400.00,100 גרם,false,1,17.90,4.48,true,1,
8006540112793,false,"מרכך כביסה מרוכז בניחוח יסמין לנור 900 מ""ל",פרוקטר אנד גמבל,US,לנור מרכך מרוכז,מיליליטרים,900.00,"100 מ""ל",false,1,17.90,1.99,true,1,
8006540112823,false,"לנור מרכך כביסה מרוכז בניחוח האוקיינוס 900 מ""ל",פרוקטר אנד גמבל,US,לנור מרכך מרוכז,מיליליטרים,900.00,"100 מ""ל",false,1,17.90,1.99,true,1,
8006540352960,false,טמפונים טמפקס פרל רגולר 20 יחידות,פרוקטר אנד גמבל,HU,טמפקס,יחידה,1.00,יחידה,false,1,24.90,24.90,true,1,
8006540358498,false,טמפקס פרל סופר-פלוס 18 יחידות חדש,פרוקטר אנד גמבל,HU,טמפקס,יחידה,1.00,יחידה,false,1,24.90,24.90,true,1,
8006540385029,false,הד&שולדרס MEN שמפו ומרכך 2ב-1 אולטרא 540,URLATI GAMBLE & PROCTER,RO,הד&שולדרס מן 2ב1,מיליליטרים,540.00,"100 מ""ל",false,1,22.90,4.24,true,1,
8006540404935,false,דיסקריט תחבושות לבריחת שתן נורמל 12 יח,פרוקטר & גמבל,DE,דיסקריט תחבושות,יחידה,1.00,יחידה,false,1,16.90,16.90,true,1,
8006540405031,false,דיסקריט תחבושות לבריחת שתן סמול פלוס 16,פרוקטר & גמבל,DE,דיסקריט תחבושות,יחידה,1.00,יחידה,false,1,16.90,16.90,true,1,
8006540410905,false,הד&שולדרס 7 יתרונות ב-1 עמידות השיער 450,S BLOIS GAMBLE & PROCTER,FR,ה&ש שמפו 7 ב1-,מיליליטרים,450.00,"100 מ""ל",false,1,22.90,5.09,true,1,
8006540410967,false,הד&שולדרס 7 יתרונות ב-1 רב פעולות 450,S BLOIS GAMBLE & PROCTER,FR,הד&שולדרס שמפו,גרמים,450.00,100 גרם,false,1,22.90,5.09,true,1,
8006540429327,false,פיירי מקס פאוור לימון עם מנגנון למניעת נזילות,פרוקטר אנד גמבל,CZ,פיירי לימון,מיליליטרים,440.00,"100 מ""ל",false,1,10.90,2.48,true,1,
8006540463550,false,פיירי טבליות למדיח פלטינום 63 יחידות,פרוקטר אנד גמבל,BE,פיירי טבליות,יחידה,1.00,יחידה,false,1,59.90,59.90,true,1,
8006540491539,false,"נוזל כלים פיירי פלטינום אוריגינל 780 מ""ל",פרוקטר אנד גמבל,GB,פיירי פלטינום,מיליליטרים,780.00,"100 מ""ל",false,1,12.50,1.60,true,1,
8007178120310,false,חומץ בלסמי ד'מודנה Giacobazzi,פטורייה ג'יאקובאזי ס,IT,חומץ בלסמי,מיליליטרים,500.00,"100 מ""ל",false,0,22.90,4.58,true,1,
8007270999012,false,שמן גרעיני ענבים 1 ליטר,קוסטה דיאורו,IT,שמן גרעיני ענבים,ליטרים,1.00,ליטר,false,0,47.90,47.90,true,1,
8008245004847,false,ממרח אגוזי לוז וקקאו מובנפיק 300 גרם,נאטקו,IT,ממרח אגוזי לוז,גרמים,300.00,100 גרם,false,1,13.90,4.63,true,1,
8008660210038,false,מעדן ריבה מנץ אנד גאססר תות שדה 300 גר,קריניציה ויטמינה אס,IT,מעדן תות שדה,גרמים,300.00,100 גרם,false,1,17.90,5.97,true,1,
8008698003503,false,עוגיות שיבולת שועל עם צימוקים 250 גר,"דר שר ס.ר.ל פוסטל, א",IT,קרקר מלבני שר,גרמים,210.00,100 גרם,false,0,29.90,14.24,true,1,
8008698004548,false,ביסקוויטים בציפוי קרם ללא גלוטן 150 גר,"ד""ר שר ס.ר.ל",DE,ביסקוויט מצופה,גרמים,150.00,100 גרם,false,1,20.90,13.93,true,1,
8008698012857,false,ביסקויט פתי בר בטעם חמאה 165 גרם ללא גלוטן petit,ס.ר.ל פוסטל,IT,ביסקוויט ל.גלוטן,גרמים,165.00,100 גרם,false,1,14.90,9.03,true,1,
8008698024188,false,פאן רוסטיקו-לחם ללא גלוטן 250 גרם,schar,IT,פאן רוסטיקו פרוס,גרמים,250.00,100 גרם,false,1,18.90,7.56,true,1,
=======
8006540110317,false,שמפו מינרלס ביוטין + במבוק לשיער חזק וארוך,דיפלומט מפיצים (1968) בעמ,RO,פנטן מיראקלס,גרמים,400.00,100 גרם,false,1,17.90,4.48,true,1,
8006540112793,false,"מרכך כביסה מרוכז בניחוח יסמין לנור 900 מ""ל",דיפלומט מפיצים (1986) בע`מ,US,לנור מרכך מרוכז,מיליליטרים,900.00,"100 מ""ל",false,1,17.90,1.99,true,1,
8006540112823,false,"לנור מרכך כביסה מרוכז בניחוח האוקיינוס 900 מ""ל",דיפלומט מפיצים (1968) בעמ,US,לנור מרכך מרוכז,מיליליטרים,900.00,"100 מ""ל",false,1,17.90,1.99,true,1,
8006540352960,false,טמפונים טמפקס פרל רגולר 20 יחידות,דיפלומט מפיצים (1986) בע`מ,HU,טמפקס,יחידה,1.00,יחידה,false,1,24.90,24.90,true,1,
8006540358498,false,טמפקס פרל סופר-פלוס 18 יחידות חדש,דיפלומט מפיצים (1968) בעמ,HU,טמפקס,יחידה,1.00,יחידה,false,1,24.90,24.90,true,1,
8006540385029,false,הד&שולדרס MEN שמפו ומרכך 2ב-1 אולטרא 540,URLATI GAMBLE & PROCTER,RO,הד&שולדרס מן 2ב1,מיליליטרים,540.00,"100 מ""ל",false,1,22.90,4.24,true,1,
8006540404935,false,דיסקריט תחבושות לבריחת שתן נורמל 12 יח,דיפלומט מפיצים (1968) בעמ,DE,דיסקריט תחבושות,יחידה,1.00,יחידה,false,1,16.90,16.90,true,1,
8006540405031,false,דיסקריט תחבושות לבריחת שתן סמול פלוס 16,דיפלומט מפיצים (1968) בעמ,DE,דיסקריט תחבושות,יחידה,1.00,יחידה,false,1,16.90,16.90,true,1,
8006540410905,false,הד&שולדרס 7 יתרונות ב-1 עמידות השיער 450,S BLOIS GAMBLE & PROCTER,FR,ה&ש שמפו 7 ב1-,מיליליטרים,450.00,"100 מ""ל",false,1,22.90,5.09,true,1,
8006540410967,false,הד&שולדרס 7 יתרונות ב-1 רב פעולות 450,S BLOIS GAMBLE & PROCTER,FR,הד&שולדרס שמפו,גרמים,450.00,100 גרם,false,1,22.90,5.09,true,1,
8006540429327,false,פיירי מקס פאוור לימון עם מנגנון למניעת נזילות,דיפלומט מפיצים (1968) בעמ,CZ,פיירי לימון,מיליליטרים,440.00,"100 מ""ל",false,1,10.90,2.48,true,1,
8006540463550,false,פיירי טבליות למדיח פלטינום 63 יחידות,דיפלומט מפיצים (1968) בעמ,BE,פיירי טבליות,יחידה,1.00,יחידה,false,1,59.90,59.90,true,1,
8006540491539,false,"נוזל כלים פיירי פלטינום אוריגינל 780 מ""ל",דיפלומט מפיצים (1986) בע`מ,GB,פיירי פלטינום,מיליליטרים,780.00,"100 מ""ל",false,1,12.50,1.60,true,1,
8007178120310,false,"חומץ בלסמי 500 מ""ל (דיפלומט)",דיפלומט מפיצים (1968) בעמ**,IT,חומץ בלסמי,מיליליטרים,500.00,"100 מ""ל",false,0,22.90,4.58,true,1,
8007270999012,false,שמן גרעיני ענבים קוסטה דורו 1 ליטר,קוסטה דיאורו,IT,שמן גרעיני ענבים,ליטרים,1.00,ליטר,false,0,47.90,47.90,true,1,
8008245004847,false,ממרח אגוזי לוז וקקאו מובנפיק 300 גרם,א. סיימן סחר בעמ,IT,ממרח אגוזי לוז,גרמים,300.00,100 גרם,false,1,13.90,4.63,true,1,
8008660210038,false,מעדן ריבה מנץ אנד גאססר תות שדה 300 גר,תה ויסוצקי (ישראל) בעמ,IT,מעדן תות שדה,גרמים,300.00,100 גרם,false,1,17.90,5.97,true,1,
8008698003503,false,עוגיות שיבולת שועל עם צימוקים 250 גר,ל.י.ב. (לחיות יותר בטבע) בעמ,IT,קרקר מלבני שר,גרמים,210.00,100 גרם,false,0,29.90,14.24,true,1,
8008698004548,false,ביסקוויטים בציפוי קרם ללא גלוטן 150 גר,ל.י.ב. (לחיות יותר בטבע) בעמ,DE,ביסקוויט מצופה,גרמים,150.00,100 גרם,false,1,20.90,13.93,true,1,
8008698012857,false,ביסקויט פתי בר בטעם חמאה 165 גרם ללא גלוטן petit,ל.י.ב. (לחיות יותר בטבע) בעמ,IT,ביסקוויט ל.גלוטן,גרמים,165.00,100 גרם,false,1,14.90,9.03,true,1,
8008698024188,false,פאן רוסטיקו מאפה ללא גלוטן 250 גר`,לחיות יותר בטבע בעמ,IT,פאן רוסטיקו פרוס,גרמים,250.00,100 גרם,false,1,18.90,7.56,true,1,
>>>>>>> d048ac2f4f281c9d788043ab4e81b61b0dbe3743
8008698054109,false,מילוי גריס - ממרח אגוזי לוז עם קקאו בתוספות מקלות 52 גרם,"ד""ר שר ס.ר.ל",IT,ממרח אגוזי לוז,גרמים,52.00,100 גרם,false,1,13.90,26.73,true,1,
8010445003308,false,שמן זית כתית מעולה 750 מ,CLEMENTE OLEARIA,IT,שמן זית קלמנטה,גרמים,750.00,100 גרם,false,0,34.90,4.65,true,1,
8014515330059,false,עגבניות שלמות מקולפות400,שופרסל-ייבוא,IT,עגבניות שלמות,גרמים,400.00,100 גרם,false,0,6.70,1.68,true,1,
8014515330738,false,קוביות עגבניות פומו400גר,שופרסל-ייבוא,IT,קוביות עגבניות,גרמים,400.00,100 גרם,false,0,6.70,1.68,true,1,
8023678162360,false,משקה שקדים טבעי אורגני 1ליטר ISOLA,לחיות יותר בטבע בעמ,IT,משקה שקדים,ליטרים,1.00,ליטר,false,1,17.70,17.70,true,1,
8023678164517,false,משקה שקדים ללא סוכר טבעי אורגני 1ליטר ISOLA,איזולה ביו Isola Bio,IT,משקה שקדים טבעי,ליטרים,1.00,ליטר,false,1,17.70,17.70,true,1,
<<<<<<< HEAD
8024985002783,false,סמוזי נטורה נובה גזר ודלעת 100 גרם,נטורה נובה,IT,סמוזי גזר ודלעת,גרמים,100.00,100 גרם,false,1,6.50,6.50,true,1,
8024985002943,false,סמוזי נטורה נובה תפוח אננס קוקוס 100 גרם,נטורה נובה,IT,סמוזי אננס קוקוס,גרמים,100.00,100 גרם,false,1,6.50,6.50,true,1,
8024985002950,false,נטורה נובה-סמוזי שזיף אורגני 100 גרם,נטורה נובה,IT,סמוזי שזיף,גרמים,100.00,100 גרם,false,1,6.50,6.50,true,1,
8024985002967,false,סמוזי נטורה נובה בננה תרד 100 גרם,נטורה נובה,IT,סמוזי תפוח בננה,גרמים,100.00,100 גרם,false,1,6.50,6.50,true,1,
8024985003988,false,סמוזי תפוח בננה 100 גר נטורה נובה,נטורה נובה,IT,סמוזי תפוח בננה,גרמים,100.00,100 גרם,false,1,6.50,6.50,true,1,
8024985005234,false,סמוזי נטורה נובה סמוצי תפוח מנגו 100 גרם,נטורה נובה,IT,סמוזי תפוח אפרסק,גרמים,100.00,100 גרם,false,1,6.50,6.50,true,1,
8024985008037,false,סמוזי נטורה נובה סמוצי תפוח 100 גרם,"נטורפוד בע""מ",IT,סמוזי תפוח,גרמים,100.00,100 גרם,false,0,6.50,6.50,true,1,
8024985008044,false,נטורה משקה סמודי אגסים אורגני 100 גר,"נטורפוד בע""מ",IT,סמוזי אגס,גרמים,100.00,100 גרם,false,0,6.50,6.50,true,1,
8024985008051,false,נטורה סמודי פירות אדומים אורגניים 100מל,"נטורפוד בע""מ",IT,סמוזי פירות אדום,גרמים,100.00,100 גרם,false,0,6.50,6.50,true,1,
=======
8024985002783,false,מחית פירות סמוצ`י תפוח גזר דלעת ללא תוספ,נטורפוד בעמ,IT,סמוזי גזר ודלעת,גרמים,100.00,100 גרם,false,1,6.50,6.50,true,1,
8024985002943,false,מחית סמוצ`י תפוח אננס קוקוס אורגנית נטור,נטורפוד בעמ,IT,סמוזי אננס קוקוס,גרמים,100.00,100 גרם,false,1,6.50,6.50,true,1,
8024985002950,false,מחית פירות סמוצ`י שזיף אורגנית נטורה נוב,נטורפוד בעמ,IT,סמוזי שזיף,גרמים,100.00,100 גרם,false,1,6.50,6.50,true,1,
8024985002967,false,מחית סמוצ`י בננה תרד נטורה נובה 100 גרם,נטורפוד בעמ,IT,סמוזי תפוח בננה,גרמים,100.00,100 גרם,false,1,6.50,6.50,true,1,
8024985003988,false,מחית פירות סמוצ`י תפוחים ובננה אורגנית ל,נטורפוד בעמ,IT,סמוזי תפוח בננה,גרמים,100.00,100 גרם,false,1,6.50,6.50,true,1,
8024985005234,false,מחית פירות סמוצ`י תפוח עץ ומנגו אורגנית,נטורפוד בעמ,IT,סמוזי תפוח אפרסק,גרמים,100.00,100 גרם,false,1,6.50,6.50,true,1,
8024985008037,false,מחית פירות סמוצ`י תפוח אורגנית ללא תוספת,"נטורפוד בע""מ",IT,סמוזי תפוח,גרמים,100.00,100 גרם,false,0,6.50,6.50,true,1,
8024985008044,false,מחית פירות סמוצ`י אגס אורגנית ללתס נטור,"נטורפוד בע""מ",IT,סמוזי אגס,גרמים,100.00,100 גרם,false,0,6.50,6.50,true,1,
8024985008051,false,מחית פירות סמוצ`י פירות אדומים אורגנית ל,"נטורפוד בע""מ",IT,סמוזי פירות אדום,גרמים,100.00,100 גרם,false,0,6.50,6.50,true,1,
>>>>>>> d048ac2f4f281c9d788043ab4e81b61b0dbe3743
8024985011204,false,נטורה נובה-סמוזי תפוח תות בננה 100 גרם,נטורה נובה,IT,סמוזי תפוח,גרמים,100.00,100 גרם,false,1,6.50,6.50,true,1,
8032793342458,false,עגבניות מרוסקות דק ומסוננות בבקבוק 700 ג',קונסוריזיו קאסאלסקו דל פ,IT,עגבניות מרוסקות,גרמים,700.00,100 גרם,false,1,11.90,1.70,true,1,
8032804430471,false,פליסיה קופסא - סדניני עדשים אדומות 250 גרם,אף.סי תבליני בגליל ב,IT,פסטה עדשים,גרמים,250.00,100 גרם,false,1,13.90,5.56,true,1,
8056040250068,false,טרה די סטה קיאנטי 750 מל,טרה די סטה,,טרה די סטה קיאנט,יחידה,1.00,יחידה,false,0,64.60,64.60,true,1,
8076800195033,false,ברילה - צ.א ספגטיני מס3 חדש 500 גרם,ברילה גי.אי.אר פרטלי ס.פ,IT,ספגטיני מס' 3,גרמים,500.00,100 גרם,false,0,7.90,1.58,true,1,
8076800195057,false,ברילה - צ.א ספגטי מס5 חדש 500 גרם,ברילה גי.אי.אר פרטלי ס.פ,IT,ספגטי מס 5 ברילה,גרמים,500.00,100 גרם,false,0,7.90,1.58,true,1,
8076802085738,false,ברילה צ.ק פנה רגטה מס' 73 500 גרם,ברילה גי.אי.אר פרטלי ס.פ,IT,פנה ריגטה ברילה,גרמים,500.00,100 גרם,false,0,7.90,1.58,true,1,
8076802085936,false,ברילה פסטה צ.ק. קונצילה ריגטה חדש,ברילה גי.אי.אר פרטלי ס.פ,IT,קונצ'יליה,גרמים,500.00,100 גרם,false,0,7.90,1.58,true,1,
8076802085981,false,ברילה - צ.ק פוזילי חדש 500 גרם,ברילה גי.אי.אר פרטלי ס.פ,IT,פוזילי ברילה,גרמים,500.00,100 גרם,false,0,7.90,1.58,true,1,
8076808050440,false,פסטה מקרוני מספר 44 ברילה 500 גרם,ש. שסטוביץ בע`מ,IT,מקרוני ברילה,גרמים,500.00,100 גרם,false,0,7.90,1.58,true,1,
8076808060654,false,פסטה פרפלה מספר 65 ברילה 500 גרם,ברילה גי.אי.אר פרטלי ס.פ,IT,פסטה פרפלה ברילה,גרמים,500.00,100 גרם,false,0,7.90,1.58,true,1,
8076808150072,false,ברילה - צ.א ספגטוני מס7 חדש 500 גרם,ברילה גי.אי.אר פרטלי ס.פ,IT,ספגטי ברילה,גרמים,500.00,100 גרם,false,0,7.90,1.58,true,1,
8076809512268,false,פסטה גירנדולה טורסדס מספר 34 ברילה 500 גרם,ברילה גי.אי.אר פרטלי ס.פ,IT,פסטה גירנדולה,גרמים,500.00,100 גרם,false,0,7.90,1.58,true,1,
8076809513388,false,ברילה רוטב אראביאטה צילי לפסטה 400 ג,ברילה גי.אי.אר פרטלי ס.פ,IT,רוטב לפסטה,גרמים,400.00,100 גרם,false,0,13.90,3.48,true,1,
8076809513395,false,ברילה פומודורו רוטב עגבניות קלאסי 400 גר,ברילה גי.אי.אר פרטלי ס.פ,IT,רוטב עגבניות,גרמים,400.00,100 גרם,false,0,13.90,3.48,true,1,
8076809513654,false,בסיס רוטב עגבניות לבולונז ברילה 400 גרם,ברילה גי.אי.אר פרטלי ס.פ,IT,בסיס לרוטב,גרמים,400.00,100 גרם,false,0,13.90,3.48,true,1,
8076809513692,false,רוטב עגבניות נפולטנה בתוספת ירקות,ברילה גי.אי.אר פרטלי ס.פ,IT,רוטב לפסטה,גרמים,400.00,100 גרם,false,0,13.90,3.48,true,1,
8076809513739,false,ברילה רוטב עגבניות עם בזיליקום 400 גרם,ברילה גי.אי.אר פרטלי ס.פ,IT,רוטב בזיליקום,גרמים,400.00,100 גרם,false,0,13.90,3.48,true,1,
8076809523561,false,ברילה - רוטב פסטה בטעם טוסקנה 400 גרם,ברילה גי.אי.אר פרטלי ס.פ,IT,רוטב עגבניות,גרמים,400.00,100 גרם,false,0,13.90,3.48,true,1,
8076809547956,false,פסטה ברילה קיפרי 500 גרם,ברילה ג'.אי.אר פרטלי,IT,ברילה קיפרי,גרמים,500.00,100 גרם,false,1,7.90,1.58,true,1,
8076809578998,false,ברילה - צ.ק. סטלינה 500 גרם,ברילה גי. אי. אר פרטלי ס,IT,ברילה צ.ק סטלינה,גרמים,500.00,100 גרם,false,1,7.90,1.58,true,1,
8121300206946,false,ממתיק סיטיביה טרוביה 80 שקיות אישיות,גורי ע.ע.ע. בע`מ,US,ממתיק טרוביה,גרמים,80.00,100 גרם,false,1,29.90,37.38,true,1,
8410076600622,false,חטיפי גרנולה קראנצ'י עם שוקולד מריר נייצ'ר ואלי 210 גרם,ג'נרל מילס סאן אדריאן,ES,נייצר וואלי שוקו,גרמים,210.00,100 גרם,false,0,21.90,10.43,true,1,
8410076610379,false,"חטיף בוטנים, חלבון סויה ושוקולד מריר עם ציפוי בטעם שוקולד",סריילטו ספיין פודס,ES,נייטשר וואלי,גרמים,160.00,100 גרם,false,1,26.90,16.81,true,1,
8410076610386,false,נייטשר ואלי פרוטאין בוטנים עם ציפוי בטעם קרמל מלוח 160 ג',ג'\נרל מילס סאן אדריאן S,ES,נייטשר וואלי 4יח,גרמים,160.00,100 גרם,false,1,26.90,16.81,true,1,
8410076610508,false,"חטיף שיבולת שועל מלאה עם בוטנים, שקדים ושוקולד מריר בציפוי בטעם שוקולד",נייצ'ר ואלי Nature Valley,GB,חטיפי צ'ואי 5 יח,גרמים,150.00,100 גרם,false,1,21.90,14.60,true,1,
<<<<<<< HEAD
8410104045111,false,"פיניש מלח למדיח כלים 2ק""ג",רקיט בנקיזר,IL,מלח למדיח,קילוגרמים,2.00,"ק""ג",false,0,16.90,8.45,true,1,
=======
8410104045111,false,"פיניש מלח למדיח כלים 2ק""ג",רקיט בנקיזר (ניר איסט) בעמ,IL,מלח למדיח,קילוגרמים,2.00,"ק""ג",false,0,16.90,8.45,true,1,
>>>>>>> d048ac2f4f281c9d788043ab4e81b61b0dbe3743
8410179000411,false,שמן צמחי E+Dויטמין 1ל,PONTU BORGES ACEITES,ES,שמן צמחי מועשר,ליטרים,1.00,ליטר,false,1,14.90,14.90,true,1,
8410179010809,false,שמן קנולה בורחס 1 ליטר,בורחס,ES,שמן קנולה,ליטרים,1.00,ליטר,false,1,13.90,13.90,true,1,
8410179014814,false,שמן צמחיE+ויטמין 1ליטר,PONTU BORGES ACEITES,ES,שמן צמחי מועשר,ליטרים,1.00,ליטר,false,1,14.90,14.90,true,1,
8410179014821,false,שמן קנולה + E ויטמין 1ל,PONTU BORGES ACEITES,ES,שמן קנולה,ליטרים,1.00,ליטר,false,1,14.90,14.90,true,1,
8410179018027,false,שמן קנולה מועשר 1 ליטר,FOO BRANDED BORGES,ES,שמן קנולה מועשר,ליטרים,1.00,ליטר,false,1,14.90,14.90,true,1,
8410179100043,false,שמן זית בורחס מעולה750מל,PONTU BORGES ACEITES,ES,שמן זית כתית,מיליליטרים,750.00,"100 מ""ל",false,0,34.90,4.65,true,1,
8410179100845,false,שמן זית מזיתי פיקואל750מ,,ES,שמן זית פיקואל,מיליליטרים,750.00,"100 מ""ל",false,0,34.90,4.65,true,1,
8410376010701,false,"ביסקוויט ללת""ס גולון גלטה מריה 400 גר",תות תעשיות מזון (201,ES,"ביסקוויט ללת""ס",גרמים,400.00,100 גרם,false,1,19.90,4.98,true,1,
8410376052633,false,גולון-עוגיות שוקוצ'יפס ללא תוספת סוכר 150 ג 1/12,VIRGINIAS INDUSTRIAS,ES,עוגיות שוקוצ'יפס,גרמים,150.00,100 גרם,false,1,12.70,8.47,true,1,
<<<<<<< HEAD
8410644611203,false,יין קאווה איבריקה לבן יבש Cava Iberica,יוסף מסאקס ס.ל.,ES,קאווה אימבריקה,מיליליטרים,750.00,"100 מ""ל",false,0,31.90,4.25,true,1,
8410655000423,false,"מארז בירה סאן מיגל 4*330 מ""ל",סרבסס סאן מיגל אס.אל.יו,ES,בירה סאן מיגל4יח,ליטרים,1.32,ליטר,false,0,29.90,22.65,true,1,
=======
8410644611203,false,יין קאווה איבריקה לבן יבש Cava Iberica,טמפו משקאות בע`מ,ES,קאווה אימבריקה,מיליליטרים,750.00,"100 מ""ל",false,0,31.90,4.25,true,1,
8410655000423,false,בירה רביעייה 5.4% אלכוהול 330 מל סאן מי,סרבסס סאן מיגל אס.אל.יו,ES,בירה סאן מיגל4יח,ליטרים,1.32,ליטר,false,0,29.90,22.65,true,1,
>>>>>>> d048ac2f4f281c9d788043ab4e81b61b0dbe3743
8423207206488,false,סלים דליס חטיף דגנים מצופה שוקולד חלב מרבה 6*20 גרם,אף.סי תבליני בגליל ב,ES,חטיפי דגנים מרבה,גרמים,120.00,100 גרם,false,0,12.90,10.75,true,1,
8423207206495,false,סלים דליס חטיף דגנים מצופה שוקולד מריר מרבה 6*20 גרם,אף.סי תבליני בגליל ב,ES,חטיפי דגנים מרבה,גרמים,120.00,100 גרם,false,0,12.90,10.75,true,1,
8423207207362,false,חטיפי סלים דליס שוקולד לבן מרבה 6 יחידות,ביסנצ'ורי אס.אל.יו,ES,סלים דליס,גרמים,120.00,100 גרם,false,0,12.90,10.75,true,1,
8423207208260,false,מרבה סלים דליס 125 ג' ללא גלוטן שוקולד חלב,ביסנצ'ורי אס.אל.יו,ES,חטיף דגנים,גרמים,78.00,100 גרם,false,1,11.90,15.26,true,1,
8423207208680,false,חטיף דגנים שוקולד סלים דליס לילדים מרבה 6 יחידות,ביסנצ'ורי אס.אל.יו,ES,סלים דליס 6 יח,גרמים,120.00,100 גרם,false,1,12.90,10.75,true,1,
8423207208703,false,חטיפי סלים דליס שוקולד מריר מרבה 6 יחידות,ביסנצ'ורי אס.אל.יו,ES,סלים דליס 6 יח,גרמים,120.00,100 גרם,false,1,12.90,10.75,true,1,
<<<<<<< HEAD
8423207208871,false,פריכיות תירס בטעם טבעי סלים דליס 130 גרם,סלים דליס Slim Delis,ES,פריכיות תירס,גרמים,130.00,100 גרם,false,1,10.90,8.38,true,1,
8425206000081,false,ריבת חלב מרדל 450 גרם,כלורוקס אוקלנד,ES,ריבת חלב,גרמים,450.00,100 גרם,false,0,21.90,4.87,true,1,
8425278300003,false,"ריוחה הרנזה 750 מ""ל",אלוי,ES,ריוחה הרנזה,מיליליטרים,750.00,"100 מ""ל",false,1,49.90,6.66,true,1,
8435495805168,false,"תינוקלין לכביסה לעור רגיש אולימפיק 1.25ק""ג",מולינו ניקולי s.p.a,TR,א.כביסה תינוקלין,גרמים,1250.00,100 גרם,false,1,23.90,1.91,true,1,
8435495807636,false,ג'ל כביסה היפואלרגני 2 ל' תינוקלין,פרוקטר אנד גמבל,TR,תינוקלין ג'ל,ליטרים,2.00,ליטר,false,1,34.90,17.45,true,1,
=======
8423207208871,false,פריכיות תירס בטעם טבעי סלים דליס 130 גרם,גורי מוצרי צריכה (1991) בעמ,ES,פריכיות תירס,גרמים,130.00,100 גרם,false,1,10.90,8.38,true,1,
8425206000081,false,ריבת חלב מרדל 450 גרם,גורי מוצרי צריכה (1991) בעמ,ES,ריבת חלב,גרמים,450.00,100 גרם,false,0,21.90,4.87,true,1,
8425278300003,false,"ריוחה הרנזה 750 מ""ל",אלוי,ES,ריוחה הרנזה,מיליליטרים,750.00,"100 מ""ל",false,1,49.90,6.66,true,1,
8435495805168,false,"תינוקלין לכביסה לעור רגיש אולימפיק 1.25ק""ג",מולינו ניקולי s.p.a,TR,א.כביסה תינוקלין,גרמים,1250.00,100 גרם,false,1,23.90,1.91,true,1,
8435495807636,false,תינוקלין ג`ל כביסה בייבי סנסטיב היפואל,ליימן שליסל בע`מ,TR,תינוקלין ג'ל,ליטרים,2.00,ליטר,false,1,34.90,17.45,true,1,
>>>>>>> d048ac2f4f281c9d788043ab4e81b61b0dbe3743
8436037791802,false,"קרם ידיים אלוורה 125 מ""ל",RNB,ES,קרם ידיים,מיליליטרים,125.00,"100 מ""ל",false,1,8.90,7.12,true,1,
8436037792847,false,קרם ידיים עם שמן זית 30מ,RNB,ES,קרם ידיים,מיליליטרים,30.00,"100 מ""ל",false,1,10.90,36.33,true,1,
8436037792946,false,קרם שמן גוף אוריגינל250מ,,ES,קרם גוף,מיליליטרים,250.00,"100 מ""ל",false,1,13.90,5.56,true,1,
8436037792960,false,"קרם רב""ש בפחית 70 מ""ל",RNB,ES,קרם רב שימושי,מיליליטרים,70.00,"100 מ""ל",false,1,10.00,14.29,true,1,
<<<<<<< HEAD
8436575292205,false,ארטיק חמשושים מאגדת 15*12 גר',גלידות נסטלה )נגה גלידות,IL,מאגדת חמשושים,גרמים,180.00,100 גרם,false,1,19.90,11.05,true,1,
8606018615827,false,גלידת וניל עם שברי עוגיות אוראו 480 גרם,פרונרי סרביה,RS,פיינט אוראו,גרמים,300.00,100 גרם,false,1,21.90,7.30,true,1,
8606018615841,false,גלידה וניל עם ליבת שוקולד חלב מעולה 480 גרם,פרונרי סרביה,RS,פיינט מילקה וניל,גרמים,300.00,100 גרם,false,1,21.90,7.30,true,1,
8606018615865,false,פיינט מילקה קרמל ליבת שוקולד 480 גרם,פרונרי סרביה,RS,פיינט מילקה קרמל,גרמים,300.00,100 גרם,false,1,21.90,7.30,true,1,
8606109023647,false,"פרוויטה - מיץ סלק ותפוחי עץ 750 מ""ל",פרובישקה,RS,"פרוויטה תפו""ע",מיליליטרים,750.00,"100 מ""ל",false,1,11.90,1.58,true,1,
8606109023715,false,"פרוויטה - מיץ תפוחי עץ ואפרסקים 750 מ""ל",פרובישקה,RS,"פרוויטה תפו""ע",מיליליטרים,750.00,"100 מ""ל",false,1,11.90,1.58,true,1,
8606109023722,false,"פרוויטה - מיץ תפוחי עץ ומשמשים 750 מ""ל",,RS,"פרוויטה תפו""ע",מיליליטרים,750.00,"100 מ""ל",false,1,11.90,1.58,true,1,
8683323063024,false,יוגטה שטיחים בטעם תותי פרוטי 220 גרם,ליימן מותגים,TR,ממתק בטעם תותי,גרמים,220.00,100 גרם,false,1,7.90,3.59,true,1,
8690504153740,false,גודייבה שוקולד מריר במילוי קרם גנאש 86 גרם,ביסקוט ביסקווי סילבר,TR,שוקולד מריר קרם,גרמים,86.00,100 גרם,false,1,15.90,18.49,true,1,
8690504153849,false,גודייבה שוקולד חלב במילוי קרם בטעם פרלין אגוזים 83 גרם,"אולקר מקבוצת פלאדיס,",TR,שוקולד חלב,גרמים,83.00,100 גרם,false,1,15.90,19.16,true,1,
=======
8436575292205,false,ארטיק חמשושים מאגדת 15*12 גר',נגה גלידות שותפות מוגבלת,IL,מאגדת חמשושים,גרמים,180.00,100 גרם,false,1,19.90,11.05,true,1,
8606018615827,false,גלידת וניל עם שברי עוגיות אוראו 480 גרם,נגה גלידות שותפות מוגבלת,RS,פיינט אוראו,גרמים,300.00,100 גרם,false,1,21.90,7.30,true,1,
8606018615841,false,גלידה וניל עם ליבת שוקולד חלב מעולה 480 גרם,נגה גלידות שותפות מוגבלת,RS,פיינט מילקה וניל,גרמים,300.00,100 גרם,false,1,21.90,7.30,true,1,
8606018615865,false,פיינט מילקה קרמל ליבת שוקולד 480 גרם,נגה גלידות שותפות מוגבלת,RS,פיינט מילקה קרמל,גרמים,300.00,100 גרם,false,1,21.90,7.30,true,1,
8606109023647,false,"פרוויטה - מיץ סלק ותפוחי עץ 750 מ""ל",יורוסטנדרט בעמ,RS,"פרוויטה תפו""ע",מיליליטרים,750.00,"100 מ""ל",false,1,11.90,1.58,true,1,
8606109023715,false,"פרוויטה - מיץ תפוחי עץ ואפרסקים 750 מ""ל",יורוסטנדרט בעמ,RS,"פרוויטה תפו""ע",מיליליטרים,750.00,"100 מ""ל",false,1,11.90,1.58,true,1,
8606109023722,false,"פרוויטה - מיץ תפוחי עץ ומשמשים 750 מ""ל",יורוסטנדרט בעמ,RS,"פרוויטה תפו""ע",מיליליטרים,750.00,"100 מ""ל",false,1,11.90,1.58,true,1,
8683323063024,false,יוגטה שטיחים בטעם תותי פרוטי 220 גרם,ליימן שליסל בע`מ,TR,ממתק בטעם תותי,גרמים,220.00,100 גרם,false,1,7.90,3.59,true,1,
8690504153740,false,גודייבה שוקולד מריר במילוי קרם גנאש 86 גרם,תה ויסוצקי (ישראל) בעמ,TR,שוקולד מריר קרם,גרמים,86.00,100 גרם,false,1,15.90,18.49,true,1,
8690504153849,false,גודייבה שוקולד חלב במילוי קרם בטעם פרלין אגוזים 83 גרם,תה ויסוצקי (ישראל)בעמ,TR,שוקולד חלב,גרמים,83.00,100 גרם,false,1,15.90,19.16,true,1,
>>>>>>> d048ac2f4f281c9d788043ab4e81b61b0dbe3743
8690526009278,false,אי טי אי - חטיף קרמל מצופה שוקולד וחלב כדורוני דגנים 126 גרם,"GIDA ETI , טורקיה n\",TR,חטיף קרמל מצופה,גרמים,126.00,100 גרם,false,1,9.90,7.86,true,1,
8690530036727,false,ממחטות סלפאק מקסי 3 שכבות 100 יח,איפק קג'יט,TR,ממחטות מקסי,יחידה,1.00,יחידה,false,1,10.90,10.90,true,1,
8690637505607,false,מרכך כביסה מרוכז בדין אקסטרה בניחוח פינוק כחול,יוניליוור ישראל שיווק בע`מ,TR,מרכך כביסה בדין,מיליליטרים,960.00,"100 מ""ל",false,1,17.90,1.86,true,1,
8690637555084,false,"מרכך כביסה מרוכז אקסטרה פריחת התפוז בדין 960 מ""ל",יוניליוור ישראל שיווק בע`מ,TR,מרכך בדין אקסטרא,מיליליטרים,960.00,"100 מ""ל",false,0,17.90,1.86,true,1,
8690637704376,false,"שמפו לטיפוח יום יומי דאב 600 מ""ל","יוניליוור ישראל שיווק בע""מ",TR,שמפו דאב,מיליליטרים,600.00,"100 מ""ל",false,0,19.90,3.32,true,1,
8690637704390,false,"מרכך שיער לטיפוח יום יומי דאב 600 מ""ל","יוניליוור ישראל שיווק בע""מ",TR,דאב מרכך שיער,מיליליטרים,600.00,"100 מ""ל",false,0,19.90,3.32,true,1,
8690637865596,false,תחליב רחצה לניקוי וטיפוח עור היד 750 מ,"יוניליוור ישראלשיווק בע""מ",TR,דאב סבון ידיים,מיליליטרים,500.00,"100 מ""ל",false,1,19.90,3.98,true,1,
8690637946301,false,"בדין - מרכך כביסה אקסטרא בייביי כחול 960 מ""ל",יוניליוור ישראל שיווק בע`מ,TR,בדין מרכך בייבי,מיליליטרים,960.00,"100 מ""ל",false,1,17.90,1.86,true,1,
8690637946318,false,"מרכך כביסה בדין מרוכז אקסטרה בייבי טלק 960 מ""ל",יוניליוור ישראל שיווק בע`מ,TR,מרכך בדין בייבי,מיליליטרים,960.00,"100 מ""ל",false,1,17.90,1.86,true,1,
8690637971310,false,"מרכך כביסה מרוכז אקסטרה בניחוח יערת הדבש בדין 960 מ""ל",יוניליוור ישראל שיווק בע`מ,TR,בדין מרכך אקסטרה,מיליליטרים,960.00,"100 מ""ל",false,1,17.90,1.86,true,1,
8690637989612,false,שלגון שמנת בטעם וניל עם ריפל בטעם שוקולד 246 גרם,יונילוור סנאיי וי טיג'\,TR,מגנום מיני דולצ',גרמים,246.00,100 גרם,false,1,31.90,12.97,true,1,
8690637994036,false,מרכך כביסה אקסטרה בניחוח יסמין מרענן,"יוניליוור ישראל שיווק בע""מ",TR,מרכך כביסה מרוכז,ליטרים,1.44,ליטר,false,1,22.90,15.90,true,1,
8690766156367,false,טבלת שוקולד חלב מעולה 90 גר` גודייבה,תה ויסוצקי (ישראל) בעמ,TR,שוקולד גודייבה,גרמים,90.00,100 גרם,false,1,15.90,17.67,true,1,
8690766156374,false,גודייבה שוקולד מריר מעולה 72% מוצקי קקאו 72גרם,תה ויסוצקי (ישראל) בעמ,TR,שוקולד גודייבה,גרמים,90.00,100 גרם,false,1,15.90,17.67,true,1,
8690766156381,false,גודייבה שוקולד מריר 90% מוצקי קקאו 90 גרם,תה ויסוצקי (ישראל) בעמ,TR,שוקולד גודייבה,גרמים,90.00,100 גרם,false,1,15.90,17.67,true,1,
8690770322598,false,שמרים יבשים פוליבה הנמל 125 גרם,הנמל אריזות ושיווק (1984) בעמ,TR,שמרים יבשים,גרמים,125.00,100 גרם,false,0,5.30,4.24,true,1,
8690777204071,false,פלפלים כבושים חריפים סרה 320 גרם,ג. וילי-פוד אינטרנשיונל בע`מ,TR,פלפל חריף,גרמים,640.00,100 גרם,false,0,12.90,2.02,true,1,
8690777206051,false,חציל קלוי על האש סרה ויליפוד 650 גרם,ג. וילי-פוד אינטרנשיונל בע`מ,TR,חציל קלוי,גרמים,650.00,100 גרם,false,0,12.90,1.98,true,1,
8690777221405,false,פלפל אדום קלוי על האש 650 גר` ויליפוד,ג. וילי-פוד אינטרנשיונל בע`מ,TR,פלפל אדום קלוי,גרמים,650.00,100 גרם,false,0,12.90,1.98,true,1,
8690784516440,false,דאק נוזל לניקוי מתקדם בניחוח לבנדה בודד 750מל,"אס.סי.ג'\ונסון מידרכט, ה",NL,דאק נוזל ג'ל,מיליליטרים,750.00,"100 מ""ל",false,1,8.90,1.19,true,1,
8690784616775,false,סבון מוצק לאסלה דאק אקווה בלו 4 ב-1 80 ג,טואלט דאק (ג'ונסון),RS,דאק סבון אסלה,גרמים,80.00,100 גרם,false,1,9.90,12.38,true,1,
8690946190006,false,פסטה פנה 500 גרם,,TR,פסטה פנה,גרמים,500.00,100 גרם,false,1,4.00,0.80,true,1,
8690946250014,false,פסטה ספגטי 500 גרם,מוטלו,TR,פסטה ספגטי,גרמים,500.00,100 גרם,false,1,4.00,0.80,true,1,
8690946250168,false,פסטה פוסילי 500 גרם,מוטלו,TR,פסטה פוסילי,גרמים,500.00,100 גרם,false,1,4.00,0.80,true,1,
8690946250182,false,פסטה קונכיות גדולות500גר,מוטלו,TR,פסטה קונכיות,גרמים,500.00,100 גרם,false,1,4.00,0.80,true,1,
8690946250205,false,פסטה לינגוויני 500 גרם,מוטלו,TR,פסטה לינגוויני,גרמים,500.00,100 גרם,false,1,4.00,0.80,true,1,
8693323085100,false,גומי יוגטה שטיחים חמוצים טעם פירות 100 ג,ליימן שליסל בע`מ,TR,ממתק חמוץ,גרמים,100.00,100 גרם,false,1,4.50,4.50,true,1,
8693495054058,false,סבון נוזלי פלמוליב לומינוס עם תמציות שמן מקדמיה,קולגייט פלמוליב,TR,פלמוליב ג'ל רחצה,מיליליטרים,750.00,"100 מ""ל",false,1,21.90,2.92,true,1,
8697530910743,false,סיגריות פאל מאל כחול קצר מטאליק,גלוברנדס בעמ - שיווק סיגריות,TR,פאלמאל כחול קצר,יחידה,1.00,יחידה,false,0,31.50,31.50,false,1,
8710447275306,false,דאב קרם ידיים שמן אבוקדו ותמצית קלנדולה,יוניליוור ישראל שיווק בעמ,PL,קרם ידיים דאב,מיליליטרים,75.00,"100 מ""ל",false,1,11.90,15.87,true,1,
8710447275313,false,דאב קרם ידיים שמן קוקוס וחלב שקדים,יוניליוור ישראל שיווק בעמ,PL,קרם ידיים דאב,מיליליטרים,75.00,"100 מ""ל",false,1,11.90,15.87,true,1,
8710502064814,false,עוגיות מרבה שוקולד ציפס במרקם רך 175 גר,בנקטבקריי מרבה בי.וי,NL,עוגיות מרבה,גרמים,175.00,100 גרם,false,1,10.90,6.23,true,1,
8710502260032,false,מרבה עוגיות שוקוצ'יפס 150גרם,בנקטבקריי מרבה בי.וי,NL,עוגיות שוקולד,גרמים,150.00,100 גרם,false,0,7.90,5.27,true,1,
8710502279010,false,מרבה עוגיות שוקולד צ'יפס מצופות שוקולד 175 גרם,"י.מרבה ישראל בע""מ",,עוגיות מרבה,יחידה,1.00,יחידה,false,0,10.90,10.90,true,1,
8710522584200,false,דאב תחליב רחצה אלוורה ומי ורדים 500 מל,"יוניליוור ישראל שיווק בע""מ",DE,תחליב רחצה דאב,מיליליטרים,500.00,"100 מ""ל",false,1,16.90,3.38,true,1,
8710908277795,false,אקס ווקס גמיש למראה שיער טבעי אורבן 75 מ,יוניליוור,PL,אקס ווקס לשיער,מיליליטרים,75.00,"100 מ""ל",false,1,31.90,42.53,true,1,
8710908404184,false,דאודורנט ספריי 0% אלומיניום אורגינל דאב,יוניליוור ישראל שיווק בע`מ,IT,דאודורנט דאב,מיליליטרים,150.00,"100 מ""ל",false,1,14.90,9.93,true,1,
8711000362556,false,לור קפסולות קפה אספרסו פורזה 52 גר,דיפלומט מפיצים (1968) בעמ**,FR,קפסולות לור,גרמים,52.00,100 גרם,false,1,19.90,38.27,true,1,
8711000362570,false,קפסולות קפה תואמות נספרסו פורזה 9 ל'אור 10 יחידות,דיפלומט מפיצים (1968) בעמ**,FR,קפסולות לור,גרמים,52.00,100 גרם,false,1,19.90,38.27,true,1,
8711000362617,false,לור קפסולות קפה אספרסו לונגו פרופונדו 8,דיפלומט מפיצים (1968) בעמ**,FR,קפסולות לור,גרמים,52.00,100 גרם,false,1,19.90,38.27,true,1,
8711000362631,false,קפסולות קפה תואמות נספרסו אוניקס 12 ל'אור 10 יחידות,דיפלומט מפיצים (1968) בעמ**,FR,קפסולות לור,גרמים,52.00,100 גרם,false,1,19.90,38.27,true,1,
8711000362655,false,קפסולות קפה אספרסו אבסולו) (9 52 גר`לור,דיפלומט מפיצים (1968) בעמ**,FR,קפסולות לור,גרמים,52.00,100 גרם,false,1,19.90,38.27,true,1,
8711000362747,false,קפסולות קפה תואמות נספרסו ריסטרטו 11 ל'אור 10 יחידות,דיפלומט מפיצים (1968) בעמ**,FR,קפסולות לור,גרמים,52.00,100 גרם,false,1,19.90,38.27,true,1,
8711000371206,false,ג'ייקובס קפסולות קפה אספרסו ריסטרטו עוצמה 12,ג'ייקובס דאו אגברטס צרפת,FR,קפסולות ג'קובס,גרמים,52.00,100 גרם,false,1,17.90,34.42,true,1,
8711000471296,false,קפסולות קפה תואמות נספרסו אולטימו 13 ל'אור 10 יחידות,דיפלומט מפיצים (1968) בעמ**,FR,קפסולות לור,גרמים,52.00,100 גרם,false,1,19.90,38.27,true,1,
8711327475618,false,מגנום פיינט וניל קלאסיק 260 גר`,"מפעל גלידות בווספרם, רחו",,גלידה מגנום וני,מיליליטרים,440.00,"100 מ""ל",false,0,23.90,5.43,true,1,
8711327475663,false,מגנום פיינט וניל שוקולד לבן 260 גרם,"מפעל גלידות בווספרם, רחו",,גל מגנום וניל שו,מיליליטרים,440.00,"100 מ""ל",false,0,23.90,5.43,true,1,
8711327475717,false,מגנום פיינט וניל שקדים 260 גרם,"מפעל גלידות בווספרם, רחו",,גלידה מגנום וניל,מיליליטרים,440.00,"100 מ""ל",false,0,23.90,5.43,true,1,
8711327475762,false,מגנום פיינט שוקולד לבן עוגיות 260 גרם,"מפעל גלידות בווספרם, רחו",,גלידה מגנום לבן,מיליליטרים,440.00,"100 מ""ל",false,0,23.90,5.43,true,1,
8712000051099,false,"שישיית בירה היינקן 0% אלכוהל בקבוק 330 מ""ל","מבשלת היינקן, ריטבלדנברג",NL,6 בירה הייניק0%,ליטרים,1.98,ליטר,false,1,34.60,17.47,true,1,
<<<<<<< HEAD
8712400802499,false,תרכובת מזון המשך לפעוטות על בסיס חלב שלב 1,נוטרישיה קאלק ב. ו.,NL,נוטרילון שלה1-,גרמים,800.00,100 גרם,false,0,69.90,8.74,true,1,
8712400802536,false,תרכובת מזון המשך לפעוטות על בסיס חלב שלב 3,נוטרישיה קאלק ב. ו.,NL,נוטרילון שלב3-,גרמים,800.00,100 גרם,false,0,69.90,8.74,true,1,
8712561594240,false,"דאב תחליב רחצה להזנה עמוקה500 מ""ל-מרכז","יוניליוור גרמניה, Gmbh &",DE,תחליב רחצה דאב,מיליליטרים,500.00,"100 מ""ל",false,1,16.90,3.38,true,1,
8712561594608,false,"דאב תחליב רחיצה להזנה עמוקה 750 מ""ל","יוניליוור גרמניה, Gmbh &",DE,תחליב רחצה דאב,מיליליטרים,750.00,"100 מ""ל",false,1,16.90,2.25,true,1,
8712561611183,false,דאב סבון נוזלי 500 תמציות מלפפונים ותה,"יוניליוור גרמניה, Gmbh &",DE,תחליב רחצה דאב,מיליליטרים,500.00,"100 מ""ל",false,1,16.90,3.38,true,1,
8712561626286,false,"תחליב רחצה דאב זוהר כמשי 750 מ""ל",יוניליוור גרמניה (בו,DE,תחליב רחצה דאב,מיליליטרים,750.00,"100 מ""ל",false,1,16.90,2.25,true,1,
8714599104316,false,ג'ייקובס קפה שחור קלוי וטחון טורקי 200 גרם,אל.אל.סי ג'\ייקובס דאו א,RU,קפה שחור ג'קובס,גרמים,200.00,100 גרם,false,1,16.90,8.45,true,1,
8714599410806,false,ג'ייקובס קרוננג מיובש בהקפאה 160 גרם סגירה חוזרת,ג'ייקובס Jacobs,RU,קפה ג'קובס שקית,גרמים,160.00,100 גרם,false,1,18.90,11.81,true,1,
8714599412220,false,ג'ייקובס וולווט קפה נמס מיובש בהקפאה 95 גרם,אל.אל.סי ג'\ייקובס דאו א,RU,קפה ג'קובס,גרמים,95.00,100 גרם,false,1,17.50,18.42,true,1,
=======
8712400802499,false,תרכובת מזון המשך לפעוטות על בסיס חלב שלב 1,דיפלומט מפיצים (1968) בעמ**,NL,נוטרילון שלה1-,גרמים,800.00,100 גרם,false,0,69.90,8.74,true,1,
8712400802536,false,תרכובת מזון המשך לפעוטות על בסיס חלב שלב 3,דיפלומט מפיצים (1968) בעמ**,NL,נוטרילון שלב3-,גרמים,800.00,100 גרם,false,0,69.90,8.74,true,1,
8712561594240,false,"דאב תחליב רחצה להזנה עמוקה500 מ""ל-מרכז",יוניליוור ישראל שיווק בע`מ,DE,תחליב רחצה דאב,מיליליטרים,500.00,"100 מ""ל",false,1,16.90,3.38,true,1,
8712561594608,false,"דאב תחליב רחיצה להזנה עמוקה 750 מ""ל",יוניליוור ישראל שיווק בע`מ,DE,תחליב רחצה דאב,מיליליטרים,750.00,"100 מ""ל",false,1,16.90,2.25,true,1,
8712561611183,false,דאב סבון נוזלי 500 תמציות מלפפונים ותה,יוניליוור ישראל שיווק בע`מ,DE,תחליב רחצה דאב,מיליליטרים,500.00,"100 מ""ל",false,1,16.90,3.38,true,1,
8712561626286,false,תחליב רחצה זוהר כמשי דאב (750 מל),יוניליוור ישראל שיווק בע`מ,DE,תחליב רחצה דאב,מיליליטרים,750.00,"100 מ""ל",false,1,16.90,2.25,true,1,
8714599104316,false,ג'ייקובס קפה שחור קלוי וטחון טורקי 200 גרם,דיפלומט מפיצים (1968) בעמ**,RU,קפה שחור ג'קובס,גרמים,200.00,100 גרם,false,1,16.90,8.45,true,1,
8714599410806,false,ג'ייקובס קרוננג מיובש בהקפאה 160 גרם סגירה חוזרת,דיפלומט מפיצים (1968) בעמ**,RU,קפה ג'קובס שקית,גרמים,160.00,100 גרם,false,1,18.90,11.81,true,1,
8714599412220,false,ג'ייקובס וולווט קפה נמס מיובש בהקפאה 95 גרם,דיפלומט מפיצים (1968) בעמ**,RU,קפה ג'קובס,גרמים,95.00,100 גרם,false,1,17.50,18.42,true,1,
>>>>>>> d048ac2f4f281c9d788043ab4e81b61b0dbe3743
8714599512159,false,קפה נמס ג'קובס מונארך190,"אל.אל.סי ""גייקובס דא",RU,קפה נמס ג'קובס,גרמים,190.00,100 גרם,false,1,24.90,13.11,true,1,
8714599513835,false,גי'קובס קרונונג נייט אנד דיי - נטול קופיאין,דיפלומט מפיצים (1968) בעמ**,DE,קפה ג'קובס נטול,גרמים,200.00,100 גרם,false,1,39.90,19.95,true,1,
8714789177229,false,רבעיית מברשות שיניים קולגייט אקסטרה קלין 1 יחידה,הנסיך- מפעל לייצור ט,CN,4 מברשות שיניים,יחידה,1.00,יחידה,false,0,11.90,11.90,true,1,
8714789303925,false,מברשת שיניים 360 סנסטיב רכה במיוחד קולגייט 2 יחידות,קולגייט- פלמוליב,CH,2 מברשות שיניים,יחידה,1.00,יחידה,false,0,26.90,26.90,true,1,
8714789402918,false,נוזל לניקוי כללי ורצפות בניחוח פרחי בר אג'קס 1.5 ליטר,הנסיך- מפעל לייצור ט,GR,אג'קס לניקוי,ליטרים,1.50,ליטר,false,0,22.90,15.27,true,1,
8714800004114,false,"בירה 8.6 אורגינל 500 מ""ל פחית",בווריה,NL,בירה 8.6% חזקה,מיליליטרים,500.00,"100 מ""ל",false,0,8.90,1.78,true,1,
<<<<<<< HEAD
8715700110158,false,היינץ ממרח במרקם קרמי צנצנת 490 גרם,ה.י.היינץ הולדינג בי.וי,NL,ממרח במרקם קרמי,גרמים,490.00,100 גרם,false,1,12.90,2.63,true,1,
8715700117805,false,"קטשופ היינץ מתבל עגבניות ללא תוספת סוכר ומלח 425 מ""ל","ה.י היינץ הולדינג בי.וי,",NL,מתבל עגבניות,גרמים,425.00,100 גרם,false,1,11.90,2.80,true,1,
8715700419732,false,מתבל עגבניות היינץ 700 גרם,ה.י. היינץ,NL,מתבל עגבניות,גרמים,700.00,100 גרם,false,0,13.90,1.99,true,1,
8715700422473,false,ממרח לכריכים וסלטים ללא ח. משמרים היינץ 395 גרם,ה.י. היינץ,NL,ממרח היינץ,גרמים,395.00,100 גרם,false,1,15.90,4.03,true,1,
8715700423906,false,היינץ מתבל עגבניות מופחת סוכר ומלח 50/50 550 גרם,היינץ צפון אמריקה מק,NL,מתבל עגבניות,גרמים,555.00,100 גרם,false,1,11.90,2.14,true,1,
8717163647226,false,"אקס דאודורנט ספריי גוף בלאק 150 מ""ל",ארנסט. רחוב קומבינצק,TR,אקס ספריי,מיליליטרים,150.00,"100 מ""ל",false,1,17.90,11.93,true,1,
8717163647240,false,"אקס דאודורנט ספריי גוף לגבר שוקולד 150 מ""ל",יוניליוור גרמניה (בו,TR,אקס ספריי,מיליליטרים,150.00,"100 מ""ל",false,1,17.90,11.93,true,1,
8717163648667,false,"אקס ג'ל רחצה לגבר אייס צ'יל 400 מ""ל",יוניליוור גרמניה (בו,DE,אקס ג'ל רחצה,מיליליטרים,400.00,"100 מ""ל",false,1,13.90,3.48,true,1,
8717163842676,false,"תחליב רחצה חימר ורוד renewing glow דאב 500 מ""ל",יוניליוור גרמניה Gmb,DE,תחליב רחצה דאב,מיליליטרים,500.00,"100 מ""ל",false,1,19.90,3.98,true,1,
=======
8715700110158,false,היינץ ממרח במרקם קרמי צנצנת 490 גרם,דיפלומט מפיצים (1968) בעמ**,NL,ממרח במרקם קרמי,גרמים,490.00,100 גרם,false,1,12.90,2.63,true,1,
8715700117805,false,"קטשופ היינץ מתבל עגבניות ללא תוספת סוכר ומלח 425 מ""ל",דיפלומט מפיצים (1968) בעמ**,NL,מתבל עגבניות,גרמים,425.00,100 גרם,false,1,11.90,2.80,true,1,
8715700419732,false,מתבל עגבניות היינץ (700 גרם),דיפלומט מפיצים (1968) בעמ**,NL,מתבל עגבניות,גרמים,700.00,100 גרם,false,0,13.90,1.99,true,1,
8715700422473,false,ממרח לכריכים וסלטים ללא ח. משמרים היינץ 395 גרם,דיפלומט מפיצים (1968) בעמ**,NL,ממרח היינץ,גרמים,395.00,100 גרם,false,1,15.90,4.03,true,1,
8715700423906,false,היינץ מתבל עגבניות מופחת סוכר ומלח 50/50 550 גרם,דיפלומט מפיצים (1968) בעמ**,NL,מתבל עגבניות,גרמים,555.00,100 גרם,false,1,11.90,2.14,true,1,
8717163647226,false,"אקס דאודורנט ספריי גוף בלאק 150 מ""ל",יוניליוור ישראל שיווק בע`מ,TR,אקס ספריי,מיליליטרים,150.00,"100 מ""ל",false,1,17.90,11.93,true,1,
8717163647240,false,"אקס דאודורנט ספריי גוף לגבר שוקולד 150 מ""ל",יוניליוור ישראל שיווק בע`מ,TR,אקס ספריי,מיליליטרים,150.00,"100 מ""ל",false,1,17.90,11.93,true,1,
8717163648667,false,"אקס ג'ל רחצה לגבר אייס צ'יל 400 מ""ל",יוניליוור ישראל שיווק בע`מ,DE,אקס ג'ל רחצה,מיליליטרים,400.00,"100 מ""ל",false,1,13.90,3.48,true,1,
8717163842676,false,"תחליב רחצה חימר ורוד renewing glow דאב 500 מ""ל",יוניליוור ישראל שיווק בעמ,DE,תחליב רחצה דאב,מיליליטרים,500.00,"100 מ""ל",false,1,19.90,3.98,true,1,
>>>>>>> d048ac2f4f281c9d788043ab4e81b61b0dbe3743
8717344160025,false,דומדמניות אדומות,BERRUE FRUITFUK FRESH BE,EC,דומדמניות 125גרם,גרמים,125.00,100 גרם,false,1,23.90,19.12,true,1,
8717677336593,false,טוניס שוקולד חלב 180 גרם רבנות - נוכרי,ליימן שליסל בע`מ,NL,שוקולד חלב מעולה,גרמים,180.00,100 גרם,false,1,19.90,11.06,true,1,
8717677336616,false,שוקולד מריר עם שקדים ומלח טוניס' שוקולונלי 180 גרם,ליימן שליסל בע`מ,NL,שוקולד מריר,גרמים,180.00,100 גרם,false,1,19.90,11.06,true,1,
8717677336630,false,שוקולד חלב עם שקדים ודבש טוניס' שוקולונלי 180 גרם,ליימן שליסל בע`מ,NL,שוקולד חלב מעולה,גרמים,180.00,100 גרם,false,1,19.90,11.06,true,1,
8717677338436,false,שוקולד חלב עם אגוזי לוז טוניס' שוקולונלי 180 גרם,ליימן שליסל בע`מ,NL,שוקולד חלב מעולה,גרמים,180.00,100 גרם,false,1,19.90,11.06,true,1,
8718117607662,false,נוטרילון A.R תרכובת מזון מגיל לידה,דיפלומט מפיצים (1968) בעמ**,NL,נוטרילון AR,גרמים,900.00,100 גרם,false,1,96.90,10.77,true,1,
8718951166561,false,משחת שיניים לרעננות מוגברת max fresh cooling crystals,הנסיך- מפעל לייצור ט,PL,משחת קולגייט מקס,מיליליטרים,125.00,"100 מ""ל",false,1,18.90,15.12,true,1,
8718951236790,false,"קולגייט טוטאל משחת שיניים קלין מינט לפה בריא 100 מ""ל",קולגייט פלמוליב,PL,קולגייט טוטל,מיליליטרים,100.00,"100 מ""ל",false,1,18.90,18.90,true,1,
<<<<<<< HEAD
8718951236806,false,"קולגייט טוטאל הלבנה משחת שיניים המסייעת בהסרת כתמים 100 מ""ל",קולגייט Colgate,PL,קולגייט טוטל,מיליליטרים,100.00,"100 מ""ל",false,1,18.90,18.90,true,1,
8718951315303,false,"קולגייט אדומה משחת שיניים להגנה מפני עששת 2*100 מ""ל",קולגייט-פלמוליב,PL,משחת קולגייט 2יח,מיליליטרים,200.00,"100 מ""ל",false,1,19.90,9.95,true,1,
8718951385290,false,נוזל לניקוי כללי ורצפות אג'קס 2 ליטר,קולגייט פלמוליב,GR,אג'קס ניקוי כללי,ליטרים,2.00,ליטר,false,1,24.90,12.45,true,1,
8718951400597,false,"תחליב רחצה קוקוס וחלב ללא משאבה750 מ""ל פלמוליב",קולגייט פלמוליב,TR,תחליב רחצה קוקוס,מיליליטרים,750.00,"100 מ""ל",false,1,21.90,2.92,true,1,
8718951428492,false,"פלמוליב סבון רחצה לגבר 4ב1 מועשר בפחם 750 מ""ל",שסטוביץ,TR,סבון רחצה לגבר,מיליליטרים,750.00,"100 מ""ל",false,1,21.90,2.92,true,1,
=======
8718951236806,false,"קולגייט טוטאל הלבנה משחת שיניים המסייעת בהסרת כתמים 100 מ""ל",ש. שסטוביץ בע`מ,PL,קולגייט טוטל,מיליליטרים,100.00,"100 מ""ל",false,1,18.90,18.90,true,1,
8718951315303,false,"קולגייט אדומה משחת שיניים להגנה מפני עששת 2*100 מ""ל",קולגייט-פלמוליב,PL,משחת קולגייט 2יח,מיליליטרים,200.00,"100 מ""ל",false,1,19.90,9.95,true,1,
8718951385290,false,אג`קס ניקוי כללי עוצמת ב -7כחול 2 ליטר,קולגייט פלמוליב,GR,אג'קס ניקוי כללי,ליטרים,2.00,ליטר,false,1,24.90,12.45,true,1,
8718951400597,false,"תחליב רחצה קוקוס וחלב ללא משאבה750 מ""ל פלמוליב",קולגייט פלמוליב,TR,תחליב רחצה קוקוס,מיליליטרים,750.00,"100 מ""ל",false,1,21.90,2.92,true,1,
8718951428492,false,"פלמוליב סבון רחצה לגבר 4ב1 מועשר בפחם 750 מ""ל",ש.שסטוביץ בעמ,TR,סבון רחצה לגבר,מיליליטרים,750.00,"100 מ""ל",false,1,21.90,2.92,true,1,
>>>>>>> d048ac2f4f281c9d788043ab4e81b61b0dbe3743
8718951452756,false,סבון גוף עדין קוקוס500מ,קולגייט פלמוליב,TR,סבון גוף פלמוליב,מיליליטרים,500.00,"100 מ""ל",false,1,17.90,3.58,true,1,
8718951477384,false,"קולגייט משחת שיניים טוטאל ג'ל מתקדם פיור 75 מ""ל",קולגייט פלמוליב,PL,משחת טוטאל ג'ל,מיליליטרים,75.00,"100 מ""ל",false,1,21.90,29.20,true,1,
8719200998001,false,מרגרינה לאפיה ובישול בלי מלח 200 ג' בלו בנד,יוניליוור ישראל מזון בע\,IL,מרגרינה בלובנד,גרמים,200.00,100 גרם,false,1,4.70,2.35,true,1,
8719200998018,false,מחמאה מרגרינה בטעם חמאה בלובנד 200 גרם,"מיוצר ע""\י יוניליוור ישר",IL,מחמאה מרגרינה,גרמים,200.00,100 גרם,false,1,5.00,2.50,true,1,
8719200998032,false,"מרגרינה מזולה גלורי טעם חמאה 250גר 8 יחידות - כשל""פ","מיוצר ע""\י יוניליוור ישר",IL,מזולה טעם חמאה,גרמים,250.00,100 גרם,false,1,10.90,4.36,true,1,
8720181046605,false,דאב - דאודורנט ספריי לאישה אורגינל כחול 150מל,יוניליוור ישראל שיווק בע`מ,TR,דאודורנט דאב,מיליליטרים,150.00,"100 מ""ל",false,1,14.90,9.93,true,1,
8720182253194,false,סבון מוצק דאב מלפפונים ותה ירוק שישיית,יוניליוור,DE,סבון מוצק 6יח,גרמים,540.00,100 גרם,false,1,17.90,3.32,true,1,
8720182256362,false,שישיית סבון מוצק דאב קלאסי 540 גר',יוניליוור,DE,סבון מוצק 6יח,גרמים,540.00,100 גרם,false,1,17.90,3.32,true,1,
<<<<<<< HEAD
8801055707966,false,קפה טייסטר צו'יס נס קפה בריסטה 180ג',נסטלה קוריאה - קפה,KR,טסטרס צ'וייס,גרמים,180.00,100 גרם,false,1,32.90,18.28,true,1,
8801055709434,false,קפה נמס טסטר'ס צ'ויס קולומביה 100 גרם,נסטלה קוריאה - קפה,KR,קפה טסטרס צ'ויס,גרמים,100.00,100 גרם,false,1,25.90,25.90,true,1,
8809168840471,false,חטיף אצות מיובשות 9*4.5 גרם,ג'י וואן גלובול נאט,KR,חטיף אצית,גרמים,40.00,100 גרם,false,1,24.90,62.25,true,1,
=======
8801055707966,false,קפה טייסטרס צ`ויס בריסטה נסקפה (180 גרם),קבוצת אוסם סחר שותפות מוגבלת,KR,טסטרס צ'וייס,גרמים,180.00,100 גרם,false,1,32.90,18.28,true,1,
8801055709434,false,קפה נמס טסטר'ס צ'ויס קולומביה 100 גרם,קבוצת אוסם סחר שותפות מוגבלת,KR,קפה טסטרס צ'ויס,גרמים,100.00,100 גרם,false,1,25.90,25.90,true,1,
8809168840471,false,חטיף אצות מיובשות 9יח 4.5גרם.,מזרח ומערב יבוא ושיווק,KR,חטיף אצית,גרמים,40.00,100 גרם,false,1,24.90,62.25,true,1,
>>>>>>> d048ac2f4f281c9d788043ab4e81b61b0dbe3743
8850035104073,false,תירס גמדי שלם מי מלח425,דהפיס קנינג 1958,TH,תירס גמדי,גרמים,425.00,100 גרם,false,1,7.90,1.86,true,1,
8850035104080,false,תירס גמדי חתוך מי מלח425,דהפיס קנינג 1958,TH,תירס גמדי,גרמים,425.00,100 גרם,false,1,7.90,1.86,true,1,
8850161167041,false,"קוקו וואי משקה קוקוס 270 מ""ל",טויו טייקאן קו.אל.טי.די,TH,חלב קוקוס קוקו,מיליליטרים,270.00,"100 מ""ל",false,1,10.50,3.89,true,1,
8850180040028,false,קמח טמפורה להכנת בלי,מזרח ומערב יבוא ושיווק,TH,טמפורה,גרמים,500.00,100 גרם,false,0,11.90,2.38,true,1,
8850206250592,false,רוטב צ'ילי סריראצ'ה 540 גרם (מזרח ומערב),מזרח ומערב יבוא ושיווק,TH,רוטב צ'ילי סיראצ,גרמים,530.00,100 גרם,false,1,19.90,3.75,true,1,
8850206280049,false,רוטב צ'ילי חריף מיו 250 גרם,יאן וואל יון קו.לטד,TH,רוטב צ'ילי חריף,גרמים,250.00,100 גרם,false,1,17.90,7.16,true,1,
8850367992164,false,קרם קוקוס 250 מל 20-22% ללא חומר משמר,מזרח ומערב יבוא ושיווק,TH,קרם קוקוס,מיליליטרים,250.00,"100 מ""ל",false,0,8.80,3.52,true,1,
8850367994021,false,"רוטב צ'ילי מתוק ללא סוכר מזרח ומערב ללא גלוטן 280 מ""ל",מזרח ומערב יבוא ושיווק,TH,רוטב צילי מתוק,מיליליטרים,280.00,"100 מ""ל",false,1,11.90,4.25,true,1,
8850367994427,false,נוזל קוקוס מרוכז וממותק 330 גרם,c coconut Theppadungporn,TH,נוזל קוקוס מרוכז,מיליליטרים,400.00,"100 מ""ל",false,1,12.90,3.23,true,1,
8850367994779,false,מחית קארי ירוקה 50 גרם,מזרח ומערב יבוא ושיווק,TH,מחית קארי ירוקה,גרמים,50.00,100 גרם,false,1,6.90,13.80,true,1,
8850367994786,false,מחית קארי אדומה 50 גרם,מזרח ומערב יבוא ושיווק,TH,מחית קארי אדומה,גרמים,50.00,100 גרם,false,1,6.90,13.80,true,1,
8850389103128,false,"משקה קל סאפה בטעם תפוח 300 מ""ל",פארייפאבה אגרואינדוס,TH,משקה סאפה תפוח,מיליליטרים,300.00,"100 מ""ל",false,0,7.90,2.63,true,1,
8850389103159,false,"משקה ליצ'י עם חתיכות גלי קוקוס 320 מ""ל מוגו מוגו",סאפה פובליק קומפני לימיט,TH,מוגו ליצ'י קוקוס,מיליליטרים,320.00,"100 מ""ל",false,1,7.90,2.47,true,1,
8850389105825,false,משקה אלוורה בטעם ענבים סאפה 1 ליטר,סאפה פובליק קומפני לימיט,TH,סאפה ענבים,ליטרים,1.00,ליטר,false,0,14.90,14.90,true,1,
8850389105832,false,סאפה משקה אלוורה בטעם תפוח עם קוביות אלוורה 1 ליטר,סאפה פובליק קומפני לימיט,TH,סאפה תפוחים,ליטרים,1.00,ליטר,false,0,14.90,14.90,true,1,
8850389105849,false,סאפה משקה אלוורה מופחת קלוריות בטעם אפרסק 1 ליטר,סאפה פובליק קומפני לימיט,TH,סאפה אפרסק,ליטרים,1.00,ליטר,false,0,14.90,14.90,true,1,
8850389111352,false,"משקה מלון עם חתיכות גלי קוקוס 320 מ""ל מוגו מוגו",סאפה פובליק קומפני לימיט,TH,מוגו מלון קוקוס,מיליליטרים,320.00,"100 מ""ל",false,1,7.90,2.47,true,1,
8850632604259,false,"יוגטה, חיספוסים, ממתק חמוץ בצורת מקלות בטעם תות שדה,50 גרם",ליימן שליסל בע`מ,TH,יוגטה ממתק חמוץ,גרמים,50.00,100 גרם,false,0,5.30,10.60,true,1,
8850632604372,false,"יוגטה, חיספוסים בצורת שטיח בטעם תות שדה 50 גרם",ליימן שליסל בע`מ,TH,יוגטה ממתק חמוץ,גרמים,50.00,100 גרם,false,0,5.30,10.60,true,1,
8850632604402,false,יוגטה חיספוסים בטעם מעורב תות שדה אבטיח ענבים בננה 50 גרם,ליימן שליסל בע`מ,TH,יוגטה ממתק חמוץ,גרמים,50.00,100 גרם,false,0,5.30,10.60,true,1,
8854761020010,false,"צ'אבה משקה תפו""ע 1 ליטר",,TH,"משקה תפו""ע",ליטרים,1.00,ליטר,false,1,15.10,15.10,true,1,
8854761070114,false,צ'אבה משקה אפרסק מנגו1ל,,TH,משקה אפרסק מנגו,ליטרים,1.00,ליטר,false,1,15.10,15.10,true,1,
8854761120116,false,צ'אבה משקה אננס 1 ליטר,,TH,משקה אננס,ליטרים,1.00,ליטר,false,1,15.10,15.10,true,1,
8854761370115,false,צ'אבה משקה מנדרין תפוז1ל,,TH,משקה מנדרין תפוז,ליטרים,1.00,ליטר,false,1,15.10,15.10,true,1,
8858271002887,false,"רוטב טרייאקי 250 מ""ל מקסצ`אפ",מזרח ומערב יבוא ושיווק,TH,רוטב טריאקי,מיליליטרים,250.00,"100 מ""ל",false,1,12.90,5.16,true,1,
8858271003020,false,רוטב סויה פורמולה 1 - 700 מ'ל מקסצ'אפ,מזרח ומערב יבוא ושיווק,TH,רוטב סויה,מיליליטרים,700.00,"100 מ""ל",false,0,16.90,2.41,true,1,
8858271003921,false,רוטב קארי אדום 250 מ'ל - מקסצ'אפ,מזרח ומערב יבוא ושיווק,TH,רוטב קארי אדום,גרמים,250.00,100 גרם,false,0,13.90,5.56,true,1,
8858271003938,false,רוטב קארי ירוק 250 מ'ל - מקסצ'אפ,מזרח ומערב יבוא ושיווק,TH,רוטב קארי ירוק,גרמים,250.00,100 גרם,false,0,13.90,5.56,true,1,
8858271004126,false,רוטב חמוץ מתוק 700 מ'ל - מקסצ'אפ,מזרח ומערב יבוא ושיווק,TH,רוטב חמוץ מתוק,מיליליטרים,700.00,"100 מ""ל",false,0,17.90,2.56,true,1,
8858271004300,false,"רוטב טרייאקי 70 מ""ל מקסצ`אפ",מזרח ומערב יבוא ושיווק,TH,רוטב טריאקי,מיליליטרים,700.00,"100 מ""ל",false,0,21.90,3.13,true,1,
8858271004799,false,"רוטב צילי מתוק אל פורפסיס 700 מ""ל",מזרח ומערב יבוא ושיווק,TH,רוטב צ'לי מתוק,מיליליטרים,700.00,"100 מ""ל",false,0,13.90,1.99,true,1,
8886303210542,false,"קארה קרם קוקונט 17% 400 מ""ל",ג'ומון,ID,קרם קוקוס,מיליליטרים,400.00,"100 מ""ל",false,1,10.90,2.73,true,1,
8888021200256,false,סוללות אנרג'ייזר AA מקס 8 יחידות,יצרן: אנרג'ייזר סינג,SG,שמינית סוללות,יחידה,1.00,יחידה,false,0,26.90,26.90,true,1,
8888021200720,false,סוללות אנרג'ייזר AAA מקס 8 יחידות,יצרן: אנרג'ייזר סינג,SG,8 סוללות AAA,יחידה,1.00,יחידה,false,0,26.90,26.90,true,1,
8901537024014,false,"אורז בסמטי מובחר 1 ק""ג - דוואט) יורה דיעה",ג. וילי-פוד אינטרנשיונל בע`מ,IN,אורז בסמטי דאווט,קילוגרמים,1.00,"ק""ג",false,0,14.90,14.90,true,1,
8901537076679,false,אורז בסמטי חום מלא 1 קג`DAAWAT וילי פוד,ג. וילי-פוד אינטרנשיונל בע`מ,IN,אורז בסמטי חום,קילוגרמים,1.00,"ק""ג",false,1,16.90,16.90,true,1,
8934878081811,false,"דפי אורז 22 ס""מ 400 גר'(Trav) ללא גלוטן",מזרח ומערב יבוא ושיווק,VN,דפים אורז למילוי,גרמים,400.00,100 גרם,false,0,13.90,3.48,true,1,
9000101380255,false,פרסיל דיסקס לכביסה ניקיון היגייני 22 יחידות,גורי שיווק בעמ,HU,פרסילקפסולות,יחידה,1.00,יחידה,false,1,38.40,38.40,true,1,
9000101418163,false,שלישיית סבון אסלה בניחוח מתחלף תפוח ירוק ברף,גורי שיווק בעמ,RS,ברף לאסלה 3 יח,גרמים,150.00,100 גרם,false,1,16.90,11.26,true,1,
9000101537550,false,פרסיל קאפסולות לכביסה לבנה וצבעונית 52 יח',גורי שיווק בעמ,HU,פרסיל פאוור קאפס,יחידה,1.00,יחידה,false,1,51.90,51.90,true,1,
9002975393812,false,סוכריות גילי הריבו האפי צירי 70 גרם,"האריבו , ג'\י.אם.בי.אייץ",,סוכריות הריבו,יחידה,1.00,יחידה,false,0,7.90,7.90,true,1,
9002975393836,false,סוכריות גילי הריבו האפי קולה 70 גרם,"האריבו , ג'\י.אם.בי.אייץ",,סוכריות הריבו,יחידה,1.00,יחידה,false,0,7.90,7.90,true,1,
9002975393843,false,סוכריות גילי הריבו גולדברס 70 גרם,"האריבו , ג'\י.אם.בי.אייץ",,סוכריות הריבו,יחידה,1.00,יחידה,false,0,7.90,7.90,true,1,
9002975393850,false,סוכריות גילי הריבו וורמס 70 גרם,"האריבו , ג'\י.אם.בי.אייץ",,סוכריות הריבו,יחידה,1.00,יחידה,false,0,7.90,7.90,true,1,
<<<<<<< HEAD
9120025839896,false,חטיף מילקה מצונן 128 גרם,בובארד איטליה אס.פי.,IT,חטיף מילקה מצונן,גרמים,120.00,100 גרם,false,1,16.00,13.33,true,1,
=======
9120025839896,false,חטיף מילקה מצונן 128 גרם,ג.וילי-פוד אינטרנשיונל **גבינו,IT,חטיף מילקה מצונן,גרמים,120.00,100 גרם,false,1,16.00,13.33,true,1,
>>>>>>> d048ac2f4f281c9d788043ab4e81b61b0dbe3743
9310072028743,false,טים טם ביסקוויט במילוי שוקולד 200 גרם,"ארנוטס ביסקוויטס בע""",AU,טים טם אורגינל,גרמים,200.00,100 גרם,false,1,21.70,10.85,true,1,
9310072028750,false,חטיף שוקולד דאבל קרם טים טם (200 גרם),"ארנוטס ביסקוויטס בע""",AU,טים טם דאבל,גרמים,200.00,100 גרם,false,1,21.70,10.85,true,1,
9322969000015,false,פריכיות תירס בטעם אורגינל ריל פודס 150 ג',אף.סי תבליני בגליל ב,AU,פריכיות תירס,גרמים,150.00,100 גרם,false,0,14.00,9.33,true,1,
9322969000046,false,פריכיות תירס שומשום אורגני ריל פודס 150 ג',אף.סי תבליני בגליל ב,AU,פריכיות תירס,גרמים,150.00,100 גרם,false,0,14.00,9.33,true,1,
9421018071508,false,מאד האוס סובינ.בלאן750מל,היכל היין שקד גולן בעמ,NZ,מאד האוס סובניון,מיליליטרים,750.00,"100 מ""ל",false,1,54.90,7.32,true,1,
9720188050109,false,ממרח על בסיס סויה בסגנון גבינה טופוטי 225 גרם,החברה המרכזית טלהפצת משקאות בע,IL,ממרח טופו גבינה,גרמים,225.00,100 גרם,false,0,22.90,10.18,true,1,
9720188060108,false,ממרח על בסיס סויה בסגון שמנת טופוטי 340 גרם,החברה המרכזית טלהפצת משקאות בע,IL,ממרח טופו שמנת,גרמים,340.00,100 גרם,false,0,22.90,6.74,true,1,
