code,internal_code,name,manufacturer_name,manufacture_country,manufacturer_item_description,unit_qty,quantity,unit_of_measure,weighted,qty_in_package,price,unit_of_measure_price,allow_discount,status,item_id
30152830,false,מייבלין - מסקרה סקיי היי שחור,סייפו,IT,סקיי היי מסקרה ק,יחידה,1.00,יחידה,false,1,38.40,38.40,true,1,
30166967,false,מייבלין - מסקרה סקיי היי,סייפו,IT,מסקרה HIGH SKY,יחידה,1.00,יחידה,false,1,38.40,38.40,true,1,
32147230,false,"מיץ לימון משומר 200מ""ל(לימונית אקסטרא)",ג'נרל מילס סאן אדריא,CH,מיץ לימון משומר,מיליליטרים,200.00,"100 מ""ל",false,0,5.90,2.95,true,1,
40052403,false,קיט קט 4 אצבעות שוקולד חלב,נסטלה Nestle,DE,חטיף קיט קאט,גרמים,41.00,100 גרם,false,1,3.30,8.05,true,1,
40084107,false,ביצת שוקולד הפתעה קינדר,פרדי קונדטוריה אס פי,IT,ביצת הפתעה,גרמים,20.00,100 גרם,false,1,4.70,23.50,true,1,
40111216,false,באונטי חטיף קוקוס ושוקולד 57ג',"נארז ע""י : א.ג. גילר",NL,חטיף באונטי,גרמים,57.00,100 גרם,false,0,3.30,5.79,true,1,
40144061,false,קנופרס חטיף וופל 25 גרם 24 יח,ליימן שליסל,DE,חטיף וופל,גרמים,25.00,100 גרם,false,1,2.80,11.20,true,1,
42101666,false,"מסטיק בטעם מנטה ואקליפטוס איירווייבס 35 גרם לל""ס",ריגלי,GB,מסטיק איירווייבז,גרמים,35.00,100 גרם,false,1,4.80,13.71,true,1,
42138105,false,סיגריות וינסטון סלימס כחול בודד,גיי טי אינטרנשיונל,CH,וינסטון סופר סלי,יחידה,1.00,יחידה,false,0,33.50,33.50,false,1,
42138129,false,סיגריות וינסטון סופר סלימס מנטול,Unknown,CH,וינסטון ס.ס מנטו,יחידה,1.00,יחידה,false,0,33.50,33.50,false,1,
42188889,false,אורביט פייב אבטיח 12 סטיקס 29 גר,ריגלי צרפת,FR,מסטיק 5 אבטיח,גרמים,40.00,100 גרם,false,0,5.80,14.50,true,1,
52070082,false,פאלמאל סופר סלמס ויולט ח,Unknown,CH,פאל מאל סופר,יחידה,1.00,יחידה,false,1,30.50,30.50,false,1,
54051157,false,מעדן סויה טעם שוקו אלפרו רביעיה 125 ג',קריות זול,BE,מעדן סויה 4 יח',גרמים,500.00,100 גרם,false,0,16.10,3.22,true,1,
59039549,false,סיגריות ווג פריזון מנטה בודד,Unknown,PL,ווג מנטה,יחידה,1.00,יחידה,false,0,38.00,38.00,false,1,
59068907,false,סיגריות פאל מאל כחול דמי סלימס,גלוברנס,PL,פאל מאל כחול דמי,יחידה,1.00,יחידה,false,1,26.50,26.50,false,1,
59068914,false,סיגריות פאל מאל סילבר דמי סלימס,Unknown,PL,פאלמאל סילבר דמי,יחידה,1.00,יחידה,false,1,26.50,26.50,false,1,
59079378,false,"אקס - דאודורנט רול און לגבר אייס צ'יל 50 מ""ל","יוניליוור אנגליה, דרך קו",GB,דאודורנט אקס,מיליליטרים,50.00,"100 מ""ל",false,1,17.00,34.00,true,1,
59079774,false,"רקסונה - דאודורנט רול און לאישה אלוורה 50 מ""ל",רקסונה Rexona,GB,דאודורנט רקסונה,מיליליטרים,50.00,"100 מ""ל",false,1,13.50,27.00,true,1,
59079798,false,"רקסונה - דאודורנט רול און לאישה אנטי פרספירנט שאוור 50 מ""ל","יוניליוור אנגליה, דרך קו",GB,דאו.רקסונה,מיליליטרים,50.00,"100 מ""ל",false,1,13.50,27.00,true,1,
59085645,false,דאב דאודורנט רול און בניחוח אסאי 50 מל,"יוניליוור אנגליה, דרך קו",GB,דאודורנט דאב,מיליליטרים,50.00,"100 מ""ל",false,1,11.00,22.00,true,1,
59455233,false,סיגריות ווג ליידי כחול בודד,Unknown,PL,ווג כחול,יחידה,1.00,יחידה,false,0,38.00,38.00,false,1,
59455240,false,סיגריות ווג ליידי לילך בודד,Unknown,PL,ווג לילך,יחידה,1.00,יחידה,false,0,38.00,38.00,false,1,
72940754,false,"מילקי מעדן וניל עם קצפת שטראוס 133 מ""ל","שטראוס גרופ בע""\מ",IL,מילקי טעם וניל,מיליליטרים,170.00,"100 מ""ל",false,0,2.40,1.41,true,1,
72940761,false,"מילקי מעדן שוקולד עם קצפת שטראוס 133 מ""ל",מיוצר עי קונדיטוריית,IL,מילקי טעם שוקולד,מיליליטרים,170.00,"100 מ""ל",false,0,2.40,1.41,true,1,
72940952,false,מעדן מילקי בטעם שוקולד עם אקסטרה קצפת,"שטראוס גרופ בע""\מ",IL,מילקי אקסטרה,מיליליטרים,170.00,"100 מ""ל",false,0,3.30,1.94,true,1,
72941041,false,מעדן מילקי מיני בטעם שוקולד עם קצפת,"שטראוס גרופ בע""\מ",IL,מיני מילקי,מיליליטרים,90.00,"100 מ""ל",false,0,1.60,1.78,true,1,
72945308,false,קוביית שמרים טריים לאפיה שמרית 50 גרם,"פאקא תעשיות בע""\מ",IL,קוביות שמרים,גרמים,50.00,100 גרם,false,0,3.00,6.00,true,1,
72961506,false,יוגורט עם תות 1.5% שומן 125 ג' פרילי,מיוצר עי קונדיטוריית,IL,פרילי תות,גרמים,125.00,100 גרם,false,0,2.90,2.32,true,1,
72961520,false,"פרילי יוגורט עם אננס 1.5% תנובה 125 מ""ל",מיוצר עי קונדיטוריית,IL,פרילי אננס 1.5%,גרמים,125.00,100 גרם,false,0,2.90,2.32,true,1,
72961544,false,"באדי יוגורט בטעם תות שדה 3% תנובה 125 מ""ל",מחלבת אלון תבור,IL,מעדן באדי תות 3%,גרמים,125.00,100 גרם,false,0,2.50,2.00,true,1,
72963753,false,שמנת אורגינל של פעם 27% שומן 200 ג' תנובה,תנובה מרכז שיתופי לש,IL,שמנת חמוצה תנובה,גרמים,200.00,100 גרם,false,0,3.40,1.70,true,1,
72964132,false,פרילי טבע יוגורט עם גרנולה 200 גרם,מיוצר עי קונדיטוריית,IL,פרילי טבע גרנולה,גרמים,200.00,100 גרם,false,0,4.20,2.10,true,1,
72964422,false,יוגורט פרחים 4.5% שומן 200 גרם,מחלבת תנובה,IL,יוגורט תנובה4.5%,מיליליטרים,200.00,"100 מ""ל",false,0,2.30,1.15,true,1,
72983928,false,קופסה גולף סלימס מנטה,דובק,,גולף סלימס מנטול,יחידה,1.00,יחידה,false,0,30.00,30.00,false,1,
72983997,false,קופסה גולף גולד ארוך בוקס,דובק,,גולף גולד ארוך,יחידה,1.00,יחידה,false,0,30.00,30.00,false,1,
72986370,false,"גלידת בן & ג'ריס פיינטים וניל 500מ""ל",מוצרי איכות אמריקאיים,IL,גלידה בן & ג'ריס,מיליליטרים,500.00,"100 מ""ל",false,0,17.00,3.40,true,1,
72986424,false,"גלידת בן & ג'ריס פיינטים קרם עוגיות 500מ""ל",מוצרי איכות אמריקאיים בע,IL,גלידה בן & ג'ר,מיליליטרים,500.00,"100 מ""ל",false,0,17.00,3.40,true,1,
72986448,false,"גלידת בן & ג'ריס פיינטים טופי קראנץ 500מ""ל",מוצרי איכות אמריקאיים בע,IL,גלידה בן & ג'ר,מיליליטרים,500.00,"100 מ""ל",false,0,17.00,3.40,true,1,
72986455,false,"גלידה בן& ג'ריס ניו יורק סופר פאדג' צ'אנק 500 מ""ל",מוצרי איכות אמריקאיים בע,IL,גלידה בן & ג'ר,מיליליטרים,500.00,"100 מ""ל",false,0,17.00,3.40,true,1,
72986479,false,"גלידה שוקולד אגוז עם בננות בן וג'ירי 500 מ""ל",מוצרי איכות אמריקאיים בע,IL,גלידה בן & ג'ר,מיליליטרים,500.00,"100 מ""ל",false,0,17.00,3.40,true,1,
72989425,false,"גלידת בן & ג'ריס פיינטים שוקולד בראוניז 500מ""ל",מוצרי איכות אמריקאיים בע,IL,גלידה בן & ג'ר,מיליליטרים,500.00,"100 מ""ל",false,0,17.00,3.40,true,1,
72991374,false,סיגריות טיים רד חפיס,דובק,IL,טיים רד,יחידה,1.00,יחידה,false,0,30.00,30.00,false,1,
72991404,false,סיגריות אירופה חפיסה,דובק,IL,סגריות אירופה,יחידה,1.00,יחידה,false,0,29.00,29.00,false,1,
72991459,false,סיגריות גולף לייט בודד,דובק,IL,גולף 80,יחידה,1.00,יחידה,false,0,30.00,30.00,false,1,
72991503,false,סיגריות נובלס בלנד ח,"דובק בע""מ",IL,נובלס בלנד,יחידה,1.00,יחידה,false,0,28.50,28.50,false,1,
72991527,false,מוסטאנג רד חפיסה,"דובק בע""מ",IL,מוסטנג רד,יחידה,1.00,יחידה,false,0,24.50,24.50,false,1,
72991824,false,טיים בלו ארוך חפיסה,"דובק בע""מ",IL,טיים בלו ארוך,יחידה,1.00,יחידה,false,0,30.00,30.00,false,1,
72991886,false,"גלידת דולצ'ה בטעם ריבת חלב עם פאדג' בן וג'ירי 500 מ""ל",מוצרי איכות אמריקאיים בע,IL,גלידה בן & ג'ר,מיליליטרים,500.00,"100 מ""ל",false,0,17.00,3.40,true,1,
72993637,false,מעדן חלב בטעם שוקולד 125 ג' דני,"שטראוס גרופ בע""\מ",IL,דני שוקולד 1.5%,גרמים,125.00,100 גרם,false,0,2.30,1.84,true,1,
72993927,false,סיגריות נקסט (בודד),פיליפ מוריס,,נקסט ארוך,יחידה,1.00,יחידה,false,0,32.50,32.50,false,1,
72994061,false,חטיף פסק זמן GOOD גלילית לבן 40 גרם,שולן צ'\יקולטה גידה סאן.,TR,פסק זמן 2 גוד,גרמים,36.00,100 גרם,false,0,4.10,11.39,true,1,
72994146,false,היי-ווי רד חפיסה,Unknown,,היי ווי רד,יחידה,1.00,יחידה,false,0,24.50,24.50,false,1,
72994306,false,סיגריות רויאל אדום ח,דובק,IL,רויאל אדום,יחידה,1.00,יחידה,false,0,24.50,24.50,false,1,
72994313,false,סיגריות רויאל כחול בודד,דובק,IL,רויאל כחול,יחידה,1.00,יחידה,false,0,24.50,24.50,false,1,
72994610,false,סיגריות נקסט ריסס 10,פיליפ מוריס,TR,נקסט ארוך ריסס,יחידה,1.00,יחידה,false,1,32.50,32.50,false,1,
76136184,false,סיגריות פאל מל סלימס כחול בודד,Unknown,CH,פאלמאל סופר סלימ,יחידה,1.00,יחידה,false,0,30.50,30.50,false,1,
80042556,false,POLPA עגבניות חתוכות דק 400 גרם MUTTI,"איי, בי, אינבוו",IT,עגבניות חתוכות,גרמים,400.00,100 גרם,false,0,5.10,1.28,true,1,
80042563,false,רסק עגבניות 700 ג' (צהוב) MUTTI,"איי, בי, אינבוו",IT,מחית עגבניות,גרמים,700.00,100 גרם,false,0,10.10,1.44,true,1,
80043638,false,כורכום טחון אורגני 47 גר קנהמלה,קנמלה Cannamela,IT,כורכום אורגני,גרמים,47.00,100 גרם,false,1,12.70,27.02,true,1,
80044079,false,קינמון טחון אורגני 42 גר קנהמלה,קנהמלה,IT,קינמון טחון,גרמים,42.00,100 גרם,false,1,12.70,30.24,true,1,
80050025,false,סוכריות טיק טק תפוז 16 גרם,פררו - אלבה,ZA,טיק טק תפוז,גרמים,16.00,100 גרם,false,0,2.80,17.50,true,1,
80050124,false,סוכריות טיק טק מנטה 16 גרם,פררו - אלבה,ZA,סוכריות טיק טק,גרמים,16.00,100 גרם,false,0,2.80,17.50,true,1,
80050278,false,פררו רושר חטיף כדורים שלישיה 40ג',פררו - אלבה,IT,פררו רושה שלשה,גרמים,37.00,100 גרם,false,0,4.70,12.70,true,1,
80052487,false,חטיף+ציפוי קוקוס רפאלו30,פררו - אלבה,PL,חטיף רפאלו,גרמים,30.00,100 גרם,false,0,4.10,13.67,true,1,
80052760,false,קינדר בואנו Kinder Bueno עם חלב ואגוזי לוז,פררו - אלבה,PL,קינדר בואנו זוג,גרמים,43.00,100 גרם,false,0,3.30,7.67,true,1,
80136194,false,חטיפי הפי היפו Happy Hippo במילוי קרם חלבי ואגוזי לוז,קינדר Kinder,DE,חטיף הפי היפו5יח,גרמים,115.00,100 גרם,false,1,10.60,9.22,true,1,
80176800,false,נוטלה ממרח שוקולד 750 גרם,פררו תעשיות איטליה ס,IT,ממרח נוטלה,גרמים,750.00,100 גרם,false,0,22.10,2.95,true,1,
80177173,false,ממרח שוקולד נוטלה 350 גרם,פררו - אלבה,IT,ממרח נוטלה,גרמים,350.00,100 גרם,false,0,12.70,3.63,true,1,
80177609,false,אצבעות שוקולד קינדר Kinder ארבע יחידות,פררו - אלבה,IT,אצבעות קינדר,גרמים,50.00,100 גרם,false,0,3.70,7.40,true,1,
80273561,false,פלפל שחור במטחנה 45 גר ארומה דה טוסקנה,דרוגיה ואלימנטרי אס.אר.א,IT,פלפל שחור,גרמים,45.00,100 גרם,false,0,10.90,24.22,true,1,
80273639,false,מלח ים במטחנה 90 גר ארומה דה טוסקנה,דרוגיה ואלימנטרי אס.אר.א,IT,מלח ים במטחנה,גרמים,90.00,100 גרם,false,0,10.90,12.11,true,1,
80273660,false,שום במטחנה 50 גר ארומה דה טוסקנה,דרוגיה ואלימנטרי אס.אר.א,IT,שום במטחנה,גרמים,50.00,100 גרם,false,0,10.90,21.80,true,1,
80310167,false,קינדר שוקולד מקסי 126 גר,קינדר,DE,קינדר מקסי,גרמים,126.00,100 גרם,false,0,8.50,6.75,true,1,
80310891,false,ג'וי ביצת הפתעה קינדר 20 גרם,קריות זול,ZA,ביצת הפתעה,גרמים,20.00,100 גרם,false,0,5.00,25.00,true,1,
80473206,false,פפריקה מתוקה אורגנית 50 גרם קנהמלה,קנהמלה,IT,פפריקה מתוקה,גרמים,50.00,100 גרם,false,1,12.70,25.40,true,1,
80655404,false,שום גבישי אורגני 70 גר קנהמלה,קנהמלה,IT,שום גבישי אורגני,גרמים,70.00,100 גרם,false,1,12.70,18.14,true,1,
80718758,false,טונה בשמן זית 160 גר CALIPO,גיאצינטו קליפו,IT,טונה בשמן זית,גרמים,160.00,100 גרם,false,0,19.90,12.44,true,1,
80761761,false,קינדר בואנו לבן בודד 39 גרם,ליימן שליסל,PL,קינדר בואנו לבן,גרמים,39.00,100 גרם,false,0,3.30,8.46,true,1,
80769545,false,מסטיק מנטוס פיור פרש בבקבוק בינוני בטעם לימון 60 ג',"פרפטי ואן מלה ג'ידה,סאן",TR,מנטוס מסטיק,גרמים,60.00,100 גרם,false,1,8.40,14.00,true,1,
80769699,false,מסטיק מנטוס וייט פירות-מנטה 60 גרם,הדקלאים אגודת שיתופי,TR,מנטוס וויט,גרמים,60.00,100 גרם,false,0,8.40,14.00,true,1,
80773429,false,מנטוס בקבוק מעוגל - מסטיק ללא סוכר בטעם תות 60 גרם,"פרפטי ואן מלה ג'\ידה,סאן",TR,מנטוס בקבוק,גרמים,60.00,100 גרם,false,1,8.40,14.00,true,1,
80773443,false,מנטוס בקבוק מעוגל - מסטיק ללא סוכר בטעם מנטה 60 גרם,"פרפטי ואן מלה ג'\ידה,סאן",TR,מסטיק מנטוס,גרמים,60.00,100 גרם,false,1,8.40,14.00,true,1,
80776307,false,מסטיק מנטוס ביג בבקבוק מעוגל טעם פירות מנטה 90 ג',פרפטי ואן מלה הולנד,TR,מסטיק מנטוס,גרמים,90.00,100 גרם,false,1,15.30,17.00,true,1,
80780595,false,מסטיק מנטוס ביג בבקבוק מעוגל טעם מנטה-עדינה 90 ג',פרפטי ואן מלה הולנד,TR,מסטיק מנטוס,גרמים,90.00,100 גרם,false,1,15.30,17.00,true,1,
80790990,false,מסטיק מנטוס בבקבוק מעוגל בטעם פירות -מנטה 60 ג',"פרפטי ואן מלה ג'\ידה,סאן",TR,מסטיק מנטוס,גרמים,60.00,100 גרם,false,1,8.40,14.00,true,1,
80794233,false,מסטיק מנטוס ביג בבקבוק מעוגל טעם מנטה 90 ג',פרפטי ואן מלה הולנד,TR,מסטיק מנטוס,גרמים,90.00,100 גרם,false,1,15.30,17.00,true,1,
80831402,false,סוכריות מנטוס מנטה עדינה 30 יח' ללא סוכר CLEAN BREATH,פרפטי ואן מלה,NL,סוכריות מנטה,גרמים,21.00,100 גרם,false,1,5.90,28.10,true,1,
80843184,false,מנטוס מסטיק פיור פרש בטעם ענבים 60גר,פרפטי ואן מלה הולנד,TR,מסטיק מנטוס,גרמים,60.00,100 גרם,false,1,8.40,14.00,true,1,
80854753,false,סוכריות מנטוס מנטה 30 יח' ללא סוכר CLEAN BREATH,פרפטי ואן מלה,NL,סוכריות מנטוס,גרמים,21.00,100 גרם,false,1,5.90,28.10,true,1,
80864295,false,סוכריות פיור וויט טעם מנטה עדינה 60 ג' מנטוס,"פרפטי ואן מלה ג'ידה,סאן",TR,מנטוס פיור וויט,גרמים,60.00,100 גרם,false,1,8.40,14.00,true,1,
80874652,false,קינדר קארדס 120 גרם - בודד,פררו,IT,קינדר קארדס,גרמים,26.00,100 גרם,false,1,3.30,12.69,true,1,
80896081,false,מנטוס בקבוק מעוגל - מסטיק ללא סוכר בטעם אבטיח 60 גרם,"פרפטי ואן מלה ג'\ידה,סאן",TR,מנטוס בקבוק,גרמים,60.00,100 גרם,false,1,8.40,14.00,true,1,
80913467,false,מנטוס בקבוק מעוגל - מסטיק ללא סוכר בטעם מנטה,פרפטי ואן מלה הולנד,TR,מסטיק מנטוס,גרמים,60.00,100 גרם,false,1,8.40,14.00,true,1,
80945468,false,סוכריות פיור וויט טעם מנטה מתוקה 60 ג' מנטוס,"פרפטי ואן מלה ג'ידה,סאן",TR,מנטוס פיור וויט,גרמים,60.00,100 גרם,false,1,8.40,14.00,true,1,
80954521,false,"מנטוס מסטיק פיור פרש - תות 28 גרם (14 יח') חת""ס",פרפטי ואן מלה ברדה,TR,מסטיק מנטוס,גרמים,28.00,100 גרם,false,1,3.60,12.86,true,1,
80974215,false,מסטיק מנטוס פיור פרש בבקבוק ביג בטעם תות 90ג',"פרפטי ואן מלה ג'ידה,סאן",TR,מסטיק מנטוס,גרמים,90.00,100 גרם,false,1,15.30,17.00,true,1,
80979128,false,מנטוס מסטיק בקבוק מעוגל בטעם דובדבן,פרפטי ואן מלה הולנד,TR,מסטיק מנטוס,גרמים,60.00,100 גרם,false,1,8.40,14.00,true,1,
80982470,false,מסטיק מנטוס פיור פרוסט בטעם מנטה חזק 60 גר',פרפטי ואן מלה ברדה,TR,מסטיק מנטוס,גרמים,60.00,100 גרם,false,1,8.40,14.00,true,1,
80986348,false,סוכריות פיור וויט טעם מנטה 60 ג' מנטוס,"פרפטי ואן מלה ג'ידה,סאן",TR,מנטוס פיור וויט,גרמים,60.00,100 גרם,false,1,8.40,14.00,true,1,
87108538,false,סוכריות בטעם תות מנטוס 37.5 גרם,הדקלאים אגודת שיתופי,NL,מנטוס תות,גרמים,37.00,100 גרם,false,0,2.90,7.84,true,1,
87108651,false,סוכריות בטעם מנטה מנטוס 4*37.5 גרם,הדקלאים אגודת שיתופי,NL,מנטוס מנטה 4 יח',גרמים,150.00,100 גרם,false,0,9.60,6.40,true,1,
87108712,false,סוכריות בטעם פירות מנטוס 4*37.5 גרם,פרפטי ואן מלה ברדה,NL,מנטוס פירות 4,גרמים,150.00,100 גרם,false,0,9.60,6.40,true,1,
87311396,false,מנטוס ריינבאוו סוכריות לעיסה בטעמי פירות,פרפטי ואן מלה ברדה,NL,מנטוס ריינבאו,גרמים,37.00,100 גרם,false,0,2.90,7.84,true,1,
90087011,true,מיץ 100% תפוחי עץ 1 ליטר,ראוך פרוכטסאפטה,AT,"מיץ תפו""ע",ליטרים,1.00,ליטר,false,1,9.50,9.50,true,1,
90087066,true,מיץ 100% תפוזים 1 ליטר,ראוך פרוכטסאפטה,HU,מיץ תפוזים,ליטרים,1.00,ליטר,false,0,9.50,9.50,true,1,
90087271,true,נקטר דומדמניות שחורות 1,תומר,HU,נקטר דומדמניות,ליטרים,1.00,ליטר,false,0,9.50,9.50,true,1,
90087769,true,מיץ 100% אננס 1 ליטר,ראוך פרוכטסאפטה,HU,מיץ אננס,ליטרים,1.00,ליטר,false,0,9.50,9.50,true,1,
90087974,true,"חומץ טבעי מתפוחים 750מ""ל",GMBH FRUCHTSAFTE RAUCH,AT,חומץ תפוחי עץ,מיליליטרים,750.00,"100 מ""ל",false,0,11.80,1.57,true,1,
90162602,true,רד בול משקה אנרגיה פח250,רד בול ג'\י.אם.בי. אץ'\,AT,רד בול,מיליליטרים,250.00,"100 מ""ל",false,0,6.20,2.48,true,1,
96137130,true,דאב רולאון ניחוח אגס50מל,"יוניליוור אנגליה, דרך קו",GB,דאב רולאון,מיליליטרים,50.00,"100 מ""ל",false,1,11.00,22.00,true,1,
10900145015,false,L דיימונד שקיות אשפה חזקות במיוחד 10 יח,דיימונד,ZA,שקיות אשפה L,יחידה,1.00,יחידה,false,1,13.50,13.50,true,1,
11182700954,false,קינג קול שעועית שחורה 439 גרם,האנאובר פודס קורפורשיין,US,שעועית שחורה439ג,גרמים,439.00,100 גרם,false,1,8.40,1.91,true,1,
11210000032,false,"רוטב טבסקו משפחתי 360מ""ל",מקאילהייני Mc.Ilhenn,US,רוטב טבסקו,מיליליטרים,360.00,"100 מ""ל",false,0,42.60,11.83,true,1,
11210000094,false,"רוטב ""טבסקו"" על בסיס פלפל אדום 60 מ""ל",מקאילהייני אייבורי,US,רוטב טבסקו,מיליליטרים,60.00,"100 מ""ל",false,0,9.30,15.50,true,1,
11210007253,false,"רוטב ""טבסקו"" על בסיס פלפל אדום ושום 60 מ""ל",מקאילהייני אייבורי,US,טבסקו שום,מיליליטרים,60.00,"100 מ""ל",false,0,9.30,15.50,true,1,
11210009387,false,"רוטב ""טבסקו"" על בסיס פלפל ירוק חריף 60 מ""ל",מקאילהייני אייבורי,US,רוטב טבסקו ירוק,מיליליטרים,60.00,"100 מ""ל",false,0,9.30,15.50,true,1,
11210698055,false,רוטב טבסקו סרירציה 566 גרם,מקאילהייני קו,US,רוטב טבסקו,מיליליטרים,566.00,"100 מ""ל",false,1,23.80,4.20,true,1,
16000185517,false,דגני בוקר פייבר וואן עתירי סובין FIBRE1,בטר אנד דיפרנט,US,דגני פייבר וואן,גרמים,555.00,100 גרם,false,1,18.70,3.37,true,1,
16000423534,false,חטיפי גרנולה קראנצ'י עם שיבולת שועל ושוקולד מריר נייצ'ר ואלי 5*42 גרם,ג'נרל מילס סאן אדריאן,ES,חטיף נייצ'ר ואלי,גרמים,210.00,100 גרם,false,0,17.00,8.10,true,1,
16000548404,false,חטיפי גרנולה קראנצ'י עם שיבולת שועל ודבש נייצ'ר ואלי 5*42 גרם,ג'נרל מילס סאן אדריאן,ES,חטיף נייטשר ואלי,גרמים,210.00,100 גרם,false,0,17.00,8.10,true,1,
16000548503,false,חטיפי גרנולה קראנצ'י עם מייפל וסוכר חום נייצ'ר ואלי 5*42 גרם,ג'נרל מילס סאן אדריאן,ES,חטיף נייטשר ואלי,גרמים,210.00,100 גרם,false,0,17.00,8.10,true,1,
16000548602,false,חטיפי גרנולה קראנצ'י קינמון נייצ'ר ואלי 5*24 גרם,ג'נרל מילס סאן אדריאן,ES,חטיף נייטשר ואלי,גרמים,210.00,100 גרם,false,0,17.00,8.10,true,1,
16000548909,false,חטיפי גרנולה קראנצ'י במגוון טעמים נייצ'ר ואלי 5*42 גרם,ג'נרל מילס סאן אדריאן,ES,חטיף נייטשר ואלי,גרמים,210.00,100 גרם,false,0,17.00,8.10,true,1,
16229914578,false,מי קוקוס טבעי פוקו 1 ל',ויט וורלד קומפני,VN,מי קוקוס טבעי,ליטרים,1.00,ליטר,false,1,19.50,19.50,true,1,
16229917593,false,מי קוקוס 100% פוקו 3,ויט וורלד קומפני,VN,מי קוקוס,מיליליטרים,330.00,"100 מ""ל",false,1,8.40,2.55,true,1,
16229917647,false,"מי קוקוס בתוספת מנגו 330 מ""ל",ויט וורלד קומפני,VN,מי קוקוס+מנגו,מיליליטרים,330.00,"100 מ""ל",false,1,8.40,2.55,true,1,
18000701223,false,"פילסברי, עוגה בטעם שוקולד, תערובת להכנת עוגה בטעם שוקולד. 500 גרם",הדקלאים אגודת שיתופי,IL,תערובת לעוגה,גרמים,500.00,100 גרם,false,0,15.30,3.06,true,1,
18000703494,false,"פילסברי, עוגה בטעם וניל, תערובת להכנת עוגה בטעם וניל. 500 גרם.",הדקלאים אגודת שיתופי,IL,תערובת לעוגה,גרמים,500.00,100 גרם,false,0,15.30,3.06,true,1,
18000703517,false,"פילסברי, עוגה בטעם שוקולד וניל, תערובת להכנת עוגה בטעם וניל. 550 גרם.",הדקלאים אגודת שיתופי,IL,תערובת לעוגה,גרמים,550.00,100 גרם,false,0,15.30,2.78,true,1,
18000766413,false,"פילסברי, עוגה בטעם שוקולד, תערובת להכנת עוגה בטעם שוקולד. 550 גרם.",הדקלאים אגודת שיתופי,IL,תערובת לעוגה,גרמים,550.00,100 גרם,false,0,15.30,2.78,true,1,
21723339994,false,"רוטב דגים 300מ""ל (טיפרוס) (כ)",טאנג סאנג ראר קי,TH,רוטב דגים,גרמים,300.00,100 גרם,false,0,8.40,2.80,true,1,
22200956932,false,דאודורנט ספיד סטיק גל 24/7 כחול 85 גר,הנסיך- מפעל לייצור ט,US,דאודורנט ג'ל,גרמים,85.00,100 גרם,false,0,14.40,16.94,true,1,
22200956949,false,דאודורנט ג'ל כתום לגבר ספיד סטיק 85 גרם,קולגייט-פלמוליב,US,דאודורנט,גרמים,85.00,100 גרם,false,0,14.40,16.94,true,1,
25675120037,false,מקלות חמצוצים תות פשקז 100 גרם,פשקס קנדי,NL,חמצוצים תות,גרמים,100.00,100 גרם,false,0,7.60,7.60,true,1,
25675120068,false,מקלות חמצוצים בטעם קולה פשקז 100 גרם,פשקז Paskesz,NL,חמצוצים קולה,גרמים,100.00,100 גרם,false,0,7.60,7.60,true,1,
25700005674,false,זיפלוק שקיות אחסון סליידר גדולות 15 יחידות,אס.סי.ג'\ונסון מידרכט,US,שקיות אחסון,יחידה,1.00,יחידה,false,1,13.50,13.50,true,1,
25700005681,false,זיפלוק שקיות אחסון סליידר בינוניות 20 יחידות,אס.סי גונוסון,US,שקיות אחסון,יחידה,1.00,יחידה,false,1,13.50,13.50,true,1,
30000315989,false,קוואקר פרוטאין חמוציות ושקדים 372 גרם,קוואקר אוטס קומפני,US,קוואקר פרוטאין,גרמים,372.00,100 גרם,false,1,18.20,4.89,true,1,
31290140107,false,גודייבה אצבעות שוקולד 72% 90 גרם,"אולקר מקבוצת פלאדיס, ציק",TR,שוקולד גודייבה,גרמים,90.00,100 גרם,false,1,12.70,14.11,true,1,
31290140176,false,שוקולוד מריר בתוספת שקדים שוקולד גודייבה פינגרס,"אולקר מקבוצת פלאדיס, ציק",TR,שוקולד גודייבה,גרמים,90.00,100 גרם,false,1,12.70,14.11,true,1,
31290140190,false,גודייבה אצבעות שוקולד מריר עם נגיעות מלח ים 90 גרם,"אולקר מקבוצת פלאדיס, ציק",TR,שוקולד גודייבה,גרמים,90.00,100 גרם,false,1,12.70,14.11,true,1,
34000148301,false,הרשי נטיפי שוקולד מריר לאפייה 340 גר,ליימן מותגים,US,נטיפי שוקולד מרי,גרמים,340.00,100 גרם,false,1,16.10,4.74,true,1,
34000312177,false,הרשי סירופ בטעם שוקולד 680 גרם,ליימן מותגים,US,סירופ שוקולד,גרמים,680.00,100 גרם,false,0,16.50,2.43,true,1,
34000544028,false,סוכריות ארוכות בטעם תות טוויזלרס Twizzlers,ליימן מותגים,US,טוויזלרס טעם תות,גרמים,198.00,100 גרם,false,0,6.70,3.38,true,1,
35000689535,false,קולגייט מברשת שיניים מקס וייט סופט זוג,קולגייט-פלמוליב,CN,מברשות שיניים2X,יחידה,1.00,יחידה,false,0,17.00,17.00,true,1,
36000516890,false,קלינקס לושן שלוש שכבות 120 יחידות,חוגלה קימברלי,US,קלינקס לושן,יחידה,1.00,יחידה,false,1,15.30,15.30,true,1,
37600207188,false,חמאת בוטנים קלאסי סקיפי 462 גרם,חברת המזון אלגוד,US,חמאת בוטנים,גרמים,462.00,100 גרם,false,0,15.80,3.42,true,1,
37600207256,false,חמאת בוטנים עם שברי בוטנים סקיפי 462 גרם,חברת המזון אלגוד,US,חמאת בוטנים,גרמים,462.00,100 גרם,false,0,15.80,3.42,true,1,
38000138638,false,חטיף צ'יפס פרינגלס פיצה 158 גרם,פרינגלס מנופקצ'ורינג קונ,US,פרינגלס פיצה,גרמים,158.00,100 גרם,false,1,7.60,4.81,true,1,
38000169663,false,פרינגלס אורגינל מגה 194 גר',פרינגלס מניופקצ'\ורינג ק,US,פרינגלס אורגינל,גרמים,194.00,100 גרם,false,1,9.30,4.79,true,1,
38000232152,false,פרינגלס חטיפי תפוח אדמה בטעם ברביקיו 158 גרם,פרינגלס מנופקצ'ורינג קומ,US,פרינגלס ברביקיו,גרמים,158.00,100 גרם,false,1,7.60,4.81,true,1,
38000232169,false,פרינגלס מידי אורגינל 67 גרם.,פרינגלס מנופקצ'ורינג קונ,US,פרינגלס אורגינל,גרמים,67.00,100 גרם,false,1,4.70,7.01,true,1,
38000232176,false,פרינגלס ביג שמנת בצל 158 גרם,פרינגלס מנופקצ'ורינג קונ,US,פרינגלס שמנת בצל,גרמים,158.00,100 גרם,false,1,7.60,4.81,true,1,
38000232183,false,פרינגלס ביג אורגינל 149 גרם,פרינגלס מנופקצ'ורינג קונ,US,פרינגלס אורגינל,גרמים,149.00,100 גרם,false,1,7.60,5.10,true,1,
38000845253,false,חטיף צ'יפס פרינגלס מידי שמנת בצל 71 גרם,פרינגלס מנופקצ'ורינג קונ,US,פרינגלס שמנת בצל,גרמים,71.00,100 גרם,false,1,4.70,6.62,true,1,
38527591053,false,קואקר דגנים מרובעים שיבולת שועל וקינמון,קוואקר אוטס קומפני,US,דגנים מרובעים,גרמים,412.00,100 גרם,false,0,14.40,3.50,true,1,
38527591060,false,דגני קוואקר מרובעים Quaker Squares עם סוכר חום,קוואקר אוטס קומפני,US,דגנים מרובעים,גרמים,412.00,100 גרם,false,0,14.40,3.50,true,1,
40000512943,false,סוכריות אם אנד אמס M&M שוקולד חלב,M&M אם אנד אם,US,עדשים מ&מ'ס,גרמים,303.00,100 גרם,false,1,18.70,6.17,true,1,
40000513568,false,סוכריות אם אנד אמס M&M שוקולד חלב,M&M אם אנד אם,US,עדשים מ&מ'ס,גרמים,156.00,100 גרם,false,1,10.10,6.47,true,1,
40000514480,false,M&M אריזה קטנה's שוקולד אריזה קטנה 48 גרם,M&M אם אנד אם,US,עדשי מ&מ'ס,גרמים,48.00,100 גרם,false,1,4.20,8.75,true,1,
40000514510,false,M&M אריזה קטנה's בוטנים אריזה קטנה 49 גרם,M&M אם אנד אם,US,עדשי מ&מ'ס,גרמים,49.00,100 גרם,false,1,4.20,8.57,true,1,
41390001079,false,"רוטב סויה קיקומן מופחת נתרן 444 מ""ל",קיקומן פודז אינק,US,רוטב סויה,מיליליטרים,444.00,"100 מ""ל",false,0,17.00,3.83,true,1,
41390010309,false,"רוטב טריאקי קיקומן 444 מ""ל",קיקומן פודז אינק,US,רוטב טריאקי,מיליליטרים,444.00,"100 מ""ל",false,0,17.00,3.83,true,1,
42400108153,false,דגני בוקר צבעוניים בטעם פירות טוטי פרוטיס,פוסט ארצות הברית,US,דגנים ממותקים,גרמים,354.00,100 גרם,false,1,19.30,5.45,true,1,
46214731552,false,עוגיות שוקולד צ'יפס 37% גודיס 225 גרם,קריניציה ויטמינה אס,NL,עוגיות ש.צ'יפס,גרמים,225.00,100 גרם,false,0,7.60,3.38,true,1,
50000238910,false,פריסקיז פארטי מיקס אוריגי'נל קראנץ10*60גרם,נטסלה פורינה פטקר ארצות,US,פריסקיז מיקס,גרמים,60.00,100 גרם,false,1,9.30,15.50,true,1,
50000429042,false,מזון חתולים כבד מעודן ועוף פנסי פיסט 85 גרם,נסטלה פורינה USA ג',US,פנסי פיסט חתול,גרמים,85.00,100 גרם,false,0,5.00,5.88,true,1,
50000574414,false,"""פריסקיז פארטי מיקס פיקניק קראנץ 60 גרם",נסטלה פורינה פטקר ארצות,US,פריסקיז Mi Party,גרמים,60.00,100 גרם,false,1,9.30,15.50,true,1,
50000574438,false,"""פריסקיז פארטי מיקס מעדני ים קראנץ 60 גרם",נסטלה פורינה פטקר ארצות,US,פריסקיז מיקס,גרמים,60.00,100 גרם,false,1,9.30,15.50,true,1,
50000578238,false,"""פריסקיז פארטי מיקס קרייזי צ'יז 60 גרם",נסטלה פורינה פטקר ארצות,US,פריסקיז Mi Party,גרמים,60.00,100 גרם,false,1,9.30,15.50,true,1,
51500017005,false,סמארקס חמאת בוטנים 454 גר,סמאקרס,US,חמאת בוטנים טבעי,גרמים,454.00,100 גרם,false,1,17.00,3.74,true,1,
52100002453,false,תערובת תיבול לסטייק 96 גר,מקורמיק,US,תערובת תיבול,גרמים,96.00,100 גרם,false,1,17.00,17.71,true,1,
52100006260,false,אבקת שום מקורמיק 88 גרם,מקרומיק,US,אבקת שום,גרמים,88.00,100 גרם,false,1,24.70,28.07,true,1,
52100034898,false,"תמצית ליים טהורה 29 מ""ל",מקורמיק,US,תמצית ליים טהורה,מיליליטרים,29.00,"100 מ""ל",false,1,15.30,52.76,true,1,
52100070865,false,"תמצית וניל טהור מקורמיק 29 מ""ל",מקורמיק האנט ואלי,US,תמצית וניל,מיליליטרים,29.00,"100 מ""ל",false,0,25.50,87.93,true,1,
52100070995,false,תמצית בטעם וניל מקורמיק 59 גרם,מקורמיק,US,תמצית בטעם וניל,מיליליטרים,59.00,"100 מ""ל",false,1,9.30,15.76,true,1,
58449450030,false,דייסת מייפל ואגוזי לוז 400 גרם,נייטשר פאת'\,US,דייסת מייפל ואגו,גרמים,400.00,100 גרם,false,0,24.10,6.03,true,1,
58449450047,false,דייסת שיבולת שועל תפוח קינמון 400 גרם,נייצר וואלי,US,דייסת שב.שועל,גרמים,400.00,100 גרם,false,0,24.10,6.03,true,1,
58449450634,false,"דייסה בטעמים לל""ג אורגני 320 גר",נייטשר פאת'\,US,דייסת אינסטנט,גרמים,320.00,100 גרם,false,1,31.50,9.84,true,1,
58449602187,false,קורנפלקס דבש אורגני,נייטשר פאת'\,US,קורנפלקס בדבש,גרמים,300.00,100 גרם,false,0,20.40,6.80,true,1,
58449779032,false,דגני טבעות תירס ואורז מלא 325 גר WHOLE,נאטשר פאת פוד,US,טבעות תירס ואורז,גרמים,325.00,100 גרם,false,0,20.40,6.28,true,1,
58449860037,false,"קואלה קריספי דגני בוקר natures path לל""ג 325 גרם",נאטשר פאת פוד,US,דגני בוקר,גרמים,326.00,100 גרם,false,0,20.40,6.26,true,1,
64144090013,false,פאם תרסיס על בסיס שמן קנולה בטעם חמאה,קונאגרה פודס,US,תרסיס שמן,מיליליטרים,148.00,"100 מ""ל",false,0,15.30,10.34,true,1,
64144090020,false,"ספריי שמן PAM בטעם שמן זית 141 מ""ל",קונאגרה פודס,US,תרסיס שמן זית,מיליליטרים,148.00,"100 מ""ל",false,0,15.30,10.34,true,1,
64144090051,false,"ספריי שמן PAM קנולה אורגינל 148 מ""ל",קונאגרה פודס,US,תרסיס שמן קנולה,מיליליטרים,148.00,"100 מ""ל",false,0,15.30,10.34,true,1,
70177077563,false,תה ארל גריי 25 שקיות טוינינגס 50 גר,אר. טווינינגס אנד קומפני,PL,תה ארל גריי,גרמים,50.00,100 גרם,false,1,16.10,32.20,true,1,
70177077693,false,תה אנגליש ברקפסט 25 שקיות טוינינגס 50 גר,אר. טווינינגס אנד קומפני,PL,תה אינגליש ברקפס,גרמים,50.00,100 גרם,false,1,16.10,32.20,true,1,
70177078904,false,תה אנגליש ברקפסט 50 שקיות טוינינגס,אר. טווינינגס אנד קומפני,PL,תה אינגליש ברקפס,גרמים,100.00,100 גרם,false,1,23.80,23.80,true,1,
70177078966,false,תה ארל גריי 50 שקיות טוינינגס,אר. טווינינגס אנד קומפני,PL,תה ארל גריי,גרמים,100.00,100 גרם,false,1,23.80,23.80,true,1,
70177086664,false,תה ירוק טהור 25 שק TWININGS,אר. טווינינגס אנד קומפני,PL,תה ירוק טהור,גרמים,50.00,100 גרם,false,1,17.80,35.60,true,1,
70177173166,false,תה יסמין ירוק 25 שקיקים TWININGS,אר. טווינינגס אנד קומפני,PL,תה ירוק יסמין,גרמים,45.00,100 גרם,false,1,17.80,39.56,true,1,
70177177737,false,חליטה פיור קמומיל 20 גרם טווינינג,אר. טווינינגס אנד קומפני,PL,חליטת קמומיל,גרמים,20.00,100 גרם,false,1,15.30,76.50,true,1,
70970471254,false,מייק לייק - סוכריות ג'לי בינס קרטונית פירות ירוק 141 גרם,ג'\אסט בורן,US,סוכריות ג'לי,גרמים,141.00,100 גרם,false,1,9.30,6.60,true,1,
72600062306,false,חטיף הר פודס בטעם גבינה 198 גרם,הר פודס,US,חטיף תירס גבינה,גרמים,198.00,100 גרם,false,1,18.70,9.44,true,1,
72600062320,false,הר חטיף גבינה בטעם פיצה 198 גרם,הר פודסn\,US,חטיף גבינה,גרמים,198.00,100 גרם,false,1,18.70,9.44,true,1,
76840002351,false,גלידה גימי סמור עם מרשמלו קלוי פירורי שוקולד בן וג'ירי 428 ג',מוצרי איכות אמריקאיי,US,גלידה גימי סמור,מיליליטרים,428.00,"100 מ""ל",false,1,17.00,3.97,true,1,
76840100156,false,"בן אנד גריס גלידת צרי גרסיה 500 מ""ל",מוצרי איכות אמריקאיים בע,IL,גלידה צ'רי גרסיה,מיליליטרים,500.00,"100 מ""ל",false,0,17.00,3.40,true,1,
76840100583,false,"גלידת וניל עם בצק עוגיות בן וג'ירי 473 מ""ל",מוצרי איכות אמריקאיים בע,IL,גל.בןאנדג'ריס,מיליליטרים,473.00,"100 מ""ל",false,0,17.00,3.59,true,1,
76840400027,false,"גלידה בטעם שוקולד כשל""פ",מוצרי איכות אמריקאיים בע,IL,גלידת בן & ג'ר,מיליליטרים,500.00,"100 מ""ל",false,0,17.00,3.40,true,1,
76840400218,false,"גלידה בן&ג'ריס תות שדה ועוגת גבינה 500מ""ל",מוצרי איכות אמריקאיים בע,IL,גל.עוגת גבינ.תות,גרמים,420.00,100 גרם,false,0,17.00,4.05,true,1,
76840620029,false,"גלידה בן&ג'ריס שמנת עם תות 500מ""ל",מוצרי איכות אמריקאיים בע,IL,גלידה בן & ג'ר,מיליליטרים,500.00,"100 מ""ל",false,0,17.00,3.40,true,1,
77245110610,false,סוכריות מאסט ללא סוכר בטעם מנטה 80 ג'עלית,MIESZKO S.A - MS. JO,PL,סוכריות מאסט,גרמים,80.00,100 גרם,false,0,6.40,8.00,true,1,
77975010167,false,סניידרס חטיף מקלוני חיטה בתוספת דבש 340.2 גרם,סניידרס אוף האנובר,US,מקלוני חיטה,גרמים,340.00,100 גרם,false,1,14.40,4.24,true,1,
77975022757,false,בייגלה קשה מבצק שאור בסגנון אמריקאי,סניידרס אוף האנובר,US,בייגלה אמריקאי,גרמים,382.00,100 גרם,false,0,14.40,3.77,true,1,
77975036976,false,מטבל עגבניות בחריפות עדינה סניידרס 439 ג',סניידרס אוף האנובר,US,מתבל עגבניות,גרמים,439.00,100 גרם,false,1,11.80,2.69,true,1,
77975094624,false,"סניידרס סנדוויץ בייגלה במילוי חמאת בוטנים , 226 ג'",סניידרס Snyder's,US,שברי בייגלה,גרמים,280.00,100 גרם,false,1,14.40,5.14,true,1,
77975094631,false,סניידרס סנדוויץ' בייגלה במילוי קרם בטעם צ'דר 226 גרם,סניידרס לאנס,US,בייגלה סניידרס,גרמים,226.00,100 גרם,false,1,14.40,6.37,true,1,
77975094761,false,סניידרס חטיפים על בסיס קמח חיטה בטעם גבינת צ'דר,סניידרס אוף האנובר,US,חטיף סניידרס,גרמים,340.00,100 גרם,false,1,14.40,4.24,true,1,
77975094778,false,שברי בייגלה סניידרס בטעם דבש חרדל 340 גר,סניידרס אוף האנובר,US,סניידרס דבש חרדל,גרמים,340.00,100 גרם,false,1,14.40,4.24,true,1,
78300081357,false,פלייטקס ספורט עם מוליך סופר פלוס 18 יח,פלייטקס,US,טמפוני פלייטקס,יחידה,1.00,יחידה,false,1,22.10,22.10,true,1,
87752005644,false,"יין מוסקטו ברטנורה 750 מ""ל",מיסזקו אס.איי,IT,יין מוסקטו,מיליליטרים,750.00,"100 מ""ל",false,0,46.90,6.25,true,1,
87752014271,false,"יין רוסו טוסקנו אדום ברטנורה 750 מ""ל",מיסזקו אס.איי,IT,ברטנורא טוסקנו,מיליליטרים,750.00,"100 מ""ל",false,0,32.30,4.31,true,1,
87752025406,false,בורדו שאטו לה ריגאן לבן,שאטו לה ריגאן,FR,בורדו שאטו לבן,מיליליטרים,750.00,"100 מ""ל",false,1,46.90,6.25,true,1,
96086000003,false,קיטו מיני גריסיני בסיס קמח שקדים 200 גרם,מצות אביב 2014 מאפה בעמ,IL,קיטו מיני גריסינ,גרמים,200.00,100 גרם,false,1,19.50,9.75,true,1,
96086000577,false,קרקר כוסמת אורגני 200 גרם,מצות אביב 2014 מאפה בעמ,IL,קרקר כוסמין,גרמים,200.00,100 גרם,false,0,10.60,5.30,true,1,
96086000676,false,"עוגיות מקמח כוסמין ציה ללת""ס 200 גרם",מצות אביב 2014 מאפה בעמ,IL,עוגיות כוסמין,גרמים,200.00,100 גרם,false,1,12.20,6.10,true,1,
96086000829,false,קיטו נודלס אטריות מלבבות דקל 255 גר,אינדוסטריה אגריקולה אקספ,EC,קיטו נודלס,גרמים,255.00,100 גרם,false,1,17.00,6.67,true,1,
96086000966,false,"קרקר כוסמין מלא ושומשום 200 גר' ""אביב""",מצות אביב,IL,קרקר כוסמין,גרמים,200.00,100 גרם,false,0,10.60,5.30,true,1,
96086001031,false,פירורי קיטו מקמח שקד,מצות אביב 2014 מאפה בעמ,IL,פירורי קיטו,גרמים,300.00,100 גרם,false,1,19.50,6.50,true,1,
96086001536,false,"עוגיות קלות ללת""סבטעם וניל 200 גר",מצות אביב 2014 מאפה בעמ,IL,עוגיות וניל,גרמים,200.00,100 גרם,false,0,12.20,6.10,true,1,
305210043596,false,"וזלין - תחליב לחות עם תמצית לוונדר 600 מ""ל","יוניליוור, ג'\פרסון סיטי",US,וזלין תחליב לחות,מיליליטרים,600.00,"100 מ""ל",false,1,17.00,2.83,true,1,
305210317079,false,וזלין מיני לשפתיים חמאת קקאו 9 גר,"יוניליוור ג'ונסבורו,",US,וזלין לשפתיים,יחידה,1.00,יחידה,false,1,12.70,12.70,true,1,
305210416383,false,"ואזלין קרם גוף לגבר נספג במהירות 600 מ""ל","יוניליוור, ג'פרסון סיטי,",US,קרם גוף וזלין,מיליליטרים,600.00,"100 מ""ל",false,1,17.00,2.83,true,1,
305213079004,false,"תחליב גוף להזנה עמוקה צהוב וזלין 600 מ""ל","יוניליוור, ג'פרסון סיטי,",US,קרם גוף ואלין,מיליליטרים,600.00,"100 מ""ל",false,1,17.00,2.83,true,1,
308910525744,false,אטריות אורז דקות 454 גרם ורמיצ'לי (כ),ליאן תאי רייס,TH,איטריות אורז,גרמים,454.00,100 גרם,false,0,9.30,2.05,true,1,
605453120277,false,מקלות סורימי קפוא 454 גרם,אל.אם פודס,US,מקלות סורימי,גרמים,454.00,100 גרם,false,1,29.80,6.56,true,1,
605453520961,false,סורימי דליקטס שרימפס 300 גר,אל.אם פודס,US,סורימי דליקטס,גרמים,300.00,100 גרם,false,1,29.80,9.93,true,1,
608614255504,false,פופקורנס בטעם בצל 50 גרם,מג'\יקס סום תעשיות מזון,IL,פופקורנס בצל,גרמים,50.00,100 גרם,false,1,4.10,8.20,true,1,
608614255528,false,פופקורנס בטעם גריל 50 גרם,מג'\יקס סום תעשיות מזון,IL,פופקורנס בטעם גר,גרמים,50.00,100 גרם,false,1,4.10,8.20,true,1,
613008742348,false,בקבוק אריזונה ג'נסינג ודבש 1 ליטר,"נטורלה גטרנק בע""\מn\",BG,אריזונה ג'נסנג,ליטרים,1.00,ליטר,false,1,10.10,10.10,true,1,
613008742409,false,בקבוק אריזונה אפרסק 1 ליטר,"נטורלה גטרנק בע""\מn\",BG,אריזונה אפרסק,ליטרים,1.00,ליטר,false,1,10.10,10.10,true,1,
613008755461,false,בקבוק אריזונה אוכמניות 1 ליטר,"נטורלה גטרנק בע""\מn\",BG,אריזונה אוכמניות,ליטרים,1.00,ליטר,false,1,10.10,10.10,true,1,
621683920654,false,פוזילי אורז חום ללא גלוטן ול. חיטה 454 ג,,CA,פסטה אורז פוסילי,גרמים,454.00,100 גרם,false,0,19.50,4.30,true,1,
621683921255,false,טינקיאדה ספירל פסטה ארוז ללא גלוטן 454,,CA,פסטה אורז ספירלה,גרמים,454.00,100 גרם,false,0,19.50,4.30,true,1,
628154383659,false,דגני בוקר פרוטי פבלס פוסט 311 גרם,פוסט ארצות הברית,US,דגני פרוטי פבלס,גרמים,311.00,100 גרם,false,1,18.70,6.01,true,1,
633824208040,false,"וודקה ואן גוך דאבל אספרסו 750 מ""ל",מזקקת קוימאנס טילבורג,NL,ואן גוך אספרסו,מיליליטרים,750.00,"100 מ""ל",false,0,111.00,14.80,true,1,
633824913432,false,"וודקה וואן גוך בטעם אסאי בלוברי, 750 מ''ל",מזקקת קוימאנס טילבורג,NL,וודקה ואן גוך,מיליליטרים,750.00,"100 מ""ל",false,0,111.00,14.80,true,1,
638102201010,false,חטיף על בסיס חלבון סויה שוקולד וחמאת בוטנים,"אבוט נוטרישן, מעבדות",US,חטיף זון בוטנים,גרמים,50.00,100 גרם,false,0,8.50,17.00,true,1,
638102201416,false,זון פרפקט חטיף חלבון בטעם יוגורט תות שדה,"אבוט נוטרישן, מעבדות",US,זון פרוטיפיד,גרמים,50.00,100 גרם,false,0,8.50,17.00,true,1,
638102204721,false,חטיף זון פרפקט פאדג5'יח,אדיר סחר,US,חטיף זון פרפקט פ,יחידה,1.00,יחידה,false,1,51.20,51.20,true,1,
638102532817,false,חטיף על בסיס חלבון סויה עם שוקולד מריר,"אבוט נוטרישן, מעבדות",US,חטיף זון דארק,גרמים,45.00,100 גרם,false,0,8.50,18.89,true,1,
638102582737,false,חטיף זון קלסיק רול קינמון 50 גר,"אבוט נוטרישן, מעבדות",US,חטיף זון קינמון,גרמים,50.00,100 גרם,false,0,8.50,17.00,true,1,
645173911038,false,קורנישון מלפפוןן מיני 720 גרם - תומר,קלמן אינדיה פי וי סי,IN,מלפפ.קורנישונים,גרמים,670.00,100 גרם,false,0,8.40,1.25,true,1,
649660432020,false,היל וויו שזיפים מיובשים מגולענים 567 גרם,היליו פאקינג קוסמי א,US,שזיף מיובש,גרמים,567.00,100 גרם,false,1,24.70,4.36,true,1,
651080161510,false,פלקרס פולסר לשיניים צפופות-מנטה 35 יחידו,מיוצר עי קונדיטוריית,CN,קיסם עם חוט,יחידה,1.00,יחידה,false,1,8.40,8.40,true,1,
651080366519,false,פלקרס פלוסר כפול טווין ליין,דנטלון,IL,פלאקרס טווין ליי,יחידה,1.00,יחידה,false,0,11.00,11.00,true,1,
651080647519,false,קיסמים עם חוט דנטלי פלאקרס מנטה 35 יחידות,"פלקרס רנור ארה""ב",US,קיסם עם חוט,יחידה,1.00,יחידה,false,1,8.40,8.40,true,1,
697045161539,false,"קרם יום לפנים 50 מ""ל",,IL,קרם יום לפנים,מיליליטרים,50.00,"100 מ""ל",false,1,50.40,100.80,true,1,
697045161560,false,"קרם עיניים 15 מ""ל",,IL,קרם עיניים,מיליליטרים,15.00,"100 מ""ל",false,1,50.40,336.00,true,1,
724049694333,false,אינסטינקט פירסט אדפ100מל,,FR,אינסטינקט לאישה,מיליליטרים,100.00,"100 מ""ל",false,0,127.30,127.30,true,1,
724049694340,false,פיורסט אינסטינק אדט100מל,,FR,פיורסט אינסטינק,מיליליטרים,100.00,"100 מ""ל",false,0,127.30,127.30,true,1,
724049694388,false,"Fantasy אדפ לאשה 100 מ""ל",,FR,פנטזי אדפ לאישה,מיליליטרים,100.00,"100 מ""ל",false,0,84.60,84.60,true,1,
724049694456,false,סקלפצ'ר לגבר אדט 100 מל,,FR,סקלפצ'ר לגבר,מיליליטרים,100.00,"100 מ""ל",false,0,58.90,58.90,true,1,
724049694470,false,לג'נד אדט לגבר 100מל,,FR,לג'נד אדט לגבר,מיליליטרים,100.00,"100 מ""ל",false,0,118.80,118.80,true,1,
724049694487,false,"לגנד אדט לגבר 200 מ""ל",,FR,"לג'נד 200 מ""ל",מיליליטרים,200.00,"100 מ""ל",false,0,195.70,97.85,true,1,
724049694548,false,Scent Silver אדט גבר100מ,,FR,סילבר סנט לגבר,מיליליטרים,100.00,"100 מ""ל",false,0,84.60,84.60,true,1,
724049694555,false,Intense Silve אדט ג100.מ,,FR,סילבר סנט אינטנס,מיליליטרים,100.00,"100 מ""ל",false,0,84.60,84.60,true,1,
724049694586,false,One Ck אדט יוניסקס 200מל,,FR,"סיקיי ואן 200מ""ל",מיליליטרים,200.00,"100 מ""ל",false,0,101.70,50.85,true,1,
724049694593,false,"Be Ck אדט לגבר 200 מ""ל",,FR,Be Ck א.ד.ט לגבר,מיליליטרים,200.00,"100 מ""ל",false,0,93.10,46.55,true,1,
724049694616,false,רבל פלור לאישה אדפ100מל,,FR,רבל פלור לאישה,מיליליטרים,100.00,"100 מ""ל",false,0,84.60,84.60,true,1,
724049694623,false,קלואה אדפ אשה 75 מל,,FR,קלואה 75 לאישה,מיליליטרים,75.00,"100 מ""ל",false,0,247.00,329.33,true,1,
724049694647,false,Story 75Love מל,,FR,לאב סטורי לאישה,מיליליטרים,75.00,"100 מ""ל",false,0,238.40,317.87,true,1,
724049694654,false,Blue Jaguar אדט גבר100מל,,FR,יגואר בלו לגבר,מיליליטרים,100.00,"100 מ""ל",false,0,50.40,50.40,true,1,
724049694661,false,יגואר בלאק אדט גבר 100מל,,FR,יגואר בלאק לגבר,מיליליטרים,100.00,"100 מ""ל",false,0,50.40,50.40,true,1,
724049694678,false,Red Jaguar אדט לגבר100מל,,FR,יגואר רד לגבר,מיליליטרים,100.00,"100 מ""ל",false,0,50.40,50.40,true,1,
724049694685,false,נרסיסו אדט לאישה 100 מל,,FR,נרסיסו אדט לאישה,מיליליטרים,100.00,"100 מ""ל",false,0,229.90,229.90,true,1,
724049694739,false,פיור מאסק אדט אשה100מל,,FR,פיור מאסק לאישה,מיליליטרים,100.00,"100 מ""ל",false,0,255.50,255.50,true,1,
724049694753,false,"Lapidus אדט לגבר 100 מ""ל",,FR,לפידוס אדט לגבר,מיליליטרים,90.00,"100 מ""ל",false,0,67.50,75.00,true,1,
724049694760,false,"Alien אדפ לאשה 60 מ""ל",,FR,אליאן 60 לאישה,מיליליטרים,60.00,"100 מ""ל",false,0,238.40,397.34,true,1,
724049694807,false,דה וואן אדפ אשה 75 מל,,FR,דה וואן 75 לאישה,מיליליטרים,75.00,"100 מ""ל",false,0,195.70,260.93,true,1,
724049694814,false,גבאנה פיור הום גבר125מל,,FR,גבאנה פיור הום,מיליליטרים,125.00,"100 מ""ל",false,0,183.70,146.96,true,1,
724049694845,false,"דה וואן אדט גבר 100 מ""ל",,FR,דה וואן אדט לגבר,מיליליטרים,100.00,"100 מ""ל",false,0,187.10,187.10,true,1,
724049694906,false,"קלאב דה נואי גבר 105 מ""ל",,FR,קלאב דה נואי גבר,מיליליטרים,105.00,"100 מ""ל",false,0,101.70,96.86,true,1,
724049694913,false,קלאב דה נואט אדפ גבר200מ,,FR,קלאב דה נואט אינ,מיליליטרים,200.00,"100 מ""ל",false,0,204.20,102.10,true,1,
724049694920,false,קלאב דה נואיט לגבר 105מל,,FR,קלאב דה נואיט,מיליליטרים,105.00,"100 מ""ל",false,0,84.60,80.57,true,1,
724049695002,false,לאבנטור אדפ אשה 100מל,,FR,לאבנטור 100 לאשה,מיליליטרים,100.00,"100 מ""ל",false,0,135.80,135.80,true,1,
724049695088,false,בלו שאנל אדט גבר 150 מל,,FR,בלו שאנל 150 גבר,מיליליטרים,150.00,"100 מ""ל",false,0,588.80,392.53,true,1,
724049695101,false,מדמוזל אדפ אשה 100 מל,,FR,מדמוזל 100 אשה,מיליליטרים,100.00,"100 מ""ל",false,0,597.40,597.40,true,1,
724049695125,false,וואן מיליון אדט גבר200מל,,FR,ואן מיליון גבר,מיליליטרים,200.00,"100 מ""ל",false,0,255.50,127.75,true,1,
724049695170,false,"אולימפיה אדפ אשה80מ""ל",,FR,אולימפיה 80 אשה,מיליליטרים,80.00,"100 מ""ל",false,0,238.40,298.00,true,1,
724049695194,false,212 אדט לגבר 100מל,,FR,212 100 לגבר,מיליליטרים,100.00,"100 מ""ל",false,0,170.00,170.00,true,1,
724049695200,false,212 סקסי לגבר אדט100מל,,FR,212 סקסי לגבר,מיליליטרים,100.00,"100 מ""ל",false,0,161.50,161.50,true,1,
724049695262,false,Girl Good אדפ לאשה 80 מל,,FR,גוד גירל לאישה,מיליליטרים,80.00,"100 מ""ל",false,0,306.80,383.50,true,1,
724049695323,false,"Sauvage אדט לגבר 100 מ""ל",,FR,סובאג' לגבר,מיליליטרים,100.00,"100 מ""ל",false,0,383.70,383.70,true,1,
724049695422,false,לאו דאיסי אדט גבר 125מל,,FR,לאו דאיסי מיאקי,מיליליטרים,125.00,"100 מ""ל",false,0,170.00,136.00,true,1,
724049695439,false,לאו דאיסי אדט אשה100מל,,FR,לאו דאיסי מיאקי,מיליליטרים,100.00,"100 מ""ל",false,0,187.10,187.10,true,1,
724049695538,false,ברברי לונדון אשה אדפ100מ,,FR,ברברי לונדון אשה,מיליליטרים,100.00,"100 מ""ל",false,0,170.00,170.00,true,1,
724049695569,false,נוט פרפיום אשה אדפ 100מל,,FR,נוט אפרפיום לאשה,מיליליטרים,100.00,"100 מ""ל",false,0,306.80,306.80,true,1,
724049695576,false,ארמני קוד לגבר אדט 125מל,,FR,ארמני קוד לגבר,מיליליטרים,125.00,"100 מ""ל",false,0,311.90,249.52,true,1,
724049695590,false,קוד פרופומו גבר אדפ110מל,,FR,קוד פרופומו לגבר,מיליליטרים,110.00,"100 מ""ל",false,0,375.20,341.09,true,1,
724049695644,false,ג'ימי אינטנס גבר אדט100מ,,FR,ג'ימי אינטנס גבר,מיליליטרים,100.00,"100 מ""ל",false,0,161.50,161.50,true,1,
724049695651,false,D'Hermes Terre אדט ג100מ,,FR,הרמס 100 גבר,מיליליטרים,100.00,"100 מ""ל",false,0,315.30,315.30,true,1,
724049695873,false,פרדיסו אדפ אשה 75 מל,,FR,פרדיסו 75 אשה,מיליליטרים,75.00,"100 מ""ל",false,0,152.90,203.87,true,1,
724049695910,false,"דה וואן אדפ לגבר 100מ""ל",,IL,דה וואן אדפ לגבר,מיליליטרים,100.00,"100 מ""ל",false,1,212.80,212.80,true,1,
724049695965,false,נרסיסו פודרה אדפ אישה150,,IL,פור פאם קלאסי אד,מיליליטרים,150.00,"100 מ""ל",false,1,341.00,227.33,true,1,
724049696023,false,"אינטנס אדפ לאישה 100 מ""ל",,IL,סאפיל - אינטנס א,מיליליטרים,100.00,"100 מ""ל",false,1,41.80,41.80,true,1,
724049696054,false,סאפיל - באונד אדפ לאישה,,FR,סאפיל - באונד אד,מיליליטרים,100.00,"100 מ""ל",false,1,41.80,41.80,true,1,
724049696061,false,"סובאג' אדפ לגבר 100מ""ל",,IL,סובאג' אדפ לגבר,מיליליטרים,100.00,"100 מ""ל",false,1,494.80,494.80,true,1,
724049696085,false,קול ווטר אדט לגב,,,קול ווטר אדט לגב,יחידה,1.00,יחידה,false,0,84.60,84.60,true,1,
724049696092,false,קול ווטר אדט איש,,,קול ווטר אדט איש,יחידה,1.00,יחידה,false,0,84.60,84.60,true,1,
724049696160,false,"אמבלם אדט לגבר 100 מ""ל",,,אמבלם אדט לגבר,יחידה,1.00,יחידה,false,0,127.30,127.30,true,1,
724049696207,false,לונה רוסה ספורט,,,לונה רוסה ספורט,יחידה,1.00,יחידה,false,0,247.00,247.00,true,1,
724049696375,false,Edition Gold אדפ יוניס,,AE,Edition Gold אד,מיליליטרים,200.00,"100 מ""ל",false,1,264.10,132.05,true,1,
724049696382,false,"Edition Gold אדפ 100מ""ל",,AE,Edition Gold אד,מיליליטרים,100.00,"100 מ""ל",false,1,187.10,187.10,true,1,
724049696405,false,rave Sapil אדט לגבר100מל,,AE,rave Sapil אדט ל,מיליליטרים,100.00,"100 מ""ל",false,1,42.60,42.60,true,1,
724049696443,false,Eilish Billieאדפ יוניסקס,,US,Eilish Billieאדפ,מיליליטרים,100.00,"100 מ""ל",false,1,187.10,187.10,true,1,
724049696658,false,"קריד אוונטוס אדפ 75 מ""ל",,FR,קריד אוונטוס אדפ,מיליליטרים,75.00,"100 מ""ל",false,1,1102.50,1470.00,true,1,
724049696665,false,Aventus Creed אדפ ג100מל,,FR,Aventus Creed,מיליליטרים,100.00,"100 מ""ל",false,1,1281.20,1281.20,true,1,
724049696740,false,רוז ראש פרגרנס מיסט 236מ,,US,רוז ראש פרגרנס,מיליליטרים,236.00,"100 מ""ל",false,0,41.80,17.71,true,1,
724353783822,false,"תמר מג'הול מדיום 1 ק""ג בד""ץ מהדרין.",פרי וירק טמרה ושותפי,IL,"תמר מג'הול 1 ק""ג",קילוגרמים,1.00,"ק""ג",false,0,21.90,21.90,true,1,
728229123590,false,טרה אורגינל חטיף על בסיס ירקות שורש בטעם טבעי 110 גרם,הונדורס צ'יפס יצור א,HN,צ'יפס,גרמים,110.00,100 גרם,false,0,13.50,12.27,true,1,
728229123613,false,טרה חטיף על בסיס תפוח אדמה כחול בטעם טבעי 110 גרם,היין סלסטיאל גרופ,US,"צ'יפס תפו""א",גרמים,110.00,100 גרם,false,0,13.50,12.27,true,1,
728229123811,false,טרה חטיף על בסיס ירקות שורש בתיבול ים תיכוני 110 גרם,הונדורס צ'יפס יצור א,HN,צ'יפס מתובל,גרמים,110.00,100 גרם,false,0,13.50,12.27,true,1,
728229124764,false,טרה חטיף על בסיס בטטה עם מלח ים 110 גרם,היין פיוצ'ור נטורל פ,IN,חטיף טרה צ'יפס,גרמים,110.00,100 גרם,false,1,13.50,12.27,true,1,
728229124771,false,טרה חטיף על בסיס בטטה בטעם ברביקיו 110 גרם,היין פיוצ'ור נטורל פ,IN,ציפס טרה בטטה,גרמים,110.00,100 גרם,false,1,13.50,12.27,true,1,
728229130154,false,טרה חטיף על בסיס בטטה וסלק בטעם טבעי 110 גרם,הונדורס צ'יפס יצור א,HN,צ'יפס בטטה סלק,גרמים,110.00,100 גרם,false,0,13.50,12.27,true,1,
732494000500,false,קרטורס חטיף פופקורן קרמל 227 גרם,איגל פודס ווקיגאן מפ,US,חטיף פופקורן,גרמים,227.00,100 גרם,false,1,22.10,9.74,true,1,
732494000524,false,קרטורס פופקורן שיקגו קרמל 213 גרם,איגל פודס ווקיגאן מפ,US,חטיף פופקורן,גרמים,213.00,100 גרם,false,1,22.10,10.38,true,1,
733353400554,false,"יין רוזה פחית 250 מ""ל",,IT,יין רוזה פחית,מיליליטרים,250.00,"100 מ""ל",false,1,15.20,6.08,true,1,
737547486201,false,נקניקיות מרגז טבעוני הקצב הירוק 350 גרם,,IL,מרגז הקצב,גרמים,350.00,100 גרם,false,1,31.50,9.00,true,1,
737547486232,false,טחון טבעוני הקצב הירוק 400 גרם,,IL,טחון הקצב,גרמים,400.00,100 גרם,false,1,27.20,6.80,true,1,
737547486249,false,נקניקיות צוריסוס טבעוני הקצב הירוק 350 ג,,IL,צ''וריסוס הקצב,גרמים,350.00,100 גרם,false,1,31.50,9.00,true,1,
768404001640,false,"גלידה בן&ג'ריס קפה משפחתית 500מ""ל",מוצרי איכות אמריקאיים בע,IL,גלידת בן & ג'ריס,מיליליטרים,500.00,"100 מ""ל",false,0,17.00,3.40,true,1,
769904000997,false,שקדי מרק ללא גלוטן200גרם,משובח תעשיות מזון,IL,"שקדי מרק לל""ג",גרמים,200.00,100 גרם,false,0,13.50,6.75,true,1,
786150000281,false,"שישייה בירה לף בראון בקבוק 330X6 מ""ל","אינבב, ברוורייפליין",BE,בירה לף בראון6יח,ליטרים,1.98,ליטר,false,1,38.60,19.50,true,1,
801541070435,false,טולסי ירוק קלאסי 25שק,אורגניק אינדיה,IN,חליטת טולסי,גרמים,47.00,100 גרם,false,1,14.40,30.64,true,1,
801541500086,false,טולסי לימון+ג'ינג'ר25,אורגניק אינדיה,IN,חליטת טולסי,גרמים,50.00,100 גרם,false,0,14.40,28.80,true,1,
801541508402,false,טולסי דבש קמומיל 25 ש,אורגניק אינדיה,IN,חליטת טולסי,גרמים,42.00,100 גרם,false,1,14.40,34.29,true,1,
801541514243,false,חליטת טולסי יסמי 1.7*25ג,אורגניק אינדיה,IN,חליטת יסמין,יחידה,1.00,יחידה,false,1,14.40,14.40,true,1,
801541514274,false,תה טולסי קינמון ורדים25ש,אורגניק אינדיה,IN,תה טולסי 25 שק.,יחידה,1.00,יחידה,false,1,14.40,14.40,true,1,
801541514991,false,חליטת טולסי נענע 25שק,אורגניק אינדיה,IN,חל טולסי 25 שק.,יחידה,1.00,יחידה,false,1,14.40,14.40,true,1,
818570007066,false,"פיור וניל טהור 29 מ""ל ""ווטקינס""","ג'יי אר ווטקינס בע""מ",US,תמצית וניל טהור,מיליליטרים,29.00,"100 מ""ל",false,1,27.20,93.79,true,1,
833949000264,false,"סירופ מייפל אמיתי 100% אורגני 250 מ""ל",דיקסר קוויבק,CA,סירופ מייפל,מיליליטרים,250.00,"100 מ""ל",false,0,25.50,10.20,true,1,
833949000295,false,סירופ מייפל אמיתי 100% אורגני 1 ליטר,דיקסר,CA,סירופ מייפל אמית,ליטרים,1.00,ליטר,false,1,101.70,101.70,true,1,
835811000396,false,נייר אפיה לתבנית מוארכת - מארז 30 ניירות,יבוא ושיווק: הנמל אריזות,IL,נייר אפיה לתבנית,יחידה,1.00,יחידה,false,1,9.30,9.30,true,1,
835811002277,false,"שיפודים עבים מבמבוק 35 ס""מ 50 יח",גרנג יוניברס,CN,שיפודי במבוק,יחידה,1.00,יחידה,false,1,7.60,7.60,true,1,
835811007494,false,גלטין טהור מדגים 2 יח` 14 X גר`,גואנגדונג מיניאנג,TW,ג'לטין טהור,גרמים,28.00,100 גרם,false,0,8.30,29.64,true,1,
839762000658,false,איילנד גויאבה המשקה של חופי סיני 1 ליטר,The Egyptian Co. for,EG,נקטר איילנד,ליטרים,1.00,ליטר,false,0,9.80,9.80,true,1,
842515006722,false,משמשים מיובשים בשמש אורגני - 250 גרם,קיי.אפ.סי,TR,משמשים מיובשים,גרמים,250.00,100 גרם,false,1,24.70,9.88,true,1,
842515010125,false,משמשים מיובשים בשמש אורגני - 250 גרם,קיי.אפ.סי,TR,תאנים מיובשות,גרמים,250.00,100 גרם,false,1,24.70,9.88,true,1,
842515020155,false,צימוקים סולטנה מיובשים בשמש אורגני 250 ג,קיי.אפ.סי,TR,צימוקים סולטנה,גרמים,250.00,100 גרם,false,1,22.90,9.16,true,1,
850004207789,false,בשר מיטבולס 290 ג' ביונד מיט,תאי פרזידנט פוד פאבל,US,מיטבולס ביונד מי,גרמים,290.00,100 גרם,false,1,33.20,11.45,true,1,
851621000050,false,בירה חיטה בטעם הדרים 1664 בלאנק - שישייה,קרלסברג ספליי קומפאני פו,PL,בירה בלאנק 6 יח,ליטרים,1.98,ליטר,false,1,34.30,17.33,true,1,
852629004774,false,רביעיית נקניקיות ביונד מיט 400 גרם,סווג ריבר ביונד מיט ארהב,US,רביעיית נקניקיות,גרמים,400.00,100 גרם,false,1,30.60,7.65,true,1,
854571007070,false,חט.קינואה שוקולד+אוכמנ57,אנדרקובר שוקולד,US,חטיף קינואה,גרמים,57.00,100 גרם,false,1,12.70,22.28,true,1,
855074007086,false,פלפלון ביס בשקית יחידה,קטיף.,IL,פלפלון ביס בשקית,גרמים,200.00,100 גרם,false,1,7.90,3.95,true,1,
855694004380,false,לינגוויני מלבבות דקל340ג,,EC,לינגוויני לב.דקל,גרמים,340.00,100 גרם,false,1,17.80,5.24,true,1,
855694004410,false,פסטה מלבבות דקל 340 גרם,,EC,פסטה מלבבות דקל,גרמים,340.00,100 גרם,false,1,17.80,5.24,true,1,
855694004472,false,לזניה מלבבות דקל 338 גרם,,EC,לזניה מלבבות דקל,גרמים,338.00,100 גרם,false,1,17.80,5.27,true,1,
856591000055,false,עוגיות מזרחיות קריספי שרוף במיוחד,מאפיית יוסף ושמחה עבאדי,IL,עוגיות מזרחיות,גרמים,400.00,100 גרם,false,1,16.10,4.03,true,1,
856591000062,false,עוגיות מזרחיות עם מלח עבאדי 400 גרם,מאפיית יוסף ושמחה עבאדי,IL,עוגיות מזרחיות,גרמים,400.00,100 גרם,false,0,16.10,4.03,true,1,
856591000109,false,עוגיות מזרחיות פריך במיוחד עבאדי 400 גרם,מאפיית יוסף ושמחה עבאדי,IL,עוגיות מזרחיות,גרמים,400.00,100 גרם,false,0,16.10,4.03,true,1,
856591000512,false,עוגיות מזרחיות מקלונים עם שומשום עבאדי 400 גרם,מאפיית יוסף ושמחה עבאדי,IL,עוגיות מזרחיות,גרמים,400.00,100 גרם,false,0,16.10,4.03,true,1,
859547004084,false,ספוג ניקוי לימון פרש סקראב דדי,סקראב דאבי,VN,סקראב דאדי לימון,יחידה,1.00,יחידה,false,1,15.30,15.30,true,1,
859547004329,false,ספוג ניקוי צבעוני סקראב דדי Scrub Daddy,סקארקיסט,VN,ספוג ניקוי,יחידה,1.00,יחידה,false,1,15.30,15.30,true,1,
859547004466,false,קירצוף וספוג ניקוי SCRUB DADDY,סקראב דאבי,VN,סקראב מאמי ספוג,יחידה,1.00,יחידה,false,1,15.30,15.30,true,1,
859605002052,false,חטיף צקי מאנקי עם בננה אורגני 60 גרם,השדה מוצרים טבעיים ו,IL,צ'יקי מאנקי בננה,גרמים,60.00,100 גרם,false,1,5.90,9.83,true,1,
884912002372,false,דגני בוקר גרייט גריינס פוסט453 גרם,פוסט ארצות הברית,US,גרייט גריינס,גרמים,368.00,100 גרם,false,0,22.10,6.01,true,1,
884912102102,false,דגני בוקר פוסט סלקט אוכמניות 382 גר,הנסיך- מפעל לייצור ט,US,גרייט גריינס,גרמים,382.00,100 גרם,false,1,22.10,5.79,true,1,
884912117625,false,דגני שלווה מצופים בדבש Golden Crisp,הנסיך- מפעל לייצור ט,US,פוסט גולדן קריספ,גרמים,418.00,100 גרם,false,1,19.30,4.62,true,1,
884912129512,false,דגני בוקר קוקו פוסט פלינסטונס 311 גרם,פוסט לקיוויל,US,דגני קוקו פבלס,גרמים,311.00,100 גרם,false,1,18.70,6.01,true,1,
884912342737,false,דגני בוקר קריספי וופל פוסט 326 גרם.,הנסיך- מפעל לייצור ט,US,דגני וופל קריספ,גרמים,326.00,100 גרם,false,1,19.30,5.92,true,1,
884912359155,false,דגני בוקר האני באנצ'ס האני רוסטד פוסט 340 גרם,פוסט ארצות הברית,US,האני באנצס רוסטד,גרמים,340.00,100 גרם,false,1,19.50,5.74,true,1,
884912359162,false,האני באנצ' דגני בוקר עם שקדים פוסט 411 גרם,פוסט ארצות הברית,US,דגני הני בנצ'ס,גרמים,340.00,100 גרם,false,1,19.50,5.74,true,1,
884912359414,false,דגני בוקר האני באנצס קינמון 340 ג' POST,פוסט ארצות הברית,US,האני באנצס,גרמים,340.00,100 גרם,false,1,19.50,5.74,true,1,
884912359421,false,דגני בוקר האני באנצ'ס מייפל ופקאן פוסט 340 גרם,פוסט ארצות הברית,US,האני באנצס פקאן,גרמים,340.00,100 גרם,false,1,19.50,5.74,true,1,
884912359483,false,דגני בוקר האני באנצ'ס תות פוסט 311 גרם,פוסט ארצות הברית,US,דגני האני בנצ'ס,גרמים,312.00,100 גרם,false,1,19.50,6.25,true,1,
884912365200,false,דגני בוקר אוראו שחור ולבן 311 גרם,פוסט ארצות הברית,US,דגני בוקר אוראו,גרמים,311.00,100 גרם,false,1,20.40,6.56,true,1,
898193001252,false,בונומלי - חליטת קמומיל 28 גרם,הייר ליבינג,IT,חליטת קמומיל,גרמים,28.00,100 גרם,false,0,13.30,47.50,true,1,
960860015432,false,"עוגיות קלות ללת""ס קמח מלא 200 גר",מצות אביב 2014 מאפה בעמ,IL,"עוגיות ללת""ס",גרמים,200.00,100 גרם,false,0,12.20,6.10,true,1,
1230000116022,false,המבורגר ביונד מיט מארז זוגות 226ג,ביונד מיט קליפורניה ארהב,US,המבורגר ביונד מי,גרמים,226.00,100 גרם,false,1,29.80,13.19,true,1,
3010470155299,false,פריסקיז Friskies פטה בקר וירקות,ניו פטפוד איטליה,IT,פריסקיז פטה בקר,גרמים,400.00,100 גרם,false,1,8.40,2.10,true,1,
3010470158221,false,פריסקיז פ.עוף וירקות400ג,ניו פטפוד איטליה,IT,פריסקיז פטה עוף,גרמים,400.00,100 גרם,false,1,8.40,2.10,true,1,
3014260022730,false,מב.שיניים אדוונטג 40 מדיום אורל בי זוג,דיפלומט מפיצים 1968 בעמ,IE,זוג מברשות,יחידה,1.00,יחידה,false,0,16.10,16.10,true,1,
3014260228842,false,"קצף גילוח ג'ילט לעור רגיל 200 מ""ל",דיפלומט מפיצים (1968) בעמ,GB,קצף גילוח ג'ילט,מיליליטרים,200.00,"100 מ""ל",false,0,12.70,6.35,true,1,
3014260240226,false,"קצף גילוח ג'ילט לעור רגיש 200 מ""ל",דיפלומט מפיצים (1986) בע`מ,GB,קצף גילוח ג'ילט,מיליליטרים,200.00,"100 מ""ל",false,0,12.70,6.35,true,1,
3014260280772,false,אורל בי חוט דנטלי שעוה מנטה,דיפלומט מפיצים (1968) בעמ,IE,חוט דנטלי אורלB-,מטרים,50.00,מטר,false,0,11.00,0.22,true,1,
3014260289287,false,סכין גילוח גילט בלו 2 לנשים-חמישייה,דיפלומט מפיצים (1968) בעמ,RU,סכיני גילוח,יחידה,1.00,יחידה,false,0,13.50,13.50,true,1,
3014260836665,false,אורל בי פרו אקספרט להגנה מקיפה 35 רך זוג,פרוקטר אנד גמבל,ES,מברשת אורל בי,יחידה,1.00,יחידה,false,1,29.80,29.80,true,1,
3035542004206,false,ליקר תפוזים קואנטרו700מל,רמי קואנטרו,FR,ליקר קואנטרו,מיליליטרים,700.00,"100 מ""ל",false,1,111.00,15.86,true,1,
3045206360609,false,"דזיטול נוזל מחטא בגדים בכביסה, 1 ליטר","יעקב יעקבי ובניו בע""מ",ES,מחטא בגדים בכביס,ליטרים,1.00,ליטר,false,1,20.40,20.40,true,1,
3046920010801,false,שוקולד מריר אקסלנס עם אגוזי לוז,לינדט ושפרונגלי קילשברג,FR,שוקולד אקסלנס,גרמים,100.00,100 גרם,false,1,12.70,12.70,true,1,
3046920028004,false,לינדט שוקולד אקסלנס מריר 70% 100 גר,לינדט ושפרונגלי קילשברג,FR,שוקולד אקסלנס,גרמים,100.00,100 גרם,false,0,12.70,12.70,true,1,
3046920028363,false,לינדט אקסלנס 85% מוצקי קקאו 100 גרם,לינדט ושפרונגלי קילשברג,FR,שוקולד לינדט 85%,גרמים,100.00,100 גרם,false,0,12.70,12.70,true,1,
3046920028721,false,לינדט אקסלנס סטרוברי 100גר`,לינדט ושפרונגלי קילשברג,FR,שוקולד אקסלנס,גרמים,50.00,100 גרם,false,1,12.70,25.40,true,1,
3046920028752,false,שוקולד לינדט אקסלנס מינט 100 גרם,לינדט ושפרונגלי קילשברג,FR,שוקולד לינדט,גרמים,100.00,100 גרם,false,0,12.70,12.70,true,1,
3046920029674,false,אקסלנס עם שבבי מלח לינדט (100 גרם),לינדט ושפרונגלי קילשברג,DE,שוקולד לינדט,גרמים,100.00,100 גרם,false,0,12.70,12.70,true,1,
3046920029681,false,לינדט שוקולד אקסלנס מילד 85% קקאו 100 גר,משה סידס ובנו בעמ,DE,שוקולד אקסלנס,גרמים,100.00,100 גרם,false,1,12.70,12.70,true,1,
3046920029759,false,אקסלנס שוקולד מריר 90% לינדט (100 גרם),לינדט ושפרונגלי קילשברג,DE,שוקולד אקסלנס,גרמים,100.00,100 גרם,false,1,12.70,12.70,true,1,
3059940007768,false,"מבשם אוויר אירוויק ספריי וניל אורכידאה 240 מ""ל",רקיט בנקיזר (ניר איסט) בעמ,GB,אירויק ספריי,מיליליטרים,240.00,"100 מ""ל",false,0,8.50,3.54,true,1,
3059943015104,false,"אירוויק מבשם אויר נטול גז בניחוח פריסיה ויסמין 345 מ""ל",רקיט בנקיזר (ניר איסט) בעמ,PL,אירוויק מבשם,מיליליטרים,345.00,"100 מ""ל",false,0,12.70,3.68,true,1,
3059943015128,false,מבשם אוויר נטול גז אקווה מיסט בניחוח לבנדר פראי ואוויר הרים,רקיט בנקיזר (ניר איסט) בעמ,PL,אירוויק מבשם,מיליליטרים,345.00,"100 מ""ל",false,0,12.70,3.68,true,1,
3059943016507,false,"אירוויק ספריי בניחוח לבנדר וקמומיל 240 מ""ל",רקיט בנקיזר (ניר איסט) בעמ,GB,אירויק ספריי,מיליליטרים,240.00,"100 מ""ל",false,0,8.50,3.54,true,1,
3059943016569,false,"מבשם אוויר אירוויק ספריי פרסיה ויסמין 240 מ""ל",רקיט בנקיזר (ניר איסט) בעמ,GB,אירויק ספריי,מיליליטרים,240.00,"100 מ""ל",false,0,8.50,3.54,true,1,
3059944021197,false,"ויט קרם להסרת שיער לעור רגיש (אריזת חיסכון) 400 מ""ל",רקיט בנקיזר (ניר איסט) בעמ,FR,מסיר שיער ויט,מיליליטרים,400.00,"100 מ""ל",false,0,34.10,8.53,true,1,
3068320014067,false,אוויאן מים מינרליים ספורט 750 מל,קריניציה ויטמינה אס,FR,אויאן מים מינרלי,מיליליטרים,750.00,"100 מ""ל",false,0,9.30,1.24,true,1,
3068320017846,false,מים מינרלים אוויאן 1 ליטר,קריניציה ויטמינה אס,FR,אויאן מים,ליטרים,1.00,ליטר,false,0,10.20,10.20,true,1,
3068320055008,false,מים מינרלים אוויאן 500 מל,קריניציה ויטמינה אס,FR,מים מינרליים,מיליליטרים,500.00,"100 מ""ל",false,0,6.80,1.36,true,1,
3073781161663,false,גבינה מותכת 18.5% שומן לה וואש קירי,בני ג`ורג` שוקחה (חיפה) בעמ,FR,לה וואש קירי,גרמים,128.00,100 גרם,false,1,11.00,8.59,true,1,
3073781161687,false,גבינה לוואש קרי(מותכת) 16 יח 256 גר,בני ג`ורג` שוקחה (חיפה) בעמ,FR,לה וואש קירי,גרמים,256.00,100 גרם,false,1,20.40,7.97,true,1,
3073781161700,false,מותכת לה וואש קירי 32יח,בני ג ורג שוקחה (חיפה) בעמ,FR,לה וואש קירי,גרמים,480.00,100 גרם,false,1,33.20,6.92,true,1,
3073781162790,false,גבינה מותכת בייבי בל 120 גרם,א. סיימן סחר בעמ,FR,גבינת בייבי בל,גרמים,120.00,100 גרם,false,1,17.80,14.83,true,1,
3080216034508,false,"בירה Grimbergen Blonde בודד 330 מ""ל",גרימברגן Grimbergen,,גרימברגן בלונד,יחידה,1.00,יחידה,false,0,9.00,9.00,true,1,
3080216034645,false,"בירה גרינברגן אמברה בודד 330מ""ל",החברה המרכזית להפצת משקאות בעמ,,גרימברגן אמברה,יחידה,1.00,יחידה,false,0,9.00,9.00,true,1,
3083681142983,false,שעועית עדינה קפואה בונדואל 600 גר`,קפוא-זן תעשיות מזון בעמ - תפוג,PT,שעועית עדינה קפו,גרמים,600.00,100 גרם,false,1,18.70,3.12,true,1,
3083681143010,false,אפונת גן קפואה בונדואל 600 גר`,קפוא-זן תעשיות מזון בעמ - תפוג,PT,אפונת גן קפואה,גרמים,600.00,100 גרם,false,1,11.80,1.97,true,1,
3083681143041,false,גרעיני תירס קפואים בונדואל 600 גר`,קפוא-זן תעשיות מזון בעמ - תפוג,PT,גרעיני תירס קפוא,גרמים,600.00,100 גרם,false,1,12.70,2.12,true,1,
3120581456267,false,"שבלי מ.דה ליני לבן יבש 750 מ""ל",מ.דה ליני,FR,שאבלי די ליני,מיליליטרים,750.00,"100 מ""ל",false,1,81.10,10.81,true,1,
3141360054405,false,פיניש מפיץ ריח למדיח בניחוח לימון וליים,רקיט בנקיזר (ניר איסט) בעמ,HU,מפיץ ריח למדיח,יחידה,1.00,יחידה,false,1,12.70,12.70,true,1,
3147697720204,false,ויסקי בלנדד סקוטי לייבל,לייבל 5 Label,FR,וויסקי לייבל 5,מיליליטרים,700.00,"100 מ""ל",false,1,59.70,8.53,true,1,
3161911229199,false,חמאה צרפתית רכה למריחה אל & ויר 250 גרם,א. סיימן סחר בעמ,FR,חמאה רכה,גרמים,250.00,100 גרם,false,0,17.90,7.16,true,1,
3161911366429,false,חמאה צרפתית מלוחה רכה למריחה אלוויר 250 גר',א. סיימן סחר בעמ,FR,חמאה רכה מלוחה,גרמים,250.00,100 גרם,false,0,17.90,7.16,true,1,
3178530417340,false,בראוניז שוקולד סנט מישל 210 גרם,א. סיימן סחר בעמ,FR,בראוניז אישי 7יח,גרמים,210.00,100 גרם,false,1,11.80,5.62,true,1,
3178530417357,false,בראוניז שוקולד לבן סנט מישל 210 גרם,א. סיימן סחר בעמ,FR,בראוניז אישי 7יח,גרמים,210.00,100 גרם,false,1,11.80,5.62,true,1,
3179732348913,false,פרייה מים מינרליים טבעיים מבעבעים 1 ליטר פלסטיק,נסטלה ווטרס ספלאי,FR,פרייה מים מוגז,ליטרים,1.00,ליטר,false,1,8.50,8.50,true,1,
3228022910023,false,חמאה צרפתית פריזידאן פרזידנט (200 גרם),סוסייטה בארייר דה אי,FR,חמאה פרזידנט,גרמים,200.00,100 גרם,false,0,13.50,6.75,true,1,
3386460066181,false,מונבלאנק אמבלם ליידי א.75,מונבלאן,FR,EMBLEM Lady לאשה,מיליליטרים,75.00,"100 מ""ל",false,1,212.80,283.73,true,1,
3386460087940,false,NIGHT LEGEND א.ד.פ לגבר,רבלון בישום,IL,NIGHT LEGEND,מיליליטרים,100.00,"100 מ""ל",false,1,144.40,144.40,true,1,
3387390320244,false,פיטנס דגני בוקר מחיטה מלאה עם פירות נסטלה 375 גרם,קבוצת אוסם סחר שותפות מוגבלת,FR,דגני פיטנס,גרמים,375.00,100 גרם,false,0,17.00,4.53,true,1,
3387390525960,false,קראנץ' דגני בוקר עם שוקולד חלב נסטלה 500 גרם,קבוצת אוסם סחר שותפות מוגבלת,FR,קראנץ דגני בוקר,גרמים,500.00,100 גרם,false,0,19.50,3.90,true,1,
3387390730852,false,פיטנס דגנים מחיטה מלאה ואורז נסטלה 375 גרם,קבוצת אוסם סחר-שות.מוגבלת,FR,דגני פיטנס,גרמים,375.00,100 גרם,false,0,17.00,4.53,true,1,
3412242508027,false,נאוטיקה בלו אדט גבר100מל,סופטאץ בישום,IL,נאוטיקה בלו אדט,מיליליטרים,100.00,"100 מ""ל",false,0,67.50,67.50,true,1,
3412242610089,false,אדט אדידס אייס דייב100מ,דנשר,IL,א.ד.ט אדידס,מיליליטרים,100.00,"100 מ""ל",false,0,41.00,41.00,true,1,
3500610150500,false,שאטו הוט פורה - יין אדום יבש בורדו ( כשר ),,FR,שאטו מרלו,מיליליטרים,750.00,"100 מ""ל",false,1,59.70,7.96,true,1,
3500610150517,false,שאטו טימברליי בורדו750מל,שאטו בלוו,FR,שאטו בורדו,מיליליטרים,750.00,"100 מ""ל",false,1,68.30,9.11,true,1,
3501271140039,false,טופי חמוצ.ט.פטל קולה150ג,ורקה,FR,טופי חמוץ פטל,גרמים,150.00,100 גרם,false,1,12.70,8.47,true,1,
3501271213047,false,טאטס טופי חמוץ בטעם תות תפוח בשקית,ורקה,FR,טופי חמוץ תפוח,גרמים,150.00,100 גרם,false,1,12.70,8.47,true,1,
3501275590458,false,סוכריות חמוצות שרוך1802ג,ורקה,FR,סוכריות חמוצות,גרמים,180.00,100 גרם,false,1,12.70,7.06,true,1,
3501275590465,false,סוכריות חמוצות שטוחים180,ורקה,FR,סוכריות חמוצות,גרמים,180.00,100 גרם,false,1,12.70,7.06,true,1,
3523230025638,false,"גבינת עיזים בושה טבעי, 125 גרם",א. סיימן סחר בעמ,FR,גבינת בושה עיזים,גרמים,125.00,100 גרם,false,0,24.70,19.76,true,1,
3523230026826,false,"גבינת עיזים למריחה פירמידה, 140 גרם",א. סיימן סחר בעמ,FR,גבינת עיזים,גרמים,140.00,100 גרם,false,1,22.90,16.36,true,1,
3523230026888,false,"גבינת עיזים שום ועשבי תיבול למריחה פירמידה, 140 גרם",א. סיימן סחר בעמ,FR,גבינת עיזים שום,גרמים,140.00,100 גרם,false,1,22.90,16.36,true,1,
3563490014898,false,ריין דיז'ון חרדל דיז'ון 265 גרם,דיפלומט מפיצים (1968) בעמ**,FR,חרדל דיז'ון,גרמים,265.00,100 גרם,false,0,10.10,3.81,true,1,
3574660058857,false,גונסונס בייבי שמן 500 מל חדש,גונסון אנד גונסון,IT,שמן ג'ונסון,מיליליטרים,500.00,"100 מ""ל",false,1,25.50,5.10,true,1,
3574660089547,false,טמפונים נורמל קלאסי אובה 32 יחידות,ג'\ונסון אנד ג'\ונסון,GR,טמפוני או בה,יחידה,1.00,יחידה,false,0,20.40,20.40,true,1,
3574660333466,false,טמפונים מיני פרו קומפורט אובה 32 יחידות,הנסיך- מפעל לייצור ט,DE,טמפוני או-בה,יחידה,1.00,יחידה,false,0,21.20,21.20,true,1,
3574660342291,false,נטרוגינה ס.נורבגית קרם ידיים&ציפורניים75,ניוטרוג'ינה Neutrogena,GR,קרם ידיים,מיליליטרים,75.00,"100 מ""ל",false,0,21.20,28.27,true,1,
3574660464337,false,קרפרי מגה פק מגן תחתון אוורירי אלוורה 76,ג'\ונסון אנד ג'\ונסון,GR,מגן תחתון קרפרי,יחידה,1.00,יחידה,false,0,17.00,17.00,true,1,
3574660464368,false,קרפרי מגה פק מגן תחתון אוורירי מבושם 76,גונסון אנד גונסון,GR,מגן תחתון קרפרי,יחידה,1.00,יחידה,false,0,17.00,17.00,true,1,
3574660514643,false,נטרוגינה קרם לחות מרגיע לגוף ולפנים 300,ניוטרוג'ינה Neutrogena,FR,"קרם רב""ש",מיליליטרים,300.00,"100 מ""ל",false,0,22.90,7.63,true,1,
3574660708226,false,CLEAR VISIBLY קרם לחות,ג'ונסון,FR,CLEAR VISIBLY,מיליליטרים,50.00,"100 מ""ל",false,1,58.00,116.00,true,1,
3574661003924,false,שטיפת פה טוטאל קר בטעם מנטה צלול,ג'\ונסון אנד ג'\ונסון,IT,מי פה ליסטרין,מיליליטרים,500.00,"100 מ""ל",false,0,18.70,3.74,true,1,
3574661098937,false,נטרוגינה תחליב גוף-יבש סדרה נורווגית,ניוטרוג'ינה Neutrogena,FR,תחליב גוף,מיליליטרים,400.00,"100 מ""ל",false,1,22.90,5.73,true,1,
3574661114637,false,ליסטרין שטיפת פה קול מינט טעם מעודן 500,ג'\ונסון אנד ג'\ונסון,IT,מי פה ליסטרין,מיליליטרים,500.00,"100 מ""ל",false,1,15.20,3.04,true,1,
3574661293509,false,נטרוגינה היידרו תרחיץ גל לפנים 150 מל,שסטוביץ,FR,תרחיץ ג'ל פנים,מיליליטרים,150.00,"100 מ""ל",false,0,50.40,33.60,true,1,
3574661332543,false,ויזבל קליר תרחיץ+מסכה150,ג'ונסון,FR,תרחיץ+מסכה,מיליליטרים,150.00,"100 מ""ל",false,1,61.40,40.93,true,1,
3574661333564,false,נטרוגינה קליר& דיפנד תרחיץ יומי 200 מל,שסטוביץ,FR,תרחיץ יומי,מיליליטרים,200.00,"100 מ""ל",false,1,50.30,25.15,true,1,
3574661352275,false,"מי פה ליסטרין קידס 250 מ""ל פירות יער",ג'\ונסון אנד ג'\ונסון,IT,מי פה ליסטרין,מיליליטרים,250.00,"100 מ""ל",false,1,9.30,3.72,true,1,
3574661363998,false,"מי פה ליסטרין תה ירוק 500 מ""ל",ג'\ונסון אנד ג'\ונסון,IT,מי פה ליסטרין,מיליליטרים,500.00,"100 מ""ל",false,1,18.70,3.74,true,1,
3574661391373,false,הידרו בוסט תחליב קרם ג'ל גוף לעור רגיל עד יבש,ניוטרוג'ינה Neutrogena,GR,תחליב גוף הידרו,מיליליטרים,400.00,"100 מ""ל",false,1,35.80,8.95,true,1,
3574661401140,false,"שטיפת פה ליסטרין נייטלי ריסיט 400 מ""ל",שקד תבל בעמ,IT,מי פה ליסטרין,מיליליטרים,400.00,"100 מ""ל",false,1,15.20,3.80,true,1,
3574661419435,false,וניה תחבושות הגייניות מקסי לילה 12 יח,ש.שסטוביץ בעמ,BE,תחבושות וניה,יחידה,1.00,יחידה,false,1,20.90,20.90,true,1,
3574661425139,false,"גונסונס בייבי קרם החתלה 100 מ""ל חדש",ש. שסטוביץ בע`מ,IT,קרם החתלה,מיליליטרים,100.00,"100 מ""ל",false,1,12.70,12.70,true,1,
3574661425696,false,גונסונס בייבי תחליב לתינוק 500 מל,ג'ונסונס Johnson's,IT,ג'ונסון תחליב,מיליליטרים,500.00,"100 מ""ל",false,1,25.50,5.10,true,1,
3574661485201,false,טמפונים אובה סופר 32 יח' פרוקומפורט,ש.שסטוביץ בעמ,FR,או בה פרוקומפורט,יחידה,1.00,יחידה,false,1,21.20,21.20,true,1,
3574661485218,false,טמפונים נורמל אובה 32 יח' פרוקומפורט,"ש. שסטוביץ בע""\מ",GR,או בה פרוקומפורט,יחידה,1.00,יחידה,false,1,21.20,21.20,true,1,
3574661487328,false,קרפרי מגני תחתון אורגינל פלוס 56 יח',הדקלאים אגודת שיתופי,GR,מגני תחתון קרפרי,יחידה,1.00,יחידה,false,1,14.40,14.40,true,1,
3574661487625,false,מגני תחתון פלוס לארג' בניחוח עדין L,הדקלאים אגודת שיתופי,GR,מגן תחתון קרפרי,יחידה,1.00,יחידה,false,1,14.40,14.40,true,1,
3574661487632,false,מגני תחתון פלוס לארג' בניחוח עדין L,ג'\ונסון אנד ג'\ונסון,GR,קרפרי מגני תחתון,יחידה,1.00,יחידה,false,1,17.00,17.00,true,1,
3574661491806,false,מי פה אדבנס וויט מנטה מסירה כתמים קשים,ג'\ונסון אנד ג'\ונסון,IT,מי פה ליסטרין,מיליליטרים,500.00,"100 מ""ל",false,1,18.70,3.74,true,1,
3574661498492,false,"ניוטרוג'ינה - תרחיץ גרגירים הדרים ואלוורה 150מ""ל",שסטוביץ,FR,ויזבלי קליר,מיליליטרים,150.00,"100 מ""ל",false,1,55.50,37.00,true,1,
3574661500355,false,קרפרי מגן תחתון מקסי לונג רגיל 40 יח',ג'ויה מעבדות לקוסמטי,GR,מגני תחתון קרפרי,יחידה,1.00,יחידה,false,1,14.40,14.40,true,1,
3574661501901,false,שטיפה אינטימית יומיומית מכיל תה ירוק ואלוורה,קולגייט פלמוליב,IT,שטיפה אינטימית,מיליליטרים,200.00,"100 מ""ל",false,1,17.00,8.50,true,1,
3574661506272,false,קרפרי מגבונים אינטימיים אלוורה 20 יח,ג'\ונסון אנד ג'\ונסון,DE,מגבונים אינטימי,יחידה,1.00,יחידה,false,1,17.00,17.00,true,1,
3574661552576,false,קרפרי מגן תחתון רגיל טנגה לבן 56 יח חדש,הדקלאים אגודת שיתופי,GR,מגני תחתון קרפרי,יחידה,1.00,יחידה,false,1,14.40,14.40,true,1,
3574661552811,false,מגן תחתון קרפרי כותון אוורירי 56 יחידות,הדקלאים אגודת שיתופי,GR,מגן תחתון קרפרי,יחידה,1.00,יחידה,false,1,14.40,14.40,true,1,
3574661610344,false,נטרוגינה קרם לחות עשיר ומרוכז לעור יבש ע,גונסון אנד גונסון סנטה ב,FR,ניוטרוג'ינה קרם,מיליליטרים,300.00,"100 מ""ל",false,1,22.90,7.63,true,1,
3574661650029,false,ליסטרין שטיפת פה להגנה על החניכיים בטעם מעודן,ג'\ונסון אנד ג'\ונסון,IT,מי פה ליסטרין,מיליליטרים,500.00,"100 מ""ל",false,1,18.70,3.74,true,1,
3574669907682,false,גונסונס בייבי טלק 500 גרם חדש,גונסון אנד גונסון,IT,טלק ג'ונסון,גרמים,500.00,100 גרם,false,1,28.10,5.62,true,1,
3574669907729,false,גונסונס בייבי שמפו לתינוק 750 מל,גונסון אנד גונסון,IT,שמפו ג'ונסון,מיליליטרים,750.00,"100 מ""ל",false,1,12.70,1.70,true,1,
3574669907767,false,גונסונס בייבי שמפו קמומיל 750 מל חדש,ג'ונסונס בייבי,IT,ג'ונסון שמפו,מיליליטרים,750.00,"100 מ""ל",false,1,12.70,1.70,true,1,
3600520881799,false,לוריאל - מסקרה טלסקופיק שחור,לוריאל פריז L'OREAL PARIS,IT,TELESCOPIC מסקרה,יחידה,1.00,יחידה,false,0,54.60,54.60,true,1,
3600521094341,false,קסטינג קרם גלוס מס200',לוריאל פריז,BE,צבע שיער קסטינג,יחידה,1.00,יחידה,false,0,29.80,29.80,true,1,
3600521094365,false,קסטינג 300 חום כהה מאוד,לוריאל פריז,BE,צבע לשיער קסטינג,יחידה,1.00,יחידה,false,0,29.80,29.80,true,1,
3600521720219,false,קרם פנים לילה עם פעולה משולשת לכל סוגי העור,לוריאל ישראל קוסמטיקס בעמ,DE,קרם לילה,מיליליטרים,50.00,"100 מ""ל",false,0,42.60,85.20,true,1,
3600522107385,false,"לוריאל - דאודורנט לגבר מן אקספרט קרבון פרוטקט 150 מ""ל",לוריאל,FR,דאודורנט אקספרט,מיליליטרים,150.00,"100 מ""ל",false,1,12.70,8.47,true,1,
3600522150497,false,קסטינג קרם גלוס מס100',לוריאל פריז,BE,קסטינג קרם גלוס,יחידה,1.00,יחידה,false,0,29.80,29.80,true,1,
3600522236450,false,לוריאל - אקסלנס קרם 6.46 אדום בהיר נחושתי,לוריאל פריז,BE,אקסלנס6.46אדום,יחידה,1.00,יחידה,false,1,29.80,29.80,true,1,
3600522251750,false,לוריאל - דרמו רויטליפט לייזר עיניים,לוריאל,FR,קרם עיניים,מיליליטרים,15.00,"100 מ""ל",false,0,68.20,454.67,true,1,
3600522323303,false,לוריאל - דרמו אייג' פרפקט רנסנס לילה,"לוריאל פרודקשן דויטשלנד,",DE,PERFECT AGE קרם,מיליליטרים,50.00,"100 מ""ל",false,0,105.00,210.00,true,1,
3600522368250,false,לוריאל - אקסלנס קרם 6.7 חום בהיר שוקולד,ליברמו,BE,אקסלנס,יחידה,1.00,יחידה,false,1,29.80,29.80,true,1,
3600522373278,false,"לוריאל - דאודורנט לגבר מן אקספרט שרט פרוטקט 150 מ""ל",SOPROCOS,FR,דאודורנט אקספרט,מיליליטרים,150.00,"100 מ""ל",false,1,12.70,8.47,true,1,
3600522378051,false,לוריאל - אקסלנס קרם 6.32 חום בהיר זהוב מעודן,לוריאל ישראל קוסמטיקס בעמ,BE,צבע לשיער אקסלנס,יחידה,1.00,יחידה,false,1,29.80,29.80,true,1,
3600522550129,false,קרם אנטי-אייג'ינג יום אייג' ספשיאליסט +45,לוריאל ישראל קוסמטיקס בעמ,DE,קרם יום,מיליליטרים,50.00,"100 מ""ל",false,1,51.20,102.40,true,1,
3600522550167,false,קרם אנטי-אייג'ינג לילה אייג' ספשיאליסט +45,לוריאל ישראל קוסמטיקס בעמ,DE,קרם לילה,מיליליטרים,50.00,"100 מ""ל",false,1,51.20,102.40,true,1,
3600522550204,false,קרם אנטי-אייג'ינג יום אייג' ספשיאליסט +55,לוריאל ישראל קוסמטיקס בעמ,DE,קרם יום,מיליליטרים,50.00,"100 מ""ל",false,1,51.20,102.40,true,1,
3600522626060,false,"לוריאל - דאודורנט לגבר מן אקספרט טרמיק רזיסט 150 מ""ל",סופרוקוס,FR,דאו.מן אקספרט,מיליליטרים,150.00,"100 מ""ל",false,1,12.70,8.47,true,1,
3600522632436,false,קרם אנטי-אייג'ינג לילה אייג' ספשיאליסט +55,לוריאל ישראל קוסמטיקס בעמ,DE,קרם לילה,מיליליטרים,50.00,"100 מ""ל",false,1,51.20,102.40,true,1,
3600522825494,false,אקסלנס אינטנס מס8.34',ליברמו,BE,צבע לשיער אקסלנס,יחידה,1.00,יחידה,false,1,29.80,29.80,true,1,
3600522838586,false,לוריאל רויטליפט לייזר X3 קרם-מסכה לילה,KARLSRUHE GERMANY,DE,קרם מסכה לילה,מיליליטרים,50.00,"100 מ""ל",false,0,68.20,136.40,true,1,
3600523193134,false,ספריי לצביעה מג'יק בלונד,לוריאל ליברמו,BE,ספריי צבע לשיער,מיליליטרים,75.00,"100 מ""ל",false,1,25.50,34.00,true,1,
3600523193158,false,תרסיס לכיסוי שורשי השיער Magic Retouch חום,לוריאל ליברמו,BE,ספריי לצביעה שיע,מיליליטרים,75.00,"100 מ""ל",false,1,25.50,34.00,true,1,
3600523201303,false,לוריאל - דרמו רויטליפט פילר לילה,קרלסרו,DE,קרם לילה,מיליליטרים,50.00,"100 מ""ל",false,1,93.00,186.00,true,1,
3600523206834,false,רויטליפט פילר קרם יום אנטי אייג'ינג להשבת נפח,"קרלסרו, גרמניה",DE,קרם יום,מיליליטרים,50.00,"100 מ""ל",false,1,93.00,186.00,true,1,
3600523428663,false,לוריאל - דרמו רויטליפט לייזר יום,"קרלסרו, גרמניה",DE,REVITALIFT קרם,מיליליטרים,50.00,"100 מ""ל",false,1,68.20,136.40,true,1,
3600523450435,false,לוריאל סדרת פרחים גל רחצה לעור רגיש 150,קרלסרו,FR,ג'ל רחצה לפנים,מיליליטרים,150.00,"100 מ""ל",false,1,34.10,22.73,true,1,
3600523462360,false,"לוריאל - דאודורנט לגבר מן אקספרט סנסיטיס קונטרול 150 מ""ל",SOPROCOS,FR,דאו. מן אקספרט,מיליליטרים,150.00,"100 מ""ל",false,1,12.70,8.47,true,1,
3600523464548,false,לוריאל הידרה גינייס גל לחות לעור עדין,"לוריאל פרודקשן דויטשלנד,",DE,HG ג'ל לחות,מיליליטרים,70.00,"100 מ""ל",false,1,51.20,73.14,true,1,
3600523476619,false,לוריאל - דרמו פרחים ג'ל ניקוי כחול (החלפת ברקוד),סופרוריאל אולניי,FR,ג'ל ניקוי כחול,מיליליטרים,150.00,"100 מ""ל",false,1,34.10,22.73,true,1,
3600523587865,false,לוריאל - אלביב קרם לשיער דרים לונג 200,לוריאל - אלביב Elvive,DE,קרם לשיער אלביב,מיליליטרים,200.00,"100 מ""ל",false,1,25.50,12.75,true,1,
3600523642489,false,מסכת הזנה אינטנסיבית 6 שמנים לשיער יבש,לוריאל ישראל קוסמטיקס בעמ,DE,מסכה אלביב,מיליליטרים,300.00,"100 מ""ל",false,1,21.20,7.07,true,1,
3600523651870,false,שמפו לחיזוק סיב השערה לכל סוגי השיער,לוריאל ישראל קוסמטיקס בעמ,TR,אלביב שמפו,מיליליטרים,550.00,"100 מ""ל",false,1,14.40,2.62,true,1,
3600523651887,false,"לוריאל - אלביב שמפו טוטאל ריפר 550 מ""ל",לוריאל ישראל קוסמטיקס בעמ,TR,שמפו אלביב,מיליליטרים,550.00,"100 מ""ל",false,1,14.40,2.62,true,1,
3600523651900,false,מרכך לחיזוק סיב השערה לכל סוגי השיער,לוריאל ישראל קוסמטיקס בעמ,TR,אלביב מרכך,מיליליטרים,550.00,"100 מ""ל",false,1,14.40,2.62,true,1,
3600523652228,false,"לוריאל - אלביב מרכך טוטאל ריפר 550 מ""ל",לוריאל ישראל קוסמטיקס בעמ,TR,אלביב שמפו,מיליליטרים,550.00,"100 מ""ל",false,1,14.40,2.62,true,1,
3600523652242,false,"לוריאל - אלביב שמפו קולור פרוטקט 550 מ""ל",לוריאל ישראל קוסמטיקס בעמ,TR,אלביב שמפו,מיליליטרים,550.00,"100 מ""ל",false,1,14.40,2.62,true,1,
3600523652259,false,"לוריאל - אלביב מרכך קולור פרוטקט 550 מ""ל",לוריאל ישראל קוסמטיקס בעמ,TR,אלביב מרכך,מיליליטרים,550.00,"100 מ""ל",false,1,14.40,2.62,true,1,
3600523652280,false,"לוריאל אלביב שמפו מועשר ב 6 שמנים, 550 מ""ל",לוריאל ישראל קוסמטיקס בעמ,TR,אלביב שמפו,מיליליטרים,550.00,"100 מ""ל",false,1,14.40,2.62,true,1,
3600523652297,false,"מרכך לשיער אלביב זהב 6 שמנים , 550 מ""ל",לוריאל ישראל קוסמטיקס בעמ,TR,אלביב מרכך,מיליליטרים,550.00,"100 מ""ל",false,1,14.40,2.62,true,1,
3600523716524,false,לוריאל - דרמו רויטליפט קלאסי קרם אדום עברית,"קרלסרו, גרמניה",DE,קרם יום אדום,מיליליטרים,50.00,"100 מ""ל",false,1,81.10,162.20,true,1,
3600523782567,false,"לוריאל - אלביב שמפו דרים לונג 500 מ""ל",לוריאל ישראל קוסמטיקס בעמ,FR,אלביב שמפו,מיליליטרים,500.00,"100 מ""ל",false,1,14.40,2.88,true,1,
3600523782574,false,מסכה לשיער לוריאל אלביב דרים לונג 300 מל,לוריאל ישראל קוסמטיקס בעמ,DE,מסכה לשיער אלביב,מיליליטרים,300.00,"100 מ""ל",false,1,21.20,7.07,true,1,
3600523782581,false,מרכך מתיר קשרים לשיער ארוך ופגום Dream Long,לוריאל ישראל קוסמטיקס בעמ,FR,אלביב מרכך,מיליליטרים,500.00,"100 מ""ל",false,1,14.40,2.88,true,1,
3600523807031,false,קאסטינג קרם גלוס 4102,לוריאל פריז,BE,צבע לשיער קסטינג,יחידה,1.00,יחידה,false,1,29.80,29.80,true,1,
3600523816699,false,לוריאל - דרמו פעולה משולשת פרש ג'ל עברית,"קרלסרו, גרמניה",DE,קרם לחות,מיליליטרים,50.00,"100 מ""ל",false,1,42.60,85.20,true,1,
3600523823604,false,לוריאל - דרמו היאלורון אקספרט לילה,לוריאל פרודקשן דויטשלנד,DE,דרמו היאלורון אק,יחידה,1.00,יחידה,false,1,51.20,51.20,true,1,
3600523936700,false,לוריאל - דרמו משולשת נוטרישן לעור יבש עברית,"קרלסרו, גרמניה",DE,דרמו פעולה משולש,מיליליטרים,50.00,"100 מ""ל",false,1,42.60,85.20,true,1,
3600523936786,false,"לוריאל - אלביב שמן לשיער רגיל 100 מ""ל","אינטרביוטי קוסמטיקס, ישר",FR,שמן לטיפוח השיער,מיליליטרים,100.00,"100 מ""ל",false,1,32.30,32.30,true,1,
3600523965663,false,לוריאל רויטליפט פילר טונר מי פנים 200 מל,לוריאל,PL,רויטליפט פילר טו,מיליליטרים,200.00,"100 מ""ל",false,1,34.10,17.05,true,1,
3600523985326,false,לוריאל - דרמו רויטליפט לייזר יום SPF 20 עברי,לוריאל פריס,DE,קרם אנטי אייגינג,מיליליטרים,50.00,"100 מ""ל",false,1,68.20,136.40,true,1,
3600524012601,false,"לוריאל - סרום לפנים מידנייט 30 מ""ל",לוריאל,DE,סרום לילה דרמו ר,מיליליטרים,30.00,"100 מ""ל",false,1,111.00,370.00,true,1,
3600524013370,false,לוריאל אייג פרפקט רנסנס קרם יום SPF30,לוריאל,DE,דרמו רנסנס קרם,מיליליטרים,50.00,"100 מ""ל",false,1,94.00,188.00,true,1,
3600524013455,false,לוריאל אייג פרפקט רנסנס קרם לילה,לוריאל,DE,PERFECT AGE קרם,מיליליטרים,50.00,"100 מ""ל",false,1,94.00,188.00,true,1,
3600524019587,false,"לוריאל - רויטליפט טונר חומצה גליקולית 180 מ""ל",קוסמפול,PL,רויטליפט טונר לפ,מיליליטרים,180.00,"100 מ""ל",false,1,34.10,18.94,true,1,
3600524051570,false,לוריאל - אלביב מסכה היאלורונית 300 מ''ל,לוריאל ישראל קוסמטיקס בעמ,DE,אלביב מסכה,מיליליטרים,300.00,"100 מ""ל",false,1,21.20,7.07,true,1,
3600530695768,false,מייבלין - שפתון סופרסטיי 185,מייבלין Maybelline,FR,STAY150 SUPER,יחידה,1.00,יחידה,false,1,37.50,37.50,true,1,
3600530695782,false,מייבלין - שפתון סופרסטיי 195,מייבלין Maybelline,FR,STAY150 SUPER,יחידה,1.00,יחידה,false,1,37.50,37.50,true,1,
3600530695850,false,מייבלין - שפתון סופרסטיי 340,מייבלין Maybelline,FR,STAY340 SUPER,יחידה,1.00,יחידה,false,1,37.50,37.50,true,1,
3600530695973,false,מייבלין - שפתון סופרסטיי 640,מייבלין Maybelline,FR,STAY640 SUPER,יחידה,1.00,יחידה,false,1,37.50,37.50,true,1,
3600530733842,false,מייבלין - קונסילר ספוגית 01IAR,מייבלין Maybelline,IL,קונסילר אנטי איג,יחידה,1.00,יחידה,false,1,39.20,39.20,true,1,
3600530733859,false,מייבלין - קונסילר ספוגית 02IAR,,IL,קונסילר אנטי איג,יחידה,1.00,יחידה,false,1,39.20,39.20,true,1,
3600530733866,false,מייבלין - קונסילר ספוגית 03IAR,מייבלין Maybelline,IL,קונסילר אנטי איג,יחידה,1.00,יחידה,false,1,39.20,39.20,true,1,
3600531300357,false,מייבלין - שפתון סופרסטיי 725,לוריאל,FR,סופר סטיי 725,יחידה,1.00,יחידה,false,1,37.50,37.50,true,1,
3600531411114,false,מייבלין - שפתון ס.סטיי אינק 20,,IL,שפתון סופר סטיי,יחידה,1.00,יחידה,false,1,37.50,37.50,true,1,
3600531411176,false,מייבלין - שפתון ס.סטיי אינק 50,,IL,שפתון סופר סטיי,יחידה,1.00,יחידה,false,1,37.50,37.50,true,1,
3600531465230,false,מייבלין - קונסילר ספוגית 00IAR,מייבלין Maybelline,IL,קונסילר ספוג 00,יחידה,1.00,יחידה,false,1,39.20,39.20,true,1,
3600531465247,false,מייבלין - קונסילר ספוגית 07IAR,,IL,קונסילר 07,יחידה,1.00,יחידה,false,1,39.20,39.20,true,1,
3600531605681,false,מייבלין - שפתון ס.סטיי אינק 180,מייבלין,IL,שפתון מאט אינק,יחידה,1.00,יחידה,false,1,37.50,37.50,true,1,
3600531609757,false,מייבלין - שפתון ליפטר גלוס 07,,FR,שפתון ליפטר גלוס,יחידה,1.00,יחידה,false,1,34.10,34.10,true,1,
3600531609764,false,מייבלין - שפתון ליפטר גלוס 02,,FR,שפתון ליפטר גלוס,יחידה,1.00,יחידה,false,1,34.10,34.10,true,1,
3600531632496,false,מייבלין - מייקאפ סופרסטיי 30שעות 32,מייבלין,FR,מייק אפ סופרסטיי,מיליליטרים,30.00,"100 מ""ל",false,1,47.00,156.67,true,1,
3600541029323,false,מסיר איפור עמיד במים אסנשיאלס 2 ב-1,לוריאל ישראל קוסמטיקס בעמ,FR,ESSENTIALS מסיר,מיליליטרים,200.00,"100 מ""ל",false,0,21.10,10.55,true,1,
3600541253667,false,"גרנייה - דאודורנט ספריי לאישה אינביזיבל BWC (ורוד) 150 מ""ל",לוריאל ישראל קוסמטיקס בעמ,FR,דאו.גרנייה,מיליליטרים,150.00,"100 מ""ל",false,0,9.30,6.20,true,1,
3600541402270,false,"גרנייה - דאודורנט ספריי לאישה אינביזיבל BWC (ירוק) 150 מ""ל",לוריאל ישראל קוסמטיקס בעמ,FR,דאו.גרנייה,מיליליטרים,150.00,"100 מ""ל",false,0,9.30,6.20,true,1,
3600541928169,false,"גרנייה פיור פחם ג'ל ניקוי 150 מ""ל",לוריאל ישראל קוסמטיקס בעמ,DE,ג'יל ניקוי פיור,יחידה,1.00,יחידה,false,1,29.00,29.00,true,1,
3600541937475,false,גרניה פיור גרגרים מסיכה לעור מעורב עד שמן,לוריאל ישראל קוסמטיקס בעמ,FR,גרנייה פיור ניקו,מיליליטרים,150.00,"100 מ""ל",false,1,29.00,19.33,true,1,
3600541940574,false,"גרנייה מים מיסלרים 700 מ""ל",קוסמופול,PL,מים מיסלריים,מיליליטרים,700.00,"100 מ""ל",false,0,38.40,5.49,true,1,
3600541952720,false,ג'ל גרגירים עם פחם פעיל לטיפול בראשים שחורים,לוריאל ישראל קוסמטיקס בעמ,FR,PURE פחם ג'ל,מיליליטרים,150.00,"100 מ""ל",false,1,29.00,19.33,true,1,
3600541956223,false,"גרנייה פיור לניקוי וטיפול בסימנים ופגעי עם מברשת 150 מ""ל",לוריאל ישראל קוסמטיקס בעמ,DE,ג'ל ניקוי עמוק,מיליליטרים,150.00,"100 מ""ל",false,1,29.00,19.33,true,1,
3600542050579,false,גרניה בוטניקל מי פנים ורדים 200 מל,קוסמופול,PL,בוטניקל מי פנים,מיליליטרים,200.00,"100 מ""ל",false,1,21.30,10.65,true,1,
3600542052788,false,גרנייה בוטניקל חלב פנים ורדים 200 מל,קוסמופול,PL,חלב פנים ורדים,מיליליטרים,200.00,"100 מ""ל",false,1,21.30,10.65,true,1,
3600542097239,false,גרנייה - מסכת טישו פחם תה שחור,ביוטיקוס אינטרנשיונאל,CN,מסכת טישו פחם,יחידה,1.00,יחידה,false,1,12.70,12.70,true,1,
3600542154772,false,גרנייה מסכת טישו עיניים סקין אקטיב קוקוס,לוריאל,CN,טישו עיניים קוקו,יחידה,1.00,יחידה,false,1,11.00,11.00,true,1,
3600542154789,false,גרנייה מסכת טישו עיניים סקין אקטיב תפוז,לוריאל,CN,מסכת טישו לעיניי,יחידה,1.00,יחידה,false,1,11.00,11.00,true,1,
3600542216623,false,"גרנייה - דאודורנט רול און לאישה אקשן קונטרול רול 96 שעות 50 מ""ל",סופרוקוס,FR,דאודורנט גרנייה,מיליליטרים,50.00,"100 מ""ל",false,1,9.30,18.60,true,1,
3600542216647,false,"גרנייה - דאודורנט ספריי לאישה 96 שעות אקשן קונטר 150 מ""ל",לוריאל,FR,דאו.ספריי גרנייה,מיליליטרים,150.00,"100 מ""ל",false,1,9.30,6.20,true,1,
3600542232036,false,גרניה סקין נט אלו גל אלוורה ללחות 50 מל,לוריאל,DE,סקין נט אלו ג'ל,מיליליטרים,50.00,"100 מ""ל",false,1,38.30,76.60,true,1,
3600542281089,false,גרנייה - קולור נטורלס 9.1 בלונד בהיר מאוד אפרפר,לוריאל,FR,קולור נטורלס,יחידה,1.00,יחידה,false,1,15.20,15.20,true,1,
3600542326339,false,גרנייה מיסלר ורדים 400 מ,קוסמופול,PL,גרנייה מיסלר ורד,מיליליטרים,400.00,"100 מ""ל",false,1,29.90,7.48,true,1,
3600542365710,false,פיור ג`ל ניקוי עור הפנים,לוריאל ישראל קוסמטיקס בעמ,PL,PURE ג'ל ניקוי,מיליליטרים,200.00,"100 מ""ל",false,1,29.00,14.50,true,1,
3600542365758,false,גרניה בוטניקל מי פנים ענבים 200 מל,"קוסמופול, פולין",PL,מי פנים ענבים,מיליליטרים,200.00,"100 מ""ל",false,1,21.20,10.60,true,1,
3600542365796,false,בוטניקל ג`ל ניקוי ענבים 200 מל גרניה,לוריאל ישראל קוסמטיקס בעמ,PL,בוטניקל ג'ל ניקו,מיליליטרים,200.00,"100 מ""ל",false,1,21.20,10.60,true,1,
3600542366113,false,גרניה בוטניקל קרם לחות ענבים 50 מל,לוריאל ישראל קוסמטיקס בעמ,DE,סקין נטורל קרם ע,מיליליטרים,50.00,"100 מ""ל",false,1,34.10,68.20,true,1,
3600542367936,false,גרניה סקין נט מי פנים אלוורה 200 מל,לוריאל ישראל קוסמטיקס בעמ,PL,מי פנים אלוורה,יחידה,1.00,יחידה,false,0,21.30,21.30,true,1,
3600542368896,false,גרניה טישו מסק פיור אקטיב מסכת טישו לעור,לוריאל,CN,פיור אקטיב טישו,יחידה,1.00,יחידה,false,1,12.70,12.70,true,1,
3600542375801,false,קרם גרנייה פיוראקטיב 3ב1 פחם 150 מל,לוריאל ישראל קוסמטיקס בעמ,FR,פיור אקטיב 3 ב 1,מיליליטרים,150.00,"100 מ""ל",false,1,29.00,19.33,true,1,
3600542385091,false,"גרנייה - דאודורנט רול און לאישה אקשן קונטרול 72 שעות 50 מ""ל",לוריאל ישראל קוסמטיקס בעמ,PL,רול און גרנייה,מיליליטרים,50.00,"100 מ""ל",false,1,9.30,18.60,true,1,
3600542385220,false,"גרנייה - דאודורנט רול און לאישה פרוטקשן 6 פלורל (סגול) 50 מ""ל",לוריאל ישראל קוסמטיקס בעמ,FR,רול און גרנייה,מיליליטרים,50.00,"100 מ""ל",false,1,9.30,18.60,true,1,
3600542385251,false,"גרנייה - דאודורנט רול און לאישה פרוטקשן 6 כותנה (ורוד) 50 מ""ל",לוריאל ישראל קוסמטיקס בעמ,FR,רול און גרנייה,מיליליטרים,50.00,"100 מ""ל",false,1,9.30,18.60,true,1,
3600542385268,false,"גרנייה - דאודורנט רול און לאישה אינביזיבל BWC (ורוד) 50 מ""ל",לוריאל ישראל קוסמטיקס בעמ,PL,גרנייה רול און,מיליליטרים,50.00,"100 מ""ל",false,1,9.30,18.60,true,1,
3600542385275,false,"גרנייה - דאודורנט רול און לאישה פיור אקטיב 50 מ""ל",לוריאל ישראל קוסמטיקס בעמ,FR,רול און גרנייה,מיליליטרים,50.00,"100 מ""ל",false,1,9.30,18.60,true,1,
3600542385626,false,גרנייה - מסכת טישו עם אלוורה וחומצה הילאורונית,לוריאל,CN,גרנייה טישו ואלו,גרמים,32.00,100 גרם,false,1,12.70,39.69,true,1,
3600542397926,false,"גרנייה - דאודורנט ספריי לאישה פרוטקשן 6 כותנה (ורוד) 150 מ""ל",לוריאל ישראל קוסמטיקס בעמ,FR,ספריי גרניה,מיליליטרים,150.00,"100 מ""ל",false,1,9.30,6.20,true,1,
3600542398206,false,גרניה סקין נט תרחיץ אלוורה 200 מל,לוריאל ישראל קוסמטיקס בעמ,PL,תרחיץ אלוורה,יחידה,1.00,יחידה,false,0,21.30,21.30,true,1,
3600542416405,false,גרניה סקין נטורלס קרם לחות BB גוון מדיום,לוריאל,FR,BB מדיוםקרם לחות,מיליליטרים,50.00,"100 מ""ל",false,1,51.20,102.40,true,1,
3600542416436,false,גרניה סקין נטורלס קרם לחות BB גוון בהיר,לוריאל,FR,קרם לחות,מיליליטרים,50.00,"100 מ""ל",false,1,51.20,102.40,true,1,
3600542421638,false,"גרנייה - פרוקטיס היירפוד שמפו מקדמיה 350 מ""ל",לוריאל ישראל קוסמטיקס בעמ,IL,פרוקטיס היירפוד,מיליליטרים,350.00,"100 מ""ל",false,1,11.00,3.14,true,1,
3600542421645,false,"גרנייה - פרוקטיס היירפוד מרכך מקדמיה 350 מ""ל",לוריאל ישראל קוסמטיקס בעמ,IL,פרוקטיס היירפוד,מיליליטרים,350.00,"100 מ""ל",false,1,11.00,3.14,true,1,
3600542421676,false,"גרנייה - פרוקטיס היירפוד מרכך בננה 350 מ""ל",לוריאל ישראל קוסמטיקס בעמ,IL,פרוקטיס היירפוד,מיליליטרים,350.00,"100 מ""ל",false,1,11.00,3.14,true,1,
3600542421720,false,גרנייה פרוקטיס היפורד מסכה פפאיה 390 גר,"אינטרביוטי קוסמטיק בע""\מ",IL,פרוקטיס היירפוד,מיליליטרים,390.00,"100 מ""ל",false,1,25.50,6.54,true,1,
3600542421737,false,גרנייה פרוקטיס היפורד מסכה מקדמיה 390 גר,לוריאל ישראל קוסמטיקס בעמ,IL,פרוקטיס היירפוד,מיליליטרים,390.00,"100 מ""ל",false,1,25.50,6.54,true,1,
3600542431828,false,גרנייה - קולור נטורלס 1 שחור טבעי חדש,לוריאל ישראל קוסמטיקס בעמ,PL,קולור נטורלס 1,יחידה,1.00,יחידה,false,1,15.20,15.20,true,1,
3600542431842,false,גרנייה - קולור נטורלס 4 חום כהה טבעי חדש,לוריאל ישראל קוסמטיקס בעמ,PL,קולור נטורלס 4,יחידה,1.00,יחידה,false,1,15.20,15.20,true,1,
3600542431859,false,גרנייה - קולור נטורלס 5 חום טבעי חדש,לוריאל ישראל קוסמטיקס בעמ,PL,צבע שיער קולור,יחידה,1.00,יחידה,false,1,15.20,15.20,true,1,
3600542431866,false,גרנייה קולור נטורלס צבע לשיער חום בהיר 6,לוריאל ישראל קוסמטיקס בעמ,PL,קולור נטורלס 6,יחידה,1.00,יחידה,false,1,15.20,15.20,true,1,
3600542431927,false,גרנייה - קולור נטורלס 8.1 בלונד אפרפר בהיר חדש,לוריאל ישראל קוסמטיקס בעמ,PL,קולור נטורלס 8.1,יחידה,1.00,יחידה,false,1,15.20,15.20,true,1,
3600542431941,false,גרנייה - קולור נטורלס 5.3 חום זהוב חדש,לוריאל ישראל קוסמטיקס בעמ,PL,קולור נטורלס 5.3,יחידה,1.00,יחידה,false,1,15.20,15.20,true,1,
3600542431972,false,צבע לשיער קולור נטורלס - 111 בלונד אולטרה בהיר אפור,לוריאל ישראל קוסמטיקס בעמ,PL,קולור נטורלס 111,יחידה,1.00,יחידה,false,1,15.20,15.20,true,1,
3600542432009,false,גרנייה - קולור נטורלס 4.5 חום שוקולד כהה חדש,לוריאל ישראל קוסמטיקס בעמ,PL,קולור נטורלס 4.5,יחידה,1.00,יחידה,false,1,15.20,15.20,true,1,
3600542432023,false,גרנייה - קולור נטורלס 2 שחור מעודן חדש,לוריאל ישראל קוסמטיקס בעמ,PL,קולור נטורלס 2,יחידה,1.00,יחידה,false,1,15.20,15.20,true,1,
3600542432054,false,גרנייה - קולור נטורלס 9.1 בלונד בהיר מאוד א חדש,קוסמופול,PL,קולור נטורלס9.1,יחידה,1.00,יחידה,false,1,15.20,15.20,true,1,
3600542432061,false,גרנייה - קולור נטורלס 7.1 בלונד טבעי אפרפר חדש,קוסמופול,PL,קולור נטורלס 7.1,יחידה,1.00,יחידה,false,1,15.20,15.20,true,1,
3600542432085,false,גרנייה - קולור נטורלס 4.12 חום קרח חדש,לוריאל ישראל קוסמטיקס בע,PL,קולור נטורלס4.12,יחידה,1.00,יחידה,false,1,15.20,15.20,true,1,
3600542432962,false,"גרנייה - סרום לפנים אלוורה 30 מ""ל",לוריאל ישראל קוסמטיקס בעמ,DE,גרנייה סרום אלוו,מיליליטרים,30.00,"100 מ""ל",false,1,51.20,170.67,true,1,
3600542433266,false,גרנייה - סרום לפנים ויטמין C סקין אקטיב,לוריאל ישראל קוסמטיקס בעמ,DE,גרנייה סרום ויטמ,מיליליטרים,30.00,"100 מ""ל",false,1,51.20,170.67,true,1,
3600542503235,false,"גרנייה - פרוקטיס היירפוד מרכך חמאת קקאו 350 מ""ל","אינטרביוטי קוסמטיק בע""\מ",IT,מרכך פרוקטיס,מיליליטרים,350.00,"100 מ""ל",false,1,11.00,3.14,true,1,
3600542503242,false,"גרנייה - פרוקטיס היירפוד שמפו חמאת קקאו 350 מ""ל","אינטרביוטי קוסמטיק בע""\מ",IT,שמפו פרוקטיס,מיליליטרים,350.00,"100 מ""ל",false,1,11.00,3.14,true,1,
3607345265117,false,"אדידס - דאודורנט ספריי לגבר טים פורס 150 מ""ל",מיוצר עי קונדיטוריית,PL,ספריי גוף אדידס,מיליליטרים,150.00,"100 מ""ל",false,0,12.70,8.47,true,1,
3607348938230,false,נאוטיקה וויאגN8אדט ג100.,סופטאץ בישום,IL,נאוטיקה וויאג,מיליליטרים,100.00,"100 מ""ל",false,1,168.60,168.60,true,1,
3608580730248,false,קונפיטורה דובדובן 370 ג' בוני מאמן,ר.ב. מוצרי דגנים בעמ,FR,קונפיטורת דובדבן,גרמים,370.00,100 גרם,false,1,17.00,4.59,true,1,
3608580730255,false,קונפיטורה בטעם משמש 370 גר BONNE MAMAN,ר.ב. מוצרי דגנים בעמ,FR,קונפיטורת משמש,גרמים,370.00,100 גרם,false,1,17.00,4.59,true,1,
3614223736485,false,"אדידס דאודורנט ספריי לגבר אדיפיור 200מ""ל",דנשר (1963) בעמ,PT,דאו.אדידס,מיליליטרים,200.00,"100 מ""ל",false,1,13.50,6.75,true,1,
3614224051235,false,אדידס דאודורנט ספריי גברים אדיפוואר 200מל,דנשר (1963) בעמ,PT,דאו.אדידס,מיליליטרים,200.00,"100 מ""ל",false,1,13.50,6.75,true,1,
3614224056537,false,"דאו ספריי לנשים אדידס אדיפוואר 150 מ""ל",דנשר (1963) בעמ,PT,דאו.אדידס,מיליליטרים,150.00,"100 מ""ל",false,1,13.50,9.00,true,1,
3614226754301,false,"וולה מוס לנפח והגנה דלוקס 200 מ""ל",דיפלומט,FR,וולה מוס לנפח,מיליליטרים,200.00,"100 מ""ל",false,1,34.10,17.05,true,1,
3614226761538,false,תרסיס קולסטון רוט טאצ' אפ חום מהגוני,וולה Wella,DE,קולסטון ספריי,מיליליטרים,75.00,"100 מ""ל",false,1,28.10,37.47,true,1,
3614226761651,false,תרסיס קולסטון רוט טאצ' אפ בלונד בהיר - כהה,וולה Wella,DE,קולסטון ספריי,מיליליטרים,75.00,"100 מ""ל",false,1,28.10,37.47,true,1,
3614228865784,false,סופט קולור 70 בלונד טבעי,"HFC פרסטיג,'\ שטיינברג,",DE,וולה סופט קולור,יחידה,1.00,יחידה,false,1,22.90,22.90,true,1,
3614228865791,false,סופט קולור 67 חום שוקולד,"HFC פרסטיג,'\ שטיינברג,",DE,וולה סופט קולור,יחידה,1.00,יחידה,false,1,22.90,22.90,true,1,
3614228865807,false,סופט קולור 63 קרמל זהוב,"HFC פרסטיג,'\ שטיינברג,",DE,וולה סופט קולור,יחידה,1.00,יחידה,false,1,22.90,22.90,true,1,
3614228865869,false,סופט קולור 30 חום כהה,"HFC פרסטיג,'\ שטיינברג,",DE,וולה סופט קולור,יחידה,1.00,יחידה,false,1,22.90,22.90,true,1,
3614228865883,false,וולה סופט קולור 2/0 שחור,"HFC פרסטיג,'\ שטיינברג,",DE,וולה קולור,יחידה,1.00,יחידה,false,1,22.90,22.90,true,1,
3614229717051,false,"וולה שמן לשיער וולה דלוקס 100 מ""ל",דיפלומט,FR,וולה שמן לשיער,מיליליטרים,100.00,"100 מ""ל",false,1,34.10,34.10,true,1,
3614229717082,false,וולה מוס לשיער וולה דלוקס למגע חלק כמשי 200 מ,אינטרספריי,FR,וולה מוס מגע משי,מיליליטרים,200.00,"100 מ""ל",false,1,34.10,17.05,true,1,
3614229717105,false,וולה ספריי לחות וולה דלוקס לטיפוח וריכוך 150,דיפלומט,FR,ספריי לחות וולה,מיליליטרים,150.00,"100 מ""ל",false,1,22.10,14.73,true,1,
3614272907690,false,"ג'ורג'יו ארמני מיי וואי - א.ד.פ 90 מ""ל",לנקום בישום,IL,בושם WAY MY,מיליליטרים,90.00,"100 מ""ל",false,1,306.80,340.89,true,1,
3661163990545,false,"אדידס דאודורנט ספריי לגברים אקשיין 200 מ""ל",מיוצר עי קונדיטוריית,PT,דאודורנט אדידס,מיליליטרים,200.00,"100 מ""ל",false,0,13.50,6.75,true,1,
3760032043419,false,שאטו קוט בוגרד בורדו,וינובלה,FR,יין בורדו בוגרד,מיליליטרים,750.00,"100 מ""ל",false,1,51.40,6.85,true,1,
3770000016796,false,"יין שבלי דומיין דה שאטיון כשל""פ 750 מ""ל",דומיין דה לה,FR,שאבלי דומיין,מיליליטרים,750.00,"100 מ""ל",false,1,72.60,9.68,true,1,
3800020423578,false,קיט קט שוקולד אצבעות צ'אנקי אדום 40ג',קבוצת אוסם סחר שותפות מוגבלת,BG,קיט קאט צ'אנקי,גרמים,40.00,100 גרם,false,0,3.30,8.25,true,1,
3800020472569,false,חטיף קיט קאט צ`אנקי קרמל מלוח 42 גרם,קבוצת אוסם סחר שותפות מוגבלת,BG,קיט קט צ'אנקי,גרמים,43.00,100 גרם,false,1,3.30,7.67,true,1,
3838824127149,false,צבע לשיער פלטה - 1-1 שחור כחול,שוורצקופף והנקל,SI,צבע לשיער פלטה,יחידה,1.00,יחידה,false,0,17.00,17.00,true,1,
3838824127163,false,צבע לשיער פאלטה סמי קיט 1-10 בלונד כסוף,שוורצקופף והנקל,SI,צבעי שיער פלטה,יחידה,1.00,יחידה,false,0,17.00,17.00,true,1,
3838824127200,false,צבע לשיער פאלטה סמי קיט 3-0 חום כהה,שוורצקופף והנקל,SI,צבע לשיער פלטה,יחידה,1.00,יחידה,false,0,17.00,17.00,true,1,
3838824127248,false,פלטה סמי קיט חום בהיר 5-0 צבע שיער,שוורצקופף והנקל,SI,צבעי שיער פלטה,יחידה,1.00,יחידה,false,0,17.00,17.00,true,1,
3838824127286,false,צבע לשיער פלטה - 7-0 בלונד בינוני,שוורצקופף והנקל,SI,צבעי שיער פלטה,יחידה,1.00,יחידה,false,0,17.00,17.00,true,1,
3838824127361,false,צבע לשיער פאלטה סמי קיט ערמונים בינוני 5,שוורצקופף והנקל,SI,צבע לשיער פלטה,יחידה,1.00,יחידה,false,0,17.00,17.00,true,1,
3838824127583,false,צבע לשיער פלטה - 6-88 אדום בוער,שוורצקופף והנקל,SI,צבע לשיער פלטה,יחידה,1.00,יחידה,false,0,17.00,17.00,true,1,
3838824128948,false,פאלטה - דלוקס שמני הזנה חום כהה 3-0,הנקל סוד בעמ,DE,צבע לשיער פלטה,יחידה,1.00,יחידה,false,0,25.60,25.60,true,1,
3838824129105,false,פאלטה - דלוקס שמני הזנה בלונד שמש 9-0,שוורצקוף Schwarzkopf,DE,צבע לשיער פלטה,יחידה,1.00,יחידה,false,0,25.60,25.60,true,1,
3838824193915,false,צבע לשיער פאלטה סמי קיט שחור 0-1,שוורצקופף והנקל,SI,צבע סמי קיט פלטה,יחידה,1.00,יחידה,false,0,17.00,17.00,true,1,
3838824193939,false,פאלטה - דלוקס שמני הזנה סגול אצילי 4-99,שוורצקוף Schwarzkopf,DE,צבע לשיער פלטה,יחידה,1.00,יחידה,false,0,25.60,25.60,true,1,
3838824332154,false,פלטה סמי קיט 7-17 חום אדום עדין,הנקל סוד,SI,צבע סמי קיט פלטה,יחידה,1.00,יחידה,false,1,17.00,17.00,true,1,
3838824380827,false,צבעי שיער בלונד כהה אפרפר 6-1 סמי קיט פאלטה,שוורצקופף והנקל,SI,צבע לשיער פלטה,יחידה,1.00,יחידה,false,1,17.00,17.00,true,1,
3838824380988,false,צבעי שיער בלונד כסוף אפרפר 12-21 סמי קיט פאלטה,שוורצקופף והנקל,SI,צבע לשיער פלטה,יחידה,1.00,יחידה,false,1,17.00,17.00,true,1,
3838824381022,false,צבעי שיער חום שוקולד כהה 3-65 סמי קיט פאלטה,שוורצקופף והנקל,SI,צבע לשיער פלטה,יחידה,1.00,יחידה,false,1,17.00,17.00,true,1,
3856014102448,false,מקלות בייגלה במילוי חמאת בוטנים 120 גר,ציון תורגמן בעמ,HR,מקלות בייגלה,גרמים,120.00,100 גרם,false,1,7.60,6.33,true,1,
4000415851705,false,שוקולד נוגט טבעי שוגטן 100 גרם,"לודוויג שוקולד בע""\מ",DE,שוקולד נוגט,גרמים,100.00,100 גרם,false,0,5.00,5.00,true,1,
4000417019004,false,שוקולד חלב אגוזי לוז שלמים ריטר ספורט 100 גרם,ריטר ספורט Ritter sport,DE,שוקולד ריטר,גרמים,100.00,100 גרם,false,0,9.30,9.30,true,1,
4000417022004,false,ריטר ספורט שוקולד חלב מעולה עם צימוקים ואגוזי לוז 100 גרם,ריטר ספורט Ritter sport,DE,שוקולד ריטר,גרמים,100.00,100 גרם,false,0,7.60,7.60,true,1,
4000417025005,false,שוקולד מריר במילוי מרציפן ריטר ספורט 100 גרם,ריטר ספורט Ritter sport,DE,שוקולד ריטר,גרמים,100.00,100 גרם,false,0,7.60,7.60,true,1,
4000417101211,false,גלילי וופל עם קרם אגוזי לוז בציפוי שוקולד חלב,ליימן שליסל בע`מ,AT,חטיף אמיצ'לי,גרמים,150.00,100 גרם,false,1,15.30,10.20,true,1,
4000417222008,false,שוקולד ריטר ספורט חלב+שברי אגוזים 100 גרם חלב נוכרי,ריטר ספורט Ritter sport,DE,שוקולד ריטר,גרמים,100.00,100 גרם,false,1,7.60,7.60,true,1,
4000417224002,false,"ריטר ספורט טבלת שוקולד מריר אגוזים, 100 גרם",ריטר ספורט Ritter sport,DE,שוקולד ריטר,גרמים,100.00,100 גרם,false,0,9.30,9.30,true,1,
4000417707000,false,שוקולד חלב מעולה עם שברי קשיו קלוי ומומלח,ריטר ספורט Ritter sport,DE,שוקולד ריטר,גרמים,100.00,100 גרם,false,1,9.30,9.30,true,1,
4000417708007,false,"שוקולד ריטר ספורט מריר שקד, 100 גרם",ריטר ספורט Ritter sport,DE,שוקולד ריטר,גרמים,100.00,100 גרם,false,1,9.30,9.30,true,1,
4000539280726,false,שוקולד לינדט אקסלנס מילד 70% 100 גר`,משה סידס ובנו בעמ,DE,שוקולד אקסלנס,גרמים,100.00,100 גרם,false,1,12.70,12.70,true,1,
4000539280740,false,לינדט אקסלנס 78% מוצקי קקאו 100 גרם,לינדט ושפרונגלי קילשברג,DE,שוקולד אקסלנס,גרמים,100.00,100 גרם,false,1,12.70,12.70,true,1,
4000539363108,false,שוקולד לינדור סטיקס 38 גרם,משה סידס ובנו בעמ,DE,שוקולד לינדור,גרמים,38.00,100 גרם,false,1,5.00,13.16,true,1,
4000607850004,false,שוקולד חלב טבעי שוגטן 100 גרם,"לודוויג שוקולד בע""\מ",DE,שוקולד חלב,גרמים,100.00,100 גרם,false,0,5.00,5.00,true,1,
4000607851001,false,שוקולד חלב אגוזים טבעי שוגטן 100 גרם,"לודוויג שוקולד בע""\מ",DE,שוקולד אגוזים,גרמים,100.00,100 גרם,false,0,5.00,5.00,true,1,
4000607852008,false,שוקולד מריר טבעי שוגטן 100 גרם,"לודוויג שוקולד בע""\מ",DE,שוקולד מריר,גרמים,100.00,100 גרם,false,0,5.00,5.00,true,1,
4000607854606,false,שוקולד לילדים שוגטן 100 גרם,"לודוויג שוקולד בע""\מ",DE,שוקולד ילדים,גרמים,100.00,100 גרם,false,1,5.00,5.00,true,1,
4001518114223,false,ביסקוויט במילוי קרם אגוזי לוז 172 ג' BOCCIA,ר.ב. מוצרי דגנים בעמ,DE,ביסקוויט במילוי,גרמים,172.00,100 גרם,false,1,13.50,7.85,true,1,
4001518114858,false,עוגיות שקוציפס עם תפוז 180 ג' SOFT CAKE,גריסון,DE,עוגיות במילוי,גרמים,180.00,100 גרם,false,1,13.50,7.50,true,1,
4002720005736,false,מליטה קפה לפילטר פרימיום 250 גרם,המאפיה של הרמן,DE,קפה פילטר מליטה,גרמים,250.00,100 גרם,false,0,15.70,6.28,true,1,
4005808293469,false,"ניוואה - דאודורנט ספריי לגבר יבש 150 מ""ל",אלפא- ב.ד.ף בעמ,DE,ניוואה דאודורנט,מיליליטרים,150.00,"100 מ""ל",false,1,13.50,9.00,true,1,
4005808360413,false,ניוואה משחת החתלה 100 מל,אלפא,DE,משחת החתלה,מיליליטרים,100.00,"100 מ""ל",false,1,17.00,17.00,true,1,
4005808361915,false,ניוואה בייבי קרם סופט לתינוק 200 מל,אלפא,DE,ניוואה קרם,מיליליטרים,200.00,"100 מ""ל",false,1,17.00,8.50,true,1,
4005808366392,false,שפתון ליובש כחול קלאסי לבלו 48 גרם,טרופיקל דגיל תעשיות,IL,שפתון לבלו כחול,יחידה,1.00,יחידה,false,1,8.40,8.40,true,1,
4005808400348,false,"קרם רב שימושי מיוחד לתינוק 150מ""ל",אלפא ב.ד.ף בעמ,DE,קרם רב שימושי,מיליליטרים,150.00,"100 מ""ל",false,1,17.00,11.33,true,1,
4005808406029,false,"ניוואה - תחליב רחצה סופט 750 מ""ל",ביירסדורף,DE,קרם רחצה ניוואה,מיליליטרים,750.00,"100 מ""ל",false,1,14.40,1.92,true,1,
4005808515554,false,ניוואה סופט קרם רב שימושי מרקם עדין 300מ,אלפא- ב.ד.ף בעמ,ES,ניוואה קרם עדין,מיליליטרים,300.00,"100 מ""ל",false,1,25.50,8.50,true,1,
4005808692569,false,ניוואה ESLS תכשיר ניקוי יבש-רגיש דיספנסר,HELLAS BEIERSDORF,DE,מוס ניקוי לפנים,מיליליטרים,150.00,"100 מ""ל",false,1,33.00,22.00,true,1,
4005808698103,false,ניוואה תחליב גוף סמוד לעור יבש 500 מל,בטר אנד דיפרנט,ES,ניוואה תחליב גוף,מיליליטרים,500.00,"100 מ""ל",false,1,17.00,3.40,true,1,
4005808702107,false,ניוואה תחליב גוף לעור יבש מאד 500 מל,בטר אנד דיפרנט,ES,ניוואה תחליב גוף,מיליליטרים,500.00,"100 מ""ל",false,1,17.00,3.40,true,1,
4005808813063,false,תחליב לחות לעור רגיש לאחר גילוח,בטר אנד דיפרנט,DE,ניוואה אפטר שייב,מיליליטרים,100.00,"100 מ""ל",false,0,32.30,32.30,true,1,
4005808828838,false,"ניוואה - דאודורנט ספריי לגבר קול קיק 150 מ""ל",אלפא ב.ד.ף בעמ,DE,דאודורנט אקווה,מיליליטרים,150.00,"100 מ""ל",false,0,13.50,9.00,true,1,
4005808850723,false,שפתון ליובש תות שדה לבלו,טרופיקל דגיל תעשיות,DE,שפתון לבלו,יחידה,1.00,יחידה,false,0,8.40,8.40,true,1,
4005808890507,false,ניוואה קרם סופט רב שימושי 200 מל יבוא,פארמה דיל (פ.א.ב.) שיווק והפצה,ES,קרם ניוואה סופט,מיליליטרים,200.00,"100 מ""ל",false,0,17.00,8.50,true,1,
4005808908585,false,"ניוואה - דאודורנט ספריי לאישה פאודר טאץ 150 מ""ל",אלפא ב.ד.ף בעמ,DE,דאודורנט ניוואה,מיליליטרים,150.00,"100 מ""ל",false,0,13.50,9.00,true,1,
4005900036476,false,"ניוואה - דאודורנט רול און לאישה בלק אנד וויט קליר 50 מ""ל",טרופיקל דגיל תעשיות,DE,דאודורנט ניוואה,מיליליטרים,50.00,"100 מ""ל",false,0,11.80,23.60,true,1,
4005900036483,false,"ניוואה - דאודורנט ספריי לגבר שקוף בלק וווי 150 מ""ל",בטר אנד דיפרנט,DE,דאודורנט ניוואה,מיליליטרים,150.00,"100 מ""ל",false,0,13.50,9.00,true,1,
4005900036568,false,ניוואה דאודורנט רולאון ספריי לאישה בלק אנד וויט 150 מ''ל,אלפא- ב.ד.ף בעמ,DE,דאודורנט ניוואה,מיליליטרים,150.00,"100 מ""ל",false,0,13.50,9.00,true,1,
4005900420220,false,"גל רחצה ניוואה פיור אימפקט לגבר 500 מ""ל",אלפא ב.ד.ף בעמ,DE,ניוואה ג'ל רחצה,מיליליטרים,500.00,"100 מ""ל",false,1,11.80,2.36,true,1,
4005900485243,false,"ניוואה - דאודורנט רול און לגבר דריי פרש 50 מ""ל",אלפא- ב.ד.ף בעמ,DE,דאודורנט ניוואה,מיליליטרים,50.00,"100 מ""ל",false,1,11.80,23.60,true,1,
4005900494924,false,"ניוואה - דאודורנט ספריי לאישה דריי פרש אישה 150 מ""ל",אלפא ב.ד.ף בעמ,DE,דאודורנט ניוואה,מיליליטרים,150.00,"100 מ""ל",false,1,13.50,9.00,true,1,
4005900496331,false,מים מיסלריים אקספרט מים מיסלריים אקספרט,אלפא- ב.ד.ף בעמ,FR,מים מיסלריים אקס,מיליליטרים,400.00,"100 מ""ל",false,1,25.50,6.37,true,1,
4005900513045,false,"ניוואה - דאודורנט ספריי לגבר דיפ 150 מ""ל",אלפא- ב.ד.ף בעמ,DE,ניוואה דאו ספריי,מיליליטרים,150.00,"100 מ""ל",false,1,13.50,9.00,true,1,
4005900513069,false,"ניוואה - דאודורנט רול און לגבר דיפ 50 מ""ל",אלפא- ב.ד.ף בעמ,DE,ניוואה רול און ל,מיליליטרים,50.00,"100 מ""ל",false,1,11.80,23.60,true,1,
4005900542557,false,"ניוואה - דאודורנט רול און לאישה בלק אנד וויט 50 מ""ל",אלפא- ב.ד.ף בעמ,DE,דאודורנט ניוואה,מיליליטרים,50.00,"100 מ""ל",false,1,11.80,23.60,true,1,
4005900555915,false,"ניוואה - תחליב רחצה קוקוס וחוחובה 750 מ""ל",אלפא- ב.ד.ף בעמ,DE,תחליב רחצה,מיליליטרים,750.00,"100 מ""ל",false,1,14.40,1.92,false,1,
4005900661371,false,ניוואה Q10 אקסטרה נורישינג קרם לילה מזין,אלפא,PL,Q10 קרם לילה שמן,מיליליטרים,50.00,"100 מ""ל",false,1,59.70,119.40,true,1,
4005900683878,false,שפתון ליובש לבלו סקראב אלוה ורה בליסטר,אלפא- ב.ד.ף בעמ,DE,לבלו סקראב אלורה,יחידה,1.00,יחידה,false,1,8.40,8.40,true,1,
4005900841148,false,"ניוואה מן ג'ל גילוח קול קיק פרש 200 מ""ל",אלפא ב.ד.ף בעמ,DE,ג'ק גילוח ניוואה,מיליליטרים,200.00,"100 מ""ל",false,1,15.10,7.55,true,1,
4005900874931,false,"דאודורנט ספריי דיפ ביט לגבר 150 מ""ל ניוויה",אלפא ב.ד.ף בעמ,DE,דאודורנט ניוואה,גרמים,150.00,100 גרם,false,1,13.50,9.00,true,1,
4005900874962,false,"ניוואה - דאודורנט רול און לגבר דיפ בלק 50 מ""ל",אלפא- ב.ד.ף בעמ,DE,דאודורנט ניוואה,מיליליטרים,50.00,"100 מ""ל",false,1,11.80,23.60,true,1,
4005900898470,false,דאו.בלק&וייט פיור 50*2מל,ביירסדורץ,IL,דאו.ניוואה 2 יח,מיליליטרים,100.00,"100 מ""ל",false,1,22.90,22.90,true,1,
4005900898524,false,דאו.בלק&וייט פיור50*2,ביירסדורץ,IL,דאו.ניוואה 2 יח,מיליליטרים,100.00,"100 מ""ל",false,1,22.90,22.90,true,1,
4005900898555,false,דאו.פרש אקטיב150*2מ,ביירסדורץ,IL,דאו.ניוואה 2 יח,מיליליטרים,300.00,"100 מ""ל",false,1,24.70,8.23,true,1,
4005900978950,false,לבלו - דובדבן שפתון לחות מטפח מהדורת נסיכות דיסני,אלפא- ב.ד.ף בעמ,DE,לבלו אריאל,יחידה,1.00,יחידה,false,1,8.40,8.40,true,1,
4005900978967,false,לבלו - וניל שפתון לחות מטפח מהדורת נסיכות דיסני,אלפא- ב.ד.ף בעמ,DE,לבלו אלזה,יחידה,1.00,יחידה,false,1,8.40,8.40,true,1,
4005900978974,false,לבלו - סופט רוז שפתון לחות מטפח מהדורת נסיכות דיסני,אלפא- ב.ד.ף בעמ,DE,לבלו סופט יסמין,יחידה,1.00,יחידה,false,1,8.40,8.40,true,1,
4006508123094,false,"מליטה-נייר פילטר לקפה מספר 2, 40 יח",דנשר (1963) בעמ,DE,נייר לקפה פילטר,יחידה,1.00,יחידה,false,1,7.60,7.60,true,1,
4007745058804,false,נטורפוד מיונז אורגני 340 גרם,אף.סי תבליני בגליל ב,DE,מיונז אורגני,גרמים,340.00,100 גרם,false,0,21.20,6.24,true,1,
4007745058828,false,חרדל צרפתי גרגרים אורגני 200 גרם,נטורפוד בעמ,DE,חרדל גרגרים,גרמים,145.00,100 גרם,false,0,11.80,8.14,true,1,
4008102002867,false,גרגירים להכנת תה לימון מילפורד 400 גרם,ליימן מותגים,DE,משקה לימון,גרמים,400.00,100 גרם,false,0,12.20,3.05,true,1,
4008287051032,false,בירה קרומבאכר פילס 0.50 ליטר פחית,מנדלז סי.אר. פרודקשן,DE,בירה קרומבאכר,מיליליטרים,500.00,"100 מ""ל",false,1,8.40,1.68,true,1,
4008287058161,false,בירה קרומבאכר פילס 4.8% שישיה 6 * 330 מל,אגודת הכורמים -כרמל מזרחי,DE,בירה קרומבאכר6יח,ליטרים,1.98,ליטר,false,1,31.50,15.91,true,1,
4008287905786,false,בירה קרומבאכר חיטה 5.3% פחית 500 מל,אגודת הכורמים -כרמל מזרחי,DE,בירה קרומבאכר,מיליליטרים,500.00,"100 מ""ל",false,1,8.40,1.68,true,1,
4008600314141,false,נוק זוג מוצץ סיליקון זוהר בחושך 6-18 ורו,פרומדיקו,IL,מוצצים זוהרים ור,יחידה,1.00,יחידה,false,1,25.50,25.50,true,1,
4008600314226,false,נוק זוג מוצצי סיליקון מיקי 6-18 אדום,פרומדיקו,IL,מוצצי מיקי מאוס,יחידה,1.00,יחידה,false,1,25.50,25.50,true,1,
4008600336327,false,נוק זוג מוצצי סיליקון ספייס6-18 ירוקכחול,פרומדיקו,DE,זוג מוצצים ספייס,יחידה,1.00,יחידה,false,1,25.50,25.50,true,1,
4008600353775,false,נוק זוג מוצצי סיליקון הפי נייטס 0-6 ורוד,פרומדיקו,IL,מוצצים ספייס ורו,יחידה,1.00,יחידה,false,1,25.50,25.50,true,1,
4008600378754,false,נוק אקטיב קאפ כוס מעבר ורוד 300 מל,ניאופארם,DE,NUK אקטיב קאפ,יחידה,1.00,יחידה,false,1,32.30,32.30,true,1,
4008600384427,false,נוק זוג מוצצים סיגנטור 6-18 חודשים ורוד,פרומדיקו,DE,זוג מוצצים נוק,יחידה,1.00,יחידה,false,1,25.50,25.50,true,1,
4008600387169,false,נוק בקבוק אימון 150 מל חדש,General,IL,נוק בקבוק אימון,יחידה,1.00,יחידה,false,1,38.30,38.30,true,1,
4008600404286,false,נוק זוג מוצצים ספייס מיקי 0-6 חודשים אפו,פרומדיקו,DE,זוג מוצצי מיקי,יחידה,1.00,יחידה,false,1,25.50,25.50,true,1,
4009300522935,false,תה ירוק פומפדור לימונית ולואיזה 20 יחידות,"איטיליאן פוד, אס.פי.",DE,תה ירוק לואיזה,גרמים,30.00,100 גרם,false,0,15.30,51.00,true,1,
4009300522966,false,תה ירוק עם נענע פומפדור 20 יחידות,"איטיליאן פוד, אס.פי.",DE,תה ירוק נענע,גרמים,30.00,100 גרם,false,0,15.30,51.00,true,1,
4009300524588,false,חליטת צמחים פומפדור פירות יער 20 יחידות,ש. שסטוביץ בע`מ,DE,חליטת פירות יער,גרמים,60.00,100 גרם,false,0,11.00,18.33,true,1,
4009300524625,false,תה צ'אי מסאלה פומפדור 20 יחידות,ש.שסטוביץ בעמ,DE,חליטת צ'אי מאסלה,גרמים,40.00,100 גרם,false,0,11.00,27.50,true,1,
4009300525684,false,חליטת צמחים פומפדור ג'ינג'ר ולימון 20 יחידות,ש. שסטוביץ בע`מ,DE,חליטת לימון,גרמים,35.00,100 גרם,false,0,11.00,31.43,true,1,
4009300527909,false,חליטת צמחים ג'ינג'ר כורכום ללא קפאין,ש. שסטוביץ בע`מ,DE,חליטת ג'ינג'ר,גרמים,80.00,100 גרם,false,1,11.00,13.75,true,1,
4009300528821,false,תה ירוק פומפדור ג'ינגר וקינמון 20 יחידות,ש.שסטוביץ בעמ,DE,תה ירוק פומפדור,גרמים,30.00,100 גרם,false,1,15.30,51.00,true,1,
4009300529514,false,תה חליטת פומפדור פירות אוכמניות 20 יח,ש.שסטוביץ בעמ,DE,חליטת פירות,גרמים,45.00,100 גרם,false,1,13.50,30.00,true,1,
4009300529538,false,תה חליטת פומפדור פירות לימון 20 יח,ש.שסטוביץ בעמ,DE,חליטת פירות,גרמים,50.00,100 גרם,false,1,13.50,27.00,true,1,
4009300529552,false,תה חליטת פומפדור פירות אפרסק 20 יח,ש.שסטוביץ בעמ,DE,חליטת פירות,גרמים,50.00,100 גרם,false,1,13.50,27.00,true,1,
4009300530107,false,חליטה קרה בטעמי תות שדה ותפוז פומפדור 45 ג',ש.שסטוביץ בעמ,DE,חליטה קרה,גרמים,45.00,100 גרם,false,1,12.70,28.22,true,1,
4009300595106,false,חליטת צמחים קמומיל דבש פומפדור 45 ג',טיקנה,DE,חליטת קמומיל,גרמים,30.00,100 גרם,false,1,11.00,36.67,true,1,
4009300595120,false,חליטת צמחים פומפדור ג'ינג'ר מנגו 20 יחידות,ש.שסטוביץ בעמ,DE,חליטת ג'ינג'ר,יחידה,1.00,יחידה,false,1,11.00,11.00,true,1,
4009309740422,false,רסק תפוחים אורגני – נטורפוד 700 גרם,נטורפוד בעמ,DE,רסק תפוחים,גרמים,700.00,100 גרם,false,1,14.10,2.01,true,1,
4009900013581,false,מסטיק אורביט ספרמינט סטיקס משפחתי-חמישיות,"מרס ריגלי ישראל בע""מ",FR,מסטיק סטיקס,גרמים,65.00,100 גרם,false,0,8.40,12.92,true,1,
4009900379564,false,מסטיק טייפ בטעם פירות הובה בובה (56 גרם),מרס ריגלי קונפקשונרי,GB,מסטיק הובה בובה,גרמים,56.00,100 גרם,false,0,5.90,10.54,true,1,
4009900385824,false,מסטיק אורביט פפרמינט סטיקס משפחתי-חמישיות,"מרס ריגלי ישראל בע""מ",FR,מסטיק סטיקס,גרמים,65.00,100 גרם,false,0,8.40,12.92,true,1,
4009900402965,false,אורביט וויט בטעם פירות בקבוקון 46מלבניות,"מרס ריגלי ישראל בע""מ",PL,אורביט בקבוקון,גרמים,64.00,100 גרם,false,0,8.50,13.28,true,1,
4009900403023,false,אורביט וויט בטעם מנטה בקבוקון 46 מלבניות,"מרס ריגלי ישראל בע""מ",PL,אורביט בקבוקון,גרמים,64.00,100 גרם,false,0,8.50,13.28,true,1,
4009900406918,false,מסטיק הובה בובה טייפ טריפל מיקס 56ג',מרס ריגלי קונפקשונרי,GB,מסטיק הובה בובה,גרמים,56.00,100 גרם,false,0,5.90,10.54,true,1,
4009900420129,false,מסטיק אורביט פרופשנל פפרמינט בקבוקון 64 גר',"מרס ריגלי ישראל בע""מ",PL,אורביט פפרמינט,גרמים,64.00,100 גרם,false,1,8.50,13.28,true,1,
4009900426121,false,מסטיק אורביט איירוויז בקבוקון אוכמניות 64ג',"מרס ריגלי ישראל בע""מ",PL,מסטיק איירוויבז,גרמים,64.00,100 גרם,false,1,9.30,14.53,true,1,
4009900455299,false,"סוכרית ג'לי אדומה 174 גרם ""סקיטלס""","מרס ריגלי ישראל בע""מ",CZ,סוכריות סקיטלס,גרמים,174.00,100 גרם,false,0,7.50,4.31,true,1,
4009900465304,false,סוכריות סקיטלס פירות חמוצים 174 גרם,"מרס ריגלי ישראל בע""מ",CZ,סוכריות סקיטלס,גרמים,174.00,100 גרם,false,0,7.50,4.31,true,1,
4009900479998,false,אורביט וויט אוכמניות בקבוקון 46 מלבניות,"מרס ריגלי ישראל בע""מ",PL,אורביט בקבוקון,גרמים,64.00,100 גרם,false,0,8.50,13.28,true,1,
4009900482417,false,מסטיק אורביט פירות מנטה בקבוקון באבל מינט 45יח,"מרס ריגלי ישראל בע""מ",PL,אורביט באבל מינט,גרמים,64.00,100 גרם,false,0,8.50,13.28,true,1,
4009900483803,false,מסטיק איירובס מנטה אקליפטוס בקבוקון 60יח',"מרס ריגלי ישראל בע""מ",PL,מסטיק איירוויבז,גרמים,84.00,100 גרם,false,1,11.50,13.69,true,1,
4009900484060,false,מסטיק אורביט פרופשיונל בטעם מנטה ללא סוכר,"מרס ריגלי ישראל בע""מ",PL,אורביט בקבוק,גרמים,84.00,100 גרם,false,0,11.50,13.69,true,1,
4009900484091,false,מסטיק אורביט פרופשיונל בטעם מנטה ללא סוכר,"מרס ריגלי ישראל בע""מ",PL,אורביט בקבוק,גרמים,84.00,100 גרם,false,0,11.50,13.69,true,1,
4009900484305,false,מסטיק אורביט פרופשיונל סוויטמינט ביגי לבן 60יח',"מרס ריגלי ישראל בע""מ",GB,אורביט בקבוק,גרמים,84.00,100 גרם,false,0,11.50,13.69,true,1,
4009900487283,false,מסטיק אורביט סטיקס מארז חמישייה ללס בטע,"מרס ריגלי ישראל בע""מ",FR,מסטיק סטיקס,גרמים,65.00,100 גרם,false,0,8.40,12.92,true,1,
4009900491044,false,מסטיק אירוויבז בטעם מנטה אוכמניות ללס,מרס ריגלי ישראל בעמ,PL,מסטיק איירוויבז,גרמים,84.00,100 גרם,false,1,11.50,13.69,true,1,
4009900496247,false,"מסטיק אורביט לל""ס מלבניות בקבוק בבלימנט 60 יח","מרס ריגלי ישראל בע""מ",PL,אורביט בקבוק,גרמים,84.00,100 גרם,false,1,11.50,13.69,true,1,
4009900509770,false,מסטיק אורביט בטעם תות ללס אריזה מוגדלת,מרס ריגלי ישראל בעמ,GB,אורביט בקבוק,גרמים,84.00,100 גרם,false,1,11.50,13.69,true,1,
4009900531122,false,"מסטיק בטעם מנטה ספירמינט, 64 ג' פרופשיונל אורפיט","מרס ריגלי ישראל בע""מ",PL,אורביט ספירמינט,גרמים,64.00,100 גרם,false,1,8.50,13.28,true,1,
4009900534581,false,מסטיק איירוויבז דובדבן ומנטה בקבוקון 64,Unknown,IL,מסטיק איירוויבז,גרמים,64.00,100 גרם,false,1,9.30,14.53,true,1,
4009900534611,false,מסטיק איירוויבז בקבוקון בטעם מלון ומנטה,ריגלי,IL,מסטיק אייוויבז,גרמים,64.00,100 גרם,false,1,9.30,14.53,true,1,
4009900535519,false,מסטיק אורביט רפרשרס ספירמינט ללא סוכר 15.6גר',"מרס ריגלי ישראל בע""מ",PL,אורביט רפרשרס,גרמים,15.00,100 גרם,false,1,3.30,22.00,true,1,
4009900535540,false,מסטיק אורביט רפרשרס פפרמינט ללא סוכר 15.6גר',"מרס ריגלי ישראל בע""מ",PL,מסטיק אורביט,גרמים,15.00,100 גרם,false,1,3.30,22.00,true,1,
4009900535823,false,מסטיק אורביט רפרשרס באבלמינט ללא סוכר 15.6גר',"מרס ריגלי ישראל בע""מ",PL,מסטיק אורביט,גרמים,15.00,100 גרם,false,1,3.30,22.00,true,1,
4009900536257,false,מסטיק אורביט רפרשרס ספירמינט בקבוקון ללא סוכר 67 גר',מרס ריגלי קונפקשונרי,PL,אורביט רפרשרס,גרמים,67.00,100 גרם,false,1,10.10,15.07,true,1,
4009900536288,false,מסטיק אורביט רפרשרס פפרמינט בקבוקון ללא סוכר 67 גר',מרס ריגלי קונפקשונרי,PL,אורביט רפרשרס,גרמים,67.00,100 גרם,false,1,10.10,15.07,true,1,
4009900536486,false,מסטיק אורביט רפרשרס באבלמינט בקבוקון ללא סוכר 67 גר',מרס ריגלי קונפקשונרי,PL,אורביט רפרשרס,גרמים,67.00,100 גרם,false,1,10.10,15.07,true,1,
4009900539685,false,"מסטיק פייב באונס בטעם מנטה בקבוקון, 61.8 גרם","מרס ריגלי ישראל בע""מ",PL,מסטיק פייב,גרמים,61.00,100 גרם,false,1,10.10,16.56,true,1,
4009900539746,false,"מסטיק פייב באונס בטעם אבטיח בקבוקון, 61.8 גרם","מרס ריגלי ישראל בע""מ",PL,מסטיק פייב,גרמים,61.00,100 גרם,false,1,10.10,16.56,true,1,
4009900540551,false,מסטיק אורביט רפרשרס טרופיקל בקבוקון ללא סוכר,מרס ריגלי ישראל בעמ,PL,אורביט רפרשרס,גרמים,67.00,100 גרם,false,1,10.10,15.07,true,1,
4011100002227,false,באונטי חטיף שוקולד קוקוס מארז 403 גרם,לינדט ושפרונגלי קילשברג,NL,מיני באונטי,גרמים,403.00,100 גרם,false,0,17.00,4.22,true,1,
4011800290030,false,חטיף חלבון עם שוקולד חלב ללא תוספת סוכר,מ.סידס ובנו בעמ,CZ,חטיף חלבון קורני,גרמים,50.00,100 גרם,false,1,7.60,15.20,true,1,
4011800290054,false,חטיף חלבון עם קוקוס ושוקולד חלב ללא תוספת סוכר,משה סידס ובנו בעמ,CZ,חטיף חלבון קורני,גרמים,50.00,100 גרם,false,1,7.60,15.20,true,1,
4011800528416,false,קורני חטיף דגנים עם בוטנים מתוק-מלוח*6,משה סידס ובנו בעמ,DE,חטיפי קורני 6 יח,גרמים,150.00,100 גרם,false,1,10.10,6.73,true,1,
4011800628512,false,חטיף קורני שוקולד חלב 6 יח 150 גר,מיוצר עי קונדיטוריית,DE,קורני חטיף דגנים,גרמים,150.00,100 גרם,false,0,10.10,6.73,true,1,
4011800630515,false,חטיף קורני שוקולד חלב ובננה 6 יח 150 גר,מיוצר עי קונדיטוריית,DE,קורני חטיף דגנים,גרמים,150.00,100 גרם,false,0,10.10,6.73,true,1,
4011800632519,false,חטיף קורני שישייה שוקולד חלבי וקוקוס,מיוצר עי קונדיטוריית,DE,קורני חטיף דגנים,גרמים,150.00,100 גרם,false,0,10.10,6.73,true,1,
4011800633516,false,קורני שוקולד מריר מעולה 58% קקאו 6*1,משה סידס ובנו בעמ,DE,קורני חטיף דגנים,גרמים,138.00,100 גרם,false,0,10.10,7.32,true,1,
4011800636517,false,קורני פרי שוקולד חלב מעולה ללא סוכר 6*1,מיוצר עי קונדיטוריית,DE,קורני חטיף דגנים,גרמים,120.00,100 גרם,false,0,10.10,8.42,true,1,
4012273123009,false,נטרוגינה קרם ידיים 50 מל הסדרה הנורבגית,גונסון אנד גונסון,FR,קרם ידיים,מיליליטרים,50.00,"100 מ""ל",false,0,21.20,42.40,true,1,
4013227013391,false,משקה כהלי קרם אוטום כשר,הכרם - משקאות חריפים בעמ,NL,אייריש קרים,מיליליטרים,700.00,"100 מ""ל",false,0,34.10,4.87,true,1,
4013227013414,false,פינה קולדה סרפרז (700 מל),הכרם - משקאות חריפים בעמ,DE,פינה קולדה,מיליליטרים,700.00,"100 מ""ל",false,0,34.10,4.87,true,1,
4014400901191,false,בונבונריית מרסי מבחר ממתקי שוקולד 250 גרם,ליימן שליסל בע`מ,DE,בונבוניירת מרסי,גרמים,250.00,100 גרם,false,0,22.10,8.84,true,1,
4014400904376,false,סוכריות טופי בטעם שוקולד סטורק 325 גרם,קריניציה ויטמינה אס,DE,סוכריות שטורק,גרמים,325.00,100 גרם,false,0,13.50,4.15,true,1,
4014400907902,false,"וורטרס אורגינל סוכריות חמאה ללא סוכר בקופסה
42 גרם",ליימן שליסל בע`מ,DE,סוכריות וורטר,גרמים,42.00,100 גרם,false,0,5.30,12.62,true,1,
4014400910063,false,סוכריות חמאה וורטרס אורגינל (135 גרם),ליימן שליסל בע`מ,DE,סוכריות וורטר,גרמים,135.00,100 גרם,false,0,6.80,5.04,true,1,
4014400914696,false,וורטרס אורגינל סוכריות ללא סוכר 80 גרם,ליימן שליסל בע`מ,DE,סוכריות וורטר,גרמים,80.00,100 גרם,false,0,6.80,8.50,true,1,
4014400914924,false,"סוכריות בטעם קפה וורטר אורגינל לל""ס 80 גרם",קריניציה ויטמינה אס,DE,סוכריות וורטר,גרמים,80.00,100 גרם,false,0,6.80,8.50,true,1,
4014400920857,false,וורטר אורגינל ללא סוכר בטעם שוקולד-שקית 70 גרם,קריניציה ויטמינה אס,DE,סוכריות וורטר,גרמים,70.00,100 גרם,false,1,6.80,9.71,true,1,
4014400923711,false,בונבוניירה שוקולד אגוזים טופיפי 125 גרם,ליימן שליסל בע`מ,DE,טופיפי,גרמים,125.00,100 גרם,false,1,10.60,8.48,true,1,
4014400925319,false,וורטרס אורגינל פופקורן קרמל 140 גרם,ליימן שליסל בע`מ,DE,ממתק קרמל ורטר,גרמים,140.00,100 גרם,false,1,13.50,9.64,true,1,
4014400931327,false,ורטרס אורגינל פופקורן עם קרמל זרעי דלעת 1/12,ליימן שליסל בע`מ,DE,פופקורן וורטר,גרמים,140.00,100 גרם,false,1,13.50,9.64,true,1,
4015000031394,false,"ספטיל - משחה להסרת כתמים 200 מ""ל",גורי שיווק בעמ,HU,ספטיל מסיר כתמים,מיליליטרים,200.00,"100 מ""ל",false,0,14.30,7.15,true,1,
4015000280372,false,"דאודורנט רול און בניחוח לימון פה 50 מ""ל",שוורצקופף והנקל,DE,דאודורנט FA,מיליליטרים,50.00,"100 מ""ל",false,0,8.40,16.80,true,1,
4015000519915,false,"פה - דאודורנט ספריי לאישה פינק פרדייס 200 מ""ל",שוורצקופף והנקל,TR,דאודורנט FA,מיליליטרים,200.00,"100 מ""ל",false,0,8.40,4.20,true,1,
4015000615884,false,"פה - דאודורנט ספריי לאישה קריביין לימון 200 מ""ל",שוורצקופף והנקל,DE,דאודורנט FA,מיליליטרים,200.00,"100 מ""ל",false,0,8.40,4.20,true,1,
4015000615921,false,"פה - דאודורנט ספריי לגבר ספורט 200 מ""ל",שוורצקופף והנקל,TR,דאודורנט FA,מיליליטרים,200.00,"100 מ""ל",false,0,8.40,4.20,true,1,
4015000940955,false,שמפו גליס Gliss שיקום נזק קיצוני אולטימט ריפייר,שוורצקופף והנקל,DE,שמפו גליס,מיליליטרים,400.00,"100 מ""ל",false,0,11.00,2.75,true,1,
4015000976268,false,שמפו גליס Gliss למראה שיער מבריק Million Gloss,"הובי קוסמטיק, חברת ייצור",TR,שמפו גליס,מיליליטרים,400.00,"100 מ""ל",false,0,11.00,2.75,true,1,
4015000976275,false,מרכך גליס Gliss למראה שיער מבריק Million Gloss,שוורצקופף והנקל,TR,מרכך גליס,מיליליטרים,400.00,"100 מ""ל",false,0,11.00,2.75,true,1,
4015000995122,false,"דאודורנט פה ספריי כח המשיכה 200 מ""ל",שוורצקופף והנקל,DE,דאודורנט פה,מיליליטרים,200.00,"100 מ""ל",false,0,8.40,4.20,true,1,
4015000996204,false,"גליס שמפו אולטימט שמן אלקסייר 400 מ""ל",שוורצקופף והנקל,DE,שמפו גליס,מיליליטרים,400.00,"100 מ""ל",false,0,11.00,2.75,true,1,
4015000996273,false,"גליס מרכך אולטימטיב שמן אלקסייר 400 מ""ל","הובי קוסמטיק, חברת ייצור",TR,מרכך גליס,מיליליטרים,400.00,"100 מ""ל",false,0,11.00,2.75,true,1,
4015000997430,false,פה דאודורנט ספריי אינויזיבל פאוור 200 מל,שוורצקופף והנקל,TR,דאודורנט פה,מיליליטרים,200.00,"100 מ""ל",false,0,8.40,4.20,true,1,
4015100190762,false,"גליס - מסכה שיקום שמן אלקסיר 300 מ""ל",שוורצקופף והנקל,SK,מסכת גליס,מיליליטרים,300.00,"100 מ""ל",false,1,18.70,6.23,true,1,
4015100438079,false,פאלטה - דלוקס קיט בלונד בהיר 8-0,שוורצקופף & הנקל דיסלדור,DE,צבע לשיער פאלטה,יחידה,1.00,יחידה,false,1,25.60,25.60,true,1,
4015100438192,false,פאלטה - דלוקס קיט בלונד זהוב חם 8-65,שוורצקופף & הנקל דיסלדור,DE,צבע לשיער פאלטה,יחידה,1.00,יחידה,false,1,25.60,25.60,true,1,
4015400564034,false,מגן תחתון אולוויז מגה פק לונג פלוס 58 יחידות,דיפלומט מפיצים (1986) בע`מ,DE,מגן תחתון אולויז,יחידה,1.00,יחידה,false,0,17.00,17.00,true,1,
4015400564454,false,מגני תחתון אולוויז לארג' עם ניחוח מגה פק,דיפלומט מפיצים (1986) בע`מ,DE,מגן תחתון אולויז,יחידה,1.00,יחידה,false,0,17.00,17.00,true,1,
4015400598329,false,תחבושות אולוויז קוואטרו נורמל פלוס 56 יחידות,דיפלומט מפיצים (1968) בעמ,UA,תחבושות אולוויז,יחידה,1.00,יחידה,false,0,28.10,28.10,true,1,
4015400598381,false,תחבושות היגייניות אולטרה לונג - מארז קוואטרו 48 יח',דיפלומט מפיצים (1968) בעמ,UA,תחבושות אולוויז,יחידה,1.00,יחידה,false,0,28.10,28.10,true,1,
4015400598411,false,תחבושות היגייניות יום ולילה Day & Night - מארז 40 יח',דיפלומט מפיצים (1968) בעמ,UA,תחבושות אולוויז,יחידה,1.00,יחידה,false,0,28.10,28.10,true,1,
4015400681670,false,תחבושות אולוויז וליו פק לילה בטוח 18 יחידות,דיפלומט מפיצים (1986) בע`מ,UA,תחבושות אולוייז,יחידה,1.00,יחידה,false,0,17.00,17.00,true,1,
4015400690313,false,טמפונים פרל רגולר טמפקס קומפאק 18 יח,דיפלומט מפיצים (1968) בעמ,HU,טמפקס,יחידה,1.00,יחידה,false,1,17.80,17.80,true,1,
4015400690405,false,טמפונים פרל סופר טמפקס קומפאק 18 יח,דיפלומט מפיצים (1968) בעמ,HU,טמפקס,יחידה,1.00,יחידה,false,1,17.80,17.80,true,1,
4015400695677,false,פמפרס בייבי דריי מידה 4+ 80 יח,פרוקטר & גמבל,TR,פמפרס אריזת ענק,יחידה,1.00,יחידה,false,1,61.10,61.10,true,1,
4015400695691,false,פמפרס בייבי דריי מידה 5 74 יח,פרוקטר & גמבל,TR,פמפרס אריזת ענק,יחידה,1.00,יחידה,false,1,61.10,61.10,true,1,
4015400715320,false,טמפקס קומפאק רגולר לייט 22 יח`,דיפלומט מפיצים (1986) בע`מ,HU,טמפקס קומפאק,יחידה,1.00,יחידה,false,1,21.00,21.00,true,1,
4015400731719,false,תחבושות היגייניות אולוויז יום ולילה Day & Night,דיפלומט מפיצים (1986) בע`מ,UA,תחבושות אולוייז,יחידה,1.00,יחידה,false,1,17.00,17.00,true,1,
4015400746812,false,מגני תחתון אולוויז נורמל עם ניחוח מגה פק,דיפלומט מפיצים (1986) בע`מ,UA,מגן תחתון אולויז,יחידה,1.00,יחידה,false,1,17.00,17.00,true,1,
4015400755241,false,תחבושות היגייניות אולוויז אולטרה נורמל - 28 יח',דיפלומט מפיצים (1986) בע`מ,UA,תחבושות אולוייז,יחידה,1.00,יחידה,false,1,17.00,17.00,true,1,
4015400755487,false,תחבושות היגייניות אולוויז אולטרה לונג - 24 יח',דיפלומט מפיצים (1986) בע`מ,UA,תחבושות אולוייז,יחידה,1.00,יחידה,false,1,17.00,17.00,true,1,
4015400824749,false,טמפונים טמפקס פלאש סופר פלוס 30 יחידות,דיפלומט מפיצים (1968) בעמ,HU,טמפקס פלאש,יחידה,1.00,יחידה,false,0,23.80,23.80,true,1,
4015600763251,false,שמפו הד&שולדרס קלאסי 600 מל,דיפלומט מפיצים (1968) בעמ,RO,שמפו הד&שולדרס,מיליליטרים,600.00,"100 מ""ל",false,0,18.70,3.12,true,1,
4015600763299,false,"הד שולדרס שמפו קלאסי 2ב1 600מ""ל",דיפלומט מפיצים (1968) בעמ,RO,שמפו הד&שולדרס,מיליליטרים,600.00,"100 מ""ל",false,0,18.70,3.12,true,1,
4015600763411,false,שמפו הד&שולדרס מנטול 600 מל,דיפלומט מפיצים (1968) בעמ,RO,שמפו הד&שולדרס,מיליליטרים,600.00,"100 מ""ל",false,0,18.70,3.12,true,1,
4015600763459,false,שמפו הד&שולדרס תפוח 600 מל,דיפלומט מפיצים (1968) בעמ,RO,שמפו הד&שולדרס,מיליליטרים,600.00,"100 מ""ל",false,0,18.70,3.12,true,1,
4015600763534,false,שמפו הד&שולדרס מגע משי 600 מל,דיפלומט מפיצים (1968) בעמ,RO,שמפו הד&שולדרס,מיליליטרים,600.00,"100 מ""ל",false,0,18.70,3.12,true,1,
4015600766658,false,"הד אנד שולדרס שמפו2 ב 1 מנטול 600 מ""ל",דיפלומט מפיצים (1968) בעמ,RO,שמפו הד&שולדרס,מיליליטרים,600.00,"100 מ""ל",false,0,18.70,3.12,true,1,
4015600807436,false,"ג'ילט - דאודורנט ג'ל לגבר כדוריות קול וויב 75 מ""ל",פארמה דיל (פ.א.ב.) שיווק והפצה,PL,דאודורנט ג'ל,מיליליטרים,75.00,"100 מ""ל",false,0,21.20,28.27,true,1,
4015600807573,false,"ג'ילט - דאודורנט ג'ל לגבר כדוריות פאוור ראש 75 מ""ל",פארמה דיל (פ.א.ב.) שיווק והפצה,US,דאודורנט ג'ל,מיליליטרים,75.00,"100 מ""ל",false,0,21.20,28.27,true,1,
4015600810849,false,גילט דאו קליר גל 70 מל פאוור ראש,פרוקטר אנד גמבל,PL,דאודורנט קליר,מיליליטרים,70.00,"100 מ""ל",false,0,13.50,19.29,true,1,
4017100198151,false,בלזן היט ביסקוויט עם מלית קרם בטעם וניל (41%) 220 גרם,הדקלאים אגודת שיתופי,PL,עוגיות סנדוויץ,גרמים,220.00,100 גרם,false,1,7.60,3.45,true,1,
4017100219900,false,בלזן וופלטן וופל מגולגל מצופה שוקולד חלב 100 גרם,הדקלאים אגודת שיתופי,DE,בלזן וופלטן,גרמים,100.00,100 גרם,false,0,9.80,9.80,true,1,
4017100290008,false,בלזן בסקויט חמאה מצופה שוקולד חלב 125 גרם,הדקלאים אגודת שיתופי,DE,ביסקוויט שוקולד,גרמים,125.00,100 גרם,false,0,9.80,7.84,true,1,
4017100364112,false,בלזן היט בסקוויט סנדביץ עם מלית קרם בטעם שוקולד קקאו (41%) 220 גרם,הדקלאים אגודת שיתופי,PL,עוגיות סנדוויץ,גרמים,220.00,100 גרם,false,1,7.60,3.45,true,1,
4018344564627,false,פילה הרינג ברוטב פלפל לארסן 200 גרם,,LV,פילה הרינג ברוטב,גרמים,200.00,100 גרם,false,1,9.30,4.65,true,1,
4022025001905,false,"יין בלו ווין מבעבע זהב כשר 750מ""ל",היכל היין שקד גולן בעמ,DE,בלו ווין מבעבע,מיליליטרים,750.00,"100 מ""ל",false,1,46.90,6.25,true,1,
4022025001929,false,"יין בלו ווין מבעבע כחול כשר 750מ""ל",היכל היין שקד גולן בעמ,DE,בלו ווין מבעבע,מיליליטרים,750.00,"100 מ""ל",false,1,46.90,6.25,true,1,
4022025002100,false,"יין בלו ווין מבעבע רוזה כשר 750מ""ל",היכל היין שקד גולן בעמ,DE,בלו ויין מבעבע,מיליליטרים,750.00,"100 מ""ל",false,1,46.90,6.25,true,1,
4022025261002,false,"בלו ווין גוורצטרמינר כשר 750 מ""ל",היכל היין שקד גולן בעמ,DE,בלו ווין,מיליליטרים,750.00,"100 מ""ל",false,1,42.60,5.68,true,1,
4022025290408,false,יין בלו ווין פינק רוזה כשר 750 מל,היכל היין שקד גולן בעמ,DE,בלו ווין,מיליליטרים,750.00,"100 מ""ל",false,1,42.60,5.68,true,1,
4025700001962,false,מילקה טבלה 100 גר' לבן 1/22 (4248023),דיפלומט מפיצים (1968) בעמ**,UA,שוקולד לבן,גרמים,100.00,100 גרם,false,1,5.90,5.90,true,1,
4032900111292,false,סיגריות ווינסטון קומפקט כחול,גלוברנדס גרופ בעמ,UA,וינסטון קומפקט,יחידה,1.00,יחידה,false,1,28.50,28.50,false,1,
4032900124254,false,ווינסטון קומפלקט ברי PP חפיסה,גלוברנדס גרופ בעמ,RO,וינסטון קומפ.ברי,יחידה,1.00,יחידה,false,1,28.50,28.50,false,1,
4033100013348,false,סיגריות אל די כחול ארוך בודד,גלוברנדס בעמ - שיווק סיגריות,TR,אל די ארוך,יחידה,1.00,יחידה,false,0,28.00,28.00,false,1,
4033100013355,false,אל.די בלו ארוך פאקט,גלוברנדס בעמ - שיווק סיגריות,TR,אל די ארוך,יחידה,1.00,יחידה,false,0,264.00,264.00,false,1,
4033100014499,false,סיגריות אל די כחול בודד,גלוברנדס בעמ - שיווק סיגריות,TR,אל די כחול,יחידה,1.00,יחידה,false,0,28.00,28.00,false,1,
4033100024146,false,סיגריות ווינסטון קוד בודד,גלוברנדס בעמ - שיווק סיגריות,CH,ווינסטון קוד,יחידה,1.00,יחידה,false,0,31.00,31.00,false,1,
4033100024252,false,סיגריות ווינסטון אקווה בודד,גלוברנדס בעמ - שיווק סיגריות,CH,ווינסטון אקווה,יחידה,1.00,יחידה,false,0,31.00,31.00,false,1,
4033100064036,false,וינסטון כחול טבק לגלגול חפיסה,גלוברנדס בעמ - שיווק סיגריות,GB,טבק לגלגול,יחידה,1.00,יחידה,false,1,80.00,80.00,false,1,
4033634030095,false,חטיף קרקר ציה אמרנט110ג,,DE,חטיף קרקר ציה,גרמים,110.00,100 גרם,false,1,10.10,9.18,true,1,
4033634066001,false,קרקר 3 זרעים אורגני 200ג,"ד""ר קראוס קארג",DE,קרקר 3 זרעים,גרמים,200.00,100 גרם,false,1,13.50,6.75,true,1,
4033634066070,false,לחם אורגני קמח כוסמין200,"ד""ר קראוס קארג",DE,קרקר קמח כוסמין,גרמים,200.00,100 גרם,false,1,13.50,6.75,true,1,
4033634066094,false,קרקר כוסמין מוזלי200,,DE,קרקרכוסמין מוזלי,גרמים,200.00,100 גרם,false,1,13.50,6.75,true,1,
4033634066209,false,קרקר ציה שיב.שועל200,"ד""ר קראוס קארג",DE,קרקר שיבולת שועל,גרמים,200.00,100 גרם,false,1,13.50,6.75,true,1,
4044889000054,false,ויואני-שוקולד אורגני מריר 85% 100 גר,אקופינה,DE,שוקולד אורגני,גרמים,100.00,100 גרם,false,0,16.60,16.60,true,1,
4045787068245,false,צבע לשיער פרוטאין קולור- 1000.0 אקסטרה בלונד,שוורצקופף והנקל,DE,פרוטאין קולור,יחידה,1.00,יחידה,false,0,15.30,15.30,true,1,
4045787068429,false,"אינדולה - פרוטאין צבע 6-4 אגוז 60 מ""ל",שוורצקופף והנקל,DE,פרוטאין קולור,יחידה,1.00,יחידה,false,0,15.30,15.30,true,1,
4052197000017,false,"בירה בנדיקטינר חיטה לא מסוננת 500 מ""ל",בנדיקטינר וויצבראו,DE,בירה בנדיקטינר,מיליליטרים,500.00,"100 מ""ל",false,0,9.30,1.86,true,1,
4052197001281,false,בירה בנדיקטינר 500 מל פחית,לפ א.ג.ת.ד. שיווק והפצה,DE,בירה בנדיקטינר,מיליליטרים,500.00,"100 מ""ל",false,1,8.30,1.66,true,1,
4053700288205,false,"וייט קרם להסרת שיער לעור רגיש 100 מ""ל",רקיט בנקיזר (ניר איסט) בעמ,FR,קרם להסרת שיער,מיליליטרים,100.00,"100 מ""ל",false,0,17.00,17.00,true,1,
4053700292455,false,ויט רצועות שעווה מוכנות להסרת שיער לעור רגיל 12 יחידות,רקיט בנקיזר (ניר איסט) בעמ,FR,רצועות שעווה ויט,יחידה,1.00,יחידה,false,0,17.00,17.00,true,1,
4056800649792,false,"וולה - פלקס מוס לנפח ליומיים 200 מ""ל",דיפלומט מפיצים (1968) בעמ,FR,וולהפלקס מוס,מיליליטרים,200.00,"100 מ""ל",false,1,27.20,13.60,true,1,
4056800649884,false,"וולה - פלקס ספריי לנפח ליומיים 250 מ""ל",פרוקטר אנד גמבל,FR,וולהפלקס ספריי,מיליליטרים,250.00,"100 מ""ל",false,1,22.90,9.16,true,1,
4056800739448,false,שוקוויבס חימר לעיצוב השיער מסי 75 מל,דיפלומט,FR,חימר לעיצוב שיע,מיליליטרים,75.00,"100 מ""ל",false,1,29.80,39.73,true,1,
4056800762637,false,קולסטון נטורלס מיני קיט 7/3 חום ערמוני,HFC פרסטיג',DE,קולסטון מיני קיט,יחידה,1.00,יחידה,false,1,12.70,12.70,true,1,
4056800762842,false,צבע לשיער קולסטון מיני קיט חום בהיר 5/0,HFC פרסטיג',DE,קולסטון מיני קיט,יחידה,1.00,יחידה,false,1,12.70,12.70,true,1,
4056800777761,false,צבע לשיער קולסטון קיט 2/0 שחור,פרוקטר & גמבל,DE,קולסטון קיט,יחידה,1.00,יחידה,false,0,34.10,34.10,true,1,
4056800778171,false,צבע לשיער קולסטון קיט 5/5 מהגוני,פרוקטר אנד גמבל,DE,קולסטון קיט,יחידה,1.00,יחידה,false,0,34.10,34.10,true,1,
4056800778409,false,צבע לשיער קולסטון קיט 6/7 חום שוקולד,פרוקטר אנד גמבל,DE,קולסטון קיט,יחידה,1.00,יחידה,false,0,34.10,34.10,true,1,
4056800778706,false,קולסטון קיט 7/0 בלונד בינוני,פרוקטר אנד גמבל,DE,קולסטון קיט,יחידה,1.00,יחידה,false,0,34.10,34.10,true,1,
4056800779208,false,צבע לשיער קולסטון קיט 8/0 בלונד בהיר,HFC פרסטיג',DE,קולסטון קיט,יחידה,1.00,יחידה,false,0,34.10,34.10,true,1,
4056800943739,false,קרם חמצן וולוקסון Welloxon 6%,דיפלומט מפיצים (1986) בע`מ,FR,חמצן וולה,מיליליטרים,60.00,"100 מ""ל",false,0,3.30,5.50,true,1,
4056800943791,false,קרם חמצן וולוקסון Welloxon 9%,דיפלומט מפיצים (1986) בע`מ,FR,חמצן וולה9%,מיליליטרים,60.00,"100 מ""ל",false,0,3.30,5.50,true,1,
4059729024510,false,שפתון מועשר 40 יח',CATRICE,DE,שפתון מועשר 40,יחידה,1.00,יחידה,false,0,14.50,14.50,true,1,
4059729028693,false,Catrice Blush Box 040,CATRICE,DE,סומק 40,יחידה,1.00,יחידה,false,0,13.00,13.00,true,1,
4059729030559,false,Cat. Eye Brow Stylist 035,CATRICE,DE,עיפרון גבות 35,יחידה,1.00,יחידה,false,0,9.40,9.40,true,1,
4059729032546,false,"סרום לשפתיים 2.5 מ""ל",,PL,סרום לשפתיים,יחידה,1.00,יחידה,false,0,17.00,17.00,true,1,
4059729034465,false,Cat. HD Liquid Coverage Foundation 046,,IL,מייק אפ HD 46,מיליליטרים,30.00,"100 מ""ל",false,1,24.70,82.33,true,1,
4059729191380,false,Catrice Glam & Doll Boost Lash Growth Volume Mascara,,DE,מסקרה גלאם& דול,יחידה,1.00,יחידה,false,1,17.90,17.90,true,1,
4059729191748,false,עפרון קז'אל 270 יח',,DE,עפרון קז'אל 270,יחידה,1.00,יחידה,false,1,7.60,7.60,true,1,
4059729191762,false,Cat. Slim'Matic Ultra Precise Brow Pencil Waterproof 050,,IL,עפרון גבות סלים,יחידה,1.00,יחידה,false,1,11.90,11.90,true,1,
4059729222916,false,Catrice Blush Box Glowing + Multicolour 010,,IL,פלטת סומק 010,יחידה,1.00,יחידה,false,1,14.50,14.50,true,1,
4059729222923,false,Cat. Blush Box Glowing + Multicolour 020,,IL,פלטת סומק 020,יחידה,1.00,יחידה,false,1,14.50,14.50,true,1,
4059729244444,false,קטריס סומק 025 יח',,IL,קטריס סומק 025,יחידה,1.00,יחידה,false,1,12.80,12.80,true,1,
4059729244499,false,סרום הידרולפנים- CATRICE מסדרת Hydro,,IL,סרום הידרולפנים,מיליליטרים,30.00,"100 מ""ל",false,1,21.30,71.00,true,1,
4059729246271,false,Cat. Lashes To Kill Sexy Volume Mascara,,IL,מסקרה ריסים עבים,יחידה,1.00,יחידה,false,1,14.50,14.50,true,1,
4059729248343,false,Cat. Matt Pro Ink Liquid Lipstick 010,,FR,שפתון מט פרו נוז,יחידה,1.00,יחידה,false,1,17.90,17.90,true,1,
4059729248350,false,Cat. Matt Pro Ink Liquid Lipstick 020,,FR,שפתון מט פרו נוז,יחידה,1.00,יחידה,false,1,17.90,17.90,true,1,
4059729248374,false,Catrice Matt Pro Ink Liquid Lipstick 040,,FR,שפתון מט פרו נוז,יחידה,1.00,יחידה,false,1,17.90,17.90,true,1,
4059729248381,false,Cat. Matt Pro Ink Liquid Lipstick 050,,FR,שפתון מט פרו נוז,יחידה,1.00,יחידה,false,1,17.90,17.90,true,1,
4059729248398,false,Cat. Matt Pro Ink Liquid Lipstick 060,,FR,שפתון מט פרו נוז,יחידה,1.00,יחידה,false,1,17.90,17.90,true,1,
4059729248466,false,Cat. Power Plumping Gel Lipstick 120,,IL,שפתון ג'ל 120,יחידה,1.00,יחידה,false,1,14.50,14.50,true,1,
4059729250322,false,בוסטר אקסטרים לשפתיים יח,,IL,בוסטר אקסטרים לש,יחידה,1.00,יחידה,false,1,14.50,14.50,true,1,
4059729274670,false,עיפרון גבות 015 יח',,IL,עיפרון גבות 015,יחידה,1.00,יחידה,false,1,9.40,9.40,true,1,
4059729275189,false,Catrice Brow Definer Brush Pen Longla. 040,,IL,עט לגבות עמיד 40,יחידה,1.00,יחידה,false,1,12.80,12.80,true,1,
4059729276414,false,ליפגלוס שפתיים מלאות 140,,FR,ליפגלוס שפתיים מ,יחידה,1.00,יחידה,false,1,12.80,12.80,true,1,
4059729276742,false,עיפרון תוחם שפתיים 090,,FR,עיפרון תוחם שפת,יחידה,1.00,יחידה,false,1,9.40,9.40,true,1,
4059729276797,false,Catrice Mattlover Lipstick Pen 090,,TW,שפתון מאט,יחידה,1.00,יחידה,false,0,17.90,17.90,true,1,
4059729281005,false,Cat. Go Big. Go Bold. 24h Waterproof Extreme Volume Mascara,,FR,גו ביג גו בולד מ,יחידה,1.00,יחידה,false,1,17.00,17.00,true,1,
4059729282040,false,Cat. True Skin Hydrating Foundation 046,,FR,מייקאפ טרו סקין,מיליליטרים,30.00,"100 מ""ל",false,1,24.70,82.33,true,1,
4059729311351,false,Catrice LIFT UP Volume & Lift Masc. 010,,IT,מסקרה עם אפקט,יחידה,1.00,יחידה,false,0,17.90,17.90,true,1,
4059729312259,false,Catrice Brow Fix Soap Stylist 010,,CN,סבון לגבות,יחידה,1.00,יחידה,false,0,14.50,14.50,true,1,
4059729312532,false,Catrice One Step Skin Perfector,,IT,פריימר,מיליליטרים,30.00,"100 מ""ל",false,0,21.30,71.00,true,1,
4059729313300,false,Catrice Ult. Waterfr. Lip Tint 040,,PL,ליפגלוס לשפתיים,יחידה,1.00,יחידה,false,0,14.50,14.50,true,1,
4059729313768,false,Catrice Volumizing Extreme Lip Booster 020,,PL,גלוס מנצנץ,יחידה,1.00,יחידה,false,0,14.50,14.50,true,1,
4059729329387,false,Catrice 20H Ultra Gel Eye Pencil WP 040,,DE,עיפרון לעיניים,יחידה,1.00,יחידה,false,0,8.50,8.50,true,1,
4059729329783,false,Catrice Glam & Doll Sens. Vol. Masc. 010,,LU,מסקרה לעיניים,יחידה,1.00,יחידה,false,0,14.50,14.50,true,1,
4059729331991,false,Catrice All Matt Shine Make Up 033C,,IT,מייקאפ,מיליליטרים,30.00,"100 מ""ל",false,0,23.00,76.67,true,1,
4059729333438,false,Catrice Ult. Waterfr. Lip Tint 050,,PL,ליפגלוס לשפתיים,יחידה,1.00,יחידה,false,0,14.50,14.50,true,1,
4059729334343,false,Catrice Volumizing Extreme Lip Booster 030,,LU,גלוס מנצנץ,יחידה,1.00,יחידה,false,0,14.50,14.50,true,1,
4061445096689,false,קפה דוידוף מגורען 100 גר ESPRESSO 57,"טשיבו, אספי.זד.או.או",PL,קפה נמס אספרסו,גרמים,100.00,100 גרם,false,1,18.70,18.70,true,1,
4062400543125,false,"טקילה סיירה זהב רפוסדו 700 מ""ל",מזקקת סיארה אונידס,MX,טקילה סיירה,מיליליטרים,700.00,"100 מ""ל",false,0,76.80,10.97,true,1,
4066600601920,false,פאולנר ביתר חיטה מעוננת 500 מל,טמפו משקאות בע`מ,DE,בירה פאולנר,מיליליטרים,500.00,"100 מ""ל",false,1,9.30,1.86,true,1,
4066600999614,false,"בירה פאולנר, בירת חיטה מעוננת, בקבוק 500 מ""ל",טמפו משקאות בע`מ,DE,בירה פאולנר חיטה,מיליליטרים,500.00,"100 מ""ל",false,1,10.20,2.04,true,1,
4067700014849,false,ליקר ייגרמייסטר 700מ`ל,הכרם -משקאות חריפים בע`מ,DE,יגרמייסטר,מיליליטרים,700.00,"100 מ""ל",false,1,70.80,10.12,true,1,
4072700003649,false,בירה פרנסיסקאנר בהירה בקבוק 500 מל,הכרם - משקאות חריפים בעמ,DE,בירה פרנסיסקאנר,מיליליטרים,500.00,"100 מ""ל",false,0,9.30,1.86,true,1,
4084500065536,false,פנטן קרם לחות מוגברת לעיצוב שיער 300 מל,דיפלומט מפיצים (1968) בעמ,FR,קרם לשיער פנטן,מיליליטרים,300.00,"100 מ""ל",false,0,15.30,5.10,true,1,
4084500065598,false,"קרם לחות פנטן לתלתלים מושלמים 300 מ""ל",דיפלומט מפיצים (1968) בעמ,FR,קרם לשיער פנטן,מיליליטרים,300.00,"100 מ""ל",false,0,15.30,5.10,true,1,
4084500081314,false,משחת שיניים פרו אקספרט לניקוי עמוק בטעם מנטה,דיפלומט מפיצים (1968) בעמ,DE,משחת אורל בי,מיליליטרים,75.00,"100 מ""ל",false,1,11.80,15.73,true,1,
4084500088917,false,נוזל לניקוי כלים לימון פיירי (650 מל),דיפלומט מפיצים (1986) בע`מ,GB,פיירי נוזל לכלים,מיליליטרים,650.00,"100 מ""ל",false,0,9.30,1.43,true,1,
4084500149526,false,טייד גל כביסה 2.48 ליטר אלפים רענן,דיפלומט מפיצים (1986) בע`מ,FR,טייד ג'ל,ליטרים,2.48,ליטר,false,0,22.10,8.91,true,1,
4084500739253,false,"אוראל בי משחת שיניים- להלבנה לובן מהודר 75 מ""ל",דיפלומט מפיצים (1968) בעמ,DE,משחת אורל בי,מיליליטרים,75.00,"100 מ""ל",false,1,17.80,23.73,true,1,
4084500853836,false,"נוזל כלים פיירי ורדים ומשי 515 מ""ל בד""צ",דיפלומט מפיצים (1986) בע`מ,GB,פיירי נוזל לכלים,מיליליטרים,515.00,"100 מ""ל",false,1,9.30,1.81,true,1,
4084500853898,false,"נוזל כלים פיירי אלוורה ומלפפונים 515 מ""ל בד""צ",דיפלומט מפיצים (1986) בע`מ,GB,פיירי נוזל לכלים,מיליליטרים,515.00,"100 מ""ל",false,1,9.30,1.81,true,1,
4100130937163,false,בירה בקס שישייה 6*275 מל,הכרם -משקאות חריפים בע`מ,DE,בירה בקס 6 בקבוק,ליטרים,1.65,ליטר,false,1,25.50,15.45,true,1,
4100470106700,false,חומץ תפוחים אורגני-נטורפוד.,נטורפוד בעמ,DE,חומץ תפוחים,מיליליטרים,750.00,"100 מ""ל",false,0,19.50,2.60,true,1,
4101730040048,false,שוקולד נוגט מוצרט 100גרם,רבר,DE,שוקולד מוצרט,גרמים,100.00,100 גרם,false,1,13.50,13.50,true,1,
4105120623941,false,"בירה ויינשטפן בק' ח""פ 500 מ""ל",החברה המרכזית להפצת משקאות בעמ,DE,בירה ויינשטפן,מיליליטרים,500.00,"100 מ""ל",false,1,10.10,2.02,true,1,
4105120624412,false,"ויינשטפן ויטוס בק`ח""פ 500 מ""ל",החברה המרכזית להפצת משקאות בעמ,DE,בירה ויישטפן,מיליליטרים,500.00,"100 מ""ל",false,1,10.10,2.02,true,1,
4210201078128,false,מברשת שיניים חשמלית נטענת 800 סנסיטיבD16,דיפלומט,DE,אורל בי נטענת,יחידה,1.00,יחידה,false,0,145.20,145.20,true,1,
4210201159629,false,אורל בי מברשת חשמלית יחי,B ORAL,DE,אורל בי מברשת חש,יחידה,1.00,יחידה,false,1,470.00,470.00,true,1,
4210201181538,false,אורל בי ראש חשמלי לילדים קארס 4 יחידות,דיפלומט מפיצים (1968) בעמ,DE,ראש חשמלי 4 יח,יחידה,1.00,יחידה,false,0,76.80,76.80,true,1,
4210201203858,false,בראון מברשת שיניים חשמלית 4000S,דיפלומט,DE,מברשת נטענת,יחידה,1.00,יחידה,false,1,299.00,299.00,true,1,
4210201245193,false,אורל בי מברשת שיניים חשמלית נטענת לילדים פרוזן,דיפלומט מפיצים (1968) בעמ,DE,מברשת אורל בי,יחידה,1.00,יחידה,false,1,85.30,85.30,true,1,
4210201262183,false,מברשת שיניים חשמלית ויטליטי Vitality נטענת,דיפלומט מפיצים (1968) בעמ,DE,מברשת נטענת,יחידה,1.00,יחידה,false,1,70.00,70.00,true,1,
4210201277361,false,אורל בי מברשת שיניים ג'יניוס 8000,B ORAL,DE,אורל בי מברשת חש,יחידה,1.00,יחידה,false,1,470.00,470.00,true,1,
4210201320111,false,אורל בי מברשת שיניים חשמלית נטענת לילדים,"מיוצר עבור בראון, גרמניה",DE,מברשת שיניים נטע,יחידה,1.00,יחידה,false,1,85.30,85.30,true,1,
4210201354369,false,אורל בי ראש חשמלי קרוס אקשן 4 יחידות,דיפלומט מפיצים (1968) בעמ,IE,ראש חשמלי קרוס א,יחידה,1.00,יחידה,false,1,70.00,70.00,true,1,
4210201360742,false,אורל בי ראש חשמלי ניקוי יסודי רביעייה,דיפלומט מפיצים (1968) בעמ,IE,אורל בי 4 ראשים,יחידה,1.00,יחידה,false,1,70.00,70.00,true,1,
4210201365334,false,אורל בי ראש חשמלי סיבי פחם ארבע יחידות,דיפלומט מפיצים (1968) בעמ,DE,אורל בי ראש 4 יח,יחידה,1.00,יחידה,false,1,70.00,70.00,true,1,
4250035228290,false,מסקרה אולרואנד עמידה,CATRICE,DE,מסקרה עמידה במי,יחידה,1.00,יחידה,false,0,12.80,12.80,true,1,
4250035288157,false,עפרון קז'אל 10,CATRICE,DE,עפרון קז'אל 10,יחידה,1.00,יחידה,false,0,7.60,7.60,true,1,
4250338474363,false,איילנר נוזלי,CATRICE,DE,איילנר נוזלי,יחידה,1.00,יחידה,false,0,12.80,12.80,true,1,
4250338474400,false,איילנר נוזלי עמיד במים,CATRICE,DE,איילנר נוזלי עמי,יחידה,1.00,יחידה,false,0,13.60,13.60,true,1,
4250338487769,false,Cat. Eye Brow Stylist 030,CATRICE,DE,עיפרון גבות 30,יחידה,1.00,יחידה,false,0,9.40,9.40,true,1,
4250587723588,false,Catrice Glam&Doll Volume Mascara,CATRICE,DE,מסקרה לנפח ריסים,יחידה,1.00,יחידה,false,0,14.50,14.50,true,1,
4250587723779,false,Catrice Lash Brow Designer Shaping And Conditioning Mascara Gel,CATRICE,DE,ג'ל לעיצוב הגבות,יחידה,1.00,יחידה,false,0,11.90,11.90,true,1,
4250587793338,false,Cat. All Matt Plus Shine Control Powder 025,CATRICE,DE,פודרה מט 25,יחידה,1.00,יחידה,false,0,12.80,12.80,true,1,
4250947531518,false,פודרה בתפזורת יח',CATRICE,DE,פודרה בתפזורת,יחידה,1.00,יחידה,false,0,19.60,19.60,true,1,
4250947544662,false,Cat. Liquid Camouflage High Coverage Concealer 010,CATRICE,DE,קונסילר נוזלי 1,יחידה,1.00,יחידה,false,0,12.80,12.80,true,1,
4250947544686,false,Cat. Liquid Camouflage High Coverage Concealer 020,CATRICE,DE,קונסילר נוזלי 2,יחידה,1.00,יחידה,false,0,12.80,12.80,true,1,
4250947562314,false,עפרון קז'אל 220,CATRICE,DE,עפרון קז'אל 220,יחידה,1.00,יחידה,false,0,7.60,7.60,true,1,
4250947562345,false,Catrice Duo Eyebrow Defining Brush,,CN,מברשת לגבות,יחידה,1.00,יחידה,false,0,11.10,11.10,true,1,
4250947563441,false,Catrice High Glow Mineral Highlighting Powder,CATRICE,DE,שימר,יחידה,1.00,יחידה,false,0,17.90,17.90,true,1,
4250947563618,false,Cat. Liquid Camouflage High Coverage Concealer 005,CATRICE,DE,קונסילר נוזלי 0,יחידה,1.00,יחידה,false,0,12.80,12.80,true,1,
4250947598283,false,Catrice HD Liquid Coverage Foundation 010,CATRICE,DE,מייק אפ 10-HD,מיליליטרים,30.00,"100 מ""ל",false,0,24.70,82.33,true,1,
4250947598306,false,Cat. HD Liquid Coverage Foundation 030,CATRICE,DE,מייק אפ 30-HD,מיליליטרים,30.00,"100 מ""ל",false,0,24.70,82.33,true,1,
4250947598313,false,Cat. HD Liquid Coverage Foundation 040,CATRICE,DE,מייק אפ 40-HD,מיליליטרים,30.00,"100 מ""ל",false,0,24.70,82.33,true,1,
4251232217537,false,עיפרון עיניים עמיד 30,CATRICE,DE,עיפרון עיניים 30,יחידה,1.00,יחידה,false,0,8.50,8.50,true,1,
4251232217605,false,Cat. Inside Eye Khol Kajal,CATRICE,DE,עפרון לתיחום,יחידה,1.00,יחידה,false,0,11.10,11.10,true,1,
4251232227284,false,Cat. Slim'Matic Ultra Precise Brow Pencil Waterproof 030,CATRICE,DE,עיפרון גבות סלים,יחידה,1.00,יחידה,false,0,11.90,11.90,true,1,
4251232241860,false,Cat. ICONails Gel Lacquer 03,CATRICE,DE,לק במרקם ג'ל 03,יחידה,1.00,יחידה,false,0,8.50,8.50,true,1,
4251232283631,false,Cat. Mattlover Lipstick Pen 070,,IL,שפתון מאט 070,יחידה,1.00,יחידה,false,1,17.90,17.90,true,1,
4251232284324,false,Cat. Liquid Camouflage High Coverage Concealer 015,CATRICE,DE,קונסילר נוזלי 15,יחידה,1.00,יחידה,false,0,12.80,12.80,true,1,
4260147890513,false,אטריות ביצים דקות ורמיצ'לי 500ג',דין שיווק וקליה 2021 בעמ,PL,אטריות ביצים,גרמים,500.00,100 גרם,false,0,10.90,2.18,true,1,
4260147890537,false,אטריות ביצים רצועות רחבות 500 גר,דין שיווק וקליה 2021 בעמ,PL,אטריות ביצים,גרמים,500.00,100 גרם,false,0,10.90,2.18,true,1,
4260334140049,false,שוקולד גנדויה טבעוני עם אגוזי לוז 65 גר,וגו גוד,IT,שוקולד טבעוני,גרמים,65.00,100 גרם,false,1,10.60,16.31,true,1,
4260334140605,false,שוקולד ג'נדויה טבעוני עם אגוזי לוז שלמים 150 גרם ללא גלוטן,האי נאם סי או אל.טי.,IT,שוקולד טבעוני,גרמים,150.00,100 גרם,false,1,16.60,11.07,true,1,
4600659010854,false,וודקה סטוליצ`יניה (700 מל),הכרם -משקאות חריפים בע`מ,LV,וודקה סטוליצ'ניה,מיליליטרים,700.00,"100 מ""ל",false,0,51.20,7.31,true,1,
4603400000043,false,וודקה רוסקי יורוסטנדרט (700 מל),רוסקי סטנדרט וודקה,RU,וודקה רוסקי,מיליליטרים,700.00,"100 מ""ל",false,0,48.60,6.94,true,1,
4603928000976,false,"בלוגה נובל וודקה 700 מ""ל+כוס הייבול",מרינסקי ליקרו-וודאצ'\ני,RU,וודקה בלוגה,מיליליטרים,700.00,"100 מ""ל",false,1,105.00,15.00,true,1,
4607001779650,false,קפה נמס ג'קובס גולד 190ג,,RU,קפה נמס ג'קובס,גרמים,190.00,100 גרם,false,1,20.90,11.00,true,1,
4607012351005,false,גרעיני חמניות מרטין ללא מלח 200 גרם,"נארז ע""י : א.ג. גילר",RU,גרעין חמנייה,גרמים,200.00,100 גרם,false,1,11.00,5.50,true,1,
4607012351999,false,גרעיני חמניות מרטין עם מלח 200 גרם,"נארז ע""י : א.ג. גילר",RU,גרעיני חמנייה במ,גרמים,200.00,100 גרם,false,1,11.00,5.50,true,1,
4607012352453,false,גרעיני חמניות מרטין פסים עם מלח 150 גר,אל אל סי מרטין,RU,גרעיני חמניה במל,גרמים,150.00,100 גרם,false,1,8.40,5.60,true,1,
4607086730423,false,גרעין חמנייה קלוי 200גרם,KARPAY,IL,גרעין חמנייה,גרמים,200.00,100 גרם,false,1,10.10,5.05,true,1,
4607086730782,false,גרעין חמנייה עם מלח 200ג,KARPAY,IL,גרעין חמניה מלח,גרמים,200.00,100 גרם,false,1,10.10,5.05,true,1,
4610028130052,false,וודקה לג'נד אוף קרמלין Legend of Kremlin,"איטאר בע""מ קלינינגרד",RU,וודקה לגנד,מיליליטרים,700.00,"100 מ""ל",false,1,85.40,12.20,true,1,
4640018993343,false,פיניש קוואנטום קפסולות ג'ל למדיח כלים 30 יח',רקיט בנקיזר (ניר איסט) בעמ,PL,פיניש 30 טבליות,יחידה,1.00,יחידה,false,1,29.80,29.80,true,1,
4640018993398,false,פיניש קוואנטום 60 יח' קפסולות ג'ל למדיח כלים,רקיט בנקיזר (ניר איסט) בעמ,PL,פיניש קוואנטום,יחידה,1.00,יחידה,false,1,46.90,46.90,true,1,
4710068001715,false,משקה בטעם טירמיסו מאסטר קפה (240 מל),יוני פרזינדנט אנטרפר,TW,מאסטר קפה,מיליליטרים,240.00,"100 מ""ל",false,0,6.70,2.79,true,1,
4710068001739,false,מאסטר קפה בטעם קולומביאני בפחית 240מ`ל,יוני פרזינדנט אנטרפר,TW,מאסטר קפה,מיליליטרים,240.00,"100 מ""ל",false,0,6.70,2.79,true,1,
4710964104916,false,"שמן שומשום טהור 370 מ""ל (כ)",מזרח ומערב יבוא ושיווק,TW,שמן שומשום,מיליליטרים,370.00,"100 מ""ל",false,0,17.80,4.81,true,1,
4711476002813,false,"קפה קר פיפו למוקצינו 240 מ""ל זכוכית",,TW,קפה מוקוצ'ינו,מיליליטרים,240.00,"100 מ""ל",false,1,7.60,3.17,true,1,
4750012025855,false,דיווה קוסמופוליטן-שיכר תפוח 750 מל,Amberbev Internation,,דיווה אפרסק,יחידה,1.00,יחידה,false,0,19.30,19.30,true,1,
4750012026852,false,דיווה קוסמופוליטן שיכר פרי יער 750 מל,בלזם,,דיווה פרי יער,יחידה,1.00,יחידה,false,0,19.30,19.30,true,1,
4751003924003,false,סלט טונה עם ירקות איטלקי 185 ג' לארסן,,LV,טונה עם ירקות,גרמים,185.00,100 גרם,false,1,11.00,5.95,true,1,
4751003924010,false,סלט טונה עם ירקות מקסיקני 185 ג' לארסן,,LV,טונה עם ירקות,גרמים,185.00,100 גרם,false,1,11.00,5.95,true,1,
4751007730938,false,שיפרוטים מעושנים בשמן צמחי 240 גר`,דברים טובים סגל בעמ,LV,שפרוטים מעושנים,גרמים,240.00,100 גרם,false,1,9.90,4.13,true,1,
4751007732666,false,פילה סלומון ברוטב עגבניות פיקנטי 170 גר,KARAVELLA,LV,פילה סלמון ברוטב,גרמים,170.00,100 גרם,false,1,10.10,5.94,true,1,
4751007733212,false,פילה סלומון ברוטב חרדל 170 גר,KARAVELLA,LV,פילה סלמון ברוטב,גרמים,170.00,100 גרם,false,1,10.10,5.94,true,1,
4751007733229,false,פילה סלומון ברוטב עגבניות 170 גר,KARAVELLA,LV,פילה סלמון ברוטב,גרמים,170.00,100 גרם,false,1,10.10,5.94,true,1,
4751007733991,false,פילה סלומון מיץ טבעי 170 גר,KARAVELLA,LV,סלמון במיץ טבעי,גרמים,200.00,100 גרם,false,1,10.10,5.05,true,1,
4751007738101,false,סלט סלמון עם ירקות איטלקי 220 ג' לארסן,ס.י.א קרבלה,LV,דג סלמון+ירקות,גרמים,220.00,100 גרם,false,1,10.10,4.59,true,1,
4770577229062,false,סלק אדום מבושל אורגני500,.,LT,סלק אדום אורגני,גרמים,500.00,100 גרם,false,1,9.90,1.98,true,1,
4792032060454,false,"גרין קוקו - מי קוקוס אורגניים 330 מ""ל",נטורפוד בעמ,VN,מי קוקוס אורגני,מיליליטרים,330.00,"100 מ""ל",false,1,8.00,2.42,true,1,
4792059022053,false,קרם קוקוס אורגני 400 מ`ל,סי בי אל נטורל פודס,LK,קרם קוקוס,מיליליטרים,400.00,"100 מ""ל",false,1,10.90,2.73,true,1,
4793000637005,false,נטורפוד-מקלות קינמון ציילון אורגני,אינטרנשיונל קומודטי אקספ,LK,מקלות קינמון,גרמים,70.00,100 גרם,false,1,13.20,18.86,true,1,
4793000637012,false,קינמון ציילון אורגני טחון 70 גרם,אינטרנשיונל קומודטי אקספ,LK,קינמון ציילוני,גרמים,70.00,100 גרם,false,1,13.20,18.86,true,1,
4793000637029,false,אבקת מורינגה אורגנית 70 גרם,תות תעשיות מזון (201,LK,אבקת מורינגה,גרמים,70.00,100 גרם,false,1,13.20,18.86,true,1,
4800888150080,false,"דאב - דאודורנט רול און לאישה פרש טאצ' מלפפונים 50 מ""ל",יוניליוור ישראל שיווק בע`מ,PH,דאודורנט דאב,מיליליטרים,50.00,"100 מ""ל",false,0,11.00,22.00,true,1,
4800888209382,false,רקסונה דאודורנט סטיק אינביזיבל 50 גרם (נשים),יוניליוור ישראל שיווק בע`מ,PH,דאודורנט רקסונה,מיליליטרים,50.00,"100 מ""ל",false,1,11.80,23.60,true,1,
4800888210197,false,דאודורנט סטיק לנשים בניחוח קוקוס ויסמין,"יוניליוור ישראל שיווק בע""מ",PH,דאודורנט דאב,מיליליטרים,50.00,"100 מ""ל",false,1,17.00,34.00,true,1,
4800888219527,false,דאב - דאודורנט סטיק לאישה ללא סימן אינביזיבל 50 גרם,יוניליוור ישראל שיווק בעמ,PH,דאודורנט דאב,גרמים,50.00,100 גרם,false,1,17.00,34.00,true,1,
4800888219534,false,דאב - דאודורנט סטיק לאישה אנטי פרספירמט 50 גרם,יוניליוור ישראל שיווק בע`מ,PH,דאו.דאב,מיליליטרים,50.00,"100 מ""ל",false,1,17.00,34.00,true,1,
4800888219541,false,רקסונה - דאודורנט סטיק לאישה פאוודר דרי 50 גרם,"יוניליוור ישראל שיווק בע""מ",PH,דאודורנט רקסונה,מיליליטרים,50.00,"100 מ""ל",false,1,11.80,23.60,true,1,
4801234159863,false,גלייד מיני-ג'ל מפיץ ריח בניחוח חבצלות ופרחי בר 70 גרם,המאפיה של הרמן,CN,גלייד מיני,גרמים,70.00,100 גרם,false,0,5.90,8.43,true,1,
4820097898016,false,סיידר הפס דובדבן 330*4מל,בוורז' פלאס,UA,סיידר דובדבן 4יח,ליטרים,1.32,ליטר,false,1,21.40,16.21,true,1,
4820229031311,false,"וודקה חורטיצה פלטניום 700 מ""ל.",אוקראיניאן דיסטריביו,UA,וודקה חורטיצה,מיליליטרים,700.00,"100 מ""ל",false,1,46.90,6.70,true,1,
4860019001414,false,מים מינרליים 750 מל בורזוימי,האי נאם סי או אל.טי.,GE,מים מינרליים,מיליליטרים,750.00,"100 מ""ל",false,0,7.70,1.03,true,1,
4891228308025,false,סכין גילוח היידרו סילק אישה מארז ידית+4,ארץ ייצור סכינים: ארהבn\,US,היידרו סילק מארז,יחידה,1.00,יחידה,false,1,51.10,51.10,true,1,
4891228308032,false,שיק סכינים גילוח אינטואישן ידית + 5,ארץ ייצור סכינים: ארהבn\,US,שיק אינטואישן5+ס,יחידה,1.00,יחידה,false,1,51.10,51.10,true,1,
4891228309268,false,"טאצ' אפ מעצב גבות מקצועי, 3 יחידות",ש.שסטוביץ בעמ,US,שיק סכיני סילק ט,יחידה,1.00,יחידה,false,1,17.00,17.00,true,1,
4891228430047,false,שיק אקזקטה 2 רגיש סכיני גילוח לגבר,אנרג'יזר Energizer,CN,סכיני גילוח 10יח,יחידה,1.00,יחידה,false,0,21.20,21.20,true,1,
4891228430061,false,סכיני גילוח שיק אקזקטה 2 לנשים ורוד 10 יח',הנסיך- מפעל לייצור ט,CN,סכיני גילוח 10יח,יחידה,1.00,יחידה,false,0,21.20,21.20,true,1,
4891228430085,false,סכיני גילוח שיק אקסטרים קומפורט לגבר 3 להבים 4 יחידות,אנרג'יזר Energizer,CN,סכיני גילוח,יחידה,1.00,יחידה,false,0,14.40,14.40,true,1,
4891228430092,false,סכיני גילוח שיק אקסטרים קומפורט לנשים 3 להבים 4 יחידות,אנרג'יזר Energizer,CN,סכיני גילוח,יחידה,1.00,יחידה,false,0,14.40,14.40,true,1,
4891228460242,false,שיק קוואטרו חד פעמי לנשים 3 יחידות,אנרג'יזר Energizer,CN,סכיני גילוח נשים,יחידה,1.00,יחידה,false,0,28.90,28.90,true,1,
4903001904192,false,רוטב סויה יאמאסה פרימיום 500מ`ל,הדקלאים אגודת שיתופי,JP,רוטב סויה יאמאסה,מיליליטרים,500.00,"100 מ""ל",false,0,15.30,3.06,true,1,
4903001925784,false,"רוטב סויה יאמאסה דל מלח 500מ""ל פרימיום",הדקלאים אגודת שיתופי,JP,רוטב סויה,מיליליטרים,500.00,"100 מ""ל",false,0,15.30,3.06,true,1,
4903001945706,false,"רוטב יאמאסה פונזו לתיבול 500 מ""ל",ליימן שליסל,CN,רוטב פונזו,מיליליטרים,500.00,"100 מ""ל",false,1,18.70,3.74,true,1,
5000054359500,false,פריסקיז פטה כבד ועוף 156גרם,קבוצת אוסם סחר-שות.מוגבלת,US,פריסקיז כבד ועוף,גרמים,156.00,100 גרם,false,1,5.50,3.53,true,1,
5000127163195,false,דגני בוקר קלוגס ספיישל קיי 500גרם,חברת קלוגס בריטניה,GB,קלוג'ס ספיישלK,גרמים,500.00,100 גרם,false,0,21.20,4.24,true,1,
5000146401568,false,וולייט דפים למניעת העברת צבע 10 דפים,רקיט בנקיזר (ניר איסט) בעמ,IT,וולייט דפים,יחידה,1.00,יחידה,false,0,11.00,11.00,true,1,
5000157143365,false,מתבל בטעם מיונז וקטשופ היינץ 425 גרם,דיפלומט מפיצים (1968) בעמ**,PL,מתבל ט.מיונז,גרמים,425.00,100 גרם,false,1,12.70,2.99,true,1,
5000159020312,false,מלטיזרס אריזה קטנה 37 גרם,"מרס ריגלי ישראל בע""מ",NL,שוקולד מלטיזרס,גרמים,37.00,100 גרם,false,1,4.20,11.35,true,1,
5000159376655,false,סוכריות SKITTLES פירות קטן 38 גרם אדום,"מרס ריגלי ישראל בע""מ",CZ,סוכריות סקיטלס,גרמים,38.00,100 גרם,false,0,2.40,6.32,true,1,
5000159376792,false,סוכריות סקיטלס Skittles פירות חמוצים,"מרס ריגלי ישראל בע""מ",CZ,סוכריות סקיטלס,גרמים,38.00,100 גרם,false,0,2.40,6.32,true,1,
5000159407236,false,מרס חטיף שוקולד עם קרמל 51 גרם,"מרס ריגלי ישראל בע""מ",NL,חטיף מרס,גרמים,51.00,100 גרם,false,0,3.30,6.47,true,1,
5000159409179,false,מארז סניקרס/מיניס משפחתי 403 גר,"מרס ריגלי ישראל בע""מ",NL,מיני סניקרס,גרמים,403.00,100 גרם,false,0,17.00,4.22,true,1,
5000159442572,false,טויקס חטיף שוקולד מארז 403 גרם,"מרס ריגלי ישראל בע""מ",DE,מיני טוויקס,גרמים,403.00,100 גרם,false,0,17.00,4.22,true,1,
5000159452540,false,סניקרס חטיף שוקולד עם בוטנים חמישייה ברי,"מרס ריגלי ישראל בע""מ",NL,חטיפי סניקרס,גרמים,250.00,100 גרם,false,1,10.10,4.04,true,1,
5000159452663,false,מרס מארז חטיף 45 גרם חמישייה,"מרס ריגלי ישראל בע""מ",NL,חטיפי מרס,גרמים,225.00,100 גרם,false,1,10.10,4.49,true,1,
5000159459228,false,חטיף אצבעות קרמל ושוקולד טוויקס (50 גרם),"מרס ריגלי ישראל בע""מ",NL,חטיף טוויקס,גרמים,50.00,100 גרם,false,0,3.30,6.60,true,1,
5000159461122,false,סניקרס חטיף שוקולד עם בוטנים 50 גרם,"מרס ריגלי ישראל בע""מ",NL,חטיף סניקרס,גרמים,50.00,100 גרם,false,0,3.30,6.60,true,1,
5000159500845,false,סלבריישן מארז מתנה 196 גרם,מרס ריגלי ישראל בעמ,NL,בונבונ.סלבריישן,גרמים,196.00,100 גרם,false,1,15.20,7.75,true,1,
5000159538626,false,טוויקס מארז חטיף 50 גרם חמישייה,"מרס ריגלי ישראל בע""מ",NL,חטיפי טוויקס,גרמים,200.00,100 גרם,false,1,10.10,5.05,true,1,
5000159541152,false,חטיף טוויקס לבן 46 גרם.,מרס ריגלי ישראל בעמ,DE,חטיף טוויקס לבן,גרמים,50.00,100 גרם,false,1,3.30,6.60,true,1,
5000168199245,false,שוקולד חלב מעולה בתוספת קרמל מלוח פיור גודייבה 90 ג',"אולקר מקבוצת פלאדיס, ציק",TR,שוקולד גודייבה,גרמים,90.00,100 גרם,false,1,12.70,14.11,true,1,
5000189974579,false,מארז מיני חטיפי קיט קט Kit Kat,קבוצת אוסם סחר שותפות מוגבלת,DE,קיט קאט מיני,גרמים,200.00,100 גרם,false,0,12.70,6.35,true,1,
5000204114898,false,גלייד ארוסול מבשם אוויר ניחוח מרכך כביסה,"אס.סי ג'\ונסון,מידרכט, ה",NL,גלייד ארוסול,מיליליטרים,300.00,"100 מ""ל",false,1,6.70,2.23,true,1,
5000204153903,false,מטהר אוויר גלייד מילוי אוטומטי מרכך כביסה,"קוסטר אירוסול ואלף סאן,",TR,גלייד מילוי,מיליליטרים,269.00,"100 מ""ל",false,1,13.50,5.02,true,1,
5000204155723,false,"גלייד מארז אוטומטי-בניחות מרכך כביסה 269 מ""ל",קוסטר אירוסול ואלף סאן,TR,גלייד אוטומטי,מיליליטרים,269.00,"100 מ""ל",false,1,36.60,13.61,true,1,
5000204156218,false,מבשם אויר אוטומטי בניחוח לבנדר גלייד 269,יצרן אירוסול: קוסטור איר,TR,גלייד אוטומטי,מיליליטרים,269.00,"100 מ""ל",false,1,36.60,13.61,true,1,
5000204167856,false,"גלייד מילוי אוטומטי פסטיבל קינמון 269 מ""","קוסטר אירוסול ואלף סאן,",TR,גלייד מילוי,מיליליטרים,269.00,"100 מ""ל",false,1,13.50,5.02,true,1,
5000204182057,false,מטהר אוויר גלייד מוצק בניחוח לבנדר,במה פולסקה אספי.זד.או.או,PL,גלייד מוצק לבנדר,גרמים,180.00,100 גרם,false,1,10.60,5.89,true,1,
5000204243000,false,"נוזל לאסלה אפרסק על חלל 750 מ""ל דאק",טואלט דאק (ג'ונסון),NL,דאק נוזל אפרסק,מיליליטרים,750.00,"100 מ""ל",false,1,7.60,1.01,true,1,
5000204657883,false,"קיווי משחת נעליים בקופסא חום 50מ""ל",ג' אל ראיה בוגור ג'א,ID,קיווי משחה בחום,מיליליטרים,50.00,"100 מ""ל",false,0,5.00,10.00,true,1,
5000204658125,false,"קיווי נוזל נעליים קראון חום 75 מ""ל",אס' סי' ג'ונסון במה,PL,קיווי נוזל,מיליליטרים,75.00,"100 מ""ל",false,0,12.70,16.93,true,1,
5000204658187,false,משחת נעליים קראון שחור קיווי (75 מל),אס' סי' ג'ונסון במה,PL,קיווי נוזל,מיליליטרים,75.00,"100 מ""ל",false,0,12.70,16.93,true,1,
5000213000359,false,בירה גינס אקסטרא סטאוט,החברה המרכזית להפצת משקאות בעמ,IE,בירה גינס,מיליליטרים,330.00,"100 מ""ל",false,1,11.90,3.61,true,1,
5000213014905,false,בירה בפחית גינס (440 מל),החברה המרכזית להפצת משקאות בעמ,IE,בירה גינס פחית,מיליליטרים,440.00,"100 מ""ל",false,0,13.60,3.09,true,1,
5000219120112,false,פאל מאל כחול ארוך סטרים פילטר עשירייה,גלוברנדס בעמ - שיווק סיגריות,TR,פאלמאל כחול ארוך,יחידה,1.00,יחידה,false,1,287.00,287.00,false,1,
5000267014234,false,וויסקי ג'וני ווקר רד לייבל Red label,החברה המרכזית להפצת משקאות בעמ,GB,ג'וני ווקר אדום,מיליליטרים,700.00,"100 מ""ל",false,0,64.00,9.14,true,1,
5000267024202,false,וויסקי ג'וני ווקר שחור,אלכוהול (איי.בי.בי),GB,ויסקי ג'וני ווקר,מיליליטרים,700.00,"100 מ""ל",false,0,102.40,14.63,true,1,
5000267024233,false,"וויסקי ג'וני בלאק לייבל עם פורר 700מ""ל",החברה המרכזית להפצת משקאות בעמ,GB,ויסקי ג'וני ווקר,מיליליטרים,700.00,"100 מ""ל",false,0,102.40,14.63,true,1,
5000289925440,false,גין גורדון בקבוק 700,החברה המרכזית להפצת משקאות-אלכ,GB,ג'ין גורדון,מיליליטרים,700.00,"100 מ""ל",false,1,72.60,10.38,true,1,
5000299223031,false,"קפטן מורגן ספייסד - רום 750 מ""ל",יבואן ומשווק: ש. שסט,JM,קפטן מורגן,מיליליטרים,750.00,"100 מ""ל",false,1,76.80,10.24,true,1,
5000299609347,false,"וויסקי גלנליווט פאונדרס ריזרב 700מ""ל",ג'ורג' וג'יי ג'יי סמית,GB,וויסקי גלנליווט,מיליליטרים,700.00,"100 מ""ל",false,1,128.10,18.30,true,1,
5000329002193,false,משקה ג'ין ביפאיטר 70,פרנו ריקרד יורו,GB,ג'ין ביפאיטר,מיליליטרים,700.00,"100 מ""ל",false,1,85.30,12.19,true,1,
5000394137486,false,רביעיות סוללות אופטימום AA דורסל,דיפלומט מפיצים (1968) בעמ,BE,דורסל אופטימום,יחידה,1.00,יחידה,false,1,19.50,19.50,true,1,
5000394203921,false,זוג סוללות ליתיום 2032 דורסל,דיפלומט מפיצים (1986) בע`מ,CN,דורסל זוג סוללות,יחידה,1.00,יחידה,false,1,17.00,17.00,true,1,
5000396037944,false,מקוויטיס ביסקוויט אורגינל 250 גרם,תה ויסוצקי (ישראל)בעמ,GB,ביסקוויט מקויטיס,גרמים,250.00,100 גרם,false,1,8.40,3.36,true,1,
5010026515919,false,מוזלי קריספי נאטי מורנפלייק 650 גרם,מורנפלייק Mornflake,GB,מוזלי מורנפלייק,גרמים,650.00,100 גרם,false,1,21.20,3.26,true,1,
5010026515933,false,מורנפלייק מוזלי פירות ואגוזים 750 גרם,מורנינג פוד,GB,מוזלי מורנפלייק,גרמים,750.00,100 גרם,false,1,21.20,2.83,true,1,
5010029000252,false,וויטביקס תערובת דגנים מחיטה מלאה 430 גרם,ר.ב. מוצרי דגנים בעמ,GB,וויטביקס-דגנים,גרמים,430.00,100 גרם,false,1,21.20,4.93,true,1,
5010038454831,false,"בקבוק בירה בלומון 330 מ""ל",הכרם - משקאות חריפים בעמ,CZ,בירה בלו מון,מיליליטרים,330.00,"100 מ""ל",false,1,11.50,3.48,true,1,
5010067322453,false,טרוביה תחליף אבקת סוכר 280 גרם,גורי ע.ע.ע. בעמ,US,טרוביה אבקה,גרמים,280.00,100 גרם,false,1,29.80,10.64,true,1,
5010182997253,false,רייד תרסיס קוטל ג'וקים/תיקנים 300 מל,אס.סי.ג'ונסון מידרכט,NL,רייד מקס,מיליליטרים,300.00,"100 מ""ל",false,0,12.70,4.23,true,1,
5010182997918,false,דאק ג'ל לניקוי אסלות בניחוח ים 55 מל,"איטיליאן פוד, אס.פי.",IT,דאק ג'ל לאסלה,מיליליטרים,55.00,"100 מ""ל",false,0,8.40,15.27,true,1,
5010182998847,false,דאק נוזל לניקוי אסלות בניחוח ים 750 מל,מיוצר עי קונדיטוריית,NL,טואלט דאק,מיליליטרים,750.00,"100 מ""ל",false,0,7.60,1.01,true,1,
5010182998861,false,דאק נוזל לניקוי אסלות בניחוח רענן 750 מל,מיוצר עי קונדיטוריית,NL,דאק נוזל אסלה,מיליליטרים,750.00,"100 מ""ל",false,0,7.60,1.01,true,1,
5010265002911,false,רייויטה פת פריכה מקמח שיפון מלא 250 גרם,דה ג'ורדנס אנד ריווי,GB,פת פריכה,גרמים,250.00,100 גרם,false,1,12.70,5.08,true,1,
5010314048907,false,"וויסקי מקאלן פיין אוק 12 שנה 700 מ""ל",מקאלן דיסטילרי,GB,וויסקי מקאלן,מיליליטרים,700.00,"100 מ""ל",false,1,226.50,32.36,true,1,
5010314304904,false,וויסקי נייקד מאלט 700 מל,מאתיו גלוג אנד סאן,GB,ויסקי נייקד מאלט,מיליליטרים,700.00,"100 מ""ל",false,1,132.50,18.93,true,1,
5010327000046,false,"וויסקי גרנטס וויסקי 700 מ""ל","וויליאם גראנט ובניו בע""\",GB,וויסקי גרנט'ס,מיליליטרים,700.00,"100 מ""ל",false,0,59.70,8.53,true,1,
5010327105215,false,וויסקי מאנקי שולדר Monkey Shoulder,"וויליאם גראנט ובניו בע""\",GB,וויסקי מאנקי,מיליליטרים,700.00,"100 מ""ל",false,1,119.60,17.08,true,1,
5010327324333,false,"סינגל מאלט סקוטי גלנפידיך 14 שנה 700 מ""ל",הכרם משקאות חריפים בעמ,GB,וויסקי גלנפידיך,מיליליטרים,700.00,"100 מ""ל",false,1,170.80,24.40,true,1,
5010327399614,false,"גלנפידיך 12 אמריקן אווק כשר 700 מ""ל",הכרם - משקאות חריפים בעמ,GB,וויסקי גלנפידיך,מיליליטרים,700.00,"100 מ""ל",false,1,145.20,20.75,true,1,
5010327755014,false,"ג'ין הנדריקס 700 מ""ל",הכרם - משקאות חריפים בעמ,GB,ג'ין הנדריקס,מיליליטרים,700.00,"100 מ""ל",false,1,145.20,20.75,true,1,
5010391100703,false,ליקר דרמבו קלאסי 40%,גרנט'ס (William Gran,GB,ליקר דרמבוי,מיליליטרים,700.00,"100 מ""ל",false,1,119.60,17.09,true,1,
5010415334138,false,מוצצים זוהר חושך18-36זוג,הכי טבעי-הנסיך,IL,זוג מוצצים,יחידה,1.00,יחידה,false,0,38.30,38.30,true,1,
5010494560282,false,וויסקי גלנמורנגי אוריגינל 10 שנים 700 מל,גלאנמורנג'\י דיסטילרי סק,GB,וויסקי גלנמורנג',מיליליטרים,700.00,"100 מ""ל",false,1,119.60,17.09,true,1,
5010622005012,false,אורל בי חוט דנטלי אסנשיאל ללא שעווה 50 מ',פארמה דיל (פ.א.ב.) שיווק והפצה,IE,חוט דנטלי,מטרים,50.00,מטר,false,0,11.00,0.22,true,1,
5010677551281,false,בריזר לימון בבקבוק בקרדי (275 מל),בקרדי בריזר Bacardi Breezer,BE,בריזר לימון,מיליליטרים,275.00,"100 מ""ל",false,0,12.70,4.62,true,1,
5010677551397,false,"בקרדי בריזר בטעם לימון ליים 275 מ""ל",בקרדי בריזר Bacardi Breezer,BE,בריזר למון ליים,מיליליטרים,275.00,"100 מ""ל",false,1,12.70,4.62,true,1,
5010677552387,false,"בקרדי בריזר אננס 275 מ""ל בקבוק",בקרדי בריזר Bacardi Breezer,BE,בריזר בטעם אננס,מיליליטרים,275.00,"100 מ""ל",false,0,12.70,4.62,true,1,
5010677554398,false,בריזר אבטיח בבקבוק בקרדי (275 מל),בקרדי בריזר Bacardi Breezer,BE,בריזר אבטיח,מיליליטרים,275.00,"100 מ""ל",false,0,12.70,4.62,true,1,
5010677850100,false,"וודקה צרפתית גריי גוס 700מ""ל",בקרדי מרטיני,FR,וודקה גריי גוס,מיליליטרים,700.00,"100 מ""ל",false,1,102.40,14.63,true,1,
5010724527375,false,בטיסט שמפו יבש בניחוח פריחה אביבית,צ'\רצ'\ אנד דיוויט,GB,בטיסט שמפו,מיליליטרים,200.00,"100 מ""ל",false,1,25.00,12.50,true,1,
5010724527511,false,בטיסט שמפו יבש בניחוח טרופי 200 מ'ל,צ'\רצ'\ אנד דיוויט,GB,בטיסט שמפו,מיליליטרים,200.00,"100 מ""ל",false,1,25.00,12.50,true,1,
5010852000917,false,ווסקי בארקליס 0.7 ליטר,יורוסטנדרט בעמ,GB,וויסקי בארקלייז,מיליליטרים,700.00,"100 מ""ל",false,0,59.70,8.53,true,1,
5011007003005,false,"וויסקי אירי, ג'יימסון, 700 מ''ל",טמפו משקאות בע`מ,IE,וויסקי ג'יימסון,מיליליטרים,700.00,"100 מ""ל",false,0,81.10,11.58,true,1,
5011157630281,false,אורז לבן ארוך בסמטי טילדה Tilda,ש. שסטוביץ בע`מ,GB,אורז טילדה המשלי,קילוגרמים,1.00,"ק""ג",false,0,21.20,21.20,true,1,
5011157730271,false,אורז יסמין לבן ארוך טילדה,ש.שסטוביץ בעמ,GB,אורז יסמין טילדה,קילוגרמים,1.00,"ק""ג",false,1,17.00,17.00,true,1,
5011348015194,false,"בירה הובגובלין גולד 500 מ""ל",מבשלת וויצ'ווד,GB,בירה הובגובלין,מיליליטרים,500.00,"100 מ""ל",false,1,13.50,2.70,true,1,
5011408027976,false,"ספריי לשיער רגיל לוריאל 400 מ""ל",לוריאל Loreal,FR,אלנט ספריי לשיער,מיליליטרים,400.00,"100 מ""ל",false,0,25.30,6.33,true,1,
5011408028034,false,"ספריי לשיער חזק מאוד לוריאל 400 מ""ל",לוריאל Loreal,FR,אלנט ספריי לשיער,מיליליטרים,400.00,"100 מ""ל",false,0,25.30,6.33,true,1,
5011417547885,false,"אירוויק מקלות ריחניים בניחוח כביסה באוויר 30 מ""ל",רקיט בנקיזר (ניר איסט) בעמ,NL,מקלות ריחניים,יחידה,1.00,יחידה,false,0,15.30,15.30,true,1,
5012251012256,false,"BEAUTY FORMULASתרחיץ דטוקס לפנים בתוספת פחם פעיל 150מ""ל",,GB,תרחיץ דטוקס לפני,מיליליטרים,150.00,"100 מ""ל",false,1,12.70,8.47,true,1,
5013965948428,false,משחת שיניים פרו אקספרט לניקוי יסודי מנטה מעודן,דיפלומט מפיצים (1968) בעמ,DE,משחת אורל בי,מיליליטרים,75.00,"100 מ""ל",false,1,11.80,15.73,true,1,
5014271002675,false,מעדן פרי תפוח וקינמון סנדלפור 284 גרם,סאן דלפור - שמבור,FR,מעדן תפוח קינמון,גרמים,284.00,100 גרם,false,1,17.00,5.99,true,1,
5014271300429,false,"מעדן משמש 100% פרי סנטדלפור 284 גרם לל""ס",סאן דלפור - שמבור,FR,מעדן מישמש,גרמים,284.00,100 גרם,false,0,17.00,5.99,true,1,
5014271310428,false,מעדן דובדבנים שחורים ללא תוספת סוכר 284 גרם,סאן דלפור - שמבור,FR,מעדן דובדבן שחור,גרמים,284.00,100 גרם,false,0,17.00,5.99,true,1,
5014271330426,false,מעדן אוכמניות כחולות ללא תוספת סוכר 284 גרם,סאן דלפור - שמבור,FR,מעדן אוכמניות,גרמים,284.00,100 גרם,false,0,17.00,5.99,true,1,
5014271350424,false,מעדן ארבעה פירות ללא תוספת סוכר 284 גרם,סאן דלפור - שמבור,FR,מעדן 4 פירות,גרמים,284.00,100 גרם,false,0,17.00,5.99,true,1,
5014271360423,false,"מעדן תפוזים לל""ס סאן דלפור 284 גרם",סאן דלפור - שמבור,FR,מעדן תפוזים,גרמים,284.00,100 גרם,false,0,17.00,5.99,true,1,
5014271400426,false,"מעדן בטעם תות שדה לל""ס סאן דלפור 284 גרם",סאן דלפור - שמבור,FR,מעדן תות שדה,גרמים,284.00,100 גרם,false,0,17.00,5.99,true,1,
5014271560427,false,מעדן תפוז וג'ינג'ר ללא סוכר סאן דלפור 284 גר,סאן דלפור - שמבור,FR,מעדן תפוז+גינג'ר,גרמים,284.00,100 גרם,false,0,17.00,5.99,true,1,
5016840033219,false,וויסקי לוך למונד סינגל מאלט,לוך לומונוד דיסטלרי,GB,וויסקי לומונוד,מיליליטרים,700.00,"100 מ""ל",false,1,85.40,12.20,true,1,
5018357006755,false,תערובת דגנים 50% פירות ואגוזים 540 גרם,דורסט סיריאלס,GB,תערובת דגנים,גרמים,540.00,100 גרם,false,0,26.40,4.89,true,1,
5018357006816,false,תערובת דגנים 30% פירות ואגוזים 620 גרם,אחים טיירי עסקי מזון בעמ,GB,תערובת דגנים30%,גרמים,620.00,100 גרם,false,0,23.80,3.84,true,1,
5018357012572,false,דורסט סיריאלס גרגרי יער ודובדבנים 600 ג,דורסט סיריאלס,GB,מוזלי גרגירי יער,גרמים,600.00,100 גרם,false,1,32.30,5.38,true,1,
5020628001475,false,"תאצרס רוזה סיידר תפוחים 4% 500 מ""ל",בווריה,GB,סיידר תפוחים,מיליליטרים,500.00,"100 מ""ל",false,1,8.40,1.68,true,1,
5023625004487,false,בירה הובגובלין רובי500מל,וויצ'וד ויטניי,GB,בירה הובגובלין,מיליליטרים,500.00,"100 מ""ל",false,1,13.50,2.70,true,1,
5024546366609,false,"וויסקי 700 מ""ל LAUDERS SCOTCH",מקדוף אינטרנשנל דיסט,GB,וויסקי לאודרס,מיליליטרים,700.00,"100 מ""ל",false,0,76.10,10.87,true,1,
5029053032658,false,שמיניית ממחטות טישו קלינקס 9 יחידות,קימברלי קלארק ישראל שיווק בעמ,IT,קלינקס שמיניה,יחידה,1.00,יחידה,false,1,7.30,7.30,true,1,
5029053039725,false,ממחטות נייר קלינקס נטורל פרש קופסה 72 דף,קימברלי קלארק ישראל שיווק בעמ,FR,קלינקס נטורל פרש,יחידה,1.00,יחידה,false,1,10.10,10.10,true,1,
5029053510811,false,תחבושות נורמל פלוס עם כנפיים קוטקס 28 יחידות,קימברלי קלארק ישראל שיווק בעמ,CZ,תחבושות קוטקס,יחידה,1.00,יחידה,false,0,16.10,16.10,true,1,
5029053510828,false,תחבושות סופר פלוס עם כנפיים קוטקס 22יחידות,קימברלי קלארק ישראל שיווק בעמ,CZ,תחבושות קוטקס,יחידה,1.00,יחידה,false,0,16.10,16.10,true,1,
5029053523446,false,קוטקס - תחבושות אולטרה נייט + כנפיים 20 יח',קימברלי קלארק ישראל שיווק בעמ,CZ,תחבושות נייט קוט,יחידה,1.00,יחידה,false,0,16.10,16.10,true,1,
5029053534589,false,קוטקס טמפוני מיני B נורמל 32 יחידות,קימברלי קלארק ישראל שיווק בעמ,CZ,טמפוני קוטקס,יחידה,1.00,יחידה,false,0,21.20,21.20,true,1,
5029053534596,false,קוטקס טמפוני נורמל ללא מוליך 32 יח,קימברלי קלארק ישראל שיווק בעמ,CZ,טמפוני קוטקס,יחידה,1.00,יחידה,false,0,21.20,21.20,true,1,
5029053534602,false,קוטקס טמפוני סופר ללא מוליך 32 יח,קימברלי קלארק ישראל שיווק בעמ,CZ,טמפוני קוטקס,יחידה,1.00,יחידה,false,0,21.20,21.20,true,1,
5029053535210,false,טמפונים מיני עם מוליך קוטקס) (16,קימברלי קלארק ישראל שיווק בעמ,CZ,טמפוני קוטקס,יחידה,1.00,יחידה,false,0,19.50,19.50,true,1,
5029053535227,false,קוטקס טמפון עם מוליך נורמל 16 יחידות,קימברלי קלארק ישראל שיווק בעמ,CZ,טמפוני קוטקס,יחידה,1.00,יחידה,false,0,19.50,19.50,true,1,
5029053538426,false,בגד ים חד פעמי ליטל סווימרס 12-18kg L,קימברלי קלארק ישראל שיווק בעמ,CZ,חיתולי האגיס,יחידה,1.00,יחידה,false,0,25.50,25.50,true,1,
5029053574103,false,האגיס פול אפס תח.גמילה יום בנות 20 יחידו,קימברלי קלארק ישראל שיווק בעמ,CZ,האגיס גמילה בנות,יחידה,1.00,יחידה,false,1,37.50,37.50,true,1,
5029053574141,false,האגיס פול אפס תח.גמילה לילה בנות 18 יחיד,קימברלי קלארק ישראל שיווק בעמ,CZ,האגיס גמילה בנות,יחידה,1.00,יחידה,false,1,37.50,37.50,true,1,
5029053578309,false,קופסת ממחטות אולטרה סופט 48 דף קלינקס,קימברלי קלארק ישראל שיווק בעמ,GB,קלינקס אולטרה,יחידה,1.00,יחידה,false,1,6.70,6.70,true,1,
5029054220085,false,האגיס - מגבוני האגיס אקסטרה קר לא מבושם 56 יח' * 4,קימברלי קלארק ישראל שיווק בעמ,GB,מגבונים לרך נולד,יחידה,1.00,יחידה,false,1,21.20,21.20,true,1,
5035766060253,false,"בירה מרפיס, בירת סטאוט, פחית 500 מ""ל",טמפו משקאות בע`מ,GB,בירה מרפיס,מיליליטרים,500.00,"100 מ""ל",false,0,11.00,2.20,true,1,
5050083559761,false,דגני בוקר קלוגס קוקו פופס שוקוס 500 גרם,קלוגס מניופקטורינג אספנה,ES,קוקו פופס קלוג'ס,גרמים,500.00,100 גרם,false,0,16.10,3.22,true,1,
5050974505297,false,רייויטה פת פריכה שיפון מלא שומשום 250 גר,דה ג'ורדנס אנד ריווי,GB,פת פריכה שיפון,גרמים,250.00,100 גרם,false,1,12.70,5.08,true,1,
5053827215862,false,דגני בוקר קלוגס קוקו פופס בטעם שוקולד (,קלוגס מניופקטורינג אספנה,GB,קלוגס קוקו פופס,גרמים,500.00,100 גרם,false,1,16.10,3.22,true,1,
5055966801012,false,וויסקי בושמילס אוריגינל 1 ליטר,,IE,וויסקי בושמילס,ליטרים,1.00,ליטר,false,1,84.60,84.60,true,1,
5060045588128,false,"וויסקי גים בים לבן 700 מ""ל",הכרם -משקאות חריפים בע`מ,US,וויסקי ג'ים בים,מיליליטרים,700.00,"100 מ""ל",false,1,68.30,9.76,true,1,
5060319120153,false,תה קמומיל ונילה אורגני 30 גר הייר ליבינג,אונלי נטורל פרודרטס,GB,תה קמומיל וניל,גרמים,30.00,100 גרם,false,1,14.30,47.67,true,1,
5060465390004,false,"בירה לל""ג ""סקיני"" בקבוק 330 מ""ל",סקיני ביר בע״מ,GB,בירה סקיני לאגר,גרמים,330.00,100 גרם,false,1,8.40,2.55,true,1,
5060517886486,false,"משקה אנרגיה מונסטר אנרג'י בפחית 500 מ""ל",החברה המרכזית להפצת משקאות בעמ,RS,מונסטר אנרג'י,מיליליטרים,500.00,"100 מ""ל",false,1,5.90,1.18,true,1,
5060517886516,false,"משקה אנרגיה מונסטר אנרג'י זירו בפחית 500 מ""ל",החברה המרכזית להפצת משקאות בעמ,RS,מונסטר אנרג'י,מיליליטרים,500.00,"100 מ""ל",false,1,5.90,1.18,true,1,
5060639128051,false,"משקה אנרגיה מונסטר אולטרה בפחית 500 מ""ל",החברה המרכזית להפצת משקאות בעמ,RS,מונסטר אולטרה,מיליליטרים,500.00,"100 מ""ל",false,1,5.90,1.18,true,1,
5060639129102,false,"משקה אנרגיה מונסטר אנרג'י מנגו בפחית 500 מ""ל",החברה המרכזית להפצת משקאות בעמ,RS,מונסטר מנגו,מיליליטרים,500.00,"100 מ""ל",false,1,5.90,1.18,true,1,
5060751218173,false,"משקה אנרגיה מונסטר אנרג'י piplin punch בפחית 500 מ""ל",החברה המרכזית להפצת משקאות בעמ,RS,מונסטר פייפליין,מיליליטרים,500.00,"100 מ""ל",false,1,5.90,1.18,true,1,
5099873006504,false,"וויסקי ג'ק דניאלס פייר 700 מ""ל",מ. אקרמן בעמ,BE,וויסקי ג'ק דניאל,מיליליטרים,700.00,"100 מ""ל",false,1,102.40,14.63,true,1,
5099873038758,false,וויסקי ג'נטלמן ג'ק Gentleman Jack,ג'ק דניאלס Jack Daniel's,US,וויסקי ג'נטלמן,מיליליטרים,700.00,"100 מ""ל",false,1,119.60,17.09,true,1,
5200133120476,false,גלילות וופלים ממולאים קרם אגוזים וקקאו 400 ג',דיפלומט מפיצים (1968) בעמ**,GR,גליליות וופל,גרמים,400.00,100 גרם,false,1,15.30,3.83,true,1,
5200133120735,false,גליליות וופלים קרם שוקולד מריר 400 גר`,דיפלומט מפיצים (1968) בע`מ,GR,גליליות וופל,גרמים,400.00,100 גרם,false,1,15.30,3.83,true,1,
5201004020338,false,גליליות קפריס קרם אגוזים שוקולד 400 גר,משה סידס ובנו בעמ,GR,גלילי וופל קפריס,גרמים,400.00,100 גרם,false,1,17.00,4.25,true,1,
5201100872596,false,לוריאל - אקסלנס קרם 9 בלונד בהיר מאוד,לוריאל Loreal,BE,צבע לשיער אקסלנס,יחידה,1.00,יחידה,false,0,29.80,29.80,true,1,
5201178801054,false,"קרם רב שימושי ניוואה 250 מ""ל",טרופיקל דגיל תעשיות,DE,ניוואה קרם לחות,מיליליטרים,250.00,"100 מ""ל",false,0,25.30,10.12,true,1,
5201246002215,false,"בירה פילס היילס ויליפוד 500 מ""ל",ג. וילי-פוד אינטרנשיונל בע`מ,GR,בירה פילס היילס,מיליליטרים,500.00,"100 מ""ל",false,1,5.00,1.00,true,1,
5201261201532,false,"רביעית פחית בירה היינקן 500 מ""ל",מבשלת אתונה S.A.\n,IL,בירה הייניקן 4פח,ליטרים,2.00,ליטר,false,1,33.40,16.70,true,1,
5201263006340,false,תחבושת EVERY DAY נורמל 18 יח',,GR,תחבושות נורמל,יחידה,1.00,יחידה,false,1,11.00,11.00,true,1,
5201263006364,false,תחבושת EVERY DAY מקסי נייט 18 יח',,GR,תחבושות מקסי,יחידה,1.00,יחידה,false,1,11.00,11.00,true,1,
5201263011474,false,מגן תחתון EVERY DAY לארג' 30 יח',,GR,מגני תחתון לארג',יחידה,1.00,יחידה,false,1,11.00,11.00,true,1,
5201263011801,false,מגן תחתון EVERY DAY נורמל 20 יח',,GR,מגני תחתון נורמל,יחידה,1.00,יחידה,false,1,11.00,11.00,true,1,
5201340003385,false,TRATA טונה מעושנת שמן סויה 160 גרם,נורט אגיאוסי קנריס,GR,טונה מעושנת בשמן,גרמים,160.00,100 גרם,false,1,10.10,6.31,true,1,
5201340026704,false,TRATA טונה מעושנת פיקנטי 160 גרם,נורט אגיאוסי קנריס,GR,טונה מעושנת,גרמים,160.00,100 גרם,false,1,10.10,6.31,true,1,
5201347400545,false,רצועות שעווה מוכנות לשימוש לפנים ולאזורים רגישים,רקיט בנקיזר (ניר איסט) בעמ,FR,רצועות שעווה ויט,יחידה,1.00,יחידה,false,0,17.00,17.00,true,1,
5201583750411,false,זירו-סוכריות ללא סוכר בטעם לימון עם סטיב,איתן,GR,סוכריות זירו,גרמים,32.00,100 גרם,false,1,5.90,18.44,true,1,
5201583750510,false,זירו-סוכריות ללא סוכר בטעם תות קרמי,ציון תורגמן בעמ,GR,סוכריות זירו,גרמים,32.00,100 גרם,false,1,5.90,18.44,true,1,
5201583751111,false,זירו סוכריות ללא סוכר טעם אספרסו קרמי,איתן,GR,סוכריות זירו,גרמים,32.00,100 גרם,false,1,5.90,18.44,true,1,
5201583751418,false,סוכריות זירו אייס בלו סטיביה ללא סוכר 32 ג',איתן,GR,סוכריות זירו,גרמים,32.00,100 גרם,false,1,5.90,18.44,true,1,
5202300043045,false,צבע לשיער קולסטון - 6/73 טבק כהה,HFC פרסטיג',DE,קולסטון שפופרת,יחידה,1.00,יחידה,false,0,17.00,17.00,true,1,
5202300043052,false,צבע לשיער קולסטון - 7/75 אגוז בהיר,פרוקטר אנד גמבל,DE,קולסטון שפופרת,יחידה,1.00,יחידה,false,0,17.00,17.00,true,1,
5202300043175,false,צבע לשיער קולסטון - 6/0 בלונד כהה,פרוקטר אנד גמבל,DE,קולסטון שפופרת,יחידה,1.00,יחידה,false,0,17.00,17.00,true,1,
5202300043199,false,צבע לשיער קולסטון - 4/0 חום בינוני,פרוקטר אנד גמבל,DE,קולסטון שפופרת,יחידה,1.00,יחידה,false,0,17.00,17.00,true,1,
5202300043205,false,צבע לשיער קולסטון - 3/0 חום כהה,דיפלומט מפיצים (1986) בע`מ,DE,קולסטון חום כהה,יחידה,1.00,יחידה,false,0,17.00,17.00,true,1,
5202300043281,false,צבע לשיער קולסטון - 7/1 בלונד אפרפר בינוני,פרוקטר אנד גמבל,DE,קולסטון שפורפרת,יחידה,1.00,יחידה,false,0,17.00,17.00,true,1,
5202300043298,false,צבע לשיער קולסטון- 6/1 בלונד אפרפר כהה,פרוקטר אנד גמבל,DE,קולסטון שפורפרת,יחידה,1.00,יחידה,false,0,17.00,17.00,true,1,
5202302000022,false,זיתים שחורים טבעיים 275 גרם,לילייה פודס,GR,זיתים שחורים,גרמים,275.00,100 גרם,false,0,12.60,4.58,true,1,
5202390015618,false,גבינה צהובה טבעונית אורגינל ויאו לייף 200 ג',דיפלומט מפיצים (1968) בעמ**,GR,צהובה טבעונית,גרמים,200.00,100 גרם,false,0,20.20,10.10,true,1,
5202390020407,false,פטה טבעונית גוש ויולייף 200 ג',דיפלומט מפיצים (1968) בעמ**,GR,בסגנון פטה,גרמים,200.00,100 גרם,false,1,22.90,11.45,true,1,
5202390021121,false,קרמי אוריגינל טבעוני ויולייף 150 גר,דיפלומט מפיצים (1968) בעמ**,GR,קרמי אורגינל,גרמים,150.00,100 גרם,false,1,16.10,10.73,true,1,
5202390022319,false,ויולייפ צדר מגורדת 150 גר`,ביוט איילנד פודס בעמ,GR,פתיתים מהצומח,גרמים,150.00,100 גרם,false,1,19.60,13.07,true,1,
5202413007019,false,ערק אוזו פלומארי 700,Plomari ouzo distill,GR,אוזו פלומארי,מיליליטרים,700.00,"100 מ""ל",false,1,68.30,9.76,true,1,
5202795080709,false,אוזו מטקסה Ouzo Metaxa,הכרם - משקאות חריפים בעמ,GR,אוזו מטקסה,מיליליטרים,700.00,"100 מ""ל",false,0,64.00,9.14,true,1,
5205427012499,false,מאפה פילו יווני במילוי ביונד מיט - טבעוני,ג.וילי-פוד אינטרנשיונל **גבינו,GR,מאפה פילו ממולא,גרמים,400.00,100 גרם,false,1,29.80,7.45,true,1,
5208049000639,false,רוטמנס כחול ארוך חפיסה,Unknown,TR,רוטמנס כחול ארוך,יחידה,1.00,יחידה,false,1,28.50,28.50,false,1,
5208049001452,false,גולדן וירג`יניה ירוק 30 גר`בודד+נייר גל,גלוברנדס בעמ - שיווק סיגריות,NL,גולדן ירוק,גרמים,30.00,100 גרם,false,1,73.50,245.00,false,1,
5208049001841,false,סיגריות פאל מאל דמי קפסולה,גלוברנדס גרופ בעמ,PL,פאלמאל דמי קפסול,יחידה,1.00,יחידה,false,1,26.50,26.50,false,1,
5208049002473,false,קנט ארוך קופסא בודדת,גלוברנדס בעמ,TR,קנט ארוך,יחידה,1.00,יחידה,false,1,37.00,37.00,false,1,
5391523057929,false,סימילאק גולד שלב 1 תרכובת מזון על בסיס חלב,אבוט מעבדות רפואיות,IE,סימילאק גולד,גרמים,700.00,100 גרם,false,1,59.70,8.53,true,1,
5391523057936,false,סימילאק גולד שלב 2 תרכובת מזון על בסיס חלב,אבוט מעבדות רפואיות,IE,סימילאק גולד,גרמים,700.00,100 גרם,false,1,59.70,8.53,true,1,
5391523057943,false,סימילאק גולד שלב 3 תרכובת מזון על בסיס חלב,אבוט מעבדות רפואיות,IE,סימילאק גולד,גרמים,700.00,100 גרם,false,1,59.70,8.53,true,1,
5391523058063,false,סימילאק אדבנס פלוס 1 תרכובת מזון על בסיס חלב,טרופיקל דגיל תעשיות,IE,סימילאק אדבנס,גרמים,700.00,100 גרם,false,1,55.40,7.91,true,1,
5391523058070,false,סימילאק אדבנס פלוס 3 תרכובת מזון על בסיס חלב,טרופיקל דגיל תעשיות,IE,סימילאק אדבנס,גרמים,700.00,100 גרם,false,1,55.40,7.91,true,1,
5391523058087,false,סימילאק אדבנס פלוס 2 תרכובת מזון על בסיס חלב,טרופיקל דגיל תעשיות,IE,סימילאק אדבנס,גרמים,700.00,100 גרם,false,1,55.40,7.91,true,1,
5410076933129,false,אריאל אבקת כביסה שושן צחור 3 קג,דיפלומט מפיצים (1986) בע`מ,CZ,אריאל שושן צחור,קילוגרמים,3.00,"ק""ג",false,0,25.50,8.50,true,1,
5410091648176,false,"פה - דאודורנט רול און לאישה פינק פרדייס 50 מ""ל",שוורצקופף והנקל,DE,דאודורנט FA,מיליליטרים,50.00,"100 מ""ל",false,0,8.40,16.80,true,1,
5410091677992,false,"סאיוס - ספריי לשיער לייצוב מקסימלי 400 מ""ל",שוורצקופף והנקל,DE,ספרי עיצוב סאיוס,מיליליטרים,400.00,"100 מ""ל",false,0,25.30,6.33,true,1,
5410091678005,false,"סאיוס - ספריי לשיער ליצירת נפח 400 מ""ל",הנקל סוד בעמ,DE,ספרי עיצוב סאיוס,מיליליטרים,400.00,"100 מ""ל",false,0,25.30,6.33,true,1,
5410091678012,false,"ספריי לשיער סאיוס לברק ועיצוב 400 מ""ל",הנקל סוד,DE,ספרי עיצוב סאיוס,מיליליטרים,400.00,"100 מ""ל",false,0,25.30,6.33,true,1,
5410103161518,false,קרם יום עם פעולה משולשת לעור רגיל ומעורב,לוריאל ישראל קוסמטיקס בעמ,DE,קרם לחות,מיליליטרים,50.00,"100 מ""ל",false,0,42.60,85.20,true,1,
5410103161617,false,קרם יום עם פעולה משולשת Triple active לעור יבש ועדין,לוריאל ישראל קוסמטיקס בעמ,DE,קרם לחות עור יבש,מיליליטרים,50.00,"100 מ""ל",false,0,42.60,85.20,true,1,
5410126006087,false,ביסקויט ביסקפה לוטוס בטעם קרמל 700גר`ב,דיפלומט מפיצים (1968) בעמ**,BE,ביסקוויט לוטוס,גרמים,700.00,100 גרם,false,0,21.20,3.03,true,1,
5410126106183,false,עוגיות לוטוס 50 יחידות ארוזות בנפרד 312 גרם,דיפלומט מפיצים (1968) בעמ**,BE,ביסקוויט לוטוס,גרמים,312.00,100 גרם,false,0,14.30,4.58,true,1,
5410126116953,false,ממרח ביסקוויט קרמל לוטוס (400 גרם),דיפלומט מפיצים (1968) בעמ**,BE,ממרח ביסקוויט,גרמים,400.00,100 גרם,false,0,19.50,4.88,true,1,
5410126666038,false,"ביסקוויט קרמל לוטוס 279 גרם בד""צ",דיפלומט מפיצים (1968) בעמ**,BE,ביסקוויט לוטוס,גרמים,279.00,100 גרם,false,1,11.00,3.94,true,1,
5410126716016,false,"עוגיות לוטוס ביסקויט קרמל בד""צ 250 גרם",דיפלומט מפיצים (1968) בעמ**,BE,ביסקויט לוטוס,גרמים,250.00,100 גרם,false,0,10.00,4.00,true,1,
5410126726947,false,ממרח ביסקוויט קרמל קראנץ' לוטוס 380 גרם,דיפלומט מפיצים (1968) בעמ**,BE,ממרח עוגיות,גרמים,380.00,100 גרם,false,0,19.80,5.21,true,1,
5410173210055,false,רומבוטס קפה קלוי וטחון לפילטר 10 יח' 70 גרם,ליימן שליסל בע`מ,BE,קפה לפילטר,גרמים,70.00,100 גרם,false,0,13.50,19.29,true,1,
5410228267515,false,"שישיית בירה לאגר באדוויזר 6*330 מ""ל",הכרם - משקאות חריפים בעמ,GB,בירה באדוויזר6בק,ליטרים,1.98,ליטר,false,1,29.70,15.00,true,1,
5410291022011,false,ממרח אגוזי לוז עם קקאו צ`וקטה (350 גרם),ש. שסטוביץ בע`מ,BE,ממרח אגוזי לוז,גרמים,350.00,100 גרם,false,1,9.30,2.66,true,1,
5410316983693,false,וודקה סמירנוף אייס בודד 275 מ``ל.,החברה המרכזית להפצת משקאות בעמ,IT,אייס סמירנוף,מיליליטרים,275.00,"100 מ""ל",false,0,11.00,4.00,true,1,
5410769100081,false,"בירה לה שוף קטן 330 מ""ל בקבוק",הכרם משקאות חריפים בעמ,BE,בירה לה שוף,מיליליטרים,330.00,"100 מ""ל",false,1,12.70,3.85,true,1,
5410769200088,false,"בירה מק שוף קטן 330 מ""ל בקבוק",הכרם משקאות חריפים בעמ,BE,בירה מק שוף,מיליליטרים,330.00,"100 מ""ל",false,1,12.70,3.85,true,1,
5410769800097,false,"בירה לה צרי שוף 8% 330 מ""ל בקבוק",הכרם -משקאות חריפים בע`מ,BE,בירה צ'רי שוף,מיליליטרים,330.00,"100 מ""ל",false,1,12.70,3.85,true,1,
5411081003654,false,"קסטיל בירה רוז 330 מ""ל",מבשלת קסטל ואן הונסב,BE,בירה קסטיל רוז',מיליליטרים,330.00,"100 מ""ל",false,0,11.00,3.33,true,1,
5411081008420,false,"בירה בירה שושנע קסטיל 330 מ""ל פחית",מבשלת קסטל ואן הונסברוק,BE,בירה שושנע פחית,מיליליטרים,330.00,"100 מ""ל",false,1,11.00,3.33,true,1,
5411188081852,false,אלפרו משקה סויה בטעם וניל 1 ליטר,הנסיך- מפעל לייצור ט,BE,משקה סויה וניל,ליטרים,1.00,ליטר,false,0,13.50,13.50,true,1,
5411188096108,false,"אלפרו שמנת צמחית לבישול לייט 250מ""ל",שטראוס גרופ בעמ/מצונן,BE,שמנת צמחית,מיליליטרים,250.00,"100 מ""ל",false,0,8.40,3.36,true,1,
5411188112709,false,"משקה קוקוס אלפרו 1 ליטר משקה שקדים לל""ס",הנסיך- מפעל לייצור ט,BE,משקה שקדים אלפרו,ליטרים,1.00,ליטר,false,0,11.80,11.80,true,1,
5411188115366,false,משקה קוקוס אלפרו 1 ליטר משקה שיבולת שועל 1 ליטר,הנסיך- מפעל לייצור ט,BE,משקה שיבולת שועל,ליטרים,1.00,ליטר,false,0,11.80,11.80,true,1,
5411188115434,false,משקה אלפרו בריסטה סויה 1 ליטר,"שטראוס גרופ בע""מ",BE,משקה סויה בריסטה,ליטרים,1.00,ליטר,false,1,13.50,13.50,true,1,
5411188115472,false,משקה סויה אלפרו 1 ליטר,הנסיך- מפעל לייצור ט,BE,משקה סויה אלפרו,ליטרים,1.00,ליטר,false,1,11.80,11.80,true,1,
5411188118732,false,משקה קוקוס ושקדים אלפרו (1 ליטר),הנסיך- מפעל לייצור ט,BE,משקה קוקוס שקדים,ליטרים,1.00,ליטר,false,1,11.80,11.80,true,1,
5411188120742,false,משקה קוקוס אלפרו 1 ליטר שקדים וניל 1 ל',הנסיך- מפעל לייצור ט,BE,משקה שקדים וניל,ליטרים,1.00,ליטר,false,1,11.80,11.80,true,1,
5411188120957,false,"אלפרו תערובת לבישול על בסיס קוקוס 250 מ""ל",שטראוס גרופ בעמ/מצונן,BE,אלפרו לבישול,מיליליטרים,250.00,"100 מ""ל",false,1,9.30,3.72,true,1,
5411188121923,false,"משקה סויה מועשר סידן אלפרו 3*250 מ""ל",הנסיך- מפעל לייצור ט,BE,משקה סויה 3 יח,מיליליטרים,750.00,"100 מ""ל",false,1,13.50,1.80,true,1,
5411188121978,false,אלפרו משקה סויה עמיד מועשר בסידן 3*250,שטראוס גרופ בע`מ,BE,משקה סויה 3 יח,מיליליטרים,750.00,"100 מ""ל",false,1,13.50,1.80,true,1,
5411188122586,false,אלפרו משקה אגוזי קשיו 1 ל`,הנסיך- מפעל לייצור ט,BE,משקה שקדים,מיליליטרים,250.00,"100 מ""ל",false,1,5.50,2.20,true,1,
5411188122661,false,אלפרו משקה שקדים לא קלויים ללא תוספת סוכר 1 ל',הנסיך- מפעל לייצור ט,BE,משקה שקדים אלפרו,ליטרים,1.00,ליטר,false,1,11.80,11.80,true,1,
5411188126195,false,אלפרו משקה שקדים אורגני 1ל מפוקח סקאל,שטראוס גרופ בע`מ,BE,משקה שקדים אלפרו,ליטרים,1.00,ליטר,false,1,11.80,11.80,true,1,
5411188127697,false,אלפרו משקה בריסטה שיבולת שועל 1 ליטר,הנסיך- מפעל לייצור ט,BE,משקה שיבולת שועל,ליטרים,1.00,ליטר,false,1,11.80,11.80,true,1,
5411188129899,false,משקה אלפרו בריסטה שקדים 1 ליטר,הנסיך- מפעל לייצור ט,BE,משקה שקדים אלפרו,ליטרים,1.00,ליטר,false,1,11.80,11.80,true,1,
5411188133476,false,אלפרו משקה סויה שוקו+חלבון 250 גרם בית יוסף,שטראוס גרופ בעמ/מצונן,BE,משקה סויה אלפרו,מיליליטרים,250.00,"100 מ""ל",false,1,6.70,2.68,true,1,
5411188133490,false,אלפרו משקה סויה קפה קרמל+חלבון 250 גרם בית יוסף,שטראוס גרופ בעמ/מצונן,BE,משקה סויה קפה,מיליליטרים,250.00,"100 מ""ל",false,1,6.70,2.68,true,1,
5411188134985,false,אלפרו 3.5% NOT M*LK שיבולת שועל 1 ליטר בית יוסף,שטראוס גרופ בעמ/מצונן,BE,משקה שיבולת שועל,ליטרים,1.00,ליטר,false,1,12.70,12.70,true,1,
5411188135005,false,אלפרו 1.8% NOT M*LK שיבולת שועל 1 ליטר בית יוסף,שטראוס גרופ בעמ/מצונן,BE,משקה שיבולת שועל,ליטרים,1.00,ליטר,false,1,12.70,12.70,true,1,
5411188300328,false,אלפרו משקה סויה עמיד בטעם שוקו 1 ליטר,הנסיך- מפעל לייצור ט,BE,משקה סויה שוקו,ליטרים,1.00,ליטר,false,0,13.50,13.50,true,1,
5411188513483,false,"סויה לבישול 14% שומן אלפרו 250 מ""ל",שטראוס גרופ בעמ/מצונן,BE,אלפרו לבישול,מיליליטרים,250.00,"100 מ""ל",false,1,9.30,3.72,true,1,
5411188543398,false,משקה סויה ללא סוכר אלפרו 1 ליטר,הנסיך- מפעל לייצור ט,BE,משקה סויה אלפרו,ליטרים,1.00,ליטר,false,1,11.80,11.80,true,1,
5411616002190,false,"בירה מרטנס חזקה 8.5% כהל,500 מ""ל",החברה המרכזית להפצת משקאות בעמ,BE,בירה מרטנס,מיליליטרים,500.00,"100 מ""ל",false,1,5.80,1.16,true,1,
5411616133245,false,בירה מרטנס פחית ירוק500מ,החברה המרכזית להפצת משקאות בעמ,BE,בירה מרטנס ירוק,מיליליטרים,500.00,"100 מ""ל",false,0,5.80,1.16,true,1,
5411616148546,false,"בירה מרטינס גולד 500 מ""ל-פחית",החברה המרכזית להפצת משקאות בעמ,BE,בירה מרטנס גולד,מיליליטרים,500.00,"100 מ""ל",false,0,5.80,1.16,true,1,
5412533001617,false,נוזל לניקוי כלים אלוורה ולימון 1 ליטר,אקובר,BE,נוזל לכלים,ליטרים,1.00,ליטר,false,0,14.40,14.40,true,1,
5412533002287,false,נוזל לניקוי אסלות בניחוח אורנים ECOVER,,BE,נוזל ניקוי אסלות,מיליליטרים,750.00,"100 מ""ל",false,0,16.80,2.24,true,1,
5412533419566,false,נוזל לכביסה עדינה בניחוח נופר 750 מל,אקובר,BE,נוזל כביסה עדינה,מיליליטרים,750.00,"100 מ""ל",false,1,20.40,2.72,true,1,
5412533419665,false,"מרכך כביסה תפוח ושקדים 750 מ""ל",,BE,מרכך כביסה,מיליליטרים,750.00,"100 מ""ל",false,1,14.40,1.92,true,1,
5412956221173,false,שוקולד קאשט מריר 70% קקאו 180 גר,KIMS,BE,שוקולד מריר,גרמים,180.00,100 גרם,false,1,13.50,7.50,true,1,
5412956221203,false,שוקולד חלב קאשט שברי קרמל ומלח ים 180 גר,KIMS,BE,שוקולד חלב,גרמים,180.00,100 גרם,false,1,13.50,7.50,true,1,
5413548040479,false,בונבוניירה רפאלו 240 גרם,פרימיום-חברה לדברי מתיקה ולמסח,PL,בונבוניירה רפאלו,גרמים,240.00,100 גרם,false,0,21.20,8.83,true,1,
5600395030689,false,סרדין בשמן סויה חריף115ג,קופיסה אס.איי,PT,סרדין בשמן,גרמים,115.00,100 גרם,false,0,6.70,5.83,true,1,
5600395034076,false,טונה בהירה בשמן זית אורגני 110 גרם,קופיסה אס.איי,PT,נתחי טונה בהירה,גרמים,120.00,100 גרם,false,1,8.40,7.00,true,1,
5601008200444,false,עוגיות גודיס טבעות מצופות שוקולד חלב מרבה 150 גרם,הנסיך- מפעל לייצור ט,PT,עוגיות גודיס,גרמים,150.00,100 גרם,false,0,5.90,3.93,true,1,
5601008200468,false,עוגיות גודיס טבעות מצופות שוקולד לבו מרבה 150 גרם,קריניציה ויטמינה אס,PT,עוגיות גודיס,גרמים,150.00,100 גרם,false,0,5.90,3.93,true,1,
5601036205534,false,צבע לשיער אקסלנס קרם - 1 שחור,לוריאל Loreal,BE,צבע לשיער אקסלנס,יחידה,1.00,יחידה,false,0,29.80,29.80,true,1,
5601036205558,false,צבע לשיער אקסלנס קרם - 4 חום כהה,לוריאל Loreal,BE,צבע שיער אקסלנס,יחידה,1.00,יחידה,false,0,29.80,29.80,true,1,
5601036205589,false,צבע לשיער אקסלנס קרם - 5 חום טבעי,לוריאל Loreal,BE,צבע לשיער אקסלנס,יחידה,1.00,יחידה,false,0,29.80,29.80,true,1,
5601036205695,false,לוריאל - אקסלנס קרם 8.1 בלונד בהיר אפרפר,ליברמו,BE,צבע שיער אקסלנס,יחידה,1.00,יחידה,false,0,29.80,29.80,true,1,
5601036206418,false,לוריאל - אקסלנס קרם 01בלונד אולטרה בהיר טבעי,ליברמו,BE,צבע לשיער אקסלנס,יחידה,1.00,יחידה,false,0,29.80,29.80,true,1,
5604912415041,false,סרדינים בשמן חמניה פורטוס 125 גרם,קונסרבס פורטוגל נורטה לי,PT,סרדינים בשמן,גרמים,125.00,100 גרם,false,1,5.90,4.72,true,1,
5701932026964,false,"הוטפופ גרעיני תירס להכנת פופקורן במיקרוגל בטעם טבעי, בתוספת מלח, 600 גרם",ליימן שליסל בע`מ,US,פופקורן הוטפופ,גרמים,600.00,100 גרם,false,0,12.70,2.12,true,1,
5701932026971,false,הוטפופ גרעיני תירס להכנת פופקורן במיקרוגל בטעם חמאה 600 גרם,ליימן שליסל בע`מ,US,הוטפופ טעם חמאה,גרמים,600.00,100 גרם,false,0,12.70,2.12,true,1,
5701932026995,false,"הוטפופ גרעיני תירס להכנת פופקורן במיקרוגל בטעם טבעי מופחת שומן, 510 גרם",קריניציה ויטמינה אס,US,הוטפופ טעם טבעי,גרמים,510.00,100 גרם,false,0,12.70,2.49,true,1,
5710840210013,false,בא לי שג לבן סופר עדין 40גר,סקמדינביין טובקו,DK,באלי לבן,גרמים,40.00,100 גרם,false,1,99.00,247.50,false,1,
5711953106583,false,גבינת שמנת בטעם טבעי 200 גרם ארלה,שטראוס גרופ בעמ/מצונן,DK,ארלה גבינת שמנת,גרמים,200.00,100 גרם,false,1,13.50,6.75,true,1,
5711953106590,false,גבינת שמנת ארלה שמנת שום 200 גרם,שטראוס גרופ בעמ/מצונן,DK,ארלה גבינת שמנת,גרמים,200.00,100 גרם,false,1,13.50,6.75,true,1,
5711953106606,false,גבינת שמנת עם תבלינים ועשבי תיבול 23.5%,שטראוס גרופ בעמ/מצונן,DK,ארלה גבינת שמנת,גרמים,200.00,100 גרם,false,1,13.50,6.75,true,1,
5740900403215,false,ממרח חמאה דנית לורפק עם מלח 250 גרם,שטראוס גרופ בעמ/מצונן,DK,ממרח לורפק,גרמים,250.00,100 גרם,false,1,14.40,5.76,true,1,
5740900403222,false,ממרח לורפק חמאה עם מלח מופחת שומן 250 ג,שטראוס גרופ בעמ/מצונן,DK,ממרח לורפק,גרמים,250.00,100 גרם,false,1,14.40,5.76,true,1,
5740900403239,false,ממרח חמאה דנית לורפק ללא מלח 250 גרם,שטראוס גרופ בעמ/מצונן,DK,ממרח לורפק,גרמים,250.00,100 גרם,false,1,14.40,5.76,true,1,
5740900403246,false,ממרח לורפק ללא תוספת מלח 500 גר,שטראוס גרופ בעמ/מצונן,DK,ממרח לורפק,גרמים,500.00,100 גרם,false,1,24.70,4.94,true,1,
5740900403253,false,ממרח מחמאת לורפק עם מלח 500 ג',שטראוס גרופ בעמ/מצונן,DK,ממרח לורפק,גרמים,500.00,100 גרם,false,1,24.70,4.94,true,1,
5740900403260,false,ממרח מחמאת לורפק ללא מלח 27% פחות שומן,שטראוס גרופ בעמ/מצונן,DK,ממרח לורפק,גרמים,250.00,100 גרם,false,1,14.40,5.76,true,1,
5900017062419,false,"ניוואה - תחליב רחצה ורדים ושמן שקדים 750 מ""ל",אלפא ב.ד.ף בעמ,DE,תחליב רחצה רוז,מיליליטרים,750.00,"100 מ""ל",false,1,14.40,1.92,true,1,
5900020012814,false,דגנים תפוחים בטעם שוקולד נסקוויק נסטלה 500 גרם,קבוצת אוסם סחר שותפות מוגבלת,PL,דגני נסקוויק,גרמים,500.00,100 גרם,false,0,21.80,4.36,true,1,
5900020015174,false,פיטנס חטיפי אנרגיה דגנים בטעם שוקולד נסטלה 6*23.5 גרם,קבוצת אוסם סחר-שות.מוגבלת,PL,חטיפי פיטנס 6 יח,גרמים,141.00,100 גרם,false,0,13.50,9.57,true,1,
5900020018908,false,פיטנס חטיפי אנרגיה דגנים בטעם קרם עוגיות נסטלה 6*23.5 גרם,קבוצת אוסם סחר-שות.מוגבלת,PL,חטיפי פיטנס 6 יח,גרמים,141.00,100 גרם,false,0,13.50,9.57,true,1,
5900020020710,false,מארז חטיף דגנים קראנץ' בטעם שוקו וניל נסטלה,קבוצת אוסם סחר שותפות מוגבלת,PL,קראנץ' חטיפים,גרמים,150.00,100 גרם,false,0,13.40,8.93,true,1,
5900020022325,false,חטיף סיני מיניס Cini Minis בטעם קינמון - 6 במארז,קבוצת אוסם סחר שותפות מוגבלת,PL,חטיפי סיני מיניס,גרמים,150.00,100 גרם,false,0,13.40,8.93,true,1,
5900020024817,false,פיטנס דליס Fitness Delice חטיף דגנים עם שוקולד לבן,קבוצת אוסם סחר שותפות מוגבלת,PL,חטיף דגנים פיטנס,גרמים,135.00,100 גרם,false,1,13.50,10.00,true,1,
5900020025807,false,נסטלה - דגני סיני מיניס 375 גרם,קבוצת אוסם סחר שותפות מוגבלת,PL,סיני מיניס,גרמים,375.00,100 גרם,false,1,11.80,3.15,true,1,
5900020026552,false,דגני בוקר האני נאט צ'יריוס בטעם דבש ושקדים,קבוצת אוסם סחר שותפות מוגבלת,FR,האני נאט צ'יריוס,גרמים,625.00,100 גרם,false,1,22.10,3.54,true,1,
5900020029669,false,פיטנס - חטיף דגנים פירות יער 23.50 גרם * 6,קבוצת אוסם סחר שותפות מוגבלת,PL,חטיף דגנים פיטנס,גרמים,141.00,100 גרם,false,1,13.50,9.57,true,1,
5900020034021,false,פיטנס חטיף דגנים שוקו בננה נסטלה (23.5x6,קבוצת אוסם סחר שותפות מוגבלת,PL,חטיפי פיטנס 6 יח,גרמים,141.00,100 גרם,false,1,13.50,9.57,true,1,
5900020034991,false,דגני בוקר צדפים בטעם שוקולד 450 ג' קראנץ',קבוצת אוסם סחר שותפות מוגבלת,PL,דגני קראנץ צדפים,גרמים,450.00,100 גרם,false,1,21.20,4.71,true,1,
5900020036407,false,ליון דגני בוקר שוקולד וקרמל נסטלה 480 גרם,קבוצת אוסם סחר שותפות מוגבלת,PL,ליון דגני בוקר,גרמים,480.00,100 גרם,false,1,22.10,4.60,true,1,
5900020037916,false,דגני בוקר שיבולת שועל צ'ריוס 375ג',קבוצת אוסם סחר שותפות מוגבלת,PL,צ'יריוס שיבולת,גרמים,375.00,100 גרם,false,1,13.50,3.60,true,1,
5900020039590,false,פיטנס חטיף דגנים קלאסי 6.8*23.5גר פרווה,קבוצת אוסם סחר-שות.מוגבלת,PL,חטיפי פיטנס 6 יח,גרמים,141.00,100 גרם,false,1,13.50,9.57,true,1,
5900020039620,false,פיטנס חטיף דגנים שקדים ודבש פרווה 8 6*23 ג,קבוצת אוסם סחר שותפות מוגבלת,PL,חטיפי פיטנס 6 יח,גרמים,138.00,100 גרם,false,1,13.50,9.78,true,1,
5900020041142,false,קורנפלקס פיטנס 500 ג' אסם,קבוצת אוסם סחר-שות.מוגבלת,PL,קורנפלקס פיטנס,גרמים,500.00,100 גרם,false,1,11.80,2.36,true,1,
5900627026429,false,"סיליט באנג גיל לניקוי אסלות בתוספת אקונומיקה 750מ""ל",תה ויסוצקי בע`מ,PL,סיליט אקונומיקה,מיליליטרים,750.00,"100 מ""ל",false,0,8.40,1.12,true,1,
5900627063233,false,טבליות למדיח הכל ב-1 פיניש מקס 50 יחידות,רקיט בנקיזר (ניר איסט) בעמ,PL,פיניש AIO,יחידה,1.00,יחידה,false,1,29.80,29.80,true,1,
5901414200411,false,בלזן היט מיני ביסקוויט סנדוויץ' עם מילוי קרם בטעם שוקולד 130 גרם,ליימן שליסל בע`מ,PL,היט מיניס שוקו,גרמים,130.00,100 גרם,false,0,5.30,4.08,true,1,
5901887001737,false,"קרם פנים ליום 50 מ""ל",,PL,קרם פנים ליום,מיליליטרים,50.00,"100 מ""ל",false,1,17.00,34.00,true,1,
5901887001744,false,"קרם עיניים 15 מ""ל",,PL,קרם עיניים,מיליליטרים,15.00,"100 מ""ל",false,1,12.70,84.67,true,1,
5901887001751,false,"טונר ניקוי לפנים 200 מ""ל",,PL,טונר ניקוי לפנים,מיליליטרים,200.00,"100 מ""ל",false,1,15.30,7.65,true,1,
5901887010326,false,"קרם פנים לילה 50 מ""ל",,PL,קרם פנים לילה,מיליליטרים,50.00,"100 מ""ל",false,1,17.00,34.00,true,1,
5901887010593,false,קרם ידיים וציפורניים 80,,PL,קרם ידיים וציפור,מיליליטרים,80.00,"100 מ""ל",false,1,10.10,12.63,true,1,
5901887018230,false,חמאת גוף חלב עיזים 200 מ,,PL,חמאת גוף חלב עיז,מיליליטרים,200.00,"100 מ""ל",false,1,21.20,10.60,true,1,
5901887026792,false,יסמין סרום לגיל +50 30 מ,,PL,יסמין סרום לגיל,מיליליטרים,30.00,"100 מ""ל",false,1,21.20,70.67,true,1,
5901887026808,false,יסמין ק.עיניים15מ גיל+50,,PL,יסמין ק.עיניים,מיליליטרים,15.00,"100 מ""ל",false,1,18.70,124.67,true,1,
5901887026815,false,יסמין מים מיסלריים +50 2,,PL,יסמין מים מיסלרי,מיליליטרים,200.00,"100 מ""ל",false,1,16.10,8.05,true,1,
5901887029649,false,מנוקה מי פנים מטהרים 200,,PL,מנוקה מי פנים,מיליליטרים,200.00,"100 מ""ל",false,1,13.50,6.75,true,1,
5901887029656,false,מנוקה ג'ל לניקוי פנים 20,,PL,מנוקה ג'ל לניקוי,מיליליטרים,200.00,"100 מ""ל",false,1,16.10,8.05,true,1,
5901887029670,false,"מנוקה קרם לילה 50 מ""ל",,PL,מנוקה קרם לילה,יחידה,1.00,יחידה,false,1,17.00,17.00,true,1,
5901887029687,false,מנוקה משחת פילינג לניקוי,,PL,מנוקה משחת פילינ,מיליליטרים,75.00,"100 מ""ל",false,1,17.00,22.67,true,1,
5901887043751,false,"סרום ממריץ ומחליק 50 מ""ל",,PL,סרום ממריץ ומחלי,מיליליטרים,50.00,"100 מ""ל",false,1,21.20,42.40,true,1,
5901887043768,false,"תרחיץ ג'ל לפנים 200 מ""ל",,PL,תרחיץ ג'ל לפנים,מיליליטרים,200.00,"100 מ""ל",false,1,12.70,6.35,true,1,
5901887043775,false,פיליניג פנים וצוואר,,PL,פיליניג פנים וצו,מיליליטרים,75.00,"100 מ""ל",false,1,17.00,22.67,true,1,
5901887043782,false,"מיקרו פילינג לפנים 75 מ""",,PL,מיקרו פילינג לפנ,מיליליטרים,75.00,"100 מ""ל",false,1,12.70,16.93,true,1,
5901888020546,false,FREEYU חטיף דגנים עם קינואה ומלח ים 70 גרם,"דנשר (1963) בע,מ",PL,חטיף קינואה,גרמים,70.00,100 גרם,false,1,11.00,15.71,true,1,
5901888020560,false,חטיף דגנים עם קינואה בטעם עשבי תיבול 70ג FREEYU,"דנשר (1963) בע,מ",PL,חטיף קינואה,גרמים,70.00,100 גרם,false,1,11.00,15.71,true,1,
5902198160403,false,XL משקה אנרגיה מוגז ללא סוכר עד 10 קלוריות לפחית 250 מל,"טמפו משקאות בע""\מ",IL,משקה אנרגיה,מיליליטרים,250.00,"100 מ""ל",false,1,4.20,1.68,true,1,
5904941751302,false,משקה אנרגיה בפחית בלו (250 מל),בני פאוזי שמשום (2009) בעמ,PL,משקה אנרגיה,מיליליטרים,250.00,"100 מ""ל",false,0,3.40,1.36,true,1,
5906485301012,false,משקה אנרגיה XL מוגז פחית 250 מל,טמפו משקאות בע`מ,IL,משקה אנרגיה XL,מיליליטרים,250.00,"100 מ""ל",false,0,4.20,1.68,true,1,
5907713370299,false,סוכריות טופי קוקוס אורגני 150 ג,קוקירניזה ספולדזילניה אינוואלידו ידנוסק,PL,סוכריות טופי,גרמים,150.00,100 גרם,false,1,18.70,12.47,true,1,
5907713370374,false,סוכ.טופי קוקוס+בננה 150ג,,PL,סוכריות טופי,גרמים,150.00,100 גרם,false,1,18.70,12.47,true,1,
5907713370381,false,סוכ.טופי קוקוס+קקאו150ג,,PL,סוכריות טופי,גרמים,150.00,100 גרם,false,1,18.70,12.47,true,1,
5997010301010,false,מחית פפריקה מתוקה 70 גר`תבליני טעם וריח,תבליני טעם וריח בעמ,HU,מחית פפריקה,גרמים,70.00,100 גרם,false,0,9.30,13.29,true,1,
5997321770307,false,ויט רצועות שעווה מוכנות לעור רגיש 12 יחידות,רקיט בנקיזר (ניר איסט) בעמ,FR,ויט רצעות,יחידה,1.00,יחידה,false,1,17.00,17.00,true,1,
5998749108550,false,חטיף ויסקס עוף וגבינה 60,שחורי אריה ואנסטסיה,HU,חטיף ויסקס,גרמים,60.00,100 גרם,false,0,8.40,14.00,true,1,
5998749108574,false,חטיף בקר לחתולים 60 גרם וויסקס,שחורי אריה ואנסטסיה,HU,ויסקס חטיף בקר,גרמים,60.00,100 גרם,false,0,8.40,14.00,true,1,
6001067027324,false,קולגייט בארבי-באטמן מברשת חשמלית,קולגייט - פלמוליב,CN,מברשת חשמלית,יחידה,1.00,יחידה,false,0,45.30,45.30,true,1,
6008165271192,false,סיגריות פאל מל ארוך אדום בודד,גלוברנדס בעמ - שיווק סיגריות,TR,פאלמאל אדום ארוך,יחידה,1.00,יחידה,false,0,30.50,30.50,false,1,
6008165274629,false,פאל מאל כחול ארוך סטרים פילטר חפיסה,גלוברנדס בעמ - שיווק סיגריות,TR,פאלמאל ארוך טיוב,יחידה,1.00,יחידה,false,1,30.50,30.50,false,1,
6009893614206,false,"יין קייפ גואל גוורצטרמינר ריזרב 750 מ""ל",קייפ ג'ואל,ZA,קייפ ג'ואל גוורצ,מיליליטרים,750.00,"100 מ""ל",false,1,34.10,4.55,true,1,
6111094000013,false,קוסקוס להכנה מהירה דארי (1 קג),תומר ייבוא ושיווק מוצרי מזון [,MA,קוסקוס דארי,קילוגרמים,1.00,"ק""ג",false,1,15.30,15.30,true,1,
6111094000198,false,קוסקוס דארי בינוני 350 גרם,דארי קוספאט אס. איי. או,MA,קוסקוס דארי,גרמים,350.00,100 גרם,false,1,7.60,2.17,true,1,
6111094000242,false,תומר קוסקוס דארי דק 500גר,תומר ייבוא ושיווק מוצרי מזון [,MA,קוסקוס דארי דק,גרמים,500.00,100 גרם,false,1,8.40,1.68,true,1,
6111094000259,false,קוסקוס להכנה מהירה דארי (500 גרם),תומר ייבוא ושיווק מוצרי מזון [,MA,קוסקוס דארי,גרמים,500.00,100 גרם,false,1,8.40,1.68,true,1,
6111094001164,false,דארי אטריות מרוקאיות 500 גרם,תומר יבוא ושיווק מוצרי מזון (1,MA,אטריות מרוקאיות,גרמים,500.00,100 גרם,false,1,8.40,1.68,true,1,
6910191800287,false,אצות נורי בלו 10 דף (ננגטונג),מזרח ומערב יבוא ושיווק,CN,אצות ים נורי,גרמים,28.00,100 גרם,false,0,11.00,39.29,true,1,
6912977000140,false,אטריות שעועית 250 גר' ( Yantai)ללא גלוטן(כ),מזרח ומערב יבוא ושיווק,CN,אטריות שעועית,גרמים,250.00,100 גרם,false,0,7.50,3.00,true,1,
6920354822193,false,משחת שיניים נטורל הדרים אקליפטוס קולגייט 90 ג',קולגייט פלמוליב,BR,משחת שיניים נטור,גרמים,90.00,100 גרם,false,1,25.50,28.33,true,1,
6920354822223,false,משחת שיניים נטורל גינגר קוקוס קולגייט 90 ג',קולגייט פלמוליב,BR,משחת שיניים,מיליליטרים,68.00,"100 מ""ל",false,1,25.50,37.50,true,1,
6921052701001,false,אצות וואקמה 40 גרם (רונגצ'אנג)(כ),מזרח ומערב יבוא ושיווק,CN,אצות ווקאמה,גרמים,40.00,100 גרם,false,0,7.60,19.00,true,1,
6934731200078,false,אטריות טריות דקות מזרח מערב 200 גרם,יאנטאי ינסידה לנוגקא,CN,אטריות טריות,גרמים,200.00,100 גרם,false,1,5.90,2.95,true,1,
6934731210138,false,אטריות טריות עבות מזרח מערב 200 גרם,יאנטאי ינסידה לנוגקא,CN,אטריות טריות,גרמים,200.00,100 גרם,false,1,5.90,2.95,true,1,
6935325410118,false,שום יבוא יחידה,קטיף.,XX,שום יבוא,גרמים,190.00,100 גרם,false,0,5.90,3.11,true,1,
6936745600783,false,"חומץ אורז מזרח מערב 500 מ""ל",מזרח ומערב יבוא ושיווק,CN,חומץ אורז 500 מל,מיליליטרים,500.00,"100 מ""ל",false,0,13.50,2.70,true,1,
6974640730167,false,פטריות שיטאקה 100 גר (כ) (Zhejiang),מזרח ומערב יבוא ושיווק,CN,פטריות שיטאקה,גרמים,100.00,100 גרם,false,1,12.70,12.70,true,1,
7038513908400,false,גורדן קיסם מבריש רגיל 20 יח,דנטלון,,קיסם ג'ורדן,יחידה,1.00,יחידה,false,0,22.00,22.00,true,1,
7038516140357,false,מברשת שיניים ג'ורדן טוטל סופט מארז 4 יחידות,מיוצר במלזיה עבור ג',NO,מברשת שיניים,יחידה,1.00,יחידה,false,0,8.50,8.50,true,1,
7046110070192,false,גורדן שלישייה מברשות שיניים קלין סמייל,דנטלון,MY,3 מברשות שיניים,יחידה,1.00,יחידה,false,0,11.00,11.00,true,1,
7271730901261,false,ווקי מאק ארוחת אטריות עם גבינה 156 גרם,ניו וורלד פסטה קומפנ,US,ארוחת אטריות,גרמים,156.00,100 גרם,false,0,9.30,5.96,true,1,
7280109394412,false,מארז גיפט קארד מהודר,,CN,מארז גיפטקארד,יחידה,1.00,יחידה,false,1,5.10,5.10,true,1,
7290000000022,true,עגבניות חממה,קטיף.,IL,עגבניה,קילוגרמים,0.00,"ק""ג",true,0,5.90,5.90,true,1,
7290000000046,true,מלפפונים,קטיף.,IL,מלפפונים,קילוגרמים,0.00,"ק""ג",true,0,6.90,6.90,true,1,
7290000000053,true,קישואים,קטיף.,IL,קישואים,קילוגרמים,0.00,"ק""ג",true,0,8.90,8.90,true,1,
7290000000084,true,פלפל ירוק בהיר,שותפות מזרחי,IL,פלפל ירוק בהיר,קילוגרמים,0.00,"ק""ג",true,0,9.90,9.90,true,1,
7290000000091,true,פלפל אדום,קטיף.,IL,פלפל אדום,קילוגרמים,0.00,"ק""ג",true,0,9.90,9.90,true,1,
7290000000107,true,פלפל ירוק כהה,קטיף.,IL,פלפל ירוק כהה,קילוגרמים,0.00,"ק""ג",true,0,8.90,8.90,true,1,
7290000000114,true,חצילים,קטיף.,IL,חצילים,קילוגרמים,0.00,"ק""ג",true,0,6.90,6.90,true,1,
7290000000121,true,גזר ארוז,קטיף.,IL,גזר ארוז,קילוגרמים,0.00,"ק""ג",true,0,3.90,3.90,true,1,
7290000000138,true,כרוב לבן,קטיף.,IL,כרוב לבן,קילוגרמים,0.00,"ק""ג",true,0,3.90,3.90,true,1,
7290000000145,true,כרוב אדום,קטיף.,IL,כרוב אדום,קילוגרמים,0.00,"ק""ג",true,0,4.90,4.90,true,1,
7290000000176,true,כרובית,קטיף.,IL,כרובית,קילוגרמים,0.00,"ק""ג",true,0,9.90,9.90,true,1,
7290000000183,true,סלק,קטיף.,IL,סלק,קילוגרמים,0.00,"ק""ג",true,0,3.90,3.90,true,1,
7290000000220,true,קולורבי,קטיף.,IL,קולורבי,קילוגרמים,0.00,"ק""ג",true,0,9.90,9.90,true,1,
7290000000282,true,חסה ערבית יחידה,קטיף,IL,חסה ערבית,יחידה,1.00,יחידה,false,0,5.90,5.90,true,1,
7290000000411,true,שום - רביעייה במארז,קטיף.,XX,שום מארז,גרמים,190.00,100 גרם,false,0,5.90,3.11,true,1,
7290000000428,true,בטטות מובחר,קטיף.,IL,בטטה,קילוגרמים,0.00,"ק""ג",true,0,9.90,9.90,true,1,
7290000000435,true,סלרי עלים יחידה,קטיף,IL,סלרי עלים,יחידה,1.00,יחידה,false,0,5.90,5.90,true,1,
7290000000466,true,בצל ירוק יחידה,קטיף.,IL,בצל ירוק,יחידה,1.00,יחידה,false,0,5.90,5.90,true,1,
7290000000480,true,בצל יבש,קטיף.,IL,בצל יבש,קילוגרמים,0.00,"ק""ג",true,0,4.90,4.90,true,1,
7290000000503,true,תפוח אדמה קטן ארוז,קטיף.,IL,"תפו""א קטן ארוז",קילוגרמים,0.00,"ק""ג",true,0,6.90,6.90,true,1,
7290000000510,true,פטרוזיליה יחידה,קטיף.,IL,פטרוזיליה,יחידה,1.00,יחידה,false,0,3.90,3.90,true,1,
7290000000572,true,שומר,קטיף.,IL,שומר,קילוגרמים,0.00,"ק""ג",true,0,8.90,8.90,true,1,
7290000000589,true,"ארטישוק/תפו""א ירושלמי",קטיף.,IL,"ארטישוק/תפו""א",קילוגרמים,0.00,"ק""ג",true,0,15.90,15.90,true,1,
7290000000596,true,תפוח אדמה לבן תפזורת,קטיף.,IL,תפוח אדמה תפזורת,קילוגרמים,0.00,"ק""ג",true,0,4.90,4.90,true,1,
7290000000619,true,פלפל חריף,שותפות מזרחי,IL,פלפל חריף,קילוגרמים,0.00,"ק""ג",true,0,9.90,9.90,true,1,
7290000000633,true,עירית יחידה,קטיף,IL,עירית יחידה,יחידה,1.00,יחידה,false,0,5.90,5.90,true,1,
7290000000701,true,פטריות שמפניון למילוי,קטיף.,IL,שמפניון למילוי,קילוגרמים,0.00,"ק""ג",true,0,35.90,35.90,true,1,
7290000000718,true,פטריות חורש במשקל,קטיף.,IL,פטריות חורש,קילוגרמים,0.00,"ק""ג",true,0,35.90,35.90,true,1,
7290000000732,true,דלורית,קטיף.,IL,דלורית,קילוגרמים,0.00,"ק""ג",true,0,5.90,5.90,true,1,
7290000000794,true,גבעולי סלרי יחידה,יראון עבודות חקלאיות,IL,גבעולי סלרי,יחידה,1.00,יחידה,false,0,5.90,5.90,true,1,
7290000000824,true,קשוא ירוק )זוקיני(,קטיף.,IL,קשוא ירוק,קילוגרמים,0.00,"ק""ג",true,0,9.90,9.90,true,1,
7290000000848,true,תירס קלוף ארוז,קטיף.,IL,תירס קלוף ארוז,קילוגרמים,0.00,"ק""ג",true,0,8.90,8.90,true,1,
7290000000855,true,פלפל צהוב,קטיף.,IL,פלפל צהוב,קילוגרמים,0.00,"ק""ג",true,0,9.90,9.90,true,1,
7290000000916,true,עגבניה שרי סוכריות יח,קטיף.,IL,עגבניה שרי בודד,יחידה,1.00,יחידה,false,0,9.90,9.90,true,1,
7290000000930,true,קישוא עגול,קטיף.,IL,קישוא עגול,קילוגרמים,0.00,"ק""ג",true,0,12.90,12.90,true,1,
7290000000954,true,רוקט ג.נחל חידה,קטיף.,IL,רוקט+ג.נחל-יח,יחידה,1.00,יחידה,false,0,5.90,5.90,true,1,
7290000001029,true,פילפל צילי יחידה,קטיף.,IL,פילפל צילי יח,יחידה,1.00,יחידה,false,0,5.90,5.90,true,1,
7290000001036,true,בצל יבש אדום,קטיף.,XX,בצל יבש אדום,קילוגרמים,0.00,"ק""ג",true,0,6.90,6.90,true,1,
7290000001050,true,בזיליקום יחידה,קטיף,IL,בזיליקום יחידה,יחידה,1.00,יחידה,false,0,5.90,5.90,true,1,
7290000001104,true,פטריות חורש יחידה,קטיף.,IL,פטריות חורש,יחידה,1.00,יחידה,false,0,9.90,9.90,true,1,
7290000001661,true,גזר תפזורת,קטיף.,IL,גזר תפזורת,קילוגרמים,0.00,"ק""ג",true,0,4.90,4.90,true,1,
7290000001692,true,תפוח אדמה אדום ארוז,קטיף.,IL,תפוא אדום ארוז,קילוגרמים,0.00,"ק""ג",true,0,4.90,4.90,true,1,
7290000001722,true,תפוח אדמה אדום תפזורת,קטיף.,IL,"תפו""א אדום תפז'",קילוגרמים,0.00,"ק""ג",true,0,5.90,5.90,true,1,
7290000002040,true,חלה רגילה 500 גרם,מאפית ברמן,IL,חלה רגילה,גרמים,500.00,100 גרם,false,0,4.30,0.86,true,1,
7290000002071,true,חלה קלועה רגילה 500 גרם,מאפית ברמן,IL,חלה קלועה רגילה,גרמים,500.00,100 גרם,false,0,4.30,0.86,true,1,
7290000016030,true,גבינה עזים קשה,,NL,גבינה עזים,קילוגרמים,0.00,"ק""ג",true,0,118.00,118.00,true,1,
7290000023007,false,"ברנדי שטוק 84 37 % 750 מ""ל",טמפו משקאות בעמ,IL,ברנדי שטוק 84,מיליליטרים,750.00,"100 מ""ל",false,0,68.30,9.11,true,1,
7290000023083,false,ערק אשקלון בקבוק 700,טמפו משקאות בע`מ,IL,ערק אשקלון,מיליליטרים,700.00,"100 מ""ל",false,0,42.60,6.09,true,1,
7290000023809,false,קלאסיק קברנה סובניון יקבי ברקן (750 מל),יקבי ברקן שיווק והפצה בע,IL,קברנה קלאסיק,מיליליטרים,750.00,"100 מ""ל",false,0,28.10,3.75,true,1,
7290000023823,false,"יין קלאסיק סוביניון בלאן ברקן 750 מ""ל",יקבי ברקן שיווק והפצה בע,IL,סוביניון בלאן,מיליליטרים,750.00,"100 מ""ל",false,0,28.10,3.75,true,1,
7290000023830,false,יין קברנה בלאש סמוק ברקן קלאסי,יקבי ברקן שיווק והפצה בע,IL,רוזה קלאסיק,מיליליטרים,750.00,"100 מ""ל",false,0,28.10,3.75,true,1,
7290000023847,false,קלאסיק שרדונה יקבי ברקן (750 מל),יקבי ברקן שיווק והפצה בע,IL,יין לבן שרדונה,מיליליטרים,750.00,"100 מ""ל",false,0,28.10,3.75,true,1,
7290000023977,false,קלאסיק מרלו יקבי ברקן (750 מל),יקבי ברקן שיווק והפצה בע,IL,מרלו קלאסיק,מיליליטרים,750.00,"100 מ""ל",false,0,28.10,3.75,true,1,
7290000024219,false,"רזרב אמרלד ריזילינג 750 מ""ל 12 יח",טמפו משקאות בע`מ,IL,יין ריזלינג ברקן,מיליליטרים,750.00,"100 מ""ל",false,0,38.40,5.12,true,1,
7290000024240,false,יין רזרב שרדונה 750 מל שביעית,ביבקבי ברקן שיווק וה,IL,יין ברקן שרדונה,מיליליטרים,750.00,"100 מ""ל",false,0,38.40,5.12,true,1,
7290000024523,false,"תירוש של סגל ,מיץ ענבים , 1 ליטר",כרמי צבי - האחים סגל,IL,תירוש ענבים,ליטרים,1.00,ליטר,false,0,12.70,12.70,true,1,
7290000024530,false,יין אדום מתוק קידוש של סגל 750 מל,"כרמי צבי - אחים סגל בע""\",IL,יין מתוק לקידוש,מיליליטרים,750.00,"100 מ""ל",false,0,15.30,2.04,true,1,
7290000024561,false,"יין אסמבלאז' איתן 2011 ברקן 750 מ""ל",טמפו משקאות בעמ,IL,אסמבלאז' איתן,מיליליטרים,750.00,"100 מ""ל",false,1,51.20,6.83,true,1,
7290000024905,false,"וודקה קגלביץ' קלאסיקה 700 מ""ל",טמפו משקאות בעמ,IL,וודקה קגלביץ,מיליליטרים,700.00,"100 מ""ל",false,0,46.90,6.70,true,1,
7290000034256,false,ביסקוויט תירוש חצי מצופה 175 ג`הדר*,ח.כהן סוכנות מזון ומשקאות בע,IL,ביסקוויט תירוש,גרמים,175.00,100 גרם,false,0,5.00,2.86,true,1,
7290000040042,false,יופלה יוגורט תות %3 גביע 150 גרם,"תנובה בע""מ ***",IL,יופלה תות 3%,גרמים,150.00,100 גרם,false,0,4.20,2.80,true,1,
7290000040066,false,יופלה יוגורט דובדבן %3 גביע 150 גרם,תנובה מרכז שיתופי לש,IL,יופלה דובדבן3%,גרמים,150.00,100 גרם,false,0,4.20,2.80,true,1,
7290000040080,false,יופלה יוגורט אפרסק %3 גביע 150 גרם,"תנובה בע""מ ***",IL,יופלה אפרסק3%,גרמים,150.00,100 גרם,false,0,4.20,2.80,true,1,
7290000040301,false,תנובה עין גדי קממבר מחלב בקר 24% שומן,תנובה מרכז שיתופי לש,IL,עין גדי קממבר,גרמים,125.00,100 גרם,false,0,15.80,12.64,true,1,
7290000040318,false,גבינת עדי ברי 24% קולאז` (125 גרם)קולקש,תנובה מרכז שיתופי לש,IL,גבינת עדי ברי24%,גרמים,125.00,100 גרם,false,0,16.60,13.28,true,1,
7290000040462,false,טוסטי גבינה בסגנון אמריקאי אדם 23% תנובה 200 גרם,תנובה מרכז שיתופי לש,IL,טוסטי,גרמים,200.00,100 גרם,false,0,15.00,7.50,true,1,
7290000040974,false,חלב 2% דל לקטוז בקרטון תנובה (1 ליטר),תנובה מרכז שיתופי לש,IL,חלב טרי דל לקטוז,ליטרים,1.00,ליטר,false,0,6.00,6.00,true,1,
7290000041858,false,"שמנת חמוצה 15% מועשרת יטבתה 200 מ""ל",שטראוס גרופ בעמ/מצונן,IL,שמנת חמוצה יטבתה,מיליליטרים,200.00,"100 מ""ל",false,0,2.00,1.00,true,1,
7290000041865,false,"לבן 4.5% שומן מהדרין ""יטבתה""",שטראוס גרופ בעמ/מצונן,IL,לבן יטבתה4.5%,מיליליטרים,200.00,"100 מ""ל",false,0,1.60,0.80,true,1,
7290000041872,false,"לבן 3% יטבתה 200מ""ל מהדרין",שטראוס גרופ בעמ/מצונן,IL,לבן יטבתה 3%,מיליליטרים,200.00,"100 מ""ל",false,0,1.60,0.80,true,1,
7290000042411,false,חלב 1 ליטר בקבוק% 3 יוטבתה,"שטראוס גרופ ***בע""מ",IL,חלב 3% בקבוק,ליטרים,1.00,ליטר,false,0,5.32,5.32,true,1,
7290000042435,false,חלב דל שומן 1% בקרטון תנובה (1 ליטר)פיק,תנובה מרכז שיתופי לש,IL,חלב 1% בקרטון,ליטרים,1.00,ליטר,false,0,5.01,5.01,true,1,
7290000042640,false,"חלב תנובה עמיד 3% קרטון 250 מ""ל",תנובה מרכז שיתופי לש,IL,חלב עמיד 3% שומן,מיליליטרים,250.00,"100 מ""ל",false,0,2.30,0.92,true,1,
7290000042855,false,"שוקו בשקית 250 מ""ל ""יטבתה""",שטראוס גרופ בעמ/מצונן,IL,שוקו בשקית,מיליליטרים,225.00,"100 מ""ל",false,0,2.10,0.93,true,1,
7290000043012,false,"שוקו עמיד 2% בקרטון 250 מ""ל תנובה",תנובה מרכז שיתופי לש,IL,שוקו עמיד,מיליליטרים,250.00,"100 מ""ל",false,0,3.90,1.56,true,1,
7290000043814,false,השף הלבן שמנת להקצפה 38% שומן 250 מל - מוצר בפיקוח,תנובה מרכז שיתופי לש,IL,שמנת עמידה לקצפת,מיליליטרים,250.00,"100 מ""ל",false,0,5.53,2.21,true,1,
7290000043890,false,תנובה רויון לבן מחלב מפסוטר 1.5%,תנובה מרכז שיתופי לש,IL,רויון בקרטון1.5%,ליטרים,1.00,ליטר,false,0,9.60,9.60,true,1,
7290000043944,false,כד יוגורט תנובה 4% שומן 1.5 ליטר,מיוצר עי קונדיטוריית,IL,יוגורט בכד 4%,ליטרים,1.50,ליטר,false,0,14.10,9.40,true,1,
7290000044712,false,יוגורט עם תות 1.5% שומן 500 ג' פרילי,מיוצר עי קונדיטוריית,IL,פרילי תות-שדה,גרמים,500.00,100 גרם,false,0,9.10,1.82,true,1,
7290000045580,false,גבינה מותכת נעמה חורש תנובה 240 גרם,תנובה מרכז שיתופי לש,IL,גבינת נעמה מותכת,גרמים,240.00,100 גרם,false,0,14.90,6.21,true,1,
7290000045771,false,יוגורט לבן 4% תנובה (3 ליטר),תנובה מרכז שיתופי לש,IL,יוגורט בכד 4%,ליטרים,3.00,ליטר,false,0,25.10,8.37,true,1,
7290000045917,false,תנובה פרומעז גבינה מותכת מחלב עיזים 23% שומן,תנובה בעמ ***,IL,גבינת פרומעז,גרמים,200.00,100 גרם,false,0,22.70,11.35,true,1,
7290000046020,false,"גלבוע 22% שקילה}גבנ""צ{*.",תנובה מרכז שיתופי לש,IL,גבינת גלבוע 22%,קילוגרמים,0.00,"ק""ג",true,0,36.39,36.39,true,1,
7290000046327,false,גלבוע גבינה צהובה פרוסה 22% תנובה 200 גרם,תנובה מרכז שיתופי לש,IL,גבינת גלבוע פרוס,גרמים,200.00,100 גרם,false,0,11.10,5.55,true,1,
7290000046549,false,גבינת מוצרלה 20% במשקל,תנובה מרכז שיתופי לש,IL,גבינת מוצרלה,קילוגרמים,0.00,"ק""ג",true,0,68.00,68.00,true,1,
7290000046563,false,קולאג 23% פרמזן חריץ תנובה,תנובה מרכז שיתופי לש,IL,גבינת פרמז'ן 23%,גרמים,0.00,"ק""ג",true,0,96.00,96.00,true,1,
7290000047027,false,גב.קולאז' גלעד 27% במשקל,תנובה מרכז שיתופי לש,IL,גב.קשקבל /גלעד,קילוגרמים,0.00,"ק""ג",true,0,105.00,105.00,true,1,
7290000047034,false,רוקפור (26% גליל) חריץ תנובה,תנובה מרכז שיתופי לש,IL,גבינת רוקפור,קילוגרמים,0.00,"ק""ג",true,0,107.00,107.00,true,1,
7290000047485,false,גבינה בולגרית במשקל,תנובה מרכז שיתופי לש,IL,גבינה בולגרית,קילוגרמים,0.00,"ק""ג",true,0,50.00,50.00,true,1,
7290000047546,false,השף הלבן כנען גבינה לבנה דלת נתרן 5% תנובה 500 גרם,תנובה מרכז שיתופי לש,IL,גבינת כנען 5%,גרמים,500.00,100 גרם,false,0,20.40,4.08,true,1,
7290000048185,false,גבינה לבנה 5% תנובה 250 גרם מהדרין,מיוצר עי קונדיטוריית,IL,גבינה לבנה 5%,גרמים,250.00,100 גרם,false,0,4.26,1.70,true,1,
7290000048192,false,גבינה לבנה 9% תנובה 250 גרם מהדרין,מחלבת אלון תבור,IL,גבינה לבנה 9%,גרמים,250.00,100 גרם,false,0,4.10,1.64,true,1,
7290000048413,false,גבינה חמד (25016% גרם)פיראוס תנובה,תנובה מרכז שיתופי לש,IL,גבינה מלוחה 16%,גרמים,250.00,100 גרם,false,0,16.10,6.44,true,1,
7290000048437,false,גבינת צפתית (2005% גרם)פיראוס תנובה,פארייפאבה אגרואינדוס,IL,גבינה צפתית 5%,גרמים,200.00,100 גרם,false,0,12.70,6.35,true,1,
7290000049458,false,גבינה בולגרית עיזים (25016% גרם)פיראוס,תנובה מרכז שיתופי לש,IL,פטה עיזים פיראוס,גרמים,250.00,100 גרם,false,0,24.20,9.68,true,1,
7290000051307,false,"מארז הפסקת אוכל עם דגני עוגי ומשקה חלב עמיד בטעם וניל 150 מ""ל",תנובה מרכז שיתופי לש,IL,מארז הפסקת אוכל,יחידה,1.00,יחידה,false,0,8.10,8.10,true,1,
7290000051352,false,חלב מלא בטעם של פעם 3.4% תנובה קרטון 1 ל',תנובה מרכז שיתופי לש,IL,חלב של פעם מלא,ליטרים,1.00,ליטר,false,0,6.30,6.30,true,1,
7290000051376,false,יוגורט יופלה דיאט אננס 0% שומן 150 גרם,תנובה מרכז שיתופי לש,IL,יופלה דיאט אננס,גרמים,150.00,100 גרם,false,0,4.20,2.80,true,1,
7290000051710,false,פיראוס גבינת לאבנה אסלית על בסיס יוגורט תנובה 263 גרם,"תנובה, מחלבת אלון תב",IL,לאבנה פיראוס,גרמים,263.00,100 גרם,false,0,11.70,4.45,true,1,
7290000052311,false,גבינה צהובה עמק לייט 15% שומן 200 גרם,תנובה מרכז שיתופי לש,IL,עמק 15% פרוס,גרמים,200.00,100 גרם,false,0,13.50,6.75,true,1,
7290000052649,false,לאבנה אסלית (5005% גרם)פיראוס תנובה,תנובה מרכז שיתופי לש,IL,לאבנה פיראוס 5%,גרמים,500.00,100 גרם,false,0,16.60,3.32,true,1,
7290000052717,false,גבינת קוטג' שום שמיר 5% תנובה 250 גרם,מיוצר עי קונדיטוריית,IL,קוטג' +שום שמיר,גרמים,250.00,100 גרם,false,0,4.80,1.92,true,1,
7290000053219,false,טל העמק חריץ 32% במשקל,תנובה מרכז שיתופי לש,IL,טל העמק 32%,קילוגרמים,0.00,"ק""ג",true,1,49.00,49.00,true,1,
7290000055015,false,פיראוס גבינת פטה כבשים 5% תנובה 250 גרם,תנובה מרכז שיתופי לש,IL,פטה כבשים פיראוס,גרמים,250.00,100 גרם,false,0,22.90,9.16,true,1,
7290000055336,false,"משקה יוגורט 1.5% בטעם בננה אפרסק יופלה 250 מ""ל",תנובה מרכז שיתופי לש,IL,משקה יוגורט,גרמים,250.00,100 גרם,false,0,4.60,1.84,true,1,
7290000055343,false,משקה יוגורט יופלה פירות טרופיים 250 גרם,תנובה מרכז שיתופי לש,IL,משקה יוגורט,גרמים,250.00,100 גרם,false,0,4.60,1.84,true,1,
7290000055350,false,גבינה צהובה חריץ עמק 28% במשקל,תנובה מרכז שיתופי לש,IL,גבינת עמק 28%,קילוגרמים,0.00,"ק""ג",true,1,38.28,38.28,true,1,
7290000055893,false,חמאה משמנת מפוסטרת 200גרם 82% כ.מהדרין - מוצר בפיקוח,תנובה מרכז שיתופי לש,IL,חמאה מהדרין,גרמים,200.00,100 גרם,false,0,6.60,3.30,true,1,
7290000056272,false,גבינה לבנה 5% עם זיתים ירוקים 250 ג' תנובה,תנובה מרכז שיתופי לש,IL,גבינה לבנה 5%,גרמים,250.00,100 גרם,false,0,4.70,1.88,true,1,
7290000056784,false,גבינת פטה כבשים במשק,תנובה מרכז שיתופי לש,IL,פטה כבשים5% משקל,קילוגרמים,0.00,"ק""ג",true,0,93.00,93.00,true,1,
7290000056883,false,שמיניית יוגורט יופלה 3% טעמים שונים 150 גרם,תנובה מרכז שיתופי לש,IL,יופלה 8 יח במארז,קילוגרמים,1.20,"ק""ג",false,0,25.50,21.25,true,1,
7290000056890,false,שמיניית דיאט יופלה 0% טעמים שונים 150 גרם,מיוצר עי קונדיטוריית,IL,יופלה 0% 8 יח,קילוגרמים,1.20,"ק""ג",false,0,25.50,21.25,true,1,
7290000056951,false,"תנובה, השף הלבן, שמנת לבישול 15% שומן 500 מל",תנובה מרכז שיתופי לש,IL,שמנת לבישול 15%,מיליליטרים,500.00,"100 מ""ל",false,0,13.80,2.76,true,1,
7290000057088,false,עמק גבינה צהובה פרוסה דק דק 28% תנובה 200 גרם,תנובה מרכז שיתופי לש,IL,עמק דק28% 200גרם,גרמים,200.00,100 גרם,false,0,13.50,6.75,true,1,
7290000057118,false,גבינה צהובה עמק 28% שומן ואקום 400 גרם,תנובה מרכז שיתופי לש,IL,גבינת עמק פרוסה,גרמים,400.00,100 גרם,false,0,17.80,4.45,true,1,
7290000057132,false,יוגורט תנובה טבעי 1.5% גביע 200 גרם,מחלבת אלון תבור,IL,יוגורט תנובה1.5%,גרמים,200.00,100 גרם,false,0,2.70,1.35,true,1,
7290000057149,false,יוגורט תנובה טבעי 3% גביע 200 גרם,מיוצר עי קונדיטוריית,IL,יוגורט תנובה 3%,גרמים,200.00,100 גרם,false,0,2.70,1.35,true,1,
7290000057552,false,יופלה דיאט עוגת גבינה ותות 0% גביע 150ג',תנובה - חלב,IL,יופלה עוגת גבינה,גרמים,150.00,100 גרם,false,0,4.20,2.80,true,1,
7290000058030,false,"שמיניית יופלה שטוזים משקה יוגורט תות 100 מ""ל",מיוצר עי קונדיטוריית,IL,8שטוזים משקה תות,מיליליטרים,800.00,"100 מ""ל",false,0,17.60,2.20,true,1,
7290000058047,false,שמנת להקצפה 38% 500מל מהדרין עמיד השף הלבן,תנובה מרכז שיתופי לש,IL,משמנת להקצפה 38%,מיליליטרים,500.00,"100 מ""ל",false,0,11.06,2.21,true,1,
7290000058580,false,קוקילידה בטעם וניל עם עוגיות שוקולד גלידות נסטלה 80 גרם,נגה גלידות שותפות מוגבלת,IL,קוקילידה,יחידה,1.00,יחידה,false,0,9.40,9.40,true,1,
7290000060071,false,אוסם - חטיפי פריכונים מאורז מלא קלוי 80גר,קבוצת אוסם סחר שותפות מוגבלת,IL,חטיפי פריכונים,גרמים,80.00,100 גרם,false,0,6.40,8.00,true,1,
7290000060088,false,בייגלה מקלות עם מלח אסם (400 גרם),קבוצת אוסם סחר שותפות מוגבלת,IL,בייגלה מקלות,גרמים,400.00,100 גרם,false,0,8.40,2.10,true,1,
7290000060163,false,פסטה אסם אטריות דקות 400גר,קבוצת אוסם סחר שותפות מוגבלת,IL,אטריות דקות,גרמים,400.00,100 גרם,false,0,5.90,1.48,true,1,
7290000060200,false,פסטה אסם פתיתים אפויים קוסקוס 500גר,קבוצת אוסם סחר שותפות מוגבלת,IL,פתיתים אפויים,גרמים,500.00,100 גרם,false,0,5.90,1.18,true,1,
7290000060217,false,פסטה מקרוני מספר 7 אסם (500 גרם),קבוצת אוסם סחר שותפות מוגבלת,IT,פסטה מקרוני 7,גרמים,500.00,100 גרם,false,0,5.00,1.00,true,1,
7290000060248,false,פסטה אסם פתיתים תלתלים 500 גר',קבוצת אוסם סחר שותפות מוגבלת,IT,פסטה תלתלים,גרמים,500.00,100 גרם,false,0,5.00,1.00,true,1,
7290000060316,false,פרפקטו ספגטי מס' 8 אסם 500 גרם,קבוצת אוסם סחר שותפות מוגבלת,IT,ספגטי פרפקטו,גרמים,500.00,100 גרם,false,0,5.90,1.18,true,1,
7290000060408,false,פסטה אסם פתיתים אפויים טבעות 500 גר,קבוצת אוסם סחר שותפות מוגבלת,IL,פתיתים טבעות,גרמים,500.00,100 גרם,false,0,5.90,1.18,true,1,
7290000060415,false,"פסטה פרפקטו לאזניה 500 ג' ""אסם""",קבוצת אוסם סחר שותפות מוגבלת,IT,לזניה פרפקטו,גרמים,500.00,100 גרם,false,0,11.00,2.20,true,1,
7290000060576,false,פתיתים אפויים כוכבים אסם (500 גרם),קבוצת אוסם סחר שותפות מוגבלת,IL,פתיתים אפויים,גרמים,500.00,100 גרם,false,0,5.90,1.18,true,1,
7290000060781,false,פרומנטי פתיתים מסולסלים אוסם,קבוצת אוסם סחר שותפות מוגבלת,IT,פסטה מסולסלת,גרמים,500.00,100 גרם,false,0,5.00,1.00,true,1,
7290000060828,false,פסטה קרניים בינוניות אסם (500 גרם),קבוצת אוסם סחר שותפות מוגבלת,IT,פסטה קרניים,גרמים,500.00,100 גרם,false,0,5.00,1.00,true,1,
7290000060842,false,פסטה אסם פתיתים צדפים גדולים 500גר,קבוצת אוסם סחר שותפות מוגבלת,IT,פסטה צדפים אסם,גרמים,500.00,100 גרם,false,0,5.00,1.00,true,1,
7290000060880,false,פסטה ספגטי מספר 8 אסם 500 גרם,קבוצת אוסם סחר שותפות מוגבלת,IT,ספגטי מס' 8,גרמים,500.00,100 גרם,false,0,5.00,1.00,true,1,
7290000060903,false,פסטה אסם פתיתים אפויים אורז 500גר,קבוצת אוסם סחר שותפות מוגבלת,IL,פתיתים אפויים,גרמים,500.00,100 גרם,false,0,5.90,1.18,true,1,
7290000060958,false,אטריות מובחרות בינוניות אסם (400 גרם),קבוצת אוסם סחר שותפות מוגבלת,IL,אטריות בינוניות,גרמים,400.00,100 גרם,false,0,5.90,1.48,true,1,
7290000060965,false,פסטה אסם אטריות רחבות 400גר,קבוצת אוסם סחר שותפות מוגבלת,IL,אטריות רחבות,גרמים,400.00,100 גרם,false,0,5.90,1.48,true,1,
7290000061061,false,קרקר חיטה עם בצל אסם,קבוצת אוסם סחר שותפות מוגבלת,IL,קרקר בטעם בצל,גרמים,250.00,100 גרם,false,0,8.40,3.36,true,1,
7290000061085,false,"רוטב צילי מתוק 290 מ""ל-בקבוק",קבוצת אוסם סחר שותפות מוגבלת,IL,רוטב צ'ילי אסם,מיליליטרים,290.00,"100 מ""ל",false,0,8.40,2.90,true,1,
7290000061108,false,"רוטב טריאקי 290 מ""ל-בקבוק",קבוצת אוסם סחר שותפות מוגבלת,IL,רוטב טריאקי,מיליליטרים,290.00,"100 מ""ל",false,0,8.40,2.90,true,1,
7290000061214,false,פתיתים אפויים קוסקוס עם בצל אסם 500 גרם,קבוצת אסם סחר שות. מוגבלת,IL,פתיתים אפויים,גרמים,500.00,100 גרם,false,0,5.90,1.18,true,1,
7290000061245,false,עוגיות שוקוצ'יפס במילוי שוקולד אסם 220 גרם,קבוצת אוסם סחר-שות.מוגבלת,IL,עוגיות ש.צ'יפס,גרמים,220.00,100 גרם,false,0,9.00,4.09,true,1,
7290000062952,false,אוסם - מיני קרוטונים למרק ולסלט 250 גרם,קבוצת אוסם סחר שותפות מוגבלת,IL,מיני קרוטונים,גרמים,250.00,100 גרם,false,0,11.80,4.72,true,1,
7290000063102,false,קמח עוגה תופח מאליו אסם 350 גרם,קבוצת אוסם סחר שותפות מוגבלת,IL,קמח תופח מאליו,גרמים,350.00,100 גרם,false,0,4.10,1.17,true,1,
7290000063133,false,אסם שקדי מרק רכיבים טבעיים 24*100גרם,קבוצת אוסם סחר שותפות מוגבלת,IL,שקדי מרק אסם,גרמים,100.00,100 גרם,false,0,4.90,4.90,true,1,
7290000063140,false,שקדי מרק רכיבים טבעיים בשקית 400 ג' אסם,קבוצת אוסם סחר שותפות מוגבלת,IL,שקדי מרק אסם,גרמים,400.00,100 גרם,false,0,8.50,2.13,true,1,
7290000063157,false,"קמח עוגה תופח מאליו אסם 1 ק""ג",קבוצת אוסם סחר שותפות מוגבלת,IL,קמח תופח מאליו,קילוגרמים,1.00,"ק""ג",false,0,7.60,7.60,true,1,
7290000064758,false,קוסקוס בינוני אמיתי אסם 350 ג',קבוצת אוסם סחר שותפות מוגבלת,IL,קוסקוס בינוני,גרמים,350.00,100 גרם,false,0,6.70,1.91,true,1,
7290000064871,false,"אוסם - מנה חמה פירה תפו""א עם בצל 56 גרם",קבוצת אוסם סחר שותפות מוגבלת,IL,מנה חמה פירה,גרמים,56.00,100 גרם,false,0,5.00,8.93,true,1,
7290000065090,false,מיני קרוטונים מתובלים למרק ולסלט אסם 400 גרם,קבוצת אוסם סחר שותפות מוגבלת,IL,מיני קרוטונים,גרמים,400.00,100 גרם,false,0,19.40,4.85,true,1,
7290000065335,false,אוסם - מנה חמה פירה עם ירקות 55 גרם,קבוצת אוסם סחר שותפות מוגבלת,IL,מנה חמה פירה,גרמים,55.00,100 גרם,false,0,5.00,9.09,true,1,
7290000065557,false,אוסם - מנה חמה קוסקוס עם ירקות 84 גרם,קבוצת אוסם סחר שותפות מוגבלת,IL,מנה חמה קוסקוס,גרמים,84.00,100 גרם,false,0,5.00,5.95,true,1,
7290000065977,false,חטיפי פריכונים תירס שומשום אסם 80 גרם,קבוצת אוסם סחר שותפות מוגבלת,IL,פריכונים תירס,גרמים,80.00,100 גרם,false,0,6.40,8.00,true,1,
7290000066141,false,ביסלי חטיף בטעם גריל אסם (70 גרם),קבוצת אוסם סחר שותפות מוגבלת,IL,ביסלי גריל,גרמים,70.00,100 גרם,false,0,3.70,5.29,true,1,
7290000066172,false,ביסלי חטיף בטעם פיצה אסם (70 גרם),קבוצת אוסם סחר-שות.מוגבלת,IL,ביסלי פיצה,גרמים,70.00,100 גרם,false,0,3.70,5.29,true,1,
7290000066189,false,ביסלי חטיף בטעם פלאפל אסם (200 גרם),קבוצת אוסם סחר שותפות מוגבלת,IL,ביסלי פלאפל,גרמים,200.00,100 גרם,false,0,6.40,3.20,true,1,
7290000066196,false,ביסלי חטיף בטעם גריל אסם (200 גרם),קבוצת אוסם סחר שותפות מוגבלת,IL,ביסלי גריל,גרמים,200.00,100 גרם,false,0,6.40,3.20,true,1,
7290000066226,false,ביסלי חטיף בטעם פיצה אסם (200 גרם),קבוצת אוסם סחר שותפות מוגבלת,IL,ביסלי בטעם פיצה,גרמים,200.00,100 גרם,false,0,6.40,3.20,true,1,
7290000066295,false,במבה מתוקה מחומרים טבעיים 30 גרם,קבוצת אוסם סחר שותפות מוגבלת,IL,במבה מתוקה,גרמים,30.00,100 גרם,false,0,2.40,8.00,true,1,
7290000066318,false,במבה חטיף בוטנים אסם 80 גרם,קבוצת אוסם סחר שותפות מוגבלת,IL,במבה,גרמים,80.00,100 גרם,false,0,3.60,4.50,true,1,
7290000066332,false,אפרופו חטיף תירס אסם (50 גרם),קבוצת אוסם סחר שותפות מוגבלת,IL,חטיף אפרופו,גרמים,50.00,100 גרם,false,0,4.20,8.40,true,1,
7290000066349,false,אפרופו חטיף תירס אסם (100 גרם),קבוצת אוסם סחר-שות.מוגבלת,IL,אפרופו חטיף תירס,גרמים,100.00,100 גרם,false,0,7.60,7.60,true,1,
7290000066431,false,פופקו חטיף פופקורן בטעם חמאה ודבש אסם 80 גרם,קבוצת אוסם סחר שותפות מוגבלת,IL,חטיף פופקו,גרמים,80.00,100 גרם,false,0,4.50,5.63,true,1,
7290000067544,false,פירורית זהב פירורי לחם אסם 200 גרם,קבוצת אוסם סחר שותפות מוגבלת,IL,פירורית זהב,גרמים,200.00,100 גרם,false,0,5.40,2.70,true,1,
7290000067599,false,מנה חמה ספגטי ברוטב בולונז אסם 65 גרם,קבוצת אוסם סחר שותפות מוגבלת,IL,מנה חמה בולונז,גרמים,65.00,100 גרם,false,0,5.00,7.69,true,1,
7290000068138,false,אינסטנט פודינג בטעם וניל אסם 80 גרם,קבוצת אוסם סחר שותפות מוגבלת,IL,אינסטנט פודינג,גרמים,80.00,100 גרם,false,0,4.70,5.88,true,1,
7290000068190,false,אסם ג'לי תות שדה צבעים טבעיים 90 גרם,קבוצת אוסם סחר שותפות מוגבלת,IL,ג'לי בטעם תות,גרמים,90.00,100 גרם,false,0,5.40,6.00,true,1,
7290000068237,false,אבקה להכנת ג`לי בטעם פטל אסם (85 גרם),קבוצת אוסם סחר שותפות מוגבלת,IL,ג'לי בטעם פטל,גרמים,85.00,100 גרם,false,0,5.40,6.35,true,1,
7290000068251,false,אבקה להכנת ג'לי בטעם אננס אסם 85 גרם,קבוצת אוסם סחר שותפות מוגבלת,IL,ג'לי בטעם אננס,גרמים,85.00,100 גרם,false,0,5.40,6.35,true,1,
7290000068343,false,אסם פריכונים פרוסות קלויות מלא,קבוצת אוסם סחר שותפות מוגבלת,IL,פריכונים מאורז,גרמים,140.00,100 גרם,false,0,6.70,4.79,true,1,
7290000068701,false,אסם שקדי מרק רכיבים טבע.מיכל 400 גרם,קבוצת אוסם סחר שותפות מוגבלת,IL,שקדי מרק במיכל,גרמים,400.00,100 גרם,false,0,13.90,3.48,true,1,
7290000068770,false,במבה יום הולדת חטיף בוטנים אסם 80 גרם,קבוצת אוסם סחר שותפות מוגבלת,IL,במבה יום הולדת,גרמים,80.00,100 גרם,false,0,3.60,4.50,true,1,
7290000068787,false,במבה יום הולדת חטיף בוטנים אסם 25 גרם,קבוצת אוסם סחר שותפות מוגבלת,IL,במבה יום הולדת,גרמים,25.00,100 גרם,false,0,1.80,7.20,true,1,
7290000069258,false,פסטה פרפקטו פנה ריגאטה 500 ג' אסם,קבוצת אוסם סחר-שות.מוגבלת,IT,פנה ריגאטה,גרמים,500.00,100 גרם,false,0,5.90,1.18,true,1,
7290000069364,false,פריכונים מאורז מלא ללא תוספת סוכר אסם 140 גרם,קבוצת אוסם סחר שותפות מוגבלת,IL,פריכונים מאורז,גרמים,140.00,100 גרם,false,0,6.70,4.79,true,1,
7290000070308,false,אבקת מרק עוף אמיתי בשרי אסם 400 גרם,קבוצת אוסם סחר שותפות מוגבלת,IL,מרק עוף אמיתי,גרמים,400.00,100 גרם,false,0,14.40,3.60,true,1,
7290000070322,false,אבקת מרק פטריות רכיבים טבעיים אסם 400 גרם,קבוצת אוסם סחר שותפות מוגבלת,IL,מרק פטריות אסם,גרמים,400.00,100 גרם,false,0,17.00,4.25,true,1,
7290000070353,false,אבקת מרק בצל רכיבים טבעיים אסם 400 גרם,קבוצת אוסם סחר שותפות מוגבלת,IL,מרק בצל אסם,גרמים,400.00,100 גרם,false,0,17.00,4.25,true,1,
7290000071008,false,בייגלה שטוחים טבעות עם מלח אסם (60 גרם),קבוצת אוסם סחר שותפות מוגבלת,IL,בייגלה שטוחים,גרמים,60.00,100 גרם,false,0,2.60,4.33,true,1,
7290000072067,false,במבה חטיף בוטנים במילוי קרם חלבה 60 גרם,קבוצת אסם סחר שות. מוגבלת,IL,במבה במילוי חלוה,גרמים,60.00,100 גרם,false,0,3.60,6.00,true,1,
7290000072241,false,"רוטב פיצה 290 מ""ל-בקבוק",קבוצת אוסם סחר שותפות מוגבלת,IL,רוטב לפיצה אסם,מיליליטרים,290.00,"100 מ""ל",false,0,8.40,2.90,true,1,
7290000072623,false,קטשופ אסם בקבוק לחיץ 750 גרם,קבוצת אוסם סחר שותפות מוגבלת,IL,קטשופ בקבוק לחיץ,גרמים,750.00,100 גרם,false,0,9.30,1.24,true,1,
7290000072753,false,קפה נמס מגורען טסטרס צ'ויס 200 גרם-,קבוצת אוסם סחר שותפות מוגבלת,KR,קפה טסטרס צ'ויס,גרמים,200.00,100 גרם,false,0,25.50,12.75,true,1,
7290000072777,false,קפה נמס מגורען נטול קפאין טסטרס צ'ויס 200 גרם,קבוצת אוסם סחר שותפות מוגבלת,KR,קפה טסטרס צויס,גרמים,200.00,100 גרם,false,0,33.20,16.60,true,1,
7290000072784,false,קפה טייסטר צויס נטול קופאין 100 גר',קבוצת אוסם סחר שותפות מוגבלת,KR,קפה טסטרס צויס,גרמים,100.00,100 גרם,false,0,25.30,25.30,true,1,
7290000072968,false,דגני בוקר סיני מיניס חיטה מלאה וקינמון נסטלה 500 גרם,קבוצת אוסם סחר-שות.מוגבלת,PL,דגני נסטלה,גרמים,500.00,100 גרם,false,0,21.00,4.20,true,1,
7290000073125,false,מנה חמה פסטה ברוטב עגבניות אסם (62 גרם),קבוצת אוסם סחר שותפות מוגבלת,IL,מנה חמה פסטה,גרמים,62.00,100 גרם,false,0,5.00,8.06,true,1,
7290000073415,false,אוסם - מנה חמה פסטה ברוטב פיצה 61 גרם,קבוצת אוסם סחר שותפות מוגבלת,IL,מנה חמה פסטה,גרמים,61.00,100 גרם,false,0,5.00,8.20,true,1,
7290000073750,false,מנה חמה נודלס אטר+ירקות טעם עוף 70 גרם,קבוצת אוסם סחר שותפות מוגבלת,TH,מנה חמה נודלס,גרמים,70.00,100 גרם,false,0,5.00,7.14,true,1,
7290000073767,false,מנה חמה נודלס אטר.+ירקות טעם בקר 70 גרם,קבוצת אוסם סחר שותפות מוגבלת,TH,מנה חמה נודלס,גרמים,70.00,100 גרם,false,0,5.00,7.14,true,1,
7290000074184,false,ביסקוויט פתי בר אסם (500 גרם),קבוצת אוסם סחר שותפות מוגבלת,IL,ביסקוויט פתי בר,גרמים,500.00,100 גרם,false,0,9.30,1.86,true,1,
7290000074245,false,אוסם - קרם קרקר אסם 250 גרם,קבוצת אוסם סחר שותפות מוגבלת,IL,קרם קרקר אסם,גרמים,250.00,100 גרם,false,0,8.30,3.32,true,1,
7290000074252,false,קרקר שומשום אסם (250 גרם),קבוצת אוסם סחר שותפות מוגבלת,IL,קרקר שומשום אסם,גרמים,250.00,100 גרם,false,0,8.40,3.36,true,1,
7290000074276,false,קרקר פיקנטי טבעון 250 ג' אסם,קבוצת אוסם סחר שותפות מוגבלת,IL,קרקר פיקנטי אסם,גרמים,250.00,100 גרם,false,0,8.40,3.36,true,1,
7290000074375,false,אוסם - קרקר זהב 150 גרם,קבוצת אוסם סחר שותפות מוגבלת,IL,קרקר זהב אסם,גרמים,150.00,100 גרם,false,0,6.40,4.27,true,1,
7290000074481,false,קרקר לחמית אגוזים אסם (160 גרם),קבוצת אסם סחר שות. מוגבלת,IL,לחמית אגוזים,גרמים,160.00,100 גרם,false,0,8.40,5.25,true,1,
7290000074764,false,קרקר זהב אסם (900 גרם),קבוצת אוסם סחר שותפות מוגבלת,IL,קרקר זהב אסם,גרמים,900.00,100 גרם,false,0,25.50,2.83,true,1,
7290000075204,false,קרקר לחמית חיטה מלאה אסם (250 גרם),קבוצת אוסם סחר שותפות מוגבלת,IL,לחמית חיטה מלאה,גרמים,250.00,100 גרם,false,0,8.10,3.24,true,1,
7290000076126,false,אוסם - בייגלה שמיניות קטנות 80 גרם,קבוצת אוסם סחר שותפות מוגבלת,IL,בייגלה שמיניות,גרמים,80.00,100 גרם,false,0,2.60,3.25,true,1,
7290000076133,false,בייגלה שמיניות קטנות עם מלח אסם 400 גרם,קבוצת אוסם סחר שותפות מוגבלת,IL,בייגלה שמיניות,גרמים,400.00,100 גרם,false,0,8.40,2.10,true,1,
7290000076645,false,טוסטעים פת קלויה חיטה מלאה אסם 100 גרם,קבוצת אסם סחר שות. מוגבלת,NL,טוסטעיםחיטה מלאה,גרמים,100.00,100 גרם,false,0,8.90,8.90,true,1,
7290000077017,false,עוגיות קרמוגית במילוי קרם שוקולד אסם 200 גרם,קבוצת אוסם סחר שותפות מוגבלת,IL,קרמוגית שוקולד,גרמים,200.00,100 גרם,false,0,9.30,4.65,true,1,
7290000077253,false,אוסם - לחמית כפרית עם דגנים מלאים 190 גרם,קבוצת אסם סחר שות. מוגבלת,IL,לחמית כפרית,גרמים,190.00,100 גרם,false,0,8.40,4.42,true,1,
7290000078212,false,קרוטונים מתובלים למרק אסם (250 גרם),קבוצת אוסם סחר שותפות מוגבלת,IL,קרוטונים מתובל,גרמים,250.00,100 גרם,false,0,11.80,4.72,true,1,
7290000078762,false,אוסם - חטיפי פריכונים מאורז מלא בטעם דבש 80גר,קבוצת אוסם סחר-שות.מוגבלת,GB,חטיפי פריכונים,גרמים,80.00,100 גרם,false,0,6.40,8.00,true,1,
7290000080765,false,פת קלויה טוסטעים עם שומשום אסם (100 גרם),קבוצת אוסם סחר שותפות מוגבלת,NL,טוסטעים +שומשו,גרמים,100.00,100 גרם,false,0,8.90,8.90,true,1,
7290000081663,false,"בייגלה טבעות שומשום אסם 300 גרם בד""ץ",קבוצת אוסם סחר שותפות מוגבלת,IL,בייגלה טבעות,גרמים,300.00,100 גרם,false,0,8.40,2.80,true,1,
7290000090627,true,לחמניה מתוקה,גידרון,IL,לחמניה מתוק עגול,יחידה,1.00,יחידה,false,0,2.00,2.00,true,1,
7290000090832,true,בייגל אמריקאי רגיל,גידרון,IL,בייגל אמריקאי,יחידה,1.00,יחידה,false,0,3.80,3.80,true,1,
7290000092218,true,"כיס תפו""ע מחיר לפי משקל",גידרון,IL,מאפה כיס תפוח עץ,קילוגרמים,0.00,"ק""ג",true,0,35.00,35.00,true,1,
7290000093031,true,לחם ג'בטה,גידרון,IL,לחם ג'בטה,יחידה,1.00,יחידה,false,0,6.40,6.40,true,1,
7290000094168,true,בייגל אמריקאי כפרי,גידרון,IL,בייגל אמריקאי כפ,יחידה,1.00,יחידה,false,0,3.80,3.80,true,1,
7290000094199,true,לחם חצי ג'בטה,גידרון,IL,חצי ג'בטה לבן,יחידה,1.00,יחידה,false,0,3.80,3.80,true,1,
7290000094373,true,לחם חצי ג'בטה כפרי,גידרון,IL,לחם חצי ג'בטה,יחידה,1.00,יחידה,false,0,3.80,3.80,true,1,
7290000094663,true,לחמניה גידרול כפרי,גדרון סהרון,IL,לחמניה גידרול,יחידה,1.00,יחידה,false,0,4.10,4.10,true,1,
7290000096018,true,שנייק קינמון במשקל,גידרון,IL,שנק קינמון,קילוגרמים,0.00,"ק""ג",true,0,35.00,35.00,true,1,
7290000096032,true,חצי בגט,גידרון,IL,חצי בגט,יחידה,1.00,יחידה,false,0,3.10,3.10,true,1,
7290000096414,true,סופגניה גדולה רגילה80*6ג,גידרון,IL,סופגניה גדולה6יח,יחידה,1.00,יחידה,false,6,17.00,17.00,true,1,
7290000096438,true,דלעת יפנית אורגנ,,IL,דלעת יפנית אורגנ,קילוגרמים,0.00,"ק""ג",true,0,14.90,14.90,true,1,
7290000097237,true,בגט 280 גרם,גידרון,IL,בגט גדרון,יחידה,1.00,יחידה,false,0,4.10,4.10,true,1,
7290000097596,true,לחמנית 1/3 באגט,גידרון,IL,לחמנית בגט,יחידה,1.00,יחידה,false,0,2.70,2.70,true,1,
7290000097633,true,לחמניית קשר,גידרון,IL,לחמניית קשר,יחידה,1.00,יחידה,false,0,2.70,2.70,true,1,
7290000097657,true,לחמניית חלה,גידרון,IL,לחמניית חלה,יחידה,1.00,יחידה,false,0,3.80,3.80,true,1,
7290000098296,true,לחמניית אצבע,גידרון,IL,לחמניית אצבע,יחידה,1.00,יחידה,false,0,2.00,2.00,true,1,
7290000099248,true,בורקס גבינה חלבי במשקל,גידרון,IL,בורקס גבינה חלבי,קילוגרמים,0.00,"ק""ג",true,0,35.00,35.00,true,1,
7290000099255,true,בורקס תפוח אדמה מחיר לקג,גידרון,IL,בורקס תפוח אדמה,קילוגרמים,0.00,"ק""ג",true,0,35.00,35.00,true,1,
7290000099354,true,בורקס פיטריות קטן במשקל,גידרון,IL,בורקס פטריות,קילוגרמים,0.00,"ק""ג",true,0,35.00,35.00,true,1,
7290000099385,true,גביניות חלבי במשקל,גידרון,IL,גביניות חלבי,קילוגרמים,0.00,"ק""ג",true,0,35.00,35.00,true,1,
7290000099392,true,מאפה פרג במשקל,גידרון,IL,מאפה פרג,קילוגרמים,0.00,"ק""ג",true,0,35.00,35.00,true,1,
7290000099415,true,רוגלך במשקל,גידרון,IL,רוגלך במשקל,קילוגרמים,0.00,"ק""ג",true,0,35.00,35.00,true,1,
7290000099460,true,קרואסון ט.חמאה פרווה,גידרון,IL,קרואסון טעם חמאה,יחידה,1.00,יחידה,false,0,6.40,6.40,true,1,
7290000099477,true,קרואסון ביס שוקולד במשקל,גידרון,IL,קרואסון שוקולד,קילוגרמים,0.00,"ק""ג",true,0,35.00,35.00,true,1,
7290000099804,true,קוקיס שוקולד לבן במשקל,גידרון,IL,קוקיס שוק.חלבי,קילוגרמים,0.00,"ק""ג",true,0,44.00,44.00,true,1,
7290000099828,true,קוקיס שוקולד מריר במשקל,גידרון,IL,קוקיס שוקולד חלב,קילוגרמים,0.00,"ק""ג",true,0,44.00,44.00,true,1,
7290000099835,true,קוקיס+שבבי שוקולד חלבי,גידרון,IL,קוקיס שוק.חלבי,קילוגרמים,0.00,"ק""ג",true,0,44.00,44.00,true,1,
7290000099866,true,עגבניה תמר אורגנית במשקל,יבולי בר אורגני,IL,עגבניה תמר,קילוגרמים,0.00,"ק""ג",true,0,9.90,9.90,true,1,
7290000099941,true,גזר אורגני במשקל,,IL,גזר אורגני ארוז,קילוגרמים,0.00,"ק""ג",true,0,8.90,8.90,true,1,
7290000100036,false,פתיתי ברוקולי סנפרוסט 800 גרם,"סנפרוסט בע""מ",IL,פתיתי ברוקולי,גרמים,800.00,100 גרם,false,1,17.00,2.13,true,1,
7290000100135,false,פירות קפואים סנפרוסט דובדבן 300 גר,תנובה ענף ב.ע.ד,IL,דובדבן מתוק קפוא,גרמים,300.00,100 גרם,false,1,15.30,5.10,true,1,
7290000100302,false,פול ירוק מקולף סנפורסט 600 גר`,תנובה ענף ב.ע.ד,IL,פול ירוק קלוף,גרמים,600.00,100 גרם,false,1,20.40,3.40,true,1,
7290000100593,false,פרוסות אנטיפסטי לתנור סנפרוסט 600 גרם,תנובה ענף ב.ע.ד,IL,אנטיפסטי לתנור,גרמים,600.00,100 גרם,false,1,19.50,3.25,true,1,
7290000100609,false,קוביות אנטיפסטי להקפצה סנפרוסט 600 גרם,תנובה ענף ב.ע.ד,IL,אנטיפסטי להקפצה,גרמים,600.00,100 גרם,false,1,19.50,3.25,true,1,
7290000101132,false,לקט קטניות לחמין סנפרוסט 800 גר,תנובה ענף ב.ע.ד,IL,לקט קטניות לחמין,גרמים,800.00,100 גרם,false,1,18.70,2.34,true,1,
7290000101927,false,אוכמניות כחולות מוקפאות סנפרוסט 300 גרם,תנובה ענף ב.ע.ד,IL,אוכמניות קפואות,גרמים,300.00,100 גרם,false,1,15.30,5.10,true,1,
7290000101934,false,מיקס פירות יער מוקפאים 300 גר סנפרוסט,תנובה ענף ב.ע.ד,IL,מיקס פירות יער,גרמים,300.00,100 גרם,false,1,15.30,5.10,true,1,
7290000101958,false,מנגו חתוך מוקפא סנפרוסט (300 גרם),תנובה ענף ב.ע.ד,IL,מנגו קפוא,גרמים,300.00,100 גרם,false,1,15.30,5.10,true,1,
7290000103365,false,מרק ירקות עשיר סנפרוסט (550 גרם),תנובה מרכז שיתופי לשיווק תוצרת,IL,מרק ירקות,גרמים,560.00,100 גרם,false,0,15.30,2.73,true,1,
7290000103433,false,"לקט ירקות לתנור 800 גרם ""סנפרוסט""",תנובה מרכז שיתופי לשיווק תוצרת,IL,לקט ירקות לתנור,גרמים,800.00,100 גרם,false,1,19.50,2.44,true,1,
7290000103457,false,מיני כרובית סנפרוסט (600 גרם),תנובה קפואים,IL,מיני כרובית,גרמים,600.00,100 גרם,false,1,15.30,2.55,true,1,
7290000103471,false,מיני ברוקולי סנפרוסט 600 גרם,תנובה ענף ב.ע.ד,IL,מיני ברוקולי,גרמים,600.00,100 גרם,false,14,15.30,2.55,true,1,
7290000103488,false,"ארטישוק ירושלמי 400 גרם ""סנפרוסט""",תנובה מרכז שיתופי לשיווק תוצרת,IL,ארטישוק י-ם קפוא,גרמים,400.00,100 גרם,false,1,18.70,4.68,true,1,
7290000103730,false,לקט להקפצה עם פסטה פוזילי סנפרוסט 800 גרם,תנובה מרכז שיתופי לשיווק תוצרת,IL,לקט להקפצה,גרמים,800.00,100 גרם,false,0,21.20,2.65,true,1,
7290000103815,false,לקט להקפצה בסגנון תאילנדי סנפרוסט 800 גרם,תנובה מרכז שיתופי לשיווק תוצרת,IL,לקט תאילנדי,גרמים,800.00,100 גרם,false,0,21.20,2.65,true,1,
7290000103822,false,לקט מוקפא לעוף סנפרוסט (800 גרם),תנובה מרכז שיתופי לשיווק תוצרת,IL,לקט לעוף 800גרם,גרמים,800.00,100 גרם,false,0,19.50,2.44,true,1,
7290000103839,false,מרק כתום עשיר בירקות סנפרוסט (572 גרם),תנובה מרכז שיתופי לשיווק תוצרת,IL,מרק כתום,גרמים,572.00,100 גרם,false,0,15.30,2.67,true,1,
7290000103846,false,מרק אפונה עשיר בירקות סנפרוסט (572 גרם),תנובה מרכז שיתופי לשיווק תוצרת,IL,מרק אפונה,גרמים,572.00,100 גרם,false,0,15.30,2.67,true,1,
7290000103860,false,מרק עדשים עשיר בירקות סנפרוסט (572 גרם),תנובה מרכז שיתופי לשיווק תוצרת,IL,מרק עדשים,גרמים,572.00,100 גרם,false,0,15.30,2.67,true,1,
7290000103877,false,מרק שעועית עשיר בירקות סנפרוסט 640 גרם,תנובה מרכז שיתופי לשיווק תוצרת,IL,מרק שעועית,גרמים,644.00,100 גרם,false,0,15.30,2.38,true,1,
7290000104072,false,עדשים ירוקות מבושלות מוקפאות 800 ג' סנפרוסט,תנובה מרכז שיתופי לשיווק תוצרת,IL,עדשים ירוקות,גרמים,800.00,100 גרם,false,0,16.00,2.00,true,1,
7290000104201,false,אפונה עדינה מוקפאת סנפרוסט (600 גרם),תנובה ענף ב.ע.ד,IL,אפונה עדינה קפוא,גרמים,600.00,100 גרם,false,0,15.30,2.55,true,1,
7290000104218,false,סנפרוסט במיה 600 גרם,תנובה מרכז שיתופי לשיווק תוצרת,IL,במיה מוקפאת,גרמים,600.00,100 גרם,false,0,13.40,2.23,true,1,
7290000104225,false,בצל קצוץ סנפרוסט 600 גרם,"סנפרוסט בע""\מ",IL,בצל קצוץ מוקפא,גרמים,600.00,100 גרם,false,0,14.40,2.40,true,1,
7290000104676,false,אפונה קפואה סנפרוסט 800 גרם,תנובה מרכז שיתופי לשיווק תוצרת,IL,אפונה ירוקה קפוא,גרמים,800.00,100 גרם,false,0,15.30,1.91,true,1,
7290000104683,false,שעועית ירוקה שלמה סנפרוסט (800 גרם),תנובה מרכז שיתופי לשיווק תוצרת,IL,שעועית ירוקה שלמ,גרמים,800.00,100 גרם,false,0,17.00,2.13,true,1,
7290000104690,false,גרעיני תירס מוקפאים סנפרוסט (800 גרם),תנובה מרכז שיתופי לשיווק תוצרת,IL,גרעיני תירס קפוא,גרמים,800.00,100 גרם,false,0,15.30,1.91,true,1,
7290000104706,false,גזר גמדי מוקפא סנפרוסט (800 גרם),תנובה מרכז שיתופי לשיווק תוצרת,IL,גזר גמדי מוקפא,גרמים,800.00,100 גרם,false,0,15.80,1.98,true,1,
7290000104713,false,פול ירוק קפוא סנפורסט 800 גרם,תנובה מרכז שיתופי לשיווק תוצרת,IL,פול ירוק מוקפא,גרמים,800.00,100 גרם,false,0,20.10,2.51,true,1,
7290000104720,false,שעועית ירוקה חתוכה סנפרוסט (800 גרם),תנובה מרכז שיתופי לשיווק תוצרת,IL,שעועית ירוקה,גרמים,800.00,100 גרם,false,0,15.90,1.99,true,1,
7290000104744,false,כרובית מוקפאת סנפרוסט (800 גרם),תנובה מרכז שיתופי לשיווק תוצרת,IL,כרובית מוקפאת,גרמים,800.00,100 גרם,false,0,21.20,2.65,true,1,
7290000104751,false,כרוב ניצנים סנפרוסט (800 גרם),תנובה מרכז שיתופי לשיווק תוצרת,IL,כרוב ניצנים קפוא,גרמים,800.00,100 גרם,false,0,21.20,2.65,true,1,
7290000104768,false,עלי תרד סנפרוסט (800 גרם),תנובה מרכז שיתופי לשיווק תוצרת,IL,תרד עלים מוקפא,גרמים,800.00,100 גרם,false,0,21.80,2.73,true,1,
7290000104775,false,תרד מדליונים סנפרוסט 800 גרם,תנובה מרכז שיתופי לשיווק תוצרת,IL,מדליוני תרד קפ,גרמים,800.00,100 גרם,false,0,22.30,2.79,true,1,
7290000104799,false,שעועית לבנה מבושלת סנפרוסט (800 גרם),תנובה מרכז שיתופי לשיווק תוצרת,IL,שעועית לבנה,גרמים,800.00,100 גרם,false,0,16.90,2.11,true,1,
7290000104805,false,גרגרי חומוס מבושלים סנפרוסט (800 גרם),תנובה מרכז שיתופי לשיווק תוצרת,IL,גרגרי חומוס קפוא,גרמים,800.00,100 גרם,false,0,16.80,2.10,true,1,
7290000104829,false,קלחי תירס חתוכים סנפרוסט 1 קילו,תנובה מרכז שיתופי לשיווק תוצרת,IL,קלחוני תירס קפוא,קילוגרמים,1.00,"ק""ג",false,0,16.80,16.80,true,1,
7290000104836,false,שעועית ירוקה עדינה שלמה סנפרוסט 600 גרם,תנובה מרכז שיתופי לשיווק תוצרת,IL,שעועית שלמה קפוא,גרמים,600.00,100 גרם,false,0,18.70,3.12,true,1,
7290000104881,false,לקט אפונה וגזר מוקפאים סנפרוסט (800 גרם),תנובה מרכז שיתופי לשיווק תוצרת,IL,אפונה וגזר קפוא,גרמים,800.00,100 גרם,false,0,13.50,1.69,true,1,
7290000104904,false,לקט ירקות מעורבים סנפרוסט 800 גרם,תנובה מרכז שיתופי לשיווק תוצרת,IL,לקט ירקות מעור,גרמים,800.00,100 גרם,false,0,19.50,2.44,true,1,
7290000104911,false,לקט נורמנדי מוקפא סנפרוסט (800 גרם),תנובה מרכז שיתופי לשיווק תוצרת,IL,לקט נורמנדי קפוא,גרמים,800.00,100 גרם,false,0,19.50,2.44,true,1,
7290000106175,false,לקט כפרי מוקפא סנפרוסט (2 קג),תנובה קפואים,IL,לקט כפרי קפוא,קילוגרמים,2.00,"ק""ג",false,0,34.10,17.05,true,1,
7290000107189,false,תחתיות ארטישוק סנפרוסט (400 גרם),תנובה מרכז שיתופי לשיווק תוצרת,IL,תחתיות ארטישוק,גרמים,400.00,100 גרם,false,0,18.70,4.68,true,1,
7290000107295,false,תפרחות ברוקולי סנפרוסט 800 גרם,תנובה מרכז שיתופי לשיווק תוצרת,IL,ברוקולי מוקפא,גרמים,800.00,100 גרם,false,0,21.20,2.65,true,1,
7290000107622,false,ירקות ופסטה א-לה איטליה סנפרוסט 800 גרם,"איי, בי, אינבוו",IL,ירקות ופסטה א-לה,גרמים,800.00,100 גרם,false,1,21.20,2.65,true,1,
7290000111063,false,מיונז אמיתי תלמה (250 גרם),יוניליוור ישראל שיווק בע`מ,IL,מיונז אמיתי תלמה,גרמים,250.00,100 גרם,false,0,5.80,2.32,true,1,
7290000111117,false,מרכך כביסה לבן בדין (4 ליטר),יוניליוור ישראל שיווק בע`מ,IL,מרכך כביסה בדין,ליטרים,4.00,ליטר,false,0,17.00,4.25,true,1,
7290000111353,false,מיונז אמיתי תלמה (1 קג),"יוניליוור ישראל שיווק בע""מ",IL,מיונז אמיתי תלמה,קילוגרמים,1.00,"ק""ג",false,0,14.40,14.40,true,1,
7290000111384,false,חרדל אמיתי בצנצנת 550 ג' תלמה,יוניליוור ישראל שיווק בע`מ,IL,חרדל אמיתי תלמה,גרמים,550.00,100 גרם,false,0,7.20,1.31,true,1,
7290000112220,false,טחינה גולמית שומשום טהור בארכה 500 גרם,קבוצת אוסם סחר שותפות מוגבלת,IL,טחינה גולמית,גרמים,500.00,100 גרם,false,0,11.80,2.36,true,1,
7290000112497,false,מרק עשיר עוף אטריות קנור 75 גרם - שקיות,יוניליוור ישראל שיווק בע`מ,IL,מרק עוף איטריות,גרמים,68.00,100 גרם,false,0,8.00,11.76,true,1,
7290000112503,false,מרק עשיר ירקות קנור 69 גרם - שקיות,יוניליוור ישראל שיווק בע`מ,IL,מרק ירקות קנור,גרמים,61.00,100 גרם,false,0,8.00,13.11,true,1,
7290000112619,false,אבקת מרק עוף אמיתי קנור 400 ג' כשלפ,יוניליוור ישראל שיווק בע`מ,IL,מרק עוף אמיתי,גרמים,400.00,100 גרם,false,0,17.00,4.25,true,1,
7290000116204,false,"אבקת מרק דגש בטעם עוף 1ק""ג קנור","יוניליוור ישראל שיווק בע""מ",IL,מרק דגש טעם עוף,קילוגרמים,1.00,"ק""ג",false,0,12.70,12.70,true,1,
7290000116884,false,"רוטב ברביקיו קנור 300 גרם בד""צ",יוניליוור ישראל שיווק בע`מ,IL,רוטב ברביקיו,גרמים,350.00,100 גרם,false,0,9.30,2.66,true,1,
7290000116945,false,"רוטב סויה קלאסי קנור בד""צ 350 גרם",יוניליוור ישראל שיווק בע`מ,IL,רוטב סויה קלאסי,מיליליטרים,300.00,"100 מ""ל",false,0,9.30,3.10,true,1,
7290000117720,false,נמס בכוס פטריות קנור 21.5 גרם מארז זוגי,יוניליוור ישראל שיווק בע`מ,IL,מרק נמס בכוס,גרמים,43.00,100 גרם,false,0,5.90,13.72,true,1,
7290000118277,false,כופתאות מצה להכנת מהירה 65 ג' קנור,"יוניליוור ישראל שיווק בע""מ",IL,אבקה לקניידלך,גרמים,130.00,100 גרם,false,0,8.40,6.46,true,1,
7290000120836,false,מיונז אמיתי הלמנס (394 גרם),"יוניליוור ישראל שיווק בע""מ",CA,מיונז אמיתי הלמנ,גרמים,394.00,100 גרם,false,0,9.30,2.36,true,1,
7290000120874,false,מיונז הלמנס לייט מופחת קלוריות 424ג,"יוניליוור ישראלשיווק בע""מ",US,ממרח הלמנס,גרמים,424.00,100 גרם,false,0,9.30,2.19,true,1,
7290000121031,false,החתול המחייך גבינה מותכת 14% מון בלאן 120 גרם,נטו מילנדה סחר בעמ*,IL,גבינה מותכת,גרמים,120.00,100 גרם,false,0,10.10,8.42,true,1,
7290000121093,false,גבינה מותכת לייט בטעם שוויצרי 7% מון בלאן 120 גר',נטו מלינדה סחר בע`מ,IL,גבינת מון בלאן,גרמים,120.00,100 גרם,false,0,10.10,8.42,true,1,
7290000122830,false,"רוטב מקסיקני סצ'ואן קנור 300 מ""ל",יוניליוור ישראל שיווק בע`מ,IL,רוטב סצ'ואן סיני,גרמים,370.00,100 גרם,false,0,9.30,2.51,true,1,
7290000129457,false,אבקת רוטב פטריות קנור 28 ג' שקית,יוניליוור ישראל שיווק בע`מ,IL,רוטב פטריות,גרמים,28.00,100 גרם,false,0,3.30,11.79,true,1,
7290000134307,false,קינמון טחון 50 גרם טעם וריח,"תבליני טעם וריח בע""מ",IL,קינמון טחון,גרמים,50.00,100 גרם,false,0,5.10,10.20,true,1,
7290000134314,false,פיצה תערובת תיבול 120 גרם מיכל גדול,"תבליני טעם וריח בע""מ",IL,תיבול לפיצה,גרמים,120.00,100 גרם,false,0,8.50,7.08,true,1,
7290000134352,false,קינמון טחון בקופ' 90 גר' טעם וריח,"תבליני טעם וריח בע""מ",IL,קינמון טחון,גרמים,80.00,100 גרם,false,0,8.50,10.63,true,1,
7290000134376,false,פפריקה בשמן בקופ' 90 גר' טעם וריח,"תבליני טעם וריח בע""מ",IL,פפריקה מתוקה,גרמים,90.00,100 גרם,false,0,8.50,9.44,true,1,
7290000134550,false,עלי דפנה 20 גר' טעם וריח,"תבליני טעם וריח בע""מ",IL,עלי דפנה בשקית,גרמים,20.00,100 גרם,false,0,5.10,25.50,true,1,
7290000134666,false,רוזמרין 15 גר מיכל ק,תבליני טעם וריח בעמ,IL,רוזמרין,גרמים,15.00,100 גרם,false,0,5.90,39.33,true,1,
7290000134673,false,זנגויל טחון מיכל 30 גרם,"תבליני טעם וריח בע""מ",IL,זנגויל טחון,גרמים,30.00,100 גרם,false,0,5.90,19.67,true,1,
7290000134680,false,קימל שלם 40 גר' טעם וריח,תבליני טעם וריח בעמ,IL,קימל שלם,גרמים,40.00,100 גרם,false,0,5.90,14.75,true,1,
7290000134758,false,"תיבול לתפו""א בקופ' 100 גר' טעם וריח","תבליני טעם וריח בע""מ",IL,"תיבול לתפו""א",גרמים,100.00,100 גרם,false,0,8.50,8.50,true,1,
7290000134833,false,כמון טחון בקופ' 100 גר' טעם וריח,"תבליני טעם וריח בע""מ",IL,כמון טחון,גרמים,100.00,100 גרם,false,0,8.50,8.50,true,1,
7290000134840,false,כורכום טחון בקופ' 100 גר' טעם וריח,"תבליני טעם וריח בע""מ",IL,כורכום טחון,גרמים,100.00,100 גרם,false,0,8.50,8.50,true,1,
7290000134857,false,פפריקה מתוקה בקופ' 100 גר' טעם וריח,"תבליני טעם וריח בע""מ",IL,פפריקה במיכל,גרמים,100.00,100 גרם,false,0,8.50,8.50,true,1,
7290000134871,false,פלפל שחור טחון בקופ' 100 גר' טעם וריח,"תבליני טעם וריח בע""מ",IL,פלפל שחור במיכ,גרמים,100.00,100 גרם,false,0,11.00,11.00,true,1,
7290000134970,false,חוואיג' בקופ' 100 גר' טעם וריח,"תבליני טעם וריח בע""מ",IL,חוואיג',גרמים,100.00,100 גרם,false,0,8.50,8.50,true,1,
7290000134987,false,פלפל שחור גרוס בקופ' 90 גר' טעם וריח,"תבליני טעם וריח בע""מ",IL,פלפל שחור גרוס,גרמים,90.00,100 גרם,false,0,11.00,12.22,true,1,
7290000134994,false,טימין 20 גר מיכל קטן,"תבליני טעם וריח בע""מ",IL,טימין,גרמים,20.00,100 גרם,false,0,5.90,29.50,true,1,
7290000135045,false,"XL TEN משקה אנרגיה פתוח ללא סוכר 250 מ""ל","טמפו משקאות בע""\מ",IL,TEN XL בטעם תפוח,מיליליטרים,250.00,"100 מ""ל",false,1,4.20,1.68,true,1,
7290000135052,false,"XL TEN משקה אנרגיה מנגו ללא סוכר 250 מ""ל","טמפו משקאות בע""\מ",IL,TEN XL בטעם מנגו,מיליליטרים,250.00,"100 מ""ל",false,1,4.20,1.68,true,1,
7290000135113,false,משקה אנרגיה אקסל נענע ליים ללס (250 מל,"טמפו משקאות בע""\מ",IL,TEN XL נענע ליים,מיליליטרים,250.00,"100 מ""ל",false,1,4.20,1.68,true,1,
7290000135182,false,"מארז 7 אפ פרי דל קלוריות בטעם לימון ליים פחית צרה 330 מ""ל*6 יח'","טמפו משקאות בע""מ",IL,סבן אפ פחיות 6יח,ליטרים,1.98,ליטר,false,1,16.40,8.28,true,1,
7290000135311,false,פפסי קולה ליים 1.5 ללא סוכר,"טמפו משקאות בע""\מ",IL,פפסי מקס ליים,ליטרים,1.50,ליטר,false,1,6.50,4.33,true,1,
7290000135595,false,פפסי מקס בטעם דובדבן 1.5 ללא סוכר,"טמפו משקאות בע""\מ",IL,פפסי מקס דובדבן,ליטרים,1.50,ליטר,false,1,6.50,4.33,true,1,
7290000135625,false,"רביעיית פחיות בירה גולדסטאר 500 מ""ל","טמפו משקות בע""\מ",IL,גולדסטאר 4 פחיות,ליטרים,2.00,ליטר,false,1,28.00,14.00,true,1,
7290000135632,false,"רביעיית פחיות בירה גולדסטאר לא מסונן 500 מ""ל","טמפו משקאות בע""\מ",IL,גולדסטאר 4 פחיות,ליטרים,2.00,ליטר,false,1,30.60,15.30,true,1,
7290000136141,false,פפסי קולה 1.5 ליטר פיקדון,"טמפו משקאות בע""\מ",IL,פפסי קולה,ליטרים,1.50,ליטר,false,0,6.60,4.40,true,1,
7290000136158,false,פפסי מקס משקה מוגז דל קלוריות בטעם קולה,"טמפו משקאות בע""\מ",IL,פפסי מקס,ליטרים,1.50,ליטר,false,0,6.50,4.33,true,1,
7290000136165,false,מירינדה אורנג` 1.5 ליטר פיקדון,"טמפו משקאות בע""\מ",IL,מירינדה תפוזי,ליטרים,1.50,ליטר,false,0,6.50,4.33,true,1,
7290000136172,false,משקה 7UP בקבוק 1.5 ליטר פיקדון,"טמפו משקאות בע""\מ",IL,סבן אפ,ליטרים,1.50,ליטר,false,0,6.50,4.33,true,1,
7290000136189,false,משקה דיאט 7UP בקבוק 1.5 ליטר פיקדון,"טמפו משקאות בע""\ם.",IL,דיאט סבן אפ,ליטרים,1.50,ליטר,false,0,6.80,4.53,true,1,
7290000136240,false,סודה 1.5 ליטר שישייה בודד,"טמפו משקאות בע""\מ",IL,מי סודה טמפו,ליטרים,1.50,ליטר,false,0,3.30,2.20,true,1,
7290000136264,false,מי טוניק גזוז 1.5 ל' טמפו,"טמפו משקאות בע""\מ",IL,מי טוניק,ליטרים,1.50,ליטר,false,0,9.40,6.27,true,1,
7290000136288,false,"סירופ בטעם תפוחים ג'ויסר סיידר הגליל 330 מ""ל","טמפו משקאות בע""\מ",IL,סירופ סיידר גליל,מיליליטרים,330.00,"100 מ""ל",false,1,12.70,3.85,true,1,
7290000136295,false,"סירופ בטעם פטל ג'ויסר סיידר הגליל 330 מ""ל","טמפו משקאות בע""\מ",IL,סירופ סיידר גליל,מיליליטרים,330.00,"100 מ""ל",false,1,12.70,3.85,true,1,
7290000136301,false,"סירופ בטעם ענבים ג'ויסר סיידר הגליל 330 מ""ל","טמפו משקאות בע""\מ",IL,סירופ סיידר גליל,מיליליטרים,330.00,"100 מ""ל",false,1,12.70,3.85,true,1,
7290000136455,false,משקה בטעם אשכוליות תריסר 1.5 ל' ג'אמפ,"טמפו משקאות בע""\ם.",IL,ג'אמפ אשכוליו,ליטרים,1.50,ליטר,false,0,6.40,4.27,true,1,
7290000136516,false,משקה בטעם מנגו פסיפלורה תריסר 1.5 ל' ג'אמפ,טמפו משקאות בע`מ,IL,ג'אמפ מנגו,ליטרים,1.50,ליטר,false,0,6.40,4.27,true,1,
7290000136585,false,משקה בטעם תפוזים תריסר 1.5 ל' ג'אמפ,"טמפו משקאות בע""\ם.",IL,ג'אמפ תפוזים,ליטרים,1.50,ליטר,false,0,6.40,4.27,true,1,
7290000136646,false,בירה שחורה נשר מאלט בקבוק 1.5 ליטר,"טמפו משקאות בע""\מ",IL,נשר מאלט,ליטרים,1.50,ליטר,false,0,7.90,5.27,true,1,
7290000136653,false,בירה שחורה נשר מאלט דיאט בקבוק 1.5ל`,"טמפו משקאות בע""\מ",IL,נשר מאלט דיאט,ליטרים,1.50,ליטר,false,0,7.50,5.00,true,1,
7290000136776,false,שישיית פפסי מקס דל קלוריות 1.5 ליטר,טמפו משקאות בע`מ,IL,פפסי מקס1.5*6ל,ליטרים,9.00,ליטר,false,0,32.30,3.59,true,1,
7290000136790,false,טמפו מי סודה 6*1.5 ליטר פיקדון,"טמפו משקאות בע""\מ",IL,סודה טמפו1.5*6ל,ליטרים,9.00,ליטר,false,0,15.50,1.72,true,1,
7290000136806,false,סודה בטעם לימון ליים 1.5 רביעייה רביעייה,טמפו משקאות בע`מ,IL,סודה למון1.5*4ל,ליטרים,6.00,ליטר,false,0,10.40,1.73,true,1,
7290000136813,false,סודה בטעם אננס מארז רביעייה 1.5 ל' טמפו,טמפו משקאות בע''מn\,IL,סודה ט.אננס1.5*4,ליטרים,6.00,ליטר,false,0,10.40,1.73,true,1,
7290000136820,false,סודה בטעם פירות יער מארז ריבעיה * 1.5 ל' טמפו,טמפו משקאות בע''מn\,IL,4סודה פרי יער1.5,ליטרים,6.00,ליטר,false,0,10.40,1.73,true,1,
7290000136844,false,מארז מים מזוככים אקווה נובה שישיית 2 ליטר,"טמפו משקאות בע""\מ",IL,אקווה נובה2*6ל,ליטרים,12.00,ליטר,false,0,11.20,0.93,true,1,
7290000136868,false,סאן בנדטו - מים מינרלים - מארז שישיית 1.5 ליטר,אקווה מינרלה סאן בנדטו ב,IT,סאן בנדטו1.5*6ל,ליטרים,9.00,ליטר,false,0,16.40,1.82,true,1,
7290000136875,false,שישיית מים מינרליים מוגזים סן בנדטו 1.5 ליטר,סאן בנדטו San Benedetto,IT,6סנבנדטו מוגז1.5,ליטרים,9.00,ליטר,false,0,17.20,1.91,true,1,
7290000143194,false,שמפו ומרכך לשיער אלוורה הוואי (700 מל),טרופיקל דגיל בעמ,IL,שמפו+מרכך הוואי,מיליליטרים,700.00,"100 מ""ל",false,0,8.40,1.20,true,1,
7290000143200,false,"הוואי - מרכך לשיער יבש 700 מ""ל",שוורצקוף& הנקל דיסלד,IL,מרכך שיער הוואי,מיליליטרים,700.00,"100 מ""ל",false,0,8.40,1.20,true,1,
7290000143255,false,הוואי שמפו לשיער רגיל 700 מל ירוק,שוורצקוף& הנקל דיסלד,IL,שמפו הוואי,מיליליטרים,700.00,"100 מ""ל",false,0,8.40,1.20,true,1,
7290000143286,false,הוואי מרכך לשיער רגיל 700 מל ירוק,טרופיקל דגיל קוסמטיק,IL,מרכך הוואי,מיליליטרים,700.00,"100 מ""ל",false,0,8.40,1.20,true,1,
7290000144160,false,"שמן זית כתית מעולה ארומתי עץ הזית 750 מ""ל","מרקאולאו, ספרד.אבסה,",IT,שמן זית,מיליליטרים,750.00,"100 מ""ל",false,0,28.90,3.85,true,1,
7290000144474,false,שמן עץ הזית קנולה 1 ליטר בריאות מהטבע,סוגת תעשיות בעמ,EE,שמן קנולה,ליטרים,1.00,ליטר,false,0,12.70,12.70,true,1,
7290000146645,false,הוואי - סבון מוצק שחור מסתורי 100 גרם רביעייה,טרופיקל דגיל קוסמטיק,IL,סבון הוואי 4 יח,גרמים,400.00,100 גרם,false,0,10.10,2.53,true,1,
7290000146652,false,הוואי - סבון מוצק ורוד רומנטי 100 גרם רביעייה,טרופיקל דגיל קוסמטיק,PL,סבון הוואי 4 יח,גרמים,400.00,100 גרם,false,0,10.10,2.53,true,1,
7290000146669,false,הוואי - סבון מוצק שמיים כחולים 100 גרם רביעייה,טרופיקל דגיל קוסמטיק,IL,סבון הוואי 4 יח,גרמים,400.00,100 גרם,false,0,10.10,2.53,true,1,
7290000146676,false,הוואי - סבון מוצק לגבר 100 גרם רביעייה,טרופיקל דגיל קוסמטיק,PL,סבון הוואי 4 יח,גרמים,400.00,100 גרם,false,0,10.10,2.53,true,1,
7290000146683,false,הוואי - סבון מוצק אפקט דאודורנט 100 גרם רביעייה,טרופיקל דגיל קוסמטיק,PL,סבון הוואי 4 יח,גרמים,400.00,100 גרם,false,0,10.10,2.53,true,1,
7290000146997,false,משחת שיניים לילדים מסטיק טום וג'רי 50 מל,טרופיקל דגיל קוסמטיק,IL,משחת טום וג'רי,מיליליטרים,50.00,"100 מ""ל",false,0,7.80,15.60,true,1,
7290000149615,false,רביעיית סבון מוצק קלאסי לתינוק נקה 7 4*100 גרם,החברה הדרומית לשיווק בעמ,IL,נקה 7 סבון 4 יח,גרמים,400.00,100 גרם,false,0,10.60,2.65,true,1,
7290000149851,false,סבון לניקוי והסרת כתמים סינטבון 460 גרם,החברה הדרומית לשיווק בעמ,IL,סינטבון נקה כפול,גרמים,460.00,100 גרם,false,0,8.20,1.78,true,1,
7290000149905,false,טקסטיל שמפו נוזלי לאריגים עדינים1ליט,החברה הדרומית לשיווק בעמ,IL,נוזל כביס טקסטיל,ליטרים,1.00,ליטר,false,0,12.00,12.00,true,1,
7290000150956,false,עוף טוב מקלוני קבנוס 160 גרם,קבוצת אסם סחר שות. מוגבלת,IL,מקלוני קבנוס,גרמים,160.00,100 גרם,false,0,10.10,6.31,true,1,
7290000152288,false,עוף טוב נקניקיות עוף מיס לוסי 400 גרם,קבוצת אוסם סחר-שות.מוגבלת,IL,נקניקיות עוף,גרמים,400.00,100 גרם,false,0,12.80,3.20,true,1,
7290000152943,false,מארז פסטרמה כפרית וסלמי כפרי עוף טוב 2*350 גרם,מוצרי עוף טוב (2001) בע\,IL,פסטרמה + סלמי,גרמים,700.00,100 גרם,false,0,19.50,2.79,true,1,
7290000153469,false,קציצות עוף קלאסיות 100% רכיבים טבעיים,קבוצת אסם סחר שות. מוגבלת,IL,קציצות עוף,גרמים,600.00,100 גרם,false,0,24.80,4.13,true,1,
7290000158105,false,שניצל עוף מיני דינוזאור ללא אנטיביוטיקה מ100% ר.טבעי,קבוצת אסם סחר שות. מוגבלת,IL,שניצל דינוזאור,גרמים,700.00,100 גרם,false,0,29.80,4.26,true,1,
7290000161358,false,מיונז אמיתי משמן קנולה תלמה (500 גרם),"יוניליוור ישראל שיווק בע""מ",IL,מיונז אמיתי תלמה,גרמים,500.00,100 גרם,false,0,11.70,2.34,true,1,
7290000161648,false,קליק בארים אין אאוט קרם חלבי,יוניליוור ישראל שיווק בע`מ,IL,קליק IN קרם חלב,גרמים,38.00,100 גרם,false,0,4.10,10.79,true,1,
7290000168173,false,"ברנפלקס קרנצ'ים תלמה בד""ץ 375 גרם",יוניליוור ישראל שיווק בעמ,IL,ברנפלקס קרנצ'ים,גרמים,375.00,100 גרם,false,0,16.10,4.30,true,1,
7290000169538,false,"נמס בכוס עגבניות וקרוטונים מרק כשרות בד""ץ 62 ג' קנור",יוניליוור ישראל שיווק בע`מ,IL,נמס בכוס,גרמים,62.00,100 גרם,false,0,5.90,9.52,true,1,
7290000169798,false,"עוגי מופחת סוכר 20% פצפוצי שוקו' 500ג' בד""צ",יוניליוור ישראל שיווק בע`מ,IL,עוגי מופחת סוכר,גרמים,500.00,100 גרם,false,0,17.80,3.56,true,1,
7290000174723,false,שוקולית אבקה להכנת משקה שוקו 500 גרם,הנסיך- מפעל לייצור ט,IL,שוקולית,גרמים,500.00,100 גרם,false,0,10.10,2.02,true,1,
7290000176062,false,קפה טורקי בשקית 100 ג' עלית,שטראוס קפה בי.ויn\.,IL,קפה טורקי בצלופן,גרמים,100.00,100 גרם,false,0,7.60,7.60,true,1,
7290000176079,false,קפה טורקי עם הל עלית (100 גרם),הנסיך- מפעל לייצור ט,IL,קפה טורקי עם הל,גרמים,100.00,100 גרם,false,0,7.60,7.60,true,1,
7290000176413,false,קפה נמס עלית פחית 50 גרם,הנסיך- מפעל לייצור ט,IL,קפה נמס,גרמים,50.00,100 גרם,false,0,8.20,16.40,true,1,
7290000176420,false,קפה נמס פחית עלית 200 גרם,פיקסל אם.גי.אם בעמ,IL,קפה נמס,גרמים,200.00,100 גרם,false,0,17.00,8.50,true,1,
7290000176475,false,קפה נמס נטול קפאין האג עלית (200 גרם),שטראוס גרופ בע`מ,VN,קפה נמס האג,גרמים,200.00,100 גרם,false,0,29.80,14.90,true,1,
7290000178721,false,חטיף צ`יפס בטעם טבעי תפוצ`יפס (200 גרם),"שטראוס פריטו ליי בע""\מ )",IL,תפוצי'פס טבעי,גרמים,200.00,100 גרם,false,0,8.40,4.20,true,1,
7290000185590,false,סילאן טבעי בבקבוק לחיץ 650 גרם,"טעמי הגליל בע""\מ עבור וי",IL,סילאן טבעי לחיץ,גרמים,635.00,100 גרם,false,1,17.00,2.68,true,1,
7290000186030,false,מגבוני האגיס תחליב דיספנסר רביעייה,קימברלי קלארק ישראל שיווק בעמ,IL,מגבונים עם תחליב,יחידה,1.00,יחידה,false,0,21.20,21.20,true,1,
7290000186535,false,נייר טואלט תלת שכבתי לבן לילי 32 יחידות,קימברלי קלארק ישראל שיווק בעמ,IL,נ.טואלט לילי,מטרים,537.00,100 מטר,false,0,36.60,6.82,true,1,
7290000187860,false,מגבוני טואלט לחים לילי דיספנסר 40יח',קימברלי קלארק ישראל שיווק בעמ,IL,נייר טואלט לח,יחידה,1.00,יחידה,false,0,6.70,6.70,true,1,
7290000187938,false,לילי - נייר טואולט נייר טואלט פסטל 32 יח',קימברלי קלארק ישראל שיווק בעמ,IL,נייר טואלט פסטל,מטרים,588.00,100 מטר,false,0,34.10,5.80,true,1,
7290000187952,false,נייר טואלט תלת שכבתי ורוד לילי 32 יחידות,קימברלי קלארק ישראל שיווק בעמ,IL,נייר טואלט טריו,מטרים,537.00,100 מטר,false,0,36.60,6.82,true,1,
7290000188355,false,ניקול מגבות נייר לבנות 6 גלילים,קימברלי קלארק ישראל שיווק בעמ,IL,מגבות ניקול,מטרים,65.00,מטר,false,0,11.00,0.17,true,1,
7290000188553,false,קוטקס מגן תחתון יאנג ביג 60 יחידות,קימברלי קלארק ישראל שיווק בעמ,CN,מגן תחתון קוטקס,יחידה,1.00,יחידה,false,0,17.00,17.00,true,1,
7290000188591,false,קוטקס מגן תחתון יאנג ביג 60 יחידות,קימברלי קלארק ישראל שיווק בעמ,CN,מגן תחתון קוטקס,יחידה,1.00,יחידה,false,0,17.00,17.00,true,1,
7290000189079,false,"ניקול תבניות אינגליש חזקות ועבות מארז, 7 יח'",קימברלי קלארק ישראל שיווק בעמ,CN,תבניות אינגליש,יחידה,1.00,יחידה,false,0,9.30,9.30,true,1,
7290000189116,false,תבניות עגולות עבות במיוחד 5 יחידות ניקול,קימברלי קלארק ישראל שיווק בעמ,CN,תבניות עגולות,יחידה,1.00,יחידה,false,0,9.30,9.30,true,1,
7290000189192,false,סופר מטלית מטליות נייר רב פעמיות ניקול 64 יחידות,קימברלי קלארק ישראל שיווק בעמ,CO,מטליות נייר,מטרים,18.00,מטר,false,0,14.40,0.80,true,1,
7290000189260,false,תבניות מלבניות עבות וחזקות ניקול 5 יחידות,קימברלי קלארק ישראל שיווק בעמ,CN,תבניות מלבניות,יחידה,1.00,יחידה,false,0,9.30,9.30,true,1,
7290000189277,false,תבניות מלבניות עבות וחזקות ניקול 3 יחידות,קימברלי קלארק ישראל שיווק בעמ,CN,תבניות מלבניות,יחידה,1.00,יחידה,false,0,9.30,9.30,true,1,
7290000189482,false,תבניות אפיה מרובעות מקרטון ניקול 4 יחידות,קימברלי קלארק ישראל שיווק בעמ,IL,תבניות קרטון,יחידה,1.00,יחידה,false,0,8.30,8.30,true,1,
7290000189505,false,ניקול תבנית אפייה מקרטון אינגליש קייק ניקול 5 יחידות,קימברלי קלארק ישראל שיווק בעמ,IL,תבניות קרטון,יחידה,1.00,יחידה,false,0,8.30,8.30,true,1,
7290000189598,false,מטליות לחות חד פעמיות לניקוי כללי 50 יח' ניקול,קימברלי קלארק ישראל שיווק בעמ,IL,מטליות ניקול,יחידה,1.00,יחידה,false,0,10.10,10.10,true,1,
7290000189659,false,מטליות לחות לרצפה ניקול 10 יח'-מרכז,קימברלי קלארק ישראל שיווק בעמ,IL,מטליות רצפה לחות,יחידה,1.00,יחידה,false,0,9.30,9.30,true,1,
7290000189680,false,ניקול זוג מטליות לחות לרצפה,קימברלי קלארק ישראל שיווק בעמ,IL,מטליות לרצפה10*2,יחידה,1.00,יחידה,false,0,17.00,17.00,true,1,
7290000190150,false,מפיות מודפסות תלת שכבתיות ניקול 20 יחידות,קימברלי קלארק ישראל שיווק בעמ,SI,מפיות תלת שכבתי,יחידה,1.00,יחידה,false,0,6.70,6.70,true,1,
7290000190198,false,מטליות לחות לניקוי וחיטוי 99.9% ניקול 50 יחידה,קימברלי קלארק ישראל שיווק בעמ,IL,מטליות ניקוי,יחידה,1.00,יחידה,false,0,10.10,10.10,true,1,
7290000190853,false,לילי פיור נייר טואלט דו שכבתי לבן 30 גלילים,קימברלי קלארק ישראל שיווק בעמ,IL,נייר טואלט לילי,מטרים,537.00,100 מטר,false,0,34.10,6.35,true,1,
7290000191225,false,חיתולים ליטל בייביז מידה 2 האגיס 46 יחידות,קימברלי קלארק ישראל שיווק בעמ,IL,האגיס ליטל בייבי,יחידה,1.00,יחידה,false,1,27.20,27.20,true,1,
7290000191539,false,חמישיית ממחטות טישו צבועני לילי 100 יחידות,קימברלי קלארק ישראל שיווק בעמ,IL,מגבוני לילי 90*5,יחידה,1.00,יחידה,false,0,12.70,12.70,true,1,
7290000191546,false,ממחטות טישו צבעוני 2 שכבות לילי מארז 100X3יח',קימברלי קלארק ישראל שיווק בעמ,IL,לילי צבעוני90*3,יחידה,1.00,יחידה,false,0,8.90,8.90,true,1,
7290000191645,false,"חיתולים האגיס ליטל בייביס ניו בורן שלב 1 עד 4 ק""ג",קימברלי קלארק ישראל שיווק בעמ,US,חיתולי האגיס,יחידה,1.00,יחידה,false,0,27.20,27.20,true,1,
7290000191652,false,שלישיית ממחטות אולטרה סופט קלינקס 90 יחידות,קימברלי קלארק ישראל שיווק בעמ,IL,קלינקס מעוצב 3יח,יחידה,1.00,יחידה,false,0,9.30,9.30,true,1,
7290000192581,false,מגבת נייר גליל כפול ניקול 12=6 גליל,קימברלי קלארק ישראל שיווק בעמ,IL,מגבות נייר,מטרים,129.00,מטר,false,1,18.30,0.14,true,1,
7290000193014,false,מגן תחתון פדיות אינטרלוד לילי 50 יחידות,קימברלי קלארק ישראל שיווק בעמ,CZ,לילי פדים,יחידה,1.00,יחידה,false,0,8.40,8.40,true,1,
7290000193083,false,נובה-לי תחבושות היגייניות לילי 28 יחידות,קימברלי קלארק ישראל שיווק בעמ,CZ,תחבושות נובה לי,יחידה,1.00,יחידה,false,0,8.40,8.40,true,1,
7290000193205,false,תחבושות עם כנפיים ללילה נטורל לילי 20 יחידות,קימברלי קלארק ישראל שיווק בעמ,BE,תחבושות לילי,יחידה,1.00,יחידה,false,0,13.60,13.60,true,1,
7290000193472,false,מגן תחתון נטורל נורמל לילי 60 יחידות,קימברלי קלארק ישראל שיווק בעמ,ES,פדיות לילי,יחידה,1.00,יחידה,false,0,13.60,13.60,true,1,
7290000193540,false,מגן תחתון לונג נטורל לילי 52 יחידות,קימברלי קלארק ישראל שיווק בעמ,ES,פדיות לילי,יחידה,1.00,יחידה,false,0,13.60,13.60,true,1,
7290000193649,false,תחבושות עם כנפיים נורמל פלוס לילי 24 יחידות,קימברלי קלארק ישראל שיווק בעמ,ES,תחבושות לילי,יחידה,1.00,יחידה,false,0,13.60,13.60,true,1,
7290000193656,false,תחבושות עם כנפיים סופר פלוס לילי 24 יחידות,קימברלי קלארק ישראל שיווק בעמ,ES,תחבושות לילי,יחידה,1.00,יחידה,false,0,13.60,13.60,true,1,
7290000194141,false,שקמה מכנסון גזרתי סופר נייט XL,חוגלה קימברלי,IL,מכנסוני שקמה,יחידה,1.00,יחידה,false,1,61.40,61.40,true,1,
7290000194837,false,ניקול - שקיות מזון + ידיות קשירה אקסטרה לארג' 200 יח',קימברלי קלארק ישראל שיווק בעמ,CN,שקיות מזון XL,יחידה,1.00,יחידה,false,0,10.10,10.10,true,1,
7290000195216,false,נייר אפייה בשקית ניקול 50 יחידות,קימברלי קלארק ישראל שיווק בעמ,IL,נייר אפיה,יחידה,1.00,יחידה,false,0,10.10,10.10,true,1,
7290000195537,false,האגיס - מגבוני האגיס דיילי קר לא מבושם 64 יח' * 4,קימברלי קלארק ישראל שיווק בעמ,IL,מגבונים האגיס 4י,יחידה,1.00,יחידה,false,0,17.00,17.00,true,1,
7290000195773,false,האגיס - מגבוני האגיס סנסטיב קר לא מבושם 64 יח' * 4,קימברלי קלארק ישראל שיווק בעמ,IL,מגבונים האגיס 4י,יחידה,1.00,יחידה,false,0,17.00,17.00,true,1,
7290000196039,false,ניקול מפות שולחן חד פעמיות 2 יח,קימברלי קלארק ישראל שיווק בעמ,IL,מפות שולחן,יחידה,1.00,יחידה,false,0,10.10,10.10,true,1,
7290000196343,false,מפת שולחן מהודרת ניקול 1 יחידה,קימברלי קלארק ישראל שיווק בעמ,IL,מפת שולחן מעוצבת,יחידה,1.00,יחידה,false,0,10.10,10.10,true,1,
7290000197081,false,ניקול ניילון נצמד 150 מטר+מתקן לחיתוך קל,קימברלי קלארק ישראל שיווק בעמ,IL,ניילן נצמד,מטרים,150.00,מטר,false,0,25.50,0.17,true,1,
7290000197425,false,חיתולים פרידום דריי שלב 3 האגיס 52 יחידות,קימברלי קלארק ישראל שיווק בעמ,IL,חיתולי האגיס,יחידה,1.00,יחידה,false,0,35.80,35.80,true,1,
7290000197432,false,שקיות אוכל סנדביצ'ון ניקול מארז 150X2יח',קימברלי קלארק ישראל שיווק בעמ,IL,סנדוויצ'ון זוג,יחידה,1.00,יחידה,false,0,11.80,11.80,true,1,
7290000197456,false,חיתולים פרידום דריי שלב 4 האגיס 44 יחידות,קימברלי קלארק ישראל שיווק בעמ,IL,חיתולי האגיס,יחידה,1.00,יחידה,false,0,35.80,35.80,true,1,
7290000197463,false,חיתולים פרידום דריי שלב +4 האגיס 40 יחידות,קימברלי קלארק ישראל שיווק בעמ,IL,חיתולי האגיס,יחידה,1.00,יחידה,false,0,35.80,35.80,true,1,
7290000197548,false,חיתולים פרידום דריי שלב 5 האגיס 36 יחידות,קימברלי קלארק ישראל שיווק בעמ,IL,חיתולי האגיס,יחידה,1.00,יחידה,false,0,35.80,35.80,true,1,
7290000197678,false,חיתולי האגיס פרידום דריי שלב 6 30 יחידות,קימברלי קלארק ישראל שיווק בעמ,IL,חיתולי האגיס,יחידה,1.00,יחידה,false,0,35.80,35.80,true,1,
7290000197753,false,ניילון נצמד אנטי בטקריאלי ניקול 30X2מ',קימברלי קלארק ישראל שיווק בעמ,CN,ניילון נצמד זוג,מטרים,60.00,מטר,false,0,10.10,0.17,true,1,
7290000197876,false,תבניות אלומיניום קטנות עם מכסה ניקול 4 יחידות,קימברלי קלארק ישראל שיווק בעמ,CN,תבניות אלומיניום,יחידה,1.00,יחידה,false,0,8.40,8.40,true,1,
7290000197883,false,תבנית אלומיניום 100 גדולה ניקול 4 יחידות,קימברלי קלארק ישראל שיווק בעמ,CN,תבניות אלומיניום,יחידה,1.00,יחידה,false,0,8.40,8.40,true,1,
7290000197951,false,תבניות אלומיניום ענקיות ניקול 3 יחידות,קימברלי קלארק ישראל שיווק בעמ,CN,תבניות אלומיניום,יחידה,1.00,יחידה,false,0,8.40,8.40,true,1,
7290000199313,false,תחבושות עם כנפיים נורמל פלוס קוטקס 30 יחידות,קימברלי קלארק ישראל שיווק בעמ,CZ,קוטקס תחבושות,יחידה,1.00,יחידה,false,0,16.10,16.10,true,1,
7290000200361,false,שקמה פרו סקין מכנסונים סופגים XL,חוגלה,IL,פרוסקין אובר,יחידה,1.00,יחידה,false,0,75.10,75.10,true,1,
7290000201832,false,חיתולי פרימיום שלב 3 טיטולים) (50,קימברלי קלארק ישראל שיווק בעמ,IL,טיטולים פרימיום,יחידה,1.00,יחידה,false,1,25.50,25.50,true,1,
7290000201849,false,חיתולי פרימיום שלב 4 טיטולים) (40,קימברלי קלארק ישראל שיווק בעמ,IL,טיטולים פרימיום,יחידה,1.00,יחידה,false,1,25.50,25.50,true,1,
7290000201856,false,חיתולי פרימיום שלב 4+ טיטולים) (38,קימברלי קלארק ישראל שיווק בעמ,IL,טיטולים פרימיום,יחידה,1.00,יחידה,false,1,25.50,25.50,true,1,
7290000201863,false,חיתולי פרימיום שלב 5 טיטולים) (34,קימברלי קלארק ישראל שיווק בעמ,IL,טיטולים פרימיום,יחידה,1.00,יחידה,false,1,25.50,25.50,true,1,
7290000201870,false,חיתולי פרימיום שלב 6 טיטולים) (30,קימברלי קלארק ישראל שיווק בעמ,IL,טיטולים פרימיום,יחידה,1.00,יחידה,false,1,25.50,25.50,true,1,
7290000204215,false,שישיית כרית יפנית ניקול 6 יחידות,קימברלי קלארק ישראל שיווק בעמ,IL,כריות יפניות,יחידה,1.00,יחידה,false,0,10.10,10.10,true,1,
7290000204253,false,מטליות רב שימושיות לניקיון ניקול 9 יחידות,קימברלי קלארק ישראל שיווק בעמ,IL,מטליות ניקול,יחידה,1.00,יחידה,false,0,8.90,8.90,true,1,
7290000204512,false,מטליות לחות לניקוי רצפה בריח לימון ניקול 10 יחידות,קימברלי קלארק ישראל שיווק בעמ,IL,מטליות רצפה לחות,יחידה,1.00,יחידה,false,1,9.30,9.30,true,1,
7290000205762,false,חיתולי האגיס אקסטרה קר מידה 3 48 יחידות,קימברלי קלארק ישראל שיווק בעמ,CZ,חיתולי האגיס,יחידה,1.00,יחידה,false,1,42.60,42.60,true,1,
7290000205915,false,חיתולי האגיס אקסטרה קייר מידה 4 40 יחידות,קימברלי קלארק ישראל שיווק בעמ,CZ,חיתולי האגיס,יחידה,1.00,יחידה,false,1,42.60,42.60,true,1,
7290000207063,false,רסק עגבניות פריכוז 28% 240 גרם יכין,היינץ צפון אמריקה מק,IL,רוטב עגבניות,גרמים,240.00,100 גרם,false,0,3.50,1.46,true,1,
7290000207162,false,רוטב עגבניות מרכיב טבעי 100 ג' יכין,זנלכול יכין,IL,רוטב עגבניות,גרמים,100.00,100 גרם,false,0,2.10,2.10,true,1,
7290000208022,false,עגבניות 2.5 A מרוסקות 850 גרם יכין,זנלכול יכין,IL,עגבניות מרוסקות,גרמים,800.00,100 גרם,false,0,8.40,1.05,true,1,
7290000208077,false,אפונת גינה גדולה יכין (550 גרם),זנלכול יכין,IL,אפונת גינה,גרמים,550.00,100 גרם,false,0,6.70,1.22,true,1,
7290000208091,false,אפונה קטנה עדינה יכין 550 גרם,"זנלכל בע""\מ",IL,אפונת גינה קטנה,גרמים,550.00,100 גרם,false,0,6.70,1.22,true,1,
7290000208114,false,"אפונה וגזר יכין A2 פ""ק בית יוסף",זנלכול יכין,IL,אפונה וגזר,גרמים,550.00,100 גרם,false,0,7.20,1.31,true,1,
7290000208138,false,סירופ דיאט בטעם ענבים יכין (1 ליטר),זנלכול יכין,IL,סירופ דיאט ענבים,ליטרים,1.00,ליטר,false,0,14.40,14.40,true,1,
7290000208145,false,גרעיני תירס מתוק לייט 550 גרם יכין,זנלכול יכין,IL,תירס לייט יכין,גרמים,550.00,100 גרם,false,0,8.40,1.53,true,1,
7290000208213,false,שעועית לבנה אפויה A2 ברוטב עגבניות יכין 560ג',היינץ צפון אמריקה מק,IL,שעועית ברוטב,גרמים,580.00,100 גרם,false,0,7.60,1.31,true,1,
7290000208312,false,גרעיני תירס מתוק בואקום יכין 400 גר',"זנלכל בע""\מ",IL,תירס ואקום,גרמים,400.00,100 גרם,false,0,5.90,1.48,true,1,
7290000208329,false,גרעיני תירס מתוק יכין (550 גרם),זנלכול יכין,IL,גרעיני תירס מתוק,גרמים,550.00,100 גרם,false,0,7.20,1.31,true,1,
7290000208336,false,רסק יכין 240גר 22% יכין בית יוסף,"זנלכל בע""\מ",IL,רוטב עגבניות,גרמים,240.00,100 גרם,false,0,3.80,1.58,true,1,
7290000208404,false,A2 פול מצרי 550 גרם יכין,זנלכול יכין,IL,פול מצרי,גרמים,550.00,100 גרם,false,0,7.60,1.38,true,1,
7290000208428,false,גרגרי חומוס שלם 550 גרם יכין,היינץ צפון אמריקה מק,IL,חומוס שלם,גרמים,560.00,100 גרם,false,0,7.60,1.36,true,1,
7290000208459,false,"לקט אפונה, תפוחי אדמה וגזר יכין 550 גרם",זנלכול יכין,IL,ירקות מעורבים,גרמים,550.00,100 גרם,false,0,8.40,1.53,true,1,
7290000208855,false,רוטב לפסטה קלאסי יכין (240 גרם),זנלכול יכין,IL,רוטב פסטה,גרמים,240.00,100 גרם,false,0,5.50,2.29,true,1,
7290000208947,false,עגבניות מרוסקות יכין (240 גרם),היינץ צפון אמריקה מק,IL,עגבניות קצוצות,גרמים,240.00,100 גרם,false,0,5.50,2.29,true,1,
7290000209371,false,מארז גרעיני תירס מתוק יכין (200x3 גרם),היינץ צפון אמריקה מק,IL,תירס גרעינים 3יח,גרמים,495.00,100 גרם,false,1,12.70,2.57,true,1,
7290000209388,false,תירס מתוק לייט יכין 200 גרם מארז 3 יח',זנלכול יכין,IL,תירס לייט 3 יח,גרמים,495.00,100 גרם,false,0,12.70,2.57,true,1,
7290000209517,false,סירופ דיאט בטעם לימון יכין (1 ליטר),היינץ צפון אמריקה מק,IL,סירופ דיאט לימון,ליטרים,1.00,ליטר,false,0,14.40,14.40,true,1,
7290000209524,false,סירופ דיאט בטעם פטל יכין (1 ליטר),זנלכול יכין,IL,סירופ פטל דיאט,ליטרים,1.00,ליטר,false,0,14.40,14.40,true,1,
7290000209555,false,סירופ דיאט בטעם תפוחים יכין 1 ליטר,זנלכול יכין,IL,"סירופ תפו""ע דיאט",ליטרים,1.00,ליטר,false,0,14.40,14.40,true,1,
7290000209579,false,סירופ דיאט בטעם אננס יכין (1 ליטר),"זנלכל בע""\מ",IL,סירופ אננס דיאט,ליטרים,1.00,ליטר,false,0,14.40,14.40,true,1,
7290000209708,false,עגבניות מרוסקות עם בזיליקום יכין 240 גרם,היינץ צפון אמריקה מק,IL,עגבניות מרוסקות,גרמים,240.00,100 גרם,false,0,5.50,2.29,true,1,
7290000209722,false,רוטב עגבניות 28% יכין (580 גרם)פריכוז,"זנלכל בע""\מ",IL,רוטב עגבניות,גרמים,580.00,100 גרם,false,0,9.30,1.60,true,1,
7290000209913,false,עגבניות חתוכות לקוביות 240 גרם יכין,"זנלכל בע""\מ",IL,קוביות עגבניות,גרמים,240.00,100 גרם,false,0,5.50,2.29,true,1,
7290000209944,false,רוטב לעגבניות בסיס לשקשוקה 240 ג' יכין,"זנלכל בע""\מ",IL,בסיס לשקשוקה,גרמים,240.00,100 גרם,false,0,5.50,2.29,true,1,
7290000209951,false,רוטב עגבניות לפיצה 260 גרם יכין,"זנלכל בע""\מ",IL,רוטב עגבניות,גרמים,240.00,100 גרם,false,0,5.50,2.29,true,1,
7290000209968,false,רוטב עגבניות ללזניה יכין 240 גרם,זנלכול יכין,IL,רוטב ללזניה,גרמים,240.00,100 גרם,false,0,5.50,2.29,true,1,
7290000211169,false,"אורז תאילנדי אחד אחד סוגת 1 ק""ג",האי נאם סי או אל.טי.,IL,אורז תאילנדי,קילוגרמים,1.00,"ק""ג",false,0,5.90,5.90,true,1,
7290000211312,false,סוגת אורז מלא פרסי אחד אחד 1 קג,האי נאם סי או אל.טי.,IL,אורז מלא ארוך,קילוגרמים,1.00,"ק""ג",false,0,7.20,7.20,true,1,
7290000211374,false,"קמח חיטה מלא סוגת 1 ק""ג",טחנת קמח דגן-שטיבל,IL,קמח חיטה מלא,קילוגרמים,1.00,"ק""ג",false,0,6.40,6.40,true,1,
7290000211381,false,"סוכר חום כהה בשקית סוגת 1 ק""ג","טונגט היולט שוגר בע""",ZA,סוכר חום כהה,קילוגרמים,1.00,"ק""ג",false,0,11.00,11.00,true,1,
7290000211442,false,אורז בסגנון פרסי קלאסי סוגת (1 קג),האי נאם סי או אל.טי.,IL,אורז פרסי קלאסי,קילוגרמים,1.00,"ק""ג",false,0,9.30,9.30,true,1,
7290000211626,false,חיש אורז אחד אחד 1 קג,"סוגת תעשיות בע""\מ",IL,אורז חיש סוגת,קילוגרמים,1.00,"ק""ג",false,0,8.40,8.40,true,1,
7290000211985,false,אורז עגול ריזוטו אחד אחד 1 קג,"סוגת תעשיות בע""\מ",IL,אורז עגול סוגת,קילוגרמים,1.00,"ק""ג",false,0,8.40,8.40,true,1,
7290000238029,false,"בצק עלים צרפתי מרודד מעדנות 1 ק""ג",תנובה מרכז שיתופי לשיווק תוצרת,IL,בצק עלים מרודד,קילוגרמים,1.00,"ק""ג",false,0,18.70,18.70,true,1,
7290000238036,false,מלאווח מעדנות 6 יח`700 גרם קפוא,תנובה מרכז שיתופי לשיווק תוצרת,IL,מלווח מעדנית,גרמים,700.00,100 גרם,false,0,14.40,2.06,true,1,
7290000238173,false,.בורקס במילוי גבינה 800 גרם מעדנות,מיוצר עי קונדיטוריית,IL,בורקס גבינה קפוא,גרמים,800.00,100 גרם,false,0,17.00,2.13,true,1,
7290000238180,false,בורקס במילוי תפוא 800 גרם מעדנות,מיוצר עי קונדיטוריית,IL,"בורקס תפו""א קפוא",גרמים,800.00,100 גרם,false,0,16.80,2.10,true,1,
7290000243566,false,שמן קנולה בריאות עץ הזית (750 מל),סוגת תעשיות בעמ,EE,שמן קנולה מועשר,מיליליטרים,750.00,"100 מ""ל",false,0,10.10,1.35,true,1,
7290000244143,false,קרם הוואי לאחר גילוח+ לחות 120 מ``ל,טרופיקל דגיל קוסמטיק,IL,קרם לאחר גילוח,גרמים,120.00,100 גרם,false,0,13.50,11.25,true,1,
7290000244761,false,קרם ידיים ולוטה (80 גרם),טרופיקל דגיל קוסמטיק,IL,קרם ידיים ולווטה,מיליליטרים,100.00,"100 מ""ל",false,0,8.40,8.40,true,1,
7290000245294,false,"פרסיל אבקת כביסה סופרא 2.5ק""ג",גורי שיווק בעמ,IL,אבקת כביסה פרסיל,קילוגרמים,2.50,"ק""ג",false,0,18.70,7.48,true,1,
7290000253220,false,שוקולדצ`יפס לאפייה 260 גר`אופנהיימר,תה ויסוצקי (ישראל) בעמ,IL,שוקולד צ'יפס,גרמים,260.00,100 גרם,false,0,9.30,3.58,true,1,
7290000253251,false,נטיפי שוקולד צ`יפס לבן לאפיה 250 גרם,תה ויסוצקי (ישראל) בעמ,IL,שוקו צ'יפס לבן,גרמים,250.00,100 גרם,false,0,9.30,3.72,true,1,
7290000253374,false,מיני שוקולד צ`יפס 66% מוצקי קקאו אופנהיי,תה ויסוצקי (ישראל) בעמ,IL,מיני שוקולד ציפס,גרמים,250.00,100 גרם,false,1,12.70,5.08,true,1,
7290000253459,false,נטיפי צ'יפס בטעם קרמל אופנהיימר 250 גרם,תה ויסוצקי (ישראל)בעמ,IL,נטיפי צ'יפס,גרמים,250.00,100 גרם,false,1,9.30,3.72,true,1,
7290000262031,false,נייר טואלט מולט לבבות 32 גלילים,קימברלי קלארק ישראל שיווק בעמ,IL,נייר טואלט,מטרים,562.00,100 מטר,false,0,25.50,4.54,true,1,
7290000262413,false,חיתולי האגיס אקסטרה קייר מידה 5 34 יחידות,קימברלי קלארק ישראל שיווק בעמ,CZ,חיתולי האגיס,יחידה,1.00,יחידה,false,1,42.60,42.60,true,1,
7290000263359,false,חיתולים ליטל בייביז מידה 1 האגיס 40 יחידות,קימברלי קלארק ישראל שיווק בעמ,IL,חיתולי האגיס,יחידה,1.00,יחידה,false,0,27.20,27.20,true,1,
7290000267043,false,שקדים מולבנים פרוסים השף 100 גרם,דין שיווק וקליה 2021 בעמ,IL,שקד מולבן פרוס,גרמים,100.00,100 גרם,false,0,10.90,10.90,true,1,
7290000267425,false,שמן זית שקדיה כתית מעולה 750מל,שקדיה,IL,שמן זית כתית,מיליליטרים,750.00,"100 מ""ל",false,0,25.30,3.37,true,1,
7290000267500,false,קליפות הדר מצופות שוקולד מריר שקדיה 200 גרם,"דין שיווק וקלייה בע""",IL,קליפות הדר בשוק,גרמים,200.00,100 גרם,false,0,13.50,6.75,true,1,
7290000267548,false,אגוזי מלך טחונים השף 100 גרם,דין שיווק וקליה 2021 בעמ,IL,אגוז מלך טחון,גרמים,100.00,100 גרם,false,0,10.90,10.90,true,1,
7290000267586,false,גרעייני חמניה קלופים 150 גר,דין שיווק וקליה 2021 בעמ,IL,גרעין חמניה טבעי,גרמים,150.00,100 גרם,false,0,6.60,4.40,true,1,
7290000267616,false,צנובר 100גרם,שקדיה,IL,צנובר,גרמים,100.00,100 גרם,false,0,24.40,24.40,true,1,
7290000267678,false,גרעיני דלעת טבעי קלוף שקדיה 150 ג',דין שיווק וקליה 2021 בעמ,IL,גרעין דלעת קלוף,גרמים,150.00,100 גרם,false,0,14.30,9.53,true,1,
7290000272443,false,סירופ דיאט בטעם תפוזים עסיס 1 ליטר,קבוצת אוסם סחר שותפות מוגבלת,IL,סירופ דיאט תפוז,ליטרים,1.00,ליטר,false,0,14.40,14.40,true,1,
7290000272696,false,מיץ לימון טבעי משומר 1 ליטר עסיס כלפ,קבוצת אוסם סחר שותפות מוגבלת,IL,מיץ לימון משומר,ליטרים,1.00,ליטר,false,0,8.40,8.40,true,1,
7290000272726,false,חומץ רכיבים רכיבים טבעיים 5% עסיס 1 ליטר,קבוצת אוסם סחר שותפות מוגבלת,IL,חומץ 5%,ליטרים,1.00,ליטר,false,0,5.90,5.90,true,1,
7290000286297,false,"אנטי קאלק מסיר אבנית מקומקום סנו 700 מ""ל",החברה הדרומית לשיווק בעמ,IL,סנו מסיר אבן,מיליליטרים,700.00,"100 מ""ל",false,0,9.30,1.33,true,1,
7290000286594,false,אבקה לניקוי במיכל לימון X סנו 600 גרם,החברה הדרומית לשיווק בעמ,IL,סנוX- קרם לניק,גרמים,600.00,100 גרם,false,0,9.30,1.55,true,1,
7290000286891,false,שמפו לרצפה מגן קריסטל סנו (1 ליטר),החברה הדרומית לשיווק בעמ,IL,סנו מגן קריסטל,ליטרים,1.00,ליטר,false,0,23.90,23.90,true,1,
7290000286921,false,סנוקל רסס וכבס תרסיס אקדח 750 מ``ל,החברה הדרומית לשיווק בעמ,IL,סנוקל רסס וכבס,מיליליטרים,750.00,"100 מ""ל",false,0,11.80,1.57,true,1,
7290000286945,false,סנו רהיט נוזלי תרסיס 500 סמק+אקדח,החברה הדרומית לשיווק בעמ,IL,סנו רהיט מרסס,מיליליטרים,500.00,"100 מ""ל",false,0,23.00,4.60,true,1,
7290000287102,false,סנו שטיחים קצף לניקוי שטיחים 600 סמק,החברה הדרומית לשיווק בעמ,IL,סנו שמפו לשטיחים,גרמים,540.00,100 גרם,false,0,17.00,3.15,true,1,
7290000287430,false,סנובון צבעוני לאסלה בריח לימון שלישייה,החברה הדרומית לשיווק בעמ,IL,סנובון לאסלה 3יח,גרמים,165.00,100 גרם,false,0,10.10,6.12,true,1,
7290000287485,false,"שלישיית סנובון לובר לאסלה ""סנו""",החברה הדרומית לשיווק בעמ,IL,סנובון בריח לובר,גרמים,165.00,100 גרם,false,0,10.10,6.12,true,1,
7290000287492,false,"סנובון נוזל לניקוי אסלות בריח לימון סנו 750 מ""ל",החברה הדרומית לשיווק בעמ,IL,סנובון נוזלי,מיליליטרים,750.00,"100 מ""ל",false,0,7.60,1.01,true,1,
7290000287621,false,"אנטי קאלק נוזל לניקוי אסלות סנו 750 מ""ל",החברה הדרומית לשיווק בעמ,IL,סנו מנקה אסלות,מיליליטרים,750.00,"100 מ""ל",false,0,10.10,1.35,true,1,
7290000288024,false,סנו - ז'אוול אקונומיקה בריח לימון 4 ליטר,החברה הדרומית לשיווק בעמ,IL,סנו JAVEL אקונומ,ליטרים,4.00,ליטר,false,0,14.40,3.60,true,1,
7290000288048,false,ז`אוול מרסס לניקוי כללי לבנדר סנו (1 ליט,החברה הדרומית לשיווק בעמ,IL,סנו ג'אוול לבנדר,ליטרים,1.00,ליטר,false,0,16.10,16.10,true,1,
7290000288079,false,סנו - ז'אוול אקונומיקה לימון 2 ליטר,החברה הדרומית לשיווק בעמ,IL,סנו JAVEL מלבין,ליטרים,2.00,ליטר,false,0,10.10,5.05,true,1,
7290000288086,false,אבקת ניקוי עם אקונומיקה בריח לימון סנו ז'אוול 600 ג',החברה הדרומית לשיווק בעמ,IL,סנו ג'אוול אבק,גרמים,600.00,100 גרם,false,0,8.40,1.40,true,1,
7290000288307,false,סנומט דוחה יתושים- מכשיר+ 30 טבליות,קריות זול,IT,מכשיר סנומט+טבל,יחידה,1.00,יחידה,false,0,21.20,21.20,true,1,
7290000288642,false,מקסימה מרכך כביסה סנסיטיב בייבי סנו 4 ליטר,החברה הדרומית לשיווק בעמ,IL,מרכך כביסה,ליטרים,4.00,ליטר,false,0,18.70,4.68,true,1,
7290000288840,false,מים מזוקקים 2 ליטר לגיהוץ,החברה הדרומית לשיווק בעמ,IL,סנו מים מזוקקים,ליטרים,2.00,ליטר,false,0,11.00,5.50,true,1,
7290000289069,false,סנו - ז'אוול מרסס קצף ניקוי בתוספת אקונומיקה בריח לימון 1 ליטר,החברה הדרומית לשיווק בעמ,IL,סנו ג'אוול מרסס,ליטרים,1.00,ליטר,false,0,16.10,16.10,true,1,
7290000289380,false,"סנו - ז'אוול לניקוי אסלות לימון 750 מ""ל",החברה הדרומית לשיווק בעמ,IL,ג'ל לאסלה ג'אוול,מיליליטרים,750.00,"100 מ""ל",false,0,10.10,1.35,true,1,
7290000289472,false,סנו סושי רב שקית שקיות אשפה90*76 50י,החברה הדרומית לשיווק בעמ,IL,50 שקיות אשפה,יחידה,1.00,יחידה,false,0,16.10,16.10,true,1,
7290000289595,false,"אורביטול משחת שיניים לילדים בטעם תות שדה 145 מ""ל",טרופיקל דגיל תעשיות קוסמ,IL,משחת שיניים,גרמים,145.00,100 גרם,false,0,9.30,6.41,true,1,
7290000289601,false,סנו ז'אוול בריח לבנדר 2 ל',"סנו מפעלי ברונוס בע""מ",IL,סנו ג'אוול,ליטרים,2.00,ליטר,false,0,10.10,5.05,true,1,
7290000289748,false,"מסיר שומנים לתנורים פורטה פלוס סנו 750 מ""ל",החברה הדרומית לשיווק בעמ,IL,סנו פורטה שומנים,מיליליטרים,750.00,"100 מ""ל",false,0,11.80,1.57,true,1,
7290000292137,false,"נוזל לניקוי וטיפול מוצרי עור סנו 500 מ""ל",החברה הדרומית לשיווק בעמ,IL,סנו לניקוי עור,מיליליטרים,500.00,"100 מ""ל",false,0,27.20,5.44,true,1,
7290000292311,false,פוליויקס נוזל רצפות בניחוח סחלבים סנו 2 ליטר,החברה הדרומית לשיווק בעמ,IL,סנו פוליויקס,ליטרים,2.00,ליטר,false,0,17.00,8.50,true,1,
7290000292557,false,סנומט מלוי נוזלי דוחה יתושים 45 לילות,החברה הדרומית לשיווק בעמ,IT,נוזל מילוי סנו,מיליליטרים,35.00,"100 מ""ל",false,0,13.50,38.57,true,1,
7290000292687,false,סנובון מוצק לניקוי אסלה קלאסיק כחול סנו 3 יחידות,החברה הדרומית לשיווק בעמ,IL,סנובון כחול 3 יח,גרמים,165.00,100 גרם,false,0,14.40,8.73,true,1,
7290000292915,false,רסס ונגב לניקוי כללי תרסיס סנו (750 מל),החברה הדרומית לשיווק בעמ,IL,סנו רסס נגב מרסס,מיליליטרים,750.00,"100 מ""ל",false,0,12.70,1.69,true,1,
7290000292939,false,אקווה בלו למיכל אסלה100ג,סנו מפעלי ברונוס בעמ,IL,אקווה בלו לאסלה,גרמים,100.00,100 גרם,false,0,11.80,11.80,true,1,
7290000293530,false,שקית מילוי לסנו סופג לחות ומונע עובש,החברה הדרומית לשיווק בעמ,IL,סופג לחות מילוי,יחידה,1.00,יחידה,false,0,10.00,10.00,true,1,
7290000293820,false,"קרמה מן שמפו וג'ל גל רחצה אקטיב בלוק 700מ""ל",החברה הדרומית לשיווק בעמ,IL,שמפו וג'ל רחצה,מיליליטרים,700.00,"100 מ""ל",false,1,12.80,1.83,true,1,
7290000293837,false,"קרמה מן דאודורנט ג'ל אנטיפרספירנט 70 מ""ל",קוסמופארם בעמ,IL,דאו.ג'ל קרבון,מיליליטרים,70.00,"100 מ""ל",false,1,13.50,19.29,true,1,
7290000294780,false,אקונומיקה סמיכה בריח לימון סנו ז'אוול 4 ליטר,החברה הדרומית לשיווק בעמ,IL,סנו ג'אוול 4 ל,ליטרים,4.00,ליטר,false,0,14.40,3.60,true,1,
7290000295299,false,סנו סושי כריות הפלא רב תכלתיות רביעייה,החברה הדרומית לשיווק בעמ,IL,כרית יפנית,יחידה,1.00,יחידה,false,0,8.30,8.30,true,1,
7290000295367,false,"מקסימה אבקת כביסה אפקט ז'אוול סנו 2.5 ק""ג",החברה הדרומית לשיווק בעמ,IL,אבקת כביסה,קילוגרמים,2.50,"ק""ג",false,0,22.10,8.84,true,1,
7290000295503,false,זוג שקיות מזון טבע 19*25 סנו סושי 150 יחידות,החברה הדרומית לשיווק בעמ,CN,שקיות אוכל צמד,יחידה,1.00,יחידה,false,0,11.80,11.80,true,1,
7290000295558,false,"רדיד אלומיניום רוחב 30 ס""מ סנו סושי 2 יח' 7.5 מטר",החברה הדרומית לשיווק בעמ,TR,צמד רדידי אלומינ,מטרים,15.00,מטר,false,0,9.30,0.62,true,1,
7290000295565,false,"רדיד אלומיניום רוחב 45 ס""מ סנו 2 יח' 7.5 מטר",החברה הדרומית לשיווק בעמ,TR,צמד רדידי אלומינ,מטרים,15.00,מטר,false,0,14.40,0.96,true,1,
7290000300900,false,שניצל תירס מרכיבים טבעיים טבעול 750 גרם,קבוצת אוסם סחר שותפות מוגבלת,IL,שניצל תירס טבעול,גרמים,750.00,100 גרם,false,0,21.20,2.83,true,1,
7290000302027,false,סיגריות טיים אדום פא,"דובק בע""מ",IL,טיים רד,יחידה,1.00,יחידה,false,0,277.00,277.00,false,1,
7290000302065,false,ברודווי 80 פאקט,"דובק בע""מ",IL,ברודווי 80,יחידה,1.00,יחידה,false,0,277.00,277.00,false,1,
7290000302225,false,נובלס ורג'יניה פילטר,"דובק בע""מ",IL,נובלס פילטר,יחידה,1.00,יחידה,false,0,277.00,277.00,false,1,
7290000302881,false,גולף גולד 100 פ.ע עשירייה,"דובק בע""מ",,גולף גולד ארוך,יחידה,1.00,יחידה,false,0,288.00,288.00,false,1,
7290000303598,false,שעועית לבנה ברוטב עגבניות פרי הגליל 570 גרם,ויטה- פרי גליל (החדשה) בעמ,IL,שעועית ברוטב,גרמים,570.00,100 גרם,false,0,6.70,1.18,true,1,
7290000303604,false,חומוס גרגירים A2 פרי גליל 550ג',ויטה- פרי גליל (החדשה) בעמ,IL,חומוס שלם,גרמים,550.00,100 גרם,false,0,6.70,1.22,true,1,
7290000305882,false,אס הרינג עם ירקות ברוטב עגבניות 120 גרם,דיפלומט מפיצים (1968) בעמ**,TR,אס דגים+ירקות,גרמים,120.00,100 גרם,false,0,5.10,4.25,true,1,
7290000307015,false,אפונת גינה בינונית פרי הגליל 550 גרם,ויטה- פרי גליל (החדשה) בעמ,IL,אפונת גינה,גרמים,550.00,100 גרם,false,0,6.70,1.22,true,1,
7290000307046,false,אפונת גינה וגזר פרי הגליל 550 גרם,ויטה- פרי גליל (החדשה) בעמ,IL,אפונת גינה וגזר,גרמים,550.00,100 גרם,false,0,6.70,1.22,true,1,
7290000307220,false,גרעיני תירס מתוק בואקום פרי הגליל 285 גרם,ויטה- פרי גליל (החדשה) בעמ,IL,גרעיני תירס,גרמים,340.00,100 גרם,false,0,5.90,1.74,true,1,
7290000307237,false,גרעיני תירס מתוק פרי הגליל 550 גרם,ויטה- פרי גליל (החדשה) בעמ,IL,גרעיני תירס,גרמים,550.00,100 גרם,false,0,6.70,1.22,true,1,
7290000307343,false,שעועית ירוקה חתוכה פרי הגליל 550 גרם,ויטה פרי גליל (החדשה) בע`מ,IL,שעועית ירוקה,גרמים,550.00,100 גרם,false,0,5.90,1.07,true,1,
7290000313160,false,זהבה ושלושת הדובים עוגיות בטעם שוקולד אסם 350 גרם,קבוצת אוסם סחר שותפות מוגבלת,IL,עוגיות זהבה,גרמים,250.00,100 גרם,false,0,6.80,2.72,true,1,
7290000313290,false,אסם נודלס נודלס איטריות מסולסלות 200גר,קבוצת אוסם סחר שותפות מוגבלת,TH,אטריות נודלס,גרמים,200.00,100 גרם,false,0,8.40,4.20,true,1,
7290000315126,false,קנור ציר עוף משחתי 300 ג,יוניליוור ישראל שיווק בע`מ,IL,ציר עוף קנור,גרמים,300.00,100 גרם,false,0,22.60,7.53,true,1,
7290000315133,false,קנור ציר בקר משחתי 300ג,יוניליוור ישראל שיווק בע`מ,IL,ציר בקר,גרמים,300.00,100 גרם,false,0,22.60,7.53,true,1,
7290000315140,false,קורנפלקס קמח מלא בד''ץ תלמה 500 גרם,יוניליוור ישראל שיווק בע`מ,IL,קורנפלקס מלא,גרמים,500.00,100 גרם,false,0,16.10,3.22,true,1,
7290000318103,false,פסטרמה ברביקיו מעדניה,מעדני יחיעם ( 1993 ) בע`מ,IL,פסטרמה ברביקיו,קילוגרמים,0.00,"ק""ג",true,0,68.00,68.00,true,1,
7290000318127,false,נקניקיות ביס יחיעם (380 גרם),מעדני יחיעם (1993) בעמ,IL,"נקניקיות ""ביס""",גרמים,380.00,100 גרם,false,0,10.10,2.66,true,1,
7290000318479,false,נקניק פרושוטו בקר יחיעם 100 גרם,מעדני יחיעם ( 1993 ) בע`מ,IL,פרושוטו,גרמים,100.00,100 גרם,false,0,23.80,23.80,true,1,
7290000318493,false,כתף בקר מפולפל{מפולפל},מעדני יחיעם 1993 בעמ,IL,כתף בקר מפולפל,קילוגרמים,0.00,"ק""ג",true,0,94.00,94.00,true,1,
7290000318530,false,רוסטביף צלי בקר{יחיעם},מעדני יחיעם (1993) בעמ,IL,צלי בקר,קילוגרמים,0.00,"ק""ג",true,0,98.00,98.00,true,1,
7290000318677,false,נקניק סלמי סרוולט יחיעם 150 גרם,מעדני יחיעם (1993) בעמ,IL,סלמי סרוולט,גרמים,150.00,100 גרם,false,0,19.50,13.00,true,1,
7290000318707,false,נקניק סלמי מעושן יחיעם 500 גרם,מעדני יחיעם ( 1993 ) בע`מ,IL,סלמי מעושן 500 ג,גרמים,500.00,100 גרם,false,1,25.50,5.10,true,1,
7290000318806,false,נקניק סרוולד סלמי מעדניה,מעדני יחיעם ( 1993 ) בע`מ,IL,סלמי סרוולד.,קילוגרמים,0.00,"ק""ג",true,0,119.00,119.00,true,1,
7290000318929,false,סלמי צרפתי מובחר במשקל,מעדני יחיעם ( 1993 ) בע`מ,IL,סלמי צרפתי מובחר,קילוגרמים,0.00,"ק""ג",true,0,118.00,118.00,true,1,
7290000318943,false,פסטרמה של פעם מעושן 1.5% יחיעם 200 גרם,מעדני יחיעם ( 1993 ) בע`מ,IL,פסטרמה של פעם,גרמים,200.00,100 גרם,false,0,19.40,9.70,true,1,
7290000319124,false,סלמי סרוולט מאפ יחיעם 250 גרם,מעדני יחיעם ( 1993 ) בע`מ,IL,סלמי סרוולט,גרמים,250.00,100 גרם,false,0,28.90,11.56,true,1,
7290000319131,false,נקניקיות עוף יחיעם 400 גרם,מעדני יחיעם (1993) בעמ,IL,נקניקיות עוף,גרמים,400.00,100 גרם,false,0,10.10,2.53,true,1,
7290000319520,false,נקניק סלמי צרפתי יחיעם 100 גרם,מעדני יחיעם (1993) בעמ,IL,סלמי צרפתי,גרמים,100.00,100 גרם,false,0,17.00,17.00,true,1,
7290000319704,false,כתף בקר מעושן יחיעם מעדניה,מעדני יחיעם ( 1993 ) בע`מ,IL,כתף בקר מעושן,קילוגרמים,0.00,"ק""ג",true,0,93.00,93.00,true,1,
7290000319728,false,נקניק איטלקי מפולפל מעדניה,מעדני יחיעם ( 1993 ) בע`מ,IL,איטלקי מפולפל,קילוגרמים,0.00,"ק""ג",true,0,62.00,62.00,true,1,
7290000319803,false,קבנוס קלאסי יחיעם (125 גרם),מעדני יחיעם ( 1993 ) בע`מ,IL,קבנוס קלאסי,גרמים,125.00,100 גרם,false,5,11.80,9.44,true,1,
7290000327020,false,"מארז פפסי פחית צרה 330 מ""ל*6 יח'","מודרן גרופ משקאות בע""\מ",IL,פפסי פחיות 6 יח,ליטרים,1.98,ליטר,false,1,16.40,8.28,true,1,
7290000327051,false,"שישיית סודה בטעם אננס *500 מ""ל טמפו","טמפו משקאות בע""\מ",IL,סודה ט.אננס 6 יח,ליטרים,3.00,ליטר,false,1,13.80,4.60,true,1,
7290000327075,false,סודה בטעם למון ליים 500 מל בקבוק שישייה,"טמפו משקאות בע""\מ",IL,סודה למון 6 יח,ליטרים,3.00,ליטר,false,1,13.80,4.60,true,1,
7290000334325,false,ציפס למיקרו מארז שלישיה 125 ג' תפוגן,קבוצת אוסם סחר שותפות מוגבלת,IL,ציפס למיקרו,גרמים,375.00,100 גרם,false,0,11.70,3.12,true,1,
7290000336282,false,"פריגת סיידר צלול 330 מ""ל בקבוק",טמפו משקאות בעמ,IL,סיידר תפוח צלול,מיליליטרים,330.00,"100 מ""ל",false,1,7.00,2.12,true,1,
7290000339191,false,רן אבקת הלבנה לכביסה 350 גרם,יוניליוור ישראל שיווק בע`מ,IL,רן אבקת הלבנה,גרמים,350.00,100 גרם,false,0,15.90,4.54,true,1,
7290000339566,false,מרכך כביסה ורוד בדין (4 ליטר),יוניליוור ישראל שיווק בע`מ,IL,מרכך כביסה בדין,ליטרים,4.00,ליטר,false,0,17.00,4.25,true,1,
7290000341071,false,בדין - מרכך כביסה בייבי לבן 2 ליטר,"יוניליוור ישראל שיווק בע""מ",IL,מרכך כביסה בייבי,ליטרים,2.00,ליטר,false,0,12.70,6.35,true,1,
7290000345116,false,תה ירוק עלים ויסוצקי (125 גרם),תה ויסוצקי (ישראל) בעמ,IL,תה ירוק עלים,גרמים,125.00,100 גרם,false,0,11.90,9.52,true,1,
7290000345208,false,תה כחול קלאסיק ויסוצקי 25 יחידות,תה ויסוצקי (ישראל) בעמ,IL,תה ויסוצקי מעודן,גרמים,25.00,100 גרם,false,0,5.40,21.60,true,1,
7290000345215,false,תה כחול קלאסיק ויסוצקי 100 יחידות,תה ויסוצקי (ישראל) בעמ,IL,תה ויסוצקי 100שק,גרמים,100.00,100 גרם,false,0,13.50,13.50,true,1,
7290000345260,false,תה קלאסיק מעטפות ויסוצקי 25 יחידות,תה ויסוצקי (ישראל) בעמ,IL,תה ויסוצקי,גרמים,37.00,100 גרם,false,0,5.90,15.95,true,1,
7290000345277,false,תה קלאסיק מעטפות ויסוצקי 50 יחידות,תה ויסוצקי (ישראל)בעמ,IL,תה ויסוצקי 50 שק,גרמים,75.00,100 גרם,false,0,10.10,13.47,true,1,
7290000345284,false,תה ויסוצקי קלאסי אריזה ירוקה מרובעת (100 שקיקים),תה ויסוצקי (ישראל) בעמ,IL,תה ויסוצקי ירוק,גרמים,150.00,100 גרם,false,0,14.40,9.60,true,1,
7290000345291,false,תה ארל גרי 1.5/ 25 שקיקים ויסוצקי,תה ויסוצקי (ישראל) בעמ,IL,תה ארל גריי,גרמים,37.00,100 גרם,false,0,11.80,31.89,true,1,
7290000345307,false,תה ארל גרי 1.5/ 50 שקיקים ויסוצקי,תה ויסוצקי (ישראל) בעמ,IL,תה ארל גריי 50שק,גרמים,75.00,100 גרם,false,0,23.80,31.73,true,1,
7290000345536,false,תה נענע 1.5/ 25 שקיקים ויסוצקי,תה ויסוצקי (ישראל) בעמ,IL,תה נענע,גרמים,37.00,100 גרם,false,0,15.30,41.35,true,1,
7290000346021,false,חליטת קמומיל הגן הקסום ויסוצקי 50 יחידות,תה ויסוצקי (ישראל) בעמ,IL,חליטת קמומיל,גרמים,75.00,100 גרם,false,0,27.20,36.27,true,1,
7290000346120,false,חליטת קינמון הגן הקסום ויסוצקי 25 יחידות,תה ויסוצקי (ישראל) בעמ,IL,חליטת קינמון,גרמים,62.00,100 גרם,false,0,16.10,25.97,true,1,
7290000346168,false,חליטת שומר הגן הקסום ויסוצקי 25 יחידות,תה ויסוצקי (ישראל) בעמ,IL,חליטת שומר,גרמים,37.00,100 גרם,false,0,16.10,43.51,true,1,
7290000346199,false,חליטת פירות יער הגן הקסום ויסוצקי 25 יחידות,תה ויסוצקי (ישראל) בעמ,IL,חליטת פירות היער,גרמים,67.00,100 גרם,false,0,16.10,24.03,true,1,
7290000346205,false,חליטת קמומיל הגן הקסום ויסוצקי 25 יחידות,תה ויסוצקי (ישראל) בעמ,IL,חליטת קמומיל,גרמים,37.00,100 גרם,false,0,16.10,43.51,true,1,
7290000346212,false,חליטת מנטה הגן הקסום ויסוצקי 25 יחידות,תה ויסוצקי (ישראל) בעמ,IL,חליטת מנטה,גרמים,50.00,100 גרם,false,0,16.10,32.20,true,1,
7290000346236,false,חליטת לואיזה וורבנה הגן הקסום ויסוצקי 25 יחידות,תה ויסוצקי (ישראל) בעמ,IL,תה לואיזה וורבנה,גרמים,50.00,100 גרם,false,0,16.10,32.20,true,1,
7290000346960,false,תה ויסוצקי נענע 1.7 גרם 50יח',תה ויסוצקי (ישראל) בעמ,IL,תה נענע 50 שקיק.,גרמים,75.00,100 גרם,false,0,25.50,34.00,true,1,
7290000347738,false,תה ירוק בתוספת עלי נענע 25 שקיקים,תה ויסוצקי (ישראל) בעמ,IL,תה ירוק נענע,גרמים,37.00,100 גרם,false,0,21.20,57.30,true,1,
7290000347752,false,תה ירוק לימונית ולואיזה 25 שקיקים *1.5 ג'' ויסוצקי,תה ויסוצקי (ישראל) בעמ,IL,תה ירוק לימונית,גרמים,37.00,100 גרם,false,0,21.20,57.30,true,1,
7290000363011,false,סלמי קוניאק מובחר טירת צבי במשקל,הנסיך- מפעל לייצור ט,IL,נקניק קוניאק,קילוגרמים,0.00,"ק""ג",true,0,64.00,64.00,true,1,
7290000363202,false,נקניק סלמי מעושן גליל שלם טירת צבי,הנסיך- מפעל לייצור ט,IL,נקניק סלמי גליל,גרמים,600.00,100 גרם,false,0,23.80,3.97,true,1,
7290000363462,false,סלמי איטלקי מעושן ט.צבי,תנובה בשר,IL,מעושן איטלקי,קילוגרמים,0.00,"ק""ג",true,0,64.00,64.00,true,1,
7290000364261,false,"דקניקים, סלסולי פסטרמה כתף בקר מעושנת 120 גרם",תנובה מרכז שיתופי לשיווק תוצרת,IL,דקניקים כתף בקר,גרמים,120.00,100 גרם,false,0,12.70,10.58,true,1,
7290000364278,false,דקניקים סלסולי סלמי איטלקי משובח טירת צבי 120 גרם,תנובה מרכז שיתופי לשיווק תוצרת,IL,דקניקים סלמי דק,גרמים,120.00,100 גרם,false,0,12.70,10.58,true,1,
7290000364285,false,דקניקים סלסולי פסטרמה הודו טירת צבי 120 גרם,תנובה מרכז שיתופי לשיווק תוצרת,IL,דקניקים פסטרמה,גרמים,120.00,100 גרם,false,0,12.70,10.58,true,1,
7290000364292,false,דקניקים סלסולי פסטרמה הודו על גחלים 1% טירת צבי 120 גרם,תנובה מרכז שיתופי לשיווק תוצרת,IL,דקמיקים פסטרמה,גרמים,120.00,100 גרם,false,0,12.70,10.58,true,1,
7290000364803,false,נקניקיות בקר אמריקאיות טירת צבי 500 גרם,הנסיך- מפעל לייצור ט,IL,נקניקיות בקר,גרמים,500.00,100 גרם,false,0,23.80,4.76,true,1,
7290000364810,false,נקניקיות עגל 500 גרםטירת צבי,הנסיך- מפעל לייצור ט,IL,נקניקיות עגל,גרמים,500.00,100 גרם,false,0,22.90,4.58,true,1,
7290000364858,false,"נקניקיות עוף טרי טירת צבי 1 ק""ג",הנסיך- מפעל לייצור ט,IL,נקניקיות עוף,קילוגרמים,1.00,"ק""ג",false,0,21.20,21.20,true,1,
7290000364872,false,נקניקיות עוף טירת צבי (400 גרם),טיב טירת צבי 2000,IL,נקניקיות עוף,גרמים,400.00,100 גרם,false,0,11.80,2.95,true,1,
7290000364957,false,נקניקיות עוף מיני מיני טירת צבי 700 גרם,הנסיך- מפעל לייצור ט,IL,נקניקיות מיני,גרמים,700.00,100 גרם,false,0,21.20,3.03,true,1,
7290000365046,false,פסטרמה כתף בקר מעושן,טירת- צבי,IL,כתף בקר מעושן,קילוגרמים,0.00,"ק""ג",true,0,83.00,83.00,true,1,
7290000365107,false,כתף בקר מפולפל{טירת צבי},תנובה קפואים,IL,כתף מפולפל,קילוגרמים,0.00,"ק""ג",true,0,83.00,83.00,true,1,
7290000365398,false,חזה הודו בדבשטירת צבי,תנובה בשר,IL,חזה הודו בדבש,קילוגרמים,0.00,"ק""ג",true,0,72.00,72.00,true,1,
7290000365749,false,פס.הודו מעושנת ד.שומן קג,טירת צבי,IL,פס.הודו מעושנת,קילוגרמים,0.00,"ק""ג",true,0,72.00,72.00,true,1,
7290000365756,false,פסטרמה על גחלים ד.ש משקל,תנובה קפואים,IL,פסטרמה ברביקיו,קילוגרמים,0.00,"ק""ג",true,0,72.00,72.00,true,1,
7290000365909,false,פסטרמה הודו מעושנתטירת צבי,טירת- צבי,IL,פסטרמה הודו מעוש,קילוגרמים,0.00,"ק""ג",true,0,72.00,72.00,true,1,
7290000365954,false,פסטרמה גחלים טירת צבי,תנובה בשר,IL,פסטרמה על גחלי,קילוגרמים,0.00,"ק""ג",true,0,72.00,72.00,true,1,
7290000367590,false,פסטרמה כפרית וסלמי פריזר כפרי טירת צבי 2*400 גרם,תנובה מרכז שיתופי לשיווק תוצרת,IL,צמד כפרי נקניקים,גרמים,800.00,100 גרם,false,0,22.90,2.86,true,1,
7290000377445,false,נש צ'אנס קליית גת 200 גרם,ליימן שליסל בעמ,IL,נאש צ'אנס,גרמים,200.00,100 גרם,false,0,7.60,3.80,true,1,
7290000408316,false,יוגורט דנונה דל לקטוז 200 גרם,שטראוס גרופ בעמ/מצונן,IL,יוגורט ביו 3%,גרמים,200.00,100 גרם,false,0,3.10,1.55,true,1,
7290000408354,false,יוגורט עם אורז מצופה שוקולד קקאו 175 ג' דנונה,שטראוס גרופ בעמ/מצונן,IL,דנונה בר פצפוצים,גרמים,173.00,100 גרם,false,0,3.90,2.25,true,1,
7290000412481,false,נוזל לניקוי אסלות 00 סנו (1 ליטר),החברה הדרומית לשיווק בעמ,IL,"מנקה אסלות 00""",ליטרים,1.00,ליטר,false,0,7.60,7.60,true,1,
7290000415208,false,קובה חמוסטה במילו בשר600,יסמין,IL,קובה חמוסטה,גרמים,600.00,100 גרם,false,0,32.30,5.38,true,1,
7290000416021,false,ממרח בטעם שוקולד השחר העולה (500 גרם),השחר העולה תעשית ממתקים בעמ,IL,ממרח השחר,גרמים,500.00,100 גרם,false,0,11.80,2.36,true,1,
7290000416045,false,ממרח בטעם שוקולד השחר העולה (1 קג),השחר העולה תעשית ממתקים בעמ,IL,ממרח השחר,קילוגרמים,1.00,"ק""ג",false,0,21.20,21.20,true,1,
7290000416076,false,"צימקאו לאפייה וציפוי השחר 400 גרם כשל""פ",השחר העולה תעשית ממתקים בעמ,IL,צימקאו לאפיה,גרמים,400.00,100 גרם,false,0,11.00,2.75,true,1,
7290000416618,false,"ממרח שוקולד פרווה השחר 400 גרם כשל""פ",השחר העולה תעשית ממתקים בעמ,IL,ממרח בטעם שוקולד,גרמים,400.00,100 גרם,false,0,10.10,2.53,true,1,
7290000416809,false,ממרח חצי חצי נוגט אגוזים וקרם חלב השחר 350ג',השחר העולה תעשית ממתקים בעמ,IL,ממרח חצי חצי,גרמים,350.00,100 גרם,false,1,10.10,2.89,true,1,
7290000416854,false,אבקת קקאו השחר העולה (150 גרם),השחר העולה תעשית ממתקים בעמ,IL,קקאו השחר העולה,גרמים,150.00,100 גרם,false,0,8.40,5.60,true,1,
7290000416922,false,השחר ממרח חלב 350 גרם,השחר העולה תעשית ממתקים בעמ,IL,ממרח חלב,גרמים,350.00,100 גרם,false,1,10.10,2.89,true,1,
7290000419107,false,לנדוור קפה מקורי לבוקר טחון טורקי 100 גרם,קפה לנדוור בע''מ,IL,קפה שחור לנדוור,גרמים,100.00,100 גרם,false,0,7.20,7.20,true,1,
7290000419114,false,קפה טחון שחור לנדוור 200 גר,"קפה לנדוור בע""\מ",IL,קפה שחור לנדוור,גרמים,200.00,100 גרם,false,0,14.10,7.05,true,1,
7290000419909,false,לנדוור קפה שחור לבוקר טחון טורקי 100 גרם,מולינו ניקולי s.p.a,IL,קפה שחור חזק,גרמים,100.00,100 גרם,false,0,7.20,7.20,true,1,
7290000420325,false,"פופסטאר פופקורן למקירוגל בטעם טבעי 5 שקיות,500 גרם",פרסטון פארמס,US,פופקורן למיקרו,גרמים,500.00,100 גרם,false,0,11.00,2.20,true,1,
7290000420332,false,פופסטאר פופקורן למיקרוגל בטעם חמאה 5 יחידות 500 גרם,פרסטון פארמס,US,פופקורן למיקרו,גרמים,500.00,100 גרם,false,0,11.00,2.20,true,1,
7290000430102,false,קוביות קרח בשקית מיסטר אייס 2 קילו,אייס קיובס בעמ מיסטר אייס,IL,שקית קרח,יחידה,1.00,יחידה,false,0,8.30,8.30,true,1,
7290000432120,false,נרות חנוכה בקופסה 44,פאלאס תעשיות נטו (2014) בעמ,IL,נרות חנוכה,יחידה,1.00,יחידה,false,0,2.90,2.90,true,1,
7290000442044,false,פמינה תחליב רחצה אינטימי חמוציות 220 מל,גורי ע.ע.ע. בע`מ,IL,פמינה חמוציות,מיליליטרים,220.00,"100 מ""ל",false,0,21.20,9.64,true,1,
7290000442587,false,"קרם רב שימושי תוספת 33% גינקו 220 מ""ל.",כ.צ.ט,IL,קרם רב שימושי,מיליליטרים,250.00,"100 מ""ל",false,0,18.70,7.48,true,1,
7290000446547,false,חמאת בוטנים טבעית בטר אנד דיפרנט 350 גרם,"בטר אנד דיפרנט בע""מ",IL,חמאת בוטנים,גרמים,350.00,100 גרם,false,0,12.10,3.46,true,1,
7290000446752,false,ממרח שומשום מלא חלווה בטר אנד דיפרנט 350 גרם,"בטר אנד דיפרנט בע""מ",IL,ממרח שומשום מלא,גרמים,350.00,100 גרם,false,0,11.00,3.14,true,1,
7290000449128,false,סיף פנטסטיק לימון ניקוי רב תכליתי 4ל',יוניליוור ישראל שיווק בע`מ,IL,פנטסטיק לניקוי,ליטרים,4.00,ליטר,false,0,18.50,4.63,true,1,
7290000453019,false,שמרים טריים לאפייה שקית שמרית 50 ג',שטראוס גרופ בעמ/מצונן,IL,שמרית-שמרים טרי,גרמים,50.00,100 גרם,false,0,3.80,7.60,true,1,
7290000453125,false,שמרית שמרים טריים לאפיה +משפר אפיה 100ג,שטראוס גרופ בעמ/מצונן,IL,שמרית+ משפר אפיה,גרמים,100.00,100 גרם,false,0,6.60,6.60,true,1,
7290000453200,false,בלילה להכנת פנקייק עם רכיבים ביתיים,שטראוס גרופ בעמ/מצונן,DE,בלילה לפנקייק,גרמים,750.00,100 גרם,false,1,18.70,2.49,true,1,
7290000453309,false,בצק לפיצה ללא גלוטן230ג,תמי,FR,בצק לפיצה,גרמים,230.00,100 גרם,false,1,19.50,8.48,true,1,
7290000453330,false,תמי תערובת לעוגה וניל ללא גלוטן500 גר`,י.איטליאנו אחזקות בעמ,IL,תערובת לעוגה,גרמים,500.00,100 גרם,false,1,14.40,2.88,true,1,
7290000453385,false,שמרים יבשים פארא אינסטנט 500 גרם עלית,שטראוס גרופ בע`מ,GB,שמרים יבשים פאקא,גרמים,500.00,100 גרם,false,0,11.80,2.36,true,1,
7290000453408,false,בצק פיצה דק מצונן ומוכן לאפייה שמרית 415 גרם,שטראוס גרופ בעמ/מצונן,FR,בצק פיצה מצונן,גרמים,415.00,100 גרם,false,1,14.90,3.59,true,1,
7290000453415,false,בצק עלים מצונן ומוכן לאפייה שמרית 300 גרם,שטראוס גרופ בעמ/מצונן,FR,בצק עלים מצונן,גרמים,300.00,100 גרם,false,1,13.50,4.50,true,1,
7290000453422,false,בצק פילו מצונן ומוכן לאפייה שמרית 300 גרם,שטראוס גרופ בעמ/מצונן,GR,בצק פילו מצונן,גרמים,300.00,100 גרם,false,1,13.50,4.50,true,1,
7290000453446,false,פיצה קראסט בצק שמרים מצונן להכנת פיצה ופוקצ'ה,שטראוס גרופ בעמ/מצונן,FR,בצק שמרים מצונן,גרמים,500.00,100 גרם,false,1,12.70,2.54,true,1,
7290000453484,false,בצק קדאיף לאפייה שמרית 350 גרם,שטראוס גרופ בעמ/מצונן,GR,בצק קדאיף,גרמים,350.00,100 גרם,false,1,13.50,3.86,true,1,
7290000453798,false,שמרית שמרים יבשים אקטיביים 500 גר',"גי' בי' רכיבים בע""מ",GB,שמרים יבשים,גרמים,500.00,100 גרם,false,1,11.00,2.20,true,1,
7290000453866,false,נטורינה תחליף מרגרינה לבישול ואפיה קוקוס שמרית 200 גרם,שטראוס גרופ בעמ/מצונן,DK,נטורינה קוקוס,גרמים,200.00,100 גרם,false,1,6.70,3.35,true,1,
7290000461625,false,בייגלה שמיניות מלח בייגל בייגל 400 ג',יוניליוור ישראל שיווק בע`מ,IL,בייגלה שמיניות,גרמים,400.00,100 גרם,false,0,8.90,2.23,true,1,
7290000461656,false,בייגלה מקלות מלוחים בייגל בייגל 400 גרם,יוניליוור ישראל שיווק בע`מ,IL,בייגלה מקלות,גרמים,400.00,100 גרם,false,0,8.90,2.23,true,1,
7290000461700,false,בייגלה שמיניות גדולות מלוחות 400 גרם,יוניליוור ישראל שיווק בע`מ,IL,בייגלה גדול,גרמים,400.00,100 גרם,false,0,10.10,2.52,true,1,
7290000462141,false,סחוג אדום תימני מקורי חריף מאוד זהבי 150 גרם,שטראוס גרופ בעמ/מצונן,IL,זחוק אדום חריף,גרמים,150.00,100 גרם,false,0,6.70,4.47,true,1,
7290000462172,false,סחוג זחוק ירוק תימני חריף זהבי (150 גרם),שטראוס גרופ בעמ/מצונן,IL,סחוג זהבי ירוק,גרמים,150.00,100 גרם,false,0,6.70,4.47,true,1,
7290000467320,false,מלך החומוס אבו מרוואן 400 גרם,קבוצת אוסם סחר שותפות מוגבלת,IL,מלך החומוס צבר,גרמים,400.00,100 גרם,false,0,11.80,2.95,true,1,
7290000469638,false,"ספריי לגיהוץ קל מריטו 500 מ""ל",בולטון מניטובה,IT,מריטו לגיהוץ קל,מיליליטרים,500.00,"100 מ""ל",false,0,18.00,3.60,true,1,
7290000474090,false,"חלב בקרטון 1%- 1 ליטר בד""צ - מוצר בפיקוח",החברה המרכזית טלהפצת משקאות בע,IL,חלב טרי טרה 1%,ליטרים,1.00,ליטר,false,0,5.01,5.01,true,1,
7290000474502,false,גבינה לבנה טרה 5% מרכיבים טבעיים,החברה המרכזית טלהפצת משקאות בע,IL,גבינה לבנה 5%,גרמים,250.00,100 גרם,false,0,4.26,1.70,true,1,
7290000480107,false,קוואקר שיבולת שועל פחית 500 גרם,שטראוס פריטו ליי בעמ,GB,קוואקר שיבולת,גרמים,500.00,100 גרם,false,0,11.00,2.20,true,1,
7290000480442,false,קוואקר שיבולת שועל בשקית 500 גרם,שטראוס פריטו ליי בע`מ,IL,קוואקר,גרמים,500.00,100 גרם,false,0,10.90,2.18,true,1,
7290000482071,false,שקיות צליה ואפיה קוקי 20 יחידות,"ש. שסטוביץ בע""\מ",IL,קוקי שקיות אפיה,יחידה,1.00,יחידה,false,0,17.00,17.00,true,1,
7290000483412,false,קישוטי עוגה טיפטופים,המרשלג פרלינס בעמ,IL,טפטופים לעוגה,גרמים,60.00,100 גרם,false,0,12.60,21.00,true,1,
7290000483924,false,המרשלג בצק סוכר 600 גרם,המרשלג,IL,בצק סוכר לעוגות,גרמים,600.00,100 גרם,false,0,11.90,1.98,true,1,
7290000484747,false,"ארק עלית 700 מ""ל 40% יקב הגליל*",יקב הגליל יוסף גולד ובניו,IL,עלית הארק,מיליליטרים,700.00,"100 מ""ל",false,1,47.70,6.81,true,1,
7290000490397,false,מנבו וניל פלדמן 20 יחידות,הגלידות של פלדמן,IL,מנבו 20 יחידות,גרמים,480.00,100 גרם,false,0,28.10,5.85,true,1,
7290000490601,false,גלידל וניל פלדמן מארז שמינייה,הגלידות של פלדמן,IL,גלידל וניל 8יח,גרמים,400.00,100 גרם,false,0,27.20,6.80,true,1,
7290000490717,false,מאגדת גלית- שלגון חלבי בטעם וניל עם ציפו,הגלידות של פלדמן,IL,מאגדות גלית 8י,גרמים,560.00,100 גרם,false,0,21.20,3.79,true,1,
7290000490762,false,גלידל שוקו פלדמן מארז שמינייה,הגלידות של פלדמן,IL,גלידל שוקו 8יח,גרמים,400.00,100 גרם,false,0,27.20,6.80,true,1,
7290000493176,false,אסם אבקת רוטב צלי לבשר 22 ג',קבוצת אוסם סחר שותפות מוגבלת,IL,רוטב צלי לבשר,גרמים,22.00,100 גרם,false,0,3.40,15.45,true,1,
7290000493183,false,אבקת רוטב פטריות לבשר-30 גרם,קבוצת אוסם סחר שותפות מוגבלת,IL,רוטב פטריות,גרמים,30.00,100 גרם,false,0,3.30,11.00,true,1,
7290000497044,false,לחם אקטיב ברמן (750 גרם),מאפית י את א ברמן בע,IL,לחם ברמן אקטיב,גרמים,750.00,100 גרם,false,0,13.50,1.80,true,1,
7290000497136,false,חלה פרוסה 500גר ארוז231*,"י.את.א.ברמן בע""\מ",IL,חלה פרוסה ארוז,גרמים,500.00,100 גרם,false,0,9.30,1.86,true,1,
7290000497228,false,לחמניה רגילה בשקית ברמן 6יח',מאפית י את א ברמן בע,IL,6 לחמניות בשקית,גרמים,450.00,100 גרם,false,0,8.90,1.98,true,1,
7290000497303,false,"שישיית לחמניות מקמח מלא ""ברמן""",מאפית י את א ברמן בע,IL,6לחמניות קמח מלא,גרמים,450.00,100 גרם,false,0,10.60,2.36,true,1,
7290000497358,false,חלומית חלה מתוקה קלועה ברמן (500 גרם),מאפית י את א ברמן בע,IL,חלומית חלה מתו,גרמים,500.00,100 גרם,false,0,10.10,2.02,true,1,
7290000498003,false,לחם מקמח מלא 750 גר`E FREE ברמן,מאפית י את א ברמן בע,IL,לחם מקמח חיטה,גרמים,750.00,100 גרם,false,1,13.50,1.80,true,1,
7290000498034,false,לחם אי פרי קמח כוסמין מלא 750 גר',מאפית י את א ברמן בע,IL,לחם מקמח כוסמין,גרמים,750.00,100 גרם,false,1,13.50,1.80,true,1,
7290000498256,false,מארז 10 לחמניות בשקית ברמן,מאפית י את א ברמן בע,IL,לחמניות ברמן10יח,גרמים,750.00,100 גרם,false,1,11.80,1.57,true,1,
7290000504025,false,ממתיק סוכרזית פטרייה עלית 300 גרם,אף.סי תבליני בגליל ב,IL,סוכרזית פטריה,גרמים,24.00,100 גרם,false,0,7.60,31.67,true,1,
7290000504049,false,סוכרזית קלאסי קנקן 1200 טבליות,אף.סי תבליני בגליל ב,IL,סוכרזית טבליות,גרמים,98.00,100 גרם,false,0,17.00,17.35,true,1,
7290000504261,false,סוויט דיאט כמו סוכר ממתיק אבקתי 65ג',שטראוס גרופ בע`מ,IL,כמו סוכר,גרמים,75.00,100 גרם,false,0,21.50,28.67,true,1,
7290000504278,false,ממתיק סוכרזית אריזת פטנט 700 טבליות,אף.סי תבליני בגליל ב,IL,סוכרזית טבליות,גרמים,57.00,100 גרם,false,0,12.70,22.28,true,1,
7290000518176,false,מתוק וקל 250 שקיות 250 גרם,מתוק וקל בע`מ,IL,מתוק וקל ענק,גרמים,250.00,100 גרם,false,0,17.00,6.80,true,1,
7290000518220,false,ממתיק סוכרה דיאט 100 יחידות,מתוק וקל בעמ,IL,סוכרה דיאט,גרמים,80.00,100 גרם,false,1,22.10,27.63,true,1,
7290000518251,false,ממתיק זהב מתוק וקל 100 יחידות,מתוק וקל בע`מ,IL,מתוק וקל זהב,יחידה,1.00,יחידה,false,0,10.10,10.10,true,1,
7290000518336,false,ממתק צמר גפן מתוק מסיבים תזונתיים,מתוק וקל בעמ,IL,צמר גפן מתוק,גרמים,10.00,100 גרם,false,1,4.10,41.00,true,1,
7290000521008,false,יין אדום יבש של סגל (750 מל),"כרמי צבי - אחים סגל בע""\",IL,יין סגל אדום,מיליליטרים,750.00,"100 מ""ל",false,0,18.70,2.49,true,1,
7290000521015,false,יין לבן יבש של סגל (750 מל),"מיוצר ע""י כרמי צבי-",IL,יין לבן של סגל,מיליליטרים,750.00,"100 מ""ל",false,0,18.70,2.49,true,1,
7290000521022,false,"של סגל, יין לבן חצי יבש 750 מ""ל","מיוצר ע""י כרמי צבי-",IL,יין לבן חצי יבש,מיליליטרים,750.00,"100 מ""ל",false,0,18.70,2.49,true,1,
7290000521411,false,יין מרום גליל סינגל מרלו 750 מל,כרמי צבי אחים סגל בע,IL,מרלו מרום גליל,מיליליטרים,750.00,"100 מ""ל",false,0,28.10,3.75,true,1,
7290000522142,false,חלב הרים טהור-עמיד- קרטון 1 לי 3%,"מחלבות רמת הגולן בע""",IL,חלב הרים טהור,ליטרים,1.00,ליטר,false,0,7.00,7.00,true,1,
7290000522159,false,חלב הרים טהור-עמיד- קרטון 1 לי 1%,"מחלבות רמת הגולן בע""",IL,חלב הרים טהור,ליטרים,1.00,ליטר,false,0,7.60,7.60,true,1,
7290000522166,false,חלב הרים טהור-עמיד- נטול לקטוז 1 לי 3%,"מחלבות רמת הגולן בע""",IL,חלב הרים 1 ליטר,ליטרים,1.00,ליטר,false,0,9.30,9.30,true,1,
7290000523125,false,מלח הארץ הים האדום 250 ג' עדין,"חברת מלח הארץ אילת בע""\מ",IL,מלח ים יבש,גרמים,250.00,100 גרם,false,0,5.00,2.00,true,1,
7290000523224,false,מלח הארץ הים האדום 500 ג' עדין,"חברת מלח הארץ אילת בע""\מ",IL,מלח ים דק,גרמים,500.00,100 גרם,false,0,6.70,1.34,true,1,
7290000523514,false,מלח ים יבש מופחת נתרן מלח הארץ (250 גרם),"חברת מלח הארץ אילת בע""\מ",IL,מלח דל נתרן,גרמים,250.00,100 גרם,false,0,8.90,3.56,true,1,
7290000523804,false,"מלח עדין צנצנת 1 ק""ג מלח הארץ","חברת מלח הארץ אילת בע""\מ",IL,מלח הארץ עדין,קילוגרמים,1.00,"ק""ג",false,0,6.10,6.10,true,1,
7290000523811,false,"צנצנת מלח גס 1 ק""ג מלח הארץ","חברת מלח הארץ אילת בע""\מ",IL,מלח הארץ גס,קילוגרמים,1.00,"ק""ג",false,0,6.10,6.10,true,1,
7290000525969,false,מיץ תפוזים סחוט רכיבים טבעיים פרימור 1 ליטר,שטראוס גרופ בעמ/מצונן,IL,מיץ תפוזים סחוט,ליטרים,1.00,ליטר,false,0,13.50,13.50,true,1,
7290000530024,false,נקניק תה מעושן רחב במשקל,נקניק זוגלובק נהריה,IL,נקניק תה מעושן,קילוגרמים,0.00,"ק""ג",true,0,42.00,42.00,true,1,
7290000530031,false,סלמי פיין צר זוגלובק,זוגלובק,IL,פיין סלמי צר,קילוגרמים,0.00,"ק""ג",true,0,55.00,55.00,true,1,
7290000530048,false,נקניק סלמי פפרוני במ,נקניק זוגלובק נהריה,IL,סלמי פפרוני,גרמים,0.00,"ק""ג",true,0,50.00,50.00,true,1,
7290000530062,false,נקניק מעושן איטלקי במשקל,זוגלובק שיווק בעמ,IL,נקניק איטלקי,קילוגרמים,0.00,"ק""ג",true,0,68.00,68.00,true,1,
7290000530086,false,נקניק סלמי מעושן 7000 זוגלובק (600 גרם),נקניק נהריה כשר זוגל,IL,נקניק מעושן,גרמים,600.00,100 גרם,false,0,29.00,4.83,true,1,
7290000530109,false,קבנוס זוגי בואקום זוגלובק 180ג',נקניק נהריה כשר זוגל,IL,זוג קבנוס בואקום,גרמים,360.00,100 גרם,false,0,21.20,5.89,true,1,
7290000530116,false,נקניק סלמי מעושן בשן 470 ג' זוגלובק,נקניק נהריה כשר זוגל,IL,נקניק סלמי בשן,גרמים,470.00,100 גרם,false,0,21.20,4.51,true,1,
7290000530178,false,קוניאק זוגלובק שקילה,זוגלובק שיווק בעמ,IL,נקניק קוניאק,קילוגרמים,0.00,"ק""ג",true,0,72.00,72.00,true,1,
7290000530192,false,זוגלובק סרבלד נקניק מעדניה,נקניק זוגלובק נהריה,IL,נקניק סרבלד,קילוגרמים,0.00,"ק""ג",true,0,114.00,114.00,true,1,
7290000530260,false,נקניק מרטדלה רחב במשקל,זוגלובק שיווק בעמ,IL,נקניק מרטדלה,קילוגרמים,0.00,"ק""ג",true,0,32.00,32.00,true,1,
7290000530369,false,פסטרמה גולן חזה הודו מעושן מעדניה,נקניק זוגלובק נהריה,IL,גולן חזה הודו,קילוגרמים,0.00,"ק""ג",true,0,72.00,72.00,true,1,
7290000530444,false,כתף בקר מעושן אורלנדו מש,זוגלובק שיווק בעמ,IL,כתף בקר מעושן,קילוגרמים,0.00,"ק""ג",true,0,93.00,93.00,true,1,
7290000530468,false,נקניקיות וניר 1 קג` זוגלובק,זוגלובק שיווק בעמ,IL,נקניקיות וינר,קילוגרמים,1.00,"ק""ג",false,0,23.80,23.80,true,1,
7290000530598,false,נקניקיות עוף וינר זוגלובק 500 גרם,נקניק נהריה כשר זוגל,IL,נקניקיות וינר,גרמים,500.00,100 גרם,false,0,13.40,2.68,true,1,
7290000530703,false,פסטרמה חרמון כפרית ונקניק תה מעושן זוגלובק 2*400 גרם,נקניק נהריה כשר זוגל,IL,מארז חרמון+תה,גרמים,800.00,100 גרם,false,0,25.50,3.19,true,1,
7290000531410,false,פסטרממיה בדבש טהור במשקל,נקניק זוגלובק נהריה,IL,פסטרמה בדבש טהור,קילוגרמים,0.00,"ק""ג",true,0,72.00,72.00,true,1,
7290000532400,false,פסטרמה חזה הודו ברביקיו זוגלובק,נקניק זוגלובק נהריה,IL,חזה הודו ברבקי,קילוגרמים,0.00,"ק""ג",true,0,72.00,72.00,true,1,
7290000532585,false,רוסטביף חצוי זוגלובק,נקניק זוגלובק נהריה,IL,רוסטביף חצוי,קילוגרמים,0.00,"ק""ג",true,0,102.00,102.00,true,1,
7290000532721,false,כתף בקר מעושן בפלפל טורו מעדניה,נקניק זוגלובק נהריה,IL,כתף בקר בפלפל,קילוגרמים,0.00,"ק""ג",true,0,93.00,93.00,true,1,
7290000533353,false,"בצק עלים צרפתי 1 ק""ג זוגלובק",מאפיית אריאל וגידרון,IL,בצק עלים,גרמים,1000.00,100 גרם,false,0,13.50,1.35,true,1,
7290000533681,false,פסטרמה הודו מעושנת הבית,זוגלובק שיווק בעמ,IL,פסטרמה הודו מעוש,קילוגרמים,0.00,"ק""ג",true,0,72.00,72.00,true,1,
7290000534718,false,פסטרמה הודו תבור 1% שומן זוגלובק,נקניק זוגלובק נהריה,IL,חזה הודו תבור,קילוגרמים,0.00,"ק""ג",true,0,72.00,72.00,true,1,
7290000534800,false,פסטרמה הודו רומני מעדניה,נקניק זוגלובק נהריה,IL,פסטרמה הודו,קילוגרמים,0.00,"ק""ג",true,0,72.00,72.00,true,1,
7290000536743,false,שניצלונים קריספי ט. תירס 500 גר' זוגלובק,נקניק נהריה כשר זוגל,IL,קריספי סטיקסתירס,גרמים,500.00,100 גרם,false,0,15.30,3.06,true,1,
7290000537566,false,נקניקיות עוף טרי 400 ג' זוגלובק,נקניק נהריה כשר זוגל,IL,נקניקיות עוף,גרמים,400.00,100 גרם,false,0,9.30,2.33,true,1,
7290000537603,false,נקניקיות עוף זוגלובק (1 קג),זוגלובק שיווק בעמ,IL,נקניקיות עוף,קילוגרמים,1.00,"ק""ג",false,0,23.80,23.80,true,1,
7290000538099,false,פסטרמה כפרית 2% שומן זוגלובק,זוגלובק שיווק בעמ,IL,פסטרמה כפרית,קילוגרמים,0.00,"ק""ג",true,0,72.00,72.00,true,1,
7290000540160,false,עוגיות ללא סוכר 500 גרם קמח מלא,ציון תורג`מן בעמ,IL,"עוגיות ללת""ס",גרמים,500.00,100 גרם,false,0,17.50,3.50,true,1,
7290000540931,false,עוגיות האחים 400 גרם פירמידה,האחים יצרני חטיפים,IL,עוגיות האחים,גרמים,400.00,100 גרם,false,1,10.10,2.53,true,1,
7290000552118,false,נקניקיות מרגז קפואות טיבון ויל (400 גרם),טיבון ויל אחזקות בעמ,IL,נקניקיות מרגז,גרמים,400.00,100 גרם,false,0,17.80,4.45,true,1,
7290000552194,false,קישקע קפוא טיבון ויל (500 גרם),טיבון ויל אחזקות בעמ,IL,קישקע,גרמים,500.00,100 גרם,false,0,12.70,2.54,true,1,
7290000552927,false,בשר עוף קפוא טחון טיבון ויל (500 גרם),"טיבון ויל אחזקות בע""\מ",IL,טחון עוף קפוא,גרמים,500.00,100 גרם,false,0,12.70,2.54,true,1,
7290000552989,false,בשר טחון טיבון ויל 500 גרם,"טיבון ויל אחזקות בע""\מ",IL,בשר טחון מובחר,גרמים,500.00,100 גרם,false,0,23.80,4.76,true,1,
7290000554402,false,מעדן חלב מלבי גד (160 גרם),מחלבות גד שיווק 1992 בעמ,IL,מלבי,גרמים,160.00,100 גרם,false,0,4.70,2.94,true,1,
7290000554457,false,גבינה צפתית 5% 350 גרם - רבנות,מחלבות גד שיווק 1992 בעמ,IL,גבינה צפתית5%,גרמים,350.00,100 גרם,false,0,17.90,5.11,true,1,
7290000554471,false,נקניק מוצרלה 22 אחוז 180גרם גד מהדרין,מחלבות גד שיווק 1992 בעמ,IL,גבינת מוצרלה 22%,גרמים,180.00,100 גרם,false,0,14.00,7.78,true,1,
7290000554532,false,גבינה צפתית מעודנת במלח ים 5% 200 ג' גד,מחלבות גד שיווק 1992 בעמ,IL,צפתית מעודנת 5%,גרמים,200.00,100 גרם,false,0,12.70,6.35,true,1,
7290000554600,false,מוצרלה מגורדת 22 אחוז 300גרם גד מהדרין,מחלבות גד שיווק 1992 בעמ,IL,מוצרלה מגורדת,גרמים,300.00,100 גרם,false,0,21.20,7.07,true,1,
7290000554624,false,ירח מתוק מעדן חלב עם אורז 3% גד 150 גרם,מחלבות גד שיווק 1992 בעמ,IL,מעדן חלב ואורז,גרמים,150.00,100 גרם,false,0,4.70,3.13,true,1,
7290000554655,false,מוצרלה מעושנת גד א.ח נוכרי,מחלבות גד שיווק 1992 בעמ,IL,מוצרלה מעושנת גד,קילוגרמים,0.00,"ק""ג",true,0,73.00,73.00,true,1,
7290000554686,false,גבינת לאבנה בתוספת שמן זית וזעתר 5% גד 250 גרם,מחלבות גד שיווק 1992 בעמ,IL,לאבנה בשמן זית5%,גרמים,250.00,100 גרם,false,0,12.80,5.12,true,1,
7290000554754,false,גבינה מוצרלה כדורקטן,מחלבות גד,IL,כדורי מוצרלה 19%,גרמים,0.00,"ק""ג",true,0,78.00,78.00,true,1,
7290000554792,false,גבינה בולגרית 5%במשקל,מחלבות גד,IL,גבינה בולגרית 5%,קילוגרמים,0.00,"ק""ג",true,0,51.00,51.00,true,1,
7290000554815,false,גבינת מוצרלה נקניק מעדנייה גד,מחלבות גד שיווק 1992 בעמ,IL,גבינת מוצרלה,גרמים,0.00,"ק""ג",true,0,70.00,70.00,true,1,
7290000554822,false,ריקוטה גבינה לבנה בסגנון איטלקי 5% גד 250 גרם,מחלבות גד שיווק 1992 בעמ,IL,גבינת ריקוטה 5%,גרמים,250.00,100 גרם,false,0,12.30,4.92,true,1,
7290000554839,false,מסקרפונה שמנת מתוקה קשה בסגנון איטלקי 40% גד 250 גרם,מחלבות גד שיווק 1992 בעמ,IL,גבינה מסקרפונה,גרמים,250.00,100 גרם,false,0,17.80,7.12,true,1,
7290000554969,false,גב.שמנת 30%שומן1קג משקל,מחלבות גד,IL,גבינת שמנת 30%,קילוגרמים,0.00,"ק""ג",true,0,38.00,38.00,true,1,
7290000554976,false,גבינת שמנת זיתים גד,מחלבות גד,IL,גבינת שמנת זית,גרמים,0.00,"ק""ג",true,0,38.00,38.00,true,1,
7290000554983,false,גבינה לאבנה גד במשקל,מחלבות גד,IL,גבינה לאבנה 5%,קילוגרמים,0.00,"ק""ג",true,0,32.00,32.00,true,1,
7290000554990,false,מוצרלה כדורים גדולים,מחלבות גד,IL,כדורי מוצרלה 19%,קילוגרמים,0.00,"ק""ג",true,0,81.00,81.00,true,1,
7290000560021,false,ג`ל גילוח נגד חתכים אדג` (198 גרם),המאפיה של הרמן,US,ג'ל גילוח אדג',גרמים,198.00,100 גרם,false,0,13.50,6.82,true,1,
7290000560533,false,אדג`פרו ג`ל לגילוח רגיל ירוק 220 מל,אס.סי ג'ונסון ובניו,US,אדג' ג'ל לגילוח,גרמים,198.00,100 גרם,false,0,13.50,6.82,true,1,
7290000560540,false,אדג`פרו ג`ל לגילוח עור רגיש כתום220,המאפיה של הרמן,US,אדג' ג'ל לגילוח,גרמים,198.00,100 גרם,false,0,13.50,6.82,true,1,
7290000571126,false,גבינת גאודה+כמון בית,תנובה מרכז שיתופי לש,IL,גאודה כמון,קילוגרמים,0.00,"ק""ג",true,0,92.00,92.00,true,1,
7290000571188,false,גבינת גאודה תום עיזים במשקל,מחלבות גד שיווק 1992 בעמ,IL,גבינת עיזים,קילוגרמים,0.00,"ק""ג",true,0,118.00,118.00,true,1,
7290000571232,false,גבינת גאודה טבעית פרוס 30% המחלווה 150ג',גבינות משק אחים מאיר בית,IL,גבינה גאודה,גרמים,200.00,100 גרם,false,0,19.50,9.75,true,1,
7290000571294,false,גבינת גאודה מעושנת ב,מחלבה בית יצחק,IL,גאודה מעושנת,קילוגרמים,0.00,"ק""ג",true,0,92.00,92.00,true,1,
7290000571386,false,המחלבה יוגורמה יוגורט מחלב כבשים 5% 850 גרם,גבינות משק אחים מאיר בית,IL,יוגורמה 5%,גרמים,850.00,100 גרם,false,0,22.90,2.69,true,1,
7290000571478,false,גבינת עיזים תום פרוסה המחלבה (200 גרם),גבינות משק אחים מאיר בית,IL,גבינת תום עיזים,גרמים,200.00,100 גרם,false,0,33.30,16.65,true,1,
7290000572628,false,חלבה חטיף לייט 25 ג* 11יח קופ`שי אחוה,שוורצקוף& הנקל דיסלד,IL,חטיף חלווה לייט,גרמים,275.00,100 גרם,false,0,10.10,3.67,true,1,
7290000574141,false,לחם חיטה מלא 750ג' דגנית עין בר,דגנית עין בר תעשיות מזון ואפיה,IL,לחם חיטה מלא,גרמים,750.00,100 גרם,false,0,11.80,1.57,true,1,
7290000574172,false,לחם קל מחיטה מלאה 750 ג' דגנית עין בר,דגנית עין בר תעשיות מזון ואפיה,IL,לחם קל חיטה מלאה,גרמים,750.00,100 גרם,false,0,12.40,1.65,true,1,
7290000604039,false,ביצים בינוניות M תנובה 12 יחידות,תנובה,,ביצים M 12 יח',יחידה,1.00,יחידה,false,0,9.50,9.50,true,1,
7290000612904,false,חזה הודו נקבה ארוז,עוף עוז שיווק,IL,חזה הודו טרי,קילוגרמים,0.00,"ק""ג",true,0,29.80,29.80,true,1,
7290000612966,false,גרון הודו טרי ארוז,עוף עוז שיווק,IL,גרון הודו טרי,קילוגרמים,0.00,"ק""ג",true,0,25.50,25.50,true,1,
7290000632209,false,חזה עוף קפוא עטרה מחיר ל,נטו מלינדה סחר בעמ,IL,חזה עוף קפוא,קילוגרמים,0.00,"ק""ג",true,0,29.80,29.80,true,1,
7290000632391,false,כרעיים עוף קפוא עטרה מחי,נטו מלינדה סחר בעמ,IL,כרעיים עוף קפוא,קילוגרמים,0.00,"ק""ג",true,0,28.90,28.90,true,1,
7290000633800,false,כנפיים עוף קפוא עטרה מחי,נטו מלינדה סחר - עטרה,IL,כנפיים עוף קפוא,קילוגרמים,0.00,"ק""ג",true,0,15.30,15.30,true,1,
7290000644783,false,נתחי פילה סלמון קפוא קג,תנובה קפואים,DK,נתחי פילה סלמון,קילוגרמים,0.00,"ק""ג",true,0,72.50,72.50,true,1,
7290000646299,false,פילה נסיכת הנילוס 100% דג קפוא תנובה,תנובה מרכז שיתופי לשיווק תוצרת,IL,פילה נסיכת נילוס,קילוגרמים,0.00,"ק""ג",true,1,38.30,38.30,true,1,
7290000652177,false,נתחי פילה נסיכה 100% דג קפוא תנובה,תנובה מרכז שיתופי לשיווק תוצרת,IL,נתחי נסיכת הנילו,קילוגרמים,0.00,"ק""ג",true,1,59.70,59.70,true,1,
7290000652542,false,פילה אמנון 5-7 100% דג- תנובה,תנובה קפואים,IL,פילה אמנון קפוא,קילוגרמים,0.00,"ק""ג",true,1,29.80,29.80,true,1,
7290000658926,false,"פילה מרלוזה קפוא 100% ""תנובה""",דגי תנובה,AR,פילה מרלוזה קפוא,קילוגרמים,0.00,"ק""ג",true,1,25.50,25.50,true,1,
7290000659312,false,דגי תנובה פילה סלומון קפוא בוואקום,תנובה בשר,IL,פילה סלמון,קילוגרמים,0.00,"ק""ג",true,0,59.70,59.70,true,1,
7290000662213,false,נתח פילה סלמון קפוא תנובה,תנובה,IL,נתח פילה סלמון,קילוגרמים,0.00,"ק""ג",true,1,76.80,76.80,true,1,
7290000663098,false,שווארמה ריב אנטריקוט plancha,תנובה קפואים,IL,שווארמה ריב אנטר,גרמים,300.00,100 גרם,false,1,30.60,10.20,true,1,
7290000663128,false,רצועות ריב אנטריקוט עדיי,תנובה בשר,IL,רצועות ריב אנטרי,גרמים,300.00,100 גרם,false,1,30.60,10.20,true,1,
7290000663135,false,קוביות סלומון קפוא 100% דג 300 גרם תנובה,תנובה מרכז שיתופי לשיווק תוצרת,CL,קוביות סלמון קפו,גרמים,300.00,100 גרם,false,1,25.50,8.50,true,1,
7290000663166,false,פילה הייק דרום אפריקאי קפוא,תנובה קפואים,IL,פילה בקלה קפוא,קילוגרמים,0.00,"ק""ג",true,1,42.60,42.60,true,1,
7290000688084,false,מי עדן פקק ספורטאים500מל,יפאורה שותפות מוגבלת לשיווק,IL,מי עדן פקק ספורט,מיליליטרים,500.00,"100 מ""ל",false,0,2.30,0.46,true,1,
7290000688374,false,מים מינרלים סמיילי מי עדן (330X6מל),יפאורה שותפות מוגבלת לשיווק,IL,מי עדן בייבי 6יח,ליטרים,1.50,ליטר,false,0,13.80,9.20,true,1,
7290000688381,false,מים מינרלים פקק ספורט מי עדן (500x6 מל),יפאורה שותפות מוגבלת לשיווק,IL,מי עדן אישי 6 בק,ליטרים,3.00,ליטר,false,0,13.00,4.33,true,1,
7290000692210,false,נוזל לניקוי כללי ורצפות בניחוח לבנדר אג'קס 2 ליטר,הנסיך- מפעל לייצור ט,GR,אג'קס ניקוי כללי,ליטרים,2.00,ליטר,false,0,19.50,9.75,true,1,
7290000692227,false,נוזל לניקוי כלים קלאסי פלמוליב (1 ליטר),יבואן ומשווק: ש. שסט,GR,פלמוליב לכלים,ליטרים,1.00,ליטר,false,0,11.80,11.80,true,1,
7290000692456,false,אג'קס חלונות זוג 750*2 מל ספריי ורפיל,הנסיך- מפעל לייצור ט,GR,אג'קס לחלונות,ליטרים,1.50,ליטר,false,0,22.10,14.73,true,1,
7290000803067,false,"משחת שיניים לילדים גילאים 6-2 אלמקס 75 מ""ל",הנסיך- מפעל לייצור ט,PL,משחת שיניים,מיליליטרים,75.00,"100 מ""ל",false,0,11.00,14.67,true,1,
7290000803180,false,"מרידול-שטיפת פה דנטלית 400 מ""ל",קולגייט פלמוליב,CH,שטיפה מרידול,מיליליטרים,400.00,"100 מ""ל",false,0,21.20,5.30,true,1,
7290000841557,false,"סטרילי נוזל חיטוי 500 מ""ל לניקוי פירות וירקות",סטרילי מעבדות בעמ,IL,סטרילי נוזל לח,מיליליטרים,500.00,"100 מ""ל",false,0,11.00,2.20,true,1,
7290000849478,false,"סרקל מרכך שיער לילדים 500 מ""ל",פישר מעבדות פרמצבטיות בע,IL,מרכך שיער סרקל,מיליליטרים,500.00,"100 מ""ל",false,0,14.00,2.80,true,1,
7290000849492,false,"סרקל שמפו לילדים 500 מ""ל",פישר תעשיות פרמבצטיות בעמ,IL,שמפו לילדים,מיליליטרים,500.00,"100 מ""ל",false,0,14.00,2.80,true,1,
7290000900162,true,סלק אורגני במשקל,.,IL,סלק אורגני,קילוגרמים,0.00,"ק""ג",true,0,13.90,13.90,true,1,
7290000900445,true,שום יבש אורגני,,IL,שום יבש אורגני,קילוגרמים,0.00,"ק""ג",true,0,28.90,28.90,true,1,
7290000901374,true,בצל אדום יבש אורגני משקל,,NL,בצל אדום אורגני,קילוגרמים,0.00,"ק""ג",true,0,10.90,10.90,true,1,
7290000901404,true,"תפו""א אדום אורגנ",,IL,"תפו""א אדום אורגנ",קילוגרמים,0.00,"ק""ג",true,0,8.90,8.90,true,1,
7290000901787,true,קיווי אורגני במשקל,,IL,קיווי אורגני,קילוגרמים,0.00,"ק""ג",true,0,21.90,21.90,true,1,
7290000907949,true,משקה מוגז בקירור עד500-מ,,,משקה מצונן 500מל,מיליליטרים,500.00,"100 מ""ל",false,0,6.40,1.28,true,1,
7290000910345,true,דלורית אורגנית,,IL,דלורית אורגנית,קילוגרמים,0.00,"ק""ג",true,0,12.90,12.90,true,1,
7290000910406,true,"פילה עוף טרי ת עצמי ק""ג",שונות,IL,פילה עוף טרי,קילוגרמים,0.00,"ק""ג",true,0,29.80,29.80,true,1,
7290000910994,true,פסטרמה ונקניק-קצוות משקל,שונות,IL,פסטרמה ונקניק,קילוגרמים,0.00,"ק""ג",true,0,24.70,24.70,true,1,
7290000916248,true,כרוב לבן אורגני,,IL,כרוב לבן אורגני,קילוגרמים,0.00,"ק""ג",true,0,9.90,9.90,true,1,
7290000922591,true,עוף שלם טרי תפזורת עצמי,שונות,IL,עוף שלם טרי,קילוגרמים,0.00,"ק""ג",true,0,16.10,16.10,true,1,
7290000922614,true,מנגו מיובש ללא סוכר,קטיף.,IL,מנגו ללא סוכר,גרמים,0.00,"ק""ג",true,1,76.00,76.00,true,1,
7290000928371,true,רבע כבש טרי )עצמי(. מחיר,שונות,IL,רבע כבש טרי,קילוגרמים,0.00,"ק""ג",true,0,85.30,85.30,true,1,
7290000928388,true,צלי כתף טרי)עצמי( מחיר ל,שונות,IL,צלי כתף טרי,קילוגרמים,0.00,"ק""ג",true,0,85.30,85.30,true,1,
7290000928395,true,פילה מדומה טרי )עצמי( מח,שונות,IL,פילה מדומה טרי,קילוגרמים,0.00,"ק""ג",true,0,85.30,85.30,true,1,
7290000928401,true,כתף בשר טרי)עצמי( מחיר ל,שונות,IL,בשר כתף טרי,קילוגרמים,0.00,"ק""ג",true,0,81.10,81.10,true,1,
7290000928418,true,צוואר ב.ע טרי )עצמי( מחי,שונות,IL,צוואר ב.ע טרי,קילוגרמים,0.00,"ק""ג",true,0,68.20,68.20,true,1,
7290000928425,true,אסאדו עם עצם טרי מחיר לפ,שונות,IL,אסאדו עם עצם טרי,קילוגרמים,0.00,"ק""ג",true,0,59.70,59.70,true,1,
7290000928432,true,צוואר עצם טרי(עצמי)משקל,שונות,IL,צוואר עם עצם טרי,קילוגרמים,0.00,"ק""ג",true,0,59.70,59.70,true,1,
7290000928449,true,חזה ב.עצם טרי )עצמי( מחי,שונות,IL,חזה בלי עצם טרי,קילוגרמים,0.00,"ק""ג",true,0,68.20,68.20,true,1,
7290000928456,true,אסאדו בלי עצם טרי )עצמי(,שונות,IL,אסאדו בלי עצם טר,קילוגרמים,0.00,"ק""ג",true,0,67.70,67.70,true,1,
7290000928463,true,חזה עצם בשר טרי)עצמי( מח,שונות,IL,חזה עם עצם טרי,קילוגרמים,0.00,"ק""ג",true,0,55.40,55.40,true,1,
7290000928470,true,שריר טרי )עצמי( מחיר לפי,שונות,IL,שריר טרי,קילוגרמים,0.00,"ק""ג",true,0,72.50,72.50,true,1,
7290000928487,true,צלעות בלי עצם טרי)עצמי(,שונות,IL,צלעות בלי עצם,קילוגרמים,0.00,"ק""ג",true,0,76.80,76.80,true,1,
7290000928500,true,אוסובוקו טרי )עצמי( מחיר,שונות,IL,אוסובוקו טרי,קילוגרמים,0.00,"ק""ג",true,0,55.40,55.40,true,1,
7290000928517,true,אנטריקוט טרי)עצמי( מחיר,ישראלי,IL,אנטריקוט טרי,קילוגרמים,0.00,"ק""ג",true,0,136.60,136.60,true,1,
7290000928531,true,סינטה טרי )עצמי( מחיר לפ,שונות,IL,סינטה טרי,קילוגרמים,0.00,"ק""ג",true,0,128.10,128.10,true,1,
7290000928548,true,פילה אמיתי טרי(עצמי)משקל,שונות,IL,פילה בקר טרי,קילוגרמים,0.00,"ק""ג",true,0,196.50,196.50,true,1,
7290000928555,true,אוזית טרי קג,שונות,IL,אוזית טרי,קילוגרמים,0.00,"ק""ג",true,0,85.30,85.30,true,1,
7290000928562,true,שיטל טרי )עצמי( מחיר לפי,שונות,IL,שיטל טרי,קילוגרמים,0.00,"ק""ג",true,0,85.30,85.30,true,1,
7290000928609,true,כף טרי )עצמי( מחיר לפי מ,שונות,IL,כף טרי,קילוגרמים,0.00,"ק""ג",true,0,76.80,76.80,true,1,
7290000928630,true,כבד בקר לצלייה במשקל,שונות,IL,כבד בקר לצלייה,קילוגרמים,0.00,"ק""ג",true,0,25.50,25.50,true,1,
7290000928661,true,זנב טרי קג,שונות,IL,זנב טרי,קילוגרמים,0.00,"ק""ג",true,0,59.70,59.70,true,1,
7290000928692,true,עצמות חוליות טרי )עצמי(,שונות,IL,עצמות חוליות ט,קילוגרמים,0.00,"ק""ג",true,0,16.00,16.00,true,1,
7290000928739,true,צלעות טלה טרי )עצמי( מחי,שונות,IL,צלעות טלה טרי,קילוגרמים,0.00,"ק""ג",true,0,162.30,162.30,true,1,
7290000928746,true,כתף טלה טרי )עצמי( מחיר,שונות,IL,כתף טלה טרי,קילוגרמים,0.00,"ק""ג",true,0,102.40,102.40,true,1,
7290000928760,true,שומן כבש טרי(עצמי) משקל,שונות,IL,שומן כבש טרי,קילוגרמים,0.00,"ק""ג",true,0,76.80,76.80,true,1,
7290000928777,true,צוואר כבש טרי (עצמי)משקל,שונות,IL,צוואר כבש טרי,קילוגרמים,0.00,"ק""ג",true,0,64.00,64.00,true,1,
7290000929422,true,שוארמה הודו נ.טרי תפזורת,שונות,IL,שוארמה הודו טרי,קילוגרמים,0.00,"ק""ג",true,0,59.70,59.70,true,1,
7290000929514,true,גרון הודו נ.טרי ת.עצמי ל,שונות,IL,גרון הודו טרי,קילוגרמים,0.00,"ק""ג",true,0,25.50,25.50,true,1,
7290000933740,true,בשר טחון טרי פרמיום קג,פניסקו,AR,בשר טחון פרמיום,קילוגרמים,0.00,"ק""ג",true,1,42.60,42.60,true,1,
7290000937427,true,אננס מיובש טבעי ללא סוכר,,IL,אננס מיובש טבעי,גרמים,0.00,"ק""ג",true,1,76.00,76.00,true,1,
7290000942315,true,כרוב אדום אורגני,,IL,כרוב אדום אורגני,קילוגרמים,0.00,"ק""ג",true,0,11.90,11.90,true,1,
7290000960258,true,תפוז אורגני במשקל,.,IL,תפוז אורגני,קילוגרמים,0.00,"ק""ג",true,0,10.90,10.90,true,1,
7290000960272,true,עגבניה אורגנית,,IL,עגבניה אורגנית,קילוגרמים,0.00,"ק""ג",true,0,9.90,9.90,true,1,
7290000960395,true,"תפו""ע גרנד סמיט אורגני",.,IL,תפוח סמיט אורגנ,קילוגרמים,0.00,"ק""ג",true,0,19.90,19.90,true,1,
7290000960548,true,מלפפון אורגני,,IL,מלפפון אורגני,קילוגרמים,0.00,"ק""ג",true,0,10.90,10.90,true,1,
7290000960616,true,קישוא כהה אורגני,,IL,קישוא כהה אורגני,קילוגרמים,0.00,"ק""ג",true,0,11.90,11.90,true,1,
7290000960760,true,פלפל אדום אורגני,,IL,פלפל אדום אורגני,קילוגרמים,0.00,"ק""ג",true,0,13.90,13.90,true,1,
7290000960906,true,בצל יבש אורגני,,IL,בצל יבש אורגני,קילוגרמים,0.00,"ק""ג",true,0,8.90,8.90,true,1,
7290000961279,true,פלפל צהוב אורגני,,IL,פלפל צהוב אורגני,קילוגרמים,0.00,"ק""ג",true,0,14.90,14.90,true,1,
7290000961446,true,פלפל כתום אורגני,,IL,פלפל כתום אורגני,קילוגרמים,0.00,"ק""ג",true,0,13.90,13.90,true,1,
7290000961491,true,נבטי ברוקולי יחידה,קטיף,IL,נבטי ברוקולי,יחידה,1.00,יחידה,false,0,8.50,8.50,true,1,
7290000961514,true,שומית - יח',,IL,שומית - יח',יחידה,1.00,יחידה,false,0,5.90,5.90,true,1,
7290000961552,true,פלפל כתום,קטיף.,IL,פלפל כתום,קילוגרמים,0.00,"ק""ג",true,0,9.90,9.90,true,1,
7290000961606,true,שורש ג'ינגר במשקל,קטיף.,XX,שורש גינגר,קילוגרמים,0.00,"ק""ג",true,0,29.90,29.90,true,1,
7290000962474,true,חציל בלדי,קטיף.,IL,חציל בלדי,קילוגרמים,0.00,"ק""ג",true,0,7.90,7.90,true,1,
7290000962535,true,רוזמרין יחידה,קטיף.,IL,רוזמרין יחידה,יחידה,1.00,יחידה,false,0,5.90,5.90,true,1,
7290000962559,true,קורנית יחידה,קטיף.,IL,קורנית יחידה,יחידה,1.00,יחידה,false,0,5.90,5.90,true,1,
7290000962573,true,אורגנו יחידה,קטיף.,IL,אורגנו יחידה,יחידה,1.00,יחידה,false,0,5.90,5.90,true,1,
7290000962580,true,מרווה יחידה,קטיף,IL,מרווה יחידה,יחידה,1.00,יחידה,false,0,5.90,5.90,true,1,
7290000963136,true,תפוח עץ מוזהב 65,קטיף.,XX,תפוח עץ מוזהב,קילוגרמים,0.00,"ק""ג",true,0,10.90,10.90,true,1,
7290000963198,true,תפוח עץ פינקריספי יבוא,קטיף.,XX,תפוח עץ פינקרספי,קילוגרמים,0.00,"ק""ג",true,0,15.90,15.90,true,1,
7290000963228,true,תפוח עץ יונתן 65,קטיף.,XX,תפוח יונתן,קילוגרמים,0.00,"ק""ג",true,0,10.90,10.90,true,1,
7290000963297,true,תפוח עץ סטרקינג 65,קטיף.,XX,תפוח סטרקינג,קילוגרמים,0.00,"ק""ג",true,0,10.90,10.90,true,1,
7290000963310,true,תפוח עץ קנזי יבוא,קטיף.,IT,"תפו""ע קנזי",קילוגרמים,0.00,"ק""ג",true,0,14.90,14.90,true,1,
7290000963341,true,אגס אסיאתי,קטיף.,CN,אגס אסיאתי,קילוגרמים,0.00,"ק""ג",true,0,15.90,15.90,true,1,
7290000963372,true,תפוח עץ פינקריספי 70,קטיף.,XX,תפוח עץ פינקריספ,קילוגרמים,0.00,"ק""ג",true,0,15.90,15.90,true,1,
7290000963419,true,תפוח עץ גאלה 65,קטיף.,XX,תפוח עץ גאלה,קילוגרמים,0.00,"ק""ג",true,0,12.90,12.90,true,1,
7290000963518,true,תפוח עץ סמיט 70,קטיף.,XX,תפוח עץ סמיט,קילוגרמים,0.00,"ק""ג",true,0,10.90,10.90,true,1,
7290000963617,true,תפוח עץ ענה 60,קטיף.,IL,"תפו""ע ענה",קילוגרמים,0.00,"ק""ג",true,0,9.90,9.90,true,1,
7290000964096,true,אפרסמון קרמבו,קטיף.,IL,אפרסמון קרמבו,קילוגרמים,0.00,"ק""ג",true,0,13.90,13.90,true,1,
7290000964348,true,תפוז ברשת למיץ,קטיף.,IL,תפוז ברשת למיץ,קילוגרמים,0.00,"ק""ג",true,0,4.90,4.90,true,1,
7290000964362,true,פומלה לבנה,קטיף.,IL,פומלה לבנה,קילוגרמים,0.00,"ק""ג",true,0,6.90,6.90,true,1,
7290000964379,true,אשכולית לבנה,קטיף.,IL,אשכולית לבנה,קילוגרמים,0.00,"ק""ג",true,0,5.90,5.90,true,1,
7290000964393,true,אשכולית אדומה,קטיף.,IL,אשכולית אדומה,קילוגרמים,0.00,"ק""ג",true,0,5.90,5.90,true,1,
7290000964423,true,פומלה אדומה,קטיף.,IL,פומלה אדומה,קילוגרמים,0.00,"ק""ג",true,0,6.90,6.90,true,1,
7290000964461,true,פומלית,קטיף.,IL,פומלית,קילוגרמים,0.00,"ק""ג",true,0,5.90,5.90,true,1,
7290000964492,true,לימון תפזורת,קטיף.,IL,לימון,קילוגרמים,0.00,"ק""ג",true,0,6.90,6.90,true,1,
7290000964508,true,תפוז גדול,קטיף.,IL,תפוזים מובחרים,קילוגרמים,0.00,"ק""ג",true,0,5.90,5.90,true,1,
7290000964560,true,קלמנטינה,קטיף.,IL,קלמנטינה,קילוגרמים,0.00,"ק""ג",true,0,5.90,5.90,true,1,
7290000964775,true,בננות,קטיף.,IL,בננה,קילוגרמים,0.00,"ק""ג",true,0,6.90,6.90,true,1,
7290000964829,true,אגס ספדונה 55,קטיף.,IL,אגס ספדונה,קילוגרמים,0.00,"ק""ג",true,0,12.90,12.90,true,1,
7290000964966,true,אבוקדו ארוז ברשת,קטיף.,IL,אבוקדו ארוז ברשת,קילוגרמים,0.00,"ק""ג",true,0,8.90,8.90,true,1,
7290000964980,true,אבוקדו,קטיף.,IL,אבוקדו,קילוגרמים,0.00,"ק""ג",true,0,10.90,10.90,true,1,
7290000965062,true,מלון ספרדי,קטיף.,IL,מלון ספרדי,קילוגרמים,0.00,"ק""ג",true,0,6.90,6.90,true,1,
7290000965154,true,פיטאיה,קטיף.,IL,פיטאיה,קילוגרמים,0.00,"ק""ג",true,0,39.90,39.90,true,1,
7290000965482,true,אגס אורגני,,IT,אגס אורגני,קילוגרמים,0.00,"ק""ג",true,0,21.90,21.90,true,1,
7290000965598,true,בטטה אורגני,,IL,בטטה אורגני,קילוגרמים,0.00,"ק""ג",true,0,12.90,12.90,true,1,
7290000965765,true,"תפו""ע זהוב אורגנ",,IT,תפוחזהוב אורגנ,קילוגרמים,0.00,"ק""ג",true,0,19.90,19.90,true,1,
7290000965772,true,בננה אורגנית,,IL,בננה אורגנית,קילוגרמים,0.00,"ק""ג",true,0,11.90,11.90,true,1,
7290000965826,true,לימון אורגני,,IL,לימון אורגני,קילוגרמים,0.00,"ק""ג",true,0,10.90,10.90,true,1,
7290000965956,true,רימון אורגני,,IL,רימון אורגני,קילוגרמים,0.00,"ק""ג",true,0,11.90,11.90,true,1,
7290000966038,true,ענבים ירוקים מובחר,קטיף.,IL,ענבים ירוקים,קילוגרמים,0.00,"ק""ג",true,0,25.90,25.90,true,1,
7290000966175,true,ענב מיקס ללא חרצנים ארוז,קטיף.,IL,ענב מיקס ארוז,קילוגרמים,0.00,"ק""ג",true,1,16.90,16.90,true,1,
7290000966328,true,אפרסמון סיני65,קטיף.,IL,אפרסמון סיני,קילוגרמים,0.00,"ק""ג",true,0,13.90,13.90,true,1,
7290000966540,true,תאנים טריות,קטיף.,IL,תאנים טריות,קילוגרמים,0.00,"ק""ג",true,0,29.90,29.90,true,1,
7290000966564,true,רימון,קטיף.,IL,רימון,קילוגרמים,0.00,"ק""ג",true,0,7.90,7.90,true,1,
7290000966618,true,גויאבות,קטיף.,IL,גויאבות,קילוגרמים,0.00,"ק""ג",true,0,19.90,19.90,true,1,
7290000966656,true,קיווי מובחר שקיל,קטיף.,IL,קיווי,קילוגרמים,0.00,"ק""ג",true,0,12.90,12.90,true,1,
7290000966670,true,אנונה,קטיף.,IL,אנונה,קילוגרמים,0.00,"ק""ג",true,0,19.90,19.90,true,1,
7290000967509,true,תפוח אדמה אורגני,,IL,תפוח אדמה אורגני,קילוגרמים,0.00,"ק""ג",true,0,5.90,5.90,true,1,
7290000967684,true,בננה מובחרת,קטיף.,IL,בננה מובחרת,קילוגרמים,0.00,"ק""ג",true,0,6.90,6.90,true,1,
7290000969367,true,עגבנית שרי עגולה אורגנית,,IL,עגבנ.שרי אורגני,קילוגרמים,0.00,"ק""ג",true,0,25.90,25.90,true,1,
7290000971032,true,פומלית אורגנית,,IL,פומלית אורגנית,קילוגרמים,0.00,"ק""ג",true,0,7.90,7.90,true,1,
7290000976433,true,קאשיו ענק קלוי תפזורת,דין שיווק,IL,קשיו ענק קלוי,גרמים,0.00,"ק""ג",true,0,81.00,81.00,true,1,
7290000976457,true,גרעיני אבטיח קלויים תנור,דין שיווק,IL,גרעין אבטיח קלוי,גרמים,0.00,"ק""ג",true,0,49.00,49.00,true,1,
7290000976471,true,'גרעיני דלעת קלופים תפז,דין שיווק,IL,גרעיני דלעת,גרמים,0.00,"ק""ג",true,0,41.80,41.80,true,1,
7290000976501,true,צימוק חום תפזורת,דין שיווק,IL,צימוק חום,גרמים,0.00,"ק""ג",true,0,25.00,25.00,true,1,
7290000976532,true,אפונה קלויה תפזורת,דין שיווק,IL,אפונה קלויה,גרמים,0.00,"ק""ג",true,0,42.00,42.00,true,1,
7290000976556,true,צנובר במשקל תפזורת,דין שיווק,IL,צנובר,גרמים,0.00,"ק""ג",true,0,169.00,169.00,true,1,
7290000976594,true,פול מצרי-אפונה תפזורת,דין שיווק,IL,פול מצרי קלוי,גרמים,0.00,"ק""ג",true,0,46.00,46.00,true,1,
7290000976600,true,משמש מיובש תפזורת,דין שיווק,TR,משמש מיובש,גרמים,0.00,"ק""ג",true,0,46.00,46.00,true,1,
7290000976662,true,פקאן טבעי במשקל תפז',,IL,פקאן טבעי במשק,גרמים,0.00,"ק""ג",true,0,101.00,101.00,true,1,
7290000976679,true,חציל אורגני,,IL,חציל אורגני,קילוגרמים,0.00,"ק""ג",true,0,12.90,12.90,true,1,
7290000976716,true,תירס תפזורת,דין שיווק,IL,תירס,גרמים,0.00,"ק""ג",true,0,42.00,42.00,true,1,
7290000976747,true,בונדוק קלוי תפזורת,דין שיווק,IL,בונדוק קלוי,גרמים,0.00,"ק""ג",true,0,110.00,110.00,true,1,
7290000976754,true,מנצ'ס תפזורת,דין שיווק,IL,מנצ'ס,גרמים,0.00,"ק""ג",true,0,40.10,40.10,true,1,
7290000976761,true,אגוזים קלופים תפזורת,דין שיווק,IL,אגוז קלוף,גרמים,0.00,"ק""ג",true,0,50.40,50.40,true,1,
7290000976785,true,קשיו מסוכר,דין שיווק,IL,קשיו מסוכר,גרמים,0.00,"ק""ג",true,0,72.00,72.00,true,1,
7290000976808,true,בוטן בקליפה קלוי,דין שיווק,IL,בוטן בקליפה,גרמים,0.00,"ק""ג",true,0,19.00,19.00,true,1,
7290000976846,true,פיסטוק חלבי קלוף תפזורת,דין שיווק,IL,פיסטוק חלבי קלוף,גרמים,0.00,"ק""ג",true,0,128.00,128.00,true,1,
7290000976860,true,שקד מולבן חצאים תפזורת,דין שיווק,IL,שקד מולבן חצאים,גרמים,0.00,"ק""ג",true,0,101.00,101.00,true,1,
7290000976884,true,פקאן סיני תפזורת,דין שיווק,IL,פקאן סיני,גרמים,0.00,"ק""ג",true,0,100.00,100.00,true,1,
7290000977010,true,קבוקים תפזורת,דין שיווק,IL,קבוקים,גרמים,0.00,"ק""ג",true,0,22.20,22.20,true,1,
7290000977027,true,פיסטוק ענק קלוי תפזורת,דין שיווק,IL,פיסטוק ענק קלוי,גרמים,0.00,"ק""ג",true,0,82.00,82.00,true,1,
7290000977065,true,חומוס קלוי,דין שיווק,IL,חומוס קלוי,גרמים,0.00,"ק""ג",true,0,33.00,33.00,true,1,
7290000977089,true,אגוז קאשיו טבעי תפזורת,דין שיווק,IL,אגוז קשיו טבעי,גרמים,0.00,"ק""ג",true,0,76.00,76.00,true,1,
7290000977102,true,תערובת פיצוחים תפזורת,דין שיווק,IL,תערובת פיצוחים,גרמים,0.00,"ק""ג",true,0,72.60,72.60,true,1,
7290000977140,true,מקדמיה טבעית תפזורת,דין שיווק,IL,מקדמיה טבעית,גרמים,0.00,"ק""ג",true,0,127.00,127.00,true,1,
7290000977324,true,בוטן מסוכר,דין שיווק,IL,בוטן מסוכר,גרמים,0.00,"ק""ג",true,0,38.00,38.00,true,1,
7290000977355,true,בוטן אמריקאי תפזורת,דין שיווק,IL,בוטן אמריקאי,גרמים,0.00,"ק""ג",true,0,21.00,21.00,true,1,
7290000977454,true,גרעין שחור קלוי במלח תפז,דין שיווק,IL,ג.שחור כורדי,גרמים,0.00,"ק""ג",true,0,24.00,24.00,true,1,
7290000977478,true,בוטנים קלויים תפזורת,דין שיווק,IL,בוטנים קלויים,גרמים,0.00,"ק""ג",true,0,31.00,31.00,true,1,
7290000977485,true,גרעין לבן קלוי תפזורת,דין שיווק,IL,גרעין לבן קלוי,גרמים,0.00,"ק""ג",true,0,38.00,38.00,true,1,
7290000977492,true,בונדוק טבעי,דין שיווק,IL,בונדוק טבעי,גרמים,0.00,"ק""ג",true,0,93.00,93.00,true,1,
7290000977645,true,חטיף יפני תפזורת,דין שיווק,IL,חטיף יפני,גרמים,0.00,"ק""ג",true,0,55.00,55.00,true,1,
7290000977669,true,דלעת אורגנית,,IL,דלעת אורגנית,קילוגרמים,0.00,"ק""ג",true,0,13.90,13.90,true,1,
7290000977676,true,שקדים קלויים תפזורת,דין שיווק,IL,שקדים קלויים,גרמים,0.00,"ק""ג",true,0,83.00,83.00,true,1,
7290000977683,true,פקאן קלוף קלוי תפזורת,דין שיווק,IL,פקאן קלוף קלוי,גרמים,0.00,"ק""ג",true,0,106.00,106.00,true,1,
7290000977690,true,שקד בקליפה קלוי,,IL,שקד בקליפה קלוי,גרמים,0.00,"ק""ג",true,0,50.00,50.00,true,1,
7290000977744,true,מקלוני חומוס תפזורת,דין שיווק,IL,מקלוני חומוס,גרמים,0.00,"ק""ג",true,0,42.00,42.00,true,1,
7290000977751,true,צימוק לבן גדול תפזורת,דין שיווק,IL,צימוק לבן גדול,גרמים,0.00,"ק""ג",true,0,37.00,37.00,true,1,
7290000977782,true,'תאנים יבשות גדולות תפז,דין שיווק,TR,תאנים יבשות,גרמים,0.00,"ק""ג",true,0,41.00,41.00,true,1,
7290000977799,true,שזיפים ללא גלעין תפזורת,דין שיווק,US,שזיף מיובש,גרמים,0.00,"ק""ג",true,0,38.00,38.00,true,1,
7290000977850,true,צימוק לבן קטן תפזורת,דין שיווק,IL,צימוק לבן קטן,גרמים,0.00,"ק""ג",true,0,31.00,31.00,true,1,
7290000977980,true,אננס פלחים מסוכר תפזורת,דין שיווק,TH,אננס פלחים,גרמים,0.00,"ק""ג",true,0,21.00,21.00,true,1,
7290000978017,true,שזיפים אמריקאים ענק תפז,דין שיווק,US,שזיפים אמריקאי,גרמים,0.00,"ק""ג",true,0,38.00,38.00,true,1,
7290000978024,true,בננה צ'יפס תפזורת,דין שיווק,IL,בננה צ'יפס,גרמים,0.00,"ק""ג",true,0,29.00,29.00,true,1,
7290000978383,true,תמר מהגול ענק תפזורת,דין שיווק,IL,תמר מהגול ענק,גרמים,0.00,"ק""ג",true,0,50.00,50.00,true,1,
7290000978413,true,פאפיה רצועות תפזורת,דין שיווק,TH,פאפיה רצועות,גרמים,0.00,"ק""ג",true,0,24.70,24.70,true,1,
7290000978888,true,גרגירי גוג'י ברי במשקל,,IL,גרגירי גוג'י ברי,קילוגרמים,0.00,"ק""ג",true,0,50.00,50.00,true,1,
7290000978895,true,פ.טרופיים/ חמוציות שלמות,דין שיווק,IL,פ.טרופיים/חמוציו,גרמים,0.00,"ק""ג",true,0,59.00,59.00,true,1,
7290000982939,true,כרישה )לוף( יחידה,קטיף.,IL,כרישה )לוף(,יחידה,1.00,יחידה,false,0,8.90,8.90,true,1,
7290000986678,true,קישוא בהיר אורגנ,,IL,קישוא בהיר אורגנ,קילוגרמים,0.00,"ק""ג",true,0,15.90,15.90,true,1,
7290000989709,true,אגוז ברזיל קלוי,דין שיווק,IL,אגוז ברזיל קלוי,גרמים,0.00,"ק""ג",true,0,84.00,84.00,true,1,
7290000989761,true,שקד טחון מולבן,דין שיווק,IL,'שקד טחון,קילוגרמים,0.00,"ק""ג",true,0,76.00,76.00,true,1,
7290000989778,true,חמוציות מיובשות מסוכרות,דין שיווק,IL,חמוציות תפזורת,גרמים,0.00,"ק""ג",true,0,29.90,29.90,true,1,
7290000992013,true,פלפל רומירו אורג,,IL,פלפל רומירו אורג,קילוגרמים,0.00,"ק""ג",true,0,14.90,14.90,true,1,
7290000992563,true,דלעת ערמונים,קטיף.,IL,דלעת ערמונים,קילוגרמים,0.00,"ק""ג",true,0,12.90,12.90,true,1,
7290000992839,true,מלון גולדן סוויט-צהוב,קטיף.,IL,מלון גולדן סוויט,קילוגרמים,0.00,"ק""ג",true,0,6.90,6.90,true,1,
7290000993171,true,אנונה אורגנית,,IL,אנונה אורגנית,קילוגרמים,0.00,"ק""ג",true,0,45.90,45.90,true,1,
7290000993461,true,עגבניה שרי צהוב יחידה,קטיף.,IL,עגבניה שרי צהובה,גרמים,460.00,100 גרם,false,0,9.90,2.15,true,1,
7290000993560,true,עגבניות שרי שוקו יחידה,קטיף.,IL,שרי שוקו,גרמים,480.00,100 גרם,false,0,9.90,2.06,true,1,
7290000994147,true,שומר אורגני,,IL,שומר אורגני,קילוגרמים,0.00,"ק""ג",true,0,12.90,12.90,true,1,
7290000994215,true,קולורבי אורגני במשקל,.,IL,קולורבי אורגני,קילוגרמים,0.00,"ק""ג",true,0,9.90,9.90,true,1,
7290000994604,true,דלעת ערמונים אורגני משקל,,IL,דלעת ערמונים,קילוגרמים,0.00,"ק""ג",true,0,19.90,19.90,true,1,
7290000994741,true,אפרסמון אורגני,,IL,אפרסמון אורגני,קילוגרמים,0.00,"ק""ג",true,0,34.90,34.90,true,1,
7290000995021,true,"תפו""ע גאלה אורגנ",,IT,תפוח גאלה אורגנ,קילוגרמים,0.00,"ק""ג",true,0,16.90,16.90,true,1,
7290000995175,true,בזיליקום אדום יחידה,קטיף,IL,בזיליקום אדום,יחידה,1.00,יחידה,false,0,5.90,5.90,true,1,
7290000995441,true,קייל - יחידה,קטיף.,IL,קייל,גרמים,250.00,100 גרם,false,0,12.90,5.16,true,1,
7290001006344,false,חזה הודו ברביקיו שופרסל,עוף טוב,IL,חזה הודו ברביקיו,קילוגרמים,0.00,"ק""ג",true,1,64.00,64.00,true,1,
7290001006368,false,פסטרמה איטלקית שופרסל קג,עוף טוב,IL,פסטרמה איטלקית,קילוגרמים,0.00,"ק""ג",true,1,64.00,64.00,true,1,
7290001006375,false,פסטרמה מקסיקני שופרסל קג,עוף טוב,IL,פסטרמה מקסיקני,קילוגרמים,0.00,"ק""ג",true,1,64.00,64.00,true,1,
7290001041284,false,לקקן סוכריה תות על מקל 20 יח',מיה תעשיות מזון מ.ת.מ. בעמ,IL,לקקנים בטעם תות,גרמים,160.00,100 גרם,false,0,6.70,4.19,true,1,
7290001045169,false,מיץ תפוחי עץ צלול פרימור 1 ליטר,שטראוס גרופ בעמ/מצונן,IL,מיץ תפוחים צלול,ליטרים,1.00,ליטר,false,0,13.50,13.50,true,1,
7290001045688,false,"מיץ תפוזים סחוט פרימור 400 מ""ל",שטראוס גרופ בעמ/מצונן,IL,מיץ תפוזים סחוט,מיליליטרים,400.00,"100 מ""ל",false,1,8.80,2.20,true,1,
7290001121023,false,פסטרמה של פעם יחיעם,מעדני יחיעם,IL,פסטרמה של פעם,קילוגרמים,0.00,"ק""ג",true,0,65.00,65.00,true,1,
7290001121054,false,צמד חמד פסטרמה וסלמי יחיעם 700 גרם,מעדני יחיעם ( 1993 ) בע`מ,IL,צמד חמד,גרמים,700.00,100 גרם,false,0,21.20,3.03,true,1,
7290001121092,false,פסטרמה עוף בגריל במשקל,מעדני יחיעם,IL,פסטרמה עוף בגריל,קילוגרמים,0.00,"ק""ג",true,0,68.00,68.00,true,1,
7290001121238,false,קורנדביף 4% שומן יחיעם (180 גרם).,מעדני יחיעם ( 1993 ) בע`מ,IL,קורנביף,גרמים,180.00,100 גרם,false,0,21.20,11.78,true,1,
7290001121849,false,פסטרמה ברביקיו יחיעם 250 גרם ר.טבעיים,מעדני יחיעם ( 1993 ) בע`מ,IL,פסטרמה טבעית,גרמים,250.00,100 גרם,false,0,22.10,8.84,true,1,
7290001123041,false,צלי כתף 5 חלק קפוא קג,שונות,XX,צלי כתף 5 חלק,קילוגרמים,0.00,"ק""ג",true,0,59.70,59.70,true,1,
7290001123782,false,שווארמה אמיתית הודו טיבון ויל (500 גרם),נטו מלינדה סחר בע`מ,IL,שווארמה הודו,גרמים,500.00,100 גרם,false,0,22.10,4.42,true,1,
7290001124611,false,שומן כבש טיבון ויל 200 גרם,טיבון ויל אחזקות בעמ,IL,שומן כבש 200גרם,גרמים,200.00,100 גרם,false,0,17.00,8.50,true,1,
7290001125816,false,"פורל שלם טרי ק""ג",נטו,IL,פורל שלם טרי,קילוגרמים,0.00,"ק""ג",true,0,55.40,55.40,true,1,
7290001125892,false,בורי שלם טרי,נטו,IL,בורי שלם טרי,קילוגרמים,0.00,"ק""ג",true,0,34.10,34.10,true,1,
7290001125953,false,"אמנון שלם טרי ק""ג",נטו,IL,אמנון שלם טרי,קילוגרמים,0.00,"ק""ג",true,0,25.50,25.50,true,1,
7290001127162,false,פילה אמנון טרי קג,נטו,IL,פילה אמנון טרי,קילוגרמים,0.00,"ק""ג",true,0,68.20,68.20,true,1,
7290001127254,false,"דניס שלם טרי ק""ג",נטו,IL,דניס שלם טרי,קילוגרמים,0.00,"ק""ג",true,0,59.70,59.70,true,1,
7290001127292,false,"פילה דניס טרי לק""ג",נטו,IL,פילה דניס טרי,קילוגרמים,0.00,"ק""ג",true,1,102.40,102.40,true,1,
7290001127841,false,פילה פורל לבן טרי,נטו,IL,פילה פורל לבן טר,קילוגרמים,0.00,"ק""ג",true,0,76.80,76.80,true,1,
7290001127995,false,פילה סלמון שלם טרי נורוו,נטו,NO,פילה סלמון טרי,קילוגרמים,0.00,"ק""ג",true,0,85.30,85.30,true,1,
7290001129524,false,דג לברק טרי בינוני,נטו,IL,לברק שלם טרי,קילוגרמים,0.00,"ק""ג",true,0,59.70,59.70,true,1,
7290001134153,false,גרונות הודו קפוא כשר,יסכה,IL,גרון הודו קפוא,קילוגרמים,0.00,"ק""ג",true,1,21.20,21.20,true,1,
7290001136287,false,"שמפו לשיער רגיל בבושם פרחים נקה 7 750 מ""ל",החברה הדרומית לשיווק בעמ,IL,שמפו נקה 7,מיליליטרים,750.00,"100 מ""ל",false,0,9.30,1.24,true,1,
7290001136294,false,"שמפו לשיער יבש בבישום פרחים נקה 7 750 מ""ל",החברה הדרומית לשיווק בעמ,IL,שמפו נקה 7,מיליליטרים,750.00,"100 מ""ל",false,0,9.30,1.24,true,1,
7290001136683,false,"מרכך לשיער רגיל בבושם פרחים נקה 7 750 מ""ל",החברה הדרומית לשיווק בעמ,IL,קונדישינר נקה 7,מיליליטרים,750.00,"100 מ""ל",false,0,9.30,1.24,true,1,
7290001136973,false,נקה 7 תחליב רחצה ארומה קמומיל לבן 1 ל',החברה הדרומית לשיווק בעמ,IL,תחליב רחצה נקה 7,ליטרים,1.00,ליטר,false,0,11.00,11.00,true,1,
7290001158500,false,כנפי עוף טרי תפזורת עצמי,שונות,IL,כנפיים עוף טרי,קילוגרמים,0.00,"ק""ג",true,0,10.10,10.10,true,1,
7290001158517,false,כרעי עוף טרי תפזורת עצמי,שופרסל,IL,כרעיים עוף טרי,קילוגרמים,0.00,"ק""ג",true,0,23.80,23.80,true,1,
7290001158524,false,שניצל עוף פרוס)עצמי(לקג,שונות,IL,שניצל עוף טרי,קילוגרמים,0.00,"ק""ג",true,0,29.80,29.80,true,1,
7290001158531,false,שוקי עוף טרי תפזורת עצמי,שונות,IL,שוקיים עוף טרי,קילוגרמים,0.00,"ק""ג",true,0,28.10,28.10,true,1,
7290001158548,false,ירכי עוף טרי תפזורת עצמי,שונות,IL,ירכיים עוף טרי,קילוגרמים,0.00,"ק""ג",true,0,23.80,23.80,true,1,
7290001158579,false,עוף טחון )עצמי( מחיר לפי,שונות,IL,עוף טחון,קילוגרמים,0.00,"ק""ג",true,0,27.20,27.20,true,1,
7290001158722,false,חזה עוף טרי תפזורת עצמי,שונות,IL,חזה עוף טרי,קילוגרמים,0.00,"ק""ג",true,0,27.20,27.20,true,1,
7290001164419,false,גאלה תערובת אגוזים וגרעינים לסלט 600 גר,אפקט טבעי,IL,ג'עלה,גרמים,550.00,100 גרם,false,0,26.90,4.89,true,1,
7290001193549,false,ערכת חנוכה שלהבת מוצק{ללא חזרות},מעגל הזמן,IL,ערכת נרות חנוכה,יחידה,1.00,יחידה,false,0,36.60,36.60,true,1,
7290001209516,false,סטייק עין קפוא עטרה 800 גרם,נטו מלינדה סחר - עטרה,IL,סטייק עין,גרמים,800.00,100 גרם,false,0,51.20,6.40,true,1,
7290001216040,false,טחינה גולמית שומשום טהור אל ארז 500 גרם,אגס ירוק מסחר ושירותים,IL,טחינה גולמית,גרמים,500.00,100 גרם,false,0,13.80,2.76,true,1,
7290001216057,false,"טחינה שומשום טהור אל ארז 1 ק""ג",אגס ירוק מסחר ושירותים,IL,טחינה גולמית,קילוגרמים,1.00,"ק""ג",false,0,27.60,27.60,true,1,
7290001216231,false,טחינה גולמית שומשום מלא אל ארז 500 גרם,אגס ירוק מסחר ושירותים,IL,טחינה מלאה,גרמים,500.00,100 גרם,false,0,14.70,2.94,true,1,
7290001216545,false,טחינה פרו 25 250 גרם,אגס ירוק מסחר ושירותים,IL,טחינה פרו 25,גרמים,250.00,100 גרם,false,1,12.70,5.08,true,1,
7290001230234,false,סיגריות כאמל סופט חפ,גיי טי אינטרנשיונל,CH,כאמל צהוב סופט,יחידה,1.00,יחידה,false,0,33.00,33.00,false,1,
7290001230331,false,סיגריות כאמל בוקס חפ,Unknown,CH,כאמל צהוב קצר,יחידה,1.00,יחידה,false,0,33.00,33.00,false,1,
7290001231932,false,ווינסטון כחול בוקס חפיסה,Unknown,CH,וינסטון כחול קצר,יחידה,1.00,יחידה,false,0,33.50,33.50,false,1,
7290001235938,false,וינסטון כחול ארוך חפיסה,Unknown,CH,וינסטון כחול ארו,יחידה,1.00,יחידה,false,0,33.50,33.50,false,1,
7290001246955,false,אקופרנד לשטיפה וניקוי פירות וירקות 1 ליט,סאסאטק,IL,מנקה פירות וירקו,מיליליטרים,750.00,"100 מ""ל",false,1,15.40,2.05,true,1,
7290001246962,false,אקופרינד-נוזל כלים תפוז 1 ליטר,פ.פ.ח. שאביט,IL,נוזל כלים תפוז,ליטרים,1.00,ליטר,false,1,12.20,12.20,true,1,
7290001246979,false,אקופרינד-נוזל כלים 1 ליטר לימון,סאסאטק,IL,נוזל כלים לימון,ליטרים,1.00,ליטר,false,1,12.20,12.20,true,1,
7290001247068,false,קרטונית נקטר ספרינג תות בננה 1 ליטר,יפאורה שותפות מוגבלת לשיווק,IL,נקטר תות בננה,ליטרים,1.00,ליטר,false,0,5.90,5.90,true,1,
7290001247082,false,מיץ עגבניות רכיבים טבעיים ספרינג 1 ליטר,יפאורה שותפות מוגבלת לשיווק,IL,נקטר עגבניות,ליטרים,1.00,ליטר,false,0,5.60,5.60,true,1,
7290001247099,false,קרטונית נקטר ספרינג מנגו 1 ליטר,יפאורה שותפות מוגבלת לשיווק,IL,נקטר ספרינג מנגו,ליטרים,1.00,ליטר,false,0,5.90,5.90,true,1,
7290001247105,false,קרטונית נקטר ספרינג אפרסק 1 ליטר,יפאורה שותפות מוגבלת לשיווק,IL,נקטר אפרסק,ליטרים,1.00,ליטר,false,0,5.90,5.90,true,1,
7290001247112,false,קרטונית נקטר ספרינג לימונענע 1 ליטר,יפאורה שותפות מוגבלת לשיווק,IL,משקה לימונענע,ליטרים,1.00,ליטר,false,0,5.90,5.90,true,1,
7290001247129,false,נקטר ספרינג תפוזים קרטונית 1 ל',יפאורה שותפות מוגבלת לשיווק,IL,נקטר ספרינג תפוז,ליטרים,1.00,ליטר,false,0,5.90,5.90,true,1,
7290001247143,false,קרטונית נקטר ספרינג תפוחים 1 ליטר,יפאורה שותפות מוגבלת לשיווק,IL,נקטר ספרינג תפוח,ליטרים,1.00,ליטר,false,0,5.90,5.90,true,1,
7290001258415,false,רוקפור באריזת ווקום יעקובס 180 גרם,גבינות משק יעקבס,IL,גבינת רוקפור,גרמים,180.00,100 גרם,false,0,24.70,13.72,true,1,
7290001258446,false,"יעקבס יוגורט כבשים 5% 850 מ""ל",גבינות משק יעקבס,IL,יוגורט כבשים5%,גרמים,850.00,100 גרם,false,0,18.70,2.20,true,1,
7290001258552,false,גבינה לאבנה בקר 250 גרם,בטר אנד דיפרנט,IL,לאבנה 5%,גרמים,250.00,100 גרם,false,1,9.30,3.72,true,1,
7290001258682,false,"יוגורט עיזים באריזה 500 מ""ל",גבינות משק יעקבס,IL,יוגורט עיזים,מיליליטרים,500.00,"100 מ""ל",false,0,13.20,2.64,true,1,
7290001258729,false,לאבנה עיזים יעקובס 250 גרם,גבינות משק יעקבס,IL,לאבנה עיזים,גרמים,250.00,100 גרם,false,0,13.50,5.40,true,1,
7290001258804,false,קשקבל גבינה חצי קשה יעקבס 180 גרם,גבינות משק יעקבס,IL,גבינה קשקבל,גרמים,180.00,100 גרם,false,0,21.70,12.06,true,1,
7290001258958,false,מוצרלה מגורדת יעקבס 200 גרם,גבינות משק יעקבס,IL,מוצרלה מגורדת,גרמים,200.00,100 גרם,false,0,22.60,11.30,true,1,
7290001258989,false,קממבר בקר בייבי במשקל,גבינות משק יעקבס,IL,קממבר בקר בייבי,קילוגרמים,0.00,"ק""ג",true,1,74.30,74.30,true,1,
7290001265642,false,"מזון חתולים מעדני פטה 1.2 ק""ג מארז 3 יחידות",דיפלומט מפיצים (1968) בעמ**,FR,מעדני לה קט 3 יח,קילוגרמים,1.20,"ק""ג",false,0,17.00,14.17,true,1,
7290001274934,false,"שמיניית גלידל פרי לימון ""פלדמן""",הגלידות של פלדמן,IL,גלידל פרי לימון,גרמים,640.00,100 גרם,false,0,20.40,3.19,true,1,
7290001274941,false,"שמיניית גלידל פרי פטל ""פלדמן""",הגלידות של פלדמן,IL,גלידל פרי פטל,גרמים,640.00,100 גרם,false,0,20.40,3.19,true,1,
7290001305058,false,"פלמוליב - נטורלס תחליב רחצה חלב ודבש 500 מ""ל",הנסיך- מפעל לייצור ט,TR,סב.נוזלי פלמוליב,מיליליטרים,500.00,"100 מ""ל",false,0,13.50,2.70,true,1,
7290001305188,false,"נוזל לניקוי כלים בריח לימון פלמוליב 750 מ""ל",יבואן ומשווק: ש. שסט,GR,פלמוליב לכלים,מיליליטרים,750.00,"100 מ""ל",false,0,10.10,1.35,true,1,
7290001312995,false,בגט 280 גרם,גידרון,IL,באגט,יחידה,1.00,יחידה,false,0,4.10,4.10,true,1,
7290001407547,false,טחינה גולמית משומשום מלא פי 6 בארכה 500ג',קבוצת אוסם סחר שותפות מוגבלת,IL,טחינה שומשום מלא,גרמים,500.00,100 גרם,false,1,11.00,2.20,true,1,
7290001407769,false,טחינה גולמית שומשום מלא בארכה 500 גרם,קבוצת אוסם סחר שותפות מוגבלת,IL,טחינה שומשום,גרמים,500.00,100 גרם,false,0,11.80,2.36,true,1,
7290001407844,false,חלבה קלאסית בטעם וניל בארכה 350 גרם,קבוצת אוסם סחר שותפות מוגבלת,IL,חלבה וניל,גרמים,350.00,100 גרם,false,0,12.70,3.63,true,1,
7290001407936,false,בארכה-טחינה גולמית מעודנת בקבוק לחיץ 310 ג',קבוצת אוסם סחר שותפות מוגבלת,IL,טחינה מעודנת,גרמים,310.00,100 גרם,false,1,11.00,3.55,true,1,
7290001427019,false,קשת מיץ תפוזים טבעי 500 מל,קשת מיצים טבעיים,IL,מיץ תפוזים קשת,מיליליטרים,500.00,"100 מ""ל",false,1,12.50,2.50,true,1,
7290001427064,false,"פריגת מיץ פסיפלורה ותפוחים 500 מ""ל",קשת מיצים טבעיים,IL,מיץ תפוח פסיפלור,מיליליטרים,500.00,"100 מ""ל",false,0,15.00,3.00,true,1,
7290001427118,false,"משקה תפוח 500 מ""ל פריניב זכוכית",קשת מיצים טבעיים,IL,מיץ תפוחים,מיליליטרים,500.00,"100 מ""ל",false,1,11.60,2.32,true,1,
7290001427132,false,"משקה רימון 500 מ""ל פריניב זכוכית",קשת מיצים טבעיים,IL,מיץ רימונים טבעי,מיליליטרים,500.00,"100 מ""ל",false,0,17.50,3.50,true,1,
7290001427392,false,"משקה רימון 250 מ""ל פריניב זכוכית",קשת מיצים טבעיים,IL,מיץ רימונים,מיליליטרים,250.00,"100 מ""ל",false,1,9.30,3.72,true,1,
7290001427415,false,"משקה תפוח 250 מ""ל פריניב זכוכית",קשת מיצים טבעיים,IL,מיץ תפוח טבעי,מיליליטרים,250.00,"100 מ""ל",false,1,9.30,3.72,true,1,
7290001476208,false,גבינת ברי פקאן במשקל,מחלבות גד,IL,ברי פקאן משולש,קילוגרמים,0.00,"ק""ג",true,0,112.00,112.00,true,1,
7290001491010,false,תה ירוק יסמין ויסוצקי 25 יחידות,תה ויסוצקי (ישראל) בעמ,IL,תה ירוק יסמין,גרמים,37.00,100 גרם,false,0,21.20,57.30,true,1,
7290001491096,false,תה ירוק בתוספת לימונית ולואיזה 50 שקיקים ויסוצקי,תה ויסוצקי (ישראל) בעמ,IL,תה ירוק לימונית,גרמים,75.00,100 גרם,false,0,34.10,45.47,true,1,
7290001507063,false,פתיבר מקמח מלא אורגני השדה מוצרים אורגנים 200 גרם,השדה מוצרים אורגניים,IL,פתי בר אורגני,גרמים,200.00,100 גרם,false,0,6.50,3.25,true,1,
7290001507070,false,פתיבר חרובים אורגני 200 גר,השדה מוצרים אורגניים,IL,פתי בר אורגני,גרמים,200.00,100 גרם,false,0,6.50,3.25,true,1,
7290001507360,false,חטיף אובלטים אורגניים עם כוסמין 100 גר,השדה מוצרים אורגניים,IL,אובלטים כוסמין,גרמים,100.00,100 גרם,false,0,9.80,9.80,true,1,
7290001509395,false,פילה הודו חצויטרי פרימיו,מילועוף,IL,פילה הודו חצויטר,קילוגרמים,0.00,"ק""ג",true,1,38.30,38.30,true,1,
7290001516263,false,שניצל הודו טרי פרימיום ק,מילועוף,IL,שניצל הודו טרי,קילוגרמים,0.00,"ק""ג",true,1,38.30,38.30,true,1,
7290001567760,false,פסטרמה של פעם יחיעם 300 גרם,מעדני יחיעם ( 1993 ) בע`מ,IL,פסטרמה של פעם,גרמים,300.00,100 גרם,false,1,21.20,7.07,true,1,
7290001567814,false,סלמי מעושן בסגנון איטלקי 300 ג' יחיעם,מעדני יחיעם ( 1993 ) בע`מ,IL,סלמי מעושן איטלק,גרמים,300.00,100 גרם,false,1,21.20,7.07,true,1,
7290001591680,false,קניידלך מקמח מצה שלושת האופים 500 גרם,נטו מילנדה סחר בעמ*,IL,קניידלך מקמח מצה,גרמים,500.00,100 גרם,false,1,15.30,3.06,true,1,
7290001594025,false,קוקה קולה בקבוק זכוכית,החברה המרכזית להפצת משקאות בעמ,IL,קוקה קולה קלאסי,מיליליטרים,350.00,"100 מ""ל",false,0,6.40,1.83,true,1,
7290001594155,false,"קוקה-קולה בבקבוק אישי 500 מ""ל",החברה המרכזית להפצת משקאות בעמ,IL,קוקה קולה,מיליליטרים,500.00,"100 מ""ל",false,0,6.40,1.28,true,1,
7290001594230,false,קינלי סודה בבקבוק זכוכית,החברה המרכזית להפצת משקאות בעמ,IL,משקה סודה,מיליליטרים,250.00,"100 מ""ל",false,0,2.40,0.96,true,1,
7290001594377,false,פריגת תפוזים 0.5 ליטר חייב בפקדון,החברה המרכזית להפצת משקאות בעמ,IL,פריגת תפוזים,מיליליטרים,500.00,"100 מ""ל",false,0,6.00,1.20,true,1,
7290001594384,false,פריגת אשכוליות 0.5 ליטר חייב בפקדון,החברה המרכזית להפצת משקאות בעמ,IL,פריגת אשכוליות,מיליליטרים,500.00,"100 מ""ל",false,0,6.00,1.20,true,1,
7290001594391,false,"פריגת משקה קל ענבים בבקבוק אישי 500 מ""ל",החברה המרכזית להפצת משקאות בעמ,IL,פריגת ענבים,מיליליטרים,500.00,"100 מ""ל",false,0,6.00,1.20,true,1,
7290001594568,false,בירה בפחית קרלסברג (500 מל),החברה המרכזית להפצת משקאות בעמ,RO,בירה קרלסברג פח,מיליליטרים,500.00,"100 מ""ל",false,0,7.80,1.56,true,1,
7290001594575,false,בירה בפחית רד טובורג (500 מל),החברה המרכזית להפצת משקאות בעמ,IL,בירה טובורג פחית,מיליליטרים,500.00,"100 מ""ל",false,0,7.80,1.56,true,1,
7290001594810,false,"בירה שחורה מאלטי בקב' מארז 330X6מ""ל",החברה המרכזית להפצת משקאות בעמ,IL,מאלטי בקבוק 6 יח,ליטרים,1.98,ליטר,false,0,24.10,12.17,true,1,
7290001594858,false,מארז שישייה בירה טובורג רד (330x6 מל),החברה המרכזית להפצת משקאות בעמ,IL,טובורג רד 6 יח,ליטרים,1.98,ליטר,false,0,25.80,13.03,true,1,
7290001594865,false,"שישייה בירה קרלסברג בקבוק 330 מ""ל",החברה המרכזית להפצת משקאות בעמ,IL,בירה קרלסברג 6יח,ליטרים,1.98,ליטר,false,0,34.90,17.63,true,1,
7290001648643,false,מארז קפה טורקי כתר 100X3 גרם,רוני רג'ואן ושות,IL,מארז טורקי כתר,גרמים,300.00,100 גרם,false,0,11.70,3.90,true,1,
7290001670194,false,עוגיות מרוקאיות 400 גרם,הנמל,IL,עוגיות מרוקאיות,גרמים,400.00,100 גרם,false,0,12.70,3.18,true,1,
7290001696231,false,מיני פיתות קמח מלא 10יח',,IL,מארז מיני פיתות,יחידה,1.00,יחידה,false,1,13.50,13.50,true,1,
7290001696385,false,מיני רוגלך שוקולד,גדרון סהרון,IL,מיני רוגלך,קילוגרמים,0.00,"ק""ג",true,1,35.00,35.00,true,1,
7290001696392,false,מיני קרואסון במשקל,גדרון סהרון,IL,מיני קרואסון ריק,קילוגרמים,0.00,"ק""ג",true,1,35.00,35.00,true,1,
7290001710661,false,"חזה עוף קפוא לק""ג",מעדני הטלה והעגל,IL,"חזה עוף קפוא לק""",קילוגרמים,0.00,"ק""ג",true,1,29.80,29.80,true,1,
7290001713167,false,סנט מוריץ - מרסס קצף ניקוי 1 ליטר סניטרי אפור,קומפלקס כימיקלסבעמ ~~~,IL,קצף ניקוי,ליטרים,1.00,ליטר,false,1,10.10,10.10,true,1,
7290001737897,false,קציצות עגל מתובלות 500 ג,מעדני הטלה והעגל,IL,קציצות עגל 500גר,גרמים,500.00,100 גרם,false,1,28.10,5.62,true,1,
7290001780428,false,מאגדת גלידת לייט שוקולד נסטלה 6יח' 312ג',נגה גלידות שותפות מוגבלת,IL,מארז גלידיאט,גרמים,360.00,100 גרם,false,0,25.50,7.08,true,1,
7290001780800,false,שלגון קראנץ שוקולד ליבת נוגט נסטלה 100 גרם,נגה גלידות שותפות מוגבלת,IL,קראנץ נוגט,יחידה,1.00,יחידה,false,0,9.40,9.40,true,1,
7290001791776,false,"סנו-די דוחה יתושים רול און עם אלוורה סנו 50 מ""ל",החב. הדרומית לשיווק,IL,סנו די רול און,מיליליטרים,50.00,"100 מ""ל",false,0,17.00,34.00,true,1,
7290001808214,false,שניצל הודו דקדק ארוז טרי,קורניש,IL,שניצל הודו טרי,קילוגרמים,0.00,"ק""ג",true,1,34.10,34.10,true,1,
7290001817728,false,צ'יטוס אפוי כאפה בטעם קטשופ 55 גרם,"שטראוס פריטו ליי בע""\מ )",IL,צ'יטוס כפאה,גרמים,55.00,100 גרם,false,0,2.90,5.27,true,1,
7290001865439,false,פמילי אל סבון נוזלי בניחוח וניל 1 ליטר,אף.סי תבליני בגליל ב,IL,סבון נוזלי פמלי,ליטרים,1.00,ליטר,false,0,9.30,9.30,true,1,
7290001865453,false,פמילי לקשרי 1 ליטר לבנדר ארומטי+משאבה,מיוצר עי קונדיטוריית,TR,סבון נוזלי פמלי,ליטרים,1.00,ליטר,false,0,9.30,9.30,true,1,
7290001873380,false,צלעות כבש קפוא מוכשר קג,טיבון ויל,IL,צלעות כבש קפוא,קילוגרמים,0.00,"ק""ג",true,1,153.70,153.70,true,1,
7290001873441,false,המבורגר 320 גר` בלאק אנגוס מוכשר ארוז,טיבון ויל אחזקות בעמ,IL,המבורגר בלק אנגו,גרמים,320.00,100 גרם,false,1,21.20,6.63,true,1,
7290001873458,false,סטייק בורגר 320 גר` בלאק אנגוס מוכשר אר,טיבון ויל אחזקות בעמ,IL,סטייקבורגר בלאק,גרמים,320.00,100 גרם,false,1,21.20,6.63,true,1,
7290001873472,false,קבב 320 גר` בלאק אנגוס מוכשר ארוז,טיבון ויל אחזקות בעמ,IL,קבב בלאק אנגוס,גרמים,320.00,100 גרם,false,1,21.20,6.63,true,1,
7290001873489,false,קרפצ`יו 120 גר`בלאק אנגוס מוכשר ארוז,טיבון ויל אחזקות בעמ,IL,קרפצ'יו בלאק אנג,גרמים,120.00,100 גרם,false,1,17.00,14.17,true,1,
7290001875308,false,חזה עוף טרי פרימיום קג,עוף עוז,IL,חזה פרימיום ע.טר,קילוגרמים,0.00,"ק""ג",true,1,34.10,34.10,true,1,
7290001875315,false,שניצל דק טרי פרימיום קג,עוף עוז,IL,שניצל דק פרימיום,קילוגרמים,0.00,"ק""ג",true,1,38.30,38.30,true,1,
7290001875322,false,פילה עוף טרי פרימיום קג,עוף עוז,IL,פילה פרמיום טרי,קילוגרמים,0.00,"ק""ג",true,1,42.60,42.60,true,1,
7290001875339,false,כנפיים עוף טרי פרימיום ק,עוף עוז,IL,כנפיים -פרמיום ט,קילוגרמים,0.00,"ק""ג",true,1,12.70,12.70,true,1,
7290001875346,false,כרעיים עוף טרי פרימיום ק,עוף עוז,IL,כרעיים פרימיום ט,קילוגרמים,0.00,"ק""ג",true,1,29.80,29.80,true,1,
7290001875377,false,פרגיות עוף טרי פרימיום ק,עוף עוז,IL,פרגיות פרימיום,קילוגרמים,0.00,"ק""ג",true,1,59.70,59.70,true,1,
7290001902042,false,לחם עם קימל קפוא 485 גרם,"גידרון תעשיות בע""מ",IL,לחם עם קימל,יחידה,1.00,יחידה,false,0,8.90,8.90,true,1,
7290001902134,false,לחם איטלקי 290 גרם,"גידרון תעשיות בע""מ",IL,לחם איטלקי,יחידה,1.00,יחידה,false,0,5.90,5.90,true,1,
7290001902301,false,חלה מתוקה קלועה 450 גרם,"גידרון תעשיות בע""מ",IL,חלה מתוקה קלוע,יחידה,1.00,יחידה,false,0,11.00,11.00,true,1,
7290001902318,false,חלה מתוקה קלוע+צימוקקפוא,"גידרון תעשיות בע""מ",IL,חלה מתוקה קלוע,יחידה,1.00,יחידה,false,0,11.00,11.00,true,1,
7290001902325,false,חלה קלועה שופרסל,"גידרון תעשיות בע""מ",IL,חלה קלועה שופרסל,יחידה,1.00,יחידה,false,0,11.00,11.00,true,1,
7290001902653,false,לחמניה כפרי עגול+דגנקפוא,גידרון,IL,לח.מתוקה עגולה 8,יחידה,1.00,יחידה,false,0,9.30,9.30,true,1,
7290001902677,false,לחמניה 100% קמח מלא,"גידרון תעשיות בע""מ",IL,לחמניה מקמח מלא,יחידה,1.00,יחידה,false,0,2.70,2.70,true,1,
7290001902776,false,לחמנית עם דגנים קפוא,"גידרון תעשיות בע""מ",IL,לחמנית עם דגנים,יחידה,1.00,יחידה,false,0,4.10,4.10,true,1,
7290001902783,false,לחמנית המבורגר,"גידרון תעשיות בע""מ",IL,לחמנית המבורגר,יחידה,1.00,יחידה,false,0,2.70,2.70,true,1,
7290001946121,false,פפריקה מרוקאית מתוקה תבליני ביטון 400 גרם,דין שיווק וקליה 2021 בעמ,IL,פפריקה בשמן,גרמים,400.00,100 גרם,false,0,17.00,4.25,true,1,
7290001970379,false,קוקטייל זיתים קטן במשקל,,IL,קוקטייל זיתים,קילוגרמים,0.00,"ק""ג",true,1,41.00,41.00,true,1,
7290001970492,false,קשיו קלוי על גחלים ב,"דין שיווק וקלייה בע""",CN,קשיו על גחלים,גרמים,0.00,"ק""ג",true,1,81.00,81.00,true,1,
7290001970586,false,חלבה וניל עם שקדים משקל,,IL,חלבה וניל,קילוגרמים,0.00,"ק""ג",true,1,50.00,50.00,true,1,
7290001973233,false,"קמיל בלו מגבונים לחים סנסיטיב ד""ר פישר 120 יחידות","פישר תעשיות פרמבצטיות בע""מ",IL,מגבונים +דיספנסר,יחידה,1.00,יחידה,false,0,11.80,11.80,true,1,
7290001979150,false,בקלוואה טורקית במשקל,מהדי,IL,בקלוואה טורקית,קילוגרמים,0.00,"ק""ג",true,1,84.00,84.00,true,1,
7290001989364,false,מקרל פרוס בשמן במשקל,"סלטי שמיר 2006 בע""מ",IL,מקרל פרוס בשמן,קילוגרמים,0.00,"ק""ג",true,0,84.00,84.00,true,1,
7290001989388,false,מעדן מטיאס הולנדי משקל,"סלטי שמיר 2006 בע""מ",IL,מעדן מטיאס,קילוגרמים,0.00,"ק""ג",true,0,47.00,47.00,true,1,
7290001989395,false,דג הרינג כבוש עם בצל,"סלטי שמיר 2006 בע""מ",IL,הרינג כבוש,קילוגרמים,0.00,"ק""ג",true,0,47.00,47.00,true,1,
7290001990148,false,"סוכר גולדן קלאסי בצנצנת סוגת 1 ק""ג",האי נאם סי או אל.טי.,IL,סוכר גולדן,קילוגרמים,1.00,"ק""ג",false,0,11.00,11.00,true,1,
7290001990261,false,"סוגת חומוס 1 ק""ג","סוגת תעשיות בע""\מ",IL,חומוס,קילוגרמים,1.00,"ק""ג",false,0,12.70,12.70,true,1,
7290001990278,false,"שעועית לבנה סוגת 1 ק""ג","סוגת תעשיות בע""\מ",IL,שעועית לבנה,קילוגרמים,1.00,"ק""ג",false,0,16.10,16.10,true,1,
7290001990407,false,"עדשים ירוקים 1 ק""ג סוגת","סוגת תעשיות בע""\מ",IL,עדשים ירוקות,קילוגרמים,1.00,"ק""ג",false,0,12.70,12.70,true,1,
7290001990421,false,"פופקורן גרעינים סוגת 1 ק""ג","סוגת תעשיות בע""\מ",IL,"פופקורן 1 ק""ג",קילוגרמים,1.00,"ק""ג",false,0,8.30,8.30,true,1,
7290002000136,false,מגע הדבש -שעווה להסרת שיער למיקרוגל 500 גרם,"ש. שוורץ )באר שבע( בע""\מ",IL,שעוות מגע משי,גרמים,500.00,100 גרם,false,0,17.00,3.40,true,1,
7290002000143,false,"חדש -פנג'ל ק.ידיים קלאסיק 80מ""ל",מיוצר עי קונדיטוריית,IL,קרם ידיים פנג'ל,מיליליטרים,80.00,"100 מ""ל",false,0,6.80,8.50,true,1,
7290002001782,false,פנג'ל פלוס לכף הרגל 100מ,אינטרקוסמא,IL,קרם לכף הרגל,מיליליטרים,100.00,"100 מ""ל",false,0,12.70,12.70,true,1,
7290002003168,false,"שלישיית קרם ידיים קלאסי פנג'ל 80 מ""ל",אינטרקוסמא 1985 במ,IL,קרם יד.פנג'ל 3יח,מיליליטרים,240.00,"100 מ""ל",false,0,13.50,5.63,true,1,
7290002007371,false,פירורי לחם הנמל 500 ג',הנמל אריזות ושיווק 1984 בע`מ,IL,פירורי לחם,גרמים,500.00,100 גרם,false,0,5.90,1.18,true,1,
7290002008224,false,סוכריות לקישוט צבעונית הנמל 100 ג',הנמל אריזות ושיווק 1984 בע`מ,IL,סוכריות לקישוט,גרמים,100.00,100 גרם,false,0,4.80,4.80,true,1,
7290002008309,false,עטרות נייר חום לעוגה מס' 4 הנמל 130יח',הנמל אריזות ושיווק (1984) בעמ,IL,עטרות בקופסה,יחידה,1.00,יחידה,false,0,4.10,4.10,true,1,
7290002008460,false,עטרות חום מספר 1.5 הנמל,הנמל אריזות ושיווק (1984) בעמ,IL,עטרות חום,יחידה,1.00,יחידה,false,0,8.40,8.40,true,1,
7290002008934,false,סוכריות צבעוניות לקישוט לעוגה 200 גר,הנמל אריזות ושיווק (1984) בעמ,IL,סוכריות לקישוט,גרמים,200.00,100 גרם,false,0,6.60,3.30,true,1,
7290002008989,false,קישקשים קשים לשתיה 225יח הנמל,הנמל אריזות ושיווק (1984) בעמ,CN,קישקשים,יחידה,1.00,יחידה,false,0,6.70,6.70,true,1,
7290002013006,false,פסטרמה מקסיקנית זוגלובג,נקניק זוגלובק נהריה,IL,פסטרמה מקסיקנית,קילוגרמים,0.00,"ק""ג",true,0,72.00,72.00,true,1,
7290002013037,false,פסטרמה פרגיות זוגלובג,נקניק זוגלובק נהריה,IL,פסטרמה פרגיות,קילוגרמים,0.00,"ק""ג",true,0,72.00,72.00,true,1,
7290002013174,false,פסטרמה של פעם זוגלובג,נקניק זוגלובק נהריה,IL,פסטרמה של פעם,קילוגרמים,0.00,"ק""ג",true,0,72.00,72.00,true,1,
7290002019114,false,רוטב עגבניות מרוכז מאד 28-30BX פריניר,ח.כהן סוכנות מזון ומשקאות בע,IL,תרכיז עגבניות,גרמים,580.00,100 גרם,false,0,6.70,1.16,true,1,
7290002019763,false,עגבניות מרוסקות 800ג פריניר ה.מכירה *,ח.כהן סוכנות מזון ומשקאות בע,IL,עגבניות מרוסקות,גרמים,800.00,100 גרם,false,0,6.70,0.84,true,1,
7290002019787,false,רוטב עגבניות מרוכז מאוד 260 גרם פריניר,ח.כהן סוכנות מזון ומשקאות בע,IL,רוטב עגבניות,גרמים,260.00,100 גרם,false,0,3.30,1.27,true,1,
7290002019794,false,רוטב עגבניות מרוכז מאוד 100 גרם פריניר,ח.כהן סוכנות מזון ומשקאות בע,IL,רוטב עגבניות,גרמים,100.00,100 גרם,false,0,1.60,1.60,true,1,
7290002020189,false,סופגניה מיני רגילה+ריבה,"גידרון תעשיות בע""מ",IL,סופגניה מיני,גרמים,35.00,100 גרם,false,0,3.30,9.43,true,1,
7290002026341,false,אריסטו קראנץ ציפס בטטה טוגנים 500גר,מוצרי איכות אמריקאיים בעמ,CA,ציפס בטטה,גרמים,500.00,100 גרם,false,12,14.40,2.88,true,1,
7290002026358,false,אריסטו קראנץ צ`יפס בטטה זיגזג טוגנים 500,מוצרי איכות אמריקאיים בעמ,CA,ציפס בטטה זיג זג,גרמים,500.00,100 גרם,false,1,14.40,2.88,true,1,
7290002026365,false,טבעות בצל אריסטו קראנץ' 500 גרם,מוצרי איכות אמריקאיים בעמ,BE,טבעות בצל,גרמים,500.00,100 גרם,false,20,8.40,1.68,true,1,
7290002026440,false,פרצלס בייגלה בראנץ אנד קראנץ 280 ג',מוצרי איכות אמריקאיים בעמ,IL,פרצלס קפוא 280גר,גרמים,280.00,100 גרם,false,0,9.30,3.32,true,1,
7290002026587,false,וופל בלגי פרווה בראנץ אנד קראנץ 8 יח',מוצרי איכות אמריקאיים בעמ,BE,וופל בלגי חם,גרמים,280.00,100 גרם,false,1,12.70,4.54,true,1,
7290002037309,false,לחמניות המבורגר מאפיית ודש 8),מאפית י את א ברמן בע,IL,8לחמניות המבורגר,גרמים,400.00,100 גרם,false,0,10.60,2.65,true,1,
7290002040019,false,קוסקוס רגיל מזון קוסקוס (350 גרם),הנמל אריזות ושיווק (1984) בעמ,IL,קוסקוס רגיל,גרמים,350.00,100 גרם,false,0,4.70,1.34,true,1,
7290002040064,false,קוסקוס דק להכנה מהירה בשקית 350 גרם,הנמל אריזות ושיווק (1984) בעמ,IL,קוסקוס דק,גרמים,350.00,100 גרם,false,0,4.70,1.34,true,1,
7290002040071,false,קוסקוס עבה להכנה קלה ומהירה 350 גרם,הנמל אריזות ושיווק (1984) בעמ,IL,קוסקוס עבה,גרמים,350.00,100 גרם,false,0,4.70,1.34,true,1,
7290002040088,false,קוסקוס מלא מזון קוסקוס (350 גרם),הנמל אריזות ושיווק (1984) בעמ,IL,קוסקוס מלא,גרמים,350.00,100 גרם,false,0,5.50,1.57,true,1,
7290002041009,false,"חלאבילין אורגינל 10 מ""ל",תעשיות שיק,IL,דאו.חלאבילין,מיליליטרים,10.00,"100 מ""ל",false,0,42.60,426.00,true,1,
7290002041368,false,"מידנייט דאודורנט ספריי 150 מ""ל",חלאבין,IL,דאודורנט ספריי,מיליליטרים,187.00,"100 מ""ל",false,0,19.50,10.43,true,1,
7290002041801,false,"קרם גוף לאב ליין 275 מ""ל",תעשיות שיק,IL,קרם גוף לאב ליין,מיליליטרים,275.00,"100 מ""ל",false,0,42.60,15.49,true,1,
7290002043065,false,אקסטרה פריכיות אורז חום מלא בציפוי שוקולד מריר 70 גרם,א.ל.ייצור ושיווק תבלינים בעמ,BG,פריכונים מצופים,גרמים,70.00,100 גרם,false,1,7.60,10.86,true,1,
7290002043072,false,אקסטרה פריכיות אורז חום מלא בציפוי שוקולד חלב 70 גרם,א.ל.ייצור ושיווק תבלינים בעמ,BG,פריכונים מצופים,גרמים,70.00,100 גרם,false,1,7.60,10.86,true,1,
7290002043096,false,אקסטרה פריכוני אורז בציפוי שוקולד לבן בלגי,א.ל.ייצור ושיווק תבלינים בעמ,BG,פריכונים מצופים,גרמים,70.00,100 גרם,false,1,7.60,10.86,true,1,
7290002043218,false,אקסטרה צ'יפס אורז חום מלא מלח 60 גרם,א.ל.ייצור ושיווק תבלינים בעמ,BG,צ'יפס אורז מלא,גרמים,60.00,100 גרם,false,1,5.90,9.83,true,1,
7290002043225,false,אקסטרה צ'יפס אורז חום מלא פפריקה 60 גרם,א.ל.ייצור ושיווק תבלינים בעמ,BG,צ'יפס אורז מלא,גרמים,60.00,100 גרם,false,1,5.90,9.83,true,1,
7290002043348,false,ציפס אורז חום מלא צי'ה וקינואה אקסטרא 60 ג',א.ל.ייצור ושיווק תבלינים בעמ,BG,צ'יפס אורז מלא,גרמים,60.00,100 גרם,false,1,6.70,11.17,true,1,
7290002043782,false,אקסטרה צ'יפס אורז חום מלא טקסס ברביקיו 60 גרם,א.ל.ייצור ושיווק תבלינים בעמ,BG,צ'יפס אורז מלא,גרמים,60.00,100 גרם,false,1,5.90,9.83,true,1,
7290002053538,false,נודלס בסגנון תאילנדי 25 תוספת אוריינטל 500 גרם,גורי מוצרי צריכה (1991) בעמ,PL,נודלס ביצים,גרמים,500.00,100 גרם,false,1,11.80,2.36,true,1,
7290002057031,false,זיתים מבוקעים פיקנטי קבוצת יבנה 340 גרם,"קבוצת יבנה מוצרי מזון בע""מ",IL,זיתים מבוקע פיקנ,גרמים,540.00,100 גרם,false,0,7.60,1.41,true,1,
7290002057048,false,זית סורי מתובל בשמן קבוצת יבנה 560 גרם,"קבוצת יבנה מוצרי מזון בע""מ",IL,זית סורי מבוקע,גרמים,540.00,100 גרם,false,0,9.80,1.81,true,1,
7290002057109,false,זיתים יבנה ירוקים גדולים מאוד שום מנזלינ,קבוצת יבנה מוצרי מזון בעמ,IL,זית מנזנילו,גרמים,540.00,100 גרם,false,0,8.40,1.56,true,1,
7290002057123,false,זיתים ירוקים מנזנילו קבוצת יבנה 560 גרם,קבוצת יבנה מוצרי מזון אגודה שי,IL,זית חרוזית,גרמים,540.00,100 גרם,false,0,8.20,1.52,true,1,
7290002057161,false,זיתים מרינט ביין גדול מאד קבוצת יבנה 340 גרם,קבוצת יבנה מוצרי מזון בעמ,IL,זית חתוך במרינד,גרמים,540.00,100 גרם,false,0,8.20,1.52,true,1,
7290002057185,false,טבעות זיתים ירוקים קבוצת יבנה 560 גרם,קבוצת יבנה מוצרי מזון אגודה שי,IL,טבעות זיתים,גרמים,540.00,100 גרם,false,0,8.40,1.56,true,1,
7290002057352,false,מלפפונים במלח ‏9‏-‏7‏ קבוצת יבנה 320 גרם,"קבוצת יבנה מוצרי מזון בע""מ",IL,מלפפון במלח 7-9,גרמים,540.00,100 גרם,false,0,5.90,1.09,true,1,
7290002057369,false,מלפפונים במלח ‏12‏-‏10‏ קבוצת יבנה 320 גרם,"קבוצת יבנה מוצרי מזון בע""מ",IL,מלפפונים במלח,גרמים,540.00,100 גרם,false,0,6.70,1.24,true,1,
7290002057376,false,מלפפונים במלח ‏17‏-‏13‏ קבוצת יבנה 320 גרם,"קבוצת יבנה מוצרי מזון בע""מ",IL,מלפפונים במלח,גרמים,540.00,100 גרם,false,0,8.40,1.56,true,1,
7290002057383,false,מלפפונים במלח ‏25‏-‏18‏ קבוצת יבנה 320 גרם,"קבוצת יבנה מוצרי מזון בע""מ",IL,מלפפונים במלח,גרמים,540.00,100 גרם,false,0,11.00,2.04,true,1,
7290002057451,false,מלפפונים בחומץ ‏9‏-‏7 קבוצת יבנה 290 גרם,קבוצת יבנה מוצרי מזון אגודה שי,IL,מלפפונים בחומץ,גרמים,540.00,100 גרם,false,0,5.90,1.09,true,1,
7290002057468,false,מלפפונים בחומץ בינוני קבוצת יבנה 560 גרם,"קבוצת יבנה מוצרי מזון בע""מ",IL,מלפפון בחומץ,גרמים,540.00,100 גרם,false,0,6.70,1.24,true,1,
7290002057475,false,מלפפונים בחומץ ‏17‏-‏13 קבוצת יבנה 290 גרם,קבוצת יבנה מוצרי מזון אגודה שי,IL,מלפפונים בחומץ,גרמים,540.00,100 גרם,false,0,8.40,1.56,true,1,
7290002057482,false,מלפפון יבנה בחומץ קטנים מאוד 18-25 290 ג,קבוצת יבנה מוצרי מזון אגודה שי,IL,מלפפונים בחומץ,גרמים,540.00,100 גרם,false,0,11.00,2.04,true,1,
7290002057604,false,פלפל חריף שיפקה קבוצת יבנה (540 גרם),קבוצת יבנה מוצרי מזון אגודה שי,IL,פלפל חריף שיפקה,גרמים,540.00,100 גרם,false,0,5.30,0.98,true,1,
7290002057628,false,זיתים מושחרים טבעות קבוצת יבנה (540 גרם),קבוצת יבנה מוצרי מזון אגודה שי,IL,טבעות זיתים,גרמים,540.00,100 גרם,false,0,8.40,1.56,true,1,
7290002065555,false,שישיית לחמנייה הכי רכה בהפסקה אנג'ל 450 גרם,מאפיית שלמה א. אנג'\ל בע,IL,6 לחמניות בשקית,גרמים,450.00,100 גרם,false,0,10.10,2.24,true,1,
7290002065616,false,לחם שיפון גרעינים פרוס אחדות (750 גרם),מאפיית שלמה א. אנג'\ל בע,IL,לחם שיפון,גרמים,750.00,100 גרם,false,0,11.80,1.57,true,1,
7290002065623,false,לחם שיפון של פעם כפרי פרוס אורנים 750 גרם,מאפיית שלמה א. אנג'\ל בע,IL,לחם שיפון כפרי,גרמים,750.00,100 גרם,false,0,11.80,1.57,true,1,
7290002107118,false,בולגרית קשה 16% משקל,משק צוריאל תבור,IL,גבינה בולגרית,קילוגרמים,0.00,"ק""ג",true,1,50.00,50.00,true,1,
7290002109372,false,בורקס פילו אצבעות בולגרי 700 ג' שלושת האופים,שלושת האופים שגמור,IL,בורקס פילו גבינה,גרמים,700.00,100 גרם,false,0,17.00,2.43,true,1,
7290002129479,false,פיצה איטלקית דקה שלושת האופים 320 גר,האי נאם סי או אל.טי.,IT,פיצה איטלקית דקה,גרמים,320.00,100 גרם,false,1,12.70,3.97,true,1,
7290002130574,false,דבש טהור מפרחי בר בזכוכית 500 ג' יד מרדכי,מכוורת יד מרדכי שטראוס ב,IL,דבש מפרחי בר,גרמים,500.00,100 גרם,false,0,21.10,4.22,true,1,
7290002130581,false,דבש טהור מפרחי בר יד מרדכי (1 קג),מכוורת יד מרדכי שטראוס ב,IL,דבש טהור,קילוגרמים,1.00,"ק""ג",false,0,36.60,36.60,true,1,
7290002132011,false,עוגיות מזרחיות עם שומשום עבאדי (400 גר),מאפיית יוסף ושמחה עבאדי,IL,עוגיות מזרחיות,גרמים,400.00,100 גרם,false,0,16.10,4.03,true,1,
7290002133087,false,גבינה בולגרית צאן20%משקל,מחלבת השומרון בעמ,,גב. בולגרית צאן,גרמים,0.00,"ק""ג",true,0,74.00,74.00,true,1,
7290002157830,false,קוביות גולש עגל קפוא טיבון ויל 800 גרם,טיבון ויל - נטו,IL,קוביות גולש עגל,גרמים,800.00,100 גרם,false,1,29.80,3.73,true,1,
7290002196532,false,ממרח איולי טבעוני280 גרם,"משק דבורים לין בע""\מ",IL,ממרח איולי,גרמים,280.00,100 גרם,false,1,18.70,6.68,true,1,
7290002198109,false,צלעות אסאדו מעושנות מעדנייה,זוגלובק שיווק בעמ,IL,צלעות אסאדו מעוש,קילוגרמים,0.00,"ק""ג",true,1,119.00,119.00,true,1,
7290002198116,false,"פסטרמה ברזילאית זוגלובק, מחיר לפי משקל",זוגלובק,IL,הברזילאית בקר הו,קילוגרמים,0.00,"ק""ג",true,1,93.00,93.00,true,1,
7290002253006,false,שום טרי כתוש צנצנת דורות 200 גרם,קבוצת אוסם סחר-שות.מוגבלת,IL,שום טרי כתוש,גרמים,200.00,100 גרם,false,0,14.40,7.20,true,1,
7290002253105,false,שום במגשית 20 שיניים כתושות קפוא 80,קבוצת אוסם סחר-שות.מוגבלת,IL,שום כתוש קפוא,גרמים,80.00,100 גרם,false,0,11.00,13.75,true,1,
7290002253150,false,קוביות בזיליקום קצוץ דורות 70 גרם,קבוצת אוסם סחר שותפות מוגבלת,IL,דורות בזיליקום,גרמים,70.00,100 גרם,false,0,8.90,12.71,true,1,
7290002253167,false,פטרוזיליה טרייה קצוצה מוקפאת 70 גרם,קבוצת אוסם סחר שותפות מוגבלת,IL,דורותפטרוזיליה,גרמים,70.00,100 גרם,false,0,8.80,12.57,true,1,
7290002253181,false,כוסברה טרייה קצוצה 20 קוביות 70 גרם קפוא,קבוצת אוסם סחר שותפות מוגבלת,IL,דורות כוסברה,גרמים,70.00,100 גרם,false,0,8.80,12.57,true,1,
7290002253198,false,ג'ינג'ר טרי כתוש במגשית 70 ג' דורות,קבוצת אוסם סחר-שות.מוגבלת,IL,גינג'ר כתוש קפוא,גרמים,70.00,100 גרם,false,0,8.80,12.57,true,1,
7290002253235,false,דורות רוטב פסטו דורות,קבוצת אוסם סחר שותפות מוגבלת,IL,דורות רוטב פסטו,גרמים,160.00,100 גרם,false,16,10.10,6.31,true,1,
7290002253259,false,דורות רוטב עגבניות בזיליקום 160 גרם,עיצובים 2020 (3.8),IL,דורות רוטב עגבני,גרמים,160.00,100 גרם,false,16,10.10,6.31,true,1,
7290002253310,false,דורות שום צילי חריף קוביות תערובת 80 גר,קבוצת אוסם סחר שותפות מוגבלת,IL,דורות שום חריף,גרמים,80.00,100 גרם,false,1,11.00,13.75,true,1,
7290002263562,false,מיץ לימון משומר( 200 מל)תבליני מימון,א.ל.ייצור ושיווק תבלינים בעמ,IT,מיץ לימון,מיליליטרים,200.00,"100 מ""ל",false,1,5.90,2.95,true,1,
7290002281382,false,נתחי סלמון נורווגי דלידג קפוא,נטו מלינדה סחר בע`מ,IL,נתח סלמון פילה,קילוגרמים,0.00,"ק""ג",true,1,76.80,76.80,true,1,
7290002281405,false,זוג סלט סלמון מעושן פיקנטי ויליגר 2*160 גרם,נטו מילנדה סחר בעמ*,IL,סלט דג סלמון 2יח,גרמים,320.00,100 גרם,false,1,9.30,2.91,true,1,
7290002281436,false,סטייק דג טונה בהירה קפוא ללא עור,בין דין פישרי ויאטנם,VN,סטייק טונה בהירה,קילוגרמים,0.00,"ק""ג",true,1,42.60,42.60,true,1,
7290002281443,false,סטייק דג טונה עם עור קג,נטו מילנדה סחר בעמ*,VN,סטייק דג טונה עם,קילוגרמים,0.00,"ק""ג",true,1,34.10,34.10,true,1,
7290002281832,false,פ.מדומה מס6' מוכשר קפוא,פריגוג'י/לורסינל,AR,פ.מדומה מס6 קפוא,קילוגרמים,0.00,"ק""ג",true,1,38.30,38.30,true,1,
7290002281979,false,שריר מס' 8 חלק קפוא קג,פניסקור,AR,שריר מס8 קפוא,קילוגרמים,0.00,"ק""ג",true,1,25.50,25.50,true,1,
7290002304203,false,קונפיטורה ביתית תות לייט 600 גר,ענבי ציון,IL,קונפיטורה תות,גרמים,600.00,100 גרם,false,0,21.00,3.50,true,1,
7290002304241,false,קונפיטורה ביתית פירות יער לייט 600 גר,ענבי ציון,IL,קונפ.פירות יער,גרמים,600.00,100 גרם,false,0,21.00,3.50,true,1,
7290002304609,false,קונפיטורה ביתי ענבי ציון תות 600 גרם,ענבי ציון,IL,קונפ. תות שדה,גרמים,600.00,100 גרם,false,0,17.60,2.93,true,1,
7290002317654,false,זיתים ירוקים בצנצנת 700 ג' מוטולה,שימורי מוטולה בעמ,IL,זיתים ירוקים,גרמים,700.00,100 גרם,false,1,9.30,1.33,true,1,
7290002317661,false,זיתים מנזולינו גדול מאוד זכוכית מוטולה,שימורי מוטולה בעמ,IL,זיתים ירוקים,גרמים,560.00,100 גרם,false,1,8.40,1.50,true,1,
7290002317678,false,חרוזית ירוק צנצנת זכוכית מוטולה,שימורי מוטולה בעמ,IL,זיתים נטול גלעין,גרמים,560.00,100 גרם,false,1,8.40,1.50,true,1,
7290002317746,false,זיתים שחורים גדול גרם560,שימורי מוטולה בעמ,IL,זיתים שחורים,גרמים,560.00,100 גרם,false,1,8.40,1.50,true,1,
7290002317814,false,חצילים מוחמצים צנצנת700ג,שימורי מוטולה בעמ,IL,חצילים מוחמצים,גרמים,700.00,100 גרם,false,1,8.10,1.16,true,1,
7290002327028,false,ג`חנון בטעם מיוחד 650 גרם קפוא,נטו מלינדה סחר בע`מ,IL,ג'חנון 650 גרם,גרמים,650.00,100 גרם,false,0,15.20,2.34,true,1,
7290002327042,false,"בורקס תפו""א 800 גר' שלושת האופים קהילות",נטו מלינדה סחר בע`מ,IL,"בורקס תפו""א",גרמים,800.00,100 גרם,false,0,17.00,2.13,true,1,
7290002327059,false,"בצק עלים 1 ק""ג שלושת האופים קהילות",נטו מלינדה סחר בע`מ,IL,בצק עלים מרודד,קילוגרמים,1.00,"ק""ג",false,0,18.70,18.70,true,1,
7290002327073,false,בורקס גבינה 800 גר' שלושת האופים קהילות,נטו מלינדה סחר בע`מ,IL,בורקס גבינה,גרמים,800.00,100 גרם,false,0,18.70,2.34,true,1,
7290002327912,false,מיני בורקס גבינה 700 גר`שלושת האופים,נטו מלינדה סחר בעמ,IL,מיני בורקס גבינה,גרמים,700.00,100 גרם,false,0,19.50,2.79,true,1,
7290002331124,false,נביעות+ מים מינרליים בטעם תפוח,החברה המרכזית להפצת משקאות בעמ,IL,נביעות תפוח,מיליליטרים,500.00,"100 מ""ל",false,0,5.50,1.10,true,1,
7290002331155,false,מים נביעות בטעם אפרסק 0.5 ליטר,החברה המרכזית להפצת משקאות בעמ,IL,נביעות אפרסק,מיליליטרים,500.00,"100 מ""ל",false,0,5.50,1.10,true,1,
7290002331360,false,"נביעות מים מינרליים טו גו מארז 500X6מ""ל",החברה המרכזית להפצת משקאות בעמ,IL,נביעות ספורט 6יח,ליטרים,3.00,ליטר,false,0,13.50,4.50,true,1,
7290002331421,false,"שישיית מים מינרליים GO TO נביעות 755 מ""ל",החברה המרכזית להפצת משקאות בעמ,IL,נביעות פקק טו גו,ליטרים,4.53,ליטר,false,0,14.70,3.24,true,1,
7290002331483,false,נביעות מים מינרלים שישיה בייבי 330 מ`ל,החברה המרכזית להפצת משקאות בעמ,IL,נביעות בייבי 6יח,ליטרים,1.92,ליטר,false,0,11.80,6.15,true,1,
7290002331490,false,מים מינרלים נביעות (1 ליטר),החברה המרכזית להפצת משקאות בעמ,IL,מים נביעות,ליטרים,1.00,ליטר,false,0,2.80,2.80,true,1,
7290002333098,false,חומוס גרגירים אורגני 500 גרם - הרדוף,אול אורגני,IL,חומוס אורגני,גרמים,500.00,100 גרם,false,0,11.00,2.20,true,1,
7290002333104,false,בורגול אורגני 500 גרם - הרדוף,אול אורגני,IL,בורגול אורגני,גרמים,500.00,100 גרם,false,0,6.70,1.34,true,1,
7290002333319,false,קמח שיפון מלא אורגני 1 ק,טחנת קמח יפו,IL,"קמח שיפון 1 ק""ג",קילוגרמים,1.00,"ק""ג",false,0,14.40,14.40,true,1,
7290002333456,false,גריסי פנינה אורגני הרדוף 500 גרם,אול אורגני,IL,גריסי פנינה,גרמים,500.00,100 גרם,false,0,7.60,1.52,true,1,
7290002333500,false,עדשים אדומות אורגני 500 גרם - הרדוף,אול אורגני,IL,עדשים אורגני,גרמים,500.00,100 גרם,false,0,10.10,2.02,true,1,
7290002333838,false,כוסמת אורגנית ירוקה 500 גרם - הרדוף,אול אורגני,IL,כוסמת אורגנית,גרמים,500.00,100 גרם,false,0,9.30,1.86,true,1,
7290002333968,false,עדשים צהובות חצויות אורגני 500 גר,אול אורגני,IL,עדשים אורגנים,גרמים,500.00,100 גרם,false,1,12.30,2.46,true,1,
7290002345022,false,אנטריקוט דק דק מינוט סטייק אל גאוצ'ו 250 גרם,"טיבון ויל אחזקות בע""\מ",IL,אנטריקוט דק דק,גרמים,250.00,100 גרם,false,1,21.20,8.48,true,1,
7290002345060,false,גב.מאסדם הולנדי 29% משקל,סר קאשנדל בי.וי,NL,גבינת מאסדם,קילוגרמים,0.00,"ק""ג",true,1,72.00,72.00,true,1,
7290002345121,false,אסאדו דקדק אל גאוצ'ו 250 גרם,"טיבון ויל אחזקות בע""\מ",IL,אסאדו דקדק,גרמים,250.00,100 גרם,false,1,22.10,8.84,true,1,
7290002345435,false,פילה מרלוזה ארגנטינאיתקפ,דלידג - נטו,IL,פילה מרלוזה קפוא,קילוגרמים,0.00,"ק""ג",true,1,25.50,25.50,true,1,
7290002353836,false,סרדינים רוברט בשמן זית 115 גרם,קונסרבס פורטוגל נורטה,PT,סרדינים בשמן זית,גרמים,115.00,100 גרם,false,0,7.60,6.61,true,1,
7290002360124,false,חליטת צמחים ורד הבר והיביסקוס פומפדור 20 יחידות,ש. שסטוביץ בע`מ,DE,חליטת ורד הבר,גרמים,70.00,100 גרם,false,0,11.00,15.71,true,1,
7290002360155,false,חליטת תה פרחי שומר פומפדור 20 שקיקים,ש.שסטוביץ בעמ,DE,חליטת שומר,גרמים,40.00,100 גרם,false,0,11.00,27.50,true,1,
7290002360278,false,חליטת צמחים פומפדור מנטה 20 יחידות,"איטיליאן פוד, אס.פי.",DE,חליטת מנטה,גרמים,45.00,100 גרם,false,0,11.00,24.44,true,1,
7290002360285,false,חליטת צמחים פומפדור קמומיל 20 יחידות,ש. שסטוביץ בע`מ,DE,חליטת קמומיל,גרמים,30.00,100 גרם,false,0,11.00,36.67,true,1,
7290002370123,false,גבינת עיזים רכה 29% משקל,היחוס דה סאלבאדור,ES,גבינת עיזים,קילוגרמים,0.00,"ק""ג",true,1,110.00,110.00,true,1,
7290002370154,false,גבינת צדר מיושנת VINTAGE במשקל,ווייקה פארמס,GB,גבינת צ'דר,קילוגרמים,0.00,"ק""ג",true,1,101.00,101.00,true,1,
7290002370239,false,גבינה פיקנטית29% משקל,היחוס דה סלבדור,ES,גבינה פיקנטית,קילוגרמים,0.00,"ק""ג",true,1,76.00,76.00,true,1,
7290002370420,false,גבינת גאודה מהולנד 30% שומן שקיל (גלגל),איוויאן,NL,גאודה הולנדית,קילוגרמים,0.00,"ק""ג",true,1,93.00,93.00,true,1,
7290002370475,false,גבינת דנהבלו בשלה31%משקל,קסרייס,ES,גבינה כחולה,קילוגרמים,0.00,"ק""ג",true,1,84.00,84.00,true,1,
7290002370789,false,גבינת כבשים עם פטריות כמהין במשקל 36% שו,אל פסטור,ES,גבינ.כבשים+כמהין,קילוגרמים,0.00,"ק""ג",true,1,188.00,188.00,true,1,
7290002370796,false,גבינת כבשים בציפוי רוזמרין במשקל 36% שומ,אל פסטור,ES,גבינת כבשים,קילוגרמים,0.00,"ק""ג",true,1,188.00,188.00,true,1,
7290002371533,false,דקניקים סלסולי פסטרמה דבש טירת צבי 120 גרם,תנובה מרכז שיתופי לשיווק תוצרת,IL,סלסולי פסטרמה,גרמים,120.00,100 גרם,false,0,12.70,10.58,true,1,
7290002371540,false,דקניקים קורנדביף ללא גלוטן טירת צבי 120 גרם,תנובה מרכז שיתופי לשיווק תוצרת,IL,קורנדביף,גרמים,120.00,100 גרם,false,0,12.70,10.58,true,1,
7290002371571,false,פסטרמה פרגיות לבאגט במשקלטירת צבי,טירת- צבי,IL,פסטרמה פרגיות,קילוגרמים,0.00,"ק""ג",true,0,72.00,72.00,true,1,
7290002371854,false,נקניקיות עוף חריפות טירת צבי 2 * 500 גרם,תנובה מרכז שיתופי לשיווק תוצרת,IL,נקניקיות עוף,קילוגרמים,1.00,"ק""ג",false,0,21.20,21.20,true,1,
7290002371939,false,סרוולד בסגנון צרפתי דליקטיב 120 גרם,תנובה מרכז שיתופי לשיווק תוצרת,IL,סרוולד צרפתי,גרמים,120.00,100 גרם,false,0,21.20,17.67,true,1,
7290002374640,false,שמן בריאות קנולה פלוס אומגה 3 עץ הזית 1 ליטר,סוגת תעשיות בעמ,EE,שמן קנולה פלוס,ליטרים,1.00,ליטר,false,0,14.40,14.40,true,1,
7290002385196,false,רוקפור דייניש בלו29%משקל,מחלבות גד,DK,גבינת רוקפור בלו,קילוגרמים,0.00,"ק""ג",true,1,118.00,118.00,true,1,
7290002385431,false,גבינה בולגרית 16% רכ,דשן,IL,בולגרית מסורתית,קילוגרמים,0.00,"ק""ג",true,0,51.00,51.00,true,1,
7290002385455,false,בולגרית מעודנת 24% במשקל,מחלבות גד,IL,בולגרית מעודנת,קילוגרמים,0.00,"ק""ג",true,1,50.00,50.00,true,1,
7290002385738,false,גד סדרת דליקטס מנצ'גו 34% במשקל,מחלבות גד,,מנצ'גו משולש,קילוגרמים,0.00,"ק""ג",true,0,117.00,117.00,true,1,
7290002410010,false,שניצל עגל וינאי בואק,מעדני הטלה,,שניצל עגל וינאי,קילוגרמים,0.00,"ק""ג",true,0,51.20,51.20,true,1,
7290002410348,false,"רוסטביף עגל ברשת קפוא ק""",מעדני הטלה,IL,רוסטביף עגל,קילוגרמים,0.00,"ק""ג",true,0,51.20,51.20,true,1,
7290002439219,false,פס קצפת ופירות יער500גרם,סהרון,IL,פס קצפת ופירות,גרמים,500.00,100 גרם,false,1,31.50,6.30,true,1,
7290002439226,false,רולדה ריבת חלב ריצ450'ג,סהרון,IL,רולדה ריבת חלב,גרמים,450.00,100 גרם,false,1,31.50,7.00,true,1,
7290002439233,false,רולדת שוקולד ריץ' 450 גרם,סהרון,IL,רולדת שוקולד ריצ,גרמים,450.00,100 גרם,false,1,31.50,7.00,true,1,
7290002439240,false,עוגת פס גבינה אפוייה ריצ' 500ג',סהרון,IL,פס עוגת גבינה,גרמים,500.00,100 גרם,false,1,31.50,6.30,true,1,
7290002439981,false,קלאסיקו קבב בקר אל גאוצ'ו,"טיבון ויל אחזקות בע""\מ",IL,קלאסיקו קבב,גרמים,400.00,100 גרם,false,1,20.40,5.10,true,1,
7290002461562,false,מיני מרגז מעדני הטלה,מעדני הטלה והעגל,IL,מיני מרגז חריף,גרמים,500.00,100 גרם,false,0,22.10,4.42,true,1,
7290002472094,false,עוגת קצפת קרם שניט600גרם,"גידרון תעשיות בע""מ",IL,עוגת קרמשניט,גרמים,600.00,100 גרם,false,0,36.60,6.10,true,1,
7290002472186,false,עוגת מאפין שוקו צ'יפס550,"גידרון תעשיות בע""מ",IL,מאפין שוקוצ'יפס,יחידה,1.00,יחידה,false,0,17.00,17.00,true,1,
7290002472193,false,עוגת מאפין שוקו 550 גרם,"גידרון תעשיות בע""מ",IL,מאפין בטעם שוקו,יחידה,1.00,יחידה,false,0,17.00,17.00,true,1,
7290002472254,false,עוגת מאפין אגוזים 550גרם,"גידרון תעשיות בע""מ",IL,מאפין אגוזים,יחידה,1.00,יחידה,false,0,17.00,17.00,true,1,
7290002472629,false,עוגת שמרים ושוקולד,"גידרון תעשיות בע""מ",IL,עוג.שמרים שוקולד,גרמים,460.00,100 גרם,false,0,18.70,4.06,true,1,
7290002472759,false,עוגת מאפין עם דבש,,IL,מאפין עם דבש,גרמים,450.00,100 גרם,false,0,18.70,4.16,true,1,
7290002472841,false,עוגת סבתא שוקולד 850 גרם,"גידרון תעשיות בע""מ",IL,עוגת סבתא שוקו,גרמים,730.00,100 גרם,false,0,23.80,3.26,true,1,
7290002487920,false,ברבוניה הולנדית טרי קג,נטו,NL,ברבוניה טרי קג,קילוגרמים,0.00,"ק""ג",true,1,102.40,102.40,true,1,
7290002507284,false,שניצל נסיכה מטוגן קפוא 700 גרם,האי נאם סי או אל.טי.,IL,שניצל דג 700 גרם,גרמים,700.00,100 גרם,false,1,21.20,3.03,true,1,
7290002507604,false,פיצה שגב השף מאיטליה 350 גרם,האי נאם סי או אל.טי.,IT,פיצה השף שגב,גרמים,320.00,100 גרם,false,1,17.00,5.31,true,1,
7290002511229,false,בולגרית מעודנת 16% במשקל,"מחלבת המושבה בע""מ",IL,בולגרית מעודנת,קילוגרמים,0.00,"ק""ג",true,0,42.00,42.00,true,1,
7290002511236,false,בולגרית מעודנת5% במשקל,"מחלבת המושבה בע""מ",IL,בולגרית מעודנת5%,קילוגרמים,0.00,"ק""ג",true,0,42.00,42.00,true,1,
7290002511243,false,בולגרית מסורתית 16% משקל,"מחלבת המושבה בע""מ",IL,גבינה בולגרית,קילוגרמים,0.00,"ק""ג",true,0,42.00,42.00,true,1,
7290002511250,false,גב.שמנת שום שמיר30% משקל,"מחלבת המושבה בע""מ",IL,גבינת שמנת 30%,קילוגרמים,0.00,"ק""ג",true,0,38.00,38.00,true,1,
7290002511274,false,גבינת שמנת זיתים30%משקל,"מחלבת המושבה בע""מ",IL,גבינת שמנת 30%,קילוגרמים,0.00,"ק""ג",true,0,38.00,38.00,true,1,
7290002511281,false,גבינת ברינזה צאן18% משקל,"מחלבת המושבה בע""מ",IL,גבינת ברינזה 18%,קילוגרמים,0.00,"ק""ג",true,0,76.00,76.00,true,1,
7290002511397,false,גבינת ברי בקר במשקל,מחלבת מושבה,IL,גבינת ברי,קילוגרמים,0.00,"ק""ג",true,1,84.00,84.00,true,1,
7290002511427,false,אצבעות שוקולד וניל במשקל,"מחלבת המושבה בע""מ",IL,אצבעות שוקולד,קילוגרמים,0.00,"ק""ג",true,0,59.00,59.00,true,1,
7290002511762,false,גבינת ברי פקאן משקל,מחלבת מושבה,IL,גבינת ברי,קילוגרמים,0.00,"ק""ג",true,1,84.00,84.00,true,1,
7290002515333,false,"ד""ר פישר - קמיל בלו סנסיטיב אל סבון עדין לתינוק 500 מ""ל","פישר תעשיות פרמצביטות בע""מ",IL,אלסבון קמיל בלו,מיליליטרים,500.00,"100 מ""ל",false,0,15.30,3.06,true,1,
7290002515371,false,"קמיל בלו אל סבון לתינוקות ד""ר פישר 1 ליטר","פישר תעשיות פרמצביטות בע""מ",IL,קמיל בלו לתינוק,ליטרים,1.00,ליטר,false,0,19.50,19.50,true,1,
7290002517337,false,אורגנו עלים 20 גר' טעם וריח,"תבליני טעם וריח בע""מ",IL,אורגנו עלים,גרמים,20.00,100 גרם,false,0,5.10,25.50,true,1,
7290002517375,false,בזילקום עלים 30 גר' טעם וריח,"תבליני טעם וריח בע""מ",IL,בזיליקום,גרמים,30.00,100 גרם,false,0,5.10,17.00,true,1,
7290002517733,false,תבלין קצח טעם וריח 4,תבליני טעם וריח בעמ,IL,קצח,גרמים,40.00,100 גרם,false,0,5.90,14.75,true,1,
7290002517801,false,תבלין צ'ילי כתוש - חריף (פלפל קיינה) 30 ג',"תבליני טעם וריח בע""מ",IL,צ'ילי כתוש חריף,גרמים,30.00,100 גרם,false,0,5.90,19.67,true,1,
7290002517825,false,"פלפל לבן טחון 40 גרם ""טעם וריח""","תבליני טעם וריח בע""מ",IL,פלפל לבן,גרמים,40.00,100 גרם,false,0,8.40,21.00,true,1,
7290002542773,false,"בירה סטלה ארטואה בקבוק 330 מ""ל","אינבב, ברוורייפליין",BE,בירה סטלה ארטואה,מיליליטרים,330.00,"100 מ""ל",false,1,8.40,2.55,true,1,
7290002542780,false,"שישייה בירה סטלה ארטואה בקבוק 330X6 מ""ל","אינבב, ברוורייפליין",BE,סטלה ארטואה 6 יח,ליטרים,1.98,ליטר,false,1,25.80,13.03,true,1,
7290002542841,false,"שישייה בירה לף בלונד בקבוק 330X6 מ""ל","אינבב, ברוורייפליין",BE,בירה לף בלונד6יח,ליטרים,1.98,ליטר,false,1,38.60,19.50,true,1,
7290002543046,false,קלוגס פרוסטיס דגנים וסוכר 750ג',דיפלומט מפיצים (1968) בעמ**,ES,פרוסטיס 750 גרם,גרמים,750.00,100 גרם,false,0,15.30,2.04,true,1,
7290002543237,false,דגני בוקר קלוגס קורנפלקס 750 גרם,קלוגס קומפני אוף גרייט ב,GB,קורנפלקס קלוגס,גרמים,750.00,100 גרם,false,0,12.70,1.69,true,1,
7290002544203,false,ממרח פסטו מוטי שף 180גרם,,IL,ממרח פסטו,גרמים,180.00,100 גרם,false,0,18.20,10.11,true,1,
7290002544210,false,ממרח זיתים ירוקים 190 גרם,,IL,ממרח זיתים ירוק,גרמים,180.00,100 גרם,false,0,18.20,10.11,true,1,
7290002544227,false,ממרח זיתים שחורים 190 גרם,מוטי שף,IL,ממרח זיתים שחור,גרמים,180.00,100 גרם,false,0,18.20,10.11,true,1,
7290002577492,false,"פילה דג הרינג מלוח בשמן, 340 גרם",מיוצר על ידי קוד יצר,IL,פילה הרינג,גרמים,240.00,100 גרם,false,1,21.20,8.83,true,1,
7290002577508,false,פילה דג הרינג מלוח בשמן ובצל דלידג 240 ג',מיוצר על ידי קוד יצר,IL,פילה הרניג,גרמים,240.00,100 גרם,false,1,21.20,8.83,true,1,
7290002581536,false,הדר וופל נפוליטנה ללא סוכר 250 גרם,אפיפית נצרת,IL,וופל בטעם שוקולד,גרמים,250.00,100 גרם,false,0,6.60,2.64,true,1,
7290002603498,false,פיצת השף מאיטליה CHEF שגב אנטיפסטי 220,נטו מילנדה סחר בעמ*,IT,פיצת השף מאיטליה,גרמים,220.00,100 גרם,false,1,14.40,6.55,true,1,
7290002603504,false,פיצת השף מאיטליה CHEF שגב עגבניות ובצל סגול 200 גרם,נטו מילנדה סחר בעמ*,IT,פיצת השף מאיטליה,גרמים,220.00,100 גרם,false,1,14.40,6.55,true,1,
7290002627814,false,שפיץ צ'אך טרי מוכשר קג,אזול,AR,שפיץ צ'אך טרי,קילוגרמים,0.00,"ק""ג",true,1,119.50,119.50,true,1,
7290002649014,false,עוף שלם טרי ארוז קג,יסכה,IL,עוף שלם טרי ארוז,קילוגרמים,0.00,"ק""ג",true,1,16.10,16.10,true,1,
7290002649076,false,שניצל עוף טרי ארוז קג,יסכה,IL,שניצל עוף טרי,קילוגרמים,0.00,"ק""ג",true,1,29.80,29.80,true,1,
7290002649083,false,פילה עוף טרי ארוז קג,יסכה,IL,פילה עוף טרי ארו,קילוגרמים,0.00,"ק""ג",true,1,29.80,29.80,true,1,
7290002649090,false,כבד עוף טרי ארוז קג,יסכה,IL,כבד עוף טרי,קילוגרמים,0.00,"ק""ג",true,1,17.00,17.00,true,1,
7290002649175,false,גרון הודו טרי ארוז קג,יסכה,IL,גרון הודו טרי אר,קילוגרמים,0.00,"ק""ג",true,1,25.50,25.50,true,1,
7290002649199,false,כנפיים הודו טרי ארוז נקב,יסכה,IL,כנפיים הודו טרי,קילוגרמים,0.00,"ק""ג",true,1,15.30,15.30,true,1,
7290002649205,false,שווארמה הודו טרי ארוז נק,יסכה,IL,שווארמה הודו טרי,קילוגרמים,0.00,"ק""ג",true,1,59.70,59.70,true,1,
7290002649229,false,כבד הודו טרי ארוז קג,יסכה,IL,כבד הודו טרי,קילוגרמים,0.00,"ק""ג",true,1,21.20,21.20,true,1,
7290002649236,false,לב הודו טרי ארוז קג,יסכה,IL,לב הודו טרי,קילוגרמים,0.00,"ק""ג",true,1,20.40,20.40,true,1,
7290002649250,false,שוק הודו טרי ארוז נקבה ק,וי.ז.פי.ו.או. קוידג'ין,IL,שוק הודו טרי,קילוגרמים,0.00,"ק""ג",true,1,24.70,24.70,true,1,
7290002649274,false,נתחי חזה הודו טרי ארוז ק,יסכה,IL,תחי חזה הודו טרי,קילוגרמים,0.00,"ק""ג",true,1,25.50,25.50,true,1,
7290002651116,false,גחנון חמסי ארוז 1 קג,מאפיית אריאל,IL,ג'חנון חמסי,גרמים,1000.00,100 גרם,false,0,15.30,1.53,true,1,
7290002651123,false,מלאווח חמסי ארוז 1 ק,מאפיית אריאל,IL,מלווח חמסי,גרמים,1000.00,100 גרם,false,0,15.30,1.53,true,1,
7290002651253,false,גחנון אפוי חמסי 600 גרם,מעדני הטלה,IL,גחנון אפוי חמסי,גרמים,600.00,100 גרם,false,1,15.30,2.55,true,1,
7290002661115,false,לחם שיפון הולנדי 1.2 מהדרין,מאפית י את א ברמן בע,IL,לחם הולנדי,קילוגרמים,1.00,"ק""ג",false,0,15.90,15.90,true,1,
7290002661153,false,לחם דני קל פרוס ברמן (1 קג),מאפית י את א ברמן בע,IL,לחם דני קל,גרמים,1000.00,100 גרם,false,0,14.70,1.47,true,1,
7290002692393,false,שמן קנולה מזוכך מועשר עץ הזית (1 ליטר),סוגת תעשיות בעמ,EE,שמן קנולה מועשר,ליטרים,1.00,ליטר,false,0,13.50,13.50,true,1,
7290002692478,false,"שמן זית כתית מעולה קלאסי מעודן 750 מ""ל עץ הזית","מרקאולאו, ספרד.אבסה,",IT,שמן זית,מיליליטרים,750.00,"100 מ""ל",false,0,28.90,3.85,true,1,
7290002692768,false,"תרסיס שמן קנולה מזוכך ללא תוספת גז עץ הזית 200 מ""ל",טרנסומס פוד איי בי,IT,תרסיס שמן קנולה,מיליליטרים,200.00,"100 מ""ל",false,0,13.50,6.75,true,1,
7290002692775,false,"תרסיס שמן קנולה בטעם חמאה עץ הזית 200 מ""ל",סוגת תעשיות בעמ,IT,תרסיס קנולה,מיליליטרים,200.00,"100 מ""ל",false,0,13.50,6.75,true,1,
7290002692782,false,"תרסיס שמן זית כתית מעולה ללא תוספת גז עץ הזית 150 מ""ל",י.ב טכנולוגיות אריזה,IT,תרסיס שמן זית,מיליליטרים,148.00,"100 מ""ל",false,0,13.50,9.12,true,1,
7290002703068,false,צנצנת דבש עין חרוד 1,קונסיגנציה-דין שיווק וקליה 202,IL,דבש טהור בצנצנת,קילוגרמים,1.00,"ק""ג",false,0,35.80,35.80,true,1,
7290002703358,false,צנצנת דבש זכוכית 350 גרם,עין חרוד,IL,צנצנת דבש זכוכית,גרמים,350.00,100 גרם,false,0,14.30,4.09,true,1,
7290002703747,false,דבש אורגני מפרחי בר500גר,נאימן,AR,דבש מפרחי בר,גרמים,500.00,100 גרם,false,1,29.40,5.88,true,1,
7290002703754,false,"דבש אורגני מפרחי בר 1ק""ג",נאימן,AR,דבש מפרחי בר,גרמים,1000.00,100 גרם,false,1,55.10,5.51,true,1,
7290002703815,false,דבש מגובש מפרחי הדר950גר,,IL,דבש מפרחי הדר,גרמים,950.00,100 גרם,false,1,42.70,4.49,true,1,
7290002703822,false,דבש מפרחי הדר 950 גרם,מכוורת עין חרוד,IL,דבש מפרחי הדר,גרמים,950.00,100 גרם,false,1,42.70,4.49,true,1,
7290002706915,false,"פילה נסיכת הנילוס קפוא עד""ח",דלידג - נטו,IL,פילה נסיכת נילוס,קילוגרמים,0.00,"ק""ג",true,0,51.20,51.20,true,1,
7290002715375,false,קבב יווני טיבון ויל 400 גרם,טיבון ויל אחזקות בעמ,IL,קבב יווני,גרמים,400.00,100 גרם,false,0,17.00,4.25,true,1,
7290002715504,false,ארוחת נודלס בטעם עוף מג`יק (70 גרם),נטו מלינדה סחר בע`מ,SG,מג'יק נודלס,גרמים,70.00,100 גרם,false,0,4.10,5.86,true,1,
7290002715511,false,ארוחת נודלס בטעם בשר מג`יק (70 גרם),נטו מלינדה סחר בע`מ,SG,מג'יק אטריות,גרמים,70.00,100 גרם,false,0,4.10,5.86,true,1,
7290002715528,false,ארוחת נודלס בטעם ירקות מג`יק (70 גרם),נטו מילנדה סחר בעמ*,SG,מג'יק אטריות,גרמים,70.00,100 גרם,false,0,4.10,5.86,true,1,
7290002715580,false,ארוחת נודלס בטעם סיני חריף מג'יק 70 גרם,נטו מילנדה סחר בעמ*,SG,מג'יק נודלס,גרמים,70.00,100 גרם,false,0,4.10,5.86,true,1,
7290002730262,false,נוזל לניקוי כלים קלאסי פלמוליב (750 מל),יבואן ומשווק: ש. שסט,GR,פלמוליב לכלים,מיליליטרים,750.00,"100 מ""ל",false,0,10.10,1.35,true,1,
7290002730675,false,"קולגייט משחת שיניים אדומה משפחתי 100 מ""ל",קולגייט-פלמוליב,PL,משחת שיניים,מיליליטרים,100.00,"100 מ""ל",false,0,9.30,9.30,true,1,
7290002730811,false,"משחת שיניים ג'ל פסים מרעננים קולגייט 100 מ""ל",הנסיך- מפעל לייצור ט,PL,משחת קולגייט ג'ל,מיליליטרים,100.00,"100 מ""ל",false,0,11.20,11.20,true,1,
7290002730903,false,פלמוליב סבון מוצק ורדים רביעייה * 125 ג',הנסיך- מפעל לייצור ט,TR,סבון פלמוליב 4יח,גרמים,360.00,100 גרם,false,0,14.40,4.00,true,1,
7290002730941,false,כדורי צמר גפן בלונס 100 יחידות,הנסיך- מפעל לייצור ט,GR,צמר גפן פרוס,גרמים,100.00,100 גרם,false,0,5.00,5.00,true,1,
7290002730958,false,סבון מוצק בניחוח זיתים ואלוורה פלמוליב 4*100 גרם,הנסיך- מפעל לייצור ט,TR,סבון פלמוליב 4יח,גרמים,360.00,100 גרם,false,0,14.40,4.00,true,1,
7290002752332,false,"סוכריות מנטוס פירות בגליל, 37.5 גרם",הדקלאים אגודת שיתופי,NL,סוכריות מנטוס,גרמים,37.00,100 גרם,false,0,2.90,7.84,true,1,
7290002752349,false,סוכריות מנטוס מנטה 40יח' בגליל 38ג',ליימן שליסל בעמ,NL,סוכריות מנטוס,גרמים,37.00,100 גרם,false,0,2.90,7.84,true,1,
7290002752493,false,רביעיה סוכריות מנטה 4* 16 ג' טיק טק,פרימיום-חברה לדברי מתיקה ולמסח,ZA,סוכריות טיק טק,גרמים,64.00,100 גרם,false,0,9.30,14.53,true,1,
7290002753995,false,סוכריות עדשים לקישוט עוגה וורנר 6*25 גרם,היינץ צפון אמריקה מק,DE,סט דרז'ה צבעוני,גרמים,150.00,100 גרם,false,0,14.40,9.60,true,1,
7290002757139,false,מלוואח 700 גר' שלושת האופים קהילות,נטו מלינדה סחר בע`מ,IL,מלווח 700 גרם,גרמים,700.00,100 גרם,false,0,12.70,1.81,true,1,
7290002757146,false,"קובה חמוסטה למרק שלושת האופים 1 ק""ג",נטו מלינדה סחר בע`מ,IL,קובה חמוסטה,גרמים,1000.00,100 גרם,false,0,18.70,1.87,true,1,
7290002757528,false,"בורקס פילו תפו""א 700 גרם שלושת האופים",שלושת האופים שגמור,IL,"בורקס פילו תפו""א",גרמים,700.00,100 גרם,false,0,17.00,2.43,true,1,
7290002757535,false,בורקס פילו אצבעות גבינה שלושת האופים 700 גרם,שלושת האופים שגמור,IL,פילו אצבעות,גרמים,700.00,100 גרם,false,0,17.00,2.43,true,1,
7290002759126,false,מארז 10יח מיני פיתהאסלית,מעיין תעשיות מאפה,IL,מיני פיתה,גרמים,500.00,100 גרם,false,0,11.80,2.36,true,1,
7290002759287,false,לחמניה קמח מלא 5,,,לחמניה קמח מלא 5,יחידה,1.00,יחידה,false,0,11.80,11.80,true,1,
7290002759393,false,סופגניות מיני מארז 8 יח',גידרון,IL,סופגניות מיני 8י,יחידה,1.00,יחידה,false,0,17.00,17.00,true,1,
7290002759478,false,מארז חצי ג'בטה 4יח,גידרון,IL,חצי ג'בטה לבן 4י,יחידה,1.00,יחידה,false,0,11.80,11.80,true,1,
7290002766056,false,עגבניות שרי לב אדום יח',רון שרי,IL,עגבניה שרי תמר,גרמים,460.00,100 גרם,false,1,9.90,2.15,true,1,
7290002768074,false,אל סבון נוזלי רגיל דרמפון 1 ליטר,החברה הדרומית לשיווק בעמ,IL,דרמפון אל סבון,ליטרים,1.00,ליטר,false,0,17.00,17.00,true,1,
7290002768159,false,"קצף אמבט בת אורן קרליין 500 מ""ל",החברה הדרומית לשיווק בעמ,IL,סבון אמבט בת אור,מיליליטרים,500.00,"100 מ""ל",false,0,22.90,4.58,true,1,
7290002771104,false,קפה עם הל אל נחלה 500 גרם,קפה אל נחלה בני רפיק,IL,קפה עם הל,גרמים,500.00,100 גרם,false,0,26.60,5.32,true,1,
7290002771111,false,קפה עם הל אל נחלה 250 גרם,קפה אל נחלה בני רפיק,IL,קפה עם הל,גרמים,250.00,100 גרם,false,0,14.10,5.64,true,1,
7290002775010,false,מיני בורקס פילו גבינה שלושת האופים מהדרין 650 ג',שלושת האופים שגמור,IL,מיני בורקס פילו,גרמים,650.00,100 גרם,false,0,17.00,2.62,true,1,
7290002775768,false,"עוגת טורט קצפת שוקולד 1ק""ג ריצ'",ריץ',IL,עוגת טורט ריצ',קילוגרמים,1.00,"ק""ג",false,0,54.60,54.60,true,1,
7290002775775,false,"עוגת טורט ריבת חלב קוקוס ריץ' 1 ק""ג",ריץ',IL,עוגת טורט ריצ',קילוגרמים,1.00,"ק""ג",false,0,54.60,54.60,true,1,
7290002775782,false,"עוגת טורט מצופה שוקולד ריצ' 1ק""ג",ריץ',IL,עוגת טורט ריצ',קילוגרמים,1.00,"ק""ג",false,0,54.60,54.60,true,1,
7290002782131,false,"פנינה רוזנבלום - דאודורנט ספריי לאישה מס' 1 150 מ""ל","פנינה רוזנבלום בע""מ",IL,דאודורנט פנינה,מיליליטרים,150.00,"100 מ""ל",false,0,17.00,11.34,true,1,
7290002782759,false,קרם גוף מספר 2 פנינה רוזנבלום (340 מל),"פנינה רוזנבלום בע""מ",IL,קרם גוף פנינה,מיליליטרים,340.00,"100 מ""ל",false,0,20.40,6.00,true,1,
7290002787501,false,"פילה סלמון קפוא בד""צ עד""ח",סלאריס אי אס אבלורוגן,NO,פילה סלמון קפוא,קילוגרמים,0.00,"ק""ג",true,1,59.70,59.70,true,1,
7290002814054,false,סנט מוריץ מתז אנטרטיק מתז 1 ליטר,קומפלקס כימיקלסבעמ ~~~,IL,אנטרטיק מרסס,ליטרים,1.00,ליטר,false,1,9.30,9.30,true,1,
7290002814078,false,סנט מוריץ נוזל לניקוי אמבט אנטרטיק 1ל',קומפלקס כימיקלסבעמ ~~~,IL,אנטרטיק לאמבט,ליטרים,1.00,ליטר,false,0,5.80,5.80,true,1,
7290002814160,false,מסיר שומנים סנט מוריץ 1ל,קומפלקס כימיקלים בעמ,IL,מסיר שומנים,ליטרים,1.00,ליטר,false,1,16.10,16.10,true,1,
7290002814290,false,קצף מרוכז blanco בניחוח לימון משמיד 99.9% חיידקים סנט מוריץ 1 ליטר,קומפלקס כימיקלים בעמ,IL,קצף אקונומיקה,ליטרים,1.00,ליטר,false,1,9.30,9.30,true,1,
7290002814610,false,סנט מוריץ מסיר שומנים מבושם שחור 1 ליטר,קומפלקס כימיקלים בעמ,IL,מסיר שומנים,ליטרים,1.00,ליטר,false,0,10.10,10.10,true,1,
7290002824183,false,"גבינה לבנה סקי 500 גרם 5% ""שטראוס"" -מוצר בפיקוח",שטראוס גרופ בעמ/מצונן,IL,גבינת סקי 5%,גרמים,500.00,100 גרם,false,0,8.52,1.70,true,1,
7290002824466,false,יוגורט דנונה ביו לבן 0% שומן 200 גרם,שטראוס גרופ בעמ/מצונן,IL,יוגורט ביו 0%,גרמים,200.00,100 גרם,false,0,3.10,1.55,true,1,
7290002824640,false,"גבינת סקי 250 גרם 5% ""שטראוס"" -מוצר בפיקוח",שטראוס גרופ בעמ/מצונן,IL,גבינת סקי 5%,גרמים,250.00,100 גרם,false,0,4.26,1.70,true,1,
7290002825722,false,כרוב אדום במיונז אחלה (500 גרם),שטראוס גרופ בעמ/מצונן,IL,סלט כרוב אחלה,גרמים,500.00,100 גרם,false,0,12.10,2.42,true,1,
7290002830245,false,פילה לברק קפוא במשקל,דלידג - נטו,IL,פילה לברק יפני,קילוגרמים,0.00,"ק""ג",true,1,42.60,42.60,true,1,
7290002830269,false,"לוקוס שלם טרי ק""ג",נטו,,לוקוס שלם טרי,קילוגרמים,0.00,"ק""ג",true,0,111.00,111.00,true,1,
7290002830948,false,גבינת עיזים מותכת 30% מון בלאן 120 גרם,סלס קרית מלאכי ישראל,IL,גבינת מון בלאן,גרמים,120.00,100 גרם,false,0,10.10,8.42,true,1,
7290002862000,false,אריסה תוניסאית הררית 250גר,"הררית מזון בע""מ",IL,אריסה תוניסאית,גרמים,250.00,100 גרם,false,0,11.80,4.72,true,1,
7290002862017,false,שום כתוש 250 הררית,"הררית מזון בע""מ",IL,שום כתוש,גרמים,250.00,100 גרם,false,0,11.80,4.72,true,1,
7290002862031,false,אריסה 250מתובלת הררית,"הררית מזון בע""מ",IL,אריסה חריפה,גרמים,250.00,100 גרם,false,0,11.80,4.72,true,1,
7290002862055,false,לימון כבוש 250 גרם,בידאני נתן,IL,לימון כבוש,גרמים,250.00,100 גרם,false,0,11.80,4.72,true,1,
7290002862093,false,חזרת 250 גרם,"הררית מזון בע""מ",IL,חזרת,גרמים,250.00,100 גרם,false,0,11.80,4.72,true,1,
7290002862109,false,פירורי לחם מוזהבים 400 ג,"הררית מזון בע""מ",ES,פירורי לחם מוזהב,גרמים,400.00,100 גרם,false,1,5.90,1.48,true,1,
7290002862123,false,סחוג ירוק 150 גר הררית,"הררית מזון בע""מ",IL,סחוג ירוק,גרמים,150.00,100 גרם,false,0,10.10,6.73,true,1,
7290002862277,false,ממרח לימון 200 גרם,הררית מזון בעמ,IL,לימון כבוש,גרמים,200.00,100 גרם,false,0,13.50,6.75,true,1,
7290002862369,false,עמבה בצנצנת,,IL,עמבה בצנצנת,גרמים,250.00,100 גרם,false,0,11.80,4.72,true,1,
7290002862376,false,מעדן עגבניות מיובשות200ג,הררית מזון בעמ,IL,מעדן עגבנ.מיובש,גרמים,200.00,100 גרם,false,1,15.30,7.65,true,1,
7290002862864,false,פירורי לחם מתובל קלאס400,"הררית מזון בע""מ",ES,פירורי לחם מתובל,גרמים,400.00,100 גרם,false,1,5.90,1.48,true,1,
7290002866145,false,"פילה לברק טרי לק""ג",נטו,IL,פילה לברק טרי,קילוגרמים,0.00,"ק""ג",true,1,93.90,93.90,true,1,
7290002871248,false,"בירה טובורג רד בקבוק 500 מ""ל חוזר",החברה המרכזית להפצת משקאות בעמ,IL,בירה טובורג רד,מיליליטרים,500.00,"100 מ""ל",false,0,6.70,1.34,true,1,
7290002871361,false,"בירה קרלסברג בקבוק 500 מ""ל חוזר",החברה המרכזית להפצת משקאות בעמ,IL,בירה קרלסברג,מיליליטרים,500.00,"100 מ""ל",false,0,6.68,1.34,true,1,
7290002881209,false,רסק תפוחי עץ דיאט 700 ג' תומר,תומר יבוא ושיווק מוצרי מזון (1,NL,"רסק תפו""ע",גרמים,720.00,100 גרם,false,0,9.30,1.29,true,1,
7290002881216,false,רסק תפוחי עץ לא ממותק תומר 700 גרם,תומר ייבוא ושיווק מוצרי מזון [,NL,"רסק תפו""ע דיאט",גרמים,720.00,100 גרם,false,0,9.30,1.29,true,1,
7290002881803,false,שמן קנולה מזוכך 1 ליטר,,BE,שמן קנולה מזוכך,ליטרים,1.00,ליטר,false,1,9.30,9.30,true,1,
7290002900313,false,פסטרמה ספרדית טירת צבי,תנובה קפואים,IL,פסטרמה ספרדית,קילוגרמים,0.00,"ק""ג",true,0,72.00,72.00,true,1,
7290002900436,false,פסטרמה איטלקי מילנו משקל,טירת- צבי,,פסטרמה איטלקית,קילוגרמים,0.00,"ק""ג",true,0,72.00,72.00,true,1,
7290002904694,false,"טיטניום דאודורנט ספריי לגברים 150 מ""ל",החברה הדרומית לשיווק בעמ,IL,דאודורנט טיטניום,מיליליטרים,180.00,"100 מ""ל",false,0,12.70,7.06,true,1,
7290002922117,false,מקלות קינמון וסוכר חום,הלל בן הלל שיווק ומסחר בעמ,IL,עוגיות פרימיום,גרמים,200.00,100 גרם,false,0,17.00,8.50,true,1,
7290002923466,false,בקר קפוא טחון לקציצות וקבב נטו (1 קג),טיבון ויל אחזקות בעמ,IL,בקר טחון קפוא,גרמים,1000.00,100 גרם,false,0,34.10,3.41,true,1,
7290002925798,false,"גם וגם משחת שיניים ירוק מי פה לייט 120 מ""ל",החברה הדרומית לשיווק בעמ,IL,גם וגם ירוק,מיליליטרים,120.00,"100 מ""ל",false,0,12.70,10.58,true,1,
7290002927518,false,טבעות עגל ארוז קפוא קג,"זהר בשר עופות ובשר בע""\מ",IL,טבעות עגל קפוא,קילוגרמים,0.00,"ק""ג",true,1,42.60,42.60,true,1,
7290002954187,false,אורז יסמין שוקחה (5 קג),בני ג`ורג` שוקחה (חיפה) בעמ,TH,אורז יסמין,קילוגרמים,5.00,"ק""ג",false,0,35.80,7.16,true,1,
7290002987963,false,"חומוס אחלה 1 ק""ג שטראוס",שטראוס גרופ בעמ/מצונן,IL,"חומוס אחלה 1 ק""ג",קילוגרמים,1.00,"ק""ג",false,0,11.80,11.80,true,1,
7290003009183,false,סירופ דיאט 750 מל בטעם תפוחים פריגת,החברה המרכזית להפצת משקאות בעמ,IL,סירופ תפוחים,מיליליטרים,750.00,"100 מ""ל",false,0,20.40,2.72,true,1,
7290003009640,false,מיץ תפוזים סחוט רכיבים טבעיים פריגת 1 ליטר,החברה המרכזית טלהפצת משקאות בע,IL,מיץ תפוזים סחוט,ליטרים,1.00,ליטר,false,0,11.90,11.90,true,1,
7290003026036,false,"ד""ר פישר - קמיל בלו סנסיטיב אל סבון עדין לתינוק 1 ליטר","פישר תעשיות פרמצביטות בע""מ",IL,אל סבון קמיל בלו,ליטרים,1.00,ליטר,false,0,20.40,20.40,true,1,
7290003026197,false,"קמיל בלו סנסטיב שמן טיפולי ד""ר פישר 500 מ""ל","פישר תעשיות פרמצביטות בע""מ",IL,שמן עדין לתינוק,מיליליטרים,500.00,"100 מ""ל",false,0,18.70,3.74,true,1,
7290003026227,false,"קמיל בלו שמפו לתינוק סנסיטיב אל דמע ד""ר פישר 1 ליטר","פישר תעשיות פרמצביטות בע""מ",IL,שמפו קמיל בלו,ליטרים,1.00,ליטר,false,0,20.40,20.40,true,1,
7290003026234,false,"ד""ר פישר - קמיל בלו תחליב לתינוק 500 מ""ל","פישר תעשיות פרמצבטיות בע""מ",IL,קרם גוף לתינוק,גרמים,500.00,100 גרם,false,0,17.80,3.56,true,1,
7290003029181,false,משקה יטבתה שוקו' בקבוק 1ל מהדרין,שטראוס גרופ בעמ/מצונן,IL,שוקו יטבתה,ליטרים,1.00,ליטר,false,0,10.10,10.10,true,1,
7290003029372,false,יטבתה משקה בטעם בננה %3 בקבוק 1 ליטר,שטראוס גרופ בעמ/מצונן,IL,משקה חלב בננה,ליטרים,1.00,ליטר,false,0,10.10,10.10,true,1,
7290003029389,false,"משקה חלב בננה פקק ספורט 250 מ""ל יוטבתה",שטראוס גרופ בעמ/מצונן,IL,משקה בננה,מיליליטרים,250.00,"100 מ""ל",false,0,4.70,1.88,true,1,
7290003029433,false,"משקה יטבתה שוקו פקק 250 מ""ל מהדרין",שטראוס גרופ בעמ/מצונן,IL,שוקו יטבתה,מיליליטרים,250.00,"100 מ""ל",false,0,4.70,1.88,true,1,
7290003029532,false,מוקה בבקבוק יטבתה 1 ליטר מהדרין,שטראוס גרופ בעמ/מצונן,IL,מוקה יטבתה בקבוק,ליטרים,1.00,ליטר,false,0,10.10,10.10,true,1,
7290003029792,false,"משקה יטבתה שוקו שקיות מהדרין מארז 225X8מ""ל",שטראוס גרופ בעמ/מצונן,IL,שקיות שוקו 8 יח',ליטרים,1.80,ליטר,false,0,16.10,8.94,true,1,
7290003029815,false,כד חלב 3% יטבתה 2 ליטר מהדרין,שטראוס גרופ בעמ/מצונן,IL,חלב מועשר יטבתה,ליטרים,2.00,ליטר,false,0,12.80,6.40,true,1,
7290003029907,false,משקה חלב אייס קפה 2% יטבתה (1 ליטר,שטראוס גרופ בעמ/מצונן,IL,אייס קפה יטבתה,ליטרים,1.00,ליטר,false,0,10.10,10.10,true,1,
7290003031788,false,צמד כפרי סלמי+פסטרמה טירת צבי 400X2ג' מחפוד,תנובה מרכז שיתופי לשיווק תוצרת,IL,פסטרמה+סלמי מארז,גרמים,800.00,100 גרם,false,0,23.80,2.98,true,1,
7290003054657,false,חרדל ריין דיז'ון אקסטרה פורטה 370 גרם,דיפלומט מפיצים (1968) בעמ**,FR,חרדל דיז'ון,גרמים,370.00,100 גרם,false,0,9.90,2.68,true,1,
7290003060061,false,"קמח כוסמין טחנות ישראליות 1 ק""ג",טחנות ישראליות בעמ,IL,קמח כוסמין מלא,קילוגרמים,1.00,"ק""ג",false,1,9.30,9.30,true,1,
7290003069590,false,"פילה פוטית עם עור קפוא דלידג 1 ק""ג",דאליאן גואופו אקאטיק,CN,פילה סול קפוא,גרמים,1000.00,100 גרם,false,0,25.50,2.55,true,1,
7290003070077,false,טחינה שומשום מלא,,IL,טחינה שומשום מלא,גרמים,700.00,100 גרם,false,0,35.50,5.07,true,1,
7290003072804,false,פסטרמה של פעם עם 200 גר` טירת צבי,טיב טירת צבי 2000,IL,פסטרמה של פעם,גרמים,200.00,100 גרם,false,1,17.00,8.50,true,1,
7290003072835,false,נקניקיות קנאקוורסט טירת צבי 320 גרם,טיב טירת צבי 2000,IL,נקניקיות קנאקוור,גרמים,320.00,100 גרם,false,1,17.00,5.31,true,1,
7290003072965,false,קבנוס חריף מעושן טירת צבי 120 גרם,טיב טירת צבי 2000,IL,קבנוס חריף מעושן,גרמים,120.00,100 גרם,false,1,10.10,8.42,true,1,
7290003072972,false,קבנוס בתיבול מעושן טירת צבי 120 גרם,טיב טירת צבי 2000,IL,קבנוס בתיבול שום,גרמים,120.00,100 גרם,false,1,10.10,8.42,true,1,
7290003107216,false,קמח לבן בהיר 1 קג דגן מוביל,טחנות קמח דגן (2006) בעמ,IL,קמח לבן,קילוגרמים,1.00,"ק""ג",false,0,5.10,5.10,true,1,
7290003107223,false,טחנת קמח דגן סולת 1קג,טחנות קמח דגן (2006) בעמ,IL,סולת,קילוגרמים,1.00,"ק""ג",false,0,5.50,5.50,true,1,
7290003107247,false,שמרים יבשים אינסטנט33גרם,אבאל יזמות בעמ,IL,שמרים יבשים,גרמים,33.00,100 גרם,false,0,5.00,15.15,true,1,
7290003107360,false,קמח לבן בהיר 1 קג ללא צורך בניפוי,טחנת קמח דגן לישראל,IL,קמח לבן בהיר,קילוגרמים,1.00,"ק""ג",false,1,7.60,7.60,true,1,
7290003115426,false,טחול עוף טרי ארוז דיל,מילועוף,IL,טחול עוף טרי,קילוגרמים,0.00,"ק""ג",true,0,45.20,45.20,true,1,
7290003115532,false,פרגיות עוף טרי ארוז דיל,מילועוף,IL,פרגיות עוף טרי,קילוגרמים,0.00,"ק""ג",true,0,51.20,51.20,true,1,
7290003115549,false,עוף שלם טרי ארוז דיל,מילועוף,IL,עוף טרי שלם,קילוגרמים,0.00,"ק""ג",true,0,16.10,16.10,true,1,
7290003115594,false,כנפי עוף טרי ארוז דיל,מילועוף,IL,כנפיים עוף טרי,קילוגרמים,0.00,"ק""ג",true,0,10.10,10.10,true,1,
7290003115617,false,לב עוף טרי ארוז דיל,מילועוף,IL,לב עוף טרי,קילוגרמים,0.00,"ק""ג",true,0,20.40,20.40,true,1,
7290003115624,false,קורקבן עוף טרי ארוז דיל,מילועוף,IL,קורקבן עוף טרי,קילוגרמים,0.00,"ק""ג",true,0,8.40,8.40,true,1,
7290003121083,false,ארוחת נודלס בטעם בשר בשקית מג'יק 85 גרם,נטו מילנדה סחר בעמ*,SG,ארוחת נודלס,גרמים,85.00,100 גרם,false,0,3.30,3.88,true,1,
7290003121106,false,ארוחת נודלס טעם עוף בשקית מג'יק 85 גרם,נטו מילנדה סחר בעמ*,SG,ארוחת נודלס,גרמים,85.00,100 גרם,false,0,3.30,3.88,true,1,
7290003158591,false,מארז4יח לחמניית חלה קלה,גידרון,,לחמניה חלה קלה 4,יחידה,1.00,יחידה,false,0,11.80,11.80,true,1,
7290003158850,false,לחמניות המבורגר5,,IL,לחמניות המבורגר5,יחידה,1.00,יחידה,false,0,11.80,11.80,true,1,
7290003158980,false,מארז פיתה פרנה 3יח180*גר,מאפיית אורן משי,IL,פיתה פרנה,גרמים,540.00,100 גרם,false,0,12.60,2.33,true,1,
7290003185719,false,קבב רומני טיבון ויל 500 גרם,טיבון ויל אחזקות בעמ,IL,קבב רומני,גרמים,500.00,100 גרם,false,0,17.00,3.40,true,1,
7290003185726,false,קבב מזרחי טיבון ויל 500 גרם,טיבון ויל אחזקות בעמ,IL,קבב מזרחי,גרמים,500.00,100 גרם,false,0,17.00,3.40,true,1,
7290003186648,false,נסיכת הנילוס IQF קפוא קג,דלידג - נטו,KE,נסיכת הנילוס,קילוגרמים,0.00,"ק""ג",true,0,51.20,51.20,true,1,
7290003187843,false,עגל טחון טיבון ויל 500 גרם,טיבון ויל אחזקות בעמ,IL,טחון עגל 100%,גרמים,500.00,100 גרם,false,0,25.50,5.10,true,1,
7290003189045,false,צהובה הולנדית מחיר לפי מ,צי תעשיות מזון יבנה,IL,צהובה הולנדית,קילוגרמים,0.00,"ק""ג",true,0,31.00,31.00,true,1,
7290003189199,false,צהובה טובה חריפה במש,צי תעשיות מזון יבנה,IL,צהובה חריפה,קילוגרמים,0.00,"ק""ג",true,0,29.00,29.00,true,1,
7290003189274,false,בנוסח מעושנת גליל26%משקל,צי תעשיות מזון יבנה,IL,צהובה מעושנת,קילוגרמים,0.00,"ק""ג",true,0,34.00,34.00,true,1,
7290003208586,false,"וורמוט מרטיני לבן 750 מ""ל",מרטיני ורוסי,IT,מרטיני ביאנקו,מיליליטרים,750.00,"100 מ""ל",false,0,42.60,5.68,true,1,
7290003208593,false,"וורמוט מרטיני לבן יבש 750 מ""ל",מרטיני ורוסי,IT,מרטיני דריי,מיליליטרים,750.00,"100 מ""ל",false,1,42.60,5.68,true,1,
7290003208609,false,"וורמוט מרטיני אדום מתוק 750 מ""ל",מרטיני ורוסי,IT,מרטיני רוסו אדום,מיליליטרים,750.00,"100 מ""ל",false,0,42.60,5.68,true,1,
7290003220526,false,"רוטב צ'ילי חריף 700 מ""ל WOK",תאי פרידה אינדסטרי,TH,רוטב צ'ילי חריף,מיליליטרים,700.00,"100 מ""ל",false,0,10.10,1.44,true,1,
7290003220649,false,שמן שומשום 100% טהור150מ,הו צ'קינג הינג אוי פ,SG,שמן שומשום,מיליליטרים,150.00,"100 מ""ל",false,1,11.80,7.87,true,1,
7290003220717,false,WOK אצות נורי סילבר 10 יחידות,ג'י וואן גלובול נאט,KR,אצות נורי לסושי,גרמים,22.00,100 גרם,false,0,11.00,50.00,true,1,
7290003220724,false,מקלות לסושי צ'ופסטיק יח,קוסומאי במבוק,TH,מקלות לסושי,יחידה,1.00,יחידה,false,0,5.80,5.80,true,1,
7290003220786,false,"אטריות אורז ללא גלוטן 5 מ""מ 400 ג' WOK",אסיאן סופירה פודס חב,TH,מקלות אורז,גרמים,400.00,100 גרם,false,0,8.40,2.10,true,1,
7290003220878,false,"WOK רוטב מירין לתיבול 500 מ""ל",דיאמונד פריזרוד פודס,TH,רוטב מירין,מיליליטרים,500.00,"100 מ""ל",false,0,18.50,3.70,true,1,
7290003224845,false,"כיסונים תפו""א ופטריות VEGAN 800 גרם","מאמא מרי בע""\מ",IL,"כיסונים תפו""א ופ",גרמים,800.00,100 גרם,false,1,17.00,2.13,true,1,
7290003227112,false,ביוטי פיט רול און 80 מל,חלאבין,IL,ביוטי פיט רול או,מיליליטרים,80.00,"100 מ""ל",false,0,22.90,28.63,true,1,
7290003227402,false,מידנייט תחליב גוף 275 מל,חלאבין,IL,קרם גוף מידנייט,מיליליטרים,275.00,"100 מ""ל",false,0,31.50,11.45,true,1,
7290003227990,false,"חלאבילין קרם דאודורנט לאישה, 10 ג'",תעשיות שיק,IL,דאו.קרם חלאבילין,מיליליטרים,10.00,"100 מ""ל",false,1,42.60,426.00,true,1,
7290003229109,false,פסטרמה הודו בפפריקה טירת צבי (400 גרם),תנובה מרכז שיתופי לשיווק תוצרת,IL,נקניק הודו,גרמים,400.00,100 גרם,false,0,22.10,5.53,true,1,
7290003229116,false,פסטרמה הודו בדבש שומן טירת צבי 400 גרם,תנובה מרכז שיתופי לשיווק תוצרת,IL,פסטרמה הודו בדבש,גרמים,400.00,100 גרם,false,0,22.10,5.53,true,1,
7290003229123,false,פסטרמה הודו על גחלים 2% טירת צבי 400 גרם,תנובה מרכז שיתופי לשיווק תוצרת,IL,פסטרמה על גחלים,גרמים,400.00,100 גרם,false,0,22.10,5.53,true,1,
7290003229147,false,נקניק סלמי איטלקי מעושן טירת צבי 300 גרם,תנובה מרכז שיתופי לשיווק תוצרת,IL,סלמי איטלקי,גרמים,300.00,100 גרם,false,0,22.10,7.36,true,1,
7290003229154,false,נקניק סלמי קוניאק טירת צבי 300 גרם,תנובה מרכז שיתופי לשיווק תוצרת,IL,סלמי קוניאק,גרמים,300.00,100 גרם,false,0,22.10,7.36,true,1,
7290003229192,false,נקניק כתף בקר מעושן 2% טירת צבי 400 גרם,תנובה מרכז שיתופי לשיווק תוצרת,IL,פסטרמה כתף בקר,גרמים,400.00,100 גרם,false,0,27.20,6.80,true,1,
7290003229222,false,נקניק סלמי תה טירת צבי 300 גרם,תנובה מרכז שיתופי לשיווק תוצרת,IL,סלמי תה משובח,גרמים,300.00,100 גרם,false,0,17.00,5.66,true,1,
7290003268252,false,לחם חיטה מלא לילדים 750 ג' דגנית עין בר,דגנית עין בר תעשיות מזון ואפיה,IL,לחם חיטה מלא,גרמים,750.00,100 גרם,false,1,11.80,1.57,true,1,
7290003272273,false,חמוציות מיובשות ללא סוכר,"דין שיווק וקלייה בע""",CN,חמוציות ללא סוכר,גרמים,0.00,"ק""ג",true,1,76.00,76.00,true,1,
7290003272280,false,אגוזי מלך קלופים חצאים,"דין שיווק וקלייה בע""",IL,אגוזי מלך חצאים,גרמים,0.00,"ק""ג",true,1,76.00,76.00,true,1,
7290003321155,false,יוגורט בר עם פקאן מצופה שוקולד 183 ג' דנונה,שטראוס גרופ בעמ/מצונן,IL,דנונה בר פקאן,גרמים,183.00,100 גרם,false,0,3.90,2.13,true,1,
7290003332007,false,קפה שחור עם הל נח`לה אדום (250 גרם),סובחי נחלה ובניו בעמ,IL,קפה שחור,גרמים,250.00,100 גרם,false,0,11.90,4.76,true,1,
7290003332014,false,קפה שחור עם הל נח`לה אדום (500 גרם),סובחי נחלה ובניו בעמ,IL,קפה שחור,גרמים,500.00,100 גרם,false,0,22.70,4.54,true,1,
7290003387205,false,ספיד סטיק - דאודורנט סטיק לגבר רגולר,הנסיך- מפעל לייצור ט,US,דאודורנט סטיק,גרמים,56.00,100 גרם,false,0,14.40,25.71,true,1,
7290003387373,false,דאודורנט ספיד סטיק בסיסי קלאסי פרש ספורט לגבר,הנסיך- מפעל לייצור ט,US,דאודורנט,גרמים,50.00,100 גרם,false,0,14.40,28.80,true,1,
7290003387410,false,שלישיית פדים להסרת איפור בלונס 80 יחידות,ש. שסטוביץ בע`מ,GR,פדים בלונס 3 יח,יחידה,1.00,יחידה,false,0,18.70,18.70,true,1,
7290003401369,false,"קרם לחות לשיער חוחובה נטורל פורמולה 400 מ""ל",החברה הדרומית לשיווק בעמ,IL,קרם לחות לשיער,מיליליטרים,400.00,"100 מ""ל",false,0,17.00,4.25,true,1,
7290003401376,false,"קרם לחות ועיצוב לשיער אלוורה נטורל 400 מ""ל",החברה הדרומית לשיווק בעמ,IL,קרם לחות לשיער,מיליליטרים,400.00,"100 מ""ל",false,0,17.00,4.25,true,1,
7290003401635,false,נטורל פורמולה לחות מעצבת לפתיחת תלתלים,החברה הדרומית לשיווק בעמ,IL,קרם לחות לשיער,מיליליטרים,400.00,"100 מ""ל",false,0,18.50,4.63,true,1,
7290003411238,false,שמרים יבשים נמסים הנ,הנמל אריזות ושיווק (1984) בעמ,BE,שמרים יבשים,גרמים,500.00,100 גרם,false,0,12.40,2.48,true,1,
7290003411849,false,גרנולה עם תמרים ושקדים 400 גרם,הנמל אריזות ושיווק (1984) בעמ,IL,גרנולה תמרים,גרמים,400.00,100 גרם,false,0,9.50,2.38,true,1,
7290003411993,false,גפרורים הנמל 10 יחידות,הנמל אריזות ושיווק (1984) בעמ,SE,גפרורים,יחידה,1.00,יחידה,false,0,2.70,2.70,true,1,
7290003414406,false,הרשי ריזס נטיפי אפייה בוטנים 283 גר',ליימן מותגים,US,ריז נטיפים,גרמים,283.00,100 גרם,false,1,14.10,4.98,true,1,
7290003423909,false,חטיף קוקיס אנד קרים לבן 43 גרם,ליימן מותגים,US,חטיף שוקולד לבן,גרמים,43.00,100 גרם,false,0,4.10,9.53,true,1,
7290003427154,false,"שמן זית כתית מעולה טעם מעודן זיתא 750 מ""ל",תה ויסוצקי (ישראל) בעמ,IL,שמן זית כתית,מיליליטרים,750.00,"100 מ""ל",false,0,25.50,3.40,true,1,
7290003434657,false,אשכולות אגוזי לוז חמוציות ואורז מלא בשוקולד מריר 120 גרם,הום מייד,IL,אשכולות אגוזים,גרמים,120.00,100 גרם,false,1,11.00,9.17,true,1,
7290003438006,false,ממרח אולביה פסטו וצנובר איטלקי 190ג',תה ויסוצקי (ישראל) בעמ,IL,רוטב פסטו,גרמים,180.00,100 גרם,false,0,11.80,6.56,true,1,
7290003438013,false,7290003אוליביה ממרח זיתים ירוקים 190 גרם,תה ויסוצקי (ישראל) בעמ,IL,ממרח זיתים,גרמים,190.00,100 גרם,false,0,11.80,6.21,true,1,
7290003438020,false,אוליביה ממרח עגבניות מיובשות (190 גרם),תה ויסוצקי (ישראל) בעמ,IL,ממרח עגבניות,גרמים,190.00,100 גרם,false,0,11.80,6.21,true,1,
7290003438853,false,אוליביה ממרח אריסה חריפה 185 גר ',תה ויסוצקי (ישראל) בעמ,IL,אריסה חריפה,גרמים,185.00,100 גרם,false,1,11.80,6.38,true,1,
7290003438990,false,עיטורי עגבניות מיובשות וזיתים אוליביה 280 ג',תה ויסוצקי (ישראל) בעמ,IL,עגבניות מיובשות,גרמים,280.00,100 גרם,false,0,15.30,5.46,true,1,
7290003444009,false,הרשי ריזס חטיף במילוי בוטנים 42 גרם,ליימן מותגים,US,חטיף שוקולד חלב,גרמים,42.00,100 גרם,false,0,3.30,7.86,true,1,
7290003450602,false,חרדל אמיתי צהוב בקבוק לחיץ 255 גר,היינץ צפון אמריקה מקבוצת ה.י.היינץ,US,ממרח חרדל צהוב,גרמים,255.00,100 גרם,false,0,7.60,2.98,true,1,
7290003495405,false,בורקס פילאס פיצה,גידרון,IL,בורקס פיצה חלבי,קילוגרמים,0.00,"ק""ג",true,0,35.00,35.00,true,1,
7290003495825,false,בייגלה טוסט לבן,,IL,בייגלה טוסט לבן,יחידה,1.00,יחידה,false,0,11.80,11.80,true,1,
7290003495849,false,4 חצי ג'בטה כפרי,,,4 חצי ג'בטה כפרי,יחידה,1.00,יחידה,false,0,11.80,11.80,true,1,
7290003520572,false,מטריות חרובים שקית בודד (בשרוול 6 שקיות),תופינית,,מטריות שוקולד,גרמים,54.00,100 גרם,false,0,13.50,25.00,true,1,
7290003521074,false,סרקל מרכך שיער לילדים דר. פישר (1 ליטר),"פישר תעשיות פרמצביטות בע""מ",IL,מרכך לילדים סרקל,ליטרים,1.00,ליטר,false,0,24.70,24.70,true,1,
7290003521081,false,"סרקל שמפו אל דמע לילדים ד""ר פישר 1 ליטר","פישר תעשיות פרמצביטות בע""מ",IL,סרקל שמפו לילדים,ליטרים,1.00,ליטר,false,0,24.70,24.70,true,1,
7290003521166,false,"ד""ר פישר - סרקל קרם רוזמרין לילדים 325 מ""ל","פישר תעשיות פרמצביטות בע""מ",IL,סרקל קרם רוזמרין,מיליליטרים,325.00,"100 מ""ל",false,0,21.20,6.52,true,1,
7290003521180,false,"סרקל שמפו+מרכך500 מ""ל",פישר תעשיות פרמבצטיות בעמ,IL,שמפו+מרכך סרקל,מיליליטרים,500.00,"100 מ""ל",false,0,14.00,2.80,true,1,
7290003525461,false,סלט טונה פיקנטי ויליגר 160 גרם,נטו מילנדה סחר בעמ*,IL,סלט טונה פיקנטי,גרמים,160.00,100 גרם,false,0,5.10,3.19,true,1,
7290003525478,false,סלט טונה ויליגר 160 גרם,נטו מילנדה סחר בעמ*,IL,סלט טונה,גרמים,160.00,100 גרם,false,0,5.10,3.19,true,1,
7290003550937,false,רגל פרוסה קפואה במגש,טיבון ויל - נטו,IL,רגל פרוסה קג,קילוגרמים,0.00,"ק""ג",true,0,30.60,30.60,true,1,
7290003570171,false,מינוט שניצל 300 גרם ארוז בלדי,"בלדי בע""\מ",IL,מינוט שניצל,גרמים,300.00,100 גרם,false,1,21.20,7.07,true,1,
7290003643004,false,אורז בסמטי קלאסי סוגת (1 קג),האי נאם סי או אל.טי.,IL,אורז בסמטי קלאסי,קילוגרמים,1.00,"ק""ג",false,0,11.00,11.00,true,1,
7290003643325,false,קוסקוס בינוני סוגת (350 גרם),"אסיף תעשיות מזון בע""\מ",IL,קוסקוס בינוני,גרמים,350.00,100 גרם,false,0,4.10,1.17,true,1,
7290003643387,false,סוכר לבן בצנצנת פלסטיק 1 ק`ג,האי נאם סי או אל.טי.,IL,סוכר לבן צנצנת,קילוגרמים,1.00,"ק""ג",false,0,6.70,6.70,true,1,
7290003643646,false,"סוכר דמררה קלאסי בצנצנת סוגת 1 ק""ג",האי נאם סי או אל.טי.,IL,סוכר דמררה,קילוגרמים,1.00,"ק""ג",false,0,11.00,11.00,true,1,
7290003643684,false,אפונה יבשה סוגת 500 גר',האי נאם סי או אל.טי.,IL,אפונה 500 גרם,גרמים,500.00,100 גרם,false,0,5.00,1.00,true,1,
7290003643714,false,חומוס גרגירים 500 גרם סוגת,האי נאם סי או אל.טי.,IL,חומוס,גרמים,500.00,100 גרם,false,0,7.20,1.44,true,1,
7290003643738,false,חיטה סוגת (500 גרם),האי נאם סי או אל.טי.,IL,חיטה 500 גרם,גרמים,500.00,100 גרם,false,0,5.00,1.00,true,1,
7290003643745,false,כוסמת סוגת (500 גרם),האי נאם סי או אל.טי.,IL,כוסמת,גרמים,500.00,100 גרם,false,0,5.90,1.18,true,1,
7290003643752,false,עדשים ירוקים יבש סוגת 500 גר',האי נאם סי או אל.טי.,IL,עדשים ירוקות,גרמים,500.00,100 גרם,false,0,6.70,1.34,true,1,
7290003643769,false,עדשים אדומים יבש סוגת 500 גר',"סוגת תעשיות בע""\מ",IL,עדשים אדומות,גרמים,500.00,100 גרם,false,0,7.20,1.44,true,1,
7290003643806,false,שעועית לבנה יבשה סוגת (500 גרם),האי נאם סי או אל.טי.,IL,שעועית לבנה,גרמים,500.00,100 גרם,false,0,10.00,2.00,true,1,
7290003643820,false,חומוס ענק יבש סוגת 500 גרם,"סוגת תעשיות בע""\מ",IL,חומוס ענק,גרמים,500.00,100 גרם,false,0,8.40,1.68,true,1,
7290003648207,false,פילה הרינג בשמן בסגנ,"סלטי שמיר 2006 בע""מ",IL,מטיאס הולנדי,קילוגרמים,0.00,"ק""ג",true,0,47.00,47.00,true,1,
7290003648306,false,מקרל מעושן במשקל,"סלטי שמיר 2006 בע""מ",IL,מקרל מעושן,קילוגרמים,0.00,"ק""ג",true,0,76.00,76.00,true,1,
7290003726110,false,טופו אורגני בוואקום,Unknown,IL,טופו אורגני,גרמים,300.00,100 גרם,false,0,11.80,3.93,true,1,
7290003726332,false,עוגיות תמר וטופו 500 גרם,קינג דיויד,IL,עוגיות תמר וטופו,גרמים,500.00,100 גרם,false,0,22.90,4.58,true,1,
7290003726592,false,טופו מתובל בפסטו במרקם קלאסי,שטראוס גרופ בעמ/מצונן,IL,טופו בטעם פסטו,גרמים,300.00,100 גרם,false,1,10.20,3.40,true,1,
7290003726615,false,"טופו ויילר 300 גרם ""שטראוס""",שטראוס גרופ בעמ/מצונן,IL,טופו ויילר,גרמים,300.00,100 גרם,false,1,10.20,3.40,true,1,
7290003726776,false,שניצל טופו בטעם עוף 420 גר`משק ויילר,קפוא-זן תעשיות מזון בעמ - תפוג,IL,שניצל טופו,גרמים,420.00,100 גרם,false,1,17.00,4.05,true,1,
7290003726783,false,שניצל טופו עם תירס 420 גר`משק ויילר,קפוא-זן תעשיות מזון בעמ - תפוג,IL,שניצל טופו,גרמים,420.00,100 גרם,false,1,17.00,4.05,true,1,
7290003726806,false,שניצל טופו עם ברוקולי 420 גר`,קפוא-זן תעשיות מזון בעמ - תפוג,IL,שניצל טופו,גרמים,420.00,100 גרם,false,1,17.00,4.05,true,1,
7290003744428,false,אובלטים מלוחים דקדקים קימל ברט (300 גרם),שוקוטרייד בעמ,IL,אובלטים מלוחים,גרמים,300.00,100 גרם,false,0,9.30,3.10,true,1,
7290003744855,false,אובלטים עם שומשום 300 גר,שוקוטרייד בעמ,IL,אובלטים שומשום,גרמים,300.00,100 גרם,false,0,9.30,3.10,true,1,
7290003744862,false,אובלטים מלוחים דקיקים זעתר ברט (300 גרם),שוקוטרייד בעמ,IL,אובלטים מלוחים,גרמים,300.00,100 גרם,false,0,9.30,3.10,true,1,
7290003781065,false,מלפפונים בחומץ קטנים מאוד וילי פוד 370 גרם,ג. וילי-פוד אינטרנשיונל בע`מ,VN,מלפפונים במלח,גרמים,680.00,100 גרם,false,0,10.10,1.49,true,1,
7290003796489,false,.מכסה הצלע,ארביץ/ פניקס,AR,מכסה הצלע,קילוגרמים,0.00,"ק""ג",true,1,21.20,21.20,true,1,
7290003804252,false,תיבוליות לאורז בנוסח הודי קנור 80גרם,יוניליוור ישראל שיווק בע`מ,IL,תיבוליות קנור,גרמים,72.00,100 גרם,false,0,7.60,10.56,true,1,
7290003804320,false,תיבולית שום ופטרוזיליה קנור 72 גרם,יוניליוור ישראל שיווק בע`מ,IL,תיבוליות קנור,גרמים,72.00,100 גרם,false,0,7.60,10.56,true,1,
7290003804368,false,תיבוליות בזיליקום קנור (8 יח`- 72 גרם),יוניליוור ישראל שיווק בע`מ,IL,תיבוליות קנור,גרמים,72.00,100 גרם,false,0,7.60,10.56,true,1,
7290003804382,false,תיבוליות פטריות קנור (8 יח`- 72 גרם),יוניליוור ישראל שיווק בע`מ,IL,תיבוליות פטריות,גרמים,72.00,100 גרם,false,0,7.60,10.56,true,1,
7290003805501,false,"פתית בסגנון שוודי תלמה בד""צ 300 גרם",יוניליוור ישראל שיווק בע`מ,IL,פתית קרקר שוודי,גרמים,300.00,100 גרם,false,0,14.40,4.80,true,1,
7290003805587,false,"פתית חיטה מלאה בד""צ 250 גרם-קופסא",יוניליוור ישראל שיווק בע`מ,IL,פתית חיטה מלאה,גרמים,250.00,100 גרם,false,0,14.40,5.76,true,1,
7290003807178,false,"רוטב קנור סויה בסגנון סיני 300 מ""ל",יוניליוור ישראל שיווק בע`מ,IL,רוטב סויה,מיליליטרים,300.00,"100 מ""ל",false,0,9.30,3.10,true,1,
7290003807482,false,קנור רוטב טריאקי מופחת נתרן 370 גרם,יוניליוור ישראל שיווק בע`מ,IL,רוטב טריאקי,גרמים,300.00,100 גרם,false,0,9.30,3.10,true,1,
7290003821754,false,סלמון נורבגי מעושן קפוא,"ויליגר, תעשיות בע""מ",IL,סלמון מעושןקפוא,גרמים,100.00,100 גרם,false,0,18.70,18.70,true,1,
7290003864478,false,סרדינים בשמן צמחי פתח קל ויליפוד 110 גרם,ג.וילי-פוד אינטרנשיונל בעמ,TH,סרדין בשמן סויה,גרמים,110.00,100 גרם,false,0,4.50,4.09,true,1,
7290003864485,false,סרדינים ברוטב עגבנ יות ויליפוד 110ג' פתח קל,ג. וילי-פוד אינטרנשיונל בע`מ,TH,סרדינים ברוטב,גרמים,110.00,100 גרם,false,0,4.50,4.09,true,1,
7290003864492,false,סרדינים בשמן צמחי חריף פתח קל ויליפוד 110ג',ג. וילי-פוד אינטרנשיונל בע`מ,TH,סרדין פיקנטי,גרמים,110.00,100 גרם,false,0,4.50,4.09,true,1,
7290003882922,false,עלי גפן ממולאים באורז וילי פוד 360 גרם,ג. וילי-פוד אינטרנשיונל בע`מ,CN,עלי גפן ממולאים,גרמים,400.00,100 גרם,false,0,7.60,1.90,true,1,
7290003903771,false,קפה נמס קפוצ'ינו רגיל 200 ג',שטראוס גרופ בע`מ,IL,קפוצ'ינו פחית,גרמים,200.00,100 גרם,false,0,20.60,10.30,true,1,
7290003917150,false,GARDEN OASIS מארז מתכת מהודר חצי עיגול,ניקנור,IL,מגש 2 כדים,יחידה,1.00,יחידה,false,0,72.50,72.50,true,1,
7290003976027,false,מרכך כביסה פריחת עמק 4 ל,אקופרנד,IL,מרכך כביסה,ליטרים,4.00,ליטר,false,1,27.20,6.80,true,1,
7290003976089,false,אקופרנד ג'ל כביסה 4 ליטר,סאסטרק,IL,ג'ל כביסה,ליטרים,4.00,ליטר,false,1,42.20,10.55,true,1,
7290003976096,false,אקופרינד-גל כביסה מרוכז 1 ליטר,אקופרנד,IL,ג'ל כביסה מרוכז,ליטרים,1.00,ליטר,false,1,17.30,17.30,true,1,
7290003989096,false,סלט חצילים פיקנטי אחלה 500 גרם,שטראוס גרופ בעמ/מצונן,IL,חציל פיקנטי אחלה,גרמים,500.00,100 גרם,false,0,13.20,2.64,true,1,
7290003989539,false,רביולי עם גבינה שטראוס (400 גרם),שטראוס גרופ בעמ/מצונן,IL,רביולי גבינה,גרמים,400.00,100 גרם,false,0,17.00,4.25,true,1,
7290003989553,false,פסטה טורטליני גבינה ופטריות 400 גרם,שטראוס גרופ בעמ/מצונן,IL,טורטליני פטריות,גרמים,400.00,100 גרם,false,0,17.00,4.25,true,1,
7290004011284,false,בסיס להכנת קצפת צמחי ריץ` (212 מל),ריצ' פרודקטס קורפריי,US,ריצ' להכנת קצפת,מיליליטרים,212.00,"100 מ""ל",false,0,7.60,3.58,true,1,
7290004011338,false,קצפת מתוקה מוכנה ספריי ריץ` (250 מל),נטו מלינדה סחר בע`מ,IT,קצפת ריצ' במיכל,מיליליטרים,250.00,"100 מ""ל",false,0,8.40,3.36,true,1,
7290004011345,false,"ספריי קצפת מתוקה מוכנה פרווה ריץ' 238 מ""ל",האי נאם סי או אל.טי.,IT,קצפת מתוקה,גרמים,250.00,100 גרם,false,0,8.40,3.36,true,1,
7290004011802,false,נקניקיות צ'וריסוס אל גאוצ'ו 400 גר',טיבון ויל אחזקות בעמ,IL,צ'וריסוס,גרמים,400.00,100 גרם,false,0,20.40,5.10,true,1,
7290004011819,false,המבורגר ריב אנטריקוט אל גאוצ`ו 360 גר`ק,נטו מלינדה סחר בע`מ,IL,המבורגר ריב,גרמים,360.00,100 גרם,false,0,20.40,5.67,true,1,
7290004023041,false,"לחם שיפון ללא שמרים ד""ר מרק 750 גר'",המאפה של דר מרק בריאות באפייה,IL,לחם מחמצת שיפון,גרמים,750.00,100 גרם,false,0,12.60,1.68,true,1,
7290004030186,false,אקסטרא מים לימונענע 1 ל,,IL,אקסטרא מים לימון,ליטרים,1.00,ליטר,false,1,11.00,11.00,true,1,
7290004030216,false,משקה בטעם חמוציות 1 ליטר פריניב,הנסיך- מפעל לייצור ט,IL,נקטר חמוציות,ליטרים,1.00,ליטר,false,1,11.80,11.80,true,1,
7290004030223,false,מיץ תפוחים סחוט רכיבים טבעיים 100% פרי ניב 1 ליטר,הנסיך- מפעל לייצור ט,IL,מיץ תפוחים סחוט,ליטרים,1.00,ליטר,false,0,15.30,15.30,true,1,
7290004030445,false,מיץ תפוזים סחוט רכיבים טבעיים 1 ליטר פרי ניב,הנסיך- מפעל לייצור ט,IL,מיץ תפוזים סחוט,ליטרים,1.00,ליטר,false,0,12.60,12.60,true,1,
7290004030612,false,"מיץ תפוח, קיווי אגס ללא תוספת סוכר 1 ליטר פרי ניב",הנסיך- מפעל לייצור ט,IL,משקה תפוח קיווי,ליטרים,1.00,ליטר,false,0,12.90,12.90,true,1,
7290004030810,false,שייק 100% בננה פסיפלורה תפוז מופחת סוכר1,תנובה - פריניב,IL,מיץ פריניב,מיליליטרים,1000.00,"100 מ""ל",false,1,15.30,1.53,true,1,
7290004030834,false,מיץ רימונים סחוט 100% רכיבים טבעיים פרי ניב 1 ליטר,תנובה - פריניב,IL,מיץ רימונים,ליטרים,1.00,ליטר,false,0,20.30,20.30,true,1,
7290004030940,false,אקסטרה מים לימון אפרסק1ל,,IL,אקסטרה מים בטעמי,ליטרים,1.00,ליטר,false,1,11.00,11.00,true,1,
7290004033705,false,הבורגריה – 6 לחמניות המבורגר בשקית,מאפית י את א ברמן בע,IL,לחמניות 6 יח',גרמים,600.00,100 גרם,false,1,11.80,1.97,true,1,
7290004033736,false,"עננים לחם לבן בסגנון בריוש עם פרוסות עבות, 500 גרם",מאפית י את א ברמן בע,IL,לחם עננים בריוש,גרמים,500.00,100 גרם,false,1,13.20,2.64,true,1,
7290004043108,false,עדשי מ&מ'ס שוקולד 89 גרם,מרס,US,עדשי מ&מ'ס,גרמים,89.00,100 גרם,false,1,5.90,6.63,true,1,
7290004048679,false,קובה למרק שלושת האופים(כ 18 יח`- 1 קג),נטו מלינדה סחר בעמ,IL,קובה למרק,גרמים,1000.00,100 גרם,false,0,18.70,1.87,true,1,
7290004064099,false,מטחנה מלח ים מהרי ההימלאיה מלח הארץ 100 גרם,"חברת מלח הארץ אילת בע""\מ",IL,מטחנה מלח,גרמים,250.00,100 גרם,false,1,11.80,4.72,true,1,
7290004064174,false,"תבלין מלח ההימלאיה דק בצנצנת 1 ק""ג","חברת מלח הארץ אילת בע""\מ",PK,מלח דק הימלאיה,קילוגרמים,1.00,"ק""ג",false,1,13.50,13.50,true,1,
7290004064181,false,"תבלין מלח ההימלאיה גס בצנצנת 1 ק""ג","חברת מלח הארץ אילת בע""\מ",PK,מלח גס הימלאיה,קילוגרמים,1.00,"ק""ג",false,1,13.50,13.50,true,1,
7290004064228,false,מלח במטחנה אקסטרא תבלינים שום ופלפל 125 גר',"חברת מלח הארץ אילת בע""\מ",IL,מטחנת מלח מתובל,גרמים,125.00,100 גרם,false,1,12.70,10.16,true,1,
7290004064297,false,"מלח מועשר ביוד בצנצנת מלח הארץ 1 ק""ג","חברת מלח הארץ אילת בע""\מ",IL,מלח מועשר ביוד,קילוגרמים,1.00,"ק""ג",false,1,7.60,7.60,true,1,
7290004064303,false,מלח אטלנטי בצנצנת מלח הארץ 800 גרם,"חברת מלח הארץ אילת בע""\מ",FR,מלח אטלנטי,גרמים,800.00,100 גרם,false,1,15.30,1.91,true,1,
7290004064358,false,"מלח דק זורם בקלות מלח הארץ קרטון 1 ק""ג","חברת מלח הארץ אילת בע""\מ",IL,מלח דק,קילוגרמים,1.00,"ק""ג",false,1,4.20,4.20,true,1,
7290004064365,false,"מלח דק מועשר ביוד מלח הארץ קרטון 1 ק""ג","חברת מלח הארץ אילת בע""\מ",IL,מלח דק מועשר יוד,קילוגרמים,1.00,"ק""ג",false,1,5.00,5.00,true,1,
7290004064372,false,מטחנת מלח אקסטרא תבלינים איטלקי 105 גר,"חברת מלח הארץ בע""\מ",IL,מטחנת מלח איטלקי,גרמים,105.00,100 גרם,false,1,12.70,12.09,true,1,
7290004064389,false,מלח הימלאיה דק 250ג מלחיה סוגת*,"חברת מלח הארץ אילת בע""\מ",IL,מלח הימלאיה דק,גרמים,250.00,100 גרם,false,1,8.90,3.56,true,1,
7290004068011,false,יוגורט כבשים בדלי 5% שומן 600 ג' גד,מחלבות גד שיווק 1992 בעמ,IL,יוגורט כבשים,גרמים,600.00,100 גרם,false,0,14.70,2.45,true,1,
7290004068028,false,"יוגורט צזיקי לשתיה 3.5% 500 מ""ל רובין",מחלבות גד שיווק 1992 בעמ,IL,ציזיקי לשתיה,מיליליטרים,500.00,"100 מ""ל",false,0,7.80,1.56,true,1,
7290004068035,false,"איירן יוגורט לשתייה 3% גד 500 מ""ל",מחלבות גד שיווק 1992 בעמ,IL,אירן משקה יוגורט,מיליליטרים,500.00,"100 מ""ל",false,0,6.80,1.36,true,1,
7290004068172,false,"יוגורט עיזים בדלי 5% 600 מ""ל רובין",מחלבות גד שיווק 1992 בעמ,IL,יוגורט עזים בדלי,גרמים,600.00,100 גרם,false,0,14.70,2.45,true,1,
7290004068394,false,גבינת קממבר בקר במשק,מחלבות גד,IL,גבינת קממבר בקר,קילוגרמים,0.00,"ק""ג",true,0,82.00,82.00,true,1,
7290004068424,false,גבינה גאודה משולשים,מחלבות גד בעמ`,IL,גבינת גאודה,קילוגרמים,0.00,"ק""ג",true,0,94.00,94.00,true,1,
7290004068585,false,גאודה עיזים משולשים משקל,מחלבת אמלטי הולנד,NL,גאודה עיזים,קילוגרמים,0.00,"ק""ג",true,1,111.00,111.00,true,1,
7290004068912,false,גרנה פדנו משולש במשקל,מחלבות גד,IL,גרנה פדנו מעדניה,קילוגרמים,0.00,"ק""ג",true,1,106.00,106.00,true,1,
7290004078263,false,מקלות אוזניים פלסטיק 2* 200 יחידות,ש. שסטוביץ בע`מ,GR,מקלוני כותנה,יחידה,1.00,יחידה,false,0,10.10,10.10,true,1,
7290004078270,false,נוזל לניקוי כלים בריח לימון פלמוליב 1 ליטר,יבואן ומשווק: ש. שסט,GR,פלמוליב לכלים,ליטרים,1.00,ליטר,false,0,11.80,11.80,true,1,
7290004078942,false,ליידי ספיד סטיק - דאודורנט ג'ל לאישה 65 גרם,קולגייט-פלמוליב,US,דאודורנט,גרמים,65.00,100 גרם,false,0,14.40,22.15,true,1,
7290004119133,false,כד יוגורט תנובה 6.5% שומן 1.5 ליטר,מיוצר עי קונדיטוריית,IL,יוגורט בכד,ליטרים,1.50,ליטר,false,0,14.70,9.80,true,1,
7290004119225,false,יופלה יוגורט בטעם אננס %3 150 גרם,תנובה מרכז שיתופי לש,IL,יופלה אננס 3%,גרמים,150.00,100 גרם,false,0,4.20,2.80,true,1,
7290004119928,false,מעדן חלב בטעם וניל 2% קרלו תנובה 125 גרם,מחלבת אלון תבור,IL,מעדן קרלו וניל3%,גרמים,125.00,100 גרם,false,0,2.40,1.92,true,1,
7290004120061,false,מעדן חלב בטעם שוקו וניל שוניל 2% קרלו 125 גרם,תנובה מרכז שיתופי לש,IL,מעדן קרלו שוניל,גרמים,125.00,100 גרם,false,0,2.50,2.00,true,1,
7290004120108,false,יופלה דיאט יוגורט דובדבן %0 גביע 150גרם,תנובה מרכז שיתופי לש,IL,יופלה דיאט 0%,גרמים,150.00,100 גרם,false,0,4.20,2.80,true,1,
7290004120566,false,גבינה בולגרית (25024% גרם)פיראוס תנובה,"תנובה בע""מ ***",IL,גבינה בולגרית24%,גרמים,250.00,100 גרם,false,0,20.20,8.08,true,1,
7290004120573,false,גבינה בולגרית (25016% גרם)פיראוס תנובה,תנובה מרכז שיתופי לש,IL,גבינה בולגרית16%,גרמים,250.00,100 גרם,false,0,20.20,8.08,true,1,
7290004120634,false,גבינה בולגרית (2505% גרם)פיראוס תנובה,תנובה מרכז שיתופי לש,IL,גבינה בולגרית5%,גרמים,250.00,100 גרם,false,0,18.70,7.48,true,1,
7290004120832,false,"חלב 2 ליטר 3% כד ""תנובה""- מוצר בפיקוח",תנובה מרכז שיתופי לש,IL,חלב שתיה 3%,ליטרים,2.00,ליטר,false,0,10.64,5.32,true,1,
7290004121488,false,יוגורט ביו דיאט 0% אפרסק יופלה (150 גרם),תנובה מרכז שיתופי לש,IL,יופלה דיאט אפרסק,גרמים,150.00,100 גרם,false,0,4.20,2.80,true,1,
7290004121754,false,יוגורט ביו עוגת גבינה ותות 3% יופלה 150 גרם,תנובה בעמ ***,IL,יופלה קרם גבינה,גרמים,150.00,100 גרם,false,0,4.20,2.80,true,1,
7290004121839,false,גבינת פטה כבשים (25020% גרם)פיראוס בול,תנובה מרכז שיתופי לש,IL,פטה כבשים פיראוס,גרמים,250.00,100 גרם,false,0,22.90,9.16,true,1,
7290004121853,false,גבינה בולגרית קוביות (2005% גרם)פיראוס,תנובה מרכז שיתופי לש,IL,קוביות בולגרית5%,גרמים,200.00,100 גרם,false,0,18.40,9.20,true,1,
7290004122119,false,פתיתי פרמזן לפסטה 23% השף הלבן 100 גרם,"תנובה בע""מ ***",IL,פתיתי פרמזן,גרמים,100.00,100 גרם,false,0,10.40,10.40,true,1,
7290004122195,false,גוש חלב גבינה צהובה פרוסה 28% תנובה 200 גרם,"תנובה בע""מ ***",IL,גבינה גוש חלב,גרמים,200.00,100 גרם,false,0,11.80,5.90,true,1,
7290004122270,false,עמק קלאסית פרוסות גבינה חצי קשה 28% 200 גרם,תנובה מרכז שיתופי לש,IL,גבינת עמק פרוס,גרמים,200.00,100 גרם,false,0,13.50,6.75,true,1,
7290004122348,false,גבינה צהובה מופחתת שומן 9% עמק (200 גרם),תנובה מרכז שיתופי לש,IL,גבינת עמק 9%,גרמים,200.00,100 גרם,false,0,14.40,7.20,true,1,
7290004122607,false,גבינת עמק לייט 9% במשקל,תנובה מרכז שיתופי לש,IL,גבינת עמק לייט9%,קילוגרמים,0.00,"ק""ג",true,0,61.00,61.00,true,1,
7290004122676,false,גבינה חמד לייט (2505% גרם)פיראוס תנובה,"תנובה,מחלבת טנא נוגה",IL,גבינת חמד לייט5%,גרמים,250.00,100 גרם,false,0,15.80,6.32,true,1,
7290004122683,false,עמק חטיף אצבעות גבינה חצי קשה 28% שומן,תנובה מרכז שיתופי לש,IL,אצבעות עמק,גרמים,172.00,100 גרם,false,0,14.00,8.14,true,1,
7290004124205,false,יופלה דיאט יוגורט תות %0 גביע 150 גרם,תנובה מרכז שיתופי לש,IL,יופלה דיאט תות0%,גרמים,150.00,100 גרם,false,0,4.20,2.80,true,1,
7290004125370,false,"שמנת חמוצה 9% מופחתת שומן תנובה 200 מ""ל מהדרין",תנובה מרכז שיתופי לש,IL,שמנת חמוצה 9%,מיליליטרים,200.00,"100 מ""ל",false,0,2.90,1.45,true,1,
7290004125400,false,"אשל שלי מהדרין 200 מ""ל 4.5% ""תנובה""- מוצר בפיקוח",פארייפאבה אגרואינדוס,IL,אשל 4.5% שומן,מיליליטרים,200.00,"100 מ""ל",false,0,1.44,0.72,true,1,
7290004125417,false,"גיל 3% שלי 200 מ""ל ""תנובה"" -מוצר בפיקוח",תנובה מרכז שיתופי לש,IL,גיל לבן 3%שומן,מיליליטרים,200.00,"100 מ""ל",false,0,1.29,0.65,true,1,
7290004125455,false,"שמנת חמוצה 200 מ""ל 15% ""תנובה"" -מוצר בפיקוח",תנובה מרכז שיתופי לש,IL,שמנת תנובה 15%,מיליליטרים,200.00,"100 מ""ל",false,0,2.05,1.03,true,1,
7290004125462,false,"שמנת חמוצה 15% תנובה 500 מ""ל מהדרין",תנובה מרכז שיתופי לש,IL,שמנת חמוצה 15%,מיליליטרים,500.00,"100 מ""ל",false,0,5.12,1.02,true,1,
7290004125509,false,"שמנת חמוצה 15% מועשרת תנובה 100 מ""ל",תנובה מרכז שיתופי לש,IL,שמנת חמוצה 15%,מיליליטרים,100.00,"100 מ""ל",false,0,1.40,1.40,true,1,
7290004125578,false,משקה סויה מעושר בסידן תנובה 1ל',תנובה מרכז שיתופי לש,IL,משקה סויה,ליטרים,1.00,ליטר,false,0,9.30,9.30,true,1,
7290004125585,false,משקה סויה בטעם וניל תנובה 1 ליטר,תנובה מרכז שיתופי לש,IL,משקה סויה וניל,ליטרים,1.00,ליטר,false,0,9.30,9.30,true,1,
7290004125721,false,"השף הלבן שמנת עמידה לבישול 15% תנובה 250 מ""ל",תנובה מרכז שיתופי לש,IL,שמנת לבישול15%,מיליליטרים,250.00,"100 מ""ל",false,0,7.00,2.80,true,1,
7290004125738,false,שמנת מתוקה להקצפה32% 250מל עמיד השף הלבן,תנובה מרכז שיתופי לש,IL,שמנת להקצפה32%,מיליליטרים,250.00,"100 מ""ל",false,0,5.50,2.20,true,1,
7290004125776,false,גבינה צהובה קלאסית 28% עמק (400 גרם),"תנובה בע""מ ***",IL,גבינת עמק פרוס,גרמים,400.00,100 גרם,false,0,23.80,5.95,true,1,
7290004126650,false,גבינה צפתית 5% תנובה,תנובה מרכז שיתופי לש,IL,גבינה צפתית 5%,קילוגרמים,0.00,"ק""ג",true,0,47.00,47.00,true,1,
7290004126674,false,טל העמק פרוסות גבינה חצי קשה לייט %9 200 גרם בקופסא,תנובה מרכז שיתופי לש,IL,גבינה טל העמק,גרמים,200.00,100 גרם,false,0,15.80,7.90,true,1,
7290004126759,false,דאיט יופלה פירות יער טו יוג פרי 150גר.,"תנובה בע""מ ***",IL,יופלה דיאט,גרמים,150.00,100 גרם,false,0,4.20,2.80,true,1,
7290004127077,false,קוטג תנובה 3% גביע 250 גרם מהדרין,מיוצר עי קונדיטוריית,IL,קוטג' 3% שומן,גרמים,250.00,100 גרם,false,0,4.70,1.88,true,1,
7290004127329,false,קוטג תנובה גביע 250 גרם %5 ו.מהדרין,מיוצר עי קונדיטוריית,IL,קוטג' תנובה 5%,גרמים,250.00,100 גרם,false,0,4.70,1.88,true,1,
7290004127336,false,קוטג תנובה גביע 250 גרם %9 ו.מהדרין,מיוצר עי קונדיטוריית,IL,קוטג' תנובה 9%,גרמים,250.00,100 גרם,false,0,4.70,1.88,true,1,
7290004127800,false,"גבינה לבנה 500 גרם 5% ""תנובה"" -מוצר בפיקוח",מיוצר עי קונדיטוריית,IL,גבינה לבנה 5%,גרמים,500.00,100 גרם,false,0,8.52,1.70,true,1,
7290004127817,false,גבינה לבנה 9% שומן 500 ג' תנובה,מיוצר עי קונדיטוריית,IL,גבינה לבנה 9%,גרמים,500.00,100 גרם,false,0,8.10,1.62,true,1,
7290004127862,false,"גבינה לבנה 750 גרם 5% ""תנובה"" - מוצר בפיקוח",תנובה מרכז שיתופי לש,IL,גבינה לבנה 5%,גרמים,750.00,100 גרם,false,0,12.78,1.70,true,1,
7290004128333,false,לאבנה על בסיס יוגורט %9 שומן 500 ג' פיראוס,תנובה בעמ ***,IL,לאבנה פיראוס 9%,גרמים,500.00,100 גרם,false,0,16.60,3.32,true,1,
7290004128401,false,גבינת פטה פיראוס במש,תנובה חלב,IL,פטה פיראוס 20%,קילוגרמים,0.00,"ק""ג",true,0,94.00,94.00,true,1,
7290004129101,false,גבינת שמנת 25% בטעם טבעי 225 ג' נפוליאון,תנובה מרכז שיתופי לש,IL,גבינת נפוליאון,גרמים,225.00,100 גרם,false,0,11.80,5.24,true,1,
7290004129156,false,גבינת שמנת25% עם שום שמיר 225 ג' נפוליאון,תנובה מרכז שיתופי לש,IL,גבינת נפוליאון,גרמים,225.00,100 גרם,false,0,11.80,5.24,true,1,
7290004129767,false,"3% 'יופלה לבן מארז שמינייה 1.2 ק""ג",תנובה מרכז שיתופי לש,IL,יופלה לבן 3%,קילוגרמים,1.20,"ק""ג",false,0,14.70,12.25,true,1,
7290004130794,false,משקה סויה במתיקות מופחתת תנובה (1 ליטר),תנובה מרכז שיתופי לש,IL,משקה סויה,ליטרים,1.00,ליטר,false,0,8.40,8.40,true,1,
7290004130916,false,יוגורט יופלה פירות יער בשמנת 3% 150 גרם,תנובה מרכז שיתופי לש,IL,יופלה פירות יער,גרמים,150.00,100 גרם,false,0,4.20,2.80,true,1,
7290004131074,false,"חלב 1 ליטר 3% קרטון ""תנובה""- מוצר בפיקוח",תנובה מרכז שיתופי לש,IL,חלב בקרטון 3%,ליטרים,1.00,ליטר,false,0,5.32,5.32,true,1,
7290004131432,false,יוגורט יופלה לבן ביו 3% 200 גרם,מיוצר עי קונדיטוריית,IL,יופלה לבן 3%,גרמים,200.00,100 גרם,false,0,3.30,1.65,true,1,
7290004131456,false,יוגורט ביו 1.5% שומן 200 ג' יופלה,מיוצר עי קונדיטוריית,IL,יופלה לבן 1.5%,גרמים,200.00,100 גרם,false,0,3.40,1.70,true,1,
7290004131531,false,שוקו 30% פחות תוספת סוכר תנובה (1 ליטר),פארייפאבה אגרואינדוס,IL,שוקו בקבוק,ליטרים,1.00,ליטר,false,0,10.90,10.90,true,1,
7290004131814,false,גבינת צפתית מעודנת (2005% גרם)פיראוס ת,פארייפאבה אגרואינדוס,IL,צפתית 5% פיראוס,גרמים,200.00,100 גרם,false,0,12.70,6.35,true,1,
7290004132552,false,משקה סויה בטעם טבעי לייט תנובה 1 ליטר,תנובה מרכז שיתופי לש,IL,משקה סויה,ליטרים,1.00,ליטר,false,0,9.30,9.30,true,1,
7290004132712,false,חטיף אצבעות גבינת מוצרלה 20% 172 ג' עמק,תנובה מרכז שיתופי לש,IL,אצבעות מוצרלה,גרמים,172.00,100 גרם,false,0,14.10,8.20,true,1,
7290004133511,false,יופלה מאגדת לבן 1.5% מעודן 8 יח' * 150 ג',מיוצר עי קונדיטוריית,IL,יופלה מעודן 8 יח,קילוגרמים,1.20,"ק""ג",false,0,17.50,14.58,true,1,
7290004134945,false,יוגורט ביו 3% בטעם מוקה יופלה (150 גרם),תנובה מרכז שיתופי לש,IL,יופלה מוקה 3%,גרמים,150.00,100 גרם,false,0,4.20,2.80,true,1,
7290004135225,false,מעדן חלב דל קלוריות בטעם שוקולד 0.2שומ,תנובה מרכז שיתופי לש,IL,מעדן דיאט שוקולד,גרמים,150.00,100 גרם,false,0,3.40,2.27,true,1,
7290004135324,false,פיראוס בולגרית מע5%משקל,תנובה מרכז שיתופי לש,IL,פיראוס בולגרית,קילוגרמים,0.00,"ק""ג",true,0,41.00,41.00,true,1,
7290004135614,false,גבינה בולגרית מעודנת 5% פיראוס 250 גרם,"תנובה בע""מ ***",IL,בולגרית מעודנת5%,גרמים,250.00,100 גרם,false,0,18.70,7.48,true,1,
7290004136154,false,"משקה חלב אייס קפה תנובה בבקבוק 340 מ""ל",גוד פוד פרודקטס S.p,IL,משקה אייס קפה,מיליליטרים,340.00,"100 מ""ל",false,0,5.70,1.68,true,1,
7290004136598,false,מארז הפסקת אוכל עם קורנפלקס ומשקה חלב עמיד בטעם וניל,פארייפאבה אגרואינדוס,IL,חלב עם דגנים,יחידה,1.00,יחידה,false,0,8.10,8.10,true,1,
7290004136857,false,מעדן ג`לי בטעם פטל תנובה (125 גרם),תנובה מרכז שיתופי לש,IL,מעדן ג'לי פטל,גרמים,125.00,100 גרם,false,0,1.90,1.52,true,1,
7290004136864,false,מעדן ג'לי בטעם אננס עם חתיכות תנובה 125 גרם,תנובה בעמ ***,IL,מעדן ג'לי אננס,גרמים,125.00,100 גרם,false,0,2.30,1.84,true,1,
7290004136871,false,מעדן ג'לי בטעם אפרסק עם חתיכות תנובה 125 גרם,תנובה מרכז שיתופי לש,IL,מעדן ג'לי אפרסק,גרמים,125.00,100 גרם,false,0,2.30,1.84,true,1,
7290004137021,false,"שמנת עמידה לבישול מופחת שומן 10% השף הלבן 250 מ""ל",תנובה מרכז שיתופי לש,IL,שמנת לבישול10%,מיליליטרים,250.00,"100 מ""ל",false,0,7.00,2.80,true,1,
7290004137311,false,גבינה צהובה מופחתת שומן 9% עמק (400 גרם),"תנובה בע""מ ***",IL,גבינת עמק 9%,גרמים,400.00,100 גרם,false,0,26.40,6.60,true,1,
7290004165017,false,"רסק תפו""ע 600 גרם טבעי ללא סוכר יכין",ב ספירת מלאי,IL,"רסק תפו""ע ללת""ס",גרמים,560.00,100 גרם,false,0,6.70,1.20,true,1,
7290004170080,false,קרנץ שוקולד קינמון 450גר,גדרון,IL,עוגת קראנץ,גרמים,450.00,100 גרם,false,1,22.60,5.02,true,1,
7290004170097,false,עוגת קרנץ' שוקולד 450גרם,גדרון,IL,עוגת קרנץ שוקולד,גרמים,450.00,100 גרם,false,1,22.60,5.02,true,1,
7290004170103,false,עוגת קרנץ במילוי נוג,גדרון,IL,עוגת קרנץ' נוגט,גרמים,450.00,100 גרם,false,1,22.60,5.02,true,1,
7290004170851,false,לחם אותנטי אפוי 500 גרם,גידרון,IL,לחם אותנטי,גרמים,500.00,100 גרם,false,1,11.00,2.20,true,1,
7290004199203,false,קיסמי שיניים במבוק מלחיה לב הוסטס (300),הדקלאים אגודת שיתופי,CN,קיסמי שיניים,יחידה,1.00,יחידה,false,0,2.90,2.90,true,1,
7290004199784,false,כפפות S לטקס עם איבוק עדין 100 יח- SAFE TOUCH,אינטרסן (1996) בעמ,TH,כפפות לטקס S,יחידה,1.00,יחידה,false,1,25.50,25.50,true,1,
7290004199807,false,כפפות L לטקס עם איבוק עדין 100 יח- SAFE TOUCH,אינטרסן (1996) בעמ,TH,כפפות לטקס L,יחידה,1.00,יחידה,false,1,25.50,25.50,true,1,
7290004219079,false,לבבות דקל פרוסות וילי פוד (400 גרם),ג. וילי-פוד אינטרנשיונל בע`מ,EC,לבבות דקל פרוס,גרמים,400.00,100 גרם,false,0,8.90,2.23,true,1,
7290004219826,false,מלבין קפה הולנדי קומפלטה 400ג',ג. וילי-פוד אינטרנשיונל בע`מ,NL,מלבין קפה קומפלט,גרמים,400.00,100 גרם,false,0,16.80,4.20,true,1,
7290004225278,false,בסגנון דנבלו 28% במשקל,נטו מלינדה סיימן,IL,בסגנון דנבלו,קילוגרמים,0.00,"ק""ג",true,0,51.00,51.00,true,1,
7290004225285,false,גבינה בסגנון דנאבלו 100 גר,האי נאם סי או אל.טי.,DK,בסגנון דנאבלו,גרמים,100.00,100 גרם,false,0,10.40,10.40,true,1,
7290004228804,false,עלי בצק לסיגרים ואגרול שלושת האופים (450,נטו מלינדה סחר בע`מ,IL,עלי בצק למילוי ס,גרמים,450.00,100 גרם,false,1,11.00,2.44,true,1,
7290004229740,false,גבינה בסגנון פטה 8 ק,ממן מגירי,DK,סגנון פטה 21%,קילוגרמים,0.00,"ק""ג",true,1,28.00,28.00,true,1,
7290004230104,false,קציצות בקר ברוטב עגבניות 800 גר` קפוא,טיבון ויל אחזקות בעמ,IL,קציצות בקר ברוטב,גרמים,800.00,100 גרם,false,14,25.50,3.19,true,1,
7290004230333,false,מקלות בורקס פילו תפ`א 600 גר` שגב קפוא,שלושת האופים שגמור,IL,מקלות בורקס פילו,גרמים,600.00,100 גרם,false,0,17.00,2.84,true,1,
7290004230364,false,שגב מקלות בורקס פילו גבינה צרפתי 600 גר,שלושת האופים שגמור,IL,מקלות בורקס פילו,גרמים,600.00,100 גרם,false,0,17.00,2.84,true,1,
7290004230371,false,מקלות בורקס פילו פיצה 600 גר` `שגב` קפ,שלושת האופים שגמור,IL,מקלות בורקס פילו,גרמים,600.00,100 גרם,false,0,17.00,2.84,true,1,
7290004230944,false,מקלות פילו גבינה 600 גר' שלושת האופים לנדא,שלושת האופים שגמור,IL,מקלות בורקס,גרמים,600.00,100 גרם,false,0,17.00,2.84,true,1,
7290004232832,false,כרעיים עוף קפוא,,,כרעיים עוף קפוא,קילוגרמים,0.00,"ק""ג",true,0,50.70,50.70,true,1,
7290004232870,false,שניצל עוף קפ.אורגני משקל,,,שניצל עוף קפוא,קילוגרמים,0.00,"ק""ג",true,0,76.00,76.00,true,1,
7290004234218,false,ברווז טרי ארוז,"נטו מלינדה סחר בע""מ",IL,ברווז שלם,קילוגרמים,0.00,"ק""ג",true,0,42.60,42.60,true,1,
7290004256197,false,גאודה הולנד עז30.6%משקל,וויסר קאשנדל בי.וי נ,NL,גאודה עיזים,קילוגרמים,0.00,"ק""ג",true,1,110.00,110.00,true,1,
7290004256753,false,עלי לסיגר מרוקאי לפסטיליה 450 גרם,נטו מלינדה סחר בעמ,IL,לפסטיליה עלי בצק,גרמים,450.00,100 גרם,false,1,11.80,2.62,true,1,
7290004263027,false,קבב בקר בית יוסף 500 גרם,טיבון ויל אחזקות בעמ,IL,קבב בקר ב.יוסף,גרמים,500.00,100 גרם,false,0,17.00,3.40,true,1,
7290004263867,false,בשר מס' 6 פילה מדומה עטרה,עטרה,IL,פילה מדומה מס',קילוגרמים,0.00,"ק""ג",true,0,59.70,59.70,true,1,
7290004324605,false,גבינה מותכת למריחה בטעם רוקפור 7% מון בלאן 120 ג',נטו מילנדה סחר בעמ*,IL,גבינת מון בלאן7%,גרמים,120.00,100 גרם,false,0,10.10,8.42,true,1,
7290004324858,false,קבב כבש טיבון ויל 500 גרם,"טיבון ויל אחזקות בע""",IL,קבב בטעם כבש,גרמים,500.00,100 גרם,false,0,17.00,3.40,true,1,
7290004339173,false,המבורגר קינואה 400גרם טבע דלי,טבע דלי,IL,המבורגר קינואה,גרמים,400.00,100 גרם,false,0,21.20,5.30,true,1,
7290004339401,false,המבורגר אורז עדשים 400גרם טבע דלי,טבע דלי,IL,המבורגר אורז,גרמים,400.00,100 גרם,false,0,21.20,5.30,true,1,
7290004339425,false,שווארמה מהצומח 350 גרם טבע דלי,טבע דלי בעמ,IL,שווארמה מן הצומח,גרמים,350.00,100 גרם,false,0,21.20,6.06,true,1,
7290004339630,false,סייטן טבעי טבע דלי 350 גר,טבע דלי,IL,סייטן,גרמים,350.00,100 גרם,false,0,17.00,4.86,true,1,
7290004339944,false,סיגרים בימלוי סייטןאמרנט 400 גר,,IL,סיגרים,גרמים,400.00,100 גרם,false,1,25.50,6.38,true,1,
7290004339975,false,קובה בורגול במילוי סטיין אמרנט 400 גר,טבע דלי,IL,סייטן אמרנט,גרמים,400.00,100 גרם,false,1,24.70,6.18,true,1,
7290004367077,false,בקלוואה ארוז 800 גרם,,IL,בקלאווה,גרמים,800.00,100 גרם,false,0,23.50,2.94,true,1,
7290004464264,false,טל קרם רב שימושי אומגה 3,תעשיות שיק,IL,טל קרם רב שימושי,מיליליטרים,250.00,"100 מ""ל",false,1,23.80,9.52,true,1,
7290004464851,false,מידנייט U קרם גוף 400 משאבה,חלאבין,IL,קרם גוף מידנייט,מיליליטרים,400.00,"100 מ""ל",false,0,31.50,7.88,true,1,
7290004480332,false,גבינת גאודה30%משולש משקל,מחלבות גד,IL,גבינת גאודה,קילוגרמים,0.00,"ק""ג",true,1,94.00,94.00,true,1,
7290004480349,false,"משולש גבינת גאודה עיזים ""גד""",מחלבת אמלטי הולנד,IL,גאודה עיזים,קילוגרמים,0.00,"ק""ג",true,1,111.00,111.00,true,1,
7290004492762,false,"נשנושים תירס אפוי טעם טבעי בייגל בייגל 325 גרם בד""צ",יוניליוור ישראל שיווק בע`מ,IL,נישנושים תירס,גרמים,325.00,100 גרם,false,0,10.80,3.32,true,1,
7290004494131,false,יין דלתון קברנה סוביניון גליל,הכרם - משקאות חריפים בעמ,IL,קברנה דלתון,מיליליטרים,750.00,"100 מ""ל",false,0,46.90,6.25,true,1,
7290004494148,false,"דלתון גליל מרלו 750 מ""ל",הכרם - משקאות חריפים בעמ,IL,מרלו דלתון,מיליליטרים,750.00,"100 מ""ל",false,0,46.90,6.25,true,1,
7290004494377,false,יין אדום יבש שיראז יקב דלתון (750 מל),הכרם - משקאות חריפים בעמ,IL,דלתון שיראז D,מיליליטרים,750.00,"100 מ""ל",false,0,46.90,6.25,true,1,
7290004494919,false,יין כנען קברנה שיראז 750 מל דלתון,הכרם - משקאות חריפים בעמ,IL,כנען קברנה שיראז,מיליליטרים,750.00,"100 מ""ל",false,0,38.40,5.12,true,1,
7290004504700,false,מאפה יווני פיצה לקג,גידרון,IL,יווני פיצה חלבי,קילוגרמים,0.00,"ק""ג",true,1,35.00,35.00,true,1,
7290004504762,false,לחם קמח מלא קפוא 550 גרם,גידרון,IL,לחם קמח מלא,גרמים,550.00,100 גרם,false,1,8.90,1.62,true,1,
7290004554903,false,"גלידת פנטזיה שוקו וניל 900 מ""ל שטראוס","גלידת שטראוס בע""\מ, רחוב",IL,גל.פנטזיה פרווה,מיליליטרים,1000.00,"100 מ""ל",false,0,19.90,1.99,true,1,
7290004584351,false,גבינה לבנה סימפוניה עם תוספות 200 ג' חמישית 200,שטראוס גרופ בעמ/מצונן,IL,גבינת סימפוניה,גרמים,200.00,100 גרם,false,0,9.40,4.70,true,1,
7290004584528,false,יוגורט דנונה ביו לבן 1.7% שומן 200 גרם,שטראוס גרופ בעמ/מצונן,IL,יוגורט ביו 1.7%,גרמים,200.00,100 גרם,false,0,3.10,1.55,true,1,
7290004585907,false,דני ועדן וניל 1.5% 125ג' שטראוס,שטראוס גרופ בעמ/מצונן,IL,דני וניל 1.5%,גרמים,125.00,100 גרם,false,0,2.30,1.84,true,1,
7290004603175,false,מלח הים האדום גס מלח הארץ (500 גרם),"חברת מלח הארץ אילת בע""\מ",IL,מלח ים גס,גרמים,500.00,100 גרם,false,0,6.70,1.34,true,1,
7290004608637,false,שומן בקר טרי קג,שונות,IL,שומן בקר טרי,קילוגרמים,0.00,"ק""ג",true,0,25.30,25.30,true,1,
7290004639006,false,קוסקוס תונסאי קפוא מטעמי פאר (800 גרם),מטעמי פאר (א.מ.נ) בעמ,IL,קוסקוס מוקפא,גרמים,800.00,100 גרם,false,0,14.40,1.80,true,1,
7290004645823,false,נסיכת הנילוס פרוס קג,רוזנרס,IL,נסיכת נילוס פרוס,קילוגרמים,0.00,"ק""ג",true,1,59.70,59.70,true,1,
7290004658953,false,יין סוביניון בלאן פרייבט קולקשן יקבי כרמל,"כד בני דרום בע""מ",IL,סוביניון בלאן,מיליליטרים,750.00,"100 מ""ל",false,0,32.40,4.32,true,1,
7290004685010,false,לחם 100% שיפון פלוס לחם הארץ 500 גר',מאפית י את א ברמן בע,IL,לחם שיפון פלוס,גרמים,500.00,100 גרם,false,0,14.10,2.82,true,1,
7290004685089,false,לחם הארץ לחם חמניות 500 גר',מאפית י את א ברמן בע,IL,לחם חמניות,גרמים,500.00,100 גרם,false,0,14.10,2.82,true,1,
7290004685430,false,100% לחם כומסין 500 גר לחם הארץ,מאפית י את א ברמן בע,IL,לחם הארץ כוסמין,גרמים,500.00,100 גרם,false,1,14.10,2.82,true,1,
7290004685478,false,פיתות כוסמין 10 יח בשקית 550 גרם,מאפיית י.את א. ברמן בעמ,IL,פיתות כוסמין,גרמים,550.00,100 גרם,false,1,14.40,2.62,true,1,
7290004725600,false,גבינה סקנדינבית31% משקל,תנובה חלב,IL,גבינה סקנדינבית,קילוגרמים,0.00,"ק""ג",true,1,64.00,64.00,true,1,
7290004731076,false,אל סבון נוזלי עם אלוורה כיף 1 ליטר,החברה הדרומית לשיווק בעמ,IL,אל סבון כיף,ליטרים,1.00,ליטר,false,0,9.30,9.30,true,1,
7290004731083,false,אל סבון נוזלי ג`ינסנג כיף (1 ליטר),החברה הדרומית לשיווק בעמ,IL,אל סבון כיף,ליטרים,1.00,ליטר,false,0,9.30,9.30,true,1,
7290004731472,false,"שלישיית אלסבון צבעוני כיף 500 מ""ל",החברה הדרומית לשיווק בעמ,IL,אלסבון כיף 3 יח,ליטרים,1.50,ליטר,false,0,15.20,10.14,true,1,
7290004731564,false,"מקסימה מבשם ומרכך למייבש הכביסה בלו בלוסום 750 מ""ל",החברה הדרומית לשיווק בעמ,IL,מקסימה למייבש,מיליליטרים,750.00,"100 מ""ל",false,1,13.90,1.85,true,1,
7290004731670,false,"מטהר אוויר דואופרש פצ'ולי לבנדר סנו 300 מ""ל",החברה הדרומית לשיווק בעמ,IL,סנו דואו פרש,מיליליטרים,300.00,"100 מ""ל",false,0,9.30,3.10,true,1,
7290004731687,false,"מטהר אויר בניחוח וניל ולמון גראס סנו 300 מ""ל",סנו מפעלי ברונוס בעמ,IL,סנו דואו פרש,מיליליטרים,300.00,"100 מ""ל",false,0,9.30,3.10,true,1,
7290004731984,false,משחת שיניים אורביטול להלבנה 145 גר,טרופיקל דגיל תעשיות קוסמ,IL,משחת אורביטול,גרמים,145.00,100 גרם,false,1,9.30,6.41,true,1,
7290004737719,false,אספרגוס שלם מקולף בצנצנת ויליפוד 330 גרם,ג.וילי-פוד אינטרנשיונל בעמ,CN,אספרגוס מקולף,גרמים,330.00,100 גרם,false,0,8.40,2.55,true,1,
7290004737900,false,חלב כחוש מרוכז וממותק בתוספת שמן צמחי ויליפוד 397 גרם,ג. וילי-פוד אינטרנשיונל בע`מ,LT,חלב כחוש מרוכז,גרמים,397.00,100 גרם,false,0,6.70,1.69,true,1,
7290004846602,false,גולש עגל ארוז קפוא קג,"זהר בשר עופות ובשר בע""\מ",IL,גולש עגל ארוז קפ,קילוגרמים,0.00,"ק""ג",true,1,34.10,34.10,true,1,
7290004846695,false,קבבוני השוק 800 גרם,"זהר בשר עופות ובשר בע""\מ",IL,קבבוני השוק,גרמים,800.00,100 גרם,false,1,42.60,5.33,true,1,
7290004846763,false,המרגז של אוראל 400 גרם,"זהר בשר עופות בע""\מ",IL,המרגז של אוראל,גרמים,400.00,100 גרם,false,1,25.50,6.38,true,1,
7290004846909,false,המבורגר אסאדו קצבים 400 גר`אוראל,המבורגר אסאדו מוצר בשר ב,IL,המבורגר אסאדו,גרמים,400.00,100 גרם,false,1,25.50,6.38,true,1,
7290004846916,false,המבורגר אנטריקוט 400 גרם,"זהר בשר עופות ובשר בע""\מ",IL,המבורגר אנטריקוט,גרמים,400.00,100 גרם,false,1,25.50,6.38,true,1,
7290004846923,false,קבב אסאדו קצבים 400 גר`אוראל,"זהר בשר עופות ובשר בע""\מ",IL,קבב אסאדו,גרמים,400.00,100 גרם,false,1,25.50,6.38,true,1,
7290004861025,false,גבינה בולגרית 5% במשקל,"מחלבת המושבה בע""מ",IL,גבינה בולגרית,קילוגרמים,0.00,"ק""ג",true,0,42.00,42.00,true,1,
7290004861063,false,גבינת קש המושבה במשק,מחלבת המושבה בעמ`,IL,גבינת קאש 9%,קילוגרמים,0.00,"ק""ג",true,0,47.00,47.00,true,1,
7290004861261,false,גבינה טובורג צימוקים/דובדבן/אוכמניות,מחלבות המושבה בעמ,IL,גבינת טבורוג,קילוגרמים,0.00,"ק""ג",true,0,34.00,34.00,true,1,
7290004861278,false,שמנת 30% טבעי המושבה,"מחלבת המושבה בע""מ",IL,גבינת שמנת30%,קילוגרמים,0.00,"ק""ג",true,0,38.00,38.00,true,1,
7290004861285,false,גבינה טבורוג המושבה,מחלבת המושבה בעמ`,IL,טבורוג 9%,קילוגרמים,0.00,"ק""ג",true,0,33.00,33.00,true,1,
7290004952136,false,הרדוף קמח כוסמין מלא אורגני 1קג,טחנת קמח יפו,IL,קמח כוסמין מלא,קילוגרמים,1.00,"ק""ג",false,0,16.10,16.10,true,1,
7290004982355,false,גבינת צדר טריפל במשק,א. סיימן סחר בעמ,GB,גבינת צ'דר,קילוגרמים,0.00,"ק""ג",true,1,111.00,111.00,true,1,
7290005008184,false,"סבון נוזלי בניחוח חלב שקדים פלמוליב 500 מ""ל",הנסיך- מפעל לייצור ט,TR,סב.נוזלי פלמול,מיליליטרים,500.00,"100 מ""ל",false,0,13.50,2.70,true,1,
7290005008191,false,"סבון נוזלי ארומה בניחוח לבנדר פטצ'ולי וילנג ילנג פלמוליב 500 מ""ל",הנסיך- מפעל לייצור ט,TR,סב.נוזלי פלמוליב,מיליליטרים,500.00,"100 מ""ל",false,0,13.50,2.70,true,1,
7290005008481,false,ספיד סטיק - דאודורנט ג'ל לגבר ספורט 85 גרם,הנסיך- מפעל לייצור ט,US,ספיד סטיק ג'ל,גרמים,85.00,100 גרם,false,0,12.80,15.06,true,1,
7290005020162,false,וויסקי סקוטי בלנטייס פיינסט 700 מל,טמפו משקאות בע`מ,LK,וויסקי בלנטיין,מיליליטרים,700.00,"100 מ""ל",false,0,68.30,9.76,true,1,
7290005020346,false,בקרדי קרטה בלנקה סופ,תאגיד בקרדי,PR,רום בקרדי לבן,מיליליטרים,750.00,"100 מ""ל",false,0,88.90,11.85,true,1,
7290005041402,false,שיפודי פרגיות קפוא מעדני הטלה 600 גר`,מעדני הטלה והעגל,IL,שיפודי שווארמה,גרמים,600.00,100 גרם,false,1,46.90,7.82,true,1,
7290005068058,false,תירס קל מופחת קלוריות 550 ג' פרי הגליל,ויטה- פרי גליל (החדשה) בעמ,IL,תירס קל,גרמים,550.00,100 גרם,false,0,7.60,1.38,true,1,
7290005079290,false,גבנצ 15% נעם חריץ מעדנייה,החב` המרכזית - טרה,IL,גב.צהובה נעם15%,קילוגרמים,0.00,"ק""ג",true,1,55.00,55.00,true,1,
7290005079412,false,חריץ אמנטל נועם מהדרין,החברה המרכזית טלהפצת משקאות בע,IL,גבינת אמנטל,קילוגרמים,0.00,"ק""ג",true,1,52.00,52.00,true,1,
7290005082979,false,חלת דגנים קלועה 560 גרם,"גידרון תעשיות בע""מ",IL,חלה דגנים קלועה,גרמים,560.00,100 גרם,false,0,11.00,1.96,true,1,
7290005082986,false,שליש באגט אותנטי 3יח,גידרון,IL,שליש באגט אותנטי,יחידה,1.00,יחידה,false,0,11.80,11.80,true,1,
7290005084355,false,סנסודין משחת שיניים דואל קר פלואוריד 75,גלקסו סמית קליין,GB,משחת שיניים,מיליליטרים,75.00,"100 מ""ל",false,0,19.50,26.00,true,1,
7290005095061,false,נר נשמה בפחית 26 שעות,HQP,IL,נר נשמה 26שעות,יחידה,1.00,יחידה,false,1,2.10,2.10,true,1,
7290005095122,false,חלבה נוגט כשר חלבי משקל,השחר,IL,חלבה נוגט השחר,קילוגרמים,0.00,"ק""ג",true,0,46.00,46.00,true,1,
7290005095313,false,נרות 72 יח בקרטון דו,ציון תורגמן בעמ,CN,נריות שבת,יחידה,1.00,יחידה,false,1,21.20,21.20,true,1,
7290005095405,false,נר נשמה 72 שעות בזכו,"מ.א. בע""מ",CN,נר נשמה 72שעות,יחידה,1.00,יחידה,false,0,5.00,5.00,true,1,
7290005095443,false,נר נשמה בכוס 48 שעות,,IL,נר נשמה 48 שעות,יחידה,1.00,יחידה,false,0,4.70,4.70,true,1,
7290005095467,false,נרות שבת מס 4 180 גר,משווק על ידי HQP,CN,נרות שבת,יחידה,1.00,יחידה,false,1,3.80,3.80,true,1,
7290005095474,false,נרות שבת מס 6 180 גר,HQP,CN,נרות שבת,יחידה,1.00,יחידה,false,1,3.80,3.80,true,1,
7290005095641,false,חטיף תפוחה מצוקה 230 גר שלוה,מפעלי דגן ניסן את גפ,IL,חיטה תפוחה מתוקה,גרמים,230.00,100 גרם,false,0,7.10,3.09,true,1,
7290005095702,false,חיטה תפוחה בדבש 200 גר שלוה,מפעלי דגן ניסן את גפ,IL,חיטה תפוחה בדבש,גרמים,210.00,100 גרם,false,0,7.10,3.38,true,1,
7290005095719,false,חיטה תפוחה טבעית 150 גר שלוה,מפעלי דגן ניסן את גפ,IL,חיטה תפוחה,גרמים,140.00,100 גרם,false,0,8.40,6.00,true,1,
7290005095801,false,רוטב עמבה עם פרי 500,ציון תורג`מן בעמ,IL,עמבה,גרמים,500.00,100 גרם,false,0,12.80,2.56,true,1,
7290005095856,false,נרות שבת 16 יחידות,משווק על ידי HQP,CN,16 נרות שבת,יחידה,1.00,יחידה,false,1,3.80,3.80,true,1,
7290005095900,false,נר הבדלה עששית יחידה,סין,CN,נר הבדלה עששית,יחידה,1.00,יחידה,false,1,12.70,12.70,true,1,
7290005111761,false,"מזון לכלבים בונזו מזון כלבים בשר 3 ק""ג",דיפלומט מפיצים (1968) בעמ**,FR,בונזו בשר,קילוגרמים,3.00,"ק""ג",false,0,38.30,12.77,true,1,
7290005113222,false,זיתים קוקטייל וגמבה יבנה 350ג',קבוצת יבנה,IL,מיקס זיתים,גרמים,340.00,100 גרם,false,0,8.40,2.47,true,1,
7290005174513,false,חציל על האש במיונז אחלה 400 גרם+225גר,שטראוס גרופ בעמ/מצונן,IL,סלט חציל מיונז,גרמים,500.00,100 גרם,false,0,13.50,2.70,true,1,
7290005174551,false,סלט חומוס עם צנוברים 125 ג' אחלה,שטראוס גרופ בעמ/מצונן,IL,חומוס יום יום,גרמים,125.00,100 גרם,false,0,4.10,3.28,true,1,
7290005174568,false,אחלה יום יום חצילים במיונז 125 גרם,שטראוס גרופ בעמ/מצונן,IL,חציל במיונז אחלה,גרמים,125.00,100 גרם,false,0,4.10,3.28,true,1,
7290005174575,false,טחינה אחלה יום יום משובחת 125ג',שטראוס גרופ בעמ/מצונן,IL,טחינה יום יום,גרמים,125.00,100 גרם,false,0,4.10,3.28,true,1,
7290005199288,false,גומי מאסט בטעם פטל לימון 28 ג' עלית,שטראוס גרופ בע`מ,IL,מסטיק מאסט,גרמים,28.00,100 גרם,false,0,3.60,12.86,true,1,
7290005199578,false,קפה נמס מיובש בהקפאה נטול קפאין 200ג,שטראוס קפה בי.וי.,IL,קפה פלטינום נטול,גרמים,200.00,100 גרם,false,0,25.50,12.75,true,1,
7290005199738,false,גומי מאסט בטעם פפרמינט ריח פה נעים פליפטופ 28 ג' עלית,שטראוס גרופ בע`מ,IL,מאסט מנטה מרעננת,גרמים,28.00,100 גרם,false,0,3.60,12.86,true,1,
7290005200786,false,תפוצ'יפס בטעם שמנת בצל עלית 50 גרם,"שטראוס פריטו ליי בע""\מ )",IL,תפוצ'יפס שמנת,גרמים,50.00,100 גרם,false,0,3.40,6.80,true,1,
7290005201455,false,קפה נמס מגורען ארומה קלאסי עלית 200 גרם,שטראוס גרופ בע`מ,PL,קפה נמס ארומה,גרמים,200.00,100 גרם,false,0,18.70,9.35,true,1,
7290005201882,false,קפה טורקי בצלופן עלית 200 גרם,הנסיך- מפעל לייצור ט,IL,קפה טורקי בצלופן,גרמים,200.00,100 גרם,false,0,13.50,6.75,true,1,
7290005287206,false,רביעיית טונה בשמן סטארקיסט 160 גרם,דיפלומט מפיצים (1968) בעמ**,VN,טונה סטארקיסט4יח,גרמים,640.00,100 גרם,false,0,21.20,3.31,true,1,
7290005287251,false,רביעיית טונה במים סטארקיסט 160 גרם,דיפלומט מפיצים (1968) בעמ**,VN,טונה סטארקיסט4יח,גרמים,640.00,100 גרם,false,0,21.20,3.31,true,1,
7290005287657,false,"סטארקיסט ממרח טונה 160 גרם בד""צ",דיפלומט מפיצים (1968) בעמ**,TH,ממרח טונה,גרמים,160.00,100 גרם,false,0,5.50,3.44,true,1,
7290005296246,false,"פותח סתימות דריין אאוט 946 מ""ל יעקבי","יעקב יעקבי ובניו בע""מ",US,פותח סתימות,מיליליטרים,946.00,"100 מ""ל",false,0,22.10,2.34,true,1,
7290005326387,false,עגבניות מיובשות בשמן זית אוליביה 270 גרם,תה ויסוצקי (ישראל)בעמ,IL,עגבניות מיובשות,גרמים,270.00,100 גרם,false,0,15.30,5.67,true,1,
7290005358371,false,שריר מס' 8 מוכשר קפוא קג,פניסקור,XX,שריר מוכשר,קילוגרמים,0.00,"ק""ג",true,0,25.50,25.50,true,1,
7290005416095,false,מחלבת טל גבינת עיזים טבעית 5% 200ג,"ל.ד בר אל בע""מ",IL,גבינת עזים 5% טל,גרמים,200.00,100 גרם,false,0,12.70,6.35,true,1,
7290005416262,false,מחלבת טל יוגורט עיזים בטעם תות 500מל,"ל.ד בר אל בע""מ",IL,יוגורט עיזים תות,מיליליטרים,500.00,"100 מ""ל",false,0,13.10,2.62,true,1,
7290005416279,false,מחלבת טל יוגורט עיזים בטעם פירות יער 500מל,"ל.ד בר אל בע""מ",IL,יוגורט עיזים,מיליליטרים,500.00,"100 מ""ל",false,0,13.10,2.62,true,1,
7290005416286,false,מחלבת טל יוגורט עיזים בטעם אננס 500מל,"ל.ד בר אל בע""מ",IL,יוגורט עיזים,מיליליטרים,500.00,"100 מ""ל",false,0,13.10,2.62,true,1,
7290005416415,false,יוגורט עיזים בגביע 200 גר,מחלבת טל,IL,יוגורט עזים טבעי,גרמים,200.00,100 גרם,false,0,5.40,2.70,true,1,
7290005416491,false,משקה יוגורט עיזים טל,מחלבת טל טלה,IL,יוגורט מחלב עיזי,מיליליטרים,750.00,"100 מ""ל",false,0,16.50,2.20,true,1,
7290005423253,false,"סנו - מקסימה מרסס למייבש כביסה אולטרה פרש 750 מ""ל",החברה הדרומית לשיווק בעמ,IL,מקסימה למייבש,מיליליטרים,750.00,"100 מ""ל",false,0,13.90,1.85,true,1,
7290005423567,false,מטליות ניקוי רב שימושיות בגליל סנו סושי 40 יחידות,החברה הדרומית לשיווק בעמ,IL,מטליות לניקוי,יחידה,1.00,יחידה,false,0,17.20,17.20,true,1,
7290005423635,false,ריצפז נוזל רצפות דוחה תיקנים סנו 2 ליטר,החברה הדרומית לשיווק בעמ,IL,ריצפז דוחה חרקים,ליטרים,2.00,ליטר,false,0,15.20,7.60,true,1,
7290005423734,false,מרכך כביסה מרוכז אולטרא פרש סנו מקסימה 4 ליטר,החברה הדרומית לשיווק בעמ,IL,מרכך כביסה,ליטרים,4.00,ליטר,false,0,18.70,4.68,true,1,
7290005423871,false,שלישיית משחת שיניים מנטול אורביטול 145 גרם,טרופיקל דגיל תעשיות קוסמ,IL,משחת שיניים,גרמים,435.00,100 גרם,false,0,13.50,3.10,true,1,
7290005423918,false,סנו - מקסימה מרכך כביסה היפואלרגני אלוורה 4 ליטר,החברה הדרומית לשיווק בעמ,IL,מרכך כביסה,ליטרים,4.00,ליטר,false,0,17.00,4.25,true,1,
7290005424403,false,"אל סבון כיף אצות ים קטיפתי 1ליטר,",החברה הדרומית לשיווק בעמ,IL,אל סבון כיף,ליטרים,1.00,ליטר,false,0,9.30,9.30,true,1,
7290005424700,false,סנו - פורטה פלוס מרסס מסיר שומנים 1 ליטר,החברה הדרומית לשיווק בעמ,IL,סנו פורטה פלוס,ליטרים,1.00,ליטר,false,1,13.50,13.50,true,1,
7290005424755,false,מטליות ריצפז פלוס לחות לניקוי רצפות דוחה תיקנים 10 יח' סנו,החברה הדרומית לשיווק בעמ,IL,מטליות לחות לרצפ,יחידה,1.00,יחידה,false,1,11.80,11.80,true,1,
7290005424762,false,ריצפז פלוס ווקס נוזל להברקת רצפות דוחה תיקנים סנו 2 ליטר,החברה הדרומית לשיווק בעמ,IL,ריצפז פלוס+ווקס,ליטרים,2.00,ליטר,false,0,22.40,11.20,true,1,
7290005424847,false,"מפיות סופט לבנות לשולחן (150 יח') ""סנו""",החברה הדרומית לשיווק בעמ,TR,מפיות דו שכבתי,יחידה,1.00,יחידה,false,0,7.20,7.20,true,1,
7290005425196,false,"מקסימה אבקת כביסה סנסיטיב סנו 2.5 ק""ג",החברה הדרומית לשיווק בעמ,IL,אבקת כביסה,קילוגרמים,2.50,"ק""ג",false,0,22.10,8.84,true,1,
7290005425585,false,מטליות לחות לניקוי רהיטים סנו 20 יחידות,"סנו מפעלי ברונוס בע""\מ",IL,סנו רהיט מטליות,יחידה,1.00,יחידה,false,0,14.40,14.40,true,1,
7290005425646,false,קליר נוזל לניקוי חלונות רב תכליתי סנו 1 ליטר,החברה הדרומית לשיווק בעמ,IL,סנוקליר 1 ליטר,ליטרים,1.00,ליטר,false,0,8.40,8.40,true,1,
7290005425714,false,"שמפו שטיחים סנו פלוס 600 מ""ל","סנו מפעלי ברונוס בע""\מ",IL,סנו שמפו שטיחים,מיליליטרים,600.00,"100 מ""ל",false,0,22.90,3.82,true,1,
7290005426568,false,"קרמה - קרם לחות לשיער רגיל 400 מ""ל",החברה הדרומית לשיווק בעמ,IL,קרם לחות קרמה,מיליליטרים,400.00,"100 מ""ל",false,0,16.90,4.23,true,1,
7290005426575,false,"קרמה לחות לשיער יבש ללא שטיפה 400 מ""ל",החברה הדרומית לשיווק בעמ,IL,קרם לחות קרמה,מיליליטרים,400.00,"100 מ""ל",false,0,16.90,4.23,true,1,
7290005426940,false,"סנו K-300 מדביר חרקים 475 מ""ל",טרופיקל דגיל תעשיות,IL,300-K פלוס,מיליליטרים,400.00,"100 מ""ל",false,0,17.00,4.25,true,1,
7290005426964,false,סנובון סבון לאסלה בניחוח אפרסק סנו 3 יחידות,החברה הדרומית לשיווק בעמ,IL,סנובון שלישיה,גרמים,165.00,100 גרם,false,0,14.40,8.73,true,1,
7290005426971,false,סנובון סבון לאסלה תפוח כחול סנו 3 יחידות,החברה הדרומית לשיווק בעמ,IL,סנובון שלישיה,גרמים,165.00,100 גרם,false,0,14.40,8.73,true,1,
7290005427619,false,"כיף גל לשיער לשיער קוצים 1ק""ג",גוד פוד פרודקטס S.p,IL,ג'ל כיף לשיער,קילוגרמים,1.00,"ק""ג",false,0,17.00,17.00,true,1,
7290005427626,false,"ג'ל לעיצוב השיער למראה רטוב כיף 1 ק""ג",החברה הדרומית לשיווק בעמ,IL,ג'ל כיף לשיער,קילוגרמים,1.00,"ק""ג",false,0,17.00,17.00,true,1,
7290005427770,false,"קרמה - קרם לחות לשיער לגבר 400 מ""ל",טרופיקל דגיל תעשיות,IL,קרמה לחות לשיער,מיליליטרים,400.00,"100 מ""ל",false,0,16.90,4.23,true,1,
7290005427787,false,"קרמה - קרם לחות לשיער מתולתל 400 מ""ל",החברה הדרומית לשיווק בעמ,IL,קרם לשיער קרמה,מיליליטרים,400.00,"100 מ""ל",false,0,16.90,4.23,true,1,
7290005427978,false,"תחליב רחצה לפנים פילינג קרמה 180 מ""ל",החברה הדרומית לשיווק בעמ,IL,תחליב רחצה לפנים,מיליליטרים,180.00,"100 מ""ל",false,0,11.00,6.11,true,1,
7290005429279,false,סנו מקסימה קומפקט קומפקט אפקט גאוול 6 ק,החברה הדרומית לשיווק בעמ,IL,אבקת כביסה,קילוגרמים,6.00,"ק""ג",false,0,38.30,6.38,true,1,
7290005430602,false,"סנו אוקסיג'ן ספריי להסרת כתמים עם חמצן פעיל 750 מ""ל",החברה הדרומית לשיווק בעמ,IL,אוקסיג'ן מ.כתמים,מיליליטרים,750.00,"100 מ""ל",false,0,15.30,2.04,true,1,
7290005431159,false,תותים בקצפת לייט עדן קינוחים 80 גרם,עדן קינוחים,IL,תותים בקצפת לייט,גרמים,80.00,100 גרם,false,1,5.90,7.38,true,1,
7290005431883,false,מלבי חלבי עדן קינוחים 165 גרם,עדן קינוחים Eden,IL,מלבי,גרמים,165.00,100 גרם,false,1,5.90,3.58,true,1,
7290005431906,false,מארז קדאיף 82 גר` עדן קינוחים,עדן קינוחים Eden,IL,קדאיף,גרמים,82.00,100 גרם,false,1,5.90,7.20,true,1,
7290005431913,false,עוגת גבינה פירורים עדן קינוחים 92 גרם,עדן קינוחים Eden,IL,עוגת גבינה,גרמים,92.00,100 גרם,false,1,5.90,6.41,true,1,
7290005431920,false,עוגת גבינה פירורים לייט עדן קינוחים 78 גרם,עדן קינוחים Eden,IL,עוגת גבינה,גרמים,78.00,100 גרם,false,1,5.90,7.56,true,1,
7290005431968,false,מלבי שמנת עדן קינוחים 150 גרם,עדן קינוחים Eden,IL,מלבי שמנת,גרמים,150.00,100 גרם,false,1,5.90,3.93,true,1,
7290005500688,false,"פנינה רוזנבלום מסיכה לשיקום ורודה , 1 ק""ג",פנינה רוזנבלום בעמ,IL,מסיכה לשיער,קילוגרמים,1.00,"ק""ג",false,0,23.80,23.80,true,1,
7290005559587,false,מאפה נקניקיה בבצק מעדנות 800ג',תנובה מרכז שיתופי לשיווק תוצרת,IL,מאפה נקניקיות,גרמים,800.00,100 גרם,false,0,23.90,2.99,true,1,
7290005559907,false,פיצה משפחתית 100% גבינה מעדנות 500 גרם,תנובה מרכז שיתופי לשיווק תוצרת,IL,פיצה משפחתית,גרמים,500.00,100 גרם,false,0,20.40,4.08,true,1,
7290005559914,false,פיצה משפחתית עם 100% גבינה בתוספת זיתים מעדנות 550 גרם,תנובה מרכז שיתופי לשיווק תוצרת,IL,פיצה משפחתית,גרמים,550.00,100 גרם,false,0,18.70,3.40,true,1,
7290005559990,false,בצק עלים פילאס תורכי 600 גרם קפוא,תנובה מרכז שיתופי לשיווק תוצרת,IL,בצק פילאס תורכי,גרמים,600.00,100 גרם,false,0,19.50,3.25,true,1,
7290005569029,false,שום קלוף ישראלי 170 גרם,יגור חקלאות ועסקים,IL,שום קלוף ישראלי,גרמים,170.00,100 גרם,false,0,10.90,6.41,true,1,
7290005583568,false,אוריריות כוסמת עם מלח50ג,,IL,אוריריות כוסמת,גרמים,150.00,100 גרם,false,0,11.80,7.87,true,1,
7290005583643,false,אוריריות כוסמ.ללא מלח150,,GB,אוריריות כוסמת,גרמים,150.00,100 גרם,false,0,11.80,7.87,true,1,
7290005587825,false,לוריאל - דרמו מסיר איפור דו פאזי 125 עברית,לוריאל ישראל קוסמטיקס בעמ,DE,מסיר איפור,מיליליטרים,150.00,"100 מ""ל",false,0,25.60,17.07,true,1,
7290005590030,false,קוקטיל עוף טרי ארוז שופר,עוף הגליל,IL,קוקטיל עוף טרי,קילוגרמים,0.00,"ק""ג",true,1,23.80,23.80,true,1,
7290005590122,false,קורקבן עוף טרי ארוז שופר,עוף הגליל,IL,קורקבן עוף טרי,קילוגרמים,0.00,"ק""ג",true,1,8.40,8.40,true,1,
7290005590146,false,חזה עוף דק דק טרי ארוז ש,עוף הגליל,IL,חזה עוף דק טרי,קילוגרמים,0.00,"ק""ג",true,1,34.10,34.10,true,1,
7290005590306,false,כבד עוף טרי ארוז שלי קג,עוף הגליל,IL,כבד עוף טרי,קילוגרמים,0.00,"ק""ג",true,1,17.00,17.00,true,1,
7290005610127,false,תפוח אדמה גורמה דוד משה,אראל תוצרת חקלאית בע,IL,"תפו""א גורמה לבן",קילוגרמים,0.00,"ק""ג",true,1,6.90,6.90,true,1,
7290005617379,false,יעה פלסטיק נופר,Moperia,IT,יעה גומי,יחידה,1.00,יחידה,false,0,4.10,4.10,true,1,
7290005651069,false,"מזון חתולים לה קט מיקס 2.85 ק""ג",דיפלומט מפיצים (1968) בעמ**,FR,לה קט מיקס,קילוגרמים,2.85,"ק""ג",false,0,51.20,17.96,true,1,
7290005678028,false,ענב סופריור ירוק,ביכורי השדה הצפון בעמ` 1964,IL,ענבים ירוקים,קילוגרמים,0.00,"ק""ג",true,0,25.90,25.90,true,1,
7290005678073,false,פלפל צ'ילי זהבי יחידה,עומר יבולים בעמ*שיק ל 60 יום*,IL,פלפל צ'ילי זהבי,יחידה,1.00,יחידה,false,0,5.90,5.90,true,1,
7290005678318,false,ענב לבן אוטם קריספ טלי,אראל תוצרת חקלאית בע,IL,ענב אוטום קריספ,קילוגרמים,0.00,"ק""ג",true,1,25.90,25.90,true,1,
7290005678417,false,טלי ענב לבן בוטיק ווינטר קינג,"בכורי השדה צפון1994 ג.ד. בע""מ",IL,ענב ווינטר קינג,קילוגרמים,0.00,"ק""ג",true,1,25.90,25.90,true,1,
7290005678585,false,ענבים אדומים סקרלוטה טלי,"בכורי השדה צפון1994 ג.ד. בע""מ",IL,ענבים סקרלוטה,קילוגרמים,0.00,"ק""ג",true,0,16.90,16.90,true,1,
7290005678790,false,פלפל מיקס חריף יחידה,קטיף.,IL,פלפל מיקס חריף,יחידה,1.00,יחידה,false,1,8.90,8.90,true,1,
7290005678868,false,פלפל חריף חלפיניו,קטיף.,IL,פלפל חריף חלפיני,גרמים,200.00,100 גרם,false,1,8.90,4.45,true,1,
7290005680052,false,טמפונים סופר פלוס אובה 32 יחידות,גונסון אנד גונסון,GR,טמפוני או-בה,יחידה,1.00,יחידה,false,0,20.40,20.40,true,1,
7290005718038,false,"שטרודל תפו""ע","גידרון תעשיות בע""מ",IL,"שטרודל תפו""ע",יחידה,1.00,יחידה,false,0,23.80,23.80,true,1,
7290005838002,false,מעדן גבינה ויוגורט בטעם וניל 88 ג' דניאלה,שטראוס גרופ בעמ/מצונן,IL,מעדן דניאלה,גרמים,88.00,100 גרם,false,0,3.50,3.98,true,1,
7290005838613,false,קרם גבינה 3% בטעם וניל סקי (125 גרם),שטראוס גרופ בעמ/מצונן,IL,סקי מעדן גבינה,גרמים,125.00,100 גרם,false,0,3.10,2.48,true,1,
7290005838972,false,סקי יום יום גבינה לבנה %5 125 גרם,שטראוס גרופ בעמ/מצונן,IL,גבינת סקי,גרמים,125.00,100 גרם,false,0,2.60,2.08,true,1,
7290005839078,false,שמיניית יוגורט לבן 3% ביו דנונה 150 גרם,שטראוס גרופ בעמ/מצונן,IL,דנונה ביו 8 יח,קילוגרמים,1.20,"ק""ג",false,0,14.40,12.00,true,1,
7290005839108,false,גבינה לבנה סימפוניה עם תוספות 200 ג'+זיתים 5%,שטראוס גרופ בעמ/מצונן,IL,גבינת סימפוניה,גרמים,200.00,100 גרם,false,0,9.40,4.70,true,1,
7290005839313,false,מילקי Top עם שוקולדה מגולגלת 140 גרם,שטראוס גרופ בעמ/מצונן,IL,מילקי טופ,מיליליטרים,170.00,"100 מ""ל",false,0,4.10,2.41,true,1,
7290005896439,false,"בירה מכבי, בקבוק חוזר 500 מ''ל","טמפו משקאות בע""מ",IL,בירה מכבי,מיליליטרים,500.00,"100 מ""ל",false,0,5.60,1.12,true,1,
7290005896453,false,"בירה מכבי 7.9%, בירה חזקה, בקבוק חוזר 500 מ''ל",פארייפאבה אגרואינדוס,IL,בירה מכבי 7.9%,מיליליטרים,500.00,"100 מ""ל",false,1,5.90,1.18,true,1,
7290005938245,false,ממרח פסטו קלאסי פרסקו 220ג' מצונן,מיוצר עי פרסקו חצבה,IL,פסטו קלאסי,גרמים,220.00,100 גרם,false,0,16.10,7.32,true,1,
7290005966088,false,"יין הר חרמון אדום עברית 750 מ""ל",היכל היין שקד גולן בעמ,IL,יין אדום חרמון,מיליליטרים,750.00,"100 מ""ל",false,0,27.20,3.63,true,1,
7290005992018,false,"יוגורט עיזים לשתיה 3% מחלבות גד 500 מ""ל",מחלבות גד שיווק 1992 בעמ,IL,יוגורט חלב עיזים,מיליליטרים,500.00,"100 מ""ל",false,0,10.40,2.08,true,1,
7290005992247,false,"גבינה חלומי גד ק""ג.",מחלבות גד,IL,חלומי גד,קילוגרמים,0.00,"ק""ג",true,0,74.00,74.00,true,1,
7290005992575,false,גבינה בולגרית למריחה 5% גד (250 גרם),מחלבות גד שיווק 1992 בעמ,IL,בולגרית למריחה,גרמים,250.00,100 גרם,false,0,13.50,5.40,true,1,
7290005992735,false,לאבנה טבעית 5% 250 גר' - רבנות,מחלבות גד שיווק 1992 בעמ,IL,גבינת לאבנה גד5%,גרמים,250.00,100 גרם,false,0,10.60,4.24,true,1,
7290005992858,false,גבינת פטה עיזים במשק,יושלם,IL,פטה עיזים5% משקל,קילוגרמים,0.00,"ק""ג",true,0,101.00,101.00,true,1,
7290005992872,false,גב.צפתית במים 5% במשקל,מחלבות גד,IL,גבינה צפתית 5%,קילוגרמים,0.00,"ק""ג",true,0,55.00,55.00,true,1,
7290005992889,false,גב.שמנת שום שמיר 30%משקל,מחלבות גד,IL,גבינת שמנת שום,קילוגרמים,0.00,"ק""ג",true,0,38.00,38.00,true,1,
7290005992964,false,גבינת פטה כבשים במשק,מחלבות גד,IL,פטה כבשים 20%,קילוגרמים,0.00,"ק""ג",true,0,87.00,87.00,true,1,
7290005996153,false,נקניקיות צרפתיות פרימיום 280 גר` יחיעם,מעדני יחיעם (1993) בעמ,IL,נקנקיות בסגנון,גרמים,280.00,100 גרם,false,1,19.50,6.96,true,1,
7290005996160,false,נקניקיות צוריסו פרימיום יחיעם 280 גרם,מעדני יחיעם (1993) בעמ,IL,נקנקיות צ'וריסו,גרמים,280.00,100 גרם,false,1,19.50,6.96,true,1,
7290005996825,false,נקניקיות בקר בסגנון אמריקאי 280 גרם,מעדני יחיעם (1993) בעמ,IL,"נקנ"" בקר בסגנון",גרמים,280.00,100 גרם,false,1,19.50,6.96,true,1,
7290005996979,false,נקניק סלמי פרח יחיעם 200 גרם,מעדני יחיעם (1993) בעמ,IL,סלמי פרח 200 גרם,גרמים,200.00,100 גרם,false,1,22.90,11.45,true,1,
7290006185501,false,"פנינה רוזנבלום -אל סבון נוזלי ורוד,1 ליטר","פנינה רוזנבלום בע""מ",IL,סבון נוזלי ורוד,ליטרים,1.00,ליטר,false,0,7.60,7.60,true,1,
7290006185518,false,"פנינה רוזנבלום -אל סבון נוזלי כחול,1 ליטר","פנינה רוזנבלום בע""מ",IL,סבון נוזלי פנינה,ליטרים,1.00,ליטר,false,0,7.60,7.60,true,1,
7290006199218,false,"שמיניית גלידל אייס מוקה ""פלדמן""",הגלידות של פלדמן,IL,גלידל קפוצ'ינו,גרמים,400.00,100 גרם,false,0,27.20,6.80,true,1,
7290006199942,false,"שמיניית גלידל פרי דובדבן ""פלדמן""",הגלידות של פלדמן,IL,פרי דובדבן 8יח,גרמים,640.00,100 גרם,false,0,20.40,3.19,true,1,
7290006214003,false,חלבה ממולאת א.חלב נכ,אל מנאר,IL,חלבה ממולאת,קילוגרמים,0.00,"ק""ג",true,1,50.00,50.00,true,1,
7290006222497,false,פקאן מצופה בטעמים במ,"דין שיווק וקלייה בע""",IL,פקאן בטעמים,גרמים,0.00,"ק""ג",true,1,84.00,84.00,true,1,
7290006229427,false,סן בנדטו - מים מינרלים - מארז שישיית 500 מל,טמפו משקאות בע`מ,IT,סאן בנדטו 6 יח',ליטרים,3.00,ליטר,false,0,12.10,4.03,true,1,
7290006241535,false,"משקה מנגו קפוא פריגת 340 מ""ל",*החברה המרכזית להפצת משקאותבעמ,IL,פריגת מנגו פרי,מיליליטרים,280.00,"100 מ""ל",false,0,11.80,4.21,true,1,
7290006241689,false,"משקה לימונים מרוכז קפוא פריגת 280 מ""ל",*החברה המרכזית להפצת משקאותבעמ,IL,פריגת לימון,מיליליטרים,280.00,"100 מ""ל",false,0,11.80,4.21,true,1,
7290006251107,false,תה צ'אי מסאלה ויסוצקי 25 יחידות,תה ויסוצקי (ישראל) בעמ,IL,תה צ'אי מסאלה,גרמים,50.00,100 גרם,false,0,16.10,32.20,true,1,
7290006251275,false,תה ירוק סיני קלאסי ויסוצקי 25 יחידות,תה ויסוצקי (ישראל) בעמ,IL,תה ירוק סיני,גרמים,37.00,100 גרם,false,0,21.20,57.30,true,1,
7290006251282,false,חליטת חמוציות הגן הקסום ויסוצקי 25 יחידות,תה ויסוצקי (ישראל) בעמ,IL,חליטת חמוציות,גרמים,75.00,100 גרם,false,0,16.10,21.47,true,1,
7290006251343,false,חליטת פסיפלורה מנגו הגן הקסום ויסוצקי 25 יחידות,תה ויסוצקי (ישראל) בעמ,IL,חליטת פסיפלורה,גרמים,62.00,100 גרם,false,0,16.10,25.97,true,1,
7290006251374,false,תה ירוק לימונית וג'ינג'ר ויסוצקי 25 יחידות,תה ויסוצקי (ישראל) בעמ,IL,תה ירוק לימונית,גרמים,37.00,100 גרם,false,0,21.20,57.30,true,1,
7290006251589,false,תה ירוק עם עלי נענע 50 שקיקים ויסוצקי,תה ויסוצקי (ישראל) בעמ,IL,תה ירוק נענע,גרמים,75.00,100 גרם,false,0,34.10,45.47,true,1,
7290006256089,false,"יין אדום קברנה סוביניון גאטו נגרו 750 מ""ל",היכל היין שקד גולן בעמ,AR,גאטו נגרו קברנה,מיליליטרים,750.00,"100 מ""ל",false,0,34.10,4.55,true,1,
7290006256102,false,"יין אדום מרלו גאטו נגרו 750 מ""ל",היכל היין שקד גולן בעמ,AR,גאטו נגרו מרלו,מיליליטרים,750.00,"100 מ""ל",false,0,34.10,4.55,true,1,
7290006256775,false,"יין גאטו נגרו מלבק 750 מ""ל",היכל היין שקד גולן בעמ,AR,גאטו נגרו מלבק,מיליליטרים,750.00,"100 מ""ל",false,0,34.10,4.55,true,1,
7290006271174,false,ג'חנון לאפיה בתנור מעדנות 700 גרם,תנובה מרכז שיתופי לשיווק תוצרת,IL,ג'חנון בצק,גרמים,700.00,100 גרם,false,0,16.50,2.36,true,1,
7290006271181,false,ג'חנון אפוי למיקרוגל מעדנות 750 גרם,תנובה מרכז שיתופי לשיווק תוצרת,IL,ג'חנון אפוי,גרמים,750.00,100 גרם,false,0,21.80,2.91,true,1,
7290006271655,false,מיני בורקס במילוי גבינה מעדנות (800 גרם),תנובה מרכז שיתופי לשיווק תוצרת,IL,מיני בורקס גבינה,גרמים,800.00,100 גרם,false,1,22.90,2.86,true,1,
7290006272072,false,חטיפי פיצה גבינה מעדנות 650 גרם,תנובה קפואים,IL,חטיפי פיצה גבינה,גרמים,650.00,100 גרם,false,1,28.90,4.45,true,1,
7290006306296,false,רביולי במילוי גבינה לילדים 400 ג' פסטה נונה,דורום תעשיות מזון ופסטה,IL,רביולי גבינה,גרמים,400.00,100 גרם,false,0,20.40,5.10,true,1,
7290006306302,false,רביולי במילוי גבינות פרמזן ריקוטה 400 ג' פסטה נונה,דורום תעשיות מזון ופסטה,IL,רביולי גבינה,גרמים,400.00,100 גרם,false,0,20.40,5.10,true,1,
7290006306319,false,רביולי במילוי בטטה 400 ג' פסטה נונה,דורום תעשיות מזון ופסטה,IL,רביולי בטטה,גרמים,400.00,100 גרם,false,0,20.40,5.10,true,1,
7290006306357,false,רביולי במילוי גבינת עיזים 400 ג' פסטה נונה,דורום תעשיות מזון ופסטה,IL,רביולי גבינה,גרמים,400.00,100 גרם,false,0,19.50,4.88,true,1,
7290006342645,false,טורטיה גדולה שקדיה 840 גרם 12 יחידות,דין שיווק וקליה 2021 בעמ,TR,טורטיות 12 יח',גרמים,840.00,100 גרם,false,0,12.70,1.51,true,1,
7290006374660,false,שמן זית כתית לתיבול קלאסי יד מרדכי 1 ליטר,מכוורת יד מרדכי שטראוס ב,IL,שמן זית 2 קלאסי,ליטרים,1.00,ליטר,false,0,36.60,36.60,true,1,
7290006374738,false,קונפיטורה תות יד מרדכי בטעם תות,אף.סי תבליני בגליל ב,IL,קונפיטורה תות,גרמים,340.00,100 גרם,false,0,10.10,2.97,true,1,
7290006390745,false,שבלול עם צימוקים קפוא,"גידרון תעשיות בע""מ",IL,שבלול עם צימוקים,יחידה,1.00,יחידה,false,0,3.80,3.80,true,1,
7290006390752,false,חלה מתוקה עגולה 500 גרם,"גידרון תעשיות בע""מ",IL,חלה מתוקה עגול,יחידה,1.00,יחידה,false,0,11.00,11.00,true,1,
7290006391025,false,בייגלה ירושלמי קפוא,"גידרון תעשיות בע""מ",IL,ביגלה ירושלמי,יחידה,1.00,יחידה,false,0,4.70,4.70,true,1,
7290006401366,false,"סבון לשטיפה אינטימית ליגיניה פרוטקטיב 200 מ""ל",)פייזר (קונסיומר הלט קר,IT,ליגיניה סבון,מיליליטרים,200.00,"100 מ""ל",false,0,37.50,18.75,true,1,
7290006451224,false,מיני סמבוסק פיצה משקל,גידרון,IL,מיני סמבוסק פיצה,קילוגרמים,0.00,"ק""ג",true,1,35.00,35.00,true,1,
7290006459008,false,חלבה פ.יבשים קשיו במשקל,"עדן תעשיות חלבה בע""מ",,חלבה עדן,קילוגרמים,0.00,"ק""ג",true,0,35.00,35.00,true,1,
7290006459947,false,"פחמים גריל פרימיום שקד 2 ק""ג",ציון תורג`מן בעמ,PY,"פחם גריל 2 ק""ג",קילוגרמים,2.00,"ק""ג",false,0,17.00,8.50,true,1,
7290006464170,false,אוסובוקו עגל פרוס קפוא ק,לאטי עזרא,IL,אוסובוקו,קילוגרמים,0.00,"ק""ג",true,0,51.20,51.20,true,1,
7290006492432,false,גבינה מוצרלה בייבי 18% גד (150 גרם),מחלבות גד שיווק 1992 בעמ,IL,גבינה מוצרלה,גרמים,150.00,100 גרם,false,0,11.80,7.87,true,1,
7290006492616,false,גבינה בולגרית מעודנת פרוסות 5% גד 250 גרם,מחלבות גד שיווק 1992 בעמ,IL,גבינה בולגרית,גרמים,250.00,100 גרם,false,0,22.90,9.16,true,1,
7290006492630,false,גבינת פרומעז עיזים 22% גד 180 גרם,מחלבות גד שיווק 1992 בעמ,IL,גליל גבינת עיזים,גרמים,180.00,100 גרם,false,0,19.50,10.83,true,1,
7290006492647,false,מטבעות גבינה עזים 22 אחוז 150גרם גד,מחלבות גד שיווק 1992 בעמ,IL,מטבעות גבינת עז,גרמים,150.00,100 גרם,false,0,19.10,12.73,true,1,
7290006492685,false,גבינת לאבנה עיזים 5% גד (250 גרם),מחלבות גד שיווק 1992 בעמ,IL,לאבנה עיזים גד,גרמים,250.00,100 גרם,false,0,14.80,5.92,true,1,
7290006492852,false,גבינת עיזים למריחה 5% שומן 250 ג' גד,מחלבות גד שיווק 1992 בעמ,IL,גבינת עיזים גד,גרמים,250.00,100 גרם,false,0,14.10,5.64,true,1,
7290006492913,false,גבינת לאבנה ציזיקי 5% מחלבות גד 250 גרם,מחלבות גד שיווק 1992 בעמ,IL,ציזיקי למריחה,גרמים,250.00,100 גרם,false,0,11.20,4.48,true,1,
7290006494917,false,טוסו וופל קלאסי במילוי שוקולד 200 גרם,"איטיליאן פוד, אס.פי.",IL,ופלים שוקולד,גרמים,200.00,100 גרם,false,0,8.30,4.15,true,1,
7290006494924,false,טוסו וופל קלאסי במילוי קרם לימון 200 גרם,"דנשר (1963) בע,מ",IL,ופלים טוסו,גרמים,200.00,100 גרם,false,1,8.30,4.15,true,1,
7290006511157,false,פטריות שמפניון שלמות וילי פוד (400 גרם),ג.וילי-פוד אינטרנשיונל בעמ,PL,פטריות שלמות,גרמים,400.00,100 גרם,false,0,6.80,1.70,true,1,
7290006511683,false,מאנצו-פולי סויה בתרמילים 454 גרם מהד,ג.וילי-פוד אינטרנשיונל **גבינו,CN,פולי סויה קפוא,גרמים,454.00,100 גרם,false,0,7.60,1.67,true,1,
7290006511904,false,גבינת אדם כדורים במשקל,ברגלנדמיל,NL,גבינת אדם,קילוגרמים,0.00,"ק""ג",true,0,59.00,59.00,true,1,
7290006541901,false,ממרח שום 180גרם מוטי,"איטיליאן פוד, אס.פי.",IL,ממרח שום מוטי שף,גרמים,180.00,100 גרם,false,0,18.20,10.11,true,1,
7290006550972,false,בשר בקר קפוא טחון מהדרין עטרה (1 קג),נטו מלינדה סחר - עטרה,IL,טחון בקר 1קג,גרמים,1000.00,100 גרם,false,0,29.80,2.98,true,1,
7290006559265,false,גבינת מוצרלה בופאלו,,IL,מוצרלה בופאלו,גרמים,250.00,100 גרם,false,0,32.30,12.92,true,1,
7290006559340,false,בוקצינו די בופאלו 150 גר,,IL,בוקנצ'ני בופאל,גרמים,150.00,100 גרם,false,0,23.00,15.33,true,1,
7290006559593,false,גבינה בופאלו למריחה 250גר,,IL,גבינה בופאלו,גרמים,250.00,100 גרם,false,0,21.20,8.48,true,1,
7290006559692,false,גבינת קדם %00 55ג' בופלו,,IL,גבינת קדם,גרמים,500.00,100 גרם,false,0,21.20,4.24,true,1,
7290006567048,false,פתיתי קוסקוס ישראלי אסם (350 גרם),קבוצת אוסם סחר שותפות מוגבלת,IL,פתיתי קוסקוס,גרמים,350.00,100 גרם,false,0,6.70,1.91,true,1,
7290006578464,false,רוקפור פאפיון במשקל,פורמאג'רי פאפיון,FR,רוקפור פפילון,קילוגרמים,0.00,"ק""ג",true,1,213.00,213.00,true,1,
7290006582355,false,סילאן סירופ 900 גרם שקדיה,דין שיווק וקליה 2021 בעמ,TR,סילאן,גרמים,900.00,100 גרם,false,0,8.50,0.94,true,1,
7290006582621,false,תיבול לשניצל מוזהב300גרם,דין שיווק,IL,תיבול לשניצל,גרמים,300.00,100 גרם,false,0,5.00,1.67,true,1,
7290006582669,false,גרנולה 800 גרם אגוזים שקדיה (12 יח`),קונסיגנציה-דין שיווק וקליה 202,IL,תערובת בריאות,גרמים,800.00,100 גרם,false,0,15.30,1.91,true,1,
7290006582751,false,גרנולה 800 גרם פירות שקדיה (12יח`),קונסיגנציה-דין שיווק וקליה 202,IL,תערובת בריאות,גרמים,800.00,100 גרם,false,0,15.30,1.91,true,1,
7290006618078,false,"מרסס לניקוי יסודי מטבח אסטוניש 750 מ""ל","יעקב יעקבי ובניו בע""מ",GB,אסטוניש מרסס,מיליליטרים,750.00,"100 מ""ל",false,0,11.00,1.47,true,1,
7290006618085,false,"אסטוניש תרסיס ניקוי אמבטיה וכיורים יעקבי 750 מ""ל",יעקב יעקבי ובניו בע`מ,GB,אסטוניש מרסס,מיליליטרים,750.00,"100 מ""ל",false,0,11.00,1.47,true,1,
7290006618146,false,"מדליק פחמים נוזלי הפי יעקבי 500 מ""ל","יעקב יעקבי ובניו בע""מ",NL,הפי מדליק פחם,מיליליטרים,500.00,"100 מ""ל",false,0,13.50,2.70,true,1,
7290006644480,false,תפוזינה תפוזים 0.5 ליטר,יפאורה שותפות מוגבלת לשיווק,IL,תפוזינה תפוז,מיליליטרים,500.00,"100 מ""ל",false,0,4.70,0.94,true,1,
7290006644510,false,"מיץ ענבים 500 מ""ל תפוזינה",יפאורה שותפות מוגבלת לשיווק,IL,תפוזינה ענבים,מיליליטרים,500.00,"100 מ""ל",false,0,4.70,0.94,true,1,
7290006644527,false,תפוזינה תות בננה 0.5 ליטר,יפאורה שותפות מוגבלת לשיווק,IL,תפוזינה תות בננה,מיליליטרים,500.00,"100 מ""ל",false,0,4.70,0.94,true,1,
7290006651570,false,"קמיל בלו צמחי מרפא שמפו ואל סבון ד""ר פישר 750 מ""ל","פישר תעשיות פרמצבטיות בע""מ",IL,שמפו/אל סבון,מיליליטרים,750.00,"100 מ""ל",false,0,16.00,2.13,true,1,
7290006652027,false,במבה חטיף בוטנים אסם 20*15 גרם,קבוצת אוסם סחר שותפות מוגבלת,IL,במבה 20 יח',גרמים,300.00,100 גרם,false,0,20.40,6.80,true,1,
7290006653765,false,פרפקטו פסטה פטוצ'יני אסם 500 גרם,קבוצת אוסם סחר שותפות מוגבלת,IT,פטוציני פרפקטו,גרמים,500.00,100 גרם,false,0,5.90,1.18,true,1,
7290006653819,false,קוסקוס אמיתי דק בשקית 350 גרם,קבוצת אוסם סחר שותפות מוגבלת,IL,קוסקוס דק,גרמים,350.00,100 גרם,false,0,6.70,1.91,true,1,
7290006660602,false,מי קוקוס אורגני גרין קוקו קרטונית 1 ליטר,תות תעשיות מזון (201,VN,מי קוקוס אורגני,ליטרים,1.00,ליטר,false,1,17.00,17.00,true,1,
7290006664051,false,"אקטימל לבן 1.51 ק""ג מארז 14 יחידות",שטראוס גרופ בעמ/מצונן,IL,אקטימל מארז14יח',ליטרים,1.40,ליטר,false,0,25.50,18.21,true,1,
7290006664402,false,גבינה לבנה סקי 5% שומן 750 גרם,שטראוס גרופ בעמ/מצונן,IL,גבינת סקי5%,גרמים,750.00,100 גרם,false,0,12.78,1.70,true,1,
7290006664532,false,יוגורט עם תות 3% שומן 150 ג' דנונה,שטראוס גרופ בעמ/מצונן,IL,דנונה תות 3%,גרמים,150.00,100 גרם,false,0,3.30,2.20,true,1,
7290006664655,false,דנונה Actimel יוגורט טבעי 8*100 מ``ל,שטראוס גרופ בעמ/מצונן,IL,אקטימל לבן 8 יח,מיליליטרים,800.00,"100 מ""ל",false,0,17.80,2.23,true,1,
7290006664693,false,יוגורט עם אפרסק 3% שומן 150 ג' דנונה,שטראוס גרופ בעמ/מצונן,IL,דנונה אפרסק %3,גרמים,150.00,100 גרם,false,0,3.30,2.20,true,1,
7290006664990,false,"יוגורט דנונה ביו לבן 1.7% שומן 8*150 מ""ל",שטראוס גרופ בעמ/מצונן,IL,דנונה ביו 8 יח',קילוגרמים,1.20,"ק""ג",false,0,14.40,12.00,true,1,
7290006681577,false,מאגדת קרחון אסקימו לימון דובדובן 10 יח' שטראוס,"מיוצר ע""\י גלידת שטראוס",IL,מאגדת אסקימו,גרמים,700.00,100 גרם,false,0,14.40,2.06,true,1,
7290006712981,false,"משחת שיניים קולגייט ספיידרמן מגיל שש 50 מ""ל",הנסיך- מפעל לייצור ט,PL,משחת שיניים,מיליליטרים,50.00,"100 מ""ל",false,0,10.10,20.20,true,1,
7290006739247,false,פסטרמה איטלקית זוגלו,זוגלובק,IL,פסטרמה איטלקית,קילוגרמים,0.00,"ק""ג",true,0,72.00,72.00,true,1,
7290006739407,false,שניצל תירס לייט זוגלובק (630 גרם),נקניק נהריה כשר זוגל,IL,שניצל תירס,גרמים,630.00,100 גרם,false,0,23.80,3.78,true,1,
7290006739414,false,נקניק סלמי קוניאק זוגלובק 300 גרם,נקניק נהריה כשר זוגל,IL,סלמי קוניאק,גרמים,300.00,100 גרם,false,0,24.40,8.13,true,1,
7290006739421,false,נקניק סלמי מעושן איטלקי זוגלובק 300 גרם,נקניק נהריה כשר זוגל,IL,סלמי מעושן,גרמים,300.00,100 גרם,false,0,24.40,8.13,true,1,
7290006739544,false,כתף בקר 3% שומן זוגלובק (300 גרם),נקניק זוגלובק נהריה,IL,כתף בקר,גרמים,300.00,100 גרם,false,0,25.50,8.50,true,1,
7290006742278,false,פסטרמה הודו צלויה על לבנים 330 ג' זוגלובק,נקניק נהריה כשר זוגל,IL,פסטרמה צלויה,גרמים,330.00,100 גרם,false,0,22.90,6.94,true,1,
7290006742292,false,פסטרמה הודו בדבש 330 ג' זוגלובק,נקניק נהריה כשר זוגל,IL,פסטרמה בדבש,גרמים,330.00,100 גרם,false,0,22.90,6.94,true,1,
7290006742315,false,פסטרמה חזה הודו ברביקיו 2% זוגלובק 330 גרם,נקניק נהריה כשר זוגל,IL,חזה הודו ברביקיו,גרמים,330.00,100 גרם,false,0,22.90,6.94,true,1,
7290006748072,false,"זר פרחים צבעוני ""פרחי דיאן""",פרחי ליידי דיאן,IL,1 ע צ י ץ,יחידה,1.00,יחידה,false,0,29.60,29.60,true,1,
7290006748089,false,יין נחל קריניאן מוני,יקב מוני,IL,תבלין 1,יחידה,1.00,יחידה,false,0,8.40,8.40,true,1,
7290006748096,false,"זר פרחים מפואר ""פרחי דיאן""",פרחי ליידי דיאן,IL,זר סחלב,יחידה,1.00,יחידה,false,0,42.30,42.30,true,1,
7290006748119,false,זר פרחים גרברה יחידה,פרחי ליידי דיאן בעמ,IL,זר גרברה,יחידה,1.00,יחידה,false,0,50.40,50.40,true,1,
7290006748133,false,"זר פרחים רגיל ""פרחי דיאן""",פרחי ליידי דיאן,IL,זר פרחים בינוני,יחידה,1.00,יחידה,false,0,21.10,21.10,true,1,
7290006748157,false,"זר פרחים 3 ""פרחי דיאן""",פרחי ליידי דיאן,IL,זר מיוחד,יחידה,1.00,יחידה,false,0,25.40,25.40,true,1,
7290006748249,false,זר מיוחד מס' 15,שונות,IL,זר מיוחד מס' 15,יחידה,1.00,יחידה,false,1,64.10,64.10,true,1,
7290006748911,false,עציץ קטן יחידה,שונות,IL,עציץ קטן,יחידה,1.00,יחידה,false,1,10.20,10.20,true,1,
7290006748928,false,עציץ בינוני יחידה,שונות,IL,עציץ בינוני,יחידה,1.00,יחידה,false,1,23.00,23.00,true,1,
7290006748935,false,עציץ גדול יחידה,שונות,IL,עציץ גדול יחידה,יחידה,1.00,יחידה,false,1,37.60,37.60,true,1,
7290006748959,false,עציץ קטן 2 יחידה,שונות,IL,עציץ קטן 2,יחידה,1.00,יחידה,false,1,14.50,14.50,true,1,
7290006748966,false,עציץ בינוני 2 יחידה,שונות,IL,עציץ בינוני 2,יחידה,1.00,יחידה,false,1,18.80,18.80,true,1,
7290006748973,false,עציץ בינוני 3 יחידה,שונות,IL,עציץ בינוני 3,יחידה,1.00,יחידה,false,1,29.90,29.90,true,1,
7290006748980,false,עציץ גדול 2 יחידה,שונות,IL,עציץ גדול 2,יחידה,1.00,יחידה,false,1,52.90,52.90,true,1,
7290006753915,false,נקניקיות מיני מרגז חריפות מעדני הטלה 500,מעדני הטלה והעגל,IL,מיני מרגז חריפות,גרמים,500.00,100 גרם,false,1,25.50,5.10,true,1,
7290006753922,false,נקניקיות מיני צ`וריסוס מעדני הטלה 500 גר,מעדני הטלה והעגל,IL,מיני צ'וריסוס,גרמים,500.00,100 גרם,false,1,25.50,5.10,true,1,
7290006753946,false,קבב ג'מבו רומני 600 גרם,מעדני הטלה והעגל,IL,קבב ג'מבו רומני,גרמים,600.00,100 גרם,false,1,34.10,5.68,true,1,
7290006753977,false,הקבב של עזרא מעדני הטלה 600 גר`,מעדני הטלה והעגל,IL,הקבב של עזרא,גרמים,600.00,100 גרם,false,1,38.30,6.38,true,1,
7290006764065,false,בירה שחורה נשר מאלט חוזר (500 מל),"טמפו משקאות בע""\ם.",IL,בירה נשר מאלט,מיליליטרים,500.00,"100 מ""ל",false,0,4.50,0.90,true,1,
7290006764072,false,"בירה גולדסטאר בקבוק 500 מ""ל חוזר","טמפו משקאות בע""\מ",IL,בירה גולדסטאר,מיליליטרים,500.00,"100 מ""ל",false,0,6.40,1.28,true,1,
7290006764096,false,"בירה איגל 500 מ""ל 3.8% בקבוק חוזר","טמפו משקאות בע""\מ",IL,בירה איגל,מיליליטרים,500.00,"100 מ""ל",false,1,5.00,1.00,true,1,
7290006764157,false,"בירה גולדסטאר Unfiltered, בירה לא מסוננת, בקבוק חוזר 500 מ""ל",פארייפאבה אגרואינדוס,IL,בירה גולדסטאר,מיליליטרים,500.00,"100 מ""ל",false,1,6.70,1.34,true,1,
7290006764164,false,שישיית בירה גולדסטאר לא מסונן בקבוק חוזר,טמפו משקאות בע''מ,IL,בירה גולדסטאר6יח,ליטרים,3.00,ליטר,false,1,39.20,13.07,true,1,
7290006764485,false,"בירה שחורה נשר מאלט שישייה ח""פ 330*6 מ''ל","טמפו משקאות בע""\ם.",IL,נשר מאלט 6 יח,ליטרים,1.98,ליטר,false,0,26.10,13.18,true,1,
7290006765000,false,טורטיה מקמח מלא שקדיה 540 גרם,דין שיווק וקליה 2021 בעמ,TR,אורטיות 8 יח',גרמים,540.00,100 גרם,false,0,10.90,2.02,true,1,
7290006765871,false,שקד טבעי ענק במשקל,"דין שיווק וקלייה בע""",IL,שקד טבעי,גרמים,0.00,"ק""ג",true,0,58.90,58.90,true,1,
7290006788320,false,קרליין - מי פנים לעור יבש ללא אלכוהול,קרליין,IL,מי פנים לעור יבש,מיליליטרים,260.00,"100 מ""ל",false,0,34.10,13.12,true,1,
7290006788351,false,קרליין דאודורנט סטיק נושם כחול,אמיליה קוסמטיקס,IL,דאודורנט קרליין,מיליליטרים,50.00,"100 מ""ל",false,0,11.80,23.60,true,1,
7290006788375,false,קרליין דאודורנט סטיק נושם ורוד,מיוצר עי : אמיליה קוסמטי,IL,דאודורנט קרליין,מיליליטרים,50.00,"100 מ""ל",false,0,11.80,23.60,true,1,
7290006788399,false,"דאו רול און נושם סנסיטיב ירוק קרליין 75 מ""ל",החברה הדרומית לשיווק בעמ,IL,דאודורנט קרליין,מיליליטרים,75.00,"100 מ""ל",false,0,11.00,14.67,true,1,
7290006788405,false,"קרליין - נושם אקטיב דאודורנט רול און לאישה ברודו 75 מ""ל",החברה הדרומית לשיווק בעמ,IL,דאודורנט קרליין,מיליליטרים,75.00,"100 מ""ל",false,0,11.00,14.67,true,1,
7290006788412,false,"קרליין - נושם אקווה דאודורנט רול און לאישה כחול 75 מ""ל",החברה הדרומית לשיווק בעמ,IL,דאודורנט קרליין,מיליליטרים,75.00,"100 מ""ל",false,0,11.00,14.67,true,1,
7290006788429,false,"קרליין - נושם סאן רייס דאודורנט רול און לאישה כתום 75 מ""ל",החברה הדרומית לשיווק בעמ,IL,דאודורנט קרליין,מיליליטרים,75.00,"100 מ""ל",false,0,11.00,14.67,true,1,
7290006788436,false,"קרליין - נושם פיור דאודורנט רול און לאישה ורוד 75 מ""ל",החברה הדרומית לשיווק בעמ,IL,דאודורנט קרליין,מיליליטרים,75.00,"100 מ""ל",false,0,11.00,14.67,true,1,
7290006788443,false,"קרליין - נושם אוקסיג'ן דאודורנט רול און לאישה סגול 75 מ""ל",החברה הדרומית לשיווק בעמ,IL,דאודורנט קרליין,מיליליטרים,75.00,"100 מ""ל",false,0,11.00,14.67,true,1,
7290006788481,false,"קרליין - נושם סאן רייס דאודורנט ספריי לאישה כתום 200 מ""ל",החברה הדרומית לשיווק בעמ,IL,דאודורנט קרליין,מיליליטרים,200.00,"100 מ""ל",false,0,10.10,5.05,true,1,
7290006788498,false,"קרליין - נושם פיור דאודורנט ספריי לאישה ורוד 200 מ""ל",החברה הדרומית לשיווק בעמ,IL,דאודורנט קרליין,מיליליטרים,200.00,"100 מ""ל",false,0,10.10,5.05,true,1,
7290006788504,false,"קרליין - נושם אוקסיג'ן דאודורנט ספריי לאישה סגול 200 מ""ל",החברה הדרומית לשיווק בעמ,IL,דאודורנט קרליין,מיליליטרים,200.00,"100 מ""ל",false,0,10.10,5.05,true,1,
7290006788559,false,"טיטניום ICE דאודורנט תרסיס ספריי 180 מ""ל",החברה הדרומית לשיווק בעמ,IL,דאודורנט טיטניום,מיליליטרים,180.00,"100 מ""ל",false,0,12.70,7.06,true,1,
7290006791870,false,"נטורל - ג'ל שיער לעיצוב חזק 500 מ""ל",מיוצר עי : אמיליה קוסמטי,IL,ג'ל לעיצוב שיער,מיליליטרים,500.00,"100 מ""ל",false,0,15.50,3.10,true,1,
7290006805850,false,תערובת להכנת פנקייקס פילסברי (500 גרם),הדקלאים אגודת שיתופי,IL,תערובת לפנקייק,גרמים,500.00,100 גרם,false,0,15.30,3.06,true,1,
7290006822192,false,נקטר דיאט חמוציות אושן ספריי פריגת 1 ליטר,החברה המרכזית להפצת משקאות בעמ,IL,אושן ספריי,ליטרים,1.00,ליטר,false,0,10.20,10.20,true,1,
7290006855435,false,בר בראי בייטס כדורי תמרים+שקדים קוקוס אננס 55 ג' בית יוסף,טבעית מוצרים מן הטבע בעמ,IL,BITES שקדים אננס,גרמים,55.00,100 גרם,false,1,5.90,10.73,true,1,
7290006866363,false,מיץ סחוט אשכוליות אדומות פרימור 1 ליטר,שטראוס גרופ בעמ/מצונן,IL,מיץ אשכולית סחוט,ליטרים,1.00,ליטר,false,0,13.50,13.50,true,1,
7290006960979,false,כיסונים בשר אורלסקי,"מאמא מרי בע""\מ",IL,כיסונים בשר אורל,גרמים,800.00,100 גרם,false,1,18.70,2.34,true,1,
7290006960986,false,כיסונים בשר מיוחדים 800,"מאמא מרי בע""\מ",IL,כיסונים בשר מיוח,גרמים,800.00,100 גרם,false,1,18.70,2.34,true,1,
7290006983152,false,קרוטונים מתובלים למרק אסם (400 גרם),קבוצת אוסם סחר שותפות מוגבלת,IL,קרוטונים מתובלים,גרמים,400.00,100 גרם,false,0,16.70,4.18,true,1,
7290006983176,false,קרקר לחמית שיפון אסם (230 גרם),קבוצת אוסם סחר שותפות מוגבלת,IL,לחמית שיפון אסם,גרמים,230.00,100 גרם,false,0,8.10,3.52,true,1,
7290006983206,false,תערובת להכנת פלפל קלי קלות 180 גרם,קבוצת אוסם סחר שותפות מוגבלת,IL,תערובת לפלאפל,גרמים,180.00,100 גרם,false,0,8.30,4.61,true,1,
7290006983763,false,עוגת הבית בטעם שוקולד אסם (400 גרם),קבוצת אוסם סחר שותפות מוגבלת,IL,עוגת שוקולד,גרמים,400.00,100 גרם,false,0,10.10,2.53,true,1,
7290006983770,false,עוגת הבית שיש אסם (400 גרם),קבוצת אוסם סחר שותפות מוגבלת,IL,עוגת שיש,גרמים,400.00,100 גרם,false,0,10.10,2.53,true,1,
7290006983787,false,עוגת הבית שוקולד צ'יפס אסם 400 גרם,קבוצת אוסם סחר שותפות מוגבלת,IL,עוגת שוקוצ'יפס,גרמים,400.00,100 גרם,false,0,10.10,2.53,true,1,
7290006983794,false,עוגת הבית בטעם תפוז אסם 400 גרם,קבוצת אוסם סחר שותפות מוגבלת,IL,עוגת תפוז,גרמים,400.00,100 גרם,false,0,10.10,2.53,true,1,
7290006992161,false,מטרנה - דייסת קורנפלור פרוביוטי 200 גרם,קבוצת אוסם סחר שותפות מוגבלת,IL,דייסת מטרנה,גרמים,200.00,100 גרם,false,0,11.80,5.90,true,1,
7290006992192,false,דייסה מטרנה סולת פרוביוטיקה,קבוצת אוסם סחר שותפות מוגבלת,IL,דייסת סולת מטרנה,גרמים,200.00,100 גרם,false,0,11.80,5.90,true,1,
7290006992208,false,מטרנה דייסת 8 דגנים מעורבים 200 גרם,קבוצת אוסם סחר שותפות מוגבלת,IL,דייסת מטרנה,גרמים,200.00,100 גרם,false,0,11.80,5.90,true,1,
7290008000239,false,"שטיפה אינטימית מועשר בלחות פמינה 220 מ""ל",גורי ע.ע.ע בעמ,IL,פמינה לשטיפה,מיליליטרים,220.00,"100 מ""ל",false,0,21.20,9.64,true,1,
7290008000796,false,"סופרמן משחת שיניים לילדים בטעם פירות כצט 50 מ""ל",גורי ע.ע.ע. בע`מ,IL,משחת שיניים,מיליליטרים,50.00,"100 מ""ל",false,0,9.30,18.60,true,1,
7290008000826,false,"משחת שיניים לילדים בטעם פירות לגילאים 2-6 כצט 50 מ""ל",גורי ע.ע.ע. בע`מ,IL,משחת שיניים ברבי,מיליליטרים,50.00,"100 מ""ל",false,0,9.30,18.60,true,1,
7290008101318,false,קריספ פירורי לחם זהוב 300 גרם מיימונס,א.ל.ייצור ושיווק תבלינים בעמ,IL,פירורי לחם קריספ,גרמים,300.00,100 גרם,false,1,5.90,1.97,true,1,
7290008101356,false,קריספ פאנקו זהב 300 גרם מיימונס,א.ל.ייצור ושיווק תבלינים בעמ,IL,פנקו זהוב קריספ,גרמים,300.00,100 גרם,false,1,7.60,2.53,true,1,
7290008102469,false,קריספ פירורי לחם זהוב 800 גרם מיימונס,א.ל.ייצור ושיווק תבלינים בעמ,IL,פירורי לחם,גרמים,800.00,100 גרם,false,1,10.10,1.27,true,1,
7290008104050,false,"שטיפת אינטימית לקטופיל פמינה 220 מ""ל",גורי ע.ע.ע. בע`מ,IL,תחליב פמינה,מיליליטרים,220.00,"100 מ""ל",false,0,19.50,8.86,true,1,
7290008116565,false,שטיפת פה ליסטרין מנטה מרענן 500 מ`ל,ג'\ונסון אנד ג'\ונסון,IT,מי פה ליסטרין,מיליליטרים,500.00,"100 מ""ל",false,0,15.20,3.04,true,1,
7290008154222,false,שניצלונים עוף טוב 700 גרם,קבוצת אוסם סחר-שות.מוגבלת,IL,שניצלונים 700ג,גרמים,700.00,100 גרם,false,0,17.00,2.43,true,1,
7290008175173,false,חמאה מפינלנד ללא מלח 200 גרם ויליפוד,ג.וילי-פוד אינטרנשיונל **גבינו,FI,חמאה ווליו,גרמים,200.00,100 גרם,false,0,10.10,5.05,true,1,
7290008175210,false,גבינת פרמזן מגורדת 90ג' ויליפוד,ג.וילי-פוד אינטרנשיונל **גבינו,IT,פרמזנו מגורדת,גרמים,90.00,100 גרם,false,0,14.40,16.00,true,1,
7290008175814,false,וילי פוד פטריות שמפיניון חתוך בדץ 400ג,ג.וילי-פוד אינטרנשיונל בעמ,PL,פטריות חתוכות,גרמים,400.00,100 גרם,false,0,4.10,1.03,true,1,
7290008175906,false,גבינת עיזים קשה וילי,אלמטאה,NL,גבינת עיזים100%,קילוגרמים,0.00,"ק""ג",true,0,106.00,106.00,true,1,
7290008263023,false,פסטה פוסילי מלא אורגני הרדוף 500 גרם,פסטיפיסוי פליצ'טי,IT,פוסילי אורגני,גרמים,500.00,100 גרם,false,0,9.30,1.86,true,1,
7290008263498,false,הרדוף פסטה פוסילי מקמח לבן 500 גרם,פסטיפיסוי פליצ'טי,IT,פסטה פוסילי הרדו,גרמים,500.00,100 גרם,false,0,9.30,1.86,true,1,
7290008263535,false,ממרח שוקולד אורגני-הרדוף 350 גר,ברינקרס פוד,NL,ממרח שוקולד,גרמים,350.00,100 גרם,false,0,20.90,5.97,true,1,
7290008263597,false,קוואקר אורגני הרדוף 500 גרם,אול אורגני,IL,קוואקר אורגני,גרמים,500.00,100 גרם,false,0,9.30,1.86,true,1,
7290008263641,false,קוואקר עדין אורגני 500 גרם - הרדוף,אול אורגני,IL,קוואקר אורגני,גרמים,500.00,100 גרם,false,0,9.30,1.86,true,1,
7290008263658,false,"משקה סויה ללת""ס אורגני 1 ליטר",ליקואטס,ES,"משקה סויה ללת""ס",ליטרים,1.00,ליטר,false,0,11.00,11.00,true,1,
7290008263764,false,פסטה פוזילי טריקולור אורגנית 500 גר,פסטיפיסוי פליצ'טי,IT,פוזילי אורגני,גרמים,500.00,100 גרם,false,0,12.70,2.54,true,1,
7290008318785,false,"ביוטי פיט ק.ריכוך לכף הרגל 100 מ""ל",חלאבין,IL,ביוטי פיט קרם לכ,מיליליטרים,100.00,"100 מ""ל",false,0,22.90,22.90,true,1,
7290008318990,false,"מידנייט קרם ידיים 100 מ""ל",חלאבין,IL,קרם ידיים,מיליליטרים,100.00,"100 מ""ל",false,0,11.80,11.80,true,1,
7290008328913,false,סילאן טבעי 100% 900 גרם יורו פוד,בני ג ורג שוקחה (חיפה) בעמ,TR,סילאן תמרים טהור,גרמים,900.00,100 גרם,false,0,18.50,2.06,true,1,
7290008340618,false,סלמון מעושן מצונן דלידג 100 ג',נטו מילנדה סחר בעמ*,IL,סלמון מעושן,גרמים,100.00,100 גרם,false,0,17.00,17.00,true,1,
7290008343466,false,בצק פילו שלושת האופים (500 גרם),שלושת האופים שגמור,IL,בצק פילו 500 גרם,גרמים,500.00,100 גרם,false,0,17.00,3.40,true,1,
7290008343558,false,סיגרים במילוי בשר פיקנטי 1 ק``ג קפוא,נטו מלינדה סחר בע`מ,IL,סיגרים פיקנטי,קילוגרמים,1.00,"ק""ג",false,0,17.00,17.00,true,1,
7290008343565,false,"סיגרים תפו""א 1 ק""ג שלושת האופים",נטו מלינדה סחר בעמ,IL,"סיגרים תפו""א",קילוגרמים,1.00,"ק""ג",false,0,17.00,17.00,true,1,
7290008343602,false,"קובה בשר 1 ק""ג שלושת האופים",נטו מלינדה סחר בעמ,IL,קובה במילוי בשר,קילוגרמים,1.00,"ק""ג",false,0,18.70,18.70,true,1,
7290008343619,false,"פסטלים תפו""א שלושת האופים 1 ק""ג",נטו מלינדה סחר בע`מ,IL,"פסטלים תפו""א",קילוגרמים,1.00,"ק""ג",false,0,17.00,17.00,true,1,
7290008343626,false,כדורי פלאפל 1 קג -שלושת האופים,נטו מלינדה סחר בע`מ,IL,פלאפל 1 ק'ג,גרמים,1000.00,100 גרם,false,0,18.70,1.87,true,1,
7290008344258,false,המבורגר מיזרחי 400 גר`טיבונוויל,"טיבון ויל אחזקות בע""\מ",IL,המבורגר מזרחי,גרמים,400.00,100 גרם,false,0,17.80,4.45,true,1,
7290008344272,false,המבורגר 100% טיבון ויל 400 גרם,טיבון ויל אחזקות בעמ,IL,המבורגר בקר,גרמים,400.00,100 גרם,false,0,17.80,4.45,true,1,
7290008345132,false,הרינג כבוש דלידג 240 ג',נטו מלינדה סחר בעמ,IL,הרינג כבוש,גרמים,240.00,100 גרם,false,0,21.20,8.83,true,1,
7290008345156,false,פילה מקרוסקה ואקום ד,נטו מלינדה סיימן,IL,פילה מקרוסקה,קילוגרמים,0.00,"ק""ג",true,0,101.00,101.00,true,1,
7290008345545,false,מטיאס פרובנציאל במשקל,,,פילה הרינג,קילוגרמים,0.00,"ק""ג",true,0,58.00,58.00,true,1,
7290008345576,false,סלט איקרה ביתית לבנה 300 גרם דלידג,נטו מלינדה סחר בע`מ,IL,איקרה ביתית לבנה,גרמים,300.00,100 גרם,false,0,17.00,5.67,true,1,
7290008345583,false,סלט איקרה ביתית ורודה דלידג (300 גרם),נטו מלינדה סחר בע`מ,IL,איקרה ביתית,גרמים,300.00,100 גרם,false,0,17.00,5.67,true,1,
7290008347730,false,סלמון מעושן הילטון ב,דלידג ק.מלאכי,,סלמון פסקאדו,קילוגרמים,0.00,"ק""ג",true,0,161.00,161.00,true,1,
7290008403191,false,גבינת קשקבל בשלה במשקל,לקטיס סאן וינשנטה,ES,גבינת קשקבל,קילוגרמים,0.00,"ק""ג",true,0,98.00,98.00,true,1,
7290008403238,false,גבינת ברי צרפתית32% משקל,קואופורטיב איסיני סנט מר,FR,גבינת ברי,קילוגרמים,0.00,"ק""ג",true,1,112.00,112.00,true,1,
7290008409100,false,אצבעות שניצל בציפוי שומשום מאמא עוף 700 גרם,תנובה גליל שותפות מוגבלת,IL,אצבעות שניצל,גרמים,700.00,100 גרם,false,0,31.50,4.50,true,1,
7290008409124,false,מאמא עוף קפוא שניצל ג'ונגל פריך 700 גרם,תנובה מרכז שיתופי לשיווק תוצרת,IL,שניצל ג'ונגל,גרמים,700.00,100 גרם,false,0,31.50,4.50,true,1,
7290008409216,false,מאמא עוף קפוא שניצל דק פריך 700 גרם,תנובה מרכז שיתופי לשיווק תוצרת,IL,שניצל דק דק פריך,גרמים,700.00,100 גרם,false,0,34.10,4.87,true,1,
7290008409223,false,שניצל דק דק מתובל מאמא עוף (700 גרם),תנובה מרכז שיתופי לשיווק תוצרת,IL,שניצל דק מתובל,גרמים,700.00,100 גרם,false,0,34.10,4.87,true,1,
7290008409315,false,שניצלונים בציפוי פריך מיני מיני דק מאמא עוף 500 גרם,תנובה מרכז שיתופי לשיווק תוצרת,IL,מיני דק שניצלוני,גרמים,500.00,100 גרם,false,0,23.80,4.76,true,1,
7290008409407,false,שניצל דק דק צ`יפס מאמא עוף (700 גרם),תנובה גליל שותפות מוגבלת,IL,שניצל דק צ'יפס,גרמים,700.00,100 גרם,false,0,34.10,4.87,true,1,
7290008409551,false,שניצל עוף אמיתי בציפוי מעודן 700 ג' מאמא עוף,תנובה מרכז שיתופי לשיווק תוצרת,IL,שניצל עוף אמיתי,גרמים,700.00,100 גרם,false,0,35.60,5.09,true,1,
7290008409582,false,שניצל עוף אמיתי בציפוי ביתי מאמא עוף 700 גרם,תנובה מרכז שיתופי לשיווק תוצרת,IL,שניצל אמיתי ביתי,גרמים,700.00,100 גרם,false,0,35.60,5.09,true,1,
7290008443616,false,"מרכך לשיער יבש אדום נקה 7 750 מ""ל",החברה הדרומית לשיווק בעמ,IL,קונדישנר נקה 7,מיליליטרים,750.00,"100 מ""ל",false,0,9.30,1.24,true,1,
7290008444231,false,"קרליין - קרם ג'ל לחות יאנג 50 מ""ל",קרליין,IL,YOUNG ג'ל לחות,מיליליטרים,50.00,"100 מ""ל",false,0,42.30,84.60,true,1,
7290008461047,false,גב.ברי לה רוסטיק 31%משקל,נטו מלינדה סיימן,FR,גבינת ברי,קילוגרמים,0.00,"ק""ג",true,0,147.00,147.00,true,1,
7290008461221,false,סרדינים רוברט בשמן חמניות 115 גרם,א. סיימן סחר בעמ,PT,סרדין רוברט,גרמים,120.00,100 גרם,false,0,5.90,4.92,true,1,
7290008462204,false,חרדל דיז'ון מקורי נטו מאי 380 גרם,א. סיימן סחר בעמ,FR,חרדל דיז'ון,גרמים,380.00,100 גרם,false,0,11.00,2.89,true,1,
7290008462310,false,גבינת סנט מור עיזים משקל,סואניון,FR,גבינת עיזים,קילוגרמים,0.00,"ק""ג",true,0,145.00,145.00,true,1,
7290008464024,false,"בירה גולדסטאר Unfiltered, בירה לא מסוננת, פחית 500 מ""ל","טמפו משקאות בע""מ",IL,גולדסטאר בפחית,מיליליטרים,500.00,"100 מ""ל",false,0,8.20,1.64,true,1,
7290008464130,false,"בירה גולדסטאר Unfiltered, בירה לא מסוננת, מארז שישייה, בקבוק 330 מ""ל",טמפו משקאות בעמ,IL,בירה גולדסטאר6יח,ליטרים,1.98,ליטר,false,0,34.00,17.17,true,1,
7290008464222,false,"בירה מכבי 7.9%, בירה חזקה, פחית 500 מ""ל","טמפו משקאות בע""\מ",IL,בירה מכבי 7.9%,מיליליטרים,500.00,"100 מ""ל",false,1,6.70,1.34,true,1,
7290008464369,false,"פפסי קולה בפחית 330 מ""ל","טמפו משקאות בע""\מ",IL,פפסי קולה פחית,מיליליטרים,330.00,"100 מ""ל",false,0,5.50,1.67,true,1,
7290008464406,false,פפסי מקס – משקה מוגז דל קלוריות פחיות 300 מל' שישייה,טמפו משקאות בע`מ,IL,פפסי מקס פחית,מיליליטרים,330.00,"100 מ""ל",false,0,5.50,1.67,true,1,
7290008464468,false,בירה בפחית גולדסטאר (500 מל),פארייפאבה אגרואינדוס,IL,בירה גולדסטאר,מיליליטרים,500.00,"100 מ""ל",false,0,7.30,1.46,true,1,
7290008464475,false,"בירה מכבי, פחית 500 מ""ל","טמפו משקאות בע""\מ",IL,בירה מכבי פחית,מיליליטרים,500.00,"100 מ""ל",false,0,6.70,1.34,true,1,
7290008464604,false,"בירה הייניקן פחית 500 מ""ל",טמפו משקאות בע''מ,NL,בירה היינקן פחית,מיליליטרים,500.00,"100 מ""ל",false,0,8.50,1.70,true,1,
7290008464611,false,"הסודה של טמפו, מי סודה בגיזוז חזק, 275 מל",טמפו משקאות בעמ,IL,הסודה של טמפו,מיליליטרים,275.00,"100 מ""ל",false,1,3.30,1.20,true,1,
7290008464673,false,"בירה גולדסטאר SLOWBREW פחית 10%, 500 מ""ל","טמפו משקאות בע""\מ",IL,גולדסטאר סלו ברו,מיליליטרים,500.00,"100 מ""ל",false,1,8.20,1.64,true,1,
7290008464697,false,"בירה מכבי 7.9%, בירה חזקה, מארז שישייה, בקבוק 330 מ""ל",טמפו משקאות בעמ,IL,בירה מכבי 6 יח,ליטרים,1.98,ליטר,false,0,24.10,12.17,true,1,
7290008464734,false,"שישיית בירה גולדסטאר לאגר SLOW BREW בקבוק 330 מ""ל",טמפו משקאות בע''מ,IL,בירה גולדסטאר6יח,ליטרים,1.98,ליטר,false,1,31.80,16.06,true,1,
7290008464741,false,"בירה גולדסטאר, מארז שישייה, בקבוק 330 מ''ל","טמפו משקאות בע""\מ",IL,גולדסטאר 6 יח',ליטרים,1.98,ליטר,false,0,21.50,10.86,true,1,
7290008464796,false,"בירה היינקן, מארז שישייה, בקבוק 330 מ''ל",טמפו משקאות בע''מ,IL,בירה הייניקן 6יח,ליטרים,1.98,ליטר,false,0,31.80,16.06,true,1,
7290008469388,false,פילה בקר קפוא קג,נחמיה לחוביץ,BR,פילה בקר קפוא,קילוגרמים,0.00,"ק""ג",true,0,128.10,128.10,true,1,
7290008469746,false,פילה מדומה מס6' חלק קפוא,לחוביץ,XX,פ.מדומה מס6' קפו,קילוגרמים,0.00,"ק""ג",true,1,38.30,38.30,true,1,
7290008470759,false,מסטיק אורביט ספירמינט מארז שמינייה,מרס ריגלי ישראל בעמ,FR,מסטיק אורביט 8יח,גרמים,104.00,100 גרם,false,0,13.00,12.50,true,1,
7290008493413,false,פירורי לחם מאיר בייגל פירורי גריסיני 200 גרם,"דנשר (1963) בע,מ",IL,פירורי גריסיני,גרמים,200.00,100 גרם,false,0,5.30,2.65,true,1,
7290008493710,false,פרורי גריסני זהב פירורי לחם מאיר בייגל 200 גרם,"דנשר (1963) בע,מ",IL,פירורי גריסיני,גרמים,200.00,100 גרם,false,1,5.30,2.65,true,1,
7290008597906,false,אורז יסמין ששון הקול,דין שיווק וקליה 2021 בעמ,,אורז יסמין,קילוגרמים,5.00,"ק""ג",false,0,38.00,7.60,true,1,
7290008614078,false,בשר לחמין מוכשר קפוא קג,לחוביץ,IL,בשר חמין מוכשר,קילוגרמים,0.00,"ק""ג",true,0,21.20,21.20,true,1,
7290008614528,false,צלי כתף מס5 חלק קפוא קג,לחוביץ,IL,צלי כתף קפוא,קילוגרמים,0.00,"ק""ג",true,1,59.70,59.70,true,1,
7290008614559,false,שריר הזרוע מס 8 חלק,לחוביץ,XX,זרוע קפוא,קילוגרמים,0.00,"ק""ג",true,1,25.50,25.50,true,1,
7290008614580,false,בשר לחמין מהדרין קג,לחוביץ,IL,בשר לחמין מהדרין,קילוגרמים,0.00,"ק""ג",true,1,21.20,21.20,true,1,
7290008644112,false,אחלה יום יום סלט מטבוחה יום יום 125 גרם,שטראוס גרופ בעמ/מצונן,IL,מטבוחה יום יום,גרמים,125.00,100 גרם,false,0,4.10,3.28,true,1,
7290008644235,false,מבחר עלי בייבי 120 גרם-טעם הטבע,שטראוס בריאות ירקות טריי,IL,עלי בייבי,גרמים,120.00,100 גרם,false,0,10.90,9.08,true,1,
7290008644945,false,סלט המושבה שטראוס 450 גר`-טעם הטבע,שטראוס בריאות ירקות טריי,IL,סלט המושבה,גרמים,450.00,100 גרם,false,0,12.90,2.87,true,1,
7290008645935,false,אחלה חומוס לניגוב 750 גרם,שטראוס גרופ בעמ/מצונן,IL,חומוס אחלה,גרמים,750.00,100 גרם,false,0,8.40,1.12,true,1,
7290008670029,false,"יין אדום מרלו רקנאטי 750 מ""ל",היכל היין שקד גולן בעמ,IL,יין רקנאטי מרלו,מיליליטרים,750.00,"100 מ""ל",false,0,45.70,6.09,true,1,
7290008670623,false,יין רקנאטי פטיט סירה רזרב 2014 750 מל,,IL,פטיט סירה רזרב,מיליליטרים,750.00,"100 מ""ל",false,0,97.30,12.97,true,1,
7290008690713,false,נקטר חמוציות אושן ספריי פריגת (1 ליטר),החברה המרכזית להפצת משקאות בעמ,IL,אושן ספריי,ליטרים,1.00,ליטר,false,0,10.20,10.20,true,1,
7290008693134,false,מעדן גבינה ויוגורט בטעם תות 5% שומן 88 ג' דניאלה,שטראוס גרופ בעמ/מצונן,IL,דניאלה תות מוקצף,גרמים,88.00,100 גרם,false,0,3.50,3.98,true,1,
7290008713900,false,לחם שיפון עגול פרוס אחדות (750 גרם),מאפיית אנג'\ל אורנים מאפ,IL,לחם שיפון עגול,גרמים,750.00,100 גרם,false,0,11.80,1.57,true,1,
7290008713917,false,לחם שיפון כהה פרוס מאפיית אחדות 750 גרם,מאפיית שלמה א. אנג'\ל בע,IL,לחם שיפון כהה,גרמים,750.00,100 גרם,false,0,11.80,1.57,true,1,
7290008745239,false,תפוצ'יפס קראנצ' בטעם טבעי עלית 50 גרם,"שטראוס פריטו ליי בע""\מ )",IL,תפוצ'יפס קראנצ',גרמים,50.00,100 גרם,false,0,3.40,6.80,true,1,
7290008747547,false,תפוצ'יפס קראנץ' בטעם טבעי עלית 200 גרם,"שטראוס פריטו ליי בע""\מ )",IL,תפוצ'יפס קראנצ',גרמים,200.00,100 גרם,false,0,8.40,4.20,true,1,
7290008753111,false,תפוצ'יפס קראנץ' בטעם מקסיקני עלית 50 גרם,"שטראוס פריטו ליי בע""\מ )",IL,תפוצ'יפס קראנצ',גרמים,50.00,100 גרם,false,0,3.40,6.80,true,1,
7290008754415,false,גומי מאסט בטעם ספירמינט עדין פליפטופ 28 ג' עלית,שטראוס גרופ בע`מ,IL,מסטיק מאסט LL,גרמים,28.00,100 גרם,false,0,3.60,12.86,true,1,
7290008754422,false,גומי מאסט בטעם פפרמינט קלאסי פליפטופ 28 ג' עלית,שטראוס גרופ בע`מ,IL,מסטיק LL MUST,גרמים,28.00,100 גרם,false,0,3.60,12.86,true,1,
7290008757034,false,"שוופס סודה זכוכית 250 מ""ל",יפאורה שותפות מוגבלת לשיווק,IL,מי סודה,מיליליטרים,250.00,"100 מ""ל",false,0,3.30,1.32,true,1,
7290008757980,false,קרטונית ספרינג נקטר רימונים 1 ליטר,יפאורה שותפות מוגבלת לשיווק,IL,נקטר רימונים,ליטרים,1.00,ליטר,false,0,5.90,5.90,true,1,
7290008775816,false,ערגליות עוגיות במילוי שוקולד אסם 300 גרם,קבוצת אוסם סחר שותפות מוגבלת,IL,ערגליות שוקו,גרמים,300.00,100 גרם,false,0,8.40,2.80,true,1,
7290008775823,false,ערגליות עוגיות תות שדה אסם 300 גרם,קבוצת אוסם סחר שותפות מוגבלת,IL,ערגליות תות,גרמים,300.00,100 גרם,false,0,8.40,2.80,true,1,
7290008801010,false,"יין קברנה סוביניון מרלו פרייוט קולקשן 750 מ""ל",אגודת הכורמים הקאופו,IL,קברנה מרלו P.C,מיליליטרים,750.00,"100 מ""ל",false,0,32.40,4.32,true,1,
7290008801157,false,"יין מרלו סלקטד כרמל כרמל 750 מ""ל",אגודת הכורמים -כרמל מזרחי,IL,מרלו סלקטד,מיליליטרים,750.00,"100 מ""ל",false,0,25.60,3.41,true,1,
7290008801522,false,יין קינג דויד קונקורד אדום מתוק 750 מל,אגודת הכורמים הקואופרטיב,IL,יין קונקורד,מיליליטרים,750.00,"100 מ""ל",false,0,18.70,2.49,true,1,
7290008801546,false,יין מוסקט מתוק קינג דיוויד יקבי כרמל,אגודת הכורמים הקואופרטיב,IL,מוסקט קינג דיווד,מיליליטרים,750.00,"100 מ""ל",false,0,18.70,2.49,true,1,
7290008801843,false,סלקטד קברנה סובניון יקבי כרמל (750 מל),אגודת הכורמים בעמ,IL,קברנה סוביניון,מיליליטרים,750.00,"100 מ""ל",false,0,25.60,3.41,true,1,
7290008801850,false,סלקטד אמרלד ריזלינג לבן חצי יבש 750 מל,אגודת הכורמים הקואופרטיב,IL,אמרלד ריזלינג,מיליליטרים,750.00,"100 מ""ל",false,0,25.60,3.41,true,1,
7290008802291,false,יין מרלו פרייבט קולקשן יקבי כרמל,אגודת הכורמים הקואופרטיב,IL,מרלו P.C,מיליליטרים,750.00,"100 מ""ל",false,0,32.40,4.32,true,1,
7290008802512,false,"יין וינו אדום ""כרמל מזרחי""",אגודת הכורמים בעמ,IL,יין אדום יבש,מיליליטרים,750.00,"100 מ""ל",false,0,18.70,2.49,true,1,
7290008802529,false,"יין לבן חצי יבש וינו 750 מ""ל",אגודת הכורמים בעמ,IL,יין לבן יבש וינו,מיליליטרים,750.00,"100 מ""ל",false,0,18.70,2.49,true,1,
7290008802895,false,יין קברנה סוביניון פרייבט קולקשן יקבי כרמל,אגודת הכורמים הקאופורטיב,IL,קברנה סוביניון,מיליליטרים,750.00,"100 מ""ל",false,0,32.40,4.32,true,1,
7290008804189,false,יין קברנה סוביניון גליל עליון סדרה אזורית יקבי כרמל,אגודת הכורמים הקואופרטיב,IL,קברנה סוביניון,מיליליטרים,750.00,"100 מ""ל",false,0,46.90,6.25,true,1,
7290008804332,false,שיראז אדום יבש פריווט קולקשיין 750מל,אגודת הכורמים הקואופרטיב,IL,שיראז אדום יבש,מיליליטרים,750.00,"100 מ""ל",false,0,32.40,4.32,true,1,
7290008805384,false,סלקטד מוסקטו לבן יקבי כרמל (750 מל),אגודת הכורמים הקואופרטיב,IL,סלקטד מוסקטו,מיליליטרים,750.00,"100 מ""ל",false,0,25.60,3.41,true,1,
7290008805520,false,"יין קברנה/סוביניון סלקטד כרמל 750 מ""ל",אגודת הכורמים בעמ,IL,קברנה מרלו סלקטד,מיליליטרים,750.00,"100 מ""ל",false,0,25.60,3.41,true,1,
7290008805964,false,יין קברנה שיראז גליל עליון סדרה אזורית יקבי כרמל,אגודת הכורמים הקואופרטיב,IL,קברנה שיראז,מיליליטרים,750.00,"100 מ""ל",false,0,46.90,6.25,true,1,
7290008806961,false,גלידה שוקולד שבבי שוקולד פרה 1.33 ל' קרמיסימו,"גלידת שטראוס בע""\מ, רחוב",IL,קרמיסימו שוקולד,ליטרים,1.33,ליטר,false,0,16.10,12.11,true,1,
7290008806985,false,נישנושים גלידה שוקו וניל בציפוי שוקולד 60 יח' קרמיסימו,"גלידת שטראוס בע""\מ, רחוב",IL,נשנושי שוקווניל,גרמים,630.00,100 גרם,false,0,38.30,6.08,true,1,
7290008830676,false,תערובת מן הטבע יחידה,"דין שיווק וקלייה בע""",IL,תערובת מן הטבע,יחידה,1.00,יחידה,false,0,4.20,4.20,true,1,
7290008830690,false,מובחרים מן הטבע יחידה,קונסיגנציה-דין שיווק וקליה 202,IL,מובחרין מן הטבע,יחידה,1.00,יחידה,false,0,8.50,8.50,true,1,
7290008846219,false,"שמן זית כתית מעולה חלוצה 750 מ""ל",האי נאם סי או אל.טי.,IL,שמן זית כתית,מיליליטרים,750.00,"100 מ""ל",false,0,35.80,4.77,true,1,
7290008849470,false,פלפל צ'ומה חריף אוליביה 185 גרם,תה ויסוצקי (ישראל)בעמ,IL,פלפל צ'ומה,גרמים,185.00,100 גרם,false,0,11.80,6.38,true,1,
7290008866002,false,קממברט אגוזים בייבי משקל,גבינות משק יעקבס,IL,קממברט אגוזים,קילוגרמים,0.00,"ק""ג",true,1,110.00,110.00,true,1,
7290008866040,false,גבינת ברי עיזים יעקב,משק יעקבס,IL,ברי עיזים,קילוגרמים,0.00,"ק""ג",true,1,127.00,127.00,true,1,
7290008866125,false,מארז מנצגו כמהין במשקל,משק יעקבס,IL,מנצגו כמהין,קילוגרמים,0.00,"ק""ג",true,1,144.00,144.00,true,1,
7290008909853,false,"קוקה קולה זירו בקבוק 500 מ""ל.",החברה המרכזית להפצת משקאות בעמ,IL,קוקה קולה זירו,מיליליטרים,500.00,"100 מ""ל",false,0,6.40,1.28,true,1,
7290008909884,false,"קוקה קולה זירו 350 מ""ל בקבוק זכוכית",החברה המרכזית להפצת משקאות בעמ,IL,קולה זירו בקבוק,מיליליטרים,350.00,"100 מ""ל",false,1,6.40,1.83,true,1,
7290008975155,false,מטרנה סנסיטיב פגים 400 גרם,מטרנה תעשיות ש.מ,IL,מטרנה פגים,גרמים,400.00,100 גרם,false,0,32.30,8.08,true,1,
7290008975551,false,תחליף חלב מטרנה מהדרין שלב 3 חלבי 700 גרם,קבוצת אוסם סחר שותפות מוגבלת,IL,מטרנה מהדרין 3,גרמים,700.00,100 גרם,false,0,42.60,6.09,true,1,
7290008975780,false,"מזון לכלבים בונזו מזון כלבים גזע קטן 3 ק""ג",דיפלומט מפיצים (1968) בעמ**,FR,בונזו גזע קטן,קילוגרמים,3.00,"ק""ג",false,0,38.30,12.77,true,1,
7290008981279,false,זעתר עם שומשום נחלה100גר,קפה אל נח'לה,IL,זעתר עם שומשום,גרמים,100.00,100 גרם,false,0,10.10,10.10,true,1,
7290008981538,false,זעתר עם שומשום אלנחלה 250 גרם צנצנת,קפה אל נח'לה,IL,תערובת זעתר,גרמים,250.00,100 גרם,false,1,17.00,6.80,true,1,
7290008989169,false,"אורז תפוח בשקית בטר אנד דיפרנט 500 גרם לל""ג",בטר אנד דיפרנט בעמ,IL,אורז תפוח,גרמים,500.00,100 גרם,false,0,18.70,3.74,true,1,
7290008989602,false,בטר פצפוצי אורז מלא 450 גר`ללא גלוטן,בטר אנד דיפרנט בעמ,IL,אורז תפוח מלא,גרמים,450.00,100 גרם,false,0,18.70,4.16,true,1,
7290008989671,false,"ציפוי עדיף פריך ""ללא גלוטן"" בטר אנד דיפרנט 250 גרם",בטר אנד דיפרנט בעמ,IL,ציפוי עדיף פריך,גרמים,250.00,100 גרם,false,0,9.30,3.72,true,1,
7290008989749,false,פריכיות קינואה +אורז מלא 200 גרם,בטר אנד דיפרנט,IL,פריכיות קינואה,גרמים,200.00,100 גרם,false,0,11.80,5.90,true,1,
7290008989848,false,ממרח חמאת בוטנים קרנצי בטר אנד דיפרנט 350 גרם,בטר אנד דיפרנט B&D,IL,חמאת בוטנים,גרמים,350.00,100 גרם,false,0,12.10,3.46,true,1,
7290009012842,true,פילה עוף טרי פרימיום קג,עוף עוז,IL,פילה פרימיום טרי,קילוגרמים,0.00,"ק""ג",true,1,42.60,42.60,true,1,
7290009017038,true,נקניק סלמי צרפתי שופרסל,מעדני יחיעם,IL,סלמי צרפתי,קילוגרמים,0.00,"ק""ג",true,1,111.00,111.00,true,1,
7290009017045,true,כתף בקר מפולפל שופרסל,מעדני יחיעם,IL,כתף בקר מפולפל,קילוגרמים,0.00,"ק""ג",true,1,89.00,89.00,true,1,
7290009017052,true,איטלקי מפולפל שופרסל,מעדני יחיעם,IL,איטלקי מפולפל,קילוגרמים,0.00,"ק""ג",true,1,56.00,56.00,true,1,
7290009017069,true,נקניק סרוולד שופרסל קג,מעדני יחיעם,IL,סלמי סרוולד,קילוגרמים,0.00,"ק""ג",true,1,111.00,111.00,true,1,
7290009068818,true,אגוז ברזיל טבעי במשקל,דין שיווק,IL,אגוז ברזיל טבע,גרמים,0.00,"ק""ג",true,0,83.00,83.00,true,1,
7290009068955,true,חמניות קלופות טבעי,דין שיווק,IL,חמניות קלופות,גרמים,0.00,"ק""ג",true,0,38.00,38.00,true,1,
7290009069174,true,שקד מסוכר,דין שיווק,IL,שקד מסוכר,גרמים,0.00,"ק""ג",true,0,80.00,80.00,true,1,
7290009069518,true,ג'ינג'ר מסוכר במשקל,דין שיווק,TH,ג'ינג'ר מסוכר,גרמים,0.00,"ק""ג",true,0,33.00,33.00,true,1,
7290009069990,true,תערובת הבית במשקל,,,תערובת הבית,קילוגרמים,0.00,"ק""ג",true,0,97.00,97.00,true,1,
7290009077490,true,זית מרוקאי במשקל,,IL,זית מרוקאי,קילוגרמים,0.00,"ק""ג",true,0,41.00,41.00,true,1,
7290009077650,true,זית יווני ענק במשקל,,IL,זית יווני ענק,קילוגרמים,0.00,"ק""ג",true,0,54.00,54.00,true,1,
7290009077667,true,מלפפון/ירקות במשקל,,IL,מלפפון/ירקות,קילוגרמים,0.00,"ק""ג",true,0,29.00,29.00,true,1,
7290009090017,true,תבלינים,,,תבלינים,קילוגרמים,0.00,"ק""ג",true,0,84.00,84.00,true,1,
7290009090024,true,תבלינים,,,תבלינים,קילוגרמים,0.00,"ק""ג",true,0,169.00,169.00,true,1,
7290009098563,true,אבוקדו ארוז אורגני במשקל,,IL,אבוקדו אורגני,קילוגרמים,0.00,"ק""ג",true,1,13.90,13.90,true,1,
7290009099461,true,פפריקה במשקל,,IL,פפריקה במשקל,קילוגרמים,0.00,"ק""ג",true,0,55.00,55.00,true,1,
7290009105162,true,זוג נתחי סלמון ללא עור,ויליגר,IL,זוג נתחי סלמון ל,קילוגרמים,0.00,"ק""ג",true,0,85.30,85.30,true,1,
7290009106909,true,"פילה טונה טרי ק""ג",נטו,IL,פילה טונה טרי,קילוגרמים,0.00,"ק""ג",true,0,153.70,153.70,true,1,
7290009129762,true,נשנושי טלה טרי קג,שונות,IL,נשנושי טלה טרי,קילוגרמים,0.00,"ק""ג",true,0,51.20,51.20,true,1,
7290009137293,true,גב.פרמזן30% שופרסל במשקל,אמברוסי,IT,גבינת פרמזן,קילוגרמים,0.00,"ק""ג",true,1,70.00,70.00,true,1,
7290009137309,true,גב.פרמזן 30% מגורד משקל,אמברוסי,IT,גב.פרמזן מגורדת,קילוגרמים,0.00,"ק""ג",true,1,70.00,70.00,true,1,
7290009137408,true,מיקס דונאטס 4 יח,סטוקסון,PL,מיקס דונאטס 4 יח,יחידה,1.00,יחידה,false,1,17.00,17.00,true,1,
7290009137415,true,מיקס דונאטס 6 יח,סטוקסון,PL,מיקס דונאטס 6 יח,יחידה,1.00,יחידה,false,1,23.80,23.80,true,1,
7290009137705,true,סופגניה מיני ללא ריבה4י,גידרון,IL,סופגניה מיני 4יח,יחידה,1.00,יחידה,false,1,11.00,11.00,true,1,
7290009137712,true,סופגניה מיני ללא ריבה 8י,גידרון,IL,סופגניה מיני 8יח,יחידה,1.00,יחידה,false,1,17.00,17.00,true,1,
7290009137729,true,סופגניה גדולה ללא ריבה3י,גידרון,IL,סופגניה רגילה3יח,יחידה,1.00,יחידה,false,1,11.00,11.00,true,1,
7290009137736,true,סופגניה גדולה ללא ריבה6י,גידרון,IL,סופגניה רגילה6יח,יחידה,1.00,יחידה,false,1,17.00,17.00,true,1,
7290009137750,true,גבינה צהובה28% במשקל,MLEKOVITA,PL,גבינה צהובה 28%,קילוגרמים,0.00,"ק""ג",true,1,23.10,23.10,true,1,
7290009137767,true,גבינה צהובה28%מגורד משקל,MLEKOVITA,PL,גב.צהובה מגורדת,קילוגרמים,0.00,"ק""ג",true,1,23.10,23.10,true,1,
7290009137804,true,מוצרלה שופרסל במשקל,קיוסריה,ES,מוצרלה שופרסל,קילוגרמים,0.00,"ק""ג",true,1,47.00,47.00,true,1,
7290009137811,true,מוצרלה שופרסל מגורד משקל,קיוסריה,ES,מוצרלה מגורדת,קילוגרמים,0.00,"ק""ג",true,1,47.00,47.00,true,1,
7290009137859,true,"משקה מצונן 350 מ""ל",,IL,משקה מצונן 350מל,מיליליטרים,350.00,"100 מ""ל",false,1,6.80,1.94,true,1,
7290009137897,true,אבוקדו במשקל,,IL,אבקודו גליל,קילוגרמים,0.00,"ק""ג",true,1,13.90,13.90,true,1,
7290009144772,true,בשר טחון טרי יבוא קג,,IL,בשר טחון טרי,קילוגרמים,0.00,"ק""ג",true,1,34.10,34.10,true,1,
7290009148060,true,חזה עוף טרי ארוז חזה עוף,מילועוף,IL,חזה עוף טרי,קילוגרמים,0.00,"ק""ג",true,1,27.20,27.20,true,1,
7290009148077,true,כרעיים עוף טרי ארוז קג,מילועוף,IL,כרעיים עוף טרי,קילוגרמים,0.00,"ק""ג",true,1,23.80,23.80,true,1,
7290009148084,true,ירכיים עוף טרי ארוז קג,מילועוף,IL,ירכיים עוף טרי,קילוגרמים,0.00,"ק""ג",true,1,23.80,23.80,true,1,
7290009148091,true,שוקיים עוף טרי ארוז קג,מילועוף,IL,שוקקים עוף טרי,קילוגרמים,0.00,"ק""ג",true,1,28.10,28.10,true,1,
7290009148145,true,שניצל עוף טרי ארוז קג,מילועוף,IL,שניצל עוף טרי,קילוגרמים,0.00,"ק""ג",true,1,29.80,29.80,true,1,
7290009148169,true,פילה עוף טרי ארוז דיל קג,מילועוף,IL,פילה עוף טרי ארו,קילוגרמים,0.00,"ק""ג",true,1,29.80,29.80,true,1,
7290009148176,true,קוקטייל טרי ארוז דיל קג,מילועוף,IL,קוקטייל טרי ארוז,קילוגרמים,0.00,"ק""ג",true,1,23.80,23.80,true,1,
7290009148190,true,שניצל דק טרי ארוז דיל קג,מילועוף,IL,שניצל דק טרי ארו,קילוגרמים,0.00,"ק""ג",true,1,34.10,34.10,true,1,
7290009165142,true,שיפודי פרגיות קפוא 450גר,.,IL,שיפודי פרגיות,גרמים,500.00,100 גרם,false,1,38.30,7.66,true,1,
7290009391282,true,פילהאמנון7-9ע.עור100%דג,הויזונג ביילו גוושי,CN,פילה אמנון קפוא,קילוגרמים,0.00,"ק""ג",true,0,31.50,31.50,true,1,
7290009391336,true,פילה אמנון קפוא 80% קג,XINTAISHENG HAINAN,CN,פילה אמנון קפוא,קילוגרמים,0.00,"ק""ג",true,0,25.50,25.50,true,1,
7290009391350,true,סטייק דלמוניקה טרי אנגוס,שופרסל,AR,סטייק דלמוניקה ט,קילוגרמים,0.00,"ק""ג",true,0,85.30,85.30,true,1,
7290009391381,true,המבורגר טרי מוכשר אנגוס,שופרסל,AR,המבורגר טרי,קילוגרמים,0.00,"ק""ג",true,0,68.20,68.20,true,1,
7290009391619,true,כרעיים עוף טרי פרמיום קג,מילועוף,IL,כרעיים עוף טרי,קילוגרמים,0.00,"ק""ג",true,1,29.80,29.80,true,1,
7290009391626,true,שוקיים עוף טרי פרמיום קג,מילועוף,IL,שוקיים פרמיום,קילוגרמים,0.00,"ק""ג",true,1,32.30,32.30,true,1,
7290009391633,true,פרגיות טרי פרימיום שופרס,מילועוף,IL,פרגיות פרמיום טר,קילוגרמים,0.00,"ק""ג",true,1,59.70,59.70,true,1,
7290009391657,true,שניצל עוף דק פרימיום שופ,מילועוף,IL,שניצל דק פרמיום,קילוגרמים,0.00,"ק""ג",true,1,38.30,38.30,true,1,
7290009391664,true,פילה עוף טרי פרמיום שופר,מילועוף,IL,פילה פרמיום טרי,קילוגרמים,0.00,"ק""ג",true,1,42.60,42.60,true,1,
7290009391688,true,חזה עוף טרי פרמיום שופרס,מילועוף,IL,חזה פרמיום טרי,קילוגרמים,0.00,"ק""ג",true,1,34.10,34.10,true,1,
7290009391695,true,כתף בקר מעושן קג,מעדני יחיעם,IL,כתף בקר מעושן קג,קילוגרמים,0.00,"ק""ג",true,1,89.00,89.00,true,1,
7290009391718,true,רוסט ביף קג,מעדני יחיעם,IL,רוסט ביף קג,קילוגרמים,0.00,"ק""ג",true,1,98.00,98.00,true,1,
7290009391930,true,שיפודי אנטריקוט בלאק טרי,,US,שיפודי אנטריקוט,קילוגרמים,0.00,"ק""ג",true,0,85.30,85.30,true,1,
7290009392050,true,פילה אמנון ללא עור קפוא,,CN,פילה אמנון ללא ע,קילוגרמים,0.00,"ק""ג",true,0,34.10,34.10,true,1,
7290009392685,true,אנטריקוט טרי מוכשר יבוא,,XX,אנטריקוט טרי,קילוגרמים,0.00,"ק""ג",true,0,111.00,111.00,true,1,
7290009392814,true,פילה טרי מוכשר יבוא קג,,XX,פילה טרי,קילוגרמים,0.00,"ק""ג",true,1,170.80,170.80,true,1,
7290009393088,true,כתף טרי מוכשר אנגוס קג,,AR,כתף טרי אנגוס,קילוגרמים,0.00,"ק""ג",true,0,72.50,72.50,true,1,
7290009393101,true,סינטה טרי מוכשר אנגוס קג,,AR,סינטה טרי אנגוס,קילוגרמים,0.00,"ק""ג",true,0,119.50,119.50,true,1,
7290009393125,true,אנטריקוט טרי מוכשר אנגוס,,AR,אנטריקוט טרי אנג,קילוגרמים,0.00,"ק""ג",true,0,136.60,136.60,true,1,
7290009393651,true,נתח קצבים סרעפת(עצמי) קג,שונות,IL,נתח קצבים,קילוגרמים,0.00,"ק""ג",true,0,102.40,102.40,true,1,
7290009394092,true,סטייק דנוור טרי מוכשר קג,,IL,סטייק דנוור טרי,קילוגרמים,0.00,"ק""ג",true,0,102.40,102.40,true,1,
7290009395044,true,לב עוף טרי תפזורת עצמי ק,שונות,IL,לב עוף טרי,קילוגרמים,0.00,"ק""ג",true,0,20.40,20.40,true,1,
7290009395068,true,טחול עוף טרי ת.עצמי לקג,שונות,IL,טחול עוף טרי,קילוגרמים,0.00,"ק""ג",true,0,45.20,45.20,true,1,
7290009396867,true,מארז לחמניית ביס 8יח,גידרון,IL,מארז לחמניית ביס,יחידה,1.00,יחידה,false,0,9.30,9.30,true,1,
7290009397642,true,חמישית מאפין שוקו 200גרם,גידרון,IL,חמישיית מאפין,גרמים,5.00,100 גרם,false,0,9.30,186.00,true,1,
7290009397697,true,מאפין שוק.צ'יפס 5י גדרון,גידרון,IL,חמישיית מאפין,גרמים,5.00,100 גרם,false,0,9.30,186.00,true,1,
7290009398021,true,לחמניית ביס באגט,גידרון,IL,לחמניית ביס באגט,יחידה,1.00,יחידה,false,0,1.40,1.40,true,1,
7290009398281,true,מארז פיתות אסלית100*10ג,מאפיית אנג'ל,IL,פיתות 10 יח,גרמים,1000.00,100 גרם,false,0,11.80,1.18,true,1,
7290009398618,true,סופגנ.מטוגנ.קפוא+ריבה80ג,גידרון,IL,סופגניה רגילה,גרמים,80.00,100 גרם,false,0,5.00,6.25,true,1,
7290009398687,true,דונטס מטוגן,גידרון,IL,דונאט,יחידה,1.00,יחידה,false,0,6.40,6.40,true,1,
7290009398748,true,פס גבינה מעודן+אוכמנ650ג,גידרון,IL,פס גבינה+אוכמנ,גרמים,650.00,100 גרם,false,0,36.60,5.63,true,1,
7290009398786,true,מארז פיתות אסלית 5יח100*,מאפיית אנג'ל,IL,5 פיתות אסליות,גרמים,500.00,100 גרם,false,0,6.40,1.28,true,1,
7290009398847,true,לחמניית חלה מתוקה,גידרון,IL,לחמניית חלה מתוק,יחידה,1.00,יחידה,false,0,3.80,3.80,true,1,
7290009399165,true,לחמניה קלה,גידרון,IL,לחמניה קלה,יחידה,1.00,יחידה,false,0,2.70,2.70,true,1,
7290009399707,true,מארז 4יח לחמניה גידרול,גדרון סהרון,IL,לחמניה גידרול 4,יחידה,1.00,יחידה,false,0,11.80,11.80,true,1,
7290009399790,true,לחמניית קשר קלה,גידרון,IL,לחמניה קלה קשר,יחידה,1.00,יחידה,false,0,2.70,2.70,true,1,
7290009399868,true,לחמניית חלה קלה,גידרון,IL,לחמניה חלה קלה,יחידה,1.00,יחידה,false,0,3.80,3.80,true,1,
7290009399875,true,סופגניה גדולה ללא ריבה,גידרון,IL,סופגניה ללא ריבה,גרמים,80.00,100 גרם,false,0,5.00,6.25,true,1,
7290009401790,true,מארז פיתה כפרית 5יח100*ג,מאפיית אנג'ל,IL,פיתה קמח מלא 5יח,גרמים,500.00,100 גרם,false,0,7.60,1.52,true,1,
7290009401943,true,לחמניה קלה 5 יח,,,לחמניה קלה 5 יח,יחידה,1.00,יחידה,false,0,11.80,11.80,true,1,
7290009802481,true,קוקטייל טרי א.דיל עצמי,.,IL,קוקטייל טרי,קילוגרמים,0.00,"ק""ג",true,1,23.80,23.80,true,1,
7290009950137,true,בירה גולדסטאר330,,,בירה גולדסטאר330,מיליליטרים,330.00,"100 מ""ל",false,0,9.20,2.79,true,1,
7290009950168,true,"מים מצוננים 750 מ""ל",,IL,מים מצוננים750מ,מיליליטרים,750.00,"100 מ""ל",false,0,5.80,0.77,true,1,
7290009950717,true,סופגניה גדולה מצופה יח',גידרון,IL,סופגניה מצופה,יחידה,1.00,יחידה,false,0,6.70,6.70,true,1,
7290009950724,true,סופגניה מיני מצופה,גידרון,IL,סופגנ.מיני מצופה,יחידה,1.00,יחידה,false,0,5.00,5.00,true,1,
7290009951165,true,לחם פיתה 10 יח,,,לחם פיתה 10 יח,קילוגרמים,1.10,"ק""ג",false,0,15.50,14.09,true,1,
7290009951400,true,סוכריות גומי במשקל,,,סוכריות גומי,קילוגרמים,0.00,"ק""ג",true,0,38.00,38.00,true,1,
7290009951417,true,לקריץ במשקל,,,לקריץ,קילוגרמים,0.00,"ק""ג",true,0,50.00,50.00,true,1,
7290009951424,true,פרלינים במשקל,,,פרלינים,קילוגרמים,0.00,"ק""ג",true,0,76.00,76.00,true,1,
7290009951431,true,פירות אקזוטיים במשקל,,,פירות אקזוטיים,קילוגרמים,0.00,"ק""ג",true,0,77.00,77.00,true,1,
7290009951455,true,תבלינים קבוצה 2 במשקל,,,תבלינים,קילוגרמים,0.00,"ק""ג",true,0,63.00,63.00,true,1,
7290009951479,true,תבלינים קבוצה 3 במשקל,,,תבלינים,קילוגרמים,0.00,"ק""ג",true,0,135.00,135.00,true,1,
7290009951523,true,קטניות קבוצה 2 במשקל,,,קטניות,קילוגרמים,0.00,"ק""ג",true,0,16.00,16.00,true,1,
7290009951561,true,סוכריות קשות במשקל,,,סוכריות קשות,קילוגרמים,0.00,"ק""ג",true,0,33.00,33.00,true,1,
7290009951578,true,סוכריות ללא,,,סוכריות ללא,קילוגרמים,0.00,"ק""ג",true,0,68.00,68.00,true,1,
7290009951639,true,סופגניה גדולה מצופה 6יח',גידרון,IL,סופגניה מצופה6יח,יחידה,1.00,יחידה,false,0,28.10,28.10,true,1,
7290009951899,true,מאפה מלוח משקל,גידרון,IL,מאפה מלוח חלבי,קילוגרמים,0.00,"ק""ג",true,0,35.00,35.00,true,1,
7290009951912,true,מאפה מתוק משקל,גידרון,IL,מאפה מתוק,קילוגרמים,0.00,"ק""ג",true,0,35.00,35.00,true,1,
7290009952308,true,מארז 4יח לחמניית דגנים י,גידרון,IL,לחמניה דגנים 4יח,יחידה,1.00,יחידה,false,0,11.80,11.80,true,1,
7290009952339,true,מארז8 לחמניות אצבע יח,גידרון,IL,לחמניה אצבע 8יח,יחידה,1.00,יחידה,false,0,9.30,9.30,true,1,
7290009952346,true,מארז לחמניית חלה4יחי,גידרון,IL,לחמניה חלה 4יח,יחידה,1.00,יחידה,false,0,11.80,11.80,true,1,
7290009952377,true,מארז לחמנית קשר 5יח',גידרון,IL,לחמניה קשר 5יח,יחידה,1.00,יחידה,false,0,11.80,11.80,true,1,
7290009952698,true,"משקה מצונן 250 מ""ל",,IL,משקה מצונן250מל,מיליליטרים,250.00,"100 מ""ל",false,0,5.00,2.00,true,1,
7290009952858,true,משקה מצונן 1 ליטר,,,משקה מצונן 1ל,ליטרים,1.00,ליטר,false,0,7.50,7.50,true,1,
7290009952988,true,מוצרלה מגורדת,,IL,מוצרלה מגורדת,קילוגרמים,0.00,"ק""ג",true,0,70.00,70.00,true,1,
7290009952995,true,מים מינרליים 1.5 ליטר,,,מים מינרליים,ליטרים,1.50,ליטר,false,0,2.70,1.80,true,1,
7290009953732,true,תה קר מצונן 1.5 ליטר,,,משקה מצונן 2ל,ליטרים,2.00,ליטר,false,0,9.90,4.95,true,1,
7290009953916,true,גבינת צ'דר כתומה,,GB,גבינת צ'דר כתומה,קילוגרמים,0.00,"ק""ג",true,0,111.00,111.00,true,1,
7290009954258,true,נועם ג.צהובה28%חריץ משקל,י. מלכי מוצרים,IL,גבינת נועם 28%,קילוגרמים,0.00,"ק""ג",true,0,38.28,38.28,true,1,
7290009954357,true,גב.עמק מגורדת במשקל,,IL,גבינת עמק מגורדת,קילוגרמים,0.00,"ק""ג",true,0,38.28,38.28,true,1,
7290009954395,true,קולאז פרמזן מגורדת במשקל,תנובה,IL,פרמזן מגורדת,קילוגרמים,0.00,"ק""ג",true,0,96.00,96.00,true,1,
7290009954999,true,מים מצוננים500מל,,IL,מים מצוננים500מל,מיליליטרים,500.00,"100 מ""ל",false,0,5.00,1.00,true,1,
7290009955002,true,מים מצוננים1.5ל,,IL,מים מצוננים1.5ל,ליטרים,1.50,ליטר,false,0,4.10,2.73,true,1,
7290009955019,true,משקה מצונן 1.5ל,,IL,משקה מצונן 1.5ל,ליטרים,1.50,ליטר,false,0,9.40,6.27,true,1,
7290009956221,true,מים מצוננים 2 ליטר,,IL,מים מצוננים 2ל,ליטרים,2.00,ליטר,false,1,8.50,4.25,true,1,
7290009956535,true,רצועות פילה נילוס קפוא ק,"טיבון ויל אחזקות בע""\מ",IL,רצועות נילוס,קילוגרמים,0.00,"ק""ג",true,1,59.70,59.70,true,1,
7290009957105,true,ממרח מחמאת לורפק משקל,ארלה פודס אמבה,DK,ממרח מחמאת לורפק,קילוגרמים,0.00,"ק""ג",true,1,37.60,37.60,true,1,
7290009957112,true,בלוז בסגנון דנאבלו במשקל,ארלה פודס אמבה,DK,גבינת בלוז,קילוגרמים,0.00,"ק""ג",true,1,67.00,67.00,true,1,
7290009957174,true,סלמון מעושן פסקאדו במשקל,ויליגר,IL,סלמון מעושן פסקא,קילוגרמים,0.00,"ק""ג",true,1,195.00,195.00,true,1,
7290009957235,true,גבינת עיזים 34% הולנדית,B.V KAAS HAZELEGER,NL,גבינת עיזים,קילוגרמים,0.00,"ק""ג",true,1,93.00,93.00,true,1,
7290009957358,true,גרנו פדנו שופרסל 29%משקל,אמברוסי,IL,גרנו פדנו,קילוגרמים,0.00,"ק""ג",true,1,93.00,93.00,true,1,
7290009957396,true,גבינת שמנת25%שופרסל משקל,גבינות משק יעקבס,IL,גבינת שמנת במשקל,קילוגרמים,0.00,"ק""ג",true,1,33.00,33.00,true,1,
7290009957402,true,גב.שמנת שום שמיר במשקל,גבינות משק יעקבס,IL,גבינת שמנת במשקל,קילוגרמים,0.00,"ק""ג",true,1,33.00,33.00,true,1,
7290009957419,true,בייבי מוצרלה18%שופר משקל,גבינות משק יעקבס,IL,בייבי מוצרלה,קילוגרמים,0.00,"ק""ג",true,1,67.00,67.00,true,1,
7290009957426,true,כדור מוצרלה שופרסל במשקל,גבינות משק יעקבס,IL,כדור מוצרלה,קילוגרמים,0.00,"ק""ג",true,1,67.00,67.00,true,1,
7290009957433,true,לאבנה בקר5% שופרסל במשקל,גבינות משק יעקבס,IL,לאבנה בקר במשקל,קילוגרמים,0.00,"ק""ג",true,1,29.00,29.00,true,1,
7290009957525,true,סופגניה מיני מצופה 4יח,גידרון,IL,4סופגניה מיני,יחידה,1.00,יחידה,false,1,17.00,17.00,true,1,
7290009957532,true,סופגניה מיני רגילה 4יח',גידרון,IL,סופגניה מיני 4יח,יחידה,1.00,יחידה,false,1,11.00,11.00,true,1,
7290009957556,true,סופגניה גדולה רגילה 3יח',גידרון,IL,סופגניה רגילה3יח,יחידה,1.00,יחידה,false,1,11.00,11.00,true,1,
7290009958232,true,קשקבל שופרסל משקל,אל פסטור,ES,קשקבל שופרסל,קילוגרמים,0.00,"ק""ג",true,1,93.00,93.00,true,1,
7290009958256,true,איבריקו שופרסל משקל,אל פסטור,ES,איבריקו שופרסל,קילוגרמים,0.00,"ק""ג",true,1,93.00,93.00,true,1,
7290009958263,true,מנצגו שופרסל משקל,אל פסטור,ES,מנצגו שופרסל,קילוגרמים,0.00,"ק""ג",true,1,93.00,93.00,true,1,
7290009958522,true,גבינת ברי במשקל,פטור'ז,FR,גבינת ברי במשקל,קילוגרמים,0.00,"ק""ג",true,1,84.00,84.00,true,1,
7290009958577,true,בולגרית מעודנת 5% משקל,מחלבות רמת הגולן,IL,בולגרית מעודנת,קילוגרמים,0.00,"ק""ג",true,1,38.00,38.00,true,1,
7290009958584,true,בולגרית 5% שופרסל משקל,מחלבות רמת הגולן,IL,בולגרית 5% משקל,קילוגרמים,0.00,"ק""ג",true,1,49.00,49.00,true,1,
7290009958591,true,בולגרית 16% שופרסל משקל,מחלבות רמת הגולן,IL,בולגרית 16% משקל,קילוגרמים,0.00,"ק""ג",true,1,50.00,50.00,true,1,
7290010002023,false,כורכום הודי טחון תבליני מימון 100 גרם,א.ל. ייצור ושיווק תבלינים בע`מ,IL,כורכום טחון,גרמים,100.00,100 גרם,false,0,9.90,9.90,true,1,
7290010002078,false,פלפל שחור טחון תבליני מימון (100 גרם),א.ל. ייצור ושיווק תבלינים בע`מ,IL,פלפל שחור טחון,גרמים,100.00,100 גרם,false,0,13.20,13.20,true,1,
7290010002092,false,תבלין פלפל שחור גרוס דק תבליני מימון 90,א.ל. ייצור ושיווק תבלינים בע`מ,IL,פלפל שחור גרוס,גרמים,90.00,100 גרם,false,0,13.20,14.67,true,1,
7290010002108,false,תבלין פלפל שחור גרוס גס תבליני מימון 90,א.ל. ייצור ושיווק תבלינים בע`מ,IL,פלפל שחור גרוס,גרמים,90.00,100 גרם,false,0,13.20,14.67,true,1,
7290010002122,false,פפריקה הונגרית מתוקה תבליני מימון 100 גרם,א.ל. ייצור ושיווק תבלינים בע`מ,IL,פפריקה הונגרית,גרמים,100.00,100 גרם,false,0,9.90,9.90,true,1,
7290010002139,false,פפריקה הונגרית חריפה תבליני מימון 100 גרם,א.ל. ייצור ושיווק תבלינים בע`מ,IL,פפריקה הונגרית,גרמים,100.00,100 גרם,false,0,9.90,9.90,true,1,
7290010002153,false,פפריקה מרוקאית חריפה תבליני מימון 100 גרם,א.ל. ייצור ושיווק תבלינים בע`מ,IL,פפריקה מרוקאית,גרמים,100.00,100 גרם,false,0,9.90,9.90,true,1,
7290010002207,false,תבלין קינמון טחון תבליני מימון 100 גרם,א.ל. ייצור ושיווק תבלינים בע`מ,IL,קינמון טחון,גרמים,100.00,100 גרם,false,0,8.50,8.50,true,1,
7290010002214,false,תבלין צ'ילי גרוס תבליני מימון 80 גרם,א.ל. ייצור ושיווק תבלינים בע`מ,IL,צ'ילי מקסיקני,גרמים,70.00,100 גרם,false,0,9.90,14.14,true,1,
7290010002283,false,תיבול על האש תבליני מימון 100 גרם,א.ל. ייצור ושיווק תבלינים בע`מ,IL,תבלין על האש,גרמים,100.00,100 גרם,false,0,9.90,9.90,true,1,
7290010002313,false,תבלין ראס אל חנות תבליני מימון 100 גרם,א.ל. ייצור ושיווק תבלינים בע`מ,IL,תבלין לקציצות,גרמים,100.00,100 גרם,false,0,9.90,9.90,true,1,
7290010002320,false,תבלין לגריל עוף תבליני מימון (100 גרם),א.ל. ייצור ושיווק תבלינים בע`מ,IL,תבלין גריל עוף,גרמים,100.00,100 גרם,false,0,9.90,9.90,true,1,
7290010002344,false,תבלין לדג תבליני מימון 100 גרם.,א.ל. ייצור ושיווק תבלינים בע`מ,IL,תבלין לדג,גרמים,100.00,100 גרם,false,0,9.90,9.90,true,1,
7290010002368,false,תערובת חווויג' תבליני מימון 100 גרם,א.ל. ייצור ושיווק תבלינים בע`מ,IL,חוויאג' למרק,גרמים,100.00,100 גרם,false,0,9.90,9.90,true,1,
7290010002382,false,תבלין אורגנו תבליני מימון 40 גרם,א.ל. ייצור ושיווק תבלינים בע`מ,IL,אורגנו,גרמים,40.00,100 גרם,false,0,9.00,22.50,true,1,
7290010002399,false,תבלין בזיליקום תבליני מימון 40 גרם,א.ל. ייצור ושיווק תבלינים בע`מ,IL,בזיליקום(ריחן),גרמים,40.00,100 גרם,false,0,9.00,22.50,true,1,
7290010002696,false,אקסטרה צ'יפס אורז חום מלא שמנת בצל 60 גרם,א.ל.ייצור ושיווק תבלינים בעמ,BG,צ'יפס אורז מלא,גרמים,60.00,100 גרם,false,1,5.90,9.83,true,1,
7290010003051,false,פפריקה הונגרית מתוקה תבליני מימון 400 גרם,א.ל. ייצור ושיווק תבלינים בע`מ,IL,פפריקה הונגרית,גרמים,400.00,100 גרם,false,0,21.20,5.30,true,1,
7290010003075,false,פפריקה מרוקאית מתוקה תבליני מימון 400 גרם,א.ל. ייצור ושיווק תבלינים בע`מ,IL,פפריקה מרוקאית,גרמים,400.00,100 גרם,false,0,21.20,5.30,true,1,
7290010003709,false,פלפל שחור טחון בשקית תבליני מימון 50 גרם,א.ל. ייצור ושיווק תבלינים בע`מ,IL,פלפל שחור טחון,גרמים,50.00,100 גרם,false,0,6.50,13.00,true,1,
7290010003778,false,תיבול לגריל עוף בשקית תבליני מימון 80 גרם,א.ל. ייצור ושיווק תבלינים בע`מ,IL,תיבול לעוף,גרמים,80.00,100 גרם,false,0,5.10,6.38,true,1,
7290010023141,false,תה לימונענע הגן הקסום ויסוצקי 25 יחידות,תה ויסוצקי (ישראל) בעמ,IL,חליטת לימונענע,גרמים,55.00,100 גרם,false,0,16.10,29.27,true,1,
7290010032303,false,דבש פרחי הדר 500 גרם מכוורת צוקרמן,,IL,דבש פרחי הדר,גרמים,500.00,100 גרם,false,0,24.70,4.94,true,1,
7290010032419,false,"דבש פרחי בר 1 ק""ג מכוורת צוקרמן",,IL,דבש פרחי בר,קילוגרמים,1.00,"ק""ג",false,0,46.90,46.90,true,1,
7290010032426,false,"דבש אקליפטוס 1 ק""ג מכוורת צוקרמן",,IL,דבש אקליפטוס,קילוגרמים,1.00,"ק""ג",false,0,46.90,46.90,true,1,
7290010045006,false,עוגיות חמאה פריכות לחמי (200 גרם),קונדטוריות לחמי,IL,עוגיות חמאה,גרמים,200.00,100 גרם,false,0,16.10,8.05,true,1,
7290010045051,false,עוגיות מלבן שקדים לחמי (200 גרם),קונדטוריות לחמי,IL,עוגיות שקדים,גרמים,200.00,100 גרם,false,0,16.10,8.05,true,1,
7290010045068,false,עוגיות נסיכה לחמי (250 גרם),קונדטוריות לחמי,IL,עוגיות הנסיכה,גרמים,250.00,100 גרם,false,0,16.10,6.44,true,1,
7290010065332,false,מחית תפוח עץ בננה ג'וניור פרינוק 190 גרם,גורי מוצרי צריכה (1991) בעמ,CZ,פריניוק ג'וניור,גרמים,190.00,100 גרם,false,0,5.00,2.63,true,1,
7290010065349,false,מחית סלט פירות ג'וניור פרינוק 190 גרם,גורי מוצרי צריכה (1991) בעמ,CZ,פריניק ג'וניור,גרמים,190.00,100 גרם,false,0,5.00,2.63,true,1,
7290010065745,false,מחית לפתן פירות ג'וניור פרינוק 190 גרם,גורי מוצרי צריכה (1991) בעמ,CZ,פרינוק ג'וניור,גרמים,190.00,100 גרם,false,0,5.00,2.63,true,1,
7290010066001,false,נתחי טונה עם שמן צמחי פילטונה 960 גרם,תעשיות פיל טונה בעמ,IL,נתחי טונה בשמן,גרמים,960.00,100 גרם,false,0,31.50,3.28,true,1,
7290010066445,false,טונה בשמן צמחי 414 גרם פילטונה.,תעשיות פילטונה,IL,נתחי טונה בשמן,גרמים,414.00,100 גרם,false,0,11.80,2.85,true,1,
7290010066513,false,נתחי טונה בשמן צמחי רביעיה *158ג' פילטונה,תעשיות פילטונה בעמ,IL,טונה בשמן 4 יח,גרמים,632.00,100 גרם,false,0,19.50,3.09,true,1,
7290010066575,false,נתחי טונה במים רביעיה *158ג' פילטונה,תעשיות פילטונה בעמ,IL,טונה במי מלח 4יח,גרמים,632.00,100 גרם,false,0,19.50,3.09,true,1,
7290010066582,false,נתחי טונה בשמן קנולה רביעיה * 158 ג' פילטונה,תעשיות פילטונה בעמ,IL,טונה בשמן 4 יח,גרמים,632.00,100 גרם,false,0,19.50,3.09,true,1,
7290010066599,false,רביעיית נתחי טונה בשמן זית פילטונה 158X4 גרם,תעשיות פילטונה בעמ,IL,טונה בשמן זית4יח,גרמים,632.00,100 גרם,false,0,23.80,3.77,true,1,
7290010066957,false,נתחי טונה קטנה בשמן צמחי 960ג' פרינס,תעשיות פילטונה,IL,נתחי טונה בשמן,גרמים,960.00,100 גרם,false,0,25.50,2.66,true,1,
7290010116980,false,שוקולית אבקה להכנת משקה שוקו שקית 850,הנסיך- מפעל לייצור ט,IL,שוקולית עלית,גרמים,850.00,100 גרם,false,0,13.50,1.59,true,1,
7290010117864,false,דוריטוס חטיף תירס בטעם חריף אש עלית 70 גרם,"שטראוס פריטו ליי בע""\מ )",IL,דוריטוס חריף,גרמים,70.00,100 גרם,false,0,3.00,4.29,true,1,
7290010129003,false,עוגיות אוזניים דולצ`ה ויטה 600 גר,שיבולים יצור ושיווק מוצרי מאפה,IL,עוגיות אוזניים,גרמים,600.00,100 גרם,false,0,17.00,2.83,true,1,
7290010129010,false,עוגיות כתר ריבה דולצ`ה ויטה (600 גרם),שיבולים יצור ושיווק מוצרי מאפה,IL,עוגיות כתר ריבה,גרמים,600.00,100 גרם,false,0,17.00,2.83,true,1,
7290010129027,false,עוגיות מרוקאיות דולצ`ה ויטה (600 גרם),שיבולים יצור ושיווק מוצרי מאפה,IL,עוגיות מרוקאיות,גרמים,600.00,100 גרם,false,0,17.00,2.83,true,1,
7290010129324,false,עוגיות מעמול דולצה ויטה 600 גר,שיבולים יצור ושיווק מוצרי מאפה,IL,עוגיות מעמול,גרמים,600.00,100 גרם,false,0,17.00,2.83,true,1,
7290010129348,false,עוגיות שוקולד דולצ`ה ויטה (600 גרם),שיבולים יצור ושיווק מוצרי מאפה,IL,עוגיות שוקולד,גרמים,600.00,100 גרם,false,0,17.00,2.83,true,1,
7290010129652,false,עוגיות לקפה 350ג מאפים של אדל,שיבולים יצור ושיווק מוצרי מאפה,IL,עוגיות לקפה,גרמים,350.00,100 גרם,false,1,14.40,4.11,true,1,
7290010129942,false,עוגיות שמרים 500 גרם דולצה ויטה,שיבולים יצור ושיווק מוצרי מאפה,IL,עוגת שמרים,גרמים,500.00,100 גרם,false,0,12.70,2.54,true,1,
7290010129959,false,עוגיות שמרים 400 גרם דולצה ויטה,שיבולים יצור ושיווק מוצרי מאפה,IL,עוגיות שמרים,גרמים,400.00,100 גרם,false,0,10.10,2.53,true,1,
7290010154005,false,סחוג תימני תבליני ביטון יוחאי (250 גרם),תבליני יוחאי ביטון,IL,סחוג תימני,גרמים,250.00,100 גרם,false,0,11.80,4.72,true,1,
7290010154012,false,לימון בלאדי תבליני ביטון יוחאי (250 גרם),תבליני יוחאי ביטון,IL,לימון בלאדי,גרמים,250.00,100 גרם,false,0,11.80,4.72,true,1,
7290010154029,false,אריסה מתוקה תבליני ביטון יוחאי (250 גרם),תבליני יוחאי ביטון,IL,אריסה מתוקה,גרמים,250.00,100 גרם,false,0,11.80,4.72,true,1,
7290010154241,false,סלט חזרת ביתית תבליני ביטון יוחאי (250 ג,תבליני יוחאי ביטון,IL,סלט חזרת ביתית,גרמים,250.00,100 גרם,false,0,11.80,4.72,true,1,
7290010154678,false,אריסה מרוקאית תבליני ביטון 250 גרם,תבליני יוחאי ביטון,IL,אריסה מרוקאית,גרמים,250.00,100 גרם,false,1,11.80,4.72,true,1,
7290010154685,false,סלט שום כתוש 250 ג' ביטון יוחאי,תבליני יוחאי ביטון,IL,סלט שום כתוש,גרמים,250.00,100 גרם,false,1,11.80,4.72,true,1,
7290010154692,false,סחוג אדום יוחאי ביטון 250 גרם,תבליני יוחאי ביטון,IL,סחוג אדום 250 גר,גרמים,250.00,100 גרם,false,1,11.80,4.72,true,1,
7290010163632,false,שזיף ללא גלעין400ג'שקדיה,שקדיה,IL,שזיף ללא גלעין,גרמים,400.00,100 גרם,false,0,22.80,5.70,true,1,
7290010163663,false,אגוזי קאשיו טבעיים 200ג,שקדיה,IL,אגוזי קאשיו טבעי,גרמים,200.00,100 גרם,false,0,20.20,10.10,true,1,
7290010163700,false,שקד קלוף טבעי200ג-'שקדיה,שקדיה,IL,שקד טבעי,גרמים,200.00,100 גרם,false,0,16.10,8.05,true,1,
7290010173174,false,יין אדום יבש אלון יקב הרי גליל 750 מל,היכל היין שקד גולן בעמ,IL,יין גליל אלון,מיליליטרים,750.00,"100 מ""ל",false,1,42.60,5.68,true,1,
7290010192816,false,תמר מג'הול ללא גלעין 45,תימורת הערבה,IL,תמר מגהול 45ג,גרמים,45.00,100 גרם,false,1,4.90,10.89,true,1,
7290010195268,false,פופקורן פופסטאר חמישייה מופחת שומן טבעי,דנשר (1963) בעמ,US,פופסטאר לייט,גרמים,425.00,100 גרם,false,0,11.00,2.59,true,1,
7290010195275,false,פופ סטאר גרעיני תירס להכנת פופקורן במיקרוגל בטעם חמאה מופחת שומן 425 גרם,דנשר (1963) בעמ,US,פופסטאר חמאה,גרמים,425.00,100 גרם,false,0,11.00,2.59,true,1,
7290010196678,false,שקיות ענק לצליה בתנור קוקי 2*5 יח,ש.שסטוביץ בעמ,IL,קוקי שקיות,יחידה,1.00,יחידה,false,0,17.00,17.00,true,1,
7290010237531,false,משקה מוגז בטעם קולה פפסי (500 מל),סנו מפעלי ברונוס.,IL,פפסי בקבוק,מיליליטרים,500.00,"100 מ""ל",false,0,3.80,0.76,true,1,
7290010237548,false,"פפסי מקס דל קלוריות 500 מ""ל בקבוק",טמפו משקאות בע`מ,IL,פפסי מקס,מיליליטרים,500.00,"100 מ""ל",false,0,4.00,0.80,true,1,
7290010237562,false,משקה מוגז בטעם תפוזים מירנדה (500 מל),טמפו משקאות בע`מ,IL,מירינדה,מיליליטרים,500.00,"100 מ""ל",false,0,3.80,0.76,true,1,
7290010237579,false,משקה מוגז בטעם ליים סבן אפ (500 מל),טמפו משקאות בע`מ,IL,סבנ אפ,מיליליטרים,500.00,"100 מ""ל",false,0,3.80,0.76,true,1,
7290010237586,false,פפסי קול סבן אפ דיאט 500 מל,טמפו משקאות בע`מ,IL,סבנ אפ דיאט,מיליליטרים,500.00,"100 מ""ל",false,0,4.00,0.80,true,1,
7290010237784,false,בירה שנדי בתוספת משקה לימון ליים - שישייה,"טמפו משקאות בע""\מ",IL,מכבי שנדי 6 יח,ליטרים,1.98,ליטר,false,0,24.10,12.17,true,1,
7290010237890,false,"בירה הייניקן בקבוק 500 מ""ל חוזר",טמפו משקאות בע''מ,IL,בירה הייניקן,מיליליטרים,500.00,"100 מ""ל",false,0,7.80,1.56,true,1,
7290010259359,false,וילי פוד נודלס אטר.ביצים להקפצה בדץ 200ג,ג.וילי-פוד אינטרנשיונל בעמ,CN,נודלס ביצים,גרמים,200.00,100 גרם,false,0,4.10,2.05,true,1,
7290010259366,false,וילי פוד נודלס אטר.ביצים מסולסל בדץ 200ג,ג. וילי-פוד אינטרנשיונל בע`מ,CN,נודלס ביצים,גרמים,200.00,100 גרם,false,0,4.10,2.05,true,1,
7290010259823,false,מנת השף נודלס בטעם עוף וילי פוד (70 גרם),ג. וילי-פוד אינטרנשיונל בע`מ,TH,מנת השף נודלס,גרמים,70.00,100 גרם,false,0,4.10,5.86,true,1,
7290010259830,false,מנת השף נודלס בסגנון סיני פיקנטי וילי פוד 70 גרם,ג. וילי-פוד אינטרנשיונל בע`מ,TH,מנת השף נודלס,גרמים,70.00,100 גרם,false,0,4.10,5.86,true,1,
7290010259847,false,מנת השף מרק עם נודלס בטעם תירס ויליפוד 70 גרם,ג. וילי-פוד אינטרנשיונל בע`מ,TH,מנת השף נודלס,גרמים,70.00,100 גרם,false,0,4.10,5.86,true,1,
7290010259854,false,מנת השף מרק עם נודלס בטעם פטריות ויליפוד 70 גרם,ג. וילי-פוד אינטרנשיונל בע`מ,TH,מנת השף נודלס,גרמים,70.00,100 גרם,false,0,4.10,5.86,true,1,
7290010259861,false,מנת השף מרק עם נודלס בטעם ירקות ויליפוד 70 גרם,ג. וילי-פוד אינטרנשיונל בע`מ,TH,מנת השף נודלס,גרמים,70.00,100 גרם,false,0,4.10,5.86,true,1,
7290010259977,false,שמן קנולה מזוכך ויליפוד 1 ליטר,ג.וילי-פוד אינטרנשיונל ***שמן,PL,שמן קנולה מזוכך,ליטרים,1.00,ליטר,false,0,9.30,9.30,true,1,
7290010259991,false,צנימים מיוחדים בטעם טבעי 250 ג',ג. וילי-פוד אינטרנשיונל בע`מ,GR,צנימים,גרמים,250.00,100 גרם,false,0,5.80,2.32,true,1,
7290010328819,false,"ממרח טחינה עם שוקולד לל""ס 400 ג' אחדות!.",אחדות ביחר לטחינה חל,IL,ממרח טחינה,גרמים,400.00,100 גרם,false,1,8.50,2.13,true,1,
7290010329854,false,מיני קוקיס עוגיות בטעם חמאה ללא סוכר כרמית 600 גרם,כרמית תעשיות ממתקים בעמ,IL,מיני קוקיס חמאה,גרמים,600.00,100 גרם,false,0,17.00,2.83,true,1,
7290010381333,false,קרליין - עפרון עיניים עם חידוד 103,קרליין,,עפרון עיניים,יחידה,1.00,יחידה,false,0,25.50,25.50,true,1,
7290010381364,false,קרליין - עפרון עיניים עם חידוד 106,קרליין,DE,עפרון עיניים,יחידה,1.00,יחידה,false,0,25.50,25.50,true,1,
7290010381531,false,קרליין - עפרון עיניים ללא חידוד 203,קרליין,DE,עפרון עיניים,יחידה,1.00,יחידה,false,0,25.50,25.50,true,1,
7290010381746,false,קרליין - עפרון גבות חום 302,קרליין,DE,עפרון גבות חום,יחידה,1.00,יחידה,false,0,25.50,25.50,true,1,
7290010382842,false,"קרם נטורל פורמולה קרם לחות קלילה לשיער רגיל, 400 מ""ל קלילה רגיל",החברה הדרומית לשיווק בעמ,IL,קרם לחות לשיער,מיליליטרים,400.00,"100 מ""ל",false,0,18.50,4.63,true,1,
7290010429554,false,"שמן זית כתית מעולה יד מרדכי 2 קלאסי, 750 מ""ל",מכוורת יד מרדכי שטראוס ב,IL,שמן זית 2 קלאסי,מיליליטרים,750.00,"100 מ""ל",false,0,28.90,3.85,true,1,
7290010471669,false,יוגורט תות עם קורנפלקס מצופה שוקולד ללא גלוטן 3.9%,שטראוס גרופ בעמ/מצונן,IL,דנונה בר תות,גרמים,175.00,100 גרם,false,0,3.90,2.23,true,1,
7290010472307,false,"שמיניית משקה גמדים תות בננה דיסני 108 מ""ל",שטראוס גרופ בעמ/מצונן,IL,גמדים לשתיה 8 יח,מיליליטרים,800.00,"100 מ""ל",false,0,17.00,2.13,true,1,
7290010472390,false,מארז 8 יחידות מעדן דני בטעם שוקולד 1.5%,שטראוס גרופ בעמ/מצונן,IL,דני שוקולד 8 יח',קילוגרמים,1.00,"ק""ג",false,0,13.50,13.50,true,1,
7290010513703,false,4079400330129צ`ופסטיקס צפצפה 20 יח,מזרח ומערב יבוא ושיווק,IL,צ'ופסטיקס צפצפה,יחידה,1.00,יחידה,false,0,5.50,5.50,true,1,
7290010513727,false,פנקו פרורי לחם 200 גרם (קינגדאו),מזרח ומערב יבוא ושיווק,CN,פנקו פרוי לחם,גרמים,200.00,100 גרם,false,0,6.70,3.35,true,1,
7290010548514,false,קוביות עשבי תיבול לבישול איטלקי דורות 70 גרם,קבוצת אוסם סחר שותפות מוגבלת,IL,דורותעשבי תיבול,גרמים,70.00,100 גרם,false,0,8.40,12.00,true,1,
7290010561698,false,ברילי כמו סוכר קיטו 500 גרם,אשבל מזון פונקציונלי בע\,IL,כמו סוכר,גרמים,500.00,100 גרם,false,1,34.10,6.82,true,1,
7290010561728,false,אבקה להכנת משקה שוקו 40,אשבל,IL,אבקה משקה שוקו,גרמים,40.00,100 גרם,false,1,8.40,21.00,true,1,
7290010561797,false,אבקת להכנת פודינג 43 גרם,אשבל,IL,אבקת פודינג,גרמים,43.00,100 גרם,false,1,8.40,19.53,true,1,
7290010582341,false,אפרסמון קרמבו ארוז,מור פירות השרון,IL,אפרסמון קרמבו,קילוגרמים,0.00,"ק""ג",true,1,13.90,13.90,true,1,
7290010582600,false,אפרסמון ארוז,מור פירות השרון,IL,אפרסמון ארוז,קילוגרמים,0.00,"ק""ג",true,1,13.90,13.90,true,1,
7290010587445,false,וויט פרנק חצי יבש טוליפ,מיוצר וממולא על ידי יקב,IL,יין וויט פרנק,מיליליטרים,750.00,"100 מ""ל",false,1,59.70,7.96,true,1,
7290010587469,false,"יין טוליפ קברנה סוביניון 750 מ""ל",מיוצר וממולא על ידי יקב,IL,קברנה טוליפ,מיליליטרים,750.00,"100 מ""ל",false,1,59.70,7.96,true,1,
7290010587476,false,"יין טוליפ מרלו 750 מ""ל",מיוצר וממולא על ידי יקב,IL,מרלו טוליפ,מיליליטרים,750.00,"100 מ""ל",false,1,59.70,7.96,true,1,
7290010587964,false,עברי קברנה סובניון 750מל,יקבי ירושלים,IL,עברי קברנה,מיליליטרים,750.00,"100 מ""ל",false,1,42.60,5.68,true,1,
7290010609079,false,טרופיקש 10 יח,,IL,טרופיקש 10 יח,ליטרים,2.00,ליטר,false,0,13.00,6.50,true,1,
7290010627004,false,טחינה גולמית מסורתית ירושלים 500 ג',תה ויסוצקי (ישראל) בעמ,IL,טחינה ירושלים,גרמים,500.00,100 גרם,false,0,13.50,2.70,true,1,
7290010627844,false,טחינה גולמית שומשום מלא ירושלים 500גרם,תה ויסוצקי (ישראל) בעמ,IL,טחינה מלאה,גרמים,500.00,100 גרם,false,1,13.50,2.70,true,1,
7290010632091,false,כוס עם קשית רכה פרימיום,אינטרסן (1996) בעמ,CN,כוס עם קשית,יחידה,1.00,יחידה,false,0,32.30,32.30,true,1,
7290010632572,false,נובי478-נשכן שרשרת חרוזים,מולינו ניקולי s.p.a,CN,נשכן,יחידה,1.00,יחידה,false,0,31.50,31.50,true,1,
7290010632787,false,צימרוני אוזניים מעץ אינטרסן) (300,הדקלאים אגודת שיתופי,CN,צמרוני אוזניים,יחידה,1.00,יחידה,false,0,3.30,3.30,true,1,
7290010650033,false,בצלצלי שלוט מגשית 350 גר,ביכורי השדה צפון 1994 ג.ד. בעמ,NL,בצלצלי שאלוט,גרמים,350.00,100 גרם,false,0,14.00,4.00,true,1,
7290010650040,false,פטריות שיטאקי חוות תקוע,ביכורי שדה דרום 2002,IL,פיטריות שיטאקי,גרמים,100.00,100 גרם,false,0,11.90,11.90,true,1,
7290010650194,false,זנגוויל (ג'ינג'ר)ארוז מגשית,"פסח בא בע""מ",CN,שורש גינגר טרי,גרמים,250.00,100 גרם,false,0,10.90,4.36,true,1,
7290010650415,false,עגבניות מיובשות 200 גרם תקוע,ביכורי השדה צפון 1994 ג.ד. בעמ,TR,עגבניה לחה,גרמים,200.00,100 גרם,false,0,14.90,7.45,true,1,
7290010650828,false,פטריות שימג'י חוות תקוע 150 גרם,ביכורי השדה צפון 1994 ג.ד. בעמ,CN,פטריות שי-מג'י,גרמים,150.00,100 גרם,false,1,11.90,7.93,true,1,
7290010701568,false,תערובת להכנת ת.בשר130ג,,IL,תערובת חלבון,גרמים,130.00,100 גרם,false,1,25.50,19.62,true,1,
7290010719037,false,"שמן זית אורגני 750 מ""ל",,IL,שמן זיתאורגני,מיליליטרים,750.00,"100 מ""ל",false,0,42.20,5.63,true,1,
7290010748518,false,"סרקל פורטה שמפו לילדים 750 מ""ל",פישר תעשיות פרמבצטיות בעמ,IL,שמפו סרקל פורטה,מיליליטרים,750.00,"100 מ""ל",false,0,21.50,2.87,true,1,
7290010748525,false,"סרקל פורטה מרכך לילדים 750 מ""ל",פישר תעשיות פרמבצטיות בעמ,IL,מרכך סרקל פורטה,מיליליטרים,750.00,"100 מ""ל",false,0,21.50,2.87,true,1,
7290010748853,false,"ד""ר פישר - אפקטיב קר קרם ידיים סנסיטיב 150 מ""ל","פישר תעשיות פרמצביטות בע""מ",IL,קרם ידיים,מיליליטרים,150.00,"100 מ""ל",false,0,10.10,6.73,true,1,
7290010748860,false,"ד""ר פישר - אפקטיב קר קרם ידיים אינטנסיב 150 מ""ל","פישר תעשיות פרמצביטות בע""מ",IL,קרם ידיים,מיליליטרים,150.00,"100 מ""ל",false,0,10.10,6.73,true,1,
7290010748877,false,"אפקטיב קר קרם גוף סנסטיב לעור רגיש ח 700 מ""ל",פישר תעשיות פרמצבטיות בעמ,IL,"ד""ר פישר קרם גוף",מיליליטרים,700.00,"100 מ""ל",false,0,25.50,3.64,true,1,
7290010748891,false,אפקטיב קר קרם גוף מולטי ויטמין לעור רגיל יבש ח 7,פישר תעשיות פרמצבטיות בעמ,IL,קרם גוף,מיליליטרים,700.00,"100 מ""ל",false,0,25.50,3.64,true,1,
7290010766956,false,ממרח פלפלים מתוקים אדומים אוליביה 180 גרם,תה ויסוצקי (ישראל)בעמ,IL,ממרח פלפל גמבה,גרמים,180.00,100 גרם,false,0,11.80,6.56,true,1,
7290010791552,false,לה-קט דליקטס טונה ברוטב 85 גר',דיפלומט מפיצים (1968) בעמ**,TH,לה קט דליקטס,גרמים,85.00,100 גרם,false,0,5.00,5.88,true,1,
7290010814695,false,שוקולד מריר פרווה ללא תוספת סוכר כרמית 85 גרם,כרמית תעשיות ממתקים בעמ,IL,שוקולד מריר,גרמים,85.00,100 גרם,false,0,5.00,5.88,true,1,
7290010814701,false,שוקולד חלב ללא תוספת סוכר וסטהיים,כרמית תעשיות ממתקים בעמ,IL,שוקולד חלב,גרמים,85.00,100 גרם,false,0,5.00,5.88,true,1,
7290010838219,false,ממתיק על בסיס צמח הסטיביה - שקיות,"קיפל טבליות וממתיקים בע""מ",IL,ממתיק מרמולייט,גרמים,100.00,100 גרם,false,0,25.50,25.50,true,1,
7290010838424,false,ג'ל לניקוי מתקדם בניחוח רענן - מארז זוג,"איטיליאן פוד, אס.פי.",NL,דאק לאסלה זוג,ליטרים,1.50,ליטר,false,0,16.10,10.73,true,1,
7290010838431,false,דאק נוזל לניקוי אסלות זוג בניחוח ים 2*750 מל,מיוצר עי קונדיטוריית,NL,דאק לאסלה זוג,ליטרים,1.50,ליטר,false,0,16.10,10.73,true,1,
7290010839865,false,רוטב רכז רימונים ויליפוד 320 ג',ג. וילי-פוד אינטרנשיונל בע`מ,TR,רוטב רימונים,גרמים,320.00,100 גרם,false,0,9.30,2.91,true,1,
7290010883059,false,אורביטול מברשת שיניים בוב ספוג חשמלית,החב הדרומית לשיווק,CN,מברשת שיניים,יחידה,1.00,יחידה,false,0,25.50,25.50,true,1,
7290010883370,false,כפפות אלוורה רב שימושיות בינוניות M סנו סושי,החברה הדרומית לשיווק בעמ,CN,סנו סוש כפפות,יחידה,1.00,יחידה,false,0,8.40,8.40,true,1,
7290010931330,false,סלט מטבוחה אחלה 500 גרם,שטראוס גרופ בעמ/מצונן,IL,סלט מטבוחה אחלה,גרמים,500.00,100 גרם,false,0,11.70,2.34,true,1,
7290010945481,false,גבינה לבנה טרה 5% מרכיבים טבעיים,החברה המרכזית טלהפצת משקאות בע,IL,גבינה לבנה 5%,גרמים,500.00,100 גרם,false,0,8.52,1.70,true,1,
7290010970223,false,"חומץ יין אדום 500 מ""ל ""טעמים""","ג.מ טעם הארץ בע""\ם",IL,חומץ יין אדום,מיליליטרים,500.00,"100 מ""ל",false,0,12.90,2.58,true,1,
7290010970254,false,חומץ בן יין לבן מונט,"ג.מ טעם הארץ בע""\ם",IL,חומץ יין לבן,מיליליטרים,500.00,"100 מ""ל",false,0,12.90,2.58,true,1,
7290010970407,false,"חומץ תפוחים בלסמי 500מ""ל","ג.מ טעם הארץ בע""\ם",IL,חומץ תפוחים בלסמ,גרמים,500.00,100 גרם,false,1,17.00,3.40,true,1,
7290010970452,false,טחינה גולמית מעודנת 380 גרם,,IL,טחינה גולמית,גרמים,380.00,100 גרם,false,1,12.70,3.34,true,1,
7290010970520,false,שמן קנולה בטעם חמאה בתרסיס 200 גרם,"ג.מ טעם הארץ בע""\ם",IL,תרסיס שמן קנולה,גרמים,200.00,100 גרם,false,0,11.00,5.50,true,1,
7290010970551,false,שמן אבוקדו מעודן 250 מ`ל טעמים,"ג.מ טעם הארץ בע""\ם",IL,שמן אבוקדו,מיליליטרים,250.00,"100 מ""ל",false,1,25.30,10.12,true,1,
7290010970766,false,"מי ורדים 250 מ""ל","ג.מ טעם הארץ בע""\ם",IL,מי ורדים,מיליליטרים,250.00,"100 מ""ל",false,1,9.30,3.72,true,1,
7290010970773,false,סילאן תמרים 100% טבעי בקבוק לחיץ 350 גרם,"ג.מ טעם הארץ בע""\ם",IL,סילאן טבעי,גרמים,350.00,100 גרם,false,1,12.70,3.63,true,1,
7290010970797,false,"רוטב רימונים 250 מ""ל ""טעם הארץ""","ג.מ טעם הארץ בע""\ם",IL,רוטב רימונים,מיליליטרים,250.00,"100 מ""ל",false,1,12.70,5.08,true,1,
7290011015862,false,סירופ דיאט 750 מל בטעם לימונענע פריגת,החברה המרכזית להפצת משקאות בעמ,IL,סירופ לימונענע,מיליליטרים,750.00,"100 מ""ל",false,0,20.40,2.72,true,1,
7290011015985,false,"סירופ בטעם דיאט אננס 750 מ""ל פריגת",החברה המרכזית להפצת משקאות בעמ,IL,סירופ דיאט אננס,מיליליטרים,750.00,"100 מ""ל",false,0,20.40,2.72,true,1,
7290011017866,false,פחית קולה סליק קוקה-קולה (330 מל),החברה המרכזית להפצת משקאות בעמ,IL,קוקה קולה פחית,מיליליטרים,330.00,"100 מ""ל",false,0,4.60,1.39,true,1,
7290011017873,false,פחית זירו סליק קוקה-קולה (330 מל),החברה המרכזית להפצת משקאות בעמ,IL,קולה זירו,מיליליטרים,330.00,"100 מ""ל",false,0,4.60,1.39,true,1,
7290011017880,false,פחית דיאט קולה סליק קוקה-קולה (330 מל),החברה המרכזית להפצת משקאות בעמ,IL,קוקה קולה דיאט,מיליליטרים,330.00,"100 מ""ל",false,0,4.60,1.39,true,1,
7290011018184,false,תה קר בטעם אפרסק פיוז-טי (500 מל),החברה המרכזית להפצת משקאות בעמ,IL,פיוז תה אפרסק,מיליליטרים,500.00,"100 מ""ל",false,0,6.30,1.26,true,1,
7290011018443,false,משקה מוגז אורנג` פאנטה (330 מל),החברה המרכזית להפצת משקאות בעמ,IL,פאנטה ט.אורנג פח,מיליליטרים,330.00,"100 מ""ל",false,0,4.60,1.39,true,1,
7290011018924,false,"מארז פחיות דיאט קוקה קולה שישייה 330 מ""ל",החברה המרכזית להפצת משקאות בעמ,IL,שישיית קולה דיאט,ליטרים,1.98,ליטר,false,0,19.80,10.00,true,1,
7290011026066,false,"ד""ר פישר - סרקל שמפו + מרכך לילדים 1 ליטר","פישר תעשיות פרמצביטות בע""מ",IL,סרקל 2 ב1-,ליטרים,1.00,ליטר,false,0,24.70,24.70,true,1,
7290011026523,false,שמפו לתינוק לפני השינה Senstive עם לבנדר וקמומיל,"פישר תעשיות פרמצביטות בע""מ",IL,אל דמע קמיל,מיליליטרים,500.00,"100 מ""ל",false,0,15.30,3.06,true,1,
7290011026530,false,ק.ב סנסטיב אל סבון לבנדר קמומיל לפני השינה 500 מ,"פישר תעשיות פרמצביטות בע""מ",IL,אל סבון קמיל,מיליליטרים,500.00,"100 מ""ל",false,0,15.30,3.06,true,1,
7290011114329,false,קרליין - שפתון ליפ קולור 703,קרליין,IL,שפתון דו צדדי,יחידה,1.00,יחידה,false,0,55.40,55.40,true,1,
7290011114626,false,קרליין - שפתון ליפ קולור 707,קרליין,IL,שפתון דו צדדי,יחידה,1.00,יחידה,false,0,55.40,55.40,true,1,
7290011115203,false,אל סבון מוצק מבושם בניחוח עדין קלאסיק - מארז רביעיה,החברה הדרומית לשיווק בעמ,IL,סבון נקה 7 4 יח,גרמים,400.00,100 גרם,false,0,10.60,2.65,true,1,
7290011115258,false,אל סבון מוצק מבושם בניחוח עדין קלאסיק - מארז רביעיה,החברה הדרומית לשיווק בעמ,IL,נקה 7 סבון 4 יח,גרמים,400.00,100 גרם,false,0,10.60,2.65,true,1,
7290011116682,false,"קרליין - מייק אפ סטיי לונג 604 30 מ""ל",קרליין,IL,מ.אפ ביו ג'ניק,מיליליטרים,30.00,"100 מ""ל",false,0,76.80,256.00,true,1,
7290011126209,false,הגן הקסום תה טעם תפוח וקינמון סיידר ויסוצקי 25 יח',תה ויסוצקי (ישראל)בעמ,IL,חליטת תפוח קנמון,גרמים,67.00,100 גרם,false,0,16.10,24.03,true,1,
7290011126452,false,הגן הקסום תה בטעם קמומיל ונענע ויסוצקי 25 יחידות,תה ויסוצקי (ישראל) בעמ,IL,חליטת קמומיל,גרמים,37.00,100 גרם,false,0,16.10,43.51,true,1,
7290011126469,false,חליטת צמחים וקמומיל הגן הקסום ויסוצקי 25 יחידות,תה ויסוצקי (ישראל) בעמ,IL,חליטת קמומיל+דבש,גרמים,37.00,100 גרם,false,0,16.10,43.51,true,1,
7290011126940,false,תה ירוק ויסוצקי בתוספת מרווה 25 שקיקים,תה ויסוצקי (ישראל) בעמ,IL,תה ירוק מרווה,גרמים,37.00,100 גרם,false,0,21.20,57.30,true,1,
7290011126957,false,תה ירוק ויסוצקי ארל גריי 25 שקיקים,תה ויסוצקי (ישראל) בעמ,IL,תה ירוק ארל גריי,גרמים,37.00,100 גרם,false,0,21.20,57.30,true,1,
7290011131050,false,גרנולה בתוספת פקאן 1 קילו גרין,ויטליאה ניקולה דו,MK,גרנולה פקאן,קילוגרמים,1.00,"ק""ג",false,0,23.50,23.50,true,1,
7290011131371,false,מוזלי קראנצ`י שקדים ואגוזים גרין (1 קג),ויטליאה ניקולה דו,MK,מוזלי קראנצ'י,קילוגרמים,1.00,"ק""ג",false,0,22.10,22.10,true,1,
7290011131388,false,מיזלי 1 קג קרנצ תפוח&קינמ,ויטליאה ניקולה דו,MK,מוזלי קראנצ'י,קילוגרמים,1.00,"ק""ג",false,0,22.10,22.10,true,1,
7290011131609,false,"מיזלי מ.שומן 30% פירות 1 ק""ג",ויטליאה ניקולה דו.,MK,מוזלי 30% פירות,קילוגרמים,1.00,"ק""ג",false,0,22.10,22.10,true,1,
7290011131616,false,מוזלי אגוזים מופח.שומן1ק,ויטליאה ניקולה דו.,MK,מוזלי אגוזים,קילוגרמים,1.00,"ק""ג",false,0,22.10,22.10,true,1,
7290011131968,false,"גרנולה בתוספת שקדים ואגוזים גרין 1 ק""ג",ויטליה ניקולא דו,MK,גרנולה אגוזים,קילוגרמים,1.00,"ק""ג",false,0,23.50,23.50,true,1,
7290011131975,false,גרנולה בתוספת פירות מיובשים ומסוכרים,ויטליאה ניקולה דו,MK,גרנולה פירות,קילוגרמים,1.00,"ק""ג",false,0,23.50,23.50,true,1,
7290011132583,false,"מארז פפסי מקס 500 מ""ל*6 יח' בקבוק","טמפו משקאות בע""\מ",IL,פפסי מקס 6 יח,ליטרים,3.00,ליטר,false,0,18.10,6.04,true,1,
7290011133375,false,בירה שנדי בתוספת משקה אפרסק - שישייה,"טמפו משקאות בע""מ",IL,מכבי שנדי 6 יח,ליטרים,1.98,ליטר,false,0,24.10,12.17,true,1,
7290011133634,false,"פפסי מקס פחית צרה מארז שישייה 330 מ""ל","טמפו משקאות בע""\מ",IL,פפסי מקס 6 פחיות,ליטרים,1.98,ליטר,false,1,16.40,8.28,true,1,
7290011148935,false,מלפפון בייבי יחידה,חקלאי,IL,מלפפון בייבי,גרמים,350.00,100 גרם,false,0,9.90,2.83,true,1,
7290011154080,false,"תרכיז תפוחים צלול טעמי הגליל 500 מ""ל",ליימן שליסל בעמ,IL,תרכיז תפוחים,מיליליטרים,500.00,"100 מ""ל",false,0,17.50,3.50,true,1,
7290011194215,false,מעדן גבינה ויוגורט בטעם בננה 5% שומן 88 ג' דניאלה,שטראוס גרופ בעמ/מצונן,IL,דניאלה בננה,גרמים,88.00,100 גרם,false,0,3.50,3.98,true,1,
7290011194246,false,קוטג 5% 250 גרם עם סידן שטראוס,שטראוס גרופ בעמ/מצונן,IL,קוטג' 5% שומן,גרמים,250.00,100 גרם,false,0,5.00,2.00,true,1,
7290011223243,false,"טואלט דאק ג'ל לאסלה בניחוח לבנדר 55 מ""ל","איטיליאן פוד, אס.פי.",IT,דאק ג'ל לאסלה,מיליליטרים,55.00,"100 מ""ל",false,0,8.40,15.27,true,1,
7290011235178,false,חסה אייסברג יחידה,קטיף.,IL,חסה אייסברג,יחידה,1.00,יחידה,false,1,6.90,6.90,true,1,
7290011236397,false,שמן זית משק 88 1 ליטר,,ES,שמן זית כתית,ליטרים,1.00,ליטר,false,0,34.10,34.10,true,1,
7290011239237,false,חטיף אגוזים ישראלי 250גר ללתס,סוכנויות עמוס ממתקים בעמ,IL,חטיף אגוזים,גרמים,250.00,100 גרם,false,1,16.10,6.44,true,1,
7290011239336,false,חלבה ארוז ללא תוספת סוכר 400גר,סוכנויות עמוס ממתקים בעמ,IL,חלבה מחרום,גרמים,400.00,100 גרם,false,1,18.70,4.68,true,1,
7290011239343,false,חטיף שומשום 330 גרם,סוכניות עמוס ממתקים בעמ,IL,חלבה מחרום,גרמים,400.00,100 גרם,false,1,18.70,4.68,true,1,
7290011239404,false,חטיפים מתוקים טעמים שונים 330גר,סוכנויות עמוס ממתקים בעמ,IL,חטיפים ארוזים,גרמים,330.00,100 גרם,false,0,12.70,3.85,true,1,
7290011239596,false,בקלאווה סוגים שונים,סוכניות עמוס ממתקים בעמ,IL,בקלאווה מעורב,גרמים,600.00,100 גרם,false,1,31.50,5.25,true,1,
7290011332983,false,מגבונים לניקוי אף מגבונאף קמיל בלו- מארז שלישייה,"פישר תעשיות פרמצביטות בע""מ",IL,מגבונאף קמיל בלו,יחידה,1.00,יחידה,false,0,20.00,20.00,true,1,
7290011378028,false,חלבה קלאסית וניל ללא תוספת סוכר בארכה 350 גרם,קבוצת אסם סחר שות. מוגבלת,IL,"חלבה ללת""ס",גרמים,350.00,100 גרם,false,0,14.40,4.11,true,1,
7290011378769,false,חטיף חלווה וניל בארכה 126 גרם מארז 7 יחידות,קבוצת אוסם סחר שותפות מוגבלת,IL,חטיפי חלבה,גרמים,126.00,100 גרם,false,0,11.50,9.13,true,1,
7290011378776,false,חטיף חלווה פיסטוק בארכה 126 גרם מארז 7 יחידות,קבוצת אוסם סחר שותפות מוגבלת,IL,חטיפי חלבה 7 יח,גרמים,126.00,100 גרם,false,0,11.50,9.13,true,1,
7290011426033,false,פשתן טחון ט.מהדרין 300גר,,IL,פשתן טחון - טבע,גרמים,300.00,100 גרם,false,0,8.40,2.80,true,1,
7290011435226,false,דבש מפרחי בר לחיץ 650 ג' יד מרדכי,מכוורת יד מרדכי שטראוס ב,IL,דבש בקבוק לחיץ,גרמים,650.00,100 גרם,false,0,27.20,4.19,true,1,
7290011438142,false,"משקה יטבתה אייס קפה בבקבוק אישי 350 מ""ל",שטראוס גרופ בעמ/מצונן,IL,משקה חלב קפה,מיליליטרים,350.00,"100 מ""ל",false,0,5.30,1.51,true,1,
7290011447267,false,מטרנה פרימיום חלבי שלב 1 700 גרם חיסכון,קבוצת אוסם סחר שותפות מוגבלת,IL,מטרנה חלבי,גרמים,700.00,100 גרם,false,0,42.60,6.09,true,1,
7290011447281,false,מטרנה פרימיום חלבי שלב 2 700 גרם חיסכון,קבוצת אוסם סחר שותפות מוגבלת,IL,מטרנה חלבי שלב 2,גרמים,700.00,100 גרם,false,0,42.60,6.09,true,1,
7290011447304,false,מטרנה פרימיום חלבי שלב 3 700 גרם חיסכון,קבוצת אוסם סחר שותפות מוגבלת,IL,מטרנה חלבי שלב 3,גרמים,700.00,100 גרם,false,0,42.60,6.09,true,1,
7290011447359,false,תחליף חלב מטרנה מהדרין שלב 1 חלבי 700 גרם,קבוצת אוסם סחר שותפות מוגבלת,IL,מטרנה מהדרין,גרמים,700.00,100 גרם,false,0,42.60,6.09,true,1,
7290011447373,false,תחליף חלב מטרנה מהדרין שלב 2 חלבי 700 גרם,קבוצת אוסם סחר שותפות מוגבלת,IL,מטרנה מהדרין,גרמים,700.00,100 גרם,false,0,42.60,6.09,true,1,
7290011473273,false,בורגול מלא אורגני 500ג,גורי מוצרי צריכה בעמ,TR,בורגול אורגני,גרמים,500.00,100 גרם,false,0,7.20,1.44,true,1,
7290011473563,false,פולי קקאו שלמים אורגני 200 גרם,תבואות,PE,פולי קפה שלמים,גרמים,200.00,100 גרם,false,1,23.80,11.90,true,1,
7290011473860,false,שמרי בירה-אבקה טבעי 250 גר,תבואות,FR,שמרי בירה אבקה,גרמים,250.00,100 גרם,false,0,21.10,8.44,true,1,
7290011489694,false,פירורי ביסקוויט בטעם וניל 300 ג`הדר,ח.כהן סוכנות מזון ומשקאות בע,IL,פירורי בסקוויט,גרמים,300.00,100 גרם,false,0,5.00,1.67,true,1,
7290011489700,false,פירורי ביסקוויט בטעם שוקו 300 ג`הדר,ח.כהן סוכנות מזון ומשקאות בע,IL,פירורי בסקוויט,גרמים,300.00,100 גרם,false,0,5.00,1.67,true,1,
7290011498511,false,ממרח חלבה מלאה עשירה350ג,שקד תבור,IL,ממרח חלבה,גרמים,350.00,100 גרם,false,1,13.50,3.86,true,1,
7290011498580,false,מרציפן אורגני 200 גר שקד תבור,,IL,כיכר מרציפן אורג,גרמים,200.00,100 גרם,false,0,24.80,12.40,true,1,
7290011498870,false,מארז חטיפי תמר במילוי חמאת שקדים 150 גרם,"אלמנדוס בע""מ",IL,חטיף תמרים,גרמים,150.00,100 גרם,false,0,15.30,10.20,true,1,
7290011498894,false,מארז חטיפי תמר במילוי חמאת בוטנים 150 גרם,מרכז השקד,IL,חטיפי תמר,גרמים,150.00,100 גרם,false,0,15.30,10.20,true,1,
7290011498900,false,מארז חטיפי תמר במילוי חמ.שקדים בציפוי שוקולד 100% קקאו 150 גרם,"אלמנדוס בע""מ",IL,חטיפי תמר,גרמים,150.00,100 גרם,false,0,15.30,10.20,true,1,
7290011498948,false,מארז חטיפי תמר מצופה שוקולד 100% קקאו 150 גרם,"אלמנדוס בע""מ",IL,חטיפי תמר מצופים,גרמים,150.00,100 גרם,false,0,15.30,10.20,true,1,
7290011498955,false,אגוזי אדמה חמאת בוטנ300ג,שקד תבור,IL,חמאת בוטנים,גרמים,300.00,100 גרם,false,0,11.00,3.67,true,1,
7290011498962,false,שקד לבן בכבישה קרה 300 ג,"אלמונדס בע""מ",IL,שקד לבן כבישה קר,גרמים,300.00,100 גרם,false,0,33.20,11.07,true,1,
7290011499051,false,פטה כבשים מסורתית 20% בגביע 250 גרם - רובין,מחלבות גד שיווק 1992 בעמ,IL,פטה כבשים,גרמים,250.00,100 גרם,false,0,21.20,8.48,true,1,
7290011499105,false,בולגרית מסורתית 5% 250 גרם -רבנות,מחלבות גד שיווק 1992 בעמ,IL,גבינה בולגרית 5%,גרמים,250.00,100 גרם,false,0,19.30,7.72,true,1,
7290011499112,false,בולגרית מסורתית 16% 250 גרם - רבנות,מחלבות גד שיווק 1992 בעמ,IL,גבינה בולגרית,גרמים,250.00,100 גרם,false,0,19.30,7.72,true,1,
7290011499129,false,גבינה בולגרית מעודנת קוביות קטנות 5% גד 200 גרם,מחלבות גד שיווק 1992 בעמ,IL,קוביות בולגרית,גרמים,200.00,100 גרם,false,0,17.80,8.90,true,1,
7290011499303,false,פטה עיזים מעודנת 5% בגביע 250 גרם - רבנות,מחלבות גד שיווק 1992 בעמ,IL,פטה מעודנת עיזים,גרמים,250.00,100 גרם,false,0,26.40,10.56,true,1,
7290011499327,false,גבינה בולגרית מעודנת 5% 250 גרם - רבנות,מחלבות גד שיווק 1992 בעמ,IL,בולגרית מעודנת5%,גרמים,250.00,100 גרם,false,0,19.50,7.80,true,1,
7290011499341,false,גבינת קשקבל ארוז 26 אחוז 250גרם גד,מחלבות גד שיווק 1992 בעמ,IL,גבינת קאשקבלו,גרמים,200.00,100 גרם,false,0,24.70,12.35,true,1,
7290011499358,false,פטה עיזים מסורתית 20% בגביע 200 גרם - רובין,מחלבות גד שיווק 1992 בעמ,IL,פטה עיזים20%,גרמים,200.00,100 גרם,false,0,22.20,11.10,true,1,
7290011499365,false,גבינת חלומי 24% מחלב בקר גד (200 גרם),מחלבות גד שיווק 1992 בעמ,IL,חלומי גד 24%,גרמים,200.00,100 גרם,false,0,17.80,8.90,true,1,
7290011499419,false,גבינה במרקם שמנת בטעם טבעי 5% ניו יורק,מחלבות גד שיווק 1992 בעמ,IL,גבינת שמנת גד5%,גרמים,200.00,100 גרם,false,0,9.70,4.85,true,1,
7290011499525,false,גבינת לאבנה דרוזית 9% גד 500 גרם,מחלבות גד שיווק 1992 בעמ,IL,לאבנה דרוזית 9%,גרמים,500.00,100 גרם,false,0,17.30,3.46,true,1,
7290011499624,false,שמנת 30% ניו יורק טבעי 200 גרם רבנות,מחלבות גד שיווק 1992 בעמ,IL,גבינת שמנת 30%,גרמים,200.00,100 גרם,false,0,11.00,5.50,true,1,
7290011499846,false,גבינת ריקוטה פרסקה 9% גד (300 גרם),מחלבות גד שיווק 1992 בעמ,IL,ריקוטה פרסקה 9%,גרמים,300.00,100 גרם,false,0,15.30,5.10,true,1,
7290011499853,false,שמנת 30% ניו יורק זיתים מחלבות גד,מחלבות גד שיווק 1992 בעמ,IL,גבינת שמנת,גרמים,200.00,100 גרם,false,0,11.00,5.50,true,1,
7290011501570,false,מיצוי שזיפים 1 ליטר,דין שיווק וקליה 2021 בעמ,US,מיץ שזיפים,מיליליטרים,946.00,"100 מ""ל",false,0,13.00,1.37,true,1,
7290011501594,false,תערובת בריאות פ.אקזוטיים,****דין שיווק וקליה 2021 בעמ,IL,תערובת בריאות,גרמים,800.00,100 גרם,false,0,15.30,1.91,true,1,
7290011501617,false,חמוציות ברכז תפוחים ללא תוספת סוכר 250 גרם,דין שיווק וקליה 2021 בעמ,IL,חמוציות דל סוכר,גרמים,250.00,100 גרם,false,0,16.80,6.72,true,1,
7290011515683,false,מאגדת טילון אקסטרים וניל נסטלה 6 יחידות,נגה גלידות שותפות מוגבלת,IL,מאגדת אקסטרים,גרמים,432.00,100 גרם,false,0,28.90,6.69,true,1,
7290011515911,false,שלגוני לייט ריבת חלב עם סירופ 6*52 גרם,נגה גלידות שותפות מוגבלת,IL,מאגדת לייט,גרמים,312.00,100 גרם,false,0,25.50,8.17,true,1,
7290011517588,false,LL-R נצנצים קרם גוף 275 מל',חלאבין,IL,קרם גוף חלאבין,מיליליטרים,275.00,"100 מ""ל",false,0,31.50,11.45,true,1,
7290011518561,false,"אקטימל תות 1.51 ק""ג מארז 14 יחידות",שטראוס גרופ בעמ/מצונן,IL,אקטימל מארז14יח',ליטרים,1.40,ליטר,false,0,25.50,18.21,true,1,
7290011525323,false,אל סבון טיפולי לתינוק קמיל בלו סנסטיב שיבולת שועל,פישר תעשיות פרמבצטיות בעמ,IL,אל סבון קמיל בלו,מיליליטרים,500.00,"100 מ""ל",false,0,18.70,3.74,true,1,
7290011525712,false,"קמיל בלו אל סבון סנסיטיב לפני השינה ד""ר פישר 1 ליטר","פישר תעשיות פרמצביטות בע""מ",IL,אלסבון קמיל,ליטרים,1.00,ליטר,false,0,20.40,20.40,true,1,
7290011525729,false,שמפו לתינוק קמיל בלו סנסטיב לפני השינה עם לבנדר וקמומיל,"פישר תעשיות פרמצביטות בע""מ",IL,שמפו קמיל בלו,ליטרים,1.00,ליטר,false,0,20.40,20.40,true,1,
7290011530525,false,מיקס פירות קפואים שייק איט צהוב - 3*150 ג',"הבו-קדו בע""מ",IL,שייק איט צהוב,גרמים,450.00,100 גרם,false,1,25.50,5.67,true,1,
7290011530532,false,מיקס פירות קפואים שייק איט ירוק - 3*150 ג',"הבו-קדו בע""מ",IL,שייק אייט ירוק,גרמים,450.00,100 גרם,false,1,25.50,5.67,true,1,
7290011530549,false,מיקס פירות קפואים שייק איט ורוד - 3*150 ג',"הבו-קדו בע""מ",IL,שייק איט ורוד,גרמים,450.00,100 גרם,false,1,25.50,5.67,true,1,
7290011530945,false,קרפצ'יו עגל פרימיום 210 גרם בלדי,בלדי בעמ,IL,קרפצ'יו עגל,גרמים,210.00,100 גרם,false,1,34.10,16.24,true,1,
7290011587581,false,פילה אנשובי תומר צנצנת 100 גרם,אינוורסינס פריסקו,PE,פילה אנשובי,גרמים,100.00,100 גרם,false,1,9.30,9.30,true,1,
7290011587598,false,פילה אנשובי בשמן תומר (45 גרם),תומר ייבוא ושיווק מוצרי מזון [,PE,פילה אנשובי,גרמים,45.00,100 גרם,false,0,5.90,13.11,true,1,
7290011598211,false,"סנו - אנטי קאלק מרסס ניקוי כללי 4 ב-1 700 מ""ל",החברה הדרומית לשיווק בעמ,IL,סנו אנטי קאלק,מיליליטרים,700.00,"100 מ""ל",false,0,15.30,2.19,true,1,
7290011598259,false,"פרש מטהר אוויר אוטומטי בניחוח מאסק סנו 250 מ""ל",החברה הדרומית לשיווק בעמ,IL,סנו פרש מאסק,מיליליטרים,250.00,"100 מ""ל",false,1,10.90,4.36,true,1,
7290011598372,false,"מטלית מקצועית לריצפה פרופישיונל ""סנו סושי""",החברה הדרומית לשיווק בעמ,IL,מטלית לרצפה,יחידה,1.00,יחידה,false,0,9.30,9.30,true,1,
7290011598402,false,מקסימה מרכך כביסה ארומתרפי מאסק סנו 4 ליטר,החברה הדרומית לשיווק בעמ,IL,מרכך כביסה,ליטרים,4.00,ליטר,false,0,18.70,4.68,true,1,
7290011618025,false,בייבי ביס הוט קידס נגיסי אורז לתינוק,גואנז'ו יונג וואנט פ,CN,בייבי ביס,גרמים,50.00,100 גרם,false,0,12.70,25.40,true,1,
7290011618216,false,נגיסי אורז בייבי ביס בננה 50 גרם,גואנז'ו יונג וואנט פ,CN,בייבי ביס,גרמים,50.00,100 גרם,false,0,12.70,25.40,true,1,
7290011622305,false,כתמטמינים חטיף לתינוקות אצבעות בוטנים ותירס - רביעיה,הארט Heart,IL,רביעיית כתמתמים,גרמים,80.00,100 גרם,false,0,10.10,12.63,true,1,
7290011622428,false,כתמטמינים-חטיף בריאות לתינוקות וילדים 45 ג',גורי מוצרי צריכה (1991) בעמ,IL,חטיף בריאות,גרמים,45.00,100 גרם,false,0,4.90,10.89,true,1,
7290011622442,false,טבעונים - חטיף טבעות דגנים מלאים בטעם טבעי 45 גרם,הארט Heart,IL,חטיף בריאות,גרמים,45.00,100 גרם,false,0,5.00,11.11,true,1,
7290011622664,false,כתמטמינים - חטיף אצבעות טחינה אורז ותירס 45 גרם,גורי מוצרי צריכה בעמ,IL,כתמטמינים טחינה,גרמים,45.00,100 גרם,false,1,5.90,13.11,true,1,
7290011622701,false,טבעונים - חטיף טבעות דגנים מלאים בטעם גזר וסלק 45 גרם,אשבול,IL,טבעונים חטיף ברי,גרמים,45.00,100 גרם,false,1,6.40,14.22,true,1,
7290011622770,false,אצבעונים - פלוס בטעם וניל 130 גרם,מצות אביב בעמ,IL,אצבעונים בטעם ונ,גרמים,130.00,100 גרם,false,1,17.00,13.08,true,1,
7290011668570,false,בריא מהטבע גרנולה פירות יבשים 450 גרם פנינה רוזנבלום,בריא מהטבע פנינה רוזנבלום,IL,חגיגת גרנולה,גרמים,500.00,100 גרם,false,0,22.10,4.42,true,1,
7290011668587,false,בריא מהטבע גרנולה בטעם עשיר 500 גרם פנינה רוזנבלום,בריא מהטבע פנינה רוזנבלום,IL,גרנולה עשירה,גרמים,500.00,100 גרם,false,0,22.10,4.42,true,1,
7290011668594,false,בריא מהטבע תוספת בריאה לסלט 550 גרם פנינה רוזנבלום,בריא מהטבע פנינה רוזנבלום,IL,תוספת בריאה לסלט,גרמים,550.00,100 גרם,false,0,32.00,5.82,true,1,
7290011716097,false,פנקו יפני בטעם גריל300גר,דין שיווק וקלייה בעמ,IL,פנקו יפני,גרמים,300.00,100 גרם,false,0,6.00,2.00,true,1,
7290011723200,false,טחינה הר ברכה 100% שומשום טהור 500 גר,טחינה הר ברכה בעמ,IL,טחינה הר ברכה,גרמים,500.00,100 גרם,false,1,16.10,3.22,true,1,
7290011743833,false,משחת שיניים פרונאמל סנסודיין (75 מל),גלקסו סמית קליין,GB,משחת שיניים,מיליליטרים,75.00,"100 מ""ל",false,0,22.10,29.47,true,1,
7290011744892,false,"אקווה פרש - משחת שיניים ילדים ג'וניור 6+ 50 מ""ל",גלקסו סמית קליין,SK,משחת שיניים א.פ,מיליליטרים,50.00,"100 מ""ל",false,0,11.60,23.20,true,1,
7290011765071,false,ג'ל גילוח לעור רגיל לחות והגנה Moisture,טרופיקל דגיל תעשיות,TR,ג'ל גילוח קרמה,מיליליטרים,200.00,"100 מ""ל",false,0,12.70,6.35,true,1,
7290011765088,false,ג'ל גילוח לעור רגיל מנטול Cool,החברה הדרומית לשיווק בעמ,TR,ג'ל גילוח קרמה,מיליליטרים,200.00,"100 מ""ל",false,0,12.70,6.35,true,1,
7290011765095,false,קרמה מן גל גילוח אלוורה ירוק 200 מל,החברה הדרומית לשיווק בעמ,TR,ג'ל גילוח קרמה,מיליליטרים,200.00,"100 מ""ל",false,0,12.70,6.35,true,1,
7290011765118,false,קצף גילוח קרמה מן דליקט 200 מל,"אביאפ, איסטנבול, תור",TR,קצף גילוח עדין,מיליליטרים,200.00,"100 מ""ל",false,0,8.30,4.15,true,1,
7290011765316,false,מברשת שיניים לילדים עם שעון 4-8 אורביטול,החברה הדרומית,,מברשת שיניים,יחידה,1.00,יחידה,false,0,8.00,8.00,true,1,
7290011765446,false,משחת שיניים לילדים בוב ספוג בטעם מיץ ענבים עם פלואוריד למניעת עששת,טרופיקל דגיל תעשיות קוסמ,IL,משחת שיניים,גרמים,70.00,100 גרם,false,0,6.70,9.57,true,1,
7290011800840,false,רפי כהן סלט טחינה בלאדי צבר 400 גרם,קבוצת אוסם סחר שותפות מוגבלת,IL,סלט טחינה בלאדי,גרמים,400.00,100 גרם,false,0,13.50,3.38,true,1,
7290011830007,false,"סוכר חום אורגני השדה מוצרים אורגנים 1 ק""ג",השדה מוצרים אורגניים,IN,סוכר קנים חום,קילוגרמים,1.00,"ק""ג",false,0,10.90,10.90,true,1,
7290011830144,false,פתיתים כוסמין לחם השדה 500 גר,השדה מוצרים טבעיים ו,IL,פתיתים אורגנים,גרמים,400.00,100 גרם,false,0,15.30,3.83,true,1,
7290011830168,false,פירורי לחם אורגני ק.כוסמין שקית 200 גרם,השדה מוצרים אורגניים,IL,פירורי לחם,גרמים,200.00,100 גרם,false,0,11.10,5.55,true,1,
7290011830250,false,נודלס אורגני ללא גלוטן 100% כווסמת 250 גרם,השדה מוצרים אורגניים,CN,אטריות כוסמת,גרמים,250.00,100 גרם,false,0,15.30,6.12,true,1,
7290011830267,false,אטריות אורגניות ללא גלוטן מאורז מלא 250,השדה מוצרים אורגניים,CN,אטריות מאורז מלא,גרמים,250.00,100 גרם,false,0,14.10,5.64,true,1,
7290011830380,false,פסטה מקמח דורם חמישה צבעים מקרוני אורגני השדה 500 גרם,השדה מוצרים טבעיים ו,IT,פסטה אורגנית,גרמים,500.00,100 גרם,false,1,24.70,4.94,true,1,
7290011830526,false,מיני פריכיות אורז מלא 80,השדה מוצרים אורגניים,IL,מיני פריכיות,גרמים,80.00,100 גרם,false,0,8.40,10.50,true,1,
7290011830564,false,פתיבר כוסמין אורגני השדה מוצרים אורגנים 200 גרם,השדה מוצרים אורגניים,IL,פתי בר כוסמין,גרמים,180.00,100 גרם,false,0,10.60,5.89,true,1,
7290011830991,false,צ'יקי מאנקי חטיף בוטנים אורגני 60 גרם ללא גלוטן,השדה מוצרים טבעיים ו,IL,חטיף בוטנים,גרמים,60.00,100 גרם,false,0,5.90,9.83,true,1,
7290011876388,false,קציצות עוף ובקר מאמא עוף (600 גרם),תנובה מרכז שיתופי לשיווק תוצרת,IL,קציצות עוף ובקר,גרמים,600.00,100 גרם,false,0,29.40,4.90,true,1,
7290011877866,false,"מקסימה אבקת כביסה בניחוח מאסק סנו 6 ק""ג",החברה הדרומית לשיווק בעמ,IL,אבקת כביסה,קילוגרמים,6.00,"ק""ג",false,0,38.30,6.38,true,1,
7290011877927,false,אורביטול טריפלאקשיין בטעם סמוז מינט,קוסמופארם בע'\'\מ,IL,מי פה אורביטול,מיליליטרים,500.00,"100 מ""ל",false,0,17.00,3.40,true,1,
7290011912642,false,ליסטרין שטיפת פה הגנה על השיניים והחניכי,ג'\ונסון אנד ג'\ונסון,IT,מי פה ליסטרין,מיליליטרים,500.00,"100 מ""ל",false,0,15.20,3.04,true,1,
7290011947309,false,זיתים מצוננים סורי מבוקע ולימון כבוש זיתא 230 ג',תה ויסוצקי (ישראל) בעמ,IL,זית סורי,גרמים,230.00,100 גרם,false,0,11.80,5.13,true,1,
7290011947316,false,זיתא זיתי קלמטה בשמן זית כתית מעולה 215ג,תה ויסוצקי (ישראל) בעמ,IL,זיתי קלמטה,גרמים,215.00,100 גרם,false,1,11.80,5.49,true,1,
7290011947521,false,"שמן זית כתית מעולה 750 מ""ל טעם מודגש זיתא",תה ויסוצקי (ישראל) בעמ,IL,שמן זית כתית,מיליליטרים,750.00,"100 מ""ל",false,1,25.50,3.40,true,1,
7290011947743,false,זיתים זיתא מיקס זית ירוק וזית קלמטה 215 גרם,תה ויסוצקי (ישראל) בעמ,IL,מיקס זיתים,גרמים,215.00,100 גרם,false,1,11.80,5.49,true,1,
7290011947781,false,מיקס זית ירוק וזית קלמטה ללא גלעין עם שמן זית כתית מעולה,תה ויסוצקי (ישראל) בעמ,IL,מיקס זית ירוק,גרמים,190.00,100 גרם,false,1,11.80,6.21,true,1,
7290011947798,false,זית קלמטה ללא גלעין עם שמן זית כתית מעולה,תה ויסוצקי (ישראל) בעמ,IL,זית קלמטה,גרמים,190.00,100 גרם,false,1,11.80,6.21,true,1,
7290011964344,false,שום גבישי בקופ' 120 גר' טעם וריח,"תבליני טעם וריח בע""מ",IL,שום גבישי,גרמים,120.00,100 גרם,false,0,8.50,7.08,true,1,
7290011964542,false,פפריקה מתוקה 400 גר' טעם וריח,"תבליני טעם וריח בע""מ",IL,פפריקה מתוקה,גרמים,400.00,100 גרם,false,0,19.50,4.88,true,1,
7290011964689,false,על האש לא מונוסודיום 100 גרם 100 גרם מיכל גדול,"תבליני טעם וריח בע""מ",IL,תיבול על האש,גרמים,100.00,100 גרם,false,0,8.50,8.50,true,1,
7290011964702,false,שווארמה ללא מונסודיום 100 גרם מיכל גדול,"תבליני טעם וריח בע""מ",IL,תיבול לשווארמה,גרמים,100.00,100 גרם,false,0,8.50,8.50,true,1,
7290012019258,false,מחית תפוחי עץ רביעיה 4 * 113 ג' תומר,תומר ייבוא ושיווק מוצרי מזון [,US,"רסק תפו""ע 4 יח",גרמים,452.00,100 גרם,false,0,9.30,2.06,true,1,
7290012019265,false,"מחית תפו""ע ללא תוספת סוכר 4*113גר",תומר ייבוא ושיווק מוצרי מזון [,US,"רסק תפו""ע ללת""ס",גרמים,452.00,100 גרם,false,0,9.30,2.06,true,1,
7290012022005,false,פריכיות חיטה 60 גרם,דילייט 2005 בעמ,IL,קריספיות טבעי,גרמים,60.00,100 גרם,false,0,11.80,19.67,true,1,
7290012022050,false,קריספיות מרובה דגנים 75ג,דילייט 2005 בעמ,IL,קריספיות דגנים,גרמים,75.00,100 גרם,false,0,13.50,18.00,true,1,
7290012022067,false,קריספיות קידס 30 גרם,דילייט 2005 בעמ,IL,קריספיות קידס,גרמים,30.00,100 גרם,false,0,11.00,36.67,true,1,
7290012086113,false,עגבניות שרי אשכולות מארז,ביכורי השדה הצפון בעמ` 1964,IL,שרי אשכולות,גרמים,460.00,100 גרם,false,0,9.90,2.15,true,1,
7290012116537,false,"מקסימה אבקת כביסה בניחוח מאסק סנו 2.5 ק""ג",החברה הדרומית לשיווק בעמ,IL,אבקת כביסה,קילוגרמים,2.50,"ק""ג",false,0,22.10,8.84,true,1,
7290012116551,false,אנטי קאלק נוזל לניקוי כללי סנו 2 ליטר,החברה הדרומית לשיווק בעמ,IL,סנו אנטי קאלק,ליטרים,2.00,ליטר,false,0,17.80,8.90,true,1,
7290012116612,false,אורביטול מברשת שיניים סופט 4 יח`,החברה הדרומית לשיווק בעמ,CN,4 מברשות שיניים,יחידה,1.00,יחידה,false,0,10.10,10.10,true,1,
7290012116964,false,"קרמה מן תרחיץ ג'ל לפנים 150 מ""ל",החברה הדרומית,IL,קרמה תרחיץ פנים,מיליליטרים,150.00,"100 מ""ל",false,0,16.70,11.13,true,1,
7290012117091,false,"אבקת כביסה סנסיטיב סנו מקסימה 6 ק""ג",החברה הדרומית לשיווק בעמ,IL,אב.כביסה מקסימה,קילוגרמים,6.00,"ק""ג",false,0,38.30,6.38,true,1,
7290012117275,false,"קליר שקית מילוי לניקוי חלונות סנו 750 מ""ל",החברה הדרומית לשיווק בעמ,IL,סנוקליר מילוי,מיליליטרים,750.00,"100 מ""ל",false,0,5.00,0.67,true,1,
7290012117428,false,"ג'ל רחצה ושמפו מעיינות מנטה קרמה מן 700 מ""ל",החברה הדרומית לשיווק בעמ,IL,קרמה ג'ל רחצה,מיליליטרים,700.00,"100 מ""ל",false,0,12.80,1.83,true,1,
7290012117435,false,"קרמה - שמפו וג'ל רחצה 2 ב-1 אלוורה 700 מ""ל",החברה הדרומית לשיווק בעמ,IL,קרמה ג'ל רחצה,מיליליטרים,700.00,"100 מ""ל",false,0,12.80,1.83,true,1,
7290012117534,false,מרכך כביסה מרוכז תכלת קול סנו מקסימה 1 ליטר,החברה הדרומית לשיווק בעמ,IL,מקסימה ס.מרוכז,ליטרים,1.00,ליטר,false,0,15.30,15.30,true,1,
7290012117541,false,מרכך כביסה מרוכז צהוב סנו מקסימה 1 ליטר,החברה הדרומית לשיווק בעמ,IL,מקסימה מרכך,ליטרים,1.00,ליטר,false,0,15.30,15.30,true,1,
7290012117558,false,מקסימה מרכך כביסה מרוכז ורוד בניחוח מאסק סנו 1 ליטר,החברה הדרומית לשיווק בעמ,IL,מקסימה ס.מרוכז,ליטרים,1.00,ליטר,false,0,15.30,15.30,true,1,
7290012117732,false,מקסימה מרכך כביסה ארומתרפי קול סנו 4 ליטר,החברה הדרומית לשיווק בעמ,IL,מרכך מקסימה COOL,ליטרים,4.00,ליטר,false,0,18.70,4.68,true,1,
7290012117916,false,אינסטלטור נוזל לפתיחת סתימות סנו 1 ליטר,החברה הדרומית לשיווק בעמ,IL,אינסטלטור נוזלי,ליטרים,1.00,ליטר,false,0,22.90,22.90,true,1,
7290012159275,false,מיונז אמיתי 430 גרם LINA,יורוסטנדרט בעמ,LT,מיונז לינה,גרמים,430.00,100 גרם,false,0,10.10,2.35,true,1,
7290012192098,false,חלאבין לאבילין רול און 72 שעות אדום,חלאבין Halvin,IL,חלאבלין רול און,מיליליטרים,60.00,"100 מ""ל",false,0,25.50,42.50,true,1,
7290012193071,false,גורדן קסמי שיניים דקים מארז זוג,ג'ורדן,IL,ג'ורדן מארז זוג,יחידה,1.00,יחידה,false,0,24.70,24.70,true,1,
7290012208362,false,פריכיות כוסמת עם טף בהיר 135 גרם,זן - בר המכללה לטבעונות,IL,פריכיות כוסמת,גרמים,135.00,100 גרם,false,1,10.10,7.48,true,1,
7290012208485,false,פריכיות כוסמין עם עדשים אדומות 120 גרם,זן - בר המכללה לטבעונות,IL,פריכיות כוסמין,גרמים,120.00,100 גרם,false,1,9.30,7.75,true,1,
7290012208614,false,עגבניות מרוסקות אורגני 700 גרם,,IT,עגבניות מרוסקות,גרמים,700.00,100 גרם,false,1,9.30,1.33,true,1,
7290012208768,false,וופל בלגי לנמנעים מגלוטן אביב ירוק 250 ג,מאפה פסח,IL,וופל בלגי,גרמים,250.00,100 גרם,false,1,24.70,9.88,true,1,
7290012226120,false,קבנוס זוגלובק (45x3 גרם),נקניק נהריה כשר זוגל,IL,קבנוס,גרמים,135.00,100 גרם,false,0,9.50,7.04,true,1,
7290012226342,false,נקניקיה טבעונית למחבת או לתנור עשירה בחלבון,זוגלובק שיווק בעמ,IL,נקניקיה טבעונית,גרמים,460.00,100 גרם,false,1,25.50,5.54,true,1,
7290012226922,false,קבנוס בטעם שום זוגלובק (45x3 גרם),נקניק נהריה כשר זוגל,IL,קבנוס בטעם שום,גרמים,135.00,100 גרם,false,0,9.50,7.04,true,1,
7290012226939,false,קבנוס עם צ'ילי חריף זוגלובק 135 גרם,נקניק נהריה כשר זוגל,IL,קבנוס בטעם צ'ילי,גרמים,135.00,100 גרם,false,0,9.50,7.04,true,1,
7290012226991,false,"נקניקיות עוף באריזת ג''מבו 1.5 ק""ג זוגלובק",נקניק נהריה כשר זוגל,IL,נקניקיות ג'מבו,גרמים,1500.00,100 גרם,false,0,24.70,1.65,true,1,
7290012227912,false,קבנוס מעודן זוגלובק 135 גרם,נקניק זוגלובק נהריה,IL,קבנוס מעודן,גרמים,135.00,100 גרם,false,1,9.50,7.04,true,1,
7290012227974,false,פסטרמה הודו בדבש טהור דק דק דק,זוגלובק שיווק בעמ,IL,פסטרמה בדבש דק,גרמים,120.00,100 גרם,false,1,11.80,9.83,true,1,
7290012227981,false,פסטרמה דק דק ברביקיו 120 ג' זוגלובק,זוגלובק שיווק בעמ,IL,פסטרמה ברביקיו,גרמים,120.00,100 גרם,false,1,11.80,9.83,true,1,
7290012227998,false,פסטרמה דק דק חזה בקר 120 ג' זוגלובק,זוגלובק שיווק בעמ,IL,חזה בקר דק דק,גרמים,120.00,100 גרם,false,1,11.80,9.83,true,1,
7290012228261,false,נקנקיות קנקרס הודו ועוף ריינהולד'ס זוגלובק 300 ג',זוגלובק שיווק בעמ,IL,נקניקיות קנקרס ה,גרמים,300.00,100 גרם,false,1,18.70,6.23,true,1,
7290012244018,false,עוג.מוס ר.חלב+שוק.לבן1קג,"גידרון תעשיות בע""מ",IL,עוגת מוס,יחידה,1.00,יחידה,false,0,59.70,59.70,true,1,
7290012244070,false,עוגת שכבות שוקולד 920גרם,"גידרון תעשיות בע""מ",IL,עוגת שכבות,יחידה,1.00,יחידה,false,0,59.70,59.70,true,1,
7290012244278,false,עוגת היער השחור-פרווה720,גידרון,IL,עוגת היער השחור,גרמים,720.00,100 גרם,false,0,59.70,8.29,true,1,
7290012244643,false,מארז פיתה תימנית5יח100*ג,מאפיית אנג'ל,IL,פיתה תימנית 5יח,גרמים,5.00,100 גרם,false,0,11.00,220.00,true,1,
7290012309366,false,"דין שיווק וקליה אורז בסמטי 5 ק""ג",שקדיה,IN,אורז בסמטי,קילוגרמים,5.00,"ק""ג",false,0,45.60,9.12,true,1,
7290012309878,false,חלבה עם פיסטוקים 500 גר`ששון הקולה,דין שיווק וקליה 2021 בעמ,IL,חלבה עם פיסטוקים,גרמים,500.00,100 גרם,false,0,14.40,2.88,true,1,
7290012309892,false,חלבה וניל 500 גרם ששון הקולה,דין שיווק וקליה 2021 בעמ,IL,חלבה וניל,גרמים,500.00,100 גרם,false,0,14.40,2.88,true,1,
7290012309939,false,חלווה מסולסלת בקופסא ששון הקולה 500 גרם,דין שיווק וקליה 2021 בעמ,IL,חלבה מסולסלת,גרמים,500.00,100 גרם,false,0,14.40,2.88,true,1,
7290012313141,false,מלפפונים פרוסות במלח קבוצת יבנה 330 גרם,"קבוצת יבנה מוצרי מזון בע""מ",IL,פרוסות מלפפונים,גרמים,540.00,100 גרם,false,0,5.90,1.09,true,1,
7290012313240,false,מיקס זית ירוק וקלמטה קבוצת יבנה 560 גרם,קבוצת יבנה מוצרי מזון בעמ,IL,מיקס זיתים,גרמים,560.00,100 גרם,false,1,10.70,1.91,true,1,
7290012313400,false,זיתים סורי מבוקעים 215 ג' יבנה,קבוצת יבנה מוצרי מזון בעמ,IL,זית סורי מבוקע,גרמים,215.00,100 גרם,false,1,11.00,5.12,true,1,
7290012313424,false,זיתים קלמטה שלם 215 ג' יבנה,קבוצת יבנה מוצרי מזון בעמ,IL,זית קלמטה שלם,גרמים,215.00,100 גרם,false,1,11.00,5.12,true,1,
7290012313431,false,זיתים מרוקאיים יבשים 215 ג' יבנה,קבוצת יבנה מוצרי מזון בעמ,IL,זית מרוקאי המסיק,גרמים,215.00,100 גרם,false,1,11.00,5.12,true,1,
7290012313554,false,עלי גפן ממולא 400 גרםיבנה,קבוצת יבנה מוצרי מזון בעמ,TR,עלי גפן ממולאים,גרמים,400.00,100 גרם,false,1,7.60,1.90,true,1,
7290012316449,false,"שרדונה צובה 750 מ""ל",,IL,שרדונה צובה,מיליליטרים,750.00,"100 מ""ל",false,1,76.80,10.24,true,1,
7290012316586,false,"סירה צובה 750 מ""ל",,IL,סירה צובה,מיליליטרים,750.00,"100 מ""ל",false,1,76.80,10.24,true,1,
7290012349522,false,מלח הימלאיה דק,,IL,מלח דק גבישי,גרמים,200.00,100 גרם,false,0,7.60,3.80,true,1,
7290012349560,false,מלח עבה גבישי הימלאיה,,IL,מלח עבה גבישי,גרמים,500.00,100 גרם,false,0,12.70,2.54,true,1,
7290012350245,false,"קרליין - קרם יום משקם רויואל 50 מ""ל",קרליין,IL,רויול קרם יום,מיליליטרים,50.00,"100 מ""ל",false,0,119.60,239.20,true,1,
7290012350252,false,"קרליין - קרם יום לילה רויואל 50 מ""ל",קרליין,IL,רויול קרם לילה,מיליליטרים,50.00,"100 מ""ל",false,0,119.60,239.20,true,1,
7290012350634,false,קרליין - עפרון שפתיים עם חידוד 160,קרליין,DE,עפרון שפתיים,יחידה,1.00,יחידה,false,0,25.50,25.50,true,1,
7290012350641,false,קרליין - עפרון שפתיים עם חידוד 161,קרליין,,עפרון שפתיים,יחידה,1.00,יחידה,false,0,25.50,25.50,true,1,
7290012350771,false,קרליין - עפרון עיניים עם חידוד 111,קרליין,DE,עפרון עיניים,יחידה,1.00,יחידה,false,0,25.50,25.50,true,1,
7290012367717,false,קרם ידיים וציפורניים Intensive relief לעור יבש ומגורה,"פישר תעשיות פרמצביטות בע""מ",IL,קרם ידיים,מיליליטרים,150.00,"100 מ""ל",false,0,10.10,6.73,true,1,
7290012372100,false,"קמח מלא בהיר 80% רובינפלד 1 ק""ג","סופר קמח רובינפלד בע""מ",IL,קמח חיטה,קילוגרמים,1.00,"ק""ג",false,0,9.30,9.30,true,1,
7290012372117,false,קמח מלא 100% רובינפלד,"סופר קמח רובינפלד בע""מ",IL,קמח חיטה מלא,קילוגרמים,1.00,"ק""ג",false,0,9.30,9.30,true,1,
7290012372124,false,"קמח מנופה כוסמין מלא רוביפנלד 1 ק""ג","סופר קמח רובינפלד בע""מ",IL,קמח כוסמין,קילוגרמים,1.00,"ק""ג",false,1,15.30,15.30,true,1,
7290012372155,false,"קמח מנופה כוסמין 80% רוביפנלד 1 ק""ג","סופר קמח רובינפלד בע""מ",IL,קמח כוסמין,קילוגרמים,1.00,"ק""ג",false,1,15.30,15.30,true,1,
7290012372247,false,"קמח מנופה כוסמין לבן רוביפנלד 1 ק""ג","סופר קמח רובינפלד בע""מ",IL,קמח כוסמין,קילוגרמים,1.00,"ק""ג",false,1,15.30,15.30,true,1,
7290012404955,false,נקטר חמוציות ספרינג קולקשן (1.25 ליטר),יפאורה - שותפות מוגבלת לשיווק,IL,ספרינג חמוציות,ליטרים,1.25,ליטר,false,0,11.00,8.80,true,1,
7290012413636,false,תה ירוק צ'אי מסאלה ויסוצקי 25 יחידות,תה ויסוצקי (ישראל) בעמ,IL,תה ירוק צ'אי,גרמים,38.00,100 גרם,false,0,21.20,55.79,true,1,
7290012475108,false,משקה משעורה נמס אורגני גרין פילד 75 גרם,י.איטליאנו אחזקות בעמ,EG,משקה שעורה,גרמים,100.00,100 גרם,false,0,13.50,13.50,true,1,
7290012475856,false,"צהובה בזיליקום ע""ב אורז טבעוני 150 גרם",פריסקולאט ס.ר.ל. קוסטנזה,IT,פרוסות צהובה,גרמים,150.00,100 גרם,false,1,22.10,14.73,true,1,
7290012499692,false,תפוח - מחזק ציפורניים,TPOAH,IL,מחזק ציפורניים,יחידה,1.00,יחידה,false,1,38.30,38.30,true,1,
7290012522581,false,טבעול שניצל תירס ללא גלוטן טבעול 664 גרם,קבוצת אוסם סחר-שות.מוגבלת,IL,שניצל תירס,גרמים,664.00,100 גרם,false,0,20.40,3.07,true,1,
7290012561337,false,כורכום טרי כתוש קפוא דורות 70 גר,קבוצת אוסם סחר שותפות מוגבלת,IL,דורוכורכום כתוש,גרמים,70.00,100 גרם,false,1,8.80,12.57,true,1,
7290012561405,false,בצל קצוץ ומטוגן דורות (180 גרם),קבוצת אוסם סחר שותפות מוגבלת,IL,בצל חצי מטוגן,גרמים,180.00,100 גרם,false,0,8.90,4.94,true,1,
7290012576348,false,"יין ספיישל ריזרב מרלו 750מ""ל",טמפו משקאות בעמ,IL,שרדונה ספיישל,מיליליטרים,750.00,"100 מ""ל",false,1,59.70,7.96,true,1,
7290012576423,false,יין ספיישל רזרב גוורצטרמינר 2014 750,טמפו משקאות בעמ,IL,יין גוורצטרמינר,מיליליטרים,750.00,"100 מ""ל",false,1,59.70,7.96,true,1,
7290012576591,false,"יין רזרב גוורצטרמינר 750 מ""ל שביעית",יקבי ברקן שיווק והפצה בע,IL,יין גוורצטרמינר,מיליליטרים,750.00,"100 מ""ל",false,1,38.40,5.12,true,1,
7290012576607,false,"יין קברנה סוביניון פרמייר מלבק אדום ברקן 750 מ""ל","ברקן שיווק והפצה בע""",IL,פרמייר קברנה,מיליליטרים,750.00,"100 מ""ל",false,0,23.00,3.07,true,1,
7290012642852,false,פלפל אדום קלוי על האש עם שום 540 תומר,סאטקו,BG,פלל אדום קלוי,גרמים,540.00,100 גרם,false,0,10.10,1.87,true,1,
7290012645112,false,יוגורט עיזים 2.8% בדלי חלב הארץ 750 גרם,שטראוס גרופ בעמ/מצונן,IL,יוגורט עיזים,גרמים,750.00,100 גרם,false,1,17.50,2.33,true,1,
7290012645129,false,יוגורט כבשים 5% בדלי חלב הארץ 750 גרם,שטראוס גרופ בעמ/מצונן,IL,יוגורט כבשים,גרמים,750.00,100 גרם,false,0,17.50,2.33,true,1,
7290012645174,false,גבינת עיזים 5% חלב הארץ 200 גרם,שטראוס גרופ בעמ/מצונן,IL,גבינת עיזים,גרמים,200.00,100 גרם,false,0,12.70,6.35,true,1,
7290012645280,false,יוגורט כבשים בסגנון יוני 5% חלב הארץ 150 גרם,שטראוס גרופ בעמ/מצונן,IL,יוגורט כבשים,גרמים,150.00,100 גרם,false,0,5.00,3.33,true,1,
7290012645297,false,יוגורט עיזים ביו 2.8% טעם טבעי חלב הארץ 150 גרם,שטראוס גרופ בעמ/מצונן,IL,יוגורט עיזים,גרמים,150.00,100 גרם,false,0,5.00,3.33,true,1,
7290012645389,false,יוגורט עיזים טבעי 1 ליטר בבקבוק חלב האר,שטראוס גרופ בעמ/מצונן,IL,יוגורט עיזים,ליטרים,1.00,ליטר,false,0,19.60,19.60,true,1,
7290012771095,false,L.L רולאון 48 שעות ללא ריח 80 מל,חלאבין,IL,חלאבלין רול און,מיליליטרים,80.00,"100 מ""ל",false,0,19.50,24.38,true,1,
7290012798467,false,"יין יקב לוריא גוורצטרמינר 750 מ""ל",יקבי יפו,IL,גוורץ יקב לוריא,גרמים,750.00,100 גרם,false,1,71.70,9.56,true,1,
7290012803055,false,סוכרלוז מרמולייט- 100שקיות אישיות,"קיפל טבליות וממתיקים בע""מ",IL,סוכרלוז,גרמים,100.00,100 גרם,false,0,17.00,17.00,true,1,
7290012803215,false,טוסו וופל בלגי ללתס בטעם שוקולד 200 גר`,בטר אנד דיפרנט,IL,וופל בלגי,גרמים,200.00,100 גרם,false,0,8.40,4.20,true,1,
7290012803222,false,טוסו ופל בסגנון בלגי בטעם לימון ללא תוספת סוכר 200 גרם,בטר אנד דיפרנט,IL,וופל בלגי,גרמים,200.00,100 גרם,false,0,8.40,4.20,true,1,
7290012803321,false,מרמולייט סוכרלוז 200 שקיות אישיות,דנשר (1963) בעמ,IL,סוכרלוז 200שקיות,גרמים,200.00,100 גרם,false,0,36.60,18.30,true,1,
7290012803451,false,טוסו שוקולד מריר 62% מוצקי קקאו ללא תוספת סוכר 100 גרם,"דנשר (1963) בע,מ",TR,שוקולד מריר62%,גרמים,100.00,100 גרם,false,0,8.40,8.40,true,1,
7290012803796,false,טוסו שוקולד חלב עם אגוזים ללא תוספת סוכר 100 גר',אלטינמארקה גידה סאן,TR,שוקולד חלב אגוז,גרמים,100.00,100 גרם,false,0,8.40,8.40,true,1,
7290012823237,false,"תחליב רחצה קרמה בריזת ים 700 מ""ל",החברה הדרומית לשיווק בעמ,IL,קרמה תחליב רחצה,מיליליטרים,700.00,"100 מ""ל",false,0,14.40,2.06,true,1,
7290012823251,false,אל סבון נוזלי יסמין ולבנדר כיף (1 ליטר),החברה הדרומית לשיווק בעמ,IL,אל סבון כיף,ליטרים,1.00,ליטר,false,0,9.30,9.30,true,1,
7290012823381,false,מקסימה מרכך כביסה מרוכז סנסטיב בייבי סנו 1 ליטר,החברה הדרומית לשיווק בעמ,IL,מרכך כביסה,ליטרים,1.00,ליטר,false,0,15.30,15.30,true,1,
7290012823398,false,מטליות חד פעמיות לניקוי הרצפה בניחוח מרכך כביסה 10יח' סנו,החברה הדרומית לשיווק בעמ,IL,מטליות ריצפז,יחידה,1.00,יחידה,false,1,9.30,9.30,true,1,
7290012823541,false,ריצפז פרש מטליות לחות לרצפה בניחוח לבנדר 10 יחידות,החברה הדרומית לשיווק בעמ,IL,מטליות ריצפז,יחידה,1.00,יחידה,false,0,9.30,9.30,true,1,
7290012823558,false,"מטליות לחות לרצפה 40*70 ס""מ סנו סושי 10 יחידות",החברה הדרומית לשיווק בעמ,IL,מטליות רצפה לחות,יחידה,1.00,יחידה,false,0,9.30,9.30,true,1,
7290012823916,false,גל כביסה סנו מקסימ מרוכז קריסטל נואר 5 ל,החברה הדרומית לשיווק בעמ,IL,מקסימה ג'ל,ליטרים,5.00,ליטר,false,0,38.30,7.66,true,1,
7290012823923,false,"מרכך כביסה מרוכז פרפיום גולדן מקסימה 750 מ""ל",החברה הדרומית לשיווק בעמ,IL,מקסימה פרפיום,מיליליטרים,750.00,"100 מ""ל",false,0,14.40,1.92,true,1,
7290012823947,false,"סנו - מרכך כביסה מרוכז פרפיום קריסטל נואר 750 מ""ל",החברה הדרומית לשיווק בעמ,IL,מקסימה פרפיום,מיליליטרים,750.00,"100 מ""ל",false,0,14.40,1.92,true,1,
7290012868115,false,"מהודר קמח כוסמין מלא 1 ק""ג",י.ש. חמד תעשיות,IL,קמח כוסמין מלא,קילוגרמים,1.00,"ק""ג",false,0,15.30,15.30,true,1,
7290012868689,false,קמח כוסמין לבן - מהו,י.ש. חמד תעשיות,IL,קמח כוסמין לבן,קילוגרמים,1.00,"ק""ג",false,1,17.00,17.00,true,1,
7290012868719,false,"קמח כוסמין 70% 1 ק""ג",י.ש חמד תעשיות בעמ`,IL,קמח כוסמין 70%,קילוגרמים,1.00,"ק""ג",false,1,16.10,16.10,true,1,
7290012884986,false,צ`יפס לתנור עד 4% שומן תפוגן (1.5 קג),קבוצת אוסם סחר שותפות מוגבלת,IL,ציפס לתנור,קילוגרמים,1.50,"ק""ג",false,0,21.20,14.13,true,1,
7290012901355,false,דודלס ארוחת אטריות עם גבינה 206 גרם,האי נאם סי או אל.טי.,US,ארוחת מקרוני,גרמים,206.00,100 גרם,false,1,10.10,4.90,true,1,
7290012901959,false,ארוחת אטריות עם גבינה מסולסלים 156 גרם,מור-ים מרקטינג בעמ,US,ארוחת פסטה,גרמים,156.00,100 גרם,false,1,10.10,6.47,true,1,
7290012901973,false,"שעועית אדומה, 400 גרם גאלה",יורוקום אס.אר.אל,IT,שעועית אדומה,גרמים,400.00,100 גרם,false,1,8.40,2.10,true,1,
7290012921025,false,"בקבוק בירה מלכה בהירה 330 מ""ל",הכרם - משקאות חריפים בעמ,IL,בירה מלכה בהירה,מיליליטרים,330.00,"100 מ""ל",false,0,12.70,3.85,true,1,
7290012921032,false,"בקבוק בירה מלכה אדמונית 330 מ""ל",הכרם - משקאות חריפים בעמ,IL,בירה מלכה,מיליליטרים,330.00,"100 מ""ל",false,0,12.70,3.85,true,1,
7290012938405,false,"רדיד אלומיניום עבה במיוחד לבישול,אפייה והקפאה.",גורי ע.ע.ע. בע`מ,CN,רדיד אלומיניום,מטרים,7600.00,מטר,false,0,12.70,0.00,true,1,
7290012938580,false,"סנסודיין משחת שיניים להלבנה עדינה 75 מ""ל",גלקסוסמית'\קליין קונסיומ,GB,משחת סנסודיין,מיליליטרים,75.00,"100 מ""ל",false,0,19.50,26.00,true,1,
7290012938597,false,משחת שיניים רפיד רליף סנסודיין (75 מל),"סמיתקליין ביצ'ם בע""מ",GB,משחת סנסודיין,מיליליטרים,75.00,"100 מ""ל",false,0,22.10,29.47,true,1,
7290012938740,false,"משחת שיניים פרש מינט מנטה 75מ""ל סנסודיין",גלקסו סמית קליין,GB,משחת סנסודיין,מיליליטרים,75.00,"100 מ""ל",false,0,19.50,26.00,true,1,
7290012938924,false,אקוהפרש מי פה ללא אלכוהול 500 מל,מולינו ניקולי s.p.a,GB,מי פה אקווה פרש,מיליליטרים,500.00,"100 מ""ל",false,0,11.00,2.20,true,1,
7290012962561,false,קיסמי שיניים במבוק הוסטס) (500,אינטרסן (1996) בעמ,CN,קיסמי שיניים,יחידה,1.00,יחידה,false,0,2.90,2.90,true,1,
7290012962578,false,צימרוני אוזניים עץ בקופסא 300 יחידות אינטרסאן,הדקלאים אגודת שיתופי,CN,צימרוני אוזניים,יחידה,1.00,יחידה,false,0,5.90,5.90,true,1,
7290013027399,false,לחם קמח מלא קל בתוספת שיפון 750 ג' אנג'ל,מאפיית שלמה א. אנג'\ל בע,IL,אנג'ל -100קל,גרמים,750.00,100 גרם,false,0,11.80,1.57,true,1,
7290013068361,false,שמן זית אליעד כתית מ,אליעד בית בד בגולן,IL,שמן זית,מיליליטרים,750.00,"100 מ""ל",false,0,31.50,4.20,true,1,
7290013068378,false,שמן זית ישראלי כתית 2 ל',אליעד בית בד בגולן,IL,שמן זית ישראלי,ליטרים,2.00,ליטר,false,0,67.80,33.90,true,1,
7290013068705,false,שמן זית ישראלי כתית750מ,אליעד בית בד בגולן,IL,"שמן זית 750 מ""ל",מיליליטרים,750.00,"100 מ""ל",false,0,31.50,4.20,true,1,
7290013083661,false,"מטרנה אקסטרה קר שלב 1 חסכון 700 גרם תמ""ל",קבוצת אוסם סחר-שות.מוגבלת,IL,מטרנה אקסטרה קר,גרמים,700.00,100 גרם,false,0,51.20,7.31,true,1,
7290013083678,false,"מטרנה אקסטרה קר שלב 2 חסכון 700 גרם תמ""ל",קבוצת אוסם סחר-שות.מוגבלת,IL,מטרנה אקסטרה קר,גרמים,700.00,100 גרם,false,0,51.20,7.31,true,1,
7290013083685,false,תחליף חלב מטרנה אקסטרה קר שלב 3 חסכון 700 גרם,קבוצת אוסם סחר-שות.מוגבלת,IL,מטרנה אקסטרה קר,גרמים,700.00,100 גרם,false,0,51.20,7.31,true,1,
7290013090201,false,חסה אמריקאית אורגנית יח',קטיף.,IL,חסה אמריקאית,יחידה,1.00,יחידה,false,1,9.90,9.90,true,1,
7290013090232,false,סלרי שורש אורגני יחידה,.,IL,סלרי שורש אורגני,יחידה,1.00,יחידה,false,0,14.90,14.90,true,1,
7290013090362,false,עלי מנגולד אורגני יחידה,.,IL,עלי מנגולד אורגנ,יחידה,1.00,יחידה,false,0,9.90,9.90,true,1,
7290013090379,false,בצל ירוק אורגני יחידה,,IL,בצל ירוק אורגני,יחידה,1.00,יחידה,false,0,8.90,8.90,true,1,
7290013090386,false,לוף אורגני יחידה,.,IL,לוף אורגני,יחידה,1.00,יחידה,false,0,14.90,14.90,true,1,
7290013090485,false,בזיליקום אורגני יח,.,IL,בזיליקום אורגני,יחידה,1.00,יחידה,false,0,7.90,7.90,true,1,
7290013090492,false,כוסברה אורגני יח,,IL,כוסברה אורגני,יחידה,1.00,יחידה,false,0,5.90,5.90,true,1,
7290013090522,false,שמיר אורגני יח,,IL,שמיר אורגני,יחידה,1.00,יחידה,false,0,5.90,5.90,true,1,
7290013090539,false,רוזמרין אורגני יחידה,,IL,רוזמרין אורגני,יחידה,1.00,יחידה,false,1,8.90,8.90,true,1,
7290013090652,false,מרווה אורגני יח,,IL,מרווה אורגני יח,יחידה,1.00,יחידה,false,1,8.90,8.90,true,1,
7290013090669,false,שעועית ארוזה אורגנית 500,יבולי בר אורגני,IL,שעועית ארוזה,גרמים,500.00,100 גרם,false,1,19.90,3.98,true,1,
7290013117212,false,בורקס פילו במילוי גבינה מעדנות 600 גר,תנובה מרכז שיתופי לשיווק תוצרת,IL,בורקס גבינה,גרמים,600.00,100 גרם,false,0,17.00,2.83,true,1,
7290013117229,false,"בורקס פילו במילוי תפו""א מעדנות 600 גר",תנובה מרכז שיתופי לשיווק תוצרת,IL,"בורקס תפו""א",גרמים,600.00,100 גרם,false,0,17.00,2.83,true,1,
7290013117243,false,בורקס פילו בולגרית מעדנות 600 גרם,תנובה מרכז שיתופי לשיווק תוצרת,IL,בורקס בולגרית,גרמים,600.00,100 גרם,false,0,17.00,2.83,true,1,
7290013117410,false,בצק פריך מרודד למאפים מתוקים 900 ג' מעדנות,תנובה מרכז שיתופי לשיווק תוצרת,IL,בצק פריך,גרמים,900.00,100 גרם,false,0,21.10,2.34,true,1,
7290013117427,false,בצק פריך מרודד למאפים מלוחים מעדנות 2*450 גרם,תנובה מרכז שיתופי לשיווק תוצרת,IL,בצק פריך,גרמים,900.00,100 גרם,false,0,21.10,2.34,true,1,
7290013121028,false,לחם לבן 500 גרם ללא גלוטן גרין לייט,אביב קונדיטוריה מעול,IL,לחם לבן ל.גלוטן,גרמים,500.00,100 גרם,false,0,15.30,3.06,true,1,
7290013121103,false,רביעיית לחמניות סנדויץ ללא גלוטן 460 גרם,אביב קונדיטוריה מעול,IL,רביעיית באגטים,גרמים,400.00,100 גרם,false,0,15.30,3.83,true,1,
7290013121110,false,לחמניות בורגר ללא גלוטן גרין לייט 4 * 87 גרם,אביב קונדיטוריה מעול,IL,רביעיית לחמניות,גרמים,350.00,100 גרם,false,0,15.30,4.37,true,1,
7290013121127,false,לחמניות מיני ללא גלוטן גרין לייט 6 יחידות,אביב קונדיטוריה מעול,IL,לחמניות מיני,גרמים,460.00,100 גרם,false,0,15.30,3.33,true,1,
7290013121134,false,בייגל ללא גלוטן 430 גר קפוא,אביב קונדיטוריה מעול,IL,בייגל ללא גלוטן,גרמים,400.00,100 גרם,false,0,17.00,4.25,true,1,
7290013121158,false,לחמניות סנדוויץ ללא גלוטן גרין לייט 4 * 115 גרם,אביב קונדיטוריה מעול,IL,רביעיית לחמניות,גרמים,460.00,100 גרם,false,0,15.30,3.33,true,1,
7290013121165,false,לחמניות נקניקיה ללא גלוטן גרין לייט 6 * 77 גרם,אביב קונדיטוריה מעול,IL,לחמניות נקניקיה,גרמים,460.00,100 גרם,false,0,15.30,3.33,true,1,
7290013121226,false,בסיס לפיצה ל.גלוטן גרין,אביב קונדיטוריה מעול,IL,בסיס לפיצה,גרמים,450.00,100 גרם,false,0,15.30,3.40,true,1,
7290013121684,false,כדורי שוקולד 400 גרם ללא גלוטן,אביב קונדיטוריה מעול,IL,כדורי שוקולד,גרמים,400.00,100 גרם,false,0,22.10,5.53,true,1,
7290013121752,false,לחם לבן ביתי ללא גלוטן 700 גר קפוא,אביב קונדיטוריה מעול,IL,לחם לבן ביתי,גרמים,700.00,100 גרם,false,0,17.80,2.54,true,1,
7290013121776,false,לחם כפרי ללא תוספת סוכר וללא גלוטן,אביב קונדיטוריה מעול,IL,"לחם כפרי ללת""ס",גרמים,700.00,100 גרם,false,0,17.00,2.43,true,1,
7290013144171,false,מיימונס תערובת עוגת שוקולד 560 גרם.,א.ל.ייצור ושיווק תבלינים בעמ,IL,תערובת לעוגה,גרמים,560.00,100 גרם,false,0,10.10,1.80,true,1,
7290013144188,false,מימונס תערובת להכנת בראוניז 600 גרם,א.ל.יצור ושיווקתבלינים בעמ,IL,תערובת בראונס,גרמים,600.00,100 גרם,false,0,14.40,2.40,true,1,
7290013144195,false,מיימונס תערובת כדורי שוקולד 500 גרם.,א.ל.ייצור ושיווק תבלינים בעמ,IL,תערובת כ.שוקולד,גרמים,500.00,100 גרם,false,0,11.00,2.20,true,1,
7290013144201,false,תערובת להכנת פנקייק מימונס (400 גרם),א.ל.ייצור ושיווק תבלינים בעמ,IL,תערובת פנקייק,גרמים,400.00,100 גרם,false,0,11.00,2.75,true,1,
7290013144218,false,מיימונס תערובת עוגת וניל 560 גרם.,א.ל.ייצור ושיווק תבלינים בעמ,IL,תערובת עוגה וניל,גרמים,560.00,100 גרם,false,0,11.00,1.96,true,1,
7290013144232,false,מיימונס פודינג בטעם וניל 80 גרם,א.ל. ייצור ושיווק תבלינים בע`מ,IL,פודינג וניל,גרמים,80.00,100 גרם,false,0,4.70,5.88,true,1,
7290013144249,false,פודינג בטעם שוקולד 95 גר`מימונס,א.ל. ייצור ושיווק תבלינים בע`מ,IL,פודינג שוקולד,גרמים,95.00,100 גרם,false,0,4.70,4.95,true,1,
7290013144270,false,תערובת להכנת קרם פטיסייר מיימונס 100 גרם,א.ל. ייצור ושיווק תבלינים בע`מ,IL,קרם פטיסייר,גרמים,100.00,100 גרם,false,0,9.30,9.30,true,1,
7290013144317,false,מימונס ג'וני גלילית וופל למילוי 18 יחידות,א.ל. ייצור ושיווק תבלינים בע`מ,IL,ג'וני גלילת וופל,יחידה,1.00,יחידה,false,0,19.50,19.50,true,1,
7290013144393,false,תמצית אפיה בטעם וניל מימונס (50 מל),א.ל. ייצור ושיווק תבלינים בע`מ,IL,תמצית וניל,מיליליטרים,50.00,"100 מ""ל",false,0,4.10,8.20,true,1,
7290013144409,false,תמצית אפיה בטעם רום מימונס (50 מל),א.ל. ייצור ושיווק תבלינים בע`מ,IL,תמצית רום,מיליליטרים,50.00,"100 מ""ל",false,0,4.10,8.20,true,1,
7290013144522,false,צבע מאכל ירוק מימונס (50 מל),א.ל. ייצור ושיווק תבלינים בע`מ,IL,צבע מאכל ירוק,מיליליטרים,50.00,"100 מ""ל",false,0,3.80,7.60,true,1,
7290013144539,false,צבע מאכל אדום מימונס 50 גרם,א.ל. ייצור ושיווק תבלינים בע`מ,IL,צבע מאכל אדום,מיליליטרים,50.00,"100 מ""ל",false,0,3.80,7.60,true,1,
7290013144560,false,מיימונס צבע מאכל כחול 50 גרם,א.ל. ייצור ושיווק תבלינים בע`מ,IL,צבע מאכל כחול,מיליליטרים,50.00,"100 מ""ל",false,0,3.80,7.60,true,1,
7290013144614,false,"מיימונס סירופ מייפל אמיתי 100% מקנדה 236 מ""ל",א.ל.ייצור ושיווק תבלינים בעמ,DK,סירופ מייפל,גרמים,236.00,100 גרם,false,0,25.50,10.81,true,1,
7290013144768,false,סירופ בטעם שוקולד מימונס 500 גרם,א.ל. ייצור ושיווק תבלינים בע`מ,IL,סירופ טעם שוקולד,גרמים,500.00,100 גרם,false,0,9.30,1.86,true,1,
7290013144805,false,אבקת אייס קפה דיאט 320 גרם מימונס,א.ל. ייצור ושיווק תבלינים בע`מ,IL,אייס קפה דיאט,גרמים,245.00,100 גרם,false,1,15.20,6.21,true,1,
7290013144812,false,אבקת אייס קפה וניל 320 גרם מימונס,א.ל. ייצור ושיווק תבלינים בע`מ,IL,אייס בטעם וניל,גרמים,320.00,100 גרם,false,1,13.50,4.22,true,1,
7290013144911,false,מימונס מיקס שוקולד צ'יפס מריר וחלב 250 גרם,א.ל. ייצור ושיווק תבלינים בע`מ,IL,מיקס שוקולד ציפס,גרמים,250.00,100 גרם,false,1,11.00,4.40,true,1,
7290013145031,false,אגוזי לוז מסוכרים מיימונס 100 גרם,א.ל. ייצור ושיווק תבלינים בע`מ,IL,ברס אגוזי לוז,גרמים,100.00,100 גרם,false,0,11.80,11.80,true,1,
7290013145055,false,פרג שלם מיימונס 100 גרם,א.ל. ייצור ושיווק תבלינים בע`מ,IL,פרג שלם,גרמים,100.00,100 גרם,false,0,5.90,5.90,true,1,
7290013145062,false,סירופ מייפל אמיתי 100% מימונס 187 מל*,א.ל.ייצור ושיווק תבלינים בעמ,CA,סירופ מייפל,מיליליטרים,187.00,"100 מ""ל",false,1,17.00,9.09,true,1,
7290013145093,false,"שקד מולבן גרוס 100 גרם ""מיימונס",א.ל. ייצור ושיווק תבלינים בע`מ,IL,שקד מולבן גרוס,גרמים,100.00,100 גרם,false,0,11.00,11.00,true,1,
7290013145109,false,שקד מולבן טחון מימונס (100 גרם),א.ל. ייצור ושיווק תבלינים בע`מ,IL,שקד מולבן טחון,גרמים,100.00,100 גרם,false,0,11.00,11.00,true,1,
7290013145116,false,מיימונס שקד מולבן מקלות 100 גרם.,א.ל. ייצור ושיווק תבלינים בע`מ,IL,שקד מולבן מקלות,גרמים,100.00,100 גרם,false,0,11.00,11.00,true,1,
7290013145123,false,מיימונס שקד מולבן פרוס 100 גרם,א.ל. ייצור ושיווק תבלינים בע`מ,IL,שקד מולבן פרוס,גרמים,100.00,100 גרם,false,0,11.00,11.00,true,1,
7290013145161,false,פקאן מסוכר מיימונס 100 גרם.,א.ל. ייצור ושיווק תבלינים בע`מ,IL,פקאן מסוכר,גרמים,100.00,100 גרם,false,0,14.10,14.10,true,1,
7290013145178,false,קוקוס לבן טחון מימונס (100 גרם),א.ל. ייצור ושיווק תבלינים בע`מ,IL,קוקוס טחון לבן,גרמים,100.00,100 גרם,false,0,4.10,4.10,true,1,
7290013145215,false,שומשום מימונס (400 גרם),א.ל.ייצור ושיווק תבלינים בעמ,IL,שומשום,גרמים,400.00,100 גרם,false,0,12.70,3.18,true,1,
7290013145277,false,עלים לקרמשניט מימונס 300 גרם,א.ל.ייצור ושיווק תבלינים בעמ,IT,עלים לקרמשניט,גרמים,300.00,100 גרם,false,1,15.30,5.10,true,1,
7290013145390,false,מימונס שוקולד צ'יפס מהדרין 250 גר,א.ל. ייצור ושיווק תבלינים בע`מ,IL,שוקולד צ'יפס,גרמים,250.00,100 גרם,false,0,8.40,3.36,true,1,
7290013145437,false,שוקולד מריר מעולה ציפס מימונס 250 ג',א.ל. ייצור ושיווק תבלינים בע`מ,IL,שוקולד צ'יפס,גרמים,250.00,100 גרם,false,0,11.90,4.76,true,1,
7290013145444,false,שוקולד מריר מעולה ציפס 66% מימונס 250 ג',א.ל. ייצור ושיווק תבלינים בע`מ,IL,שוקולד צ'יפס,גרמים,250.00,100 גרם,false,0,13.50,5.40,true,1,
7290013145529,false,סוכריות צבעוניות לקישוט מיימונס 90 גרם,א.ל. ייצור ושיווק תבלינים בע`מ,IL,סוכריות לקישוט,גרמים,90.00,100 גרם,false,0,5.00,5.56,true,1,
7290013145710,false,מיימונס דובדבנים מסוכרים 100 גרם,א.ל. ייצור ושיווק תבלינים בע`מ,IL,דובדבנים מסוכרים,גרמים,100.00,100 גרם,false,0,8.40,8.40,true,1,
7290013145796,false,"רביעיית צבעי מאכל גל 4*25 מ""ל",א.ל ייצור ושיווק תבלינים בעמ,IL,צבעי מאכל 4 יח,מיליליטרים,100.00,"100 מ""ל",false,1,38.30,38.30,true,1,
7290013145826,false,פודניג בטעם וניל לבן במיוחד מימונס 80 ג',א.ל. ייצור ושיווק תבלינים בע`מ,IL,פודינג וניל,גרמים,80.00,100 גרם,false,1,4.70,5.88,true,1,
7290013145956,false,שמרים יבשים בוואקום מיימונס 500 גרם,א.ל. ייצור ושיווק תבלינים בע`מ,CN,שמרים יבשים,גרמים,500.00,100 גרם,false,0,11.80,2.36,true,1,
7290013145963,false,שמרים יבשים בוואקום מיימונס 125 גרם,א.ל. ייצור ושיווק תבלינים בע`מ,CN,שמרים יבשים,גרמים,125.00,100 גרם,false,0,5.00,4.00,true,1,
7290013145970,false,קורנפלור מימונס בשקית 200 ג',א.ל. ייצור ושיווק תבלינים בע`מ,IL,קורנפלור,גרמים,200.00,100 גרם,false,1,3.30,1.65,true,1,
7290013146298,false,טארטלטים תחתיות בצק פריך אפויות למילוי מימונס 120 ג',א.ל. ייצור ושיווק תבלינים בע`מ,IL,טארטלטים תחתיות,גרמים,120.00,100 גרם,false,1,17.80,14.83,true,1,
7290013146304,false,קורנפלור 500 גרם מימונס.,א.ל.ייצור ושיווק תבלינים בעמ,IL,קורנפלור,גרמים,500.00,100 גרם,false,1,6.40,1.28,true,1,
7290013146403,false,סירופ בטעם קרמל מלוח מימונס 500 גרם,א.ל.ייצור ושיווק תבלינים בעמ,IL,סירופ בטעם קרמל,גרמים,500.00,100 גרם,false,0,14.40,2.88,true,1,
7290013146724,false,אבקת אייס קפה 350 גרם מימונס,א.ל. ייצור ושיווק תבלינים בע`מ,IL,אייס קפה,גרמים,350.00,100 גרם,false,1,13.50,3.86,true,1,
7290013146755,false,קצפת צמחי 24% 500 גרם מימונס,קפוא-זן תעשיות מזון בעמ - תפוג,BG,קצפת צמחית,מיליליטרים,500.00,"100 מ""ל",false,1,7.60,1.52,true,1,
7290013146762,false,"קצפת לזילוף 24% שומן מימונס 200 מ""ל",קפוא-זן תעשיות מזון בעמ - תפוג,BG,קצפת צמחית,מיליליטרים,200.00,"100 מ""ל",false,1,6.70,3.35,true,1,
7290013146854,false,קוקוס לבן טחון מימונס 400 ג',א.ל.יצור ושיווקתבלינים בעמ,IL,קוקוס לבן 400 גר,גרמים,400.00,100 גרם,false,0,12.70,3.18,true,1,
7290013153395,false,מיץ סחוט רימונים טבעי פריגת (1 ליטר),*החברה המרכזית להפצת משקאותבעמ,IL,מיץ רימונים,ליטרים,1.00,ליטר,false,1,19.50,19.50,true,1,
7290013153418,false,מיץ סחוט טרי 1ל לימונענע פרי גת,החברה המרכזית טלהפצת משקאות בע,IL,מיץ לימון נענע,ליטרים,1.00,ליטר,false,1,11.90,11.90,true,1,
7290013153579,false,משקה בטעם אפרסק מרוכז קפוא,החברה המרכזית טלהפצת משקאות בע,IL,פריגת אפרסק קפוא,גרמים,340.00,100 גרם,false,1,11.80,3.47,true,1,
7290013156006,false,עוגיות כעכים לקפה מרוקאיות 200גר,הלל בן הלל שיווק ומסחר בעמ,IL,עוגיות מרוקאיות,גרמים,350.00,100 גרם,false,1,14.40,4.11,true,1,
7290013156914,false,עוגיות כעך טוניסאי 350גר,הלל בן הלל שיווק ומסחר בעמ,IL,עוגיות כעך טוניס,גרמים,350.00,100 גרם,false,1,14.40,4.11,true,1,
7290013156921,false,עוגיות מרוקאיות ללא סוכר,הלל בן הלל שיווק ומסחר בעמ,IL,אצבעות מתוקות,גרמים,350.00,100 גרם,false,1,14.40,4.11,true,1,
7290013169600,false,דגנ.מרובעים קינמון412*2ג,קוואקר אוטס קומפני,US,דגנים מרובעים2יח,גרמים,824.00,100 גרם,false,0,30.00,3.64,true,1,
7290013169617,false,דגנים מרובעים 412*2 גרם,קוואקר אוטס קומפני,US,דגנים מרובעים2יח,גרמים,824.00,100 גרם,false,0,30.00,3.64,true,1,
7290013268020,false,מקסימה מרכך כביסה מרוכז בניחוח אולטרא פרש סנו 1 ליטר,החברה הדרומית לשיווק בעמ,IL,מרכך כביסה,ליטרים,1.00,ליטר,false,0,15.30,15.30,true,1,
7290013268242,false,תרכיז ריחני לניקוי רצפות בריח מלון מפנק ריצפז פרש,החברה הדרומית לשיווק בעמ,IL,ריצפז פרש הום,ליטרים,2.00,ליטר,false,1,15.20,7.60,true,1,
7290013268839,false,פוליויקס פרקט-תרכיז ריחני לניקוי רצפות עץ,החברה הדרומית לשיווק בעמ,IL,פוליויקס פרקט,ליטרים,2.00,ליטר,false,1,17.00,8.50,true,1,
7290013268983,false,מרכך כביסה סופר מרוכז בבישום עוצמתי סנו מקסימה 1 ל',החברה הדרומית לשיווק בעמ,IL,מרכך מרוכז ג'וי,ליטרים,1.00,ליטר,false,1,15.30,15.30,true,1,
7290013269003,false,מרכך כביסה סופר מרוכז בייבי לתינוקות ולעור רגיש,החברה הדרומית לשיווק בעמ,IL,מקסימה מרכך,ליטרים,1.00,ליטר,false,0,15.30,15.30,true,1,
7290013269263,false,ג'ל כביסה מרוכז מקסימה בבישום קריסטל נואר,החברה הדרומית לשיווק בעמ,IL,מקסימה ג'ל,ליטרים,3.00,ליטר,false,0,25.30,8.43,true,1,
7290013269287,false,סנו - מקסימה ג'ל כביסה מרוכז מאסק 3 ליטר,החברה הדרומית לשיווק בעמ,IL,ג'ל כביסה מרוכז,ליטרים,3.00,ליטר,false,0,25.30,8.43,true,1,
7290013269621,false,ריצפז פרש לניקוי רצפות בניחוח מלון בוטיק,החברה הדרומית לשיווק בעמ,IL,ריצפז פרש הום,ליטרים,2.00,ליטר,false,1,15.20,7.60,true,1,
7290013269645,false,ריצפז פרש מטליות לחות לריצפה בניחוח מאסק 10 יחידות,החברה הדרומית לשיווק בעמ,IL,מטליות ריצפז,יחידה,1.00,יחידה,false,0,9.30,9.30,true,1,
7290013269669,false,ריצפז בניחוח פנטזיה לניקוי הרצפה,החברה הדרומית לשיווק בעמ,IL,ריצפז פנטזיה,ליטרים,3.00,ליטר,false,0,11.80,3.93,true,1,
7290013269690,false,סנובון ג'ל לניקוי האסלה בניחוח לימון,החברה הדרומית לשיווק בעמ,PL,סנובון לאסלה,מיליליטרים,55.00,"100 מ""ל",false,0,5.00,9.09,true,1,
7290013269751,false,מטליות לחותריצפז פרש לניקוי ריצפה בניחות מלון בוטיק 10 יח' סנו,החברה הדרומית לשיווק בעמ,IL,מטליות ריצפז,יחידה,1.00,יחידה,false,1,9.30,9.30,true,1,
7290013269850,false,נייר אפיה אקולוגי סנו סושי 50 יחידות,החברה הדרומית לשיווק בעמ,IL,נייר אפיה,יחידה,1.00,יחידה,false,0,13.50,13.50,true,1,
7290013284112,false,פריניר זיתים חרוזית ירוק a2,פריניר ( הדס 1987) ב,IL,זיתים ירוקים,גרמים,560.00,100 גרם,false,0,6.70,1.20,true,1,
7290013284143,false,פריניר מלפפונים במלח 10-12 560ג.,אבאל יזמות בעמ,IL,מלפפונים במלח,גרמים,560.00,100 גרם,false,0,5.80,1.04,true,1,
7290013284150,false,פריניר מלפפונים במלח 13-17 560ג,אבאל יזמות בעמ,IL,מלפפונים במלח,גרמים,560.00,100 גרם,false,0,8.10,1.45,true,1,
7290013284174,false,פריניר מלפפונים בחומץ 7-9 560גר.,אבאל יזמות בעמ,IL,מלפפונים בחומץ,גרמים,560.00,100 גרם,false,0,5.20,0.93,true,1,
7290013284310,false,רוטב פסטה לילדים פריניר 240 גרם,ח.כהן סוכנות מזון ומשקאות בע,IL,רוטב פסטה,גרמים,240.00,100 גרם,false,0,5.00,2.08,true,1,
7290013310385,false,כפפות ניטריל M כחולות ללא אבקה 80 יח' EASY TOUCH,אינטרסן (1996) בעמ,TH,כפפות ניטריל,יחידה,1.00,יחידה,false,0,22.10,22.10,true,1,
7290013310477,false,"שיפודי במבוק ג'מבו שטוחים 40 ס""מ 25 יח'",אינטרסן 1996 בעמ,CN,שיפודי במבוק,יחידה,1.00,יחידה,false,1,7.60,7.60,true,1,
7290013358356,false,פירורי לחם מוזהבים מאסטר שף (320גרם),ש. שסטוביץ בע`מ,IL,פירורי לחם,גרמים,320.00,100 גרם,false,0,6.60,2.06,true,1,
7290013358363,false,מאסטר שף פרורי לחם פנקו עבים בסגנון יפני 300 גר,קריניציה ויטמינה אס,IL,פרורי לחם יפני,גרמים,300.00,100 גרם,false,0,8.30,2.77,true,1,
7290013358431,false,מאסטר שף קרוטונים לסלט עגבניות ובזיליקום,עינת תעשיות מזון אגו,IL,קרוטונים לסלט,גרמים,200.00,100 גרם,false,0,10.00,5.00,true,1,
7290013358448,false,"קרוטונים לסלט אקסטרה ארוכים בתיבול שום, בצל ופטרוזיליה",עינת תעשיות מזון אגו,IL,קרוטונים לסלט,גרמים,200.00,100 גרם,false,0,10.00,5.00,true,1,
7290013358585,false,מנה אסייאתי נודלס ביצים להקפצה 400 מ.שף,הנסיך- מפעל לייצור ט,CN,נודלס ביצים,גרמים,400.00,100 גרם,false,1,8.30,2.08,true,1,
7290013358806,false,מנה מאגדת פריכיות אורז עם מלח 264 גרם,ש. שסטוביץ בע`מ,IL,פריכיות אורז,גרמים,264.00,100 גרם,false,0,10.10,3.83,true,1,
7290013366085,false,תירס סופר סוויט ארוז,כרמלים שדות חדשים,IL,תירס מתוק במיוחד,גרמים,800.00,100 גרם,false,1,19.90,2.49,true,1,
7290013366108,false,אספרגוס ירוק כרמלים,כרמלים שדות חדשים,IL,אספרגוס ירוק,גרמים,400.00,100 גרם,false,1,31.90,7.98,true,1,
7290013366665,false,חסה גמביט קראנצית יחידה,ביכורי השדה הצפון בעמ` 1964,IL,חסה גמביט יחידה,יחידה,1.00,יחידה,false,1,11.90,11.90,true,1,
7290013430083,false,"בירה אלכסנדר בלונד בקבוק 330 מ""ל",אגודת הכורמים -כרמל מזרחי,IL,בירה אלכסנדר,מיליליטרים,330.00,"100 מ""ל",false,0,11.00,3.33,true,1,
7290013430090,false,בירה אלכסנדר אמברה AMBREE בירה ישראלית,מנדלז סי.אר. פרודקשן,IL,בירה אלכסנדר,מיליליטרים,330.00,"100 מ""ל",false,0,11.00,3.33,true,1,
7290013430250,false,אלכסנדר חיטה ישראלית בקבוק בודד 330 מל,אלכסנדר- בירה ישראלית מע,IL,בירה אלכסנדר,מיליליטרים,330.00,"100 מ""ל",false,1,11.00,3.33,true,1,
7290013430304,false,בירה אלכסנדר גרין GREEN בירה ישראלית,מנדלז סי.אר. פרודקשן,IL,בירה אלכסנדר,מיליליטרים,330.00,"100 מ""ל",false,1,11.00,3.33,true,1,
7290013430403,false,"בירה אלכסנדר בלייזר 330 מ""ל","אביר הבר בע""מ",IL,בירה אלכסנדר,מיליליטרים,330.00,"100 מ""ל",false,1,11.00,3.33,true,1,
7290013433077,false,גרנולה אגוזים 44% 300 גרם,,IL,גרנולה אגוזים,גרמים,300.00,100 גרם,false,0,17.00,5.67,true,1,
7290013433091,false,גרנולה שוקולד ודגנים 300 גרם,,IL,גרנולה דגנים,גרמים,300.00,100 גרם,false,0,17.00,5.67,true,1,
7290013433114,false,חמאת קוקוס טבעית 300 גרם,,IL,חמאת קוקוס טבעית,גרמים,300.00,100 גרם,false,0,25.30,8.43,true,1,
7290013433244,false,גרנולה עשירה בחלבון 300 ג,אפקטבעי,IL,גרנולה חלבון,גרמים,300.00,100 גרם,false,1,17.00,5.67,true,1,
7290013433367,false,"קרם קוקוס 20-22% אורגני 330 מ""ל",BETRIMEX,VN,קרם קוקוס אורגני,מיליליטרים,330.00,"100 מ""ל",false,1,10.10,3.06,true,1,
7290013440648,false,מאגדת שלגוני אבטיח נסטלה 5 יחידות,נגה גלידות שותפות מוגבלת,IL,מאגדת אבטיח,גרמים,540.00,100 גרם,false,0,22.10,4.09,true,1,
7290013453068,false,עוגיות כוסמין ופירות יער ללא ת.ס 240 גר,האי נאם סי או אל.טי.,IL,עוגיות כוסמין,גרמים,240.00,100 גרם,false,0,21.10,8.79,true,1,
7290013453075,false,"דני וגלית עוגיות שיבולת שועל, טחינה וסילאן",דני וגלית בעמ,IL,עוגיות שיבולת,גרמים,270.00,100 גרם,false,0,21.10,7.81,true,1,
7290013453082,false,עוגיות כוסמין שוקולדצ'יפס 230 גרם,,IL,עוגיות גרנולה,גרמים,230.00,100 גרם,false,0,21.10,9.17,true,1,
7290013453105,false,דני וגלית עוגיות לתה מקמח מלא,,IL,עוגיות מרוקאיות,גרמים,240.00,100 גרם,false,0,16.80,7.00,true,1,
7290013453136,false,עוגיות כוסמין שטרודל תפוחים ללא תוספת סוכר טבעוני,דני וגלית,IL,עוגיות כוסמין,גרמים,230.00,100 גרם,false,0,21.10,9.17,true,1,
7290013453242,false,עוגיות אניס מרוקאיות,,IL,עוגיות אניס,גרמים,230.00,100 גרם,false,0,16.80,7.30,true,1,
7290013453280,false,מקלוני כוסמין וזעתר 200 גר,"דני וגלית בע""מ",IL,מקלוני כוסמין,גרמים,200.00,100 גרם,false,1,17.00,8.50,true,1,
7290013453419,false,עוגיות חלבון שוקולד 180 גרם,דני וגלית בעמ,IL,עוגיות שוקולד,גרמים,180.00,100 גרם,false,1,18.70,10.39,true,1,
7290013453600,false,ביסקוט שוקוציפס ופירות מיובשים 200 גרם,"דני וגלית בע""מ",IL,ביסקוטי שוקולד,גרמים,170.00,100 גרם,false,1,21.10,12.41,true,1,
7290013453631,false,דני וגלית עוגיות חמאת בוטנים שוקולדצ'יפס מפצפוצי אורז מלא 230 גרם,האי נאם סי או אל.טי.,IL,עוג.חמאת בוטנים,גרמים,200.00,100 גרם,false,1,22.10,11.05,true,1,
7290013453679,false,עוגיות אוכמניות ותפוז מקמח שקדים 230 גרם,,IL,עוגיות אוכמניות,גרמים,230.00,100 גרם,false,1,22.10,9.61,true,1,
7290013521101,false,פסטה כוסמין אורגנית תרד 350 גרם,השדה מוצרים אורגניים,HU,פסטה כוסמין,גרמים,350.00,100 גרם,false,0,17.00,4.86,true,1,
7290013521231,false,פסטה כוסמין אורגנית עם תרד ועגבניות,השדה מוצרים אורגניים,HU,פסטה כוסמין,גרמים,400.00,100 גרם,false,0,17.00,4.25,true,1,
7290013521385,false,רסק תפוחים אורגני השדה מוצרים אורגנים 700 גרם,השדה מוצרים אורגניים,NL,רסק תפוחים אורגנ,גרמים,700.00,100 גרם,false,0,16.00,2.29,true,1,
7290013521408,false,אבקת מרק ירקות אורגני השדה מוצרים אורגנים 200 גרם,השדה מוצרים אורגניים,NL,אבקת מרק ירקות,גרמים,200.00,100 גרם,false,0,20.20,10.10,true,1,
7290013521422,false,"סוכר קנים אורגני 1 ק""ג",,IL,סוכר קנים אורגני,קילוגרמים,1.00,"ק""ג",false,0,14.40,14.40,true,1,
7290013521842,false,ציפס תפוח אדמה אפוי 65 גרם,"סיבי, נובי פריס",SK,"חטיף תפו""א אפוי",גרמים,65.00,100 גרם,false,1,11.00,16.92,true,1,
7290013521873,false,סוכר קוקוס אורגני השדה מוצרים אורגנים 300 גרם,כפרי בריא,ID,סוכר קוקוס,גרמים,300.00,100 גרם,false,1,13.60,4.53,true,1,
7290013531117,false,רוטב פסטה לילדים יכין (240 גר`),"זנלכל בע""\מ",IL,רוטב פסטה,גרמים,240.00,100 גרם,false,0,5.50,2.29,true,1,
7290013531346,false,סירופ דיאט בטעם לימונענע יכין 1 ליטר,זנלכול יכין,IL,סירופ לימונענע,ליטרים,1.00,ליטר,false,1,14.40,14.40,true,1,
7290013534057,false,"צ'יפס בטטה טבעי מיה 100ג' 'כשל""פ",מיה תעשיות מזון מ.ת.מ. בעמ,IL,צ'יפס בטטה טבעי,גרמים,100.00,100 גרם,false,0,8.40,8.40,true,1,
7290013539502,false,סטייל קרם לחות ארגן מרוקאי 400 מל,א.ל.ארמן ייצור תמרוקים ב,TR,קרם לחות סטייל,מיליליטרים,400.00,"100 מ""ל",false,0,29.80,7.45,true,1,
7290013540874,false,נתחי טונה בשמן קנולה414,תעשיות פילטונה,IL,נתחי טונה,גרמים,414.00,100 גרם,false,1,11.80,2.85,true,1,
7290013585233,false,"ספרייט זירו פחית סליק 330 מ""ל",החברה המרכזית להפצת משקאות בעמ,IL,ספרייט זירו,מיליליטרים,330.00,"100 מ""ל",false,1,4.60,1.39,true,1,
7290013585257,false,ספרייט זירו בבקבוק אישי,החברה המרכזית להפצת משקאות בעמ,IL,ספרייט זירו,מיליליטרים,500.00,"100 מ""ל",false,1,6.40,1.28,true,1,
7290013585387,false,בקבוק זירו קוקה-קולה (1 ליטר),החברה המרכזית להפצת משקאות בעמ,IL,קולה זירו,ליטרים,1.00,ליטר,false,1,5.90,5.90,true,1,
7290013585394,false,בקבוק קוקה-קולה (1 ליטר),החברה המרכזית להפצת משקאות בעמ,IL,קוקה קולה,ליטרים,1.00,ליטר,false,1,6.20,6.20,true,1,
7290013585967,false,מארז ספרייט זירו Fridge Pack פחית 6*33,החברה המרכזית להפצת משקאות בעמ,IL,ספרייט זירו 6 פח,ליטרים,1.98,ליטר,false,1,19.80,10.00,true,1,
7290013608260,false,מיץ רימונים 100%מיץ סחוט טרי מצונן 1ליט,שטראוס גרופ בעמ/מצונן,IL,מיץ רימונים,ליטרים,1.00,ליטר,false,0,20.60,20.60,true,1,
7290013608864,false,פרימור משקה פירות הדר 1 ליטר בתוספת ויטמין C,שטראוס גרופ בעמ/מצונן,IL,משקה פירות הדר,ליטרים,1.00,ליטר,false,1,13.50,13.50,true,1,
7290013645050,false,פירורי לחם שרהלה 300 גרם,מוצרי הכט,IL,פרורי לחם,גרמים,300.00,100 גרם,false,0,18.50,6.17,true,1,
7290013652157,false,"ד""ר פישר - נטורל קר מגבונים להסרת איפור לעור רגיל יבש 30 יח' * 3","פישר תעשיות פרמבצטיות בע""מ",IL,מגבונים 3 יח,יחידה,1.00,יחידה,false,0,17.00,17.00,true,1,
7290013652164,false,"ד""ר פישר - נטורל קר מגבונים להסרת איפור לעור רגיש 30 יח' * 3","פישר תעשיות פרמצביטות בע""מ",IL,GENESIS מגבונים,יחידה,1.00,יחידה,false,0,17.00,17.00,true,1,
7290013652171,false,"ד""ר פישר - נטורל קר מגבונים להסרת איפור לעור שמן מעורב 30 יח' * 3",פישר תעשיות פרמצבטיות בעמ,IL,שלישיית מגובונים,יחידה,1.00,יחידה,false,0,17.00,17.00,true,1,
7290013652799,false,נטורל קר קרם לחות לשיער רגיל/יבש- ורדים וחלב רימונים,פישר תעשיות פרמבצטיות בעמ,IL,קרם לחות לשיער,מיליליטרים,400.00,"100 מ""ל",false,0,19.60,4.90,true,1,
7290013675545,false,שניצל כלי תחבורה מאמא עוף (700 גרם),תנובה גליל שותפות מוגבלת,IL,שניצל כליתחבורה,גרמים,700.00,100 גרם,false,1,31.50,4.50,true,1,
7290013713025,false,"בירה ג'מס פילס בקבוק 330 מ""ל",אגודת הכורמים בעמ,IL,בירה ג'מס פילס,מיליליטרים,330.00,"100 מ""ל",false,0,11.80,3.58,true,1,
7290013713032,false,"בירה ג'מס חיטה בקבוק 330 מ""ל",אגודת הכורמים -כרמל מזרחי,IL,בירה חיטה ג'מס,מיליליטרים,330.00,"100 מ""ל",false,0,11.80,3.58,true,1,
7290013724809,false,חטיף דגנים בתוספת אגוזים שקדיה 175 גרם.,דין שיווק וקליה 2021 בעמ,IL,חטיף אנרגיה,גרמים,175.00,100 גרם,false,1,8.50,4.86,true,1,
7290013724939,false,משוקלדים חמוציות מריר 140 גר' קופסא,דין שיווק וקליה 2021 בעמ,IL,חמוציות בשוקולד,גרמים,160.00,100 גרם,false,0,12.60,7.88,true,1,
7290013724946,false,שקדים בשוקולד מריר בקופסא 140 גרם,דין שיווק וקליה 2021 בעמ,IL,שקד בשוקולד מריר,גרמים,160.00,100 גרם,false,0,12.60,7.88,true,1,
7290013724953,false,חמוציות בציפוי שוקולד בקופסא שקדיה 140 גרם,דין שיווק וקליה 2021 בעמ,IL,חמוציות בשוקולד,גרמים,160.00,100 גרם,false,0,12.60,7.88,true,1,
7290013724960,false,שקדים בציפוי שוקולד בקופסא שקדיה 140 גרם,דין שיווק וקליה 2021 בעמ,IL,שקדים בשוקולד,גרמים,160.00,100 גרם,false,0,12.60,7.88,true,1,
7290013724991,false,אגוזי לוז בציפוי שוקולד בקופסא שקדיה 140 גרם,דין שיווק וקליה 2021 בעמ,IL,א.לוז בשוקולד,גרמים,160.00,100 גרם,false,0,12.60,7.88,true,1,
7290013725653,false,"קרם קוקוס סו שף 400 מ""ל",,TH,קרם קוקוס גולד,מיליליטרים,400.00,"100 מ""ל",false,0,8.30,2.08,true,1,
7290013725677,false,חומץ אורז לבן לסושי300מל,,CN,חומץ אורז,מיליליטרים,300.00,"100 מ""ל",false,0,10.10,3.37,true,1,
7290013725684,false,"רוטב טריאקי 300 מ""ל",,TH,רוטב טריאקי,מיליליטרים,300.00,"100 מ""ל",false,0,10.10,3.37,true,1,
7290013725691,false,רוטב סויה בסגנון יפני,דין שיווק וקליה 2021 בעמ,TH,רוטב בסגנון יפני,מיליליטרים,300.00,"100 מ""ל",false,0,8.40,2.80,true,1,
7290013725707,false,"שמן שומשום סו שף 150 מ""ל",דין שיווק וקליה 2021 בעמ,CN,שמן שומשום,מיליליטרים,150.00,"100 מ""ל",false,0,12.80,8.53,true,1,
7290013725714,false,רוטב סויה סגנון יפני623מ,"דין שיווק וקליה בע""מ",TH,רוטב סויה,מיליליטרים,623.00,"100 מ""ל",false,0,9.40,1.51,true,1,
7290013725752,false,נודלס דק להכנה מהירה400ג,דין שיווק וקליה 2021 בעמ,CN,נודלס דק,גרמים,400.00,100 גרם,false,0,6.40,1.60,true,1,
7290013725769,false,נודלס עבה הכנה מהירה400ג,דין שיווק וקליה 2021 בעמ,CN,נודלס עבה,גרמים,400.00,100 גרם,false,0,6.40,1.60,true,1,
7290013725820,false,אגוזי לוז בשוקולד מריר בקופסא 140 גרם,דין שיווק וקליה 2021 בעמ,IL,א.לוז בשוקולד,גרמים,160.00,100 גרם,false,0,12.60,7.88,true,1,
7290013746238,false,ציפסקוקיס מכוסמין 250 גרם,"דגן מיני מזונות בע""מ",IL,עוגיות ציפס,גרמים,250.00,100 גרם,false,0,24.70,9.88,true,1,
7290013746672,false,עוגיות אגוזים מכוסמין250,"דגן מיני מזונות בע""\מ",IL,עוגיות אגוזים,גרמים,250.00,100 גרם,false,1,24.70,9.88,true,1,
7290013746993,false,קרקר כוסמין חמניות 200ג,"דגן מיני מזונות בע""\מ",IL,קרקר כוסמין תרד,גרמים,200.00,100 גרם,false,1,24.70,12.35,true,1,
7290013787392,false,רביולי גבינות קלאסי 330 גרם ריקו בית יוסף,דודו איטליאן פרודקטס בע\,IL,רביולי במילוי גב,גרמים,330.00,100 גרם,false,1,22.10,6.70,true,1,
7290013787408,false,רביולי בטטה 330 גרם ריקו בית יוסף,דודו איטליאן פרודקטס בע\,IL,רביולי בטטה,גרמים,330.00,100 גרם,false,1,22.10,6.70,true,1,
7290013787415,false,רביולי ריקוטה תרד 330 גרם ריקו בית יוסף,דודו איטליאן פרודקטס בע\,IL,רביולי תרד וריקו,גרמים,330.00,100 גרם,false,1,22.10,6.70,true,1,
7290013847454,false,טונה סטאריקיסט בשמן קנולה רביעייה 160 גר,דיפלומט מפיצים (1968) בעמ**,VN,טונה בשמן 4 יח,גרמים,640.00,100 גרם,false,1,21.20,3.31,true,1,
7290013847645,false,סטארקיסט שלישיות טונה בשמן זית 80 גר`,סטארקיסט דיפלומט היינץ,TR,טונה בשמן זית3יח,גרמים,240.00,100 גרם,false,1,15.30,6.38,true,1,
7290013848017,false,תרסיס ניקוי והברקת נירוסטה,החברה הדרומית לשיווק בעמ,IL,סנו נירוסטה,מיליליטרים,500.00,"100 מ""ל",false,1,17.00,3.40,true,1,
7290013848345,false,מארז מטליות לחיטוי וניקוי יסודי אנטיבקטריאלי 99.9%,החברה הדרומית לשיווק בעמ,IL,מטליות ניקוי 3יח,יחידה,1.00,יחידה,false,1,17.00,17.00,true,1,
7290013848758,false,מקסימה גל כביסה מרוכז בייבי 3ליטר סנסטיב,החברה הדרומית לשיווק בעמ,IL,ג'ל לכביסה בייבי,ליטרים,3.00,ליטר,false,0,29.80,9.93,true,1,
7290013861054,false,צימוקים בשוקולד חלב בקופסא 140 גרם,דין שיווק וקליה 2021 בעמ,IL,צימוק בשוקולד,גרמים,160.00,100 גרם,false,0,12.60,7.88,true,1,
7290013861412,false,המתוקים של ששון קוקוס 250 גרם,דין שיווק וקליה 2021 בעמ,IL,חטיפי קוקוס,גרמים,250.00,100 גרם,false,0,8.30,3.32,true,1,
7290013861429,false,המתוקים של ששון שומשום 250 גרם,דין שיווק וקליה 2021 בעמ,IL,חטיפי שומשום,גרמים,250.00,100 גרם,false,0,8.30,3.32,true,1,
7290013861740,false,ניוקי תפוחי אדמה סו שף 500 ג',דין שיווק וקליה 2021 בעמ,IT,ניוקי,גרמים,500.00,100 גרם,false,0,5.90,1.18,true,1,
7290013861955,false,תערובת פיצוחים 200גרם,שקדיה,IL,תערובת פיצוחים,גרמים,200.00,100 גרם,false,0,20.20,10.10,true,1,
7290013863591,false,חלאבילין סטיק דאודורנט 60 מל,חלאבין,IL,דאו' סטיק חלאבין,מיליליטרים,60.00,"100 מ""ל",false,1,17.00,28.33,true,1,
7290013883407,false,"דזיטול מרסס לחיטוי כללי יעקבי 750 מ""ל",יעקב יעקבי ובניו בע`מ,ES,דזיטול מרסס,מיליליטרים,750.00,"100 מ""ל",false,0,11.00,1.46,true,1,
7290013903327,false,טופו טבעי 500 יח 2 יח נפרדות ליב,ל.י.ב. (לחיות יותר בטבע) בעמ,IL,טופו בטעם טבעי,גרמים,500.00,100 גרם,false,1,12.70,2.54,true,1,
7290013903594,false,רסק תפוחים טבעי 670 גרם ליב,ל.י.ב. (לחיות יותר בטבע) בעמ,IL,רסק תפוחים טבעי,גרמים,670.00,100 גרם,false,1,11.00,1.64,true,1,
7290013906052,false,נקניקיות פרגיות טירת צבי 300 גרם,תנובה מרכז שיתופי לשיווק תוצרת,IL,נקניקיות פרגיות,גרמים,300.00,100 גרם,false,0,11.00,3.67,true,1,
7290013906205,false,פסטרמה שום וצילי טירת צבי (400 גרם),תנובה מרכז שיתופי לשיווק תוצרת,IL,פסטרמה שום+צ'לי,גרמים,400.00,100 גרם,false,0,22.10,5.53,true,1,
7290013906212,false,"נקנקיות וינר טירת 1 ק""ג טירת צבי",תנובה מרכז שיתופי לשיווק תוצרת,IL,נקניקיות וינר,קילוגרמים,1.00,"ק""ג",false,0,21.20,21.20,true,1,
7290013906441,false,קבנוס טירת צבי 120 גרם,תנובה מרכז שיתופי לשיווק תוצרת,IL,קבנוס,גרמים,120.00,100 גרם,false,0,8.40,7.00,true,1,
7290013906458,false,קבנוס בטעם פיקנטי טירת צבי 120 גרם,תנובה מרכז שיתופי לשיווק תוצרת,IL,קבנוס פיקנט,גרמים,120.00,100 גרם,false,0,10.10,8.42,true,1,
7290013906489,false,חטיפי מיני קבנוס טירת צבי 120 גרם,תנובה מרכז שיתופי לשיווק תוצרת,IL,חטיפי קבנוס,גרמים,120.00,100 גרם,false,0,10.10,8.42,true,1,
7290013906687,false,פסט' צמד כפרית ברביקיו ודבש 300X2ג' טירת צבי,תנובה מרכז שיתופי לשיווק תוצרת,IL,צמד כפרי ברביקיו,גרמים,600.00,100 גרם,false,8,25.50,4.25,true,1,
7290013906694,false,נקניקיות שקית קילו וחצי טירת צבי,תנובה מרכז שיתופי לשיווק תוצרת,IL,נקניקיות עוף 1.5,גרמים,1500.00,100 גרם,false,1,30.60,2.04,true,1,
7290013927101,false,אחווה עוגה תפוחים ללא תוספת סוכר 450גר,אחדות ביחר לטחינה חל,IL,עוגת תפוח עץ,גרמים,450.00,100 גרם,false,0,10.10,2.24,true,1,
7290013994080,false,פנה אורגני 400 גר מקמח כוסמין מלא,הרדוף,IT,פנה מקמח כוסמין,גרמים,400.00,100 גרם,false,0,17.00,4.25,true,1,
7290013994387,false,שימורי גרעיני תירס מתוק אורגני 340 גר,אול אורגני,IT,שימורי תירס,גרמים,340.00,100 גרם,false,1,10.10,2.97,true,1,
7290013994394,false,שימורי גרגרי חומוס שלמים אורגני 400 גר,די.אי.אף.אל.אס.אר.אל,IT,חומוס שלם אורגני,גרמים,400.00,100 גרם,false,1,10.10,2.53,true,1,
7290013994554,false,אורז בסמטי לבן 500 אורגני גרם - הרדוף,אול אורגני,IL,אורז בסמטי לבן,גרמים,500.00,100 גרם,false,0,11.00,2.20,true,1,
7290013994585,false,גרעיני דלעת קלופים אורגניים 300 גרם הרדוף,אול אורגני,IL,גרעיני דלעת,גרמים,300.00,100 גרם,false,0,14.40,4.80,true,1,
7290013994653,false,קינואה רויאל אורגני 500 גרם - הרדוף,אול אורגני,IL,קינואה אורגנית,גרמים,500.00,100 גרם,false,1,15.30,3.06,true,1,
7290013994776,false,גרגירי תירס קפוא אורג800,פינגווין,BE,גרגירי תירס קפוא,גרמים,800.00,100 גרם,false,1,20.20,2.53,true,1,
7290013994790,false,לקט ירקות קפוא אורגני800,פינגווין,BE,לקט ירקות קפוא,גרמים,800.00,100 גרם,false,1,20.20,2.53,true,1,
7290013994820,false,הרדוף שומשום שחור אורגני 300 גרם,אול אורגני,IL,שומשום שחור,גרמים,300.00,100 גרם,false,1,8.40,2.80,true,1,
7290013994912,false,"קמח כוסמין 70% אורגני הרדוף 1 ק""ג",עץ השדה,IL,קמח כוסמין 70%,קילוגרמים,1.00,"ק""ג",false,1,18.70,18.70,true,1,
7290014001008,false,דבש מהרי ירושלים 500 גרם,"משק דבורים לין בע""\מ",IL,דבש מהרי ירושלים,גרמים,500.00,100 גרם,false,0,27.60,5.52,true,1,
7290014001930,false,משק לין ממרח עגבניות מיובשות,"משק דבורים לין בע""\מ",IL,ממרח עגבניות,גרמים,185.00,100 גרם,false,1,17.00,9.19,true,1,
7290014002197,false,חליטת קמומיל ולימונית הגן הקסום ויסוצקי 25 יחידות,תה ויסוצקי (ישראל) בעמ,IL,חליטת קמומיל,גרמים,75.00,100 גרם,false,0,16.10,21.47,true,1,
7290014002203,false,חליטת לימונית ולואיזה הגן הקסום ויסוצקי 25 יחידות,תה ויסוצקי (ישראל) בעמ,IL,חליטת לימונית,גרמים,75.00,100 גרם,false,0,16.10,21.47,true,1,
7290014002579,false,תה ירוק וניל ויסוצקי 25 יחידות,תה ויסוצקי (ישראל)בעמ,IL,תה ירוק וניל,גרמים,38.00,100 גרם,false,0,21.20,55.79,true,1,
7290014002944,false,גן קסום חליטת פירות וצמחים חמדת שקד 25 שקיקים,תה ויסוצקי (ישראל) בעמ,IL,חליטת חמדת שקד,גרמים,57.00,100 גרם,false,0,16.10,28.25,true,1,
7290014002982,false,תה ירוק לימונית ולואיזה ויסוצקי 25 יחידות תוספת סטיביה,תה ויסוצקי (ישראל) בעמ,IL,תה ירוק סטיביה,גרמים,37.00,100 גרם,false,0,21.20,57.30,true,1,
7290014015135,false,בצלצלי פנינה לשיפודים,קטיף.,IL,בצלצלי פנינה,קילוגרמים,0.00,"ק""ג",true,1,15.90,15.90,true,1,
7290014021518,false,פרי FREE חטיף אננס קראנצ'י 27 גרם,לנאקו שוואנגטי פודסטאף,CN,חטיף אננס,גרמים,20.00,100 גרם,false,1,9.30,46.50,true,1,
7290014021525,false,פרי FREE חטיף ליצ'י קראנצ'י 27 גרם,לנאקו שוואנגטי פודסטאף,CN,חטיף ליצי,גרמים,20.00,100 גרם,false,1,9.30,46.50,true,1,
7290014021532,false,פרי FREE חטיף אגס קראנצ'י 27 גרם,לנאקו שוואנגטי פודסטאף,CN,חטיף אגסים,גרמים,30.00,100 גרם,false,1,9.30,31.00,true,1,
7290014046016,false,פסטרמה של פעם דל שומן 2% רכיבים טבעיים,מעדני יחיעם ( 1993 ) בע`מ,IL,פסטרמה של פעם,גרמים,250.00,100 גרם,false,0,22.10,8.84,true,1,
7290014046474,false,"נקניקיות עוף יחיעם 1.5 ק""ג",מעדני יחיעם ( 1993 ) בע`מ,IL,נקניקיות עוף,קילוגרמים,1.50,"ק""ג",false,0,22.10,14.74,true,1,
7290014046580,false,פסטרמה מעודנת על גחלים יחיעם (300 גרם),מעדני יחיעם (1993) בעמ,IL,פסטרמה הודו מעוד,גרמים,300.00,100 גרם,false,1,17.00,5.67,true,1,
7290014046757,false,סלמי תה יחיעם (300 גרם),מעדני יחיעם (1993) בעמ,IL,סלמי תה,גרמים,300.00,100 גרם,false,1,17.00,5.67,true,1,
7290014059085,false,"משחת שיניים סנסודיין 75 מ""ל פרימיום לשיקום והגנה","סמית קליין ביצ'ם בע""",GB,משחת סנסודיין,מיליליטרים,75.00,"100 מ""ל",false,0,22.10,29.47,true,1,
7290014059436,false,"משחת שיניים סנסודיין 75 מ""ל פרימיום לשיקום והגנה מלבינה 75 מ""ל","סמית קליין ביצ'ם בע""",GB,משחת סנסודיין,מיליליטרים,75.00,"100 מ""ל",false,0,22.10,29.47,true,1,
7290014059795,false,מכשיר נגד יתושים + 60 טבליות ספירה,זובלה,IT,ספירה מכשיר+טבל',יחידה,1.00,יחידה,false,0,25.30,25.30,true,1,
7290014066366,false,לנדוור-קפסולות אספרסו ריסטרטו(08) - 10יח'12X יח,ש.שסטוביץ בעמ,IL,קפסולות לנדוור,גרמים,50.00,100 גרם,false,1,12.70,25.40,true,1,
7290014066373,false,לנדוור-קפסולות אספרסו קלאסיק(09) - 10יח'12X יח,ש.שסטוביץ בעמ,IL,קפסולות לנדוור,גרמים,50.00,100 גרם,false,1,12.70,25.40,true,1,
7290014066380,false,לנדוור-קפסולות אספרסו סופרימו(10) - 10יח'12X יח,ש.שסטוביץ בעמ,IL,קפסולות לנדוור,גרמים,50.00,100 גרם,false,1,12.70,25.40,true,1,
7290014066533,false,לנדוור-קפסולות אספרסו קלייה כפולה(12) - 10יח'12X יח,ש.שסטוביץ בעמ,IL,קפסולות לנדוור,גרמים,50.00,100 גרם,false,1,12.70,25.40,true,1,
7290014066915,false,קפה טורקי לנדוור100*4גרם,לנדוור,IL,קפה טורקי 4 יח,גרמים,400.00,100 גרם,false,1,21.20,5.30,true,1,
7290014083479,false,גבינה פרוסה גאודה 27% שומן EURO CHEESE ויליפוד 150 גרם,ג.וילי פוד אינטרנשיונל בעמ,IL,גבינת גאודה,גרמים,150.00,100 גרם,false,0,8.40,5.60,true,1,
7290014094062,false,גרעין שחור קלוי 200גרם,שקדיה,IL,גרעין שחור קלוי,גרמים,200.00,100 גרם,false,0,6.60,3.30,true,1,
7290014094116,false,מנצ'ס 200גרם,שקדיה,IL,מנצ'ס,גרמים,200.00,100 גרם,false,0,9.20,4.60,true,1,
7290014094260,false,שיני שום קלוף קמעונאי,קונס`-מרינה פטריות הגליל בעמ*ש,CN,שיני שום קלופות,גרמים,160.00,100 גרם,false,1,10.90,6.81,true,1,
7290014094307,false,סילאן רכיבים טבעיים 380 גר-השקדיה,"דין שיווק וקליה בע""מ",IL,סילאן טבעי,גרמים,360.00,100 גרם,false,0,12.60,3.50,true,1,
7290014094505,false,אורז בסמתי טהור אהרוני 1 ק''ג,דין שיווק וקליה 2021 בעמ,IL,אורז בסמטי,קילוגרמים,1.00,"ק""ג",false,0,8.40,8.40,true,1,
7290014094529,false,רוטב סויה 300 מל- אהרוני,דין שיווק וקליה 2021 בעמ,IL,רוטב סויה,מיליליטרים,300.00,"100 מ""ל",false,0,9.30,3.10,true,1,
7290014094543,false,תרסיס שמן קנולה מזוכך 186 מל שקדיה,דין שיווק וקליה 2021 בעמ,TR,תרסיס שמן קנולה,מיליליטרים,186.00,"100 מ""ל",false,0,12.70,6.83,true,1,
7290014094567,false,"שמן זית כתית מעולה 750מ""ל אהרוני",דין שיווק וקליה 2021 בעמ,IL,שמן זית,מיליליטרים,750.00,"100 מ""ל",false,0,25.50,3.40,true,1,
7290014095021,false,אגוז מלך טבעי150ג שקדיה,שקדיה,IL,אגוז מלך קלוף,גרמים,150.00,100 גרם,false,0,11.80,7.87,true,1,
7290014095052,false,פקאן מסוכר 150גרם,שקדיה,IL,פקאן מסוכר,גרמים,150.00,100 גרם,false,1,16.00,10.67,true,1,
7290014095427,false,אורז יסמין ששון הקול,טפ טוניאטיפ,TH,אורז יהלום,קילוגרמים,5.00,"ק""ג",false,0,21.10,4.22,true,1,
7290014095458,false,חטיף דגנים עם חתיכות תפוז מיובש ושוקולד מריר 125 גר',****דין שיווק וקליה 2021 בעמ,MK,חטיפי גרנולה,גרמים,125.00,100 גרם,false,0,8.50,6.80,true,1,
7290014095953,false,פקאן בציפוי שוקולד בקופסא שקדיה 140 גרם,דין שיווק וקליה 2021 בעמ,IL,פקאן בשוקולד חלב,גרמים,160.00,100 גרם,false,0,12.60,7.88,true,1,
7290014126428,false,מרמולייט סטיביה ממתיק 150 טבליות,מיוצר עי קונדיטוריית,CN,טבליות סטיביה,גרמים,9.00,100 גרם,false,0,24.40,271.11,true,1,
7290014217003,false,פפריקה מעושנת בקופ' 90 גר' טעם וריח,"תבליני טעם וריח בע""מ",IL,פפריקה,גרמים,90.00,100 גרם,false,0,8.50,9.44,true,1,
7290014217010,false,דגים T130 -BUL בקופ' 90 גר' טעם וריח,"תבליני טעם וריח בע""מ",IL,תערובת לדגים,גרמים,90.00,100 גרם,false,0,11.00,12.22,true,1,
7290014217027,false,עוף T130 -BUL בקופ' 120 גר' טעם וריח,"תבליני טעם וריח בע""מ",IL,תערובת לעוף,גרמים,120.00,100 גרם,false,0,11.00,9.17,true,1,
7290014217065,false,אורגנו עלים בקופ' 30 גר' טעם וריח,"תבליני טעם וריח בע""מ",IL,אורגנו,גרמים,30.00,100 גרם,false,0,8.50,28.33,true,1,
7290014217140,false,"מיכל ראס אל חנות 100 גר' ""טעם וריח""","תבליני טעם וריח בע""מ",IL,תיבול רס אל חנות,גרמים,100.00,100 גרם,false,1,8.50,8.50,true,1,
7290014217201,false,"תערובת תיבול סומק 45 גרם ""טעם וריח""","תבליני טעם וריח בע""מ",IL,סומק במיכל,גרמים,45.00,100 גרם,false,1,5.90,13.11,true,1,
7290014217225,false,גריל עוף בקופ' 120 גר' טעם וריח,"תבליני טעם וריח בע""מ",IL,גריל עוף,גרמים,120.00,100 גרם,false,0,8.50,7.08,true,1,
7290014217263,false,תיבול לפרגית בקופ' 100 גר' טעם וריח,"תבליני טעם וריח בע""מ",IL,תערובת לפרגיות,גרמים,100.00,100 גרם,false,1,8.50,8.50,true,1,
7290014217355,false,קרי אבקה בקופ' 100 גר' טעם וריח,"תבליני טעם וריח בע""מ",IL,אבקת קרי,גרמים,100.00,100 גרם,false,0,8.50,8.50,true,1,
7290014217362,false,תיבול לקציצות בקופ' 100 גר' טעם וריח,"תבליני טעם וריח בע""מ",IL,תיבול לקציצות,גרמים,100.00,100 גרם,false,0,8.50,8.50,true,1,
7290014217478,false,תערובת עשבי תיבול איטלקי ים תיכוני 30ג',"תבליני טעם וריח בע""מ",IL,תערובת תבלינים,גרמים,30.00,100 גרם,false,1,8.50,28.33,true,1,
7290014217485,false,תיבול קייג'ון בקופ' 100 גר' טעם וריח,"תבליני טעם וריח בע""מ",IL,תערובת תבלינים,גרמים,100.00,100 גרם,false,1,8.50,8.50,true,1,
7290014217492,false,תיבול פילדלפיה בקופ' 100 גר' טעם וריח,"תבליני טעם וריח בע""מ",IL,תערובת תבלינים,גרמים,100.00,100 גרם,false,1,8.50,8.50,true,1,
7290014217515,false,לציפוי מאפה מלוח מיכל 90 גר` טעם וריח,"תבליני טעם וריח בע""מ",IL,תערובת ציפוי,גרמים,90.00,100 גרם,false,1,8.40,9.33,true,1,
7290014217522,false,לחם שום תערובת מיכל 100 גר`טעם וריח,"תבליני טעם וריח בע""מ",IL,תערובת לחם שום,גרמים,100.00,100 גרם,false,1,8.50,8.50,true,1,
7290014217911,false,תבלין פלפל אדום מתוק בשקית 150 גר,"תבליני טעם וריח בע""\מ",IL,פלפל מתוק שלם,גרמים,150.00,100 גרם,false,1,11.80,7.87,true,1,
7290014218321,false,בורקס אישי יפו גבינה מעדנות 600 גרם,תנובה מרכז שיתופי לשיווק תוצרת,IL,בורקס יפו גבינה,גרמים,600.00,100 גרם,false,1,15.30,2.55,true,1,
7290014218338,false,"בורקס אישי יפו תפו""א מעדנות 600 גרם",מיוצר עי קונדיטוריית,IL,"בורקס יפו תפו""א",גרמים,600.00,100 גרם,false,1,13.50,2.25,true,1,
7290014218932,false,חטיפי פיצה בתוספ זיתים בשקית מעדנות 710 גרם,מיוצר עי קונדיטוריית,IL,חטיפי פיצה בתוספ,גרמים,710.00,100 גרם,false,1,28.90,4.07,true,1,
7290014241589,false,מיקס אגוזים טבעי וחמוציות 150 גרם,פיצוחי הטיב,IL,מיקס אגוזים,גרמים,150.00,100 גרם,false,0,14.40,9.60,true,1,
7290014256620,false,"יין מבעבע קריניאנו באזז יקבי כרמל 750 מ""ל",אגודת הכורמים -כרמל מזרחי,IL,קריניאנו באזז,מיליליטרים,750.00,"100 מ""ל",false,0,23.80,3.17,true,1,
7290014256637,false,"יין מבעבע מוסקטו באזז יקבי כרמל 750 מ""ל",אגודת הכורמים -כרמל מזרחי,IL,מוסקטו באזז,מיליליטרים,750.00,"100 מ""ל",false,0,23.80,3.17,true,1,
7290014258716,false,תרכובת מזון צמחי על בסיס חלבון סויה מגיל לידה,קבוצת אוסם סחר שותפות מוגבלת,IL,מטרנה צמחי,גרמים,700.00,100 גרם,false,0,40.90,5.84,true,1,
7290014258723,false,תרכובת מזון צמחי לתינוקות מגיל 0 עד גיל שנה,קבוצת אוסם סחר שותפות מוגבלת,IL,מטרנה צמחית,גרמים,700.00,100 גרם,false,0,58.00,8.29,true,1,
7290014258730,false,תרכובת מזון צמחי לתינוקות מגיל 12 חודשים ואילך,קבוצת אוסם סחר שותפות מוגבלת,IL,מטרנה צמחית,גרמים,700.00,100 גרם,false,0,58.00,8.29,true,1,
7290014265929,false,יין הר עמשא אדום יבש יתיר 2019 750 מל,אגודת הכורמים,IL,יין יתיר הר עמשא,מיליליטרים,750.00,"100 מ""ל",false,1,93.90,12.52,true,1,
7290014321205,false,קרקר גרעיני פשתן 125 גרם less & more,"ל.ב. סחר ושיווק בע""מ",IL,קרקרים+פשתן,גרמים,125.00,100 גרם,false,1,21.20,16.96,true,1,
7290014397453,false,סנו אוקסיגן גל מסיר כתמים כביסה לבנה 3 ל,החברה הדרומית לשיווק בעמ,IL,מסיר כתמים 3ליטר,ליטרים,3.00,ליטר,false,0,24.70,8.23,true,1,
7290014397507,false,מבשם אויר סנו פרש הום בניחוח מאסק מעודן 350 מ''ל,מיוצר עי קונדיטוריית,IL,סנופרש מאסק מעוד,מיליליטרים,350.00,"100 מ""ל",false,0,9.30,2.66,true,1,
7290014397514,false,"מבשם אויר סנו פרש הום בניחוח כותנה מלטפת 350 מ""ל",החברה הדרומית לשיווק בעמ,IL,סנופרש כותנה,מיליליטרים,350.00,"100 מ""ל",false,0,9.30,2.66,true,1,
7290014397538,false,"מבשם אויר סנו פרש הום בניחוח אביב 350 מ""ל",סנו מפעלי ברונוס בעמ,IL,סנופרש סבון מפנק,מיליליטרים,350.00,"100 מ""ל",false,0,9.30,2.66,true,1,
7290014397729,false,אקונומיקה פיסגה,,IL,אקונומיקה פיסגה,ליטרים,2.00,ליטר,false,0,8.40,4.20,true,1,
7290014397767,false,סנו ריצפז פרש הום 2 ליטר בניחוח כותנה-מרכז,החברה הדרומית לשיווק בעמ,IL,ריצפז פרש הום,ליטרים,2.00,ליטר,false,0,15.20,7.60,true,1,
7290014397842,false,סנו - מט דוחה יתושים נוזלי מכשיר + מילוי 90 לילות,General,IT,סנומט סמארט,יחידה,1.00,יחידה,false,1,35.50,35.50,true,1,
7290014426061,false,משחת שיניים הלו קיטי בטעם ענבים לגיל 2-6,גורי ע.ע.ע. בע`מ,IL,משחת שיניים,מיליליטרים,50.00,"100 מ""ל",false,0,10.10,20.20,true,1,
7290014454422,false,סט גולד LL-W,תעשיות שיק,IL,סט גולד,יחידה,1.00,יחידה,false,1,55.40,55.40,true,1,
7290014455245,false,גבינת גרנה פדנו משולש 29% 200 גרם בית יוסף,מחלבות גד שיווק 1992 בעמ,IT,גבינה גרנה פדנו,גרמים,200.00,100 גרם,false,1,21.50,10.75,true,1,
7290014455252,false,גבינת גרנה פדנו מגורדת 29% גד (100 גרם),מחלבות גד שיווק 1992 בעמ,IT,גבינה גרנה פדנו,גרמים,100.00,100 גרם,false,1,10.10,10.10,true,1,
7290014455320,false,גבינה כדורי מוצרלה פרסקה גד 100ג',מחלבות גד שיווק 1992 בעמ,IL,מוצרלה פרסקה,גרמים,100.00,100 גרם,false,1,8.20,8.20,true,1,
7290014455467,false,ירח מתוק מעדן חלב 2% ושיבולת שועל גד 150ג',מחלבות גד שיווק 1992 בעמ,IL,מעדן שיבולת שועל,גרמים,150.00,100 גרם,false,1,4.70,3.13,true,1,
7290014459373,false,"צ'יפס קראנצ'י לתנור קפוא תפוגן 1.5ק""ג",קבוצת אוסם סחר שותפות מוגבלת,IL,ציפס קראנצי,גרמים,1500.00,100 גרם,false,1,22.90,1.53,true,1,
7290014466128,false,"יין הר חרמון אינדיגו 750 מ""ל",מיוצר וממולא על ידי יקב,IL,הר חרמון אינדיגו,מיליליטרים,750.00,"100 מ""ל",false,0,27.20,3.63,true,1,
7290014471412,false,"מוזלי בוטנים אגוזים ושקדים 1 ק""ג - 412 ירוק שקדיה",דין שיווק וקליה 2021 בעמ,MK,מוזלי אגוזים,קילוגרמים,1.00,"ק""ג",false,0,17.00,17.00,true,1,
7290014471429,false,"מוזלי עם פירות 1 ק""ג - 429 סגול שקדיה",דין שיווק וקליה 2021 בעמ,MK,מוזלי פירות יבש,קילוגרמים,1.00,"ק""ג",false,0,17.00,17.00,true,1,
7290014471443,false,"גרנולה צימוקים אגוזים ושקדים1 ק""ג חדש - 443 כתום שקדיה (כתום)",דין שיווק וקליה 2021 בעמ,MK,גרנולה אגוזים,קילוגרמים,1.00,"ק""ג",false,0,17.00,17.00,true,1,
7290014472426,false,קונפיטורה דובדבן 70% פרי 450 גרם שקדיה,דין שיווק וקליה 2021 בעמ,TR,קונפיטורה דובדבן,גרמים,450.00,100 גרם,false,0,11.70,2.60,true,1,
7290014472433,false,קונפיטורה תות שדה 70% פרי 450 גרם,דין שיווק וקליה 2021 בעמ,TR,קונפיטורה תות,גרמים,450.00,100 גרם,false,0,11.70,2.60,true,1,
7290014501829,false,"יין גליל קברנה סוביניון 750 מ""ל",היכל היין שקד גולן בעמ,,גליל קברנה,יחידה,1.00,יחידה,false,0,59.40,59.40,true,1,
7290014501942,false,"יין גליל מרלו 750מ""ל",היכל היין שקד גולן בעמ,IL,גליל מרלו,מיליליטרים,750.00,"100 מ""ל",false,1,59.70,7.96,true,1,
7290014503137,false,יין אדום יבש יובלים יקב דלתון (750 מל),הכרם - משקאות חריפים בעמ,IL,כנען אדום גליל,מיליליטרים,750.00,"100 מ""ל",false,0,38.40,5.12,true,1,
7290014525016,false,עשיריית חטיף סלים פרוט מרבה יוגורט תות סלים דליס 18.2 גרם,ש.שסטוביץ בעמ,ES,חטיפי דגנים מרבה,גרמים,182.00,100 גרם,false,0,9.30,5.11,true,1,
7290014525290,false,חטיפי סלים דליס קריספי תות מרבה 125 גרם,סלים דליס Slim Delis,NL,סלים דליס חטיפים,גרמים,125.00,100 גרם,false,1,9.30,7.44,true,1,
7290014525313,false,חטיפי סלים דליס קריספי שוקולד מרבה 125 גרם,סלים דליס Slim Delis,NL,סלים דליס חטיפים,גרמים,125.00,100 גרם,false,1,9.30,7.44,true,1,
7290014547322,false,סנסודין זוג מברשות שיניים שיקום כחול+תכל,גורי ע.ע.ע. בעמ,CN,מברשות שיניים2יח,יחידה,1.00,יחידה,false,0,25.50,25.50,true,1,
7290014562462,false,"תרכיז תפוחים 100% טבעי בי & די 650 מ""ל",בטר אנד דיפרנט בעמ,IL,תרכיז תפוחים,מיליליטרים,650.00,"100 מ""ל",false,0,25.50,3.92,true,1,
7290014562752,false,"תרכיז סיידר תפוחים ללס זכוכית בטר אנד דיפרנט 250 מ""ל",בטר אנד דיפרנט,IL,תרכיז סיידר תפוח,מיליליטרים,250.00,"100 מ""ל",false,1,13.50,5.40,true,1,
7290014578777,false,קוקוס תאילנדי,,TH,קוקוס תאילנדי,יחידה,1.00,יחידה,false,0,16.90,16.90,true,1,
7290014673366,false,כורכום טחון תבליני מימון (250 גרם),א.ל. ייצור ושיווק תבלינים בע`מ,IL,כורכום טחון,גרמים,250.00,100 גרם,false,0,19.50,7.80,true,1,
7290014673410,false,פלפל שחור גרוס דק תבליני מימון 250 גרם,א.ל. ייצור ושיווק תבלינים בע`מ,IL,פלפל שחור גרוס,גרמים,250.00,100 גרם,false,0,27.20,10.88,true,1,
7290014674004,false,קריספ פירורי לחם שומשום ומלח ים 300 גרם מיימונס,א.ל.ייצור ושיווק תבלינים בעמ,IL,פירורי לחם קריספ,גרמים,300.00,100 גרם,false,1,6.70,2.23,true,1,
7290014692299,false,גבינת ברי EURO CHEESE ויליפוד 125 גרם,ג.וילי-פוד אינטרנשיונל **גבינו,DK,גבינת ברי,גרמים,125.00,100 גרם,false,0,17.00,13.60,true,1,
7290014692305,false,גבינת קממבר EURO CHEESE ויליפוד 125 גרם,ג.וילי-פוד אינטרנשיונל **גבינו,DK,קממבר,גרמים,125.00,100 גרם,false,0,17.00,13.60,true,1,
7290014692817,false,גבינת מוצרלה מגורדתEURO CHEESE ויליפוד 200 גרם,ג.וילי-פוד אינטרנשיונל **גבינו,IL,מוצרלה מגורדת,גרמים,200.00,100 גרם,false,0,12.60,6.30,true,1,
7290014748651,false,פילה אמנון מצופה נתח שלם דג טוב 360 גרם,קבוצת אוסם סחר שותפות מוגבלת,IL,פילה אמנון מצופה,גרמים,360.00,100 גרם,false,1,29.80,8.28,true,1,
7290014749078,false,מקלוני קבנוס עוף טוב 200 גרם,קבוצת אוסם סחר שותפות מוגבלת,IL,מקלוני קבנוס,גרמים,200.00,100 גרם,false,1,15.30,7.65,true,1,
7290014749245,false,ספיישל רצועות שניצל שומשום עוף טוב 600 גרם,קבוצת אוסם סחר שותפות מוגבלת,IL,צ'ונגו רצועות,גרמים,600.00,100 גרם,false,1,29.80,4.97,true,1,
7290014749764,false,עוף טוב שניצל עוף ביתי עדין כזה 700 גרם,קבוצת אוסם סחר שותפות מוגבלת,IL,שניצל עוף ביתי ע,גרמים,700.00,100 גרם,false,1,38.30,5.47,true,1,
7290014749849,false,שניצל דק ענק קריספי שומשום עוף טוב 720 גרם,קבוצת אוסם סחר שותפות מוגבלת,IL,שניצל עוף דק ענק,גרמים,720.00,100 גרם,false,1,34.10,4.74,true,1,
7290014749863,false,שניצל דק ענק קריספי צ'יפס עוף טוב 720 גרם,קבוצת אוסם סחר-שות.מוגבלת,IL,שניצל עוף דקענק,גרמים,720.00,100 גרם,false,1,34.10,4.74,true,1,
7290014749887,false,שניצל דק ענק קריספי קלאסי עוף טוב 720 גרם,קבוצת אוסם סחר שותפות מוגבלת,IL,שניצל עוף דק ענק,גרמים,720.00,100 גרם,false,1,34.10,4.74,true,1,
7290014758100,false,מאגדת יוגורט ביו 3% שומן 8 יח' *150ג' תנובה,מיוצר עי קונדיטוריית,IL,יוגורט ביו 8 יח,קילוגרמים,1.20,"ק""ג",false,0,14.40,12.00,true,1,
7290014758117,false,מאגדת יוגורט ביו 1.5% שומן 8 יח' *150 ג' תנובה,מיוצר עי קונדיטוריית,IL,יוגורט ביו 8 יח,קילוגרמים,1.20,"ק""ג",false,0,14.40,12.00,true,1,
7290014758162,false,חלב עיזים מלא 3.6% שומן תנובה (1 ליטר),תנובה מרכז שיתופי לש,IL,חלב עיזים מלא 1ל,ליטרים,1.00,ליטר,false,0,12.70,12.70,true,1,
7290014758681,false,גבינת קוטג`1% בגביע תנובה (250 גרם),מיוצר עי קונדיטוריית,IL,קוטג 1% שומן,גרמים,250.00,100 גרם,false,0,4.70,1.88,true,1,
7290014759084,false,גבינת שמנת נפוליאון 16% מופחת שומן תנובה 225 גרם,תנובה מרכז שיתופי לש,IL,גבינת נפוליאון,גרמים,225.00,100 גרם,false,0,11.80,5.24,true,1,
7290014759909,false,פטה עיזים 5% 250 גר`גביע פיראוס תנובה,"תנובה, מחלבת טנא נוג",IL,פטה עיזים פיראוס,גרמים,250.00,100 גרם,false,0,24.20,9.68,true,1,
7290014759978,false,קצ`קאבל פלח גלעד 200 גר`קולקשיין תנובה,"תנובה בע""מ ***",IL,גב.קשקבל / גלעד,גרמים,200.00,100 גרם,false,0,22.70,11.35,true,1,
7290014759985,false,פרמזן פלח גבע 23% 200 גר`קולקשיין תנובה,תנובה - חלב,IL,גבינת פרמזן/גבע,גרמים,200.00,100 גרם,false,0,21.70,10.85,true,1,
7290014759992,false,פלח רוקפור גליל 26% 140 גר`קולקשיין תנו,"תנובה, מחלבת תל יוסף",IL,קולאז' רוקפור,גרמים,140.00,100 גרם,false,0,15.80,11.29,true,1,
7290014760134,false,"מעדן סויה בטעם וניל תנובה 125 מ""ל","תנובה בע""מ ***",IL,מעדן סויה וניל,גרמים,125.00,100 גרם,false,1,3.50,2.80,true,1,
7290014760141,false,משקה שקדים טרי תנובה (1 ליטר),"תנובה בע""מ ***",IL,משקה שקדים,ליטרים,1.00,ליטר,false,1,11.00,11.00,true,1,
7290014760448,false,גבינה צהובה גלבוע 400 גרם 22% שומן תנובה,מחלבת בית יצחק,IL,גבינת גלבוע,גרמים,400.00,100 גרם,false,1,20.40,5.10,true,1,
7290014760912,false,גבינה צהובה 28% מהדרין גוש חלב (400 גרם),תנובה מרכז שיתופי לש,IL,גבינה גוש חלב,גרמים,400.00,100 גרם,false,1,22.20,5.55,true,1,
7290014761056,false,מעדן שוקולד חלב יולו תנובה 123 גרם,מיוצר עי קונדיטוריית,IL,יולו שוקולד חלב,גרמים,123.00,100 גרם,false,0,4.00,3.25,true,1,
7290014761063,false,מעדן שוקולד מריר יולו תנובה 123 גרם,מיוצר עי קונדיטוריית,IL,יולו שוקולד מריר,גרמים,123.00,100 גרם,false,0,4.00,3.25,true,1,
7290014761070,false,מעדן שוקולד לבן יולו תנובה 123 גרם,מיוצר עי קונדיטוריית,IL,יולו שוקולד לבן,גרמים,123.00,100 גרם,false,0,4.00,3.25,true,1,
7290014761414,false,יולו מעדן שכבות שוקולד חלב ולבן 123 גר,מיוצר עי קונדיטוריית,IL,יולו שכבות שוקו.,גרמים,123.00,100 גרם,false,0,4.00,3.25,true,1,
7290014761612,false,מעדן שכבות שוקולד מריר ולבן יולו 122 גרם,מיוצר עי קונדיטוריית,IL,יולו שכבות שוקו.,גרמים,122.00,100 גרם,false,1,4.00,3.28,true,1,
7290014762756,false,גבינת שמנת נפוליאון 16% עם בצל תנובה 225 גרם,תנובה - חלב,IL,גבינת נפוליאון,גרמים,225.00,100 גרם,false,1,11.80,5.24,true,1,
7290014762800,false,מעדן סויה שוקולד גביע 125 גרם אלטרנטיב,תנובה מרכז שיתופי לש,IL,מעדן סויה ט.שוקו,גרמים,125.00,100 גרם,false,1,3.50,2.80,true,1,
7290014762831,false,גבינת שמנת נפוליאון 16% עם פלפל חלפיניו תנובה 225 גרם,תנובה מרכז שיתופי לש,IL,גבינת נפוליאון,גרמים,225.00,100 גרם,false,1,11.80,5.24,true,1,
7290014762848,false,גבינה צהובה מגורדת 22% שומן 500 ג' פתיתי גלבוע,גלבוע - תנובה,IL,פתיתי גלבוע,גרמים,500.00,100 גרם,false,1,28.10,5.62,true,1,
7290014762909,false,פתיתי מוצרלה השף הלבן 10% תוספת מתנה,"תנובה, מחלבת תל יוסף",IL,פתיתי מוצרלה200ג,גרמים,200.00,100 גרם,false,1,13.50,6.75,true,1,
7290014762947,false,לאבנה גלילית 11% שומן 750 ג' פיראוס,תנובה,IL,לאבנה גלילית 11%,גרמים,750.00,100 גרם,false,1,20.20,2.69,true,1,
7290014763272,false,יוגורט סויה BIO לשתיה תות ובננה אלטרנטיב,תות תעשיות מזון (201,IL,משקה סויה ביו,מיליליטרים,250.00,"100 מ""ל",false,1,5.00,2.00,true,1,
7290014763395,false,גבינה צהובה עמק פרוס 28% 600 גרם מהדרין,תנובה מרכז שיתופי לש,IL,עמק 28% 600גרם,גרמים,600.00,100 גרם,false,1,26.40,4.40,true,1,
7290014789913,false,עוגיות אוראו קרם בטעם וניל מארז 176 גרם,דיפלומט מפיצים (1968) בעמ**,UA,עוגיות אוראו 3יח,גרמים,528.00,100 גרם,false,0,18.70,3.54,true,1,
7290014791091,false,"שוופס מוגז פירות לימונייד 500 מ""ל",יפאורה - שותפות מוגבלת לשיווק,IL,שוופס לימונייד,מיליליטרים,500.00,"100 מ""ל",false,0,5.00,1.00,true,1,
7290014791725,false,"שוופס מוגז פירות תפוחים 500 מ""ל",יפאורה - שותפות מוגבלת לשיווק,IL,שוופס מוגז תפוח,מיליליטרים,500.00,"100 מ""ל",false,1,5.00,1.00,true,1,
7290014855434,false,מגבונים בייביסיטר פרפורמנס מבושם רביעיה,בייביסיטר Babysitter,IL,מגבונים לחים 4יח,יחידה,1.00,יחידה,false,1,14.40,14.40,true,1,
7290014855458,false,מגבוני בייביסיטר פרפורמנס ללא בישום מארז 72X4יח',בייביסיטר Babysitter,IL,מגבונים לחים 4יח,יחידה,1.00,יחידה,false,1,14.40,14.40,true,1,
7290014860070,false,"מקלוני אורז ללא גלוטן 5 מ""מ 454גר' (אור)",מזרח ומערב יבוא ושיווק,TH,מקלוני אורז,גרמים,454.00,100 גרם,false,0,9.30,2.05,true,1,
7290014890145,false,גבינת שמנת טבעי 225 גרם יעקובס,גבינות משק יעקבס,IL,גבינת שמנת,גרמים,225.00,100 גרם,false,1,10.20,4.53,true,1,
7290014890176,false,ריקוטה סגנון איטלק5% 250,מחלבת משק יעקובס,IL,גבינת ריקוטה,גרמים,250.00,100 גרם,false,1,11.50,4.60,true,1,
7290014890206,false,קרם פרש 250גרם יעקוב,מחלבת משק יעקובס,IL,קרם פרש,גרמים,250.00,100 גרם,false,1,13.20,5.28,true,1,
7290014890237,false,גבינת קממברט יעקבס 125 גרם,גבינות משק יעקבס,IL,קממברט,גרמים,125.00,100 גרם,false,1,14.40,11.52,true,1,
7290014901247,false,"שמפו קרטין לאחר החלקה ועיצוב בחום סטייל 750 מ""ל",א.ל. ארמן ייצור תמרו,IL,שמפו קרטין,מיליליטרים,750.00,"100 מ""ל",false,0,21.20,2.83,true,1,
7290014901254,false,"מרכך קרטין לאחר החלקה ועיצוב בחום סטייל 750 מ""ל",א.ל ארמן ייצור תמרוק,IL,מרכך קרטין,מיליליטרים,750.00,"100 מ""ל",false,0,21.20,2.83,true,1,
7290014901261,false,"מסכה קרטין לאחר החלקה ועיצוב בחום סטייל 500 מ""ל",א.ל ארמן ייצור תמרוק,IL,מסכת קרטין,מיליליטרים,500.00,"100 מ""ל",false,0,29.80,5.96,true,1,
7290014901308,false,משחת שיניים לשיניים רגישות Complete protection,"סמית קליין ביצ'ם בע""",GB,משחת סנסודיין,מיליליטרים,75.00,"100 מ""ל",false,0,22.10,29.47,true,1,
7290014901896,false,"מי פה סנסודיין מנטה מרענן 500 מ""ל",גלקסוסמיתקליין,GB,סנסודיין מי פה,מיליליטרים,500.00,"100 מ""ל",false,1,23.80,4.76,true,1,
7290014910515,false,שימורי דגים שפרוטים מעושנים בשמן צמחי 250 גרם,יורוסטנדרט בעמ,LV,שפרוטים מעושנים,גרמים,250.00,100 גרם,false,1,10.10,4.04,true,1,
7290014940901,false,לחם פשוט מלא לילדים פרוס אנג`ל (750 גרם),מאפיית שלמה א. אנג'\ל בע,IL,לחם מלא,גרמים,750.00,100 גרם,false,1,12.70,1.69,true,1,
7290014962538,false,משחת שיניים ג'וניור מנטה מעודן לגילאי 6+,כצט CTS,IL,משחת שיניים,מיליליטרים,50.00,"100 מ""ל",false,0,9.30,18.60,true,1,
7290014974593,false,גביעי גלידה 12 מגולגל ללא גלוטן גילרו*,ח.כהן סוכנות מזון ומשקאות בע,IL,גביעי גלידה,גרמים,132.00,100 גרם,false,1,14.40,10.91,true,1,
7290015009317,false,נאצו'ס תירס טבעי 200 גרם,אוקי סנייקס,DK,נאצ'וס תירס טבעי,גרמים,200.00,100 גרם,false,1,11.00,5.50,true,1,
7290015009324,false,נאצו'ס תירס ברביקיו 200 גרם,אוקיי סנקס,DK,נאצ'וס ברביקיו,גרמים,200.00,100 גרם,false,1,11.00,5.50,true,1,
7290015009393,false,זיתים שחורים מגולענים מזן קלמטה בחיי מלח,אידיאל סנייק,GR,זית שחור מגולען,גרמים,430.00,100 גרם,false,1,14.40,3.35,true,1,
7290015009409,false,זיתים שחורים מזן טאסוס במלח 250 גרם,אידיאל סנייק,GR,זיתים שחור מיובש,גרמים,250.00,100 גרם,false,1,14.40,5.76,true,1,
7290015025942,false,"קרם ידיים קלאסי עם שמן שקדים פנג'ל 80 מ""ל",מיוצר עי קונדיטוריית,IL,קרם ידיים פנג'ל,מיליליטרים,80.00,"100 מ""ל",false,1,6.80,8.50,true,1,
7290015037273,false,פטרוזיליה אוצר הארץ - מהדרין,יעל ירק עלים לשיווק בעמ,IL,פטרוזיליה א.הארץ,יחידה,1.00,יחידה,false,0,6.40,6.40,true,1,
7290015037280,false,כוסברה אוצר הארץ - מהדרין,יעל ירק עלים לשיווק בעמ,IL,כוסברה,יחידה,1.00,יחידה,false,0,6.40,6.40,true,1,
7290015037297,false,שמיר אוצר הארץ - מהדרין,יעל ירק עלים לשיווק בעמ,IL,שמיר,יחידה,1.00,יחידה,false,0,6.40,6.40,true,1,
7290015037396,false,נענע אוצר הארץ - מהדרין,"בכורי השדה צפון1994 ג.ד. בע""מ",IL,נענע,יחידה,1.00,יחידה,false,0,6.40,6.40,true,1,
7290015037419,false,סלרי אמריקאי אוצר הארץ,"בכורי השדה צפון1994 ג.ד. בע""מ",IL,סלרי,יחידה,1.00,יחידה,false,0,7.90,7.90,true,1,
7290015037433,false,חסה ערבית אוצר הארץ יחיד,"בכורי השדה צפון1994 ג.ד. בע""מ",IL,חסה ערבית,יחידה,1.00,יחידה,false,0,7.90,7.90,true,1,
7290015039055,false,"רוטב צ'ילי חריף תאילנדי וילי פוד 700 מ""ל",ג.וילי פוד אינטרנשיונל בעמ,TH,רוטב צ'ילי חריף,מיליליטרים,700.00,"100 מ""ל",false,0,8.90,1.27,true,1,
7290015039246,false,נתחי טונה בשמן צמחי רביעיה * 160 ג' וילי פוד,ג.וילי-פוד אינטרנשיונל בעמ,TH,נתחי טונה בשמן,גרמים,640.00,100 גרם,false,0,18.70,2.92,true,1,
7290015039338,false,נתחי טונה במי מלח רביעיה * 160 ג' וילי פוד,ג.וילי-פוד אינטרנשיונל בעמ,TH,נתחי טונה במים,גרמים,640.00,100 גרם,false,0,18.70,2.92,true,1,
7290015055000,false,עגבניה שרי ליקופ,,IL,עגבניה שרי ליקופ,גרמים,460.00,100 גרם,false,0,9.90,2.15,true,1,
7290015081948,false,אולטרסול ספורט MAX קרם גל לפנים 75 SPF50,פישר מעבדות פרמצבטיות בע,IL,אולטרסול קידס,מיליליטרים,75.00,"100 מ""ל",false,1,42.60,56.80,true,1,
7290015129121,false,אטריות גל קונג`אק נודלס ללא גלוטן סקיני,הוויזאי וואנגייה פוד,CN,אטריות קונגאק,גרמים,270.00,100 גרם,false,0,9.30,3.44,true,1,
7290015129145,false,אטריות קונג'אק בתוספת טפיוקה בצורת ספגטי,הוויזאי וואנגייה פוד,CN,אטריות קונגאק,גרמים,270.00,100 גרם,false,0,9.30,3.44,true,1,
7290015129220,false,איטריות גל קונג`אק בצורת קוסקוס סקיני פס,אף.סי תבליני בגליל ב,CN,פסטה קונגאק,גרמים,270.00,100 גרם,false,1,9.30,3.44,true,1,
7290015129251,false,איטריות גל קונג`אק בצורת פסטה פטוצ`יני ס,אף.סי תבליני בגליל ב,CN,פסטה קונגאק,גרמים,270.00,100 גרם,false,1,9.30,3.44,true,1,
7290015129312,false,תבשיל מרק עם אטריות קונגאק סקיני סופ בטע,אף.סי תבליני בגליל ב,CN,סקיני סופ,גרמים,234.00,100 גרם,false,1,13.50,5.77,true,1,
7290015129749,false,סקיני פסטה שיבולת שועל נודלס 270 גרם,הוויזאי וואנגייה,CN,פסטה שיבולת שועל,גרמים,270.00,100 גרם,false,1,9.30,3.44,true,1,
7290015139267,false,שוקולד מריר עם שקדים ללא תוספת סוכר וסטהיים,כרמית תעשיות ממתקים בעמ,IL,שוקולד מריר,גרמים,85.00,100 גרם,false,1,5.00,5.88,true,1,
7290015150088,false,מחית עגבניות קלה גרנד איטליה 700 גרם,תה ויסוצקי (ישראל) בעמ,IT,מחית עגבניות,גרמים,700.00,100 גרם,false,1,10.50,1.50,true,1,
7290015150118,false,שלישיית עגבניות חתוכות דק גרנד איטליה 400 גרם,תה ויסוצקי (ישראל) בעמ,IT,עגבניות חתוכות,קילוגרמים,1.20,"ק""ג",false,1,15.00,12.50,true,1,
7290015150200,false,עגבניות חתוכות דק גרנד איטליה ויסוצקי,תה ויסוצקי (ישראל)בעמ,IT,עגבניות חתוכות,גרמים,400.00,100 גרם,false,1,5.00,1.25,true,1,
7290015150590,false,תה ירוק ג'ינג'ר חריף ויסוצקי 25 יחידות,תה ויסוצקי (ישראל) בעמ,IL,תה ירוק ויסוצקי,גרמים,37.00,100 גרם,false,1,21.20,57.30,true,1,
7290015150903,false,תה ירוק קינמון ודבש ויסוצקי 25 יחידות,תה ויסוצקי (ישראל) בעמ,IL,תה ירוק ויסוצקי,גרמים,37.00,100 גרם,false,1,21.20,57.30,true,1,
7290015155823,false,מחית תפוחי עץ חטיפטף ללא תוספת סוכר,גורי מוצרי צריכה (1991) בעמ,CZ,חטיפטף פרינוק,גרמים,120.00,100 גרם,false,1,5.00,4.17,true,1,
7290015155830,false,מחית תפוחי עץ ובננה חטיפטף ללא תוספת סוכר,גורי מוצרי צריכה (1991) בעמ,CZ,חטיפטף פרינוק,גרמים,120.00,100 גרם,false,1,5.00,4.17,true,1,
7290015155847,false,מחית סלט פירות חטיפטף ללא תוספת סוכר,גורי מוצרי צריכה (1991) בעמ,CZ,חטיפטף פרינוק,גרמים,120.00,100 גרם,false,1,5.00,4.17,true,1,
7290015156790,false,מחית לפתן פירות חטיפטף ללא תוספת סוכר,גורי מוצרי צריכה (1991) בעמ,CZ,חטיפטף פרינוק,גרמים,120.00,100 גרם,false,1,5.00,4.17,true,1,
7290015161152,false,גרנולה מפתיתי כוסמין בתוספת פירות ואגוזים,נוטרה זן NutraZen,IL,גרנולה כוסמין,גרמים,300.00,100 גרם,false,1,22.90,7.63,true,1,
7290015161244,false,"קרם קוקוס 17% אורגני ללא גלוטן 400 מ""ל נוטרה זן","אינסטנטה בע""מ",LK,קרם קוקוס אורגני,מיליליטרים,400.00,"100 מ""ל",false,1,8.40,2.10,true,1,
7290015161527,false,שוקוצ'יק אורגני 250גר,שופ@שולצ,DE,שוקוצ'יק אורגני,גרמים,250.00,100 גרם,false,1,22.10,8.84,true,1,
7290015161541,false,קוואקר שיבולת שועל אינסטנט ללא גלוטן - 400 גרם,י.איטליאנו אחזקות בעמ,DK,"קוואקר דק לל""ג",גרמים,400.00,100 גרם,false,1,17.00,4.25,true,1,
7290015161589,false,פת פריכה אורגנית ללא גלוטן ירקות גינה 100 גרם,אקסטרודו בצ'\יצה,CZ,קרקר פריך,גרמים,100.00,100 גרם,false,1,10.10,10.10,true,1,
7290015161831,false,פת פריכה אורגנית ללא גלוטן - אמרנט 100 ג,אקסטרודו בצ'\יצה,CZ,פת פריכה,גרמים,100.00,100 גרם,false,1,11.50,11.50,true,1,
7290015161848,false,פת פריכה אורגנית ללא גלוטן - כוסמת וקינואה 100 גרם,י.איטליאנו אחזקות בעמ,CZ,פת פריכה,גרמים,100.00,100 גרם,false,1,11.50,11.50,true,1,
7290015161855,false,פת פריכה אורגנית ללא גלוטן - קינואה וחרובים 100 גרם,אקסטרודו בצ'\יצה,CZ,פת פריכה,גרמים,100.00,100 גרם,false,1,10.10,10.10,true,1,
7290015161879,false,פת פריכה אורגנית PRO ללא גלוטן עדשים אדומות וחומות 100 ג',אקסטרודו בצ'\יצה,CZ,פת פריכה עדשים,גרמים,100.00,100 גרם,false,1,14.40,14.40,true,1,
7290015161930,false,"פסטPRO קסרצ'ה פתיתים אורגניים, ללא גלוטן",י.איטליאנו אחזקות בעמ,IT,פסטה אורגנית,גרמים,250.00,100 גרם,false,1,15.30,6.12,true,1,
7290015161978,false,פסטPRO עדשים אדומות חומוס ופשתן GF אורגנית 250 ג,י.איטליאנו אחזקות בעמ,IT,פסטה אורגניים,גרמים,250.00,100 גרם,false,1,15.30,6.12,true,1,
7290015161992,false,"פסטPRO קסרצ'ה פתיתים אורגניים, ללא גלוטן",י.איטליאנו אחזקות בעמ,IT,פסטה אורגניים,גרמים,250.00,100 גרם,false,1,15.30,6.12,true,1,
7290015164856,false,רוטב קארי אדומה 400 גרם SUREE כשר,מזרח ומערב יבוא ושיווק,TH,מחית קארי אדומה,גרמים,400.00,100 גרם,false,0,17.00,4.25,true,1,
7290015174398,false,שמן זית כתית מעולה 1.5ל,.,IL,שמן זית כתית,ליטרים,1.50,ליטר,false,1,50.70,33.80,true,1,
7290015176361,false,מברשת שיניים חשמלית למבוגרים-FJ-TBFJ-ABLUE,פוגיקום בעמ,CN,מברשת שיניים,יחידה,1.00,יחידה,false,1,37.50,37.50,true,1,
7290015176378,false,מברשת שיניים חשמלית למבוגרים-FJ-TBFJ-APURPLE,פוגיקום בעמ,CN,מברשת שיניים,יחידה,1.00,יחידה,false,1,37.50,37.50,true,1,
7290015176392,false,מברשת שיניים חשמלית פוג'יקום לילד ורוד,פוגיקום בעמ,CN,מברשת שיניים,יחידה,1.00,יחידה,false,1,37.50,37.50,true,1,
7290015193269,false,שמן שומשום שחור 100%טהור,הו צ'קינג הינג אוי פ,SG,שמן שומשום,מיליליטרים,150.00,"100 מ""ל",false,1,11.80,7.87,true,1,
7290015194204,false,דגני מולטי כוכבים 600גXL,אשבול,IL,מולטי כוכבים600ג,גרמים,600.00,100 גרם,false,1,11.00,1.83,true,1,
7290015194235,false,דגני מולטי שוקולד600גXL,אשבול,IL,מולטי שוקולד600ג,גרמים,600.00,100 גרם,false,1,11.00,1.83,true,1,
7290015324007,false,פלפל שחור גרוס 80 גר' טעם וריח,"תבליני טעם וריח בע""מ",IL,פלפל שחור גרוס,גרמים,80.00,100 גרם,false,0,8.40,10.50,true,1,
7290015324014,false,"פלפל שחור טחון בשקית 80 גרם ""טעם וריח""","תבליני טעם וריח בע""מ",IL,פלפל שחור טחון,גרמים,80.00,100 גרם,false,0,8.40,10.50,true,1,
7290015324038,false,פפריקה מתוקה בשמן 100 גרם טעם וריח,"תבליני טעם וריח בע""מ",IL,פפריקה בשמן,גרמים,80.00,100 גרם,false,0,5.10,6.38,true,1,
7290015324045,false,תבלין פפריקה חריפה 80 גר' שק',"תבליני טעם וריח בע""מ",IL,פפריקה חריפה,גרמים,80.00,100 גרם,false,0,5.00,6.25,true,1,
7290015324052,false,פפריקה מתוקה 80 גר' טעם וריח,"תבליני טעם וריח בע""מ",IL,פפריקה מתוקה,גרמים,80.00,100 גרם,false,0,5.00,6.25,true,1,
7290015324069,false,גריל עוף 80 גר' טעם וריח,"תבליני טעם וריח בע""מ",IL,גריל עוף,גרמים,80.00,100 גרם,false,0,5.00,6.25,true,1,
7290015324083,false,מלח לימון 80 גר' טעם וריח,"תבליני טעם וריח בע""מ",IL,מלח לימון,גרמים,80.00,100 גרם,false,0,5.00,6.25,true,1,
7290015324090,false,כמון טחון 80 גר' טעם וריח,"תבליני טעם וריח בע""מ",IL,כמון,גרמים,80.00,100 גרם,false,0,5.10,6.38,true,1,
7290015324106,false,כורכום טחון 80 גר' טעם וריח,"תבליני טעם וריח בע""מ",IL,כורכום,גרמים,80.00,100 גרם,false,0,5.10,6.38,true,1,
7290015324113,false,טעם וריח בהרט שקית 8,"תבליני טעם וריח בע""מ",IL,בהרט,גרמים,80.00,100 גרם,false,0,5.10,6.38,true,1,
7290015324168,false,שק 80 גרם על האש ללא מונוסטדיום,"תבליני טעם וריח בע""מ",IL,על האש,גרמים,80.00,100 גרם,false,0,5.00,6.25,true,1,
7290015324281,false,"בצל מטוגן שקית 200 גרם""טעם וריח""",תבליני טעם וריח בעמ,NL,שבבי בצל מטוגן,גרמים,200.00,100 גרם,false,1,8.40,4.20,true,1,
7290015324571,false,פפריקה מתוקה בשמן בסגנון מרוקאי 400גרם.,"תבליני טעם וריח בע""\מ",IL,פפריקה מתוק בשמן,גרמים,400.00,100 גרם,false,1,15.30,3.83,true,1,
7290015324656,false,זעפרן ספרדי יחידה0.5,"תבליני טעם וריח בע""מ",ES,זעפרן,יחידה,1.00,יחידה,false,1,17.00,17.00,true,1,
7290015335607,false,יוגונאט טבעי 150גר' ניה,טרופיקל דגיל תעשיות,IL,מעדן ביו טבעי,גרמים,150.00,100 גרם,false,1,5.90,3.93,true,1,
7290015350150,false,יין אדום חצי יבש של סגל (750 מל),"כרמי צבי - אחים סגל בע""\",IL,יין אדום חצי יבש,מיליליטרים,750.00,"100 מ""ל",false,1,18.70,2.49,true,1,
7290015350242,false,שטוק 84 משקה כוהלי על בסיס ברנדי בטעם דבש,טמפו משקאות בעמ,IL,ברנדי שטוק 84,מיליליטרים,750.00,"100 מ""ל",false,1,68.30,9.11,true,1,
7290015366250,false,"סטייל - ספריי קרטין לשיער 120 מ""ל",א.ל. ארמן,IL,ספריי קרטין,מיליליטרים,100.00,"100 מ""ל",false,1,29.80,29.80,true,1,
7290015366342,false,ספירה - מילוי נוזלי להרחקת יתושים 2 יח',גורי ע.ע.ע. בעמ,IT,ספירה מילוי זוג,יחידה,1.00,יחידה,false,1,19.40,19.40,true,1,
7290015366359,false,מכשיר ספירה 8 שעות+נוזל להרחקת יתושים 45 לילות,זובלה הולדינגס ס.פ.א,IT,ספירה מכשיר+רפיל,יחידה,1.00,יחידה,false,1,29.80,29.80,true,1,
7290015366366,false,ספירה - מכשיר חשמלי ו2 יחידות מילוי נוזלי להרחקת יתושים 90 לילות,גורי ע.ע.ע. בעמ,IL,ספירה מכשיר+רפיל,יחידה,1.00,יחידה,false,1,36.60,36.60,true,1,
7290015366380,false,ספירה אנתוש ספריי דוחה יתושים 70 מל,סאסא קוסמטיקס,IL,ספירה ספריי,מיליליטרים,70.00,"100 מ""ל",false,1,12.70,18.14,true,1,
7290015366663,false,"משחת שיניים מנטה עדין אקווה פרש 100 מ""ל",גלקסוסמיתקליין,SK,משחה אקווה פרש,מיליליטרים,100.00,"100 מ""ל",false,1,6.70,6.70,true,1,
7290015366670,false,משחת שיניים בטעם מנטה אקוהפרש (100 מל),גלקסוסמיתקליין,SK,משחה אקווה פרש,מיליליטרים,100.00,"100 מ""ל",false,1,6.70,6.70,true,1,
7290015366717,false,"מסיכה לשיער ארגן קוקוס סטייל 500 מ""ל",א.ל ארמן יצור תמרוקים,IL,מסכה סטייל,מיליליטרים,500.00,"100 מ""ל",false,1,29.90,5.98,true,1,
7290015366748,false,"שמן לשיער ארגן קוקוס סטייל 120 מ""ל",א.ל ארמן,IL,שמן לשיער סטייל,מיליליטרים,120.00,"100 מ""ל",false,1,41.70,34.75,true,1,
7290015397476,false,יעה+מברשת יח,מיקסליר,IT,יעה+מברשת,יחידה,1.00,יחידה,false,1,12.70,12.70,true,1,
7290015470391,false,קרם ידיים מועשר בשמן זית לעור רגיל עד יבש,"דנשר (1963) בע,מ",IL,קרם ידיים פנג'ל,מיליליטרים,100.00,"100 מ""ל",false,1,8.40,8.40,true,1,
7290015596831,false,"קרם גוף מעושר בשמן אבוקדו אפקטיב קר ד""ר פישר",פישר תעשיות פרמבצטיות בעמ,IL,קרפ גוף אפקטיב,מיליליטרים,450.00,"100 מ""ל",false,1,18.70,4.15,true,1,
7290015597326,false,מאגדת קרחוני אייס לייט 3 טעמים 260 גר,"גלידת שטראוס בע""\מ, רחוב",IL,מאגדת אייס לייט,גרמים,312.00,100 גרם,false,1,22.90,7.34,true,1,
7290015599016,false,צהובה טבעונית עם זיתים 200 גרם,אריויה ס.א.,GR,צהובה טבעונית,גרמים,200.00,100 גרם,false,0,20.70,10.35,true,1,
7290015599023,false,VEGA צהובה טבעונית בטעם קלאסי 200 גרם,וגה מוצרים טבעוניים VEGA,GR,צהובה טבעונית,גרמים,200.00,100 גרם,false,0,20.70,10.35,true,1,
7290015599054,false,פרוסות צהובה טבעונית בטעם גבינת צ'דר,וגה מוצרים טבעוניים VEGA,GR,צהובה טבעונית,גרמים,200.00,100 גרם,false,0,20.70,10.35,true,1,
7290015599061,false,VEGA צהובה טבעונית בטעם מוצרלה 200 גרם,וגה מוצרים טבעוניים VEGA,GR,צהובה טבעונית,גרמים,200.00,100 גרם,false,1,20.70,10.35,true,1,
7290015599078,false,פרוסות צהובה טבעונית בתוספת עשבי תיבול,וגה מוצרים טבעוניים VEGA,GR,צהובה טבעונית,גרמים,200.00,100 גרם,false,0,20.70,10.35,true,1,
7290015599191,false,VEGA ממרח טבעוני בסגנון גבינת שמנת בטעם קלאסי 170 גרם,ביוטי איילנד פודס בע,GB,ממרח טבעוני,גרמים,170.00,100 גרם,false,1,16.10,9.47,true,1,
7290015599214,false,שמרים יבשים בתוספת ויטמינים 110 ג NOOCH,רד סטאר וסט קומפני,US,שמרים יבשים,גרמים,110.00,100 גרם,false,1,16.60,15.09,true,1,
7290015599504,false,VEGA ממרח בטעם חמאה אורגני 225 גרם,גוד פוד פרודקטס S.p,DK,ממרח טעם חמאה,גרמים,225.00,100 גרם,false,1,16.10,7.16,true,1,
7290015599719,false,VEGA פרמזן טבעוני 150 גרם,המאפיה של הרמן,GR,צהובה טבעונית,גרמים,150.00,100 גרם,false,1,21.20,14.13,true,1,
7290015599740,false,אמפנדה במילוי טחון מהצומח 400 גרם,,IL,אמפנדה מן הצומח,גרמים,400.00,100 גרם,false,1,25.50,6.38,true,1,
7290015603201,false,אטריות מחיטה מלאה 454ג' (כ) (fu),קסמיאן קסינגשנג פודסטטפס,CN,איטריות קמח מלא,גרמים,454.00,100 גרם,false,1,10.10,2.22,true,1,
7290015603218,false,אטריות עם עגבניה מזרח מערב 454 גרם,מזרח ומערב יבוא ושיווק,CN,איטריות עם עגבני,גרמים,454.00,100 גרם,false,1,8.40,1.85,true,1,
7290015603546,false,"שימורי קרם קוקוס 17-19% 400 מ""ל (ASIATIC)(כ)",מזרח ומערב יבוא ושיווק,TH,קרם קוקוס 19%,מיליליטרים,400.00,"100 מ""ל",false,1,8.40,2.10,true,1,
7290015603560,false,"שימורי קרם קוקוס 20-22% 400 מ""ל (ASIATIC)(כ)",אסיאטיק אגרו אינדוסטרי,TH,קרם קוקוס,מיליליטרים,400.00,"100 מ""ל",false,1,8.40,2.10,true,1,
7290015603584,false,ג'ינגר לבן כבוש ללא מונוסודיום 160 גרם (כ),מזרח ומערב יבוא ושיווק,CN,ג'ינג'ר לבן כבוש,גרמים,160.00,100 גרם,false,1,6.70,4.19,true,1,
7290015603638,false,"אורז קלרוז 1 ק""ג (כ) (Minh)",מזרח ומערב יבוא ושיווק,VN,אורז עגול קלרוז,קילוגרמים,1.00,"ק""ג",false,1,10.10,10.10,true,1,
7290015644297,false,שישיית לחמניות פשוט מלא אנג'ל 450 גרם,מאפיית שלמה א. אנג'\ל בע,IL,לחמניות 6 יח',גרמים,450.00,100 גרם,false,1,9.30,2.07,true,1,
7290015644426,false,"לחם צרפתי חיטה מלאה ודגנים 600 גרם ""אנג'ל""",מאפיית שלמה א. אנג'\ל בע,IL,לחם מחמצת,גרמים,600.00,100 גרם,false,1,15.30,2.55,true,1,
7290015644433,false,לחם מחמצת 100% שיפון קל אנג'ל 600 גרם,מאפיית שלמה א. אנג'\ל בע,IL,לחם מחמצת,גרמים,600.00,100 גרם,false,1,15.30,2.55,true,1,
7290015652124,false,"רוטב סריראציה חריף מאוד 450 מ""ל אהרוני",דין שיווק וקליה 2021 בעמ,TH,רוטב סריראצ'ה,גרמים,450.00,100 גרם,false,1,12.60,2.80,true,1,
7290015652247,false,תערובת אגוזים קלויים250ג,"דין שיווק וקלייה בע""",IL,תערובת פיצוחים,גרמים,250.00,100 גרם,false,1,17.00,6.80,true,1,
7290015652384,false,"קמח תירס ללא גלוטן עבה ששון הקולה 1 ק""ג",מולינו פיילה גלאסה,IT,קמח תירס,קילוגרמים,1.00,"ק""ג",false,1,11.80,11.80,true,1,
7290015652391,false,"קמח תירס דק ל.גלוטן ששון הקולה 1 ק""ג",מולינו פיילה גלאסה,IT,קמח תירס,קילוגרמים,1.00,"ק""ג",false,1,11.80,11.80,true,1,
7290015652506,false,"נוזל קוקוס דל קלוריות סו שף 400 מ""ל",תאי קוקונט פבליק קומפני,TH,נוזל קוקוס,מיליליטרים,400.00,"100 מ""ל",false,1,8.30,2.08,true,1,
7290015652513,false,תערובת תבלינים לסטייק ובשרים על האש,"דין שיווק וקליה בע""מ",IL,תערובת לסטייק,גרמים,150.00,100 גרם,false,1,12.60,8.40,true,1,
7290015652520,false,"תערובת השף עשבי תיבול ושום לתיבול דגים, עופות, מאפים ועוד","דין שיווק וקליה בע""מ",IL,תערובת השף,גרמים,70.00,100 גרם,false,1,12.60,18.00,true,1,
7290015652537,false,"תערובת תיבול פלפל, לימון פרסי ושום לבשר ותבשילים","דין שיווק וקליה בע""מ",IL,פלפל לימון פרסי,גרמים,130.00,100 גרם,false,1,12.60,9.69,true,1,
7290015652544,false,תבלין גריל עוף ארומטי 130 גרם - אהרוני,"נווה התבלין בע""מ",IL,גריל עוף ארומטי,גרמים,130.00,100 גרם,false,1,12.60,9.69,true,1,
7290015652568,false,אהרוני עשבי טיבול לדגים 70 גר,"דין שיווק וקליה בע""מ",IL,עשבי תיבול לדגים,גרמים,70.00,100 גרם,false,1,12.60,18.00,true,1,
7290015652575,false,תבלין ראס אל חנות 150 גרם - אהרוני,"דין שיווק וקליה בע""מ",IL,ראס אל חנות,גרמים,150.00,100 גרם,false,1,12.60,8.40,true,1,
7290015662031,false,ספירולינה טריה simpli good 140 גרם,"אלגמור בע""מ",IL,ספירולינה טריה,גרמים,140.00,100 גרם,false,1,42.60,30.43,true,1,
7290015673013,false,טחון מהצומח צליה גריל500,טבע דלי בעמ,IL,טחון מהצומח,גרמים,500.00,100 גרם,false,0,21.20,4.24,true,1,
7290015673181,false,המבורגר קליפורניה קלאסי עם ברוקולי טבע,ל.י.ב. (לחיות יותר בטבע) בעמ,IL,המבורגר+ברוקולי,גרמים,400.00,100 גרם,false,1,21.20,5.30,true,1,
7290015673198,false,המבורגר טקסס עם פטריות טבע דלי 400 גרם,ל.י.ב. (לחיות יותר בטבע) בעמ,IL,המבורגר טקסס,גרמים,400.00,100 גרם,false,1,21.20,5.30,true,1,
7290015673204,false,קבב בולגרי עם פטרוזילה טבע דלי 400 גרם,טבע דלי בעמ,IL,קבב מהצומח,גרמים,400.00,100 גרם,false,1,21.20,5.30,true,1,
7290015673662,false,שניצלוני טופו טבע דלי 400 גר,טבע דלי,IL,שניצלוני טופו,גרמים,400.00,100 גרם,false,1,27.20,6.80,true,1,
7290015715935,false,מלח דל נתרן מועש.ביוד500,אן טי סולט,IL,מלח דל נתרן,גרמים,500.00,100 גרם,false,1,10.10,2.02,true,1,
7290015715942,false,מלח דל נתרן 500 גרם,אן טי סולט,IL,מלח דל נתרן,גרמים,500.00,100 גרם,false,1,10.10,2.02,true,1,
7290015726085,false,לחם שאור שיפון יח אפוי,מאפ גדרון,IL,לחם שאור שיפון,יחידה,1.00,יחידה,false,12,14.40,14.40,true,1,
7290015726115,false,לחם שאור קמח מלא אפוי670,מאפ גדרון,IL,לחם שאור קמח מלא,גרמים,670.00,100 גרם,false,11,14.40,2.15,true,1,
7290015726481,false,עוגת פס מוס שני שוקולדים,גידרון,IL,עוגת פס דואט,גרמים,550.00,100 גרם,false,1,40.90,7.44,true,1,
7290015726504,false,עוגת פס מוס ריבת חלב650ג,גידרון,IL,עוגת פס מוס,גרמים,650.00,100 גרם,false,1,40.90,6.29,true,1,
7290015726764,false,עוגיות כעכים מלוחים 500ג,,IL,עוגיות כעכים,גרמים,500.00,100 גרם,false,1,13.50,2.70,true,1,
7290015726788,false,עוגת גבינה פירור ללתס400,גידרון,IL,עוגת גבינה פירור,גרמים,400.00,100 גרם,false,1,36.60,9.15,true,1,
7290015733205,false,תרכובת מזון לתינוקות חלבי שלב 1 אקסטרה קר מהדרין,קבוצת אוסם סחר שותפות מוגבלת,IL,מטרנה אקסטרה,גרמים,700.00,100 גרם,false,1,51.20,7.31,true,1,
7290015733229,false,תרכובת מזון לתינוקות חלבי שלב 2 אקסטרה קר מהדרין,קבוצת אוסם סחר שותפות מוגבלת,IL,מטרנה אקסטרה,גרמים,700.00,100 גרם,false,1,51.20,7.31,true,1,
7290015733243,false,מטרנה אקסטרה קייר מהדרין שלב 3 700 גרם,קבוצת אוסם סחר שותפות מוגבלת,IL,מטרנה אקסטרה,גרמים,700.00,100 גרם,false,1,51.20,7.31,true,1,
7290015733441,false,מטרנה דייסת גם וגם דגנים פרו 300 גר`,קבוצת אוסם סחר שותפות מוגבלת,IL,דייסת מטרנה,גרמים,300.00,100 גרם,false,1,16.10,5.37,true,1,
7290015733939,false,"תרכובת מזון A.R על בסיס חלבי בתוספת עמילן תפו""א ותירס",קבוצת אוסם סחר שותפות מוגבלת,IL,מטרנה AR,גרמים,700.00,100 גרם,false,1,65.70,9.39,false,1,
7290015733977,false,תרכובת מזון קומפורט על בסיס חלבי דל לקטוז,קבוצת אוסם סחר שותפות מוגבלת,IL,מטרנה קומפורט עם,גרמים,700.00,100 גרם,false,1,59.70,8.53,false,1,
7290015781008,false,"יין VISION מרלו אדום טפרברג 750 מ""ל",יקב טפרברג 1870 בעמ (יינות ומש,IL,יין ויז'ן מרלו,מיליליטרים,750.00,"100 מ""ל",false,1,34.10,4.55,true,1,
7290015781015,false,יין אדום מלבק ויז`יון טפרברג (750 מל),יקב טפרברג 1870 בעמ (יינות ומש,IL,יין ויז'ין מלבק,מיליליטרים,750.00,"100 מ""ל",false,1,34.10,4.55,true,1,
7290015781046,false,"יין VISION לבן חצי יבש טפרברג 750 מ""ל",יקב טפרברג 1870 בעמ (יינות ומש,IL,יין ויז'ן לבן,מיליליטרים,750.00,"100 מ""ל",false,1,34.10,4.55,true,1,
7290015781053,false,יין לבן יבש ויזון יקב טפרברג (750 מל),יקב טפרברג 1870 בעמ (יינות ומש,IL,יין ויז'ן לבן,מיליליטרים,750.00,"100 מ""ל",false,1,34.10,4.55,true,1,
7290015781091,false,"יין VISION קברנה סוביניון טפרברג 750 מ""ל",יקב טפרברג 1870 בעמ (יינות ומש,IL,קברנה ויז'ן,מיליליטרים,750.00,"100 מ""ל",false,1,34.10,4.55,true,1,
7290015781107,false,"יין סנג'ובזה 750 מ""ל IMPRESSION",יקב טפרברג 1870 בעמ (יינות ומש,IL,יין סנג'ובזה,מיליליטרים,750.00,"100 מ""ל",false,1,42.60,5.68,true,1,
7290015781121,false,"יין IMPRESSION קברנה סוביניון יבש טפרברג 750 מ""ל",יקב טפרברג 1870 בעמ (יינות ומש,IL,יין קברנה,מיליליטרים,750.00,"100 מ""ל",false,1,42.60,5.68,true,1,
7290015781138,false,"יין שרדונה 750 מ""ל IMPRESSION",יקב טפרברג 1870 בעמ (יינות ומש,IL,יין שרדונה,מיליליטרים,750.00,"100 מ""ל",false,1,42.60,5.68,true,1,
7290015781169,false,"יין IMPRESSION קברנה סוביניון חצי יבש טפרברג 750 מ""ל",יקב טפרברג 1870 בעמ (יינות ומש,IL,יין חצי יבש,מיליליטרים,750.00,"100 מ""ל",false,1,42.60,5.68,true,1,
7290015781268,false,יין אדום מוסקטו מתוק טפרברג (750 מל),יקב טפרברג 1870 בעמ (יינות ומש,IL,מוסקטו אדום מתוק,מיליליטרים,750.00,"100 מ""ל",false,1,34.10,4.55,true,1,
7290015781282,false,"יין IMPRESSION גוורצטרמינר טפרברג 750 מ""ל",יקב טפרברג 1870 בעמ (יינות ומש,IL,יין גוורצטרמינר,מיליליטרים,750.00,"100 מ""ל",false,1,42.60,5.68,true,1,
7290015781299,false,יין שיראז ויזון יקב טפרברג (750 מל),יקב טפרברג 1870 בעמ (יינות ומש,IL,יין ויז'ן שיראז,מיליליטרים,750.00,"100 מ""ל",false,1,34.10,4.55,true,1,
7290015781305,false,יין אדום אימפרשיין סירה טפרברג (750 מל),יקב טפרברג 1870 בעמ (יינות ומש,IL,יין סירה,מיליליטרים,750.00,"100 מ""ל",false,1,42.60,5.68,true,1,
7290015790000,false,גרגירי רימונים בקופס,רון שיווק,IL,גרגירי רימונים,גרמים,250.00,100 גרם,false,0,15.90,6.36,true,1,
7290015790017,false,פלחי פומלה מוכנים לא,רון שיווק,IL,פלחי פומלה,גרמים,250.00,100 גרם,false,1,14.90,5.96,true,1,
7290015848992,false,"ד""ר פישר - אולטרסול קרם פנים קידס 75 מ""ל 50SPF",פישר מעבדות פרמצבטיות בע,IL,אולטרסול לפנים,מיליליטרים,75.00,"100 מ""ל",false,1,42.60,56.80,true,1,
7290015856621,false,ביסקויט תירוש בטעם קרמל[לוטוס]175 גרם,אפיפית נצרת תעשיות ב,IL,ביסקוויט תירוש,גרמים,175.00,100 גרם,false,1,5.00,2.86,true,1,
7290015856713,false,סנקסו חטיף אפונה אפוי עם אריסה 50 גרם,אפיפית נצרת (1971) ב,IL,חטיף אפונה,גרמים,50.00,100 גרם,false,1,4.10,8.20,true,1,
7290015856720,false,סנקסו חטיף אפונה אפוי עם זעתר 50 גרם,תות תעשיות מזון (201,IL,חטיף אפונה,גרמים,50.00,100 גרם,false,1,4.10,8.20,true,1,
7290015856737,false,סנקסו חטיף אפונה אפוי עם פלפל 50 גרם,אפיפית נצרת (1971) ב,IL,חטיף אפונה,גרמים,50.00,100 גרם,false,1,4.10,8.20,true,1,
7290015856751,false,פירורי עוגיות אמריקאיות 250 גר',אפיפית,IL,פירורי עוגיות,גרמים,250.00,100 גרם,false,1,5.00,2.00,true,1,
7290015858106,false,"ממרח פסטו ביתי 180 גרם ""עללחם""",שטראוס גרופ בעמ/מצונן,IL,פסטו ביתי,גרמים,180.00,100 גרם,false,1,14.40,8.00,true,1,
7290015858113,false,"ממרח עגבניות מיובשות 180 גרם ""טריטרי""",שטראוס גרופ בעמ/מצונן,IL,ממרח עגבניות,גרמים,180.00,100 גרם,false,1,14.40,8.00,true,1,
7290015858144,false,ממרח ארטישוק עללחם 180 גרם,שטראוס גרופ בעמ/מצונן,IL,ממרח ארטישוק,גרמים,180.00,100 גרם,false,1,14.40,8.00,true,1,
7290015858175,false,ממרח פלפלים קלויים עללחם 180 גרם,שטראוס גרופ בעמ/מצונן,IL,ממרח פלפלים קלוי,גרמים,180.00,100 גרם,false,1,14.40,8.00,true,1,
7290015858229,false,"טפנד זיתי קלמטה 180 גרם ""עללחם""",שטראוס גרופ בעמ/מצונן,IL,טפנד זיתים,גרמים,180.00,100 גרם,false,1,14.40,8.00,true,1,
7290015858328,false,עללחם ממרח איולי פסטו 295 גרם,"מדשא תעשיות מזון בע""\מ",IL,איולי פסטו,גרמים,295.00,100 גרם,false,1,13.50,4.58,true,1,
7290015858441,false,עללחם ממרח איולי פלפלים 295 גרם,"מדשא תעשיות מזון בע""\מ",IL,איולי פלפלים,גרמים,295.00,100 גרם,false,1,13.50,4.58,true,1,
7290015858687,false,עללחם ממרח איולי שום 295 גרם,"מדשא תעשיות מזון בע""\מ",IL,איולי שום,גרמים,295.00,100 גרם,false,1,13.50,4.58,true,1,
7290015858694,false,עללחם ממרח איולי שום לימון 295 גרם,"מדשא תעשיות מזון בע""\מ",IL,איולי שום לימון,גרמים,295.00,100 גרם,false,1,13.50,4.58,true,1,
7290015865722,false,ענבי ציון קונפיטורה לייט תות שדה 400 גר`,אבאל יזמות בעמ,IL,תענוג פרי,גרמים,400.00,100 גרם,false,1,17.00,4.25,true,1,
7290015865739,false,ענבי ציון קונפיטורה לייט אוכמניות 400 גר,אבאל יזמות בעמ,IL,תענוג פרי,גרמים,400.00,100 גרם,false,1,17.00,4.25,true,1,
7290015968102,false,קיסמי שיניים רפויים עם חוט דנטאלי 100 יחידות,אינטרסן (1996) בעמ,CN,קיסמי שיניים,יחידה,1.00,יחידה,false,1,12.70,12.70,true,1,
7290015996983,false,סוכרלוז סוכרזית 0 קלוריות 100 שקיות,"שטראוס גרופ בע""מ",IL,סוכרלוז,יחידה,1.00,יחידה,false,1,23.80,23.80,true,1,
7290016006346,false,שוופס סודה 0.5 ליטר מארז שישייה,יפאורה שותפות מוגבלת לשיווק,IL,שוופס סודה,ליטרים,3.00,ליטר,false,1,12.30,4.10,true,1,
7290016047301,false,קמח רב תכליתי 500 גרם ללא גלוטן,גורי מוצרי צריכה (1991) בעמ,IL,קמח רב תכליתי,גרמים,500.00,100 גרם,false,1,21.20,4.24,true,1,
7290016077759,false,רוטב ברביקיו קלאסי היינץ 480 גרם,דיפלומט מפיצים (1968) בעמ**,NL,רוטב ברביקיו,גרמים,480.00,100 גרם,false,1,15.30,3.19,true,1,
7290016080551,false,מתבל עגבניות אורגני 580 גרם היינץ,ה.י. היינץ,NL,מתבל עגבניות,גרמים,580.00,100 גרם,false,1,13.50,2.33,true,1,
7290016087116,false,רוטב עגבניות מתובל לפסטה 240גר פריניר,ח.כהן סוכנות מזון ומשקאות בע,IL,רוטב עגבניות,גרמים,240.00,100 גרם,false,1,5.00,2.08,true,1,
7290016087123,false,רוטב מתובל לפסטה בסגנון קלאסי פריניר 240 גרם,אבאל יזמות בעמ,IL,רוטב עגבניות,גרמים,240.00,100 גרם,false,1,5.00,2.08,true,1,
7290016087499,false,פריניר עגבניות חתוכות דק שלישיה 3 * 400 גרם,ח.כהן סוכנות מזון ומשקאות בע,IL,עגבניות חתוכ3.יח,קילוגרמים,1.20,"ק""ג",false,1,10.10,8.42,true,1,
7290016094091,false,"אולטרסול קידס קוליפה ספריי שקוף SPF 30,200 מ""ל",פישר מעבדות פרמצבטיות בע,IL,אולטרסול ספריי,מיליליטרים,200.00,"100 מ""ל",false,1,42.60,21.30,true,1,
7290016096491,false,נתחי טונה בהירה בשמן צמחי שלישיה *80ג' פילטונה,תעשיות פיל טונה בעמ,IL,3טונה בשמן צמחי,גרמים,240.00,100 גרם,false,1,11.00,4.58,true,1,
7290016096507,false,טונה בשמן קנולה 80גרם*מארז שלישיה,תעשיות פילטונה בעמ,IL,3טונה בשמן קנולה,גרמים,240.00,100 גרם,false,1,11.00,4.58,true,1,
7290016096910,false,נתח.טונה ילופין ש.זית108,תעשיות פילטונה,IL,טונה בשמן זית,גרמים,108.00,100 גרם,false,1,8.40,7.78,true,1,
7290016096934,false,מארז זוגות סלט טונה 2*160 ג' פילטונה,תעשיות פיל טונה בעמ,IL,סלט טונה 2 יח,גרמים,320.00,100 גרם,false,1,10.10,3.16,true,1,
7290016114300,false,נייר טואלט דו שכבתי אורך כפול לבן לילי 16 גלילים,קימברלי קלארק ישראל שיווק בעמ,IL,נייר טואלט לילי,מטרים,588.00,100 מטר,false,1,28.10,4.78,true,1,
7290016146004,false,קמח שקד מולבן 300 גרם,שקד תבור,IL,קמח שקד קלוף,גרמים,300.00,100 גרם,false,1,23.80,7.93,true,1,
7290016146110,false,סירופ חרובים לחיץ 500 גרם,"אלמונדס בע""מ",IL,סירופ חרובים,גרמים,500.00,100 גרם,false,1,23.80,4.76,true,1,
7290016146455,false,שוקולד מריר תבור 100% 100 גרם BIO,שקד תבור,IL,שוקולד תבור% 100,גרמים,100.00,100 גרם,false,1,15.30,15.30,true,1,
7290016156447,false,מאפה כוסמת טבעוני 270 גרם,,IL,מאפה דק כוסמת,גרמים,270.00,100 גרם,false,1,25.50,9.44,true,1,
7290016197488,false,מטליות מיקרופייבר למשטחים ניקול 3יח',קימברלי קלארק ישראל שיווק בעמ,CN,מטלית למשטחים,יחידה,1.00,יחידה,false,1,10.10,10.10,true,1,
7290016197495,false,ניקול זוג מטליות הקסם מיקרופייבר לרצפה,קימברלי קלארק ישראל שיווק בעמ,CN,מטלית לרצפה 2יח,יחידה,1.00,יחידה,false,1,14.40,14.40,true,1,
7290016197600,false,דיפנד - תחבושת לנשים נורמל 12 יח',קימברלי קלארק ישראל שיווק בעמ,VN,תחבושות דיפנד,יחידה,1.00,יחידה,false,1,17.00,17.00,true,1,
7290016197617,false,תחבושת לנשים אקסטרה דיפנד 10 יחידות,קימברלי קלארק ישראל שיווק בעמ,VN,תחבושות דיפנד,יחידה,1.00,יחידה,false,1,17.00,17.00,true,1,
7290016197624,false,תחבושות לנשים סופר דיפנד 8 יחידות,קימברלי קלארק ישראל שיווק בעמ,VN,תחבושות דיפנד,יחידה,1.00,יחידה,false,1,17.00,17.00,true,1,
7290016217711,false,איקרה לבנה 200 גרם,סלטי שמיר,IL,איקרה לבנה,גרמים,200.00,100 גרם,false,1,14.40,7.20,true,1,
7290016217728,false,איקרה אדומה 200 גרם,סלטי שמיר,IL,איקרה אדומה,גרמים,200.00,100 גרם,false,1,14.40,7.20,true,1,
7290016234008,false,פילה אנשובי שמן זית תומר צנצנת 100 גרם,אינוורסינס פריסקו,PE,אנשובי בשמן זית,גרמים,100.00,100 גרם,false,1,9.30,9.30,true,1,
7290016245318,false,לחם פשתן פרוס מזרעי פשתן טחונים 450 גר,ביכורים,IL,לחם פשתן פרוס,גרמים,450.00,100 גרם,false,1,21.20,4.71,true,1,
7290016245325,false,לחם טחינה פרוס 450 גרם,ביכורים,IL,לחם טחינה פרוס,גרמים,450.00,100 גרם,false,1,24.30,5.40,true,1,
7290016246025,false,בארכה מיקס פינוקיות חלווה ללא סוכר 10*20ג,קבוצת אוסם סחר שותפות מוגבלת,IL,פינוקיות חלבה,גרמים,200.00,100 גרם,false,1,11.80,5.90,true,1,
7290016246445,false,בארכה טחינה גולמית מעודנת שומשום מלא 310 גם,קבוצת אוסם סחר שותפות מוגבלת,IL,טחינה מעודנת,גרמים,310.00,100 גרם,false,1,11.00,3.55,true,1,
7290016273090,false,סוכריה על מקל בטעם תות בננה 31 גרם,אוריגינל גורמה,US,סוכריה על מקל,גרמים,31.00,100 גרם,false,1,4.20,13.55,true,1,
7290016276169,false,טחינה אהרוני משומשום טבעי 500 גרם,****דין שיווק וקליה 2021 בעמ,IL,טחינה שומשום,גרמים,500.00,100 גרם,false,1,11.10,2.22,true,1,
7290016276510,false,עוגיות מרוקיות מקלות מתוקות 350גר,,IL,עוגיות מרוקאיות,גרמים,350.00,100 גרם,false,1,8.50,2.43,true,1,
7290016276534,false,"שמן קוקוס לא מזוכך 500 מ""ל",קונסיגנציה-דין שיווק וקליה 202,LK,שמן קוקוס,מיליליטרים,500.00,"100 מ""ל",false,1,29.80,5.96,true,1,
7290016276787,false,מעדן אננס 100% רכיבי פרי ללא סוכר שקדיה 284 ג',דין שיווק וקליה 2021 בעמ,CN,מעדן אננס,גרמים,284.00,100 גרם,false,1,9.30,3.27,true,1,
7290016276800,false,מעדן תפוח עץ 100% רכיבי פרי ללא סוכר שקדיה 284 ג',דין שיווק וקליה 2021 בעמ,CN,מעדן תפוח עץ,גרמים,284.00,100 גרם,false,1,9.30,3.27,true,1,
7290016299076,false,"ARGANIA שמפו טיפולי חומצה היאלרונית וקרטין ללא SLS ללא פארבן ללא מלחים ללא רכיבים מן החי 450 מ""ל",ארגניה יצור ושיווק,IL,שמפו טיפולי חומצ,מיליליטרים,450.00,"100 מ""ל",false,1,33.20,7.38,true,1,
7290016299199,false,ארגניה סרום חומצה היאלורונית וקרטין 100,ארגניה,IL,סרום חומצה היאלר,מיליליטרים,100.00,"100 מ""ל",false,1,38.30,38.30,true,1,
7290016299403,false,"ARGANIA - קרם לחות לשיער המועשר בשמן קיק ללא ס.ל.ס 400 מ""ל",ארגניה,IL,קרם לחות שמן קיק,מיליליטרים,400.00,"100 מ""ל",false,1,38.30,9.58,true,1,
7290016299618,false,"ARGANIA שמפו קיק ללא מלחים ,ללא SLS ,ללא פארבן 450 מ""ל",ארגניה יצור ושיווק,IL,שמפו קיק,מיליליטרים,450.00,"100 מ""ל",false,1,33.20,7.38,true,1,
7290016299663,false,"שמן קיק בכבישה קרה ארגניה 100 מ""ל",,IL,שמן קיק,מיליליטרים,100.00,"100 מ""ל",false,1,17.00,17.00,true,1,
7290016299755,false,"ARGANIA מרכך קיק ללא מלחים ,ללא SLS ,ללא פארבן 400 מ""ל",ארגניה יצור ושיווק,IL,מרכך קיק,מיליליטרים,450.00,"100 מ""ל",false,1,33.20,7.38,true,1,
7290016299878,false,"ARGANIA מסיכה טיפולית לשיער מעושר בחומצה האילרונית וקרטין ללא SLS 500 מ""ל",ארגניה יצור ושיווק,IL,מסיכה טיפולית לש,מיליליטרים,500.00,"100 מ""ל",false,1,38.30,7.66,true,1,
7290016299885,false,"ARGANIA מסיכה קיק לחיזוק השורש והשיערה 500 מ""ל",שיווק TEVACOM,IL,מסיכת קיק,מיליליטרים,500.00,"100 מ""ל",false,1,38.30,7.66,true,1,
7290016314762,false,פרובנציאל מטיאס 200 גרם,סלטי שמיר,IL,פרובנציאל מטיאס,גרמים,200.00,100 גרם,false,1,18.70,9.35,true,1,
7290016314779,false,פילה מטיאס הולנדי 200גרם,סלטי שמיר,IL,פילה מטיאס,גרמים,200.00,100 גרם,false,1,18.70,9.35,true,1,
7290016314786,false,הרינג כבוש במרינדה 220גר,סלטי שמיר,IL,הרינג כבוש,גרמים,220.00,100 גרם,false,1,18.70,8.50,true,1,
7290016314793,false,מקרל מעושן פרוס בשמן190ג,סלטי שמיר,IL,מקרל מעושן,גרמים,190.00,100 גרם,false,1,18.70,9.84,true,1,
7290016314809,false,סלט סלמון עם מיונז 200 ג,סלטי שמיר,IL,סלט סלמון,גרמים,200.00,100 גרם,false,1,18.70,9.35,true,1,
7290016319118,false,מגע הדבש שעווה מתקלפת לפנים 100 גרם,המאפיה של הרמן,ES,שעווה לאזור פנים,מיליליטרים,100.00,"100 מ""ל",false,1,25.50,25.50,true,1,
7290016320343,false,"דאק נוזל ג'ל לניקוי מתקדם בניחות לבנדר זוג * 750 מ""ל",אס. סי. ג'\ונסון מידרכט,NL,דאק לאסלה זוג,ליטרים,1.50,ליטר,false,1,16.10,10.73,true,1,
7290016321661,false,פרש וואנס SENSITIVE מגבונים ללא בישום רביעייה 72 יחידות,עלבד משואות יצחק,IL,פרש וואנס 4יח,יחידה,1.00,יחידה,false,1,13.50,13.50,true,1,
7290016321678,false,מגבונים לחים בניחוח מרענן עם תמציות קמומיל ואלוורה,עלבד משואות יצחק,IL,פרש וואנס 4 יח,יחידה,1.00,יחידה,false,1,13.50,13.50,true,1,
7290016329261,false,סרקל מתיר קשרים ספריי רציףף 300 מ'ל,"פישר תעשיות פרמצביטות בע""מ",IL,סרקל מתיר קשרים,מיליליטרים,300.00,"100 מ""ל",false,1,25.50,8.50,true,1,
7290016329278,false,קמיל בלו מגבונים מילוי 64 יח רביעייה,"פישר תעשיות פרמצביטות בע""מ",IL,מגבונים קמיל בלו,יחידה,1.00,יחידה,false,1,17.00,17.00,true,1,
7290016329308,false,"ד""ר פישר - סרקל קרם רוזמרין לשיער מתולתל 325 מ""ל","פישר תעשיות פרמצביטות בע""מ",IL,סרקל מתיר קשרים,מיליליטרים,325.00,"100 מ""ל",false,1,21.20,6.52,true,1,
7290016329674,false,קמיל בלו קרם פנים לתינוק לעור יבש במיוחד,"פישר תעשיות פרמצביטות בע""מ",IL,קרם פנים קמיל,מיליליטרים,75.00,"100 מ""ל",false,1,18.70,24.93,true,1,
7290016370089,false,מלפפונים פיקנטים 13-17 יבנה 560 גר',קבוצת יבנה מוצרי מזון בעמ,IL,מלפפון במלח,גרמים,560.00,100 גרם,false,1,9.30,1.66,true,1,
7290016370317,false,זית קלמטה ללא גלעין 560 גרם צנצנת יבנה,קבוצת יבנה מוצרי מזון בעמ,GR,זית קלמטה מגולען,גרמים,560.00,100 גרם,false,1,12.70,2.27,true,1,
7290016370904,false,זית חרוזית ירוק ‏400‏ ג' יבנה,קבוצת יבנה,IL,זיתים חרוזית,גרמים,430.00,100 גרם,false,1,5.90,1.37,true,1,
7290016370911,false,טבעות ירוק A2 יבנה ‏400‏ ג',קבוצת יבנה,IL,טבעות זיתים,גרמים,430.00,100 גרם,false,1,5.90,1.37,true,1,
7290016370959,false,חציל קלוי (פירה) בצנצנת קבוצת יבנה 530 גרם,"קבוצת יבנה מוצרי מזון בע""מ",GR,חציל קלוי על האש,גרמים,530.00,100 גרם,false,1,8.40,1.58,true,1,
7290016372342,false,עגבניות חתוך קוביות גראנד איטליה מארז 400X3ג',תה ויסוצקי (ישראל) בעמ,IT,עגבניות חתוכ3.יח,קילוגרמים,1.20,"ק""ג",false,1,15.00,12.50,true,1,
7290016372373,false,רסק עגבניות ללא תוספת סוכר ומלח - מארז זוג,תה ויסוצקי (ישראל) בעמ,IT,רסק עגבניות 2 יח,גרמים,280.00,100 גרם,false,1,6.70,2.39,true,1,
7290016372397,false,"תה ויסוצקי ירוק תפוז,ג'ינגר וכורכום 25 יח'",תה ויסוצקי (ישראל) בעמ,IL,תה ירוק תפוז,גרמים,37.00,100 גרם,false,1,21.20,57.30,true,1,
7290016372458,false,חליטת לימונית ולואיזה הגן הקסום ויסוצקי 50 יחידות,תה ויסוצקי (ישראל) בעמ,IL,חליטת לימונית,גרמים,75.00,100 גרם,false,1,27.20,36.27,true,1,
7290016372489,false,ויסוצקי חליטת ג'ינג'ר ולימון סודות הצמחים 25 שקיקים,תה ויסוצקי (ישראל) בעמ,IL,חליטת ג'ינג'ר,גרמים,37.00,100 גרם,false,1,16.10,43.51,true,1,
7290016372991,false,חליטת קמומיל 20 שק1.5*ג,ויסוצקי,IL,חליטת קמומיל,גרמים,30.00,100 גרם,false,1,11.80,39.33,true,1,
7290016437508,false,מולט נייר טואלט 24 גלילים כפולים=48 גליל,קימברלי קלארק ישראל שיווק בעמ,IL,נייר טואלט מולט,מטרים,860.00,100 מטר,false,1,36.60,4.26,true,1,
7290016437621,false,חיתולי האגיס פרידום דריי pants מידה 4 36 יחידות,קימברלי קלארק ישראל שיווק בעמ,CZ,חיתולי האגיס,יחידה,1.00,יחידה,false,1,38.30,38.30,true,1,
7290016437652,false,חיתולי האגיס פרידום דריי pants מידה 6 30 יחידות,קימברלי קלארק ישראל שיווק בעמ,CZ,חיתולי האגיס,יחידה,1.00,יחידה,false,1,38.30,38.30,true,1,
7290016437690,false,קוטקס תחבושת יאנג זוג,קימברלי קלארק ישראל שיווק בעמ,CZ,תחבושות קוטקס,יחידה,1.00,יחידה,false,1,29.80,29.80,true,1,
7290016437713,false,תחבושות סופר 22*2 יחידות,קימברלי קלארק ישראל שיווק בעמ,CZ,תחבושות קוטקס,יחידה,1.00,יחידה,false,1,29.80,29.80,true,1,
7290016437737,false,תחבושות נייט 20*2 יחידות,קימברלי קלארק ישראל שיווק בעמ,CZ,תחבושות קוטקס,יחידה,1.00,יחידה,false,1,29.80,29.80,true,1,
7290016497243,false,בייגל בסגנון רומני ק,גידרון,IL,ביגלה רומני,גרמים,150.00,100 גרם,false,1,4.70,3.13,true,1,
7290016497519,false,בייגל טוסט לבן,גידרון,IL,בייגלה טוסט לבן,גרמים,150.00,100 גרם,false,1,3.80,2.53,true,1,
7290016497526,false,בגט אותנטי לבן אפוי 280ג,מאפ גדרון,IL,בגט אותנטי לבן,גרמים,280.00,100 גרם,false,1,7.20,2.57,true,1,
7290016505009,false,שוקולד פנדה קרם בוטנים טבעוני 100 גרם,"מדשא תעשיות מזון בע""",IL,ממתק פנדה,גרמים,100.00,100 גרם,false,1,15.90,15.90,true,1,
7290016505047,false,שוקולד קרמל ומלח גס 100 גרם - פנדה,"מדשא תעשיות מזון בע""",IL,ממתק פנדה,גרמים,100.00,100 גרם,false,1,15.90,15.90,true,1,
7290016509786,false,פרסיל גל לכביסה לבנה וצבעונית-ירוק 2.5 ל,גורי שיווק בעמ,IL,ג'ל כביסה פרסיל,ליטרים,2.50,ליטר,false,1,29.80,11.92,true,1,
7290016509809,false,ג'ל מרוכז לכביסה קולור 2.5 ל' פרסיל,גורי שיווק בעמ,IL,ג'ל כביסה פרסיל,ליטרים,2.50,ליטר,false,1,29.80,11.92,true,1,
7290016509816,false,ג'ל לכביסה צבעונית אריזת XL,גורי שיווק בעמ,IL,ג'ל פרסיל קולור,ליטרים,4.00,ליטר,false,1,38.30,9.58,true,1,
7290016509830,false,ג'ל כביסה לבגדי תינוקות ובעלי עור רגיש Sensitive,גורי שיווק בעמ,IL,ג'ל כביסה בייבי,ליטרים,2.50,ליטר,false,1,29.80,11.92,true,1,
7290016510102,false,"מרכך הוואי מי קוקוס 700 מ""ל",טרופיקל דגיל בעמ,IL,מרכך הוואי,מיליליטרים,700.00,"100 מ""ל",false,1,8.40,1.20,true,1,
7290016510225,false,"תחליב רחצה הוואי יוגורט וניל ודבש 700 מ""ל",תאי פרזידנט פוד פאבל,IL,ג'ל רחצה הוואי,מיליליטרים,700.00,"100 מ""ל",false,1,8.40,1.20,true,1,
7290016510249,false,"הוואי - תחליב רחצה יוגורט שקדים 700 מ""ל",תאי פרזידנט פוד פאבל,IL,תחליב רחצה הוואי,מיליליטרים,700.00,"100 מ""ל",false,1,8.40,1.20,true,1,
7290016510263,false,"הוואי תחליב רחצה בניחוח ויולה ורודה 700 מ""ל",טרופיקל דגיל בעמ,IL,תחליב רחצה הוואי,מיליליטרים,700.00,"100 מ""ל",false,1,8.40,1.20,true,1,
7290016510287,false,"תחליב רחצה הוואי דבש אירוס זהוב 700 מ""ל",תאי פרזידנט פוד פאבל,IL,תחליב רחצה הוואי,מיליליטרים,700.00,"100 מ""ל",false,1,8.40,1.20,true,1,
7290016510324,false,"הוואי תחליב רחצה לגבר אריסטבבול 700 מ""ל",טרופיקל דגיל בעמ,IL,תחליב רחצה הוואי,מיליליטרים,700.00,"100 מ""ל",false,1,8.40,1.20,true,1,
7290016510768,false,"הוואי תחליב רחצה יוגורט ואוכמניות 700 מ""ל",טרופיקל דגיל בעמ,IL,תחליב רחצה הוואי,מיליליטרים,700.00,"100 מ""ל",false,1,8.40,1.20,true,1,
7290016510775,false,תחליב רחצה הוואי רגעים שמימיים 700 מל,טרופיקל דגיל בעמ,IL,קרם רחצה הוואי,מיליליטרים,700.00,"100 מ""ל",false,1,8.40,1.20,true,1,
7290016524994,false,פילה דג ברבוניה ארוז 400 גרם,,VN,ברבוניה מנוקדת,גרמים,400.00,100 גרם,false,1,21.20,5.30,true,1,
7290016545678,false,"בירה קראפטי אמבר 330 מ""ל","מבשלת הארץ בע""מ",IL,בירה קראפטי אמבר,מיליליטרים,330.00,"100 מ""ל",false,1,13.60,4.12,true,1,
7290016545685,false,"בירה קראפטי IPA 330 מ""ל","מבשלת הארץ בע""מ",IL,בירה קראפטי IPA,מיליליטרים,330.00,"100 מ""ל",false,1,13.60,4.12,true,1,
7290016574593,false,ממרח פטריות טעם כמהין180,,IL,ממרח פטריות,גרמים,180.00,100 גרם,false,1,18.20,10.11,true,1,
7290016594065,false,שליז צופלה-ממרח אגוזי נמר קשיו קקאו 300ג,תבליני דניאל,IL,ממרח אגוזי נמר,גרמים,300.00,100 גרם,false,1,26.90,8.97,true,1,
7290016594201,false,ממרח אגוזי נמר וקשיו קרמלו 300 גרם,,,ממרח קוקוס אגוזי,יחידה,1.00,יחידה,false,0,26.90,26.90,true,1,
7290016606171,false,פריגורט עיזים פ.יער 500ג,חוות גבעות עולם,IL,פריגורט עיזים,גרמים,500.00,100 גרם,false,1,12.70,2.54,true,1,
7290016621013,false,"ד""ר פישר - קרם גוף קמיל בלו 500 מ""ל","פישר תעשיות פרמבצטיות בע""מ",IL,קרם גוף קמיל בלו,מיליליטרים,500.00,"100 מ""ל",false,1,24.70,4.94,true,1,
7290016621341,false,אל סבון היגייני לניקוי יסודי קמיל Clean & Moisture,פישר תעשיות פרמצבטיות בעמ,IL,אל סבון קמיל,ליטרים,1.00,ליטר,false,1,13.50,13.50,true,1,
7290016646115,false,"היילה חלווה עם פיסטוק ללת""ס 400 גרם",,IL,חלווה עם פיסטוק,גרמים,400.00,100 גרם,false,1,22.90,5.73,true,1,
7290016646122,false,"היילה חלווה בטעם של פעם ללת""ס 400 גרם",,IL,חלווה טעם של פעם,גרמים,400.00,100 גרם,false,1,22.90,5.73,true,1,
7290016682083,false,"פריניב נקטר תות בננה 400 מ""ל",תנובה - פריניב,IL,שייק תות בננה,מיליליטרים,400.00,"100 מ""ל",false,1,7.90,1.98,true,1,
7290016682182,false,פריניב שייק תמר בננה מופחת סוכר 1 ליטר,תנובה - פריניב,IL,שייק תמר בננה,מיליליטרים,1000.00,"100 מ""ל",false,1,13.10,1.31,true,1,
7290016682199,false,פריניב שייק תות בננה מופחת סוכר 1 ליטר,הנסיך- מפעל לייצור ט,IL,שייק תות בננה,מיליליטרים,1000.00,"100 מ""ל",false,1,13.10,1.31,true,1,
7290016682243,false,פריניב מיץ אשכולית אדומה סחוט 1 ליטר,תנובה - פריניב,IL,מיץ אשכולית אדומ,ליטרים,1.00,ליטר,false,1,12.90,12.90,true,1,
7290016682335,false,מיץ תפוזים סחוט 2 ליטר פרי ניב,תנובה - פריניב,IL,מיץ תפוזים סחוט,ליטרים,2.00,ליטר,false,0,21.30,10.65,true,1,
7290016682359,false,מיץ תפוזים שמוטי פרי ניב 2 ליטר-,תנובה - פריניב,IL,מיץ תפוזים סחוט,ליטרים,2.00,ליטר,false,0,21.30,10.65,true,1,
7290016682366,false,פריניב מיץ תפוחים צלול 2 ליטר.,תנובה - פריניב,IL,מיץ תפוח עץ,ליטרים,2.00,ליטר,false,0,21.30,10.65,true,1,
7290016717051,false,משקה Buzz מוגז בטעם רימון מבוסס יין אדום מתוק,אגודת הכורמים -כרמל מזרחי,IL,רימון באזז,מיליליטרים,750.00,"100 מ""ל",false,1,23.80,3.17,true,1,
7290016717099,false,"יין כרמל סלקטד אדום חצי יבש, 750 מ""ל",אגודת הכורמים בעמ,IL,אדום חצי יבש,מיליליטרים,750.00,"100 מ""ל",false,1,25.60,3.41,true,1,
7290016717631,false,יין מוסקטו בעל חוזק אלכוהול נמוך פרייבט קולקשן,אגודת הכורמים הקואופרטיב,IL,מוסקטו P.C,מיליליטרים,750.00,"100 מ""ל",false,1,32.40,4.32,true,1,
7290016717754,false,יין היובל ישן נושן יקבי כרמל (750 מל),אגודת הכורמים הקואופרטיב,IL,יין ישן נושן,מיליליטרים,750.00,"100 מ""ל",false,1,17.00,2.27,true,1,
7290016717976,false,יין ספארקלינג בטעם אפרסק 750 מל BUZZ,אגודת הכורמים -כרמל מזרחי,IL,ספארקלינג אפרסק,מיליליטרים,750.00,"100 מ""ל",false,1,23.80,3.17,true,1,
7290016732672,false,מברשת שיניים סנסודיין הגנה מלאה,גלקסוס סמית קליין,CN,מברשת סנסודיין,יחידה,1.00,יחידה,false,1,21.20,21.20,true,1,
7290016823059,false,טימין קורנית ארוז יח,"מרינה פטריות הגליל בע""מ",IL,טימין יחידה,יחידה,1.00,יחידה,false,1,6.90,6.90,true,1,
7290016865943,false,אטריות ביצים פטוציני אוריינט 400 גרם,גורי מוצרי צריכה 1991 בעמ,PL,אטריות ביצים,גרמים,400.00,100 גרם,false,1,11.80,2.95,true,1,
7290016866643,false,פרודונטקס מ.שיניים אקסטרה פרש 75 מל,פרודונטקס Parodontax,SK,משחה פרודונטקס,מיליליטרים,75.00,"100 מ""ל",false,1,26.40,35.20,true,1,
7290016866650,false,"פרודונטקס - משחת שיניים אוריג'ינל 75 מ""ל",פרודונטקס Parodontax,SK,משחה פרודונטקס,מיליליטרים,75.00,"100 מ""ל",false,1,26.40,35.20,true,1,
7290016866667,false,"פרודונטקס - משחת שיניים ללא פלאוריד 75 מ""ל",פרודונטקס Parodontax,SK,משחה פרודונטקס,מיליליטרים,75.00,"100 מ""ל",false,1,26.40,35.20,true,1,
7290016866674,false,"פרודונטקס - משחת שיניים מלבינה 75 מ""ל",פרודונטקס Parodontax,SK,משחה פרודונטקס,מיליליטרים,75.00,"100 מ""ל",false,1,26.40,35.20,true,1,
7290016866711,false,סטייל מרכך קרטין E 750 מל לשיקום שיער יב,גורי ע.ע.ע בעמ,IL,מרכך קרטין,מיליליטרים,750.00,"100 מ""ל",false,1,21.20,2.83,true,1,
7290016866728,false,סטייל מסכה קרטין E 500 מל לשיקום שיער יב,גורי ע.ע.ע בעמ,IL,מסכה קרטין,מיליליטרים,500.00,"100 מ""ל",false,1,29.80,5.96,true,1,
7290016867008,false,"לחם כוסמין מחמצת ד""ר מרק",המאפה של דר מרק בריאות באפייה,IL,לחם מחמצת,גרמים,750.00,100 גרם,false,1,16.10,2.15,true,1,
7290016867039,false,"מארז פיתות קלות כוסמין בתוספת מחמצת 6 יחידות ד""ר מרק",המאפה של דר מרק בריאות באפייה,IL,פיתות כוסמין 6יח,גרמים,324.00,100 גרם,false,1,13.50,4.17,true,1,
7290016867046,false,"מארז פיתות קלות כוסמין במתיקות מעודנת 6 יחידות ד""ר מרק",המאפה של דר מרק בריאות באפייה,IL,פיתות קלות 6 יח,גרמים,303.00,100 גרם,false,1,13.50,4.46,true,1,
7290016867053,false,לחם קל כוסמין בתוספת מחמצת 450 גרם,המאפה של דר מרק בריאות באפייה,IL,לחם קל כוסמין,גרמים,450.00,100 גרם,false,1,17.00,3.78,true,1,
7290016867114,false,לחם קל מכוסמין מלא 500 גר`דר מרק,המאפה של דר מרק בריאות באפייה,IL,לחם קל מכוסמין,גרמים,500.00,100 גרם,false,1,16.60,3.32,true,1,
7290016867138,false,"מארז לחמניות קלות כוסמין 5 יחידות ד""ר מרק",המאפה של דר מרק בריאות באפייה,IL,5 לחמניות כוסמין,גרמים,330.00,100 גרם,false,1,11.00,3.33,true,1,
7290016867145,false,"מארז פיתות קלות קמח מלא 6 יחידות ד""ר מרק",המאפה של דר מרק בריאות באפייה,IL,6 פיתות קלות,גרמים,408.00,100 גרם,false,1,12.30,3.01,true,1,
7290016867152,false,"מארז פיתות קלות כוסמין 5 יחידות ד""ר מרק",המאפה של דר מרק בריאות באפייה,IL,פיתות קלות,גרמים,330.00,100 גרם,false,1,12.30,3.73,true,1,
7290016867176,false,"מארז לחמניות קלות כוסמין שומשום במתיקות מעודמת 5 יחידות ד""ר מרק",המאפה של דר מרק בריאות באפייה,IL,לחמניות קלות,גרמים,351.00,100 גרם,false,1,11.80,3.36,true,1,
7290016867190,false,6 לחמניות קלות כוסמין321,,IL,6 לחמניות קלות,גרמים,321.00,100 גרם,false,1,13.50,4.21,true,1,
7290016867237,false,לחם קל כוסמין במתיקות מעודנת 400 גר`דר,המאפה של דר מרק בריאות באפייה,IL,לחם קל כוסמין,גרמים,400.00,100 גרם,false,1,17.30,4.33,true,1,
7290016867244,false,שישיה לחמניות כוסמין בתוספת מחמצת 99 קלוריות,המאפה של דר מרק בריאות באפייה,IL,לחמניות מחמצת6יח,גרמים,400.00,100 גרם,false,1,12.30,3.08,true,1,
7290016867268,false,"מארז פיתות קלות שיפון 6 יחידות ד""ר מרק",המאפה של דר מרק בריאו בעמ,IL,פיתות קלות 6 יח,גרמים,315.00,100 גרם,false,1,14.40,4.57,true,1,
7290016882407,false,מחית חציל קלוי על האש 560 גר`,קונסיגנציה-דין שיווק וקליה 202,CN,חציל קלוי,גרמים,670.00,100 גרם,false,1,8.40,1.25,true,1,
7290016882414,false,קונפיטורה שזיפים 70% פרי 450 גרם שקדיה,דין שיווק וקליה 2021 בעמ,TR,קונפיטורה שזיף,גרמים,450.00,100 גרם,false,1,11.70,2.60,true,1,
7290016883091,false,חרדל דיז'ון שקדיה 350 גרם,צרבונוקס בברבנט אסאיי,FR,חרדל דיז'ון,גרמים,350.00,100 גרם,false,1,8.50,2.43,true,1,
7290016883176,false,"מוזלי פתיתי שיבולת שועל עם שוקולד מריר ושבבי קוקוס 1 ק""ג",דין שיווק וקליה 2021 בעמ,MK,מוזלי 47% דגנים,קילוגרמים,1.00,"ק""ג",false,1,18.70,18.70,true,1,
7290016912494,false,"ד""ר פישר - אפקטיב קר תרחיץ פנים לכל סוגי העור 180 מ""ל","פישר תעשיות פרמצביטות בע""מ",IL,תרחיץ פנים,מיליליטרים,180.00,"100 מ""ל",false,1,14.00,7.78,true,1,
7290016912500,false,"ד""ר פישר - אפקטיב קר תרחיץ פנים לעור רגיש 180 מ""ל","פישר תעשיות פרמצביטות בע""מ",IL,תרחיץ פנים,מיליליטרים,180.00,"100 מ""ל",false,1,14.00,7.78,true,1,
7290016967074,false,לחם חיטה מלאה עם גרעינים ודגנים,מאפיית שלמה א. אנג'\ל בע,IL,אנג'ל חיטה מלאה,גרמים,750.00,100 גרם,false,1,14.40,1.92,true,1,
7290016967456,false,לחם צרפתי מחמצת 100% כוסמין 600 ג' אנג'ל,"מאפיית אנג'\ל בעמ, מקבוצ",IL,לחם מחמצת,גרמים,600.00,100 גרם,false,1,15.30,2.55,true,1,
7290016980004,false,בטטה סגולה מארז,קטיף.,IL,בטטה סגולה,קילוגרמים,0.00,"ק""ג",true,1,9.90,9.90,true,1,
7290016995268,false,אגוזי אילסר לוז 150 גרם,תבואות,TR,אגוזי אילסר לוז,גרמים,150.00,100 גרם,false,1,18.70,12.47,true,1,
7290016995985,false,אבקת פסיליום אורגני 300 גרם,תבואות,IN,אבקת פסיליום,גרמים,300.00,100 גרם,false,1,31.50,10.50,true,1,
7290017023212,false,"שוויפס מוגז פירות תפוח מארז רביעייה* 330 מ""ל",יפאורה שותפות מוגבלת לשיווק,IL,שוופס מוגז4פחיות,ליטרים,1.32,ליטר,false,1,11.70,8.86,true,1,
7290017023229,false,רביעיית פחיות שוופס מוגז פירות תות ליים 330 מל.,יפאורה שותפות מוגבלת לשיווק,IL,שוופס מוגז4פחיות,ליטרים,1.32,ליטר,false,1,11.70,8.86,true,1,
7290017023236,false,רביעיית פחיות שוופס מוגז פירות ענבים 330 מל.,יפאורה שותפות מוגבלת לשיווק,IL,שוופס מוגז4פחיות,ליטרים,1.32,ליטר,false,1,11.70,8.86,true,1,
7290017023809,false,"רביעיית ספרינג אגס סברס תפוח 250 מ""ל",יפאורה שותפות מוגבלת לשיווק,IL,ספרינג משקה 4 יח,ליטרים,1.00,ליטר,false,1,10.00,10.00,true,1,
7290017023816,false,"ספרינג  פירות טרופיים 250 מ""ל רביעייה",יפאורה שותפות מוגבלת לשיווק,IL,ספרינג משקה 4 יח,ליטרים,1.00,ליטר,false,1,10.00,10.00,true,1,
7290017023823,false,"רביעיית ספרינג תות בננה 250 מ""ל",יפאורה שותפות מוגבלת לשיווק,IL,ספרינג משקה 4 יח,ליטרים,1.00,ליטר,false,1,10.00,10.00,true,1,
7290017023854,false,מי סודה בקבוקים אישיים - מארז 4 יח',יפאורה שותפות מוגבלת לשיווק,IL,שוופס סודה 4 יח,ליטרים,1.00,ליטר,false,1,10.10,10.10,true,1,
7290017023861,false,סודה בטעם לימון בקבוקים אישיים - מארז 4 יח',יפאורה שותפות מוגבלת לשיווק,IL,שוופס סודה 4 יח,ליטרים,1.00,ליטר,false,1,10.10,10.10,true,1,
7290017023878,false,סודה בטעם נענע ליים בקבוקים אישיים - מארז 4 יח',יפאורה שותפות מוגבלת לשיווק,IL,שוופס סודה 4 יח,ליטרים,1.00,ליטר,false,1,10.10,10.10,true,1,
7290017031477,false,"סנסודיין משחת שיניים רפיד רליף להלבנה 75 מ""ל","סמיתקליין ביצ'ם בע""מ",GB,משחת סנסודיין,מיליליטרים,75.00,"100 מ""ל",false,1,22.10,29.47,true,1,
7290017031705,false,"סנסודיין משחת שיניים קלין & פרש 75 מ""ל",גלקסוס סמית קליין,SK,משחת סנסודיין,מיליליטרים,75.00,"100 מ""ל",false,1,19.50,26.00,true,1,
7290017031811,false,פרודונטקס מברשת שיניים אקסטרא סופט א.זוג,גלקסוסמיתקליין,CN,מברשות פרודונטקס,יחידה,1.00,יחידה,false,1,19.50,19.50,true,1,
7290017031859,false,"פרודונטקס - משחת שיניים אולטרא קלין 75 מ""ל","מאסטרפוד אוסטריה בע""מ",GB,משחת פרודונטקס,מיליליטרים,75.00,"100 מ""ל",false,1,26.40,35.20,true,1,
7290017046044,false,עוגיות מרוקאיות עגולות,,IL,עוגיות מרוקאיות,גרמים,500.00,100 גרם,false,1,13.50,2.70,true,1,
7290017046068,false,עוגיות שיבולת שועל 500 ג,,IL,עוגיות ש.שועל,גרמים,500.00,100 גרם,false,1,15.30,3.06,true,1,
7290017046112,false,עוגיות כתר 500 גרם,גידרון,IL,עוגיות כתר,גרמים,500.00,100 גרם,false,1,13.50,2.70,true,1,
7290017046129,false,עוגיות דמקה 500 גרם,גידרון,IL,עוגיות דמקה,גרמים,500.00,100 גרם,false,1,13.50,2.70,true,1,
7290017046136,false,עוגיות פרסה 500 גרם,גידרון,IL,עוגיות פרסה,גרמים,500.00,100 גרם,false,1,13.50,2.70,true,1,
7290017058146,false,רסק תפוע רביעייה עם אפרסק תומר,תומר יבוא ושיווק מוצרי מזון (1,US,"רסק תפו""ע",גרמים,452.00,100 גרם,false,1,9.30,2.06,true,1,
7290017065007,false,פרוסות גבינה מוצרלה חצי קשה 22% שומן 200 ג' גד,מחלבות גד שיווק 1992 בעמ,IL,מוצרלה פרוסות,גרמים,150.00,100 גרם,false,1,15.80,10.53,true,1,
7290017065137,false,ריקוטה למריחה 5% טבעית 200 גר`מחלבות גד,מחלבות גד שיווק 1992 בעמ,IL,ריקוטה למריחה,גרמים,200.00,100 גרם,false,1,8.60,4.30,true,1,
7290017065144,false,ריקוטה למריחה בתוספת בזיליקום 5% גד 200 גם,מחלבות גד שיווק 1992 בעמ,IL,ריקוטה למריחה,גרמים,200.00,100 גרם,false,1,8.60,4.30,true,1,
7290017065168,false,גבינה כחולה denish blue cheese 100 גרם,מחלבות גד שיווק 1992 בעמ,DK,גבינה כחולה,גרמים,100.00,100 גרם,false,1,14.00,14.00,true,1,
7290017065212,false,גבינת קרם מסקרפונה מחלבות גד 250 גר,מחלבות גד שיווק 1992 בעמ,IL,קרם מסקרפונה,גרמים,250.00,100 גרם,false,1,15.00,6.00,true,1,
7290017065236,false,גבינה בולגרית מעודנת 24% גד (250 גרם),מחלבות גד שיווק 1992 בעמ,IL,בולגרית מעודנת,גרמים,250.00,100 גרם,false,1,19.30,7.72,true,1,
7290017065441,false,גבינה גאודה עיזים פרוסה הולנדית 200 גר',מחלבות גד שיווק 1992 בעמ,NL,גאודה עיזים,גרמים,200.00,100 גרם,false,1,28.90,14.45,true,1,
7290017065526,false,קוואטרו פורמאג'י 4 גבינות מגוררות 26%,מחלבות גד שיווק 1992 בעמ,IL,קוואטרו פורמאגי,גרמים,300.00,100 גרם,false,1,25.50,8.50,true,1,
7290017065588,false,יוגורט יווני 600 גר`מחלבות גד,מחלבות גד שיווק 1992 בעמ,IL,יוגורט יווני,גרמים,600.00,100 גרם,false,1,13.50,2.25,true,1,
7290017065618,false,גבינת פקורינו פרוס גד 150 גרם,מחלבות גד שיווק 1992 בעמ,ES,פקורינו פרוס,גרמים,150.00,100 גרם,false,1,18.40,12.27,true,1,
7290017065649,false,קרם פטיסייר מחלבות גד,מחלבות גד שיווק 1992 בעמ,IL,קרם פטיסייר,גרמים,250.00,100 גרם,false,1,17.00,6.80,true,1,
7290017065663,false,גבינת פטה עיזים מעודנת 16% גד 200 גרם,מחלבות גד שיווק 1992 בעמ,IL,פטה עיזים מעודנת,גרמים,250.00,100 גרם,false,1,26.40,10.56,true,1,
7290017065731,false,גבינת שמנת 30% ניו יורק +כמהין 200 גרם רבנות,מחלבות גד שיווק 1992 בעמ,IL,גבינת שמנת,גרמים,200.00,100 גרם,false,1,11.00,5.50,true,1,
7290017065762,false,גבינת מאנורי 30% שומן 100 גר`מחלבות גד,מחלבות גד שיווק 1992 בעמ,IL,גבינה מאנורי,גרמים,100.00,100 גרם,false,1,9.30,9.30,true,1,
7290017065786,false,גבינה אנגלית קשה צ`דר 210 גר`גד,מחלבות גד שיווק 1992 בעמ,GB,גבינת צ'דר,גרמים,200.00,100 גרם,false,1,17.00,8.50,true,1,
7290017065861,false,קאצ`יו אה פפה רוטב פיקורינו ופלפל שחור 2,מחלבות גד שיווק 1992 בעמ,IL,רוטב פקורינו,גרמים,200.00,100 גרם,false,1,13.50,6.75,true,1,
7290017065960,false,רוטב פורצ'יני מחלבות גד 200 גרם,מחלבות גד שיווק 1992 בעמ,IL,רוטב פורצ'יני,גרמים,200.00,100 גרם,false,1,13.50,6.75,true,1,
7290017086088,false,כדורי שעועית קציצות טבעוני 400 גרם,פייס אוף ביין,IL,כדורי שעועית,גרמים,400.00,100 גרם,false,1,19.50,4.88,true,1,
7290017088068,false,בייביסיטר - חיתולי סטנדרט מידה 4 - 42 יח',די.פי.אל תעשיות מוצרים ח,IL,חיתולי בייביסיטר,יחידה,1.00,יחידה,false,1,29.00,29.00,true,1,
7290017088075,false,בייביסיטר - חיתולי סטנדרט מידה 4+ - 40 יח',די.פי.אל תעשיות מוצרים ח,IL,חיתולי בייביסיטר,יחידה,1.00,יחידה,false,1,29.00,29.00,true,1,
7290017088082,false,בייביסיטר - חיתולי סטנדרט מידה 5 - 36 יח',די.פי.אל תעשיות מוצרים ח,IL,חיתולי בייביסיטר,יחידה,1.00,יחידה,false,1,29.00,29.00,true,1,
7290017088099,false,בייביסיטר - חיתולי סטנדרט מידה 6 - 30 יח',די.פי.אל תעשיות מוצרים ח,IL,חיתולי בייביסיטר,יחידה,1.00,יחידה,false,1,26.40,26.40,true,1,
7290017088327,false,רבעיית מגבונים בייביסיטר אקסטרא סופט ללא בישום 64 יחידות,די.פי.אל בעמ,IL,מגבוני בייביסיטר,יחידה,1.00,יחידה,false,1,14.40,14.40,true,1,
7290017088815,false,בריז תחבושות לבריחת שתן נורמל 12 יח,שקד תבל בעמ,IT,בריז תחבושות שתן,יחידה,1.00,יחידה,false,1,16.10,16.10,true,1,
7290017088822,false,BREEZE תחבושות לבריחת שתן אקסטרה (10 יח'),שקד תבל בעמ,IT,בריז תחבושות שתן,יחידה,1.00,יחידה,false,1,16.10,16.10,true,1,
7290017088877,false,BREEZE תחתונים לבריחת שתן מידה XL יח' 14,ניאופארם,IT,בריז תחתונים,יחידה,1.00,יחידה,false,1,58.00,58.00,true,1,
7290017105468,false,מארז שלישייה אפונה קטנה יכין 3*200 גר,קשקמט קונסרב הונגריה,IL,אפונה קטנה 3 יח,גרמים,600.00,100 גרם,false,1,12.70,2.12,true,1,
7290017105550,false,רביעיית רסק עגבניות 100% יכין 4X100 גרם,היינץ צפון אמריקה מק,IL,רסק עגבניות 4 יח,גרמים,400.00,100 גרם,false,1,10.10,2.53,true,1,
7290017105895,false,גרגרי חומוס להכנת חומוס משובח יכין 560 ג,זנלכל בעמ,IL,גרגרי חומוס,גרמים,560.00,100 גרם,false,1,7.60,1.36,true,1,
7290017121093,false,"אריסה חריפה 250 גרם ""עללחם""",שטראוס גרופ בעמ/מצונן,IL,אריסה חריפה,גרמים,250.00,100 גרם,false,1,12.70,5.08,true,1,
7290017129495,false,אגו מיקס כדורי תירס מצופים שוקולד חלב כרמית 55 גרם,כרמית תעשיות ממתקים בעמ,IL,אגו מיקס כ.תירס,גרמים,55.00,100 גרם,false,1,4.10,7.45,true,1,
7290017129501,false,אגו מיקס כדורי תירס מצופים שוקולד לבן כרמית 55 גרם,כרמית תעשיות ממתקים בעמ,IL,אגו מיקס 55 גרם,גרמים,55.00,100 גרם,false,1,4.10,7.45,true,1,
7290017129518,false,אגו מיקס כדורי תירס מצופים שוקולד חלב ולבן כרמית 55 גרם,כרמית תעשיות ממתקים בעמ,IL,אגו מיקסים,גרמים,55.00,100 גרם,false,1,4.10,7.45,true,1,
7290017142111,false,פתיתי טונה בשמן זית טו גו עץ הזית 85 גרם,"יוניקורד ח.צ בע""מ",TH,פתיתי טונה,גרמים,85.00,100 גרם,false,1,8.40,9.88,true,1,
7290017142128,false,"שמן זית כתית מעולה קלאסי עץ הזית 750 מ""ל",סוגת תעשיות בעמ,IT,שמן זית כתית,מיליליטרים,750.00,"100 מ""ל",false,1,28.90,3.85,true,1,
7290017142159,false,"שלישיית נתחי טונה בהירה בשמן זית 80 גרם ""עץ הזית""",הנסיך- מפעל לייצור ט,TH,טונה בהירה,גרמים,240.00,100 גרם,false,1,17.80,7.42,true,1,
7290017142203,false,"פילה טונה פרוס עם שמן זית בטעם מעושן 120 גרם ""עץ הזית""","יוניקורד ח.צ בע""מ",TH,פילה טונה פרוס,גרמים,120.00,100 גרם,false,1,12.70,10.58,true,1,
7290017142289,false,תרסיס שמן חמניות 200 מל ללא תוספת גז עץ,י.ב טכנולוגיות אריזה בעמ,IT,תרסיס שמן חמניות,מיליליטרים,200.00,"100 מ""ל",false,1,13.50,6.75,true,1,
7290017142364,false,"שמן דלעת לא מזוכך עץ הזית 250 מ""ל",סוגת תעשיות בעמ,SI,שמן זרעי דלעת,מיליליטרים,250.00,"100 מ""ל",false,1,27.20,10.88,true,1,
7290017142371,false,"שמן שומשום לא מזוכך עץ הזית 250 מ""ל",סוגת תעשיות בעמ,SI,שמן שומשום,מיליליטרים,250.00,"100 מ""ל",false,1,25.50,10.20,true,1,
7290017142456,false,מארז נתחי טונה בהירה בשמן זית 2 * 160 ג' עץ הזית,יוניקורד ח.צ בעמ,TH,טונה בשמן זית2יח,גרמים,320.00,100 גרם,false,1,17.80,5.56,true,1,
7290017142487,false,"LUNCH TO GO בורגול עם חומוס טונה בשמן זית 160 גרם ""עץ הזית""",יוניקורד ח.צ בעמ,TH,בורגול עם טונה,גרמים,160.00,100 גרם,false,1,11.80,7.38,true,1,
7290017142500,false,תרסיס שמן זית כתית מעולה בטעם שום 150מל,קומטמפ קומפניה פורטו,IT,תרסיס שמן זית,מיליליטרים,150.00,"100 מ""ל",false,1,17.00,11.33,true,1,
7290017142609,false,"תרסיס שמן זית בטעם לימון עץ הזית 150 מ""ל",סוגת תעשיות בעמ,IT,תרסיס שמן זית,מיליליטרים,150.00,"100 מ""ל",false,1,17.00,11.33,true,1,
7290017142623,false,"תרסיס שמן זית בטעם צ'ילי עץ הזית 150 מ""ל",סוגת תעשיות בעמ,IT,תרסיס שמן זית,מיליליטרים,150.00,"100 מ""ל",false,1,17.00,11.33,true,1,
7290017217710,false,"שיפודי במבוק יקיטורי 15 ס""מ 100 יחידות",אינטרסן 1996 בעמ,CN,שיפודי במבוק,יחידה,1.00,יחידה,false,1,8.40,8.40,true,1,
7290017239101,false,פילה סלמון נורווגי עישון קר עדין פרוס בא,פוד קולקשן בעמ,IL,סלמון אטלנטי,גרמים,100.00,100 גרם,false,1,18.70,18.70,true,1,
7290017285894,false,"ד""ר פישר - אולטרסול קידס קרם פנים צורני 30 מ""ל 50SPF",פישר תעשיות פרמבצטיות בעמ,IL,אולטרסול קידס קר,מיליליטרים,30.00,"100 מ""ל",false,1,25.50,85.00,true,1,
7290017289595,false,"יין אינספייר בלנד אדום יבש 150 שנה 750 מ""ל",יקב טפרברג 1870 בעמ (יינות ומש,IL,יין אינספייר,מיליליטרים,750.00,"100 מ""ל",false,1,64.00,8.53,true,1,
7290017291338,false,שום סולו יחידה,איגל טרייטדינג שיווק חקלאי בעמ,CN,שום סולו יחידה,יחידה,1.00,יחידה,false,1,12.90,12.90,true,1,
7290017296159,false,גרנולה תפוח וקינמון 400גר,"פנינה רוזנבלום בע""מ",IL,גרנולה תפוח,גרמים,400.00,100 גרם,false,1,22.10,5.53,true,1,
7290017304885,false,לחם שיפון מחיטה מלאה ללא תוספת סוכר 750 ג' אנג'ל,מאפיית שלמה א. אנג'\ל בע,IL,לחם שיפון מלא,גרמים,750.00,100 גרם,false,1,14.40,1.92,true,1,
7290017325330,false,מיקס דגנים ועדשים אורגניים הרדוף 250 גרם,לה בונטה,IT,מיקס דגנים+עדשים,גרמים,250.00,100 גרם,false,1,12.70,5.08,true,1,
7290017325347,false,מקלות בייגלה מכוסמין מלא אורגני 200 גרם,"אם החיטה בע""\מ",IL,מקלות ביגלה,גרמים,200.00,100 גרם,false,1,14.40,7.20,true,1,
7290017325361,false,מיקס בורגול וקינואה אורגני הרדוף 250 גרם,לה בונטה,IT,מיקס בורגול,גרמים,250.00,100 גרם,false,1,12.70,5.08,true,1,
7290017325385,false,100% חמאה אורגנית 200 גרם - אדמה,,NL,חמאה אורגנית,גרמים,200.00,100 גרם,false,1,12.70,6.35,true,1,
7290017325453,false,משקה שקדים אורגני 1 ליטר הרדוף – ללא תוספת סוכר ללא גלוטן,ליקואטס,ES,"משקה שקדים ללת""ס",ליטרים,1.00,ליטר,false,1,12.70,12.70,true,1,
7290017325477,false,רסק עגבניות 100 גר אורגני - הרדוף,פריניר (הדס 1987) בע,IL,רסק עגבניות,גרמים,100.00,100 גרם,false,1,3.20,3.20,true,1,
7290017325514,false,שזיפים מיובשים אורגניים הרדוף 200 גרם,,BG,שזיפים מגולענים,גרמים,200.00,100 גרם,false,1,20.40,10.20,true,1,
7290017325521,false,דובדבנים מיובשים אורגניים הרדוף 200 גרם,,BG,דובדבנים מיובשים,גרמים,100.00,100 גרם,false,1,19.50,19.50,true,1,
7290017325538,false,תערובת פירות קפואים אורגני 250 גרם,,PL,פירות קפואים,גרמים,250.00,100 גרם,false,1,18.70,7.48,true,1,
7290017325613,false,"משקה שיבולת שועל אורגני הרדוף לל""ג 1 ליטר",סוי מג'יק,ES,משקה שיבולת שועל,ליטרים,1.00,ליטר,false,1,10.90,10.90,true,1,
7290017325620,false,"משקה אורז בתוספת שקדים אורגני הרדוף לל""ג 1 ליטר",ליקואטס,ES,משקה אורז ושקדים,ליטרים,1.00,ליטר,false,1,10.90,10.90,true,1,
7290017325651,false,אורז מעורב אורגני הרדוף 500 גרם,,IT,אורז מעורב,גרמים,500.00,100 גרם,false,1,19.50,3.90,true,1,
7290017325682,false,פריכיות כוסמת אורגני הרדוף 160 גרם,פרח תעשיות מזון,IL,פריכיות כוסמת,גרמים,160.00,100 גרם,false,1,11.00,6.88,true,1,
7290017325750,false,"קמח חומוס לל""ג אורגני 500 גרם",טחנת קמח דגן לישראל,IL,קמח חומוסל.גלוטן,גרמים,500.00,100 גרם,false,1,16.10,3.22,true,1,
7290017325798,false,"קוואקר לל""ג אורגני הרדוף 500 גרם",אול אורגני,IL,קוואקר עבה,גרמים,500.00,100 גרם,false,1,15.30,3.06,true,1,
7290017325811,false,שעועית בובס אורגני 400 גרם הרדוף,אול אורגני,IL,שעועית בובס,גרמים,400.00,100 גרם,false,1,11.00,2.75,true,1,
7290017325842,false,פריכיות אורז מלא אורגני הרדוף 110 גרם,פרח תעשיות מזון,IL,פריכיות אורז מלא,גרמים,110.00,100 גרם,false,1,8.30,7.55,true,1,
7290017325910,false,"קורנפלקס ללת""ס אורגני הרדוף 375 גר",לאמרי,IT,קורנפלקס אורגני,גרמים,375.00,100 גרם,false,1,17.00,4.53,true,1,
7290017334080,false,שמ.זית כתית כבישה קרה750,שמן זית אליעד,IL,שמן זית כתית,מיליליטרים,750.00,"100 מ""ל",false,1,25.50,3.40,true,1,
7290017334172,false,שמן זית כתית מעולה,שמן זית אליעד,IL,שמן זית כתית,מיליליטרים,750.00,"100 מ""ל",false,1,25.50,3.40,true,1,
7290017440231,false,סרקל שמפו לילדים לשיער מתולתל 1 ליטר,"פישר תעשיות פרמצביטות בע""מ",IL,שמפו סרקל,ליטרים,1.00,ליטר,false,1,24.70,24.70,true,1,
7290017440248,false,סרקל מרכך לילדים לשיער מתולתל 1 ליטר,"פישר תעשיות פרמצביטות בע""מ",IL,מרכך סרקל,ליטרים,1.00,ליטר,false,1,24.70,24.70,true,1,
7290017440699,false,ד.פישר בלונד מרכך לשיער בהיר 400 מל,"פישר תעשיות פרמצביטות בע""מ",IL,מרכך לשיער,מיליליטרים,400.00,"100 מ""ל",false,1,25.50,6.38,true,1,
7290017457574,false,כדוריות סבון נתלה לאסלה בניחוח פרחים - 3 יח',גורי שיווק בעמ,RS,סבון אסלה 3 יח,גרמים,150.00,100 גרם,false,1,14.40,9.60,true,1,
7290017457727,false,"סוד כחול מרכך כביסה מרוכז20%+בישום 900 מ""ל",גורי שיווק בעמ,IL,מרכך מרוכז סוד,מיליליטרים,900.00,"100 מ""ל",false,1,11.00,1.22,true,1,
7290017513485,false,מחית עגבניות רוסטיקה גרנד איטליה 680 גרם,תה ויסוצקי (ישראל) בעמ,IT,מחית עגבניות,גרמים,680.00,100 גרם,false,1,10.50,1.54,true,1,
7290017513775,false,פליפז בייגלה מצופה שוקולד חלב מקוויטיס 140 גרם,תה ויסוצקי (ישראל) בעמ,TR,בייגלה מצופה,גרמים,140.00,100 גרם,false,1,7.60,5.43,true,1,
7290017513829,false,תה ירוק לימונית ג'ינג'ר 25 שקיקים בתוספת ויטמין Cּּ+D,תה ויסוצקי (ישראל) בעמ,IL,תה ירוק+ויטמינים,גרמים,37.00,100 גרם,false,1,21.20,57.30,true,1,
7290017513850,false,תה ירוק נענע 25 שקיקים בתוספת ויטמינים Cּּ+D,תה ויסוצקי (ישראל) בעמ,IL,תה ירוק+ויטמינים,גרמים,37.00,100 גרם,false,1,21.20,57.30,true,1,
7290017516424,false,שוקלד + פנגיאה שוקולד קוקוס ואגוזי לוז 300 גרם,י.איטליאנו אחזקות בעמ,IL,מארז פנגיאה,גרמים,300.00,100 גרם,false,1,28.10,9.37,true,1,
7290017516448,false,"שוקלד + פנגיאה שוקולד קוקוס תמרים,שקדים וחרוב 300 גרם",פנגיאה,IL,מארז פנגיאה,גרמים,300.00,100 גרם,false,1,28.10,9.37,true,1,
7290017516561,false,שלשיית חטיפי חלבון פנגיאה אגוזי לוז 3*60 גרם,ש.ר רגע בטבע,IL,חטיפי חלבון 3 יח,גרמים,180.00,100 גרם,false,1,24.70,13.72,true,1,
7290017516585,false,שלשיית חטיפי חלבון פנגיאה וניל קפה 3*60 גרם,,IL,חטיפי חלבון 3 יח,גרמים,180.00,100 גרם,false,1,24.70,13.72,true,1,
7290017589633,false,"רזרב גולד אדישיין קברנה סוביניון 750 מ""ל",טמפו משקאות בעמ,IL,קברנה רזרב גולד,מיליליטרים,750.00,"100 מ""ל",false,1,42.60,5.68,true,1,
7290017599229,false,ממתיק סוכרלוז 200 טבליות סוכרזית,שטראוס גרופ בע`מ,IL,סוכרזית סוכרלוז,גרמים,17.00,100 גרם,false,1,20.40,120.00,true,1,
7290017599236,false,סוכרזית סיטיוויה 200 טבליות,סנו מפעלי ברונוס.,IL,סוכרזית סטיוויה,גרמים,17.00,100 גרם,false,1,22.10,130.00,true,1,
7290017599250,false,סוכרזית קלאסי 120 גר`שקיות,שטראוס גרופ בע`מ,IL,סוכרזית קלאסי,גרמים,120.00,100 גרם,false,1,15.30,12.75,true,1,
7290017599267,false,סוכרלוז 120 שקיות ממתיק שולחני,שטראוס גרופ בע`מ,IL,סוכרזית סוכרלוז,גרמים,120.00,100 גרם,false,1,21.20,17.67,true,1,
7290017599274,false,סוכרזית סטיוויה 120שקיות 100גרם,שטראוס גרופ בע`מ,IL,סוכרזית סטיוויה,גרמים,120.00,100 גרם,false,1,31.50,26.25,true,1,
7290017617046,false,נתחי טונה בשמן זית כתית מעולה רביעיה * 140 ג',דיפלומט מפיצים (1968) בעמ**,TR,טונה בשמן זית4יח,גרמים,560.00,100 גרם,false,1,24.70,4.41,true,1,
7290017617084,false,סטארקיסט מיקס טוגו טונה עם שעועית 185 גרם,דיפלומט מפיצים (1968) בעמ**,TR,מיקס טו גו טונה,גרמים,185.00,100 גרם,false,1,11.00,5.95,true,1,
7290017617091,false,סטארקיסט מיקס טוגו טונה עם פתיתים 185 גרם,דיפלומט מפיצים (1968) בעמ**,TR,מיקס טו גו טונה,גרמים,185.00,100 גרם,false,1,11.00,5.95,true,1,
7290017617107,false,סטארקיסט מיקס טוגו טונה עם 4 דגנים 185 גרם,דיפלומט מפיצים (1968) בעמ**,TR,מיקס טו גו טונה,גרמים,185.00,100 גרם,false,1,11.00,5.95,true,1,
7290017617435,false,סטארקיסט מיקס סלמון עם עדשים קינואה וירק 160 גרם,דיפלומט מפיצים (1968) בעמ**,PL,מיקס סלמון,גרמים,160.00,100 גרם,false,1,12.70,7.94,true,1,
7290017618111,false,עוגיות שקדים עם טריפל שוקולד 200 גר לחמי,קונדטוריות לחמי,IL,עוגיות לחמי,גרמים,180.00,100 גרם,false,1,16.10,8.94,true,1,
7290017637532,false,שמפו לשיער בלונד בהיר מיקי בוגנים 500 מל,סאסאטק אגשח בעמ - סאסא MB,IL,MB שמפו לשיער,מיליליטרים,500.00,"100 מ""ל",false,1,29.80,5.96,true,1,
7290017637549,false,מרכך לשיער בלונד בהיר מיקי בוגנים 500 מל,סאסאטק אגשח בעמ - סאסא MB,IL,MB מרכך לשיער,מיליליטרים,500.00,"100 מ""ל",false,1,29.80,5.96,true,1,
7290017637594,false,שמפו יומיומי זיכרונות מתוקים 500 מל,סאסאטק אגשח בעמ - סאסא MB,IL,MB שמפו לשיער,מיליליטרים,500.00,"100 מ""ל",false,1,20.40,4.08,true,1,
7290017637600,false,מרכך יומיומי זיכרונות מתוקים 500 מל,סאסאטק אגשח בעמ - סאסא MB,IL,MB מרכך לשיער,מיליליטרים,500.00,"100 מ""ל",false,1,20.40,4.08,true,1,
7290017637624,false,מרכך יומיומי יסמין קסום 500 מל בוגנים,סאסאטק אגשח בעמ - סאסא MB,IL,MB שמפו יסמין,מיליליטרים,500.00,"100 מ""ל",false,1,20.40,4.08,true,1,
7290017637648,false,מסיכת הזנה לשיער רגיל מיקי בוגנים 250 מ,סאסאטק אגשח בעמ - סאסא MB,IL,MB מסיכה לשיער,מיליליטרים,250.00,"100 מ""ל",false,1,22.90,9.16,true,1,
7290017637655,false,שמפו קרטין ללא מלח מיקי בוגנים 500 מל,סאסאטק אגשח בעמ - סאסא MB,IL,MB שמפו קרטין,מיליליטרים,500.00,"100 מ""ל",false,1,22.90,4.58,true,1,
7290017637662,false,שמפו שימר להדגשת גוונים בהיר מיקי בוגנים 500 מל,סאסטק מיקי בוגנים,IL,MB שמפו לשיער,מיליליטרים,500.00,"100 מ""ל",false,1,20.40,4.08,true,1,
7290017637679,false,מרכך שימר להדגשת גוונים בהיר מיקי בוגנים 500 מל,סאסטק מיקי בוגנים,IL,MB מרכך לשיער,מיליליטרים,500.00,"100 מ""ל",false,1,20.40,4.08,true,1,
7290017647708,false,"רמת הגולן גמלא גוורצטרמינר, 750 מ""ל י יקב רמת הגולן",מיוצר וממולא על ידי יקב,,גמלא גוורצטרמינר,יחידה,1.00,יחידה,false,0,55.10,55.10,true,1,
7290017647852,false,"יין ירדן מרלו 2019 750 מ""ל",היכל היין שקד גולן בעמ,IL,ירדן מרלו,מיליליטרים,750.00,"100 מ""ל",false,1,85.30,11.37,true,1,
7290017677804,false,"רוטב סויה קיקומן ללא חומרים משמרים 444 מ""ל",דיפלומט מפיצים (1968) בעמ**,US,רוטב סויה קיקומן,מיליליטרים,444.00,"100 מ""ל",false,1,17.00,3.83,true,1,
7290017677811,false,"רוטב סויה קיקומן ללא חומרים משמרים 296 מ""ל",דיפלומט מפיצים (1968) בעמ**,NL,רוטב סויה קיקומן,מיליליטרים,296.00,"100 מ""ל",false,1,11.50,3.89,true,1,
7290017695044,false,"קיט החלקה ושמפו 200 מ""ל",מיסטר בונד,IL,קיט החלקה ושמפו,יחידה,1.00,יחידה,false,1,136.60,136.60,true,1,
7290017695235,false,סרום ויטמינס לאחר החלקה,מיסטר בונד,IL,סרום ויטמינס,מיליליטרים,200.00,"100 מ""ל",false,1,42.60,21.30,true,1,
7290017695259,false,מסכה לשיער ויטמינס 500מל,מיסטר בונד,IL,מסכה לשיער ויטמי,מיליליטרים,500.00,"100 מ""ל",false,1,38.30,7.66,true,1,
7290017695266,false,קרם לחות ויטמינס 500מל,מיסטר בונד,IL,קרם לחות ויטמינס,מיליליטרים,500.00,"100 מ""ל",false,1,29.80,5.96,true,1,
7290017695280,false,מרכך שיער ויטמינס 1 ליטר,מיסטר בונד,IL,מרכך שיער ויטמינ,ליטרים,1.00,ליטר,false,1,38.30,38.30,true,1,
7290017695686,false,מרכך סילבר 500 מל,מיסטר בונד,IL,מרכך סילבר 500,מיליליטרים,500.00,"100 מ""ל",false,1,42.60,8.52,true,1,
7290017696393,false,בורגר פטריות מן הצומח 520 גר,קונס`-מרינה פטריות הגליל בעמ*ש,IL,בורגר פטריות,יחידה,1.00,יחידה,false,1,34.90,34.90,true,1,
7290017724027,false,עוגיות אלפחורס 300 גרם,הלל בן הלל שיווק ומסחר בעמ,IL,עוגיות אלפחורס,גרמים,300.00,100 גרם,false,1,20.40,6.80,true,1,
7290017724058,false,עוגיות מעדן תמר אגוז אקלר,הלל בן הלל שיווק ומסחר בעמ,IL,מעדן תמר אגוז,גרמים,250.00,100 גרם,false,1,20.40,8.16,true,1,
7290017724072,false,עוגיות רולדה שוקולד תמר 200 גר`,הלל בן הלל שיווק ומסחר בעמ,IL,רולדה שוקולד תמר,גרמים,200.00,100 גרם,false,1,20.40,10.20,true,1,
7290017724164,false,עוגיות אוזניים ללא סוכר אקלר 200 גרם,הלל בן הלל שיווק ומסחר בעמ,IL,עוגיות אוזניים,גרמים,200.00,100 גרם,false,1,20.40,10.20,true,1,
7290017724201,false,עוגיות ואן גוך ללא סוכר אקלר,הלל בן הלל שיווק ומסחר בעמ,IL,עוגיות ואן גוך,גרמים,200.00,100 גרם,false,1,20.40,10.20,true,1,
7290017724232,false,עוגיות שומשומיות 200 גר`,הלל בן הלל שיווק ומסחר בעמ,IL,עוגיות שומשומית,גרמים,200.00,100 גרם,false,1,20.40,10.20,true,1,
7290017724287,false,עוגיות אצבעות פקאן ללא סוכר אקלר,הלל בן הלל שיווק ומסחר בעמ,IL,אצבעות פקאן,גרמים,250.00,100 גרם,false,1,20.40,8.16,true,1,
7290017744162,false,שימורי דגים שפרוטים מעושנים ברוטב עגבניות 250 גרם,רויאל,LV,שפרוטים ברוטב,גרמים,250.00,100 גרם,false,1,10.10,4.04,true,1,
7290017812069,false,יין אמרלד ריזלינג שרדונה אקסלנס Excellence,אגודת הכורמים -כרמל מזרחי,IL,ריזלינג-שרדונה,מיליליטרים,750.00,"100 מ""ל",false,1,23.00,3.07,true,1,
7290017812571,false,מיץ ענבים תירוש אדום 100% טבעי כרמל 1 ליטר,אגודת הכורמים -כרמל מזרחי,IL,תירוש כרמל אדום,ליטרים,1.00,ליטר,false,1,17.00,17.00,true,1,
7290017812618,false,מיץ ענבים תירוש אדום רוזה כרמל 1 ליטר,אגודת הכורמים -כרמל מזרחי,IL,תירוש רוזה,ליטרים,1.00,ליטר,false,1,17.00,17.00,true,1,
7290017812663,false,"תירוש לבן מיץ ענבים מבעבע כרמל 750 מ""ל",ג'\קובז'\י איי.אי פיגלי,IL,תירוש מבעבע לבן,מיליליטרים,750.00,"100 מ""ל",false,1,18.70,2.49,true,1,
7290017812670,false,"יין יתיר דרום אדום 750 מ""ל",כרמל מזרחי,IL,דרום יין אדום,מיליליטרים,750.00,"100 מ""ל",false,1,68.30,9.11,true,1,
7290017812847,false,"יין פרנץ גוורצטרמינר סלקטד כרמל 750 מ""ל",אגודת הכורמים -כרמל מזרחי,IL,פרנץ גוורצטרמינר,מיליליטרים,750.00,"100 מ""ל",false,1,25.60,3.41,true,1,
7290017812878,false,"אקסלנס וזה -קברנה סוביניון כרמל 750 מ""ל",אגודת הכורמים בעמ,IL,רוזה אקסלנס,מיליליטרים,750.00,"100 מ""ל",false,1,23.00,3.07,true,1,
7290017812885,false,"יין P.C סוביניון בלאן גוורצטרמינר כרמל 750 מ""ל",אגודת הכורמים א.ת אל,IL,סוביניון גוורצטר,מיליליטרים,750.00,"100 מ""ל",false,1,32.40,4.32,true,1,
7290017812922,false,"כרמל מדיטרניאן 700 מ""ל",יקבי כרמל,IL,כרמל מדיטרניאן,מיליליטרים,750.00,"100 מ""ל",false,1,119.60,15.95,true,1,
7290017816012,false,קרם קרקר כוסמין מקור הכוסמין 250 גר,גורי מוצרי צריכה (1991) בעמ,IL,קרם קרקר כוסמין,גרמים,250.00,100 גרם,false,1,12.70,5.08,true,1,
7290017816081,false,טורטיות כוסמין 320 גרם,גורי מוצרי צריכה (1991) בעמ,RS,טורטיות כוסמין,גרמים,320.00,100 גרם,false,1,13.50,4.22,true,1,
7290017871943,false,גרנולה שוקולד קוקוס300ג,"אפקטבעי בע""\מ",IL,גרנולה שוקולד,גרמים,300.00,100 גרם,false,1,17.00,5.67,true,1,
7290017871998,false,פודינג אינסטנט בטעם וניל 30 גר` טוסו,אשבל מזון פונקציונלי בע\,IL,פודינג אינסטנט,גרמים,30.00,100 גרם,false,1,9.30,31.00,true,1,
7290017872001,false,"קרם החתלה פרשוואנס שמן זית ופרופוליס 100 סמ""ק","דנשר (1963) בע,מ",IL,פרש וואנס קרם הח,מיליליטרים,100.00,"100 מ""ל",false,1,9.30,9.30,true,1,
7290017872018,false,"קרם החתלה פרשוואנס קמומיל וקלנדולה 100 סמ""ק","דנשר (1963) בע,מ",IL,פרש וואנס קרם הח,מיליליטרים,100.00,"100 מ""ל",false,1,9.30,9.30,true,1,
7290017872063,false,אל סבון ארומתרפי מארז שלישייה 500 מל פמ,אברנסל קוסמטיקס,TR,אל סבון פמלי,ליטרים,1.50,ליטר,false,1,13.50,9.00,true,1,
7290017872070,false,מארז מגבונים לחים בניחוח מרענן פרש וואנס שלישייה,"ווטנפס בע""\מn\",IL,פרש וואנס מגבון,יחידה,1.00,יחידה,false,1,11.00,11.00,false,1,
7290017872186,false,טוסו - עוגיות פקאן ללא סוכר 200 גרם,"הגביע מוצרי וופלים בע""\מ",IL,עוגיות פקאן,גרמים,200.00,100 גרם,false,1,12.70,6.35,true,1,
7290017872193,false,טוסו עוגיות שקדים וקינמון ללא סוכר 200 גרם,"הגביע מוצרי וופלים בע""\מ",IL,עוגיות שקדים,גרמים,200.00,100 גרם,false,1,12.70,6.35,true,1,
7290017872889,false,מארז שקיות אשפה אקס לארג גלילונית 2*22 יח',"אליף בע""\מ",TR,שקיות XL מארז,יחידה,1.00,יחידה,false,1,19.50,19.50,true,1,
7290017872971,false,אדג' - 4 סכיני גילוח לעור רגיש,"דנשר (1963) בע,מ",US,סכיני גילוח 4 יח,יחידה,1.00,יחידה,false,1,34.10,34.10,true,1,
7290017872988,false,אדג' - 4 סכיני גילוח לחות מוגברת,"דנשר (1963) בע,מ",US,סכיני גילוח 4 יח,יחידה,1.00,יחידה,false,1,34.10,34.10,true,1,
7290017873114,false,נייר אפייה נשלף גלילונית,גלילונית,IL,נייר אפייה,יחידה,1.00,יחידה,false,1,13.50,13.50,true,1,
7290017873398,false,"תחליב גוף ויטליטי לכל סוגי העור 400 מ""ל פנג'ל","דנלוג אינטרקוסמא בע""\מ",IL,תחליב גוף פנג'ל,מיליליטרים,400.00,"100 מ""ל",false,1,23.80,5.95,true,1,
7290017888019,false,"משקה תפוח רימון סלק גינגיר פרות &ווג 350 מ""ל",יפאורה שותפות מוגבלת לשיווק,IL,משקה פרוט&וג',מיליליטרים,350.00,"100 מ""ל",false,1,6.50,1.86,true,1,
7290017888033,false,"משקה בננה מלון נענע פרות &ווג 350 מ""ל",יפאורה שותפות מוגבלת לשיווק,IL,משקה פרוט&ווג',מיליליטרים,350.00,"100 מ""ל",false,1,6.50,1.86,true,1,
7290017888729,false,שוופס סודה בקבוק 1 ל',יפאורה שותפות מוגבלת לשיווק,IL,סודה שוופס,ליטרים,1.00,ליטר,false,1,3.30,3.30,true,1,
7290017888972,false,בקבוק מי עדן פקק ספורט 1 ליטר,יפאורה שותפות מוגבלת לשיווק,IL,מי עדן ספורט,ליטרים,1.00,ליטר,false,1,4.40,4.40,true,1,
7290017894010,false,גרין קוקו - מי קוקוס אורגני 1עם אננס 1 ליטר,בן טרה ג'\וינט סטוק )בטר,VN,מי קוקוס אורגני,ליטרים,1.00,ליטר,false,1,17.00,17.00,true,1,
7290017894072,false,אבקת הלבנה אקופרנד 500 ג,אקופרנד,IL,אבקת הלבנה,גרמים,500.00,100 גרם,false,1,17.00,3.40,true,1,
7290017907222,false,תערובת קמח תופח לנמנעים מגלוטן,י.איטליאנו אחזקות בעמ,IL,קמח תמי תופח,גרמים,500.00,100 גרם,false,1,14.40,2.88,true,1,
7290017917382,false,אל סבון היגייני לניקוי יסודי ולהרגע העור clean & calm,"פישר תעשיות פרמבצטיות בע""מ",IL,קמיל סבון ידיים,ליטרים,1.00,ליטר,false,1,13.50,13.50,true,1,
7290017917450,false,קמיל בלו סנסיטיב אל סבון ושמפו לתינוק קמומיל ואלוורה,"פישר תעשיות פרמצביטות בע""מ",IL,אל סבון ושמפו,ליטרים,1.00,ליטר,false,1,20.40,20.40,true,1,
7290017917467,false,קמיל בלו סנסטי בשיבולת שועל אל סבון טיפולי לתינוק,"פישר תעשיות פרמצביטות בע""מ",IL,אל סבון ש.שועל,ליטרים,1.00,ליטר,false,1,20.40,20.40,true,1,
7290017917566,false,ד.פישר סילבר שמפו לשיער כסוף ללא מלח,פישר תעשיות פרמצבטיות בעמ,IL,שמפו,מיליליטרים,400.00,"100 מ""ל",false,1,34.10,8.53,true,1,
7290017917757,false,"ד""ר פישר EFFECTIVE CARE קרם גוף בשמן כותנה 450 מ""ל","פישר תעשיות פרמצביטות בע""מ",IL,קרם גוף אפקטיב,מיליליטרים,450.00,"100 מ""ל",false,1,18.70,4.15,true,1,
7290017917764,false,"ד""ר פישר - אפקטיב קר קרם גוף מועשר בשמן ארגן 450 מ""ל",פישר תעשיות פרמצבטיות בעמ,IL,קרם גוף,מיליליטרים,450.00,"100 מ""ל",false,1,18.70,4.15,true,1,
7290017928036,false,מקלות גריסיני שומשום מאיר בייגל 175 גרם,מאיר את בייגל,IL,גריסיני שומשום,גרמים,175.00,100 גרם,false,1,10.10,5.77,true,1,
7290017928043,false,מקלות גריסיני קראנץ' מלח מאיר בייגל 175 גרם,מאיר את בייגל,IL,גריסיני קראנץ,גרמים,175.00,100 גרם,false,1,10.10,5.77,true,1,
7290017928098,false,בייגלה שטוח מלח 330 גר` מאיר בייגל,מאיר את בייגל,IL,בייגלה שטוחל'ה,גרמים,330.00,100 גרם,false,1,10.10,3.06,true,1,
7290017928210,false,בייגלה גדול שומשום מאיר בייגל 250 גרם,מאיר את בייגל,IL,בייגלה שומשום,גרמים,250.00,100 גרם,false,1,10.10,4.04,true,1,
7290017928227,false,"בייגלה שטוח'לה פינוקים שומשום, קצח, שום ובצל",מאיר את בייגל,IL,בייגלה שטוחלה,גרמים,300.00,100 גרם,false,1,10.10,3.37,true,1,
7290017928296,false,שברי בייגלה בטעם דבש חרדל ובצל 300 גר' מאיר את בייגל,"דנשר (1963) בע,מ",BG,סמאש שברי בייגלה,גרמים,300.00,100 גרם,false,1,11.00,3.67,true,1,
7290017928432,false,מקלות גריסיני קראנץ' פרג מאיר בייגל 175 גרם,מאיר את בייגל,IL,גריסיני קראנץ,גרמים,175.00,100 גרם,false,1,10.10,5.77,true,1,
7290017928463,false,מאיר בייגל -סמאש-שבורים בטעם דבש חרדל ובצל 300 גרם,דנשר (1963) בעמ,,שברי בייגלה,יחידה,1.00,יחידה,false,0,11.00,11.00,true,1,
7290017928494,false,שברי בייגלה בטעם צדר 300 גר' מאיר את בייגל,"דנשר (1963) בע,מ",BG,סמאש שברי בייגלה,גרמים,300.00,100 גרם,false,1,11.00,3.67,true,1,
7290017928524,false,מאיר בייגל בייגלה שטוח ניגובים מלח 330גר,מאיר את בייגל,IL,שטוחל'ה ניגובים,גרמים,330.00,100 גרם,false,1,10.10,3.06,true,1,
7290017928616,false,בייגלה שטוחלה שומשום 300 גר` מאיר בייגל,מאיר את בייגל,IL,בייגלה שטוחלה,גרמים,300.00,100 גרם,false,1,10.10,3.37,true,1,
7290017928630,false,מקלות גריסיני קראנץ' פינוקים מאיר בייגל 175 גרם,מאיר את בייגל,IL,גריסיני קראנץ,גרמים,175.00,100 גרם,false,1,10.10,5.77,true,1,
7290017928661,false,מאיר בייגל -סמאש-שבורים בטעם צ'דר 300 גרם,"דנשר (1963) בע,מ",,שברי בייגלה,יחידה,1.00,יחידה,false,0,11.00,11.00,true,1,
7290017928685,false,בייגלה שמיניות מלוח מאיר בייגל 400 גרם.,מאיר את בייגל,IL,בייגלה שמיניות,גרמים,400.00,100 גרם,false,1,10.10,2.53,true,1,
7290017928722,false,בייגלה שטוח ניגובים שומשום 300 ג' מאיר בייגל,מאיר את בייגל,IL,שטוחל'ה ניגובים,גרמים,300.00,100 גרם,false,1,10.10,3.37,true,1,
7290017928746,false,פירורי בייגלה מאיר בייגל 200 גרם,"דנשר (1963) בע,מ",IL,פירורי בייגלה,גרמים,200.00,100 גרם,false,1,5.30,2.65,true,1,
7290017928807,false,בייגלה אצבעות שומשום מאיר בייגל 300 גרם,מאיר את בייגל,IL,בייגלה אצבעות,גרמים,300.00,100 גרם,false,1,10.10,3.37,true,1,
7290017928821,false,מקלות גריסיני קלאסי מאיר בייגל 200 גרם,מאיר את בייגל,IL,גריסיני קלאסי,גרמים,200.00,100 גרם,false,1,10.10,5.05,true,1,
7290017932231,false,"סירופ מייפל טהור גאלה 250 מ""ל",בולדוק מייפל פרודקס,CA,סירופ מייפל טהור,מיליליטרים,250.00,"100 מ""ל",false,1,29.80,11.92,true,1,
7290017946368,false,שלישיית כדוריות סבון לאסלה אוקיינוס סוד 50 גרם,גורי שיווק בעמ,RS,סבון לאסלה סוד,גרמים,150.00,100 גרם,false,1,14.40,9.60,true,1,
7290017946474,false,"הוואי תחליב רחצה סודות פולינזיה 700 מ""ל",טרופיקל דגיל בעמ,IL,הוואי ג'ל רחצה,מיליליטרים,700.00,"100 מ""ל",false,1,8.40,1.20,true,1,
7290017947105,false,לחם אנג'ל בסגנון אמריקה 500 גרם,מאפיית שלמה א. אנג'\ל בע,IL,לחם סגנון אמריקה,גרמים,500.00,100 גרם,false,1,12.70,2.54,true,1,
7290017947464,false,שמיניית פיתות כוסמין אנג'ל 8*50 גרם,מאפיית שלמה א.אנג'\ל בע\,IL,פיתות כוסמין,גרמים,400.00,100 גרם,false,1,14.40,3.60,true,1,
7290017947495,false,לחמניות כוסמין 6 יח(450 גר`)אנג`ל,מאפיית שלמה א.אנג'\ל,,לחמניות כוסמין6*,יחידה,1.00,יחידה,false,0,13.50,13.50,true,1,
7290017947891,false,לחם אנג'ל כוסמין וחיטה מלאה 750 גרם,מאפיית שלמה א. אנג'\ל בע,IL,אנג'ל כוסמין,גרמים,750.00,100 גרם,false,1,14.40,1.92,true,1,
7290017947921,false,לחמניות המבורגר בסגנון אמריקאי מארז 6 יח',מאפיית שלמה א. אנג'\ל בע,IL,לחמניות המבורגר,גרמים,450.00,100 גרם,false,1,12.70,2.82,true,1,
7290017947938,false,מיני לחמניות המבורגר בסגנון אמריקה 400 ג' אנג'ל,מאפיית שלמה א. אנג'\ל בע,IL,לחמניות המבורגר,גרמים,400.00,100 גרם,false,1,12.70,3.18,true,1,
7290017962009,false,גרנולה וניל אגוזים 330 גרם,"דני וגלית בע""מ",IL,גרנולה וניל אגוז,גרמים,330.00,100 גרם,false,1,16.80,5.09,true,1,
7290017962160,false,עוגיות כוסמין אוכמניות וניל טבעוני 230 ג,,IL,עוגיות כוסמין,גרמים,230.00,100 גרם,false,1,21.20,9.22,true,1,
7290017967004,false,"בירה קייזר בקבוק 500 מ""ל",ברסייר,FR,בירה קייזר,מיליליטרים,500.00,"100 מ""ל",false,1,5.00,1.00,true,1,
7290018029206,false,עוגיות כתר ריבה מיקס 600 גרם,שיבולים יצור ושיווק מוצרי מאפה,IL,עוגיות דולצ'ה,גרמים,600.00,100 גרם,false,1,17.00,2.83,true,1,
7290018038000,false,פיצה מרגריטה גבינשיו קשיו 380 גרם,פרוזן פקטורי,IL,פיצה טבעונית,גרמים,380.00,100 גרם,false,1,21.20,5.58,true,1,
7290018038444,false,פיצה זוגית מרגריטה מבצק כוסמין 380 גר,פרוזן פקטורי,IL,פיצה מרגריטה,גרמים,380.00,100 גרם,false,1,22.10,5.82,true,1,
7290018043189,false,פראוד - חטיף חלבון בטעם קשיו קרמל 60 גרם,דיפלומט מפיצים (1968) בעמ**,NL,פראוד חטיף קשיו,גרמים,60.00,100 גרם,false,1,11.80,19.67,true,1,
7290018043196,false,פראוד - חטיף חלבון בטעם שוקולד לבן עוגיות 60 גרם,דיפלומט מפיצים (1968) בעמ**,NL,פראוד חטיף בטעם,גרמים,60.00,100 גרם,false,1,11.80,19.67,true,1,
7290018043295,false,חטיף חלבון טעם ונילה קראנץ 60ג,דיפלומט מפיצים (1968) בעמ**,NL,פראוד חטיף וניל,גרמים,60.00,100 גרם,false,1,11.80,19.67,true,1,
7290018043844,false,חטיף חלבון בוטנים קרמל קראנץ 60 ג' פראוד,דיפלומט מפיצים (1968) בעמ**,NL,חטיף חלבון,גרמים,60.00,100 גרם,false,1,11.00,18.33,true,1,
7290018045084,false,דגני בוקר בון בון במילוי קרם בטעם בראוני,ר.ב. מוצרי דגנים בעמ,DE,דגנים במילוי קרם,גרמים,480.00,100 גרם,false,1,20.40,4.25,true,1,
7290018045497,false,דגני בוקר בון בון במילוי קרם שוקולד 480,ר.ב. מוצרי דגנים בעמ,DE,דגנים במילוי,גרמים,480.00,100 גרם,false,1,20.40,4.25,true,1,
7290018045893,false,דגני בוקר בון בון במילוי קרם נוגט 480 גר,ר.ב. מוצרי דגנים בעמ,DE,דגנים במילוי קרם,גרמים,480.00,100 גרם,false,1,20.40,4.25,true,1,
7290018050071,false,מיקס בוטנים+אגוזים מסוכר,פיצוחי הטיב,IL,בוטן ואגוז מסוכר,גרמים,180.00,100 גרם,false,1,15.30,8.50,true,1,
7290018050088,false,מיקס אגוזים בקרמל 180 גר,פיצוחי הטיב,IL,מיקס אגוזים וקרמ,גרמים,180.00,100 גרם,false,1,15.30,8.50,true,1,
7290018050095,false,תערובת קרנצ' פיקנטית 200,פיצוחי הטיב,IL,תערובת קרנצ',גרמים,200.00,100 גרם,false,1,11.00,5.50,true,1,
7290018050132,false,הטיב בוטנימוס גריל 2,פיצוחי הטיב,IL,בונימוס גריל,גרמים,200.00,100 גרם,false,1,8.40,4.20,true,1,
7290018080160,false,מאמי קר מגבוני קלנדולה היפואלרגנים *4,מאמי קר,IL,מגבוני קלנדולה,יחידה,1.00,יחידה,false,1,19.50,19.50,true,1,
7290018091029,false,מקלות פילו תפוחי אדמה מעדנות 450 ג',תנובה ענף ב.ע.ד,IL,מקלותפילו ת.אדמה,גרמים,450.00,100 גרם,false,1,17.00,3.78,true,1,
7290018091234,false,פיצה מקסיקנית 270 גר מעדנות,תנובה קפואים,IL,פיצה מקסיקנית,גרמים,260.00,100 גרם,false,1,12.70,4.88,true,1,
7290018091821,false,פיצה נפוליטנה מעדנות 200 גרם,תנובה ענף ב.ע.ד,IL,פיצה נפוליטנה,גרמים,200.00,100 גרם,false,1,12.70,6.35,true,1,
7290018098493,false,פיצה זיתים מקמח כוסמין טבעוני 350 גרם פרווה,גורי מוצרי צריכה (1991) בעמ,IL,פיצה משפחתית,גרמים,350.00,100 גרם,false,1,18.70,5.34,true,1,
7290018098592,false,שווארמה טבעוניות ביף,גורי מוצרי צריכה (1991) בעמ,IL,שווארמה צמחית,גרמים,300.00,100 גרם,false,1,18.70,6.23,true,1,
7290018127278,false,גרנולה קראנץ תמר תפו,"מאמא יארא בע""\מ",IL,גרנולה קראנץ',גרמים,250.00,100 גרם,false,1,20.40,8.16,true,1,
7290018127285,false,גרנולה קראנ'ץ קינמון 250,"מאמא יארא בע""\מ",IL,גרנולה קראנץ,גרמים,250.00,100 גרם,false,1,20.40,8.16,true,1,
7290018127292,false,גרנולה קראנץ קלאסית250ג,"מאמא יארא בע""\מ",IL,גרנולה קראנץ,גרמים,250.00,100 גרם,false,1,20.40,8.16,true,1,
7290018131831,false,נסטלה מאגדת שלגון מילקה וניל חדש8 4*66ג,נגה גלידות שותפות מוגבלת,PL,מאגדת שלגון מילק,גרמים,284.00,100 גרם,false,1,21.20,7.46,true,1,
7290018131855,false,אקסטרים טילון בראוניז בדצ מאגדת 6*72 גרם נסטלה,נגה גלידות שותפות מוגבלת,IL,מאגדת אקסטרים בר,גרמים,432.00,100 גרם,false,1,28.90,6.69,true,1,
7290018131879,false,אקסטרים טילון חלב בדצ מאגדת 6*72 גרם נסטלה,נגה גלידות שותפות מוגבלת,IL,מאגדת אקסטרים,גרמים,432.00,100 גרם,false,1,28.90,6.69,true,1,
7290018131954,false,מאגדת לה פרוטה תות שוקולד נסטלה 350 גרם,נגה גלידות שותפות מוגבלת,IL,מאגדת להפרוטה תו,גרמים,350.00,100 גרם,false,1,25.50,7.29,true,1,
7290018132388,false,"מטרנה גולד בד""ץ שלב 2 700 גרם",קבוצת אוסם סחר שותפות מוגבלת,IL,מטרנה גולד שלב 2,גרמים,700.00,100 גרם,false,1,64.00,9.14,true,1,
7290018132425,false,מטרנה גולד בדץ שלב 3 700 גרם,קבוצת אוסם סחר שותפות מוגבלת,IL,מטרנה גולד שלב 3,גרמים,700.00,100 גרם,false,1,64.00,9.14,true,1,
7290018140062,false,בורגר BBQ גריל 2 יח' 250 גרם - ריינבו,חמים וטעים,IL,בורגר טבעוני,גרמים,250.00,100 גרם,false,1,21.20,8.48,true,1,
7290018140390,false,שווארמה טבעונית להכנה מהירה 350 גרם (מקפיא) - ריינבו,ישראמרקט,IL,שווארמה טבעונית,גרמים,350.00,100 גרם,false,1,25.50,7.29,true,1,
7290018140543,false,כמו בשר טחון 300גרם,,FI,כמו בשר טחון,גרמים,300.00,100 גרם,false,1,25.50,8.50,true,1,
7290018140741,false,רצועות סויה סגנון בקר300,,FI,רצועות סויה,גרמים,300.00,100 גרם,false,1,25.50,8.50,true,1,
7290018165034,false,סופרייר קברנה סובניון750,יקב ברקן,IL,קברנה סובניון,מיליליטרים,750.00,"100 מ""ל",false,1,187.90,25.05,true,1,
7290018175002,false,פיתה מתנפחת ללא גלוטן300,,IL,פיתה מתנפחת,גרמים,300.00,100 גרם,false,1,17.00,5.67,true,1,
7290018208069,false,תמר מגהול מובחר 700גרם,אראל תוצרת חקלאית,IL,תמר מגהול מובחר,גרמים,700.00,100 גרם,false,1,24.90,3.56,true,1,
7290018237281,false,עוף טוב נקניק סלמי ירדן 550 גר',קבוצת אוסם סחר-שות.מוגבלת,IL,נקניק סלמי ירדן,גרמים,550.00,100 גרם,false,1,18.70,3.40,true,1,
7290018237410,false,עוף טוב פסטרמה במעשנה נתח שלם 8*300 גרם,קבוצת אוסם סחר-שות.מוגבלת,IL,פסטרמה במעשנה,גרמים,300.00,100 גרם,false,1,23.80,7.93,true,1,
7290018237922,false,שניצלונים ציפוי צ'יפס עוף טוב 700 גרם,קבוצת אוסם סחר שותפות מוגבלת,IL,שניצלונים בציפוי,גרמים,700.00,100 גרם,false,1,17.00,2.43,true,1,
7290018237939,false,שניצלונים ציפוי שומשום עוף טוב 700 גרם,קבוצת אוסם סחר שותפות מוגבלת,IL,שניצלונים בציפוי,גרמים,700.00,100 גרם,false,1,17.00,2.43,true,1,
7290018249086,false,סוויטאנגו ממרח בטעם חלווה פיסטוקחום,,IL,ממרח בטעם חלווה,גרמים,350.00,100 גרם,false,1,28.10,8.03,true,1,
7290018249123,false,אינסטנט פודינג סוויטאנגו בטעם וניל,י.איטליאנו אחזקות בעמ,IL,אינסטנט פודינג,גרמים,50.00,100 גרם,false,1,10.10,20.20,true,1,
7290018249154,false,ממרח קקאו עם אגוזי סוויטאנגו 350 גר`,י.איטליאנו אחזקות בעמ,IL,ממרח קקאו,גרמים,350.00,100 גרם,false,1,28.10,8.03,true,1,
7290018249727,false,אבקת ממתיק סוכר סוויטאנגו 400 גר,מתבל תעשיות מזון,IL,סוויטאנגו ממתיק,גרמים,400.00,100 גרם,false,1,31.50,7.88,true,1,
7290018249802,false,ממתיק סוויטאנגו צנצנת 280 גרם,י.איטליאנו אחזקות בעמ,IL,סוויטאנגו,גרמים,280.00,100 גרם,false,1,23.80,8.50,true,1,
7290018249994,false,סוויטאנגו תחליף סוכר ממתיק 700 גר',י.איטליאנו אחזקות בעמ,IL,סוויטאנגו,גרמים,700.00,100 גרם,false,1,48.60,6.94,true,1,
7290018292730,false,ערכת טיפוח פרופוליס אובל,,IL,ערכת טיפוח פרופו,יחידה,1.00,יחידה,false,1,84.60,84.60,true,1,
7290018294192,false,"יין בלנד היינן אדום יבש 750 מ""ל p.c",אגודת הכורמים -כרמל מזרחי,IL,יין בלנד אדום,מיליליטרים,750.00,"100 מ""ל",false,1,32.40,4.32,true,1,
7290018294208,false,"סלקטדאדום ישראלי יבש כרמל 750 מ""ל",אגודת הכורמים בעמ,IL,יין אדום סלקטד,מיליליטרים,750.00,"100 מ""ל",false,1,25.60,3.41,true,1,
7290018294352,false,"ארק יקבי כרמל 700 מ""",אגודת הכורמים -כרמל מזרחי,ES,ארק כרמל,מיליליטרים,700.00,"100 מ""ל",false,1,42.60,6.09,true,1,
7290018294383,false,קברנה סוביניון אזוריתפינו גריג`יו 750 מ,אגודת הכורמים,IL,פינו גריי,מיליליטרים,750.00,"100 מ""ל",false,1,46.90,6.25,true,1,
7290018294895,false,"יין מונלייט מוסקטו ורוד מבעבע 750 מ""ל",אגודת הכורמים בעמ,IL,מונלייט לבן,מיליליטרים,750.00,"100 מ""ל",false,1,29.80,3.97,true,1,
7290018294901,false,"יין מונלייט אדום יבש 750 מ""ל כרמל",יקבי כרמל Carmel Winery,IL,מונלייט אדום,מיליליטרים,750.00,"100 מ""ל",false,1,29.80,3.97,true,1,
7290018294918,false,מונלייט מוסקטו רוזה מתוק מבעבע 750מל,אגודת הכורמים -כרמל מזרחי,IL,מונלייט סמוק,מיליליטרים,750.00,"100 מ""ל",false,1,29.80,3.97,true,1,
7290018333082,false,אגו מיקס קורנפלקס שוקולד חלב ולבן כרמית 55 גרם,"כרמית תעשיות ממתקים בע""\",IL,אגו מיקס 55גרם,גרמים,55.00,100 גרם,false,1,4.10,7.45,true,1,
7290018338070,false,חיטה פריקי טבעי 500 גרם,תבואות,IL,חיטה פריקי,גרמים,500.00,100 גרם,false,1,12.70,2.54,true,1,
7290018338377,false,פלפל קאיין אורגני 90 גרם,,IN,פלפל קאיין,גרמים,90.00,100 גרם,false,1,11.80,13.11,true,1,
7290018343340,false,"ד""ר פישר - שמפו משקם לאחר החלקה ללא תוספת מלח 400 מ""ל","פישר תעשיות פרמבצטיות בע""מ",IL,שמפו משקם,מיליליטרים,400.00,"100 מ""ל",false,1,34.10,8.53,true,1,
7290018343357,false,"ד""ר פישר SMOOTH & REPAIR מרכך משקם לאחר החלקה או עיצוב בחום",פישר תעשיות פרמצבטיות בעמ,IL,מרכך משקם,מיליליטרים,400.00,"100 מ""ל",false,1,34.10,8.53,true,1,
7290018343364,false,"ד""ר פישר - מסכת הזנה משקמת לאחר החלקה ללא תוספת מלח 300 מ""ל",פישר תעשיות פרמבצטיות בעמ,IL,מסכה לשיער,מיליליטרים,300.00,"100 מ""ל",false,1,34.10,11.37,true,1,
7290018343487,false,"אלכוג ל H שפורפרת 75מ""ל",פישר תעשיות פרמבצטיות בעמ,IL,"אלכו ג'ל H 75מ""ל",מיליליטרים,75.00,"100 מ""ל",false,1,8.40,11.20,true,1,
7290018359495,false,תירס מהשדה בלי תוספת סוכר יכין 550 גרם,היינץ צפון אמריקה מק,IL,"תירס מהשדה ללת""ס",גרמים,550.00,100 גרם,false,1,8.40,1.53,true,1,
7290018359518,false,תירס מהשדה בלי תוספת סוכר יכין מארז 200X3 גר',היינץ צפון אמריקה מק,IL,תירס מהשדה 3 יח,גרמים,600.00,100 גרם,false,1,12.70,2.12,true,1,
7290018359686,false,יכין חומוס גדול 550 גר A2,היינץ צפון אמריקה מק,IL,חומוס ענק,גרמים,550.00,100 גרם,false,1,7.60,1.38,true,1,
7290018359716,false,רוטב עגבניות פיצה טוסקנה 240 גרם יכין,"זנלכל בע""\מ",IL,רוטב לפיצה,גרמים,240.00,100 גרם,false,1,5.50,2.29,true,1,
7290018359938,false,"רוטב עגבניות לשקשוקה יכין, 400 גרם",זנלכול יכין,IL,רוטב שקשוקה,גרמים,400.00,100 גרם,false,1,8.50,2.12,true,1,
7290018359945,false,רוטב עגבניות פיקנטי מפלפלים וירקות יכין 400 גרם,זנלכול יכין,IL,חאריפה,גרמים,400.00,100 גרם,false,1,8.50,2.12,true,1,
7290018359952,false,רוטב עגבניות לפסטה יכין 400 גרם,זנלכול יכין,IL,רוטב עגבניות,גרמים,400.00,100 גרם,false,1,8.50,2.12,true,1,
7290018359969,false,רוטב עגבניות לפיצה יכין 400 גרם,זנלכול יכין,IL,רוטב פיצה,גרמים,400.00,100 גרם,false,1,8.50,2.12,true,1,
7290018371008,false,טורטיה ציפס תירס סגול וצילי אורגני 70 גר,קואקספרה,PE,חטיף טורטייה,גרמים,70.00,100 גרם,false,1,14.40,20.57,true,1,
7290018371091,false,בייגלה אורגני מקמח כוסמין ללא מלח 200 גר,השדה מוצרים טבעיים ו,IL,בייגלה כוסמין,גרמים,200.00,100 גרם,false,1,14.10,7.05,true,1,
7290018371275,false,מיני פריכיות כוסמין 80 גר,"פרח תעשיות מזון בע""\מ",IL,מיני פריכיות,גרמים,80.00,100 גרם,false,1,10.10,12.63,true,1,
7290018371305,false,אובלטים מקמח עדשים אדומות אורגני 100 גרם,השדה מוצרים טבעיים ו,IL,אובלטים אורגניים,גרמים,100.00,100 גרם,false,1,10.90,10.90,true,1,
7290018371411,false,פסטה רדיאטורי אורגנית255,,IT,פסטה אורגנית,גרמים,255.00,100 גרם,false,1,24.70,9.69,true,1,
7290018371503,false,וופל קמח כוסמין אגוזים אורגני 200 גרם,השדה מוצרים טבעיים ו,IL,וופל קמח כוסמין,גרמים,200.00,100 גרם,false,1,13.50,6.75,true,1,
7290018371534,false,וופל קוביות כוסמין חרובים אורגני 200 גר,"רוקחמן בע""מ",IL,וופל קוביות חרוב,גרמים,200.00,100 גרם,false,1,13.50,6.75,true,1,
7290018394021,false,ח.תקוע פטריות מלך היער,חוות פטריות תקוע,CN,פטריות מלך היער,גרמים,150.00,100 גרם,false,1,13.90,9.27,true,1,
7290018400609,false,פיאסטה מקסיקנית סנפרוסט 800 גרם,"סנפרוסט בע""מ",IL,פיאסטה מקסיקנית,גרמים,800.00,100 גרם,false,1,19.50,2.44,true,1,
7290018400661,false,לקט פאייה בסגנון ספרדי סנפרוסט 800 גרם,תנובה קפואים,IL,לקט פאייה,גרמים,800.00,100 גרם,false,1,19.50,2.44,true,1,
7290018440209,false,פליפז בייגלה בציפוי פאדג' לבן מקוויטיס 140 גרם,תה ויסוצקי (ישראל) בעמ,,בייגלה מצופה,יחידה,1.00,יחידה,false,0,7.60,7.60,true,1,
7290018440223,false,תה צ'אי מסאלה 25 שקיקים ויסוצקי,תה ויסוצקי (ישראל) בעמ,IL,צ'אי מסאלה,גרמים,50.00,100 גרם,false,1,18.70,37.40,true,1,
7290018440230,false,תה צ'אי ורדים 25 שקיקים ויסוצקי,תה ויסוצקי (ישראל) בעמ,IL,צ'אי ורדים,גרמים,50.00,100 גרם,false,1,18.70,37.40,true,1,
7290018440247,false,תה צ'אי שקדים0 25 שקיקים ויסוצקי,תה ויסוצקי (ישראל) בעמ,IL,צ'אי שקדים,גרמים,50.00,100 גרם,false,1,18.70,37.40,true,1,
7290018440254,false,תה צ'אי קרמל מלוח 25 שקיקים ויסוצקי,תה ויסוצקי (ישראל) בעמ,IL,צ'\אי קרמל מלוח,גרמים,50.00,100 גרם,false,1,18.70,37.40,true,1,
7290018440438,false,Calvo טונה בשמן זית פתיחה קלה 3 * 65 גרם,תה ויסוצקי (ישראל) בעמ,ES,טונה בשמן זית3יח,גרמים,195.00,100 גרם,false,1,22.10,11.33,true,1,
7290018440445,false,טונה קאלוו בשמן זית 160 גר,תה ויסוצקי (ישראל) בעמ,ES,טונה בשמן זית,גרמים,160.00,100 גרם,false,1,14.40,9.00,true,1,
7290018440483,false,פליפז בייגלה מצופה בקרמל מלוח ושוקולד מקוויטיס 140 גרם,תה ויסוצקי (ישראל) בעמ,TR,בייגלה קרמל מלוח,גרמים,140.00,100 גרם,false,1,7.60,5.43,true,1,
7290018440513,false,סלט קליפורנייה קאלוו עם טונה 150 גר,תה ויסוצקי (ישראל) בעמ,ES,סלט קליפורניה,גרמים,150.00,100 גרם,false,1,12.70,8.47,true,1,
7290018440520,false,סלט טונה קאלוו מקסיקני 150 גר,"קאלוו קונסרבס ס.ל.יו. ,",ES,סלט טונה מקסיקני,גרמים,150.00,100 גרם,false,1,12.70,8.47,true,1,
7290018440575,false,תה ירוק לימונית לואיזה 25+5 שקיקים,ויסוצקי,IL,תה ירוק לימונית,גרמים,48.00,100 גרם,false,1,21.20,44.17,true,1,
7290018468319,false,נקניקיה טבעונית בסגנון צוריסוס טירת צבי 400 גרם,תנובה מרכז שיתופי לשיווק תוצרת,IL,נקניקיות צמחוניו,גרמים,400.00,100 גרם,false,1,34.10,8.53,true,1,
7290018468326,false,נקניקיה טבעונית בסגנון אמריקאי טירת צבי 400 גרם,תנובה מרכז שיתופי לשיווק תוצרת,IL,נקניקיות צמחיות,גרמים,400.00,100 גרם,false,1,34.10,8.53,true,1,
7290018468401,false,פסטרמה צמחונית בטעם גריל 100 גר טירת צבי,תנובה מרכז שיתופי לשיווק תוצרת,IL,פסטרמה צמחונית,גרמים,120.00,100 גרם,false,1,13.50,11.25,true,1,
7290018468425,false,נקניק טבעוני בטעם פיקנטי 100 גרם טירת צבי,תנובה מרכז שיתופי לשיווק תוצרת,IL,נקניק טבעוני,גרמים,120.00,100 גרם,false,1,13.50,11.25,true,1,
7290018468432,false,נקניק טבעוני בטעם מעושן 100 גרם טירת צבי,תנובה מרכז שיתופי לשיווק תוצרת,IL,נקניק טבעוני,גרמים,100.00,100 גרם,false,1,13.50,13.50,true,1,
7290018471029,false,"סודה בטעם לימון - מארז 6 בקבוקים 500 מ""ל",יפאורה שותפות מוגבלת לשיווק,IL,שוופס סודה 6 יח,ליטרים,3.00,ליטר,false,1,12.30,4.10,true,1,
7290018471128,false,"ספרינג שייק אננס מנגו פסיפלורה זכוכית 330 מ""ל","יפאורה תבורי בע""\מ",IL,ספרינג שייק,מיליליטרים,330.00,"100 מ""ל",false,1,6.40,1.94,true,1,
7290018471135,false,"ספרינג שייק בננה תמר תפוז זכוכית 330 מ""ל","יפאורה תבורי בע""\מ",IL,ספרינג שייק,מיליליטרים,330.00,"100 מ""ל",false,1,6.40,1.94,true,1,
7290018471142,false,"ספרינג שייק בננה אננס קוקוס פירות יער זכוכית 330 מ""ל","יפאורה תבורי בע""\מ",IL,ספרינג שייק בננה,מיליליטרים,330.00,"100 מ""ל",false,1,6.40,1.94,true,1,
7290018471180,false,משקה פרוט& ווג' אננס תפוח גזר 1 ליטר,יפאורה שותפות מוגבלת לשיווק,IL,מיץ פרוט & ווג',ליטרים,1.00,ליטר,false,1,11.20,11.20,true,1,
7290018471197,false,פרוט אנד ווג` תפוח בננה מלון נענע 1 ליטר,יפאורה שותפות מוגבלת לשיווק,IL,מיץ פרוט & ווג',ליטרים,1.00,ליטר,false,1,11.20,11.20,true,1,
7290018471210,false,ספרינג נקטר אגס סברס תפוח 1ליטר קרטוני,יפאורה שותפות מוגבלת לשיווק,IL,ספרינג 1 ליטר,ליטרים,1.00,ליטר,false,1,5.90,5.90,true,1,
7290018471302,false,"רביעיית שוופס טוניק בקבוק 4*250 מ""ל",יפאורה שותפות מוגבלת לשיווק,IL,שוופס טוניק 4יח,ליטרים,1.00,ליטר,false,1,18.20,18.20,true,1,
7290018471395,false,משקה פרוט& ווג' תפוח רימון ג'ינג'ר 1 ליטר,יפאורה שותפות מוגבלת לשיווק,IL,מיץ פרוט & ווג',ליטרים,1.00,ליטר,false,1,11.20,11.20,true,1,
7290018471401,false,משקה פרוט& ווג' אננס בננה כורכום 1 ליטר,יפאורה שותפות מוגבלת לשיווק,IL,מיץ פרוט & ווג',ליטרים,1.00,ליטר,false,1,11.20,11.20,true,1,
7290018471456,false,קרטונית ספרינג שייק אננס מנגו פסיפלורה 1 ליטר,יפאורה שותפות מוגבלת לשיווק,IL,ספרינג שייק,ליטרים,1.00,ליטר,false,1,11.20,11.20,true,1,
7290018471463,false,תפוזינה נקטר תפוז מנגו קרטונית 1 ליטר,יפאורה שותפות מוגבלת לשיווק,IL,תפוזינה enjoy,ליטרים,1.00,ליטר,false,1,6.30,6.30,true,1,
7290018471470,false,תפוזינה נקטר תפוז פסיפלורה קרטונית 1 ליטר,יפאורה שותפות מוגבלת לשיווק,IL,תפוזינה enjoy,ליטרים,1.00,ליטר,false,1,6.30,6.30,true,1,
7290018471487,false,תפוזינה נקטר תפוז אננס קרטונית 1 ליטר,יפאורה שותפות מוגבלת לשיווק,IL,תפוזינה תפוז אננ,ליטרים,1.00,ליטר,false,1,6.30,6.30,true,1,
7290018471494,false,תפוזינה משקה תפוז גזר קרטונית 1 ליטר,יפאורה שותפות מוגבלת לשיווק,IL,תפוזינה תפוז גזר,ליטרים,1.00,ליטר,false,1,6.30,6.30,true,1,
7290018471548,false,"רביעיית ספרינג ענבים 250 מ""ל",יפאורה שותפות מוגבלת לשיווק,IL,משקה ספרינג 4יח,ליטרים,1.00,ליטר,false,1,10.00,10.00,true,1,
7290018471616,false,שוופס אינדיאן טוניק 1 ליטר,יפאורה שותפות מוגבלת לשיווק,IL,שוופס טוניק אינד,ליטרים,1.00,ליטר,false,1,7.90,7.90,true,1,
7290018471623,false,שוופס טוניק אשכוליות ליצ`י 1 ליטר,יפאורה שותפות מוגבלת לשיווק,IL,שוופס טוניק,ליטרים,1.00,ליטר,false,1,7.90,7.90,true,1,
7290018471630,false,שוופס טוניק מלפפון ליים 1 ליטר,יפאורה שותפות מוגבלת לשיווק,IL,שוופס טוניק,ליטרים,1.00,ליטר,false,1,7.90,7.90,true,1,
7290018471692,false,ספרינג שייק בננה אננס קוקוס פירות יער קרטונית 1 ליטר,יפאורה - שותפות מוגבלת לשיווק,IL,ספרינג שייק,ליטרים,1.00,ליטר,false,1,11.20,11.20,true,1,
7290018471906,false,שוופס מוגז פירות לימונדה ורודה 1.5 ליטר פיקדון,יפאורה - שותפות מוגבלת לשיווק,IL,שוופס לימונדה,ליטרים,1.50,ליטר,false,0,7.90,5.27,true,1,
7290018471913,false,משקה מוגז פירות תפוחים שוופס 1.5 ליטר,יפאורה - שותפות מוגבלת לשיווק,IL,שוופס תפוחים,ליטרים,1.50,ליטר,false,0,7.90,5.27,true,1,
7290018471920,false,שוופס מוגז פירות ענבים 1.5 ליטר פיקדון,יפאורה - שותפות מוגבלת לשיווק,IL,שוופס ענבים,ליטרים,1.50,ליטר,false,0,7.90,5.27,true,1,
7290018471937,false,שוופס מוגז פירות תות ליים 1.5 ליטר פיקדון,יפאורה - שותפות מוגבלת לשיווק,IL,שוופס מוגז תו,ליטרים,1.50,ליטר,false,0,7.90,5.27,true,1,
7290018471944,false,שוופס מוגז פירות לימונייד 1.5 ליטר פיקדון,יפאורה - שותפות מוגבלת לשיווק,IL,שוופס לימוניי,ליטרים,1.50,ליטר,false,0,7.90,5.27,true,1,
7290018471951,false,שוופס מוגז פירות אשכולית אדומה 1.5 ליטר פיקדון,יפאורה - שותפות מוגבלת לשיווק,IL,שוופס אשכולית,ליטרים,1.50,ליטר,false,0,7.90,5.27,true,1,
7290018493908,false,"ד""ר פישר - קמיל בלו סנסיטיב אל דמע 750 מ""ל",פישר תעשיות פרמצבטיות בעמ,IL,קמיל בלו סנסיטיב,מיליליטרים,750.00,"100 מ""ל",false,1,17.00,2.27,true,1,
7290018493915,false,"ד""ר פישר - שמן גוף לתינוק מעושר בשמן שקדים 200 מ""ל",פישר תעשיות פרמצבטיות בעמ,IL,שמן גוף לתינוק,מיליליטרים,200.00,"100 מ""ל",false,1,14.40,7.20,true,1,
7290018493977,false,קמיל לניקוי והרגעת העור מועשר בשיבולת שועל 1 ל',"פישר תעשיות פרמצבטיות בע""מ",IL,אל סבון קמיל,ליטרים,1.00,ליטר,false,1,13.50,13.50,true,1,
7290018500316,false,ארטיזנל לחם כוסמין לבן אנג'ל 750 גרם,מאפיית שלמה א. אנג'ל,IL,לחם כוסמין לבן,גרמים,400.00,100 גרם,false,1,15.30,3.83,true,1,
7290018516324,false,פאוץ' פרינוק תפוח עץ עם שיבולת שועל 120 גרם,גורי מוצרי צריכה (1991) בעמ,CZ,פרינוק,גרמים,120.00,100 גרם,false,1,5.00,4.17,true,1,
7290018516331,false,פאוץ' פרינוק תפוח בננה ושיבולת שועל 120 גרם,גורי מוצרי צריכה (1991) בעמ,CZ,פרינוק,גרמים,120.00,100 גרם,false,1,5.00,4.17,true,1,
7290018516348,false,מחית פרינוק פאוץ' שיבולת שועל סלט פירות 120 גרם,גורי מוצרי צריכה (1991) בעמ,CZ,פרינוק,גרמים,120.00,100 גרם,false,1,5.00,4.17,true,1,
7290018516355,false,מחיט תפוח עץ ושבולות שועל 190 ג' פרינוק גוניור,גורי מוצרי צריכה (1991) בעמ,CZ,פרינוק ארוחה,גרמים,190.00,100 גרם,false,1,5.00,2.63,true,1,
7290018516362,false,מחיט תפוח עץ בננה ושבולות שועל 190 ג' פרינוק גוניור,גורי מוצרי צריכה (1991) בעמ,CZ,פרינוק ארוחה,גרמים,190.00,100 גרם,false,1,5.00,2.63,true,1,
7290018516379,false,מחיט סלט פירות ושבולות שועל 190 ג' פרינוק גוניור,גורי מוצרי צריכה (1991) בעמ,CZ,פרינוק ארוחת סלט,גרמים,190.00,100 גרם,false,1,5.00,2.63,true,1,
7290018540329,false,שקית פיתה פיתה בלדי 800 ג' אנג'ל,מאפיית שלמה א. אנג'\ל בע,IL,פיתה פיתה 8 יח,גרמים,800.00,100 גרם,false,1,11.00,1.38,true,1,
7290018540459,false,לחמניות המבורגר כוסמין 6 יח`300 גרם אנג,מאפיית שלמה א.אנג'\ל בע\,IL,6 לחמניות המבוגר,גרמים,300.00,100 גרם,false,1,15.80,5.27,true,1,
7290018540817,false,ארטיזנל לחם מחמצת כוסמין אנג'ל 500 גרם,שלמה א. אנג`ל בעמ,IL,לחם מחמצת כוסמין,גרמים,500.00,100 גרם,false,1,16.10,3.22,true,1,
7290018540824,false,ארטיזנל לחם מחמצת כפרי אנג'ל 500 גרם,שלמה א. אנג`ל בעמ,IL,לחם מחמצת כפרי,גרמים,500.00,100 גרם,false,1,15.30,3.06,true,1,
7290018540831,false,ארטיזנל לחם מחמצת חיטה מלאה ודגנים אנג'ל 500 גרם,שלמה א. אנג`ל בעמ,IL,לחם מחמצת,גרמים,500.00,100 גרם,false,1,15.30,3.06,true,1,
7290018556221,false,רויאל בטעם פסיפלורה750מל,פיירוואטר,IL,רויאל ט.פסיפלורה,מיליליטרים,750.00,"100 מ""ל",false,1,29.80,3.97,true,1,
7290018556238,false,רויאל בטעם לימונים 750 מ,פיירוואטר,IL,רויאל טעם לימון,מיליליטרים,750.00,"100 מ""ל",false,1,29.80,3.97,true,1,
7290018556252,false,רויאל ט.אשכולית אדומה750,פיירוואטר,IL,רויאל ט.אשכולית,מיליליטרים,750.00,"100 מ""ל",false,1,29.80,3.97,true,1,
7290018556276,false,רויאל טעם רוזטה שקדים750,פיירוואטר,IL,רויאל ט.רוזטה,מיליליטרים,750.00,"100 מ""ל",false,1,29.80,3.97,true,1,
7290018571415,false,מיה לקקנים מולטיקולור תות בננה 220 גרם,מיה תעשיות מזון מ.ת.מ. בעמ,IL,לקקנים בטעם תות,גרמים,220.00,100 גרם,false,1,6.70,3.05,true,1,
7290018593035,false,כמוצרלה קשיו 200 גרם - פלנטי (חדש),פלנטי,IL,כמוצרלה קשיו,גרמים,200.00,100 גרם,false,1,22.90,11.45,true,1,
7290018593042,false,מוצרלה קשיו מגורדת 300 ג,פלנטי,IL,מוצרלה קשיו,גרמים,300.00,100 גרם,false,1,27.20,9.07,true,1,
7290018593110,false,רביולי גבינות שקדים וקשיו 400 גרם - פלנטי,פלנטי,IL,רביולי גבינות,גרמים,400.00,100 גרם,false,1,33.20,8.30,true,1,
7290018593127,false,רביולי תרד גבינות 400גרם,פלנטי,IL,רביולי מילוי תרד,גרמים,400.00,100 גרם,false,1,33.20,8.30,true,1,
7290018652039,false,לה קרמריה קרמל מלוח ונוגט בדצ 6*1.4 ליטר,נגה גלידות שותפות מוגבלת,IL,להקרמריה קרמל מל,גרמים,700.00,100 גרם,false,1,16.10,2.30,true,1,
7290018652213,false,מאגדת חטיפי גלידה קראנץ בר 41X6 גרם,נגה גלידות שותפות מוגבלת,IT,מאגדת חטיפי גליד,גרמים,246.00,100 גרם,false,1,18.70,7.60,true,1,
7290018652671,false,"לה קרמריה שוקולד וניל 1.4 ליטר [תו אי""ל]",נגה גלידות שותפות מוגבלת,IL,לה קרמריה שוקו ו,ליטרים,1.40,ליטר,false,1,16.10,11.50,true,1,
7290018652688,false,לה קרמריה פירות טרופיים ופירות יער נסטלה 700 גרם,נגה גלידות שותפות מוגבלת,IL,לה קרמריה טרופי,ליטרים,0.84,ליטר,false,1,16.10,19.17,true,1,
7290018652886,false,שלגונים בשומן צמחי בטעמי שוקו ובננה מצופים צימקאו,נגה גלידות שותפות מוגבלת,IL,מאגדת שוקו בננה,גרמים,476.00,100 גרם,false,1,25.50,5.36,true,1,
7290018652909,false,מאגדת מאגנום קפה שוקולד ופקאן 5 *43 ג' נסטלה,נגה גלידות שותפות מוגבלת,IL,מאגדת קפה שוקולד,גרמים,215.00,100 גרם,false,1,23.80,11.07,true,1,
7290018652923,false,פרוייקט סער-תות עוגת גבינה נסטלה 5*43 גרם,נגה גלידות שותפות מוגבלת,IL,מאגדת מסקרפונה,גרמים,215.00,100 גרם,false,1,23.80,11.07,true,1,
7290018703052,false,פראוד חטיף חלבון עוגיות קראנץ גר`,דיפלומט היינץ,NL,חטיף חלבון פראוד,גרמים,29.00,100 גרם,false,1,9.30,32.07,true,1,
7290018703069,false,מאגדת חטיף חלבון עוגיות קראנצ 5*29 ג' פראוד,,NL,חטיפי פראוד 5 יח,גרמים,145.00,100 גרם,false,1,38.30,26.41,true,1,
7290018703182,false,פראוד חטיף חלבון שוקולד בוטנים קרמל 29 ג,דיפלומט היינץ,NL,חטיף חלבון פראוד,גרמים,29.00,100 גרם,false,1,9.30,32.07,true,1,
7290018703199,false,מאגדת חטיף חלבון שוקולד בוטנים 5*29 ג' פראוד,,NL,חטיפי פראוד 5 יח,גרמים,145.00,100 גרם,false,1,38.30,26.41,true,1,
7290018703311,false,פראוד - חטיף חלבון קרם עוגיות קראנצ' 60ג,דיפלומט מפיצים (1968) בעמ**,NL,חטיף חלבון,גרמים,60.00,100 גרם,false,1,11.00,18.33,true,1,
7290018703496,false,פראוד - חטיף חלבון בטעם בננה טופי 60 גרם,דיפלומט מפיצים (1968) בעמ**,NL,חטיף חלבון,גרמים,60.00,100 גרם,false,1,11.00,18.33,true,1,
7290018720103,false,"אפיפיות וופל בטעם שוקו לל""ס הדר 250 גרם",רזיט שיווק בעמ,IL,אפיפיות ללא סוכר,גרמים,250.00,100 גרם,false,1,6.70,2.68,true,1,
7290018720110,false,מעדני המלך- יאמי עוגיות ממולאות בקרם אגוזים 30% 150 גרם,"הגביע מוצרי ופלים בע""\מ",IL,עוגיות יאמי,גרמים,150.00,100 גרם,false,1,5.90,3.93,true,1,
7290018724637,false,זוג פאי שווארמה טבעוני נטורלה 460 גר`,י.איטליאנו אחזקות בעמ,IL,פאי שווארמה,גרמים,460.00,100 גרם,false,1,42.60,9.26,true,1,
7290018732007,false,אבוקדו האס ארוז יחידה,ביכורי השדה צפון 1994 ג.ד. בעמ,,אבוקדו האס ארוז,יחידה,1.00,יחידה,false,0,11.90,11.90,true,1,
7290018733141,false,מסכה לתלתלים 60 שניות 50,מיסטר בונד,IL,מסכה לתלתלים 60,מיליליטרים,500.00,"100 מ""ל",false,1,42.60,8.52,true,1,
7290018752708,false,מארז שוקולתמר במילוי חמאת שקדים 120 גרם,,IL,שוקלדתמר מארז,גרמים,120.00,100 גרם,false,1,14.40,12.00,true,1,
7290018752722,false,מארז שוקולתמר במילוי חמאת בוטנים 120 גרם,,IL,שוקולדתמר מארז,גרמים,120.00,100 גרם,false,1,14.40,12.00,true,1,
7290018752814,false,ריבועי מרציפן אגוז 120ג,,IL,ריבועי מרציפן,גרמים,120.00,100 גרם,false,1,18.70,15.58,true,1,
7290018752838,false,ריבועי מרציפן פיסטוק120ג,,IL,ריבועי מרציפן,גרמים,120.00,100 גרם,false,1,18.70,15.58,true,1,
7290018757000,false,מיץ רימונים אורגני עתיד ירוק 1 ליטר,,TR,מיץ רימונים,ליטרים,1.00,ליטר,false,1,19.60,19.60,true,1,
7290018757116,false,קמח שקדים עתיד ירוק 250 גרם,"אשבל פונקציות בע""מ",IL,קמח שקדים,גרמים,250.00,100 גרם,false,1,22.10,8.84,true,1,
7290018757147,false,"קמח ש.שועל מלאה לל""ג אורגני 400 גרם",נוטרה זן,FI,קמח שיבולת שועל,גרמים,400.00,100 גרם,false,1,16.10,4.03,true,1,
7290018757154,false,קמח עדשים אדומות עתיד ירוק 400 גרם,טחנת קמח טל,IL,קמח עדשים אדומות,גרמים,400.00,100 גרם,false,1,18.20,4.55,true,1,
7290018757161,false,קמח טף בהיר מעודן עתיד ירוק 400 גרם,טחנת קמח טל,IL,קמח טף ללא גלוטן,גרמים,400.00,100 גרם,false,1,20.70,5.18,true,1,
7290018757178,false,קמח כוסמת אורגני עתיד ירוק 400 גרם,טחנת קמח טל,IL,קמח כוסמת אורגני,גרמים,400.00,100 גרם,false,1,13.50,3.38,true,1,
7290018757277,false,בורגר ירקות טבעוני עתיד ירוק 400 גרם,פרה מזון בעמ,IL,בורגר ירקות,גרמים,400.00,100 גרם,false,1,17.00,4.25,true,1,
7290018757291,false,זרעי צ'יה לבנה 230 גרם,,PY,זרעי צ'יה לבנה,גרמים,230.00,100 גרם,false,1,17.00,7.39,true,1,
7290018757369,false,אבקת ספירולינה 250 גרם,,CN,אבקת ספירולינה,גרמים,250.00,100 גרם,false,1,102.40,40.96,true,1,
7290018757390,false,שבבי קוקוס ללא גלוטן400ג,,IL,שבבי קוקוס,גרמים,400.00,100 גרם,false,1,25.50,6.38,true,1,
7290018757505,false,סודה לשתייה ללא אלומיניום 600 גרם,אשבל בעמ,IL,סודה לשתיה,גרמים,600.00,100 גרם,false,1,17.00,2.83,true,1,
7290018757512,false,"אבקת אפיה ללא אלומיניום לל""ג 600 גרם",,IL,אבקת אפייה,גרמים,600.00,100 גרם,false,1,17.00,2.83,true,1,
7290018757574,false,זרעי ציה 230 ג SUPER FOOD,,IL,זרעי צ'יה,גרמים,230.00,100 גרם,false,1,14.40,6.26,true,1,
7290018757710,false,אבקת קקאו אורגנית עתיד ירוק 100 גרם,,GH,אבקת קקאו אורגני,גרמים,100.00,100 גרם,false,1,12.70,12.70,true,1,
7290018777206,false,חט.ספירולינה תמר/קוקו5יח,"אפקטבעי בע""\מ",IL,חטיפי ספירולינה,גרמים,200.00,100 גרם,false,1,42.60,21.30,true,1,
7290018795842,false,שיני שום קלופות 500ג מרינה,קונס`-מרינה פטריות הגליל בעמ*ש,IL,שיני שום קלופות,גרמים,500.00,100 גרם,false,1,18.90,3.78,true,1,
7290018825020,false,תפוא לבן לאפייה דוד משה גורמה,תוצרת הנגב אגודה שיתופית חקלאי,IL,"תפו""א לבן גורמה",קילוגרמים,0.00,"ק""ג",true,1,6.90,6.90,true,1,
7290018825815,false,תפוח אדמהלבן בייבי גורמה,חבל מעון,IL,"תפו""א בייבי גורמ",קילוגרמים,0.00,"ק""ג",true,1,6.90,6.90,true,1,
7290018835005,false,אקסטרה צ'יפס אורז חום מלא מלח פלפל שמן זית 60 גרם,א.ל.ייצור ושיווק תבלינים בעמ,BG,צ'יפס אורז חום,גרמים,60.00,100 גרם,false,1,5.90,9.83,true,1,
7290018835029,false,מרק בטעם עוף פרווה 400 ג,א.ל ייצור ושיווק תבלינים בעמ,IL,מרק בטעם עוף,גרמים,400.00,100 גרם,false,1,7.60,1.90,true,1,
7290018857748,false,שקד לבן אורגני 300 גרם,,IL,שקד לבן אורגני,גרמים,300.00,100 גרם,false,1,36.60,12.20,true,1,
7290018857885,false,"חמאת בוטנים 1 ק""ג",,AR,חמאת בוטנים,קילוגרמים,1.00,"ק""ג",false,1,28.10,28.10,true,1,
7290018893654,false,חטיפי בייגלה דקיקים ופריכים מלח צ'וקטה 200 ג',ש.שסטוביץ בעמ,RO,בייגלה + מלח,גרמים,200.00,100 גרם,false,1,5.90,2.95,true,1,
7290018921029,false,"ד""ר פישר - קמיל בלו מגבוני סנסיטיב 64 יח' * 4","פישר תעשיות פרמבצטיות בע""מ",IL,מגבוני קמיל בלו,יחידה,1.00,יחידה,false,1,18.70,18.70,true,1,
7290018921067,false,"ד""ר פישר - אפקטיב קר תחליב רחצה שמן שקדים 700 מ""ל","פישר תעשיות פרמצביטות בע""מ",IL,תחליב רחצה שקדים,מיליליטרים,700.00,"100 מ""ל",false,1,11.80,1.69,true,1,
7290018921166,false,קמיל אל סבון להזנת העור מועשר באצות-ים 1 ליטר,"פישר תעשיות פרמבצטיות בע""מ",IL,אל סבון קמיל,ליטרים,1.00,ליטר,false,1,13.50,13.50,true,1,
7290018921203,false,"קמיל בלו קרם החתלה קמומיל 120 ג' ד""ר פישר","פישר תעשיות פרמבצטיות בע""מ",IL,קרם החתלה קמומיל,גרמים,120.00,100 גרם,false,1,13.50,11.25,true,1,
7290018921265,false,"תחליב רחצה מועשר בתמצית אלוורה 700 מ""ל אפקטיב קר","פישר תעשיות פרמצבטיות בע""מ",IL,תחליב רחצ.אלוורה,מיליליטרים,700.00,"100 מ""ל",false,1,11.80,1.69,true,1,
7290018921449,false,קמיל בלו מגבונים תפרחת חיתולים רביעייה,"פישר תעשיות פרמבצטיות בע""מ",IL,מגבונים קמיל 4יח,יחידה,1.00,יחידה,false,1,21.20,21.20,true,1,
7290018921456,false,"ד""ר פישר - אפקטיב קר תחליב רחצה שמן כותנה 700 מ""ל","פישר תעשיות פרמבצטיות בע""מ",IL,תחליב רחצה כותנה,מיליליטרים,700.00,"100 מ""ל",false,1,11.80,1.69,true,1,
7290018921609,false,"ד""ר פישר - קמיל בלו קרם החתלה קלנדולה 120 גרם","פישר תעשיות פרמצבטיות בע""מ",IL,קמיל בלו ק החתלה,גרמים,120.00,100 גרם,false,1,13.50,11.25,true,1,
7290018921616,false,רביעיית מגבוני קמיל בלו שיבולת שועל 64 יח',"פישר תעשיות פרמצביטות בע""מ",IL,מגבוני קמיל 4יח,יחידה,1.00,יחידה,false,1,19.50,19.50,true,1,
7290018921753,false,קמיל אל סבון היגייני לניקוי יסודי מועשר בלחות 1 ליטר,"פישר תעשיות פרמבצטיות בע""מ",IL,אל סבון קמיל,ליטרים,1.00,ליטר,false,1,13.50,13.50,true,1,
7290018921852,false,"תחליב רחצה מועשר בשמן ארגן 700 מ""ל אפקטיב קר","פישר תעשיות פרמצבטיות בע""מ",IL,תחליב רחצה ארגן,מיליליטרים,700.00,"100 מ""ל",false,1,11.80,1.69,true,1,
7290018925065,false,מיץ תפוזים סחוט פרימור (2 ליטר),שטראוס גרופ בעמ/מצונן,IL,מיץ תפוזים סחוט,ליטרים,2.00,ליטר,false,1,23.00,11.50,true,1,
7290018925072,false,פרימור טרי מיץ לימונים עם נענע 2 ליטר,שטראוס גרופ בעמ/מצונן,IL,משקה קל לימונים,ליטרים,2.00,ליטר,false,1,23.00,11.50,true,1,
7290018925089,false,"מיץ פרימור תפו""ע צלול סחוט 2 ליטר-",שטראוס גרופ בעמ/מצונן,IL,מיץ תפוחי עץ,ליטרים,2.00,ליטר,false,1,23.00,11.50,true,1,
7290018949009,false,גרופר משקה קל מוגז אורגני תפוזזה 330 מל,טחנת האבן קואופ בעמ,PL,משקה קל מוגז,מיליליטרים,330.00,"100 מ""ל",false,1,8.10,2.45,true,1,
7290018949023,false,גרופר משקה קל מוגז אורגני לימוננדה 330 מ,טחנת האבן קואופ בעמ,PL,משקה מוגז לימון,מיליליטרים,330.00,"100 מ""ל",false,1,8.10,2.45,true,1,
7290018989128,false,סירופ בטעם ענבים יכין 1 ליטר,זנלכול יכין,IL,סירופ בטעם ענבים,ליטרים,1.00,ליטר,false,1,17.00,17.00,true,1,
7290018989135,false,סירופ בטעם פטל יכין 1 ליטר,זנלכול יכין,IL,סירופ בטעם פטל,ליטרים,1.00,ליטר,false,1,17.00,17.00,true,1,
7290019014614,false,"מרכך כביסה בלו 900 מ""ל",סאסא טק,IL,מרכך כביסה בלו,מיליליטרים,900.00,"100 מ""ל",false,1,17.00,1.89,true,1,
7290019014621,false,"מרכך כביסה לגונה 900 מ""ל",סאסא טק,IL,מרכך כביסה לגונה,מיליליטרים,900.00,"100 מ""ל",false,1,17.00,1.89,true,1,
7290019014638,false,מרכך כביסה פרש וויט 900,סאסא טק,IL,מרכך כביסה פרש,מיליליטרים,900.00,"100 מ""ל",false,1,17.00,1.89,true,1,
7290019014645,false,"מסיר כתמים טנקס 500 מ""ל",סאסא טק,IL,מסיר כתמים TNX,מיליליטרים,500.00,"100 מ""ל",false,1,21.20,4.24,true,1,
7290019014652,false,מרכך כביסה בייבי לאב900מ,סאסא טק,IL,מרכך כביסה בייבי,מיליליטרים,900.00,"100 מ""ל",false,1,20.40,2.27,true,1,
7290019014669,false,ג'ל לכביסה צבעונית 1.35ל,סאסא טק,IL,ג'ל לכביסה ירוק,ליטרים,1.35,ליטר,false,1,25.50,18.89,true,1,
7290019014676,false,ג'ל לכביסה לבנה 1.35 ל,סאסא טק,IL,ג'ל לכביסה לבנה,ליטרים,1.35,ליטר,false,1,25.50,18.89,true,1,
7290019014706,false,נוזל רצפות פרש וויט1.35ל,סאסא טק,IL,נוזל רצפות פרש,ליטרים,1.35,ליטר,false,1,21.20,15.70,true,1,
7290019014737,false,"מבשם בדים ביץ קלאב500מ""ל",סאסא טק,IL,מבשם בדים קלאב,מיליליטרים,500.00,"100 מ""ל",false,1,17.00,3.40,true,1,
7290019014744,false,מרסס חלונות פרש וויט750מ,סאסא טק,IL,מרסס חלונות פרש,מיליליטרים,750.00,"100 מ""ל",false,1,11.00,1.47,true,1,
7290019014768,false,"ניקוי כלים 24% 750מ""ל",סאסא טק,IL,ניקוי כלים 24%,מיליליטרים,750.00,"100 מ""ל",false,1,12.70,1.69,true,1,
7290019014799,false,מסיר אבנית לאמבטיה 750 מ,סאסא טק,IL,קצף מסיר אבנית,מיליליטרים,750.00,"100 מ""ל",false,1,12.70,1.69,true,1,
7290019014805,false,"מרסס מנקה ריפודים 500מ""ל",סאסא טק,IL,מרסס מנקה ריפוד,מיליליטרים,500.00,"100 מ""ל",false,1,21.20,4.24,true,1,
7290019014812,false,"מרסס מנטרל ריחות 500 מ""ל",סאסא טק,IL,מרסס מנטרל ריחות,מיליליטרים,500.00,"100 מ""ל",false,1,17.00,3.40,true,1,
7290019014850,false,"תרסיס דוחה מים 400 מ""ל",סאסא טק,IL,תרסיס דוחה מים,מיליליטרים,400.00,"100 מ""ל",false,1,22.90,5.73,true,1,
7290019014867,false,"תרסיס מסיר דיו+דבק400מ""ל",סאסא טק,IL,תרסיס מסיר דיו,מיליליטרים,400.00,"100 מ""ל",false,1,22.90,5.73,true,1,
7290019014874,false,נוזל רצפות אוריאנטל1.35ל,סאסא טק,IL,נוזל רצפות,ליטרים,1.35,ליטר,false,1,21.20,15.70,true,1,
7290019031741,false,"סוכר לבן 1 ק""ג",פולסקי,PL,סוכר לבן,קילוגרמים,1.00,"ק""ג",false,1,3.90,3.90,true,1,
7290019041443,false,אגוז ברזיל טבעי 180גרם,,US,אגוז ברזיל,גרמים,180.00,100 גרם,false,1,23.80,13.22,true,1,
7290019056003,false,שוופס מוגז פירות 1.5 ליטר רביעייה לימוני,"יפאורה תבורי בע""\מ",IL,שוופס למונ1.5*4ל,ליטרים,6.00,ליטר,false,0,27.70,4.62,true,1,
7290019056027,false,שוופס מוגז פירות תפוחים ללא סוכר 1.5 ליטר פיקדון,יפאורה - שותפות מוגבלת לשיווק,IL,שוופס ללא סוכ,ליטרים,1.50,ליטר,false,0,7.40,4.93,true,1,
7290019056034,false,שוופס מוגז פירות אננס ללא סוכר 1.5 ליטר פיקדון,יפאורה - שותפות מוגבלת לשיווק,IL,שוופס אננס,ליטרים,1.50,ליטר,false,0,7.40,4.93,true,1,
7290019056041,false,שוופס מוגז פירות לימונייד ללא סוכר 1.5 ליטר פיקדון,יפאורה - שותפות מוגבלת לשיווק,IL,שוופס למונייד,ליטרים,1.50,ליטר,false,0,7.40,4.93,true,1,
7290019056058,false,שוופס מוגז עדין תפוח ליים 1.5 ליטר פיקדון,יפאורה - שותפות מוגבלת לשיווק,IL,שוופס מוגז תפוח,ליטרים,1.50,ליטר,false,0,7.40,4.93,true,1,
7290019056065,false,שוופס מוגז עדין פירות יער 1.5 ליטר פיקדון,יפאורה - שותפות מוגבלת לשיווק,IL,שוופס מוגז,ליטרים,1.50,ליטר,false,0,7.40,4.93,true,1,
7290019056072,false,שוופס מוגז עדין אננס 1.5 ליטר פיקדון,יפאורה - שותפות מוגבלת לשיווק,IL,שוופס מוגז עד,ליטרים,1.50,ליטר,false,0,7.40,4.93,true,1,
7290019056089,false,שוופס מוגז עדין ענבי ריזלינג 1.5 ליטר פיקדון,יפאורה - שותפות מוגבלת לשיווק,IL,שוופס מוגז,ליטרים,1.50,ליטר,false,0,7.40,4.93,true,1,
7290019056096,false,שוופס מוגז עדין אפרסק 1.5 ליטר פיקדון,יפאורה - שותפות מוגבלת לשיווק,IL,שוופס אפרסק,ליטרים,1.50,ליטר,false,0,7.40,4.93,true,1,
7290019056119,false,שוופס סודה 1.5 ליטר פיקדון,יפאורה שותפות מוגבלת לשיווק,IL,שוופס מי סודה,ליטרים,1.50,ליטר,false,0,3.20,2.13,true,1,
7290019056126,false,שוופס סודה לימון 1.5 ליטר בק' בודד פיקדון,יפאורה - שותפות מוגבלת לשיווק,IL,שוופס סודה לי,ליטרים,1.50,ליטר,false,0,3.20,2.13,true,1,
7290019056133,false,שוופס סודה נענע ליים 1.5 ליטר בק' בודד,יפאורה שותפות מוגבלת לשיווק,IL,שוופס סודה,ליטרים,1.50,ליטר,false,0,3.20,2.13,true,1,
7290019056164,false,שוופס סודה 1.5 ליטר רביעייה פיקדון,יפאורה - שותפות מוגבלת לשיווק,IL,שוופס סודה1.5*4ל,ליטרים,6.00,ליטר,false,0,10.60,1.77,true,1,
7290019056171,false,שוופס סודה לימון 1.5 ליטר רביעייה פיקדון,יפאורה - שותפות מוגבלת לשיווק,IL,סודה לימון 1.5*4,ליטרים,6.00,ליטר,false,0,10.60,1.77,true,1,
7290019056188,false,שוופס סודה נענע ליים 1.5 ליטר רביעייה פיקדון,יפאורה - שותפות מוגבלת לשיווק,IL,שוופס סודה1.5*4ל,ליטרים,6.00,ליטר,false,0,10.60,1.77,true,1,
7290019056201,false,שוופס סודה פירות יער 1.5 ליטר רביעייה פיקדון,יפאורה - שותפות מוגבלת לשיווק,IL,שוופס סודה1.5*4ל,ליטרים,6.00,ליטר,false,0,10.60,1.77,true,1,
7290019056232,false,משקה מוגז בטעם ליים מוחיטו 1.5 ל' שוופס,יפאורה - שותפות מוגבלת לשיווק,IL,שוופס ליים מו,ליטרים,1.50,ליטר,false,0,7.90,5.27,true,1,
7290019056249,false,שוופס מים בטעמים ענבים 1.5 ליטר פיקדון,יפאורה - שותפות מוגבלת לשיווק,IL,מים בטעם ענבי,ליטרים,1.50,ליטר,false,0,7.10,4.73,true,1,
7290019056256,false,שוופס מים בטעמים תפוחים 1.5 ליטר פיקדון,יפאורה - שותפות מוגבלת לשיווק,IL,שוופס מים תפו,ליטרים,1.50,ליטר,false,0,7.10,4.73,true,1,
7290019056263,false,שוופס מים בטעמים אפרסק 1.5 ליטר פיקדון,יפאורה - שותפות מוגבלת לשיווק,IL,שוופס מים אפר,ליטרים,1.50,ליטר,false,0,7.10,4.73,true,1,
7290019056270,false,שוופס מים בטעמים פירות יער 1.5 ליטר פיקדון,יפאורה - שותפות מוגבלת לשיווק,IL,מים פירות יער,ליטרים,1.50,ליטר,false,0,7.10,4.73,true,1,
7290019056294,false,שוופס ג`ינג`ר אייל 1.5 ליטר פיקדון,יפאורה - שותפות מוגבלת לשיווק,IL,שוופס ג'ינג'ר,ליטרים,1.50,ליטר,false,0,10.40,6.93,true,1,
7290019056300,false,משקה בטעם ביטר לימון 1.5 ל' שוויפס,יפאורה - שותפות מוגבלת לשיווק,IL,שוופס ביטר לי,ליטרים,1.50,ליטר,false,0,10.40,6.93,true,1,
7290019056317,false,שוופס ראשן 1.5 ליטר פיקדון,יפאורה - שותפות מוגבלת לשיווק,IL,שוופס ראש'ן,ליטרים,1.50,ליטר,false,0,10.40,6.93,true,1,
7290019056324,false,שוופס טוניק 1.5 ליטר פיקדון,יפאורה - שותפות מוגבלת לשיווק,IL,שוופס מי טוני,ליטרים,1.50,ליטר,false,0,10.40,6.93,true,1,
7290019056331,false,שוופס טוניק ללא סוכר 1.5 ליטר פיקדון,יפאורה - שותפות מוגבלת לשיווק,IL,מי טוניק ל.סו,ליטרים,1.50,ליטר,false,0,10.20,6.80,true,1,
7290019056362,false,תפוזינה משקה קל ענבים 1.5 ליטר,יפאורה - שותפות מוגבלת לשיווק,IL,תפוזינה ענבים,ליטרים,1.50,ליטר,false,0,7.30,4.87,true,1,
7290019056379,false,משקה קל תפוזינה 1.5 ליטר תפוזים,יפאורה - שותפות מוגבלת לשיווק,IL,תפוזינה תפוזי,ליטרים,1.50,ליטר,false,0,7.30,4.87,true,1,
7290019056386,false,משקה קל תפוזינה 1.5 ליטר אשכוליות,יפאורה - שותפות מוגבלת לשיווק,IL,תפוזינה אשכול,ליטרים,1.50,ליטר,false,0,7.30,4.87,true,1,
7290019056393,false,משקה קל תפוזינה 1.5 ליטר תות בננה,יפאורה - שותפות מוגבלת לשיווק,IL,תפוזינה תות ב,ליטרים,1.50,ליטר,false,0,7.30,4.87,true,1,
7290019056409,false,תפוזינה משקה קל מנגו עסיסי1.5ליטר,יפאורה - שותפות מוגבלת לשיווק,IL,תפוזינה מנגו,ליטרים,1.50,ליטר,false,0,7.30,4.87,true,1,
7290019056416,false,מיץ בטעם לימונדה ורודה 1.5 ל' תפוזינה,יפאורה - שותפות מוגבלת לשיווק,IL,תפוזינה לימונדה,ליטרים,1.50,ליטר,false,0,7.30,4.87,true,1,
7290019056423,false,תפוזינה משקה קל תפוח רענן 1.5ליטר,יפאורה - שותפות מוגבלת לשיווק,IL,תפוזינה תפוח,ליטרים,1.50,ליטר,false,0,7.30,4.87,true,1,
7290019056430,false,משקה קל תפוזינה 1.5 ליטר תפוזים לייט,יפאורה - שותפות מוגבלת לשיווק,IL,תפוזינה לייט,ליטרים,1.50,ליטר,false,0,6.80,4.53,true,1,
7290019056478,false,ספרינג טי קר אפרסק 1.5ליטר פיקדון,יפאורה - שותפות מוגבלת לשיווק,IL,ספרינג תה אפר,ליטרים,1.50,ליטר,false,0,6.90,4.60,true,1,
7290019056485,false,ספריג תה ירוק לימון לואיזה 1.5 ליטר פיקדון,יפאורה - שותפות מוגבלת לשיווק,IL,תה ספרינג ירו,ליטרים,1.50,ליטר,false,0,6.90,4.60,true,1,
7290019056508,false,פרוט ווטר ענבים 1.5 ליטר פיקדון,יפאורה - שותפות מוגבלת לשיווק,IL,פרוט ווטר ענב,ליטרים,1.50,ליטר,false,0,7.60,5.07,true,1,
7290019056515,false,פרוט ווטר אננס 1.5 ליטר פיקדון,יפאורה - שותפות מוגבלת לשיווק,IL,פרוט ווטר אננ,ליטרים,1.50,ליטר,false,0,7.60,5.07,true,1,
7290019056522,false,פרוט ווטר תות 1.5 ליטר פיקדון,יפאורה - שותפות מוגבלת לשיווק,IL,פרוט ווטר תות,ליטרים,1.50,ליטר,false,0,7.60,5.07,true,1,
7290019056539,false,פרוט ווטר אפרסק 1.5 ליטר פיקדון,יפאורה שותפות מוגבלת לשיווק,IL,פרוט ווטר אפר,ליטרים,1.50,ליטר,false,0,7.60,5.07,true,1,
7290019056546,false,פרוט ווטר אבטיח 1.5 ליטר פיקדון,יפאורה - שותפות מוגבלת לשיווק,IL,פרוט ווטר אבט,ליטרים,1.50,ליטר,false,0,7.60,5.07,true,1,
7290019056553,false,שישיית מים מינרלים עין גדי 2 ליטר,יפאורה - שותפות מוגבלת לשיווק,IL,מים עין גדי2*6ל,ליטרים,12.00,ליטר,false,0,11.60,0.97,true,1,
7290019056560,false,עין גדי מים מינרלים בקבוק 2 ליטר,יפאורה שותפות מוגבלת לשיווק,IL,מים מינרלים,ליטרים,2.00,ליטר,false,0,2.70,1.35,true,1,
7290019056577,false,ספרינג קל מנגו 1.5 ליטר פיקדון,יפאורה - שותפות מוגבלת לשיווק,IL,ספרינג מנגו,ליטרים,1.50,ליטר,false,0,7.30,4.87,true,1,
7290019056584,false,משקה קל תפוזים ספרינג 1.5 ליטר,יפאורה - שותפות מוגבלת לשיווק,IL,ספרינג תפוזים,ליטרים,1.50,ליטר,false,0,7.30,4.87,true,1,
7290019056591,false,משקה קל ענבים ספרינג 1.5 ליטר,יפאורה - שותפות מוגבלת לשיווק,IL,ספרינג ענבים,ליטרים,1.50,ליטר,false,0,7.30,4.87,true,1,
7290019056607,false,משקה קל תפוחים ספרינג 1.5 ליטר,יפאורה - שותפות מוגבלת לשיווק,IL,ספרינג תפוחים,ליטרים,1.50,ליטר,false,0,7.30,4.87,true,1,
7290019056614,false,משקה קל ספרינג 1.5 ליטר אפרסק,יפאורה - שותפות מוגבלת לשיווק,IL,ספרינג אפרסק,ליטרים,1.50,ליטר,false,0,7.30,4.87,true,1,
7290019056621,false,משקה קל פירות טרופיים ספרינג 1.5 ליטר,יפאורה - שותפות מוגבלת לשיווק,IL,משקה ספרינג,ליטרים,1.50,ליטר,false,0,7.30,4.87,true,1,
7290019056638,false,משקה קל תות בננה ספרינג 1.5 ליטר,יפאורה - שותפות מוגבלת לשיווק,IL,ספרינג תות בנ,ליטרים,1.50,ליטר,false,0,7.30,4.87,true,1,
7290019056645,false,משקה קל ספרינג 1.5 ליטר אגס תפוח סברס,יפאורה - שותפות מוגבלת לשיווק,IL,משקה ספרינג,ליטרים,1.50,ליטר,false,0,7.30,4.87,true,1,
7290019056652,false,משקה קל ספרינג 1.5 ליטר אננס בננה,יפאורה - שותפות מוגבלת לשיווק,IL,ספרינג אננס ב,ליטרים,1.50,ליטר,false,0,7.30,4.87,true,1,
7290019056669,false,משקה קל תפוחים דיאט ספרינג 1.5 ליטר,יפאורה - שותפות מוגבלת לשיווק,IL,ספרינג תפוח ל,ליטרים,1.50,ליטר,false,0,6.80,4.53,true,1,
7290019056676,false,משקה קל אשכולית אננס דיאט ספרינג 1.5 ליטר,יפאורה - שותפות מוגבלת לשיווק,IL,ספרינג לייט,ליטרים,1.50,ליטר,false,0,6.80,4.53,true,1,
7290019056959,false,מי עדן בקבוק מתכווץ שקט 1.5 מ``ל,יפאורה - שותפות מוגבלת לשיווק,IL,מי עדן 1.5 לי,ליטרים,1.50,ליטר,false,0,3.60,2.40,true,1,
7290019056973,false,מי עדן שישיה בק `1.5ליטר פיקדון,יפאורה - שותפות מוגבלת לשיווק,IL,מי עדן 1.5*6ל,ליטרים,9.00,ליטר,false,0,12.10,1.34,true,1,
7290019075103,false,קמיל בלו אקסטרה סופט שמפו לתינוק 1 ליטר,"פישר תעשיות פרמצביטות בע""מ",IL,שמפו קמיל בלו,ליטרים,1.00,ליטר,false,1,28.90,28.90,true,1,
7290019078784,false,אבקת קקאו אורגנית 400 גרם,"אלמונדס בע""מ",PE,אבקת קקאו אורגני,גרמים,400.00,100 גרם,false,1,27.20,6.80,true,1,
7290019153078,false,שוופס ביטר למון 1.5 לייט ליטר פיקדון,יפאורה - שותפות מוגבלת לשיווק,IL,שוופס ביטר למון,ליטרים,1.50,ליטר,false,1,10.20,6.80,true,1,
7290019153085,false,שוופס מוגז ליים מוחיטו ללא סוכר 1.5 ליטר-,יפאורה - שותפות מוגבלת לשיווק,IL,שוופס מוחיטו ללס,ליטרים,1.50,ליטר,false,1,7.60,5.07,true,1,
7290019153214,false,"שוופס מנטה פחית 330 מ""ל",יפאורה - שותפות מוגבלת לשיווק,IL,שוופס מנטה פחית,מיליליטרים,330.00,"100 מ""ל",false,1,4.20,1.27,true,1,
7290019153252,false,שוופס סודה תפוח 1.5 ליטר רביעייה פיקדון,יפאורה - שותפות מוגבלת לשיווק,IL,שוופס סודה 4 בק,ליטרים,6.00,ליטר,false,1,10.60,1.77,true,1,
7290019153313,false,"משקהתפוח חמוציות אוכמניות 350 מ""ל פרות & ווג",יפאורה - שותפות מוגבלת לשיווק,IL,משקה פרוט&וג',מיליליטרים,350.00,"100 מ""ל",false,1,6.50,1.86,true,1,
7290019153344,false,משקה קל תפוזינה 1.5 ליטר סנגרייה,יפאורה - שותפות מוגבלת לשיווק,IL,תפוזינה סנגרייה,ליטרים,1.50,ליטר,false,1,7.30,4.87,true,1,
7290019153351,false,משקה קל תפוזינה 1.5 ליטר פינק אוזו,יפאורה - שותפות מוגבלת לשיווק,IL,תפוזינה פינק,ליטרים,1.50,ליטר,false,1,7.30,4.87,true,1,
7290019153375,false,משקה קל תפוזינה 1.5 ליטר מוחיטו,יפאורה - שותפות מוגבלת לשיווק,IL,תפוזינה מוחיטו,ליטרים,1.50,ליטר,false,1,7.30,4.87,true,1,
7290019153535,false,"רביעיית שוופס מוגז פירות למונייד ללא סוכר 330 מ""ל פחיות",יפאורה - שותפות מוגבלת לשיווק,IL,שוופס לימונייד4*,ליטרים,1.32,ליטר,false,1,12.90,9.77,true,1,
7290019203001,false,טורטייה מעדשים כתומות ללא גלוטן 180 ג' Full Wrap,גורי מוצרי צריכה (1991) בעמ,IL,טורטייה מעדשים,גרמים,185.00,100 גרם,false,1,18.70,10.11,true,1,
7290019204107,false,עוף טוב פסטרמה בטעם אווז 320 גרם,קבוצת אוסם סחר-שות.מוגבלת,IL,פסטרמה בטעם אווז,גרמים,320.00,100 גרם,false,1,21.20,6.63,true,1,
7290019204206,false,עוף טוב פסטרמה בסגנון רומני 320 גרם,קבוצת אוסם סחר-שות.מוגבלת,IL,פסטרמה בסגנון ר,גרמים,320.00,100 גרם,false,1,21.20,6.63,true,1,
7290019204305,false,חזה הודו פסטרמה ברביקיו 350 גר',קבוצת אוסם סחר שותפות מוגבלת,IL,פסטרמה ברביקיו,גרמים,350.00,100 גרם,false,1,21.20,6.06,true,1,
7290019232162,false,"חליטת ""לילה טוב"" קמומיל מליסה 25 שקיקים ויסוצקי",תה ויסוצקי (ישראל) בעמ,IL,חליטת קמומיל,גרמים,50.00,100 גרם,false,1,20.40,40.80,true,1,
7290019232803,false,הולגריין ביסקוויט+קרם חלב ושוקולד חלב 300 גרם רבנות,"אולקר ביסקווי סנאי, א.ס.",TR,ביסקוויט עם קרם,גרמים,300.00,100 גרם,false,1,10.10,3.37,true,1,
7290019232827,false,הולגריין ביסקוויט במילוי אגוזי לוז 300 גרם רבנות,"אולקר ביסקווי סנאי, א.ס.",TR,ביסקוויט עם קרם,גרמים,300.00,100 גרם,false,1,10.10,3.37,true,1,
7290019233008,false,רוטב עגבניות עם קוביות ארטישוק ושמן זית 420ג ויסוצקי,תה ויסוצקי (ישראל) בעמ,IT,רוטב לשקשוקה,גרמים,420.00,100 גרם,false,1,11.80,2.81,true,1,
7290019233015,false,רוטב שקשוקה תבשיל ירקות עם שמן זית כתית מעולה 420ג זיתא,תה ויסוצקי (ישראל) בעמ,IT,רוטב לשקשוקה,גרמים,420.00,100 גרם,false,1,11.80,2.81,true,1,
7290019233039,false,רוטב עגבניות עם קוביות פלפלים ושמן זית 420ג' ויסוצקי,תה ויסוצקי (ישראל) בעמ,IT,רוטב לשקשוקה,גרמים,420.00,100 גרם,false,1,11.80,2.81,true,1,
7290019274063,false,ג'ל כביסה בייבי 1.35 ל',סאסא טק,IL,ג'ל כביסה בייבי,ליטרים,1.35,ליטר,false,1,28.90,21.41,true,1,
7290019274100,false,"מרסס לגיהוץ קל 500 מ""ל",סאסא טק,IL,מרסס לגיהוץ קל,מיליליטרים,500.00,"100 מ""ל",false,1,17.00,3.40,true,1,
7290019274254,false,תרסיס TNX ליקוי מזגן400מ,"סאסאטק אגש""\ח בע""\מ",IL,תרסיס ניקוי מזגן,מיליליטרים,400.00,"100 מ""ל",false,1,34.10,8.53,true,1,
7290019274261,false,"מבשם בדים לגון 500 מ""ל","סאסאטק אגש""\ח בע""\מ",IL,מבשם בדים לגון,מיליליטרים,500.00,"100 מ""ל",false,1,17.00,3.40,true,1,
7290019297161,false,טורטיה ראפ מקמח תירס שקדיה 450 גרם,דין שיווק וקליה 2021 בעמ,TR,טורטיות ראפ,יחידה,1.00,יחידה,false,0,10.90,10.90,true,1,
7290019297208,false,חטיף גרנולה עם פירות יבשים (5 יחידות) 175 גר',****דין שיווק וקליה 2021 בעמ,MK,חטיפי דגנים,גרמים,175.00,100 גרם,false,0,8.50,4.86,true,1,
7290019297215,false,"פולי סויה אדממה 1ק""ג",שקדיה,IL,פולי סויה אדממה,גרמים,1000.00,100 גרם,false,0,17.00,1.70,true,1,
7290019297222,false,פולי סויה אדממה 450גרם,שקדיה,IL,פולי סויה אדממה,גרמים,450.00,100 גרם,false,0,10.10,2.24,true,1,
7290019297413,false,מעדן אפרסק 100% רכיבי פרי ללא תוספת סו,דין שיווק וקליה 2021 בעמ,IL,מעדן משמש,גרמים,284.00,100 גרם,false,1,9.30,3.27,true,1,
7290019297420,false,מעדן תות שדה 100% רכיבי פרי 284 גר' ללא תוספת סוכר,דין שיווק וקליה 2021 בעמ,CN,מעדן תות שדה,גרמים,284.00,100 גרם,false,1,9.30,3.27,true,1,
7290019297505,false,"רוטב רימונים שקדיה 700מ""ל בד""ץ",דין שיווק וקליה 2021 בעמ,TR,רוטב רימונים,גרמים,700.00,100 גרם,false,0,17.00,2.43,true,1,
7290019297512,false,"רוטב רימונים שקדיה 340 מ""ל בדץ",דין שיווק וקליה 2021 בעמ,TR,רוטב רימונים,גרמים,340.00,100 גרם,false,0,8.40,2.47,true,1,
7290019297536,false,חמאת בוטנים עם שברי בוטנים שקדיה 510 גרם,דין שיווק וקליה 2021 בעמ,IN,חמאת בוטנים,גרמים,510.00,100 גרם,false,0,11.80,2.31,true,1,
7290019297543,false,חמאת בוטנים 510 גר` דין שיווק,דין שיווק וקליה 2021 בעמ,IN,חמאת בוטנים,גרמים,510.00,100 גרם,false,0,11.80,2.31,true,1,
7290019297550,false,בוטנים מטוגנים בקופסא 185 גרם,דין שיווק וקליה 2021 בעמ,IL,בוטנים מטוגנים,גרמים,185.00,100 גרם,false,0,8.30,4.49,true,1,
7290019297796,false,עלי גפן ממולאים באורז אותנטי 400 גרם,.,CN,עלי גפן ממולאים,גרמים,400.00,100 גרם,false,1,8.40,2.10,true,1,
7290019302315,false,יין ספארקלין אבטיח מלון 750 מל BUZZ,אגודת הכורמים -כרמל מזרחי,IL,באזז אבטיח מבעבע,מיליליטרים,750.00,"100 מ""ל",false,1,23.80,3.17,true,1,
7290019302377,false,"למברוסקו וילה אדום750מ""ל",ג'קובזי איי. אי פיגילי ג,IT,למברוסקו וילה,מיליליטרים,750.00,"100 מ""ל",false,1,25.60,3.41,true,1,
7290019302384,false,"למברוסקו וילה רוזה750מ""ל",ג'קובזי איי. אי פיגילי ג,IT,למברוסקו וילה,מיליליטרים,750.00,"100 מ""ל",false,1,25.60,3.41,true,1,
7290019302391,false,"למברוסקו וילה לבן 750מ""ל",,IT,למברוסקו וילה,מיליליטרים,750.00,"100 מ""ל",false,1,25.60,3.41,true,1,
7290022005562,false,קריספ פירורי לחם שום 300 גרם מיימונס,א.ל.ייצור ושיווק תבלינים בעמ,IL,פירורי לחם קריספ,גרמים,300.00,100 גרם,false,1,6.70,2.23,true,1,
7290028733124,false,שמפו לתלתלים ביוטין קרטי,מיסטר בונד,IL,שמפו לתלתלים ביו,מיליליטרים,1000.00,"100 מ""ל",false,1,42.60,4.26,true,1,
7290100240144,false,"תרסיס ריחני למייבש ורוד בדין 500 מ""ל",יוניליוור ישראל שיווק בע`מ,IL,תרסיס למייבש,מיליליטרים,500.00,"100 מ""ל",false,0,14.40,2.88,true,1,
7290100240632,false,קרקר פתית 200-300ג' 6 דגנים 250 גרם,יוניליוור ישראל שיווק בע`מ,IL,פתית 6 דגנים,גרמים,250.00,100 גרם,false,0,14.40,5.76,true,1,
7290100240656,false,"פתית שיפון בד""צ חדש 300X24 גר'",יוניליוור ישראל שיווק בע`מ,IL,פתית קרקר שיפון,גרמים,300.00,100 גרם,false,0,14.40,4.80,true,1,
7290100243671,false,"מרכך כביסה מרוכז אקסטרה כחול בדין 960 מ""ל",יוניליוור ישראל שיווק בע`מ,TR,מרכך כביסה בדין,מיליליטרים,960.00,"100 מ""ל",false,0,13.50,1.41,true,1,
7290100245231,false,נמס בכוס מרק בטעם עוף עם אטריות ושקדי מרק-2 שקיות,יוניליוור ישראל שיווק בע`מ,IL,נמס בכוס ט.עוף,גרמים,50.00,100 גרם,false,0,5.90,11.80,true,1,
7290100249598,false,רוטב לעוף בטעם שום ודבש קנור (320 גרם),יוניליוור ישראל שיווק בע`מ,IL,רוטב לעוף,גרמים,320.00,100 גרם,false,0,9.30,2.91,true,1,
7290100249659,false,"רוטב לעוף צ'ילי מתוק ושום קנור 320 גרם בד""צ",יוניליוור ישראל שיווק בע`מ,IL,רוטב לעוף,גרמים,320.00,100 גרם,false,0,9.30,2.91,true,1,
7290100412770,false,"ד""ר עור - תחליב רחצה קלאסי בניחוח מאסק 700 מ""ל","אמיליה קוסמטיקס בע""מ",IL,תחליב רחצה,מיליליטרים,700.00,"100 מ""ל",false,1,14.40,2.06,true,1,
7290100412787,false,"ד""ר עור - תחליב רחצה קלאסי בניחוח פריחת הכותנה 700 מ""ל","אמיליה קוסמטיקס בע""מ",IL,תחליב רחצה,מיליליטרים,700.00,"100 מ""ל",false,1,14.40,2.06,true,1,
7290100412800,false,"תחליב רחצה לעור יבש וילד פלאור דר עור 700 מ""ל","אמיליה קוסמטיקס בע""מ",IL,תחליב רחצה,מיליליטרים,700.00,"100 מ""ל",false,1,14.40,2.06,true,1,
7290100412831,false,תחליב רחצה אנטי אייג'ינג בניחוח וניל טרופי,"אמיליה קוסמטיקס בע""מ",IL,תחליב רחצה,מיליליטרים,700.00,"100 מ""ל",false,1,14.40,2.06,true,1,
7290100653463,false,"פלמוליב - ארומה ג'ל רחצה מסאז' 500 מ""ל",קולגייט-פלמוליב,TR,סבון פלמוליב,מיליליטרים,500.00,"100 מ""ל",false,0,13.50,2.70,true,1,
7290100658338,false,"נוזל לניקוי כלים אוקסי פלוס פלמוליב 750 מ""ל",הנסיך- מפעל לייצור ט,GR,פלמוליב לכלים,מיליליטרים,750.00,"100 מ""ל",false,0,10.10,1.35,true,1,
7290100680667,false,מנה חמה נודלס בסגנון סצ`ואן אסם (76 גרם),קבוצת אוסם סחר שותפות מוגבלת,TH,מנה חמה נודלס,גרמים,76.00,100 גרם,false,0,5.00,6.58,true,1,
7290100680711,false,פירורית זהב אסם זהב 350ג',קבוצת אוסם סחר שותפות מוגבלת,IL,פירורית זהב אסם,גרמים,350.00,100 גרם,false,0,7.50,2.14,true,1,
7290100680728,false,פירורית רגילה שקית 350 גרם,קבוצת אוסם סחר שותפות מוגבלת,IL,פירורית אסם,גרמים,350.00,100 גרם,false,0,6.50,1.86,true,1,
7290100681015,false,אינסטנט פודינג בטעם ריבת חלב אסם 84 גרם,קבוצת אוסם סחר שותפות מוגבלת,IL,אינסטנט פודינג,גרמים,84.00,100 גרם,false,0,4.70,5.60,true,1,
7290100681138,false,מארז אפרופו חטיף תירס 3 יחידות,קבוצת אוסם סחר שותפות מוגבלת,IL,אפרופו 3יח במארז,גרמים,150.00,100 גרם,false,0,11.00,7.33,true,1,
7290100681503,false,עסיס סירופ לימונענע דיאטטי 1 ליטר,קבוצת אוסם סחר שותפות מוגבלת,IL,סירופ דיאט,ליטרים,1.00,ליטר,false,0,14.40,14.40,true,1,
7290100683880,false,פירה אסם ללא צורך בבישול 260 גרם,קבוצת אוסם סחר שותפות מוגבלת,IL,פירה אסם,גרמים,260.00,100 גרם,false,0,11.80,4.54,true,1,
7290100685136,false,"אבקת מרק טעם עוף 1 ק""ג 1/8 אסם",קבוצת אוסם סחר שותפות מוגבלת,IL,מרק טעם עוף,קילוגרמים,1.00,"ק""ג",false,0,12.70,12.70,true,1,
7290100685334,false,אבקת מרק עוף אמיתי בשרי רכיבים טבעיים אסם 400 גרם,קבוצת אוסם סחר שותפות מוגבלת,IL,מרק עוף אמיתי,גרמים,400.00,100 גרם,false,0,18.50,4.63,true,1,
7290100685341,false,אבקת מרק טעם עוף זך רכיבים טבעיים אסם 400 גרם,קבוצת אוסם סחר שותפות מוגבלת,IL,מרק טעם עוף,גרמים,400.00,100 גרם,false,0,13.40,3.35,true,1,
7290100686164,false,מארז מולטיפק ביסלי ברביקיו 6 יח 35 גר יח,קבוצת אוסם סחר שותפות מוגבלת,IL,ביסלי מארז 6 יח,גרמים,210.00,100 גרם,false,0,11.00,5.24,true,1,
7290100686171,false,מארז מולטיפק ביסלי גריל 6 יח 35 גר ליח,קבוצת אוסם סחר שותפות מוגבלת,IL,ביסלי מארז 6 יח,גרמים,210.00,100 גרם,false,0,11.00,5.24,true,1,
7290100689301,false,אבקת מרק בטעם עוף זך עדיף אסם 400 גרם,קבוצת אוסם סחר שותפות מוגבלת,IL,מרק בטעם עוף זך,גרמים,400.00,100 גרם,false,0,12.10,3.03,true,1,
7290100700020,false,גריסי פנינה סוגת (500 גרם),האי נאם סי או אל.טי.,IL,גריסי פנינה,גרמים,500.00,100 גרם,false,0,5.00,1.00,true,1,
7290100700075,false,פירורי לחם מוזהבים סוגת (200 גרם),"סוגת תעשיות בע""\מ",IL,פירורי לחם מוזהב,גרמים,200.00,100 גרם,false,0,3.30,1.65,true,1,
7290100700242,false,אורז מלא עגול סוגת (1 קג),"סוגת תעשיות בע""\מ",IL,אורז מלא עגול,קילוגרמים,1.00,"ק""ג",false,0,8.40,8.40,true,1,
7290100700273,false,קינואה לבנה 500 ג סו,האי נאם סי או אל.טי.,IL,קינואה סוגת,גרמים,500.00,100 גרם,false,0,11.80,2.36,true,1,
7290100700327,false,"גריסי פנינה סוגת 1 ק""ג","סוגת תעשיות בע""\מ",IL,"גריסי פנינה 1ק""ג",קילוגרמים,1.00,"ק""ג",false,0,6.70,6.70,true,1,
7290100700372,false,"אורז בסגנון בסמטי מלא 1 ק""ג",האי נאם סי או אל.טי.,IL,אורז בסמטי מלא,קילוגרמים,1.00,"ק""ג",false,0,11.80,11.80,true,1,
7290100700389,false,"אורז אדום 1 ק""ג ""סוגת""","סוגת תעשיות בע""\מ",IL,אורז אדום סוגת,קילוגרמים,1.00,"ק""ג",false,0,10.90,10.90,true,1,
7290100700396,false,"סוגת אורז יסמין קלאסי 1 ק""ג",האי נאם סי או אל.טי.,IL,אורז יסמין סוגת,קילוגרמים,1.00,"ק""ג",false,0,10.10,10.10,true,1,
7290100700419,false,"סוגת בורגול 1 ק""ג","סוגת תעשיות בע""\מ",IL,"בורגול 1 ק""ג",קילוגרמים,1.00,"ק""ג",false,0,6.70,6.70,true,1,
7290100700587,false,בורגול סוגת (500 גרם),האי נאם סי או אל.טי.,IL,בורגול 500 גרם,גרמים,500.00,100 גרם,false,0,5.00,1.00,true,1,
7290100701157,false,אורז להכנת סושי סוגת (1 קג),"סוגת תעשיות בע""\מ",IL,אורז להכנת סושי,קילוגרמים,1.00,"ק""ג",false,0,10.10,10.10,true,1,
7290100701300,false,קינואה אדומה סוגת (500 גרם),"סוגת תעשיות בע""\מ",IL,קינואה אדומה,גרמים,500.00,100 גרם,false,0,11.00,2.20,true,1,
7290100701331,false,קמח רב תכליתי שטיבל קמח חיטה לבן בהיר,"שטיבל בע""\מ - טחנות קמח",IL,קמח רב תכליתי,קילוגרמים,1.00,"ק""ג",false,0,6.40,6.40,true,1,
7290100701577,false,קמח לחם קמח חיטה לבן שטיבל,טחנות קמח שטיבל באר שבע,IL,"קמח לחם 1 ק""ג",קילוגרמים,1.00,"ק""ג",false,0,6.40,6.40,true,1,
7290100701881,false,קמח פיצה ופוקצ'ה- קמח חיטה לבן בהיר שטיבל,"שטיבל בע""\מ - טחנת קמח",IL,קמח פיצה,קילוגרמים,1.00,"ק""ג",false,0,6.40,6.40,true,1,
7290100702260,false,קוסקוס דק סוגת 350 גרם,"אסיף תעשיות מזון בע""\מ",IL,קוסקוס דק,גרמים,350.00,100 גרם,false,0,4.10,1.17,true,1,
7290100702383,false,קמח תופח מס' 13 סוגת,"שטיבל בע""\מ - טחנות קמח",IL,"קמח תופח 1 ק""ג",קילוגרמים,1.00,"ק""ג",false,0,6.40,6.40,true,1,
7290100702611,false,פתיתים אפויים אורז סוגת 500 גרם,"אסיף תעשיות מזון בע""\מ",IL,פתיתים סוגת,גרמים,500.00,100 גרם,false,0,4.10,0.82,true,1,
7290100702628,false,פתיתים אפויים קוסקוס סוגת 500 גרם,"אסיף תעשיות מזון בע""\מ",IL,פתיתים סוגת,גרמים,500.00,100 גרם,false,0,4.10,0.82,true,1,
7290100703007,false,עדשים שחורות בלוגה סוגת (500 גרם),האי נאם סי או אל.טי.,IL,עדשים שחורות,גרמים,500.00,100 גרם,false,1,7.60,1.52,true,1,
7290100703533,false,קמח קסם תערובת קמח שמרים סוגת 1 קג,טחנות קמח שטיבל באר שבע,IL,קמח קסם,קילוגרמים,1.00,"ק""ג",false,1,6.70,6.70,true,1,
7290100704493,false,קמח שמרים פיצה ללא צורך בניפוי 1 קג סוגת,"שטיבל בע""\מ - טחנת קמח",IL,קמח שמרים לפיצה,קילוגרמים,1.00,"ק""ג",false,1,7.60,7.60,true,1,
7290100704516,false,חומוס מיני סוגת (500 גרם),"סוגת תעשיות בע""\מ",IL,חומוס מיני,גרמים,500.00,100 גרם,false,1,5.00,1.00,true,1,
7290100704578,false,"קמח כוסמין לבן תופח סוגת 1 ק""ג","שטיבל בע""\מ - טחנת קמח",IL,קמח כוסמין לבן,קילוגרמים,1.00,"ק""ג",false,1,13.50,13.50,true,1,
7290100704608,false,שעועית לבנה עדינה סוגת (500 גרם),"סוגת תעשיות בע""\מ",IL,שעועית לבנה,גרמים,500.00,100 גרם,false,1,5.90,1.18,true,1,
7290100704622,false,סוכר דמררה דק דק בצנצנת סוגת 500 גרם,"סוגת תעשיות בע""\מ",IL,סוכר דמררה דק דק,גרמים,500.00,100 גרם,false,1,6.70,1.34,true,1,
7290100704660,false,"קינואה מיקס סוגת, 500 גרם","סוגת תעשיות בע""\מ",IL,קינואה מיקס,גרמים,500.00,100 גרם,false,1,11.80,2.36,true,1,
7290100850916,false,דוריטוס חמוץ חריף מעודן 70 גרם כשר לפסח,"שטראוס פריטו ליי בע""\מ )",IL,דוריטוס חמוץ ח,גרמים,70.00,100 גרם,false,0,3.00,4.29,true,1,
7290100850923,false,חטיף תירס גריל דוריטוס (70 גרם),"שטראוס פריטו ליי בע""\מ )",IL,דוריטוס גריל,גרמים,70.00,100 גרם,false,0,3.00,4.29,true,1,
7290100850930,false,חטיף תירס בטעם טבעי דוריטוס (70 גרם),"שטראוס פריטו ליי בע""\מ )",IL,חטיף דוריטוס,גרמים,70.00,100 גרם,false,0,3.00,4.29,true,1,
7290100852606,false,קפה טורקי 100*4 גרם,שטראוס קפה בי.ויn\.,IL,קפה טורקי 4 יח,גרמים,400.00,100 גרם,false,0,26.40,6.60,true,1,
7290100858592,false,אבקת קקאו עלית שקית 150 ג',הנסיך- מפעל לייצור ט,IL,קקאו עלית,גרמים,150.00,100 גרם,false,0,8.40,5.60,true,1,
7290100858608,false,עלית אבקת קקאו כשלפ 500 גרם,שטראוס קפה בי.ויn\.,IL,קקאו עלית,גרמים,500.00,100 גרם,false,0,20.40,4.08,true,1,
7290100921401,false,"שמפו הוואי מועשר בקרטין 700מ""ל",טרופיקל דגיל,IL,שמפו הוואי,מיליליטרים,700.00,"100 מ""ל",false,0,8.40,1.20,true,1,
7290100921418,false,מרכך מועשר בקרטין הוואי (700 מל),טרופיקל דגיל קוסמטיק,IL,מרכך הוואי,מיליליטרים,700.00,"100 מ""ל",false,0,8.40,1.20,true,1,
7290100921593,false,מנקה אסלה סוד 4 כדוריות לאסלה לימון נתלה 50 ג',גורי שיווק בעמ,RS,סבון אסלה סוד,גרמים,50.00,100 גרם,false,0,7.60,15.20,true,1,
7290100921609,false,סוד סבון לאסלה 4 כדוריות בניחוח אוקיינוס 50 ג',גורי שיווק בעמ,RS,סבון אסלה סוד,גרמים,50.00,100 גרם,false,0,7.60,15.20,true,1,
7290100921623,false,מנקה אסלה סוד 4 כדוריות נתלה אקונומיקה נתלה 50 ג',גורי שיווק בעמ,HU,סבון אסלה סוד,גרמים,50.00,100 גרם,false,0,7.60,15.20,true,1,
7290100924631,false,מרכך כביסה מרוכז לבגדי תינוקות ובעלי עור רגיש,גורי שיווק בעמ,IL,סוד מרכךבייבי,מיליליטרים,900.00,"100 מ""ל",false,1,11.00,1.22,true,1,
7290100924693,false,סבון סוד 4 כדוריות מוצק כחול אקטיבי-אקנומיקה 50ג',גורי שיווק בעמ,HU,סבון אסלה סוד,גרמים,50.00,100 גרם,false,1,7.60,15.20,true,1,
7290100925676,false,קולור קאצר 20 דפים לוכדי צבע למכונת כביס,גורי שיווק בעמ,IE,דפי קולור קאצ'ר,יחידה,1.00,יחידה,false,1,17.00,17.00,true,1,
7290100925751,false,נוזל כלים תפוח סוד (650 מל),גורי שיווק בעמ,IL,נוזל כלים תפוח,מיליליטרים,650.00,"100 מ""ל",false,1,5.50,0.85,true,1,
7290100947968,false,מרלו טורס דה אספניה750מל,בומד,ES,מרלו,מיליליטרים,750.00,"100 מ""ל",false,1,36.70,4.89,true,1,
7290100947975,false,שרדונה טורס דה אספניה750,בומד,ES,שרדונה,מיליליטרים,750.00,"100 מ""ל",false,1,36.70,4.89,true,1,
7290101110811,false,מאגדת גלידל וניל מצופה סורבה פסיפלורה[8],פלקו בעמ חברה ישראלית,IL,גלידל פסיפלורה,גרמים,600.00,100 גרם,false,0,27.20,4.53,true,1,
7290101112228,false,מאגדת פופסיקל גלידל פרי אננס 8 יח`,פלקו בעמ חברה ישראלית,IL,מאגדת גלידל פרי,גרמים,640.00,100 גרם,false,48,20.40,3.19,true,1,
7290101112921,false,"גלידל פרי פירות טרופים לל""ס 8 יחידות",פלקו בעמ חברה ישראלית,IL,מאגדת גלידל פרי,גרמים,640.00,100 גרם,false,1,20.40,3.19,true,1,
7290101113393,false,גלידה יופלה פריזי יוגורט פירות יער מאגדת 400 ג',פלקו בעמ חברה ישראלית,IL,מאגדת יוגורט פיר,גרמים,400.00,100 גרם,false,1,17.00,4.25,true,1,
7290101113447,false,עשירייה גלידל מיני קסטה בטעמי שוקו ווניל 270 ג' פלדמן,פלקו בעמ חברה ישראלית,IL,גלידל מיני קסטה,גרמים,270.00,100 גרם,false,1,27.20,10.07,true,1,
7290101113584,false,מאגדת טילונים שוקולד לבן עם ליבת שוקולד יולו 5 יח',פלקו בעמ חברה ישראלית,IL,מאגדת טילון יולו,גרמים,400.00,100 גרם,false,1,21.20,5.30,true,1,
7290101113591,false,מאגדת טילונים יולי 5 יחידות שוקולד לבן ועוגיות,פלקו בעמ חברה ישראלית,IL,מאגדת טילון יולו,גרמים,400.00,100 גרם,false,1,21.20,5.30,true,1,
7290101113751,false,מאגדת שלגון קרמל ושוקולד בלונדי רביעיה * 50 ג' יולו,פלקו בעמ חברה ישראלית,IL,מאגדת שלגון יולו,גרמים,200.00,100 גרם,false,1,17.00,8.50,true,1,
7290101113768,false,מאגדת שלגון עוגיות ושוקולד חלב רביעיה * 50 ג' יולו,פלקו בעמ חברה ישראלית,IL,מאגדת שלגון יולו,גרמים,200.00,100 גרם,false,1,17.00,8.50,true,1,
7290101113805,false,מאגדת (5) יופלה שייק פרי תות 70 אחוז פרי 350 גרם,פלקו בעמ חברה ישראלית,IL,מאגדת יופלה שייק,גרמים,350.00,100 גרם,false,1,17.00,4.86,true,1,
7290101113829,false,מאגדת (5) יופלה שייק פרי מנגו 70 אחוז פרי 350 גרם,פלקו בעמ חברה ישראלית,IL,מאגדת יופלהשייק,גרמים,350.00,100 גרם,false,1,17.00,4.86,true,1,
7290101113836,false,חמישיה טילון גלידל שוקו 5*75 ג פלדמן,הגלידות של פלדמן,IL,חמישיה טילון גלי,גרמים,285.00,100 גרם,false,1,27.20,9.54,true,1,
7290101113904,false,מארז מנבו וניל 12 יח' פלדמן,פלקו בעמ חברה ישראלית,IL,מנבו וניל,גרמים,288.00,100 גרם,false,1,18.70,6.49,true,1,
7290101488248,false,"ליידי ספיד סטיק - דאודורנט רול און לאישה ורוד פרש פיושן 50 מ""ל",ליידי ספיד סטיק Lady Speed Stick,IT,ליידי ספיד סטיק,מיליליטרים,50.00,"100 מ""ל",false,0,11.80,23.60,true,1,
7290101488286,false,"ליידי ספיד סטיק - דאודורנט ספריי לאישה 24/7 פרש פיוזן ורוד 150 מ""ל",ליידי ספיד סטיק Lady Speed Stick,RU,ליידי ספיד סטיק,מיליליטרים,150.00,"100 מ""ל",false,0,11.80,7.87,true,1,
7290101488316,false,ליידי ספיד סטיק - דאודורנט סטיק לאישה ללא סימן ורוד סטיק 65 גרם,ליידי ספיד סטיק Lady Speed Stick,US,ליידי ספיד סטיק,גרמים,65.00,100 גרם,false,0,14.40,22.15,true,1,
7290101551027,false,קפסולות קפה אספרסו חזק במיוחד 14 עלית 10 יח',הנסיך- מפעל לייצור ט,IL,קפסולות מס' 14,גרמים,50.00,100 גרם,false,1,14.10,28.20,true,1,
7290101551263,false,סילאן טבעי ללא תוספת סוכר,שטראוס גרופ בע`מ,IL,סילאן טבעי,גרמים,700.00,100 גרם,false,1,17.40,2.48,true,1,
7290101551300,false,סילאן טבעי ללא תוספת סוכר בקבוק לחיץ,מכוורת יד מרדכי שטראוס ב,IL,סילאן טבעי לחיץ,גרמים,380.00,100 גרם,false,1,12.70,3.34,true,1,
7290101551539,false,יוגורט PRO בטעם אפרסק 0% 20 גרם חלבון בגביע,שטראוס גרופ בעמ/מצונן,IL,דנונה פרו אפרסק,גרמים,200.00,100 גרם,false,1,5.00,2.50,true,1,
7290101551584,false,תפוצ'יפס קידס מארז 10 יח' * 20 ג',"שטראוס פריטו ליי בע""מ )פ",IL,תפוצ'יפס קידס10*,גרמים,200.00,100 גרם,false,1,11.00,5.50,true,1,
7290101551614,false,חטיף צ'יטוס קראנץ בטעם גבינה - מארז 8 יח',"שטראוס פריטו ליי בע""מ )פ",IL,צ'יטוס גבינה 8יח,גרמים,240.00,100 גרם,false,1,11.80,4.92,true,1,
7290101551638,false,חטיף צ'יטוס כאפה בטעם קטשופ - מארז 10 יח',"שטראוס פריטו ליי בע""מ )פ",IL,צ'יטוס כאפה 10יח,גרמים,200.00,100 גרם,false,1,11.00,5.50,true,1,
7290101581734,false,יין רזרב Reserve מרלו גליל,בנימינה Binyamina,IL,מרלו רזרב,מיליליטרים,750.00,"100 מ""ל",false,1,51.10,6.81,true,1,
7290101863410,false,"סיליט באנג ספריי ניקוי עוצמתי מכיל אקונומיקה 750 מ""ל",רקיט בנקיזר (ניר איסט) בעמ,PL,סילים ספריי,מיליליטרים,750.00,"100 מ""ל",false,0,11.00,1.47,true,1,
7290101864127,false,ספריי להסרת כתמים וניש קליה (750 מל),רקיט בנקיזר (ניר איסט) בעמ,IL,קליה ספריי,מיליליטרים,750.00,"100 מ""ל",false,0,13.50,1.80,true,1,
7290101865261,false,נוזל הברקה למדיח כלים פיניש (800 מל),רקיט בנקיזר (ניר איסט) בעמ,PL,פיניש נוזל הברקה,מיליליטרים,800.00,"100 מ""ל",false,0,17.00,2.13,true,1,
7290101868958,false,פיניש נוזל הברקה למדיח בניחוח לימון,רקיט בנקיזר (ניר איסט) בעמ,PL,פיניש נוזל הברקה,מיליליטרים,800.00,"100 מ""ל",false,0,17.00,2.13,true,1,
7290101869726,false,ג'ל מרוכז למדיח הכל ב-1 פיניש 1 ליטר,רקיט בנקיזר (ניר איסט) בעמ,PL,פיניש ג'ל למדיח,ליטרים,1.00,ליטר,false,1,36.60,36.60,true,1,
7290101869733,false,פיניש ג'ל למדיח כלים בניחוח לימון 1 ליטר ALL IN 1,רקיט בנקיזר (ניר איסט) בעמ,PL,פיניש ג'ל למדיח,ליטרים,1.00,ליטר,false,1,36.60,36.60,true,1,
7290101869764,false,אירוויק מכשיר אוטומט+מילוי בניחוח חלום ליל קיץ,רקיט בנקיזר (ניר איסט) בעמ,CN,אירויק מכשיר,מיליליטרים,250.00,"100 מ""ל",false,1,34.10,13.64,true,1,
7290101869801,false,"אירוויק מכשיר חשמלי+מילוי בניחוח אואזיס 19 מ""ל",רקיט בנקיזר (ניר איסט) בעמ,HU,אירויק מכשיר,מיליליטרים,19.00,"100 מ""ל",false,1,21.20,111.58,true,1,
7290101869818,false,"אירוויק מכשיר חשמלי+מילוי בניחוח חלום ליל קיץ 19 מ""ל",רקיט בנקיזר (ניר איסט) בעמ,HU,אירויק מכשיר,מיליליטרים,19.00,"100 מ""ל",false,1,21.20,111.58,true,1,
7290101869825,false,"אירוויק מילוי למכשיר חשמלי בניחוח אואזיס 19 מ""ל",רקיט בנקיזר (ניר איסט) בעמ,CN,אירוויק מילוי,מיליליטרים,19.00,"100 מ""ל",false,1,14.40,75.79,true,1,
7290101869962,false,"אירוויק מקלות ריחניים בניחוח חלום ליל קיץ 30 מ""ל",רקיט בנקיזר (ניר איסט) בעמ,HU,מפיץ ריח מקלות,יחידה,1.00,יחידה,false,1,15.30,15.30,true,1,
7290101869979,false,"אירוויק מקלות ריחניים בניחוח אואזיס 30 מ""ל",רקיט בנקיזר (ניר איסט) בעמ,HU,מקלות ריחניים,יחידה,1.00,יחידה,false,1,15.30,15.30,true,1,
7290102030330,false,תפוצ`יפס אקסטרא מקסיקני 200 גרם +20 תו,"שטראוס פריטו ליי בע""\מ )",IL,תפוצ'יפס,גרמים,200.00,100 גרם,false,0,8.40,4.20,true,1,
7290102031276,false,מארז 8 יחידות אקטימל משקה יוגורט בטעם תות בננה,שטראוס גרופ בעמ/מצונן,IL,אקטימל 8 יח,מיליליטרים,800.00,"100 מ""ל",false,0,17.80,2.23,true,1,
7290102062195,false,"משחת שיניים לילדים לגילאי 6-12 אלמקס 75 מ""ל",יבואן ומשווק: ש. שסט,PE,משחת אלמקס,מיליליטרים,75.00,"100 מ""ל",false,0,11.00,14.67,true,1,
7290102300815,false,"גבינת צ'דר אנגלית כתומה פרוס, 200 גרם",א. סיימן סחר בעמ,GB,צ'דר אנגלית,גרמים,200.00,100 גרם,false,0,22.10,11.05,true,1,
7290102300822,false,גבינת צ`דר אנגלית כתומה 200 גרם,דאולי צ'יסמייקרס,GB,גבינת צ'דר כתום,גרמים,200.00,100 גרם,false,0,21.20,10.60,true,1,
7290102300860,false,"גבינת צ'דר אנגלית לבן, 200 גרם",א. סיימן סחר בעמ,GB,גבינת צ'דר לבן,גרמים,200.00,100 גרם,false,0,21.20,10.60,true,1,
7290102302819,false,גושי טונה בהירה בשמן זית בצורת פילה 120 גרם,רמירז אנד קה פילהאוס,PT,גושי טונה בהירה,גרמים,120.00,100 גרם,false,1,12.70,10.58,true,1,
7290102303878,false,חמאת אלוויר נורמנדי 200 גרם,א.סיימן סחר בעמ,FR,חמאה גורמה אלויר,גרמים,200.00,100 גרם,false,1,16.10,8.05,true,1,
7290102303977,false,גוש טונה בשמן זית רוברט 140 גרם,קונסרבס פורטוגל נורטה,PT,טונה בשמן זית,גרמים,140.00,100 גרם,false,1,10.10,7.21,true,1,
7290102303984,false,גוש טונה במים רוברט 140 גרם,קונסרבס פורטוגל נורטה,PT,טונה במי מלח,גרמים,140.00,100 גרם,false,1,9.30,6.64,true,1,
7290102392254,false,"חלב בקרטון 1% 2 ליטר בד""צ - מוצר בפיקוח",החברה המרכזית טלהפצת משקאות בע,IL,חלב 1% בקרטון,ליטרים,2.00,ליטר,false,0,10.02,5.01,true,1,
7290102393268,false,"גבינה לבנה 5% שומן, רכיבים טבעיים 750 גרם",*החברה המרכזית להפצת משקאותבעמ,IL,גבינה לבנה 5%,גרמים,750.00,100 גרם,false,0,12.78,1.70,true,1,
7290102396436,false,מעדן בטעם שוקולד 1.5% שומן מוו (125 גרם),החברה המרכזית טלהפצת משקאות בע,IL,מעדן שוקולד,גרמים,125.00,100 גרם,false,0,2.40,1.92,true,1,
7290102398065,false,חלב טרה בקרטון 2 ליטר מהדרין 3% - מוצר בפיקוח,החברה המרכזית טלהפצת משקאות בע,IL,חלב 3% בקרטון,ליטרים,2.00,ליטר,false,1,10.64,5.32,true,1,
7290103091026,false,"אדם סט בייסיק בושם א.ד.ט 100 מ""ל + דאודורנט ספריי 200 מ""ל",א.ל.ארמן ייצור תמרוקים ב,IL,מארז אדם לגבר,יחידה,1.00,יחידה,false,1,42.60,42.60,true,1,
7290103120658,false,דאודורנט ספיד סטיק גל שחור 85 גרם,הנסיך- מפעל לייצור ט,US,דאודורנט,גרמים,85.00,100 גרם,false,0,14.40,16.94,true,1,
7290103124588,false,"סבון נוזלי ארומה בניחוח לבנדר פטצ'ולי פלמוליב 750 מ""ל",הנסיך- מפעל לייצור ט,TR,סבון פלמוליב,מיליליטרים,750.00,"100 מ""ל",false,0,17.00,2.27,true,1,
7290103124601,false,"תחליב רחצה נוזל חלב ודבש משאבה 750מ""ל פלמוליב",הנסיך- מפעל לייצור ט,TR,סבון פלמוליב,מיליליטרים,750.00,"100 מ""ל",false,0,17.00,2.27,true,1,
7290103126797,false,"משחת שיניים קולגייט סנסיטיב פרו רליף 75 מ""ל",הנסיך- מפעל לייצור ט,BR,משחת קולגייט,מיליליטרים,75.00,"100 מ""ל",false,0,17.00,22.66,true,1,
7290103129378,false,ספיד סטיק - דאודורנט ג'ל לגבר איקס 5 85 גרם,הנסיך- מפעל לייצור ט,US,דאו. ספיד סטיק,גרמים,85.00,100 גרם,false,0,12.80,15.06,true,1,
7290103129392,false,ליידי ספיד סטיק פרש אסנס פרח הפרזיה סטיק 65 גר,ליידי ספיד סטיק Lady Speed Stick,US,ליידי ספיד סטיק,גרמים,65.00,100 גרם,false,0,14.40,22.15,true,1,
7290103129408,false,ליידי ספיד סטיק - דאודורנט סטיק לאישה פרש אסנס פריחת הפרדס 65 גרם,ליידי ספיד סטיק Lady Speed Stick,US,ליידי ספיד סטיק,גרמים,65.00,100 גרם,false,0,14.40,22.15,true,1,
7290103156930,false,כוסות יהלום לפיד 40 יחידות,פאלאס תעשיות נטו (2014) בעמ,TR,כוס יהלום,יחידה,1.00,יחידה,false,1,8.30,8.30,true,1,
7290103400194,false,כרוב לבן 400 ג בדצ ירקות שטראוס טעם הטבע,שטראוס בריאות ירקות טריי,IL,כרוב לבן 400גרם,גרמים,400.00,100 גרם,false,0,9.90,2.48,true,1,
7290103400231,false,גזר גוליאן 400גר שטראוס טעם הטבע,שטראוס בריאות ירקות טריי,IL,"גזר 400גרם בד""צ",גרמים,400.00,100 גרם,false,0,8.90,2.23,true,1,
7290103400255,false,סלט קולסלאו 400 ג בדצ ירקות שטראוס טעם ה,שטראוס בריאות ירקות טריי,IL,סלט קולסלאו,גרמים,400.00,100 גרם,false,0,8.90,2.23,true,1,
7290103401429,false,קפה קצב ברזילאי אוריגינס 200 גר,הנסיך- מפעל לייצור ט,IL,קפה פלטינום,גרמים,200.00,100 גרם,false,0,18.70,9.35,true,1,
7290103404758,false,סלט כרוב אדום במיונז אחלה 120 גרם,שטראוס גרופ בעמ/מצונן,IL,כרוב אדום אחלה,גרמים,120.00,100 גרם,false,0,4.00,3.33,true,1,
7290103408206,false,עלי חסה ערבית שטופים 250 גר טעם הטבע,שטראוס בריאות ירקות טריי,IL,חסה ערבית250ג',גרמים,250.00,100 גרם,false,0,10.90,4.36,true,1,
7290103681173,false,"יין הר קברנה סובניון יקבי תבור 750 מ""ל.",החברה המרכזית טלהפצת משקאות בע,IL,קברנה הר תבור,מיליליטרים,750.00,"100 מ""ל",false,1,30.60,4.08,true,1,
7290103681210,false,"יין הר שרדונה מיתוג תנשמת 750 מ""ל",*החברה המרכזית להפצת משקאותבעמ,IL,שרדונה הר תבור,מיליליטרים,750.00,"100 מ""ל",false,1,30.60,4.08,true,1,
7290103681227,false,"יין הר גוורצטרמינר מיתוג תנשמת 750 מ""ל",החברה המרכזית טלהפצת משקאות בע,IL,גוורצטרמינר הר,מיליליטרים,750.00,"100 מ""ל",false,1,30.60,4.08,true,1,
7290103681241,false,"יין הר מוסקטו מיתוג תנשמת 750 מ""ל",*החברה המרכזית להפצת משקאותבעמ,IL,מוסקטו הר תבור,מיליליטרים,750.00,"100 מ""ל",false,1,30.60,4.08,true,1,
7290103681364,false,"קברנה סוביניון 750מ""ל תבור אדמה",*החברה המרכזית להפצת משקאותבעמ,IL,קברנה תבור,מיליליטרים,750.00,"100 מ""ל",false,1,50.80,6.77,true,1,
7290103681371,false,תבור קברנה סובניון 750 מ`ל,*החברה המרכזית להפצת משקאותבעמ,IL,מרלו תבור,מיליליטרים,750.00,"100 מ""ל",false,1,50.80,6.77,true,1,
7290103681623,false,"יין הר מוסקטו רוזה יקבי תבור 750 מ""ל",יקבי תבור,IL,הר מוסקטו רוזה,מיליליטרים,750.00,"100 מ""ל",false,1,30.60,4.08,true,1,
7290103704957,false,מגבות נייר 3 שכבות ענק3ג,,IL,מגבות 3גלילי ענק,מטרים,57.00,מטר,false,1,17.00,0.30,true,1,
7290103704964,false,נייר טואלט 3 שכבות 9 גל,,IL,נייר טואלט 9 גל,מטרים,277.00,מטר,false,1,28.10,0.10,true,1,
7290104061417,false,סלט חומוס עם טחינה אחלה 400 גרם,שטראוס גרופ בעמ/מצונן,IL,חומוס טחינה אחלה,גרמים,400.00,100 גרם,false,0,9.30,2.33,true,1,
7290104061424,false,סלט חומוס עם זעתר אחלה 400 גרם,שטראוס גרופ בעמ/מצונן,IL,חומוס זעתר אחלה,גרמים,400.00,100 גרם,false,0,9.30,2.33,true,1,
7290104061431,false,סלט חומוס עם צנובר אחלה 400 גרם,שטראוס גרופ בעמ/מצונן,IL,חומוס צנובר אחלה,גרמים,400.00,100 גרם,false,0,9.30,2.33,true,1,
7290104061448,false,סלט חומוס עם חריף אחלה 400 גרם,שטראוס גרופ בעמ/מצונן,IL,חומוס חריף אחלה,גרמים,400.00,100 גרם,false,0,9.30,2.33,true,1,
7290104062599,false,מארז 8 יחידות מעדן גמדים בטעמי תות ובננה,שטראוס גרופ בעמ/מצונן,IL,גמדים תות בננה,גרמים,800.00,100 גרם,false,0,16.10,2.01,true,1,
7290104064012,false,חטיף פסק זמן GOOD שוקולד לבן גוד 36 גרם,שולן צ'יקולטה גידה ס,TR,פסק זמן טו גוד,גרמים,36.00,100 גרם,false,0,4.10,11.39,true,1,
7290104065934,false,עלי רוקט שטראוס 150 גר`-טעם הטבע,שטראוס בריאות ירקות טריי,IL,עלי רוקט 150גרם,גרמים,150.00,100 גרם,false,0,10.90,7.27,true,1,
7290104066566,false,סלט טחינה שומשום מלא 500גר אחלה,שטראוס גרופ בעמ/מצונן,IL,טחינה אחלה 500גר,גרמים,500.00,100 גרם,false,0,12.70,2.54,true,1,
7290104068539,false,מאסט פליפטופ מלון ואבטיח ללא גרעינים,שטראוס גרופ בע`מ,IL,מסטיק מאסט,גרמים,28.00,100 גרם,false,0,3.60,12.86,true,1,
7290104068546,false,גומי מאסט בטעם לימון קולה ללא סוכר 28 ג' עלית,שטראוס גרופ בע`מ,IL,מסטיק מאסט,גרמים,28.00,100 גרם,false,0,3.60,12.86,true,1,
7290104500572,false,אפרופו חטיף תירס איטליאנו אסם 50 גרם,קבוצת אוסם סחר-שות.מוגבלת,IL,אפרופו איטליאנו,גרמים,50.00,100 גרם,false,0,4.20,8.40,true,1,
7290104504228,false,מיני דובונים אסם 100 גרם מארז 5 יחידות,קבוצת אוסם סחר-שות.מוגבלת,IL,מיני דובונים 5יח,גרמים,100.00,100 גרם,false,0,11.80,11.80,true,1,
7290104508943,false,במבה חטיף בוטנים אסם 200 גרם,קבוצת אוסם סחר-שות.מוגבלת,IL,במבה חטיף בוטנים,גרמים,200.00,100 גרם,false,0,7.60,3.80,true,1,
7290104720499,false,מארז 8 יחידות מעדן דני בטעם וניל 1.5%,שטראוס גרופ בעמ/מצונן,IL,דני וניל 8 יח',קילוגרמים,1.00,"ק""ג",false,0,13.50,13.50,true,1,
7290104721533,false,רצועות פלפלים קלויים אחלה (400 גרם),שטראוס גרופ בעמ/מצונן,IL,פלפלים קלויים,גרמים,400.00,100 גרם,false,0,13.50,3.38,true,1,
7290104722530,false,תפוצ'יפס בטעם שמנת בצל עלית 200 גרם,"שטראוס פריטו ליי בע""\מ )",IL,תפוצ'יפס שמנת,גרמים,200.00,100 גרם,false,0,8.40,4.20,true,1,
7290104726262,false,רביעייה מעדן דני שוקולד דיסני לבנים 125 גרם,שטראוס גרופ בעמ/מצונן,IL,דני שלוק 4 יח,גרמים,500.00,100 גרם,false,0,9.30,1.86,true,1,
7290104726712,false,מארז 8 יחידות מעדן מילקי בטעם שוקולד עם קצפת,שטראוס גרופ בעמ/מצונן,IL,מארז מילקי 8 יח',ליטרים,1.36,ליטר,false,0,17.00,12.50,true,1,
7290104728310,false,"שמנת מתוקה עמידה 38% שומן ""יטבתה"" -מוצר בפיקוח",שטראוס גרופ בעמ/מצונן,IL,שמנת לקצפת 38%,גרמים,250.00,100 גרם,false,0,5.53,2.21,true,1,
7290104960239,false,תחליב רחצה בניחוח קמומיל נקה (7507 מל),טרופיקל דגיל תעשיות קוסמ,IL,תחליב רחצה נקה 7,מיליליטרים,750.00,"100 מ""ל",false,0,8.40,1.12,true,1,
7290104960246,false,נקה 7 ארומה תחליב רחצה ורד יסמין 750 מ,טרופיקל דגיל תעשיות קוסמ,IL,תחליב רחצה נקה 7,מיליליטרים,750.00,"100 מ""ל",false,0,8.40,1.12,true,1,
7290104960253,false,נקה 7 ארומה תחליב רחצה לבנדר ענוג 750,טרופיקל דגיל תעשיות קוסמ,IL,תחליב רחצה נקה 7,מיליליטרים,750.00,"100 מ""ל",false,0,8.40,1.12,true,1,
7290104961007,false,קרליין - אליינר אינקליינר שחור,קרליין,DE,אייליינר שחור,יחידה,1.00,יחידה,false,0,46.90,46.90,true,1,
7290104961243,false,"נקה 7 תחליב רחצה מגע קטיפה קוקוס ליים 750 מ""ל",טרופיקל דגיל תעשיות קוסמ,IL,תחליב רחצה,מיליליטרים,750.00,"100 מ""ל",false,0,8.40,1.12,true,1,
7290104961250,false,"נקה 7 תחליב רחצה מגע קטיפה וניל מאסק 750 מ""ל",טרופיקל דגיל תעשיות קוסמ,IL,תחליב רחצה נקה,מיליליטרים,750.00,"100 מ""ל",false,0,8.40,1.12,true,1,
7290104961878,false,"שמפו לשיער קרטין אינטנס פורמולה 400 מ""ל נטורל",החברה הדרומית לשיווק בעמ,IL,שמפו קרטין,מיליליטרים,400.00,"100 מ""ל",false,0,25.50,6.38,true,1,
7290104961885,false,מרכך קרטין טהור לשיער שעבר החלקה או עיצוב בחום,החברה הדרומית לשיווק בעמ,IL,מרכך קרטין,מיליליטרים,400.00,"100 מ""ל",false,0,25.50,6.38,true,1,
7290104961892,false,מסכת קרטין טהור לשיער שעבר החלקה או עיצוב בחום,החברה הדרומית לשיווק בעמ,IL,מסכת קרטין,מיליליטרים,350.00,"100 מ""ל",false,0,34.10,9.74,true,1,
7290104961946,false,קרליין BB פרפקט קר קרם מדיום,קרליין,IL,PERFECT BB קרם,מיליליטרים,50.00,"100 מ""ל",false,0,76.80,153.60,true,1,
7290104962080,false,"טיטניום - דאודורנט ספריי לגבר גולד 150 מ""ל",החברה הדרומית לשיווק בעמ,IL,דאו.טיטניום,מיליליטרים,150.00,"100 מ""ל",false,0,11.00,7.33,true,1,
7290104962134,false,דאודורנט קרליין רול און נושם לנערות ללא אלומיניום,החברה הדרומית לשיווק בעמ,IL,רול און נושם,מיליליטרים,75.00,"100 מ""ל",false,0,11.00,14.67,true,1,
7290104962684,false,"קרליין - נושם דאודורנט רול און לאישה ללא אלומיניום 75 מ""ל",החברה הדרומית לשיווק בעמ,IL,דאו.קרליין,מיליליטרים,75.00,"100 מ""ל",false,0,11.00,14.67,true,1,
7290104962844,false,"שמפו אמפולה לטיפול אינטנסיבי לשיער יבש, צבוע ופגום",נטורל פורמולה Natural Formula,IL,שמפו אמפולה,מיליליטרים,400.00,"100 מ""ל",false,1,25.50,6.38,true,1,
7290104962868,false,"מסכת אמפולה לטיפול אינטנסיבי לשיער יבש, צבוע ופגום",נטורל פורמולה Natural Formula,IL,מסכת אמפולה,מיליליטרים,350.00,"100 מ""ל",false,1,34.10,9.74,true,1,
7290104963001,false,סופטקר מגבונים לחים רביעייה בניחוח עדין,החברה הדרומית לשיווק בעמ,IL,מגבונים סופטקר,יחידה,1.00,יחידה,false,1,14.40,14.40,true,1,
7290104963155,false,סופטקר - שמן לתינוקות 500 מל,החברה הדרומית לשיווק בעמ,IL,סופטקר שמן,מיליליטרים,500.00,"100 מ""ל",false,1,22.10,4.42,true,1,
7290104963162,false,"סופטקר - קרם גוף לתינוקות 500 מ""ל",החברה הדרומית לשיווק בעמ,IL,סופטקר קרם גוף,מיליליטרים,500.00,"100 מ""ל",false,1,20.00,4.00,true,1,
7290104963216,false,סופטקר - אל סבון עדין לתינוק לעור רגיש 1 ליטר,החברה הדרומית לשיווק בעמ,IL,סופטקר אל סבון,ליטרים,1.00,ליטר,false,1,17.00,17.00,true,1,
7290104963223,false,סופטקר - אל סבון עדין לתינוק לעור רגיש 1 ליטר,החברה הדרומית לשיווק בעמ,IL,סופטקר אל סבון,ליטרים,1.00,ליטר,false,1,17.00,17.00,true,1,
7290104963476,false,קרליין - עפרון גבות WARM BROWN 03,קרל.איפור/טיפוח,CN,עפרון גבות משולש,יחידה,1.00,יחידה,false,0,25.50,25.50,true,1,
7290104963650,false,נקה 7 שמפו אל דמע סופטקר 1 ליטר,החברה הדרומית לשיווק בעמ,IL,סופטקר שמפו,ליטרים,1.00,ליטר,false,1,17.00,17.00,true,1,
7290104963667,false,שמפו ותחליב רחצה אל דמע סופט קר 1 ליטר,החברה הדרומית לשיווק בעמ,IL,סופטקר 2ב1-,ליטרים,1.00,ליטר,false,1,17.00,17.00,true,1,
7290104963711,false,"שמפו סופטקר אלדמע משאבה 770 מ""ל",החברה הדרומית לשיווק בעמ,IL,שמפו סופטקר,מיליליטרים,770.00,"100 מ""ל",false,1,16.10,2.09,true,1,
7290104963919,false,קרליין אורבן דיפנס קרם לילה 50 מל,פאר פארם בעמ,IL,URBAN קרם לילה,מיליליטרים,50.00,"100 מ""ל",false,1,85.30,170.60,true,1,
7290104963988,false,סקינגארד רול און הגנה לילדים SPF50 70 מל,מיוצר עי : אמיליה קוסמטי,IL,סקינגאד רול און,מיליליטרים,70.00,"100 מ""ל",false,1,21.20,30.29,true,1,
7290104964084,false,"קרליין - מולטי אפקט קרם יום 50 מ""ל 25SPF",@@@ החב הדרומית לשיווק בעמ,IL,EFFECT MULTI קרם,מיליליטרים,50.00,"100 מ""ל",false,1,42.60,85.20,true,1,
7290104964206,false,ג'ל מיסלרי להסרת איפור וניקוי הפנים והעיניים,אמיליה קוסמטיקס,IL,ג'ל מיסלרי,מיליליטרים,260.00,"100 מ""ל",false,1,34.10,13.12,true,1,
7290104964213,false,"קרליין - פילינג פנים לניקוי עמוק 150 מ""ל",@@@ החב הדרומית לשיווק בעמ,IL,פילינג לפנים,מיליליטרים,150.00,"100 מ""ל",false,1,29.80,19.87,true,1,
7290104964459,false,קרליין - קונסילר כיסוי גבוה 04,,IL,קורקטורל לכיסוי,יחידה,1.00,יחידה,false,1,46.90,46.90,true,1,
7290104964473,false,קרליין - מסקרה בולד סטיי לונג שחור,,IL,BOLD מסקרה שחורה,יחידה,1.00,יחידה,false,1,59.70,59.70,true,1,
7290104964541,false,קרליין - פיגמנט ללחיים ולשפתיים ברונזר,,IL,TINT LIP ברונזר,מיליליטרים,10.00,"100 מ""ל",false,1,34.10,341.00,true,1,
7290104964596,false,"STORY - ילנג ילנג בושם לאישה א.ד.פ 50 מ""ל",קרליין,IL,YLANG STORY,מיליליטרים,50.00,"100 מ""ל",false,1,58.90,117.80,true,1,
7290104964626,false,בושם לאישה STORY מ-4,קרליין,IL,STORY 4,מיליליטרים,50.00,"100 מ""ל",false,1,58.90,117.80,true,1,
7290104964831,false,קרליין - פריימר לריסים בולד,,IL,פריימר לריסים BO,יחידה,1.00,יחידה,false,1,55.40,55.40,true,1,
7290104964916,false,קרליין - מגבונים להסרת איפור דו פאזי 25 יח',קוסמופארם,IL,מגבוני דו פזי פח,יחידה,1.00,יחידה,false,1,11.00,11.00,true,1,
7290104964930,false,קרליין - פיגמנט ללחיים ולשפתיים,,IL,ליפ טיינט שפתון,מיליליטרים,10.00,"100 מ""ל",false,1,34.10,341.00,true,1,
7290104964947,false,"קרלין - תרחיץ ניקוי פנים ויטמין סי 300 מ""ל","קוסמופארם בע""\מ",IL,ויטמין Cתרחיץ פנ,מיליליטרים,300.00,"100 מ""ל",false,1,29.80,9.93,true,1,
7290104964961,false,קרליין מסכת בד ויטמין C למראה עור אחיד ו,קרליין,IL,מסכת בד טיפוח,יחידה,1.00,יחידה,false,1,8.50,8.50,true,1,
7290104964978,false,קרליין מסכת בד פחם טבעי לטיהור וניקוי הע,קרליין,IL,מסכת בד טיפוח פח,יחידה,1.00,יחידה,false,1,8.50,8.50,true,1,
7290104965111,false,"קרליין - פרו קולגן ממצק קרם יום 50 מ""ל",General,IL,רטינול קרם יום מ,מיליליטרים,50.00,"100 מ""ל",false,1,59.70,119.40,true,1,
7290104965647,false,קרליין דאו רול און נושם סוויט קיס לנערות,החברה הדרומית לשיווק בעמ,IL,דאורדורנט רול א,מיליליטרים,75.00,"100 מ""ל",false,1,11.00,14.67,true,1,
7290104965661,false,קרליין דאו ספרי נושם סוויט קיס לנערות150,החברה הדרומית לשיווק בעמ,IL,דאודורנט ספריי,מיליליטרים,150.00,"100 מ""ל",false,1,10.10,6.73,true,1,
7290104969850,false,"קרליין - פרו קולגן בוסטר 30 מ""ל",אגיס,IL,BOOSTER קולגן,מיליליטרים,30.00,"100 מ""ל",false,1,59.70,199.00,true,1,
7290104969935,false,"קרליין - סי פאוור קרם יום 50 מ""ל",פאר פארם בעמ,IL,פאוור סי קרם יום,מיליליטרים,50.00,"100 מ""ל",false,1,51.20,102.40,true,1,
7290105360250,false,קפסולות 09 עשיר וארומטי למכונת נספרסו עלית 10יח',הנסיך- מפעל לייצור ט,IL,קפסולות קפה,גרמים,50.00,100 גרם,false,0,14.10,28.20,true,1,
7290105360328,false,קפסולות אספרסו חזק למכונות נספרסו 10 יח',הנסיך- מפעל לייצור ט,IL,קפסולות מס' 10,גרמים,50.00,100 גרם,false,0,14.10,28.20,true,1,
7290105360335,false,קפסולות אספרסו למכונות נספרסו 50 גר,הנסיך- מפעל לייצור ט,IL,קפסולות מס' 7,גרמים,50.00,100 גרם,false,0,14.10,28.20,true,1,
7290105360755,false,שמן זית כתית מעולה חזק750 מל,מכוורת יד מרדכי שטראוס ב,IL,שמו זית 3 חזק,מיליליטרים,750.00,"100 מ""ל",false,0,28.90,3.85,true,1,
7290105360762,false,"שמן זית 1 עדין 750 מ""ל יד מרדכי",מכוורת יד מרדכי שטראוס ב,IL,שמן זית 1 עדין,מיליליטרים,750.00,"100 מ""ל",false,0,28.90,3.85,true,1,
7290105362339,false,"שמנת לבישול 15% 250 מ""ל יטבתה מהדרין",שטראוס גרופ בעמ/מצונן,IL,שמנת לבישול 15%,מיליליטרים,250.00,"100 מ""ל",false,0,7.10,2.84,true,1,
7290105363602,false,מקלות כיף כף קלאסי עלית (40 גרם),שולן צ'\יקולטה גידה סאן.,TR,כיף כף מקלות,גרמים,40.00,100 גרם,false,0,4.10,10.25,true,1,
7290105364289,false,מקלות כיף כף פצפוצים עלית 40 גרם,שולן צ'\יקולטה גידה סאן.,TR,כיף כף מקלות,גרמים,40.00,100 גרם,false,0,4.10,10.25,true,1,
7290105364302,false,"עלית חטיף שוקולד כיף כף מקלות אגוזים, 40 גרם",שולן צ'\יקולטה גידה סאן.,TR,כיף כף מקלות,גרמים,42.00,100 גרם,false,0,4.10,9.76,true,1,
7290105364678,false,"אקטיביה משקה יוגורט בטעם אפרסק שטראוס 250 מ""ל",שטראוס גרופ בעמ/מצונן,IL,משקה אקטיביה,מיליליטרים,250.00,"100 מ""ל",false,0,4.20,1.68,true,1,
7290105366023,false,סלט חצילים בטעם כבד אחלה 400 גרם,שטראוס גרופ בעמ/מצונן,IL,חציל בטעם כבד,גרמים,400.00,100 גרם,false,0,13.50,3.38,true,1,
7290105366047,false,טחינה לבנה אחלה (400 גרם),שטראוס גרופ בעמ/מצונן,IL,טחינה לבנה,גרמים,400.00,100 גרם,false,0,13.50,3.38,true,1,
7290105366993,false,סימפוניה גבינת שמנת פלפל שיפקה 5% שטראוס 200 גרם,שטראוס גרופ בעמ/מצונן,IL,סימפוניה פלפל,גרמים,200.00,100 גרם,false,0,9.40,4.70,true,1,
7290105368331,false,מעדן מילקי בטעם תות עם קצפת,שטראוס גרופ בעמ/מצונן,IL,מילקי טעם תות,מיליליטרים,170.00,"100 מ""ל",false,0,2.40,1.41,true,1,
7290105368904,false,"שמנת מתוקה להקצפה 32% שומן 250 מ""ל יוטבתה",שטראוס גרופ בעמ/מצונן,IL,שמנת מתוקה32%,מיליליטרים,250.00,"100 מ""ל",false,0,6.50,2.60,true,1,
7290105368928,false,שמנת חמוצה יטבתה %9 200 מל גביע מהדרין,שטראוס גרופ בעמ/מצונן,IL,שמנת 9% יטבתה,מיליליטרים,200.00,"100 מ""ל",false,0,2.60,1.30,true,1,
7290105369130,false,סימפוניה גבינת שמנת בצל ירוק 5% שטראוס 200 גרם,שטראוס גרופ בעמ/מצונן,IL,גבינת סימפוניה,גרמים,200.00,100 גרם,false,0,9.40,4.70,true,1,
7290105430441,false,פלמוליב ס.נוזלי סחלב שחור 750 מל משאבה,הנסיך- מפעל לייצור ט,TR,סבון פלמוליב,מיליליטרים,750.00,"100 מ""ל",false,0,17.00,2.27,true,1,
7290105430458,false,"פלמוליב - תחליב רחצה נטורלס שקדים 750 מ""ל",הנסיך- מפעל לייצור ט,TR,סבון פלמוליב,מיליליטרים,750.00,"100 מ""ל",false,0,17.00,2.27,true,1,
7290105431516,false,מארז חטיף פריי תמרים ובוטנים ללא גלוטן ותוספת סוכר 125 גרם,טבעית מוצרים מן הטבע בעמ,IL,חטיפי FREE,גרמים,125.00,100 גרם,false,0,14.40,11.52,true,1,
7290105433961,false,"ליידי ספיד סטיק לסס פרש אסנס ספריי דובדבן, 150 מ""ל",קולגייט-פלמוליב,RU,ליידי ספיד סטיק,מיליליטרים,150.00,"100 מ""ל",false,0,11.80,7.87,true,1,
7290105433985,false,ליידי ספיד סטיק פרש אסנס פריחת הדובדבן סטיק 65 גר,ליידי ספיד סטיק Lady Speed Stick,US,ליידי ספיד סטיק,גרמים,65.00,100 גרם,false,0,14.40,22.15,true,1,
7290105434067,false,ספיד סטיק - דאודורנט סטיק לגבר XL אושן סרף 85 גרם,קולגייט פלמוליב,US,דאו. ספיד סטיק,יחידה,1.00,יחידה,false,0,14.40,14.40,true,1,
7290105436382,false,חטיף פרי תמרים קשיו ללא תוספת סוכר וגלוטן 5 יח,טבעית מוצרים מן הטבע בעמ,IL,חטיפי FREE,גרמים,125.00,100 גרם,false,0,14.40,11.52,true,1,
7290105438546,false,קוקי נייר אפייה פרימיום 40 יח',ש. שסטוביץ בע`מ,IL,קוקי נייר אפיה,יחידה,1.00,יחידה,false,0,8.40,8.40,true,1,
7290105439499,false,מאסטר שף מאסטר שף מיונז 480 גר כשלפ,רמיה סי.וי. הולנד,NL,מיונז מאסטר שף,גרמים,481.00,100 גרם,false,1,10.10,2.10,true,1,
7290105439505,false,מאסטר שף קרם בטעם מיונז לייט 479 גר כשלפ,רמיה סי.וי. הולנד,NL,ממרח מופחת,גרמים,521.00,100 גרם,false,1,10.10,1.94,true,1,
7290105439581,false,מנה מאסטר שף חרדל דיזיון צרפתי 370 גר,רמיה סי.וי.הולנד,FR,חרדל דיז'ון,גרמים,370.00,100 גרם,false,1,10.10,2.73,true,1,
7290105470645,false,מזון יבש לחתול סופר קט7ק,,FR,מזון סופר קט,קילוגרמים,7.00,"ק""ג",false,0,110.10,15.73,true,1,
7290105479679,false,"בונזו בקר וכבד 12ק""ג מחולק",דיפלומט מפיצים (1968) בעמ**,FR,בונזו בקר וכבד,קילוגרמים,12.00,"ק""ג",false,1,101.60,8.47,true,1,
7290105500151,false,וודקה פינלנדיה רגיל 700,"אלטיה קורפ, הלסינקי,",FI,וודקה פינלנדיה,מיליליטרים,700.00,"100 מ""ל",false,0,49.50,7.07,true,1,
7290105500236,false,וויסקי ג'ק דניאלס מס' 7 Brand No,ג'ק דניאלס Jack Daniel's,US,וויסקי ג'ק דניאל,מיליליטרים,700.00,"100 מ""ל",false,0,102.40,14.63,true,1,
7290105500953,false,"וויסקי ג'ק דניאלס דבש 700 מ""ל",מ.אקרמן בעמ,BE,וויסקי,מיליליטרים,700.00,"100 מ""ל",false,0,102.40,14.63,true,1,
7290105691224,false,אסם חטיפי פריכונים טורטייה שום בצל 60 גרם,קבוצת אוסם סחר-שות.מוגבלת,IL,קריספי טורטיה,גרמים,60.00,100 גרם,false,0,6.40,10.67,true,1,
7290105691248,false,אסם חטיפי פריכונים טורטייה תירס 60 גרם,קבוצת אוסם סחר שותפות מוגבלת,IL,קריספי טורטיה,גרמים,60.00,100 גרם,false,0,6.40,10.67,true,1,
7290105691934,false,קמח שמרים אסם 1 קילו,קבוצת אוסם סחר שותפות מוגבלת,IL,"קמח שמרים 1 ק""ג",קילוגרמים,1.00,"ק""ג",false,0,8.40,8.40,true,1,
7290105693341,false,מארז עשיריית במבה אסם 25*10 גרם,קבוצת אוסם סחר שותפות מוגבלת,IL,במבה 10 יח,גרמים,250.00,100 גרם,false,0,12.70,5.08,true,1,
7290105694928,false,אבקת מרק בצל רכיבים טבעיים אסם 220 גרם,קבוצת אוסם סחר שותפות מוגבלת,IL,מרק בצל,גרמים,220.00,100 גרם,false,0,14.40,6.55,true,1,
7290105695024,false,פתיתים אפויים אורז עם אטריות אסם 500 גרם,קבוצת אוסם סחר שותפות מוגבלת,IL,פתיתים אפויים,גרמים,500.00,100 גרם,false,0,5.90,1.18,true,1,
7290105962331,false,סחוג תימני אדום חריף מאוד זהבי הכרם 220 גרם,שטראוס גרופ בעמ/מצונן,IL,סחוג חריף זהבי,גרמים,220.00,100 גרם,false,0,9.80,4.45,true,1,
7290105964564,false,חומוס אחלה 400 גרם. שטראוס,שטראוס גרופ בעמ/מצונן,IL,סלט חומוס אחלה,גרמים,400.00,100 גרם,false,1,7.20,1.80,true,1,
7290105965738,false,יוגורט לשתיה בטעם תות בננה267 ג' דנונה,שטראוס גרופ בעמ/מצונן,IL,דנונה לשתיה,גרמים,267.00,100 גרם,false,0,4.20,1.57,true,1,
7290105966469,false,חומץ בלסמי ממודנה יד מרדכי (250 מל),אצטייה ג'וזפה קרמוני,IT,חומץ בלסמי,גרמים,250.00,100 גרם,false,0,12.50,5.00,true,1,
7290105968098,false,סלט קולסלאו אחלה (500 גרם),שטראוס גרופ בעמ/מצונן,IL,סלט קולסלאו אחלה,גרמים,500.00,100 גרם,false,0,13.50,2.70,true,1,
7290105968654,false,רביולי עם בטטה פרווה שטראוס (400 גרם),שטראוס גרופ בעמ/מצונן,IL,רביולי בטטה 400ג,גרמים,400.00,100 גרם,false,0,17.00,4.25,true,1,
7290105968777,false,פריכיות 5 דגנים עם תחתית שוקולד מריר 70 גרם,"טחנת האבן תעשיות בע""",IL,פריכיות + שוקולד,גרמים,70.00,100 גרם,false,0,6.70,9.57,true,1,
7290106268999,false,Tattoo Brave The Only,דיזל,FR,Brave The Only,מיליליטרים,125.00,"100 מ""ל",false,1,212.80,170.24,true,1,
7290106410091,false,סוכ. גומי בצורת דובי500ג,טופגאם,IL,סוכריות גומי,גרמים,500.00,100 גרם,false,0,12.70,2.54,true,1,
7290106520066,false,"רבע לשבע שוקולד חלב במילוי אגוזים עלית 160 גרם בד""צ","הגביע מוצרי וופלים בע""\מ",IL,רבע לשבע 160 גרם,גרמים,160.00,100 גרם,false,0,9.30,5.81,true,1,
7290106520288,false,יוגורט פרו חלבון עם תות 2.4% שומן 150 ג' דנונה,שטראוס גרופ בעמ/מצונן,IL,דנונה WOW תות,גרמים,150.00,100 גרם,false,1,4.10,2.73,true,1,
7290106520813,false,תפוצ'יפס בטעם טבעי 50*6ג,"שטראוס פריטו ליי בע""\מ )",IL,תפוצ'יפס 6 יח,גרמים,300.00,100 גרם,false,0,12.70,4.23,true,1,
7290106520905,false,סלט טורקי אחלה (400 גרם),שטראוס גרופ בעמ/מצונן,IL,סלט טורקי,גרמים,400.00,100 גרם,false,0,13.50,3.38,true,1,
7290106520912,false,שמנת לבישול 9% שומן 258גר מהדרין יטבתה,שטראוס גרופ בעמ/מצונן,IL,שמנת לבישול 9%,מיליליטרים,250.00,"100 מ""ל",false,0,7.10,2.84,true,1,
7290106521049,false,אחלה טעמי השוק קוביות סלק 400 גר,שטראוס גרופ בעמ/מצונן,IL,סלט קוביות סלק,גרמים,400.00,100 גרם,false,0,13.50,3.38,true,1,
7290106524439,false,"תפוצ'יפס פופס 60 גרם ""עלית""","שטראוס פריטו ליי בע""\מ )",IL,תפוצ'יפס פופס,גרמים,60.00,100 גרם,false,1,3.40,5.67,true,1,
7290106525320,false,אבקת שוקולית לאפייה קופסא 500ג' עלית,הנסיך- מפעל לייצור ט,IL,שוקולית לאפיה,גרמים,500.00,100 גרם,false,0,13.20,2.64,true,1,
7290106525399,false,קפסולות 06 ברזיל למכונות נספרסו עלית 10יח',הנסיך- מפעל לייצור ט,IL,קפסולות קפה,גרמים,50.00,100 גרם,false,1,14.10,28.20,true,1,
7290106525405,false,קפסולות קפה עלית נטול קפאין אספרסו) (10,שטראוס קפה בי.וי.,IL,קפסולות נטול מס7,גרמים,50.00,100 גרם,false,0,14.10,28.20,true,1,
7290106526822,false,פריכיות אורז חום מלא תחתית שוקולד חלב 80 גרם,"טחנת האבן תעשיות בע""",IL,פריכיות,גרמים,80.00,100 גרם,false,0,6.70,8.38,true,1,
7290106528567,false,חטיף תירס גריל דוריטוס (185 גרם),"שטראוס פריטו ליי בע""\מ )",IL,דוריטוס גריל,גרמים,185.00,100 גרם,false,1,6.30,3.41,true,1,
7290106528628,false,חטיף תירס בטעם טבעי דוריטוס (185 גרם),"שטראוס פריטו ליי בע""\מ )",IL,דוריטוס Dippas,גרמים,185.00,100 גרם,false,1,6.30,3.41,true,1,
7290106528949,false,סלט ערוגות שטראוס 450 גר`-טעם הטבע,שטראוס בריאות ירקות טריי,IL,לקט ערוגות,גרמים,450.00,100 גרם,false,0,12.90,2.87,true,1,
7290106572959,false,אפרופו חטיף קלאסי 5חי*25גר,קבוצת אוסם סחר שותפות מוגבלת,IL,אפרופו 5 יח,גרמים,125.00,100 גרם,false,0,10.50,8.40,true,1,
7290106573628,false,חומוס עם טחינה צבר (400 גרם),קבוצת אוסם סחר שותפות מוגבלת,IL,חומוס עם טחינה,גרמים,400.00,100 גרם,false,0,10.10,2.53,true,1,
7290106574953,false,בייגלה שטוחים כעכים שטוחים עם שומשום,קבוצת אוסם סחר שותפות מוגבלת,IL,בייגלה שטוחים,גרמים,300.00,100 גרם,false,0,9.30,3.10,true,1,
7290106574977,false,בייגלה שטוחים טבעות עם מלח אסם (300 גרם),קבוצת אוסם סחר שותפות מוגבלת,IL,בייגלה שטוחים,גרמים,300.00,100 גרם,false,0,9.30,3.10,true,1,
7290106575257,false,עוגת הבית סופלה בטעם שוקולד 340 ג' אסם,קבוצת אוסם סחר שותפות מוגבלת,IL,עוגת סופלה הבית,גרמים,340.00,100 גרם,false,0,10.10,2.97,true,1,
7290106575332,false,פתיתים אפויים פלוס בורגול 400 ג' אסם,קבוצת אוסם סחר שותפות מוגבלת,IL,פתיתים פלוס,גרמים,400.00,100 גרם,false,0,5.90,1.48,true,1,
7290106576513,false,סלט רק חומוס צבר 400 גרם,קבוצת אוסם סחר שותפות מוגבלת,IL,חומוס צבר,גרמים,400.00,100 גרם,false,0,8.40,2.10,true,1,
7290106576537,false,חומוס מסעדות צבר 700 גרם,קבוצת אוסם סחר שותפות מוגבלת,IL,חומוס מסעדה צבר,גרמים,700.00,100 גרם,false,0,9.30,1.33,true,1,
7290106576797,false,"לה קרמריה גלידת וניל איטלקי כשל""פ 1.4ל'",נגה גלידות שותפות מוגבלת,IL,לה קרמריה וניל,ליטרים,1.40,ליטר,false,0,16.10,11.50,true,1,
7290106576834,false,גלידה לה קרמריה פונטש בננה1.4 ל' נסטלה,נגה גלידות שותפות מוגבלת,IL,לה קרמריה,ליטרים,1.40,ליטר,false,0,16.10,11.50,true,1,
7290106576919,false,"לה קרמריה סורבה תות לימו 1.4 ליטר כשל""פ",נגה גלידות שותפות מוגבלת,IL,לח קרמריה,ליטרים,1.40,ליטר,false,0,16.10,11.50,true,1,
7290106577039,false,גלידה לה קרמריה שוקו וניל פליק 1.4 ל' נסטלה,נגה גלידות שותפות מוגבלת,IL,לא קרמריה,ליטרים,1.40,ליטר,false,0,16.10,11.50,true,1,
7290106577282,false,טחינה אמיתית מרובע 400 ג' צבר,קבוצת אוסם סחר-שות.מוגבלת,IL,טחינה צבר,גרמים,400.00,100 גרם,false,0,11.00,2.75,true,1,
7290106652996,false,כיף כף מקלות קוקוס חלבי 40 גר',סולן בעבור שטראוס,TR,כיף כף מקלות,יחידה,1.00,יחידה,false,0,4.10,4.10,true,1,
7290106653689,false,לקט לסלט אסייתי 350 גר`-טעם הטבע,שטראוס בריאות ירקות טריי,IL,לקט לסלט אסייאתי,גרמים,350.00,100 גרם,false,1,10.90,3.11,true,1,
7290106654099,false,מילקי CAKE עוגות אישיות במילוי קרם חלב,בובארד איטליה אס.פי.איי,IT,מילקי קייק 8 יח',גרמים,272.00,100 גרם,false,1,17.00,6.25,true,1,
7290106656727,false,"עוגיות חיוכים שוקולד עלית 600 גרם בד""צ",אפיפית נצרת תעשיות ב,IL,חיוכים שוקולד,גרמים,600.00,100 גרם,false,0,15.30,2.55,true,1,
7290106663503,false,קונפיטורת תות לייט יד מרדכי (230 גרם),אף.סי תבליני בגליל ב,IL,קונפיטורה תות,גרמים,230.00,100 גרם,false,0,10.10,4.39,true,1,
7290106663558,false,"רוטב טריאקי ורימון יד מרדכי 280מ""ל",אף.סי תבליני בגליל ב,IL,רוטב טריאקי,גרמים,320.00,100 גרם,false,1,11.00,3.44,true,1,
7290106664067,false,לאבנה עם שמן זית וזעתר 10% שטראוס 400 ג',שטראוס גרופ בעמ/מצונן,IL,לאבנה שמן זית,גרמים,400.00,100 גרם,false,1,12.90,3.23,true,1,
7290106664555,false,"רוטב שמנת עם עגבניות 9% שומן 250 מ""ל יוטבתה",שטראוס גרופ בעמ/מצונן,IL,רוטב שמנת,מיליליטרים,250.00,"100 מ""ל",false,1,9.30,3.72,true,1,
7290106664562,false,רוטב שמנת עם פטריות 9% שומן 258 ג' יוטבתה,שטראוס גרופ בעמ/מצונן,IL,רוטב שמנת פטריות,מיליליטרים,250.00,"100 מ""ל",false,1,9.30,3.72,true,1,
7290106667266,false,חטיף תירס חמוץ חריף דוריטוס (185 גרם),"שטראוס פריטו ליי בע""\מ )",IL,דוריטוס,גרמים,185.00,100 גרם,false,1,6.30,3.41,true,1,
7290106668713,false,יוגורט עם פירות יער 3% שומן 150 ג' דנונה,שטראוס גרופ בעמ/מצונן,IL,דנונה פירות יער,גרמים,150.00,100 גרם,false,1,3.30,2.20,true,1,
7290106669857,false,קפסולות אספרסו בטעם וניל עלית 10 יחידות,הנסיך- מפעל לייצור ט,IL,קפסולות וניל,גרמים,50.00,100 גרם,false,1,14.10,28.20,true,1,
7290106720626,false,חטיף תירס בטעם גבינה צ`יטוס (80 גרם),"שטראוס פריטו ליי בע""\מ )",IL,ציטוס גבינה,גרמים,80.00,100 גרם,false,1,3.80,4.75,true,1,
7290106721913,false,מסטיק מאסט MUST ללא סוכר בטעם מנטה מרעננת,שטראוס גרופ בע`מ,IL,מסטיק מרעננת,גרמים,66.00,100 גרם,false,1,8.40,12.73,true,1,
7290106721920,false,צנצנת מסטיק מאסט בטעם ספירמינט עדין 66 ג' עלית,"שטראוס גרופ בע""\מ.",IL,מסטיק ספירמינט,גרמים,66.00,100 גרם,false,1,8.40,12.73,true,1,
7290106723689,false,עלי תרד בייבי 200 גר`שטראוס טעם הטבע,שטראוס בריאות ירקות טריי,IL,עלי תרד בייבי,גרמים,200.00,100 גרם,false,0,11.90,5.95,true,1,
7290106725874,false,"סירופ מייפל טבעי 236 מ""ל ""יד מרדכי""",שטראוס גרופ בעמ,CA,סירופ מייפל,מיליליטרים,236.00,"100 מ""ל",false,1,35.80,15.17,true,1,
7290106726178,false,יוגורט PRO עם פירות יער 2.4% 10 גרם חלבון בגביע,שטראוס גרופ בעמ/מצונן,IL,דנונה WOW פ.יער,גרמים,150.00,100 גרם,false,1,4.10,2.73,true,1,
7290106727984,false,"כיף כף פצפצים בגביע 135 גרם ""עלית""",שולן צ'\יקולטה גידה סאן.,TR,כיף כף פצפצים,גרמים,135.00,100 גרם,false,1,8.40,6.22,true,1,
7290106729650,false,יוגורט עם תות מאגדת 8 יח' * 150ג' דנונה,שטראוס גרופ בעמ/מצונן,IL,דנונה תות 8 יח,קילוגרמים,1.20,"ק""ג",false,1,21.30,17.75,true,1,
7290106770577,false,גרוסליין- בלגה ממרח חלבה 350 גרם.,"אלמונדס בע""מ",IL,ממרח חלבה,גרמים,350.00,100 גרם,false,1,11.80,3.37,true,1,
7290106772472,false,גרוסליין- בלגה ממרח שוקולד 350 גרם,"אלמנדוס בע""מ",IL,ממרח אגוזי לוז,גרמים,350.00,100 גרם,false,1,11.80,3.37,true,1,
7290106774612,false,סילאן טבעי אורגני לחיץ 500 גרם,,IL,סילאן אורגני,גרמים,500.00,100 גרם,false,1,16.10,3.22,true,1,
7290106775091,false,מחית פיסטוק אלמנדוס,שקד תבור,IL,מחית פיסטוק,גרמים,200.00,100 גרם,false,1,34.10,17.05,true,1,
7290107280020,false,שלישיית מטליות לחות לניקוי כללי סנו סושי 50 יחידות,החברה הדרומית לשיווק בעמ,IL,מטליות לחות מארז,יחידה,1.00,יחידה,false,0,14.40,14.40,true,1,
7290107280037,false,מטלית לחות עבות לניקוי סנו סושי מארז 50יח',החברה הדרומית לשיווק בעמ,IL,מגבונים לניקוי,יחידה,1.00,יחידה,false,0,8.40,8.40,true,1,
7290107280082,false,מארז 7 תבניות אלומיניום מוארכות לאפייה אינגליש קייק,החברה הדרומית לשיווק בעמ,CN,תבניות אלומיניום,יחידה,1.00,יחידה,false,1,7.60,7.60,true,1,
7290107280099,false,שלישיית מגובנים נשטפים באסלה סופט סוד 48 יחידות,החברה הדרומית לשיווק בעמ,IL,מגבוני נייר לחים,יחידה,1.00,יחידה,false,0,13.50,13.50,true,1,
7290107280341,false,ריצפז מטליות לחות לניקוי הרצפה בניחוח מלון מפנק,החברה הדרומית לשיווק בעמ,IL,מטליות ריצפז,יחידה,1.00,יחידה,false,1,9.30,9.30,true,1,
7290107280396,false,"סנו - ג'ט מרסס לניקוי יסודי במטבח 750 מ""ל",החברה הדרומית לשיווק בעמ,IL,מתז ג'ט למטבח,מיליליטרים,750.00,"100 מ""ל",false,0,10.10,1.35,true,1,
7290107280518,false,"סנו מקסימה אפקט ז'אוול 8 ק""ג",סנו,IL,מקסימה ג'אוול,קילוגרמים,8.00,"ק""ג",false,0,46.90,5.86,true,1,
7290107280563,false,סנו אוקסיג`ן ג`ל לכביסה בייבי 3 ל`,החברה הדרומית לשיווק בעמ,IL,אוקסיג'ן בייבי,ליטרים,3.00,ליטר,false,0,24.70,8.23,true,1,
7290107280570,false,סנו - מקסימה ג'ל כביסה מרוכז לכביסה צבעונית 3 ליטר,החברה הדרומית לשיווק בעמ,IL,ג'ל כביסה,ליטרים,3.00,ליטר,false,0,25.30,8.43,true,1,
7290107280600,false,טבליות למדיח סנו ספארק 100 טבליות במארז,החברה הדרומית לשיווק בעמ,PL,ספארק טב' למדיח,יחידה,1.00,יחידה,false,1,44.30,44.30,true,1,
7290107280655,false,"אבקת כביסה בייבי סנו מקסימה 3.25 ק""ג",החברה הדרומית לשיווק בעמ,IL,מקסימה בייבי,קילוגרמים,3.25,"ק""ג",false,0,27.00,8.31,true,1,
7290107280709,false,ספארק נוזל הברקה למדיח סנו (700 מל),החברה הדרומית לשיווק בעמ,IL,נוזל הברקה למדיח,מיליליטרים,700.00,"100 מ""ל",false,1,11.80,1.69,true,1,
7290107280716,false,מלח למדיח להגנה מפני אבנית סנו ספארק Spark,החברה הדרומית לשיווק בעמ,IL,ספארק מלח למדיח,קילוגרמים,2.00,"ק""ג",false,1,9.30,4.65,true,1,
7290107280723,false,נוזל לניקוי כלים סנו ספארק Spark בניחוח לימון רענן,החברה הדרומית לשיווק בעמ,IL,נוזל לכלים לימון,מיליליטרים,700.00,"100 מ""ל",false,0,8.40,1.20,true,1,
7290107280747,false,נוזל לניקוי כלים סנו ספארק Spark קלאסי,החברה הדרומית לשיווק בעמ,IL,נוזל לכלים קלאסי,מיליליטרים,700.00,"100 מ""ל",false,0,8.40,1.20,true,1,
7290107280761,false,נוזל לניקוי כלים בניחוח לימון רענן סנו ספארק Spark,החברה הדרומית לשיווק בעמ,IL,נוזל כלים לימון,ליטרים,1.00,ליטר,false,0,9.30,9.30,true,1,
7290107280822,false,סנו ריצפז פרש הום 2 ליטר בניחוח ספא,החברה הדרומית לשיווק בעמ,IL,ריצפז פרש הום,ליטרים,2.00,ליטר,false,0,15.20,7.60,true,1,
7290107536042,false,מארז גיפט קארד מרובע ניי,.,IL,מארז גיפטקארד,יחידה,1.00,יחידה,false,1,5.10,5.10,true,1,
7290107645584,false,אבקת מרק עוף אמיתי רכיבים טבעיים 400 גרם - רבנות,יוניליוור ישראל שיווק בע`מ,IL,מרק עוף אמיתי,גרמים,400.00,100 גרם,false,1,17.00,4.25,true,1,
7290107645591,false,אבקת מרק בטעם עוף 100% רכיבים טבעיים 400 גרם,יוניליוור ישראל שיווק בע`מ,IL,מרק טעם עוף,גרמים,400.00,100 גרם,false,1,14.40,3.60,true,1,
7290107646062,false,אבקת מרק בצל רכיבים טבעיים קנור 400 ג',יוניליוור ישראל שיווק בע`מ,IL,מרק בצל,גרמים,400.00,100 גרם,false,1,21.30,5.33,true,1,
7290107646154,false,"חטיף קוקומן פצפוצים תלמה 126 גרם מארז 6 יחידות בד""צ",יוניליוור ישראל שיווק בע`מ,IL,חטיפי קוקומן 6יח,גרמים,126.00,100 גרם,false,1,11.00,8.73,true,1,
7290107646826,false,"חטיף שוגי שוקו תלמה 156 גרם מארז 6 יחידות בד""צ",יוניליוור ישראל שיווק בע`מ,IL,חטיפי שוגי 6 יח,גרמים,156.00,100 גרם,false,1,11.00,7.05,true,1,
7290107646895,false,קנור - רוטב פסטה נפוליטנה 415 גרם חתם סופר,יוניליוור ישראל שיווק בע`מ,IT,רוטב נפוליטנה,גרמים,415.00,100 גרם,false,1,11.00,2.65,true,1,
7290107646918,false,רוטב עגבניות ופלפלים לשקשוקה 415 ג' קנור,יוניליוור ישראל שיווק בע`מ,IT,רוטב לשקשוקה,גרמים,415.00,100 גרם,false,1,11.00,2.65,true,1,
7290107647625,false,מאגדת קורנטו וניל כשר לפ,"מיוצר ע""\י גלידת שטראוס",IL,מאגדת קטרנטו כשר,גרמים,330.00,100 גרם,false,1,29.80,9.03,true,1,
7290107647731,false,קוקומן חום לבן 20% פחות סוכר 375 גרם ב,יוניליוור ישראל שיווק בע`מ,IL,קוקומן חום לבן,גרמים,375.00,100 גרם,false,1,17.00,4.53,true,1,
7290107647816,false,"דגני ברנפלקס ללא תוספת סוכר 500 גרם בד""צ",יוניליוור ישראל שיווק בע`מ,IL,"ברנפלקס ללת""ס",גרמים,500.00,100 גרם,false,1,17.80,3.56,true,1,
7290107648943,false,"ברנפלקס קרנצ'ים מייפל תלמה 375 גרם בד""צ","יוניליוור ישראל שיווק בע""מ",IL,ברנפלקס קרנצ'ים,גרמים,375.00,100 גרם,false,1,16.10,4.30,true,1,
7290107648974,false,קנור רוטב לפסטה עגבניות עם בזיליקום,יוניליוור ישראל שיווק בע`מ,IL,רוטב עגבניות,גרמים,415.00,100 גרם,false,1,11.00,2.65,true,1,
7290107649100,false,בייגלה טבעות שומשום 300 גרם.,יוניליוור ישראל שיווק בע`מ,IL,בייגלה טבעות,גרמים,300.00,100 גרם,false,1,8.90,2.97,true,1,
7290107779302,false,זרעי ברוקולי ירוק 20זרעי,"גדות אגרו בע""\מ",IL,ברוקולי ירוק,יחידה,1.00,יחידה,false,1,8.40,8.40,true,1,
7290107871990,false,פסטה צינורות מהדרין אסם (500 גרם),קבוצת אוסם סחר שותפות מוגבלת,IT,פסטה צינורות,גרמים,500.00,100 גרם,false,0,5.00,1.00,true,1,
7290107874502,false,ביסלי גריל קדמ. מארז אחיד 10 4*55 גרם,קבוצת אוסם סחר שותפות מוגבלת,IL,ביסלי גריל 4 יח,גרמים,220.00,100 גרם,false,1,10.60,4.82,true,1,
7290107875271,false,ביסלי ברביקיו קדמ. מארז אחיד10 4*55 גרם,קבוצת אוסם סחר שותפות מוגבלת,IL,ביסלי ברביקיו4יח,גרמים,220.00,100 גרם,false,1,10.60,4.82,true,1,
7290107875400,false,גלידה לה קרמריה פיסטוק מוקה 1.4 ל' נסטלה,נגה גלידות שותפות מוגבלת,IL,להקרמריה,ליטרים,1.40,ליטר,false,0,16.10,11.50,true,1,
7290107877619,false,מארז במבה במילוי קרם נוגט 5*30ג' אסם,קבוצת אוסם סחר שותפות מוגבלת,IL,במבה נוגט 5 יח,גרמים,150.00,100 גרם,false,1,11.80,7.87,true,1,
7290107879569,false,קרחון לה פרוטה שרבט מנגו מאגדת 5יח',נגה גלידות שותפות מוגבלת,IL,מאגדת לה פרוטה,גרמים,350.00,100 גרם,false,1,21.20,6.06,true,1,
7290107931397,false,כיף כף פצפוצים במילוי שוקולד 40 גרם,שולן צ'\יקולטה גידה סאן.,TR,כיף כף פצפצים,גרמים,40.00,100 גרם,false,1,4.10,10.25,true,1,
7290107932080,false,חלב מועשר יוטבתה בבקבוק 3% 1 ליטר,שטראוס גרופ בעמ/מצונן,IL,חלב מועשר 3%,ליטרים,1.00,ליטר,false,1,6.50,6.50,true,1,
7290107932134,false,חלב מועשר יוטבתה בבקבוק 1% 1 ליטר,שטראוס גרופ בעמ/מצונן,IL,חלב מועשר 1%,ליטרים,1.00,ליטר,false,1,6.50,6.50,true,1,
7290107933155,false,לקט סלנובה 200 גר ירקות שטראוס טעם הטבע,שטראוס בריאות ירקות טריי,IL,לקט סלנובה,גרמים,200.00,100 גרם,false,1,12.90,6.45,true,1,
7290107933193,false,סלק בוואקום מבושל שטראוס (500 גרם),ביכורי השדה הצפון בעמ` 1964,IL,סלק מבושל 500גרם,גרמים,500.00,100 גרם,false,1,7.90,1.58,true,1,
7290107934473,false,שמינייה יוגורט לבן אקטיביה 1.5% דנונה 150 גרם,שטראוס גרופ בעמ/מצונן,IL,אקטביה 1.5% 8 יח,ליטרים,1.20,ליטר,false,1,17.00,14.17,true,1,
7290107936309,false,דנונה יוגורט 7% יווני לבן 130 ג',שטראוס גרופ בעמ/מצונן,IL,יוגורט יווני,גרמים,130.00,100 גרם,false,1,2.90,2.23,true,1,
7290107936460,false,מארז 8 יח' דנכול משקה יוגורט בטעם מעודן,שטראוס גרופ בעמ/מצונן,IL,דנכול מעודן 8 יח,גרמים,800.00,100 גרם,false,1,25.30,3.16,true,1,
7290107936958,false,עד חצות ביסקוויט אצבעות שוקולד 125 גרם,ביסקוויטס טור ד'\אלבון,FR,עד חצות אצבעות,גרמים,125.00,100 גרם,false,1,8.40,6.72,true,1,
7290107937542,false,משקה יוגורט אקטיביה עם תות 1.2% שומן,שטראוס גרופ בעמ/מצונן,IL,משקה אקטביה תות,גרמים,265.00,100 גרם,false,1,4.20,1.58,true,1,
7290107937627,false,מסטיק מאסט Must קוביות ללא סוכר בטעם מנטה עדינה,שטראוס גרופ בע`מ,DE,קוביות מסטיק,גרמים,58.00,100 גרם,false,1,8.40,14.48,true,1,
7290107937641,false,צנצנת קוביות בזוקה גומי לעיסה 58גר,שטראוס גרופ בע`מ,DE,קוביות מסטיק,גרמים,58.00,100 גרם,false,1,8.40,14.48,true,1,
7290107937856,false,קפסולות 11חזק למכונות נספרסו עלית 10יח',הנסיך- מפעל לייצור ט,IL,קפסולות עלית,גרמים,50.00,100 גרם,false,1,14.10,28.20,true,1,
7290107938396,false,שמיניית אקטימל תות דיסני בנים 108 גרם,שטראוס גרופ בעמ/מצונן,IL,אקטימל תות 8יח',מיליליטרים,800.00,"100 מ""ל",false,1,17.80,2.23,true,1,
7290107939027,false,גזר דק דק 250 גר שטראוס ירקות טעם הטבע,שטראוס בריאות ירקות טריי,IL,גזר דק דק 250גרם,גרמים,250.00,100 גרם,false,1,7.90,3.16,true,1,
7290107940467,false,אקטיביה יוגורט קרמי 1.5% דנונה (200 גרם),שטראוס גרופ בעמ/מצונן,IL,אקטיביה 1.5%,גרמים,200.00,100 גרם,false,1,3.40,1.70,true,1,
7290107941259,false,עדשים ירוקות מבושלות 475 גר ירקות שטראוס,ביכורי השדה הצפון בעמ` 1964,ES,עדשים ירוקות,גרמים,475.00,100 גרם,false,1,12.90,2.72,true,1,
7290107941266,false,שעועית אדומה מבושלת 475 גר ירקות שטראוס,ביכורי השדה הצפון בעמ` 1964,ES,שעועית אדומה,גרמים,475.00,100 גרם,false,1,14.90,3.14,true,1,
7290107941273,false,טעם הטבע חומוס מבושל שטראוס (475 גרם),ביכורי השדה הצפון בעמ` 1964,ES,חומוס מבושל,גרמים,475.00,100 גרם,false,1,12.90,2.72,true,1,
7290107943192,false,"שמנת חמוצה מהערבה 27% שומן 200 מ""ל יטבתה",שטראוס גרופ בעמ/מצונן,IL,שמנת חמוצה 27%,מיליליטרים,200.00,"100 מ""ל",false,1,3.30,1.65,true,1,
7290107943369,false,קוואקר שיבולת שועל ללא גלוטן 511 גרם,שטראוס פריטו ליי בע`מ,US,קוואקר ללא גלוטן,גרמים,511.00,100 גרם,false,1,14.50,2.84,true,1,
7290107944472,false,סימפוניה גבינה במרקם שמנת 5% שום שמיר,שטראוס גרופ בעמ/מצונן,IL,גבינת סימפוניה,גרמים,200.00,100 גרם,false,1,9.40,4.70,true,1,
7290107945165,false,קונפיטורת משמש יד מרדכי 340 גרם,אף.סי תבליני בגליל ב,IL,קונפיטורת משמש,גרמים,340.00,100 גרם,false,1,10.10,2.97,true,1,
7290107950190,false,מעדן חלב דל קלוריות בטעם שוקולד מריר 0.5% שומן,שטראוס גרופ בעמ/מצונן,IL,מעדן דיאט שוקולד,גרמים,130.00,100 גרם,false,1,2.80,2.15,true,1,
7290107950206,false,מעדן דיאט שוקולד שטראוס 130 גרם,שטראוס גרופ בעמ/מצונן,IL,מעדן דיאט שוקולד,גרמים,130.00,100 גרם,false,1,2.80,2.15,true,1,
7290107951104,false,בפלות ופלים ארוכים בטעם שוקולד,"שטראוס גרופ בע""\מ",IL,בפלות טעם שוקולד,גרמים,200.00,100 גרם,false,1,4.10,2.05,true,1,
7290107951715,false,צנצנת מסטיק מאסט קוביות בטעם ענבים 58 ג' עלית,שטראוס גרופ בע`מ,IL,מסטיק קוביות,גרמים,58.00,100 גרם,false,1,8.40,14.48,true,1,
7290107953559,false,"מארז קפה טורקי עלית לדרך כשל""פ 168 גרם",הנסיך- מפעל לייצור ט,IL,קפה טורקי לדרך,גרמים,168.00,100 גרם,false,1,16.10,9.58,true,1,
7290107954709,false,"קונפיטורת פירות יער ""יד מרדכי"" 340 גר'",שטראוס גרופ בע`מ,IL,קונפיטורה פירות,גרמים,340.00,100 גרם,false,1,10.10,2.97,true,1,
7290107954976,false,משקה חלב PRO עם קפה 1.5% 25 גרם חלבון בבקבוק,שטראוס גרופ בעמ/מצונן,DE,משקה פרו קפה,מיליליטרים,350.00,"100 מ""ל",false,1,5.50,1.57,true,1,
7290107956642,false,"תרסיס שמן זית 150 מ""ל יד מרדכי כשלפ",פארייפאבה אגרואינדוס,ES,תרסיס שמן זית,מיליליטרים,150.00,"100 מ""ל",false,1,15.30,10.20,true,1,
7290107956895,false,קפסולות טעם קרמל למכונות נספרסו 50גר,שטראוס קפה בי.וי.,IL,קפסולות אספרסו,גרמים,50.00,100 גרם,false,1,14.10,28.20,true,1,
7290107956901,false,קפסולות בטעם אגוזים למכונת נספרסו עלית 10 יחידות,שטראוס קפה בי.וי.,IL,קפסולות אספרסו,גרמים,50.00,100 גרם,false,1,14.10,28.20,true,1,
7290107956925,false,קפסולות 13 אוגנדה למכונת נספרסו עלית 10יח',שטראוס קפה בי.וי.,IL,קפסולות קפה,גרמים,50.00,100 גרם,false,1,14.10,28.20,true,1,
7290107956932,false,קפסולות אספרסו אידונזיה למכונות 50 גר,שטראוס קפה בי.וי.,IL,קפסולות אינדונזי,גרמים,50.00,100 גרם,false,1,14.10,28.20,true,1,
7290107957991,false,מילקי CAKE מיניס קרם חלב בציפוי שוקולד חלב שקית 16X9ג',בובארד איטליה אס.פי.איי,IT,מילקי קייק מיניס,גרמים,144.00,100 גרם,false,1,11.80,8.19,true,1,
7290107958035,false,יוגורט במתיקות מעודנת 2% ללא תוספת סוכר- מארז 8 יח,שטראוס גרופ בעמ/מצונן,IL,דנונה מעודן 8 יח,קילוגרמים,1.20,"ק""ג",false,1,15.80,13.17,true,1,
7290107970129,false,"ליידי ספיד סטיק - דאודורנט רול און לאישה פרש אסנס סחלב שחור 50 מ""ל",הנסיך- מפעל לייצור ט,IT,ליידי ספיד סטיק,מיליליטרים,50.00,"100 מ""ל",false,1,11.80,23.60,true,1,
7290107971744,false,"קולגייט - מי פה טוטל ירוק ספרמינט 500 מ""ל",יבואן ומשווק: ש. שסט,PL,מי פה קולגייט,מיליליטרים,500.00,"100 מ""ל",false,1,21.20,4.24,true,1,
7290107973311,false,קולגייט מברשת שיניים 360 פחם זהב זוג,הנסיך- מפעל לייצור ט,CH,מברשות קולגייט,יחידה,1.00,יחידה,false,1,21.20,21.20,true,1,
7290107973861,false,מאסטר שף עגבניות קצוצות דק שלישיה 400ג*3 כשלפ,קונסרזיו קאסאלאסקו ד,IT,עגבניות קצוצות3י,קילוגרמים,1.20,"ק""ג",false,1,14.40,12.00,true,1,
7290107974066,false,"עלי טורטיה קמח מלא 20ס""מ 8יח' מאסטר שף 320ג'",אלקאטי קורביישיסי גי,ES,עלי טורטיה,גרמים,320.00,100 גרם,false,1,9.30,2.91,true,1,
7290107974301,false,ליידי ספיד סטיק - דאודורנט ג'ל לאישה אלוורה 45 גרם,ליידי ספיד סטיק Lady Speed Stick,US,ליידי ספיד סטיק,גרמים,45.00,100 גרם,false,1,14.40,32.00,true,1,
7290107974837,false,מנה מאסטר שף ממרח מתובל שום 246 גר,רמיה סי.וי.הולנד,NL,ממרח מתובל שום,גרמים,250.00,100 גרם,false,1,6.70,2.68,true,1,
7290107975278,false,דאודורנט סטיק עם הגנת אלוורה Aloe Protection,ליידי ספיד סטיק Lady Speed Stick,US,ליידי ספיד סטיק,גרמים,45.00,100 גרם,false,1,14.40,32.00,true,1,
7290107975292,false,ליידי ספיד סטיק - דאודורנט סטיק נערות ורוד 65 גרם,ליידי ספיד סטיק Lady Speed Stick,US,ספיד סטיק ורוד,גרמים,65.00,100 גרם,false,1,14.40,22.15,true,1,
7290107975360,false,ליידי ספיד סטיק פיור פרשנס ג'ל נשים 65ג',ליידי ספיד סטיק Lady Speed Stick,US,ליידי ספיד סטיק,גרמים,45.00,100 גרם,false,1,14.40,32.00,true,1,
7290107976848,false,פלמוליב סבון מוצק קמומיל רביעייה 360 ג,קולגייט-פלמוליב,TR,סבון פלמוליב 4יח,גרמים,380.00,100 גרם,false,1,14.40,3.79,true,1,
7290107977456,false,"פלמוליב - ג'ל רחצה ושמפו ספורט לגבר 750 מ""ל",קולגייט פלמוליב,TR,ג'ל רחצה פלמוליב,מיליליטרים,750.00,"100 מ""ל",false,1,17.00,2.27,true,1,
7290107977753,false,"משחת שיניים פרודונט אקספרס 75 מ""ל ""מרידול""",קולגייט פלמוליב,PL,משחת שיניים,מיליליטרים,75.00,"100 מ""ל",false,1,22.10,29.47,true,1,
7290107978323,false,איטריות דקיקות מאסטר שף 400 גרם,הדקלאים אגודת שיתופי,PL,איטריות דקיקות,גרמים,400.00,100 גרם,false,1,5.00,1.25,true,1,
7290107978330,false,מאסטר שף איטריות דקות 400 גרם,הדקלאים אגודת שיתופי,PL,איטריות דקות,גרמים,400.00,100 גרם,false,1,5.00,1.25,true,1,
7290107978347,false,איטריות בינוניות מאסטר שף 400 גרם,הדקלאים אגודת שיתופי,PL,איטריות בינוניות,גרמים,400.00,100 גרם,false,1,5.00,1.25,true,1,
7290107978453,false,חטיף בטעם גריל קראנצ,ש. שסטוביץ בע`מ,IL,קראנצ'וס גריל,גרמים,55.00,100 גרם,false,1,2.90,5.27,true,1,
7290107978460,false,קראנצ וס פלאפל 60ג חדש,ש. שסטוביץ בע`מ,IL,קראנצ'וס פלאפל,גרמים,55.00,100 גרם,false,1,2.90,5.27,true,1,
7290108350210,false,סנו סושי 30 שקיות אשפה XL חזקות במיוחד,החברה הדרומית לשיווק בעמ,IL,שקיות אשפה חזקות,יחידה,1.00,יחידה,false,1,21.20,21.20,true,1,
7290108350524,false,ארון פרש בניחוח לוונדר סנו,"סנו מפעלי ברונוס בע""",IL,ארון פרש לבנדר,יחידה,1.00,יחידה,false,1,18.70,18.70,true,1,
7290108350531,false,סנו ספארק נוזל כלים בניחוח קלאסי עם משאבה 1 ל',מיוצר עי קונדיטוריית,IL,ספארק לכלים,ליטרים,1.00,ליטר,false,1,9.30,9.30,true,1,
7290108350586,false,נוזל לניקוי כלים סנו ספארק Spark בניחוח לימון רענן,החברה הדרומית לשיווק בעמ,IL,ספארק נוזל לכלים,ליטרים,1.50,ליטר,false,1,11.80,7.87,true,1,
7290108350616,false,סנו - מקסימה מרכך כביסה מרוכז פריחה כחולה 1 ליטר,החברה הדרומית לשיווק בעמ,IL,מרכך מקסימה,ליטרים,1.00,ליטר,false,1,15.30,15.30,true,1,
7290108350623,false,מרכך כביסה סופר מרוכז סופט סילק מקסימה 1 ל' סנו,החברה הדרומית לשיווק בעמ,IL,מרכך מקסימה,ליטרים,1.00,ליטר,false,1,15.30,15.30,true,1,
7290108350722,false,אורביטול גוניור משחת שיניים בוב ספוג 70ג,טרופיקל דגיל תעשיות קוסמ,IL,משחת אורביטול +6,מיליליטרים,70.00,"100 מ""ל",false,1,6.70,9.57,true,1,
7290108350746,false,אורביטול מברשת שיניים פיות חשמלית,החברה הדרומית,CN,מברשת חשמלית,יחידה,1.00,יחידה,false,1,25.50,25.50,true,1,
7290108351149,false,ג'ל ניקוי כללי בתוספת אבקת סודה ריח כביסה סנו ג'ט 1.5 ליטר,החברה הדרומית לשיווק בעמ,IL,סנו ג'ט פלוס,מיליליטרים,1500.00,"100 מ""ל",false,1,12.70,0.85,true,1,
7290108351156,false,ג'ל ניקוי כללי בתוספת חומץ בריח לבנדר סנו ג'ט 1.5 ליטר,החברה הדרומית לשיווק בעמ,IL,סנו ג'ט פלוס,ליטרים,1.50,ליטר,false,1,12.70,8.47,true,1,
7290108351507,false,מרכך כביסה אינספרישיין סנו מקסימה 4 ליטר,החברה הדרומית לשיווק בעמ,IL,מרכך מקסימה,ליטרים,4.00,ליטר,false,1,18.70,4.68,true,1,
7290108351521,false,סנו מקסימה ג`ל כביסה מרוכז 5 ל`מאסק,החברה הדרומית לשיווק בעמ,IL,מקסימה ג'ל,ליטרים,5.00,ליטר,false,1,38.30,7.66,true,1,
7290108351538,false,סנופרש הום מבשם לבית בניחוח מרכך כביסה ב,סנו מפעלי ברונוס בעמn,IL,מבשם אוויר לבית,מיליליטרים,200.00,"100 מ""ל",false,1,10.10,5.05,true,1,
7290108351545,false,מטהר אוויר סנו פרש הום בניחוח מרכך,סנו מפעלי ברונוס בעמn,IL,מבשם אוויר סילק,מיליליטרים,200.00,"100 מ""ל",false,1,10.10,5.05,true,1,
7290108351552,false,"סנו - ג'ט לניקוי כללי בתוספת חומץ בניחוח לבנדר 750 מ""ל",החברה הדרומית לשיווק בעמ,IL,סנו ג'ט עם חומץ,מיליליטרים,750.00,"100 מ""ל",false,1,13.50,1.80,true,1,
7290108351569,false,מבשם ומרכך למייבש כביסה Baby לתינוקות ולעור רגיש,החברה הדרומית לשיווק בעמ,IL,מקסימה למייבש,מיליליטרים,750.00,"100 מ""ל",false,1,13.90,1.85,true,1,
7290108351590,false,"סנופרש הום בלו בלוסון בניחוח מרכך כביסה 350 מ""ל",החברה הדרומית לשיווק בעמ,IL,סנופרש בלוסם,מיליליטרים,350.00,"100 מ""ל",false,1,9.30,2.66,true,1,
7290108351613,false,סנו ריצפז פרש הום 2 ליטר בניחוח מלון חלומי,החברה הדרומית לשיווק בעמ,IL,ריצפז פרש הום,ליטרים,2.00,ליטר,false,1,15.20,7.60,true,1,
7290108351699,false,סנו - ג'ט מטליות לחות לניקוי כללי בתוספת חומץ לבנדר שלישיה,החברה הדרומית לשיווק בעמ,IL,סנו ג'ט מטליות3*,יחידה,1.00,יחידה,false,1,15.20,15.20,true,1,
7290108351729,false,נ.לניקוי אסלות סנו גרין פאוור אקולוגי750,החברה הדרומית לשיווק בעמ,IL,נוזל לניקוי אסלו,מיליליטרים,750.00,"100 מ""ל",false,1,10.10,1.35,true,1,
7290108351736,false,"סנו נוזל לניקוי חלונות אקולוגי 750 מ""ל GREEN POWER",החברה הדרומית לשיווק בעמ,IL,נוזל לניקוי חלונ,מיליליטרים,750.00,"100 מ""ל",false,1,11.00,1.47,true,1,
7290108351804,false,מרכך כביסה סופר מרוכז Gentl Breeze סנו מקסימה 1 ליטר,החברה הדרומית לשיווק בעמ,IL,מרכך מקסימה,ליטרים,1.00,ליטר,false,1,15.30,15.30,true,1,
7290108351835,false,מרכך כביסה Pure Sensation סנו מקסימה 4 ליטר,החברה הדרומית לשיווק בעמ,IL,מרכך מקסימה,ליטרים,4.00,ליטר,false,1,18.70,4.68,true,1,
7290108351842,false,"מקסימה בושם מרוכז לכביסה FOREVER כחול 600מ""ל",החברה הדרומית לשיווק בעמ,IL,בושם לכביסה,מיליליטרים,600.00,"100 מ""ל",false,1,17.00,2.83,true,1,
7290108351866,false,"סנו מקסימה בושם מרוכז לכביסה FOREVER בורדו 600 מ""ל",החב. הדרומית לשיווק,IL,בושם לכביסה,מיליליטרים,600.00,"100 מ""ל",false,1,17.00,2.83,true,1,
7290108351927,false,סנו ספארק טבליות למדיח 70 יחידות,החברה הדרומית לשיווק בעמ,PL,טבליות למדיח,יחידה,1.00,יחידה,false,1,38.30,38.30,true,1,
7290108351958,false,סנובון סבון אסלה מוצק RINGS בניחוח אוקיינוס שלישיה,החברה הדרומית לשיווק בעמ,PL,סבון אסלה 3 יח,גרמים,120.00,100 גרם,false,1,12.80,10.67,true,1,
7290108351965,false,סנו ג'ט סבון אסלה בחומץ שלישיה,סנו מפעלי ברונוס בעמ,IL,ג'ט סבון אסלה3יח,גרמים,165.00,100 גרם,false,1,10.10,6.12,true,1,
7290108351972,false,סנופרש הום מבשם לבית בניחוח מלון בוטיק,החברה הדרומית לשיווק בעמ,IL,מבשם אוויר לבית,מיליליטרים,200.00,"100 מ""ל",false,1,10.10,5.05,true,1,
7290108352009,false,סנו ספארק קפסולות למדיח כלים 50 יחידות,החברה הדרומית לשיווק בעמ,PL,קפסולות ספארק,יחידה,1.00,יחידה,false,1,34.10,34.10,true,1,
7290108352047,false,אורביטול - צמד מברשות שיניים 808 + חוט דנטלי במתנה,החברה הדרומית לשיווק בעמ,CN,זוג מברשות+חוט,יחידה,1.00,יחידה,false,1,12.80,12.80,true,1,
7290108352054,false,אורביטול - צמד מברשות שיניים 980 + חוט דנטלי במתנה,החברה הדרומית לשיווק בעמ,CN,זוג מברשות + חוט,יחידה,1.00,יחידה,false,1,12.80,12.80,true,1,
7290108352061,false,משחת שיניים Go White אורביט 145 גרם עם פחם,טרופיקל דגיל תעשיות קוסמ,IL,משחת אורביטול,גרמים,145.00,100 גרם,false,1,9.30,6.41,true,1,
7290108352092,false,משחת שיניים אורביטול פרוטקטיב סולט בטעם מנטה,טרופיקל דגיל תעשיות קוסמ,IL,משחת אורביטול,גרמים,145.00,100 גרם,false,1,9.30,6.41,true,1,
7290108352108,false,משחת שיניים אורביטול רעננות חריפה 145 גר,טרופיקל דגיל תעשיות קוסמ,IL,משחת אורביטול,גרמים,145.00,100 גרם,false,1,9.30,6.41,true,1,
7290108352153,false,"סנובון נוזלי בניחוח לוטוס וסחלב סנו 750 מ""ל",החברה הדרומית לשיווק בעמ,IL,סנובון נוזלי,מיליליטרים,750.00,"100 מ""ל",false,1,9.30,1.24,true,1,
7290108352207,false,מקסימה 40 קפסולות לכביסה בניחוח fresh burst,החברה הדרומית לשיווק בעמ,IL,מקסימה קפסולות,יחידה,1.00,יחידה,false,1,27.20,27.20,true,1,
7290108352214,false,סנו - מקסימה קפסולות כביסה בניחוח בריזה מרעננת 40 יח',החברה הדרומית לשיווק בעמ,IL,קפסולות לכביסה,יחידה,1.00,יחידה,false,1,27.20,27.20,true,1,
7290108352221,false,סנופרש הום מבשם נוזלי בניחוח מלון מפנק,החברה הדרומית לשיווק בעמ,IL,סנו פרש הום,מיליליטרים,350.00,"100 מ""ל",false,1,9.30,2.66,true,1,
7290108352252,false,נוזל לניקוי כלים מתאים לניקוי ירקות ופירות סנו ספארק,החברה הדרומית לשיווק בעמ,IL,ספארק נוזל כלים,ליטרים,1.00,ליטר,false,1,9.30,9.30,true,1,
7290108352283,false,נוזל לחיטוי וניקוי רצפות- סדרת 99.9% סנו 2 ליטר,החברה הדרומית לשיווק בעמ,IL,נוזל לחיטוי רצפה,ליטרים,2.00,ליטר,false,1,18.70,9.35,true,1,
7290108352290,false,שלישיית מטליות לחיטוי ולניקוי יסודי לחדר האמבטיה סדרת 99.9%,החברה הדרומית לשיווק בעמ,IL,מטליות חיטוי99%,יחידה,1.00,יחידה,false,1,17.00,17.00,true,1,
7290108352320,false,"מבשם אויר סנו פרש הום בניחוח כותנה מלטפת 350 מ""ל",החברה הדרומית לשיווק בעמ,IL,סנופרש הום,מיליליטרים,350.00,"100 מ""ל",false,1,9.30,2.66,true,1,
7290108352337,false,"סנו - פרש מילוי למטהר אוויר מלון מפנק 250 מ""ל",החברה הדרומית לשיווק בעמ,IL,סנו פרש מילוי,מיליליטרים,250.00,"100 מ""ל",false,1,10.90,4.36,true,1,
7290108352344,false,"פרש מבשם אויר אוטומטי בניחוח לבנדר סנו 250 מ""ל",החברה הדרומית לשיווק בעמ,IL,סנו פרש מילוי,מיליליטרים,250.00,"100 מ""ל",false,1,10.90,4.36,true,1,
7290108352399,false,ריצפז פרש הום בניחוח מרכך כביסה פלורל טאצ',החברה הדרומית לשיווק בעמ,IL,ריצפז פרש הום,ליטרים,2.00,ליטר,false,1,15.20,7.60,true,1,
7290108352412,false,"סנו - פרש הום מבשם לבית ולטקסטיל ורד אנגלי ועלים 300 מ""ל",מיוצר עי קונדיטוריית,IL,מבשם לבית,מיליליטרים,300.00,"100 מ""ל",false,1,12.70,4.23,true,1,
7290108352429,false,מטהר אוויר סנו פרש הום נוזלי כחול ארומטי,סנו מפעלי ברונוס בעמ,IL,מבשם לבית,מיליליטרים,300.00,"100 מ""ל",false,1,12.70,4.23,true,1,
7290108352436,false,סנובון מוצק בניחוח נגוליה ונרולי שלישייה,החברה הדרומית לשיווק בעמ,IL,סנובון מוצק,גרמים,165.00,100 גרם,false,1,14.40,8.73,true,1,
7290108352450,false,ריצפז פרש הום בניחוח מרכך כביסה בלו בלוסום,החברה הדרומית לשיווק בעמ,IL,ריצפז פרש הום,ליטרים,2.00,ליטר,false,1,15.20,7.60,true,1,
7290108352481,false,מטהר אויר סנומוד נרסיסוס נטול גז 150,החברה הדרומית לשיווק בעמ,IL,סנומוד נרסיסוס,מיליליטרים,150.00,"100 מ""ל",false,1,8.40,5.60,true,1,
7290108352511,false,"מקסימה לניקוי וחיטוי מכונת כביסה שקית 500 מ""ל",החברה הדרומית לשיווק בעמ,IL,מנקה מכונת כביסה,מיליליטרים,500.00,"100 מ""ל",false,1,11.00,2.20,true,1,
7290108352535,false,סנו - מקסימה דפי בישום לחים למייבש הכביסה בניחוח מרכך כביסה,טרופיגל דגיל תעשיות קוסמ,IL,דפי בישום למייבש,יחידה,1.00,יחידה,false,1,11.80,11.80,true,1,
7290108352573,false,מרכך כביסה סנו מקסימה בבישום עוצמתי 4 ליטר,החברה הדרומית לשיווק בעמ,IL,מרכך כביסה קאלם,ליטרים,4.00,ליטר,false,1,18.70,4.68,true,1,
7290108352627,false,סנו סושי מפות ניילון שקופה בגליל,החברה הדרומית לשיווק בעמ,IL,מפת ניילון שקופה,יחידה,1.00,יחידה,false,1,18.70,18.70,true,1,
7290108352641,false,סנו סושי מטלית הפלא לניקוי כללי במארז שלישייה,החברה הדרומית לשיווק בעמ,CN,מטליות הפלא 3 יח,יחידה,1.00,יחידה,false,1,12.70,12.70,true,1,
7290108352672,false,צמד מטליות הפלא לרצפה מיקרפייבר סנו סושי,החברה הדרומית לשיווק בעמ,CN,מטליות לרצפה 2יח,יחידה,1.00,יחידה,false,1,17.00,17.00,true,1,
7290108352689,false,כריות קרצוף ללכלוך קשה סנו סושי 9 יחידות,החברה הדרומית לשיווק בעמ,US,כריות קרצוף,יחידה,1.00,יחידה,false,1,8.20,8.20,true,1,
7290108352795,false,שקיות זיפר 50 יח`במידה M סנו סושי,החברה הדרומית לשיווק בעמ,CN,שקיות מזון זיפר,יחידה,1.00,יחידה,false,1,8.50,8.50,true,1,
7290108352801,false,"שקיות אשפה לפחים קטנים 45 * 56 ס""מ סנו סושי 100 יחידות",החברה הדרומית לשיווק בעמ,IL,שקיות אשפה 100יח,יחידה,1.00,יחידה,false,1,16.10,16.10,true,1,
7290108352863,false,סנו סושי שקיות צלייה 20יח' מידה L,החברה הדרומית לשיווק בעמ,TR,שקיות צלייה,יחידה,1.00,יחידה,false,1,6.70,6.70,true,1,
7290108352870,false,סנו סושי שקיות צלייה 10יח' מידה XL,החברה הדרומית לשיווק בעמ,TR,שקיות צלייה,יחידה,1.00,יחידה,false,1,6.70,6.70,true,1,
7290108352894,false,סנו סושי מפת שולחן חגיגית,החב הדרומית לשיווק,CN,מפת שולחן חגיגית,יחידה,1.00,יחידה,false,1,6.70,6.70,true,1,
7290108352900,false,מגבות נייר בגליל כפול סנו סושי 12=6 גלילים,החברה הדרומית לשיווק בעמ,IL,מגבות נייר,מטרים,126.00,מטר,false,1,17.00,0.13,true,1,
7290108353068,false,ספוג הפלא נירוסטה עם סיבי קירצוף סנו סושי 2 יח',החברה הדרומית לשיווק בעמ,CN,כריות קרצוף 2 יח,יחידה,1.00,יחידה,false,1,8.40,8.40,true,1,
7290108353082,false,ממחטות אף בקופסה 2 שכבות סנו סופט 120 דף,החברה הדרומית לשיווק בעמ,IL,ממחטות דו שכבתי,יחידה,1.00,יחידה,false,1,8.40,8.40,true,1,
7290108353099,false,ממחטות אף במארז ניילון סנו סופט 5 יח' * 100 דף,החברה הדרומית לשיווק בעמ,CN,ממחטות סופט מארז,יחידה,1.00,יחידה,false,1,11.00,11.00,true,1,
7290108353372,false,אורביטול צמד מברשות שיניים 12000 סיבי פחם,החברה הדרומית לשיווק בעמ,CN,מברשות שיניים2יח,יחידה,1.00,יחידה,false,1,25.50,25.50,true,1,
7290108353426,false,צמד מברשות שיניים לחניכיים ושיניים רגישות,החברה הדרומית לשיווק בעמ,CN,מברשות שיניים,יחידה,1.00,יחידה,false,1,12.80,12.80,true,1,
7290108353440,false,אורביטול מברשות שיניים נאנו לחניכיים 2יח,החברה הדרומית לשיווק בעמ,CN,מברשות שיניים2יח,יחידה,1.00,יחידה,false,1,25.50,25.50,true,1,
7290108353471,false,סנובון מוצק לאסלה DESIGN בניחוח ספא,החברה הדרומית לשיווק בעמ,IL,סבון אסלה דיזיין,גרמים,55.00,100 גרם,false,1,7.60,13.82,true,1,
7290108353488,false,סנו - סנובון מעוצב בניחוח סחלב פראי,מיוצר עי קונדיטוריית,IL,סבון אסלה דיזיין,גרמים,55.00,100 גרם,false,1,7.60,13.82,true,1,
7290108353501,false,"שקיות אשפה ענקיות עם ידיות ענקיות 75*90 ס""מ סנו סושי 25 יחידות",החברה הדרומית לשיווק בעמ,TR,שקיות אשפה XXL,יחידה,1.00,יחידה,false,1,17.00,17.00,true,1,
7290108353518,false,"תבניות אלומיניום עם ידיות אחיזה 34*29 ס""מ",החברה הדרומית לשיווק בעמ,CN,תבניות אלומיניום,יחידה,1.00,יחידה,false,1,10.10,10.10,true,1,
7290108353549,false,נייר אפיה 100 דפים סנו סושי,החברה הדרומית לשיווק בעמ,IL,סנו סושי נייר,יחידה,1.00,יחידה,false,1,18.70,18.70,true,1,
7290108353662,false,"סנו סושי מפת שולחן מוטבעת 120*270 ס""מ",החברה הדרומית לשיווק בעמ,CN,מפת שולחן,יחידה,1.00,יחידה,false,1,13.50,13.50,true,1,
7290108353686,false,מטלית חלומית לרצפה סנו סושי 1 יחידה,החברה הדרומית לשיווק בעמ,CN,מטלית לרצפה,יחידה,1.00,יחידה,false,1,9.30,9.30,true,1,
7290108353716,false,"קרמה - תחליב רחצה חימר פיטאיה 500 מ""ל",החברה הדרומית לשיווק בעמ,IL,תחליב רחצה חימר,מיליליטרים,500.00,"100 מ""ל",false,1,11.00,2.20,true,1,
7290108353723,false,"קרמה - תחליב רחצה חימר תה ירוק 500 מ""ל",החברה הדרומית לשיווק בעמ,IL,תחליב רחצה קרמה,מיליליטרים,500.00,"100 מ""ל",false,1,11.00,2.20,true,1,
7290108353730,false,"קרמה - תחליב רחצה חימר אוכמניות כחולות 500 מ""ל",החברה הדרומית לשיווק בעמ,IL,תחליב רחצה קרמה,מיליליטרים,500.00,"100 מ""ל",false,1,11.00,2.20,true,1,
7290108353747,false,"תחליב רחצה אירוודה, בניחוח טונקה 600 מ""ל קרימה",החברה הדרומית לשיווק בעמ,IL,קרמה תחליב רחצה,מיליליטרים,600.00,"100 מ""ל",false,1,16.10,2.68,true,1,
7290108353754,false,"קרם גוף קרמה אשכולית ולמון גראס 500 מ""ל",החב הדרומית לשיווק,IL,קרם גוף ואשכולית,מיליליטרים,500.00,"100 מ""ל",false,1,18.70,3.74,true,1,
7290108353761,false,"תחליב רחצה זן, בניחוח קשמיר 600 מ""ל קרימה",החברה הדרומית לשיווק בעמ,IL,קרמה תחליב רחצה,מיליליטרים,600.00,"100 מ""ל",false,1,16.10,2.68,true,1,
7290108353815,false,"תחליב רחצה מדיטציה בניחוח פצ'ולי לבנדר+משאבה 600 מ""ל",החב. הדרומית לשיווק,IL,קרמה תחליב רחצה,מיליליטרים,600.00,"100 מ""ל",false,1,16.10,2.68,true,1,
7290108353891,false,"קרמה - דאודורנט רול און לאישה קרמה מאסק 75 מ""ל",החברה הדרומית לשיווק בעמ,IL,דאודורנט קרמה,מיליליטרים,75.00,"100 מ""ל",false,1,11.80,15.73,true,1,
7290108353907,false,"קרמה - דאודורנט רול און לאישה קרמה קלאסי 75 מ""ל",החברה הדרומית לשיווק בעמ,IL,דאודורנט קרמה,מיליליטרים,75.00,"100 מ""ל",false,1,11.80,15.73,true,1,
7290108353952,false,"קרמה - דאודורנט ספריי לאישה קרמה קלאסי 150 מ""ל",החברה הדרומית לשיווק בעמ,TR,דאודורנט קרמה,מיליליטרים,150.00,"100 מ""ל",false,1,12.70,8.47,true,1,
7290108354034,false,"סבון ידיים קרמה חמאת שיאה וקוקוי 300 מ""ל",החברה הדרומית לשיווק בעמ,IL,סבון ידיים קרמה,מיליליטרים,300.00,"100 מ""ל",false,1,8.40,2.80,true,1,
7290108354065,false,קרמה מן גל רחצה פילינג 700 מל לגבר,החברה הדרומית לשיווק בעמ,IL,קרמה מן ג'ל רחצה,מיליליטרים,700.00,"100 מ""ל",false,1,12.80,1.83,true,1,
7290108354164,false,"כיף שלישיית אל סבון קטיפתי מועשר בשמנים 3*500 מ""ל",החברה הדרומית לשיווק בעמ,IL,אלסבון כיף 3 יח,ליטרים,1.50,ליטר,false,1,17.00,11.33,true,1,
7290108354263,false,אורביטול גוניור משחת שיניים חד קרן 70גרם,טרופיקל דגיל תעשיות קוסמ,IL,משחה אורביטול +6,מיליליטרים,70.00,"100 מ""ל",false,1,6.70,9.57,true,1,
7290108354416,false,"תחליב רחצה יוגה, בניחוח ברגמוט 600מ""ל קרימה",החברה הדרומית לשיווק בעמ,IL,קרמה תחליב רחצה,מיליליטרים,600.00,"100 מ""ל",false,1,16.10,2.68,true,1,
7290108354430,false,"שמפו כיף לשיקום והזנה שמן קוקוס וקרטין 700 מ""ל",החברה הדרומית לשיווק בעמ,IL,שמפו כיף,מיליליטרים,700.00,"100 מ""ל",false,1,11.00,1.57,false,1,
7290108354485,false,"קרליין מרכך 10 לשיער שמן ארגן 700 מ""ל",החברה הדרומית לשיווק בעמ,IL,מרכך 10 ארגן,מיליליטרים,700.00,"100 מ""ל",false,1,11.80,1.69,true,1,
7290108354492,false,"קרליין שמפו 10 לשיער שמן ארגן 700 מ""ל",החברה הדרומית לשיווק בעמ,IL,שמפו 10 ארגן,מיליליטרים,700.00,"100 מ""ל",false,1,11.80,1.69,true,1,
7290108354591,false,"תחליב רחצה בניחוח מי קקטוס ושמן באבאסו 750 מ""ל נקה 7",החברה הדרומית לשיווק בעמ,IL,תחליב רחצה נקה 7,מיליליטרים,750.00,"100 מ""ל",false,1,8.40,1.12,true,1,
7290108354614,false,"מרכך בניחוח מי קקטוס ושמן באבאסו 750 מ""ל נקה 7",החברה הדרומית לשיווק בעמ,IL,מרכך נקה 7 קקטוס,מיליליטרים,750.00,"100 מ""ל",false,1,9.30,1.24,true,1,
7290108354706,false,"קרמה - תחליב רחצה מאסק 500 מ""ל",החברה הדרומית לשיווק בעמ,IL,תחליב רחצה קרמה,מיליליטרים,500.00,"100 מ""ל",false,1,11.00,2.20,true,1,
7290108354713,false,"קרמה - תחליב רחצה קלאסי 500 מ""ל",החברה הדרומית לשיווק בעמ,IL,תחליב רחצה קרמה,מיליליטרים,500.00,"100 מ""ל",false,1,11.00,2.20,true,1,
7290108354751,false,"סנו - ג'ט מרסס לניקוי כללי בתוספת אבקת סודה 750 מ""ל",החברה הדרומית לשיווק בעמ,IL,סנו ג'ט עם סודה,מיליליטרים,750.00,"100 מ""ל",false,1,13.50,1.80,true,1,
7290108354805,false,"שמן גוף קרמה נרולי ומגנוליה 150 מ""ל",החב. הדרומית לשיווק,IL,שמן גוף קרמה,מיליליטרים,150.00,"100 מ""ל",false,1,17.00,11.33,true,1,
7290108354829,false,"קרם ידיים קרמה ורד וניל 100 מ""ל מ""ל",החברה הדרומית לשיווק בעמ,IL,קרמה קרם ידיים,מיליליטרים,100.00,"100 מ""ל",false,1,8.40,8.40,true,1,
7290108354850,false,"דאורדוראנט רול און קרמה בריזת ים 75 מ""ל",החברה הדרומית לשיווק בעמ,IL,דאודורנט קרמה,מיליליטרים,75.00,"100 מ""ל",false,1,11.80,15.73,true,1,
7290108354911,false,"שמפו, ג'ל רחצה וגילוח מועשר בתמצית אלוורה",החברה הדרומית לשיווק בעמ,IL,קרמה 3ב1,מיליליטרים,700.00,"100 מ""ל",false,1,12.80,1.83,true,1,
7290108354973,false,"סבון ידיים קרמה ורד ווניל 300 מ""ל",החברה הדרומית לשיווק בעמ,IL,סבון ידיים קרמה,מיליליטרים,300.00,"100 מ""ל",false,1,8.40,2.80,true,1,
7290108354980,false,קרם ידיים מרוכז לידיים יבשות מאוד ללא בישום,החברה הדרומית לשיווק בעמ,IL,קרם ידיים מרוכז,מיליליטרים,50.00,"100 מ""ל",false,1,11.00,22.00,true,1,
7290108355000,false,שמפו לילדים מיניונים נקה 7 (750 מל),החברה הדרומית לשיווק בעמ,IL,שמפו נקה7,מיליליטרים,750.00,"100 מ""ל",false,1,9.30,1.24,true,1,
7290108355024,false,"נקה 7 שמפו ומרכך לילדים מיניונים 750 מ""ל",החברה הדרומית לשיווק בעמ,IL,שמפו +מרכך נקה7,מיליליטרים,750.00,"100 מ""ל",false,1,9.30,1.24,true,1,
7290108355031,false,"נקה 7 אל סבון לילדים מיניונים 750 מ""ל",החברה הדרומית לשיווק בעמ,IL,אל סבון נקה7,מיליליטרים,750.00,"100 מ""ל",false,1,9.30,1.24,true,1,
7290108355062,false,לחו.לשיער מקצועי קרטין נטורל פורמולה 400,החברה הדרומית לשיווק בעמ,IL,לחות נט.פורמולה,מיליליטרים,400.00,"100 מ""ל",false,1,25.50,6.38,true,1,
7290108355079,false,לחו.לשיער מקצועי קוקוס נטורל פורמולה 400,החברה הדרומית לשיווק בעמ,IL,לחות נט.פורמולה,מיליליטרים,400.00,"100 מ""ל",false,1,25.50,6.38,true,1,
7290108355116,false,בייבי כיף אל סבון לפני שינה 750 מל,קוסמופארם,IL,בייבי כיף אלסבון,מיליליטרים,750.00,"100 מ""ל",false,1,15.30,2.04,true,1,
7290108355178,false,"קרמה - קרם ידיים חמאת שיאה וקוקוי 100 מ""ל",החברה הדרומית לשיווק בעמ,IL,קרמה קרם ידיים,מיליליטרים,100.00,"100 מ""ל",false,1,8.40,8.40,true,1,
7290108355185,false,"נטורל מסיכת קרטין אינטנס למניעת קשקשים 350 מ""ל",החברה הדרומית לשיווק בעמ,IL,מסכה נטורל פורמו,מיליליטרים,350.00,"100 מ""ל",false,1,34.10,9.74,true,1,
7290108355208,false,"שמפו קרטין אינטנס למניעת קשקשים נטורל 400 מ""ל",החברה הדרומית לשיווק בעמ,IL,שמפו נטורל פורמו,מיליליטרים,400.00,"100 מ""ל",false,1,25.50,6.38,true,1,
7290108355291,false,"קרם לשיער נקה 7 להתרת קשרים 750 מ""ל",החברה הדרומית לשיווק בעמ,IL,נקה 7 קרם,מיליליטרים,350.00,"100 מ""ל",false,1,15.30,4.37,true,1,
7290108355307,false,"נקה 7 - שמפו סירוק קל רוזמרין 750 מ""ל",החברה הדרומית לשיווק בעמ,IL,שמפו לסירוק קל,מיליליטרים,750.00,"100 מ""ל",false,1,13.50,1.80,true,1,
7290108355314,false,מרכך לסירוק קל בתוספת רוזמרין,החברה הדרומית לשיווק בעמ,IL,מרכך לסירוק קל,מיליליטרים,750.00,"100 מ""ל",false,1,13.50,1.80,true,1,
7290108355338,false,נ.פורמולה שמפו פיגמנט אדום,החברה הדרומית,IL,שמפו פיגמנט אדום,מיליליטרים,250.00,"100 מ""ל",false,1,25.50,10.20,true,1,
7290108355451,false,"קרמה - דאודורנט רול און לאישה קרמה ורד ווניל 75 מ""ל",החב הדרומית לשיווק,IL,דאודורנט קרמה,מיליליטרים,75.00,"100 מ""ל",false,1,11.80,15.73,true,1,
7290108355482,false,"קרמה - דאודורנט רול און לאישה קרמה לבנדר ואקליפטוס 75 מ""ל",החברה הדרומית לשיווק בעמ,IL,דאודורנט קרמה,מיליליטרים,75.00,"100 מ""ל",false,1,11.80,15.73,true,1,
7290108355536,false,"קרמה - דאודורנט ספריי לאישה קרמה ורד וניל 150 מ""ל",החברה הדרומית לשיווק בעמ,TR,דאודורנט קרמה,מיליליטרים,150.00,"100 מ""ל",false,1,12.70,8.47,true,1,
7290108355727,false,"קרליין קרם גוף מבושם PURE LOVE שפופרת 250 מ""ל",החברה הדרומית,IL,קרם גוף מבושם,מיליליטרים,250.00,"100 מ""ל",false,1,21.20,8.48,true,1,
7290108355765,false,דאודורנט ספריי קרמה בניחוח לבנדר ואקליפטוס,החברה הדרומית לשיווק בעמ,TR,דאודורנט קרמה,מיליליטרים,150.00,"100 מ""ל",false,1,12.70,8.47,true,1,
7290108355802,false,"תחליב רחצה קרמה ורד ווניל 700 מ""ל",החברה הדרומית לשיווק בעמ,IL,תחליב רחצה קרמה,מיליליטרים,700.00,"100 מ""ל",false,1,14.40,2.06,true,1,
7290108356113,false,תחליב רחצה כיף ניחוח דבש 700 מל,החברה הדרומית לשיווק בעמ,IL,כיף תחליב רחצה,מיליליטרים,700.00,"100 מ""ל",false,1,9.30,1.33,true,1,
7290108356120,false,תחליב רחצה כיף ניחוח קוקוס וניל700 מל,החברה הדרומית לשיווק בעמ,IL,כיף תחליב רחצה,מיליליטרים,700.00,"100 מ""ל",false,1,9.30,1.33,true,1,
7290108356137,false,תחליב רחצה כיף ניחוח לבנדר 700 מל,החברה הדרומית לשיווק בעמ,IL,כיף תחליב רחצה,מיליליטרים,700.00,"100 מ""ל",false,1,9.30,1.33,true,1,
7290108356151,false,תחליב רחצה כיף ניחוחמאסק יסמין 700 מל,החברה הדרומית לשיווק בעמ,IL,כיף תחליב רחצה,מיליליטרים,700.00,"100 מ""ל",false,1,9.30,1.33,true,1,
7290108356168,false,תחליב רחצה כיף ניחוח אוקיינס700 מל,החברה הדרומית לשיווק בעמ,IL,כיף תחליב רחצה,מיליליטרים,700.00,"100 מ""ל",false,1,9.30,1.33,true,1,
7290108356182,false,אל סבון נוזלי כיף תאנה ותה ירוק (1ליטר),החברה הדרומית לשיווק בעמ,IL,אל סבון כיף,ליטרים,1.00,ליטר,false,1,9.30,9.30,true,1,
7290108356199,false,אל סבון נוזלי כיףאפרסק ופלפל שחור (1ליטר,החברה הדרומית לשיווק בעמ,IL,אל סבון כיף,ליטרים,1.00,ליטר,false,1,9.30,9.30,true,1,
7290108356229,false,ג'ל גילוח לכל סוגי העור מועשר בפחם פעיל,החברה הדרומית לשיווק בעמ,TR,ג'ל גילוח מטהר,מיליליטרים,200.00,"100 מ""ל",false,1,12.70,6.35,true,1,
7290108356274,false,"כיף - מוס רחצה בניחוח תותים ושמנת 150 מ""ל",החברה הדרומית לשיווק בעמ,TR,כיף מוס רחצה,מיליליטרים,150.00,"100 מ""ל",false,1,8.50,5.67,true,1,
7290108356298,false,"כיף - מוס רחצה בניחוח קרם עוגיות 150 מ""ל",החברה הדרומית לשיווק בעמ,TR,כיף מוס רחצה,מיליליטרים,150.00,"100 מ""ל",false,1,8.50,5.67,true,1,
7290108356410,false,כיף תחליב רחצה בניחוח פנקייק בננה 700מ,החב הדרומית לשיווק,IL,כיף תחליב רחצה,מיליליטרים,700.00,"100 מ""ל",false,1,9.30,1.33,true,1,
7290108356489,false,"כיף - תחליב רחצה אפרסק וחמאת מורומורו 700 מ""ל",החברה הדרומית לשיווק בעמ,IL,תחליב רחצה אפרסק,מיליליטרים,700.00,"100 מ""ל",false,1,9.30,1.33,true,1,
7290108356526,false,"קרליין - שמפו 10 לשיער יבש 700 מ""ל",החברה הדרומית לשיווק בעמ,IL,שמפו 10 קרליין,מיליליטרים,700.00,"100 מ""ל",false,1,11.80,1.69,true,1,
7290108356540,false,קרוליין 10 שמפו לשיער צבוע 700 מל,החברה הדרומית לשיווק בעמ,IL,שמפו 10 קרליין,מיליליטרים,700.00,"100 מ""ל",false,1,11.80,1.69,true,1,
7290108356564,false,"קרליין - מרכך 10 לשיער רגיל 700 מ""ל",החברה הדרומית לשיווק בעמ,IL,מרכך 10 קרליין,מיליליטרים,700.00,"100 מ""ל",false,1,11.80,1.69,true,1,
7290108356571,false,"קרליין - מרכך 10 לשיער יבש 700 מ""ל",החברה הדרומית לשיווק בעמ,IL,מרכך 10 קרליין,מיליליטרים,700.00,"100 מ""ל",false,1,11.80,1.69,true,1,
7290108356588,false,קרוליין 10 מרכך לשיער מתולתל 700 מל,החברה הדרומית לשיווק בעמ,IL,מרכך 10 קרליין,מיליליטרים,700.00,"100 מ""ל",false,1,11.80,1.69,true,1,
7290108356595,false,"קרליין מרכך 10 לשיער צבוע 700 מ""ל",החברה הדרומית לשיווק בעמ,IL,מרכך 10 קרליין,מיליליטרים,700.00,"100 מ""ל",false,1,11.80,1.69,true,1,
7290108356816,false,"סבון בוטני גרניום ופטצ'ולי לניקוי וטיפוח הידיים, טבעוני 1 ל' כיף",החברה הדרומית לשיווק בעמ,IL,כיף סבון פטצ'ולי,ליטרים,1.00,ליטר,false,1,11.00,11.00,true,1,
7290108356854,false,מגבוני בייבי כיף בניוח עדין מארז חמישייה,החברה הדרומית לשיווק בעמ,IL,מגבוני בייבי כיף,יחידה,1.00,יחידה,false,1,15.20,15.20,true,1,
7290108356861,false,מגבוני בייבי כיף ללא בישום מארז חמישייה,החברה הדרומית לשיווק בעמ,IL,מגבוני בייבי כיף,יחידה,1.00,יחידה,false,1,15.20,15.20,true,1,
7290108357004,false,כיף שמפו ורד ושמן קוקוי לרכות וברק,החברה הדרומית לשיווק בעמ,IL,שמפו כיף,מיליליטרים,700.00,"100 מ""ל",false,1,11.00,1.57,true,1,
7290108357028,false,"תחליב רחצה כיף ורד ושמן קוקוי 700 מ""ל",החברה הדרומית לשיווק בעמ,IL,כיף תחליב רחצה,מיליליטרים,700.00,"100 מ""ל",false,1,9.30,1.33,true,1,
7290108357042,false,"קרליין - נושם ביו דאודורנט רול און 75 מ""ל Citrus Blossoms לאישה",החברה הדרומית לשיווק בעמ,IL,דאו.רולאון ביו,מיליליטרים,75.00,"100 מ""ל",false,1,13.50,18.00,true,1,
7290108357073,false,"קרליין - נושם ביו דאודורנט ספריי 150 מ""ל Blossoms Citrus לאישה",החברה הדרומית לשיווק בעמ,CZ,דאו.ספריי ביו,מיליליטרים,150.00,"100 מ""ל",false,1,13.50,9.00,true,1,
7290108357080,false,"קרליין - נושם ביו דאודורנט ספריי 150 מ""ל Secret Garden לאישה",החברה הדרומית לשיווק בעמ,CZ,דאו.ספריי ביו,מיליליטרים,150.00,"100 מ""ל",false,1,13.50,9.00,true,1,
7290108357097,false,"קרליין - נושם ביו דאודורנט ספריי 150 מ""ל Velvet Rose לאישה",החברה הדרומית לשיווק בעמ,CZ,דאו.ספריי ביו,מיליליטרים,150.00,"100 מ""ל",false,1,13.50,9.00,true,1,
7290108357110,false,"קרליין - נושם ביו דאודורנט רול און 75 מ""ל Valvet Rose לאישה",החברה הדרומית לשיווק בעמ,IL,דאו.רולאון ביו,מיליליטרים,75.00,"100 מ""ל",false,1,13.50,18.00,true,1,
7290108357189,false,"מבשם ומרכך למייבש הכביסה מקסימה פלורל 750 מ""ל סנו",החברה הדרומית לשיווק בעמ,IL,מקסימה למייבש,מיליליטרים,750.00,"100 מ""ל",false,1,13.90,1.85,true,1,
7290108357196,false,"ג'ט פלוס לניקוי כללי בתוספת תמצית עץ התה 750 מ""ל סנו",החברה הדרומית לשיווק בעמ,IL,סנו ג'ט עץ התה,מיליליטרים,750.00,"100 מ""ל",false,1,13.50,1.80,true,1,
7290108357202,false,סנוקליר לניקוי בניחוח בלו בלוסום 1 ליטר,החברה הדרומית לשיווק בעמ,IL,סנו קליר,ליטרים,1.00,ליטר,false,1,8.40,8.40,true,1,
7290108357226,false,"אוקסיגן POWER אבקה לכביסה לבנה והסרת כתמים 1.4 ק""ג סנו",החברה הדרומית לשיווק בעמ,IL,אוקסיג'ן פאואר,קילוגרמים,1.40,"ק""ג",false,1,29.80,21.29,true,1,
7290108357240,false,"אוקסיג'ן פאוור תוסף להסרת כתמים קשים 1.4 ק""ג",החברה הדרומית לשיווק בעמ,IL,אוקסיג'ן פאואר,קילוגרמים,1.40,"ק""ג",false,1,29.80,21.29,true,1,
7290108357288,false,אקונומיקה ז'אוול בניחוח פריחה לבנה 4 ל' סנו,החברה הדרומית לשיווק בעמ,IL,אקונומיקה ג'אוול,ליטרים,4.00,ליטר,false,1,14.40,3.60,true,1,
7290108357295,false,"מרסס אוקסיג'ן מסיר כתמים סנו לכביסה לבנה 750 מ""ל",החברה הדרומית לשיווק בעמ,IL,אוקסיג'ן מסיר,מיליליטרים,750.00,"100 מ""ל",false,1,15.30,2.04,true,1,
7290108357417,false,"קרמה - קרם גוף קרמה ורד ווניל 500 מ""ל",החברה הדרומית לשיווק בעמ,IL,קרם גוף ורד ווני,מיליליטרים,500.00,"100 מ""ל",false,1,18.70,3.74,true,1,
7290108357448,false,"קרמה - קרם גוף קרמה לבנדר ואקליפטוס 500 מ""ל",החברה הדרומית לשיווק בעמ,IL,קרם גוף לבנדר,מיליליטרים,500.00,"100 מ""ל",false,1,18.70,3.74,true,1,
7290108357509,false,"קרמה קרם גוף וניל ופלפל ורוד 500 מ""ל",החברה הדרומית לשיווק בעמ,IL,קרם גוף קרמה,מיליליטרים,500.00,"100 מ""ל",false,1,18.70,3.74,true,1,
7290108357578,false,"קרם ידיים קרמה וניל ופלפל ורוד 100מ""ל",החברה הדרומית לשיווק בעמ,IL,קרם ידיים קרמה,מיליליטרים,100.00,"100 מ""ל",false,1,8.40,8.40,true,1,
7290108357707,false,"כיף שמפו לשיער רגיל- תפוח זרעי צ'יה 700 מ""ל",החברה הדרומית לשיווק בעמ,IL,כיף שמפו,מיליליטרים,700.00,"100 מ""ל",false,1,11.00,1.57,true,1,
7290108357714,false,"כיף שמפו לשיער יבש -רימונים ושמן ארגן 700 מ""ל",החברה הדרומית לשיווק בעמ,IL,כיף שמפו,מיליליטרים,700.00,"100 מ""ל",false,1,11.00,1.57,true,1,
7290108357769,false,"מרכך לשיער רגיל תפוח וזרעי צ'יה 700 מ""ל כיף",החברה הדרומית לשיווק בעמ,IL,כיף מרכך שיער,מיליליטרים,700.00,"100 מ""ל",false,1,11.00,1.57,true,1,
7290108357776,false,"כיף מרכך לשיער יבש -רימונים ושמן ארגן 700 מ""ל",החברה הדרומית לשיווק בעמ,IL,כיף מרכך שיער,מיליליטרים,700.00,"100 מ""ל",false,1,11.00,1.57,true,1,
7290108357851,false,"כיף - ג'ל רחצה אליקסיר אוילס מועשר בשמן קוקוס 700 מ""ל",החברה הדרומית לשיווק בעמ,IL,כיף ג'ל רחצה,מיליליטרים,700.00,"100 מ""ל",false,1,9.30,1.33,true,1,
7290108357868,false,"כיף - ג'ל רחצה אליקסיר אויל מועשר בשמן מקדמיה 700 מ""ל",החברה הדרומית לשיווק בעמ,IL,כיף ג'ל רחצה,מיליליטרים,700.00,"100 מ""ל",false,1,9.30,1.33,true,1,
7290108357875,false,"כיף - שמפו לחות מוגברת עם אפרסק וחמאת מורומורו 700 מ""ל",החברה הדרומית לשיווק בעמ,IL,כיף שמפו אפרסק,מיליליטרים,700.00,"100 מ""ל",false,1,11.00,1.57,true,1,
7290108357882,false,"כיף - מרכך לחות מוגברת עם אפרסק וחמאת מורומורו 700 מ""ל",החברה הדרומית לשיווק בעמ,IL,כיף מרכך לשיער,מיליליטרים,700.00,"100 מ""ל",false,1,11.00,1.57,true,1,
7290108358070,false,"תחליב רחצה קרמה קלאסי 700 מ""ל",החברה הדרומית לשיווק בעמ,IL,קרמה תחליב רחצה,מיליליטרים,700.00,"100 מ""ל",false,1,14.40,2.06,true,1,
7290108358087,false,"תחליב רחצה קרמה מאסק 700 מ""ל",החברה הדרומית לשיווק בעמ,IL,תחליב רחצה קרמה,מיליליטרים,700.00,"100 מ""ל",false,1,14.40,2.06,true,1,
7290108358124,false,דפי בישום לחים למייבש הכביסה בניחוח מרכך כביסה 20 יח' מקסימה,טרופיגל דגיל תעשיות קוסמ,IL,דפי בישום למייבש,יחידה,1.00,יחידה,false,1,11.80,11.80,true,1,
7290108359091,false,סנו סושי כיסוי ניילון עם גומי 30 יחידות L,החברה הדרומית לשיווק בעמ,CN,כיסוי ניילון L,יחידה,1.00,יחידה,false,1,11.00,11.00,true,1,
7290108359145,false,סנו סושי דפי ספוג הפלא 12 יח`,החברה הדרומית לשיווק בעמ,CN,דפי ספוג הפלא,יחידה,1.00,יחידה,false,1,10.10,10.10,true,1,
7290108359879,false,"אלסבון בייבי כיף+משאבה 750 מ""ל",החברה הדרומית לשיווק בעמ,IL,בייבי כיף אלסבון,מיליליטרים,750.00,"100 מ""ל",false,1,15.30,2.04,true,1,
7290108359985,false,סנו - ז'אוול מרסס קצף לניקוי וחינו בניחוח פריחה לבנה 1 ליטר,החברה הדרומית לשיווק בעמ,IL,ג'אוול קצף ניקוי,ליטרים,1.00,ליטר,false,1,16.10,16.10,true,1,
7290108500677,false,כבד דג שיבוט בשמן דג וילי פוד 115 גרם,ג. וילי-פוד אינטרנשיונל בע`מ,IS,כבד גד שיבוט,גרמים,115.00,100 גרם,false,1,8.10,7.04,true,1,
7290108501346,false,גבינה מגורדת גאודה 28% שומן EURO CHEESE ויליפוד 500 גרם,ג.וילי-פוד אינטרנשיונל **גבינו,IL,גאודה מגורדת,גרמים,500.00,100 גרם,false,1,21.20,4.24,true,1,
7290108501391,false,גבינת חצי קשה מחלב עיזים פרוסות 150 גר`,ג. וילי-פוד אינטרנשיונל בע`מ,IL,גבינת עיזים פרוס,גרמים,150.00,100 גרם,false,1,20.40,13.60,true,1,
7290108501827,false,קדאיף שערות בצק ויליפוד 450 גרם,ג.וילי-פוד אינטרנשיונל **גבינו,GR,קדאיף שערות בצק,גרמים,450.00,100 גרם,false,1,17.00,3.78,true,1,
7290108502329,false,רביעיית טונה בשמן זית ויליפוד 4*160 גרם,ג. וילי-פוד אינטרנשיונל בע`מ,TH,טונה בשמן זית4יח,גרמים,160.00,100 גרם,false,1,23.80,14.88,true,1,
7290108502541,false,גבינת שמנת טעם טבעי ויליפוד 200 גרם,ג.וילי-פוד אינטרנשיונל **גבינו,TR,גבינת שמנת,גרמים,200.00,100 גרם,false,1,11.00,5.50,true,1,
7290108502725,false,גבינת גאודה פרוסות ויליפוד 400 גרם,ג.וילי-פוד אינטרנשיונל **גבינו,IL,גבינת גאודה,גרמים,400.00,100 גרם,false,1,17.00,4.25,true,1,
7290108503159,false,גבינה כחולה עם עובש 31% ויליפוד 100 גרם,ג.וילי-פוד אינטרנשיונל **גבינו,ES,גבינה כחולה,גרמים,100.00,100 גרם,false,1,12.70,12.70,true,1,
7290108503999,false,פרוסות גבינה בטעם גאודה לכריכים וטוסטים ויליפוד 150 גרם,ג.וילי-פוד אינטרנשיונל **גבינו,ES,פרוסות גבינה,גרמים,150.00,100 גרם,false,1,10.10,6.73,true,1,
7290108504699,false,רביעיית טונה בשמן קנולה פתח קל ויליפוד 4*160 גרם,ג.וילי-פוד אינטרנשיונל בעמ,TH,נתחי טונה 4 יח,גרמים,640.00,100 גרם,false,1,18.70,2.92,true,1,
7290108505726,false,אצבעות גבינת חצי קשה EURO CHEESE ויליפוד 200 גרם,ג.וילי-פוד אינטרנשיונל **גבינו,TR,אצבעות גבינה,גרמים,200.00,100 גרם,false,1,11.00,5.50,true,1,
7290108505733,false,צמות -גבינה חצי קשה 25% שומן ( 200 גר) ו,ג.וילי-פוד אינטרנשיונל **גבינו,TR,צמות גבינה,גרמים,200.00,100 גרם,false,1,11.00,5.50,true,1,
7290108507010,false,מאפה בורקס מים תורכי תרד וגבינה ויליפוד 300 גרם,ג.וילי-פוד אינטרנשיונל **גבינו,TR,בורקס מים גבינה,גרמים,300.00,100 גרם,false,1,13.50,4.50,true,1,
7290108507645,false,ביסקויט פריך בשוקולד מריר 100 גרם -קהילות,ג. וילי-פוד אינטרנשיונל בע`מ,TR,ביסקויט בשוקולד,גרמים,100.00,100 גרם,false,1,5.90,5.90,true,1,
7290108507652,false,ביסקויט פריך בשוקולד לבן 100 גרם -קהילות,ג. וילי-פוד אינטרנשיונל בע`מ,TR,ביסקויט מצופנ,גרמים,100.00,100 גרם,false,1,5.90,5.90,true,1,
7290108508451,false,"משקה יוגורט טבעי 3.2% שומן יורו 200 מ""ל",ג.וילי-פוד אינטרנשיונל **גבינו,TR,משקה יוגורט,מיליליטרים,200.00,"100 מ""ל",false,1,4.10,2.05,true,1,
7290108508499,false,"איירן משקה יוגורט בסגנון טורקי יורו 293 מ""ל",ג.וילי-פוד אינטרנשיונל **גבינו,TR,איירן משקה,מיליליטרים,293.00,"100 מ""ל",false,1,4.10,1.40,true,1,
7290108508765,false,קונכיות פתיתים 400 גרם וילי פוד,ג. וילי-פוד אינטרנשיונל בע`מ,TR,קונכיות פתיתים,גרמים,400.00,100 גרם,false,1,5.00,1.25,true,1,
7290108508970,false,תה ג`רבה עלי מנטה 500 גרם וילי פוד,ג.וילי-פוד אינטרנשיונל בעמ,PY,תה ג'רבה מטה,גרמים,500.00,100 גרם,false,1,17.00,3.40,true,1,
7290108509052,false,מאפה פילו במילוי גבינת פטה ויליפוד 400 גרם,ג.וילי-פוד אינטרנשיונל **גבינו,GR,מאפה פילו גבינת,גרמים,400.00,100 גרם,false,1,17.00,4.25,true,1,
7290108509113,false,"גבינה בולגרית מעודנת 18% שומן 250 גרם חת""ס פ""ת",ג.וילי-פוד אינטרנשיונל **גבינו,TR,בולגרית מעודנת,גרמים,250.00,100 גרם,false,1,10.10,4.04,true,1,
7290108509199,false,גבינת פטה 17% שומן יורו 500 ג',ג.וילי-פוד אינטרנשיונל **גבינו,TR,גבינת פטה,גרמים,500.00,100 גרם,false,1,19.50,3.90,true,1,
7290108509403,false,חלבה טורקית קלאסית 350 גרם ג.ויליפוד,ג.וילי פוד אינטרנשיונל בעמ,TR,חלבה טורקית,גרמים,350.00,100 גרם,false,1,9.30,2.66,true,1,
7290108509410,false,חלבה טורקית עם קקאו 350 גרם ויליפוד,ג.וילי פוד אינטרנשיונל בעמ,TR,חלבה טורקית,גרמים,350.00,100 גרם,false,1,9.30,2.66,true,1,
7290108509588,false,גבינה פטה 24% עם עשבי תיבול 153 גרם ויליפוד,ג.וילי-פוד אינטרנשיונל **גבינו,GR,גבינה מלוחה,גרמים,153.00,100 גרם,false,1,13.50,8.82,true,1,
7290108509595,false,גבינה פטה 24% עגבניות מיובשות וריחן 153 גרם ויליפוד,ג.וילי-פוד אינטרנשיונל **גבינו,GR,גבינה מלוחה,גרמים,153.00,100 גרם,false,1,13.50,8.82,true,1,
7290108509700,false,אורז פרסי 1 קג`DAAWAT וילי פוד,ג. וילי-פוד אינטרנשיונל בע`מ,IN,אורז פרסי דאווט,קילוגרמים,1.00,"ק""ג",false,1,8.50,8.50,true,1,
7290108509731,false,איירן משקה יוגורט בסגנון טורקי 2.3% שומן 1ל' יורו,ג.וילי-פוד אינטרנשיונל **גבינו,TR,איירן משקה,ליטרים,1.00,ליטר,false,1,13.50,13.50,true,1,
7290108509755,false,EURO גבינת חלומי 23% שומן 250 גרם,ג.וילי-פוד אינטרנשיונל **גבינו,CY,גבינת חלומי,גרמים,250.00,100 גרם,false,1,21.20,8.48,true,1,
7290108509939,false,פרוסות פילה טונה בשמן זית כתית מעולה,ג. וילי-פוד אינטרנשיונל בע`מ,TH,פרוסות פילה טונה,גרמים,120.00,100 גרם,false,1,9.30,7.75,true,1,
7290108509960,false,נתחי טונה בהירה בשמן זית כתית מעולה - מארז 3 יח',ג. וילי-פוד אינטרנשיונל בע`מ,TH,טונה בשמן זית3יח,גרמים,240.00,100 גרם,false,1,13.50,5.63,true,1,
7290109351025,false,מלך החומוס חומוסטחינה 40% טחינה גולמית,קבוצת אוסם סחר שותפות מוגבלת,IL,חומוסטחינה צבר,גרמים,400.00,100 גרם,false,1,11.80,2.95,true,1,
7290109351957,false,פריכיות פיטנס מיני גדולות שוקולד חלב 100ג',קבוצת אוסם סחר שותפות מוגבלת,BE,פריכיות פיטנס,גרמים,100.00,100 גרם,false,1,7.20,7.20,true,1,
7290109352916,false,פריכיות דגנים פיטנס מצופות שוקולד לבן,קבוצת אוסם סחר שותפות מוגבלת,IL,פיטנס בר פריכיות,גרמים,84.00,100 גרם,false,1,11.00,13.10,true,1,
7290109353494,false,פסטה פרפקטו פארפאלה 500ג' אסם,קבוצת אוסם סחר-שות.מוגבלת,IT,פארפאלה פרפקטו,גרמים,500.00,100 גרם,false,1,5.90,1.18,true,1,
7290109354057,false,קרחון לה פרוטה שרבט אננס תפוז מאגדת 5 יח',נגה גלידות שותפות מוגבלת,IL,מאגדת לה פרוטה,גרמים,350.00,100 גרם,false,1,21.20,6.06,true,1,
7290109354101,false,קרקר לחמית ללא גלוטן 200 גר אסם,קבוצת אוסם סחר שותפות מוגבלת,IL,לחמית ללא גלוטן,גרמים,200.00,100 גרם,false,1,8.40,4.20,true,1,
7290109354996,false,פתי בר ללא גלוטן שוקו 200 גרם אסם,קבוצת אוסם סחר שותפות מוגבלת,IL,פתי בר ללא גלוטן,גרמים,200.00,100 גרם,false,1,8.40,4.20,true,1,
7290109355504,false,שלגון קראנץ וניל ליבת נוגט נסטלה 100 גרם,נגה גלידות שותפות מוגבלת,IL,קראנץ וניל,יחידה,1.00,יחידה,false,1,9.40,9.40,true,1,
7290109358482,false,עוגיות קרמוגית במילוי קרם בטעם חלבה,קבוצת אוסם סחר שותפות מוגבלת,IL,קרמוגית חלבה,גרמים,200.00,100 גרם,false,1,9.30,4.65,true,1,
7290109358765,false,דגני בוקר קראנץ' רולס נוגט 450 גרם,קבוצת אוסם סחר-שות.מוגבלת,IL,קראנץ' רולס,גרמים,450.00,100 גרם,false,1,20.40,4.53,true,1,
7290109580036,false,"שניצל תירס 1.25 ק""ג זוגלובק",,IL,שניצל תירס 1.25,קילוגרמים,1.25,"ק""ג",false,1,34.10,27.28,true,1,
7290109580067,false,וונדרס טחון מן הצומח 340 גר`,זוגלובק שיווק בעמ ו/או וונדרס,IL,וונדרס טחון,גרמים,340.00,100 גרם,false,1,25.50,7.50,true,1,
7290109580098,false,קבנוס בטעם סרירצ'ה זוגלובק 135 גרם,נקניק זוגלובק נהריה,IL,קבנוס בטעם סרירצ,קילוגרמים,0.14,"ק""ג",false,1,9.50,67.86,true,1,
7290109580104,false,רוסטביף פרימיום זוגלובק 150 גרם,נקניק זוגלובק נהריה,IL,רוסטביף פרימיום,גרמים,150.00,100 גרם,false,1,19.50,13.00,true,1,
7290109580111,false,צלעות אסאדו מעושנות פרימיום זוגלובק 120 גרם,נקניק זוגלובק נהריה,IL,צלעות אסאדו מעוש,גרמים,120.00,100 גרם,false,1,19.50,16.25,true,1,
7290109580135,false,קורנדביף פרימיום 180 גרם זוגלובק,נקניק זוגלובק נהריה,IL,קורנדביף פרימיו,גרמים,180.00,100 גרם,false,1,19.50,10.83,true,1,
7290109580241,false,נאגטס מן הצומח זוגלובק 500 גרם,נקניק זוגלובק נהריה,IL,נאגטס מן הצומח,קילוגרמים,0.50,"ק""ג",false,1,20.40,40.80,true,1,
7290109580432,false,פסטרמה חזה הודו מעושן דק דק זוגלובק 120 גרם,נקניק זוגלובק נהריה,IL,פסטרמה אקסטרה מע,גרמים,120.00,100 גרם,false,1,11.80,9.83,true,1,
7290109640198,false,מגורדת לפיצה ולאפיה 20% שומן 200 גרם - משומשו,קפוא זן תעשיות מזון בעמ,IL,מגורדת לפיצה,גרמים,200.00,100 גרם,false,1,17.00,8.50,true,1,
7290109640372,false,ממרח זיתים על בסיס קוקוס 9% שומן 200 גרם - משומשו,קפוא זן תעשיות מזון בעמ,IL,"ממרח ע""ב קוקוס",גרמים,200.00,100 גרם,false,1,14.40,7.20,true,1,
7290109640396,false,ממרח שום שמיר על בסיס קוקוס 9% שומן 200 גרם - משומשו,קפוא זן תעשיות מזון בעמ,IL,"ממרח ע""ב קוקוס",גרמים,200.00,100 גרם,false,1,14.40,7.20,true,1,
7290109640402,false,ממרח בטעם טבעי על בסיס רכיבי קוקוס 9%,קפוא זן תעשיות מזון בעמ,IL,"ממרח ע""ב קוקוס",גרמים,200.00,100 גרם,false,1,14.40,7.20,true,1,
7290109640631,false,משומשו לאבנה טבעונית 9% שומן 200 גר,קפוא זן תעשיות מזון בעמ,IL,לאבנה טבעוני,גרמים,200.00,100 גרם,false,1,14.40,7.20,true,1,
7290109640761,false,מאפה פילאס במילוי פטה טבעונית 600 גרם - משומשו,סנו מפעלי ברונוס.,IL,מאפה בצק פטה,גרמים,600.00,100 גרם,false,1,22.90,3.82,true,1,
7290109640785,false,מאפה פילאס טבעוני במילוי בסגנון פיצה,סנו מפעלי ברונוס.,IL,מאפה פילאס פיצה,גרמים,600.00,100 גרם,false,1,22.90,3.82,true,1,
7290109920146,false,"דורגול מסיר אבנית מקומקומים 750 מ""ל",יעקב יעקבי ובניו בע`מ,CH,דורגול 750 מל,מיליליטרים,750.00,"100 מ""ל",false,1,17.00,2.27,true,1,
7290109920313,false,"אסטוניש מרסס לניקוי חלונות 750 מ""ל","יעקב יעקבי ובניו בע""מ",GB,מרסס חלונות,מיליליטרים,750.00,"100 מ""ל",false,1,11.00,1.47,true,1,
7290109920320,false,"אסטוניש ספריי משמיד עובש 750מ""ל",יעקב יעקבי ובניו בעמ,GB,משמיד עובש,מיליליטרים,750.00,"100 מ""ל",false,1,11.00,1.47,true,1,
7290109920627,false,"אסטוניש קרם ואקונומיקה לניקוי אמבטיות 500 מ""ל",יעקב יעקבי ובניו בע`מ,GB,אסטוניש אקונומיק,מיליליטרים,500.00,"100 מ""ל",false,1,10.10,2.02,true,1,
7290109921488,false,"דורגול לניקוי וחיטוי מכונת הכביסה יעקבי 500 מ""ל","יעקב יעקבי ובניו בע""מ",DE,דורגול למכ.כביסה,מיליליטרים,500.00,"100 מ""ל",false,1,25.50,5.10,true,1,
7290109922881,false,דורגול מרסס מרוכז למטבח 600 מל,יעקב יעקבי ובניו בעמ,CH,דורגול למטבח,מיליליטרים,600.00,"100 מ""ל",false,1,21.20,3.53,true,1,
7290109923048,false,"אסטוניש מרסס פרימיום ארומטיק לכל הבית 750 מ""ל","יעקב יעקבי ובניו בע""מ",GB,אסטוניש מרסס,גרמים,750.00,100 גרם,false,1,13.50,1.80,true,1,
7290109923147,false,אסטוניש מהדורה פרימיום פלא של אקונומיקה,יעקב יעקבי ובניו בע`מ,GB,אסטוניש מרסס,מיליליטרים,750.00,"100 מ""ל",false,1,12.70,1.69,true,1,
7290110000493,false,חמאת בוטנים טבעית קרנצ`י 350 גרם),"בטר אנד דיפרנט בע""מ",IL,חמאת בוטנים,גרמים,350.00,100 גרם,false,1,12.10,3.46,true,1,
7290110001841,false,חמאת בוטנים טבעית 760 גר,בטר אנד דיפרנט,IL,תמאת בוטנים טבעי,גרמים,760.00,100 גרם,false,1,21.20,2.79,true,1,
7290110110277,false,"סומרסבי סיידר תפוחים אלכוהולי 4*300 מ""ל",החברה המרכזית להפצת משקאות בעמ,HR,סומרסבי 4 יח',ליטרים,1.32,ליטר,false,1,25.70,19.47,true,1,
7290110110369,false,"שישייה בירה קרלסברג LUMA בקבוק 330 מ""ל",החברה המרכזית להפצת משקאות בעמ,IL,קרלסברג לומה 6יח,ליטרים,1.98,ליטר,false,1,32.60,16.46,true,1,
7290110110574,false,פחית קוקה קולה סליק זירו לימון 330 מל,החברה המרכזית להפצת משקאות בעמ,IL,פחית קולה זירו,מיליליטרים,330.00,"100 מ""ל",false,1,4.60,1.39,true,1,
7290110110659,false,"ספרייט לימון ליים פחית 330מ""ל",החברה המרכזית להפצת משקאות בעמ,IL,ספרייט ליים פחית,מיליליטרים,330.00,"100 מ""ל",false,1,4.60,1.39,true,1,
7290110110703,false,מארז ספרייט שישייה פחיות FRIDGE PACK,החברה המרכזית להפצת משקאות בעמ,IL,ספרייט ליים 6 פח,ליטרים,1.98,ליטר,false,1,19.80,10.00,true,1,
7290110111809,false,"מארז פחיות פאנטה אורנג' שישייה 330 מ""ל",החברה המרכזית לייצור משק,IL,פאנטה אורנג 6 פח,ליטרים,1.98,ליטר,false,1,19.80,10.00,true,1,
7290110113384,false,קוקה קולה זירו מארז רביעיה 1X4 ליטר,החברה המרכזית להפצת משקאות בעמ,IL,קולה זירו 4 יח,ליטרים,4.00,ליטר,false,1,20.60,5.15,true,1,
7290110113476,false,בירה קרלסברג ללא אלכוהול - שישייה,החברה המרכזית להפצת משקאות בעמ,RO,קרלסברג 0% שישיה,ליטרים,1.98,ליטר,false,1,27.20,13.74,true,1,
7290110114787,false,נביעות+ מים מינרליים בטעם תפוח 1.5 ליטר,החברה המרכזית להפצת משקאות בעמ,IL,נביעות+תפוח,ליטרים,1.50,ליטר,false,0,8.10,5.40,true,1,
7290110114794,false,נביעות+ מים מינרליים בטעם אפרסק 1.5 ליטר,החברה המרכזית להפצת משקאות בעמ,IL,נביעות+אפרסק,ליטרים,1.50,ליטר,false,0,8.10,5.40,true,1,
7290110114800,false,נביעות+ מים מינרליים בטעם ענבים 1.5 ליטר,החברה המרכזית להפצת משקאות בעמ,IL,נביעות+ענבים,ליטרים,1.50,ליטר,false,0,8.10,5.40,true,1,
7290110114855,false,"נביעות מים מינרליים, שישיה 6 * 1.5 ליטר פקדון",החברה המרכזית להפצת משקאות בעמ,IL,מים נביעות1.5*6ל,ליטרים,9.00,ליטר,false,0,11.10,1.23,true,1,
7290110114893,false,מיץ תפוזים מפוסטר סחוט 2 ליטר,החברה המרכזית טלהפצת משקאות בע,IL,מיץ תפוזים,ליטרים,2.00,ליטר,false,0,20.40,10.20,true,1,
7290110114909,false,"100% מיץ תפוחים צלול עשוי מרכז, 2 ליטר",החברה המרכזית טלהפצת משקאות בע,IL,מיץ תפוחים,ליטרים,2.00,ליטר,false,0,20.40,10.20,true,1,
7290110114954,false,מיץ תפוזים מתקתקים פריגת 2 ליטר,החברה המרכזית טלהפצת משקאות בע,IL,מיץ תפוזים,ליטרים,2.00,ליטר,false,0,18.30,9.15,true,1,
7290110114961,false,משקה קל בטעם תפוזים פריגת (1.5 ליטר),החברה המרכזית להפצת משקאות בעמ,IL,פריגת תפוזים,ליטרים,1.50,ליטר,false,0,7.60,5.07,true,1,
7290110114985,false,משקה קל בטעם אשכוליות פריגת (1.5 ליטר),החברה המרכזית להפצת משקאות בעמ,IL,פריגת אשכוליו,ליטרים,1.50,ליטר,false,0,7.60,5.07,true,1,
7290110114992,false,משקה קל בטעם אשכוליות לייט פריגת (1.5 לי,החברה המרכזית להפצת משקאות בעמ,IL,פריגת אשכולי,ליטרים,1.50,ליטר,false,0,7.30,4.87,true,1,
7290110115005,false,משקה קל בטעם ענבים פריגת (1.5 ליטר),החברה המרכזית להפצת משקאות בעמ,IL,פריגת ענבים,ליטרים,1.50,ליטר,false,0,7.60,5.07,true,1,
7290110115036,false,משקה קל בטעם מנגו פריגת (1.5 ליטר),החברה המרכזית להפצת משקאות בעמ,IL,פריגת מנגו,ליטרים,1.50,ליטר,false,0,7.60,5.07,true,1,
7290110115043,false,משקה קל בטעם לימונענע פריגת (1.5 ליטר),החברה המרכזית להפצת משקאות בעמ,IL,"משק""ל פריגת",ליטרים,1.50,ליטר,false,0,7.60,5.07,true,1,
7290110115050,false,משקה קל בטעם תות בננה פריגת (1.5 ליטר),החברה המרכזית להפצת משקאות בעמ,IL,פריגת תות בננ,ליטרים,1.50,ליטר,false,0,7.60,5.07,true,1,
7290110115081,false,פריגת צלול ענבים 1.5 ליטר פיקדון,החברה המרכזית להפצת משקאות בעמ,IL,פריגת צלול ענ,ליטרים,1.50,ליטר,false,0,7.30,4.87,true,1,
7290110115111,false,פריגת צלול אננס 1.5 ליטר פיקדון,החברה המרכזית להפצת משקאות בעמ,IL,פריגת צלול אנ,ליטרים,1.50,ליטר,false,0,7.30,4.87,true,1,
7290110115128,false,פריגת צלול בטעם לימונענע 1.5 ליטר פיקדון,החברה המרכזית להפצת משקאות בעמ,IL,פריגת צלול,ליטרים,1.50,ליטר,false,0,7.30,4.87,true,1,
7290110115203,false,קוקה קולה 1.5 ליטר פיקדון,החברה המרכזית להפצת משקאות בעמ,IL,קוקה קולה,ליטרים,1.50,ליטר,false,0,7.60,5.07,true,1,
7290110115210,false,קוקה קולה דיאט 1.5 ליטר פיקדון,החברה המרכזית להפצת משקאות בעמ,IL,קוקה קולה דיא,ליטרים,1.50,ליטר,false,0,7.30,4.87,true,1,
7290110115227,false,קוקה קולה Zero בקבוק 1.5 ליטר פיקדון,החברה המרכזית להפצת משקאות בעמ,IL,קוקה קולה זיר,ליטרים,1.50,ליטר,false,0,7.30,4.87,true,1,
7290110115234,false,קוקה קולה דיאט זירו 1.5 ליטר פיקדון,החברה המרכזית להפצת משקאות בעמ,IL,קולה זירו נטו,ליטרים,1.50,ליטר,false,0,7.30,4.87,true,1,
7290110115241,false,קוקה קולה דיאט לימון 1.5 ליטר פיקדון,החברה המרכזית להפצת משקאות בעמ,IL,קולה זירו לימ,ליטרים,1.50,ליטר,false,0,7.30,4.87,true,1,
7290110115258,false,קוקה-קולה זירו מנגו בקבוק 1.5 ליטר,החברה המרכזית להפצת משקאות בעמ,IL,קולה זירו מנג,ליטרים,1.50,ליטר,false,0,7.30,4.87,true,1,
7290110115265,false,ספרייט לימון ליים 1.5 ליטר-,החברה המרכזית להפצת משקאות בעמ,IL,ספרייט ליים,ליטרים,1.50,ליטר,false,0,7.60,5.07,true,1,
7290110115272,false,ZERO ספרייט 1.5 ליטר פיקדון,החברה המרכזית להפצת משקאות בעמ,IL,ספרייט זירו,ליטרים,1.50,ליטר,false,0,7.60,5.07,true,1,
7290110115289,false,ספרייט 19 קל' לימון-נענע 1.5 ליטר פיקדון,החברה המרכזית להפצת משקאות בעמ,IL,ספרייט נענע,ליטרים,1.50,ליטר,false,0,7.60,5.07,true,1,
7290110115296,false,גזוז בטעם תפוז פאנטה 1.5 ליטר פיקדון,החברה המרכזית להפצת משקאות בעמ,IL,פאנטה אורנג',ליטרים,1.50,ליטר,false,0,7.60,5.07,true,1,
7290110115302,false,משקה מוגז אורנג' זירו פאנטה 1.5 ליטר,החברה המרכזית להפצת משקאות בעמ,IL,פאנטה זירו או,ליטרים,1.50,ליטר,false,0,7.60,5.07,true,1,
7290110115319,false,פאנטה אקזוטי פירות טרופיים 1.5ל פיקדון,החברה המרכזית להפצת משקאות בעמ,IL,פאנטה אקזוטי,ליטרים,1.50,ליטר,false,0,7.60,5.07,true,1,
7290110115333,false,גזוז בטעם תות פאנטה 1.5 ליטר פיקדון,החברה המרכזית להפצת משקאות בעמ,IL,פאנטה תות,ליטרים,1.50,ליטר,false,0,7.60,5.07,true,1,
7290110115340,false,פאנטה ענבים 1.5 ליטר פיקדון,החברה המרכזית להפצת משקאות בעמ,IL,פאנטה ענבים,ליטרים,1.50,ליטר,false,0,7.60,5.07,true,1,
7290110115357,false,קינלי סודה 1.5 ליטר פיקדון,החברה המרכזית להפצת משקאות בעמ,IL,קינלי סודה,ליטרים,1.50,ליטר,false,0,3.60,2.40,true,1,
7290110115364,false,שישייה קוקה קולה 1.5 ליטר פיקדון,החברה המרכזית להפצת משקאות בעמ,IL,קוקה קולה1.5*6ל,ליטרים,9.00,ליטר,false,0,42.90,4.77,true,1,
7290110115371,false,דיאט קוקה קולה שישיות 1.5 ליטר פיקדון,החברה המרכזית להפצת משקאות בעמ,IL,קולה דיאט1.5*6ל,ליטרים,9.00,ליטר,false,0,40.30,4.48,true,1,
7290110115388,false,ספרייט לימון ליים 1.5 ליטר מארז שישייה,החברה המרכזית להפצת משקאות בעמ,IL,ספרייט ליים1.5*6,ליטרים,9.00,ליטר,false,0,40.30,4.48,true,1,
7290110115395,false,ספרייט זירו שישיות 1.5 ליטר פיקדון,החברה המרכזית להפצת משקאות בעמ,IL,ספרייט זירו1.5*6,ליטרים,9.00,ליטר,false,0,37.70,4.19,true,1,
7290110115401,false,קינלי סודה שישייה 1.5 ליטר פיקדון,החברה המרכזית להפצת משקאות בעמ,IL,קינלי סודה1.5*6ל,ליטרים,9.00,ליטר,false,0,13.80,1.53,true,1,
7290110115418,false,קוקה קולה זירו 1.5 ליטר מארז שישייה,החברה המרכזית להפצת משקאות בעמ,IL,קולה זירו1.5*6ל,ליטרים,9.00,ליטר,false,0,40.30,4.48,true,1,
7290110115449,false,פיוז-טי תה מנגו אננס 1.5 ליטר פיקדון,החברה המרכזית להפצת משקאות בעמ,IL,תה מנגו אננס,ליטרים,1.50,ליטר,false,0,7.90,5.27,true,1,
7290110115456,false,פיוז-טי תה אפרסק 1.5 ליטר 19 קל פיקדון,החברה המרכזית להפצת משקאות בעמ,IL,פיוז תה אפרסק,ליטרים,1.50,ליטר,false,0,7.60,5.07,true,1,
7290110115463,false,פיוז-טי תה אפרסק 1.5 ליטר פיקדון,החברה המרכזית להפצת משקאות בעמ,IL,פיוז תה אפרסק,ליטרים,1.50,ליטר,false,0,7.90,5.27,true,1,
7290110115487,false,רביעייה פיוז-טי אפרסק 1.5 ליטר פקדון,החברה המרכזית להפצת משקאות בעמ,IL,פיוז תה 1.5*4ל,ליטרים,6.00,ליטר,false,0,30.80,5.13,true,1,
7290110115494,false,תה קר בטעם ענבים פיוז טי 1.5 ליטר,החברה המרכזית להפצת משקאות בעמ,IL,פיוז תה ענבים,ליטרים,1.50,ליטר,false,0,7.90,5.27,true,1,
7290110115586,false,פריגת תפוזים 40% פחות סוכר 1.5 ליטר פיקדון,החברה המרכזית להפצת משקאות בעמ,IL,פריגת תפוזים,ליטרים,1.50,ליטר,false,0,7.30,4.87,true,1,
7290110115593,false,פריגת אשכוליות 40% פחות סוכר 1.5 ליטר פיקדון,החברה המרכזית להפצת משקאות בעמ,IL,פריגת אשכוליו,ליטרים,1.50,ליטר,false,0,7.30,4.87,true,1,
7290110115616,false,פיוז-טי תה גרין אננס זירו 1.5 ליטר פיקדו,החברה המרכזית להפצת משקאות בעמ,IL,פיוז תה אננס,ליטרים,1.50,ליטר,false,1,7.60,5.07,true,1,
7290110115623,false,פיוז-טי תה אפרסק זירו 1.5 ליטר פיקדון,החברה המרכזית להפצת משקאות בעמ,IL,פיוז תה אפרסק,ליטרים,1.50,ליטר,false,1,7.60,5.07,true,1,
7290110116064,false,פאנטה זירו בטעם פירות ירוק 1.5 ל פיקדון,החברה המרכזית להפצת משקאות בעמ,IL,פאנטה זירו ירוק,ליטרים,1.50,ליטר,false,1,7.60,5.07,true,1,
7290110116125,false,"סירופ פריגת בטעם פטל 750 מ""ל פיקדון",החברה המרכזית להפצת משקאות בעמ,IL,סירופ בטעם פטל,מיליליטרים,750.00,"100 מ""ל",false,1,20.40,2.72,true,1,
7290110116132,false,"סירופ פריגת בטעם לימון 750 מ""ל פיקדון",החברה המרכזית להפצת משקאות בעמ,IL,סירופ בטעם לימון,מיליליטרים,750.00,"100 מ""ל",false,1,20.40,2.72,true,1,
7290110116194,false,נביעות+ סדרת 0 קלוריות לימון-ליים 1.5 ליטר,החברה המרכזית להפצת משקאות בעמ,IL,נביעות+למון ליים,ליטרים,1.50,ליטר,false,1,8.50,5.67,true,1,
7290110116217,false,נביעות+ סדרת 0 קלוריות אשכוליות 1.5 ליטר,החברה המרכזית להפצת משקאות בעמ,IL,נביעות+אשכולית,ליטרים,1.50,ליטר,false,1,8.50,5.67,true,1,
7290110116392,false,"סירופ פריגת בטעם תפוזים 750 מ""ל פיקדון",החברה המרכזית להפצת משקאות בעמ,IL,סירופ תפוזים,מיליליטרים,750.00,"100 מ""ל",false,1,20.40,2.72,true,1,
7290110116552,false,ספרייט לימון היט 1.5 ליטר LIME פיקדון,החברה המרכזית להפצת משקאות בעמ,IL,ספרייט למון היט,ליטרים,1.50,ליטר,false,1,7.60,5.07,true,1,
7290110116569,false,ספרייט זירו 1.5 ליטר LEMON HIT פיקדון,החברה המרכזית להפצת משקאות בעמ,IL,ספרייט זירו למון,ליטרים,1.50,ליטר,false,1,7.60,5.07,true,1,
7290110116576,false,ספרייט זירו לימון היט בקבוק 0.5,החברה המרכזית להפצת משקאות בעמ,IL,ספרייט זירו למון,מיליליטרים,500.00,"100 מ""ל",false,1,6.40,1.28,true,1,
7290110320683,false,שמיניית משקה יוגורט 1.5% טעם תות יופלה 107 גרם,מיוצר עי קונדיטוריית,IL,משקה יוגורט 8 יח,גרמים,856.00,100 גרם,false,1,14.50,1.69,true,1,
7290110320850,false,פתיתים גבינה חצי קשה מגורדת 28% שומן,תנובה מרכז שיתופי לש,IL,פתיתי עמק,גרמים,200.00,100 גרם,false,1,12.90,6.45,true,1,
7290110320867,false,פתיתים גבינה חצי קשה מגורדת 28% שומן,תנובה מרכז שיתופי לש,IL,פתיתי עמק,גרמים,500.00,100 גרם,false,1,29.80,5.96,true,1,
7290110320935,false,פרוסות מוצרלה 150 גר`קולקשיין תנובה,תנובה מרכז שיתופי לש,IL,פרוסות מוצרלה,גרמים,150.00,100 גרם,false,1,13.50,9.00,true,1,
7290110321277,false,קוטג' בקטנה 5% תנובה 100 גרם מהדרין,פארייפאבה אגרואינדוס,IL,קוטג' בקטנה 5%,גרמים,100.00,100 גרם,false,1,2.20,2.20,true,1,
7290110321284,false,קוטג' בקטנה 9% תנובה 100 גרם מהדרין,פארייפאבה אגרואינדוס,IL,קוטג' בקטנה 9%,גרמים,100.00,100 גרם,false,1,2.20,2.20,true,1,
7290110321604,false,קוביות פיראוס בולגרית מעודנת 5% 200 גרם - רבנות,"תנובה בע""מ ***",IL,קוביות מעודנת 5%,גרמים,200.00,100 גרם,false,1,18.40,9.20,true,1,
7290110321680,false,יוגורט GO בטעם תות 20 גרם חלבון בגביע,מיוצר עי קונדיטוריית,IL,יופלה GO יוגורט,גרמים,200.00,100 גרם,false,1,4.80,2.40,true,1,
7290110321697,false,יוגורט GO בטעם אפרסק 20 גרם חלבון בגביע,מיוצר עי קונדיטוריית,IL,יופלה GO יוגורט,גרמים,200.00,100 גרם,false,1,4.80,2.40,true,1,
7290110321703,false,יוגורט עם פירות יער בתוספת חלבוני חלב 2% שומן,מיוצר עי קונדיטוריית,IL,יופלה GO יוגורט,גרמים,200.00,100 גרם,false,1,4.80,2.40,true,1,
7290110322014,false,טופו בטעם טבעי תנובה ALTERNATIVE,שוורצקוף& הנקל דיסלד,IL,טופו טבעי300 גרם,גרמים,300.00,100 גרם,false,1,10.60,3.53,true,1,
7290110322021,false,"תנובה טופו בזיליקום 300 גר' בד""צ",שוורצקוף& הנקל דיסלד,IL,טופו בזיליקום,גרמים,300.00,100 גרם,false,1,10.60,3.53,true,1,
7290110322038,false,טופו בטעם פיקנטי 300 גר`תנובה,"תנובה בע""מ ***",IL,טופו פיקנטי,גרמים,300.00,100 גרם,false,1,10.60,3.53,true,1,
7290110322946,false,יופלה טיוב יוגורט במרקם חלק בטעם תות בננה כשרות רבנות 348 ג',תנובה - חלב,IL,יופלה טיוב 6 יח,גרמים,348.00,100 גרם,false,1,10.10,2.90,true,1,
7290110323073,false,"משקה יוגורט יופלה גו תות פטל 250 מ""ל - רבנות",מיוצר עי קונדיטוריית,IL,משקה יוגורט GO,מיליליטרים,250.00,"100 מ""ל",false,1,5.30,2.12,true,1,
7290110323301,false,טל העמק בסגנון אמנטל 32% שומן 200 גרם,"תנובה בע""מ ***",IL,גבינת טל העמק,גרמים,200.00,100 גרם,false,1,16.10,8.05,true,1,
7290110323585,false,יופלה יוגורט עם דובדבן מופחת קלוריות 200 ג' GO,"תנובה בע""מ ***",IL,יופלה GO דובדבן,גרמים,200.00,100 גרם,false,1,4.80,2.40,true,1,
7290110323592,false,יופלה יוגורט עם אפרסק מופחת קלוריות 200 ג' GO,תנובה בעמ ***,IL,יופלה GO אפרסק,גרמים,200.00,100 גרם,false,1,4.80,2.40,true,1,
7290110323714,false,משקה קוקוס שקדים תנובה E אלטרנטיב,מיוצר עי קונדיטוריית,IL,משקה קוקוס שקדים,ליטרים,1.00,ליטר,false,1,11.00,11.00,true,1,
7290110324353,false,יוגורט GO לייט בטעם אננס 20 גרם חלבון בגביע,מיוצר עי קונדיטוריית,IL,יופלה גו,גרמים,200.00,100 גרם,false,1,4.80,2.40,true,1,
7290110324551,false,יופלה טיוב יוגורט במרקם חלק תות כשרות מהדרין,"תנובה בע""מ ***",IL,יופלה טיוב תות,גרמים,348.00,100 גרם,false,1,10.10,2.90,true,1,
7290110324711,false,ממרח סויה 9% שומן בטעם טבעי תנובה 250 גרם,מיוצר עי קונדיטוריית,IL,ממרח סויה 9%,גרמים,250.00,100 גרם,false,1,8.40,3.36,true,1,
7290110324728,false,ממרח סויה 9% שומן עם שום שמיר תנובה 250 גרם,מיוצר עי קונדיטוריית,IL,ממרח סויה 9%,גרמים,250.00,100 גרם,false,1,8.40,3.36,true,1,
7290110324841,false,מעדן שקדים עם שוקולד מריר תנובה 125 גרם,מיוצר עי קונדיטוריית,IL,מעדן שקדים,גרמים,125.00,100 גרם,false,1,3.50,2.80,true,1,
7290110324858,false,מעדן שקדים בטעם אגוזי לוז תנובה 125 גרם,מיוצר עי קונדיטוריית,IL,מעדן שקדים,גרמים,125.00,100 גרם,false,1,3.50,2.80,true,1,
7290110324872,false,גבינה צהובה גלבוע (5% 200 גר`)תנובה,גלבוע - תנובה,IL,גלבוע 5%פרוסות,גרמים,200.00,100 גרם,false,1,15.30,7.65,true,1,
7290110324926,false,משקה סויה ללא תוספת סוכר E אלטרנטיב,תנובה מרכז שיתופי לש,IL,"משקה סויה ללת""ס",ליטרים,1.00,ליטר,false,1,9.30,9.30,true,1,
7290110325114,false,"משקה יוגורט יופלה גו לייט תות בננה 250 מ""ל - רבנות",מיוצר עי קונדיטוריית,IL,משקה יוגורט GO,מיליליטרים,250.00,"100 מ""ל",false,1,5.00,2.00,true,1,
7290110325169,false,פרוסות גאודה 170 גר`קולקשיין תנובה,תנובה בעמ ***,IL,פרוסות גאודה,גרמים,170.00,100 גרם,false,1,17.00,10.00,true,1,
7290110325305,false,יופלה GO סויה 20 גרם חלבון במתיקות מעודנת תנובה 200 גרם,מיוצר עי קונדיטוריית,IL,מעדן גו סויה,גרמים,200.00,100 גרם,false,1,4.80,2.40,true,1,
7290110325510,false,יופלה טיוב יוגורט במרקם חלק בטעם וניל-יוניקור,"תנובה בע""מ ***",IL,יופלה טיוב וניל,גרמים,348.00,100 גרם,false,1,10.10,2.90,true,1,
7290110325619,false,משקה שיבולת שועל תנובה E אלטרנטיב,מיוצר עי קונדיטוריית,IL,משקה שיבולת שועל,ליטרים,1.00,ליטר,false,1,11.00,11.00,true,1,
7290110325701,false,פיראוס צזיקי יווני 9% שומן בשיטת יצור מסורתית על בסיס יוגורט,גוד פוד פרודקטס S.p,IL,צזיקי יווני,גרמים,250.00,100 גרם,false,1,11.00,4.40,true,1,
7290110325893,false,משקה חלב GO מועשר בחלבון בטעם אייס קפה,מיוצר עי קונדיטוריית,IL,אייס קפה GO,מיליליטרים,340.00,"100 מ""ל",false,1,6.50,1.91,true,1,
7290110326227,false,יופלה און טופ קורנפלקס תנובה 157 גרם,מיוצר עי קונדיטוריית,IL,יופלה און טופ,גרמים,157.00,100 גרם,false,1,4.10,2.61,true,1,
7290110326234,false,יופלה און טופ כוכבים תנובה 157 גרם,מיוצר עי קונדיטוריית,IL,יופלה און טופ,גרמים,157.00,100 גרם,false,1,4.10,2.61,true,1,
7290110326241,false,יופלה און טופ גרנולה תנובה 157 גרם,מיוצר עי קונדיטוריית,IL,יופלה און טופ,גרמים,157.00,100 גרם,false,1,4.10,2.61,true,1,
7290110326333,false,פרוסות גבינה סקנדינבית 170 גר`קולקשיין,"תנובה בע""מ ***",IL,גבינה סקנדינבית,גרמים,170.00,100 גרם,false,1,17.00,10.00,true,1,
7290110326906,false,חלב נטול לקטוז 3% שומן( 1 ליטר)תנובה,מיוצר עי קונדיטוריית,IL,חלב נטול לקטוז,ליטרים,1.00,ליטר,false,1,6.30,6.30,true,1,
7290110326982,false,משקה חלב עם שוקולד קלאסי יולו 1 ליטר,תנובה מרכז שיתופי לש,IL,יולו משקה חלב,ליטרים,1.00,ליטר,false,1,10.90,10.90,true,1,
7290110327033,false,משקה סויה תנובה גו מועשר בחלבון במתיקות מופחתת,מיוצר עי קונדיטוריית,IL,משקה סויה מועשר,ליטרים,1.00,ליטר,false,1,11.00,11.00,true,1,
7290110327545,false,יופלה און טופ בטעם תות בתוספת פצפוצים מצופים שוקולד 157 גרם,מיוצר עי קונדיטוריית,IL,יופלה און טופ,גרמים,157.00,100 גרם,false,1,4.10,2.61,true,1,
7290110327590,false,"GO אבקת חלבון בטעם וניל 2.27 ק""ג",בעמק טכנולוגיות מתקדמות,IL,אבקה חלבון,קילוגרמים,2.27,"ק""ג",false,1,255.50,112.56,true,1,
7290110327620,false,"GO אבקת חלבון ללא תוספת טעם 2.27 ק""ג",בעמק טכנולוגיות מתקדמות,IL,אבקה חלבון,קילוגרמים,2.27,"ק""ג",false,1,255.50,112.56,true,1,
7290110327798,false,חטיף חלבון GO - שוקולד 60 ג' חלב נוכרי - רבנות,"בלמונט קונפקציות בע""\מ.",US,חטיף חלבון,גרמים,60.00,100 גרם,false,1,11.00,18.33,true,1,
7290110327804,false,חטיף חלבון GO - עוגיות 60 ג' חלב נוכרי - רבנות,"בלמונט קונפקציות בע""\מ.",US,חטיף חלבון,גרמים,60.00,100 גרם,false,1,11.00,18.33,true,1,
7290110327811,false,חטיף חלבון GO בטעם בצק קוקוס 20 גר`חלבו,"בלמונט קונפקציות בע""\מ.",US,חטיף חלבון,גרמים,60.00,100 גרם,false,1,11.00,18.33,true,1,
7290110327828,false,חטיף חלבון GO - חמאת בוטנים 60 ג' חלב נוכרי - רבנות,"בלמונט קונפקציות בע""\מ.",US,חטיף חלבון,גרמים,60.00,100 גרם,false,1,11.00,18.33,true,1,
7290110328016,false,משקה סויה מועשר בחלבון בטעם אגוזי לוז 250 גרם,תנובה מרכז שיתופי לש,,משקה סויה,יחידה,1.00,יחידה,false,0,5.90,5.90,true,1,
7290110328504,false,טריו - מיקס גבינות מוצרלה סקנדינבית וגאודה 300 גרם,מיוצר עי קונדיטוריית,IL,טריו פתיתי גבינה,גרמים,300.00,100 גרם,false,1,22.90,7.63,true,1,
7290110328610,false,משקה אורז ושקדים בריסטה אלטרנטיב 1 ליטר,תנובה Alternative,IL,משקה אורז ושקדים,ליטרים,1.00,ליטר,false,1,11.00,11.00,true,1,
7290110328627,false,יוגורט יופלה GO במרקם סמיך בטעם בננה קרמל 0%,מיוצר עי קונדיטוריית,IL,יוגורט גו קרמי,גרמים,200.00,100 גרם,false,1,5.00,2.50,true,1,
7290110328764,false,יוגורט יופלה GO במרקם סמיך עם תות 0%,מיוצר עי קונדיטוריית,IL,יוגורט גו קרמי,גרמים,200.00,100 גרם,false,1,5.00,2.50,true,1,
7290110328771,false,יוגורט יופלה GO במרקם סמיך עם פירות יער 0%,מיוצר עי קונדיטוריית,IL,יוגורט גו קרמי,גרמים,200.00,100 גרם,false,1,5.00,2.50,true,1,
7290110328788,false,יוגורט יופלה GO במרקם סמיך בטעם אפרסק 0%,תנובה מרכז שיתופי לש,IL,יוגורט גו סמיך,גרמים,200.00,100 גרם,false,1,5.00,2.50,true,1,
7290110328955,false,קוביות גבינת עזים בשמן מתובל פיראוס 350 גרם,דודוני תעשיית החלב החקלא,GR,קוביות גבינת עז,גרמים,150.00,100 גרם,false,1,22.90,15.27,true,1,
7290110329136,false,מעדן חלב מעושר בחלבון בטעם שוקולד 120 ג' GO,תנובה מרכז שיתופי לש,IL,מעדן חלב גו,גרמים,120.00,100 גרם,false,1,4.10,3.42,true,1,
7290110329143,false,מעדן חלב מעושר בחלבון בטעם וניל גביע 120 ג' GO,תנובה מרכז שיתופי לש,IL,מעדן חלב גו,גרמים,120.00,100 גרם,false,1,4.10,3.42,true,1,
7290110329303,false,פרוסות בטעם צהובה קלאסית אלטרנטיב 200 גר,תנובה Alternative,IL,פרוסות צהובה,גרמים,200.00,100 גרם,false,1,18.70,9.35,true,1,
7290110329426,false,טופו טבעי עם רוטב קרם קוקוס קארי פיקנטי 250 גרם,תנובה - חלב,IL,טופו בתוספת קארי,גרמים,310.00,100 גרם,false,1,11.80,3.81,true,1,
7290110329686,false,משקה GO חלב בטעם עוגיות 27 גר`חלבון,מיוצר עי קונדיטוריית,IL,משקה חלב GO,מיליליטרים,340.00,"100 מ""ל",false,1,6.50,1.91,true,1,
7290110329716,false,משקה חלב קר בטעם קפוצ'ינו 230 גרם תנובה,תנובה מרכז שיתופי לש,IL,משקה קפה קר,גרמים,230.00,100 גרם,false,1,6.70,2.91,true,1,
7290110329723,false,משקה חלב קר בטעם לאטה 230 גרם תנובה,תנובה מרכז שיתופי לש,IL,משקה קפה קר לאטה,גרמים,230.00,100 גרם,false,1,6.70,2.91,true,1,
7290110329730,false,"משקה חלב עם שוקולד וקפה בסגנון לאטה 2.7%  230 מ""ל תנובה",תנובה מרכז שיתופי לש,IL,משקה חלב שוקולד,גרמים,230.00,100 גרם,false,1,6.70,2.91,true,1,
7290110329792,false,יוגורט סויה BIO Alternative אפרסק 150 ג' תנובה,מיוצר עי קונדיטוריית,IL,מעדן סויה ביו,גרמים,150.00,100 גרם,false,1,4.10,2.73,true,1,
7290110329808,false,יוגורט סויה BIO Alternative תות 150 ג' תנובה,מיוצר עי קונדיטוריית,IL,מעדן סויה ביו,גרמים,150.00,100 גרם,false,1,4.10,2.73,true,1,
7290110329815,false,סויה BIO מתיקות מעודנת גביע 150 גרם אלטרנטיב,מיוצר עי קונדיטוריית,IL,מעדן סויה ביו,גרמים,150.00,100 גרם,false,1,4.10,2.73,true,1,
7290110329822,false,יוגורט סויה BIO Alternative פירות יער 150 ג' תנובה,מיוצר עי קונדיטוריית,IL,מעדן סויה ביו,גרמים,150.00,100 גרם,false,1,4.10,2.73,true,1,
7290110329846,false,יוגורט סויה BIO Alternative בטעם טבעי 150 ג' תנובה,מיוצר עי קונדיטוריית,IL,מעדן ביו טבעי,גרמים,150.00,100 גרם,false,1,4.10,2.73,true,1,
7290110329914,false,מאגדת משקה שיבולת שועל ושקדים 100 גרם*6 יח' ביו אלטרנטיב,תנובה מרכז שיתופי לש,IL,משקה שיבולת שועל,גרמים,600.00,100 גרם,false,1,17.00,2.83,true,1,
7290110550219,false,מטבעות שוקולד לבן לאפיה 400 גרם עלית,שטראוס גרופ בע`מ,IL,מטבעות שוקולד,מיליליטרים,400.00,"100 מ""ל",false,1,25.50,6.38,true,1,
7290110550226,false,מטבעות שוקולד מריר לאפיה 400 גרם עלית,שטראוס גרופ בע`מ,IL,מטבעות שוקולד,גרמים,400.00,100 גרם,false,1,25.50,6.38,true,1,
7290110551254,false,נשנושי תירס 600 גרם טעם הטבע שטראוס,"מיוצר ע""\י או.וי אינטרנש",TH,נשנושי תירס,גרמים,600.00,100 גרם,false,1,14.90,2.48,true,1,
7290110552121,false,יוגורט 5% בתוספת סידן וויטמין D היוגורט הראשון שלי,שטראוס גרופ בעמ/מצונן,IL,היוגורט הראשון,גרמים,100.00,100 גרם,false,1,1.90,1.90,true,1,
7290110552220,false,יוגורט PRO בטעם תות 0% סוכר לבן 20 גרם חלבון בגביע,שטראוס גרופ בעמ/מצונן,IL,דנונה פרו חלבון,גרמים,200.00,100 גרם,false,1,5.00,2.50,true,1,
7290110552237,false,יוגורט פרו בטעם אפרסק מנגו ללא סוכר 200 ג' דנונה,שטראוס גרופ בעמ/מצונן,IL,דנונה פרו חלבון,גרמים,200.00,100 גרם,false,1,5.00,2.50,true,1,
7290110553104,false,נסקפה קפוצ'ינו סטיק קלאסי 130 ג' עלית,שטראוס גרופ בע`מ,PL,קפוצ'ינו סטיק,גרמים,130.00,100 גרם,false,1,15.30,11.77,true,1,
7290110553135,false,נסקפה קפוצ'ינו סטיק וניל 130 ג' עלית,שטראוס גרופ בע`מ,PL,קפוצ'ינו סטיק,גרמים,130.00,100 גרם,false,1,15.30,11.77,true,1,
7290110553425,false,קפה נמס 200 גרם +20% תוספת עלית,שטראוס קפה בי.וי,IL,קפה נמס,גרמים,240.00,100 גרם,false,1,17.00,7.08,true,1,
7290110553623,false,צ'יטוס קראנצ'י בטעם צ'דר חלפיניו - חלבי,"שטראוס פריטו ליי בע""\מ )",IL,צי'טוס קראנץ,גרמים,80.00,100 גרם,false,1,3.80,4.75,true,1,
7290110554095,false,דבש לחיץ 440 גרם,מכוורת יד מרדכי שטראוס ב,IL,דבש לחיץ,גרמים,440.00,100 גרם,false,1,19.50,4.43,true,1,
7290110554118,false,נודלס מלזי חריף עם טופו וירקות ברוטב קארי ירוק,קפוא-זן תעשיות מזון בעמ - תפוג,IL,נודלס מלזי חריף,גרמים,350.00,100 גרם,false,1,20.40,5.83,true,1,
7290110554422,false,פומודורו רוטב עגבניות ופלפלים לשקשוקה לפסטה יד מרדכי 350 גרם,אמיליאנה קונסרב סוסייטה,IT,רוטב לשקשוקה,גרמים,350.00,100 גרם,false,1,10.10,2.89,true,1,
7290110554583,false,מארז חטיפי צ'יטוס פאפס בטעם גבינה - 10 יחידות,"שטראוס פריטו ליי בע""\מ )",IL,צ'יטוס פאפס 10יח,גרמים,200.00,100 גרם,false,1,11.00,5.50,true,1,
7290110554699,false,"קפה עולה קפסולות אספרסו קלייה איטית וכהה מאוד, 10 * 50 ג'",שטראוס קפה בי.וי.,IL,קפסולות בית קליה,גרמים,50.00,100 גרם,false,1,16.10,32.20,true,1,
7290110554705,false,קפסולות נספרסו לקפה יוניקו סדרת בתי הקלייה 10יח,שטראוס קפה בי.וי.,IL,קפסולות בית קליה,גרמים,50.00,100 גרם,false,1,16.10,32.20,true,1,
7290110554712,false,"קפסולות קפה אספרסו קלייה איטית ובהירה, 10 * 50 ג'",שטראוס קפה בי.וי.,IL,קפסולות בית קליה,גרמים,50.00,100 גרם,false,1,16.10,32.20,true,1,
7290110554729,false,קפסולות עלית אספרסו 04 תואמות למכונות NESPRESSO,שטראוס קפה בי.וי.,IL,קפסולות מס' 4,גרמים,50.00,100 גרם,false,1,14.10,28.20,true,1,
7290110554798,false,פולי אספרסו עשירים וארומטיים עוצמה 8 עלית 250 גרם,שטראוס קפה בי. וי.,IL,פולי קפה אספרסו,גרמים,250.00,100 גרם,false,1,18.70,7.48,true,1,
7290110555078,false,לאבנה עם שמן זית ועשבי תיבול שטראוס 250 גרם,שטראוס גרופ בעמ/מצונן,IL,לאבנה,גרמים,250.00,100 גרם,false,1,9.40,3.76,true,1,
7290110555092,false,לאבנה עם שמן זית וצ'ילי שטראוס 250 גרם,שטראוס גרופ בעמ/מצונן,IL,לאבנה,גרמים,250.00,100 גרם,false,1,9.40,3.76,true,1,
7290110555306,false,רבע לשבע טבעוני סינמון באן עלית 125 גרם,"הגביע מוצרי וופלים בע""\מ",IL,רב לשבע טבעוני,גרמים,125.00,100 גרם,false,1,9.30,7.44,true,1,
7290110555603,false,ספלנדיד אבקה להכנת משקה בטעם שוקולטה,שטראוס גרופ בע`מ,GR,שוקולוטה ספלנדיד,גרמים,360.00,100 גרם,false,1,19.50,5.42,true,1,
7290110555788,false,נסקפה קפוצ'ינו פחית וניל 200 ג' עלית,שטראוס גרופ בע`מ,PL,קפוצ'ינו וניל,גרמים,200.00,100 גרם,false,1,20.60,10.30,true,1,
7290110555795,false,נסקפה קפוצ'ינו פחית קלאסי 200 ג' עלית,שטראוס גרופ בע`מ,PL,קפוצ'ינו קלאסי,גרמים,200.00,100 גרם,false,1,20.60,10.30,true,1,
7290110556242,false,"שוקולד מריר פרווה 100 גר' בד""ץ תוצרת חוץ","שטראוס גרופ בע""מ.",FR,שוקולד פרה מריר,גרמים,100.00,100 גרם,false,1,4.70,4.70,true,1,
7290110557027,false,חומוס עשיר 50% טחינה גולמית 400 ג' אחלה,שטראוס גרופ בעמ/מצונן,IL,חומוס עשיר 50% ט,גרמים,400.00,100 גרם,false,1,11.80,2.95,true,1,
7290110557102,false,מעדן חלב עם שוקולד מועשר בחלבון 150 ג' שטראוס,שטראוס גרופ בעמ/מצונן,IL,מעדן שוקולד פרו,גרמים,150.00,100 גרם,false,1,4.50,3.00,true,1,
7290110557133,false,מעדן הגולן וניל 125 ג' שטראוס,שטראוס גרופ בעמ/מצונן,IL,מעדן הגולן וניל,גרמים,125.00,100 גרם,false,1,2.70,2.16,true,1,
7290110557317,false,יוגורט בתוספת סידן וויטמין ד עם שיבולת שועל 100 ג' דנונה,שטראוס גרופ בעמ/מצונן,IL,היוגורט הראשון,גרמים,100.00,100 גרם,false,1,1.90,1.90,true,1,
7290110557478,false,חומוס גלילי במרקם מעודן 600 גרם,שטראוס גרופ בעמ/מצונן,IL,חומוס גלילי,גרמים,600.00,100 גרם,false,1,11.00,1.83,true,1,
7290110558130,false,יוגורט אקטיביה עם שיבולת שועל ודבש 150 גרם,שטראוס גרופ בעמ/מצונן,IL,אקטיביה,גרמים,150.00,100 גרם,false,1,3.90,2.60,true,1,
7290110558154,false,דנונה לייט אנד פרי עוגת תפוחים 150ג דנונה,שטראוס גרופ בעמ/מצונן,IL,דנונה לייט,גרמים,150.00,100 גרם,false,1,3.80,2.53,true,1,
7290110558222,false,"וואו יוגורט עם שכבה בטעם בנופי פאי 5.4%, 150ג דנונה",שטראוס גרופ בעמ/מצונן,IL,דנונה WOW בנופי,גרמים,150.00,100 גרם,false,1,4.10,2.73,true,1,
7290110558239,false,"וואו יוגורט עם שכבה בטעם קראק פאי 5.4%, 150 ג דנונה",שטראוס גרופ בעמ/מצונן,IL,דנונה WOW,גרמים,150.00,100 גרם,false,1,4.10,2.73,true,1,
7290110558253,false,דנונה שייק נונה ריפרש בננה אננס וצ'יה,שטראוס גרופ בעמ/מצונן,IL,יוגורט ריפרש,גרמים,250.00,100 גרם,false,1,5.00,2.00,true,1,
7290110558284,false,דנונה ביו מולטי שטראוס 200 גרם,שטראוס גרופ בעמ/מצונן,IL,דנונה ביו מולטי,גרמים,200.00,100 גרם,false,1,3.60,1.80,true,1,
7290110558307,false,יוגורט דנונה PRO עם שיבולת שועל במתיקות מעודנת,שטראוס גרופ בעמ/מצונן,IL,דנונה פרו פלוס,גרמים,200.00,100 גרם,false,1,5.40,2.70,true,1,
7290110558314,false,דנונה פרו 20 גרם חלבון ללא סוכר פיסטוק 200 גרם,שטראוס גרופ בעמ/מצונן,IL,דנונה פרו,גרמים,200.00,100 גרם,false,1,5.00,2.50,true,1,
7290110558338,false,דנונה פרו 25 ג' חלבון 200 ג' שטראוס,שטראוס גרופ בעמ/מצונן,IL,דנונה פרו,גרמים,200.00,100 גרם,false,1,5.00,2.50,true,1,
7290110558666,false,מעדן גבינה בטעם תפוח 88 ג' דניאלה,שטראוס גרופ בעמ/מצונן,IL,דניאלה בטעם תפוח,גרמים,88.00,100 גרם,false,1,3.50,3.98,true,1,
7290110558918,false,עלי חסה קראנצ`שטופים 150 גר`טעם הטבע ש,שטראוס בריאות ירקות טריי,IL,עלי חסה קראנצ',גרמים,150.00,100 גרם,false,1,10.90,7.27,true,1,
7290110559748,false,ריל מאגדת שקדים קוקוס ושוקולד מריר שטראוס 105 גרם,"ואמואליס פודס אס.איי,",GR,חטיפי ריל אנרגי,גרמים,105.00,100 גרם,false,1,13.50,12.86,true,1,
7290110559755,false,ריל מאגדת בוטנים פיסטוק וחמוציות שטראוס 105 גרם,"ואמואליס פודס אס.איי,",GR,חטיפי ריל אנרגי,גרמים,105.00,100 גרם,false,1,13.50,12.86,true,1,
7290110559762,false,ריל מאגדת אגוזים תמרים קוקוס שטראוס 105 גרם,"ואמואליס פודס אס.איי,",GR,חטיפי ריל אנרג'י,גרמים,105.00,100 גרם,false,1,13.50,12.86,true,1,
7290110560300,false,"הפריכיות הטעימות חומוס, עדשים שחורות, קינואה ופלפל שחור",אנרג'י Energy - שטראוס,IL,פריכיות אנרג'י,גרמים,30.00,100 גרם,false,1,4.20,14.00,true,1,
7290110560317,false,"הפריכיות הטעימות חומוס, עדשים שחורות, קינואה ומלח ים","פרח תעשיו מזון בע""מ",IL,פריכיות אנרג'י,גרמים,30.00,100 גרם,false,1,4.20,14.00,true,1,
7290110560324,false,"הפריכיות הטעימות תפו""א, אורז, אפונה ומלח ים","פרח תעשיו מזון בע""מ",IL,פריכיות אנרג'י,גרמים,30.00,100 גרם,false,1,4.20,14.00,true,1,
7290110561352,false,דנונה יוגורט ביו פרוביוטי 3% דל לקטוז 150ג',שטראוס גרופ בעמ/מצונן,IL,דנונה דל לקטוז,גרמים,200.00,100 גרם,false,1,3.10,1.55,true,1,
7290110561604,false,מארז 8 יחידות מעדן גמדים בטעם תות בננה,שטראוס גרופ בעמ/מצונן,IL,גמדים תות בננה8י,גרמים,800.00,100 גרם,false,1,16.10,2.01,true,1,
7290110563431,false,"משקה קפה קר בסגנון קלאסי 230 מ""ל 1.6% יוטבתה",שטראוס גרופ בעמ/מצונן,AT,משקה אייס קפה,מיליליטרים,230.00,"100 מ""ל",false,1,6.70,2.91,true,1,
7290110563448,false,"משקה קפה קר בסגנון מעודן 230 מ""ל 1.6% יוטבתה",שטראוס גרופ בעמ/מצונן,AT,משקה אייס קפה,מיליליטרים,230.00,"100 מ""ל",false,1,6.70,2.91,true,1,
7290110563462,false,חלב 2% דל לקטוז בבקבוק יטבתה 1 ליטר.,שטראוס גרופ בעמ/מצונן,IL,חלב נטול לקטוז,ליטרים,1.00,ליטר,false,1,7.00,7.00,true,1,
7290110564339,false,חומוס אחלה הסידרה המובחר 30% טחינה 400 גר',שטראוס גרופ בעמ/מצונן,IL,חומוס בטחינה,גרמים,400.00,100 גרם,false,1,11.80,2.95,true,1,
7290110564360,false,חומוס אחלה הסידרה המובחר 40% טחינה 400 גר',שטראוס גרופ בעמ/מצונן,IL,חומוס בטחינה,גרמים,400.00,100 גרם,false,1,11.80,2.95,true,1,
7290110564414,false,חומוס אחלה הסידרה המובחר 30% טחינה 600 גר',שטראוס גרופ בעמ/מצונן,IL,חומוס 30% טחינה,גרמים,600.00,100 גרם,false,1,12.70,2.12,true,1,
7290110564742,false,"משקה קפה קר בסגנון חזק 230 מ""ל 1.2% יוטבתה",שטראוס גרופ בעמ/מצונן,AT,משקה אייס קפה,מיליליטרים,230.00,"100 מ""ל",false,1,6.70,2.91,true,1,
7290110564919,false,"דנונה מתיקות מעודנת לל""ס וממתיק 150גר",שטראוס גרופ בעמ/מצונן,IL,דנונה מעודן,גרמים,150.00,100 גרם,false,1,3.30,2.20,true,1,
7290110565435,false,מעדן ג`לי בטעם פטל חלבי שטראוס (125 גרם,שטראוס גרופ בעמ/מצונן,IL,לימבו פטל,גרמים,125.00,100 גרם,false,1,1.70,1.36,true,1,
7290110565527,false,יוגורט PRO פרו 1.5% 20 גרם חלבון בגביע,שטראוס גרופ בעמ/מצונן,IL,דנונה פרו חלבון,גרמים,200.00,100 גרם,false,1,5.00,2.50,true,1,
7290110565572,false,מארז קפה טורקי עלית לדרך עם הל 168 גרם,שטראוס קפה בי.וי.,IL,קפה טורקי לדרך,גרמים,168.00,100 גרם,false,1,16.10,9.58,true,1,
7290110566975,false,דנונה פרו יוגורט 0% תות עשיר בחלבון 200ג',שטראוס גרופ בעמ/מצונן,IL,דנונה פרו חלבון,גרמים,200.00,100 גרם,false,1,5.00,2.50,true,1,
7290110567057,false,צנצנת מסטיק מאסט קוביות מנטה חזקה 66 ג' עלית,"שטראוס גרופ בע""מ",DE,מסטיק מאסט,גרמים,66.00,100 גרם,false,1,8.40,12.73,true,1,
7290110568276,false,"משקה יוטבתה פרו וניל לשתיה 350מ""ל",שטראוס גרופ בעמ/מצונן,DE,משקה פרו וניל,גרמים,350.00,100 גרם,false,1,5.50,1.57,true,1,
7290110568559,false,דוריטוס עלית מארז חמוץ חריף 10 יח' *25 ג',"שטראוס פריטו ליי בע""מ )פ",IL,דוריטוס 10 יח,גרמים,250.00,100 גרם,false,1,11.80,4.72,true,1,
7290110568566,false,דוריטוס גריל עלית מארז 10 יח' *25 ג',"שטראוס פריטו ליי בע""מ )פ",IL,דוריטוס 10 יח,גרמים,250.00,100 גרם,false,1,11.80,4.72,true,1,
7290110570224,false,משקה קפה קר בטעם עוגיות (230 גר`) יטבתה,שטראוס גרופ בעמ/מצונן,AT,משקה קפה קר,מיליליטרים,230.00,"100 מ""ל",false,1,6.70,2.91,true,1,
7290110571382,false,מעדן חלב בטעם וניל מעושר בחלבון 150 ג' שטראוס,שטראוס גרופ בעמ/מצונן,IL,מעדן פרו,גרמים,150.00,100 גרם,false,1,4.50,3.00,true,1,
7290110571535,false,מארז קפה טורקי הל עלית 300 גרם,שטראוס קפה בי.וי.,IL,עלית טורקי הל,גרמים,300.00,100 גרם,false,1,21.20,7.07,true,1,
7290110572129,false,כיף כף מקלות שוקולד לבן 40 ג' עלית,סולן בעבור שטראוס,TR,כיף כף מקלות,גרמים,40.00,100 גרם,false,1,4.10,10.25,true,1,
7290110572884,false,"קפסולות קפה מספר 20 למכונת אספרס אספרסו, 50 גרם",שטראוס קפה בי.וי.,IL,קפסולות קפה,גרמים,50.00,100 גרם,false,1,14.10,28.20,true,1,
7290110572969,false,כיף כף פצפצים עלית קרם לבן (40 גר`),שולן צ'\יקולטה גידה סאן.,TR,כיף כף פצפצים,גרמים,40.00,100 גרם,false,1,4.10,10.25,true,1,
7290110576356,false,"שוקולד ספלנדיד מריר 64% - חלבי , מפולי קקאו מפרו",שטראוס גרופ בע`מ,BE,שוקולד ספלנדיד,גרמים,100.00,100 גרם,false,1,7.60,7.60,true,1,
7290110576752,false,טבלאות שוקולד ספלנדיד מריר 70% 100 ג' עלית,שטראוס גרופ בע`מ,BE,שוקולד ספלנדיד,גרמים,100.00,100 גרם,false,1,8.50,8.50,true,1,
7290110576776,false,טבלאות שוקולד ספלנדיד מריר 85% 100 ג' עלית,שטראוס גרופ בע`מ,BE,שוקולד ספלנדיד,גרמים,100.00,100 גרם,false,1,8.50,8.50,true,1,
7290110576790,false,סקי בטעם מוקה 3% (125 גר`) דנונה,שטראוס גרופ בעמ/מצונן,IL,סקי בטעם מוקה,גרמים,125.00,100 גרם,false,1,3.10,2.48,true,1,
7290110576868,false,רבעיית גמדים סלט פירוט * 100 ג' שטראוס,שטראוס גרופ בעמ/מצונן,IL,גמדים 4 יח,גרמים,400.00,100 גרם,false,1,8.50,2.13,true,1,
7290111093432,false,דר עור חמאת גוף אנטי אייגינג בניחוח סחלב,ניאופארם,IL,חמאת גוף 250,מיליליטרים,250.00,"100 מ""ל",false,1,17.00,6.80,true,1,
7290111093982,false,"טרופיקל תחליב רחצה פסיפלורה ואינקה אינצ'י 700 מ""ל דר' עור","אמיליה קוסמטיקס בע""\מ",IL,תחליב רחצה,מיליליטרים,700.00,"100 מ""ל",false,1,14.40,2.06,true,1,
7290111340109,false,דיפנד - מגן תחתון לנשים אקטיב 22 יח',קימברלי קלארק ישראל שיווק בעמ,CN,מגן תחתון דיפנד,יחידה,1.00,יחידה,false,1,18.70,18.70,true,1,
7290111340185,false,מטליות לחות רצפה ניחוח מרכך כביסה ניקול 10 יחידות,קימברלי קלארק ישראל שיווק בעמ,IL,מטליות לרצפה,יחידה,1.00,יחידה,false,1,9.30,9.30,true,1,
7290111341366,false,מפיות אירוח איכותיות ונעימות למגע ניקול,קימברלי קלארק ישראל שיווק בעמ,SK,מפיות אירוח,יחידה,1.00,יחידה,false,1,6.70,6.70,true,1,
7290111341434,false,תחבושות דיפנד נורמל אקטיב לנשים 12 יח,קימברלי קלארק ישראל שיווק בעמ,VN,תחבושות דיפנד,יחידה,1.00,יחידה,false,1,18.70,18.70,true,1,
7290111341991,false,מגבוני טואלט לח סופרים לילי 48 יח',קימברלי קלארק ישראל שיווק בעמ,IL,נייר טואלט לח,יחידה,1.00,יחידה,false,1,6.70,6.70,true,1,
7290111342004,false,מגבוני נייר טואלט לחים 56 דף דיספנסר,קימברלי קלארק ישראל שיווק בעמ,IL,נ.טואלט לח קידס,יחידה,1.00,יחידה,false,1,6.70,6.70,true,1,
7290111342042,false,ניקול כריות יפניות אנטיבקטריאלי 4 יחידות,קימברלי קלארק ישראל שיווק בעמ,IL,כריות יפניות,יחידה,1.00,יחידה,false,1,10.10,10.10,true,1,
7290111342738,false,לילי - מגבוני נייר טואלט לח קידס רביעייה,קימברלי קלארק ישראל שיווק בעמ,IL,נייר טואלט לח4יח,יחידה,1.00,יחידה,false,1,17.00,17.00,true,1,
7290111343117,false,קלינקס ממחטות לושן סופט פק זוגות 140דף,קימברלי קלארק ישראל שיווק בעמ,IL,קלינקס ממחטות,יחידה,1.00,יחידה,false,1,10.10,10.10,true,1,
7290111343124,false,נייר טואלט לילי דאבל 24ג,חוגלה קימברלי,IL,נייר ט.לילי דאבל,מטרים,883.00,100 מטר,false,1,42.60,4.82,true,1,
7290111343483,false,קוטקס יאנג נייט תחבושות עם כנפיים 20 יח,חוגלה,CZ,תחבושות קוטקס,יחידה,1.00,יחידה,false,1,16.10,16.10,true,1,
7290111343759,false,דיפנד תחתונים סופגים XL נשים 9 יח,קימברלי קלארק ישראל שיווק בעמ,CZ,דיפנד תחתון סופג,יחידה,1.00,יחידה,false,1,46.90,46.90,true,1,
7290111343797,false,מטליות לחות לניקוי חלונות 48 יח' ניקול,קימברלי קלארק ישראל שיווק בעמ,IL,מטליות לחלונות,יחידה,1.00,יחידה,false,1,10.10,10.10,true,1,
7290111343841,false,ניקול ספוגית הקסם נירוסטה 3 יחידות,קימברלי קלארק ישראל שיווק בעמ,CN,ספוגית הקסם,יחידה,1.00,יחידה,false,1,10.10,10.10,true,1,
7290111343858,false,ניקול מטליות לחות לרצפה אנטיבקרטריאלי 10 יחידות,קימברלי קלארק ישראל שיווק בעמ,IL,מטליות לרצפה,יחידה,1.00,יחידה,false,1,11.80,11.80,true,1,
7290111344145,false,ניקול זוג מטליות מיקרופייבר אנטיבקטריאליות לרצפה,קימברלי קלארק ישראל שיווק בעמ,CN,מטלית רצפה,יחידה,1.00,יחידה,false,1,25.50,25.50,true,1,
7290111344206,false,האגיס נטורל קר מגבונים לחים בבישום עדין רביעייה,קימברלי קלארק ישראל שיווק בעמ,IL,מגבונים האגיס 4*,יחידה,1.00,יחידה,false,1,17.00,17.00,true,1,
7290111344503,false,חיתולי האגיס אקסטרה קייר מידה +4 36 יח',קימברלי קלארק ישראל שיווק בעמ,CZ,האגיס אקסטרה קר,יחידה,1.00,יחידה,false,1,42.60,42.60,true,1,
7290111344732,false,קלינקס - טיישו אלרג'י קומפורט ניילון זוגות 140 דף,קימברלי קלארק ישראל שיווק בעמ,IL,קלינקס זוג,יחידה,1.00,יחידה,false,1,13.50,13.50,true,1,
7290111344824,false,מגן תחתון קוטקס אקסטרא אנטיבקטריאלי לארג',קימברלי קלארק ישראל שיווק בעמ,CN,מגן תחתון קוטקס,יחידה,1.00,יחידה,false,1,17.00,17.00,true,1,
7290111344831,false,קוטקס - מגיני יום אקסטרא פרוטקט נורמל ביג 60 יח',קימברלי קלארק ישראל שיווק בעמ,CN,מגן תחתון קוטקס,יחידה,1.00,יחידה,false,1,17.00,17.00,true,1,
7290111344855,false,קוטקס - מגיני יום אקסטרא פרוטקט לארג' ביג 52 יח',קימברלי קלארק ישראל שיווק בעמ,CN,מגן תחתון קוטקס,יחידה,1.00,יחידה,false,1,17.00,17.00,true,1,
7290111344930,false,מטליות לחות לרצפה בניחוח כביסה ארומתרפיה ניקול 10 יח',קימברלי קלארק ישראל שיווק בעמ,IL,מטליות רצפה לחות,יחידה,1.00,יחידה,false,1,9.30,9.30,true,1,
7290111344978,false,ניקול רדיד אלומיניום חסכוני 61 מטר עבה ב,קימברלי קלארק ישראל שיווק בעמ,IL,רדיד אלומיניום,מטרים,61.00,מטר,false,1,31.50,0.52,true,1,
7290111345012,false,תבנית אפייה מקרטון יום הולדת 4 יח,,IL,תבניות יומולדת,יחידה,1.00,יחידה,false,1,12.70,12.70,true,1,
7290111345050,false,כרית מיקרופייבר דו צדדית לניקוי עדין,קימברלי קלארק ישראל שיווק בעמ,CN,כריות דו צדדיות,יחידה,1.00,יחידה,false,1,10.50,10.50,true,1,
7290111345760,false,תחבושות נטורל דואו סופר 18 יח' קוטקס,קימברלי קלארק ישראל שיווק בעמ,CZ,תחבושות קוטקס,יחידה,1.00,יחידה,false,1,16.10,16.10,true,1,
7290111350719,false,חטיף נאצוס הוטפופ בסגנון מסעדות 322 גר,ליימן שליסל בע`מ,US,חטיף נאצ'וס,גרמים,322.00,100 גרם,false,1,14.40,4.47,true,1,
7290111350726,false,חטיף נאצוס הוטפופ בסגנון מקסיקני 322 גר,ליימן שליסל בע`מ,US,חטיף נאצ'וס,גרמים,322.00,100 גרם,false,1,14.40,4.47,true,1,
7290111352966,false,יוגטה סוכריות ממולאות בטעם פירות 250 גרם ללא ג'לטין,ליימן שליסל בע`מ,TR,סוכריות ממולאות,גרמים,250.00,100 גרם,false,1,5.90,2.36,true,1,
7290111352973,false,יוגוטה קוביות חמוצות ממולאות בטעם פירות,ליימן שליסל בע`מ,TR,סוכריות קוביות,גרמים,220.00,100 גרם,false,1,5.90,2.68,true,1,
7290111353055,false,"גומי דובי 200 גר' וסטהיים (כש""לפ בית יוסף)",טופגם תעשיות ממתקים,TR,סוכריות גומי דוב,גרמים,200.00,100 גרם,false,1,8.40,4.20,true,1,
7290111353079,false,יוגטה סוכריות גומי דובונים קופסא 180 גר,אפגאם תעשיות ממתקים,TR,סוכריות גומי,גרמים,180.00,100 גרם,false,1,8.40,4.67,true,1,
7290111353239,false,"גומי יין 200 גר' וסטהיים (כש""לפ בית יוסף)",טופגם תעשיות ממתקים,TR,סוכריות גומי יין,גרמים,200.00,100 גרם,false,1,8.40,4.20,true,1,
7290111353376,false,מארז 100 סוכריות מנטוס שמחות בטעם מנטה 250 גרם,פרפטי ואן מלה ברדה,NL,מנטוס שמחות,גרמים,250.00,100 גרם,false,1,12.70,5.08,true,1,
7290111353383,false,מארז 100 סוכריות מנטוס שמחות בטעם תות 250 גרם,פרפטי ואן מלה ברדה,NL,מנטוס שמחות,גרמים,250.00,100 גרם,false,1,12.70,5.08,true,1,
7290111425066,false,ג'ל רחצה ונילה וקקאו,ארמן,IL,ג'ל ר.ונילה קקאו,מיליליטרים,300.00,"100 מ""ל",false,0,17.80,5.93,true,1,
7290111564277,false,פריכיות דקות ונימוחות 3 דגנים פיטנס Fitness,קבוצת אוסם סחר שותפות מוגבלת,IL,פריכיות פיטנס,גרמים,120.00,100 גרם,false,1,9.30,7.75,true,1,
7290111564291,false,פריכיות דקות ונימוחות 3 דגנים וקינואה פיטנס Fitness,קבוצת אוסם סחר שותפות מוגבלת,IL,פריכיות פיטנס,גרמים,120.00,100 גרם,false,1,9.30,7.75,true,1,
7290111564956,false,"ביסלי במבה מיקס 200 גרם ""אסם""",קבוצת אוסם סחר שותפות מוגבלת,IL,ביסלי במבה מיקס,גרמים,200.00,100 גרם,false,1,7.60,3.80,true,1,
7290111565038,false,"לה קרמריה וניל קוקילידה בד""צ 1.4 ל'",נגה גלידות שותפות מוגבלת,IL,להקרמריה קוקיליד,ליטרים,1.40,ליטר,false,1,16.10,11.50,true,1,
7290111565502,false,ארטיק אוראו וניל ועוגיות סנדוויץ נסטלה 80 ג',נגה גלידות שותפות מוגבלת,IT,סנדוויץ אוראו,יחידה,1.00,יחידה,false,1,8.50,8.50,true,1,
7290111566103,false,טבעול פלאפל מרכיבים ביתיים בלבד 590 גרם,קבוצת אוסם סחר שותפות מוגבלת,IL,פלאפל ביתי,גרמים,590.00,100 גרם,false,1,27.20,4.61,true,1,
7290111566127,false,מאגדת אוראו מיני סנדוויץ' 6 יח' נסטלה,נגה גלידות שותפות מוגבלת,IT,מאגדת אוראו,גרמים,198.00,100 גרם,false,1,18.70,9.45,true,1,
7290111566240,false,שניצל דק מן הצומח בטעם צ'ילי חריף 700 גרם,קבוצת אוסם סחר שותפות מוגבלת,IL,שניצל דק בטעם צי,גרמים,564.00,100 גרם,false,1,27.20,4.82,true,1,
7290111566271,false,טבעול חטיפי תירס 657 גרם קפוא,קבוצת אוסם סחר שותפות מוגבלת,IL,חטיפי תירס טבעול,גרמים,657.00,100 גרם,false,1,25.50,3.88,true,1,
7290111566318,false,שניצל דק מן הצומח בטעם ביתי 700 גרם,קבוצת אוסם סחר שותפות מוגבלת,IL,שניצל דק מן הצומ,גרמים,564.00,100 גרם,false,1,27.20,4.82,true,1,
7290111566332,false,"נקניקיות וינר מן הצומח 680 גרם ""טבעול""",קבוצת אוסם סחר שותפות מוגבלת,IL,נקנ' וינר צמחוני,גרמים,680.00,100 גרם,false,1,27.20,4.00,true,1,
7290111566417,false,טבעול טחון מן הצומח משופר 400 גרם,קבוצת אוסם סחר שותפות מוגבלת,IL,טחון צמחוני טבעו,גרמים,500.00,100 גרם,false,1,27.20,5.44,true,1,
7290111566547,false,טבעול חזה בגריל צמחוני 99 קלוריות 560ג',קבוצת אוסם סחר שותפות מוגבלת,IL,חזה בגריל צמחוני,גרמים,560.00,100 גרם,false,1,27.20,4.86,true,1,
7290111566585,false,"שניצל צמחוני 99 קלוריות 650 גר' ""טבעול""",קבוצת אוסם סחר שותפות מוגבלת,IL,שניצל צמחוני,גרמים,650.00,100 גרם,false,1,27.20,4.18,true,1,
7290111566660,false,קציצות עדשים כתומות טבעול 530 גרם,קבוצת אוסם סחר שותפות מוגבלת,IL,קציצות עדשיםכתומ,גרמים,525.00,100 גרם,false,1,27.20,5.18,true,1,
7290111566691,false,"שניצל תרד 99 קלוריות 560 גרם ""טבעול""",קבוצת אוסם סחר-שות.מוגבלת,IL,שניצל תרד 99 קלו,גרמים,560.00,100 גרם,false,1,27.20,4.86,true,1,
7290111566714,false,טבעול המבורגר צמחוני 99 קלוריות 600 גרם,קבוצת אוסם סחר שותפות מוגבלת,IL,המבורגר צמחוני,גרמים,600.00,100 גרם,false,1,27.20,4.53,true,1,
7290111566752,false,טבעול שניצל תירס 99 קלוריות 693 גרם,קבוצת אוסם סחר שותפות מוגבלת,IL,שניצל תירס 99,גרמים,693.00,100 גרם,false,1,27.20,3.92,true,1,
7290111568206,false,ביסלי פארטי מיקס אסם 150 גר',קבוצת אוסם סחר שותפות מוגבלת,IL,ביסלי פארטי מיקס,גרמים,150.00,100 גרם,false,1,6.40,4.27,true,1,
7290111568275,false,אטריות נודלס אורז רחבות אסם אסייתי 300גרם,קבוצת אוסם סחר שותפות מוגבלת,TH,נודלס אטריות,גרמים,300.00,100 גרם,false,1,8.40,2.80,true,1,
7290111568466,false,רוטב אסייתי למוקפץ הסדרה האסייתית,קבוצת אוסם סחר שותפות מוגבלת,IL,רוטב אסיאתי,מיליליטרים,290.00,"100 מ""ל",false,1,11.00,3.79,true,1,
7290111775352,false,קטרקס חול לחתולים 6ליטר,בנטאס,AM,חול לחתולים,ליטרים,6.00,ליטר,false,1,38.40,6.40,true,1,
7290111775369,false,קטרקס חול לחתולים 6 ליטר,בנטאס,AM,חול לחתולים,ליטרים,6.00,ליטר,false,1,38.40,6.40,true,1,
7290111930799,false,קראנצ'וס טעם בצל 55גר,ש. שסטוביץ בע`מ,IL,קראנצ'וס בצל,גרמים,55.00,100 גרם,false,1,2.90,5.27,true,1,
7290111930805,false,קראנצ'וס טעם ברביקיו 55 גר',ש. שסטוביץ בע`מ,IL,קראנצ'וס ברביקיו,גרמים,55.00,100 גרם,false,1,2.90,5.27,true,1,
7290111930850,false,קראנצ'וס טעם פיצה 55גר',ש. שסטוביץ בע`מ,IL,קראנצ'וס פיצה,גרמים,70.00,100 גרם,false,1,2.90,4.14,true,1,
7290111930898,false,חטיף פוף כוכבים גריל אמריקאי 40 גרם,ש. שסטוביץ בע`מ,IL,פוף כוכבים גריל,גרמים,40.00,100 גרם,false,1,3.30,8.25,true,1,
7290111930904,false,חטיף פוף כוכבים בצל 40 גרם,ש. שסטוביץ בע`מ,IL,פוף כוכבים בצל,גרמים,40.00,100 גרם,false,1,3.30,8.25,true,1,
7290111930911,false,חטיף פוף לבבות קלאסי 40 גרם,ש. שסטוביץ בע`מ,IL,פוף לבבות רגיל,גרמים,40.00,100 גרם,false,1,3.30,8.25,true,1,
7290111930928,false,חטיף פוף לבבות גריל 40 גרם,ש. שסטוביץ בע`מ,IL,פוף לבבות גריל,גרמים,40.00,100 גרם,false,1,3.30,8.25,true,1,
7290111930935,false,חטיף פוף טבעות קלאסי 40 גרם,ש. שסטוביץ בע`מ,IL,פוף טבעות,גרמים,40.00,100 גרם,false,1,3.30,8.25,true,1,
7290111933998,false,קוקי תבנית אינגליקייק עם נייר אפיה 4יח,ש.שסטוביץ בעמ,CN,תבנית אינגליש+ני,יחידה,1.00,יחידה,false,1,11.00,11.00,true,1,
7290111935527,false,"מ. שיניים קולגייט טוטל קלין מיניט -זוג כשל""פ2*100 גרם",קולגייט פלמוליב,PL,משחת קולגייט,מיליליטרים,200.00,"100 מ""ל",false,1,25.50,12.75,true,1,
7290111935817,false,דאו ליידי ספיד סטיק סטיק דרמה פנינה 45 ג,ש.שסטוביץ בעמ,US,ליידי ספיד סטיק,גרמים,45.00,100 גרם,false,1,14.40,32.00,true,1,
7290111935961,false,מאסטר שף מחית עגבניות 690 גרם,פראנו אנריקו ופיגלי,IT,מחית עגבניות,גרמים,690.00,100 גרם,false,1,8.40,1.22,true,1,
7290111936203,false,"ליידי ספיד סטיק דרמה ספריי ויטמין אי 150 מ""ל",ליידי ספיד סטיק Lady Speed Stick,MX,ליידי ספיד סטיק,מיליליטרים,150.00,"100 מ""ל",false,1,11.80,7.87,true,1,
7290111936241,false,"ספריי גוף ספיד סטיק קול אנרגי 140 מ""ל",קולגייט פלמוליב,MX,ספיד סטיק ספריי,מיליליטרים,140.00,"100 מ""ל",false,1,17.00,12.14,true,1,
7290111936265,false,"ספריי גוף ספיד סטיק קול לייף 140 מ""ל",קולגייט פלמוליב,MX,ספיד סטיק ספריי,מיליליטרים,140.00,"100 מ""ל",false,1,17.00,12.14,true,1,
7290111936296,false,"פלמוליב סבון נוזלי בניחוח סנסיישן מסאז' ,750 מ""ל",קולגייט פלמוליב,TR,סבון פלמוליב,מיליליטרים,750.00,"100 מ""ל",false,1,17.00,2.27,true,1,
7290111936487,false,"קולגייט זוג משחת שיניים טוטל קלין להלבנה 100 מ""ל",קולגייט פלמוליב,PL,משחת קולגייט,מיליליטרים,200.00,"100 מ""ל",false,1,25.50,12.75,true,1,
7290111936784,false,פרי מארז חטיפים 5 יחידות תמרים ואגוזי לוז כשלפ,"טבעית מוצרים מהטבע בע""\מ",IL,חטיפי פרי 5 יח,גרמים,125.00,100 גרם,false,1,14.40,11.52,true,1,
7290111937088,false,"ליידי ספיד סטיק רול און אומגה 3 50 מ""ל",ליידי ספיד סטיק Lady Speed Stick,MX,ליידי ספיד סויק,מיליליטרים,50.00,"100 מ""ל",false,1,11.80,23.60,true,1,
7290111937095,false,"ליידי ספיד סטיק דרמה רול און אלוורה 50 מ""ל",ליידי ספיד סטיק Lady Speed Stick,MX,ליידי ספיד סויק,מיליליטרים,50.00,"100 מ""ל",false,1,11.80,23.60,true,1,
7290111937231,false,פרי מארז חטיפים 5 יחידות תמרים וקוקוס כשלפ,"טבעית מוצרים מהטבע בע""\מ",IL,חטיף פרי תמרים,גרמים,125.00,100 גרם,false,1,14.40,11.52,true,1,
7290111937262,false,מארז חמישיית חטיפי תמרים אגוזים ושברי קקאו פרי 125 גרם,"טבעית מוצרים מהטבע בע""\מ",IL,חטיפי פרי 5 יח,גרמים,125.00,100 גרם,false,1,14.40,11.52,true,1,
7290111937712,false,רדיד אלומיניום קוקי עטוף בנייר אפייה,ש. שסטוביץ בע`מ,CN,רדיד אלומיניום,יחידה,1.00,יחידה,false,1,11.00,11.00,true,1,
7290111938481,false,"רוטב סויה בהירה מאסטר שף 300 מ""ל",ש. שסטוביץ בע`מ,TH,רוטב סויה בהירה,מיליליטרים,300.00,"100 מ""ל",false,1,7.60,2.53,true,1,
7290111939143,false,קוקי נייר אפייה עגול קוטר 28,,IL,נייר אפייה,יחידה,1.00,יחידה,false,1,6.70,6.70,true,1,
7290112000286,false,"גל לניקוי אסלות סיליט באנג לימון 750 מ""ל",רקיט בנקיזר (ניר איסט) בעמ,PL,סיליט ג'ל אסלה,מיליליטרים,750.00,"100 מ""ל",false,1,8.40,1.12,true,1,
7290112000408,false,מנקה ומחטא עוצמתי לניקוי כללי בניחוח לימון,רקיט בנקיזר (ניר איסט) בעמ,PL,דטול ספריי ניקוי,מיליליטרים,750.00,"100 מ""ל",false,1,10.10,1.35,true,1,
7290112000729,false,ויט קרם להסרת שיער לגבר 200 מל,רקיט בנקיזר צרפת,FR,ויט קרם לגבר,מיליליטרים,200.00,"100 מ""ל",false,1,59.70,29.85,true,1,
7290112000736,false,פיניש טבליות AIO 80 יח` אריזת חיסכון,רקיט בנקיזר (ניר איסט) בעמ,PL,פיניש 80 טבליות,יחידה,1.00,יחידה,false,1,47.70,47.70,true,1,
7290112001023,false,"אירוויק ספרי אוטמטי מילוי תענוגות האביב 250 מ""ל",רקיט בנקיזר (ניר איסט) בעמ,GB,אירוויק מילוי,מיליליטרים,250.00,"100 מ""ל",false,1,13.50,5.40,true,1,
7290112001221,false,מנקה מכונת כביסה בניחוח נקי ורענן,רקיט בנקיזר (ניר איסט) בעמ,PT,קולון למכונה,מיליליטרים,250.00,"100 מ""ל",false,1,17.00,6.80,true,1,
7290112001436,false,"פיניש מנקה מדיח כלים בניחוח לימון 250 מ""ל",רקיט בנקיזר (ניר איסט) בעמ,PL,פיניש מנקה מדיח,מיליליטרים,250.00,"100 מ""ל",false,1,12.70,5.08,true,1,
7290112002044,false,טבליות פיניש מנקה מדיח 3 יח,רקיט בנקיזר (ניר איסט) בעמ,HU,פיניש מנקה מדיח,יחידה,1.00,יחידה,false,1,12.70,12.70,true,1,
7290112002099,false,קולון גל כביסה מרוכז 2.5 ליטר קלאסי,רקיט בנקיזר (ניר איסט) בעמ,IL,ג'ל כביסה קולון,ליטרים,2.50,ליטר,false,1,18.70,7.48,true,1,
7290112002228,false,"איירוויק ג'ל פחית בניחוח לבנדר, 70 גרם",רקיט בנקיזר,CN,אירוויק פחית,יחידה,1.00,יחידה,false,1,8.40,8.40,true,1,
7290112002235,false,איירויק פחית גל בניחוח ורדים,רקיט בנקיזר (ניר איסט) בעמ,CN,אירוויק פחית,יחידה,1.00,יחידה,false,1,8.40,8.40,true,1,
7290112002983,false,"סיליט באנג ניקוי כללי רכיבים טבעיים 750 מ""ל",רקיט בנקיזר (ניר איסט) בעמ,PL,סיליט עם חומצה,מיליליטרים,750.00,"100 מ""ל",false,1,17.00,2.27,true,1,
7290112003508,false,"מבשם אוויר אירוויק ספריי יער ועשבי בר 236 מ""ל",רקיט בנקיזר (ניר איסט) בעמ,PL,איירוויק ספריי,מיליליטרים,236.00,"100 מ""ל",false,1,13.50,5.72,true,1,
7290112003560,false,איירוויק בוטניקה נר ריחני בניחוח ורדים ו,רקיט בנקיזר (ניר איסט) בעמ,CN,אירוויק נר ריחני,גרמים,205.00,100 גרם,false,1,22.10,10.78,true,1,
7290112003843,false,"קלגון גל אנטי בקטריאלי 750 מ""ל",רקיט בנקיזר,IT,קלגון ג'ל,מיליליטרים,750.00,"100 מ""ל",false,1,25.50,3.40,true,1,
7290112004208,false,פיניש טבליות למדיח הכל ב 1 לימון 50 יחידות,רקיט בנקיזר (ניר איסט) בעמ,PL,פיניש לימון AIO,יחידה,1.00,יחידה,false,1,29.80,29.80,true,1,
7290112004413,false,"ספריי וניש קליה להסרת כתמים לבגדים לבנים 750 מ""ל",רקיט בנקיזר (ניר איסט) בעמ,PL,מסיר כתמים ספריי,מיליליטרים,750.00,"100 מ""ל",false,1,13.50,1.80,true,1,
7290112004468,false,דטול - מחטא כביסה לכותנה 1.50 ליטר,רקיט בנקיזר (ניר איסט) בעמ,IT,מחטא כביסה דטול,ליטרים,1.50,ליטר,false,1,11.00,7.33,true,1,
7290112004772,false,אירוויק מילוי מבשם חשמלי כביסה באוויר,רקיט בנקיזר (ניר איסט) בעמ,GB,אירוויק רפיל,מיליליטרים,19.00,"100 מ""ל",false,1,14.40,75.79,true,1,
7290112004970,false,פיניש אולטימייט קוואנטום 50 טבליות למדיח,רקיט בנקיזר (ניר איסט) בעמ,PL,פיניש אולטימייט,יחידה,1.00,יחידה,false,1,46.90,46.90,true,1,
7290112005045,false,וניש מסיר כתמים אבקה לכביסה לבנה 480 גרם,רקיט בנקיזר (ניר איסט) בעמ,IT,וניש אבקה לכביסה,גרמים,480.00,100 גרם,false,1,14.40,3.00,true,1,
7290112005052,false,וניש תוסף כביסה רב תכליתי לבגדים לבנים,רקיט בנקיזר (ניר איסט) בעמ,IT,וניש אבקה לכביסה,קילוגרמים,1.50,"ק""ג",false,1,34.10,22.73,true,1,
7290112005076,false,וניש תוסף כביסה רב תכליתי צבעוני 480 גרם,רקיט בנקיזר (ניר איסט) בעמ,IT,וניש אבקה לכביסה,גרמים,480.00,100 גרם,false,1,14.40,3.00,true,1,
7290112005083,false,וניש תוסף כביסה רב תכליתי לכביסה צבעונית,רקיט בנקיזר (ניר איסט) בעמ,IT,וניש אבקה לכביסה,קילוגרמים,1.50,"ק""ג",false,1,34.10,22.73,true,1,
7290112192561,false,"משחת שיניים פרודונטקס הגנה מלאה מרעננת הלבנה 75 מ""ל",ג'י.אס.קיי קונסיומר,IE,משחה פרודונטקס,מיליליטרים,75.00,"100 מ""ל",false,1,29.80,39.73,true,1,
7290112192578,false,משחת שיניים פרודונטקס אקסטרה פרש הגנה מלאה,ג'י.אס.קיי קונסיומר,IE,משחת פרודונטקס,מיליליטרים,75.00,"100 מ""ל",false,1,29.80,39.73,true,1,
7290112192875,false,"סנסודיין - משחת שיניים רגישות וחניכיים 75 מ""ל",סנסודיין Sensodyne,GB,משחת סנסודיין,מיליליטרים,75.00,"100 מ""ל",false,1,28.90,38.53,true,1,
7290112192882,false,"סנסודיין - משחת שיניים רגישות וחניכיים מלבינה 75 מ""ל",ג'י.אס.קיי קונסיומר,GB,משחת סנסודיין,מיליליטרים,75.00,"100 מ""ל",false,1,28.90,38.53,true,1,
7290112192998,false,סטייל מתולתלות קרם לחות לשיער מקורזל 400,גורי,IL,קרם לחות לשיער,מיליליטרים,400.00,"100 מ""ל",false,1,29.80,7.45,true,1,
7290112193278,false,"סטייל - שמפו מתולתלות לניקוי יסודי 600 מ""ל",א.ל.ארמן ייצור תמרוקים ב,IL,שמפו מתולתלות,מיליליטרים,600.00,"100 מ""ל",false,1,21.20,3.53,true,1,
7290112193285,false,"סטייל - מרכך מתולתלות מגביר לחות 600 מ""ל",א.ל.ארמן ייצור תמרוקים ב,IL,מרכך מתולתלות,מיליליטרים,600.00,"100 מ""ל",false,1,21.20,3.53,true,1,
7290112193339,false,"סטייל - ספריי מתותלות 150 מ""ל",א.ל.ארמן ייצור תמרוקים ב,IL,ספריי סטייל שיער,מיליליטרים,150.00,"100 מ""ל",false,1,29.80,19.87,true,1,
7290112195227,false,איטריות ביצים ד`ע`ות 500 גר`,גורי מוצרי צריכה 1991 בעמ,PL,איטריות ביצים,גרמים,500.00,100 גרם,false,1,11.80,2.36,true,1,
7290112330352,false,"יוגורט PRO בטעם וניל 0% , 20 גרם חלבון בגביע",שטראוס גרופ בעמ/מצונן,IL,דנונה פרו20 וניל,גרמים,200.00,100 גרם,false,1,5.00,2.50,true,1,
7290112330390,false,דנונה פרו פירות יער 20 גרם חלבון 0% שומן 200 גרם,שטראוס גרופ בעמ/מצונן,IL,דנונה פרו 0%,גרמים,200.00,100 גרם,false,1,5.00,2.50,true,1,
7290112330420,false,דנונה פרו לבן 2.9% שומן בודד 150גר,שטראוס גרופ בעמ/מצונן,IL,דנונה עם חלבון,גרמים,150.00,100 גרם,false,1,4.10,2.73,true,1,
7290112332585,false,פריכיות משולש תפוא אורז בתיבול סלק ומלח ים אנרג'י 30 גרם,"פרח תעשיו מזון בע""מ",IL,"פריכיות תפו""א",גרמים,30.00,100 גרם,false,1,4.20,14.00,true,1,
7290112332691,false,פינוקיות עוגיות קרם פסק זמן אגוזים 200 גרם,"הגביע מוצרי וופלים בע""\מ",IL,פינוקיות פסק זמן,גרמים,200.00,100 גרם,false,1,9.30,4.65,true,1,
7290112332875,false,מסטיק מאסט קוביות בטעם מנטה עדינה 86 ג' עלית,שטראוס גרופ בע`מ,DE,מאסט קוביות,גרמים,86.00,100 גרם,false,1,11.80,13.72,true,1,
7290112335487,false,הפריכיות הטעימות קצח ודגנים אנרג'י 135 גרם,אנרג'י Energy - שטראוס,IL,הפריכיות הטעימות,גרמים,135.00,100 גרם,false,1,9.40,6.96,true,1,
7290112335494,false,הפריכיות הטעימות תפוחי אדמה בטעם פוטטוס,"פרח תעשיות מזון בע""\מ",IL,הפריכיות הטעימות,גרמים,135.00,100 גרם,false,1,9.40,6.96,true,1,
7290112335500,false,"פרכיות אנרג'י חומוס,אורז,עדשים שחורות וקינואה 135 גרם","פרח תעשיות מזון בע""\מ",IL,פריכיות טעימות,גרמים,135.00,100 גרם,false,1,9.40,6.96,true,1,
7290112336644,false,סוכריות מאסט ללא סוכר לימון 80 ג' עלית,שטראוס גרופ בע`מ,PL,סוכריות מאסט,גרמים,80.00,100 גרם,false,1,6.40,8.00,true,1,
7290112336712,false,יוגורט PRO לבן 0% 21 גרם חלבון בגביע,שטראוס גרופ בעמ/מצונן,IL,דנונה פרו 21,גרמים,200.00,100 גרם,false,1,5.00,2.50,true,1,
7290112337481,false,סוכריות מאסט ללא סוכר קפצ''ינו 80 ג' עלית,שטראוס גרופ בע`מ,PL,סוכריות מאסט,גרמים,80.00,100 גרם,false,1,6.40,8.00,true,1,
7290112338877,false,מעדן גבינה בטעם תות 3% 125ג' סקי,שטראוס גרופ בעמ/מצונן,IL,סקי תות,גרמים,125.00,100 גרם,false,1,3.10,2.48,true,1,
7290112339171,false,מעדן מוס שוקולד 81 גר`מילקי,שטראוס גרופ בעמ/מצונן,IL,מילקי מוס שוקולד,גרמים,81.00,100 גרם,false,1,2.90,3.58,true,1,
7290112339362,false,דנונה לייט אנד פריי בטעם קפוצ'ינו 150 גרם,שטראוס גרופ בעמ/מצונן,IL,דנונה לייט,גרמים,150.00,100 גרם,false,1,3.80,2.53,true,1,
7290112339867,false,גמדים לדרך גבינה לבנה עם מחית תות,שטראוס גרופ בעמ/מצונן,IL,גמדים לדרך,גרמים,100.00,100 גרם,false,1,5.00,5.00,true,1,
7290112339874,false,גמדים לדרך גבינה לבנה עם מחיות תות ובננה,שטראוס גרופ בעמ/מצונן,IL,גמדים לדרך,גרמים,100.00,100 גרם,false,1,5.00,5.00,true,1,
7290112340122,false,הפריכיות הטעימות 3 דגנים אנרג'י 135 גרם,"פרח תעשיות מזון בע""\מ",IL,פריכיות טעימות,גרמים,135.00,100 גרם,false,1,9.40,6.96,true,1,
7290112340245,false,מסטיק מאסט צנצנת בטעם דובדבן 66 גר` מגדי,"שטראוס גרופ בע""\מ",IL,מסטיק דובדבן,גרמים,66.00,100 גרם,false,1,8.40,12.73,true,1,
7290112340252,false,צנצנת מסטיק מאסט בטעם אבטיח מלון 66 ג' עלית,"שטראוס גרופ בע""\מ",IL,מסטיק אבטיח מלון,גרמים,66.00,100 גרם,false,1,8.40,12.73,true,1,
7290112340276,false,פינוקיות עוגיית קרם קפה נמס 200 גרם,"הגביע מוצרי וופלים בע""\מ",IL,פינוקיות קרם קפה,גרמים,200.00,100 גרם,false,1,9.30,4.65,true,1,
7290112340900,false,קפה טורקי האג נטול קפאין 200 גרם,הנסיך- מפעל לייצור ט,,קפה טורקי האג,יחידה,1.00,יחידה,false,0,21.20,21.20,true,1,
7290112341556,false,יוגורט אקטיביה עם צ'יה ותות 150 גרם,שטראוס גרופ בעמ/מצונן,IL,אקטיביה פרי,גרמים,150.00,100 גרם,false,1,3.90,2.60,true,1,
7290112341679,false,אקטיביה יוגורט 3% דנונה (200 גרם),שטראוס גרופ בעמ/מצונן,IL,אקטיביה 3%,גרמים,200.00,100 גרם,false,1,3.40,1.70,true,1,
7290112341686,false,שמינייה יוגורט לבן אקטיביה 3% דנונה 150 גרם.,שטראוס גרופ בעמ/מצונן,IL,אקטיביה מארז 8יח,קילוגרמים,1.20,"ק""ג",false,1,17.00,14.17,true,1,
7290112342102,false,סימפוניה גבינה במרקם שמנת בצל מקורמל 5%,שטראוס גרופ בעמ/מצונן,IL,גבינת סימפוניה,גרמים,200.00,100 גרם,false,1,9.40,4.70,true,1,
7290112342270,false,קפה פלטינום אינטנס מחוזק ב- 10% אספרסו,שטראוס קפה בי.וי,IL,קפה פלטינום,גרמים,125.00,100 גרם,false,1,15.50,12.40,true,1,
7290112343260,false,"יטבתה רוטב שמנת קלאסי 9% שומן 260 מ""ל",שטראוס גרופ בעמ/מצונן,IL,רוטב שמנת קלאסי,גרמים,260.00,100 גרם,false,1,9.30,3.58,true,1,
7290112343420,false,"משקה חלב עם דגנים מלאים ובננה פרו יטבתה 350מ""ל",שטראוס גרופ בעמ/מצונן,IL,יטבתה פרו משקה,מיליליטרים,350.00,"100 מ""ל",false,1,6.40,1.83,true,1,
7290112343499,false,חטיף צ'יטוס פאפס אפוי בטעם גבינה,"שטראוס פריטו ליי בע""\מ )",IL,חטיף צ'יטוס puff,גרמים,55.00,100 גרם,false,1,2.90,5.27,true,1,
7290112343512,false,צ'יטוס puffs בטעם גבינה 180 גרם,"שטראוס פריטו ליי בע""\מ )",IL,חטיף ציטוסpuffs,גרמים,160.00,100 גרם,false,1,6.70,4.19,true,1,
7290112344410,false,דבש טהור 400 גרם,מכוורת יד מרדכי שטראוס ב,IL,דבש טהור,גרמים,400.00,100 גרם,false,1,18.80,4.70,true,1,
7290112344564,false,רביולי גבינה קלאסי שטראוס 400 ג',שטראוס גרופ בעמ/מצונן,IL,רביולי גבינה,גרמים,400.00,100 גרם,false,1,17.00,4.25,true,1,
7290112344755,false,מילקי עם 26% פחות סוכר 135 גר}שטראוס{,שטראוס גרופ בעמ/מצונן,IL,מילקי,גרמים,135.00,100 גרם,false,1,2.40,1.78,true,1,
7290112344786,false,קפה פלטינום קלאסיק עלית 200 גרם,הנסיך- מפעל לייצור ט,IL,קפה נמס פלטינום,גרמים,200.00,100 גרם,false,1,18.70,9.35,true,1,
7290112344953,false,סימפוניה חציל קלוי גבינה במקרם שמנת 5%,שטראוס גרופ בעמ/מצונן,IL,גבינת סימפוניה,גרמים,200.00,100 גרם,false,1,9.40,4.70,false,1,
7290112346537,false,עוגיות פינוקיות בטעם טורטית 200 ג' עלית,"הגביע מוצרי ופלים בע""\מ",IL,פינוקיות טורטית,גרמים,200.00,100 גרם,false,1,9.30,4.65,true,1,
7290112346629,false,דנונה בר יוגורט+קורנפלקס מצופה שוקולד חלב ולבן 172 גרם,שטראוס גרופ בעמ/מצונן,IL,דנונה בר,גרמים,172.00,100 גרם,false,1,3.90,2.27,true,1,
7290112346773,false,יוגורט בטעם וניל 0% לייט אנד פרי 10 גרם חלבון בגביע,שטראוס גרופ בעמ/מצונן,IL,דנונה לייט וניל,גרמים,150.00,100 גרם,false,1,3.80,2.53,false,1,
7290112346797,false,יוגורט אקטיביה שיבולת שועל ושזיף 150 גרם,שטראוס גרופ בעמ/מצונן,IL,אקטיביה שזיף,גרמים,150.00,100 גרם,false,1,3.90,2.60,true,1,
7290112346827,false,שמיניית אקטימל ויטמין C פטל 108 גרם,שטראוס גרופ בעמ/מצונן,IL,אקטימל ויטמין C,מיליליטרים,800.00,"100 מ""ל",false,1,17.80,2.23,true,1,
7290112347008,false,גמדים לדרך גבינה לבנה עם מחית תות ושיבולת שועל,שטראוס גרופ בעמ/מצונן,IL,גמדים ארוחת בוקר,גרמים,100.00,100 גרם,false,1,5.00,5.00,true,1,
7290112347473,false,מארז דנונה לייט אנד פריי תות ואפרסק 150 גרם 8 יחידות,שטראוס גרופ בעמ/מצונן,IL,דנונה לייט 8 יח,קילוגרמים,1.20,"ק""ג",false,1,23.60,19.67,true,1,
7290112348142,false,שעועית לבנה 380 גר' בקופסה טעם הטבע,שטראוס גרופ בע`מ,IT,שעועית לבנה,גרמים,380.00,100 גרם,false,1,5.90,1.55,true,1,
7290112348616,false,עלית - קפה נמס אגוזי לוז 100 גרם,שטראוס קפה בי.וי,IL,קפה נמס טעם אגוז,גרמים,100.00,100 גרם,false,1,11.70,11.70,true,1,
7290112348999,false,הפריכיות הטעימות תירס דקות אנרג'י 135 גרם,שטראוס גרופ בע`מ,IL,פריכיות תירס,גרמים,135.00,100 גרם,false,1,9.40,6.96,true,1,
7290112349538,false,קפה עלית טורקי 160 גרם,שטראוס קפה בי.וי.,IL,קפה טורקי עלית,גרמים,160.00,100 גרם,false,1,10.70,6.69,true,1,
7290112349606,false,מעדן גבינה ויוגורט תות בננה 88 ג' דניאלה,שטראוס גרופ בעמ/מצונן,IL,דניאלה תות בננה,גרמים,88.00,100 גרם,false,1,3.50,3.98,true,1,
7290112349705,false,פומודורו רוטב עגבניות קלאסי לפסטה יד מרדכי 350 גרם,אמיליאנה קונסרב סוסייטה,IT,רוטב לפסטה,גרמים,350.00,100 גרם,false,1,10.10,2.89,true,1,
7290112349736,false,בזיליקום רוטב עגבניות לפסטה יד מרדכי 350 גרם,אמיליאנה קונסרב סוסייטה,IT,רוטב עגבניות,גרמים,350.00,100 גרם,false,1,10.10,2.89,true,1,
7290112349743,false,ארביאטה רוטב עגבניות פיקנטי לפסטה 350 ג' יד מרדכי,אמיליאנה קונסרב סוסייטה,IT,רוטב עגבניות,גרמים,350.00,100 גרם,false,1,10.10,2.89,true,1,
7290112349750,false,פיצה רוטב עגבניות לפיצה יד מרדכי 350 גרם,אמיליאנה קונסרב סוסייטה,IT,רוטב עגבניות,גרמים,350.00,100 גרם,false,1,10.10,2.89,true,1,
7290112350312,false,קפסולות 15 קפה יותר למכונות נספרסו עלית 10יח',הנסיך- מפעל לייצור ט,IL,קפסולות קפה,גרמים,50.00,100 גרם,false,1,14.10,28.20,true,1,
7290112350589,false,צ`יקו להכנת משקה צ`יקוריה עלית (65 גרם),שטראוס קפה בי.וי,IL,תחליף קפה צ'יקו,גרמים,65.00,100 גרם,false,1,9.80,15.08,true,1,
7290112351258,false,עוגיית קקאו פינוקיות שחור לבן 200 גר,"הגביע מוצרי ופלים בע""\מ",IL,פינוקיות שחור לב,גרמים,200.00,100 גרם,false,1,9.30,4.65,true,1,
7290112351463,false,שלישיית סוכריות מאסט FRESH פטל לימון 45 ג' עלית,"הליקון גידה בע""\מ",TR,"סוכריות לל""ס",גרמים,45.00,100 גרם,false,1,7.60,16.89,true,1,
7290112351524,false,עלי סלנובה 200 גר' שטראוס טעם הטבע,שטראוס בריאות ירקות טריי,IL,עלי חסה סלנובה,גרמים,200.00,100 גרם,false,1,11.90,5.95,true,1,
7290112353887,false,"משקה קפה קר בטעם אגוזים יטבתה 230 מ""ל",האי נאם סי או אל.טי.,AT,קפה קר יטבתה,מיליליטרים,230.00,"100 מ""ל",false,1,6.70,2.91,true,1,
7290112354174,false,"פסטה רוזה 280 ג""ר ""דלישס"" שטראוס",קפוא-זן תעשיות מזון בעמ - תפוג,IT,דלישס פסטה רוזה,גרמים,280.00,100 גרם,false,1,18.70,6.68,true,1,
7290112354204,false,"ספגטי עגבניות 280 גר' ""דלישס"" שטראוס",קפוא-זן תעשיות מזון בעמ - תפוג,IL,דלישס ספגטי עגבנ,גרמים,280.00,100 גרם,false,1,18.70,6.68,true,1,
7290112354211,false,"פיצה מרגריטה""דלישס"" שטראוס",קפוא-זן תעשיות מזון בעמ - תפוג,IT,פיצה מרגריטה ומו,גרמים,400.00,100 גרם,false,1,22.10,5.53,true,1,
7290112354228,false,"פיצה מרגריטה עם זיתים ""דלישס"" שטראוס",קפוא זן תעשיות מזון בעמ,IL,דלישס פיצה מרגרי,גרמים,400.00,100 גרם,false,1,22.10,5.53,true,1,
7290112354235,false,ברקטה פיצה - 2 יחידות במארז,קפוא-זן תעשיות מזון בעמ - תפוג,IL,דלישס ברקטה פיצ,גרמים,300.00,100 גרם,false,1,22.10,7.37,true,1,
7290112354242,false,"קונוס פיצה ""דלישס"" שטראוס",קפוא זן תעשיות מזון בעמ,IL,דלישס קונוס פיצה,גרמים,280.00,100 גרם,false,1,22.10,7.89,true,1,
7290112355027,false,דנונה פרו 20 גרם חלבון בטעם קרמל מלוח 200 גרם,שטראוס גרופ בעמ/מצונן,IL,דנונה פרו קרמל,גרמים,200.00,100 גרם,false,1,5.00,2.50,true,1,
7290112355102,false,גמדים סקוויז 100 גרם פאוץ סלט פירות 100 גרם,שטראוס גרופ בעמ/מצונן,IL,גמדים לדרך,גרמים,100.00,100 גרם,false,1,5.00,5.00,false,1,
7290112355263,false,רוטב שמנת עם שוקולד 9% שומן 260 ג' יטבתה,שטראוס גרופ בעמ/מצונן,IL,רוטב שמנת,גרמים,265.00,100 גרם,false,1,9.30,3.51,true,1,
7290112355393,false,"יטבתה רוטב שמנת+בטטה 9% שומן 250 מ""ל",שטראוס גרופ בעמ/מצונן,IL,רוטב שמנת בטטה,גרמים,257.00,100 גרם,false,1,9.30,3.62,true,1,
7290112355775,false,גבינת סימפוניה עם עירית 200 גרם,שטראוס גרופ בעמ/מצונן,IL,סימפוניה עירית,גרמים,200.00,100 גרם,false,1,9.40,4.70,true,1,
7290112355812,false,מילקי טופ קורנפלקס 141 ג' שטראוס,שטראוס גרופ בעמ/מצונן,IL,מילקי טופ,גרמים,141.00,100 גרם,false,1,4.10,2.91,true,1,
7290112357106,false,שעועית אדומה 380 גר' בקופסה טעם הטבע,שטראוס גרופ בע`מ,IT,שעועית אדומה,גרמים,380.00,100 גרם,false,1,5.90,1.55,true,1,
7290112357113,false,גרגרי חומוס בקופסה 380 גר' טעם הטבע,שטראוס גרופ בע`מ,IT,גרגרי חומוס,גרמים,380.00,100 גרם,false,1,5.90,1.55,true,1,
7290112358004,false,פסק זמן חטיף קראנץ עלית( 32 גר`),שולן צ'\יקולטה גידה סאן.,TR,חטיף פסק זמן,גרמים,32.00,100 גרם,false,1,4.10,12.81,true,1,
7290112358127,false,דנונה פרו חלבון+מגנזיום- וניל ועוגיות 200 גרם,שטראוס גרופ בעמ/מצונן,IL,דנונ.פרו+מגנזיום,גרמים,200.00,100 גרם,false,1,5.40,2.70,true,1,
7290112358219,false,רוטב צ`ילי מתוק יד מרדכי (300 גר`),אף.סי תבליני בגליל ב,IL,רוטב צ'ילי מתוק,גרמים,300.00,100 גרם,false,1,11.00,3.67,true,1,
7290112358233,false,רוטב צ`ילי חריף יד מרדכי (300 גר`),שטראוס גרופ בע`מ,IL,רוטב צ'ילי חריף,גרמים,300.00,100 גרם,false,1,11.00,3.67,true,1,
7290112358240,false,רוטב גריל יד מרדכי 300 גרם,שטראוס גרופ בע`מ,IL,רוטב גריל,גרמים,300.00,100 גרם,false,1,11.00,3.67,true,1,
7290112358431,false,עד חצות דאבל ביסקוויט עם שוקולד חלב -8 אריזות אישיות,ביסקוויטס טור ד'\אלבון,FR,עד חצות דאבל,גרמים,200.00,100 גרם,false,1,11.00,5.50,true,1,
7290112358554,false,מארז קפה נמס מנות אישיות לדרך 50.4 גר,שטראוס גרופ בע`מ,RO,נמס לדרך מארז,גרמים,50.00,100 גרם,false,1,8.40,16.80,true,1,
7290112358561,false,קפה נמס פלטינום קלאסי 47 ג' עלית,שטראוס גרופ בע`מ,PL,קפה פלטינום קלאס,גרמים,47.00,100 גרם,false,1,7.60,16.17,true,1,
7290112359353,false,קפה טורקי אלדין ( 200 גר`) עלית,שטראוס קפה בי.וי,IL,קפה טורקי אלדין,גרמים,200.00,100 גרם,false,1,17.00,8.50,true,1,
7290112359384,false,עלית - קפה נמס אלפחורס ריבת חלב 100 גרם,שטראוס קפה בי.וי,IL,קפה נמס אלפחורס,גרמים,100.00,100 גרם,false,1,11.70,11.70,true,1,
7290112359902,false,"קפה פלטינום ברזיל עלית, 47 גרם",שטראוס גרופ בע`מ,PL,פלטינום ברזיל47ג,גרמים,47.00,100 גרם,false,1,7.60,16.17,true,1,
7290112490032,false,"נמס בכוס טעם תירס קנור 31 גרם מארז זוגי בד""צ",יוניליוור ישראל שיווק בע`מ,IL,נמס בכוס תירס,גרמים,45.00,100 גרם,false,1,5.90,13.11,true,1,
7290112490209,false,נמס בכוס מרק עגבניות עם קרוטונים רכיבים טבעיים,יוניליוור ישראל שיווק בע`מ,IL,מרק נמס בכוס,גרמים,56.00,100 גרם,false,1,5.90,10.54,true,1,
7290112490216,false,מרק נמס בכוס בטעם עוף קנור 100% רכיבים טבעיים,יוניליוור ישראל שיווק בע`מ,IL,מרק נמס בכוס,גרמים,48.00,100 גרם,false,1,5.90,12.29,true,1,
7290112490230,false,מרק נמס בכוס אפונה קנור 100% רכיבים טבעיים,יוניליוור ישראל שיווק בע`מ,IL,מרק נמס בכוס,גרמים,50.00,100 גרם,false,1,5.90,11.80,true,1,
7290112490650,false,קונפיטורה תות שדה 340 גרם-צנצנת,יוניליוור ישראל שיווק בע`מ,BE,קונפיטורת תות,גרמים,340.00,100 גרם,false,1,11.00,3.24,true,1,
7290112490667,false,קונפיטורה משמש778 50% פרי 340 גר',יוניליוור ישראל שיווק בע`מ,BE,קונפיטורה 778,גרמים,340.00,100 גרם,false,1,11.00,3.24,true,1,
7290112490735,false,מרק עשיר עגבניות עם פסטה ר.טבעיים 105 גרם קנור,יוניליוור ישראל שיווק בע`מ,IL,מרק עשיר עגבניות,גרמים,105.00,100 גרם,false,1,10.10,9.62,true,1,
7290112490759,false,מרק עשיר עוף עם אטריות רכיבים טבעיים 74 ג' קנור,יוניליוור ישראל שיווק בע`מ,IL,מרק היום עוף,גרמים,74.00,100 גרם,false,1,10.10,13.65,true,1,
7290112490896,false,"קנור רוטב צ'ילי חריף 370 מ""ל PAL",יוניליוור ישראל שיווק בע`מ,IL,רוטב צ'ילי חריף,גרמים,370.00,100 גרם,false,1,9.30,2.51,true,1,
7290112491701,false,ברנפלקס בטעם וניל מעודן 20% חלבון Extra Protein,יוניליוור ישראל שיווק בע`מ,IL,ברנפלקס אקסטרה,גרמים,375.00,100 גרם,false,1,17.00,4.54,true,1,
7290112491770,false,בייגלה דקים דקים מלח ים בייגל בייגל 300 גרם.,יוניליוור ישראל שיווק בע`מ,IL,בייגלה דקים,גרמים,300.00,100 גרם,false,1,8.40,2.80,true,1,
7290112491787,false,בייגלה דקים דקים עם שומשום בייגל בייגל 300 גרם,יוניליוור ישראל שיווק בע`מ,IL,בייגלה דקים,גרמים,300.00,100 גרם,false,1,8.40,2.80,true,1,
7290112491794,false,בייגלה דקים דקים בטעם שמנת ובצל בייגל בייגל 300 גרם,יוניליוור ישראל שיווק בע`מ,IL,בייגלה דקים,גרמים,300.00,100 גרם,false,1,8.40,2.80,true,1,
7290112492449,false,פינוק שמפו שיער רגיל 700 מל-חדש,"יוניליוור ישראל שיווק בע""מ",IL,שמפו לשיער רגיל,מיליליטרים,700.00,"100 מ""ל",false,1,10.10,1.44,true,1,
7290112492456,false,"שמפו פינוק לשיער יבש/פגום 700 מ""ל",יוניליוור ישראל שיווק בע`מ,IL,שמפו לשיער יבש,מיליליטרים,700.00,"100 מ""ל",false,1,10.10,1.44,true,1,
7290112492463,false,"שמפו ומרכך 2 ב-1 לשיער רגיל פינוק 700 מ""ל.",יוניליוור ישראל שיווק בע`מ,IL,פינוק שמפו+מרכך,מיליליטרים,700.00,"100 מ""ל",false,0,10.10,1.44,true,1,
7290112492470,false,"שמפו ומרכך 2 ב-1 לשיער יבש פינוק 700 מ""ל.",יוניליוור ישראל שיווק בע`מ,IL,פינוק 2ב1-,מיליליטרים,700.00,"100 מ""ל",false,1,10.10,1.44,true,1,
7290112492500,false,פינוק שמפו לשיער עם שמן קוקוס 700 מל,יוניליוור ישראל שיווק בע`מ,IL,שמפו פינוק,מיליליטרים,700.00,"100 מ""ל",false,1,10.10,1.44,true,1,
7290112492531,false,"פינוק קונדישנר לשיער רגיל 700מ""ל",יוניליוור ישראל שיווק בע`מ,IL,מרכך לשיער רגיל,מיליליטרים,700.00,"100 מ""ל",false,1,10.10,1.44,true,1,
7290112492548,false,"מרכך פינוק עם שמן חוחובה 700 מ""ל",יוניליוור ישראל שיווק בע`מ,IL,מרכך פינוק,מיליליטרים,700.00,"100 מ""ל",false,1,10.10,1.44,true,1,
7290112492593,false,תחליב רחצה פינוק בניחוח פינוק קלאסי 700,יוניליוור ישראל שיווק בע`מ,IL,תחליב רחצה פינוק,מיליליטרים,700.00,"100 מ""ל",false,1,9.30,1.33,true,1,
7290112492609,false,"תחליב רחצה פינוק 700 מ""ל לבנדר ווניל",יוניליוור ישראל שיווק בע`מ,IL,תחליב רחצה פינוק,מיליליטרים,700.00,"100 מ""ל",false,1,9.30,1.33,true,1,
7290112492722,false,"2ב-1 שמפו ומרכך פינוק אל דמע לסירוק קל לילדים 700 מ""ל",יוניליוור ישראל שיווק בע`מ,IL,פינוק שמפו ומרכך,מיליליטרים,700.00,"100 מ""ל",false,1,11.80,1.69,true,1,
7290112492746,false,"פינוק מרכך ללא דמעות לסירוק קל לילדים 700 מ""ל",יוניליוור ישראל שיווק בע`מ,IL,מרכך פינוק ילדים,מיליליטרים,700.00,"100 מ""ל",false,1,11.80,1.69,true,1,
7290112492982,false,"אבקת מרק פטריות כשל""פ 100% רכיבים טבעיים 400 גרם",יוניליוור ישראל שיווק בע`מ,IL,מרק פטריות,גרמים,400.00,100 גרם,false,1,21.30,5.33,true,1,
7290112492999,false,קנור מרק עוף אמיתי 400 גרם פרווה,יוניליוור ישראל שיווק בע`מ,IL,מרק בטעם עוף,גרמים,400.00,100 גרם,false,1,11.00,2.75,true,1,
7290112493293,false,קנור - נמס ירקות וקרוטונים ר.טבעי 44 גרם,יוניליוור ישראל שיווק בע`מ,IL,נמס בכוס,גרמים,44.00,100 גרם,false,1,5.90,13.41,true,1,
7290112493316,false,מרק היום אפונה 100% רכיבים טביעיים קנור,יוניליוור ישראל שיווק בע`מ,IL,מרק עשיר אפונה,גרמים,117.00,100 גרם,false,1,10.10,8.63,true,1,
7290112493934,false,קרמיסימו מעדן קפוא טעם וניל צרפתי,"גלידת שטראוס בע""\מ, רחוב",IL,קרמיסימו וניל צר,ליטרים,1.33,ליטר,false,1,16.10,12.11,true,1,
7290112494016,false,"מיונז אמיתי מופחת שומן תלמה 500 גרם בד""צ",יוניליוור ישראל שיווק בע`מ,IL,מיונז מופחת שומן,גרמים,500.00,100 גרם,false,1,8.40,1.68,true,1,
7290112494153,false,תיבוליות ניחוח צלי קנור( 72 גרם),יוניליוור ישראל שיווק בע`מ,IL,תיבוליות לצלי,גרמים,72.00,100 גרם,false,1,7.60,10.56,true,1,
7290112494382,false,פירה בטעם ביתי 260 גרם-קופסא,יוניליוור ישראל שיווק בע`מ,IL,פירה בטעם ביתי,גרמים,260.00,100 גרם,false,1,10.10,3.88,true,1,
7290112494795,false,בדין-ג'ל לכביסה לבנה וצבעונית בניחוח עדין כחול 2.5 ליטר,יוניליוור ישראל שיווק בע`מ,IL,בדין ג'ל כביסה,ליטרים,2.50,ליטר,false,1,28.10,11.24,true,1,
7290112494818,false,בדין-ג'ל לכביסה לבנה וצבעונית בייבי 2.5 ליטר,יוניליוור ישראל שיווק בע`מ,IL,בדין ג'ל כביסה,ליטרים,2.50,ליטר,false,1,28.10,11.24,true,1,
7290112494825,false,תרחיץ פנים לעור רגיש מכיל 25% קרם לחות,יוניליוור ישראל שיווק בע`מ,IL,דאב תרחיץ פנים,מיליליטרים,180.00,"100 מ""ל",false,1,11.00,6.11,true,1,
7290112495037,false,דגני בוקר בטעם שוקולד כדורים 375 ג' קוקומן,יוניליוור ישראל שיווק בע`מ,IL,קוקומן כדורים,גרמים,375.00,100 גרם,false,1,16.10,4.29,true,1,
7290112495044,false,דגני קוקומן פצפוצים תלמה (375 גרם),יוניליוור ישראל שיווק בע`מ,IL,קוקומן פצפוצים,גרמים,375.00,100 גרם,false,1,16.10,4.29,true,1,
7290112495280,false,ברנפלקס ריבועי קינמון תלמה (400 גרם),יוניליוור ישראל שיווק בע`מ,IL,ברנפלקס קינמון,גרמים,400.00,100 גרם,false,1,16.10,4.02,true,1,
7290112495556,false,מארז שלישיית חטיפי קליק ממולא בנוגט,יוניליוור ישראל שיווק בע`מ,IL,קליק מארז 3 יח',גרמים,105.00,100 גרם,false,1,11.00,10.48,true,1,
7290112495747,false,רוטב צ''ילי מתוק כ 70% פחות סוכר 340 ג' קנור,יוניליוור ישראל שיווק בע`מ,IL,רוטב צ'ילי מתוק,גרמים,340.00,100 גרם,false,1,9.30,2.74,true,1,
7290112495754,false,רוטב לסלט אלף האיים הלמנס (305 מל),יוניליוור ישראל שיווק בע`מ,IL,רוטב אלף האיים,גרמים,305.00,100 גרם,false,1,9.30,3.05,true,1,
7290112495761,false,רוטב לסלט אלף האיים לייט הלמנס (305 מל),יוניליוור ישראל שיווק בע`מ,IL,רוטב אלף האיים,גרמים,305.00,100 גרם,false,1,9.30,3.05,true,1,
7290112495785,false,רוטב לסלט שום (300 גרם)הלמנס,יוניליוור ישראל שיווק בע`מ,IL,רוטב שום לסלט,גרמים,300.00,100 גרם,false,1,9.30,3.10,true,1,
7290112495792,false,רוטב הלמנס שום לייט לסלט 305גר כשלפ,יוניליוור ישראל שיווק בע`מ,IL,רוטב שום לייט,גרמים,300.00,100 גרם,false,1,9.30,3.10,true,1,
7290112495815,false,רוטב לסלט חרדל ודבש לייט (305 גרם)הלמנס,יוניליוור ישראל שיווק בע`מ,IL,רוטב חרדל ודבש,גרמים,305.00,100 גרם,false,1,9.30,3.05,true,1,
7290112495976,false,פריכיות אורז מצופות שוקולד חלב מעולה פתי,יוניליוור ישראל שיווק בע`מ,PL,פריכיות מצופות,גרמים,35.00,100 גרם,false,1,4.10,11.71,true,1,
7290112495983,false,פרכיות פתיתבציפוי שוקולד חלב ושבבי קרמל מלוח 39 גר',יוניליוור ישראל שיווק בע`מ,PL,פריכיות שוקולד,גרמים,39.00,100 גרם,false,1,4.10,10.51,true,1,
7290112496287,false,פתית - צ'יפס בטטה בטעם טבעי 21 גרם,יוניליוור ישראל שיווק בע`מ,GB,פתית צ'יפס,גרמים,21.00,100 גרם,false,1,4.10,19.52,true,1,
7290112496294,false,חטיף פתית צ'יפס עם אפונה ירוקה צהובה וצ'ילי,יוניליוור ישראל שיווק בע`מ,GB,פתית צ'יפס,גרמים,22.00,100 גרם,false,1,4.10,18.64,true,1,
7290112496331,false,קורנפלקס בננה תלמה אלופים 448 גרם,"יוניליוור ישראל שיווק בע""מ",IL,קורנפלקס בננה,גרמים,448.00,100 גרם,false,1,16.00,3.57,true,1,
7290112496447,false,נמס בכוס אקסטרה טעם עוף עם המון אטריות 27ג',יוניליוור ישראל שיווק בע`מ,IL,נמס בכוס,גרמים,27.00,100 גרם,false,1,3.80,14.07,true,1,
7290112496461,false,נמס בכוס אקסטרה מרק ירקות עם המון אטריות,יוניליוור ישראל שיווק בע`מ,IL,נמס בכוס אקסטרה,גרמים,32.00,100 גרם,false,1,3.80,11.88,true,1,
7290112497123,false,סחלב תערובת להכנת מעדן בטעם סחלב 112גרם,יוניליוור ישראל שיווק בע`מ,IL,תערובת לסחלב,גרמים,112.00,100 גרם,false,1,10.10,9.02,true,1,
7290112497369,false,"דאב - דאודורנט רול און לאישה טלק סופט 50 מ""ל",יוניליוור ישראל שיווק בע`מ,GB,דאו דאב רול און,מיליליטרים,50.00,"100 מ""ל",false,1,11.00,22.00,false,1,
7290112497505,false,"תחליב גוף וזלין ירוק עם אלוורה 600מ""ל",יוניליוור ישראל שיווק בע`מ,US,קרם גוף ואזלין,מיליליטרים,600.00,"100 מ""ל",false,1,17.00,2.83,true,1,
7290112497727,false,פינוק בייבי אל סבון אל דמע לתינוקות 700,יוניליוור ישראל שיווק בע`מ,IL,אל סבון בייבי,מיליליטרים,700.00,"100 מ""ל",false,1,12.70,1.81,true,1,
7290112497994,false,"גרנולה תלמה פרוטאין בתוספת חלבון ואגוזים, 300 גרם",יוניליוור ישראל שיווק בע`מ,IL,גרנולה פרוטאין,גרמים,300.00,100 גרם,false,1,11.80,3.93,true,1,
7290112498007,false,גרנולה פרוטאין בתוספת חלבון שקדים וחמוציות תלמה 300 ג',יוניליוור ישראל שיווק בע`מ,IL,גרנולה פרוטאין,גרמים,300.00,100 גרם,false,1,11.80,3.93,true,1,
7290112498069,false,#קוקומן ללא גלוטן כשלפ 375ג - חדש,יוניליוור ישראל שיווק בע`מ,IT,קוקומן ללא גלוטן,גרמים,375.00,100 גרם,false,1,19.50,5.20,true,1,
7290112498106,false,פינוק תחליב רחצה 700 בתוספת שמן חוחובה,יוניליוור ישראל טיפוח אי,IL,תחליב רחצה,מיליליטרים,700.00,"100 מ""ל",false,1,9.30,1.33,true,1,
7290112498267,false,פינוק אל סבון לידיים בניחוח פינוק קלאסי,יוניליוור ישראל שיווק בע`מ,IL,אל סבון פינוק,מיליליטרים,950.00,"100 מ""ל",false,1,10.10,1.06,true,1,
7290112498274,false,פינוק אלסבון לידיים לבנדר וניל 1ליטר+משא,יוניליוור ישראל שיווק בע`מ,IL,אל סבון פינוק,מיליליטרים,950.00,"100 מ""ל",false,1,10.10,1.06,true,1,
7290112498526,false,"פתית צ'יפס עם בטטה סגולה בטעם שמנת ובצל, 22 גרם",יוניליוור ישראל שיווק בע`מ,GB,פתית צ'יפס בטטה,גרמים,22.00,100 גרם,false,1,4.10,18.64,true,1,
7290112498748,false,מאגדת מיני סולרו וניל תות שדה 350 גר`,"מיוצר ע""\י גלידת שטראוס",IL,מאגדת סולרו מיני,גרמים,350.00,100 גרם,false,1,19.50,5.57,true,1,
7290112499189,false,"גלידת קרמיסימו חד קרן וניל תות, 1.33 ליטר","גלידת שטראוס בע""\מ, רחוב",IL,קרמיסימו חד קרן,ליטרים,1.33,ליטר,false,1,16.10,12.11,true,1,
7290112499462,false,פינוק תחליב רחצה 700 בתוספת שמן קוקוס,יוניליוור ישראל שיווק בע`מ,IL,תחליב רחצה פינוק,מיליליטרים,700.00,"100 מ""ל",false,1,9.30,1.33,true,1,
7290112499493,false,"רקסונה - דאודורנט ספריי לאישה אלוורה 150 מ""ל","יוניליוור ישראלשיווק בע""מ",RU,דאו רקסונה,מיליליטרים,150.00,"100 מ""ל",false,1,11.80,7.87,true,1,
7290112499509,false,"רקסונה - דאודורנט ספריי לאישה בניחוח אפרסק ולמון גראס 150 מ""ל","יוניליוור ישראל שיווק בע""מ",TR,דאו ספריי רקסונה,מיליליטרים,150.00,"100 מ""ל",false,1,11.80,7.87,true,1,
7290112499776,false,גלידת שמנת מופחתת שומן וקלוריות בטעם שוקולד לבן 240 גרם,"גלידת שטראוס בע""\מ, רח'\",IL,מאגדת גודיז 3 שו,גרמים,240.00,100 גרם,false,1,21.20,8.83,true,1,
7290112499943,false,מיני מאגדת מיני מגנום טעמים שונים וניל+שוקו,"מיוצר ע""\י גלידת שטראוס",IL,מאגדת מיני מגנום,גרמים,250.00,100 גרם,false,1,22.90,9.16,true,1,
7290112961372,false,פיטנס חטיפי פריכיות דקות קינמון 60 גרם,קבוצת אוסם סחר שותפות מוגבלת,IL,פיטנס פריכיות,גרמים,60.00,100 גרם,false,1,7.60,12.67,true,1,
7290112961440,false,פיטנס חטיפי פריכיות שוקולד מריר 84 גרם,קבוצת אוסם סחר שותפות מוגבלת,IL,פריכיות פיטנס,גרמים,84.00,100 גרם,false,1,11.00,13.10,true,1,
7290112961464,false,פיטנס חטיפי פריכיות דגנים וחומוס מתובלות,קבוצת אוסם סחר שותפות מוגבלת,IL,חטיפי פריכיות,גרמים,60.00,100 גרם,false,1,7.60,12.67,true,1,
7290112962003,false,שלגון קראנץ וניל עוגיות עם שוקולד נסטלה 90 גרם,נגה גלידות שותפות מוגבלת,IL,קראנץ וניל עוגיו,גרמים,90.00,100 גרם,false,1,9.40,10.44,true,1,
7290112962287,false,טבעול שווארמה טבעונית 6*450 גרם,קבוצת אוסם סחר שותפות מוגבלת,IL,שווארמה צמחונית,גרמים,450.00,100 גרם,false,1,27.20,6.04,true,1,
7290112963529,false,מאגדת טילון אקסטרים שוקו וניל פרווה נסטלה,נגה גלידות שותפות מוגבלת,IL,מאגדת אקסטרים ש,גרמים,444.00,100 גרם,false,1,28.90,6.51,true,1,
7290112963918,false,פיטנס חטיפי קרקר דק רוזמרין 140 גרם,קבוצת אוסם סחר שותפות מוגבלת,IL,קרקר דק פיטנס,גרמים,140.00,100 גרם,false,1,10.10,7.21,true,1,
7290112964410,false,אסם רוטב אלף האיים חדש לסלט 290 גרם,קבוצת אוסם סחר שותפות מוגבלת,IL,רוטב אלף האיים,גרמים,290.00,100 גרם,false,1,9.30,3.21,true,1,
7290112964458,false,רוטב ויניגרט חדש לסלט 295 גרם אסם,קבוצת אוסם סחר שותפות מוגבלת,IL,רוטב ויניגרט,גרמים,295.00,100 גרם,false,1,9.30,3.15,true,1,
7290112964472,false,אסם רוטב שום חדש לסלט 290 גרם,קבוצת אוסם סחר שותפות מוגבלת,IL,רוטב שום,גרמים,290.00,100 גרם,false,1,9.30,3.21,true,1,
7290112964564,false,רוטב אלף האיים לייט לסלט אסם (295 מל),קבוצת אוסם סחר שותפות מוגבלת,IL,רוטב אלף האיים,גרמים,295.00,100 גרם,false,1,9.30,3.15,true,1,
7290112964724,false,המבורגר צמחוני עם המון חלבון 580 גר,קבוצת אוסם סחר שותפות מוגבלת,IL,המבורגר צמחוני,גרמים,580.00,100 גרם,false,1,27.20,4.69,true,1,
7290112965288,false,מרק נמס ירקות אסם בדצ 56 גרם מארז זוגי,קבוצת אוסם סחר שותפות מוגבלת,IL,זוג מרק נמס,גרמים,56.00,100 גרם,false,1,5.00,8.93,true,1,
7290112965325,false,תבשיל אורז ספרדי אוסם 140 גרם,קבוצת אסם סחר שות. מוגבלת,IL,תבשיל אורז,גרמים,140.00,100 גרם,false,1,9.80,7.00,true,1,
7290112965585,false,פרפקטו פסטה קסרצה אסם 500 גרם,קבוצת אוסם סחר שותפות מוגבלת,IT,פסטה פרפקטו,גרמים,500.00,100 גרם,false,1,5.90,1.18,true,1,
7290112965660,false,פיטנס - חטיף מולטיגריין מלח פלפל 25 גרם,קבוצת אוסם סחר שותפות מוגבלת,IL,חטיף פיטנס מלח,גרמים,25.00,100 גרם,false,1,4.10,16.40,true,1,
7290112965684,false,פיטנס - חטיף מולטיגריין עשבי תיבול 25 גרם,קבוצת אוסם סחר שותפות מוגבלת,IL,חטיף פיטנס,גרמים,25.00,100 גרם,false,1,4.10,16.40,true,1,
7290112965707,false,פיטנס - חטיף מולטיגריין צילי מעודן 25 גרם,קבוצת אוסם סחר שותפות מוגבלת,IL,חטיף פיטנס צ'ילי,גרמים,25.00,100 גרם,false,1,4.10,16.40,true,1,
7290112965745,false,אוסם - ביסלי פריסטייל בצל מעושן 60 גרם,קבוצת אוסם סחר שותפות מוגבלת,IL,ביסלי פריסטייל,גרמים,60.00,100 גרם,false,1,3.70,6.17,true,1,
7290112965967,false,נאגטס ירקות כתומים ( 500 גר`) טבעול,קבוצת אוסם סחר שותפות מוגבלת,IL,נאגטס ירקות כתומ,גרמים,500.00,100 גרם,false,1,27.20,5.44,true,1,
7290112966803,false,אינסטנט פודינג בטעם שוקולד אסם (88 גרם),קבוצת אוסם סחר שותפות מוגבלת,IL,פודינג שוקולד,גרמים,88.00,100 גרם,false,1,4.70,5.34,true,1,
7290112966841,false,אינסטנט פודינג בטעם שוקולד מריר 95 גרם,קבוצת אוסם סחר שותפות מוגבלת,IL,פודינג שוקולד,גרמים,90.00,100 גרם,false,1,4.70,5.22,true,1,
7290112967381,false,פיטנס חטיפי פריכיות קטניות ומלח ים 60 גרם,קבוצת אוסם סחר שותפות מוגבלת,IL,חטיפי פריכיות,גרמים,60.00,100 גרם,false,1,7.60,12.67,true,1,
7290112968203,false,צבר סלט טחינה בלאדי 6*250גרם,קבוצת אוסם סחר שותפות מוגבלת,IL,סלט טחינה בלאדי,גרמים,250.00,100 גרם,false,1,9.30,3.72,true,1,
7290112968807,false,80018416694פיטנס חטיפי קרקר דק סלק 150גר,קבוצת אוסם סחר שותפות מוגבלת,IL,קרקר דק פיטנס,גרמים,140.00,100 גרם,false,1,10.10,7.21,true,1,
7290112968821,false,חטיפי קרקר דק בטטה 140 גר` פיטנס,קבוצת אוסם סחר שותפות מוגבלת,IL,קרקר דק פיטנס,גרמים,140.00,100 גרם,false,1,10.10,7.21,true,1,
7290113190375,false,סילאן טבעי שקדיה 900 גרם,דין שיווק וקליה 2021 בעמ,TR,"סילאן טבעי ללת""ס",גרמים,900.00,100 גרם,false,1,17.00,1.89,true,1,
7290113190450,false,ממרח תמרים 450 גרם שקדיה,דין שיווק וקליה 2021 בעמ,IL,ממרח תמרים,גרמים,450.00,100 גרם,false,1,5.00,1.11,true,1,
7290113190757,false,חלבה מסולסלת טעם וניל 300 גר`ששון הקו,דין שיווק וקליה 2021 בעמ,IL,חלבה תלתלים,גרמים,300.00,100 גרם,false,1,15.30,5.10,true,1,
7290113190771,false,חלבה מסולסלת שוקו וניל 300 גר`ששון הקו,דין שיווק וקליה 2021 בעמ,IL,חלבה תלתלים,גרמים,300.00,100 גרם,false,1,15.30,5.10,true,1,
7290113190863,false,סילאן טבעי לחיץ שקדיה 385 גרם,דין שיווק וקליה 2021 בעמ,IL,סילאן שקדיה,גרמים,385.00,100 גרם,false,1,12.70,3.30,true,1,
7290113191020,false,פלפל שחור טחון יוחאי ביטון 250 גרם,****דין שיווק וקליה 2021 בעמ,IL,פלפל שחור טחון,גרמים,250.00,100 גרם,false,1,17.00,6.80,true,1,
7290113191051,false,כורכום יוחאי ביטון 250 גרם,****דין שיווק וקליה 2021 בעמ,IL,כורכום טחון,גרמים,250.00,100 גרם,false,1,17.00,6.80,true,1,
7290113191068,false,גריל עוף יוחאי ביטון,****דין שיווק וקליה 2021 בעמ,IL,גריל עוף,גרמים,250.00,100 גרם,false,1,17.00,6.80,true,1,
7290113191099,false,"סירופ מייפל 250מ""ל שקדיה","קופרדקס איי פי אם בע""\מ",DK,סירופ מייפל טהור,מיליליטרים,250.00,"100 מ""ל",false,1,17.00,6.80,true,1,
7290113191747,false,"דפי אורז מרובעים 22 ס""מ שקדיה 250 גרם",דין שיווק וקליה 2021 בעמ,VN,דפי אורז מרובעים,גרמים,250.00,100 גרם,false,1,8.40,3.36,true,1,
7290113191907,false,טורטיה להכנת פיצה שקדיה 400 גרם,אלקטי קוראבייכיסיגידה טו,TR,טורטיה חיטה להכ,גרמים,440.00,100 גרם,false,1,8.40,1.91,true,1,
7290113191921,false,"תרכיז מלבי 750 מ""ל שקדיה",דין שיווק וקליה 2021 בעמ,IL,סירופ מלבי,מיליליטרים,750.00,"100 מ""ל",false,1,14.40,1.92,true,1,
7290113191938,false,"סירופ רוזטה בטעם שקדים 750 מ""ל",דין שיווק וקליה 2021 בעמ,IL,סירופ רוזטה,מיליליטרים,750.00,"100 מ""ל",false,1,14.40,1.92,true,1,
7290113192102,false,"דפי אורז עגול קטן 16 ס""מ שקדיה 250 גרם",דין שיווק וקליה 2021 בעמ,VN,דפי אורז עגול,גרמים,250.00,100 גרם,false,1,8.40,3.36,true,1,
7290113192218,false,תערובת להכנת מלבי 500 גרם ששון הקולה,דין שיווק וקליה 2021 בעמ,IL,מלבי להכנה מהירה,גרמים,500.00,100 גרם,false,1,12.70,2.54,true,1,
7290113192324,false,זיתים ירוקים שלמים בינוניים בית השיטה,קבוצת אוסם סחר-שות.מוגבלת,IL,זיתים ירוקים,גרמים,560.00,100 גרם,false,1,9.00,1.61,true,1,
7290113192331,false,זיתים ירוקים מנזנילו 340 גר' בית השיטה,קבוצת אוסם סחר שותפות מוגבלת,IL,זיתים ירוק גדול,גרמים,560.00,100 גרם,false,1,8.20,1.46,true,1,
7290113192348,false,בית השיטה זיתים ירוקים גדול מאודבטעם שום,קבוצת אוסם סחר-שות.מוגבלת,IL,זיתים טעם שום,גרמים,560.00,100 גרם,false,1,8.20,1.46,true,1,
7290113192355,false,חרוזית זיתים ירוקים ללא גלעין 275 ג' בית השיטה,קבוצת אוסם סחר שותפות מוגבלת,IL,זיתים חרוזית,גרמים,560.00,100 גרם,false,1,8.80,1.57,true,1,
7290113192362,false,זיתים ירוקים טבעות A2 בית השיטה 280 גרם,קבוצת אוסם סחר שותפות מוגבלת,IL,טבעות זיתים ירוק,גרמים,560.00,100 גרם,false,1,9.00,1.61,true,1,
7290113192393,false,בית השיטה קוקטייל זיתים א2 336 גרם,קבוצת אוסם סחר שותפות מוגבלת,IL,קוקטייל זיתים,גרמים,560.00,100 גרם,false,1,10.10,1.80,true,1,
7290113192478,false,בית השיטה מלפפונים במלח בינוני 10-12 320 גרם,קבוצת אוסם סחר שותפות מוגבלת,IL,מלפפונים במלח,גרמים,560.00,100 גרם,false,1,6.50,1.16,true,1,
7290113192485,false,בית השיטה מלפפונים בחומץ בינוני 10-12 290 גרם,קבוצת אוסם סחר שותפות מוגבלת,IL,מלפפונים בחומץ,גרמים,560.00,100 גרם,false,1,6.50,1.16,true,1,
7290113192492,false,בית השיטה מלפפונים בחומץ קטנים 1317 290 גרם,קבוצת אוסם סחר שותפות מוגבלת,IL,מלפפונים בחומץ,גרמים,560.00,100 גרם,false,1,9.30,1.66,true,1,
7290113192508,false,בית השיטה מלפפונים במלח קטן 1317 320 גרם,קבוצת אוסם סחר שותפות מוגבלת,IL,מלפפונים מלח קטן,גרמים,560.00,100 גרם,false,1,9.30,1.66,true,1,
7290113192515,false,בית השיטה מלפפונים במלח קטן מאוד 1825 320 גרם,קבוצת אוסם סחר שותפות מוגבלת,IL,מלפפון במלח,גרמים,560.00,100 גרם,false,1,11.00,1.96,true,1,
7290113192522,false,בית השיטה מלפפונים בחומץ קטן מאוד 1825 290 גרם,קבוצת אוסם סחר שותפות מוגבלת,IL,מלפפונים בחומץ,גרמים,560.00,100 גרם,false,1,11.00,1.96,true,1,
7290113192539,false,בית השיטה מלפפונים במלח גדול 79 320 גרם,קבוצת אוסם סחר שותפות מוגבלת,IL,מלפפון במלח,גרמים,560.00,100 גרם,false,1,5.90,1.05,true,1,
7290113192546,false,"מלפפונים בחומץ רכיבים טבעיים 7-9 ""בית השיטה""",קבוצת אוסם סחר שותפות מוגבלת,IL,מלפפון בחומץ,גרמים,560.00,100 גרם,false,1,5.90,1.05,true,1,
7290113192553,false,מלפפונים במלח 13-17 פיקנטי בית השיטה 320 גרם,קבוצת אוסם סחר-שות.מוגבלת,IL,מלפפונים במלח,גרמים,560.00,100 גרם,false,1,9.10,1.63,true,1,
7290113192560,false,פלפל חריף כבוש שיפקה בית השיטה (430 גר`),קבוצת אוסם סחר שותפות מוגבלת,IL,פלפל שיפקה חריף,גרמים,560.00,100 גרם,false,1,6.40,1.14,true,1,
7290113192577,false,בית השיטה כרוב כבוש א2 12*430גרם חדש,קבוצת אוסם סחר שותפות מוגבלת,IL,כרוב כבוש,גרמים,560.00,100 גרם,false,1,7.00,1.25,true,1,
7290113192881,false,"טורטיה חיטה מופחת קלוריות, קוטר 20 ס""מ - 6 יח'",דין שיווק וקליה 2021 בעמ,TR,טורטיה,גרמים,270.00,100 גרם,false,1,8.50,3.15,true,1,
7290113192997,false,בית השיטה חזית מרוקאי 340 גר`,קבוצת אוסם סחר שותפות מוגבלת,IL,זית מרוקאי,גרמים,340.00,100 גרם,false,1,11.80,3.47,true,1,
7290113193017,false,בית השיטה חרוזית קוקטייל זיתים 275 גרם,קבוצת אוסם סחר שותפות מוגבלת,IL,קוקטייל זיתים,גרמים,275.00,100 גרם,false,1,11.80,4.29,true,1,
7290113193031,false,חרוזית קלמטה - זיתים שחורים ללא גלעין קלמטה,קבוצת אוסם סחר שותפות מוגבלת,IL,זית שחור חרוזית,גרמים,560.00,100 גרם,false,1,11.80,2.11,true,1,
7290113193369,false,"תרסיס שמן קנולה מזוכך בית השיטה 150מ""ל",קבוצת אוסם סחר שותפות מוגבלת,ES,תרסיס שמן קנולה,מיליליטרים,150.00,"100 מ""ל",false,1,12.70,8.47,true,1,
7290113193406,false,"קוקטייל טבעות זיתים - זיתים ירוקים, שחורים מרינד",קבוצת אוסם סחר שותפות מוגבלת,IL,טבעות זיתים,גרמים,560.00,100 גרם,false,1,9.10,1.63,true,1,
7290113193888,false,חצילים מוחמצים בית השיטה 320 גרם,קבוצת אוסם סחר שותפות מוגבלת,IL,חצילים מוחמצים,גרמים,560.00,100 גרם,false,1,8.40,1.50,true,1,
7290113194090,false,בית השיטה טבעות זיתים קלמטה 280 גרם,קבוצת אוסם סחר שותפות מוגבלת,IL,טבעות זיתי קלמטה,גרמים,560.00,100 גרם,false,1,11.00,1.96,true,1,
7290113194373,false,עגבניות שרי מוחמצות בית השיטה 215 גרם,קבוצת אוסם סחר-שות.מוגבלת,IL,עגבניות שרי,גרמים,430.00,100 גרם,false,1,9.30,2.16,true,1,
7290113195196,false,"רסק תפוחי עץ ללת""ס 710 גרם",דין שיווק וקליה 2021 בעמ,PL,"רסק תפו""ע ללת""ס",גרמים,710.00,100 גרם,false,1,8.40,1.18,true,1,
7290113195264,false,ממרח פלפלים קלויים 360 גרם,דין שיווק וקליה 2021 בעמ,MK,ממרח פלפלים,גרמים,360.00,100 גרם,false,1,10.10,2.81,true,1,
7290113195271,false,ממרח פלפלים פיקנטיים 360 גרם,דין שיווק וקליה 2021 בעמ,MK,ממרח פלפלים,גרמים,360.00,100 גרם,false,1,10.10,2.81,true,1,
7290113195424,false,"אטריות אורז 5 מ""מ שקדיה 400 גרם",דין שיווק וקליה 2021 בעמ,VN,מקלות אורז,גרמים,400.00,100 גרם,false,1,8.90,2.23,true,1,
7290113196414,false,"אורז בסמטי 1 ק""ג - שקדיה כחול מטאלי",דין שיווק וקליה 2021 בעמ,PT,אורזבסמטי,קילוגרמים,1.00,"ק""ג",false,1,8.30,8.30,true,1,
7290113196780,false,ב.ה. זיתים ירוקים מבוקעים באלדי 900גרם,קבוצת אוסם סחר-שות.מוגבלת,IL,זית ירוק מבוקע,גרמים,900.00,100 גרם,false,1,18.70,2.08,true,1,
7290113197169,false,שקדיה חמאת בוטנים עם שברי בוטנים 510 גר,דין שיווק וקליה 2021 בעמ,IN,חמאת בוטנים,גרמים,510.00,100 גרם,false,1,12.70,2.49,true,1,
7290113197176,false,חמאת בוטנים טבעית עם שברי בוטנים 450,דין שיווק וקליה 2021 בעמ,IN,חמאת בוטנים,גרמים,510.00,100 גרם,false,1,12.70,2.49,true,1,
7290113199293,false,ג'ינגר מסוכר 150גרם,דין שיווק,IL,ג'ינגר מסוכר,גרמים,150.00,100 גרם,false,1,12.70,8.47,true,1,
7290113199842,false,מגש אירוח סוכריות גומי 700 ג' שקדיה,דין שיווק וקליה 2021 בעמ,IL,מגש אירוח סוכריו,גרמים,700.00,100 גרם,false,1,25.50,3.64,true,1,
7290113199859,false,מגש אירוח סוכריות גומי 350 ג' שקדיה,דין שיווק וקליה 2021 בעמ,IL,מגש סוכריות גומי,גרמים,350.00,100 גרם,false,1,11.00,3.14,true,1,
7290113300224,false,פאוץ מתחוני לה קט עם סלמון ברוטב 85ג,דיפלומט מפיצים (1968) בעמ**,CZ,פאוץ' נתחי סלמון,גרמים,85.00,100 גרם,false,1,4.10,4.82,true,1,
7290113560055,false,פרודונטקס מי פה טיפול יומי לחניכיים 500,"מאסטרפוד אוסטריה בע""מ",GB,פרודונטקס מי פה,מיליליטרים,500.00,"100 מ""ל",false,1,25.50,5.10,true,1,
7290113560109,false,פרודונטקס מ.שיניים בטעם צמחי 75 מל,פרודונטקס Parodontax,SK,משחה פרודונטקס,מיליליטרים,75.00,"100 מ""ל",false,1,26.40,35.20,true,1,
7290114160742,false,"סכו""ם מעורב 100 יחידות",,IL,"סכו""ם מעורב",יחידה,1.00,יחידה,false,1,12.80,12.80,true,1,
7290114310215,false,"שמנת מתוקה 38% רמת הגולן 250 מ""ל ווסטהיים - מוצר בפיקוח",החברה המרכזית טלהפצת משקאות בע,IL,שמנת מתוקה 38%,מיליליטרים,250.00,"100 מ""ל",false,1,5.53,2.21,true,1,
7290114320191,false,קרמאמא שום שמיר 240 גרם,מאמא קיו,IL,קרמאמא שום שמיר,גרמים,240.00,100 גרם,false,1,13.50,5.63,true,1,
7290114320207,false,מאמא קיו קרמאמה זיתי,מאמא קיו,IL,קראמאמא זיתים,גרמים,240.00,100 גרם,false,1,13.50,5.63,true,1,
7290114320238,false,גליל טבעוני גב.עיזים160ג,מאמא קיו,IL,גליל טבעוני,גרמים,160.00,100 גרם,false,1,13.50,8.44,true,1,
7290114320245,false,גליל טבעוני בטעם טבעי160,מאמא קיו,IL,גליל טבעוני,גרמים,160.00,100 גרם,false,1,13.50,8.44,true,1,
7290114320252,false,גליל טבעוני תוספת חלפניו,מאמא קיו,IL,גליל טבעוני,גרמים,160.00,100 גרם,false,1,13.50,8.44,true,1,
7290114600927,false,עלי טורטייה חיטה מלאה מאסטר שף 320 גרם,אלקאטי קורביישיסי גי,ES,טורטיה חיטה מלאה,גרמים,320.00,100 גרם,false,1,9.30,2.91,true,1,
7290114600941,false,מאסטר שף מיונז הולנדי לחיץ 435 גרם,ש. שסטוביץ בע`מ,NL,מיונז לחיץ,גרמים,435.00,100 גרם,false,1,11.00,2.53,true,1,
7290114602778,false,729חטיף פריי סלייסים ציפס ירקות שורש90גר,ש. שסטוביץ בע`מ,ES,סלייסים צ'יפס,גרמים,90.00,100 גרם,false,1,11.00,12.22,true,1,
7290114602785,false,פרי סלייסים צ'יפס בננה מלוח 90 גרם,פלפר אפרטיבוס,ES,חטיף סלייסים,גרמים,90.00,100 גרם,false,1,11.00,12.22,true,1,
7290114603508,false,"רוטב להקצפה מאסטר שף 300 מ""ל",ש. שסטוביץ בע`מ,TH,רוטב להקפצה,מיליליטרים,300.00,"100 מ""ל",false,1,7.60,2.53,true,1,
7290114604895,false,מאסטר שף מיונז ספייסי לחיץ 446 גרם,ש. שסטוביץ בע`מ,NL,ממרח ספייסי לחיץ,גרמים,446.00,100 גרם,false,1,11.80,2.65,true,1,
7290114604901,false,ממרח שום לחיץ מאסטר שף 444 גרם,ש. שסטוביץ בע`מ,NL,ממרח שום לחיץ,גרמים,444.00,100 גרם,false,1,11.80,2.66,true,1,
7290114604925,false,מנה אסייאתי קרם קוקוס פחית לייט 400 מ`ל,"תאי קוקונאט חברה בע""",TH,קרם קוקוס לייט,מיליליטרים,400.00,"100 מ""ל",false,1,7.60,1.90,true,1,
7290114604932,false,רוטב ברביקיו דבש מאסטר שף 520 גרם,רמיה סי.וי. הולנד,NL,רוטב ברביקיו דבש,גרמים,520.00,100 גרם,false,1,11.00,2.12,true,1,
7290114604949,false,מאסטר שף רוטב ברביקיו 524 גרם,רמיה סי.וי. הולנד,NL,רוטב ברביקיו,גרמים,524.00,100 גרם,false,1,11.00,2.10,true,1,
7290114604963,false,פירורי לחם מתובלים מאסטר שף 230 גרם,ש. שסטוביץ בע`מ,IL,פירורים מתובלים,גרמים,230.00,100 גרם,false,1,6.60,2.87,true,1,
7290114605342,false,פירסט סמייל רפידות הנקה גודל מדיום 110,צאנזו שאנג קאר פרודק,CN,רפידות הנקה,יחידה,1.00,יחידה,false,1,21.20,21.20,true,1,
7290114605533,false,משטח חיתוך חד פעמי 30 יח' קוקי,ש.שסטוביץ בעמ,CN,משטח חיתוך,יחידה,1.00,יחידה,false,1,21.20,21.20,true,1,
7290114606530,false,רוטב בטעם מיונז וקטשופ מאסטר שף 515 גרם,ש. שסטוביץ בע`מ,NL,רוטב טעם מיונז,גרמים,515.00,100 גרם,false,1,11.80,2.29,true,1,
7290114606547,false,מיונז פטריות כמהין לחיץ מאסטר שף 242 גרם,ש. שסטוביץ בע`מ,NL,מיונז עם כמהין,גרמים,242.00,100 גרם,false,1,11.00,4.55,true,1,
7290114606554,false,מיונז מופחת קלוריות בקבוק לחיץ,ש. שסטוביץ בע`מ,NL,ממרח מיונז לייט,גרמים,470.00,100 גרם,false,1,11.80,2.51,true,1,
7290114606561,false,מאסטר שף אטריות אורז דקות ורמיצ'לי 400 ג,לינג טונג רייס ורמיצ'ילי,TH,איטריות אורז דק,גרמים,400.00,100 גרם,false,1,7.60,1.90,true,1,
7290114606608,false,רוטב סויה מסורתי מאסטר שף דל נתרן 40 דל נתרן,קריניציה ויטמינה אס,TH,רוטב סויה,מיליליטרים,620.00,"100 מ""ל",false,1,13.50,2.18,true,1,
7290114607391,false,"קולגייט משחת לילדים ברבי 2-5 שנים, 75 מ""ל",קולגייט פלמוליב,MX,קולגייט מינייוני,מיליליטרים,75.00,"100 מ""ל",false,1,11.00,14.67,true,1,
7290114721608,false,מברשת שיניים חשמלית פוג'יקום חד קרן,פוגיקום בעמ,CN,מברשת שיניים,יחידה,1.00,יחידה,false,1,37.50,37.50,true,1,
7290114821469,false,כבד דג שיבוט במיץ טבעי אופיסר (120 גרם),דיפלומט מפיצים (1968) בעמ**,IS,כבד דג מעושן,גרמים,120.00,100 גרם,false,1,11.80,9.83,true,1,
7290115190007,false,מרלבורו רד פאקט) (10 חדש,פיליפ מוריס בעמ,TR,מרלבורו רד קצר,יחידה,1.00,יחידה,false,1,349.00,349.00,false,1,
7290115190014,false,סיגריות מרלבורו רד קצר בוקס,פיליפ מוריס בעמ,IL,מרלבורו רד קצר,יחידה,1.00,יחידה,false,1,36.50,36.50,false,1,
7290115190052,false,סיגריות מרלבורו מדיום פלייבור מיקס,פיליפ מוריס בעמ,US,מרלבורו פלייבור,יחידה,1.00,יחידה,false,1,36.50,36.50,false,1,
7290115190069,false,מרלבורו גולד 100 פאקט) (10 חד,פיליפ מוריס בעמ,IL,מרלבורו גולד ארו,יחידה,1.00,יחידה,false,1,349.00,349.00,false,1,
7290115190083,false,מרלבורו גולד פאקט) (10 חדש,פיליפ מוריס בעמ,IL,מרלבורו גולד קצר,יחידה,1.00,יחידה,false,1,349.00,349.00,false,1,
7290115190090,false,סיגריות מרלבורו קצר בוקס בודד,פיליפ מוריס בעמ,US,מרלבורו גולד קצר,יחידה,1.00,יחידה,false,1,36.50,36.50,false,1,
7290115190113,false,מרלבורו גולד קצר קופסא סופט,פיליפ מוריס בעמ,IL,מרלבורו סופט קצר,יחידה,1.00,יחידה,false,1,34.50,34.50,false,1,
7290115190151,false,סיגריות מרלבורו טאצ גולד,פיליפ מוריס בעמ,IL,מרלבורו גולד טאץ,יחידה,1.00,יחידה,false,1,34.00,34.00,false,1,
7290115190168,false,פרלמנט סופר סלימס PP קרטוש,פיליפ מוריס,TR,פרלמנט סופר סלימ,יחידה,1.00,יחידה,false,1,398.00,398.00,false,1,
7290115190199,false,פרלמנט נייט ארוך חפיסה) (20,פיליפ מוריס בעמ,TR,פרלמנט נייט ארוך,יחידה,1.00,יחידה,false,1,42.50,42.50,false,1,
7290115190236,false,סיגריות פרלמנט קצר בלו בודד,פיליפ מוריס בעמ,IL,פרלמנט בלו קצר,יחידה,1.00,יחידה,false,1,42.50,42.50,false,1,
7290115190250,false,סיגריות פרלמנט קצר בודד,פיליפ מוריס בעמ,US,פרלמנט נייט קצר,יחידה,1.00,יחידה,false,1,42.50,42.50,false,1,
7290115190328,false,ל.מ. בלו לייבל ארוך פאקט,פיליפ מוריס בעמ,TR,אל אם בלו ארוך,יחידה,1.00,יחידה,false,1,326.00,326.00,false,1,
7290115190335,false,ל.מ.בלו לייבל ארוך בוקס חפיסה,פיליפ מוריס בעמ,TR,אל אם בלו ארוך,יחידה,1.00,יחידה,false,1,34.50,34.50,false,1,
7290115190359,false,אל.אמ בלו לייבל קצר חפיסה) (20,פיליפ מוריס בעמ,US,אל אם בלו קצר,יחידה,1.00,יחידה,false,1,34.50,34.50,false,1,
7290115190373,false,סיגריות ל.מ. קפסולהP,פיליפ מוריס בעמ,TR,אל אמ פורוורד חפ,יחידה,1.00,יחידה,false,1,34.50,34.50,false,1,
7290115190397,false,סיגריות L.M קצר רד לייבל בודד,פיליפ מוריס בעמ,US,אל אם רד קצר חפ,יחידה,1.00,יחידה,false,1,34.50,34.50,false,1,
7290115190434,false,סיגריות L.M וייב סלימס בודד,פיליפ מוריס בעמ,US,אל אם וויב סלימס,יחידה,1.00,יחידה,false,1,34.50,34.50,false,1,
7290115190441,false,נקסט אדג` פקאט 10 יחידות,פיליפ מוריס בעמ,TR,פאקט נקסט אדג',יחידה,1.00,יחידה,false,1,257.00,257.00,false,1,
7290115190458,false,סיגריות נקסט פיין אדג' בודד,פיליפ מוריס בעמ,TR,נקסט אדג',יחידה,1.00,יחידה,false,1,26.50,26.50,false,1,
7290115190472,false,סיגריות נקסט פיין אדג',פיליפ מוריס בעמ,,נקסט פיין אדג',יחידה,1.00,יחידה,false,0,26.50,26.50,true,1,
7290115190496,false,סיגריות נקסט ארוך בודד,פיליפ מוריס בעמ,IL,נקסט פיין ארוך,יחידה,1.00,יחידה,false,1,32.50,32.50,false,1,
7290115190519,false,סיגריות נקסט פיין חפ,פיליפ מוריס בעמ,PL,נקסט פיין חפ,יחידה,1.00,יחידה,false,1,32.50,32.50,false,1,
7290115190533,false,סיגריות נקסט ריסס 100 בודד,פיליפ מוריס בעמ,TR,נקסט ריסס ארוך,יחידה,1.00,יחידה,false,1,30.50,30.50,false,1,
7290115190571,false,סיגריות נקסט לילך בודד,פיליפ מוריס בעמ,US,נקסט לילך,יחידה,1.00,יחידה,false,1,32.50,32.50,false,1,
7290115190595,false,סיגריות נקסט אוריגינ,פיליפ מוריס בעמ,PL,נקסט אוריג'ינל,יחידה,1.00,יחידה,false,1,32.50,32.50,false,1,
7290115190618,false,מרלבורו רד-טבק לגלגול סיגריות בודד,פיליפ מוריס בעמ,,טבק מרלבורו,יחידה,1.00,יחידה,false,0,84.00,84.00,true,1,
7290115190632,false,מרלבורו גולד-טבק לגלגול סיגריות בודד,פיליפ מוריס בעמ,,טבק לגלגול,יחידה,1.00,יחידה,false,0,84.00,84.00,true,1,
7290115190656,false,נקסט טבק פיין סיגריות חפיסה.,פיליפ מוריס בעמ,PL,טבק נקסט פיין,גרמים,40.00,100 גרם,false,1,93.00,232.50,false,1,
7290115190892,false,סיגריות מרלבורו פיוז'ן קפסולה בודד,פיליפ מוריס בעמ,TR,מרלבורו פיוז'ן ח,יחידה,1.00,יחידה,false,1,29.50,29.50,false,1,
7290115200003,false,פתי בר פינוקי וניל אסם 220 גרם,קבוצת אוסם סחר שותפות מוגבלת,PL,פתיבר פינוקים,גרמים,220.00,100 גרם,false,1,9.30,4.23,true,1,
7290115200027,false,אסם פתי בר פינוקים שוקו 220 גרם,קבוצת אוסם סחר שותפות מוגבלת,PL,פתיבר פינוקים,גרמים,220.00,100 גרם,false,1,9.30,4.23,true,1,
7290115200676,false,עוגיות קרמוגית במילוי קרם בטעם קרמל מלוח,קבוצת אוסם סחר שותפות מוגבלת,IL,קרמוגית קרמל,גרמים,200.00,100 גרם,false,1,9.30,4.65,true,1,
7290115200713,false,במבה קלאסי מארז אחיד 5*50 גר` אסם,קבוצת אוסם סחר שותפות מוגבלת,IL,במבה קלאסי 5 יח,גרמים,250.00,100 גרם,false,1,10.60,4.24,true,1,
7290115200881,false,בייגלה שטוחים שומשום מליחות מעודנת אסם 300 גרם,קבוצת אוסם סחר שותפות מוגבלת,IL,בייגלה שטוחים,גרמים,300.00,100 גרם,false,1,9.30,3.10,true,1,
7290115201031,false,פתי בר פינוקי דובי שוקולד 175גר.,קבוצת אוסם סחר שותפות מוגבלת,PL,פתיבר דובי שוקול,גרמים,175.00,100 גרם,false,1,9.30,5.31,true,1,
7290115201475,false,טבעול גורמה לביבות כרישה 434 גרם,קבוצת אוסם סחר-שות.מוגבלת,IL,לביבות כרישה,גרמים,434.00,100 גרם,false,1,29.80,6.87,true,1,
7290115201536,false,"טבעול גורמה לביבות כרובית ותפו""א 442 גרם",קבוצת אוסם סחר שותפות מוגבלת,IL,לביבות כרובית ות,גרמים,442.00,100 גרם,false,1,29.80,6.74,true,1,
7290115201680,false,ביסלי חטיף בטעם ברביקין אסם (70 גרם),קבוצת אוסם סחר שותפות מוגבלת,IL,ביסלי ברביקיו,גרמים,70.00,100 גרם,false,1,3.70,5.29,true,1,
7290115201703,false,ביסלי חטיף בטעם ברביקין אסם (200 גרם),קבוצת אוסם סחר שותפות מוגבלת,IL,ביסלי ברביקיו,גרמים,200.00,100 גרם,false,1,6.40,3.20,true,1,
7290115201727,false,ביסלי חטיף בטעם בצל אסם (200 גרם),קבוצת אוסם סחר-שות.מוגבלת,IL,ביסלי בצל,גרמים,200.00,100 גרם,false,1,6.40,3.20,true,1,
7290115201741,false,ביסלי חטיף בטעם בצל אסם (70 גרם),קבוצת אוסם סחר שותפות מוגבלת,IL,ביסלי בצל,גרמים,70.00,100 גרם,false,1,3.70,5.29,true,1,
7290115202236,false,טופו קראנצי`ם 470 גרם טבעול,קבוצת אוסם סחר שותפות מוגבלת,IL,טופו קראנצ'ים,גרמים,470.00,100 גרם,false,1,27.20,5.79,true,1,
7290115202786,false,מנה חמה פאוצ' נדלס.אטר.טעם בקר 70 גרם,קבוצת אוסם סחר שותפות מוגבלת,TH,מנה חמה פאוצ',גרמים,70.00,100 גרם,false,1,4.10,5.86,true,1,
7290115202816,false,מנה חמה פאוץ נודלס אטריות טעם עוף 70 גרם,קבוצת אוסם סחר שותפות מוגבלת,TH,מנה חמה פאוצ',גרמים,70.00,100 גרם,false,1,4.10,5.86,true,1,
7290115202847,false,מנה חמה פאוצ' נדלס ספייסי אסם 70 ג',קבוצת אוסם סחר שותפות מוגבלת,TH,מנה חמה פאוצ',גרמים,70.00,100 גרם,false,1,4.10,5.86,true,1,
7290115203134,false,חטיף פופקו פופקורן במבה אסם (80 גרם),קבוצת אוסם סחר שותפות מוגבלת,IL,פופקו פופקורן,גרמים,80.00,100 גרם,false,1,4.50,5.63,true,1,
7290115203172,false,במבה PRO מכיל 18 גרם חלבון בשקית,קבוצת אוסם סחר שותפות מוגבלת,IL,חטיף במבה פרו,גרמים,80.00,100 גרם,false,1,3.60,4.50,true,1,
7290115204056,false,"קטשופ מופחת סוכר אסם 690 גרם כשל""פ",קבוצת אוסם סחר שותפות מוגבלת,IL,קטשופ מופחת סוכר,גרמים,690.00,100 גרם,false,1,9.30,1.35,true,1,
7290115204131,false,צבר סחוג ירוק 6*190גרם חדש,קבוצת אוסם סחר שותפות מוגבלת,IL,סחוג ירוק צבר,גרמים,190.00,100 גרם,false,1,10.10,5.32,true,1,
7290115204155,false,סחוג אדום המעדנייה ש,קבוצת אוסם סחר שותפות מוגבלת,IL,סחוג אדום צבר,גרמים,190.00,100 גרם,false,1,10.10,5.32,true,1,
7290115204186,false,פסטו המעדינה של צבר,קבוצת אוסם סחר שותפות מוגבלת,IL,פסטו צבר,גרמים,190.00,100 גרם,false,1,12.70,6.68,true,1,
7290115205176,false,729001032825פיטנס חטיפי קרקר כפרי 140גר.,קבוצת אוסם סחר שותפות מוגבלת,IL,קרקר דק פיטנס,גרמים,140.00,100 גרם,false,1,10.10,7.21,true,1,
7290115205251,false,פריכיות קרמל מלוח פיטנס בר 84 גרם,קבוצת אוסם סחר שותפות מוגבלת,IL,פיטנס בר פריכיות,גרמים,84.00,100 גרם,false,1,11.00,13.10,true,1,
7290115205312,false,קרקר פיטנס דק עם זיתי קלמטה ועשבי תיבול,קבוצת אוסם סחר שותפות מוגבלת,IL,קרקר דק פיטנס,גרמים,140.00,100 גרם,false,1,10.10,7.21,true,1,
7290115205527,false,חטיף מולטיגריין עם עדשים ( 25 גר`) פיטנס,קבוצת אוסם סחר שותפות מוגבלת,IL,חטיף פיטנס,גרמים,25.00,100 גרם,false,1,4.10,16.40,true,1,
7290115205541,false,חטיף מולטיגריין עם חומוס ( 25 גר`) פיטנס,קבוצת אוסם סחר שותפות מוגבלת,IL,חטיף פיטנס,גרמים,25.00,100 גרם,false,1,4.10,16.40,true,1,
7290115205633,false,טבעול סנסשיונל/גורמה נקנקיות 350 גר',קבוצת אוסם סחר שותפות מוגבלת,IL,נקניקיות סנסשיונ,גרמים,350.00,100 גרם,false,1,29.80,8.51,true,1,
7290115205718,false,אסם בונזור בצק מצונן עלים 230 גרם,קבוצת אוסם סחר-שות.מוגבלת,CH,בצק עלים מצונן,גרמים,230.00,100 גרם,false,1,10.20,4.43,true,1,
7290115207620,false,"רוטב בסגנון סויה קלאסי 290 מ""ל אסם",קבוצת אוסם סחר שותפות מוגבלת,IL,רוטב סויה קלאסי,גרמים,333.00,100 גרם,false,1,11.00,3.30,true,1,
7290115207682,false,אסם רוטב בסגנון סויה סיני 9*290מל חדש,קבוצת אוסם סחר שותפות מוגבלת,IL,רוטב סויה סיני,גרמים,330.00,100 גרם,false,1,8.40,2.55,true,1,
7290115207811,false,"טבעול נקניקיות טבעוניות, 418 גרם",קבוצת אוסם סחר-שות.מוגבלת,IL,נקניקיות טבעוני,גרמים,418.00,100 גרם,false,1,29.80,7.13,true,1,
7290115207941,false,סירופ אננס ויטמינצ'יק 1 ליטר,קבוצת אוסם סחר שותפות מוגבלת,IL,ויטמינצ'יק אננס,ליטרים,1.00,ליטר,false,1,18.70,18.70,true,1,
7290115207965,false,סירופ מנגו אפרסק ויטמינצ'יק 1 ליטר,קבוצת אוסם סחר שותפות מוגבלת,IL,ויטמינצ'יק מנגו,ליטרים,1.00,ליטר,false,1,18.70,18.70,true,1,
7290115207989,false,סירופ לימון ויטמינצ'יק 1 ליטר,קבוצת אוסם סחר שותפות מוגבלת,IL,ויטמינצ'יק לימון,ליטרים,1.00,ליטר,false,1,18.70,18.70,true,1,
7290115208009,false,סירופ ענבים ויטמינצ'יק 1 ליטר,קבוצת אוסם סחר שותפות מוגבלת,IL,ויטמינצ'יק ענבים,ליטרים,1.00,ליטר,false,1,18.70,18.70,true,1,
7290115208047,false,סירופ פטל ויטמינצ`יק (1 ליטר),קבוצת אוסם סחר שותפות מוגבלת,IL,ויטמינצ'יק פטל,ליטרים,1.00,ליטר,false,1,18.70,18.70,true,1,
7290115208061,false,סירופ תפוח ויטמינצ'יק 1 ליטר,קבוצת אוסם סחר שותפות מוגבלת,IL,ויטמינצ'יק תפוח,ליטרים,1.00,ליטר,false,1,18.70,18.70,true,1,
7290115208320,false,אפרופו חטיף בטעם ביסלי בצל 50 גרם,קבוצת אוסם סחר שותפות מוגבלת,IL,אפרופו טעם ביסלי,גרמים,50.00,100 גרם,false,1,4.20,8.40,true,1,
7290115208344,false,שטוחים בייגלה כפיות שמנת בצל 300גר,קבוצת אוסם סחר שותפות מוגבלת,IL,בייגלה כפיות,גרמים,300.00,100 גרם,false,1,9.30,3.10,true,1,
7290115208597,false,קרמוגית מיניס קרמל מלוח אסם 200 גרם,קבוצת אוסם סחר שותפות מוגבלת,IL,קרמוגית מיניס,גרמים,200.00,100 גרם,false,1,9.30,4.65,true,1,
7290115208801,false,קרקר לחמית דבש ואגוזים אסם (190 גרם),קבוצת אוסם סחר שותפות מוגבלת,IL,לחמית דבש ואגוזי,גרמים,190.00,100 גרם,false,1,8.40,4.42,true,1,
7290115209198,false,במבה אוורירית אסם 80 גרם,קבוצת אוסם סחר שותפות מוגבלת,IL,במבה אוורירית,גרמים,80.00,100 גרם,false,1,3.60,4.50,true,1,
7290115209358,false,במבה במילוי בראוניז אסם (60 גרם),קבוצת אוסם סחר שותפות מוגבלת,IL,במבה בראוניז,גרמים,60.00,100 גרם,false,1,3.60,6.00,true,1,
7290115209372,false,במבה במילוי בראוניז 150 גרם אוסם,קבוצת אוסם סחר שותפות מוגבלת,IL,במבה במילוי בראו,גרמים,150.00,100 גרם,false,1,9.30,6.20,true,1,
7290115480009,false,"מרכך כביסה מרוכז פרש קונטרול ירוק 900 מ""ל סוד",גורי שיווק בעמ,IL,סוד מרכך פרש,מיליליטרים,900.00,"100 מ""ל",false,1,11.00,1.22,true,1,
7290115480023,false,סוד פאוור קאפס לכביסה צבעונית 45 יחי,הנקל,RS,סוד קפסולות ג'ל,יחידה,1.00,יחידה,false,1,25.50,25.50,true,1,
7290115671308,false,מסטיק מאסט פאן תות דובדבן צנצנת 58 גרם,שטראוס גרופ בע`מ,DE,מסטיק מאסט,גרמים,58.00,100 גרם,false,1,8.40,14.48,true,1,
7290115671339,false,מיני פינוקיות בראוניז בייגל בוטן עלית 180 ג' עלית,"הגביע מוצרי ופלים בע""\מ",IL,מיני פינוקיות,גרמים,180.00,100 גרם,false,1,9.30,5.17,true,1,
7290115671421,false,פולי אספרסו עשירים וארומטיים עוצמה 10 עלית 250 גרם,שטראוס קפה בי. וי.,IL,פולי קפה,גרמים,250.00,100 גרם,false,1,18.70,7.48,true,1,
7290115674712,false,חטיף קרקר סריראצ'ה 170גר,שטראוס פריטו ליי בעמ,US,חטיף קרקר,גרמים,170.00,100 גרם,false,1,12.70,7.47,true,1,
7290115674774,false,קרקר אפוי עם זרעי צ'יה וקינואה 170 ג' BREADZ,שטראוס פריטו ליי בע`מ,US,חטיף קרקר,גרמים,170.00,100 גרם,false,1,12.70,7.47,true,1,
7290115675559,false,מארז קפה טורקי לדרך 10 יחידות,שטראוס קפה בי.וי.,IL,מארז טורקי לדרך,גרמים,70.00,100 גרם,false,1,6.70,9.57,true,1,
7290115675696,false,דגני בוקר קראנצ'ים שיבולת שועל עם אגוזים ושקדים,שטראוס פריטו ליי בע`מ,PL,דגני קוואקר,גרמים,375.00,100 גרם,false,1,14.40,3.84,true,1,
7290115675719,false,דגני בוקר קראנצ'ים שיבולת שועל וחתיכות שוקולד מריר,שטראוס פריטו ליי בע`מ,PL,דגני קוואקר,גרמים,375.00,100 גרם,false,1,14.40,3.84,true,1,
7290115675986,false,דנונה יוגורט בר עם אגוזים מקורמלים 173 גרם,שטראוס גרופ בעמ/מצונן,IL,יוגורט בר,גרמים,173.00,100 גרם,false,1,3.90,2.25,false,1,
7290115676037,false,דנונה ריפרש יוגורט עם תות ודומדמניות 1.6% שומן,שטראוס גרופ בעמ/מצונן,IL,יוגורט דנונה,גרמים,250.00,100 גרם,false,1,5.00,2.00,true,1,
7290115676051,false,"משקה אקטיביה שיבולת שועל במתיקות מעודנת 250 מ""ל",שטראוס גרופ בעמ/מצונן,IL,משקה אקטיביה,גרמים,265.00,100 גרם,false,1,4.20,1.58,true,1,
7290115676082,false,משקה דנונה פרו 20 יוגורט תות 255 ג' רבנות,שטראוס גרופ בעמ/מצונן,IL,משקה דנונה פרו,גרמים,255.00,100 גרם,false,1,5.90,2.31,true,1,
7290115676099,false,משקה דנונה פרו 20 יוגורט וניל 255 ג' רבנות,שטראוס גרופ בעמ/מצונן,IL,משקה דנונה פרו,גרמים,255.00,100 גרם,false,1,5.90,2.31,true,1,
7290115676273,false,אבקת קקאו עלית 500 גרם+ 10% תוספת,שטראוס קפה בי.וי.,IL,קקאו עלית,גרמים,550.00,100 גרם,false,1,20.40,3.71,true,1,
7290115677089,false,קונפיטורת תפוח וקינמון יד מרדכי 340 גרם,שטראוס גרופ בע`מ,IL,קונפיטורה תפוח,גרמים,340.00,100 גרם,false,1,10.10,2.97,true,1,
7290115677362,false,"נודלס טריאקי ""דלישס"" שטראוס",קפוא-זן תעשיות מזון בעמ - תפוג,IL,נודלס טריאקי עם,גרמים,350.00,100 גרם,false,1,20.40,5.83,true,1,
7290115677409,false,אורז קארי צהוב עם ירקות ברוטב קארי וקרם קוקוס,קפוא זן תעשיות מזון בעמ,IL,דלישס אורז קארי,גרמים,350.00,100 גרם,false,1,20.40,5.83,true,1,
7290115677423,false,אורז ירוק קארי חריף חריף דלישס 350 גרם,קפוא-זן תעשיות מזון בעמ - תפוג,IL,דלישס אורז קארי,גרמים,350.00,100 גרם,false,1,20.40,5.83,true,1,
7290115677966,false,ממרח אבוקדו טעם הטבע 200 גרם,שטראוס גרופ בעמ/מצונן,MX,ממרח אבוקדו,גרמים,200.00,100 גרם,false,1,14.90,7.45,true,1,
7290115678222,false,מארז 8 גביעים יוגורט Greek בסגנון יווני 6.5% שומן,שטראוס גרופ בעמ/מצונן,IL,דנונה יווני 8 יח,קילוגרמים,1.04,"ק""ג",false,1,22.10,21.25,true,1,
7290115678376,false,מעדן הגולן שוקולד 125 גרם,שטראוס גרופ בעמ/מצונן,IL,מעדן הגולן,גרמים,125.00,100 גרם,false,1,2.70,2.16,true,1,
7290115678383,false,מעדן הגולן שוקולד מריר בודד 125גר,שטראוס גרופ בעמ/מצונן,IL,מעדן הגולן,גרמים,125.00,100 גרם,false,1,2.70,2.16,true,1,
7290115678598,false,חסה אייסברג חיתוך גס 300 שטראוס טעם הטבע,שטראוס בריאות ירקות טריי,IL,חסה אייסברג חיתו,גרמים,300.00,100 גרם,false,1,10.90,3.63,true,1,
7290115678635,false,נשנושי גבינה -גבינת שמנת 16%+כעכים שטוחים עם מלח,שטראוס גרופ בעמ/מצונן,IL,נשנושי גבינה,גרמים,67.00,100 גרם,false,1,8.40,12.54,true,1,
7290115678642,false,נשנושי גבינה 16% עם חטיף אפוי עם זיתים 67 ג' שטראוס,שטראוס גרופ בעמ/מצונן,IL,נשנושי גבינה,גרמים,67.00,100 גרם,false,1,9.30,13.88,true,1,
7290115679519,false,דלישס שייק פירות ורוד 150*2,קפוא זן תעשיות מזון בעמ,BE,שייק פירות,גרמים,300.00,100 גרם,false,1,17.00,5.67,true,1,
7290115679731,false,דלישס שייק פירות ירוק 150*2,קפוא זן תעשיות מזון בעמ,BE,שייק פירות,גרמים,300.00,100 גרם,false,1,17.00,5.67,true,1,
7290115679779,false,דלישס שייק פירות אדום 150*2,קפוא זן תעשיות מזון בעמ,BE,שייק פירו,גרמים,300.00,100 גרם,false,1,17.00,5.67,true,1,
7290115679878,false,פיצה מבצק עם סלק דלישס 320 גרם,קפוא זן תעשיות מזון בעמ,IL,דלישס פיצה מבצק,גרמים,320.00,100 גרם,false,1,17.00,5.31,true,1,
7290115679885,false,פיצה מבצק עם כרובית עם רוטב עגבניות ומוצרלה,קפוא זן תעשיות מזון בעמ,IL,דלישס פיצה מבצק,גרמים,320.00,100 גרם,false,1,17.00,5.31,true,1,
7290115679915,false,פיצה מבצק עם דלעת עם רוטב עגבניות ומוצרלה,קפוא זן תעשיות מזון בעמ,IL,דלישס פיצה מבצק,גרמים,320.00,100 גרם,false,1,17.00,5.31,true,1,
7290116243962,false,אצבעות שוקולד ממולא בקרם חלב עם מדבקות 50 גרם - כוח פי גיי,Unknown,UA,אצבעות שוקולד,גרמים,50.00,100 גרם,false,1,3.30,6.60,true,1,
7290116244037,false,חד קרן אצבעות שוקולד חלב 84 גרם,שמחה זה אנחנו בע`מ,NL,אצבעות שוקולד,גרמים,84.00,100 גרם,false,1,6.70,7.98,true,1,
7290116244051,false,אצבעות שוקולד חלב 84 גרם LOL,שמחה זה אנחנו בע`מ,NL,אצבעות שוקולד,גרמים,84.00,100 גרם,false,1,6.70,7.98,true,1,
7290116244068,false,אצבעות שוקולד חלב 84 גר`כוח פי ג`יי,שמחה זה אנחנו בע`מ,NL,אצבעות שוקולד,גרמים,84.00,100 גרם,false,1,6.70,7.98,true,1,
7290116244075,false,סמי הכבאי אצבעות שוקולד חלב 84 גרם,סטילנד שוקולד,NL,אצבעות שוקולד,גרמים,84.00,100 גרם,false,1,6.70,7.98,true,1,
7290116530000,false,"דאב - תרחיץ פנים מרענן בניחוח מלפפון ותה ירוק 180 מ""ל",יוניליוור ישראל שיווק בע`מ,IL,דאב תרחיץ פנים,מיליליטרים,180.00,"100 מ""ל",false,1,11.00,6.11,true,1,
7290116530062,false,רוטב ויניגרט לסלט הלמנס 295 גרם,יוניליוור ישראל שיווק בע`מ,IL,רוטב ויניגרט,גרמים,295.00,100 גרם,false,1,9.30,3.15,true,1,
7290116530185,false,"קורנפלקס דלישקד קרמל מלוח 400 גרם בד""ץ",יוניליוור ישראל שיווק בע`מ,IL,דלישקד קרמל,גרמים,400.00,100 גרם,false,1,17.80,4.45,true,1,
7290116530215,false,דאודרנט סטיק לגבר דרק טמפטיישן 76 ג' אקס,"יוניליוור ישראלשיווק בע""מ",US,דאו. סטיק אקס,גרמים,77.00,100 גרם,false,1,17.00,22.08,true,1,
7290116530239,false,אקס דאו סטיק לגבר בלאק 7 גרם,"יוניליוור ישראלשיווק בע""מ",US,דאו.סטיק אקס,גרמים,77.00,100 גרם,false,1,17.00,22.08,true,1,
7290116530888,false,ג'ל לכביסה לבנה וצבעונית פינוק כחול בדין 2.5 ל',יוניליוור ישראל שיווק בע`מ,IL,ג'ל כביסה בדין,ליטרים,2.50,ליטר,false,1,28.10,11.24,true,1,
7290116531069,false,קנור מרק בצל 100% רכיבים טבעיים 225 גרם,יוניליוור ישראל שיווק בע`מ,IL,מרק בצל,גרמים,225.00,100 גרם,false,1,12.70,5.64,true,1,
7290116531076,false,מרק פטריות רכיבים טבעיים קטן 225 ג' קנור,יוניליוור ישראל שיווק בע`מ,IL,מרק פטריות,גרמים,225.00,100 גרם,false,1,12.70,5.64,true,1,
7290116531090,false,בייגל בייגל דג דג במליחות עדינה 250 גרם,יוניליוור ישראל שיווק בע`מ,IL,דגדג חטיף אפוי,גרמים,250.00,100 גרם,false,1,7.60,3.04,true,1,
7290116531243,false,"שמפו ומרכך 2ב-1 למניעת קשקשים 700 מ""ל פינוק","יוניליוור ישראל שיווק בע""מ",IL,שמפו פינוק,מיליליטרים,700.00,"100 מ""ל",false,1,11.00,1.57,true,1,
7290116531328,false,"קליק בלאק אנד וויט חטיף שוקולד חלב 35 גרם כשל""פ",יוניליוור ישראל שיווק בע`מ,IL,חטיף קליק,גרמים,35.00,100 גרם,false,1,4.10,11.71,true,1,
7290116531779,false,דפים ריחניים למייבש כביסה בדין כחול 40 יחידות,יוניליוור ישראל שיווק בע`מ,US,דפים למייבש,יחידה,1.00,יחידה,false,1,15.60,15.60,true,1,
7290116531793,false,הלמנ'ס רוטב לסלט קיסר 295 גרם,יוניליוור ישראל שיווק בע`מ,IL,רוטב לסלט קיסר,גרמים,295.00,100 גרם,false,1,9.30,3.15,true,1,
7290116532011,false,קליק אוקיי נוגט בציפוי שוקולד חלב 35 גרם,יוניליוור ישראל שיווק בע`מ,IL,חטיף קליק נוגט,גרמים,35.00,100 גרם,false,1,4.10,11.71,true,1,
7290116532387,false,"אל סבון ידיים נוזלי חמאת שיאה 950 מ""ל פינוק",יוניליוור ישראל שיווק בע`מ,IL,פינוק סבון ידיים,מיליליטרים,950.00,"100 מ""ל",false,1,10.10,1.06,true,1,
7290116532394,false,"אל סבון ידיים נוזלי חמאת קקאו 950 מ""ל פינוק",יוניליוור ישראל שיווק בע`מ,IL,פינוק סבון ידיים,מיליליטרים,950.00,"100 מ""ל",false,1,10.10,1.06,true,1,
7290116532462,false,גלידת שמנת קליק בטעמי שוקולד בננה 384 ג' שטראוס,"גלידת שטראוס בע""\מ, רחוב",IL,"קליק גלידה 520מ""",מיליליטרים,520.00,"100 מ""ל",false,1,17.00,3.27,true,1,
7290116532479,false,קליק גלידת שמנת בטעמי שוקולד לבן עוגיות 384 ג' שטראוס,"גלידת שטראוס בע""\מ, רחוב",IL,"גלידה קליק 520מ""",מיליליטרים,520.00,"100 מ""ל",false,1,17.00,3.27,true,1,
7290116532585,false,דגני בוקר ברנפלקס קרנצ'ים בטעם דבש וקינמון,יוניליוור ישראל שיווק בע`מ,IL,קרנצים בטעם דבש,גרמים,375.00,100 גרם,false,1,16.10,4.30,true,1,
7290116532622,false,"מרכך לשיער בתוספת תמצית גוג'י ברי פינוק 700 מ""ל.",יוניליוור ישראל שיווק בע`מ,IL,מרכך עם גוגי ברי,מיליליטרים,700.00,"100 מ""ל",false,1,10.10,1.44,true,1,
7290116532868,false,פינוק בייבי שמפו אל דמע לתינוקות 900 מל,יוניליוור ישראל שיווק בע`מ,IL,בייבי שמפו,מיליליטרים,900.00,"100 מ""ל",false,1,16.10,1.79,true,1,
7290116532882,false,נישנושים איירביס טעם בצל 155 גר`,יוניליוור ישראל שיווק בע`מ,IL,נשנושים איירביס,גרמים,155.00,100 גרם,false,1,10.80,6.97,true,1,
7290116930015,false,GO חטיף חלבון חטיף בוטנים קריספי 20 גרם חלבון,"בלמונט קונפקציות בע""\מ.",US,חטיף חלבון GO,גרמים,60.00,100 גרם,false,1,11.00,18.33,true,1,
7290116930022,false,GO חטיף חלבון עוגיות ציפוי קריספי 20 גרם חלבון,"בלמונט קונפקציות בע""\מ.",US,חטיף חלבון GO,גרמים,60.00,100 גרם,false,1,11.00,18.33,true,1,
7290116930282,false,ארוחה בקטנה לאבנה עם קרקרים 150ג' תנובה,"תנובה בע""מ ***",IL,לאבנה,גרמים,150.00,100 גרם,false,1,7.60,5.07,true,1,
7290116930435,false,יופלה גו במרקם סמיך עם דובדבן 0% 200מל,תנובה מרכז שיתופי לש,IL,יוגורט גו סמיך,גרמים,200.00,100 גרם,false,1,5.00,2.50,true,1,
7290116930459,false,"יופלה שייק מנגו בננה אננס וקוקוס 230 מ""ל",קבוצת המזון אקטשלאר,IL,יופלה שייק,מיליליטרים,230.00,"100 מ""ל",false,1,7.00,3.04,true,1,
7290116930466,false,"משקה SHAKE בננה מנגן פסיפלורה והל 230 מ""ל יופלה",קבוצת המזון אקטשלאר,IL,יופלה שייק,מיליליטרים,230.00,"100 מ""ל",false,1,7.00,3.04,true,1,
7290116930480,false,"משקה SHAKE בננה קיווי תפוח 230 מ""ל יופלה",קבוצת המזון אקטשלאר,IL,יופלה שייק,מיליליטרים,230.00,"100 מ""ל",false,1,7.00,3.04,true,1,
7290116930626,false,ארוחה בקטנה ציזיקי עם קרקרים 150ג' תנובה,"תנובה בע""מ ***",IL,ציזיקי עם קרקרים,גרמים,150.00,100 גרם,false,1,7.60,5.07,true,1,
7290116930657,false,"משקה חלב גו בטעם בננה תמר בתוספת שיבולת שועל במרקם חלק 340 מ""ל",תנובה מרכז שיתופי לש,IL,משקה גו בננה תמר,מיליליטרים,340.00,"100 מ""ל",false,1,6.50,1.91,true,1,
7290116930701,false,מעדן חלב GO מועשר בחלבון בטעם קרמל מלוח,תנובה מרכז שיתופי לש,IL,מעדן חלב גו,גרמים,120.00,100 גרם,false,1,4.10,3.42,true,1,
7290116930718,false,מעדן תנובה דיאט בטעם שוקולד וקרמל מלוח 0% 150ג' תנובה,"תנובה בע""\מ",IL,מעדן תנובה דיאט,גרמים,150.00,100 גרם,false,1,3.40,2.27,true,1,
7290116930725,false,סויה BIO קוקוס גביע 150 גרם אלטרנטיב,תנובה בעמ ***,IL,מעדן סויה ביו,גרמים,150.00,100 גרם,false,1,4.10,2.73,true,1,
7290116930954,false,יוגורט טעם פאי תפוחים 3% 150 ג' יופלה,תנובה בעמ ***,IL,יופלה פאי תפוחים,גרמים,150.00,100 גרם,false,1,4.20,2.80,true,1,
7290116931104,false,יופלה GO במרקם סמיך עם אננס 0% תנובה 200 גרם,"תנובה בע""מ ***",IL,יופלה גו סמיך,גרמים,200.00,100 גרם,false,1,5.00,2.50,true,1,
7290117260173,false,"קמח חיטה רב תכליתי 1 ק""ג",ג. וילי-פוד אינטרנשיונל בע`מ,IT,קמח רב תכליתי,קילוגרמים,1.00,"ק""ג",false,1,6.70,6.70,true,1,
7290117260227,false,קפה טורקי אמיתי מטורקיה 100 גרם,ג. וילי-פוד אינטרנשיונל בע`מ,TR,קפה טורקי,גרמים,100.00,100 גרם,false,1,5.00,5.00,true,1,
7290117260449,false,גבינה בולגרית מעודנת למריחה בטעם טבעי 5% שומן 200 ג' יורו,ג.וילי-פוד אינטרנשיונל **גבינו,TR,בולגרית למריחה,גרמים,200.00,100 גרם,false,1,10.20,5.10,true,1,
7290117260456,false,גבינה בולגרית מעודנת למריחה עם זיתים 5% שומן 200 ג' יורו,ג.וילי-פוד אינטרנשיונל **גבינו,TR,בולגרית למריחה,גרמים,200.00,100 גרם,false,1,10.20,5.10,true,1,
7290117260463,false,גבינה בולגרית מעודנת למריחה עם חלפיניו 5% שומן 200 ג' יורו,ג.וילי-פוד אינטרנשיונל **גבינו,TR,בולגרית למריחה,גרמים,200.00,100 גרם,false,1,10.20,5.10,true,1,
7290117260470,false,גבינה בולגרית מעודנת למריחה עם שום 5% שומן 200 ג' יורו,ג.וילי-פוד אינטרנשיונל **גבינו,TR,בולגרית למריחה,גרמים,200.00,100 גרם,false,1,10.20,5.10,true,1,
7290117260562,false,חמאה כפרית מסורתית בגביע,ג.וילי-פוד אינטרנשיונל **גבינו,TR,חמאה בגביע,גרמים,225.00,100 גרם,false,1,14.40,6.40,true,1,
7290117260579,false,חטיף קראנצ'י על בסיס קמח עדשים בטעם שמנת חמוצה ובצל 80 ג',ג. וילי-פוד אינטרנשיונל בע`מ,LT,חטיף קראנצ'י,גרמים,80.00,100 גרם,false,1,7.60,9.50,true,1,
7290117260586,false,חטיף קראנצ'י על בסיס קמח עדשים בטעם פלפל חלפיניו וליים 80 ג',ג. וילי-פוד אינטרנשיונל בע`מ,LT,חטיף קראנצ'י,גרמים,80.00,100 גרם,false,1,7.60,9.50,true,1,
7290117260593,false,חטיף קראנצ'י על בסיס קמח עדשים בטעם צ'דר 80 ג',ג. וילי-פוד אינטרנשיונל בע`מ,LT,חטיף קראנצ'י,גרמים,80.00,100 גרם,false,1,7.60,9.50,true,1,
7290117260685,false,תן בו וניל ציפויים בטעמים שונים 230 גרם,ג. וילי-פוד אינטרנשיונל בע`מ,DK,תן בו מיקס סמבה,גרמים,230.00,100 גרם,false,1,17.00,7.39,true,1,
7290117260807,false,קרמבו וניל בציפוי שוקולד לבן 300 ג' תן בו,,DK,תן בו שוקולד12יח,גרמים,300.00,100 גרם,false,1,17.00,5.67,true,1,
7290117260975,false,זיתי קלמטה מגולענים במי מלח 300 גרם ויליפוד,ג. וילי-פוד אינטרנשיונל בע`מ,TR,זית קלמטה מגולען,גרמים,300.00,100 גרם,false,1,7.60,2.53,true,1,
7290117261002,false,זיתי קלמטה במי מלח 350 גרם ויליפוד,ג. וילי-פוד אינטרנשיונל בע`מ,TR,זיתי קלמטה,גרמים,350.00,100 גרם,false,1,7.60,2.17,true,1,
7290117261019,false,זיתים ירוקים ממולאים מחית פלפלים אדומים במי מלח 300 גרם,ג. וילי-פוד אינטרנשיונל בע`מ,TR,זיתים ירוקים,גרמים,300.00,100 גרם,false,1,7.60,2.53,true,1,
7290117261057,false,זוג קינוחים בטעם קרם עוגיות 140 גרם,ג.וילי-פוד אינטרנשיונל **גבינו,ES,זוג קינוחים,גרמים,140.00,100 גרם,false,1,10.10,7.21,true,1,
7290117261088,false,בוראטה גבינת מוצרלה רכה 18% שומן 125 גר`,ג.וילי-פוד אינטרנשיונל **גבינו,ES,גבינת בוראטה,גרמים,125.00,100 גרם,false,1,20.40,16.32,true,1,
7290117261101,false,זוג קינוחים בטעם שוקולד ואגוזי לוז 140 גרם,ג.וילי-פוד אינטרנשיונל **גבינו,ES,זוג קינוחים,גרמים,140.00,100 גרם,false,1,10.10,7.21,true,1,
7290117261118,false,זוג קינוחים בטעם שוקולד בציפוי שוקולד חלב 140 גרם,ג.וילי-פוד אינטרנשיונל **גבינו,ES,זוג קינוחים,גרמים,140.00,100 גרם,false,1,10.10,7.21,true,1,
7290117261125,false,זוג קינוחים בטעם וניל בציפוי שוקולד לבן 140 גרם,ג.וילי-פוד אינטרנשיונל **גבינו,ES,זוג קינוחים,גרמים,140.00,100 גרם,false,1,10.10,7.21,true,1,
7290117261132,false,זוג קינוחים בטעם קרמל מלוח 70*2 גרם יור,ג.וילי-פוד אינטרנשיונל **גבינו,ES,זוג קינוחים,גרמים,140.00,100 גרם,false,1,10.10,7.21,true,1,
7290117261200,false,ארוחת פסטה בהקפאה פוזילי פטריות וגזר 600,ג.וילי פוד אינטרנשיונל בעמ,GR,פסטה פוזילי פטרי,גרמים,600.00,100 גרם,false,1,20.40,3.40,true,1,
7290117261422,false,euro cheese יוגורט פרוביוטי תות שדה 2% שומן 125 גרם,ג.וילי-פוד אינטרנשיונל **גבינו,TR,יוגורט פרוביוטי,גרמים,125.00,100 גרם,false,1,2.40,1.92,true,1,
7290117261439,false,EURO יוגורט פרוביוטי עם פירות יער 2% 125 גרם,ג.וילי-פוד אינטרנשיונל **גבינו,TR,יוגורט פרוביוטי,גרמים,125.00,100 גרם,false,1,2.40,1.92,true,1,
7290117261446,false,euro cheese יוגורט פרוביוטי אפרסק 2% שומן 125 גרם,ג.וילי-פוד אינטרנשיונל **גבינו,TR,יוגורט פרוביוטי,גרמים,125.00,100 גרם,false,1,2.40,1.92,true,1,
7290117261491,false,מאפה יווני ממולא פטה טבעונית 450 גרם,ג.וילי-פוד אינטרנשיונל **גבינו,GR,מאפה יווני,גרמים,450.00,100 גרם,false,1,21.20,4.71,true,1,
7290117261514,false,סלמון אטלנטי בשמן קנולה ולימון 120 גרם ויליפוד,ג.וילי-פוד אינטרנשיונל בעמ,LV,סלמון אטלנטי,גרמים,120.00,100 גרם,false,1,11.80,9.83,true,1,
7290117261538,false,סלמון אטלנטי בשמן קנולה וצילי 120 גרם ויליפוד,ג. וילי-פוד אינטרנשיונל בע`מ,LV,סלמון אטלנטי,גרמים,120.00,100 גרם,false,1,11.80,9.83,true,1,
7290117261590,false,סרדינים בריסלינג מעושנים בשמן זית 185 גרם צנצנת,ג. וילי-פוד אינטרנשיונל בע`מ,LV,סרדינים בריסלינג,גרמים,185.00,100 גרם,false,1,11.00,5.95,true,1,
7290117261781,false,סימיט בייגלה ממולא גבינה,גידה,TR,סימיט בייגלה ממו,גרמים,360.00,100 גרם,false,1,9.30,2.58,true,1,
7290117261798,false,סימיט בייגלה ממולא קשקבל,,TR,סימיט בייגלה ממו,גרמים,360.00,100 גרם,false,1,9.30,2.58,true,1,
7290117261804,false,מאפה במילוי תרד וגבינת פ,,TR,מאפה במילוי תרד,גרמים,560.00,100 גרם,false,1,9.30,1.66,true,1,
7290117261811,false,מאפה במילוי גבינת פטה,,TR,מאפה במילוי גבינ,גרמים,560.00,100 גרם,false,1,9.30,1.66,true,1,
7290117261866,false,"מיני מאפים במילוי תפוח""א",,TR,מיני מאפים במילו,גרמים,480.00,100 גרם,false,1,9.30,1.94,true,1,
7290117261873,false,מאפה פריך במילוי גבינה,,TR,מאפה פריך במילוי,גרמים,520.00,100 גרם,false,1,9.30,1.79,true,1,
7290117261897,false,מאפה פריך במילוי תרד,,TR,מאפה פריך במילוי,גרמים,520.00,100 גרם,false,1,9.30,1.79,true,1,
7290117261927,false,גבינת פקורינו מחלב כבשים צ'אנק 150 EURO CHEESE,ג.וילי-פוד אינטרנשיונל **גבינו,ES,גבינת פקורינו,גרמים,150.00,100 גרם,false,1,20.50,13.67,true,1,
7290117262047,false,וופל במילוי בטעם בננה ושוקולד 200 גר' ויליפוד,ג.וילי פוד אינטרנשיונל בעמ,GR,גלילי וופל ממולא,גרמים,200.00,100 גרם,false,1,9.30,4.65,true,1,
7290117262054,false,רגע-וופל במילוי עם שוקולד שוויצרי 200 גרם ויליפוד,ג.וילי פוד אינטרנשיונל בעמ,GR,גלילי וופל ממולא,גרמים,200.00,100 גרם,false,1,9.30,4.65,true,1,
7290117262061,false,רגע-וופל במילוי טעם קקאו ואגוזי לוז 200 גרם ויליפוד,ג.וילי פוד אינטרנשיונל בעמ,GR,גלילי וופל ממולא,גרמים,200.00,100 גרם,false,1,9.30,4.65,true,1,
7290117262153,false,מיני מאפה פילו במילוי גבינת חלומי 450 גרם,ג.וילי-פוד אינטרנשיונל **גבינו,GR,מיני מאפה פילו,גרמים,450.00,100 גרם,false,1,21.20,4.71,true,1,
7290117262160,false,גבינה כפרית 20% שומן EURO CHEESE ויליפוד 200 גרם,ג.וילי-פוד אינטרנשיונל **גבינו,TR,גבינה כפרית,גרמים,200.00,100 גרם,false,1,12.70,6.35,true,1,
7290117262221,false,"משקה יוגורט פרוביוטי עם אננס 200מ""ל 2.3%שומן יורו",ג.וילי-פוד אינטרנשיונל **גבינו,TR,משקה יוגורט,גרמים,200.00,100 גרם,false,1,4.10,2.05,true,1,
7290117262245,false,"משקה יוגורט פרוביוטי עם אפרסק ומשמש 200מ""ל 2.3%שומן יורו",ג.וילי-פוד אינטרנשיונל **גבינו,TR,משקה יוגורט,גרמים,200.00,100 גרם,false,1,4.10,2.05,true,1,
7290117262290,false,פרלינים אגוזים במילוי פצפוצי דגנים פריכים מצופים שוקולד חלב 50 גרם,ג. וילי-פוד אינטרנשיונל בע`מ,TR,חטיף שוקולד,גרמים,50.00,100 גרם,false,1,4.10,8.20,true,1,
7290117262306,false,"קורנפלקס מצופה שוקולד חלב ד, 50 גרם",ג. וילי-פוד אינטרנשיונל בע`מ,TR,חטיף שוקולד,גרמים,50.00,100 גרם,false,1,4.10,8.20,true,1,
7290117262313,false,פצפוצי דגנים פריכים מצופים שוקולד חלב 50 גרם,ג. וילי-פוד אינטרנשיונל בע`מ,TR,חטיף דגנים פריכי,גרמים,50.00,100 גרם,false,1,4.10,8.20,true,1,
7290117262320,false,ביסקוויט מצופה שוקולד חלב 50 גר JAZZY,ג. וילי-פוד אינטרנשיונל בע`מ,TR,חטיפי שוקולד,גרמים,40.00,100 גרם,false,1,4.10,10.25,true,1,
7290117380192,false,חטיף פוף קראנץ בטעם גריל 60 גרם,ש. שסטוביץ בע`מ,IL,חטיף פוף קראנץ,גרמים,60.00,100 גרם,false,1,3.30,5.50,true,1,
7290117380208,false,חטיף פוף קראנץ בטעם חמוץ חריף 60 גרם,ש. שסטוביץ בע`מ,IL,חטיף פוף קראנץ',גרמים,60.00,100 גרם,false,1,3.30,5.50,true,1,
7290117380215,false,חטיף פוף קראנץ בטעם טאקו 60 גרם,ש. שסטוביץ בע`מ,IL,חטיף פוף קראנץ',גרמים,60.00,100 גרם,false,1,3.30,5.50,true,1,
7290117382318,false,סלים דליס - חטיף חלבון מצופה שוקולד מריר 60 גרם,"י. מרבה ישראל בע""\מ",IT,חטיף חלבון מצופה,גרמים,60.00,100 גרם,false,1,10.10,16.83,true,1,
7290117382325,false,סלים דליס - פרו 33 חטיף חלבון מצופה שוקולד חלב 60 גרם,"י. מרבה ישראל בע""\מ",IT,חטיף חלבון מצופה,גרמים,60.00,100 גרם,false,1,10.10,16.83,true,1,
7290117382332,false,סלים דליס - חטיף חלבון מצופה שוקולד בטעם עוגיות 60 גרם,"י. מרבה ישראל בע""\מ",IT,סלים דליס חטיף,גרמים,60.00,100 גרם,false,1,10.10,16.83,true,1,
7290117860083,false,"הוואי קרם רחצה יוגורט בניחוח אירוס זהוב ודבש 700 מ""ל","טרופיקל דגיל בע""\מ",IL,קרם רחצה הוואי,מיליליטרים,700.00,"100 מ""ל",false,1,12.70,1.81,true,1,
7290117860090,false,מרכך תמציות אלוורה ותה ירוק לשיער רגיל,"טרופיקל דגיל בע""\מ",IL,מרכך מטפח לשיער,מיליליטרים,700.00,"100 מ""ל",false,1,12.70,1.81,true,1,
7290117860144,false,הוואי שמפו פירות אקזוטיים וקלנדולה 700,"טרופיקל גליל בע""מ",IL,שמפו הוואי,מיליליטרים,700.00,"100 מ""ל",false,1,12.70,1.81,true,1,
7290117860335,false,"הוואי ג'ל רחצה לגבר בניחוח מעורר 700 מ""ל","טרופיקל דגיל בע""\מ",IL,ג'ל רחצה לגבר,מיליליטרים,700.00,"100 מ""ל",false,1,12.70,1.81,true,1,
7290117860397,false,שמפו תמצית פריחת הדובדבן לשיער רגיל,"טרופיקל גליל בע""מ",IL,שמפו הוואי,מיליליטרים,700.00,"100 מ""ל",false,1,12.70,1.81,true,1,
7290117860540,false,הוואי שמפו לילדים רוזמרין מנגו ומשמש 700,"טרופיקל דגיל בע""\מ",IL,שמפו עדין לילדים,מיליליטרים,700.00,"100 מ""ל",false,1,12.70,1.81,true,1,
7290117860748,false,הוואי שמפו תמצית יסמין מעניק נפח 700 מל,"טרופיקל גליל בע""מ",IL,שמפו הוואי,מיליליטרים,700.00,"100 מ""ל",false,1,12.70,1.81,true,1,
7290117860892,false,"הוואי - תחליב רחצה יוגורט בניחוח וניל ודבש 700 מ""ל","טרופיקל דגיל בע""\מ",IL,תחליב רחצה הוואי,מיליליטרים,700.00,"100 מ""ל",false,1,12.70,1.81,true,1,
7290117860946,false,"תחליב רחצה יוגורט בניחוח קוקוס 700 מ""ל הוואי","טרופיקל דגיל בע""\מ",IL,תחליב רחצה הוואי,מיליליטרים,700.00,"100 מ""ל",false,1,12.70,1.81,true,1,
7290117860991,false,"תחליב רחצה יוגורט בניחוח שקדים 700 מ""ל הוואי","טרופיקל דגיל בע""\מ",IL,תחליב רחצה הוואי,מיליליטרים,700.00,"100 מ""ל",false,1,12.70,1.81,true,1,
7290117901199,false,טורטיה על גחלים שקדיה 520 גרם,דין שיווק וקליה 2021 בעמ,TR,עלי טורטייה,גרמים,520.00,100 גרם,false,1,8.50,1.63,true,1,
7290117901205,false,טורטיה דגנים בתוספת שומשום ופשתן שקדיה 420 גרם,דין שיווק וקליה 2021 בעמ,TR,טורטיה,גרמים,420.00,100 גרם,false,1,8.50,2.02,true,1,
7290117901243,false,ממרח פלפלים אדומים קלווים בתוספת ארטישוק שקדיה 290 גרם,דין שיווק וקליה 2021 בעמ,TR,ממרח ארטישוק,גרמים,290.00,100 גרם,false,1,12.90,4.45,true,1,
7290117901250,false,ממרח עגבניות מיובשות בתוספת זיתים ירוקים שקדיה 290 גרם,דין שיווק וקליה 2021 בעמ,TR,ממרח עגבניות,גרמים,290.00,100 גרם,false,1,12.90,4.45,true,1,
7290117901274,false,ממרח זיתים 290 גר' גורמה,דין שיווק וקליה 2021 בעמ,TR,ממרח זיתים,גרמים,290.00,100 גרם,false,1,12.90,4.45,true,1,
7290118420071,false,במבה ביסלי ברביקיו מיקס 80גר אסם{,קבוצת אוסם סחר שותפות מוגבלת,IL,במבה ביסלי מיקס,גרמים,80.00,100 גרם,false,1,3.60,4.50,true,1,
7290118420477,false,אסם בייגלה שטוחים בטעם ביסלי בצל 300 גרם,קבוצת אוסם סחר שותפות מוגבלת,IL,בייגלה שטוחים,גרמים,300.00,100 גרם,false,1,9.30,3.10,true,1,
7291008084854,false,"תמר מג'הול ישראלי 1 ק""ג",מהדרין תנופרט אקספורט,IL,תמר מגהול ישראלי,קילוגרמים,1.00,"ק""ג",false,1,21.90,21.90,true,1,
7296058000519,false,פריכיות כוסמת דל נתרן פרח 130 גרם,"פרח תעשיות מזון בע""מ.",IL,פריכיות כוסמת,גרמים,160.00,100 גרם,false,1,7.60,4.75,true,1,
7296058000526,false,פריכיות כוסמת פרח 160 גרם,מ.ד אטיאס סוכנויות מזון בע`מ,IL,פרכיות כוסמת,גרמים,160.00,100 גרם,false,0,7.60,4.75,true,1,
7296073005735,false,עוג.סנדוויץ שוק.שופרס150,"אחים פפושדו ובניהם בע""\מ",IL,עוגיות סנדוויץ,גרמים,150.00,100 גרם,false,0,3.80,2.53,true,1,
7296073005742,false,עוג.סנדוויץ וניל שופרסל,"אחים פפושדו ובניהם בע""\מ",IL,עוגיות סנדוויץ,גרמים,150.00,100 גרם,false,0,3.80,2.53,true,1,
7296073005841,false,אפונה ירוקה שופרסל500גרם,מיה,IL,אפונה ירוקה,גרמים,500.00,100 גרם,false,0,4.70,0.94,true,1,
7296073005858,false,בורגול שופרסל 500 גרם,מיה,IL,בורגול,גרמים,500.00,100 גרם,false,0,4.10,0.82,true,1,
7296073005902,false,כוסמת שופרסל 500 גרם,מיה,IL,כוסמת שופרסל,גרמים,500.00,100 גרם,false,0,5.00,1.00,true,1,
7296073005919,false,עדשים ירוקות שופרסל500ג,מיה,IL,עדשים ירוקות,גרמים,500.00,100 גרם,false,0,5.50,1.10,true,1,
7296073005926,false,עדשים אדומות שופרסל500גר,מיה,IL,עדשים אדומות,גרמים,500.00,100 גרם,false,0,5.50,1.10,true,1,
7296073005957,false,שעועית לבנה שופרסל500גרם,מיה,IL,שעועית לבנה,גרמים,500.00,100 גרם,false,0,8.30,1.66,true,1,
7296073005971,false,שעועית אדומה שופרסל500גר,מיה,IL,שעועית אדומה,גרמים,500.00,100 גרם,false,0,7.50,1.50,true,1,
7296073006015,false,"חומוס גדול שופרסל 1 ק""ג",מיה,IL,חומוס גדול,קילוגרמים,1.00,"ק""ג",false,0,8.90,8.90,true,1,
7296073006060,false,חומוס לבן ענק שופרסל 1קג,מיה,IL,חומוס לבן ענק,קילוגרמים,1.00,"ק""ג",false,0,11.00,11.00,true,1,
7296073006114,false,"עדשים ירוקות שופרסל 1ק""ג",מיה,IL,עדשים ירוקות,קילוגרמים,1.00,"ק""ג",false,0,9.30,9.30,true,1,
7296073006121,false,"עדשים אדומות שופרסל 1ק""ג",מיה,IL,עדשים אדומות,קילוגרמים,1.00,"ק""ג",false,0,9.30,9.30,true,1,
7296073006176,false,"סוכר שופרסל 1 ק""ג","סוגת תעשיות בע""\מ",IL,סוכר לבן,קילוגרמים,1.00,"ק""ג",false,0,3.90,3.90,true,1,
7296073006398,false,מנזנילו גדול ירוק 560 גר,שופרסל,IL,זיתי מנזנילו,גרמים,560.00,100 גרם,false,0,5.80,1.04,true,1,
7296073006404,false,מלפפונים במלח גדולים 7-9,בני דרום,IL,מלפפון במלח 7-9,גרמים,560.00,100 גרם,false,0,5.30,0.95,true,1,
7296073006411,false,מלפפונים במלח בינוניים,בני דרום,IL,מלפפונים במלח,גרמים,560.00,100 גרם,false,0,5.80,1.04,true,1,
7296073006428,false,מלפ.במלח 13-17שופרסל560ג,שופרסל,IL,מלפפון במלח,גרמים,560.00,100 גרם,false,0,8.10,1.45,true,1,
7296073006435,false,מלפפונים במלח קטנים מאוד,שופרסל,IL,מלפפון במלח,גרמים,560.00,100 גרם,false,0,9.30,1.66,true,1,
7296073006497,false,גביעי גלידה שופרסל 30יח',"א.ג. גילרו בע""\מ",IL,גביעי גלידה,גרמים,115.00,100 גרם,false,0,8.50,7.39,true,1,
7296073006640,false,מלפפונים במלח ט.ביתי1.65,שופרסל,IL,מלפפון במלח ביתי,קילוגרמים,1.65,"ק""ג",false,0,22.90,13.88,true,1,
7296073011101,false,קוסקוס עבה שופרסל 350גרם,"אסיף תעשיות מזון בע""\מ",IL,קוסקוס עבה,גרמים,350.00,100 גרם,false,0,3.80,1.09,true,1,
7296073011118,false,קוסקוס דק שופרסל 350 גרם,"אסיף תעשיות מזון בע""\מ",IL,קוסקוס דק,גרמים,350.00,100 גרם,false,0,3.80,1.09,true,1,
7296073011194,false,פסטה טריקולור שופרסל500ג,שופרסל,IT,פסטה טריקולור,גרמים,500.00,100 גרם,false,0,5.80,1.16,true,1,
7296073011217,false,פסטה פנה ריגטה31שופר500ג,שופרסל,IT,פסטה פנה ריגטה,גרמים,500.00,100 גרם,false,0,4.10,0.82,true,1,
7296073011224,false,פסטה פוסילי36שופר 500גרם,שופרסל,IT,פסטה פוסילי,גרמים,500.00,100 גרם,false,0,4.10,0.82,true,1,
7296073011248,false,פסטה פרפלה מס57שופרסל500,שופרסל,IT,פסטה פרפלה,גרמים,500.00,100 גרם,false,0,4.10,0.82,true,1,
7296073012009,false,קוסקוס בינוני שופרסל350ג,"אסיף תעשיות מזון בע""\מ",IL,קוסקוס בינוני,גרמים,350.00,100 גרם,false,0,3.80,1.09,true,1,
7296073020356,false,150כוס שתייה קרה בייסיק,שופרסל,IL,"כוסות שתייה חד""פ",יחידה,1.00,יחידה,false,0,15.30,15.30,true,1,
7296073020370,false,צלחות גדולות שופרסל 100,שופרסל,IL,צלחות גדולות,יחידה,1.00,יחידה,false,0,26.40,26.40,true,1,
7296073020394,false,"קעריות ח""פ שופרסל 50 יח'",שופרסל,IL,"קעריות מרק חד""פ",יחידה,1.00,יחידה,false,0,17.00,17.00,true,1,
7296073020400,false,"קעריות ח""פ אובלית שופרסל",שופרסל,IL,קעריות קסרול,יחידה,1.00,יחידה,false,0,12.70,12.70,true,1,
7296073020936,false,פטריות שמפיניון חתוכ400ג,פרוצ'אמפ,NL,פטריות חתוכות,גרמים,400.00,100 גרם,false,0,3.80,0.95,true,1,
7296073021568,false,"קמח חיטה לבן בהיר 1 ק""ג",שופרסל,IL,קמח לבן,קילוגרמים,1.00,"ק""ג",false,0,3.80,3.80,true,1,
7296073021575,false,"קמח תופח שופרסל 1 ק""ג",שופרסל,IL,קמח תופח,קילוגרמים,1.00,"ק""ג",false,0,5.50,5.50,true,1,
7296073021582,false,"סולת חיטה שופרסל 1 ק""ג",שופרסל,IL,סולת חיטה,קילוגרמים,1.00,"ק""ג",false,0,3.80,3.80,true,1,
7296073048992,false,פסטרמה בדבש שופרסל 300גר,מעדני יחיעם,IL,פסטרמה בדבש,גרמים,300.00,100 גרם,false,0,18.70,6.23,true,1,
7296073049029,false,כתף בקר שופרסל 300 גרם,מעדני יחיעם,IL,כתף בקר,גרמים,300.00,100 גרם,false,0,22.90,7.63,true,1,
7296073049043,false,פסטרמה ברבקיו שופרסל300ג,שופרסל,IL,פסטרמה ברבקיו,גרמים,300.00,100 גרם,false,0,18.70,6.23,true,1,
7296073049074,false,סלמי קוניאק שופרסל 300גר,מעדני יחיעם,IL,סלמי קוניאק,גרמים,300.00,100 גרם,false,0,19.50,6.50,true,1,
7296073049135,false,אטריות ביצים דקות שופ200,שיבולים בני דרום,IL,אטריות ביצים,גרמים,200.00,100 גרם,false,0,5.80,2.90,true,1,
7296073049654,false,טבעות זיתים ירוקים 560גר,שופרסל,IL,טבעות זיתים,גרמים,560.00,100 גרם,false,0,7.20,1.29,true,1,
7296073053743,false,פסטה קונקיליוני39 שופרסל,שופרסל,IL,פסטה קונקיליוני,גרמים,500.00,100 גרם,false,0,4.10,0.82,true,1,
7296073053750,false,פסטה לומקה ריגטה 48 שופר,שופרסל,IT,פסטה לומקה ריגטה,גרמים,500.00,100 גרם,false,0,4.10,0.82,true,1,
7296073058984,false,גרנולה קראנץ פירות+אג400,בריגן קי. ג'י,DE,גרנולה קראנץ,גרמים,400.00,100 גרם,false,0,14.40,3.60,true,1,
7296073058991,false,מוזלי שופרסל 500 גרם,בריגן קי ג'י,DE,מוזלי,גרמים,500.00,100 גרם,false,0,14.40,2.88,true,1,
7296073059691,false,"50 צלחות גדול ח""פ שופרסל",שופרסל,IL,צלחות גדולות,יחידה,1.00,יחידה,false,0,15.30,15.30,true,1,
7296073059707,false,"צלחות קטנות ח""פ שופרסל 5",שופרסל,IL,"צלחות קטנות חד""פ",יחידה,1.00,יחידה,false,0,12.70,12.70,true,1,
7296073059745,false,"לפתניות ח""פ שופרסל 50 יח",שופרסל,IL,"ליפתניות חד""פ",יחידה,1.00,יחידה,false,0,12.70,12.70,true,1,
7296073060024,false,"צלחות קטנות ח""פ שופרסל 1",שופרסל,IL,"צלחות קטנות חד""פ",יחידה,1.00,יחידה,false,0,19.50,19.50,true,1,
7296073064367,false,"בורקס תפו""א שופרסל 800 ג",שופרסל,IL,"800 בורקס תפו""א",גרמים,800.00,100 גרם,false,0,13.50,1.69,true,1,
7296073064398,false,בורקס גבינה שופרסל 800 ג,מאפ גדרון,IL,בורקס גבינה800,גרמים,800.00,100 גרם,false,0,15.30,1.91,true,1,
7296073066330,false,חלווה מעודנת שופרסל 400ג,"אחדות בע""מ א.ת. ברקן",IL,חלווה מעודנת,גרמים,400.00,100 גרם,false,0,10.40,2.60,true,1,
7296073066347,false,חלווה מסולסלת שופרסל250ג,"אחדות בע""מ א.ת. ברקן",IL,חלווה מסולסלת,גרמים,250.00,100 גרם,false,0,10.40,4.16,true,1,
7296073066354,false,חטיפי חלווה שופרסל 250 ג,"אחדות בע""מ א.ת. ברקן",IL,חטיפי חלווה,גרמים,250.00,100 גרם,false,0,8.30,3.32,true,1,
7296073066361,false,עוג.סנדביץ' שוקו שופר900,אחים פפושדו,IL,עוגיות סנדביץ',גרמים,900.00,100 גרם,false,0,17.00,1.89,true,1,
7296073066378,false,עוג.סנדוויץ בטעם וניל900,"אחים פפושדו ובניהם בע""\מ",IL,עוגיות סנדביץ,גרמים,900.00,100 גרם,false,0,17.00,1.89,true,1,
7296073074434,false,פתי בר גדול שופרסל500גרם,שופרסל,IL,פתיבר גדול,גרמים,500.00,100 גרם,false,0,7.60,1.52,true,1,
7296073074441,false,פתי בר שוקו גדול שופר500,שופרסל,IL,פתי בר גדול שוקו,גרמים,500.00,100 גרם,false,0,7.60,1.52,true,1,
7296073074649,false,קנלוני שופרסל 250 גרם,שופרסל,IT,קנלוני שופרסל,גרמים,250.00,100 גרם,false,0,7.50,3.00,true,1,
7296073078395,false,תפוח אדמה נשיקות תפזורת,קטיף.,IL,תפוח אדמה נשיקות,קילוגרמים,0.00,"ק""ג",true,0,5.90,5.90,true,1,
7296073078579,false,דבש טבעי מפרחי שדה 350 ג,שופרסל,IL,דבש טבעי,גרמים,350.00,100 גרם,false,0,14.40,4.11,true,1,
7296073078586,false,דבש טבעי שופרסל צנצ500גר,שופרסל,IL,דבש טבעי,גרמים,500.00,100 גרם,false,0,19.40,3.88,true,1,
7296073078609,false,"דבש טבעי שופרסל 1 ק""ג",מכוורת עמק חפר,IL,דבש טבעי,קילוגרמים,1.00,"ק""ג",false,0,33.20,33.20,true,1,
7296073078838,false,6 כריות יפניות שופרסל,פלסטו פוליש,IL,כריות יפניות,יחידה,1.00,יחידה,false,0,8.10,8.10,true,1,
7296073078883,false,9 מטליות ניקוי כללי שופר,שופרסל,IL,מטליות לניקוי,יחידה,1.00,יחידה,false,0,7.60,7.60,true,1,
7296073078890,false,15מטליות ניקוי כללי שופר,שופרסל,IL,מטליות לניקוי,יחידה,1.00,יחידה,false,0,12.70,12.70,true,1,
7296073079002,false,פריכ.דקות אורז מלא ש100.,"פרח תעשיות מזון בע""\מ",IL,פריכיות דקות,גרמים,100.00,100 גרם,false,0,6.40,6.40,true,1,
7296073079019,false,פריכיות דק.קצח 100ג שופר,"פרח תעשיות מזון בע""\מ",IL,פריכיות דקות,גרמים,100.00,100 גרם,false,0,6.40,6.40,true,1,
7296073079040,false,פריכיות זעתר שופרסל 50גר,"פרח תעשיות מזון בע""\מ",IL,פריכיות אורז,גרמים,50.00,100 גרם,false,0,6.70,13.40,true,1,
7296073079842,false,עגבניות מקולפות שופר800ג,פריניר,IL,עגבניות מקולפ.,גרמים,800.00,100 גרם,false,0,5.00,0.63,true,1,
7296073079859,false,קוביות עגבניות שופר800.ג,פריניר,IL,עגבניות קוביות,גרמים,800.00,100 גרם,false,0,5.30,0.66,true,1,
7296073079873,false,רוטב עגבנ.מרוכז מאוד580ג,פריניר,IL,תרכיז עגבניות,גרמים,580.00,100 גרם,false,0,5.00,0.86,true,1,
7296073079880,false,רסק עגבניות 22%שופר570ג,פריניר,IL,רוטב עגבניות,גרמים,570.00,100 גרם,false,0,4.90,0.86,true,1,
7296073079903,false,רוטב עגבניות 22%שופר100ג,פריניר,IL,רוטב עגבניות,גרמים,100.00,100 גרם,false,0,1.50,1.50,true,1,
7296073080497,false,שעועית אפויה שופרסל 580ג,פרי גליל,IL,שעועית אפויה,גרמים,580.00,100 גרם,false,0,5.90,1.02,true,1,
7296073080503,false,אפונה גדולה שופרסל550גרם,פרי גליל,IL,אפונה ירוקה,גרמים,550.00,100 גרם,false,0,5.50,1.00,true,1,
7296073080510,false,חומוס שלם שופרסל 560 גרם,פרי גליל,IL,חומוס שלם,גרמים,560.00,100 גרם,false,0,5.90,1.05,true,1,
7296073080534,false,תירס מתוק שופרסל 550 גרם,פרי גליל,IL,גרעיני תירס מתוק,גרמים,550.00,100 גרם,false,0,5.90,1.07,true,1,
7296073080541,false,אפונה וגזר שופרסל 550 גר,פרי גליל,IL,אפונה וגזר,גרמים,550.00,100 גרם,false,0,5.50,1.00,true,1,
7296073080558,false,תירס לייט שופרסל 550 גרם,פרי גליל,IL,תירס לייט,גרמים,550.00,100 גרם,false,0,6.40,1.16,true,1,
7296073081449,false,פירורי לחם מוזהב שופר200,"חטיפים מן הטבע בע""\מ",IL,פירורי לחם,גרמים,200.00,100 גרם,false,0,2.90,1.45,true,1,
7296073081456,false,פירורי לחם לבן שופרסל200,"חטיפים מן הטבע בע""\מ",IL,פירורי לחם לבן,גרמים,200.00,100 גרם,false,0,4.10,2.05,true,1,
7296073081685,false,מזון יבש לחתול שופר1.5.ק,Tuffy's,US,מזון לחתולים,קילוגרמים,1.50,"ק""ג",false,0,23.60,15.73,true,1,
7296073081692,false,מזון יבש לחתול שופרסל3קג,Tuffy's,US,מזון לחתולים,קילוגרמים,3.00,"ק""ג",false,0,39.70,13.23,true,1,
7296073087175,false,ריבת תות שופרסל 370 גרם,LTD 99 CIMA,BG,ריבת תות שדה,גרמים,370.00,100 גרם,false,0,9.30,2.51,true,1,
7296073087243,false,קונפ.דובדבנים שופרסל370ג,LTD 99 CIMA,BG,קונפ.דובדבנים,גרמים,370.00,100 גרם,false,0,10.30,2.78,true,1,
7296073087298,false,קונפ.מישמש שופרסל 370 גר,LTD 99 CIMA,BG,קונפיטורה מישמש,גרמים,370.00,100 גרם,false,0,10.30,2.78,true,1,
7296073090496,false,צמר פלדה שופרסל 100 גרם,פלסטו פוליש,IL,צמר פלדה,גרמים,100.00,100 גרם,false,0,5.00,5.00,true,1,
7296073091226,false,פופקורן גרעינים שופר1.קג,מיה,IL,פופקורן גרעינים,קילוגרמים,1.00,"ק""ג",false,0,7.50,7.50,true,1,
7296073091394,false,גרעין לבן קלוי400גשופרסל,ששון,IL,גרעין לבן קלוי,גרמים,400.00,100 גרם,false,0,16.10,4.03,true,1,
7296073091417,false,בוטן קלוי בקליפה400שופרס,ששון,IL,בוטן בקליפה קלוי,גרמים,400.00,100 גרם,false,0,15.30,3.83,true,1,
7296073091462,false,פיסטוק קלוי וממולח 200ג,ששון,IL,פיסטוק קלוי,גרמים,200.00,100 גרם,false,0,19.50,9.75,true,1,
7296073091479,false,שקד קלוף קלוי200ג שופרסל,ששון,IL,שקד קלוף קלוי,גרמים,200.00,100 גרם,false,0,15.30,7.65,true,1,
7296073091486,false,אגוזי קשיו קלויים ומומלח,ששון,IL,קשיו קלוי ומומלח,גרמים,200.00,100 גרם,false,0,19.50,9.75,true,1,
7296073091493,false,גרעין שחור קלוי200גשופרס,ששון,IL,גרעין שחור קלוי,גרמים,200.00,100 גרם,false,0,5.80,2.90,true,1,
7296073091547,false,צימוק בהיר 400ג שופרסל,ששון,IL,צימוק בהיר,גרמים,400.00,100 גרם,false,0,19.50,4.88,true,1,
7296073091554,false,צימוקים כהים 400 גרם,ששון,IL,צימוקים כהים,גרמים,400.00,100 גרם,false,0,16.10,4.03,true,1,
7296073091585,false,שקד קלוף טבעי200ג שופרסל,ששון,IL,שקדים קלופים,גרמים,200.00,100 גרם,false,0,15.30,7.65,true,1,
7296073091608,false,אגוזי קשיו קלופים טבעיים,ששון,VN,אגוזי קשיו טבעי,גרמים,200.00,100 גרם,false,0,20.40,10.20,true,1,
7296073091646,false,צנוברים קלופים 100גרם,ששון,CN,צנוברים קלופים,גרמים,100.00,100 גרם,false,0,22.10,22.10,true,1,
7296073091677,false,חמוציות 250גרם שופרסל,ששון,US,חמוציות 250גרם,גרמים,250.00,100 גרם,false,0,10.10,4.04,true,1,
7296073093169,false,פלפל חריף שיפקה שופר540ג,שופרסל,IL,פלפל שיפקה,גרמים,540.00,100 גרם,false,0,5.00,0.93,true,1,
7296073094463,false,חלווה שיש שופרסל 400 גרם,"אחדות בע""מ א.ת. ברקן",IL,חלווה שיש,גרמים,400.00,100 גרם,false,0,10.40,2.60,true,1,
7296073094746,false,חלווה וניל שופרסל 400גרם,"אחדות בע""מ א.ת. ברקן",IL,חלווה וניל,גרמים,400.00,100 גרם,false,0,10.40,2.60,true,1,
7296073094753,false,חלווה וניל שופרסל 500 גר,"אחדות בע""מ א.ת. ברקן",IL,חלווה וניל,גרמים,500.00,100 גרם,false,0,11.00,2.20,true,1,
7296073095583,false,"אצטון שופרסל 100 מ""ל","ש. שוורץ )באר שבע( בע""\מ",IL,אצטון BE,מיליליטרים,100.00,"100 מ""ל",false,0,3.30,3.30,true,1,
7296073095910,false,דבש לחיץ שופרסל 350 גרם,מכוורת עמק חפר,IL,דבש טבעי לחיץ,גרמים,350.00,100 גרם,false,0,18.10,5.17,true,1,
7296073098263,false,גזר גמדי מוקפא שופרסל800,פרי גליל,IL,גזר גמדי מוקפא,גרמים,800.00,100 גרם,false,0,11.00,1.38,true,1,
7296073098287,false,לקט מעורבים שופרסל קפוא,פרי גליל,IL,לקט בורגונדי,גרמים,800.00,100 גרם,false,0,11.80,1.48,true,1,
7296073098294,false,ברוקולי מוקפא שופרסל 800,פרי גליל,IL,ברוקולי 800 גר,גרמים,800.00,100 גרם,false,0,14.40,1.80,true,1,
7296073103813,false,תפוח אדמה לבן ארוז,שופרסל,IL,"תפו""א לבן ארוז",קילוגרמים,0.00,"ק""ג",true,0,3.90,3.90,true,1,
7296073103820,false,תפוח אדמה לטיגון ארוז,שופרסל,IL,"תפו""א לטיגון",קילוגרמים,0.00,"ק""ג",true,0,4.90,4.90,true,1,
7296073106074,false,טליאטלה שופרסל 500 גרם,שופרסל,IT,פסטה טליאטלה,גרמים,500.00,100 גרם,false,0,8.30,1.66,true,1,
7296073106098,false,פריכיות דק.כוסמת שופר100,"פרח תעשיות מזון בע""\מ",IL,פריכיות כוסמת,גרמים,100.00,100 גרם,false,0,6.40,6.40,true,1,
7296073106241,false,מטליות רצפה 6X,,,מטליות רצפה 6X,יחידה,1.00,יחידה,false,0,14.40,14.40,true,1,
7296073107408,false,גרנולה שוקו.פקאן שופר400,בריגן קי ג'י,DE,גרנולה שוקולד,גרמים,400.00,100 גרם,false,0,14.40,3.60,true,1,
7296073107989,false,גרעיני תירס שופרסל 800 ג,פרי גליל,IL,גרעיני תירס,גרמים,800.00,100 גרם,false,0,11.00,1.37,true,1,
7296073107996,false,פול ירוק שופרסל 800 גרם,פרי גליל,GB,פול ירוק,גרמים,800.00,100 גרם,false,0,14.40,1.80,true,1,
7296073108085,false,שעועית צהובה חתוכה שופרס,פרי גליל,IL,שעועית צהובה,גרמים,800.00,100 גרם,false,0,14.10,1.76,true,1,
7296073108269,false,חסה ערבית שטופה לאכילה,פרסקו,IL,עלי חסה ערבית,גרמים,250.00,100 גרם,false,0,10.50,4.20,true,1,
7296073108313,false,סלט קולסלאו שטוף לאכילה,פרסקו,IL,סלט קולסלאו שטוף,גרמים,400.00,100 גרם,false,0,8.50,2.13,true,1,
7296073108320,false,שבבי גזר שטופים לאכילה,פרסקו,IL,שבבי גזר שטופים,גרמים,400.00,100 גרם,false,0,8.50,2.13,true,1,
7296073108344,false,לקט קלאסי שטוף לאכילה,"פרסקו חצבה 2006 בע""\מ",IL,לקט קלאסי שטוף,גרמים,350.00,100 גרם,false,0,10.50,3.00,true,1,
7296073108351,false,חסה אייסברג שטופה לאכילה,"פרסקו חצבה 2006 בע""\מ",IL,חסה אייסברג שטוף,גרמים,300.00,100 גרם,false,0,10.50,3.50,true,1,
7296073108368,false,לקט הגינה שטוף לאכילה,פרסקו,IL,לקט הגינה שטוף,גרמים,300.00,100 גרם,false,0,10.50,3.50,true,1,
7296073108375,false,כרוב לבן שטוף לאכילה400ג,"פרסקו חצבה 2006 בע""\מ",IL,כרוב לבן שטוף,גרמים,400.00,100 גרם,false,0,8.50,2.13,true,1,
7296073108443,false,"קמח מלא שופרסל 1 ק""ג",שופרסל,IL,קמח חיטה מלא,קילוגרמים,1.00,"ק""ג",false,0,5.90,5.90,true,1,
7296073109822,false,תמר מג'הול מעולה 400 גרם,הדיקלאים,IL,תמר מג'הול 400ג,גרמים,400.00,100 גרם,false,0,12.90,3.23,true,1,
7296073112457,false,קוסקוס חיטה מלא.שופר350ג,אסיף תעשיות מזון,IL,קוסקוס,גרמים,350.00,100 גרם,false,0,4.80,1.37,true,1,
7296073112464,false,פוסילי מקמח חיטה מלא500ג,שופרסל,IT,פוזילי חיטה מלאה,גרמים,500.00,100 גרם,false,0,6.40,1.28,true,1,
7296073112471,false,ספגטי חיטה מלאה שופר500ג,שופרסל,IT,ספגטי מקמח מלא,גרמים,500.00,100 גרם,false,0,6.40,1.28,true,1,
7296073112617,false,6 ספוג.לניקוי מופלא שופר,"סדובסקי בע""\מ",IL,ספוגית ניקוי,יחידה,1.00,יחידה,false,0,7.60,7.60,true,1,
7296073116769,false,קוקוס טחון שופרסל 100גרם,מיה,IL,קוקוס טחון,גרמים,100.00,100 גרם,false,0,3.80,3.80,true,1,
7296073116776,false,קוקוס טחון שופרסל 400גרם,מיה,IL,קוקוס טחון,גרמים,400.00,100 גרם,false,0,10.60,2.65,true,1,
7296073116783,false,שומשום שופרסל 100 גרם,מיה,IL,שומשום שופרסל,גרמים,100.00,100 גרם,false,0,2.90,2.90,true,1,
7296073116790,false,שומשום שופרסל 400 גרם,מיה,IL,שומשום שופרסל,גרמים,400.00,100 גרם,false,0,9.80,2.45,true,1,
7296073116813,false,קמח תירס שופרסל 400 גרם,מיה תעשיות מזון,IL,קמח תירס,גרמים,400.00,100 גרם,false,0,4.60,1.15,true,1,
7296073116820,false,"קמח תפו""א שופרסל 500 גרם",מיה,IL,"קמח תפו""א",גרמים,500.00,100 גרם,false,0,5.10,1.02,true,1,
7296073116837,false,קוואקר שופרסל קופסא500ג,בריגן קי ג'י,DE,קוואקר שופרסל,גרמים,500.00,100 גרם,false,0,8.40,1.68,true,1,
7296073117865,false,טבעות זיתים מושחר 560 גר,קבוצת יבנה מוצרי מזון,IL,טבעות זיתים,גרמים,560.00,100 גרם,false,0,7.20,1.29,true,1,
7296073117872,false,חרוזי זיתים מושחר שופ560,קבוצת יבנה מוצרי מזון,IL,חרוזי זיתים,גרמים,540.00,100 גרם,false,0,6.80,1.26,true,1,
7296073118770,false,עלי בייבי שטופים לאכילה,"פרסקו חצבה 2006 בע""\מ",IL,עלי בייבי שטופים,גרמים,300.00,100 גרם,false,0,14.90,4.97,true,1,
7296073121176,false,תמר חלאוי 400ג שופרסל,הדיקלאים,IL,תמר חלאווי 400ג,גרמים,400.00,100 גרם,false,0,10.90,2.73,true,1,
7296073121183,false,תמר דקל נור 400ג שופרסל,ערדום תמרים,IL,תמר דקל נור 400ג,גרמים,400.00,100 גרם,false,0,10.90,2.73,true,1,
7296073121190,false,תמר אמרי 400גרם שופרסל,הדיקלאים,IL,תמר אמרי 400ג,גרמים,400.00,100 גרם,false,0,10.90,2.73,true,1,
7296073122258,false,תערובת אגוזים 200גשופרסל,ששון,IL,תערובת אגוזים,גרמים,200.00,100 גרם,false,0,19.50,9.75,true,1,
7296073122296,false,פסטרמה מסורתית שופר300.ג,שופרסל,IL,פסטרמה מסורתית,גרמים,300.00,100 גרם,false,0,18.70,6.23,true,1,
7296073122333,false,שקדי מרק מרכיבים טבעיים,שופרסל,IL,שקדי מרק בשקית,גרמים,400.00,100 גרם,false,0,6.70,1.68,true,1,
7296073123712,false,"תמצית רום שופרסל 50 מ""ל",מיה,IL,תמצית רום,מיליליטרים,50.00,"100 מ""ל",false,0,3.50,7.00,true,1,
7296073124160,false,שום קפוא מגשית שופרסל 80,שופרסל,IL,שום קפוא במגשית,גרמים,80.00,100 גרם,false,0,10.10,12.63,true,1,
7296073124177,false,שום כתוש צנצנת שופרסל200,שופרסל,IL,שום כתוש,גרמים,200.00,100 גרם,false,0,12.70,6.35,true,1,
7296073124382,false,ספגטיני מספר 3 שופרסל500,שופרסל,IT,ספגטיני מספר 3,גרמים,500.00,100 גרם,false,0,4.10,0.82,true,1,
7296073124399,false,ספגטי מספר 5 שופרסל 500ג,שופרסל,IT,ספגטי מספר 5,גרמים,500.00,100 גרם,false,0,4.10,0.82,true,1,
7296073125327,false,מלפפונים בינוני בחומץ560,קבוצת יבנה מוצרי מזון,IL,מלפפונים בחומץ,גרמים,560.00,100 גרם,false,0,5.80,1.04,true,1,
7296073125334,false,מלפפונים קטנים בחומץ560ג,קבוצת יבנה מוצרי מזון,IL,מלפפונים בחומץ,גרמים,560.00,100 גרם,false,0,8.10,1.45,true,1,
7296073125341,false,מלפפונים בחומץ18-25 540ג,קבוצת יבנה מוצרי מזון,IL,מלפפונים בחומץ,גרמים,540.00,100 גרם,false,0,9.30,1.72,true,1,
7296073125358,false,מלפפ.במלח7-9שופר560ג20%+,שופרסל,IL,מלפפונים במלח,גרמים,650.00,100 גרם,false,0,5.30,0.82,true,1,
7296073125907,false,מי פה ט.מנטה שופרסל500מל,שופרסל,ES,מי פה מנטה,מיליליטרים,500.00,"100 מ""ל",false,0,10.10,2.02,true,1,
7296073125914,false,מי פה ט.מרענן שופרסל500מ,מעבדות בוניקט,ES,מי פה טעם מרענן,מיליליטרים,500.00,"100 מ""ל",false,0,10.10,2.02,true,1,
7296073128243,false,מעדן דובדבנים שופרסל284ג,LTD 99 CIMA,BG,מעדן דובדבן חמוץ,גרמים,284.00,100 גרם,false,0,11.80,4.15,true,1,
7296073129431,false,פתיתים קוסקוס שופרסל500ג,"אסיף תעשיות מזון בע""\מ",IL,פתיתים קוסקוס,גרמים,500.00,100 גרם,false,0,4.10,0.82,true,1,
7296073129448,false,פתיתים טבעות שופרסל500גר,"אסיף תעשיות מזון בע""\מ",IL,פתיתים טבעות,גרמים,500.00,100 גרם,false,0,4.10,0.82,true,1,
7296073129455,false,פתיתים אורז שופרסל 500גר,"אסיף תעשיות מזון בע""\מ",IL,פתיתים אורז,גרמים,500.00,100 גרם,false,0,4.10,0.82,true,1,
7296073129462,false,פתיתים לבבות שופרסל500גר,"אסיף תעשיות מזון בע""\מ",IL,פתיתים לבבות,גרמים,500.00,100 גרם,false,0,4.10,0.82,true,1,
7296073129479,false,פתיתים כוכבים שופרסל500ג,אסיף תעשיות מזון,IL,פתיתים כוכבים,גרמים,500.00,100 גרם,false,0,4.10,0.82,true,1,
7296073130499,false,"מיץ לימון שופרסל 200 מ""ל",סי פרווידר,IT,מיץ לימון שופרסל,מיליליטרים,200.00,"100 מ""ל",false,0,5.00,2.50,true,1,
7296073132400,false,"מיץ לימון שופרסל 500 מ""ל",סי פרווידר,IT,מיץ לימון,מיליליטרים,500.00,"100 מ""ל",false,0,5.90,1.18,true,1,
7296073132806,false,חרוזי זיתים שופרסל560גרם,קבוצת יבנה מוצרי מזון,IL,חרוזי זיתים,גרמים,560.00,100 גרם,false,0,7.50,1.34,true,1,
7296073132820,false,סלק בואקום 500 גרם,שופרסל,ES,סלק בואקום 500ג,גרמים,500.00,100 גרם,false,0,7.90,1.58,true,1,
7296073132936,false,עוגת מאפין שיש שופרסל400,גידרון,IL,עוגת מאפין,גרמים,400.00,100 גרם,false,0,9.30,2.33,true,1,
7296073132943,false,עוגת מאפין שוק.שופרסל400,גידרון,IL,עוגת מאפין,גרמים,400.00,100 גרם,false,0,9.30,2.33,true,1,
7296073132950,false,עוגת מאפין וניל שופר400ג,גידרון,IL,עוגת מאפין,גרמים,400.00,100 גרם,false,0,9.30,2.33,true,1,
7296073132974,false,צלחות גדולות לבן שופרסל,שופרסל,IL,צלחות ענקיות,יחידה,1.00,יחידה,false,0,21.20,21.20,true,1,
7296073132998,false,25צלחות קטנות לבן שופרסל,שופרסל,IL,צלחות קטנות,יחידה,1.00,יחידה,false,0,11.00,11.00,true,1,
7296073133001,false,קערית מרק לבן אלגנט 25יח,שופרסל,IL,קעריות מרק לבנות,יחידה,1.00,יחידה,false,0,11.00,11.00,true,1,
7296073133056,false,צלחת קרם אלגנט ענק 25 יח,שופרסל,IL,צלחות קרם ענקיות,יחידה,1.00,יחידה,false,0,21.20,21.20,true,1,
7296073133063,false,צלחות בינונית קרם שופרסל,שופרסל,IL,צלחות גדולות,יחידה,1.00,יחידה,false,0,15.30,15.30,true,1,
7296073133070,false,צלחות קטנות קרם שופרסל 2,שופרסל,IL,צלחות קטנות,יחידה,1.00,יחידה,false,0,11.00,11.00,true,1,
7296073133087,false,קעריות מרק קרם שופרסל 25,שופרסל,IL,קעריות מרק,יחידה,1.00,יחידה,false,0,11.00,11.00,true,1,
7296073133094,false,מגשים אובליים קרם שופרסל,שופרסל,IL,מגשים אובליים,יחידה,1.00,יחידה,false,0,21.20,21.20,true,1,
7296073134442,false,קרקר חיטה שופרסל 300 גרם,שופרסל,CZ,קרקר חיטה,גרמים,300.00,100 גרם,false,0,11.50,3.83,true,1,
7296073134459,false,קרקר סגנ.שוודי שופרסל300,שופרסל,CZ,קרקר שוודי,גרמים,300.00,100 גרם,false,0,11.50,3.83,true,1,
7296073134534,false,קפה טורקי שופרסל 100 גרם,שופרסל,IL,קפה טורקי,גרמים,100.00,100 גרם,false,0,4.70,4.70,true,1,
7296073134541,false,קפה טורקי שופרסל 100*3גר,שופרסל,IL,מארז קפה טורקי,גרמים,300.00,100 גרם,false,0,12.60,4.20,true,1,
7296073140184,false,עוגת מאפין תפוז שופר400ג,גידרון,IL,עוגת מאפין תפוז,גרמים,400.00,100 גרם,false,0,9.30,2.33,true,1,
7296073141143,false,שוקולד חלב שופרסל100 גרם,"שוקולד פריי בע""מ",CH,שוקולד חלב,גרמים,100.00,100 גרם,false,0,4.20,4.20,true,1,
7296073141150,false,שוקולד מריר שוויצרי100ג,"שוקולד פריי בע""מ",CH,שוקולד מריר,גרמים,100.00,100 גרם,false,0,4.20,4.20,true,1,
7296073142041,false,גביעי גלידה שופרסל 24יח',"א.ג. גילרו בע""\מ",IL,גביעי גלידה,גרמים,120.00,100 גרם,false,0,8.90,7.42,true,1,
7296073143437,false,"ברנפלקס ללת""ס שופרסל 500",בריגן קי. ג'י,DE,"ברנפלקס ללת""ס",גרמים,500.00,100 גרם,false,0,17.00,3.40,true,1,
7296073143727,false,פתיתים קוסקוס 3 צבעים500,"אסיף תעשיות מזון בע""\מ",IL,פתיתים 3 צבעים,גרמים,500.00,100 גרם,false,0,5.00,1.00,true,1,
7296073143758,false,עוגת בראוניס שופרסל400גר,גידרון,IL,עוגת בראוניס,גרמים,400.00,100 גרם,false,0,12.70,3.18,true,1,
7296073146933,false,שוק.אוורירי מריר שופר100,"שוקולד פריי בע""מ",CH,שוקולד אוורירי,גרמים,100.00,100 גרם,false,0,4.20,4.20,true,1,
7296073146940,false,שוק.אוורירי חלב שופר100ג,"שוקולד פריי בע""מ",CH,שוקולד אוורירי,גרמים,100.00,100 גרם,false,0,4.20,4.20,true,1,
7296073146957,false,שוק.חלב שברי אגוז שופ100,שופרסל,CH,שוקולד חלב אגוז,גרמים,100.00,100 גרם,false,0,4.20,4.20,true,1,
7296073150527,false,קורנפלקס שופרסל 750 גרם,שופרסל,DK,קורנפלקס שופרסל,גרמים,750.00,100 גרם,false,0,11.00,1.47,true,1,
7296073151463,false,פריכיות דקות דל נתרן100ג,"פרח תעשיות מזון בע""\מ",IL,פריכיות דקות,גרמים,100.00,100 גרם,false,0,6.40,6.40,true,1,
7296073151548,false,מלח בישול גס שופרסל 1 קג,מלח הארץ אילת,IL,מלח בישול גס,קילוגרמים,1.00,"ק""ג",false,0,1.50,1.50,true,1,
7296073151555,false,מלח שולחן דק שופרסל 1 קג,מלח הארץ אילת,IL,מלח שולחן דק,קילוגרמים,1.00,"ק""ג",false,0,1.50,1.50,true,1,
7296073152453,false,קפה טורקי ואקום שופר200ג,שופרסל,IL,קפה טורקי בואקום,גרמים,200.00,100 גרם,false,0,12.00,6.00,true,1,
7296073153238,false,גזר ארוז שופרסל,,IL,גזר ארוז שופרסל,קילוגרמים,0.00,"ק""ג",true,0,3.90,3.90,true,1,
7296073153283,false,מזון לחתול מיקס שופר1.5ק,Tuffy's,IL,מזון לחתולים,קילוגרמים,1.50,"ק""ג",false,0,30.50,20.33,true,1,
7296073153290,false,מזון לחתול מיקס שופרסל3ק,Tuffy's,GB,מזון לחתולים,קילוגרמים,3.00,"ק""ג",false,0,41.00,13.67,true,1,
7296073153337,false,מקרוני בוקטיני מס14 500ג,שופרסל,IL,מקרוני,גרמים,500.00,100 גרם,false,0,4.10,0.82,true,1,
7296073153849,false,זוג רדידי אלומיניום 7.2X,שופרסל,IL,רדידי אלומיניום,מטרים,15.00,מטר,false,0,8.40,0.56,true,1,
7296073153870,false,זוג רדידי אלומיניום רחב,שופרסל,CN,זוג רדידי אלומינ,מטרים,15.00,מטר,false,0,12.70,0.85,true,1,
7296073156246,false,עוגת בראוניס ש.צ'יפס400ג,גידרון,IL,עוגת בראוניס,גרמים,400.00,100 גרם,false,0,12.70,3.18,true,1,
7296073156604,false,שוק.חלב עם אגוזי לוז100ג,שופרסל,CH,שוקולד+אגוזי לוז,גרמים,100.00,100 גרם,false,0,6.10,6.10,true,1,
7296073156611,false,שוקולד מריר 60% קקאו100ג,"שוקולד פריי בע""מ",CH,שוקולד מריר 60%,גרמים,100.00,100 גרם,false,0,5.80,5.80,true,1,
7296073160663,false,פסטה פוסיליני מהירה500גר,שופרסל,IT,פסטה פוסיליני,גרמים,500.00,100 גרם,false,0,5.30,1.06,true,1,
7296073160670,false,פסטה גנצ'טי מהיר.הכנה500,שופרסל,IT,פסטה גנצ'טי,גרמים,500.00,100 גרם,false,0,5.30,1.06,true,1,
7296073161479,false,פריכיות דקות תירס 100 גר,"פרח תעשיות מזון בע""\מ",IL,פריכיות תירס,גרמים,100.00,100 גרם,false,0,6.40,6.40,true,1,
7296073161493,false,שוק.מריר60%שופרסל 100*2ג,"שוקולד פריי בע""מ",CH,שוקולד מריר זוג,גרמים,200.00,100 גרם,false,0,10.60,5.30,true,1,
7296073161509,false,שוק.חלב אגוזי לוז100*3גר,"שוקולד פריי בע""מ",CH,שוקולד אגוז 3 יח,גרמים,300.00,100 גרם,false,0,16.10,5.37,true,1,
7296073161516,false,שוק.מריר+אגוזים שלמ100*3,שופרסל,CH,שוקולד אגוז 3 יח,גרמים,300.00,100 גרם,false,0,16.10,5.37,true,1,
7296073161806,false,מנצ'ס 400גרם שופרסל,שופרסל,CN,מנצ'ס 400גרם,גרמים,400.00,100 גרם,false,0,11.00,2.75,true,1,
7296073161981,false,עוג.מילוי קרם שוק.שופ150,ויסנצ'י,IT,עוגיות קרם שוקו,גרמים,150.00,100 גרם,false,0,6.70,4.47,true,1,
7296073163084,false,נקניקיות וינר שופרסל400ג,מעדני יחיעם,IL,נקניקיות וינר,גרמים,400.00,100 גרם,false,0,8.40,2.10,true,1,
7296073163107,false,נקניקיות וינר שופרסל1.5ק,שופרסל,IL,נקניקיות וינר,קילוגרמים,1.50,"ק""ג",false,0,24.70,16.47,true,1,
7296073163114,false,נקניקיות מיני שופרסל600ג,מעדני יחיעם,IL,נקניקיות מיני,גרמים,600.00,100 גרם,false,0,13.50,2.25,true,1,
7296073164388,false,עלי תרד אורגניים,,IL,עלי תרד אורגניים,יחידה,1.00,יחידה,false,0,11.90,11.90,true,1,
7296073164661,false,תאנים אורגניות,,IL,תאנים אורגניות,גרמים,460.00,100 גרם,false,0,25.90,5.63,true,1,
7296073164685,false,קייל אורגני גרין,,IL,קייל אורגני גרין,יחידה,1.00,יחידה,false,0,11.90,11.90,true,1,
7296073169543,false,40 מטליות רב שימושיות,שופרסל,IL,"מטליות רב""ש",יחידה,1.00,יחידה,false,0,14.40,14.40,true,1,
7296073169550,false,3 מטליות מיקרופייבר שופר,שופרסל,CN,מטליות מיקרופיבר,יחידה,1.00,יחידה,false,0,10.90,10.90,true,1,
7296073170839,false,שוקולד לבן שוויצרי 100גר,"שוקולד פריי בע""מ",CH,שוקולד לבן,גרמים,100.00,100 גרם,false,0,4.20,4.20,true,1,
7296073170853,false,צ'יפס קלאסי שופרסל 2.5קג,"תעשיות תפוגן בע""\מ",IL,צ'יפס קלאסי,קילוגרמים,2.50,"ק""ג",false,0,29.80,11.92,true,1,
7296073170860,false,צ'יפס קלאסי שופרסל 1.5קג,"תעשיות תפוגן בע""\מ",IL,צ'יפס קלאסי,קילוגרמים,1.50,"ק""ג",false,0,19.50,13.00,true,1,
7296073170884,false,סטייק צ'יפס שופרסל 1.5קג,"תעשיות תפוגן בע""\מ",IL,סטייק צ'יפס,קילוגרמים,1.50,"ק""ג",false,0,19.50,13.00,true,1,
7296073171126,false,שוק.לבן שוויצרי 100*3 גר,"שוקולד פריי בע""מ",CH,שוקולד לבן 3 יח',גרמים,300.00,100 גרם,false,0,12.30,4.10,true,1,
7296073173045,false,דבש טבעי לחיץ שופרסל500ג,שופרסל,IL,דבש לחיץ שופרסל,גרמים,500.00,100 גרם,false,0,22.10,4.42,true,1,
7296073173199,false,אפונה ירוקה עדינה שופרסל,שופרסל,BE,אפונה עדינה,גרמים,600.00,100 גרם,false,0,11.00,1.83,true,1,
7296073173205,false,שעועית ירוקה עדינה שופרס,ARDO,BE,שעועית ירוקה,גרמים,600.00,100 גרם,false,0,11.00,1.83,true,1,
7296073173212,false,שעועית ירוקה שלמה שופרסל,ARDO,BE,שעועית ירוקה,גרמים,800.00,100 גרם,false,0,11.00,1.37,true,1,
7296073173229,false,שעועית ירוקה חתוכה שופרס,ARDO,BE,שעועית ירוקה,גרמים,800.00,100 גרם,false,0,11.00,1.38,true,1,
7296073173304,false,"קמח חיטה לאפיית לחם 1ק""ג",שופרסל,IL,קמח לאפיית לחם,קילוגרמים,1.00,"ק""ג",false,0,5.90,5.90,true,1,
7296073173311,false,קמח תופח מועשר שופרסל 1ק,שופרסל,IL,קמח תופח מועשר,קילוגרמים,1.00,"ק""ג",false,0,5.90,5.90,true,1,
7296073173335,false,קמח שיפון מלא שופרסל 1קג,שופרסל,IL,קמח שיפון מלא,קילוגרמים,1.00,"ק""ג",false,0,5.90,5.90,true,1,
7296073179863,false,דבש טבעי לחיץ שופרסל250ג,שופרסל,IL,דבש טבעי לחיץ,גרמים,250.00,100 גרם,false,0,13.20,5.28,true,1,
7296073180203,false,עלי רוקט שטופים 150גרם,"פרסקו חצבה 2006 בע""\מ",IL,עלי רוקט150ג',גרמים,150.00,100 גרם,false,0,10.50,7.00,true,1,
7296073180210,false,עלי תרד בייבי שטופים400ג,"פרסקו חצבה 2006 בע""\מ",IL,עלי תרד בייבי,גרמים,400.00,100 גרם,false,0,15.90,3.98,true,1,
7296073180548,false,אגוז מלך טבעי150ג שופרסל,ששון,US,א.מלך טבעי קלוף,גרמים,150.00,100 גרם,false,0,10.10,6.73,true,1,
7296073180944,false,מטלית רצפה,,CN,מטלית רצפה,יחידה,1.00,יחידה,false,0,8.40,8.40,true,1,
7296073187363,false,פחם דרום אמריקאי,,PY,פחם דרום אמריקאי,קילוגרמים,2.00,"ק""ג",false,0,11.80,5.90,true,1,
7296073189572,false,פקאן סיני 200גרם שופרסל,שקרצי,IL,פקאן סיני 200גרם,גרמים,200.00,100 גרם,false,0,21.20,10.60,true,1,
7296073189589,false,פקאן טבעי 200גרם שופרסל,שקרצי,US,חצאי אגוזי פקאן,גרמים,200.00,100 גרם,false,0,22.10,11.05,true,1,
7296073189596,false,חצאי בוטן מטוגן וממולח,שקרצי,IL,בוטן מטוגן200גרם,גרמים,200.00,100 גרם,false,0,6.70,3.35,true,1,
7296073189602,false,בוטן מטוגן 400גרם שופרסל,שקרצי,IL,חצאי בוטן מטוגן,גרמים,400.00,100 גרם,false,0,12.70,3.18,true,1,
7296073189688,false,ג.חמניה קלוף150ג שופרסל,ששון,IL,גרעין חמניה 150ג,גרמים,150.00,100 גרם,false,0,4.90,3.27,true,1,
7296073191261,false,תחתיות ארטישוק שופר390גר,Raal El Conservas,ES,תחתיות ארטישוק,גרמים,390.00,100 גרם,false,0,8.40,2.15,true,1,
7296073192633,false,שעועית לבנה שופרסל 800גר,פרי גליל,IL,שעועית לבנה,גרמים,800.00,100 גרם,false,0,12.70,1.59,true,1,
7296073192657,false,גרגרי חומוס שופרסל 800גר,פרי גליל,IL,גרגרי חומוס,גרמים,800.00,100 גרם,false,0,11.00,1.37,true,1,
7296073193784,false,כרובית שטופה 500גרם,"פרסקו חצבה 2006 בע""\מ",IL,כרובית שטופה,גרמים,500.00,100 גרם,false,0,15.90,3.18,true,1,
7296073193791,false,ברוקולי שטוף 400גרם,פרסקו,IL,ברוקולי שטוף,גרמים,400.00,100 גרם,false,0,15.90,3.98,true,1,
7296073195146,false,דייסת שיבולת שופרסל200,שופרסל,IL,דייסת שיבולת,גרמים,200.00,100 גרם,false,0,9.30,4.65,true,1,
7296073195252,false,פריכיות אורז מלא גרין100,"פרח תעשיות מזון בע""\מ",IL,פריכיות אורז מלא,גרמים,100.00,100 גרם,false,0,6.70,6.70,true,1,
7296073195894,false,אטריות דקיקות שופרסל400ג,שיבולים בני דרום,IL,אטריות דקיקות,גרמים,400.00,100 גרם,false,0,4.10,1.03,true,1,
7296073195900,false,אטריות דקות שופרסל 400ג,שיבולים בני דרום,IL,אטריות דקות,גרמים,400.00,100 גרם,false,0,4.10,1.03,true,1,
7296073195917,false,אטריות בינוניות 400 גרם,שיבולים בני דרום,IL,אטריות בינוניות,גרמים,400.00,100 גרם,false,0,4.10,1.03,true,1,
7296073195924,false,אטריות רחבות שופרסל400ג,שיבולים בני דרום,IL,אטריות דקות,גרמים,400.00,100 גרם,false,0,4.10,1.03,true,1,
7296073197461,false,שוקולד חלב 100*3 גרם,"שוקולד פריי בע""מ",CH,שוקולד חלב 3 יח,גרמים,300.00,100 גרם,false,0,11.00,3.67,true,1,
7296073197478,false,שוקולד מריר שוויצרי100*3,"שוקולד פריי בע""מ",CH,שוקולד מריר 3 יח,גרמים,300.00,100 גרם,false,0,11.00,3.67,true,1,
7296073198314,false,דייסת דגנים מעורבים 200ג,שופרסל,IL,דייסת דגנים,גרמים,200.00,100 גרם,false,0,9.30,4.65,true,1,
7296073199014,false,נודלס דק להקפצה 400 גרם,INDUSTRY ANLIDA LONGHAI FUJIAN,CN,נודלס דק להקפצה,גרמים,400.00,100 גרם,false,0,8.30,2.08,true,1,
7296073201410,false,נודלס רחב להקפצה 400ג,פרוצ'אמפ,CN,נודלס בינוני,גרמים,400.00,100 גרם,false,0,8.30,2.08,true,1,
7296073202479,false,שוק.מריר שוויצרי 100*6ג,"שוקולד פריי בע""מ",CH,שוקולד מריר 6 יח,גרמים,600.00,100 גרם,false,0,20.40,3.40,true,1,
7296073202493,false,שוק.חלב שופרסל 100*6 גרם,"שוקולד פריי בע""מ",CH,שוקולד חלב 6 יח,גרמים,600.00,100 גרם,false,0,20.40,3.40,true,1,
7296073203391,false,"מיקס מזון לכלבים 3 ק""ג",EFFEFFE,IT,מיקס מזון לכלבים,קילוגרמים,3.00,"ק""ג",false,0,33.80,11.27,true,1,
7296073203407,false,"מיקס מזון לכלבים 12 ק""ג",EFFEFFE,IT,מיקס מזון לכלבים,קילוגרמים,12.00,"ק""ג",false,0,85.30,7.11,true,1,
7296073204640,false,בוטן אמריקאי200ג שופרסל,ששון,IL,בוטנים אמריקאים,גרמים,200.00,100 גרם,false,0,5.90,2.95,true,1,
7296073205081,false,מיונז,,IL,מיונז,גרמים,500.00,100 גרם,false,0,6.70,1.34,true,1,
7296073205111,false,"ניוקי תפו""א ל.ג.גרין500ג",,IT,"ניוקי תפו""א",גרמים,500.00,100 גרם,false,0,8.50,1.70,true,1,
7296073205418,false,פוסילי מלא אורג.גרין500ג,,IT,פוזילי מלא,גרמים,500.00,100 גרם,false,0,8.40,1.68,true,1,
7296073205456,false,פנה מלא אורגני,,IT,פנה מלא אורגני,גרמים,500.00,100 גרם,false,0,8.40,1.68,true,1,
7296073205616,false,תמר מג'הול אורגני גרין1ק,אלסקה,IL,תמר מג'הול גרין,קילוגרמים,1.00,"ק""ג",false,0,22.90,22.90,true,1,
7296073205692,false,רוטב פסטה שום אורגני 350,אלת'אה אס.פי.איי,IT,רוטבעגבניות שום,גרמים,350.00,100 גרם,false,0,8.50,2.43,true,1,
7296073205708,false,רוט.פסט.בזיליקום אורג350,אלת'אה אס.פי.איי,IT,רוטב פסטה,גרמים,350.00,100 גרם,false,0,8.50,2.43,true,1,
7296073206095,false,סירופ אגבה,,MX,סירופ אגבה,גרמים,330.00,100 גרם,false,0,14.40,4.36,true,1,
7296073206101,false,סירופ אגבה אורג.גרין660ג,,MX,סירופ אגבה,גרמים,660.00,100 גרם,false,0,24.70,3.74,true,1,
7296073206354,false,דבש הדרים גרין 500 גרם,,IL,דבש הדרים,גרמים,500.00,100 גרם,false,0,21.10,4.22,true,1,
7296073206675,false,טונה בשמן קנולה שופר160ג,,IL,טונה בשמן קנולה,גרמים,160.00,100 גרם,false,0,5.00,3.13,true,1,
7296073206682,false,טונה בשמן קנולה 160*4ג,"תעשיות פילטונה בע""מ",IL,טונה בשמן 4 יח,גרמים,640.00,100 גרם,false,0,17.00,2.66,true,1,
7296073207078,false,בוטן קלוף קלוי300 שופרסל,ששון,IL,בוטן קלוף קלוי,גרמים,300.00,100 גרם,false,0,10.10,3.37,true,1,
7296073209225,false,"3ספוגיות קירצוף 9*72 ס""מ",פלסטו פוליש,IL,ספוגיות קירצוף,יחידה,1.00,יחידה,false,0,6.70,6.70,true,1,
7296073211624,false,פילה אמנון קפוא קג,שופרסל,CN,פילה אמנון קפוא,קילוגרמים,0.00,"ק""ג",true,0,25.50,25.50,true,1,
7296073211969,false,וופל בלגי שוקולד 200 גרם,"גילרו בע""\מ",IL,וופל בלגי שוקולד,גרמים,200.00,100 גרם,false,0,3.30,1.65,true,1,
7296073214120,false,חתיכות אננס בסירופ850ג,CANNING FRUIT KUIBURI,TH,חתיכות אננס,גרמים,850.00,100 גרם,false,0,8.40,0.99,true,1,
7296073214137,false,פלחי אפרסקים,,CN,פלחי אפרסק,גרמים,820.00,100 גרם,false,0,7.60,0.93,true,1,
7296073214144,false,פלחי אפרסקים,,CN,פלחי אפרסק,גרמים,312.00,100 גרם,false,0,4.10,1.31,true,1,
7296073215820,false,כורכום טחון,,IL,כורכום טחון,גרמים,100.00,100 גרם,false,0,5.90,5.90,true,1,
7296073215844,false,כורכום טחון,,IL,כורכום טחון,גרמים,40.00,100 גרם,false,0,5.10,12.75,true,1,
7296073215851,false,כורכום במיכל,,IL,כורכום במיכל,גרמים,100.00,100 גרם,false,0,8.10,8.10,true,1,
7296073215868,false,כורכום במיכל,,IL,כורכום במיכל,גרמים,400.00,100 גרם,false,0,20.40,5.10,true,1,
7296073215899,false,כמון טחון,,IL,כמון טחון,גרמים,100.00,100 גרם,false,0,8.20,8.20,true,1,
7296073215905,false,כמון טחון,,IL,כמון טחון,גרמים,400.00,100 גרם,false,0,24.70,6.18,true,1,
7296073215936,false,קנמון טחון,,IL,קנמון טחון,גרמים,80.00,100 גרם,false,0,6.40,8.00,true,1,
7296073215943,false,אורגנו בשקית,,IL,אורגנו בשקית,גרמים,20.00,100 גרם,false,0,4.70,23.50,true,1,
7296073215974,false,שום גבישי,,IL,שום גבישי,גרמים,120.00,100 גרם,false,0,9.20,7.67,true,1,
7296073215998,false,אבקת שום,,IL,אבקת שום,גרמים,50.00,100 גרם,false,0,5.70,11.40,true,1,
7296073216001,false,תערובת תיבול עוף,,IL,תערובת תיבול עוף,גרמים,100.00,100 גרם,false,0,6.20,6.20,true,1,
7296073216018,false,תערובת תיבול,,IL,תערובת תיבול,גרמים,100.00,100 גרם,false,0,5.90,5.90,true,1,
7296073216025,false,תערובת תיבול,,IL,תערובת תיבול,גרמים,100.00,100 גרם,false,0,8.30,8.30,true,1,
7296073216032,false,תערובת גריל עוף,,IL,תערובת גריל עוף,גרמים,150.00,100 גרם,false,0,9.30,6.20,true,1,
7296073216049,false,תערוב תיבול,,IL,תערוב תיבול,גרמים,100.00,100 גרם,false,0,5.70,5.70,true,1,
7296073216063,false,חוואג' למרק,,IL,חוואג' למרק,גרמים,100.00,100 גרם,false,0,7.20,7.20,true,1,
7296073216070,false,פטרוזיליה תבלין,,IL,פטרוזיליה תבלין,גרמים,20.00,100 גרם,false,0,5.90,29.50,true,1,
7296073216094,false,בהרט,,IL,בהרט,גרמים,100.00,100 גרם,false,0,5.90,5.90,true,1,
7296073216100,false,צ'ילי כתוש,,IL,צ'ילי כתוש,גרמים,25.00,100 גרם,false,0,5.00,20.00,true,1,
7296073216117,false,תערובת תיבול קאר,,IL,תערובת תיבול קאר,גרמים,100.00,100 גרם,false,0,5.00,5.00,true,1,
7296073216124,false,בזיליקום תבלין,,IL,בזיליקום תבלין,גרמים,30.00,100 גרם,false,0,4.70,15.67,true,1,
7296073216131,false,טימין,,IL,טימין,גרמים,20.00,100 גרם,false,0,5.00,25.00,true,1,
7296073216155,false,פלפל שחור,,IL,פלפל שחור,גרמים,40.00,100 גרם,false,0,8.40,21.00,true,1,
7296073216186,false,פלפל שחור,,IL,פלפל שחור,גרמים,40.00,100 גרם,false,0,8.10,20.25,true,1,
7296073216193,false,פלפל שחור,,IL,פלפל שחור,גרמים,90.00,100 גרם,false,0,10.60,11.78,true,1,
7296073216209,false,פלפל שחור,,IL,פלפל שחור,גרמים,35.00,100 גרם,false,0,8.00,22.86,true,1,
7296073216216,false,פלפל לבן,,IL,פלפל לבן,גרמים,40.00,100 גרם,false,0,8.10,20.25,true,1,
7296073216223,false,פפריקה מתוקה,,IL,פפריקה מתוקה,גרמים,80.00,100 גרם,false,0,4.40,5.50,true,1,
7296073216230,false,פפריקה מתוקה,,IL,פפריקה מתוקה,גרמים,40.00,100 גרם,false,0,6.20,15.50,true,1,
7296073216254,false,פפריקה מתוקה,,IL,פפריקה מתוקה,גרמים,400.00,100 גרם,false,0,17.80,4.45,true,1,
7296073216285,false,פפריקה מתוקה,,IL,פפריקה מתוקה,גרמים,400.00,100 גרם,false,0,20.40,5.10,true,1,
7296073216292,false,פפריקה חריפה,,IL,פפריקה חריפה,גרמים,80.00,100 גרם,false,0,4.20,5.25,true,1,
7296073216308,false,פפריקה חריפה,,IL,פפריקה חריפה,גרמים,100.00,100 גרם,false,0,8.10,8.10,true,1,
7296073216315,false,מלח לימון,,IL,מלח לימון,גרמים,100.00,100 גרם,false,0,5.60,5.60,true,1,
7296073216322,false,מלח לימון,,IL,מלח לימון,גרמים,170.00,100 גרם,false,0,8.30,4.88,true,1,
7296073218159,false,תיבול לקציצות,,IL,תיבול לקציצות,גרמים,100.00,100 גרם,false,0,5.00,5.00,true,1,
7296073218166,false,פלפל אנגלי שלם,,IL,פלפל אנגלי שלם,גרמים,25.00,100 גרם,false,0,6.70,26.80,true,1,
7296073218234,false,סוכר חום אורגני גרין 1 ק,,IL,סוכר קנים חום,קילוגרמים,1.00,"ק""ג",false,0,8.50,8.50,true,1,
7296073218807,false,בישקוטים,,IT,בישקוטים,גרמים,200.00,100 גרם,false,0,6.10,3.05,true,1,
7296073219088,false,מיונז אמיתי 1 קג,,IL,מיונז אמיתי 1 קג,קילוגרמים,1.00,"ק""ג",false,0,12.70,12.70,true,1,
7296073219101,false,אבקת כביסה,,IL,אבקת כביסה,קילוגרמים,7.00,"ק""ג",false,0,35.80,5.11,true,1,
7296073219118,false,אבקת כביסה,,IL,אבקת כביסה,קילוגרמים,2.50,"ק""ג",false,0,17.80,7.12,true,1,
7296073219255,false,קפה נמס,,IL,קפה נמס,גרמים,200.00,100 גרם,false,0,11.80,5.90,true,1,
7296073219262,false,קפה טורקי עם הל,,IL,קפה טורקי עם הל,גרמים,100.00,100 גרם,false,0,5.30,5.30,true,1,
7296073219347,false,לחם אחיד פרוס750ג שופרסל,מאפית ברמן,IL,לחם אחיד פרוס,גרמים,750.00,100 גרם,false,0,6.00,0.80,true,1,
7296073219354,false,משטח לייבוש כלים,,CN,משטח לייבוש כלים,יחידה,1.00,יחידה,false,0,11.00,11.00,true,1,
7296073219606,false,כדורי דגנים,,LT,כדורי דגנים,גרמים,500.00,100 גרם,false,0,10.60,2.12,true,1,
7296073219675,false,פלפל שחור גרוס,,IL,פלפל שחור גרוס,גרמים,80.00,100 גרם,false,0,8.90,11.13,true,1,
7296073219880,false,פודינג שוקולד,,IL,פודינג שוקולד,גרמים,95.00,100 גרם,false,0,3.80,4.00,true,1,
7296073219897,false,פודינג וניל,,IL,פודינג וניל,גרמים,80.00,100 גרם,false,0,3.80,4.75,true,1,
7296073219910,false,ג'לי משמש,,IL,ג'לי משמש,גרמים,85.00,100 גרם,false,0,4.20,4.94,true,1,
7296073219927,false,ג'לי תות,,IL,ג'לי תות,גרמים,85.00,100 גרם,false,0,4.20,4.94,true,1,
7296073219958,false,חט.דגנים שוקו+מריר23*6ג,back and Snack,AT,חטיף דגנים,גרמים,23.00,100 גרם,false,0,8.40,36.52,true,1,
7296073220022,false,אבקת קקאו,,IL,אבקת קקאו,גרמים,150.00,100 גרם,false,0,6.40,4.27,true,1,
7296073220121,false,חטיפי קרח,,IL,חטיפי קרח,ליטרים,0.07,ליטר,false,0,11.40,162.86,true,1,
7296073220275,false,וופל ט.שוקולד שופרסל500ג,"מנעמים תעשיות מזון בע""\מ",IL,ופל טעם שוקולד,גרמים,500.00,100 גרם,false,0,8.40,1.68,true,1,
7296073220282,false,וופלים ט.לימון שופרסל500,"מנעמים תעשיות מזון בע""\מ",IL,ופל טעם לימון,גרמים,500.00,100 גרם,false,0,8.40,1.68,true,1,
7296073220398,false,חטיפי קרח,,IL,חטיפי קרח,מיליליטרים,800.00,"100 מ""ל",false,0,7.60,0.95,true,1,
7296073220442,false,דובדבן קפוא שופרסל 300גר,d.o.o Lukowa,RS,דובדבן,גרמים,300.00,100 גרם,false,0,14.40,4.80,true,1,
7296073221319,false,מארז כפות בצבע קרם,.,IL,כפות חד פעמיות,יחידה,1.00,יחידה,false,0,12.70,12.70,true,1,
7296073221326,false,"כפית קרם 100 יח,' 1.4גרם",.,TR,"מארז כפיות ח""פ",יחידה,1.00,יחידה,false,0,12.70,12.70,true,1,
7296073221333,false,מארז מזלגות בצבע קרם,.,IL,"מזלגות קרם ח""פ",יחידה,1.00,יחידה,false,0,12.70,12.70,true,1,
7296073221340,false,מארז סכינים בצבע קרם,.,IL,סכינים עבים קרם,יחידה,1.00,יחידה,false,0,12.70,12.70,true,1,
7296073221630,false,שמן קנולה שופרסל 1 ליטר,בוקרלמן,DE,שמן קנולה,ליטרים,1.00,ליטר,false,0,8.40,8.40,true,1,
7296073221791,false,ופלים בטעם אגוזים 400 גר,"מנעמים תעשיות מזון בע""\מ",IL,ופל אגוזים,גרמים,400.00,100 גרם,false,0,8.40,2.10,true,1,
7296073222200,false,פסטרמה הודו על גחלים שופ,מעדני יחיעם,IL,פסטרמה הודו,גרמים,300.00,100 גרם,false,0,18.70,6.23,true,1,
7296073222224,false,פסטרמה ברביקיו דק דק140ג,מעדני יחיעם,IL,פסטרמה ברביקיו,גרמים,140.00,100 גרם,false,0,10.10,7.21,true,1,
7296073222231,false,פסטרמה בדבש דק דק 140 גר,מעדני יחיעם,IL,פסטרמה בדבש,גרמים,140.00,100 גרם,false,0,10.10,7.21,true,1,
7296073222255,false,סלמי מעושן שופרסל 400 גר,מעדני יחיעם,IL,סלמי מעושן,גרמים,400.00,100 גרם,false,0,14.40,3.60,true,1,
7296073222262,false,קבנוס שופרסל 100 גרם,מעדני יחיעם,IL,קבנוס,גרמים,100.00,100 גרם,false,0,7.60,7.60,true,1,
7296073222279,false,נקניקיות וינר שופרסל 1קג,מעדני יחיעם,IL,נקניקיות וינר,קילוגרמים,1.00,"ק""ג",false,0,18.70,18.70,true,1,
7296073222309,false,ג'חנון קפוא שופרסל 650 ג,אופרה,IL,ג'חנון קפוא שופר,גרמים,650.00,100 גרם,false,0,12.70,1.95,true,1,
7296073222316,false,ג'חנון אפוי שופרסל 650ג,אופרה,IL,ג'חנון אפוי שופר,גרמים,650.00,100 גרם,false,0,14.40,2.22,true,1,
7296073222323,false,מלווח קפוא שופרסל700ג,אופרה,IL,מלווח קפוא שופרס,גרמים,700.00,100 גרם,false,0,11.00,1.57,true,1,
7296073223009,false,שמן זית,,IT,שמן זית,מיליליטרים,750.00,"100 מ""ל",false,0,25.50,3.40,true,1,
7296073223993,false,מזון חתולים,,FR,מזון חתולים,גרמים,400.00,100 גרם,false,0,5.90,1.48,true,1,
7296073224006,false,מזון חתולים,,FR,מזון חתולים,גרמים,400.00,100 גרם,false,0,5.90,1.48,true,1,
7296073224020,false,מזון חתולים,,FR,מזון חתולים,גרמים,400.00,100 גרם,false,0,5.90,1.48,true,1,
7296073224037,false,מזון כלבים,,FR,מזון כלבים,גרמים,400.00,100 גרם,false,0,5.80,1.45,true,1,
7296073224044,false,מזון לכלב,,FR,מזון לכלב,גרמים,400.00,100 גרם,false,0,5.80,1.45,true,1,
7296073224051,false,מזון כלבים,,FR,מזון כלבים,גרמים,400.00,100 גרם,false,0,5.80,1.45,true,1,
7296073224204,false,שמן זית,,IT,שמן זית,ליטרים,1.00,ליטר,false,0,34.10,34.10,true,1,
7296073224402,false,גרגירי חומוס אורגני גרין,,IL,גרגירי חומוס,גרמים,500.00,100 גרם,false,0,10.10,2.02,true,1,
7296073224419,false,שומשום מלא אורגני גר100ג,,IL,שומשום מלא,גרמים,100.00,100 גרם,false,0,4.10,4.10,true,1,
7296073224457,false,כוסמת אורגנית גרין 500 ג,,IL,כוסמת אורגנית,גרמים,500.00,100 גרם,false,0,7.60,1.52,true,1,
7296073224464,false,אורז לבן ארוך גרין 500 ג,,IL,אורז לבן ארוך,גרמים,500.00,100 גרם,false,0,9.30,1.86,true,1,
7296073224471,false,עדשים אדומות אורגני גרין,,IL,עדשים אדומות,גרמים,500.00,100 גרם,false,0,9.30,1.86,true,1,
7296073224488,false,בורגול אורגני גרין 500 ג,,IL,בורגול אורגני,גרמים,500.00,100 גרם,false,0,6.70,1.34,true,1,
7296073224495,false,עדשים ירוק אורג.גרין500ג,,IL,עדשים ירוקות,גרמים,500.00,100 גרם,false,0,11.00,2.20,true,1,
7296073224518,false,גרעיני חמניה,,IL,גרעיני חמניה,גרמים,100.00,100 גרם,false,0,4.10,4.10,true,1,
7296073224525,false,שבבי שיב.שוע500גרוס גרין,,IL,קוואקר אורגני,גרמים,500.00,100 גרם,false,0,9.30,1.86,true,1,
7296073224549,false,זרעי פשתן גרין 500 גרם,,IL,זרעי פשתן,גרמים,500.00,100 גרם,false,0,9.30,1.86,true,1,
7296073224556,false,שבבי שיבולת שועל גרין500,,IL,קוואקר אורג.עבה,גרמים,500.00,100 גרם,false,0,9.30,1.86,true,1,
7296073224563,false,סלט טחינה שופרסל 400 גרם,סלטי שמיר,IL,סלט טחינה,גרמים,400.00,100 גרם,false,0,10.10,2.53,true,1,
7296073224570,false,חומוס אסלי שופרסל 400גרם,סלטי שמיר,IL,חומוס אסלי,גרמים,400.00,100 גרם,false,0,9.30,2.33,true,1,
7296073224587,false,כרוב אדום שופרסל 400 גרם,סלטי שמיר,IL,סלט כרוב אדום,גרמים,400.00,100 גרם,false,0,10.10,2.53,true,1,
7296073224594,false,סלט חציל במיונז שופר400ג,סלטי שמיר,IL,סלט חצילים מיונז,גרמים,400.00,100 גרם,false,0,10.10,2.53,true,1,
7296073224600,false,"חומוס שופרסל 1 ק""ג",סלטי שמיר,IL,סלט חומוס,קילוגרמים,1.00,"ק""ג",false,0,11.00,11.00,true,1,
7296073224648,false,"אורז פרסי שופרסל 5 ק""ג",ltd co produce Uthai,TH,"אורז פרסי 5 ק""ג",קילוגרמים,5.00,"ק""ג",false,0,25.50,5.10,true,1,
7296073224662,false,12ביצים חופש אורגניות M,חוות גבעות עולם,IL,ביצי חופש 12 יח,יחידה,1.00,יחידה,false,0,19.50,19.50,true,1,
7296073224679,false,12ביצים חופש אורגני L,חוות גבעות עולם,IL,ביצי חופש 12 יח,יחידה,1.00,יחידה,false,0,19.50,19.50,true,1,
7296073224693,false,ביציםM שופרסל 12,,IL,ביציםM שופרסל 12,יחידה,1.00,יחידה,false,0,9.50,9.50,true,1,
7296073224709,false,ביציםL שופרסל 12,,IL,ביציםL שופרסל 12,יחידה,1.00,יחידה,false,0,10.30,10.30,true,1,
7296073224815,false,מרכך מרוכז כחול,,IL,מרכך מרוכז כחול,ליטרים,1.00,ליטר,false,0,9.30,9.30,true,1,
7296073224822,false,מרכך מרוכז ורוד,,IL,מרכך מרוכז ורוד,ליטרים,1.00,ליטר,false,0,9.30,9.30,true,1,
7296073224839,false,מרכך מרוכז לבן,,IL,מרכך מרוכז לבן,ליטרים,1.00,ליטר,false,0,9.30,9.30,true,1,
7296073224846,false,מרכך מרוכז סגול,,IL,מרכך מרוכז סגול,ליטרים,1.00,ליטר,false,0,9.30,9.30,true,1,
7296073224891,false,אפונה ירוקה קפואה שופרסל,ARDO,BE,אפונה ירוקה,גרמים,800.00,100 גרם,false,0,11.00,1.38,true,1,
7296073224907,false,אפונה וגזר שופרסל 800גרם,ARDO,BE,אפונה וגזר,גרמים,800.00,100 גרם,false,0,11.00,1.37,true,1,
7296073225010,false,ריבועי דגנים+קינמון500גר,פודס,LT,ריבועי דגנים,גרמים,500.00,100 גרם,false,0,10.60,2.12,true,1,
7296073225072,false,לחמניות שופרסל 6יח75*גר,מאפיית שלמה א. אנג'\ל בע,IL,לחמניות 6 יחידות,גרמים,450.00,100 גרם,false,0,10.10,2.24,true,1,
7296073225249,false,גרעין חמניה לא תוספת מלח,ששון,IL,גרעין חמניה,גרמים,200.00,100 גרם,false,0,5.80,2.90,true,1,
7296073225256,false,גרעין חמנייה קליית עפולה,ששון,IL,גרעין חמנייה,גרמים,200.00,100 גרם,false,0,5.80,2.90,true,1,
7296073225492,false,רוטב עגבני.מרוכז22% 260ג,פריניר,IL,רוטב עגבניות,גרמים,260.00,100 גרם,false,0,2.60,1.00,true,1,
7296073225508,false,כוסות קפה גדולות שופרסל,.,CN,כוסות קפה גדולות,יחידה,1.00,יחידה,false,0,16.10,16.10,true,1,
7296073225515,false,"מכסים לכוסות קפה ח""פ 50",.,CN,מכסים לכוסות קפה,יחידה,1.00,יחידה,false,0,8.40,8.40,true,1,
7296073225560,false,"ופלים שוקולד ללת""ס200גרם","מנעמים תעשיות מזון בע""\מ",IL,"ופל שוקולד ללת""ס",גרמים,200.00,100 גרם,false,0,5.50,2.75,true,1,
7296073225720,false,שעועית מש 500 גרם,,IL,שעועית מש,גרמים,500.00,100 גרם,false,0,11.80,2.36,true,1,
7296073225737,false,שעועית אזוקי 500 גרם,,IL,שעועית אזוקי,גרמים,500.00,100 גרם,false,0,11.00,2.20,true,1,
7296073225744,false,חצילים על האש שופרסל400ג,סלטי שמיר,IL,סלט חצילים,גרמים,400.00,100 גרם,false,0,10.10,2.53,true,1,
7296073225751,false,חציל בטחינה 400 גרם,סלטי שמיר,IL,סלט חציל בטחינה,גרמים,400.00,100 גרם,false,0,10.10,2.53,true,1,
7296073225768,false,סלט מטבוחה שופרסל 400גרם,סלטי שמיר,IL,סלט מטבוחה,גרמים,400.00,100 גרם,false,0,10.10,2.53,true,1,
7296073226529,false,וופל קוביות שוקולד 250גר,בלקוני,IT,וופל קוביות,גרמים,250.00,100 גרם,false,0,9.30,3.72,true,1,
7296073226536,false,וופל קוביות קרם אגוז250ג,בלקוני,IT,וופל קוביות,גרמים,250.00,100 גרם,false,0,9.30,3.72,true,1,
7296073226543,false,אורגנו תבלין,,IL,אורגנו תבלין,גרמים,40.00,100 גרם,false,0,7.80,19.50,true,1,
7296073226970,false,סלט חומוס+טחינה שופר400ג,סלטי שמיר,IL,חומוס עם טחינה,גרמים,400.00,100 גרם,false,0,9.30,2.33,true,1,
7296073226987,false,סלט חומוס+מסבחה שופר400ג,סלטי שמיר,IL,חומוס עם מסבחה,גרמים,400.00,100 גרם,false,0,9.30,2.33,true,1,
7296073229667,false,סירופ טעם מייפל,,IL,סירופ טעם מייפל,גרמים,600.00,100 גרם,false,0,10.10,1.68,true,1,
7296073229674,false,פטוצ'יני ללינגויני 500 ג,.,IT,פסטה לינגוויני,גרמים,500.00,100 גרם,false,1,4.10,0.82,true,1,
7296073229698,false,12ביצים אורגנ+L.אומגה3,חוות גבעות עולם,IL,ביצים אורגניות,יחידה,1.00,יחידה,false,0,22.10,22.10,true,1,
7296073230021,false,מנקה רצפות כחול 2 ליטר,קליר כימיקלים,IL,מנקה רצפות כחול,ליטרים,2.00,ליטר,false,0,11.80,5.90,true,1,
7296073230045,false,מנקה רצפות סגול 2 ליטר,קליר כימיקלים,IL,מנקה רצפות,ליטרים,2.00,ליטר,false,0,11.80,5.90,true,1,
7296073230052,false,מנקה רצפות דוחה חרקים2ל,קליר כימיקלים,IL,מנקה רצפות,ליטרים,2.00,ליטר,false,0,10.20,5.10,true,1,
7296073230106,false,"סלט תפו""א שופרסל 400 גרם",סלטי שמיר,IL,"סלט תפו""א",גרמים,400.00,100 גרם,false,0,10.10,2.53,true,1,
7296073230113,false,לפתן פירות בסירופ קל225ג,.,CN,לפתן פירות,גרמים,225.00,100 גרם,false,0,3.80,1.69,true,1,
7296073230410,false,"כוסות קפה ח""פ",,CN,כוס שתיה חמה,יחידה,1.00,יחידה,false,0,12.70,12.70,true,1,
7296073230427,false,כפות שקופות,,IL,כפות שקופות,יחידה,1.00,יחידה,false,0,12.70,12.70,true,1,
7296073230465,false,מארז סכינים שקופים עבים,.,IL,סכינים שקופים,יחידה,1.00,יחידה,false,0,12.70,12.70,true,1,
7296073230649,false,קפה שחור שופרסל 120*2גרם,רוני רג'ואן ושות,IL,מארז קפה טורקי,גרמים,240.00,100 גרם,false,0,9.30,3.88,true,1,
7296073230656,false,מגבות נייר שופרסל 6 גל.,"שניב תעשיות נייר בע""\מ",IL,מגבות נייר,מטרים,63.00,מטר,false,0,8.40,0.13,true,1,
7296073230885,false,גלילי ופל במלוי אגוז100ג,"מנעמים תעשיות מזון בע""\מ",IL,גלילי וופל,גרמים,100.00,100 גרם,false,1,4.10,4.10,true,1,
7296073230892,false,50כוסות קרטון,,CN,כוסות שתייה,יחידה,1.00,יחידה,false,0,18.70,18.70,true,1,
7296073230960,false,קרקר+מלח אורגני גרין250ג,נובה אינדסטריה,IT,קרקר עם מלח,גרמים,250.00,100 גרם,false,1,5.80,2.32,true,1,
7296073230977,false,קרקר+שומשום רוזמרין גרין,נובה אינדסטריה,IT,קרקר שומשום,גרמים,250.00,100 גרם,false,1,5.00,2.00,true,1,
7296073231240,false,חט.פריכיות שוקו חלב18*5ג,בנליין פודס,RS,חטיף פריכיות,גרמים,90.00,100 גרם,false,1,8.40,9.33,true,1,
7296073231264,false,חט.פריכיות שוקו תות18*5,בנליין פודס,RS,חטיף פריכיות,גרמים,90.00,100 גרם,false,1,8.40,9.33,true,1,
7296073231271,false,מרכ.כביסה ורוד שופרסל 4ל,גליל כימיקלים,IL,מרכך כביסה,ליטרים,4.00,ליטר,false,1,14.40,3.60,true,1,
7296073231288,false,מרכך כביסה סגול 4 ליטר,גליל כימיקלים,IL,מרכך כביסה,ליטרים,4.00,ליטר,false,1,14.40,3.60,true,1,
7296073231295,false,מרכ.כביסה כחול שופרסל 4ל,גליל כימיקלים,IL,מרכך כביסה,ליטרים,4.00,ליטר,false,1,14.40,3.60,true,1,
7296073231554,false,חלב 3% בקרטון שופרסל 1ל,מחלבות רמת הגולן,IL,חלב 3% קרטון 1ל',ליטרים,1.00,ליטר,false,1,5.10,5.10,true,1,
7296073231561,false,שמנת עמידה לקצפת38% 250ג,מחלבות רמת הגולן,IL,שמנת להקצפה 38%,מיליליטרים,250.00,"100 מ""ל",false,1,5.30,2.12,true,1,
7296073231691,false,חט.פריכיות שוקו תפוז18*5,בנליין פודס,RS,חטיף פריכיות,גרמים,90.00,100 גרם,false,1,8.40,9.33,true,1,
7296073232377,false,חלב1% נטול לקטוז גרין1ל,מחלבת רמת-הגולן,IL,חלב נטול לקטוז,ליטרים,1.00,ליטר,false,1,6.70,6.70,true,1,
7296073232384,false,שוקו נטול לקטוז1%גרין1ל,מחלבות רמת הגולן,IL,שוקו נטול לקטוז,ליטרים,1.00,ליטר,false,1,6.70,6.70,true,1,
7296073236139,false,ביצים אורגניות שופרסל XL,חוות גבעות עולם,IL,ביצים אורגניות,יחידה,1.00,יחידה,false,1,22.10,22.10,true,1,
7296073236597,false,דייסת קורנפלור וניל 200ג,אשבל בעמ,IL,דייסת קורנפלור,גרמים,200.00,100 גרם,false,1,9.30,4.65,true,1,
7296073236603,false,"שמנת לבישול 15% 250 מ""ל",מחלבת רמת-הגולן,IL,שמנת לבישול 15%,מיליליטרים,250.00,"100 מ""ל",false,1,6.00,2.40,true,1,
7296073236887,false,סלט גזר מרוקאי 400 גרם,סלטי שמיר,IL,סלט גזר מרוקאי,גרמים,400.00,100 גרם,false,1,10.10,2.53,true,1,
7296073236894,false,סלט קולסלאו 400 גרם,סלטי שמיר,IL,סלט קולסלאו,גרמים,400.00,100 גרם,false,1,10.10,2.53,true,1,
7296073236931,false,קליונז מופחת קלוריות500ג,מיטב,IL,קליונז,גרמים,500.00,100 גרם,false,1,7.60,1.52,true,1,
7296073237204,false,"4סכיני גילוח רב""פ שופרסל",אדג'וול,US,"סכין גילוח ר""פ",יחידה,1.00,יחידה,false,1,25.50,25.50,true,1,
7296073237235,false,4 סכיני גילוח 3 להבים,אדג'וול,US,"סכין גילוח ח""פ",יחידה,1.00,יחידה,false,1,12.70,12.70,true,1,
7296073237556,false,ממחטות אף 100*5 יח',שניב תעשיות נייר,IL,ממחטות אף100*5יח,יחידה,1.00,יחידה,false,1,11.80,11.80,true,1,
7296073237631,false,שוקולד מריר פרימיום 81%,פריי )שוקולד(,CH,שוקולד מריר 81%,גרמים,100.00,100 גרם,false,1,8.40,8.40,true,1,
7296073237655,false,שוק.מריר 72% קקאו 100 גר,"שוקולד פריי בע""מ",CH,שוקולד מריר 72%,גרמים,100.00,100 גרם,false,1,8.40,8.40,true,1,
7296073237662,false,שוק72%. מריר תפוז 100גרם,פריי )שוקולד(,CH,שוקולד מריר תפוז,גרמים,100.00,100 גרם,false,1,8.40,8.40,true,1,
7296073237884,false,קפסולות קפה שופרסל שחור,רוני רג'ואן ושות,IL,קפסולות קפה,גרמים,50.00,100 גרם,false,1,12.70,25.40,true,1,
7296073239239,false,כוסות קפה פרימיום 50 יח',.,CN,כוסות שתיה חמה,יחידה,1.00,יחידה,false,1,15.30,15.30,true,1,
7296073240853,false,"וופלים בטעם שוקולד 1 ק""ג","מנעמים תעשיות מזון בע""\מ",IL,ופלים שוקולד,קילוגרמים,1.00,"ק""ג",false,1,15.30,15.30,true,1,
7296073241324,false,פרוסות אננס בסירופ קל850,CANNING FRUIT KUIBURI,TH,פרוסות אננס,גרמים,850.00,100 גרם,false,1,8.40,0.99,true,1,
7296073241393,false,טלק טיפולי לכף הרגל 200מ,ש.שוורץ,IL,טלק לכפות רגליים,מיליליטרים,200.00,"100 מ""ל",false,1,8.40,4.20,true,1,
7296073241522,false,ממחטות אף 100*5 יח,שניב תעשיות נייר,IL,ממחטות אף 5 יח,יחידה,1.00,יחידה,false,1,11.80,11.80,true,1,
7296073241539,false,ממחטות אף בקופסא 100 יח,שניב תעשיות נייר,IL,ממחטות אף בקופסא,יחידה,1.00,יחידה,false,1,8.40,8.40,true,1,
7296073241935,false,נייר טואלט סופר דיל 48גל,שניב,IL,נ.טואלט סופר דיל,מטרים,860.00,100 מטר,false,1,38.30,4.45,true,1,
7296073242635,false,כוסות שתיה קרה מעוטר כסף,.,IL,כוסות שתייה,יחידה,1.00,יחידה,false,1,16.10,16.10,true,1,
7296073243342,false,עוג.במילוי וניל ל.ג300ג,קופרנט פיינבק ג'י אם בי,DE,עוגיות וניל,גרמים,300.00,100 גרם,false,1,12.70,4.23,true,1,
7296073243731,false,ריבת חלב שופרסל 400 גרם,מיה,IL,ריבת חלב,גרמים,400.00,100 גרם,false,1,11.00,2.75,true,1,
7296073244417,false,"קורנפלקס ללא גלוטן כשל""פ",נקסקוב מילס,DK,קורנפלקס,גרמים,500.00,100 גרם,false,1,12.70,2.54,true,1,
7296073244769,false,"סוכר חום דמררה צנצ. 1ק""ג","סוגת תעשיות בע""\מ",IL,סוכר חום דמררה,קילוגרמים,1.00,"ק""ג",false,1,8.40,8.40,true,1,
7296073244875,false,טחינה גולמית 500 גרם,,IL,טחינה גולמית,גרמים,500.00,100 גרם,false,1,11.00,2.20,true,1,
7296073244899,false,טחינה מתובלת 500 גרם,,IL,טחינה מתובלת,גרמים,500.00,100 גרם,false,1,11.00,2.20,true,1,
7296073244905,false,טחינה משומשום מלא 500גרם,,IL,טחינה שומשום מלא,גרמים,500.00,100 גרם,false,1,11.00,2.20,true,1,
7296073246022,false,כפפות ויניל ללא אבקה M,אינטרסן,CN,כפפות ויניל,יחידה,1.00,יחידה,false,1,25.50,25.50,true,1,
7296073246039,false,כפפות ויניל ללא אבקה L,אינטרסן,CN,כפפות ויניל,יחידה,1.00,יחידה,false,1,25.50,25.50,true,1,
7296073246060,false,פולי סויה בקליפה 450 גרם,שופרסל,CN,פולי סויה,גרמים,450.00,100 גרם,false,1,10.10,2.24,true,1,
7296073246077,false,פולי סויה קלופים 450 גרם,שופרסל,CN,פולי סויה קלופים,גרמים,450.00,100 גרם,false,1,11.00,2.44,true,1,
7296073246084,false,פולי סויה בקליפה 1 קג,שופרסל,CN,פולי סויה 1קג,קילוגרמים,1.00,"ק""ג",false,1,16.80,16.80,true,1,
7296073246367,false,תות שדה קפוא 300 גרם,.,RS,תות שדה קפוא,גרמים,300.00,100 גרם,false,12,14.40,4.80,true,1,
7296073246633,false,פרוסות אננס בסירופ קל227,CANNING FRUIT KUIBURI,TH,פרוסות אננס,גרמים,227.00,100 גרם,false,1,3.30,1.45,true,1,
7296073246640,false,חתיכות אננס בסירופ קל227,CANNING FRUIT KUIBURI,TH,חתיכות אננס,גרמים,227.00,100 גרם,false,1,3.30,1.45,true,1,
7296073247500,false,רביולי גבינה 300 גרם,פסטה נונה,IL,רביולי גבינה,גרמים,300.00,100 גרם,false,1,11.00,3.67,true,1,
7296073247517,false,רביולי בטטה 300 גרם,פסטה נונה,IL,רביולי בטטה,גרמים,300.00,100 גרם,false,1,11.00,3.67,true,1,
7296073248477,false,55 צימרוני שסתום לתינוק,LTD CO S.T.O,CN,צימרוני שסתום,יחידה,1.00,יחידה,false,1,4.10,4.10,true,1,
7296073254133,false,"שמן זית פרימיום 750 מ""ל",אליעד בית בד בגולן,IL,שמן זית פרימיום,מיליליטרים,750.00,"100 מ""ל",false,1,30.60,4.08,true,1,
7296073254164,false,דג.בוקר נוגט גרין ל.ג375,נייס פוד,IT,דגני בוקר נוגט,גרמים,375.00,100 גרם,false,1,14.40,3.84,true,1,
7296073254256,false,ערמונים אורגניים גרין100,CO FOODS LIYUAN HEBEI,CN,ערמונים אורגניים,גרמים,100.00,100 גרם,false,1,6.70,6.70,true,1,
7296073254287,false,"אל סבון כחול 3 500* מ""ל",שופרסל,TR,אל סבון נוזלי3יח,ליטרים,1.50,ליטר,false,1,11.00,7.33,true,1,
7296073261155,false,קסמי אוזניים פלסטיק400יח,PRODUC UES DAILY JIEYANG,CN,קסמי אוזניים,יחידה,1.00,יחידה,false,1,9.30,9.30,true,1,
7296073261179,false,200 קסמי אוזניים פלסטיק,PRODUC UES DAILY JIEYANG,CN,קסמי אוזניים,יחידה,1.00,יחידה,false,1,5.50,5.50,true,1,
7296073261247,false,"חומץ בלסמי שופרסל 500מ""ל",פונטי,IT,חומץ בלסמי,מיליליטרים,500.00,"100 מ""ל",false,1,16.10,3.22,true,1,
7296073261384,false,"אל סבון מעורב 500*3 מ""ל",טאהא קימיה,TR,אל סבון נוזלי3יח,ליטרים,1.50,ליטר,false,1,11.00,7.33,true,1,
7296073261551,false,קוקטייל פירות טרופיים850,קיובורי,TH,קוקטייל פירות,גרמים,850.00,100 גרם,false,1,7.90,0.93,true,1,
7296073262831,false,דבש עם מזון מלכות 350ג,מכוורת עמק חפר,IL,דבש + מזון מלכות,גרמים,350.00,100 גרם,false,1,25.50,7.29,true,1,
7296073262923,false,תרסיס שמן קנולה ט.חמא150,S.L AEROLS FOOD,ES,תרסיס שמן,מיליליטרים,150.00,"100 מ""ל",false,1,12.70,8.47,true,1,
7296073262947,false,פסטה קזרצ'ה 400 גרם,שופרסל,IT,פסטה קזרצ'ה,גרמים,400.00,100 גרם,false,1,5.90,1.48,true,1,
7296073262961,false,גרנולה דואט שוקו אגוז400,בריגן קי ג'י,DE,גרנולה פרימיום,גרמים,400.00,100 גרם,false,1,17.00,4.25,true,1,
7296073262978,false,גרנולה טריפל אגוזים 400ג,בריגן קי ג'י,DE,גרנולה פרימיום,גרמים,400.00,100 גרם,false,1,17.00,4.25,true,1,
7296073265184,false,שקיות אשפה ריחניות 40 יח,גליל כימיקלים,IL,שקיות אשפה,יחידה,1.00,יחידה,false,1,17.00,17.00,true,1,
7296073265351,false,ספגטי ללא גלוטן גרין400ג,SPA MENNUCCI PASTIFICI,IT,ספגטי ללא גלוטן,גרמים,400.00,100 גרם,false,1,9.30,2.33,true,1,
7296073265368,false,פסטה פנה ללא גלוטן 400גר,SPA MENNUCCI PASTIFICI,IT,פנה ללא גלוטן,גרמים,400.00,100 גרם,false,1,9.30,2.33,true,1,
7296073265375,false,פוזילי ללא גלוטן גרין400,SPA MENNUCCI PASTIFICI,IT,פוזילי ללא גלוטן,גרמים,400.00,100 גרם,false,1,9.30,2.33,true,1,
7296073266112,false,מפות שולחן עבות מניילון,.,IL,מפות שולחן 8 יח,יחידה,1.00,יחידה,false,1,8.40,8.40,true,1,
7296073266129,false,מפות שולחן עבות מניילון,.,IL,מפות שולחן 6 יח,יחידה,1.00,יחידה,false,1,8.40,8.40,true,1,
7296073266266,false,קוקטייל בסירופ קל 113*4ג,FOODS HUIXANG JIANGSU,CN,קוקטייל פירות,גרמים,452.00,100 גרם,false,1,8.40,1.86,true,1,
7296073266273,false,חתיכות אננס בסירופ113*4,FOODS HUIXANG JIANGSU,CN,לפתן אננס,גרמים,452.00,100 גרם,false,1,8.40,1.86,true,1,
7296073266303,false,"רסק תפוחי עץ ללת""ס113*4ג",FOODS HUIXANG JIANGSU,CN,רסק תפוחי עץ,גרמים,452.00,100 גרם,false,1,8.40,1.86,true,1,
7296073266310,false,"רסק תפו""ע ללת""ס 113*4 גר",FOODS HUIZIANG JIANGSU,CN,"רסק תפו""ע 4 יח",גרמים,452.00,100 גרם,false,1,8.40,1.86,true,1,
7296073266693,false,מיץ תפוזים אורגני גרין1ל,גניר,IL,מיץ תפוזים,ליטרים,1.00,ליטר,false,1,15.30,15.30,true,1,
7296073266709,false,"רוט.סויה ללא גלוטן280מ""ל",DEVELOPMENT YI LIAN,CN,רוטב סויה,מיליליטרים,280.00,"100 מ""ל",false,1,11.00,3.93,true,1,
7296073266730,false,חומץ אורז אורגני גרין500,DEVELOPMENT YI LIAN,CN,חומץ אורז אורגני,מיליליטרים,500.00,"100 מ""ל",false,1,13.50,2.70,true,1,
7296073266754,false,סכין גילוח 6להבים+מחסנית,פרסונה ישראל,CN,סכין גילוח 6 להב,יחידה,1.00,יחידה,false,1,25.50,25.50,true,1,
7296073266976,false,חטיף בוטנים ללא גלוטן80ג,סנקי,IL,חטיף בוטנים,גרמים,80.00,100 גרם,false,1,3.40,4.25,true,1,
7296073266983,false,חטיף בוטנים ללא גלוטן25ג,סנקי,IL,חטיף בוטנים,גרמים,25.00,100 גרם,false,1,1.80,7.20,true,1,
7296073266990,false,מחית תפוחי עץ שופרסל190ג,שופרסל,CZ,מחית תפוחי עץ,גרמים,190.00,100 גרם,false,1,4.10,2.16,true,1,
7296073267195,false,צמר גפן רפואי שופרס100*2,SANAVI A.P,TR,זוג צמר גפן,גרמים,200.00,100 גרם,false,1,10.10,5.05,true,1,
7296073267355,false,ממת.בסיס סטיביה שופר100ג,"ביסקול בע""מ",IL,ממתיק סטיביה,גרמים,100.00,100 גרם,false,1,22.90,22.90,true,1,
7296073268925,false,נייר טואלט דו שכבתי16גל,שניב תעשיות נייר,IL,נייר טואלט,מטרים,573.00,100 מטר,false,1,27.20,4.75,true,1,
7296073269991,false,שמן זרעי ענבים מזוכך1ל,"אוליפיציו סלוודורי בע""מ",IT,שמן זרעי ענבים,ליטרים,1.00,ליטר,false,1,21.20,21.20,true,1,
7296073270010,false,חומץ תפוח5%אורג.גרין750מ,אקווניל,ES,חומץ תפוחים,מיליליטרים,750.00,"100 מ""ל",false,1,13.50,1.80,true,1,
7296073270157,false,לקט הכפר 400גרם,"פרסקו חצבה 2006 בע""\מ",IL,לקט הכפר,גרמים,400.00,100 גרם,false,1,10.50,2.63,true,1,
7296073270287,false,תבניות אלומיניום מלבניות,.,IL,תבניות אינגליש,יחידה,1.00,יחידה,false,1,12.70,12.70,true,1,
7296073270294,false,תבניות אלומיניום מלבניות,.,IL,תבניות מלבניות,יחידה,1.00,יחידה,false,1,12.70,12.70,true,1,
7296073270300,false,תבניות אלומיניום קטנות15,.,IL,תבניות אלומיניום,יחידה,1.00,יחידה,false,1,12.70,12.70,true,1,
7296073270317,false,תבניות אלומיניום עגולות,.,IL,תבניות עגולות,יחידה,1.00,יחידה,false,1,12.70,12.70,true,1,
7296073270324,false,תבנית אלומיניום גדולה 7י,.,IL,תבניות אלומיניום,יחידה,1.00,יחידה,false,1,12.70,12.70,true,1,
7296073270331,false,תבנית אלומיניום ענקית 5י,.,IL,תבניות ענקיות,יחידה,1.00,יחידה,false,1,12.70,12.70,true,1,
7296073270348,false,תבנית אלומיניום קטנה 10י,.,IL,תבניות קטנות,יחידה,1.00,יחידה,false,1,12.70,12.70,true,1,
7296073270409,false,"גביע 500 מ""ל 15יחידות",.,CN,"גביע 500מ""ל",יחידה,1.00,יחידה,false,1,11.00,11.00,true,1,
7296073270423,false,מיכל 1 ליטר 5 יחידות,.,CN,מיכל 1 ליטר,יחידה,1.00,יחידה,false,1,11.00,11.00,true,1,
7296073270430,false,מיכל 2 ליטר 4יחידות,.,CN,מיכל 2 ליטר,יחידה,1.00,יחידה,false,1,11.00,11.00,true,1,
7296073271437,false,שוק.מריר55% קרמל ומלח ים,פריי )שוקולד(,CH,שוקולד מריר,גרמים,100.00,100 גרם,false,1,8.40,8.40,true,1,
7296073271550,false,ממרח עגבניות מיובשות190ג,SPA POLLI F.LLI,IT,ממרח עגבניות,גרמים,190.00,100 גרם,false,1,10.10,5.32,true,1,
7296073271567,false,ממרח זיתים ירוקים 190 גר,SPA POLLI F.LLI,IT,טפנד זיתים ירוק,גרמים,190.00,100 גרם,false,1,10.10,5.32,true,1,
7296073271574,false,ממרח זיתים שחורים 190גרם,SPA POLLI F.LLI,IT,טפנד זיתים,גרמים,190.00,100 גרם,false,1,10.10,5.32,true,1,
7296073272496,false,נייר טואלט דו שכבתי32גל,שניב תעשיות נייר,IL,נייר טואלט 32גל,מטרים,573.00,100 מטר,false,1,27.20,4.75,true,1,
7296073272519,false,אצות נורי לסושי 28 גרם,נאטונג איידיאה פוד,CN,אצות נורי אורגני,גרמים,28.00,100 גרם,false,1,10.10,36.07,true,1,
7296073273226,false,גפילטע פיש 400 גרם,"דג עים בע""מ",IL,גפילטע פיש מצונן,גרמים,400.00,100 גרם,false,1,28.10,7.03,true,1,
7296073273851,false,סט 2 מפות אל בד מודפס270,.,CN,מפות אל בד,יחידה,1.00,יחידה,false,1,12.70,12.70,true,1,
7296073274957,false,חמאת בוטנים טבעית510גרם,יונייטד פודס,IN,חמאת בוטנים,גרמים,510.00,100 גרם,false,1,11.00,2.16,true,1,
7296073274964,false,חמאת בוטנים טבעית+שבבים,יונייטד פודס,IN,חמאת בוטנים,גרמים,510.00,100 גרם,false,1,11.00,2.16,true,1,
7296073276906,false,ספוג לניקיון מופלא יחידה,הנמל,CN,ספוגית הפלא שופר,יחידה,1.00,יחידה,false,1,6.40,6.40,true,1,
7296073277248,false,מגבונים ללא בישום 64*5יח,דינמיק,IL,מגבונים לחים 5יח,יחידה,1.00,יחידה,false,1,18.70,18.70,true,1,
7296073277255,false,מארז מגבונים לחים 6 יח,דינמיק,IL,מארז מגבוניםלחים,יחידה,1.00,יחידה,false,1,17.00,17.00,true,1,
7296073277262,false,מגבונים לחים 72 יח,שופרסל,IL,מגבונים לחים,יחידה,1.00,יחידה,false,1,4.10,4.10,true,1,
7296073277286,false,לקט להקפצה בווק 500גרם,פרסקו,IL,לקט להקפצה,גרמים,500.00,100 גרם,false,1,14.90,2.98,true,1,
7296073277354,false,מאפה באגט ללא גלוטן360ג,,IL,מאפה באגט 3 יח,גרמים,360.00,100 גרם,false,1,16.10,4.47,true,1,
7296073277903,false,ופל מצ.שוק.גרין21.5*3ל.ג,הלווה ופלבקרי,NL,וופל מצופה,גרמים,64.00,100 גרם,false,1,7.60,11.88,true,1,
7296073277927,false,וופל מצופ.ללתס שופרסל100,הלווה ופלבקרי,NL,"וופל מצופה ללת""ס",גרמים,100.00,100 גרם,false,1,9.30,9.30,true,1,
7296073277941,false,"אצבעות וופל שוקולד ללת""ס",הלווה ופלבקרי,NL,אצבעות וופל,גרמים,64.00,100 גרם,false,1,8.40,13.13,true,1,
7296073281856,false,שמפו לשיער יבש 750מל,"א.מ.ש.י תעשיות בע""מ",IL,שמפו לשיער יבש,מיליליטרים,750.00,"100 מ""ל",false,1,17.00,2.27,true,1,
7296073281870,false,מרכך לשיער רגיל 750מל,"א.מ.ש.י תעשיות בע""מ",IL,מרכך לשיער רגיל,מיליליטרים,750.00,"100 מ""ל",false,1,17.00,2.27,true,1,
7296073281924,false,מסכה לשיער יבש שופרסל 50,"א.י.ן תעשיות בע""מ",IL,מסכה לשיער מוחלק,מיליליטרים,500.00,"100 מ""ל",false,1,29.80,5.96,true,1,
7296073282846,false,"מיכל 500 מ""ל+מכסה 5יחידו",,CN,"מיכל 500מ""ל",יחידה,1.00,יחידה,false,1,8.40,8.40,true,1,
7296073282853,false,מיכל 2.5ליטר+מכסה 2יחידו,,CN,מיכל 2.5ליטר,יחידה,1.00,יחידה,false,1,8.40,8.40,true,1,
7296073282860,false,מיכל 3ליטר+מכסה 2יחידות,,CN,מיכל 3ליטר,יחידה,1.00,יחידה,false,1,8.40,8.40,true,1,
7296073283805,false,חתיכות אננס קפוא 300גרם,d.o.o Lukowa,RS,חתיכות אננס קפוא,גרמים,300.00,100 גרם,false,1,14.40,4.80,true,1,
7296073283812,false,קוביות מנגו קפוא 300 ג,d.o.o Lukowa,RS,קוביות מנגו,גרמים,300.00,100 גרם,false,1,14.40,4.80,true,1,
7296073283829,false,מיקס פירות טרופי קפוא 30,d.o.o Lukowa,RS,מיקס פירות טרופי,גרמים,300.00,100 גרם,false,1,14.40,4.80,true,1,
7296073285267,false,מארז סכינים שקופים עבים,.,CN,סכינים שקופים,יחידה,1.00,יחידה,false,1,15.30,15.30,true,1,
7296073285274,false,מארז מזלגות שקופים עבים,.,CN,מזלגות שקופים,יחידה,1.00,יחידה,false,1,15.30,15.30,true,1,
7296073285281,false,מארז כפיות שקופות עבות,.,CN,כפיות שקופות,יחידה,1.00,יחידה,false,1,15.30,15.30,true,1,
7296073285298,false,מארז כפות שקופות עבות,.,CN,כפות שקופות,יחידה,1.00,יחידה,false,1,15.30,15.30,true,1,
7296073285397,false,נר נשמה 24 שעות יחידה,CANDLE ITBRIGHT,CN,נר נשמה 24 שעות,יחידה,1.00,יחידה,false,1,1.80,1.80,true,1,
7296073285403,false,נרות חימום בשקית 50 יח,CANDLE ITBRIGHT,CN,נרות חימום בשקית,יחידה,1.00,יחידה,false,1,9.30,9.30,true,1,
7296073285410,false,נרות חימום בשקית 100 יחי,CANDLE ITBRIGHT,CN,נרות חימום בשקית,יחידה,1.00,יחידה,false,1,17.80,17.80,true,1,
7296073285663,false,ממרח אגוז ללא שמן דקל350,SRL NUTKAO,IT,ממרח אגוזי לוז,גרמים,350.00,100 גרם,false,1,8.30,2.37,true,1,
7296073285670,false,ממרח אגוז ללא שמן דקל750,SRL NUTKAO,IT,ממרח אגוזים,גרמים,750.00,100 גרם,false,1,15.90,2.12,true,1,
7296073285953,false,אורז בסמ.מלא אורג.גרין1ק,קהמן,IN,אורז בסמטי אורגנ,קילוגרמים,1.00,"ק""ג",false,1,11.80,11.80,true,1,
7296073286011,false,אורז פרסי זיפר שופרסל1קג,ltd co produce Uthai,TH,אורז פרסי,קילוגרמים,1.00,"ק""ג",false,1,6.70,6.70,true,1,
7296073286035,false,"אורז תאילנדי זיפר 1 ק""ג",ltd co produce Uthai,TH,אורז תאילנדי,קילוגרמים,1.00,"ק""ג",false,1,5.00,5.00,true,1,
7296073286042,false,אורז יסמין זיפר שופרסל1ק,ltd co produce Uthai,TH,אורז יסמין,קילוגרמים,1.00,"ק""ג",false,1,9.30,9.30,true,1,
7296073286066,false,אורז בסמטי זיפר שופרסל1ק,SETIA LAL CHAMAN,IN,אורז בסמטי,קילוגרמים,1.00,"ק""ג",false,1,10.90,10.90,true,1,
7296073286073,false,"אורז בסמטי בצנצנת 1 ק""ג",SETIA LAL CHAMAN,IN,אורז בסמטי,קילוגרמים,1.00,"ק""ג",false,1,11.80,11.80,true,1,
7296073286349,false,שקיות אשפה חזקות L 55 יח,אשפלסט,IL,שקיות אשפה,יחידה,1.00,יחידה,false,1,17.00,17.00,true,1,
7296073286363,false,שקית ענקית לאשפה משרדית,אשפלסט,IL,שקיות אשפה,יחידה,1.00,יחידה,false,1,11.80,11.80,true,1,
7296073286394,false,שקיות אשפה חזקות L 100,אשפלסט,IL,שקיות אשפה,יחידה,1.00,יחידה,false,1,28.90,28.90,true,1,
7296073286417,false,שק.אשפה חזקות גדולות60יח,אשפלסט,IL,שקיות אשפה 60 יח,יחידה,1.00,יחידה,false,1,17.00,17.00,true,1,
7296073286493,false,צמד פטריות פורטובלה ושמפ,מרינה פטריות,IL,צמד פטריות פורטו,גרמים,420.00,100 גרם,false,1,15.90,3.79,true,1,
7296073286509,false,פטריות שמפניון יחידה,,IL,פטריות שמפניון,גרמים,220.00,100 גרם,false,1,8.90,4.05,true,1,
7296073288756,false,תירס ארוז,קטיף.,IL,תירס ארוז,קילוגרמים,0.00,"ק""ג",true,1,8.90,8.90,true,1,
7296073288862,false,משמש אורגני גרין 500 גרם,נימקס,TR,משמש אורגני,גרמים,500.00,100 גרם,false,1,23.80,4.76,true,1,
7296073289586,false,נייר סנדוויץ 100 יחידות,שניב,IL,נייר סנדוויץ,יחידה,1.00,יחידה,false,1,11.00,11.00,true,1,
7296073289715,false,מגבוני אף עדינים תינוק30,שופרסל,IL,מגבוני אף לתינוק,יחידה,1.00,יחידה,false,1,8.40,8.40,true,1,
7296073290827,false,פלפלים ירוקים כבושים650ג,בלו גלו,TR,פלפלים ירוקים,גרמים,650.00,100 גרם,false,1,9.30,1.43,true,1,
7296073290841,false,"נוזל קוקוס שופרסל 400מ""ל",COCONUT THAI,TH,נוזל קוקוס,מיליליטרים,400.00,"100 מ""ל",false,1,5.00,1.25,true,1,
7296073290858,false,"קרם קוקוס שופרסל 400 מ""ל",COCONUT THAI,TH,קרם קוקוס,מיליליטרים,400.00,"100 מ""ל",false,1,5.90,1.48,true,1,
7296073291077,false,משטחי החתלה שופרסל 10יח,PAKTEN,TR,משטחי החתלה,יחידה,1.00,יחידה,false,1,13.50,13.50,true,1,
7296073291084,false,עוגיות חמאה דניות 150גרם,BAKERY JACOBSENS,DK,עוגיות חמאה בפח,גרמים,150.00,100 גרם,false,1,11.00,7.33,true,1,
7296073291251,false,מיץ לימון משומר שופרסל1ל,,IL,מיץ לימון משומר,ליטרים,1.00,ליטר,false,1,6.70,6.70,true,1,
7296073291916,false,ניוקי שופרסל 500גרם,ALIMENTARI CLEMME,IT,ניוקי שופרסל,גרמים,500.00,100 גרם,false,1,8.30,1.66,true,1,
7296073291923,false,מיני ניוקי שופרסל 500גרם,ALIMENTARI CLEMME,IT,מיני ניוקי,גרמים,500.00,100 גרם,false,1,8.30,1.66,true,1,
7296073291930,false,ניוקי עגבניות שופרסל500ג,ALIMENTARI CLEMME,IT,ניוקי עגבניות,גרמים,500.00,100 גרם,false,1,8.30,1.66,true,1,
7296073291947,false,ניוקי תרד שופרסל 500גרם,ALIMENTARI CLEMME,IT,ניוקי תרד,גרמים,500.00,100 גרם,false,1,8.30,1.66,true,1,
7296073291992,false,חסה סלנובה הידרופונית,כרמלים שדות חדשים,IL,חסה סלנובה,גרמים,160.00,100 גרם,false,1,12.90,8.06,true,1,
7296073292012,false,אננס ראש שישיות שקיל,קטיף.,IL,אננס ראש,קילוגרמים,0.00,"ק""ג",true,1,29.90,29.90,true,1,
7296073292104,false,מי פה לשיניים בוהקות 500,מעבדות בוניקט,ES,מי פה שופרסל,ליטרים,0.50,ליטר,false,1,10.10,20.20,true,1,
7296073292111,false,מי פה צמחים שופרסל 500 מ,מעבדות בוניקט,ES,מי פה שופרסל,מיליליטרים,500.00,"100 מ""ל",false,1,10.10,2.02,true,1,
7296073292210,false,במיה שופרסל 600 גרם,פרי גליל,EG,במיה 600 גרם,גרמים,600.00,100 גרם,false,1,11.00,1.83,true,1,
7296073292807,false,תפוח אדמה לבן גורמה,גידולי אגו,IL,"תפו""א זני השף",קילוגרמים,0.00,"ק""ג",true,1,6.90,6.90,true,1,
7296073292906,false,פירורי לחם מוזהב.זיפר350,מאפיית דוידוביץ ובניו בע,IL,פירורי לחם מוזהב,גרמים,350.00,100 גרם,false,1,5.50,1.57,true,1,
7296073292913,false,פירורי לחם לבן זיפר350גר,חטיפים מן הטבע,IL,פירורי לחם לבן,גרמים,350.00,100 גרם,false,1,5.50,1.57,true,1,
7296073293019,false,פלפל אורג.סוויט גרין200ג,יבולי בר אורגני,IL,פלפל אורגני,גרמים,200.00,100 גרם,false,1,11.90,5.95,true,1,
7296073293040,false,תבניות אפיה מוארכות+מכסה,,IL,תבניות אפיה+מכסה,יחידה,1.00,יחידה,false,1,12.70,12.70,true,1,
7296073293583,false,שמן קוקוס אורגני גרין330,סנקי,LK,שמן קוקוס אורגני,מיליליטרים,330.00,"100 מ""ל",false,1,24.70,7.48,true,1,
7296073293729,false,מיץ תפוחים אורגני גרין1ל,אקילאה,IT,מיץ תפוחים,ליטרים,1.00,ליטר,false,1,15.30,15.30,true,1,
7296073294139,false,בזיליקום יחידה,,IL,בזיליקום,יחידה,1.00,יחידה,false,1,6.90,6.90,true,1,
7296073294214,false,פטרוזיליה יחידה,,IL,פטרוזליה,יחידה,1.00,יחידה,false,1,4.90,4.90,true,1,
7296073294221,false,כוסברה יחידה,,IL,כוסברה,יחידה,1.00,יחידה,false,1,4.90,4.90,true,1,
7296073294245,false,נענע יחידה,,IL,נענע,יחידה,1.00,יחידה,false,1,3.90,3.90,true,1,
7296073294788,false,פירורי לחם ללא גלוטן250ג,אשבל מזון פונקציונלי בע\,IL,פירורי לחם,גרמים,250.00,100 גרם,false,1,13.50,5.40,true,1,
7296073294818,false,פתיתים קוסק.ללא גלוטן200,אשבול,IL,פתיתים קוסקוס,גרמים,200.00,100 גרם,false,1,11.00,5.50,true,1,
7296073294825,false,תערובת לעוגה לא גלוטן500,אשבול,IL,תערובת לעוגה,גרמים,500.00,100 גרם,false,1,14.10,2.82,true,1,
7296073294832,false,תערוב.פנקייק לא גלוטן400,אשבול,IL,תערובת לפנקייק,גרמים,400.00,100 גרם,false,1,14.10,3.53,true,1,
7296073294856,false,תערוב.רב תכליתי ל.ג500גר,אשבול,IL,תערובת רב תכליתי,גרמים,500.00,100 גרם,false,1,13.50,2.70,true,1,
7296073295228,false,מפיות תלת שכבתי 20יחידות,,IL,מפיות,יחידה,1.00,יחידה,false,1,6.40,6.40,true,1,
7296073295655,false,"שוק.חלב ללת""ס שופרסל100ג",,IT,"שוקולד חלב ללת""ס",גרמים,100.00,100 גרם,false,1,5.80,5.80,true,1,
7296073295662,false,"שוק.מריר ללת""ס שופרסל100",,IT,שוקולד מריר ללתס,גרמים,100.00,100 גרם,false,1,5.80,5.80,true,1,
7296073295679,false,"שוק.אגוז ללת""ס שופרסל100",,IT,שוקולד אגוז ללתס,גרמים,100.00,100 גרם,false,1,6.70,6.70,true,1,
7296073296744,false,שמרים יבשים 500 גרם,,TR,שמרים יבשים,גרמים,500.00,100 גרם,false,1,11.80,2.36,true,1,
7296073296751,false,שמרים יבשים בוואקום 125ג,,TR,שמרים יבשים,גרמים,125.00,100 גרם,false,1,3.30,2.64,true,1,
7296073296935,false,חליטת תפוח וקינמון 60גרם,,IL,חליטת תפוח+קינמו,גרמים,60.00,100 גרם,false,1,11.80,19.67,true,1,
7296073296942,false,חליטת הדרים ולואיזה 40גר,עדנים,IL,חליטת הדרים,גרמים,40.00,100 גרם,false,1,11.80,29.50,true,1,
7296073298014,false,חטיפוני גזר 130גרם,,IL,חטיפוני גזר,גרמים,130.00,100 גרם,false,1,6.90,5.31,true,1,
7296073298021,false,חטיפוני גזר 350גרם,,IL,חטיפוני גזר,גרמים,350.00,100 גרם,false,1,12.90,3.69,true,1,
7296073298052,false,4 תבניות מלבן עבה במיוחד,,CN,תבניות,יחידה,1.00,יחידה,false,1,11.00,11.00,true,1,
7296073298366,false,"חומץ מיין אדום 500 מ""ל",,ES,חומץ מיין אדום,מיליליטרים,500.00,"100 מ""ל",false,1,13.50,2.70,true,1,
7296073298373,false,"חומץ מיין לבן 500 מ""ל",,ES,חומץ מיין לבן,מיליליטרים,500.00,"100 מ""ל",false,1,13.50,2.70,true,1,
7296073298380,false,חומץ מסיידר תפוחים 500מל,,ES,חומץ מסיידר,מיליליטרים,500.00,"100 מ""ל",false,1,13.50,2.70,true,1,
7296073298588,false,"ניוקי טריקולור לל""ג500 ג",סיימה אלימינטרי,IT,ניוקי ללא גלוטן,גרמים,500.00,100 גרם,false,1,12.70,2.54,true,1,
7296073319801,false,עגב.מרוסק אורגני גרין690,פרוטאגל,IT,עגבניות מרוסקות,גרמים,690.00,100 גרם,false,1,10.10,1.46,true,1,
7296073320050,false,חסה רומית הידרופונית,יגור חקלאות ועסקים,IL,חסה רומית,גרמים,160.00,100 גרם,false,1,9.90,6.19,true,1,
7296073320081,false,"תפו""א למיקרו",,IL,"תפו""א למירקו",גרמים,700.00,100 גרם,false,1,6.90,0.99,true,1,
7296073320128,false,מלפפון בייבי אורגני יח,,IL,מלפפון בייבי,יחידה,1.00,יחידה,false,1,10.90,10.90,true,1,
7296073320159,false,חסה לבבות אורגני גרין יח,,IL,חסה לבבות,יחידה,1.00,יחידה,false,1,12.90,12.90,true,1,
7296073320289,false,אלסבון סילקי ארט 500*3מל,אקסן קוסמטיק,TR,אלסבון שופרסל3יח,ליטרים,1.50,ליטר,false,1,11.00,7.33,true,1,
7296073320357,false,סלט אישי בסגנון איטלקי,"פרסקו חצבה 2006 בע""\מ",IL,סלט בסגנון אטלקי,גרמים,300.00,100 גרם,false,1,12.90,4.30,true,1,
7296073320364,false,סלט אישיעם בולגרית 310ג,"פרסקו חצבה 2006 בע""\מ",IL,סלט עם בולגרית,גרמים,310.00,100 גרם,false,1,16.90,5.45,true,1,
7296073320388,false,עלי בייבי 120גרם,,IL,עלי בייבי 120גרם,גרמים,120.00,100 גרם,false,1,9.90,8.25,true,1,
7296073320395,false,עלי תרד בייבי 200גרם,,IL,עלי תרד בייבי,גרמים,200.00,100 גרם,false,1,10.50,5.25,true,1,
7296073320401,false,לקט בסגנון איטלקי 300גרם,"פרסקו חצבה 2006 בע""\מ",IL,לקט סגנון איטלקי,גרמים,300.00,100 גרם,false,1,10.50,3.50,true,1,
7296073321200,false,אבקת אפיה שופרסל 10*10גר,א.ל ייצור ושיווק תבלינים,IL,אבקת אפיה 10 יח,גרמים,100.00,100 גרם,false,1,2.50,2.50,true,1,
7296073321217,false,סוכר וניל שופרסל 10*10 ג,א.ל ייצור ושיווק תבלינים,IL,סוכר וניל 10 יח,גרמים,100.00,100 גרם,false,1,2.30,2.30,true,1,
7296073321224,false,סודה לשתיה שופרסל 100גרם,א.ל ייצור ושיווק תבלינים,IL,סודה לשתיה,גרמים,100.00,100 גרם,false,1,1.80,1.80,true,1,
7296073321231,false,אבקת סוכר שופרסל 100 גרם,א.ל ייצור ושיווק תבלינים,IL,אבקת סוכר שופרסל,גרמים,100.00,100 גרם,false,1,1.70,1.70,true,1,
7296073321392,false,צנונית אורגני גרין יח,יבולי בר אורגני,IL,צנונית אורגני,יחידה,1.00,יחידה,false,1,12.90,12.90,true,1,
7296073321521,false,מינוט אנטריקוט דק דק 300,בלדי,IL,מינוט אנטריקוטדק,גרמים,300.00,100 גרם,false,1,25.50,8.50,true,1,
7296073321705,false,ג'ינג'ר גרין 250 גרם,,CN,ג'ינג'ר גרין,גרמים,250.00,100 גרם,false,1,14.90,5.96,true,1,
7296073322450,false,לזניה 4גבינות ברוטב300ג,פסטה נונה,IL,לזניה 4גבינות,גרמים,300.00,100 גרם,false,1,14.40,4.80,true,1,
7296073322542,false,סוכר קוקוס אורגני,סנקי,IL,סוכר קוקוס,גרמים,300.00,100 גרם,false,1,11.00,3.66,true,1,
7296073322979,false,בוטנים מצופים קלויים50ג,ששון ושות'\ )ש.ת. תעשיות,IL,בוטנים אמריקאים,גרמים,50.00,100 גרם,false,1,2.10,4.20,true,1,
7296073323006,false,תה שחור שופרסל1.5*100 גר,עדנים,IL,תה שחור 100 שק.,גרמים,150.00,100 גרם,false,1,8.40,5.60,true,1,
7296073323013,false,תה ארל גריי שופרסל25 שק,עדנים,IL,תה ארל גריי,גרמים,37.00,100 גרם,false,1,7.60,20.54,true,1,
7296073323020,false,תה ירוק יסמין שופרסל25שק,עדנים,IL,תה ירוק יסמין,גרמים,37.00,100 גרם,false,1,11.80,31.89,true,1,
7296073323037,false,תה ירוק נענע 37.5 גרם,עדנים,IL,תה ירוק נענע,גרמים,37.00,100 גרם,false,1,11.80,31.89,true,1,
7296073323044,false,תה ירוק לימונית לואיזה25,עדנים,IL,תה ירוק לימונית,גרמים,37.00,100 גרם,false,1,11.80,31.89,true,1,
7296073323051,false,פלפל חריף צ'ילי גרין80גר,נוברסקו,IT,פלפל חריף צ'ילי,גרמים,80.00,100 גרם,false,1,10.90,13.63,true,1,
7296073323143,false,חסה סלנובה הידרופונית,יגור חקלאות ועסקים,IL,חסה סלנובה,גרמים,160.00,100 גרם,false,1,12.90,8.06,true,1,
7296073323228,false,שקדים מולבנים גרוסים100ג,,US,שקד מולבן גרוס,גרמים,100.00,100 גרם,false,1,11.00,11.00,true,1,
7296073323259,false,פיסטוקים קלופים 100גרם,,US,פיסטוק קלוף 100ג,גרמים,100.00,100 גרם,false,1,18.70,18.70,true,1,
7296073323433,false,סירופ מייפל אורג.גרין250,קופדקס,DK,סירופ מייפל,מיליליטרים,250.00,"100 מ""ל",false,1,19.50,7.80,true,1,
7296073323587,false,עגבניה שרי וויטני יחידה,עידו נחום,IL,שרי וויטני,גרמים,460.00,100 גרם,false,1,9.90,2.15,true,1,
7296073323594,false,נייר אפייה אקולוגי 40 יח,,IL,נייר אפייה 40 יח,יחידה,1.00,יחידה,false,1,11.00,11.00,true,1,
7296073323631,false,פריפלצת מחית מנגו בננ120,גו פרוסלבה,ES,מחית פירות,גרמים,120.00,100 גרם,false,1,3.80,3.17,true,1,
7296073323648,false,פריפלצת מחית בננ.תות120ג,גו פרוסלבה,ES,מחית פירות,גרמים,120.00,100 גרם,false,1,3.80,3.17,true,1,
7296073323655,false,פריפלצת מחית תפוח בננ120,גו פרוסלבה,ES,מחית פירות,גרמים,120.00,100 גרם,false,1,3.80,3.17,true,1,
7296073323662,false,פריפלצת מיקס פירות120ג,גו פרוסלבה,ES,מחית פירות,גרמים,120.00,100 גרם,false,1,3.80,3.17,true,1,
7296073323679,false,פריפלצת מחית אגס 120ג,גו פרוסלבה,ES,מחית פירות,גרמים,120.00,100 גרם,false,1,3.80,3.17,true,1,
7296073323693,false,פריפלצת מחית תפוח 120 גר,גו פרוסלבה,ES,מחית פירות,גרמים,120.00,100 גרם,false,1,3.80,3.17,true,1,
7296073324027,false,מנצ'ס פיקנטי 200 גרם,FOODS HARVEST DEZHOU,CN,מנצ'ס פיקנטי,גרמים,200.00,100 גרם,false,1,9.30,4.65,true,1,
7296073324850,false,צמד פטריות פורטובלה,,IL,פטריות פורטובלו,גרמים,420.00,100 גרם,false,1,15.90,3.79,true,1,
7296073325062,false,עוגיות רייף שופרסל 350גר,קונדיטוריית אנג'ל,IL,עוגיות רייף,גרמים,350.00,100 גרם,false,1,13.50,3.86,true,1,
7296073325239,false,רדיד אלומיניום 16 מיקרון,,CN,רדיד אלומיניום,מטרים,60.00,מטר,false,1,24.70,0.41,true,1,
7296073326748,false,גרעין אבטיח קלוי במלח200,,IL,גרעין אבטיח קלוי,גרמים,200.00,100 גרם,false,1,12.70,6.35,true,1,
7296073328902,false,תמר מג'הול יבש 400גרם,,IL,תמר מגהול יבש,גרמים,400.00,100 גרם,false,1,12.90,3.23,true,1,
7296073330387,false,מברשת סומק,BE NOW,CN,מברשת סומק,יחידה,1.00,יחידה,false,0,34.10,34.10,true,1,
7296073330417,false,מברשת מחודדת למייקאפ,BE NOW,CN,מברשת למייקאפ,יחידה,1.00,יחידה,false,0,34.10,34.10,true,1,
7296073330448,false,מברשת לצלליות רחבה,BE NOW,CN,מברשת לצללית רחב,יחידה,1.00,יחידה,false,0,28.00,28.00,true,1,
7296073330530,false,מברשת סיליקון למסכה,BE NOW,CN,מברשת סיל' למסכה,יחידה,1.00,יחידה,false,0,21.00,21.00,true,1,
7296073330707,false,מארז 12 ספוגיות משולשות,BE NOW,CN,12 ספוגיות משולש,יחידה,1.00,יחידה,false,0,17.00,17.00,true,1,
7296073330783,false,ספוג ביוטי טיפה גלי,BE NOW,CN,ספוג טיפה גלי,יחידה,1.00,יחידה,false,0,25.50,25.50,true,1,
7296073330943,false,פינצטה אפורה קצה מכופף,BE NOW,CN,פינצטה מ. אפור,יחידה,1.00,יחידה,false,0,17.00,17.00,true,1,
7296073330967,false,פינצטה לבנה קצה מכופף,BE NOW,CN,פינצטה מכופף לבן,יחידה,1.00,יחידה,false,0,12.70,12.70,true,1,
7296073330974,false,פינצטה לאב יו איכותית,BE NOW,CN,פינצטה לאב יו,יחידה,1.00,יחידה,false,0,17.00,17.00,true,1,
7296073330981,false,פינצטה מנומרת איכותית,BE NOW,CN,פינצטה ציור שחור,יחידה,1.00,יחידה,false,0,21.20,21.20,true,1,
7296073331025,false,פינצטה ידית מחוררת,BE NOW,CN,פינצטה חורים,יחידה,1.00,יחידה,false,0,34.10,34.10,true,1,
7296073331063,false,קוצץ גדול,BE NOW,CN,קוצץ גדול,יחידה,1.00,יחידה,false,0,8.40,8.40,true,1,
7296073331070,false,קוצץ עם אשפתון,BE NOW,CN,קוצץ עם אשפתון,יחידה,1.00,יחידה,false,0,12.70,12.70,true,1,
7296073331148,false,מספריים לציפורניים מבריק,BE NOW,CN,מספריים לציפורן,יחידה,1.00,יחידה,false,0,25.50,25.50,true,1,
7296073331223,false,מספריים אל חלד לגבות,BE NOW,CN,מספריים לגבות,יחידה,1.00,יחידה,false,0,34.10,34.10,true,1,
7296073331407,false,מגרדת לכף הרגל רחבה,BE NOW,CN,מגרדת לכף רגל,יחידה,1.00,יחידה,false,0,12.70,12.70,true,1,
7296073331469,false,"סכינים למכשיר פדיקור כ""ר",BE NOW,CN,סכינים מכשיר פדי,יחידה,1.00,יחידה,false,0,21.20,21.20,true,1,
7296073331575,false,מברשת שיער מטקה ורודה L,BE NOW,CN,מברשת מטקה Lורוד,יחידה,1.00,יחידה,false,0,21.20,21.20,true,1,
7296073331605,false,מברשת שיער לתיק ורודה,BE NOW,CN,מברשת לתיק ורודה,יחידה,1.00,יחידה,false,0,17.00,17.00,true,1,
7296073331612,false,מברשת שיער מטקה שחורה,BE NOW,CN,מברשת מטקה שחורה,יחידה,1.00,יחידה,false,0,25.50,25.50,true,1,
7296073331629,false,מברשת שיער אובלית שחורה,BE NOW,CN,מברשת אובל שחורה,יחידה,1.00,יחידה,false,0,24.70,24.70,true,1,
7296073331735,false,מברשת ש.מטקה שיער רטוב,BE NOW,CN,מברשת מטקה רטוב,יחידה,1.00,יחידה,false,0,38.30,38.30,true,1,
7296073331810,false,מברשת שיער ספרים מקצועית,BE NOW,CN,מברשת שיער ספרים,יחידה,1.00,יחידה,false,0,25.50,25.50,true,1,
7296073331834,false,מברשת ש.עגולה עם שיערות,BE NOW,CN,מברשת עגולה שיער,יחידה,1.00,יחידה,false,0,34.10,34.10,true,1,
7296073331865,false,מסרק כיס שחור,BE NOW,CN,מסרק כיס שחור,יחידה,1.00,יחידה,false,0,7.60,7.60,true,1,
7296073331940,false,גומיות שחורות 12 יח,BE NOW,CN,12 גומיות שחורות,יחידה,1.00,יחידה,false,0,8.40,8.40,true,1,
7296073332077,false,גומיות פפיון ופנינה,BE NOW,CN,גומיות פפיון,יחידה,1.00,יחידה,false,0,14.40,14.40,true,1,
7296073332176,false,6 גומיות שחור פתוחות,BE NOW,CN,6גומיות ש. פתוח,יחידה,1.00,יחידה,false,0,8.40,8.40,true,1,
7296073332404,false,סיכות תיקתק צבעוני משולב,BE NOW,CN,תיקתק צבע משולב,יחידה,1.00,יחידה,false,0,15.30,15.30,true,1,
7296073332480,false,סיכות תיקתק שחור 6 יח,BE NOW,CN,6תיקתק שחור,יחידה,1.00,יחידה,false,0,11.50,11.50,true,1,
7296073332503,false,40 סיכות סבתא בלונדיניות,BE NOW,CN,40סיכות בלונדיני,יחידה,1.00,יחידה,false,0,12.70,12.70,true,1,
7296073332510,false,16 קליפסים קטנטנים שחור,BE NOW,CN,16קליפסים S שחור,יחידה,1.00,יחידה,false,0,12.70,12.70,true,1,
7296073332541,false,קליפסים קטנים 8 יח חום,BE NOW,CN,8קליפסים S חום,יחידה,1.00,יחידה,false,0,12.70,12.70,true,1,
7296073332572,false,קליפס בינוני חזק 3 יח,BE NOW,CN,3קליפס M חזק,יחידה,1.00,יחידה,false,0,12.70,12.70,true,1,
7296073332596,false,קליפס בננה,BE NOW,CN,קליפס בננה,יחידה,1.00,יחידה,false,0,12.70,12.70,true,1,
7296073332602,false,קליפס מקור,BE NOW,CN,קליפס מקור,יחידה,1.00,יחידה,false,0,12.70,12.70,true,1,
7296073332640,false,קליפס M שחור בצורת רשת,BE NOW,CN,קליפס M שחור רשת,יחידה,1.00,יחידה,false,0,9.30,9.30,true,1,
7296073332671,false,זוג קליפסים שחור,BE NOW,CN,זוג קליפסים שחור,יחידה,1.00,יחידה,false,0,8.40,8.40,true,1,
7296073332855,false,ספוג פלא ספוגים טורקיז,BE NOW,CN,ספוג פלא טורקיז,יחידה,1.00,יחידה,false,0,7.50,7.50,true,1,
7296073332893,false,ספוג רשת שלישייה,BE NOW,CN,ספוג רשת שלישיה,יחידה,1.00,יחידה,false,0,8.00,8.00,true,1,
7296073332909,false,ספוג רשת צמה,BE NOW,CN,ספוג רשת צמה,יחידה,1.00,יחידה,false,0,12.70,12.70,true,1,
7296073332954,false,כפפת רחצה מסיבי טופו,BE NOW,CN,כפפת רחצה טופו,יחידה,1.00,יחידה,false,0,25.50,25.50,true,1,
7296073332992,false,כובע אמבט ניילון,BE NOW,CN,כובע אמבט ניילון,יחידה,1.00,יחידה,false,0,8.00,8.00,true,1,
7296073333272,false,סט בקבוקוני מילוי,BE NOW,CN,סט בקבוקי מילוי,יחידה,1.00,יחידה,false,0,17.00,17.00,true,1,
7296073333395,false,פצירת קריסטל,BE NOW,CN,פצירת קריסטל,יחידה,1.00,יחידה,false,0,34.10,34.10,true,1,
7296073333449,false,מברשת קטנה לסומק צבעוני,BE NOW,CN,מברשת לסומק S,יחידה,1.00,יחידה,false,0,25.50,25.50,true,1,
7296073333654,false,מברשת שיער מטקה סגולה L,BE NOW,CN,מברשת מטקה Lסגול,יחידה,1.00,יחידה,false,0,21.20,21.20,true,1,
7296073333685,false,מברשת שיער לתיק סגולה,BE NOW,CN,מברשת לתיק סגולה,יחידה,1.00,יחידה,false,0,15.30,15.30,true,1,
7296073334347,false,"אציטון בי 115 מ""ל",,TR,אציטון BE,מיליליטרים,115.00,"100 מ""ל",false,1,3.30,2.87,true,1,
7296073340096,false,שמפו מפרץ הרפתקאות 1ליטר,,TR,שמפו לילדים,ליטרים,1.00,ליטר,false,1,12.70,12.70,true,1,
7296073340102,false,אלסבון מ.הרפתקאות כחול1ל,אמיליה קוסמטיקס,TR,אל סבון בנים,ליטרים,1.00,ליטר,false,1,12.70,12.70,true,1,
7296073340331,false,גליל מטליות אקולוגי 40יח,נועם אורים,IL,גליל מטליות,יחידה,1.00,יחידה,false,1,18.70,18.70,true,1,
7296073341697,false,ממחטות אף לכיס 10 יחידות,שניב תעשיות נייר,IT,ממחטות אף לכיס,יחידה,1.00,יחידה,false,1,6.70,6.70,true,1,
7296073342120,false,מיקס מיני דגני בוקר105ג,בריגן קי ג'י,DE,דגני בוקר לילדים,גרמים,4.00,100 גרם,false,1,8.40,210.00,true,1,
7296073342328,false,שקדים מולבנים פרוסים100ג,,US,שקד מולבן פרוס,גרמים,100.00,100 גרם,false,1,11.00,11.00,true,1,
7296073342335,false,שקדים מולבנים חצויים100ג,,US,שקדים מולבן חצוי,גרמים,100.00,100 גרם,false,1,11.00,11.00,true,1,
7296073342496,false,דלעת ארוזה,קטיף.,IL,דלעת ארוזה,קילוגרמים,0.00,"ק""ג",true,1,9.90,9.90,true,1,
7296073342915,false,פרושוטו בקר 80 גרם,מעדני יחיעם,IL,פרושוטו 80גרם,גרמים,80.00,100 גרם,false,1,16.10,20.13,true,1,
7296073342922,false,קורנביף 120 גרם,,IL,קורנביף 120גרם,גרמים,120.00,100 גרם,false,1,14.40,12.00,true,1,
7296073342939,false,סלמי צרפתי 120גרם,מעדני יחיעם,IL,סלמי צרפתי120גרם,גרמים,120.00,100 גרם,false,1,14.40,12.00,true,1,
7296073342946,false,סלמי סרוולט 120גרם,מעדני יחיעם,IL,סלמי סרוולט,גרמים,120.00,100 גרם,false,1,14.40,12.00,true,1,
7296073342953,false,כתף בקר מפולפל 100 גרם,מעדני יחיעם,IL,כתף בקר 100גרם,גרמים,100.00,100 גרם,false,1,16.10,16.10,true,1,
7296073343134,false,אלסבון מ.הרפתקאות ורוד1ל,אמיליה קוסמטיקס,TR,אל סבון ורוד,ליטרים,1.00,ליטר,false,1,12.70,12.70,true,1,
7296073343202,false,פריכיות כוסמת שופרסל160ג,פרח תעשיות מזון,IL,פריכיות כוסמת,גרמים,160.00,100 גרם,false,1,7.60,4.75,true,1,
7296073343219,false,פריכיות אורז מלא 310 גרם,פרח תעשיות מזון,IL,פריכיות שופרסל,גרמים,310.00,100 גרם,false,1,13.50,4.35,true,1,
7296073343264,false,פדים להסרת איפור-שלישיה,BE NOW,IL,פדים להסרת איפור,יחידה,1.00,יחידה,false,1,17.00,17.00,true,1,
7296073343271,false,פדים להסרת איפור יחידה,BE NOW,IL,פדים להסרת איפור,יחידה,1.00,יחידה,false,1,8.40,8.40,true,1,
7296073343288,false,צמר גפן 100 גר' יחידה,BE NOW,IL,צמר גפן 100 גר',גרמים,100.00,100 גרם,false,1,8.40,8.40,true,1,
7296073343295,false,קסמי אזניים פלסטיק 300 י,BE NOW,IL,קסמי אזניים פלסט,יחידה,1.00,יחידה,false,1,9.30,9.30,true,1,
7296073343301,false,קסמי אזניים פלסטיק 200 י,BE NOW,IL,קסמי אזניים פלסט,יחידה,1.00,יחידה,false,1,5.90,5.90,true,1,
7296073343318,false,קסמי אזניים פלסטיק 100י,BE NOW,IL,קסמי אזניים פלסט,יחידה,1.00,יחידה,false,1,2.40,2.40,true,1,
7296073343462,false,"קרם חמצן 6% 60 מ""ל",,IL,קרם חמצן 6%,מיליליטרים,60.00,"100 מ""ל",false,1,4.10,6.83,true,1,
7296073343479,false,"קרם חמצן 9% 60 מ""ל",,IL,קרם חמצן 9%,מיליליטרים,60.00,"100 מ""ל",false,1,4.10,6.83,true,1,
7296073343493,false,כדורי צמר גפן 100 יח',BE NOW,IL,כדורי צמר גפן,יחידה,1.00,יחידה,false,1,8.40,8.40,true,1,
7296073343615,false,אל סבון קמומיל 1 ליטר BE,,IL,אל סבון קמומילBE,ליטרים,1.00,ליטר,false,1,9.30,9.30,true,1,
7296073343684,false,Be מסיר לק משאבה 150מל,,TR,מסיר לק משאבה,מיליליטרים,150.00,"100 מ""ל",false,1,6.70,4.47,true,1,
7296073344469,false,שבבי שוקולד מריר 250 גרם,מיה,IL,שבבי שוקולד,גרמים,250.00,100 גרם,false,1,7.60,3.04,true,1,
7296073345107,false,לחמניות המבורגר ל.ג90*4ג,גידרון,IL,לחמניות המבורגר,גרמים,360.00,100 גרם,false,1,12.70,3.53,true,1,
7296073345114,false,לחמניות באגט ל.ג 120*3גר,גידרון,IL,לחמניות באגט 3יח,גרמים,360.00,100 גרם,false,1,16.10,4.47,true,1,
7296073345121,false,לחמניות ללא גלוטן 90*4ג,גידרון,IL,לחמניות אצבע,גרמים,360.00,100 גרם,false,1,12.70,3.53,true,1,
7296073345138,false,לחמניות ביס ל.גלוטן8*45ג,גידרון,IL,לחמניות ביס 8 יח,גרמים,360.00,100 גרם,false,1,12.70,3.53,true,1,
7296073345145,false,בסיס פיצה אישי ל.ג120*3ג,גידרון,IL,בסיס לפיצה 3 יח,גרמים,360.00,100 גרם,false,1,13.50,3.75,true,1,
7296073345206,false,מבריק הפלא 3 יחידות,אלבגינו,PL,מבריק הפלא,יחידה,1.00,יחידה,false,1,8.40,8.40,true,1,
7296073345299,false,משחת שיניים מלבינה 100מל,,BG,משחת שיניים,מיליליטרים,100.00,"100 מ""ל",false,1,7.60,7.60,true,1,
7296073345305,false,משחת שיניים פרופ+הרבל100,,BG,משחת שיניים הרבל,מיליליטרים,100.00,"100 מ""ל",false,1,7.60,7.60,true,1,
7296073345312,false,"משחת שיניים פרש 100 מ""ל",,BG,משחת שיניים,מיליליטרים,100.00,"100 מ""ל",false,1,7.60,7.60,true,1,
7296073345336,false,משחת שיניים לילדים 2-6,שופרסל,BG,משחת שיניים KIDS,מיליליטרים,50.00,"100 מ""ל",false,1,7.60,15.20,true,1,
7296073345367,false,מברשת שינ.פעולה משולשת,,TR,מברשת שיניים,יחידה,1.00,יחידה,false,1,10.10,10.10,true,1,
7296073345381,false,מברשות שיניים 3 יחידות,,TR,מברשות שיניים3יח,יחידה,1.00,יחידה,false,1,11.00,11.00,true,1,
7296073345398,false,מברשת שיניים מבריקה,,TR,מברשת שיניים,יחידה,1.00,יחידה,false,1,10.10,10.10,true,1,
7296073345411,false,זוג ראשים מתחלפים,,CN,"זוג ראשים מבר""ש",יחידה,1.00,יחידה,false,1,17.00,17.00,true,1,
7296073345428,false,מברשת שיניים חשמלית כחול,,CN,מברשת שינ.חשמלית,יחידה,1.00,יחידה,false,1,29.80,29.80,true,1,
7296073345473,false,חוט דנטלי שעווה 50 מטר,,CN,חוט דנטלי שעווה,מטרים,50.00,מטר,false,1,7.60,0.15,true,1,
7296073345480,false,חוט דנטלי שעווה מנטה 50מ,,CN,חוט דנטלי מנטה,מטרים,50.00,מטר,false,1,7.60,0.15,true,1,
7296073345732,false,טופו אורגני גרין 300 גרם,כפרי בריא משק ויילר,IL,טופו אורגני,גרמים,300.00,100 גרם,false,1,11.00,3.67,true,1,
7296073345749,false,טופו רך גרין 300 גרם,כפרי בריא משק ויילר,IL,טופו רך,גרמים,300.00,100 גרם,false,1,9.80,3.27,true,1,
7296073345787,false,בייגלה שמיניות מלוח200ג,,IL,בייגלה שמיניות,גרמים,200.00,100 גרם,false,1,4.10,2.05,true,1,
7296073345794,false,בייגלה אצבעות שומשום200ג,,IL,בייגלה אצבעות,גרמים,200.00,100 גרם,false,1,4.10,2.05,true,1,
7296073345800,false,בייגלה שטוח עם מלח 200 ג,,IL,בייגלה שטוח,גרמים,200.00,100 גרם,false,1,4.10,2.05,true,1,
7296073345817,false,בייגלה שטוח שומשום 200גר,,IL,בייגלה שטוח,גרמים,200.00,100 גרם,false,1,4.10,2.05,true,1,
7296073345961,false,"מדביר תיקנים 630 מ""ל",,IL,מדביר תיקנים,מיליליטרים,630.00,"100 מ""ל",false,1,15.30,2.43,true,1,
7296073346333,false,עוגות אישיות קרם חלב350ג,קסליני,IT,עוגות אישיות,גרמים,350.00,100 גרם,false,1,11.00,3.14,true,1,
7296073346340,false,עוגות אישיות קרם שוקו350,קסליני,IT,עוגות אישיות,גרמים,350.00,100 גרם,false,1,11.00,3.14,true,1,
7296073346777,false,שקיות רב שימושיות 300 יח,אשפלסט,IL,שקיות רב שימושי,יחידה,1.00,יחידה,false,1,10.60,10.60,true,1,
7296073347453,false,פטרוזליה יחידה,תנובות לכיש,IL,פטרוזליה,יחידה,1.00,יחידה,false,1,3.90,3.90,true,1,
7296073347460,false,שמיר יחידה,תנובות לכיש,IL,שמיר,יחידה,1.00,יחידה,false,1,3.90,3.90,true,1,
7296073347477,false,כוסברה,תנובות לכיש,IL,כוסברה,יחידה,1.00,יחידה,false,1,3.90,3.90,true,1,
7296073347484,false,נענע,תנובות לכיש,IL,נענע,יחידה,1.00,יחידה,false,1,3.90,3.90,true,1,
7296073348023,false,שבבי שקדים מולבנים 100ג,,US,שבבי שקד מולבן,גרמים,100.00,100 גרם,false,1,11.00,11.00,true,1,
7296073348085,false,מברשת שיניים חשמלית,,CN,מברשת שיניים,יחידה,1.00,יחידה,false,1,29.80,29.80,true,1,
7296073348221,false,מטהר אויר נטול גז 350מל,,IL,מטהר אויר נ.גז,מיליליטרים,350.00,"100 מ""ל",false,1,9.30,2.66,true,1,
7296073348825,false,שוק.חלב עם פקאן 100 גרם,"שוקולד פריי בע""מ",CH,שוקולד חלב פקאן,גרמים,100.00,100 גרם,false,1,8.40,8.40,true,1,
7296073348993,false,פליני חיטה מלאה 500 גרם,,IT,פליני מלא אורגני,גרמים,500.00,100 גרם,false,1,8.40,1.68,true,1,
7296073349396,false,דובדבנים חמוצים סירופ680,,HU,דובדבנים חמוצים,גרמים,680.00,100 גרם,false,1,10.10,1.49,true,1,
7296073352150,false,פנה עדשים אדומות 250ג,,IT,פנה עדשים אדומות,גרמים,250.00,100 גרם,false,1,10.10,4.04,true,1,
7296073352167,false,פוזילי אפונה גרין 250גר,,IT,פוזילי אפונה ללג,גרמים,250.00,100 גרם,false,1,10.10,4.04,true,1,
7296073352822,false,מפיות דו שכבתי 50 יחידות,,IL,מפיות אירוח,יחידה,1.00,יחידה,false,1,6.70,6.70,true,1,
7296073352839,false,מפיות חד שכבתי 100 יחידו,,IL,מפיות חד שכבתי,יחידה,1.00,יחידה,false,1,6.70,6.70,true,1,
7296073352846,false,"מפיות חד שכבתי 100 יח,'",,IL,מפיות,יחידה,1.00,יחידה,false,1,6.70,6.70,true,1,
7296073352853,false,מפיות נייר חד שכבתי,,IL,מפיות חד שכבתי,יחידה,1.00,יחידה,false,1,6.70,6.70,true,1,
7296073359234,false,גרעיני תירס מתוק 340 גרם,,HU,גרעיני תירס מתוק,גרמים,340.00,100 גרם,false,1,4.10,1.21,true,1,
7296073359838,false,עוגיות מקלות מרוקאיות500,גידרון,IL,עוגיות מרוקאיות,גרמים,500.00,100 גרם,false,1,13.50,2.70,true,1,
7296073359852,false,עוגיות גרנולה 500 גרם,,IL,עוגיות גרנולה,גרמים,500.00,100 גרם,false,1,13.50,2.70,true,1,
7296073359876,false,עוג.פרפריות ט.שוקולד500ג,,IL,עוגיות פרפריות,גרמים,500.00,100 גרם,false,1,13.50,2.70,true,1,
7296073359883,false,עוגיות פרפריות 500 גרם,,IL,עוגיות פרפריות,גרמים,500.00,100 גרם,false,1,13.50,2.70,true,1,
7296073359890,false,עוגיות מקלות מלוחים500ג,,IL,עוגיות מלוחות,גרמים,500.00,100 גרם,false,1,13.50,2.70,true,1,
7296073359906,false,עוג.כתר ריבה טעם תות500ג,,IL,עוגיות ריבה,גרמים,500.00,100 גרם,false,1,13.50,2.70,true,1,
7296073359913,false,עוגיות לבבות 500 גרם,,IL,עוגיות לבבות,גרמים,500.00,100 גרם,false,1,13.50,2.70,true,1,
7296073359920,false,עוגיות שוקוצ'יפס 500 גרם,,IL,עוגיות שוקוצ'יפס,גרמים,500.00,100 גרם,false,1,13.50,2.70,true,1,
7296073359937,false,עוגיות מעמול תמרים 500גר,,IL,עוגיות מעמול תמר,גרמים,500.00,100 גרם,false,1,13.50,2.70,true,1,
7296073361442,false,"מטליות היגיניות רב""ש 5יח",נועם אורים,IL,מטלית הגיניות,יחידה,1.00,יחידה,false,1,9.30,9.30,true,1,
7296073361916,false,אגס ישראלי ארוז,קטיף.,IL,אגס ישראלי ארוז,קילוגרמים,0.00,"ק""ג",true,1,7.90,7.90,true,1,
7296073361985,false,תבניות אלומיניום עבות 18,,TR,תבניות,יחידה,1.00,יחידה,false,1,33.30,33.30,true,1,
7296073362036,false,אבקת שוקו מפרץ ההרפתקאות,,IL,אבקת שוקו,גרמים,500.00,100 גרם,false,1,9.20,1.84,true,1,
7296073362111,false,פטוצ'יני מצונן 300 גרם,,IL,פטוצ'יני מצונן,גרמים,300.00,100 גרם,false,1,8.40,2.80,true,1,
7296073362739,false,חמאת בוטנים 510 גרם,יונייטד פודס,IN,חמאת בוטנים,גרמים,510.00,100 גרם,false,1,12.70,2.49,true,1,
7296073362746,false,חמאת בוטנים שב.בוטנים510,יונייטד פודס,IN,חמאת בוטנים,גרמים,510.00,100 גרם,false,1,12.70,2.49,true,1,
7296073362777,false,סלרי עלים,תנובות לכיש,IL,סלרי עלים,יחידה,1.00,יחידה,false,1,5.90,5.90,true,1,
7296073362807,false,פזיל / מנגולד יחידה,תנובות לכיש,IL,פזיל / מנגולד,יחידה,1.00,יחידה,false,1,5.90,5.90,true,1,
7296073362821,false,סב.ידיים בצבעי פסטל500*3,טאהא קימיה,TR,סבון ידיים 3 יח,ליטרים,1.50,ליטר,false,1,11.80,7.87,true,1,
7296073362890,false,בייבי גאודה 31% 280 גרם,הנרי ויליך,NL,בייבי גאודה,גרמים,280.00,100 גרם,false,1,27.20,9.71,true,1,
7296073362920,false,בייבי גאודה שום31% 280ג,הנרי ויליך,NL,בייבי גאודה,גרמים,280.00,100 גרם,false,1,27.20,9.71,true,1,
7296073362944,false,אבקת אפיה שופרסל 10*10 י,,IL,אבקת אפיה 10 יח,גרמים,100.00,100 גרם,false,1,2.50,2.50,true,1,
7296073362951,false,סוכר וניל שופרסל 10*10גר,ר.ס-.חברה ליבוא וייצור מ,IL,סוכר וניל 10 יח,גרמים,100.00,100 גרם,false,1,2.30,2.30,true,1,
7296073362975,false,אבקת סוכר שופרסל 100 גרם,ר.ס-.חברה ליבוא וייצור מ,IL,אבקת סוכר,גרמים,100.00,100 גרם,false,1,1.70,1.70,true,1,
7296073363194,false,Be מסכה לשיער יבש500מל,א.משי תעשיות,IL,מסכה לשיער יבשBE,מיליליטרים,500.00,"100 מ""ל",false,1,25.50,5.10,true,1,
7296073363217,false,Beשמפו לשיער מוחלק 500מל,,IL,שמפו לשיער יבשBE,מיליליטרים,500.00,"100 מ""ל",false,1,17.00,3.40,true,1,
7296073363224,false,שמפו לשיער יבש BE 500,א.משי תעשיות,IL,שמפו לשיער יבשBE,מיליליטרים,500.00,"100 מ""ל",false,1,17.00,3.40,true,1,
7296073363248,false,מרכך לשיער רגילBE 500,א.משי תעשיות,IL,מרכך לשיער רגיBE,מיליליטרים,500.00,"100 מ""ל",false,1,17.00,3.40,true,1,
7296073363316,false,פרל קרם לשיער מתולתל BE,א.משי תעשיות,IL,קרם לשיער מתולתל,מיליליטרים,400.00,"100 מ""ל",false,1,21.20,5.30,true,1,
7296073363989,false,"סכיני גילוח חד""פ לאשה5יח",,US,"סכיני גילוח חד""פ",יחידה,1.00,יחידה,false,1,8.40,8.40,true,1,
7296073363996,false,"סכיני גילוח חד""פ לגבר5יח",,US,"סכיני גילוח חד""פ",יחידה,1.00,יחידה,false,1,8.40,8.40,true,1,
7296073364177,false,"שקיות זיפר 20*20 ס""מ",,CN,שקיות זיפר 50יח,יחידה,1.00,יחידה,false,1,8.40,8.40,true,1,
7296073364184,false,"שקיות סלייד 25*20 ס""מ 30",,CN,שקיות סלייד,יחידה,1.00,יחידה,false,1,11.80,11.80,true,1,
7296073364320,false,אפונה זיפר שופרסל 500גרם,מיה,IL,אפונה שופרסל,גרמים,500.00,100 גרם,false,1,4.70,0.94,true,1,
7296073364337,false,בורגול זיפר שופרסל 500גר,מיה,IL,בורגול שופרסל,גרמים,500.00,100 גרם,false,1,4.10,0.82,true,1,
7296073364351,false,חומוס גדול זיפר 500 גרם,,IL,חומוס גדול,גרמים,500.00,100 גרם,false,1,5.50,1.10,true,1,
7296073364368,false,חומוס ענק לבן זיפר 500גר,,IL,חומוס ענק לבן,גרמים,500.00,100 גרם,false,1,6.70,1.34,true,1,
7296073364375,false,חיטה זיפר שופרסל 500 גרם,מיה,IL,חיטה,גרמים,500.00,100 גרם,false,1,4.20,0.84,true,1,
7296073364436,false,שעועית לבנה זיפר 900 גרם,,IL,שעועית לבנה,גרמים,900.00,100 גרם,false,1,11.80,1.31,true,1,
7296073364467,false,שעועית מעורבת זיפר 500גר,,IL,שעועית מעורבת,גרמים,500.00,100 גרם,false,1,10.90,2.18,true,1,
7296073364474,false,ג'ריש זיפר שופרסל 500גרם,,IL,ג'ריש,גרמים,500.00,100 גרם,false,1,3.80,0.76,true,1,
7296073364481,false,"אפונה ירוקה זיפר 1 ק""ג",,IL,אפונה ירוקה,קילוגרמים,1.00,"ק""ג",false,1,6.60,6.60,true,1,
7296073364511,false,"חיטה זיפר שופרסל 1 ק""ג",מיה,IL,חיטה,קילוגרמים,1.00,"ק""ג",false,1,6.60,6.60,true,1,
7296073364542,false,"אורז לבן עגול זיפר 1 ק""ג",,IL,אורז לבן עגול,קילוגרמים,1.00,"ק""ג",false,1,6.40,6.40,true,1,
7296073364597,false,שעועית מש זיפר שופרסל500,,IL,שעועית מש,גרמים,500.00,100 גרם,false,1,8.30,1.66,true,1,
7296073364610,false,שעועית ארגנטינאית זיפ500,,IL,שעועית ארגנטינאי,גרמים,500.00,100 גרם,false,1,8.30,1.66,true,1,
7296073364641,false,שעועית אדומה זיפר 500גרם,מיה,IL,שעועית אדומה,גרמים,500.00,100 גרם,false,1,7.50,1.50,true,1,
7296073365099,false,"כוס גדולה לאירוח 330 מ""ל",,CN,כוסות גדולות,יחידה,1.00,יחידה,false,1,15.30,15.30,true,1,
7296073365266,false,בייבי גאודה פסטו 280 גרם,הנרי ויליך,NL,בייבי גאודה פסטו,גרמים,280.00,100 גרם,false,1,27.20,9.71,true,1,
7296073365471,false,פותח סתימות 1 ליטר,,IL,פותח סתימות,ליטרים,1.00,ליטר,false,1,13.50,13.50,true,1,
7296073365730,false,מאגדת מצופה בננה 8יח,גלידות פלדמן,IL,מאגדת מצופה בננה,גרמים,560.00,100 גרם,false,1,15.20,2.72,true,1,
7296073365747,false,מאגדת מצופים שוקולד 8 יח,גלידות פלדמן,IL,מאגדת מצופים שוק,גרמים,560.00,100 גרם,false,1,15.20,2.72,true,1,
7296073365792,false,מאגדת מיני בר וניל 5 יח,גלידות פלדמן,IL,מאגדת מיני בר,גרמים,300.00,100 גרם,false,1,18.70,6.23,true,1,
7296073365808,false,מאגדת מיני ברשוקולד 5 יח,גלידות פלדמן,IL,מאגדת מיני בר,גרמים,300.00,100 גרם,false,1,18.70,6.23,true,1,
7296073365914,false,קמח אורז לבן ל.גלוטן 500,,IL,"קמח אורז לל""ג",גרמים,500.00,100 גרם,false,1,8.40,1.68,true,1,
7296073365938,false,קמח טפיוקה498 גרם,,IL,קמח טפיוקה,גרמים,498.00,100 גרם,false,1,9.30,1.87,true,1,
7296073366898,false,גבינת קממבר 200 גרם,,FR,גבינת קמבבר,גרמים,200.00,100 גרם,false,1,18.70,9.35,true,1,
7296073367154,false,נקניקיות מרגז 400 גרם,טיבון ויל אחזקות בעמ,IL,נקניקיות מרגז,גרמים,400.00,100 גרם,false,1,17.00,4.25,true,1,
7296073367192,false,חטיף לכלב פילה עוף מיובש,,CN,חטיף לכלב,גרמים,80.00,100 גרם,false,1,12.70,15.88,true,1,
7296073367208,false,חטיף לכלב פילה ברווז 80,,CN,חטיף לכלב,גרמים,80.00,100 גרם,false,1,12.70,15.88,true,1,
7296073367215,false,חטיף לכלב עוף ודגים 80 ג,,CN,חטיף לכלב,גרמים,80.00,100 גרם,false,1,12.70,15.88,true,1,
7296073367222,false,חטיף לכלב מצופה עוף אמית,,CN,חטיף לכלב,גרמים,80.00,100 גרם,false,1,12.70,15.88,true,1,
7296073367239,false,חטיף לכלב סושי עוף 80 גר,,CN,חטיף לכלב,גרמים,80.00,100 גרם,false,1,12.70,15.88,true,1,
7296073367246,false,חטיף לכלב כוכבי ברווז 80,,CN,חטיף לכלב,גרמים,80.00,100 גרם,false,1,12.70,15.88,true,1,
7296073367253,false,חטיף לכלב סושי עוף ודגים,,CN,חטיף לכלב,גרמים,80.00,100 גרם,false,1,12.70,15.88,true,1,
7296073367277,false,חטיף לכלב מיני נקניקיות,LTD J.M.P.P.S,CN,חטיף לכלב,גרמים,80.00,100 גרם,false,1,12.70,15.88,true,1,
7296073367314,false,נגיסי סלמון בצורת חתול50,,CN,חטיף לחתול,גרמים,50.00,100 גרם,false,1,9.30,18.60,true,1,
7296073367321,false,חטיף לחתול נגיסי סלמון,,CN,חטיף לחתול,גרמים,50.00,100 גרם,false,1,9.30,18.60,true,1,
7296073367338,false,חטיף לחתול נגיסי ברווז,,CN,חטיף לחתול,גרמים,50.00,100 גרם,false,1,9.30,18.60,true,1,
7296073368465,false,פיצה מרגריטה 320 גרם,סוילה אס.אר.אל,IT,פיצה מרגריטה,יחידה,1.00,יחידה,false,1,14.40,14.40,true,1,
7296073368496,false,אורז בסמטי בסגנון מרוקאי,,IL,אורז בסמטי מתובל,גרמים,400.00,100 גרם,false,1,10.10,2.53,true,1,
7296073368526,false,אורז בסמטי בסגנון מג'דרה,,IL,אורז בסמטי מתובל,גרמים,400.00,100 גרם,false,1,10.10,2.53,true,1,
7296073368670,false,מגבונים לחים מארז ענק 12,,IL,מגבונים לחים12יח,יחידה,1.00,יחידה,false,1,32.30,32.30,true,1,
7296073368830,false,טורטיות מקמח חיטה 320 גר,,RS,טורטייה,גרמים,320.00,100 גרם,false,1,8.40,2.63,true,1,
7296073368854,false,טורטיות מקמח חיטה מלא320,,RS,טורטייה,גרמים,320.00,100 גרם,false,1,8.40,2.63,true,1,
7296073368861,false,קוואקר דק מהיר הכנה500ג,,IL,קוואקר דק,גרמים,500.00,100 גרם,false,1,6.70,1.34,true,1,
7296073368878,false,קוואקר עבה 500 גרם,,IL,קוואקר עבה,גרמים,500.00,100 גרם,false,1,6.70,1.34,true,1,
7296073369035,false,קבוקים בציפוי שומשום400ג,,IL,קבוקים שומשום,גרמים,400.00,100 גרם,false,1,10.10,2.53,true,1,
7296073369585,false,תרסיס חיטוי למטבח750מל,,IL,תרסיס למטבח,מיליליטרים,750.00,"100 מ""ל",false,1,12.70,1.69,true,1,
7296073369592,false,תרסיס חיטוי וניקוי 750מל,,IL,תרסיס חיטוי כללי,מיליליטרים,750.00,"100 מ""ל",false,1,12.70,1.69,true,1,
7296073369639,false,ערמונים קלופים קלויים100,,CN,ערמונים קלופים,גרמים,100.00,100 גרם,false,1,5.90,5.90,true,1,
7296073372028,false,לפתן אפרסק 4 * 113 גרם,,CN,לפתן אפרסק,גרמים,452.00,100 גרם,false,1,8.40,1.86,true,1,
7296073372073,false,קפסולות מס DOPPIO 11,DELICA,CH,קפסולות דפיו,גרמים,50.00,100 גרם,false,1,12.70,25.40,true,1,
7296073372080,false,קפסולות מס LUNGO 6,DELICA,CH,קפסולות לונגו,גרמים,50.00,100 גרם,false,1,12.70,25.40,true,1,
7296073372103,false,קפסולות מס RISTRETTO 10,DELICA,CH,קפסולות ריסטרטו,גרמים,50.00,100 גרם,false,1,12.70,25.40,true,1,
7296073372165,false,גלילים לאיסוף צרכים 3 יח,,CN,גלילים לא.צרכים,יחידה,1.00,יחידה,false,1,9.30,9.30,true,1,
7296073372189,false,קערת נירוסטה בינונית יחי,INT RAINTECH,CN,קערת נירוסטה,יחידה,1.00,יחידה,false,1,17.00,17.00,true,1,
7296073372240,false,מברשת לפרווה שיער ארוך,,CN,מברשת לפרווה,יחידה,1.00,יחידה,false,1,18.70,18.70,true,1,
7296073372257,false,רולר לאיסוף שיער יחיד,,CN,רולר לאיסוף שיער,יחידה,1.00,יחידה,false,1,10.10,10.10,true,1,
7296073372271,false,שמנת לבישול נ.לקטוז250מל,,IL,שמנת לבישול15%,מיליליטרים,250.00,"100 מ""ל",false,1,6.40,2.56,true,1,
7296073372288,false,שמנת להקצפה נ.לקטוז 250מ,,IL,שמנת להקצפה38%,מיליליטרים,250.00,"100 מ""ל",false,1,6.40,2.56,true,1,
7296073372455,false,מגבונים להסרת איפור25*3,די.פי.אל תעשיות מוצרים ח,IL,מגב.להסרת איפור,יחידה,1.00,יחידה,false,1,12.70,12.70,true,1,
7296073372486,false,משקה אורז שקדים אורגני1ל,ליקואטס וגטאלס,ES,משקה אורז שקדים,ליטרים,1.00,ליטר,false,1,10.10,10.10,true,1,
7296073372509,false,משקה אורז אורגני 1 ליטר,ליקואטס וגטאלס,ES,משקה אורז אורגני,ליטרים,1.00,ליטר,false,1,10.10,10.10,true,1,
7296073372516,false,"משקה סויה אורגני ללת""ס1ל",ליקואטס וגטאלס,ES,משקה סויה אורגני,ליטרים,1.00,ליטר,false,1,10.10,10.10,true,1,
7296073372530,false,"משקה שקדים ללת""ס 1 ליטר",ליקואטס וגטאלס,ES,"משקה שקדים ללת""ס",ליטרים,1.00,ליטר,false,1,10.10,10.10,true,1,
7296073372547,false,משקה ש.שועל שקדים 1 ליטר,ליקואטס וגטאלס,ES,משקה שיבולת שועל,ליטרים,1.00,ליטר,false,1,10.10,10.10,true,1,
7296073373421,false,קצף אקונומיקה 1 ליטר,קומפלקס כימיקלים,IL,קצף אקונומיקה,ליטרים,1.00,ליטר,false,1,10.80,10.80,true,1,
7296073373476,false,ברוקולי ארוז,,IL,ברוקולי ארוז,גרמים,350.00,100 גרם,false,1,10.90,3.11,true,1,
7296073375104,false,ג'ל רחצה מיסלרי ורוד500מ,BE NOW,IL,ג'ל רחצה מיסל,מיליליטרים,500.00,"100 מ""ל",false,1,8.40,1.68,true,1,
7296073376286,false,מברשת שיניים ילדים2-5,,TR,מברשת שיניים,יחידה,1.00,יחידה,false,1,7.60,7.60,true,1,
7296073377214,false,חסה לבבות קיסר,ביכורי השדה הצפון בעמ` 1964,IL,חסה לבבות קיסר,גרמים,400.00,100 גרם,false,1,9.90,2.48,true,1,
7296073377269,false,פולי סויה אדממה 454 גרם,,CN,פולי סויה אדממה,גרמים,454.00,100 גרם,false,1,10.10,2.22,true,1,
7296073379102,false,מרכך מרפץ ההרפתקאות 1ל,,TR,מרכך שיער,ליטרים,1.00,ליטר,false,1,12.70,12.70,true,1,
7296073379287,false,מרכך מרוכזBLOSSOM CHERRY,,IL,מרכך מרוכז ספא,ליטרים,1.00,ליטר,false,1,10.10,10.10,true,1,
7296073379317,false,ג'ל כביסה מרוכז ורוד3ל,,IL,ג'ל כביסה מרוכז,ליטרים,3.00,ליטר,false,1,21.20,7.07,true,1,
7296073379331,false,רוטב לסלט ויניגרט חרדל,"פרסקו חצבה 2006 בע""\מ",IL,ויניגרט חרדל,גרמים,280.00,100 גרם,false,1,12.90,4.61,true,1,
7296073379362,false,רוטב לסלט קיסר,"פרסקו חצבה 2006 בע""\מ",IL,רוטב לסלט קיסר,מיליליטרים,280.00,"100 מ""ל",false,1,12.90,4.61,true,1,
7296073379379,false,רוטב לסלט לימונענע,"פרסקו חצבה 2006 בע""\מ",IL,רוטב לימונענע,גרמים,280.00,100 גרם,false,1,12.90,4.61,true,1,
7296073379560,false,אטריות שעועית ל.גלוטן250,,CN,אטריות שעועית,גרמים,250.00,100 גרם,false,1,6.70,2.68,true,1,
7296073379584,false,סינטה דק דק 250 גרם,,IL,סינטה דק דק,גרמים,250.00,100 גרם,false,1,21.20,8.48,true,1,
7296073379607,false,שניצל בקר דק 250גרם,,IL,שניצל בקר דק,גרמים,250.00,100 גרם,false,1,17.00,6.80,true,1,
7296073379683,false,אגוז מוסקט טחון 40 גרם,א.ל ייצור ושיווק תבלינים,IL,אגוז מוסקט טחון,גרמים,40.00,100 גרם,false,1,12.70,31.75,true,1,
7296073380153,false,עגבניות שרי מנומר יחידה,עידו נחום,IL,שרי מנומר,גרמים,460.00,100 גרם,false,1,9.90,2.15,true,1,
7296073380160,false,עגבניה שרי כתום,עידו נחום,IL,עגבניות שרי כתום,גרמים,460.00,100 גרם,false,1,9.90,2.15,true,1,
7296073380382,false,גומיות מנומרות ורודות יח,BE NOW,CN,גומיות מנומרות,יחידה,1.00,יחידה,false,1,11.00,11.00,true,1,
7296073380665,false,מברשת התרת קשרים שחורה,BE NOW,CN,מברשת התרת קשרים,יחידה,1.00,יחידה,false,1,29.80,29.80,true,1,
7296073380818,false,Be ג'ל רחצה אבוקדו 700 מ,קוסמטיקס,TR,Be ג'ל רחצה,מיליליטרים,700.00,"100 מ""ל",false,1,11.80,1.69,true,1,
7296073380825,false,Be ג'ל רחצה מקדמיה 700מ,קוסמטיקס,TR,Be ג'ל רחצה,מיליליטרים,700.00,"100 מ""ל",false,1,11.80,1.69,true,1,
7296073380832,false,Be ג'ל רחצה אורכידאה 700,קוסמטיקס,TR,Be ג'ל רחצה,מיליליטרים,700.00,"100 מ""ל",false,1,11.80,1.69,true,1,
7296073380856,false,"ג'ל גילוח אלוורה 200 מ""ל",,GB,ג'ל גילוח,מיליליטרים,200.00,"100 מ""ל",false,1,10.10,5.05,true,1,
7296073380870,false,דאו גברCookie Night 150,סאסא קוסמטיקס,,דאו לגבר,יחידה,1.00,יחידה,false,0,10.10,10.10,true,1,
7296073380887,false,דאו לגבר Boy Beach 150,סאסא קוסמטיקס,,דאו לגבר,יחידה,1.00,יחידה,false,0,10.10,10.10,true,1,
7296073380894,false,דאו לגבר Vib Morning 150,סאסא קוסמטיקס,,דאו לגבר,יחידה,1.00,יחידה,false,0,10.10,10.10,true,1,
7296073380900,false,רצועות שעווה לע.עדין 16י,VIOCOX,ES,רצועות שעווה,יחידה,1.00,יחידה,false,1,17.00,17.00,true,1,
7296073380917,false,רצועות שעווה לפנים 12 יח,VIOCOX,ES,רצועות שעווה,יחידה,1.00,יחידה,false,1,17.00,17.00,true,1,
7296073381099,false,מסכת פנים תלת שכבתית יח,,IL,מסכת פנים חד פעמ,יחידה,1.00,יחידה,false,1,1.60,1.60,true,1,
7296073381174,false,מברשת ספרים עם שיער .,BE NOW,CN,מברשת ספרים,יחידה,1.00,יחידה,false,1,29.80,29.80,true,1,
7296073381228,false,"תחליב רחצה Rose 700 מ""ל",שופרסל,TR,תחליב רחצה,מיליליטרים,700.00,"100 מ""ל",false,1,10.10,1.44,true,1,
7296073381235,false,תחליב רחצה Vanilla 700מ,שופרסל,TR,תחליב רחצה,מיליליטרים,700.00,"100 מ""ל",false,1,10.10,1.44,true,1,
7296073381242,false,"תחליב רחצה Cotton700מ""",שופרסל,TR,תחליב רחצה,מיליליטרים,700.00,"100 מ""ל",false,1,10.10,1.44,true,1,
7296073381372,false,מברשת ציפורניים NOW יח',,CN,מברשת ציפורניים,יחידה,1.00,יחידה,false,1,8.40,8.40,true,1,
7296073381495,false,קליפסים גודל בינוני זוג,BE NOW,CN,זוג קליפסים,יחידה,1.00,יחידה,false,1,11.00,11.00,true,1,
7296073381501,false,קליפס בינוני חזק חום 3יח,BE NOW,CN,קליפס בינוני,יחידה,1.00,יחידה,false,1,12.70,12.70,true,1,
7296073381518,false,שלישיית קליפסים ספרים,BE NOW,CN,שלישיית קליפסים,יחידה,1.00,יחידה,false,1,12.70,12.70,true,1,
7296073381747,false,עדשים שחורות אורגניות500,,IL,עדשים שחורות,גרמים,500.00,100 גרם,false,1,12.70,2.54,true,1,
7296073382355,false,שוקולד מריר 84% 100 גרם,פריי )שוקולד(,CH,שוקולד מריר 84%,גרמים,100.00,100 גרם,false,1,8.40,8.40,true,1,
7296073382386,false,שוקולד מריר 75% 100 גרם,"שוקולד פריי בע""מ",CH,שוקולד מריר 75%,גרמים,100.00,100 גרם,false,1,8.40,8.40,true,1,
7296073383604,false,חליטת קמומיל ולימונית25ש,,IL,חליטת קמומיל,גרמים,37.00,100 גרם,false,1,10.10,27.30,true,1,
7296073383611,false,תה קמומיל ונענע 38 גרם,,IL,חליטת קמומיל,גרמים,38.00,100 גרם,false,1,10.10,26.58,true,1,
7296073383628,false,תה ירוק עם מאצ''ה 37.5 ג,,IL,תה ירוק עם מאצ'ה,גרמים,37.00,100 גרם,false,1,11.80,31.89,true,1,
7296073383642,false,חליטת כורכום וג'ינג'ר 50,,IL,חליטת כורכום,גרמים,50.00,100 גרם,false,1,10.10,20.20,true,1,
7296073384434,false,קציצות סג.גפילטע פיש350ג,,IL,קציצות עם דגים,גרמים,350.00,100 גרם,false,1,11.80,3.37,true,1,
7296073384526,false,ג'ל כביסה מרוכז סגול3ל,,IL,ג'ל כביסה מרוכז,ליטרים,3.00,ליטר,false,1,21.20,7.07,true,1,
7296073384588,false,קולר גדול לכלב יחידה,,CN,קולר לכלב,יחידה,1.00,יחידה,false,1,12.70,12.70,true,1,
7296073384663,false,שמפו לכלב לפרווה בהירה,,CN,שמפו לכלב,מיליליטרים,250.00,"100 מ""ל",false,1,28.10,11.24,true,1,
7296073384779,false,פריפלצת אגס גזר דלעת120,פרוסלה,ES,פריפלצת אגס גזר,גרמים,120.00,100 גרם,false,1,3.80,3.17,true,1,
7296073384786,false,פריפלצת גזר בטטה 120 גרם,פרוסלה,ES,פריפלצת גזר בטטה,גרמים,120.00,100 גרם,false,1,3.80,3.17,true,1,
7296073384793,false,פריפלצת דלעת בטטה 120ג,פרוסלה,ES,פריפלצת דלעת,גרמים,120.00,100 גרם,false,1,3.80,3.17,true,1,
7296073385752,false,קשיו קלויים ומומלח200ג,פיצוחי ציון,IL,קשיו קלוי ומומלח,גרמים,200.00,100 גרם,false,1,19.50,9.75,true,1,
7296073385769,false,פיסטוק קלוי וממולח 200ג,פיצוחי ציון,IL,פיסטוק קלוי,גרמים,200.00,100 גרם,false,1,19.50,9.75,true,1,
7296073385981,false,גרעין אבטיח קלוי במלח200,פיצוחי ציון,IL,גרעין אבטיח,גרמים,200.00,100 גרם,false,1,12.70,6.35,true,1,
7296073386018,false,אגוזי מלך קלוף טבעי 150ג,פיצוחי ציון,US,אגוזי מלך טבעי,גרמים,150.00,100 גרם,false,1,10.10,6.73,true,1,
7296073386063,false,סכיני גילוח חד'פ לנשים 2,EDGEWELL,US,סכין גילוח 5 להב,יחידה,1.00,יחידה,false,1,17.00,17.00,true,1,
7296073386087,false,שקדים קלופים 200 גרם,פיצוחי ציון,IL,שקדים קלופים,גרמים,200.00,100 גרם,false,1,15.30,7.65,true,1,
7296073386094,false,שקד קלוף קלוי וממולח200ג,פיצוחי ציון,IL,שקד קלוף קלוי,גרמים,200.00,100 גרם,false,1,15.30,7.65,true,1,
7296073386100,false,בוטן קלוף קלוי וממולח300,פיצוחי ציון,IL,בוטן קלוף קלוי,גרמים,300.00,100 גרם,false,1,10.10,3.37,true,1,
7296073386117,false,טבעות תפוח עץ יבש 150גרם,פיצוחי ציון,IL,"טבעות תפו""ע יבש",גרמים,150.00,100 גרם,false,1,13.50,9.00,true,1,
7296073386124,false,גרעין דלעת קלוי במלח200ג,פיצוחי ציון,IL,גרעין דלעת קלוי,גרמים,200.00,100 גרם,false,1,10.10,5.05,true,1,
7296073386131,false,אגוזי קשיו קלופים טבעיים,פיצוחי ציון,IL,אגוזי קשיו טבעי,גרמים,200.00,100 גרם,false,1,20.40,10.20,true,1,
7296073386148,false,גרעין חמניה קלוי וממולח,פיצוחי ציון,IL,גרעין חמניה קלוי,גרמים,150.00,100 גרם,false,1,5.80,3.87,true,1,
7296073386155,false,תערובת אגוזים וחמוציות,פיצוחי ציון,IL,תערובת אגוזים,גרמים,150.00,100 גרם,false,1,13.50,9.00,true,1,
7296073386162,false,בננה ציפס 250גרם,פיצוחי ציון,IL,בננה ציפס,גרמים,250.00,100 גרם,false,1,10.10,4.04,true,1,
7296073386179,false,תערובת אגוזים וצימוק150ג,,IL,תערובת אגוזים,גרמים,150.00,100 גרם,false,1,13.50,9.00,true,1,
7296073386209,false,שקד בקליפה קלוי 200גרם,פיצוחי ציון,IL,שקד בקליפה קלוי,גרמים,200.00,100 גרם,false,1,12.70,6.35,true,1,
7296073386247,false,עלי גפן ממולא.אורז 400 ג,אגה אזיר איסק סאניי,TR,עלי גפן ממולאים,גרמים,400.00,100 גרם,false,1,6.40,1.60,true,1,
7296073386292,false,מספרים רב תכליתיים,,CN,מספרים רב תכליתי,יחידה,1.00,יחידה,false,1,15.30,15.30,true,1,
7296073386414,false,נוזל לניקוי חלונות 1ליטר,,IL,נוזל לחלונות,ליטרים,1.00,ליטר,false,1,6.70,6.70,true,1,
7296073386988,false,עוג.מזרחיות ל.גלוטן230,אשבל מזון פונקציונלי בע\,IL,עוגיות מזרחיות,גרמים,230.00,100 גרם,false,1,18.70,8.13,true,1,
7296073387008,false,"עוג.שוקולד צ'יפס לל""ג200",אשבל מזון פונקציונלי בע\,IL,עוגיות שוקוצ'יפס,גרמים,200.00,100 גרם,false,1,18.70,9.35,true,1,
7296073387053,false,תות בננה קפוא שופרסל 300,,RS,תות בננה קפוא,גרמים,300.00,100 גרם,false,1,14.40,4.80,true,1,
7296073387299,false,פלפל ננסי פיקנטי 670 גרם,,TR,פלפל ננסי פיקנטי,גרמים,670.00,100 גרם,false,1,10.10,1.51,true,1,
7296073387428,false,מאגדת קרחונים אננס ענבים,,IL,מאגדת קרחונים אנ,גרמים,800.00,100 גרם,false,1,10.10,1.26,true,1,
7296073388531,false,ביצי הפתעה 20*3ג LOL,,IT,ביצי הפתעה LOL,גרמים,60.00,100 גרם,false,1,11.00,18.33,true,1,
7296073388548,false,ביצי הפתעה PJMASK 20*3ג,,IT,ביצי הפתעה PJ,גרמים,60.00,100 גרם,false,1,11.00,18.33,true,1,
7296073388722,false,שמפו ש.רגיל ביוטין700מל,,TR,שמפו לשיער רגיל,מיליליטרים,700.00,"100 מ""ל",false,1,8.40,1.20,true,1,
7296073388739,false,שמפו קוקוס לשיער שמן700מ,,TR,שמפו לשיער שמן,מיליליטרים,700.00,"100 מ""ל",false,1,8.40,1.20,true,1,
7296073388746,false,שמפו לשיער יבש שיאה700מל,,TR,שמפו לשיער יבש,מיליליטרים,700.00,"100 מ""ל",false,1,8.40,1.20,true,1,
7296073388753,false,"שמפו שמן ארגן 700מ""ל",BFF,TR,שמפו,מיליליטרים,700.00,"100 מ""ל",false,1,8.40,1.20,true,1,
7296073388760,false,שמפו לשיער יבש אבוקדו700,BFF,TR,שמפו אבוקדו,מיליליטרים,700.00,"100 מ""ל",false,1,8.40,1.20,true,1,
7296073388777,false,מרכך ש.רגיל ביוטין700מל,,TR,מרכך לשיער רגיל,מיליליטרים,700.00,"100 מ""ל",false,1,8.40,1.20,true,1,
7296073388784,false,מרכך קוקוס לשיער שמן700מ,שופרסל,TR,מרכך לשיער שמן,מיליליטרים,700.00,"100 מ""ל",false,1,8.40,1.20,true,1,
7296073388807,false,מרכך לשיער צבוע ארגן700מ,,TR,מרכך לשיער צבוע,מיליליטרים,700.00,"100 מ""ל",false,1,8.40,1.20,true,1,
7296073388821,false,שוק.חלב ממולא ק.קרמל100ג,,CH,שוקולד חלב ממולא,גרמים,100.00,100 גרם,false,1,8.40,8.40,true,1,
7296073388838,false,שוק.מריר ממולא ק.דובד100,"שוקולד פריי בע""מ",CH,שוקולד ממולא,גרמים,100.00,100 גרם,false,1,8.40,8.40,true,1,
7296073388845,false,שוק.מריר+קרם פירות100ג,"שוקולד פריי בע""מ",CH,שוקולד ממולא,גרמים,100.00,100 גרם,false,1,8.40,8.40,true,1,
7296073389422,false,"שמן זית אורגני 750 מ""ל",,IT,שמן זית אורגני,מיליליטרים,750.00,"100 מ""ל",false,1,36.60,4.88,true,1,
7296073389439,false,באגט ללא גלוטן,איתנ'ס יצור עוגות,IL,באגט ללא גלוטן,גרמים,240.00,100 גרם,false,1,13.50,5.63,true,1,
7296073389446,false,בגט גרעינים ללא גלוטן240,,IL,"בגט גרעינים לל""ג",גרמים,240.00,100 גרם,false,1,13.50,5.63,true,1,
7296073389453,false,בגט עם ציה ללא גלוטן240ג,,IL,בגט עם זרעי ציה,גרמים,240.00,100 גרם,false,1,13.50,5.63,true,1,
7296073389996,false,פריכיות קטנ.בציפוי חלב60,NETHERLANDS SANORICE,NL,פריכיות קטנות,גרמים,60.00,100 גרם,false,1,5.90,9.83,true,1,
7296073390008,false,פרכיות מצופות שוק.מריר60,NETHERLANDS SANORICE,NL,פריכיות מצופות,גרמים,60.00,100 גרם,false,1,5.90,9.83,true,1,
7296073390015,false,פרכיות ציפוי שוק.קוקוס60,NETHERLANDS SANORICE,NL,פריכיות קטנות,גרמים,60.00,100 גרם,false,1,5.90,9.83,true,1,
7296073390206,false,עינוגי פקאן שופרסל 400 ג,בריגן קי ג'י,DE,עינוגי פקאן,גרמים,400.00,100 גרם,false,1,16.10,4.03,true,1,
7296073390213,false,ברנפלקס שופרסל 500 גרם,בריגן קי. ג'י,DE,ברנפלקס,גרמים,500.00,100 גרם,false,1,14.40,2.88,true,1,
7296073390275,false,לאבנה בקר5% שופרסל 200ג,,IL,לאבנה שופרסל,גרמים,200.00,100 גרם,false,1,8.40,4.20,true,1,
7296073390282,false,כדור מוצרלה שופרסל 200 ג,,IL,כדור מוצרלה,גרמים,200.00,100 גרם,false,1,7.60,3.80,true,1,
7296073390299,false,בייבי מוצרלה שופרסל150ג,,IL,בייבי מוצרלה,גרמים,200.00,100 גרם,false,1,10.10,5.05,true,1,
7296073390305,false,גבינת שמנת זיתים25% 200ג,,IL,גבינת שמנת זיתים,גרמים,200.00,100 גרם,false,1,8.40,4.20,true,1,
7296073390312,false,גב.שמנת שום שמיר25% 200ג,,IL,גב.שמנת שום שמיר,גרמים,200.00,100 גרם,false,1,8.40,4.20,true,1,
7296073390329,false,גבינת שמנת25% שופרסל200ג,,IL,גבינת שמנת,גרמים,200.00,100 גרם,false,1,8.40,4.20,true,1,
7296073390541,false,מטען קיר כפול גלקסי 2.1,,CN,מטען קיר כפול,יחידה,1.00,יחידה,false,1,42.60,42.60,true,1,
7296073390565,false,מטען קיר כפול TYPE 2.1A,,CN,מטען קיר כפול,יחידה,1.00,יחידה,false,1,42.60,42.60,true,1,
7296073390626,false,כבל מיקרו 2M,,CN,כבל מיקרו 2M,יחידה,1.00,יחידה,false,1,25.50,25.50,true,1,
7296073390633,false,כבל מיקרו 1.2M,,CN,כבל מיקרו 1.2M,יחידה,1.00,יחידה,false,1,17.00,17.00,true,1,
7296073390695,false,אוזניה MUSIC לבן+שחור,בסט סין,CN,אוזניה MUSIC,יחידה,1.00,יחידה,false,1,17.00,17.00,true,1,
7296073390701,false,אוזניות סטריאו,בסט סין,CN,אוזניות סטריאו,יחידה,1.00,יחידה,false,1,29.80,29.80,true,1,
7296073390947,false,חטיף פרכיות שוק.מריר18*5,בנליין פודס,RS,חטיפי פריכיות,גרמים,90.00,100 גרם,false,1,8.40,9.33,true,1,
7296073392682,false,ממחטות טישו פרימיום 270,שניב תעשיות נייר,IL,ממחטות פרימיום,יחידה,1.00,יחידה,false,1,14.40,14.40,true,1,
7296073392934,false,נייר טואלט גליל כפול24יח,,IL,נייר טואלט 24 גל,מטרים,860.00,100 מטר,false,1,38.30,4.45,true,1,
7296073393108,false,קפה מיובש בהקפאה קלאס200,,ES,קפה נמס קלאסי,גרמים,200.00,100 גרם,false,1,17.00,8.50,true,1,
7296073393115,false,קפה נמס ערביקה 200 גרם,,ES,קפה נמס ערביקה,גרמים,200.00,100 גרם,false,1,17.00,8.50,true,1,
7296073393122,false,קפה נמס בריסטה 200 גרם,,ES,קפה נמס בריסטה,גרמים,200.00,100 גרם,false,1,17.00,8.50,true,1,
7296073393573,false,גרנולה שוקולד ופקאן 370ג,בריגן קי ג'י,DE,גרנולה שוקולד,גרמים,370.00,100 גרם,false,1,14.40,3.89,true,1,
7296073393610,false,נוזל כלים 24% לימון 750מ,קומפלקס כימיקלים בעמ,IL,נוזל כלים לימון,מיליליטרים,750.00,"100 מ""ל",false,1,7.60,1.01,true,1,
7296073393641,false,נוזל כלים תפוח+משאבה 1ל,,IL,נוזל כלים תפוח,ליטרים,1.00,ליטר,false,1,8.40,8.40,true,1,
7296073394617,false,קלצונה מוצרלה עם זיתים,SRI VALPIZZA,IT,קלצונה מוצרלה זי,גרמים,150.00,100 גרם,false,1,8.40,5.60,true,1,
7296073394662,false,אבוקדו בשל מוכן לאכילה,"מור בריאות בע""מ",IL,אבוקדו בשל,יחידה,1.00,יחידה,false,1,8.90,8.90,true,1,
7296073395140,false,סוללת גיבוי Dis On Turn,,CN,סוללת גיבוי,יחידה,1.00,יחידה,false,1,85.30,85.30,true,1,
7296073395157,false,משקה אנרגיהFIREשופרסל250,אקו וויט,PL,משקה אנרגיה,מיליליטרים,250.00,"100 מ""ל",false,1,3.10,1.24,true,1,
7296073395171,false,כבל מקורי מיקרו סמסונג,בסט סין,CN,כבל מקורי מיקרו,יחידה,1.00,יחידה,false,1,25.50,25.50,true,1,
7296073395195,false,טונה זהובה בשמן זית 190ג,,ES,טונה בשמן זית,גרמים,190.00,100 גרם,false,1,20.40,10.74,true,1,
7296073395201,false,טונה בשמן זית+לימון190גר,,ES,טונה בשמן זית,גרמים,190.00,100 גרם,false,1,20.40,10.74,true,1,
7296073395218,false,טונה בשמן זית+צ'ילי 190ג,,ES,טונה בשמן זית,גרמים,190.00,100 גרם,false,1,20.40,10.74,true,1,
7296073396314,false,בייבי גאודה עיזים 280 גר,,NL,בייבי גאודה,גרמים,280.00,100 גרם,false,1,30.60,10.93,true,1,
7296073396505,false,תרד ניו זילנדי,יגור חקלאות ועסקים,IL,תרד ניו זילנדי,גרמים,200.00,100 גרם,false,1,9.90,4.95,true,1,
7296073396659,false,מאגדת גלידת סנדוויץ וניל,גלידות פלדמן,IL,מאגדת גלידת סנדו,גרמים,560.00,100 גרם,false,1,23.80,4.25,true,1,
7296073396666,false,כדורי שוקו מופחת סוכר450,,LT,דגני בוקר,גרמים,450.00,100 גרם,false,1,10.60,2.35,true,1,
7296073396673,false,חצאי בוטן מטוגן וממולח,ששון ושות'\ )ש.ת. תעשיות,IL,חצאי בוטן מטוגן,גרמים,200.00,100 גרם,false,1,6.70,3.35,true,1,
7296073396819,false,אייס קפה קר אספרסו 250מ,ברגלנד מילך,AT,אייס קפה אספרסו,מיליליטרים,250.00,"100 מ""ל",false,1,5.60,2.24,true,1,
7296073396826,false,"אייס קפה קר לאטה 250 מ""ל",ברגלנד מילך,AT,אייס קפה קר לאטה,מיליליטרים,250.00,"100 מ""ל",false,1,5.60,2.24,true,1,
7296073396833,false,אייס קפה קר קפוצינו 250מ,ברגלנד מילך,AT,אייס קפה קפוצינו,מיליליטרים,250.00,"100 מ""ל",false,1,5.60,2.24,true,1,
7296073396840,false,לימון בלאדי,א.ל. ייצור ושיווק תבליני,IL,לימון בלאדי,גרמים,250.00,100 גרם,false,1,11.00,4.40,true,1,
7296073396871,false,פלפל צ'ומה,א.ל. ייצור ושיווק תבליני,IL,פלפל צ'ומה,גרמים,250.00,100 גרם,false,1,11.00,4.40,true,1,
7296073396888,false,אריסה מרוקאית שופרסל250ג,תבליני ביטון יוחאי,IL,אריסה חריפה,גרמים,250.00,100 גרם,false,1,11.00,4.40,true,1,
7296073396895,false,סלט שום כתוש,א.ל. ייצור ושיווק תבליני,IL,סלט שום כתוש,גרמים,250.00,100 גרם,false,1,11.00,4.40,true,1,
7296073396901,false,סחוג אדום,א.ל. ייצור ושיווק תבליני,IL,סחוג אדום,גרמים,130.00,100 גרם,false,1,6.70,5.15,true,1,
7296073397182,false,וופל Air קרם טעם שוקו150,,IL,וופל Air,גרמים,150.00,100 גרם,false,1,3.30,2.20,true,1,
7296073397229,false,יעה עם מברשת יחידה,TYF סחר,IT,יעה עם מברשת,יחידה,1.00,יחידה,false,1,8.40,8.40,true,1,
7296073397304,false,מברשת מגהץ יחידה,TYF סחר,CN,מברשת מגהץ,יחידה,1.00,יחידה,false,1,4.10,4.10,true,1,
7296073397335,false,רולר כפול יחידה,TYF סחר,CN,רולר כפול,יחידה,1.00,יחידה,false,1,11.00,11.00,true,1,
7296073397908,false,שבבי פקאן טבעי 100גרם,,ZA,שבבי פקאן טבעי,גרמים,100.00,100 גרם,false,1,11.00,11.00,true,1,
7296073397915,false,שבבי פקאן סיני 100גרם,,IL,שבבי פקאן סיני,גרמים,100.00,100 גרם,false,1,11.00,11.00,true,1,
7296073398158,false,תפוחונים גרין1+5מארז132ג,,CN,תפוחונים מארז6יח,גרמים,132.00,100 גרם,false,1,11.80,8.94,true,1,
7296073398271,false,טופו חומוס 300 גרם,"משק ויילר בע""\מ",IL,טופו חומוס,גרמים,300.00,100 גרם,false,1,9.80,3.27,true,1,
7296073398318,false,טורטיה עם זרעי צ'יה320ג,,RS,טורטיה,גרמים,320.00,100 גרם,false,1,9.30,2.91,true,1,
7296073398325,false,טורטיה קמח כוסמת 320ג,,RS,טורטיה,גרמים,320.00,100 גרם,false,1,9.30,2.91,true,1,
7296073398509,false,אצבעות שוקולד שופרסל200ג,,FR,אצבעות שוקולד,גרמים,200.00,100 גרם,false,1,9.30,4.65,true,1,
7296073398516,false,דפי אורז וטפיוקה שופר400,,VN,דפי אורז וטפיוקה,גרמים,400.00,100 גרם,false,1,9.30,2.33,true,1,
7296073398646,false,סלט טונה עם ירקות 250 גר,,IL,סלט טונה,גרמים,250.00,100 גרם,false,1,16.10,6.44,true,1,
7296073398660,false,סלט חציל תאילנדי 250 גרם,,IL,סלט חציל תאילנדי,גרמים,250.00,100 גרם,false,1,11.80,4.72,true,1,
7296073398684,false,חציל במיונז שופרסל 250 ג,,IL,סלט במיונז,גרמים,250.00,100 גרם,false,1,9.30,3.72,true,1,
7296073398691,false,חומוס אבו גוש שופרסל 250,,IL,חומוס אבו גוש,גרמים,250.00,100 גרם,false,1,9.30,3.72,true,1,
7296073398707,false,חומוס מסבחה שופרסל 250 ג,,IL,חומוס מסבחה,גרמים,250.00,100 גרם,false,1,9.30,3.72,true,1,
7296073398776,false,גלידת שמנת בטעם וניל,DESSERT DE,NL,גלידת שמנת וניל,מיליליטרים,500.00,"100 מ""ל",false,1,8.40,1.68,true,1,
7296073398783,false,גלידת שמנת וניל עוגיות,DESSERT DE,NL,גלידת שמנת וניל,מיליליטרים,500.00,"100 מ""ל",false,1,8.40,1.68,true,1,
7296073398790,false,גלידת שמנת שוקולד אגוזים,DESSERT DE,NL,גלידת שמנת שוקול,מיליליטרים,500.00,"100 מ""ל",false,1,8.40,1.68,true,1,
7296073398837,false,קפסולות לונגו8 נספרסו50ג,DELICA,CH,קפסולות לונגו,גרמים,50.00,100 גרם,false,1,12.70,25.40,true,1,
7296073398875,false,קרם קרקר 250 גרם,"אפיפית נצרת (1971) בע""\מ",IL,קרם קרקר,גרמים,250.00,100 גרם,false,1,6.40,2.56,true,1,
7296073398905,false,מטאטא בראווה יחידה,TYF סחר,IT,מטאטא בראווה,יחידה,1.00,יחידה,false,1,12.70,12.70,true,1,
7296073398936,false,מגב לחלון יחידה,TYF סחר,IT,מגב לחלון,יחידה,1.00,יחידה,false,1,6.80,6.80,true,1,
7296073398974,false,רביעיית סוללות AA,בסט סין,CN,רביעיית סוללותAA,יחידה,1.00,יחידה,false,1,8.40,8.40,true,1,
7296073399001,false,שמינייה סוללות AAA,בסט סין,CN,שמינייה סוללות,יחידה,1.00,יחידה,false,1,14.40,14.40,true,1,
7296073399544,false,חלב נטול לקטוז2% 1 ליטר,מחלבות רמת הגולן,IL,חלב נטול לקטוז,ליטרים,1.00,ליטר,false,1,6.70,6.70,true,1,
7296073399551,false,שמיניית סוללות +AAרביעיה,,CN,שמיניית סוללות,יחידה,1.00,יחידה,false,1,17.00,17.00,true,1,
7296073399582,false,"סבון קוביה ירקרק 500 מ""ל",שופרסל,TR,סבון נוזלי,מיליליטרים,500.00,"100 מ""ל",false,1,8.40,1.68,true,1,
7296073399629,false,סב.נוזלי קוביה לבן 500,שופרסל,TR,סבון נוזלי,מיליליטרים,500.00,"100 מ""ל",false,1,8.40,1.68,true,1,
7296073399841,false,"מזון פרימיום לכלב 3ק""ג",אדרגנה,IT,מזון לכלבים,קילוגרמים,3.00,"ק""ג",false,1,46.90,15.63,true,1,
7296073399872,false,"מזון פרימיום לכלב 3 ק""ג",אדרגנה,IT,מזון לכלבים,קילוגרמים,3.00,"ק""ג",false,1,46.90,15.63,true,1,
7296073400004,false,"שמנת לבישול 15% 500 מ""ל",מחלבות רמת הגולן,IL,שמנת לבישול,מיליליטרים,500.00,"100 מ""ל",false,1,11.80,2.36,true,1,
7296073400028,false,מבשם כביסה ספא כחול750מל,,IL,מבשם כביסה ספא,מיליליטרים,750.00,"100 מ""ל",false,1,11.00,1.47,true,1,
7296073400035,false,מבשם כביסה ספא סגול750מל,,IL,מבשם כביסה ספא,מיליליטרים,750.00,"100 מ""ל",false,1,11.00,1.47,true,1,
7296073400097,false,מטאטא איטלקי משובח,ד.ג.ש ייבוא ושיווק בעמ,IT,מטאטא לינאה,יחידה,1.00,יחידה,false,1,17.00,17.00,true,1,
7296073400103,false,מטאטא אנטי שוק יחידה,מיקסליר,IT,מטאטא,יחידה,1.00,יחידה,false,1,18.70,18.70,true,1,
7296073400110,false,מטאטא יח,מיקסליר,IT,מטאטא,יחידה,1.00,יחידה,false,1,17.00,17.00,true,1,
7296073400127,false,מטאטא דמוי עץ יח,מיקסליר,IT,מטאטא דמוי עץ יח,יחידה,1.00,יחידה,false,1,18.70,18.70,true,1,
7296073400219,false,מקל 1.3 מטר יח,מיקסליר,IT,מקל 1.3 מטר יח,יחידה,1.00,יחידה,false,1,5.90,5.90,true,1,
7296073401063,false,שמן חמניות 1 ליטר,ברוקלמן,DE,שמן חמניות,ליטרים,1.00,ליטר,false,1,11.80,11.80,true,1,
7296073401568,false,סלט טחינה שופרסל 250 גרם,"סלטי שמיר 2006 בע""\מ",IL,סלט טחינה,גרמים,250.00,100 גרם,false,1,9.30,3.72,true,1,
7296073401575,false,חומוס מסעדות שופרסל250ג,"סלטי שמיר 2006 בע""\מ",IL,חומוס מסעדות,גרמים,250.00,100 גרם,false,1,9.30,3.72,true,1,
7296073402824,false,גלידת וניל עם שוקולד,פלקו,IL,גלידת וניל,ליטרים,1.40,ליטר,false,1,15.30,10.93,true,1,
7296073402879,false,גלידת שוקו נוגט,פלקו,IL,גלידת שוקו נוגט,ליטרים,1.40,ליטר,false,1,15.30,10.93,true,1,
7296073402886,false,גלידת וניל של פעם,פלקו,IL,גלידת וניל,ליטרים,1.40,ליטר,false,1,15.30,10.93,true,1,
7296073402893,false,גלידת וניל קפוצ'ינו,פלקו,IL,גלידת וניל קפוצ',ליטרים,1.40,ליטר,false,1,15.30,10.93,true,1,
7296073403142,false,סבון לאסלה לימון 50*3 גר,רנקסן,TR,סבון לאסלה לימון,גרמים,3.00,100 גרם,false,1,8.40,280.00,true,1,
7296073403159,false,סבון לאסלה אורנים 50*3גר,רנקסן,TR,סבון לאסלה,גרמים,3.00,100 גרם,false,1,8.40,280.00,true,1,
7296073403227,false,גביעי ופל גלידריה 132גרם,"א.ג. גילרו בע""\מ",IL,גביעי גלידריה,גרמים,132.00,100 גרם,false,1,11.80,8.94,true,1,
7296073403241,false,ביצי שוק.מיני מ.הרפתק122,,IT,ביצי שוקולד מיני,גרמים,122.00,100 גרם,false,1,9.30,7.62,true,1,
7296073403418,false,מנצ'גו צ'אנק שופרסל150ג,קסוס דה סאלבדור,ES,גבינת מנצ'גו,גרמים,150.00,100 גרם,false,1,20.40,13.60,true,1,
7296073403425,false,קשקבל צ'אנק שופרסל 150 ג,קסוס דה סאלבדור,ES,גבינת קשקבל,גרמים,150.00,100 גרם,false,1,20.40,13.60,true,1,
7296073404156,false,איטריות רחבות שופרסל400ג,,CN,איטריות רחבות,גרמים,400.00,100 גרם,false,1,8.30,2.08,true,1,
7296073404194,false,מיונז אמיתי לחיץ 395 גרם,ACESUR,ES,מיונז לחיץ,גרמים,395.00,100 גרם,false,1,8.50,2.15,true,1,
7296073404200,false,ממרח מופחת קלוריות 409 ג,ACESUR,ES,ממרח לחיץ,גרמים,409.00,100 גרם,false,1,8.50,2.07,true,1,
7296073404255,false,שורש כורכום אורג.גרין יח,,IL,שורש כורכום גרין,יחידה,1.00,יחידה,false,1,20.90,20.90,true,1,
7296073404262,false,בוקצ'וי אורגני גרין יח,,IL,בוקצ'וי אורגני,יחידה,1.00,יחידה,false,1,13.90,13.90,true,1,
7296073404279,false,צלחות גדולות חד פעמיות,,GR,צלחות גדולות,קילוגרמים,1.00,"ק""ג",false,1,38.30,38.30,true,1,
7296073404712,false,איטר.אורז רחב שופרסל400ג,,CN,איטריות אורז רחב,גרמים,400.00,100 גרם,false,1,8.30,2.08,true,1,
7296073404729,false,איט.אורז צרות שופרסל400ג,,CN,איטריות אורז צר,גרמים,400.00,100 גרם,false,1,8.30,2.08,true,1,
7296073404736,false,פרכיות קטנ.מצופה תפוז60ג,NETHERLANDS SANORICE,NL,פרכיות קטנות,גרמים,60.00,100 גרם,false,1,5.90,9.83,true,1,
7296073404903,false,מיץ לימון טבעי זכוכית250,פולנגי,IT,מיץ לימון טבעי,מיליליטרים,250.00,"100 מ""ל",false,1,5.90,2.36,true,1,
7296073405474,false,שקיות אשפה חזקות XL 20 י,,IL,שקיות אשפה,יחידה,1.00,יחידה,false,1,17.80,17.80,true,1,
7296073405481,false,שקיות אשפה חזקות XL 25,,IL,שקיות אשפה,יחידה,1.00,יחידה,false,1,17.80,17.80,true,1,
7296073405498,false,שקיות אשפה חזקות גדולות,,IL,שקיות אשפה,יחידה,1.00,יחידה,false,1,17.00,17.00,true,1,
7296073405863,false,טחינה גול.מעודנת טבעי310,אר.ג'\י.אם תעשיות מזון ב,IL,טחינה גולמית,גרמים,310.00,100 גרם,false,1,9.30,3.00,true,1,
7296073405870,false,טחינה גולמית טעם שום310ג,אר.ג'\י.אם תעשיות מזון ב,IL,טחינה גולמית שום,גרמים,310.00,100 גרם,false,1,9.30,3.00,true,1,
7296073405962,false,ממתיק סוכרלוז 300 טבליות,סוכרזית,IL,ממתיק סוכרלוז,גרמים,24.00,100 גרם,false,1,24.70,102.92,true,1,
7296073405979,false,ממתיק סטיביה 300 טבליות,סוכרזית,IL,ממתיק סטיביה,גרמים,24.00,100 גרם,false,1,25.50,106.25,true,1,
7296073406594,false,לחמניות כוסמין מלאות 6יח,,IL,לחמניות כוסמין,גרמים,450.00,100 גרם,false,1,11.80,2.62,true,1,
7296073406617,false,צ'יפס גזר לבן+סלק+בטטה85,FOODS VIUBE,ES,צ'יפס גזר לבן,גרמים,85.00,100 גרם,false,1,10.10,11.88,true,1,
7296073408734,false,טירמיסו 82*2 גרם,,IL,טירמיסו 2 יחידות,גרמים,164.00,100 גרם,false,1,11.00,6.71,true,1,
7296073408765,false,קרם מסקרפונה+תותים 82*2ג,,IL,קרם מסקרפונה 2יח,גרמים,164.00,100 גרם,false,1,11.00,6.71,true,1,
7296073408789,false,מלבי חלבי 2 * 160 גרם,,IL,מלבי חלבי 2 יח',גרמים,320.00,100 גרם,false,1,11.00,3.44,true,1,
7296073408819,false,כדורי דגנים שוקולד50גרם,,LT,כדוגרי דגנים,גרמים,50.00,100 גרם,false,1,4.10,8.20,true,1,
7296073408826,false,טבעות דגנים עם דבש 50 גר,,LT,טבעות דגנים,גרמים,50.00,100 גרם,false,1,4.10,8.20,true,1,
7296073408833,false,ריבועי דגנים+קינמון 50גר,,LT,ריבועי דגנים,גרמים,50.00,100 גרם,false,1,4.10,8.20,true,1,
7296073408840,false,כדורי דגנים במתיקות 50 ג,,LT,כדורי דגנים,גרמים,50.00,100 גרם,false,1,4.10,8.20,true,1,
7296073408888,false,נייר אפייה 50 יחידות,,IL,נייר אפייה,יחידה,1.00,יחידה,false,1,9.30,9.30,true,1,
7296073408918,false,כפפות L לטקס 100,WEIFANG,CN,כפפות לטקס,יחידה,1.00,יחידה,false,1,24.70,24.70,true,1,
7296073409113,false,פופקורן טבעי 5 * 100 גרם,AST נובולוג,BG,פופקורן למיקרוגל,גרמים,500.00,100 גרם,false,1,10.10,2.02,true,1,
7296073409144,false,מגבונים לחיטוי 50*3 יח',טרופיקל דגיל,IL,מגבונים לחיטוי,יחידה,1.00,יחידה,false,1,15.30,15.30,true,1,
7296073409625,false,גאודה 34% שופרסל 200 ג,B.V KAAS HAZELEGER,NL,גבינת גאודה,גרמים,200.00,100 גרם,false,1,17.00,8.50,true,1,
7296073409649,false,גב.עיזים הולנד שופרסל200,B.V KAAS HAZELEGER,NL,גבינת עיזים,גרמים,200.00,100 גרם,false,1,21.20,10.60,true,1,
7296073409663,false,גאודה הולנדי פרוס34% 150,B.V KAAS HAZELEGER,NL,גבינת גאודה,גרמים,150.00,100 גרם,false,1,15.30,10.20,true,1,
7296073409670,false,גב.עיזים פרוס שופרסל150ג,B.V KAAS HAZELEGER,NL,גבינת עיזים,גרמים,150.00,100 גרם,false,1,17.00,11.33,true,1,
7296073409731,false,צמד פטריות שמפניון,מרינה,IL,צמד פטריות,גרמים,420.00,100 גרם,false,1,15.90,3.79,true,1,
7296073409892,false,מגשית כוסברה שופרסל,דורות,IL,מגשית כוסברה שופ,גרמים,70.00,100 גרם,false,1,8.40,12.00,true,1,
7296073409922,false,מגשית ג'ינג'רכתוש שופרסל,דורות,IL,מגשית ג'ינג'ר כת,גרמים,70.00,100 גרם,false,1,8.40,12.00,true,1,
7296073410379,false,ביצים חופש L שופרסל 12יח,מ.לסר,,ביצים חופש 12יחL,יחידה,1.00,יחידה,false,0,16.20,16.20,true,1,
7296073410423,false,ביצים אומגהL שופרסל 12יח,מ.לסר,,ביצים אומגה12יחL,יחידה,1.00,יחידה,false,0,18.30,18.30,true,1,
7296073411215,false,מרכך כביסה פרחי בר 1ל,,IL,מרכך כביסה מרוכז,ליטרים,1.00,ליטר,false,1,12.70,12.70,true,1,
7296073411222,false,מרכך כביסה פריחת אביב 1ל,"סאסאטק אגש""ח בע""מ",IL,מרכך כביסה מרוכז,ליטרים,1.00,ליטר,false,1,12.70,12.70,true,1,
7296073411239,false,מרכך כביסה מרוכז מאסק1ל,,IL,מרכך כביסה מרוכז,ליטרים,1.00,ליטר,false,1,12.70,12.70,true,1,
7296073411246,false,מרכך מרוכז יסמין/לילך1ל,,IL,מרכך כביסה מרוכז,ליטרים,1.00,ליטר,false,1,12.70,12.70,true,1,
7296073412335,false,אגוזי קאשיו מסוכרים 150ג,ששון,IL,קאשיו מסוכר,גרמים,150.00,100 גרם,false,1,11.00,7.34,true,1,
7296073413233,false,חסה עגולה ארוזה,"משק אסף פרחי בע""מ",IL,חסה עגולה,גרמים,200.00,100 גרם,false,1,6.90,3.45,true,1,
7296073413257,false,חסה לבבות,"משק אסף פרחי בע""מ",IL,חסה לבבות,גרמים,350.00,100 גרם,false,1,9.90,2.83,true,1,
7296073413325,false,ביסקוויט שוקולד חלב150גר,,ES,ביסקוויט שוקולד,גרמים,150.00,100 גרם,false,1,7.60,5.07,true,1,
7296073413332,false,ביסקוויט שוקולד מריר150ג,,ES,ביסקוויט שוקולד,גרמים,150.00,100 גרם,false,1,7.60,5.07,true,1,
7296073413356,false,קפסולות roast dark ג50,DELICA,CH,קפסולות dark,גרמים,50.00,100 גרם,false,1,12.70,25.40,true,1,
7296073413424,false,צנונית,חבל מעון,IL,צנונית,גרמים,400.00,100 גרם,false,1,6.90,1.73,true,1,
7296073413721,false,שוקולד מריר 77% פרו100ג,פריי )שוקולד(,CH,שוקולד מריר 77%,גרמים,100.00,100 גרם,false,1,8.40,8.40,true,1,
7296073413769,false,שוקולד מריר 83% 100גרם,פריי )שוקולד(,CH,שוקולד מריר,גרמים,100.00,100 גרם,false,1,8.40,8.40,true,1,
7296073413844,false,צמד הודו עוף+סלמי 800 גר,,IL,צמדהודועוף+סלמי,גרמים,800.00,100 גרם,false,1,22.10,2.76,true,1,
7296073413929,false,קינואה אדומה זיפר 500 גר,מיה,IL,קינואה אדומה,גרמים,500.00,100 גרם,false,1,10.10,2.02,true,1,
7296073414278,false,עגבניות חתוכות דק 400*3ג,פריניר,IL,עגבניות חתוכות3*,קילוגרמים,1.20,"ק""ג",false,1,10.10,8.42,true,1,
7296073414759,false,שמנת מתוקה24%להקצפה250מל,מחלבת רמת-הגולן,IL,שמנת מתוקה,מיליליטרים,250.00,"100 מ""ל",false,1,5.20,2.08,true,1,
7296073414964,false,נוזל כלים היבסקוס 1ליטר,,IL,נוזל כלים היבסקו,ליטרים,1.00,ליטר,false,1,8.40,8.40,true,1,
7296073414971,false,נוזל כלים פרחי בר 1ליטר,,IL,נוזל כלים פרח בר,ליטרים,1.00,ליטר,false,1,8.40,8.40,true,1,
7296073414988,false,פלפלים ממולאים שופרסל400,אגה אזיר איסק סאניי,TR,פלפלים ממולאים,גרמים,400.00,100 גרם,false,1,6.70,1.68,true,1,
7296073414995,false,חצילים ממולאים שופרסל400,אגה אזיר איסק סאניי,TR,חצילים ממולאים,גרמים,400.00,100 גרם,false,1,6.70,1.68,true,1,
7296073415053,false,שוק.חלב+קרם אגוז לוז100ג,,CH,שוקולד ממולא קרם,גרמים,100.00,100 גרם,false,1,8.40,8.40,true,1,
7296073415077,false,28תחבושות נורמל עם כנפי,קוראטקס,DE,תחבושות B,יחידה,1.00,יחידה,false,1,10.60,10.60,true,1,
7296073415084,false,2תחבושות סופר+ עם כנפיים,קוראטקס,DE,תחבושות B,יחידה,1.00,יחידה,false,1,10.60,10.60,true,1,
7296073415114,false,מגני תחתון נורמל 60 יח,קוראטקס,DE,מגני תחתון B,יחידה,1.00,יחידה,false,1,11.00,11.00,true,1,
7296073415121,false,מגני תחתון לארג' 52 יחיד,קוראטקס,DE,מגני תחתון B,יחידה,1.00,יחידה,false,1,11.00,11.00,true,1,
7296073415138,false,44 מגני תחתון לונג,קוראטקס,DE,מגני תחתון B,יחידה,1.00,יחידה,false,1,11.00,11.00,true,1,
7296073415145,false,60מגני תחתון נערות נורמל,קוראטקס,DE,מגני תחתון B,יחידה,1.00,יחידה,false,1,11.00,11.00,true,1,
7296073415152,false,60מגני תחתון לנערות פלקס,קוראטקס,DE,מגני תחתון B,יחידה,1.00,יחידה,false,1,11.00,11.00,true,1,
7296073415336,false,טחינה עם שום בקבוק 300ג,,IL,טחינה עם שום,גרמים,300.00,100 גרם,false,1,12.70,4.23,true,1,
7296073415572,false,שניצלוני תירס צמחוני 650,"טיבון ויל אחזקות בע""\מ",IL,שניצלוני תירס צמ,גרמים,650.00,100 גרם,false,1,17.00,2.62,true,1,
7296073416012,false,תפוחונים קינמון 1+5מארז,,CN,תפוחונים 6 יח,גרמים,132.00,100 גרם,false,1,11.80,8.94,true,1,
7296073416036,false,פופקורן בטעם חמאה100*5גר,AST נובולוג,BG,פופקורן למיקרוגל,גרמים,500.00,100 גרם,false,1,10.10,2.02,true,1,
7296073416111,false,"מי קוקוס אננס 330 מ""ל",,VN,מי קוקוס אננס,מיליליטרים,330.00,"100 מ""ל",false,1,7.30,2.21,true,1,
7296073417422,false,מלפפון בייבי,משק גל,IL,מלפפון בייבי,גרמים,350.00,100 גרם,false,1,9.90,2.83,true,1,
7296073417439,false,קישוא זוקיני,משק גל,IL,קישוא זוקיני,קילוגרמים,0.00,"ק""ג",true,1,12.90,12.90,true,1,
7296073417446,false,פלפל מתוק,משק גל,IL,פלפל מתוק,גרמים,500.00,100 גרם,false,1,12.90,2.58,true,1,
7296073420330,false,פריכיות כוסמת ללא מלח160,,IL,פריכיות כוסמת,גרמים,160.00,100 גרם,false,1,8.40,5.25,true,1,
7296073420675,false,ביצי הפתעה יוניקורן20*3ג,SPA ZAINI LUIGI,IT,ביצי הפתעה יוניק,גרמים,60.00,100 גרם,false,1,11.00,18.33,true,1,
7296073420682,false,ביצי הפתעה Pups Mighty 3,SPA ZAINI LUIGI,IT,ביצי הפתעה,גרמים,60.00,100 גרם,false,1,11.00,18.33,true,1,
7296073421801,false,גבינת פרמזן30% 200ג שופר,אמברוסי,IT,גבינת פרמזן,גרמים,200.00,100 גרם,false,1,22.10,11.05,true,1,
7296073421825,false,גרנה פדנו29%שופרסל200ג,אמברוסי,IT,גרנה פדנו,גרמים,200.00,100 גרם,false,1,21.20,10.60,true,1,
7296073421832,false,גרנה פדנו מגורדת29% 100ג,אמברוסי,IT,גרנה פדנו מגורדת,גרמים,100.00,100 גרם,false,1,7.60,7.60,true,1,
7296073422211,false,שעועית ירוקה טרייה שטופה,גיזרונים,IL,שעועית ירוקה טרי,גרמים,410.00,100 גרם,false,1,14.90,3.63,true,1,
7296073422617,false,נבטי אלפלפא 120גרם,נבטי איילון,IL,נבטי אלפלפא,גרמים,120.00,100 גרם,false,1,6.90,5.75,true,1,
7296073422624,false,נבטי חמניות 150גרם,נבטי איילון,IL,נבטי חמניות,גרמים,150.00,100 גרם,false,1,8.90,5.93,true,1,
7296073422655,false,נבטים סיניים 220גרם,נבטי איילון,IL,נבטים סיניים,גרמים,220.00,100 גרם,false,1,6.90,3.14,true,1,
7296073422693,false,אנדיב / עולש,חוות תקוע,IL,אנדיב / עולש,גרמים,220.00,100 גרם,false,1,11.90,5.41,true,1,
7296073423126,false,לקט עלי סלנובה ועלי בייב,"פרסקו חצבה 2006 בע""\מ",IL,לקטסלנובה ובייבי,גרמים,200.00,100 גרם,false,1,11.90,5.95,true,1,
7296073423133,false,עלי חסה סלנובה שטופים,"פרסקו חצבה 2006 בע""\מ",IL,עלי חסה סלנובה,גרמים,200.00,100 גרם,false,1,11.90,5.95,true,1,
7296073423447,false,חטיף אגס 20 גרם,נוביפרוטס,PT,חטיף אגס,גרמים,20.00,100 גרם,false,1,4.10,20.50,true,1,
7296073423454,false,חטיף תפוח אדום 20 גרם,נוביפרוטס,PT,חטיף תפוח אדום,גרמים,20.00,100 גרם,false,1,4.10,20.50,true,1,
7296073423461,false,חטיף תפוח עץ וקינמון20ג,נוביפרוטס,PT,חטיף תפוח עץ,גרמים,12.00,100 גרם,false,1,4.10,34.17,true,1,
7296073423478,false,חטיף קוקוס מיובש 20 גרם,נוביפרוטס,PT,חטיף קוקוס,גרמים,20.00,100 גרם,false,1,4.10,20.50,true,1,
7296073423485,false,"חטיף תפו""ע 20 גרם",נוביפרוטס,PT,"חטיף תפו""ע",גרמים,20.00,100 גרם,false,1,4.10,20.50,true,1,
7296073423645,false,פתי בר שופרסל 300 גרם,BV BISCUIT PALLY,NL,פתי בר,גרמים,300.00,100 גרם,false,1,4.10,1.37,true,1,
7296073423652,false,קרקרים בסגנון איטלקי180ג,יורוסנאקס,IT,חטיפי מיני קרקר,גרמים,180.00,100 גרם,false,1,6.70,3.72,true,1,
7296073423669,false,קרקר שמן זית וזיתים180גר,יורוסנאקס,IT,חטיפי מיני קרקר,גרמים,180.00,100 גרם,false,1,6.70,3.72,true,1,
7296073423676,false,קרקרים מיני רוזמרין180ג,יורוסנאקס,IT,חטיפי מיני קרקר,גרמים,180.00,100 גרם,false,1,6.70,3.72,true,1,
7296073424376,false,חסה אורגני יחידה,,IL,חסה אורגני יחידה,יחידה,1.00,יחידה,false,1,5.90,5.90,true,1,
7296073424390,false,סלרי עלים אורני יחידה,,IL,סלרי עלים אורני,יחידה,1.00,יחידה,false,1,10.90,10.90,true,1,
7296073424406,false,בצל ירוק אורגני יחידה,,IL,בצל ירוק אורגני,יחידה,1.00,יחידה,false,1,8.90,8.90,true,1,
7296073424437,false,פטרוזיליה אורגני יחידה,,IL,פטרוזיליה אורגני,יחידה,1.00,יחידה,false,1,5.90,5.90,true,1,
7296073424543,false,תערובת עוגת וניל 560 גרם,י.כהן,IL,תערובת עוגת וניל,גרמים,560.00,100 גרם,false,1,11.90,2.13,true,1,
7296073424574,false,תערובת סופלה 250 גרם,"י. כהן בע""\מ",IL,תערובת סופלה,גרמים,250.00,100 גרם,false,1,12.70,5.08,true,1,
7296073424581,false,טורטיה קמח כוסמין 320גרם,PIP D.O.O,RS,טורטיה כוסמין,גרמים,320.00,100 גרם,false,1,9.30,2.91,true,1,
7296073424697,false,קוואקר ש.שועל בפחית500ג,ZO SP. POLSER,AE,קוואקר ש.שועל פח,גרמים,500.00,100 גרם,false,1,8.40,1.68,true,1,
7296073426523,false,חלב אורגני גרין 3% 1 ל,מחלבות רמת הגולן,IL,חלב אורגני גרין,ליטרים,1.00,ליטר,false,1,8.40,8.40,true,1,
7296073426530,false,חלב אורגני גרין 1% 1ליטר,מחלבות רמת הגולן,IL,חלב אורגני גרין,ליטרים,1.00,ליטר,false,1,8.40,8.40,true,1,
7296073426592,false,עוג.ללא גלוטן שוקו150ג,,IT,עוגיות ללא גלוטן,גרמים,150.00,100 גרם,false,1,10.10,6.73,true,1,
7296073426875,false,נוזל רצפות ספא ורוד 2 לי,זוהר דליה,IL,נוזל ניקוי רצפות,ליטרים,2.00,ליטר,false,1,13.50,6.75,true,1,
7296073427803,false,מטליות לרצפה מאסק10יח,פלסטו פוליש,IL,מטליות לרצפה,יחידה,1.00,יחידה,false,1,8.40,8.40,true,1,
7296073427810,false,מטליות רצפה לוונדר10יח,פלסטו פוליש,IL,מטליות לרצפה,יחידה,1.00,יחידה,false,1,8.40,8.40,true,1,
7296073428343,false,מסיר שומנים 1 ליטר,קומפלקס כימיקלים,IL,מסיר שומנים,ליטרים,1.00,ליטר,false,1,10.10,10.10,true,1,
7296073428497,false,בורקס פטריות שופרסל 800,גידרון,IL,בורקס פטריות,גרמים,800.00,100 גרם,false,1,15.30,1.91,true,1,
7296073428541,false,מיקס פירות יער חדש 300 ג,D.O.O LAKI,RS,מיקס פירות יער,גרמים,300.00,100 גרם,false,1,14.40,4.80,true,1,
7296073429005,false,מנקה ומבשם רצפות סגול 2ל,ספידי תעשיות,IL,מנקה רצפות סגול,ליטרים,2.00,ליטר,false,1,14.40,7.20,true,1,
7296073429012,false,מנקה ומבשם רצפות אדום 2ל,ספידי תעשיות,IL,מנקה ומבשם רצפות,ליטרים,2.00,ליטר,false,1,14.40,7.20,true,1,
7296073429029,false,מנקה ומבשם רצפות ירוק 2ל,ספידי תעשיות,IL,מנקה ומבשם רצפות,ליטרים,2.00,ליטר,false,1,14.40,7.20,true,1,
7296073429142,false,פיתה עגולה ללא גלוטן450ג,,IL,"פיתה קפואות לל""ג",גרמים,450.00,100 גרם,false,1,17.00,3.78,true,1,
7296073429234,false,ניקוי כללי+חומץ מרסס 1 ל,"סאסאטק אגש""ח בע""מ",IL,ניקוי כללי+חומץ,ליטרים,1.00,ליטר,false,1,11.80,11.80,true,1,
7296073429258,false,חיטוי+חומץ לאמבט מרסס750,"סאסאטק אגש""ח בע""מ",IL,חיטוי לאמבט מרסס,מיליליטרים,750.00,"100 מ""ל",false,1,12.70,1.69,true,1,
7296073429753,false,ניילון נצמד בחיתוך קל,,CN,ניילון נצמד,מטרים,150.00,מטר,false,1,17.00,0.11,true,1,
7296073429807,false,ממרח בזיליקום ואגוזים180,"פרסקו חצבה 2006 בע""\מ",IL,פסטו,גרמים,180.00,100 גרם,false,1,10.10,5.61,true,1,
7296073429821,false,ממרח זעתר 180 גרם,"פרסקו חצבה 2006 בע""\מ",IL,ממרח זעתר,גרמים,180.00,100 גרם,false,1,10.10,5.61,true,1,
7296073429838,false,סחוג אדום 180 גרם,"פרסקו חצבה 2006 בע""\מ",IL,סחוג אדום,גרמים,180.00,100 גרם,false,1,10.10,5.61,true,1,
7296073429890,false,"אורז בסמטי שופרסל 1 ק""ג",צמן,IN,אורז בסמטי,קילוגרמים,1.00,"ק""ג",false,1,9.30,9.30,true,1,
7296073429937,false,פדים קוסמטיים 40 יחידות,PRODUC UES DAILY JIEYANG,CN,פדים קוסמטיים,יחידה,1.00,יחידה,false,1,5.90,5.90,true,1,
7296073430605,false,קפסולות מס 13 לנספרסו50ג,DELICA,CH,קפסולות מס 13,גרמים,50.00,100 גרם,false,1,12.70,25.40,true,1,
7296073431114,false,רביולי תרד פרימיום 300 ג,פסטה נונה,IL,רביולי תרד פרימי,גרמים,300.00,100 גרם,false,1,16.10,5.37,true,1,
7296073431121,false,רביולי גבינה פרימיום 300,פסטה נונה,IL,רביולי גבינה פרי,גרמים,300.00,100 גרם,false,1,16.10,5.37,true,1,
7296073431138,false,רביולי בטטה פרימיום 300,פסטה נונה,,רביולי בטטה פרימ,יחידה,1.00,יחידה,false,0,16.10,16.10,true,1,
7296073431152,false,מיקס עגבניה שרי,עידו נחום,IL,מיקס עגבניות שרי,גרמים,460.00,100 גרם,false,1,9.90,2.15,true,1,
7296073431244,false,גאודה נטול לקטוז 150 גרם,,PL,גאודה נטול לקטוז,גרמים,150.00,100 גרם,false,1,6.40,4.27,true,1,
7296073431565,false,צלחות גדולות מקנה סוכר,,CN,צלחות מקנה סוכר,יחידה,1.00,יחידה,false,1,15.30,15.30,true,1,
7296073431589,false,צלחות קטנות מקנה סוכר,,CN,צלחת קנה סוכר,יחידה,1.00,יחידה,false,1,8.40,8.40,true,1,
7296073431596,false,מרקייה קנה סוכר 25 יחידו,,CN,מרקיות מקנה סוכר,יחידה,1.00,יחידה,false,1,12.70,12.70,true,1,
7296073431862,false,עוגת מאפין שוקו וניל500ג,גידרון,IL,עוגת מאפין שיש,גרמים,500.00,100 גרם,false,1,17.00,3.40,true,1,
7296073431879,false,עוגת מאפין שוקו צ'יפס500,גידרון,IL,מאפין שוקוצ'יפס,גרמים,500.00,100 גרם,false,1,17.00,3.40,true,1,
7296073431886,false,עוגת מאפין שוקולד 500גרם,גידרון,IL,מאפין טעם שוקו,גרמים,500.00,100 גרם,false,1,17.00,3.40,true,1,
7296073431893,false,עוגת מאפין אגוזים 500גרם,,IL,מאפין אגוזים,גרמים,550.00,100 גרם,false,1,17.00,3.09,true,1,
7296073431909,false,עוגת מאפין תפוח עץ500גרם,גידרון,IL,מאפין תפוח עץ,גרמים,500.00,100 גרם,false,1,17.00,3.40,true,1,
7296073432210,false,עוגת פס מוס בלגי פרווה .,גידרון,IL,עוגת מוס בלגי,יחידה,1.00,יחידה,false,1,40.90,40.90,true,1,
7296073432326,false,מטלית אנטיבקטראל למשטחים,LTD Y.B.T.C,CN,מטלית למשטחים,יחידה,1.00,יחידה,false,1,5.00,5.00,true,1,
7296073432883,false,ספגטי מס' 5 שופרסל 500 ג,מאנפאקטור,IT,ספגטי מס' 5,גרמים,500.00,100 גרם,false,1,5.00,1.00,true,1,
7296073432920,false,מטליות לניקוי והברקה 2יח,סדובסקי,CN,מטליות להברקה,יחידה,1.00,יחידה,false,1,8.40,8.40,true,1,
7296073432937,false,מטליות אנטיבקטריאליות2יח,סדובסקי,CN,מטליות מיקרו,יחידה,1.00,יחידה,false,1,9.30,9.30,true,1,
7296073432944,false,סט מטליות מיקרופייבר5יח,סדובסקי,CN,סט מטליות מיקרו,יחידה,1.00,יחידה,false,1,12.70,12.70,true,1,
7296073440055,false,מרכך כביסה מרוכז כחול2לי,גליל כימיקלים,IL,מרכך מרוכז כחול,ליטרים,2.00,ליטר,false,1,17.00,8.50,true,1,
7296073440093,false,ג'ל כביסה מרוכז כחול 5ל,גליל כימיקלים,IL,ג'ל כביסה פרשבלו,ליטרים,5.00,ליטר,false,1,32.30,6.46,true,1,
7296073440109,false,קפסולות לכביסה 36 יחידות,גליל כימיקלים בעמ,IL,קפסולות לכביסה,יחידה,1.00,יחידה,false,1,27.30,27.30,true,1,
7296073440956,false,קינואה שופרסל זיפר 500 ג,"הנמל אריזות ושיווק בע""\מ",PE,קינואה זיפר,גרמים,500.00,100 גרם,false,1,11.00,2.20,true,1,
7296073440963,false,"קינואה שופרסל זיפר 1 ק""ג","הנמל אריזות ושיווק בע""\מ",PE,קינואה זיפר,קילוגרמים,1.00,"ק""ג",false,1,19.50,19.50,true,1,
7296073441083,false,חמוציות ברכז תפוחים 200ג,ששון,US,חמוציות ברכז תפו,גרמים,200.00,100 גרם,false,1,12.70,6.35,true,1,
7296073441335,false,פריכיות אורז מלא 110 גרם,"פרח תעשיות מזון בע""\מ",IL,פריכיות אורז מלא,גרמים,110.00,100 גרם,false,1,5.10,4.64,true,1,
7296073441366,false,פריכיות חומוס וקינואה110,"פרח תעשיות מזון בע""\מ",IL,פריכיות חומוס,גרמים,110.00,100 גרם,false,1,8.40,7.64,true,1,
7296073441373,false,פריכיות חומוס וצ'יה110ג,"פרח תעשיות מזון בע""\מ",IL,פריכיות חומוס,גרמים,110.00,100 גרם,false,1,8.40,7.64,true,1,
7296073441625,false,ג'ל רחצה לגבר 3 ב1- 700מ,טאהא קימיה,,ג'ל רחצה לגבר,יחידה,1.00,יחידה,false,0,7.60,7.60,true,1,
7296073441885,false,כריות יפניות אנטיבקטריאל,פלסטו פוליש,IL,כריות יפניות,יחידה,1.00,יחידה,false,1,8.40,8.40,true,1,
7296073442219,false,כדורי דגנים חום לבן500גר,CERERA,LT,כדורי דגנים,גרמים,500.00,100 גרם,false,1,10.60,2.12,true,1,
7296073442226,false,צדפים דגנים ט.שוקולד500ג,CERERA,LT,דגנים צדפים,גרמים,500.00,100 גרם,false,1,10.60,2.12,true,1,
7296073442240,false,כדורי דגנים חום לבן 50גר,CERERA,LT,כדורי דגנים,גרמים,50.00,100 גרם,false,1,4.10,8.20,true,1,
7296073442257,false,צדפים דגנים ט.שוקולד50ג,CERERA,LT,צדפים דגנים,גרמים,50.00,100 גרם,false,1,4.10,8.20,true,1,
7296073442349,false,סילאן טבעי לחיץ שופר840ג,"טעמי הגליל בע""\מ",IL,סילאן לחיץ,גרמים,840.00,100 גרם,false,1,18.70,2.23,true,1,
7296073444145,false,"תמר מג'הול מעולה 1ק""ג",הדיקלאים,IL,תמר מג'הול מעולה,קילוגרמים,1.00,"ק""ג",false,1,26.90,26.90,true,1,
7296073444190,false,ברוקולי 350גרם,מרינה,IL,ברוקולי,גרמים,350.00,100 גרם,false,1,10.90,3.11,true,1,
7296073444213,false,52 חיתולים שלב 3 שופרסל,די.פי.אל תעשיות מוצרים ח,IL,חיתולים שופרסל,יחידה,1.00,יחידה,false,1,25.50,25.50,true,1,
7296073444220,false,42 חיתולים שלב 4 שופרסל,די.פי.אל תעשיות מוצרים ח,IL,חיתולים שופרסל,יחידה,1.00,יחידה,false,1,25.50,25.50,true,1,
7296073444237,false,40חיתולים שלב 4+ שופרסל,די.פי.אל תעשיות מוצרים ח,IL,חיתולים שופרסל,יחידה,1.00,יחידה,false,1,25.50,25.50,true,1,
7296073444244,false,34 חיתולים שלב 5 שופרסל,די.פי.אל תעשיות מוצרים ח,IL,חיתולים שופרסל,יחידה,1.00,יחידה,false,1,25.50,25.50,true,1,
7296073444251,false,30 חיתולים שלב 6 שופרסל,די.פי.אל תעשיות מוצרים ח,IL,חיתולים שופרסל,יחידה,1.00,יחידה,false,1,25.50,25.50,true,1,
7296073444381,false,גב.פסטו ירוק הולנדית200ג,הנרי ויליך,NL,גאודה פסטו ירוק,גרמים,200.00,100 גרם,false,1,19.50,9.75,true,1,
7296073444411,false,נייר טואלט דו שכבתי40גל,שניב תעשיות נייר,,נייר טואלט 40גל,יחידה,1.00,יחידה,false,0,51.20,51.20,true,1,
7296073444657,false,עוגיות קרם תות,גידרון,IL,עוגיות קרם תות,גרמים,500.00,100 גרם,false,1,13.50,2.70,true,1,
7296073445159,false,תחתיות ארטישוק 400 גרם,INDUSTRY FOOD FOR SILVA,EG,תחתיות ארטישוק,גרמים,400.00,100 גרם,false,1,11.00,2.75,true,1,
7296073445166,false,במיה קפואה 600 גרם,INDUSTRY FOOD FOR SILVA,IL,במיה 600 גרם,גרמים,600.00,100 גרם,false,1,11.00,1.83,true,1,
7296073445401,false,"תרחיץ פנים גרגירי150 מ""ל",קוסמטיקס,TR,תרחיץ פנים מיסלר,מיליליטרים,150.00,"100 מ""ל",false,1,9.30,6.20,true,1,
7296073445500,false,סבון ידיים Way Milky 500,טאהא קימיה,,סבון ידיים+משאבה,יחידה,1.00,יחידה,false,0,8.40,8.40,true,1,
7296073445524,false,סבון ידיים Northern מ500,טאהא קימיה,,סבון ידיים+משאבה,יחידה,1.00,יחידה,false,0,4.10,4.10,true,1,
7296073445548,false,"מכשיר גילוח ר""פ לנשים2+",EDGEWELL,US,מ.גילוח לנשים,יחידה,1.00,יחידה,false,1,29.80,29.80,true,1,
7296073445555,false,סכיני גילוח רב''פ לנשים,EDGEWELL,US,סכיני גילוח נשים,יחידה,1.00,יחידה,false,1,25.50,25.50,true,1,
7296073445692,false,"מחית תפו""ע בננה שופרסל90",DELAFRUIT,ES,"מחית תפו""ע ובננה",גרמים,90.00,100 גרם,false,1,4.10,4.56,true,1,
7296073446262,false,ממרח קשיו 300 גרם,ג'י אנד ג'י,IL,ממרח קשיו,גרמים,300.00,100 גרם,false,1,25.50,8.50,true,1,
7296073447108,false,קמח עמילן ללא גלוטן500,,IT,קמח בסיס עמילן,גרמים,500.00,100 גרם,false,1,12.70,2.54,true,1,
7296073447528,false,קרקר עגבניות ובזיליקו105,אלביסקו,GR,קרקר עגבניות,גרמים,105.00,100 גרם,false,1,5.90,5.62,true,1,
7296073447535,false,קרקר תרד ושמיר 105 גרם,אלביסקו,GR,קרקר תרד ושמיר,גרמים,105.00,100 גרם,false,1,5.90,5.62,true,1,
7296073447917,false,מגבונים לחיטוי וניקוי400,סאסאטק,IL,מגבונים לחיטוי,יחידה,1.00,יחידה,false,1,25.50,25.50,true,1,
7296073447955,false,גלידה בטעם טירמיסו,פלקו,IL,גלידת טירמיסו,ליטרים,1.40,ליטר,false,1,15.30,10.93,true,1,
7296073448105,false,חטיף ש.שועל+קינמון42*5ג,"אפקטבעי בע""\מ",IL,חטיף שבולת שועל,גרמים,210.00,100 גרם,false,1,11.80,5.62,true,1,
7296073448112,false,חטיף ש.שועל+דבש42*5ג,"אפקטבעי בע""\מ",IL,חטיף שבולת שועל,גרמים,210.00,100 גרם,false,1,11.80,5.62,true,1,
7296073448129,false,חטיף ש.שועל+מייפל42*5ג,"אפקטבעי בע""\מ",IL,חטיף שבולת שועל,גרמים,210.00,100 גרם,false,1,11.80,5.62,true,1,
7296073448136,false,חטיף ש.שועל שוק.מריר42*5,"אפקטבעי בע""\מ",IL,חטיף שבולת שועל,גרמים,210.00,100 גרם,false,1,11.80,5.62,true,1,
7296073448150,false,מברשת לבקבוק מוסקו,פולסוס,CN,מברשת בקבוקים,יחידה,1.00,יחידה,false,1,9.30,9.30,true,1,
7296073448488,false,"Be שמפו לילדים 700 מ""ל",BFF,TR,Be שמפו לילדים,מיליליטרים,700.00,"100 מ""ל",false,1,9.30,1.33,true,1,
7296073449119,false,"תחליב רחצה לנערות 700מ""ל",BFF,TR,תחליב רחצה,מיליליטרים,700.00,"100 מ""ל",false,1,10.90,1.56,true,1,
7296073449126,false,"שמפו לנערות 700 מ""ל",BFF,TR,שמפו לנערות 700,מיליליטרים,700.00,"100 מ""ל",false,1,10.90,1.56,true,1,
7296073449133,false,"מרכך לנערות 700 מ""ל",BFF,TR,מרכך לנערות 700,מיליליטרים,700.00,"100 מ""ל",false,1,10.90,1.56,true,1,
7296073449492,false,מגבוני בייבי 64*10 יח,דינמיק,IL,מגבוני בייבי 10*,יחידה,1.00,יחידה,false,1,32.30,32.30,true,1,
7296073449508,false,מגבוני ניו בורן 64*4,דינמיק,IL,מגבוני ניו בורן,יחידה,1.00,יחידה,false,1,17.00,17.00,true,1,
7296073449515,false,מגבונים עם שמן שקדים64*4,דינמיק,IL,מגבוני בייבי,יחידה,1.00,יחידה,false,1,17.00,17.00,true,1,
7296073449881,false,מגבות נייר גליל כפול 6יח,שניב תעשיות נייר,IL,מגבות נייר,מטרים,130.00,מטר,false,1,16.10,0.12,true,1,
7296073450320,false,מנגו תות תמר קפוא לשייק,D.O.O LAKI,RS,מנגו תות תמר קפו,גרמים,450.00,100 גרם,false,1,17.00,3.78,true,1,
7296073450726,false,פריכי.משולש פלפל שחור30ג,"פרח תעשיות מזון בע""\מ",IL,פריכיות משולשים,גרמים,30.00,100 גרם,false,1,3.30,11.00,true,1,
7296073450733,false,פריכיות משולש ברביקיו30ג,"פרח תעשיות מזון בע""\מ",IL,פריכיות משולשים,גרמים,30.00,100 גרם,false,1,3.30,11.00,true,1,
7296073450740,false,פריכיות משולשים ט.טבעי30,"פרח תעשיות מזון בע""\מ",IL,פריכיות משולשים,גרמים,30.00,100 גרם,false,1,3.30,11.00,true,1,
7296073450771,false,לקט קפוא דלעת גזר גמדי,פרי גליל,IL,לקט קפוא דלעת גז,גרמים,800.00,100 גרם,false,1,16.10,2.01,true,1,
7296073451044,false,3 מפות אל בד חלק 120*180,,CN,מפות אל בד,יחידה,1.00,יחידה,false,1,17.00,17.00,true,1,
7296073451174,false,סינרי בנדנה 2 יחידות,SUN,CN,זוג סינרי בנדנה,יחידה,1.00,יחידה,false,1,13.50,13.50,true,1,
7296073451471,false,מלוואח ללא גלוטן 500 גרם,גידרון,IL,מלוואח ללא גלוטן,גרמים,400.00,100 גרם,false,1,19.50,4.88,true,1,
7296073451518,false,בורקס גבינה ל.גלוטן500ג,גידרון,IL,בורקס גבינה,גרמים,500.00,100 גרם,false,1,20.40,4.08,true,1,
7296073451914,false,פסטו בזיליקום שופרסל,"פרסקו חצבה 2006 בע""\מ",IL,פסטו בזיליקום שו,גרמים,180.00,100 גרם,false,1,11.80,6.56,true,1,
7296073451921,false,פסטו כוסברה שופרסל,"פרסקו חצבה 2006 בע""\מ",IL,פסטו כוסברה שופר,גרמים,180.00,100 גרם,false,1,11.80,6.56,true,1,
7296073451938,false,טפנד זיתים שחורים שופרסל,"פרסקו חצבה 2006 בע""\מ",IL,טפנד זיתים שחורי,גרמים,180.00,100 גרם,false,1,11.80,6.56,true,1,
7296073451945,false,טפנד זיתים ירוקים שופרסל,"פרסקו חצבה 2006 בע""\מ",IL,טפנד זיתים ירוקי,גרמים,180.00,100 גרם,false,1,11.80,6.56,true,1,
7296073451952,false,ממרח שום שופרסל 180 גרם,"פרסקו חצבה 2006 בע""\מ",IL,ממרח שום שופרסל,גרמים,180.00,100 גרם,false,1,11.80,6.56,true,1,
7296073451969,false,ממרח פלפלים שופרסל 180 ג,"פרסקו חצבה 2006 בע""\מ",IL,ממרח פלפלים שופר,גרמים,180.00,100 גרם,false,1,11.80,6.56,true,1,
7296073451976,false,ממרח עגבניות שופרסל,"פרסקו חצבה 2006 בע""\מ",IL,ממרח עגבניות שופ,גרמים,180.00,100 גרם,false,1,11.80,6.56,true,1,
7296073451983,false,ממרח קרם ארטישוק שופרסל,"פרסקו חצבה 2006 בע""\מ",IL,ממרח קרם ארטישוק,גרמים,180.00,100 גרם,false,1,11.80,6.56,true,1,
7296073451990,false,ממרח צ'ימיצ'ורי שופרסל,"פרסקו חצבה 2006 בע""\מ",IL,ממרח צ'ימיצ'ורי,גרמים,180.00,100 גרם,false,1,11.80,6.56,true,1,
7296073452546,false,אוכמניות כחולות קפואות 3,D.O.O LUKOWA,RS,אוכמניות כחולות,גרמים,300.00,100 גרם,false,1,14.40,4.80,true,1,
7296073452577,false,מרשמלו ורוד לבן 180 גרם,"כרמית מזון בע""\מ",IL,מרשמלו ורוד לבן,גרמים,180.00,100 גרם,false,1,5.00,2.78,true,1,
7296073452584,false,מרשמלו טוויסטר 180 גרם,"כרמית מזון בע""\מ",IL,מרשמלו טוויסטר,גרמים,180.00,100 גרם,false,1,5.00,2.78,true,1,
7296073452645,false,גזר צבעוני,גזר שליט,IL,גזר צבעוני,גרמים,630.00,100 גרם,false,1,6.90,1.10,true,1,
7296073453932,false,אורז בסגנון מקסיקני250ג,מניופקטר,FR,תבשיל אורז,גרמים,250.00,100 גרם,false,1,6.70,2.68,true,1,
7296073453949,false,בורגול בסג.ים תיכוני250ג,מניופקטר,FR,תבשיל בורגול,גרמים,250.00,100 גרם,false,1,6.70,2.68,true,1,
7296073453956,false,אורז בסגנון הודי 250 גרם,מניופקטר,FR,אורז בסגנון הודי,גרמים,250.00,100 גרם,false,1,6.70,2.68,true,1,
7296073453970,false,שניצל עוף אמיתי מעודן,מילועוף,IL,שניצל עוף אמיתי,גרמים,700.00,100 גרם,false,1,22.90,3.27,true,1,
7296073453994,false,שניצל עוף דק בציפוי פריך,מילועוף,IL,שניצל עוף דק בצי,גרמים,700.00,100 גרם,false,1,22.90,3.27,true,1,
7296073454052,false,שוק.חלב שבבי פיסטוק100ג,"שוקולד פריי בע""מ",CH,שוקולד פרימיום,גרמים,100.00,100 גרם,false,1,8.40,8.40,true,1,
7296073454274,false,יוגורט BIO אורגני3% 180ג,מחלבות רמת הגולן,IL,יוגורט ביו 3%,גרמים,180.00,100 גרם,false,1,3.50,1.94,true,1,
7296073454441,false,זית ירוק ממולא שום70ג,מניופקטר,GR,זיתים ממולאים,גרמים,70.00,100 גרם,false,1,5.00,7.14,true,1,
7296073454458,false,זיתים ירוקים 70 גרם,מניופקטר,GR,זיתים ירוקים,גרמים,70.00,100 גרם,false,1,5.00,7.14,true,1,
7296073454472,false,מיקס זיתים שחור וירוק70ג,מניופקטר,GR,מיקס זיתים,גרמים,70.00,100 גרם,false,1,5.00,7.14,true,1,
7296073454885,false,נייר אפייה 100יח 38X42סמ,,PL,נייר אפייה,יחידה,1.00,יחידה,false,1,18.70,18.70,true,1,
7296073455356,false,טרליני בטעם טבעי 400 גרם,ATLANTE,IT,טרליני בטעם טבעי,גרמים,400.00,100 גרם,false,1,11.00,2.75,true,1,
7296073455387,false,טרליני עם שומר 400 גרם,ATLANTE,IT,טרליני עם שומר,גרמים,400.00,100 גרם,false,1,11.00,2.75,true,1,
7296073455417,false,טרליני בטעם בצל 400 גרם,ATLANTE,IT,טרליני בטעם בצל,גרמים,400.00,100 גרם,false,1,11.00,2.75,true,1,
7296073456360,false,עוגת גבינה פרורים 92*2גר,עדן קינוחים,IL,עוגת גבינה זוג,גרמים,184.00,100 גרם,false,1,11.00,5.98,true,1,
7296073457237,false,שוקולד עם עוגיות 100 גרם,דליקה,CH,שוקולד עם עוגיות,גרמים,100.00,100 גרם,false,1,4.20,4.20,true,1,
7296073457244,false,שוקולד חלב קורנפלקס 100ג,דליקה,CH,שוקולד חלב,גרמים,100.00,100 גרם,false,1,4.20,4.20,true,1,
7296073457268,false,שוקולד חלב+נוגט וקרמל100,דליקה,CH,שוקולד חלב,גרמים,100.00,100 גרם,false,1,4.20,4.20,true,1,
7296073457572,false,עוגת גבינה אוכמניות92*2ג,עדן קינוחים,IL,עוגת גבינה זוג,גרמים,184.00,100 גרם,false,1,11.00,5.98,true,1,
7296073458036,false,תירס גמדי שלם במי מלח425,מאנפאקטור,TH,תירס גמדי שלם,גרמים,425.00,100 גרם,false,1,5.00,1.18,true,1,
7296073459262,false,"אל סבון לתינוק 750מ""ל",BFF,TR,אל סבון לתינוק,מיליליטרים,750.00,"100 מ""ל",false,1,14.40,1.92,true,1,
7296073459279,false,"תחליב רחצה לתינוק 750מ""ל",BFF,TR,ת.רחצה לתינוק,מיליליטרים,750.00,"100 מ""ל",false,1,14.40,1.92,true,1,
7296073459286,false,"שמפו לתינוק 750 מ""ל",BFF,TR,שמפו לתינוק,מיליליטרים,750.00,"100 מ""ל",false,1,14.40,1.92,true,1,
7296073459309,false,ציפס בטטה זיגזג שופרסל,"תעשיות תפוגן בע""\מ",IL,ציפס בטטה זיגזג,גרמים,500.00,100 גרם,false,1,14.40,2.88,true,1,
7296073459316,false,מרסס לניקוי עם סודה 1 ל,סאסאטק,IL,מרסס לניקוי כללי,ליטרים,1.00,ליטר,false,1,11.80,11.80,true,1,
7296073459620,false,"צלחת גדולה ""10 שקופה 50",,TR,צלחת גדולה,יחידה,1.00,יחידה,false,1,33.30,33.30,true,1,
7296073459637,false,"צלחת גדולה ""9 שקופה 75יח",,TR,צלחת גדולה,יחידה,1.00,יחידה,false,1,33.30,33.30,true,1,
7296073459644,false,"צלחת קטנה ""7 שקופה100יח",,TR,צלחת קטנה,יחידה,1.00,יחידה,false,1,33.30,33.30,true,1,
7296073459651,false,צלחת מרק שקופה100יח,,TR,צלחת מרק,יחידה,1.00,יחידה,false,1,33.30,33.30,true,1,
7296073461975,false,בייגלה עם דבש 200 גרם,אלקה קו,RO,בייגלה עם דבש,גרמים,200.00,100 גרם,false,1,8.50,4.25,true,1,
7296073462552,false,סט צלחות מהודרות לבן/קרם,,CN,סט צלחות,יחידה,1.00,יחידה,false,1,34.10,34.10,true,1,
7296073472797,false,"קמח חיטה לבן מנופה 1 ק""ג","שטיבל בע""\מ",IL,קמח לבן מנופה,קילוגרמים,1.00,"ק""ג",false,1,5.90,5.90,true,1,
7296073472827,false,"קמח תופח לבן מנופה 1 ק""ג","שטיבל בע""\מ",IL,קמח תופח מנופה,קילוגרמים,1.00,"ק""ג",false,1,7.60,7.60,true,1,
7296073472841,false,"קמח חיטה מלא מנופה 1 ק""ג","שטיבל בע""\מ",IL,קמח חיטה מלאה,קילוגרמים,1.00,"ק""ג",false,1,7.60,7.60,true,1,
7296073473466,false,סילאן אורגני לחיץ 470 ג,,AE,סילאן אורגני,גרמים,470.00,100 גרם,false,1,16.10,3.43,true,1,
7296073473497,false,בולגרית מעודנת 5% 250 גר,מחלבות רמת הגולן,IL,בולגרית מעודנת,גרמים,250.00,100 גרם,false,1,15.20,6.08,true,1,
7296073473503,false,בולגרית 5% שופרסל 250 גר,מחלבות רמת הגולן,IL,גבינה בולגרית,גרמים,250.00,100 גרם,false,1,15.20,6.08,true,1,
7296073473510,false,בולגרית 16% שופרסל 250 ג,מחלבות רמת הגולן,IL,גבינה בולגרית,גרמים,250.00,100 גרם,false,1,15.20,6.08,true,1,
7296073473527,false,צפתית5% מעודנת שופרסל200,מחלבות רמת הגולן,IL,צפתית 5% מעודנת,גרמים,200.00,100 גרם,false,1,9.30,4.65,true,1,
7296073473596,false,פיתה ציפס בטעם טבעי 90 ג,SRL ONE,IT,פיתה ציפס,גרמים,90.00,100 גרם,false,1,5.00,5.56,true,1,
7296073473602,false,פיתה ציפס בטעם פפריקה90ג,SRL ONE,IT,פיתה צ'יפס,גרמים,90.00,100 גרם,false,1,5.00,5.56,true,1,
7296073473619,false,"צלחת דקל עגול 25 ס""מ 10",,IN,צלחת דקל,יחידה,1.00,יחידה,false,1,17.00,17.00,true,1,
7296073473626,false,"צלחות דקל עגול 20 ס""מ",,IN,צלחת דקל,יחידה,1.00,יחידה,false,1,13.50,13.50,true,1,
7296073473657,false,שקדי מרק ללא גלוטן 200 ג,"חיים טובים מזון בע""\מ",IL,שקדי מרק ל.גלוטן,גרמים,200.00,100 גרם,false,1,11.00,5.50,true,1,
7296073473800,false,ספגטי קונג'אק ל.גלוטן270,MORNING EASTERN SICHUAN,CN,ספגטי קונג'אק,גרמים,270.00,100 גרם,false,1,8.40,3.11,true,1,
7296073473817,false,פטוציני קונג'אק 270 גרם,MORNING EASTERN SICHUAN,CN,פטוצ'יני קונג'אק,גרמים,270.00,100 גרם,false,1,8.40,3.11,true,1,
7296073473886,false,משקה סויה מתוק.מעודן1ל,,ES,משקה סויה אורגני,ליטרים,1.00,ליטר,false,1,10.10,10.10,true,1,
7296073473909,false,תרסיס שמן קנולה שופר150מ,מאנפקטור,ES,תרסיס שמן,מיליליטרים,150.00,"100 מ""ל",false,1,12.70,8.47,true,1,
7296073473916,false,תרסיס שמן זית כתית 150 מ,מאנפקטור,ES,תרסיס שמן,מיליליטרים,150.00,"100 מ""ל",false,1,12.70,8.47,true,1,
7296073473923,false,תרסיס שמן בטעם חמאה 150,מאנפקטור,ES,תרסיס שמן,מיליליטרים,150.00,"100 מ""ל",false,1,10.10,6.74,true,1,
7296073484004,false,שמן קנולה מזוכך 1 ליטר,בורחס,ES,שמן קנולה מזוכך,ליטרים,1.00,ליטר,false,1,8.40,8.40,true,1,
7296073484059,false,שמן סויה שופרסל 1 ליטר,סובנה,PT,שמן סויה,ליטרים,1.00,ליטר,false,1,9.30,9.30,true,1,
7296073484462,false,"תחליב ושמפו 2 ב1- 750מ""ל",BFF,TR,תחליב ושמפו 2 ב1,מיליליטרים,750.00,"100 מ""ל",false,1,14.40,1.92,true,1,
7296073484479,false,קפסולות לכביסה22 יחידות,גליל כימיקלים בעמ,IL,קפסולות לכביסה,יחידה,1.00,יחידה,false,1,17.00,17.00,true,1,
7296073484585,false,גאודה עזים יישון שנה200ג,הנרי ויליך,NL,גאודה עיזים,גרמים,200.00,100 גרם,false,1,21.20,10.60,true,1,
7296073484592,false,גאודה בקר יישון שנה200ג,הנרי ויליך,NL,גאודה בקר מיושנת,גרמים,200.00,100 גרם,false,1,19.50,9.75,true,1,
7296073484776,false,2כריות ניקוי כלי נירוסטה,"סדובסקי בע""\מ",IL,כריות ניקוי 2 יח,יחידה,1.00,יחידה,false,1,6.70,6.70,true,1,
7296073484783,false,תמצית וניל לאפייה 30 מל,מיה,IL,תמצית וניל אמיתי,מיליליטרים,30.00,"100 מ""ל",false,1,18.70,62.33,true,1,
7296073484981,false,קרם קוקוס 24%-22% 500מל,תאי קוקונט אל טי די,TH,קרם קוקוס,מיליליטרים,500.00,"100 מ""ל",false,1,9.30,1.86,true,1,
7296073484998,false,נוזל קוקוס 18%-17% 500גר,תאי קוקונט אל טי די,TH,נוזל קוקוס,מיליליטרים,500.00,"100 מ""ל",false,1,8.50,1.70,true,1,
7296073485001,false,קצפת קוקוס 500 גרם,תאי קוקונט אל טי די,TH,קצפת קוקוס,מיליליטרים,400.00,"100 מ""ל",false,1,10.10,2.53,true,1,
7296073485018,false,מיוקטשופ 430 גרם,אסיור,ES,מיוקטשופ,גרמים,430.00,100 גרם,false,1,9.30,2.16,true,1,
7296073485070,false,מפיץ ריח chill ונילה מאס,דרימי,IL,מפיץ ריח chill ו,מיליליטרים,500.00,"100 מ""ל",false,1,68.20,13.64,true,1,
7296073485100,false,נר ווד ספייסי שחור,דרימי,IL,נר ווד ספייסי שח,גרמים,200.00,100 גרם,false,1,42.60,21.30,true,1,
7296073485117,false,נר ואנילה מאסק לבן 450 ג,דרימי,IL,נר ואנילה מאסק ל,גרמים,450.00,100 גרם,false,1,59.70,13.27,true,1,
7296073485148,false,מבשם בית ווד ספייסי 200,דרימי,IL,מבשם בית ווד ספי,מיליליטרים,200.00,"100 מ""ל",false,1,34.10,17.05,true,1,
7296073485636,false,גרנולה בתוספת בוטנים300ג,"אפקטבעי בע""\מ",IL,גרנולה סויה,גרמים,300.00,100 גרם,false,1,14.40,4.80,true,1,
7296073495758,false,חסה לאליק הידרופונית,יגור חקלאות ועסקים,IL,חסה לאליק הידרופ,גרמים,190.00,100 גרם,false,1,12.90,6.79,true,1,
7296073495826,false,טופו צ'ילי גרין 300 גרם,משק ויילר,IL,טופו צ'ילי גרין,גרמים,300.00,100 גרם,false,1,10.60,3.53,true,1,
7296073495857,false,טופו אורגני רך 300 גרם,"משק ויילר בע""\מ",IL,טופו אורגני,גרמים,300.00,100 גרם,false,1,11.00,3.67,true,1,
7296073495925,false,קרם גוף מבשם passio Deep,א.משי תעשיות,IL,קרם גוף מבשם Dee,מיליליטרים,300.00,"100 מ""ל",false,1,42.60,14.20,true,1,
7296073496090,false,חט.פריכונים עם דבש80גרם,NETHERLANDS SANORICE,BE,חטיפי פריכונים,גרמים,80.00,100 גרם,false,1,5.50,6.88,true,1,
7296073496113,false,בצק פילו 500 גרם,ARABATZIS,GR,בצק פילו 500 גרם,גרמים,500.00,100 גרם,false,1,10.10,2.02,true,1,
7296073496144,false,זית ירוק נטולי גלעין390ג,"בית השיטה תעשיות בע""\מ",IL,זיתים ירוקים,גרמים,390.00,100 גרם,false,1,5.90,1.51,true,1,
7296073496151,false,זית קלמטה נטולי גלעין560,"בית השיטה תעשיות בע""\מ",IL,זיתי קלמטה,גרמים,560.00,100 גרם,false,1,9.30,1.66,true,1,
7296073496168,false,זיתים מרוקאי 340 גרם,"בית השיטה תעשיות בע""\מ",IL,זיתים מרוקאי,גרמים,340.00,100 גרם,false,1,9.30,2.74,true,1,
7296073496304,false,WOW קראנץ קרמל מלוח 90גר,INNOVATION WAWI,DE,WOW קראנץ קרמל,גרמים,90.00,100 גרם,false,1,8.40,9.33,true,1,
7296073496311,false,WOW קראנץ קרמל/טופי 90גר,INNOVATION WAWI,DE,WOW קראנץ ט.קרמל,גרמים,90.00,100 גרם,false,1,8.40,9.33,true,1,
7296073496328,false,WOW מריר נוגט ולוז 90גרם,INNOVATION WAWI,DE,WOW מריר נוגט,גרמים,90.00,100 גרם,false,1,8.40,9.33,true,1,
7296073496335,false,טבלת קראנץ בטעם תפוז 90,INNOVATION WAWI,DE,WOW שוקולד תפוז,גרמים,90.00,100 גרם,false,1,8.40,9.33,true,1,
7296073496342,false,WOW ק.בוטנים+פיצפוצים110,INNOVATION WAWI,DE,WOW ק.בוטנים,גרמים,110.00,100 גרם,false,1,8.50,7.73,true,1,
7296073496472,false,מגבוני נייר טואלט 56 יחי,דינמיק תעשיות מגבונים,IL,מגבוני נ.טואלט,יחידה,1.00,יחידה,false,1,5.90,5.90,true,1,
7296073496489,false,שעועית אדומה מושרית מבוש,פרי גליל,IL,שעועית אדומה מבו,גרמים,800.00,100 גרם,false,1,13.50,1.69,true,1,
7296073496496,false,עדשים ירוקות מבושלות 800,פרי גליל,IL,עדשים ירוקות מבו,גרמים,800.00,100 גרם,false,1,13.50,1.69,true,1,
7296073496601,false,קרם קוקוס אורגני 500 גרם,COCONUT THAI,TH,קרם קוקוס אורגני,מיליליטרים,500.00,"100 מ""ל",false,1,12.70,2.54,true,1,
7296073496625,false,מגבונים לחיטוי+ניקוי250י,סאסאטק,IL,מגבוני ניקוי דלי,יחידה,1.00,יחידה,false,1,18.70,18.70,true,1,
7296073496717,false,"דקל מלבני 16*10 ס""מ 10 י",,CN,צלחת דקל,יחידה,1.00,יחידה,false,1,12.70,12.70,true,1,
7296073496724,false,"דקל קאנו 20 ס""מ 5 יחידות",,CN,דקל קאנו,יחידה,1.00,יחידה,false,1,12.70,12.70,true,1,
7296073496731,false,"דקל אובלי 36 ס""מ 3 יחידו",,CN,דקל אובלי,יחידה,1.00,יחידה,false,1,12.70,12.70,true,1,
7296073496748,false,"מגש דקל מלבני 34*26 ס""מ",,CN,מגש דקל,יחידה,1.00,יחידה,false,1,12.70,12.70,true,1,
7296073496779,false,"כף עץ 20 ס""מ 25 יחידות",,CN,כף דקל,יחידה,1.00,יחידה,false,1,8.40,8.40,true,1,
7296073496793,false,תמרים דחוסים ללא חרצנים,"טעמי הגליל בע""\מ",IL,תמר דחוס,גרמים,500.00,100 גרם,false,1,11.80,2.36,true,1,
7296073496816,false,עגבניות מרוסקות400*3ג,S.P.A DAVIA,IT,עגבניות מרוסק3יח,קילוגרמים,1.20,"ק""ג",false,1,15.30,12.75,true,1,
7296073496823,false,עגבניות אורג.קוביות400ג,S.P.A DAVIA,IT,עגבניות אורגניות,גרמים,400.00,100 גרם,false,1,3.30,0.83,true,1,
7296073496830,false,עגבנ.אורגניות מקולפות400,S.P.A DAVIA,IT,עגבניות אורגניות,גרמים,400.00,100 גרם,false,1,3.30,0.83,true,1,
7296073496892,false,ממרח טחינה שקדים340ג,ענבי ציון,IL,ממרח טחינה,גרמים,340.00,100 גרם,false,1,28.10,8.26,true,1,
7296073497240,false,תערובת להכנת פוקצ'ה300גר,"י. כהן בע""\מ",IL,תערובת לפוקצה,גרמים,300.00,100 גרם,false,1,12.70,4.23,true,1,
7296073497257,false,תערובת להכנת פיצה 300 גר,"י. כהן בע""\מ",IL,תערובת הכנת פיצה,גרמים,300.00,100 גרם,false,1,12.70,4.23,true,1,
7296073497288,false,פריכיות אורז פיקנטי 150ג,ששון ושות,CN,פריכיות אורז,גרמים,150.00,100 גרם,false,1,10.10,6.73,true,1,
7296073497301,false,חטיף סויה קריספי 150גרם,ששון ושות,CN,חטיף סויה קריספי,גרמים,150.00,100 גרם,false,1,10.10,6.73,true,1,
7296073497318,false,פול מטוגן 150גרם,ששון ושות,CN,פול מטוגן 150גרם,גרמים,150.00,100 גרם,false,1,10.10,6.73,true,1,
7296073497448,false,פצפוצי אורז 450 גרם,אשבול,IL,פצפוצי אורז,גרמים,450.00,100 גרם,false,1,14.40,3.20,true,1,
7296073497622,false,עוגיות קרמבו שוקו 200 גר,"אפיפית נצרת (1971) בע""\מ",IL,עוגיות בטעם שוקו,גרמים,200.00,100 גרם,false,1,5.00,2.50,true,1,
7296073497639,false,ביסקוויט חיות 180 גרם,"אפיפית נצרת (1971) בע""\מ",IL,ביסקוויט חיות,גרמים,180.00,100 גרם,false,1,4.10,2.28,true,1,
7296073497721,false,ש.שועל דקה ללא גלוטן500ג,,IL,שיבולת שועל דקה,גרמים,500.00,100 גרם,false,1,15.30,3.06,true,1,
7296073497738,false,ש.שועל עבה ללא גלוטן500ג,,IL,שבולת שועל עבה,גרמים,500.00,100 גרם,false,1,15.30,3.06,true,1,
7296073513636,false,מטליות להסרת שומנים40יח,עלבד,IL,מגבונים ניקוי,יחידה,1.00,יחידה,false,1,7.60,7.60,true,1,
7296073514541,false,ברזלית 6 יחידות,"סדובסקי בע""\מ",CN,ברזלית 6 יחידות,יחידה,1.00,יחידה,false,1,11.70,11.70,true,1,
7296073514855,false,משמש מיובש באריזת זיפר,PEYMAN,TR,משמש מיובש,גרמים,200.00,100 גרם,false,1,12.70,6.35,true,1,
7296073515043,false,משחת שיניים פחם ומאצ'ה75,MENUFACLURER,BG,משחת שיניים,מיליליטרים,75.00,"100 מ""ל",false,1,15.30,20.40,true,1,
7296073515050,false,"משחת שיניים קוקוס 75 מ""ל",MENUFACLURER,BG,משחת שיניים,מיליליטרים,75.00,"100 מ""ל",false,1,15.30,20.40,true,1,
7296073515128,false,סירופ סילאן לחיץ 360 גרם,"טעמי הגליל בע""\מ",IL,סילאן בקבוק לחיץ,גרמים,360.00,100 גרם,false,1,10.00,2.78,true,1,
7296073515135,false,מלית תמרים 450 גרם,"טעמי הגליל בע""\מ",IL,מלית תמרים,גרמים,450.00,100 גרם,false,1,4.60,1.02,true,1,
7296073515234,false,שורש כורכום יחידה,POMMER,IL,שורש כורכום,גרמים,120.00,100 גרם,false,1,11.90,9.92,true,1,
7296073515241,false,פרמג'יאנו רג'יאנו 150 גר,פורגרנה,IT,פרמג'יאנו רגיאנו,גרמים,150.00,100 גרם,false,1,24.70,16.47,true,1,
7296073515357,false,פיתות אסליות 100*5גרם,"מאפיית אורן משי בע""\מ",IL,פיתו אסליות 5יח,גרמים,500.00,100 גרם,false,1,6.40,1.28,true,1,
7296073515623,false,גבינה צהובה 28% 200 גרם,MLEKOVITA,PL,גבינה צהובה,גרמים,200.00,100 גרם,false,1,5.60,2.80,true,1,
7296073515630,false,גבינה צהובה 28% 400 גרם,MLEKOVITA,PL,גבינה צהובה,גרמים,400.00,100 גרם,false,1,11.20,2.80,true,1,
7296073515746,false,מלבי שמנת 150*2גרם,עדן קינוחים,IL,מלבי שמנת,גרמים,300.00,100 גרם,false,1,11.00,3.67,true,1,
7296073516019,false,דגנים ציפוי שוק.לבן65ג,נטורל קייקס,IL,דגנים בציפוי ללג,גרמים,65.00,100 גרם,false,1,7.60,11.69,true,1,
7296073516033,false,קורנפלקס ציפוי שוק.לבן65,נטורל קייקס,IL,קורנפלקס בציפוי,גרמים,65.00,100 גרם,false,1,7.60,11.69,true,1,
7296073516040,false,קורנפלקס בציפוי שוקול65,נטורל קייקס,IL,קורנפלקס בציפוי,גרמים,65.00,100 גרם,false,1,7.60,11.69,true,1,
7296073516132,false,מעדן סולת וקינמון 130*2ג,עדן קינוחים,IL,מעדן סולת,גרמים,260.00,100 גרם,false,1,11.00,4.23,true,1,
7296073516156,false,גליל עיזים שופרסל 180 גר,"שלושת האופים בע""\מ",IL,גליל גבינת עיזים,גרמים,180.00,100 גרם,false,1,18.70,10.39,true,1,
7296073516187,false,רוקט 100גרם,בשמת,IL,רוקט,גרמים,100.00,100 גרם,false,1,9.90,9.90,true,1,
7296073516194,false,בזיליקום 100 גרם,בשמת,IL,בזיליקום,גרמים,100.00,100 גרם,false,1,9.90,9.90,true,1,
7296073516286,false,מגבונים לחים לילדים 72*4,"DPL בע""מ",IL,מגבונים לחים,יחידה,1.00,יחידה,false,1,13.50,13.50,true,1,
7296073526407,false,עוג.במילוי קרם וניל150גר,ויסנצ'י,IT,עוגיות במילוי,גרמים,150.00,100 גרם,false,1,6.70,4.47,true,1,
7296073526414,false,שזיפים אורגניים מיובש250,SERENA,BG,שזיפים אורגניים,גרמים,250.00,100 גרם,false,1,17.80,7.12,true,1,
7296073526438,false,צימוקים אורגניים250 גרם,FOODS OZGUR,TR,צימוקים אורגניים,גרמים,250.00,100 גרם,false,1,9.30,3.72,true,1,
7296073526483,false,קפה טורקי 4 * 85 גרם,רוני רג'ואן ושות,IL,קפה טורקי 4 יח,גרמים,340.00,100 גרם,false,1,12.70,3.74,true,1,
7296073526490,false,דונאטס שוקולד קפוא4 יח,STOKSON,PL,דונאטס קפוא,גרמים,4.00,100 גרם,false,1,14.40,360.00,true,1,
7296073526520,false,בישקוטים ללא גלוטן 125 ג,ויסנזי,IT,בישקוטים ל.גלוטן,גרמים,125.00,100 גרם,false,1,12.70,10.16,true,1,
7296073526773,false,ג'ל להדברת נמלים10מל,סיקמקס,IL,ג'ל להדברת נמלים,גרמים,15.00,100 גרם,false,1,31.50,210.00,true,1,
7296073526827,false,שקיות פלקסי ריחניות15*2,אשפלסט,IL,שקיות ריחניות,יחידה,1.00,יחידה,false,1,18.70,18.70,true,1,
7296073526834,false,שקיות אשפה בקרטון 75*2יח,אשפלסט,IL,שקיות אשפה 150יח,יחידה,1.00,יחידה,false,1,36.60,36.60,true,1,
7296073526919,false,פרל שמפו לשיער מוחלק500מ,א.משי תעשיות,IL,שמפו פרל לשיער,מיליליטרים,500.00,"100 מ""ל",false,1,17.00,3.40,true,1,
7296073526957,false,פרל מסכה לשיער מוחלק500מ,א.משי תעשיות,IL,פרל מסכה לשיער,מיליליטרים,500.00,"100 מ""ל",false,1,25.50,5.10,true,1,
7296073526988,false,"קרם פנים SPF50 הגנה75מ""ל",סאסא קוסמטיקס,IL,קרם הגנה לפנים,מיליליטרים,75.00,"100 מ""ל",false,1,17.00,22.67,true,1,
7296073526995,false,קרם פנים SPF50 לילד75מל,סאסא קוסמטיקס,IL,קרם הגנה לפנים,מיליליטרים,75.00,"100 מ""ל",false,1,17.00,22.67,true,1,
7296073527053,false,גומיית סקונץ שחורה .,BE NOW,CN,גומיית סקונץ שחו,יחידה,1.00,יחידה,false,1,6.70,6.70,true,1,
7296073527138,false,גומיות סקונץ צבעוניות ור,BE NOW,CN,גומיות סקונץ צבע,יחידה,1.00,יחידה,false,1,11.00,11.00,true,1,
7296073527282,false,תירוש מיץ ענבים אדום750מ,כרם מהדרין,IL,תירוש מיץ ענבים,מיליליטרים,750.00,"100 מ""ל",false,1,11.90,1.59,true,1,
7296073527299,false,תירוש מיץ ענבים אדום 1 ל,כרם מהדרין,IL,תירוש מיץ ענבים,ליטרים,1.00,ליטר,false,1,12.40,12.40,true,1,
7296073527374,false,גבינת גאודה מגורדת 400גר,ויליפוד,IL,גאודה מגורדת,גרמים,400.00,100 גרם,false,1,20.40,5.10,true,1,
7296073527381,false,אינסטנט פודינג וניל 1 קג,מיה,IL,פודינג טעם וניל,קילוגרמים,1.00,"ק""ג",false,1,14.40,14.40,true,1,
7296073527428,false,אגוז ברזיל 150גרם,דין שיווק,IL,אגוז ברזיל 150גר,גרמים,150.00,100 גרם,false,1,15.30,10.20,true,1,
7296073528562,false,"בצק עלים 1 ק""ג",ARABATZIS,GR,בצק עלים,קילוגרמים,1.00,"ק""ג",false,1,12.70,12.70,true,1,
7296073528685,false,סט צלחות קנה סוכר מרובע,,CN,סט צלחות,יחידה,1.00,יחידה,false,1,34.10,34.10,true,1,
7296073528692,false,מלח ים טבעי שופרסל 500 ג,אינפוסה,ES,מלח ים,גרמים,500.00,100 גרם,false,1,5.00,1.00,true,1,
7296073528708,false,מלח ים טבעי שופרסל 250 ג,אינפוסה,ES,מלח ים,גרמים,250.00,100 גרם,false,1,4.10,1.64,true,1,
7296073528760,false,קיסמי אוזניים עץ שק100יח,אל ואי טי,CN,קיסמי אוזניים,יחידה,1.00,יחידה,false,1,1.70,1.70,true,1,
7296073528784,false,קיסמי אוזניים פלסטיק200י,אס טי או,CN,קיסמי אוזניים,יחידה,1.00,יחידה,false,1,5.50,5.50,true,1,
7296073528791,false,קיסמי אוזניים פלסטיק300י,אס טי או,CN,קיסמי אוזניים,יחידה,1.00,יחידה,false,1,7.20,7.20,true,1,
7296073528807,false,קיסמי אוזניים פלסטיק400י,אס טי או,CN,קיסמי אוזניים,יחידה,1.00,יחידה,false,1,9.30,9.30,true,1,
7296073528814,false,קיסמי אוזניים פלסטיק100י,אס טי או,CN,קיסמי אוזניים,יחידה,1.00,יחידה,false,1,1.70,1.70,true,1,
7296073529118,false,בזיליקום לתיבול 180גרם,"פרסקו חצבה 2006 בע""\מ",IL,בזיליקום לתיבול,גרמים,180.00,100 גרם,false,1,9.90,5.50,true,1,
7296073529125,false,מיקס ים תיכוני לתיבול,"פרסקו חצבה 2006 בע""\מ",IL,מיקס ים תיכוני ל,גרמים,180.00,100 גרם,false,1,9.90,5.50,true,1,
7296073529415,false,פונדנט שוקולד קפוא180גרם,SAS POMONE,FR,פונדנט שוקולד,גרמים,180.00,100 גרם,false,1,11.00,6.11,true,1,
7296073529422,false,שעועית בובס שופרסל400גרם,מיה,IL,שעועית בובס,גרמים,400.00,100 גרם,false,1,10.90,2.73,true,1,
7296073529439,false,"כוסמת קלויה 1 ק""ג",מיה,IL,כוסמת קלויה,קילוגרמים,1.00,"ק""ג",false,1,9.30,9.30,true,1,
7296073529453,false,עדשים שחור בלוגה 500 גרם,מיה,IL,עדשים שחורות,גרמים,500.00,100 גרם,false,1,6.70,1.34,true,1,
7296073529460,false,לקט לחמין 500 גרם,מיה,IL,לקט לחמין,גרמים,500.00,100 גרם,false,1,8.40,1.68,true,1,
7296073529507,false,רוטב נפוליטנה 200 גרם,דורום תעשיות מזון ופסטה,IL,רוטב נפוליטנה,גרמים,200.00,100 גרם,false,1,8.50,4.25,true,1,
7296073529514,false,רוטב 4 גבינות 200 גרם,דורום תעשיות מזון ופסטה,IL,רוטב 4 גבינות,גרמים,200.00,100 גרם,false,1,8.50,4.25,true,1,
7296073529521,false,רוטב רוזה ועגבניות 200 ג,דורום תעשיות מזון ופסטה,IL,רוטב רוזה,גרמים,250.00,100 גרם,false,1,8.50,3.40,true,1,
7296073529538,false,רוטב אלפרדו ופטריות200ג,דורום תעשיות מזון ופסטה,IL,רוטב נפוליטנה,גרמים,250.00,100 גרם,false,1,8.50,3.40,true,1,
7296073529972,false,"יין קידוש גפן 750 מ""ל",כרם מהדרין,IL,יין קידוש גפן,מיליליטרים,750.00,"100 מ""ל",false,1,13.60,1.81,true,1,
7296073530091,false,קורנפלור 200 גרם,מיה,IL,קורנפלור 200 גרם,גרמים,200.00,100 גרם,false,1,2.90,1.45,true,1,
7296073530107,false,קורנפלור 500 גרם,מיה,IL,קורנפלור 500 גרם,גרמים,500.00,100 גרם,false,1,4.10,0.82,true,1,
7296073530336,false,תירס גמדי חתוך 425 גרם,מאנפאקטור,TH,תירס גמדי חתוך,גרמים,425.00,100 גרם,false,1,5.00,1.18,true,1,
7296073530350,false,סילאן פרימיום 900 גרם,"טעמי הגליל בע""\מ",IL,סילאן פרימיום,גרמים,900.00,100 גרם,false,1,18.70,2.08,true,1,
7296073530374,false,טחינה אורגנית גרין 500 ג,אחדות,IL,טחינה אורגנית,גרמים,500.00,100 גרם,false,1,8.50,1.70,true,1,
7296073530381,false,טחינה אורגנית מלאה500ג,אחדות,IL,טחינה אורגנית,גרמים,500.00,100 גרם,false,1,8.50,1.70,true,1,
7296073531210,false,בדיקת קורונה 5יחידות,,CN,בדיקת קורונה,יחידה,1.00,יחידה,false,1,34.10,34.10,true,1,
7296073531265,false,פדים להסרת איפור 80 יח,LTD CO S.T.O,TR,פדים להסרת איפור,יחידה,1.00,יחידה,false,1,6.40,6.40,true,1,
7296073531289,false,פדים להסרת איפור אובלי40,LTD CO S.T.O,TR,פדים להסרת איפור,יחידה,1.00,יחידה,false,1,5.90,5.90,true,1,
7296073531296,false,קפסולות טעם וניל 50 גרם,דליקה,CH,קפסולות קפה,גרמים,10.00,100 גרם,false,1,12.70,127.00,true,1,
7296073531302,false,קפסול.קפה ט.אגוזי לוז50ג,דליקה,CH,קפסולות קפה,גרמים,10.00,100 גרם,false,1,12.70,127.00,true,1,
7296073531333,false,דגני בוקר בטעם נוגט686ג,"נטורל קייקס בע""\מ",IL,דגני בוקר נוגט,גרמים,686.00,100 גרם,false,1,18.70,2.73,true,1,
7296073531340,false,דגני בוקר בטעם וניל686ג,"נטורל קייקס בע""\מ",IL,דגני בוקר וניל,גרמים,686.00,100 גרם,false,1,18.70,2.73,true,1,
7296073531357,false,דגני בוקר ט.וניל דארק686,"נטורל קייקס בע""\מ",IL,דגני בוקר וניל,גרמים,686.00,100 גרם,false,1,18.70,2.73,true,1,
7296073552758,false,סבון נוזלי מעוצב שחור500,טאהא קימיה,TR,סבון נוזלי,מיליליטרים,500.00,"100 מ""ל",false,1,8.40,1.68,true,1,
7296073552789,false,ביסקוויט בטעם קרמל 250גר,פאלי,NL,ביסקוויט ט.קרמל,גרמים,250.00,100 גרם,false,1,8.40,3.36,true,1,
7296073552796,false,רביולי גבינות קפוא 330 ג,זוקה,IL,רביולי גבינות,גרמים,330.00,100 גרם,false,1,17.00,5.15,true,1,
7296073552802,false,רביולי בטטה קפוא 330 גרם,זוקה,IL,רביולי בטטה,גרמים,330.00,100 גרם,false,1,17.00,5.15,true,1,
7296073552826,false,רביולי סלק קפוא,זוקה,IL,רביולי סלק קפואר,גרמים,330.00,100 גרם,false,1,17.00,5.15,true,1,
7296073552833,false,"סבון נוזלי לבן 500 מ""ל",טאהא קימיה,TR,סבון נוזלי,מיליליטרים,500.00,"100 מ""ל",false,1,8.40,1.68,true,1,
7296073552949,false,"קמח שמרים מנופה 1 ק""ג","שטיבל בע""\מ",IL,קמח שמרים מנופה,קילוגרמים,1.00,"ק""ג",false,1,8.40,8.40,true,1,
7296073552956,false,מברשת לניקוי אבק יחידה,מוסקו,IL,מברשת לניקוי אבק,יחידה,1.00,יחידה,false,1,17.00,17.00,true,1,
7296073552987,false,קוסקוס ים תיכוני 280 גרם,טרויג'אנו,ES,קוסקוס ים תיכוני,גרמים,300.00,100 גרם,false,1,10.10,3.36,true,1,
7296073552994,false,ריזוטו ים תיכוני 280 גרם,טרויג'אנו,ES,ריזוטו ים תיכוני,גרמים,280.00,100 גרם,false,1,10.10,3.60,true,1,
7296073553007,false,קוסקוס מרוקאי 300 גרם,טרויג'אנו,ES,קוסקוס מרוקאי,גרמים,300.00,100 גרם,false,1,10.10,3.36,true,1,
7296073553045,false,קבבוני אנגוס 400 גרם,"טיבון ויל אחזקות בע""\מ",IL,קבבוני אנגוס,גרמים,400.00,100 גרם,false,1,21.20,5.30,true,1,
7296073553069,false,קבב אנגוס 400 גרם,"טיבון ויל אחזקות בע""\מ",IL,קבב אנגוס,גרמים,400.00,100 גרם,false,1,21.20,5.30,true,1,
7296073553083,false,המבורגר אנגוס 400 גרם,"טיבון ויל אחזקות בע""\מ",IL,המבורגר אנגוס,גרמים,400.00,100 גרם,false,1,21.20,5.30,true,1,
7296073553090,false,נקנקיות מרגזבסגנוןמרוקאי,"טיבון ויל אחזקות בע""\מ",IL,נקנקיות מרגזבסגנ,גרמים,400.00,100 גרם,false,1,21.20,5.30,true,1,
7296073553274,false,טורטיה חיטה 320 גרם,דליברדס יורופ,ES,טורטיה חיטה,גרמים,320.00,100 גרם,false,1,8.40,2.63,true,1,
7296073553304,false,טורטיה חיטה 780 גרם,דליברדס יורופ,ES,טורטיה חיטה,גרמים,780.00,100 גרם,false,1,13.50,1.73,true,1,
7296073553922,false,ברי כבשים 130 גרם,"מחלבת טבע עז בע""\מ",IL,ברי כבשים,גרמים,130.00,100 גרם,false,1,17.00,13.08,true,1,
7296073554073,false,פיצה מרגריטה פרימיום,SRL PIZZA MEGIC,IT,פיצה מרגריטה,גרמים,400.00,100 גרם,false,1,21.20,5.30,true,1,
7296073554097,false,פיצה פרימיום עם זיתים 40,SRL PIZZA MEGIC,IT,פיצה פרימיום,גרמים,400.00,100 גרם,false,1,21.20,5.30,true,1,
7296073554103,false,עוגת גב.פירורים לייט78*2,עדן קינוחים,IL,עוגת גבינה לייט,גרמים,2.00,100 גרם,false,1,11.00,550.00,true,1,
7296073564690,false,BE אל סבון לבנדר 1 ליטר,טאהא קימיה,TR,BE אל סבון,ליטרים,1.00,ליטר,false,1,7.60,7.60,true,1,
7296073564706,false,BE אל סבון ורדים 1 ליטר,טאהא קימיה,TR,BE אל סבון,ליטרים,1.00,ליטר,false,1,7.60,7.60,true,1,
7296073565116,false,מטלית מיקורופייבר לרצפה,סדובסקי,CN,מטלית מקרופייבר,יחידה,1.00,יחידה,false,1,8.40,8.40,true,1,
7296073565550,false,קצפיות מרנג וניל 180 גרם,"אחדות ביח""ר לטחינה",IL,קצפיות מרנג וניל,גרמים,180.00,100 גרם,false,1,11.80,6.56,true,1,
7296073565567,false,קצפיות מרנג טעם תות 180ג,"אחדות ביח""ר לטחינה",IL,קצפיות מרנג תות,גרמים,180.00,100 גרם,false,1,11.80,6.56,true,1,
7296073579106,false,גליל עזים 120 גרם,"מחלבת טבע עז בע""\מ",IL,גליל עזים,גרמים,120.00,100 גרם,false,1,17.00,14.17,true,1,
7296073579113,false,גליל עזים בציפוי זעתר120,"מחלבת טבע עז בע""\מ",IL,גליל עזים זעתר,גרמים,120.00,100 גרם,false,1,17.00,14.17,true,1,
7296073579120,false,גליל עזים בציפוי פלפל120,"מחלבת טבע עז בע""\מ",IL,גליל עזים פלפל,גרמים,120.00,100 גרם,false,1,17.00,14.17,true,1,
7296073579601,false,תירס גמדי שלם בחומץ 340ג,אינדיה אגרו אקספורט,IN,תירס גמדי בחומץ,גרמים,340.00,100 גרם,false,1,6.40,1.88,true,1,
7296073579618,false,תירס גמדי שלם חומ.דבש340,אינדיה אגרו אקספורט,IN,תירס גמדי בחומץ,גרמים,340.00,100 גרם,false,1,6.40,1.88,true,1,
7296073579649,false,לחם אחיד פרוס שופרסל900ג,מאפיית שלמה א. אנג'\ל בע,IL,לחם אחיד פרוס,גרמים,900.00,100 גרם,false,1,7.10,0.79,true,1,
7296073579731,false,צלחת PP לבן 40 יחידות,,CN,צלחת חד פעמית,יחידה,1.00,יחידה,false,1,21.30,21.30,true,1,
7296073579748,false,כוס שתייה כוכבים זהב 50,,CN,כוס שתיה,יחידה,1.00,יחידה,false,1,8.50,8.50,true,1,
7296073579755,false,צלחת PP קרם 40 יחידות,,CN,צלחת חד פעמית,יחידה,1.00,יחידה,false,1,21.30,21.30,true,1,
7296073590835,false,חסה לבבות קיסר יחידה,"פרסקו חצבה 2006 בע""\מ",IL,חסה לבבות קיסר,גרמים,280.00,100 גרם,false,1,9.90,3.54,true,1,
7296073590927,false,נבטי אפונה יחידה,קטיף.,IL,נבטי אפונה,יחידה,1.00,יחידה,false,1,6.90,6.90,true,1,
7296073592891,false,לבבות חסה קראנץ,משק יגור,IL,לבבות חסה קראנץ,גרמים,190.00,100 גרם,false,1,11.90,6.26,true,1,
7296168089176,false,קוצץ ציפורניים לתינוק,NEAVITA,IL,קוצץ ציפורניים ל,יחידה,1.00,יחידה,false,0,17.00,17.00,true,1,
7296168705113,false,וולטרס קיסמי שיניים דנטליים,ארוינג טישו,CN,קיסמי שיניים,יחידה,1.00,יחידה,false,0,21.20,21.20,true,1,
7296179006285,false,שיק לק עמיד 308 יח,שיק לקים,IL,שיק לק עמיד,יחידה,1.00,יחידה,false,0,11.80,11.80,true,1,
7296179006308,false,שיק לק עמיד 492 יח,שיק לקים,IL,שיק לק עמיד,יחידה,1.00,יחידה,false,0,11.80,11.80,true,1,
7296179007411,false,שיק.מסיר לק לא אצטון250מ,שיק לקים,IL,שיק.מסיר לק ללא,מיליליטרים,250.00,"100 מ""ל",false,0,14.40,5.76,true,1,
7296179008005,false,שיק לק עמיד 505,שיק לקים,IL,שיק לק עמיד,יחידה,1.00,יחידה,false,0,11.80,11.80,true,1,
7296179008098,false,לק שיק כסף יחידה,שיק לקים,IL,לק שיק כסף,יחידה,1.00,יחידה,false,0,16.10,16.10,true,1,
7296179010046,false,שיק לק עמיד 005,שיק לקים,IL,שיק לק עמיד,יחידה,1.00,יחידה,false,0,11.80,11.80,true,1,
7296179010077,false,שיק לק עמיד 008,שיק לקים,IL,שיק לק עמיד,יחידה,1.00,יחידה,false,0,11.80,11.80,true,1,
7296179010152,false,שיק לק עמיד 016,שיק לקים,IL,שיק לק עמיד,יחידה,1.00,יחידה,false,0,11.80,11.80,true,1,
7296179010312,false,שיק לק עמיד 032,שיק לקים,IL,שיק לק עמיד,יחידה,1.00,יחידה,false,0,11.80,11.80,true,1,
7296179011579,false,שיק לק עמיד 226,שיק לקים,IL,שיק לק עמיד,יחידה,1.00,יחידה,false,0,11.80,11.80,true,1,
7296179011814,false,לק שכבת הגנה,שיק לקים,IL,טופ קוד,יחידה,1.00,יחידה,false,0,14.40,14.40,true,1,
7296179012088,false,שיק לק עמיד 270,שיק לקים,IL,שיק לק עמיד,יחידה,1.00,יחידה,false,0,11.80,11.80,true,1,
7296179012606,false,"מייבש לק וטופ קוט 17 מ""ל",,IL,מייבש לק וטופ קו,מיליליטרים,17.00,"100 מ""ל",false,1,28.10,165.29,true,1,
7296179014778,false,לק עמיד שיק 115,שיק לקים,IL,לק 115,יחידה,1.00,יחידה,false,0,11.80,11.80,true,1,
7296179014969,false,לק עמיד 255,שיק לקים,IL,לק 255,יחידה,1.00,יחידה,false,0,11.80,11.80,true,1,
7296179021059,false,לק עמיד שיק 483,שיק לקים,IL,לק 483,יחידה,1.00,יחידה,false,0,11.80,11.80,true,1,
7296179021714,false,מידנייט סט בראשית נייט N.M,חלאבין,IL,סט בראשית,יחידה,1.00,יחידה,false,1,59.70,59.70,true,1,
7296179021745,false,סט בראשית לאב ליין מארז,חלאבין,IL,סט בראשית,יחידה,1.00,יחידה,false,1,59.70,59.70,true,1,
7296179029550,false,מידנייט ווייט סט בראשית,חלאבין,IL,סט בראשית,יחידה,1.00,יחידה,false,1,59.70,59.70,true,1,
7296179029666,false,מידנייט WILD קרם ידיים 100 מל,חלאבין,,קרם ידיים M.N.WI,מיליליטרים,100.00,"100 מ""ל",false,0,11.80,11.80,true,1,
7296179029802,false,לק עמיד 816 יח',,IL,לק עמיד816,יחידה,1.00,יחידה,false,1,11.80,11.80,true,1,
7297084000702,false,"צלחות דקל מרובעת 25 ס""מ",,IN,צלחת דקל,יחידה,1.00,יחידה,false,1,17.00,17.00,true,1,
7297084000757,false,"צלחות דקל מרובעת 15 ס""מ",,IN,צלחת דקל,יחידה,1.00,יחידה,false,1,12.70,12.70,true,1,
7297084000764,false,צלחות דקל מלבני 24X16סמ,,IN,צלחת דקל,יחידה,1.00,יחידה,false,1,15.30,15.30,true,1,
7297084000771,false,"צלחות דקל מרובעת 20 ס""מ",,IN,צלחת דקל,יחידה,1.00,יחידה,false,1,13.50,13.50,true,1,
7297488097995,false,גרנולה דבש ללא גלוטן 250 גרם דגש,תות תעשיות מזון (201,IL,גרנולה דבש,גרמים,250.00,100 גרם,false,0,14.90,5.96,true,1,
7297488098152,false,קמח חומוס ללא גלוטן דגש 500 גרם,אף.סי תבליני בגליל ב,IL,קמח חומוס,גרמים,500.00,100 גרם,false,0,14.40,2.88,true,1,
7297488098183,false,קמח אורז ללא גלוטן דוכן גן שמואל 500 גרם,"תבליני העליון בע""מ",IL,קמח אורז,גרמים,500.00,100 גרם,false,0,9.40,1.88,true,1,
7297488098190,false,0 קמח אורז מלא ללא גלוטן,אף.סי תבליני בגליל ב,IL,קמח אורז,גרמים,500.00,100 גרם,false,0,12.20,2.44,true,1,
7297488098305,false,"מרק דגש""קמח שקדים""250גרם",תות תעשיות מזון (201,IL,קמח שקדים,גרמים,250.00,100 גרם,false,0,22.90,9.16,true,1,
7297488099760,false,עוגיות ללא גלוטן בטעם חלווה דגש 250 גרם,דגש- דוכן גן שמואל,IL,עוגיות חלווה,גרמים,250.00,100 גרם,false,1,24.70,9.88,true,1,
7312040017683,false,מארז אבסולוט רגיל(וודקה {}{700 עם כוס,טמפו משקאות בע`מ,SE,וודקה אבסולוט,מיליליטרים,700.00,"100 מ""ל",false,0,55.40,7.91,true,1,
7394376123337,false,"משקה שיבולת שועל אורגני מפוקח ע""י סקאל",טרנסומס פוד איי.בי,SE,משקה שיבולת שועל,ליטרים,1.00,ליטר,false,1,11.80,11.80,true,1,
7394376615825,false,אוטלי משקה שיבולת שועל מועשר בסידן וויטמינים 1 ליטר,ש. שסטוביץ בע`מ,SE,משקה שיבולת שועל,ליטרים,1.00,ליטר,false,1,11.80,11.80,true,1,
7394376615832,false,אוטלי משקה שיבולת שועל בטעם שוקולד 1 ליטר,ש. שסטוביץ בע`מ,SE,משקה שיבולת שועל,ליטרים,1.00,ליטר,false,1,13.50,13.50,true,1,
7394376616778,false,אוטלי משקה שיבולת שועל להקצפה בריסטה 1 ליטר,ש. שסטוביץ בע`מ,SE,משקה שיבולת שועל,ליטרים,1.00,ליטר,false,1,13.50,13.50,true,1,
7501013122039,false,ג'ומקס מיץ מנגו קרטונית ליטר תריסר,חומקס קומר קומרסאליזדורה,MX,משקה ג'ומקס מנגו,ליטרים,1.00,ליטר,false,1,8.60,8.60,true,1,
7501013122053,false,ג'ומקס מיץ אפרסק קרטונית ליטר תריסר,חומקס קומר קומרסאליזדורה,MX,משקה גומקס אפרסק,ליטרים,1.00,ליטר,false,1,8.60,8.60,true,1,
7501013122114,false,"נקטר משקה אננס בקרטונית ג'ומקס, 1 ל'",חומקס קומר קומרסאליזדורה,MX,משקה ג'ומקס אננס,ליטרים,1.00,ליטר,false,1,8.60,8.60,true,1,
7501013122190,false,ג'ומקס מיץ תפוחים קרטונית ליטר תריסר,חומקס קומר קומרסאליזדורה,MX,משקה ג'ומקס תפוח,ליטרים,1.00,ליטר,false,1,8.60,8.60,true,1,
7501013122992,false,ג'ומקס מיץ קוקוס אננס קרטונית ליטר תריסר,חומקס קומר קומרסאליזדורה,MX,משקה קוקוס אננס,ליטרים,1.00,ליטר,false,1,8.60,8.60,true,1,
7501049936945,false,"שישיית בירה סול בקבוק 330 מ""ל",טמפו משקאות בע`מ,NL,בירה סול 6 יח',ליטרים,1.98,ליטר,false,1,31.50,15.91,true,1,
7501064191398,false,שישיית בירה קורונה אקסטרא *355 מל,קריניציה ויטמינה אס,MX,בירה קורונה 6 יח,ליטרים,2.13,ליטר,false,1,34.00,15.96,true,1,
7503012779306,false,סירופ אגבה כחולה 100% 330 גרם נטורפוד,נוטריגבאס דה מקסיקו,MX,סירופ אגבה,גרמים,330.00,100 גרם,false,0,17.20,5.21,true,1,
7509546057545,false,ליידי ספיד סטיק דרמה פנינה סטיק,קולגייט פלמוליב,US,ליידי ספיד סטיק,גרמים,45.00,100 גרם,false,1,14.40,32.00,true,1,
7509546061160,false,"משחת שיניים לילדים מיניונים 2-5 75 מ""ל קולגייט",קולגייט פלמוליב,MX,קולגייט מינייוני,מיליליטרים,75.00,"100 מ""ל",false,1,11.00,14.67,true,1,
7509546061665,false,דאודורנט סטיק ג'ל לגבר 24/7 אקסטרים אינטנס,קולגייט פלמוליב,US,ספיד סטיק ג'ל,גרמים,85.00,100 גרם,false,1,14.40,16.94,true,1,
7509546063515,false,ליידי ספיד סטיק -סטיק פרו 5 ספריי 150 מל,קולגייט פלמוליב,RU,דאו.ליידי ס.סטיק,מיליליטרים,150.00,"100 מ""ל",false,1,11.80,7.87,true,1,
7509546666846,false,"קולגייט טוטאל משחת שיניים פחם 75 מ""ל",קולגייט פלמוליב,MX,טוטאל פחם,מיליליטרים,75.00,"100 מ""ל",false,1,17.00,22.67,true,1,
7610023050215,false,פמיליה קראנץ' איקס תערובת דגנים פריכים בתוספת צימוקים ואגוזי לוז 500 גרם,פמיליה familia,CH,קרנצ' X דגנים,גרמים,500.00,100 גרם,false,0,21.70,4.34,true,1,
7610100034084,false,מיונז טומי בשפורפרת 265 גרם,ליימן שליסל בע`מ,CH,מיונז טומי,גרמים,265.00,100 גרם,false,1,12.70,4.79,true,1,
7610113000175,false,"רום בקרדי מוחיטו 700 מ""ל",בקרדי מרטיני,DE,בקרדי מוחיטו,מיליליטרים,700.00,"100 מ""ל",false,1,64.00,9.14,true,1,
7610113011652,false,בריזר - משקה כוהלי מוגז בטעם תפוח,בקרדי בריזר Bacardi Breezer,BE,בריזר טעם תפוח,מיליליטרים,275.00,"100 מ""ל",false,1,12.70,4.62,true,1,
7610148246586,false,סטלה אקספיריינס שוקולד 100% קקאו 70 ג,שוקולד סטלה,CH,שוקולד פולי קקאו,גרמים,70.00,100 גרם,false,0,16.50,23.57,true,1,
7610211130804,false,הרמזית 800 טבליות 9גרם,,CH,הרמזית,גרמים,9.00,100 גרם,false,1,21.10,234.44,true,1,
7610400014649,false,לינדור קוביות במילוי קרם שוקולד חלב 100 גרם,לינדט ושפרונגלי קילשברג,CH,שוקולד לינדט,גרמים,100.00,100 גרם,false,0,13.40,13.40,true,1,
7610400068505,false,לינדט לינדור בונבוניירה שוקולד חלב 200 גרם,לינדט ושפרונגלי קילשברג,CH,בונבונירה לינדור,גרמים,200.00,100 גרם,false,0,25.50,12.75,true,1,
7610400075770,false,לינדט לה גרנד שוקולד מריר אגוז 150 גרם,לינדט ושפרונגלי קילשברג,CH,שוקולד לגרנד,גרמים,150.00,100 גרם,false,1,20.40,13.60,true,1,
7610400075787,false,לינדט לה גרנד שוקולד חלב אגוז 150 גרם,לינדט ושפרונגלי קילשברג,CH,שוקולד לגרנד,גרמים,150.00,100 גרם,false,1,20.40,13.60,true,1,
7610400085946,false,לינדט לגרנד דארק אלמונד סולט 150 גרם,לינדט ושפרונגלי קילשברג,CH,שוקולד לגרנד,גרמים,150.00,100 גרם,false,1,20.40,13.60,true,1,
7610400091060,false,שוקולד מריר לינדט אקסלנס בתוספת תפוז ושקדים,לינדט ושפרונגלי קילש,CH,שוקולד לינדט,גרמים,100.00,100 גרם,false,1,12.70,12.70,true,1,
7613030979647,false,דגני בוקר טריקס פירות עולם היורה 480 ג',קבוצת אוסם סחר שותפות מוגבלת,CL,טריקס בטעם פירות,גרמים,480.00,100 גרם,false,1,21.70,4.52,true,1,
7613031608850,false,פיטנס דגנים מחיטה מלאה ואורז נסטלה 625 גרם,קבוצת אוסם סחר-שות.מוגבלת,FR,פיטנס דגני בוקר,גרמים,625.00,100 גרם,false,0,23.80,3.81,true,1,
7613032045753,false,פיטנס דגנים מחיטה מלאה שוקולד 375גרם,קבוצת אוסם סחר שותפות מוגבלת,FR,פיטנס שוקולד,גרמים,375.00,100 גרם,false,0,17.00,4.53,true,1,
7613033548192,false,פיטנס - דגני בוקר שוקולד מריר 375 גרם,קבוצת אוסם סחר שותפות מוגבלת,FR,פיטנס שוקולד,גרמים,375.00,100 גרם,false,0,17.00,4.53,true,1,
7613033635571,false,פורינה וואן - חתול סטרילייז סלמון 800 גרם,קבוצת אוסם סחר-שות.מוגבלת,FR,ONE לחתול מסורס,גרמים,800.00,100 גרם,false,1,29.80,3.72,true,1,
7613034146656,false,מזון לכלבים קטנים בטעם בקר פורינה ONE,שחורי אריה ואנסטסיה,IT,ONE לכלב מיני,קילוגרמים,1.50,"ק""ג",false,1,46.90,31.26,true,1,
7613035027022,false,מזון לכלבים קטנים גורים פורינה ONE,קבוצת אוסם סחר-שות.מוגבלת,IT,ONE לגורי כלבים,גרמים,800.00,100 גרם,false,1,25.50,3.19,true,1,
7613035379794,false,דנטלייף חטיף דנטלי לכלבים מגזע בינוני - 4 יחידות,קבוצת אוסם סחר-שות.מוגבלת,DE,דנטלייף גזע בינו,גרמים,115.00,100 גרם,false,1,13.50,11.74,true,1,
7613035379817,false,דנטלייף חטיף דנטלי לכלבים מגזע קטן - 4 יחידות,קבוצת אוסם סחר-שות.מוגבלת,DE,דנטלייף גזע קטן,גרמים,115.00,100 גרם,false,1,13.50,11.74,true,1,
7613035514430,false,"פורינה ONE חתול בוגר סלמון 3 ק""ג",שחורי אריה ואנסטסיה,FR,ONE לחתול בוגר,קילוגרמים,3.00,"ק""ג",false,1,85.30,28.43,true,1,
7613035614482,false,מזון לגור חתולים בטעם עוף פורינה ONE,קבוצת אוסם סחר-שות.מוגבלת,FR,ONE לגורי חתולים,גרמים,800.00,100 גרם,false,1,34.10,4.26,true,1,
7613035622623,false,פיטנס גרנולה שקדים ודבש נסטלה (300 גרם),קבוצת אוסם סחר-שות.מוגבלת,LT,גרנולה פיטנס,גרמים,300.00,100 גרם,false,1,12.80,4.27,true,1,
7613035635845,false,פיטנס גרנולה שוקולד 300 גר`אסם,קבוצת אוסם סחר-שות.מוגבלת,LT,גרנולה פיטנס,גרמים,300.00,100 גרם,false,1,12.80,4.27,true,1,
7613035758834,false,פיטנס סופר גרנולה וחמוציות 300 גרם,קבוצת אוסם סחר שותפות מוגבלת,LT,גרנולה פיטנס,גרמים,300.00,100 גרם,false,1,12.80,4.27,true,1,
7613035807778,false,פרפקטו רוטב עגבניות לבולונז אסם 400 גרם,קבוצת אוסם סחר שותפות מוגבלת,ES,רוטב עגבניות,גרמים,400.00,100 גרם,false,1,8.40,2.10,true,1,
7613035809109,false,פרפקטו רוטב עגבניות ובזיליקום אסם 400 גרם,קבוצת אוסם סחר שותפות מוגבלת,ES,רוטב עגבניות,גרמים,400.00,100 גרם,false,1,8.40,2.10,true,1,
7613035809857,false,פרפקטו רוטב עגבניות לפסטה ולבישול אסם 400 גרם,קבוצת אוסם סחר שותפות מוגבלת,ES,רוטב עגבניות,גרמים,400.00,100 גרם,false,1,8.40,2.10,true,1,
7613036105545,false,"דוגלי גזע קטן 4*3 קילו ""אסם""",קבוצת אוסם סחר שותפות מוגבלת,HU,דוגלי גזע קטן,קילוגרמים,3.00,"ק""ג",false,1,41.80,13.93,true,1,
7613036105606,false,דוגלי בקר לכלבים בוגרים,קבוצת אוסם סחר שותפות מוגבלת,HU,דוגלי בוגר בקר,קילוגרמים,3.00,"ק""ג",false,1,42.60,14.20,true,1,
7613036105651,false,"דוגלי בקר לכלבים בוגרים 12 ק""ג",קבוצת אוסם סחר-שות.מוגבלת,HU,דוגלי בוגר בקר,קילוגרמים,12.00,"ק""ג",false,1,98.20,8.18,true,1,
7613036120395,false,"פורינה ONE כלב מידמקסי בקר 2.5 ק""ג",שחורי אריה ואנסטסיה,IT,מזון יבש לכלב,קילוגרמים,2.50,"ק""ג",false,1,72.50,29.00,true,1,
7613036280334,false,פרייה אנד ג'וס אפרסק דובדבן מארז רביעייה,נסטלה ווטרס ספלאי,FR,פרייה אפרסק,ליטרים,1.00,ליטר,false,1,22.30,22.30,true,1,
7613036387798,false,פיטנס דגנים מלאים ואורז פתיתים ויוגורט 350ג',קבוצת אוסם סחר-שות.מוגבלת,FR,דגני פיטנס,גרמים,350.00,100 גרם,false,1,17.00,4.86,true,1,
7613036520492,false,פרפקטו רוטב עגבניות לפיצה אסם 400 גרם,קבוצת אוסם סחר-שות.מוגבלת,ES,רוטב עגבניות,גרמים,400.00,100 גרם,false,1,8.40,2.10,true,1,
7613036710879,false,מארז מיני חטיפי קיט קט צ'אנקי Kit Kat Chanky,קבוצת אוסם סחר שותפות מוגבלת,DE,קיט קאט צ'אנקי,גרמים,194.00,100 גרם,false,1,12.70,6.55,true,1,
7613036725286,false,דנטלייף חטיף דנטלי לחתול בטעם סלמון,קבוצת אוסם סחר שותפות מוגבלת,DE,דנטלייף לחתול,גרמים,40.00,100 גרם,false,1,8.40,21.00,true,1,
7613036737623,false,דגני בוקר קראנץ מיקס 410גר,קבוצת אוסם סחר שותפות מוגבלת,FR,דגני בוקר קראנץ',גרמים,410.00,100 גרם,false,1,20.40,4.98,true,1,
7613036760195,false,נסקפה דולצה גוסטו אספרסו קפסולות אינטנסו 112 ג',קבוצת אוסם סחר שותפות מוגבלת,GB,קפסולות נסקפה,גרמים,112.00,100 גרם,false,1,24.70,22.05,true,1,
7613036867870,false,נסקפה דולצה גוסטו אספרסו בריסטה קפסולות 112 ג',קבוצת אוסם סחר שותפות מוגבלת,ES,קפסולות נסקפה,גרמים,128.00,100 גרם,false,1,24.70,19.30,true,1,
7613036880534,false,גרבר מחית ירקות מעורבים מטרנה 190 גר',קבוצת אוסם סחר שותפות מוגבלת,PL,מחית מרק ירקות,גרמים,190.00,100 גרם,false,1,5.00,2.63,true,1,
7613036976657,false,מזון לחתולים פריסקיז פאוצ' הודו,קבוצת אוסם סחר-שות.מוגבלת,HU,פריסקיז פאוצ',גרמים,85.00,100 גרם,false,1,4.20,4.94,true,1,
7613036976695,false,פריסקיז - פאוץ בקר ברוטב 85 גרם,קבוצת אוסם סחר שותפות מוגבלת,HU,פריסקיז פאוצ',גרמים,85.00,100 גרם,false,1,4.20,4.94,true,1,
7613037012200,false,גרבר מחית תפוח גזר ומנגו 90 גרם פאוץ,קבוצת אוסם סחר שותפות מוגבלת,ES,גרבר תפוח פאוץ',גרמים,90.00,100 גרם,false,1,5.00,5.56,true,1,
7613037204797,false,סטארבקס - פולי קפה בלונד אספרסו 450 גרם,קבוצת אוסם סחר-שות.מוגבלת,PT,פולי קפהStarbuck,גרמים,450.00,100 גרם,false,1,42.70,9.49,true,1,
7613037204889,false,סטארבקס - פולי קפה אספרסו 450 גרם,קבוצת אוסם סחר-שות.מוגבלת,PT,פולי קפהStarbuck,גרמים,450.00,100 גרם,false,1,42.70,9.49,true,1,
7613037276091,false,נסטלה מיקס מיני אריזות דגני בוקר 200 גרם,קבוצת אוסם סחר שותפות מוגבלת,FR,מיני דגני נסטלה,גרמים,200.00,100 גרם,false,1,15.30,7.65,true,1,
7613037686906,false,פיטנס שקדים ודבש 355 גרם מופחת סוכר,קבוצת אוסם סחר שותפות מוגבלת,FR,פיטנס שקדים ודבש,גרמים,355.00,100 גרם,false,1,17.00,4.79,true,1,
7613037687132,false,דגני בוקר פיטנס שקדים ודבש 585 גרם,קבוצת אוסם סחר שותפות מוגבלת,FR,פיטנס שקדים ודבש,גרמים,585.00,100 גרם,false,1,23.50,4.02,true,1,
7613037811629,false,קורנפלקס גו פרי ללא גלוטן 500 גר`,קבוצת אוסם סחר שותפות מוגבלת,GB,גו פרי קורנפלקס,גרמים,500.00,100 גרם,false,1,11.00,2.20,true,1,
7613038268262,false,דגני בוקר צ'יריוס דבש ושקדים במתיקות מעודנת,קבוצת אוסם סחר שותפות מוגבלת,FR,האני נאט צ'יריוס,גרמים,410.00,100 גרם,false,1,17.00,4.15,true,1,
7613038451954,false,דגני בוקר שוקולד מופחת סוכר 410 ג' קראנץ',קבוצת אוסם סחר-שות.מוגבלת,FR,קראנץ שוקולד,גרמים,410.00,100 גרם,false,1,18.70,4.56,true,1,
7613039547632,false,גרבר מחית תפוח בננה ותות 90 גרם פאוץ,קבוצת אוסם סחר שותפות מוגבלת,ES,פאוץ גרבר תפוח,גרמים,90.00,100 גרם,false,1,5.00,5.56,true,1,
7613039547922,false,גרבר מחית אגס תפוח ובננה 90 גרם פאוץ,קבוצת אוסם סחר-שות.מוגבלת,ES,פאוץ גרבר אגס,גרמים,90.00,100 גרם,false,1,5.00,5.56,true,1,
7613039770450,false,טבעול סנסשיונל בורגר צמחוני 226 גרם,קבוצת אוסם סחר שותפות מוגבלת,CZ,סנסשיונל בורגר,גרמים,226.00,100 גרם,false,1,29.80,13.19,true,1,
7613039771174,false,טבעול סנסשיונל מינס טחון צמחוני 400 גרם,קבוצת אוסם סחר שותפות מוגבלת,CZ,סנסשיונל טחון צמ,גרמים,400.00,100 גרם,false,1,29.80,7.45,true,1,
7613287008497,false,סטארבקס - פולי קפה פייק פלייס 450 גרם,קבוצת אוסם סחר-שות.מוגבלת,PT,פולי קפהStarbuck,גרמים,450.00,100 גרם,false,1,42.70,9.49,true,1,
7613287121783,false,סמארטיס מיני 16*187 גרם,קבוצת אוסם סחר שותפות מוגבלת,DE,סמארטיס מיני,גרמים,187.00,100 גרם,false,1,12.70,6.79,true,1,
7613287155832,false,מחית תפוח פאוץ 90 גר`גרבר כשלפ,קבוצת אוסם סחר שותפות מוגבלת,PL,גרבר תפוח,גרמים,90.00,100 גרם,false,1,5.00,5.56,true,1,
7613287155863,false,מחית אגס פאוץ 90 גר`גרבר כשלפ,קבוצת אוסם סחר שותפות מוגבלת,PL,גרבר אגס פאוץ,גרמים,90.00,100 גרם,false,1,5.00,5.56,true,1,
7613287155924,false,מטרנה מחית תפוח וגזר פאוץ' 90 גר',קבוצת אוסם סחר-שות.מוגבלת,PL,גרבר תפוח,גרמים,90.00,100 גרם,false,1,5.00,5.56,true,1,
7613287302373,false,סטארבקס קפסולות איטליאן סטייל רוסט 56 גרם,קבוצת אוסם סחר שותפות מוגבלת,CH,קפסולות Starbuck,גרמים,56.00,100 גרם,false,1,18.70,33.39,true,1,
7613287325808,false,אוסם - דיפ אנד ספרד מטבל איולי שום 295 גרם,קבוצת אוסם סחר שותפות מוגבלת,PL,מתבל איולי שום,גרמים,295.00,100 גרם,false,1,11.00,3.73,true,1,
7613287325822,false,אוסם - דיפ אנד ספרד מטבל מיקס 295 גרם,קבוצת אוסם סחר שותפות מוגבלת,PL,מתבל מיונז,גרמים,295.00,100 גרם,false,1,11.00,3.73,true,1,
7613287325853,false,אוסם - דיפ אנד ספרד מטבל איולי ספייסי 295 גרם,קבוצת אוסם סחר שותפות מוגבלת,PL,מתבל איולי ספייס,גרמים,295.00,100 גרם,false,1,11.00,3.73,true,1,
7613287325952,false,אוסם - דיפ אנד ספרד מטבל ברבקיו 345 גרם,קבוצת אוסם סחר שותפות מוגבלת,PL,מתבל ברביקיו,גרמים,345.00,100 גרם,false,1,11.00,3.19,true,1,
7613287394323,false,דגני בוקר מולטי צ'יריוס 600 גרם,קבוצת אוסם סחר שותפות מוגבלת,GB,מולטי צ'יריוס,גרמים,600.00,100 גרם,false,1,18.70,3.12,true,1,
7613287476494,false,אוסם - דיפ אנד ספרד מיונז בסגנון צרפתי 280 גרם,קבוצת אוסם סחר שותפות מוגבלת,PL,מתבל מיונז,גרמים,280.00,100 גרם,false,1,11.00,3.93,true,1,
7613287476678,false,דגני בוקר סינימיניס צ'ורוס נסטלה 360 ג',קבוצת אוסם סחר שותפות מוגבלת,PT,סיני מיניס צורוס,גרמים,360.00,100 גרם,false,1,21.00,5.83,true,1,
7613600003796,false,פאל מאל סופרסלימס כחול עשירייה,גלוברנדס בעמ - שיווק סיגריות,CH,פאלמאל סופר סלימ,יחידה,1.00,יחידה,false,0,287.00,287.00,false,1,
7614500035788,false,טובלרון שוקולד חלב 200 גרם,דיפלומט מפיצים (1968) בעמ**,CH,טובלרון חלב,גרמים,200.00,100 גרם,false,0,14.60,7.30,true,1,
7616500553460,false,שוקולד פריי מהודר מריר תפוז 100 ג',צוקולאט פריי אייץגיץ,CH,שוקולד מריר,גרמים,100.00,100 גרם,false,0,8.50,8.50,true,1,
7616500553484,false,שוקולד פריי מהודר מריר 78% 100גר,צוקולאט פריי אייץגיץ,CH,שוקולד מריר,גרמים,100.00,100 גרם,false,0,8.50,8.50,true,1,
7616500642577,false,שוקולד חלב עם אגוזים300ג,צוקולאט פריי אייץגיץ,CH,שוקולד אגוזים,גרמים,300.00,100 גרם,false,0,15.30,5.10,true,1,
7616500646087,false,שוקולד פריי חלב עם שבבי אגוזים 100ג,צוקולאט פריי אייץגיץ,CH,שוקולד חלב אגוז,גרמים,100.00,100 גרם,false,0,8.50,8.50,true,1,
7616500647268,false,שוקולד מריר+אגוזים180גר,צוקולאט פריי אייץגיץ,CH,שוקולד מריר,גרמים,180.00,100 גרם,false,0,12.70,7.06,true,1,
7616500664906,false,שוק.מריר שקד+קרמל+מלח180,"שוקולד פריי בע""מ",CH,שוקולד מריר,גרמים,180.00,100 גרם,false,1,12.70,7.06,true,1,
7616500668423,false,שוק.חלב שקד קלאודס 150גר,דליקה איי.ג'י,CH,שוקולד קלאודס,גרמים,150.00,100 גרם,false,1,12.70,8.47,true,1,
7616500668430,false,שוק.חלב אגוז קלאודס150גר,דליקה איי.ג'י,CH,שוקולד קלאודס,גרמים,150.00,100 גרם,false,1,12.70,8.47,true,1,
7616500668447,false,שוק.חלב צימוק קלאודס150ג,"שוקולד פריי בע""מ",CH,שוקולד קלאודס,גרמים,150.00,100 גרם,false,1,12.70,8.47,true,1,
7617014149316,false,קפסולות קפה,,CH,קפסולות קפה,גרמים,96.00,100 גרם,false,0,25.30,26.35,true,1,
7617014149330,false,קפסולות קפה,,CH,קפסולות קפה,גרמים,96.00,100 גרם,false,0,25.30,26.35,true,1,
7617014149408,false,קפסולות קפה פר מקיאטו96ג,,CH,קפסולות קפה,גרמים,96.00,100 גרם,false,0,25.30,26.35,true,1,
7622010001858,false,עוגיות אוראו ממולאות קרם וניל 176 גרם.,דיפלומט מפיצים (1968) בעמ**,UA,עוגיות אוראו,גרמים,176.00,100 גרם,false,1,7.60,4.32,true,1,
7622201137052,false,אוראו מיני קוקיס - עוגיות שוקולד צ'יפס ותחתית מצופה שוקולד חלב,דיפלומט מפיצים (1968) בעמ**,ES,מיני קוקיז מילקה,גרמים,110.00,100 גרם,false,1,7.60,6.91,true,1,
7622201139278,false,גבינת פילדלפיה שמנת 150 גר`% (27 שומן),מיודלז אספניה פרודוק,ES,גבינת פילדלפיה,גרמים,150.00,100 גרם,false,1,11.80,7.87,true,1,
7622201401900,false,עוגיות סנסיישן אוראו מילקה 156 גרם,דיפלומט מפיצים (1968) בעמ**,PL,עוגיות מילקה,גרמים,156.00,100 גרם,false,1,9.30,5.96,true,1,
7622201502515,false,עוגיות מילקה קוקי לופ שוקולד צ'יפס,דיפלומט מפיצים (1968) בעמ**,HU,עוגיות מילקה,גרמים,132.00,100 גרם,false,1,9.30,7.05,true,1,
7622201521493,false,גבינת פילדלפיה שום ועשבי תיבול 150 גר` (,מיודלז אספניה פרודוק,ES,גבינת פילדלפיה,גרמים,150.00,100 גרם,false,1,9.30,6.20,true,1,
7622201798154,false,גבינת שמנת לייט מופחתת שומן 13% שומן,מיודלז אספניה פרודוק,ES,גבינת פילדלפיה,גרמים,150.00,100 גרם,false,1,11.80,7.87,true,1,
7622201801809,false,מילקה שוקולד חלב עם אגוזים 100 גרם חדש,מנדלז דויצ'\לנד סנקס פרו,DE,שוקולד מילקה,גרמים,100.00,100 גרם,false,1,5.90,5.90,true,1,
7622201802363,false,מילקה טבלת שוקולד חלב וצימוקים ואגוזים 100ג',מנדלז דויצ'\לנד סנקס פרו,DE,שוקולד מילקה,גרמים,100.00,100 גרם,false,1,5.90,5.90,true,1,
7622201802394,false,שוקולד מילקה חלב מסרונים 100 גרם,מנדלז דויצ'\לנד סנקס פרו,DE,שוקולד חלב מילקה,גרמים,100.00,100 גרם,false,1,5.90,5.90,true,1,
7622201808631,false,אוראו מיני עוגיות ממולאות קרם וניל 67גרם,דיפלומט מפיצים (1968) בעמ**,ID,עוגיות אוראו מינ,גרמים,67.00,100 גרם,false,1,6.70,10.00,true,1,
7622201813390,false,עוגיות מילקה וואפל במילוי קרם קקאו 150 ג,דיפלומט מפיצים (1968) בעמ**,CZ,וופל ממולא מילקה,גרמים,150.00,100 גרם,false,1,9.30,6.20,true,1,
7622201819170,false,שוקולד מילקה דרק שקדים 85 גרם.,דיפלומט מפיצים (1968) בעמ**,DE,שוקולד מילקה,גרמים,85.00,100 גרם,false,1,6.70,7.88,true,1,
7622210078131,false,שוקולד חלב עם שבבי קרמל מילקה דיים 100 גרם,מנדלז דויצ'\לנד סנקס פרו,DE,שוקולד מילקה,גרמים,100.00,100 גרם,false,1,5.90,5.90,true,1,
7622210117762,false,"קוטדור בונבונירה בושה, 200 גרם כשל""פ",דיפלומט מפיצים {1968}בעמ,SK,בונבוניירת בושה,גרמים,200.00,100 גרם,false,0,15.30,7.65,true,1,
7622210137234,false,אוראו עוגיות עם דאבל קרם בטעם וניל 170ג,דיפלומט מפיצים (1968) בעמ**,ES,עוגיות אוראו,גרמים,170.00,100 גרם,false,1,8.40,4.94,true,1,
7622210453327,false,עוגיות שוקוצ'יפס במילוי שוקולד סנסיישן,דיפלומט מפיצים (1968) בעמ**,PL,עוגיות מילקה,גרמים,156.00,100 גרם,false,1,9.30,5.96,true,1,
7622210637994,false,מיני עוגיות אוראו קראנצ'י בייטס אורגינל,דיפלומט מפיצים (1968) בעמ**,ES,עוגיות אוראו,גרמים,110.00,100 גרם,false,1,8.40,7.64,true,1,
7622210638021,false,מיני עוגיות אוראו קראנצ'י בייטס מצופים,דיפלומט מפיצים (1968) בעמ**,ES,עוגיות אוראו,גרמים,110.00,100 גרם,false,1,8.40,7.64,true,1,
7622210690883,false,מילקה שוקולד חלב-מהדורת מונדיאל 270 גרם,דיפלומט מפיצים (1968) בעמ**,AT,שוקולד מונדיאל,גרמים,270.00,100 גרם,false,1,12.70,4.70,true,1,
7622210724519,false,קוטדור ביו שוקולד מריר אורגני 70% מוצק קקאו,דיפלומט מפיצים (1968) בעמ**,DE,קוטדור ביו 70%,גרמים,90.00,100 גרם,false,1,12.70,14.11,true,1,
7622210826053,false,מילקה שוקולד אוראו סנדוויץ 100 גרם,דיפלומט מפיצים (1968) בעמ**,HU,שוקולד מילקה,גרמים,92.00,100 גרם,false,1,5.90,6.41,true,1,
7622210835338,false,אוראו עוגיות ממולאות טעם בראוניז 176 גרם,דיפלומט מפיצים (1968) בעמ**,ES,עוגיות אוראו,גרמים,176.00,100 גרם,false,1,7.60,4.32,true,1,
7622300270506,false,מילקה גריינס - עוגיות שיבולת שועל מצופות שוקולד 168 ג',דיפלומט מפיצים (1968) בעמ**,PL,עוגיות מילקה,גרמים,168.00,100 גרם,false,0,9.30,5.54,true,1,
7622300489427,false,עוגיות אוראו בציפוי בטעם שוקולד לבן 246 גרם,דיפלומט מפיצים (1968) בעמ**,ES,עוגיות אוראו,גרמים,246.00,100 גרם,false,1,16.10,6.54,true,1,
7622300489434,false,"עוגיות אוראו פאדג' בציפוי שוקולד חלב, 246 גרם",דיפלומט מפיצים (1968) בעמ**,ES,עוגיות אוראו,גרמים,246.00,100 גרם,false,1,16.10,6.54,true,1,
7622300495046,false,מילקה שוקולד חלב עם אקסטרה קקאו 100 גרם,מנדלז דויצ'\לנד סנקס פרו,DE,שוקולד מילקה,גרמים,100.00,100 גרם,false,0,5.90,5.90,true,1,
7622300503079,false,עוגיות ביסקוויט מצופה שוקולד חלב מילקה 200 גרם,דיפלומט מפיצים (1968) בעמ**,PL,ביסקוויט מצופה,גרמים,200.00,100 גרם,false,0,9.30,4.65,true,1,
7622300617820,false,מילקה שוקולד חלב במילוי קרם חלב ווניל ושבבי עוגיות אוראו 100 גרם,מנדלז דויצ'\לנד סנקס פרו,DE,שוקולד מילקה,גרמים,100.00,100 גרם,false,0,5.90,5.90,true,1,
7622300761363,false,עוגיות מיני אוראו במילוי קרם בטעם שוקולד בכוס,דיפלומט מפיצים (1968) בעמ**,ID,עוגיות מיני אורא,גרמים,67.00,100 גרם,false,0,6.70,10.00,true,1,
7622400005190,false,שוקולד חלב נגיעות שוקולד לבן מילקה 100 ג,מנדלז דויצ'\לנד סנקס פרו,DE,שוקולד מילקה,גרמים,100.00,100 גרם,false,0,5.90,5.90,true,1,
7630311507016,false,קפסולות קפה סטארבקס סאני דיי 12*57גר`,קבוצת אוסם סחר שותפות מוגבלת,CH,קפסולות Starbuck,גרמים,57.00,100 גרם,false,1,18.70,32.81,true,1,
7630477891592,false,סטארבקס קפסולות קפה האוס בלנד 10 יחידות,קבוצת אוסם סחר שותפות מוגבלת,CH,קפסולות Starbuck,גרמים,57.00,100 גרם,false,1,18.70,32.81,true,1,
7630477891639,false,קפסולות קפה סומטרה (10 יח) סטארבקס ( 55,קבוצת אוסם סחר שותפות מוגבלת,CH,קפסולות Starbuck,גרמים,55.00,100 גרם,false,1,18.70,34.00,true,1,
7630477891677,false,סטארבקס קפסולות קפה פייק פלייס 10 יחידות,קבוצת אוסם סחר שותפות מוגבלת,CH,קפסולות Starbuck,גרמים,53.00,100 גרם,false,1,18.70,35.28,true,1,
7630477891691,false,קפסולות קפה קולומביה (10 יח) סטארבקס ( 5,קבוצת אוסם סחר שותפות מוגבלת,CH,קפסולות Starbuck,גרמים,57.00,100 גרם,false,1,18.70,32.81,true,1,
7630477891714,false,סטארבקס קפסולות קפה אספרסו 10 יחידות,קבוצת אוסם סחר שותפות מוגבלת,CH,קפסולות Starbuck,גרמים,57.00,100 גרם,false,1,18.70,32.81,true,1,
7630477891738,false,סטארבקס קפסולות קפה אספרסו בלונד 10 יחיד,קבוצת אוסם סחר שותפות מוגבלת,CH,קפסולות Starbuck,גרמים,53.00,100 גרם,false,1,18.70,35.28,true,1,
7702018271788,false,"דאודורנט קליר ג'ילט בניחוח ספורט 70 מ""ל",פארמה דיל (פ.א.ב.) שיווק והפצה,PL,דאודורנט קליר,מיליליטרים,70.00,"100 מ""ל",false,0,13.50,19.29,true,1,
7702018347629,false,ונוס אקסטרה סמוט סכיני גילוח רביעייה,ג'ילט ונוס Gillette Venus,DE,גילט רביעית,יחידה,1.00,יחידה,false,1,51.20,51.20,true,1,
7702018404476,false,קצף גילוח סירייס הגנה גילט 250 מל,דיפלומט מפיצים (1968) בעמ,PL,קצף גילח סירייס,מיליליטרים,250.00,"100 מ""ל",false,1,15.30,6.12,true,1,
7702018441075,false,גילט מארז סכינים פיוזן ידני 12 יחידות,דיפלומט מפיצים (1968) בעמ,DE,סכיני גילוח,יחידה,1.00,יחידה,false,1,111.00,111.00,true,1,
7702018468447,false,גילט בלו 2 פלוס סכינים חד פעמיים עשירייה,דיפלומט מפיצים (1968) בעמ,PL,סכיני גילוח,יחידה,1.00,יחידה,false,1,25.50,25.50,true,1,
7702018470884,false,גילט מארז פיוזן 16 סכיני גילוח,"פרוקטר אנד גמבל, גרמניה",DE,סכיני גילוח,יחידה,1.00,יחידה,false,1,140.90,140.90,true,1,
7702018497447,false,סכיני גילוח ונוס סנסיטיב אקסטרה סמוט - 4 יח',ג'ילט ונוס Gillette Venus,PL,רביעיית סכיני ונ,יחידה,1.00,יחידה,false,1,51.20,51.20,true,1,
7702018514472,false,גילט מאך 3 טורבו מכשיר גילוח,פרוקטר אנד גמבל,CN,מכשיר גילוח מאך,יחידה,1.00,יחידה,false,1,41.70,41.70,true,1,
7702018581467,false,ונוס סווירל מארז ידית מכשיר+8 סכינים,דיפלומט,GB,סווירל מארז,יחידה,1.00,יחידה,false,1,111.00,111.00,true,1,
7702018607532,false,ג'ילט פרוגלייד מארז 14 סכינים,"פרוקטר אנד גמבל, גרמניה",DE,סכיני גילוח 14יח,יחידה,1.00,יחידה,false,1,140.90,140.90,true,1,
7702018867110,false,גילט מארז פיוזן פאוור 5 מכשיר גילוח+1סכי,דיפלומט,CN,מכשיר גילוח,יחידה,1.00,יחידה,false,1,42.60,42.60,true,1,
7702018978106,false,"ג'ילט - דאודורנט ג'ל לגבר ארטיק אייס 70 מ""ל",פארמה דיל (פ.א.ב.) שיווק והפצה,PL,דאו.קליר ג'ל,מיליליטרים,70.00,"100 מ""ל",false,0,13.50,19.29,true,1,
7702018978120,false,"ג'ילט - דאודורנט ג'ל לגבר קול וייב 70 מ""ל",פארמה דיל (פ.א.ב.) שיווק והפצה,PL,דאו.קליר ג'ל,מיליליטרים,70.00,"100 מ""ל",false,0,13.50,19.29,true,1,
7702018980833,false,"ג'ילט ג'ל גילוח סירייס מועשר בלחות - 200 מ""ל",פרוקטר אנד גמבל,GB,ג'ל גילוח סירייס,מיליליטרים,200.00,"100 מ""ל",false,1,17.00,8.50,true,1,
7702024074625,false,פיטנס - חטיפי קרקר חיטה מלאה 234 גרם,קבוצת אוסם סחר שותפות מוגבלת,CO,חטיפי קרקר פיטנס,גרמים,234.00,100 גרם,false,1,10.10,4.32,true,1,
7702024258322,false,"חטיפי קרקר עם חיטה מלאה, צ'יה וזרעי פשתן פיטנס",קבוצת אוסם סחר שותפות מוגבלת,CO,חטיפי קרקר,גרמים,156.00,100 גרם,false,1,10.10,6.47,true,1,
7702174068833,false,יוגטה סוכריות קשות על מקל ממולאות טופי בטעמי גלידת פירות 12 יח' 204 גרם,הדקלאים אגודת שיתופי,CO,לקקן יוגטה,גרמים,204.00,100 גרם,false,0,8.40,4.12,true,1,
7702174070201,false,יוגטה לקקן בטעם מסטיק ממולא טופי בטעם תות 12 יח' 204 גרם,הדקלאים אגודת שיתופי,CO,לקקן יוגטה מג'יק,גרמים,204.00,100 גרם,false,0,8.40,4.12,true,1,
7791875005353,false,ריבת חלב הוואנה דוצה דה לצה 450 גרם,משה סידס ובנו בעמ,ES,ריבת חלב הוואנה,גרמים,450.00,100 גרם,false,1,16.10,3.58,true,1,
7792860006218,false,סוכריות לקקן בייבי דול לריטייר (24 גרם),גוד פוד פרודקטס S.p,AR,בייבי דול לקקן,גרמים,24.00,100 גרם,false,0,1.80,7.50,true,1,
7798304600042,false,אוכמניות טריות 125 ג,מרינה,AR,אוכמניות טריות,גרמים,125.00,100 גרם,false,1,14.90,11.92,true,1,
7798304603128,false,אוכמניות טריות 312גרם,KF,AR,אוכמניות טריות,יחידה,1.00,יחידה,false,1,29.90,29.90,true,1,
7798382150019,false,אוכמניות טריות 125גרם,ביכורי השדה צפון 1994 ג.ד. בעמ,AR,אוכמניות טריות,גרמים,125.00,100 גרם,false,1,14.90,11.92,true,1,
7804414000860,false,קברנה סוביניון דון חוליו (750 מל),צ'ילה לואיס פיליפה אדוארדס,CL,דון חוליו קברנה,מיליליטרים,750.00,"100 מ""ל",false,0,25.50,3.40,true,1,
7804414000877,false,יין דון חוליו מרלו אדוארדס,צ'ילה לואיס פיליפה אדוארדס,CL,דון חוליו מרלו,מיליליטרים,750.00,"100 מ""ל",false,0,25.50,3.40,true,1,
7804414000884,false,שרדונה BIN דון חוליו (750 מל),צ'ילה לואיס פיליפה אדוארדס,CL,דון חוליו שרדו,מיליליטרים,750.00,"100 מ""ל",false,0,25.50,3.40,true,1,
7804414001614,false,שיראז חצי יבש דון חוליו (750 מל),צ'ילה לואיס פיליפה אדוארדס,CL,יין שיראז,מיליליטרים,750.00,"100 מ""ל",false,0,25.50,3.40,true,1,
7804414012344,false,יין סוביניון בלאן 750 מל דון חוליו,הכרם - משקאות חריפים בעמ,CL,יין סובניון בלאן,מיליליטרים,750.00,"100 מ""ל",false,1,25.50,3.40,true,1,
7840392000232,false,פחם פרימיום אקולוגי 8 קג,BRICAPAR,PY,פחם 100% אקולוגי,קילוגרמים,8.00,"ק""ג",false,1,59.80,7.48,true,1,
7891024027998,false,קולגייט מי פה טוטאל הגנה מפני אבן 500 מל,קולגייט- פלמוליב,PL,מי פה קולגייט,מיליליטרים,500.00,"100 מ""ל",false,1,21.20,4.24,true,1,
7891024124826,false,קולגייט משחת אופטיק ספרקלינג וייט 75מל,הנסיך- מפעל לייצור ט,BR,משחת קולגייט,מיליליטרים,75.00,"100 מ""ל",false,0,17.00,22.67,true,1,
7891024179482,false,"שטיפת פה קולגייט אופטיק וייט 500מ""ל",יבואן ומשווק: ש. שסט,PL,מי פה קולגייט,מיליליטרים,500.00,"100 מ""ל",false,0,21.20,4.24,true,1,
8000040001106,false,קמפרי ביטר אפרטיף 700מל,החברה המרכזית להפצת משקאות-אלכ,IT,קמפרי,מיליליטרים,700.00,"100 מ""ל",false,0,85.30,12.19,true,1,
8000070003798,false,קפסולות אספרסו לוואצה דליסיוזו 8 16 יח,לאוג'י לוואצה אס.פי.אי,IT,קפסולות קפה,גרמים,120.00,100 גרם,false,1,25.50,21.25,true,1,
8000070003811,false,קפסולות אספרסו לוואצה פסיונלה 11 16 יח,לואיג'י לוואצה,IT,קפסולות קפה,גרמים,120.00,100 גרם,false,1,25.50,21.25,true,1,
8000070003842,false,לוואצה מס' 7 קפסולות לקפה 120 גרם,לווצה טורינו,IT,קפסולות קפה,גרמים,120.00,100 גרם,false,1,25.50,21.25,true,1,
8000070003880,false,קפסולות קפה לוואצה קרמה דולצ'ה חוזק 6,לווצה טורינו,IT,קפסולות קפה,גרמים,128.00,100 גרם,false,1,25.50,19.92,true,1,
8000070003972,false,קפסולות קפה סואבה 5 112,לאוג'י לוואצה אס.פי.אי,IT,קפסולות קפה,גרמים,112.00,100 גרם,false,1,25.50,22.77,true,1,
8000070012219,false,פולי קפה אורו זהב לוואצה 250 גר,לאוג'י לוואצה אס.פי.אי,IT,פולי קפה,גרמים,250.00,100 גרם,false,0,33.30,13.32,true,1,
8000070012783,false,קפה לוואצה קלוי וטחון חוזק 5 אורו 250 גר,לאוג'י לוואצה אס.פי.אי,IT,קפה לוואצה,גרמים,250.00,100 גרם,false,0,34.10,13.64,true,1,
8000070016316,false,קפסולות קוואליטה אורו90ג,,IT,לוואצה קוואליטה,גרמים,90.00,100 גרם,false,1,25.50,28.33,true,1,
8000070027398,false,קרמה קלאסיקו פולי קפה 500 גר לוואזה,,IT,פולי קפה לוואצה,גרמים,500.00,100 גרם,false,1,59.80,11.96,true,1,
8000070038974,false,"קרמה גוסטו פולי קפה 1 ג""ק לוואזה",,IT,פולי קפה לוואצה,קילוגרמים,1.00,"ק""ג",false,1,102.50,102.50,true,1,
8000070041851,false,מכונת אספרסו טייני שחורה לוואצה,ליימן שליסל,IT,מכונת קפה,יחידה,1.00,יחידה,false,1,341.00,341.00,true,1,
8000070042308,false,קפסולות ביו אורגני90גרם,,IT,קפסולות לוואצה,גרמים,90.00,100 גרם,false,1,22.10,24.56,true,1,
8000070047129,false,קפסולות לוואצה פסיונלה54,,IT,קפסולות לוואצ'ה,גרמים,405.00,100 גרם,false,1,59.70,14.74,true,1,
8000113003402,false,"קמח תירס בוואקום 1 ק""ג",גורי מוצרי צריכה (1991) בעמ,IT,קמח תירס,קילוגרמים,1.00,"ק""ג",false,0,13.50,13.50,true,1,
8000215204219,false,משקה אורז ביו אורגני ויטאריז 1 ליטר,בטר אנד דיפרנט,IT,משקה אורז אורגני,ליטרים,1.00,ליטר,false,0,12.70,12.70,true,1,
8000215204240,false,משקה אורז ושקדים ביו אורגני ויטאריז 1 לי,בטר אנד דיפרנט,IT,משקה שקדים ואורז,ליטרים,1.00,ליטר,false,0,12.70,12.70,true,1,
8000215204264,false,ויטריז - משקה אורז אישי אישי 200 גר,בטר אנד דיפרנט,IT,משקה אורז,מיליליטרים,200.00,"100 מ""ל",false,1,3.40,1.70,true,1,
8000215204271,false,ויטריז - משקה שקדים ואורז אישי 200 גר,"נטורפוד בע""מ",IT,משקה שקדים,גרמים,200.00,100 גרם,false,0,3.40,1.70,true,1,
8000215204394,false,משקה אורז ואגוזי לוז ביו אורגני ויטאריז,בטר אנד דיפרנט,US,משקה ויטריז,ליטרים,1.00,ליטר,false,0,16.10,16.10,true,1,
8000215204561,false,משקה שקדים אורגני וללא גלוטן ויטאסי 1 לי,בטר אנד דיפרנט,IT,משקה שקדים,ליטרים,1.00,ליטר,false,1,11.80,11.80,true,1,
8000215204677,false,ויטריז - משקה שיבולת שועל בריסטה אורגני,בטר אנד דיפרנט,IT,משקה שיבולת שועל,ליטרים,1.00,ליטר,false,1,12.70,12.70,true,1,
8000215204714,false,משקה שיבולת שועל אורגני פרימונה 1 ליטר,בטר אנד דיפרנט,IT,משקה שיבולת שועל,ליטרים,1.00,ליטר,false,0,12.70,12.70,true,1,
8000380003723,false,וופלים גרנד פטיסרי במילוי קרם אגוזים 100,קריניציה ויטמינה אס,IT,גראנד פטיסרי,גרמים,100.00,100 גרם,false,0,10.40,10.40,true,1,
8000380003761,false,וופל גרנד פטיסרי שוקולד וקוקוס לואקר 100 גרם,קריניציה ויטמינה אס,IT,גראנד פטיסרי,גרמים,100.00,100 גרם,false,0,10.40,10.40,true,1,
8000380004669,false,וופל לואקר סנדוויץ קוביות ושוקולד 200ג',"א. לואקר, קונפקט ג'י",AT,וופל לואקר קקאו,גרמים,200.00,100 גרם,false,0,10.90,5.45,true,1,
8000380004676,false,קוביות וופל סנדוויץ Sandwich עם וניל וחלב,"א. לואקר, קונפקט ג'י",AT,ופלים לואקר,גרמים,200.00,100 גרם,false,0,10.90,5.45,true,1,
8000380004881,false,וופל קוארדטיני לואקר קוביות טרמיסו 220ג',קריניציה ויטמינה אס,IT,ופל קואדרטיני,גרמים,220.00,100 גרם,false,0,11.80,5.36,true,1,
8000380004911,false,קוביות וופל קואדרטיני Quadratini קרם אגוזים,קריניציה ויטמינה אס,AT,ופל קואדרטיני,גרמים,250.00,100 גרם,false,0,11.80,4.72,true,1,
8000380004942,false,וופל לואקר קוארדטיני קוביות ווניל 250ג',ליימן שליסל בע`מ,AT,וופלים קאודרטיני,גרמים,250.00,100 גרם,false,0,11.80,4.72,true,1,
8000380004966,false,וופל קוארדטיני לואקר קוביות שוקולד 250ג',קריניציה ויטמינה אס,AT,ופל קואדרטיני,גרמים,250.00,100 גרם,false,0,11.80,4.72,true,1,
8000380005598,false,מארז וופל שוקולד טורטינה Tortina שוקולד מריר,א. לואקר אס. פי. אי-אי.,IT,וופל טורטינה,גרמים,125.00,100 גרם,false,0,15.00,12.00,true,1,
8000380007219,false,וופל לואקר ממולא קרם אגוזים 175 גרם,ליימן שליסל בע`מ,AT,ופלים לואקר,גרמים,175.00,100 גרם,false,0,9.30,5.31,true,1,
8000380007257,false,וופל גרדנה במילוי קרם אגוזים מצופה,קריניציה ויטמינה אס,IT,ופלים גרדנה,גרמים,200.00,100 גרם,false,0,12.20,6.10,true,1,
8000380007264,false,וופל לואקר ממולא קרם קקאו 175 גרם,קריניציה ויטמינה אס,AT,ופלים לואקר,גרמים,175.00,100 גרם,false,0,9.30,5.31,true,1,
8000380106028,false,טורטינה לואקר וופל שוקולד ואגוזים שישיה 125ג',קריניציה ויטמינה אס,IT,וופל טורטינה,גרמים,125.00,100 גרם,false,0,15.00,12.00,true,1,
8000380153534,false,מארז וופל שוקולד טורטינה Tortina שוקולד לבן,א. לואקר אס. פי. אי-אי.,IT,טורטינה לבן,גרמים,125.00,100 גרם,false,0,15.00,12.00,true,1,
8000380180745,false,וופל קוביות קקאו במילוי קרם חלב לואקר 250 גרם,"א. לואקר, קונפקט ג'י",AT,וופל קואדרטיני,גרמים,250.00,100 גרם,false,1,11.80,4.72,true,1,
8000380185337,false,מארז עפרון מיניס מיקס100,לואקר,IT,מארז עפרון,גרמים,100.00,100 גרם,false,1,29.80,29.80,true,1,
8000380187119,false,עוגיות במילוי קרם אגוזי לוז לואקר 100 גר,ליימן שליסל בע`מ,AT,עוגיות אגוזי לוז,גרמים,100.00,100 גרם,false,1,12.70,12.70,true,1,
8000380187249,false,עוגיות עם מילוי קרם שקדים ושוקולד חלב,ליימן שליסל בע`מ,AT,עוגיות שקדים,גרמים,100.00,100 גרם,false,1,12.70,12.70,true,1,
8000380201396,false,שוקולד חלב ממולא קרם קרמל ועלי וופל פריכ,ליימן שליסל בע`מ,AT,וופל טורטינה,גרמים,126.00,100 גרם,false,1,15.00,11.90,true,1,
8000380205400,false,וופלים קואדרטיני חמאת בוטנים לואקר 250 גרם,ליימן שליסל בע`מ,AT,וופל קואדרטיני,גרמים,250.00,100 גרם,false,1,11.80,4.72,true,1,
8000380206896,false,וופל גרדנה במילוי חמאת בוטנים 200 גרם,ליימן שליסל בע`מ,IT,ופלים גרדנה,גרמים,200.00,100 גרם,false,1,12.20,6.10,true,1,
8000500023624,false,חטיפי הפי היפו Happy Hippo במילוי קרם חלב וקקאו,פרימיום-חברה לדברי מתיקה ולמסח,DE,קינדר הפי היפו,גרמים,102.00,100 גרם,false,0,10.60,10.39,true,1,
8000500023976,false,בונבוניירת רפאלו פררו (150 גרם),פרימיום-חברה לדברי מתיקה ולמסח,PL,בונבונ.רפאלו,גרמים,150.00,100 גרם,false,0,13.50,9.00,true,1,
8000500026731,false,ביצי שוקולד קינדר מארז 3 יח סופרייז,פרימיום-חברה לדברי מתיקה ולמסח,IT,ביצי הפתעה קינדר,גרמים,60.00,100 גרם,false,1,12.70,21.17,true,1,
8000500028124,false,קינדר גוי ביצת הפתעה מארז שלישיה,פרימיום-חברה לדברי מתיקה ולמסח,ZA,קינדר ג'וי 3יח,גרמים,60.00,100 גרם,false,0,12.80,21.33,true,1,
8000500032237,false,בונבונרייה פררו רושר 375 גרם,פרימיום-חברה לדברי מתיקה ולמסח,IT,בונבוניירה רושה,גרמים,375.00,100 גרם,false,0,38.30,10.21,true,1,
8000500037874,false,בונבונרייה פררו רושר 200 גרם,פרימיום-חברה לדברי מתיקה ולמסח,IT,בונבוניירה רושה,גרמים,200.00,100 גרם,false,0,21.20,10.60,true,1,
8000500071083,false,אצבעות שוקולד קינדר Kinder שש עשרה יחידות,פרימיום-חברה לדברי מתיקה ולמסח,IT,שוקולד חלב קינדר,גרמים,200.00,100 גרם,false,0,10.60,5.30,true,1,
8000500121436,false,מארז קינדר בואנו Kinder Bueno לבן שלוש יחידות,פרימיום-חברה לדברי מתיקה ולמסח,PL,קינדר בואנו לבן,גרמים,117.00,100 גרם,false,0,8.50,7.26,true,1,
8000500167656,false,קינדר שוקולד עם דגנים סיריאל 94 ג',פרימיום-חברה לדברי מתיקה ולמסח,IT,קינדר שוקולד,גרמים,94.00,100 גרם,false,1,5.80,6.17,true,1,
8000500224281,false,וופל מלוח במילוי ממרח אגוזי לוז,פרימיום-חברה לדברי מתיקה ולמסח,IT,נוטלה בי רדי,גרמים,22.00,100 גרם,false,1,3.30,15.00,true,1,
8000500227848,false,נוטלה - בי רדי אצבעות ביסקוויט במילוי שוקולד 6 יח' * 22 גרם,פרימיום-חברה לדברי מתיקה ולמסח,IT,נוטלה בי רדי,גרמים,132.00,100 גרם,false,1,10.60,8.03,true,1,
8000500247150,false,פררו רושה קולקשיין קוקוס מילוי קרם ושקד שלם 172ג',פרימיום-חברה לדברי מתיקה ולמסח,DE,פררו רושה,גרמים,172.00,100 גרם,false,1,22.90,13.31,true,1,
8000500256213,false,קינדר שוקולד חלב במילוי קרם חלבי,פרימיום-חברה לדברי מתיקה ולמסח,IT,שוקולד מיני,גרמים,120.00,100 גרם,false,1,8.50,7.08,true,1,
8000500267103,false,קינדר דליס עוגת ספוג קקאו במילוי חלבי*10,פרימיום-חברה לדברי מתיקה ולמסח,IT,עוגות קינדר דליס,גרמים,390.00,100 גרם,false,1,15.20,3.90,true,1,
8000500269169,false,קינדר קארדס Kinder Cards - חמישייה,פרימיום-חברה לדברי מתיקה ולמסח,IT,קינדר קארדס,גרמים,128.00,100 גרם,false,1,11.00,8.59,true,1,
8000500328750,false,כדור וופל פריך מצופה שוקולד פררו רושר 141 ג',פרימיום-חברה לדברי מתיקה ולמסח,DE,בונבוניירה פררו,גרמים,138.00,100 גרם,false,1,22.90,16.59,true,1,
8000500386941,false,נוטלה ממרח קקאו עם אגוזי לוז 900 גר`,פרימיום-חברה לדברי מתיקה ולמסח,IT,ממרח קקאו+אגוזים,גרמים,900.00,100 גרם,false,1,25.50,2.83,true,1,
8000500390238,false,ביצי הפתעה קינדר 20*4גרם,פררו,IT,ביצי הפתעה קינדר,גרמים,80.00,100 גרם,false,1,15.30,19.13,true,1,
8001003100164,false,יוגטה סוכריות ג'לי בטעמי פירות 450 גרם,ליימן שליסל בע`מ,IT,סוכריות ג'לי,גרמים,450.00,100 גרם,false,1,10.10,2.24,true,1,
8001090016003,false,טבליות למדיח קלאסי הכל באחד פיירי,דיפלומט מפיצים (1968) בעמ,BE,פיירי טבליות,יחידה,1.00,יחידה,false,1,46.00,46.00,true,1,
8001090184412,false,"פיירי נוזל לניקוי כלים לימון שקוף, 900 מ""ל",דיפלומט מפיצים (1968) בעמ,GB,פיירי לכלים,מיליליטרים,900.00,"100 מ""ל",false,1,10.60,1.18,true,1,
8001090222428,false,"הרבל אסנסס - שמפו חלב קוקוס 400 מ""ל",דיפלומט מפיצים 1968 בעמ,FR,שמפו הרבל אסנס,מיליליטרים,400.00,"100 מ""ל",false,1,14.40,3.60,true,1,
8001090222725,false,"הרבל אסנסס - שמפו שמן מורינגה 400 מ""ל",דיפלומט מפיצים (1968) בעמ,FR,שמפו הרבל אסנס,מיליליטרים,400.00,"100 מ""ל",false,1,14.40,3.60,true,1,
8001090222756,false,"הרבל אסנס מרכך תות שמן מורינגה 400 מ""ל",דיפלומט מפיצים (1968) בעמ,FR,מרכך הרבל אסנסס,מיליליטרים,400.00,"100 מ""ל",false,1,14.40,3.60,true,1,
8001090222848,false,"הרבל אסנסס - שמפו שיקום שמן ארגן 400 מ""ל",דיפלומט מפיצים (1968) בעמ,FR,שמפו הרבל אסנס,מיליליטרים,400.00,"100 מ""ל",false,1,14.40,3.60,true,1,
8001090222879,false,"הרבל אסנסס - מרכך שיקום שמן ארגן 400 מ""ל",דיפלומט מפיצים (1968) בעמ,FR,מרכך הרבל אסנס,מיליליטרים,400.00,"100 מ""ל",false,1,14.40,3.60,true,1,
8001090290830,false,"אוראל בי משחת שיניים- להלבנה פנינה בוהקת 75 מ""ל",דיפלומט מפיצים (1968) בעמ,DE,משחת אורל בי,מיליליטרים,75.00,"100 מ""ל",false,1,17.80,23.73,true,1,
8001090290939,false,"אוראל בי משחת שיניים- להלבנה לובן בוהק 75 מ""ל",דיפלומט מפיצים (1968) בעמ,DE,משחת אורל בי,מיליליטרים,75.00,"100 מ""ל",false,1,17.80,23.73,true,1,
8001090336446,false,חיתולי ביביי דריי מידה 4 ( 34 יח) פמפרס,דיפלומט מפיצים (1986) בע`מ,DE,פמפרס בייבי,יחידה,1.00,יחידה,false,1,29.80,29.80,true,1,
8001090336491,false,פמפרס בייבי דריי חיתולים מידה +4 31 יח,דיפלומט מפיצים (1986) בע`מ,DE,פמפרס בייבי,יחידה,1.00,יחידה,false,1,29.80,29.80,true,1,
8001090336606,false,פמפרס בייבי דריי חיתולים מידה 6 26 יח,דיפלומט מפיצים (1986) בע`מ,DE,פמפרס בייבי,יחידה,1.00,יחידה,false,1,29.80,29.80,true,1,
8001090364203,false,"משחת שיניים אורל בי G&E להלבנה עדינה 75 מ""ל",דיפלומט מפיצים (1968) בעמ,DE,משחת אורל בי,מיליליטרים,75.00,"100 מ""ל",false,1,13.50,18.00,true,1,
8001090364319,false,טייד קפסולות כביסה אפקט פיירי 37 יחידות,דיפלומט מפיצים (1986) בע`מ,FR,טייד קפסולות,יחידה,1.00,יחידה,false,1,48.60,48.60,true,1,
8001090368553,false,פמפרס בייבי דריי מידה 6 68 יח,פרוקטר & גמבל,TR,פמפרס אריזת ענק,יחידה,1.00,יחידה,false,1,61.10,61.10,true,1,
8001090375230,false,"מרכך מרוכז 200 מ""ל לחות מוגברת ""פנטן""",דיפלומט מפיצים (1968) בעמ,FR,מרכך פנטן,מיליליטרים,200.00,"100 מ""ל",false,1,18.70,9.35,true,1,
8001090375285,false,"פנטן מרכך מרוכז 200 מ""ל למגע רך כשמי",דיפלומט מפיצים (1986) בע`מ,FR,מרכך פנטן,מיליליטרים,200.00,"100 מ""ל",false,1,18.70,9.35,true,1,
8001090379337,false,פמפרס פרימיום קר חיתולים שלב 3 40 יח VP,דיפלומט מפיצים (1986) בע`מ,PL,פמפרס פרימיום,יחידה,1.00,יחידה,false,1,29.40,29.40,true,1,
8001090379368,false,פמפרס פרימיום קר חיתולים שלב 4 34 יח VP,דיפלומט מפיצים (1986) בע`מ,PL,פמפרס פרימיום,יחידה,1.00,יחידה,false,1,29.40,29.40,true,1,
8001090379399,false,פמפרס פרימיום קר חיתולים שלב 5 30 יח VP,דיפלומט מפיצים (1986) בע`מ,PL,פמפרס פרימיום,יחידה,1.00,יחידה,false,1,29.40,29.40,true,1,
8001090458353,false,סבון כלים פעולה אנטי-בקטריאלית אקליפטוס,דיפלומט מפיצים (1986) בע`מ,GB,פיירי א.בקטריאלי,מיליליטרים,515.00,"100 מ""ל",false,1,9.30,1.81,true,1,
8001090540577,false,"מי פה אורל בי להלבנה 500 מ""ל",דיפלומט מפיצים (1968) בעמ,DE,מי פה WHITE D,מיליליטרים,500.00,"100 מ""ל",false,1,18.70,3.74,true,1,
8001090678614,false,"שמפו סופרים לחות הד אנד שולדרס 400 מ""ל",דיפלומט מפיצים (1986) בע`מ,FR,שמפו הד&שולדרס,מיליליטרים,400.00,"100 מ""ל",false,1,15.20,3.80,true,1,
8001090727831,false,אריאל אבקת כביסה7קג,פרוקטר אנד גמבל,CZ,אריאל אבקת כביסה,קילוגרמים,7.00,"ק""ג",false,1,55.40,7.91,true,1,
8001090727862,false,אריאל אבקת כביסה7קג,פרוקטר אנד גמבל )ראה קוד,CZ,אריאל אבקת כביסה,קילוגרמים,7.00,"ק""ג",false,1,55.40,7.91,true,1,
8001090734044,false,אולוויז מגן תחתון גיגה פק לארג' אקסטרה פרוטקט 64 יח',דיפלומט מפיצים (1986) בע`מ,DE,מגן תחתון אולווי,יחידה,1.00,יחידה,false,1,17.00,17.00,true,1,
8001090737809,false,מגן תחתון אולוויז סינגל טנגה 36 יחידות,דיפלומט מפיצים (1968) בעמ,ES,אולוויז חוטיני,יחידה,1.00,יחידה,false,1,13.50,13.50,true,1,
8001090740717,false,מגני תחתון אולוויז נורמל עם ניחוח רענן Fresh Scent,פרוקטר אנד גמבל )ראה קוד,UA,מגן תחתון אולווי,יחידה,1.00,יחידה,false,1,17.00,17.00,true,1,
8001090745903,false,אבקת כביסה טייד פרש אלפיין 4 קג,דיפלומט מפיצים (1986) בע`מ,CZ,טייד אבקת כביסה,קילוגרמים,4.00,"ק""ג",false,1,25.50,6.38,true,1,
8001090776068,false,פיירי נ.כלים משי ורד780מ,פרוקטר אנד גמבל,GB,פיירי נוזל כלים,מיליליטרים,780.00,"100 מ""ל",false,1,10.60,1.36,true,1,
8001090832450,false,"שמפו פנטן הנוסחה הקלאסית 660 מ""ל",דיפלומט מפיצים (1986) בע`מ,RO,שמפו פנטן,מיליליטרים,660.00,"100 מ""ל",false,1,17.00,2.58,true,1,
8001090832535,false,"שמפו פנטן שמן מרוקאי משקם 660 מ""ל",דיפלומט מפיצים (1986) בע`מ,RO,שמפו פנטן,מיליליטרים,660.00,"100 מ""ל",false,1,17.00,2.58,true,1,
8001090832573,false,שמפו שמן לחות מוגברת 660 מל פנטן,דיפלומט מפיצים (1986) בע`מ,RO,שמפו פנטן,מיליליטרים,660.00,"100 מ""ל",false,1,17.00,2.58,true,1,
8001090832610,false,שמפו שמן למגע רך כמשי 660 מל פנטן,דיפלומט מפיצים (1986) בע`מ,RO,שמפו פנטן,מיליליטרים,660.00,"100 מ""ל",false,1,17.00,2.58,true,1,
8001090832696,false,"פנטן שמפו לתלתלים מושלמים 660 מ""ל",דיפלומט מפיצים (1986) בע`מ,RO,שמפו פנטן,מיליליטרים,660.00,"100 מ""ל",false,1,17.00,2.58,true,1,
8001090832771,false,"פנטן שמפו להזנת קרטין 660 מ""ל",דיפלומט מפיצים (1986) בע`מ,RO,שמפו פנטן,מיליליטרים,660.00,"100 מ""ל",false,1,17.00,2.58,true,1,
8001090832818,false,מרכך פנטן הנוסחה הקלאסית לשיער רגיל ומעורב,דיפלומט מפיצים (1986) בע`מ,RO,מרכך פנטן,מיליליטרים,660.00,"100 מ""ל",false,1,17.00,2.58,true,1,
8001090832856,false,"פנטן 660 מ""ל קונדישינר מרוקאי משקם",דיפלומט מפיצים (1986) בע`מ,RO,מרכך פנטן,מיליליטרים,660.00,"100 מ""ל",false,1,17.00,2.58,true,1,
8001090832894,false,מרכך לשיער חלש ופגום לחות מוגברת,דיפלומט מפיצים (1986) בע`מ,RO,מרכך פנטן,מיליליטרים,660.00,"100 מ""ל",false,1,17.00,2.58,true,1,
8001090832931,false,"פנטן 660 מ""ל קונדישינר למגע רך כמשי",דיפלומט מפיצים (1986) בע`מ,RO,מרכך פנטן,מיליליטרים,660.00,"100 מ""ל",false,1,17.00,2.58,true,1,
8001090832979,false,"פנטן 660 מ""ל קונדישינר לתלתלים מושלמים",דיפלומט מפיצים (1986) בע`מ,RO,מרכך פנטן,מיליליטרים,660.00,"100 מ""ל",false,1,17.00,2.58,true,1,
8001090883490,false,הד&שולדרס קולור פרפקט400,פרוקטר אנד גמבל,FR,הד&שולדרס קולור,מיליליטרים,400.00,"100 מ""ל",false,1,15.20,3.80,true,1,
8001090891273,false,לנור כדוריות בושם בניחוח סחלב 210 גרם,דיפלומט מפיצים (1968) בעמ,US,לנור מבשם כביסה,יחידה,1.00,יחידה,false,0,22.10,22.10,true,1,
8001090899071,false,אולוויז פלטינום נורמל + 12 יח תחבושות,דיפלומט,DE,תחבושות אולוויז,יחידה,1.00,יחידה,false,1,8.50,8.50,true,1,
8001090899132,false,אולוויז פלטינום לילה + 8 יח תחבושות,דיפלומט,DE,תחבושות אולווייז,יחידה,1.00,יחידה,false,1,8.50,8.50,true,1,
8001090899194,false,תחבושות אולוויז פלטינום נורמל 24 יחידות,דיפלומט מפיצים (1986) בע`מ,DE,תחבושות אולוויז,יחידה,1.00,יחידה,false,1,17.00,17.00,true,1,
8001090899224,false,תחבושות אולוויז פלטינום לונג 20 יחידות,דיפלומט מפיצים (1986) בע`מ,DE,תחבושות אולוייז,יחידה,1.00,יחידה,false,1,17.00,17.00,true,1,
8001090899255,false,תחבושות אולוויז פלטינום לילה 16 יחידות,דיפלומט מפיצים (1986) בע`מ,DE,תחבשות אולוויז,יחידה,1.00,יחידה,false,1,17.00,17.00,true,1,
8001090899286,false,תחבושות אולוויז פלטינום לילה בטוח 14 יח',דיפלומט מפיצים (1986) בע`מ,UA,תחבושות אולוויז,יחידה,1.00,יחידה,false,1,17.00,17.00,true,1,
8001090992338,false,פיירי טבליות למדיח פלטינום פלוס 50 יחידו,דיפלומט מפיצים (1968) בעמ,BE,פיירי טב' למדיח,יחידה,1.00,יחידה,false,1,46.00,46.00,true,1,
8001160001786,false,"משקה אנרגיה גטורייד ספורט כחול 500מ""ל",אקווה מינרלה סאן בנדטו,IT,גטורייד כחול,מיליליטרים,500.00,"100 מ""ל",false,0,8.90,1.78,true,1,
8001160001892,false,"משקה אנרגיה גטורייד ספורט תפוז אדום 500מ""ל",אקווה מינרלה סאן בנדטו,IT,גטורייד תפוז,מיליליטרים,500.00,"100 מ""ל",false,0,8.90,1.78,true,1,
8001359108654,false,"מויסטר ריסורס קרם פנים 250מ""ל",אנדראה טיפוח,IL,ק.לחות לפנים 250,מיליליטרים,250.00,"100 מ""ל",false,0,21.20,8.48,true,1,
8001505000184,false,מעדן אוכמניות אורגני 250 גר FIORDIFRUTT,אף.סי תבליני בגליל ב,IT,מ.אוכמניות אורגנ,גרמים,250.00,100 גרם,false,0,19.50,7.80,true,1,
8001505000313,false,ממרח אגוזי לוז אורגני 270 גרם NICCIOLATA,ריג'וני דה אסינו,IT,מ.אגוזי לוז,גרמים,270.00,100 גרם,false,0,19.50,7.22,true,1,
8001620011935,false,"סן בנדטו- מים מינרלים מוגז - מארז שישיית 500 מ""ל",אקווה מינרלה סאן בנד,IT,סאן בנדטו 6 יח',ליטרים,3.00,ליטר,false,0,12.10,4.03,true,1,
8001620015629,false,"משקה פירות בטעם תפוז ותפוז אדום 400 מ""ל פרוטה",אקווה מינרלה סאן בנדטו ב,IT,פרוטה תפוז אדום,מיליליטרים,400.00,"100 מ""ל",false,1,6.20,1.55,true,1,
8001620015636,false,"משקה פירות פרוטה-מיקס פירות 400 מ""ל סאן בנדטו",אקווה מינרלה סאן בנדטו ב,IT,משקה פרוטה,מיליליטרים,400.00,"100 מ""ל",false,1,6.20,1.55,true,1,
8001620017456,false,"סן בנדטו ספורט, מים מינרלים טבעיים 500 מ""ל שישייה",אקווה מינרלה סאן בנדטו ב,IT,מים סאן בנדטו6יח,ליטרים,3.00,ליטר,false,1,12.70,4.23,true,1,
8001620018408,false,"משקה פירות בטעם מנגו תפוח 400 מ""ל פרוטה",אקווה מינרלה סאן בנדטו ב,IT,פרוטה מנגו תפוח,מיליליטרים,400.00,"100 מ""ל",false,1,6.20,1.55,true,1,
8001620019160,false,"סן בנדטו מים מינרלים בטעם אפרסק 500 מ""ל",אקווה מינרלה סאן בנדטו ב,IT,סאן בנדטו אפרסק,מיליליטרים,400.00,"100 מ""ל",false,1,5.10,1.28,true,1,
8001620019177,false,"סן בנדטו מים מינרלים בטעם ענבים 500 מ""ל",אקווה מינרלה סאן בנדטו ב,IT,סאן סנדטו ענבים,מיליליטרים,400.00,"100 מ""ל",false,1,5.10,1.28,true,1,
8001800012738,false,פולי קפה קורטינה 250 גרם,,IT,פולי קפה קורטינה,גרמים,250.00,100 גרם,false,1,42.60,17.04,true,1,
8001841006710,false,לנור כדוריות הבושם בניחוח רענן ( 210 גר`,דיפלומט מפיצים (1968) בעמ,GB,לנור מבשם כביסה,גרמים,210.00,100 גרם,false,1,22.10,10.52,true,1,
8001841006833,false,לנור כדוריות הבושם בניחוח אביבי 210 ג',פרוקטר אנד גמבל,GB,לנור מבשם כביסה,גרמים,210.00,100 גרם,false,1,22.10,10.52,true,1,
8001841053684,false,תחבושות אולוויז עבה לונג פלוס 12 יחידות,פרוקטר אנד גמבל )ראה קוד,UA,תחבושות אולוויז,יחידה,1.00,יחידה,false,1,11.00,11.00,true,1,
8001841053806,false,תחבושות היגייניות אולוויז מקסי עבה לילה,דיפלומט מפיצים (1968) בעמ,DE,תחבושות אולוויז,יחידה,1.00,יחידה,false,1,11.00,11.00,true,1,
8001841062624,false,פמפרס מגבונים לחים ללא בישום רביעייה,דיפלומט מפיצים (1968) בעמ,DE,מגבוני פמפרס 4יח,יחידה,1.00,יחידה,false,1,15.20,15.20,true,1,
8001841077949,false,מארז מגבוני פמפרס בניחוח מרענן - רביעייה,דיפלומט מפיצים (1986) בע`מ,DE,מגבוני פמפרס 4יח,יחידה,1.00,יחידה,false,1,15.20,15.20,true,1,
8001841105093,false,פמפרס פרימיום קר חיתולים שלב 6 26 יח VP,דיפלומט מפיצים (1986) בע`מ,US,פמפרס,יחידה,1.00,יחידה,false,1,29.40,29.40,true,1,
8001841137179,false,קונדישינר הד&שולדרס הנוסחה הקלאסית 275מל,דיפלומט מפיצים (1986) בע`מ,RO,מרכך הד&שולדרס,מיליליטרים,275.00,"100 מ""ל",false,1,12.70,4.62,true,1,
8001841216584,false,תחבושות אולוויז אולטרה לילה בטוח,דיפלומט מפיצים (1968) בעמ,UA,תחבושות אולוייז,יחידה,1.00,יחידה,false,1,28.10,28.10,true,1,
8001841410524,false,שמפו הד&שולדרס קוקוס 600 מל,דיפלומט מפיצים (1968) בעמ,RO,שמפו הד&שולדרס,מיליליטרים,600.00,"100 מ""ל",false,1,18.70,3.12,true,1,
8001841413334,false,קונד.הד&שולדרס קוקוס275מ,פרוקטר אנד גמבל,RO,קונדיש.הד&שולדרס,מיליליטרים,275.00,"100 מ""ל",false,1,12.70,4.62,true,1,
8001841427126,false,מגן תחתון אולוויז מגה פק פרו פרש נורמל 64 יחי,דיפלומט מפיצים (1986) בע`מ,DE,אולווייז מגנים,יחידה,1.00,יחידה,false,1,17.00,17.00,true,1,
8001841427164,false,אולוויז פרו פרש מגן תחתון 4ב-1 לארג 40,פרוקטר אנד גמבל,DE,מגן תחתון פרו פר,יחידה,1.00,יחידה,false,1,17.00,17.00,true,1,
8001841500799,false,"הרבל אסנסס - שמפו ללא סולפטים אלוורה ומנגו 380 מ""ל",דיפלומט מפיצים (1968) בעמ,FR,שמפו ללא סולפטים,מיליליטרים,380.00,"100 מ""ל",false,1,14.40,3.79,true,1,
8001841500942,false,"הרבל אסנסס - שמפו ללא סולפטים אלוורה ובמבוק 380 מ""ל",דיפלומט מפיצים (1986) בע`מ,FR,שמפו ללא סולפטים,מיליליטרים,380.00,"100 מ""ל",false,1,14.40,3.79,true,1,
8001841502601,false,"הרבל אסנסס - מרכך ללא סולפטים אלוורה ובמבוק 275 מ""ל",דיפלומט מפיצים (1968) בעמ,FR,מרכך ללא סולפטים,מיליליטרים,275.00,"100 מ""ל",false,1,14.40,5.24,true,1,
8001841625188,false,סבון כלים פלטינום לימון X3 פעולות להסרת שומנים,דיפלומט מפיצים (1986) בע`מ,GB,פיירי נוזל כלים,מיליליטרים,515.00,"100 מ""ל",false,1,9.30,1.81,true,1,
8001841625362,false,"נוזל כלים בניחוח לימון פלטינום 780 מ""ל פיירי",דיפלומט מפיצים (1968) בעמ,GB,פיירי נוזל כלים,מיליליטרים,780.00,"100 מ""ל",false,1,10.60,1.36,true,1,
8001841625461,false,סבון כלים פלטינום X3 פעולות להסרת שומנים,דיפלומט מפיצים (1986) בע`מ,GB,פיירי נוזל כלים,מיליליטרים,515.00,"100 מ""ל",false,1,9.30,1.81,true,1,
8001841660257,false,מסכה לשיער פנטן מיראקלס במבוק 160 מל,דיפלומט מפיצים (1968) בעמ,FR,פנטן מיראקלס במב,מיליליטרים,160.00,"100 מ""ל",false,1,14.40,9.00,true,1,
8001841893990,false,פיירי טבליות למדיח פלטינום פלוס - מארז 30 יח',דיפלומט מפיצים (1986) בע`מ,,פיירי טב' למדיח,יחידה,1.00,יחידה,false,0,34.10,34.10,true,1,
8001841941929,false,אולוויז וליו פק לילה בטוח אקסטרא 16 יחידות,דיפלומט מפיצים (1986) בע`מ,DE,אולוויז לילה,יחידה,1.00,יחידה,false,1,17.00,17.00,true,1,
8001841943961,false,לנור כדוריות בושם בניחוח אוקיינוס 210 גר,דיפלומט מפיצים (1968) בעמ,US,לנור מבשם כביסה,גרמים,210.00,100 גרם,false,1,22.10,10.52,true,1,
8001841958460,false,פיירי טבליות למדיח אורגינל הכל באחד - מארז 48 יח',דיפלומט מפיצים (1986) בע`מ,,פיירי טב' למדיח,יחידה,1.00,יחידה,false,0,34.10,34.10,true,1,
8001906997557,false,פרל אנימה - מבעבע רוזה חצי מתוק 750 מל,,IT,פרל אנימה מבעבע,מיליליטרים,750.00,"100 מ""ל",false,1,30.00,4.00,true,1,
8002205319835,false,מזון לחתולים בוגרים בטעם סלמון פורינה ONE,קבוצת אוסם סחר-שות.מוגבלת,FR,מזון לחתול בוגר,גרמים,800.00,100 גרם,false,1,29.80,3.72,true,1,
8002205319903,false,מזון לחתולים בוגרים בטעם עוף פורינה ONE,קבוצת אוסם סחר-שות.מוגבלת,FR,ONE לחתול בוגר,גרמים,800.00,100 גרם,false,1,29.80,3.72,true,1,
8002270236792,false,אסנזה משקה מוגז בטעם לימון גרידת לימון- שישייה,סן פלגרינו San Pellegrino,IT,סן פלגרינו לימון,ליטרים,3.00,ליטר,false,1,28.30,9.43,true,1,
8002270256790,false,"שישייה סן פלגרינו אסנזה תפוז אדום 500 מ""ל",סן פלגרינו San Pellegrino,IT,סן פלגרינו פטל,ליטרים,3.00,ליטר,false,1,28.30,9.43,true,1,
8002270866524,false,סן פלגרינו מים מינרליים טבעיים מוגזים,סן פלגרינו San Pellegrino,IT,סן פלגרינו,ליטרים,1.00,ליטר,false,0,8.40,8.40,true,1,
8002450201008,false,"רספברי ספרקלטיני 750 מ""ל",הכרם - משקאות חריפים בעמ,IT,רספברי ספרקלטיני,מיליליטרים,750.00,"100 מ""ל",false,0,23.80,3.17,true,1,
8002450202005,false,שמפניה ספרקלטיני אסאי ורדי (750 מל),הכרם - משקאות חריפים בעמ,IL,ורדי אסאי,מיליליטרים,750.00,"100 מ""ל",false,0,23.80,3.17,true,1,
8002450203002,false,"משקה כהלי ורדי רימונים ספרקלטיני 750מ"".",הכרם - משקאות חריפים בעמ,IT,ורדי בטעם אבטיח,מיליליטרים,750.00,"100 מ""ל",false,1,23.80,3.17,true,1,
8002450205006,false,ספרקלטיני תות שדה ורדי בוסקה (750 מל),הכרם - משקאות חריפים בעמ,IT,ורדי תות שדה,מיליליטרים,750.00,"100 מ""ל",false,1,23.80,3.17,true,1,
8002450208007,false,ספרקלטיני גרין אפל ורדי בוסקה (750 מל),הכרם - משקאות חריפים בעמ,IT,ורדי גרין אפל,מיליליטרים,750.00,"100 מ""ל",false,0,23.80,3.17,true,1,
8002910043476,false,ויט רצועות שעווה מוכנות לקו הביקיני 12 יחידות,רקיט בנקיזר (ניר איסט) בעמ,FR,רצועות שעווה ויט,יחידה,1.00,יחידה,false,1,17.00,17.00,true,1,
8003130129506,false,סאן קרלו חטיפי תפוחי אדמה פריכים CLASSIC,קנדי חשמל ונכסים,IT,חטיפי תפוח אדמה,גרמים,50.00,100 גרם,false,1,5.00,10.00,true,1,
8003130129544,false,סאן קרלו חטיפי תפוחי אדמה פריכ.CROCCANTE,קנדי חשמל ונכסים,IT,חטיפי תפוח אדמה,גרמים,50.00,100 גרם,false,1,5.00,10.00,true,1,
8003207997854,false,"יין פאבולינו קיאנטי 750 מ""ל",,IT,קיאנטי פאבולינו,מיליליטרים,750.00,"100 מ""ל",false,1,34.10,4.55,true,1,
8003440997857,false,מסטיק פיור פרש בטעם מנטה אריזת חיסכון,פרפטי ואן מלה ברדה,TR,מסטיק מנטוס,גרמים,200.00,100 גרם,false,1,17.00,8.50,true,1,
8003440997871,false,מסטיק מנטוס פיור פרש אריזה 100יח טעם תות,פרפטי ואן מלה ברדה,TR,מסטיק מנטוס,גרמים,200.00,100 גרם,false,1,17.00,8.50,true,1,
8003753158587,false,אילי קפסולות אספרסו פורטה 10 יח' 57 גרם,דיפלומט מפיצים (1968) בעמ**,FR,קפסולות קפה אילי,גרמים,57.00,100 גרם,false,1,21.20,37.19,true,1,
8003753900438,false,קפה לנדוור אילי אספרסו טחון 250 גרם,ש.שסטוביץ בעמ,IT,קפה אספרסו אילי,גרמים,250.00,100 גרם,false,0,36.60,14.64,true,1,
8004690050507,false,L.M פסטה איטלקית פטוצ'יני 500 גרם,לה מוליסנה,IT,פסטה פטוצ'יני,גרמים,500.00,100 גרם,false,1,6.70,1.34,true,1,
8004690050620,false,L.M פסטה איטלקית לינגוויני 500 גרם,לה מוליזנה קמפובאסן,IT,פסטה לה מוליזנה,גרמים,500.00,100 גרם,false,1,6.70,1.34,true,1,
8004690051573,false,ספגטי לה מוליזנה 500 גרם,לה מוליזנה קמפובאסן,IT,ספגטי לה מוליזנה,גרמים,500.00,100 גרם,false,1,6.70,1.34,true,1,
8004690052044,false,פסטה פנה ריגטה 500 גרם,לה מוליזנה קמפובאסן,IT,פנה ריגטה,גרמים,500.00,100 גרם,false,1,6.70,1.34,true,1,
8004690052846,false,L.M פסטה איטלקית פוזילי 500 גרם,לה מוליסנה,IT,פסטה פוזילי,גרמים,500.00,100 גרם,false,1,6.70,1.34,true,1,
8004690101513,false,פסטה קוואדרטו מוליסא,לה מוליזנה קמפובאסן,IT,פסטה קוואדרטו,גרמים,500.00,100 גרם,false,1,6.70,1.34,true,1,
8004690106600,false,L.M פסטה איטלקית פרפאלה 500 גרם,לה מוליזנה קמפובאסן,IT,פסטה לה מוליזנה,גרמים,500.00,100 גרם,false,0,6.70,1.34,true,1,
8004708018987,false,מלח ורוד הימלאיה במטחנה 90 ארומה דה טוסק,דרוגיה ואלימנטרי אס.אר.א,IT,מלח ורוד במטחנה,גרמים,90.00,100 גרם,false,1,10.90,12.11,true,1,
8004708048779,false,מלח ורוד במטחנה 190 גרם,דרוגיה ואלימנטרי אס.אר.א,IT,מלח ורוד במטחנה,גרמים,190.00,100 גרם,false,1,25.50,13.42,true,1,
8004708048816,false,פלפל 4 עונות במטחנה85גר,דרוגיה ואלימנטרי אס.אר.א,IT,פלפל במטחנה,גרמים,85.00,100 גרם,false,1,25.50,30.00,true,1,
8004800000064,false,לאגו פלאסיר- גלילי ופל קרם קקאו בציפוי ש.חלב - 100 ג',תה ויסוצקי (ישראל) בעמ,IT,גלילי וופל לאגו,גרמים,100.00,100 גרם,false,1,11.00,11.00,true,1,
8004800000071,false,לאגו פלאסיר- גלילי ופל במילוי קרם אגוזי לוז שוקולד חלב - 100 ג',תה ויסוצקי (ישראל) בעמ,IT,גלילי וופל לאגו,גרמים,100.00,100 גרם,false,1,11.00,11.00,true,1,
8004800004802,false,לאגו פלאסיר גליליוופל קרם דומדמניות 100 גרם,תה ויסוצקי (ישראל) בעמ,IT,גלילי וופל לאגו,גרמים,100.00,100 גרם,false,1,11.00,11.00,true,1,
8004800004819,false,לאגו פלאסיר גלילי וופל קרם פסיפלורה 100 גרם,תה ויסוצקי (ישראל) בעמ,IT,וופלים במילוי,גרמים,110.00,100 גרם,false,1,11.00,10.00,true,1,
8004800004826,false,לאגו פלאסיר - וופלים במילוי קרם קוקוס שוקולד מריר - 98ג,תה ויסוצקי (ישראל) בעמ,IT,וופלים במילוי,גרמים,98.00,100 גרם,false,1,11.00,11.22,true,1,
8004800005526,false,וופל מיני רול גלילי ופל במילוי קרם קוקוס- 125 ג' לאגו,תה ויסוצקי (ישראל) בעמ,IT,גלילי וופל מיני,גרמים,125.00,100 גרם,false,1,7.60,6.08,true,1,
8005110000416,false,עגבניות חתוכ.במיץ 300*2ג,מוטי אס.פי.אי,IT,עגבניות חתוכות2*,גרמים,600.00,100 גרם,false,1,11.00,1.83,true,1,
8005110001772,false,רוטב פסטה עגב.פיצוטלו400,מוטי אס.פי.אי,IT,רוטב לפסטה,גרמים,400.00,100 גרם,false,1,11.00,2.75,true,1,
8005110002533,false,רוטב פסטה עגבנ.דטרינ400,מוטי אס.פי.אי,IT,רוטב לפסטה,גרמים,400.00,100 גרם,false,1,11.00,2.75,false,1,
8005110060007,false,עגבניות מקולפות MUTTI 400 גרם,רסטרטו יבוא ושיווק בעמ,IT,עגבניות מקולפות,גרמים,400.00,100 גרם,false,0,5.70,1.43,true,1,
8005110171215,false,עגבניות חתוכות 690 POLPAPEZZI ג' (כחול) MUTTI,רסטרטו יבוא ושיווק בעמ,IT,עגבניות חתוכות,גרמים,690.00,100 גרם,false,0,12.70,1.84,true,1,
8005110191015,false,רסק עגבניות ובזיליקום MUTTI{ירוק } 700 גרם,רסטרטו יבוא ושיווק בעמ,IT,מחית עגבניות קלה,גרמים,700.00,100 גרם,false,0,11.00,1.57,true,1,
8005110200014,false,רסק עגבניות 210 ג' CONCENTRATO MUTTI,רסטרטו יבוא ושיווק בעמ,IT,רכז עגבניות,גרמים,210.00,100 גרם,false,0,5.50,2.62,true,1,
8005110551253,false,רוטב לפיצה להכנת פיצה איטלקית קלאסית,רסטרטו יבוא ושיווק בעמ*אין החז,IT,רוטב לפיצה,גרמים,400.00,100 גרם,false,1,7.60,1.90,true,1,
8005200256587,false,נסטי - תה קר בטעם אפרסק 1.5 ליטר,מפעל סאנפלגרינו S.P.A,IT,נסטי בטעם אפר,ליטרים,1.50,ליטר,false,0,7.60,5.07,true,1,
8005200286584,false,תה קר נסטי מנגו אננס 1.5 ליטר פיקדון,מפעל סאנפלגרינו S.P.A,IT,נסטי מנגו אננ,ליטרים,1.50,ליטר,false,0,7.60,5.07,true,1,
8005200316588,false,תה קר נסטי אפרסק דיאט 1.5 ליטר פיקדון,מפעל סאנפלגרינו s.p.a,IT,נסטי דיאט אפר,ליטרים,1.50,ליטר,false,0,7.60,5.07,true,1,
8005469951452,false,ממרח אנשובי עם שמן חמניות,בנדטו סקלייה סרל,IT,ממרח אנשובי,גרמים,60.00,100 גרם,false,1,10.10,16.83,true,1,
8005852613509,false,שזיר טונה עם פפאיה 75גרם,,TH,שזיר טונה עם פפא,גרמים,75.00,100 גרם,false,0,5.10,6.80,true,1,
8005852750013,false,מעדן טונה לחתול 85 גרם,,TH,שזיר מעדן טונה,גרמים,85.00,100 גרם,false,0,5.10,6.00,true,1,
8005852750112,false,שזיר מעדן עוף 85 גרם,,TH,שזיר מעדן עוף,גרמים,85.00,100 גרם,false,0,5.10,6.00,true,1,
8005852750150,false,שזיר מעדן סלמון 85 גרם,,TH,שזיר מוס סלמון,גרמים,85.00,100 גרם,false,0,5.10,6.00,true,1,
8006227001372,false,סמנצאטו – לחם מחמצת לבן עם שמן זית ללא קשה 1400 גרם,רו. מאר ס.ר.ל,IT,לחם ללא קשה,גרמים,400.00,100 גרם,false,1,16.10,4.03,true,1,
8006540051054,false,פנטן מיראקלס שמפו ללא סולפטים 225 מל,דיפלומט,FR,שמפו פנטן,מיליליטרים,225.00,"100 מ""ל",false,1,17.00,7.56,true,1,
8006540088692,false,הרבל אסנס מסכה אינטנסיבית ארגן 450 מל,דיפלומט מפיצים 1968 בעמ,FR,הרבל אסנס מסכה,מיליליטרים,450.00,"100 מ""ל",false,1,38.30,8.51,true,1,
8006540091937,false,לנור כדוריות הבושם בניחוח אריאל 210 גרם,פטר קרמר עבור פרוקטור אנ,GB,לנור מבשם כביסה,גרמים,210.00,100 גרם,false,1,22.10,10.52,true,1,
8006540110317,false,שמפו מינרלס ביוטין + במבוק לשיער חזק וארוך,דיפלומט מפיצים (1968) בעמ,RO,פנטן מיראקלס,גרמים,400.00,100 גרם,false,1,14.40,3.60,true,1,
8006540112793,false,"מרכך כביסה מרוכז בניחוח יסמין לנור 900 מ""ל",דיפלומט מפיצים (1986) בע`מ,US,לנור מרכך מרוכז,מיליליטרים,900.00,"100 מ""ל",false,1,13.50,1.50,true,1,
8006540112823,false,"לנור מרכך כביסה מרוכז בניחוח האוקיינוס 900 מ""ל",דיפלומט מפיצים (1968) בעמ,US,לנור מרכך מרוכז,מיליליטרים,900.00,"100 מ""ל",false,1,13.50,1.50,true,1,
8006540112854,false,"מרכך כביסה מרוכז בניחוח סחלב לנור 900 מ""ל",דיפלומט מפיצים (1986) בע`מ,US,לנור מרכך מרוכז,מיליליטרים,900.00,"100 מ""ל",false,1,13.50,1.50,true,1,
8006540157374,false,מרכך מינרלס ביוטין + במבוק לשיער חזק וארוך,דיפלומט מפיצים (1968) בעמ,FR,פנטן מיראקלס,מיליליטרים,275.00,"100 מ""ל",false,1,14.40,5.23,true,1,
8006540163986,false,אריאל קפסולות לכביסה 35 יח`,דיפלומט מפיצים (1968) בעמ,FR,קפסולות לכביסה,יחידה,1.00,יחידה,false,1,34.10,34.10,true,1,
8006540221068,false,מגן תחתון אלוויז וליופק לונג פלוס 40 יחי',פרוקטר & גמבל,DE,מגן תחתון אולווי,יחידה,1.00,יחידה,false,1,15.30,15.30,true,1,
8006540221341,false,אולוויז מגן תחתון וליופק לארג' 48 יחידות,,DE,מגן תחתון אולווי,יחידה,1.00,יחידה,false,1,15.30,15.30,true,1,
8006540221464,false,מגן תחתון אולוויז וליופק נורמל 56 יחידות,,DE,מגן תחתון אולווי,יחידה,1.00,יחידה,false,1,15.30,15.30,true,1,
8006540222089,false,פמפרס מגבונים היגיינים לתינוקות וילדים TO GO 40 יח',דיפלומט מפיצים (1986) בע`מ,ES,מגבוני פמפרס,יחידה,1.00,יחידה,false,1,5.80,5.80,true,1,
8006540352960,false,טמפונים טמפקס פרל רגולר 20 יחידות,דיפלומט מפיצים (1986) בע`מ,HU,טמפקס,יחידה,1.00,יחידה,false,1,17.80,17.80,true,1,
8006540358498,false,טמפקס פרל סופר-פלוס 18 יחידות חדש,דיפלומט מפיצים (1968) בעמ,HU,טמפקס,יחידה,1.00,יחידה,false,1,17.80,17.80,true,1,
8006540385029,false,הד&שולדרס MEN שמפו ומרכך 2ב-1 אולטרא 540,URLATI GAMBLE & PROCTER,RO,הד&שולדרס מן 2ב1,מיליליטרים,540.00,"100 מ""ל",false,1,18.70,3.46,true,1,
8006540385067,false,הד&שולדרס MEN שמפו אולטרא ספורט מרענן540,URLATI GAMBLE & PROCTER,RO,ה&ש שמפו מן,מיליליטרים,540.00,"100 מ""ל",false,1,18.70,3.46,true,1,
8006540404850,false,דיסקריט תחבושות לבריחת שתן לונג 10 יח,דיפלומט מפיצים (1968) בעמ,DE,דיסקריט תחבושות,יחידה,1.00,יחידה,false,1,12.80,12.80,true,1,
8006540404935,false,דיסקריט תחבושות לבריחת שתן נורמל 12 יח,דיפלומט מפיצים (1968) בעמ,DE,דיסקריט תחבושות,יחידה,1.00,יחידה,false,1,12.80,12.80,true,1,
8006540405031,false,דיסקריט תחבושות לבריחת שתן סמול פלוס 16,דיפלומט מפיצים (1968) בעמ,DE,דיסקריט תחבושות,יחידה,1.00,יחידה,false,1,12.80,12.80,true,1,
8006540406694,false,פמפרס בייבי דריי פנטס מידה 4 42 יח,דיפלומט,PL,פמפרס מכנסונים,יחידה,1.00,יחידה,false,1,48.60,48.60,true,1,
8006540406724,false,פמפרס בייבי דריי פנטס מידה 5 38 יח,דיפלומט,PL,פמפרס מכנסונים,יחידה,1.00,יחידה,false,1,48.60,48.60,true,1,
8006540406793,false,פמפרס בייבי דריי פנטס מידה 6 34 יח,דיפלומט,PL,פמפרס מכנסונים,יחידה,1.00,יחידה,false,1,48.60,48.60,true,1,
8006540407684,false,דיסקריט תחבושות לבריחת שתן לילה 8 יח,דיפלומט,DE,תחבושות לילה,יחידה,1.00,יחידה,false,1,12.80,12.80,true,1,
8006540410967,false,הד&שולדרס 7 יתרונות ב-1 רב פעולות 450,S BLOIS GAMBLE & PROCTER,FR,הד&שולדרס שמפו,גרמים,450.00,100 גרם,false,1,18.70,4.15,true,1,
8006540429327,false,פיירי מקס פאוור לימון עם מנגנון למניעת נזילות,דיפלומט מפיצים (1968) בעמ,CZ,פיירי לימון,מיליליטרים,440.00,"100 מ""ל",false,1,9.30,2.11,true,1,
8006540463550,false,פיירי טבליות למדיח פלטינום 63 יחידות,דיפלומט מפיצים (1968) בעמ,BE,פיירי טבליות,יחידה,1.00,יחידה,false,1,46.00,46.00,true,1,
8006540491539,false,"נוזל כלים פיירי פלטינום אוריגינל 780 מ""ל",דיפלומט מפיצים (1986) בע`מ,GB,פיירי פלטינום,מיליליטרים,780.00,"100 מ""ל",false,1,10.60,1.36,true,1,
8006540495186,false,לנור מרכך כביסה מרוכז רגיש בייבי 900 מל,דיפלומט מפיצים (1986) בע`מ,FR,מרכך כביסה בייבי,מיליליטרים,900.00,"100 מ""ל",false,1,13.50,1.50,true,1,
8006540495216,false,"לנור מרכך כביסה מרוכז בניחוח אמאטיסט 900 מ""ל",דיפלומט מפיצים (1986) בע`מ,FR,מרכך כביסה לנור,מיליליטרים,900.00,"100 מ""ל",false,1,13.50,1.50,true,1,
8006540495247,false,"לנור מרכך כביסה מרוכז בניחוח פרחי בר 900 מ""ל",דיפלומט מפיצים (1968) בעמ,FR,מרכך כביסה לנור,מיליליטרים,900.00,"100 מ""ל",false,1,13.50,1.50,true,1,
8006540620403,false,"טייד אבקת כביסה אפקט פיירי 7 ק""ג",דיפלומט מפיצים (1986) בע`מ,TR,טייד אבקת כביסה,קילוגרמים,7.00,"ק""ג",false,1,48.60,6.94,true,1,
8007178120310,false,"חומץ בלסמי 500 מ""ל (דיפלומט)",דיפלומט מפיצים (1968) בעמ**,IT,חומץ בלסמי,מיליליטרים,500.00,"100 מ""ל",false,0,17.00,3.40,true,1,
8007270999012,false,שמן גרעיני ענבים קוסטה דורו 1 ליטר,קוסטה דיאורו,IT,שמן גרעיני ענבים,ליטרים,1.00,ליטר,false,0,38.40,38.40,true,1,
8008090604223,false,"אידוי ע""ב ציטרונלה ושמנים טבעיים ספירה גרין מ30 טבליות",זובלה גרופ,IT,טבליות ספירה30יח,יחידה,1.00,יחידה,false,1,12.70,12.70,true,1,
8008245004847,false,ממרח אגוזי לוז וקקאו מובנפיק 300 גרם,א. סיימן סחר בעמ,IT,ממרח אגוזי לוז,גרמים,300.00,100 גרם,false,1,12.70,4.23,true,1,
8008245004861,false,ממרח אגוזי לוז עם חלב מובנפיק 300 גרם,יבואן ומשווק: ש. שסט,IT,ממרח אגוזי לוז,גרמים,300.00,100 גרם,false,1,12.70,4.23,true,1,
8008343200035,false,פסטה רומו ספגטי 500 גרם,רומו Rummo,IT,פסטה רומו,גרמים,500.00,100 גרם,false,1,7.60,1.52,true,1,
8008343200134,false,פסטה רומו לינגוינה 500גר,רומו Rummo,IT,פסטה רומו,גרמים,500.00,100 גרם,false,1,7.60,1.52,true,1,
8008343200424,false,פסטה קונקילי ריגטה Conchiglie rigate,רומו Rummo,IT,פסטה רומו,גרמים,500.00,100 גרם,false,1,7.60,1.52,true,1,
8008343200486,false,פסטה רומו פוזילי 500 גרם,רומו Rummo,IT,פסטה רומו,גרמים,500.00,100 גרם,false,1,7.60,1.52,true,1,
8008343200660,false,פסטה רומו פנה ריגטה500גר,רומו Rummo,IT,פסטה רומו,גרמים,500.00,100 גרם,false,1,7.60,1.52,true,1,
8008343200851,false,פסטה רומו פרפלה 500 גרם,רומו Rummo,IT,פסטה רומו,גרמים,500.00,100 גרם,false,1,7.60,1.52,true,1,
8008343201377,false,פסטה רומו רדיאטורי 500גר,רומו Rummo,IT,פסטה רומו,גרמים,500.00,100 גרם,false,1,7.60,1.52,true,1,
8008660210014,false,מעדן משמש מנז אנד גאסר ויסוצקי 300 גרם,תה ויסוצקי (ישראל) בעמ,IT,מעדן משמש,גרמים,300.00,100 גרם,false,1,14.40,4.80,true,1,
8008660210021,false,מעדן ריבה מנץ אנד גאססר דובדבן 300 גר,תה ויסוצקי (ישראל) בעמ,IT,מעדן דובדבן,גרמים,300.00,100 גרם,false,1,14.40,4.80,true,1,
8008660210038,false,מעדן ריבה מנץ אנד גאססר תות שדה 300 גר,תה ויסוצקי (ישראל) בעמ,IT,מעדן תות שדה,גרמים,300.00,100 גרם,false,1,14.40,4.80,true,1,
8008660210045,false,מעדן פירות יער מנז אנד גאסר ויסוצקי 300 גרם,תה ויסוצקי (ישראל) בעמ,IT,מעדן פירות יער,גרמים,300.00,100 גרם,false,1,14.40,4.80,true,1,
8008660210052,false,מעדן פרי תפוז מנז אנד גאסר ויסוצקי 320 גרם,תה ויסוצקי (ישראל) בעמ,IT,מעדן תפוז,גרמים,320.00,100 גרם,false,1,14.40,4.50,true,1,
8008698002100,false,מקלות גריסיני 200 גרם ד''ר שר,"ד""ר שר ס.ר.ל",IT,גריסיני אפויים,גרמים,150.00,100 גרם,false,0,17.80,11.87,true,1,
8008698003503,false,עוגיות שיבולת שועל עם צימוקים 250 גר,ל.י.ב. (לחיות יותר בטבע) בעמ,IT,קרקר מלבני שר,גרמים,210.00,100 גרם,false,0,24.70,11.76,true,1,
8008698004548,false,ביסקוויטים בציפוי קרם ללא גלוטן 150 גר,ל.י.ב. (לחיות יותר בטבע) בעמ,DE,ביסקוויט מצופה,גרמים,150.00,100 גרם,false,1,17.00,11.33,true,1,
8008698004753,false,פרורי לחם ללא גלוטן 300 גר,,DE,פירורי לחם,גרמים,300.00,100 גרם,false,1,17.00,5.67,true,1,
8008698008157,false,שר עוגיות שוקולד במילוי קרם שמנת ללא גלוטן 100 גר',ל.י.ב. (לחיות יותר בטבע) בעמ,IT,עוגיות ממולאות,גרמים,100.00,100 גרם,false,0,9.30,9.30,true,1,
8008698012857,false,ביסקויט פתי בר בטעם חמאה 165 גרם ללא גלוטן petit,ל.י.ב. (לחיות יותר בטבע) בעמ,IT,ביסקוויט ל.גלוטן,גרמים,165.00,100 גרם,false,1,12.70,7.69,true,1,
8008698013045,false,עוגיות הופס 220גרם ללא גלוטן HOOPS,דר שר דויטשלנד ג'\י אם ב,DE,עוגיות עם דבש,גרמים,220.00,100 גרם,false,1,16.10,7.32,true,1,
8008698024065,false,פאן בלנקו-לחם ללא גלוטן 250 גרם,schar,IT,פאן בלנקו פרוס,גרמים,250.00,100 גרם,false,1,15.30,6.12,true,1,
8008698024188,false,פאן רוסטיקו מאפה ללא גלוטן 250 גר`,לחיות יותר בטבע בעמ,IT,פאן רוסטיקו פרוס,גרמים,250.00,100 גרם,false,1,15.30,6.12,true,1,
8008698054109,false,מילוי גריס - ממרח אגוזי לוז עם קקאו בתוספות מקלות 52 גרם,"ד""ר שר ס.ר.ל",IT,ממרח אגוזי לוז,גרמים,52.00,100 גרם,false,1,11.00,21.15,true,1,
8008940228005,false,גנדולה עוגיות כוסמין אורגניות 350 גרם,תות תעשיות מזון (201,IT,עוגיות כוסמין,גרמים,300.00,100 גרם,false,1,15.30,5.10,true,1,
8010024006010,false,חמאת שקדים 100% השקד נטורפוד 350 גרם,תות תעשיות מזון (201,IT,חמאת שקדים100%,גרמים,350.00,100 גרם,false,1,37.50,10.71,true,1,
8010445003308,false,שמן זית כתית מעולה 750 מ,CLEMENTE OLEARIA,IT,שמן זית קלמנטה,גרמים,750.00,100 גרם,false,0,29.80,3.97,true,1,
8011033011279,false,קוסקוס אמיתי 1 קג מר,דין שיווק וקליה 2021 בעמ,IT,קוסקוס מרקש,קילוגרמים,1.00,"ק""ג",false,0,8.40,8.40,true,1,
8014515330059,false,עגבניות שלמות מקולפות400,שופרסל-ייבוא,IT,עגבניות שלמות,גרמים,400.00,100 גרם,false,0,5.00,1.25,true,1,
8014515330738,false,קוביות עגבניות פומו400גר,שופרסל-ייבוא,IT,קוביות עגבניות,גרמים,400.00,100 גרם,false,0,5.00,1.25,true,1,
8014601026354,false,"קמח ""00"" איטלקי לפיצה שף אדום 1 ק""ג",דיפלומט מפיצים (1968) בעמ**,IT,קמח פיצה שף,קילוגרמים,1.00,"ק""ג",false,1,11.00,11.00,true,1,
8014601028747,false,קמח 00 איטלקי כחול 1 קג CAPUTO,דיפלומט מפיצים (1968) בעמ**,IT,קמח אקסטרה,קילוגרמים,1.00,"ק""ג",false,1,10.10,10.10,true,1,
8017938005122,false,"נטורפוד חומץ תפוחים אורגני 750 מ""ל",מריה לוצ'יה מלצ'יורי,IT,ח. תפוחים אורגני,מיליליטרים,750.00,"100 מ""ל",false,0,14.40,1.92,true,1,
8017938005764,false,מיץ תפוחים אורגני 100% 1 ליטר נטורפוד,נטורפוד בעמ,IT,מיץ תפוחים,ליטרים,1.00,ליטר,false,0,17.10,17.10,true,1,
8021228902442,false,רביולי ללא גלוטן במילוי ביונד מיט 250 ג' דה אנג'ליס,ג.וילי-פוד אינטרנשיונל **גבינו,GR,רביולי במילוי בי,גרמים,250.00,100 גרם,false,1,17.00,6.80,true,1,
8024046201018,false,מחית אורגנית שזיפים 120 גרם,ביואיטליה,IT,מחית אורגנית,גרמים,120.00,100 גרם,false,1,5.00,4.17,true,1,
8024046202015,false,"מחית אורגנית תפו""ע תות שדה ובננה 120 גרם",ביואיטליה,IT,מחית אורגנית,גרמים,120.00,100 גרם,false,1,5.00,4.17,true,1,
8024046203012,false,מחית אורגנית תפוחי עץ ואוכמניות 120 גר,ביואיטליה,IT,מחית אורגנית,גרמים,120.00,100 גרם,false,1,5.00,4.17,true,1,
8024046204019,false,מחית אורגנית גזר משמש ודלעת 120 גרם,ביואיטליה,IT,מחית אורגנית,גרמים,120.00,100 גרם,false,1,5.00,4.17,true,1,
8024985000079,false,מחית תפוח משמש 100% פרי 200 ג נטורה נובה,נטורפוד בעמ,IT,מחית תפוח משמש,גרמים,200.00,100 גרם,false,0,8.40,4.20,true,1,
8024985000116,false,מחית תפוח אוכמ 100% פרי 200 ג נטורה נובה,"נטורפוד בע""מ",IT,מחית תפוח אוכמני,גרמים,200.00,100 גרם,false,0,8.40,4.20,true,1,
8024985002783,false,מחית פירות סמוצ`י תפוח גזר דלעת ללא תוספ,נטורפוד בעמ,IT,סמוזי גזר ודלעת,גרמים,100.00,100 גרם,false,1,5.00,5.00,true,1,
8024985002912,false,מחית סמוצ`י תפוח אגס בטטה אורגנית נטורה,נטורפוד בעמ,IT,סמוזי תפוח אגס,גרמים,100.00,100 גרם,false,1,5.00,5.00,true,1,
8024985002943,false,מחית סמוצ`י תפוח אננס קוקוס אורגנית נטור,נטורפוד בעמ,IT,סמוזי אננס קוקוס,גרמים,100.00,100 גרם,false,1,5.00,5.00,true,1,
8024985002950,false,מחית פירות סמוצ`י שזיף אורגנית נטורה נוב,נטורפוד בעמ,IT,סמוזי שזיף,גרמים,100.00,100 גרם,false,1,5.00,5.00,true,1,
8024985002967,false,מחית סמוצ`י בננה תרד נטורה נובה 100 גרם,נטורפוד בעמ,IT,סמוזי תפוח בננה,גרמים,100.00,100 גרם,false,1,5.00,5.00,true,1,
8024985003988,false,מחית פירות סמוצ`י תפוחים ובננה אורגנית ל,נטורפוד בעמ,IT,סמוזי תפוח בננה,גרמים,100.00,100 גרם,false,1,5.00,5.00,true,1,
8024985005234,false,מחית פירות סמוצ`י תפוח עץ ומנגו אורגנית,נטורפוד בעמ,IT,סמוזי תפוח אפרסק,גרמים,100.00,100 גרם,false,1,5.00,5.00,true,1,
8024985005296,false,סמוזי אגס בננה תפוח וקינואה אורגני,נטורפוד בעמ,IT,סמוזי,גרמים,120.00,100 גרם,false,1,5.50,4.58,true,1,
8024985008037,false,מחית פירות סמוצ`י תפוח אורגנית ללא תוספת,"נטורפוד בע""מ",IT,סמוזי תפוח,גרמים,100.00,100 גרם,false,0,5.00,5.00,true,1,
8024985008044,false,מחית פירות סמוצ`י אגס אורגנית ללתס נטור,"נטורפוד בע""מ",IT,סמוזי אגס,גרמים,100.00,100 גרם,false,0,5.00,5.00,true,1,
8024985008051,false,מחית פירות סמוצ`י פירות אדומים אורגנית ל,"נטורפוד בע""מ",IT,סמוזי פירות אדום,גרמים,100.00,100 גרם,false,0,5.00,5.00,true,1,
8024985011204,false,נטורה נובה-סמוזי תפוח תות בננה 100 גרם,נטורה נובה,IT,סמוזי תפוח,גרמים,100.00,100 גרם,false,1,5.00,5.00,true,1,
8032793342458,false,עגבניות מרוסקות דק ומסוננות בבקבוק 700 ג',קונסוריזיו קאסאלסקו דל פ,IT,עגבניות מרוסקות,גרמים,700.00,100 גרם,false,1,10.10,1.44,true,1,
8032793344292,false,עגבניות מרוסקות דק בקבוק 700 גר` פולפה,קונסוריזיו קאסאלסקו דל פ,IT,עגבניות חתוכות,גרמים,700.00,100 גרם,false,1,10.10,1.44,true,1,
8032804430761,false,פליסיה קופסא - לזניה עדשים צהובות אורגני 250 גרם,אף.סי תבליני בגליל ב,IT,דפי לזניה אורגני,גרמים,250.00,100 גרם,false,1,13.50,5.40,true,1,
8032880800243,false,פיקניק הפתעה - אגוזי לוז ומקלות אפויים,"הוסטה איטליה, ס.ר.ל.",IT,פיקניק הפתעה,גרמים,50.00,100 גרם,false,0,6.70,13.40,true,1,
8033275522368,false,"יין מונטרו קיאנטי, 750 מ""ל י מונטרו",היכל היין שקד גולן בעמ,IT,מונטרו קיאנטי,מיליליטרים,750.00,"100 מ""ל",false,1,51.10,6.81,true,1,
8033413430708,false,ליקר למונצ'ילו וילה מסה,וילה מאסה,DE,לימונצ'לו,מיליליטרים,700.00,"100 מ""ל",false,1,81.10,11.58,true,1,
8052440756216,false,שמן חמניות אורגני כבישה קרה 1 ליטר,תות תעשיות מזון (201,IT,שמן חמניות 1ליטר,ליטרים,1.00,ליטר,false,0,28.20,28.20,true,1,
8056040250068,false,טרה די סטה קיאנטי 750 מל,טרה די סטה,,טרה די סטה קיאנט,יחידה,1.00,יחידה,false,0,50.90,50.90,true,1,
8076800195019,false,ברילה - צ.א ספגטי מס1 קפליני 500 גרם,ברילה גי.אי.אר פרטלי ס.פ,IT,ספגטי ברילה,גרמים,500.00,100 גרם,false,0,5.90,1.18,true,1,
8076800195033,false,ברילה - צ.א ספגטיני מס3 חדש 500 גרם,ברילה גי.אי.אר פרטלי ס.פ,IT,ספגטיני מס' 3,גרמים,500.00,100 גרם,false,0,5.90,1.18,true,1,
8076800195057,false,ברילה - צ.א ספגטי מס5 חדש 500 גרם,ברילה גי.אי.אר פרטלי ס.פ,IT,ספגטי מס 5 ברילה,גרמים,500.00,100 גרם,false,0,5.90,1.18,true,1,
8076800195132,false,ברילה - צ.א בבטה מס13 500 גרם,ברילה גי.אי.אר פרטלי ס.פ,IT,אטריות בבטה,גרמים,500.00,100 גרם,false,0,5.90,1.18,true,1,
8076800315097,false,פסטה מקרוני בוקטיני מספר 9 ברילה 500 גרם,ברילה גי.אי.אר פרטלי ס.פ,IT,ספגטי בוקטיני,גרמים,500.00,100 גרם,false,0,5.90,1.18,true,1,
8076802085738,false,ברילה צ.ק פנה רגטה מס' 73 500 גרם,ברילה גי.אי.אר פרטלי ס.פ,IT,פנה ריגטה ברילה,גרמים,500.00,100 גרם,false,0,5.90,1.18,true,1,
8076802085837,false,ברילה - צ.ק טורטליוני מס83 500 גרם,הנסיך- מפעל לייצור ט,IT,פסטה טורטיליוני,גרמים,500.00,100 גרם,false,1,5.90,1.18,true,1,
8076802085936,false,ברילה פסטה צ.ק. קונצילה ריגטה חדש,ברילה גי.אי.אר פרטלי ס.פ,IT,קונצ'יליה,גרמים,500.00,100 גרם,false,0,5.90,1.18,true,1,
8076802085981,false,ברילה - צ.ק פוזילי חדש 500 גרם,ברילה גי.אי.אר פרטלי ס.פ,IT,פוזילי ברילה,גרמים,500.00,100 גרם,false,0,5.90,1.18,true,1,
8076808050440,false,פסטה מקרוני מספר 44 ברילה 500 גרם,ש. שסטוביץ בע`מ,IT,מקרוני ברילה,גרמים,500.00,100 גרם,false,0,5.90,1.18,true,1,
8076808060654,false,פסטה פרפלה מספר 65 ברילה 500 גרם,ברילה גי.אי.אר פרטלי ס.פ,IT,פסטה פרפלה ברילה,גרמים,500.00,100 גרם,false,0,5.90,1.18,true,1,
8076808150072,false,ברילה - צ.א ספגטוני מס7 חדש 500 גרם,ברילה גי.אי.אר פרטלי ס.פ,IT,ספגטי ברילה,גרמים,500.00,100 גרם,false,0,5.90,1.18,true,1,
8076809512268,false,פסטה גירנדולה טורסדס מספר 34 ברילה 500 גרם,ברילה גי.אי.אר פרטלי ס.פ,IT,פסטה גירנדולה,גרמים,500.00,100 גרם,false,0,5.90,1.18,true,1,
8076809513388,false,ברילה רוטב אראביאטה צילי לפסטה 400 ג,ברילה גי.אי.אר פרטלי ס.פ,IT,רוטב לפסטה,גרמים,400.00,100 גרם,false,0,12.70,3.18,true,1,
8076809513395,false,ברילה פומודורו רוטב עגבניות קלאסי 400 גר,ברילה גי.אי.אר פרטלי ס.פ,IT,רוטב עגבניות,גרמים,400.00,100 גרם,false,0,12.70,3.18,true,1,
8076809513654,false,בסיס רוטב עגבניות לבולונז ברילה 400 גרם,ברילה גי.אי.אר פרטלי ס.פ,IT,בסיס לרוטב,גרמים,400.00,100 גרם,false,0,12.70,3.18,true,1,
8076809513692,false,רוטב עגבניות נפולטנה בתוספת ירקות,ברילה גי.אי.אר פרטלי ס.פ,IT,רוטב לפסטה,גרמים,400.00,100 גרם,false,0,12.70,3.18,true,1,
8076809513739,false,ברילה רוטב עגבניות עם בזיליקום 400 גרם,ברילה גי.אי.אר פרטלי ס.פ,IT,רוטב בזיליקום,גרמים,400.00,100 גרם,false,0,12.70,3.18,true,1,
8076809523561,false,ברילה - רוטב פסטה בטעם טוסקנה 400 גרם,ברילה גי.אי.אר פרטלי ס.פ,IT,רוטב עגבניות,גרמים,400.00,100 גרם,false,0,12.70,3.18,true,1,
8076809545440,false,ספגטי מספר 5 ללא גלוטן ברילה (400 גרם),ברילה ג'.אי.אר פרטלי,IT,אטריות ללא גלוטן,גרמים,400.00,100 גרם,false,1,12.70,3.18,true,1,
8076809545457,false,ברילה אטריות ללא גלוטן 400 ג' צינורות 400 ג',ברילה ג'.אי.אר פרטלי,IT,ברילה צינורות,גרמים,400.00,100 גרם,false,1,12.70,3.18,true,1,
8076809545464,false,ברילה פסטה ללא גלוטן צורת ספירלי 400 גר,מולינו אנדריאני אס.א,IT,ספירלי ברילה,גרמים,400.00,100 גרם,false,1,12.70,3.18,true,1,
8076809547956,false,פסטה ברילה קיפרי 500 גרם,ברילה ג'.אי.אר פרטלי,IT,ברילה קיפרי,גרמים,500.00,100 גרם,false,1,5.90,1.18,true,1,
8076809578998,false,ברילה - צ.ק. סטלינה 500 גרם,ברילה גי. אי. אר פרטלי ס,IT,ברילה צ.ק סטלינה,גרמים,500.00,100 גרם,false,1,5.90,1.18,true,1,
8121300206946,false,ממתיק סיטיביה טרוביה 80 שקיות אישיות,גורי ע.ע.ע. בע`מ,US,ממתיק טרוביה,גרמים,80.00,100 גרם,false,1,8.40,10.50,true,1,
8121300207004,false,טרוביה - סטיביה ממתיק בצנצנת 270 גרם,קספרס פאקאגעהג,US,טרוביה בצנצנת,גרמים,270.00,100 גרם,false,1,25.50,9.45,true,1,
8121300207172,false,טרוביה- סטיביה תערובת סוכר קנים 500 גרם,קספרס פאקאגעהג,US,סטיביה סוכר קנים,גרמים,500.00,100 גרם,false,1,29.80,5.96,true,1,
8121300208780,false,טרוביה תחליף סוכר לכל מטרה 360 גרם,גורי ע.ע.ע. בעמ,US,טרוביה תחליף,גרמים,360.00,100 גרם,false,1,29.80,8.28,true,1,
8410076600622,false,חטיפי גרנולה קראנצ'י עם שוקולד מריר נייצ'ר ואלי 210 גרם,ג'נרל מילס סאן אדריאן,ES,נייצר וואלי שוקו,גרמים,210.00,100 גרם,false,0,17.00,8.10,true,1,
8410076610386,false,נייטשר ואלי פרוטאין בוטנים עם ציפוי בטעם קרמל מלוח 160 ג',ג'\נרל מילס סאן אדריאן S,ES,נייטשר וואלי 4יח,גרמים,160.00,100 גרם,false,1,21.20,13.25,true,1,
8410076610508,false,"חטיף שיבולת שועל מלאה עם בוטנים, שקדים ושוקולד מריר בציפוי בטעם שוקולד",נייצ'ר ואלי Nature Valley,GB,חטיפי צ'ואי 5 יח,גרמים,150.00,100 גרם,false,1,17.00,11.33,true,1,
8410076621009,false,עוגות אישיות בטעם קרמל עם חתיכות בטעם קרמל מלוח,ליימן שליסל בע`מ,ES,חטיפי פייבר 1,גרמים,120.00,100 גרם,false,1,12.70,10.58,true,1,
8410076621047,false,עוגות אישיות בטעם שוקולד עם חתיכות בטעם שוקולד,ליימן שליסל בע`מ,ES,חטיפי פייבר 1,גרמים,120.00,100 גרם,false,1,12.70,10.58,true,1,
8410104039134,false,"מנקה ומחדש מדיח כלים פיניש 250 מ""ל",רקיט בנקיזר (ניר איסט) בעמ,PL,פיניש ניקוי מדיח,מיליליטרים,250.00,"100 מ""ל",false,0,12.70,5.08,true,1,
8410104044916,false,אבקה למדיח כלים פיניש (2.7 קג),רקיט בנקיזר (ניר איסט) בעמ,PL,פיניש אבקה למדיח,קילוגרמים,2.70,"ק""ג",false,0,36.60,13.56,true,1,
8410104045111,false,"פיניש מלח למדיח כלים 2ק""ג",רקיט בנקיזר (ניר איסט) בעמ,IL,מלח למדיח,קילוגרמים,2.00,"ק""ג",false,0,12.70,6.35,true,1,
8410104437268,false,מפיג ריח רגיל למדיח פיניש 1 יחידה,רקיט בנקיזר (ניר איסט) בעמ,HU,פיניש מפיג ריח,יחידה,1.00,יחידה,false,0,12.70,12.70,true,1,
8410128768355,false,ויוה סוי סויה קלאסי קרטונית ליטר,טמפו משקאות בע`מ,ES,משקה סויה,ליטרים,1.00,ליטר,false,1,9.30,9.30,true,1,
8410128783587,false,ויוה סוי שיבולת שועל בריסטה קרטונית,טמפו משקאות בעמ,ES,משקה שיבולת,ליטרים,1.00,ליטר,false,1,10.10,10.10,true,1,
8410179000411,false,שמן צמחי E+Dויטמין 1ל,PONTU BORGES ACEITES,ES,שמן צמחי מועשר,ליטרים,1.00,ליטר,false,1,12.70,12.70,true,1,
8410179010809,false,שמן קנולה בורחס 1 ליטר,בורחס,ES,שמן קנולה,ליטרים,1.00,ליטר,false,1,11.80,11.80,true,1,
8410179014814,false,שמן צמחיE+ויטמין 1ליטר,PONTU BORGES ACEITES,ES,שמן צמחי מועשר,ליטרים,1.00,ליטר,false,1,12.70,12.70,true,1,
8410179014821,false,שמן קנולה + E ויטמין 1ל,PONTU BORGES ACEITES,ES,שמן קנולה,ליטרים,1.00,ליטר,false,1,12.70,12.70,true,1,
8410179018027,false,שמן קנולה מועשר 1 ליטר,FOO BRANDED BORGES,ES,שמן קנולה מועשר,ליטרים,1.00,ליטר,false,1,12.70,12.70,true,1,
8410179100043,false,שמן זית בורחס מעולה750מל,PONTU BORGES ACEITES,ES,שמן זית כתית,מיליליטרים,750.00,"100 מ""ל",false,0,28.90,3.85,true,1,
8410179100845,false,שמן זית מזיתי פיקואל750מ,,ES,שמן זית פיקואל,מיליליטרים,750.00,"100 מ""ל",false,0,28.90,3.85,true,1,
8410179100944,false,"שמן זית אוחיבלנקה 750מ""ל",בורחס,ES,שמן זית,מיליליטרים,750.00,"100 מ""ל",false,0,28.90,3.85,true,1,
8410376009392,false,ביסקויט מחיטה מלאה ללא תוספת סוכר גולון 170 גרם,גאלטס גלון סא,ES,"ביסקוויט ללת""ס",גרמים,170.00,100 גרם,false,1,8.40,4.94,true,1,
8410376010701,false,"ביסקוויט ללת""ס גולון גלטה מריה 400 גר",תות תעשיות מזון (201,ES,"ביסקוויט ללת""ס",גרמים,400.00,100 גרם,false,1,16.10,4.03,true,1,
8410376044959,false,גולון דיבוס שרקיז ללא גלוטן ולקטוז 250גר,דן נקסט,ES,ביסקויט לל גלוטן,גרמים,250.00,100 גרם,false,1,17.00,6.80,true,1,
8410436218290,false,צבע שיער סאיוס אולאו אינטנס 1-10,סאיוס syoss,DE,צבע לשיער סאיוס,יחידה,1.00,יחידה,false,0,37.50,37.50,true,1,
8410436227698,false,סאיוס אולאו אינטנס 3-10 חום עמוק,סאיוס syoss,DE,צבע לשיער סאיוס,יחידה,1.00,יחידה,false,0,37.50,37.50,true,1,
8410628460605,false,טונה ספרדית בשמן זית בצנצנת 190 גרם,תומר יבוא ושיווק מוצרי מזון (1,ES,נתחי טונה,גרמים,190.00,100 גרם,false,1,24.70,13.00,true,1,
8410644611210,false,יין קאווה איבריקה לבן חצי יבש Cava Iberica,טמפו משקאות בע`מ,ES,קאווה איבריקה,מיליליטרים,750.00,"100 מ""ל",false,0,25.50,3.40,true,1,
8410650169156,false,אולטימה לכלבים גזע קטן3ק,,ES,מזון לכלבים,קילוגרמים,3.00,"ק""ג",false,1,93.00,31.00,true,1,
8410655000423,false,בירה רביעייה 5.4% אלכוהול 330 מל סאן מי,סרבסס סאן מיגל אס.אל.יו,ES,בירה סאן מיגל4יח,ליטרים,1.32,ליטר,false,0,25.70,19.47,true,1,
8412300801072,false,"קרם רב שימושי ניוואה 400 מ""ל",אלפא- ב.ד.ף בעמ,DE,"ניוואה קרם רב""ש",מיליליטרים,400.00,"100 מ""ל",false,1,23.80,5.95,true,1,
8422443005602,false,קברנה טורס דה אספניה750מ,בומד,DE,קברנה אספניה,מיליליטרים,750.00,"100 מ""ל",false,1,36.70,4.89,true,1,
8423207206488,false,סלים דליס חטיף דגנים מצופה שוקולד חלב מרבה 6*20 גרם,אף.סי תבליני בגליל ב,ES,חטיפי דגנים מרבה,גרמים,120.00,100 גרם,false,0,9.30,7.75,true,1,
8423207206495,false,סלים דליס חטיף דגנים מצופה שוקולד מריר מרבה 6*20 גרם,אף.סי תבליני בגליל ב,ES,חטיפי דגנים מרבה,גרמים,120.00,100 גרם,false,0,9.30,7.75,true,1,
8423207206501,false,סלים דליס חטיף דגנים עם שוקולד חלב מרבה 6*13 גרם,סלים דליס Slim Delis,ES,חטיפי דגנים מרבה,גרמים,120.00,100 גרם,false,0,9.30,7.75,true,1,
8423207207362,false,חטיפי סלים דליס שוקולד לבן מרבה 6 יחידות,ביסנצ'ורי אס.אל.יו,ES,סלים דליס,גרמים,120.00,100 גרם,false,0,9.30,7.75,true,1,
8423207208260,false,מרבה סלים דליס 125 ג' ללא גלוטן שוקולד חלב,ביסנצ'ורי אס.אל.יו,ES,חטיף דגנים,גרמים,78.00,100 גרם,false,1,9.30,11.92,true,1,
8423207208680,false,חטיף דגנים שוקולד סלים דליס לילדים מרבה 6 יחידות,ביסנצ'ורי אס.אל.יו,ES,סלים דליס 6 יח,גרמים,120.00,100 גרם,false,1,9.30,7.75,true,1,
8423207208697,false,חטיפי סלים דליס לילדים שוקולד לבן מרבה 6 יחידות,ביסנצ'ורי אס.אל.יו,ES,סלים דליס 6 יח,גרמים,120.00,100 גרם,false,1,9.30,7.75,true,1,
8423207208703,false,חטיפי סלים דליס שוקולד מריר מרבה 6 יחידות,ביסנצ'ורי אס.אל.יו,ES,סלים דליס 6 יח,גרמים,120.00,100 גרם,false,1,9.30,7.75,true,1,
8423207208871,false,פריכיות תירס בטעם טבעי סלים דליס 130 גרם,גורי מוצרי צריכה (1991) בעמ,ES,פריכיות תירס,גרמים,130.00,100 גרם,false,1,8.40,6.46,true,1,
8423207208888,false,פריכיות תירס בטעם עגבניות ועשבי תיבול סלים דליס 123 ג',גורי מוצרי צריכה (1991) בעמ,ES,פריכיות תירס,גרמים,123.00,100 גרם,false,1,8.40,6.83,true,1,
8423207208895,false,פריכיות תירס בטעם זיתים ועירית סלים דליס 123 ג',גורי מוצרי צריכה (1991) בעמ,ES,פריכיות תירס,גרמים,123.00,100 גרם,false,1,8.40,6.83,true,1,
8423207209885,false,מרבה חטיפי סלים דליס מהדורה מיוחדת שוקולד חלב,סלים דליס Slim Delis,ES,"סלים דליס כשל""פ",גרמים,120.00,100 גרם,false,1,9.30,7.75,true,1,
8423207210287,false,מרבה סלים דליס שוקולד לבן בטעם יוגורט 120 ג',סלים דליס Slim Delis,ES,סלים דליס 6 יח,גרמים,120.00,100 גרם,false,1,9.30,7.75,true,1,
8423207210928,false,חטיף דגנים מצופה שוקולד חלב ואגוזי לוז - 5 במארז,נוטרישן אנד סנטה קוב,ES,חטיפי דגנים מרבה,גרמים,90.00,100 גרם,false,1,9.30,10.33,true,1,
8423453905692,false,"בירה ווילדר לאגר 500 מ""ל פחית",פונט סאלם וולנסיה ספרד,ES,בירה ווילדר פחית,מיליליטרים,500.00,"100 מ""ל",false,1,5.90,1.18,true,1,
8423453905739,false,"שישיית בירה ווילדר לאגר 330 מ""ל בקבוק",פונט סאלם וולנסיה ספרד,ES,בירה ווילדר 6בקב,ליטרים,1.98,ליטר,false,1,25.50,12.88,true,1,
8425206000081,false,ריבת חלב מרדל 450 גרם,גורי מוצרי צריכה (1991) בעמ,ES,ריבת חלב,גרמים,450.00,100 גרם,false,0,15.20,3.38,true,1,
8425278300003,false,"ריוחה הרנזה 750 מ""ל",אלוי,ES,ריוחה הרנזה,מיליליטרים,750.00,"100 מ""ל",false,1,42.60,5.68,true,1,
8427030007281,false,סימילאק גולד קומפורט 1 תרכובת מזון על בסיס חלב,שקד תבל בעמ-סימילק,ES,סימילאק קומפורט,גרמים,820.00,100 גרם,false,1,87.00,10.61,true,1,
8436037792403,false,סרום לפנים אנטי אייג' 30,RNB,ES,סרום לפנים,מיליליטרים,30.00,"100 מ""ל",false,1,21.20,70.67,true,1,
8436037792427,false,"קרם לכפות הרגליים 125מ""ל",RNB,ES,קרם לכף הרגל,מיליליטרים,125.00,"100 מ""ל",false,1,11.00,8.80,true,1,
8436037792793,false,קרם פנים יום עם שמן זית,RNB,ES,קרם פנים יום,מיליליטרים,50.00,"100 מ""ל",false,1,21.20,42.40,true,1,
8436037792809,false,קרם פנים לילה עם שמן זית,,ES,קרם פנים לילה,מיליליטרים,50.00,"100 מ""ל",false,1,21.20,42.40,true,1,
8436037792823,false,סרום לפנים עם שמן זית30מ,RNB,ES,סרום לפנים,מיליליטרים,30.00,"100 מ""ל",false,1,21.20,70.67,true,1,
8436037792847,false,קרם ידיים עם שמן זית 30מ,RNB,ES,קרם ידיים,מיליליטרים,30.00,"100 מ""ל",false,1,9.30,31.00,true,1,
8436037792960,false,"קרם רב""ש בפחית 70 מ""ל",RNB,ES,קרם רב שימושי,מיליליטרים,70.00,"100 מ""ל",false,1,8.50,12.14,true,1,
8436037793011,false,"קרם רב""ש עם שמן זית 250",RNB,ES,קרם גוף,מיליליטרים,250.00,"100 מ""ל",false,1,12.80,5.12,true,1,
8436575292205,false,ארטיק חמשושים מאגדת 15*12 גר',נגה גלידות שותפות מוגבלת,IL,מאגדת חמשושים,גרמים,180.00,100 גרם,false,1,15.20,8.45,true,1,
8445290427120,false,דגני פיטנס Fitness שוקולד מריר ובננה,קבוצת אוסם סחר שותפות מוגבלת,FR,דגני בוקר פיטנס,גרמים,330.00,100 גרם,false,1,17.00,5.15,true,1,
8594403707649,false,"בירה באדוויזר דארק לאגר 500 מ""ל פחית","מיוצר ע""\י מבשלת טוכרn\",CZ,באדוויזר דארק,מיליליטרים,500.00,"100 מ""ל",false,1,6.80,1.36,true,1,
8594403707977,false,"בירה באדוויזר לאגר פחית 500 מ""ל","מיוצר ע""\י מבשלת טוכרn\",CZ,באדוויזר לאגר,מיליליטרים,500.00,"100 מ""ל",false,1,6.80,1.36,true,1,
8606018615827,false,גלידת וניל עם שברי עוגיות אוראו 480 גרם,נגה גלידות שותפות מוגבלת,RS,פיינט אוראו,גרמים,300.00,100 גרם,false,1,17.00,5.67,true,1,
8606018615841,false,גלידה וניל עם ליבת שוקולד חלב מעולה 480 גרם,נגה גלידות שותפות מוגבלת,RS,פיינט מילקה וניל,גרמים,300.00,100 גרם,false,1,17.00,5.67,true,1,
8606018615865,false,פיינט מילקה קרמל ליבת שוקולד 480 גרם,נגה גלידות שותפות מוגבלת,RS,פיינט מילקה קרמל,גרמים,300.00,100 גרם,false,1,17.00,5.67,true,1,
8606109023593,false,"פרוויטה - מיץ תפוחי עץ ואגסים 750 מ""ל",יורוסטנדרט בעמ,RS,"פרוויטה תפו""ע",מיליליטרים,750.00,"100 מ""ל",false,1,10.80,1.44,true,1,
8606109023623,false,"פרוויטה - מיץ תפוחי עץ ולימון ליים 750 מ""ל",יורוסטנדרט בעמ,RS,"פרוויטה תפו""ע",מיליליטרים,750.00,"100 מ""ל",false,1,10.80,1.44,true,1,
8606109023647,false,"פרוויטה - מיץ סלק ותפוחי עץ 750 מ""ל",יורוסטנדרט בעמ,RS,"פרוויטה תפו""ע",מיליליטרים,750.00,"100 מ""ל",false,1,10.80,1.44,true,1,
8606109023715,false,"פרוויטה - מיץ תפוחי עץ ואפרסקים 750 מ""ל",יורוסטנדרט בעמ,RS,"פרוויטה תפו""ע",מיליליטרים,750.00,"100 מ""ל",false,1,10.80,1.44,true,1,
8681863065270,false,מלח ים מים האגאי וילי פוד 350 גר,ג. וילי-פוד אינטרנשיונל בע`מ,TR,מלח ים מים האגאי,גרמים,350.00,100 גרם,false,1,17.00,4.86,true,1,
8681863065324,false,מלח ים עם רוזמרין וילי פוד 200 גר,ג.וילי-פוד אינטרנשיונל בעמ,TR,מלח ים+רוזמרין,גרמים,220.00,100 גרם,false,1,17.00,7.73,true,1,
8682392110806,false,כנאפה טבעוני 140 גרם,,TR,כנאפה טבעוני,גרמים,140.00,100 גרם,false,1,11.00,7.86,true,1,
8683130008355,false,מיונז שום לחיץ אמיתי הלמנס 400 גרם,יוניליוור ישראל שיווק בע`מ,TR,מיונז עם שום,גרמים,400.00,100 גרם,false,1,12.80,3.20,true,1,
8683130025574,false,"מרכך כביסה מרוכז אקסטרה לבנדר בדין 960 מ""ל",יוניליוור ישראל שיווק בע`מ,TR,מרכך בדין לבנדר,מיליליטרים,960.00,"100 מ""ל",false,1,13.50,1.41,true,1,
8683130025581,false,"מרכך כביסה מרוכז אקסטרה ענבר בדין 960 מ""ל",יוניליוור ישראל שיווק בע`מ,TR,מרכך בדין אקסטרה,מיליליטרים,960.00,"100 מ""ל",false,1,13.50,1.41,true,1,
8683323063024,false,יוגטה שטיחים בטעם תותי פרוטי 220 גרם,ליימן שליסל בע`מ,TR,ממתק בטעם תותי,גרמים,220.00,100 גרם,false,1,5.90,2.68,true,1,
8690504153740,false,גודייבה שוקולד מריר במילוי קרם גנאש 86 גרם,תה ויסוצקי (ישראל) בעמ,TR,שוקולד מריר קרם,גרמים,86.00,100 גרם,false,1,12.70,14.77,true,1,
8690504153849,false,גודייבה שוקולד חלב במילוי קרם בטעם פרלין אגוזים 83 גרם,תה ויסוצקי (ישראל)בעמ,TR,שוקולד חלב,גרמים,83.00,100 גרם,false,1,12.70,15.30,true,1,
8690526009278,false,אי טי אי - חטיף קרמל מצופה שוקולד וחלב כדורוני דגנים 126 גרם,"GIDA ETI , טורקיה n\",TR,חטיף קרמל מצופה,גרמים,126.00,100 גרם,false,1,8.40,6.67,true,1,
8690526009353,false,אי טי אי - מיני חטיף בוטנים נוגט קרמל מצופה שוקולד חלב 140 גרם,"GIDA ETI , טורקיה n\",TR,מיני חטיף בוטנים,גרמים,140.00,100 גרם,false,1,8.40,6.00,true,1,
8690526019147,false,אי טי אי - וופל במילוי קרם אגוזי לוז 142 גרם,"GIDA ETI , טורקיה n\",TR,וופל קרם אגוזים,גרמים,142.00,100 גרם,false,1,6.70,4.72,true,1,
8690526019154,false,אי טי אי - וופל קקאו במילוי קרם קקאו 142 גרם,מולינו ניקולי s.p.a,TR,וופל קרם קקאו,גרמים,142.00,100 גרם,false,1,6.70,4.72,true,1,
8690526029238,false,אתי מארז וופלים במילוי שוקולד מריר 50גרם,"GIDA ETI , טורקיה n\",TR,וופל מצופה שוקול,גרמים,150.00,100 גרם,false,1,8.40,5.60,true,1,
8690526035697,false,אי טי אי - וופל מיני בצפוי עם שוקולד מריר ובמילוי קרם קקאו 112 גרם,"GIDA ETI , טורקיה n\",TR,וופלים מצופים,גרמים,112.00,100 גרם,false,1,8.40,7.50,true,1,
8690530015043,false,סלפאק מגבות מטבח שישיה 3 שכבות,איפק,TR,מגבות נייר סלפאק,מטרים,57.00,מטר,false,1,14.40,0.25,true,1,
8690530036727,false,ממחטות סלפאק מקסי 3 שכבות 100 יח,איפק קג'יט,TR,ממחטות מקסי,יחידה,1.00,יחידה,false,1,8.40,8.40,true,1,
8690530036741,false,ממחטות נייר סלפאק 3 שכבות 48 יח,,TR,ממחטות בוטיק,יחידה,1.00,יחידה,false,1,6.70,6.70,true,1,
8690530161320,false,ממחטות נייר סלפאק פרמיום לושיין 10 יח,,TR,ממחטות פוקט,יחידה,1.00,יחידה,false,1,11.00,11.00,true,1,
8690530284463,false,נייר טואלט 3 שכבות 32 גלילים סלפאק,איפק קג'יט,TR,נייר טואלט סלפאק,מטרים,595.00,100 מטר,false,1,40.00,6.72,true,1,
8690531401722,false,פלפל אדום קלוי פרוס שקדיה 550 גרם,דין שיווק וקליה 2021 בעמ,ES,פלפל אדום קלוי,גרמים,550.00,100 גרם,false,0,8.60,1.56,true,1,
8690572775288,false,"גליס מרכך סרום שיקום עמוק 400 מ""ל",שוורצקוף Schwarzkopf,TR,מרכךגליס,מיליליטרים,400.00,"100 מ""ל",false,1,11.00,2.75,true,1,
8690572778326,false,פה ד.ספרי אנטיפרספינט 200 מל 1/12,שוורצקופף והנקל,TR,דאודורנט פה,מיליליטרים,200.00,"100 מ""ל",false,1,8.40,4.20,true,1,
8690572783931,false,"פה - דאודורנט ספריי לגבר אינוויזיבל פאוואר 200 מ""ל",שוורצקופף והנקל,TR,דאודורנט פה,מיליליטרים,200.00,"100 מ""ל",false,1,8.40,4.20,true,1,
8690572784303,false,שמפו גליס Gliss לשיער ארוך Supreme Length,שוורצקופף והנקל,TR,שמפו גליס,מיליליטרים,400.00,"100 מ""ל",false,1,11.00,2.75,true,1,
8690572786222,false,מרכך גליס Gliss לשיער ארוך Supreme Length,שוורצקופף והנקל,TR,מרכך שיער גליס,מיליליטרים,400.00,"100 מ""ל",false,1,11.00,2.75,true,1,
8690572788912,false,"גליס - ביו טק מרכך 400 מ""ל",שוורצקופף והנקל,TR,מרכך גליס ביו טק,מיליליטרים,400.00,"100 מ""ל",false,1,11.00,2.75,true,1,
8690572799529,false,"סאיוס - שמפו קרטין 500 מ""ל","הובי קוסמטיק, אנקרה, תור",TR,שמפו קרטין,מיליליטרים,500.00,"100 מ""ל",false,1,8.50,1.70,true,1,
8690572799543,false,סאיוס שמפו לחיזוק שורשי סיב השערה 500 מל,"הובי קוסמטיק, אנקרה, תור",TR,שמפו לחיזוק,מיליליטרים,500.00,"100 מ""ל",false,1,8.50,1.70,true,1,
8690572799550,false,"סאיוס שמפו לשיער גלי ומתולתל 500 מ""ל","הנקל סוד בע""מ",TR,סאיוסשמפו תלתלים,מיליליטרים,500.00,"100 מ""ל",false,1,8.50,1.70,true,1,
8690637503856,false,ממרח הלמנס כ- 40% פחות שומן לעומת מיונז,יוניליוור ישראל שיווק בע`מ,TR,ממרח הלמנס לחיץ,גרמים,355.00,100 גרם,false,1,12.80,3.61,true,1,
8690637504426,false,"קרם ניקוי סיף בניחוח לימון 500 מ""ל",יוניליוור ישראל שיווק בע`מ,TR,קרם ניקוי סיף,מיליליטרים,500.00,"100 מ""ל",false,1,9.30,1.86,true,1,
8690637505607,false,מרכך כביסה מרוכז בדין אקסטרה בניחוח פינוק כחול,יוניליוור ישראל שיווק בע`מ,TR,מרכך כביסה בדין,מיליליטרים,960.00,"100 מ""ל",false,1,13.50,1.41,true,1,
8690637505959,false,דאב סבון ידיים הזנה לוטוס 500 מל,יוניליוור ישראל שיווק בעמ,TR,תחליב רחצת ידיים,מיליליטרים,500.00,"100 מ""ל",false,1,14.40,2.88,true,1,
8690637555084,false,"מרכך כביסה מרוכז אקסטרה פריחת התפוז בדין 960 מ""ל",יוניליוור ישראל שיווק בע`מ,TR,מרכך בדין אקסטרא,מיליליטרים,960.00,"100 מ""ל",false,0,13.50,1.41,true,1,
8690637704277,false,"שמפו ומרכך לשיער רגיל 600 מ""ל דאב","יוניליוור ישראל שיווק בע""מ",TR,שמפו דאב,מיליליטרים,600.00,"100 מ""ל",false,0,14.40,2.40,true,1,
8690637704376,false,"שמפו לטיפוח יום יומי דאב 600 מ""ל","יוניליוור ישראל שיווק בע""מ",TR,שמפו דאב,מיליליטרים,600.00,"100 מ""ל",false,0,14.40,2.40,true,1,
8690637704390,false,"מרכך שיער לטיפוח יום יומי דאב 600 מ""ל","יוניליוור ישראל שיווק בע""מ",TR,דאב מרכך שיער,מיליליטרים,600.00,"100 מ""ל",false,0,14.40,2.40,true,1,
8690637704437,false,שמפו עם שמני הזנה לטיפוח לשיער יבש,יוניליוור ישראל שיווק בע`מ,TR,שמפו דאב,מיליליטרים,600.00,"100 מ""ל",false,0,14.40,2.40,true,1,
8690637704451,false,מרכך עם שמני הזנה לטיפוח לשיער יבש,"יוניליוור ישראל שיווק בע""מ",TR,דאב מרכך,מיליליטרים,600.00,"100 מ""ל",false,0,14.40,2.40,true,1,
8690637799594,false,תה ירוק ליפטון נענע בסגנון מרוקאי 20יח',יוניליוור ישראל שיווק בע`מ,TR,תה ירוק נענע,גרמים,36.00,100 גרם,false,1,14.00,38.89,true,1,
8690637858734,false,ג'ל לניקוי כללי בתוספת אקונומיקה בניחוח לימון,יוניליוור ישראל שיווק בע`מ,TR,סיף ג'ל לימון,מיליליטרים,750.00,"100 מ""ל",false,1,10.10,1.35,true,1,
8690637865596,false,תחליב רחצה לניקוי וטיפוח עור היד 750 מ,"יוניליוור ישראלשיווק בע""מ",TR,דאב סבון ידיים,מיליליטרים,500.00,"100 מ""ל",false,1,14.40,2.88,true,1,
8690637871047,false,דאב שמפו בתוספת שמן קוקוס וכורכום 600 מל,"יוניליוור ישראל שיווק בע""מ",TR,שמפו דאב,מיליליטרים,600.00,"100 מ""ל",false,1,14.40,2.40,true,1,
8690637871245,false,הלמנס מיונז אמיתי 395 גר' בקבוק לחיץ.,יוניליוור ישראל שיווק בע`מ,TR,מיונז לחיץ הלמנס,גרמים,395.00,100 גרם,false,1,12.80,3.24,true,1,
8690637946301,false,"בדין - מרכך כביסה אקסטרא בייביי כחול 960 מ""ל",יוניליוור ישראל שיווק בע`מ,TR,בדין מרכך בייבי,מיליליטרים,960.00,"100 מ""ל",false,1,13.50,1.41,true,1,
8690637971310,false,"מרכך כביסה מרוכז אקסטרה בניחוח יערת הדבש בדין 960 מ""ל",יוניליוור ישראל שיווק בע`מ,TR,בדין מרכך אקסטרה,מיליליטרים,960.00,"100 מ""ל",false,1,13.50,1.41,true,1,
8690637976995,false,"מרכך כביסה מרוכז אקסטרה ורוד סחלבים פראי בדין 960 מ""ל",יוניליוור ישראל שיווק בע`מ,TR,בדין אקסטרה ורוד,מיליליטרים,960.00,"100 מ""ל",false,1,13.50,1.41,true,1,
8690637994029,false,מרכך כביסה אקסטרה בניחוח סחלבים פראי,"יוניליוור ישראל שיווק בע""מ",TR,מרכך כביסה מרוכז,ליטרים,1.44,ליטר,false,1,18.70,12.99,true,1,
8690766156374,false,גודייבה שוקולד מריר מעולה 72% מוצקי קקאו 72גרם,תה ויסוצקי (ישראל) בעמ,TR,שוקולד גודייבה,גרמים,90.00,100 גרם,false,1,12.70,14.11,true,1,
8690766156381,false,גודייבה שוקולד מריר 90% מוצקי קקאו 90 גרם,תה ויסוצקי (ישראל) בעמ,TR,שוקולד גודייבה,גרמים,90.00,100 גרם,false,1,12.70,14.11,true,1,
8690766156398,false,"שוקולד חלב מעולה בתוספת שברי שקדים קלויים,דבש ומלח 90 גרם","אולקר מקבוצת פלאדיס, ציק",TR,שוקולד גודייבה,גרמים,90.00,100 גרם,false,1,12.70,14.11,true,1,
8690766156404,false,שוקולד מריר מעולה גודייבה תפוז אדום 90 גרם,תה ויסוצקי (ישראל) בעמ,TR,שוקולד גודייבה,גרמים,90.00,100 גרם,false,1,12.70,14.11,true,1,
8690770322598,false,שמרים יבשים פוליבה הנמל 125 גרם,הנמל אריזות ושיווק (1984) בעמ,TR,שמרים יבשים,גרמים,125.00,100 גרם,false,0,3.90,3.12,true,1,
8690777204071,false,פלפלים כבושים חריפים סרה 320 גרם,ג. וילי-פוד אינטרנשיונל בע`מ,TR,פלפל חריף,גרמים,640.00,100 גרם,false,0,10.10,1.58,true,1,
8690777206051,false,חציל קלוי על האש סרה ויליפוד 650 גרם,ג. וילי-פוד אינטרנשיונל בע`מ,TR,חציל קלוי,גרמים,650.00,100 גרם,false,0,10.10,1.55,true,1,
8690777221405,false,פלפל אדום קלוי על האש 650 גר` ויליפוד,ג. וילי-פוד אינטרנשיונל בע`מ,TR,פלפל אדום קלוי,גרמים,650.00,100 גרם,false,0,10.10,1.55,true,1,
8690784516440,false,דאק נוזל לניקוי מתקדם בניחוח לבנדה בודד 750מל,"אס.סי.ג'\ונסון מידרכט, ה",NL,דאק נוזל ג'ל,מיליליטרים,750.00,"100 מ""ל",false,1,7.60,1.01,true,1,
8690784516778,false,"דאק נוזל ג''ל לניקוי עם אקונומיקה מקציפה בניחות ים 750 מ""ל",טואלט דאק (ג'ונסון),NL,ג'ל מקציף דאק,מיליליטרים,750.00,"100 מ""ל",false,1,11.00,1.47,true,1,
8690784614665,false,סבון דאק לניקוי אסלה בניחוח ים נתלה,דאופלור אס.פי.אי כונ,PL,דאק סבון אסלה,יחידה,1.00,יחידה,false,1,7.60,7.60,true,1,
8690784614771,false,דאק כדוריות ניקוי אסלה בניחוח רענן,דאופלור אס.פי.אי כונ,PL,דאק סבון אסלה,יחידה,1.00,יחידה,false,1,7.60,7.60,true,1,
8690784616775,false,סבון מוצק לאסלה דאק אקווה בלו 4 ב-1 80 ג,טואלט דאק (ג'ונסון),RS,דאק סבון אסלה,גרמים,80.00,100 גרם,false,1,8.40,10.50,true,1,
8690946190006,false,פסטה פנה 500 גרם,,TR,פסטה פנה,גרמים,500.00,100 גרם,false,1,3.40,0.68,true,1,
8690946250014,false,פסטה ספגטי 500 גרם,מוטלו,TR,פסטה ספגטי,גרמים,500.00,100 גרם,false,1,3.40,0.68,true,1,
8690946250168,false,פסטה פוסילי 500 גרם,מוטלו,TR,פסטה פוסילי,גרמים,500.00,100 גרם,false,1,3.40,0.68,true,1,
8690946250182,false,פסטה קונכיות גדולות500גר,מוטלו,TR,פסטה קונכיות,גרמים,500.00,100 גרם,false,1,3.40,0.68,true,1,
8690946250205,false,פסטה לינגוויני 500 גרם,מוטלו,TR,פסטה לינגוויני,גרמים,500.00,100 גרם,false,1,3.40,0.68,true,1,
8693323085100,false,גומי יוגטה שטיחים חמוצים טעם פירות 100 ג,ליימן שליסל בע`מ,TR,ממתק חמוץ,גרמים,100.00,100 גרם,false,1,3.80,3.80,true,1,
8693495037853,false,זוג מברשות שיניים קולגייט סלים סופט זהב,הנסיך- מפעל לייצור ט,CN,2 מברשות קולגייט,יחידה,1.00,יחידה,false,0,21.20,21.20,true,1,
8693495041461,false,קולגייט זוג מברשות שיניים סלים סופט פחם,הנסיך- מפעל לייצור ט,CN,זוג מברשות,יחידה,1.00,יחידה,false,0,25.50,25.50,true,1,
8693495051002,false,קולגייט מברשת שיניים מיניונים 6+ לילדים,קולגייט פלמוליב,CN,מברשת קולגייט,יחידה,1.00,יחידה,false,1,8.40,8.40,true,1,
8693495052177,false,פלמוליב נטורלס תחליב רחצה זיתים 750 מל,קולגייט פלמוליב,TR,סבון פלמוליב,מיליליטרים,750.00,"100 מ""ל",false,1,17.00,2.27,true,1,
8693495052931,false,זוג מברשות שיניים אדוונסט 360 לניקוי כל חלל הפה,קולגייט פלמוליב,CN,מברשות קולגייט,יחידה,1.00,יחידה,false,1,25.50,25.50,true,1,
8693495053693,false,מברשות 360 קולגייט 4 יח,,CN,מברשות 360 4 יח,יחידה,1.00,יחידה,false,1,29.80,29.80,true,1,
8697418280173,false,עלי טורטייה מחיטה מלאה 840 גרם LAVALIA,פרינסס גידה,TR,עלי טורטיה,גרמים,840.00,100 גרם,false,0,22.70,2.70,true,1,
8697420697914,false,זיתים שחורים יבשים במלח 700גר.,דין שיווק וקליה 2021 בעמ,TR,זיתים שחורים בפח,גרמים,700.00,100 גרם,false,1,17.00,2.43,true,1,
8697530910743,false,סיגריות פאל מאל כחול קצר מטאליק,גלוברנדס בעמ - שיווק סיגריות,TR,פאלמאל כחול קצר,יחידה,1.00,יחידה,false,0,30.50,30.50,false,1,
8697530910750,false,סיגריות פאל מאל כחול ארוך האוס,גלוברנדס בעמ - שיווק סיגריות,TR,פאלמאל כחול ארוך,יחידה,1.00,יחידה,false,0,30.50,30.50,false,1,
8697530911276,false,סיגריות קנט קצר חפיס,גלוברנדס בעמ - שיווק סיגריות,TR,קנט קצר,יחידה,1.00,יחידה,false,0,37.00,37.00,false,1,
8697659234096,false,"דיסני מארז פרוזן א.ד.ט. 50 מ""ל + שמפו 250 מ""ל",,IL,דיסני מארז פרוזן,יחידה,1.00,יחידה,false,1,76.00,76.00,true,1,
8697826469092,false,טורטיה קטנה שקדיה 540 גרם 12 יחידות,דין שיווק וקליה 2021 בעמ,TR,טורטיות 12יח',גרמים,540.00,100 גרם,false,0,8.40,1.56,true,1,
8699954702133,false,מסיכת פחם פעיל מנטול יח',,IL,מסיכת פחם פעיל מ,יחידה,1.00,יחידה,false,1,11.00,11.00,true,1,
8699954702140,false,מסיכת פחם פעיל לרענון יח,,IL,מסיכת פחם פעיל ל,יחידה,1.00,יחידה,false,1,11.00,11.00,true,1,
8710428005755,false,תרכובת מזון לתינוקות על בסיס חלבון סויה איזומיל שלב 1,"אבוט מעבדות רפואיות בע""מ",NL,סימילאק צמחי,גרמים,400.00,100 גרם,false,0,37.10,9.28,true,1,
8710428005762,false,תרכובת מזון לתינוקות על בסיס חלבון סויה איזומיל טף שלב 2,"אבוט מעבדות רפואיות בע""מ",NL,סימילאק צמחי,גרמים,400.00,100 גרם,false,0,37.10,9.28,true,1,
8710428016355,false,פדיאשור השלמה תזונתית בטעם שוקולד 400 גר,אבוט מעבדות רפואיות,NL,פדיאשור שוקולד,גרמים,400.00,100 גרם,false,1,34.10,8.53,true,1,
8710447211052,false,טרזמה בוטניק שמפו להזנה ושיקום 400 מל,"יוניליוור ישראל שיווק בע""מ",PL,שמפו טרזמה,מיליליטרים,400.00,"100 מ""ל",false,1,12.70,3.18,true,1,
8710447280072,false,דאב מוס רחצה וגילוח עם שמן קוקוס,יוניליוור,PT,מוס רחצה דאב,מיליליטרים,200.00,"100 מ""ל",false,1,18.70,9.35,true,1,
8710447320662,false,דאודורנט ספריי בניחוח אפרסק ולימון ללא אלומיניום,יוניליוור ישראל שיווק בע`מ,IT,דאודורנט דאב,מיליליטרים,150.00,"100 מ""ל",false,1,12.70,8.47,true,1,
8710447331095,false,טרזמה בוטניק מסכה לשיער 300 מל,"יוניליוור ישראלשיווק בע""מ",PL,מסכה טרזמה,מיליליטרים,300.00,"100 מ""ל",false,1,25.50,8.50,true,1,
8710502060021,false,מרבה פטיסרי עוגיות מאפין רכות 210 גרם,ש. שסטוביץ בע`מ,NL,עוגיות מרבה,גרמים,210.00,100 גרם,false,1,9.30,4.43,true,1,
8710502064814,false,עוגיות מרבה שוקולד ציפס במרקם רך 175 גר,בנקטבקריי מרבה בי.וי,NL,עוגיות מרבה,גרמים,175.00,100 גרם,false,1,7.60,4.34,true,1,
8710502100864,false,עוגיות מרבה פטיסרי דאבל שוקולד 200 גרם,ש.שסטוביץ בעמ,NL,עוגיות מרבה,גרמים,200.00,100 גרם,false,1,9.30,4.65,true,1,
8710502139017,false,עוגיות טריפל שוקולד צ`יפס מרבה (180 גרם),בנקטבקריי מרבה בי.וי,NL,עוגיות שוקוצ'יפס,גרמים,180.00,100 גרם,false,0,7.60,4.22,true,1,
8710502231018,false,מרבה עוגיות מיני שוקולד צ'יפס 175 גרם,ש. שסטוביץ בע`מ,NL,עוגיות מרבה,גרמים,175.00,100 גרם,false,1,8.40,4.80,true,1,
8710502260032,false,מרבה עוגיות שוקוצ'יפס 150גרם,בנקטבקריי מרבה בי.וי,NL,עוגיות שוקולד,גרמים,150.00,100 גרם,false,0,5.90,3.93,true,1,
8710502279003,false,עוגיות שוקולד צ'יפס מצופות 49% 180 ג' מרבה פטיסרי,ש.שסטוביץ בעמ,NL,עוגיות מרבה,גרמים,180.00,100 גרם,false,1,9.30,5.17,true,1,
8710502279010,false,מרבה עוגיות שוקולד צ'יפס מצופות שוקולד 175 גרם,"י.מרבה ישראל בע""מ",,עוגיות מרבה,יחידה,1.00,יחידה,false,0,7.60,7.60,true,1,
8710502405204,false,עוגיות שוקולד צ'יפס עם קרם שוקולד מרבה 175 גרם,קריניציה ויטמינה אס,NL,עוגיות מרבה,גרמים,175.00,100 גרם,false,0,7.60,4.34,true,1,
8710502470028,false,עוגיות שוקולד צ'יפס ממולאות בקרם נוגט,קריניציה ויטמינה אס,NL,עוגיות שוקוצ'יפס,גרמים,160.00,100 גרם,false,0,7.60,4.75,true,1,
8710502470035,false,מרבה פטיסרי עוגיות נוגטלי במילוי קרם אגו,ש. שסטוביץ בע`מ,NL,עוגיות מרבה,גרמים,200.00,100 גרם,false,1,9.30,4.65,true,1,
8710522584200,false,דאב תחליב רחצה אלוורה ומי ורדים 500 מל,"יוניליוור ישראל שיווק בע""מ",DE,תחליב רחצה דאב,מיליליטרים,500.00,"100 מ""ל",false,1,12.70,2.54,true,1,
8710800961310,false,סוכריות בטעם תות מנטוס 4*375 גרם,פרפטי ואן מלה ברדה,NL,מנטוס תות 4 יח,גרמים,150.00,100 גרם,false,0,9.60,6.40,true,1,
8710847860843,false,"רקסונה - דאודורנט רולאון לאישה אינביזיבל 50 מ""ל",יוניליוור אנגליה,GB,דאודורנט רקסונה,מיליליטרים,50.00,"100 מ""ל",false,1,13.50,27.00,true,1,
8710847942679,false,טרזמה שמפו לשיער יבש בתוספת שמן המפ,"יוניליוור ישראלשיווק בע""מ",PL,טרזמה שמפו,מיליליטרים,400.00,"100 מ""ל",false,1,12.70,3.18,true,1,
8710847974199,false,"תחליב רחצה קקאו דאב 500 מ""ל",יוניליוור ישראל שיווק בעמ,DE,תחליב רחצה דאב,מיליליטרים,500.00,"100 מ""ל",false,1,12.70,2.54,true,1,
8710908326691,false,"תחליב רחצה פרח האדמונית דאב 750 מ""ל",יוניליוור ישראל שיווק בע`מ,DE,תחליב רחצה דאב,מיליליטרים,750.00,"100 מ""ל",false,1,13.50,1.80,true,1,
8710908404184,false,דאודורנט ספריי 0% אלומיניום אורגינל דאב,יוניליוור ישראל שיווק בע`מ,IT,דאודורנט דאב,מיליליטרים,150.00,"100 מ""ל",false,1,12.70,8.47,true,1,
8710908693809,false,"TRESSEMME מסיכה טיפולית עם קרטין 300מ""ל","יוניליוור ישראלשיווק בע""מ",PL,מסכה טרזמה,מיליליטרים,300.00,"100 מ""ל",false,1,25.50,8.50,true,1,
8710908882463,false,תחליב רחצה Invigorating Ritual עם שמן אבוקדו וקלנדולה,"יוניליוור ישראל שיווק בע""מ",DE,תחליב רחצה דאב,מיליליטרים,500.00,"100 מ""ל",false,1,12.70,2.54,true,1,
8711000362556,false,לור קפסולות קפה אספרסו פורזה 52 גר,דיפלומט מפיצים (1968) בעמ**,FR,קפסולות לור,גרמים,52.00,100 גרם,false,1,17.00,32.69,true,1,
8711000362570,false,קפסולות קפה תואמות נספרסו פורזה 9 ל'אור 10 יחידות,דיפלומט מפיצים (1968) בעמ**,FR,קפסולות לור,גרמים,52.00,100 גרם,false,1,17.00,32.69,true,1,
8711000362617,false,לור קפסולות קפה אספרסו לונגו פרופונדו 8,דיפלומט מפיצים (1968) בעמ**,FR,קפסולות לור,גרמים,52.00,100 גרם,false,1,17.00,32.69,true,1,
8711000362631,false,קפסולות קפה תואמות נספרסו אוניקס 12 ל'אור 10 יחידות,דיפלומט מפיצים (1968) בעמ**,FR,קפסולות לור,גרמים,52.00,100 גרם,false,1,17.00,32.69,true,1,
8711000362655,false,קפסולות קפה אספרסו אבסולו) (9 52 גר`לור,דיפלומט מפיצים (1968) בעמ**,FR,קפסולות לור,גרמים,52.00,100 גרם,false,1,17.00,32.69,true,1,
8711000362679,false,קפסולות קפה תואמות נספרסו קולומביה 8 ל'אור 10 יחידות,דיפלומט מפיצים (1968) בעמ**,FR,קפסולות לור,גרמים,52.00,100 גרם,false,1,17.00,32.69,true,1,
8711000362747,false,קפסולות קפה תואמות נספרסו ריסטרטו 11 ל'אור 10 יחידות,דיפלומט מפיצים (1968) בעמ**,FR,קפסולות לור,גרמים,52.00,100 גרם,false,1,17.00,32.69,true,1,
8711000371176,false,ג'ייקובס קפסולות קפה אספרסו קלאסיקו עוצמה 7,ג'ייקובס דאו אגברטס צרפת,FR,קפסולות ג'קובס,גרמים,52.00,100 גרם,false,1,14.40,27.69,true,1,
8711000371183,false,ג'ייקובס קפסולות קפה אספרסו אינטסו עוצמה 10,ג'ייקובס דאו אגברטס צרפת,FR,קפסולות ג'קובס,גרמים,52.00,100 גרם,false,1,14.40,27.69,true,1,
8711000371206,false,ג'ייקובס קפסולות קפה אספרסו ריסטרטו עוצמה 12,ג'ייקובס דאו אגברטס צרפת,FR,קפסולות ג'קובס,גרמים,52.00,100 גרם,false,1,14.40,27.69,true,1,
8711000371244,false,"ג'ייקובס קפסולות אספרסו (8) 10 יח', 52ג' לונגו",דיפלומט מפיצים (1968) בעמ**,FR,קפסולות ג'קובס,גרמים,52.00,100 גרם,false,1,14.40,27.69,true,1,
8711000471296,false,קפסולות קפה תואמות נספרסו אולטימו 13 ל'אור 10 יחידות,דיפלומט מפיצים (1968) בעמ**,FR,קפסולות לור,גרמים,52.00,100 גרם,false,1,17.00,32.69,true,1,
8711327475618,false,מגנום פיינט וניל קלאסיק 260 גר`,"מפעל גלידות בווספרם, רחו",,גלידה מגנום וני,מיליליטרים,440.00,"100 מ""ל",false,0,18.70,4.25,true,1,
8711327475663,false,מגנום פיינט וניל שוקולד לבן 260 גרם,"מפעל גלידות בווספרם, רחו",,גל מגנום וניל שו,מיליליטרים,440.00,"100 מ""ל",false,0,18.70,4.25,true,1,
8711327475717,false,מגנום פיינט וניל שקדים 260 גרם,"מפעל גלידות בווספרם, רחו",,גלידה מגנום וניל,מיליליטרים,440.00,"100 מ""ל",false,0,18.70,4.25,true,1,
8711327475762,false,מגנום פיינט שוקולד לבן עוגיות 260 גרם,"מפעל גלידות בווספרם, רחו",,גלידה מגנום לבן,מיליליטרים,440.00,"100 מ""ל",false,0,18.70,4.25,true,1,
8712000051099,false,"שישיית בירה היינקן 0% אלכוהל בקבוק 330 מ""ל","מבשלת היינקן, ריטבלדנברג",NL,6 בירה הייניק0%,ליטרים,1.98,ליטר,false,1,28.10,14.19,true,1,
8712400802499,false,תרכובת מזון המשך לפעוטות על בסיס חלב שלב 1,דיפלומט מפיצים (1968) בעמ**,NL,נוטרילון שלה1-,גרמים,800.00,100 גרם,false,0,55.40,6.93,true,1,
8712400802512,false,תרכובת מזון המשך לפעוטות על בסיס חלב שלב 2,דיפלומט מפיצים (1968) בעמ**,NL,נוטרילון שלב2-,גרמים,800.00,100 גרם,false,0,55.40,6.93,true,1,
8712400802536,false,תרכובת מזון המשך לפעוטות על בסיס חלב שלב 3,דיפלומט מפיצים (1968) בעמ**,NL,נוטרילון שלב3-,גרמים,800.00,100 גרם,false,0,55.40,6.93,true,1,
8712561594240,false,"דאב תחליב רחצה להזנה עמוקה500 מ""ל-מרכז",יוניליוור ישראל שיווק בע`מ,DE,תחליב רחצה דאב,מיליליטרים,500.00,"100 מ""ל",false,1,12.70,2.54,true,1,
8712561594608,false,"דאב תחליב רחיצה להזנה עמוקה 750 מ""ל",יוניליוור ישראל שיווק בע`מ,DE,תחליב רחצה דאב,מיליליטרים,750.00,"100 מ""ל",false,1,13.50,1.80,true,1,
8712561609647,false,"דאב - תחליב רחצה חמאת שיאה 500 מ""ל",יוניליוור ישראל שיווק בעמ,DE,דאב תחליב רחצה,מיליליטרים,500.00,"100 מ""ל",false,1,15.30,3.06,true,1,
8712561611183,false,דאב סבון נוזלי 500 תמציות מלפפונים ותה,יוניליוור ישראל שיווק בע`מ,DE,תחליב רחצה דאב,מיליליטרים,500.00,"100 מ""ל",false,1,12.70,2.54,true,1,
8712561611411,false,"תחליב רחצה בניחוח מלפפון ותה ירוק דאב 750 מ""ל",יוניליוור ישראל שיווק בע`מ,DE,תחליב רחצה דאב,מיליליטרים,750.00,"100 מ""ל",false,1,13.50,1.80,true,1,
8712561646024,false,"תחליב רחצה קרם פיסטוק ומגנוליה דאב 750 מ""ל","יוניליוור ישראל שיווק בע""מ",DE,תחליב רחצה דאב,מיליליטרים,750.00,"100 מ""ל",false,1,13.50,1.80,true,1,
8714100730003,false,דאב מים מיסלרים מזינים לעור רגיל או יבש,יוניליוור ישראל שיווק בעמ,RU,דאב מים מיסלרים,מיליליטרים,240.00,"100 מ""ל",false,1,21.20,8.83,true,1,
8714599104316,false,ג'ייקובס קפה שחור קלוי וטחון טורקי 200 גרם,דיפלומט מפיצים (1968) בעמ**,RU,קפה שחור ג'קובס,גרמים,200.00,100 גרם,false,1,13.50,6.75,true,1,
8714599410806,false,ג'ייקובס קרוננג מיובש בהקפאה 160 גרם סגירה חוזרת,דיפלומט מפיצים (1968) בעמ**,RU,קפה ג'קובס שקית,גרמים,160.00,100 גרם,false,1,15.30,9.56,true,1,
8714599412220,false,ג'ייקובס וולווט קפה נמס מיובש בהקפאה 95 גרם,דיפלומט מפיצים (1968) בעמ**,RU,קפה ג'קובס,גרמים,95.00,100 גרם,false,1,13.50,14.21,true,1,
8714599412336,false,קפה נמס בריסטה אמריקנו קלוי וטחון 160 ג' ג'ייקובס,דיפלומט מפיצים (1968) בעמ**,RU,קפה ג'קובס,גרמים,160.00,100 גרם,false,1,22.90,14.31,true,1,
8714599512159,false,קפה נמס ג'קובס מונארך190,"אל.אל.סי ""גייקובס דא",RU,קפה נמס ג'קובס,גרמים,190.00,100 גרם,false,1,19.50,10.27,true,1,
8714599513835,false,גי'קובס קרונונג נייט אנד דיי - נטול קופיאין,דיפלומט מפיצים (1968) בעמ**,DE,קפה ג'קובס נטול,גרמים,200.00,100 גרם,false,1,29.80,14.90,true,1,
8714789177229,false,רבעיית מברשות שיניים קולגייט אקסטרה קלין 1 יחידה,הנסיך- מפעל לייצור ט,CN,4 מברשות שיניים,יחידה,1.00,יחידה,false,0,8.40,8.40,true,1,
8714789218465,false,מברשת שיניים 360 סופט קולגייט 2 יחידות,הנסיך- מפעל לייצור ט,CN,2 מברשות שיניים,יחידה,1.00,יחידה,false,0,21.20,21.20,true,1,
8714789303925,false,מברשת שיניים 360 סנסטיב רכה במיוחד קולגייט 2 יחידות,קולגייט- פלמוליב,CH,2 מברשות שיניים,יחידה,1.00,יחידה,false,0,21.20,21.20,true,1,
8714789402918,false,נוזל לניקוי כללי ורצפות בניחוח פרחי בר אג'קס 1.5 ליטר,הנסיך- מפעל לייצור ט,GR,אג'קס לניקוי,ליטרים,1.50,ליטר,false,0,14.40,9.60,true,1,
8714789402970,false,נוזל לניקוי כללי ורצפות בניחוח פרחי אביב אגק'ס 1.5 ליטר,הנסיך- מפעל לייצור ט,GR,אג'קס לניקוי,ליטרים,1.50,ליטר,false,0,14.40,9.60,true,1,
8714789450315,false,פלמוליב נוזל כלים לימון 1.5 ליטר,הנסיך- מפעל לייצור ט,GR,פלמוליב לכלים,ליטרים,1.50,ליטר,false,0,13.50,9.00,true,1,
8714789529561,false,"משחת שיניים סנסטיב פרו ריליף להלבנה קולגייט 75 מ""ל",קולגייט-פלמוליב,BR,משחת קולגייט,מיליליטרים,75.00,"100 מ""ל",false,0,17.00,22.66,true,1,
8714789582764,false,אג'קס ספריי לניקוי חלונות ומשטחים,הנסיך- מפעל לייצור ט,GR,מרסס לחלונות,מיליליטרים,750.00,"100 מ""ל",false,0,13.00,1.73,true,1,
8714789831275,false,מברשת שיניים 360 אופטיק ווייט קולגייט 2 יחידות,קולגייט-פלמוליב,CN,מברשות קולגייט,יחידה,1.00,יחידה,false,0,21.20,21.20,true,1,
8714789834467,false,פלמוליב נוזל לניקוי כלים קלאסי 1.5 ליטר,קולגייט-פלמוליב,GR,פלמוליב לכלים,ליטרים,1.50,ליטר,false,0,13.50,9.00,true,1,
8714789835112,false,קולגייט מברשת360 אופטיק וייט סופט חשמלית,ש.שסטוביץ בעמ,CN,מברשת חשמלית,יחידה,1.00,יחידה,false,0,59.70,59.70,true,1,
8714789930848,false,"משחת שיניים אופטיק וייט הלבנה מיידית קולגייט 75 מ""ל",איינשטיין-צור יבוא-יצוא וסחר ב,PL,משחת קולגייט,מיליליטרים,75.00,"100 מ""ל",false,0,17.00,22.67,true,1,
8714800004114,false,"בירה 8.6 אורגינל 500 מ""ל פחית",בווריה,NL,בירה 8.6% חזקה,מיליליטרים,500.00,"100 מ""ל",false,0,6.70,1.34,true,1,
8715300238306,false,חמאה הולנדית ללא מלח 200 גרם,בני ג`ורג` שוקחה (חיפה) בעמ,NL,חמאה הולנדית,גרמים,200.00,100 גרם,false,1,11.00,5.50,true,1,
8715700110141,false,מיונז קרמי היינץ צנצנת 460ג',דיפלומט מפיצים (1968) בעמ**,NL,ממרח היינץ,גרמים,460.00,100 גרם,false,1,10.10,2.20,true,1,
8715700110158,false,היינץ ממרח במרקם קרמי צנצנת 490 גרם,דיפלומט מפיצים (1968) בעמ**,NL,ממרח במרקם קרמי,גרמים,490.00,100 גרם,false,1,10.10,2.06,true,1,
8715700115641,false,ממרח מיונז לחיץ לייט במרקם קרמי 420 ג' היינץ,דיפלומט מפיצים (1968) בעמ**,PL,ממרח במרקם קרמי,גרמים,420.00,100 גרם,false,1,12.70,3.02,true,1,
8715700117805,false,"קטשופ היינץ מתבל עגבניות ללא תוספת סוכר ומלח 425 מ""ל",דיפלומט מפיצים (1968) בעמ**,NL,מתבל עגבניות,גרמים,425.00,100 גרם,false,1,9.30,2.19,true,1,
8715700120874,false,מתבל עגבניות היינץ בתוספת שום,דיפלומט מפיצים (1968) בעמ**,NL,קטשופ שום היינץ,גרמים,460.00,100 גרם,false,1,9.30,2.02,true,1,
8715700419732,false,מתבל עגבניות היינץ (700 גרם),דיפלומט מפיצים (1968) בעמ**,NL,מתבל עגבניות,גרמים,700.00,100 גרם,false,0,10.10,1.44,true,1,
8715700422473,false,ממרח לכריכים וסלטים ללא ח. משמרים היינץ 395 גרם,דיפלומט מפיצים (1968) בעמ**,NL,ממרח היינץ,גרמים,395.00,100 גרם,false,1,12.70,3.22,true,1,
8715700423906,false,היינץ מתבל עגבניות מופחת סוכר ומלח 50/50 550 גרם,דיפלומט מפיצים (1968) בעמ**,NL,מתבל עגבניות,גרמים,555.00,100 גרם,false,1,9.80,1.77,true,1,
8717163628812,false,מסכה טרזמה ללא סולפטים להחלקה ולצביעה300,"יוניליוור ישראלשיווק בע""מ",PL,טרזמה מסכה משקמת,מיליליטרים,300.00,"100 מ""ל",false,1,25.50,8.50,true,1,
8717163647226,false,"אקס דאודורנט ספריי גוף בלאק 150 מ""ל",יוניליוור ישראל שיווק בע`מ,TR,אקס ספריי,מיליליטרים,150.00,"100 מ""ל",false,1,11.80,7.87,true,1,
8717163647240,false,"אקס דאודורנט ספריי גוף לגבר שוקולד 150 מ""ל",יוניליוור ישראל שיווק בע`מ,TR,אקס ספריי,מיליליטרים,150.00,"100 מ""ל",false,1,11.80,7.87,true,1,
8717163658314,false,תחליב רחצה מים מיסלריים היפואלרגני לעור רגיש,יוניליוור ישראל שיווק בעמ,DE,תחליב רחצה דאב,מיליליטרים,500.00,"100 מ""ל",false,1,15.30,3.06,true,1,
8717163714850,false,דאודורנט ספריי קוקוס ויסמין( 150 מל),"יוניליוור ישראל שיווק בע""מ",TR,דאודורנט דאב,מיליליטרים,150.00,"100 מ""ל",false,1,12.70,8.47,true,1,
8717344160025,false,דומדמניות אדומות,BERRUE FRUITFUK FRESH BE,EC,דומדמניות 125גרם,גרמים,125.00,100 גרם,false,1,23.90,19.12,true,1,
8717677336593,false,טוניס שוקולד חלב 180 גרם רבנות - נוכרי,ליימן שליסל בע`מ,NL,שוקולד חלב מעולה,גרמים,180.00,100 גרם,false,1,15.30,8.50,true,1,
8717677336616,false,שוקולד מריר עם שקדים ומלח טוניס' שוקולונלי 180 גרם,ליימן שליסל בע`מ,NL,שוקולד מריר,גרמים,180.00,100 גרם,false,1,15.30,8.50,true,1,
8717677336630,false,שוקולד חלב עם שקדים ודבש טוניס' שוקולונלי 180 גרם,ליימן שליסל בע`מ,NL,שוקולד חלב מעולה,גרמים,180.00,100 גרם,false,1,15.30,8.50,true,1,
8717677336661,false,טוניס שוקולד מריר מעולה 70% 180 גרם רבנות - נוכרי,ליימן שליסל בע`מ,NL,שוקולד מריר,גרמים,180.00,100 גרם,false,1,15.30,8.50,true,1,
8717677338436,false,שוקולד חלב עם אגוזי לוז טוניס' שוקולונלי 180 גרם,ליימן שליסל בע`מ,NL,שוקולד חלב מעולה,גרמים,180.00,100 גרם,false,1,15.30,8.50,true,1,
8718114734484,false,ממרח מיוני מיילי 320 גרם,א. סיימן סחר בעמ,FR,מיונז מאיי,גרמים,320.00,100 גרם,false,0,11.80,3.69,true,1,
8718117607662,false,נוטרילון A.R תרכובת מזון מגיל לידה,דיפלומט מפיצים (1968) בעמ**,NL,נוטרילון AR,גרמים,900.00,100 גרם,false,1,81.10,9.01,true,1,
8718951030169,false,"קולגייט סנסיטיב הלבנה המסייעת בהגנה לשיניים רגישות 75 מ""ל",ש. שסטוביץ בע`מ,PL,משחת קולגייט,מיליליטרים,75.00,"100 מ""ל",false,1,15.30,20.40,true,1,
8718951030206,false,"קולגייט סנסיטיב פרוטקשן משחת שיניים לשיניים רגישות 75 מ""ל",קולגייט-פלמוליב,PL,משחת קולגייט,מיליליטרים,75.00,"100 מ""ל",false,1,15.30,20.40,true,1,
8718951044913,false,משחת שיניים הלבנה מרידול (75 מל),קולגייט פלמוליב,GB,משחת מרידול,מיליליטרים,75.00,"100 מ""ל",false,1,18.70,24.93,true,1,
8718951093331,false,מרידול זוג מברשות שיניים אקסטרה סופט,קולגייט פלמוליב,CH,זוג מברשות מרידו,יחידה,1.00,יחידה,false,1,21.20,21.20,true,1,
8718951144064,false,מרידול מברשת שיניים פרודונט אקספרט זוג,"ש. שסטוביץ בע""\מ",CH,זוג מברשות מרידו,יחידה,1.00,יחידה,false,1,21.20,21.20,true,1,
8718951159808,false,מברשות שיניים 360 מדיום- מארז שלישייה,קולגייט-פלמוליב,CN,3 מברשות קולגייט,יחידה,1.00,יחידה,false,1,25.50,25.50,true,1,
8718951160897,false,ספריי אקונומיקה עוצמת ה7 טריגר אגקס 500מ,קולגייט-פלמוליב,GR,אג'קס אקונומיקה,מיליליטרים,500.00,"100 מ""ל",false,1,12.70,2.54,true,1,
8718951166288,false,"משחת שיניים קולגייט מקס וייט 125 מ""ל",הנסיך- מפעל לייצור ט,PL,משחת קולגייט מקס,מיליליטרים,125.00,"100 מ""ל",false,1,15.30,12.24,true,1,
8718951166561,false,משחת שיניים לרעננות מוגברת max fresh cooling crystals,הנסיך- מפעל לייצור ט,PL,משחת קולגייט מקס,מיליליטרים,125.00,"100 מ""ל",false,1,15.30,12.24,true,1,
8718951170445,false,"קולגייט סמיילס משחת שיניים ילדים גילאי 2-5 50 מ""ל",קולגייט פלמוליב,PL,קולגייט סמיילס,מיליליטרים,50.00,"100 מ""ל",false,1,10.10,20.20,true,1,
8718951236790,false,"קולגייט טוטאל משחת שיניים קלין מינט לפה בריא 100 מ""ל",קולגייט פלמוליב,PL,קולגייט טוטל,מיליליטרים,100.00,"100 מ""ל",false,1,14.40,14.40,true,1,
8718951236806,false,"קולגייט טוטאל הלבנה משחת שיניים המסייעת בהסרת כתמים 100 מ""ל",ש. שסטוביץ בע`מ,PL,קולגייט טוטל,מיליליטרים,100.00,"100 מ""ל",false,1,14.40,14.40,true,1,
8718951236813,false,"קולגייט טוטאל משחת שיניים ניקוי מתקדם לפה בריא יותר 100 מ""ל",קולגייט פלמוליב,PL,משחת קולגייט,מיליליטרים,100.00,"100 מ""ל",false,1,14.40,14.40,true,1,
8718951240742,false,"קולגייט טוטאל משחת שיניים פסים מרעננים 100 מ""ל",איינשטיין-צור יבוא-יצוא וסחר ב,PL,קולגייט טוטל,מיליליטרים,100.00,"100 מ""ל",false,1,14.40,14.40,true,1,
8718951264618,false,"קולגייט אופטיק וייט פחם צ'רקול משחת שיניים, 75 מ""ל",איינשטיין-צור יבוא-יצוא וסחר ב,PL,משחת קולגייט,מיליליטרים,75.00,"100 מ""ל",false,1,21.20,28.27,true,1,
8718951265103,false,קולגייט זוג מברשת שיניים אולטרה סופט,קולגייט פלמוליב,,מברשות קולגייט2*,יחידה,1.00,יחידה,false,0,25.50,25.50,true,1,
8718951281738,false,אלמקס סנסיטיב משחה לשיניים רגישות,ש.שסטוביץ בעמ,PL,משחת אלמקס,מיליליטרים,75.00,"100 מ""ל",false,1,16.10,21.47,true,1,
8718951286733,false,"קולגייט אופטיק וייט לסטינג וייט משחת שיניים 75 מ""ל",ש. שסטוביץ בע`מ,PL,משחת אופטיק וויט,מיליליטרים,75.00,"100 מ""ל",false,1,21.20,28.27,true,1,
8718951314023,false,פלמוליב נטורלס תחליב רחצה אפרסק 750 מל,קולגייט פלמוליב,TR,תחליב רחצה אפרסק,מיליליטרים,750.00,"100 מ""ל",false,1,17.00,2.27,true,1,
8718951315303,false,"קולגייט אדומה משחת שיניים להגנה מפני עששת 2*100 מ""ל",קולגייט-פלמוליב,PL,משחת קולגייט 2יח,מיליליטרים,200.00,"100 מ""ל",false,1,17.00,8.50,true,1,
8718951319806,false,פלמוליב לגבר גל רחצה ושמפו מרענן 750 משא,ש. שסטוביץ בע`מ,TR,ג'ל רחצה לגבר,מיליליטרים,750.00,"100 מ""ל",false,1,17.00,2.27,true,1,
8718951333048,false,"פלמוליב סבון לידיים למטבח, 300 מ""ל",הנסיך- מפעל לייצור ט,IT,פלמוליב ידיים,מיליליטרים,300.00,"100 מ""ל",false,1,9.30,3.10,true,1,
8718951334151,false,"סופלין מרכך כביסה מרוכז היפואלרגני 650 מ""ל",ש.שסטוביץ בעמ,FR,סופלין מרכך,מיליליטרים,650.00,"100 מ""ל",false,1,8.40,1.29,true,1,
8718951338128,false,"ליידי ספיד סטיק רול און שאוור פרש 50 מ""ל",קולגייט פלמוליב,IT,דאודורנט רול און,מיליליטרים,50.00,"100 מ""ל",false,1,11.80,23.60,true,1,
8718951350137,false,"פלמוליב תחליב רחצה מקדמיה וקקאו עם חמאת שיאה 750 מ""ל",קולגייט פלמוליב,TR,תחליב רחצה קקאו,מיליליטרים,750.00,"100 מ""ל",false,1,17.00,2.27,true,1,
8718951354807,false,נוזל רצפות אגקס חגיגת הפרחים יסמין 1.5 ל,קולגייט פלמוליב,GR,אג'קס חגיגת פרחי,ליטרים,1.50,ליטר,false,1,14.40,9.60,true,1,
8718951366015,false,"קולגייט - משחת שיניים אופטיק וויט אקס קומפ 75 מ""ל",ש.שסטוביץ בעמ,PL,קולגייט להלבנה,מיליליטרים,75.00,"100 מ""ל",false,1,34.10,45.47,true,1,
8718951381292,false,"משחת שיניים מקס דיטוקס פואם קולגייט 125 מ""ל",ש. שסטוביץ בע`מ,PL,משחת מקס דיטוקס,מיליליטרים,125.00,"100 מ""ל",false,1,15.20,12.16,true,1,
8718951382787,false,"משחת שיניים אופטיק וויט חימר ומינרלים 75 מ""ל קולגייט",ש.שסטוביץ בעמ,PL,משחת אופטיק חימר,מיליליטרים,75.00,"100 מ""ל",false,1,21.20,28.27,true,1,
8718951385290,false,אג`קס ניקוי כללי עוצמת ב -7כחול 2 ליטר,קולגייט פלמוליב,GR,אג'קס ניקוי כללי,ליטרים,2.00,ליטר,false,1,19.50,9.75,true,1,
8718951400474,false,"תחליב רחצה קמליה ושקדים ללא משאבה750 מ""ל פלמולי",קולגייט פלמוליב,TR,תחליב רחצה שקדים,מיליליטרים,750.00,"100 מ""ל",false,1,17.00,2.27,true,1,
8718951400597,false,"תחליב רחצה קוקוס וחלב ללא משאבה750 מ""ל פלמוליב",קולגייט פלמוליב,TR,תחליב רחצה קוקוס,מיליליטרים,750.00,"100 מ""ל",false,1,17.00,2.27,true,1,
8718951409798,false,זוג מברשות שיניים מקס וויט פחם קולגייט,הנסיך- מפעל לייצור ט,CN,מברשת שיניים פחם,יחידה,1.00,יחידה,false,1,21.20,21.20,true,1,
8718951410510,false,מרידול מנקה לשון לנשימה רעננה,שסטוביץ,CH,מנקה לשון מרידול,יחידה,1.00,יחידה,false,1,28.10,28.10,true,1,
8718951428522,false,"פלמוליב סבון רחצה לגבר 4 ב-1 המפ 750 מ""ל",ש.שסטוביץ בעמ,TR,סבון פלמוליב,מיליליטרים,750.00,"100 מ""ל",false,1,17.00,2.27,true,1,
8718951431614,false,"סבון רחצה פלמוליב סו פירם מינרלים משאבה 750 מ""ל",קולגייט פלמוליב,TR,פלמוליב סב.רחצה,מיליליטרים,750.00,"100 מ""ל",false,1,17.00,2.27,true,1,
8718951433120,false,קולגייט טוטאל משחת שיניים לילדים לגילאי,קולגייט פלמוליב,PL,משחת קולגייט ילד,מיליליטרים,50.00,"100 מ""ל",false,1,14.40,28.80,true,1,
8718951446564,false,"סבון נוזלי מומנטס עץ אלגום ולבנדר 500 מ""ל פלמוליב",ש.שסטוביץ בעמ,TR,סבון פלמוליב,מיליליטרים,500.00,"100 מ""ל",false,1,13.50,2.70,true,1,
8718951452770,false,סבון גוף עדין שקדים500מל,קולגייט פלמוליב,TR,סבון גוף פלמוליב,מיליליטרים,500.00,"100 מ""ל",false,1,13.50,2.70,true,1,
8718951466371,false,מרידול משחת לחניכיים רגישות 75 מל,קולגייט פלמוליב,PL,מרידול משחה,מיליליטרים,75.00,"100 מ""ל",false,1,17.00,22.67,true,1,
8718951477384,false,"קולגייט משחת שיניים טוטאל ג'ל מתקדם פיור 75 מ""ל",קולגייט פלמוליב,PL,משחת טוטאל ג'ל,מיליליטרים,75.00,"100 מ""ל",false,1,17.00,22.67,true,1,
8718951509627,false,"קולגייט אופטיק וייט לאוהבי קפה ותה משחת שיניים 75 מ""ל",קולגייט פלמוליב,PL,קולגייט משחה,מיליליטרים,75.00,"100 מ""ל",false,1,21.20,28.27,true,1,
8719200998001,false,מרגרינה לאפיה ובישול בלי מלח 200 ג' בלו בנד,יוניליוור ישראל מזון בע\,IL,מרגרינה בלובנד,גרמים,200.00,100 גרם,false,1,3.80,1.90,true,1,
8719200998018,false,מחמאה מרגרינה בטעם חמאה בלובנד 200 גרם,"מיוצר ע""\י יוניליוור ישר",IL,מחמאה מרגרינה,גרמים,200.00,100 גרם,false,1,4.00,2.00,true,1,
8719200998032,false,"מרגרינה מזולה גלורי טעם חמאה 250גר 8 יחידות - כשל""פ","מיוצר ע""\י יוניליוור ישר",IL,מזולה טעם חמאה,גרמים,250.00,100 גרם,false,1,8.40,3.36,true,1,
8719200998094,false,"מרגרינה מזולה לאפיה ללא תוספת מלח 200גר - 40 יח' -כשל""פ","מיוצר ע""\י יוניליוור ישר",IL,מזולה לאפייה,גרמים,200.00,100 גרם,false,1,5.50,2.75,true,1,
8720181045912,false,"אקס דאודורנט ספריי גוף אפריקה 150 מ""ל",יוניליוור ישראל שיווק בע`מ,TR,אקס ספריי,מיליליטרים,150.00,"100 מ""ל",false,1,11.80,7.87,true,1,
8720181046605,false,דאב - דאודורנט ספריי לאישה אורגינל כחול 150מל,יוניליוור ישראל שיווק בע`מ,TR,דאודורנט דאב,מיליליטרים,150.00,"100 מ""ל",false,1,12.70,8.47,true,1,
8720181046612,false,"דאב - דאודורנט רול און לאישה אורגינל 50 מ""ל",יוניליוור ישראל שיווק בע`מ,GB,דאב רול און,מיליליטרים,50.00,"100 מ""ל",false,1,11.00,22.00,true,1,
8720181090202,false,"תחליב רחצה דאב עם שמן זית, 750 מ""ל",יוניליוור ישראל שיווק בע`מ,DE,תחליב רחצה דאב,מיליליטרים,750.00,"100 מ""ל",false,1,13.50,1.80,true,1,
8720181090219,false,תחליב רחצה רימונים ותמצית פרח היביסקוס,יוניליוור ישראל שיווק בע`מ,DE,תחליב רחצה דאב,מיליליטרים,750.00,"100 מ""ל",false,1,13.50,1.80,true,1,
8720182253194,false,סבון מוצק דאב מלפפונים ותה ירוק שישיית,יוניליוור,DE,סבון מוצק 6יח,גרמים,540.00,100 גרם,false,1,15.30,2.83,true,1,
8720182256362,false,שישיית סבון מוצק דאב קלאסי 540 גר',יוניליוור,DE,סבון מוצק 6יח,גרמים,540.00,100 גרם,false,1,15.30,2.83,true,1,
8801055707966,false,קפה טייסטרס צ`ויס בריסטה נסקפה (180 גרם),קבוצת אוסם סחר שותפות מוגבלת,KR,טסטרס צ'וייס,גרמים,180.00,100 גרם,false,1,25.50,14.17,true,1,
8801055709427,false,קפה נמס טסטר'ס צ'ויס אלטה ריקה 100 גרם,קבוצת אוסם סחר שותפות מוגבלת,KR,קפה טסטרס צ'ויס,גרמים,100.00,100 גרם,false,1,21.20,21.20,true,1,
8801055709434,false,קפה נמס טסטר'ס צ'ויס קולומביה 100 גרם,קבוצת אוסם סחר שותפות מוגבלת,KR,קפה טסטרס צ'ויס,גרמים,100.00,100 גרם,false,1,21.20,21.20,true,1,
8801055709458,false,אבקה להכנת משקה קפה בטעם קפוצ'ינו קרמל,קבוצת אוסם סחר שותפות מוגבלת,KR,קפוצ'ינו קרמל,גרמים,170.00,100 גרם,false,1,16.50,9.71,true,1,
8801055709465,false,אבקה להכנת משקה קפה בטעם קפוצ'ינו וניל,קבוצת אוסם סחר שותפות מוגבלת,KR,קפוצ'ינו וניל,גרמים,185.00,100 גרם,false,1,16.50,8.92,true,1,
8801055709472,false,נסטלה - נסקפה קפוצ'ינו קלאסי 12.50 גרם * 10,קבוצת אוסם סחר שותפות מוגבלת,KR,נס קפה קפוצ'ינו,גרמים,125.00,100 גרם,false,1,16.50,13.20,true,1,
8801055709489,false,אבקה להכנת משקה קפה בטעם קפוצ'ינו אגוזים,קבוצת אוסם סחר שותפות מוגבלת,KR,נס קפה קפוצ'ינו,גרמים,180.00,100 גרם,false,1,16.50,9.17,true,1,
8850006331699,false,שלישיית מברשת שיניים קולגייט סלים סופט,קולגייט פלמוליב,CN,3 מברשות קולגייט,יחידה,1.00,יחידה,false,1,25.50,25.50,true,1,
8850035104073,false,תירס גמדי שלם מי מלח425,דהפיס קנינג 1958,TH,תירס גמדי,גרמים,425.00,100 גרם,false,1,5.90,1.39,true,1,
8850035104080,false,תירס גמדי חתוך מי מלח425,דהפיס קנינג 1958,TH,תירס גמדי,גרמים,425.00,100 גרם,false,1,5.90,1.39,true,1,
8850161160851,false,"קוקו מקס 100% מי קוקוס 350 מ""ל",טויו סייקאן קו.אל.טי.די,TH,מי קוקוס קוקו,מיליליטרים,350.00,"100 מ""ל",false,1,8.10,2.31,true,1,
8850161166204,false,"קרם קוקוס 17-19% 500 מ""ל - AMPAWA",אמפווה קוקונט פרודקט,TH,קרם קוקוס,מיליליטרים,500.00,"100 מ""ל",false,1,9.30,1.86,true,1,
8850180040028,false,קמח טמפורה להכנת בלי,מזרח ומערב יבוא ושיווק,TH,טמפורה,גרמים,500.00,100 גרם,false,0,9.30,1.86,true,1,
8850206250592,false,רוטב צ'ילי סריראצ'ה 540 גרם (מזרח ומערב),מזרח ומערב יבוא ושיווק,TH,רוטב צ'ילי סיראצ,גרמים,530.00,100 גרם,false,1,15.20,2.87,true,1,
8850367992164,false,קרם קוקוס 250 מל 20-22% ללא חומר משמר,מזרח ומערב יבוא ושיווק,TH,קרם קוקוס,מיליליטרים,250.00,"100 מ""ל",false,0,7.20,2.88,true,1,
8850367994021,false,"רוטב צ'ילי מתוק ללא סוכר מזרח ומערב ללא גלוטן 280 מ""ל",מזרח ומערב יבוא ושיווק,TH,רוטב צילי מתוק,מיליליטרים,280.00,"100 מ""ל",false,1,9.30,3.32,true,1,
8850367994779,false,מחית קארי ירוקה 50 גרם,מזרח ומערב יבוא ושיווק,TH,מחית קארי ירוקה,גרמים,50.00,100 גרם,false,1,5.00,10.00,true,1,
8850367994786,false,מחית קארי אדומה 50 גרם,מזרח ומערב יבוא ושיווק,TH,מחית קארי אדומה,גרמים,50.00,100 גרם,false,1,5.00,10.00,true,1,
8850389103111,false,סאפי משקה אלוורה בטעם ענבים 300מל,פארייפאבה אגרואינדוס,TH,משקה סאפה ענבים,מיליליטרים,300.00,"100 מ""ל",false,0,5.90,1.97,true,1,
8850389103128,false,"משקה קל סאפה בטעם תפוח 300 מ""ל",פארייפאבה אגרואינדוס,TH,משקה סאפה תפוח,מיליליטרים,300.00,"100 מ""ל",false,0,5.90,1.97,true,1,
8850389104637,false,"משקה קל סאפה אלוורה אפרסק 300 מ""ל",פארייפאבה אגרואינדוס,TH,סאפה אפרסק,מיליליטרים,300.00,"100 מ""ל",false,0,5.90,1.97,true,1,
8850389105825,false,משקה אלוורה בטעם ענבים סאפה 1 ליטר,סאפה פובליק קומפני לימיט,TH,סאפה ענבים,ליטרים,1.00,ליטר,false,0,11.90,11.90,true,1,
8850389105832,false,סאפה משקה אלוורה בטעם תפוח עם קוביות אלוורה 1 ליטר,סאפה פובליק קומפני לימיט,TH,סאפה תפוחים,ליטרים,1.00,ליטר,false,0,11.90,11.90,true,1,
8850389105849,false,סאפה משקה אלוורה מופחת קלוריות בטעם אפרסק 1 ליטר,סאפה פובליק קומפני לימיט,TH,סאפה אפרסק,ליטרים,1.00,ליטר,false,0,11.90,11.90,true,1,
8850389111352,false,"משקה מלון עם חתיכות גלי קוקוס 320 מ""ל מוגו מוגו",סאפה פובליק קומפני לימיט,TH,מוגו מלון קוקוס,מיליליטרים,320.00,"100 מ""ל",false,1,5.90,1.84,true,1,
8850389115336,false,משקה אלוורה בטעם מלון סאפה 1 ליטר,סאפה פובליק קומפני לימיט,TH,משקה אלוורה,ליטרים,1.00,ליטר,false,1,11.90,11.90,true,1,
8850632604259,false,"יוגטה, חיספוסים, ממתק חמוץ בצורת מקלות בטעם תות שדה,50 גרם",ליימן שליסל בע`מ,TH,יוגטה ממתק חמוץ,גרמים,50.00,100 גרם,false,0,3.90,7.80,true,1,
8850632604372,false,"יוגטה, חיספוסים בצורת שטיח בטעם תות שדה 50 גרם",ליימן שליסל בע`מ,TH,יוגטה ממתק חמוץ,גרמים,50.00,100 גרם,false,0,3.90,7.80,true,1,
8850632604402,false,יוגטה חיספוסים בטעם מעורב תות שדה אבטיח ענבים בננה 50 גרם,ליימן שליסל בע`מ,TH,יוגטה ממתק חמוץ,גרמים,50.00,100 גרם,false,0,3.90,7.80,true,1,
8854761020010,false,"צ'אבה משקה תפו""ע 1 ליטר",,TH,"משקה תפו""ע",ליטרים,1.00,ליטר,false,1,12.00,12.00,true,1,
8854761070114,false,צ'אבה משקה אפרסק מנגו1ל,,TH,משקה אפרסק מנגו,ליטרים,1.00,ליטר,false,1,12.00,12.00,true,1,
8854761120116,false,צ'אבה משקה אננס 1 ליטר,,TH,משקה אננס,ליטרים,1.00,ליטר,false,1,12.00,12.00,true,1,
8854761370115,false,צ'אבה משקה מנדרין תפוז1ל,,TH,משקה מנדרין תפוז,ליטרים,1.00,ליטר,false,1,12.00,12.00,true,1,
8857101301008,false,רוטב צילי מתוק וילי 700 מל יצרןמותג: פאן,ג.וילי-פוד אינטרנשיונל בעמ,TH,רוטב צ'ילי,מיליליטרים,700.00,"100 מ""ל",false,0,8.90,1.27,true,1,
8857106430512,false,"אטריות אורז עם אורז חום לל""ג 250 גרם",,TH,איטריות אורז,גרמים,250.00,100 גרם,false,1,7.60,3.04,true,1,
8858271002870,false,רוטב פאד תאי 250 מ'ל - מקסצ'אפ,מזרח ומערב יבוא ושיווק,TH,רוטב פאד תאי,מיליליטרים,250.00,"100 מ""ל",false,0,10.10,4.04,true,1,
8858271002887,false,"רוטב טרייאקי 250 מ""ל מקסצ`אפ",מזרח ומערב יבוא ושיווק,TH,רוטב טריאקי,מיליליטרים,250.00,"100 מ""ל",false,1,10.10,4.04,true,1,
8858271003020,false,רוטב סויה פורמולה 1 - 700 מ'ל מקסצ'אפ,מזרח ומערב יבוא ושיווק,TH,רוטב סויה,מיליליטרים,700.00,"100 מ""ל",false,0,13.50,1.93,true,1,
8858271003921,false,רוטב קארי אדום 250 מ'ל - מקסצ'אפ,מזרח ומערב יבוא ושיווק,TH,רוטב קארי אדום,גרמים,250.00,100 גרם,false,0,10.10,4.04,true,1,
8858271003938,false,רוטב קארי ירוק 250 מ'ל - מקסצ'אפ,מזרח ומערב יבוא ושיווק,TH,רוטב קארי ירוק,גרמים,250.00,100 גרם,false,0,10.10,4.04,true,1,
8858271004034,false,רוטב צ'ילי חריף 700 מ'ל מקסצ'אפ,מזרח ומערב יבוא ושיווק,TH,רוטב צ'ילי חריף,מיליליטרים,700.00,"100 מ""ל",false,0,13.50,1.93,true,1,
8858271004126,false,רוטב חמוץ מתוק 700 מ'ל - מקסצ'אפ,מזרח ומערב יבוא ושיווק,TH,רוטב חמוץ מתוק,מיליליטרים,700.00,"100 מ""ל",false,0,14.40,2.06,true,1,
8858271004300,false,"רוטב טרייאקי 70 מ""ל מקסצ`אפ",מזרח ומערב יבוא ושיווק,TH,רוטב טריאקי,מיליליטרים,700.00,"100 מ""ל",false,0,17.00,2.43,true,1,
8886303210504,false,"קרם קוקוס 24% 500 מ""ל ""קארה""",ג'ומון,ID,קרם קוקוס,מיליליטרים,500.00,"100 מ""ל",false,1,12.70,2.54,true,1,
8886303210542,false,"קארה קרם קוקונט 17% 400 מ""ל",ג'ומון,ID,קרם קוקוס,מיליליטרים,400.00,"100 מ""ל",false,1,8.40,2.10,true,1,
8888021200256,false,סוללות אנרג'ייזר AA מקס 8 יחידות,יצרן: אנרג'ייזר סינג,SG,שמינית סוללות,יחידה,1.00,יחידה,false,0,21.20,21.20,true,1,
8888021200720,false,סוללות אנרג'ייזר AAA מקס 8 יחידות,יצרן: אנרג'ייזר סינג,SG,8 סוללות AAA,יחידה,1.00,יחידה,false,0,21.20,21.20,true,1,
8901138825591,false,"משחת שיניים הימלאיה מלבינה 75 מ""ל",הימלאיה Himalaya,PL,משחת שיניים,מיליליטרים,75.00,"100 מ""ל",false,1,21.00,28.00,true,1,
8901537024014,false,"אורז בסמטי מובחר 1 ק""ג - דוואט) יורה דיעה",ג. וילי-פוד אינטרנשיונל בע`מ,IN,אורז בסמטי דאווט,קילוגרמים,1.00,"ק""ג",false,0,11.00,11.00,true,1,
8901537076679,false,אורז בסמטי חום מלא 1 קג`DAAWAT וילי פוד,ג. וילי-פוד אינטרנשיונל בע`מ,IN,אורז בסמטי חום,קילוגרמים,1.00,"ק""ג",false,1,13.50,13.50,true,1,
8934878081798,false,"דפים 16ס""מ קמח טפיוקה400",מזרח ומערב יבוא ושיווק,VN,דפים קמח טפיוקה,גרמים,400.00,100 גרם,false,0,9.30,2.32,true,1,
8934878081811,false,"דפי אורז 22 ס""מ 400 גר'(Trav) ללא גלוטן",מזרח ומערב יבוא ושיווק,VN,דפים אורז למילוי,גרמים,400.00,100 גרם,false,0,10.10,2.53,true,1,
8938535541366,false,"דפי אורז 22ס""מ צבעוני 400גר ללא גלוטן",מזרח ומערב יבוא ושיווק,VN,דפי אורז צבעונים,גרמים,400.00,100 גרם,false,1,12.70,3.18,true,1,
9000100590938,false,"סאיוס - מוס לשיער ליצירת נפח 250 מ""ל",הנקל סוד בעמ,DE,מוס לעיצוב סאיוס,מיליליטרים,250.00,"100 מ""ל",false,0,17.00,6.80,true,1,
9000100591058,false,"סאיוס - ג'ל לשיער לייצוב מקסימלי 250 מ""ל",הנקל סוד,DE,ג'ל לעיצוב סאיוס,מיליליטרים,250.00,"100 מ""ל",false,0,25.50,10.20,true,1,
9000100760591,false,"פה - דאודורנט רול און לגבר אינוויזיבל פאוואר 50 מ""ל",שוורצקופף והנקל,DE,דאודורנט פה,מיליליטרים,50.00,"100 מ""ל",false,1,8.40,16.80,true,1,
9000100806657,false,"פה - דאודורנט רול און לאישה בלתי נראה 50 מ""ל",שוורצקופף והנקל,DE,דאודורנט פה,מיליליטרים,50.00,"100 מ""ל",false,0,8.40,16.80,true,1,
9000100843256,false,"גליס תמציות שמן 6 פעולות משקמות 75 מ""ל",שוורצקוף Schwarzkopf,SK,גליס שמן משקם,מיליליטרים,75.00,"100 מ""ל",false,0,21.20,28.27,true,1,
9000101375299,false,ברף דלקס שלישייה ניחוח מגנוליה,הנקל,RS,ברף מגנוליה,גרמים,150.00,100 גרם,false,1,12.70,8.46,true,1,
9000101380255,false,פרסיל דיסקס לכביסה ניקיון היגייני 22 יחידות,גורי שיווק בעמ,HU,פרסילקפסולות,יחידה,1.00,יחידה,false,1,29.80,29.80,true,1,
9000101418163,false,שלישיית סבון אסלה בניחוח מתחלף תפוח ירוק ברף,גורי שיווק בעמ,RS,ברף לאסלה 3 יח,גרמים,150.00,100 גרם,false,1,12.70,8.46,true,1,
9000101537550,false,פרסיל קאפסולות לכביסה לבנה וצבעונית 52 יח',גורי שיווק בעמ,HU,פרסיל פאוור קאפס,יחידה,1.00,יחידה,false,1,42.60,42.60,true,1,
9000101537581,false,פרסיל קאפסולות לכביסה צבעונית 52 יחידו,גורי שיווק בעמ,HU,פרסיל פאוור קאפס,יחידה,1.00,יחידה,false,1,42.60,42.60,true,1,
9000101548419,false,קולור קאצ`ר דפים למכונת לכביסה מחדש צבע לבן 18 יח',"הנקל סוד בע""\מ",IE,קולר קאצ'ר לבן,יחידה,1.00,יחידה,false,1,17.00,17.00,true,1,
9001616202186,false,"בקבוק לתינוק 330 מ""ל 4+ חודשים Easy Active",טרופיקל דגיל תעשיות,AT,מאמ בקבוק,יחידה,1.00,יחידה,false,0,32.30,32.30,true,1,
9001616203626,false,מאם זוג פטמות מס 3 זרימה מהירה,אלפא קוסמטיקה בעמ,AT,מאמ פטמות,יחידה,1.00,יחידה,false,0,24.70,24.70,true,1,
9001616205781,false,מוצצים 6+ סיליקון קלירליין-בנים (כחול),אלפא קוסמטיקה בעמ,HU,מוצץ מאמ,יחידה,1.00,יחידה,false,0,34.10,34.10,true,1,
9001616681363,false,"בקבוק לתינוק אנטי קוליק מאמ 260 מ""ל",אלפא קוסמטיקה בעמ,HU,בקבוק אנטי קוליק,מיליליטרים,260.00,"100 מ""ל",false,1,32.30,12.42,true,1,
9001616702655,false,זוג מוצצים בנות מיני אולטי מאמ סיליקון,אלפא קוסמטיקה בעמ,HU,זוג מוצצים 0-6 ז,יחידה,1.00,יחידה,false,1,34.10,34.10,true,1,
9001616702662,false,זוג מוצצים סיליקון פרל מאמ 0-6 ורוד,General,HU,זוג מוצצים פרל 0,יחידה,1.00,יחידה,false,1,34.10,34.10,true,1,
9001616703249,false,מחזיק מוצץ יוניסקס יחידה,אלפא,AT,מחזיק מוצץ יוניס,יחידה,1.00,יחידה,false,1,24.70,24.70,true,1,
9001616703256,false,נשכן בת יחידה,General,AT,נשכן בת,יחידה,1.00,יחידה,false,1,29.80,29.80,true,1,
9002975393812,false,סוכריות גילי הריבו האפי צירי 70 גרם,"האריבו , ג'\י.אם.בי.אייץ",,סוכריות הריבו,יחידה,1.00,יחידה,false,0,5.90,5.90,true,1,
9002975393829,false,סוכריות גילי הריבו פיציס 70 גרם,"האריבו , ג'\י.אם.בי.אייץ",,סוכריות הריבו,יחידה,1.00,יחידה,false,0,5.90,5.90,true,1,
9002975393836,false,סוכריות גילי הריבו האפי קולה 70 גרם,"האריבו , ג'\י.אם.בי.אייץ",,סוכריות הריבו,יחידה,1.00,יחידה,false,0,5.90,5.90,true,1,
9002975393843,false,סוכריות גילי הריבו גולדברס 70 גרם,"האריבו , ג'\י.אם.בי.אייץ",,סוכריות הריבו,יחידה,1.00,יחידה,false,0,5.90,5.90,true,1,
9002975393850,false,סוכריות גילי הריבו וורמס 70 גרם,"האריבו , ג'\י.אם.בי.אייץ",,סוכריות הריבו,יחידה,1.00,יחידה,false,0,5.90,5.90,true,1,
9005800343143,false,"ניוואה מן אפטר-שייב קול קיק פרש 100 מ""ל",אלפא ב.ד.ף בעמ,DE,אפטר שייב ניוואה,מיליליטרים,100.00,"100 מ""ל",false,1,32.30,32.30,true,1,
9008700111546,false,נקטר דובדבנים חמוצים 1ל',Rauch fruchtsafte gm,HU,נקטר דובדבנים,ליטרים,1.00,ליטר,false,0,9.50,9.50,true,1,
9009200012500,false,סוכריות גומי אורגני 100ג,פאז,AT,סוכריות גומי,גרמים,100.00,100 גרם,false,1,11.00,11.00,true,1,
9009200014559,false,סוכ.גומי אורגני פירות 100 גר BioBon,,AT,סוכריות ג'לי100ג,גרמים,100.00,100 גרם,false,0,11.00,11.00,true,1,
9028800639962,false,"אדלוויס בירה לבנה בקבוק 500 מ""ל",מבשלת בראו יוניון,AT,בירה אדלויס חיטה,מיליליטרים,500.00,"100 מ""ל",false,1,9.30,1.86,true,1,
9120025834723,false,חטיף אוראו מצונן 120 גרם רבנות,ג.וילי-פוד אינטרנשיונל **גבינו,IT,חטיף אוראו מצונן,גרמים,120.00,100 גרם,false,1,12.80,10.67,true,1,
9120025839896,false,חטיף מילקה מצונן 128 גרם,ג.וילי-פוד אינטרנשיונל **גבינו,IT,חטיף מילקה מצונן,גרמים,120.00,100 גרם,false,1,12.80,10.67,true,1,
9120097310583,false,חטיף שוקו בננה מיניונים מצונן 108 גרם,ג.וילי-פוד אינטרנשיונל **גבינו,IT,חטיף שוקו מצונן,גרמים,120.00,100 גרם,false,1,12.80,10.67,true,1,
9310072028743,false,טים טם ביסקוויט במילוי שוקולד 200 גרם,"ארנוטס ביסקוויטס בע""",AU,טים טם אורגינל,גרמים,200.00,100 גרם,false,1,17.00,8.50,true,1,
9310072028750,false,חטיף שוקולד דאבל קרם טים טם (200 גרם),"ארנוטס ביסקוויטס בע""",AU,טים טם דאבל,גרמים,200.00,100 גרם,false,1,17.00,8.50,true,1,
9322969000015,false,פריכיות תירס בטעם אורגינל ריל פודס 150 ג',אף.סי תבליני בגליל ב,AU,פריכיות תירס,גרמים,150.00,100 גרם,false,0,10.90,7.27,true,1,
9322969000022,false,"ריל פוד פריכיות תירס עם סויה וזרעי פשתן, ללא גלוטן 150 גרם",אף.סי תבליני בגליל ב,AU,פריכיות תירס,גרמים,150.00,100 גרם,false,0,10.90,7.27,true,1,
9322969000046,false,פריכיות תירס שומשום אורגני ריל פודס 150 ג',אף.סי תבליני בגליל ב,AU,פריכיות תירס,גרמים,150.00,100 גרם,false,0,10.90,7.27,true,1,
9421018071508,false,מאד האוס סובינ.בלאן750מל,היכל היין שקד גולן בעמ,NZ,מאד האוס סובניון,מיליליטרים,750.00,"100 מ""ל",false,1,59.70,7.96,true,1,
9720188050109,false,ממרח על בסיס סויה בסגנון גבינה טופוטי 225 גרם,החברה המרכזית טלהפצת משקאות בע,IL,ממרח טופו גבינה,גרמים,225.00,100 גרם,false,0,17.00,7.56,true,1,
