code,internal_code,name,manufacturer_name,manufacture_country,manufacturer_item_description,unit_qty,quantity,unit_of_measure,weighted,qty_in_package,price,unit_of_measure_price,allow_discount,status,item_id
32147230,false,"מיץ לימון משומר 200מ""ל(לימונית אקסטרא)",ג'נרל מילס סאן אדריא,CH,"מיץ לימון משומר 200מ""ל",מיליליטרים,200.00,"100 מ""ל",false,,6.40,0.0320,true,1,1117197
40099132,false,מסטיק הובה בובה Hubba Bubba בטעם תות,הובה בובה Hubba Bubba,DE,הובה בובה טעם תות 35,גרמים,35.00,100 גרם,false,,3.00,0.0857,true,1,1083342
40144016,false,סוכריות חמאה וורטר אורגינל גליל בודד 50,קריניציה ויטמינה אס,DE,וורטר גליל 50 גרם,גרמים,50.00,100 גרם,false,,3.50,0.0700,true,1,1099409
42182115,false,אורביט פייב ספירמינט 12 סטיקס 29 גר,ריגלי צרפת,FR,מסטיק 5 ספירמנט ירוק,גרמים,31.00,גרם,false,,6.50,0.2097,true,1,1083369
42269915,false,קרם לחות ניוואה לפנים/לגוף אינטנסיב 200,HELLAS BEIERSDORF,DE,קרם לחות אינטנסיב ני,מיליליטרים,200.00,"100 מ""ל",false,,34.90,0.1745,true,1,3876147
42299363,false,"ניוואה - דאודורנט רול און לגבר פרש פאוור 50 מ""ל",ביירסדורץ,DE,דאו רול און פרש לגבר,100 מל,50.00,100 מל,false,,11.70,0.2340,true,1,3722580
50398904,false,"קרם חמצן 6% אינדולה 60 מ""ל",גדעון קוסמטיקס,IL,אינדולה חמצן 6%,100 מל,60.00,100 מל,false,,3.90,0.0650,true,1,1087331
54051157,false,מעדן סויה טעם שוקו אלפרו רביעיה 125 ג',קריות זול,BE,מעדן סויה בטעם שוקו,גרמים,500.00,100 גרם,false,,15.90,0.0318,true,1,1088591
72940754,false,"מילקי מעדן וניל עם קצפת שטראוס 133 מ""ל","שטראוס גרופ בע""\מ",IL,מילקי מעדן וניל עם ק,מיליליטרים,133.00,"100 מ""ל",false,,2.70,0.0203,true,1,1103727
72940761,false,"מילקי מעדן שוקולד עם קצפת שטראוס 133 מ""ל",מיוצר עי קונדיטוריית,IL,מילקי מעדן שוקולד עם,מיליליטרים,133.00,"100 מ""ל",false,,2.70,0.0203,true,1,1103728
72940952,false,מעדן מילקי בטעם שוקולד עם אקסטרה קצפת,"שטראוס גרופ בע""\מ",IL,מילקי מעדן פי 2 קצפת,מיליליטרים,107.00,"100 מ""ל",false,,3.50,0.0327,true,1,1103729
72940983,false,סלט חומוס 250 גר אחל,אחלה - שטראוס,IL,חומוס אחלה 250 גרם,גרמים,250.00,100 גרם,false,,6.90,0.0276,true,1,1103731
72941041,false,מעדן מילקי מיני בטעם שוקולד עם קצפת,"שטראוס גרופ בע""\מ",IL,מילקי מעדן מיני שוקו,מטרים,70.00,100 מ'ל,false,,2.00,0.0286,true,1,1103732
72945308,false,קוביית שמרים טריים לאפיה שמרית 50 גרם,"פאקא תעשיות בע""\מ",IL,שמרים טריים לאפיה שמ,גרמים,50.00,100 גרם,false,,3.30,0.0660,true,1,1103733
72961506,false,יוגורט עם תות 1.5% שומן 125 ג' פרילי,מיוצר עי קונדיטוריית,IL,פרילי תות גביע 125 ג,מיליליטרים,125.00,"100 מ""ל",false,,3.30,0.0264,true,1,1086704
72961520,false,"פרילי יוגורט עם אננס 1.5% תנובה 125 מ""ל",מיוצר עי קונדיטוריית,IL,פרילי יוגורט עם אננס,מיליליטרים,125.00,"100 מ""ל",false,,3.30,0.0264,true,1,1086706
72961544,false,"באדי יוגורט בטעם תות שדה 3% תנובה 125 מ""ל",מחלבת אלון תבור,IL,באדי יוגורט בטעם תות,מיליליטרים,125.00,"100 מ""ל",false,,2.90,0.0232,true,1,1086707
72963753,false,שמנת אורגינל של פעם 27% שומן 200 ג' תנובה,תנובה מרכז שיתופי לש,IL,שמנת אורגינל של פעם,מיליליטרים,200.00,"100 מ""ל",false,,3.90,0.0195,true,1,1086713
72964132,false,פרילי טבע יוגורט עם גרנולה 200 גרם,מיוצר עי קונדיטוריית,IL,פרילי עם גרנולה 1.5%,מיליליטרים,200.00,"100 מ""ל",false,,4.70,0.0235,true,1,1086715
72964422,false,יוגורט פרחים 4.5% שומן 200 גרם,מחלבת תנובה,IL,יוגורט לבן 4.5% תנוב,מיליליטרים,200.00,"100 מ""ל",false,,2.60,0.0130,true,1,1086716
72986240,false,באדי מעדן חלב בטעם שוקולד תנובה 125 גרם,מחלבת אלון תבור,IL,"באדי שוקו בד""צ 125מל",מיליליטרים,125.00,"100 מ""ל",false,,2.80,0.0224,true,1,1086718
72986370,false,"גלידת בן & ג'ריס פיינטים וניל 500מ""ל",מוצרי איכות אמריקאיים,IL,גלידה בן &ג'ריס וני,מיליליטרים,500.00,"100 מ""ל",false,,16.90,0.0338,true,1,1098852
72986424,false,"גלידת בן & ג'ריס פיינטים קרם עוגיות 500מ""ל",מוצרי איכות אמריקאיים בע,IL,גלידה בן&ג'ריס קרם ע,מיליליטרים,500.00,"100 מ""ל",false,,16.90,0.0338,true,1,1098853
72986448,false,"גלידת בן & ג'ריס פיינטים טופי קראנץ 500מ""ל",מוצרי איכות אמריקאיים בע,IL,גלידה בן &ג'ריס טופ,מיליליטרים,500.00,"100 מ""ל",false,,16.90,0.0338,true,1,1098854
72986455,false,"ניו יורק סופר גלידת שוקולד, חתיכות פאדג' ואגוזים",מוצרי איכות אמריקאיים בע,IL,גלידה בן& ג'ריס ניו,מיליליטרים,500.00,"100 מ""ל",false,,16.90,0.0338,true,1,1098855
72986479,false,"צ'אנקי מנקי גלידת וניל, בננות, חתיכות פאדג' ואגוזים",מוצרי איכות אמריקאיים בע,IL,גלידה בן& ג'ריס צ'א,מיליליטרים,500.00,"100 מ""ל",false,,16.90,0.0338,true,1,1098856
72989425,false,"גלידת בן & ג'ריס פיינטים שוקולד בראוניז 500מ""ל",מוצרי איכות אמריקאיים בע,IL,גלידה בן & ג'ריס שוק,מיליליטרים,500.00,"100 מ""ל",false,,16.90,0.0338,true,1,1098857
72991008,false,חטיף פסק זמן במילוי ופל מגולגל 45 גרם,"שטראוס גרופ בע""מ",IL,פסק זמן חלב מגדים 45,גרמים,45.00,100 גרם,false,,4.90,0.1089,true,1,1089549
72991886,false,"גלידת דולצ'ה בטעם ריבת חלב עם פאדג' בן וג'ירי 500 מ""ל",מוצרי איכות אמריקאיים בע,IL,גלידה בן&ג'ריס דולצ,מיליליטרים,500.00,"100 מ""ל",false,,16.90,0.0338,true,1,1098858
72993637,false,מעדן חלב בטעם שוקולד 125 ג' דני,"שטראוס גרופ בע""\מ",IL,דני בטעם שוקולד 1.5%,מיליליטרים,125.00,"100 מ""ל",false,,2.50,0.0200,true,1,1103743
80042556,false,POLPA עגבניות חתוכות דק 400 גרם MUTTI,מוטי Mutti,IT,שימורי עגבניות חתוכו,גרמים,400.00,100 גרם,false,,5.90,0.0148,true,1,8282034
80042563,false,רסק עגבניות MUTTI{צהוב} 700 גרם,"איי, בי, אינבוו",IT,מחית עגבניות קלה 700,גרמים,700.00,100 גרם,false,,11.90,0.0170,true,1,8241066
80050025,false,סוכריות טיק טק תפוז 16 גרם,פררו - אלבה,ZA,טיק טק תפוז 16 גרם,גרמים,16.00,100 גרם,false,,2.90,0.1812,true,1,1099425
80050124,false,סוכריות טיק טק מנטה 16 גרם,פררו - אלבה,ZA,טיק טק מנטה 16 גרם,גרמים,16.00,100 גרם,false,,2.90,0.1812,true,1,1099426
80052487,false,חטיף+ציפוי קוקוס רפאלו30,פררו - אלבה,PL,רפאלו 30 גר,גרמים,30.00,100 גרם,false,,3.60,0.1200,true,1,1099435
80052760,false,קינדר בואנו Kinder Bueno עם חלב ואגוזי לוז,פררו - אלבה,PL,שוקולד קינדר בואנו 4,גרמים,43.00,100 גרם,false,,3.70,0.0860,true,1,1099436
80083696,false,גנדולה עוגיות דגנים ופירות אורגני 250,גנדולה,IT,עוגיות אורגניות עם פ,גרמים,250.00,100 גרם,false,,14.50,0.0580,true,1,8276585
80136194,false,חטיפי הפי היפו Happy Hippo במילוי קרם חלבי ואגוזי לוז,קינדר Kinder,DE,הפי היפו אגוז 5*20ג,גרמים,100.00,100 גרם,false,,11.50,0.1150,true,1,5580738
80176800,false,נוטלה ממרח שוקולד 750 גרם,פררו תעשיות איטליה ס,IT,ממרח נוטלה 750 גרם,גרמים,750.00,100 גרם,false,,25.70,0.0343,true,1,1099439
80177173,false,ממרח שוקולד נוטלה 350 גרם,פררו - אלבה,IT,ממרח נוטלה 350 גרם,גרמים,350.00,100 גרם,false,,13.70,0.0391,true,1,1099441
80177609,false,אצבעות שוקולד קינדר Kinder ארבע יחידות,פררו - אלבה,IT,אצבעות קינדר שוקולד,גרמים,50.00,100 גרם,false,,3.70,0.0740,true,1,1099444
80310167,false,קינדר שוקולד מקסי 126 גר,קינדר,DE,קינדר שוקולד מקסי 12,גרמים,126.00,100 גרם,false,,9.50,0.0754,true,1,7820774
80310891,false,ג'וי ביצת הפתעה קינדר 20 גרם,קריות זול,ZA,ג'וי ביצת הפתעה קינד,גרמים,20.00,100 גרם,false,,4.90,0.2450,true,1,1099448
80761761,false,קינדר בואנו לבן בודד 39 גרם,ליימן שליסל,PL,קינדר בואנו לבן בודד,גרמים,43.00,100 גרם,false,,3.70,0.0860,true,1,1099455
80768258,false,קינדר גוי בודד ורוד 20גר,פררו - אלבה,ZA,ביצת קינדר ג'וי 20 ג,גרמים,20.00,100 גרם,false,,4.90,0.2450,true,1,2648392
80768838,false,מסטיק מנטוס וויט ביג פירות ומנטה 105 ג',פרפטי ואן מלה,TR,מסטיק מנטוס וויט ביג,גרמים,105.00,100 גרם,false,,16.90,0.1610,true,1,3814335
80773429,false,מנטוס בקבוק מעוגל - מסטיק ללא סוכר בטעם תות 60 גרם,"פרפטי ואן מלה ג'\ידה,סאן",TR,מסטיק מנטוס פיור פרש,גרמים,60.00,100 גרם,false,,8.80,0.1467,true,1,5904410
80773443,false,מנטוס בקבוק מעוגל - מסטיק ללא סוכר בטעם מנטה 60 גרם,"פרפטי ואן מלה ג'\ידה,סאן",TR,מסטיק מנטוס מעוגל 60,גרמים,60.00,100 גרם,false,,8.80,0.1467,true,1,4731209
80776307,false,מסטיק מנטוס ביג בבקבוק מעוגל טעם פירות מנטה 90 ג',פרפטי ואן מלה הולנד,TR,מסטיק מנטוס ביג מעוג,גרמים,90.00,100 גרם,false,,16.90,0.1878,true,1,4731210
80780595,false,מסטיק מנטוס ביג בבקבוק מעוגל טעם מנטה-עדינה 90 ג',פרפטי ואן מלה הולנד,TR,מסטיק מנטוס ביג מעוג,גרמים,90.00,100 גרם,false,,16.90,0.1878,true,1,4731211
80790990,false,מסטיק מנטוס בבקבוק מעוגל בטעם פירות -מנטה 60 ג',"פרפטי ואן מלה ג'\ידה,סאן",TR,מסטיק מנטוס מעוגל 60,גרמים,60.00,100 גרם,false,,8.80,0.1467,true,1,4731212
80794233,false,מסטיק מנטוס ביג בבקבוק מעוגל טעם מנטה 90 ג',פרפטי ואן מלה הולנד,TR,מסטיק מנטוס ביג מעוג,גרמים,90.00,100 גרם,false,,16.90,0.1878,true,1,4731213
80831402,false,סוכריות מנטוס מנטה עדינה 30 יח' ללא סוכר CLEAN BREATH,פרפטי ואן מלה,NL,מנטוס סוכריות מנטה ע,יח',1.00,יח',false,,6.90,6.9000,true,1,8236249
80832560,false,סוכריות מנטוס פירות יער 21 ג' ללא סוכר CLEAN BREATH,פרפטי ואן מלה,TR,סוכריות מנטוס ללא סו,יחידה,1.00,יחידה,false,,6.90,6.9000,true,1,8430383
80843184,false,מנטוס מסטיק פיור פרש בטעם ענבים 60גר,פרפטי ואן מלה הולנד,TR,מסטיק מנטוס פיור פרש,גרמים,60.00,100 גרם,false,,8.80,0.1467,true,1,8334053
80854753,false,סוכריות מנטוס מנטה 30 יח' ללא סוכר CLEAN BREATH,פרפטי ואן מלה,NL,מנטוס סוכריות מנטה ל,יח',1.00,יח',false,,6.90,6.9000,true,1,8236250
80862260,false,מסטיק מנטוס פיור וויט מנטה מתוקה 150 גר,"פרפטי ואן מלה ג'ידה,סאן",TR,גומי לעיסה פיור וויט,גרמים,177.00,100 גרם,false,,17.70,0.1000,true,1,8394967
80864295,false,סוכריות פיור וויט טעם מנטה עדינה 60 ג' מנטוס,"פרפטי ואן מלה ג'ידה,סאן",TR,מסטיק מנטוס פיור ווי,גרמים,78.00,100 גרם,false,,8.80,0.1128,true,1,8349830
80896081,false,מנטוס בקבוק מעוגל - מסטיק ללא סוכר בטעם אבטיח 60 גרם,"פרפטי ואן מלה ג'\ידה,סאן",TR,מסטיק מנטוס פיור פרש,גרמים,90.00,100 גרם,false,,8.80,0.0978,true,1,5904411
80913467,false,מנטוס בקבוק מעוגל - מסטיק ללא סוכר בטעם מנטה,פרפטי ואן מלה הולנד,TR,מסטיק מנטוס מעוגל 60,גרמים,60.00,100 גרם,false,,8.80,0.1467,true,1,4731214
80926481,false,מסטיק מנטוס פיור פרש בבקבוק בינוני בטעם אבטיח 90ג',"פרפטי ואן מלה ג'ידה,סאן",TR,מסטיק מנטוס ביג אבטי,גרמים,90.00,100 גרם,false,,16.90,0.1878,true,1,6963559
80929277,false,מסטיק מנטוס פיור וויט מנטה עדינה 150 גר,"פרפטי ואן מלה ג'ידה,סאן",TR,גומי לעיסה פיור וויט,גרמים,177.00,100 גרם,false,,17.70,0.1000,true,1,8394968
80945468,false,סוכריות פיור וויט טעם מנטה מתוקה 60 ג' מנטוס,"פרפטי ואן מלה ג'ידה,סאן",TR,מסטיק מנטוס פיור ווי,גרמים,78.00,100 גרם,false,,8.80,0.1128,true,1,8349831
80957706,false,מסטיק מנטוס פיור וויט מנטה 150 גר,"פרפטי ואן מלה ג'ידה,סאן",TR,גומי לעיסה פיור וויט,גרמים,177.00,100 גרם,false,,17.70,0.1000,true,1,8394969
80974215,false,מסטיק מנטוס פיור פרש בבקבוק ביג בטעם תות 90ג',"פרפטי ואן מלה ג'ידה,סאן",TR,מסטיק מנטוס ביג תות,יח',1.00,יח',false,,16.90,16.9000,true,1,6963560
80979128,false,מנטוס מסטיק בקבוק מעוגל בטעם דובדבן,פרפטי ואן מלה הולנד,TR,מסטיק מנטוס פיור פרש,גרמים,60.00,100 גרם,false,,8.80,0.1467,true,1,8334054
80982470,false,מסטיק מנטוס פיור פרוסט בטעם מנטה חזק 60 גר',פרפטי ואן מלה ברדה,TR,מנטוס מסטיק פיור פרו,גרמים,60.00,100 גרם,false,,8.80,0.1467,true,1,8324904
80986348,false,סוכריות פיור וויט טעם מנטה 60 ג' מנטוס,"פרפטי ואן מלה ג'ידה,סאן",TR,מסטיק מנטוס פיור ווי,גרמים,78.00,100 גרם,false,,8.80,0.1128,true,1,8349832
80995128,false,מנטוס בקבוק עגול בטעם הדרים בתוספת ויטמינים 60 גרם,פרפטי ואן מלה הולנד,TR,מנטוס מסטיק הדרים 60,יחידה,0.00,יחידה,false,,8.80,0.0000,true,1,8459689
87108538,false,סוכריות בטעם תות מנטוס 37.5 גרם,הדקלאים אגודת שיתופי,NL,סוכריות בטעם תות מנט,גרמים,37.50,100 גרם,false,,2.80,0.0747,true,1,1099471
87108651,false,סוכריות בטעם מנטה מנטוס 4*37.5 גרם,הדקלאים אגודת שיתופי,NL,סוכריות בטעם מנטה מנ,גרמים,150.00,100 גרם,false,,10.90,0.0727,true,1,1099472
87108712,false,סוכריות בטעם פירות מנטוס 4*37.5 גרם,פרפטי ואן מלה ברדה,NL,סוכריות בטעם פירות מ,גרמים,150.00,100 גרם,false,,10.90,0.0727,true,1,1099473
87311396,false,מנטוס ריינבאוו סוכריות לעיסה בטעמי פירות,פרפטי ואן מלה ברדה,NL,מנטוס ריינבואו בודד,גרמים,37.50,100 גרם,false,,2.80,0.0747,true,1,1099483
90087066,false,מיץ תפוזים 100% טבעי 1 ל' RAUCH,ראוך Rauch,HU,מיץ תפוזים ראוך 100%,יח',1.00,יח',false,,11.10,11.1000,true,1,1087901
90087271,false,נקטר אוכמניות 1 ליטר קרטונית ראוך,Rauch fruchtsafte gm,,נקטר אוכמניות שחורות,100 מל,1.00,100 מל,false,,11.10,11.1000,true,1,1087902
90087974,false,"חומץ תפוחים 5% 750 מֿֿֿֿ""ל 12X",ראוך פרוכטסאפה,AT,חומץ תפוחים 5% 750 מ,מיליליטרים,750.00,"100 מ""ל",false,,11.70,0.0156,true,1,1087906
90162602,false,רד בול משקה אנרגיה פקדון 30 אג,רד בול ג'י.אם.בי. אץ,IL,משקה אנרגיה רד בול 2,מיליליטרים,250.00,"100 מ""ל",false,,5.90,0.0236,true,1,7326089
90162800,false,רד בול משקה אנרגיה ללא סוכר פקדון 30 אג,רד בול ג'י.אם.בי. אץ,AT,משקה אנרגיה רד בול ל,מיליליטרים,250.00,"100 מ""ל",false,,5.90,0.0236,true,1,7326090
90446269,false,"משקה רד בול אבטיח מוגז פחית 250 מ""ל",ראון פרוכטסאפה,AT,משקה אנרגיה רד בול א,מיליליטרים,250.00,"100 מ""ל",false,,5.90,0.0236,true,1,8319856
90448867,false,"משקה אנרגיה רד בול ללא פחמימות 250 מ""ל",רד בול,AT,משקה אנרגיה רד בול 2,מיליליטרים,250.00,"100 מ""ל",false,,5.90,0.0236,true,1,8426980
8100000067,false,חוכמת נשים,,,חכמת נשים,יח',1.00,יח',false,,40.00,40.0000,true,1,2707796
8112100298,false,"שמן שומשום טהור מזרח ומערב 185 מ""ל",Flavor full foods in,TW,שמן שומשום טהור 185,מיליליטרים,185.00,"100 מ""ל",false,,14.50,0.0784,true,1,1103490
9800800056,false,חטיף שוקולד עם מקלות לחם אנד גו,פררו - אלבה,DE,נוטלה אנד גו 52 ג,יח',1.00,יח',false,,4.90,4.9000,true,1,2813703
11210000094,false,"רוטב ""טבסקו"" על בסיס פלפל אדום 60 מ""ל",מקאילהייני אייבורי,US,רוטב חריף טבסקו 60 מ,מטרים,60.00,100 מ'ל,false,,9.80,0.1633,true,1,1097024
11210009387,false,"רוטב ""טבסקו"" על בסיס פלפל ירוק חריף 60 מ""ל",מקאילהייני אייבורי,US,רוטב פלפל ירוק טבסקו,מטרים,60.00,100 מ'ל,false,,9.80,0.1633,true,1,1097027
11210607040,false,"רוטב ""טבסקו"" על בסיס פלפל צ'יפוטלי [בטעם מעושן] 60 מ""ל",מקאילהייני Mc.Ilhenn,US,טבסקו מעושן צ'יפוטלי,מטרים,60.00,100 מ'ל,false,,9.90,0.1650,true,1,1097028
11210618503,false,"רוטב טבסקו על בסיס פלפל סקורפיון 60מ""ל",מק. אילהיני קו,US,טבסקו פלפל חריף סקור,יח',1.00,יח',false,,14.90,14.9000,true,1,8242217
11210698055,false,רוטב טבסקו סרירציה 566 גרם,מקאילהייני קו,US,טבסקו סוריצ'ה חריף 5,גרמים,566.00,100 גרם,false,,24.50,0.0433,true,1,5583748
16000281684,false,חטיפי גרנולה קראנצ'י עם פקאן נייצ'ר ואלי 5*42 גרם,ליימן מותגים,US,חטיפי גרנולה קראנצ'י,גרמים,210.00,100 גרם,false,,14.90,0.0710,true,1,1099491
16000423534,false,חטיפי גרנולה קראנצ'י עם שיבולת שועל ושוקולד מריר נייצ'ר ואלי 5*42 גרם,ג'נרל מילס סאן אדריאן,ES,חטיפי גרנולה קראנצ'י,גרמים,210.00,100 גרם,false,,14.90,0.0710,true,1,1099493
16000548404,false,חטיפי גרנולה קראנצ'י עם שיבולת שועל ודבש נייצ'ר ואלי 5*42 גרם,ג'נרל מילס סאן אדריאן,ES,חטיפי גרנולה קראנצ'י,גרמים,210.00,100 גרם,false,,14.90,0.0710,true,1,1099500
16000548503,false,חטיפי גרנולה קראנצ'י עם מייפל וסוכר חום נייצ'ר ואלי 5*42 גרם,ג'נרל מילס סאן אדריאן,ES,חטיפי גרנולה קראנצ'י,גרמים,210.00,100 גרם,false,,14.90,0.0710,true,1,1099502
16000548602,false,חטיפי גרנולה קראנצ'י קינמון נייצ'ר ואלי 5*24 גרם,ג'נרל מילס סאן אדריאן,ES,חטיפי גרנולה קראנצ'י,גרמים,210.00,100 גרם,false,,14.90,0.0710,true,1,1099504
16000548909,false,חטיפי גרנולה קראנצ'י במגוון טעמים נייצ'ר ואלי 5*42 גרם,ג'נרל מילס סאן אדריאן,ES,חטיפי גרנולה קראנצ'י,גרמים,210.00,100 גרם,false,,14.90,0.0710,true,1,1099506
16229909819,false,קרם קוקוס 1 ליטר AROY-D,תאי וורלד,,קרם קוקוס 1 ליטר,ליטרים,1.00,ליטר,false,,24.90,24.9000,true,1,2754967
16229924263,false,"ארוי-די קרם קוקוס 250 מ""ל",תאי אגרי פוד פובליק קו'\,VN,קרם קוקוס 250 מל,מיליליטרים,250.00,"100 מ""ל",false,,9.80,0.0392,true,1,5721388
16500980322,false,צמר פלדה עם חומר פעיל אס או אס 10 יחידות,אסאואס,,צמר פלדה עם חומר פעי,יח',10.00,יח',false,,14.50,1.4500,true,1,1084491
18000701223,false,"פילסברי, עוגה בטעם שוקולד, תערובת להכנת עוגה בטעם שוקולד. 500 גרם",הדקלאים אגודת שיתופי,IL,תערובת להכנת עוגת שו,גרמים,500.00,100 גרם,false,,15.90,0.0318,true,1,1099508
18000703494,false,"פילסברי, עוגה בטעם וניל, תערובת להכנת עוגה בטעם וניל. 500 גרם.",הדקלאים אגודת שיתופי,IL,תערובת להכנת עוגת ונ,גרמים,500.00,100 גרם,false,,15.90,0.0318,true,1,1099509
18000703517,false,"פילסברי, עוגה בטעם שוקולד וניל, תערובת להכנת עוגה בטעם וניל. 550 גרם.",הדקלאים אגודת שיתופי,IL,תערובת להכנת עוגת שי,גרמים,550.00,100 גרם,false,,15.90,0.0289,true,1,1099510
18000766413,false,"פילסברי, עוגה בטעם שוקולד, תערובת להכנת עוגה בטעם שוקולד. 550 גרם.",הדקלאים אגודת שיתופי,IL,תערובת לעוגת בראוניס,גרמים,550.00,100 גרם,false,,15.90,0.0289,true,1,1099511
21200572357,false,שלישיית ספוגי קרצוף לניקוי חזק (ירוקים),M3,CA,סקוטש ברייט שלישייה,יח',1.00,יח',false,,14.90,14.9000,true,1,2602505
21231828256,false,אוכמניות כחולות קפואות 500ג רמילוי,,,אוכמניות כחולות קפוא,גרמים,500.00,100 גרם,false,,14.90,0.0298,true,1,8280222
21231828263,false,מיקס פירות טרופיים מוקפא 500ג רמילוי,,,מיקס פירות טרופיים מ,גרמים,500.00,100 גרם,false,,14.90,0.0298,true,1,8280241
21231828270,false,תערובת פירות יער מוקפא 500ג רמילוי,,,תערובת פירות יער מוק,גרמים,500.00,100 גרם,false,,14.90,0.0298,true,1,8281275
21231828287,false,דומדמניות אדומות קפואות 500ג רמילוי,,,דומדמניות אדומות קפו,גרמים,500.00,100 גרם,false,,14.90,0.0298,true,1,8280242
21231828294,false,חתיכות אננס מוקפא 500ג רמילוי,,,חתיכות אננס מוקפא 50,גרמים,500.00,100 גרם,false,,14.90,0.0298,true,1,8280243
21231829208,false,דובדבן חמוץ מגולען קפוא 500ג רמילוי,,,דובדבן חמוץ מגולען ק,גרמים,500.00,100 גרם,false,,14.90,0.0298,true,1,8280244
21231829215,false,תות שדה מוקפא 500ג רמילוי,,,תות שדה מוקפא 500ג ר,גרמים,500.00,100 גרם,false,,14.90,0.0298,true,1,8281276
21231829239,false,קוביות מנגו מוקפא 500ג רמילוי,,,קוביות מנגו מוקפא 50,גרמים,500.00,100 גרם,false,,14.90,0.0298,true,1,8280246
21231829260,false,דומדמניות שחורות קפואות רמילוי,,,דומדמניות שחורות קפו,יח',1.00,יח',false,,14.90,14.9000,true,1,8307273
22200956932,false,דאודורנט ספיד סטיק גל 24/7 כחול 85 גר,הנסיך- מפעל לייצור ט,US,דאודורנט 24/7 ג'ל כח,גרמים,51.00,100 גרם,false,,16.90,0.3314,true,1,1088596
22200956949,false,דאודורנט ג'ל כתום לגבר ספיד סטיק 85 גרם,קולגייט-פלמוליב,US,דאודורנט ג'ל כתום לג,גרמים,51.00,100 גרם,false,,16.90,0.3314,true,1,1088597
25675120006,false,חמצוצים 4 צבעים טעמים טבעי 100 גרם,פאסין ב.ו,NL,מקלות חמוצים 4 טעמים ללא,גרמים,100.00,100 גרם,false,,8.90,0.0890,true,1,1106188
25675120037,false,מקלות חמצוצים תות 100 גרם,ירוג,NL,פשקז חמצוצים תות 100,יח',1.00,יח',false,,8.90,8.9000,true,1,1106190
25675120068,false,מקלות חמצוצים בטעם קולה פשקז 100 גרם,פשקז Paskesz,NL,מקלות חמוצים קולה 100 גר',גרמים,100.00,100 גרם,false,,8.90,0.0890,true,1,1106192
25675121027,false,חמצוצים רחב צבעוני רחב בטעמים 115 גרם,פאסין,NL,מקלות חמוצים 4 טעמים ללא,גרמים,115.00,100 גרם,false,,10.90,0.0948,true,1,2848287
25675121034,false,חמצוצים רחבים תות 115 גר,חמצוצים,NL,חמצוצים רחב תות 115 גר',גרמים,115.00,100 גרם,false,,10.90,0.0948,true,1,1106199
25675121041,false,סאוור בלטס Sour Belts בטעם אוכמניות,פשקז Paskesz,NL,חמצוצים רחב פטל 115 גר',גרמים,115.00,100 גרם,false,,10.90,0.0948,true,1,1106200
25675301177,false,פשקס - חמצוצים מקלות דובדבן 50 גרם,פאסין,NL,חמצוצים דובדבן חמוץ 50 גר,גרמים,50.00,100 גרם,false,,4.90,0.0980,true,1,2649834
25675301207,false,מקלות חמוצים חמצוצים תפוח עץ 50 גרם,פשקז Paskesz,NL,מקלות חמוצים תפוח עץ 50 ג,גרמים,50.00,100 גרם,false,,4.90,0.0980,true,1,1106233
25700005674,false,זיפלוק שקיות אחסון סליידר גדולות 15 יחידות,אס.סי.ג'\ונסון מידרכט,US,זיפלוק שקיות אחסון ס,יח',1.00,יח',false,,15.80,15.8000,true,1,8282815
25700005681,false,זיפלוק שקיות אחסון סליידר בינוניות 20 יחידות,אס.סי גונוסון,US,זיפלוק שקיות אחסון ס,יח',1.00,יח',false,,15.80,15.8000,true,1,8282816
25700005698,false,זיפלוק שקיות אחסון בינוניות 24 יחידות,אס.סי.גונסון ובניו,US,זיפלוק שקיות אחסון ב,יח',1.00,יח',false,,12.90,12.9000,true,1,8282817
30000315958,false,קוואקר פרוטאין בננה אגוזים 366 גרם,קוואקר אוטס קומפני,US,קוואקר פרוטאין בננה,גרמים,366.00,100 גרם,false,,20.90,0.0571,true,1,7549657
30000315989,false,קוואקר פרוטאין חמוציות ושקדים 372 גרם,קוואקר אוטס קומפני,US,קוואקר פרוטאין חמוצי,גרמים,372.00,100 גרם,false,,20.90,0.0562,true,1,7549658
31200001597,false,חמוציות אושן ספריי קליית גת בשקית 170 גרם,אושן ספריי,US,חמוציות אושן ספריי 1,גרמים,170.00,100 גרם,false,,10.90,0.0641,true,1,1099516
31290140190,false,גודייבה אצבעות שוקולד מריר עם נגיעות מלח ים 90 גרם,"אולקר מקבוצת פלאדיס, ציק",TR,שוקולד מריר עם נגיעו,יח',1.00,יח',false,,14.90,14.9000,true,1,8249008
33200147701,false,פרש&סופט דפים למייבש בניחוח טרופי 100 יח,פרש אנד סופט Frash'n soft,US,פרש&סופט 100 ורוד למייבש,יח',100.00,יח',false,,23.90,0.2390,true,1,1084496
33383220291,false,אוכמניות טריות יחידה,אראל תוצרת חקלאית בע,CL,אוכמניות,יח',1.00,יח',false,,11.90,11.9000,true,1,6064412
33617000026,false,קרקר ואזה 203-275 גרם מקמח מלא 260,כלורוקס אוקלנד,SE,וואזה מקמח מלא 260גר,גרמים,260.00,100 גרם,false,,12.90,0.0496,true,1,1084498
33617322616,false,פת פריכה מקמח שיפון ואזה 270 גרם,כלורוקס אוקלנד,SE,קרקר שיפון ואזה 270,גרמים,270.00,100 גרם,false,,12.90,0.0478,true,1,1084499
33617340610,false,קרקר ואזה 203-275 גרם מקמח שיפון 275,כלורוקס אוקלנד,SE,פת פריכה קמח שיפון 2,גרמים,275.00,100 גרם,false,,12.90,0.0469,true,1,1084500
34000148301,false,הרשי נטיפי שוקולד מריר לאפייה 340 גר,ליימן מותגים,US,הרשי נטיפי שוקולד מר,גרמים,340.00,100 גרם,false,,18.60,0.0547,true,1,4790055
34000196173,false,הרשי טבלה XL בטעם שוקולד לבן עם שברי עוגיות 113 גרם,ליימן מותגים,US,הרשיז קוקיס אנד קרים,גרמים,113.00,100 גרם,false,,7.50,0.0664,true,1,2790184
34000470563,false,ריסז מיניס באריזה משפחתית 215 גרם,ליימן מותגים,US,ריסז מיניס פאוץ 215,100 קרטון,215.00,100 קרטון,false,,18.90,0.0879,true,1,7445980
34000544028,false,סוכריות ארוכות בטעם תות טוויזלרס Twizzlers,ליימן מותגים,US,טוויזלרס ממתק תות 19,גרמים,198.00,100 גרם,false,,6.90,0.0348,true,1,1097035
34000544431,false,ממתקי הרשיז טוויזלרס טעם דובדבן 172 גרם,ליימן מותגים,US,טוויזלרס ממתק טעם דו,גרמים,172.00,100 גרם,false,,6.90,0.0401,true,1,1097037
34000996643,false,הרשי דרופס באריזה משפחתית 215 גרם,ליימן מותגים,US,הרשי דרופס,100 קרטון,215.00,100 קרטון,false,,18.90,0.0879,true,1,7445981
35000458476,false,קולגייט מברשת שיניים ילדים מארז רביעייה,קולגייט פלמוליב,VN,קולגייט מברשת ילדים,יח',1.00,יח',false,,17.90,17.9000,true,1,7600989
37600207188,false,חמאת בוטנים קלאסי סקיפי 462 גרם,חברת המזון אלגוד,US,חמאת בוטנים סקיפי קלאסי 4,גרמים,462.00,100 גרם,false,,17.90,0.0387,true,1,2662718
37600207256,false,חמאת בוטנים עם שברי בוטנים סקיפי 462 גרם,חברת המזון אלגוד,US,חמאת בוטנים סקיפי עם שברי,גרמים,462.00,100 גרם,false,,17.90,0.0387,true,1,2662719
37600297943,false,מטבל סלסה חריף- צ'י צ'י 439 גר,מותגים,US,מטבל סלסה חריף- צ'י,מטרים,439.00,100 מ'ל,false,,18.90,0.0431,true,1,8468259
37600297967,false,מטבל סלסה בחריפות עדינה ציי צי 439 גר,מותגים,US,מטבל סלסה בחריפות עד,מטרים,439.00,100 מ'ל,false,,18.90,0.0431,true,1,8468260
38000138638,false,חטיף צ'יפס פרינגלס פיצה 158 גרם,פרינגלס מנופקצ'ורינג קונ,US,חטיף צ'יפס פרינגלס פ,גרמים,158.00,100 גרם,false,,7.90,0.0500,true,1,4158527
38000138720,false,חטיף צ'יפס פרינגלס ראנץ 158 גרם,פרינגלס מנופקצ'ורינג קונ,US,חטיף צ'יפס פרינגלס ר,גרמים,158.00,100 גרם,false,,7.90,0.0500,true,1,6577548
38000183928,false,פרינגלס חרדל ודבש 158 גרם,פרינגלס מניופקצ'ורינ,US,פרינגלס חרדל ודבש 15,גרמים,158.00,100 גרם,false,,7.90,0.0500,true,1,8280907
38000197840,false,פרינגלס גלי בטעם חריף מתוק 137 ג',פרינגלס מניופקצ'\ורינג ק,US,פרינגלס ברביקיו 137,גרמים,137.00,100 גרם,false,,7.90,0.0577,true,1,8280908
38000202278,false,חטיף צ'יפס גלי בטעם אורגינל מלוח,פרינגלס מניופקצ'\ורינג ק,US,פרינגלס אורגינל 137,גרמים,137.00,100 גרם,false,,7.90,0.0577,true,1,8280909
38000232152,false,פרינגלס חטיפי תפוח אדמה בטעם ברביקיו 158 גרם,פרינגלס מנופקצ'ורינג קומ,US,פרינגלס ביג ברביקיו,גרמים,158.00,100 גרם,false,,7.90,0.0500,true,1,8221543
38000232176,false,פרינגלס ביג שמנת בצל 158 גרם,פרינגלס מנופקצ'ורינג קונ,US,פרינגלס ביג שמנת בצל,גרמים,158.00,100 גרם,false,,7.90,0.0500,true,1,8221545
38000232183,false,פרינגלס ביג אורגינל 149 גרם,פרינגלס מנופקצ'ורינג קונ,US,פרינגלס ביג אורגינל,גרמים,149.00,100 גרם,false,,7.90,0.0530,true,1,8221546
38000845253,false,חטיף צ'יפס פרינגלס מידי שמנת בצל 71 גרם,פרינגלס מנופקצ'ורינג קונ,US,חטיף צ'יפס פרינגלס מ,גרמים,71.00,100 גרם,false,,4.90,0.0690,true,1,3082372
38527591053,false,קואקר דגנים מרובעים שיבולת שועל וקינמון,קוואקר אוטס קומפני,US,דגני בוקר מרובעים קי,גרמים,411.00,100 גרם,false,,18.90,0.0460,true,1,1098941
38527591060,false,דגני קוואקר מרובעים Quaker Squares עם סוכר חום,קוואקר אוטס קומפני,US,דגני בוקר מרובעים קו,גרמים,411.00,100 גרם,false,,18.90,0.0460,true,1,1098942
38900779238,false,מיץ אננס דול רביעיות 4*250 מל,דול פיליפינים אינק,PH,מיץ אננס דול 4*250 מ,יח',1.00,יח',false,,12.90,12.9000,true,1,8301652
40000512943,false,סוכריות אם אנד אמס M&M שוקולד חלב,M&M אם אנד אם,US,אם אנד אם שוקולד 303,גרמים,303.00,100 גרם,false,,19.90,0.0657,true,1,6313972
40000513568,false,סוכריות אם אנד אמס M&M שוקולד חלב,M&M אם אנד אם,US,אם אנד אם שוקולד 156,גרמים,155.00,100 גרם,false,,9.90,0.0639,true,1,4852169
40000513629,false,M&M's חמאת בוטנים אריזה גדולה 152 גרם,מארס,US,אם אנד אם חמאת בוטני,גרמים,142.00,100 גרם,false,,9.90,0.0697,true,1,4852171
40000514480,false,M&M אריזה קטנה's שוקולד אריזה קטנה 48 גרם,M&M אם אנד אם,US,אם אנד אם שוקו 48 גר,גרמים,48.00,100 גרם,false,,4.70,0.0979,true,1,3705191
40000514510,false,M&M אריזה קטנה's בוטנים אריזה קטנה 49 גרם,M&M אם אנד אם,US,אמ אנד אם חטיף בוטני,גרמים,49.00,100 גרם,false,,4.70,0.0959,true,1,3485956
40232885518,false,אוכמניות יחידה,חקלאי,IL,אוכמניות,יח',1.00,יח',false,,11.90,11.9000,true,1,5477099
41143028681,false,צימוקים בקופסא סאן מייד 400 גר',,US,צימוקים בקופסא 400 ג,גרמים,400.00,100 גרם,false,,20.90,0.0522,true,1,8278088
41390001079,false,"רוטב סויה קיקומן מופחת נתרן 444 מ""ל",קיקומן פודז אינק,US,רוטב סויה קיקומן מופ,מיליליטרים,444.00,"100 מ""ל",false,,19.80,0.0446,true,1,2698437
41390010309,false,"רוטב טריאקי קיקומן 444 מ""ל",קיקומן פודז אינק,US,"רוטב טריאקי 444 מ""ל",מיליליטרים,444.00,"100 מ""ל",false,,19.80,0.0446,true,1,2698438
41500007007,false,חרדל צהוב פרנצס קלאסי לחיץ 226 גרם,פרנצ'ס,US,חרדל פרנצס קלאסי לחי,גרמים,226.00,100 גרם,false,,11.90,0.0527,true,1,8418006
41500013183,false,רוטב וורצסטר פרנצס גדול,,US,רוטב וורצסטר פרנצס ג,מטרים,443.00,100 מ'ל,false,,22.90,0.0517,true,1,8418007
41500745107,false,"אמריקן גורנן רד הוט 354 מ""ל כנפיים",,US,רוטב רד הוט באפלו לכ,גרמים,354.00,100 גרם,false,,22.90,0.0647,true,1,8463984
41500770734,false,רוטב רד הוט צ'ילי ליים פרנקס 354 מל,,US,רוטב רד הוט צ'ילי ל,גרמים,354.00,100 גרם,false,,22.90,0.0647,true,1,8463985
41500805023,false,"רוטב פלפל רד האט 354 מ""ל",רקיט בנקיזר,,רוטב פלפל רד האט 354,מטרים,354.00,100 מ'ל,false,,22.90,0.0647,true,1,8463986
42400108153,false,דגני בוקר צבעוניים בטעם פירות טוטי פרוטיס,פוסט ארצות הברית,US,דגנים ממותקים טעם פי,גרמים,350.00,100 גרם,false,,19.90,0.0569,true,1,8296449
44600002217,false,"נוזל לפתיחת סתימות 946 מ""ל",ליקוויד פלמר,,נוזל לפתיחת סתימות 9,מיליליטרים,946.00,"100 מ""ל",false,,28.90,0.0305,true,1,1084505
44600008899,false,"ספריי לניקוי חלונות ומשטחים כלורקס 946 מ""ל",,,ספריי לניקוי חלונות,מיליליטרים,946.00,"100 מ""ל",false,,19.50,0.0206,true,1,8269084
46214372250,false,"עוגיות שטרודל פריכות תפו""ע וצימוקים",מרבה Merba,NL,עוגיות שטרודל תפוח ע,גרמים,200.00,100 גרם,false,,9.80,0.0490,true,1,1098953
46214731552,false,עוגיות שוקולד צ'יפס 37% גודיס 225 גרם,קריניציה ויטמינה אס,NL,עוגיות שוקולד צ'יפס,גרמים,225.00,100 גרם,false,,9.80,0.0436,true,1,1098955
50000015474,false,"מזון חתולים פריסקיז מעדני הים 1.43 ק""ג",פריסקיז,US,"פריסקיז דגים 1.42 ק""",קילוגרמים,1.40,"ק""ג",false,,34.90,24.9286,true,1,1090970
50000100347,false,"פריסקיז - מעדני החתול מועשר בחלב 1.40 ק""ג",נסטלה פורינה USA מק,US,פריסקיז מעדני החתול,קילוגרמים,1.40,"ק""ג",false,,34.90,24.9286,true,1,1090976
50000168583,false,"מזון חתולים פריסקיז אקסטרא קראנץ 1.43 ק""ג",פריסקיז,US,פריסקיז אקסטרא קראנץ,קילוגרמים,1.40,"ק""ג",false,,34.90,24.9286,true,1,8325807
50000293339,false,פריסקיז גרייבי 156 ג,,,פריסקיז גרייבי 156 ג,יח',1.00,יח',false,,6.40,6.4000,true,1,7928184
51500000793,false,קונפיטורת אוכמניות סמקרס,,IL,קונפיטורת אוכמניות 3,גרמים,340.00,100 גרם,false,,14.90,0.0438,true,1,8342422
51500000953,false,קונפיטורת תות 340 גרם,,,קונפיטורת תות 340 גר,גרמים,340.00,100 גרם,false,,14.90,0.0438,true,1,8342424
51500017005,false,סמארקס חמאת בוטנים 454 גר,סמאקרס,US,סמארקס חמאת בוטנים 4,גרמים,454.00,100 גרם,false,,17.90,0.0394,true,1,8414590
52100002453,false,תערובת תיבול לסטייק 96 גר,מקורמיק,US,תערובת תיבול לסטייק,יח',1.00,יח',false,,19.90,19.9000,true,1,7624961
52100002460,false,תערובת תיבול לעוף ודג 77 גר,מקרומיק,US,תערובת תיבול לעוף ול,יח',1.00,יח',false,,19.90,19.9000,true,1,7624962
52100004389,false,קנמון טחון מקורמיק 6,מקורמיק,US,קינמון טחון,יח',1.00,יח',false,,19.90,19.9000,true,1,7625032
52100006260,false,אבקת שום מקורמיק 88 גרם,מקרומיק,US,אבקת שום,יח',1.00,יח',false,,27.90,27.9000,true,1,7624965
52100030043,false,פלפל שחור טחון גס 42 גרם,מקורמיק אנ גו,US,פלפל שחור טחון גס,יח',1.00,יח',false,,19.90,19.9000,true,1,7624969
52100040806,false,תערובת שום בצל פלפל שחור ומלח ים 120 גר,מקורמיק,US,תערובת תיבול שום בצל,יח',1.00,יח',false,,24.90,24.9000,true,1,7624970
52100070643,false,"תמצית בטעם שקדים 29 מ""ל",מקורמיק,US,תמצית טעם שקדים,יח',1.00,יח',false,,9.90,9.9000,true,1,7624972
52100070865,false,"תמצית וניל טהור מקורמיק 29 מ""ל",מקורמיק האנט ואלי,US,תמצית וניל טהור מקור,מטרים,28.00,100 מ'ל,false,,29.90,1.0679,true,1,1094966
52100071138,false,תבלין אורגנו (אורגנו,מקרומיק תבלינים,US,אורגנו,יח',1.00,יח',false,,19.90,19.9000,true,1,7624974
58000142169,false,"קולגייט משחת שיניים טוטאל קלין מינט 170 מ""ל",קולגייט,MX,קולגייט טוטאל קלין מ,מטרים,170.00,100 מ'ל,false,,29.90,0.1759,true,1,8486823
58000142176,false,"קולגייט משחת שיניים טוטאל הלבנה 170 מ""ל",cp,MX,קולגייט טוטאל הלבנה,מטרים,170.00,100 מ'ל,false,,29.90,0.1759,true,1,8486824
58000313200,false,"קולגייט משחת שיניים פרש כחול 150 מ""ל",קולגייט,MX,קולגייט מקס פרש כחול,מטרים,150.00,100 מ'ל,false,,19.90,0.1327,true,1,8486826
64144090013,false,"תרסיס שמן קנולה בטעם חמאה פאם 148 מ""ל",קונאגרה פודס,US,תרסיס שמן קנולה בטעם,מיליליטרים,148.00,"100 מ""ל",false,,16.90,0.1142,true,1,1099525
64144090020,false,"ספריי שמן PAM בטעם שמן זית 141 מ""ל",קונאגרה פודס,US,תרסיס שמן זית פאם 14,מיליליטרים,141.00,"100 מ""ל",false,,16.90,0.1199,true,1,1099526
64144090051,false,"ספריי שמן PAM קנולה אורגינל 148 מ""ל",קונאגרה פודס,US,תרסיס שמן פאם קנולה,מיליליטרים,148.00,"100 מ""ל",false,,16.90,0.1142,true,1,2715025
70450020873,false,שזיפים מגולענים סנסוויט 500 גרם,סנסוויט גרוורס קליפו,US,שזיפים מגולענים סנסו,גרמים,500.00,100 גרם,false,,24.70,0.0494,true,1,1097064
73490153419,false,מיץ ענבים קדם גאולה קונקורד 1.89 ליטר,קדם פוד פרודקטסn\,US,מיץ ענבים גאולה 1.89,ליטרים,1.89,ליטר,false,,26.90,14.2328,true,1,1086082
76840002542,false,"גלידת בן & ג'ריס פיינט נטפליקס וצ'ילד 500מ""ל",מוצרי איכות אמריקאיים בע,IL,גלידה בן & גירס נטפל,מיליליטרים,500.00,"100 מ""ל",false,,16.90,0.0338,true,1,8245591
76840100156,false,"בן אנד גריס גלידת צרי גרסיה 500 מ""ל",מוצרי איכות אמריקאיים בע,IL,גלידה בן & ג'ריס צ'ר,מיליליטרים,500.00,"100 מ""ל",false,,16.90,0.0338,true,1,2714943
76840100583,false,"גלידת וניל עם בצק עוגיות בן וג'ירי 473 מ""ל",מוצרי איכות אמריקאיים בע,IL,גלידה בן & ג'ריס בצק,מיליליטרים,500.00,"100 מ""ל",false,,16.90,0.0338,true,1,1098868
76840400218,false,"גלידה בן&ג'ריס תות שדה ועוגת גבינה 500מ""ל",מוצרי איכות אמריקאיים בע,IL,גלידה בן &ג'ריס עוגת,100 מל,500.00,100 מל,false,,16.90,0.0338,true,1,2610307
77245110610,false,סוכריות מאסט ללא סוכר בטעם מנטה 80 ג'עלית,MIESZKO S.A - MS. JO,PL,סוכריות מנטה ללא תוס,גרמים,80.00,100 גרם,false,,6.90,0.0863,true,1,1089564
77975022757,false,בייגלה בסגנון אמריקאי 382 גרם סניידרס,סניידרס אוף האנובר,US,בייגל אמריקאי 382 גר,גרמים,382.00,100 גרם,false,,14.90,0.0390,true,1,2673423
77975091975,false,סניידרס סנדוויץ' בייגלה במילוי קרם בטעם פיצה 226 גר',ליימן מותגים,US,סנדויץ בייגלה במילוי,גרמים,226.80,100 גרם,false,,14.90,0.0657,true,1,7927782
77975093085,false,"בייגלה מצופה כעכים בציפוי שוקולד חלב, 141 ג סניידרס",סניידרס Snyder's,US,חטיף בייגלה סניידרס,גרמים,150.00,100 גרם,false,,16.70,0.1113,true,1,8423166
77975093108,false,"בייגלה מצופה כעכים בציפוי בטעם שוקולד לבן, 141 ג סניידרס",סניידרס Snyder's,US,חטיף בייגלה סניידרס,גרמים,150.00,100 גרם,false,,16.70,0.1113,true,1,8423167
77975094624,false,"סניידרס סנדוויץ בייגלה במילוי חמאת בוטנים , 226 ג'",סניידרס Snyder's,US,סניידרס שברי בייגלה,יח',1.00,יח',false,,14.90,14.9000,true,1,8268425
77975094631,false,סניידרס סנדוויץ' בייגלה במילוי קרם בטעם צ'דר 226 גרם,סניידרס לאנס,US,בייגלה סנדוויץ גבינה,גרמים,266.00,100 גרם,false,,14.90,0.0560,true,1,8268426
77975094761,false,סניידרס חטיפים על בסיס קמח חיטה בטעם גבינת צ'דר,סניידרס אוף האנובר,US,שברי בייגל בטעם גבינ,גרמים,340.00,100 גרם,false,,14.90,0.0438,true,1,8316174
77975094778,false,שברי בייגלה סניידרס בטעם דבש חרדל 340 גר,סניידרס אוף האנובר,US,שברי בייגל חרדל ודבש,גרמים,340.00,100 גרם,false,,14.90,0.0438,true,1,8325094
77975095133,false,שברי בייגלה בטעם פיקנטי 318 ג' סניידרס,סניידרס Snyder's,US,סניידרס שברי בייגלה,גרמים,319.00,100 גרם,false,,14.90,0.0467,true,1,8461018
77975095157,false,סניידרס שברי בייגלה בטעם חלפיניו 318 גרם,סניידרס Snyder's,US,סניידרס שברי בייגלה,גרמים,318.00,100 גרם,false,,14.90,0.0469,true,1,8397584
77975095164,false,שברי בייגלה בטעם פרמז'ן ושום 318 ג' סניידרס,סניידרס,US,שברי בייגלה טעם פרמז,גרמים,285.00,100 גרם,false,,14.90,0.0523,true,1,8461019
78652511137,false,סל כביסה מרובע גבוה גמיש,,,סל כביסה מרובע גבוה,יח',1.00,יח',false,,39.90,39.9000,true,1,8438180
85696608037,false,טופו רך ללא גלוטן 340ג' (כ) Morinaga,Morinaga NUTRITIONAL,US,טופו רך ללא גלוטן 34,גרמים,349.00,100 גרם,false,,12.70,0.0364,true,1,2684897
85696608044,false,טופו ללא גלוטן 349ג' (כ) Morinaga,Morinaga nutritional,US,טופו ללא גלוטן 349ג',גרמים,349.00,100 גרם,false,,12.70,0.0364,true,1,2684898
89041081056,false,שמן סויה בתיבול צילי,Flavor full foods in,TW,שמן צ'ילי 185 מ'ל (כ,מיליליטרים,185.00,"100 מ""ל",false,,10.90,0.0589,true,1,1103502
89397344348,false,דיניקולה רוטב פסטה עם שום קלוי 737 גרם,ג'יאובני פוד אינק,US,דניקולה רוטב פסטה שו,גרמים,737.00,100 גרם,false,,16.60,0.0225,true,1,1097083
183837123408,false,"טריז'רז אורז בסמטי 5 ק""ג",,IN,טריז'רז אורז בסמטי 5,גרמים,5000.00,100 גרם,false,,32.70,0.0065,true,1,8446890
195480030088,false,שוקולד צמקאו מריר אופנהיימר לאפייה ובישול 300ג',אופנהיימר,IL,צמקאו חום 300 גר,גרמים,300.00,100 גרם,false,,8.90,0.0297,true,1,7326332
308910525744,false,אטריות אורז דקות 454 גרם ורמיצ'לי (כ),ליאן תאי רייס,TH,אטריות אורז דקות 454,גרמים,454.00,100 גרם,false,,10.50,0.0231,true,1,1103503
608614310463,false,אוכמניות יחידה,אראל תוצרת חקלאית בע,IL,אוכמניות,יחידה,0.00,יחידה,false,,11.90,0.0000,true,1,8460677
608614331475,false,כרובית ארוזה ביכורי,חקלאי,IL,כרובית ארוזה,יח',1.00,יח',false,,9.90,9.9000,true,1,7222791
608614337002,false,ניצנית ע12. יחידה,משתלת נאמן,IL,עציץ/פרח,יח',1.00,יח',false,,25.00,25.0000,true,1,7255984
613008742348,false,בקבוק אריזונה ג'נסינג ודבש 1 ליטר,"נטורלה גטרנק בע""\מn\",DE,אריזונה ג'ינסנג ודבש,יח',1.00,יח',false,,10.50,10.5000,true,1,8260033
613008755461,false,בקבוק אריזונה אוכמניות 1 ליטר,"נטורלה גטרנק בע""\מn\",BG,אריזונה אוכמניות בק',יח',1.00,יח',false,,10.50,10.5000,true,1,8260035
628154383659,false,דגני בוקר פרוטי פבלס פוסט 311 גרם,פוסט ארצות הברית,US,סדרת ילדים פרוטי פבל,גרמים,411.00,100 גרם,false,,19.90,0.0484,true,1,8395820
638102201010,false,חטיף זון קלסיק שוקולד חמאת בוטנים 50 גר,"אבוט נוטרישן, מעבדות",US,חטיף ZOON שוקולד חמא,יח',1.00,יח',false,,12.90,12.9000,true,1,8192013
645173911038,false,קורנישון מלפפוןן מיני 720 גרם - תומר,קלמן אינדיה פי וי סי,IN,קורנישון מיני 720 גר,גרמים,720.00,100 גרם,false,,10.70,0.0149,true,1,1087912
649870166098,false,נייטיב עוף ברוטב חתול 85 גר,נייטיב,TH,נייטיב עוף ברוטב חתו,גרמים,85.00,100 גרם,false,,4.90,0.0576,true,1,8338257
649870166104,false,נייטיב דגים ברוטבלחתול 85 גר,נייטיב,TH,נייטיב דגים ברוטבלחת,גרמים,85.00,100 גרם,false,,4.90,0.0576,true,1,8338258
649870166111,false,נייטיב כבש ברוטבלחתול 85 גר,נייטיב,TH,נייטיב כבש ברוטבלחתו,גרמים,85.00,100 גרם,false,,4.90,0.0576,true,1,8338259
649870166142,false,נייטיב פטה עוף לגור חתול 85 גר,נייטיב,TH,נייטיב פטה עוף לגור,גרמים,85.00,100 גרם,false,,4.90,0.0576,true,1,8338262
649870166180,false,נייטיב פטה סלמון לחתול 85 גר,נייטיב,TH,נייטיב פטה סלמון לחת,גרמים,85.00,100 גרם,false,,4.90,0.0576,true,1,8338266
651080161510,false,פלקרס פולסר לשיניים צפופות-מנטה 35 יחידו,מיוצר עי קונדיטוריית,CN,"פלאקרס ""פלוסר ""חוט ד",35 יח',1.00,35 יח',false,,9.90,9.9000,true,1,5213635
651080647519,false,קיסמים עם חוט דנטלי פלאקרס מנטה 35 יחידות,"פלקרס רנור ארה""ב",US,"פלאקרס ""פלוסר ""חוט ד",36 יח',1.00,36 יח',false,,9.90,9.9000,true,1,5024204
693493010788,false,"נאצוס חטיף טורטיה ע""ב תירס ברביקיו 200 ג",או. קיי סניקס,DK,חטיף טורטיה תירס טעם,יח',1.00,יח',false,,9.90,9.9000,true,1,8319871
693493029223,false,ריחן לרכב,,,ריחן לרכב,יח',1.00,יח',false,,5.00,5.0000,true,1,7836866
693493034456,false,סרדין מרוקאי בשמן זי,אטלנטיק הום סרדינס א,MA,סרדין בשמן זית 125גר,גרמים,125.00,100 גרם,false,,5.70,0.0456,true,1,8255016
693493034470,false,מקרל פילה בשמן חמניות 125 גר,U.P.A,MA,מקרל פילה בשמן חמניו,גרמים,125.00,100 גרם,false,,5.90,0.0472,true,1,8268601
693493034487,false,פילה סרדין בשמן זית 125גר,יוניון דה פחריס אפרי,MA,פילה סרדין בשמן זית,גרמים,125.00,100 גרם,false,,6.50,0.0520,true,1,8255037
693493034500,false,פילה אנשובי בשמן חמניות 50 גר,פאטינה פוד,MA,פילה אנשובי בשמן חמנ,גרמים,50.00,100 גרם,false,,5.90,0.1180,true,1,8255038
693493034517,false,פילה אנשובי בשמן חמניות וצלפים 50 גר,פאטינה פוד,MA,פילה אנשובי בשמן חמנ,גרמים,50.00,100 גרם,false,,5.90,0.1180,true,1,8255039
693493093774,false,מסגרת סוכה 3X3 טלסקופית (ללא בד),,,מסגרת סוכה 3X3 טלסקו,יחידה,0.00,יחידה,false,,299.90,0.0000,true,1,8450921
693493102759,false,עץ זית ע12. יחידה,קטיף.,IL,עץ זית ננסי,יח',1.00,יח',false,,39.00,39.0000,true,1,8254726
693493102766,false,פרח גוזמניה בכלי מהודר,קטיף.,IL,פרח גוזמניה בכלי מהו,יח',1.00,יח',false,,49.00,49.0000,true,1,8254727
693493102797,false,קוקטייל צמחים פורח ק20.,קטיף.,IL,צמח/חצי צל,יח',1.00,יח',false,,79.00,79.0000,true,1,8254730
693493136358,false,בטטה למיקרוגל 700 גרם,2.5 יחידות,,בטטה למיקרו,יח',1.00,יח',false,,7.90,7.9000,true,1,8303912
693493140461,false,"קפה טורקי טחון וואקום 1 ק""ג רמילוי",,,קפה טורקי טחון וואקו,יח',1.00,יח',false,,39.90,39.9000,true,1,8317055
693493151405,false,קפה טורקי רביעייה 400 ג רמי לוי,,,קפה טורקי רביעייה 40,גרמים,400.00,100 גרם,false,,16.90,0.0422,true,1,8337923
693493182607,false,קפסולות קולומביה פרמיום רמי לוי,,,קפסולות קולומביה פרמ,יח',1.00,יח',false,,7.80,7.8000,true,1,8402679
693493182614,false,קפסולות טרדיציונה פרמיום רמי לוי,,,קפסולות טרדיציונה פר,יח',1.00,יח',false,,7.80,7.8000,true,1,8402680
693493182621,false,קפסולות אורו פרמיום רמי לוי,,,קפסולות אורו פרמיום,יח',1.00,יח',false,,7.80,7.8000,true,1,8402681
693493182638,false,קפסולות ויוצ'ה פרמיום רמי לוי,,,קפסולות ויוצ'ה פרמיו,יח',1.00,יח',false,,7.80,7.8000,true,1,8402682
693493182645,false,קפסולות ברזיל פרמיום רמי לוי,,,קפסולות ברזיל פרמיום,יח',1.00,יח',false,,7.80,7.8000,true,1,8402704
693493195614,false,סחלב פלנופסיס,,,סחלב פלנופסיס,יח',1.00,יח',false,,59.90,59.9000,true,1,8457608
724353783822,false,"תמר מג'הול 1 ק""ג פצוחי הטיב",פרי וירק טמרה ושותפי,IL,תמר מגהול ישראלי 1 ק,קילוגרמים,1.00,"ק""ג",false,,16.80,16.8000,true,1,2603423
728229123590,false,טרה אורגינל חטיף על בסיס ירקות שורש בטעם טבעי 110 גרם,הונדורס צ'יפס יצור א,HN,טרה מירקות אקזוטיים 110ג[,גרמים,110.00,100 גרם,false,,14.80,0.1345,true,1,1117220
728229123613,false,טרה חטיף על בסיס תפוח אדמה כחול בטעם טבעי 110 גרם,היין סלסטיאל גרופ,US,טרה מתפוח אדמה כחול 110ג',גרמים,110.00,100 גרם,false,,14.80,0.1345,true,1,1117221
728229123811,false,טרה חטיף על בסיס ירקות שורש בתיבול ים תיכוני 110 גרם,הונדורס צ'יפס יצור א,HN,טרה מירקות אקזוטיים בנוסח,גרמים,110.00,100 גרם,false,,14.80,0.1345,true,1,1117223
728229124764,false,טרה חטיף על בסיס בטטה עם מלח ים 110 גרם,היין פיוצ'ור נטורל פ,IN,טרה בטטה עם מלח ים 1,גרמים,110.00,100 גרם,false,,14.80,0.1345,true,1,6940823
728229124771,false,טרה חטיף על בסיס בטטה בטעם ברביקיו 110 גרם,היין פיוצ'ור נטורל פ,IN,טרה מבטטה וסלק - 110ג'[3],גרמים,110.00,100 גרם,false,,14.80,0.1345,true,1,2869303
728229130154,false,טרה חטיף על בסיס בטטה וסלק בטעם טבעי 110 גרם,הונדורס צ'יפס יצור א,HN,טרה מבטטה וסלק - 110ג'[3],גרמים,110.00,100 גרם,false,,14.80,0.1345,true,1,1117224
728229130444,false,"חטיף על בסיס ירקות שורש עם בטטה, תפו""א כחול וסלק",היין סלסטיאל גרופ,US,טרה מירקות אקזוטיים כחולי,גרמים,110.00,100 גרם,false,,14.80,0.1345,true,1,1117225
753182231761,false,"משקה אנרגיה BLU ללא תוספת סוכר 250 מ""ל",אקווה ויט,PL,בלו סיקס ללא סוכר 25,מיליליטרים,250.00,"100 מ""ל",false,,4.20,0.0168,true,1,1107819
768404001640,false,"גלידה בן&ג'ריס קפה משפחתית 500מ""ל",מוצרי איכות אמריקאיים בע,IL,גלידה בן &ג'ריס קפה,מיליליטרים,500.00,"100 מ""ל",false,,16.90,0.0338,true,1,1098881
787269647824,false,נשיקות ענבים מיכל הקטנה כשלפ 2022,,,נשיקות ענבים מיכל הק,גרמים,100.00,100 גרם,false,,10.90,0.1090,true,1,8417209
833949000264,false,"סירופ מייפל אמיתי 100% אורגני 250 מ""ל",דיקסר קוויבק,CA,סירופ מייפל אמיתי 25,מיליליטרים,250.00,"100 מ""ל",false,,24.90,0.0996,true,1,7985556
839762000658,false,איילנד גויאבה המשקה של חופי סיני 1 ליטר,The Egyptian Co. for,EG,נקטר גויאבה איילנד 1,מטרים,1.00,100 מ'ל,false,,11.50,11.5000,true,1,1083503
841058006633,false,"אדג' ג'יל גילוח מועשר בשיבולת שועל 198 מ""ל",קריות זול,US,אדג' ג'ל גילוח מועשר,גרמים,198.00,100 גרם,false,,14.90,0.0753,true,1,8274534
850004207789,false,מיטבולס ביונד מיט 290 גרם,תאי פרזידנט פוד פאבל,US,מיטבולס ביונד מיט 29,גרמים,290.00,100 גרם,false,,31.80,0.1097,true,1,8362748
850006036028,false,מאפה חיטה מקלונים בטעם סלק בצל 400 ג' עבאדי,עבאדי,IL,מאפה חיטה מקלונים טע,גרמים,400.00,100 גרם,false,,13.90,0.0348,true,1,8392090
850006036035,false,"עבאדי קטנטנים מאפה חיטה בטעם חרדל ודבש, 350 גרם",עבאדי,IL,מאפה חיטה קטנטניםן ט,גרמים,350.00,100 גרם,false,,13.90,0.0397,true,1,8392091
851621000050,false,בירה חיטה בטעם הדרים 1664 בלאנק - שישייה,קרלסברג ספליי קומפאני פו,PL,שישיית 1664 בלאנק בק,יח',1.00,יח',false,,39.90,39.9000,true,1,8242235
856591000055,false,עוגיות מזרחיות קריספי שרוף במיוחד,מאפיית יוסף ושמחה עבאדי,IL,עוגיות מזרחיות עבאדי,גרמים,400.00,100 גרם,false,,15.80,0.0395,true,1,3120037
856591000062,false,עוגיות מזרחיות עם מלח עבאדי 400 גרם,מאפיית יוסף ושמחה עבאדי,IL,עוגיות מזרחיות עם מל,גרמים,400.00,100 גרם,false,,15.80,0.0395,true,1,1098459
856591000109,false,עוגיות מזרחיות פריך במיוחד עבאדי 400 גרם,מאפיית יוסף ושמחה עבאדי,IL,עוגיות מזרחיות פריך,גרמים,400.00,100 גרם,false,,15.80,0.0395,true,1,1098460
856591000512,false,עוגיות מזרחיות מקלונים עם שומשום עבאדי 400 גרם,מאפיית יוסף ושמחה עבאדי,IL,עוגיות מזרחיות מקלונ,גרמים,400.00,100 גרם,false,,13.90,0.0348,true,1,1098461
856591000918,false,מארז שמיניית חטיף טבעי עבאדי,עבאדי,IL,מארז חטיף טבעי 8*40ג,יח',1.00,יח',false,,16.90,16.9000,true,1,8308701
856591000949,false,"מאפה חיטה מלוח ""קטנטנים"" עבאדי 350 גרם",עבאדי,IL,עוגיות קטנטנים של עב,גרמים,350.00,100 גרם,false,,13.90,0.0397,true,1,8338630
856591000956,false,עוגיות קטנטנים של עבאדי טעם גריל 350 גרם,עבאדי,IL,מאפה חיטה קטנטניםן ט,גרמים,350.00,100 גרם,false,,13.90,0.0397,true,1,8392092
856591000970,false,מאפה חיטה עבאדי מקלונים בטעם חריף 400 גר,עבאדי,IL,מאפה חיטה מקלונים טע,גרמים,400.00,100 גרם,false,,13.90,0.0348,true,1,8392093
859547004329,false,ספוג ניקוי צבעוני סקראב דדי Scrub Daddy,סקארקיסט,VN,סקראב דדי,יחידה,0.00,יחידה,false,,17.70,0.0000,true,1,8424268
859547004466,false,קירצוף וספוג ניקוי SCRUB DADDY,סקראב דאבי,VN,סקראב דדי למון,יחידה,1.00,יחידה,false,,17.70,17.7000,true,1,8424291
884912102102,false,דגני בוקר פוסט סלקט אוכמניות 382 גר,הנסיך- מפעל לייצור ט,US,סלקט אוכמניות פוסט 3,גרמים,382.00,100 גרם,false,,22.90,0.0599,true,1,4341359
884912126115,false,גרייט גריינס דגני בוקר עם פירות יבשים פוסט 453 גרם,הנסיך- מפעל לייצור ט,US,גרייט גריינס דגני בו,גרמים,453.00,100 גרם,false,,21.90,0.0483,true,1,1109514
884912129512,false,דגני בוקר קוקו פוסט פלינסטונס 311 גרם,פוסט לקיוויל,US,קוקו פלינסטונס טעם ק,גרמים,311.00,100 גרם,false,,19.90,0.0640,true,1,2637506
884912180629,false,דגני בוקר מחיטה מלאה גרוסה שרדד וויט,פוסט ארצות הברית,US,פוסט שרדד וויט 464 ג,גרמים,464.00,100 גרם,false,,21.90,0.0472,true,1,2765341
884912342737,false,דגני בוקר קריספי וופל פוסט 326 גרם.,הנסיך- מפעל לייצור ט,US,וואפל קריספ,גרמים,326.00,100 גרם,false,,19.90,0.0610,true,1,8215552
884912359155,false,דגני בוקר האני באנצ'ס האני רוסטד פוסט 340 גרם,פוסט ארצות הברית,US,האני באנצ' דגני בוקר,גרמים,411.00,100 גרם,false,,17.70,0.0431,true,1,8395795
884912359162,false,האני באנצ' דגני בוקר עם שקדים פוסט 411 גרם,פוסט ארצות הברית,US,האני באנצ' דגני בוקר,גרמים,411.00,100 גרם,false,,17.70,0.0431,true,1,8395796
884912359414,false,דגני בוקר האני באנצ'ס קינמון פוסט 340 גרם,פוסט ארצות הברית,US,האני באנצס קינמון 41,גרמים,411.00,100 גרם,false,,17.70,0.0431,true,1,8395821
884912359421,false,דגני בוקר האני באנצ'ס מייפל ופקאן פוסט 340 גרם,פוסט ארצות הברית,US,האני באנצס פקאן מייפ,גרמים,411.00,100 גרם,false,,17.70,0.0431,true,1,8395797
884912359483,false,דגני בוקר האני באנצ'ס תות פוסט 311 גרם,פוסט ארצות הברית,US,פוסט האני באנצס תות,גרמים,368.00,100 גרם,false,,17.70,0.0481,true,1,8395798
884912365200,false,דגני בוקר אוראו שחור ולבן 311 גרם,פוסט ארצות הברית,US,דגני בוקר אוראו 311,גרמים,311.00,100 גרם,false,,19.90,0.0640,true,1,8447056
884912377142,false,דגני בוקר האני באנצס וניל 340 ג' POST,פוסט ארצות הברית,US,האני באנצס וניל 411,גרמים,411.00,100 גרם,false,,17.70,0.0431,true,1,8395822
1230000068314,false,בשר טחון מהצומח ביונד מיט 300 גרם,זנברגן וורלד פינסט מיט ב,NL,בשר טחון ביונד מיט 3,גרמים,300.00,100 גרם,false,,29.80,0.0993,true,1,8362751
1230000116022,false,המבורגר ביונד מיט מארז זוגות 226 גרם.,ביונד מיט קליפורניה ארהב,US,המבורגר ביונד מיט 2*,גרמים,226.00,100 גרם,false,,27.90,0.1235,true,1,8413948
3046920016377,false,לינדט שוקולד אקסלנס מריר 100% קקאו 50 גר,לינדט ושפרונגלי,DE,לינדט אקסלנס 100% 50,יח',1.00,יח',false,,14.90,14.9000,true,1,8259970
3046920027281,false,שוקולד מריר אקסלנס במילוי קרמל ומלח ים,לינדט ושפרונגלי קילשברג,FR,לינדט אקסלנס קרמל מל,גרמים,100.00,100 גרם,false,,14.90,0.1490,true,1,2750955
3046920028004,false,לינדט שוקולד אקסלנס מריר 70% 100 גר,לינדט ושפרונגלי קילשברג,FR,לינדט אקסלנס 70% מוצ,גרמים,100.00,100 גרם,false,,14.90,0.1490,true,1,1094977
3046920028363,false,לינדט אקסלנס 85% מוצקי קקאו 100 גרם,לינדט ושפרונגלי קילשברג,FR,לינדט אקסלנס 85% מוצ,גרמים,100.00,100 גרם,false,,14.90,0.1490,true,1,1094978
3046920028721,false,שוק.מריר לינדט 99% 50גרם,לינדט ושפרונגלי קילשברג,FR,לינדט אקסלנס 99% 50,גרמים,50.00,100 גרם,false,,14.90,0.2980,true,1,4004702
3046920029674,false,שוקולד לינדט אקסלנס סולט 100 גרם,לינדט ושפרונגלי קילשברג,DE,לינדט אקסלנס שבבי מל,גרמים,100.00,100 גרם,false,,14.90,0.1490,true,1,1094981
3046920029681,false,לינדט שוקולד אקסלנס מילד 85% קקאו 100 גר,לינדט ושפרונגלי,DE,לינדט מריר85% 100ג,גרמים,100.00,100 גרם,false,,14.90,0.1490,true,1,8259971
3046920029759,false,לינדט אקסלנס 90% מוצקי קקאו 100 גרם,לינדט ושפרונגלי קילשברג,DE,לינדט אקסלנס 90% מוצ,גרמים,100.00,100 גרם,false,,14.90,0.1490,true,1,2750956
3059943015104,false,"אירוויק מבשם אויר נטול גז בניחוח פריסיה ויסמין 345 מ""ל",איירוויק Air Wick,PL,AIRWICK F&JASMINE 12X345M,מיליליטרים,345.00,"100 מ""ל",false,,12.90,0.0374,true,1,1107400
3073781161663,false,גבינה מותכת 18.5% שומן לה וואש קירי,לה וואש קירי La Vache qui rit,FR,גבינה לואשקירי 128 ג,גרמים,128.00,100 גרם,false,,11.90,0.0930,true,1,8329187
3073781161687,false,גבינה מותכת לוואש קירי 256 גרם,פרומאג'רי בל דום סאם,FR,גבינה לואשקירי 256 ג,גרמים,256.00,100 גרם,false,,22.70,0.0887,true,1,8329188
3073781162790,false,גבינה מותכת בייבי בל 120 גרם,מחלבות בל,FR,גבינה מותכת בייבי בל,גרמים,120.00,100 גרם,false,,20.70,0.1725,true,1,8403459
3141360054405,false,פיניש מפיץ ריח למדיח בניחוח לימון וליים,הדקלאים אגודת שיתופי,HU,"FINSH,IT,DEO LEMON*20 MON",יח',1.00,יח',false,,14.90,14.9000,true,1,3990562
3161911229199,false,חמאה צרפתית רכה למריחה אל & ויר 250 גרם,אלל אה וויר,FR,חמאה צרפתית רכה למרי,גרמים,250.00,100 גרם,false,,21.90,0.0876,true,1,1095631
3161911366429,false,חמאה צרפתית מלוחה רכה למריחה אלוויר 250 גר',ארזינא,FR,חמאה צרפתית מלוחה רכ,גרמים,250.00,100 גרם,false,,21.90,0.0876,true,1,1095633
3178530402353,false,עוגות מיני מדלן קלאסי סאן מישל 175 גרם,סאן מישל ביסוויט,FR,עוגות מדליין 175 גרם,גרמים,175.00,100 גרם,false,,10.70,0.0611,true,1,6156834
3178530407938,false,עוגיות מיני מדליין עם שוקוצ'יפס סאן מישל 175 גרם,סן מישל St Michel,FR,מיני עוגיות מדליין 1,גרמים,175.00,100 גרם,false,,11.50,0.0657,true,1,6156837
3178530411478,false,ביסקוויטים גאלט עם חמאה ומלח ים,סן מישל St Michel,FR,גלאט חמאה 150 גר,גרמים,150.00,100 גרם,false,,11.50,0.0767,true,1,6156794
3178530412703,false,דונאט עם שוקולד 180 גרם סן מישל,סן מישל St Michel,FR,דונאט שיש,גרמים,180.00,100 גרם,false,,14.70,0.0817,true,1,8275021
3178530417357,false,בראוניז שוקולד לבן סאן מישל 210 גרם,סן מישל,FR,בראוניז שוקולד לבן,יח',1.00,יח',false,,16.40,16.4000,true,1,8305809
3228022910023,false,חמאת צרפתית פרזידנט 200 גרם,סוסייטה בארייר דה אי,FR,חמאה פרזידנט 200 גר',גרמים,200.00,100 גרם,false,,14.90,0.0745,true,1,4622087
3254550033217,false,סנט מור גבינת ברי איסיני 220 גרם,אף.סי תבליני בגליל ב,FR,סנט מור גבינת ברי אי,גרמים,220.00,100 גרם,false,,28.90,0.1314,true,1,6156715
3254550033279,false,גבינת קממבר 250 גרם סנט מר,איסיני סנט מור,FR,גבינת קממבר 250 גרם,גרמים,250.00,100 גרם,false,,28.90,0.1156,true,1,6156716
3290015253062,false,פחמים רמי לוי,,,פחמים רמי לוי,יח',1.00,יח',false,,10.90,10.9000,true,1,8382053
3387390525960,false,קראנץ' דגני בוקר עם שוקולד חלב נסטלה 500 גרם,הנסיך- מפעל לייצור ט,FR,קראנץ' דגני בוקר עם,גרמים,500.00,100 גרם,false,,19.90,0.0398,true,1,1091000
3387390730852,false,פיטנס דגנים מחיטה מלאה ואורז נסטלה 375 גרם,נסטלה צרפת איטנקורט,FR,פיטנס דגנים מחיטה מל,גרמים,375.00,100 גרם,false,,19.90,0.0531,true,1,1091001
3563490014898,false,ריין דיז'ון חרדל דיז'ון 265 גרם,ריין דיז'ון reine dijon,FR,חרדל דיז'ון לחיץ 265 גר',גרמים,265.00,100 גרם,false,,9.90,0.0374,true,1,2723997
3574660089547,false,טמפונים נורמל קלאסי אובה 32 יחידות,ג'\ונסון אנד ג'\ונסון,GR,טמפונים נורמל קלאסי,יח',32.00,יח',false,,19.90,0.6219,true,1,1088637
3574660115154,false,או-בה טמפונים קלאסי סופר 32יח',ג'\ונסון אנד ג'\ונסון,GR,טמפונים סופר אובה 32,יח',32.00,יח',false,,19.90,0.6219,true,1,1088641
3574660333466,false,טמפונים מיני פרו קומפורט אובה 32 יחידות,הנסיך- מפעל לייצור ט,DE,טמפונים מיני פרו קומ,יח',32.00,יח',false,,24.90,0.7781,true,1,1088668
3574660389128,false,ליסטרין שטיפת פה קול מינט טעם מעודן 500,General,,ליסטרין קולמינט 500מ,מיליליטרים,500.00,"100 מ""ל",false,,14.90,0.0298,true,1,8188080
3574660389142,false,"ליסטרין מי פה ירוק פרש בורסט 500 מ""ל",,,ליסטרין פרש 500מל,מיליליטרים,500.00,"100 מ""ל",false,,14.90,0.0298,true,1,8188081
3574660514643,false,קרם לחות רב שימושי עשיר נוטרוגינה 300 מל,ניוטרוג'ינה Neutrogena,IT,ניוטרוג'ינה קרם לחות,מיליליטרים,300.00,"100 מ""ל",false,,26.90,0.0897,true,1,1088684
3574661199894,false,"נוטרוגינה קרם ידיים ויזבלי ריניו 75 מ""ל",ניוטרוג'ינה Neutrogena,GR,ניוטרוגינה קרם ידיים,מטרים,75.00,100 מ'ל,false,,24.90,0.3320,true,1,2968251
3574661352275,false,ליסטירין מי פה פירות יער 250 מל,ג'\ונסון אנד ג'\ונסון,IT,ליסטרין קידס ברי 250,מיליליטרים,250.00,"100 מ""ל",false,,12.90,0.0516,true,1,8269465
3574661392486,false,"קרם ידיים ניוטרוגינה הידרו בוסט 75 מ""ל",ניוטרוג'ינה Neutrogena,GR,ניוטרוגינה קרם ידיים,מטרים,75.00,100 מ'ל,false,,24.90,0.3320,true,1,7274199
3574661392493,false,ניוטרוגינה קרם גוף הידרו בוסט 200 מייל,שסטוביץ,GR,ניוטרוגינה קרם גוף 2,מיליליטרים,200.00,"100 מ""ל",false,,24.90,0.1245,true,1,7274200
3574661487328,false,קרפרי מגני תחתון אורגינל פלוס 56 יח',הדקלאים אגודת שיתופי,IT,קרפרי מגן תחתון רגיל,יח',56.00,יח',false,,15.90,0.2839,true,1,8007502
3574661487335,false,מגן תחתון קרפרי מקסי לונג ריחני 40 יחידות,קרפרי Carefree,IT,מגן תחתון קרפרי 40 י,יח',1.00,יח',false,,15.90,15.9000,true,1,7932145
3574661487618,false,קרפרי מגן תחתון מקסי לארג'' מבושם 48 יח'',הדקלאים אגודת שיתופי,IT,קרפרי מגן תחתון מקסי,יח',1.00,יח',false,,15.90,15.9000,true,1,8113647
3574661487625,false,מגני תחתון פלוס לארג' בניחוח עדין L,הדקלאים אגודת שיתופי,IT,מגן תחתון קרפרי מקסי,יח',1.00,יח',false,,15.90,15.9000,true,1,8024133
3574661491721,false,"ליסטרין - מי פה הלבנה 500 מ""ל",,,"ליסטרין 500 מ""ל",מיליליטרים,500.00,"100 מ""ל",false,,14.90,0.0298,true,1,8447999
3574661500355,false,קרפרי מגן תחתון מקסי לונג רגיל 40 יח',ג'ויה מעבדות לקוסמטי,IT,מגן תחתון קרפרי 40 י,יח',1.00,יח',false,,15.90,15.9000,true,1,7932146
3574661537245,false,"ליסטרין קול מינט 600 מ""ל",,,ליסטרין קול מינט 600,מיליליטרים,600.00,"100 מ""ל",false,,17.90,0.0298,true,1,8309716
3574661552576,false,קרפרי מגן תחתון רגיל טנגה לבן 56 יח חדש,הדקלאים אגודת שיתופי,GR,קרפרימגן תחתון טנגה,יח',1.00,יח',false,,15.90,15.9000,true,1,8240005
3574661552804,false,מגן תחתון קרפרי אלוורה 56 יחידות,הדקלאים אגודת שיתופי,IT,קרפרי מגן תחתון אלוו,יח',1.00,יח',false,,15.90,15.9000,true,1,8240006
3574661552811,false,מגן תחתון קרפרי כותון אוורירי 56 יחידות,הדקלאים אגודת שיתופי,GR,קרפרי כותון אוורירי,יח',1.00,יח',false,,15.90,15.9000,true,1,8240007
3574661554877,false,מגן תחתון קרפרי כותון מבושם 56 יחידות,הנסיך- מפעל לייצור ט,GR,קרפרי כותון מבושם 56,יח',1.00,יח',false,,15.90,15.9000,true,1,8240008
3574661554884,false,קרפרי מגן תחתון רגיל טנגה מבושם 56 יח,הדקלאים אגודת שיתופי,IT,קרפרי טנגה ריחני 56,יח',1.00,יח',false,,15.90,15.9000,true,1,8240009
3574661561226,false,"ליסטרין אדוונס 600 מ""ל",,,ליסטרין אדוונס 600 מ,מיליליטרים,600.00,"100 מ""ל",false,,17.90,0.0298,true,1,8309719
3574669907682,false,גונסונס בייבי טלק 500 גרם חדש,גונסון אנד גונסון,IT,גונסון בייבי טלק 500,גרמים,500.00,100 גרם,false,,29.90,0.0598,true,1,7411561
3574669907729,false,גונסונס בייבי שמפו לתינוק 750 מל,גונסון אנד גונסון,IT,גונסונס בייבי שמפו ג,מיליליטרים,750.00,"100 מ""ל",false,,23.90,0.0319,true,1,8409601
3574669907767,false,גונסונס בייבי שמפו קמומיל 750 מל חדש,ג'ונסונס Johnson's,IT,גונסונס בייבי שמפו ק,מיליליטרים,750.00,"100 מ""ל",false,,23.90,0.0319,true,1,7411511
3574669908665,false,גונסונס בייבי אל סבון לפני השינה 750 מל,גונסון אנד גונסון,IT,גונסון בייבי אלסבון,מיליליטרים,750.00,"100 מ""ל",false,,19.90,0.0265,true,1,7411483
3574669909204,false,גונסונס בייבי שמן לתינוק 300 מל,ג'ונסונס Johnson's,IT,גונסון בייבי שמן 300,יח',1.00,יח',false,,19.90,19.9000,true,1,7411563
3600521094372,false,קסטינג קרם גלוס מס316',לוריאל פריז,BE,קסטינג 316 שזיף,יח',1.00,יח',false,,34.90,34.9000,true,1,1082501
3600521094389,false,קסטינג קרם גלוס מס400',לוריאל פריז,BE,קסטינג 400 חום כהה,מיליליטרים,400.00,"100 מ""ל",false,,34.90,0.0872,true,1,1082502
3600521094419,false,קסטינג קרם גלוס מס500',לוריאל פריז,BE,קסטינג 500 חום טבעי,יח',1.00,יח',false,,34.90,34.9000,true,1,1082505
3600521189863,false,קסטינג 535 חום זהוב מהגוני,לוריאל פריז,BE,קסטינג 535 חום זהוב,יח',1.00,יח',false,,34.90,34.9000,true,1,1082517
3600522150497,false,קסטינג קרם גלוס מס100',לוריאל פריז,BE,קסטינג 100 שחור עמוק,יח',1.00,יח',false,,34.90,34.9000,true,1,1082628
3600522550129,false,קרם אנטי-אייג'ינג יום אייג' ספשיאליסט +45,"קרלסרו, גרמניה",DE,לוריאל אייג' ספשיאלי,מיליליטרים,50.00,"מ""ל",false,,49.90,0.9980,true,1,3556601
3600522550204,false,קרם אנטי-אייג'ינג יום אייג' ספשיאליסט +55,"קרלסרו, גרמניה",DE,לוריאל אייג' ספשיאלי,מיליליטרים,50.00,"100 מ""ל",false,,49.90,0.9980,true,1,3556603
3600522632436,false,קרם אנטי-אייג'ינג לילה אייג' ספשיאליסט +55,"קרלסרו, גרמניה",DE,לוריאל אייג' ספשיאלי,מיליליטרים,50.00,"100 מ""ל",false,,49.90,0.9980,true,1,3556604
3600523193141,false,תרסיס לכיסוי שורשי השיער Magic Retouch שחור,לוריאל ליברמו,BE,ספריי צבע לשיער מג'י,מיליליטרים,200.00,"מ""ל",false,,34.90,0.1745,true,1,3933316
3600523193158,false,תרסיס לכיסוי שורשי השיער Magic Retouch חום,לוריאל ליברמו,BE,ספריי צבע לשיער מג'י,מיליליטרים,200.00,"מ""ל",false,,34.90,0.1745,true,1,3933317
3600523651870,false,שמפו לחיזוק סיב השערה לכל סוגי השיער,לוריאל - אלביב Elvive,TR,אלביב שמפו פול רזיסט,מיליליטרים,550.00,"100 מ""ל",false,,14.90,0.0271,true,1,6318548
3600523651887,false,"לוריאל - אלביב שמפו טוטאל ריפר 550 מ""ל",לוריאל - אלביב Elvive,TR,אלביב שמפו טוטאל ריפ,מיליליטרים,550.00,"100 מ""ל",false,,14.90,0.0271,true,1,6318625
3600523651900,false,מרכך לחיזוק סיב השערה לכל סוגי השיער,לוריאל - אלביב Elvive,TR,אלביב מרכך פול רזיסט,מיליליטרים,550.00,"100 מ""ל",false,,14.90,0.0271,true,1,6318549
3600523652228,false,"לוריאל - אלביב מרכך טוטאל ריפר 550 מ""ל",לוריאל - אלביב Elvive,TR,אלביב מרכך טוטאל ריפ,מיליליטרים,550.00,"100 מ""ל",false,,14.90,0.0271,true,1,6318626
3600523652242,false,"לוריאל - אלביב שמפו קולור פרוטקט 550 מ""ל",לוריאל - אלביב Elvive,TR,אלביב שמפו קולור פרו,מיליליטרים,550.00,"100 מ""ל",false,,14.90,0.0271,true,1,6318604
3600523652280,false,"לוריאל אלביב שמפו מועשר ב 6 שמנים, 550 מ""ל",לוריאל - אלביב Elvive,TR,אלביב שמפו 6 שמנים 5,מיליליטרים,550.00,"100 מ""ל",false,,14.90,0.0271,true,1,6318550
3600523652297,false,"מרכך לשיער אלביב זהב 6 שמנים , 550 מ""ל",לוריאל - אלביב Elvive,TR,אלביב מרכך 6 שמנים 5,מיליליטרים,550.00,"100 מ""ל",false,,14.90,0.0271,true,1,6318551
3600523716524,false,לוריאל - דרמו רויטליפט קלאסי קרם אדום עברית,"קרלסרו, גרמניה",DE,דרמו רויטליפט קלאסי,יח',1.00,יח',false,,59.90,59.9000,true,1,8214624
3600523782567,false,"לוריאל - אלביב שמפו דרים לונג 500 מ""ל",קוסמטיקס,FR,אלביב שמפו דרים לונג,מיליליטרים,500.00,"100 מ""ל",false,,14.90,0.0298,true,1,7584897
3600523782581,false,מרכך מתיר קשרים לשיער ארוך ופגום Dream Long,לוריאל - אלביב Elvive,FR,אלביב מרכך דרים לונג,מיליליטרים,500.00,"100 מ""ל",false,,14.90,0.0298,true,1,7584899
3600523816699,false,לוריאל - דרמו פעולה משולשת פרש ג'ל עברית,"קרלסרו, גרמניה",DE,דרמו פעולה משולשת פר,יח',1.00,יח',false,,44.90,44.9000,true,1,8400108
3600523823604,false,לוריאל - דרמו היאלורון אקספרט לילה,לוריאל פרודקשן דויטשלנד,DE,לוריאל קרם אנטי אייג,יח',1.00,יח',false,,49.90,49.9000,true,1,8283640
3600523823611,false,לוריאל - היאלורון אקספרט יום SPF20,סופרוקוס,DE,לוריאל קרם אנטי אייג,יח',1.00,יח',false,,49.90,49.9000,true,1,8283641
3600523944156,false,צבע לשיער אקסלנס קול קרם 5.11 קרם חום אפרפר קר,לוריאל פריז,BE,צבע לשיער אקסלנס קול,יח',1.00,יח',false,,34.90,34.9000,true,1,8400109
3600523953677,false,לוריאל - דרמו רויטליפט קלאסי יום SPF30 עברית,"קרלסרו, גרמניה",DE,רויטליפט קרם יום SPF,100 מל,50.00,100 מל,false,,59.90,1.1980,true,1,8314877
3600523991525,false,"לוריאל - דרמו רויטליפט קלאסי סרום 30 מ""ל","קרלסרו, גרמניה",DE,דרמו רויטליפט סרום 3,מטרים,30.00,100 מ'ל,false,,59.90,1.9967,true,1,8420154
3600524051334,false,"לוריאל - אלביב מרכך היאלורונית 400 מ""ל",לוריאל,FR,אלביב מרכך היאלרונית,מטרים,400.00,100 מ'ל,false,,14.90,0.0373,true,1,8432905
3600524051570,false,לוריאל - אלביב מסכה היאלורונית 300 מ''ל,DEUT PRODUKTION L\'OREAL,FR,אלביב מסכה היאלרונית,מטרים,300.00,100 מ'ל,false,,24.90,0.0830,true,1,8432906
3600524055400,false,לוריאל - אלביב שמפו היאלורונית 500 מ''ל,לוריאל,FR,אלביב שמפו היאלרונית,מטרים,500.00,100 מ'ל,false,,14.90,0.0298,true,1,8432907
3600541029323,false,גרנייה אסנשיאל מסיר איפור 2 ב- 1,SOPROCOS סופרוקוס,FR,גרנייה אסנשיאל מסיר,מיליליטרים,200.00,"100 מ""ל",false,,19.90,0.0995,true,1,1082752
3600541928275,false,מי פנים מיסלריים דו-פאזיים מסיר איפור עמיד במים,"קוסמופול, פולין",PL,גרנייה מים מיסלריים,מיליליטרים,400.00,"100 מ""ל",false,,29.90,0.0747,true,1,3791989
3600541956223,false,"גרנייה פיור לניקוי וטיפול בסימנים ופגעי עם מברשת 150 מ""ל","קרלסרו, גרמניה",DE,גרנייה פיור אקספוברש,מיליליטרים,150.00,"100 מ""ל",false,,29.90,0.1993,true,1,3326507
3600542232036,false,גרניה סקין נט אלו גל אלוורה ללחות 50 מל,לוריאל,DE,גרנייה אלו ג'לי 50 מ,יח',1.00,יח',false,,39.90,39.9000,true,1,7584920
3600542245449,false,גרנייה - אוליה מיני קיט 5 חום טבעי,לוריאל,PL,אוליה מיני קיט 5 חום,יח',1.00,יח',false,,29.90,29.9000,true,1,8250372
3600542245456,false,גרנייה - אוליה מיני קיט 5.3 חום זהוב,לוריאל,PL,אוליה מיני קיט 5.3 ח,יח',1.00,יח',false,,29.90,29.9000,true,1,8250345
3600542245487,false,גרנייה - אוליה מיני קיט 6 חום בהיר,לוריאל,PL,אוליה מיני קיט 6 חום,יח',1.00,יח',false,,29.90,29.9000,true,1,8250373
3600542309974,false,"גרנייה - דאודורנט רול און לאישה מגנזיום 50 מ""ל",סופרוקוס,PL,גרנייה מינרל דאו רול,יח',1.00,יח',false,,11.90,11.9000,true,1,8278113
3600542310444,false,"גרנייה - דאודורנט ספריי לאישה מגנזיום 150 מ""ל",סופרוקוס,PL,גרנייה דאו ספריי מגנ,יח',1.00,יח',false,,7.90,7.9000,true,1,8278114
3600542366113,false,גרניה בוטניקל קרם לחות ענבים 50 מל,לוריאל,DE,גרנייה בוטניקל קרם ל,יח',1.00,יח',false,,29.90,29.9000,true,1,8296627
3600542385268,false,גרניה דאו רול און אינביזיבל,לוריאל ישראל קוסמטיקס בע,PL,גרנייה דאו. רול אינב,יח',1.00,יח',false,,11.90,11.9000,true,1,8296630
3600542385329,false,גרניה טישו מסק מסכת תה ירוק לעור רגיל,לוריאל,CN,גרנייה מסכת טישו תה,יח',1.00,יח',false,,12.90,12.9000,true,1,8314840
3600542397926,false,גרניה דאו ספריי 6 פרוטקשן כותנה,"קוסמופול, פולין",FR,דאו ספריי פרוטקשן6 כ,מיליליטרים,150.00,"100 מ""ל",false,,11.90,0.0793,true,1,8314881
3600542421638,false,"גרנייה - פרוקטיס היירפוד שמפו מקדמיה 350 מ""ל","אינטרביוטי קוסמטיק בע""\מ",IL,גרנייה פרוקטיס היפור,יח',1.00,יח',false,,14.90,14.9000,true,1,8330868
3600542421645,false,"גרנייה - פרוקטיס היירפוד מרכך מקדמיה 350 מ""ל","אינטרביוטי קוסמטיק בע""\מ",IL,גרנייה פרוקטיס היפור,יח',1.00,יח',false,,14.90,14.9000,true,1,8330869
3600542421669,false,"גרנייה - פרוקטיס היירפוד מרכך פפאיה 350 מ""ל","אינטרביוטי קוסמטיק בע""\מ",IL,גרנייה פרוקטיס היפור,יח',1.00,יח',false,,14.90,14.9000,true,1,8330870
3600542421683,false,"גרנייה - פרוקטיס היירפוד שמפו בננה 350 מ""ל","אינטרביוטי קוסמטיק בע""\מ",IL,גרנייה פרוקטיס היפור,יח',1.00,יח',false,,14.90,14.9000,true,1,8330872
3600542421706,false,"גרנייה - פרוקטיס היירפוד שמפו פפאיה 350 מ""ל","אינטרביוטי קוסמטיק בע""\מ",IL,גרנייה פרוקטיס היפור,יח',1.00,יח',false,,14.90,14.9000,true,1,8330873
3600542421737,false,גרנייה פרוקטיס היפורד מסכה מקדמיה 390 גר,"אינטרביוטי קוסמטיק בע""\מ",IL,גרנייה פרוקטיס היפור,יח',1.00,יח',false,,34.90,34.9000,true,1,8330875
3600542431934,false,גרנייה - קולור נטורלס 6.25 חום אגוז חדש,לוריאל ישראל קוסמטיקס בע,PL,קולור נטורלס גוון 6.,יח',1.00,יח',false,,19.90,19.9000,true,1,8378211
3600542431965,false,גרנייה - קולור נטורלס 5.52 חום דבש חדש,משווק ויבואןn\:לוריאל יש,PL,קולור נטורלס גוון 5.,יח',1.00,יח',false,,19.90,19.9000,true,1,8378248
3600542431989,false,גרנייה - קולור נטורלס 6.34 חום שוקולד חדש,לוריאל ישראל קוסמטיקס בע,PL,קולור נטורלס גוון 6.,יח',1.00,יח',false,,19.90,19.9000,true,1,8378213
3600542432023,false,גרנייה - קולור נטורלס 2 שחור מעודן חדש,קוסמופול,PL,קולור נטורלס גוון 2,יח',1.00,יח',false,,19.90,19.9000,true,1,8378215
3600542432092,false,גרנייה - קולור נטורלס 5.12 חום שלג חדש,קוסמופול,PL,קולור נטורלס גוון 5.,יח',1.00,יח',false,,19.90,19.9000,true,1,8378255
3600542433266,false,גרנייה - סרום לפנים ויטמין C סקין אקטיב,לוריאל,DE,גרנייה סרום ויטמין C,יח',1.00,יח',false,,49.90,49.9000,true,1,8405809
3600542456579,false,גרניה מיסלר ויטמין סי 400 מל,לוריאל,DE,גרנייה מיסלר ויטמין,יח',1.00,יח',false,,29.90,29.9000,true,1,8400116
3600542503242,false,"גרנייה - פרוקטיס היירפוד שמפו חמאת קקאו 350 מ""ל","אינטרביוטי קוסמטיק בע""\מ",IL,גרנייה פרוקטיס היפור,מטרים,350.00,100 מ'ל,false,,14.90,0.0426,true,1,8453959
3607345264912,false,"אדידס בודי ספריי לגבר אייס דייב, ללא אלומיניום, 150 מל",אגריפק אס איי לגרדה,ES,פיוז'ן-ספריי גוף אייס דיי,מיליליטרים,150.00,"100 מ""ל",false,,14.90,0.0993,true,1,1117270
3608580730248,false,קונפיטורה דובדובן 370 ג' בוני מאמן,בון ממן,FR,קונפיטורות בן ממן 37,גרמים,370.00,100 גרם,false,,19.70,0.0532,true,1,2812268
3608580730255,false,קונפיטורה בטעם משמש 370 גר BONNE MAMAN,בון ממן,FR,קונפיטורות בן ממן 37,גרמים,370.00,100 גרם,false,,19.70,0.0532,true,1,2812269
3608580730279,false,קונפיטורה בון ממאן מרמלדת תפוזים 370 גר',,FR,בון מן מרמלדת תפוזים,גרמים,370.00,100 גרם,false,,19.70,0.0532,true,1,8282881
3614221653715,false,"אדידס קליימקול ג'ל רחצה, 400 מ""ל",קוטי ס.פ,ES,אדידס קליימקול ג'ל ר,מיליליטרים,400.00,"100 מ""ל",false,,9.90,0.0248,true,1,5880804
3614223736003,false,"אדידס - דאודורנט ספריי לגבר אדיפיור 150 מ""ל",איגפק אס.איי,PT,דאו' אדידס ספריי לגב,מיליליטרים,150.00,"100 מ""ל",false,,12.90,0.0860,true,1,8263525
3614224050986,false,"אדידס - דאודורנט ספריי לגבר אדיפאוור 72 שעות 150 מ""ל","ב.א מזון בע""מ",PT,דאו' אדידס ספריי לגב,מיליליטרים,150.00,"100 מ""ל",false,,12.90,0.0860,true,1,8263526
3614224051235,false,אדידס דאודורנט ספריי גברים אדיפוואר 200מל,אדידס Adidas,PT,דאו' אדידס ספריי לגב,מיליליטרים,200.00,"100 מ""ל",false,,14.90,0.0745,true,1,7393276
3616303057916,false,"אדידס 8 בודי ספריי 150מ""ל",,,אדידס 8 בודי ספריי 1,מיליליטרים,150.00,"100 מ""ל",false,,14.90,0.0993,true,1,8465731
3616303057978,false,"אדידס 8 דאו ספריי לגבר150מ""ל",,,אדידס 8 דאו ספריי לג,מיליליטרים,150.00,"100 מ""ל",false,,12.90,0.0860,true,1,8465732
3616303303037,false,"אדידס 8 ג'ל רחצה 400מ""ל",,,אדידס 8 ג'ל רחצה 400,מיליליטרים,400.00,"100 מ""ל",false,,14.90,0.0373,true,1,8465733
3661163970448,false,"אדידס דאודורנט ספריי מקס פרש לגברים 200 מ""ל",מיוצר עי קונדיטוריית,PT,דאו' ספריי לגבר A3קול דרי,מיליליטרים,200.00,"100 מ""ל",false,,14.90,0.0745,true,1,1117293
3661163990545,false,"אדידס דאודורנט ספריי לגברים אקשיין 200 מ""ל",מיוצר עי קונדיטוריית,PT,דאו' ספריי לגבר קליי,מיליליטרים,200.00,"100 מ""ל",false,,14.90,0.0745,true,1,1117295
3661163991146,false,"אדידס - דאודורנט ספריי לאישה קול אנד קר פרש 150 מ""ל",מיוצר עי קונדיטוריית,PT,דאו' ספריי אשה קול אנד קר,מיליליטרים,150.00,"100 מ""ל",false,,14.90,0.0993,true,1,1117297
3661163991580,false,"אדידס - דאודורנט ספריי לאישה קול אנד קר 6 ב-1 150 מ""ל",מיוצר עי קונדיטוריית,PT,דאו' ספריי אישה קול אנד ק,מיליליטרים,150.00,"100 מ""ל",false,,14.90,0.0993,true,1,1117299
3760030144583,false,דליקטס כושר-סורמי מק,,,סורמי מקלות 250 ג,גרמים,250.00,100 גרם,false,,21.90,0.0876,true,1,3864020
3760030144590,false,דליקטס כושר-סורמי יר,,,סורימי חצי ירח 350 ג,גרמים,350.00,100 גרם,false,,29.90,0.0854,true,1,3864021
3838824127224,false,פלטה סמי קיט חום בינוני 4-0 צבע שיער,שוורצקופף והנקל,SI,"צבעי שיער ""פלטה""",יח',1.00,יח',false,,19.90,19.9000,true,1,1087345
3838824127583,false,צבע לשיער פלטה - 6-88 אדום בוער,שוורצקופף והנקל,SI,"צבעי שיער ""פלטה""",יח',1.00,יח',false,,19.90,19.9000,true,1,1087354
3838824127644,false,צבע לשיער פלטה - 4-89 חציל זוהר,שוורצקופף והנקל,SI,"צבעי שיער ""פלטה""",יח',1.00,יח',false,,19.90,19.9000,true,1,1087356
3838824129068,false,פאלטה - דלוקס שמני הזנה חום קפה 4-68,הנקל סוד,DE,צבעי שיער קיט פלטה,יח',1.00,יח',false,,29.90,29.9000,true,1,1087362
3838824193915,false,צבע לשיער פאלטה סמי קיט שחור 0-1,שוורצקופף והנקל,SI,צבע שיער פאלטה סמי ק,יח',1.00,יח',false,,19.90,19.9000,true,1,1087372
4000415004408,false,שוגטן שוקולד קקאו מריר אגוזים 100 גר,לודוויג שוקולד,DE,שוגטן שוקולד קקאו מר,גרמים,100.00,100 גרם,false,,5.50,0.0550,true,1,8395166
4000415358303,false,שוקו-פאן ביסקוויט חמישיות 210 גרם,,,ביסקויט חמישיות 210ג,גרמים,210.00,100 גרם,false,,7.90,0.0376,true,1,8440949
4000415440701,false,שוקו-פאן שישיות בוטנים 216 גרם,,,שישיית בוטנים 216גר,גרמים,216.00,100 גרם,false,,7.90,0.0366,true,1,8440951
4000415440909,false,שוקו-פאן שישיות קרמל 216 גרם,,,שישיית קרמל 216 גרם,גרמים,216.00,100 גרם,false,,7.90,0.0366,true,1,8440952
4000415856601,false,שוקולד לבן טבעי שגוטן 100 גרם,"לודוויג שוקולד בע""\מ",DE,שוגטן שוקולד לבן 100,גרמים,100.00,100 גרם,false,,5.50,0.0550,true,1,8395170
4000417022004,false,ריטר ספורט שוקולד חלב מעולה עם צימוקים ואגוזי לוז 100 גרם,ריטר ספורט Ritter sport,DE,שוקולד חלב עם צימוקי,גרמים,100.00,100 גרם,false,,7.90,0.0790,true,1,1099535
4000417023001,false,ריטר ספורט שוקולד חלב מעולה עם שקדים שלמים,ריטר ספורט Ritter sport,DE,שוקולד שקדים שלמים ר,גרמים,100.00,100 גרם,false,,9.90,0.0990,true,1,1099536
4000417025005,false,שוקולד מריר במילוי מרציפן ריטר ספורט 100 גרם,ריטר ספורט Ritter sport,DE,שוקולד מריר במילוי מ,גרמים,100.00,100 גרם,false,,7.90,0.0790,true,1,1099537
4000417026002,false,שוקולד ריטר ספורט פרלין 100 גרם חלב נוכרי,ריטר ספורט Ritter sport,DE,שוקולד ריטר ספורט פר,גרמים,100.00,100 גרם,false,,7.90,0.0790,true,1,1099538
4000417101211,false,גלילי וופל עם קרם אגוזי לוז בציפוי שוקולד חלב,אמיצ'לי Amicelli,AT,גלילי וופל בציפוי שו,גרמים,150.00,100 גרם,false,,17.70,0.1180,true,1,8360936
4000417101273,false,אימצ'לי-גלילי וופל עם קרם אגוזי לוז 300 גרם,מותגים,,גלילי וופל אגוזי לוז,גרמים,300.00,100 גרם,false,,29.90,0.0997,true,1,8477184
4000417211002,false,שוקולד חלב מעולה ממולא קרם קרמל מוקצף ושברי שקדים מומלחים,ריטר ספורט Ritter sport,DE,שוקולד ריטר מוס קרמל,גרמים,100.00,100 גרם,false,,7.90,0.0790,true,1,3633030
4000417212009,false,ריטר ספורט שוקולד מריר מעולה עם שקדים קצוצים וקליפות תפוז מסוכרות,ריטר ספורט Ritter sport,DE,שוקולד ריטר מריר תפו,גרמים,100.00,100 גרם,false,,7.90,0.0790,true,1,7216438
4000417222008,false,שוקולד ריטר ספורט חלב+שברי אגוזים 100 גרם חלב נוכרי,ריטר ספורט Ritter sport,DE,ריטר ספורט חלב ושברי,גרמים,100.00,100 גרם,false,,7.90,0.0790,true,1,3259699
4000417224002,false,"ריטר ספורט טבלת שוקולד מריר אגוזים, 100 גרם",ריטר ספורט Ritter sport,DE,שוקולד ריטר ספורט מר,גרמים,100.00,100 גרם,false,,9.90,0.0990,true,1,1099540
4000417294005,false,שוקולד ריטר מוס קקאו 100 גרם חלב נוכרי,ריטר ספורט Ritter sport,DE,שוקולד ריטר ספורט 10,גרמים,100.00,100 גרם,false,,7.90,0.0790,true,1,1099547
4000417450302,false,שוקולד חלב ומריר ריטר ספורט מונדיאל 183ג,ריטר,DE,ריטר ספורט מארז מונד,גרמים,190.00,100 גרם,false,,18.90,0.0995,true,1,8468262
4000417707000,false,שוקולד חלב מעולה עם שברי קשיו קלוי ומומלח,ריטר ספורט Ritter sport,DE,ריטר ספורט קשיו,יח',1.00,יח',false,,9.90,9.9000,true,1,8312034
4000417708007,false,"שוקולד ריטר ספורט מריר שקד, 100 גרם",ריטר ספורט Ritter sport,DE,ריטר ספורט מריר שקד,יח',1.00,יח',false,,9.90,9.9000,true,1,8312035
4000522009747,false,"מקלות בייגלה תפו""א צ'יו 80 גרם",טרופיקל דגיל תעשיות,HU,בייגלה צ'יו מקלות 80,גרמים,80.00,100 גרם,false,,3.90,0.0487,true,1,2783371
4000522061752,false,בייגלה צ'יו מקלות מלוחים 100 גרם,צ'יו Chio,HU,בייגלה צ'יו מקלות,גרמים,100.00,100 גרם,false,,3.90,0.0390,true,1,2661299
4000539280726,false,שוקולד לינדט אקסלנס מילד 70% 100 גר,לינדט ושפרונגלי,DE,לינדט אקסלנס 70% 100,גרמים,100.00,100 גרם,false,,14.90,0.1490,true,1,8430293
4000539280740,false,לינדט אקסלנס 78% מוצקי קקאו 100 גרם,לינדט ושפרונגלי קילשברג,DE,לינדט אקסלנס 78% מוצ,גרמים,100.00,100 גרם,false,,14.90,0.1490,true,1,8436080
4000607850004,false,שוקולד חלב טבעי שוגטן 100 גרם,"לודוויג שוקולד בע""\מ",DE,שוגטן שוקולד חלב 100,גרמים,100.00,100 גרם,false,,5.50,0.0550,true,1,8395171
4000607851001,false,שוקולד חלב אגוזים טבעי שוגטן 100 גרם,"לודוויג שוקולד בע""\מ",DE,שוגטן שוקולד אגוזים,גרמים,100.00,100 גרם,false,,5.50,0.0550,true,1,8395196
4000799136887,false,קפה נמס אורגני 100 גר מאנט האגן,מאונט האגן,DE,קפה נמס אורגני מיובש,גרמים,100.00,100 גרם,false,,39.90,0.3990,true,1,5492816
4001518003800,false,טורינוס מקלות פריכים עם פלפל ומלח 125 גרם,גריסון,DE,מקלות פריכים עם מלח,גרמים,125.00,100 גרם,false,,14.70,0.1176,true,1,8312334
4001518106112,false,טורינוס מקלות פריכים עם רוזמרין 125 גרם,גריסון,DE,מקלות פריכים עם רוזמ,גרמים,125.00,100 גרם,false,,14.70,0.1176,true,1,8312335
4001751073677,false,רוטב חזרת עם סלק 200 גר,סקנדיה,,רוטב חזרת עם סלק,גרמים,345.00,100 גרם,false,,9.90,0.0287,true,1,8239952
4002103240709,false,"בירה ארדינגר אורוויס בקבוק 500 מ""ל",ארדינגר,,ארדינגר אורוויס בק',יח',1.00,יח',false,,10.90,10.9000,true,1,8192112
4002103250487,false,"בירה ארדינגר בהירה בקבוק 500 מ""ל",מבשלת ארדינגר ארדינג,DE,"ארדינגר בהירה 500 מ""",מיליליטרים,500.00,"100 מ""ל",false,,10.90,0.0218,true,1,4964986
4002103311515,false,"בירה ארדינגר כהה 500 מ""ל בקבוק",,,ארדינגר דונקל כהה 50,יח',1.00,יח',false,,10.90,10.9000,true,1,8328358
4002448019480,false,"סיליט באנג מסיר שומנים רב שימושי 750 מ""ל",סיליט באנג Cillit Bang,PL,"CILLT,IL,DEGR 12X750 VETT",מיליליטרים,750.00,"100 מ""ל",false,,12.50,0.0167,true,1,1107422
4002575016253,false,מרציפן מצופה שוקולד זנטיס 100 גרם,הדקלאים אגודת שיתופי,DE,מרציפן מצופה שוקולד,גרמים,100.00,100 גרם,false,,8.70,0.0870,true,1,1099550
4002590000022,false,סוכריות קלפני פירות יער אוכמניות 150 ג',ליימן מותגים,DE,סוכריות בטעם פירות י,גרמים,150.00,100 גרם,false,,8.90,0.0593,true,1,1099554
4002590000039,false,סוכריות בטעם פירות הדר קלפני 150 גרם,ליימן מותגים,DE,סוכריות בטעם פירות ה,גרמים,150.00,100 גרם,false,,8.90,0.0593,true,1,1099555
4002590000046,false,סוכריות בטעם מנטה מרענן קלפני 150 גרם,ליימן מותגים,DE,סוכריות בטעם מנטה מר,גרמים,150.00,100 גרם,false,,8.90,0.0593,true,1,1099556
4002720005736,false,מליטה קפה לפילטר פרימיום 250 גרם,המאפיה של הרמן,DE,מליטה קפה PREMIUMלפילטר 2,גרמים,250.00,100 גרם,false,,15.90,0.0636,true,1,1117305
4004666107819,false,"מלרוד - מרסס לניקוי וטיהור המזגן 500 מ""ל",מלרוד,DE,מלרוד מרסס לניקוי וט,מיליליטרים,500.00,"100 מ""ל",false,,22.90,0.0458,true,1,8247845
4004715020755,false,קישוטי עוגה פרינס אנד פרינסס 75 ג',היינץ צפון אמריקה מק,DE,קישוטי עוגה,גרמים,100.00,100 גרם,false,,12.50,0.1250,true,1,1099565
4005808128631,false,ניוואה 500 גל רחצה לגבר תמציות ליים,ניוואה Nivea,DE,ג'ל רחצה ספורט ניווא,מיליליטרים,500.00,"100 מ""ל",false,,12.90,0.0258,true,1,1096506
4005808293469,false,"ניוואה - דאודורנט ספריי לגבר יבש 150 מ""ל",BEIERSDORF MANUFACTU,DE,דאודורנט ספריי יבש נ,מיליליטרים,150.00,"100 מ""ל",false,,14.90,0.0993,true,1,8352485
4005808366392,false,שפתון ליובש כחול קלאסי לבלו 48 גרם,טרופיקל דגיל תעשיות,IL,שפתון ליובש כחול קלא,גרמים,48.00,100 גרם,false,,9.90,0.2063,true,1,3756043
4005808368280,false,שפתון ליובש דובדבן לבלו 48 גרם,טרופיקל דגיל תעשיות,DE,שפתון ליובש דובדבן ל,גרמים,48.00,100 גרם,false,,9.90,0.2063,true,1,3756044
4005808515554,false,ניוואה סופט קרם רב שימושי מרקם עדין 300מ,HELLAS BEIERSDORF,ES,ניוואה סופט קרם רב ש,מטרים,300.00,100 מ'ל,false,,34.90,0.1163,true,1,8423209
4005808702107,false,ניוואה תחליב גוף לעור יבש מאד 500 מל,בטר אנד דיפרנט,DE,ניוואה תחליב גוף משא,מיליליטרים,500.00,"100 מ""ל",false,,19.90,0.0398,true,1,8324909
4005808811700,false,"ניוואה ג'ל לניקוי מאזן לעור, 150 מ""ל",ביירסדורץ,DE,ניוואה גל ניקוי מאזן,מיליליטרים,150.00,"100 מ""ל",false,,27.90,0.1860,true,1,3482381
4005808813063,false,תחליב לחות לעור רגיש לאחר גילוח,בטר אנד דיפרנט,DE,ניוואה אפטר שייב לעו,מטרים,100.00,100 מ'ל,false,,39.90,0.3990,true,1,1096529
4005808817405,false,"ג'ל גילוח לעור רגיש ניוואה 200 מ""ל",פרוטרופיק סיה.,PL,ג'ל גילוח לעור רגיש,מיליליטרים,200.00,"100 מ""ל",false,,16.90,0.0845,true,1,1096537
4005808828838,false,"ניוואה - דאודורנט ספריי לגבר קול קיק 150 מ""ל",ניוואה Nivea,DE,דאודורנט ספריי אקווה,מיליליטרים,150.00,"100 מ""ל",false,,14.90,0.0993,true,1,1096540
4005900036476,false,"ניוואה - דאודורנט רול און לאישה בלק אנד וויט קליר 50 מ""ל",טרופיקל דגיל תעשיות,DE,דאודורט רולאון ניווא,גרמים,40.00,100 גרם,false,,11.70,0.2925,true,1,1096561
4005900036506,false,"ניוואה - דאודורנט רול און לגבר שקוף בלק 50 מ""ל",טרופיקל דגיל תעשיות,DE,דאודורנט רולאון ניוו,100 מל,40.00,100 מל,false,,11.70,0.2925,true,1,1096563
4005900036568,false,ניוואה דאודורנט רולאון ספריי לאישה בלק אנד וויט 150 מ''ל,ביירסדורף AG,DE,ניוואה דאודורנט רולא,מיליליטרים,150.00,"100 מ""ל",false,,14.90,0.0993,true,1,1096564
4005900138842,false,"ניוואה - תחליב רחצה סמוט 750 מ""ל",ניואה,DE,ניוואה תחליב רחצה סמ,מטרים,750.00,100 מ'ל,false,,12.90,0.0172,true,1,8335637
4005900274304,false,"ניוואה - דאודורנט ספריי לגבר פרש אושן 150 מ""ל",פרוטרופיק סיה.,DE,דאו ספריי לגבר ניווא,מיליליטרים,150.00,"מ""ל",false,,14.90,0.0993,true,1,3722585
4005900513045,false,"ניוואה - דאודורנט ספריי לגבר דיפ 150 מ""ל",ביירסדורף,DE,דאודורנט ספריי דיפ נ,מיליליטרים,150.00,"100 מ""ל",false,,12.90,0.0860,true,1,6778044
4005900521262,false,"ג'ל רחצה לגבר פיור אימפקט ניוואה 500 מ""ל",ביירסדורף,DE,ג'ל רחצה דיפ 500 מל,מטרים,50.00,100 מ'ל,false,,12.90,0.2580,true,1,6778046
4005900542557,false,"ניוואה - דאודורנט רול און לאישה בלק אנד וויט 50 מ""ל",ניואה,DE,ניוואה דאו רולאון בל,יח',1.00,יח',false,,11.70,11.7000,true,1,8321350
4005900551412,false,לבלו שפתון לחות SPF30 להגנה מפני השמש,beiersdorf,DE,שפתון לחות,יח',1.00,יח',false,,9.90,9.9000,true,1,8383730
4005900555915,false,"ניוואה - תחליב רחצה קוקוס וחוחובה 750 מ""ל",ביירסדורף AG,DE,ניוואה תחליב רחצה קו,מיליליטרים,750.00,"100 מ""ל",false,,12.90,0.0172,true,1,8300604
4005900648181,false,"ניוואה - תחליב רחצה אלוורה 750 מ""ל",ביירסדורף AG,DE,ניוואה תחליב רחצה אל,מטרים,750.00,100 מ'ל,false,,12.90,0.0172,true,1,8335638
4005900803283,false,ניוואה רוז קר קרם לחות במרקם גל בתוספת,ביירסדורף,PL,רוז קר קרם לחות במרק,יח',1.00,יח',false,,58.90,58.9000,true,1,8339552
4005900823489,false,ניוואה היידרה סקין אפקט קרם לחות במרקם ג'ל ללילה,ניואה,PL,היידרה סקין אפקט מרק,יח',1.00,יח',false,,59.90,59.9000,true,1,8341730
4005900828088,false,"ניוואה - דאודורנט רול און לגבר פרש 50 מ""ל",טרופיקל דגיל תעשיות,DE,דאודורנט רול און לגב,100 מל,50.00,100 מל,false,,11.70,0.2340,true,1,1096578
4005900833723,false,"ניוואה - פאוור פרש ג'ל רחצה לגבר 500 מ""ל",HELLAS BEIERSDORF,DE,ג'ל רחצה ניוואה לגבר,מיליליטרים,500.00,"100 מ""ל",false,,14.90,0.0298,true,1,8344440
4005900841148,false,"ניוואה מן ג'ל גילוח קול קיק פרש 200 מ""ל",ביירסדורף,DE,ג'ל גילוח קול קיק פר,מטרים,200.00,100 מ'ל,false,,14.90,0.0745,true,1,8341571
4005900874962,false,"ניוואה - דאודורנט רול און לגבר דיפ בלק 50 מ""ל",ביירסדורף AG,DE,ניוואה מן רול-און די,מטרים,50.00,100 מ'ל,false,,11.70,0.2340,true,1,8413063
4005900978967,false,לבלו - וניל שפתון לחות מטפח מהדורת נסיכות דיסני,ביירסדורף,DE,לבלו וניל שפתון לחות,גרמים,5.00,100 גרם,false,,9.90,1.9800,true,1,8462795
4005900978974,false,לבלו - סופט רוז שפתון לחות מטפח מהדורת נסיכות דיסני,ביירסדורף,DE,לבלו סופט רוז שפתון,גרמים,5.00,100 גרם,false,,9.90,1.9800,true,1,8462796
4006387085407,false,שלישיית פילטר מקסטרא סודהסטרים,סודה קלאב,DE,שלישיית פילטר,100 יח',1.00,100 יח',false,,98.90,98.9000,true,1,6304451
4006387112363,false,מארז קיץ מיוחד – קנקן Marella + 2 פילטרים ובקבוק תרמי,סודה סטרים,,מארז קנקן מרלה +2 פי,יח',1.00,יח',false,,139.00,139.0000,true,1,8350133
4006508122134,false,מליטה נייר פילטר מספר 40 - 4יח,שוורצקוף& הנקל דיסלד,DE,מליטה נייר פילטר מספר 40,100 יח',2.00,100 יח',false,,9.90,4.9500,true,1,3339289
4008102002867,false,גרגירים להכנת תה לימון מילפורד 400 גרם,ליימן מותגים,DE,גרגירים להכנת תה לימ,גרמים,400.00,100 גרם,false,,14.40,0.0360,true,1,1099566
4008287051032,false,בירה קרומבאכר פילס 0.50 ליטר פחית,מנדלז סי.אר. פרודקשן,DE,קרומבאכר פחית בקבוק,מיליליטרים,500.00,"100 מ""ל",false,,9.90,0.0198,true,1,8315721
4008287058161,false,בירה קרומבאכר פילס 4.8% שישיה 6 * 330 מל,מנדלז סי.אר. פרודקשן,DE,קרומבכר בירה בהירה 6,ליטרים,1.80,ליטר,false,,29.50,16.3889,true,1,8315702
4008287762020,false,בירה קרומבאכר חיטה 0.50 ליטר בקבוק,קרומבכר בראורי,DE,קרומבאכר וואיזן בקבו,מיליליטרים,500.00,"100 מ""ל",false,,9.90,0.0198,true,1,8315703
4008287905786,false,בירה קרומבאכר חיטה 5.3% פחית 500 מל,מנדלז סי.אר. פרודקשן,DE,קרומבאכר פחית בקבוק,100 מל,500.00,100 מל,false,,9.90,0.0198,true,1,8315722
4009300522935,false,תה ירוק פומפדור לימונית ולואיזה 20 יחידות,"איטיליאן פוד, אס.פי.",DE,תה ירוק לימונית ולוא,גרמים,30.00,100 גרם,false,,16.90,0.5633,true,1,1088706
4009300522966,false,תה ירוק עם נענע פומפדור 20 יחידות,"איטיליאן פוד, אס.פי.",DE,תה ירוק עם נענע פומפ,גרמים,36.00,100 גרם,false,,16.90,0.4694,true,1,1088707
4009300524588,false,חליטת צמחים פומפדור פירות יער 20 יחידות,פומפדור Pompadour,DE,חליטת פירות יער פומפ,גרמים,60.00,100 גרם,false,,11.90,0.1983,true,1,1088711
4009300525011,false,פומפידור תה ירוק עם תפוז וג'ינגר 25 שקיקים,"איטיליאן פוד, אס.פי.",DE,פומפדור תה ירוק תפוז,גרמים,35.00,100 גרם,false,,16.90,0.4829,true,1,1088714
4009300526438,false,תה ירוק פומפדור קלאסי 20 יחידות,"איטיליאן פוד, אס.פי.",DE,פומפדור תה ירוק 20 י,20 יח',1.00,20 יח',false,,16.90,16.9000,true,1,2683201
4009300528821,false,תה ירוק פומפדור ג'ינגר וקינמון 20 יחידות,פומפדור Pompadour,DE,פומפדור תה ירוק ג'ינ,יח',1.00,יח',false,,16.90,16.9000,true,1,7515834
4009300528845,false,"פומפדור תה ירוק עם לימונית דבש 30 מ""ל",פומפדור Pompadour,DE,פומפדור תה ירוק לימו,יח',1.00,יח',false,,16.90,16.9000,true,1,7515835
4009300529514,false,תה חליטת פומפדור פירות אוכמניות 20 יח,TEEKANNE- POMPADOU,DE,חליטת פירות אוכמניות,גרמים,45.00,100 גרם,false,,14.90,0.3311,true,1,8412405
4009300529552,false,תה חליטת פומפדור פירות אפרסק 20 יח,TEEKANNE- POMPADOU,DE,פומפדור חליטת פירות,גרמים,50.00,100 גרם,false,,14.90,0.2980,true,1,8412407
4009300529576,false,תה חליטת פומפדור פירות רימונים 20 יח,TEEKANNE- POMPADOU,DE,פומפדור חליטה פירות,גרמים,45.00,100 גרם,false,,11.90,0.2644,true,1,8347172
4009900013581,false,מסטיק אורביט ספרמינט סטיקס משפחתי-חמישיות,ריגלי צרפת,FR,מארז חמישיית אורביט,גרמים,13.00,5 גרם,false,,9.90,0.7615,true,1,1083388
4009900385824,false,מסטיק אורביט פפרמינט סטיקס משפחתי-חמישיות,ריגלי צרפת,FR,מארז חמישיית אורביט,גרמים,13.00,5 גרם,false,,9.90,0.7615,true,1,1083416
4009900402965,false,אורביט וויט בטעם פירות בקבוקון 46מלבניות,ריגלי פולין,PL,מסטיק אורביט בקבוקון,גרמים,46.00,100 גרם,false,,9.40,0.2043,true,1,1083420
4009900403023,false,אורביט וויט בטעם מנטה בקבוקון 46 מלבניות,"ב.א מזון בע""מ",PL,מסטיק אורביט בקבוקון,גרמים,46.00,100 גרם,false,,9.40,0.2043,true,1,1083421
4009900420129,false,מסטיק אורביט פרופשנל פפרמינט בקבוקון 64 גר',מרס נדרלנד,PL,מסטיק אורביט בקבוקון,גרמים,64.00,100 גרם,false,,9.40,0.1469,true,1,7171197
4009900426039,false,מסטיק מנטה אקליפטוס בקבוקון איירווייבס 64 גרם,איירוויבס Airwaves,PL,מסטיק איירוויבז בקבו,גרמים,64.00,גרם,false,,9.70,0.1516,true,1,4026088
4009900455299,false,"סוכרית ג'לי אדומה 174 גרם ""סקיטלס""",ריגלי ממתקים,CZ,סוכריות סקיטלס פירות,גרמים,174.00,100 גרם,false,,7.90,0.0454,true,1,2678446
4009900465304,false,סוכריות סקיטלס פירות חמוצים 174 גרם,ריגלי ממתקים,CZ,סוכריות סקיטלס חמוצי,גרמים,174.00,100 גרם,false,,7.90,0.0454,true,1,2678447
4009900483803,false,מסטיק איירובס מנטה אקליפטוס בקבוקון 60יח',איירוויבס Airwaves,PL,אורביט בקבוקון 60יח,יח',1.00,יח',false,,12.90,12.9000,true,1,7360130
4009900484060,false,מסטיק אורביט פרופשיונל בטעם מנטה ללא סוכר,ריגלי פולין,PL,אורביט בקבוקון 60יח,יח',1.00,יח',false,,12.90,12.9000,true,1,1083464
4009900484091,false,מסטיק אורביט פרופשיונל בטעם מנטה ללא סוכר,ריגלי פולין,PL,אורביט בקבוקון 60יח,גרמים,84.00,גרם,false,,12.90,0.1536,true,1,1083465
4009900484305,false,מסטיק אורביט פרופשיונל סוויטמינט ביגי לבן 60יח',אורביט Orbit,GB,אורביט בקבוקון 60יח,יח',1.00,יח',false,,12.90,12.9000,true,1,1083466
4009900487283,false,אורביט ילדים קלאסי סט' משפחתי-חמישיות,ריגלי צרפת,FR,מארז חמישיית אורביט,גרמים,13.00,5 גרם,false,,9.90,0.7615,true,1,1083467
4009900491044,false,מסטיק איירובס אוכמניות בקבוקון 60יח',איירוויבס Airwaves,PL,אירוויבז בקבוקון 60י,יח',1.00,יח',false,,12.90,12.9000,true,1,7360133
4009900500166,false,סוכריות פירות אדום סקיטלס בקבוקון 125ג',ריגלי ממתקים,CZ,סקיטלס פירות בקבוקון,גרמים,125.00,100 גרם,false,,7.90,0.0632,true,1,4240597
4009900509770,false,אורביט באריזת בקבוק בטעם תות 60 יח',אורביט Orbit,GB,אורביט בקבוקון 60 יח,גרמים,84.00,100 גרם,false,,12.90,0.1536,true,1,3082163
4009900514996,false,אורביט בקבוקון תות הסדרה הצבעונית 46 מלב,חברת ריגלי בעמ,PL,מסטיק אורביט בקבוקון,גרמים,46.00,100 גרם,false,,9.40,0.2043,true,1,3849504
4009900521581,false,סוכריות אורביט מינטס מנטה בבקבוקון 77 גר,ריגלי פולין,PL,אורביט סוכריות מנטה,גרמים,77.00,גרם,false,,8.90,0.1156,true,1,5314776
4009900521611,false,סוכריות אורביט מינטס דובדבן מנטה בבקבוקון,מרס נדרלנד,PL,אורביט סוכריות דובדב,גרמים,77.00,גרם,false,,8.90,0.1156,true,1,5314777
4009900531122,false,"מסטיק בטעם מנטה ספירמינט, 64 ג' פרופשיונל אורביט",מרס נדרלנד,PL,מסטיק אורביט בקבוקון,גרמים,64.00,100 גרם,false,,9.40,0.1469,true,1,7171198
4009900532327,false,סוכריות סקיטלס סמודיס בטעמי יוגורט ופירות,ריגלי ממתקים,CZ,סקיטלס סוכריות סמודי,גרמים,38.00,100 גרם,false,,2.90,0.0763,true,1,7360136
4009900534918,false,סקיטלס גאיינט פירות 141 גרם,ריגלי,CZ,סקיטלס ג'איינט פירות,גרמים,141.00,100 גרם,false,,7.90,0.0560,true,1,8312338
4009900535540,false,מסטיק אורביט רפרשרס פפרמינט ללא סוכר 15.6גר',אורביט,PL,מסטיק אורביט רפרשרס,יח',1.00,יח',false,,3.70,3.7000,true,1,8300637
4009900535823,false,מסטיק אורביט רפרשרס באבלמינט ללא סוכר 15.6גר',אורביט,PL,מסטיק אורביט רפרשרס,יח',1.00,יח',false,,3.70,3.7000,true,1,8300638
4009900536257,false,מסטיק אורביט רפרשרס ספירמינט בקבוקון ללא סוכר 67 גר',מרס ריגלי קונפקשונרי,PL,מסטיק אורביט רפרשרס,יח',1.00,יח',false,,11.90,11.9000,true,1,8300639
4009900536288,false,מסטיק אורביט רפרשרס פפרמינט בקבוקון ללא סוכר 67 גר',מרס ריגלי קונפקשונרי,PL,מסטיק אורביט רפרשרס,יח',1.00,יח',false,,11.90,11.9000,true,1,8300640
4009900536486,false,מסטיק אורביט רפרשרס באבלמינט בקבוקון ללא סוכר 67 גר',מרס ריגלי קונפקשונרי,PL,מסטיק אורביט רפרשרס,יח',1.00,יח',false,,11.90,11.9000,true,1,8300641
4009900539340,false,סוכריות סקיטלס ג'יינט סאוור 141 גרם,מרס ריגלי קונפקשונרי,CZ,סקיטלס ג'איינט סאוור,גרמים,141.00,100 גרם,false,,7.90,0.0560,true,1,8358180
4009900539401,false,מסטיק פייב באונס בטעם מנטה HP,Unknown,PL,מסטיק פייב טעם מנטה,יח',1.00,יח',false,,3.70,3.7000,true,1,8384779
4009900539685,false,"מסטיק פייב באונס בטעם מנטה בקבוקון, 61.8 גרם",ריגלי בעמ רוסיה,PL,מסטיק בקבוקון פייב מ,יח',1.00,יח',false,,11.90,11.9000,true,1,8384781
4009900539746,false,"מסטיק פייב באונס בטעם אבטיח בקבוקון, 61.8 גרם",ריגלי בעמ רוסיה,PL,מסטיק בקבוקון פייב ב,יח',1.00,יח',false,,11.90,11.9000,true,1,8384782
4011100001220,false,מרסי חטיפי מיני שקית 403ג',לינדט ושפרונגלי קילשברג,NL,שקית מיני גדולה מרס,גרמים,403.00,100 גרם,false,,19.90,0.0494,true,1,1094998
4011100002227,false,באונטי חטיפי מיני שקית 403ג',לינדט ושפרונגלי קילשברג,NL,שקית מיני גדולה באונ,גרמים,403.00,100 גרם,false,,19.90,0.0494,true,1,2631150
4011800528416,false,קורני חטיף דגנים עם בוטנים מתוק-מלוח*6,שוורטאוור וורקה,DE,קורני בייס סוויט אנד,גרמים,150.00,100 גרם,false,,10.90,0.0727,true,1,8152937
4011800567613,false,מאגדת קורני מילק דרק & ואיט 120 גרם,מיוצר עי קונדיטוריית,DE,קורני סנדוויץ שחור ולבן ע,גרמים,120.00,100 גרם,false,,10.90,0.0908,true,1,2651599
4011800577810,false,מארז חטיפי קורני פרי נוגט 120 גרם,שוורטאוור וורקה,DE,קורני פרי נוגט 6*20,גרמים,120.00,100 גרם,false,,10.90,0.0908,true,1,8358161
4011800628512,false,חטיף קורני שוקולד חלב 6 יח 150 גר,מיוצר עי קונדיטוריית,DE,קורני עם שוקולד חלב - 1X6,גרמים,150.00,100 גרם,false,,10.90,0.0727,true,1,2636144
4011800629519,false,"מארז חטיפי דגנים אגוזים ""קורני""",שוורטאוור וורקה,DE,קורני עם אגוזים 1X6,גרמים,150.00,100 גרם,false,,10.90,0.0727,true,1,2632746
4011800630515,false,חטיף קורני שוקולד חלב ובננה 6 יח 150 גר,מיוצר עי קונדיטוריית,DE,קורני עם שוקולד חלב ובננה,גרמים,150.00,100 גרם,false,,10.90,0.0727,true,1,2632747
4011800632519,false,"מארז חטיפי שוקולד חלב וקוקוס ""קורני""",מיוצר עי קונדיטוריית,DE,קורני עם שוקולד חלב וקוקו,גרמים,150.00,100 גרם,false,,10.90,0.0727,true,1,2632748
4011800633516,false,קורני שוקולד מריר מעולה 58% קקאו 6*1,שוורטאוור וורקה,DE,קורני עם שוקולד מריר מעול,גרמים,138.00,100 גרם,false,,10.90,0.0790,true,1,2625400
4011800636517,false,קורני פרי שוקולד חלב מעולה ללא סוכר 6*1,מיוצר עי קונדיטוריית,DE,"קורני ""פרי ""עם שוקולד חלב",גרמים,120.00,100 גרם,false,,10.90,0.0908,true,1,2625402
4014388000213,false,"פחית בירה רדברגר 500 מ""ל","איי, בי, אינבוו",DE,פחית בירה רדברגר 500,מיליליטרים,500.00,"100 מ""ל",false,,8.90,0.0178,true,1,7219326
4014400900217,false,בונבונריית מרסי מבחר ממתקי שוקולד 400 גרם,קריניציה ויטמינה אס,DE,בונבוניירה מרסי 400,גרמים,400.00,100 גרם,false,,39.90,0.0997,true,1,1099577
4014400901191,false,בונבונריית מרסי מבחר ממתקי שוקולד 250 גרם,ליימן מותגים,DE,בונבוניירה שוקולד מר,גרמים,250.00,100 גרם,false,,24.50,0.0980,true,1,1099579
4014400904376,false,סוכריות טופי בטעם שוקולד סטורק 325 גרם,קריניציה ויטמינה אס,DE,סוכריות טופי בטעם שו,גרמים,325.00,100 גרם,false,,14.90,0.0458,true,1,1099587
4014400904390,false,סוכריות טופי ממולא חלב סטורק 325 גרם,קריניציה ויטמינה אס,DE,סוכריות טופי ממולא ח,גרמים,325.00,100 גרם,false,,14.90,0.0458,true,1,1099588
4014400907902,false,"וורטרס אורגינל סוכריות חמאה ללא סוכר בקופסה
42 גרם",תות ממתקי איכות,DE,סוכריות חמאה ללא תוס,גרמים,42.00,100 גרם,false,,5.90,0.1405,true,1,1099589
4014400909692,false,וורטרס אורגינל סוכריות חמאה ללא סוכר בטעם קפוצי'ינו בקופסה 42 גרם,קריניציה ויטמינה אס,DE,וורטר בוקס קפה ללא ת,גרמים,42.00,100 גרם,false,,5.90,0.1405,true,1,1099595
4014400910063,false,סוכריות חמאה וורטרס אורגינל 135 גרם,וורטר'ס אורגינל,DE,סוכריות חמאה וורטרס,גרמים,135.00,100 גרם,false,,7.90,0.0585,true,1,1099597
4014400913910,false,וורטרס אורגינל סוכריות חמאה ממולאות קרם קרמל בשקית,תות ממתקי איכות,DE,סוכריות וורטרס אורגי,גרמים,125.00,100 גרם,false,,7.90,0.0632,true,1,2670943
4014400914696,false,וורטרס אורגינל סוכריות ללא סוכר 80 גרם,ליימן מותגים,DE,סוכריות וורטר ללא תו,גרמים,80.00,100 גרם,false,,7.90,0.0988,true,1,1099605
4014400914924,false,"סוכריות בטעם קפה וורטר אורגינל לל""ס 80 גרם",ליימן מותגים,DE,סוכריות וורטר קפה לל,גרמים,80.00,100 גרם,false,,7.90,0.0988,true,1,1099606
4014400920857,false,וורטר אורגינל ללא סוכר בטעם שוקולד-שקית 70 גרם,קריניציה ויטמינה אס,DE,סוכריות וורטר ללא תו,גרמים,70.00,100 גרם,false,,7.90,0.1129,true,1,2742901
4014400923711,false,בונבוניירה שוקולד אגוזים טופיפי 125 גרם,ליימן מותגים,DE,בונבוניירה שוקולד אג,גרמים,125.00,100 גרם,false,,11.90,0.0952,true,1,4138359
4014400925319,false,וורטרס אורגינל פופקורן קרמל 140 גרם,וורטרס Werther's,DE,וורטר פופקורן קרמל,גרמים,140.00,100 גרם,false,,14.90,0.1064,true,1,8283645
4015000031394,false,"ספטיל - משחה להסרת כתמים 200 מ""ל",קריות זול,HU,ספטיל מסיר כתמים 200 גר',גרמים,200.00,100 גרם,false,,14.90,0.0745,true,1,1087391
4015000280372,false,"דאודורנט רול און בניחוח לימון פה 50 מ""ל",שוורצקופף והנקל,DE,דאודורנט רול און בני,100 מל,50.00,100 מל,false,,9.90,0.1980,true,1,1087393
4015000519915,false,"פה - דאודורנט ספריי לאישה פינק פרדייס 200 מ""ל",שוורצקופף והנקל,TR,דאודורנט ספריי פה פי,מיליליטרים,200.00,"100 מ""ל",false,,9.90,0.0495,true,1,1087412
4015000615884,false,"פה - דאודורנט ספריי לאישה קריביין לימון 200 מ""ל",שוורצקופף והנקל,DE,דאודורנט ספריי פה בנ,מיליליטרים,200.00,"100 מ""ל",false,,9.90,0.0495,true,1,1087453
4015000615921,false,"פה - דאודורנט ספריי לגבר ספורט 200 מ""ל",שוורצקופף והנקל,TR,דאודורנט ספריי פה -ס,מיליליטרים,200.00,"100 מ""ל",false,,9.90,0.0495,true,1,1087456
4015000976268,false,שמפו גליס Gliss למראה שיער מבריק Million Gloss,"הובי קוסמטיק, חברת ייצור",TR,"שמפו גליס 400 מ""ל שמ",מיליליטרים,400.00,"100 מ""ל",false,,12.90,0.0323,true,1,2644878
4015000996204,false,"גליס שמפו אולטימט שמן אלקסייר 400 מ""ל",שוורצקופף והנקל,DE,שמפו גליס 400מל שמן,מיליליטרים,400.00,"100 מ""ל",false,,12.90,0.0323,true,1,1087513
4015000997430,false,פה דאודורנט ספריי אינויזיבל פאוור 200 מל,שוורצקופף והנקל,TR,דאו פה ספורט ספריי,מיליליטרים,200.00,"100 מ""ל",false,,9.90,0.0495,true,1,1087518
4015100190762,false,"גליס - מסכה שיקום שמן אלקסיר 300 מ""ל",שוורצקופף והנקל,SK,מסיכה גליס 300 מל,מיליליטרים,300.00,"100 מ""ל",false,,24.90,0.0830,true,1,5365967
4015100190793,false,גליס מסכה לשיער יבש ופגום במיוחד Ultimate Repair,שוורצקופף והנקל,SK,מסיכה גליס 300 מל,מיליליטרים,300.00,"100 מ""ל",false,,24.90,0.0830,true,1,5365891
4015100204087,false,סאיוס ספריי לשיער סלון פלאקס 250מל,הנקל סוד,DE,סאיוס ספריי לשיער סל,מיליליטרים,250.00,"100 מ""ל",false,,29.90,0.1196,true,1,6789477
4015100325324,false,פאלטה דלוקס קיט 6-0 בלונד כהה,שוורצקופף & הנקל דיסלדור,DE,פאלטה דלוקס קיט בלונ,יח',1.00,יח',false,,29.90,29.9000,true,1,8244745
4015100325355,false,פלטה דלוקס קיט 4-0 חום בינוני עדין,שוורצקופף & הנקל דיסלדור,DE,פאלטה דלוקס קיט חום,יח',1.00,יח',false,,29.90,29.9000,true,1,8244746
4015400564034,false,מגן תחתון אולוויז מגה פק לונג פלוס 58 יחידות,פרוקטר אנד גמבל,DE,אולוויז מגן תחתון לו,יח',58.00,יח',false,,16.90,0.2914,true,1,1106779
4015400564454,false,מגני תחתון אולוויז לארג' עם ניחוח מגה פק,פרוקטר אנד גמבל,DE,אולוויז מגן תחתון לא,יח',68.00,יח',false,,16.90,0.2485,true,1,1106783
4015400598329,false,תחבושות אולוויז קוואטרו נורמל פלוס 56 יחידות,פרוקטר אנד גמבל,DE,אולוויז קוואטרו נורמ,יח',56.00,יח',false,,29.90,0.5339,true,1,1106789
4015400598381,false,תחבושות היגייניות אולטרה לונג - מארז קוואטרו 48 יח',פרוקטר אנד גמבל,DE,אולוויז קוואטרו לונג,יח',48.00,יח',false,,29.90,0.6229,true,1,1106790
4015400598411,false,תחבושות היגייניות יום ולילה Day & Night - מארז 40 יח',פרוקטר אנד גמבל,DE,אולוויז קוואטרו לילה,יח',40.00,יח',false,,29.90,0.7475,true,1,1106791
4015400695677,false,פמפרס בייבי דריי מידה 4+ 80 יח,פרוקטר & גמבל,TR,פמפרס בייבי דריי מיד,יח',1.00,יח',false,,64.90,64.9000,true,1,8383535
4015400695691,false,פמפרס בייבי דריי מידה 5 74 יח,פרוקטר & גמבל,TR,פמפרס בייבי דריי מיד,יח',1.00,יח',false,,64.90,64.9000,true,1,8383536
4015400731719,false,תחבושות היגייניות אולוויז יום ולילה Day & Night,פרוקטר אנד גמבל,UA,אולוויז תחבושות וליו,יח',20.00,יח',false,,16.90,0.8450,true,1,3306770
4015400746812,false,מגני תחתון אולוויז נורמל עם ניחוח מגה פק,פרוקטר אנד גמבל,UA,אולוויז מגן תחתון נו,יח',80.00,יח',false,,16.90,0.2112,true,1,3530780
4015400824701,false,טמפונים עם מוליך רגולר טמפקס 30 יחידות,פרוקטר אנד גמבל,HU,טמפונים עם מוליך רגו,יח',30.00,יח',false,,24.90,0.8300,true,1,1106793
4015400824725,false,טמפונים סופר עם מוליך טמפקס 30 יחידות,פרוקטר אנד גמבל,HU,טמפונים סופר עם מולי,יח',30.00,יח',false,,27.90,0.9300,true,1,1106794
4015600762742,false,שמפו יומיומי למניעת קשקשים הנוסחה הקלאסית,פרוקטר אנד גמבל,RO,שמפו אנד שולדרס קלאס,מיליליטרים,500.00,"100 מ""ל",false,,17.90,0.0358,true,1,1106817
4015600762780,false,שמפו וקונדישינר יומיומי למניעת קשקשים הנוסחה הקלאסית 2in1,פרוקטר אנד גמבל,RO,שמפו אנד שולדרס 2ב1,מיליליטרים,500.00,"100 מ""ל",false,,17.90,0.0358,true,1,1106818
4015600762902,false,"שמפו האד אנד שולדרס מנטול 500 מ""ל",פרוקטר אנד גמבל,RO,שמפו האד אנד שולדרס,מיליליטרים,500.00,"100 מ""ל",false,,17.90,0.0358,true,1,1106821
4015600762940,false,שמפו יומיומי למניעת קשקשים בניחוח תפוח,פרוקטר אנד גמבל,RO,שמפו האד אנד שולדרס,מיליליטרים,500.00,"100 מ""ל",false,,17.90,0.0358,true,1,1106822
4015600763022,false,שמפו יומיומי למניעת קשקשים לשיער יבש/פגום לשיער רך כמשי,פרוקטר אנד גמבל,RO,שמפו האד אנד שולדרס,מיליליטרים,500.00,"100 מ""ל",false,,17.90,0.0358,true,1,1106824
4015600766900,false,"שמפו ומרכ ך נגד קשקשים 500 מ""ל הד אנד שולדרס",פרוקטר אנד גמבל,RO,שמפו הד אנד שולדרס 2,מיליליטרים,500.00,"100 מ""ל",false,,17.90,0.0358,true,1,2644288
4015600810849,false,גילט דאו קליר גל 70 מל פאוור ראש,פרוקטר אנד גמבל,CZ,דאודורנט ג'ילט קליר,מטרים,75.00,100 מ'ל,false,,14.90,0.1987,true,1,2677594
4017100160110,false,בלזן גלילי וופל במילוי קרם בטעם שוקולד 75 גר',בלזן פולסקה,DE,וופל קרמי שוקולד 75,גרמים,75.00,100 גרם,false,,7.90,0.1053,true,1,8214111
4017100160417,false,בלזן גלילי וופל במילוי קרם בטעם וניל 75 גר',בלזן פולסקה,DE,וופלקרמי וניל 75 גר,גרמים,75.00,100 גרם,false,,6.90,0.0920,true,1,8214112
4017100198151,false,בלזן היט ביסקוויט עם מלית קרם בטעם וניל (41%) 220 גרם,הדקלאים אגודת שיתופי,PL,עוגיות היט 220 ג,גרמים,220.00,100 גרם,false,,7.90,0.0359,true,1,2751338
4017100210105,false,וופל מגולגל מצופה שוקולד מריר בלזן 100 גרם,הדקלאים אגודת שיתופי,DE,וופלטן מריר 100גר,גרמים,100.00,100 גרם,false,,10.90,0.1090,true,1,2753412
4017100219900,false,בלזן וופלטן וופל מגולגל מצופה שוקולד חלב 100 גרם,הדקלאים אגודת שיתופי,DE,גליליות וופל חלב וופ,גרמים,100.00,100 גרם,false,,10.90,0.1090,true,1,1099616
4017100291005,false,בלזן לייבניז בסקויט חמאה מצופה שוקולד מריר 125 גרם,הדקלאים אגודת שיתופי,DE,ביסקוויט מצופה שוקול,גרמים,125.00,100 גרם,false,,10.90,0.0872,true,1,1095003
4017100364112,false,בלזן היט בסקוויט סנדביץ עם מלית קרם בטעם שוקולד קקאו (41%) 220 גרם,הדקלאים אגודת שיתופי,PL,עוגיות היט 220 ג,גרמים,220.00,100 גרם,false,,7.90,0.0359,true,1,2736473
4017100366239,false,עוגיות ביסקוויט סנדוויץ ממולא קרם בטעם שוקולד,ליימן שליסל,PL,ליבניץ אנד קרים 190,גרמים,190.00,100 גרם,false,,7.90,0.0416,true,1,7772016
4018344511188,false,סלמון פראי ברוטב שום לארסן 200 גרם,,,לרסן סלמון פראי ברוט,גרמים,200.00,100 גרם,false,,9.90,0.0495,true,1,8423199
4018344564610,false,פילה הרינג ברוטב עגבניות לארסן 200 גרם,,LV,לרסן פילה הרינג ברוט,גרמים,200.00,100 גרם,false,,9.50,0.0475,true,1,8423200
4018344564641,false,פילה הרינג ברוטב חרדל ושמיר לארסן 200 גר,,LV,לרסן פילה הרינג ברוט,גרמים,200.00,100 גרם,false,,9.50,0.0475,true,1,8423201
4018722100157,false,פסטה פוזילי מקמח כוסמין מלא אורגני,האחים פלם הגפן,DE,פוזילי כוסמין אורגני,גרמים,250.00,100 גרם,false,,11.80,0.0472,true,1,6231740
4022025001905,false,יין בלו ווין מבעבע זהב כשר 750 מל,היי סישל סוהן טראבן,DE,בלו מבעבע זהב כשר,מיליליטרים,750.00,"100 מ""ל",false,,49.90,0.0665,true,1,7176810
4022025001929,false,"בלו ווין מבעבע כחול 750 מ""ל",היי סישל סוהן טראבן,DE,בלו כחול מבעבע כשר,מיליליטרים,750.00,"100 מ""ל",false,,49.90,0.0665,true,1,7176812
4022025261002,false,יין בלו ווין גוורצטרמינר 750 מל,לנגוט טראבן,DE,"בלו וויין 750 מ""ל",מיליליטרים,750.00,"100 מ""ל",false,,44.90,0.0599,true,1,4755207
4023800012109,false,מרציפן שלוקוורד מצופ,,DE,מרציפן מצופה 100 גר,גרמים,100.00,100 גרם,false,,7.50,0.0750,true,1,2867803
4023800122105,false,מרציפן לא מצופה 82 גרם,,DE,מרציפן לא מצופה 82 ג,גרמים,82.00,100 גרם,false,,7.50,0.0915,true,1,4405091
4028208000284,false,נייר פילטר מספר 4 - BRIGITTA ובו 80 יחידות,Melitta Kaffee GmbH,DE,מליטה נייר פילטר מספר 80,יח',44.00,יח',false,,11.90,0.2705,true,1,1117363
4045787068221,false,"צבע לשיער אינדולה פרוטאין שחור 1 60 מ""ל",שוורצקופף והנקל,DE,פרוטאין קולור 1 שחור,מטרים,60.00,100 מ'ל,false,,15.90,0.2650,true,1,1087520
4045787068283,false,"אינדולה - פרוטאין צבע 1-1 שחור כחול 60 מ""ל",אינדולה Indola,DE,פרוטאין קולור 1.1 שח,מטרים,60.00,100 מ'ל,false,,15.90,0.2650,true,1,1087525
4045787068412,false,"אינדולה - פרוטאין צבע 6-37 שוקולד 60 מ""ל",אינדולה Indola,DE,פרוטאין קולור 6.37 ש,מטרים,60.00,100 מ'ל,false,,15.90,0.2650,true,1,1087537
4045787068467,false,"אינדולה - פרוטאין צבע 7 בלונד בינוני 60 מ""ל",שוורצקופף והנקל,DE,פרוטאין קולור 7 בלונ,מטרים,60.00,100 מ'ל,false,,15.90,0.2650,true,1,1087542
4045787068542,false,"צבע לשיער אינדולה פרוטאין 8 בלונד בהיר 60 מ""ל",שוורצקופף והנקל,DE,פרוטאין קולור 8 בלונ,מטרים,60.00,100 מ'ל,false,,15.90,0.2650,true,1,1087550
4045787068610,false,"אינדולה - פרוטאין צבע 9 בלונד טבעי 60 מ""ל",שוורצקופף והנקל,DE,פרוטאין קולור 9 בלונ,מטרים,60.00,100 מ'ל,false,,15.90,0.2650,true,1,1087555
4053700292455,false,ויט רצועות שעווה מוכנות להסרת שיער לעור רגיל 12 יחידות,רקיט בנקיזר צרפת,FR,Veet CWS Regular Skin Mis,יח',12.00,יח',false,,19.90,1.6583,true,1,1107426
4061445096726,false,קפה דוידוף מגורען 100 גר RICH AROMA,"טשיבו, אספי.זד.או.או",PL,דוידוף ריץ ארומה 100,גרמים,100.00,100 גרם,false,,21.70,0.2170,true,1,8451313
4066600601920,false,פאולנר ביתר חיטה מעוננת 500 מל,פאולנר Paulaner,DE,פאולנר ביתר חיטה מעו,מיליליטרים,500.00,"100 מ""ל",false,,9.90,0.0198,true,1,8217309
4067700014849,false,ליקר ייגרמייסטר כשר,מסט-יגרמייסטר,DE,"יגרמייסטר 70 ס""ל כשר",מיליליטרים,750.00,"100 מ""ל",false,,84.90,0.1132,true,1,3690367
4072700001188,false,"בירה פרנסיסקאנר כהה בקבוק 500 מ""ל",פרנסיסקאנר Franziskaner,DE,פרנזיסקאנר בירה כהה,מיליליטרים,500.00,"100 מ""ל",false,,9.90,0.0198,true,1,5670017
4072700003649,false,"פרנזיסקאנר בירה מעוננת 500 מ""ל","איי, בי, אינבוו",DE,פרנזיסקאנר בירה מעונ,מיליליטרים,500.00,"100 מ""ל",false,,9.90,0.0198,true,1,4240615
4084500065536,false,פנטן קרם לחות מוגברת לעיצוב שיער 300 מל,פרוקטר אנד גמבל,FR,קרם לשיער פנטן לחות,מיליליטרים,300.00,"100 מ""ל",false,,14.90,0.0497,true,1,2613071
4084500065598,false,"קרם לחות פנטן לתלתלים מושלמים 300 מ""ל",פרוקטר אנד גמבל,FR,קרם לחות פנטן לתלתלי,מיליליטרים,300.00,"100 מ""ל",false,,14.90,0.0497,true,1,2613072
4084500178137,false,נוזל כביסה טייד 4 ליטר,פרוקטר אנד גמבל,FR,נוזל כביסה טייד 4 לי,ליטרים,4.00,ליטר,false,,34.90,8.7250,true,1,2647468
4084500853553,false,פיירי נוזל כלים קלאסי אורגינל 650 מל,פרוקטר אנד גמבל,GB,נוזל כלים פיירי אורי,מיליליטרים,650.00,"100 מ""ל",false,,10.90,0.0168,true,1,2801280
4084500853836,false,"נוזל כלים פיירי ורדים ומשי 515 מ""ל בד""צ",פרוקטר אנד גמבל,GB,נוזל כלים פיירי ורדי,מיליליטרים,515.00,"100 מ""ל",false,,8.90,0.0173,true,1,2801283
4100130937163,false,בירה בקס שישייה 6*275 מל,"איי, בי, אינבוו",DE,"בירה בקס 6* 275 מ""ל",מיליליטרים,275.00,"100 מ""ל",false,,24.90,0.0905,true,1,4240616
4105120623941,false,"בירה ויינשטפן בק' ח""פ 500 מ""ל","ויינשטפן, ת.ד 1155 פרייז",DE,ויינשטפן 500 מל,מיליליטרים,500.00,"100 מ""ל",false,,11.20,0.0224,true,1,4945016
4260147890551,false,אטריות ביצים רצועות שקדיה 500 גרם,דין שיווק,PL,אטריות ביצים רצועות,גרמים,500.00,100 גרם,false,,9.90,0.0198,true,1,1085914
4444777700323,false,מסנן כיור אמריקאי סיליקון,דגש,,מסנן כיור אמריקאי סי,יח',1.00,יח',false,,14.90,14.9000,true,1,1110257
4600659011059,false,וודקה סטוליצניה אדום,אס פי איי SPI (סטולי,LV,סטוליצ'ניה פרימיום ליטר ל,ליטרים,1.00,ליטר,false,,79.90,79.9000,true,1,2730762
4604248000349,false,רוטב בטעם מיונז פרובנסל מחייב 380 גרם,אסן פרודקשן,,רוטב לסלט מחייב פרוב,גרמים,380.00,100 גרם,false,,11.90,0.0313,true,1,8335614
4604248000554,false,מיונז מאחייב פרובנסל 50.5% 800 גרם,אסן פרודקשן,,מיונז פרובנסל 800 גר,גרמים,800.00,100 גרם,false,,18.90,0.0236,true,1,8335615
4604248000844,false,רוטב בטעם מיונז עם שמן זית 380 גרם,אסן פרודקשן,,מיונז מחייב עם שמן ז,גרמים,380.00,100 גרם,false,,11.90,0.0313,true,1,8335616
4604248003081,false,רוטב בטעם מיונז עם בית שליו מחייב 380 גרם,אסן פרודקשן,,רוטב לסלט מחייב עם ב,גרמים,380.00,100 גרם,false,,11.90,0.0313,true,1,8335617
4607012351005,false,גרעיני חמניות מרטין ללא מלח 200 גרם,"נארז ע""י : א.ג. גילר",RU,גרעיני חמניות קלויים,גרמים,215.00,100 גרם,false,,12.90,0.0600,true,1,8239953
4607012351999,false,גרעיני חמניות מרטין עם מלח 200 גרם,"נארז ע""י : א.ג. גילר",RU,גרעיני חמניות קלויים,גרמים,215.00,100 גרם,false,,12.90,0.0600,true,1,8239954
4607012352453,false,גרעיני חמניות מרטין פסים עם מלח 150 גר,אל אל סי מרטין,RU,גרעיני חמניות קלויים,גרמים,166.00,100 גרם,false,,9.90,0.0596,true,1,8239955
4640018993343,false,פיניש קוואנטום קפסולות ג'ל למדיח כלים 30 יח',רקיט בנקיזר,PL,פיניש קואנטום 30קפ ש,יח',1.00,יח',false,,34.90,34.9000,true,1,8238556
4640018993350,false,פיניש קוואנטום קפסולות ג'ל למדיח כלים לימון 30 יח',רקיט בנקיזר,PL,פיניש קואנטום 30קפ ש,יח',1.00,יח',false,,39.80,39.8000,true,1,8238557
4640018993398,false,פיניש קוואנטום 60 יח' קפסולות ג'ל למדיח כלים,רקיט בנקיזר,PL,פיניש קואנטום 60יח ש,יח',1.00,יח',false,,59.90,59.9000,true,1,8235034
4710068001692,false,"מאסטר קפה לאטה פחית 240 מ""ל",תאיט מרקטינג אנד דיסטריב,TW,מאסטר קפה לאטה פחית,מיליליטרים,240.00,"100 מ""ל",false,,5.90,0.0246,true,1,3864229
4710068001715,false,"מאסטר קפה טירמיסו פחית 240 מ""ל",יוני פרזינדנט אנטרפר,TW,מאסטר קפה טירמיסו 24,מיליליטרים,240.00,"100 מ""ל",false,,5.90,0.0246,true,1,3864230
4710068002798,false,מאסטר קפה וונילה פחית 240 מל,מאיטה פוד אינדוסטריאל קו,TW,מאסטר קפה וונילה פחי,יח',1.00,יח',false,,5.90,5.9000,true,1,7659764
4710964104916,false,"שמן שומשום טהור 370 מ""ל (כ)",פלייבור פול פודס טיי,TW,שמן שומשום טהור 370,מיליליטרים,370.00,"100 מ""ל",false,,19.90,0.0538,true,1,2674341
4710964170799,false,שומשום שחור קלוי 91 גרם,פלייבור פול פודס טיי,TW,שומשום שחור קלוי 91,גרמים,91.00,100 גרם,false,,16.40,0.1802,true,1,1103513
4740098090137,false,"בירה אינדיה פייל אייל לבנה 500 מ""ל",א.לה קוק A.Le Coq,EE,בירה IPA לבנה,יח',1.00,יח',false,,8.90,8.9000,true,1,8330900
4740098098331,false,"קוקטייל בלו לגון אה לה קוק 330 מ""ל",אה לי קוק,EE,קוקטייל בלו לגון אה,מטרים,330.00,100 מ'ל,false,,9.90,0.0300,true,1,8420156
4740098098355,false,"קוקטייל מוחיטו אה לה קוק 330 מ""ל",אה לי קוק,EE,קוקטייל מוחיטו,מיליליטרים,620.00,"100 מ""ל",false,,9.90,0.0160,true,1,8400915
4750142002078,false,"בירה צסו יורמלה 500 מ""ל","""cesu alus""",LV,בירה צ'סו יורמלה 500,מטרים,500.00,100 מ'ל,false,,6.80,0.0136,true,1,8409677
4750142002719,false,"בירה בירה לא מסוננת צסו יורמלה 500 מ""ל","""cesu alus""",LV,בירה צ'סו יורמלה לא,מטרים,500.00,100 מ'ל,false,,6.80,0.0136,true,1,8409678
4750142003426,false,"בירה פילסנר פחית 500 מ""ל אקסטרה",צ'סו אלוס,LV,בירה פילסנר פחית 500,מטרים,500.00,100 מ'ל,false,,6.80,0.0136,true,1,8374608
4750142016518,false,בירה צסו לא מסוננת 5.4% 568 מל,צ'סו אלוס,LV,בירה צ'סו לא מסונן,מיליליטרים,500.00,"100 מ""ל",false,,8.50,0.0170,true,1,8239959
4750142021505,false,"בירה PILSENER בהירה 4.7% פחית 500 מ""ל",צ'סו אלוס,LV,בירה פילזנר צ'סו,מיליליטרים,500.00,"100 מ""ל",false,,6.80,0.0136,true,1,8239960
4750616000258,false,שפרוטים גדולים מעושנים בשמן צמחי,בריויאס וילניוס,LV,דגי שפרוטים גדולים מ,גרמים,215.00,100 גרם,false,,7.90,0.0367,true,1,8239961
4750616000593,false,דגי שפרוטים גדולים מעושנים,בריויאס וילניוס,LV,דגי שפרוטים גדולים מ,גרמים,215.00,100 גרם,false,,7.90,0.0367,true,1,8239962
4750616001194,false,שפרוטים מעושנים ריגה 240 גרם פ.ק,בריויאס וילניוס,LV,דגי שפרוטים גדולים מ,גרמים,215.00,100 גרם,false,,7.90,0.0367,true,1,8239963
4750616001651,false,דגי שיפרוט גדולים מעושנים בשמן צמחי,בריויאס וילניוס,LV,דגי שפרוטים גדולים מ,גרמים,215.00,100 גרם,false,,7.90,0.0367,true,1,8239964
4750616006564,false,סרדינים על הגריל בשמן זית 190 גר,,LV,סרדינים על הגריל בשמ,יח',1.00,יח',false,,10.90,10.9000,true,1,8330902
4750616006571,false,סרדינים על הגריל בשמן זית עם צילי 190 ג,,LV,סרדינים על הגריל בשמ,גרמים,190.00,100 גרם,false,,10.90,0.0574,true,1,8409679
4750616006588,false,סרדינים על הגריל עם לימון בשמן זית 190 ג,,LV,סרדינים על הגריל עם,יח',1.00,יח',false,,10.90,10.9000,true,1,8330903
4751007738095,false,סלט סלמון עם ירקות מקסיקני 220 ג' לארסן,ס.י.א קרבלה,LV,לרסן סלט סלמון מקסיק,גרמים,220.00,100 גרם,false,,9.90,0.0450,true,1,8423203
4751007738101,false,סלט סלמון עם ירקות איטלקי 220 ג' לארסן,ס.י.א קרבלה,LV,לרסן סלט סלמון איטלק,גרמים,220.00,100 גרם,false,,9.90,0.0450,true,1,8423204
4751007739917,false,נתחי דג סלמון במיץ טבעי תומר 185 גרם,,,סלמון במיץ טבעי 185,גרמים,185.00,100 גרם,false,,7.90,0.0427,true,1,8423205
4770577201204,false,"סלק מבושל בוואקום 1 ק""ג",,,סלק מבושל בוואקום 1,קילוגרמים,1.00,"ק""ג",false,,9.90,9.9000,true,1,6820482
4792032060454,false,"גרין קוקו - מי קוקוס אורגניים 330 מ""ל",גרין קוקו,VN,מי קוקוס אורגני 330,מיליליטרים,330.00,"100 מ""ל",false,,8.70,0.0264,true,1,5492777
4796019790020,false,"שמן קוקוס אורגני 500 מ""ל גרין קוקו",גרין קוקו,LK,שמן קוקוס אורגני 500,מיליליטרים,500.00,"100 מ""ל",false,,27.80,0.0556,true,1,6231745
4800888150080,false,"דאב - דאודורנט רול און לאישה פרש טאצ' מלפפונים 50 מ""ל",יוניליוור פיליפינים,PH,דאב רולאון דאודורנט,מטרים,50.00,100 מ'ל,false,,14.90,0.2980,true,1,1092980
4800888219510,false,דאב - דאודורנט סטיק לאישה פרש מלפפונים 50 גרם,יוניליוור פיליפינים,PH,דאב סטיק מלפפון ותה,גרמים,50.00,100 גרם,false,,14.90,0.2980,true,1,8335486
4800888219527,false,דאב - דאודורנט סטיק לאישה ללא סימן אינביזיבל 50 גרם,יוניליוור,PH,דאב דאו סטיק אינוויז,יח',1.00,יח',false,,14.90,14.9000,true,1,8361105
4800888219534,false,דאב - דאודורנט סטיק לאישה אנטי פרספירמט 50 גרם,יוניליוור פיליפינים,PH,דאב סטיק נשים אורגינ,גרמים,50.00,100 גרם,false,,14.90,0.2980,true,1,8329796
4800888219541,false,רקסונה - דאודורנט סטיק לאישה פאוודר דרי 50 גרם,יוניליוור,PH,רקסונה סטיק פאודר 50,גרמים,50.00,100 גרם,false,,9.90,0.1980,true,1,8344458
4820034925546,false,"בירה לאגר צאזז לייט בקבוק 500 מ""ל -בודד",,IL,בירה לאגר צאזז לייט,מטרים,500.00,100 מ'ל,false,,3.90,0.0078,true,1,8396275
4820229030475,false,וודקה מורושה קארפאטיאן 700 מל,,,וודקה מורושה קארפאטי,מיליליטרים,700.00,"100 מ""ל",false,,54.90,0.0784,true,1,8281876
4820229031281,false,"וודקה חורטיצה קלאסיק 700 מ""ל.",,,וודקה חורטיצה קחאסיק,מיליליטרים,700.00,"100 מ""ל",false,,54.90,0.0784,true,1,8305814
4860009000014,false,מיץ רימונים 100% סחוט ללא תוספת סוכר,Aromaproduct ltd,,מיץ רימונים 100% 1 ל,ליטרים,1.00,ליטר,false,,15.90,15.9000,true,1,1087933
4891228302009,false,שיק - היידרו סילק טרימר ביקיני + סכין,,,שיק היידרו סילק טרימ,יחידה,1.00,יחידה,false,,44.90,44.9000,true,1,8419777
4891228430047,false,שיק אקזקטה 2 רגיש סכיני גילוח לגבר,אנרג'יזר Energizer,CN,שיק אקזקטה 2 רגיש סכ,יח',10.00,יח',false,,23.90,2.3900,true,1,1088730
4891228430061,false,סכיני גילוח שיק אקזקטה 2 לנשים ורוד 10 יח',הנסיך- מפעל לייצור ט,CN,סכיני גילוח לנשים עם,יח',10.00,יח',false,,23.90,2.3900,true,1,1088731
4891228430085,false,סכיני גילוח שיק אקסטרים קומפורט לגבר 3 להבים 4 יחידות,אנרג'יזר Energizer,CN,סכין גילוח שיק אקסטר,יח',4.00,יח',false,,14.90,3.7250,true,1,1088732
4891228430092,false,סכיני גילוח שיק אקסטרים קומפורט לנשים 3 להבים 4 יחידות,אנרג'יזר Energizer,CN,סכיני גילוח לנשים שי,יח',4.00,יח',false,,14.90,3.7250,true,1,1088733
4903001904192,false,"רוטב סויה יאמסה פרימיום 500 מ""ל",הדקלאים אגודת שיתופי,JP,רוטב סויה יאמסה 500,מיליליטרים,500.00,"100 מ""ל",false,,17.50,0.0350,true,1,1099626
4903001904208,false,רוטב סויה פרימיום יאמסה 1 ליטר,הדקלאים אגודת שיתופי,JP,רוטב סויה פרימיום יא,ליטרים,1.00,ליטר,false,,31.90,31.9000,true,1,1099627
4903001925784,false,"רוטב סויה יאמאסה פרמיום דל מלח 500 מ""ל",הדקלאים אגודת שיתופי,JP,רוטב סויה יאמאסה פרי,מיליליטרים,500.00,"100 מ""ל",false,,17.50,0.0350,true,1,2688435
4903001930993,false,"רוטב טריאקי יאמאסה 500 מ""ל",ליימן מותגים,JP,רוטב טריאקי יאמאסה,מיליליטרים,500.00,"100 מ""ל",false,,17.50,0.0350,true,1,2867215
5000054353300,false,פריסקיז פטה סלמון 156 גר,נסטלה פורינה USA קר,US,פריסקיז פטה סלמון 15,יח',1.00,יח',false,,6.90,6.9000,true,1,8428713
5000054355700,false,פריסקיז פטה הודו 156 גרם,נסטלה פורינה USA קר,US,פריסקיז פטה הודו 1,יח',1.00,יח',false,,6.90,6.9000,true,1,8428714
5000054357100,false,פריסקיז פטה מיקס גריל 156 ג,נסטלה פורינה USA קר,US,פריסקיז פטה מיקס גר,יח',1.00,יח',false,,6.90,6.9000,true,1,8428715
5000127163195,false,דגני בוקר קלוגס ספיישל קיי 500גרם,חברת קלוגס בריטניה,GB,דגני בוקר קלוגס ספיי,גרמים,500.00,100 גרם,false,,24.90,0.0498,true,1,1088743
5000146401568,false,וולייט דפים למניעת העברת צבע 10 דפים,רקיט בנקיזר,IT,Woolite Sheets*26,יח',10.00,יח',false,,12.90,1.2900,true,1,1107441
5000157143365,false,מתבל בטעם מיונז וקטשופ היינץ 425 גרם,"פודליצקי ספ.ז.או.או,",PL,רוטב טעם מיונז וקטשו,מיליליטרים,425.00,"100 מ""ל",false,,14.90,0.0351,true,1,8214654
5000159020312,false,מלטיזרס אריזה קטנה 37 גרם,מלטיזרס Maltesers,NL,מלטיזרס חטיף 37 גרם,גרמים,37.00,100 גרם,false,,4.90,0.1324,true,1,1095010
5000159376655,false,סוכריות SKITTLES פירות קטן 38 גרם אדום,ריגלי ממתקים,CZ,סקיטלס סוכריות פירות,גרמים,38.00,100 גרם,false,,2.90,0.0763,true,1,1083482
5000159407236,false,חטיף מרס שוקולד עם ק,מרס הולנד בי.וי.,NL,חטיף מרס שוקולד עם ק,גרמים,51.00,100 גרם,false,,3.90,0.0765,true,1,1095018
5000159409179,false,מארז חטיפי מיני סניקרס Snickers,מרס הולנד בי.וי.,NL,שקית מיני גדולה סניק,גרמים,403.00,100 גרם,false,,19.90,0.0494,true,1,2631151
5000159414197,false,מלטיזרס-כדורים פריכים בציפוי שוולד חלב 135 גרם,מרס שוקולד צ.אמריקה,NL,מלטיזרס 135 גר,גרמים,135.00,100 גרם,false,,9.90,0.0733,true,1,8403515
5000159452977,false,מיקס שקית מיניס 400 גרם מרס-באונטי-טוויק,מרס הולנד בי.וי.,NL,שקית מיני גדולה מרס,גרמים,400.00,100 גרם,false,,19.90,0.0497,true,1,2631153
5000159461122,false,חטיף שוקולד סניקרס מקס קרמל 50 ג',"נארז ע""י : א.ג. גילר",NL,חטיף סניקרס שוקולד ו,גרמים,50.00,100 גרם,false,,3.90,0.0780,true,1,1095025
5000159500692,false,בקבוק סלבריישן - מבחר חטיפי מיני שוקולד,מארס,NL,בקבוק סלברשיין שוקול,גרמים,312.00,100 גרם,false,,29.90,0.0958,true,1,8281910
5000159536400,false,טוויקס מארז עשריה 99 קלוריות,מרס,NL,טוויקס סטיקס 200 גר,גרמים,200.00,100 גרם,false,,13.90,0.0695,true,1,8330926
5000159538626,false,טוויקס מארז חטיף 50 גרם חמישייה,טוויקס Twix,NL,מאגדת טוויקס חמישייה,יח',1.00,יח',false,,9.90,9.9000,true,1,8325122
5000168199245,false,שוקולד חלב מעולה בתוספת קרמל מלוח פיור גודייבה 90 ג',"אולקר מקבוצת פלאדיס, ציק",TR,גודייבה שוקולד חלב ק,יח',1.00,יח',false,,11.70,11.7000,true,1,7024706
5000204114959,false,"גלייד ארוסול בניחוח פריחה בלבן 300 מ""ל","אס.סי ג'\ונסון,מידרכט, ה",NL,גלייד ארוסול בניחוח,מיליליטרים,300.00,"100 מ""ל",false,,7.90,0.0263,true,1,8116970
5000204133509,false,זיפלוק שקיות אחסון גדולות 19 יחידות,אס.סי.גונסון ובניו,US,זיפלוק שקיות אחסון ג,יח',1.00,יח',false,,12.90,12.9000,true,1,8282818
5000204153842,false,מטהר אוויר גלייד מילוי אוטומטי וניל,המאפיה של הרמן,TR,גלייד מילוי אוטומטי,מיליליטרים,269.00,"100 מ""ל",false,,13.90,0.0517,true,1,8263601
5000204153903,false,מטהר אוויר גלייד מילוי אוטומטי מרכך כביסה,"קוסטר אירוסול ואלף סאן,",TR,גלייד מילוי אוטומטי מרכך,מיליליטרים,269.00,"100 מ""ל",false,,13.90,0.0517,true,1,8263886
5000204155723,false,"גלייד מארז אוטומטי-בניחות מרכך כביסה 269 מ""ל",קוסטר אירוסול ואלף סאן,TR,גלייד מארז אוטומטי מ,מיליליטרים,269.00,"100 מ""ל",false,,39.90,0.1483,true,1,8263602
5000204182057,false,מטהר אוויר גלייד מוצק בניחוח לבנדר,במה פולסקה אספי.זד.או.או,PL,גלייד מוצק בניחוח לב,גרמים,180.00,100 גרם,false,,11.90,0.0661,true,1,8334094
5000204657883,false,קיווי משחת נעליים בקופסא חום 50 מל,ג' אל ראיה בוגור ג'א,ID,קיווי קופסא חום (קטן) 50מ,100 מל,50.00,100 מל,false,,5.80,0.1160,true,1,1117380
5000204658125,false,קיווי נוזל לניקוי נעליים חום 75 מל,אס' סי' ג'ונסון במה,PL,קיווי קראון נוזלי מבריק ח,100 מל,75.00,100 מל,false,,14.90,0.1987,true,1,1117383
5000204658187,false,"קיווי נוזל נעליים קראון שחור 75 מ""ל",אס' סי' ג'ונסון במה,PL,קיווי קראון נוזלי מבריק ש,100 מל,75.00,100 מל,false,,14.20,0.1893,true,1,1117384
5000209145514,false,"שטיפת פה ירוק מנטה עדין נשימה רעננה קולגייט פלאקס 250 מ""ל",קולגייט- פלמוליב,BR,מי פה פלאקס אייס קול,מיליליטרים,250.00,"100 מ""ל",false,,9.90,0.0396,true,1,1088750
5000394137486,false,רביעיות סוללות אופטימום AA דורסל,פרוקטר אנד גמבל,BE,דורסל אופטימום רביעי,יח',1.00,יח',false,,17.80,17.8000,true,1,8351890
5000396037531,false,מקוויטיס ביסקוויט מצופה שוקולד חלב 200 גרם,ברנדס סרטרה נשיונל,GB,מקוויטיס ביסקוויט מצ,גרמים,200.00,100 גרם,false,,10.90,0.0545,true,1,5186389
5000396037548,false,מקוויטיס ביסקוויט מצופה שוקולד מריר 200 גרם,ברנדס סרטרה נשיונל,GB,מקוויטיס ביסקוויט מצ,גרמים,200.00,100 גרם,false,,10.90,0.0545,true,1,5186390
5000396037944,false,מקוויטיס ביסקוויט אורגינל 250 גרם,ברנדס סרטרה נשיונל,GB,מקוויטיס ביסקוויט קל,גרמים,250.00,100 גרם,false,,9.90,0.0396,true,1,5186348
5010026515919,false,מוזלי קריספי נאטי מורנפלייק 650 גרם,מורנפלייק Mornflake,GB,מוזלי קריספי נאטי 65,גרמים,650.00,100 גרם,false,,23.90,0.0368,true,1,8316178
5010026515933,false,מוזלי קריספי פירות ואגוזים מורנפלייק 750 גרם,מורנינג פוד,GB,מוזלי קריספי פירות ו,גרמים,750.00,100 גרם,false,,23.90,0.0319,true,1,8316179
5010026515940,false,מוזלי קריספי פרוטי מורנפלייק 650 גרם,מורנפלייק Mornflake,GB,מורנפלייק מוזלי פרוט,גרמים,750.00,100 גרם,false,,23.90,0.0319,true,1,8381406
5010026519368,false,מורנפלייק שיבולת שועל בשקית 500 גר,,,מורנפלייק שיבולת שוע,גרמים,500.00,100 גרם,false,,7.90,0.0158,true,1,8286632
5010029000252,false,וויטביקס תערובת דגנים מחיטה מלאה 430 גרם,וויטביקס,GB,וויטביקס תערובת דגני,גרמים,430.00,100 גרם,false,,22.90,0.0533,true,1,5567934
5010067322453,false,טרוביה תחליף אבקת סוכר 280 גרם,טרוביה Truvia,US,טרוביה תחליף אבקת סו,גרמים,280.00,100 גרם,false,,34.90,0.1246,true,1,8404211
5010123703585,false,ליסטרין שטיפת פה קולמינט 500 מל,גונסון אנד גונסון,IT,ליסטרין קולמינט 500מ,מיליליטרים,500.00,"100 מ""ל",false,,14.90,0.0298,true,1,6905767
5010182996799,false,ג'ל אסלה מנטרל ריחות בניחוח פרחי בר ורודים,דאופלור אס.פי.אי איט,IT,דאק ג'ל אסלה פרחי בר ורוד,מטרים,55.00,100 מ'ל,false,,7.30,0.1327,true,1,1117402
5010182997253,false,רייד תרסיס קוטל ג'וקים/תיקנים 300 מל,אס.סי.ג'ונסון מידרכט,NL,"RAIDקוטל ג'וקים 300מ""ל",מיליליטרים,300.00,"100 מ""ל",false,,13.90,0.0463,true,1,1117404
5010182997338,false,דאק ג'ל לניקוי אסלות בניחוח רענן 55 מל,"איטיליאן פוד, אס.פי.",IT,ט.ד ג'ל אסלה ניחוח רענן י,100 מל,55.00,100 מל,false,,7.30,0.1327,true,1,1117405
5010182997918,false,דאק ג'ל לניקוי אסלות בניחוח ים 55 מל,"איטיליאן פוד, אס.פי.",IT,ט.ד ג'ל אסלה ניחוח ים כחו,גרמים,55.00,100 גרם,false,,7.30,0.1327,true,1,1117411
5010182998847,false,דאק נוזל לניקוי אסלות בניחוח ים 750 מל,מיוצר עי קונדיטוריית,NL,"טואלט דאק נוזל כחול 750מ""",מיליליטרים,750.00,"100 מ""ל",false,,8.90,0.0119,true,1,1117412
5010182998861,false,דאק נוזל לניקוי אסלות בניחוח רענן 750 מל,מיוצר עי קונדיטוריית,NL,"טואלט דאק נוזל ירוק 750מ""",מיליליטרים,750.00,"100 מ""ל",false,,8.90,0.0119,true,1,1117413
5010327000046,false,וויסקי גרנט'ס סקוטי,"וויליאם גראנט ובניו בע""\",GB,"גרנט'ס וויסקי 70 ס""ל",מיליליטרים,700.00,"100 מ""ל",false,,74.90,0.1070,true,1,1100520
5010677551281,false,בקרדי בריזר לימון 275 בקבוק,בקרדי בריזר Bacardi Breezer,BE,בקרדי בריזר לימון 275 בקב,מיליליטרים,275.00,"100 מ""ל",false,,12.90,0.0469,true,1,1088157
5010677551397,false,"בקרדי בריזר לימון ליים 275 מ""ל",בקרדי בריזר Bacardi Breezer,BE,בקרדי בריזר לימון לי,מיליליטרים,275.00,"100 מ""ל",false,,12.90,0.0469,true,1,2743600
5010677552387,false,"בקרדי בריזר אננס 275 מ""ל בקבוק",בקרדי בריזר Bacardi Breezer,BE,בקרדי בריזר אננס 275 בקבו,מיליליטרים,275.00,"100 מ""ל",false,,12.90,0.0469,true,1,1088158
5010677554398,false,"בקרדי בריזר אבטיח 275 מ""ל בקבוק",בקרדי בריזר Bacardi Breezer,BE,בקרדי בריזר אבטיח 275 בקב,מיליליטרים,275.00,"100 מ""ל",false,,12.90,0.0469,true,1,1088159
5010677714006,false,"גין בומבאי ספייר 700 מ""ל",ג'ון דיואר ובניו,ES,בומביי ספייר 700 מל,יח',1.00,יח',false,,109.90,109.9000,true,1,8312251
5010677850100,false,וודקה גריי גוס בקבוק,בקרדי מרטיני,FR,"גרייגוס 700 מ""ל",יח',1.00,יח',false,,104.90,104.9000,true,1,7482991
5011026108033,false,"וויסקי אירי טולומור דיו 700 מ""ל",פארייפאבה אגרואינדוס,IE,טולמור דיו וויסקי אי,מיליליטרים,700.00,"100 מ""ל",false,,84.90,0.1213,true,1,3832806
5011157730271,false,אורז יסמין לבן ארוך טילדה,טילדה Tilda,GB,טילדה אורז יסמין 1 ק,גרמים,1000.00,100 גרם,false,,19.90,0.0199,true,1,8340745
5011408028034,false,"ספריי לשיער חזק מאוד לוריאל 400 מ""ל",לוריאל Loreal,FR,ספריי לשיער חזק מאוד,מיליליטרים,400.00,"100 מ""ל",false,,29.60,0.0740,true,1,1082818
5011417554760,false,"אירוויק מבשם אויר נטול גז בניחוח ורדים וארכידאה 345 מ""ל",איירוויק Air Wick,PL,"AWICK,IL,PRECIOUS SLK 12*",מיליליטרים,345.00,"100 מ""ל",false,,12.90,0.0374,true,1,1107465
5014271300429,false,"מעדן משמש 100% פרי סנטדלפור 284 גרם לל""ס",סאן דלפור - שמבור,FR,"מעדן בטעם משמש לל""ס",גרמים,284.00,100 גרם,false,,19.80,0.0697,true,1,1095644
5014271310428,false,מעדן דובדבנים שחורים ללא תוספת סוכר 284 גרם,סאן דלפור - שמבור,FR,מעדן בטעם דובדבנים ש,גרמים,284.00,100 גרם,false,,19.80,0.0697,true,1,1095645
5014271330426,false,מעדן אוכמניות כחולות ללא תוספת סוכר 284 גרם,סאן דלפור - שמבור,FR,מעדן אוכמניות כחולות,גרמים,284.00,100 גרם,false,,19.80,0.0697,true,1,1095646
5014271350424,false,מעדן ארבעה פירות ללא תוספת סוכר 284 גרם,סאן דלפור - שמבור,FR,מעדן בטעם ארבע פירות,גרמים,284.00,100 גרם,false,,19.80,0.0697,true,1,1095647
5014271360423,false,"מעדן תפוזים לל""ס סאן דלפור 284 גרם",סאן דלפור - שמבור,FR,"מעדן תפוזים לל""ס סאן",גרמים,284.00,100 גרם,false,,19.80,0.0697,true,1,1095648
5014271400426,false,"מעדן בטעם תות שדה לל""ס סאן דלפור 284 גרם",סאן דלפור - שמבור,FR,מעדן בטעם תות שדה לל,גרמים,284.00,100 גרם,false,,19.80,0.0697,true,1,1095652
5014271560427,false,מעדן תפוז וג'ינג'ר ללא סוכר סאן דלפור 284 גר,סאן דלפור - שמבור,FR,מעדן תפוז וג'ינג'ר ל,גרמים,284.00,100 גרם,false,,19.80,0.0697,true,1,1095653
5014271795980,false,מעדן חמוציות ואוכמניות ללא תוספת סוכר 284 גרם,סנדלפור St.dalfour,FR,מעדן חמוציות ואוכמני,גרמים,284.00,100 גרם,false,,19.80,0.0697,true,1,1095657
5029053534602,false,קוטקס טמפוני סופר ללא מוליך 32 יח,קימברלי קלארק,CZ,טמפונים סופר קוטקס 3,יח',32.00,יח',false,,26.20,0.8187,true,1,1100223
5035766044673,false,"סטרונגבואו גולד, סיידר תפוחים אלכוהולי, בקבוק 330 מ''ל",סטרונגבאו Strongbow,BE,סיידר תפוחים סטרונגבאו 33,מיליליטרים,330.00,"100 מ""ל",false,,7.40,0.0224,true,1,2663363
5050083559761,false,דגני בוקר קלוגס קוקו פופס שוקוס 500 גרם,קלוגס מניופקטורינג אספנה,ES,קלוגס קוקו פופס שוקוס 500,גרמים,500.00,100 גרם,false,,14.90,0.0298,true,1,1088764
5053827193368,false,דגני בוקר קלוגס ברנפלקס 500 גרם,קלוגס קומפני אוף גרייט ב,GB,דגני בוקר קלוגס ברנפ,גרמים,500.00,100 גרם,false,,21.90,0.0438,true,1,7006936
5053827215862,false,קלוגס קוקו פופס שוקו 500ג',קלוגס מניופקטורינג אספנה,GB,קלוגס קוקו פופס 500,גרמים,500.00,100 גרם,false,,18.90,0.0378,true,1,8214656
5059001003713,false,איירוויק - מקלות ריחניים בניחוח תאנה ופירות יער,רקיט בנקיזר,HU,ארוויק מקלות תאנה פ.,מטרים,30.00,100 מ'ל,false,,14.80,0.4933,true,1,8457849
5060139430647,false,BEAR יו יו חטיף פירות בטעם פטל חמישייה,דיפלומט,GB,יו יו חטיף פירות בטע,גרמים,100.00,100 גרם,false,,19.90,0.1990,true,1,8344082
5060139431033,false,BEAR יו יו חטיף פירות בטעם מנגו חמישייה,דיפלומט,GB,יו יו חטיף פירות בטע,גרמים,100.00,100 גרם,false,,19.90,0.1990,true,1,8344083
5060250343765,false,ריסס עוגיות קקאו במילוי חמאת בוטנים 96 ג,הרשיז,US,עוגיות ריזס ראונדס 9,גרמים,96.00,100 גרם,false,,9.90,0.1031,true,1,8413060
5060517886486,false,"משקה אנרגיה מונסטר אנרג'י בפחית 500 מ""ל",מונסטר אנרג'י Monster Energy,RS,משקה אנרגיה קלאסי מו,מיליליטרים,500.00,"100 מ""ל",false,,6.50,0.0130,true,1,8203859
5060517886516,false,"משקה אנרגיה מונסטר אנרג'י זירו בפחית 500 מ""ל",מונסטר אנרג'י Monster Energy,RS,משקה אנרגיה זירו מונ,מיליליטרים,500.00,"100 מ""ל",false,,6.50,0.0130,true,1,8203860
5060639128051,false,"משקה אנרגיה מונסטר אולטרה בפחית 500 מ""ל",מונסטר אנרג'י Monster Energy,RS,משקה אנרגיה אולטרה מ,מיליליטרים,500.00,"100 מ""ל",false,,6.50,0.0130,true,1,8265857
5060639129102,false,"משקה אנרגיה מונסטר אנרג'י מנגו בפחית 500 מ""ל",מונסטר אנרג'י Monster Energy,RS,משקה אנרגיה קלאסי מו,מיליליטרים,500.00,"100 מ""ל",false,,6.50,0.0130,true,1,8303730
5060751218173,false,"משקה אנרגיה מונסטר אנרג'י piplin punch בפחית 500 מ""ל",מונסטר אנרג'י לימטד,RS,משקה אנרגיה קלאסי מו,מיליליטרים,500.00,"100 מ""ל",false,,6.50,0.0130,true,1,8407475
5060751219033,false,"משקה אנרגיה מונסטר אנרג'י זירו paradise בפחית 500 מ""ל",מונסטר אנרג'י לימטד,RS,משקה אנרגיה קלאסי מו,מיליליטרים,500.00,"100 מ""ל",false,,6.50,0.0130,true,1,8407476
5099864006377,false,תחליף חלב מהדרין שלב 1 סימילאק אדוונס 90,אבוט מעבדות רפואיות,ES,SIMILAC LAMEHADRIN - 1 90,גרמים,900.00,100 גרם,false,,69.80,0.0776,true,1,1098006
5099864006384,false,סימילאק למהדרין שלב 2 אריזת חיסכון 900 ג.,אבוט מעבדות רפואיות,ES,SIMILAC LAMEHADRIN - 2 90,גרמים,900.00,100 גרם,false,,69.80,0.0776,true,1,1098007
5099864006391,false,סימילאק למהדרין שלב 3 אריזת חיסכון 900 ג,אבוט מעבדות רפואיות,ES,SIMILAC LAMEHADRIN - 3 90,גרמים,900.00,100 גרם,false,,69.80,0.0776,true,1,1098008
5099873017623,false,"וויסקי גק דניאלס טנסי אפל 700 מ""ל",ג'ק דניאלס Jack Daniel's,BE,ג'ק דניאלס טנסי אפל,יח',1.00,יח',false,,99.90,99.9000,true,1,8312270
5200133120476,false,גלילות וופלים ממולאים קרם אגוזים וקקאו 400 ג',יוניליוור גרמניה Gm,GR,גליליות וופלים גולדן,גרמים,400.00,100 גרם,false,,17.90,0.0447,true,1,6231846
5201004020338,false,קפריס וופל רול ממולא קרם אגוזי לוז 400 ג',א.ג פאפאגופולוס,GR,קפריס רול קלאסי 400,גרמים,400.00,100 גרם,false,,19.70,0.0492,true,1,3535444
5201100872596,false,לוריאל - אקסלנס קרם 9 בלונד בהיר מאוד,לוריאל Loreal,BE,אקסלנס קרם 9 בלונד ב,יח',1.00,יח',false,,34.90,34.9000,true,1,1082826
5201178801054,false,"קרם רב שימושי ניוואה 250 מ""ל",טרופיקל דגיל תעשיות,DE,קרם רב שימושי ניוואה,מיליליטרים,250.00,"100 מ""ל",false,,19.90,0.0796,true,1,1096592
5201340026704,false,טונה מעושנת פיקנטי 160 ג' TRATA,נורט אגיאוסי קנריס,GR,טונה מעושנת פיקנטי 1,גרמים,160.00,100 גרם,false,,11.90,0.0744,true,1,8360930
5201347160326,false,גל לשמירה על חיי מכונת הכביסה קלגון 750מ,רקיט בנקיזר,IT,קלגון ג'ל למניעת אבנ,מיליליטרים,750.00,"100 מ""ל",false,,29.90,0.0399,true,1,5217963
5201347400545,false,רצועות שעווה מוכנות לשימוש לפנים ולאזורים רגישים,רקיט בנקיזר צרפת,FR,Veet Blossom face Missoni,יח',20.00,יח',false,,19.90,0.9950,true,1,1107478
5201940010011,false,זיתים שחורים טבעיים בפח ויליפוד 454 גרם,סיוארס אס.איי,GR,זיתים שחורים וילי פו,גרמים,250.00,100 גרם,false,,14.30,0.0572,true,1,1098130
5202175001515,false,נאצ'וס בטעם מלוח 225 גרם,אל סבור מקסיקן פוד,TW,נאצוס בטעם מלוח 225,גרמים,225.00,100 גרם,false,,10.50,0.0467,true,1,5481710
5202175001546,false,"נאצוס בטעם ברביקיו לל""ג 225 גרם",אל סבור מקסיקן פוד,GR,נאצוס בטעם ברביקיו 2,גרמים,100.00,100 גרם,false,,9.90,0.0990,true,1,5481712
5202175002451,false,"טורטיה 25 ס""מ 4 יחידות",S Foods Mexican Sabor El,GR,"טורטיה 25 ס""מ (4 יח'",יח',4.00,יח',false,,8.90,2.2250,true,1,2611338
5202287008020,false,צלחות חד פעמיות גדולות,לפיד,,צלחות חד פעמיות גדול,יח',50.00,יח',false,,11.90,0.2380,true,1,1105831
5202287008075,false,צלחות קטנות לבן 50 יח רגיל גורי,,,צלחות קטנות לבן 50 י,יח',1.00,יח',false,,8.90,8.9000,true,1,3995381
5202390021121,false,קרמי אוריגינל טבעוני ויולייף 150 גר,ביוט איילנד פודס בעמ,GR,קרמי אורגינל טבעוני,גרמים,150.00,100 גרם,false,,18.80,0.1253,true,1,7183982
5292982024463,false,הכדור הרשמי – MONDIAL,,,הכדור הרשמי – MONDIA,יח',1.00,יח',false,,39.90,39.9000,true,1,8476207
5292982024821,false,הכדור הרשמי – MONDIAL,,,הכדור הרשמי – MONDIA,יח',1.00,יח',false,,39.90,39.9000,true,1,8476208
5391523057929,false,סימילאק גולד שלב 1 תרכובת מזון על בסיס חלב,אבוט מעבדות רפואיות,IE,סימילאק גולד שלב 1 7,גרמים,700.00,100 גרם,false,,69.80,0.0997,true,1,6284279
5391523057936,false,סימילאק גולד שלב 2 תרכובת מזון על בסיס חלב,אבוט מעבדות רפואיות,IE,סימילאק גולד שלב 2 7,גרמים,700.00,100 גרם,false,,69.80,0.0997,true,1,6284280
5391523057943,false,סימילאק גולד שלב 3 תרכובת מזון על בסיס חלב,אבוט מעבדות רפואיות,IE,סימילאק גולד שלב 3 7,גרמים,700.00,100 גרם,false,,69.80,0.0997,true,1,6284281
5391523058063,false,סימילאק אדבנס פלוס 1 תרכובת מזון על בסיס חלב,טרופיקל דגיל תעשיות,IE,סימילאק אדוונס פלוס,גרמים,700.00,100 גרם,false,,64.80,0.0926,true,1,6618899
5391523058087,false,סימילאק אדבנס פלוס 2 תרכובת מזון על בסיס חלב,טרופיקל דגיל תעשיות,IE,סימילאק אדוונס פלוס,גרמים,700.00,100 גרם,false,,64.80,0.0926,true,1,6618901
5410091678005,false,"סאיוס - ספריי לשיער ליצירת נפח 400 מ""ל",שוורצקוף,DE,סאיוס ספריי ווליום ל,מיליליטרים,400.00,"100 מ""ל",false,,27.90,0.0697,true,1,1087565
5410091708955,false,"סאיוס - ספריי לשיער קרטין 400 מ""ל",שוורצקופף והנקל,DE,סאיוס ספריי שיין אנד,מיליליטרים,400.00,"100 מ""ל",false,,27.90,0.0697,true,1,2663289
5410103161518,false,קרם יום עם פעולה משולשת לעור רגיל ומעורב,"לוריאל ישראל בע""מ",DE,דרמו פעולה משולשת רג,מטרים,50.00,100 מ'ל,false,,44.90,0.8980,true,1,1082850
5410103161617,false,קרם יום עם פעולה משולשת Triple active לעור יבש ועדין,"לוריאל ישראל בע""מ",DE,דרמו פעולה משולשת יב,מטרים,50.00,100 מ'ל,false,,44.90,0.8980,true,1,1082851
5410126006087,false,עוגיות לוטוס ארוזות בתפזורת 700 גרם,לוטוס ביקרי נ.וי.,BE,עוגיות לוטוס 700 גרם,גרמים,700.00,100 גרם,false,,19.90,0.0284,true,1,1680534
5410126106183,false,עוגיות לוטוס 50 יחידות ארוזות בנפרד 312 גרם,כלורוקס אוקלנד,BE,"ביסקויט קרמל 312 גרם בד""צ",גרמים,312.00,100 גרם,false,,16.80,0.0538,true,1,1099013
5410126116953,false,ממרח ביסקוויט קרמל לוטוס 400 גרם,לוטוס בייקרי בלגיה נ,BE,ממרח עוגיות לוטוס קרמל,גרמים,400.00,100 גרם,false,,19.90,0.0497,true,1,1099015
5410126666038,false,"ביסקוויט קרמל לוטוס 279 גרם בד""צ",לוטוס ביקרי נ.וי.,BE,עוגיות לוטוס 279 גר,גרמים,279.00,100 גרם,false,,9.90,0.0355,true,1,6778049
5410126716016,false,"עוגיות לוטוס ביסקויט קרמל בד""צ 250 גרם",לוטוס ביקרי בלגיה,BE,ביסקויט בטעם קרמל לוטוס 2,גרמים,250.00,100 גרם,false,,10.90,0.0436,true,1,1099016
5410126726947,false,ממרח ביסקוויט קרמל קראנץ' לוטוס 380 גרם,לוטוס בייקרי בלגיה נ,BE,ממרח עוגיות לוטוס קראנץ',גרמים,380.00,100 גרם,false,,19.90,0.0524,true,1,2653017
5410173210055,false,רומבוטס קפה קלוי וטחון לפילטר 10 יח' 70 גרם,קופי רומבוטס,BE,רומבוסט קפה טחון וקל,גרמים,70.00,100 גרם,false,,14.90,0.2129,true,1,1099633
5410228144755,false,"בירה סטלה ארטואה שישייה בקבוק 330 מ""ל",מבשלות בירה בינלאומיות ב,IL,בירה סטלה שישייה 33,ליטרים,1.98,ליטר,false,,24.90,12.5758,true,1,1084231
5410228267515,false,"שישיית בירה לאגר באדוויזר 6*330 מ""ל",באדווייזר Budweiser,GB,בירה בדוויזר שישייה,יח',1.00,יח',false,,29.90,29.9000,true,1,7893069
5410291021991,false,ממרח אגוזי לוז עם קקאו צוקטה 700 גרם,צ'וקטה Chocketa,BE,צוקטה ממרח אגוזי לוז,גרמים,700.00,100 גרם,false,,19.80,0.0283,true,1,3302748
5410291022011,false,ממרח אגוזי לוז עם קקאו 350 גרם חלב נכרי,צ'וקטה Chocketa,BE,צוקטה ממרח אגוזי לוז,גרמים,350.00,100 גרם,false,,11.80,0.0337,true,1,3302749
5410291022738,false,צ'וקטה ממרח חלב ואגוזי לוז עם קקאוי 350ג',צ'וקטה Chocketa,BE,ממרח אגוזים צוקטה 35,גרמים,350.00,100 גרם,false,,11.80,0.0337,true,1,4097434
5410316983693,false,"סמירנוף אייס בקבוק 275 מ""ל",סמירנוף אייס Smirnoff ice,IT,"אייס סמירנוף 275 מ""ל",מיליליטרים,275.00,"100 מ""ל",false,,11.70,0.0425,true,1,1084235
5410769100081,false,"בירה לה שוף קטן 330 מ""ל בקבוק","איי, בי, אינבוו",BE,בירה לה שוף קטן 330,מיליליטרים,330.00,"100 מ""ל",false,,13.90,0.0421,true,1,5472087
5410769200088,false,"בירה מק שוף קטן 330 מ""ל בקבוק",פארייפאבה אגרואינדוס,BE,בירה מק שוף קטן 330,מיליליטרים,330.00,"100 מ""ל",false,,13.90,0.0421,true,1,5472088
5410769800097,false,"בירה לה צרי שוף 8% 330 מ""ל בקבוק",פארייפאבה אגרואינדוס,BE,בירה צ'רי שוף 8% 330,מיליליטרים,330.00,"100 מ""ל",false,,13.90,0.0421,true,1,5472089
5411081003654,false,"קסטיל בירה רוז 330 מ""ל",מבשלת קסטל ואן הונסב,BE,קסטיל בירה רוז 330 מ,מטרים,330.00,100 מ'ל,false,,11.90,0.0361,true,1,8470967
5411188080268,false,"אלפרו סויה אורגני 1 ל מפוקח ע""י סקאל",הנסיך- מפעל לייצור ט,BE,אלפרו משקה סויה אורג,ליטרים,1.00,ליטר,false,,12.90,12.9000,true,1,1097106
5411188094159,false,רביעיית מעדן סויה שוקו מריר אלפרו 125 גרם,הנסיך- מפעל לייצור ט,BE,אלפרו מעדן סויה בטעם,מיליליטרים,500.00,"100 מ""ל",false,,15.90,0.0318,true,1,1088767
5411188094173,false,רביעיה מעדן סויה טעם קרמל 125 ג' אלפרו,אלפרו,BE,אלפרו מעדן סויה בטעם,גרמים,100.00,100 גרם,false,,16.90,0.1690,true,1,4544775
5411188106159,false,אלפרו סויה לייט מופחת שומן 1.2% 1 ליטר,הנסיך- מפעל לייצור ט,BE,משקה סויה לייט אלפרו,ליטרים,1.00,ליטר,false,,11.90,11.9000,true,1,2645937
5411188110835,false,אלפרו חלב סויה שקדים וניל 1ל',הנסיך- מפעל לייצור ט,BE,אלפרו משקה שקדים 1 ל,ליטרים,1.00,ליטר,false,,12.90,12.9000,true,1,1088774
5411188112709,false,"משקה קוקוס אלפרו 1 ליטר משקה שקדים לל""ס",הנסיך- מפעל לייצור ט,BE,משקה שקדים אלפרו ללת,ליטרים,1.00,ליטר,false,,12.90,12.9000,true,1,2698228
5411188115366,false,משקה קוקוס אלפרו 1 ליטר משקה שיבולת שועל 1 ליטר,הנסיך- מפעל לייצור ט,BE,אלפרו משקה שיבולת שו,ליטרים,1.00,ליטר,false,,12.90,12.9000,true,1,2645416
5411188115434,false,משקה אלפרו בריסטה סויה 1 ליטר,אלפרו C.V.A,BE,אלפרו בריסטה סויה 1,ליטרים,1.00,ליטר,false,,13.90,13.9000,true,1,8386867
5411188115472,false,משקה סויה אלפרו 1 ליטר,הנסיך- מפעל לייצור ט,BE,אלפרו חלב סויה 1 לי,יח',1.00,יח',false,,11.90,11.9000,true,1,8269581
5411188118732,false,משקה אלפרו קוקוס ושקדים 1 ליטר,הנסיך- מפעל לייצור ט,BE,אלפרו משקה קוקוס שקד,ליטרים,1.00,ליטר,false,,13.90,13.9000,true,1,2845995
5411188120742,false,משקה קוקוס אלפרו 1 ליטר שקדים וניל 1 ל',הנסיך- מפעל לייצור ט,BE,אלפרו משקה שקדים בטע,ליטרים,1.00,ליטר,false,,12.90,12.9000,true,1,2845996
5411188121923,false,"משקה סויה מועשר סידן אלפרו 3*250 מ""ל",הנסיך- מפעל לייצור ט,BE,משקה סויה מועשר סידן,מיליליטרים,750.00,"100 מ""ל",false,,14.80,0.0197,true,1,5886037
5411188124689,false,משקה אלפרו שיבולת שועל ללא סוכר 1 ליטר,אלפרו C.V.A,BE,אלפרו משקה שיבולת שו,ליטרים,1.00,ליטר,false,,12.90,12.9000,true,1,8280953
5411188124726,false,אלפרו משקה שיבולת שועל שקדים 1 ליטר,הדקלאים אגודת שיתופי,BE,אלפרו משקה שיבולת שו,ליטרים,1.00,ליטר,false,,12.90,12.9000,true,1,5583571
5411188127697,false,אלפרו משקה בריסטה שיבולת שועל 1 ליטר,הנסיך- מפעל לייצור ט,BE,אלפרו בריסטה שיבולת,ליטרים,1.00,ליטר,false,,10.90,10.9000,true,1,8269582
5411188129899,false,משקה אלפרו בריסטה שקדים 1 ליטר,הנסיך- מפעל לייצור ט,BE,אלפרו בריסטה שקדים 1,ליטרים,1.00,ליטר,false,,10.90,10.9000,true,1,8269583
5411188134985,false,אלפרו 3.5% NOT M*LK שיבולת שועל 1 ליטר בית יוסף,הנסיך- מפעל לייצור ט,BE,אלפרו 3.5% שיבולת שו,גרמים,1000.00,100 גרם,false,,13.90,0.0139,true,1,8338701
5411188135005,false,אלפרו 1.8% NOT M*LK שיבולת שועל 1 ליטר בית יוסף,הנסיך- מפעל לייצור ט,BE,אלפרו 1.8% שיבולת שו,גרמים,1000.00,100 גרם,false,,13.90,0.0139,true,1,8338702
5411188300328,false,אלפרו סויה שוקו 1 ליטר * 8 יחי,הנסיך- מפעל לייצור ט,BE,אלפרו משקה סויה שוקו,ליטרים,1.00,ליטר,false,,11.90,11.9000,true,1,1088777
5411188513483,false,"סויה לבישול 14% שומן אלפרו 250 מ""ל",אלפרו C.V.A,BE,אלפרו סויה לבישול 14,מטרים,250.00,100 מ'ל,false,,7.90,0.0316,true,1,8374529
5411188543398,false,משקה סויה ללא סוכר אלפרו 1 ליטר,הנסיך- מפעל לייצור ט,BE,אלפרו חלב סויה ללא ס,יח',1.00,יח',false,,11.90,11.9000,true,1,8269584
5411616143244,false,"בירה לוקסוס 8.5% פחית 500 מ""ל",,,בירה לוקסוס 8.5%,מטרים,500.00,100 מ'ל,false,,7.50,0.0150,true,1,8440906
5411681014005,false,בירה דובל 330 מל פקד,פארייפאבה אגרואינדוס,IL,דובל בירה 8.5% 330 מ,מיליליטרים,330.00,"100 מ""ל",false,,12.90,0.0391,true,1,2862254
5411681038001,false,"מרדסו מעורפלת מאוד330מ""ל","איי, בי, אינבוו",BE,מרדסו בירה חזקה 10%,מיליליטרים,330.00,"100 מ""ל",false,,12.90,0.0391,true,1,2862255
5413149922907,false,"אבקת כביסה קולור וסטייל 5 ק""ג אריאל",פרוקטר אנד גמבל,TR,אבקת כביסה אריאל קול,100 לקג,5.00,100 לקג,false,,34.50,6.9000,true,1,1107153
5413149922938,false,"אריאל אבקת כביסה שושן צחור, 5 ק""ג",פרוקטר אנד גמבל,TR,אבקת כביסה אריאל שוש,100 לקג,5.00,100 לקג,false,,34.50,6.9000,true,1,1107154
5413548280189,false,קינדר שוקו בון 1 יחידות 125 גרם,פררו - אלבה,BE,קינדר שוקובון 125 גר,גרמים,125.00,100 גרם,false,,11.90,0.0952,true,1,1099639
5449000000996,false,פחית קולה בלז (פירוק של 9272 ),קוקה קולה אירופה,GB,"קוקה קולה פחית 330מ""",מטרים,4950.00,100 מ'ל,false,,39.90,0.0081,true,1,8429777
5566774568870,false,"סיר מיני שף 14 ס""מ",,,"סיר מיני שף 14 ס""מ",יח',1.00,יח',false,,29.90,29.9000,true,1,5282790
5566774568894,false,מכסה פלא אוניברסלי,,,מכסה פלא אוניברסלי,יח',1.00,יח',false,,29.90,29.9000,true,1,5123993
5566774568900,false,מכסה פלא אוניברסלי,,,מכסה פלא אוניברסלי,יח',1.00,יח',false,,39.90,39.9000,true,1,5123994
5566774569099,false,כותש שום אגרונומי,,,כותש שום אגרונומי,יח',1.00,יח',false,,19.90,19.9000,true,1,6260110
5566774569198,false,קולפן פטנט 3 מצבים,,,קולפן פטנט 3 מצבים,יח',1.00,יח',false,,19.90,19.9000,true,1,6260120
5566774569419,false,מפצל חשמל ל-3,,,מפצל חשמל ל-3,יח',1.00,יח',false,,9.90,9.9000,true,1,6750341
5566774569884,false,סט מאגים גמבו,,,*מבצע* סט מאגים גמבו,יח',1.00,יח',false,,14.90,14.9000,true,1,7630985
5566774570026,false,צידנית מתקפלת איכותית רמי לוי,,,צידנית מתקפלת איכותי,יח',1.00,יח',false,,19.90,19.9000,true,1,7645942
5566774570385,false,מסננת איכותית 7.5 איכותית,,,מסננת איכותית 7.5 אי,יח',1.00,יח',false,,12.90,12.9000,true,1,8135900
5566774570439,false,פורס ביצה משובח,,,פורס ביצה משובח,יח',1.00,יח',false,,14.90,14.9000,true,1,8135905
5566774570514,false,"סיר יציקה משובח 24 ס""מ",,,סיר יציקה משובח 24 ס,יח',1.00,יח',false,,49.90,49.9000,true,1,8217757
5566774570569,false,"סיר יציקה משובח 26 ס""מ",,,סיר יציקה משובח 26 ס,יח',1.00,יח',false,,69.90,69.9000,true,1,8217758
5566774570590,false,סט 2 משטחי במבוק,,,סט 2 משטחי במבוק,יח',1.00,יח',false,,29.90,29.9000,true,1,8216735
5566774570675,false,מיני ווק,,,*מבצע* מיני ווק,יח',1.00,יח',false,,19.90,19.9000,true,1,8216736
5566774570682,false,מחבת לפנקייק משובחת,,,מחבת לפנקייק +מקל,יח',1.00,יח',false,,39.90,39.9000,true,1,8216737
5566774570781,false,רבעיית מברשות שיניים סיבי פחם רמי לוי,,,רבעיית מברשות שיניים,יח',1.00,יח',false,,9.90,9.9000,true,1,8267890
5566774570798,false,רבעיית מברשות שיניים סיבי זהב ופחם רמי לוי,,,רבעיית מברשות שיניים,יח',1.00,יח',false,,9.90,9.9000,true,1,8267891
5566774570804,false,רבעיית מברשות שיניים ניקוי מלא ועמוק שקוף רמי לוי,,,רבעיית מברשות שיניים,יח',1.00,יח',false,,9.90,9.9000,true,1,8267892
5566774570811,false,רבעיית מברשות שיניים ניקוי מלא ועמוק לבן רמי לוי,,,רבעיית מברשות שיניים,יח',1.00,יח',false,,9.90,9.9000,true,1,8267893
5566774570828,false,זוג מברשות שיניים סיבי זהב ופחם רמי לוי,,,זוג מברשות שיניים סי,יח',1.00,יח',false,,9.90,9.9000,true,1,8267894
5566774570866,false,ספוג רחצה פירות רמילוי,,,ספוג רחצה פירות רמיל,יח',1.00,יח',false,,4.90,4.9000,true,1,8253419
5566774570873,false,רפפת רחצה רמילוי,,,רפפת רחצה רמילוי,יח',1.00,יח',false,,7.90,7.9000,true,1,8253420
5566774570880,false,מברשת רחצה רמילוי,,,מברשת רחצה רמילוי,יח',1.00,יח',false,,14.90,14.9000,true,1,8253421
5566774570897,false,ליפה רמילוי,,,ליפה רמילוי,יח',1.00,יח',false,,8.90,8.9000,true,1,8253422
5566774570910,false,ספוג רחצה דו צדדי זוג רמילוי,,,ספוג רחצה דו צדדי זו,יח',1.00,יח',false,,8.90,8.9000,true,1,8253424
5566774571122,false,סכין רב שימושית משובחת,,,סכין רב שימושית משוב,יח',1.00,יח',false,,9.90,9.9000,true,1,8252195
5566774571245,false,צלחת אופאל איכותית XL,,,צלחת אופאל איכותית X,יח',1.00,יח',false,,7.90,7.9000,true,1,8294521
5566774571825,false,"מחבת ווד אדישן מקצועית 20 ס""מ",,,מחבת ווד אדישן מקצוע,יח',1.00,יח',false,,39.90,39.9000,true,1,8268793
5566774572013,false,קנקן תה משובח,,,קנקן תה משובח,יח',1.00,יח',false,,39.90,39.9000,true,1,8287607
5566774572136,false,קוצץ ירקות משובח,,,קוצץ ירקות משובח,יח',1.00,יח',false,,59.90,59.9000,true,1,8273903
5566774572143,false,פומפיית פלא מסתובבת,,,פומפיית פלא מסתובבת,יח',1.00,יח',false,,79.90,79.9000,true,1,8273904
5566774572204,false,פלנצה גריל פרימיום יציקה,,,פלנצה גריל פרימיום י,יח',1.00,יח',false,,119.90,119.9000,true,1,8284323
5566774572228,false,קוצץ ירקות משובח פרימיום,,,קוצץ ירקות משובח פרי,יח',1.00,יח',false,,39.90,39.9000,true,1,8284325
5566774572457,false,יעה מוט מתקפל איטלקי,,,יעה מוט מתקפל איטלקי,יח',1.00,יח',false,,14.90,14.9000,true,1,8288867
5566774572464,false,עגלת שוק רמי לוי,,,עגלת שוק רמי לוי,יח',1.00,יח',false,,39.90,39.9000,true,1,8288868
5566774572488,false,זוג מברשות שיניים רמי לוי,,,זוג מברשות שיניים רמ,יח',1.00,יח',false,,9.90,9.9000,true,1,8293000
5566774572495,false,משטח משובח לחיתוך והגשה,,,משטח משובח לחיתוך וה,יח',1.00,יח',false,,29.90,29.9000,true,1,8286288
5566774572754,false,משטח במבוק עגול להגשה וחיתוך,,,משטח במבוק עגול להגש,יח',1.00,יח',false,,24.90,24.9000,true,1,8316432
5566774572846,false,דשא סינטטי 1.5X3,,,דשא סינטטי 1.5X3,יח',1.00,יח',false,,79.90,79.9000,true,1,8301708
5566774573119,false,"מתקן לתליה למייבש שיער רב שימושי,",,,מתקן לתליה למייבש שי,יח',1.00,יח',false,,29.90,29.9000,true,1,8335371
5566774573249,false,מראה רב שימושית עם ואקום איכותי לתליה ללא קידוח,,,מראה רב שימושית עם ו,יח',1.00,יח',false,,19.90,19.9000,true,1,8335346
5566774573720,false,צנצנת זכוכית עם מכסה 1200 ML,,,צנצנת זכוכית עם מכסה,יח',1.00,יח',false,,14.90,14.9000,true,1,8355050
5566774573744,false,רב שקע 5+מפסק+כבל עד 1מ,,,רב שקע 5+מפסק+כבל עד,יח',1.00,יח',false,,34.90,34.9000,true,1,8346758
5566774573782,false,מפצל חשמל 1ל 2 בליסטר,,,מפצל חשמל 1ל 2 בליסט,יח',1.00,יח',false,,7.90,7.9000,true,1,8346762
5566774573928,false,מגרדת משובחת עם מיכל,,,מגרדת משובחת עם מיכל,יח',1.00,יח',false,,29.90,29.9000,true,1,8360361
5566774573973,false,פותחן אלקטרוני ליין,,,פותחן אלקטרוני ליין,יח',1.00,יח',false,,29.90,29.9000,true,1,8360362
5566774574000,false,דרגש מעוצב,,,דרגש מעוצב,יח',1.00,יח',false,,19.90,19.9000,true,1,8346435
5566774574222,false,שישיית כוסות קלאסית,,,שישיית כוסות קלאסיק,יח',1.00,יח',false,,17.90,17.9000,true,1,8372475
5566774574260,false,תבנית הפלא לתנור,,,תבנית הפלא לתנור,יח',1.00,יח',false,,59.90,59.9000,true,1,8370291
5566774574291,false,סיר לפסטה,,,סיר לפסטה,יח',1.00,יח',false,,49.90,49.9000,true,1,8438154
5601008200444,false,עוגיות גודיס טבעות מצופות שוקולד חלב מרבה 150 גרם,הנסיך- מפעל לייצור ט,PT,עוגיות גודיס טבעות מ,גרמים,150.00,100 גרם,false,,5.80,0.0387,true,1,1099020
5601008200451,false,עוגיות גודיס טבעות מצופות שוקולד מריר מרבה 150 גרם,מרבה Merba,PT,עוגיות גודיס טבעות מ,גרמים,150.00,100 גרם,false,,5.80,0.0387,true,1,1099021
5601008200468,false,עוגיות גודיס טבעות מצופות שוקולד לבו מרבה 150 גרם,קריניציה ויטמינה אס,PT,עוגיות גודיס טבעות מ,גרמים,150.00,100 גרם,false,,5.80,0.0387,true,1,1099022
5601036205541,false,צבע לשיער אקסלנס קרם - 3 חום כהה מאוד,לוריאל Loreal,BE,אקסלנס קרם 3 חום כהה,יח',1.00,יח',false,,34.90,34.9000,true,1,1082857
5601036205558,false,צבע לשיער אקסלנס קרם - 4 חום כהה,לוריאל Loreal,BE,אקסלנס קרם 4 חום כהה,יח',1.00,יח',false,,34.90,34.9000,true,1,1082858
5601036205572,false,לוריאל - אקסלנס קרם 4.54 חום מהגוני נחושתי,ליברמו,BE,אקסלנס קרם 4.54 חום,יח',1.00,יח',false,,34.90,34.9000,true,1,1082860
5601036205589,false,צבע לשיער אקסלנס קרם - 5 חום טבעי,לוריאל Loreal,BE,אקסלנס קרם 5 חום טבע,יח',1.00,יח',false,,34.90,34.9000,true,1,1082861
5601036205664,false,לוריאל - אקסלנס קרם 7.1 בלונד טבעי אפרפר,ליברמו,BE,אקסלנס קרם 7.1 בלונד,יח',1.00,יח',false,,34.90,34.9000,true,1,1082867
5601036205695,false,לוריאל - אקסלנס קרם 8.1 בלונד בהיר אפרפר,ליברמו,BE,אקסלנס קרם 8.1 בלונד,יח',1.00,יח',false,,34.90,34.9000,true,1,1082870
5601217129420,false,וולייט דפים למניעת העברת צבע 20 יחידות,רקיט בן קיזר,IT,וולייט דפים 20 יח,יח',20.00,יח',false,,19.90,0.9950,true,1,5218202
5694230523337,false,שימורי דג שיבוט במיץ טבעי,,,שימורי דג שיבוט במיץ,גרמים,120.00,100 גרם,false,,9.90,0.0825,true,1,8483231
5701932026971,false,הוטפופ גרעיני תירס להכנת פופקורן במיקרוגל בטעם חמאה 600 גרם,ליימן מותגים,US,פופקורן למיקרוגל בטע,גרמים,600.00,100 גרם,false,,14.80,0.0247,true,1,1099641
5701932026995,false,"הוטפופ גרעיני תירס להכנת פופקורן במיקרוגל בטעם טבעי מופחת שומן, 510 גרם",קריניציה ויטמינה אס,US,פופקורן למיקרוגל ליי,גרמים,510.00,100 גרם,false,,14.80,0.0290,true,1,1099642
5705550300963,false,ביצי דג שיבוט 200 גרם יורו פוד,אמנדה סיפודס,DK,ביצי דג שיבוט 200 גר,גרמים,200.00,100 גרם,false,,10.90,0.0545,true,1,8301657
5706516031358,false,פופקורן להכנה במיקרוגל בטעם טבעי מופחת שומן 5 שקיות,ליימן מותגים,US,פופקורן למיקרוגל מופ,גרמים,160.00,100 גרם,false,,14.80,0.0925,true,1,1099643
5708209201611,false,טורטיה מקמח חיטה 20 אנטיקה קנטינה 320 גרם,לייטון פודס-קנטינה,DK,טורטיה מקמח חיטה קוטר 20,גרמים,340.00,100 גרם,false,,15.90,0.0468,true,1,1099024
5711953106583,false,גבינת שמנת בטעם טבעי 200 גרם ארלה,ארלה פודס אמבה,DK,ארלה גבינת שמנת טבעי,גרמים,200.00,100 גרם,false,,13.80,0.0690,true,1,7881493
5711953106590,false,גבינת שמנת ארלה שמנת שום 200 גרם,ארלה פודס אמבה,DK,ארלה גבינת שמנת ושום,גרמים,200.00,100 גרם,false,,13.80,0.0690,true,1,7881494
5711953106606,false,גבינת שמנת עם תבלינים ועשבי תיבול 23.5%,ארלה פודס אמבה,DK,ארלה גבינת שמנת עשבי,גרמים,200.00,100 גרם,false,,13.80,0.0690,true,1,7881495
5711953148347,false,"גבינת שמנת טבעי ארלה, 300 גרם",ארלה,DK,גבינת שמנת ארלה 300ג,גרמים,300.00,100 גרם,false,,19.50,0.0650,true,1,8475291
5740900403215,false,ממרח מחמאת לורפק עם מלח 250 ג',ארלה פודס אמבה,DK,ממרח לורפק עם מלח 25,גרמים,250.00,100 גרם,false,,13.70,0.0548,true,1,6917755
5740900403222,false,ממרח לורפק חמאה עם מלח מופחת שומן 250 ג,ארלה פודס אמבה,DK,ממרח לורפק 250 גר,גרמים,250.00,100 גרם,false,,13.70,0.0548,true,1,6917756
5740900403239,false,ממרח לורפק ללא תוספת מלח 250 גר,ארלה פודס אמבה,DK,ממרח לורפק ללא תוספת,גרמים,250.00,100 גרם,false,,13.70,0.0548,true,1,6917757
5740900403246,false,ממרח לורפק ללא תוספת מלח 500 גר,ארלה פודס אמבה,DK,ממרח לורפק ללא תוספת,גרמים,500.00,100 גרם,false,,27.90,0.0558,true,1,6917758
5740900403253,false,ממרח מחמאת לורפק עם מלח 500 ג',ארלה פודס אמבה,DK,ממרח לורפק עם מלח 50,גרמים,500.00,100 גרם,false,,27.90,0.0558,true,1,6917759
5740900403260,false,ממרח מחמאת לורפק ללא מלח 27% פחות שומן,ארלה פודס אמבה,DK,ממרח לורפק ללא תוספת,גרמים,250.00,100 גרם,false,,13.70,0.0548,true,1,6917760
5765220190379,false,בלוני אותיות יום הולדת שמח,,,בלוני אותיות יום הול,יח',1.00,יח',false,,24.90,24.9000,true,1,8360075
5765220190386,false,ערכת בלונים זהב יום הולדת שמח,,,בלוני אותיות יום הול,יח',1.00,יח',false,,24.90,24.9000,true,1,8360076
5765220190393,false,בלוני מספרים מ 9-0 מידה 16 אינץ,,,בלוני מספרים מ0-9 מי,יח',1.00,יח',false,,4.90,4.9000,true,1,8360077
5765220190409,false,נרות מספרים יום הולדת צבעוני,,,נרות מספרים יום הולד,יח',1.00,יח',false,,2.90,2.9000,true,1,8360078
5765220190416,false,נרות מספרים מקושט לירון,,IL,נרות מספרים מקושט,יח',1.00,יח',false,,6.90,6.9000,true,1,8360079
5900020012814,false,דגנים תפוחים בטעם שוקולד נסקוויק נסטלה 500 גרם,מיוצר עי קונדיטוריית,PL,דגנים תפוחים בטעם שו,גרמים,500.00,100 גרם,false,,25.60,0.0512,true,1,1091005
5900020015174,false,פיטנס חטיפי אנרגיה דגנים בטעם שוקולד נסטלה 6*23.5 גרם,מיוצר עי קונדיטוריית,PL,פיטנס חטיפי אנרגיה ד,גרמים,141.00,100 גרם,false,,9.60,0.0681,true,1,1091006
5900020018908,false,פיטנס חטיפי אנרגיה דגנים בטעם קרם עוגיות נסטלה 6*23.5 גרם,מיוצר עי קונדיטוריית,PL,פיטנס חטיפי אנרגיה ד,גרמים,141.00,100 גרם,false,,9.60,0.0681,true,1,1091015
5900020024770,false,פיטנס - דליס חטיף דגנים שוקולד אגוז 22.50 גרם * 6,נסטלה פולין ברים,PL,פיטנס בר דליס שוקלד,גרמים,135.00,100 גרם,false,,9.60,0.0711,true,1,2784471
5900020024817,false,פיטנס דליס Fitness Delice חטיף דגנים עם שוקולד לבן,נסטלה פולין ברים,PL,פיטנס בר דליס שוקולד,גרמים,135.00,100 גרם,false,,9.60,0.0711,true,1,2764740
5900020025647,false,חטיף דגנים פיטנס שוקולד חלב 135 גרם מארז 6 יחידות,מיוצר עי קונדיטוריית,PL,פיטנס בר דליס שוקולד,גרמים,135.00,100 גרם,false,,9.60,0.0711,true,1,2764742
5900020026552,false,דגני בוקר האני נאט צ'יריוס בטעם דבש ושקדים,נסטלה צרפת איטנקורט,FR,האני נאט ציריוס 625,גרמים,625.00,100 גרם,false,,23.90,0.0382,true,1,3180563
5900020031877,false,נסטלה האני ציריוס חטיף דגני בוקר שישייה,נסטלה פולין דגני בוק,PL,צ'יריוס האני חטיף דג,גרמים,132.00,100 גרם,false,,9.60,0.0727,true,1,6508135
5900020033314,false,חטיף דגני בוקר Lion בטעם קרמל ושוקולד על קרם חלב,נסטלה פולין דגני בוק,PL,ליון חטיף דגנים מאגד,יח',1.00,יח',false,,9.60,9.6000,true,1,6981815
5900020034021,false,חטיף דגנים פיטנס שוקולד בננה 141 גרם,מיוצר עי קונדיטוריית,PL,חטיף דגנים פיטנס שוק,גרמים,141.00,100 גרם,false,,9.60,0.0681,true,1,7477695
5900020036407,false,ליון דגני בוקר שוקולד וקרמל נסטלה 480 גרם,נסטלה פולין דגני בוק,PL,ליון דגני בוקר שוקול,גרמים,480.00,100 גרם,false,,23.90,0.0498,true,1,8214401
5900020039620,false,פיטנס חטיף דגנים שקדים ודבש פרווה 8 6*23 ג,נסטלה פולין ברים,PL,פיטנס חטיף דגנים שקד,גרמים,141.00,100 גרם,false,,9.60,0.0681,true,1,8357685
5900020041142,false,קורנפלקס פיטנס 500 ג' אסם,נסטלה צרפת איטנקורט,PL,פיטנס קורנפלקס 500 ג,גרמים,500.00,100 גרם,false,,12.90,0.0258,true,1,8468224
5900352001814,false,שוקולד גלרטקה תפוז מלה 190 גרם,יעד ממתקים,,גלרטקה שוקולד תפוז 1,גרמים,190.00,100 גרם,false,,7.90,0.0416,true,1,1101894
5900352002866,false,חטיף שוקולד אליבי מק,אליבי מקס Alibi Max,,חטיפי אליבי שלישיות,גרמים,147.00,100 גרם,false,,2.50,0.0170,true,1,1101897
5900394009762,false,וופל אידיליה 47 גרם,,,וופל אידיליה 47 גר,יח',1.00,יח',false,,2.00,2.0000,true,1,8403817
5900617035882,false,חטיף חלבון נוטרישיין בטעם שוקולד,סיטי תוספי מזון,PL,חטיף פרוטאין 33 שוקו,יח',1.00,יח',false,,9.90,9.9000,true,1,8363791
5900617035905,false,גו און חטיף חלבון עם קרמל ובוטנים ללא סוכר 50 ג',סיטי תוספי מזון,PL,חטיף פרוטאין 33 קרמל,יח',1.00,יח',false,,9.90,9.9000,true,1,8363792
5900617035929,false,חטיף חלבון נוטרישיין בטעם וניל תות יער,סיטי תוספי מזון,PL,חטיף פרוטאין 33 וניל,יח',1.00,יח',false,,9.90,9.9000,true,1,8363793
5900627066715,false,טבליות למדיח פיניש הכל ב-1 100 יח,רקיט בנקיזר,PL,פיניש 100 טבליות,100 יח',100.00,100 יח',false,,58.90,0.5890,true,1,4149226
5900951283963,false,חטיף סניקרס עם חמאת בוטנים Creamy Peanut Butter,סנו מפעלי ברונוס.,PL,חטיף סניקרס קרימי חמ,יח',1.00,יח',false,,3.90,3.9000,true,1,8345756
5901414200411,false,בלזן היט מיני ביסקוויט סנדוויץ' עם מילוי קרם בטעם שוקולד 130 גרם,ליימן שליסל,PL,עוגיות סנדוויץ' בטעם,גרמים,130.00,100 גרם,false,,5.90,0.0454,true,1,1099644
5901669486196,false,שוקולד חלב עם בוטנים וצימוקים ברון 300 גרם,,,ברון שוקולד חלב בוטנ,גרמים,300.00,100 גרם,false,,10.90,0.0363,true,1,8392972
5901677008489,false,שוקולד מריר 300 גר ברון,,,שוקולד מריר 300 גר ב,יח',1.00,יח',false,,10.90,10.9000,true,1,8391587
5901888020508,false,FREEYU חטיף דגנים עם קינואה בטעם צ'ילי 70 גרם,דנשר,PL,חטיף דגנים עם קינואה,גרמים,70.00,100 גרם,false,,12.70,0.1814,true,1,8432938
5902198160403,false,XL משקה אנרגיה מוגז ללא סוכר עד 10 קלוריות לפחית 250 מל,"טמפו משקאות בע""\מ",IL,TEN XL פחית 250 מל,מיליליטרים,250.00,"100 מ""ל",false,,3.80,0.0152,true,1,4544389
5904941750312,false,"משקה אנרגיה BLU מוחיטו בודד 250 מ""ל",אקו - ביט,PL,משקה אנרגייה בלו מוח,מיליליטרים,250.00,"100 מ""ל",false,,4.20,0.0168,true,1,1107823
5904941751241,false,"משקה אנרגיה BLU דיי סיקס ללא סוכר 250 מ""ל",אקו - ביט,PL,"בלו דיי סיקס לל""ס 25",יח',1.00,יח',false,,4.20,4.2000,true,1,8266130
5904941751302,false,"משקה אנרגיה בלו 250 מ""ל- בודד",אקו - ביט,PL,משקה אנרגיה בלו 250,מיליליטרים,250.00,"100 מ""ל",false,,4.20,0.0168,true,1,1107824
5904941751371,false,"בלו אקזוטי (מלון תפוח) 250 מ""ל בודד",Unknown,,משקה בלו אקזוטיק 250,מיליליטרים,250.00,"100 מ""ל",false,,4.20,0.0168,true,1,5113927
5904941751524,false,"משקה אנרגיה BLU DAY אבטיח בודד 250 מ""ל",אקו - ביט,PL,משקה אנרגייה בלו אבט,מיליליטרים,250.00,"100 מ""ל",false,,4.20,0.0168,true,1,1107828
5904941751715,false,"משקה אנרגיה בלו קרנברי 250 מ""ל -בודד",אקו - ביט,PL,משקה אנרגיה חמוציות,מיליליטרים,250.00,"100 מ""ל",false,,4.20,0.0168,true,1,1107830
5904941751920,false,בלו משקה אנרגיה דיי חצי מכמות הקלו250 מל,אקו - ביט,PL,משקה אנרגייה בלו דיי,מיליליטרים,250.00,"100 מ""ל",false,,4.20,0.0168,true,1,1107836
5904941751975,false,"בלו משקה אנרגיה דיי ענבים 250 מ""ל",אקו - ביט,PL,בלו משקה אנרגיה דיי,מטרים,250.00,100 מ'ל,false,,4.20,0.0168,true,1,8359321
5904941752262,false,"משקה אנרגיה BLU לימון סיקס ללא סוכר 250 מ""ל",אקווה ויט,PL,"בלו לימון ליים לל""ס",יח',1.00,יח',false,,2.90,2.9000,true,1,8266131
5906485301012,false,"משקה אנרגיה XL פחית 250 מ""ל","טמפו משקאות בע""מ",IL,"XL 250 מ""ל פחית 24 יח'",מיליליטרים,250.00,"100 מ""ל",false,,3.80,0.0152,true,1,1088164
5941021000899,false,טבלת שוקולד מריר אגוז היידי גראנדור 100 ג',היידי שוקולד בירונטי,,שוקולד מריר היידי אג,גרמים,100.00,100 גרם,false,,9.50,0.0950,true,1,6976838
5941021001674,false,טבלת שוקולד היידי גראנדור 80% 80 ג',היידי שוקולד בירונטי,,היידי שוקולד 85% 80,יח',1.00,יח',false,,9.50,9.5000,true,1,6976839
5941021005139,false,טבלת שוקולד חלב שקד היידי גראנדור 100 ג',,,היידי שוקולד חלב שקד,גרמים,100.00,100 גרם,false,,9.50,0.0950,true,1,6976840
5941021011147,false,טבלת שוקולד פלורנטין מריר היידי גראנדור 100 ג',היידי שוקולד בירונטי,,טבלת היידי גראנדור פ,גרמים,100.00,100 גרם,false,,9.50,0.0950,true,1,7395956
5941021014483,false,טבלת היידי גראנדור פלורנטין לבן 100 גר,,RO,טבלת היידי גראנדור פ,גרמים,100.00,100 גרם,false,,9.50,0.0950,true,1,8417377
5941021016401,false,טבלת שוקולד מריר שקד היידי גראנדור 100 ג',היידי שוקולד בירונטי,PL,היידי גראנדור מריר ש,גרמים,100.00,100 גרם,false,,9.50,0.0950,true,1,8342302
5941021024215,false,טבלת שוקולד היידי מילקברי אוכמניות חלב80,היידי שוקולד בירונטי,RO,היידי שוקולד מילקברי,גרמים,80.00,100 גרם,false,,9.50,0.1188,true,1,8460911
5948559002753,false,5 מטליות ניקוי בעלות ספיגה מקסימלית,3m,IT,מטליות ניקוי ספיגה מ,יח',1.00,יח',false,,15.90,15.9000,true,1,8030445
5949152110838,false,"איירוויק מבשם אוויר ומנטרל ריחות - גשמים סגולים 237 מ""ל",רקיט בנקיזר,PL,איירוויק נטול גז 237,מטרים,237.00,100 מ'ל,false,,14.90,0.0629,true,1,8445048
5997321701806,false,אבקה למניעת אבנית במכונת כביסה 2 ב-1,רקיט בנקיזר פולין,PL,קלגון אבקה למניעת אב,לקג,1.00,לקג,false,,29.90,29.9000,true,1,4889957
5999887183225,false,סבון אסלה שלישייה,,,סבון אסלה שלישייה,יח',3.00,יח',false,,9.90,3.3000,true,1,5353014
6111049000051,false,סרדין מרוקאי חריף 125 גר,U.P.A,MA,סרדין מרוקאי חריף 12,גרמים,125.00,100 גרם,false,,4.90,0.0392,true,1,1109767
6111049000150,false,סרדין בשמן צמחי ולימון 125גר,אטלנטיק הום סרדינס א,MA,סרדין בשמן צמחי ולימ,גרמים,125.00,100 גרם,false,,4.90,0.0392,true,1,4780819
6111049002055,false,סרדין מרוקאי בשמן סו,אטלנטיק הום סרדינס א,MA,סרדין בשמן סויה 125,גרמים,125.00,100 גרם,false,,4.90,0.0392,true,1,1109768
6111094000013,false,"קוסקוס דארי בינוני תומר 1 ק""ג",דארי קוספאט אס. איי. או,MA,קוסקוס דארי בינוני1ק,לקג,1.00,לקג,false,,17.70,17.7000,true,1,1087944
6111094000198,false,קוסקוס דארי בינוני 350 גרם,דארי קוספאט אס. איי. או,MA,קוסקוס דארי 350 גרם,גרמים,350.00,100 גרם,false,,6.90,0.0197,true,1,5123484
6111094000228,false,"קוסקוס דארי דק תומר 1 ק""ג",דארי קוספאט אס. איי. או,MA,קוסקוס דארי דק 1ק'12,100 לקג,1.00,100 לקג,false,,17.70,17.7000,true,1,1087945
6111094000808,false,"קוסקוס דארי בינוני תומר 1 ק""ג + 10% תוספת",דארי קוספטה אל-זהרה,MA,קוסקוס דארי בינוני 1,קילוגרמים,1.00,"לק""ג",false,,17.70,17.7000,true,1,2617709
6111094002123,false,דארי אטריות דקות תוספת 10% 550 גרם,דארי,MA,אטריות דארי מרוקאיות,גרמים,550.00,100 גרם,false,,8.70,0.0158,true,1,8468257
6111119000011,false,"קוסקוס מרוקאי פרידה 1 ק""ג",אטלס קוסקוס,MA,קוסקוס מרוקאי פרידה,קילוגרמים,1.00,"לק""ג",false,,12.80,12.8000,true,1,4780821
6111262741373,false,זיתים שחורים יבשים במלח שלישייה,,,זיתים שחורים יבשים ב,יחידה,0.00,יחידה,false,,9.90,0.0000,true,1,8476582
6112017106867,false,מארז 6 כוסיות בלי רגל,,,מארז 6 כוסיות בלי רג,יחידה,0.00,יחידה,false,,9.90,0.0000,true,1,8437505
6191546003823,false,אריסה טוניסאית 190 גר,מונה פוד,,אריסה טוניסאית 190 ג,גרמים,190.00,100 גרם,false,,9.90,0.0521,true,1,8360854
6281001510390,false,מברשת שיניים לילדים אקסטרא סופט לגילאי 0-2,קולגייט-פלמוליב,CN,מברשת שיניים ילדים ל,יח',1.00,יח',false,,9.90,9.9000,true,1,1088789
6315280312069,false,טוסטר 2 פרוסות נירוסטה BENATON BT-206,,,טוסטר לחיץ נירוסטה ד,יח',1.00,יח',false,,79.90,79.9000,true,1,8385816
6632122111124,false,מכשיר פופקורן BENATON BT-1112,,,מכשיר הכנת פופקורן,יח',1.00,יח',false,,79.90,79.9000,true,1,7522296
6807452794426,false,שיני שום קלופות 170,,,שיני שום קלוף,יח',1.00,יח',false,,8.90,8.9000,true,1,8283726
6902019042061,false,מארז בלונים 50 יח קרביץ,,IL,בלונים 50 יח,יח',1.00,יח',false,,10.70,10.7000,true,1,7839768
6908235694404,false,אוזניות מיקרופון אוניברסליות,ארטוס,,אוזניות מיקרופון,יח',1.00,יח',false,,19.90,19.9000,true,1,1118882
6910191800287,false,אצות נורי בלו 10 דף (ננגטונג),ננטונג היידה אקווטוק,CN,אצות נורי בלו 10 דף,גרמים,25.00,גרם,false,,10.80,0.4320,true,1,1103543
6912977000140,false,"אטריות שעועית דקות לל""ג מזרח מערב 250ג'",יאנטאי ינסידה לנוגקא,CN,אטריות שעועית 250 גר,גרמים,250.00,100 גרם,false,,8.70,0.0348,true,1,2626697
6933947286333,false,זוג נסקוטש,,,זוג נסקוטש,יח',1.00,יח',false,,9.90,9.9000,true,1,4671174
6934731200078,false,אטריות טריות דקות מזרח מערב 200 גרם,יאנטאי ינסידה לנוגקא,CN,אטריות טריות דקות 20,גרמים,200.00,100 גרם,false,,6.90,0.0345,true,1,7404869
6934731210138,false,אטריות טריות עבות מזרח מערב 200 גרם,יאנטאי ינסידה לנוגקא,CN,אטריות טריות עבות 20,גרמים,200.00,100 גרם,false,,6.90,0.0345,true,1,7404870
6934931264658,false,קופסא לתבנית אלומיניום,,,קופסת אחסון מלבנית,יחידה,0.00,יחידה,false,,12.90,0.0000,true,1,8415349
6934931405464,false,פולי קפה 500 גרם רמי לוי dolce aroma,,,פולי קפה קלויים 500,יח',1.00,יח',false,,29.90,29.9000,true,1,8316707
6934931514296,false,קפה טורקי קלוי טחון עם הל 100 גר,,,קפה טורקי קלוי טחון,גרמים,100.00,100 גרם,false,,4.90,0.0490,true,1,8339378
6934931979156,false,קפה טורקי קלוי טחון 200ג מונדיאל,,,קפה טורקי קלוי טחון,גרמים,200.00,100 גרם,false,,6.90,0.0345,true,1,8460572
6935487561246,false,מסיכה כירורגית שחורה מארז 50 יח',,IL,מארז 50 מסכות הגיינה,יח',1.00,יח',false,,5.90,5.9000,true,1,8309161
6936745600462,false,רוטב מירין לתיבול מז,דאנינג יוה פודס קו,CN,"מירין 500 מ""ל (דאניי",מיליליטרים,500.00,"100 מ""ל",false,,17.80,0.0356,true,1,1103567
6936745600783,false,"חומץ אורז מזרח מערב 500 מ""ל",דאנינג יוה פודס קו,CN,"חומץ אורז 500 מ""ל (ד",מיליליטרים,500.00,"100 מ""ל",false,,14.80,0.0296,true,1,1103568
6941168412417,false,GOOD PHARM - אטבי כביסה צבעוניים 50 יח',,,אטבים 50 יחידות,מיליליטרים,500.00,"100 מ""ל",false,,14.90,0.0298,true,1,8027380
6970011910237,false,מצית לגז אקדח גדול,,IL,מצת פרימיום,יח',1.00,יח',false,,8.90,8.9000,true,1,8339591
6974800740104,false,"טבעות תפו""ע טבעי עם",היאגואן,CN,"טבעות תפו""ע טבעי",גרמים,25.00,100 גרם,false,,12.90,0.5160,true,1,8474781
6974800740302,false,"טבעות תפו""ע טבעי עם קינמון",היאגואן,CN,"טבעות תפו""ע טבעי עם",גרמים,250.00,100 גרם,false,,12.90,0.0516,true,1,8474783
6992021040506,false,בלונים מהודרים 10 יחידות,,,בלונים מהודרים 10 יח,יח',1.00,יח',false,,6.90,6.9000,true,1,8360098
7038516140357,false,מברשת שיניים ג'ורדן טוטל סופט מארז 4 יחידות,מיוצר במלזיה עבור ג',NO,ג'ורדן מברשת טוטאל קלין ס,יח',1.00,יח',false,,14.90,14.9000,true,1,1117430
7038516140418,false,ג'ורדן מברשת שיניים טוטאל קלין מדיום רביעייה,ג'ורדן Jordan,MY,ג'ורדן מברשת טוטאל קלין מ,יח',1.00,יח',false,,11.90,11.9000,true,1,1117431
7046110060636,false,גורדן מברשת CHANGE למבוגרים צבע כחול,דנטלון,MY,ג'ורדן מברשת שיניים,יחידה,0.00,יחידה,false,,19.90,0.0000,true,1,8432914
7046110064016,false,ג'ורדן מארז זוג מברשת שיניים לילדים מגיל 3-5,דנטלון,MY,ג'ורדן מברשת לילדים,יח',2.00,יח',false,,14.90,7.4500,true,1,2858355
7271730901261,false,ווקי מאק ארוחת אטריות עם גבינה 156 גרם,ניו וורלד פסטה קומפנ,US,מקרוני עם גבינה 156,גרמים,156.00,100 גרם,false,,10.90,0.0699,true,1,1097114
7290000000100,false,אבוקדו האס,,,עגבניה,קילוגרמים,1.00,"ק""ג",true,,5.90,5.9000,true,1,1102529
7290000000101,false,חבילת פיתות קטן 10 י,ביכורי השקמה,,מלפפון,קילוגרמים,1.00,"ק""ג",true,,4.90,4.9000,true,1,1102530
7290000000102,false,מי קוקוס אמפאווה+מוט,ביכורי השקמה,,גזר ארוז,קילוגרמים,1.00,"ק""ג",true,,2.90,2.9000,true,1,1102531
7290000000103,false,חלה רגילה,ביכורי השקמה,,פלפל כהה,קילוגרמים,1.00,"ק""ג",true,,7.90,7.9000,true,1,1102532
7290000000104,false,חבילת כוסברה טריה,ביכורי השקמה,,פלפל אדום,קילוגרמים,1.00,"ק""ג",true,,5.90,5.9000,true,1,1102533
7290000000105,false,חב' עירית טריה,ביכורי השקמה,,פלפל בהיר,קילוגרמים,1.00,"ק""ג",true,,7.90,7.9000,true,1,1102534
7290000000106,false,אנונה,ביכורי השקמה,,חציל,קילוגרמים,1.00,"ק""ג",true,,4.90,4.9000,true,1,1102535
7290000000107,false,קישוא ירוק,ביכורי השקמה,,קישוא ירוק,קילוגרמים,1.00,"ק""ג",true,,4.90,4.9000,true,1,1102536
7290000000108,false,קישואים זוקיני,ביכורי השקמה,,בצל יבש,קילוגרמים,1.00,"ק""ג",true,,3.90,3.9000,true,1,1102537
7290000000109,false,כרוב לבן,ביכורי השקמה,,כרוב לבן,קילוגרמים,1.00,"ק""ג",true,,2.90,2.9000,true,1,1102538
7290000000110,false,כרוב אדום,ביכורי השקמה,,כרוב אדום,קילוגרמים,1.00,"ק""ג",true,,3.90,3.9000,true,1,1102539
7290000000111,false,תפוח אדמה לבן ארוז,ביכורי השקמה,,תפוח אדמה לבן ארוז,קילוגרמים,1.00,"ק""ג",true,,2.90,2.9000,true,1,1102540
7290000000112,false,ברוקומיני,ביכורי השקמה,,צנונית,יח',1.00,יח',false,,4.90,4.9000,true,1,1102541
7290000000113,false,שום טרי עלים,ביכורי השקמה,,אגס,קילוגרמים,1.00,"ק""ג",true,,7.90,7.9000,true,1,1102542
7290000000114,false,תפוח עץ סטרקינג (אדו,ביכורי השקמה,,תפוח עץ סטרקינג (אדו,קילוגרמים,1.00,"ק""ג",true,,9.90,9.9000,true,1,1102543
7290000000115,false,תפוח עץ מוזהב,ביכורי השקמה,,תפוח עץ מוזהב,קילוגרמים,1.00,"ק""ג",true,,9.90,9.9000,true,1,1102544
7290000000116,false,תפוח עץ ירוק גרנד סמ,ביכורי השקמה,,תפוח עץ ירוק גרנד סמ,קילוגרמים,1.00,"ק""ג",true,,8.90,8.9000,true,1,1102545
7290000000117,false,עגבניות שרי תמר,ביכורי השקמה,,לימון,קילוגרמים,1.00,"ק""ג",true,,3.90,3.9000,true,1,1102546
7290000000120,false,עגבניות לבישול,ביכורי השקמה,,קיווי,קילוגרמים,1.00,"ק""ג",true,,12.90,12.9000,true,1,1102549
7290000000121,false,קלמנטינה,ביכורי השקמה,,קלמנטינה,קילוגרמים,1.00,"ק""ג",true,,4.90,4.9000,true,1,1102550
7290000000122,false,תפוח עץ פינק בראשית,ביכורי השקמה,,תפוז,קילוגרמים,1.00,"ק""ג",true,,3.90,3.9000,true,1,1102551
7290000000123,false,חסה רגילה,ביכורי השקמה,,חסה רגילה,יח',1.00,יח',false,,6.90,6.9000,true,1,1102552
7290000000125,false,פטרוזיליה (בתפזורת),ביכורי השקמה,,פטרוזיליה (בתפזורת),יח',1.00,יח',false,,3.30,3.3000,true,1,1105530
7290000000126,false,כוסברה (בתפזורת),ביכורי השקמה,,כוסברה (בתפזורת),יח',1.00,יח',false,,3.30,3.3000,true,1,1105531
7290000000128,false,קמח לבן בהיר שטיבל 3,ביכורי השקמה,,נענע (בתפזורת),יח',1.00,יח',false,,3.50,3.5000,true,1,1105533
7290000000129,false,אפונת שלג/סינית 200,אדמה,,שמיר (בתפזורת),יח',1.00,יח',false,,3.50,3.5000,true,1,1105534
7290000000132,false,תפוחי אדמה לבן תפזור,ביכורי השקמה,,פלפל חריף,קילוגרמים,1.00,"ק""ג",true,,7.90,7.9000,true,1,1102554
7290000000133,false,חסה סלנובה,ביכורי השקמה,,שום יבש,יח',1.00,יח',false,,3.90,3.9000,true,1,1102555
7290000000134,false,פטריות יער,ביכורי השקמה,,בננה,קילוגרמים,1.00,"ק""ג",true,,4.90,4.9000,true,1,1102556
7290000000135,false,אפרסמון קרמבו,ביכורי השקמה,,אבוקדו,קילוגרמים,1.00,"ק""ג",true,,9.90,9.9000,true,1,1102557
7290000000136,false,אשכולית צהובה,ביכורי השקמה,,אשכולית צהובה,קילוגרמים,1.00,"ק""ג",true,,5.90,5.9000,true,1,1102558
7290000000137,false,פומלה,ביכורי השקמה,,פומלה,קילוגרמים,1.00,"ק""ג",true,,4.90,4.9000,true,1,1102559
7290000000138,false,גויאבה,ביכורי השקמה,,בטטה,קילוגרמים,1.00,"ק""ג",true,,6.90,6.9000,true,1,1102560
7290000000139,false,שומר,ביכורי השקמה,,שומר,קילוגרמים,1.00,"ק""ג",true,,4.90,4.9000,true,1,1102561
7290000000141,false,דלורית,ביכורי השקמה,,דלורית,קילוגרמים,1.00,"ק""ג",true,,4.90,4.9000,true,1,1102563
7290000000142,false,אשכולית אדומה,ביכורי השקמה,,אשכולית אדומה,קילוגרמים,1.00,"ק""ג",true,,3.90,3.9000,true,1,1102564
7290000000143,false,תפוח אדמה כסביה,ביכורי השקמה,,תפוח אדמה כסביה,קילוגרמים,1.00,"ק""ג",true,,12.90,12.9000,true,1,1102565
7290000000144,false,שעועית הילדה,ביכורי השקמה,,אפרסמון,קילוגרמים,1.00,"ק""ג",true,,7.90,7.9000,true,1,1102566
7290000000146,false,ענבים ירוק ארוז,ביכורי השקמה,,ענבים ירוק ארוז,קילוגרמים,1.00,"ק""ג",true,,8.80,8.8000,true,1,4964387
7290000000148,false,תפוח ענה,,,תירס טרי,קילוגרמים,1.00,"ק""ג",true,,9.90,9.9000,true,1,1102568
7290000000149,false,תפוח עץ חרמון,ביכורי השקמה,,תפוח עץ חרמון,קילוגרמים,1.00,"ק""ג",true,,9.90,9.9000,true,1,1102569
7290000000151,false,סלק אדום,ביכורי השקמה,,סלק אדום,קילוגרמים,1.00,"ק""ג",true,,4.90,4.9000,true,1,1102571
7290000000154,false,תות שדה ישראלי 500,ביכורי השקמה,,תות שדה ישראלי 500,גרמים,500.00,100 גרם,false,,23.90,0.0478,true,1,1102574
7290000000155,false,פטריות חורש במשקל,ביכורי השקמה,,רימון אדום,קילוגרמים,1.00,"ק""ג",true,,7.90,7.9000,true,1,1102575
7290000000156,false,ארטישוק,ביכורי השקמה,,ארטישוק,קילוגרמים,1.00,"ק""ג",true,,12.90,12.9000,true,1,1102576
7290000000157,false,שום טרי עלים חתוך,ביכורי השקמה,,דלעת ערמונים,קילוגרמים,1.00,"ק""ג",true,,12.90,12.9000,true,1,1102577
7290000000160,false,תפוז סיני,ביכורי השקמה,,תפוז סיני,יח',1.00,יח',false,,10.00,10.0000,true,1,1102579
7290000000161,false,חציל בלאדי,ביכורי השקמה,,צנון,קילוגרמים,1.00,"ק""ג",true,,4.90,4.9000,true,1,1102580
7290000000162,false,עגבניות שרי אדומות,ביכורי השקמה,,עגבניות שרי אדומות,קילוגרמים,1.00,"ק""ג",true,,17.90,17.9000,true,1,1102581
7290000000163,false,פוטוס בקערה 20,ביכורי השקמה,,ברוקולי,יח',1.00,יח',false,,7.90,7.9000,true,1,1102582
7290000000164,false,קלתיאה עציץ 12,ביכורי השקמה,,לפת,קילוגרמים,1.00,"ק""ג",true,,4.90,4.9000,true,1,1102583
7290000000165,false,מנגולד עלי סלק,אדמה,,מנגולד עלי סלק,יח',1.00,יח',false,,4.90,4.9000,true,1,1105536
7290000000166,false,דלעת,ביכורי השקמה,,דלעת,קילוגרמים,1.00,"ק""ג",true,,8.90,8.9000,true,1,1102584
7290000000167,false,שרי מנומר/צהוב,ביכורי השקמה,,קולורבי,קילוגרמים,1.00,"ק""ג",true,,6.90,6.9000,true,1,1102585
7290000000168,false,פלפל צהוב,ביכורי השקמה,,פלפל צהוב,קילוגרמים,1.00,"ק""ג",true,,7.90,7.9000,true,1,1102586
7290000000169,false,תפוח אדמה לאפיה,ביכורי שדה דרום 2002,,אבטיח,קילוגרמים,1.00,"ק""ג",true,,5.90,5.9000,true,1,1102587
7290000000170,false,חזרת,ביכורי השקמה,,חזרת,קילוגרמים,1.00,"ק""ג",true,,39.90,39.9000,true,1,1102588
7290000000173,false,שורש פטרוזיליה,אדמה,,שורש פטרוזיליה,יח',1.00,יח',false,,3.90,3.9000,true,1,1105538
7290000000176,false,שעועית ירוקה,ביכורי השקמה,,שעועית ירוקה,קילוגרמים,1.00,"ק""ג",true,,22.80,22.8000,true,1,1102590
7290000000178,false,כדור מוצרלה פרסקה גד,ביכורי השקמה,,שעועית צהובה,קילוגרמים,1.00,"ק""ג",true,,14.90,14.9000,true,1,1102591
7290000000183,false,פטאיה,ביכורי השקמה,,אפרסק,קילוגרמים,1.00,"ק""ג",true,,7.00,7.0000,true,1,1102596
7290000000186,false,תפוח עץ יונתן,ביכורי השקמה,,תפוח עץ יונתן,קילוגרמים,1.00,"ק""ג",true,,11.90,11.9000,true,1,1102599
7290000000189,false,תפוח עץ גלה רויאל,ביכורי השקמה,,שזיף ירוק,קילוגרמים,1.00,"ק""ג",true,,14.90,14.9000,true,1,1102602
7290000000192,false,לוביה,ביכורי השקמה,,לוביה,קילוגרמים,1.00,"ק""ג",true,,29.90,29.9000,true,1,1102605
7290000000196,false,"פחמים 12 ק""ג",ביכורי שדה,,תמר לח,יח',1.00,יח',false,,8.50,8.5000,true,1,1102609
7290000000197,false,חבוש,ש.פשה,,חבוש,קילוגרמים,1.00,"ק""ג",true,,12.90,12.9000,true,1,1102610
7290000000199,false,פומלית,ביכורי השקמה,,פומלית,קילוגרמים,1.00,"ק""ג",true,,3.90,3.9000,true,1,1102611
7290000000202,false,תבנית אובלית עבה,ישרקו שיווק מותגי מז,,פפאיה,קילוגרמים,1.00,"ק""ג",true,,24.90,24.9000,true,1,1102613
7290000000219,false,תפוח עץ גאלה,ישרקו שיווק מותגי מז,,תפוח עץ גאלה,קילוגרמים,1.00,"ק""ג",true,,9.90,9.9000,true,1,1102629
7290000000224,false,קישואים עגולים,ביכורי השקמה,,קישואים עגולים,קילוגרמים,1.00,"ק""ג",true,,9.90,9.9000,true,1,1102632
7290000000225,false,ג'ינג'ר תפזורת,חוות פטריות תקוע,,ג'ינג'ר תפזורת,קילוגרמים,1.00,"ק""ג",true,,16.90,16.9000,true,1,1118764
7290000000230,false,רוסקי סרוולט,ישרקו שיווק מותגי מז,,תפוז ברשת,קילוגרמים,1.00,"ק""ג",true,,4.90,4.9000,true,1,1102633
7290000000231,false,סרוולט מוסקובסקי,ישרקו שיווק מותגי מז,,עגבניה תמר,קילוגרמים,1.00,"ק""ג",true,,2.40,2.4000,true,1,1102634
7290000000237,false,פלפל מתוק שושוקה,ביכורי השקמה,,פלפל מתוק שושוקה,קילוגרמים,1.00,"ק""ג",true,,12.90,12.9000,true,1,1102638
7290000000244,false,חצילים בלדי,ביכורי השקמה,,חצילים בלדי,קילוגרמים,1.00,"ק""ג",true,,5.90,5.9000,true,1,1102639
7290000000249,false,פטריות כללי (לבן),ישרקו שיווק מותגי מז,,גזר בתפוזרת,קילוגרמים,1.00,"ק""ג",true,,4.90,4.9000,true,1,1102640
7290000000254,false,חסה עגולה,ביכורי השקמה,,חסה עגולה,יח',1.00,יח',false,,4.90,4.9000,true,1,1102643
7290000000260,false,אפרסמון קרמבו,,,אפרסמון קרמבו,קילוגרמים,1.00,"ק""ג",true,,11.90,11.9000,true,1,5313204
7290000000265,false,אגס תפוח,ביכורי השקמה,,אגס תפוח,קילוגרמים,1.00,"ק""ג",true,,15.90,15.9000,true,1,1102645
7290000000267,false,סלק לבן/כתום,ישרקו שיווק מותגי מז,,סלק לבן/כתום,קילוגרמים,1.00,"ק""ג",true,,2.70,2.7000,true,1,4377426
7290000000287,false,קלמנטינה (בשקית רשת),ביכורי השקמה,,קלמנטינה (בשקית רשת),קילוגרמים,1.00,"ק""ג",true,,5.90,5.9000,true,1,1102646
7290000000289,false,לשון זליבנוי טילצי,ישרקו שיווק מותגי מז,,בצל אדום,קילוגרמים,1.00,"ק""ג",true,,5.90,5.9000,true,1,1102647
7290000000293,false,דלורית חתוכה ארוזה,ביכורי השקמה,,דלורית חתוכה ארוזה,קילוגרמים,1.00,"ק""ג",true,,4.90,4.9000,true,1,4290273
7290000000295,false,תפוח עץ אנה,ביכורי השקמה,,תפוח עץ אנה,קילוגרמים,1.00,"ק""ג",true,,9.90,9.9000,true,1,1102649
7290000000300,false,תפוח אדמה אדום ארוז,ביכורי השקמה,,תפוח אדמה אדום ארוז,קילוגרמים,1.00,"ק""ג",true,,4.90,4.9000,true,1,1102651
7290000000302,false,פלפלונים בדץ,ביכורי השקמה,,פלפלונים בדץ,קילוגרמים,1.00,"ק""ג",true,,25.90,25.9000,true,1,3110225
7290000000306,false,תפוח אדמה אדום במשקל,ביכורי השקמה,,תפוח אדמה אדום במשקל,קילוגרמים,1.00,"ק""ג",true,,5.90,5.9000,true,1,1102652
7290000000307,false,קישואים זוקיני ירוק,ביכורי השקמה,,פלפל כתום,קילוגרמים,1.00,"ק""ג",true,,7.90,7.9000,true,1,1102653
7290000000333,false,פקדון בקבוק 30 אגורו,ביכורי השקמה,,פטריות במשקל,קילוגרמים,1.00,"ק""ג",true,,31.90,31.9000,true,1,1102658
7290000000399,false,"תפו""ע גלה ארוז ברשת","ולדמן ביח""ר לנקניק ו",,"תפו""ע גלה ארוז ברשת",קילוגרמים,1.00,"ק""ג",true,,3.90,3.9000,true,1,1102660
7290000000401,false,תמרים מגהול כחול 5 ק,"ולדמן ביח""ר לנקניק ו",,"תפו""א לאפיה",קילוגרמים,1.00,"ק""ג",true,,3.90,3.9000,true,1,1102662
7290000000404,false,וטצינה רוסקיה,"ולדמן ביח""ר לנקניק ו",,"אגס כוס""יה",קילוגרמים,1.00,"ק""ג",true,,9.80,9.8000,true,1,2644665
7290000000411,false,שום יבש יבוא רמי לוי,אראל תוצרת חקלאית בע,IL,שום יבש יבוא רמי לוי,יח',1.00,יח',false,,3.90,3.9000,true,1,4740065
7290000000420,false,קישואים זוקיני,"ולדמן ביח""ר לנקניק ו",,קישואים זוקיני,קילוגרמים,1.00,"ק""ג",true,,9.90,9.9000,true,1,1102664
7290000000422,false,תפוח אדמה לבן במשקל,"ולדמן ביח""ר לנקניק ו",,תפוח אדמה לבן במשקל,קילוגרמים,1.00,"ק""ג",true,,4.90,4.9000,true,1,1102665
7290000000453,false,בוט מורטדלה מעושן,"ולדמן ביח""ר לנקניק ו",,תפוח עץ לוליפופ,קילוגרמים,1.00,"ק""ג",true,,14.90,14.9000,true,1,7171145
7290000000455,false,אשכולית ברשת,"ולדמן ביח""ר לנקניק ו",,אשכולית ברשת,קילוגרמים,1.00,"ק""ג",true,,5.90,5.9000,true,1,1102667
7290000000502,false,"תמרים מג""הול שחור 5ק",מעדני מניה תעשיות בש,,אננס שקיל,קילוגרמים,1.00,"ק""ג",true,,29.90,29.9000,true,1,8320112
7290000000612,false,"תפו""א ירושלמי",קרלברג ייצור ושיווק,IL,שום טרי,קילוגרמים,1.00,"ק""ג",true,,16.90,16.9000,true,1,1102668
7290000000649,false,אגס (בשקית),ביכורי השקמה,,אגס (בשקית),קילוגרמים,1.00,"ק""ג",true,,7.90,7.9000,true,1,1102669
7290000000695,false,אספרגוס רמי לוי,משתנה,IL,אספרגוס רמי לוי,יח',1.00,יח',false,,24.90,24.9000,true,1,4341358
7290000000722,false,נקנקיה כפולה בלחמניה,,,נקנקיה כפולה בלחמניה,יח',1.00,יח',false,,9.00,9.0000,true,1,1104835
7290000000797,false,תפוח עץ פינק,ביכורי השקמה,IL,תפוח עץ פינק,קילוגרמים,1.00,"ק""ג",true,,15.90,15.9000,true,1,1102677
7290000000805,false,פלפל כתום ברשת,קרלברג ייצור ושיווק,,פלפל כתום ברשת,קילוגרמים,1.00,"ק""ג",true,,8.80,8.8000,true,1,4081255
7290000000978,false,חסה ברכת קטיף מהדרין,ביכורי השקמה,IL,חסה מהדרין קטיף טרי,יח',1.00,יח',false,,4.90,4.9000,true,1,1102766
7290000000985,false,פטרוזיליה ברכת קטיף ייבול נוכרי בוסתן,ברכת קטיף,IL,פטרוזיליה מהדרין קטי,יח',1.00,יח',false,,4.90,4.9000,true,1,2664471
7290000001014,false,מלפפון,ביכורי השקמה,,מלפפון,קילוגרמים,1.00,"ק""ג",true,,5.80,5.8000,true,1,4133507
7290000001021,false,סלמי מניה,מעדני מניה תעשיות בש,,גזר ארוז,קילוגרמים,1.00,"ק""ג",true,,4.50,4.5000,true,1,4133508
7290000001038,false,נשנושי גבינה 67גר+מל,מעדני מניה תעשיות בש,,פלפל כהה,קילוגרמים,1.00,"ק""ג",true,,8.90,8.9000,true,1,4133509
7290000001043,false,כרוב לבן מהדרין קטיף טרי,ברכת קטיף,IL,כרוב לבן מהדרין קטיף,קילוגרמים,1.00,"ק""ג",true,,10.90,10.9000,true,1,2813028
7290000001045,false,סלמי אגוזים אורחוביה,מעדני מניה תעשיות בש,,פלפל אדום,קילוגרמים,1.00,"ק""ג",true,,10.80,10.8000,true,1,4133510
7290000001052,false,פילה לברק מארז 6 יח,מעדני ויטו שיווק ויי,,פלפל בהיר,קילוגרמים,1.00,"ק""ג",true,,8.90,8.9000,true,1,4133511
7290000001069,false,חציל,ביכורי השקמה,,חציל,קילוגרמים,1.00,"ק""ג",true,,4.80,4.8000,true,1,4133512
7290000001074,false,כרוב אדום מהדרין קטיף טרי.,קרלברג ייצור ושיווק,IL,כרוב אדום מהדרין קטי,קילוגרמים,1.00,"ק""ג",true,,11.90,11.9000,true,1,2813029
7290000001076,false,רוסטביף מעודן,קרלברג ייצור ושיווק,,קישוא ירוק,קילוגרמים,1.00,"ק""ג",true,,4.80,4.8000,true,1,4133513
7290000001083,false,בצל יבש,ביכורי השקמה,,בצל יבש,קילוגרמים,1.00,"ק""ג",true,,4.90,4.9000,true,1,4133514
7290000001090,false,פנקסי פיקדון בקבוק,ביכורי השקמה,,כרוב לבן,קילוגרמים,1.00,"ק""ג",true,,3.90,3.9000,true,1,4133515
7290000001104,false,פטריות חורש מיני ארוז 200 ג',מרינה פטריות הגליל,IL,פטריות פורטבולה ארוז,יח',1.00,יח',false,,8.90,8.9000,true,1,2664472
7290000001106,false,2יח קלרו טבליות למדי,ביכורי השקמה,,חציל,קילוגרמים,1.00,"ק""ג",true,,5.00,5.0000,true,1,2746555
7290000001120,false,צנונית,ביכורי השקמה,,צנונית,יח',1.00,יח',false,,4.90,4.9000,true,1,4133534
7290000001222,false,גרבי ספורט שלישי,Unknown,,גרבי ספורט שלישי,יח',1.00,יח',false,,9.90,9.9000,true,1,1101765
7290000001455,false,פריזר לארוחת בוקר,"ולדמן ביח""ר לנקניק ו",,תות שדה 500 גר,גרמים,500.00,100 גרם,false,,23.90,0.0478,true,1,8169997
7290000001524,false,בצל ירוק מהדרין קטיף טרי,מעדני מניה תעשיות בש,IL,בצל ירוק מהדרין קטיף,יח',1.00,יח',false,,4.90,4.9000,true,1,2664473
7290000001579,false,סלרי מהדרין קטיף טרי,ביכורי השקמה,IL,סלרי מהדרין קטיף טרי,יח',1.00,יח',false,,5.90,5.9000,true,1,2664474
7290000001609,false,עלי סלק מהדרין קטיף טרי,ביכורי השקמה,IL,עלי סלק מהדרין קטיף,יח',1.00,יח',false,,5.90,5.9000,true,1,2664707
7290000001616,false,כוסברה ייבול נוכרי בוסתן,ברכת קטיף,IL,כוסברה מהדרין קטיף ט,יח',1.00,יח',false,,4.90,4.9000,true,1,2665134
7290000002013,false,תפוח עץ בשקית,ביכורי השקמה,,תפוח עץ בשקית,קילוגרמים,1.00,"ק""ג",true,,3.90,3.9000,true,1,1102685
7290000005998,false,שקיות ידני,,,שקיות ידני,יח',1.00,יח',false,,0.10,0.1000,true,1,3722682
7290000005999,false,שקית גופיה בודד,,,שקיות מכונה,יח',1.00,יח',false,,0.10,0.1000,true,1,3557254
7290000011006,false,כרוב אדום,ביכורי השקמה,,כרוב אדום,קילוגרמים,1.00,"ק""ג",true,,4.80,4.8000,true,1,4133516
7290000012346,false,עגבניה,,,עגבניה,קילוגרמים,1.00,"ק""ג",true,,4.74,4.7400,true,1,4133624
7290000023007,false,"ברנדי שטוק 84 37 % 750 מ""ל","יקבי ברקן בע""ם",IL,"ברנדי שטוק 84 37 % 750 מ""",מיליליטרים,750.00,"100 מ""ל",false,,64.90,0.0865,true,1,1088172
7290000023083,false,ערק אשקלון בקבוק 700,"יקבי ברקן בע""\מ",IL,"ערק אשקלון 700 מ""ל",מיליליטרים,700.00,"100 מ""ל",false,,49.90,0.0713,true,1,2645126
7290000023809,false,"יין קלאסיק קברנה סוביניון ברקן 750 מ""ל",יקבי ברקן שיווק והפצה בע,IL,קלאסיק קברנה סוביניון,מיליליטרים,750.00,"100 מ""ל",false,,31.80,0.0424,true,1,1088190
7290000023816,false,"יין קלאסיק אמרלד ריזלינג ברקן 750 מ""ל",יקבי ברקן שיווק והפצה בע,IL,קלאסיק אמרלד ריזלינג,מיליליטרים,750.00,"100 מ""ל",false,,31.80,0.0424,true,1,1088191
7290000023830,false,יין קלאסיק שיראז רוזה 750 מל,יקבי ברקן שיווק והפצה בע,IL,קלאסיק רוזה,מיליליטרים,750.00,"100 מ""ל",false,,31.80,0.0424,true,1,1088193
7290000023847,false,"ברקן ,קלאסיק שרדונה, 750 מל",יקבי ברקן שיווק והפצה בע,IL,קלאסיק שרדונה,מיליליטרים,750.00,"100 מ""ל",false,,31.80,0.0424,true,1,1088194
7290000024202,false,"יין רזרב קברנה סוביניון ברקן 750 מ""ל",ברקן שיווק והפצה בעמ,IL,רזרב קברנה סוביניון 750 מ,מיליליטרים,750.00,"100 מ""ל",false,,38.90,0.0519,true,1,1088200
7290000024219,false,"יין רזרב אמרלד ריזלינג ברקן 750 מ""ל",יקבי ברקן,IL,רזרב אמרלד ריזילינג 750 מ,מיליליטרים,750.00,"100 מ""ל",false,,38.90,0.0519,true,1,1088201
7290000024264,false,"יין רזרב מרלו ברקן 750 מ""ל","כרמי צבי - אחים סגל בע""\",IL,"רזרב מרלו 750 מ""ל 2010",מיליליטרים,750.00,"100 מ""ל",false,,38.90,0.0519,true,1,1088205
7290000032665,false,רוטב עגבניות פריזה 28% בריקס מרוכז מאוד580 גר',זנלכל,,רוטב עגבניות פריזה 2,גרמים,580.00,100 גרם,false,,7.90,0.0136,true,1,1099974
7290000034256,false,ביסקוויט תירוש חצי מצופה הדר 175ג',אפיפית נצרת תעשיות ב,IL,עוגיות תירוש הדר 175,גרמים,175.00,100 גרם,false,,5.80,0.0331,true,1,1103685
7290000040042,false,יופלה יוגורט תות 3% שומן 150 גרם,תנובה חלב,IL,יופלה יוגורט תות %3,מיליליטרים,150.00,"100 מ""ל",false,,4.80,0.0320,true,1,1086720
7290000040066,false,יופלה יוגורט דובדבן %3 גביע 150 גרם,תנובה מרכז שיתופי לש,IL,יופלה יוגורט דובדבן,מיליליטרים,150.00,"100 מ""ל",false,,4.70,0.0313,true,1,1086722
7290000040080,false,יופלה יוגורט אפרסק 3% שומן 150 גרם,תנובה חלב,IL,יופלה יוגורט אפרסק %,מיליליטרים,150.00,"100 מ""ל",false,,4.80,0.0320,true,1,1086723
7290000040301,false,תנובה עין גדי קממבר מחלב בקר 24% שומן,תנובה מרכז שיתופי לש,IL,קממבר עין גדי חפיסה,גרמים,125.00,100 גרם,false,,16.90,0.1352,true,1,1086725
7290000040318,false,גבינת ברי 24% קולאז עדי תנובה 125 ג',תנובה מרכז שיתופי לש,IL,ברי עדי חפיסה 24% 12,גרמים,125.00,100 גרם,false,,17.90,0.1432,true,1,1086726
7290000040974,false,חלב דל לקטוז 2% תנובה קרטון 1 ליטר,תנובה מרכז שיתופי לש,IL,חלב טרי דל לקטוז 1 ל,מיליליטרים,1000.00,"100 מ""ל",false,,6.80,0.0068,true,1,1086729
7290000041407,false,"גיל קטן 3% תנובה 125 מ""ל בד""ץ",תנובה מרכז שיתופי לש,IL,גילה 125 מל,מיליליטרים,125.00,"100 מ""ל",false,,0.90,0.0072,true,1,1086730
7290000041858,false,"שמנת חמוצה 15% מועשרת יטבתה 200 מ""ל",שטראוס גרופ,IL,שמנת חמוצה 15% 200 מ,מיליליטרים,200.00,"100 מ""ל",false,,2.40,0.0120,true,1,1103746
7290000042015,false,"חלב שתייה תנובה בד""צ בשקית 1 ליטר",תנובה מרכז שיתופי לש,IL,חלב תנובה טרי שקית 3,ליטרים,1.00,ליטר,false,,5.30,5.3000,true,1,1086734
7290000042435,false,חלב דל שומן בקרטון+פקק תנובה 1 ליטר,תנובה מרכז שיתופי לש,IL,חלב תנובה טרי קרט+ פ,מיליליטרים,1000.00,"100 מ""ל",false,,5.80,0.0058,true,1,1086741
7290000042640,false,"חלב תנובה עמיד 3% קרטון 250 מ""ל",תנובה מרכז שיתופי לש,IL,חלב עמיד 3% תנובה 25,מיליליטרים,250.00,"100 מ""ל",false,,2.50,0.0100,true,1,1086749
7290000042855,false,"שוקו בשקית 250 מ""ל ""יטבתה""",שטראוס גרופ,IL,שוקו בשקית יטבתה 225,מיליליטרים,225.00,"100 מ""ל",false,,2.50,0.0111,true,1,1103751
7290000043012,false,"שוקו עמיד 2% בקרטון 250 מ""ל תנובה",תנובה מרכז שיתופי לש,IL,שוקו עמיד 2% תנובה 2,מיליליטרים,250.00,"100 מ""ל",false,,4.40,0.0176,true,1,1086752
7290000043814,false,השף הלבן שמנת להקצפה 38% שומן 250 מל - מוצר בפיקוח,תנובה מרכז שיתופי לש,IL,השף הלבן שמנת עמידה,מיליליטרים,250.00,"100 מ""ל",false,,6.40,0.0256,true,1,1086756
7290000044712,false,יוגורט עם תות 1.5% שומן 500 ג' פרילי,מיוצר עי קונדיטוריית,IL,פרילי תות גביע 500 ג,מיליליטרים,500.00,"100 מ""ל",false,,9.90,0.0198,true,1,1086764
7290000044880,false,באדי יוגורט תות 3% שומן 500 ג' תנובה,מיוצר עי קונדיטוריית,IL,באדי יוגורט תות גביע,מיליליטרים,500.00,"100 מ""ל",false,,8.80,0.0176,true,1,1086766
7290000045580,false,גבינה מותכת נעמה חורש תנובה 240 גרם,תנובה מרכז שיתופי לש,IL,נעמה חורש משולשים 24,גרמים,240.00,100 גרם,false,,16.90,0.0704,true,1,1086769
7290000045771,false,יוגורט לבן 4% תנובה 3 ליטר,מיוצר עי קונדיטוריית,IL,יוגורט תנובה כד 3 לי,ליטרים,3.00,ליטר,false,,28.90,9.6333,true,1,1086770
7290000045917,false,תנובה פרומעז גבינה מותכת מחלב עיזים 23% שומן,תנובה חלב,IL,פרומעז גבינת עזים גל,גרמים,200.00,100 גרם,false,,24.90,0.1245,true,1,1086772
7290000046006,false,גבינה צהובה עמק בלוק,תנובה מרכז שיתופי לש,IL,גבינת עמק 28% במשקל,קילוגרמים,1.00,"ק""ג",true,,44.70,44.7000,true,1,1086655
7290000046020,false,גלבוע גבינה שמנה במש,תנובה מרכז שיתופי לש,IL,גלבוע 22% במשקל,קילוגרמים,1.00,"ק""ג",true,,42.50,42.5000,true,1,1086656
7290000046327,false,גלבוע גבינה צהובה פרוסה 22% תנובה 200 גרם,תנובה מרכז שיתופי לש,IL,גלבוע גבינה צהובה פר,גרמים,200.00,100 גרם,false,,12.60,0.0630,true,1,1086775
7290000046549,false,גבינת מוצרלה 20% במשקל,תנובה מרכז שיתופי לש,IL,מוצרלה חריץ במשקל 20,קילוגרמים,1.00,"ק""ג",true,,75.00,75.0000,true,1,1086662
7290000046563,false,גב.קולאז' פרמזן 23%במשקל,תנובה מרכז שיתופי לש,IL,קולאז פרמזן חריץ %23,קילוגרמים,1.00,"ק""ג",true,,109.00,109.0000,true,1,1086664
7290000047027,false,גב.קולאז' גלעד 27% במשקל,תנובה מרכז שיתופי לש,IL,גבינת גלעד 27% משקל,קילוגרמים,1.00,"ק""ג",true,,119.00,119.0000,true,1,1086668
7290000047034,false,גבינת רוקפור 26%כבש משקל,תנובה מרכז שיתופי לש,IL,גבינה צאן קולאז' רוק,קילוגרמים,1.00,"ק""ג",true,,120.00,120.0000,true,1,1086669
7290000047546,false,השף הלבן כנען גבינה לבנה דלת נתרן 5% תנובה 500 גרם,תנובה מרכז שיתופי לש,IL,השף הלבן כנען גבינה,גרמים,500.00,100 גרם,false,,22.90,0.0458,true,1,1086779
7290000048185,false,גבינה לבנה 5% תנובה 250 גרם מהדרין,מיוצר עי קונדיטוריית,IL,גבינה לבנה 5% 250 גר,גרמים,250.00,100 גרם,false,,4.90,0.0196,true,1,1086784
7290000048192,false,גבינה לבנה 9% תנובה 250 גרם מהדרין,מחלבת אלון תבור,IL,גבינה לבנה 9% 250 גר,גרמים,250.00,100 גרם,false,,4.70,0.0188,true,1,1086785
7290000048307,false,גבינת קוטג' עם זיתים 5% תנובה 250 גרם,מיוצר עי קונדיטוריית,IL,גבינת קוטג' עם זיתים,גרמים,250.00,100 גרם,false,,5.70,0.0228,true,1,1086786
7290000048413,false,פיראוס חמד גבינה מלוחה 16% שומן,תנובה מרכז שיתופי לש,IL,פיראוס חמד שקית 250,גרמים,250.00,100 גרם,false,,17.50,0.0700,true,1,1086787
7290000048437,false,פיראוס צפתית 5% שומן 200 גרם,פארייפאבה אגרואינדוס,IL,פיראוס צפתית גביע 20,גרמים,200.00,100 גרם,false,,13.90,0.0695,true,1,1086788
7290000048444,false,"גבינת חמד 16%שומן 1 ק""ג",תנובה מרכז שיתופי לש,IL,גבינת חמד 16%,יח',1.00,יח',false,,49.90,49.9000,true,1,1086789
7290000048451,false,פיראוס חרמון מלוחה 16% 250גר,תנובה מרכז שיתופי לש,IL,פיראוס חרמון מלוחה 1,גרמים,250.00,100 גרם,false,,16.90,0.0676,true,1,1086790
7290000049458,false,גבינת פטה עיזים 16% גביע פיראוס 250 ג',תנובה מרכז שיתופי לש,IL,פיראוס פטה עזים 16%,גרמים,250.00,100 גרם,false,,26.90,0.1076,true,1,1086791
7290000050447,false,"יוגורט ביו בטעם תות YYY יופלה 500 מ""ל",מיוצר עי קונדיטוריית,IL,יוגורט ביו בטעם תות,מיליליטרים,500.00,"100 מ""ל",false,,12.60,0.0252,true,1,1086797
7290000050454,false,יוגורט יופלה אפרסק 3% שומן 500 גרם,מיוצר עי קונדיטוריית,IL,יוגורט אפרסק 3% YYY,מיליליטרים,500.00,"100 מ""ל",false,,12.60,0.0252,true,1,1086798
7290000050966,false,תנובה גבינה לבנה מהדרין 5% 850 גר,תנובה מרכז שיתופי לש,IL,תנובה גבינה לבנה מהד,גרמים,850.00,100 גרם,false,,15.90,0.0187,true,1,1086803
7290000051002,false,עגבניה,,,עגבניה,קילוגרמים,1.00,"ק""ג",true,,4.74,4.7400,true,1,1102690
7290000051307,false,"מארז הפסקת אוכל עם דגני עוגי ומשקה חלב עמיד בטעם וניל 150 מ""ל",תנובה מרכז שיתופי לש,IL,הפסקת אוכל דגני עוגי,מיליליטרים,150.00,"100 מ""ל",false,,8.90,0.0593,true,1,1086809
7290000051352,false,חלב מלא בטעם של פעם 3.4% תנובה קרטון 1 ל',תנובה מרכז שיתופי לש,IL,חלב של פעם 3.8% תנוב,ליטרים,1.00,ליטר,false,,7.40,7.4000,true,1,1086810
7290000051376,false,יוגורט יופלה דיאט אננס 0% שומן 150 גרם,תנובה מרכז שיתופי לש,IL,יופלה דיאט אננס גביע,מיליליטרים,150.00,"100 מ""ל",false,,4.70,0.0313,true,1,1086811
7290000051710,false,פיראוס גבינת לאבנה אסלית על בסיס יוגורט תנובה 263 גרם,"תנובה, מחלבת אלון תב",IL,פיראוס גבינת לאבנה א,גרמים,263.00,100 גרם,false,,12.90,0.0490,true,1,1086815
7290000052311,false,גבינה צהובה עמק לייט 15% שומן 200 גרם,תנובה מרכז שיתופי לש,IL,עמק לייט פרוס 200 גר,גרמים,200.00,100 גרם,false,,14.90,0.0745,true,1,1086827
7290000052649,false,גבינת לאבנה 5% שומן 500 ג' פיראוס,תנובה מרכז שיתופי לש,IL,פיראוס לאבנה 5% גביע,גרמים,500.00,100 גרם,false,,18.90,0.0378,true,1,1086834
7290000052717,false,גבינת קוטג' שום שמיר 5% תנובה 250 גרם,מיוצר עי קונדיטוריית,IL,גבינת קוטג' שום שמיר,גרמים,250.00,100 גרם,false,,5.70,0.0228,true,1,1086837
7290000055015,false,פיראוס גבינת פטה כבשים 5% תנובה 250 גרם,תנובה מרכז שיתופי לש,IL,פיראוס גבינת פטה כבש,גרמים,250.00,100 גרם,false,,24.90,0.0996,true,1,1086891
7290000055206,false,גבינה לבנה 5% בטעם בצל מטוגן 250 ג' תנובה,תנובה מרכז שיתופי לש,IL,גבינה לבנה 5% בטעם ב,גרמים,250.00,100 גרם,false,,5.30,0.0212,true,1,1086896
7290000055329,false,"משקה בוקר יוגורט 1.5% בטעם תות מלון יופלה 250 מ""ל",תנובה מרכז שיתופי לש,IL,משקה בוקר יוגורט 1.5,מיליליטרים,250.00,"100 מ""ל",false,,4.90,0.0196,true,1,1086902
7290000055336,false,"משקה יוגורט 1.5% בטעם בננה אפרסק יופלה 250 מ""ל",תנובה מרכז שיתופי לש,IL,משקה יוגורט 1.5% בננ,מיליליטרים,250.00,"100 מ""ל",false,,4.90,0.0196,true,1,1086903
7290000055343,false,משקה יוגורט יופלה פירות טרופיים 250 גרם,תנובה מרכז שיתופי לש,IL,משקה בוקר יוגורט טרו,מיליליטרים,250.00,"100 מ""ל",false,,4.90,0.0196,true,1,1086904
7290000055350,false,גבינה צהובה חריץ עמק 28% במשקל,תנובה מרכז שיתופי לש,IL,גבינת עמק 28% במשקל,קילוגרמים,1.00,"ק""ג",true,,44.70,44.7000,true,1,2812650
7290000055756,false,גבינה לבנה 5% תנובה מארז 850X2ג' בדץ,תנובה מרכז שיתופי לש,IL,מאגדת גבינה 5% 2*850,גרמים,850.00,100 גרם,false,,31.90,0.0375,true,1,1086912
7290000055893,false,חמאה משמנת מפוסטרת 200גרם 82% כ.מהדרין - מוצר בפיקוח,תנובה מרכז שיתופי לש,IL,חמאה 200ג מהדרין,גרמים,200.00,100 גרם,false,,7.60,0.0380,true,1,1086915
7290000056272,false,גבינה לבנה 5% עם זיתים ירוקים 250 ג' תנובה,תנובה מרכז שיתופי לש,IL,גבינה לבנה 5% עם זית,גרמים,250.00,100 גרם,false,,5.30,0.0212,true,1,1086926
7290000056845,false,תנובה חלב טרי 3% שומן 1.5 ליטר - מוצר בפיקוח,פארייפאבה אגרואינדוס,IL,חלב טרי 1.5 ליטר 3%,ליטרים,1.50,ליטר,false,,9.30,6.2000,true,1,1086943
7290000056883,false,שמיניית יוגורט יופלה 3% טעמים שונים 150 גרם,תנובה מרכז שיתופי לש,IL,מאג 8*150ג יופלה פרי,קילוגרמים,1.20,"ק""ג",false,,27.90,23.2500,true,1,1086945
7290000056890,false,שמיניית דיאט יופלה 0% טעמים שונים 150 גרם,מיוצר עי קונדיטוריית,IL,מאג 8*150ג דיאט יופל,ליטרים,1.20,ליטר,false,,27.90,23.2500,true,1,1086946
7290000056906,false,מאגדת לבן טבעי 1.5% שומן 8 יח' * 150 ג' יופלה,מחלבת אלון תבור,IL,מאג 8*150ג יופלה לבן,ליטרים,1.20,ליטר,false,,16.90,14.0833,true,1,1086947
7290000056951,false,"תנובה, השף הלבן, שמנת לבישול 15% שומן 500 מל",תנובה מרכז שיתופי לש,IL,שף לבן שמנת לבישול +,מיליליטרים,500.00,"100 מ""ל",false,,15.90,0.0318,true,1,1086950
7290000057088,false,עמק גבינה צהובה פרוסה דק דק 28% תנובה 200 גרם,תנובה מרכז שיתופי לש,IL,עמק גבינה צהובה פרוס,גרמים,200.00,100 גרם,false,,14.90,0.0745,true,1,1086955
7290000057118,false,גבינה צהובה עמק 28% שומן ואקום 400 גרם,תנובה מרכז שיתופי לש,IL,עמק פרוס סמי מעדנייה,גרמים,400.00,100 גרם,false,,19.90,0.0497,true,1,1086957
7290000057132,false,יוגורט תנובה טבעי 1.5% גביע 200 גרם,מחלבת אלון תבור,IL,יוגורט תנובה טבעי 1.,מיליליטרים,200.00,"100 מ""ל",false,,3.00,0.0150,true,1,1086958
7290000057149,false,יוגורט תנובה טבעי 3% גביע 200 גרם,מיוצר עי קונדיטוריית,IL,יוגורט תנובה טבעי 3%,גרמים,200.00,100 גרם,false,,3.00,0.0150,true,1,1086959
7290000057453,false,גבינת עמק בדץ 28% במ,תנובה,IL,גבינת עמק בדץ 28% במ,קילוגרמים,1.00,"ק""ג",true,,44.70,44.7000,true,1,6156883
7290000057552,false,יופלה דיאט עוגת גבינה ותות 0% גביע 150ג',תנובה חלב,IL,יופלה דיאט עוגת גבינ,מיליליטרים,150.00,"100 מ""ל",false,,4.80,0.0320,true,1,1086978
7290000058030,false,"שמיניית יופלה שטוזים משקה יוגורט תות 100 מ""ל",מיוצר עי קונדיטוריית,IL,יופלה משקה יוגורט תו,100 מל,100.00,100 מל,false,,19.90,0.1990,true,1,1086996
7290000058047,false,שמנת להקצפה 38% 500מל מהדרין עמיד השף הלבן,תנובה מרכז שיתופי לש,IL,שמנת 38% 500מל עם פק,מיליליטרים,500.00,"100 מ""ל",false,,12.80,0.0256,true,1,1086997
7290000058979,false,גיל בטעם תות 3% שומן 125 ג' תנובה,תנובה מרכז שיתופי לש,IL,גיל בטעם תות,גרמים,125.00,100 גרם,false,,1.30,0.0104,true,1,1087018
7290000060071,false,אוסם - חטיפי פריכונים מאורז מלא קלוי 80גר,"פרח תעשיות מזון בע""מ.",IL,חטיפי פריכונים בטעם,יח',1.00,יח',false,,6.90,6.9000,true,1,1091024
7290000060088,false,בייגלה מקלות מלוחים אסם 400 גרם,מיוצר עי קונדיטוריית,IL,בייגלה מקלות מלוחים,גרמים,400.00,100 גרם,false,,8.90,0.0223,true,1,1091025
7290000060156,false,פסטה אסם אטריות ביצים דקות 200גר,"אסם תעשיות בע""מ",IL,אטריות ביצים דקות אס,גרמים,200.00,100 גרם,false,,5.90,0.0295,true,1,1091027
7290000060163,false,פסטה אסם אטריות דקות 400גר,"אסם תעשיות בע""מ",IL,אטריות דקות אסם 400,גרמים,400.00,100 גרם,false,,4.90,0.0123,true,1,1091028
7290000060200,false,פסטה אסם פתיתים אפויים קוסקוס 500גר,"אסם תעשיות בע""מ",IL,פתיתים אפויים קוסקוס,גרמים,500.00,100 גרם,false,,4.90,0.0098,true,1,1091029
7290000060217,false,פסטה מקרוני מספר 7 אסם 500 גרם,קריות זול,IT,פסטה מקרוני מספר 7 א,גרמים,500.00,100 גרם,false,,4.90,0.0098,true,1,1091030
7290000060248,false,פסטה אסם פתיתים תלתלים 500 גר',קריות זול,IT,פסטה תלתלים אסם 500,גרמים,500.00,100 גרם,false,,4.90,0.0098,true,1,1091031
7290000060385,false,אינסטנט פודינג בטעם וניל - אריזה משפחתית,"אסם תעשיות בע""מ",IL,מארז אינסטנט פודינג,גרמים,320.00,100 גרם,false,,17.20,0.0537,true,1,1091037
7290000060408,false,פסטה אסם פתיתים אפויים טבעות 500 גר,מיוצר עי קונדיטוריית,IL,פתיתים אפויים טבעות,גרמים,500.00,100 גרם,false,,4.90,0.0098,true,1,1091039
7290000060576,false,פתיתים אפויים כוכבים אסם 500 גרם,"אסם השקעות בע""\מ",IL,פתיתים אפויים כוכבים,גרמים,500.00,100 גרם,false,,4.90,0.0098,true,1,1091049
7290000060781,false,פסטה אסם פתיתים מסולסלים 500גר,קריות זול,IT,פסטה מסולסלים אסם 50,גרמים,500.00,100 גרם,false,,4.90,0.0098,true,1,1091052
7290000060828,false,פסטה קרניים בינוניות אסם 500 גרם,קריות זול,IT,פסטה קרניים בינוניות,גרמים,500.00,100 גרם,false,,4.90,0.0098,true,1,1091053
7290000060842,false,פסטה אסם פתיתים צדפים גדולים 500גר,קריות זול,IT,פסטה צדפים גדולים אס,גרמים,500.00,100 גרם,false,,4.90,0.0098,true,1,1091054
7290000060880,false,פסטה ספגטי מספר 8 אסם 500 גרם,קריות זול,IT,ספגטי מספר 8 אסם 500,גרמים,500.00,100 גרם,false,,4.90,0.0098,true,1,1091057
7290000060903,false,פסטה אסם פתיתים אפויים אורז 500גר,"אסם השקעות בע""\מ",IL,פתיתים אפויים אורז א,גרמים,500.00,100 גרם,false,,4.90,0.0098,true,1,1091058
7290000060958,false,פסטה אסם אטריות בינוניות 400 גרם,"אסם השקעות בע""\מ",IL,אטריות בינוניות אסם,גרמים,400.00,100 גרם,false,,4.90,0.0123,true,1,1091060
7290000060965,false,פסטה אסם אטריות רחבות 400גר,"אסם השקעות בע""\מ",IL,אטריות רחבות אסם 400,גרמים,400.00,100 גרם,false,,4.90,0.0123,true,1,1091061
7290000060972,false,פסטה אסם אטריות דקיקות 400 גרם,פסטה זארה,IT,אטריות דקיקות אסם 40,גרמים,400.00,100 גרם,false,,4.90,0.0123,true,1,1091062
7290000061061,false,קרקר חיטה עם בצל אסם,"אסם השקעות בע""\מ",IL,קרקר בצל אסם 250 גרם,גרמים,250.00,100 גרם,false,,9.90,0.0396,true,1,1091063
7290000061085,false,"רוטב צילי מתוק 290 מ""ל-בקבוק","אסם השקעות בע""\מ",IL,רוטב צ'ילי מתוק אסם,מיליליטרים,290.00,"100 מ""ל",false,,8.90,0.0307,true,1,1091064
7290000061108,false,"רוטב טריאקי 290 מ""ל-בקבוק","אסם השקעות בע""\מ",IL,רוטב טריאקי אסם 290,מיליליטרים,290.00,"100 מ""ל",false,,8.90,0.0307,true,1,1091065
7290000061214,false,פתיתים אפויים קוסקוס עם בצל אסם 500 גרם,"אסם השקעות בע""\מ",IL,פתיתים אפויים קוסקוס,גרמים,500.00,100 גרם,false,,4.90,0.0098,true,1,1091066
7290000061245,false,עוגיות שוקולד צ'יפס במילוי קרם בטעם שוקולד,מיוצר עי קונדיטוריית,IL,עוגיות שוקוצ'יפס עם,גרמים,220.00,100 גרם,false,,9.90,0.0450,true,1,1091067
7290000061450,false,פתיתים אפויים קוסקוס 3 צבעים אסם 500 גרם,"אסם השקעות בע""\מ",IL,פתיתים אפויים קוסקוס,גרמים,500.00,100 גרם,false,,4.90,0.0098,true,1,1091069
7290000062129,false,"אינסטנט פודינג בטעם וניל אסם 1 ק""ג","אסם תעשיות בע""מ",IL,אינסטנט פודינג בטעם,גרמים,1000.00,100 גרם,false,,19.90,0.0199,true,1,1091075
7290000063140,false,שקדי מרק רכיבים טבעיים בשקית 400 ג' אסם,"אסם תעשיות בע""מ",IL,שקדי מרק בשקית אסם 4,גרמים,400.00,100 גרם,false,,9.60,0.0240,true,1,1091085
7290000063157,false,"קמח עוגה תופח מאליו אסם 1 ק""ג","אסם השקעות בע""\מ",IL,"קמח תופח אסם 1 ק""ג",קילו,1.00,קילו,false,,7.90,7.9000,true,1,1091086
7290000064758,false,קוסקוס בינוני אמיתי אסם 350 ג',"מיוצר ע""י קוד יצרן K",IL,קוסקוס בינוני אסם 35,גרמים,350.00,100 גרם,false,,7.50,0.0214,true,1,1091107
7290000065090,false,מיני קרוטונים מתובלים למרק ולסלט אסם 400 גרם,עינת תעשיות מזון אגו,IL,מיני קרוטונים מתובלי,גרמים,400.00,100 גרם,false,,20.90,0.0522,true,1,1091109
7290000065540,false,אוסם - מנה חמה פסטה מוקרמת בטעם עוף 55 גרם,"אסם תעשיות בע""מ",IL,מנה חמה פסטה מוקרמת,גרמים,55.00,100 גרם,false,,4.90,0.0891,true,1,1091112
7290000065557,false,אוסם - מנה חמה קוסקוס עם ירקות 84 גרם,"אסם תעשיות מזון בע""מ",IL,מנה חמה קוסקוס עם יר,גרמים,84.00,100 גרם,false,,4.90,0.0583,true,1,1091113
7290000065977,false,חטיפי פריכונים תירס שומשום אסם 80 גרם,"פרח תעשיות מזון בע""מ.",IL,פריכיות תירס שומשום,גרמים,80.00,100 גרם,false,,6.90,0.0863,true,1,1091122
7290000066141,false,ביסלי חטיף בטעם גריל אסם 70 גרם,"אסם השקעות בע""\מ",IL,ביסלי חטיף בטעם גריל,גרמים,70.00,100 גרם,false,,3.90,0.0557,true,1,1091126
7290000066172,false,ביסלי חטיף בטעם פיצה אסם 70 גרם,"אסם השקעות בע""\מ",IL,ביסלי חטיף בטעם פיצה,גרמים,70.00,100 גרם,false,,3.90,0.0557,true,1,1091129
7290000066189,false,ביסלי חטיף בטעם פלאפל אסם 200 גרם,"אסם השקעות בע""\מ",IL,ביסלי חטיף בטעם פלאפ,גרמים,200.00,100 גרם,false,,6.50,0.0325,true,1,1091130
7290000066196,false,ביסלי חטיף בטעם גריל אסם 200 גרם,מיוצר עי קונדיטוריית,IL,ביסלי חטיף בטעם גריל,גרמים,200.00,100 גרם,false,,6.50,0.0325,true,1,1091131
7290000066226,false,ביסלי חטיף בטעם פיצה אסם 200 גרם,מיוצר עי קונדיטוריית,IL,ביסלי חטיף בטעם פיצה,גרמים,200.00,100 גרם,false,,6.50,0.0325,true,1,1091134
7290000066264,false,דובונים חטיף תפוחי אדמה אסם 40 גרם,"אסם השקעות בע""\מ",IL,דובונים חטיף תפוחי א,גרמים,40.00,100 גרם,false,,3.90,0.0975,true,1,1091135
7290000066295,false,במבה מתוקה מחומרים טבעיים 30 גרם,מיוצר עי קונדיטוריית,IL,במבה מתוקה בטעם תות,גרמים,30.00,100 גרם,false,,2.50,0.0833,true,1,1091136
7290000066318,false,במבה חטיף בוטנים אסם 80 גרם,"אסם השקעות בע""\מ",IL,במבה חטיף בוטנים אסם,גרמים,80.00,100 גרם,false,,3.90,0.0487,true,1,1091138
7290000066332,false,אפרופו חטיף תירס אסם 50 גרם,מיוצר עי קונדיטוריית,IL,אפרופו חטיף תירס אסם,גרמים,50.00,100 גרם,false,,3.90,0.0780,true,1,1091139
7290000066349,false,אפרופו חטיף תירס אסם 100 גרם,מיוצר עי קונדיטוריית,IL,אפרופו חטיף תירס אסם,גרמים,100.00,100 גרם,false,,7.90,0.0790,true,1,1091140
7290000066431,false,פופקו חטיף פופקורן בטעם חמאה ודבש אסם 80 גרם,מיוצר עי קונדיטוריית,IL,פופקו חטיף פופקורן ב,גרמים,80.00,100 גרם,false,,4.50,0.0563,true,1,1091142
7290000067599,false,מנה חמה ספגטי ברוטב בולונז אסם 65 גרם,"אסם השקעות בע""\מ",IL,מנה חמה ספגטי ברוטב,גרמים,65.00,100 גרם,false,,4.90,0.0754,true,1,1091162
7290000068138,false,אינסטנט פודינג בטעם וניל אסם 80 גרם,מיוצר עי קונדיטוריית,IL,אינסטנט פודינג בטעם,גרמים,80.00,100 גרם,false,,4.90,0.0613,true,1,1091171
7290000068190,false,אסם ג'לי תות שדה צבעים טבעיים 90 גרם,מיוצר עי קונדיטוריית,IL,אבקה להכנת ג'לי בטעם,גרמים,90.00,100 גרם,false,,5.90,0.0656,true,1,1091175
7290000068237,false,אבקה להכנת ג'לי בטעם פטל אסם 85 גרם,מיוצר עי קונדיטוריית,IL,אבקה להכנת ג'לי בטעם,גרמים,85.00,100 גרם,false,,5.90,0.0694,true,1,1091177
7290000068251,false,אבקה להכנת ג'לי בטעם אננס אסם 85 גרם,מיוצר עי קונדיטוריית,IL,אבקה להכנת ג'לי בטעם,גרמים,85.00,100 גרם,false,,5.90,0.0694,true,1,1091179
7290000068343,false,אסם פריכונים פרוסות קלויות מלא,"פרח תעשיות מזון בע""מ.",IL,פריכיות מאורז מלא אס,גרמים,140.00,100 גרם,false,,6.90,0.0493,true,1,1091186
7290000068701,false,אסם שקדי מרק רכיבים טבע.מיכל 400 גרם,"אסם תעשיות בע""מ",IL,שקדי מרק במיכל אסם 4,גרמים,400.00,100 גרם,false,,15.90,0.0398,true,1,1091189
7290000068770,false,במבה יום הולדת חטיף בוטנים אסם 80 גרם,"אסם השקעות בע""\מ",IL,במבה יום הולדת חטיף,גרמים,80.00,100 גרם,false,,3.90,0.0487,true,1,1091192
7290000068787,false,במבה יום הולדת חטיף בוטנים אסם 25 גרם,מיוצר עי קונדיטוריית,IL,במבה יום הולדת חטיף,גרמים,25.00,100 גרם,false,,1.90,0.0760,true,1,1091193
7290000069364,false,פריכונים מאורז מלא ללא תוספת סוכר אסם 140 גרם,"פרח תעשיות מזון בע""מ.",IL,פריכונים מאורז מלא ל,גרמים,140.00,100 גרם,false,,6.90,0.0493,true,1,1091208
7290000069739,false,אוסם - חטיפי קרקר שומשום 300 גרם,"אסם השקעות בע""\מ",IL,חטיפי קרקר שומשום אס,גרמים,300.00,100 גרם,false,,9.90,0.0330,true,1,1091216
7290000070308,false,אבקת מרק עוף אמיתי בשרי אסם 400 גרם,"אסם השקעות בע""\מ",IL,אבקת מרק עוף אמיתי ב,גרמים,400.00,100 גרם,false,,14.90,0.0373,true,1,1091225
7290000070353,false,אבקת מרק בצל רכיבים טבעיים אסם 400 גרם,"אסם השקעות בע""\מ",IL,אבקת מרק בצל רכיבים,גרמים,400.00,100 גרם,false,,19.90,0.0497,true,1,1091228
7290000072241,false,"רוטב פיצה 290 מ""ל-בקבוק","אסם השקעות בע""\מ",IL,רוטב לפיצה אסם 290 מ,מיליליטרים,290.00,"100 מ""ל",false,,8.90,0.0307,true,1,1091252
7290000072623,false,קטשופ אסם בקבוק לחיץ 750 גרם,"אסם תעשיות בע""מ",IL,קטשופ אסם 750 גרם,גרמים,750.00,100 גרם,false,,8.70,0.0116,true,1,1091255
7290000072630,false,קטשופ אסם חריף 750 גרם-בקבוק,"אסם תעשיות בע""מ",IL,קטשופ חריף אסם 750 ג,גרמים,750.00,100 גרם,false,,11.90,0.0159,true,1,1091256
7290000072753,false,קפה נמס מגורען טסטרס צ'ויס 200 גרם-,נסטלה קוריאה - קפה,KR,קפה נמס מגורען טסטרס,גרמים,200.00,100 גרם,false,,29.90,0.1495,true,1,1091261
7290000072777,false,קפה נמס מגורען נטול קפאין טסטרס צ'ויס 200 גרם,נסטלה קוריאה - קפה,KR,קפה נמס מגורען נטול,גרמים,200.00,100 גרם,false,,35.90,0.1795,true,1,1091263
7290000072968,false,דגני בוקר סיני מיניס חיטה מלאה וקינמון נסטלה 500 גרם,נסטלה פולין דגני בוק,PL,סיני מיניס דגנים 500,גרמים,500.00,100 גרם,false,,14.70,0.0294,true,1,1091269
7290000073125,false,מנה חמה פסטה ברוטב עגבניות אסם 62 גרם,"אסם השקעות בע""\מ",IL,מנה חמה פסטה ברוטב ע,גרמים,62.00,100 גרם,false,,4.90,0.0790,true,1,1091270
7290000073415,false,אוסם - מנה חמה פסטה ברוטב פיצה 61 גרם,"אסם השקעות בע""\מ",IL,מנה חמה פסטה ברוטב פ,גרמים,61.00,100 גרם,false,,4.90,0.0803,true,1,1091275
7290000073699,false,סלט חומוס צבר 150 גרם,סלטי צבר,IL,חומוס צבר 150 גרם,גרמים,150.00,100 גרם,false,,4.50,0.0300,true,1,1091276
7290000073750,false,מנה חמה נודלס אטר+ירקות טעם עוף 70 גרם,PUB FOODS PRESIDENT THAI,TH,מנה חמה נודלס בטעם ע,גרמים,70.00,100 גרם,false,,4.90,0.0700,true,1,1091277
7290000073767,false,מנה חמה נודלס אטר.+ירקות טעם בקר 70 גרם,PUB FOODS PRESIDENT THAI,TH,מנה חמה נודלס בטעם ב,גרמים,70.00,100 גרם,false,,4.90,0.0700,true,1,1091278
7290000073774,false,מנה חמה נודלס אטר+ירקות טעם צילי 70 גרם,טאי רזידנט,TH,מנה חמה נודלס בטעם פ,גרמים,70.00,100 גרם,false,,4.90,0.0700,true,1,1091279
7290000074153,false,ביסקוויט פתי בר שוקולד אסם 500 גרם,מיוצר עי קונדיטוריית,IL,ביסקוויט פתי בר שוקו,גרמים,500.00,100 גרם,false,,8.90,0.0178,true,1,1091286
7290000074184,false,ביסקויט פתיבר קלאסי 500 גרם,"אסם השקעות בע""\מ",IL,ביסקוויט פתי בר אסם,גרמים,500.00,100 גרם,false,,8.90,0.0178,true,1,1091288
7290000074245,false,אוסם - קרם קרקר אסם 250 גרם,"אסם השקעות בע""\מ",IL,קרם קרקר אסם 250 גרם,גרמים,250.00,100 גרם,false,,7.80,0.0312,true,1,1091289
7290000074252,false,קרקר שומשון אסם 250 גרם,"אסם השקעות בע""\מ",IL,קרקר שומשום אסם 250,גרמים,250.00,100 גרם,false,,7.90,0.0316,true,1,1091290
7290000074276,false,קרקר פיקנטי טבעון 250 ג' אסם,"אסם השקעות בע""\מ",IL,קרקר פיקנטי אסם 250,גרמים,250.00,100 גרם,false,,9.90,0.0396,true,1,1091291
7290000074375,false,אוסם - קרקר זהב 150 גרם,"אסם השקעות בע""\מ",IL,קרקר זהב אסם 150 גרם,גרמים,150.00,100 גרם,false,,6.50,0.0433,true,1,1091296
7290000074481,false,לחמית אגוזים אסם 160 גרם,"אסם השקעות בע""\מ",IL,לחמית אגוזים אסם 160,גרמים,160.00,100 גרם,false,,8.90,0.0556,true,1,1091298
7290000074696,false,אסם קרם קרקר 4*1קג ח,"אסם השקעות בע""\מ",IL,"קרם קרקר אסם 1 ק""ג",גרמים,1000.00,100 גרם,false,,22.90,0.0229,true,1,1091301
7290000074764,false,קרקר הזהב אסם 900 גרם,"אסם השקעות בע""\מ",IL,קרקר זהב אסם 900 גרם,גרמים,900.00,100 גרם,false,,26.90,0.0299,true,1,1091305
7290000075204,false,אוסם - לחמית חיטה מלאה 250 גרם,"אסם השקעות בע""\מ",IL,לחמית חיטה מלאה אסם,גרמים,250.00,100 גרם,false,,7.90,0.0316,true,1,1091314
7290000075693,false,עוגת הבית שמרים בריוש שוקולד אסם 360 גרם,מיוצר עי קונדיטוריית,IL,עוגת הבית שמרים בריו,גרמים,360.00,100 גרם,false,,14.90,0.0414,true,1,1091319
7290000076133,false,בייגלה שמיניות קטנות עם מלח אסם 400 גרם,"אסם השקעות בע""\מ",IL,בייגלה שמיניות עם מל,גרמים,400.00,100 גרם,false,,8.90,0.0223,true,1,1091322
7290000076645,false,טוסטעים פת קלויה חיטה מלאה אסם 100 גרם,ון דר מולן האלום,NL,טוסטעים פת קלויה חיט,גרמים,100.00,100 גרם,false,,9.90,0.0990,true,1,1091332
7290000077017,false,עוגיות קרמוגית במילוי קרם שוקולד אסם 200 גרם,מיוצר עי קונדיטוריית,IL,עוגיות קרמוגית במילו,גרמים,200.00,100 גרם,false,,9.90,0.0495,true,1,1091337
7290000077253,false,אוסם - לחמית כפרית עם דגנים מלאים 190 גרם,"אסם השקעות בע""\מ",IL,לחמית כפרית עם דגנים,גרמים,190.00,100 גרם,false,,8.90,0.0468,true,1,1091342
7290000078212,false,קרוטונים מתובלים למרק אסם 250 גרם,עינת תעשיות מזון אגו,IL,קרוטונים מתובלים למר,גרמים,250.00,100 גרם,false,,13.90,0.0556,true,1,1091352
7290000078762,false,אוסם - חטיפי פריכונים מאורז מלא בטעם דבש 80גר,סנורייס בלגיום אן. ו,GB,חטיפי פריכונים מאורז,גרמים,80.00,100 גרם,false,,6.90,0.0863,true,1,1091358
7290000079233,false,קרם קרקר דיאטטי דל נתרן 250 גרם,"אסם תעשיות בע""מ",IL,קרם קרקר דל נתרן אסם,גרמים,250.00,100 גרם,false,,9.90,0.0396,true,1,1091361
7290000080758,false,אוסם - טוסטעים פת קלוי 100 גרם,ון דר מולן האלום,NL,טוסטעים פת קלויה אסם,גרמים,100.00,100 גרם,false,,9.90,0.0990,true,1,1091371
7290000080765,false,טוסטעים פת קלויה עם שומשום אסם 100 גרם,ון דר מולן האלום,NL,טוסטעים פת קלויה עם,גרמים,100.00,100 גרם,false,,9.90,0.0990,true,1,1091372
7290000081663,false,"בייגלה טבעות שומשום אסם 300 גרם בד""ץ",מיוצר עי קונדיטוריית,IL,בייגלה טבעות שומשום,גרמים,300.00,100 גרם,false,,8.90,0.0297,true,1,1091374
7290000098756,false,עמלה כספומן,,,עמלה כספומן,יח',1.00,יח',false,,5.90,5.9000,true,1,7234310
7290000100128,false,פירות קפואים תות סנפרוסט 300 ג',"סנפרוסט בע""מ",IL,פירות קפואים תות,גרמים,300.00,100 גרם,false,,12.90,0.0430,true,1,6403500
7290000100135,false,פירות קפואים סנפרוסט דובדבן 300 גר,"סנפרוסט בע""מ",IL,פירות קפואים דובדבן,גרמים,300.00,100 גרם,false,,12.90,0.0430,true,1,6403501
7290000100593,false,פרוסות אנטיפסטי לתנור סנפרוסט 600 גרם,"סנפרוסט בע""\מ",IL,אנטיפסטי לתנור 600 ג,גרמים,600.00,100 גרם,false,,15.90,0.0265,true,1,8222149
7290000101132,false,לקט קטניות לחמין סנפרוסט 800 גר,"סנפרוסט בע""\מ",IL,לקט קטניות לחמיןיח ס,גרמים,800.00,100 גרם,false,,21.90,0.0274,true,1,3460315
7290000101941,false,אננס חתוך מוקפא סנפרוסט 300ג',"סנפרוסט בע""\מ",IL,אננס מוקפא 300 גר,גרמים,300.00,100 גרם,false,,12.90,0.0430,true,1,4544665
7290000101958,false,מנגו חתוך מוקפא סנפרוסט 300ג',"סנפרוסט בע""\מ",IL,מנגו מוקפא 300 גר,גרמים,300.00,100 גרם,false,,12.90,0.0430,true,1,4544666
7290000103365,false,מרק ירקות עשיר סנפרוסט 550 גרם,"איי, בי, אינבוו",IL,מרק ירקות 12 יח 550 גר,גרמים,550.00,100 גרם,false,,16.90,0.0307,true,1,1086281
7290000103815,false,לקט להקפצה בסגנון תאילנדי סנפרוסט 800 גרם,"סנפרוסט בע""\מ",IL,לקט להקפצה בסגנון תאילנדי,גרמים,800.00,100 גרם,false,,22.90,0.0286,true,1,1086292
7290000103846,false,מרק אפונה עשיר בירקות סנפרוסט 570 גרם,"סנפרוסט בע""\מ",IL,מרק אפונה 12 יח 570 גר,גרמים,570.00,100 גרם,false,,16.90,0.0296,true,1,1086295
7290000103860,false,מרק עדשים עשיר בירקות סנפרוסט 570 גרם,"איי, בי, אינבוו",IL,מרק עדשים 12 יח 570 גר,גרמים,570.00,100 גרם,false,,16.90,0.0296,true,1,1086297
7290000103877,false,מרק שעועית עשיר בירקות סנפרוסט 640 גרם,"סנפרוסט בע""\מ",IL,מרק שעועית 12 יח 640 גר,גרמים,640.00,100 גרם,false,,16.90,0.0264,true,1,1086298
7290000104188,false,שעועית אדומה מוקפאת מבושלת מוכנה לאכילה,"סנפרוסט בע""\מ",IL,שעועית אדומה מוקפאת 14 יח,גרמים,800.00,100 גרם,false,,17.90,0.0224,true,1,1086308
7290000104201,false,אפונה עדינה סנפרוסט 600 גרם,"איי, בי, אינבוו",IL,אפונה עדינה 12 יח 600 ג,גרמים,600.00,100 גרם,false,,16.90,0.0282,true,1,1086309
7290000104218,false,סנפרוסט במיה 600 גרם,"איי, בי, אינבוו",IL,במיה 14 יח 600 ג,גרמים,600.00,100 גרם,false,,15.80,0.0263,true,1,1086310
7290000104676,false,אפונה קפואה סנפרוסט 800 גרם,"איי, בי, אינבוו",IL,אפונה גינה 20 יח 800 ג,גרמים,800.00,100 גרם,false,,14.90,0.0186,true,1,1086313
7290000104683,false,שעועית ירוקה שלמה סנפרוסט 800 גרם,"סנפרוסט בע""\מ",IL,שעועית ירוקה שלמה 16 יח 8,גרמים,800.00,100 גרם,false,,19.90,0.0249,true,1,1086314
7290000104690,false,תירס גרעינים 800 גרם סנפרוסט,"איי, בי, אינבוו",IL,גרעיני תירס 20 יח 800 ג,גרמים,800.00,100 גרם,false,,17.80,0.0223,true,1,1086315
7290000104706,false,גזר גמדי סנפרוסט 800 גרם,"סנפרוסט בע""\מ",IL,גזר גמדי 16 יח 800 ג,גרמים,800.00,100 גרם,false,,16.90,0.0211,true,1,1086316
7290000104713,false,פול ירוק סנפרוסט 800 גרם,"איי, בי, אינבוו",IL,פול ירוק 20 יח 800 ג,גרמים,800.00,100 גרם,false,,20.90,0.0261,true,1,1086317
7290000104720,false,שעועית ירוקה חתוכה סנפרוסט 800 גרם,"סנפרוסט בע""\מ",IL,שעועית ירוקה חתוכה 16 יח,גרמים,800.00,100 גרם,false,,16.90,0.0211,true,1,1086318
7290000104744,false,כרובית סנפרוסט 800 גרם,"סנפרוסט בע""\מ",IL,כרובית 12 יח 800 ג,גרמים,800.00,100 גרם,false,,23.90,0.0299,true,1,1086320
7290000104751,false,"כרוב ניצנים 800 גרם ""סנפרוסט""","איי, בי, אינבוו",IL,כרוב ניצנים 16 יח 800 ג,גרמים,800.00,100 גרם,false,,16.90,0.0211,true,1,1086321
7290000104768,false,תרד עלים סנפרוסט 800 ג ',"איי, בי, אינבוו",IL,עלי תרד 14 יח 800 ג,גרמים,800.00,100 גרם,false,,19.90,0.0249,true,1,1086322
7290000104775,false,תרד מדליונים סנפרוסט 800 גרם,"איי, בי, אינבוו",IL,מדליוני תרד 16 יח 800 ג,גרמים,800.00,100 גרם,false,,23.90,0.0299,true,1,1086323
7290000104799,false,שעועית לבנה מבושלת סנפרוסט 800 גרם,"איי, בי, אינבוו",IL,שעועית לבנה 16 יח 800 גר,גרמים,800.00,100 גרם,false,,14.90,0.0186,true,1,1086324
7290000104805,false,גרגירי חומוס מבושלים סנפרוסט 800 גרם,"איי, בי, אינבוו",IL,גרגירי חומוס 14 יח 800 גר,גרמים,800.00,100 גרם,false,,18.90,0.0236,true,1,1086325
7290000104829,false,קלחי תירס חתוכים סנפרוסט 1 קילו,"סנפרוסט בע""\מ",IL,קלחוני תירס 16 יח 1 קג,גרמים,1000.00,100 גרם,false,,19.70,0.0197,true,1,1086327
7290000104836,false,שעועית ירוקה עדינה שלמה סנפרוסט 600 גרם,"סנפרוסט בע""\מ",IL,שעועית עדינה שלמה 12 יח,גרמים,600.00,100 גרם,false,,19.90,0.0332,true,1,1086328
7290000104881,false,לקט אפונה וגזר סנפרוסט 800 גרם,"איי, בי, אינבוו",IL,לקט אפונה וגזר 13 יח 800,גרמים,800.00,100 גרם,false,,14.90,0.0186,true,1,1086331
7290000106526,false,ירקות מעורבים מוקפאים חגיגה ירוקה להקפצה,"איי, בי, אינבוו",IL,לקט להקפצה חגיגה ירו,גרמים,800.00,100 גרם,false,,22.90,0.0286,true,1,7587838
7290000107165,false,חטיף סויה אדממה סנפרוסט 400 גרם,"איי, בי, אינבוו",IL,סויה אדממה 20 יח 400 גרם,גרמים,400.00,100 גרם,false,,13.90,0.0348,true,1,1086339
7290000107189,false,תחתיות ארטישוק סנפרוסט 400 גרם,"איי, בי, אינבוו",IL,תחתיות ארטישוק 12 יח 400,גרמים,400.00,100 גרם,false,,19.90,0.0497,true,1,1086340
7290000107295,false,תפרחות ברוקולי סנפרוסט 800 גרם,"איי, בי, אינבוו",IL,תפרחות ברוקולי 12 יח 800,גרמים,800.00,100 גרם,false,,24.90,0.0311,true,1,1086345
7290000111119,false,תפוח אדמה לבן ארוז,ביכורי השקמה,,תפוח אדמה לבן ארוז,קילוגרמים,1.00,"ק""ג",true,,3.90,3.9000,true,1,4133535
7290000111122,false,בצל שלוט,,,בצל שלוט,יח',1.00,יח',false,,10.90,10.9000,true,1,5664977
7290000111186,false,"מיונז אמיתי תלמה 500 גרם בד""צ",יוניליוור ישראל מזון בע\,IL,מיונז תלמה 500 גרם,גרמים,500.00,100 גרם,false,,8.90,0.0178,true,1,1093000
7290000111353,false,"מיונז אמיתי תלמה 1 ק""ג",יוניליוור ישראל מזון בע\,IL,"מיונז תלמה 1 ק""ג",100 לקג,1.00,100 לקג,false,,15.90,15.9000,true,1,1093002
7290000112220,false,טחינה גולמית שומשום טהור בארכה 500 גרם,"רושדי תעשיות מזון בע""\מ",IL,טחינה גולמית שומשום,גרמים,500.00,100 גרם,false,,13.90,0.0278,true,1,1098466
7290000112237,false,"טחינה גולמית שומשום טהור בארכה 1 ק""ג","רושדי תעשיות מזון בע""\מ",IL,טחינה גולמית שומשום,יח',1.00,יח',false,,19.90,19.9000,true,1,1098467
7290000112497,false,מרק עשיר עוף אטריות קנור 75 גרם - שקיות,יוניליוור ישראל מזון בע\,IL,קנור מרק עשיר עוף עם,גרמים,75.00,100 גרם,false,,11.90,0.1587,true,1,1093008
7290000112619,false,מרק עוף לתיבול והעשרה קנור 400 גרם,יוניליוור ישראל מזון בע\,IL,מרק 400 עוף אמיתי,גרמים,400.00,100 גרם,false,,14.90,0.0373,true,1,1093011
7290000116884,false,"רוטב ברביקיו קנור 300 גרם בד""צ",יוניליוור ישראל מזון בע\,IL,רוטב ברביקיו קנור 34,מיליליטרים,340.00,"100 מ""ל",false,,9.90,0.0291,true,1,1093034
7290000117720,false,נמס בכוס פטריות קנור 21.5 גרם מארז זוגי,יוניליוור ישראל מזון בע\,IL,"נמס בכוס פטריות בד""ץ",יח',1.00,יח',false,,6.50,6.5000,true,1,1093045
7290000121017,false,שומרון גבינה מותכת 7% 120 גרם,שלושת האופים,IL,שומרון גבינה מותכת 7,גרמים,120.00,100 גרם,false,,8.90,0.0742,true,1,1095663
7290000121031,false,החתול המחייך גבינה מותכת 14% מון בלאן 120 גרם,שלושת האופים,IL,החתול המחייך גבינה מ,גרמים,120.00,100 גרם,false,,8.90,0.0742,true,1,1095664
7290000121079,false,גבינה מותכת למריחה עם שום שמיר 9% מון בלאן 120 גרם,שלושת האופים,IL,גבינה מותכת למריחה ע,גרמים,120.00,100 גרם,false,,8.90,0.0742,true,1,1095666
7290000121093,false,גבינה מותכת לייט בטעם שוויצרי 7% מון בלאן 120 גר',האי נאם סי או אל.טי.,IL,גבינה מותכת לייט בטע,גרמים,120.00,100 גרם,false,,8.90,0.0742,true,1,1095667
7290000121109,false,גבינה מותכת לייט עם זיתים 7% מון בלאן 120 גרם,האי נאם סי או אל.טי.,IL,גבינה מותכת לייט עם,גרמים,120.00,100 גרם,false,,8.90,0.0742,true,1,1095668
7290000121147,false,גבינה מותכת לייט בטעם פיקנטי 7% מון בלאן 120 גרם,"שלושת האופים בע""מ",IL,גבינה מותכת לייט בטע,גרמים,120.00,100 גרם,false,,8.90,0.0742,true,1,1095669
7290000121154,false,גבינה מותכת לייט עם סלמון 7% מון בלאן 120 גרם,האי נאם סי או אל.טי.,IL,גבינה מותכת לייט עם,גרמים,120.00,100 גרם,false,,8.90,0.0742,true,1,1095670
7290000129457,false,אבקת רוטב פטריות קנור 28 ג' שקית,יוניליוור ישראל מזון בע\,IL,רוטב פטריות קנור 28,גרמים,28.00,100 גרם,false,,3.90,0.1393,true,1,1093101
7290000133133,false,נייר טואלט רך ונעים,,,נייר טואלט רך ונעים,100 יח',588.00,100 יח',false,,34.90,0.0594,true,1,1098903
7290000133645,false,שלישיית משחת שיניים סודה אורביטול 145 גרם,טרופיקל דגיל תעשיות קוסמ,IL,משחת שיניים בטעם מנט,גרמים,435.00,100 גרם,false,,16.50,0.0379,true,1,1094005
7290000133904,false,"מטהר אוויר דואופרש פסיפלורה תפוז סנו 300 מ""ל","סנו מפעלי ברונוס בע""מ",IL,דואופרש פסיפלורה ותפ,מיליליטרים,300.00,"100 מ""ל",false,,9.90,0.0330,true,1,1094011
7290000135045,false,"XL TEN משקה אנרגיה פתוח ללא סוכר 250 מ""ל","טמפו משקאות בע""\מ",IL,"XL פחית 250 מ""ל",מיליליטרים,250.00,"100 מ""ל",false,,3.80,0.0152,true,1,7574124
7290000135052,false,"XL TEN משקה אנרגיה מנגו ללא סוכר 250 מ""ל","טמפו משקאות בע""\מ",IL,"XL פחית 250 מ""ל",מיליליטרים,250.00,"100 מ""ל",false,,3.80,0.0152,true,1,7398860
7290000135113,false,משקה אנרגיה XL TEN ללא סוכר בטעם נענע ליים,"טמפו משקאות בע""\מ",IL,"משקה אנרגיה לל""ס נענ",מיליליטרים,250.00,"100 מ""ל",false,,3.80,0.0152,true,1,8127107
7290000135168,false,"פפסי מקס ליים פחית צרה מארז שישייה 330 מ""ל","טמפו משקאות בע""מ",AL,פפסי מקס ליים שישיה,ליטרים,1.98,ליטר,false,,16.90,8.5354,true,1,8260074
7290000135342,false,"מי סודה טמפו בקבוק 500 מ""ל","טמפו משקאות בע""\מ",IL,"טמפו סודה 500 מ""ל",מיליליטרים,500.00,"100 מ""ל",false,,2.90,0.0058,true,1,8329726
7290000135465,false,"מי סודה 500 מ""ל - מארז 12 בקבוקים","טמפו משקאות בע""\מ",IL,טמפו סודה 12* 500 מל,ליטרים,6.00,ליטר,false,,24.90,4.1500,true,1,8326407
7290000136141,false,משקה בטעם קולה 1.5ל' פפסי,"טמפו משקאות בע""\מ",IL,פפסי 1.5 ליטר,ליטרים,1.50,ליטר,false,,7.40,4.9333,true,1,8357948
7290000136158,false,פפסי מקס משקה מוגז דל קלוריות בטעם קולה,"טמפו משקאות בע""\מ",IL,פפסי מקס 1.5 ליטר,ליטרים,1.50,ליטר,false,,6.90,4.6000,true,1,8357949
7290000136165,false,משקה מירינדה 1.5ליטר,"טמפו משקאות בע""\מ",IL,מירינדה 1.5 ליטר,ליטרים,1.50,ליטר,false,,6.90,4.6000,true,1,8357950
7290000136172,false,סבן אפ בקבוק 1.5 ליט,"טמפו משקאות בע""\מ",IL,סבן אפ 1.5 ליטר,ליטרים,1.50,ליטר,false,,6.90,4.6000,true,1,8357951
7290000136189,false,סבן אף דיאט 1.5 ליטר בודד,"טמפו משקאות בע""\ם.",IL,דיאט סבן אפ 1.5 ליטר,ליטרים,1.50,ליטר,false,,6.90,4.6000,true,1,8357952
7290000136431,false,משקה בטעם אפרסק צלול תריסר 1.5 ל' ג'אמפ,"טמפו משקאות בע""\מ",IL,ג'אמפ אפרסק 1.5 ליטר,ליטרים,1.50,ליטר,false,,7.50,5.0000,true,1,8357898
7290000136455,false,משקה בטעם אשכוליות תריסר 1.5 ל' ג'אמפ,"טמפו משקאות בע""\ם.",IL,ג'אמפ אשכוליות 1.5 ל,ליטרים,1.50,ליטר,false,,7.50,5.0000,true,1,8357899
7290000136516,false,משקה בטעם מנגו פסיפלורה תריסר 1.5 ל' ג'אמפ,טמפו משקאות בעמ,IL,ג'אמפ מנגו פסיפלורה,ליטרים,1.50,ליטר,false,,7.50,5.0000,true,1,8357901
7290000136523,false,משקה בטעם ענבים תריסר 1.5 ל' ג'אמפ,"טמפו משקאות בע""\ם.",IL,ג'אמפ ענבים 1.5 ליטר,ליטרים,1.50,ליטר,false,,7.50,5.0000,true,1,8357902
7290000136561,false,משקה בטעם תות בננה תריסר 1.5 ל' ג'אמפ,"טמפו משקאות בע""\מ",IL,ג'אמפ תות בננה 1.5 ל,ליטרים,1.50,ליטר,false,,7.50,5.0000,true,1,8357903
7290000136585,false,משקה בטעם תפוזים תריסר 1.5 ל' ג'אמפ,"טמפו משקאות בע""\ם.",IL,ג'אמפ תפוזים 1.5 ליט,ליטרים,1.50,ליטר,false,,7.50,5.0000,true,1,8357904
7290000136608,false,משקה בטעם תפוח צלול תריסר 1.5 ל' ג'אמפ,"טמפו משקאות בע""\ם.",IL,ג'אמפ תפוח צלול 1.5,ליטרים,1.50,ליטר,false,,7.50,5.0000,true,1,8357905
7290000136646,false,בירה נשר מאלט ללא אלכוהול 1.5 ליטר,"טמפו משקאות בע""\מ",IL,בירה שחורה נשר מאלט,ליטרים,1.90,ליטר,false,,8.80,4.6316,true,1,8357872
7290000136653,false,דיאט נשר מאלט ללא אלכוהול 1.5 ליטר,"טמפו משקאות בע""\מ",IL,בירה שחורה דיאט נשר,ליטרים,1.50,ליטר,false,,8.90,5.9333,true,1,8357873
7290000136660,false,סודה טמפו ליטר וחצי,טמפו,IL,סודה 1.5 ליטר,ליטרים,1.50,ליטר,false,,3.20,2.1333,true,1,8358198
7290000136776,false,שישיית פפסי מקס דל קלוריות 1.5 ליטר,פפסי Pepsi,IL,פפסי מקס 1.5 ליטר שי,ליטרים,9.00,ליטר,false,,35.90,3.9889,true,1,8357958
7290000136790,false,שישיית מי סודה טמפו 1.5 ליטר,"טמפו משקאות בע""\מ",IL,טמפו סודה 6* 1.5 ליט,מטרים,9000.00,100 מ'ל,false,,15.90,0.0018,true,1,8357906
7290000136806,false,מארז סודה רביעייה לימון ליים 1.5 ל' טמפו,טמפו משקאות בעמ,IL,סודה לימון ליים 1.5,ליטרים,6.00,ליטר,false,,10.90,1.8167,true,1,8357927
7290000136813,false,סודה בטעם אננס מארז רביעייה 1.5 ל' טמפו,טמפו משקאות בע''מn\,IL,סודה אננס 1.5לי רביע,ליטרים,6.00,ליטר,false,,10.90,1.8167,true,1,8358200
7290000136820,false,סודה בטעם פירות יער מארז ריבעיה * 1.5 ל' טמפו,טמפו משקאות בע''מn\,IL,סודה פירות יער 1.5לי,ליטרים,6.00,ליטר,false,,10.90,1.8167,true,1,8357960
7290000136837,false,רביעיית מי סודה נגיעות אפרסק טמפו 1.5 ליטר,טמפו משקאות בע''מn\,IL,רביעייה סודה טעם אפר,ליטרים,1.50,ליטר,false,,10.90,7.2667,true,1,8357961
7290000136844,false,מארז מים מזוככים אקווה נובה שישיית 2 ליטר,"טמפו משקאות בע""\מ",IL,מים אקווה נובה 2 ליט,ליטרים,12.00,ליטר,false,,10.70,0.8917,true,1,8357874
7290000137513,false,גלידונית גלידה וניל בציפוי שוקולד 60 יח' קרמיסימו,"גלידת שטראוס בע""\מ, רחוב",IL,גלידונית קרמיסימו ונ,גרמים,630.00,100 גרם,false,,39.80,0.0632,true,1,1102153
7290000137643,false,שלגוני טעמקור בטעם שוקו וניל שטראוס 8*50 גרם,"גלידת שטראוס בע""\מ, רחוב",IL,שלגוני טעמקור בטעם ש,יח',1.00,יח',false,,31.90,31.9000,true,1,1102154
7290000139104,false,שלווה חיטה תפוחה מתוקה אשבול 230 גרם,"אשב""ל בע""מ",IL,שלווה חיטה תפוחה מתו,גרמים,230.00,100 גרם,false,,7.90,0.0343,true,1,1082092
7290000139111,false,שלווה חיטה תפוחה מתוקה אשבול 90 גרם,אשבול,IL,שלווה חיטה תפוחה מתו,גרמים,90.00,100 גרם,false,,3.40,0.0378,true,1,1082093
7290000139128,false,שלווה חטיף דגן תפוח מתוק אשבול 60 גרם,אשבול,,שלווה חטיף דגן תפוח,גרמים,60.00,100 גרם,false,,3.40,0.0567,true,1,1082094
7290000139227,false,דגן לבן משפחתי 150 גר' אשבול,אשבל מזון פונקציונלי,IL,אשבול דגן לבן 150גר,גרמים,150.00,100 גרם,false,,7.90,0.0527,true,1,1082098
7290000139234,false,דגן תפוח שלווה אשבול בטעם חמאה ודבש 150ג',אשבול,IL,אשבול דגן חמאה 150 ג,גרמים,150.00,100 גרם,false,,8.70,0.0580,true,1,1082099
7290000139241,false,חטיף מולטי שוקו וניל אשבול 500 גרם,אשבול,IL,מולטי שוקו וניל 500,גרמים,500.00,100 גרם,false,,9.90,0.0198,true,1,2753590
7290000139258,false,שלווה דבש וסוכר חום אשבול 200 גרם,אשבל מזון פונקציונלי,IL,שלווה דבש וסוכר חום,גרמים,250.00,100 גרם,false,,8.70,0.0348,true,1,1082100
7290000139265,false,מולטי דגנים מלאים עם דבש 420-500 גרם,אשבול,IL,אשבול מולטי דבש 500,גרמים,500.00,100 גרם,false,,9.90,0.0198,true,1,1082101
7290000139272,false,חטיף מולטי פירות אשבול 500 גרם,אשבול,IL,אשבול מולטי דגני בוק,גרמים,500.00,100 גרם,false,,9.90,0.0198,true,1,1082102
7290000139289,false,חטיף מולטי שוקולד אשבול 500 גרם,אשבול,IL,אשבול מולטי שוקולד 5,גרמים,500.00,100 גרם,false,,9.90,0.0198,true,1,1082103
7290000139296,false,אשבול דגני בוקר מולטי כוכבים 420-500גר,אשבול,IL,אשבול מולטי כוכבים 5,גרמים,500.00,100 גרם,false,,9.90,0.0198,true,1,1082104
7290000139609,false,שלווה פיצפוצי אורז רגיל מתוק אשבול 375 גרם,אשבול,IL,אשבול פצפוצי אורז 37,גרמים,375.00,100 גרם,false,,10.90,0.0291,true,1,1082114
7290000139623,false,פיצפוצי אורז לייט 375 גר' אשבול,אשבול,IL,פצפוצי אורז אשבול,גרמים,60.00,100 גרם,false,,10.90,0.1817,true,1,1082116
7290000144160,false,"שמן זית כתית מעולה ארומתי עץ הזית 750 מ""ל","מרקאולאו, ספרד.אבסה,",IT,שמן זית כתית מעולה א,מיליליטרים,750.00,"100 מ""ל",false,,32.90,0.0439,true,1,1096207
7290000144467,false,שמן חמניות מועשר בנוגדי חמצון 1 ל' עץ הזית,"נארז ע""י : א.ג. גילר",GR,שמן בריאות חמניות עץ,ליטרים,1.00,ליטר,false,,13.90,13.9000,true,1,1096210
7290000144474,false,שמן עץ הזית קנולה 1 ליטר בריאות מהטבע,שמן תעשיות בעמ,EE,שמן בריאות קנולה עץ,ליטרים,1.00,ליטר,false,,14.80,14.8000,true,1,1096211
7290000146928,false,"משחת שיניים לילדים בטעם ענבים טום וג'רי 50 מ""ל",טרופיקל דגיל קוסמטיק,IL,משחת שיניים לילדים ב,גרמים,50.00,100 גרם,false,,7.90,0.1580,true,1,1087608
7290000146997,false,משחת שיניים לילדים מסטיק טום וג'רי 50 מל,טרופיקל דגיל קוסמטיק,IL,משחת שיניים לילדים מ,יח',1.00,יח',false,,7.90,7.9000,true,1,1087611
7290000149615,false,רביעיית סבון מוצק קלאסי לתינוק נקה 7 4*100 גרם,גליל כימיקלים בעממשו,IL,סבון מוצק לתינוק נקה,גרמים,400.00,100 גרם,false,,10.90,0.0273,true,1,1115902
7290000149844,false,סבון רב שימושי סינטבון 230 גרם,סינטבון,IL,סבון רב שימושי סינטב,גרמים,230.00,100 גרם,false,,6.90,0.0300,true,1,1094014
7290000149905,false,טקסטיל נוזל לכביסה עדינה נקה 1 ליטר,מיוצר עי קונדיטוריית,IL,טקסטיל נוזל לכביסה ע,ליטרים,1.00,ליטר,false,,12.90,12.9000,true,1,1094017
7290000151885,false,נקניק הודו יחידה עוף טוב 700ג',עוף טוב,IL,נקניק הודו יחידה 700,גרמים,700.00,100 גרם,false,,14.90,0.0213,true,1,1091398
7290000152288,false,עוף טוב נקניקיות עוף מיס לוסי 400 גרם,מוצרי עוף טוב (2001) בע\,IL,נקניקיות עוף טוב 400,גרמים,400.00,100 גרם,false,,9.90,0.0248,true,1,1091400
7290000152943,false,מארז פסטרמה כפרית וסלמי כפרי עוף טוב 2*350 גרם,מוצרי עוף טוב (2001) בע\,IL,מארז פסטרמה כפרית וס,גרמים,700.00,100 גרם,false,,18.90,0.0270,true,1,1091404
7290000153445,false,קציצות בקר מתובלות 100% רכיבים טבעיים,מולינו ניקולי s.p.a,IL,קציצות בקר מתובלות 1,גרמים,600.00,100 גרם,false,,29.90,0.0498,true,1,1091410
7290000153469,false,קציצות עוף קלאסיות 100% רכיבים טבעיים,"מוצרי עוף טוב (2001) בע""",IL,קציצות עוף קלאסיות 1,גרמים,600.00,100 גרם,false,,28.90,0.0482,true,1,1091411
7290000158105,false,שניצל עוף מיני דינוזאור ללא אנטיביוטיקה מ100% ר.טבעי,"מוצרי עוף טוב (2001) בע""",IL,שניצל עוף מיני דינוז,גרמים,700.00,100 גרם,false,,24.90,0.0356,true,1,1091443
7290000161358,false,תלמה מיונז אמיתי משמן קנולה 500 גרם,יוניליוור ישראל מזון בע\,IL,מיונז שמן קנולה 500,גרמים,500.00,100 גרם,false,,12.90,0.0258,true,1,1093132
7290000169538,false,"נמס בכוס עגבניות וקרוטונים מרק כשרות בד""ץ 62 ג' קנור",יוניליוור ישראל מזון בע\,IL,"נמס בכוס עגבניות בד""",גרמים,31.00,100 גרם,false,,6.50,0.2097,true,1,1093298
7290000169798,false,"עוגי מופחת סוכר 20% פצפוצי שוקו' 500ג' בד""צ",יוניליוור ישראל מזון בע\,IL,עוגי מופחת 20%סוכר 5,גרמים,500.00,100 גרם,false,,18.90,0.0378,true,1,2604236
7290000170053,false,"שוקולד פרה חלב 100 גרם בד""צ לל""ג","שטראוס גרופ בע""\מ.",IL,שוקולד פרה חלב מעולה,גרמים,100.00,100 גרם,false,,4.90,0.0490,true,1,1089572
7290000174099,false,בפלות ופלים בטעם שוקולד 500 גרם,"שטראוס גרופ בע""מ",IL,ופלים שוקולד 48 יחיד,גרמים,500.00,100 גרם,false,,11.90,0.0238,true,1,1089580
7290000174723,false,שוקולית אבקה להכנת משקה שוקו 500 גרם,הנסיך- מפעל לייצור ט,IL,שוקולית 500 גרם,גרמים,500.00,100 גרם,false,,11.90,0.0238,true,1,1089581
7290000176079,false,קפה עלית טורקי עם הל 100 גרם,הנסיך- מפעל לייצור ט,IL,קפה טורקי עם הל 100,גרמים,100.00,100 גרם,false,,8.90,0.0890,true,1,1089586
7290000176116,false,"קפה טורקי עלית וואקום 1 ק""ג",הנסיך- מפעל לייצור ט,IL,קפה טורקי - ואקום 1,לקג,1.00,לקג,false,,74.90,74.9000,true,1,1089589
7290000176413,false,קפה נמס אבקתי עלית 50 ג',הנסיך- מפעל לייצור ט,IL,קפה נמס 50 גרם,גרמים,50.00,100 גרם,false,,8.90,0.1780,true,1,1089592
7290000176420,false,קפה נמס פחית עלית 200 גרם,שטראוס קפה בי.וי,IL,קפה נמס 200 גרם,גרמים,200.00,100 גרם,false,,18.90,0.0945,true,1,1089593
7290000176468,false,קפה נמס נטול קפאין 50 ג' קפה האג,"איי, בי, אינבוו",IL,קפה נמס האג נטול קפא,גרמים,50.00,100 גרם,false,,10.90,0.2180,true,1,1089594
7290000176475,false,האג קפה נמס נטול קפאין עלית 200 גרם,שטראוס גרופ,VN,האג קפה נמס נטול קפא,גרמים,200.00,100 גרם,false,,33.80,0.1690,true,1,1089595
7290000178707,false,תפוצ'יפס בטעם טבעי 50 גרם,"שטראוס פריטו ליי בע""\מ )",IL,תפוצ'יפס בטעם טבעי 5,גרמים,50.00,100 גרם,false,,3.50,0.0700,true,1,1097540
7290000178721,false,תפוצ'יפס בטעם טבעי 200 גרם,"שטראוס פריטו ליי בע""\מ )",IL,תפוצ'יפס בטעם טבעי 2,גרמים,200.00,100 גרם,false,,9.90,0.0495,true,1,1097542
7290000180212,false,שוקולוד פרה מריר אגוזים 100ג' עלית,"שטראוס גרופ בע""מ",IL,שוקולד מריר עם שברי,גרמים,100.00,100 גרם,false,,4.90,0.0490,true,1,1089603
7290000185224,false,סילאן בקבוק לחיץ תמר כנרת 650 גר,תמר כנרת,IL,סילאן לחיץ כנרת 650,גרמים,650.00,100 גרם,false,,15.90,0.0245,true,1,1084191
7290000185590,false,סילאן טבעי בבקבוק לחיץ 650 גרם,"טעמי הגליל בע""\מ עבור וי",IL,סילאן טבעי בבקבוק לח,גרמים,635.00,100 גרם,false,,19.90,0.0313,true,1,8310956
7290000188591,false,קוטקס מגן תחתון יאנג ביג 60 יחידות,קימברלי קלארק,CN,מגן תחתון יאנג קוטקס,יח',60.00,יח',false,,17.90,0.2983,true,1,1100274
7290000189277,false,תבניות מלבניות עבות וחזקות ניקול 3 יחידות,ניקול,CN,תבניות מלבניות עמוקו,יח',3.00,יח',false,,10.70,3.5667,true,1,2734641
7290000189499,false,תבניות אפיה עגולות מקרטון ניקול 3 יחידות,"דוקארט בעמ, קיבוץ כפ",IL,תבניות אפיה עגולות מ,יח',3.00,יח',false,,9.70,3.2333,true,1,1100295
7290000189598,false,מטליות לחות חד פעמיות לניקוי כללי 50 יח' ניקול,עלבד משואות יצחק בעמ,IL,מטליות לחות לניקוי כ,יח',50.00,יח',false,,10.70,0.2140,true,1,1100303
7290000189659,false,מטליות לחות לרצפה ניקול 10 יח'-מרכז,עלבד משואות יצחק בעמ,IL,מטליות לחות לרצפה ני,יח',10.00,יח',false,,10.70,1.0700,true,1,1100305
7290000189680,false,ניקול זוג מטליות לחות לרצפה,חוגלה קימברלי,IL,זוג מטליות לחות לרצפ,מיליליטרים,700.00,"100 מ""ל",false,,19.90,0.0284,true,1,2629717
7290000189734,false,מטליות לחות לניקוי פרקט ניקול 10 יחידות,עלבד משואות יצחק בעמ,IL,מטליות לחות לניקוי פ,יח',10.00,יח',false,,11.70,1.1700,true,1,1100309
7290000190198,false,מטליות לחות לניקוי וחיטוי 99.9% ניקול 50 יחידה,עלבד משואות יצחק בעמ,IL,מטליות לניקוי וחיטוי,יח',50.00,יח',false,,10.70,0.2140,true,1,2613608
7290000191225,false,חיתולים ליטל בייביז מידה 2 האגיס 46 יחידות,קימברלי קלארק שיווק,IL,האגיס ליטל שלב 2 44,יח',46.00,יח',false,,29.70,0.6457,true,1,2629471
7290000193014,false,מגן תחתון פדיות אינטרלוד לילי 50 יחידות,חוגלה קימברלי,CZ,מגן תחתון לילי 50 יח,יח',50.00,יח',false,,9.90,0.1980,true,1,1100345
7290000193083,false,נובה-לי תחבושות היגייניות לילי 28 יחידות,חוגלה קימברלי,CZ,נובה-לי תחבושות היגי,יח',28.00,יח',false,,8.90,0.3179,true,1,1100346
7290000193205,false,תחבושות עם כנפיים ללילה נטורל לילי 20 יחידות,חוגלה קימברלי,BE,תחבושות לילה עם כנפי,יח',20.00,יח',false,,15.90,0.7950,true,1,1100349
7290000193472,false,מגן תחתון נטורל נורמל לילי 60 יחידות,חוגלה קימברלי,ES,מגן תחתון נטורל נורמ,יח',60.00,יח',false,,14.90,0.2483,true,1,1100351
7290000193540,false,מגן תחתון לונג נטורל לילי 52 יחידות,חוגלה קימברלי,ES,מגן תחתון ארוך נטורל,יח',52.00,יח',false,,14.90,0.2865,true,1,1100352
7290000193649,false,תחבושות עם כנפיים נורמל פלוס לילי 24 יחידות,חוגלה קימברלי,ES,תחבושות עם כנפיים נו,יח',24.00,יח',false,,15.90,0.6625,true,1,1100354
7290000193656,false,תחבושות עם כנפיים סופר פלוס לילי 24 יחידות,חוגלה קימברלי,ES,תחבושות עם כנפיים סו,יח',24.00,יח',false,,15.90,0.6625,true,1,1100355
7290000193793,false,לילי תחבושות אינטימי נורמל אולט' 24 יח',חוגלה קימברלי,ES,תחבושות נורמל אולטרה,יח',24.00,יח',false,,15.90,0.6625,true,1,1100359
7290000194536,false,חזה עוף טרי מחפוד אר,עוף ירושלים מהדרין,,חזה עוף טרי מחפוד אר,קילוגרמים,1.00,"ק""ג",true,,29.90,29.9000,true,1,8380847
7290000196039,false,"מפות שולחן איריס ח""פ ניקול 2 יח'",חוגלה קימברלי,IL,מפת שולחן 110*180 ני,יח',2.00,יח',false,,10.70,5.3500,true,1,1100381
7290000197012,false,שקיות ריצ'רץ' אחסון למזון ניקול 15 יחידות,חוגלה קימברלי,CN,שקיות ריצ'רץ' אחסון,יח',15.00,יח',false,,12.90,0.8600,true,1,1100390
7290000197029,false,שקיות ריצ'רץ' רב תכליתיות ניקול 12 יחידות,קריות זול,IL,שקיות ריצ'רץ' רב תכל,יח',12.00,יח',false,,12.90,1.0750,true,1,1100391
7290000197425,false,חיתולים פרידום דריי שלב 3 האגיס 52 יחידות,קימברלי קלארק ישראל,IL,האגיס פרידום דריי של,יח',52.00,יח',false,,41.90,0.8058,true,1,2708416
7290000197456,false,חיתולים פרידום דריי שלב 4 האגיס 44 יחידות,קימברלי קלארק ישראל,IL,האגיס פרידום דריי של,יח',44.00,יח',false,,41.90,0.9523,true,1,2708417
7290000197463,false,חיתולים פרידום דריי שלב +4 האגיס 40 יחידות,קימברלי קלארק ישראל,IL,האגיס פרידום דריי של,יח',40.00,יח',false,,41.90,1.0475,true,1,2708418
7290000197548,false,חיתולים פרידום דריי שלב 5 האגיס 36 יחידות,קימברלי קלארק ישראל,IL,האגיס פרידום דריי של,יח',36.00,יח',false,,41.90,1.1639,true,1,2708419
7290000197678,false,חיתולי האגיס פרידום דריי שלב 6 30 יחידות,קימברלי קלארק ישראל,IL,האגיס פרידום דריי של,יח',30.00,יח',false,,41.90,1.3967,true,1,2708420
7290000204086,false,ניקול כרית קרצוף מארז שלישייה,חוגלה קימברלי,US,סקוטש קרצוף ניקול 3,יח',3.00,יח',false,,9.70,3.2333,true,1,1100448
7290000204147,false,רביעיית כרית יפנית עבה ניקול 4 יחידות,פלסטו פוליש (ברקן),IL,כריות יפניות עבות ני,יח',4.00,יח',false,,10.70,2.6750,true,1,1100449
7290000204215,false,שישיית כרית יפנית ניקול 6 יחידות,פלסטו פוליש (ברקן),IL,כריות יפניות ניקול 6,יח',6.00,יח',false,,9.70,1.6167,true,1,1100450
7290000204253,false,מטליות רב שימושיות לניקיון ניקול 9 יחידות,נועם אורים-קיבוץ אור,IL,מטליות רב שימושיות ל,יח',9.00,יח',false,,9.90,1.1000,true,1,1100452
7290000204611,false,שישיית ספוגית הקסם ניקול 6 יחידות,חוגלה קימברלי,US,ספוגית הקסם ניקול 6,יח',6.00,יח',false,,10.70,1.7833,true,1,1100455
7290000205915,false,חיתולי האגיס אקסטרה קייר מידה 4 40 יחידות,חוגלה קימברלי,IL,האגיס אקסטרה קייר מי,יח',40.00,יח',false,,46.80,1.1700,true,1,2804119
7290000207063,false,רסק עגבניות פריכוז 28% 240 גרם יכין,היינץ צפון אמריקה מק,IL,רוטב עגב' פריכוז 240,גרמים,260.00,100 גרם,false,,3.80,0.0146,true,1,1099979
7290000207162,false,רוטב עגבניות מרכיב טבעי 100 ג' יכין,"זנלכל בע""\מ",IL,רוטב עגבניות 22BX יכ,גרמים,100.00,100 גרם,false,,2.20,0.0220,true,1,1099982
7290000207438,false,עגבניות 2.5 A קוביות 850 גרם יכין,"זנלכל בע""\מ",IL,עגבניות קוביות יכין,גרמים,800.00,100 גרם,false,,9.90,0.0124,true,1,1099983
7290000208008,false,רסק פלפל חריף חריסה A2 יכין 550 ג',"זנלכל בע""\מ",IL,חריסה פלפל מרוסק יכי,גרמים,570.00,100 גרם,false,,6.80,0.0119,true,1,1099986
7290000208022,false,עגבניות מרוסקות פריכוז 800 ג' יכין,"זנלכל בע""\מ",IL,עגבניות מרוסקות יכין,גרמים,800.00,100 גרם,false,,9.90,0.0124,true,1,1099987
7290000208077,false,אפונת גינה רגילה 550 גרם יכין,"זנלכל בע""\מ",IL,אפונת גינה יכין 550,גרמים,335.00,100 גרם,false,,7.90,0.0236,true,1,1099989
7290000208114,false,"אפונה וגזר יכין A2 פ""ק בית יוסף","זנלכל בע""\מ",IL,אפונת גינה וגזר יכין,גרמים,335.00,100 גרם,false,,6.90,0.0206,true,1,1099992
7290000208145,false,גרעיני תירס מתוק לייט 550 גרם יכין,"זנלכל בע""\מ",IL,תירס מתוק לייט יכין,גרמים,335.00,100 גרם,false,,9.90,0.0296,true,1,1099995
7290000208213,false,שעועית לבנה אפויה A2 ברוטב עגבניות יכין 560ג',היינץ צפון אמריקה מק,IL,שעועית לבנה ברוטב עג,גרמים,355.00,100 גרם,false,,6.90,0.0194,true,1,1099998
7290000208220,false,"שעועית צ'לי יכין פ""ק A2 בית יוסף",היינץ צפון אמריקה מק,IL,שעועית צ'ילי יכין 58,גרמים,355.00,100 גרם,false,,9.50,0.0268,true,1,1099999
7290000208244,false,"בסיס לשקשוקה יכין A2 פ""ק בית יוסף","זנלכל בע""מ",IL,רוטב מתובל לשקשוקה י,גרמים,570.00,100 גרם,false,,8.50,0.0149,true,1,1100001
7290000208251,false,שעועית ירוקה חתוכה יכין 550 גרם,"זנלכל בע""מ",IL,שעועית ירוקה חתוכה י,גרמים,320.00,100 גרם,false,,7.90,0.0247,true,1,1100002
7290000208312,false,גרעיני תירס מתוק בואקום יכין 400 גר',"זנלכל בע""\מ",IL,תירס מתוק יכין 400 ג,גרמים,246.00,100 גרם,false,,6.50,0.0264,true,1,1100004
7290000208329,false,גרעיני תירס מתוק 550 גרם יכין,"זנלכל בע""\מ",IL,תירס מתוק יכין 550 ג,גרמים,335.00,100 גרם,false,,6.90,0.0206,true,1,1100005
7290000208336,false,רסק יכין 240גר 22% יכין בית יוסף,"זנלכל בע""\מ",IL,רוטב עגבניות 22BX יכ,גרמים,240.00,100 גרם,false,,3.90,0.0162,true,1,1100006
7290000208343,false,עגבניות מרוסקות שום יכין A2.5 בית יוסף,היינץ צפון אמריקה מק,IL,עגבניות מרוסקות שום,גרמים,800.00,100 גרם,false,,9.90,0.0124,true,1,1100007
7290000208350,false,עגבניות מרוסקות בצל 850 גר יכין A 2.5,זנלכל,IL,עגבניות מרוסקות בצל,גרמים,800.00,100 גרם,false,,9.90,0.0124,true,1,1100008
7290000208367,false,עגבניות מרוסקות בתוספת בזיליקום 800 ג' יכין,זנלכל,IL,מרוסקות בזיליקום A2.,גרמים,800.00,100 גרם,false,,9.90,0.0124,true,1,1100009
7290000208404,false,A2 פול מצרי 550 גרם יכין,"זנלכל בע""\מ",IL,פול יכין 580 גרם,גרמים,350.00,100 גרם,false,,7.90,0.0226,true,1,1100010
7290000208428,false,גרגרי חומוס שלם 550 גרם יכין,"זנלכל בע""\מ",IL,חומוס יכין 550גרם,גרמים,290.00,100 גרם,false,,6.90,0.0238,true,1,1100011
7290000208459,false,"לקט אפונה, תפוחי אדמה וגזר יכין 550 גרם","זנלכל בע""\מ",IL,לקט אפונה תפוחי אדמ,גרמים,335.00,100 גרם,false,,9.90,0.0296,true,1,1100013
7290000208480,false,גרעיני תירס מתוק בטעם חמאה 550 גרם יכין,"זנלכל בע""\מ",IL,תירס מתוק בטעם חמאה,גרמים,550.00,100 גרם,false,,9.90,0.0180,true,1,1100014
7290000208534,false,גרעיני תירס מתוק לילדים 550 גרם יכין,"זנלכל בע""\מ",IL,תירס מתוק לילדים יכי,גרמים,335.00,100 גרם,false,,9.90,0.0296,true,1,1100015
7290000208855,false,רוטב לפסטה קלאסי 240 גרם יכין,"זנלכל בע""\מ",IL,רוטב פסטה קלאסי יכין,גרמים,240.00,100 גרם,false,,5.50,0.0229,true,1,1100018
7290000208893,false,גרעיני תירס מתוק לייט 400 גרם יכין,היינץ צפון אמריקה מק,IL,תירס מתוק לייט יכין,גרמים,246.00,100 גרם,false,,6.50,0.0264,true,1,1100019
7290000208930,false,עגבניות מרוסקות בתוספת שום 240 גרם יכין,"זנלכל בע""מ",IL,מרוסקות שום 240 יכין,גרמים,240.00,100 גרם,false,,5.50,0.0229,true,1,1100021
7290000208978,false,רסק עגבניות פריכוז 28% 100 גרם יכין,היינץ צפון אמריקה מק,IL,ר.עגב' פריכוז 100 יכ,גרמים,100.00,100 גרם,false,,2.90,0.0290,true,1,1100023
7290000209012,false,חומץ 1ליטר יכין הדרים,"זנלכל בע""\מ",IL,חומץ 5% יכין 1 ליטר,ליטרים,1.00,ליטר,false,,5.90,5.9000,true,1,1100025
7290000209043,false,מיץ לימון לתיבול יכין 1 ליטר,היינץ צפון אמריקה מק,IL,מיץ לימון לתיבול יכי,100 יח',1000.00,100 יח',false,,5.90,0.0059,true,1,1100027
7290000209173,false,חומצה אצטית למזון 5% יכין 1 ליטר,"זנלכל בע""\מ",IL,חומצה אצטית למזון 5%,100 מל,1000.00,100 מל,false,,4.50,0.0045,true,1,1100029
7290000209371,false,תירס מתוק יכין 200 גרם מארז 3 יח',היינץ צפון אמריקה מק,IL,תירס מתוק יכין 200 ג,גרמים,495.00,100 גרם,false,,14.90,0.0301,true,1,2728776
7290000209388,false,תירס מתוק לייט יכין 200 גרם מארז 3 יח',"זנלכל בע""\מ",IL,תירס מתוק לייט יכין,גרמים,369.00,100 גרם,false,,14.90,0.0404,true,1,2728777
7290000209517,false,סירופ דיאט בטעם לימון יכין 1 ליטר,היינץ צפון אמריקה מק,IL,סירופ דיאט בטעם לימו,ליטרים,1.00,ליטר,false,,16.70,16.7000,true,1,1100039
7290000209524,false,סירופ דיאט בטעם פטל יכין 1 ליטר,"זנלכל בע""\מ",IL,סירופ דיאט בטעם פטל,ליטרים,1.00,ליטר,false,,16.70,16.7000,true,1,1100040
7290000209531,false,סירופ דיאט בטעם אשכוליות יכין 1 ליטר,"זנלכל בע""\מ",IL,סירופ דיאט בטעם אשכו,ליטרים,1.00,ליטר,false,,16.70,16.7000,true,1,1100041
7290000209708,false,עגבניות מרוסקות עם בזיליקום יכין 240 גרם,היינץ צפון אמריקה מק,IL,עגבניות מרוסקות עם ב,גרמים,240.00,100 גרם,false,,5.50,0.0229,true,1,1100046
7290000209722,false,רסק עגבניות 28% פריכוז 580 גרם יכין,"זנלכל בע""\מ",IL,פריכוז יכין 580 ג' A,גרמים,580.00,100 גרם,false,,9.90,0.0171,true,1,1100048
7290000209906,false,עגבניות מרוסקות בתוספת בצל 240 גרם יכין,זנלכל,IL,עגבניות מרוסקות בצל,גרמים,240.00,100 גרם,false,,5.50,0.0229,true,1,1100049
7290000209913,false,עגבניות חתוכות לקוביות 240 גרם יכין,"זנלכל בע""\מ",IL,עגבניות קוביות 240 י,גרמים,240.00,100 גרם,false,,5.50,0.0229,true,1,1100050
7290000209944,false,רוטב לעגבניות בסיס לשקשוקה 240 ג' יכין,"זנלכל בע""\מ",IL,רוטב לשקשוקה יכין 24,גרמים,240.00,100 גרם,false,,5.50,0.0229,true,1,1100051
7290000209951,false,רוטב עגבניות לפיצה 260 גרם יכין,"זנלכל בע""\מ",IL,רוטב פיצה יכין 240 ג,מיליליטרים,240.00,"100 מ""ל",false,,5.50,0.0229,true,1,1100052
7290000209968,false,רוטב עגבניות ללזניה יכין 240 גרם,"זנלכל בע""\מ",IL,רוטב לזניה 240 יכין,גרמים,240.00,100 גרם,false,,5.50,0.0229,true,1,1100053
7290000210469,false,עגבניות שלמות יכין A2.5 בית יוסף,זנלכל,IL,עגבניות שלמות יכין 8,גרמים,800.00,100 גרם,false,,9.90,0.0124,true,1,1100060
7290000210896,false,רוטב לפסטה בולונז 240 גרם יכין,"זנלכל בע""מ",IL,רוטב פסטה בולונז יכי,גרמים,240.00,100 גרם,false,,5.50,0.0229,true,1,1100069
7290000211169,false,"אורז תאילנדי אחד אחד סוגת 1 ק""ג",האי נאם סי או אל.טי.,IL,"אורז תאילנדי 1 ק""ג",גרמים,1000.00,100 גרם,false,,6.80,0.0068,true,1,1093718
7290000211312,false,סוגת אורז מלא פרסי אחד אחד 1 קג,האי נאם סי או אל.טי.,IL,"אורז מלא 1 ק""ג",גרמים,1000.00,100 גרם,false,,7.90,0.0079,true,1,1093719
7290000211374,false,"קמח חיטה מלא סוגת 1 ק""ג",טחנת קמח דגן-שטיבל,IL,"קמח מלא 1 ק""ג",גרמים,1000.00,100 גרם,false,,6.90,0.0069,true,1,1093720
7290000211442,false,"סוגת אורז פרסי קלאסי שקית 1 ק""ג",האי נאם סי או אל.טי.,IL,"אורז פרסי סוגת 1 ק""ג",גרמים,1000.00,100 גרם,false,,10.80,0.0108,true,1,1093722
7290000211503,false,סוכר לבן ארוז בשקית,"סוגת תעשיות בע""\מ",IL,"סה""כ סוכר לבן 1 ק""ג",גרמים,1000.00,100 גרם,false,,3.90,0.0039,true,1,1093723
7290000211626,false,"סוגת אורז חיש 1 ק""ג","סוגת תעשיות בע""\מ",IL,"אורש חיש 1 ק""ג",גרמים,1000.00,100 גרם,false,,7.90,0.0079,true,1,1093724
7290000218999,false,מחזיק מפתחות פנס תרו,,,מחזיק מפתחות פנס תרו,יח',1.00,יח',false,,10.00,10.0000,true,1,8481523
7290000226514,false,עוגת דובוש טעם ריבת חלב קפולסקי 450 גרם,תופינים מקבוצת קפולסקי,IL,עוגת דובוש ריבת חלב,גרמים,450.00,100 גרם,false,,38.90,0.0864,true,1,1117883
7290000226552,false,קפולסקי עוגת טורט ריבת חלב+ קוקוס קפוא,קפולסקי שיווק וקמעונ,IL,עוגת טורט ריבת חלב ע,גרמים,1000.00,100 גרם,false,,63.90,0.0639,true,1,1117886
7290000226569,false,"עוגת טורט קצפת שוקולד קפולסקי 1 ק""ג",תופינים מקבוצת קפולסקי,IL,עוגת טורט קצפת שוקול,קילוגרמים,1.00,"לק""ג",false,,63.90,63.9000,true,1,2859369
7290000226576,false,"עוגת טורט מצופה שוקולד קפולסקי 1 ק""ג",תופינים מקבוצת קפולסקי,IL,עוגת טורט קצפת שוקול,יח',1.00,יח',false,,63.90,63.9000,true,1,1117887
7290000238029,false,"בצק עלים צרפתי מרודד מעדנות 1 ק""ג",מיוצר עי קונדיטוריית,IL,"בצק עלים מרודד 1 ק""ג מעדנ",גרמים,1000.00,100 גרם,false,,15.90,0.0159,true,1,1086348
7290000238036,false,מלאווח בקופסא מעדנות 700 גרם,מיוצר עי קונדיטוריית,IL,מלאווח 700גר מעדנות,גרמים,700.00,100 גרם,false,,12.90,0.0184,true,1,1086349
7290000238173,false,בורקס גבינה מעדנות 800 גרם,מיוצר עי קונדיטוריית,IL,בורקס גבינה מעדנות 800גר,גרמים,800.00,100 גרם,false,,14.90,0.0186,true,1,1086350
7290000238180,false,בורקס תפוחי אדמה מעדנות 800 גרם,מיוצר עי קונדיטוריית,IL,"בורקס תפו""א 800 גרם מעדנו",גרמים,800.00,100 גרם,false,,14.90,0.0186,true,1,1086351
7290000244051,false,"הוואי שלישיית סבון נוזלי משב טרופי 500 מ""ל",טרופיקל דגיל,IL,הוואי סבון נוזלי אדו,ליטרים,1.50,ליטר,false,,14.90,9.9333,true,1,1087615
7290000244761,false,"קרם ידיים ולווטה 100 מ""ל",טרופיקל דגיל קוסמטיק,IL,קרם ידים ולווטה 100,מטרים,100.00,100 מ'ל,false,,8.90,0.0890,true,1,1087630
7290000245072,false,סוד מרכך כביסה בייבי סנסטיב 4 ליטר,"הנקל סוד בע""\מ",IL,סוד מרכך כביסה תינוק 4 לי,ליטרים,4.00,ליטר,false,,17.90,4.4750,true,1,1087633
7290000245157,false,סוד סופט מרכך כביסה סנסיישן 4 ליטר,"הנקל סוד בע""\מ",IL,סוד מרכך כביסה סנסיישן 4,ליטרים,4.00,ליטר,false,,17.90,4.4750,true,1,1087636
7290000245782,false,סוד סופט מרכך כביסה ורוד 4 ליטר,"הנקל סוד בע""\מ",IL,סוד מרכך כביסה ורוד 4 ליט,ליטרים,4.00,ליטר,false,,17.90,4.4750,true,1,1087660
7290000245799,false,סוד סופט מרכך כביסה כחול 4 ליטר,"הנקל סוד בע""\מ",IL,סוד מרכך כביסה כחול 4 ליט,ליטרים,4.00,ליטר,false,,17.90,4.4750,true,1,1087661
7290000253220,false,שוקולד צ'יפס חום אופנהיימר 260 גר',אופנהיימר,IL,שוקולד צ'יפס חום 260,גרמים,260.00,100 גרם,false,,10.90,0.0419,true,1,1105640
7290000253251,false,שוקולד צ'יפס לבן אופנהיימר 250 גרם,אופנהיימר,IL,שוקולד צ'יפס לבן 250,גרמים,250.00,100 גרם,false,,9.90,0.0396,true,1,1105642
7290000253381,false,שוקולד ציפס 500 ג-אופינהיימר,אופנהיימר,IL,שוקולד ציפס 500 ג-או,גרמים,500.00,100 גרם,false,,14.60,0.0292,true,1,8304079
7290000253459,false,נטיפי צ'יפס בטעם קרמל אופנהיימר 250 גרם,אופנהיימר,IL,שוקולד ציפס קרמל 250,גרמים,250.00,100 גרם,false,,10.90,0.0436,true,1,8266125
7290000253800,false,סוכריות לקישוט צבעוניות 90 גרם - צבעים טבעיים,אופנהיימר,IL,סוכריות לקישוט צבעונ,יח',1.00,יח',false,,8.90,8.9000,true,1,7748590
7290000263359,false,חיתולים ליטל בייביז מידה 1 האגיס 40 יחידות,קימברלי קלארק שיווק,IL,האגיס ליטל בייביס מי,יח',40.00,יח',false,,29.70,0.7425,true,1,1100473
7290000267500,false,קליפות הדר מצופות שוקולד מריר שקדיה 200 גרם,"דין שיווק וקלייה בע""",IL,קליפות הדר מצופות 20,גרמים,200.00,100 גרם,false,,9.90,0.0495,true,1,1085930
7290000267586,false,גרעייני חמניה קלופים 150 גר,"דין שיווק וקלייה בע""",IL,גרעיני חמניה קלופים,גרמים,150.00,100 גרם,false,,4.90,0.0327,true,1,8446892
7290000267678,false,גרעיני דלעת טבעי קלוף שקדיה 150 ג',"דין שיווק וקלייה בע""",IL,גרעיני דלעת טבעי קלו,גרמים,150.00,100 גרם,false,,7.90,0.0527,true,1,8446893
7290000272696,false,עסיס מיץ לימון טבעי משומר 1 ל' אסם,בית-השיטה עסיס תעשיות מז,IL,עסיס מיץ לימון משומר,100 מל,1000.00,100 מל,false,,7.90,0.0079,true,1,1091469
7290000272726,false,חומץ רכיבים רכיבים טבעיים 5% עסיס 1 ליטר,בית-השיטה עסיס תעשיות מז,IL,חומץ רכיבים רכיבים ט,100 מל,1000.00,100 מל,false,,5.90,0.0059,true,1,1091470
7290000286228,false,ספוגיות לניקוי כללי סנו סושי 6 יחידות,סנו מפעלי ברונו בעמ,IL,כריות יפניות סנו סוש,יח',6.00,יח',false,,9.90,1.6500,true,1,1094024
7290000286297,false,"אנטי קאלק מסיר אבנית מקומקום סנו 700 מ""ל",סנו מפעלי ברונוס בעמ,IL,אנטי קאלק מסיר אבנית,מיליליטרים,700.00,"100 מ""ל",false,,9.90,0.0141,true,1,1094025
7290000286549,false,מטליות לניקוי כללי סנו סושי 9 יחידות,נועם אורים תעשיות בע,IL,מטליות לניקוי כללי ס,יח',9.00,יח',false,,9.90,1.1000,true,1,1094032
7290000286594,false,אבקה לניקוי במיכל לימון X סנו 600 גרם,סנו מפעלי ברונוס בעמ,IL,אבקה לניקוי ריח לימו,גרמים,600.00,100 גרם,false,,9.90,0.0165,true,1,1094034
7290000286761,false,ניילון נצמד סנו סושי פלסטיק מארז 30X2 מ',מיוצר עי קונדיטוריית,CN,ניילון נצמד פלסטיק ס,יח',2.00,יח',false,,9.90,4.9500,true,1,1094037
7290000286877,false,"רב מתכת מנקה מתכות סנו 300 מ""ל",סנו,IL,רב מתכת מנקה מתכות ס,מיליליטרים,300.00,"100 מ""ל",false,,24.90,0.0830,true,1,1094038
7290000286891,false,"נוזל ריצפה מגן קריסטל 1 ליטר ""סנו""","סנו מפעלי ברונוס בע""",IL,נוזל לרצפה מגן קריסט,ליטרים,1.00,ליטר,false,,25.90,25.9000,true,1,1094039
7290000286921,false,"ספריי להסרת כתמים סנו קל 750 מ""ל",סנו מפעלי ברונוס בעמ,IL,סנו קל רסס וכבס 750,מיליליטרים,750.00,"100 מ""ל",false,,10.90,0.0145,true,1,1094042
7290000286945,false,"סנו רהיט אקדח מרסס 500מ""ל","סנו מפעלי ברונוס בע""\מ",IL,תרסיס רהיט סנו 500 מ,מיליליטרים,500.00,"100 מ""ל",false,,25.90,0.0518,true,1,1094043
7290000287102,false,"ספריי שמפו לניקוי שטיחים סנו 600 מ""ל",מיוצר עי קונדיטוריית,IL,ספריי שמפו לניקוי שט,מיליליטרים,600.00,"100 מ""ל",false,,19.70,0.0328,true,1,1094046
7290000287195,false,"סנו רהיט ספריי עשיר בווקס להברקה 305 מ""ל",מיוצר עי קונדיטוריית,IL,סנו רהיט תרסיס לניקו,מיליליטרים,300.00,"100 מ""ל",false,,13.70,0.0457,true,1,1094047
7290000287355,false,פוליש נוזל מבריק רצפות סנו 1 ליטר,קריות זול,IL,פוליש נוזל מבריק רצפ,ליטרים,1.00,ליטר,false,,24.90,24.9000,true,1,1094049
7290000287409,false,"שלישיית סנובון תות לאסלה ""סנו""",סנו מפעלי ברונוס בעמ,IL,סנובון לאסלה תות סנו,יח',3.00,יח',false,,10.70,3.5667,true,1,1094051
7290000287430,false,סנובון צבעוני לאסלה בריח לימון שלישייה,סנו מפעלי ברונו בעמ,IL,סנובון לאסלה לימון ס,יח',3.00,יח',false,,10.70,3.5667,true,1,1094052
7290000287492,false,"סנובון נוזל לניקוי אסלות בריח לימון סנו 750 מ""ל","סנו מפעלי ברונוס בע""מ",IL,סנובון נוזל לניקוי א,מיליליטרים,750.00,"100 מ""ל",false,,8.90,0.0119,true,1,1094054
7290000287621,false,"אנטי קאלק נוזל לניקוי אסלות סנו 750 מ""ל",מיוצר עי קונדיטוריית,IL,אנטי קאלק נוזל לניקו,מיליליטרים,750.00,"100 מ""ל",false,,9.90,0.0132,true,1,1094057
7290000288017,false,אקונומיקה בריח לימון סנו ז'אוול 1 ליטר,"סנו מפעלי ברונוס בע""",IL,אקונומיקה בריח לימון,ליטרים,1.00,ליטר,false,,7.90,7.9000,true,1,1094065
7290000288024,false,סנו - ז'אוול אקונומיקה בריח לימון 4 ליטר,"סנו מפעלי ברונוס בע""מ",IL,אקונומיקה בריח לימון,ליטרים,4.00,ליטר,false,,16.90,4.2250,true,1,1094066
7290000288048,false,סנו זאוול מרסס מונבלאן 1 ליטר,"סנו מפעלי ברונוס בע""מ",IL,מרסס גאוול לבנדר 1 ל,ליטרים,1.00,ליטר,false,,16.90,16.9000,true,1,1094068
7290000288086,false,אבקת ניקוי עם אקונומיקה בריח לימון סנו ז'אוול 600 ג',מיוצר עי קונדיטוריית,IL,אבקת ניקוי עם אקונומ,גרמים,600.00,100 גרם,false,,9.90,0.0165,true,1,1094070
7290000288352,false,"קוטל חרקים וזוחלים K-300 סנו 630 מ""ל","סנו מפעלי ברונוס בע""מ",IL,קוטל חרקים K300 סנו,מיליליטרים,630.00,"100 מ""ל",false,,19.90,0.0316,true,1,1094077
7290000288642,false,מקסימה מרכך כביסה סנסיטיב בייבי סנו 4 ליטר,"סנו מפעלי ברונוס בע""\מ",IL,מקסימה מרכך כביסה סנ,ליטרים,4.00,ליטר,false,,21.50,5.3750,true,1,1094088
7290000289069,false,סנו - ז'אוול מרסס קצף ניקוי בתוספת אקונומיקה בריח לימון 1 ליטר,"סנו מפעלי ברונוס בע""מ",IL,קצף לניקוי כללי בריח,ליטרים,1.00,ליטר,false,,16.90,16.9000,true,1,1094093
7290000289236,false,K3 נמלים פיתיון ג'ל - קוטל נמלים בבית ובחצר,"סנו מפעלי ברונוס בע""\מ",IL,סנו K3 תחנת פיתיון ל,יח',1.00,יח',false,,39.90,39.9000,true,1,8226018
7290000289380,false,"סנו - ז'אוול לניקוי אסלות לימון 750 מ""ל",סנו מפעלי ברונוס בעמ,IL,ג'ל לניקוי אסלה ז'או,מיליליטרים,750.00,"100 מ""ל",false,,10.80,0.0144,true,1,1094100
7290000289472,false,סנו סושי שקיות אשפה - 50 יחידות,מיוצר עי קונדיטוריית,IL,סנו סושי שקיות אשפה,יח',50.00,יח',false,,16.90,0.3380,true,1,1094102
7290000289496,false,"סנו - ז'אוול ג'ל קרם לניקוי כללי לימון 750 מ""ל","סנו מפעלי ברונוס בע""\מ",IL,קרם לניקוי כללי לימו,מיליליטרים,750.00,"100 מ""ל",false,,10.80,0.0144,true,1,1094103
7290000289595,false,"אורביטול משחת שיניים לילדים בטעם תות שדה 145 מ""ל",טרופיקל דגיל תעשיות קוסמ,IL,משחת שיניים לילדים ב,מיליליטרים,145.00,"100 מ""ל",false,,6.90,0.0476,true,1,1094105
7290000289748,false,"מסיר שומנים לתנורים פורטה פלוס סנו 750 מ""ל","סנו מפעלי ברונוס בע""\מ",IL,מסיר שומנים לתנורים,מיליליטרים,750.00,"100 מ""ל",false,,12.80,0.0171,true,1,1094108
7290000289892,false,"סנו פרש ענק מאונטן טורקיז 375 מ""ל",סנו fresh,IL,פרש מבשם אויר ספרינג,מיליליטרים,375.00,"100 מ""ל",false,,9.90,0.0264,true,1,1094110
7290000291857,false,פוליויקס נוזל רצפות בניחוח גולדן סאנרייז סנו 2 ליטר,סנו פוליויקס,IL,פוליויקס נוזל רצפות,ליטרים,2.00,ליטר,false,,19.90,9.9500,true,1,1094116
7290000291932,false,"סנובון נוזל לניקוי אסלה בניחוח לבנדר סנו 750 מ""ל","סנו מפעלי ברונוס בע""מ",IL,סנובון נוזל לניקוי א,מיליליטרים,750.00,"100 מ""ל",false,,8.90,0.0119,true,1,1094118
7290000291963,false,אקונומיקה סמיכה בריח לימון סנו ז'אוול 1 ליטר,קריות זול,IL,אקונומיקה סמיכה בריח,ליטרים,1.00,ליטר,false,,7.90,7.9000,true,1,1094120
7290000292137,false,"נוזל לניקוי וטיפול מוצרי עור סנו 500 מ""ל",מיוצר עי קונדיטוריית,IL,נוזל לניקוי וטיפול מ,מיליליטרים,500.00,"100 מ""ל",false,,29.90,0.0598,true,1,1094121
7290000292311,false,פוליויקס נוזל רצפות בניחוח סחלבים סנו 2 ליטר,"סנו מפעלי ברונוס בע""\מ",IL,פוליויקס נוזל רצפות,ליטרים,2.00,ליטר,false,,19.90,9.9500,true,1,1094123
7290000292564,false,סנו K-2000 תרסיס מיקרו קפסולרי ללא ריח 750 מ”ל,מיוצר עי קונדיטוריית,IL,קוטל חרקים K2000 ללא,מיליליטרים,750.00,"100 מ""ל",false,,28.90,0.0385,true,1,1094130
7290000292687,false,סנובון מוצק לניקוי אסלה קלאסיק כחול סנו 3 יחידות,מיוצר עי קונדיטוריית,IL,סנובון מוצק לניקוי א,יח',3.00,יח',false,,14.90,4.9667,true,1,1094134
7290000292915,false,"תרסיס לניקוי כללי רסס ונגב סנו 750 מ""ל","סנו מפעלי ברונוס בע""\מ",IL,תרסיס לניקוי כללי רס,מיליליטרים,750.00,"100 מ""ל",false,,10.90,0.0145,true,1,1094136
7290000293073,false,מקסימה מרכך כביסה ביו לבן סנו 4 ליטר,"סנו מפעלי ברונוס בע""\מ",IL,מקסימה מרכך כביסה בי,ליטרים,4.00,ליטר,false,,21.50,5.3750,true,1,1094139
7290000293530,false,סנו פרש סופג לחות שקית מילוי 340 גרם,סנו מפעלי ברונו בעמ,IL,סופג לחות מילוי סנו,מיליליטרים,340.00,"100 מ""ל",false,,11.70,0.0344,true,1,1094142
7290000293943,false,"מרסס לבן מסיר אבנית 1 ליטר אנטי קאלק ""סנו""",מיוצר עי קונדיטוריית,IL,אנטיקאלק תרסיס להסרת,ליטרים,1.00,ליטר,false,,16.70,16.7000,true,1,1094146
7290000294391,false,נוזל לניקוי כללי בניחוח סחלבים סנו ג'ט 4 ליטר,סנו מפעלי ברונוס בעמ,IL,נוזל לניקוי כללי בני,ליטרים,4.00,ליטר,false,,17.90,4.4750,true,1,1094147
7290000294780,false,אקונומיקה סמיכה בריח לימון סנו ז'אוול 4 ליטר,"סנו מפעלי ברונוס בע""מ",IL,אקונומיקה סמיכה בריח,ליטרים,4.00,ליטר,false,,16.90,4.2250,true,1,1094153
7290000295299,false,סנו סושי כריות הפלא רב תכלתיות רביעייה,סנו מפעלי ברונו בעמ,IL,כריות יפניות סנו סוש,יח',4.00,יח',false,,9.70,2.4250,true,1,1094156
7290000295367,false,"מקסימה אבקת כביסה אפקט ז'אוול סנו 2.5 ק""ג",סנו מקסימה,IL,מקסימה אבקת כביסה אפ,קילוגרמים,2.50,"ק""ג",false,,22.70,9.0800,true,1,1094159
7290000295404,false,שקיות אשפה עם שרוך 54 * 65 סנו סושי 60 יחידות,מיוצר עי קונדיטוריית,IL,סנו סושי שקיות אשפה,יח',60.00,יח',false,,19.90,0.3317,true,1,1094160
7290000295503,false,זוג שקיות מזון טבע 19*25 סנו סושי 150 יחידות,"אשפלסט תעשיות בע""מ",CN,סנו סושי זוג שקיות א,יח',300.00,יח',false,,13.70,0.0457,true,1,1094161
7290000295558,false,"רדיד אלומיניום רוחב 30 ס""מ סנו סושי 2 יח' 7.5 מטר",מולינו ניקולי s.p.a,TR,רדיד אלומיניום רוחב,יח',1.00,יח',false,,9.90,9.9000,true,1,1094163
7290000295565,false,"רדיד אלומיניום רוחב 45 ס""מ סנו 2 יח' 7.5 מטר",בורסה פאזרי,TR,רדיד אלומיניום רוחב,אורך,7.50,אורך,false,,14.90,1.9867,true,1,1094164
7290000295572,false,"מארז זוגי מנקה אסלות 00 סנו 750 מ""ל",מיוצר עי קונדיטוריית,IL,נוזל לניקוי אסלה 00,מיליליטרים,750.00,"100 מ""ל",false,,16.90,0.0225,true,1,1094165
7290000295794,false,ספוגיות מתכת אל חלד לניקוי סנו 3 יחידות,סנו,,ספוגיות מתכת אל חלד,יח',3.00,יח',false,,9.90,3.3000,true,1,1094168
7290000295824,false,"רדיד אלומיניום 30 ס""מ רוחב סנו סושי 100 מטר",מולינו ניקולי s.p.a,TR,"רדיד אלומיניום 30 ס""",יח',1.00,יח',false,,46.90,46.9000,true,1,1094170
7290000300900,false,שניצל תירס מרכיבים טבעיים טבעול 750 גרם,עיצובים 2020 (4.8),IL,שניצל תירס מרכיבים ט,גרמים,750.00,100 גרם,false,,21.70,0.0289,true,1,1091480
7290000311067,false,מן-וופלים קוביות מינימן לא מצופה 200גר,רוקחמן,IL,מן וופל מיני מן שוקו,גרמים,200.00,100 גרם,false,,6.70,0.0335,true,1,7411743
7290000311128,false,מן עוגיות בטעם חמאה 300 גרם*נ.ל.פ,תות ממתקי איכות,IL,מן עוגיות בטעם חמאה,גרמים,300.00,100 גרם,false,,6.40,0.0213,true,1,1096884
7290000311180,false,ופל ופליתעשיריות מן 250 גרם מארז 10 יחידות,"רוקחמן בע""מ",IL,מן וופלים שוקולד ציב,גרמים,250.00,100 גרם,false,,6.70,0.0268,true,1,1096890
7290000311203,false,"וופלים בטעם שוקולד ""מן"" 200 גרם",תות ממתקי איכות,IL,מן וופלים שוקולד 200,גרמים,200.00,100 גרם,false,,4.30,0.0215,true,1,1096892
7290000311210,false,"וופלים בטעם לימון ""מן"" 200 גרם","רוקחמן בע""מ",IL,מן וופל לימון 200 גר,גרמים,200.00,100 גרם,false,,4.30,0.0215,true,1,1096893
7290000311227,false,"וופלים במילוי קרם קפה ""מן"" 200 גרם","רוקחמן בע""מ",IL,מן וופלים קפה 200 גר,גרמים,200.00,100 גרם,false,,4.30,0.0215,true,1,1096894
7290000311234,false,מן וופלים וניל 200 גרם,"רוקחמן בע""מ",IL,מן וופלים וניל 200 ג,גרמים,200.00,100 גרם,false,,4.30,0.0215,true,1,1096895
7290000311258,false,מן וופל מצופה שוקולד 250 גרם,"רוקחמן בע""מ",IL,מן וופל מצופה 250 גר,גרמים,250.00,100 גרם,false,,6.50,0.0260,true,1,1096896
7290000311357,false,מן וופלים בטעם אגוזים 10*28 גר-נ.ל.פ,"רוקחמן בע""מ",IL,מן וופלים בטעם אגוזי,גרמים,280.00,100 גרם,false,,9.90,0.0354,true,1,1096901
7290000311364,false,מן וופלים שוקולד טייק 1 מן 10*21 גרם,מן עוגיות,IL,מן וופלים שוקולד טיי,גרמים,210.00,100 גרם,false,,6.70,0.0319,true,1,1096902
7290000311425,false,ופל מצופה עשיריות מן 220 גרם מארז 10 יחידות,תות ממתקי איכות,IL,מן וופלים מצופים 10*,גרמים,220.00,100 גרם,false,,6.80,0.0309,true,1,1096903
7290000311432,false,עוגיות גרנולה קינמון ללא תוספת סוכר 200ג,"רוקחמן בע""מ",IL,מן עוגיות גרנולה וקי,גרמים,200.00,100 גרם,false,,8.70,0.0435,true,1,8339535
7290000311463,false,מן עוגיות חיטה מלאה חמאה ללא סוכר 200 גרם,"רוקחמן בע""מ",IL,מן עוגיות חיטה מלאה,גרמים,250.00,100 גרם,false,,8.70,0.0348,true,1,8324903
7290000311470,false,מיני ופלים בטעם שוקולד ללא סוכר מן 200 גרם,"רוקחמן בע""מ",IL,מן וופל מיני שוקולד,גרמים,200.00,100 גרם,false,,8.70,0.0435,true,1,8418033
7290000311487,false,מאגדת וופל שוקולד מקמח מלא ללא סוכר 20 ג'*7 יח' מן,"רוקחמן בע""מ",IL,מן מאגדת וופל אישי ל,גרמים,140.00,100 גרם,false,,7.90,0.0564,true,1,8470935
7290000311500,false,מן וופלים בטעם שוקולד 500 ג-נ.ל.פ,"רוקחמן בע""מ",IL,מן וופלים בטעם שוקול,גרמים,500.00,100 גרם,false,,8.70,0.0174,true,1,1096904
7290000311708,false,מן עוגיות מחיטה מלאה 300 גרם*נ.ל.פ,תות ממתקי איכות,IL,מן עוגיות מחיטה מלאה,גרמים,300.00,100 גרם,false,,6.40,0.0213,true,1,1096910
7290000311715,false,מן עוגיות כוכבים בטעם שוקולד 300 גרם*נ.ל.פ,תות ממתקי איכות,IL,מן עוגיות כוכבים בטע,גרמים,300.00,100 גרם,false,,6.40,0.0213,true,1,1096911
7290000311722,false,מן עוגיות כוכבים וניל 300 גרם,תות ממתקי איכות,IL,מן עוגיות כוכבים 300,גרמים,300.00,100 גרם,false,,6.40,0.0213,true,1,1096912
7290000311746,false,עוגיות מן בטעם קרמל 300 גר',"רוקחמן בע""מ",IL,מן עוגיות קרמל 300 ג,גרמים,300.00,100 גרם,false,,6.40,0.0213,true,1,2790575
7290000311753,false,עוגיות חיטה מלאה בטעם חלווה מן 250 גר',"רוקחמן בע""מ",IL,מן עוגיות חיטה מלאה,גרמים,250.00,100 גרם,false,,6.40,0.0256,true,1,8127138
7290000311784,false,מן וופל קקאו בטעם שוקולד מריר 200 גרם,"רוקחמן בע""מ",IL,מן וופל פרימיום שוקו,גרמים,200.00,100 גרם,false,,6.90,0.0345,true,1,8478158
7290000311791,false,ופלים קקאו בטעם וניל 200 גרם מן,"רוקחמן בע""מ",IL,מן וופל פרימיום וניל,גרמים,200.00,100 גרם,false,,6.90,0.0345,true,1,8478159
7290000311883,false,מן עוגיות גרנולה ללא תוספת סוכר 200 גר,תות ממתקי איכות,IL,מן עוגיות גרנולה ללא,גרמים,200.00,100 גרם,false,,8.70,0.0435,true,1,2836066
7290000311890,false,ופלים בטעם לימון ללא תוספת סוכר 180 גרם,"רוקחמן בע""מ",IL,מן וופל לימון ללא סו,יח',1.00,יח',false,,7.70,7.7000,true,1,8285986
7290000312736,false,בייגלה שמיניות עם מלח מ.בייגל 45 ג',,IL,ביגלה 45 ג שמיניות ע,גרמים,45.00,100 גרם,false,,1.50,0.0333,true,1,4017385
7290000313160,false,זהבה ושלושת הדובים עוגיות בטעם שוקולד אסם 350 גרם,"הגביע מוצרי וופלים בע""\מ",IL,זהבה ושלושת הדובים ע,גרמים,350.00,100 גרם,false,,7.90,0.0226,true,1,1091489
7290000318127,false,"נקניקיות ביס 380 גרם ""יחיעם""",מעדני יחיעם 1993,IL,נקניקיות ביס יחיעם 3,גרמים,380.00,100 גרם,false,,10.90,0.0287,true,1,1101227
7290000318189,false,פסטרמה ברביקיו על האש 300 גרם יחיעם,מעדני יחיעם,IL,פסטרמה ברביקיו על הא,גרמים,330.00,100 גרם,false,,24.70,0.0748,true,1,1101228
7290000318479,false,נקניק פרושוטו בקר יחיעם 100 גרם,תאי פרזידנט פוד פאבל,IL,נקניק פרושוטו בקר יח,גרמים,100.00,100 גרם,false,,24.90,0.2490,true,1,1101236
7290000318677,false,נקניק סלמי סרוולט יחיעם 150 גרם,מעדני יחיעם 1993,IL,נקניק סלמי סרוולט יח,גרמים,150.00,100 גרם,false,,22.90,0.1527,true,1,1101241
7290000318707,false,נקניק סלמי מעושן יחיעם 500 גרם,מעדני יחיעם 1993,IL,נקניק סלמי מעושן יחי,גרמים,500.00,100 גרם,false,,29.90,0.0598,true,1,1101243
7290000318943,false,פסטרמה של פעם מעושן 1.5% יחיעם 200 גרם,תאי פרזידנט פוד פאבל,IL,פסטרמה של פעם מעושן,גרמים,200.00,100 גרם,false,,21.90,0.1095,true,1,1101249
7290000319063,false,כתף בקר מפולפל יחיעם 150 גרם,מעדני יחיעם,IL,כתף בקר מעושן מפולפל,גרמים,150.00,100 גרם,false,,22.90,0.1527,true,1,6368860
7290000319124,false,סלמי סרוולט מאפ יחיעם 250 גרם,מעדני יחיעם 1993,IL,סלמי סרוולט 250 גרם,גרמים,250.00,100 גרם,false,,33.90,0.1356,true,1,1101253
7290000319131,false,נקניקיות עוף יחיעם 400 גרם,מעדני יחיעם 1993,IL,נקניקיות עוף יחיעם 4,גרמים,400.00,100 גרם,false,,10.90,0.0273,true,1,1101254
7290000319247,false,נקניק פריזר שלם 600 גרם יחיעם,,IL,סלמי פריזר 600 גרם,גרמים,600.00,100 גרם,false,,16.90,0.0282,true,1,8461020
7290000319292,false,"נקנקיות וינר פלוס יחיעם 10 /ק""ג",מעדני יחיעם,IL,נקנקיות וינר פלוס יח,100 קילו,1.00,100 קילו,false,,19.70,19.7000,true,1,5024364
7290000319414,false,נקניקיות ברטוורסט 280 גרם יחיעם,מעדני יחיעם,IL,נקניקיות בראטווסט 28,גרמים,280.00,100 גרם,false,,19.90,0.0711,true,1,8475449
7290000319520,false,נקניק סלמי צרפתי יחיעם 100 גרם,מעדני יחיעם 1993,IL,נקניק סלמי צרפתי יחי,גרמים,100.00,100 גרם,false,,18.90,0.1890,true,1,1101265
7290000319803,false,קבנוס קלאסי יחיעם 125 גרם,תאי פרזידנט פוד פאבל,IL,קבנוס קלאסי יחיעם 12,גרמים,125.00,100 גרם,false,,12.90,0.1032,true,1,2749498
7290000319834,false,קבנוס פפרוני קלאסי 125 גרם,תאי פרזידנט פוד פאבל,IL,קבנוס פפרוני קלאסי 1,גרמים,125.00,100 גרם,false,,12.90,0.1032,true,1,2749499
7290000327051,false,שישיית מי סודה בטעם אננס טמפו 0.5 ליטר,"טמפו משקאות בע""\מ",IL,סודה טעם אננס 500מ ש,ליטרים,3.00,ליטר,false,,15.90,5.3000,true,1,8366700
7290000327075,false,שישיית מי סודה בטעם למון ליים טמפו 0.5 ליטר,"טמפו משקאות בע""\מ",IL,סודה טעם למון ליים 5,ליטרים,3.00,ליטר,false,,15.90,5.3000,true,1,8366701
7290000334684,false,תפוגן טבעות בצל 700 גרם,"תעשיות תפוגן בע""\מ",IL,טבעות בצל תפוגן 700,יח',1.00,יח',false,,16.90,16.9000,true,1,1091502
7290000339528,false,אקונומיקה ללא בישום לובן קלין 4 ליטר,קלין,,אקונומיקה ללא בישום,מטרים,4000.00,100 מ'ל,false,,12.90,0.0032,true,1,1101924
7290000345116,false,תה ירוק ויסוצקי 125 גרם,תה ויסוצקי,IL,תה ירוק תפזורת 125 ג,גרמים,125.00,100 גרם,false,,13.90,0.1112,true,1,1098474
7290000345208,false,תה כחול קלאסיק ויסוצקי 25 יחידות,תה ויסוצקי,IL,תה מעודן ויסוצקי 25,גרמים,25.00,100 גרם,false,,6.40,0.2560,true,1,1098476
7290000345215,false,תה כחול קלאסיק ויסוצקי 100 יחידות,מולינו ניקולי s.p.a,IL,תה מעודן ויסוצקי 100,גרמים,100.00,100 גרם,false,,15.90,0.1590,true,1,1098477
7290000345260,false,תה קלאסיק מעטפות ויסוצקי 25 יחידות,מולינו ניקולי s.p.a,IL,תה קלאסיק מעטפות ויס,גרמים,37.50,100 גרם,false,,6.90,0.1840,true,1,1098478
7290000345277,false,תה ויסוצקי קלאסי אריזה ירוקה מרובעת (50שקיקים),מולינו ניקולי s.p.a,IL,תה קלאסיק מעטפות ויס,גרמים,75.00,100 גרם,false,,11.90,0.1587,true,1,1098479
7290000345291,false,תה ארל גריי ויסוצקי 25 יחידות,תה ויסוצקי,IL,תה ארל גריי ויסוצקי,גרמים,37.50,100 גרם,false,,14.90,0.3973,true,1,1098481
7290000345307,false,תה ארל גריי ויסוצקי 50 יחידות,מולינו ניקולי s.p.a,IL,תה ארל גריי ויסוצקי,גרמים,75.00,100 גרם,false,,21.80,0.2907,true,1,1098482
7290000345536,false,תה נענע ויסוצקי 25 יחידות,מולינו ניקולי s.p.a,IL,תה נענע ויסוצקי 25 י,גרמים,37.50,100 גרם,false,,16.50,0.4400,true,1,1098484
7290000346021,false,חליטת קמומיל הגן הקסום ויסוצקי 50 יחידות,בית ויסוצקי,IL,הגן הקסום תה קמומיל,גרמים,75.00,100 גרם,false,,27.30,0.3640,true,1,1098489
7290000346120,false,חליטת קינמון הגן הקסום ויסוצקי 25 יחידות,תה ויסוצקי,IL,הגן הקסום תה קינמון,גרמים,62.50,100 גרם,false,,16.90,0.2704,true,1,1098490
7290000346137,false,חליטת הילולי פירות הגן הקסום ויסוצקי 25 יחידות,תה ויסוצקי,IL,הגן הקסום תה הילולי,גרמים,62.50,100 גרם,false,,16.90,0.2704,true,1,1098491
7290000346144,false,הגן הקסום תה עינוגי התפוח ויסוצקי 25 יחידות,תה ויסוצקי,IL,הגן הקסום תה עינוגי,גרמים,75.00,100 גרם,false,,16.90,0.2253,true,1,1098492
7290000346168,false,חליטת שומר הגן הקסום ויסוצקי 25 יחידות,תה ויסוצקי,IL,הגן הקסום חליטת שומר,גרמים,37.50,100 גרם,false,,16.90,0.4507,true,1,1098494
7290000346199,false,חליטת פירות יער הגן הקסום ויסוצקי 25 יחידות,תה ויסוצקי,IL,הגן הקסום פירות היער,גרמים,67.50,100 גרם,false,,16.90,0.2504,true,1,1098495
7290000346205,false,חליטת קמומיל הגן הקסום ויסוצקי 25 יחידות,תה ויסוצקי,IL,הגן הקסום תה קמומיל,100 יח,25.00,100 יח,false,,16.90,0.6760,true,1,1098496
7290000346212,false,חליטת מנטה הגן הקסום ויסוצקי 25 יחידות,תה ויסוצקי,IL,הגן הקסום תה מנטה וי,גרמים,50.00,100 גרם,false,,16.90,0.3380,true,1,1098497
7290000346229,false,הגן הקסום תה ורד הבר והיביסקוס ויסוצקי 25 יחידות,תה ויסוצקי,IL,הגן הקסום תה ורד הבר,גרמים,75.00,100 גרם,false,,16.90,0.2253,true,1,1098498
7290000346236,false,חליטת לואיזה וורבנה הגן הקסום ויסוצקי 25 יחידות,תה ויסוצקי,IL,הגן הקסום תה לואיזה,גרמים,50.00,100 גרם,false,,16.90,0.3380,true,1,1098499
7290000346960,false,תה ויסוצקי נענע 1.7 גרם 50יח',בית ויסוצקי,IL,תה נענע ויסוצקי 50 י,גרמים,75.00,100 גרם,false,,29.90,0.3987,true,1,1098501
7290000347738,false,תה ירוק נענע ויסוצקי 25 יחידות,תה ויסוצקי,IL,תה ירוק נענע ויסוצקי,גרמים,37.50,100 גרם,false,,22.90,0.6107,true,1,1098506
7290000347752,false,תה ירוק לימונית ולואיזה 25 שקיקים *1.5 ג'' ויסוצקי,תה ויסוצקי,IL,תה ירוק לימונית ולוא,גרמים,37.50,100 גרם,false,,22.90,0.6107,true,1,1098507
7290000363202,false,נקניק סלמי מעושן גליל שלם טירת צבי,הנסיך- מפעל לייצור ט,IL,סלמי גליל 600 גרם,גרמים,600.00,100 גרם,false,,26.90,0.0448,true,1,1086359
7290000363363,false,קבנוס נקניק מעושן יבש 160 גרם,הנסיך- מפעל לייצור ט,IL,קבנוס טירת צבי 160 ג,גרמים,160.00,100 גרם,false,,12.90,0.0806,true,1,1086361
7290000364261,false,"דקניקים, סלסולי פסטרמה כתף בקר מעושנת 120 גרם",הנסיך- מפעל לייצור ט,IL,נקניק סלסולי כתף בקר,גרמים,120.00,100 גרם,false,,13.90,0.1158,true,1,1086365
7290000364278,false,דקניקים סלסולי סלמי איטלקי משובח טירת צבי 120 גרם,הנסיך- מפעל לייצור ט,IL,נקניק סלסולי סלמי אי,גרמים,120.00,100 גרם,false,,13.90,0.1158,true,1,1086366
7290000364285,false,דקניקים סלסולי פסטרמה הודו טירת צבי 120 גרם,הנסיך- מפעל לייצור ט,IL,דקניקים סלסולי פסטרמ,גרמים,120.00,100 גרם,false,,13.90,0.1158,true,1,1086367
7290000364292,false,דקניקים סלסולי פסטרמה הודו על גחלים 1% טירת צבי 120 גרם,הנסיך- מפעל לייצור ט,IL,דקניקים סלסולי פסטרמ,גרמים,120.00,100 גרם,false,,13.90,0.1158,true,1,1086368
7290000364803,false,נקניקיות בקר אמריקאיות טירת צבי 500 גרם,הנסיך- מפעל לייצור ט,IL,נקניקיות בקר אמריקאי,גרמים,500.00,100 גרם,false,,26.90,0.0538,true,1,1086370
7290000364858,false,"נקניקיות עוף טרי טירת צבי 1 ק""ג",הנסיך- מפעל לייצור ט,IL,נקניקיות עוף טרי טיר,גרמים,1000.00,100 גרם,false,,22.90,0.0229,true,1,1086372
7290000364872,false,נקניקיות עוף טירת צבי 400 גרם,טיב טירת צבי 2000,IL,נקניקיות עוף טירת צב,גרמים,400.00,100 גרם,false,,10.90,0.0273,true,1,1086373
7290000364957,false,נקניקיות עוף מיני מיני טירת צבי 700 גרם,הנסיך- מפעל לייצור ט,IL,נקניקיות עוף מיני מי,גרמים,700.00,100 גרם,false,,24.90,0.0356,true,1,1086374
7290000367590,false,פסטרמה כפרית וסלמי פריזר כפרי טירת צבי 2*400 גרם,טיב טירת צבי 2000,IL,פסטרמה כפרית וסלמי פ,גרמים,800.00,100 גרם,false,,24.90,0.0311,true,1,1086386
7290000369617,false,מעדן כדורי פטה בשמן מתובל ניצן 230 גרם,גבינות אמיר ניצן בעמ,IL,מעדן כדורי פטה בשמן,גרמים,230.00,100 גרם,false,,16.90,0.0735,true,1,1096867
7290000379432,false,לחמניה אצבע אנג'ל 75 ג',מאפיית אנג'ל,IL,לחמניית אצבע אנג'ל,100 יח',75.00,100 יח',false,,2.00,0.0267,true,1,1088475
7290000379531,false,לחמניה מזונות מונדלך קטן מתוק,מאפיית שלמה א. אנג'ל,IL,מונדלך קטן אנג'ל,יח',1.00,יח',false,,2.90,2.9000,true,1,1088478
7290000379593,false,לחמניה שמיניה גדול אנג'ל,מאפיית אנג'ל,IL,לחמניה קלועה מונדלך,100 יח',125.00,100 יח',false,,2.90,0.0232,true,1,1088481
7290000379609,false,לחמניית שומשום אנג'ל 125 גרם,אנג'ל,IL,לחמניה ארוכה שומשום,יח',1.00,יח',false,,2.90,2.9000,true,1,1088482
7290000379951,false,"סולת חיטה 1 ק""ג אנג'ל",אנג'ל,,"סולת 1ק""ג",100 לקג,1.00,100 לקג,false,,5.50,5.5000,true,1,1088518
7290000408316,false,יוגורט דנונה דל לקטוז 200 גרם,מיוצר עי קונדיטוריית,IL,יוגורט דנונה ביו לבן,מיליליטרים,200.00,"100 מ""ל",false,,3.40,0.0170,true,1,1103753
7290000408354,false,יוגורט עם אורז מצופה שוקולד קקאו 175 ג' דנונה,"שטראוס בריאות בע""\מ",IL,יוגורט דנונה ביו עם,מיליליטרים,175.00,"100 מ""ל",false,,4.30,0.0246,true,1,1103754
7290000412139,false,נוזל רצפות בניחוח אורנים ריצפז 3 ליטר,"סנו מפעלי ברונוס בע""\מ",IL,נוזל רצפות בניחוח או,ליטרים,3.00,ליטר,false,,11.70,3.9000,true,1,1094173
7290000412481,false,נוזל לניקוי אסלות 00 סנו 1 ליטר,מיוצר עי קונדיטוריית,IL,נוזל לניקוי אסלות 00,ליטרים,1.00,ליטר,false,,7.50,7.5000,true,1,1094175
7290000416021,false,ממרח בטעם שוקולד השחר חלבי 500,השחר העולה,IL,ממרח בטעם שוקולד השח,גרמים,500.00,100 גרם,false,,11.80,0.0236,true,1,1097818
7290000416045,false,"קרם מובחר למריחה השחר 1 ק""ג",השחר העולה תעשייות מ,IL,ממרח בטעם שוקולד השח,יח',1.00,יח',false,,23.90,23.9000,true,1,1097819
7290000416618,false,קרם מובחר בטעם שוקולד פרווה השחר למהדרין,השחר העולה תעשייות מ,IL,השחר ממרח שוקולד פרו,גרמים,400.00,100 גרם,false,,11.40,0.0285,true,1,1097830
7290000416632,false,קרם מובחר בטעם שוקולד פרווה השחר למהדרין,השחר העולה תעשית ממת,IL,ממרח בטעם שוקולד פרו,100 לקג,1.00,100 לקג,false,,22.90,22.9000,true,1,1097831
7290000416809,false,ממרח חצי חצי נוגט אגוזים וקרם חלב השחר 350ג',השחר העולה תעשייות מ,IL,השחר ממרח חצי חצי 35,גרמים,350.00,גרם,false,,10.90,0.0311,true,1,8342297
7290000416922,false,השחר ממרח חלב 350 גרם,השחר העולה תעשייות מ,IL,השחר ממרח חלב 350 גר,יח',1.00,יח',false,,10.90,10.9000,true,1,8342299
7290000419107,false,לנדוור קפה מקורי לבוקר טחון טורקי 100 גרם,קפה לנדוור בע''מ,IL,קפה טורקי קלוי וטחון,גרמים,100.00,100 גרם,false,,7.90,0.0790,true,1,1091507
7290000419114,false,קפה טחון טורקי לנדור200ג,"קפה לנדוור בע""\מ",IL,קפה שחור לנדוור 200,גרמים,200.00,100 גרם,false,,13.90,0.0695,true,1,1091508
7290000419893,false,לנדוור קפה שחור חזק טחון טורקי 100 גרם,מולינו ניקולי s.p.a,IL,קפה שחור טחון לבוקר,גרמים,100.00,100 גרם,false,,7.90,0.0790,true,1,1091511
7290000419909,false,לנדוור קפה שחור לבוקר טחון טורקי 100 גרם,מולינו ניקולי s.p.a,IL,קפה שחור חזק לנדוור,גרמים,100.00,100 גרם,false,,7.90,0.0790,true,1,1091512
7290000419923,false,לנדוור קפה אספרסו טחון בואקום 200 גר,קפה לנדוור,IL,קפה אספרסו טחון לנדו,גרמים,200.00,100 גרם,false,,19.90,0.0995,true,1,1091514
7290000420325,false,"פופסטאר פופקורן למקירוגל בטעם טבעי 5 שקיות,500 גרם",פרסטון פארמס,US,פופסטאר טבעי 5יח',גרמים,500.00,100 גרם,false,,11.70,0.0234,true,1,1117441
7290000420332,false,פופסטאר פופקורן למיקרוגל בטעם חמאה 5 יחידות 500 גרם,פרסטון פארמס,US,פופסטאר חמאה 5יח',גרמים,500.00,100 גרם,false,,11.70,0.0234,true,1,1117442
7290000420417,false,גלילונית שקיות אשפה 52X65 עם שרוך 60 יחידות,"איטיליאן פוד, אס.פי.",IL,גלילונית 52X65עם שרוך - 6,יח',60.00,יח',false,,17.90,0.2983,true,1,1117443
7290000430102,false,קוביות קרח בשקית מיסטר אייס 2 קילו,"אייס (קיובס) בע""מ -",IL,שקית קרח 2קג,קילוגרמים,2.00,"ק""ג",false,,8.40,4.2000,true,1,1104766
7290000435251,false,סוכריות מיני משמחים עלה 500ג',הנמל,IL,עדשים כפתורים 500ג,גרמים,500.00,100 גרם,false,,14.90,0.0298,true,1,2864155
7290000442044,false,פמינה תחליב רחצה אינטימי חמוציות 220 מל,פמינה,IL,פמינה שטיפה אינטימית,מיליליטרים,220.00,"100 מ""ל",false,,23.90,0.1086,true,1,1106248
7290000442594,false,"גינקו סאי - קרם ידיים 100 מ""ל",כצט,IL,"גינקו קרם ידיים 100 מ""ל",גרמים,100.00,100 גרם,false,,5.90,0.0590,true,1,1106257
7290000450209,false,פוסידון טונה בהירה בשמן 77 גרם,"מיוצר עי וליגר בעמ,",IL,פוסידון טונה בהירה ב,גרמים,77.00,100 גרם,false,,5.00,0.0649,true,1,1095675
7290000453019,false,שמרים טריים לאפייה שקית שמרית 50 ג',"פאקא תעשיות בע""\מ",IL,שמרים טריים שמרית 50,גרמים,50.00,100 גרם,false,,3.90,0.0780,true,1,1103755
7290000453125,false,שמרית שמרים טריים לאפייה +משפר אפייה 100ג,"פאקא תעשיות בע""\מ",IL,שמרית + משפר אפייה 1,גרמים,100.00,100 גרם,false,,6.90,0.0690,true,1,1103756
7290000453323,false,קמח תמי עמילן חיטה ללא גלוטן 500 גרם,תמי,IL,קמח תמי עמילן חיטה ל,גרמים,500.00,100 גרם,false,,18.90,0.0378,true,1,8400142
7290000453385,false,שמרים יבשים פארא אינסטנט 500 גרם עלית,"פאקא תעשיות בע""מ",GB,פאקא שמרים יבשים 500,גרמים,500.00,100 גרם,false,,11.90,0.0238,true,1,2853007
7290000453408,false,בצק פיצה דק מצונן ומוכן לאפייה שמרית 415 גרם,"פאקא תעשיות בע""מ",FR,בצק פיצה דק מצונן ו,גרמים,415.00,100 גרם,false,,15.80,0.0381,true,1,7772172
7290000453415,false,בצק עלים מצונן ומוכן לאפייה שמרית 300 גרם,"פאקא תעשיות בע""מ",FR,בצק עלים מצונן ומוכן,גרמים,300.00,100 גרם,false,,14.80,0.0493,true,1,7772173
7290000453422,false,בצק פילו מצונן ומוכן לאפייה שמרית 300 גרם,"פאקא תעשיות בע""מ",GR,בצק פילו מוכן לאפייה,גרמים,300.00,100 גרם,false,,14.80,0.0493,true,1,8222742
7290000453798,false,שמרית שמרים יבשים אקטיביים 500 גר',"גי' בי' רכיבים בע""מ",IL,שמרים אקטיביים 500 ג,גרמים,500.00,100 גרם,false,,12.90,0.0258,true,1,2968301
7290000453866,false,נטורינה תחליף מרגרינה לבישול ואפיה קוקוס שמרית 200 גרם,גרונבאנג- גרונדנסק א,DK,נטורינה קוקוס שמרית,גרמים,200.00,100 גרם,false,,6.50,0.0325,true,1,5340609
7290000453880,false,מרגרינה ללא מלח לאפיה ובישול שמרית 200גר,"פאקא תעשיות בע""מ",IL,"מרגרינה לל""ת מלח לאפ",גרמים,200.00,100 גרם,false,,4.60,0.0230,true,1,3082411
7290000453897,false,מרגרינה בטעם חמאה שמרית 200 גרם,גרונבאנג- גרונדנסק א,IL,מרגרינה בטעם חמאה 20,גרמים,200.00,100 גרם,false,,4.60,0.0230,true,1,3082412
7290000462141,false,סחוג אדום תימני מקורי חריף מאוד זהבי 150 גרם,קריניסה ויטמין אס אי,IL,סחוג אדום תימני מקור,גרמים,150.00,100 גרם,false,,6.90,0.0460,true,1,1103760
7290000462172,false,סחוג תימני ירוק חריף זהבי הכרם 150 גרם,קריניסה ויטמין אס אי,IL,סחוג ירוק תימני חריף,גרמים,150.00,100 גרם,false,,6.90,0.0460,true,1,1103761
7290000467153,false,מלך החומוס סמיר הגדול 400 גרם צבר,סלטי צבר,IL,מלך החומוס סמיר הגדו,גרמים,400.00,100 גרם,false,,13.90,0.0348,true,1,2639494
7290000474502,false,גבינה לבנה טרה 5% מרכיבים טבעיים,הפריט בפיקוח,IL,גבינה לבנה 5% טרה 25,גרמים,250.00,100 גרם,false,,4.70,0.0188,true,1,1083630
7290000474540,false,טוב טעם גבינה לבנה 3% טרה 250 גרם,קריות זול,IL,טוב טעם גבינה לבנה 3,גרמים,250.00,100 גרם,false,,10.20,0.0408,true,1,1083631
7290000474830,false,נעם גבינה צהובה מגורדת 28% טרה 500 גרם,מילקו תעשיות בעמ,IL,נעם גבינה צהובה מגור,גרמים,500.00,100 גרם,false,,29.90,0.0598,true,1,1083633
7290000480107,false,קוואקר שיבולת שועל פחית 500 גרם,וולקרס סנקס לימיטד,GB,קוואקר שיבולת שועל פ,גרמים,500.00,100 גרם,false,,11.90,0.0238,true,1,1099062
7290000480442,false,קוואקר שיבולת שועל בשקית 500 גרם,פריטו ליי FRITO-LAY,IL,קוואקר שיבולת שועל ש,גרמים,500.00,100 גרם,false,,9.70,0.0194,true,1,1099067
7290000483887,false,חטיף מרציפן ללא תוספת סוכר המרשלג 75 גרם,קריות זול,IL,חטיף מרציפן ללא תוספ,גרמים,75.00,100 גרם,false,,13.80,0.1840,true,1,1095057
7290000484747,false,עראק עלית 700 מל 40% כהל,יקב הגליל יוסף גולד ובניו,IL,ארק עלית 700 מל,מיליליטרים,700.00,"100 מ""ל",false,,49.90,0.0713,true,1,8296451
7290000490311,false,מנבו וניל פלדמן 6 יחידות,פלקו בעמ,IL,מנבו וניל 6יח,יח',6.00,יח',false,,10.90,1.8167,true,1,8060631
7290000490601,false,גלידל וניל פלדמן מארז שמינייה,הגלידות של פלדמן,IL,"גלידל וניל לל""ס 8יח",גרמים,400.00,100 גרם,false,,28.90,0.0722,true,1,6877757
7290000490717,false,מאגדת גלית פלדמן 8 יחידות,הגלידות של פלדמן,IL,גלית שרבט בטעם תות 8,גרמים,560.00,100 גרם,false,,19.90,0.0355,true,1,6877759
7290000490762,false,גלידל שוקו פלדמן מארז שמינייה,הגלידות של פלדמן,IL,"גלידל שוקו לל""ס 8יח",גרמים,400.00,100 גרם,false,,28.90,0.0722,true,1,6877760
7290000493176,false,אסם אבקת רוטב צלי לבשר 22 ג',"אסם השקעות בע""\מ",IL,רוטב צלי לבשר אסם 22,גרמים,22.00,100 גרם,false,,3.60,0.1636,true,1,1091541
7290000493183,false,אבקת רוטב פטריות לבשר-30 גרם,"אסם השקעות בע""\מ",IL,אבקת רוטב פטריות אסם,גרמים,30.00,100 גרם,false,,3.50,0.1167,true,1,1091542
7290000497044,false,"לחם אקטיב 750 גרם ""ברמן""",מאפית י את א ברמן בע,IL,ברמן לחם אקטיב 500גר,גרמים,750.00,100 גרם,false,,15.50,0.0207,true,1,6905611
7290000497112,false,"לחם כהה פרוס וארוז ""ברמן""-מוצר בפיקוח",מאפית י את א ברמן בע,IL,לחם אחיד פרוס ברמן,גרמים,750.00,100 גרם,false,,6.50,0.0087,true,1,6905548
7290000497228,false,לחמניה רגילה בשקית ברמן 6יח',מאפית י את א ברמן בע,IL,לחמניות ברמן 6יח 450,גרמים,450.00,100 גרם,false,,9.80,0.0218,true,1,6905675
7290000497303,false,"שישיית לחמניות מקמח מלא ""ברמן""",מאפית י את א ברמן בע,IL,לחמניות מקמח מלא 6 י,גרמים,540.00,100 גרם,false,,12.50,0.0231,true,1,6905677
7290000497426,false,לחם ברמן לענין פלוס 500 גרם,מאפית י את א ברמן בע,IL,לחם ברמן לענין פלוס,גרמים,500.00,100 גרם,false,,13.90,0.0278,true,1,6905612
7290000497570,false,לחם דגנים פלוס ברמן 500 גרם,מאפית י את א ברמן בע,IL,לחם דגנים פלוס 500 ג,גרמים,500.00,100 גרם,false,,13.90,0.0278,true,1,6905615
7290000498034,false,לחם אי פרי קמח כוסמין מלא 750 גר',מאפית י את א ברמן בע,IL,לחם כוסמין מלא 750 ג,גרמים,750.00,100 גרם,false,,14.90,0.0199,true,1,7884006
7290000498058,false,חלה כוסמין חלומית כוסמין חלה מתוקה 500 ג,מאפית י את א ברמן בע,IL,חלומית כוסמין מלא,יח',1.00,יח',false,,15.70,15.7000,true,1,8403986
7290000504049,false,סוכרזית קלאסי קנקן 1200 טבליות,אף.סי תבליני בגליל ב,IL,ממתיק סוכרזית 1200 ט,יח',1200.00,יח',false,,17.90,0.0149,true,1,1089611
7290000504278,false,ממתיק סוכרזית אריזת פטנט 700 טבליות,אף.סי תבליני בגליל ב,IL,ממתיק סוכרזית 700 טב,גרמים,574.00,100 גרם,false,,13.90,0.0242,true,1,1089614
7290000518152,false,ממתיק זהב מתוק וקל 50 שקיות,קריות זול,IL,ממתיק זהב מתוק וקל 5,גרמים,25.00,100 גרם,false,,5.90,0.2360,true,1,1117184
7290000518169,false,ממתיק מתוק וקל 1000 טבליות,קריות זול,IL,ממתיק מתוק וקל 1000,יח',1.00,יח',false,,6.60,6.6000,true,1,1117185
7290000518176,false,ממתיק מתוק וקל 250 שקיות,מתוק וקל בעמ,IL,ממתיק מתוק וקל 250 ש,גרמים,250.00,100 גרם,false,,16.90,0.0676,true,1,1117186
7290000518190,false,מתוק וקל סטיביה 100 יחידות,מתוק וקל,IL,מתוק וקל סטיביה 100,יח',1.00,יח',false,,24.70,24.7000,true,1,4675589
7290000518220,false,ממתיק סוכרה דיאט 100 יחידות,פתח תקווה,IL,ממתיק סוכרה דיאט 100,יח',1.00,יח',false,,23.70,23.7000,true,1,4675590
7290000518251,false,ממתיק זהב מתוק וקל 100 יחידות,קריות זול,IL,ממתיק זהב מתוק וקל 1,גרמים,100.00,100 גרם,false,,10.90,0.1090,true,1,1117187
7290000521008,false,יין אדום יבש של סגל750מל,"כרמי צבי - אחים סגל בע""\",IL,"סגל אדום יבש 750 מ""ל 2013",מיליליטרים,750.00,"100 מ""ל",false,,21.40,0.0285,true,1,1088247
7290000521015,false,"יין לבן יבש של סגל750מ""ל","מיוצר ע""י כרמי צבי-",IL,"סגל לבן יבש 750 מ""ל",מיליליטרים,750.00,"100 מ""ל",false,,21.40,0.0285,true,1,1088248
7290000521404,false,"יין מרום גליל קברנה סוביניון סינגל 750 מ""ל",כרמי צבי אחים סגל בע,IL,מרום גליל קברנה סוביניון,מיליליטרים,750.00,"100 מ""ל",false,,29.90,0.0399,true,1,1088259
7290000521411,false,יין מרום גליל סינגל מרלו 750 מל,כרמי צבי אחים סגל בע,IL,מרום גליל מרלו סינגל 750,מיליליטרים,750.00,"100 מ""ל",false,,29.90,0.0399,true,1,1088260
7290000522272,false,"שמנת לקפה רמת הגולן 10% 500 מ""ל עמידה",מחלבות רמת הגולן,IL,שמנת לקפה 10% שומן 5,מיליליטרים,500.00,"100 מ""ל",false,,8.90,0.0178,true,1,2723089
7290000523125,false,מלח הארץ הים האדום 250 ג' עדין,"חברת מלח הארץ אילת בע""\מ",IL,מלח ים יבש מלח הארץ,גרמים,250.00,100 גרם,false,,5.40,0.0216,true,1,1098509
7290000523224,false,מלח הארץ הים האדום 500 ג' עדין,"חברת מלח הארץ אילת בע""\מ",IL,מלח ים יבש מלח הארץ,גרמים,500.00,100 גרם,false,,7.90,0.0158,true,1,1098510
7290000523521,false,מלח ים מלח הארץ 250 גרם מועשר ביוד,חברת מלח הארץ אילת ב,IL,מלח ים מועשר ביוד מל,גרמים,250.00,100 גרם,false,,5.90,0.0236,true,1,1098512
7290000523804,false,"מלח עדין צנצנת 1 ק""ג מלח הארץ","חברת מלח הארץ אילת בע""\מ",IL,מלח עדין מלח הארץ 1,גרמים,1000.00,100 גרם,false,,6.90,0.0069,true,1,1098513
7290000523811,false,"צנצנת מלח גס 1 ק""ג מלח הארץ","חברת מלח הארץ אילת בע""\מ",IL,"מלח גס מלח הארץ 1 ק""",גרמים,1000.00,100 גרם,false,,6.90,0.0069,true,1,1098514
7290000525969,false,מיץ תפוזים סחוט רכיבים טבעיים פרימור 1 ליטר,"גניר (1992) בע""מ",IL,מיץ תפוזים סחוט רכיב,ליטרים,1.00,ליטר,false,,15.80,15.8000,true,1,1103762
7290000530109,false,קבנוס זוגי בואקום זוגלובק 180ג',נקניק נהריה כשר זוגל,IL,קבנוס זוגלובק 2*180,גרמים,360.00,100 גרם,false,,24.90,0.0692,true,1,1098690
7290000530413,false,המבורגר זהב זוגלובק 400 גרם,נקניק נהריה כשר זוגל,IL,המבורגר זהב זוגלובק,גרמים,400.00,100 גרם,false,,19.90,0.0497,true,1,1098694
7290000530468,false,"נקניקיות וינר זוגלובק 1 ק""ג",זוגלובק,IL,נקניקיות וינר זוגלוב,גרמים,1000.00,100 גרם,false,,23.90,0.0239,true,1,1098695
7290000530598,false,נקניקיות עוף וינר זוגלובק 500 גרם,נקניק נהריה כשר זוגל,IL,נקניקיות עוף וינר זו,גרמים,500.00,100 גרם,false,,11.90,0.0238,true,1,1098696
7290000530703,false,פסטרמה חרמון כפרית ונקניק תה מעושן זוגלובק 2*400 גרם,נקניק נהריה כשר זוגל,IL,פסטרמה חרמון כפרית ו,גרמים,800.00,100 גרם,false,,25.90,0.0324,true,1,1098698
7290000531601,false,סטייקבורגר זהב זוגלובק 400 גרם,נקניק נהריה כשר זוגל,IL,סטייקבורגר זהב זוגלו,גרמים,400.00,100 גרם,false,,19.30,0.0483,true,1,1098705
7290000531977,false,בורקס גבינה זוגלובק 800 גרם,נקניק נהריה כשר זוגל,IL,בורקס גבינה זוגלובק,גרמים,800.00,100 גרם,false,,13.90,0.0174,true,1,1098706
7290000533353,false,"בצק עלים צרפתי 1 ק""ג זוגלובק",נקניק נהריה כשר זוגל,IL,בצק עלים מרודד זוגלו,גרמים,1000.00,100 גרם,false,,13.30,0.0133,true,1,1098712
7290000536316,false,"שניצל מן הצומח זוגלובק 1 ק""ג",נקניק נהריה כשר זוגל,IL,שניצל מן הצומח זוגלו,גרמים,1000.00,100 גרם,false,,23.90,0.0239,true,1,1098718
7290000536743,false,שניצלונים קריספי ט. תירס 500 גר' זוגלובק,נקניק נהריה כשר זוגל,IL,אצבעות שניצל טבע 500,גרמים,500.00,100 גרם,false,,11.90,0.0238,true,1,2693363
7290000536774,false,"נקניקיות מן הצומח זוגלובק 1ק""ג בד""צ",זוגלובק טבע,IL,נקניקיות מן הצומח זו,גרמים,1000.00,100 גרם,false,,23.90,0.0239,true,1,1098719
7290000537566,false,נקניקיות עוף טרי 400 ג' זוגלובק,נקניק נהריה כשר זוגל,IL,נקניקיות עוף זוגלובק,גרמים,400.00,100 גרם,false,,9.90,0.0248,true,1,1098724
7290000537603,false,"נקניקיות עוף זוגלובק 1 ק""ג",זוגלובק,IL,נקניקיות עוף זוגלובק,גרמים,1000.00,100 גרם,false,,23.90,0.0239,true,1,1098725
7290000538105,false,נקניק סלמי סרוולד 200 ג' זוגלובק,נקניק נהריה כשר זוגל,,נקניק סרבלד זוגלובק,גרמים,200.00,100 גרם,false,,38.90,0.1945,true,1,1098728
7290000542041,false,לחמניה כהה ארוך אנג',מאפית אורנים,,לחמניה כהה ארוך אנג',יח',1.00,יח',false,,3.30,3.3000,true,1,1088490
7290000552194,false,קישקע טיבון ויל 500 גרם,טיבון ויל אחזקות בעמ,IL,קישקע טיבון ויל 500,גרמים,500.00,100 גרם,false,,12.90,0.0258,true,1,1095679
7290000552569,false,סטייקבורגר בקר טיבון ויל 400 גרם,"טיבון ויל אחזקות בע""\מ",IL,סטייקבורגר בקר טיבון,גרמים,400.00,100 גרם,false,,17.90,0.0447,true,1,1095680
7290000552927,false,עוף טחון טיבון ויל 500 גרם,"טיבון ויל אחזקות בע""\מ",IL,עוף טחון טיבון ויל 5,גרמים,500.00,100 גרם,false,,12.90,0.0258,true,1,1095682
7290000552934,false,בשר הודו טחון טיבון ויל 500 גרם,"טיבון ויל אחזקות בע""\מ",IL,בשר הודו טחון טיבון,גרמים,500.00,100 גרם,false,,12.90,0.0258,true,1,1095683
7290000552989,false,בשר טחון מובחר טיבון 500 ג',"טיבון ויל אחזקות בע""\מ",IL,בשר טחון טיבון ויל 5,גרמים,500.00,100 גרם,false,,26.90,0.0538,true,1,1095684
7290000560533,false,אדג' ג'ל גילוח ירוק לעור רגיל 198גרם,אס.סי ג'ונסון ובניו,US,אדג' ג'ל ירוק לעור רגיל 1,גרמים,198.00,100 גרם,false,,14.90,0.0753,true,1,1117450
7290000560540,false,אדג' ג'ל גילוח כתום לעור רגיש 198גרם,המאפיה של הרמן,US,אדג' ג'ל כתום לעור רגיש 1,גרמים,198.00,100 גרם,false,,14.90,0.0753,true,1,1117451
7290000560557,false,אדג' ג'ל סגול כהה לעור יבש 198ג',אס.סי ג'ונסון ובניו,US,אדג' ג'ל סגול כהה לעור יב,גרמים,198.00,100 גרם,false,,14.90,0.0753,true,1,1117452
7290000572055,false,אחוה חלוה ללא סוכר עם סיבים ואגוזים 400 גרם,אחדות ביחר לטחינה חל,IL,אחוה חלוה ללא סוכר ע,גרמים,400.00,100 גרם,false,,13.90,0.0348,true,1,1100580
7290000599861,false,"מגב פלסטיק 40 ס""מ + הברגה",TBD,CN,מגב 40 פלסטיק Basic,יחידה,0.00,יחידה,false,,9.90,0.0000,true,1,1104362
7290000652177,false,נתחי פילה נסיכה 100% דג קפוא תנובה,דגי תנובה,IL,נתחי פילה נסיכת 100%,קילוגרמים,1.00,"ק""ג",true,,54.90,54.9000,true,1,8246135
7290000684345,false,שלישיית פילטר בריטה קלאסיק,שלישיית פילטר בריטה,,פילטר קלאסי בריטה 3,יח',3.00,יח',false,,88.90,29.6333,true,1,1097897
7290000688374,false,"מים מינרליים מי עדן בייבי 6*330 מ""ל","מופק ממקור בזלתי עדן ,1",IL,מים מינרלים מי עדן 6,ליטרים,1.98,ליטר,false,,13.80,6.9697,true,1,1092556
7290000688381,false,שישיית מי עדן פקק ספורט 0.5 ליטר,"מופק ממקור בזלתי עדן ,1",IL,מים מינרלים מי עדן 6,ליטרים,3.00,ליטר,false,,12.80,4.2667,true,1,1092557
7290000688503,false,"מים מינרלים פקק ספורט מי עדן 6*750 מ""ל","מופק ממקור בזלתי עדן ,1",IL,מים מינרלים פקק ספור,מיליליטרים,750.00,"100 מ""ל",false,,13.90,0.0185,true,1,1092559
7290000692135,false,ספיד סטיק דאו בסיסי ירוק א.פ פרש פאוור,קולגייט-פלמוליב,TR,ספיד סטיק בסיסי ירוק,גרמים,60.00,100 גרם,false,,16.90,0.2817,true,1,1088801
7290000692203,false,נוזל לניקוי כללי ורצפות בניחוח לימון אג'קס 2 ליטר,הנסיך- מפעל לייצור ט,GR,נוזל לניקוי כללי ורצ,ליטרים,2.00,ליטר,false,,19.90,9.9500,true,1,1088802
7290000692210,false,נוזל לניקוי כללי ורצפות בניחוח לבנדר אג'קס 2 ליטר,הנסיך- מפעל לייצור ט,GR,נוזל לניקוי כללי ורצ,ליטרים,2.00,ליטר,false,,19.90,9.9500,true,1,1088803
7290000692227,false,נוזל כלים פלמוליב צילינדר קלאסי 1 ליטר,יבואן ומשווק: ש. שסט,GR,נוזל לניקוי כלים קלא,ליטרים,1.00,ליטר,false,,13.90,13.9000,true,1,1088804
7290000692456,false,אג'קס חלונות זוג 750*2 מל ספריי ורפיל,הנסיך- מפעל לייצור ט,GR,תרסיס לניקוי חלונות,מיליליטרים,750.00,"100 מ""ל",false,,23.90,0.0319,true,1,1088807
7290000799800,false,פקדון 12 יח,,,פקדון 12 יח,יח',1.00,יח',false,,3.60,3.6000,true,1,2654650
7290000799801,false,פיקדון בודד 0.3 ₪,,,פיקדון בודד 0.3 ₪,יח',1.00,יח',false,,0.30,0.3000,true,1,1082128
7290000799802,false,"פיקדון שישיה 1.8 ש""ח",,,"פיקדון שישיה 1.8 ש""ח",יח',1.00,יח',false,,1.80,1.8000,true,1,1082130
7290000799808,false,"פיקדון שלישיה 0.9 ש""",,,"פיקדון שלישיה 0.9 ש""",יח',1.00,יח',false,,0.90,0.9000,true,1,1083201
7290000799814,false,פיקדון 15 יח,,,פיקדון 15 יח,יחידה,0.00,יחידה,false,,4.50,0.0000,true,1,8429754
7290000803067,false,"משחת שיניים לילדים גילאים 6-2 אלמקס 75 מ""ל",הנסיך- מפעל לייצור ט,PL,משחת שיניים לילדים ג,מיליליטרים,75.00,"100 מ""ל",false,,15.90,0.2120,true,1,1088811
7290000803180,false,"מרידול - מי פה שטיפה דנטלית 400 מ""ל",קולגייט פלמוליב,CH,"מי פה מרידול 400 מ""ל",מיליליטרים,400.00,"100 מ""ל",false,,29.90,0.0747,true,1,1088812
7290000804484,false,אלמקס שטיפת פה דנטלית למניעת עששת 400מל,קולגייט פלמוליב,CH,מי פה להגנה מפני עשש,מיליליטרים,400.00,"100 מ""ל",false,,24.90,0.0622,true,1,1088814
7290000805917,false,"מזון חתולים לה קט כבד 2.85 ק""ג","ביופט בע""מ",IL,לה קט כבד 2.85קג,קילוגרמים,2.85,"ק""ג",false,,57.90,20.3158,true,1,1099080
7290000888347,false,"מי עדן 500 מ""ל",,,"מי עדן 500 מ""ל",מטרים,500.00,100 מ'ל,false,,1.50,0.0030,true,1,8449956
7290000961804,false,תבלין עמבה,ברכת קטיף,IL,דלעת ארוזה,קילוגרמים,1.00,"ק""ג",true,,8.90,8.9000,true,1,2721669
7290000995410,false,נבטים סיניים נבטי העמק,נסטלה פורינה USA קר,IL,נבטים סיניים,יח',1.00,יח',false,,5.30,5.3000,true,1,1102775
7290001001899,false,עוף טרי ארוז כשר למה,עוף ירושלים מהדרין,,עוף טרי ארוז כשר למה,קילוגרמים,1.00,"ק""ג",true,,14.90,14.9000,true,1,2754019
7290001001905,false,חזה טרי ארוז כשר למה,עוף ירושלים מהדרין,,חזה טרי ארוז כשר למה,קילוגרמים,1.00,"ק""ג",true,,34.90,34.9000,true,1,2754020
7290001001912,false,כרעיים טרי ארוז כשר,עוף ירושלים מהדרין,,כרעיים טרי ארוז כשר,קילוגרמים,1.00,"ק""ג",true,,24.90,24.9000,true,1,2754021
7290001001936,false,ירכיים טרי ארוז כשר,עוף ירושלים מהדרין,,ירכיים טרי ארוז כשר,קילוגרמים,1.00,"ק""ג",true,,24.90,24.9000,true,1,2754023
7290001001943,false,שוקיים טרי ארוז כשר,עוף ירושלים מהדרין,,שוקיים טרי ארוז כשר,קילוגרמים,1.00,"ק""ג",true,,27.90,27.9000,true,1,2754024
7290001001950,false,פרגיות טרי ארוז כשר,עוף ירושלים מהדרין,,פרגיות טרי ארוז כשר,קילוגרמים,1.00,"ק""ג",true,,54.90,54.9000,true,1,2754025
7290001004043,false,סטייק אנטריקוט מוכשר,,,סטייק אנטריקוט מוכשר,קילוגרמים,1.00,"ק""ג",true,,99.90,99.9000,true,1,8376455
7290001004098,false,צלעות מכושר טרי,,,צלעות מכושר טרי,קילוגרמים,1.00,"ק""ג",true,,54.90,54.9000,true,1,8376456
7290001004142,false,חזה בקר מכושר טרי,,,חזה בקר מכושר טרי,קילוגרמים,1.00,"ק""ג",true,,49.90,49.9000,true,1,8376457
7290001004197,false,כתף מוכשר טרי,,,כתף מוכשר טרי,קילוגרמים,1.00,"ק""ג",true,,64.90,64.9000,true,1,8376458
7290001004241,false,צלי כתף מוכשר טרי,,,צלי כתף מוכשר טרי,קילוגרמים,1.00,"ק""ג",true,,89.90,89.9000,true,1,8376459
7290001004289,false,סטייק ע.ע טרי,,,סטייק ע.ע טרי,קילוגרמים,1.00,"ק""ג",true,,119.90,119.9000,true,1,8376483
7290001004296,false,פילה מדומה מוכשר טרי,,,פילה מדומה מוכשר טרי,קילוגרמים,1.00,"ק""ג",true,,74.90,74.9000,true,1,8376460
7290001004340,false,שריר מכושר טרי,,,שריר מכושר טרי,קילוגרמים,1.00,"ק""ג",true,,59.90,59.9000,true,1,8376461
7290001004395,false,אסאדו ללא עצם מוכשר,,,אסאדו ללא עצם מוכשר,קילוגרמים,1.00,"ק""ג",true,,54.90,54.9000,true,1,8376462
7290001004449,false,צוואר מכושר טרי,,,צוואר מכושר טרי,קילוגרמים,1.00,"ק""ג",true,,49.90,49.9000,true,1,8376463
7290001004548,false,סינטה מכושר טרי,,,סינטה מכושר טרי,קילוגרמים,1.00,"ק""ג",true,,119.90,119.9000,true,1,8376488
7290001004593,false,פילה עגל מוכשר טרי,,,פילה עגל מוכשר טרי,קילוגרמים,1.00,"ק""ג",true,,139.90,139.9000,true,1,8376489
7290001004630,false,שייטל טרי,,,שייטל טרי,קילוגרמים,1.00,"ק""ג",true,,99.90,99.9000,true,1,8376519
7290001004647,false,אצבעות אנטריקוט מכוש,,,אצבעות אנטריקוט מכוש,קילוגרמים,1.00,"ק""ג",true,,79.90,79.9000,true,1,8376490
7290001004685,false,שפיץ צ'אך טרי,,,שפיץ צ'אך טרי,קילוגרמים,1.00,"ק""ג",true,,119.90,119.9000,true,1,8376520
7290001004692,false,לב הצלע מוכשר טרי,,,לב הצלע מוכשר טרי,קילוגרמים,1.00,"ק""ג",true,,69.90,69.9000,true,1,8376491
7290001004845,false,טחון טרי מוכשר,,,טחון טרי מוכשר,קילוגרמים,1.00,"ק""ג",true,,39.90,39.9000,true,1,8376435
7290001004890,false,סטייק ע.ע מכושר טרי,,,סטייק ע.ע מכושר טרי,קילוגרמים,1.00,"ק""ג",true,,109.90,109.9000,true,1,8376521
7290001004944,false,אסאדו ע.ע מכושר טרי,,,אסאדו ע.ע מכושר טרי,קילוגרמים,1.00,"ק""ג",true,,54.90,54.9000,true,1,8376522
7290001009123,false,לחם כוסמין לחמנו 600 גרם,לחמנו,IL,לחם כוסמין מלא 100%,גרמים,600.00,100 גרם,false,,14.90,0.0248,true,1,7331559
7290001022047,false,גבינה מלוחה מחלב עיז,,,גבינה מלוחה מחלב עיז,קילוגרמים,1.00,"ק""ג",true,,70.00,70.0000,true,1,8420873
7290001022085,false,גב.פקורינו כבשים36% משקל,היחוס דה סלבדור,ES,גבינת פקורינו כבשים,קילוגרמים,1.00,"ק""ג",true,,110.00,110.0000,true,1,8437504
7290001022160,false,רמי לוי-חלבה קלאסית,,,חלבה קלאסית שקיל,קילוגרמים,1.00,"ק""ג",true,,34.00,34.0000,true,1,8463023
7290001121054,false,צמד חמד פסטרמה וסלמי יחיעם 700 גרם,תאי פרזידנט פוד פאבל,IL,צמד חמד יחיעם,גרמים,700.00,100 גרם,false,,25.90,0.0370,true,1,1101279
7290001121238,false,נקניק קורנדביף 4% יחיעם 180 גרם,מעדני יחיעם 1993,IL,נקניק קורנדביף 4% יח,גרמים,180.00,100 גרם,false,,22.90,0.1272,true,1,1101282
7290001121795,false,נקניקיות עוף חריפות יחיעם 400 גרם,מעדני יחיעם,,נקניקיות עוף חריפות,גרמים,400.00,100 גרם,false,,10.90,0.0273,true,1,8380599
7290001121931,false,קבנוס מקסיקני דק דק יחיעם 125 גרם,מעדני יחיעם 1993,,קבנוס מקסיקני דק דק,גרמים,125.00,100 גרם,false,,12.90,0.1032,true,1,1101300
7290001123775,false,שווארמה אמיתית פרגיות טיבון ויל 500 גרם,"טיבול ויל אחזקות בע""",IL,שווארמה אמיתית פרגיו,גרמים,500.00,100 גרם,false,,19.90,0.0398,true,1,1095691
7290001123782,false,שווארמה אמיתית הודו טיבון ויל 500 גרם,טיבון ויל - נטו,IL,שווארמה אמיתית הודו,גרמים,500.00,100 גרם,false,,19.90,0.0398,true,1,1095692
7290001124536,false,ארוחת נודלס טעם תירס מג'יק 70 גרם,טאט הוי פוד בעמ,SG,ארוחת נודלס תירס מג',גרמים,70.00,100 גרם,false,,4.90,0.0700,true,1,1095693
7290001124611,false,שומן כבש טיבון ויל 200 גרם,טיבון ויל אחזקות בעמ,IL,שומן כבש טיבון ויל 2,גרמים,200.00,100 גרם,false,,14.90,0.0745,true,1,1095694
7290001136287,false,"שמפו לשיער רגיל בבושם פרחים נקה 7 750 מ""ל","אמיליה קוסמטיקס בע""מ",IL,שמפו לשיער רגיל בבוש,מיליליטרים,750.00,"100 מ""ל",false,,8.70,0.0116,true,1,1115904
7290001136294,false,"שמפו לשיער יבש בבישום פרחים נקה 7 750 מ""ל","אמיליה קוסמטיקס בע""מ",IL,שמפו לשיער יבש בבישו,מיליליטרים,750.00,"100 מ""ל",false,,8.70,0.0116,true,1,1115905
7290001136300,false,"נקה 7 שמפו ומרכך לסירוק קל 750 מ""ל",אמיליה קוסמטיקס בעמ,IL,שמפו + מרכך של נקה 7,מיליליטרים,750.00,"100 מ""ל",false,,8.70,0.0116,true,1,1115906
7290001136683,false,"מרכך לשיער רגיל בבושם פרחים נקה 7 750 מ""ל","אמיליה קוסמטיקס בע""מ",IL,מרכך לשיער רגיל בבוש,מיליליטרים,750.00,"100 מ""ל",false,,8.70,0.0116,true,1,1115909
7290001193693,false,נרונים מאורות 6 שעות 72 יחידות,מעגל הזמן,,נרונים מאורות 6 שעות,100 יח',72.00,100 יח',false,,27.90,0.3875,true,1,1108388
7290001193853,false,זוג כוסיות + רגלית גומי שלהבת,שלהבת,,זוג כוסיות + רגלית ג,יח',2.00,יח',false,,6.40,3.2000,true,1,1108394
7290001193907,false,נר נשמה בזכוכית שבוע,,,נר נשמה שבועי,יח',1.00,יח',false,,9.80,9.8000,true,1,2781713
7290001201510,false,תבנית ביצים מדיום 30 יח',לסר,IL,ביצים 30 יחידות M,יח',1.00,יח',false,,27.80,27.8000,true,1,8267409
7290001201589,false,ביצים ארוזות L 12 יחידות,שופרסל,IL,ביצים 12 יח L,יח',1.00,יח',false,,12.00,12.0000,true,1,8108288
7290001201596,false,ביצים ארוזות M 12 יחידות,שופרסל,IL,ביצים 12 יח M,יח',1.00,יח',false,,11.10,11.1000,true,1,8108289
7290001201602,false,ביצים 18 יח גדול לסר,לסר,IL,ביצים L 18 יחידות,יח',1.00,יח',false,,18.00,18.0000,true,1,8256857
7290001201824,false,תבנית ביצים 12 יח' לארג' אורגני,מ.לסר,IL,ביצים אורגני לארג 12,יח',1.00,יח',false,,18.90,18.9000,true,1,8108307
7290001201855,false,ביצים אומגה L/12 גדול ארוז,מ.לסר,IL,ביצים אומגה לארג 12,יח',1.00,יח',false,,17.90,17.9000,true,1,8108308
7290001201862,false,ביצי חופש לארג' 12 יחידות,מ.לסר,IL,ביצים חופש לארג 12 י,יח',1.00,יח',false,,16.90,16.9000,true,1,8108309
7290001216101,false,"טחינה שומשום מלא אל ארז 1 ק""ג",טחינה אל ארז,IL,"טחינה 1 ק""ג מלאה",גרמים,1000.00,100 גרם,false,,29.90,0.0299,true,1,8429443
7290001216231,false,טחינה גולמית שומשום מלא אל ארז 500 גרם,אגס ירוק מסחר ושירותים,IL,טחינה אלארז שומשום מ,גרמים,500.00,100 גרם,false,,16.80,0.0336,true,1,2648395
7290001221006,false,צלחת מרכזית רמי לוי 30 יח,,,צלחת מרכזית רמי לוי,יח',50.00,יח',false,,16.90,0.3380,true,1,8361263
7290001245453,false,ג'ל כביסה ורוד 5לי רמילוי,,,ג'ל כביסה ורוד 5לי ר,ליטרים,5.00,ליטר,false,,29.90,5.9800,true,1,7303388
7290001245460,false,ג'ל כביסה ירוק 5לי רמילוי,,,ג'ל כביסה ירוק 5לי ר,ליטרים,5.00,ליטר,false,,29.90,5.9800,true,1,7303420
7290001245477,false,ג'ל כביסה כחול 5לי רמילוי,,,ג'ל כביסה כחול 5לי ר,ליטרים,5.00,ליטר,false,,29.90,5.9800,true,1,7303421
7290001245651,false,נוזל רצפות מאסק 4 ליט רמילוי,,,נוזל רצפות מאסק 4 לי,יח',1.00,יח',false,,11.90,11.9000,true,1,7669066
7290001246009,false,ג'ל לכביסה אדום 3לי רמילוי,,,ג'ל לכביסה אדום 3לי,יח',1.00,יח',false,,20.90,20.9000,true,1,7530863
7290001246016,false,ג'ל לכביסה ירוק 3לי רמילוי,,,ג'ל לכביסה ירוק 3לי,יח',1.00,יח',false,,20.90,20.9000,true,1,7530864
7290001246023,false,ג'ל לכביסה כחול 3לי רמילוי,,,ג'ל לכביסה כחול 3לי,יח',1.00,יח',false,,20.90,20.9000,true,1,7796926
7290001246658,false,מבשם נטול גז בלוסום 350מל רמילוי,,,מבשם נטול גז בלוסום,מיליליטרים,350.00,"100 מ""ל",false,,7.90,0.0226,true,1,8069590
7290001246665,false,מבשם נטול גז אושיין 350מל רמילוי,,,מבשם נטול גז אושיין,מיליליטרים,350.00,"100 מ""ל",false,,7.90,0.0226,true,1,8069591
7290001246672,false,מבשם נטול גז פרש 350מל רמילוי,,,מבשם נטול גז פרש 350,מיליליטרים,350.00,"100 מ""ל",false,,7.90,0.0226,true,1,8069592
7290001246689,false,מבשם נטול גז לבנדר 350מל רמילוי,,,מבשם נטול גז לבנדר 3,מיליליטרים,350.00,"100 מ""ל",false,,7.90,0.0226,true,1,8069593
7290001246788,false,מטהר אויר לימון 300מל רמילוי,,,מטהר אויר לימון 300מ,מיליליטרים,300.00,"100 מ""ל",false,,4.90,0.0163,true,1,8069595
7290001246795,false,מטהר אוויר פריחה 300מל רמילוי,,,מטהר אוויר פריחה 300,מיליליטרים,300.00,"100 מ""ל",false,,4.90,0.0163,true,1,8069596
7290001247068,false,קרטונית נקטר ספרינג תות בננה 1 ליטר,יפאורה שותפות מובגלת לשיווק,IL,נקטר תות בננה ספרינג,ליטרים,1.00,ליטר,false,,6.50,6.5000,true,1,1092566
7290001247099,false,קרטונית נקטר ספרינג מנגו 1 ליטר,יפאורה שותפות מובגלת לשיווק,IL,נקטר מנגו ספרינג 1 ל,ליטרים,1.00,ליטר,false,,6.50,6.5000,true,1,1092569
7290001247105,false,קרטונית נקטר ספרינג אפרסק 1 ליטר,יפאורה שותפות מובגלת לשיווק,IL,נקטר אפרסק ספרינג 1,ליטרים,1.00,ליטר,false,,6.50,6.5000,true,1,1092570
7290001247112,false,קרטונית נקטר ספרינג לימונענע 1 ליטר,יפאורה שותפות מובגלת לשיווק,IL,נקטר לימונים ספרינג,ליטרים,1.00,ליטר,false,,6.50,6.5000,true,1,1092571
7290001247129,false,נקטר ספרינג תפוזים קרטונית 1 ל',יפאורה שותפות מובגלת לשיווק,IL,נקטר תפוזים ספרינג 1,ליטרים,1.00,ליטר,false,,6.50,6.5000,true,1,1092572
7290001247143,false,קרטונית נקטר ספרינג תפוחים 1 ליטר,יפאורה שותפות מובגלת לשיווק,IL,נקטר תפוחים ספרינג 1,ליטרים,1.00,ליטר,false,,6.50,6.5000,true,1,1092573
7290001258101,false,גבינת גאודה טבעית במ,מחלבת משק יעקובס,IL,גאודה במשקל 28%,קילוגרמים,1.00,"ק""ג",true,,89.00,89.0000,true,1,1116987
7290001258118,false,קממבר טבעי יעקבס לקג,גבינות משק יעקבס,IL,קממברט,קילוגרמים,1.00,"ק""ג",true,,92.00,92.0000,true,1,1116988
7290001258170,false,רוקפוא משק יעקבס לקג,גבינות משק יעקבס,IL,רוקפור,קילוגרמים,1.00,"ק""ג",true,,92.00,92.0000,true,1,1116990
7290001258200,false,גבינת שמנת 30% במשקל,גבינות משק יעקבס,IL,*מבצע* גבינת שמנת 25,קילוגרמים,1.00,"ק""ג",true,,31.00,31.0000,true,1,2624891
7290001258217,false,לאבנה עיזים 5% משקל,גבינות משק יעקבס,IL,לבנה עיזים 5%,קילוגרמים,1.00,"ק""ג",true,,58.00,58.0000,true,1,2861159
7290001258224,false,לבנה בקר יעקבס במשקל,גבינות יעקבס,IL,לאבנה בקר שקיל,קילוגרמים,1.00,"ק""ג",true,,29.00,29.0000,true,1,1116991
7290001258347,false,גבינת שמנת ירקות 30%,משק יעקבס,,גבינת שמנת ירקות 30%,קילוגרמים,1.00,"ק""ג",true,,34.00,34.0000,true,1,2672408
7290001258378,false,גבינת חלומי במשקל,גבינות משק יעקבס,IL,חלומי יעקבס,קילוגרמים,1.00,"ק""ג",true,,88.00,88.0000,true,1,2672409
7290001258385,false,מוצרלה במים 20% במשקל,גבינות משק יעקבס,IL,מוצרלה במים,קילוגרמים,1.00,"ק""ג",true,,75.00,75.0000,true,1,2624892
7290001258446,false,"יעקבס יוגורט כבשים 5% 850 מ""ל",גבינות משק יעקבס,IL,יעקבס יוגורט כבשים 5,מיליליטרים,850.00,"100 מ""ל",false,,19.50,0.0229,true,1,1117003
7290001258453,false,קממברט בקר+אגוזים במשקל,גבינות משק יעקבס,,קממברט אגוזים,קילוגרמים,1.00,"ק""ג",true,,92.00,92.0000,true,1,1116996
7290001258491,false,מוצרלה בלוק,משק יעקבס,,מוצרלה בלוק,קילוגרמים,1.00,"ק""ג",true,,64.00,64.0000,true,1,2367349
7290001258514,false,גב.רכה ריקוטה במשקל,גבינות משק יעקבס,IL,ריקוטה 5% במשקל,קילוגרמים,1.00,"ק""ג",true,,34.00,34.0000,true,1,2856716
7290001258552,false,גבינה לאבנה בקר 250 גרם,בטר אנד דיפרנט,IL,לבנה בקר 250 גר,גרמים,250.00,100 גרם,false,,9.50,0.0380,true,1,1117005
7290001258590,false,גבינת מנצג'ו 30%גוש משקל,גבינות משק יעקבס,IL,*מבצע* מנצ'גו כבשים,קילוגרמים,1.00,"ק""ג",true,,109.00,109.0000,true,1,1116997
7290001258668,false,גבינת עז מה 5% יעקבס 250 גרם,גבינות משק יעקבס,IL,גבינת עז מה 5% יעקבס,גרמים,250.00,100 גרם,false,,14.90,0.0596,true,1,1117008
7290001258682,false,"יוגורט עיזים באריזה 500 מ""ל",גבינות משק יעקבס,IL,יעקבס יוגורט עיזים 3,מיליליטרים,500.00,"100 מ""ל",false,,12.90,0.0258,true,1,1117009
7290001258774,false,מוצרלה בייבי 150 גרם יעקובס,גבינות משק יעקבס,IL,בייבי מוצרלה 140גר,מיליליטרים,140.00,"100 מ""ל",false,,12.90,0.0921,true,1,6269424
7290001258804,false,קשקבל גבינה חצי קשה יעקבס 180 גרם,גבינות משק יעקבס,IL,גבינת קשקבל משק יעקב,גרמים,180.00,100 גרם,false,,21.70,0.1206,true,1,1117016
7290001258811,false,כדורי מוצרלה בייבי י,גבינות משק יעקבס,IL,כדורי מוצרלה,קילוגרמים,1.00,"ק""ג",true,,79.00,79.0000,true,1,2856717
7290001258941,false,גבינת שמנת זיתים 30%,משק יעקבס,,*מבצע* גבינת שמנת זי,קילוגרמים,1.00,"ק""ג",true,,31.00,31.0000,true,1,2624879
7290001258958,false,מוצרלה מגורדת יעקבס 200 גרם,גבינות משק יעקבס,IL,מוצרלה מגורדת 200 גר,גרמים,200.00,100 גרם,false,,22.50,0.1125,true,1,2622123
7290001258972,false,גבינת חלומי בואקום 2,גבינות משק יעקבס,IL,חלומי 200 גרם,גרמים,200.00,100 גרם,false,,17.90,0.0895,true,1,2622124
7290001258989,false,קממבר בקר בייבי במשקל,גבינות משק יעקבס,IL,קממברט בקר בייבי,קילוגרמים,1.00,"ק""ג",true,,92.00,92.0000,true,1,2846631
7290001258996,false,מעדניה - שמנת שום שמ,משק יעקבס,,*מבצע* גבינת שמנת שו,קילוגרמים,1.00,"ק""ג",true,,31.00,31.0000,true,1,2624880
7290001274422,false,שלגונים ציפוי בננה מאגדת שמינייה 560 ג',הגלידות של פלדמן,IL,מאגדת שלגונים ציפוי,10 יח',1.00,10 יח',false,,19.80,19.8000,true,1,6877761
7290001274576,false,גלידל וניל תות 0% שומן ללא סוכר,גלידות פלדמן,IL,גלידל וניל תות 0% שו,ליטרים,1.00,ליטר,false,,19.90,19.9000,true,1,6877626
7290001274583,false,גלידל שוקו פקאן 0% שומן ללא סוכר,"פלקו בע""\מ, חברה ישראלית",IL,גלידל שוקו פקאן 0% ש,מיליליטרים,900.00,"100 מ""ל",false,,19.90,0.0221,true,1,6877627
7290001274934,false,"שמיניית גלידל פרי לימון ""פלדמן""",הגלידות של פלדמן,IL,גלידל דיאט למון ליים,גרמים,640.00,100 גרם,false,,20.90,0.0327,true,1,6877762
7290001274941,false,"שמיניית גלידל פרי פטל ""פלדמן""",הגלידות של פלדמן,IL,גלידל פרי בטעם פטל 8,גרמים,640.00,100 גרם,false,,20.90,0.0327,true,1,6877763
7290001305188,false,"נוזל לניקוי כלים בריח לימון פלמוליב 750 מ""ל",יבואן ומשווק: ש. שסט,GR,נוזל לניקוי כלים ברי,מיליליטרים,750.00,"100 מ""ל",false,,8.80,0.0117,true,1,1088818
7290001327180,false,שטראוס קרמיסימו וניל ציפ 1.33 ליטר,"גלידת שטראוס בע""\מ, רחוב",IL,שטראוס קרמיסימו וניל,ליטרים,1.33,ליטר,false,,17.90,13.4586,true,1,1102158
7290001327791,false,גלידת קרמיסימו וניל עוגיות חלבי,"גלידת שטראוס בע""\מ, רחוב",IL,שטראוס קרמיסימו עוגי,ליטרים,1.33,ליטר,false,,17.90,13.4586,true,1,1102162
7290001355428,false,טחון עוף טרי,תנובה,,טחון עוף טרי,קילוגרמים,1.00,"ק""ג",true,,34.90,34.9000,true,1,2718682
7290001407547,false,טחינה גולמית משומשום מלא פי 6 בארכה 500ג',"רושדי תעשיות מזון בע""\מ",IL,טחינה משומשום מלא פי,גרמים,500.00,100 גרם,false,,12.90,0.0258,true,1,2741571
7290001407752,false,טחינה גולמית עם פטרוזיליה בארכה 500 גרם,"רושדי תעשיות מזון בע""\מ",IL,טחינה גולמית עם פטרו,גרמים,500.00,100 גרם,false,,12.90,0.0258,true,1,1098521
7290001407769,false,טחינה גולמית שומשום מלא בארכה 500 גרם,"רושדי תעשיות מזון בע""\מ",IL,טחינה גולמית שומשום,גרמים,500.00,100 גרם,false,,12.90,0.0258,true,1,1098522
7290001407813,false,חלבה שאמית וניל עם פיסטוק במרקם מעודן,"רושדי תעשיות מזון בע""\מ",IL,חלבה שאמית עם פיסטוק,גרמים,350.00,100 גרם,false,,14.90,0.0426,true,1,1098523
7290001407837,false,חלבה שאמית עם פולי קקאו בארכה 350 גרם,רושדי תעשיות מזון בע,IL,חלבה שאמית עם פולי ק,גרמים,350.00,100 גרם,false,,14.90,0.0426,true,1,1098525
7290001407844,false,חלבה קלאסית בטעם וניל בארכה 350 גרם,"רושדי תעשיות מזון בע""\מ",IL,חלבה קלאסית בטעם וני,גרמים,350.00,100 גרם,false,,13.90,0.0397,true,1,1098526
7290001407936,false,בארכה-טחינה גולמית מעודנת בקבוק לחיץ 310 ג',"רושדי תעשיות מזון בע""\מ",IL,בארכה טחינה מעודנת 3,גרמים,310.00,100 גרם,false,,10.50,0.0339,true,1,3093318
7290001415214,false,עוגת סבתא שוקולד 500ג',פילסברי,,עוגת סבתא שוקולד,יח',1.00,יח',false,,24.90,24.9000,true,1,6037474
7290001427019,false,קשת מיץ תפוזים טבעי 500 מל,קשת מיצים טבעיים,IL,קשת מיץ תפוזים טבעי,100 מל,500.00,100 מל,false,,15.50,0.0310,true,1,8338948
7290001427132,false,"משקה רימון 500 מ""ל פריניב זכוכית",קשת מיצים טבעיים,IL,מיץ רימונים טבעי 500,מיליליטרים,500.00,"100 מ""ל",false,,20.50,0.0410,true,1,8268577
7290001461860,false,עשריית פיתות פילסברי,פילסברי,,עשריית פיתות פילסברי,יח',1.00,יח',false,,13.50,13.5000,true,1,2616529
7290001461884,false,מאפה פרימיום פילסברי,,,מאפה פרימיום פילסברי,קילוגרמים,1.00,"ק""ג",true,,47.00,47.0000,true,1,5095260
7290001482094,false,גבינה פרמז'נו משולשים ויליפוד 200ג',זנטי אס. אי לאלין,IT,פרמז'נו וילי פוד 200,גרמים,200.00,100 גרם,false,,17.90,0.0895,true,1,1098146
7290001482186,false,אננס חתוך בסירופ קל ויליפוד 565 גרם,הנסיך- מפעל לייצור ט,TH,אננס חתוך ויליפוד 56,גרמים,565.00,100 גרם,false,,5.90,0.0104,true,1,6999613
7290001482384,false,חתיכות אננס בסירופ קל וילי פוד 227 גרם,וילי פוד,TH,חתיכות אננס בסירופ ק,גרמים,227.00,100 גרם,false,,3.90,0.0172,true,1,1098147
7290001485019,false,גבינת קרם שמנת טבעי 5% טרה 200 גרם,קריות זול,IL,גבינת קרם שמנת 5% טר,גרמים,200.00,100 גרם,false,,10.90,0.0545,true,1,1083643
7290001491010,false,תה ירוק יסמין ויסוצקי 25 יחידות,תה ויסוצקי,IL,תה ירוק יסמין ויסוצק,גרמים,37.50,100 גרם,false,,22.90,0.6107,true,1,1098527
7290001491096,false,תה ירוק בתוספת לימונית ולואיזה 50 שקיקים ויסוצקי,תה ויסוצקי,IL,תה ירוק לימונית ולוא,גרמים,75.00,100 גרם,false,,39.90,0.5320,true,1,1098528
7290001507063,false,פתי בר מקמח מלא אורגני 200ג,השדה מוצרים אורגניים,IL,פתי בר מקמח מלא אורג,גרמים,200.00,100 גרם,false,,7.60,0.0380,true,1,8251202
7290001515310,false,שש כריות קרצוף יפניות סקוטש ברייט,3m,,סקוטש ברייט שש כריות,יח',1.00,יח',false,,11.90,11.9000,true,1,5975344
7290001515631,false,שלושה ספוגי קרצוף קשיחים ארוכים אדומים,שיוך למחסן 17,ES,שלושה ספוגי קרצוף קש,יח',1.00,יח',false,,7.90,7.9000,true,1,8030389
7290001552025,false,קוסקוס של אמא פרבורגר 800 גרם,פרבורגר רויאל,IL,קוסקוס של אמא פרבורג,גרמים,800.00,100 גרם,false,,14.90,0.0186,true,1,1089447
7290001567555,false,פסטרמה מעודנת עם דבש 300 ג' יחיעם,מעדני יחיעם,IL,פסטרמה מעודנת עם דבש,גרמים,300.00,100 גרם,false,,19.90,0.0663,true,1,4066896
7290001567708,false,נקניקיות וינר יחיעם 400 גרם,מעדני יחיעם,IL,נקנקיות עוף 400 גרם,גרמים,400.00,100 גרם,false,,10.90,0.0273,true,1,2998669
7290001567760,false,פסטרמה של פעם יחיעם 300 גרם,מעדני יחיעם,IL,פסטרמה של פעם 300 גר,גרמים,300.00,100 גרם,false,,24.40,0.0813,true,1,3195164
7290001567814,false,סלמי מעושן בסגנון איטלקי 300 ג' יחיעם,מעדני יחיעם,IL,סלמי מעושן בסגנון אי,גרמים,300.00,100 גרם,false,,19.90,0.0663,true,1,3195128
7290001567906,false,פסטרמה מעודנת יחיעם 200 ג',מעדני יחיעם,IL,פסטרמה מעודנת 200 ג,גרמים,200.00,100 גרם,false,,12.70,0.0635,true,1,2801475
7290001567920,false,סלמי תה יחיעם 200 גר,מעדני יחיעם,IL,סלמי תה 200 גר,גרמים,200.00,100 גרם,false,,12.70,0.0635,true,1,2788634
7290001567937,false,"סלמי איטלקי מפולפל 200 גרם ""יחיעם""",מעדני יחיעם,IL,איטלקי מפולפל 200 ג,גרמים,200.00,100 גרם,false,,12.70,0.0635,true,1,2801477
7290001589342,false,"ספירה תחליב אנתוש יתושים, 70 מ""ל",סאסא קוסמטיקס,IL,"תחליב להרחקת יתושים 70 מ""",מטרים,70.00,100 מ'ל,false,,9.90,0.1414,true,1,1106262
7290001591680,false,קניידלך מקמח מצה שלושת האופים 500 גרם,"שלושת האופים בע""\מ",IL,קניידלך מקמח מצה 500,גרמים,500.00,100 גרם,false,,19.90,0.0398,true,1,8378153
7290001591710,false,המבורגר אנגוס טיבון ויל 600 גרם,טיבון ויל,IL,המבורגר אנגוס 600 גר,גרמים,600.00,100 גרם,false,,22.90,0.0382,true,1,8365045
7290001591734,false,נקניקיה מרגז בסגנון מרוקאי טיבון ויל 500 גרם,טיבון ויל,IL,מרגז נקניקייה סגנון,גרמים,500.00,100 גרם,false,,22.90,0.0458,true,1,8365047
7290001594155,false,"קוקה-קולה בבקבוק אישי 500 מ""ל",החברה המרכזית לייצור משקאות,IL,קוקה-קולה בבקבוק איש,מיליליטרים,500.00,"100 מ""ל",false,,5.90,0.0118,true,1,1084252
7290001594377,false,פריגת תפוזים 0.5 ליטר חייב בפקדון,מבשלות בירה בינלאומיות ב,IL,פריגת תפוזים 500 מל,מיליליטרים,500.00,"100 מ""ל",false,,5.00,0.0100,true,1,1084258
7290001594391,false,"פריגת משקה קל ענבים בבקבוק אישי 500 מ""ל",מבשלות בירה בינלאומיות ב,IL,פריגת משקה קל ענבים,מיליליטרים,500.00,"100 מ""ל",false,,5.00,0.0100,true,1,1084260
7290001594568,false,"קרלסברג פחית 500 מ""ל פקדון",מבשלות בירה בינלאומיות ב,RO,בירה בפחית קרלסברג 5,מיליליטרים,500.00,"100 מ""ל",false,,8.90,0.0178,true,1,1084264
7290001594575,false,"בירה טובורג רד פחית 500 מ""ל",מבשלות בירה בינלאומיות ב,IL,בירה טובורג בפחית 50,מיליליטרים,500.00,"100 מ""ל",false,,8.90,0.0178,true,1,1084219
7290001594810,false,"בירה שחורה מאלטי בקב' מארז 330X6מ""ל",החברה המרכזית לייצור משקאות,IL,בירה שחורה מאלטי 6*3,ליטרים,1.98,ליטר,false,,19.90,10.0505,true,1,1084269
7290001594858,false,"שישייה בירה טובורג רד בקבוק 330 מ""ל",מבשלות בירה בינלאומיות ב,IL,טובורג רד מארז שישיי,מיליליטרים,1980.00,"100 מ""ל",false,,39.90,0.0202,true,1,1084270
7290001594865,false,"שישייה בירה קרלסברג בקבוק 330 מ""ל",מבשלות בירה בינלאומיות ב,IL,בירה קרלסברג 6*330 מ,ליטרים,1.98,ליטר,false,,39.90,20.1515,true,1,1084271
7290001598085,false,לחם משפחתי עם דגנים מקמח מלא,מאפית יוסף בראון,IL,לחם משפחתי עם דגנים,גרמים,400.00,100 גרם,false,,14.90,0.0373,true,1,8259976
7290001598276,false,"לחם 7 דגנים קל מקמח חיטה מלא ללא שמרים 1.1 ק""ג הברון",מאפיית יוסף ברון,IL,לחם 7 דגנים קל 1.1קג,קילוגרמים,1.10,"ק""ג",false,,14.90,13.5455,true,1,8259977
7290001598429,false,פרנה מרוקאית חמשת 4,מאפיית יוסף ברון בעמ,IL,פרנה מרוקאית,יח',1.00,יח',false,,10.90,10.9000,true,1,8220473
7290001598573,false,לחמניות כוסמין 5 יח 99 קלוריות,מאפיית יוסף ברון בעמ,IL,לחמניות כוסמין 5 יח,גרמים,384.00,100 גרם,false,,12.90,0.0336,true,1,4535274
7290001598580,false,פיתות כוסמין 6יח 99 קלוריות,מאפיית יוסף ברון בעמ,IL,פיתות כוסמין 6יח 99,גרמים,384.00,100 גרם,false,,14.90,0.0388,true,1,4561104
7290001598597,false,פיתה כוסמין 99 קלוריות,,,פיתה כוסמין 99 קלורי,גרמים,300.00,100 גרם,false,,14.90,0.0497,true,1,8374578
7290001598764,false,פיתות ביס כוסמין מלא 10יח רמילוי,,,פיתות ביס כוסמין מלא,גרמים,480.00,100 גרם,false,,14.90,0.0310,true,1,8428832
7290001598771,false,פיתה כוסמין 99 קל' 8יח רמילוי,,,פיתה כוסמין 99 קל' 8,גרמים,360.00,100 גרם,false,,14.90,0.0414,true,1,8426674
7290001598788,false,פיתות כוסמין מלא 8יח רמילוי,,,פיתות כוסמין מלא 8יח,גרמים,480.00,100 גרם,false,,14.90,0.0310,true,1,8426676
7290001599044,false,קובה אדום 800 גר',,,קובה אדום 800 גר',גרמים,800.00,100 גרם,false,,27.90,0.0349,true,1,1084160
7290001599051,false,קובה חמוסטה 800 גרם,,,קובה חמוסטה 800 גרם,גרמים,800.00,100 גרם,false,,27.90,0.0349,true,1,1084161
7290001599068,false,קובה נבולסיה 800 גר',,,קובה נבולסיה 800ג,גרמים,800.00,100 גרם,false,,27.90,0.0349,true,1,1084162
7290001599082,false,סיגרים בשר 800 גרם,,,סיגרים בשר 800 גרם,גרמים,800.00,100 גרם,false,,27.90,0.0349,true,1,1084163
7290001627242,false,ג'ל לניקוי לימון אסלות 750,,,ג'ל לניקוי לימון אסל,מיליליטרים,750.00,"100 מ""ל",false,,6.20,0.0083,true,1,6256106
7290001710111,false,נקניקיות מרגז ארוז 500 גר,לאטי עזרא גלם ודגים,IL,נקניקיות מרגז ארוז 5,גרמים,500.00,100 גרם,false,,19.80,0.0396,true,1,4289930
7290001710128,false,נקניקיות צוריסוס ארוז 500 גר,מעדני הטלה,,נקניקיות צוריסוס ארו,גרמים,500.00,100 גרם,false,,19.80,0.0396,true,1,5062659
7290001710159,false,גולש עגל ואקום במשקל,לאטי עזרא גלם ודגים,IL,גולש עגל מוכשר,קילוגרמים,1.00,"ק""ג",true,,35.90,35.9000,true,1,3730984
7290001713150,false,סנט מוריץ מתז אקונומיקה Bleach קצף לימון 1 ליטר,קומפלקס כימיקלים בעמ,IL,סנט מוריץ אקונומיקה,מטרים,1000.00,100 מ'ל,false,,9.90,0.0099,true,1,8255639
7290001713167,false,סנט מוריץ - מרסס קצף ניקוי 1 ליטר סניטרי אפור,קומפלקס כימיקלים בעמ,IL,סנט מוריץ קצף ניקוי,מיליליטרים,750.00,"100 מ""ל",false,,9.90,0.0132,true,1,7924561
7290001713235,false,מנקה רצפות סופר מבושם סגול 2.5 ל',,TR,רצפות סופר מבושם לבנ,יח',1.00,יח',false,,11.90,11.9000,true,1,8302636
7290001713242,false,עלמה שקיות אשפה 25 יחידות 75*90 עם ידית,אסיר פלסט,TR,שקיות אשפה עם ידיות,יח',1.00,יח',false,,9.90,9.9000,true,1,8456296
7290001713662,false,מרכך כביסה pure בניחוח מלון רויאל 1 ל' סנט מוריץ,"קומפלקס כימיקלים בע""",TR,מרכך כביסה בית מלון,מטרים,1000.00,100 מ'ל,false,,9.90,0.0099,true,1,8356538
7290001713860,false,PURE מרכך כביסה בניחוח מלון ספא 1 ליטר,"קומפלקס כימיקלים בע""",TR,מרכך כביסה בית מלון,מטרים,1000.00,100 מ'ל,false,,9.90,0.0099,true,1,8356539
7290001789711,false,סט 3 קופסאות מלבניות,,,סט 3 קופסאות עם מכסה,יח',1.00,יח',false,,8.90,8.9000,true,1,8450333
7290001789735,false,סט 3 קופסאות מלבניות,,,סט 3 קופסאות עם מכסה,יח',1.00,יח',false,,8.90,8.9000,true,1,8450334
7290001789742,false,סט 3 קופסאות ריבועיות עם מכסה אדום,,,סט 3 קופסאות ריבועיו,יח',1.00,יח',false,,8.90,8.9000,true,1,8450413
7290001791363,false,"מטהר אויר בניחוח וניל קוקוס מילוי סנו 250 מ""ל",סנו מפעלי ברונוס בעמ,IL,מטהר אויר בניחוח וני,מיליליטרים,250.00,"100 מ""ל",false,,12.90,0.0516,true,1,1094187
7290001813454,false,"עוגיות חיוכים שוקולד עלית 900 גרם מארז 6 יחידות בד""צ",אפיפית נצרת תעשיות ב,IL,חיוכים עוגיות שוקו ע,גרמים,900.00,100 גרם,false,,18.90,0.0210,true,1,6640442
7290001817377,false,צ'יטוס חטיף איקס עיגול פיצה 60 גרם,"שטראוס פריטו ליי בע""\מ )",IL,צ'יטוס פופס 60 גרם,גרמים,60.00,100 גרם,false,,3.10,0.0517,true,1,1097544
7290001817728,false,צ'יטוס אפוי כאפה בטעם קטשופ 55 גרם,"שטראוס פריטו ליי בע""\מ )",IL,צ'יטוס אפוי כאפה בטע,גרמים,55.00,100 גרם,false,,3.10,0.0564,true,1,1097546
7290001865439,false,פמילי אל סבון נוזלי בניחוח וניל 1 ליטר,אף.סי תבליני בגליל ב,IL,פמלי אל סבון ליטר ונילה [,ליטרים,1.00,ליטר,false,,10.80,10.8000,true,1,1117475
7290001873441,false,המבורגר בלאק אנגוס 320 גרם,טיבון ויל אחזקות בעמ,IL,המבורגר,גרמים,320.00,100 גרם,false,,24.90,0.0778,true,1,8222734
7290001873458,false,סטייקבורגר בלאק אנגוס 320 גרם,טיבון ויל אחזקות בעמ,IL,סטייק בורגר,גרמים,320.00,100 גרם,false,,24.90,0.0778,true,1,8222735
7290001873472,false,"קבב בלאק אנגוס 320 גרם,",טיבון ויל אחזקות בעמ,IL,קבב,גרמים,320.00,100 גרם,false,,24.90,0.0778,true,1,8222736
7290001873489,false,קרפצ'יו בלאק אנגוס 120 ג,טיבון ויל אחזקות בעמ,IL,קרפציו,גרמים,120.00,100 גרם,false,,14.90,0.1242,true,1,8222737
7290001946121,false,פפריקה מרוקאית מתוקה תבליני ביטון 400 גרם,"דין שיווק וקלייה בע""",IL,פפריקה מרוקאית מתוקה,גרמים,400.00,100 גרם,false,,19.90,0.0497,true,1,1085936
7290001973233,false,"קמיל בלו מגבונים לחים סנסיטיב ד""ר פישר 120 יחידות",פישר מעבדות פרמצבטיות,IL,ק.ב סנסטיב מגבונים 120 יח,יח',120.00,יח',false,,10.90,0.0908,true,1,1114964
7290001990148,false,"סוכר גולדן קלאסי בצנצנת סוגת 1 ק""ג",האי נאם סי או אל.טי.,IL,סוכר גולדן קלסי צנצנת1 קג,יח',1.00,יח',false,,10.90,10.9000,true,1,1093730
7290001990261,false,"סוגת חומוס 1 ק""ג","סוגת תעשיות בע""\מ",IL,"חומוס 1 ק""ג",גרמים,1000.00,100 גרם,false,,14.80,0.0148,true,1,1093731
7290001990377,false,שעועית בובס 500 גרם סוגת,סוגת תעשיות בעמ,IL,שעועית בובס 500 גר,גרמים,500.00,100 גרם,false,,10.90,0.0218,true,1,1093734
7290001990391,false,אפונה יבשה 1קג סוגת,"סוגת תעשיות בע""\מ",IL,"אפונה 1 ק""ג",גרמים,1000.00,100 גרם,false,,9.40,0.0094,true,1,1093736
7290001990407,false,"עדשים ירוקים 1 ק""ג סוגת","סוגת תעשיות בע""\מ",IL,"עדשים ירוקים 1 ק""ג",גרמים,1000.00,100 גרם,false,,13.80,0.0138,true,1,1093737
7290002002857,false,"מגע הדבש, ניירות להסרת שיער בשעווה, 50 יחידות","איטיליאן פוד, אס.פי.",IL,מגע המשי נייר הדבש 50יח,יח',50.00,יח',false,,17.90,0.3580,true,1,1117496
7290002003168,false,קרם ידיים מארז שלישיית פנג'ל 3X80-גרם,אינטרקוסמא 1985 במ,IL,מארז שלישית פנג'ל קלאסיק,מיליליטרים,240.00,"100 מ""ל",false,,13.90,0.0579,true,1,1117497
7290002007234,false,אבקת סוכר הנמל 100 גרם,"מיוצר וארוז ע""י: ר.ס",IL,אבקת סוכר הנמל 100 ג,גרמים,100.00,100 גרם,false,,1.60,0.0160,true,1,2736230
7290002007241,false,סודה לשתיה הנמל 50 גרם,"מיוצר וארוז ע""י: BAS",IL,סודה לשתיה הנמל 50 ג,100 יח',50.00,100 יח',false,,1.50,0.0300,true,1,8239893
7290002008347,false,קורנפלור 500 גרם הנמל,הנמל,IL,קורנפלור 500 גרם הנמ,גרמים,500.00,100 גרם,false,,6.50,0.0130,true,1,2701933
7290002008651,false,קמח תפוחי אדמה הנמל 500 גרם,ר.ס. חברה ליבוא וייצ,IL,קמח תפוחי אדמה הנמל,גרמים,500.00,100 גרם,false,,4.90,0.0098,true,1,1097780
7290002008750,false,אבקת אפיה עשירייה הנמל 100 גרם,"מיוצר ע""י:ר.ס. חברה",IL,אבקת אפיה 10x10 גרם,100 יח',100.00,100 יח',false,,1.90,0.0190,true,1,8239894
7290002014201,false,חומוס מעדני מיקי 200 גרם,"סלטי שמיר 2006 בע""\מ",IL,חומוס 200 גרם,100 יח,200.00,100 יח,false,,7.90,0.0395,true,1,8468088
7290002014225,false,חציל במיונז מעדני מיקי 200 גרם,"סלטי שמיר 2006 בע""\מ",IL,חציל במיונז 200 גרם,גרמים,200.00,100 גרם,false,,7.90,0.0395,true,1,8468114
7290002014232,false,סלט טורקי 200 גרם מעדני מיקי,מעדני מיקי,IL,סלט טורקי 200 גרם,גרמים,200.00,100 גרם,false,,7.90,0.0395,true,1,8468115
7290002014799,false,מטבוחה מעדני מיקי 200 גרם,"סלטי שמיר 2006 בע""\מ",IL,מטבוחה 200 גרם,גרמים,200.00,100 גרם,false,,7.90,0.0395,true,1,8468144
7290002019114,false,רוטב עגבניות מרוכז מאד 28-30BX פריניר,פרי ניר,IL,רוטב עגבניות מרוכז מ,גרמים,580.00,100 גרם,false,,6.90,0.0119,true,1,1095704
7290002019183,false,פריניר עגב שלמות במיץA2.5,נטו מלינדה,IL,פריניר עגב שלמות במי,גרמים,800.00,100 גרם,false,,6.80,0.0085,true,1,6871879
7290002019763,false,עגבניות מרוסקות פרי ניר 800 גרם,פרי ניר,IL,פריניר עגב מרוסקות A,גרמים,800.00,100 גרם,false,,6.70,0.0084,true,1,6344607
7290002019787,false,רוטב עגבניות מרוכז מאוד 260 גרם פריניר,פריניר ( הדס 1987) ב,IL,פריניר רוטב עגבניות,גרמים,260.00,100 גרם,false,,3.60,0.0138,true,1,1095707
7290002019794,false,רוטב עגבניות מרוכז מאוד 100 גרם פריניר,פריניר ( הדס 1987) ב,IL,פריניר רוטב עגבניות,גרמים,100.00,100 גרם,false,,1.90,0.0190,true,1,1095708
7290002026341,false,צ'יפס בטטה טוגני בטטה מוקפאים,מוצרי איכות אמריקאיים,CA,ציפס בטטה פלאנק 500,גרמים,500.00,100 גרם,false,,14.90,0.0298,true,1,2728613
7290002026358,false,צ'יפס בטטה זיגזג טוגני בטטה עבים מוקפאים,מוצרי איכות אמריקאיים,CA,בטטה ציפס זיג זג 500,גרמים,500.00,100 גרם,false,,15.50,0.0310,true,1,2728614
7290002026402,false,בראנץ אנד קראנץ בלינצס גבינה 350 גרם,מוצרי איכות אמריקאיים בע,IL,בלינצ'ס גבינה בראנץ,גרמים,350.00,100 גרם,false,,10.90,0.0311,true,1,1098886
7290002026440,false,פרצלס בייגלה בראנץ אנד קראנץ 280 ג',מוצרי איכות אמריקאיים בע,IL,פרצלס בראנץ קפוא 280,גרמים,280.00,100 גרם,false,,10.90,0.0389,true,1,1098890
7290002026587,false,וופל בלגי פרווה בראנץ אנד קראנץ 8 יח',בראנץ' אנד קראנץ Brunch& Crunch,BE,ופל בלגי בראנץ קפוא,גרמים,280.00,100 גרם,false,,10.90,0.0389,true,1,8233227
7290002026884,false,"מאגדת גלידת בן& ג'ריס צאנקי מיקס 400 מ""ל",מוצרי איכות אמריקאיים בע,IL,מאגדת גלידת בן& ג'רי,100 מל,400.00,100 מל,false,,24.90,0.0622,true,1,5218018
7290002026891,false,"מאגדת גלידת בן& ג'ריס קוקי מיקס 400מ""ל",מוצרי איכות אמריקאיים בע,IL,מאגדת גלידת בן& ג'רי,100 מל,400.00,100 מל,false,,24.90,0.0622,true,1,5218019
7290002026914,false,"מאגדת גלידת בן& ג'ריס קלאסיק מיקס 400 מ""ל",מוצרי איכות אמריקאיים בע,IL,מאגדת גלידת בן& ג'רי,100 מל,400.00,100 מל,false,,24.90,0.0622,true,1,5660187
7290002037309,false,שמיניית לחמניות המבורגר,מאפית י את א ברמן בע,IL,לחמניות המבורגר 8יח,גרמים,400.00,100 גרם,false,,11.90,0.0298,true,1,6905679
7290002040019,false,קוסקוס רגיל הנמל 350 גרם,"קוסקוס מזון בע""מ",IL,קוסקוס רגיל הנמל 350,גרמים,350.00,100 גרם,false,,4.30,0.0123,true,1,1097788
7290002040064,false,קוסקוס דק הנמל 350 גרם,קוסקוס מזון,IL,קוסקוס דק הנמל 350 ג,גרמים,350.00,100 גרם,false,,4.30,0.0123,true,1,1097790
7290002040071,false,קוסקוס עבה שקית 350 גרם הנמל,קוסקוס מזון,IL,קוסקוס עבה הנמל 350,גרמים,350.00,100 גרם,false,,4.30,0.0123,true,1,1097791
7290002040088,false,קוסקוס מלא הנמל 350 גרם,קוסקוס מזון,IL,קוסקוס מלא הנמל 350,גרמים,350.00,100 גרם,false,,6.30,0.0180,true,1,1097792
7290002043188,false,אקסטרה צ'יפס אורז חום מלא צ'ילי חריף 60 גרם,נוהלס ג'\י אס סי.,BG,אקסטרה ציפס אורז חום,יח',1.00,יח',false,,6.90,6.9000,true,1,8289163
7290002043218,false,אקסטרה צ'יפס אורז חום מלא מלח 60 גרם,נוהלס ג'\י אס סי.,BG,אקסטרה ציפס מלח ים 6,יח',1.00,יח',false,,6.90,6.9000,true,1,8270650
7290002043225,false,אקסטרה צ'יפס אורז חום מלא פפריקה 60 גרם,נוהלס ג'\י אס סי.,BG,אקסטרה ציפס פפריקה 6,גרמים,60.00,100 גרם,false,,6.90,0.1150,true,1,8270651
7290002043331,false,אקסטרה צ'יפס אורז חום מלא כוסמת 60 גרם,,BG,אקסטרה ציפס כוסמת 60,יח',1.00,יח',false,,7.90,7.9000,true,1,8270656
7290002043782,false,אקסטרה צ'יפס אורז חום מלא טקסס ברביקיו 60 גרם,נוהלס ג'\י אס סי.,BG,אקסטרה ציפס טקסס ברב,יח',1.00,יח',false,,6.90,6.9000,true,1,8270663
7290002043850,false,חטיף אורז אקסטרה בציפוי שוקולד מריר 90 גרם,,,חטיף אורז אקסטרה בצי,גרמים,90.00,100 גרם,false,,12.50,0.1389,true,1,8432908
7290002043867,false,חטיף אורז אקסטרה בציפוי שוקולד לבן 90 גרם,נוהלס ג'י אס סי,BG,חטיף אורז אקסטרה בצי,גרמים,90.00,100 גרם,false,,12.50,0.1389,true,1,8432909
7290002043881,false,באר אקסטרה תפוז בציפוי שוקולד מריר 90 גרם,,,חטיף אורז אקסטרה טעם,גרמים,90.00,100 גרם,false,,12.50,0.1389,true,1,8432911
7290002043898,false,חטיף אורז אקסטרה קוקוס בציפוי שוקולד לבן,,,חטיף אורז אקסטרה קוק,גרמים,90.00,100 גרם,false,,12.50,0.1389,true,1,8432912
7290002053101,false,אטריות ביצים בינוניות מספר 12 אוריינט 200 גרם,פ.פ.ח טאביט,PL,אטריות ביצים מס' 12 - 200,גרמים,200.00,100 גרם,false,,7.90,0.0395,true,1,1084636
7290002053354,false,אטריות נודלס סיני להקפצה אוריינט 300 גרם,טאביט ספ.ז.או.או,PL,נודלס סיני 300 גר',גרמים,300.00,100 גרם,false,,13.90,0.0463,true,1,1084638
7290002053538,false,נודלס בסגנון תאילנדי 25 תוספת אוריינטל 500 גרם,פ.פ.ח. טאביה ספ זאו.או,PL,נודלס תיאלנדי 500 גר,גרמים,500.00,100 גרם,false,,13.90,0.0278,true,1,7864924
7290002057017,false,זיתים נובו ענק A2 יבנה 330ג',שיוך למחסן 17,IL,זית נובו 330 גרם,גרמים,330.00,100 גרם,false,,8.90,0.0270,true,1,1093907
7290002057031,false,זיתים מבוקעים פיקנטי קבוצת יבנה 340 גרם,קבוצת יבנה,IL,זית יבנה מבוקע פיקנט,גרמים,340.00,100 גרם,false,,8.90,0.0262,true,1,1093908
7290002057086,false,זיתים מנזנילו גדול קבוצת יבנה 780 גרם,קבוצת יבנה,IL,זית מנזלינו גדול יבנ,גרמים,780.00,100 גרם,false,,17.90,0.0229,true,1,1093913
7290002057093,false,זיתים מנזנילו גדול קבוצת יבנה 340 גרם,קבוצת יבנה,IL,זית ירוק גדול מנזלינ,גרמים,340.00,100 גרם,false,,7.90,0.0232,true,1,1093914
7290002057109,false,זיתים יבנה ירוקים גדולים מאוד שום מנזלינ,קבוצת יבנה,IL,זיתים יבנה ירוקים גד,גרמים,340.00,100 גרם,false,,8.90,0.0262,true,1,1093915
7290002057123,false,זיתים ירוקים מנזנילו קבוצת יבנה 560 גרם,קבוצת יבנה,IL,זית חרוזית ירוק יבנה,גרמים,275.00,100 גרם,false,,9.50,0.0345,true,1,1093917
7290002057185,false,טבעות זיתים ירוקים קבוצת יבנה 560 גרם,קבוצת יבנה,IL,טבעות זית ירוק 275 ג,גרמים,275.00,100 גרם,false,,9.20,0.0335,true,1,1093923
7290002057215,false,"מלפפונים במלח ‏12‏-‏10‏ קבוצת יבנה 320 גרם בד""ץ",קבוצת יבנה,,"מלפפון במלח בד""צ 320",גרמים,320.00,100 גרם,false,,7.50,0.0234,true,1,1093924
7290002057284,false,"זיתים חרוזית קבוצת יבנה 275 גרם בד""ץ",קבוצת יבנה,,זיתים חרוזית 275 גרם,גרמים,275.00,100 גרם,false,,9.50,0.0345,true,1,1093930
7290002057291,false,פלפל חריף שיפקה A2יבנה 540 גרם,קבוצת יבנה,IL,שיפקה 225 גרם יבנה,גרמים,225.00,100 גרם,false,,5.50,0.0244,true,1,1093931
7290002057321,false,"מלפפון במלח ‏25‏-‏21‏ יבנה 1.3 ק""ג",קבוצת יבנה,IL,מלפפון במלח 21-25 יב,גרמים,725.00,100 גרם,false,,15.90,0.0219,true,1,1093934
7290002057352,false,מלפפונים במלח ‏9‏-‏7‏ קבוצת יבנה 320 גרם,קבוצת יבנה מוצרי מזון,IL,מלפפון יבנה במלח גדו,גרמים,320.00,100 גרם,false,,6.50,0.0203,true,1,1093936
7290002057369,false,מלפפונים במלח ‏12‏-‏10‏ קבוצת יבנה 320 גרם,קבוצת יבנה,IL,מלפפון יבנה במלח בינ,גרמים,320.00,100 גרם,false,,7.50,0.0234,true,1,1093937
7290002057376,false,מלפפונים במלח ‏17‏-‏13‏ קבוצת יבנה 320 גרם,קבוצת יבנה,IL,מלפפון יבנה במלח קטנ,גרמים,320.00,100 גרם,false,,9.90,0.0309,true,1,1093938
7290002057383,false,מלפפונים במלח ‏25‏-‏18‏ קבוצת יבנה 320 גרם,קבוצת יבנה,IL,מלפפון יבנה במלח קטנ,גרמים,320.00,100 גרם,false,,12.90,0.0403,true,1,1093939
7290002057437,false,פלפל שיפקונית קבוצת יבנה 225 גרם,קבוצת יבנה,IL,שיפקונית יבנה,גרמים,650.00,100 גרם,false,,9.90,0.0152,true,1,8289721
7290002057451,false,מלפפונים בחומץ ‏9‏-‏7 קבוצת יבנה 290 גרם,קבוצת יבנה מוצרי מזון,IL,מלפפון יבנה בחומץ גד,גרמים,290.00,100 גרם,false,,6.50,0.0224,true,1,1093944
7290002057468,false,מלפפון יבנה בחומץ בינוניים 10-12 290 גרם,קבוצת יבנה,IL,מלפפון יבנה בחומץ בי,גרמים,290.00,100 גרם,false,,7.50,0.0259,true,1,1093945
7290002057475,false,מלפפונים בחומץ ‏17‏-‏13 קבוצת יבנה 290 גרם,קבוצת יבנה,IL,מלפפון יבנה בחומץ קט,גרמים,290.00,100 גרם,false,,9.90,0.0341,true,1,1093946
7290002057482,false,מלפפונים קטנים בחומץ קבוצת יבנה 560 גרם,קבוצת יבנה,IL,מלפפון יבנה בחומץ קט,גרמים,290.00,100 גרם,false,,12.90,0.0445,true,1,1093947
7290002057604,false,פלפל חריף שיפקה קבוצת יבנה 225 גרם.,קבוצת יבנה,IL,פלפל חריף שיפקה קבוצ,גרמים,225.00,100 גרם,false,,5.50,0.0244,true,1,1093951
7290002057703,false,חצילים במלח קבוצת יבנה 320 גרם,קבוצת יבנה,IL,חצילים במלח קבוצת יב,גרמים,320.00,100 גרם,false,,6.50,0.0203,true,1,1093958
7290002057734,false,זיתים חרוזית מושחר קבוצת יבנה 275 גרם,קבוצת יבנה,IL,זית חרוזית שחור יבנה,גרמים,275.00,100 גרם,false,,8.90,0.0324,true,1,1093960
7290002065555,false,שישיית לחמנייה הכי רכה בהפסקה אנג'ל 450 גרם,מאפיית שלמה א. אנג'\ל בע,IL,לחמניות אנג'ל 6 יחיד,גרמים,450.00,100 גרם,false,,10.90,0.0242,true,1,1088531
7290002065616,false,לחם שיפון גרעינים פרוס אחדות 750 גרם,מאפיית שלמה א. אנג'\ל בע,IL,לחם שיפון גרעינים פר,גרמים,750.00,100 גרם,false,,12.50,0.0167,true,1,1103674
7290002065623,false,לחם שיפון של פעם כפרי פרוס אורנים 750 גרם,מאפיית שלמה א. אנג'\ל בע,IL,לחם שיפון של פעם כפר,גרמים,750.00,100 גרם,false,,12.50,0.0167,true,1,1103675
7290002105503,false,בורגר מזרחי קפוא גלאט 500ג' מחפוד,עוף ירושלים,IL,המבורגר בקר 500 גר מ,גרמים,500.00,100 גרם,false,,18.90,0.0378,true,1,1103390
7290002105510,false,קבב מזרחי מתובל וקפוא גלאט הדר בשר 500ג',עוף ירושלים,,קבב מזרחי 500-מחפוד,גרמים,500.00,100 גרם,false,,18.90,0.0378,true,1,1103391
7290002105527,false,גולש עגל 800 גר' מחפוד קפוא,עוף ירושלים,IL,גולש בקר 800 גרם מחפ,גרמים,800.00,100 גרם,false,,42.90,0.0536,true,1,1103392
7290002105541,false,סטייק אנטריקוט מעובד קפוא ה.הבשר 800ג',עוף ירושלים,,סטייק אנטריקוט 800 ג,גרמים,800.00,100 גרם,false,,42.90,0.0536,true,1,1103394
7290002105565,false,טחון הודו 500 גרם מחפוד מהדרין,עוף ירושלים,IL,הודו טחון עוף ירושלי,גרמים,500.00,100 גרם,false,,12.90,0.0258,true,1,1103396
7290002105671,false,טחון עוף 500 גר' קפוא מחפוד,עוף ירושלים,IL,עוף טחון 500 גר מחפו,גרמים,500.00,100 גרם,false,,12.90,0.0258,true,1,1103397
7290002105749,false,"טחון בקר 100% קפוא 1 ק""ג גאלט מחפוד",עוף ירושלים,IL,"בשר טחון 1 ק""ג מחפוד",100 קילו,1.00,100 קילו,false,,44.90,44.9000,true,1,1103400
7290002105756,false,טחון בקר בתוספת חלבון מן הצומח מחפוד,עוף ירושלים,IL,"טחון בקר מחפוד 1ק""ג",גרמים,1000.00,100 גרם,false,,39.90,0.0399,true,1,1103306
7290002105831,false,שניצל עגל קפוא בוואקום מחפוד,,,שניצל עגל בוואקום קפ,קילוגרמים,1.00,"ק""ג",true,,51.90,51.9000,true,1,5047590
7290002107071,false,גבינת פטה עיזים מעודנת 16% משק צוריאל 200 גרם,מחלבת משק צוריאל,IL,בולגרית עיזים מעודנת,גרמים,200.00,100 גרם,false,,22.50,0.1125,true,1,1083656
7290002107385,false,גליל גבינת עיזים מה עז משק צוריאל 180 גרם,מחלבת משק צוריאל,IL,גליל גבינת עיזים מה,גרמים,180.00,100 גרם,false,,19.90,0.1106,true,1,1083658
7290002107491,false,גבינה לבנה מחלב עיזים למריחה 5% משק צוריאל 250 גרם,מחלבת משק צוריאל,IL,גבינה לבנה מחלב עיזי,גרמים,250.00,100 גרם,false,,13.80,0.0552,true,1,1083660
7290002107798,false,גבינה בולגרית מעודנת 5% משק צוריאל 250 גרם,מחלבת משק צוריאל,IL,גבינה בולגרית מעודנת,גרמים,250.00,100 גרם,false,,19.70,0.0788,true,1,1083661
7290002107965,false,טבורוג גבינה לאפייה 5% צוריאל 500 ג',מחלבת משק צוריאל,IL,גבינה לאפיה טבורוג ל,גרמים,500.00,100 גרם,false,,22.90,0.0458,true,1,1083662
7290002109488,false,קבב 100% אמיתי טיבון ויל 440 גרם,"טיבון ויל אחזקות בע""\מ",IL,קבב 100% אמיתי טיבון,גרמים,440.00,100 גרם,false,,19.90,0.0452,true,1,1095726
7290002128137,false,נרות שבת מנורה 8/72,מנורה,IL,נרות שבת 8/72 מנורה,יח',1.00,יח',false,,31.90,31.9000,true,1,2601852
7290002128403,false,נרות שולחן אורה 4 יחידות,קריות זול,IL,נרות שבת אורה מספר 4,יח',1.00,יח',false,,2.90,2.9000,true,1,2601541
7290002128410,false,נרות שבת אורה מספר 6,קריות זול,IL,נרות שבת אורה מספר 6,יח',1.00,יח',false,,2.90,2.9000,true,1,2601542
7290002128434,false,נרות שבת אורה 10 יחידות,קריות זול,IL,נרות שבת אורה מספר 1,יח',1.00,יח',false,,2.90,2.9000,true,1,2601544
7290002128458,false,נרות שבת אורה מספר 1,מנורה,,נרות שבת אורה מספר 1,יח',1.00,יח',false,,2.90,2.9000,true,1,2601546
7290002128472,false,נרות 72 (4 שעות) רמילוי,,,נרות 72 (4 שעות) רמי,יח',1.00,יח',false,,19.90,19.9000,true,1,8279817
7290002128519,false,נרות 63 (6 שעות) רמילוי,,,נרות 63 (6 שעות) רמי,יח',1.00,יח',false,,19.90,19.9000,true,1,8279818
7290002128540,false,זוג נריות זכוכית לשבת רמילוי,,,זוג נריות זכוכית לשב,יח',1.00,יח',false,,4.50,4.5000,true,1,8342300
7290002128663,false,נרות חימום בלוק 50יח רמילוי,,,נרות חימום בלוק 50יח,יח',1.00,יח',false,,9.90,9.9000,true,1,8256692
7290002128816,false,נרות חימום שקית 50יח רמילוי,,,נרות חימום שקית 50יח,יח',1.00,יח',false,,8.90,8.9000,true,1,8273744
7290002128823,false,נרות חימום 100 בשקית רמילוי,,,נרות חימום 100 בשקית,יח',1.00,יח',false,,17.80,17.8000,true,1,8279797
7290002128885,false,נרות חימום 8 שעות 48יח,,,נרות חימום 8 שעות 48,יח',1.00,יח',false,,20.90,20.9000,true,1,8253443
7290002130567,false,דבש דבורים טהור פרחי בר יד מרדכי 350 גרם,מכוורת יד מרדכי שטראוס ב,IL,דבש טהור 350 גרם,גרמים,350.00,100 גרם,false,,16.90,0.0483,true,1,1089631
7290002130574,false,דבש טהור מפרחי בר בזכוכית 500 ג' יד מרדכי,מכוורת יד מרדכי שטראוס ב,IL,דבש טהור 500 גרם,גרמים,500.00,100 גרם,false,,24.70,0.0494,true,1,1089632
7290002130581,false,"דבש טהור יד מרדכי 1 ק""ג",מכוורת יד מרדכי שטראוס ב,IL,"דבש יד מרדכי 1 ק""ג",100 לקג,1.00,100 לקג,false,,42.90,42.9000,true,1,1089633
7290002132011,false,עוגיות מזרחיות מלוחות עבאדי 400 גרם,מאפיית יוסף ושמחה עבאדי,IL,עוגיות מזרחיות מלוחו,גרמים,400.00,100 גרם,false,,15.80,0.0395,true,1,1098531
7290002133162,false,גבינה בולגרית 5% גבינות השומרון 250 גרם,מחלבת השומרון,IL,גבינה בולגרית 5% גבי,גרמים,250.00,100 גרם,false,,16.90,0.0676,true,1,1082142
7290002133247,false,לאבנה עם שמן זית וזעתר 5% גבינות השומרון 250 גרם,מחלבת השומרון,IL,לאבנה עם שמן זית וזע,גרמים,250.00,100 גרם,false,,12.90,0.0516,true,1,1082143
7290002133506,false,יוגורט של פעם חלב עיזים 4% גבינות השומרון 400 גרם,מחלבת השומרון,IL,יוגורט של פעם חלב עי,מיליליטרים,400.00,"100 מ""ל",false,,9.90,0.0248,true,1,1082144
7290002133520,false,יוגורט של פעם 3% גבינות השומרון 400 גרם,מחלבת השומרון,IL,יוגורט של פעם 3% גבי,מיליליטרים,400.00,"100 מ""ל",false,,9.90,0.0248,true,1,1082146
7290002133537,false,יוגורט של פעם חלב עיזים 4% גבינות השומרון 180 גרם,מחלבת השומרון,IL,יוגורט של פעם חלב עי,מיליליטרים,180.00,"100 מ""ל",false,,5.90,0.0328,true,1,1082147
7290002133551,false,גבינת לאבנה עם שמן זית וזעתר 5% השומרון 500 גרם,מחלבת השומרון,IL,גבינת לאבנה עם שמן ז,גרמים,500.00,100 גרם,false,,14.90,0.0298,true,1,1082149
7290002133575,false,יוגורט של פעם חלב כבשים 5% גבינות השומרון 400 גרם,מחלבת השומרון,IL,יוגורט של פעם חלב כב,מיליליטרים,400.00,"100 מ""ל",false,,12.10,0.0302,true,1,1082150
7290002133612,false,"יוגורט יווני אותנטי 8% גבינות השומרון 180 מ""ל",מחלבת השומרון,IL,יוגורט יווני אותנטי,מיליליטרים,180.00,"100 מ""ל",false,,4.50,0.0250,true,1,1082151
7290002133643,false,גבינת פטה צאן 22% גבינות השומרון 200 גרם,מחלבת השומרון,IL,גבינת פטה צאן 22% גב,גרמים,200.00,100 גרם,false,,19.90,0.0995,true,1,1082154
7290002133858,false,גבינה בולגרית צאן 18% גבינות השומרון 250 גרם,מחלבת השומרון,IL,גבינה בולגרית צאן 18,גרמים,250.00,100 גרם,false,,16.90,0.0676,true,1,1082159
7290002133889,false,גבינה בולגרית מעודנת 5% 250 גרם,מחלבת השומרון,IL,גבינה בולגרית מעודנת,גרמים,250.00,100 גרם,false,,18.90,0.0756,true,1,1082160
7290002133940,false,יוגורט של פעם כבשים 4% גבינות השומרון 180 גרם,מחלבת השומרון,IL,יוגורט של פעם כבשים,גרמים,180.00,100 גרם,false,,5.50,0.0306,true,1,1082163
7290002157953,false,מארז נתחי טונה בהירה בשמן קנולה - 4 יחידות,דיאמנט פוד פרודקט,IL,טונה ויליגר 392 גרם,גרמים,392.00,100 גרם,false,,18.90,0.0482,true,1,4269872
7290002157960,false,רביעיית טונה במים ויליגר 140 גרם,ויליגר,IL,טונה ויליגר 392 גרם,גרמים,392.00,100 גרם,false,,18.90,0.0482,true,1,4269873
7290002232964,false,דגש צפוי פז טחון דק 600 גרם,"תירפז בע""מ",IL,ציפוי לשניצל פז טחון,גרמים,500.00,100 גרם,false,,27.90,0.0558,true,1,2788114
7290002232995,false,פירורים לציפוי פז לל,פ.פ.ח. שאביט,IL,ציפוי לשניצל פז 500,גרמים,500.00,100 גרם,false,,27.90,0.0558,true,1,2788115
7290002253006,false,שום כתוש דורות בצנצנת 200 גרם,עיצובים 2020 (3.8),IL,דורות שום כתוש טרי 2,גרמים,200.00,100 גרם,false,,15.90,0.0795,true,1,1091553
7290002253013,false,ראשום שום כתוש דורות,מוצרי שום ותיבול דורות,IL,דורות ראשום 400 גר,גרמים,400.00,100 גרם,false,,19.90,0.0497,true,1,8150519
7290002253105,false,קוביות שום כתוש טרי דורות 80 גרם,עיצובים 2020 (3.8),IL,דורות קוביות שום טרי,גרמים,80.00,100 גרם,false,,9.90,0.1238,true,1,1091557
7290002253150,false,קוביות בזיליקום קצוץ דורות 70 גרם,עיצובים 2020 (3.8),IL,קוביות בזיליקום קצוץ,גרמים,70.00,100 גרם,false,,9.50,0.1357,true,1,1091558
7290002253167,false,פטרוזיליה קצוצה דורות 70 גרם,עיצובים 2020 (3.8),IL,פטרוזיליה קצוצה דורו,גרמים,70.00,100 גרם,false,,9.50,0.1357,true,1,1091559
7290002253181,false,קוביות כוסברה קצוצה דורות 70 גרם,עיצובים 2020 (3.8),IL,קוביות כוסברה קצוצה,גרמים,70.00,100 גרם,false,,9.50,0.1357,true,1,1091561
7290002253198,false,ג'ינג'ר טרי כתוש במגשית 70 ג' דורות,עיצובים 2020 (3.8),IL,דורות ג'ינג'ר טרי כת,גרמים,70.00,100 גרם,false,,9.50,0.1357,true,1,1091562
7290002253235,false,דורות רוטב פסטו 160 גרם,עיצובים 2020 (3.8),IL,דורות רוטב פסטו 160ג,גרמים,160.00,100 גרם,false,,10.90,0.0681,true,1,2737977
7290002253259,false,"""דורות"" רוטב עגבניות בזיליקום קפוא 160 גרם",עיצובים 2020 (3.8),IL,דורות רוטב עגבניות ב,גרמים,160.00,100 גרם,false,,11.90,0.0744,true,1,2737979
7290002253310,false,דורות שום צילי חריף קוביות תערובת 80 גר,עיצובים 2020 (3.8),IL,דורות שום צילי חריף,יח',1.00,יח',false,,12.90,12.9000,true,1,7509726
7290002253495,false,קוביות תבל לטחינה ביתית וזעתר דורות 70גר,עיצובים 2020 (3.8),IL,דורות תיבול לטחינה ב,יח',1.00,יח',false,,10.40,10.4000,true,1,7509727
7290002259664,false,רדיד אלומיניום דיימונד גדול 60X0.60מ',ריינולדס מוצרי צריכה,US,רדיד אלומיניום צר רוחב 30,אורך,60.00,אורך,false,,54.70,0.9117,true,1,1106269
7290002281429,false,סטייק טונה אדומה מעובד ק,בון צון פישארי,VN,סטייק דג טונה אדומה,קילוגרמים,1.00,"ק""ג",true,,54.90,54.9000,true,1,7168347
7290002281436,false,סטייק דג טונה בהירה קפוא ללא עור,בין דין פישרי ויאטנם,VN,סטייק דג טונה בהירה,קילוגרמים,1.00,"ק""ג",true,,44.90,44.9000,true,1,7323535
7290002331025,false,"מים מינרלים נביעות ספורט 500 מ""ל פקדון",נביעות טבע הגליל בעמ,IL,מים מינרלים נביעות ס,מיליליטרים,500.00,"100 מ""ל",false,,3.30,0.0066,true,1,1084277
7290002331360,false,"נביעות מים מינרליים טו גו מארז 500X6מ""ל",נביעות טבע,IL,מים מינרלים נביעות 6,ליטרים,3.00,ליטר,false,,14.70,4.9000,true,1,1084288
7290002331421,false,"שישיית מים מינרליים GO TO נביעות 755 מ""ל",נביעות טבע הגליל בעמ,IL,מים מינרלים נביעות 6,ליטרים,4.53,ליטר,false,,16.90,3.7307,true,1,1084289
7290002331483,false,"שישיית נביעות אישי בייבי 320 מ""ל",נביעות טבע הגליל בעמ,IL,מים מינרלים נביעות 6,ליטרים,1.92,ליטר,false,,13.90,7.2396,true,1,2604134
7290002331490,false,מים מינרליים נביעות 1 ליטר,נביעות טבע הגליל בעמ,IL,מים מינרליים נביעות,ליטרים,1.00,ליטר,false,,2.90,2.9000,true,1,2630473
7290002333838,false,כוסמת אורגנית ירוקה 500 גרם - הרדוף,אול אורגני,IL,כוסמת אורגני הרדוף 5,גרמים,500.00,100 גרם,false,,8.90,0.0178,true,1,1084669
7290002342038,false,מיקרופייבר לניקוי והברקת זכוכיות,,,מקרופייבר לניקוי זכו,יח',1.00,יח',false,,7.90,7.9000,true,1,7982884
7290002345022,false,אנטריקוט דק דק מינוט סטייק אל גאוצ'ו 250 גרם,"טיבון ויל אחזקות בע""\מ",IL,אנטריקוט דקדק 250 גר,גרמים,250.00,100 גרם,false,,15.90,0.0636,true,1,7790580
7290002345046,false,סטייק אנטירקוט קפוא 300 ג,,,סטייק אנטירקוט קפוא,גרמים,300.00,100 גרם,false,,23.90,0.0797,true,1,5926487
7290002345060,false,גב.מאסדם הולנדי 29% משקל,סר קאשנדל בי.וי,NL,מאסדם הולנדי,קילוגרמים,1.00,"ק""ג",true,,75.00,75.0000,true,1,6174918
7290002345077,false,שניצל בקר מינוט אל גאוצ'ו קפוא 250 גר,"טיבון ויל אחזקות בע""\מ",IL,שניצל בקר דקדק קפוא,גרמים,250.00,100 גרם,false,,14.90,0.0596,true,1,6284164
7290002345121,false,אסאדו דקדק אל גאוצ'ו 250 גרם,"טיבון ויל אחזקות בע""\מ",IL,אסאדו דקדק 250 גר,גרמים,250.00,100 גרם,false,,24.90,0.0996,true,1,8304020
7290002345152,false,לימון כבוש 250 גרם רמי לוי,,,לימון כבוש 250 גרם ר,גרמים,250.00,100 גרם,false,,12.90,0.0516,true,1,5738798
7290002345169,false,סחוג ירוק 250גר רמי לוי,,,סחוג ירוק 250גר רמי,גרמים,250.00,100 גרם,false,,12.90,0.0516,true,1,5665252
7290002345176,false,סחוג אדום 250 גר רמי לוי,,,סחוג אדום 250 גר רמי,גרמים,250.00,100 גרם,false,,12.90,0.0516,true,1,5559086
7290002345183,false,אריסה מתוקה 250 גר רמי לוי,,,אריסה מתוקה 250 גר ר,גרמים,250.00,100 גרם,false,,12.90,0.0516,true,1,5559087
7290002345190,false,אריסה חריפה 250 גר רמי לוי,,,אריסה חריפה 250 גר ר,גרמים,250.00,100 גרם,false,,12.90,0.0516,true,1,5559124
7290002345206,false,שום כתוש 250 גר רמי לוי,,,שום כתוש 250 גר רמי,גרמים,250.00,100 גרם,false,,12.90,0.0516,true,1,5559125
7290002345213,false,פלפל צומה 250 גרם רמי לוי,,,פלפל צומה 250 גרם רמ,גרמים,250.00,100 גרם,false,,12.90,0.0516,true,1,5738991
7290002345237,false,ממרח לימון כבוש 250 גר רמי לוי,,,ממרח לימון כבוש 250,גרמים,250.00,100 גרם,false,,12.90,0.0516,true,1,5559127
7290002345244,false,ממרח שום 250גר רמי לוי,,,ממרח שום 250גר רמי ל,גרמים,235.00,100 גרם,false,,12.90,0.0549,true,1,5559128
7290002345275,false,פילה דג סלמון מעושן 100 גר,,,פילה דג סלמון מעושן,גרמים,100.00,100 גרם,false,,17.90,0.1790,true,1,5818138
7290002345435,false,פילה מרלוזה ארגנטינאיתקפ,דלידג - נטו,IL,פילה מרלוזה ארגנטינא,קילוגרמים,1.00,"ק""ג",true,,29.90,29.9000,true,1,6136808
7290002349044,false,ספוג הקסם שלישייה-רמ,,,ספוג הקסם WOW רמילוי,יח',1.00,יח',false,,8.90,8.9000,true,1,8214382
7290002349211,false,כרית יפנית 4 יח רמי לוי,,,כרית יפנית 4 יח רמי,יח',1.00,יח',false,,8.30,8.3000,true,1,8270819
7290002349228,false,ספוג פלא עם שכבה ירוקה רמי לוי,,,ספוג פלא עם שכבה ירו,יח',1.00,יח',false,,8.30,8.3000,true,1,8266575
7290002349327,false,מטלית מיקרופייבר אידאלית לרצפה,,,מטלית מיקרופייבר איד,יח',1.00,יח',false,,9.80,9.8000,true,1,8340916
7290002349587,false,כרית קרצוף נירוסטה רמילוי,,,כרית קרצוף נירוסטה ר,יח',1.00,יח',false,,7.90,7.9000,true,1,8381707
7290002353836,false,סרדינים רוברט בשמן זית 115 גרם,קונסרבס פורטוגל נורטה,PT,סרדינים בשמן זית רוב,גרמים,125.00,100 גרם,false,,7.90,0.0632,true,1,1095752
7290002360124,false,חליטת צמחים ורד הבר והיביסקוס פומפדור 20 יחידות,TEEKANNE- POMPADOU,DE,חליטת צמחים ורד הבר,גרמים,30.00,100 גרם,false,,11.90,0.3967,true,1,1088829
7290002360155,false,חליטת תה פרחי שומר פומפדור 20 שקיקים,TEEKANNE- POMPADOU,DE,חליטת שומר פומפדור 2,גרמים,40.00,100 גרם,false,,11.90,0.2975,true,1,1088830
7290002360278,false,חליטת צמחים פומפדור מנטה 20 יחידות,"איטיליאן פוד, אס.פי.",DE,חליטת מנטה פומפדור 2,גרמים,45.00,100 גרם,false,,11.90,0.2644,true,1,1088833
7290002360285,false,חליטת צמחים פומפדור קמומיל 20 יחידות,TEEKANNE- POMPADOU,DE,חליטת קמומיל פומפדור,גרמים,30.00,100 גרם,false,,11.90,0.3967,true,1,1088834
7290002370253,false,גבינת גורגונזולה איטלקית במשקל 29% שומן,איגור SRL,IT,*מבצע* גבינת גורגונ,קילוגרמים,1.00,"ק""ג",true,,100.00,100.0000,true,1,6758787
7290002370475,false,גבינת דנהבלו בשלה31%משקל,קסרייס,ES,*מבצע* גבינה דנבלו,קילוגרמים,1.00,"ק""ג",true,,55.00,55.0000,true,1,8241228
7290002370512,false,גבינת פרמז'ן שקיל שמ,,,גבינת פרמז'ן קשה 27%,קילוגרמים,1.00,"ק""ג",true,,97.00,97.0000,true,1,8273552
7290002370543,false,גבינת קשה כבשים מנצ',,,גבינת קשה כבשים מנצ',קילוגרמים,1.00,"ק""ג",true,,97.00,97.0000,true,1,8300284
7290002370598,false,גבינת גאודה בגלגל הו,,,גבינת גאודה בגלגל הו,קילוגרמים,1.00,"ק""ג",true,,67.00,67.0000,true,1,8300289
7290002370604,false,גבינת עיזים חלב ישרא,,,גבינת עיזים חצי קשה,קילוגרמים,1.00,"ק""ג",true,,98.00,98.0000,true,1,8300290
7290002370611,false,גבינת עיזים רכה שקיל,,,גבינת עיזים רכה שקיל,קילוגרמים,1.00,"ק""ג",true,,98.00,98.0000,true,1,8300291
7290002370628,false,רמי לוי - גבינת קשקב,,,גבינת חצי קשה קשקבל,קילוגרמים,1.00,"ק""ג",true,,69.00,69.0000,true,1,8300292
7290002370727,false,גבינת איבריקו רמי לו,,,גבינת איבריקו שקיל,קילוגרמים,1.00,"ק""ג",true,,97.00,97.0000,true,1,8319202
7290002370789,false,גבינת כבשים עם פטריות כמהין במשקל 36% שו,אל פסטור,ES,גבינת כבשים פטריות כ,קילוגרמים,1.00,"ק""ג",true,,150.00,150.0000,true,1,8360880
7290002370802,false,גבינת עיזים בלוק רמי,,,גבינת עיזים בלוק רמי,קילוגרמים,1.00,"ק""ג",true,,100.00,100.0000,true,1,8368710
7290002370857,false,גבינת קשקבל גלגל רמי,,,גבינת קשקבל גלגל רמי,קילוגרמים,1.00,"ק""ג",true,,74.00,74.0000,true,1,8368714
7290002370864,false,גבינת מנצ'גו גלגל רמ,,,גבינת מנצ'גו גלגל רמ,קילוגרמים,1.00,"ק""ג",true,,100.00,100.0000,true,1,8368715
7290002370925,false,גבינת גאודה עם עשבי תיבול ושום שקיל,רובין הולנד,NL,*מבצע* גבינת גאודה ו,קילוגרמים,1.00,"ק""ג",true,,80.00,80.0000,true,1,8379858
7290002370994,false,גבינת גאודה עם פטריות כמהין שקיל,רובין הולנד,NL,*מבצע* גבינת גאודה פ,קילוגרמים,1.00,"ק""ג",true,,110.00,110.0000,true,1,8382974
7290002371526,false,דקניקים סלסולי פסטרמה שום וצילי פיקנטי טירת צבי 120 גרם,הנסיך- מפעל לייצור ט,IL,סלסולי פסטרמה שום וצ,גרמים,120.00,100 גרם,false,,13.90,0.1158,true,1,2502184
7290002371533,false,דקניקים סלסולי פסטרמה דבש טירת צבי 120 גרם,הנסיך- מפעל לייצור ט,IL,סלסולי פסטרמה דבש,גרמים,120.00,100 גרם,false,,13.90,0.1158,true,1,2502185
7290002371540,false,דקניקים קורנדביף ללא גלוטן טירת צבי 120 גרם,הנסיך- מפעל לייצור ט,IL,קורנדביף 120 גר,גרמים,120.00,100 גרם,false,,13.90,0.1158,true,1,2502186
7290002371854,false,נקניקיות עוף חריפות טירת צבי 2 * 500 גרם,הנסיך- מפעל לייצור ט,IL,נקניקיות עוף חריפות,100 לקג,1.00,100 לקג,false,,22.90,22.9000,true,1,1086424
7290002374640,false,שמן בריאות קנולה פלוס אומגה 3 עץ הזית 1 ליטר,שמן תעשיות,EE,שמן קנולה פלוס אומגה,ליטרים,1.00,ליטר,false,,16.50,16.5000,true,1,2694081
7290002395409,false,גבינה צהובה 28% נועם,החברה המרכזית,,ג. צהובה 28% נעם,קילוגרמים,1.00,"ק""ג",true,,44.70,44.7000,true,1,1083610
7290002395416,false,גבינה צהובה נעם 9%,החברה המרכזית,,ג. צהובה 9% נעם,קילוגרמים,1.00,"ק""ג",true,,71.00,71.0000,true,1,1083611
7290002395423,false,גבינה צהובה 22% נועם,החברה המרכזית,,ג.צהובה 22% נעם,קילוגרמים,1.00,"ק""ג",true,,42.50,42.5000,true,1,1083612
7290002404583,false,"יין בראשית קברנה ארזה 750 מ""ל",יקבי ארזה,IL,"קברנה 750 מנ""ל",מיליליטרים,750.00,"100 מ""ל",false,,34.90,0.0465,true,1,2828260
7290002404590,false,"יין מרלו הראשית 750 מ""ל היוצר",יקבי ארזה,IL,היוצר בראשית מרלו,מיליליטרים,750.00,"100 מ""ל",false,,34.90,0.0465,true,1,2828261
7290002404606,false,"יין היוצר בראשית שיראז 750 מ""ל",יקבי ארזה,IL,היוצר בראשית שירז,מיליליטרים,750.00,"100 מ""ל",false,,34.90,0.0465,true,1,2828262
7290002404613,false,"יין וירטואוז קברנה 750 מ""ל היוצר",יקבי ארזה,IL,היוצר וירטואוזו קברנ,מיליליטרים,750.00,"100 מ""ל",false,,44.90,0.0599,true,1,2828263
7290002404620,false,"יין היוצר וירטואוזו מרלו 750 מ""ל",יקבי ארזה,IL,היוצר וירטואוזו מרלו,מיליליטרים,750.00,"100 מ""ל",false,,44.90,0.0599,true,1,2828264
7290002404637,false,"יין וירטואוז שירז 750 מ""ל היוצר",יקבי ארזה,IL,היוצר וירטואוזו שירז,מיליליטרים,750.00,"100 מ""ל",false,,44.90,0.0599,true,1,2828265
7290002404828,false,מיץ ענבים תירוש יקב ארזה 1 ליטר,יקבי ארזה,IL,מיץ ענבים תירוש יקב,ליטרים,1.00,ליטר,false,,15.90,15.9000,true,1,1107884
7290002404958,false,יין גינוסר ליטר -מתוק לקידוש 1 ליטר,יקבי ארזה,IL,גנוסר יין אדום מתוק,ליטרים,1.00,ליטר,false,,14.90,14.9000,true,1,1107890
7290002410713,false,קישקע ממולא קפוא 500גרם,לאטי עזרא גלם ודגים,IL,קישקע 500 גר,גרמים,500.00,100 גרם,false,,9.90,0.0198,true,1,3730927
7290002410874,false,רבעי פרגיות ממולאות קג,לאטי עזרא גלם ודגים,IL,רבעי פרגיות ממולאות,קילוגרמים,1.00,"ק""ג",true,,49.80,49.8000,true,1,3379374
7290002420927,false,נקניקיות קראנץ 1קג ר,,,נקניקיות קראנץ 1קג ר,100 קילו,1.00,100 קילו,false,,26.90,26.9000,true,1,5280428
7290002420934,false,נקניקיות עוף 400 גרם,,,נקניקיות עוף 400 גר,גרמים,400.00,100 גרם,false,,10.90,0.0273,true,1,5280429
7290002453383,false,מרגז טלה קצביית פרימ,קצביית פרימיום,IL,מרגז טלה 500 גר,גרמים,500.00,100 גרם,false,,24.90,0.0498,true,1,8339060
7290002453512,false,קבב קציצות ישראלי 80,זהר בשר,,קבב ביתי 800גר,גרמים,800.00,100 גרם,false,,29.90,0.0374,true,1,1085119
7290002478157,false,פרגיות ממולאות אורז מתקת,מעדני הטלה והעגל,IL,רבעי פרגיות ממולאות,קילוגרמים,1.00,"ק""ג",true,,49.80,49.8000,true,1,7350343
7290002487364,false,שלושת האופים ב. פילו גבינה זיתים 700 גר לנדא,שלושת האופים שגמור,IL,בורקס פילו גבינה זית,גרמים,700.00,100 גרם,false,,17.90,0.0256,true,1,1095753
7290002488057,false,"תמר מגהול פרימיום 2 ק""",,,תמר מגהול פרימיום 2,יח',1.00,יח',false,,44.90,44.9000,true,1,8241151
7290002488460,false,תמר מג'הול עסיסי 500 גר,,,תמר מג'הול עסיסי 500,גרמים,500.00,100 גרם,false,,30.00,0.0600,true,1,8442424
7290002507284,false,שניצל נסיכה מטוגן קפוא 700 גרם,האי נאם סי או אל.טי.,IL,שניצל דג מצופה 700 ג,גרמים,700.00,100 גרם,false,,24.90,0.0356,true,1,5412544
7290002507451,false,קציצות דג סלמון דלידג 750 גר',דלידג בעמ,IL,קציצות דג סלמון 750,גרמים,750.00,100 גרם,false,,24.90,0.0332,true,1,4839884
7290002511137,false,מעדניה - פטה עיזים,מחלבת המושבה,IL,פטה עיזים 18%,קילוגרמים,1.00,"ק""ג",true,,99.00,99.0000,true,1,2829147
7290002511212,false,צפתית עירקית 25%,מחלבת המושבה,IL,צפתית עירקית 25%,קילוגרמים,1.00,"ק""ג",true,,65.00,65.0000,true,1,2829148
7290002511243,false,בולגרית מסורתית 16% משקל,"מחלבת המושבה בע""מ",IL,בולגרית מסורתית 16%,קילוגרמים,1.00,"ק""ג",true,,45.00,45.0000,true,1,2829073
7290002511250,false,גב.שמנת שום שמיר30% משקל,"מחלבת המושבה בע""מ",IL,שמנת שום שמיר 30%,קילוגרמים,1.00,"ק""ג",true,,39.00,39.0000,true,1,2829074
7290002511274,false,גבינת שמנת זיתים30%משקל,"מחלבת המושבה בע""מ",IL,שמנת זיתים 30%,קילוגרמים,1.00,"ק""ג",true,,39.00,39.0000,true,1,2829076
7290002511281,false,גבינת ברינזה צאן18% משקל,"מחלבת המושבה בע""מ",IL,ברינזה צאן 16%,קילוגרמים,1.00,"ק""ג",true,,79.00,79.0000,true,1,2829149
7290002511328,false,גבינת קצ'קבל כבשים מ,מחלבת המושבה,IL,גבינת קצ'קבל כבשים מ,קילוגרמים,1.00,"ק""ג",true,,124.00,124.0000,true,1,6988986
7290002511335,false,גבינת תום כבשים מעדנ,מחלבת המושבה,IL,גבינת תום כבשים מעדנ,קילוגרמים,1.00,"ק""ג",true,,124.00,124.0000,true,1,6988987
7290002511397,false,גבינת ברי בקר במשקל,מחלבת מושבה,IL,ברי בקר המושבה,קילוגרמים,1.00,"ק""ג",true,,89.00,89.0000,true,1,5450720
7290002511427,false,אצבעות שוקולד וניל במשקל,"מחלבת המושבה בע""מ",IL,אצבעות שוקולד וניל,קילוגרמים,1.00,"ק""ג",true,,57.00,57.0000,true,1,2829150
7290002511670,false,גבינת צ'דר המושבה מע,,,גבינת צ'דר המושבה מע,קילוגרמים,1.00,"ק""ג",true,,89.00,89.0000,true,1,4964648
7290002511748,false,גבינה גאודה כמהין ה,"מחלבת המושבה בע""מ",IL,גבינת גאודה כמהין,קילוגרמים,1.00,"ק""ג",true,,128.00,128.0000,true,1,8220545
7290002511755,false,גבינה גאודה פסטו המ,,,גבינת גאודה פסטו,קילוגרמים,1.00,"ק""ג",true,,128.00,128.0000,true,1,8220546
7290002511762,false,גבינת ברי פקאן משקל,מחלבת מושבה,IL,ברי פקאן,קילוגרמים,1.00,"ק""ג",true,,89.00,89.0000,true,1,8220547
7290002512004,false,מלוואח צנעני 900 גרם,צנעני מוצרי בצק,IL,מלווח צנעני 900 ג,גרמים,900.00,100 גרם,false,,19.90,0.0221,true,1,1117891
7290002512011,false,צנעני גחנון 900 גרם,צנעני מוצרי בצק,IL,גחנון צנעני 900 ג,גרמים,900.00,100 גרם,false,,19.90,0.0221,true,1,1117892
7290002512257,false,מלווח מופחת שומן 700 גר,צנעני,IL,מלווח מופחת שומן 700,גרמים,700.00,100 גרם,false,,17.90,0.0256,true,1,4149112
7290002512264,false,ג'חנון מופחת שומן 700 גרם צנעני,צנעני,IL,גחנון מופחת שומן 700,גרמים,700.00,100 גרם,false,,17.90,0.0256,true,1,4149113
7290002515364,false,"קמיל בלו אל סבון לתינוק קלאסיק ד""ר פישר 500 מ""ל",פישר מעבדות פרמצבטיות בע,IL,קמיל בלו קלאסיק 500 משאבה,מיליליטרים,500.00,"100 מ""ל",false,,15.90,0.0318,true,1,1114971
7290002515371,false,"קמיל בלו אל סבון לתינוקות ד""ר פישר 1 ליטר",פישר מעבדות פרמצבטיות בע,IL,קמיל בלו קלאסיק ליטר,ליטרים,1.00,ליטר,false,,25.50,25.5000,true,1,1114972
7290002538158,false,גלידה חמה גביע וופל במילוי קרם 15 יחידות,גלידות קולרדו,IL,גלידה חמה 15 יח,יח',1.00,יח',false,,16.90,16.9000,true,1,5175242
7290002542780,false,"שישייה בירה סטלה ארטואה בקבוק 330X6 מ""ל","אינבב, ברוורייפליין",BE,סטלה ארטואה בקבוק 6*,מטרים,1980.00,100 מ'ל,false,,29.80,0.0151,true,1,8480043
7290002543046,false,קלוגס פרוסטיס דגנים וסוכר 750ג',קלוג מנייופרטורינג א,ES,קלוגס פרוסטיס 750 ג',גרמים,750.00,100 גרם,false,,16.90,0.0225,true,1,1088842
7290002543237,false,דגני בוקר קלוגס קורנפלקס 750 גרם,קלוגס קומפני אוף גרייט ב,GB,קלוגס קורנפלקס 750 ג',גרמים,750.00,100 גרם,false,,13.90,0.0185,true,1,1088849
7290002551010,false,טונה סטארקיסט במים 160 גרם,"סטארקיסט פודור בע""מ",TR,טונה סטארקיסט במים 160גר-,גרמים,112.00,100 גרם,false,,5.90,0.0527,true,1,1099097
7290002552260,false,"קרחון טעם משמש לל""ס ריאו מארז 90X8ג'","ביח""\ר לגלידה וממתקים בע",IL,מאגדת-שמיניות קרחוני,יח',1.00,יח',false,,14.50,14.5000,true,1,1104307
7290002552345,false,מאגדת שלגונים גלי גל פרווה 8 יח' ריאו,"גלידות ריאו ביח""ר לג",IL,גליגל שלגונים בטעם ו,יח',1.00,יח',false,,12.90,12.9000,true,1,1104309
7290002552499,false,מאגדת שלגוני שרבט פרווה תות מנגו 8 יח' ריאו,"גלידות ריאו ביח""ר לג",IL,מאגדת שמיניות שלגוני,יח',1.00,יח',false,,14.50,14.5000,true,1,1104312
7290002581352,false,קרקר עם חיטה מלאה ללא סוכר 250 גר',אפיפית נצרת,IL,דגן קרקר חיטה מלאה ה,גרמים,250.00,100 גרם,false,,6.90,0.0276,true,1,1103695
7290002596523,false,סטייק אנטריקוט משובח,לאטי עזרא גלם ודגים,IL,סטייק אנטריקוט משובח,קילוגרמים,1.00,"ק""ג",true,,78.90,78.9000,true,1,5062656
7290002603030,false,"אנטריקוט ע""ע טרי בלאק אנ",,IL,"סטייק נברסקה ע""ע טר",קילוגרמים,1.00,"ק""ג",true,,140.00,140.0000,true,1,8299833
7290002603535,false,בסגנון פטה רמי לוי,,,בסגנון פטה רמי לוי,קילוגרמים,1.00,"ק""ג",true,,31.00,31.0000,true,1,6889816
7290002603764,false,כיסוני תפוא 600 גר רמי לוי,,,כיסוני תפוא 600 גר ר,גרמים,600.00,100 גרם,false,,9.90,0.0165,true,1,5559210
7290002603771,false,פלמני כיסוני בשר 600 גר רמי לוי,,,פלמני כיסוני בשר 600,גרמים,600.00,100 גרם,false,,9.90,0.0165,true,1,5559211
7290002603788,false,קובה חמוסטה 600 גר רמי לוי,,,קובה חמוסטה 600 גר ר,גרמים,600.00,100 גרם,false,,9.90,0.0165,true,1,5559212
7290002603801,false,קובה למרק 600 גר רמי לוי,,,קובה למרק 600 גר רמי,גרמים,600.00,100 גרם,false,,9.90,0.0165,true,1,5559213
7290002603863,false,אמפנדס בשר 600 גר רמי לוי,,,אמפנדס בשר 600 גר רמ,גרמים,600.00,100 גרם,false,,9.90,0.0165,true,1,5559219
7290002603887,false,קובה מטוגן 600 גר רמי לוי,,,קובה מטוגן 600 גר רמ,גרמים,600.00,100 גרם,false,,9.90,0.0165,true,1,5559221
7290002603900,false,פלאפל 500 גר רמי לוי,,,פלאפל 500 גר רמי לוי,גרמים,600.00,100 גרם,false,,9.90,0.0165,true,1,5559187
7290002603917,false,מאפה עלים למילוי 500 גר רמי לוי,,,מאפה עלים למילוי 500,גרמים,500.00,100 גרם,false,,9.90,0.0198,true,1,5559188
7290002603931,false,מאפה פסטל בשר 600 גר רמי לוי,,,מאפה פסטל בשר 600 גר,גרמים,600.00,100 גרם,false,,9.90,0.0165,true,1,5559190
7290002603948,false,"מאפה פסטל תפו""א 600 גר רמי לוי",,,"מאפה פסטל תפו""א 600",גרמים,600.00,100 גרם,false,,9.90,0.0165,true,1,5559191
7290002603955,false,מאפה סיגר בשר 600 גר רמי לוי,,,מאפה סיגר בשר 600 גר,גרמים,600.00,100 גרם,false,,9.90,0.0165,true,1,5559166
7290002603962,false,"מאפה סיגר תפו""א 600 גר רמי לוי",,,"מאפה סיגר תפו""א 600",גרמים,600.00,100 גרם,false,,9.90,0.0165,true,1,5559167
7290002603979,false,פיצה איטלקית 320גר רמי לוי,,,פיצה איטלקית 320גר ר,גרמים,350.00,100 גרם,false,,12.90,0.0369,true,1,5559222
7290002603986,false,פיצה מרגריטה זוג 640 גרם רמי לוי,,,פיצה מרגריטה זוג 640,גרמים,640.00,100 גרם,false,,22.90,0.0358,true,1,5691333
7290002603993,false,פיצה מרגריטה זיתים 340 גר רמי לוי,,,פיצה מרגריטה זיתים 3,גרמים,350.00,100 גרם,false,,13.90,0.0397,true,1,5559242
7290002608370,false,לחמניית בגט (רבע בגט,,,רבע באגט,יח',1.00,יח',false,,1.80,1.8000,true,1,4471099
7290002608509,false,לחם מחמצת זיתי קלמנט,,,לחם מחמצת,גרמים,530.00,100 גרם,false,,16.90,0.0319,true,1,5980329
7290002608769,false,לחם מחמצת טוסקני דגנ,פילסברי,,לחם מחמצת טוסקני דגנ,יח',1.00,יח',false,,16.90,16.9000,true,1,5980333
7290002610175,false,כרעיים עוף קפוא ארוז חתם סופר,,,כרעיים עוף ארוז קפוא,קילוגרמים,1.00,"ק""ג",true,,25.90,25.9000,true,1,5472494
7290002610182,false,חזה עוף קפוא ארוז חתם סופר,,,חזה עוף ארוז קפוא,קילוגרמים,1.00,"ק""ג",true,,28.90,28.9000,true,1,5472495
7290002610199,false,כנפיים עוף קפוא ארוז חתם סופר,,,כנפיים עוף ארוז קפוא,קילוגרמים,1.00,"ק""ג",true,,8.90,8.9000,true,1,5472496
7290002610205,false,שוקיים עוף קפוא ארוז חתם סופר,,,שוקיים עוף ארוז קפוא,קילוגרמים,1.00,"ק""ג",true,,26.90,26.9000,true,1,5472497
7290002610212,false,ירכיים עוף קפוא ארוז חתם סופר,,,ירכיים עוף ארוז קפוא,קילוגרמים,1.00,"ק""ג",true,,27.90,27.9000,true,1,5472498
7290002610229,false,פרגיות עוף קפוא ארוז חתם סופר,,,פרגיות עוף ארוז קפוא,קילוגרמים,1.00,"ק""ג",true,,61.90,61.9000,true,1,5472499
7290002610236,false,שניצל עוף פרוס ארוז קפוא חתם סופר,,,שניצל עוף פרוס ארוז,קילוגרמים,1.00,"ק""ג",true,,29.90,29.9000,true,1,5472529
7290002610250,false,כבד עוף קפוא ארוז חתם סופר,,,כבד עוף ארוז קפוא,קילוגרמים,1.00,"ק""ג",true,,17.90,17.9000,true,1,5472531
7290002610267,false,לבבות עוף קפוא ארוז חתם סופר,,,לבבות עוף ארוז קפוא,קילוגרמים,1.00,"ק""ג",true,,25.90,25.9000,true,1,5472532
7290002618485,false,שף הים-שניצל דג שומש,קניה חכמה,,שניצל דג שומשום 700,גרמים,700.00,100 גרם,false,,29.90,0.0427,true,1,2756676
7290002627128,false,פיצה איטלקית פסטו 325 ג,,,פיצה איטלקית פסטו 32,גרמים,325.00,100 גרם,false,,14.90,0.0458,true,1,8138432
7290002627210,false,גפילטע פיש קציצות מדגי קרפיון וכסיף בצנצנת 560 גרם,האי נאם סי או אל.טי.,IL,גפילטע פיש דלידג 280,גרמים,280.00,100 גרם,false,,9.90,0.0354,true,1,7850577
7290002627975,false,פיצה עבה,,,פיצה עבה,גרמים,425.00,100 גרם,false,,15.90,0.0374,true,1,8260258
7290002651116,false,גחנון חמסי 1 קג לא א,מאפיית אריאל,IL,"ג'חנון חמסי 1 ק""ג",גרמים,1000.00,100 גרם,false,,15.90,0.0159,true,1,1094927
7290002651123,false,מלאווח חמסי ארוז 1 ק,מאפיית אריאל,IL,"מלוואח חמסי 1 ק""ג",גרמים,1000.00,100 גרם,false,,15.90,0.0159,true,1,1094928
7290002661283,false,פריכיות כוסמין כשלפ 100גר,,,פריכיות כוסמין כשלפ,גרמים,100.00,100 גרם,false,,6.90,0.0690,true,1,8314790
7290002661900,false,לחמניה שמיניה שומשום/פרג 6 יח' 720 גר',מאפית י את א ברמן בע,IL,מארז לחמניות 6 יח 72,גרמים,720.00,100 גרם,false,,10.90,0.0151,true,1,6905682
7290002661979,false,פתית פריך פישתן כשלפ 100גר,אבונט ק.פ.ט.,HU,פתית פריך פישתן כשלפ,גרמים,100.00,100 גרם,false,,6.90,0.0690,true,1,8314797
7290002674221,false,"אקווה פרש משחת שינים משאבה מנטה 100 מ""ל",גלקסו סמית קליין,GB,"אקוה פרש משאבה 100 מ""ל",גרמים,100.00,100 גרם,false,,11.80,0.1180,true,1,1106271
7290002674238,false,"אקווה פרש - משחת שיניים מנטה מרענן 125 מ""ל",גלקסוסמיתקליין,SK,"אקוה פרש מנטה 125 מ""ל",מיליליטרים,125.00,"100 מ""ל",false,,7.90,0.0632,true,1,1106272
7290002674269,false,"אקווה פרש - משחת שיניים מנטה עדין 125 מ""ל",גלקסוסמיתקליין,SK,"אקוה פרש עדין 125 מ""ל",מיליליטרים,125.00,"100 מ""ל",false,,7.90,0.0632,true,1,1106274
7290002679035,false,נתחי חזה הודו טרי,,,נתחי חזה הודו טרי,קילוגרמים,1.00,"ק""ג",true,,27.90,27.9000,true,1,7002980
7290002679042,false,שוק הודו טרי,,,שוק הודו טרי,קילוגרמים,1.00,"ק""ג",true,,23.90,23.9000,true,1,7002981
7290002679059,false,שוק הודו מפורק טרי,,,שוק הודו מפורק טרי,קילוגרמים,1.00,"ק""ג",true,,43.90,43.9000,true,1,7002982
7290002679066,false,שווארמה הודו נקבה טר,,,שווארמה הודו נקבה טר,קילוגרמים,1.00,"ק""ג",true,,59.90,59.9000,true,1,7002983
7290002679073,false,כנף הודו טרי,,,כנף הודו טרי,קילוגרמים,1.00,"ק""ג",true,,19.90,19.9000,true,1,7002984
7290002679080,false,גרון הודו טרי,,,גרון הודו טרי,קילוגרמים,1.00,"ק""ג",true,,27.90,27.9000,true,1,7002985
7290002679097,false,חזה חצוי הודו טרי,,,חזה חצוי הודו טרי,קילוגרמים,1.00,"ק""ג",true,,29.90,29.9000,true,1,7002986
7290002679738,false,שווארמה הודו נקבה מח,,,שווארמה הודו נקבה מח,קילוגרמים,1.00,"ק""ג",true,,59.90,59.9000,true,1,7127932
7290002679769,false,גרון הודו מחפוד,,,גרון הודו מחפוד,קילוגרמים,1.00,"ק""ג",true,,31.90,31.9000,true,1,7127935
7290002680314,false,עוף טרי,,,עוף טרי,קילוגרמים,1.00,"ק""ג",true,,18.90,18.9000,true,1,7002894
7290002680321,false,כרעיים עוף טרי,,,כרעיים עוף טרי,קילוגרמים,1.00,"ק""ג",true,,24.90,24.9000,true,1,7002895
7290002680338,false,שוקיים עוף טרי,,,שוקיים עוף טרי,קילוגרמים,1.00,"ק""ג",true,,27.90,27.9000,true,1,7002896
7290002680345,false,ירכיים עוף טרי,,,ירכיים עוף טרי,קילוגרמים,1.00,"ק""ג",true,,24.90,24.9000,true,1,7002897
7290002680352,false,שניצל עוף טרי,,,שניצל עוף טרי,קילוגרמים,1.00,"ק""ג",true,,36.90,36.9000,true,1,7002898
7290002680369,false,חזה שלם טרי,,,חזה שלם טרי,קילוגרמים,1.00,"ק""ג",true,,34.90,34.9000,true,1,7002899
7290002680376,false,פילה עוף טרי,,,פילה עוף טרי,קילוגרמים,1.00,"ק""ג",true,,34.90,34.9000,true,1,7002900
7290002680383,false,לב עוף טרי,,,לב עוף טרי,קילוגרמים,1.00,"ק""ג",true,,27.90,27.9000,true,1,7002901
7290002680390,false,שווארמה עוף טרי,,,שווארמה עוף טרי,קילוגרמים,1.00,"ק""ג",true,,54.90,54.9000,true,1,7003049
7290002680406,false,כנפיים עוף טרי,הוד חפר,,כנפיים עוף טרי,קילוגרמים,1.00,"ק""ג",true,,9.90,9.9000,true,1,7003050
7290002680413,false,כבד עוף טרי לצלייה ב,,,כבד עוף טרי לצלייה ב,קילוגרמים,1.00,"ק""ג",true,,22.90,22.9000,true,1,7002902
7290002680604,false,שניצל דק דק רמי לוי,,,שניצל דק דק רמי לוי,קילוגרמים,1.00,"ק""ג",true,,39.90,39.9000,true,1,7003013
7290002681120,false,סטייק פרגית פרמיום,,,סטייק פרגית פרמיום,קילוגרמים,1.00,"ק""ג",true,,59.90,59.9000,true,1,7003015
7290002681137,false,שניצל דק דק פרימיום,,,שניצל דק דק פרימיום,קילוגרמים,1.00,"ק""ג",true,,39.90,39.9000,true,1,7003016
7290002681472,false,טחול עוף טרי,,,טחול עוף טרי,קילוגרמים,1.00,"ק""ג",true,,34.90,34.9000,true,1,7002907
7290002681533,false,חזה טרי מחפוד,,,חזה טרי מחפוד,קילוגרמים,1.00,"ק""ג",true,,32.90,32.9000,true,1,7127940
7290002681540,false,כרעיים טרי מחפוד,,,כרעיים טרי מחפוד,קילוגרמים,1.00,"ק""ג",true,,32.90,32.9000,true,1,7127941
7290002681557,false,ירכיים טרי מחפוד,,,ירכיים טרי מחפוד,קילוגרמים,1.00,"ק""ג",true,,32.90,32.9000,true,1,7127942
7290002681564,false,שוקיים עוף טרי מחפוד,,,שוקיים עוף טרי מחפוד,קילוגרמים,1.00,"ק""ג",true,,33.90,33.9000,true,1,7127943
7290002681571,false,שווארמה עוף טרי מחפו,,,שווארמה עוף טרי מחפו,קילוגרמים,1.00,"ק""ג",true,,74.90,74.9000,true,1,7127944
7290002681601,false,כנפיים טרי מחפוד,,,כנפיים טרי מחפוד,קילוגרמים,1.00,"ק""ג",true,,14.90,14.9000,true,1,7127981
7290002681625,false,שניצל עוף טרי מחפוד,,,שניצל עוף טרי מחפוד,קילוגרמים,1.00,"ק""ג",true,,34.90,34.9000,true,1,7127983
7290002683711,false,פילה עוף מובחר פרימי,,,פילה עוף מובחר פרימי,קילוגרמים,1.00,"ק""ג",true,,34.90,34.9000,true,1,8270707
7290002683728,false,חזה עוף פרימיום,,,חזה עוף פרימיום,קילוגרמים,1.00,"ק""ג",true,,35.90,35.9000,true,1,8270708
7290002683735,false,כרעיים פרימיום,,,כרעיים פרימיום,קילוגרמים,1.00,"ק""ג",true,,29.90,29.9000,true,1,8270709
7290002683742,false,שוקיים פרימיום,,,שוקיים פרימיום,קילוגרמים,1.00,"ק""ג",true,,29.90,29.9000,true,1,8270710
7290002683759,false,כנפיים פרימיום,,,כנפיים פרימיום,קילוגרמים,1.00,"ק""ג",true,,15.00,15.0000,true,1,8270711
7290002692393,false,שמן קנולה מזוכך מועשר עץ הזית 1 ליטר,שמן תעשיות בעמ,EE,שמן קנולה מזוכך מועש,ליטרים,1.00,ליטר,false,,14.80,14.8000,true,1,1096226
7290002692478,false,"שמן זית כתית מעולה קלאסי מעודן 750 מ""ל עץ הזית","מרקאולאו, ספרד.אבסה,",IT,שמן זית כתית מעולה מ,מיליליטרים,750.00,"100 מ""ל",false,,32.80,0.0437,true,1,1096229
7290002692768,false,"תרסיס שמן קנולה מזוכך ללא תוספת גז עץ הזית 200 מ""ל",טרנסומס פוד איי בי,IT,תרסיס שמן קנולה עץ ה,מיליליטרים,200.00,"100 מ""ל",false,,15.70,0.0785,true,1,1096233
7290002692775,false,"תרסיס שמן קנולה בטעם חמאה עץ הזית 200 מ""ל",קומפניה,IT,תרסיס שמן חמאה עץ הז,מיליליטרים,200.00,"100 מ""ל",false,,15.70,0.0785,true,1,7124992
7290002692782,false,"תרסיס שמן זית כתית מעולה ללא תוספת גז עץ הזית 150 מ""ל",י.ב טכנולוגיות אריזה,IT,תרסיס שמן זית עץ הזי,מיליליטרים,148.00,"100 מ""ל",false,,14.90,0.1007,true,1,1096235
7290002715375,false,קבב יווני טיבון ויל 400 גרם,טיבון ויל אחזקות בעמ,IL,קבב יווני טיבון ויל,גרמים,400.00,100 גרם,false,,17.90,0.0447,true,1,1095772
7290002715504,false,ארוחת נודלס בטעם עוף מג'יק 70 גרם,טאט הוי פוד בעמ,SG,ארוחת נודלס בטעם עוף,גרמים,70.00,100 גרם,false,,4.30,0.0614,true,1,1095773
7290002715511,false,ארוחת נודלס בטעם בשר מג'יק 70 גרם,טאט הוי פוד בעמ,SG,ארוחת נודלס בטעם בשר,גרמים,70.00,100 גרם,false,,4.30,0.0614,true,1,1095774
7290002715528,false,ארוחת נודלס בטעם ירקות מג'יק 70 גרם,טאט הוי פוד בעמ,SG,ארוחת נודלס בטעם ירק,גרמים,70.00,100 גרם,false,,4.30,0.0614,true,1,1095775
7290002715580,false,ארוחת נודלס בטעם סיני חריף מג'יק 70 גרם,טאט הוי פוד בעמ,SG,ארוחת נודלס בטעם סינ,גרמים,70.00,100 גרם,false,,4.30,0.0614,true,1,1095777
7290002730262,false,"נוזל לניקוי כלים קלאסי פלמוליב 750 מ""ל",יבואן ומשווק: ש. שסט,GR,נוזל לניקוי כלים קלא,מיליליטרים,750.00,"100 מ""ל",false,,8.80,0.0117,true,1,1088853
7290002730521,false,צימרוני אוזניים בלונס בקופסא 200 יח',קריות זול,GR,צמרוני אוזניים בלונס,יח',200.00,יח',false,,5.90,0.0295,true,1,1088857
7290002730538,false,פדיות להסרת איפור בלונס 80 יחידות,הנסיך- מפעל לייצור ט,GR,פדיות להסרת איפור בל,יח',80.00,יח',false,,7.90,0.0988,true,1,1088858
7290002730675,false,"קולגייט משחת שיניים אדומה משפחתי 100 מ""ל",קולגייט-פלמוליב,PL,משחת שיניים קולגייט,מיליליטרים,100.00,"100 מ""ל",false,,8.40,0.0840,true,1,1088860
7290002730811,false,"משחת שיניים ג'ל פסים מרעננים קולגייט 100 מ""ל",הנסיך- מפעל לייצור ט,PL,משחת שיניים ג'ל פסים,100 מל,100.00,100 מל,false,,11.90,0.1190,true,1,1088861
7290002730903,false,פלמוליב סבון מוצק ורדים רביעייה * 125 ג',הנסיך- מפעל לייצור ט,TR,סבון מוצק ורדים פלמו,גרמים,500.00,100 גרם,false,,16.90,0.0338,true,1,1088863
7290002730941,false,כדורי צמר גפן בלונס 100 יחידות,הנסיך- מפעל לייצור ט,GR,צמר גפן פרוס בלונס 1,גרמים,100.00,100 גרם,false,,5.90,0.0590,true,1,1088866
7290002730958,false,סבון מוצק בניחוח זיתים ואלוורה פלמוליב 4*100 גרם,הנסיך- מפעל לייצור ט,TR,סבון מוצק בניחוח זית,גרמים,400.00,100 גרם,false,,16.90,0.0422,true,1,1088867
7290002735007,false,"בצק עלים מרודד ינון 1 ק""ג",קפוא-זן,,בצק עלים מרודד ינון,גרמים,1000.00,100 גרם,false,,13.90,0.0139,true,1,1083561
7290002735014,false,מלוואח ארוז ינון 800 גר',ג'נרל מילס סאן אדריא,IL,מלוואח ינון 800 גרם,גרמים,800.00,100 גרם,false,,12.90,0.0161,true,1,1083562
7290002735021,false,ג'חנון קפוא ינון 750 גרם,ג'נרל מילס סאן אדריא,IL,ג'חנון ינון 750 גרם,גרמים,750.00,100 גרם,false,,12.90,0.0172,true,1,1083563
7290002735274,false,ג'חנון אפוי ינון 600 גרם,ג'נרל מילס סאן אדריא,IL,ג'חנון אפוי ינון 600,גרמים,600.00,100 גרם,false,,16.50,0.0275,true,1,1083568
7290002735809,false,בצק עלים רמי לוי 1קג,ינון,IL,בצק עלים רמי לוי 1קג,גרמים,1000.00,100 גרם,false,,11.90,0.0119,true,1,2826502
7290002735816,false,גחנון רמי לוי 750 גרם,ינון,IL,גחנון רמי לוי 750 גר,גרמים,750.00,100 גרם,false,,11.90,0.0159,true,1,2826503
7290002735823,false,מלווח רמי לוי 700 גרם,ינון,IL,מלווח רמי לוי 700 גר,גרמים,700.00,100 גרם,false,,11.90,0.0170,true,1,2826504
7290002735830,false,בורקס תפוא רמי לוי 800 גרם,ינון,IL,בורקס תפוא רמי לוי 8,גרמים,800.00,100 גרם,false,,10.90,0.0136,true,1,2826505
7290002735847,false,בורקס גבינה רמי לוי 800 גרם,ינון,IL,בורקס גבינה רמי לוי,גרמים,800.00,100 גרם,false,,12.90,0.0161,true,1,2826506
7290002735854,false,גחנון אפוי רמי לוי 600 גרם,ינון,IL,גחנון אפוי רמי לוי 6,גרמים,600.00,100 גרם,false,,11.90,0.0198,true,1,2826507
7290002735946,false,בצק פריך מתוק 900ג רמילוי,,,בצק פריך מתוק 900ג ר,גרמים,900.00,100 גרם,false,,19.80,0.0220,true,1,8240913
7290002735953,false,בצק פריך מלוח 900ג רמילוי,,,בצק פריך מלוח 900ג ר,גרמים,900.00,100 גרם,false,,19.80,0.0220,true,1,8240914
7290002735960,false,פילאס טורקי 600ג רמילוי,,,פילאס טורקי 600ג רמי,מיליליטרים,600.00,"100 מ""ל",false,,14.90,0.0248,true,1,8238060
7290002748229,false,כרעיים עוף ארוז קפוא,עוף ירושלים מהדרין,,כרעיים עוף ארוז קפוא,קילוגרמים,1.00,"ק""ג",true,,28.90,28.9000,true,1,1152741
7290002748250,false,חזה עוף ארוז קפוא שק,עוף ירושלים,IL,חזה עוף ארוז קפוא שק,קילוגרמים,1.00,"ק""ג",true,,26.90,26.9000,true,1,1086259
7290002748274,false,כנפיים עוף ארוז קפוא,עוף ירושלים,,כנפיים עוף ארוז קפוא,קילוגרמים,1.00,"ק""ג",true,,8.90,8.9000,true,1,1086260
7290002748281,false,שוקיים עוף ארוז קפוא,עוף ירושלים,,שוקיים עוף קפוא,קילוגרמים,1.00,"ק""ג",true,,26.90,26.9000,true,1,1086261
7290002748335,false,לבבות עוף שקיל,עוף ירושלים מהדרין,,לבבות עוף שקיל,קילוגרמים,1.00,"ק""ג",true,,25.90,25.9000,true,1,1152744
7290002750154,false,שישיית לחמניות יאמיס,פילסברי,IL,מארז לחמניית יאמי,יח',1.00,יח',false,,12.90,12.9000,true,1,4471101
7290002750178,false,לחמניה שמיניה,פילסברי,,לחמניה שמיניה,יח',1.00,יח',false,,4.90,4.9000,true,1,4353010
7290002750338,false,לחם רוסטיק עגבניות מ,פילסברי,,לחם עגבניות מיובשות,יח',1.00,יח',false,,16.90,16.9000,true,1,3951034
7290002750963,false,באגט רוסטיק פילסברי,פילסברי,,באגט רוסטיק,יח',1.00,יח',false,,7.90,7.9000,true,1,1084116
7290002752332,false,"סוכריות מנטוס פירות בגליל, 37.5 גרם",הדקלאים אגודת שיתופי,NL,סוכריות בטעם פירות מ,גרמים,37.50,100 גרם,false,,2.90,0.0773,true,1,1099656
7290002752349,false,סוכריות מנטוס מנטה 40יח' בגליל 38ג',פרפטי ואן מלה,NL,סוכריות מנטה מנטוס 3,גרמים,37.50,100 גרם,false,,2.90,0.0773,true,1,1099657
7290002752493,false,רביעיה סוכריות מנטה 4* 16 ג' טיק טק,פררו - אלבה,ZA,טיק טק מנטה רביעייה,גרמים,64.00,100 גרם,false,,9.90,0.1547,true,1,1099658
7290002753995,false,סוכריות עדשים לקישוט עוגה וורנר 6*25 גרם,היינץ צפון אמריקה מק,DE,סוכריות עדשים לקישוט,גרמים,150.00,100 גרם,false,,15.90,0.1060,true,1,1099661
7290002757511,false,דלידג קציצות דג לבישול 750 גר קהילות,האי נאם סי או אל.טי.,IL,קציצות דג לבישול דלי,גרמים,750.00,100 גרם,false,,24.90,0.0332,true,1,1095786
7290002757665,false,קבב מזרחי טיבון ויל 400 ג',טיבון ויל,IL,קבב מזרחי 400 גרם,גרמים,400.00,100 גרם,false,,9.90,0.0248,true,1,1095789
7290002757672,false,המבורגר מזרחי טיבון ויל 400ג',טיבון ויל,IL,המבורגר 400 גרם,גרמים,400.00,100 גרם,false,,9.90,0.0248,true,1,1095790
7290002768036,false,"מי פה תיאדנט ענק מונע עששת 150מ""ל",אמיליה קוסמטיקס,IL,מי פה למניעת עששת תי,מיליליטרים,150.00,"100 מ""ל",false,,14.70,0.0980,true,1,1115963
7290002768043,false,"תיאדנט מי-פה ענק פלאוריד 150 מ""ל",אמיליה קוסמטיקס בע'\'\מ,IL,"מי פה תיאדנט 150 מ""ל",מיליליטרים,150.00,"100 מ""ל",false,,14.70,0.0980,true,1,1115964
7290002768074,false,אל סבון נוזלי רגיל דרמפון 1 ליטר,"אמיליה קוסמטיקס בע""מ",IL,אל סבון נוזלי רגיל ד,ליטרים,1.00,ליטר,false,,17.80,17.8000,true,1,1115965
7290002768159,false,"קצף אמבט בת אורן קרליין 500 מ""ל",פארק תעשיות עמק חפרמ,IL,קצף אמבט בת אורן קרל,מיליליטרים,500.00,"100 מ""ל",false,,17.90,0.0358,true,1,1115966
7290002771104,false,קפה עם הל אל נחלה 500 גרם,מולינו ניקולי s.p.a,IL,קפה עם הל אל נחלה 50,גרמים,500.00,100 גרם,false,,29.90,0.0598,true,1,1107307
7290002771111,false,קפה עם הל אל נחלה 250 גרם,מולינו ניקולי s.p.a,IL,קפה עם הל אל נחלה 25,גרמים,250.00,100 גרם,false,,15.90,0.0636,true,1,1107308
7290002771128,false,קפה אלנח'לה בלי הל 250 ג',מולינו ניקולי s.p.a,IL,קפה אל נחלה 250 גרם,גרמים,250.00,100 גרם,false,,15.90,0.0636,true,1,1107309
7290002773214,false,דניס נקי טרי,,,דניס נקי טרי,קילוגרמים,1.00,"ק""ג",true,,64.90,64.9000,true,1,7982817
7290002773863,false,פילה לברק טרי,,,פילה לברק טרי,קילוגרמים,1.00,"ק""ג",true,,120.00,120.0000,true,1,7982775
7290002773887,false,ברמונדי נקי טרי,,,ברמונדי נקי טרי,קילוגרמים,1.00,"ק""ג",true,,49.90,49.9000,true,1,7982819
7290002773924,false,לברק נקי טרי,,,לברק נקי טרי,קילוגרמים,1.00,"ק""ג",true,,69.90,69.9000,true,1,7982823
7290002775317,false,פילה דג זהבנון 1קג יח,נטו מלינדה,IL,"פילה זהבון 1 ק""ג",יח',1.00,יח',false,,22.90,22.9000,true,1,8342744
7290002782735,false,"דאודורנט ספריי לגבר מס' 1 180 מ""ל פנינה רוזנבלום",פנינה רוזנבלום,IL,דאודורנט ספריי לגבר,מיליליטרים,180.00,"100 מ""ל",false,,14.90,0.0828,true,1,1102335
7290002782759,false,"פנינה קרם גוף רוזנבלום 400 מ""ל",פנינה רוזנבלום,IL,קרם גוף מס' 2 פנינה,מיליליטרים,340.00,"100 מ""ל",false,,21.90,0.0644,true,1,1102333
7290002793311,false,שירות והחלפה מילוי גז 60 סודהסטרים,סודה סטרים,IL,מילוי גז למיכל סודה,יח',1.00,יח',false,,48.90,48.9000,true,1,1097898
7290002800361,false,המבורגר מסעדות בואקו,מעדני הטלה והעגל,IL,המבורגר ואקום 500 גר,גרמים,500.00,100 גרם,false,,22.90,0.0458,true,1,5062667
7290002814290,false,קצף מרוכז 1 ליטר בלנקו בניחוח לימון משמיד 99.9%,קומפלקס כימיקלים בעמ,IL,קצף מרוכז אקונומיקה,יח',1.00,יח',false,,9.90,9.9000,true,1,8245518
7290002814351,false,"מילוי מכשיר אוויר 250 מ""ל fashion sweetie סנט מוריץ",סורה קוסמטיקס,TR,מטהר אוויר למכשיר או,מטרים,250.00,100 מ'ל,false,,9.90,0.0396,true,1,8420356
7290002814368,false,"סנט מוריץ - מרסס מסיר שומנים קר 800 מ""ל",,,מסיר שומנים קר מתז 8,מיליליטרים,800.00,"100 מ""ל",false,,13.90,0.0174,true,1,8279492
7290002814528,false,נוזל לניקוי האסלה סנט מוריץ 1 ליטר,קומפלקס כימיקלים בעמ,IL,סנט מוריץ מס' 1 לאסל,ליטרים,1.00,ליטר,false,,4.90,4.9000,true,1,1102122
7290002814580,false,טורנדו גרגירים לפתיחת סתימות 200 גרם,"קומפלקס כימיקלים בע""",IL,טורנדו גרגרים לפתיחת,גרמים,200.00,100 גרם,false,,9.90,0.0495,true,1,4017269
7290002814665,false,סנט מוריץ - מרסס מסיר עובש 1 ליטר,קומפלקס כימיקלים,IL,מסיר עובש 1לי-סנט מו,יח',1.00,יח',false,,9.90,9.9000,true,1,8324691
7290002814788,false,עלמה כיסוי ניילון עם גומי 33 יח',,,כיסוי ניילון עם גומי,יחידה,0.00,יחידה,false,,7.90,0.0000,true,1,1102127
7290002814849,false,סנט מוריץ סבון אסלה שלישייה כחול אוקיינוס,,TR,סנט מוריץ סבון אסלה,יח',3.00,יח',false,,9.90,3.3000,true,1,4515585
7290002814870,false,"סנט מוריץ - מרסס מסיר שומנים קר מבושם לוונדר\פרחים 750 מ""ל",קומפלקס כימיקלים בעמ,IL,מסיר שומנים קר מבושם,מיליליטרים,750.00,"100 מ""ל",false,,12.90,0.0172,true,1,7286680
7290002814887,false,מטליות רצפה לניקוי ובישום סנטמוריץ,קומפלקס כימיקלים,CN,מטליות רצפה לניקוי ו,יח',1.00,יח',false,,8.90,8.9000,true,1,8121834
7290002814931,false,סנט מוריץ שמפו רצפות בניחוח פרחים 4 ליטר - מרכז,קומפלקס כימיקלים בעמ,IL,סנט מוריץ רצפות בניח,ליטרים,4.00,ליטר,false,,9.90,2.4750,true,1,1102128
7290002823025,false,אמנון נקי טרי,,,אמנון נקי טרי,קילוגרמים,1.00,"ק""ג",true,,28.90,28.9000,true,1,7982826
7290002824183,false,"גבינה לבנה סקי 500 גרם 5% ""שטראוס"" -מוצר בפיקוח",מיוצר עי קונדיטוריית,IL,גבינה לבנה סקי 5% שו,גרמים,500.00,100 גרם,false,,9.20,0.0184,true,1,1103772
7290002824466,false,יוגורט דנונה ביו לבן 0% שומן 200 גרם,"שטראוס בריאות בע""\מ",IL,יוגורט דנונה ביו לבן,מיליליטרים,200.00,"100 מ""ל",false,,3.40,0.0170,true,1,1103773
7290002824640,false,"גבינת סקי 250 גרם 5% ""שטראוס"" -מוצר בפיקוח",מיוצר עי קונדיטוריית,IL,גבינה לבנה סקי 5% שו,גרמים,250.00,100 גרם,false,,4.70,0.0188,true,1,1103775
7290002825722,false,סלט כרוב אדום אחלה 500 גרם,מיוצר עי קונדיטוריית,IL,סלט כרוב אדום אחלה 5,גרמים,500.00,100 גרם,false,,12.90,0.0258,true,1,1103779
7290002827306,false,נקניקיות עוף ירושלים מחפוד 400 ג',עוף ירושלים,IL,נקניקיות עוף 400ג מח,גרמים,400.00,100 גרם,false,,9.90,0.0248,true,1,1103414
7290002827337,false,נקניקיות עוף פיקנטי חריף 400 מחפוד,עוף ירושלים,IL,נקניקיות עוף פיקנטי,גרמים,400.00,100 גרם,false,,9.90,0.0248,true,1,1103416
7290002830948,false,גבינת עיזים מותכת 30% מון בלאן 120 גרם,סלס קרית מלאכי ישראל,IL,גבינת עיזים מותכת 30,גרמים,120.00,100 גרם,false,,8.90,0.0742,true,1,1095819
7290002857600,false,"קובה למרק פטריות 1 ק""ג שלושת האופים",שלושת האופים,IL,קובה למרק פטריות 1 ק,גרמים,1000.00,100 גרם,false,,17.90,0.0179,true,1,8483676
7290002862482,false,פירורי לחם לשניצל בטעם קלאסי 500 גרם,הררית הגליל,,פירורי לחם לשניצל בט,מיליליטרים,500.00,"100 מ""ל",false,,7.90,0.0158,true,1,1114892
7290002868996,false,"קוטג' 5% שומן, רכיבים טבעיים, 250 גרם",קריות זול,IL,גבינת קוטג' מועשר 5%,גרמים,250.00,100 גרם,false,,5.30,0.0212,true,1,1083667
7290002871248,false,"בירה טובורג רד בקבוק 500 מ""ל חוזר",מבשלות בירה בינלאומיות ב,IL,"טובורג רד 500 מ""ל",מיליליטרים,500.00,"100 מ""ל",false,,7.50,0.0150,true,1,2612603
7290002871361,false,"בירה קרלסברג בקבוק 500 מ""ל חוזר",מבשלות בירה בינלאומיות ב,IL,קרלסברג בירה בק.חוזר,מיליליטרים,500.00,"100 מ""ל",false,,7.50,0.0150,true,1,2612604
7290002881209,false,רסק תפוחי עץ דיאט 700 ג' תומר,KONSERVENFABRIEK BALTUSSEN,NL,רסק תפוחי עץ תומר 70,גרמים,708.00,100 גרם,false,,9.90,0.0140,true,1,1087966
7290002881216,false,רסק תפוחי עץ לא ממותק תומר 700 גרם,KONSERVENFABRIEK BALTUSSEN,NL,רסק תפוחי עץ לא ממות,גרמים,708.00,100 גרם,false,,9.90,0.0140,true,1,1087967
7290002881735,false,לבבות דקל שלם 410 גר תומר,אינקופלמיטו אס.אי,EC,לבבות דקל שלם 410 גר,גרמים,410.00,100 גרם,false,,11.80,0.0288,true,1,1087983
7290002921226,false,"חלב לניקוי רהיטי עור יעקבי 250 מ""ל",יעקובי,CH,חלב לניקוי רהיטי עור,מיליליטרים,250.00,"100 מ""ל",false,,24.90,0.0996,true,1,1097258
7290002921349,false,לוקטייט סופר גלו 3 - זוגי,יעקובי סופר גלו,TR,לוקטייט סופר גלו 3 -,יח',1.00,יח',false,,13.90,13.9000,true,1,8339536
7290002921516,false,טורבול-סופג לחות לבית יעקבי,יעקובי,,סופג לחות טורבול,מיליליטרים,340.00,"100 מ""ל",false,,38.90,0.1144,true,1,1097262
7290002925729,false,"גם וגם משחת שיניים כחול ומי פה בטעם פפרמינט 120 מ""ל","אמיליה קוסמטיקס בע""מ",IL,משחת שיניים ומי פה ב,מיליליטרים,120.00,"100 מ""ל",false,,14.90,0.1242,true,1,1115968
7290002925798,false,"גם וגם משחת שיניים ירוק מי פה לייט 120 מ""ל",אמיליה קוסמטיקס,IL,משחת שיניים ומי פה ג,מיליליטרים,120.00,"100 מ""ל",false,,14.90,0.1242,true,1,1115969
7290002927051,false,פילה מדומה מס' 6 קפו,זהר בשר,,פילה מדומה מס' 6,קילוגרמים,1.00,"ק""ג",true,,34.90,34.9000,true,1,1085124
7290002927105,false,צלי עגל ברשת קפוא,זהר בשר,,צלי עגל ברשת,קילוגרמים,1.00,"ק""ג",true,,34.90,34.9000,true,1,1085127
7290002927198,false,טחון בקר קפוא 500 גר,זהר בשר,,טחון בקר 500 ג,גרמים,500.00,100 גרם,false,,11.90,0.0238,true,1,1085143
7290002927358,false,סטיק אנטריקוט 800גר,זהר בשר,,סטייק בקר 800 ג,גרמים,800.00,100 גרם,false,,33.90,0.0424,true,1,1085144
7290002927389,false,טחון עוף קפוא 500 גר,זהר בשר,,טחון עוף 500 ג,גרמים,500.00,100 גרם,false,,9.90,0.0198,true,1,1085145
7290002927464,false,גולש עגל קפוא,זהר בשר,,גולש עגל,קילוגרמים,1.00,"ק""ג",true,,29.90,29.9000,true,1,1085133
7290002927471,false,צלי עגל חצוי קפוא,זהר בשר,,צלי עגל,קילוגרמים,1.00,"ק""ג",true,,36.90,36.9000,true,1,1085134
7290002927518,false,טבעות עגל ארוז קפוא קג,"זהר בשר עופות ובשר בע""\מ",IL,טבעות עגל,קילוגרמים,1.00,"ק""ג",true,,36.90,36.9000,true,1,1085135
7290002927631,false,טחון הודו קפוא 500 ג,זהר בשר,,טחון הודו 500 ג,גרמים,500.00,100 גרם,false,,9.90,0.0198,true,1,1085147
7290002927655,false,שניצל עגל קפוא זהר ב,זהר בשר,,שניצל עגל קפוא זהר ב,קילוגרמים,1.00,"ק""ג",true,,36.90,36.9000,true,1,1085137
7290002929642,false,רביעיית טונה בשמן ויליגר 140 גרם,דיאמנט פוד פרודקט קו,TH,טונה ויליגר 392 גרם,גרמים,392.00,100 גרם,false,,18.90,0.0482,true,1,2653092
7290002954026,false,"שמן תירס ""שוקחה"" 3 ליטר",איי.די.אם אנטוורפאן. וי,AR,שמן תירס 3ליטר,יח',1.00,יח',false,,44.50,44.5000,true,1,8439755
7290002987963,false,"סלט חומוס אחלה 1 ק""ג",מיוצר עי קונדיטוריית,IL,"סלט חומוס אחלה 1 ק""ג",יח',1.00,יח',false,,13.90,13.9000,true,1,1103780
7290003009596,false,"סירופ דיאט אשכוליות פריגת 750 מ""ל",סירופ - גבעת חיים,IL,סירופ דיאט אשכוליות,מיליליטרים,750.00,"100 מ""ל",false,,19.90,0.0265,true,1,1084326
7290003015627,false,"נוזל רצפות אפרסק 2 ליטר ""ריצפז פרש""","סנו מפעלי ברונוס בע""",IL,ריצפז פרש 2 לי,ליטרים,2.00,ליטר,false,,16.90,8.4500,true,1,1094221
7290003015634,false,"נוזל רצפות פסיפלורה 2 ליטר ""ריצפז פרש""",קריות זול,IL,ריצפז פרש 2 לי,ליטרים,2.00,ליטר,false,,16.90,8.4500,true,1,1094222
7290003015641,false,"נוזל רצפות יסמין 2 ליטר ""ריצפז פרש""",קריות זול,IL,ריצפז פרש 2 לי,ליטרים,2.00,ליטר,false,,16.90,8.4500,true,1,1094223
7290003015672,false,סנו סופט מפיות צבעוניות חלקות 50 יחידות,סנו סופט,IL,סנו סופט מפיות צבעונ,יח',50.00,יח',false,,7.90,0.1580,true,1,1094224
7290003026036,false,"ד""ר פישר - קמיל בלו סנסיטיב אל סבון עדין לתינוק 1 ליטר",פישר מעבדות פרמצבטיות בע,IL,קמיל בלו סנסיטיב אל סבון,ליטרים,1.00,ליטר,false,,32.80,32.8000,true,1,1114977
7290003026227,false,"קמיל בלו שמפו לתינוק סנסיטיב אל דמע ד""ר פישר 1 ליטר",פישר מעבדות פרמצבטיות בע,IL,קמיל בלו סנסיטיב אל דמע ל,ליטרים,1.00,ליטר,false,,32.80,32.8000,true,1,1114979
7290003026319,false,"קמיל בלו משחת החתלה לתינוק ד""ר פישר 120 גרם",פישר מעבדות פרמצבטיות בע,IL,קמיל בלו סנסיטיב משחה לתי,גרמים,120.00,100 גרם,false,,18.90,0.1575,true,1,1114981
7290003029181,false,משקה יטבתה שוקו' בקבוק 1ל מהדרין,שטראוס גרופ,IL,שוקו יטבתה 1 ליטר,100 מל,1000.00,100 מל,false,,9.90,0.0099,true,1,1103785
7290003029372,false,משקה חלב בטעם בננה יטבתה 1 ליטר,שטראוס גרופ,IL,משקה חלב בטעם בננה י,מיליליטרים,1000.00,"100 מ""ל",false,,9.90,0.0099,true,1,1103787
7290003029389,false,"משקה חלב בננה פקק ספורט 250 מ""ל יוטבתה",שטראוס גרופ,IL,משקה חלב בננה פקק ספ,מיליליטרים,250.00,"100 מ""ל",false,,5.20,0.0208,true,1,1103788
7290003029433,false,"משקה יטבתה שוקו פקק 250 מ""ל מהדרין",שטראוס גרופ,IL,שוקו פקק ספורט יטבתה,מיליליטרים,250.00,"100 מ""ל",false,,5.20,0.0208,true,1,1103790
7290003029532,false,מוקה בבקבוק יטבתה 1 ליטר מהדרין,שטראוס גרופ,IL,מוקה יטבתה 1 ליטר,100 מל,1000.00,100 מל,false,,9.90,0.0099,true,1,1103792
7290003029792,false,"משקה יטבתה שוקו שקיות מהדרין מארז 225X8מ""ל",שטראוס גרופ,IL,שוקו בשקית יטבתה 8 י,יח',8.00,יח',false,,18.90,2.3625,true,1,1103794
7290003029815,false,כד חלב 3% יטבתה 2 ליטר מהדרין,שטראוס גרופ,IL,חלב מועשר 2 ל 3% מהד,ליטרים,2.00,ליטר,false,,13.90,6.9500,true,1,1103795
7290003029907,false,אייס קפה יטבתה 1 ליטר מהדרין,שטראוס גרופ,IL,אייס קפה יטבתה 1 ליט,ליטרים,1.00,ליטר,false,,9.90,9.9000,true,1,1103798
7290003054657,false,חרדל ריין דיז'ון אקסטרה פורטה 370 גרם,ריין דיז'ון reine dijon,FR,חרדל דיג'ון אקסטרא פורטה,גרמים,370.00,100 גרם,false,,9.90,0.0268,true,1,1099106
7290003060030,false,"קמח חיטה מלא טחנות ישראליות 1 ק""ג",טחנות ישראליות,IL,קמח חיטה מלא רמילוי,יח',1.00,יח',false,,4.90,4.9000,true,1,2642587
7290003060078,false,"קמח ישראלי שיפון מלא טחנות ישראליות 1 ק""ג",טחנות ישראל,IL,קמח שיפון מלא רמילוי,יח',1.00,יח',false,,4.90,4.9000,true,1,2798601
7290003060085,false,קמח ישראלי ללחם וחלות טחנות ישראליות,טחנות ישראליות,IL,קמח ללחם וחלות מועשר,יח',1.00,יח',false,,4.90,4.9000,true,1,2642588
7290003060337,false,קמח כוסמין לבן מנופה,,,קמח כוסמין לבן מנופה,קילוגרמים,1.00,"ק""ג",false,,13.90,13.9000,true,1,8295944
7290003060351,false,"קמח מלא 80% מנופה טחנות ישראליות 1 ק""ג",,,קמח מלא מנופה 80% 1ק,יח',1.00,יח',false,,5.90,5.9000,true,1,5751105
7290003060382,false,קמח חיטה לאפיית עוגות ועוגיות מנופה,,,קמח חיטה לאפיית עוגו,יח',1.00,יח',false,,7.50,7.5000,true,1,8263725
7290003060443,false,קמח דורום לפסטה מנופה,,,קמח דורום לפסטה מנופ,יח',1.00,יח',false,,12.90,12.9000,true,1,8263726
7290003060528,false,קמח פיצה פוקצ'ה מנופה 1קג רמילוי,,,קמח פיצה פוקצ'ה מנופ,יח',1.00,יח',false,,7.50,7.5000,true,1,8264488
7290003060535,false,"קמח חיטה לבן בהיר מנופה 1 ק""ג רמילוי",,,קמח חיטה לבן בהיר מנ,יח',1.00,יח',false,,6.50,6.5000,true,1,8214627
7290003060542,false,קמח מנופה ללחם וחלות 1 קג -רמי לוי,,,קמח מנופה ללחם וחלות,יח',1.00,יח',false,,7.50,7.5000,true,1,8218797
7290003060559,false,קמח תופח מנופה 1קג רמילוי,,,קמח תופח מנופה 1קג ר,גרמים,1000.00,100 גרם,false,,6.50,0.0065,true,1,8214628
7290003060573,false,קמח כוסמין מלא מנופה 1קג רמילוי,,,קמח כוסמין מלא מנופה,יח',1.00,יח',false,,12.90,12.9000,true,1,8214630
7290003060580,false,קמח חיטה מלא מנופה 1קג רמילוי,,,קמח חיטה מלא מנופה 1,יח',1.00,יח',false,,6.50,6.5000,true,1,8214631
7290003069590,false,"פילה פוטית עם עור קפוא דלידג 1 ק""ג",דאליאן גואופו אקאטיק,CN,"סול ארוז 1 ק""ג",יחידה,0.00,יחידה,false,,29.90,0.0000,true,1,8492437
7290003072965,false,קבנוס חריף מעושן טירת צבי 120 גרם,טיב טירת צבי 2000,IL,קבנוס חריף מעושן 120,גרמים,120.00,100 גרם,false,,9.90,0.0825,true,1,8293434
7290003072972,false,קבנוס בתיבול מעושן טירת צבי 120 גרם,טיב טירת צבי 2000,IL,קבנוס בתיבול שום 120,גרמים,120.00,100 גרם,false,,9.90,0.0825,true,1,8293435
7290003121083,false,ארוחת נודלס בטעם בשר בשקית מג'יק 85 גרם,טאט הוי פוד בעמ,SG,ארוחת נודלס בטעם בשר,גרמים,85.00,100 גרם,false,,2.50,0.0294,true,1,1095843
7290003121090,false,ארוחת נודלס ירקות בשקית מג'יק 85 גרם,זנטי אס. אי לאלין,SG,ארוחת נודלס בטעם ירק,גרמים,85.00,100 גרם,false,,2.50,0.0294,true,1,1095844
7290003121106,false,ארוחת נודלס טעם עוף בשקית מג'יק 85 גרם,"טאט פוד הוי בע""מ",SG,ארוחת נודלס בטעם עוף,גרמים,85.00,100 גרם,false,,2.50,0.0294,true,1,1095845
7290003126712,false,יוגורט עיזים מחלב מלא 3.7% משק צוריאל 150 גרם,מחלבת משק צוריאל,IL,יוגורט עיזים מחלב מל,מיליליטרים,150.00,"100 מ""ל",false,,5.80,0.0387,true,1,1083675
7290003126958,false,טופו גבינה גוש בואקום צוריאל 300 ג',א.י.ן תעשיות מזון בע,IL,גבינת טופו משק צוריא,גרמים,300.00,100 גרם,false,,11.90,0.0397,true,1,1083678
7290003130399,false,מברשת שיניים לילדים שלב 2 אקווה פרש.,גלקסו סמית קליין,IN,אקוה פרש מברשת חיות שלב 2,יח',1.00,יח',false,,7.90,7.9000,true,1,1106280
7290003141159,false,יוגטה מרשמלו ממתק מוקצף בטעמי תות שדה ווניל 180 גרם,יוגוטה,IL,יוגטה מרשמלו 180 גרם,גרמים,180.00,100 גרם,false,,6.80,0.0378,true,1,1099685
7290003142477,false,ערמונים קלופים וקלויים 100 גרם,הדקלאים אגודת שיתופי,IL,ערמונים קלויים 100 ג,גרמים,100.00,100 גרם,false,,5.90,0.0590,true,1,1099707
7290003143139,false,סילאן תמרים קלית גת 900 ג',"טעמי הגליל בע""\מ",IL,סילאן קליית גת 900 ג,גרמים,900.00,100 גרם,false,,12.80,0.0142,true,1,1099719
7290003143146,false,ממרח תמרים קליית גת 450 גרם,הדקלאים אגודת שיתופי,IL,ממרח תמרים קליית 450,גרמים,450.00,100 גרם,false,,4.90,0.0109,true,1,1099720
7290003143337,false,סילאן רכיבים טבעיים לחיץ קליית גת 350 גרם,ליימן מותגים,IL,סילאן רכיבים טבעיים,גרמים,350.00,100 גרם,false,,14.90,0.0426,true,1,2715026
7290003144419,false,סילאן טבעי קליית גת 710 גרם,"טעמי הגליל בע""\מ",IL,סילאן רכיבים טבעיים,גרמים,710.00,100 גרם,false,,19.90,0.0280,true,1,2816552
7290003145782,false,צנובר רכיבים טבעיים קליית גת 100 גרם,הדקלאים אגודת שיתופי,IL,צנובר רכיבים טבעיים,גרמים,100.00,100 גרם,false,,21.90,0.2190,true,1,1099728
7290003163939,false,מעדני הטלה נקניקיות,יושלם,,נקניקיות גריל 1.5 קג,קילוגרמים,1.50,"ק""ג",false,,24.90,16.6000,true,1,5062668
7290003185719,false,קבב רומני טיבון ויל 500 גרם,טיבון ויל אחזקות בעמ,IL,קבב רומני טיבון ויל,גרמים,500.00,100 גרם,false,,19.90,0.0398,true,1,1095846
7290003185726,false,קבב מזרחי טיבון ויל 500 גרם,טיבון ויל אחזקות בעמ,IL,קבב מזרחי טיבון ויל,גרמים,500.00,100 גרם,false,,17.90,0.0358,true,1,1095847
7290003189076,false,פיצרלה הצהובה הטובה מגורדת 22% כפיר 500 גרם,צי תעשיות מזון יבנה,IL,פיצרלה הצהובה הטובה,גרמים,500.00,100 גרם,false,,18.50,0.0370,true,1,1086113
7290003189199,false,צהובה טובה חריפה במש,צי תעשיות מזון יבנה,IL,הצהובה הטובה חריפה מ,קילוגרמים,1.00,"ק""ג",true,,32.00,32.0000,true,1,1086099
7290003189205,false,הצהובה הטובה לייט קלאסית 9% כפיר 200 גרם,כפיר,IL,הצהובה הטובה לייט קל,גרמים,200.00,100 גרם,false,,12.90,0.0645,true,1,1086118
7290003189274,false,בנוסח מעושנת גליל26%משקל,צי תעשיות מזון יבנה,IL,הצהובה הטובה מעושנת,קילוגרמים,1.00,"ק""ג",true,,39.00,39.0000,true,1,1086101
7290003189557,false,הצהובה הטובה לייט מעושנת 5% כפיר 200 גרם,כפיר,IL,הצהובה הטובה לייט מע,גרמים,200.00,100 גרם,false,,12.90,0.0645,true,1,1086126
7290003189571,false,הצהובה הטובה שום שמיר 5% כפיר 200 גרם,כפיר,,הצהובה הטובה שום שמי,גרמים,200.00,100 גרם,false,,12.90,0.0645,true,1,1086127
7290003208609,false,"וורמוט מרטיני אדום מתוק 750 מ""ל",מרטיני ורוסי,IT,מרטיני רוסו 750 מל,מיליליטרים,750.00,"100 מ""ל",false,,44.90,0.0599,true,1,1101648
7290003222070,false,פיתות חומרים טבעי100*13ג,מאפיית המכבים,IL,פיתה מכבים 13 יח,יח',13.00,יח',false,,9.90,0.7615,true,1,3730907
7290003222094,false,פיתה ביס 11 יח' המכבים,מאפיית טעמי הכפר,IL,פיתה ביס 11 יחידות,יח',11.00,יח',false,,8.90,0.8091,true,1,2646714
7290003222568,false,פיתה המכבים 100 גרם 5 יח',מאפיית המכבים,IL,פיתה רגילה 5 יחידות,גרמים,5.00,100 גרם,false,,3.50,0.7000,true,1,1083529
7290003222780,false,פיתות מקמח מלא מאפיית המכבים 5 יחידות,מאפיית המכבים,IL,פיתות מקמח מלא מאפיי,גרמים,5.00,100 גרם,false,,4.90,0.9800,true,1,1083532
7290003222797,false,פיתה קמח כוסמין 10 יח' המכבים,מאפיית המכבים,IL,פיתה קמח כוסמין 10 י,גרמים,10.00,100 גרם,false,,12.90,1.2900,true,1,4544200
7290003229109,false,פסטרמה הודו בפפריקה טירת צבי 400 גרם,הנסיך- מפעל לייצור ט,IL,פסטרמה הודו בפפריקה,גרמים,400.00,100 גרם,false,,25.90,0.0647,true,1,1086446
7290003229116,false,פסטרמה הודו בדבש שומן טירת צבי 400 גרם,הנסיך- מפעל לייצור ט,IL,פסטרמה הודו בדבש 3%,גרמים,400.00,100 גרם,false,,25.90,0.0647,true,1,1086447
7290003229123,false,פסטרמה הודו על גחלים 2% טירת צבי 400 גרם,הנסיך- מפעל לייצור ט,IL,פסטרמה הודו על גחלים,גרמים,400.00,100 גרם,false,,13.70,0.0342,true,1,1086448
7290003229147,false,נקניק סלמי איטלקי מעושן טירת צבי 300 גרם,הנסיך- מפעל לייצור ט,IL,נקניק סלמי איטלקי מע,גרמים,300.00,100 גרם,false,,24.90,0.0830,true,1,1086449
7290003229154,false,נקניק סלמי קוניאק טירת צבי 300 גרם,הנסיך- מפעל לייצור ט,IL,נקניק סלמי קוניאק טי,גרמים,300.00,100 גרם,false,,24.90,0.0830,true,1,1086450
7290003229192,false,נקניק כתף בקר מעושן 2% טירת צבי 400 גרם,טיב טירת צבי 2000,IL,נקניק כתף בקר מעושן,גרמים,400.00,100 גרם,false,,25.90,0.0647,true,1,1086453
7290003229208,false,פסטרמה ספרדית 2% טירת צבי 360 גרם,טירת צבי - מדף,IL,פסטרמה ספרדית 2% טיר,גרמים,360.00,100 גרם,false,,24.90,0.0692,true,1,1086454
7290003229215,false,פסטרמה איטלקית 3.5% טירת צבי 360 גרם,טירת צבי - מדף,IL,פסטרמה איטלקית 3.5%,גרמים,360.00,100 גרם,false,,25.90,0.0719,true,1,1086455
7290003258406,false,"פנינה וואקס בריליאנטין לשיער 100 מ""ל",פנינה רוזנבלום,IL,ווקס לשיער פנינה רוז,מטרים,100.00,100 מ'ל,false,,16.90,0.1690,true,1,1102341
7290003310555,false,"מאגדת טילון קרם עוגיות 4*100 מ""ל בן וג'ירי",מוצרי איכות אמריקאיים,IL,מאגדת טילונים קרם עו,גרמים,400.00,100 גרם,false,,24.90,0.0622,true,1,5218020
7290003318827,false,מארז וופל 640 גר רמי לוי,,,מארז וופל 640 גר רמי,גרמים,640.00,100 גרם,false,,12.90,0.0202,true,1,5756566
7290003321155,false,יוגורט בר עם פקאן מצופה שוקולד 183 ג' דנונה,"שטראוס בריאות בע""\מ",IL,יוגורט דנונה ביו עם,מיליליטרים,183.00,"100 מ""ל",false,,4.30,0.0235,true,1,1103799
7290003321292,false,גבינה לבנה 9% שומן 250 ג' שטראוס,מיוצר עי קונדיטוריית,IL,גבינה לבנה סקי 9% שו,גרמים,250.00,100 גרם,false,,4.70,0.0188,true,1,1103800
7290003332007,false,קפה שחור עם הל 250 גרם,סובחי נחלה ובניו,IL,קפה נחלה 250 ג,גרמים,250.00,100 גרם,false,,13.90,0.0556,true,1,4087997
7290003332014,false,קפה נח'לה אדום עם הל500ג,קפה אל נח'לה,IL,קפה נחלה 500 ג,גרמים,500.00,100 גרם,false,,26.90,0.0538,true,1,4087998
7290003387205,false,דאו' ספיד סטיק בסיסי ירוק רגיל לגבר 63ג',הנסיך- מפעל לייצור ט,US,דאודורנט ספיד סטיק ר,גרמים,63.00,100 גרם,false,,16.90,0.2683,true,1,1088868
7290003397136,false,בדית תחבושות 18 יחידות,כ.כיפות שיווק וסחר,IL,בדית 18 יחידות,יח',1.00,יח',false,,5.50,5.5000,true,1,1107798
7290003400500,false,חטיף הרשי ריזס נאטרייגיס 47 גרם,ליימן מותגים,US,חטיף קרמל בוטנים בצי,גרמים,47.00,100 גרם,false,,3.90,0.0830,true,1,2639913
7290003401369,false,"קרם לחות לשיער חוחובה נטורל פורמולה 400 מ""ל",מיוצר עי אמיליה קוסמ,IL,קרם לחות לשיער חוחוב,מיליליטרים,400.00,"100 מ""ל",false,,19.90,0.0497,true,1,1115970
7290003401642,false,"קרם לחות לתלתלים טבעיים נטורל פורמולה 400 מ""ל",מיוצר עי אמיליה קוסמ,IL,קרם לחות לתלתלים טבע,מיליליטרים,400.00,"100 מ""ל",false,,20.70,0.0517,true,1,1115974
7290003411276,false,עמבה הודית מובחרת הנמל 600ג',טרופיקל דגיל תעשיות,IL,עמבה הנמל 500 גרם,גרמים,500.00,100 גרם,false,,9.90,0.0198,true,1,1097798
7290003414406,false,הרשי ריזס נטיפי אפייה בוטנים 283 גר',ליימן מותגים,US,ריזס נטיפים לאפייה,גרמים,283.00,100 גרם,false,,14.90,0.0527,true,1,2742950
7290003423909,false,חטיף קוקיס אנד קרים לבן 43 גרם,ליימן מותגים,US,חטיף שוקולד לבן עם ש,יח',1.00,יח',false,,3.90,3.9000,true,1,2639914
7290003427154,false,"שמן זית כתית מעולה טעם מעודן זיתא 750 מ""ל",זיתא תעשיות שמן זיתt\,IL,שמן זית כתית מעולה ט,מיליליטרים,750.00,"100 מ""ל",false,,32.90,0.0439,true,1,1098534
7290003438006,false,ממרח אולביה פסטו וצנובר איטלקי 190ג',מיוצר עי קונדיטוריית,IL,ממרח פסטו איטלקי,גרמים,190.00,100 גרם,false,,12.90,0.0679,true,1,1084704
7290003438013,false,ממרח זיתים ירוקים אוליביה 190 גרם,קריות זול,IL,ממרח זיתים ירוקים,גרמים,190.00,100 גרם,false,,12.90,0.0679,true,1,1084705
7290003438020,false,ממרח עגבניות מיובשות אוליביה 190 גרם,מיוצר עי קונדיטוריית,IL,ממרח עגבניות מיובשות,גרמים,190.00,100 גרם,false,,12.90,0.0679,true,1,1084706
7290003438709,false,ממרח אולביה זיתים שחורים וירוקים 190 ג',גוד פוד פרודקטס S.p,IL,ממרח זיתים שחורים,גרמים,190.00,100 גרם,false,,12.90,0.0679,true,1,1084716
7290003438853,false,אוליביה ממרח אריסה חריפה 185 גר ',אוליביה,IL,אריסה חריפה 185גר,גרמים,185.00,100 גרם,false,,12.90,0.0697,true,1,2744567
7290003438990,false,עיטורי עגבניות מיובשות וזיתים אוליביה 280 ג',אוליביה גורמה בעמ,IL,עיטורי עגבניות,גרמים,280.00,100 גרם,false,,15.90,0.0568,true,1,1084721
7290003444009,false,הרשי ריזס חטיף במילוי בוטנים 42 גרם,ליימן מותגים,US,שוקולד חלב במילוי חמ,יח',1.00,יח',false,,3.90,3.9000,true,1,2639915
7290003450602,false,חרדל אמיתי צהוב בקבוק לחיץ 255 גר,היינץ צפון אמריקה מקבוצת ה.י.היינץ,US,חרדל לחיץ 255 גרם,גרמים,255.00,100 גרם,false,,7.50,0.0294,true,1,1099114
7290003451548,false,פורל טרי,,,פורל טרי,קילוגרמים,1.00,"ק""ג",true,,69.90,69.9000,true,1,8248309
7290003457991,false,טילון קורנטו וניל עם וופל ואגוזי לוז מסוכרים,"גלידת שטראוס בע""\מ, רחוב",IL,טילון קורנטו קלאסיקו,גרמים,300.00,100 גרם,false,,25.90,0.0863,true,1,1102178
7290003514571,false,פריכיות אורז עם מלח מנה 100 גרם,מנה Mana,IL,פריכיות אורז עם מלח,גרמים,100.00,100 גרם,false,,4.90,0.0490,true,1,1088882
7290003521074,false,"ד""ר פישר - סרקל מרכך שיער לילדים 1 ליטר",פישר מעבדות פרמצבטיות בע,IL,סרקל מעצב ליטר,ליטרים,1.00,ליטר,false,,22.70,22.7000,true,1,1114984
7290003521081,false,"סרקל שמפו אל דמע לילדים ד""ר פישר 1 ליטר",פישר מעבדות פרמצבטיות בע,IL,סרקל שמפו ליטר,ליטרים,1.00,ליטר,false,,22.70,22.7000,true,1,1114985
7290003521166,false,"ד""ר פישר - סרקל קרם רוזמרין לילדים 325 מ""ל",פישר מעבדות פרמצבטיות בע,IL,"סרקל קרם רוזמרין 325מ""ל",מיליליטרים,325.00,"100 מ""ל",false,,22.90,0.0705,true,1,1114986
7290003521197,false,"ד""ר פישר - סרקל תרסיס מתיר קשרים 340 מ""ל",פישר מעבדות פרמצבטיות בע,IL,"סרקל מתיר קשרים 340מ""ל",מיליליטרים,325.00,"100 מ""ל",false,,22.90,0.0705,true,1,1114988
7290003521210,false,"סרקל מרכך לשיער לילדים ד""ר פישר 2 ליטר",פישר מעבדות פרמצבטיות,IL,סרקל מעצב 2 ליטר,ליטרים,2.00,ליטר,false,,39.90,19.9500,true,1,1114990
7290003521340,false,"קמיל בלו אל סבון קלאסיק ד""ר פישר 2 ליטר",פישר מעבדות פרמצבטיות בע,IL,קמיל בלו קלאסיק 2 ליטר,ליטרים,2.00,ליטר,false,,33.90,16.9500,true,1,1114991
7290003521395,false,"קמיל בלו סנסיטיב אל סבון ד""ר פישר 2 ליטר",פישר מעבדות פרמצבטיות בע,IL,קמיל בלו סנסיטיב אל סבון,ליטרים,2.00,ליטר,false,,34.90,17.4500,true,1,1114993
7290003521463,false,"קמיל בלו שמפו לשיער אל דמע ד""ר פישר 2 ליטר",פישר מעבדות פרמצבטיות בע,IL,ק.ב סנסטיב אל דמע 2 ליטר,ליטרים,2.00,ליטר,false,,34.90,17.4500,true,1,1114996
7290003525478,false,סלט טונה ויליגר 160 גרם,"ויליגר, תעשיות בע""מ",IL,סלט טונה ויליגר 160,גרמים,160.00,100 גרם,false,,4.90,0.0306,true,1,1095858
7290003525904,false,שלישיית סלט טונה פיקנטי ויליגר 160 גרם,ויליגר,,סלט טונה פיקנטי וילי,גרמים,480.00,100 גרם,false,,14.90,0.0310,true,1,1095861
7290003550753,false,רביעיית טונה בשמן פוסידון 108 גרם,"מיוצר עי וליגר בעמ,",IL,טונה פוסידון בשמן 4*,גרמים,308.00,100 גרם,false,,19.90,0.0646,true,1,1095878
7290003550937,false,רגל פרוסה קפואה במגש,טיבון ויל - נטו,IL,רגל קפוא בקר פרוסה נ,קילוגרמים,1.00,"ק""ג",true,,34.90,34.9000,true,1,1095599
7290003569021,false,כרובית ארוזה יח' רמי לוי,,,כרובית ארוזה יח' רמי,יח',1.00,יח',false,,9.90,9.9000,true,1,8194777
7290003578078,false,קוקטייל פירות טרופי בסירופ קל ויליפוד 850 גרם,קריות זול,CN,קוקטייל פירות בסירופ,גרמים,850.00,100 גרם,false,,9.80,0.0115,true,1,1098153
7290003578108,false,חתיכות אננס בסירופ קל וילי פוד 850 גרם,טקרנג פינאפל אינדסטר,TH,אננס חתוך ויליפוד 85,גרמים,850.00,100 גרם,false,,8.90,0.0105,true,1,1098155
7290003578177,false,תירס צעיר שלם וילי פוד 210 גרם,מגסטיק פוד אידסטרי ק,TH,תירס צעיר שלם וילי פ,גרמים,210.00,100 גרם,false,,6.50,0.0310,true,1,1098160
7290003578412,false,לפתן חצאי אפרסק 820 גרם ויליפוד,וילי פוד,GR,אפרסקים וילי פוד 470,גרמים,470.00,100 גרם,false,,9.90,0.0211,true,1,1098165
7290003578672,false,ויליפוד שמן חמניות 1 ליטר{בית יוסף},וילי פוד,TR,ויליפוד שמן חמניות 1,ליטרים,1.00,ליטר,false,,8.90,8.9000,true,1,8359650
7290003578931,false,גבינת ראסטה חצי רכה,מוראטביי,TR,גבינת רסטה 20%,קילוגרמים,1.00,"ק""ג",true,,95.00,95.0000,true,1,2718962
7290003643004,false,"סוגת אורז בסמטי קלאסי 1 ק""ג",האי נאם סי או אל.טי.,IL,סוגת אורז בסמטי קלאס,גרמים,1000.00,100 גרם,false,,12.90,0.0129,true,1,1093741
7290003643325,false,קוסקוס בינוני סוגת 350 גרם,"אסיף תעשיות מזון בע""\מ",IL,קוסקוס בינוני 350 גרם,גרמים,350.00,100 גרם,false,,4.90,0.0140,true,1,1093751
7290003643387,false,"סוכר לבן בצנצנת 1 ק""ג סוגת",האי נאם סי או אל.טי.,IL,סוכר לבן בצנצנת 1 קג,גרמים,1000.00,100 גרם,false,,9.80,0.0098,true,1,1093754
7290003643646,false,"סוכר דמררה קלאסי בצנצנת סוגת 1 ק""ג",האי נאם סי או אל.טי.,IL,סוכר חום דמררה צנצנת 1 קג,יח',1.00,יח',false,,12.90,12.9000,true,1,1093755
7290003643684,false,אפונה יבשה סוגת 500 גר',האי נאם סי או אל.טי.,IL,אפונה 500 גר,גרמים,500.00,100 גרם,false,,5.90,0.0118,true,1,1093756
7290003643738,false,סוגת חיטה 500 גרם,האי נאם סי או אל.טי.,IL,חיטה 500 גר,גרמים,500.00,100 גרם,false,,4.50,0.0090,true,1,1093759
7290003643745,false,סוגת כוסמת 500 גרם,האי נאם סי או אל.טי.,IL,כוסמת 500 גר,גרמים,500.00,100 גרם,false,,6.90,0.0138,true,1,1093760
7290003643752,false,עדשים ירוקים יבש סוגת 500 גר',האי נאם סי או אל.טי.,IL,עדשים ירוקים 500 גר,גרמים,500.00,100 גרם,false,,6.90,0.0138,true,1,1093761
7290003643769,false,עדשים אדומים יבש סוגת 500 גר',"סוגת תעשיות בע""\מ",IL,עדשים אדומים 500 גר,גרמים,500.00,100 גרם,false,,6.90,0.0138,true,1,1093762
7290003643776,false,"פופקורן גרעינים סוגת 500 ג' כשל""פ",האי נאם סי או אל.טי.,IL,פופקורן 500 גר,גרמים,500.00,100 גרם,false,,5.50,0.0110,true,1,1093763
7290003643806,false,שעועית לבנה יבשה סוגת 500 ג',האי נאם סי או אל.טי.,IL,שעועית לבנה 500 גר,גרמים,500.00,100 גרם,false,,10.90,0.0218,true,1,1093765
7290003643813,false,שעועית אדומה יבשה סוגת 500 גר',האי נאם סי או אל.טי.,IL,שעועית אדומה 500 גר,גרמים,500.00,100 גרם,false,,10.90,0.0218,true,1,1093766
7290003648849,false,מקרל בשמן שמיר 750 ג,סלטי שמיר 2006 בעמ,IL,מקרל בשמן 550 גר,גרמים,550.00,100 גרם,false,,39.90,0.0725,true,1,8361886
7290003680184,false,מסחטת מיץ,,,מסחטת מיץ,יח',1.00,יח',false,,7.90,7.9000,true,1,3404996
7290003726615,false,"טופו ויילר 300 גרם ""שטראוס""",הדקלאים אגודת שיתופי,IL,טופו ויילר 300 גר,יח',1.00,יח',false,,9.60,9.6000,true,1,7497829
7290003726622,false,טופו פיקנטי 300 ג' משק ויילר,"משק ויילר בע""\מ",IL,טופו פיקנטי 300 גר,גרמים,300.00,100 גרם,false,,10.90,0.0363,true,1,8380558
7290003726769,false,קציצות טופו עם בטטה וגזר 400 גרם - משק ויילר,משק ויילר,IL,קציצות טופו בטטה וגז,גרמים,400.00,100 גרם,false,,25.70,0.0642,true,1,8352015
7290003726776,false,שניצל טופו טעם עוף 420 גר,"פרה מזון בע""\מ",IL,שניצל טופו טעם עוף 4,גרמים,420.00,100 גרם,false,,26.90,0.0640,true,1,8417065
7290003726790,false,שניצל טופו טעם פיקנטי 420 גר,"פרה מזון בע""\מ",IL,שניצל טופו טעם פיקנט,גרמים,420.00,100 גרם,false,,26.90,0.0640,true,1,8417067
7290003726868,false,טופו חומוס בתוספת עגבניות מיובשות 300 ג' משק ויילר,"משק ויילר בע""\מ",IL,טופו חומוס בתוספת עג,גרמים,300.00,100 גרם,false,,12.90,0.0430,true,1,8374550
7290003726875,false,טופו חומוס בתוספת פסטו 300 ג' משק ויילר,"משק ויילר בע""\מ",IL,טופו חומוס בתוספת פס,גרמים,300.00,100 גרם,false,,12.90,0.0430,true,1,8374551
7290003804252,false,תיבולית קנור בנוסח הודי 72 גרם,יוניליוור ישראל מזון בע\,IL,תיבולית הודי קנור 72,גרמים,72.00,100 גרם,false,,7.40,0.1028,true,1,1093353
7290003804320,false,תיבולית שום ופטרוזיליה קנור 72 גרם,יוניליוור ישראל מזון בע\,IL,תיבולית שום ופטרוזיל,גרמים,80.00,100 גרם,false,,7.40,0.0925,true,1,1093354
7290003804368,false,"תיבוליות בזיליקום קנור 72 גרם בד""צ",יוניליוור ישראל מזון בע\,IL,תיבולית בזיליקום קנו,גרמים,72.00,100 גרם,false,,7.40,0.1028,true,1,1093357
7290003804382,false,"תיבוליות פטריות קנור 72 גרם בד""צ",יוניליוור ישראל מזון בע\,IL,תיבולית פטריות קנור,גרמים,72.00,100 גרם,false,,7.40,0.1028,true,1,1093359
7290003805587,false,"פתית חיטה מלאה בד""צ 250 גרם-קופסא",יוניליוור ישראל מזון בע\,IL,פתית חיטה מלאה תלמה,גרמים,250.00,100 גרם,false,,14.90,0.0596,true,1,1093375
7290003807482,false,קנור רוטב טריאקי מופחת נתרן 370 גרם,יוניליוור ישראל מזון בע\,IL,רוטב טריאקי קנור 300,מיליליטרים,300.00,"100 מ""ל",false,,9.90,0.0330,true,1,1093390
7290003864478,false,סרדינים בשמן צמחי פתח קל ויליפוד 110 גרם,גולדן פרייז קאנינג א,TH,סרדין בשמן צמחי 110ג,גרמים,85.00,100 גרם,false,,4.90,0.0576,true,1,1098176
7290003864485,false,סרדינים ברוטב עגבנ יות ויליפוד 110ג' פתח קל,גולדן פרייז קאנינג א,TH,סרדין ברוטב עגבניות,גרמים,85.00,100 גרם,false,,4.90,0.0576,true,1,1098177
7290003864492,false,סרדינים בשמן צמחי חריף פתח קל ויליפוד 110ג',גולדן פרייז קאנינג א,TH,סרדין בשמן צמחי חריף,גרמים,85.00,100 גרם,false,,4.90,0.0576,true,1,1098178
7290003882922,false,עלי גפן ממולאים באורז וילי פוד 360 גרם,הזה פלאקספו פוד קו ב,CN,עלי גפן ממולאים באור,גרמים,360.00,100 גרם,false,,8.50,0.0236,true,1,1098183
7290003976409,false,מרכך מרוכז פרחים גרין קר 1 ליטר,,,מרכך מרוכז לבנדר 1 ל,מטרים,1000.00,100 מ'ל,false,,13.90,0.0139,true,1,8227418
7290003976461,false,"ניקוי חלונות גרין קר 750 מ""ל",,,ניקוי חלונות 750 מל,מיליליטרים,750.00,"100 מ""ל",false,,8.90,0.0119,true,1,8227422
7290003976751,false,מילוי למטהר אויר אוטמטי 250 מל,,,מילוי למטהר אויר אוט,יח',1.00,יח',false,,8.90,8.9000,true,1,8265565
7290003989096,false,סלט חצילים פיקנטי אחלה 500 גרם,מיוצר עי קונדיטוריית,IL,סלט חצילים פיקנטי אח,גרמים,500.00,100 גרם,false,,14.90,0.0298,true,1,1103801
7290003989539,false,לורנצו רביולי במילוי גבינה,מיוצר עי קונדיטוריית,IL,פסטה רביולי גבינה 40,גרמים,400.00,100 גרם,false,,16.70,0.0417,true,1,1103802
7290003989553,false,פסטה טורטליני גבינה ופטריות 400 גרם,מיוצר עי קונדיטוריית,IL,פסטה טורטליני גבינה,גרמים,400.00,100 גרם,false,,16.70,0.0417,true,1,1103803
7290003996018,false,חסה ערבית (שקית ) חסלט,נסטלה קוריאה - קפה,IL,חסה ערבית (שקית ) חס,יח',1.00,יח',false,,7.80,7.8000,true,1,1105573
7290003996049,false,פטרוזיליה טרי ארוז חסלט,נסטלה שוויץ - רורשאך,IL,פטרוזיליה (שקית ) חס,יח',1.00,יח',false,,6.80,6.8000,true,1,1105574
7290003996056,false,כוסברה טריה מהדרין ח,יעל ירק עלים,IL,כוסברה (שקית) חסלט,יח',1.00,יח',false,,6.80,6.8000,true,1,1105575
7290003996087,false,בצל ירוק חסלט כפרי טרי,יעל ירק עלים,IL,בצל ירוק(שקית ) חסלט,יח',1.00,יח',false,,7.80,7.8000,true,1,1105578
7290003996117,false,כרוב לבן שלם אפרתי חסלט,יעל ירק עלים,IL,כרוב לבן שלם חסלט,קילוגרמים,1.00,"ק""ג",true,,14.80,14.8000,true,1,1105581
7290003996124,false,כרוב אדום שלם חסלט-אפרתי,יעל ירק עלים,IL,כרוב אדום שלם חסלט,קילוגרמים,1.00,"ק""ג",true,,15.50,15.5000,true,1,1105582
7290003996506,false,כרוב לבן קצוץ 400 גרם חסלט,יעל ירק עלים,IL,כרוב לבן חתוך חסלט 4,גרמים,400.00,100 גרם,false,,11.80,0.0295,true,1,1105590
7290003996513,false,כרוב אדום קצוץ 400 גרם חסלט-כפרי טרי,יעל ירק עלים,IL,כרוב אדום חתוך חסלט,גרמים,400.00,100 גרם,false,,11.80,0.0295,true,1,1105591
7290003996544,false,חסה אייסברג קצוצה 300 גרם חסלט כפרי טרי,יעל ירק עלים,IL,חסה אייסברג חתוכה חס,גרמים,300.00,100 גרם,false,,12.80,0.0427,true,1,1105593
7290003996551,false,קולסלאו 400 גרם חסלט כפרי טרי,יעל ירק עלים,IL,סלט קולסלאו חסלט 400,גרמים,400.00,100 גרם,false,,11.80,0.0295,true,1,1105594
7290003996575,false,סלק אדום מבושל בוואקום חסלט 500 גרם,,,סלק וואקום שקית 500,גרמים,500.00,100 גרם,false,,6.90,0.0138,true,1,8357211
7290003996605,false,לקט ירקות ים תיכוני חסלט 400 גרם,יעל ירק עלים,IL,לקט ירקות ים תיכוני,גרמים,400.00,100 גרם,false,,12.80,0.0320,true,1,1105595
7290003996742,false,עלי סלק תרדי מהדרין כפרי טרי חסלט 200 גרם,סוגת תעשיות בעמ,IL,עלי תרד מגשית חסלט,גרמים,200.00,100 גרם,false,,13.80,0.0690,true,1,1105598
7290004011277,false,"בסיס לבישול והקרמה צמחי ריצ' 220 מ""ל","אינסטנטה בע""מ",IL,בסיס לבישול והקרמה צ,מיליליטרים,220.00,"100 מ""ל",false,,7.90,0.0359,true,1,1095886
7290004011284,false,ריצ בסיס להכנת קצפת 25% 212מל,ריצ' פרודקטס קורפריי,US,בסיס להכנת קצפת ריצ',מיליליטרים,212.00,"100 מ""ל",false,,6.90,0.0325,true,1,1095887
7290004011291,false,"קצפת ריץ' בסיס קרטונית 425 מ""ל",ריצ' פרודקטס קורפורי,US,בסיס להכנת קצפת ריצ',מיליליטרים,425.00,"100 מ""ל",false,,12.90,0.0304,true,1,1095888
7290004011338,false,"ספריי קצפת מתוקה מוכנה ריץ' 250 מ""ל",האי נאם סי או אל.טי.,IT,ספריי קצפת מתוקה מוכ,מיליליטרים,250.00,"100 מ""ל",false,,8.90,0.0356,true,1,1095889
7290004011345,false,"ספריי קצפת מתוקה מוכנה פרווה ריץ' 238 מ""ל",האי נאם סי או אל.טי.,IT,ספריי קצפת מתוקה מוכ,מיליליטרים,238.00,"100 מ""ל",false,,8.90,0.0374,true,1,1095890
7290004011796,false,קבבונים בקר קפוא אל גאוצ''ו 400ג',"טיבון ויל אחזקות בע""",IL,קבבונים אל גאוצ'ו 40,גרמים,45.00,100 גרם,false,,22.90,0.5089,true,1,1095897
7290004011802,false,נקניקיות צ'וריסוס אל גאוצ'ו 400 גר',טיבון ויל אחזקות בעמ,IL,צ'וריסוס אל גאוצ'ו 4,גרמים,400.00,100 גרם,false,,23.90,0.0597,true,1,1095898
7290004011819,false,המבורגר ריב אנטריקוט אל גאוצ'ו 360 גרם,האי נאם סי או אל.טי.,IL,המבורגר ריב אנטריקוט,גרמים,360.00,100 גרם,false,,21.90,0.0608,true,1,1095899
7290004011826,false,מיני המבורגר ריב אנטריקוט,טיבון ויל אחזקות בעמ,IL,מיני המבורגר ריב 320,גרמים,320.00,100 גרם,false,,21.90,0.0684,true,1,1095900
7290004014407,false,עדשי מ&מ'ס חמאת בוטנים46,מרס נדרלנד,US,אמ אנד אם חטיף 46 גר,גרמים,46.00,100 גרם,false,,4.70,0.1022,true,1,2848905
7290004022309,false,עדשי מ&מ'ס חמאת בוטנים80,מרס,GB,אם אנד אם חמאת בוטני,גרמים,80.00,100 גרם,false,,5.90,0.0738,true,1,3876342
7290004023041,false,"לחם שיפון ללא שמרים ד""ר מרק 750 גר'",המאפה של דר מרק בריא,IL,*מבצע* לחם מחמצת שיפ,גרמים,750.00,100 גרם,false,,11.90,0.0159,true,1,7927899
7290004026035,false,סוכריות פרוט ביי דה פוט פירות יער 105 גר,לואקר,,סוכריות מטר בטעמים,יח',1.00,יח',false,,9.90,9.9000,true,1,1099735
7290004026776,false,לחם מחמצת אגוזים וצימוקים,פילסברי,,לחם מחמצת אגוזים וצי,יח',1.00,יח',false,,16.90,16.9000,true,1,8322136
7290004030018,false,"פריניב מיץ לימון סחוט פרי לתיבול 500 מ""ל",הנסיך- מפעל לייצור ט,IL,מיץ לימון סחוט רכיבי,מיליליטרים,500.00,"100 מ""ל",false,,6.40,0.0128,true,1,1114410
7290004030100,false,מיץ תפוזים ולנסיה סחוט 1 ליטר100%,פרי ניב,IL,מיץ תפוזים ולנסיה סח,מטרים,1000.00,100 מ'ל,false,,15.80,0.0158,true,1,8220381
7290004030223,false,מיץ תפוחים סחוט רכיבים טבעיים 100% פרי ניב 1 ליטר,פריניב בעמ,IL,מיץ תפוחים סחוט רכיב,ליטרים,1.00,ליטר,false,,16.90,16.9000,true,1,1114416
7290004030377,false,מיץ לימון לתיבול רמי לוי 500 מל,,,מיץ לימון לתיבול רמי,מיליליטרים,500.00,"100 מ""ל",false,,5.50,0.0110,true,1,8298814
7290004030445,false,מיץ תפוזים סחוט רכיבים טבעיים 1 ליטר פרי ניב,פריניב בעמ,IL,מיץ תפוזים סחוט רכיב,ליטרים,1.00,ליטר,false,,13.90,13.9000,true,1,1114427
7290004030612,false,"מיץ תפוח, קיווי אגס ללא תוספת סוכר 1 ליטר פרי ניב",פריניב בעמ,IL,מיץ תפוח קיווי אגס,ליטרים,1.00,ליטר,false,,13.90,13.9000,true,1,2640334
7290004030810,false,שייק 100% בננה פסיפלורה תפוז מופחת סוכר1,פריניב בעמ,IL,100% מיץ תפוז בננה ו,ליטרים,1.00,ליטר,false,,16.90,16.9000,true,1,1114438
7290004033705,false,הבורגריה – 6 לחמניות המבורגר בשקית,מאפית י את א ברמן בע,IL,לחמניות המבורגר ביג,יח',1.00,יח',false,,12.90,12.9000,true,1,8330878
7290004033712,false,לחם עננים מקמח מלא עם פרוסות עבות,מאפית י את א ברמן בע,IL,לחם עננים מקמח מלא 7,גרמים,750.00,100 גרם,false,,14.90,0.0199,true,1,8330879
7290004033729,false,לחם עננים מקמח כוסמין עם פרוסות עבות,מאפית י את א ברמן בע,IL,לחם עננים כוסמין 750,גרמים,750.00,100 גרם,false,,15.90,0.0212,true,1,8330880
7290004033736,false,"עננים לחם לבן בסגנון בריוש עם פרוסות עבות, 500 גרם",מאפית י את א ברמן בע,IL,לחם עננים סגנון בריו,גרמים,500.00,100 גרם,false,,13.90,0.0278,true,1,8368709
7290004033750,false,לחמניות עננים סגנון בריוש,מאפית י את א ברמן בע,IL,לחמניות עננים סגנון,100 יח',125.00,100 יח',false,,13.90,0.1112,true,1,8468145
7290004034610,false,המבורגר ריב אנטריקוט 360ג רמילוי,,,המבורגר ריב אנטריקוט,גרמים,360.00,100 גרם,false,,26.90,0.0747,true,1,6507777
7290004034627,false,קבב 400גר קפוא מחפוד רמילוי,,,קבב 400גר קפוא מחפוד,גרמים,360.00,100 גרם,false,,26.90,0.0747,true,1,6507778
7290004034641,false,קציצות מתובלות לאש 4,,,קציצות מתובלות לאש 4,גרמים,360.00,100 גרם,false,,26.90,0.0747,true,1,6507780
7290004043108,false,עדשי מ&מ'ס שוקולד 89 גרם,מרס,US,אם אנד אם שוקולד 89,גרמים,89.00,100 גרם,false,,5.90,0.0663,true,1,3876320
7290004043205,false,עדשי שוק.מ&מ'ס בוטנים90ג,מרס,US,אם אנד אם בוטנים 93,גרמים,93.00,100 גרם,false,,5.90,0.0634,true,1,3960364
7290004061449,false,שף העוף שניצל אמרקאי 700 גר,ויטה,,טופ שף שניצל אמרקאי,גרמים,700.00,100 גרם,false,,11.50,0.0164,true,1,8237587
7290004061487,false,טבעות עוף 700 גר,פרסקו,,טבעות עוף 700,גרמים,700.00,100 גרם,false,,11.50,0.0164,true,1,8237588
7290004063016,false,"מלח שולחן דק סלית 1 ק""ג בדץ",האי נאם סי או אל.טי.,IL,מלח שולחן דק סלית 1,גרמים,1000.00,100 גרם,false,,1.70,0.0017,true,1,1104799
7290004063092,false,"מלח הארץ מלח מדיח 2 ק""ג","מלח הארץ אילת בע""מ",,מלח הארץ מלח מדיח 2,קילוגרמים,2.00,"ק""ג",false,,11.90,5.9500,true,1,1098540
7290004064181,false,"תבלין מלח ההימלאיה גס בצנצנת 1 ק""ג","חברת מלח הארץ אילת בע""\מ",PK,מלח הימלאיה גס צנצנת,100 קילו,1.00,100 קילו,false,,14.90,14.9000,true,1,5186305
7290004064297,false,"מלח מועשר ביוד בצנצנת מלח הארץ 1 ק""ג","חברת מלח הארץ אילת בע""\מ",IL,מלח מועשר ביוד צנצנת,גרמים,1000.00,100 גרם,false,,8.90,0.0089,true,1,7515590
7290004064303,false,מלח אטלנטי בצנצנת מלח הארץ 800 גרם,"חברת מלח הארץ אילת בע""\מ",IL,מלח אטלנטי צנצנת 800,גרמים,800.00,100 גרם,false,,17.90,0.0224,true,1,7515591
7290004064358,false,"מלח דק זורם בקלות מלח הארץ קרטון 1 ק""ג","חברת מלח הארץ אילת בע""\מ",IL,מלח דק קרטון 1קג,גרמים,1000.00,100 גרם,false,,4.90,0.0049,true,1,8121557
7290004064365,false,"מלח דק מועשר ביוד מלח הארץ קרטון 1 ק""ג","חברת מלח הארץ אילת בע""\מ",IL,מלח דק מועשר ביוד קר,גרמים,1000.00,100 גרם,false,,5.90,0.0059,true,1,8121558
7290004064457,false,"מלח שולחן בשקית 1 ק""ג רמי לוי",,,"מלח שולחן בשקית 1 ק""",קג,1.00,קג,false,,1.50,1.5000,true,1,8417900
7290004064464,false,"מלח גס בשקית 1 ק""ג רמי לוי",,,"מלח גס בשקית 1 ק""ג ר",קילוגרמים,1.00,"ק""ג",false,,1.50,1.5000,true,1,8463353
7290004075231,false,סטייק דק דק פרמיום 300 גר' מחפוד.,עוף ירושלים מהדרין ב,IL,סטייק אנטריקוט פרמיו,יח',1.00,יח',false,,29.90,29.9000,true,1,7467336
7290004075309,false,סינטה לתנור קפוא ארוז מחפוד,,,סינטה לתנור קפוא מחפ,קילוגרמים,1.00,"ק""ג",true,,99.90,99.9000,true,1,8432365
7290004078263,false,מקלות אוזניים פלסטיק 2* 200 יחידות,ספטונה,GR,צמרוני אוזניים בלונס,יח',400.00,יח',false,,9.90,0.0248,true,1,1088904
7290004078270,false,נוזל לניקוי כלים בריח לימון פלמוליב 1 ליטר,יבואן ומשווק: ש. שסט,GR,נוזל לניקוי כלים ברי,ליטרים,1.00,ליטר,false,,13.90,13.9000,true,1,1088905
7290004078690,false,"גל אקונומיקה אגקס ניחוח רענן 750 מ""ל",הנסיך- מפעל לייצור ט,GR,אג'קס נוזל לניקוי אס,מיליליטרים,750.00,"100 מ""ל",false,,14.90,0.0199,true,1,1088908
7290004078942,false,ליידי ספיד סטיק - דאודורנט ג'ל לאישה 65 גרם,קולגייט-פלמוליב,US,דאודורנט ג'ל פרש ליי,גרמים,63.00,100 גרם,false,,14.90,0.2365,true,1,1088909
7290004119133,false,כד יוגורט תנובה 6.5% שומן 1.5 ליטר,מיוצר עי קונדיטוריית,IL,יוגורט תנובה 6.5% כד,ליטרים,1.50,ליטר,false,,15.90,10.6000,true,1,1087049
7290004119225,false,יופלה יוגורט אננס %3 גביע 150 גרם,תנובה מרכז שיתופי לש,IL,יופלה יוגורט אננס %3,מיליליטרים,150.00,"100 מ""ל",false,,4.70,0.0313,true,1,1087050
7290004119928,false,מעדן חלב בטעם וניל 2% קרלו תנובה 125 גרם,מחלבת אלון תבור,IL,קרלו מעדן וניל גביע,מיליליטרים,125.00,"100 מ""ל",false,,2.80,0.0224,true,1,1087053
7290004119973,false,קרלו מעדן שוקו רביעיה גביע 1.5% 125 גרם,תנובה מרכז שיתופי לש,IL,קרלו מעדן שוקולד 2%,מיליליטרים,125.00,"100 מ""ל",false,,2.80,0.0224,true,1,1087054
7290004120061,false,מעדן חלב בטעם שוקו וניל שוניל 2% קרלו 125 גרם,תנובה מרכז שיתופי לש,IL,קרלו שוניל 1.5% 125,מיליליטרים,125.00,"100 מ""ל",false,,2.90,0.0232,true,1,1087055
7290004120108,false,יופלה דיאט יוגורט דובדבן %0 גביע 150גרם,תנובה מרכז שיתופי לש,IL,יופלה דיאט יוגורט דו,מיליליטרים,150.00,"100 מ""ל",false,,4.70,0.0313,true,1,1087056
7290004120566,false,פיראוס 24% גבינה בולגרית 250 גרם,תנובה חלב,IL,פיראוס בולגרית גביע,גרמים,250.00,100 גרם,false,,19.90,0.0796,true,1,1087060
7290004120573,false,פיראוס 16% גבינה בולגרית 250 גרם,תנובה מרכז שיתופי לש,IL,פיראוס בולגרית גביע,גרמים,250.00,100 גרם,false,,19.90,0.0796,true,1,1087061
7290004120634,false,גבינה פיראוס בולגרית 5% 250 גרם,תנובה מרכז שיתופי לש,IL,פיראוס בולגרית גביע,גרמים,250.00,100 גרם,false,,17.50,0.0700,true,1,1087062
7290004120832,false,"חלב 2 ליטר 3% כד ""תנובה""- מוצר בפיקוח",תנובה מרכז שיתופי לש,IL,חלב תנובה טרי %3 כד,ליטרים,2.00,ליטר,false,,12.40,6.2000,true,1,1087064
7290004121488,false,יופלה דיאט אפרסק 0% גביע 150 גרם,תנובה מרכז שיתופי לש,IL,יופלה דיאט אפרסק 0%,מיליליטרים,150.00,"100 מ""ל",false,,4.70,0.0313,true,1,1087065
7290004121525,false,יופלה מאגדת פרי 4 תות 4 אפרסק 3% 8 יח'*150 ג',תנובה מרכז שיתופי לש,IL,מאגדת שמיניה יופלה פ,ליטרים,1.20,ליטר,false,,27.90,23.2500,true,1,1087066
7290004121754,false,יוגורט ביו עוגת גבינה ותות 3% יופלה 150 גרם,תנובה חלב,IL,יופלה יוגורט עוגת גב,מיליליטרים,150.00,"100 מ""ל",false,,4.80,0.0320,true,1,1087068
7290004121839,false,גבינת פטה כבשים 20% פיראוס 250 גרם,תנובה מרכז שיתופי לש,IL,פיראוס פטה כבשים 20%,גרמים,250.00,100 גרם,false,,24.90,0.0996,true,1,1087070
7290004121853,false,גבינה בולגרית פיראוס 5% קוביות 200 גרם,תנובה מרכז שיתופי לש,IL,פיראוס קוביות בולגרי,גרמים,200.00,100 גרם,false,,19.90,0.0995,true,1,1087071
7290004122119,false,פתיתי פרמזן לפסטה 23% השף הלבן 100 גרם,פ.פ.ח. שאביט,IL,פתיתי פרמזן לפסטה 10,גרמים,100.00,100 גרם,false,,10.90,0.1090,true,1,1087075
7290004122195,false,גוש חלב גבינה צהובה פרוסה 28% תנובה 200 גרם,תנובה חלב,IL,גוש חלב פרוס 200 %28,גרמים,200.00,100 גרם,false,,12.90,0.0645,true,1,1087076
7290004122270,false,עמק קלאסית פרוסות גבינה חצי קשה 28% 200 גרם,תנובה מרכז שיתופי לש,IL,עמק פרוס בקופסא 200,גרמים,200.00,100 גרם,false,,15.80,0.0790,true,1,1087077
7290004122348,false,גבינת עמק לייט פרוס בקופסא 200 גרם,תנובה מרכז שיתופי לש,IL,עמק לייט פרוס 200 גר,גרמים,200.00,100 גרם,false,,16.60,0.0830,true,1,1087079
7290004122607,false,גבינת עמק לייט 9% במשקל,תנובה מרכז שיתופי לש,IL,עמק לייט 9%- חריץ,קילוגרמים,1.00,"ק""ג",true,,70.00,70.0000,true,1,1086696
7290004122676,false,גבינת חמד לייט 5% פיראוס 250 ג',"תנובה,מחלבת טנא נוגה",IL,פיראוס חמד לייט 5% 2,גרמים,250.00,100 גרם,false,,17.50,0.0700,true,1,1087083
7290004122683,false,עמק חטיף אצבעות גבינה חצי קשה 28% שומן,תנובה מרכז שיתופי לש,IL,אצבעות 28% חטיף גבינ,גרמים,172.00,100 גרם,false,,15.90,0.0924,true,1,1087084
7290004124205,false,יופלה דיאט יוגורט תות %0 גביע 150 גרם,תנובה מרכז שיתופי לש,IL,יופלה דיאט יוגורט תו,מיליליטרים,150.00,"100 מ""ל",false,,4.70,0.0313,true,1,1087094
7290004124847,false,"קצפת צמחית השף הלבן 500 מ""ל תנובה",תנובה מרכז שיתופי לש,IL,קצפת צמחית השף הלבן,מיליליטרים,500.00,"100 מ""ל",false,,13.90,0.0278,true,1,1087095
7290004125370,false,"שמנת חמוצה 9% מופחתת שומן תנובה 200 מ""ל מהדרין",תנובה מרכז שיתופי לש,IL,שמנת אורגינל 9% 200מ,מיליליטרים,200.00,"100 מ""ל",false,,3.50,0.0175,true,1,1087097
7290004125400,false,"אשל שלי מהדרין 200 מ""ל 4.5% ""תנובה""- מוצר בפיקוח",פארייפאבה אגרואינדוס,IL,אשל 4.5% 200מל מהדרי,מיליליטרים,200.00,"100 מ""ל",false,,1.60,0.0080,true,1,1087098
7290004125417,false,"גיל 3% שלי 200 מ""ל ""תנובה"" -מוצר בפיקוח",תנובה מרכז שיתופי לש,IL,גיל 3% 200מל מהדרין,מיליליטרים,200.00,"100 מ""ל",false,,1.50,0.0075,true,1,1087099
7290004125455,false,"שמנת חמוצה 200 מ""ל 15% ""תנובה"" -מוצר בפיקוח",תנובה מרכז שיתופי לש,IL,שמנת אורגינל 15% 200,מיליליטרים,200.00,"100 מ""ל",false,,2.40,0.0120,true,1,1087100
7290004125462,false,"שמנת חמוצה 15% תנובה 500 מ""ל מהדרין",תנובה מרכז שיתופי לש,IL,שמנת אורגינל 15% 500,מיליליטרים,500.00,"100 מ""ל",false,,5.90,0.0118,true,1,1087101
7290004125509,false,"שמנת חמוצה 15% מועשרת תנובה 100 מ""ל",תנובה מרכז שיתופי לש,IL,שמנת חמוצה 15% תנובה,מטרים,100.00,100 מ'ל,false,,1.60,0.0160,true,1,1087102
7290004125578,false,משקה סויה מעושר בסידן תנובה 1ל',תנובה מרכז שיתופי לש,IL,משקה סויה מועשר 1 לי,ליטרים,1.00,ליטר,false,,9.90,9.9000,true,1,1087103
7290004125585,false,משקה סויה בטעם וניל תנובה 1 ליטר,תנובה מרכז שיתופי לש,IL,משקה סויה וניל על הב,ליטרים,1.00,ליטר,false,,9.90,9.9000,true,1,1087104
7290004125721,false,"השף הלבן שמנת עמידה לבישול 15% תנובה 250 מ""ל",תנובה מרכז שיתופי לש,IL,השף הלבן שמנת עמידה,מיליליטרים,250.00,"100 מ""ל",false,,7.90,0.0316,true,1,1087106
7290004125738,false,שמנת מתוקה להקצפה32% 250מל עמיד השף הלבן,תנובה מרכז שיתופי לש,IL,השף הלבן שמנת להקצפה,מיליליטרים,250.00,"100 מ""ל",false,,5.90,0.0236,true,1,1087107
7290004125776,false,גבינה צהובה עמק 28% 400 גרם בקופסא,תנובה חלב,IL,עמק פרוס 28% 400 גרם,גרמים,400.00,100 גרם,false,,27.80,0.0695,true,1,1087108
7290004126674,false,טל העמק פרוסות גבינה חצי קשה לייט %9 200 גרם בקופסא,תנובה מרכז שיתופי לש,IL,טל העמק לייט %9 200,גרמים,200.00,100 גרם,false,,17.90,0.0895,true,1,1087110
7290004126759,false,יוגורט דיאט יופלה פירות יער 150 גרם,תנובה חלב,IL,יופלה דיאט פירות יער,מיליליטרים,150.00,"100 מ""ל",false,,4.80,0.0320,true,1,1087111
7290004127077,false,קוטג תנובה 3% גביע 250 גרם מהדרין,מיוצר עי קונדיטוריית,IL,קוטג תנובה 3% גביע 2,גרמים,250.00,100 גרם,false,,5.40,0.0216,true,1,1087113
7290004127329,false,קוטג תנובה גביע 250 גרם %5 ו.מהדרין,מיוצר עי קונדיטוריית,IL,קוטג תנובה גביע 250,גרמים,250.00,100 גרם,false,,5.50,0.0220,true,1,1087114
7290004127336,false,קוטג תנובה גביע 250 גרם %9 ו.מהדרין,מיוצר עי קונדיטוריית,IL,קוטג תנובה גביע 250,גרמים,250.00,100 גרם,false,,5.40,0.0216,true,1,1087115
7290004127800,false,"גבינה לבנה 500 גרם 5% ""תנובה"" -מוצר בפיקוח",מיוצר עי קונדיטוריית,IL,גבינה לבנה 5% 500 גר,גרמים,500.00,100 גרם,false,,9.70,0.0194,true,1,1087118
7290004127817,false,גבינה לבנה 9% שומן 500 ג' תנובה,מיוצר עי קונדיטוריית,IL,גבינה לבנה 9% 500 גר,גרמים,500.00,100 גרם,false,,8.90,0.0178,true,1,1087119
7290004127862,false,**תנובה גבינה למריחה מהדרין 5% 750ג,תנובה מרכז שיתופי לש,IL,גבינה לבנה 5% 750 גר,גרמים,750.00,100 גרם,false,,14.50,0.0193,true,1,1087120
7290004127916,false,גבינה לבנה 0.5% שומן 500 ג' תנובה,תנובה מרכז שיתופי לש,IL,גבינה לבנה 1/2% תנוב,גרמים,500.00,100 גרם,false,,8.90,0.0178,true,1,1087122
7290004128333,false,לאבנה על בסיס יוגורט %9 שומן 500 ג' פיראוס,תנובה חלב,IL,פיראוס גבינת לאבנה 9,גרמים,500.00,100 גרם,false,,18.90,0.0378,true,1,1087129
7290004128340,false,קרם גבינת שמנת %5 בטעם טבעי 200 ג' תנובה,תנובה חלב,IL,קרם גבינת שמנת %5 בט,גרמים,200.00,100 גרם,false,,10.90,0.0545,true,1,1087130
7290004128364,false,קרם גבינת שמנת 5% עם זיתים ירוקים 200 ג' תנובה,"תנובה, מחלבת תל יוסף",IL,גבינת שמנת בטעם זיתי,גרמים,200.00,100 גרם,false,,10.90,0.0545,true,1,1087131
7290004129101,false,גבינת שמנת 25% בטעם טבעי 225 ג' נפוליאון,תנובה מרכז שיתופי לש,IL,נפוליאון טבעי גביע 2,גרמים,225.00,100 גרם,false,,12.30,0.0547,true,1,1087134
7290004129118,false,גבינת שמנת 24% עם זיתים ירוקים 225 ג' נפוליאון,תנובה מרכז שיתופי לש,IL,נפוליאון זית גביע 22,גרמים,225.00,100 גרם,false,,12.30,0.0547,true,1,1087135
7290004129156,false,גבינת שמנת25% עם שום שמיר 225 ג' נפוליאון,תנובה מרכז שיתופי לש,IL,נפוליאון שום שמיר גב,גרמים,225.00,100 גרם,false,,12.30,0.0547,true,1,1087136
7290004129545,false,גבינה לבנה 3% 250 גרם ועדת מהדרין,מחלבת אלון תבור,IL,גבינה לבנה 3% 250 גר,גרמים,250.00,100 גרם,false,,4.70,0.0188,true,1,1087137
7290004129736,false,יוגורט במתיקות מעודנת 1.5% שומן 200 ג' יופלה,תנובה מרכז שיתופי לש,IL,יופלה לבן מעודן 1.5%,מיליליטרים,200.00,"100 מ""ל",false,,4.20,0.0210,true,1,1087141
7290004129767,false,"3% 'יופלה לבן מארז שמינייה 1.2 ק""ג",מחלבת אלון תבור,IL,יופלה לבן 3% מאגדת 8,קילוגרמים,1.20,"ק""ג",false,,16.90,14.0833,true,1,1087143
7290004130794,false,משקה סויה במתיקות מופחתת תנובה 1 ליטר,תנובה מרכז שיתופי לש,IL,משקה סויה טבעי במתיק,ליטרים,1.00,ליטר,false,,9.90,9.9000,true,1,1087147
7290004130916,false,יוגורט יופלה פירות יער בשמנת 3% 150 גרם,תנובה מרכז שיתופי לש,IL,יופלה פירות יער בשמנ,מיליליטרים,150.00,"100 מ""ל",false,,4.70,0.0313,true,1,1087149
7290004131074,false,"חלב 1 ליטר 3% קרטון ""תנובה""- מוצר בפיקוח",תנובה מרכז שיתופי לש,IL,חלב תנובה טרי1ל קרטו,ליטרים,1.00,ליטר,false,,6.20,6.2000,true,1,1087151
7290004131227,false,גבינה לבנה 3% שומן 500 גרם מהדרין,תנובה מרכז שיתופי לש,IL,גבינה לבנה 3% 500 גר,גרמים,500.00,100 גרם,false,,8.90,0.0178,true,1,1087154
7290004131432,false,יוגורט יופלה לבן ביו 3% 200 גרם,מיוצר עי קונדיטוריית,IL,יופלה לבן 3% גביע 20,מיליליטרים,200.00,"100 מ""ל",false,,3.70,0.0185,true,1,1087156
7290004131456,false,יוגורט ביו 1.5% שומן 200 ג' יופלה,מיוצר עי קונדיטוריית,IL,יופלה לבן 1.5% גביע,מיליליטרים,200.00,"100 מ""ל",false,,3.70,0.0185,true,1,1087157
7290004131814,false,גבינה צפתית 5% מעודנת 200 ג' פיראוס,פארייפאבה אגרואינדוס,IL,פיראוס צפתית 5% מעוד,גרמים,200.00,100 גרם,false,,11.70,0.0585,true,1,1087166
7290004131845,false,גבינת לאבנה 9% שומן 750 ג' פיראוס,תנובה מרכז שיתופי לש,IL,פיראוס לאבנה 9% גביע,גרמים,750.00,100 גרם,false,,20.90,0.0279,true,1,1087167
7290004132552,false,משקה סויה בטעם טבעי לייט תנובה 1 ליטר,תנובה מרכז שיתופי לש,IL,משקה סויה לייט בטעם,ליטרים,1.00,ליטר,false,,9.90,9.9000,true,1,1087173
7290004132606,false,"קרלו מעדן חלב בטעם וניל 2% תנובה 8*100 מ""ל",תנובה מרכז שיתופי לש,IL,קרלו מעדן חלב בטעם ו,מיליליטרים,800.00,"100 מ""ל",false,,13.20,0.0165,true,1,1087174
7290004132712,false,חטיף אצבעות גבינת מוצרלה 20% 172 ג' עמק,תנובה מרכז שיתופי לש,IL,חטיף אצבעות גבינת מו,גרמים,172.00,100 גרם,false,,15.90,0.0924,true,1,1087176
7290004133511,false,יופלה מאגדת לבן 1.5% מעודן 8 יח' * 150 ג',מיוצר עי קונדיטוריית,IL,יופלה מאגדת שמיניה ל,ליטרים,1.20,ליטר,false,,19.90,16.5833,true,1,1087185
7290004135058,false,שמיניית קרלו מיני שוקולד 100 גרם מהדרין,תנובה מרכז שיתופי לש,IL,מאגדת קרלו מיני שוקו,מיליליטרים,800.00,"100 מ""ל",false,,13.20,0.0165,true,1,1087194
7290004135225,false,מעדן חלב דל קלוריות בטעם שוקולד 0.2שומ,תנובה מרכז שיתופי לש,IL,מעדן חלב דל קלוריות,מיליליטרים,150.00,"100 מ""ל",false,,3.80,0.0253,true,1,1087198
7290004135614,false,גבינה בולגרית מעודנת 5% פיראוס 250 גרם,תנובה חלב,IL,פיראוס בולגרית מעודנ,גרמים,250.00,100 גרם,false,,18.90,0.0756,true,1,1087203
7290004136598,false,מארז הפסקת אוכל עם קורנפלקס ומשקה חלב עמיד בטעם וניל,פארייפאבה אגרואינדוס,IL,מארז הפסקת אוכל חלב,מיליליטרים,150.00,"100 מ""ל",false,,8.90,0.0593,true,1,1087218
7290004136857,false,מעדן גלי פטל תנובה 125 גרם,תנובה מרכז שיתופי לש,IL,ג'לי תנובה פטל,מיליליטרים,125.00,"100 מ""ל",false,,2.20,0.0176,true,1,1087220
7290004136864,false,מעדן ג'לי בטעם אננס עם חתיכות תנובה 125 גרם,תנובה חלב,IL,מעדן ג'לי בטעם אננס,מיליליטרים,125.00,"100 מ""ל",false,,2.60,0.0208,true,1,1087221
7290004136871,false,מעדן ג'לי בטעם אפרסק עם חתיכות תנובה 125 גרם,תנובה מרכז שיתופי לש,IL,מעדן ג'לי בטעם אפרסק,מיליליטרים,125.00,"100 מ""ל",false,,2.50,0.0200,true,1,1087222
7290004137021,false,"שמנת עמידה לבישול מופחת שומן 10% השף הלבן 250 מ""ל",תנובה מרכז שיתופי לש,IL,שמנת עמידה לבישול 10,מיליליטרים,250.00,"100 מ""ל",false,,7.90,0.0316,true,1,1087224
7290004137311,false,עמק לייט משפחתית 9% 400ג-ועדת מהדרין,תנובה חלב,IL,עמק לייט פרוס 400 גר,גרמים,400.00,100 גרם,false,,29.90,0.0747,true,1,1087226
7290004137809,false,פיראוס לאבנה 5% גביע 250 גרם,"תנובה, מחלבת אלון תב",IL,פיראוס לאבנה 5% גביע,גרמים,250.00,100 גרם,false,,11.90,0.0476,true,1,1087227
7290004165017,false,"רסק תפו""ע 600 גרם טבעי ללא סוכר יכין","זנלכל בע""\מ",IL,"רסק תפו""ע 600 גרם טב",גרמים,560.00,100 גרם,false,,7.90,0.0141,true,1,1100103
7290004194178,false,עוף קפוא מס' 1 בשקית מחפוד,עוף ירושלים,,עוף קפוא מחפוד,קילוגרמים,1.00,"ק""ג",true,,24.90,24.9000,true,1,1103362
7290004194208,false,כרעיים עוף חלק רב מחפוד קפוא,עוף ירושלים,IL,כרעיים עוף מחפוד,קילוגרמים,1.00,"ק""ג",true,,31.90,31.9000,true,1,1103365
7290004194239,false,מחפוד-חזה עוף קפוא מהדרין,עוף ירושלים,IL,חזה עוף מחפוד,קילוגרמים,1.00,"ק""ג",true,,31.90,31.9000,true,1,1103366
7290004194253,false,כנפיים עוף קפוא ארוז חלק מחפוד.,עוף ירושלים,IL,כנפיים עוף מחפוד,קילוגרמים,1.00,"ק""ג",true,,13.90,13.9000,true,1,1103367
7290004194260,false,מחפוד-שוקיים עוף קפוא מהדרין,עוף ירושלים,IL,שוקיים עוף מחפוד,קילוגרמים,1.00,"ק""ג",true,,29.90,29.9000,true,1,1103368
7290004194284,false,מחפוד - פרגיות עוף קפוא מהדרין,עוף ירושלים,IL,פרגיות עוף קפוא מחפו,קילוגרמים,1.00,"ק""ג",true,,81.90,81.9000,true,1,1103370
7290004194345,false,שניצל עוף קפוא פרוס מחפוד,עוף ירושלים,IL,שניצל עוף פרוס מחפוד,קילוגרמים,1.00,"ק""ג",true,,34.90,34.9000,true,1,1103372
7290004194536,false,חזה עוף טרי מחפוד ארוז,עוף ירושלים מהדרין ב,IL,חזה עוף טרי מחפוד אר,קילוגרמים,1.00,"ק""ג",true,,29.90,29.9000,true,1,1092812
7290004194543,false,כרעיים עוף טרי מחפוד ארוז,עוף ירושלים מהדרין ב,IL,כרעיים עוף טרי מחפוד,קילוגרמים,1.00,"ק""ג",true,,29.90,29.9000,true,1,1092813
7290004194567,false,ירכיים עוף טרי מחפוד,עוף ירושלים מהדרין,,ירכיים עוף טרי מחפוד,קילוגרמים,1.00,"ק""ג",true,,29.90,29.9000,true,1,2625594
7290004219079,false,לבבות דקל פרוסות ויליפוד 400 גרם,אלימנטוס אי קונסרבס דל א,EC,לבבות דקל פרוסות ויל,גרמים,400.00,100 גרם,false,,10.50,0.0263,true,1,1098185
7290004225278,false,בסגנון דנבלו 28% במשקל,נטו מלינדה סיימן,IL,סגנון דנאבלו שקיל,קילוגרמים,1.00,"ק""ג",true,,59.00,59.0000,true,1,4158622
7290004225285,false,גבינה בסגנון דנאבלו 100 ג',האי נאם סי או אל.טי.,DK,סגנון דנאבלו 100 גר,גרמים,100.00,100 גרם,false,,9.90,0.0990,true,1,1095907
7290004228804,false,עלי בצק לסיגרים שלושת האופים 450 גרם.,"שלושת האופים בע""\מ",IL,עלי סיגר 500 גרם,גרמים,500.00,100 גרם,false,,11.90,0.0238,true,1,8222582
7290004230081,false,קציצות עוף ברוטב עגבניות שגב 800 גרם,"טיבון ויל אחזקות בע""\מ",IL,קציצות עוף ברוטב עגב,גרמים,800.00,100 גרם,false,,24.90,0.0311,true,1,1095917
7290004255558,false,נרות שבת אורה מספר 2,מנורה,IL,נרות שבת אורה מספר 2,יח',1.00,יח',false,,2.90,2.9000,true,1,2601555
7290004256180,false,גאודה הולנדית30.3% משקל,וויסר קאשנדל בי.וי נ,NL,גאודה משקל,קילוגרמים,1.00,"ק""ג",true,,79.00,79.0000,true,1,7473082
7290004256197,false,גאודה הולנד עז30.6%משקל,וויסר קאשנדל בי.וי נ,NL,גאודה עיזים הולנדית,קילוגרמים,1.00,"ק""ג",true,,105.00,105.0000,true,1,8144260
7290004256753,false,עלי לסיגר מרוקאי לפסטיליה 450 גרם,סטאר סנקס,IL,עלי סיגר מרוקאים,יח',1.00,יח',false,,11.90,11.9000,true,1,7518694
7290004258528,false,גפרורים קטן רמי לוי 10יח,מנורה,,גפרורים קטן רמי לוי,יח',10.00,יח',false,,2.60,0.2600,true,1,3438767
7290004258535,false,גפרורים ארוכים רמי לוי,מנורה,,גפרורים ארוכים רמי ל,יח',1.00,יח',false,,3.50,3.5000,true,1,3438768
7290004258573,false,נר נשמה בפחית רמי לוי,,,נר נשמה בפחית רמי לו,יח',1.00,יח',false,,1.60,1.6000,true,1,3271907
7290004258924,false,נריות חימום 100יח בלוק רמילוי,,,נריות חימום 100יח בל,יח',10.00,יח',false,,17.90,1.7900,true,1,6994305
7290004324605,false,גבינה מותכת למריחה בטעם רוקפור 7% מון בלאן 120 ג',האי נאם סי או אל.טי.,IL,גבינה מותכת למריחה ב,גרמים,120.00,100 גרם,false,,8.90,0.0742,true,1,1095947
7290004324858,false,קבב כבש טיבון ויל 500 גרם,"טיבון ויל אחזקות בע""",IL,קבב כבש טיבון ויל 50,גרמים,500.00,100 גרם,false,,17.90,0.0358,true,1,1095948
7290004339173,false,המבורגר קינואה 400גרם טבע דלי,טבע דלי,IL,המבורגר קינואה 400גר,גרמים,400.00,100 גרם,false,,24.90,0.0622,true,1,1117996
7290004339401,false,המבורגר אורז עדשים 400גרם טבע דלי,טבע דלי,IL,המבורגר אורז עדשים 4,גרמים,400.00,100 גרם,false,,24.50,0.0613,true,1,1117997
7290004339432,false,סייטן קפוא טבעי 500 גרם טבע דלי,טבע דלי בעמ,IL,סייטן קפוא טבעי 500ג,גרמים,500.00,100 גרם,false,,16.50,0.0330,true,1,5491340
7290004339784,false,המבורגר ניו יורק על האש 400 גרם טבע דלי,טבע דלי,IL,המבורגר מהצומח על הא,גרמים,400.00,100 גרם,false,,24.90,0.0622,true,1,5491365
7290004339999,false,שניצלונים סטיין אמרנט 400 גר,טבע דלי,IL,שניצלונים 400ג סייטן,גרמים,400.00,100 גרם,false,,27.90,0.0697,true,1,5491367
7290004494049,false,פומה סוביניון בלאן-דלתון 750 מל,"יקב דלתון בע""\מ",IL,גליל סוביניון בלאן (,מיליליטרים,750.00,"100 מ""ל",false,,54.90,0.0732,true,1,3253673
7290004494100,false,כנען אדום מבושל (דלת,"יקב דלתון בע""מ",,כנען אדום מבושל (דלת,מיליליטרים,750.00,"100 מ""ל",false,,37.50,0.0500,true,1,8152802
7290004494117,false,כנען לבן מבושל (דלתו,"יקב דלתון בע""מ",IL,יובלים אדום (דלתון) - רשת,מיליליטרים,750.00,"100 מ""ל",false,,37.50,0.0500,true,1,2833747
7290004494131,false,יין דלתון קברנה סוביניון גליל,"יקב דלתון בע""\מ",IL,גליל קברנה סוביניון,מיליליטרים,750.00,"100 מ""ל",false,,54.90,0.0732,true,1,3253675
7290004494377,false,"יין אדום שיראז סדרת דלתון 750 מ""ל","יקב דלתון בע""\מ",IL,גליל שיראז (דלתון),מיליליטרים,750.00,"100 מ""ל",false,,54.90,0.0732,true,1,3253677
7290004494919,false,יין כנען קברנה שיראז 750 מל דלתון,"יקב דלתון בע""מ",IL,כנען קברנה-שיראז (דל,מיליליטרים,750.00,"100 מ""ל",false,,37.50,0.0500,true,1,2663868
7290004503215,false,ארבע בשורה,,,ארבע בשורה,יח',1.00,יח',false,,29.90,29.9000,true,1,8303101
7290004503260,false,משחק בינגו,,,משחק בינגו,יח',1.00,יח',false,,29.90,29.9000,true,1,8303103
7290004554903,false,"גלידת פנטזיה שוקו וניל 900 מ""ל שטראוס","גלידת שטראוס בע""\מ, רחוב",IL,גלידת פנטזיה שוקו ונ,מיליליטרים,900.00,"100 מ""ל",false,,17.50,0.0194,true,1,1102188
7290004575007,false,טילון וניל וופך ושברי אגוז ריאו מארז 70X5ג',"גלידות ריאו ביח""ר לג",IL,גלידת טילון ריאו 5 י,יח',1.00,יח',false,,14.50,14.5000,true,1,1104317
7290004575069,false,גלידה מיניס חטיפים וניל ציפוי שוקו' ופצפוצי נ.חיטה ריאו מארז 32יח',"גלידות ריאו ביח""ר לג",IL,מיניס שוקולידה 32 יח,גרמים,700.00,100 גרם,false,,29.90,0.0427,true,1,1104319
7290004575335,false,ארטיק מגיק מיני וניל ציפוי שוקו' ופצפוצי נ.חיטה ריאו מארז 45X8ג'באריזה,"גלידות ריאו ביח""ר לג",IL,מיני מג'יק שלגונים ב,יח',1.00,יח',false,,16.90,16.9000,true,1,1104328
7290004575397,false,גלידה בטעמי מוקה וניל פיסטוק 1.8 ל' ריאו,"גלידות ריאו ביח""ר לג",IL,גלידה שוקולד תות וני,ליטרים,1.80,ליטר,false,,14.90,8.2778,true,1,1104331
7290004575403,false,טריו גלידת פרווה בטעמים 1.8 ליטר ריאו,"גלידות ריאו ביח""ר לג",IL,טריו גלידה בטעם שוקו,ליטרים,1.80,ליטר,false,,14.90,8.2778,true,1,1104332
7290004575632,false,קרמבו ריאו בטעם וניל 16יח',"גלידות ריאו ביח""ר לג",IL,קרמבו ריאו וניל 16 י,יח',1.00,יח',false,,21.70,21.7000,true,1,1104339
7290004584306,false,רבעיית גמדים בטעם תות בננה * 100 ג' שטראוס,מיוצר עי קונדיטוריית,IL,מעדן גמדים תות בננה,מיליליטרים,400.00,"100 מ""ל",false,,10.90,0.0273,true,1,1103807
7290004584351,false,גבינה לבנה סימפוניה עם תוספות 200 ג' חמישית 200,"שטראוס בריאות בע""\מ",IL,סימפוניה גבינה במרקם,גרמים,200.00,100 גרם,false,,9.70,0.0485,true,1,1103808
7290004584528,false,יוגורט דנונה ביו לבן 1.7% שומן 200 גרם,מיוצר עי קונדיטוריית,IL,יוגורט דנונה ביו לבן,מיליליטרים,200.00,"100 מ""ל",false,,3.40,0.0170,true,1,1103809
7290004585907,false,דני ועדן וניל 1.5% 125ג' שטראוס,מיוצר עי קונדיטוריית,IL,1.5% דני בטעם וניל 1,מיליליטרים,125.00,"100 מ""ל",false,,2.50,0.0200,true,1,1103812
7290004603175,false,מלח הים האדום גס מלח הארץ 500 גרם,"חברת מלח הארץ אילת בע""\מ",IL,מלח הים האדום גס 500,גרמים,500.00,100 גרם,false,,7.90,0.0158,true,1,2616514
7290004649821,false,פילה דניס טרי,,,פילה דניס טרי,קילוגרמים,1.00,"ק""ג",true,,120.00,120.0000,true,1,8260830
7290004652890,false,מנצ'גו כבשים שקיל,,,מנצ'גו כבשים שקיל,קילוגרמים,1.00,"ק""ג",true,,110.00,110.0000,true,1,8392211
7290004658953,false,"יין כרמל פרייבט קולקשן סוביניון בלאן, 750 מ""ל","כד בני דרום בע""מ",IL,יין סוביניון בלאן פר,מיליליטרים,750.00,"100 מ""ל",false,,32.30,0.0431,true,1,1101844
7290004685010,false,לחם 100% שיפון פלוס לחם הארץ 500 גר',מאפית י את א ברמן בע,IL,לחם הארץ שיפון פלוס,גרמים,500.00,100 גרם,false,,15.50,0.0310,true,1,6905688
7290004685089,false,לחם הארץ לחם חמניות 500 גר',מאפית י את א ברמן בע,IL,לחם הארץ לחם חמניות,גרמים,500.00,100 גרם,false,,15.50,0.0310,true,1,6905691
7290004685126,false,לחם פומפרניקל לחם הארץ 750 גרם,מאפית י את א ברמן בע,IL,לחם הארץ 5 דגנים 750,גרמים,750.00,100 גרם,false,,15.50,0.0207,true,1,6905692
7290004685157,false,לחם שיפון 100% 750 גרם לחם הארץ,מאפית י את א ברמן בע,IL,לחם שיפון 100% הארץ,גרמים,750.00,100 גרם,false,,15.50,0.0207,true,1,6905695
7290004685195,false,לחם 10 דגנים לחם הארץ 750 גרם,מאפית י את א ברמן בע,IL,לחם 10 דגנים לחם האר,גרמים,750.00,100 גרם,false,,15.50,0.0207,true,1,6905696
7290004685201,false,לחם הארץ שיפון אגוזים500,מאפית י את א ברמן בע,IL,לחם הארץ אגוזים 500,גרמים,500.00,100 גרם,false,,15.80,0.0316,true,1,6905697
7290004685225,false,לחם שיפון פומפרניקל מקמח שיפון,מאפית י את א ברמן בע,IL,לחם הארץ שיפון פומפר,גרמים,750.00,100 גרם,false,,15.50,0.0207,true,1,6905698
7290004685430,false,לחם הארץ כוסמין 100% 500 גרם,מאפית י את א ברמן בע,IL,לחם הארץ כוסמין 100%,גרמים,500.00,100 גרם,false,,15.50,0.0310,true,1,6905703
7290004685485,false,פריכיות כוסמת ושיבולת שועל 90 גר,,,פריכיות כוסמת ושיבול,יח',1.00,יח',false,,6.90,6.9000,true,1,8403987
7290004725426,false,עמק גבינה צהובה חריץ,תנובה מרכז שיתופי לש,IL,גבינת עמק בדץ 28% במ,קילוגרמים,1.00,"ק""ג",true,,44.70,44.7000,true,1,2826496
7290004725600,false,גבינה סקנדינבית31% משקל,תנובה חלב,IL,גבינת חריץ סקנדינבית,קילוגרמים,1.00,"ק""ג",true,,75.00,75.0000,true,1,3330676
7290004731472,false,"שלישיית אלסבון צבעוני כיף 500 מ""ל",טרופיקל דגיל תעשיות,IL,אל סבון נוזלי מעורב,ליטרים,1.50,ליטר,false,,16.90,11.2667,true,1,1094246
7290004731519,false,"מקסימה מרכך ומבשם כביסה למייבש סנסיטיב סנו 750 מ""ל",סנו מקסימה,IL,מקסימה מרכך ומבשם כב,מיליליטרים,750.00,"100 מ""ל",false,,16.30,0.0217,true,1,1094247
7290004731557,false,"מקסימה תרסיס מרכך ומבשם כביסה במייבש מאסק סנו 750 מ""ל",סנו מקסימה,IL,מקסימה תרסיס מרכך ומ,מיליליטרים,750.00,"100 מ""ל",false,,16.30,0.0217,true,1,1094249
7290004731564,false,"מקסימה מבשם ומרכך למייבש הכביסה בלו בלוסום 750 מ""ל",סנו מקסימה,IL,מקסימה למייבש בלו בל,מיליליטרים,750.00,"100 מ""ל",false,,16.30,0.0217,true,1,4885967
7290004731687,false,"מטהר אויר בניחוח וניל ולמון גראס סנו 300 מ""ל",סנו מפעלי ברונוס בעמ,IL,מטהר אויר בניחוח וני,מיליליטרים,300.00,"100 מ""ל",false,,9.90,0.0330,true,1,1094253
7290004736002,false,שקית בלונים,,,שקית בלונים,יח',1.00,יח',false,,6.00,6.0000,true,1,1085682
7290004736019,false,משאבת בלונים,,,משאבת בלונים,יח',1.00,יח',false,,8.00,8.0000,true,1,1085683
7290004736026,false,נרות,פאלאס,,נרות,יח',1.00,יח',false,,5.00,5.0000,true,1,1085684
7290004736033,false,"שק ""בלוני אורז",,,"שק ""בלוני אורז",יח',1.00,יח',false,,7.00,7.0000,true,1,1085685
7290004736088,false,שקית זיקוקים קטנים,,,שקית זיקוקים קטנים,יח',1.00,יח',false,,2.90,2.9000,true,1,1085689
7290004737719,false,אספרגוס שלם מקולף בצנצנת ויליפוד 330 גרם,קריות זול,CN,אספרגוס שלם מקולף ול,גרמים,205.00,100 גרם,false,,8.90,0.0434,true,1,1098192
7290004737900,false,חלב כחוש מרוכז וממותק בתוספת שמן צמחי ויליפוד 397 גרם,יו.איי.בי מאריג'אמפו,LT,חלב מרוכז וממותק בתו,מיליליטרים,397.00,"100 מ""ל",false,,9.70,0.0244,true,1,1098194
7290004861025,false,גבינה בולגרית 5% במשקל,"מחלבת המושבה בע""מ",IL,בולגרית 5% מסורתית,קילוגרמים,1.00,"ק""ג",true,,45.00,45.0000,true,1,2829152
7290004861063,false,גבינת קש המושבה במשק,"מחלבת המושבה בע""מ",IL,צפתית קאש 9% המושבה,קילוגרמים,1.00,"ק""ג",true,,44.00,44.0000,true,1,2829177
7290004861070,false,גבינה צפתית קשה המוש,מחלבת המושבה,IL,גבינה צפתית קשה המוש,קילוגרמים,1.00,"ק""ג",true,,73.00,73.0000,true,1,2829178
7290004861278,false,שמנת 30% טבעי המושבה,"מחלבת המושבה בע""מ",IL,גבינה שמנת 30%,קילוגרמים,1.00,"ק""ג",true,,39.00,39.0000,true,1,2829154
7290004861285,false,גבינה טבורוג המושבה,"מחלבת המושבה בע""מ",IL,גבינת טבורוג א.ח.נ,קילוגרמים,1.00,"ק""ג",true,,33.00,33.0000,true,1,2829155
7290004861315,false,מעדניה-גבינה לאבנה ט,"מחלבת המושבה בע""מ",IL,גבינה לאבנה טבעי /זע,קילוגרמים,1.00,"ק""ג",true,,39.00,39.0000,true,1,1094893
7290004861360,false,צפתית קצח מושבה,מחלבת המושבה,IL,צפתית בטעמים 5%,קילוגרמים,1.00,"ק""ג",true,,44.00,44.0000,true,1,2829156
7290004861377,false,בולגרית למריחה 10% 2,מחלבת המושבה,IL,בולגרית למריחה,קילוגרמים,1.00,"ק""ג",true,,44.00,44.0000,true,1,2849912
7290004861421,false,גבינה חלומי מושבה,"מחלבת המושבה בע""מ",IL,גבינת חלומי 30%,קילוגרמים,1.00,"ק""ג",true,,79.00,79.0000,true,1,2829179
7290004914219,false,בקבוק ריח עם מקלות עץ,סאנרייז,,מפיץ ריח לרכב,מיליליטרים,250.00,"100 מ""ל",false,,13.90,0.0556,true,1,1110714
7290004914691,false,מפיץ ריח סנרייז,,,מפיץ יוקרתי,יח',1.00,יח',false,,14.90,14.9000,true,1,7186623
7290004932305,false,"נייר טישו משי טישו חמישיה נשלף אחד אחד כשל""פ עד""ח",,IL,ממחטות חמישייה 100 י,יח',500.00,יח',false,,9.90,0.0198,true,1,8483896
7290004934064,false,טחון בקר 100% 1קג,,,טחון בקר 100% 1קג,יח',1.00,יח',false,,35.90,35.9000,true,1,2860816
7290004969509,false,אסאדו 9 בקר פלאנקן פרוס ארוז וואקום קפוא מחפוד,,IL,אסאדו בקר פרוס ארוז,קילוגרמים,1.00,"ק""ג",true,,81.90,81.9000,true,1,6914971
7290005008184,false,"סבון נוזלי בניחוח חלב שקדים פלמוליב 500 מ""ל",הנסיך- מפעל לייצור ט,TR,סבון נוזלי בניחוח חל,מיליליטרים,500.00,"100 מ""ל",false,,15.90,0.0318,true,1,1088914
7290005008191,false,"סבון נוזלי ארומה בניחוח לבנדר פטצ'ולי וילנג ילנג פלמוליב 500 מ""ל",הנסיך- מפעל לייצור ט,TR,סבון נוזלי ארומה בני,מיליליטרים,500.00,"100 מ""ל",false,,15.90,0.0318,true,1,1088915
7290005008481,false,ספיד סטיק - דאודורנט ג'ל לגבר ספורט 85 גרם,הנסיך- מפעל לייצור ט,US,ספיד סטיק ג'ל בסיסי,גרמים,85.00,100 גרם,false,,13.50,0.1588,true,1,1088916
7290005020346,false,"רום בקרדי לבן 750 מ""ל",תאגיד בקרדי,US,"רום בקרדי לבן 700 מ""",מיליליטרים,700.00,"100 מ""ל",false,,102.90,0.1470,true,1,5870641
7290005033049,false,שקיות אוכל והקפאה 25*35,,,שקיות אוכל והקפאה 25,יח',1.00,יח',false,,10.90,10.9000,true,1,1104784
7290005033087,false,שקיות אשפה עם ידית 50*70 משי,משי,,שקיות אשפה עם ידית 5,יח',1.00,יח',false,,20.60,20.6000,true,1,1104785
7290005033100,false,שקיות אשפה ביג חזקות ללא תלישה,משי,,שקיות אשפה ביג חזקות,יח',1.00,יח',false,,24.90,24.9000,true,1,1104786
7290005033117,false,מפות שולחן עבות 8-6 יח,משי,,מפות שולחן עבות 8-6,יח',1.00,יח',false,,7.90,7.9000,true,1,1104787
7290005033162,false,מפות עבות במיוחד 6-8 יח,משי,,מפות עבות במיוחד 6-8,יח',6.00,יח',false,,13.00,2.1667,true,1,1104790
7290005033209,false,שקיות אשפה קרם עם ידית 40יח 90*75,,,שקיות אשפה קרם עם יד,יח',40.00,יח',false,,22.90,0.5725,true,1,4605526
7290005033582,false,שקיות אשפה אפור ידית 90*75 משי 25 יח,משי,,שקיות אשפה אפור ידית,יח',25.00,יח',false,,21.90,0.8760,true,1,1104793
7290005033599,false,שקיות אשפה קומפקט 90*75 משי 40 יח,משי,,שקיות אשפה קומפקט 90,יח',40.00,יח',false,,19.80,0.4950,true,1,1104794
7290005033711,false,מפות 45מ על 1.6 רוחב עבה במיוחד,,,מפות 45מ על 1.6 רוחב,יח',1.00,יח',false,,29.90,29.9000,true,1,7255842
7290005041198,false,מעדני הטלה קבב ביתי,לאטי עזרא גלם ודגים,IL,קבב ביתי 1קג,גרמים,1000.00,100 גרם,false,,44.90,0.0449,true,1,3552267
7290005079290,false,נעם גבינה צהובה15% משקל,טרה,IL,גבינה צהובה 15% נעם,קילוגרמים,1.00,"ק""ג",true,,64.00,64.0000,true,1,2783552
7290005079344,false,מוצרלה נועם רכיבים ט,מחלבת משק צוריאל,IL,מוצרלה נעם שקיל,קילוגרמים,1.00,"ק""ג",true,,74.00,74.0000,true,1,5608489
7290005079412,false,גבינה אמנטל נעם 30% משקל,טרה,IL,אמנטל נעם חריץ,קילוגרמים,1.00,"ק""ג",true,,55.00,55.0000,true,1,4696267
7290005084355,false,סנסודין משחת שיניים דואל קר פלואוריד 75,גלקסו סמית קליין,GB,"סנסודיין דואלקר 75 מ""ל",גרמים,75.00,100 גרם,false,,21.90,0.2920,true,1,1106291
7290005113222,false,זיתים קוקטייל וגמבה יבנה 350ג',קבוצת יבנה,IL,זית יבנה מיקס 340 גר,גרמים,340.00,100 גרם,false,,9.80,0.0288,true,1,1093972
7290005168253,false,"יין קליל דל אלכוהול יקבי ציון 750 מ""ל",יקבי ציון,IL,קליל יין אדום מתוק 7,מיליליטרים,750.00,"100 מ""ל",false,,13.00,0.0173,true,1,7243715
7290005168284,false,"יין גן עדן יקבי ציון 750 מ""ל",יקבי ציון,IL,"גן עדן 750 מ""ל",מיליליטרים,750.00,"100 מ""ל",false,,19.90,0.0265,true,1,2857202
7290005168475,false,מיץ ענבים מובחר אדום 100% טבעי 1 ליטר,יקבי ציון,IL,תירוש אדום מובחר 100,יח,1.00,יח,false,,16.90,16.9000,true,1,8402309
7290005174513,false,חציל אחלה במיונז 500 ג' אחלה+ 33% תוספת,מיוצר עי קונדיטוריית,IL,סלט חצילים במיונז אח,גרמים,500.00,100 גרם,false,,14.90,0.0298,true,1,1103815
7290005174551,false,סלט חומוס עם צנוברים 125 ג' אחלה,מיוצר עי קונדיטוריית,IL,חומוס אחלה 125 גרם,גרמים,125.00,100 גרם,false,,4.70,0.0376,true,1,1103816
7290005174568,false,סלט חצילים במיונז אחלה 125 גרם,"שטראוס גרופ בע""\מ",IL,סלט חצילים במיונז אח,גרמים,125.00,100 גרם,false,,4.70,0.0376,true,1,1103817
7290005174575,false,טחינה אחלה יום יום משובחת 125ג',מיוצר עי קונדיטוריית,IL,סלט טחינה אחלה 125 ג,גרמים,125.00,100 גרם,false,,4.70,0.0376,true,1,1103818
7290005199288,false,מסטיק MUST בטעם פטל לימון ללא סוכר 28 גרם,"שטראוס גרופ בע""מ",IL,מסטיק MUST בטעם פטל,גרמים,28.00,100 גרם,false,,4.00,0.1429,true,1,1089656
7290005199738,false,גומי מאסט בטעם פפרמינט ריח פה נעים פליפטופ 28 ג' עלית,"שטראוס גרופ בע""מ",IL,מסטיק MUST בטעם מנטה,גרמים,28.00,100 גרם,false,,4.00,0.1429,true,1,1089662
7290005200786,false,תפוצ'יפס בטעם שמנת בצל עלית 50 גרם,"שטראוס פריטו ליי בע""\מ )",IL,תפוצ'יפס בטעם שמנת ב,גרמים,50.00,100 גרם,false,,3.50,0.0700,true,1,1097551
7290005201455,false,קפה נמס מגורען ארומה קלאסי עלית 200 גרם,"אינסטנטה בע""מ",PL,קפה נמס מגורען עלית,גרמים,200.00,100 גרם,false,,21.90,0.1095,true,1,1089668
7290005287206,false,רביעיית טונה בשמן סטארקיסט 160 גרם,"סטארקיסט פודור בע""מ",VN,טונה ס.ק בשמן 160גר 'רביע,גרמים,492.00,100 גרם,false,,24.90,0.0506,true,1,7267854
7290005287251,false,רביעיית טונה במים סטארקיסט 160 גרם,"סטארקיסט פודור בע""מ",VN,טונה ס.ק במים 160גר 'רביע,גרמים,448.00,100 גרם,false,,24.90,0.0556,true,1,1099146
7290005287534,false,"סטארקיסט טונה בשמן עישון טבעי 160 גרם בד""צ",תאי יוניון גרופ,IL,ס.ק בשמן עישון טבעי פ.ק 1,גרמים,112.00,100 גרם,false,,6.90,0.0616,true,1,1099153
7290005287657,false,"סטארקיסט ממרח טונה 160 גרם בד""צ","סטארקיסט פודור בע""מ",TH,ס.ק. ממרח טונה 160 גר' -,גרמים,160.00,100 גרם,false,,5.90,0.0369,true,1,1099161
7290005287930,false,"טונה סטארקיסט רבעיות מים בד""ץ 112 גר-עדה",סטארקיסט,IL,טונה סטארקיסט במים 160 רב,גרמים,448.00,100 גרם,false,,24.90,0.0556,true,1,1099169
7290005296246,false,"פותח סתימות דריין אאוט 946 מ""ל יעקבי",יוליניבר,US,פותח סתימות בצנרת ני,מיליליטרים,946.00,"100 מ""ל",false,,24.90,0.0263,true,1,1097270
7290005296260,false,"אסטוניש ספריי רסס ונגב לניקוי כללי יעקבי 750 מ""ל",יעקובי אסטוניש,GB,אסטוניש ספריי רסס ונ,מיליליטרים,750.00,"100 מ""ל",false,,11.90,0.0159,true,1,1097271
7290005326387,false,עגבניות מיובשות בשמן זית אוליביה 270 גרם,אוליביה,IL,עגבניות מיובשות בשמש,גרמים,270.00,100 גרם,false,,15.90,0.0589,true,1,1084750
7290005326523,false,ממרח פסטו פטרוזיליה ונענע אוליביה 180 גרם,אוליביה,IL,אוליביה פסטו פטרוזיל,גרמים,185.00,100 גרם,false,,12.90,0.0697,true,1,2744569
7290005384899,false,פטינה ים תיכונית בסג,וילי פוד,IL,פטינה 20% שומן במשקל,קילוגרמים,1.00,"ק""ג",true,,21.00,21.0000,true,1,1098104
7290005400155,false,פתיתים כוסמין אפויים,שיבולים בני דרום,IL,פתיתים כוסמין 500 גר,גרמים,500.00,100 גרם,false,,14.90,0.0298,true,1,5123966
7290005423253,false,"סנו - מקסימה מרסס למייבש כביסה אולטרה פרש 750 מ""ל","סנו מפעלי ברונוס בע""\מ",IL,מקסימה מרכך ומבשם למ,מיליליטרים,750.00,"100 מ""ל",false,,16.30,0.0217,true,1,1094259
7290005423567,false,מטליות ניקוי רב שימושיות בגליל סנו סושי 40 יחידות,אסותא תעשיות אלבד בע,IL,מטליות ניקוי רב שימו,יח',40.00,יח',false,,18.90,0.4725,true,1,1094272
7290005423635,false,ריצפז נוזל רצפות דוחה תיקנים סנו 2 ליטר,מיוצר עי קונדיטוריית,IL,ריצפז נוזל רצפות דוח,ליטרים,2.00,ליטר,false,,19.90,9.9500,true,1,1094274
7290005423734,false,מרכך כביסה מרוכז אולטרא פרש סנו מקסימה 4 ליטר,"סנו מפעלי ברונוס בע""\מ",IL,מקסימה מרכך כביסה או,ליטרים,4.00,ליטר,false,,21.50,5.3750,true,1,1094275
7290005423833,false,פוליויקס נוזל לניקוי פרקט סנו 2 ליטר,"סנו מפעלי ברונוס בע""\מ",IL,פוליויקס נוזל לניקוי,ליטרים,2.00,ליטר,false,,19.90,9.9500,true,1,1094276
7290005424113,false,מטליות רצפה סנו סושי 4 יחידות,סנו סושי,IL,סנו סושי מטליות רצפה,יח',1.00,יח',false,,12.90,12.9000,true,1,1094283
7290005424755,false,מטליות ריצפז פלוס לחות לניקוי רצפות דוחה תיקנים 10 יח' סנו,סנו מפעלי ברונוס בעמ,IL,סנו ריצפז פלוס מטליו,יח',1.00,יח',false,,13.90,13.9000,true,1,6584976
7290005425110,false,"חיטוי משטחים 99.9% מתז מחטא ומשמיד 750 מ""ל","סנו מפעלי ברונוס בע""\מ",IL,סנו מחטא ומשמיד חייד,מיליליטרים,750.00,"100 מ""ל",false,,11.90,0.0159,true,1,7273714
7290005425196,false,"מקסימה אבקת כביסה סנסיטיב סנו 2.5 ק""ג",מיוצר עי קונדיטוריית,IL,מקסימה אבקת כביסה סנ,קילוגרמים,2.50,"ק""ג",false,,22.70,9.0800,true,1,1094307
7290005425202,false,אבקת כביסה ביו מקסימה לכתמים קשים,"סנו מפעלי ברונוס בע""\מ",IL,מקסימה אבקת כביסה בי,קילוגרמים,2.50,"ק""ג",false,,22.70,9.0800,true,1,1094308
7290005425646,false,קליר נוזל לניקוי חלונות רב תכליתי סנו 1 ליטר,"סנו מפעלי ברונוס בע""\מ",IL,קליר נוזל לניקוי חלו,ליטרים,1.00,ליטר,false,,9.90,9.9000,true,1,1094315
7290005425714,false,"שמפו שטיחים סנו פלוס 600 מ""ל","סנו מפעלי ברונוס בע""\מ",IL,שמפו שטיחים סנו פלוס,מיליליטרים,600.00,"100 מ""ל",false,,25.90,0.0432,true,1,1094319
7290005426186,false,סקוטש כריות קרצוף ענקיות סנו סושי 3 יחידות,קריות זול,US,סקוטש כריות קרצוף ענ,יח',1.00,יח',false,,16.90,16.9000,true,1,1094333
7290005426230,false,מטלית הפלא לרצפה מיקרופייבר סנו 1יח',סנו סושי,IL,מטלית הפלא לרצפה 50*,יח',1.00,יח',false,,9.90,9.9000,true,1,1094335
7290005426803,false,מקסימה מרכך כביסה פצ'ולי לבנדר סגול סנו 4 ליטר,סנו מקסימה,IL,מקסימה מרכך כביסה פצ,ליטרים,4.00,ליטר,false,,21.50,5.3750,true,1,1094349
7290005426971,false,סנובון סבון לאסלה תפוח כחול סנו 3 יחידות,סנו מפעלי ברונו בעמ,IL,סנובון סבון לאסלה תפ,גרמים,165.00,100 גרם,false,,14.90,0.0903,true,1,1094355
7290005427633,false,"כיף גל לשיער לשיער חזק במיוחד 1 ק""ג",קוסמופארם,IL,חוחובה ג'ל לעיצוב הש,100 לקג,1.00,100 לקג,false,,19.90,19.9000,true,1,1094377
7290005427725,false,"חמישיית מגבונים מבושם ""ליטופים""",טרופיקל דגיל קוסמטיק,IL,מגבונים ליטופים מארז,יח',5.00,יח',false,,17.90,3.5800,true,1,1094378
7290005427770,false,"קרמה - קרם לחות לשיער לגבר 400 מ""ל",טרופיקל דגיל תעשיות,IL,קרם לחות לשיער לגבר,מיליליטרים,400.00,"100 מ""ל",false,,16.90,0.0422,true,1,1094383
7290005427978,false,"תחליב רחצה לפנים פילינג קרמה 180 מ""ל",גוד פוד פרודקטס S.p,IL,תחליב רחצה לפנים קרמ,מיליליטרים,180.00,"100 מ""ל",false,,12.90,0.0717,true,1,1094392
7290005427985,false,"קרמה תחליב רחצה לפנים בתוספת גרגירי פילינג 180 מ""ל",גוד פוד פרודקטס S.p,IL,תחליב פילינג לפנים ב,מיליליטרים,180.00,"100 מ""ל",false,,12.90,0.0717,true,1,1094393
7290005428845,false,מפיות סנו סופט 33*33 100 יחידות,"חי מוצרי נייר בע""מ",IL,מפיות סנו סופט 33*33,100 יח',1.00,100 יח',false,,7.90,7.9000,true,1,1094404
7290005428852,false,ממחטות טישו צבעוניים סנו סופט 5 יח' *100דף,ישרפייפר,IL,סופט ממחטות אף צבעונ,100 יח',650.00,100 יח',false,,12.90,0.0198,true,1,1094405
7290005429019,false,פיסגה נוזל לרצפות מבושם סנו 4 ליטר,סנו,IL,פיסגה נוזל לרצפות מב,ליטרים,4.00,ליטר,false,,19.90,4.9750,true,1,1094413
7290005430602,false,"סנו אוקסיג'ן ספריי להסרת כתמים עם חמצן פעיל 750 מ""ל","סנו מפעלי ברונוס בע""",IL,סנו אוקסיג'ן ספריי ל,מיליליטרים,750.00,"100 מ""ל",false,,17.70,0.0236,true,1,1094420
7290005430671,false,פוליויקס נוזל לניקוי קרמיקה סנו 2 ליטר,סנו מפעלי ברונו בעמ,IL,פוליויקס נוזל לניקוי,ליטרים,2.00,ליטר,false,,19.90,9.9500,true,1,1094426
7290005431883,false,מלבי חלבי עדן קינוחים 165 גרם,עדן קינוחים Eden,IL,מלבי חלבי,יח',1.00,יח',false,,5.90,5.9000,true,1,8133008
7290005431906,false,קדאיף עדן קינוחים 82 גרם,עדן קינוחים Eden,IL,קדאיף,יח',1.00,יח',false,,5.90,5.9000,true,1,8133010
7290005431913,false,עוגת גבינה פירורים עדן קינוחים 92 גרם,עדן קינוחים Eden,IL,עוגת גבינה פירורים,יח',1.00,יח',false,,5.90,5.9000,true,1,8133011
7290005431920,false,עוגת גבינה פירורים לייט עדן קינוחים 78 גרם,עדן קינוחים Eden,IL,עוגת גבינה פירורים ל,יח',1.00,יח',false,,5.90,5.9000,true,1,8133012
7290005431937,false,טירמיסו עדן קינוחים 82 גרם,עדן קינוחים Eden,IL,טרמיסו,יח',1.00,יח',false,,5.90,5.9000,true,1,8133013
7290005431968,false,מלבי שמנת עדן קינוחים 150 גרם,עדן קינוחים Eden,IL,מלבי שמנת 150 גר,גרמים,150.00,100 גרם,false,,6.90,0.0460,true,1,8250811
7290005437212,false,טעמן שמן זית כ.מעולה ספרדי בדץ 750מל.,מוצרי יסוד - טעמן,IL,שמן זית כתית מעולה 7,מיליליטרים,750.00,"100 מ""ל",false,,27.90,0.0372,true,1,1090420
7290005437809,false,חתיכות אננס חתבמיץ טבעי 825 גרם טעמן,פ.ת גרייט פנאפל,ID,טעמן אננס חתוך במיץ,גרמים,490.00,100 גרם,false,,10.90,0.0222,true,1,8368092
7290005437830,false,פרוסות אננס במיץ טבעי טעמן 825 גרם,פ.ת גרייט פנאפל,ID,טעמן פרוסות אננס 825,גרמים,825.00,100 גרם,false,,9.90,0.0120,true,1,1090434
7290005437861,false,קוקטייל פירות טרופיים בסירופ קל טעמן 825 גרם,פ.ת גרייט פנאפל,ID,טעמן קוקטייל פירות 8,גרמים,825.00,100 גרם,false,,11.70,0.0142,true,1,1090436
7290005489129,false,סירופ אננס 1.2 ל' פרי קטיף,"פרי קטיף מזון בע""מ",IL,תרכיז אננס 1.2 ליטר,ליטרים,1.20,ליטר,false,,31.90,26.5833,true,1,1096962
7290005500558,false,ג'ל חזק לעיצוב שיער 1 ליטר פנינה רוזנבלום,פנינה רוזנבלום,IL,ג'ל חזק לעיצוב שיער,ליטרים,1.00,ליטר,false,,15.90,15.9000,true,1,1102344
7290005500688,false,"פנינה רוזנבלום מסיכה לשיקום ורודה , 1 ק""ג",פנינה רוזנבלום,IL,"מסיכה לשיער 1 ק""ג פנ",100 לקג,1.00,100 לקג,false,,26.80,26.8000,true,1,1102349
7290005500978,false,מסיר לק ריחני פנינה רוזנבלום 220 מ''ל,פנינה רוזנבלום,,מסיר לק ריחני פנינה,מיליליטרים,220.00,"100 מ""ל",false,,9.90,0.0450,true,1,1102357
7290005509445,false,עוגיות מיני קוקיס חמאה בצנצנת כרמית 600 גרם,כרמית תעשיות ממתקים,IL,עוגיות מיני קוקיס בט,גרמים,600.00,100 גרם,false,,15.90,0.0265,true,1,1088927
7290005559709,false,בורקס פיצה מעדנות 700 גרם,"מעדנות בע""\מ",IL,בורקס פיצה 700גר מעדנות,גרמים,700.00,100 גרם,false,,24.90,0.0356,true,1,1086467
7290005559907,false,פיצה משפחתית 100% גבינה מעדנות 500 גרם,מיוצר עי קונדיטוריית,IL,פיצה משפחתית גבינה מעדנות,גרמים,500.00,100 גרם,false,,15.70,0.0314,true,1,1086470
7290005559914,false,פיצה משפחתית עם 100% גבינה בתוספת זיתים מעדנות 550 גרם,מיוצר עי קונדיטוריית,IL,פיצה משפחתית זיתים מעדנות,גרמים,550.00,100 גרם,false,,15.70,0.0285,true,1,1086471
7290005559990,false,בצק פילאס תורכי מעדנות 600 גרם,מיוצר עי קונדיטוריית,IL,בצק פילאס תורכי 600גר מעד,גרמים,600.00,100 גרם,false,,19.90,0.0332,true,1,1086477
7290005587825,false,לוריאל - דרמו מסיר איפור דו פאזי 125 עברית,"קרלסרו, גרמניה",DE,מסיר איפור עדין לורי,מיליליטרים,150.00,"100 מ""ל",false,,24.90,0.1660,true,1,1082886
7290005591761,false,דבש טהור מפרחי בר בלחיץ 400 ג' יד מרדכי,מכוורת יד מרדכי שטראוס ב,IL,דבש טהור לחיץ 400 גר,גרמים,400.00,100 גרם,false,,19.90,0.0497,true,1,1089671
7290005609039,false,פילה נסיכת הנילוס טר,,,פילה נסיכת הנילוס טר,קילוגרמים,1.00,"ק""ג",true,,69.90,69.9000,true,1,7982752
7290005609138,false,פילה אמנון ענק טרי,,,פילה אמנון טרי,קילוגרמים,1.00,"ק""ג",true,,69.90,69.9000,true,1,7982776
7290005609336,false,פילה סלמון שלם טרי,,,פילה סלמון שלם טרי,קילוגרמים,1.00,"ק""ג",true,,89.90,89.9000,true,1,7982753
7290005609510,false,בורי נקי טרי,,,בורי נקי טרי,קילוגרמים,1.00,"ק""ג",true,,34.90,34.9000,true,1,7982831
7290005651366,false,"מזון לכלבים בונזו מזון כלבים כבד 3 ק""ג","ביופט בע""מ",IL,בונזו כבד 3 קג' - אירוז ח,קילוגרמים,3.00,"ק""ג",false,,48.90,16.3000,true,1,1099177
7290005680052,false,טמפונים סופר פלוס אובה 32 יחידות,גונסון אנד גונסון,GR,טמפונים סופר פלוס או,יח',32.00,יח',false,,19.90,0.6219,true,1,1088935
7290005684135,false,לחם מחמצת שיפון עם אגוזים 650 ג',המאפיה של הרמן,IL,לחם מחמצת שיפון עם א,גרמים,650.00,100 גרם,false,,14.90,0.0229,true,1,8340396
7290005684418,false,לחם כוסמין אורגני 700 גר,מאפיה מרחבית קרית שמונה,IL,לחם כוסמין מלא 700 ג,גרמים,700.00,100 גרם,false,,14.90,0.0213,true,1,2765347
7290005684487,false,לחמניות כוסמין מקמח 6*70גר,המאפיה של הרמן,IL,לחמניות קמח כוסמין מ,יח',1.00,יח',false,,12.90,12.9000,true,1,6877686
7290005684579,false,לחם מחמצת כוסמין 700 גרם,המאפיה של הרמן,IL,לחם מחמצת כוסמין,גרמים,700.00,100 גרם,false,,14.90,0.0213,true,1,8247854
7290005684654,false,לחם מחמצת שיפון 700 גרם,המאפיה של הרמן,IL,לחם מחמצת שיפון,גרמים,700.00,100 גרם,false,,14.90,0.0213,true,1,8340397
7290005719189,false,לחם מחמצת שיפון אגוז,,,לחם מחמצת שיפון אגוז,יח',1.00,יח',false,,16.90,16.9000,true,1,7537542
7290005838002,false,מעדן גבינה ויוגורט בטעם וניל 88 ג' דניאלה,"שטראוס בריאות בע""מ",IL,דניאלה בטעם וניל 150,מיליליטרים,150.00,"100 מ""ל",false,,3.90,0.0260,true,1,1103820
7290005838613,false,"סקי וניל בודד 125 גרם ""שטראוס""","שטראוס בריאות בע""\מ",IL,גבינת סקי בטעם וניל,גרמים,125.00,100 גרם,false,,3.70,0.0296,true,1,1103822
7290005839078,false,שמיניית יוגורט לבן 3% ביו דנונה 150 גרם,מיוצר עי קונדיטוריית,IL,יוגורט דנונה ביו לבן,ליטרים,1.20,ליטר,false,,15.80,13.1667,true,1,1103824
7290005839108,false,גבינה לבנה סימפוניה עם תוספות 200 ג'+זיתים 5%,"שטראוס בריאות בע""\מ",IL,סימפוניה ג.שמנת זיתי,גרמים,200.00,100 גרם,false,,9.70,0.0485,true,1,1103825
7290005839313,false,"מילקי טופ מגולגלת שטראוס 170 מ""ל",מיוצר עי קונדיטוריית,IL,מילקי טופ מגולגלת שט,מיליליטרים,170.00,"100 מ""ל",false,,4.50,0.0265,true,1,1103826
7290005896439,false,"בירה מכבי, בקבוק חוזר 500 מ''ל","טמפו משקאות בע""מ",IL,"מכבי חוזר 500 מ""ל בקבוק 2",מיליליטרים,500.00,"100 מ""ל",false,,6.90,0.0138,true,1,2607222
7290005896453,false,"בירה מכבי 7.9%, בירה חזקה, בקבוק חוזר 500 מ''ל",טמפו משקאות בע''מ,IL,גולדסטאר חוזר 500 בקבוק 2,מיליליטרים,500.00,"100 מ""ל",false,,6.90,0.0138,true,1,3832879
7290005902055,false,רב מגב- מגב הפלא,דגש,CN,רב מגב- מגב הפלא,יח',1.00,יח',false,,59.90,59.9000,true,1,1110733
7290005938245,false,ממרח פסטו קלאסי פרסקו 220ג' מצונן,מיוצר עי פרסקו חצבה,IL,ממרח פסטו קלאסי פרסק,גרמים,220.00,100 גרם,false,,17.90,0.0814,true,1,1095954
7290005938610,false,טפנד זיתים ירוקים 220 ג,פרסקו חצבה,IL,טפנד זיתים ירוקים 22,גרמים,220.00,100 גרם,false,,18.90,0.0859,true,1,1095957
7290005938627,false,ממרח עגבניות מיובשות פרסקו 220 גרם,פרסקו חצבה 2006 בעמ,IL,ממרח עגבניות מיובשות,גרמים,220.00,100 גרם,false,,17.90,0.0814,true,1,1095958
7290005996078,false,סרוולט בסגנון הונגרי יחיעם 125 גרם,מעדני יחיעם,IL,סרוולט בסגנון הונגרי,גרמים,200.00,100 גרם,false,,25.90,0.1295,true,1,8230570
7290005996221,false,פסטרמה של פעם דקדק יחיעם 120 גרם,מעדני יחיעם,IL,פסטרמה של פעם דק דק,גרמים,120.00,100 גרם,false,,10.90,0.0908,true,1,8245592
7290005996238,false,פסטרמה בדבש דקדק יחיעם 120 גרם,מעדני יחיעם,IL,פסטרמה דבש דק דק 120,גרמים,120.00,100 גרם,false,,10.90,0.0908,true,1,8245593
7290005996276,false,פסטרמה ברביקיו דקדק יחיעם 120 גרם,מעדני יחיעם,IL,פסטרמה בקביקיו דק דק,גרמים,120.00,100 גרם,false,,10.90,0.0908,true,1,8245594
7290005996740,false,סלמי פפרוני יחיעם 300 ג',מעדני יחיעם 1993,IL,סלמי פפרוני 300 גר,גרמים,300.00,100 גרם,false,,22.90,0.0763,true,1,8319173
7290005996979,false,סלמי פרח יחיעם 200גר,מעדני יחיעם (1993) בעמ,IL,סלמי פרח 200 גר,גרמים,200.00,100 גרם,false,,25.90,0.1295,true,1,8386240
7290006040619,false,גבינה טבורוג 5% במשקל,גבינות הכפר בעמ,IL,גבינת טובורג 5% מעדנ,קילוגרמים,1.00,"ק""ג",true,,28.00,28.0000,true,1,1086108
7290006129345,false,אנטריקוט דק דק חלק 3,,,אנטריקוט דק דק,יח',1.00,יח',false,,33.90,33.9000,true,1,7393299
7290006129437,false,אנטריקוט לתנור קפוא,,,אנטריקוט לתנור קפוא,קילוגרמים,1.00,"ק""ג",true,,79.90,79.9000,true,1,7393319
7290006133519,false,סינטה דק דק חלק 300,,,סינטה דק דק חלק 300,גרמים,300.00,100 גרם,false,,33.90,0.1130,true,1,7727250
7290006153432,false,כתף מרכזי קפוא,,,כתף מרכזי קפוא,קילוגרמים,1.00,"ק""ג",true,,37.90,37.9000,true,1,8290148
7290006161758,false,פילה מדומה קפוא,,,פילה מדומה קפוא,קילוגרמים,1.00,"ק""ג",true,,37.90,37.9000,true,1,8226910
7290006185501,false,"פנינה רוזנבלום -אל סבון נוזלי ורוד,1 ליטר",פנינה רוזנבלום,IL,אל סבון נוזלי ורוד 1,ליטרים,1.00,ליטר,false,,8.90,8.9000,true,1,1102361
7290006185518,false,"פנינה רוזנבלום -אל סבון נוזלי כחול,1 ליטר",פנינה רוזנבלום,IL,אל סבון נוזלי כחול 1,ליטרים,1.00,ליטר,false,,8.90,8.9000,true,1,1102362
7290006229427,false,סן בנדטו - מים מינרלים - מארז שישיית 500 מל,קריות זול,IT,"סן בנדטו 500 מ""ל שישייה",ליטרים,3.00,ליטר,false,,11.90,3.9667,true,1,1088274
7290006241504,false,"משקה תפוזים קפוא פריגת 340 מ""ל",פריגת מצוננים,IL,פריגת מיץ תפוזים קפו,גרמים,340.00,100 גרם,false,,9.90,0.0291,true,1,1083680
7290006241511,false,"משקה לימונענע מרוכז קפוא פריגת 280 מ""ל",היינץ צפון אמריקה מק,IL,משקה לימונענע מרוכז,מיליליטרים,280.00,"100 מ""ל",false,,9.90,0.0354,true,1,1083681
7290006241535,false,תרכיז פריגת קפוא מנג,היינץ צפון אמריקה מק,IL,פריגת מיץ מנגו קפוא,גרמים,340.00,100 גרם,false,,9.90,0.0291,true,1,1083682
7290006251107,false,תה צ'אי מסאלה ויסוצקי 25 יחידות,מולינו ניקולי s.p.a,IL,תה צ'אי מסאלה ויסוצק,גרמים,50.00,100 גרם,false,,17.50,0.3500,true,1,1098543
7290006251268,false,תה ירוק בטעם תפוח וקינמון ויסוצקי 25 יחידות,תה ויסוצקי,IL,תה ירוק בטעם תפוח וק,גרמים,37.50,100 גרם,false,,22.90,0.6107,true,1,1098544
7290006251275,false,תה ירוק סיני קלאסי ויסוצקי 25 יחידות,תה ויסוצקי,IL,תה ירוק סיני קלאסי ו,גרמים,37.50,100 גרם,false,,22.90,0.6107,true,1,1098545
7290006251282,false,חליטת חמוציות הגן הקסום ויסוצקי 25 יחידות,תה ויסוצקי,IL,הגן הקסום תה חמוציות,יח',25.00,יח',false,,16.90,0.6760,true,1,7000176
7290006251343,false,חליטת פסיפלורה מנגו הגן הקסום ויסוצקי 25 יחידות,תה ויסוצקי,IL,הגן הקסום תה פסיפלור,יח',25.00,יח',false,,16.90,0.6760,true,1,7034839
7290006251374,false,תה ירוק לימונית וג'ינג'ר ויסוצקי 25 יחידות,תה ויסוצקי,IL,תה ירוק לימונית וג'י,יח',1.00,יח',false,,22.90,22.9000,true,1,1098548
7290006251589,false,תה ירוק עם עלי נענע 50 שקיקים ויסוצקי,בית ויסוצקי,IL,תה ירוק נענע ויסוצקי,גרמים,75.00,100 גרם,false,,39.90,0.5320,true,1,1098549
7290006256775,false,"יין גאטו נגרו מלבק 750 מ""ל",פינקה לה סליה,AR,גאטו נגרו מלבק 750 מ,מטרים,750.00,100 מ'ל,false,,38.90,0.0519,true,1,8337364
7290006265500,false,פטריות שמפיניון ארוז מרינה,"מרינה פטריות הגליל בע""מ",IL,שמפניון ארוז מרינה,יח',1.00,יח',false,,8.90,8.9000,true,1,1102821
7290006271648,false,מיני בורקס תפוחי אדמה מעדנות 800 גרם,"מעדנות בע""\מ",IL,"מיני בורקס תפו""א 800 גרם",גרמים,800.00,100 גרם,false,,19.90,0.0249,true,1,1086483
7290006271655,false,מיני בורקס גבינה מעדנות 800 גרם,מיוצר עי קונדיטוריית,IL,מיני בורקס גבינה 800 גרם,גרמים,800.00,100 גרם,false,,19.90,0.0249,true,1,1086484
7290006271761,false,מיני ג'חנון אפוי מעדנות 600 גרם,מיוצר עי קונדיטוריית,IL,מיני גחנון אפוי מעדנות,גרמים,600.00,100 גרם,false,,21.90,0.0365,true,1,1086487
7290006272072,false,חטיפי פיצה גבינה מעדנות 650 גרם,"מעדנות בע""\מ",IL,חטיפי פיצה מעדנות 65,גרמים,650.00,100 גרם,false,,27.90,0.0429,true,1,1086489
7290006272430,false,בצק עלים חמאה מעדנות 600 גרם,מיוצר עי קונדיטוריית,IL,בצק עלים חמאה 600גר,גרמים,600.00,100 גרם,false,,27.90,0.0465,true,1,1086490
7290006374738,false,קונפיטורית תות 340 גר' יד מרדכי,אף.סי תבליני בגליל ב,IL,קונפיטורת תות 340 גר,גרמים,340.00,100 גרם,false,,9.70,0.0285,true,1,1089677
7290006376053,false,סוכר חום רטוב פרימיום 1,ר.ס-.חברה ליבוא וייצור מ,IL,"סוכר חום 1 ק""ג פרימי",קילוגרמים,1.00,"לק""ג",false,,12.50,12.5000,true,1,8292965
7290006376343,false,ציפוי לשניצל בטעם ים תיכוני 350ג' שקית,,,ציפוי לשניצל בטעם ים,גרמים,350.00,100 גרם,false,,10.90,0.0311,true,1,1088447
7290006376428,false,פרימיום סחלב 500 גרם,,,פרימיום סחלב 500 גרם,גרמים,500.00,100 גרם,false,,13.90,0.0278,true,1,1088448
7290006376718,false,גלטין לעוגה פרימיום 24 יח,,,ג'לטין דגים קרטונית,גרמים,24.00,100 גרם,false,,8.90,0.3708,true,1,8286550
7290006409041,false,רמי מספרים,,,רמי מספרים,יח',1.00,יח',false,,29.90,29.9000,true,1,8303109
7290006409416,false,רמי מילים,,,רמי מילים,יח',1.00,יח',false,,29.90,29.9000,true,1,8303110
7290006429506,false,חצאי אפרסקים 820 גרם טעמן,טעמן,IL,טעמן חצאי אפרסק 470,גרמים,470.00,100 גרם,false,,9.70,0.0206,true,1,1090444
7290006439512,false,פול גדול 750גרם (בד'ץ),בני ג'ורג' שוקחה חיפ,,פול גדול 750גרם (בד',גרמים,750.00,100 גרם,false,,12.70,0.0169,true,1,8324915
7290006464385,false,סטייק טומהוק מיושן,מעדני הטלה והעגל,IL,סטייק טומהוק - כשר,קילוגרמים,1.00,"ק""ג",true,,150.00,150.0000,true,1,8400822
7290006494917,false,וופל במילוי קרם בטעם שוקולד ללא תוספת סוכר,"איטיליאן פוד, אס.פי.",IL,טוסו ופל קלאסי בטעם שוקול,גרמים,180.00,100 גרם,false,,7.90,0.0439,true,1,1117545
7290006494924,false,ופלים במילוי קרם בטעם לימון ללא תוספת סוכר,"גילרו בע""מ",IL,טוסו ופל קלאסי בטעם,גרמים,180.00,100 גרם,false,,7.90,0.0439,true,1,1117546
7290006511157,false,"פטריות שלמות ויליפוד 400 גרם בד""ץ",אוקצ'מפס אס.איי אויי,PL,פטריות שמפיניון שלמו,גרמים,230.00,100 גרם,false,,7.70,0.0335,true,1,1098205
7290006511706,false,גבינת גאודה עם כמון שקיל,רובין הולנד,NL,*מבצע* גבינת גאודה ע,קילוגרמים,1.00,"ק""ג",true,,80.00,80.0000,true,1,8379859
7290006582355,false,סילאן סירופ 900 גרם שקדיה,"דין שיווק וקליה בע""מ",TR,סילאן שקדיה 900 גרם,גרמים,900.00,100 גרם,false,,9.90,0.0110,true,1,1085942
7290006618078,false,"מרסס לניקוי יסודי מטבח אסטוניש 750 מ""ל",יעקובי אסטוניש,GB,אסטוניש מרסס לניקוי,מיליליטרים,750.00,"100 מ""ל",false,,11.90,0.0159,true,1,1097284
7290006618085,false,"אסטוניש תרסיס ניקוי אמבטיה וכיורים יעקבי 750 מ""ל",יעקובי אסטוניש,GB,אסטוניש תרסיס ניקוי,מיליליטרים,750.00,"100 מ""ל",false,,11.90,0.0159,true,1,1097285
7290006627629,false,בדי בדיקה הידורית השלושה טריימארט,,,בדי בדיקה,5 יח',1.00,5 יח',false,,7.90,7.9000,true,1,7640318
7290006644480,false,תפוזינה תפוזים 0.5 ליטר,יפאורה שותפות מובגלת לשיווק,IL,תפוזינה תפוזים 0.5 ל,מיליליטרים,500.00,"100 מ""ל",false,,4.80,0.0096,true,1,2626695
7290006644510,false,"מיץ ענבים 500 מ""ל תפוזינה",יפאורה שותפות מובגלת לשיווק,IL,תפוזינה ענבים 0.5 לי,מיליליטרים,500.00,"100 מ""ל",false,,4.80,0.0096,true,1,1092594
7290006651570,false,"קמיל בלו צמחי מרפא שמפו ואל סבון ד""ר פישר 750 מ""ל",פישר מעבדות פרמצבטיות בע,IL,קמיל בלו צמחי מרפא שמפו ו,מיליליטרים,750.00,"100 מ""ל",false,,17.90,0.0239,true,1,1115030
7290006652027,false,במבה חטיף בוטנים אסם 20*15 גרם,מיוצר עי קונדיטוריית,IL,במבה חטיף בוטנים אסם,גרמים,300.00,100 גרם,false,,23.90,0.0797,true,1,1091602
7290006653819,false,פתיתי קוסקוס דק 350 גרם,"מיוצר ע""י קוד יצרן K",IL,קוסקוס דק אסם 350 גר,גרמים,350.00,100 גרם,false,,7.50,0.0214,true,1,1091608
7290006660596,false,קמח עדשים אדומות ללא גלוטן 500 גרם,אף.סי תבליני בגליל ב,IL,קמח עדשים אדומות,גרמים,500.00,100 גרם,false,,16.90,0.0338,true,1,6905831
7290006660602,false,מי קוקוס אורגני גרין קוקו קרטונית 1 ליטר,בן טרה ג'וינט סטוק,VN,מי קוקוס אורגני 1 לי,מטרים,1000.00,100 מ'ל,false,,18.50,0.0185,true,1,7739150
7290006664037,false,גמדים דגנים ארוחת בוקר מארז 100X4ג',"שטראוס בריאות בע""\מ",IL,גמדים תות בננה+תפוח,מיליליטרים,400.00,"100 מ""ל",false,,10.90,0.0273,true,1,1103842
7290006664051,false,"אקטימל לבן 1.51 ק""ג מארז 14 יחידות",מיוצר עי קונדיטוריית,IL,יוגורט אקטימל 14*100,ליטרים,1.40,ליטר,false,,28.90,20.6429,true,1,1103843
7290006664310,false,גבינה לבנה 3% שומן 250 ג' שטראוס,מיוצר עי קונדיטוריית,IL,גבינה לבנה סקי 3% שו,גרמים,250.00,100 גרם,false,,4.70,0.0188,true,1,1103846
7290006664402,false,גבינה לבנה סקי 5% שומן 750 גרם,מיוצר עי קונדיטוריית,IL,גבינה לבנה סקי 5% שו,גרמים,750.00,100 גרם,false,,12.90,0.0172,true,1,1103848
7290006664532,false,יוגורט עם תות 3% שומן 150 ג' דנונה,מיוצר עי קונדיטוריית,IL,יוגורט דנונה תות 3%,מיליליטרים,150.00,"100 מ""ל",false,,3.50,0.0233,true,1,1103850
7290006664655,false,"אקטימל לבן טבעי מארז 100X8 מ""ל",מיוצר עי קונדיטוריית,IL,יוגורט אקטימל 8*100,מיליליטרים,800.00,"100 מ""ל",false,,19.30,0.0241,true,1,1103853
7290006664693,false,יוגורט עם אפרסק 3% שומן 150 ג' דנונה,מיוצר עי קונדיטוריית,IL,יוגורט דנונה אפרסק 3,מיליליטרים,150.00,"100 מ""ל",false,,3.50,0.0233,true,1,1103854
7290006664990,false,"יוגורט דנונה ביו לבן 1.7% שומן 8*150 מ""ל",מיוצר עי קונדיטוריית,IL,יוגורט דנונה ביו לבן,ליטרים,1.20,ליטר,false,,15.80,13.1667,true,1,1103858
7290006681003,false,גלידה תות לימון סורבה 1.33 ל' קרמיסימו,"גלידת שטראוס בע""\מ, רחוב",IL,קרמיסימו תות לימון ס,ליטרים,1.33,ליטר,false,,17.90,13.4586,true,1,1102195
7290006681553,false,קרמבו בטעם וניל שטראוס 8 יחידות,"גלידת שטראוס בע""\מ",IL,קרמבו בטעם וניל שטרא,יח',1.00,יח',false,,12.90,12.9000,true,1,1102201
7290006681560,false,קרמבו בטעם מוקה שטראוס 8 יחידות,"גלידת שטראוס בע""מ",IL,קרמבו בטעם מוקה שטרא,יח',1.00,יח',false,,12.90,12.9000,true,1,1102202
7290006681577,false,מאגדת קרחון אסקימו לימון דובדובן 10 יח' שטראוס,"מיוצר ע""\י גלידת שטראוס",IL,אסקימו קרחונים בטעם,יח',1.00,יח',false,,14.80,14.8000,true,1,1102203
7290006712981,false,"משחת שיניים קולגייט ספיידרמן מגיל שש 50 מ""ל",הנסיך- מפעל לייצור ט,PL,משחת שיניים לילדים ב,גרמים,50.00,100 גרם,false,,11.90,0.2380,true,1,1088940
7290006714381,false,טחון עוף 500 גר,מעדני הטלה והעגל,,טחון עוף 500גר,גרמים,500.00,100 גרם,false,,12.90,0.0258,true,1,5062672
7290006714398,false,טחון הודו 500 גר,לאטי עזרא,,טחון הודו 500גר,גרמים,500.00,100 גרם,false,,12.90,0.0258,true,1,5062673
7290006737878,false,מארז קרטונייה סביבון/נר חנוכה,,,מארז לחנוכה,יח',1.00,יח',false,,6.90,6.9000,true,1,3642114
7290006738615,false,קבב פרימיום זהב 100% בשר זוגלובק 400 ג',נקניק נהריה כשר זוגל,IL,קבב זהב זוגלובק 400,גרמים,400.00,100 גרם,false,,19.90,0.0497,true,1,1098760
7290006739124,false,בצק עלים פילאס 500ג' זוגלובק,זוגלובק,IL,בצק פילאס 500גר זוגל,גרמים,500.00,100 גרם,false,,11.90,0.0238,true,1,2633338
7290006739131,false,בצק גולמי פילו זוגלובק 500ג',מאפיית אריאל,IL,בצק פילו 500גר זוגלו,גרמים,500.00,100 גרם,false,,11.90,0.0238,true,1,2633339
7290006739292,false,נקניק פסטרמה פרגיות ציפוי תירס,נקניק נהריה כשר זוגל,IL,פסטרמה תבור 2% זוגלו,גרמים,330.00,100 גרם,false,,25.90,0.0785,true,1,1098762
7290006739346,false,נקניקיות פרגיות טרי 400 גרם זוגלובק,נקניק נהריה כשר זוגל,IL,נקניקיות פרגיות זוגל,גרמים,400.00,100 גרם,false,,13.90,0.0348,true,1,1098763
7290006739407,false,שניצל תירס לייט זוגלובק 600 גרם,נקניק נהריה כשר זוגל,IL,שניצל תירס לייט זוגל,גרמים,600.00,100 גרם,false,,21.90,0.0365,true,1,1098765
7290006739414,false,נקניק סלמי קוניאק זוגלובק 300 גרם,נקניק נהריה כשר זוגל,IL,נקניק סלמי קוניאק זו,גרמים,300.00,100 גרם,false,,24.90,0.0830,true,1,1098766
7290006739421,false,נקניק סלמי מעושן איטלקי זוגלובק 300 גרם,נקניק נהריה כשר זוגל,IL,נקניק סלמי מעושן איט,גרמים,300.00,100 גרם,false,,24.90,0.0830,true,1,1098767
7290006739445,false,שניצל תירס קלאסי 750 ג' זוגלובק,נקניק נהריה כשר זוגל,IL,שניצל תירס קלאסי 750,גרמים,750.00,100 גרם,false,,21.90,0.0292,true,1,1098768
7290006739544,false,נקניק כתף בקר 3% 300 גרם,זוגלובק,IL,נקניק כתף בקר 3% 300,גרמים,300.00,100 גרם,false,,25.90,0.0863,true,1,1098769
7290006741363,false,בורקס תפוחי אדמה זוגלובק 800 גרם,מאפיית אריאל וגידרון,IL,בורקס תפוחי אדמה זוג,גרמים,800.00,100 גרם,false,,13.90,0.0174,true,1,1098788
7290006742179,false,קבב מזרחי זוגלובק 400 גרם,נקניק נהריה כשר זוגל,IL,קבב מזרחי זוגלובק 40,גרמים,400.00,100 גרם,false,,19.90,0.0497,true,1,1098798
7290006742278,false,פסטרמה הודו צלויה על לבנים 330 ג' זוגלובק,נקניק נהריה כשר זוגל,IL,פסטרמה צלויה על לבני,גרמים,330.00,100 גרם,false,,25.90,0.0785,true,1,1098799
7290006742292,false,פסטרמה הודו בדבש 330 ג' זוגלובק,נקניק נהריה כשר זוגל,IL,פסטרמה בדבש 2% זוגלו,גרמים,330.00,100 גרם,false,,25.90,0.0785,true,1,1098800
7290006742315,false,פסטרמה חזה הודו ברביקיו 2% זוגלובק 330 גרם,נקניק נהריה כשר זוגל,IL,פסטרמה חזה הודו ברבי,גרמים,330.00,100 גרם,false,,25.90,0.0785,true,1,1098802
7290006753915,false,מיני מרגז חריפות 500 גרם,מעדני הטלה והעגל,IL,מיני מרגז חריפות 500,גרמים,500.00,100 גרם,false,,28.90,0.0578,true,1,8374156
7290006753922,false,מיני צ'וריסוס 500 גרם,מעדני הטלה והעגל,IL,מיני צוריסוס 500 גרם,גרמים,500.00,100 גרם,false,,28.90,0.0578,true,1,8374181
7290006753977,false,מעדני הטלה הקבב של ע,מעדני הטלה והעגל,IL,הקבב של עזרא 600 גרם,גרמים,600.00,100 גרם,false,,37.90,0.0632,true,1,8374160
7290006764058,false,"נשר בירה לבנה נשר בקבוק חוזר 500 מ""ל","טמפו משקאות בע""\מt\",IL,נשר לבן חוזר 500 בקבוק 20,מיליליטרים,500.00,"100 מ""ל",false,,5.00,0.0100,true,1,2612457
7290006764072,false,"בירה גולדסטאר בקבוק 500 מ""ל חוזר","טמפו משקאות בע""\מ",IL,גולדסטאר חוזר 500 בקבוק 2,מיליליטרים,500.00,"100 מ""ל",false,,6.90,0.0138,true,1,1088277
7290006764096,false,"בירה איגל 500 מ""ל 3.8% בקבוק חוזר","טמפו משקאות בע""\מ",IL,גולדסטאר חוזר 500 בקבוק 2,מיליליטרים,500.00,"100 מ""ל",false,,5.80,0.0116,true,1,4056968
7290006764485,false,"בירה שחורה נשר מאלט שישייה ח""פ 330*6 מ''ל","טמפו משקאות בע""\ם.",IL,"נשר מאלט ח""פ 330 בקבוק מש",ליטרים,1.98,ליטר,false,,26.90,13.5859,true,1,1088280
7290006784346,false,"תרסיס לניקוי שטיחים סנט מוריץ 630 מ""ל",קומפלקס כימיקלים בעמ,IL,תרסיס לניקוי שטיחים,מיליליטרים,630.00,"100 מ""ל",false,,15.90,0.0252,true,1,1102132
7290006784377,false,מרכך כביסה פיור נייטשר כחול 1 ליטר,"קומפלקס כימיקלים בע""",TR,מרכך כביסה ורוד 1לי,ליטרים,1.00,ליטר,false,,9.90,9.9000,true,1,8403959
7290006784414,false,"PURE מבשם כביסה בניחוח מלון ספא 500 מ""ל",קומפלקס כימיקלים,TR,מבשם כביסה מלון ספא,מטרים,500.00,100 מ'ל,false,,9.90,0.0198,true,1,8356542
7290006784452,false,"PURE - מבשם כביסה מרסס בניחוח מלון רויאל 500 מ""ל",קומפלקס כימיקלים,TR,מבשם כביסה מלון רויא,מטרים,500.00,100 מ'ל,false,,9.90,0.0198,true,1,8356543
7290006784551,false,תרסיס 365-C קוטל מעופפים,קומפלקס כימיקלים,IL,תרסיס קוטל יתושים 63,מיליליטרים,630.00,"100 מ""ל",false,,16.90,0.0268,true,1,1102136
7290006784582,false,"סנטמוריץ מטהר אוויר למכשיר אוטומטי 250 סמ""ק",סורה קוסמטיקס,TR,סנטמוריץ מטהר אוויר,מטרים,250.00,100 מ'ל,false,,9.90,0.0396,true,1,8420358
7290006784650,false,מסיר אבנית מתז 750 מל רמי לוי,,,מסיר אבנית מתז 750 מ,מיליליטרים,750.00,"100 מ""ל",false,,8.30,0.0111,true,1,3434567
7290006784674,false,נוזל כלים רמי לוי ור,,,נוזל כלים רמי לוי ור,מיליליטרים,750.00,"100 מ""ל",false,,5.90,0.0079,true,1,3620478
7290006784681,false,נוזל כלים רמי לוי או,,,נוזל כלים רמי לוי או,מיליליטרים,750.00,"100 מ""ל",false,,5.90,0.0079,true,1,3620479
7290006784704,false,נוזל כלים רמי לוי פר,,,נוזל כלים רמי לוי פר,מיליליטרים,750.00,"100 מ""ל",false,,5.90,0.0079,true,1,3620481
7290006784711,false,נוזל כלים צהוב לימון 750 מל רמילוי,,,נוזל כלים צהוב לימון,מיליליטרים,750.00,"100 מ""ל",false,,5.90,0.0079,true,1,4330940
7290006784728,false,נוזל כלים ירוק למון ליים 750 מל רמי לוי,,,נוזל כלים ירוק למון,מיליליטרים,750.00,"100 מ""ל",false,,5.90,0.0079,true,1,4330941
7290006784735,false,נוזל כלים פרחי אביב 750 מל רמילוי,,,נוזל כלים פרחי אביב,מיליליטרים,750.00,"100 מ""ל",false,,5.90,0.0079,true,1,4330942
7290006784742,false,נוזל כלים 750 מל לבנדר רמי לוי,,,נוזל כלים 750 מל לבנ,מיליליטרים,750.00,"100 מ""ל",false,,5.90,0.0079,true,1,4330943
7290006784766,false,נוזל חלונות 1ליטר רמי לוי,,,נוזל חלונות 1ליטר רמ,ליטרים,1.00,ליטר,false,,4.90,4.9000,true,1,3764958
7290006784810,false,נוזל כלים לימון 1.6 רמילוי,,,נוזל כלים לימון 1.6,ליטרים,1.60,ליטר,false,,9.90,6.1875,true,1,5664902
7290006784858,false,"ג""ל לניקוי אסלה 750 מל",,,"ג""ל לניקוי אסלה 750",מיליליטרים,750.00,"100 מ""ל",false,,6.20,0.0083,true,1,7016627
7290006784940,false,סבון אסלה לוונדר שלישייה 180גר רמילוי,,,סבון אסלה לוונדר שלי,גרמים,180.00,100 גרם,false,,9.90,0.0550,true,1,8236307
7290006784957,false,סבון אסלה לימון שלישייה 180גר רמילוי,,,סבון אסלה לימון שליש,גרמים,180.00,100 גרם,false,,9.90,0.0550,true,1,8236288
7290006784971,false,אקונומיקה סופר מבושמת 4לי רמילוי,,,אקונומיקה סופר מבושמ,יח',1.00,יח',false,,7.90,7.9000,true,1,8293948
7290006784988,false,תרסיס אקונומיקה בריח לימון 1לי,,,תרסיס אקונומיקה בריח,מטרים,1000.00,100 מ'ל,false,,9.90,0.0099,true,1,7850597
7290006784995,false,תרסיס אקונומיקה בריח לבנדר 1לי,,,תרסיס אקונומיקה בריח,יח',1.00,יח',false,,9.90,9.9000,true,1,7850598
7290006788399,false,"דאו רול און נושם סנסיטיב ירוק קרליין 75 מ""ל",אמיליה קוסמטיקס בעמ,IL,דאודורנט קרליין רול,גרמים,75.00,100 גרם,false,,10.90,0.1453,true,1,1116012
7290006788412,false,"קרליין - נושם אקווה דאודורנט רול און לאישה כחול 75 מ""ל",אמיליה קוסמטיקס בעמ,IL,דאודורנט קרליין רול,גרמים,50.00,100 גרם,false,,10.90,0.2180,true,1,1116014
7290006788429,false,"קרליין - נושם סאן רייס דאודורנט רול און לאישה כתום 75 מ""ל","אמיליה קוסמטיקס בע""מ",IL,דאודורנט קרליין רול,גרמים,75.00,100 גרם,false,,10.90,0.1453,true,1,1116015
7290006788436,false,"קרליין - נושם פיור דאודורנט רול און לאישה ורוד 75 מ""ל",משווק: קוסמופארם בעמ,IL,דאודורנט קרליין רול,גרמים,75.00,100 גרם,false,,10.90,0.1453,true,1,1116016
7290006788443,false,"קרליין - נושם אוקסיג'ן דאודורנט רול און לאישה סגול 75 מ""ל","אמיליה קוסמטיקס בע""מ",IL,דאודורנט קרליין רול,גרמים,75.00,100 גרם,false,,10.90,0.1453,true,1,1116017
7290006788474,false,"קרליין - נושם אקווה דאודורנט ספריי לאישה כחול 200 מ""ל",אמיליה קוסמטיקס,IL,דאודורנט קרליין ספרי,גרמים,75.00,100 גרם,false,,10.90,0.1453,true,1,1116020
7290006788481,false,"קרליין - נושם סאן רייס דאודורנט ספריי לאישה כתום 200 מ""ל",מיוצר עי : אמיליה קוסמטי,IL,דאודורנט קרליין ספרי,מיליליטרים,200.00,"100 מ""ל",false,,10.90,0.0545,true,1,1116021
7290006788498,false,"קרליין - נושם פיור דאודורנט ספריי לאישה ורוד 200 מ""ל",מיוצר עי : אמיליה קוסמטי,IL,דאודורנט קרליין ספרי,מיליליטרים,200.00,"100 מ""ל",false,,10.90,0.0545,true,1,1116022
7290006788504,false,"קרליין - נושם אוקסיג'ן דאודורנט ספריי לאישה סגול 200 מ""ל",מיוצר עי : אמיליה קוסמטי,IL,דאודורנט קרליין ספרי,מיליליטרים,200.00,"100 מ""ל",false,,10.90,0.0545,true,1,1116023
7290006788559,false,"טיטניום ICE דאודורנט תרסיס ספריי 180 מ""ל",אמיליה קוסמטיקס בעמ,IL,דאו ספריי טיטניום 18,מיליליטרים,180.00,"100 מ""ל",false,,14.90,0.0828,true,1,1116024
7290006789631,false,קרליין קרם לחות לשיער רגיל 400 גרם,מיוצר עי : אמיליה קוסמטי,IL,קרם לחות 10 לשיער רג,מיליליטרים,400.00,"100 מ""ל",false,,16.90,0.0422,true,1,1116042
7290006789648,false,"קרם לחות לשיער יבש 10 קרליין 400 מ""ל","אמיליה קוסמטיקס בע""מ",IL,קרם לחות לשיער יבש 1,מיליליטרים,400.00,"100 מ""ל",false,,16.90,0.0422,true,1,1116043
7290006789655,false,"קרם לחות לסירוק קל לשיער מתולתל ומקורזל 10 קרליין 400 מ""ל",מיוצר עי : אמיליה קוסמטי,IL,קרם לחות לסירוק קל ל,מיליליטרים,400.00,"100 מ""ל",false,,16.90,0.0422,true,1,1116044
7290006804051,false,בורקס גבינה פילסברי,פילסברי,,בורקס גבינה פילסברי,קילוגרמים,1.00,"ק""ג",true,,42.00,42.0000,true,1,1083984
7290006804143,false,מאפה מתוק/מלוח פילסב,פילסברי,,מאפה מתוק/מלוח פילסב,קילוגרמים,1.00,"ק""ג",true,,42.00,42.0000,true,1,1083991
7290006805355,false,"פילסברי, כדורים בטעם שוקולד, תערובת להכנת כדורים בטעם שוקולד. 500 גרם.",הדקלאים אגודת שיתופי,IL,תערובת להכנת כדורי ש,גרמים,500.00,100 גרם,false,,15.90,0.0318,true,1,1099742
7290006805362,false,חצי באגט מאפית,פילסברי,,חצי באגט מאפית,יח',1.00,יח',false,,3.20,3.2000,true,1,1084020
7290006805850,false,פילסברי פנקייק תערובת להכנת חביתיות,הדקלאים אגודת שיתופי,IL,תערובת להכנת פנקייק,גרמים,500.00,100 גרם,false,,15.90,0.0318,true,1,1099743
7290006805881,false,בייגל ירושלמי וינואז,פילסברי,,חלת בגט,יח',1.00,יח',false,,7.90,7.9000,true,1,4471102
7290006806963,false,חלה מתוקה קלועה אפויה-קפואה,פילסברי,,חלה מתוקה,יח',1.00,יח',false,,12.40,12.4000,true,1,4353018
7290006822192,false,נקטר דיאט חמוציות אושן ספריי פריגת 1 ליטר,מבשלות בירה בינלאומיות ב,IL,נקטר דיאט חמוציות או,ליטרים,1.00,ליטר,false,,11.00,11.0000,true,1,1084364
7290006855183,false,ברבריא חטיף תמרים שומשום אגוז מלך 30*4,טבעית מוצרים מן הטבע בעמ,IL,חטיף בר תמרים אגוזי,גרמים,120.00,100 גרם,false,,14.90,0.1242,true,1,2664066
7290006855190,false,חטיף תמרים ואגוזי מלך עם בננה ללא תוספת סוכר,טבעית מוצרים מן הטבע בעמ,IL,ברבריא תמר אגוז מלך,גרמים,120.00,100 גרם,false,,14.90,0.1242,true,1,8343605
7290006855206,false,חטיף בר שזיפים קוקוס ואוכמניות מארז 120 גרם,טבעית מוצרים מן הטבע,IL,חטיף בר שזיפים קוקוס,גרמים,120.00,100 גרם,false,,14.90,0.1242,true,1,2664067
7290006866363,false,מיץ סחוט אשכוליות אדומות פרימור 1 ליטר,"גניר (1992) בע""מ",IL,מיץ סחוט אשכולית אדו,ליטרים,1.00,ליטר,false,,15.80,15.8000,true,1,1103859
7290006936059,false,משח.כלים בריח לימון 3.5ק,קליר כימיקלים,,משחת כלים ברבור 3.5,ליטרים,3.50,ליטר,false,,24.90,7.1143,true,1,1101929
7290006983152,false,קרוטונים מתובלים למרק אסם 400 גרם,עינת תעשיות מזון אגו,IL,קרוטונים מתובלים למר,גרמים,400.00,100 גרם,false,,17.90,0.0447,true,1,1091622
7290006983176,false,אוסם - לחמית שיפון 250 גרם,"אסם השקעות בע""\מ",IL,לחמית שיפון אסם 250,גרמים,250.00,100 גרם,false,,7.90,0.0316,true,1,1091623
7290006983206,false,פלאפל בקלי קלות- תערובת להכנת פלאפל,"אסם השקעות בע""\מ",IL,תערובת להכנת פלאפל א,גרמים,180.00,100 גרם,false,,9.50,0.0528,true,1,1091624
7290006983527,false,עוגת הבית תפוחי עץ עם פירורים 400 ג' אסם,מיוצר עי קונדיטוריית,IL,עוגת הבית תפוחי עץ ו,גרמים,400.00,100 גרם,false,,14.90,0.0373,true,1,1091627
7290006983763,false,עוגת הבית שוקולד 400 גרם אסם.,מיוצר עי קונדיטוריית,IL,עוגת הבית שוקולד אסם,גרמים,400.00,100 גרם,false,,10.90,0.0273,true,1,1091628
7290006983770,false,עוגת הבית שיש אסם 400 גרם,מיוצר עי קונדיטוריית,IL,עוגת הבית שיש אסם 40,גרמים,400.00,100 גרם,false,,10.90,0.0273,true,1,1091629
7290006983787,false,עוגת הבית שוקולד צ'יפס אסם 400 גרם,מיוצר עי קונדיטוריית,IL,עוגת הבית שוקולד צ'י,גרמים,400.00,100 גרם,false,,10.90,0.0273,true,1,1091630
7290006983794,false,עוגת הבית בטעם תפוז אסם 400 גרם,מיוצר עי קונדיטוריית,IL,עוגת הבית בטעם תפוז,גרמים,400.00,100 גרם,false,,10.90,0.0273,true,1,1091631
7290006992185,false,"מטרנה - דייסת אורז פרוביוטי כשל""פ 200 גרם",מולינו ניקולי s.p.a,IL,מטרנה דייסת אורז 200,גרמים,200.00,100 גרם,false,,12.90,0.0645,true,1,1091637
7290006992192,false,דייסה מטרנה סולת פרוביוטיקה,מטרנה תעשיות ש.מ,IL,מטרנה דייסת סולת 200,גרמים,200.00,100 גרם,false,,12.90,0.0645,true,1,1091638
7290006992390,false,"מטרנה - דייסת וניל פרוביוטי כשל""פ 200 גרם",מולינו ניקולי s.p.a,IL,מטרנה דייסת וניל 200,גרמים,200.00,100 גרם,false,,12.90,0.0645,true,1,1091641
7290008000796,false,"סופרמן משחת שיניים לילדים בטעם פירות כצט 50 מ""ל",כצט נוביס,IL,משחת שיניים סופרמן,מטרים,50.00,100 מ'ל,false,,10.90,0.2180,true,1,1106316
7290008101264,false,זרעי צ'יה תבליני מימון 150 גרם,,IL,תבלין מימון זרעי צ'י,גרמים,150.00,100 גרם,false,,14.50,0.0967,true,1,6269398
7290008101356,false,קריספ פאנקו זהב 300 גרם מיימונס,א.ל ייצור ושיווק תבל,IL,קריספ פירורי פנקו זה,גרמים,300.00,100 גרם,false,,9.50,0.0317,true,1,8407654
7290008101691,false,צ'ילי גרוס 80ג רמילוי,,,צ'ילי גרוס 80ג רמילו,גרמים,80.00,100 גרם,false,,8.60,0.1075,true,1,7088231
7290008101721,false,תבלין על האש 100ג רמילוי,,,תבלין על האש 100ג רמ,גרמים,100.00,100 גרם,false,,8.60,0.0860,true,1,7088234
7290008101738,false,תערובת חווג' למרק 100ג רמילוי,,,תערובת חווג' למרק 10,גרמים,100.00,100 גרם,false,,8.60,0.0860,true,1,7088235
7290008101776,false,קארי 100ג רמילוי,,,קארי 100ג רמילוי,גרמים,100.00,100 גרם,false,,8.60,0.0860,true,1,7088238
7290008101783,false,זעתר ושומשום שקית 80ג רמילוי,,,זעתר ושומשום שקית 80,גרמים,80.00,100 גרם,false,,4.90,0.0613,true,1,7088191
7290008101790,false,אורגנו שקית רמילוי,,,אורגנו שקית רמילוי,יח',1.00,יח',false,,4.90,4.9000,true,1,7384012
7290008101806,false,שום גבישי בשקית רמילוי,,,שום גבישי בשקית רמיל,יח',1.00,יח',false,,4.90,4.9000,true,1,7088192
7290008101813,false,פפריקה חריפה שקית 80גר רמילוי,,,פפריקה חריפה שקית 80,גרמים,80.00,100 גרם,false,,4.90,0.0613,true,1,7088193
7290008102087,false,סירופ מייפל 700מל רמי לוי,,,סירופ מייפל 700מל רמ,מטרים,700.00,100 מ'ל,false,,10.40,0.0149,true,1,8307271
7290008102094,false,סירופ שוקולד 700מל רמי לוי,,,סירופ שוקולד 700מל ר,מטרים,700.00,100 מ'ל,false,,10.40,0.0149,true,1,8307272
7290008102896,false,אבקת אפייה עשירייה רמילוי,,,אבקת אפייה עשירייה ר,יח',1.00,יח',false,,1.80,1.8000,true,1,8214377
7290008102902,false,סוכר וניל עשירייה רמילוי,,,סוכר וניל עשירייה רמ,יח',1.00,יח',false,,1.90,1.9000,true,1,8214356
7290008102919,false,אבקת סוכר 100 גר רמילוי,,,אבקת סוכר 100 גר רמי,יח',1.00,יח',false,,1.80,1.8000,true,1,8214357
7290008102933,false,שומשום 200גר רמילוי,,,שומשום 200גר רמילוי,גרמים,200.00,100 גרם,false,,5.50,0.0275,true,1,8214378
7290008102957,false,שומשום 500גר רמילוי,,,שומשום 500גר רמילוי,גרמים,500.00,100 גרם,false,,12.90,0.0258,true,1,8214380
7290008104050,false,"שטיפת אינטימית לקטופיל פמינה 220 מ""ל",כצט נוביס סעמ,IL,שטיפת אינטימית לקטופ,מיליליטרים,220.00,"100 מ""ל",false,,21.90,0.0995,true,1,1106329
7290008154222,false,שניצלונים עוף טוב 700 גרם,"מוצרי עוף טוב (2001) בע""",IL,שניצלונים בציפוי מעו,גרמים,700.00,100 גרם,false,,12.70,0.0181,true,1,1091646
7290008175210,false,גבינת פרמזן מגורדת 90ג' ויליפוד,זנטי אס.איי.,IT,פרמזנו מגורדת וילי פ,גרמים,90.00,100 גרם,false,,14.90,0.1656,true,1,1098212
7290008175814,false,וילי פוד פטריות שמפיניון חתוך בדץ 400ג,"אוקצ'מפ אס, איי אויי",PL,פטריות חתוכות וילי פ,גרמים,230.00,100 גרם,false,,4.80,0.0209,true,1,1115308
7290008190633,false,סוכריות על מקל בטעם,כרמית,TR,לקקן תות 110 יחידות,גרמים,990.00,100 גרם,false,,26.90,0.0272,true,1,1088955
7290008190909,false,עוגיות מיני קוקיס שוקולד צ'יפס בצנצנת כרמית 600 גרם,כרמית תעשיות ממתקים,IL,עוגיות מיני קוקיס שו,גרמים,600.00,100 גרם,false,,15.90,0.0265,true,1,1088961
7290008202213,false,פילה אמנון קפוא עם ע,,,פילה אמנון קפוא עם ע,קילוגרמים,1.00,"ק""ג",true,,22.90,22.9000,true,1,8235967
7290008202602,false,רצועות להקפצה פרימיו,,,רצועות להקפצה פרימיו,קילוגרמים,1.00,"ק""ג",true,,79.90,79.9000,true,1,8272846
7290008202695,false,עצמות בקר,,,עצמות בקר,קילוגרמים,1.00,"ק""ג",true,,19.90,19.9000,true,1,8217061
7290008202732,false,דנוור סטייק אנטריקוט,,,דנוור סטייק אנטריקוט,קילוגרמים,1.00,"ק""ג",true,,99.90,99.9000,true,1,8272854
7290008202848,false,גולש פרמיום,,,גולש פרמיום,קילוגרמים,1.00,"ק""ג",true,,79.90,79.9000,true,1,8243649
7290008202862,false,שניצל עגל פרמיום,,,שניצל עגל פרמיום,קילוגרמים,1.00,"ק""ג",true,,79.90,79.9000,true,1,8243651
7290008202923,false,פילה סלמון קפוא עם ע,,,פילה סלמון קפוא עם ע,קילוגרמים,1.00,"ק""ג",true,,64.90,64.9000,true,1,8295892
7290008202930,false,מנות פילה סלמון טרי,,,מנות פילה סלמון טרי,קילוגרמים,1.00,"ק""ג",true,,99.90,99.9000,true,1,8262963
7290008259521,false,בוטני חטיף בוטנים 80ג רמילוי,,,בוטני חטיף בוטנים 80,יח',1.00,יח',false,,2.90,2.9000,true,1,8127114
7290008259538,false,בוטני חטיף בוטנים 25*10 רמי לוי,,,בוטני חטיף בוטנים 25,גרמים,250.00,100 גרם,false,,8.90,0.0356,true,1,8127115
7290008322294,false,נתח סינטה מיוחד לתנו,,,נתח סינטה מיוחד לתנו,קילוגרמים,1.00,"ק""ג",true,,79.90,79.9000,true,1,8482942
7290008322560,false,נתח סינטה מיוחד לתנור כשר קפוא,,,נתח סינטה מיוחד לתנו,קילוגרמים,1.00,"ק""ג",true,,79.90,79.9000,true,1,8494267
7290008322560,false,נתח סינטה מיוחד לתנור כשר קפוא,,,נתח סינטה מיוחד לתנו,קילוגרמים,1.00,"ק""ג",true,,79.90,79.9000,true,1,8452464
7290008322720,false,שריר הזרוע מס,,,*מבצע* שריר הזרוע מס,קילוגרמים,1.00,"ק""ג",true,,24.90,24.9000,true,1,8273290
7290008347211,false,אצבעות דג מצופות דלידג 700 גרם,אף.סי תבליני בגליל ב,IL,אצבעות דג מצופות דלי,גרמים,700.00,100 גרם,false,,19.90,0.0284,true,1,1096014
7290008350150,false,בצק פילו מצונן מרודד שף שגב,,IL,בצק פילו מצונן מרודד,יחידה,0.00,יחידה,false,,14.90,0.0000,true,1,8448684
7290008409049,false,שניצלונים בציפוי שומשום מיני מיני דק מאמא עוף 500 גרם,תנובה גליל שותפות מוגבלת,IL,מיני שניצלונים בציפו,גרמים,500.00,100 גרם,false,,24.90,0.0498,true,1,1086513
7290008409100,false,אצבעות שניצל בציפוי שומשום מאמא עוף 700 גרם,תנובה גליל שותפות מוגבלת,IL,אצבעות שניצל בציפוי,גרמים,700.00,100 גרם,false,,29.90,0.0427,true,1,1086514
7290008409124,false,מאמא עוף קפוא שניצל ג'ונגל פריך 700 גרם,תנובה גליל שותפות מוגבלת,IL,שניצל גונג'ל מאמא עו,גרמים,700.00,100 גרם,false,,29.90,0.0427,true,1,1086516
7290008409216,false,מאמא עוף קפוא שניצל דק פריך 700 גרם,תנובה גליל,IL,שניצל דק דק פריך מאמ,גרמים,700.00,100 גרם,false,,39.90,0.0570,true,1,1086518
7290008409223,false,שניצל דק דק מתובל מאמא עוף 700 גרם,תנובה גליל שותפות מוגבלת,IL,שניצל דק דק מתובל מא,גרמים,700.00,100 גרם,false,,39.90,0.0570,true,1,1086519
7290008409315,false,שניצלונים בציפוי פריך מיני מיני דק מאמא עוף 500 גרם,תנובה גליל,IL,מיני שניצלונים בציפו,גרמים,500.00,100 גרם,false,,24.90,0.0498,true,1,1086524
7290008409551,false,שניצל עוף אמיתי בציפוי מעודן 700 ג' מאמא עוף,תנובה גליל שותפות מוגבלת,IL,שניצל עוף בציפוי מעו,גרמים,700.00,100 גרם,false,,29.90,0.0427,true,1,1086535
7290008409568,false,שניצל עוף אמיתי בציפוי שבבי ציפס 700 גר,תנובה גליל שותפות מוגבלת,IL,שניצל צ'יפס אמיתי מא,גרמים,700.00,100 גרם,false,,38.90,0.0556,true,1,1086536
7290008409582,false,שניצל עוף אמיתי בציפוי ביתי מאמא עוף 700 גרם,תנובה גליל שותפות מוגבלת,IL,שניצל עוף אמיתי בציפ,גרמים,700.00,100 גרם,false,,29.90,0.0427,true,1,1086538
7290008409605,false,כוכבי עוף בציפוי מעודן מאמא עוף 700 גרם,תנובה גליל שותפות מוגבלת,IL,כוכבי עוף בציפוי מעו,גרמים,700.00,100 גרם,false,,29.90,0.0427,true,1,1086539
7290008409773,false,קציצות עוף אמיתיות מאמא עוף 700 גרם,תנובה גליל שותפות מוגבלת,IL,קציצות עוף אמיתיות מ,גרמים,700.00,100 גרם,false,,27.50,0.0393,true,1,1086545
7290008427500,false,משחת כלים בריח לימון 3.5 קג,,,משחת כלים בריח לימון,יח',1.00,יח',false,,22.90,22.9000,true,1,8271515
7290008443616,false,"מרכך לשיער יבש אדום נקה 7 750 מ""ל","אמיליה קוסמטיקס בע""מ",IL,מרכך לשיער יבש נקה 7,מיליליטרים,750.00,"100 מ""ל",false,,8.70,0.0116,true,1,1116071
7290008443647,false,"מרכך לשיער מתולתל סגול, 750 מ""ל נקה 7","אמיליה קוסמטיקס בע""מ",IL,מרכך לשיער מתולתל נק,מיליליטרים,750.00,"100 מ""ל",false,,8.70,0.0116,true,1,1116074
7290008461221,false,סרדינים רוברט בשמן חמניות 115 גרם,"רמירז, מטוסינוס",PT,סרדינים בשמן חמניות,גרמים,84.00,100 גרם,false,,6.90,0.0821,true,1,1096018
7290008461238,false,סרדינים בשמן חמניות ופלפל חריף רוברט 84 גרם,"רמירז, מטוסינוס",PT,סרדינים בשמן חמניות,גרמים,115.00,100 גרם,false,,6.90,0.0600,true,1,1096019
7290008461283,false,גבינת טריפל צ'דר חצי קשה הגבינות של נני 200 גרם,דאוליי צ'סמייקרס,GB,צ'דר טריפל 200 גר,גרמים,200.00,100 גרם,false,,22.90,0.1145,true,1,6156762
7290008462204,false,חרדל דיז'ון מקורי נטו מאי 380 גרם,יוניליבר צרפת,FR,חרדל דיז'ון מקורי נט,גרמים,380.00,100 גרם,false,,14.90,0.0392,true,1,1096021
7290008464024,false,"בירה גולדסטאר Unfiltered, בירה לא מסוננת, פחית 500 מ""ל","טמפו משקאות בע""מ",IL,גולדסטאר לא מסונן פחית 50,מיליליטרים,500.00,"100 מ""ל",false,,7.90,0.0158,true,1,2628339
7290008464109,false,"בירה גולדסטאר Unfiltered, בירה לא מסוננת, בקבוק 330 מ""ל","טמפו משקאות בע""מ",IL,"גולדסטאר 330 מ""ל",מיליליטרים,330.00,"100 מ""ל",false,,7.90,0.0239,true,1,2636332
7290008464130,false,"בירה גולדסטאר Unfiltered, בירה לא מסוננת, מארז שישייה, בקבוק 330 מ""ל",טמפו,IL,"גולדסטאר לא מסונן ח""פ 330",ליטרים,1.98,ליטר,false,,31.90,16.1111,true,1,1088289
7290008464222,false,"בירה מכבי 7.9%, בירה חזקה, פחית 500 מ""ל","טמפו משקאות בע""\מ",IL,מכבי 7.9 פחית 500מל,מיליליטרים,500.00,"100 מ""ל",false,,7.50,0.0150,true,1,2756142
7290008464468,false,"בירה גולדסטאר, פחית 500 מ""ל","טמפו משקות בע""\מ",IL,גולדסטאר 500 פחית 24 יח',מיליליטרים,500.00,"100 מ""ל",false,,7.90,0.0158,true,1,1088292
7290008464475,false,"בירה מכבי, פחית 500 מ""ל","טמפו משקאות בע""\מ",IL,מכבי 500 פחית 24 יח',מיליליטרים,500.00,"100 מ""ל",false,,6.90,0.0138,true,1,1088293
7290008464604,false,"בירה הייניקן פחית 500 מ""ל",טמפו משקאות בע''מ,NL,היינקן הולנד 500 פחית 24,מיליליטרים,500.00,"100 מ""ל",false,,11.80,0.0236,true,1,1088294
7290008464673,false,"בירה גולדסטאר SLOWBREW פחית 10%, 500 מ""ל","טמפו משקאות בע""\מ",IL,בירה גולדסטאר פחית 5,מיליליטרים,500.00,"100 מ""ל",false,,7.90,0.0158,true,1,7186735
7290008464734,false,"שישיית בירה גולדסטאר לאגר SLOW BREW בקבוק 330 מ""ל",טמפו משקאות בע''מ,IL,גולדסטאר SLOWBREW שי,מיליליטרים,330.00,"100 מ""ל",false,,34.90,0.1058,true,1,3806536
7290008464741,false,"בירה גולדסטאר, מארז שישייה, בקבוק 330 מ''ל","טמפו משקאות בע""\מ",IL,"גולדסטאר ח""פ 330 בקבוק שי",מיליליטרים,330.00,"100 מ""ל",false,,32.90,0.0997,true,1,1088298
7290008464796,false,"בירה היינקן, מארז שישייה, בקבוק 330 מ''ל",טמפו משקאות בע''מ,IL,היינקן cities 330 בקבוק ח,ליטרים,1.98,ליטר,false,,29.90,15.1010,true,1,1088301
7290008472302,false,כתף כבש עם עצם,,,כתף כבש עם עצם,קילוגרמים,1.00,"ק""ג",true,,99.90,99.9000,true,1,8336869
7290008472821,false,גבינה צהובה 28%.,,,גבינה צהובה 28%.,קילוגרמים,1.00,"ק""ג",true,,31.00,31.0000,true,1,8435567
7290008472920,false,גבינה צהובה 28%,,,גבינה צהובה 28%,קילוגרמים,1.00,"ק""ג",true,,31.00,31.0000,true,1,8428878
7290008493413,false,פירורי לחם מאיר בייגל פירורי גריסיני 200 גרם,מאיר את ביגל,IL,פירורים גריסיני 200גרם,גרמים,200.00,100 גרם,false,,5.90,0.0295,true,1,1099201
7290008496223,false,"פילה נסיכה 80% דג קפוא ארוז בד""ץ",,,*מבצע* פילה נסיכה 80,קילוגרמים,1.00,"ק""ג",true,,29.90,29.9000,true,1,8453587
7290008496230,false,"סטייק טונה 80% קפוא בד""ץ",,,"סטייק טונה קפוא בד""ץ",קילוגרמים,1.00,"ק""ג",true,,39.90,39.9000,true,1,8451925
7290008496247,false,"נתחי נסיכה 80% דג קפוא ארוז בד""ץ",,,*מבצע* נתחי נסיכה 80,קילוגרמים,1.00,"ק""ג",true,,34.90,34.9000,true,1,8453588
7290008496629,false,שניצל אמנון בציפוי פרורי לחם רמילוי,,,שניצל אמנון בציפוי פ,גרמים,400.00,100 גרם,false,,22.90,0.0572,true,1,8386779
7290008496667,false,"פילה לברק באס יפני 20% ציפוי קרח ארוז בד""ץ",,,פילה באס יפני אורז ב,קילוגרמים,1.00,"ק""ג",true,,39.90,39.9000,true,1,8453590
7290008496698,false,נתחי דג אלסקה ובציפוי פרורי לחם רמי לוי,,,נתחי דג אלסקה ובציפו,גרמים,400.00,100 גרם,false,,19.90,0.0497,true,1,8386781
7290008496896,false,אצבעות אמנון עם דגנים במרינדה לימון רמילוי,,,אצבעות אמנון עם דגני,גרמים,400.00,100 גרם,false,,22.90,0.0572,true,1,8386783
7290008496902,false,נגיסי שיבוט פסיפי בציפוי פנקו רמילוי,,,נגיסי שיבוט פסיפי בצ,גרמים,400.00,100 גרם,false,,24.90,0.0622,true,1,8420333
7290008500159,false,עוגת שמרים פרימיום ג,ב- פילסברי (ג'נל מיל,IL,עוגת שמרים פילסברי,גרמים,500.00,100 גרם,false,,21.90,0.0438,true,1,8305522
7290008500548,false,פילסברי לחם טוסט אמר,מאפיית אגמי,,לחם טוסט אמריקה פרוס,יחידה,0.00,יחידה,false,,12.90,0.0000,true,1,8417877
7290008504034,false,מיני לחמניות המבורגר,,,מיני לחמניות המבורגר,יח',1.00,יח',false,,12.90,12.9000,true,1,8275444
7290008504072,false,ג'בטה 4 יחידות,,,ג'בטה 4 יחידות,יח',1.00,יח',false,,15.90,15.9000,true,1,8275448
7290008504591,false,"תפו""א לבן ארוז",,,"תפו""א לבן ארוז",קילוגרמים,1.00,"ק""ג",true,,3.90,3.9000,true,1,8486660
7290008504881,false,מינוט סטייק פרמיום,,,מינוט סטייק פרמיום,קילוגרמים,1.00,"ק""ג",true,,99.90,99.9000,true,1,8301405
7290008504935,false,"תפו""א אדום ארוז",,,"תפו""א אדום ארוז",קילוגרמים,1.00,"ק""ג",true,,3.90,3.9000,true,1,8486661
7290008504959,false,פילה אמנון קפוא ללא,,,פילה אמנון קפוא ללא,קילוגרמים,1.00,"ק""ג",true,,24.90,24.9000,true,1,8355845
7290008507196,false,טחול ממולא ביתי חלק ארוז 800 גר,,,טחול ממולא ביתי חלק,גרמים,800.00,100 גרם,false,,59.90,0.0749,true,1,8305079
7290008644112,false,סלט מטבוחה יום יום אחלה 125 גרם,"שטראוס גרופ בע""\מ",IL,סלט מטבוחה אחלה 125,גרמים,125.00,100 גרם,false,,4.70,0.0376,true,1,1103861
7290008644235,false,עלי בייבי שטראוס 120 גרם,שטראוס בריאות ירקות טריי,IL,עלי בייבי שטראוס 120,גרמים,120.00,100 גרם,false,,9.90,0.0825,true,1,1103862
7290008644945,false,לקט לסלט המושבה שטראוס 450 גרם,שטראוס בריאות ירקות טריי,IL,לקט לסלט המושבה שטרא,גרמים,450.00,100 גרם,false,,10.90,0.0242,true,1,1103868
7290008645935,false,חומוס לניגוב אחלה 750 ג',"שטראוס גרופ בע""\מ",IL,חומוס אחלה 750 גרם,גרמים,750.00,100 גרם,false,,9.60,0.0128,true,1,1103874
7290008670012,false,"יין אדום קברנה סוביניון רקנאטי 750 מ""ל",תות ממתקי איכות,IL,יין אדום קברנה סובינ,מיליליטרים,750.00,"100 מ""ל",false,,49.90,0.0665,true,1,1096267
7290008670029,false,"יין אדום מרלו רקנאטי 750 מ""ל",תות ממתקי איכות,IL,יין אדום מרלו רקנאטי,מיליליטרים,750.00,"100 מ""ל",false,,49.90,0.0665,true,1,1096268
7290008670210,false,"יין אדום שירז רקנאטי אחים שקד 750 מ""ל",תות ממתקי איכות,IL,יין אדום שירז רקנאטי,מיליליטרים,750.00,"100 מ""ל",false,,53.50,0.0713,true,1,1096271
7290008679466,false,כפפות רגישות גדול הנדי,קריות זול,TH,כפפות רגישות גדול,יח',1.00,יח',false,,5.90,5.9000,true,1,1084804
7290008690713,false,נקטר חמוציות אושן ספריי פריגת 1 ליטר,מבשלות בירה בינלאומיות ב,IL,נקטר חמוציות אושן ספ,ליטרים,1.00,ליטר,false,,11.50,11.5000,true,1,1084381
7290008693134,false,מעדן גבינה ויוגורט בטעם תות 5% שומן 88 ג' דניאלה,"שטראוס בריאות בע""מ",IL,דניאלה בטעם תות 150,מיליליטרים,150.00,"100 מ""ל",false,,3.90,0.0260,true,1,1103875
7290008713900,false,לחם שיפון עגול פרוס אנג'ל 750 גרם,מאפיית אנג'\ל אורנים מאפ,IL,לחם שיפון עגול פרוס,גרמים,750.00,100 גרם,false,,12.50,0.0167,true,1,1088568
7290008713917,false,לחם שיפון כהה פרוס מאפיית אחדות 750 גרם,מאפיית שלמה א. אנג'\ל בע,IL,לחם שיפון כהה פרוס מ,גרמים,750.00,100 גרם,false,,12.50,0.0167,true,1,1088569
7290008745239,false,תפוצ'יפס קראנצ' בטעם טבעי עלית 50 גרם,"שטראוס פריטו ליי בע""\מ )",IL,תפוצ'יפס קראנצ' בטעם,גרמים,50.00,100 גרם,false,,3.50,0.0700,true,1,1097554
7290008747547,false,תפוצ'יפס קראנץ' בטעם טבעי עלית 200 גרם,"שטראוס פריטו ליי בע""\מ )",IL,תפוצ'יפס קראנץ' בטעם,גרמים,200.00,100 גרם,false,,9.90,0.0495,true,1,1097556
7290008750264,false,"מסטיק מאסט ציקלס דובדבן 28 גרם לל""ס מגדים","שטראוס גרופ בע""מ",IL,מסטיק MUST בטעם דובד,גרמים,28.00,100 גרם,false,,4.00,0.1429,true,1,1089692
7290008752244,false,תפוצ'יפס קראנץ' בטעם גריל עלית 50 גרם,"שטראוס פריטו ליי בע""\מ )",IL,תפוצ'יפס קראנץ' בטעם,גרמים,50.00,100 גרם,false,,3.50,0.0700,true,1,1097558
7290008753111,false,תפוצ'יפס קראנץ' בטעם מקסיקני עלית 50 גרם,"שטראוס פריטו ליי בע""\מ )",IL,תפוצ'יפס קראנץ' בטעם,גרמים,50.00,100 גרם,false,,3.50,0.0700,true,1,1097560
7290008754040,false,ממרח בטעם שוקולד פרה מגדים עלית 850 גרם,שטראוס גרופ,IL,ממרח בטעם שוקולד פרה,גרמים,850.00,100 גרם,false,,13.90,0.0164,true,1,1089701
7290008754415,false,גומי מאסט בטעם ספירמינט עדין פליפטופ 28 ג' עלית,"שטראוס גרופ בע""מ",IL,מסטיק MUST ללא סוכר,גרמים,28.00,100 גרם,false,,4.00,0.1429,true,1,1089703
7290008754422,false,גומי מאסט בטעם פפרמינט קלאסי פליפטופ 28 ג' עלית,"שטראוס גרופ בע""מ",IL,מסטיק MUST בטעם מנטה,גרמים,28.00,100 גרם,false,,4.00,0.1429,true,1,1089704
7290008757980,false,קרטונית ספרינג נקטר רימונים 1 ליטר,יפאורה שותפות מובגלת לשיווק,IL,נקטר רימונים ספרינג,ליטרים,1.00,ליטר,false,,6.50,6.5000,true,1,1092611
7290008775816,false,ערגליות עוגיות במילוי שוקולד אסם 300 גרם,מיוצר עי קונדיטוריית,IL,ערגליות עוגיות במילו,גרמים,300.00,100 גרם,false,,7.90,0.0263,true,1,1091668
7290008775823,false,ערגליות עוגיות תות שדה אסם 300 גרם,מיוצר עי קונדיטוריית,IL,ערגליות במילוי תות א,גרמים,300.00,100 גרם,false,,7.90,0.0263,true,1,1091669
7290008792042,false,נייר טואלט חתוך לשבת,רמי לוי,,נייר טואלט חתוך לשבת,גרמים,73.00,100 גרם,false,,1.80,0.0247,true,1,1102138
7290008801010,false,"יין קברנה סוביניון מרלו פרייוט קולקשן 750 מ""ל",אגודת הכורמים הקאופו,IL,ין קברנה /מרלו פרייב,מיליליטרים,750.00,"100 מ""ל",false,,32.30,0.0431,true,1,1101846
7290008801119,false,"יין סוביניון בלאן סלקטד כרמל 750 מ""ל",אגודת הכורמים הקואופרטיב,IL,יין סוביניון בלאן סל,מיליליטרים,750.00,"100 מ""ל",false,,28.80,0.0384,true,1,1101847
7290008801157,false,"יין מרלו סלקטד כרמל כרמל 750 מ""ל",כרמל מזרחי,IL,יין מרלו סלקטד יקבי,מיליליטרים,750.00,"100 מ""ל",false,,28.80,0.0384,true,1,1101848
7290008801478,false,"יין טופז זהב כרמל 750 מ""ל",כרמל מזרחי,IL,יין טופז זהב יקבי כר,מיליליטרים,750.00,"100 מ""ל",false,,17.90,0.0239,true,1,1101851
7290008801539,false,יין כרמל 120 קינג דיוויד יקבי כרמל,אגודת הכורמים הקואופרטיב,IL,יין כרמל 120 קינג די,מיליליטרים,750.00,"100 מ""ל",false,,18.80,0.0251,true,1,1101853
7290008801546,false,יין מוסקט מתוק קינג דיוויד יקבי כרמל,אגודת הכורמים הקואופרטיב,IL,יין מוסקט מתוק קינג,מיליליטרים,750.00,"100 מ""ל",false,,18.80,0.0251,true,1,1101854
7290008801843,false,"יין קברנה סוביניון סלקטד כרמל 750 מ""ל","כד בני דרום בע""מ",IL,יין קברנה סוביניון ס,מיליליטרים,750.00,"100 מ""ל",false,,28.80,0.0384,true,1,1101855
7290008802512,false,"יין וינו אדום ""כרמל מזרחי""","כד בני דרום בע""מ",IL,יין וינו אדום יקבי כ,מיליליטרים,750.00,"100 מ""ל",false,,18.90,0.0252,true,1,1101858
7290008802529,false,"יין לבן חצי יבש וינו 750 מ""ל",כרמל מזרחי,IL,יין וינו לבן יקבי כר,מיליליטרים,750.00,"100 מ""ל",false,,18.90,0.0252,true,1,1101859
7290008802895,false,יין קברנה סוביניון פרייבט קולקשן יקבי כרמל,אגודת הכורמים הקאופורטיב,IL,יין קברנה סוביניון פ,מיליליטרים,750.00,"100 מ""ל",false,,32.30,0.0431,true,1,1101860
7290008804332,false,שיראז אדום יבש פריווט קולקשיין 750מל,אגודת הכורמים הקואופרטיב,IL,יין שיראז פרייבט קול,מיליליטרים,750.00,"100 מ""ל",false,,32.30,0.0431,true,1,1101866
7290008805049,false,סלקטד זינפנדל כרמל מזרחי 750 מל,"כד בני דרום בע""מ",IL,יין רוזה סלקטד יקבי,מיליליטרים,750.00,"100 מ""ל",false,,28.80,0.0384,true,1,1101874
7290008805384,false,סלקטד מוסקטו לבן מבעבע 750 מל 2016,אגודת הכורמים הקואופרטיב,IL,יין מוסקטו סלקטד יקב,מיליליטרים,750.00,"100 מ""ל",false,,28.80,0.0384,true,1,1101875
7290008805520,false,"יין קברנה/סוביניון סלקטד כרמל 750 מ""ל","כד בני דרום בע""מ",IL,יין קברנה /מרלו סלקט,מיליליטרים,750.00,"100 מ""ל",false,,28.80,0.0384,true,1,1101876
7290008805964,false,יין קברנה שיראז גליל עליון סדרה אזורית יקבי כרמל,אגודת הכורמים הקואופרטיב,IL,יין קברנה שיראז גליל,מיליליטרים,750.00,"100 מ""ל",false,,54.80,0.0731,true,1,1101878
7290008806985,false,נישנושים גלידה שוקו וניל בציפוי שוקולד 60 יח' קרמיסימו,"גלידת שטראוס בע""\מ, רחוב",IL,נשנושים שטראוס קרמיס,גרמים,630.00,100 גרם,false,,39.80,0.0632,true,1,1102214
7290008836265,false,"נינוה יין לבן מוסקט אלכסנדרוני יקבי אפרת 750 מ""ל",יקב טפרברג 1870 בעמ,IL,נינוה יין לבן מוסקט,מיליליטרים,750.00,"100 מ""ל",false,,24.90,0.0332,true,1,1097508
7290008836272,false,"יין אדום נינוה מוסקט המבורג יקבי אפרת 750 מ""ל",יקב טפרברג 1870 בעמ,IL,יין אדום נינוה מוסקט,מיליליטרים,750.00,"100 מ""ל",false,,24.90,0.0332,true,1,1097509
7290008836401,false,יין אדום מתוק ישן נושן אפרת 1 ליטר,יקב טפרברג 1870 בעמ,IL,יין אדום מתוק ישן נו,ליטרים,1.00,ליטר,false,,16.90,16.9000,true,1,1097512
7290008836425,false,יין קל אפרת 1 ליטר,יקב טפרברג 1870 בעמ,IL,יין קל אפרת 1 ליטר,ליטרים,1.00,ליטר,false,,16.90,16.9000,true,1,1097514
7290008837866,false,שירת הלל 100% מיץ ענבים טבעי 1ל,יקבי ארזה,IL,מיץ הלל 1לי 100%,יח',1.00,יח',false,,16.90,16.9000,true,1,1107931
7290008846219,false,"שמן זית כתית מעולה חלוצה 750 מ""ל",האי נאם סי או אל.טי.,IL,שמן זית כתית מעולה ח,מיליליטרים,750.00,"100 מ""ל",false,,39.90,0.0532,true,1,1096023
7290008849470,false,פלפל צ'ומה חריף אוליביה 185 גרם,אוליביה גורמה בעמ,IL,פלפל צומה 185 גר',גרמים,185.00,100 גרם,false,,12.90,0.0697,true,1,1084809
7290008849609,false,רוטב לעוף שום דבש אוליביה 330 גרם,אוליביה גורמה (1996),IL,רוטב לעוף שום דבש,מיליליטרים,330.00,"100 מ""ל",false,,12.80,0.0388,true,1,1084815
7290008849739,false,רוטב סויה אמיתי אוליביה 310 גרם,קריות זול,IL,רוטב סויה אמיתי,מיליליטרים,290.00,"100 מ""ל",false,,15.90,0.0548,true,1,1084817
7290008849753,false,רוטב טריאקי עשיר אוליביה 300 מל,מיוצר עי קונדיטוריית,IL,רוטב טריאקי,מיליליטרים,290.00,"100 מ""ל",false,,12.80,0.0441,true,1,1084819
7290008849777,false,רוטב צ'ילי מתוק אוליביה 345 גרם,קריות זול,IL,רוטב צ'ילי מתוק,גרמים,350.00,100 גרם,false,,12.80,0.0366,true,1,1084821
7290008866002,false,קממברט אגוזים בייבי משקל,גבינות משק יעקבס,IL,קממבר בייבי אגוזים,קילוגרמים,1.00,"ק""ג",true,,120.00,120.0000,true,1,8325052
7290008866019,false,ברי עיזים בייבי28% משקל,גבינות יעקבס,IL,ברי עיזים בייבי,קילוגרמים,1.00,"ק""ג",true,,139.00,139.0000,true,1,8356993
7290008866088,false,לאבנה בקר עם זעתר,,,לאבנה בקר עם זעתר,קילוגרמים,1.00,"ק""ג",true,,29.00,29.0000,true,1,8358163
7290008866095,false,גבינת פטה צאן במשקל,משק יעקבס,IL,גבינת פטה כבשים,קילוגרמים,1.00,"ק""ג",true,,74.00,74.0000,true,1,8357601
7290008866163,false,גבינת פטה עיזים במשק,משק יעקבס,IL,פטה עיזים,קילוגרמים,1.00,"ק""ג",true,,89.00,89.0000,true,1,8403599
7290008899321,false,חלה קלועה רגילה פילסברי,פילסברי,,חלה מאפית קלועה,יח',1.00,יח',false,,9.90,9.9000,true,1,4352895
7290008899451,false,בגט פיסל/מקלות ירושל,,,בגט פיסל,יח',1.00,יח',false,,4.80,4.8000,true,1,4352896
7290008899505,false,בגט לבן פילסברי 250,פילסברי,,באגט,גרמים,250.00,100 גרם,false,,4.80,0.0192,true,1,1084119
7290008899512,false,באגט כפרי פילסברי,פילסברי,,בגט פילסברי,יח',1.00,יח',false,,4.80,4.8000,true,1,1084071
7290008899758,false,קוקיס שוקולד חלב (חל,פילסברי,,עוגיות קוקיס חלבי,קילוגרמים,1.00,"ק""ג",true,,47.00,47.0000,true,1,1084083
7290008909853,false,"קוקה קולה זירו בקבוק 500 מ""ל.",החברה המרכזית לייצור משקאות,IL,ZERO בקבוק 0.5 ליטר,מיליליטרים,500.00,"100 מ""ל",false,,5.60,0.0112,true,1,1084399
7290008975551,false,תחליף חלב מטרנה מהדרין שלב 3 חלבי 700 גרם,מולינו ניקולי s.p.a,IL,תחליף חלב מהדרין שלב,גרמים,700.00,100 גרם,false,,47.90,0.0684,true,1,1091681
7290008975780,false,"מזון לכלבים בונזו מזון כלבים גזע קטן 3 ק""ג","ביופט בע""מ",FR,"בונזו גזע קטן 3+1 ק""ג",קילוגרמים,3.00,"ק""ג",false,,48.90,16.3000,true,1,1099212
7290010002009,false,תערובת לציפוי מאפים מלוחים מימון 130 גרם,תבליני מימון,,זנגביל הודי תבליני מ,גרמים,130.00,100 גרם,false,,11.50,0.0885,true,1,8340036
7290010002016,false,כוסברה טחונה תבליני מימון 100 גרם,א.ל ייצור ושיווק תבל,IL,כוסברה טחונה 100 גרם,גרמים,100.00,100 גרם,false,,9.50,0.0950,true,1,1083016
7290010002023,false,כורכום הודי טחון תבליני מימון 100 גרם,א.ל ייצור ושיווק תבלינים,IL,כורכום הודי טחון 100 גרם,גרמים,100.00,100 גרם,false,,11.50,0.1150,true,1,1083017
7290010002030,false,תבלין כמון טחון תבליני מימון 100 גרם,א.ל ייצור ושיווק תבלינים,IL,כמון 100 גרם,גרמים,100.00,100 גרם,false,,11.50,0.1150,true,1,1083018
7290010002047,false,תבלין מלח לימון תבליני מימון 200 גרם,א.ל ייצור ושיווק תבלינים,IL,מלח לימון 200 גרם,גרמים,200.00,100 גרם,false,,9.50,0.0475,true,1,1083019
7290010002061,false,פלפל לבן טחון תבליני מימון 100 גרם,א.ל ייצור ושיווק תבל,IL,פלפל לבן טחון 100 גרם,גרמים,100.00,100 גרם,false,,16.90,0.1690,true,1,1083021
7290010002078,false,פלפל שחור טחון תבליני מימון 100 גרם,א.ל ייצור ושיווק תבלינים,IL,פלפל שחור טחון 100 גרם,גרמים,100.00,100 גרם,false,,14.50,0.1450,true,1,1083022
7290010002092,false,תבלין פלפל שחור גרוס דק תבליני מימון 90,א.ל ייצור ושיווק תבלינים,IL,פלפל שחור גרוס דק 90 גרם,גרמים,90.00,100 גרם,false,,14.50,0.1611,true,1,1083024
7290010002108,false,תבלין פלפל שחור גרוס גס תבליני מימון 90,א.ל ייצור ושיווק תבלינים,IL,פלפל שחור גרוס גס 90 גרם,גרמים,90.00,100 גרם,false,,14.50,0.1611,true,1,1083025
7290010002122,false,פפריקה הונגרית מתוקה תבליני מימון 100 גרם,א.ל ייצור ושיווק תבלינים,IL,פפריקה הונגרית מתוקה 100,גרמים,100.00,100 גרם,false,,11.50,0.1150,true,1,1083027
7290010002139,false,פפריקה הונגרית חריפה תבליני מימון 100 גרם,א.ל ייצור ושיווק תבלינים,IL,פפריקה הונגרית חריפה 100,גרמים,100.00,100 גרם,false,,11.50,0.1150,true,1,1083028
7290010002146,false,פפריקה מרוקאית מתוקה תבליני מימון 100 גרם,א.ל ייצור ושיווק תבלינים,IL,פפריקה מרוקאית מתוקה 100,גרמים,100.00,100 גרם,false,,11.50,0.1150,true,1,1083029
7290010002153,false,פפריקה מרוקאית חריפה תבליני מימון 100 גרם,א.ל ייצור ושיווק תבלינים,IL,פפריקה מרוקאית חריפה 100,גרמים,100.00,100 גרם,false,,11.50,0.1150,true,1,1083030
7290010002191,false,תבלין מקלות קינמון תבליני מימון 50 גרם,א.ל ייצור ושיווק תבל,IL,מקלות קינמון 50 גרם,גרמים,50.00,100 גרם,false,,11.50,0.2300,true,1,1083033
7290010002207,false,תבלין קינמון טחון תבליני מימון 100 גרם,א.ל ייצור ושיווק תבלינים,IL,קינמון טחון 100 גרם,גרמים,100.00,100 גרם,false,,9.50,0.0950,true,1,1083034
7290010002214,false,תבלין צ'ילי גרוס תבליני מימון 80 גרם,א.ל ייצור ושיווק תבלינים,IL,צ'ילי גרוס 80 גרם,גרמים,80.00,100 גרם,false,,11.50,0.1438,true,1,1083035
7290010002283,false,תיבול על האש תבליני מימון 100 גרם,א.ל ייצור ושיווק תבלינים,IL,תיבול על האש 100 גרם,גרמים,100.00,100 גרם,false,,11.50,0.1150,true,1,1083038
7290010002290,false,תיבול לשווארמה תבליני מימון 100 גרם,א.ל ייצור ושיווק תבל,IL,תיבול לשווארמה 100 גרם,גרמים,100.00,100 גרם,false,,11.50,0.1150,true,1,1083039
7290010002306,false,תיבול לקציצות תבליני מימון 100 גרם,א.ל ייצור ושיווק תבל,IL,תיבול לקציצות 100 גרם,גרמים,100.00,100 גרם,false,,11.50,0.1150,true,1,1083040
7290010002313,false,תבלין ראס אל חנות תבליני מימון 100 גרם,א.ל ייצור ושיווק תבלינים,IL,ראס אל חנות 100 גרם,גרמים,100.00,100 גרם,false,,11.50,0.1150,true,1,1083041
7290010002320,false,תיבול לגריל עוף תבליני מימון 100 גרם,א.ל ייצור ושיווק תבלינים,IL,תיבול לגריל עוף 100 גרם,גרמים,100.00,100 גרם,false,,11.50,0.1150,true,1,1083042
7290010002337,false,תיבול לסטייק תבליני מימון 100 גרם,א.ל ייצור ושיווק תבלינים,IL,תיבול לסטייק 100 גרם,גרמים,110.00,100 גרם,false,,11.50,0.1045,true,1,1083043
7290010002344,false,תבלין לדג תבליני מימון 100 גרם.,א.ל ייצור ושיווק תבלינים,IL,תיבול לדג 100 גרם,גרמים,100.00,100 גרם,false,,11.50,0.1150,true,1,1083044
7290010002351,false,זעתר ושומשום תבליני מימון 100 גרם,א.ל ייצור ושיווק תבלינים,IL,זעתר ושומשום 100 גרם,גרמים,100.00,100 גרם,false,,11.50,0.1150,true,1,1083045
7290010002368,false,תערובת חווויג' תבליני מימון 100 גרם,א.ל ייצור ושיווק תבלינים,IL,תערובת חוויג' למרק 100 גר,גרמים,100.00,100 גרם,false,,11.50,0.1150,true,1,1083046
7290010002382,false,תבלין אורגנו תבליני מימון 40 גרם,א.ל ייצור ושיווק תבלינים,IL,אורגנו 40 גרם,גרמים,40.00,100 גרם,false,,9.50,0.2375,true,1,1083048
7290010002399,false,תבלין בזיליקום תבליני מימון 40 גרם,א.ל ייצור ושיווק תבלינים,IL,בזיליקום 40 גרם,גרמים,40.00,100 גרם,false,,9.50,0.2375,true,1,1083049
7290010002405,false,תבלין טימין הררי תבליני מימון 40 גרם,א.ל ייצור ושיווק תבל,IL,טימין הררי 40 גרם,גרמים,40.00,100 גרם,false,,9.50,0.2375,true,1,1083050
7290010002443,false,תבלין רוזמרין תבליני מימון 40 גרם,א.ל ייצור ושיווק תבל,IL,רוזמרין 40 גרם,גרמים,40.00,100 גרם,false,,9.50,0.2375,true,1,1083053
7290010002481,false,תבלין שום טחון תבליני מימון 100 גרם,א.ל ייצור ושיווק תבלינים,IL,שום טחון 100 גרם,גרמים,100.00,100 גרם,false,,14.50,0.1450,true,1,1083055
7290010002498,false,תבלין שום גבישי תבליני מימון 120 גרם,א.ל ייצור ושיווק תבלינים,IL,שום גבישי 120 גרם,גרמים,120.00,100 גרם,false,,14.50,0.1208,true,1,1083056
7290010002658,false,פלפל יבש מתוק תבליני מימון 150 גרם,א.ל ייצור ושיווק תבל,IL,פלפל יבש מתוק 150 גרם,גרמים,150.00,100 גרם,false,,12.90,0.0860,true,1,1083059
7290010002696,false,אקסטרה צ'יפס אורז חום מלא שמנת בצל 60 גרם,נוהלס ג'י אס סי.,BG,אקסטרה ציפס אורז חום,גרמים,60.00,100 גרם,false,,6.90,0.1150,true,1,8349824
7290010002726,false,תבלין לפרגיות תבליני מימון 100 גרם.,א.ל ייצור ושיווק תבלינים,IL,תיבול לפרגיות 100 גרם,גרמים,100.00,100 גרם,false,,11.50,0.1150,true,1,1083061
7290010003051,false,פפריקה הונגרית מתוקה תבליני מימון 400 גרם,א.ל ייצור ושיווק תבלינים,IL,פפריקה הונגרית מתוקה 400,גרמים,400.00,100 גרם,false,,23.90,0.0597,true,1,1083080
7290010003075,false,פפריקה מרוקאית מתוקה תבליני מימון 400 גרם,א.ל ייצור ושיווק תבלינים,IL,פפריקה מרוקאית מתוקה 400,גרמים,400.00,100 גרם,false,,23.90,0.0597,true,1,1083082
7290010003686,false,עלי דפנה בשקית תבליני מימון20 גרם,א.ל ייצור ושיווק תבל,IL,עלי דפנה שקית 20 גרם - חד,גרמים,20.00,100 גרם,false,,5.90,0.2950,true,1,1083093
7290010003693,false,פפריקה מתוקה בשקית תבליני מימון 80 גרם,א.ל ייצור ושיווק תבל,IL,פריקה מתוקה שקית 80 גרם -,גרמים,80.00,100 גרם,false,,5.90,0.0738,true,1,1083094
7290010003709,false,פלפל שחור טחון בשקית תבליני מימון 50 גרם,א.ל ייצור ושיווק תבל,IL,פלפל שחור טחון שקית 50 גר,גרמים,50.00,100 גרם,false,,7.70,0.1540,true,1,1083095
7290010003761,false,כורכום טחון בשקית תבליני מימון 80 גרם,א.ל ייצור ושיווק תבל,IL,כורכום טחון שקית 80 גרם -,גרמים,80.00,100 גרם,false,,5.90,0.0738,true,1,1083097
7290010003778,false,תיבול לגריל עוף בשקית תבליני מימון 80 גרם,א.ל ייצור ושיווק תבל,IL,תיבול לגריל עוף שקית 80 ג,גרמים,80.00,100 גרם,false,,5.90,0.0738,true,1,1083098
7290010003792,false,מלח לימון בשקית תבליני מימון 100 גרם,א.ל ייצור ושיווק תבל,IL,מלח לימון שקית 100 גרם -,גרמים,100.00,100 גרם,false,,5.90,0.0590,true,1,1083100
7290010003808,false,זעתר ושמשום בשקית תבליני מימון 80 גרם,א.ל ייצור ושיווק תבל,IL,זעתר ושומשום שקית 80גרם -,גרמים,80.00,100 גרם,false,,5.90,0.0738,true,1,1083101
7290010003839,false,קינמון טחון בשקית תבליני מימון 80 גרם,א.ל ייצור ושיווק תבל,IL,קינמון טחון שקית 80 גרם -,גרמים,80.00,100 גרם,false,,5.90,0.0738,true,1,1083104
7290010003846,false,אורגנו בשקית תבליני מימון 20 גרם,א.ל ייצור ושיווק תבל,IL,אורגנו שקית 20 גרם - חדש,גרמים,20.00,100 גרם,false,,5.90,0.2950,true,1,1083105
7290010004348,false,פפריקה מתוקה תבליני מימון 250 גרם,א.ל ייצור ושיווק תבל,IL,פפריקה מתוקה 250 גרם,גרמים,250.00,100 גרם,false,,19.90,0.0796,true,1,1083141
7290010004737,false,עלים לקרמשניט 300גר רמילוי,,,עלים לקרמשניט 300גר,גרמים,300.00,100 גרם,false,,13.90,0.0463,true,1,6141663
7290010004744,false,סודה לשתייה 100גר רמילוי,שיוך למחסן 17,,סודה לשתייה 100גר רמ,גרמים,100.00,100 גרם,false,,1.60,0.0160,true,1,6151798
7290010023141,false,תה לימונענע הגן הקסום ויסוצקי 25 יחידות,תה ויסוצקי,IL,הגן הקסום לימונענע ו,יח',25.00,יח',false,,16.90,0.6760,true,1,1098558
7290010023622,false,תה קלאסי עם נגיעות נענע ויסוצקי 100 יחידות,תה ויסוצקי,IL,תה קלאסי עם נגיעות נ,יח',100.00,יח',false,,17.70,0.1770,true,1,1098560
7290010023943,false,חליטה מצמח הרויבוש Red tea בטעם קינמון ווניל,מולינו ניקולי s.p.a,IL,תה אדום קינמון וניל,יח',50.00,יח',false,,24.50,0.4900,true,1,1098565
7290010051052,false,פטרוזיליה ארוז א.אדמה,אדמה,,פטרוזיליה א.אדמה,יח',1.00,יח',false,,5.90,5.9000,true,1,1105549
7290010051076,false,לבבות חסה ארוז א.אדמה,אדמה,,לבבות קיסר א.אדמה,יח',1.00,יח',false,,8.90,8.9000,true,1,2693847
7290010051144,false,תרד עלים יח א.אדמה,אדמה,,תרד עלים א.אדמה,יח',1.00,יח',false,,7.90,7.9000,true,1,1105555
7290010051168,false,כוסברה ארוזה א.אדמה,אדמה,,כוסברה א.אדמה,יח',1.00,יח',false,,3.90,3.9000,true,1,1105556
7290010051175,false,כוסברה/שמיר ארוז,חקלאי,IL,שמיר א.אדמה,יח',1.00,יח',false,,3.90,3.9000,true,1,1105557
7290010051182,false,נענע ארוז א.אדמה,חקלאי,IL,נענע א.אדמה,יח',1.00,יח',false,,3.90,3.9000,true,1,1105558
7290010051199,false,שורש פטרוזיליה ארוז א.אדמה,אדמה,,שורש פטרוזיליה א.אדמ,יח',1.00,יח',false,,5.50,5.5000,true,1,1105559
7290010051205,false,סלרי עלים ארוז א.אדמה,אדמה,,סלרי אמריקאי א.אדמה,יח',1.00,יח',false,,5.90,5.9000,true,1,1105560
7290010051212,false,סלרי ראש ארוז א.א.דמ,אדמה,,ראש סלרי א.אדמה,יח',1.00,יח',false,,5.90,5.9000,true,1,1105561
7290010051267,false,לוף בשקית א.אדמה,אדמה,,לוף בשקית א.אדמה,יח',1.00,יח',false,,7.60,7.6000,true,1,2826016
7290010051298,false,מנגולד עלי סלק א.אדמה,אדמה,,מנגולד עלי סלק א.אדמ,יח',1.00,יח',false,,5.90,5.9000,true,1,1105565
7290010051335,false,בצל ירוק ארוז א.אדמה,אדמה,,בצל ירוק א.אדמה,יח',1.00,יח',false,,5.90,5.9000,true,1,1105566
7290010065059,false,מחית פירות מעורבים ג'וניור פרינוק 190 גרם,פרוטה פודווין איי.אס,CZ,מחית פירות מעורבים 190 גר,גרמים,190.00,100 גרם,false,,5.90,0.0311,true,1,1084829
7290010065318,false,מחית תפוח עץ ג'וניור פרינוק 190 גרם,פרוטה פודווין איי.אס,CZ,"מחית ג'וניור תפו""ע 190 גר",גרמים,190.00,100 גרם,false,,5.90,0.0311,true,1,2742744
7290010116980,false,אבקת שוקולית שקית עלית 850 ג',הנסיך- מפעל לייצור ט,IL,שוקולית 850 גרם,גרמים,850.00,100 גרם,false,,14.80,0.0174,true,1,1089719
7290010117864,false,דוריטוס חטיף תירס בטעם חריף אש עלית 70 גרם,"שטראוס פריטו ליי בע""\מ )",IL,דוריטוס חטיף תירס בט,גרמים,70.00,100 גרם,false,,3.20,0.0457,true,1,1097568
7290010118328,false,תפוצ'יפס בטעם טבעי עלית מארז 6*40 גרם,שטראוס פריטו ליי (מל,IL,תפוצ'יפס בטעם טבעי ע,גרמים,240.00,100 גרם,false,,11.90,0.0496,true,1,1097572
7290010119240,false,מארז תפוצ'יפס טבעי 216 גרם 12 יחידות,"שטראוס פריטו ליי בע""\מ )",IL,תפוצ'יפס בטעם טבעי ע,גרמים,216.00,100 גרם,false,,14.90,0.0690,true,1,1097573
7290010129010,false,עוג.כתר במילוי ריבה 600ג,ק.א. ומשווק בבלעדיות על,IL,עוגיות ריבה 600גר,גרמים,600.00,100 גרם,false,,18.70,0.0312,true,1,1083916
7290010129287,false,עוגיות שיבולת שועל 600 ג,מיוצר על ידי ק.א. ומשווק,IL,עוגיות גרנולה 600 גר,גרמים,600.00,100 גרם,false,,19.90,0.0332,true,1,1083922
7290010129553,false,עוגיות רולדה תמרים 600 גרם,ק.א. ומשווק בבלעדיות על,IL,עוגיות רולדה תמרים 6,יח',1.00,יח',false,,18.70,18.7000,true,1,7655930
7290010129720,false,עוגיות שמרים קינמון 400 גרם דולצה ויטה,שיבולים א.ד.ל,IL,עוגיות רוגלך קינמון,גרמים,400.00,100 גרם,false,,8.90,0.0223,true,1,8161454
7290010129942,false,עוגיות שמרים 500 גרם דולצה ויטה,קונדטוריית אנגל,IL,עוגת קראנץ שוקולד 50,גרמים,500.00,100 גרם,false,,9.90,0.0198,true,1,3556474
7290010154005,false,סחוג תימני יוחאי ביטון 250 גרם,תבליני יוחאי ביטון,IL,סחוג תימני 250 ביטון,גרמים,250.00,100 גרם,false,,12.90,0.0516,true,1,1096024
7290010154012,false,לימון בלאדי כבוש תבליני ביטון 250 גרם,תבליני יוחאי ביטון,IL,לימון בלאדי כבוש תבל,גרמים,250.00,100 גרם,false,,12.90,0.0516,true,1,1096025
7290010154029,false,אריסה מתוקה יוחאי ביטון 250 גרם,תבליני יוחאי ביטון,IL,250 אריסה מתוקה ביטו,גרמים,250.00,100 גרם,false,,12.90,0.0516,true,1,1096026
7290010154036,false,עמבה תבליני ביטון 250 גרם,תבליני יוחאי ביטון,IL,עמבה תבליני ביטון 25,גרמים,250.00,100 גרם,false,,12.90,0.0516,true,1,1096027
7290010154241,false,סלט חזרת ריף ביטון 250 ג',תבליני יוחאי ביטון,IL,סלט חזרת 250 ג,גרמים,250.00,100 גרם,false,,12.90,0.0516,true,1,1096028
7290010154265,false,פלפל צ'ומה תבליני ביטון 250 גרם,תבליני יוחאי ביטון,IL,פלפל צ'ומה תבליני בי,גרמים,250.00,100 גרם,false,,12.90,0.0516,true,1,1096029
7290010154418,false,סחוג אדום תבליני ביטון 130 גרם,תבליני יוחאי ביטון,IL,סחוג אדום תבליני ביט,גרמים,130.00,100 גרם,false,,7.90,0.0608,true,1,1096032
7290010154425,false,סחוג ירוק תבליני ביטון 130 גרם,תבליני יוחאי ביטון,IL,סחוג ירוק תבליני ביט,גרמים,130.00,100 גרם,false,,7.90,0.0608,true,1,1096033
7290010154548,false,ממרח שום טבעי יוחאי ביטון 235 גרם,תבליני יוחאי ביטון,IL,ממרח שום 235 ג,גרמים,235.00,100 גרם,false,,12.90,0.0549,true,1,3168182
7290010154678,false,אריסה מרוקאית תבליני ביטון 250 גרם,תבליני יוחאי ביטון,IL,אריסה מרוקאית תבליני,גרמים,250.00,100 גרם,false,,12.90,0.0516,true,1,6206655
7290010154685,false,סלט שום כתוש 250 ג' ביטון יוחאי,תבליני יוחאי ביטון,IL,סלט שום כתוש 250 ג,גרמים,250.00,100 גרם,false,,12.90,0.0516,true,1,6206656
7290010175819,false,חמאת בוטנים קלאסית טעמן 510 גרם,ניצה אס סיי,IL,חמאת בוטנים קלאסית ט,גרמים,510.00,100 גרם,false,,11.90,0.0233,true,1,5916168
7290010175826,false,חמאת בוטנים עם שברי בוטנים טעמן 510 גרם,ניצה אס סיי,AR,חמאת בוטנים עם שברי,גרמים,510.00,100 גרם,false,,11.90,0.0233,true,1,1090458
7290010175840,false,לבבות דקל שלמים טעים 400 גרם,אינאקספו,UY,לבבות דקל טעים,גרמים,220.00,100 גרם,false,,11.40,0.0518,true,1,1090460
7290010175857,false,פרוסות לבבות דקל במי מלח טעים 400 גרם,אינאקספו,EC,פרוסות לבבות דקל,גרמים,220.00,100 גרם,false,,10.50,0.0477,true,1,1090461
7290010195268,false,פופקורן פופסטאר חמישייה מופחת שומן טבעי,פופ סטאר,US,פופסטאר מופחת שומן טבעי 5,גרמים,425.00,100 גרם,false,,11.70,0.0275,true,1,1117585
7290010237531,false,"פפסי קולה פלסטיק 500 מ""ל","טמפו משקאות בע""ם.",IL,פפסי 500 בקבוק 24 יח',מיליליטרים,500.00,"100 מ""ל",false,,3.80,0.0076,true,1,1088306
7290010237562,false,משקה פפסי מרינדה קוו,"טמפו משקאות בע""מ",IL,מירינדה 500 בקבוק 24 יח',מיליליטרים,500.00,"100 מ""ל",false,,3.80,0.0076,true,1,1088308
7290010237579,false,משקה סבן אפ קוול 500,"טמפו משקאות בע""מ",IL,סבן אפ 500 בקבוק 24 יח',מיליליטרים,500.00,"100 מ""ל",false,,3.80,0.0076,true,1,1088309
7290010237586,false,סבן אפ דיאט פלסטיק 500מל,טמפו 7.5%,IL,דיאט סבן אפ 500 בקבוק 24,מיליליטרים,500.00,"100 מ""ל",false,,3.80,0.0076,true,1,1088310
7290010259823,false,מנת השף 70 גרם ויליפוד מרק עם נודלס בטעם עוף,נמצ'או(תאילנד) בעמ,TH,מנת השף נודלס בטעם ע,גרמים,70.00,100 גרם,false,,4.80,0.0686,true,1,1098230
7290010259830,false,מנת השף נודלס בסגנון סיני פיקנטי וילי פוד 70 גרם,נמצ'או(תאילנד) בעמ,TH,מנת השף נודלס בסגנון,גרמים,70.00,100 גרם,false,,4.80,0.0686,true,1,1098231
7290010259847,false,מנת השף מרק עם נודלס בטעם תירס ויליפוד 70 גרם,קריות זול,TH,מנת השף נודלס בטעם ת,גרמים,70.00,100 גרם,false,,4.80,0.0686,true,1,1098232
7290010259854,false,מנת השף מרק עם נודלס בטעם פטריות ויליפוד 70 גרם,נמצ'או(תאילנד) בעמ,TH,מנת השף נודלס בטעם פ,גרמים,70.00,100 גרם,false,,4.80,0.0686,true,1,1098233
7290010259861,false,מנת השף מרק עם נודלס בטעם ירקות ויליפוד 70 גרם,קריות זול,TH,מנת השף נודלס בטעם י,גרמים,70.00,100 גרם,false,,4.80,0.0686,true,1,1098234
7290010259892,false,מרגרינה פלוס ללא מלח ויליפוד 200 גרם,וילי פוד,TR,"מרגרינה לל""ת מלח ויל",גרמים,200.00,100 גרם,false,,3.80,0.0190,true,1,1098235
7290010259991,false,צנימים מיוחדים בטעם טבעי 250 ג',קריות זול,PT,צנימים 250 גרם,גרמים,250.00,100 גרם,false,,6.90,0.0276,true,1,1098239
7290010329854,false,מיני קוקיס עוגיות בטעם חמאה ללא סוכר כרמית 600 גרם,כרמית,IL,מיני קוקיס עוגיות בט,גרמים,600.00,100 גרם,false,,18.90,0.0315,true,1,1088980
7290010429554,false,"שמן זית כתית מעולה יד מרדכי 2 קלאסי, 750 מ""ל",מכוורת יד מרדכי שטראוס ב,IL,שמן זית יד מרדכי מס,מיליליטרים,750.00,"100 מ""ל",false,,32.90,0.0439,true,1,1089728
7290010471669,false,יוגורט תות עם קורנפלקס מצופה שוקולד ללא גלוטן 3.9%,"שטראוס בריאות בע""\מ",IL,יוגורט דנונה תות ביו,מיליליטרים,175.00,"100 מ""ל",false,,4.30,0.0246,true,1,1103878
7290010472390,false,מארז 8 יחידות מעדן דני בטעם שוקולד 1.5%,מיוצר עי קונדיטוריית,IL,דני בטעם שוקולד שמינ,מיליליטרים,1000.00,"100 מ""ל",false,,14.30,0.0143,true,1,1103884
7290010513703,false,צ'ופסטיקס צפצפה - 20 יחידות,גולין פנגזו,IL,צ'ופסטיקס צפצפה - 20,100 יח',20.00,100 יח',false,,6.40,0.3200,true,1,1103572
7290010513727,false,פנקו פרורי לחם 200 גרם (קינגדאו),קינגדאו גוניון פודס,CN,פנקו פרורי לחם 200 ג,גרמים,200.00,100 גרם,false,,7.90,0.0395,true,1,1103573
7290010546169,false,"גרנולה בטעם ""דינמי"" בתוספת שקדים וצימוק",מנדל טי אמ סחר,IL,גרנולה שקדים וצימוקי,גרמים,400.00,100 גרם,false,,19.90,0.0497,true,1,3670863
7290010546558,false,גרנולה חלבה תמרים מנדל 400 גר,מנדל טי אמ סחר,IL,גרנולה חלבה תמרים 40,גרמים,400.00,100 גרם,false,,19.90,0.0497,true,1,5446238
7290010546770,false,חטיף חלבון פיצוחים ושוקולד מריר,,,חטיף חלבון פיצוחים ו,גרמים,145.00,100 גרם,false,,19.90,0.1372,true,1,8366329
7290010548514,false,קוביות עשבי תיבול לבישול איטלקי דורות 70 גרם,עיצובים 2020 (3.8),IL,קוביות עשבי תיבול לב,גרמים,70.00,100 גרם,false,,9.90,0.1414,true,1,1091687
7290010627004,false,טחינה גולמית מסורתית ירושלים 500 ג',"בראשית ירושלים בע""מ",IL,טחינה ירושלים 500 גר,גרמים,500.00,100 גרם,false,,14.90,0.0298,true,1,2657918
7290010627844,false,טחינה גולמית שומשום מלא ירושלים 500גרם,"טחינה ירושליים בע""מ",IL,טחינה ירושלים מלא 50,גרמים,500.00,100 גרם,false,,14.90,0.0298,true,1,3239126
7290010650002,false,פטריות יער טריות -יחידה,ביכורי שדה דרום 2002,IL,פטריות יער חוות תקוע,יח',1.00,יח',false,,9.90,9.9000,true,1,1118774
7290010650019,false,אנדיב בלגי אמיתי חוות תקוע,מרינה פטריות הגליל,IL,אנדיב בלגי אמיתי חוו,גרמים,150.00,100 גרם,false,,11.90,0.0793,true,1,1118775
7290010650033,false,בצלצלי שאלוט תקוע אר,חוות פטריות תקוע,NL,בצלצלי שלוט,יח',1.00,יח',false,,10.90,10.9000,true,1,1118777
7290010650040,false,פטריות שיטאקי חוות תקוע,ביכורי שדה דרום 2002,IL,פטריות שיטאקי חוות ת,יח',1.00,יח',false,,8.90,8.9000,true,1,1118778
7290010650064,false,פטריות יער מיובשות חוות תקוע 25 גרם,חוות תקוע,IL,פטריות יער מיובשות ח,גרמים,25.00,100 גרם,false,,7.90,0.3160,true,1,1118780
7290010650088,false,פטריות שמפיניון מיובשות 25 גרם,חוות פטריות תקוע,CN,פטריות שמפיניון מיוב,גרמים,25.00,100 גרם,false,,7.80,0.3120,true,1,1118782
7290010650101,false,עגבניות מיובשות חוות תקוע 100 גרם,חוות פטריות תקוע,IL,עגבניות מיובשות חוות,גרמים,100.00,100 גרם,false,,9.90,0.0990,true,1,1118784
7290010650194,false,זנגוויל (ג'ינג'ר)ארוז מגשית,"פסח בא בע""מ",CN,זנגוויל ארוז 250ג,גרמים,250.00,100 גרם,false,,8.90,0.0356,true,1,1118786
7290010650231,false,פטריות מאיטקי מיובשו,חוות פטריות תקוע,IL,פטריות מאי טאקי,גרמים,25.00,100 גרם,false,,11.90,0.4760,true,1,1118788
7290010650255,false,לקט פטריות למרק חוות תקוע 25 גרם,תקוע,IL,לקט פטריות למרק חוות,גרמים,25.00,100 גרם,false,,12.90,0.5160,true,1,1118789
7290010650286,false,בייבי ברוקולי חוות תקוע,,,בייבי ברוקולי חוות ת,יח',1.00,יח',false,,9.90,9.9000,true,1,2866659
7290010650293,false,בצלצלי שאלוט מקולף ת,תקוע,,בצלצלי שאלוט,גרמים,250.00,100 גרם,false,,10.90,0.0436,true,1,1118792
7290010650354,false,שורש כורכום טרי חוות תקוע 120 גרם,פסטה לנסי,IL,שורש כורכום טרי חוות,יח',1.00,יח',false,,9.90,9.9000,true,1,1118793
7290010650408,false,בצלצלי פנינה תקוע יח,פסטה לנסי,IL,בצלי פנינה,יח',1.00,יח',false,,9.90,9.9000,true,1,1118794
7290010650576,false,פטריות שנוקי טרי ארו,חוות פטריות תקוע,IL,שיטאקי שינוקי טריות,יח',1.00,יח',false,,9.90,9.9000,true,1,1118796
7290010650668,false,למון גראס -חוות תקוע,ביכורי השקמה,IL,למון גראס,יח',1.00,יח',false,,8.90,8.9000,true,1,2642817
7290010650705,false,חסה רדיקו 250 גר,שולמית,IL,אפונת שלג,יח',1.00,יח',false,,16.90,16.9000,true,1,5875453
7290010650767,false,אנדיב אדום 220 גרם,פמילי,IL,אנדיב אדום,יח',1.00,יח',false,,13.90,13.9000,true,1,2861437
7290010650798,false,לקט בורגול ופטריות חוות תקוע,קרלו,IL,לקט בורגול ופטריות,יח',1.00,יח',false,,12.90,12.9000,true,1,6952756
7290010650828,false,פטריות שימג'י חוות תקוע 150 גרם,שנגחאי פינק פוד קומפני,CN,פטריות שימג'י חוות ת,גרמים,150.00,100 גרם,false,,9.90,0.0660,true,1,6887013
7290010650903,false,עגבניות לחות בתיבול אורגנו 200 גרם,חקלאי,TR,עגבניות לחות בתיבול,גרמים,200.00,100 גרם,false,,9.90,0.0495,true,1,8203865
7290010650927,false,עגבניות לחות בתיבול בזיליקום ועלי דפנה 200 גרם,חקלאי,TR,עגבניות לחות בתיבול,גרמים,200.00,100 גרם,false,,9.90,0.0495,true,1,8203867
7290010650989,false,תירס לבן מתוק תקוע,,,תירס לבן 600גרם,יח',1.00,יח',false,,15.90,15.9000,true,1,8273411
7290010650996,false,"פטריות שי מג'י חומות, 150 גרם חוות תקוע",שנגחאי פינק פוד קומפני,CN,פטריות שימג'י חוות ת,גרמים,150.00,100 גרם,false,,9.90,0.0660,true,1,8328723
7290010672851,false,מאפין חמישיות שוקו-שוקו,פילסברי,,מאפין חמישיות שוקו ש,יח',5.00,יח',false,,11.90,2.3800,true,1,6037477
7290010672868,false,מאפין חמישיות שוקו וניל,פילסברי,,מאפין חמישיות שוקו ו,גרמים,80.00,5 גרם,false,,11.90,0.1488,true,1,6037478
7290010718627,false,פנינה רוזנבלום אל סבון נוזלי ירוק 1 ליטר,פנינה רוזנבלום,IL,אל סבון נוזלי ירוק 1,ליטרים,1.00,ליטר,false,,8.90,8.9000,true,1,1102378
7290010718634,false,"פנינה רוזנבלום -אל סבון נוזלי לבן,1 ליטר",פנינה רוזנבלום,IL,סבון נוזלי לבן 1 ליט,ליטרים,1.00,ליטר,false,,8.90,8.9000,true,1,1102379
7290010719013,false,"שמן זית כתית מעולה משק אחיה 750 מ""ל",ארץ זית שמן מובחר -,IL,שמן זית כתית מעולה מ,מיליליטרים,750.00,"100 מ""ל",false,,38.70,0.0516,true,1,1089479
7290010748518,false,"סרקל פורטה שמפו לילדים 750 מ""ל",פישר מעבדות פרמצבטיות בע,IL,סרקל פורטה שמפו 750 גרם,מיליליטרים,750.00,"100 מ""ל",false,,24.90,0.0332,true,1,1115087
7290010748525,false,"סרקל פורטה מרכך לילדים 750 מ""ל",פישר מעבדות פרמצבטיות בע,IL,סרקל פורטה מרכך 750 גרם,מיליליטרים,750.00,"100 מ""ל",false,,24.90,0.0332,true,1,1115088
7290010748853,false,"ד""ר פישר - אפקטיב קר קרם ידיים סנסיטיב 150 מ""ל",פישר מעבדות פרמצבטיות בע,IL,אפקטיב קר קרם ידיים סנסיט,מיליליטרים,150.00,"100 מ""ל",false,,11.90,0.0793,true,1,1115089
7290010748860,false,"ד""ר פישר - אפקטיב קר קרם ידיים אינטנסיב 150 מ""ל",פישר מעבדות פרמצבטיות בע,IL,אפקטיב קר קרם ידיים אינטנ,מיליליטרים,150.00,"100 מ""ל",false,,11.90,0.0793,true,1,1115090
7290010748884,false,אפקטיב קר קרם גוף אינטנסיב לעור יבש במיוחד ח 700,פישר מעבדות פרמצבטיות,IL,אפקטיב קר קרם גוף אינטנסי,מיליליטרים,700.00,"100 מ""ל",false,,23.90,0.0341,true,1,1115092
7290010748891,false,אפקטיב קר קרם גוף מולטי ויטמין לעור רגיל יבש ח 7,פישר מעבדות פרמצבטיות בע,IL,אפקטיב קר קרם גוף מולטי ו,מיליליטרים,700.00,"100 מ""ל",false,,23.90,0.0341,true,1,1115093
7290010757961,false,ג'חנון ללא גלוטן אריאל 450 גרם,מאפיית ישראל חיפה,IL,אריאל ללא גלוטן- ג'ח,גרמים,500.00,100 גרם,false,,19.90,0.0398,true,1,8367330
7290010766185,false,רוטב לפסטה עגבניות ובזיליקום אוליביה 420 גרם,אוליביה,IL,רוטב לפסטה עג.בזיליקום,גרמים,420.00,100 גרם,false,,12.80,0.0305,true,1,1084894
7290010766734,false,רוטב פיצה אוליביה אסם 430 ג',אוליביה,IL,רוטב פיצה 415 גר',מיליליטרים,430.00,"100 מ""ל",false,,12.80,0.0298,true,1,1084898
7290010766949,false,ממרח תחתיות ארטישוק 180ג' אוליביה,אוליביה,IL,ממרח ארטישוק,גרמים,180.00,100 גרם,false,,12.90,0.0717,true,1,1084902
7290010766956,false,ממרח פלפלים מתוקים אדומים אוליביה 180 גרם,אוליביה גורמה בעמ,IL,ממרח פלפלים קלויים,גרמים,180.00,100 גרם,false,,12.90,0.0717,true,1,1084903
7290010770762,false,מברשת שיניים קלין אנד פלקס אקווה פרש,גלקסו סמית קליין,DE,אקוה פרש מברשת פלקס,יח',1.00,יח',false,,4.90,4.9000,true,1,1106364
7290010770809,false,אקווה פרש 125 מל' עדין שלישיה,גלקסוסמיתקליין,SK,"אקוה פרש 125 מ""ל עדין שלי",מיליליטרים,375.00,"100 מ""ל",false,,20.00,0.0533,true,1,1106365
7290010770816,false,אקווה פרש 125 מל' מנטה שלישיה,גלקסוסמיתקליין,SK,"אקוה פרש מנטה 125 מ""ל שלי",מיליליטרים,375.00,"100 מ""ל",false,,19.90,0.0531,true,1,1106366
7290010775088,false,רוטב פיצה 700 גרם,פוד לי,,רוטב פיצה 700 גרם,גרמים,700.00,100 גרם,false,,13.80,0.0197,true,1,1101818
7290010775101,false,רוטב בולונז 700 גרם,פוד לי,,רוטב בולונז 700 גרם,גרמים,700.00,100 גרם,false,,13.80,0.0197,true,1,1101820
7290010775132,false,"רוטב צ'ילי ברביקיו 700 מ""ל",פוד לי,,"רוטב ברבקיו 700 מ""ל",מיליליטרים,700.00,"100 מ""ל",false,,13.80,0.0197,true,1,2649613
7290010777006,false,מארז לחמניות כוסמין 360 גרם,,IL,לחמניות כוסמין 6יח,גרמים,360.00,100 גרם,false,,14.90,0.0414,true,1,8363490
7290010777099,false,פיתות בעבודת יד פיתה אקספרס 8 יחידות,מגוון שיווק והפצת מא,IL,פיתה עבודת יד 8 יח.,גרמים,800.00,100 גרם,false,,10.70,0.0134,true,1,3029489
7290010777150,false,שמניית פיתה בריבוע מחיטה מלאה פיתה אקספרס,מגוון שיווק והפצת מא,IL,מארז פיתות חיטה מלאה,גרמים,100.00,8 גרם,false,,13.80,0.1380,true,1,1115888
7290010777297,false,פיתות עבודת יד10 יח'/ פיתה ביס לבן 12 יח',מגוון שיווק והפצת מא,IL,מארז פיתות ביס עבודת,קילוגרמים,1.00,"100 ק""ג",false,,12.90,12.9000,true,1,1115894
7290010777358,false,מארז שמיניית פיתות 100% כוסמין מלא,מגוון שיווק והפצת מא,IL,פיתה קמח כוסמין מלא,יח',1.00,יח',false,,15.90,15.9000,true,1,2870021
7290010777488,false,פיתה מחמצת 100% קמח מלא פיתה אקספרס,מאפיית ביכורים מזון,IL,פיתה מחמצת 100% קמח,גרמים,500.00,100 גרם,false,,15.90,0.0318,true,1,8400139
7290010777525,false,מארז שישייה פיתות כוסמין פיתה אקספרס,מאפיית ביכורים מזון,IL,פיתות כוסמין 6 יח,גרמים,360.00,100 גרם,false,,15.90,0.0442,true,1,8363492
7290010814244,false,שלשות שוקולד מריר 85 גרם*3 בלמינט *18 בקרטון,"כרמית תעשיות ממתקים בע""\",IL,שוקולד מריר שלשייה 2,גרמים,255.00,100 גרם,false,,9.80,0.0384,true,1,1088984
7290010814251,false,שלשות שוקולד חלב 85 גר*3 בלמינט*18 בקרט בדצ,"כרמית תעשיות ממתקים בע""\",IL,שוקולד חלב שלישיה אג,גרמים,255.00,100 גרם,false,,9.80,0.0384,true,1,1088985
7290010814268,false,שלשות שוקולד לבן 85 גר*3 בלמינט * 18 בקרטון,"כרמית תעשיות ממתקים בע""\",IL,שוקולד לבן שלישייה א,גרמים,255.00,100 גרם,false,,9.80,0.0384,true,1,1088986
7290010814695,false,שוקולד מריר פרווה ללא תוספת סוכר כרמית 85 גרם,כרמית תעשיות ממתקים בעמ,IL,שוקולד מריר פרווה לל,גרמים,85.00,100 גרם,false,,4.90,0.0576,true,1,1088992
7290010814701,false,שוקולד חלב ללא תוספת סוכר וסטהיים,"כרמית תעשיות ממתקים בע""\",IL,"שוקולד חלב אגו ללת""ס",גרמים,85.00,100 גרם,false,,4.90,0.0576,true,1,1088993
7290010815340,false,סנסי קרם רגליים אובלפיחה 100מ'ל,,,סנסי קרם רגליים אובל,יח',1.00,יח',false,,14.90,14.9000,true,1,3390622
7290010838219,false,ממתיק על בסיס צמח הסטיביה - שקיות,"קיפל טבליות וממתיקים בע""מ",IL,מר' סטיביה 100שקיות,גרמים,100.00,100 גרם,false,,26.90,0.2690,true,1,1117593
7290010838424,false,ג'ל לניקוי מתקדם בניחוח רענן - מארז זוג,"איטיליאן פוד, אס.פי.",NL,טואלט דאק * 750זוג *ירוק,מיליליטרים,750.00,"100 מ""ל",false,,16.90,0.0225,true,1,1117594
7290010838431,false,ג'ל לניקוי מתקדם בניחוח ים - מארז זוג,מיוצר עי קונדיטוריית,NL,טואלט דאק * 750זוג *כחול,מיליליטרים,750.00,"100 מ""ל",false,,16.90,0.0225,true,1,1117595
7290010839865,false,רוטב רכז רימונים ויליפוד 320 ג',ניו ג'רסי סטאר סנקס,TR,רוטב רימונים וילי פו,גרמים,320.00,100 גרם,false,,10.20,0.0319,true,1,1098250
7290010849505,false,יין למברוסקו די לואיג'י רוסו דולצ'ה,פארייפאבה אגרואינדוס,IT,למברוסקו די לואיג'י רוסו,מיליליטרים,750.00,"100 מ""ל",false,,24.90,0.0332,true,1,1100532
7290010849512,false,יין למברוסקו די לואיג'ירוזטו אמבילה,פארייפאבה אגרואינדוס,IT,למברוסקו די לואיג' רוזאטו,מיליליטרים,750.00,"100 מ""ל",false,,24.90,0.0332,true,1,1100533
7290010849529,false,יין למברוסקו די לואיג'י ביאנקו,פארייפאבה אגרואינדוס,IT,למברוסקו די לואיג'י ביאנק,מיליליטרים,750.00,"100 מ""ל",false,,24.90,0.0332,true,1,1100534
7290010883042,false,"סנובון נוזלי אפקט קצף פעיל רענן תות 750 מ""ל",סנו מפעלי ברונוס בעמ,IL,סנובון נוזלי ניחוח ר,מיליליטרים,750.00,"100 מ""ל",false,,8.90,0.0119,true,1,1094437
7290010883356,false,כפפות אלוורה רב שימושיות גדולות L סנו סושי,סנו סושי,CN,כפפות אלוורה רב שימו,יח',1.00,יח',false,,8.90,8.9000,true,1,1094439
7290010883363,false,כפפות אלוורה רב שימושיות קטנות S סנו סושי,האי נאם סי או אל.טי.,CN,כפפות אלוורה רב שימו,יח',1.00,יח',false,,8.90,8.9000,true,1,1094440
7290010903344,false,אצבעות שניצל רמי לוי 1 קג,,,אצבעות שניצל רמי לוי,יח',1.00,יח',false,,34.90,34.9000,true,1,8284881
7290010931330,false,סלט מטבוחה אחלה 500 גרם,מיוצר עי קונדיטוריית,IL,סלט מטבוחה אחלה 500,גרמים,500.00,100 גרם,false,,13.80,0.0276,true,1,1103888
7290010945146,false,קוטג' 3% מועשר בסידן טרה 250 ג' מהדרין,קריות זול,IL,גבינת קוטג' 3% טרה 2,גרמים,250.00,100 גרם,false,,5.30,0.0212,true,1,1083703
7290010945306,false,חלב בקרטון 3% 2 ליטר טרה,הפריט בפיקוח,IL,חלב 3% טרה 2 ליטר,ליטרים,2.00,ליטר,false,,12.30,6.1500,true,1,1083704
7290010945450,false,גבינה לבנה 3% 250 גר מועשר בסידן וויטמין,הפריט בפיקוח,IL,גבינה לבנה 3% טרה 25,גרמים,250.00,100 גרם,false,,4.70,0.0188,true,1,1083707
7290010984879,false,שום כתוש בצנצנת 200ג רמילוי,,,שום כתוש בצנצנת 200ג,גרמים,200.00,100 גרם,false,,11.90,0.0595,true,1,5990091
7290010984886,false,בזיליקום מגשית 70ג רמילוי,,,בזיליקום מגשית 70ג ר,גרמים,70.00,100 גרם,false,,7.90,0.1129,true,1,5990092
7290010984893,false,פטרוזיליה מגשית 70ג רמילוי,,,פטרוזיליה מגשית 70ג,גרמים,70.00,100 גרם,false,,7.90,0.1129,true,1,5990093
7290010984909,false,כוסברה מגשית 70ג רמילוי,,,כוסברה מגשית 70ג רמי,גרמים,70.00,100 גרם,false,,7.90,0.1129,true,1,5990094
7290010984923,false,שום כתוש מגשית 80ג רמילוי,,,שום כתוש מגשית 80ג ר,גרמים,80.00,100 גרם,false,,7.90,0.0988,true,1,5990096
7290011015862,false,"פריגת סירופ דיאט לימונענע 750 מ""ל",סירופ - גבעת חיים,IL,סירופ דיאט לימונענע,מיליליטרים,750.00,"100 מ""ל",false,,19.90,0.0265,true,1,1084411
7290011015985,false,"סירופ בטעם דיאט אננס 750 מ""ל פריגת",סירופ - גבעת חיים,IL,סירופ דיאט אננס פריג,מיליליטרים,750.00,"100 מ""ל",false,,19.90,0.0265,true,1,1084417
7290011018443,false,"פנטה אורנג פחית סליק 330 מ""ל",החברה המרכזית לייצור משקאות,IL,"פאנטה אורנג 330 מ""ל",מיליליטרים,330.00,"100 מ""ל",false,,3.90,0.0118,true,1,2752002
7290011018849,false,בקבוק בירה חוזר ריק,,,בקבוק בירה חוזר ריק,יח',1.00,יח',false,,1.20,1.2000,true,1,1084476
7290011026066,false,"ד""ר פישר - סרקל שמפו + מרכך לילדים 1 ליטר",פישר מעבדות פרמצבטיות בע,IL,סרקל שמפו + מעצב ליטר,ליטרים,1.00,ליטר,false,,22.70,22.7000,true,1,1115095
7290011026523,false,שמפו לתינוק לפני השינה Senstive עם לבנדר וקמומיל,פישר מעבדות פרמצבטיות בע,IL,קמיל בלו סנסיטיב אל דמע ל,מיליליטרים,500.00,"100 מ""ל",false,,17.90,0.0358,true,1,1115098
7290011026530,false,ק.ב סנסטיב אל סבון לבנדר קמומיל לפני השינה 500 מ,פישר מעבדות פרמצבטיות בע,IL,קמיל בלו סנסיטיב אל סבון,מיליליטרים,500.00,"100 מ""ל",false,,17.90,0.0358,true,1,1115099
7290011051525,false,ספרינג תה קר אפרסק 500מל,יפאורה שותפות מובגלת לשיווק,IL,ספרינג תה קר אפרסק 5,מיליליטרים,500.00,"100 מ""ל",false,,4.80,0.0096,true,1,5455768
7290011064020,false,בולגרית למריחה בטעמים 200 גר,גבינות אמיר ניצן בעמ,IL,ניצן בולגרית למריחה,גרמים,200.00,100 גרם,false,,13.10,0.0655,true,1,1096870
7290011064075,false,מעדן לבנה מסבחה -אבו גוש 200 גרם,גבינות אמיר ניצן בעמ,IL,ניצן אבו גוש מעדן לא,גרמים,200.00,100 גרם,false,,13.10,0.0655,true,1,1096871
7290011064099,false,ירקות או פרות ממולאים במעדן גבינה ניצן 125 גרם,גבינות אמיר ניצן בעמ,IL,טאפס שכונתי 125 גר,יח',1.00,יח',false,,16.90,16.9000,true,1,1096873
7290011065072,false,"תמצית בטעם וניל 50 מ""ל",,,תמצית בטעם וניל 50 מ,100 מל,50.00,100 מל,false,,3.70,0.0740,true,1,4454026
7290011065089,false,"תמצית בטעם רום 50 מ""ל",,,"תמצית בטעם רום 50 מ""",100 מל,50.00,100 מל,false,,3.70,0.0740,true,1,4454027
7290011065140,false,"צבע מאכל ירוק 50 מ""ל",,,"צבע מאכל ירוק 50 מ""ל",100 מל,50.00,100 מל,false,,3.40,0.0680,true,1,4454030
7290011065171,false,צבע מאכל אדום 50 גר,,,צבע מאכל אדום 50 גר,גרמים,50.00,100 גרם,false,,3.40,0.0680,true,1,4454033
7290011065188,false,שוקולד ציפס 48% רמילוי,,,שוקולד ציפס 48% רמיל,גרמים,250.00,100 גרם,false,,11.50,0.0460,true,1,6141664
7290011065225,false,סוכריות צבעוניות לקי,,,סוכריות צבעוניות לקי,גרמים,200.00,100 גרם,false,,7.90,0.0395,true,1,4454034
7290011065324,false,פפריקה מתוקה 80ג שקית רמילוי,,,פפריקה מתוקה 80ג שקי,גרמים,80.00,100 גרם,false,,4.90,0.0613,true,1,5412709
7290011065331,false,כמון טחון 50 שקית רמילוי,,,כמון טחון 50 שקית רמ,גרמים,50.00,100 גרם,false,,4.90,0.0980,true,1,5412710
7290011065348,false,כורכום טחון 80 שקית רמילוי,,,כורכום טחון 80 שקית,גרמים,80.00,100 גרם,false,,4.90,0.0613,true,1,5412711
7290011065362,false,מלח לימון 100גר שקית רמילוי,,,מלח לימון 100גר שקית,גרמים,100.00,100 גרם,false,,4.90,0.0490,true,1,5412712
7290011065386,false,פלפל שחור טחון 50גר שקית רמילוי,,,פלפל שחור טחון 50גר,גרמים,50.00,100 גרם,false,,6.90,0.1380,true,1,5412713
7290011065539,false,שמרים יבשים בוואקום 500ג רמילוי,,,שמרים יבשים בוואקום,גרמים,500.00,100 גרם,false,,11.90,0.0238,true,1,4816152
7290011065546,false,שמרים יבשים בוואקום 125ג רמילוי,,,שמרים יבשים בוואקום,גרמים,125.00,100 גרם,false,,3.90,0.0312,true,1,4816153
7290011081492,false,גלידה בטעם שלושה שוקולדים 1.33ל' קרמיסימו,"גלידת שטראוס בע""\מ, רחוב",IL,קרמיסימו שלושה שוקול,ליטרים,1.33,ליטר,false,,17.90,13.4586,true,1,1102229
7290011081690,false,קרמיסימו פרווה שוקו ציפ+וניל ציפ 1.33ל,"גלידת שטראוס בע""\מ, רחוב",IL,קרמיסימו פרווה שוקו,ליטרים,1.33,ליטר,false,,17.90,13.4586,true,1,1102232
7290011097011,false,מרכך ומבשם כביסה ורוד מלטף קלין 4 ליטר,קליר כימיקלים,IL,מרכך ומבשם כביסה ורו,ליטרים,4.00,ליטר,false,,16.90,4.2250,true,1,1101933
7290011097271,false,"מסיר כל אבנית מקומקום קלין 750 מ""ל",קלין,,מסיר כל אבנית מקומקו,מטרים,750.00,100 מ'ל,false,,9.90,0.0132,true,1,1101943
7290011097431,false,"תרסיס לניקוי כללי קלין 750 מ""ל",קליר כימיקלים,IL,תרסיס לניקוי כללי קל,מטרים,750.00,100 מ'ל,false,,11.90,0.0159,true,1,1101946
7290011097790,false,מרכך כביסה היפואלרגני לתינוקות קלין 4 ליטר,קלין,,מרכך כביסה היפואלרגנ,ליטרים,4.00,ליטר,false,,16.90,4.2250,true,1,1101955
7290011113926,false,דאודורנט ספריי טיטניום בלאק Titanium Black,משווק: וסמופארם בעממ,IL,דאו ספריי טיטניום 18,מיליליטרים,180.00,"100 מ""ל",false,,14.90,0.0828,true,1,1116108
7290011115159,false,סבון מוצק מועשר בקרם לחות ניחוח פרחים נקה 7 4*100 גרם,גליל כימיקלים בעמ,IL,סבון מוצק מועשר בקרם,גרמים,400.00,100 גרם,false,,10.90,0.0273,true,1,1116117
7290011115203,false,אל סבון מוצק מבושם בניחוח עדין קלאסיק - מארז רביעיה,טרופיקל דגיל תעשיות,IL,סבון מוצק מועשר ורוד,גרמים,400.00,100 גרם,false,,10.90,0.0273,true,1,1116120
7290011115241,false,אל סבון ארומטי מוצק ורוד ורד ויסמין - מארז רביעיה,"גליל כימיכלים בע""מ",IL,סבון מוצק מועשר בניח,גרמים,400.00,100 גרם,false,,10.90,0.0273,true,1,1116121
7290011115258,false,אל סבון מוצק מבושם בניחוח עדין קלאסיק - מארז רביעיה,"גליל כימיכלים בע""מ",IL,סבון מוצק מועשר ירוק,גרמים,400.00,100 גרם,false,,10.90,0.0273,true,1,1116122
7290011115265,false,מארז סבון מוצק ארומה אל סבון מועשר בשמנים ארומטיים,"גליל כימיכלים בע""מ",IL,סבון מוצק מועשר בניח,גרמים,400.00,100 גרם,false,,10.90,0.0273,true,1,1116123
7290011115272,false,אל סבון מוצק מועשר בקרם לחות צמחים - מארז רביעיה,קוסמופארם בע''מ,IL,סבון מוצק מועשר בקרם,גרמים,400.00,100 גרם,false,,10.90,0.0273,true,1,1116124
7290011115289,false,אל סבון מוצק מבושם בניחוח עדין קלאסיק - מארז רביעיה,"גליל כימיכלים בע""מ",IL,סבון מוצק מועשר סגול,גרמים,400.00,100 גרם,false,,10.90,0.0273,true,1,1116125
7290011115296,false,אל סבון מוצק מועשר בקרם לחות לבנדר - מארז רביעיה,נקה 7,,סבון מוצק מועשר בקרם,גרמים,400.00,100 גרם,false,,10.90,0.0273,true,1,1116126
7290011115401,false,אל סבון ארומטי מוצק צהוב קמומיל - רביעייה,נקה 7,IL,סבון מוצק ארומה לבן,גרמים,400.00,100 גרם,false,,10.90,0.0273,true,1,1116134
7290011126209,false,הגן הקסום תה טעם תפוח וקינמון סיידר ויסוצקי 25 יח',תה ויסוצקי,IL,הגן הקסום תה טעם תפו,יח',25.00,יח',false,,16.90,0.6760,true,1,1098572
7290011126216,false,תה רויבוש קלאסי ויסוצקי 25 יחידות,תה ויסוצקי,IL,תה רויבוש קלאסי ויסו,יח',25.00,יח',false,,24.50,0.9800,true,1,1098573
7290011126452,false,הגן הקסום תה בטעם קמומיל ונענע ויסוצקי 25 יחידות,תה ויסוצקי,IL,הגן הקסום תה בטעם קמ,יח',25.00,יח',false,,16.90,0.6760,true,1,1098580
7290011126469,false,חליטת צמחים וקמומיל הגן הקסום ויסוצקי 25 יחידות,תה ויסוצקי,IL,הגן הקסום תה בטעם קמ,יח',25.00,יח',false,,16.90,0.6760,true,1,1098581
7290011126957,false,תה ירוק ויסוצקי ארל גריי 25 שקיקים,ויסוצקי ירוק,IL,תה ירוק ארל גריי ויס,יח',25.00,יח',false,,22.90,0.9160,true,1,1098590
7290011131050,false,גרנולה בתוספת פקאן 1 קילו גרין,ויטליאה ניקולה דו,MK,גרנולה בתוספת פקאן 1,גרמים,1000.00,100 גרם,false,,19.70,0.0197,true,1,1095061
7290011131371,false,"מוזלי שקדים ואגוזים 1 ק""ג גרין",ויטליאה ניקולה דו,MK,מוזלי שקדים ואגוזים,קילוגרמים,1.00,"ק""ג",false,,24.90,24.9000,true,1,1095066
7290011131395,false,"מוזלי בתוספת 30% פירות 1 ק""ג גרין",ויטליאה ניקולה דו,MK,מוזלי בתוספת 30% פיר,100 קג,1.00,100 קג,false,,24.90,24.9000,true,1,1095068
7290011131654,false,מוזלי קראנצ'י ביג מיקס עם פירות ואגוזים,ויטליה ניקולא דו,MK,"מוזלי ביג מיקס 1 ק""ג",100 קג,1.00,100 קג,false,,24.90,24.9000,true,1,2693280
7290011131968,false,"גרנולה בתוספת שקדים ואגוזים גרין 1 ק""ג",ויטליה ניקולא דו,MK,גרנולה בתוספת שקדים,גרמים,1000.00,100 גרם,false,,19.70,0.0197,true,1,1095073
7290011131975,false,גרנולה בתוספת פירות מיובשים ומסוכרים,ויטליאה ניקולה דו,MK,גרנולה בתוספת פירות,גרמים,1000.00,100 גרם,false,,19.70,0.0197,true,1,1095074
7290011132583,false,"פפסי מקס ליים 500 מ""ל מארז שישייה","טמפו משקאות בע""\מ",IL,שישיית פפסי מקס 500,ליטרים,3.00,ליטר,false,,16.90,5.6333,true,1,1088339
7290011133368,false,בירה שנדי בתוספת משקה תפוח - שישייה,"טמפו משקאות בע""מ",IL,שנדי תפוח 330 בקבוק שישיי,ליטרים,1.98,ליטר,false,,27.90,14.0909,true,1,1088349
7290011133375,false,בירה שנדי בתוספת משקה אפרסק - שישייה,"טמפו משקאות בע""מ",IL,שנדי אפרסק 330 בקבוק שישי,ליטרים,1.98,ליטר,false,,27.90,14.0909,true,1,1088350
7290011133450,false,פקדון בקבוק חוזר 500,,,בקבוק חוזר 500מל פקד,יח',1.00,יח',false,,1.20,1.2000,true,1,1088278
7290011133634,false,"פפסי מקס פחית צרה מארז שישייה 330 מ""ל","טמפו משקאות בע""\מ",IL,פפסי מקס פחית דל קלו,ליטרים,1.98,ליטר,false,,16.90,8.5354,true,1,7850669
7290011148362,false,כרוב אדום מהדרין יבולי הכפר,,,כרוב אדום מהדרין יבו,קילוגרמים,1.00,"ק""ג",true,,13.90,13.9000,true,1,8385552
7290011148591,false,שיני שום שלוף 500 גר,עטרה,IL,כרובית ארוזה ירקט,יח',1.00,יח',false,,11.90,11.9000,true,1,8349644
7290011148621,false,דאבל ברוקולי,,,דאבל ברוקולי,יח',1.00,יח',false,,16.90,16.9000,true,1,5756302
7290011153885,false,נייר אכיל ממותג דיסני,שמחה זה אנחנו,,נייר אכיל ממותג,יח',1.00,יח',false,,14.90,14.9000,true,1,1101404
7290011154028,false,תרכיז סיידר תפוחים טהור טעמי הגליל 1.2 ליטר,טעמי הגליל,IL,תרכיז סיידר תפוחים ט,ליטרים,1.20,ליטר,false,,39.90,33.2500,true,1,1096861
7290011154035,false,"תרכיז תפוחים סחוט טעמי הגליל 500 מ""ל",טעמי הגליל,IL,רכז תפוחים סחוט 500,מיליליטרים,500.00,"100 מ""ל",false,,19.90,0.0398,true,1,8229139
7290011154080,false,"תרכיז תפוחים צלול טעמי הגליל 500 מ""ל",טעמי הגליל,IL,רכז תפוחים צלול 500,מיליליטרים,500.00,"100 מ""ל",false,,19.90,0.0398,true,1,8229140
7290011154141,false,סילאן לחיץ 360 גרם רמי לוי,,,סילאן לחיץ 360 גרם ר,גרמים,360.00,100 גרם,false,,8.90,0.0247,true,1,5656158
7290011154158,false,סילאן לחיץ טבעי 350 ג רמי לוי,,,סילאן לחיץ טבעי 350,גרמים,350.00,100 גרם,false,,11.90,0.0340,true,1,5656159
7290011154165,false,סילאן 900 גרם רמי לוי,,,סילאן 900 גרם רמי לו,גרמים,900.00,100 גרם,false,,9.90,0.0110,true,1,5656160
7290011154172,false,סילאן טבעי 900 ג רמי לוי,,,סילאן טבעי 900 ג רמי,גרמים,900.00,100 גרם,false,,19.90,0.0221,true,1,5656161
7290011154189,false,ממרח תמרים 450 ג רמי לוי,,,ממרח תמרים 450 ג רמי,גרמים,450.00,100 גרם,false,,4.80,0.0107,true,1,5656162
7290011154196,false,תמרים ללא חרצנים 500 גרם רמי לוי,,,תמרים ללא חרצנים 500,גרמים,500.00,100 גרם,false,,10.90,0.0218,true,1,5656163
7290011154882,false,"תרכיז תפוזים 500 מ""ל טעמי הגליל",טעמי הגליל,IL,תרכיז תפוזים טבעי 50,מטרים,500.00,100 מ'ל,false,,26.90,0.0538,true,1,8365692
7290011154899,false,"תרכיז תפוזים וענבים טבעי טעמי הגליל 500 מ""ל",טעמי הגליל,IL,תרכיז תפוחים וענבים,מטרים,500.00,100 מ'ל,false,,26.90,0.0538,true,1,8365693
7290011194215,false,מעדן גבינה ויוגורט בטעם בננה 5% שומן 88 ג' דניאלה,"שטראוס בריאות בע""מ",IL,דניאלה בטעם בננה 150,מיליליטרים,150.00,"100 מ""ל",false,,3.90,0.0260,true,1,1103890
7290011194246,false,קוטג' 5% עם סידן 250 ג' שטראוס,מיוצר עי קונדיטוריית,IL,קוטג' 5% שומן 250 גר,גרמים,250.00,100 גרם,false,,5.80,0.0232,true,1,1103891
7290011215347,false,גבטה 180 קפואה,,,ג'בטה 180 לבנה,יח',1.00,יח',false,,4.30,4.3000,true,1,8093391
7290011223038,false,בונומי עלים לקרמשניט שכבות אפויות מבצק עלים 300 גרם,בונומי ס.פ.א,IT,עלים לקרמשניט - בונומי 30,גרמים,300.00,100 גרם,false,,14.80,0.0493,true,1,1117605
7290011223045,false,בישקוטים בונומי 200 גרם,בונומי ס.פ.א,IT,בישקוטים בונומי 200גרם,גרמים,200.00,100 גרם,false,,5.90,0.0295,true,1,1117606
7290011223229,false,"טואלט דאק ג'ל לאסלה טיפות טל רעננות 55 מ""ל","איטיליאן פוד, אס.פי.",IT,ט.ד ג'ל אסלה טיפות טל רענ,מטרים,55.00,100 מ'ל,false,,7.30,0.1327,true,1,1117615
7290011223243,false,"טואלט דאק ג'ל לאסלה בניחוח לבנדר 55 מ""ל","איטיליאן פוד, אס.פי.",IT,ט.ד ג'ל אסלה ניחוח לבנדר,מטרים,55.00,100 מ'ל,false,,7.30,0.1327,true,1,1117617
7290011239237,false,חטיף אגוזים ישראלי 250גר,בני ריאד מחרום,IL,חטיף אגוזים ישראלי 2,גרמים,250.00,100 גרם,false,,18.90,0.0756,true,1,8330893
7290011239336,false,"חלבה מחרום ללת""ס 400 גרם","בני ריאד מחרום בע""מ",IL,חלבה 400גר ללא סוכר,גרמים,400.00,100 גרם,false,,19.90,0.0497,true,1,8330894
7290011239404,false,חטיפים שונים ארוזים330ג,"בני ריאד מחרום בע""מ",IL,חטיפים שונים ארוזים3,גרמים,300.00,100 גרם,false,,14.90,0.0497,true,1,2945171
7290011240868,false,"יין מוסקטו אדום מבעבע יקבי ציון 750 מ""ל",יקבי ציון,IL,מוסקטו אדום מבעבע,מיליליטרים,750.00,"100 מ""ל",false,,24.90,0.0332,true,1,2857227
7290011276485,false,חסה עגולה רמי לוי,,,חסה עגולה רמי לוי,יח',1.00,יח',false,,6.90,6.9000,true,1,3859080
7290011332983,false,מגבונים לניקוי אף מגבונאף קמיל בלו- מארז שלישייה,פישר מעבדות פרמצבטיות בע,IL,קמיל בלו מגבונאף שלישייה,יח',30.00,יח',false,,24.90,0.8300,true,1,1115119
7290011378028,false,חלבה קלאסית וניל ללא תוספת סוכר בארכה 350 גרם,"רושדי תעשיות מזון בע""\מ",IL,חלבה קלאסית וניל ללא,גרמים,350.00,100 גרם,false,,13.90,0.0397,true,1,1098592
7290011378257,false,חטיף חלבה בטעם וניל ללא תוספת סוכר בתוספת פיסטוק ופקאן,"רושדי תעשיות מזון בע""\מ",IL,מאגדת חטיפי חלבה באר,גרמים,126.00,100 גרם,false,,10.90,0.0865,true,1,1098594
7290011378769,false,חטיף חלווה וניל בארכה 126 גרם מארז 7 יחידות,"רושדי תעשיות מזון בע""\מ",IL,מאגדת חטיפי חלבה באר,גרמים,126.00,100 גרם,false,,10.90,0.0865,true,1,1098599
7290011378776,false,חטיף חלווה פיסטוק בארכה 126 גרם מארז 7 יחידות,"רושדי תעשיות מזון בע""\מ",IL,מאגדת חטיפי חלבה באר,גרמים,126.00,100 גרם,false,,10.90,0.0865,true,1,1098600
7290011424367,false,זרעים בצל נטורל גרין,,,זרעים בצל,יח',1.00,יח',false,,5.90,5.9000,true,1,8301368
7290011424404,false,זרעים חמניות,,,זרעים חמניות,יח',1.00,יח',false,,5.90,5.9000,true,1,7742919
7290011424459,false,זרעים כוסברה,,,זרעים כוסברה,יח',1.00,יח',false,,5.90,5.9000,true,1,7742924
7290011424480,false,זרעים מיקס חרדלים,,,זרעים מיקס חרדלים,יח',1.00,יח',false,,5.90,5.9000,true,1,7742927
7290011424497,false,זרעים אורגניים-מיקס,,,זרעים מיקס ירוקים,יח',1.00,יח',false,,5.90,5.9000,true,1,7742928
7290011424589,false,זרעים אורגניים-עגבני,,,זרעים עגבניה שרי,יח',1.00,יח',false,,5.90,5.9000,true,1,7742992
7290011424596,false,זרעים אורגניים-עגבני,,,זרעים עגבנייה,יח',1.00,יח',false,,5.90,5.9000,true,1,7742993
7290011424602,false,זרעים עירית,,,זרעים עירית,יח',1.00,יח',false,,5.90,5.9000,true,1,7742994
7290011424657,false,זרעים אורגניים-צנוני,,,זרעים צנונית,יח',1.00,יח',false,,5.90,5.9000,true,1,7742999
7290011424749,false,זרעים אורגניים-גזר,,,זרעים גזר,יח',1.00,יח',false,,5.90,5.9000,true,1,7743007
7290011424770,false,זרעים אורגניים-כובע,,,זרעים כובע נזיר,יח',1.00,יח',false,,5.90,5.9000,true,1,7743010
7290011424787,false,זרעים אורגניים-אפונה,,,זרעים אפונה ריחנית,יח',1.00,יח',false,,5.90,5.9000,true,1,7743011
7290011424794,false,זרעים דלפיניום,,,זרעים דלפיניום,יח',1.00,יח',false,,5.90,5.9000,true,1,7743012
7290011438142,false,"משקה יטבתה אייס קפה בבקבוק אישי 350 מ""ל",שטראוס גרופ,IL,אייס קפה יטבתה 350 מ,מיליליטרים,350.00,"100 מ""ל",false,,6.20,0.0177,true,1,1103899
7290011447014,false,מטרנה דייסת סלט פירות 200 גרם,מטרנה תעשיות ש.מ,IL,מטרנה דייסת סלט פירו,גרמים,200.00,100 גרם,false,,12.90,0.0645,true,1,1091713
7290011447267,false,מטרנה פרימיום חלבי שלב 1 700 גרם חיסכון,מטרנה תעשיות ש.מ,IL,תחליף חלב חלבי שלב 1,גרמים,700.00,100 גרם,false,,47.90,0.0684,true,1,1091722
7290011447281,false,מטרנה פרימיום חלבי שלב 2 700 גרם חיסכון,מטרנה תעשיות ש.מ,IL,תחליף חלב חלבי שלב 2,גרמים,700.00,100 גרם,false,,47.90,0.0684,true,1,1091724
7290011447304,false,מטרנה פרימיום חלבי שלב 3 700 גרם חיסכון,מטרנה תעשיות ש.מ,IL,תחליף חלב חלבי שלב 3,גרמים,700.00,100 גרם,false,,47.90,0.0684,true,1,1091726
7290011447359,false,תחליף חלב מטרנה מהדרין שלב 1 חלבי 700 גרם,מולינו ניקולי s.p.a,IL,תחליף חלב מהדרין שלב,גרמים,700.00,100 גרם,false,,47.90,0.0684,true,1,1091729
7290011447373,false,תחליף חלב מטרנה מהדרין שלב 2 חלבי 700 גרם,מטרנה תעשיות ש.מ,IL,תחליף חלב מהדרין שלב,גרמים,700.00,100 גרם,false,,47.90,0.0684,true,1,1091731
7290011447748,false,"מזון לחתולים יבש עם דגי אוקיינוס וטונה סופר קט 3 ק""ג",קריות זול,IL,מזון לחתולים יבש עם,קילוגרמים,3.00,"ק""ג",false,,47.50,15.8333,true,1,1099233
7290011447908,false,"מזון לחתולים מלא טעם עוף וכבד סופר קט 3 ק""ג",קריות זול,IL,מזון לחתולים מלא טעם,100 לקג,3.00,100 לקג,false,,39.90,13.3000,true,1,1099236
7290011473051,false,קוואקר עבה אורגני 500 גרם,ארוז ע' תבואות,GB,קוואקר אורגני 500 גר,גרמים,500.00,100 גרם,false,,10.90,0.0218,true,1,3670902
7290011473129,false,גרעיני חמניות קלוף אורגני 300 גרם,אורז ע'י,CN,גרעיני חמניה קלופים,גרמים,300.00,100 גרם,false,,10.80,0.0360,true,1,3670906
7290011473204,false,עדשים ירוקים אורגני 500 גרם,ארוז ע' תבואות,TR,עדשים ירוקים אורגני,גרמים,500.00,100 גרם,false,,14.90,0.0298,true,1,3670912
7290011473280,false,חומוס אורגני תבואות,ארוז ע' תבואות,IL,חומוס אורגני 500 גר,גרמים,500.00,100 גרם,false,,9.90,0.0198,true,1,3670917
7290011473327,false,שעועית מש אורגנית 500 גרם,תבואות,CN,שעועית מש אורגני 500,גרמים,500.00,100 גרם,false,,14.20,0.0284,true,1,3670920
7290011473952,false,קוואקר מהיר הכנה טבעי 400 גר,ארוז ע' תבואות,GB,קוואקר מהיר הכנה טבע,גרמים,400.00,100 גרם,false,,5.90,0.0148,true,1,8262379
7290011474386,false,קוואקר דק אורגני 500 גרם,תבואות,,קוואקר דק אורגני 500,גרמים,500.00,100 גרם,false,,12.90,0.0258,true,1,3670812
7290011480516,false,שמיר יבולי הכפר הר' אפרתי,TBD,,שמיר מהדרין,יח',1.00,יח',false,,4.90,4.9000,true,1,1096406
7290011480523,false,נענע יבולי הכפר הר' אפרתי,,,נענע כשר,יח',1.00,יח',false,,4.90,4.9000,true,1,1096407
7290011480547,false,בצל ירוק יבולי הכפר הר' אפרתי,TBD,,בצל ירוק מהדרין יבול,יח',1.00,יח',false,,5.90,5.9000,true,1,1096409
7290011518561,false,"אקטימל תות 1.51 ק""ג מארז 14 יחידות",מיוצר עי קונדיטוריית,IL,יוגורט אקטימל תות 14,ליטרים,1.40,ליטר,false,,28.90,20.6429,true,1,1103908
7290011525316,false,"ד""ר פישר - קמיל בלו סנסיטיב תחליב לתינוק שיבולת 500 מ""ל",פישר מעבדות פרמצבטיות בע,IL,קמיל בלו סנסיטיב תחליב לת,מיליליטרים,500.00,"100 מ""ל",false,,29.90,0.0598,true,1,1115121
7290011570132,false,"תחילף קמח ללא גלוטן גלעם 1 ק""ג",אשבל מזון פונקציונלי,IL,קמח ללא גלוטן גלעם 1,גרמים,1000.00,100 גרם,false,,15.90,0.0159,true,1,1087997
7290011570781,false,"קמח כרגיל ללא גלוטן בטעם וניל אשבל 1 ק""ג",אשבל מזון פונקציונלי בע\,IL,קמח כרגיל ללא גלוטן,גרמים,450.00,100 גרם,false,,15.70,0.0349,true,1,3552406
7290011570798,false,"קמח כרגיל ללא גלוטן בטעם שוקולד אשבל 1 ק""ג",אשבל מזון פונקציונלי בע\,IL,קמח כרגיל ללא גלוטן,גרמים,450.00,100 גרם,false,,15.70,0.0349,true,1,3552407
7290011575809,false,"הגרטי תרסיס לניקוי כלי כסף יעקבי 200 מ""ל",יעקובי הפי,BE,הגרטי תרסיס לניקוי כ,מיליליטרים,200.00,"100 מ""ל",false,,29.90,0.1495,true,1,1097314
7290011587581,false,פילה אנשובי צנצנת 100גרם,אינוורסינס פריסקו,PE,אנשובי צנצנת 100 גר,יח',1.00,יח',false,,10.80,10.8000,true,1,2655330
7290011587598,false,שימורי אנשובי בפח 45 ג' תומר,אינוורסיונס פריסקו,PE,אנשובי בפח 26 גר -תו,יח',1.00,יח',false,,5.50,5.5000,true,1,2655331
7290011587840,false,עגבניות קצוצות בשמן 340 גר,תומר,,עגב. קצוצות בשמן 340,גרמים,340.00,100 גרם,false,,11.20,0.0329,true,1,1088015
7290011593087,false,"שמן זית כתית מעולה 750 מ""ל סבא חביב",סאן אויל עיבוד ושיוו,IL,סבא חביב שמן זית כתי,מטרים,750.00,100 מ'ל,false,,29.70,0.0396,true,1,8384580
7290011598211,false,"סנו - אנטי קאלק מרסס ניקוי כללי 4 ב-1 700 מ""ל",מיוצר עי קונדיטוריית,IL,אנטי קאלק תרסיס לניק,מיליליטרים,700.00,"100 מ""ל",false,,17.70,0.0253,true,1,1094464
7290011598372,false,מטלית מיקרופייבר פרופשיונל לרצפה סנו סושי,סנו סושי,IL,מטלית מיקרופייבר לרצ,יח',1.00,יח',false,,10.90,10.9000,true,1,1094469
7290011598402,false,מקסימה מרכך כביסה ארומתרפי מאסק סנו 4 ליטר,"סנו מפעלי ברונוס בע""\מ",IL,מקסימה מרכך כביסה אר,ליטרים,4.00,ליטר,false,,21.50,5.3750,true,1,1094470
7290011607197,false,"קולון 101 אבקת כביסה 5 ק""ג",רקיט בנקיזר,IL,COLON 101 3x5KG new promo,קילוגרמים,5.00,"ק""ג",false,,38.90,7.7800,true,1,1107536
7290011615260,false,"טורטייה 20 ס""מ קוטר וילי פוד 540 גר",מוטלוקל גידה סאנאי ט,TR,טורטיות 540 גרם,גרמים,540.00,100 גרם,false,,8.70,0.0161,true,1,1098257
7290011615277,false,"עלי טורטיוה קמח חיטה 25ס""מ 12יח' ויליפוד 840 ג'",מוטלוקל גידה סאנאי ט,TR,טורטיות וילי פוד 840,גרמים,840.00,100 גרם,false,,13.90,0.0165,true,1,1098258
7290011618025,false,בייבי ביס הוט קידס נגיסי אורז לתינוק,גואנז'ו יונג וואנט פ,CN,נגיסי אורז לתינוקות בטעם,גרמים,50.00,100 גרם,false,,13.50,0.2700,true,1,1117637
7290011618131,false,"בייבי ביס חטיף אורז כשל""פ בטעם גזר",גואנז'ו יונג וואנט פ,CN,נגיסי אורז לתינוקות בטעם,גרמים,50.00,100 גרם,false,,13.50,0.2700,true,1,1117642
7290011618216,false,נגיסי אורז בייבי ביס בננה 50 גרם,גואנז'ו יונג וואנט פ,CN,נגיסי אורז לתינוקות בטעם,גרמים,50.00,100 גרם,false,,13.50,0.2700,true,1,1117644
7290011622442,false,טבעונים - חטיף טבעות דגנים מלאים בטעם טבעי 45 גרם,הארט Heart,IL,טבעונים טבעות דגנים מלאים,גרמים,45.00,100 גרם,false,,5.80,0.1289,true,1,1084935
7290011644000,false,מקלות תירס ממותקים 80 גרם,סנקי,IL,מקלות תירס ממותקים 6,גרמים,60.00,100 גרם,false,,4.90,0.0817,true,1,8483204
7290011668419,false,"שמפו אובלפיחה לשיער רגיל 750 מ""ל פנינה רוזנבלום",פנינה רוזנבלום,IL,שמפו אובלפיחה לשיער,מיליליטרים,750.00,"100 מ""ל",false,,8.90,0.0119,true,1,1102400
7290011668471,false,"שמפו לשיער רימונים 750 מ""ל פנינה רוזנבלום",פנינה רוזנבלום,IL,שמפו לשיער רימונים 7,מיליליטרים,750.00,"100 מ""ל",false,,8.90,0.0119,true,1,1102405
7290011668570,false,בריא מהטבע גרנולה פירות יבשים 450 גרם פנינה רוזנבלום,בריא מהטבע פנינה רוזנבלום,IL,בריא מהטבע גרנולה פי,גרמים,450.00,100 גרם,false,,24.90,0.0553,true,1,1102408
7290011732189,false,"סוכריות צמיד דחוסות בד""ץ טעמן 48 יחידות",גואנגדונג צאואן פוד,CN,מארז סוכריות צמיד 48,יח',48.00,יח',false,,15.90,0.3313,true,1,1090537
7290011743833,false,"סנסודיין משחת שיניים פרונאמל 75 מ""ל",גלקסו סמית קליין,GB,"סנסודיין פרונמל 75 מ""ל",גרמים,75.00,100 גרם,false,,23.90,0.3187,true,1,1106400
7290011765095,false,קרמה מן גל גילוח אלוורה ירוק 200 מל,טרופיקל דגיל תעשיות,TR,ג'ל גילוח לעור עדין,מיליליטרים,200.00,"100 מ""ל",false,,10.90,0.0545,true,1,1094478
7290011765392,false,"בוב ספוג שמפו לשיער לסירוק קל כיף 750 מ""ל",טרופיקל דגיל תעשיות,IL,בוב ספוג שמפו לשיער,מיליליטרים,750.00,"100 מ""ל",false,,10.90,0.0145,true,1,1094502
7290011765408,false,"בוב ספוג שמפו ומרכך לשיער לסירוק קל כיף 750 מ""ל",קוסמופארם בע''מ,IL,בוב ספוג שמפו ומרכך,מיליליטרים,750.00,"100 מ""ל",false,,10.90,0.0145,true,1,1094503
7290011765446,false,משחת שיניים לילדים בוב ספוג בטעם מיץ ענבים עם פלואוריד למניעת עששת,טרופיקל דגיל תעשיות קוסמ,IL,משחת שיניים לילדים ב,גרמים,50.00,100 גרם,false,,7.50,0.1500,true,1,1094506
7290011765613,false,סנו מסיר עובש בניחות לימון מתז 1 ל',"סנו מפעלי ברונוס בע""\מ",IL,סנו מסיר עובש בניחוח,יח',1.00,יח',false,,14.90,14.9000,true,1,7274284
7290011800840,false,רפי כהן סלט טחינה בלאדי צבר 400 גרם,רפי כהן / צבר,IL,רפי כהן סלט טחינה בל,גרמים,400.00,100 גרם,false,,14.90,0.0373,true,1,1091742
7290011830182,false,פסטה כוסמין אורגנית פוזילי 500גר,השדה מוצרים אורגניים,IT,פסטה כוסמין אורגנית,גרמים,400.00,100 גרם,false,,19.90,0.0497,true,1,8251236
7290011830250,false,נודלס אורגני ללא גלוטן 100% כווסמת 250 גרם,השדה מוצרים אורגניים,CN,נודלס אורגני ללא גלו,גרמים,250.00,100 גרם,false,,17.70,0.0708,true,1,2649205
7290011877095,false,"רדיד אלומיניום רוחב 45 ס""מ סנו סושי 2*7.5 מטר",בורסה פאזרי,TR,רדיד אלומיניום רוחב,אורך,7.50,אורך,false,,19.90,2.6533,true,1,1094513
7290011877101,false,"סנומוד מטהר אוויר מאסק סנו 150 מ""ל",מיוצר עי קונדיטוריית,IL,סנומוד מטהר אוויר מא,מיליליטרים,150.00,"100 מ""ל",false,,9.90,0.0660,true,1,1094514
7290011877446,false,"קרם למניעת גירויים בייבי כיף 100 מ""ל",קוסמופארם בע'\'\מ,IL,בייבי קרם נגד גירויי,גרמים,100.00,100 גרם,false,,9.90,0.0990,true,1,1094519
7290011877859,false,סנו אינסטלטור חדש פותח סתימות 200ג',מיוצר עי קונדיטוריית,IL,אינסטלטור פותח סתימו,מיליליטרים,200.00,"100 מ""ל",false,,12.90,0.0645,true,1,1094529
7290011877866,false,"מקסימה אבקת כביסה בניחוח מאסק סנו 6 ק""ג","סנו מפעלי ברונוס בע""\מ",IL,מקסימה אבקת כביסה בנ,קילוגרמים,6.00,"ק""ג",false,,44.90,7.4833,true,1,1094530
7290011920210,false,"תרסיס אקונומיקה קלין 750 מ""ל",קלין,,תרסיס אקונומיקה קלין,מטרים,750.00,100 מ'ל,false,,9.90,0.0132,true,1,1101968
7290011920777,false,"תרסיס לבישום כביסה קלין 750 מ""ל",קלין,,תרסיס לבישום כביסה ק,מטרים,750.00,100 מ'ל,false,,16.90,0.0225,true,1,1101978
7290011920920,false,קלין מנקה הכל מגבונים לניקוי כללי קלין 50,קלין,IL,קלין מנקה הכל מגבוני,יחי,50.00,יחי,false,,4.90,0.0980,true,1,1101985
7290011923068,false,הצהובה הקלאסית פרוס תחליף שומן צמחי 200גר,,GR,הצהובה הקלאסית פרוס,גרמים,200.00,100 גרם,false,,18.90,0.0945,true,1,8358164
7290011923082,false,גבינה פרוסות בסגנון מוצרלה טבעוני 200 ג,,GR,מוצרלה פרוסות תחליף,גרמים,200.00,100 גרם,false,,18.90,0.0945,true,1,8358165
7290011923112,false,גבינת גוש בסגנון פטה יוונית טבעוני 200 ג,,GR,פטה גוש תחליף שומן צ,גרמים,200.00,100 גרם,false,,18.90,0.0945,true,1,8358167
7290011923273,false,טופו אורגני-ליב 300 גרם,א.י.ן תעשיות מזון בע,IL,טופו אורגני 300גרם ל,גרמים,300.00,100 גרם,false,,11.90,0.0397,true,1,1118051
7290011923303,false,טופו טבעי 300גרם ליב,א.י.ן תעשיות מזון בע,IL,טופו טבעי 300גרם ליב,גרמים,300.00,100 גרם,false,,9.90,0.0330,true,1,1118052
7290011931162,false,סוכרלייט ממתיק נוזלי על בסיס סוכרלוז,אף.סי תבליני בגליל ב,IL,סוכרלייט ממתיק נוזלי,מיליליטרים,220.00,"100 מ""ל",false,,22.90,0.1041,true,1,1089742
7290011947309,false,זיתים מצוננים סורי מבוקע ולימון כבוש זיתא 230 ג',זיתא – י.ט.ב תעשיות,IL,זיתים סורים מבוקעים,גרמים,230.00,100 גרם,false,,13.50,0.0587,true,1,2602391
7290011947316,false,זיתא זיתי קלמטה בשמן זית כתית מעולה 215ג,זיתא - י.ט.ב תעשיות,IL,זיתים קלמטה 215 גר מ,גרמים,215.00,100 גרם,false,,13.50,0.0628,true,1,2742551
7290011947521,false,"שמן זית כתית מעולה מודגש זיתא 750 מ""ל",זיתא - י.ט.ב תעשיות,IL,שמן זית מודגש זיתא 7,מיליליטרים,750.00,"100 מ""ל",false,,32.90,0.0439,true,1,4081291
7290011947743,false,זיתים זיתא מיקס זית ירוק וזית קלמטה 215 גרם,זיתא - י.ט.ב תעשיות,IL,מיקס זיתים 215ג,גרמים,215.00,100 גרם,false,,13.50,0.0628,true,1,8102351
7290011947781,false,מיקס זית ירוק וזית קלמטה ללא גלעין עם שמן זית כתית מעולה,זיתא - י.ט.ב תעשיות,IL,מיקס זיתים ירוקים קל,גרמים,190.00,100 גרם,false,,13.90,0.0732,true,1,8291316
7290011947798,false,זית קלמטה ללא גלעין עם שמן זית כתית מעולה,זיתא - י.ט.ב תעשיות,IL,זיתים קלמטה ללא גלעי,גרמים,190.00,100 גרם,false,,13.90,0.0732,true,1,8291317
7290011977634,false,סרדינים בשמן קנולה עם פלפל חריף טעים 125 גרם,טעמן,IL,סרדינים בשמן צמחי עם,גרמים,125.00,100 גרם,false,,3.90,0.0312,true,1,1090587
7290011977641,false,סרדינים בשמן קנולה עם לימון טעים 125 גרם,טעמן,IL,סרדינים בשמן ולימון,גרמים,125.00,100 גרם,false,,3.90,0.0312,true,1,1090588
7290011977665,false,סרדינים ברוטב עגבניות טעים 125 גרם,טעמן,MA,סרדינים ברוטב עגבניו,גרמים,125.00,100 גרם,false,,3.90,0.0312,true,1,1090590
7290012001994,false,חרדל דיז'ון גרעינים 350 ג' ריין דיזון,ריין דיז'ון reine dijon,FR,חרדל דיגון גרעינים 350 גר,גרמים,350.00,100 גרם,false,,9.90,0.0283,true,1,1099247
7290012019036,false,שיני שום כבושים תומר 330 גרם,ליני דשן פוד,CN,שום כבוש בחומ ץ330 ג,גרמים,330.00,100 גרם,false,,9.90,0.0300,true,1,1088018
7290012019043,false,שום צעיר כבוש בחומץ בצנצנת 330 גרם,FOODS CANDDED QINGDAO,CN,שום צעיר כבוש 330 גר,גרמים,330.00,100 גרם,false,,9.90,0.0300,true,1,1088019
7290012019258,false,מחית תפוחי עץ רביעיה 4 * 113 ג' תומר,אינדיאן סאמר קו אופ אינק,US,"מחית תפו""ע 4*113גר",גרמים,452.00,100 גרם,false,,10.70,0.0237,true,1,1088021
7290012019401,false,מיץ דובדבן 100% 1 ליטר תוצרת גרוזיה,Aromaproduct ltd,,מיץ דובדבן 100% גרוז,מטרים,1000.00,100 מ'ל,false,,17.30,0.0173,true,1,8339532
7290012022203,false,פריכיות קליליות חיטה,דילייט 2005,IL,קליליות מרובה דגנים,יח',1.00,יח',false,,13.50,13.5000,true,1,1115378
7290012022227,false,קליליות חיטה בטעם טבעי,דילייט 2005,IL,קליליות רגיל 60 ג,יח',1.00,יח',false,,11.50,11.5000,true,1,1115380
7290012022272,false,פריכיות קליליות קידס,דילייט 2005,IL,קליליות ילדים 30 ג,יח',1.00,יח',false,,9.90,9.9000,true,1,2764958
7290012025822,false,שמיר סלק אסלי 400 גרם,"סלטי שמיר 2006 בע""מ",IL,שמיר סלק אסלי 400 גר,גרמים,400.00,100 גרם,false,,9.80,0.0245,true,1,8417952
7290012046193,false,ספוגי קרצוף קשיחים ירוקים קצרים 9יח,M3,ES,ספוגי קרצוף קשיחים י,יח',1.00,יח',false,,13.90,13.9000,true,1,8390486
7290012052163,false,גרנולה מרכיבים טבעיים זרעים אגוזים ופירות 350 גרם,רפאלס,IL,גרנולה מרכיבים טבעיי,גרמים,350.00,100 גרם,false,,13.90,0.0397,true,1,1119727
7290012052170,false,גרנולה עם אגוזים ופירות יבשים במתיקות מעודנת,רפאלס,IL,גרנולה אגוזים ופירות,גרמים,350.00,100 גרם,false,,13.90,0.0397,true,1,1119728
7290012052316,false,גרנולה תענוג - שפע פירות 1 קילו,רפאלס,IL,"גרנולה תענוג 1 ק""ג פ",גרמים,1000.00,100 גרם,false,,21.90,0.0219,true,1,1119736
7290012052323,false,מוזלי עם פירות יבשים ושקדים ללא תוספת סוכר,רפאלס,IL,תענוג מוזלי 1 ק''ג,גרמים,1000.00,100 גרם,false,,21.90,0.0219,true,1,1119737
7290012052347,false,"גרנולה תענוג-צימוקים ושקדים ללא תוספת סוכר 1 ק""ג",רפאלס,IL,תענוג ללא תוספת סוכר,גרמים,1000.00,100 גרם,false,,21.90,0.0219,true,1,1119739
7290012052361,false,גרנולה מוזלי בטעם מרכיבים טבעיים 350 גרם,רפאלס,IL,גרנולה מוזלי בטעם מר,גרמים,350.00,100 גרם,false,,13.90,0.0397,true,1,1119741
7290012052460,false,צ'וקולומומו - מיקס זרעים לסלט - אורגינל,רפאלס,IL,צ'וקולומומו אורגינל,גרמים,250.00,100 גרם,false,,14.90,0.0596,true,1,1119744
7290012052477,false,צ'וקולומומו - מיקס זרעים לסלט - עשבי תיבול,רפאלס,IL,צ'וקולומומו עשבי תיב,גרמים,250.00,100 גרם,false,,14.90,0.0596,true,1,1119745
7290012116025,false,שמפו פיית הפרפרים לסירוק קל מכיל רוזמרין,קוסמופארם בע'\'\מ,IL,שמפו לשיער פיות כיף,מיליליטרים,750.00,"100 מ""ל",false,,10.90,0.0145,true,1,1094542
7290012116032,false,כיף פיות מרכך לסירוק קל 750 מל,טרופיקל דגיל תעשיות,IL,מרכך לשיער פיות כיף,מיליליטרים,750.00,"100 מ""ל",false,,10.90,0.0145,true,1,1094543
7290012116070,false,"אל סבון נוזלי פיות בתמציות אלוורה כיף 750 מ""ל",החברה הדרומית,IL,אל סבון נוזלי פיות ב,מיליליטרים,750.00,"100 מ""ל",false,,10.90,0.0145,true,1,1094545
7290012116360,false,פוליויקס נוזל לניקוי רצפות גרניט פורצלן סנו 2 ליטר,"מפעלי סנו ברונוס בע""",IL,פוליויקס נוזל לניקוי,ליטרים,2.00,ליטר,false,,14.90,7.4500,true,1,1094554
7290012116537,false,"מקסימה אבקת כביסה בניחוח מאסק סנו 2.5 ק""ג",טרופיקל דגיל תעשיות,IL,מקסימה אבקת כביסה בנ,קילוגרמים,2.50,"ק""ג",false,,22.70,9.0800,true,1,1094561
7290012116551,false,אנטי קאלק נוזל לניקוי כללי סנו 2 ליטר,מיוצר עי קונדיטוריית,IL,אנטי קאלק נוזל לניקו,ליטרים,2.00,ליטר,false,,17.90,8.9500,true,1,1094562
7290012116612,false,אורביטול מברשת שיניים מארז 4 יח',ג'נרל מילס סאן אדריא,CN,מברשת שיניים אורביטו,יח',4.00,יח',false,,9.90,2.4750,true,1,1094568
7290012116674,false,"דאודורנט גל קול 75 מ""ל קרמה מן",קוסמופארם,IL,cool קרמה מן דאודורנ,מטרים,75.00,100 מ'ל,false,,13.90,0.1853,true,1,1094572
7290012116681,false,דאודורנט ג'ל אנטיפרספירנט אקטיב בלוק Calm,קוסמופארם בעמ,IL,calm קרמה מן דאודורנ,מטרים,75.00,100 מ'ל,false,,13.90,0.1853,true,1,1094573
7290012117039,false,נוזל לניקוי אמבטיה 00 סנו 1 ליטר,סנו מפעלי ברונוס בעמ,IL,נוזל לניקוי אמבטיה 0,ליטרים,1.00,ליטר,false,,7.50,7.5000,true,1,1094592
7290012117091,false,"אבקת כביסה סנסיטיב סנו מקסימה 6 ק""ג",סנו מקסימה,IL,מקסימה אבקת כביסה סנ,קילוגרמים,6.00,"ק""ג",false,,44.90,7.4833,true,1,1094596
7290012117350,false,"נוזל רצפות לילך 2 ליטר ""ריצפז פרש""","סנו מפעלי ברונוס בע""\מ",IL,ריצפז פרש 2 לי,ליטרים,2.00,ליטר,false,,16.90,8.4500,true,1,1094599
7290012117398,false,קרמה מן גל לאחר גילוח לעור עדין 150 מל,החברה הדרומית,IL,קרמה מן אפטר שייב ג',מיליליטרים,150.00,"100 מ""ל",false,,11.90,0.0793,true,1,1094603
7290012117411,false,"שמפו וג'ל רחצה רויבוס 700 מ""ל ""קרמה""",קוסמופארם בע'\'\מ,IL,ג'ל רחצה לגבר במבוק,מיליליטרים,700.00,"100 מ""ל",false,,14.90,0.0213,true,1,1094605
7290012117428,false,"ג'ל רחצה ושמפו מעיינות מנטה קרמה מן 700 מ""ל",טרופיקל דגיל תעשיות,IL,ג'ל רחצה ושמפו מעיינ,מיליליטרים,700.00,"100 מ""ל",false,,14.90,0.0213,true,1,1094606
7290012117534,false,מרכך כביסה מרוכז תכלת קול סנו מקסימה 1 ליטר,"סנו מפעלי ברונוס בע""\מ",IL,מקסימה מרכך כביסה מר,ליטרים,1.00,ליטר,false,,17.50,17.5000,true,1,1094613
7290012117541,false,מרכך כביסה מרוכז צהוב סנו מקסימה 1 ליטר,סנו מפעלי ברונוס בעמ,IL,מקסימה מרכך כביסה מר,ליטרים,1.00,ליטר,false,,17.50,17.5000,true,1,1094614
7290012117558,false,מקסימה מרכך כביסה מרוכז ורוד בניחוח מאסק סנו 1 ליטר,"סנו מפעלי ברונוס בע""\מ",IL,מקסימה מרכך כביסה מר,ליטרים,1.00,ליטר,false,,17.50,17.5000,true,1,1094615
7290012117732,false,מקסימה מרכך כביסה ארומתרפי קול סנו 4 ליטר,"סנו מפעלי ברונוס בע""\מ",IL,מקסימה מרכך כביסה אר,ליטרים,4.00,ליטר,false,,21.50,5.3750,true,1,1094631
7290012117916,false,אינסטלטור נוזל לפתיחת סתימות סנו 1 ליטר,"סנו מפעלי ברונוס בע""",IL,אינסטלטור נוזל לפתיח,ליטרים,1.00,ליטר,false,,26.70,26.7000,true,1,1094639
7290012139598,false,"חול קיטי 10 ק""ג",בנטס,TR,חול קיטי 10 קג,יח',1.00,יח',false,,49.90,49.9000,true,1,8368305
7290012193163,false,פמילי אל סבון נוזלי פריחת הדובדבן 1 ליטר,אף.סי תבליני בגליל ב,IL,פמלי אל סבון ליטר פרחי בר,ליטרים,1.00,ליטר,false,,10.80,10.8000,true,1,1117664
7290012226021,false,נקניק סלמי מעושן פראג זוגלובק 400 גרם,נקניק נהריה כשר זוגל,IL,נקניק סלמי מעושן פרא,גרמים,400.00,100 גרם,false,,14.90,0.0373,true,1,1098809
7290012226120,false,"קבנוס 135 גרם ""זוגלובק""",נקניק נהריה כשר זוגל,IL,קבנוס זוגלובק 135 גר,גרמים,135.00,100 גרם,false,,9.90,0.0733,true,1,1098812
7290012226939,false,קבנוס עם צ'ילי חריף זוגלובק 135 גרם,נקניק נהריה כשר זוגל,IL,קבנוס עם צ'ילי חריף,גרמים,135.00,100 גרם,false,,9.90,0.0733,true,1,1098820
7290012226991,false,"נקניקיות עוף באריזת ג''מבו 1.5 ק""ג זוגלובק",נקניק נהריה כשר זוגל,IL,נקניקיות באריזה ג'מב,קילוגרמים,1.50,"ק""ג",false,,26.70,17.8000,true,1,1098825
7290012227172,false,חרמן הודו בדבש וברביקיו זוג במארז 600 ג' זוגלובק,נקניק נהריה כשר זוגל,IL,מארז פסטרמה 600 ג,גרמים,600.00,100 גרם,false,,25.90,0.0432,true,1,1098833
7290012227240,false,סלמי איטלקי מעושן רמי לוי 300 גרם,,,סלמי איטלקי מעושן רמ,גרמים,300.00,100 גרם,false,,21.90,0.0730,true,1,3427098
7290012227325,false,סלמי דק דק מעושן איטלקי 120 ג' זוגלובק,זוגלובק,IL,סלמי מעושן דק דק 120,גרמים,120.00,100 גרם,false,,12.90,0.1075,true,1,5778682
7290012227592,false,פסט' חרמון כפרי וסלמי תה זוגי זוגלובק 300X2ג' מחפוד,זוגלובק,IL,זוג חרמון כפרית ותה,גרמים,700.00,100 גרם,false,,25.90,0.0370,true,1,2688515
7290012227608,false,מארז חרמון 300 גר' +חרמון ברבקיו 300ג' זוגלובק,זוגלובק,IL,זוג חרמון כפרית וברב,גרמים,600.00,100 גרם,false,,25.90,0.0432,true,1,2688516
7290012227622,false,פסטרמה חרמון כפרית דבש 400גר מחפוד זוגלובק,זוגלובק,IL,חרמון כפרית דבש 400ג,גרמים,400.00,100 גרם,false,,18.90,0.0472,true,1,2688518
7290012227738,false,זוגלובק סלמי תה מעושן מחפוד 370 גרם,זוגלובק,IL,סלמי תה מעושן מחפוד,גרמים,370.00,100 גרם,false,,19.90,0.0538,true,1,2829899
7290012227769,false,פסטרמה ברביקיו זוגלובק מחפוד 400 גרם,זוגלובק,IL,פסטרמה ברביקיו 400ג,גרמים,400.00,100 גרם,false,,18.90,0.0472,true,1,2724417
7290012227776,false,פסטרמה חרמון הודו מחפוד 400 גר',זוגלובק,IL,פסטרמה הודו 400ג מחפ,גרמים,400.00,100 גרם,false,,18.90,0.0472,true,1,2724418
7290012227912,false,קבנוס מעודן זוגלובק 135 גרם,זוגלובק,IL,קבנוס מעודן 135 ג,גרמים,135.00,100 גרם,false,,9.90,0.0733,true,1,3166002
7290012227974,false,פסטרמה הודו בדבש טהור דק דק דק,זוגלובק,IL,פסטרמה בדבש 120 גר,גרמים,120.00,100 גרם,false,,12.90,0.1075,true,1,5778683
7290012227981,false,פסטרמה דק דק ברביקיו 120 ג' זוגלובק,זוגלובק,IL,פסטרמה ברביקיו 120 ג,גרמים,120.00,100 גרם,false,,12.90,0.1075,true,1,5778684
7290012227998,false,פסטרמה דק דק חזה בקר 120 ג' זוגלובק,זוגלובק,IL,חזה בקר 120 גר,גרמים,120.00,100 גרם,false,,12.90,0.1075,true,1,5778685
7290012228001,false,"נקניקיות עוף רמי לוי 1 ק""ג",,,נקניקיות עוף רמי לוי,גרמים,1000.00,100 גרם,false,,19.90,0.0199,true,1,3427099
7290012228018,false,נקניקיות עוף 400רמי לוי גרם,,,נקניקיות עוף 400רמי,גרמים,400.00,100 גרם,false,,8.90,0.0223,true,1,3427100
7290012228025,false,מארז פסטרמה הודו +סלמי תה רמי לוי 800 גרם,,,מארז פסטרמה הודו +סל,גרמים,800.00,100 גרם,false,,19.90,0.0249,true,1,3427101
7290012228087,false,כתף בקר רמי לוי 300 גרם,,,כתף בקר רמי לוי 300,גרמים,300.00,100 גרם,false,,24.90,0.0830,true,1,3427106
7290012228261,false,נקנקיות קנקרס הודו ועוף ריינהולד'ס זוגלובק 300 ג',זוגלובק,IL,נקניקיות בוקוורסט הו,גרמים,310.00,100 גרם,false,,19.90,0.0642,true,1,4454052
7290012228278,false,נקנקיות בוקוורסט עוף ובקר ריינהולד'ס 310 ג' זוגלובק,זוגלובק,IL,נקניקיות בוקוורסט הו,גרמים,310.00,100 גרם,false,,19.90,0.0642,true,1,4454053
7290012228285,false,פסטרמה הודו ברביקיו 300ג רמילוי,,,פסטרמה הודו ברביקיו,גרמים,300.00,100 גרם,false,,21.90,0.0730,true,1,4390983
7290012228292,false,פסטרמה על צלייה 300ג רמילוי,,,פסטרמה על צלייה 300ג,גרמים,300.00,100 גרם,false,,21.90,0.0730,true,1,4390984
7290012228315,false,פסטרמה הודו ודבש 300ג רמילוי,,,פסטרמה הודו ודבש 300,גרמים,300.00,100 גרם,false,,21.90,0.0730,true,1,4390986
7290012228407,false,"נקניקיות ג'מבו מחפוד זוגלובק 1.5 ק""ג",זוגלובק,IL,נקניקיות ג'מבו מחפוד,קילוגרמים,1.50,"ק""ג",false,,32.90,21.9333,true,1,8072691
7290012228421,false,פסטרמה בדבש 120ג דק דק רמילוי,,,פסטרמה בדבש 120ג דק,גרמים,120.00,100 גרם,false,,9.90,0.0825,true,1,5450682
7290012228438,false,חזה בקר 120ג דק דק רמילוי,,,חזה בקר 120ג דק דק ר,גרמים,120.00,100 גרם,false,,9.90,0.0825,true,1,5450683
7290012228445,false,קבנוס רמי לוי 135 גר,,,קבנוס 135ג רמילוי,גרמים,135.00,100 גרם,false,,7.90,0.0585,true,1,5633359
7290012228766,false,קבנוס מחפוד זוגלובק 120 גרם,זוגלובק,IL,קבנוס מחפוד זוגלובק,גרמים,120.00,100 גרם,false,,9.90,0.0825,true,1,8256751
7290012228780,false,נקנקיות גמבו 1.5 קג,,,נקנקיות גמבו 1.5 קג,יח',1.00,יח',false,,29.90,29.9000,true,1,8262860
7290012245190,false,ציפס זיג זג למיקרולג רמי לוי,,,ציפס זיג זג למיקרולג,גרמים,140.00,100 גרם,false,,4.50,0.0321,true,1,8385843
7290012245275,false,"גולד ציפס בטטה קריספי 1 ק""ג",אגריסטו,BE,גולד ציפס בטטה קריספ,יח',1.00,יח',false,,24.90,24.9000,true,1,8291289
7290012245329,false,"גולד צ'יפס קלאסי 1.5 ק""ג קפוא זן",יוליניבר,BE,גולד ציפס קלאסי 1.5,גרמים,1500.00,100 גרם,false,,17.90,0.0119,true,1,8441567
7290012275401,false,מולר בירה לבנה בקבוק גרמנית 500מל,"סולימר מבשלת בירה בע""מ",GR,בירה מולר 500 מל,מיליליטרים,500.00,"100 מ""ל",false,,3.90,0.0078,true,1,1107841
7290012313141,false,מלפפונים פרוסות במלח קבוצת יבנה 330 גרם,אף.סי תבליני בגליל ב,IL,מלפפון פרוסות במלח 3,גרמים,320.00,100 גרם,false,,6.50,0.0203,true,1,1093996
7290012313400,false,זיתים סורי מבוקעים 215 ג' יבנה,קבוצת יבנה,IL,זית סורי מבוקע 300 ג,גרמים,300.00,100 גרם,false,,12.90,0.0430,true,1,8413087
7290012313424,false,זיתים קלמטה שלם 215 ג' יבנה,קבוצת יבנה,IL,זית קלמטה שלם 300 גר,גרמים,300.00,100 גרם,false,,11.90,0.0397,true,1,8413052
7290012313431,false,זיתים מרוקאיים יבשים 215 ג' יבנה,קבוצת יבנה,IL,זית מרוקאי 300 גר יב,גרמים,300.00,100 גרם,false,,11.90,0.0397,true,1,8413089
7290012404955,false,נקטר חמוציות ספרינג קולקשן 1.25 ליטר,יפאורה שותפות מובגלת לשיווק,IL,נקטר חמוציות ספרינג,ליטרים,1.25,ליטר,false,,12.00,9.6000,true,1,1092640
7290012404993,false,נקטר דיאט חמוציות ספרינג קולקשן 1.25 ליטר,יפאורה שותפות מובגלת לשיווק,IL,נקטר דיאט חמוציות ספ,ליטרים,1.25,ליטר,false,,11.50,9.2000,true,1,1092643
7290012413636,false,תה ירוק צ'אי מסאלה ויסוצקי 25 יחידות,ויסוצקי ירוק,IL,תה ירוק מסאלה ויסוצק,יח',25.00,יח',false,,22.90,0.9160,true,1,1098612
7290012413643,false,תה ירוק קמומיל ויסוצקי 25 יחידות,ויסוצקי ירוק,IL,תה ירוק קמומיל,יח',1.00,יח',false,,22.90,22.9000,true,1,1098613
7290012459726,false,עמבה פרימיום 500 גרם,,,עמבה צנצנת 500 גרם,גרמים,500.00,100 גרם,false,,7.90,0.0158,true,1,8286551
7290012475108,false,משקה משעורה נמס אורגני גרין פילד 75 גרם,גרין פילד,EG,משקה משעורה נמס אורג,גרמים,75.00,100 גרם,false,,14.70,0.1960,true,1,1084953
7290012483608,false,"אורז בסמטי DAAWAT מהדרין 5 ק""ג.",הנסיך- מפעל לייצור ט,IN,וילי פוד אורז בסמטי,קילוגרמים,5.00,"ק""ג",false,,49.90,9.9800,true,1,1098301
7290012522581,false,טבעול שניצל תירס ללא גלוטן טבעול 664 גרם,עיצובים 2020 (4.8),IL,שניצל תירס ללא גלוטן,גרמים,664.00,100 גרם,false,,19.90,0.0300,true,1,1091767
7290012557569,false,צנצנת גולים 180 גר,,IL,צנצנת גולים 180 גר,גרמים,180.00,100 גרם,false,,9.90,0.0550,true,1,5175283
7290012557972,false,עוגיות נמסות במילוי קרם אגוזים 150 גר',,IL,עוגיות נמסות במילוי,גרמים,150.00,100 גרם,false,,5.70,0.0380,true,1,3081904
7290012561405,false,בצל חצי מטוגן דורות 180 גרם,עיצובים 2020 (3.8),IL,דורות בצל מטוגן 180,גרמים,180.00,100 גרם,false,,9.90,0.0550,true,1,1091779
7290012576607,false,"יין קברנה סוביניון פרמייר מלבק אדום ברקן 750 מ""ל","ברקן שיווק והפצה בע""",IL,פרמייר קברנה סוביניון אדו,מיליליטרים,750.00,"100 מ""ל",false,,25.80,0.0344,true,1,2614762
7290012576614,false,יין Premieur לבן חצי יבש אמרלד ריזלינג קולומברד,יקבי ברקן שיווק והפצה בע,IL,פרמייר אמרלד ריזלינג לבן,מיליליטרים,750.00,"100 מ""ל",false,,17.90,0.0239,true,1,2614763
7290012588242,false,"מים מינרלים מיי וואטר כדורגל מארז 500X6מ""ל",נרה קריטיס אס איי באריפט,GR,מים מינרליים שישייה,מיליליטרים,500.00,"100 מ""ל",false,,10.90,0.0218,true,1,5752066
7290012645020,false,"יוגורט עיזים טבעי בבקבוק חלב הארץ 500 מ""ל",מחלבת סוסיא,IL,יוגורט עיזים טבעי 50,מטרים,500.00,100 מ'ל,false,,11.50,0.0230,true,1,3844933
7290012645112,false,יוגורט עיזים 2.8% בדלי חלב הארץ 750 גרם,מחלבות סוסיא,IL,יוגורט עיזים 750ג דל,מיליליטרים,750.00,"100 מ""ל",false,,17.90,0.0239,true,1,4590632
7290012645129,false,יוגורט כבשים 5% בדלי חלב הארץ 750 גרם,מחלבות סוסיא,IL,יוגורט כבשים 750ג דל,גרמים,750.00,100 גרם,false,,17.90,0.0239,true,1,4590633
7290012697241,false,"סוכרזית מצמח הסטיוויה נוזל 220 מ""ל",אף.סי תבליני בגליל ב,IL,סוכרזית מהטבע סטיווי,מיליליטרים,220.00,"100 מ""ל",false,,27.90,0.1268,true,1,1089753
7290012803215,false,וופל בלגי בטעם שוקולד ללא תוספת סוכר,בטר אנד דיפרנט,IL,טוסו ופל בלגי בטעם שוקולד,גרמים,200.00,100 גרם,false,,9.20,0.0460,true,1,1117688
7290012803222,false,טוסו ופל בסגנון בלגי בטעם לימון ללא תוספת סוכר 200 גרם,בטר אנד דיפרנט,IL,טוסו ופל בלגי בטעם לימון,גרמים,200.00,100 גרם,false,,9.20,0.0460,true,1,1117689
7290012803451,false,טוסו שוקולד מריר 62% מוצקי קקאו ללא תוספת סוכר 100 גרם,אלטינמארקה,TR,טוסו שוקולד מריר מעולה 10,גרמים,100.00,100 גרם,false,,8.90,0.0890,true,1,1850651
7290012803772,false,טוסו שוקולד חלב ללא תוספת סוכר 100 גרם,אלטינמארקה גידה סאן,TR,טוסו שוקולד חלב 100גרם,גרמים,100.00,100 גרם,false,,8.90,0.0890,true,1,1117712
7290012803789,false,טוסו שוקולד מריר עם אגוזים ללא תוספת סוכר 100 גרם,אלטינמארקה גידה סאן,TR,טוסו שוקולד מריר עם אגוזי,גרמים,100.00,100 גרם,false,,8.90,0.0890,true,1,1117713
7290012803796,false,טוסו שוקולד חלב עם אגוזים ללא תוספת סוכר 100 גר',אלטינמארקה גידה סאן,TR,טוסו שוקולד חלב עם אגוזים,גרמים,100.00,100 גרם,false,,8.90,0.0890,true,1,1117714
7290012823237,false,"תחליב רחצה קרמה בריזת ים 700 מ""ל",החברה הדרומית,IL,תחליב רחצה קרמה 700,מיליליטרים,700.00,"100 מ""ל",false,,16.90,0.0241,true,1,8267149
7290012823343,false,משחת שיניים אורביטול קידס סטעם סוכריות ג'לי 70 גרם,טרופיקל דגיל תעשיות קוסמ,IL,אורביטול לילדים ג'לי,גרמים,50.00,100 גרם,false,,7.50,0.1500,true,1,8243380
7290012823374,false,אנטי קאלק מטליות לחות לניקוי כללי סנו 50 יחידות,מיוצר עי קונדיטוריית,IL,אנטי קאלק מטליות לחו,יח',50.00,יח',false,,9.90,0.1980,true,1,1094662
7290012823381,false,מקסימה מרכך כביסה מרוכז סנסטיב בייבי סנו 1 ליטר,"סנו מפעלי ברונוס בע""\מ",IL,מקסימה מרכך כביסה מר,ליטרים,1.00,ליטר,false,,17.50,17.5000,true,1,1094663
7290012823398,false,מטליות חד פעמיות לניקוי הרצפה בניחוח מרכך כביסה 10יח' סנו,סנו מפעלי ברונו בעמ,IL,ריצפז מטליות לחות לר,יח',10.00,יח',false,,10.90,1.0900,true,1,5009747
7290012823404,false,מטהר אוויר פרש אוטומטיק יסמין וסנדלווד,סנו פרש Fresh,IL,סנו פרש אוטומטיק יסמ,מיליליטרים,250.00,"100 מ""ל",false,,12.90,0.0516,true,1,1094664
7290012823565,false,פוליויקס מטליות ענק לחות לפרקט סנו 10 יחידות,דינאמיק תעשיות,IL,פוליויקס מטליות ענק,יח',10.00,יח',false,,14.90,1.4900,true,1,1094668
7290012823589,false,ריצפז פרש בניחוח לימון מרענן,סנו פרש Fresh,IL,ריצפז פרש 2 לי,ליטרים,2.00,ליטר,false,,16.90,8.4500,true,1,1094670
7290012823657,false,"סנו קל רסס וכבס מילוי 750 מ""ל",סנו קל,IL,סנו קל רסס וכבס מילו,מיליליטרים,750.00,"100 מ""ל",false,,9.90,0.0132,true,1,1094674
7290012864001,false,נבטי חמנייה ארוז א.אדמה,קרונוס,IL,נבטי חמניה,יח',1.00,יח',false,,7.90,7.9000,true,1,1102863
7290012864025,false,נבטי אלפא אלפא ארוז א.אדמה,קרלסברג יבוא יצוא,IL,אלפלפא,יח',1.00,יח',false,,5.90,5.9000,true,1,1102864
7290012864032,false,מיקס עדשים ונבטוטים,קרלסברג ישראל,IL,נבטוטים,גרמים,250.00,100 גרם,false,,8.90,0.0356,true,1,1102865
7290012864049,false,נבטי צנונית,ביכורי השקמה,,נבטי צנונית,יח',1.00,יח',false,,7.90,7.9000,true,1,1102866
7290012864056,false,נבטי ברוקולי,,,נבטי ברוקולי,יח',1.00,יח',false,,8.90,8.9000,true,1,1102867
7290012864131,false,עדשים שחורות מונבטות.,,IL,עדשים שחורות מונבטות,יח',1.00,יח',false,,8.90,8.9000,true,1,2623812
7290012864155,false,מיקס נבטים נבטי העמק,חקלאי,IL,מיקס נבטים נבטי העמק,יח',1.00,יח',false,,12.90,12.9000,true,1,2672285
7290012864179,false,מאש מונבט תקומה,,,מאש מונבט תקומה,יח',1.00,יח',false,,9.90,9.9000,true,1,8213893
7290012864186,false,חומוס מונבט תקומה,,,חומוס מונבט תקומה,יח',1.00,יח',false,,9.90,9.9000,true,1,8213894
7290012864193,false,אפונה למרק תקומה,"רופ בע""מ",IL,אפונה למרק תקומה,יח',1.00,יח',false,,9.90,9.9000,true,1,8213895
7290012868092,false,קמח חיטה מלאה מהודר 1קג,י.ש. חמד תעשיות,IL,מהודר קמח מלא 100% 1,קג,1.00,קג,false,,6.50,6.5000,true,1,1104533
7290012868108,false,"מהודר קמח מלא 70% 1 ק""ג.",מהודר,,מהודר קמח מלא 70% 1,קילוגרמים,1.00,"ק""ג",false,,6.50,6.5000,true,1,1104534
7290012868115,false,"מהודר קמח כוסמין מלא 1 ק""ג",י.ש. חמד תעשיות,IL,מהודר קמח כוסמין מלא,קג,1.00,קג,false,,17.90,17.9000,true,1,1104535
7290012868122,false,"מהודר קמח לבן מנופה 1 ק""ג",י.ש. חמד תעשיות,IL,מהודר קמח לבן מנופה,קילו,1.00,קילו,false,,5.90,5.9000,true,1,1104536
7290012868689,false,קמח כוסמין לבן - מהו,י.ש. חמד תעשיות,IL,קמח כוסמין לבן,יח',1.00,יח',false,,19.90,19.9000,true,1,8281848
7290012868719,false,"קמח כוסמין 70% 1 ק""ג",י.ש. חמד תעשיות,IL,קמח כוסמין 70%,יח',1.00,יח',false,,18.90,18.9000,true,1,8419710
7290012884986,false,תפוגן ציפס לתנור עד 4% שומן 1.5 קג,"תעשיות תפוגן בע""\מ",IL,תפוגן צ'יפס לתנור 1.,קילוגרמים,1.50,"ק""ג",false,,24.90,16.6000,true,1,1091786
7290012901355,false,דודלס ארוחת אטריות עם גבינה 206 גרם,האי נאם סי או אל.טי.,US,מקרוני עם גבינה 206,גרמים,206.00,100 גרם,false,,10.90,0.0529,true,1,2696067
7290012901959,false,ארוחת אטריות עם גבינה מסולסלים 156 גרם,הנדריקס פודס,US,מקרוני אנד ג'ייזס מס,גרמים,156.00,100 גרם,false,,10.90,0.0699,true,1,8459688
7290012921025,false,"בקבוק בירה מלכה בהירה 330 מ""ל","בירה מלכה בע""מ",IL,בירה מלכה בהירה,מיליליטרים,330.00,"100 מ""ל",false,,12.90,0.0391,true,1,2630487
7290012929779,false,פסטה מקמח מלא ספירלה 500גרם טעמן,מוצרי יסוד - טעמן,TR,טעמן פסטה פוזילי חיט,גרמים,500.00,100 גרם,false,,3.90,0.0078,true,1,1090694
7290012929786,false,פסטה מקמח מלא צינורות 500 גרם טעמן,מוצרי יסוד - טעמן,TR,טעמן פסטה צינורות חי,גרמים,500.00,100 גרם,false,,3.90,0.0078,true,1,1090695
7290012929793,false,פסטה ספגטי מקמח מלא טעמן 500 גר',מוצרי יסוד - טעמן,TR,טעמן ספגטי מחיטה מלא,גרמים,500.00,100 גרם,false,,3.90,0.0078,true,1,1090696
7290012936838,false,תבלין הל טחון תבליני מימון 35 גרם,א.ל ייצור ושיווק תבל,IL,הל טחון35 גרם,גרמים,35.00,100 גרם,false,,14.90,0.4257,true,1,1083159
7290012936845,false,תבלין לקוסקוס תבליני מימון 40 גרם,א.ל ייצור ושיווק תבל,IL,תבלין לקוסקוס 50 גרם,גרמים,40.00,100 גרם,false,,11.50,0.2875,true,1,7587920
7290012936852,false,תבלינים קימל טחון בצנצנות 40 גרם,א.ל ייצור ושיווק תבל,IL,קימל טחון 40 גרם,יח',40.00,יח',false,,9.50,0.2375,true,1,7587921
7290012936890,false,תבלינים קצח בצנצנות זכוכית 50 גרם,א.ל ייצור ושיווק תבל,IL,קצח 50 גרם,גרמים,50.00,100 גרם,false,,11.50,0.2300,true,1,1083165
7290012936906,false,תבלינים ציפורן שלם בצנצנות 25 גרם,א.ל ייצור ושיווק תבלינים,IL,ציפורן שלם 25 גרם,גרמים,25.00,100 גרם,false,,14.90,0.5960,true,1,1083166
7290012936937,false,תבלינים בהרט בצנצנת 40 גרם,א.ל ייצור ושיווק תבל,IL,בהרט 40 גרם,גרמים,50.00,100 גרם,false,,11.50,0.2300,true,1,1083169
7290012936944,false,אגוז מוסקט טחון תבליני מימון 40 גרם,א.ל ייצור ושיווק תבלינים,IL,אגוז מוסקט טחון 40 גרם -,גרמים,40.00,100 גרם,false,,14.50,0.3625,true,1,1083170
7290012938405,false,"רדיד אלומיניום עבה במיוחד לבישול,אפייה והקפאה.",ריינולדס,CN,רדיד אלומיניום רחב רוחב 4,אורך,7.60,אורך,false,,16.90,2.2237,true,1,1106443
7290012938580,false,"סנסודיין משחת שיניים להלבנה עדינה 75 מ""ל",גלקסוסמית'\קליין קונסיומ,GB,סנסודיין הלבנה עדינה 75 מ,מטרים,75.00,100 מ'ל,false,,21.90,0.2920,true,1,1106446
7290012938597,false,"סנסודיין משחת שיניים רפיד רליף 75 מ""ל","סמיתקליין ביצ'ם בע""מ",GB,סנסודיין רפיד רליף 75 מ'',מטרים,75.00,100 מ'ל,false,,23.90,0.3187,true,1,1106447
7290012938924,false,אקוהפרש מי פה ללא אלכוהול 500 מל,מולינו ניקולי s.p.a,GB,"א.פרש מי פה 500 מ""ל",מיליליטרים,500.00,"100 מ""ל",false,,19.70,0.0394,true,1,1106458
7290012983160,false,סילאן בקבוק לחיץ 400 גרם,"חצר כנרת מוצרי תמר אגש""ח",IL,סילאן לחיץ 400 ג כנר,גרמים,400.00,100 גרם,false,,10.90,0.0273,true,1,2585637
7290012983276,false,סילאן תמרים כנרת 900 ג',תמר כנרת,,סילאן כנרת 900 גרם,גרמים,900.00,100 גרם,false,,12.80,0.0142,true,1,2760971
7290012996672,false,סבון אסלה + בושם ל24 שעות ביום הפי,יוליניבר,IT,סבון אסלה מבושם יעקב,יח',2.00,יח',false,,7.90,3.9500,true,1,1097331
7290013010094,false,"רוטב פסטה בולונז ""פרי מבורך"" 240 גרם","זנלכל בע""\מ",IL,פרי מבורך רוטב בולונ,גרמים,260.00,100 גרם,false,,5.50,0.0212,true,1,1100110
7290013027399,false,לחם קמח מלא קל בתוספת שיפון 750 ג' אנג'ל,מאפיית שלמה א. אנג'\ל בע,IL,לחם קל פרוס 100% קמח,גרמים,750.00,100 גרם,false,,12.90,0.0172,true,1,1088578
7290013038432,false,מים אקווה נובה בקבוק יחיד,אקווה נובה Aqua Nova,IL,מים אקווה נובה 2 ליט,ליטרים,2.00,ליטר,false,,3.20,1.6000,true,1,1088382
7290013083661,false,תחליף חלב מטרנה אקסטרה קר שלב 1 700 גרם,מטרנה תעשיות ש.מ,IL,תחליף חלב אקסטרה קר,גרמים,700.00,100 גרם,false,,58.90,0.0841,true,1,1091789
7290013083678,false,"מטרנה אקסטרה קר שלב 2 חסכון 700 גרם תמ""ל",מולינו ניקולי s.p.a,IL,תחליף חלב אקסטרה קר,גרמים,700.00,100 גרם,false,,58.90,0.0841,true,1,1091790
7290013083685,false,תחליף חלב מטרנה אקסטרה קר שלב 3 חסכון 700 גרם,מטרנה תעשיות ש.מ,IL,תחליף חלב אקסטרה קר,גרמים,700.00,100 גרם,false,,58.90,0.0841,true,1,1091791
7290013117212,false,בורקס פילו במילוי גבינה מעדנות 600 גר,מיוצר עי קונדיטוריית,IL,בורקס פילו במילוי גבינה מ,גרמים,600.00,100 גרם,false,,18.90,0.0315,true,1,1086590
7290013117229,false,"בורקס פילו במילוי תפו""א מעדנות 600 גר",מיוצר עי קונדיטוריית,IL,"בורקס פילו במילוי תפו""א מ",גרמים,600.00,100 גרם,false,,18.90,0.0315,true,1,1086591
7290013117236,false,בורקס פילו פיצה מעדנות 600 גרם,מיוצר עי קונדיטוריית,IL,בורקס פילו פיצה 600 גר,גרמים,600.00,100 גרם,false,,18.90,0.0315,true,1,1086592
7290013117243,false,בורקס פילו בולגרית מעדנות 600 גרם,מיוצר עי קונדיטוריית,IL,בורקס פילו בולגרית 600 גר,גרמים,600.00,100 גרם,false,,18.90,0.0315,true,1,1086593
7290013117410,false,בצק פריך מרודד למאפים מתוקים 900 ג' מעדנות,מיוצר עי קונדיטוריית,IL,בצק פריך מתוק 900 גר מעדנ,גרמים,900.00,100 גרם,false,,19.90,0.0221,true,1,1086596
7290013117427,false,בצק פריך מרודד למאפים מלוחים מעדנות 2*450 גרם,מיוצר עי קונדיטוריית,IL,בצק פריך מלוח 900 גר מעדנ,גרמים,900.00,100 גרם,false,,19.90,0.0221,true,1,1086597
7290013117526,false,בצק שמרים מרודד למאפים מתוקים מעדנות 900 גרם,"מעדנות בע""\מ",IL,בצק שמרים למאפים מתוקים 9,גרמים,900.00,100 גרם,false,,19.90,0.0221,true,1,1086602
7290013121103,false,רביעיית לחמניות סנדויץ ללא גלוטן 460 גרם,אביב קונדיטוריה מעול,IL,שליש באגט 4 יחידות ל,יח',1.00,יח',false,,17.70,17.7000,true,1,1097441
7290013121110,false,לחמניות בורגר ללא גלוטן גרין לייט 4 * 87 גרם,אביב קונדיטוריה מעול,IL,רביעיית לחמניות בורג,גרמים,350.00,100 גרם,false,,14.90,0.0426,true,1,1097442
7290013121127,false,לחמניות מיני ללא גלוטן גרין לייט 6 יחידות,אביב קונדיטוריה מעול,IL,לחמניות מיני 420 גרם,גרמים,420.00,100 גרם,false,,15.70,0.0374,true,1,1097443
7290013121158,false,לחמניות סנדוויץ ללא גלוטן גרין לייט 4 * 115 גרם,אביב קונדיטוריה מעול,IL,רביעיית לחמניות סנדב,גרמים,460.00,100 גרם,false,,17.70,0.0385,true,1,2617760
7290013121165,false,לחמניות נקניקיה ללא גלוטן גרין לייט 6 * 77 גרם,אביב קונדיטוריה מעול,IL,לחמניות נקניקיה 6 יח,100 יח,460.00,100 יח,false,,17.70,0.0385,true,1,2780937
7290013121776,false,לחם כפרי ללא תוספת סוכר וללא גלוטן,אביב קונדיטוריה מעול,IL,"לחם כפרי ללת""ס ולל""ג",גרמים,700.00,100 גרם,false,,18.90,0.0270,true,1,1097471
7290013144157,false,תערובת להכנת סחלב 130גרם,א.ל ייצור ושיווק תבלינים,IL,סחלב 130 גרם,גרמים,130.00,100 גרם,false,,6.90,0.0531,true,1,1822485
7290013144171,false,מיימונס תערובת עוגת שוקולד 560 גרם.,א.ל ייצור ושיווק תבלינים,IL,תערובת עוגת שוקולד,גרמים,560.00,100 גרם,false,,16.90,0.0302,true,1,1109617
7290013144195,false,מיימונס תערובת כדורי שוקולד 500 גרם.,א.ל ייצור ושיווק תבלינים,IL,תערובת כדורי שוקולד,גרמים,500.00,100 גרם,false,,16.90,0.0338,true,1,1109619
7290013144201,false,מיימונס תערובת פנקייק 400 גרם,א.ל ייצור ושיווק תבלינים,IL,תערובת פנקייק,גרמים,400.00,100 גרם,false,,15.90,0.0398,true,1,1109620
7290013144232,false,מיימונס פודינג בטעם וניל 80 גרם,א.ל ייצור ושיווק תבלינים,IL,פודינג וניל 85 גרם,גרמים,80.00,100 גרם,false,,4.90,0.0613,true,1,1109623
7290013144249,false,מיימונס פודינג שוקולד 95 גרם,א.ל ייצור ושיווק תבלינים,IL,פודינג שוקולד 95 גרם,גרמים,95.00,100 גרם,false,,4.90,0.0516,true,1,1109624
7290013144263,false,תערובת מאלבי להכנה מהירה מיימונס 112 גרם,א.ל ייצור ושיווק תבלינים,IL,מלבי,גרמים,100.00,100 גרם,false,,9.90,0.0990,true,1,1109626
7290013144270,false,תערובת להכנת קרם פטיסייר מיימונס 100 גרם,א.ל ייצור ושיווק תבלינים,IL,קרם פטיסייר 100 גרם,גרמים,100.00,100 גרם,false,,9.90,0.0990,true,1,1109627
7290013144317,false,מימונס ג'וני גלילית וופל למילוי 18 יחידות,הגביע מוצרי וופלים ב,IL,ג'וני - גלילית וופל למילו,יח',18.00,יח',false,,17.90,0.9944,true,1,1109631
7290013144393,false,"תמצית בטעם וניל מימונס 50 מ""ל",א.ל ייצור ושיווק תבלינים,IL,תמצית וניל 50 גרם,גרמים,50.00,100 גרם,false,,4.50,0.0900,true,1,1109638
7290013144409,false,תמצית בטעם רום מימונס 50 גרם,א.ל ייצור ושיווק תבלינים,IL,תמצית בטעם רום 50 גרם,גרמים,50.00,100 גרם,false,,4.50,0.0900,true,1,1109639
7290013144416,false,"תמצית בטעם שקדים מימונס 50 מ""ל",א.ל ייצור ושיווק תבלינים,IL,תמצית שקדים 50 גרם,גרמים,50.00,100 גרם,false,,4.50,0.0900,true,1,1109640
7290013144614,false,"מיימונס סירופ מייפל אמיתי 100% מקנדה 236 מ""ל",הנסיך- מפעל לייצור ט,DK,סירופ מייפל אמיתי 100% מק,מיליליטרים,236.00,"100 מ""ל",false,,29.90,0.1267,true,1,1109659
7290013144751,false,סירופ בטעם מייפל מימונס 500 גרם,א.ל ייצור ושיווק תבלינים,IL,סירופ בטעם מייפל 500 גרם,גרמים,500.00,100 גרם,false,,13.90,0.0278,true,1,2662000
7290013144768,false,סירופ בטעם שוקולד מימונס 500 גרם,א.ל ייצור ושיווק תבלינים,IL,סירופ בטעם שוקולד 500 גרם,גרמים,500.00,100 גרם,false,,13.90,0.0278,true,1,2662001
7290013144812,false,אבקת אייס קפה וניל 320 גרם מימונס,מימונס אפייה,IL,אייס בטעם וניל 300 ג,גרמים,300.00,100 גרם,false,,17.90,0.0597,true,1,8423164
7290013144911,false,מימונס מיקס שוקולד צ'יפס מריר וחלב 250 גרם,אינטרגטה תעשיות מזון 19),IL,*מבצע* מיקס שוקולד צ,יח',1.00,יח',false,,12.90,12.9000,true,1,8403988
7290013144980,false,תרסיס שמן קנולה מימונס 170 גרם,מולינו ניקולי s.p.a,FI,מימונס תרסיס שמן קנו,גרמים,170.00,100 גרם,false,,15.90,0.0935,true,1,2797741
7290013145017,false,אגוז מלך קלוף מיימונס 100 גרם,א.ל ייצור ושיווק תבלינים,IL,אגוז מלך קלוף,גרמים,100.00,100 גרם,false,,12.10,0.1210,true,1,1109672
7290013145024,false,מיימונס אגוז מלך טחון 100 גרם,א.ל ייצור ושיווק תבלינים,IL,אגוז מלך טחון,גרמים,100.00,100 גרם,false,,12.90,0.1290,true,1,1109673
7290013145031,false,אגוזי לוז מסוכרים מיימונס 100 גרם,א.ל ייצור ושיווק תבלינים,IL,ברס- אגוזי לוז מסוכרים 10,גרמים,100.00,100 גרם,false,,11.90,0.1190,true,1,1109674
7290013145055,false,פרג שלם מיימונס 100 גרם,א.ל ייצור ושיווק תבלינים,IL,פרג שלם,גרמים,100.00,100 גרם,false,,6.90,0.0690,true,1,1109676
7290013145062,false,"סירופ מייפל אמיתי 100% מימונס 187 מ""ל",מימונס אפייה,CA,סירופ מייפל אמיתי 10,מיליליטרים,187.00,"100 מ""ל",false,,19.90,0.1064,true,1,4371930
7290013145079,false,שקד רכיבים טבעיים גרוס מיימונס 100 גרם,מימונס אפייה,IL,שקד טבעי גרוס,גרמים,100.00,100 גרם,false,,12.90,0.1290,true,1,1109677
7290013145093,false,שקד מולבן גרוס מיימונס 100 גרם,א.ל ייצור ושיווק תבלינים,IL,שקד מולבן גרוס,גרמים,100.00,100 גרם,false,,12.90,0.1290,true,1,1109679
7290013145109,false,שקד מולבון טחון מימונס 100 גרם,א.ל ייצור ושיווק תבלינים,IL,שקד מולבן טחון,גרמים,100.00,100 גרם,false,,12.90,0.1290,true,1,1109680
7290013145116,false,מיימונס שקד מולבן מקלות 100 גרם.,א.ל ייצור ושיווק תבלינים,IL,שקד מולבן מקלות,גרמים,100.00,100 גרם,false,,12.90,0.1290,true,1,1109681
7290013145123,false,מיימונס שקד מולבן פרוס 100 גרם,א.ל ייצור ושיווק תבלינים,IL,שקד מולבן פרוס,גרמים,100.00,100 גרם,false,,12.90,0.1290,true,1,1109682
7290013145130,false,"שקד מולבן חצוי 100 גרם ""מיימונס",מימונס אפייה,IL,שקד מולבן חצוי,גרמים,100.00,100 גרם,false,,12.90,0.1290,true,1,1109683
7290013145161,false,פקאן מסוכר מיימונס 100 גרם.,א.ל ייצור ושיווק תבלינים,IL,פקאן מסוכר 100 גרם,גרמים,100.00,100 גרם,false,,15.90,0.1590,true,1,1109686
7290013145178,false,קוקוס טחון לבן מיימונס 100 גרם,א.ל ייצור ושיווק תבלינים,IL,קוקוס טחון לבן,גרמים,100.00,100 גרם,false,,4.50,0.0450,true,1,1109687
7290013145192,false,שומשום מיימונס 100 גרם,א.ל ייצור ושיווק תבלינים,IL,שומשום,גרמים,100.00,100 גרם,false,,4.60,0.0460,true,1,1109689
7290013145215,false,שומשום מימונס 400 גרם,א.ל ייצור ושיווק תבלינים,IL,שומשום 400 גרם,גרמים,400.00,100 גרם,false,,13.90,0.0348,true,1,1109691
7290013145246,false,גרעין חמניה מקולף מיימונס 100 גרם,א.ל ייצור ושיווק תבלינים,IL,גרעין חמנייה מקולף,גרמים,100.00,100 גרם,false,,5.30,0.0530,true,1,1109694
7290013145277,false,עלים לקרמשניט מימונס 300 גרם,מימונס אפייה,IT,*מבצע* עלים לקרמשניט,גרמים,300.00,100 גרם,false,,14.90,0.0497,true,1,4731412
7290013145390,false,מימונס שוקולד צ'יפס מהדרין 250 גר,אינטרגטה תעשיות מזון 19),IL,שוקולד צ'יפס,גרמים,250.00,100 גרם,false,,6.90,0.0276,true,1,1109705
7290013145406,false,שוקולד צ'יפס לבן מיימונס 250 גרם,אינטרגטה תעשיות מזון 19),IL,שוקולד צ'יפס לבן,גרמים,250.00,100 גרם,false,,9.90,0.0396,true,1,1109706
7290013145437,false,שוקולד מריר מעולה ציפס מימונס 250 ג',אינטרגטה תעשיות מזון 19),IL,שוקולד צ'יפס 48%,גרמים,250.00,100 גרם,false,,12.90,0.0516,true,1,1109709
7290013145444,false,שוקולד מריר מעולה ציפס 66% מימונס 250 ג',המאפיה של הרמן,IL,שוקולד צ'יפס 66%,גרמים,250.00,100 גרם,false,,14.90,0.0596,true,1,2638868
7290013145451,false,אבקת קקאו מימונס 150 ג',מיוצר עי קונדיטוריית,IL,"קקאו דל שומן 10-12% , 15",גרמים,150.00,100 גרם,false,,8.90,0.0593,true,1,2736279
7290013145536,false,סוכריות לקישוט בטעם שוקולד מיימונס 85 גרם,א.ל ייצור ושיווק תבלינים,IL,סוכריות בטעם שוקולד לקישו,גרמים,85.00,100 גרם,false,,5.50,0.0647,true,1,1109713
7290013145567,false,מיימונס מיני מיני עדשים 90 גרם.,א.ל ייצור ושיווק תבלינים,IL,מיני מיני עדשים 90 גרם,גרמים,90.00,100 גרם,false,,10.50,0.1167,true,1,1109716
7290013145574,false,מיימונס ערכה לקישוט 100 גרם,א.ל ייצור ושיווק תבלינים,IL,ערכה לקישוט (מזרה עיגולים,גרמים,100.00,100 גרם,false,,10.80,0.1080,true,1,1109717
7290013145628,false,סוכריות צבעוניות לקישוט מימונס 200 גרם,א.ל ייצור ושיווק תבלינים,IL,סוכריות צבעוניות לקישוט 2,גרמים,200.00,100 גרם,false,,8.90,0.0445,true,1,2630460
7290013145710,false,מיימונס דובדבנים מסוכרים 100 גרם,א.ל ייצור ושיווק תבלינים,IL,דובדבנים מסוכרים,גרמים,100.00,100 גרם,false,,9.60,0.0960,true,1,1109721
7290013145826,false,פודניג בטעם וניל לבן במיוחד מימונס 80 ג',א.ל ייצור ושיווק תבלינים,IL,פודינג בטעם וניל לבן במיו,גרמים,80.00,100 גרם,false,,4.90,0.0613,true,1,2736281
7290013145833,false,פודינג שוקולד אמיתי מימונס 80 גרם,א.ל ייצור ושיווק תבלינים,IL,פודינג שוקולד בלגי 95 גרם,גרמים,95.00,100 גרם,false,,4.90,0.0516,true,1,2736317
7290013145840,false,סוכר וניל מיימונס 10 יחידות,א.ל ייצור ושיווק תבלינים,IL,סוכר וניל 10 יח' בצלופן,גרמים,116.00,100 גרם,false,,2.20,0.0190,true,1,1109729
7290013145857,false,אבקת אפיה מיימונס 10 יחידות,מימונס אפייה,IL,אבקת אפיה 10 יח' בצלופן,גרמים,10.00,100 גרם,false,,2.20,0.2200,true,1,1109730
7290013145864,false,אבקת ג'לטין טהור מיימונס 28 גרם,א.ל ייצור ושיווק תבלינים,IL,"ג'לטין טהור אבקה בד""צ",גרמים,28.00,100 גרם,false,,11.90,0.4250,true,1,1109731
7290013145871,false,שמרים יבשים סטיק מימונס 5*11 ג',מימונס אפייה,IL,שמרים יבשים סטיק 11 גרם 5,גרמים,55.00,100 גרם,false,,9.90,0.1800,true,1,1109732
7290013145901,false,סודה לשתיה מיימונס 100 גרם,א.ל ייצור ושיווק תבלינים,IL,סודה לשתיה,גרמים,50.00,100 גרם,false,,1.90,0.0380,true,1,1109735
7290013145918,false,אבקת סוכר מיימונס 100 גרם,א.ל ייצור ושיווק תבלינים,IL,אבקת סוכר,גרמים,100.00,100 גרם,false,,1.90,0.0190,true,1,1109736
7290013145949,false,אבקת סוכר פטנט מימונס 250 גרם,א.ל ייצור ושיווק תבלינים,IL,אבקת סוכר פטנט 250גרם,גרמים,250.00,100 גרם,false,,15.90,0.0636,true,1,1109739
7290013145956,false,שמרים יבשים בוואקום מיימונס 500 גרם,הנסיך- מפעל לייצור ט,CN,שמרים יבשים בואקום 500 גר,גרמים,500.00,100 גרם,false,,12.90,0.0258,true,1,1109740
7290013145963,false,שמרים יבשים בוואקום מיימונס 125 גרם,מימונס אפייה,CN,שמרים יבשים בואקום 125 גר,גרמים,125.00,100 גרם,false,,5.50,0.0440,true,1,1109741
7290013145970,false,קורנפלור מימונס בשקית 200 ג',א.ל ייצור ושיווק תבלינים,IL,קורנפלור בשקית 200 גרם,גרמים,200.00,100 גרם,false,,3.90,0.0195,true,1,2680343
7290013146069,false,מלית שוקולד מיימונס 400 גרם,אינטרגטה תעשיות מזון 19),IL,מלית שוקולד 400גרם,גרמים,400.00,100 גרם,false,,12.90,0.0323,true,1,1109747
7290013146243,false,פודינג בטעם וניל מיממונס 320 גרם,,IL,פודינג וניל מימונס 3,גרמים,320.00,100 גרם,false,,11.70,0.0366,true,1,8475398
7290013146267,false,"פודינג בטעם וניל שקית מימונס 1 ק""ג",א.ל ייצור ושיווק תבלינים,IL,פודינג בטעם וניל שקי,גרמים,1000.00,100 גרם,false,,20.90,0.0209,true,1,8314850
7290013146274,false,מארז תחתיות מרנג 8 יחידות 100 גרם,סטולורגן - פארק תעשיה בל,IE,*מבצע* תחתיות מרנג,יח',1.00,יח',false,,15.90,15.9000,true,1,8078606
7290013146298,false,טארטלטים תחתיות בצק פריך אפויות למילוי מימונס 120 ג',א.ל ייצור ושיווק תבל,IL,*מבצע* טארטלטים- תחת,גרמים,120.00,100 גרם,false,,15.90,0.1325,true,1,3168486
7290013146304,false,קורנפלור 500 גרם מימונס.,א.ל ייצור ושיווק תבלינים,IL,קורנפלור 500 גר.,גרמים,500.00,100 גרם,false,,6.50,0.0130,true,1,4731413
7290013146403,false,סירופ בטעם קרמל מלוח מימונס 500 גרם,א.ל ייצור ושיווק תבלינים,IL,סירופ קרמל מלוח,יח',1.00,יח',false,,16.90,16.9000,true,1,7680511
7290013146656,false,כוכבים תכלת ירוק לבן לקישוט 60 גרם,"מימונס אפיה בע""מ",IL,כוכבים בצבעים לקישוט,יח',1.00,יח',false,,10.90,10.9000,true,1,8225142
7290013146663,false,אטריות צבעוניות לקישוט מימונס 55 גרם,"מימונס אפיה בע""מ",IL,אטריות צבעוניות לקיש,יח',1.00,יח',false,,10.90,10.9000,true,1,8225143
7290013146724,false,אבקת אייס קפה 350 גרם מימונס,מימונס אפייה,IL,אייס קפה להכנה ביתית,גרמים,350.00,100 גרם,false,,17.90,0.0511,true,1,8340062
7290013146816,false,אבקת סוכר מימונס 500 גרם,א.ל ייצור ושיווק תבלינים,IL,אבקת סוכר שקית 500 ג,גרמים,500.00,100 גרם,false,,6.90,0.0138,true,1,7375767
7290013146854,false,קוקוס לבן טחון מימונס 400 ג',א.ל ייצור ושיווק תבלינים,IL,קוקוס לבן 400 גרם,גרמים,400.00,100 גרם,false,,14.90,0.0373,true,1,1109757
7290013153593,false,תפוזים מתקתק 100% פריגת 1 ליטר,"גת גבעת חיים,",IL,מיץ תפוזים 100% 1לי,ליטרים,1.00,ליטר,false,,10.90,10.9000,true,1,4696114
7290013215017,false,פטריות זוגות חוות השמפניון,אראל תוצרת חקלאית בע,IL,פטריות זוגות חוות הש,גרמים,500.00,100 גרם,false,,14.90,0.0298,true,1,1102873
7290013224903,false,גרין קאר נוזל כלים ריח לבנדר אקולוגי 750,סאסאטק,IL,גרין קאר נוזל כלים ר,מיליליטרים,750.00,"100 מ""ל",false,,7.90,0.0105,true,1,2780429
7290013267665,false,סולרו מיני קלאסי - פירות טרופיים (חלבי),"מיוצר ע""\י גלידת שטראוס",IL,מאגדת שלגוני מיני סו,גרמים,354.00,100 גרם,false,,19.50,0.0551,true,1,1102302
7290013268020,false,מקסימה מרכך כביסה מרוכז בניחוח אולטרא פרש סנו 1 ליטר,"סנו מפעלי ברונוס בע""\מ",IL,מקסימה מרכך כביסה מר,ליטרים,1.00,ליטר,false,,17.50,17.5000,true,1,1094699
7290013268037,false,מקסימה מרכך כביסה מרוכז בניחוח לבנדר פצ'ולי סנו 1 ליטר,"סנו מפעלי ברונוס בע""\מ",IL,מקסימה מרכך כביסה מר,ליטרים,1.00,ליטר,false,,17.50,17.5000,true,1,1094700
7290013268242,false,תרכיז ריחני לניקוי רצפות בריח מלון מפנק ריצפז פרש,"סנו מפעלו ברונוס בע""\מ",IL,ריצפז פרש הום 2 לי,ליטרים,2.00,ליטר,false,,19.70,9.8500,true,1,8093185
7290013268372,false,פוליויקס נוזל לניקוי פרקט סנו 2 ליטר,סנו פוליויקס,IL,פוליויקס נוזל לניקוי,ליטרים,2.00,ליטר,false,,19.90,9.9500,true,1,8244548
7290013268884,false,"נוזל רצפות מאסק 2 ליטר ""ריצפז פרש""",מיוצר עי קונדיטוריית,IL,ריצפז פרש 2 ליטר בני,ליטרים,2.00,ליטר,false,,16.90,8.4500,true,1,1094747
7290013268891,false,אוקסיג'ן ג'ל ללא אקונומיקה עם חמצן פעיל סנו 3 ליטר,"סנו מפעלי ברונוס בע""\מ",IL,אוקסיג'ן ג'ל ללא אקו,ליטרים,3.00,ליטר,false,,28.90,9.6333,true,1,1094748
7290013268907,false,ג'ל כביסה ביו בטמפרטורות נמוכות,"סנו מפעלי ברונוס בע""\מ",IL,מקסימה ג'ל כביסה ביו,ליטרים,3.00,ליטר,false,,28.90,9.6333,true,1,1094749
7290013268983,false,מרכך כביסה סופר מרוכז בבישום עוצמתי סנו מקסימה 1 ל',"סנו מפעלי ברונוס בע""\מ",IL,מקסימה מרכך כביסה מר,מטרים,1000.00,100 מ'ל,false,,17.50,0.0175,true,1,8331112
7290013268990,false,מרכך כביסה מרוכז לבן ביו סנו מקסימה 1 ליטר,"סנו מפעלי ברונוס בע""\מ",IL,מרכך כביסה מרוכז לבן,ליטרים,1.00,ליטר,false,,17.50,17.5000,true,1,1094753
7290013269003,false,מרכך כביסה סופר מרוכז בייבי לתינוקות ולעור רגיש,"סנו מפעלי ברונוס בע""\מ",IL,מקסימה מרכך כביסה מר,ליטרים,1.00,ליטר,false,,17.50,17.5000,true,1,1094754
7290013269157,false,"מרכך מבשם למייבש כביסה לבנדר סנו מקסימה 750 מ""ל",סנו מקסימה,,סנו מקסימה לבנדר מרכ,מיליליטרים,750.00,"100 מ""ל",false,,16.30,0.0217,true,1,1094763
7290013269263,false,ג'ל כביסה מרוכז מקסימה בבישום קריסטל נואר,סנו מפעלי ברונוס בעמ,IL,מקסימה ג'ל כביסה קרי,ליטרים,3.00,ליטר,false,,28.90,9.6333,true,1,1094768
7290013269287,false,סנו - מקסימה ג'ל כביסה מרוכז מאסק 3 ליטר,"סנו מפעלי ברונוס בע""\מ",IL,מקסימה ג'ל כביסה מאס,ליטרים,3.00,ליטר,false,,28.90,9.6333,true,1,1094770
7290013269300,false,ניילון נצמד פלוס סנו סושי 150 מטר,"מיוצר בהונג קונג, סי",IL,ניילון נצמד 150 מ סנ,יח',150.00,יח',false,,20.90,0.1393,true,1,1094772
7290013269638,false,ספוג הפלא אקסטרה Extra- מארז 6 יח',החברה הדרומית,IL,סנו סושי ספוג הפלא א,יח',6.00,יח',false,,9.70,1.6167,true,1,2615598
7290013269652,false,פוליויקס נוזל לניקוי רצפות גרניט פורצלן סנו 2 ליטר,סנו פוליויקס,IL,פוליויקס נוזל לניקוי,ליטרים,2.00,ליטר,false,,14.90,7.4500,true,1,1094783
7290013269690,false,סנובון /פיסגה ג'ל בניחוח לימון-מרכז,Nicolas polandמשווק,PL,סנובון ג'ל לימון,מטרים,55.00,100 מ'ל,false,,5.90,0.1073,true,1,1094785
7290013269706,false,סנובון ג'ל לניקוי האסלה בניחוח אוקיינוס,סנו סנובון,PL,סנובון ג'ל אוקיינוס,מטרים,55.00,100 מ'ל,false,,5.90,0.1073,true,1,1094786
7290013269751,false,מטליות לחותריצפז פרש לניקוי ריצפה בניחות מלון בוטיק 10 יח' סנו,טרופיקל דגיל תעשיות,IL,ריצפז פרש מטליות לחו,יח',10.00,יח',false,,10.90,1.0900,true,1,6905546
7290013269850,false,נייר אפיה אקולוגי סנו סושי 50 יחידות,מולינו ניקולי s.p.a,IL,נייר אפיה אקולוגי סנ,יח',50.00,יח',false,,13.90,0.2780,true,1,1094791
7290013269867,false,סנו סושי זוג מפות אירוח צבעים שונים,מיוצר עי קונדיטוריית,IL,סנו סושי זוג מפות אי,יח',2.00,יח',false,,9.90,4.9500,true,1,1094792
7290013269911,false,"סנו K-333 קוטל חרקים ללא ריח 750מ""ל","סנו מפעלי ברונוס בע""",IL,סנו K333 נוזלי,מיליליטרים,750.00,"100 מ""ל",false,,26.90,0.0359,true,1,1094795
7290013284136,false,מלפפונים פריניר במלח,פריניר,IL,מלפפון במלח 7-9 560,גרמים,560.00,100 גרם,false,,5.30,0.0095,true,1,1096048
7290013284143,false,מלפפונים פריניר במלח,פריניר,IL,מלפפון במלח 10-12 32,גרמים,320.00,100 גרם,false,,6.40,0.0200,true,1,1096049
7290013284174,false,פריניר מלפפונים בחומ,פריניר,IL,מלפפון בחומץ 7-9 560,גרמים,560.00,100 גרם,false,,5.30,0.0095,true,1,1096052
7290013284181,false,פריניר מלפפונים בחומ,פריניר,,מלפפון בחומץ 10-12 2,גרמים,290.00,100 גרם,false,,6.40,0.0221,true,1,1096053
7290013284198,false,מלפפונים פריניר בחומ,פריניר ( הדס 1987) ב,IL,מלפפון בחומץ 13-17 2,גרמים,290.00,100 גרם,false,,6.40,0.0221,true,1,1096054
7290013284303,false,פריניר זית ירוק גדול 560גר,,IL,פריניר זית ירוק גדול,גרמים,560.00,100 גרם,false,,6.70,0.0120,true,1,5527335
7290013284310,false,רוטב פסטה לילדים פריניר 240 גרם,פריניר ( הדס 1987) ב,IL,רוטב פסטה לילדים 240,גרמים,240.00,100 גרם,false,,4.90,0.0204,true,1,1096060
7290013284662,false,רוטב פיצה פיתה לילדים 240 ג' פריניר,פריניר ( הדס 1987) ב,IL,רוטב פיצה פיתה 240 ג,גרמים,240.00,100 גרם,false,,4.90,0.0204,true,1,2689800
7290013284808,false,פרי ניר זיתים ירוקים מבוקעים 340 גרם,פרי ניר,IL,פרי ניר זיתים ירוקים,גרמים,340.00,100 גרם,false,,7.90,0.0232,true,1,5527414
7290013358004,false,גריזלי גריל 70 ג רמי לוי,,,גריזלי גריל 70 ג רמי,יח',1.00,יח',false,,2.50,2.5000,true,1,8218340
7290013358011,false,גריזלי ברבקיו 70 ג רמי לוי,,,גריזלי ברבקיו 70 ג ר,יח',1.00,יח',false,,2.50,2.5000,true,1,8218341
7290013358028,false,גריזלי בצל 70 גרם רמי לוי,,,גריזלי בצל 70 גרם רמ,יח',1.00,יח',false,,2.50,2.5000,true,1,8218342
7290013358059,false,גריזלי פלאפל 70 גרם רמי לוי,,,גריזלי פלאפל 70 גרם,יח',1.00,יח',false,,2.50,2.5000,true,1,8218343
7290013358066,false,גריזלי פיצה 70 גרם רמי לוי,,,גריזלי פיצה 70 גרם ר,יח',1.00,יח',false,,2.50,2.5000,true,1,8218344
7290013358356,false,מאסטר שף - פירורי לחם מוזהבים 320 גרם,מנה י.א בעמ,IL,מאסטר שף פירורי לחם,גרמים,320.00,100 גרם,false,,6.90,0.0216,true,1,1089037
7290013358417,false,מאסטר שף אסייאתי רוטב טריאקי 300 מל כשלפ,קריניציה ויטמינה אס,TH,מאסטר שף רוטב טריאקי,מיליליטרים,300.00,"100 מ""ל",false,,7.90,0.0263,true,1,2736880
7290013358431,false,מאסטר שף קרוטונים לסלט עגבניות ובזיליקום,עינת תעשיות מזון אגו,IL,מאסטר שף קרוטונים לס,גרמים,200.00,100 גרם,false,,11.80,0.0590,true,1,1089042
7290013358448,false,"קרוטונים לסלט אקסטרה ארוכים בתיבול שום, בצל ופטרוזיליה",עינת תעשיות מזון אגו,IL,מאסטר שף קרוטונים לס,גרמים,200.00,100 גרם,false,,11.80,0.0590,true,1,1089043
7290013358462,false,"מיני קרוטונים למרק בתיבול שום, בצל ופטרוזיליה","עינת תעשיות מזון, אגשח ב",IL,מאסטר שף מיני קרוטונ,גרמים,350.00,100 גרם,false,,14.90,0.0426,true,1,1089045
7290013358486,false,מאסטר שף פירורים מוזהבים ללא צורך בביצה 300 ג,"מיוצר ע""י מנה י.א בע",IL,מאסטר שף פרורי לחם מ,גרמים,300.00,100 גרם,false,,4.90,0.0163,true,1,2653842
7290013358523,false,מאסטר שף שבבי בצל מטוגן 150 גרם,קריניציה ויטמינה אס,NL,מאסטר שף שבבי בצל מט,גרמים,150.00,100 גרם,false,,13.80,0.0920,true,1,2645479
7290013358530,false,מאסטר שף אסייאתי רוטב צ'ילי מתוק 700 מל כשלפ,קריניציה ויטמינה אס,TH,מאסטר שף רוטב צ'ילי,מיליליטרים,700.00,"100 מ""ל",false,,11.90,0.0170,true,1,2736883
7290013358547,false,מאסטר שף אסייאתי רוטב צ'ילי חריף 700 מל כשלפ,קי.אר.אס. ספייסי פוד,TH,מאסטר שף רוטב צ'ילי,מיליליטרים,700.00,"100 מ""ל",false,,11.80,0.0169,true,1,2736884
7290013358806,false,מנה מאגדת פריכיות אורז עם מלח 264 גרם,מנה Mana,IL,מנה מאגדת פריכיות עם,גרמים,264.00,100 גרם,false,,10.90,0.0413,true,1,1633144
7290013389398,false,"קמח תירס דק 1 ק""ג פולנטה",פיקטה piccata,,קמח תירס דק 1קג פולנ,קילו,1.00,קילו,false,,9.90,9.9000,true,1,1088049
7290013430083,false,"בירה אלכסנדר בלונד בקבוק 330 מ""ל",מנדלז סי.אר. פרודקשן,IL,אלכסנדר בלונד בירה 3,מיליליטרים,330.00,"100 מ""ל",false,,12.90,0.0391,true,1,8309306
7290013430090,false,בירה אלכסנדר אמברה AMBREE בירה ישראלית,מנדלז סי.אר. פרודקשן,IL,אלכסנדר אמברה בירה 3,מיליליטרים,330.00,"100 מ""ל",false,,12.90,0.0391,true,1,8309307
7290013430250,false,"בירה אלקסנדר חיטה ישראלית כרמל 330 מ""ל",אלכסנדר- בירה ישראלית מע,IL,אלכסנדר חיטה ישראלית,מיליליטרים,330.00,"100 מ""ל",false,,12.90,0.0391,true,1,8309308
7290013453679,false,עוגיות אוכמניות ותפוז מקמח שקדים 230 גרם,דני וגלית בעמ,IL,עוגיות אוכמניות וגרי,גרמים,230.00,100 גרם,false,,25.50,0.1109,true,1,8378220
7290013472908,false,הבולגריה בקוביות ויליפוד 400 גרם,וילי פוד,GR,בולגרית בקוביות 400,גרמים,400.00,100 גרם,false,,19.90,0.0497,true,1,1098339
7290013520142,false,לחמניה קלה ביס 8 יחידות,מאפיית אגמי,,לחמניה קלה ביס 8 יחי,גרמים,400.00,100 גרם,false,,13.70,0.0342,true,1,2686804
7290013520463,false,לחם בריאות ושובע כוס,מאפיית אגמי,,לחם כוסמין 100% 600,גרמים,600.00,100 גרם,false,,15.70,0.0262,true,1,3065625
7290013520500,false,לחמניה ביס כוסמין מלא 8יח,מאפיית אגמי,IL,לחמניה ביס כוסמין מל,גרמים,400.00,100 גרם,false,,15.70,0.0392,true,1,5043086
7290013521491,false,קטשופ אורגני 567 גרם ללא גלוטן,השדה מוצרים טבעיים ו,US,השדה קטשופ אורגני 56,גרמים,567.00,100 גרם,false,,17.80,0.0314,true,1,8251250
7290013531117,false,רוטב פסטה לילדים 240 גרם יכין,"זנלכל בע""\מ",IL,רוטב פסטה לילדים 240,גרמים,240.00,100 גרם,false,,5.50,0.0229,true,1,1100131
7290013531346,false,סירופ דיאט בטעם לימונענע יכין 1 ליטר,"זנלכל בע""\מ",IL,סירופ דיאט בטעם לימו,ליטרים,1.00,ליטר,false,,16.70,16.7000,true,1,1100135
7290013531377,false,תורמוס A2 יכין בית יוסף,היינץ צפון אמריקה מק,IL,תורמוס יכין 560 גרם,גרמים,265.00,100 גרם,false,,8.50,0.0321,true,1,1100138
7290013531582,false,מארז זיתים ירוקים מגולענים יכין 200 גרם,פרופר,IL,זיתים ירוקים מגולעני,גרמים,255.00,100 גרם,false,,11.90,0.0467,true,1,4180636
7290013531612,false,רוטב לפסטה נפוליטנה יכין 240 גרם,זנלכל,IL,רוטב לפסטה נפוליטנה,גרמים,240.00,100 גרם,false,,5.50,0.0229,true,1,2738609
7290013531629,false,רוטב לפסטה פומודורו 240 גרם יכין,היינץ צפון אמריקה מק,IL,רוטב לפסטה פומדורו 2,גרמים,240.00,100 גרם,false,,5.50,0.0229,true,1,2738610
7290013531759,false,שעועית אפויה במים יכין 330 גרם,"זנלכל בע""\מ",IL,שעועית לבנה במים יכי,גרמים,330.00,100 גרם,false,,8.90,0.0270,true,1,2728778
7290013539892,false,אל סבון נוזלי משאבה תה ירוק סטייל 1 ל',סטייל Style,TR,סבון ידיים תה ירוק 1 ל' מ,ליטרים,1.00,ליטר,false,,11.90,11.9000,true,1,1106483
7290013584328,false,פקדון בקבוק בירה ריק,,,בקבוק בירה חוזר ריק,יח',1.00,יח',false,,1.20,1.2000,true,1,2633465
7290013585387,false,קוקה קולה זירו בקבוק,החברה המרכזית לייצור משקאות,IL,קולה זירו 1ליטר בודד,ליטרים,1.00,ליטר,false,,6.50,6.5000,true,1,2738298
7290013585394,false,קוקה קולה 1ליטר בודד,החברה המרכזית לייצור משקאות,IL,קוקה קולה 1ליטר בודד,ליטרים,1.00,ליטר,false,,6.90,6.9000,true,1,2738299
7290013608260,false,מיץ רימונים 100%מיץ סחוט טרי מצונן 1ליט,"גניר (1992) בע""מ",IL,מיץ רימונים סחוט פרי,ליטרים,1.00,ליטר,false,,20.90,20.9000,true,1,2654511
7290013608482,false,נקטר מנגו פרימור 1 ליטר,דיפלומט,IL,פרימור נקטר מנגו 1לי,ליטרים,1.00,ליטר,false,,7.80,7.8000,true,1,4048111
7290013608550,false,נקטר תפוזים פרימור 1 ליטר,סטאר סנקס,IL,פרימור נקטר תפוזים 1,ליטרים,1.00,ליטר,false,,7.80,7.8000,true,1,4048112
7290013608673,false,נקטר תפוחי עץ פרימור 1 ליטר,סטאר סנקס,IL,פרימור נקטר תפוחי עץ,ליטרים,1.00,ליטר,false,,7.80,7.8000,true,1,4048114
7290013608680,false,מיץ עגבניות פרימור 1 ליטר,סטאר סנקס,IL,פרימור מיץ עגבניות 1,ליטרים,1.00,ליטר,false,,5.90,5.9000,true,1,4048115
7290013625700,false,חצאי משמש בסירופ קל 820 גרם טעמן,קרונוס,GR,טעמן חצאי משמש בסירו,גרמים,820.00,100 גרם,false,,11.70,0.0143,true,1,1090841
7290013652171,false,"ד""ר פישר - נטורל קר מגבונים להסרת איפור לעור שמן מעורב 30 יח' * 3",פישר מעבדות פרמצבטיות בע,IL,נטורל קר שלישיית מגבונים,יח',90.00,יח',false,,19.90,0.2211,true,1,1115251
7290013652843,false,נטורל קר שמפו לשיער רגיל- ורדים וחלב רימונים,פישר מעבדות פרמצבטיות,IL,נטורל קר שמפו לשיער רגיל,מיליליטרים,700.00,"100 מ""ל",false,,18.90,0.0270,true,1,1115265
7290013675545,false,"שניצל כלי תחבורה ""מאמא עוף"" 700 גרם",תנובה גליל שותפות מוגבלת,IL,שניצל כלי תחבורה 700,גרמים,700.00,100 גרם,false,,29.90,0.0427,true,1,6146423
7290013677648,false,שמן זית למאור מיה 1 ליטר,מיה תעשיות מזון בעמ,ES,מיה שמן זית למאור 1,ליטרים,1.00,ליטר,false,,19.90,19.9000,true,1,1095501
7290013702036,false,"שוופס ווטר 500 מ""ל- אפרסק",יפאורה שותפות מובגלת לשיווק,IL,שוופס וואטר אפרסק 50,מיליליטרים,500.00,"100 מ""ל",false,,4.80,0.0096,true,1,5455769
7290013702050,false,"שוופס ווטר 500 מ""ל- ענבים",יפאורה תבורי,IL,שוופס וואטר ענבים 50,מיליליטרים,500.00,"100 מ""ל",false,,4.80,0.0096,true,1,5455770
7290013702388,false,"שוופס מים ט.תפוח 500 מ""ל",יפאורה שותפות מובגלת לשיווק,IL,שוופס ווטר תפוח 50,מיליליטרים,500.00,"100 מ""ל",false,,4.80,0.0096,true,1,5455771
7290013771131,false,לאבנה עיזים 5% 250 גרם,מיוצר עי קונדיטוריית,IL,לאבנה עיזים 5% 250 ג,גרמים,250.00,100 גרם,false,,14.90,0.0596,true,1,4061668
7290013771216,false,פטאקי 16% גבינות השומרון,מיוצר עי קונדיטוריית,IL,פטאקי 16% גבינות השו,גרמים,250.00,100 גרם,false,,13.90,0.0556,true,1,1082166
7290013771384,false,יוגורט יווני השומרון,מיוצר עי קונדיטוריית,IL,יוגורט יווני 400 גר,גרמים,400.00,100 גרם,false,,10.90,0.0273,true,1,4061669
7290013771391,false,גב.צפתית מעודנת5% 200גר,מחלבת השומרון,IL,צפתית מעודנת 5% 200,גרמים,200.00,100 גרם,false,,13.90,0.0695,true,1,4061670
7290013771414,false,לאבנה 5% שמן זית וזע,,,לאבנה 5% שמן זית וזע,גרמים,250.00,100 גרם,false,,9.90,0.0396,true,1,6099051
7290013771421,false,צפתית מעודנת עם קצח,,,צפתית מעודנת עם קצח,גרמים,200.00,100 גרם,false,,10.90,0.0545,true,1,6099052
7290013771438,false,צפתית מעודנת 5% 200גר רמילוי,,,צפתית מעודנת 5% 200ג,גרמים,200.00,100 גרם,false,,10.90,0.0545,true,1,6099053
7290013771452,false,לאבנה 5% שמן זית וזע,,,לאבנה 5% שמן זית וזע,גרמים,500.00,100 גרם,false,,15.90,0.0318,true,1,6099054
7290013771476,false,פטאקי 16% סגנון יווני 250גר רמילוי,,,פטאקי 16% סגנון יוונ,גרמים,250.00,100 גרם,false,,13.90,0.0556,true,1,6099056
7290013771483,false,בולגרית מעודנת 5% 250גר רמילוי,,,בולגרית מעודנת 5% 25,גרמים,250.00,100 גרם,false,,15.90,0.0636,true,1,6099057
7290013771490,false,גבינת שמנת טבעי 25% 200גר רמילוי,,,גבינת שמנת טבעי 25%,גרמים,200.00,100 גרם,false,,9.90,0.0495,true,1,6099058
7290013787132,false,רוטב שמנת בטטה 220מל רמילוי,,,רוטב שמנת בטטה 220מל,מיליליטרים,220.00,"100 מ""ל",false,,13.90,0.0632,true,1,7497727
7290013787149,false,רוטב שמנת בזיליקום 2,,,רוטב שמנת בזיליקום 2,מיליליטרים,220.00,"100 מ""ל",false,,13.90,0.0632,true,1,7497728
7290013787378,false,רביולי ארטישוק ריקוטה 400ג רמילוי,,,רביולי ארטישוק ריקוט,גרמים,400.00,100 גרם,false,,21.90,0.0547,true,1,7497673
7290013787385,false,רביולי סלק ריקוטה 400ג רמילוי,,,רביולי סלק ריקוטה 40,גרמים,400.00,100 גרם,false,,21.90,0.0547,true,1,7497674
7290013787392,false,רביולי גבינות קלאסי 330 גרם ריקו בית יוסף,דודו איטליאן פרודקטס בע\,IL,רביולי גבינות קלאסי,גרמים,330.00,100 גרם,false,,21.80,0.0661,true,1,8291314
7290013787422,false,רביולי פלין פטריות - כמהין 330 גרם ריקו בית יוסף,דודו איטליאן פרודקטס בע\,IL,רביולי פטריות כמהין,גרמים,330.00,100 גרם,false,,22.80,0.0691,true,1,8291315
7290013787736,false,רביולי במילוי גבינה 400 רמילוי,,,רביולי במילוי גבינה,גרמים,400.00,100 גרם,false,,21.90,0.0547,true,1,6233742
7290013787743,false,רביולי במילוי בטטה 400 רמילוי,,,רביולי במילוי בטטה 4,גרמים,400.00,100 גרם,false,,21.90,0.0547,true,1,6233743
7290013787750,false,רביולי בטטה ומסקרפונה 400 רמילוי,,,רביולי בטטה ומסקרפונ,גרמים,400.00,100 גרם,false,,21.90,0.0547,true,1,6233744
7290013787767,false,רביולי ריקוטה ותרד 400 רמילוי,,,רביולי ריקוטה ותרד 4,גרמים,400.00,100 גרם,false,,21.90,0.0547,true,1,6233745
7290013787804,false,רמי לוי רוטב רוזה 22,,,רוטב רוזה 220ג רמילו,גרמים,220.00,100 גרם,false,,13.90,0.0632,true,1,6284212
7290013787828,false,רוטב אלפרדו 220ג רמילוי,,,רוטב אלפרדו 220ג רמי,גרמים,220.00,100 גרם,false,,13.90,0.0632,true,1,6284214
7290013809063,false,קלין שלישיית סבון אס,,,קלין שלישיית סבון אס,יחידה,0.00,יחידה,false,,7.90,0.0000,true,1,1101995
7290013809070,false,קלין שקיות אשפה ירוק,קלין,,קלין שקיות אשפה ירוק,יחידה,0.00,יחידה,false,,5.90,0.0000,true,1,1101996
7290013809087,false,קלין שקיות אשפה ירוק 77/90,קלין,,קלין שקיות אשפה ירוק,יחידה,0.00,יחידה,false,,7.90,0.0000,true,1,1101997
7290013847119,false,טונה סטארקיסט בשמן קנולה רביעיות בישול י,סטארקיסט,IL,"טונה SK בשמן קנולה 160 ב""",גרמים,640.00,100 גרם,false,,24.90,0.0389,true,1,1099274
7290013847386,false,סטארקיסט נתחי טונה בהירה במים ושמן קנולה בטעם טבעי 140 גרם,סטארקיסט Starkist,IL,טונה סטרקיסט לייט 98,גרמים,98.00,100 גרם,false,,6.90,0.0704,true,1,5880794
7290013847645,false,סטארקיסט טונה בשמן זית 80 גר' שלישיות - בית,סטארקיסט Starkist,TR,טונה סטארקיסט שלישיי,גרמים,80.00,100 גרם,false,,16.90,0.2112,true,1,6625043
7290013848345,false,מארז מטליות לחיטוי וניקוי יסודי אנטיבקטריאלי 99.9%,סנו מפעלי ברונוס בעמ,IL,סנו מטליות לחיטוי ול,יח',1.00,יח',false,,17.70,17.7000,true,1,7273715
7290013848383,false,קרמה מן גל רחצה אקטיב בלוק 700 מל לגבר,טרופיקל דגיל תעשיות,IL,ג'ל רחצה קרמה מן אקט,מיליליטרים,700.00,"100 מ""ל",false,,14.90,0.0213,true,1,1094813
7290013848420,false,דאודורנט גל קרמה מן אנטיפרספירנט 70 מל,גוד פוד פרודקטס S.p,IL,"דאו קרמה מן גל 70 מ""",מטרים,70.00,100 מ'ל,false,,13.90,0.1986,true,1,1094814
7290013848437,false,"קרמה - דאודורנט ספריי לגבר אקטיב בלוק 200 מ""ל",מיוצר עי אמיליה קוסמ,IL,קרמה מן דאודורנט ספר,מטרים,70.00,100 מ'ל,false,,10.90,0.1557,true,1,1094815
7290013848611,false,רדיד אלומיניום עבה וחזק 61 מטר,סנו סושי,IL,רדידי אלומניום סנו ס,יח',1.00,יח',false,,39.90,39.9000,true,1,1094824
7290013848758,false,מקסימה גל כביסה מרוכז בייבי 3ליטר סנסטיב,"סנו מפעלי ברונוס בע""\מ",IL,סנו מקסימה ג'ל מרוכז,ליטרים,3.00,ליטר,false,,32.80,10.9333,true,1,2597481
7290013848802,false,כייף רביעייה אל סבון מוצק לבנדר,קוסמופארם,IL,כייף רביעייה אל סבון,גרמים,100.00,100 גרם,false,,9.90,0.0990,true,1,1094838
7290013883407,false,"דזיטול מרסס לחיטוי כללי יעקבי 750 מ""ל",יעקבי - דזיטול Desytol,ES,דזיטול מחטא ומשמיד ח,מיליליטרים,750.00,"100 מ""ל",false,,11.90,0.0159,true,1,1097341
7290013903549,false,טופו במרקם רך טבעי ליב 300 גר,ג'נרל מילס סאן אדריא,IL,טופו במרקם רך 300 גר,גרמים,300.00,100 גרם,false,,9.90,0.0330,true,1,6877754
7290013906052,false,נקניקיות פרגיות טירת צבי 300 גרם,הנסיך- מפעל לייצור ט,IL,נקניקיות פרגיות 300,גרמים,300.00,100 גרם,false,,10.90,0.0363,true,1,1086626
7290013906205,false,פסטרמה עם שום וצילי טירת צבי 400 ג',הנסיך- מפעל לייצור ט,IL,פסטרמה שום וצ'לי 400,גרמים,400.00,100 גרם,false,,25.90,0.0647,true,1,1086628
7290013906212,false,"נקנקיות וינר טירת 1 ק""ג טירת צבי",הנסיך- מפעל לייצור ט,IL,נקניקיות וינר טירת צ,גרמים,1000.00,100 גרם,false,,22.90,0.0229,true,1,1086629
7290013906236,false,סלמי גלבוע טירת צבי 400 גרם,הנסיך- מפעל לייצור ט,IL,סלמי גלבוע 400 גר,גרמים,400.00,100 גרם,false,,19.90,0.0497,true,1,2502188
7290013906441,false,קבנוס טירת צבי 120 גרם,הנסיך- מפעל לייצור ט,IL,קבנוס 120 ג,גרמים,120.00,100 גרם,false,,9.90,0.0825,true,1,1086637
7290013906489,false,חטיפי מיני קבנוס טירת צבי 120 גרם,הנסיך- מפעל לייצור ט,IL,חטיפי קבנוס 120 ג,גרמים,120.00,100 גרם,false,,8.90,0.0742,true,1,1086641
7290013906687,false,פסט' צמד כפרית ברביקיו ודבש 300X2ג' טירת צבי,הנסיך- מפעל לייצור ט,IL,צמד כפרי ברביקיו ודב,גרמים,600.00,100 גרם,false,,24.90,0.0415,true,1,2766946
7290013906694,false,נקניקיות שקית קילו וחצי טירת צבי,הנסיך- מפעל לייצור ט,IL,"נקניקיות עוף 1.5 ק""ג",גרמים,1500.00,100 גרם,false,,29.90,0.0199,true,1,8378941
7290013932174,false,ג'ל אקונומיקה בניחוח לימון לובן קלין 4 ליטר,קלין,,ג'ל אקונומיקה בניחוח,מטרים,4000.00,100 מ'ל,false,,12.90,0.0032,true,1,1102008
7290013994653,false,קינואה רויאל אורגני 500 גרם - הרדוף,אול אורגני,IL,קינואה רויאל אורגני,גרמים,500.00,100 גרם,false,,17.90,0.0358,true,1,8251304
7290014002135,false,תה ירוק מיקס 5 טעמים ויסוצקי 25 יחידות,תה ויסוצקי,IL,תה ירוק מיקס,25 יח',1.00,25 יח',false,,22.90,22.9000,true,1,1098624
7290014002197,false,חליטת קמומיל ולימונית הגן הקסום ויסוצקי 25 יחידות,תה ויסוצקי,IL,חליטת קמומיל ולימוני,יח',25.00,יח',false,,16.90,0.6760,true,1,1098626
7290014002203,false,חליטת לימונית ולואיזה הגן הקסום ויסוצקי 25 יחידות,תה ויסוצקי,IL,חליטת לימונית ולואיז,יח',25.00,יח',false,,16.90,0.6760,true,1,1098627
7290014002579,false,תה ירוק וניל ויסוצקי 25 יחידות,ויסוצקי ירוק,IL,תה ירוק וניל 25 יחיד,יח',25.00,יח',false,,22.90,0.9160,true,1,1098629
7290014002944,false,גן קסום חליטת פירות וצמחים חמדת שקד 25 שקיקים,תה ויסוצקי,IL,הגן הקסום חמדת השקד,יח',25.00,יח',false,,16.90,0.6760,true,1,2675531
7290014002982,false,תה ירוק לימונית ולואיזה ויסוצקי 25 יחידות תוספת סטיביה,ויסוצקי ירוק,IL,תה ירוק לימונית סטיב,יח',1.00,יח',false,,22.90,22.9000,true,1,2631283
7290014046016,false,פסטרמה של פעם דל שומן 2% רכיבים טבעיים,מעדני יחיעם,IL,פסטרמה של פעם 100% ר,גרמים,250.00,100 גרם,false,,24.40,0.0976,true,1,2628470
7290014046047,false,צמד פסטרמות יחיעם 600 גרם,מעדני יחיעם 1993,IL,צמד פסטרמות 600 גרם,גרמים,600.00,100 גרם,false,,25.90,0.0432,true,1,2647528
7290014046436,false,נשנושי קבנוס יחיעם 125 גרם,מעדני יחיעם 1993,IL,נשנושי קבנוס 125 ג,גרמים,125.00,100 גרם,false,,12.90,0.1032,true,1,1101315
7290014046474,false,"נקניקיות עוף יחיעם 1.5 ק""ג",מעדני יחיעם,IL,"נקניקיות עוף 1.5 ק""ג",קילוגרמים,1.50,"ק""ג",false,,25.90,17.2667,true,1,3868822
7290014046580,false,"פסטרמה מעודנת על האש 300 גרם ""יחיעם""",מעדני יחיעם 1993,IL,פסטרמה מעודנת גחלים,גרמים,300.00,100 גרם,false,,19.90,0.0663,true,1,2691229
7290014046757,false,סלמי תה מעדני יחיעם,מעדני יחיעם,IL,סלמי תה 300 גר,גרמים,300.00,100 גרם,false,,19.90,0.0663,true,1,3195129
7290014046764,false,סלמי פפרוני יחיעם 200 גרם,מעדני יחיעם,IL,סלמי פפרוני 200 גרם,גרמים,200.00,100 גרם,false,,13.90,0.0695,true,1,4763759
7290014059078,false,"אקווה פרש מי פה אקסטרים 500 מ""ל",גלקסו סמית קליין,GB,א.פרש מי פה אקסטרים 500 מ,מיליליטרים,500.00,"100 מ""ל",false,,14.90,0.0298,true,1,1106492
7290014059085,false,"משחת שיניים סנסודיין 75 מ""ל פרימיום לשיקום והגנה","סמית קליין ביצ'ם בע""",GB,סנסודיין משחה לשיקום והגנ,100 מל,75.00,100 מל,false,,23.90,0.3187,true,1,1106493
7290014059436,false,"משחת שיניים סנסודיין 75 מ""ל פרימיום לשיקום והגנה מלבינה 75 מ""ל","סמית קליין ביצ'ם בע""",GB,סנסודיין משחה לשיקום והגנ,100 מל,75.00,100 מל,false,,23.90,0.3187,true,1,1106502
7290014059443,false,סנסודין משחה דואל קר 75 מל שלישיה,גלקסוסמיתקליין,GB,"סנסודיין דואלקר 75 מ""ל של",מיליליטרים,225.00,"100 מ""ל",false,,39.90,0.1773,true,1,1106503
7290014066113,false,לנדוור קפה המקורי מארז זוג 2*100 גרם,,,לנדוור קפה המקורי מא,יח',1.00,יח',false,,9.90,9.9000,true,1,8263467
7290014066441,false,לנדוור-קפסולות אספרסו נטול קפאין(07) - 10יח'12X יח,קפה לנדוור,IL,לנדוור קפסולות אספרס,יח',1.00,יח',false,,14.90,14.9000,true,1,8238180
7290014079236,false,פטריות פורטובלה צעירות מרינה,מרינה פטריות הגליל,IL,פטריות פורטובלה צעיר,יח',1.00,יח',false,,7.90,7.9000,true,1,2611605
7290014079540,false,שיני שום קלופות יחידה,"מרינה פטריות הגליל בע""מ",IL,שום קלוף 1 קילו מרי,גרמים,1000.00,100 גרם,false,,29.90,0.0299,true,1,8233105
7290014079847,false,פטריות בייבי בלה צמד מרינה,"מרינה פטריות הגליל בע""מ",IL,פטריות בייבי בלה צמד,יח',1.00,יח',false,,14.90,14.9000,true,1,2861436
7290014083806,false,עוגיות בטעם חמאה 350 גרם בפח,וילי פוד,PT,עוגיות בטעם חמאה 350,גרמים,350.00,100 גרם,false,,10.50,0.0300,true,1,1098355
7290014089310,false,פטוניה בעציץ יחידה,פרח הארץ,IL,פטוניה בעציץ,יח',1.00,יח',false,,9.90,9.9000,true,1,7411838
7290014089563,false,יקינטון בעציץ יחידה,פרח הארץ,IL,יקינטון בעציץ,יח',1.00,יח',false,,29.90,29.9000,true,1,7411858
7290014089570,false,אמנון ותמר בעציץ יחידה,פרח הארץ,IL,אמנון ותמר בעציץ,יח',1.00,יח',false,,9.90,9.9000,true,1,7411859
7290014089594,false,אלוורה בעציץ יחידה,פרח הארץ,IL,אלוורה בעציץ,יח',1.00,יח',false,,25.00,25.0000,true,1,7411861
7290014089655,false,ניצנית בעציץ יחידה,פרח הארץ,IL,ניצנית בעציץ,יח',1.00,יח',false,,19.90,19.9000,true,1,7411867
7290014094260,false,שיני שום קלוף קמעונאי,יאנונינגלנאגג פרודיס לטד,CN,שום קלוף מרינה,גרמים,170.00,100 גרם,false,,8.90,0.0524,true,1,2765825
7290014204034,false,"מרכך יומי 750 מ""ל פנינה רוזנבלום",פנינה רוזנבלום,IL,"מרכך יומי 750 מ""ל פנ",מיליליטרים,750.00,"100 מ""ל",false,,8.90,0.0119,true,1,1102439
7290014204560,false,"סבון נוזלי שלישיה 500 מ""ל פנינה רוזנבלום",פ.רוזנבלום כללי,IL,סבון נוזלי שלישיה 50,מיליליטרים,500.00,"100 מ""ל",false,,9.90,0.0198,true,1,1102485
7290014204645,false,"שמפו קרטין לאחר החלקה 750 מ""ל פנינה רוזנבלום",פנינה רוזנבלום PR,IL,שמפו קרטין לאחר החלק,מיליליטרים,750.00,"100 מ""ל",false,,24.90,0.0332,true,1,2756666
7290014204683,false,"פנינה רוזנבלום- סבון נוזלי משאבה סגול,1 ליטר",פנינה רוזנבלום,IL,סבון משאבה סגול 1 לי,ליטרים,1.00,ליטר,false,,8.90,8.9000,true,1,2683072
7290014204690,false,"פנינה רוזנבלום- סבון נוזלי משאבה ורוד,1 ליטר",פנינה רוזנבלום,IL,סבון משאבה ורוד 1 לי,ליטרים,1.00,ליטר,false,,8.90,8.9000,true,1,2683073
7290014204706,false,סבון משאבה קורל 1 ליטר פנינה רוזנבלום,פנינה רוזנבלום,IL,סבון משאבה קורל 1 לי,ליטרים,1.00,ליטר,false,,8.90,8.9000,true,1,2683074
7290014218321,false,בורקס אישי יפו גבינה מעדנות 600 גרם,מיוצר עי קונדיטוריית,IL,בורקס יפו גבינה 4יח*,גרמים,600.00,100 גרם,false,,17.90,0.0298,true,1,2841952
7290014218536,false,בצק עלים מרודד מופחת שומן מעדנות 1 קג,תנובה מעדנות,IL,בצק עלים מופחת שומן,גרמים,1000.00,100 גרם,false,,21.90,0.0219,true,1,3832824
7290014218932,false,חטיפי פיצה בתוספ זיתים בשקית מעדנות 710 גרם,מיוצר עי קונדיטוריית,IL,חטיפי פיצה בתוספת זי,גרמים,710.00,100 גרם,false,,27.90,0.0393,true,1,7404734
7290014256620,false,"יין מבעבע קריניאנו באזז יקבי כרמל 750 מ""ל",יקבי כרמל Carmel Winery,IL,יין קריניאנו באזז יק,מיליליטרים,750.00,"100 מ""ל",false,,26.90,0.0359,true,1,2705093
7290014258723,false,תרכובת מזון צמחי לתינוקות מגיל 0 עד גיל שנה,מטרנה תעשיות ש.מ,IL,מטרנה צמחית מגיל 0 ע,גרמים,700.00,100 גרם,false,,64.90,0.0927,true,1,2709402
7290014397279,false,שקיות מזון גדולות XL סנו סושי 300 יחידות,"אשפלסט תעשיות בע""מ",CN,סושי שקיות אוכל 300X,יח',300.00,יח',false,,9.90,0.0330,true,1,1094851
7290014397286,false,מרכך כביסה מרוכז חלב ודבש סנו מקסימה 1 ליטר,סנו-מקסימה,IL,מקסימה מרכך כביסה מר,ליטרים,1.00,ליטר,false,,17.50,17.5000,true,1,1094852
7290014397453,false,סנו אוקסיגן גל מסיר כתמים כביסה לבנה 3 ל,סנו אוקסיג'ן,IL,סנו אוקסיגן 3 ליטר,ליטרים,3.00,ליטר,false,,28.90,9.6333,true,1,1094854
7290014397491,false,"מבשם אויר סנו פרש הום בניחוח וניל קוקוס 350 מ""ל",סנו פרש Fresh,IL,מבשם אויר סנו פרש הו,מיליליטרים,350.00,"100 מ""ל",false,,9.90,0.0283,true,1,1094855
7290014397507,false,מבשם אויר סנו פרש הום בניחוח מאסק מעודן 350 מ''ל,מיוצר עי קונדיטוריית,IL,מבשם אויר סנו פרש הו,מיליליטרים,350.00,"100 מ""ל",false,,9.90,0.0283,true,1,1094856
7290014397521,false,"מבשם אויר סנו פרש הום בניחוח לבנדר 350 מ""ל",סנו פרש Fresh,IL,מבשם אויר סנו פרש הו,מיליליטרים,350.00,"100 מ""ל",false,,9.90,0.0283,true,1,1094858
7290014397538,false,"מבשם אויר סנו פרש הום בניחוח אביב 350 מ""ל",סנו מפעלי ברונוס בעמ,IL,מבשם אויר סנו פרש הו,מיליליטרים,350.00,"100 מ""ל",false,,9.90,0.0283,true,1,1094859
7290014397705,false,פוליויקס נוזל לניקוי פרקט סנו 2 ליטר,סנו פוליויקס,IL,פוליויקס נוזל לניקוי,ליטרים,2.00,ליטר,false,,19.90,9.9500,true,1,1094870
7290014397767,false,סנו ריצפז פרש הום 2 ליטר בניחוח כותנה-מרכז,"סנו מפעלי ברונוס בע""",IL,ריצפז פרש הום 2לי,ליטרים,2.00,ליטר,false,,19.70,9.8500,true,1,1094873
7290014397774,false,רצפז פרש הום טבע רענן 2 ל',סנו פרש Fresh,IL,רייצפז פרש הום 2 לי,ליטרים,2.00,ליטר,false,,19.70,9.8500,true,1,1094874
7290014397781,false,סנו ריצפז פרש הום 2 ליטר בניחוח סבון,סנו פרש Fresh,IL,ריצפז פרש הום 2לי,ליטרים,2.00,ליטר,false,,19.70,9.8500,true,1,1094875
7290014397873,false,מרכך כביסה בבישום עוצמתי ג'נטל בריז,סנו מפעלי ברונוס בעמ,IL,מקסימה מרכך כביסה סנ,ליטרים,4.00,ליטר,false,,21.50,5.3750,true,1,7967200
7290014426061,false,משחת שיניים הלו קיטי בטעם ענבים לגיל 2-6,כצט נוביס,IL,משחת שיניים הלו קיטי,מיליליטרים,50.00,"מ""ל",false,,10.90,0.2180,true,1,1106519
7290014426986,false,שואו שעווה מיקרו 480גר,,,שואו שעווה מיקרו 480,גרמים,480.00,100 גרם,false,,15.90,0.0331,true,1,1106524
7290014459137,false,"תפוגן סטייק צ'יפס 1.5 ק""ג אסם","תעשיות תפוגן בע""\מ",IL,תפוגן סטיק ציפס 8*1.,קילוגרמים,1.50,"ק""ג",false,,23.90,15.9333,true,1,1120651
7290014459373,false,"צ'יפס קראנצ'י לתנור קפוא תפוגן 1.5ק""ג","תעשיות תפוגן בע""\מ",IL,תפוגן ציפס קראנצי 1.,קילוגרמים,1.50,"ק""ג",false,,24.90,16.6000,true,1,2856839
7290014471412,false,"מוזלי בוטנים אגוזים ושקדים 1 ק""ג - 412 ירוק שקדיה","דין שיווק וקלייה בע""",IL,מוזלי בוטנים אגוזים,קילו,1.00,קילו,false,,21.90,21.9000,true,1,1086037
7290014471436,false,"מוזלי צימוקים תפוח קינמון וגרעיני חמניה 1 ק""ג כחול שקדיה","דין שיווק וקלייה בע""",IL,מוזלי צימוקים תפוח ק,קג,1.00,קג,false,,21.90,21.9000,true,1,1086039
7290014471443,false,"גרנולה צימוקים אגוזים ושקדים1 ק""ג חדש - 443 כתום שקדיה (כתום)","דין שיווק וקלייה בע""",IL,גרנולה עם צימוקים אג,קילו,1.00,קילו,false,,21.90,21.9000,true,1,1086040
7290014472426,false,קונפיטורה דובדבן חמוץ 450 ג' שקדיה,"דין שיווק וקליה בע""מ",TR,קונפיטורה דובדבן חמו,גרמים,450.00,100 גרם,false,,10.90,0.0242,true,1,8446863
7290014472433,false,קונפיטורה תות שדה 70% פרי 450 גרם שקדיה,"דין שיווק וקליה בע""מ",TR,קונפיטורה תות שדה 70,גרמים,450.00,100 גרם,false,,10.90,0.0242,true,1,8446894
7290014472990,false,ממרח 100% שקדים שקדיה 300 גרם,ג'\י אנד ג'\י פקאנס בעמ,IL,שקדיה ממרח שקדים 300,גרמים,300.00,100 גרם,false,,27.90,0.0930,true,1,6368706
7290014473676,false,חמאת בוטנים 100% טבעית ללא תוספת סוכר טעמן 510 גרם,ניצה אס סיי,AR,חמאת בוטנים 510גר טע,גרמים,510.00,100 גרם,false,,11.90,0.0233,true,1,2669038
7290014501829,false,"יין גליל קברנה סוביניון 750 מ""ל",יקב הרי גליל,IL,גליל קברנה סוביניון,מטרים,750.00,100 מ'ל,false,,64.90,0.0865,true,1,8379921
7290014503137,false,"יין כנען אדום דלתון 750 מ""ל","יקב דלתון בע""\מ",IL,יובלים אדום (דלתון) - רשת,מיליליטרים,750.00,"100 מ""ל",false,,37.50,0.0500,true,1,2619580
7290014503144,false,יין כנען לבן דלתון 750 מל,"יקב דלתון בע""\מ",IL,יובלים לבן (דלתון) - רשת,מיליליטרים,750.00,"100 מ""ל",false,,37.50,0.0500,true,1,2619581
7290014525009,false,חטיף סלים פרוט Slim fruit בטעם יוגורט ובמילוי תפוח,סלים דליס Slim Delis,ES,חטיף בריאות יוגורט ב,גרמים,182.00,100 גרם,false,,10.80,0.0593,true,1,1099276
7290014525016,false,עשיריית חטיף סלים פרוט מרבה יוגורט תות סלים דליס 18.2 גרם,סלים דליס Slim Delis,ES,חטיף בריאות יוגורט ב,גרמים,182.00,100 גרם,false,,10.80,0.0593,true,1,1099277
7290014525023,false,חטיף בריאות יוגורט במילוי פירות יער 182ג,סלים דליס Slim Delis,ES,חטיף בריאות יוגורט ב,גרמים,215.00,100 גרם,false,,10.80,0.0502,true,1,1099278
7290014525290,false,חטיפי סלים דליס קריספי תות מרבה 125 גרם,סלים דליס Slim Delis,NL,מרבה סלים דליס קריספ,גרמים,125.00,100 גרם,false,,10.80,0.0864,true,1,2968254
7290014525306,false,חטיפי סלים דליס קריספי אוכמניות מרבה 125 גרם,סלים דליס Slim Delis,NL,מרבה סלים דליס קריספ,גרמים,125.00,100 גרם,false,,10.80,0.0864,true,1,2968255
7290014525313,false,חטיפי סלים דליס קריספי שוקולד מרבה 125 גרם,סלים דליס Slim Delis,NL,מרבה סלים דליס קריספ,גרמים,125.00,100 גרם,false,,10.80,0.0864,true,1,2968256
7290014525665,false,מרבה על חלל עוגיות קקאו וסוכריות שוק חלב 140 יח',"מרבה בע""\מ",NL,עוגיות קקאו וסוכריות,גרמים,140.00,100 גרם,false,,9.80,0.0700,true,1,8328758
7290014525672,false,מרבה על חלל עוגיות עם סוכריות שוקולד 140 יח',"מרבה בע""\מ",NL,מרבה עוגיות עם סוכרי,גרמים,140.00,100 גרם,false,,9.80,0.0700,true,1,8328759
7290014673007,false,תערובת עשבי תיבול בסגנון ים תיכוני מימון 40 גרם,א.ל ייצור ושיווק תבל,IL,תערובת עשבי תיבול בס,גרמים,40.00,100 גרם,false,,11.50,0.2875,true,1,8340037
7290014673014,false,פלפל אנגלי שלם תבליני מימון 90 גרם,א.ל ייצור ושיווק תבל,IL,פלפל אנגלי שלם 90 גרם,גרמים,90.00,100 גרם,false,,12.90,0.1433,true,1,2728607
7290014673021,false,פלפל שחור שלם תבליני מימון 100 גרם,א.ל ייצור ושיווק תבל,IL,פלפל שחור שלם 100 גרם,גרמים,100.00,100 גרם,false,,14.50,0.1450,true,1,2728608
7290014673045,false,תערובת תיבול לצ'יפס מימון 100 גרם,א.ל ייצור ושיווק תבל,IL,תערובת תיבול לצ'יפס,גרמים,100.00,100 גרם,false,,11.50,0.1150,true,1,8340059
7290014673137,false,תערובת תיבול לפיצה מימון 100 גרם,א.ל ייצור ושיווק תבל,IL,תערובת תיבול לפיצה 1,גרמים,100.00,100 גרם,false,,11.50,0.1150,true,1,8340041
7290014673359,false,מלח לימון תבליני מימון 400 גרם,א.ל ייצור ושיווק תבל,IL,מלח לימון 400 גרם,גרמים,400.00,100 גרם,false,,21.90,0.0547,true,1,1083175
7290014673366,false,כורכום טחון תבליני מימון 250 גרם,א.ל ייצור ושיווק תבל,IL,כורכום טחון 250 גרם,גרמים,250.00,100 גרם,false,,21.90,0.0876,true,1,1083176
7290014673373,false,פפריקה הונגרית חריפה תבליני מימון 250 גרם,א.ל ייצור ושיווק תבל,IL,פפריקה הונגרית חריפה 250,גרמים,250.00,100 גרם,false,,21.90,0.0876,true,1,1083177
7290014673380,false,כמון טחון תבליני מימון 250 גרם,א.ל ייצור ושיווק תבל,IL,כמון טחון 250 גרם,גרמים,250.00,100 גרם,false,,21.90,0.0876,true,1,1083178
7290014673403,false,פלפל שחור טחון תבליני מימון 250 גרם,א.ל ייצור ושיווק תבל,IL,פלפל שחור טחון 250 גרם,גרמים,250.00,100 גרם,false,,27.90,0.1116,true,1,1083180
7290014673410,false,פלפל שחור גרוס דק תבליני מימון 250 גרם,א.ל ייצור ושיווק תבלינים,IL,פלפל שחור גרוס דק 250 גרם,גרמים,250.00,100 גרם,false,,27.90,0.1116,true,1,1083181
7290014673434,false,פלפל שחור גרוס דק שקית תבליני מימון 80גרם,א.ל ייצור ושיווק תבל,,תבלין בשקית פלפל שחו,גרמים,80.00,100 גרם,false,,8.90,0.1113,true,1,6198276
7290014673618,false,תבלינים זנגביל בצנצנת 30 גרם,א.ל ייצור ושיווק תבל,IL,זנגביל 30 גרם חדש,יח',1.00,יח',false,,11.50,11.5000,true,1,2640405
7290014674004,false,קריספ פירורי לחם שומשום ומלח ים 300 גרם מיימונס,א.ל ייצור ושיווק תבל,IL,קריספ פירורי לחם עם,גרמים,300.00,100 גרם,false,,7.50,0.0250,true,1,8407655
7290014692299,false,גבינת ברי EURO CHEESE ויליפוד 125 גרם,יורו צ'יז Euro Cheese,DK,גבינת ברי 125גר יורו,גרמים,125.00,100 גרם,false,,14.90,0.1192,true,1,2608056
7290014692817,false,גבינת מוצרלה מגורדתEURO CHEESE ויליפוד 200 גרם,הנסיך- מפעל לייצור ט,IL,גבינת מוצרלה מגורדת,גרמים,200.00,100 גרם,false,,10.90,0.0545,true,1,2608059
7290014704121,false,קקאו בשקית רמי לוי 150 גרם,רמי לוי,BE,קקאו בשקית רמי לוי 1,גרמים,150.00,100 גרם,false,,4.90,0.0327,true,1,2770342
7290014704145,false,קפה נמס רמי לוי 200 גרם,רמי לוי,BE,קפה נמס רמי לוי 200,גרמים,200.00,100 גרם,false,,14.90,0.0745,true,1,2770344
7290014704244,false,שוקלטה אבקה להכנת שוקו רמי לוי 850 גרם,,,שוקלטה אבקה להכנת שו,גרמים,850.00,100 גרם,false,,13.90,0.0164,true,1,3405465
7290014749245,false,ספיישל רצועות שניצל שומשום עוף טוב 600 גרם,מוצרי עוף טוב (2001) בע\,IL,עוף טוב רצועות שניצל,גרמים,600.00,100 גרם,false,,29.80,0.0497,true,1,8085325
7290014758100,false,מאגדת יוגורט ביו 3% שומן 8 יח' *150ג' תנובה,מיוצר עי קונדיטוריית,IL,מאגדת יוגורט ביו 3%,קילוגרמים,1.20,"ק""ג",false,,15.90,13.2500,true,1,1087280
7290014758117,false,מאגדת יוגורט ביו 1.5% שומן 8 יח' *150 ג' תנובה,מיוצר עי קונדיטוריית,IL,מאגדת יוגורט ביו 1.5,קילוגרמים,1.20,"ק""ג",false,,15.90,13.2500,true,1,1087281
7290014758162,false,חלב עיזים מלא 3.6% קרטון 1 ל' תנובה,תנובה מרכז שיתופי לש,IL,חלב עיזים מלא 3.7% ת,ליטרים,1.00,ליטר,false,,13.90,13.9000,true,1,1087284
7290014758681,false,קוטג תנובה 1% גביע 250 גרם,מיוצר עי קונדיטוריית,IL,קוטג תנובה 1% גביע 2,גרמים,250.00,100 גרם,false,,5.40,0.0216,true,1,1087301
7290014759084,false,גבינת שמנת נפוליאון 16% מופחת שומן תנובה 225 גרם,תנובה מרכז שיתופי לש,IL,נפוליאון 16% גביע 22,גרמים,225.00,100 גרם,false,,12.30,0.0547,true,1,1805154
7290014759237,false,יוגורט תנובה 6.5% כד 3 ליטר,,,יוגורט תנובה 6.5% כד,יח',1.00,יח',false,,26.90,26.9000,true,1,7176640
7290014759909,false,פטה עיזים 5% פיראוס גביע 250 גרם,"תנובה, מחלבת טנא נוג",IL,פטה 5% 250גר,גרמים,250.00,100 גרם,false,,26.90,0.1076,true,1,2623303
7290014759985,false,גבינת פרמזן גבע 23% תנובה 200 גרם,תנובה חלב,IL,פלח פרמזן גבע 23% 20,גרמים,200.00,100 גרם,false,,23.90,0.1195,true,1,2603276
7290014759992,false,גבינת רוקפור גליל פלח 140 ג' תנובה,"תנובה, מחלבת תל יוסף",IL,רוקפור 140 גרם תנובה,גרמים,140.00,100 גרם,false,,18.50,0.1321,true,1,2603277
7290014760134,false,"מעדן סויה בטעם וניל תנובה 125 מ""ל",תנובה Alternative,IL,מעדן סויה בטעם וניל,גרמים,125.00,100 גרם,false,,3.90,0.0312,true,1,2650780
7290014760141,false,משקה שקדים תנובה E אלטרנטיב,תנובה Alternative,IL,משקה שקדים טרי 1 ליט,ליטרים,1.00,ליטר,false,,11.60,11.6000,true,1,2752280
7290014760448,false,גבינה צהובה גלבוע 400 גרם 22% שומן תנובה,מיוצר בסין.יבוא ושיו,IL,גלבוע 22% 400 גרם,גרמים,400.00,100 גרם,false,,22.90,0.0572,true,1,2646669
7290014760912,false,פרוסות גבינה 28% שומן 400 ג' גוש חלב,תנובה מרכז שיתופי לש,IL,גוש חלב כשרות מהדרין,גרמים,400.00,100 גרם,false,,24.90,0.0622,true,1,2646670
7290014761018,false,גיל בטעם וניל תנובה 125 גרם,תנובה מרכז שיתופי לש,IL,גיל בטעם וניל,גרמים,125.00,100 גרם,false,,1.30,0.0104,true,1,2655133
7290014761056,false,מעדן שוקולד חלב יולו תנובה 123 גרם,מיוצר עי קונדיטוריית,IL,YOLO מעדן שוקולד חלב,גרמים,122.00,100 גרם,false,,4.30,0.0352,true,1,2706460
7290014761070,false,מעדן שוקולד לבן יולו תנובה 123 גרם,מיוצר עי קונדיטוריית,IL,YOLO מעדן שוקולד לבן,גרמים,122.00,100 גרם,false,,4.30,0.0352,true,1,2706462
7290014761193,false,יוגורט עם פירות יער 1.5% שומן 125 ג' פרילי,תנובה מרכז שיתופי לש,IL,פרילי פירות יער 125ג,גרמים,125.00,100 גרם,false,,3.30,0.0264,true,1,2717765
7290014761414,false,יולו מעדן שכבות שוקולד חלב ולבן 123 גר,מיוצר עי קונדיטוריית,IL,YOLO מעדן שכבות שוקו,גרמים,122.00,100 גרם,false,,4.30,0.0352,true,1,2706465
7290014761438,false,פיראוס בולגרית קלאסית 24% סמי מעדניה 400,תנובה מרכז שיתופי לש,IL,סמי בולגרית 24% קלאס,גרמים,400.00,100 גרם,false,,25.80,0.0645,true,1,2699732
7290014761698,false,"גבינת עמק 28% סמי חצי קשה 600 גרם בד""ץ",תנובה מרכז שיתופי לש,IL,עמק סמי מעדניה בדצ 2,גרמים,600.00,100 גרם,false,,27.90,0.0465,true,1,3670721
7290014762756,false,גבינת שמנת נפוליאון 16% עם בצל תנובה 225 גרם,תנובה חלב,IL,נפוליאון 16% בצל.,גרמים,225.00,100 גרם,false,,12.30,0.0547,true,1,2841956
7290014762800,false,מעדן סויה שוקולד גביע 125 גרם אלטרנטיב,תנובה מרכז שיתופי לש,IL,מעדן סויה שוקולד גבי,גרמים,125.00,100 גרם,false,,3.70,0.0296,true,1,5009702
7290014762831,false,גבינת שמנת נפוליאון 16% עם פלפל חלפיניו תנובה 225 גרם,תנובה מרכז שיתופי לש,IL,גבינת נפוליאון עם פל,גרמים,225.00,100 גרם,false,,12.30,0.0547,true,1,3053180
7290014762909,false,פתיתי מוצרלה השף הלבן 10% תוספת מתנה,"תנובה, מחלבת תל יוסף",IL,פתיתי מוצרלה 200 גר,גרמים,200.00,100 גרם,false,,15.90,0.0795,true,1,2990006
7290014762947,false,לאבנה גלילית 11% שומן 750 ג' פיראוס,תנובה,IL,לאבנה גלילית פיראוס,גרמים,750.00,100 גרם,false,,23.70,0.0316,true,1,2906150
7290014763098,false,קרם גבינת שמנת 5% עם פלפל שום ובצל 200 ג' תנובה,תנובה,IL,קרם גבינת שמנת 5% טו,גרמים,200.00,100 גרם,false,,10.90,0.0545,true,1,2990009
7290014763395,false,גבינה צהובה עמק פרוס 28% 600 גרם מהדרין,תנובה מרכז שיתופי לש,IL,עמק סמי מהדרין 600 ג,גרמים,600.00,100 גרם,false,,29.90,0.0498,true,1,3832826
7290014763418,false,"כד יוגרט תנובה 4% שומן 1.5 ליטר, מהדרין",תנובה מרכז שיתופי לש,IL,יוגורט כד תנובה 4% 1,ליטרים,1.50,ליטר,false,,16.50,11.0000,true,1,3379291
7290014821569,false,כבל סנכרון אלומניום אייפון 6 2 מטר,ארטוס,,כבל סנכרון אייפון 6,יח',1.00,יח',false,,29.90,29.9000,true,1,8197503
7290014855434,false,מגבונים בייביסיטר פרפורמנס מבושם רביעיה,בייביסיטר Babysitter,IL,בייביסיטר פרפורמנס מ,יח',4.00,יח',false,,14.90,3.7250,true,1,4264430
7290014855458,false,מגבוני בייביסיטר פרפורמנס ללא בישום מארז 72X4יח',בייביסיטר Babysitter,IL,בייביסיטר פרפורמנס מ,יח',72.00,יח',false,,14.90,0.2069,true,1,4264431
7290014855854,false,מגבונים לחים מועשרים בקמומיל,בייבי בייסיק,IL,מגבונים בייבי בייסיק,יח',1.00,יח',false,,10.90,10.9000,true,1,4666142
7290014860070,false,"מקלוני אורז ללא גלוטן 5 מ""מ 454גר' (אור)",ניינטי נודל קו,TH,מקלוני אורז ללא גלוט,גרמים,454.00,100 גרם,false,,9.90,0.0218,true,1,1103574
7290014860094,false,"מקלוני אורז ללא גלוטן 3מ""מ 454גר' (אור)",ניינטי נודל קו,TH,מקלוני אורז ללא גלוט,גרמים,454.00,100 גרם,false,,9.90,0.0218,true,1,1103576
7290014860155,false,מחצלת במבו שטוחה 24X24 ס'מ,גולין פנגזו,CN,מחצלת במבו שטוחה 24X,יח',1.00,יח',false,,7.70,7.7000,true,1,1103577
7290014860247,false,שבבי אורז מרובעים ללא גלוטן 227 גרם (Oriental),ליאן תאי רייס,TH,שבבי אורז מרובעים לל,גרמים,227.00,100 גרם,false,,8.50,0.0374,true,1,2608718
7290014860988,false,"שימורי קרם קוקוס 17% 400 מ""ל (TCC) כשר",theppadungporn cocon,TH,שימורי קרם קוקוס 17%,מיליליטרים,400.00,"100 מ""ל",false,,9.90,0.0248,true,1,2626698
7290014890145,false,גבינת שמנת טבעי 225 גרם יעקובס,גבינות משק יעקבס,IL,שמנת 225 גרם,גרמים,225.00,100 גרם,false,,9.90,0.0440,true,1,5209366
7290014890152,false,גבינת שמנת זיתים 225 גרם יעקובס,גבינות משק יעקבס,IL,שמנת זיתים 225 גרם,גרמים,225.00,100 גרם,false,,9.90,0.0440,true,1,5383432
7290014890169,false,גבינת שמנת שום שמיר 225 גרם יעקובס,גבינות משק יעקבס,IL,שמנת שום שמיר 225 גר,גרמים,225.00,100 גרם,false,,9.90,0.0440,true,1,5486495
7290014890176,false,ריקוטה סגנון איטלק5% 250,מחלבת משק יעקובס,IL,ריקוטה 250 גר,יח',1.00,יח',false,,9.90,9.9000,true,1,7459028
7290014890190,false,גבינת מוצרלה כדור 100 גר,מחלבת משק יעקובס,IL,מוצרלה כדור 100 גר,יח',1.00,יח',false,,10.90,10.9000,true,1,7459029
7290014890206,false,קרם פרש 250גרם יעקוב,מחלבת משק יעקובס,IL,קרם פרש 250 גר,יח',1.00,יח',false,,14.90,14.9000,true,1,7459030
7290014890237,false,גבינת קממברט יעקבס 125 גרם,גבינות משק יעקבס,IL,גבינת קממבר בייבי 12,גרמים,125.00,100 גרם,false,,14.70,0.1176,true,1,4187066
7290014890572,false,"יוגורט עיזים משק יעקבס 850 מ""ל",גבינות משק יעקבס,IL,יוגורט עיזים 850 גר,גרמים,850.00,100 גרם,false,,20.50,0.0241,true,1,8384776
7290014890589,false,"יוגורט יווני משק יעקבס 850 מ""ל",גבינות משק יעקבס,IL,יוגורט יוני 850 גר,גרמים,850.00,100 גרם,false,,19.50,0.0229,true,1,8384777
7290014890596,false,ברי עיזים בייבי משק יעקבס 125 גרם,גבינות משק יעקבס,IL,ברי עיזים בייבי 125,גרמים,125.00,100 גרם,false,,18.90,0.1512,true,1,8384808
7290014901247,false,"שמפו קרטין לאחר החלקה ועיצוב בחום סטייל 750 מ""ל",א.ל. ארמן ייצור תמרו,IL,750 שמפו קרטין,מיליליטרים,750.00,"100 מ""ל",false,,24.90,0.0332,true,1,2611697
7290014901254,false,"מרכך קרטין לאחר החלקה ועיצוב בחום סטייל 750 מ""ל",א.ל ארמן ייצור תמרוק,IL,750 מרכך קרטין,מיליליטרים,750.00,"100 מ""ל",false,,24.90,0.0332,true,1,2611698
7290014901308,false,"סנסודיין משחת שיניים להגנה מלאה 75 מ""ל - סדרת פרמיום","סמית קליין ביצ'ם בע""",GB,"סנסודיין הגנה מלאה 75 מ""ל",מטרים,75.00,100 מ'ל,false,,23.90,0.3187,true,1,2633466
7290014901315,false,סנסודיין משחה הגנה מלאה אקסטרה פרש 75 מל,"סמית קליין ביצ'ם בע""",GB,סנסודיין הגנה מלאה פרש 75,100 מל,75.00,100 מל,false,,23.90,0.3187,true,1,2629709
7290014905160,false,"הפי מטהר אוויר פניני ריח בניחוחות, 130 גרם",יוליניבר,IT,מפיץ ריח פניני ריח י,גרמים,130.00,100 גרם,false,,10.90,0.0838,true,1,1680532
7290014905689,false,"נוזל כלים הפי מרוכז 24% תפוח 750 מ""ל",יעקובי הפי,IL,"הפי לכלים 24% 750 מ""",מיליליטרים,750.00,"100 מ""ל",false,,7.90,0.0105,true,1,2694711
7290014905696,false,"נוזל כלים הפי מרוכז 24% לימון 750 מ""ל",יעקובי הפי,IL,"הפי לכלים 24% 750 מ""",מיליליטרים,750.00,"100 מ""ל",false,,7.90,0.0105,true,1,2694712
7290014905719,false,הפי לימונית למדיח כלים - מנטרל ריחות רעים,יעקבי - הפי Hepi,IT,הפי לימונית למדיח יע,יח',1.00,יח',false,,8.90,8.9000,true,1,2694713
7290014918009,false,דלי שטיפה+פיה,פלנרו,IL,דלי איכותי,יח',1.00,יח',false,,11.90,11.9000,true,1,1110984
7290014940901,false,לחם פשוט מלא אנג'ל 750 גרם,מאפיית שלמה א. אנג'\ל בע,IL,לחם פשוט מלא 750 אנג,גרמים,750.00,100 גרם,false,,11.80,0.0157,true,1,2728612
7290014962521,false,"טפטפים משחת שיניים לילדים מגיל 2-6 50 מ""ל",כצט CTS,IL,משחת שיניים טפטפים לגילאי,מטרים,50.00,100 מ'ל,false,,10.90,0.2180,true,1,2652332
7290014962538,false,משחת שיניים ג'וניור מנטה מעודן לגילאי 6+,כצט CTS,IL,משחת שיניים טפטפים ג'וניו,מטרים,50.00,100 מ'ל,false,,10.90,0.2180,true,1,2663171
7290015009003,false,מונטנייר חומץ יין לבן 500מל,מנדלז סי.אר. פרודקשן,ES,מונטנייר חומץ יין לב,מיליליטרים,500.00,"100 מ""ל",false,,13.60,0.0272,true,1,2866260
7290015009010,false,מונטנייר חומץ יין אדום 500מל,מנדלז סי.אר. פרודקשן,ES,מונטנייר חומץ יין אד,מיליליטרים,500.00,"100 מ""ל",false,,13.60,0.0272,true,1,2866261
7290015009027,false,"חומץ בלסמי 500 מ""ל ""daniel""",ר. צ'צ'יק,ES,חומץ בלסמי כשר,מיליליטרים,500.00,"100 מ""ל",false,,17.90,0.0358,true,1,2866262
7290015009287,false,חומץ בלסמי לבן דניאל,,,חומץ בלסמי לבן 500מל,מיליליטרים,500.00,"100 מ""ל",false,,17.90,0.0358,true,1,8150526
7290015014168,false,בייבי מיקס רמי לוי,,,בייבי מיקס רמי לוי,גרמים,150.00,100 גרם,false,,8.90,0.0593,true,1,5472202
7290015014182,false,לבבות קיסר בנספק רמי לוי,ברכת קטיף,IL,לבבות קיסר בנספק רמי,יח',1.00,יח',false,,8.90,8.9000,true,1,5472332
7290015014274,false,צנוניות רמי לוי 500ג,בוסתן עשבי תיבול,IL,צנוניות רמי לוי 500ג,גרמים,500.00,100 גרם,false,,4.90,0.0098,true,1,2827959
7290015014458,false,מרווה רמי לוי,,,מרווה רמי לוי,יח',1.00,יח',false,,3.90,3.9000,true,1,5472334
7290015014465,false,רוזמרין רמילוי,,,רוזמרין רמילוי,יח',1.00,יח',false,,3.90,3.9000,true,1,5472335
7290015014472,false,קורנית(בוסתן),,,טימין רמי לוי,יח',1.00,יח',false,,3.90,3.9000,true,1,6457198
7290015014922,false,עגבניות שרי צהוב,,,עגבניות שרי צהוב,יח',1.00,יח',false,,9.90,9.9000,true,1,7098155
7290015037211,false,כרוב אדום קצוץ 400 גרם אוצר הארץ,קטיף.,IL,כרוב אדום 400 גרם חס,גרמים,400.00,100 גרם,false,,11.80,0.0295,true,1,2675624
7290015037228,false,סלט קולסלו 400 גר אוצר הארץ,קטיף.,IL,סלט קולסלו 400 גרם ח,גרמים,400.00,100 גרם,false,,11.80,0.0295,true,1,2675625
7290015037235,false,חסה אייסברג קצוצה 300 גרם חסלט,קטיף,IL,חסה אייסברג קצוצה 30,גרמים,300.00,100 גרם,false,,12.80,0.0427,true,1,2675667
7290015037242,false,לקט ים תיכוני 350 גרם אוצר הארץ,קטיף,IL,לקט ים תיכוני 350 גר,גרמים,350.00,100 גרם,false,,12.80,0.0366,true,1,2675668
7290015037266,false,שבבי גזר אוצר הארץ 400 גר,חסלט,IL,שבבי גזר 400 גרם חסל,גרמים,400.00,100 גרם,false,,11.80,0.0295,true,1,2675669
7290015037273,false,פטרוזיליה אוצר הארץ - מהדרין,נסטלה שוויץ - רורשאך,IL,פטרוזיליה (שקית ) חס,יח',1.00,יח',false,,6.30,6.3000,true,1,2675626
7290015037280,false,כוסברה אוצר הארץ - מהדרין,ס.ר.ל פוסטל,IL,כוסברה (שקית) חסלט,יח',1.00,יח',false,,6.30,6.3000,true,1,2675627
7290015037297,false,שמיר אוצר הארץ - מהדרין,סאאדת,IL,שמיר (שקית ) חסלט,יח',1.00,יח',false,,6.30,6.3000,true,1,2675628
7290015037396,false,נענע אוצר הארץ - מהדרין,קטיף.,IL,נענע (שקית )חסלט,יח',1.00,יח',false,,6.30,6.3000,true,1,2675629
7290015037402,false,‏בצל ירוק שקית - אוצר הארץ,סאמיט,IL,בצל ירוק (שקית ) חסל,יח',1.00,יח',false,,7.30,7.3000,true,1,2675630
7290015037419,false,סלרי אמריקאי אוצר הארץ,עבאדי,IL,סלרי (שקית ) חסלט,יח',1.00,יח',false,,7.30,7.3000,true,1,2675631
7290015037426,false,‏עלי סלק שקית - אוצר הארץ,סאן רייז,IL,עלי סלק (שקית) חסלט,יח',1.00,יח',false,,7.30,7.3000,true,1,2675632
7290015037433,false,חסה ערבית אוצר הארץ יחיד,נסטלה קוריאה - קפה,IL,חסה ערבית (שקית ) חס,יח',1.00,יח',false,,7.30,7.3000,true,1,2675633
7290015037440,false,"כרוב לבן שלם 1 ק""ג -א. הארץ",סאסאטק,IL,כרוב לבן שלם חסלט,קילוגרמים,1.00,"ק""ג",true,,14.50,14.5000,true,1,2675634
7290015037457,false,"כרוב אדום שלם 1 ק""ג -א. הארץ",קטיף.,IL,כרוב אדום שלם חסלט,קילוגרמים,1.00,"ק""ג",true,,15.50,15.5000,true,1,2675635
7290015037495,false,"כוסברה כשרה יבול חו""ל יח",יעל ירק עלים,IL,כוסברה שקית בדץ חסלט,יח',1.00,יח',false,,6.80,6.8000,true,1,2677688
7290015037532,false,"סלרי כשר יבול חו""ל יחידה",יעל ירק עלים,IL,סלרי שקית בדץ חסלט,יח',1.00,יח',false,,7.80,7.8000,true,1,2677692
7290015037563,false,עלי סלק בדץ עדה חרדית,יעל ירק עלים,IL,עלי סלק שקית בדץ חסל,יח',1.00,יח',false,,7.80,7.8000,true,1,2677695
7290015037655,false,כרובית 600 גרם מהדרין אוצר הארץ י.ע.ל.,י.ש. ירקות עליים,IL,כרובית מהדרין חסלט 6,גרמים,600.00,100 גרם,false,,29.90,0.0498,true,1,8380021
7290015037662,false,ברוקולי 600 גרם מהדרין אוצר הארץ י.ע.ל.,י.ש. ירקות עליים,IL,ברוקולי מהדרין חסלט,גרמים,600.00,100 גרם,false,,29.90,0.0498,true,1,8383035
7290015037693,false,לבבות חסה במגשית חסלט,נסטלה שוויץ - רורשאך,IL,לבבות חסה במגשית חסל,יח',1.00,יח',false,,12.90,12.9000,true,1,8351475
7290015037716,false,לקט עלים צעירים -מגשית א.הארץ,נסטלה שוויץ - רורשאך,IL,לקט עלים צעירים במגש,יח',1.00,יח',false,,12.90,12.9000,true,1,8351476
7290015039055,false,"רוטב צ'ילי חריף תאילנדי וילי פוד 700 מ""ל",הנסיך- מפעל לייצור ט,TH,רוטב צ'ילי חריף תאיל,מיליליטרים,700.00,"100 מ""ל",false,,9.50,0.0136,true,1,2615629
7290015039246,false,נתחי טונה בשמן צמחי רביעיה * 160 ג' וילי פוד,וילי פוד,TH,טונה בשמן רביעייה 16,גרמים,640.00,100 גרם,false,,19.70,0.0308,true,1,2675237
7290015039253,false,עלי גפן במי מלח ויליפוד 620 גרם,קוראהן פזלרמה וי דיס,TR,עלי גפן במלח וילי פו,גרמים,620.00,100 גרם,false,,8.90,0.0144,true,1,2646528
7290015039338,false,נתחי טונה במי מלח רביעיה * 160 ג' וילי פוד,וילי פוד,TH,טונה רביעייה במים 16,גרמים,640.00,100 גרם,false,,19.70,0.0308,true,1,2675238
7290015054058,false,פאוורטק חלבון שוקו 700 גרם,,IL,פאוארטק חלבון 700ג ש,יח',1.00,יח',false,,129.00,129.0000,true,1,8256724
7290015139267,false,שוקולד מריר עם שקדים ללא תוספת סוכר וסטהיים,"כרמית תעשיות ממתקים בע""\",IL,כרמית אגו שוקולד ושק,גרמים,85.00,100 גרם,false,,4.90,0.0576,true,1,2763146
7290015139465,false,כרמית מיקסים בייגלה מצופה שוקולד חלב,כרמית תעשיות ממתקים בעמ,IL,כרמית מיקס בייגלה מצ,גרמים,55.00,גרם,false,,3.90,0.0709,true,1,2790104
7290015139533,false,חופשי ופל לימון ללא ציפוי ללא גלוטן כרמית 200 גרם,"כרמית תעשיות ממתקים בע""\",IL,חופשי וופל לימון 200,גרמים,200.00,100 גרם,false,,9.90,0.0495,true,1,2826905
7290015150088,false,מחית עגבניות קלה גרנד איטליה 700 גרם,שוורצקוף& הנקל דיסלד,IT,מחית עגבניות 700גר,גרמים,700.00,100 גרם,false,,12.90,0.0184,true,1,2742555
7290015150118,false,שלישיית עגבניות חתוכות דק גרנד איטליה 400 גרם,אמיליאנה קונסרב ס.פ.,IT,עגבניות חתוכות דק 21,גרמים,648.00,100 גרם,false,,18.89,0.0292,true,1,2742556
7290015150361,false,תה ירוק נענע סטיביה ויסוצקי 25 יחידות,ויסוצקי ירוק,IL,תה ירוק נענע סטיביה,יח',1.00,יח',false,,22.90,22.9000,true,1,2741572
7290015150590,false,תה ירוק ג'ינג'ר חריף ויסוצקי 25 יחידות,ויסוצקי ירוק,IL,תה ירוק גינגר 25 יחי,יח',25.00,יח',false,,22.90,0.9160,true,1,2776752
7290015150729,false,תה ירוק סקיני גריני ויסוצקי 25 יחידות,תה ויסוצקי,IL,תה ירוק סקיני גריני,יח',1.00,יח',false,,22.90,22.9000,true,1,2847599
7290015150903,false,תה ירוק קינמון ודבש ויסוצקי 25 יחידות,ויסוצקי ירוק,IL,תה ירוק קינמון ודבש,יח',25.00,יח',false,,22.90,0.9160,true,1,3195652
7290015155830,false,מחית תפוחי עץ ובננה חטיפטף ללא תוספת סוכר,פרוטה פודווין איי.אס,CZ,פרינוק פאוץ' תפוח בנ,גרמים,120.00,100 גרם,false,,5.90,0.0492,true,1,4821510
7290015155878,false,חטיף אורז אפוי לתינוקות טבעי חטיפטף 28גר,נאמצואו,TH,חטיפטף טבעי 28 גר,גרמים,28.00,100 גרם,false,,8.90,0.3179,true,1,5123924
7290015155885,false,חטיפטף - חטיף אורז אפוי בטעם אוכמניות 28 גרם,,,חטיפטף בטעם אוכמניות,גרמים,28.00,100 גרם,false,,7.90,0.2821,true,1,5123945
7290015156769,false,מחית פרינוק פאוץ' תפוח ואוכמניות 120 גרם,פרוטה פודווין איי.אס,CZ,פרינוק פאוץ' תפוח וא,גרמים,120.00,100 גרם,false,,5.90,0.0492,true,1,6789422
7290015156790,false,מחית לפתן פירות חטיפטף ללא תוספת סוכר,פרוטה פודווין איי.אס,CZ,פרינוק פאוץ' לפתן פי,גרמים,120.00,100 גרם,false,,5.90,0.0492,true,1,6444336
7290015156813,false,פאוץ' מחית פירות מעורבים פרינוק 120 גרם,פרוטה פודווין איי.אס,CZ,פרינוק פאוץ' פירות מ,גרמים,120.00,100 גרם,false,,5.90,0.0492,true,1,6444337
7290015161145,false,קוואקר כוסמין מלא עבה 400 גרם נוטרה זן,נוטרה זן NutraZen,DK,קוואקר כוסמין 400 גר,גרמים,400.00,100 גרם,false,,19.90,0.0497,true,1,8326542
7290015161336,false,"רוטב סויה תמרי אורגני ללא גלוטן 250 מ""ל",חברת גואנגזהו סיטי ר,CN,רוטב סויה תמרי ללא ג,מטרים,250.00,100 מ'ל,false,,19.70,0.0788,true,1,8378221
7290015161534,false,קוואקר שיבולת שועל עבה ללא גלוטן - 400 גרם,נוטרה זן NutraZen,DK,קוואקר עבה לל.ג 400,גרמים,400.00,100 גרם,false,,17.90,0.0447,true,1,8423210
7290015161978,false,פסטPRO עדשים אדומות חומוס ופשתן GF אורגנית 250 ג,נוטרה זן NutraZen,IT,פסטה פרוטאין עדשים א,גרמים,250.00,100 גרם,false,,14.90,0.0596,true,1,8251807
7290015164818,false,רוטב קארי צהובה 400 גרם SUREE כשר,Theppadungporn cocon,TH,מחית קארי צהובה 400,גרמים,400.00,100 גרם,false,,19.90,0.0497,true,1,8266149
7290015164832,false,מחית קארי ירוק 400 גרם SUREE כשר,טאפאדונגפורן קוקינט,TH,מחית קארי ירוקה 400ג,גרמים,400.00,100 גרם,false,,18.70,0.0467,true,1,2670331
7290015164856,false,רוטב קארי אדומה 400 גרם SUREE כשר,טאפאדונגפורן קוקינט,TH,מחית קארי אדומה 400ג,גרמים,400.00,100 גרם,false,,18.70,0.0467,true,1,2670332
7290015181211,false,פח ראטן מעוצב,,,פח ראטן מעוצב,יח',1.00,יח',false,,39.90,39.9000,true,1,8297941
7290015251464,false,נוזל לחיטוי פירות וירקות רמילוי 1 לי,,,נוזל לחיטוי פירות וי,100 מל,1.00,100 מל,false,,10.90,10.9000,true,1,5446195
7290015253321,false,"פחמים משובחים 2 ק""ג",,CN,"פחמים משובחים 2 ק""ג",יח',1.00,יח',false,,10.90,10.9000,true,1,8324395
7290015282390,false,סלט תורכי 200 גרם שמיר,"סלטי שמיר 2006 בע""מ",IL,סלט טורקי 200גר,גרמים,200.00,100 גרם,false,,9.90,0.0495,true,1,8158534
7290015282581,false,חומוס אבו גוש עם חריף שמיר 200 גרם,"סלטי שמיר 2006 בע""מ",IL,חומוס אבו גוש עם חרי,גרמים,200.00,100 גרם,false,,9.90,0.0495,true,1,2678022
7290015282598,false,חומוס מסעדות גורמה שמיר 200 גרם,"סלטי שמיר 2006 בע""מ",IL,חומוס מסעדות 200גר,גרמים,200.00,100 גרם,false,,9.90,0.0495,true,1,2678038
7290015282628,false,חציל בטעם כבד גורמה שמיר 200 גרם,"סלטי שמיר 2006 בע""מ",IL,חציל בטעם כבד 200גר,גרמים,200.00,100 גרם,false,,9.90,0.0495,true,1,2678041
7290015282635,false,חומוס מסבחה גורמה שמיר 200 גרם,"סלטי שמיר 2006 בע""מ",IL,חומוס מסבחה 200 ג,גרמים,200.00,100 גרם,false,,9.90,0.0495,true,1,4056915
7290015282642,false,חומוס אבו גוש גורמה שמיר 200 גרם,"סלטי שמיר 2006 בע""מ",IL,חומוס אבו גוש 200גר,גרמים,200.00,100 גרם,false,,9.90,0.0495,true,1,2678042
7290015282673,false,חציל במיונז ביתי גורמה שמיר 200 גרם,"סלטי שמיר 2006 בע""מ",IL,חציל במיונז ביתי 200,גרמים,200.00,100 גרם,false,,9.90,0.0495,true,1,2678091
7290015282772,false,פלפל רצועות קלוי/מטוגן 200 גרם,"סלטי שמיר 2006 בע""מ",IL,פלפל רצועות קלוי/מטו,גרמים,200.00,100 גרם,false,,9.90,0.0495,true,1,2678101
7290015325769,false,ג'ל רחצה מועשר נקטר פרחים 750 רמילוי,,,ג'ל רחצה מועשר נקטר,מיליליטרים,750.00,"100 מ""ל",false,,7.90,0.0105,true,1,4466903
7290015325776,false,ג'ל רחצה מועשר פירות אקזוטי 750 רמילוי,,,ג'ל רחצה מועשר פירות,מיליליטרים,750.00,"100 מ""ל",false,,7.90,0.0105,true,1,4466982
7290015325783,false,ג'ל רחצה מועשר לבנדר 750 רמילוי,,,ג'ל רחצה מועשר לבנדר,מיליליטרים,750.00,"100 מ""ל",false,,7.90,0.0105,true,1,4466956
7290015325790,false,ג'ל רחצה מועשר חוחובה 750 רמילוי,,,ג'ל רחצה מועשר חוחוב,מיליליטרים,750.00,"100 מ""ל",false,,6.90,0.0092,true,1,4466904
7290015325806,false,תחליב רחצה בניחוח קקטוס 750מל רמילוי,,,תחליב רחצה בניחוח קק,מיליליטרים,750.00,"100 מ""ל",false,,7.90,0.0105,true,1,4466957
7290015325820,false,תחליב רחצה קוקוס 750מל רמילוי,,,תחליב רחצה קוקוס 750,מיליליטרים,750.00,"100 מ""ל",false,,7.90,0.0105,true,1,4466959
7290015325837,false,תחליב רחצה פרש 750מל רמילוי,,,תחליב רחצה פרש 750מל,מיליליטרים,750.00,"100 מ""ל",false,,7.90,0.0105,true,1,4466960
7290015328715,false,האשפתון 65*52 50 יח',,,האשפתון 65*52,יח',1.00,יח',false,,10.90,10.9000,true,1,6553002
7290015328722,false,האשפתון 90*78 2 גליל,,,האשפתון 78*90,20 יח',1.00,20 יח',false,,10.90,10.9000,true,1,6553003
7290015328739,false,האשפתון 65*75,,,האשפתון 65*75,יח',1.00,יח',false,,10.90,10.9000,true,1,6553004
7290015335614,false,מעדן ביו עם תות יוגאנט 150גרם,טרופיקל דגיל תעשיות,IL,מעדן ביו עם תות,גרמים,150.00,100 גרם,false,,6.90,0.0460,true,1,7881503
7290015335621,false,יוגונאט פירות יער 150גר' ניה,טרופיקל דגיל תעשיות,IL,מעדן ביו עם פירות,גרמים,150.00,100 גרם,false,,6.90,0.0460,true,1,7881504
7290015335720,false,מעדן ביו בטעם אננס 150 גר,,IL,מעדן ביו עם אננס 150,גרמים,150.00,100 גרם,false,,6.90,0.0460,true,1,8430864
7290015348072,false,"למברוסקו אדום 750 מ""ל ""אמיליאנו""",גאטטיקו איטליה,IL,למברוסקו אמיליאנו אדום 75,מיליליטרים,750.00,"100 מ""ל",false,,24.90,0.0332,true,1,2729631
7290015348096,false,"למברוסקו רוזה 750 מ""ל ""אמיליאנו""",גאטטיקו איטליה,IL,למברוסקו אמיליאנו רוזה 75,מיליליטרים,750.00,"100 מ""ל",false,,24.90,0.0332,true,1,2729632
7290015354899,false,חרדל דיז'ון מעודן 350 גרם,ריין דיז'ון reine dijon,FR,חרדל דיז'ון מעודן 35,גרמים,350.00,100 גרם,false,,11.90,0.0340,true,1,6577552
7290015366373,false,ספירה אנתוש דוחה יתושים לילדים ותינוקות,סאסא קוסמטיקס,IL,"תחליב להרחקת יתושים 70 מ""",מטרים,50.00,100 מ'ל,false,,12.90,0.2580,true,1,2859193
7290015366380,false,ספירה אנתוש ספריי דוחה יתושים 70 מל,סאסא קוסמטיקס,IL,"תחליב להרחקת יתושים 70 מ""",מטרים,70.00,100 מ'ל,false,,12.90,0.1843,true,1,2859194
7290015366663,false,"משחת שיניים מנטה עדין אקווה פרש 100 מ""ל",גלקסוסמיתקליין,SK,"אקוה פרש מנטה 100 מ""ל",מיליליטרים,100.00,"100 מ""ל",false,,5.90,0.0590,true,1,2862275
7290015366670,false,משחת שיניים הגנה משולשת מנטה מרענן,גלקסוסמיתקליין,SK,"אקוה פרש מנטה 100 מ""ל",מיליליטרים,100.00,"100 מ""ל",false,,5.90,0.0590,true,1,2862276
7290015366717,false,"מסיכה לשיער ארגן קוקוס סטייל 500 מ""ל",א.ל ארמן יצור תמרוקים,IL,סטייל מסיכה ארגן 500,מיליליטרים,500.00,"100 מ""ל",false,,27.90,0.0558,true,1,2857829
7290015470094,false,טוסו שוקולד מריר תפוז ללא סוכר 100גרם,אלטינמארקה,TR,טוסו שוקולד מריר תפו,גרמים,100.00,100 גרם,false,,8.90,0.0890,true,1,3359128
7290015484305,false,קלין מסיר עובש 750 מל,,,קלין מסיר עובש 750 מ,מטרים,750.00,100 מ'ל,false,,9.90,0.0132,true,1,8457397
7290015519809,false,מחצלת 3X3 מידות: 270X270,,JO,מחצלת 3*3,יח',1.00,יח',false,,79.90,79.9000,true,1,6054642
7290015568289,false,כוס טרמית TO GO,,,כוס טרמית TO GO,יח',1.00,יח',false,,14.90,14.9000,true,1,2799555
7290015596251,false,"אלכוג'ל קיווי לשמירת הגיינת ידיים 100 מ""ל",פישר מעבדות פרמצבטיות בע,IL,"אלכוג'ל 100 מ""ל תפוח",מטרים,100.00,100 מ'ל,false,,9.90,0.0990,true,1,2705531
7290015597210,false,טילון קורונטו עם וופל ואגוזי לוז מסוכרים,"גלידת שטראוס בע""\מ, רחוב",IL,טילון קורנטו פרווה ט,גרמים,300.00,100 גרם,false,,25.90,0.0863,true,1,6032680
7290015597326,false,מאגדת קרחוני אייס לייט 3 טעמים 260 גר,"גלידת שטראוס בע""\מ, רחוב",IL,מאגדת אייס לייט,גרמים,710.00,100 גרם,false,,19.80,0.0279,true,1,2816577
7290015599023,false,VEGA צהובה טבעונית בטעם קלאסי 200 גרם,וגה מוצרים טבעוניים VEGA,GR,צהובה טבעונית בטעם ק,גרמים,200.00,100 גרם,false,,23.70,0.1185,true,1,8250414
7290015603188,false,אטריות ביצים 454ג' (כ) (fu),פוגיאן לונגהי אנלידה אינ,CN,אטריות ביצים 454ג' (,גרמים,454.00,100 גרם,false,,9.90,0.0218,true,1,2802722
7290015603201,false,אטריות מחיטה מלאה 454ג' (כ) (fu),קסמיאן קסינגשנג פודסטטפס,CN,אטריות מחיטה מלאה 45,גרמים,454.00,100 גרם,false,,10.40,0.0229,true,1,2770177
7290015603218,false,אטריות עם עגבניה מזרח מערב 454 גרם,פוגקן לונגהי אנלידה,CN,אטריות עם עגבניה 454,גרמים,454.00,100 גרם,false,,9.90,0.0218,true,1,3465806
7290015603225,false,איטריות בתוספת גזר 454 גרם,פוגקן לונגהי אנלידה,CN,אטריות עם גזר 454ג',גרמים,454.00,100 גרם,false,,10.40,0.0229,true,1,3465807
7290015603232,false,איטריות בתוספת דלעת 454 גרם,פוגקן לונגהי אנלידה,CN,אטריות עם דלעת 454ג',גרמים,454.00,100 גרם,false,,10.90,0.0240,true,1,3465808
7290015603522,false,"נוזל אגוזי קוקוס 5%-7% 400 מ""ל",אסי אטיק גרו אינדוסט,TH,נוזל אגוזי קוקוס 5-7,מיליליטרים,400.00,"100 מ""ל",false,,5.80,0.0145,true,1,2795558
7290015603546,false,"שימורי קרם קוקוס 17-19% 400 מ""ל (ASIATIC)(כ)",אסיאטיק אגרו אינדסטר,TH,שימורי קרם קוקוס 400,מיליליטרים,400.00,"100 מ""ל",false,,8.50,0.0213,true,1,6911040
7290015603560,false,"שימורי קרם קוקוס 20-22% 400 מ""ל (ASIATIC)(כ)",אסיאטיק אגרו אינדוסטרי,TH,שימורי קרם קוקוס 20-,מיליליטרים,400.00,"100 מ""ל",false,,9.60,0.0240,true,1,2795559
7290015603584,false,ג'ינגר לבן כבוש ללא מונוסודיום 190 גרם (כ),לאיווי איפנג פודס קו,CN,ג'ינגר לבן כבוש ללא,גרמים,190.00,100 גרם,false,,7.70,0.0405,true,1,2841630
7290015603591,false,גינגר ורוד כבוש ללא מונוסודיום 160 גרם,ננטונג הידה אקוטיק פ,CN,גינגר ורוד 190גרם,גרמים,190.00,100 גרם,false,,6.90,0.0363,true,1,5275727
7290015603638,false,"אורז קלרוז 1 ק""ג (כ) (Minh)",מינה פונג גרין אגריק,VN,"אורז קלרוז 1 ק""ג (כ)",גרמים,1000.00,100 גרם,false,,11.50,0.0115,true,1,2799468
7290015644297,false,שישיית לחמניות פשוט מלא אנג'ל 450 גרם,מאפיית שלמה א. אנג'\ל בע,IL,לחמניות פשוט מלא 6 י,גרמים,75.00,100 גרם,false,,10.90,0.1453,true,1,4367362
7290015673013,false,טחון מהצומח צליה גריל500,טבע דלי בעמ,IL,טחון לצלייה צמחוני 5,גרמים,500.00,100 גרם,false,,23.90,0.0478,true,1,6810196
7290015673181,false,המבורגר קליפורניה קלאסי עם ברוקולי טבע,טבע דלי,IL,המבורגר עם ברוקולי ט,גרמים,400.00,100 גרם,false,,24.90,0.0622,true,1,5491370
7290015673198,false,המבורגר טקסס עם פטריות טבע דלי 400 גרם,טבע דלי בעמ,IL,המבורגר טקסס עם פטרי,גרמים,400.00,100 גרם,false,,24.90,0.0622,true,1,5491371
7290015673211,false,טחון מהצומח להכנת בולונז קפוא 500 גר,טבע דלי,IL,טחון מהצומח להכנת בו,גרמים,500.00,100 גרם,false,,23.90,0.0478,true,1,6313879
7290015681070,false,אובלטים שומשום רמי לוי 300 גרם,רמי לוי,IL,אובלטים שומשום רמי ל,גרמים,300.00,100 גרם,false,,9.90,0.0330,true,1,2770118
7290015681087,false,אובלטים קימל רמי לוי 300 גרם,רמי לוי,IL,אובלטים קימל רמי לוי,גרמים,300.00,100 גרם,false,,9.90,0.0330,true,1,2770119
7290015681100,false,שניצלונים בציפוי שומשום רמי לוי 600 גרם,רמי לוי,IL,שניצלונים בציפוי שומ,גרמים,600.00,100 גרם,false,,23.90,0.0398,true,1,2782002
7290015681117,false,חטיפי עוף רמי לוי 60,רמי לוי,IL,חטיפי עוף רמי לוי 60,גרמים,600.00,100 גרם,false,,23.90,0.0398,true,1,2782003
7290015681131,false,שניצלוני גן חיות רמי לוי 600 גרם,רמי לוי,IL,שניצלוני גן חיות רמי,גרמים,600.00,100 גרם,false,,23.90,0.0398,true,1,2782004
7290015681148,false,נגיסי תירס רמי לוי 750 גרם,רמי לוי,IL,נגיסי תירס רמי לוי 7,גרמים,750.00,100 גרם,false,,19.90,0.0265,true,1,2770261
7290015681155,false,כוכבי תירס רמי לוי 600 גרם,רמי לוי,IL,כוכבי תירס רמי לוי 6,גרמים,600.00,100 גרם,false,,16.90,0.0282,true,1,2770279
7290015681162,false,שניצל תירס רמי לוי 750 גרם,רמי לוי,IL,שניצל תירס רמי לוי 7,גרמים,750.00,100 גרם,false,,19.90,0.0265,true,1,2770280
7290015681179,false,שניצל צמחי רמי לוי 750 גרם,רמי לוי,IL,שניצל צמחי רמי לוי 7,גרמים,750.00,100 גרם,false,,19.90,0.0265,true,1,2770281
7290015681186,false,שניצל עוף אמיתי עם שומשום רמי לוי 700 גרם,רמי לוי,IL,שניצל עוף אמיתי עם ש,גרמים,700.00,100 גרם,false,,27.90,0.0399,true,1,2770282
7290015681209,false,רצועות הודו רמי לוי 650 גרם,רמי לוי,IL,רצועות הודו רמי לוי,גרמים,650.00,100 גרם,false,,29.90,0.0460,true,1,2770284
7290015681247,false,פילה עוף אמיתי בציפוי שומשום רמי לוי 700 גרם,רמי לוי,IL,פילה עוף אמיתי בציפו,גרמים,700.00,100 גרם,false,,34.90,0.0499,true,1,2770288
7290015681254,false,זיתים מרוקאי 600 ג ר,רמי לוי,IL,זיתים מרוקאי 600 ג ר,גרמים,600.00,100 גרם,false,,21.90,0.0365,true,1,2770452
7290015681261,false,זיתים סורי 600 גרם ר,רמי לוי,IL,זיתים סורי 600 גרם ר,גרמים,600.00,100 גרם,false,,14.90,0.0248,true,1,2770453
7290015681278,false,זיתים סנטה גדול 600 ג רמי לוי,רמי לוי,IL,זיתים סנטה גדול 600,גרמים,600.00,100 גרם,false,,14.90,0.0248,true,1,2770454
7290015681285,false,זיתים קלמטה 600 ג רמי לוי,משק משפחת ג'השאן,IL,זיתים קלמטה 600 ג רמ,גרמים,600.00,100 גרם,false,,19.90,0.0332,true,1,2770455
7290015681445,false,קפסולות קפה קפוצינו רמי לוי,אספרסו,IT,קפסולות קפה קפוצינו,יח',1.00,יח',false,,7.80,7.8000,true,1,3299289
7290015681469,false,קפסולות קפה מקיאטו,אספרסו,IT,קפסולות קפה מקיאטו,יח',1.00,יח',false,,7.80,7.8000,true,1,3299291
7290015681476,false,קפסולות קפה אספרסו רמי לוי,אספרסו,IT,קפסולות קפה אספרסו ר,10 יח',1.00,10 יח',false,,7.80,7.8000,true,1,3299292
7290015681735,false,מיזלי צימוקים תפוח רמי לוי 400 גרם,דין שיווק,,מיזלי צימוקים תפוח ר,גרמים,400.00,100 גרם,false,,10.40,0.0260,true,1,2769473
7290015681759,false,מיזלי פירות רמי לוי,רמי לוי,,מיזלי פירות רמי לוי,גרמים,400.00,100 גרם,false,,10.40,0.0260,true,1,2769474
7290015681766,false,חטיפי גרנולה אגוזים ושקדים רמי לוי,ויטלה ניקולא דו,MK,חטיפי גרנולה אגוזים,גרמים,175.00,100 גרם,false,,8.90,0.0509,true,1,2769475
7290015681773,false,קינואה רמי לוי 400 גרם,דין שיווק,,קינואה רמי לוי 400 ג,גרמים,400.00,100 גרם,false,,9.90,0.0248,true,1,2766976
7290015681780,false,גרנולה פירות רמי לוי 400 גרם,רמי לוי,,גרנולה פירות רמי לוי,גרמים,400.00,100 גרם,false,,10.40,0.0260,true,1,2769476
7290015681810,false,גרנולה פירות רמי לוי 800 גרם,רמי לוי,,גרנולה פירות רמי לוי,גרמים,800.00,100 גרם,false,,17.90,0.0224,true,1,2769428
7290015681841,false,חטיפי גרנולה מייפל רמי לוי,ויטלה ניקולא דו,MK,חטיפי גרנולה מייפל ר,גרמים,175.00,100 גרם,false,,8.90,0.0509,true,1,2769478
7290015733205,false,תרכובת מזון לתינוקות חלבי שלב 1 אקסטרה קר מהדרין,נסטלה,IL,מטרנה אקסטרה קר מהדר,גרמים,700.00,100 גרם,false,,56.90,0.0813,true,1,6508136
7290015733243,false,מטרנה אקסטרה קייר מהדרין שלב 3 700 גרם,מטרנה תעשיות ש.מ.,IL,מטרנה אקסטרה קר מהדר,גרמים,700.00,100 גרם,false,,56.90,0.0813,true,1,6508138
7290015733441,false,מטרנה דייסת גם וגם דגנים פרו 300 גר',מטרנה תעשיות ש.מ,IL,מטרנה דייסת גם וגם ד,גרמים,300.00,100 גרם,false,,17.90,0.0597,true,1,8231307
7290015733915,false,"מטרנה אקסטרא קר בד""ץ 400 גר'",מטרנה תעשיות ש.מ.,IL,מטרנה אקסטרה קר 400,גרמים,400.00,100 גרם,false,,44.50,0.1113,true,1,8300711
7290015733939,false,"תרכובת מזון A.R על בסיס חלבי בתוספת עמילן תפו""א ותירס",מטרנה תעשיות ש.מ.,IL,מטרנה אקסטרה קר 700,גרמים,700.00,100 גרם,false,,76.90,0.1099,true,1,8300712
7290015781008,false,"יין VISION מרלו אדום טפרברג 750 מ""ל","יקב טפרברג 1870 בע""מ",IL,מרלו ויז'יון 750 מ'',מיליליטרים,750.00,"100 מ""ל",false,,38.90,0.0519,true,1,2750957
7290015781015,false,"יין VISION מלבק טפרברג 750 מ""ל","יקב טפרברג 1870 בע""מ",IL,מלבק ויז'יון 750 מ'',מיליליטרים,750.00,"100 מ""ל",false,,38.90,0.0519,true,1,2750958
7290015781046,false,"יין VISION לבן חצי יבש טפרברג 750 מ""ל","יקב טפרברג 1870 בע""מ",IL,יין לבן חצי יבש ויזו,מיליליטרים,750.00,"100 מ""ל",false,,38.90,0.0519,true,1,2758233
7290015781091,false,"יין VISION קברנה סוביניון טפרברג 750 מ""ל","יקב טפרברג 1870 בע""מ",IL,קברנה סובניון ויז'יו,מיליליטרים,750.00,"100 מ""ל",false,,38.90,0.0519,true,1,2750960
7290015781107,false,"סנגובזה אימפרשיאון 750 מ""ל","יקב טפרברג 1870 בע""מ",IL,סנגובזה אימפרשן 750,מיליליטרים,750.00,"100 מ""ל",false,,44.90,0.0599,true,1,2750961
7290015781114,false,"יין IMPRESSION מרלו טפרברג 750 מ""ל","יקב טפרברג 1870 בע""מ",IL,מרלו אימפרשן 750 מ'',מיליליטרים,750.00,"100 מ""ל",false,,44.90,0.0599,true,1,2750962
7290015781121,false,"יין IMPRESSION קברנה סוביניון יבש טפרברג 750 מ""ל","יקב טפרברג 1870 בע""מ",IL,קברנה סובניון אימפרש,מיליליטרים,750.00,"100 מ""ל",false,,44.90,0.0599,true,1,2750963
7290015781138,false,"שרדונה אימפרשיאון 750 מ""ל","יקב טפרברג 1870 בע""מ",IL,שרדונה אימפרשן,מיליליטרים,750.00,"100 מ""ל",false,,44.90,0.0599,true,1,2750964
7290015781152,false,"יין רוזה אימפרשן 750 מ""ל","יקב טפרברג 1870 בע""מ",IL,רוזה אימפרשן 750 מ'',מיליליטרים,750.00,"100 מ""ל",false,,44.90,0.0599,true,1,2750966
7290015781169,false,"יין IMPRESSION קברנה סוביניון חצי יבש טפרברג 750 מ""ל","יקב טפרברג 1870 בע""מ",IL,אדום חצי יבש אימפרשן,מיליליטרים,750.00,"100 מ""ל",false,,44.90,0.0599,true,1,2750967
7290015781282,false,"יין IMPRESSION גוורצטרמינר טפרברג 750 מ""ל",יקב טפרברג 1870,IL,גוורצטרמינר אימפרשן,מיליליטרים,750.00,"100 מ""ל",false,,44.90,0.0599,true,1,2750970
7290015781299,false,"יין VISION שיראז אדום טפרברג 750 מ""ל","יקב טפרברג 1870 בע""מ",IL,שיראז ויז'יון 750 מ',מיליליטרים,750.00,"100 מ""ל",false,,38.90,0.0519,true,1,2750971
7290015781305,false,"יין אימפרשן סירה 750 מ""ל","יקב טפרברג 1870 בע""מ",IL,סירה אימפרשן 750 מ'',מיליליטרים,750.00,"100 מ""ל",false,,44.90,0.0599,true,1,2750972
7290015781657,false,"יין אלגרו למברוסקו רוזה, 750 מ""ל",יקב טפרברג 1870 בעמ,IL,למברוסקו רוזה,מיליליטרים,750.00,"100 מ""ל",false,,34.90,0.0465,true,1,5910057
7290015804899,false,תירס 800 ג,,,תירס 800 ג,גרמים,800.00,100 גרם,false,,8.70,0.0109,true,1,3657228
7290015804905,false,אפונה 800 ג רמילוי,,,אפונה 800 ג רמילוי,גרמים,800.00,100 גרם,false,,8.70,0.0109,true,1,3657288
7290015804912,false,אפונה וגזר 800 ג רמי לוי,,,אפונה וגזר 800 ג רמי,גרמים,800.00,100 גרם,false,,8.70,0.0109,true,1,3657289
7290015804929,false,שעועית ירוקה חתוכה 800 ג רמילוי,,,שעועית ירוקה חתוכה 8,גרמים,800.00,100 גרם,false,,8.70,0.0109,true,1,3657290
7290015804936,false,שעועית צהובה חתוכה 800 גר רמילוי,,,שעועית צהובה חתוכה 8,גרמים,800.00,100 גרם,false,,8.70,0.0109,true,1,3657291
7290015804943,false,שעועית ירוקה שלמה 800 גר רמילוי,,,שעועית ירוקה שלמה 80,גרמים,800.00,100 גרם,false,,9.20,0.0115,true,1,3657292
7290015804950,false,פול ירוק 800 גר רמילוי,,,פול ירוק 800 גר רמיל,גרמים,800.00,100 גרם,false,,10.90,0.0136,true,1,3657293
7290015804967,false,ברוקולי מוקפא 800 גר רמילוי,,,ברוקולי מוקפא 800 גר,גרמים,800.00,100 גרם,false,,16.90,0.0211,true,1,3657294
7290015804981,false,תחתיות ארטישוק מוקפאות 400 גר רמילוי,,,תחתיות ארטישוק מוקפא,גרמים,400.00,100 גרם,false,,8.90,0.0223,true,1,3657296
7290015804998,false,במיה מוקפאות 600 גר רמילוי,,,במיה מוקפאות 600 גר,גרמים,600.00,100 גרם,false,,8.30,0.0138,true,1,3657297
7290015821582,false,מארז נרות נשמה 4 יח',,,מארז נרות,יח',1.00,יח',false,,8.90,8.9000,true,1,6971090
7290015834100,false,"ג'ין לוקסרדו דובדבנים חמוצים- איטליה 700 מ""ל",רמי לוי,,ג'ין לוקסרדו דובדבני,גרמים,350.00,100 גרם,false,,9.30,0.0266,true,1,2816462
7290015834162,false,"קמח לבן רמי לוי 1 ק""ג",רמי לוי,IL,"קמח לבן רמי לוי 1 ק""",יח',1.00,יח',false,,3.70,3.7000,true,1,2769951
7290015834186,false,"קמח תופח רמי לוי 1 ק""ג",רמי לוי,IL,קמח תופח רמי לוי 1 ק,יח',1.00,יח',false,,4.90,4.9000,true,1,2769952
7290015834193,false,"סולת חיטה רמי לוי 1 ק""ג",רמי לוי,IL,סולת חיטה רמי לוי 1,קילוגרמים,1.00,"ק""ג",false,,3.90,3.9000,true,1,2769953
7290015834209,false,"ציפס קלאסי רמי לוי 2 ק""ג",קפוא-זן,BE,ציפס קלאסי רמי לוי 2,קילוגרמים,2.00,"ק""ג",false,,22.90,11.4500,true,1,2770289
7290015834216,false,רמי לוי - ציפס 800 ג,קפוא-זן,BE,ציפס קלאסי 800 גרם,גרמים,800.00,100 גרם,false,,9.90,0.0124,true,1,2770290
7290015834223,false,פרורי לחם מוזהבים רמי לוי 200 גרם,רמי לוי,ES,פרורי לחם מוזהבים רמ,גרמים,200.00,100 גרם,false,,3.50,0.0175,true,1,2770125
7290015834230,false,קוסקוס דק רמי לוי 350 גרם,רמי לוי,IL,קוסקוס דק רמי לוי 35,גרמים,350.00,100 גרם,false,,4.50,0.0129,true,1,2770414
7290015834247,false,קוסקוס בינוני רמי לוי 350 גרם,רמי לוי,IL,קוסקוס בינוני רמי לו,גרמים,350.00,100 גרם,false,,4.50,0.0129,true,1,2770415
7290015834285,false,פתיתים אורז רמי לוי 500 גרם,רמי לוי,IL,פתיתים אורז רמי לוי,גרמים,500.00,100 גרם,false,,4.50,0.0090,true,1,2770417
7290015834292,false,פתיתים קוסקוס רמי לוי 500 גרם,רמי לוי,IL,פתיתים קוסקוס רמי לו,גרמים,500.00,100 גרם,false,,4.50,0.0090,true,1,2770418
7290015834315,false,"דבש טהור רמי לוי 1 ק""ג",עמק חפר,RO,דבש טהור רמי לוי 1 ק,יח',1.00,יח',false,,34.90,34.9000,true,1,2770490
7290015834339,false,דבש בצנצנת רמי לוי 350 גרם,דבש עמק חפר,RO,דבש בצנצנת רמי לוי 3,גרמים,350.00,100 גרם,false,,13.70,0.0391,true,1,2770491
7290015834445,false,"ציפס סטיק רמי לוי 2 ק""ג",קפוא-זן,BE,ציפס סטיק רמי לוי 2,קילוגרמים,2.00,"ק""ג",false,,22.90,11.4500,true,1,2770291
7290015834483,false,דבש לחיץ רמי לוי 250 גרם,רמי לוי,IL,דבש לחיץ רמי לוי 250,גרמים,250.00,100 גרם,false,,12.90,0.0516,true,1,2768874
7290015834902,false,מלפפון בחומץ 13-17 ר,רמי לוי,IL,מלפפון בחומץ 13-17 ר,גרמים,290.00,100 גרם,false,,8.50,0.0293,true,1,2770459
7290015834926,false,מלפפון במלח 10-12 רמי לוי 320 גרם,רמי לוי,IL,מלפפון במלח 10-12 רמ,גרמים,320.00,100 גרם,false,,6.50,0.0203,true,1,2770461
7290015834940,false,מלפפון במלח 18-25 רמי לוי 320 גרם,רמי לוי,IL,מלפפון במלח 18-25 רמ,גרמים,320.00,100 גרם,false,,10.90,0.0341,true,1,2770497
7290015834988,false,פרורי לחם לבנים רמי לוי 200 גרם,רמי לוי,ES,פרורי לחם לבנים רמי,גרמים,200.00,100 גרם,false,,3.50,0.0175,true,1,2795935
7290015835039,false,כריות יפניות עבות רמי לוי 6 יח,רמי לוי,,כריות יפניות עבות רמ,100 יח',6.00,100 יח',false,,7.50,1.2500,true,1,2770541
7290015835046,false,כריות יפניות רמי לוי 9 יח,,,כריות יפניות רמי לוי,100 יח',9.00,100 יח',false,,8.60,0.9556,true,1,2848243
7290015835053,false,כריות קרצוף ארוכות רמי לוי,רמי לוי,,כריות קרצוף ארוכות ר,100 יח',1.00,100 יח',false,,7.50,7.5000,true,1,2770542
7290015835060,false,כריות קרצוף רמי לוי 10 יח,רמי לוי,,כריות קרצוף רמי לוי,100 יח',10.00,100 יח',false,,5.10,0.5100,true,1,2770543
7290015835091,false,כריות יפניות רמי לוי 4 יח,רמי לוי,,כריות יפניות רמי לוי,100 יח',4.00,100 יח',false,,7.50,1.8750,true,1,2770546
7290015835107,false,צמר פלדה רמי לוי 350 גרם,רמי לוי,,צמר פלדה רמי לוי 350,גרמים,350.00,100 גרם,false,,8.90,0.0254,true,1,2770547
7290015835114,false,צמר פלדה רמי לוי 100 גרם,רמי לוי,,צמר פלדה רמי לוי 100,גרמים,100.00,100 גרם,false,,2.90,0.0290,true,1,2770548
7290015835121,false,מטליות רמי לוי 9 יח,רמי לוי,,מטליות רמי לוי 9 יח,יח',9.00,יח',false,,7.90,0.8778,true,1,2770549
7290015835138,false,פרורי לחם לבנים 400 גרם רמי לוי,רמי לוי,ES,פרורי לחם לבנים 400,גרמים,400.00,100 גרם,false,,4.90,0.0123,true,1,2770126
7290015835183,false,מטליות מיקרופייבר רביעייה רמי לוי,פלסטו פוליש,CN,מטליות מיקרופייבר רב,יח',4.00,יח',false,,7.50,1.8750,true,1,2770554
7290015835206,false,מטלית מיקרופייבר רמי לוי 50*80,פלסטו פוליש,CN,מטלית מיקרופייבר רמי,יח',1.00,יח',false,,7.50,7.5000,true,1,2770556
7290015835237,false,פרורי לחם מוזהבים רמי לוי 400 גרם,רמי לוי,ES,פרורי לחם מוזהבים רמ,גרמים,400.00,100 גרם,false,,4.90,0.0123,true,1,2770127
7290015835411,false,גרנולה אגוזים רמי לוי 400 גרם,רמי לוי,,גרנולה אגוזים רמי לו,גרמים,400.00,100 גרם,false,,10.40,0.0260,true,1,2769480
7290015835428,false,מוזלי פירות רמי לוי 800 גרם,דין שיווק,,מוזלי פירות רמי לוי,גרמים,800.00,100 גרם,false,,14.90,0.0186,true,1,2769481
7290015835435,false,מוזלי אגוזים רמי לוי 400 גרם,רמי לוי,,מוזלי אגוזים רמי לוי,גרמים,400.00,100 גרם,false,,10.40,0.0260,true,1,2769482
7290015835466,false,פרורי לחם גריל 200גר רמי לוי,רמי לוי,ES,פרורי לחם גריל 200גר,גרמים,200.00,100 גרם,false,,3.50,0.0175,true,1,2795936
7290015835527,false,לזניה רמי לוי 500 גרם,פסטיפיציו,IT,לזניה רמי לוי 500 גר,גרמים,500.00,100 גרם,false,,11.90,0.0238,true,1,3104177
7290015835572,false,פרורי לחם שומשום 200גר רמי לוי,רמי לוי,ES,פרורי לחם שומשום 200,גרמים,200.00,100 גרם,false,,3.50,0.0175,true,1,2770128
7290015835633,false,"וופל טעם שוקולד רמי לוי 1 ק""ג",,,וופל טעם שוקולד רמי,קילוגרמים,1.00,"ק""ג",false,,16.90,16.9000,true,1,2844093
7290015835640,false,וופל טעם שוקולד רמי לוי 300 גרם,מנעמים,IL,וופל טעם שוקולד רמי,גרמים,300.00,100 גרם,false,,4.50,0.0150,true,1,2844094
7290015835756,false,שיבולת שועל דק רמי לוי 500 גרם,רמי לוי,,שיבולת שועל דק רמי ל,גרמים,500.00,100 גרם,false,,4.50,0.0090,true,1,2766977
7290015835763,false,שיבולת שועל עבה רמי לוי 500 גרם,רמי לוי,,שיבולת שועל עבה רמי,גרמים,500.00,100 גרם,false,,4.50,0.0090,true,1,2766978
7290015835817,false,אטריות דקיקות 400 גרם רמי לוי,רמי לוי,,אטריות דקיקות 400 גר,גרמים,400.00,100 גרם,false,,4.50,0.0113,true,1,2769996
7290015835824,false,אטריות דקות 400 גרם רמי לוי,רמי לוי,,אטריות דקות 400 גרם,גרמים,400.00,100 גרם,false,,4.50,0.0113,true,1,2769997
7290015835930,false,מגבות נייר רמי לוי 8 יח,רמי לוי,,מגבות נייר רמי לוי 8,יח',1.00,יח',false,,13.20,13.2000,true,1,2763849
7290015835947,false,נייר טואלט רמי לוי 40 יח,רמי לוי,,נייר טואלט רמי לוי 4,יח',1.00,יח',false,,35.90,35.9000,true,1,2763850
7290015835954,false,מפיות נייר רמי לוי 100 יח,רמי לוי,,מפיות נייר רמי לוי 1,יח',1.00,יח',false,,4.90,4.9000,true,1,2763851
7290015835978,false,ממחטות מארז חמישייה רמי לוי,רמי לוי,,ממחטות מארז חמישייה,יח',1.00,יח',false,,11.80,11.8000,true,1,2763852
7290015856331,false,קרם קרקר חיטה מלאה 2,,,קרם קרקר חיטה מלאה 2,גרמים,250.00,100 גרם,false,,6.90,0.0276,true,1,6553205
7290015856348,false,קרם קרקר חיטה מלאה ו,,,קרם קרקר חיטה מלאה ו,גרמים,250.00,100 גרם,false,,6.90,0.0276,true,1,6553206
7290015856355,false,קרקר 110 גרם רמי לוי,,,קרקר 110 גרם רמי לוי,גרמים,110.00,100 גרם,false,,2.30,0.0209,true,1,6522507
7290015856362,false,קרקר 110 גרם רמי לוי,,,קרקר 110 גרם רמי לוי,גרמים,110.00,100 גרם,false,,2.30,0.0209,true,1,6522508
7290015856386,false,חטיפי קרקר שומשום 350ג רמילוי,,,חטיפי קרקר שומשום 35,גרמים,350.00,100 גרם,false,,6.90,0.0197,true,1,6687081
7290015856393,false,חטיפי קרקר מלח ים 350ג רמילוי,,,חטיפי קרקר מלח ים 35,גרמים,350.00,100 גרם,false,,6.90,0.0197,true,1,6687082
7290015856423,false,קרקר עם בצל 110ג רמילוי,,,קרקר עם בצל 110ג רמי,גרמים,110.00,100 גרם,false,,2.30,0.0209,true,1,6687085
7290015856430,false,דגדגים 200גר רמי לוי,,,דגדגים 200גר רמי לוי,גרמים,200.00,100 גרם,false,,4.50,0.0225,true,1,6810157
7290015856720,false,סנקסו חטיף אפונה אפוי עם זעתר 50 גרם,תות תעשיות מזון (201,IL,חטיף אפונה אפוי עם ז,גרמים,50.00,100 גרם,false,,5.70,0.1140,true,1,8223789
7290015856973,false,פתי בר וניל ללא סוכר 150 גרם הדר,הדר,IL,"ביסקוויט וניל ללת""ס",גרמים,150.00,100 גרם,false,,5.80,0.0387,true,1,8403509
7290015856980,false,פתי בר ללא סוכר 150 גר הדר שוקו,הדר,IL,"ביסקוויט שוקו ללת""ס",גרמים,150.00,100 גרם,false,,5.80,0.0387,true,1,8403510
7290015858106,false,"ממרח פסטו ביתי 180 גרם ""עללחם""","מדשא תעשיות מזון בע""\מ",IL,עללחם פסטו ביתי 180ג,גרמים,180.00,100 גרם,false,,15.90,0.0883,true,1,7571291
7290015858113,false,"ממרח עגבניות מיובשות 180 גרם ""טריטרי""","מדשא תעשיות מזון בע""\מ",IL,עללחם ממרח עגבניות מ,גרמים,180.00,100 גרם,false,,15.90,0.0883,true,1,7571292
7290015858175,false,ממרח פלפלים קלויים עללחם 180 גרם,"מדשא תעשיות מזון בע""\מ",IL,עללחם ממרח פלפלים קל,גרמים,180.00,100 גרם,false,,15.90,0.0883,true,1,7571294
7290015858229,false,"טפנד זיתי קלמטה 180 גרם ""עללחם""","מדשא תעשיות מזון בע""\מ",IL,עללחם טפנד זיתי קלמט,גרמים,180.00,100 גרם,false,,15.90,0.0883,true,1,7571296
7290015858328,false,"ממרח עגבניות מיובשות 180 גרם ""טריטרי""","מדשא תעשיות מזון בע""\מ",IL,איולי פסטו עללחם 295,גרמים,295.00,100 גרם,false,,12.90,0.0437,true,1,8467320
7290015858427,false,שלישיית ממרחים שמאפשרת לגוון עללחם 240 גרם,מדשא תעשיות מזון,IL,מארז עללחם,גרמים,240.00,100 גרם,false,,19.90,0.0829,true,1,8424705
7290015858441,false,עללחם ממרח איולי פלפלים 295 גרם,"מדשא תעשיות מזון בע""\מ",IL,איולי פלפלים עללחם 2,גרמים,295.00,100 גרם,false,,12.90,0.0437,true,1,8467321
7290015858687,false,עללחם ממרח איולי שום 295 גרם,"מדשא תעשיות מזון בע""\מ",IL,איולי שום עללחם 295,גרמים,295.00,100 גרם,false,,12.90,0.0437,true,1,8467322
7290015858694,false,עללחם ממרח איולי שום לימון 295 גרם,"מדשא תעשיות מזון בע""\מ",IL,איולי שום לימון עללח,גרמים,295.00,100 גרם,false,,12.90,0.0437,true,1,8467323
7290015865739,false,קונפיטורת אוכמניות לייט 400 גר,ענבי ציון,IL,קונפיטורת אוכמניות ל,גרמים,400.00,100 גרם,false,,19.70,0.0492,true,1,8374612
7290015872096,false,חומוס סלטי שמיר 700 גרם,"סלטי שמיר 2006 בע""מ",IL,חומוס אסלי 700גר,גרמים,700.00,100 גרם,false,,9.90,0.0141,true,1,8466991
7290015888196,false,שמן חמניות שוקחה 1 ל,"אל אל סי ""בונגי סי א",RU,שמן חמניות 1ליטר 15,ליטרים,1.00,ליטר,false,,12.70,12.7000,true,1,8301664
7290015888301,false,שמן חמניות שוקחה 3 ל,אל אל סי פרייקלוטניא,FR,שמן חמניות 3 ליטר X,ליטרים,3.00,ליטר,false,,36.50,12.1667,true,1,8301665
7290015899215,false,אקונומיקה ללא בישום רמי לוי 4 ליטר,רמי לוי,IL,אקונומיקה ללא בישום,ליטרים,4.00,ליטר,false,,8.90,2.2250,true,1,2767075
7290015899222,false,אקונומיקה מבושמת סמיכה רמי לוי 4 ליטר,רמי לוי,IL,אקונומיקה מבושמת סמי,ליטרים,4.00,ליטר,false,,9.90,2.4750,true,1,2767076
7290015899239,false,אקונומיקה מבושמת רמי לוי 4 ליטר,רמי לוי,IL,אקונומיקה מבושמת רמי,ליטרים,4.00,ליטר,false,,9.90,2.4750,true,1,2767077
7290015899246,false,מרכך צהוב רמי לוי 4 ליטר,רמי לוי,IL,מרכך צהוב רמי לוי 4,ליטרים,4.00,ליטר,false,,15.90,3.9750,true,1,2767078
7290015899253,false,מרכך כביסה ורוד רמי לוי 4 ליטר,רמי לוי,IL,מרכך כביסה ורוד רמי,ליטרים,4.00,ליטר,false,,15.90,3.9750,true,1,2767079
7290015899260,false,מרכך כביסה לבן רמי לוי 4 ליטר,רמי לוי,IL,מרכך כביסה לבן רמי ל,ליטרים,4.00,ליטר,false,,15.90,3.9750,true,1,2767080
7290015899277,false,מרכך כביסה כחול רמי לוי 4 ליטר,רמי לוי,IL,מרכך כביסה כחול רמי,ליטרים,4.00,ליטר,false,,15.90,3.9750,true,1,2767081
7290015899291,false,מרכך מרוכז צהוב רמי לוי 1 ליטר,רמי לוי,IL,מרכך מרוכז צהוב רמי,ליטרים,1.00,ליטר,false,,9.50,9.5000,true,1,2767083
7290015899307,false,מרכך מרוכז ורוד רמי לוי 1 ליטר,רמי לוי,IL,מרכך מרוכז ורוד רמי,ליטרים,1.00,ליטר,false,,9.50,9.5000,true,1,2767084
7290015899314,false,מרכך מרוכז לבן רמי לוי 1 ליטר,רמי לוי,IL,מרכך מרוכז לבן רמי ל,ליטרים,1.00,ליטר,false,,9.50,9.5000,true,1,2767085
7290015899321,false,מרכך מרוכז כחול רמי לוי 1 ליטר,רמי לוי,IL,מרכך מרוכז כחול רמי,ליטרים,1.00,ליטר,false,,9.50,9.5000,true,1,2767086
7290015899338,false,"מבשם כביסה לבן רמי לוי 500 מ""ל",רמי לוי,IL,מבשם כביסה לבן רמי ל,מיליליטרים,500.00,"100 מ""ל",false,,10.90,0.0218,true,1,2767087
7290015899345,false,"מבשם כביסה ורוד רמי לוי 500 מ""ל",רמי לוי,IL,מבשם כביסה ורוד רמי,מיליליטרים,500.00,"100 מ""ל",false,,10.90,0.0218,true,1,2767088
7290015899352,false,"מבשם כביסה כחול רמי לוי 500 מ""ל",רמי לוי,IL,מבשם כביסה כחול רמי,מיליליטרים,500.00,"100 מ""ל",false,,10.90,0.0218,true,1,2767089
7290015899406,false,נוזל רצפות כחול רמי לוי 4 ליטר,רמי לוי,IL,נוזל רצפות כחול רמי,ליטרים,4.00,ליטר,false,,11.90,2.9750,true,1,2767090
7290015899413,false,נוזל רצפות ורוד רמי לוי 4 ליטר,רמי לוי,IL,נוזל רצפות ורוד רמי,ליטרים,4.00,ליטר,false,,11.90,2.9750,true,1,2767091
7290015899420,false,נוזל רצפות סגול רמי לוי 4 ליטר,רמי לוי,IL,נוזל רצפות סגול רמי,ליטרים,4.00,ליטר,false,,11.90,2.9750,true,1,2767092
7290015899437,false,נוזל רצפות ירוק רמי לוי 4 ליטר,רמי לוי,IL,נוזל רצפות ירוק רמי,ליטרים,4.00,ליטר,false,,11.90,2.9750,true,1,2767093
7290015899475,false,מילוי למטהר אויר אוטמטי 250 מל,,,מילוי למטהר אויר אוט,יח',1.00,יח',false,,8.90,8.9000,true,1,8265566
7290015899499,false,מילוי למטהר אויר אוטמטי 250 מל,,,מילוי למטהר אויר אוט,יח',1.00,יח',false,,8.90,8.9000,true,1,8265568
7290015994064,false,"בורגול רמי לוי 1 ק""ג",רמי לוי,IL,"בורגול רמי לוי 1 ק""ג",גרמים,1000.00,100 גרם,false,,6.30,0.0063,true,1,2770347
7290015994071,false,"גרישה רמי לוי 1 ק""ג",רמי לוי,IL,"גרישה רמי לוי 1 ק""ג",גרמים,1000.00,100 גרם,false,,6.90,0.0069,true,1,2770348
7290015994088,false,"גריסי פנינה רמי לוי 1 ק""ג",רמי לוי,IL,גריסי פנינה רמי לוי,100 קג,1.00,100 קג,false,,6.30,6.3000,true,1,2770349
7290015994095,false,"חומוס גדול רמי לוי 1 ק""ג",סוגת,IL,חומוס גדול רמי לוי 1,גרמים,1000.00,100 גרם,false,,12.90,0.0129,true,1,2770350
7290015994118,false,"חיטה רמי לוי 1 ק""ג",רמי לוי,IL,"חיטה רמי לוי 1 ק""ג",גרמים,1000.00,100 גרם,false,,5.90,0.0059,true,1,2770352
7290015994125,false,"כוסמת רמי לוי 1 ק""ג",רמי לוי,IL,"כוסמת רמי לוי 1 ק""ג",גרמים,1000.00,100 גרם,false,,9.90,0.0099,true,1,2770353
7290015994132,false,"עדשים אדומות רמי לוי 1 ק""ג",רמי לוי,IL,עדשים אדומות רמי לוי,גרמים,1000.00,100 גרם,false,,11.90,0.0119,true,1,2770354
7290015994149,false,"פופקורן רמי לוי 1 ק""ג",רמי לוי,IL,"פופקורן רמי לוי 1 ק""",גרמים,1000.00,100 גרם,false,,9.20,0.0092,true,1,2770355
7290015994156,false,"שעועית לבנה רמי לוי 1 ק""ג",רמי לוי,IL,שעועית לבנה רמי לוי,גרמים,1000.00,100 גרם,false,,12.90,0.0129,true,1,2770356
7290015994163,false,"שעועית אדומה רמי לוי 1 ק""ג",רמי לוי,IL,שעועית אדומה רמי לוי,גרמים,1000.00,100 גרם,false,,13.90,0.0139,true,1,2770357
7290015994705,false,קינמוני 500 גר רמילו,,,קינמוני 500 גר רמילו,גרמים,500.00,100 גרם,false,,9.90,0.0198,true,1,5076145
7290015994712,false,צדפוני שוקולד 500 גר רמילוי,,,צדפוני שוקולד 500 גר,גרמים,500.00,100 גרם,false,,9.90,0.0198,true,1,5076146
7290015994729,false,כדורוני 500 גר רמילו,,,כדורוני 500 גר רמילו,גרמים,500.00,100 גרם,false,,9.90,0.0198,true,1,5076147
7290015994736,false,גלגלוני 500 גר רמילוי,,,גלגלוני 500 גר רמילו,גרמים,500.00,100 גרם,false,,9.90,0.0198,true,1,5076148
7290015994774,false,"חומוס לבן ענק רמי לוי 1 ק""ג",רמי לוי,IL,חומוס לבן ענק רמי לו,100 קילו,1.00,100 קילו,false,,17.90,17.9000,true,1,2828030
7290015994781,false,"עדשים ירוקות רמי לוי 1 ק""ג",רמי לוי,IL,עדשים ירוקות רמי לוי,גרמים,1000.00,100 גרם,false,,11.90,0.0119,true,1,2828031
7290015994811,false,"מסיר שומנים מרסס רמי לוי 750מ""ל",קומפלקס,IL,מסיר שומנים מרסס רמי,מיליליטרים,750.00,"100 מ""ל",false,,9.90,0.0132,true,1,2806614
7290015994835,false,רהיט ספריי 750 רמי לוי,קומפלקס,IL,רהיט ספריי 750 רמי ל,מיליליטרים,750.00,"100 מ""ל",false,,13.00,0.0173,true,1,2806616
7290016006339,false,מים מינרלים - מארז רביעייה,"מופק ממקור בזלתי עדן ,1",IL,מי עדן רביעייה 1 לי,ליטרים,4.00,ליטר,false,,9.90,2.4750,true,1,3077642
7290016006346,false,שוופס סודה 0.5 ליטר מארז שישייה,יפאורה שותפות מובגלת לשיווק,IL,שוופס סודה שישייה 50,ליטרים,3.00,ליטר,false,,13.90,4.6333,true,1,2885765
7290016077759,false,רוטב ברביקיו קלאסי היינץ 480 גרם,היינץ Heinz,NL,רוטב בקביקיו קלאסי ה,גרמים,480.00,100 גרם,false,,16.90,0.0352,true,1,5426714
7290016087116,false,רוטב עגב.לפסטה מרוקאי240,פריניר,IL,פריניר רוטב מרוקאי 2,גרמים,240.00,100 גרם,false,,4.90,0.0204,true,1,4912791
7290016087123,false,רוטב מתובל לפסטה בסגנון קלאסי פריניר 240 גרם,פריניר,IL,פריניר רוטב פסטה קלא,גרמים,240.00,100 גרם,false,,4.90,0.0204,true,1,4912792
7290016087147,false,רוטב עגבניות לפיצה מרגריטה 240 ג' פריניר,פריניר,IL,פריניר רוטב פיצה מרג,גרמים,240.00,100 גרם,false,,4.90,0.0204,true,1,4912793
7290016087192,false,עגבניות מרוסקות מרוכזות פריניר 230 גרם,פריניר ( הדס 1987) ב,IL,פריניר מרוסקות 230 ג,גרמים,230.00,100 גרם,false,,4.90,0.0213,true,1,5196121
7290016087208,false,עגבניות מרוסקות מרוכזות ובזיליקום 230 גרם פריניר,פריניר,IL,פריניר מרוסקות בזיל,גרמים,230.00,100 גרם,false,,4.90,0.0213,true,1,5196122
7290016087215,false,עגבניות מרוסקות מרוכזות ושום 230 גרם פריניר,פריניר ( הדס 1987) ב,IL,פריניר מרוסקות שום 2,גרמים,230.00,100 גרם,false,,4.90,0.0213,true,1,5196123
7290016087222,false,רוטב עגבניות מרוכז לשקשוקה פריניר 230 גרם,פריניר ( הדס 1987) ב,IL,פריניר רוטב עגבניות,גרמים,230.00,100 גרם,false,,4.90,0.0213,true,1,5196124
7290016087475,false,עגבניות מרוסקות דק 400 גר,,,עגבניות מרוסקות דק 4,גרמים,400.00,100 גרם,false,,3.50,0.0088,true,1,8303422
7290016087499,false,עגבניות חתוכות מארז 400X3ג' אריזות ירושלים,פריניר ) הדס (1987 בעמ,IL,פריניר עגב' חתוך דק,גרמים,720.00,100 גרם,false,,11.80,0.0164,true,1,6871917
7290016087543,false,זיתים ירוקים נטולי גלעין,פריניר,IL,זיתים ירוקים נטולי ג,גרמים,200.00,100 גרם,false,,4.90,0.0245,true,1,8381335
7290016087574,false,זית ירוקים ללא גלעין390ג,פריניר,IL,זיתים ירוקים נטולי ג,גרמים,390.00,100 גרם,false,,5.90,0.0151,true,1,8302000
7290016096965,false,רביעיית טונה במי מלח (חתם סופר) רמי לוי,,,רביעיית טונה במי מלח,גרמים,632.00,100 גרם,false,,19.20,0.0304,true,1,8372144
7290016104271,false,ריבת חלב בצנצנת 20% חלב,פוליבה,IL,ריבת חלב 340 גרם,גרמים,340.00,100 גרם,false,,12.70,0.0374,true,1,2949081
7290016104417,false,ריבה בטעם תות שדה 850 גרם פוליבה,,IL,ריבת תות 850 גר,גרמים,850.00,100 גרם,false,,12.90,0.0152,true,1,3686693
7290016117363,false,ברזלית צילינדר 5יח רמילוי,,,ברזלית צילינדר 5יח ר,יח',1.00,יח',false,,8.90,8.9000,true,1,8108345
7290016117370,false,נקי לשבת WOW רמילוי,,,נקי לשבת WOW רמילוי,יח',1.00,יח',false,,6.90,6.9000,true,1,8214383
7290016132205,false,סלסלה קולבו 109 שקוף,,,סלסלה קולבו 109 שקוף,יח',1.00,יח',false,,8.90,8.9000,true,1,8438205
7290016135541,false,פסטה ביצים 3 צבעים פוזילי 400 גר אוריינט,פ.פ.ה. טאביס,PL,אטריות ביצים 3 צבעים,גרמים,400.00,100 גרם,false,,13.90,0.0348,true,1,3394748
7290016136142,false,"תערובת להכנת פנקייק ג'י פרי 400 גרם לל""ג","אשבל -מזון פונקציונלי בע""מ",IL,תערובת להכנת פנקייק,גרמים,400.00,100 גרם,false,,18.60,0.0465,true,1,2878106
7290016136227,false,סבון ידיים תה ירוק 2 ליטר,,,סבון ידיים תה ירוק 2,יח',1.00,יח',false,,15.90,15.9000,true,1,3351026
7290016136234,false,סבון ידיים תה אדום 2 ליטר,,,סבון ידיים תה אדום 2,יח',1.00,יח',false,,15.90,15.9000,true,1,3351027
7290016136692,false,משחת שיניים הגנה משולשת מנטה מרענן- שלישייה,גלקסוסמיתקליין,SK,אקווה פרש שלישיה מנט,מטרים,100.00,100 מ'ל,false,,16.90,0.1690,true,1,3235811
7290016136708,false,משחת שיניים הגנה משולשת מנטה עדין- שלישייה,גלקסוסמיתקליין,SK,אקווה פרש שלישיה עדי,מיליליטרים,300.00,"100 מ""ל",false,,16.90,0.0563,true,1,3235812
7290016136722,false,פתיתים פנה ללא גלוטן 340 גרם גי פרי,אורגרן הלס אנד ניצר,IT,פסטה פנה ללא גלוטן 3,גרמים,340.00,100 גרם,false,,7.90,0.0232,true,1,3880815
7290016136739,false,GFREE פתיתי פוזילי על בסיס קמח תירס וקמח,malino andriani,IT,פסטה פוזילי ללא גלוט,גרמים,340.00,100 גרם,false,,7.90,0.0232,true,1,3880700
7290016136845,false,זוג משחות סנסודיין פרש מינט 150 מל,גלקסוסמית'\קליין קונסיומ,IL,סוד נוזל לכלים ליים 1.250,מיליליטרים,150.00,"100 מ""ל",false,,29.90,0.1993,true,1,3350986
7290016136852,false,זוג משחות סנסודיין הלבנה 150 מל,גלקסוסמית'\קליין קונסיומ,IL,סוד נוזל לכלים ליים 1.250,מיליליטרים,150.00,"100 מ""ל",false,,29.90,0.1993,true,1,3351028
7290016144000,false,"קמח חיטה מלאה נפלאות 80% 1 ק""ג","קמח מלכים בע""\מ",IL,קמח חיטה מלאה 80% 1ק,יח',1.00,יח',false,,9.70,9.7000,true,1,7590863
7290016144017,false,"קמח מלא נפלאות 100% ללא ניפוי 1 ק""ג",קמח מלכים,IL,קמח חיטה מלאה 100%,יח',1.00,יח',false,,9.70,9.7000,true,1,7590864
7290016144024,false,"קמח כוסמין מלא נפלאות 100% 1 ק""ג","קמח מלכים בע""מ",IL,קמח כוסמין מלא 100%,יח',1.00,יח',false,,14.90,14.9000,true,1,7590865
7290016144031,false,קמח חיטה לבן מנופה נפלאות,קמח מלכים,IL,קמח חיטה לבן מנופה,יח',1.00,יח',false,,6.90,6.9000,true,1,7590866
7290016144048,false,"קמח כוסמין לבן נפלאות 1 ק""ג","קמח מלכים בע""מ",IL,קמח כוסמין לבן,יח',1.00,יח',false,,16.90,16.9000,true,1,7590867
7290016144055,false,קמח כוסמין בהיר 80%-נפלאות,קמח מלכים,IL,קמח כוסמין 80%,יח',1.00,יח',false,,14.90,14.9000,true,1,7590868
7290016144062,false,"קמח שיפון מלא נפלאות, 1 ק""ג",קמח מלכים,IL,קמח שיפון מלא 1קג,גרמים,1000.00,100 גרם,false,,8.90,0.0089,true,1,8430220
7290016144079,false,"קמח חיטה כפרי נפלאות 1 ק""ג",קמח מלכים,IL,קמח חיטה כפרי 1קג,גרמים,1000.00,100 גרם,false,,8.90,0.0089,true,1,8430221
7290016144086,false,נפלאות קמח חלה מנופה 1 ק”ג,קמח מלכים,IL,נפלאות קמח חלה מנופה,גרמים,1000.00,100 גרם,false,,6.90,0.0069,true,1,8430222
7290016144093,false,נפלאות קמח לחם לבן מנופה 1 ק”ג,קמח מלכים,IL,נפלאות קמח לחם לבן מ,גרמים,1000.00,100 גרם,false,,6.90,0.0069,true,1,8430223
7290016162233,false,עוגיות ממולאות סוגים שונים 200 גרם קפולסקי,קפולסקי,IL,עוגיות דיזרט פרמיום,גרמים,240.00,100 גרם,false,,19.90,0.0829,true,1,2859465
7290016162264,false,עוגת גבינה רנסנס קפולסקי 450 גרם,קפולסקי שיווק וקמעונ,IL,עוגת גבינה רנסנס 450,גרמים,450.00,100 גרם,false,,35.90,0.0798,true,1,2859705
7290016188592,false,GIACOBAZZI למברוסקו אדום חצי יבש יקבי כרמל,"כד בני דרום בע""מ",IT,למברוסקו אדום יקבי כ,מיליליטרים,750.00,"100 מ""ל",false,,23.80,0.0317,true,1,2827065
7290016188608,false,GIACOBAZZI למברוסקו לבן חצי יבש יקבי כרמל,יקב גאקובזי,IT,למברוסקו לבן יקבי כר,מיליליטרים,750.00,"100 מ""ל",false,,23.80,0.0317,true,1,2827066
7290016197488,false,מטליות מיקרופייבר למשטחים ניקול 3יח',חוגלה קימברלי,CN,מטלית קסם לשיש שלישי,יח',3.00,יח',false,,10.70,3.5667,true,1,2861630
7290016197495,false,ניקול זוג מטליות הקסם מיקרופייבר לרצפה,חוגלה קימברלי,CN,מטלית קסם לרצפה זוג,יח',2.00,יח',false,,16.70,8.3500,true,1,2861651
7290016233384,false,גפילטע פיש 7 קציצות תומר 555 גרם,דג טעים ירושלים,IL,גפילטא פיש 7 קציצות,גרמים,550.00,100 גרם,false,,14.50,0.0264,true,1,8342279
7290016233995,false,שימורי אנשובי עם שמן זית 45 ג' תומר,אינוורסינס פריסקו,PE,אנשובי פח עם שמן זית,גרמים,45.00,100 גרם,false,,5.50,0.1222,true,1,6816054
7290016234008,false,אנשובי צנצנת בשמן זית תןמר 100 גר,אינוורסינס פריסקו,PE,אנשובי צנצנת שמןזית,גרמים,100.00,100 גרם,false,,10.80,0.1080,true,1,6816055
7290016245608,false,ביכורים לחם משפחתי ש,,,לחם משפחתי שחור 1.1ק,גרמים,1100.00,100 גרם,false,,19.90,0.0181,true,1,8452540
7290016245615,false,ביכורים לחם שיפון 10,מאפיית טעמי הכפר 201,IL,לחם שיפון 100% 600 ג,גרמים,600.00,100 גרם,false,,19.90,0.0332,true,1,8452541
7290016245653,false,לחם שיפון קל חצי משפחתי 550 גרם,"ביכורים מזון ומאפה בע""\מ",IL,לחם שיפון קל חצי משפ,גרמים,550.00,100 גרם,false,,17.90,0.0325,true,1,8452542
7290016245769,false,לחם כוסמין מחמצת בתוספת פשתן,ביכורים,IL,לחם כוסמין 600 גר,גרמים,600.00,100 גרם,false,,17.90,0.0298,true,1,8452544
7290016245806,false,לחמניות המבוגר כוסמין4יח,"ביכורים מזון ומאפה בע""\מ",IL,לחמניות המבורגר מארז,גרמים,450.00,100 גרם,false,,16.70,0.0371,true,1,8452545
7290016246445,false,בארכה טחינה גולמית מעודנת שומשום מלא 310 גם,"רושדי תעשיות מזון בע""\מ",IL,טחינה שומשום מלא באר,גרמים,310.00,100 גרם,false,,10.50,0.0339,true,1,6926542
7290016246452,false,בארכה טחינה גולמית מעודנת שום לימון 310 גרם,רושדי תעשיות מזון בע,IL,טחינה עם לימון ושום,גרמים,310.00,100 גרם,false,,10.90,0.0352,true,1,6926543
7290016255324,false,פותח סתימות 1לי רמי לוי,,,פותח סתימות 1לי רמי,100 קילו,100.00,100 קילו,false,,12.90,0.1290,true,1,5725849
7290016255737,false,מרכך כביסה סגול רמילוי 4 ליט,,,מרכך כביסה סגול רמיל,ליטרים,4.00,ליטר,false,,15.90,3.9750,true,1,5340589
7290016255744,false,מרכך כביסה ירוק רמילוי 4 ליט,,,מרכך כביסה ירוק רמיל,ליטרים,4.00,ליטר,false,,15.90,3.9750,true,1,5340590
7290016255812,false,מסיר אבנית 1ליטר רמי לוי,,,מסיר אבנית 1ליטר רמי,ליטרים,1.00,ליטר,false,,10.90,10.9000,true,1,5340403
7290016270709,false,עגבניות שרי אשכולות,ביכורי השקמה,IL,עגבניות שרי 460 ג,גרמים,460.00,100 גרם,false,,6.90,0.0150,true,1,3853887
7290016272017,false,זיתים ירוקים מנזלינו גדול 340 גר,,,זיתים ירוקים מנזלינו,גרמים,340.00,100 גרם,false,,7.50,0.0221,true,1,3717559
7290016272031,false,חרוזית ירוק ללא גלעין 275 גר רמי לוי,,,חרוזית ירוק ללא גלעי,גרמים,275.00,100 גרם,false,,5.50,0.0200,true,1,3717561
7290016272048,false,טבעות זיתים ירוקים 275 גר רמי לוי,,,טבעות זיתים ירוקים 2,גרמים,275.00,100 גרם,false,,7.90,0.0287,true,1,3717562
7290016272055,false,טבעות מושחר 275 גר,,,טבעות מושחר 275 גר,גרמים,275.00,100 גרם,false,,7.50,0.0273,true,1,3717563
7290016272062,false,חרוזית שחור 275 גרם רמי לוי,,,חרוזית שחור 275 גרם,גרמים,275.00,100 גרם,false,,7.50,0.0273,true,1,3717564
7290016272154,false,ביסקויט מתוק גן חיות רמי לוי 200 גרם,הדר,IL,ביסקויט מתוק גן חיות,גרמים,200.00,100 גרם,false,,3.50,0.0175,true,1,3195224
7290016272161,false,קרם קרקר רמי לוי 250 גרם,הדר,IL,קרם קרקר רמי לוי 250,גרמים,250.00,100 גרם,false,,6.90,0.0276,true,1,3195225
7290016272178,false,עוגיות שוקוצ'יפס רמי לוי 150 גרם,,,עוגיות שוקוצ'יפס רמי,גרמים,150.00,100 גרם,false,,5.50,0.0367,true,1,3068353
7290016272444,false,"מסיר כתמים רמי לוי 750 מ""ל",קומפלקס,IL,מסיר כתמים רמי לוי 7,מיליליטרים,750.00,"100 מ""ל",false,,9.90,0.0132,true,1,3306774
7290016272468,false,גביעי גלידה אמריקאי,גילרו,IL,גביעי גלידה אמריקאי,100 יח',24.00,100 יח',false,,6.90,0.2875,true,1,3044660
7290016272475,false,גביעי גלידה מגולגלים רמי לוי 12 יח,גילרו,IL,גביעי גלידה מגולגלים,גרמים,132.00,100 גרם,false,,7.90,0.0598,true,1,3044661
7290016272499,false,וופלים בלגי רמי לוי 200 גרם,גילרו,IL,וופלים בלגי רמי לוי,גרמים,200.00,100 גרם,false,,2.90,0.0145,true,1,3044663
7290016272505,false,וופלים בלגי לימון רמי לוי 200 גרם,גילרו,IL,וופלים בלגי לימון רמ,גרמים,200.00,100 גרם,false,,2.90,0.0145,true,1,3044697
7290016272765,false,נשכן לתינוק רמי לוי,,,נשכן לתינוק רמי לוי,יח',1.00,יח',false,,9.90,9.9000,true,1,3828108
7290016272796,false,נייר טואלט רמי לוי 30 יח,,,נייר טואלט רמי לוי 3,יח',30.00,יח',false,,26.90,0.8967,true,1,3151045
7290016272802,false,מגבות נייר רמי לוי 6,,,מגבות רמי לוי 6 יח,יח',6.00,יח',false,,9.90,1.6500,true,1,3151046
7290016272819,false,צמר גפן רמי לוי 100,,,צמר גפן 100 גר,גרמים,100.00,100 גרם,false,,5.10,0.0510,true,1,3390357
7290016272833,false,פדים קוסמטיים 80 יח,,,פדים קוסמטיים 80 יח,יח',80.00,יח',false,,5.90,0.0738,true,1,3390359
7290016272925,false,שקדי מרק רמי לוי 400 גרם,רמי לוי,IL,שקדי מרק רמי לוי 400,גרמים,400.00,100 גרם,false,,6.90,0.0173,true,1,3499114
7290016272949,false,בקבוק לתינוק מארז שלישייה,,,בקבוק לתינוק מארז של,יח',1.00,יח',false,,16.90,16.9000,true,1,3620503
7290016272987,false,כוס שתיה לתינוק + ידית רמילוי,,,כוס שתיה לתינוק + יד,יח',1.00,יח',false,,16.90,16.9000,true,1,4661493
7290016273007,false,דקדקים שטוח מלח 200ג רמילוי,,,דקדקים שטוח מלח 200ג,גרמים,200.00,100 גרם,false,,6.50,0.0325,true,1,4894586
7290016273014,false,דקדקים שטוח שומשום 200ג רמילוי,,,דקדקים שטוח שומשום 2,גרמים,200.00,100 גרם,false,,6.50,0.0325,true,1,4894587
7290016273021,false,דקדקים שטוח שומשום לבן 200ג רמילוי,,,דקדקים שטוח שומשום ל,גרמים,200.00,100 גרם,false,,6.50,0.0325,true,1,4894588
7290016273090,false,סוכריה על מקל בטעם תות בננה 31 גרם,אוריגינל גורמה,US,סוכריה על מקל 31 גר,גרמים,100.00,100 גרם,false,,4.90,0.0490,true,1,7088334
7290016273182,false,ציפס אמריקאי רמי לוי,,,ציפס אמריקאי רמי לוי,קילוגרמים,1.50,"ק""ג",false,,18.90,12.6000,true,1,5378566
7290016273526,false,פריכיות דקות אורז מלא וכוסמת 100גר רמילוי,,,פריכיות דקות אורז מל,גרמים,100.00,100 גרם,false,,6.50,0.0650,true,1,5076149
7290016273540,false,"פריכיות דקות אורז מלא לל""מ 100גר רמילוי",,,פריכיות דקות אורז מל,גרמים,100.00,100 גרם,false,,6.50,0.0650,true,1,5076151
7290016273557,false,פריכיות דקות אורז מלא 100גר רמילוי,,,פריכיות דקות אורז מל,גרמים,100.00,100 גרם,false,,6.50,0.0650,true,1,5076152
7290016273588,false,פלפל קלוי 400 גרם רמי לוי,,,פלפל קלוי 400 גרם רמ,גרמים,400.00,100 גרם,false,,9.90,0.0248,true,1,5295220
7290016273601,false,דבש לחיץ 500 גר רמי לוי,,,דבש לחיץ 500 גר רמי,גרמים,500.00,100 גרם,false,,23.90,0.0478,true,1,4944570
7290016273670,false,מלפפון חמוץ ביתי 900גר רמילוי,,,מלפפון חמוץ ביתי 900,גרמים,900.00,100 גרם,false,,19.90,0.0221,true,1,5583706
7290016273687,false,מלפפון חמוץ ביתי 310גר רמילוי,,,מלפפון חמוץ ביתי 310,גרמים,310.00,100 גרם,false,,7.90,0.0255,true,1,5583707
7290016273694,false,נר נשמה זכוכית 48 שעות,,,נר נשמה זכוכית 48 שע,יח',1.00,יח',false,,3.90,3.9000,true,1,5123408
7290016273915,false,פת קרקר מחיטה מלאה 340גר רמי לוי,,,פת קרקר מחיטה מלאה 3,גרמים,340.00,100 גרם,false,,9.90,0.0291,true,1,5778706
7290016273922,false,פת קרקר 7 דגנים 340גר רמי לוי,,,פת קרקר 7 דגנים 340ג,גרמים,340.00,100 גרם,false,,9.90,0.0291,true,1,5778707
7290016273939,false,פת קרקר סגנון שוודי 340גר רמי לוי,,,פת קרקר סגנון שוודי,גרמים,340.00,100 גרם,false,,9.90,0.0291,true,1,5778708
7290016277760,false,חטיפי דגנים בציפוי ש,,,חטיפי דגנים בציפוי ש,גרמים,150.00,100 גרם,false,,8.90,0.0593,true,1,4449177
7290016277890,false,מעדן פרי תות רמי לוי 284 גר,,,מעדן פרי תות רמי לוי,גרמים,284.00,100 גרם,false,,8.90,0.0313,true,1,3657134
7290016277913,false,מעדן פרי דובדבן רמי לוי 284 גר,,,מעדן פרי דובדבן רמי,גרמים,284.00,100 גרם,false,,8.90,0.0313,true,1,3657136
7290016277937,false,מעדן פרי משמש רמי לוי 284 גר,,,מעדן פרי משמש רמי לו,גרמים,284.00,100 גרם,false,,8.90,0.0313,true,1,3657138
7290016277944,false,מעדן פרי שזיף רמי לוי 284 גר,,,מעדן פרי שזיף רמי לו,גרמים,284.00,100 גרם,false,,8.90,0.0313,true,1,3657139
7290016277951,false,מעדן פרי פירות רמי לוי 284 גר,,,מעדן פרי פירות רמי ל,גרמים,284.00,100 גרם,false,,8.90,0.0313,true,1,3657140
7290016302042,false,מארז רביעיית סנדוויץ,,,מארז 4לחמניות פרנה,יח',1.00,יח',false,,11.90,11.9000,true,1,8344505
7290016302059,false,מארז לחמניות פרנה ביס 10 יח',פרנה בייקרי,,מארז 10 לחמניות ביס,גרמים,350.00,100 גרם,false,,11.90,0.0340,true,1,8344506
7290016319187,false,טוסו עוגיות סנדוויץ שוקו במילוי קרם שוקולד *זוג* 300 גרם,בטר אנד דיפרנט,IL,טוסו עוגיות סנדוויץ,גרמים,300.00,100 גרם,false,,16.90,0.0563,true,1,8243848
7290016319194,false,טוסו עוגיות סנדוויץ שוקו במילוי קרם וניל *זוג* 300 גרם,אפיפית,IL,טוסו עוגיות סנדוויץ,גרמים,300.00,100 גרם,false,,16.90,0.0563,true,1,8243849
7290016319309,false,סבון נוזלי מאסק קלאסי+משאבה פמלי 1 ל,הנסיך- מפעל לייצור ט,IL,פמלי פרלי 1ליטר מאסק,ליטרים,1.00,ליטר,false,,10.80,10.8000,true,1,3359131
7290016320343,false,"דאק נוזל ג'ל לניקוי מתקדם בניחות לבנדר זוג * 750 מ""ל",אס. סי. ג'\ונסון מידרכט,NL,דאק ג'ל נוזל * 750זו,מיליליטרים,750.00,"100 מ""ל",false,,16.90,0.0225,true,1,5426720
7290016321555,false,מגע המשי רצועות שעווה לביקיני קמומיל 12+2,ש.שוורץ,ES,מגע המשי רצועות שעוו,יח',12.00,יח',false,,19.90,1.6583,true,1,8247848
7290016321661,false,פרש וואנס SENSITIVE מגבונים ללא בישום רביעייה 72 יחידות,עלבד משואות יצחק,IL,פרש וואנס רביעיה סנס,יח',4.00,יח',false,,15.80,3.9500,true,1,7594263
7290016321678,false,מגבונים לחים בניחוח מרענן עם תמציות קמומיל ואלוורה,עלבד משואות יצחק,IL,פרש וואנס רביעיה נטו,יח',4.00,יח',false,,15.80,3.9500,true,1,7594264
7290016321777,false,מגע הדבש רצועות שעווה לפנים אלוורה 20 יח,שוורצקוף& הנקל דיסלד,IL,מגע הדבש רצועות שעוו,יח',1.00,יח',false,,19.90,19.9000,true,1,8251800
7290016321883,false,פרשוואנס נייר טואלט מתכלה לילדים -מארז שלישייה,עלבד משואות יצחק,IL,פרש וואנס נייר טואלט,יח',1.00,יח',false,,12.90,12.9000,true,1,7884301
7290016321890,false,פרשוואנס נייר טואלט מתכלה למבוגרים -מארז שלישייה,עלבד משואות יצחק,IL,פרש וואנס מתכלת 1/3,יח',1.00,יח',false,,12.90,12.9000,true,1,7884302
7290016329278,false,קמיל בלו מגבונים מילוי 64 יח רביעייה,פישר מעבדות פרמצבטיות בע,IL,מגבוני קמיל בלו 75 יח' מי,יח',4.00,יח',false,,19.90,4.9750,true,1,3765047
7290016329674,false,קמיל בלו קרם פנים לתינוק לעור יבש במיוחד,פישר מעבדות פרמצבטיות בע,IL,קרם פנים קמיל בלו 75,100 מל,75.00,100 מל,false,,24.90,0.3320,true,1,4448977
7290016334036,false,עירית רמי לוי,,,עירית רמי לוי,יח',1.00,יח',false,,3.90,3.9000,true,1,5472336
7290016334050,false,סלרי חתוך בוסתן,ברכת קטיף,IL,סלרי חתוך,יח',1.00,יח',false,,5.90,5.9000,true,1,2827960
7290016334166,false,לוף רגיל ארוז ליח,,,לוף רגיל ארוז,יח',1.00,יח',false,,5.90,5.9000,true,1,5472337
7290016334173,false,פלפל טינקרבל ארוז,,,פלפלונים רמי לוי,יח',1.00,יח',false,,8.90,8.9000,true,1,3811043
7290016334180,false,מלפפון בייבי רמי לוי,,,מלפפון בייבי רמי לוי,יח',1.00,יח',false,,8.90,8.9000,true,1,3811044
7290016334296,false,ברוקולי רמי לוי,,,ברוקולי רמי לוי,יח',1.00,יח',false,,8.70,8.7000,true,1,3811045
7290016334388,false,פלפל צ'ילי רמי לוי,,,פלפל צ'ילי רמי לוי,יח',1.00,יח',false,,5.90,5.9000,true,1,5701188
7290016334395,false,שיבה רמי לוי,,,שיבה רמי לוי,יח',1.00,יח',false,,4.90,4.9000,true,1,3625084
7290016334456,false,בזיליקום רמי לוי,,,בזיליקום רמי לוי,יח',1.00,יח',false,,5.90,5.9000,true,1,5472338
7290016334500,false,לבבות חסה זוגות בשקי,ברכת קטיף,IL,זוג לבבות חסה,יח',1.00,יח',false,,8.90,8.9000,true,1,4475136
7290016334654,false,תרד ניו זילנדי רמי לוי,,,תרד ניו זילנדי רמי ל,גרמים,200.00,100 גרם,false,,12.90,0.0645,true,1,6678950
7290016334814,false,חסה סלנובה רמי לוי,,,חסה סלנובה רמי לוי,יח',1.00,יח',false,,9.90,9.9000,true,1,6910864
7290016334883,false,עגבניות שרי תמר,,,עגבניות שרי תמר,יח',1.00,יח',false,,8.90,8.9000,true,1,7098156
7290016334890,false,עגבניות שרי ליקופן,,,עגבניות שרי ליקופן,יח',1.00,יח',false,,9.90,9.9000,true,1,7098157
7290016334906,false,עגבניות שרי מיקס,,,עגבניות שרי מיקס,יח',1.00,יח',false,,10.90,10.9000,true,1,7098158
7290016372342,false,עגבניות חתוך קוביות גראנד איטליה מארז 400X3ג',גרנד איטליה Grand Italia,IT,עגבניות חתוכות לקובי,גרמים,620.00,100 גרם,false,,18.90,0.0305,true,1,5114119
7290016372373,false,רסק עגבניות ללא תוספת סוכר ומלח - מארז זוג,גרנד איטליה Grand Italia,IT,רוטב עגבניות 280 גר,גרמים,280.00,100 גרם,false,,7.90,0.0282,true,1,5114121
7290016372397,false,"תה ויסוצקי ירוק תפוז,ג'ינגר וכורכום 25 יח'",ויסוצקי ירוק,IL,תה ירוק תפוז גינג'ר,יח',25.00,יח',false,,22.90,0.9160,true,1,5114021
7290016372458,false,חליטת לימונית ולואיזה הגן הקסום ויסוצקי 50 יחידות,תה ויסוצקי,IL,הגן הקסום לימונית ול,יח',50.00,יח',false,,27.30,0.5460,true,1,5114042
7290016372496,false,חליטת פירות וצמחים בטעם ג'ינג'ר ודבש -אפקט הג'ינג'ר,תה ויסוצקי,IL,חליטת ג'ינגר ודבש 2,יחידו,25.00,יחידו,false,,16.90,0.6760,true,1,5114043
7290016373639,false,פסים חמוצים בטעם תפוח טעמן 275 גרם,אלוון גידה סאן,TR,פסים חמוצים תפוח 180,גרמים,180.00,100 גרם,false,,7.90,0.0439,true,1,5756340
7290016373653,false,מקלות חמוצים בטעם תות 180 ג',אלוון גידה סאן,TR,פסים חמוצים תות 180,גרמים,180.00,100 גרם,false,,7.90,0.0439,true,1,5756364
7290016373721,false,מקלות חמוצים תות וניל טעמן 275 גרם,אלוון גידה סאן,TR,פסים חמוצים תות וניל,גרמים,180.00,100 גרם,false,,7.90,0.0439,true,1,5756367
7290016408119,false,טרליני כעכים בטעם קלאסי 225 גר' - בדץ,אפוליה פוד,IT,טרליני כעכים 225 גר,גרמים,225.00,100 גרם,false,,6.50,0.0289,true,1,3253682
7290016408294,false,"מרשמלו ורוד לבן וסטהיים 150 ג', 26 בקרטון",מנדלז סי.אר. פרודקשן,IL,מרשמלו ורוד לבן 150,גרמים,150.00,100 גרם,false,,4.50,0.0300,true,1,3849395
7290016408416,false,חטיף קרקר עם צ'ילי פיקנטי 130 גר,דנוויטה ג'\יי. אס. סי,LT,חטיף קרקר עם צ'ילי פ,גרמים,130.00,100 גרם,false,,5.90,0.0454,true,1,3552416
7290016408430,false,קרקר עם תערובת תבלינים כרמית 130 גרם,דנוויטה ג'\יי. אס. סי,LT,חטיף קרקר ותערובת תב,גרמים,130.00,100 גרם,false,,5.90,0.0454,true,1,3552418
7290016408447,false,חטיף קרקר עם עגבניות ובזיליקום פניני 130 ג',דנוויטה ג'\יי. אס. סי,LT,חטיף קרקר עגבניות וב,גרמים,130.00,100 גרם,false,,5.90,0.0454,true,1,3552419
7290016408744,false,מרשמלו טוויסטר כרמית 150 גרם,"כרמית תעשיות ממתקים בע""\",IL,מרשמלו טוויסטר בדצ 1,גרמים,150.00,100 גרם,false,,4.50,0.0300,true,1,4691678
7290016408980,false,"מטבעות שוקולד חלב 36 ג' כשל""פ בד""ץ",כרמית תעשיות מזון,IL,מטבעות שוקולד חלב 36,יח',1.00,יח',false,,2.90,2.9000,true,1,6877734
7290016437591,false,קוטקס - תחתונים סופגים לנשים לאחר לידה מדיום 8 יח',חוגלה קימברלי,KR,תחתונים סופגים לנשים,יח',8.00,יח',false,,32.90,4.1125,true,1,5738845
7290016440218,false,עמבה פרי מעדני עופר,,,עמבה 500 גר,יח',1.00,יח',false,,14.90,14.9000,true,1,4066903
7290016496147,false,פתיליות פתיל צף משוש 48יח',שלהבת,,פתיל צף מתומן קטן,יח',1.00,יח',false,,2.90,2.9000,true,1,3299397
7290016496208,false,פתיל צף עגול בינוני מוכן,שלהבת,IN,פתיל צף מוכן,יח',1.00,יח',false,,4.90,4.9000,true,1,3832753
7290016496239,false,מגן פמוט 20 יח',מעגל הזמן,,מגן פמוט 20 יח',20 יחידו,1.00,20 יחידו,false,,5.90,5.9000,true,1,4310424
7290016509342,false,סוד מארז טריו כדוריות לאסלה כחול אקטיבי אקונומיקה,הנקל סוד,HU,סוד מארז טריו כדוריו,3 יח',1.00,3 יח',false,,14.80,14.8000,true,1,4898971
7290016509786,false,פרסיל גל לכביסה לבנה וצבעונית-ירוק 2.5 ל,"הנקל סוד בע""\מ",IL,פרסיל ג'ל 2.5 ליטר י,ליטרים,2.50,ליטר,false,,34.50,13.8000,true,1,6435682
7290016509809,false,ג'ל מרוכז לכביסה קולור 2.5 ל' פרסיל,"הנקל סוד בע""\מ",IL,פרסיל ג'ל 2.5 ליטר ק,ליטרים,2.50,ליטר,false,,34.50,13.8000,true,1,6435684
7290016509823,false,ג'ל לכביסה לבנה וצבעונית בניחוח רענן,"הנקל סוד בע""\מ",IL,פרסיל ג'ל 2.5 ליטר ב,ליטרים,2.50,ליטר,false,,34.50,13.8000,true,1,6435686
7290016509830,false,ג'ל כביסה לבגדי תינוקות ובעלי עור רגיש Sensitive,"הנקל סוד בע""\מ",IL,פרסיל ג'ל 2.5 ליטר ב,ליטרים,2.50,ליטר,false,,34.50,13.8000,true,1,6435687
7290016509847,false,פרסיל ג'ל לכביסה כהה בלאק 2.5 ליטר,"הנקל סוד בע""\מ",IL,פרסיל ג'ל לכביסה כהה,ליטרים,2.50,ליטר,false,,34.50,13.8000,true,1,6905437
7290016510263,false,הוואי תחליב רחצה רגעים יוקרתיים 700 מל,טרופיקל דגיל בעמ,IL,הוואי תחליב רחצה רגע,מיליליטרים,700.00,"100 מ""ל",false,,8.90,0.0127,true,1,6517119
7290016523447,false,אטריות ביצים 300 ג' (כ) (fu),פוג'יאן לונגהי אנליד,CN,אטריות ביצים 300 ג',גרמים,300.00,100 גרם,false,,7.70,0.0257,true,1,4978186
7290016523454,false,אטריות עם תרד 300 ג' (כ) (fu),ZHONGSHI XIAMEN,CN,אטריות עם תרד 300 ג',גרמים,300.00,100 גרם,false,,7.70,0.0257,true,1,4987005
7290016564006,false,מבריקל הפלא ספוגיות להסרת כתמים קשים ושומנים 3יח,,,מבריקל הפלא ספוגית,יח',1.00,יח',false,,9.90,9.9000,true,1,7793667
7290016564266,false,מבריקל הפלא כיסוי הפלא 3,פארמה דיל,IL,כיסוי הפלא,יח',1.00,יח',false,,9.90,9.9000,true,1,7793669
7290016584004,false,חטיפוני גזר 130 גרם,"מרינה פטריות הגליל בע""מ",IL,חטיפוני גזר 130 גרם,גרמים,130.00,100 גרם,false,,6.90,0.0531,true,1,3404921
7290016584011,false,חטיפוני גזר 350 גרם גיזרונים,"מרינה פטריות הגליל בע""מ",IL,חטיפוני גזר 350 גרם,גרמים,350.00,100 גרם,false,,12.90,0.0369,true,1,3404922
7290016601008,false,נוזל שמשות 4 לי,,,נוזל שמשות 4 לי,ליטרים,4.00,ליטר,false,,9.90,2.4750,true,1,3379231
7290016601015,false,מים מזוקקים 4 לי,סאסאטק,,מים מזוקקים 4 לי,ליטרים,4.00,ליטר,false,,9.90,2.4750,true,1,3379232
7290016601466,false,נוזל רצפות רמי לוי 2 ליטר,,,נוזל רצפות רמי לוי 2,ליטרים,2.00,ליטר,false,,7.90,3.9500,true,1,3620499
7290016601473,false,נוזל רצפות רמי לוי 2 ליטר,,,נוזל רצפות רמי לוי 2,ליטרים,2.00,ליטר,false,,7.90,3.9500,true,1,3620500
7290016601480,false,נוזל רצפות רמי לוי 2 ליטר,,,נוזל רצפות רמי לוי 2,ליטרים,2.00,ליטר,false,,7.90,3.9500,true,1,3620501
7290016601497,false,נוזל רצפות רמי לוי 2 ליטר,,,נוזל רצפות רמי לוי 2,ליטרים,2.00,ליטר,false,,7.90,3.9500,true,1,3620502
7290016607772,false,"יין רוזה גליל דלתון 750 מ""ל","איי, בי, אינבוו",IL,גליל רוזה (דלתון),מיליליטרים,700.00,"100 מ""ל",false,,54.90,0.0784,true,1,8285958
7290016609004,false,גזר גמדי 800 גר רמילוי,,,גזר גמדי 800 גר רמיל,גרמים,800.00,100 גרם,false,,8.20,0.0102,true,1,3657298
7290016609011,false,שעועית לבנה 800 גרם רמי לוי,,,שעועית לבנה 800 גרם,גרמים,800.00,100 גרם,false,,9.90,0.0124,true,1,3657299
7290016609028,false,גרגירי חומוס 800 גרם רמי לוי,,,גרגירי חומוס 800 גרם,גרמים,800.00,100 גרם,false,,9.90,0.0124,true,1,3657300
7290016609035,false,לקט למרק 800 גר רמילוי,,,לקט למרק 800 גר רמיל,גרמים,800.00,100 גרם,false,,10.90,0.0136,true,1,3657301
7290016609042,false,אפונה עדינה 600 גר רמי לוי,,,אפונה עדינה 600 גר ר,גרמים,600.00,100 גרם,false,,10.90,0.0182,true,1,3657302
7290016609066,false,פולי סויה 600 גר רמילוי,,,פולי סויה 600 גר רמי,גרמים,600.00,100 גרם,false,,9.90,0.0165,true,1,3657304
7290016609073,false,לקט לקוסקוס 800 גר רמילוי,,,לקט לקוסקוס 800 גר ר,גרמים,800.00,100 גרם,false,,11.90,0.0149,true,1,3657305
7290016609080,false,לקט ישראלי 800 גר' רמילוי,,,לקט ישראלי 800 גר' ר,גרמים,800.00,100 גרם,false,,9.90,0.0124,true,1,3657306
7290016609134,false,אפונת גינה בגודל בינ,,,אפונה 335 גר רמי לוי,גרמים,335.00,100 גרם,false,,6.50,0.0194,true,1,3657308
7290016609141,false,אפונה וגזר רמי לוי 5,,,אפונה וגזר 330 גר,גרמים,330.00,100 גרם,false,,6.50,0.0197,true,1,3657309
7290016609158,false,חומוס גרגירים 290 גר רמי לוי,,,חומוס גרגירים 290 גר,גרמים,290.00,100 גרם,false,,6.50,0.0224,true,1,3657310
7290016609165,false,פול מצרי 340 גר,,,פול מצרי 340 גר,גרמים,340.00,100 גרם,false,,6.50,0.0191,true,1,3657311
7290016609172,false,שעועית לבנה ברוטב עגבניות 335 גר,,,שעועית לבנה ברוטב עג,גרמים,335.00,100 גרם,false,,6.50,0.0194,true,1,3657312
7290016609189,false,גרעיני תירס 335 גר רמי לוי,,,גרעיני תירס 335 גר ר,גרמים,335.00,100 גרם,false,,6.50,0.0194,true,1,3657313
7290016609196,false,גרעיני תירס לייט 335 גר רמי לוי,,,גרעיני תירס לייט 335,גרמים,335.00,100 גרם,false,,6.90,0.0206,true,1,3657314
7290016609257,false,עגבניות מרוסקות 250 גר רמילוי,,,עגבניות מרוסקות 250,גרמים,250.00,100 גרם,false,,2.90,0.0116,true,1,3657318
7290016609264,false,עגבניות מרוסקות ושום 250 גר רמילוי,,,עגבניות מרוסקות ושום,גרמים,250.00,100 גרם,false,,2.90,0.0116,true,1,3657319
7290016609271,false,עגבניות מרוסקות בזיליקום 250 גר רמילוי,,,עגבניות מרוסקות בזיל,גרמים,250.00,100 גרם,false,,2.90,0.0116,true,1,3657320
7290016609318,false,עגבניות מרוסקות 800ג רמילוי,,,עגבניות מרוסקות 800ג,גרמים,800.00,100 גרם,false,,5.90,0.0074,true,1,4675497
7290016609349,false,עגבניות מרוסקות+בזיליקום 800ג רמילוי,,,עגבניות מרוסקות+בזיל,גרמים,800.00,100 גרם,false,,5.90,0.0074,true,1,4675518
7290016609356,false,עגבניות מרוסקות+שום 800ג רמילוי,,,עגבניות מרוסקות+שום,גרמים,800.00,100 גרם,false,,5.90,0.0074,true,1,4675519
7290016609585,false,"גרעיני תירס לל""ס 285 ג רמי לוי",,,"גרעיני תירס לל""ס 285",גרמים,285.00,100 גרם,false,,4.90,0.0172,true,1,5637744
7290016609875,false,עגבניות מרוסקות שקשוקה 250 ג רמי לוי,,,עגבניות מרוסקות שקשו,גרמים,250.00,100 גרם,false,,2.90,0.0116,true,1,6889749
7290016621341,false,אל סבון היגייני לניקוי יסודי קמיל Clean & Moisture,פישר מעבדות פרמצבטיות בע,IL,קמיל אל סבון 1 ליטר,100 מל,1000.00,100 מל,false,,15.80,0.0158,true,1,4448978
7290016621358,false,"ד""ר פישר - קמיל אל סבון ניקיון והזנה ורוד 1 ליטר",פישר מעבדות פרמצבטיות בע,IL,קמיל אל סבון 1 ליטר,100 מל,1000.00,100 מל,false,,15.80,0.0158,true,1,4448979
7290016621365,false,אל סבון היגייני לניקוי יסודי קמיל Clean & Moisture,פישר מעבדות פרמצבטיות בע,IL,קמיל אל סבון 1 ליטר,100 מל,1000.00,100 מל,false,,15.80,0.0158,true,1,4448980
7290016634877,false,זרעים כרובית,,,זרעים כרובית,יח',1.00,יח',false,,5.80,5.8000,true,1,8360247
7290016634907,false,זרעים אורגניים-מיקס,,,מיקס צנונית,יח',1.00,יח',false,,5.80,5.8000,true,1,8329967
7290016682182,false,שייק תמר בננה מופחת סוכר 1 ליטר פרי ניב,פריניב בעמ,IL,שייק תמר בננה 1 ליטר,ליטרים,1.00,ליטר,false,,14.50,14.5000,true,1,4240476
7290016682199,false,פריניב שייק תות בננה מופחת סוכר 1 ליטר,פריניב בעמ,IL,שייק תות בננה 1 ליטר,ליטרים,1.00,ליטר,false,,14.50,14.5000,true,1,4240494
7290016682250,false,מיץ תפוז גזר פרי ניב 1 ליטר,פרי ניב,IL,מיץ תפוגזר 1ליטר,מטרים,1000.00,100 מ'ל,false,,15.90,0.0159,true,1,8447057
7290016682267,false,פריניב מארז שלישייה מיקס 3ליטר,פרי ניב,IL,פריניב מארז שלישייה,מטרים,3000.00,100 מ'ל,false,,29.90,0.0100,true,1,8486996
7290016682335,false,מיץ תפוזים סחוט פריניב 2 ליטר,פרי ניב,IL,מיץ תפוזים סחוט 2לי,ליטרים,2.00,ליטר,false,,24.90,12.4500,true,1,8357815
7290016682342,false,מיץ תפוזים וולנסיה פרי ניב 2 ליטר-,פרי ניב,IL,מיץ תפוזים ולנסיה 2ל,ליטרים,2.00,ליטר,false,,26.60,13.3000,true,1,8357816
7290016682359,false,מיץ תפוזים שמוטי פרי ניב 2 ליטר-,פרי ניב,IL,מיץ תפוזים שמוטי 2לי,ליטרים,2.00,ליטר,false,,26.60,13.3000,true,1,8357817
7290016682373,false,משקה קל לימונדה בלאדי 2 ליטר פריניב,פריניב,IL,מיץ לימונדה בלדי 2 ל,ליטרים,2.00,ליטר,false,,18.60,9.3000,true,1,8357819
7290016682380,false,מיץ טבעי לימונדה ולואיזה פרי ניב 2 ליטר-,פרי ניב,IL,מיץ לימונדה לואיזה 2,ליטרים,2.00,ליטר,false,,18.60,9.3000,true,1,8357820
7290016682397,false,מיץ חמוציות פרי ניב 2 ליטר-,פרי ניב,IL,מיץ חמוציות 2לי,ליטרים,2.00,ליטר,false,,18.60,9.3000,true,1,8357821
7290016682441,false,100% מיץ תפוזים מיוצר מרכז טבעי,פרי ניב,IL,מיץ תפוזים עשוי מרכז,מטרים,1000.00,100 מ'ל,false,,13.90,0.0139,true,1,8365694
7290016693041,false,"יין אמירים רזרב קברנה 750 מ""ל!.",יקבי ארזה,IL,אמירים רזרב קברנה 75,מיליליטרים,750.00,"100 מ""ל",false,,17.90,0.0239,true,1,4501222
7290016693058,false,"יין אמירים רזרב מרלו 750 מ""ל!.",יקבי ארזה,IL,אמירים רזרב מרלו 750,מיליליטרים,750.00,"100 מ""ל",false,,17.90,0.0239,true,1,4501223
7290016693065,false,"יין אמירים רזרב רוזה 750 מ""ל.",יקבי ארזה,IL,אמירים רזרב רוזה 750,מיליליטרים,750.00,"100 מ""ל",false,,17.90,0.0239,true,1,4501224
7290016693072,false,"יין אמירים רזרב ריזלינג 750 מ""ל",יקבי ארזה,IL,אמירים רזרב ריזלינג,מיליליטרים,750.00,"100 מ""ל",false,,17.90,0.0239,true,1,4501225
7290016693140,false,"יין וירטואוז שרדונה 750 מ""ל היוצר",יקבי ארזה,IL,היוצר וירטואוזו שרדו,יח',1.00,יח',false,,44.90,44.9000,true,1,4599870
7290016693287,false,"היוצר וירטואוזו גוורץ 750 מ""ל",יקבי ארזה,IL,גוורצטרמינר היוצר,מיליליטרים,750.00,"100 מ""ל",false,,44.90,0.0599,true,1,5481876
7290016693300,false,"יין היוצר בראשית שרדונה 750 מ""ל",יקבי ארזה,IL,שרדונה 750 מל היוצר,מיליליטרים,750.00,"100 מ""ל",false,,39.90,0.0532,true,1,5761033
7290016693577,false,"סדרת עונות אמרלד ריזלינג 750 מ""ל",יקבי ארזה,IL,יין עונותאמרלד ריזלי,מיליליטרים,750.00,"100 מ""ל",false,,28.90,0.0385,true,1,7262229
7290016693799,false,"יין מוסקטו היוצר רוזה 750 מ""ל",קנטינה סנט,IT,מוסקטו רוזה,מיליליטרים,750.00,"100 מ""ל",false,,34.90,0.0465,true,1,8232503
7290016693898,false,"יין פטי ורדו בראשית היוצר 750 מ""ל",יקבי ארזה,IL,יין פטי ורדו בראשית,מיליליטרים,750.00,"100 מ""ל",false,,34.90,0.0465,true,1,8270677
7290016693959,false,"יין בראשית קברנהמתוק עדין ארזה 750 מ""ל",יקבי ארזה,IL,בראשית קברנה סובניון,מיליליטרים,750.00,"100 מ""ל",false,,34.90,0.0465,true,1,8334061
7290016717051,false,משקה Buzz מוגז בטעם רימון מבוסס יין אדום מתוק,יקבי כרמל Carmel Winery,IL,יין רימון באזז יקבי,מיליליטרים,750.00,"100 מ""ל",false,,26.90,0.0359,true,1,7739086
7290016717099,false,"יין כרמל סלקטד אדום חצי יבש, 750 מ""ל",יקבי כרמל Carmel Winery,IL,יין אדום חצי יבש סלק,מיליליטרים,750.00,"100 מ""ל",false,,28.80,0.0384,true,1,3863736
7290016717631,false,יין מוסקטו בעל חוזק אלכוהול נמוך פרייבט קולקשן,אגודת הכורמים הקואופרטיב,IL,יין מוסקטו פרייבט קו,מיליליטרים,750.00,"100 מ""ל",false,,32.30,0.0431,true,1,5669937
7290016717754,false,"יין ישן נושן יקבי כרמל 750 מ""ל ^^^",אגודת הכורמים הקואופרטיב,IL,יין ישן נושן יקבי כר,מיליליטרים,750.00,"100 מ""ל",false,,18.90,0.0252,true,1,5961244
7290016717976,false,"יין סלקטד באז אפרסק כרמל 750 מ""ל",כרמל מזרחי,IL,ספארקלינג באזז אפרסק,מיליליטרים,750.00,"100 מ""ל",false,,26.90,0.0359,true,1,8241011
7290016733006,false,אציטון רמי לוי 100 מל,,,אציטון רמי לוי 100 מ,גרמים,100.00,100 גרם,false,,4.30,0.0430,true,1,3620504
7290016733020,false,ממחטות כיס רמי לוי 1,,,ממחטות כיס רמילוי,יח',1.00,יח',false,,5.90,5.9000,true,1,4087996
7290016733044,false,מטליות ריצפה מיקרופייבר שלישייה רמי לוי,,,מטליות ריצפה מיקרופי,יח',3.00,יח',false,,15.90,5.3000,true,1,3361905
7290016733051,false,מטליות ניקוי כללי מיקרופייבר עשירייה רמי לוי,,,מטליות ניקוי כללי מי,יח',10.00,יח',false,,14.90,1.4900,true,1,3361906
7290016733198,false,קרקר דק מחיטה מלאה 2,,,קרקר דק מחיטה מלאה 2,גרמים,240.00,100 גרם,false,,6.90,0.0288,true,1,4056732
7290016733204,false,קרקר דק כפרי 240 גר,,,קרקר דק כפרי 240 גר,גרמים,240.00,100 גרם,false,,6.90,0.0288,true,1,4056733
7290016733211,false,קרקר דק משיפון 240 גר,,,קרקר דק משיפון 240 ג,גרמים,240.00,100 גרם,false,,6.90,0.0288,true,1,4056734
7290016733259,false,סלק מבושל בוואקום 500ג,,,סלק מבושל בוואקום 50,גרמים,500.00,100 גרם,false,,5.90,0.0118,true,1,3928234
7290016733433,false,פטריות שלמות 230 גרם,,,פטריות שלמות 230 גרם,גרמים,230.00,100 גרם,false,,6.90,0.0300,true,1,3876037
7290016733501,false,פתיתים חישוקים 500 גר רמילוי,,,פתיתים חישוקים 500 ג,גרמים,500.00,100 גרם,false,,4.50,0.0090,true,1,4153883
7290016733518,false,פתיתים עם בצל 400 ג,,,פתיתים עם בצל 400 ג,גרמים,400.00,100 גרם,false,,4.50,0.0113,true,1,4301319
7290016733532,false,קורנפלקס 750 גרם רמי לוי,,,קורנפלקס 750 גרם רמי,גרמים,750.00,100 גרם,false,,12.30,0.0164,true,1,4475154
7290016733693,false,"שניצל תירס רמי לוי 2ק""ג",רמי לוי,IL,שניצל תירס רמי לוי 2,קילוגרמים,2.00,"ק""ג",false,,39.90,19.9500,true,1,3995346
7290016733716,false,וופלים שוקולד 500 ג רמי לוי,,,וופלים שוקולד 500 ג,גרמים,500.00,100 גרם,false,,8.90,0.0178,true,1,3892941
7290016733730,false,וופלים לימון 500ג רמי לוי,,,וופלים לימון 500ג רמ,גרמים,500.00,100 גרם,false,,8.90,0.0178,true,1,3892943
7290016733754,false,חומץ 5% 1 ליטר רמי ל,,,חומץ 5% 1לי רמי לוי,יח',1.00,יח',false,,4.90,4.9000,true,1,4158890
7290016733761,false,רוטב לימון משומר 1 לי רמי לוי,,,רוטב לימון משומר 1 ל,ליטרים,1.00,ליטר,false,,4.90,4.9000,true,1,4158891
7290016733815,false,מטליות רב שימושיות לבן 700ג,,,מטליות רב שימושיות ל,גרמים,700.00,100 גרם,false,,18.50,0.0264,true,1,3864332
7290016733860,false,וופלים לימון 300 ג רמי לוי,,,וופלים לימון 300 ג ר,גרמים,300.00,100 גרם,false,,4.50,0.0150,true,1,3892944
7290016733891,false,טבעות בצל רמי לוי 60,קפוא-זן,IL,טבעות בצל 600 גרם,גרמים,600.00,100 גרם,false,,14.90,0.0248,true,1,4030929
7290016784039,false,טחינה פרימיום משומשום אתיופי 500 גרם,,,טחינה פרימיום משומשו,גרמים,500.00,100 גרם,false,,9.80,0.0196,true,1,8346272
7290016865080,false,שניצל דק בציפוי שומשום 700 ג,,,שניצל דק בציפוי שומש,גרמים,700.00,100 גרם,false,,27.90,0.0399,true,1,4458631
7290016865103,false,שניצל דק בציפוי ציפס 700 ג,,,שניצל דק בציפוי ציפס,גרמים,700.00,100 גרם,false,,27.90,0.0399,true,1,4458633
7290016865141,false,שניצל צמחי דק 700 גרם רמי לוי,,,שניצל צמחי דק 700 גר,גרמים,700.00,100 גרם,false,,19.90,0.0284,true,1,5345015
7290016865240,false,וופלים בטעם שוקולד רמי לוי 200 גרם,,,וופלים בטעם שוקולד ר,גרמים,200.00,100 גרם,false,,2.90,0.0145,true,1,4128298
7290016865257,false,וופלים בטעם לימון רמי לוי 200 גרם,,,וופלים בטעם לימון רמ,גרמים,200.00,100 גרם,false,,2.90,0.0145,true,1,4128299
7290016865523,false,לחם מקמח מלא 750ג רמילוי,,,לחם מקמח מלא 750ג רמ,גרמים,750.00,100 גרם,false,,9.90,0.0132,true,1,4585926
7290016865530,false,לחם שיפון קל 750ג רמילוי,,,לחם שיפון קל 750ג רמ,גרמים,750.00,100 גרם,false,,10.90,0.0145,true,1,4585927
7290016865615,false,כדוריות סבון אסלה -ניחוח היביסקוס,,,כדוריות סבון אסלה -נ,יח',1.00,יח',false,,9.90,9.9000,true,1,4931979
7290016865622,false,כדוריות סבון אסלה -ניחוח לבנדר,,,כדוריות סבון אסלה -נ,יח',1.00,יח',false,,9.90,9.9000,true,1,4931980
7290016865646,false,כדוריות סבון אסלה שלישייה,,,כדוריות סבון אסלה של,יח',3.00,יח',false,,9.90,3.3000,true,1,4931982
7290016865769,false,שעועית לבנה 500ג רמילוי,,,שעועית לבנה 500ג רמי,גרמים,500.00,100 גרם,false,,6.90,0.0138,true,1,4954573
7290016865783,false,אפונה יבשה 500ג רמילוי,,,אפונה יבשה 500ג רמיל,גרמים,500.00,100 גרם,false,,3.90,0.0078,true,1,4954575
7290016865790,false,פופקורן 500ג רמילוי,,,פופקורן 500ג רמילוי,גרמים,500.00,100 גרם,false,,4.90,0.0098,true,1,4954576
7290016865806,false,חומוס גדול 500ג רמי לוי,,,חומוס גדול 500ג רמי,גרמים,500.00,100 גרם,false,,5.80,0.0116,true,1,4964339
7290016865813,false,חומוס ענק 500ג רמי לוי,,,חומוס ענק 500ג רמי ל,גרמים,500.00,100 גרם,false,,8.90,0.0178,true,1,4964359
7290016865820,false,עדשים אדומות 500ג רמי לוי,,,עדשים אדומות 500ג רמ,גרמים,500.00,100 גרם,false,,5.90,0.0118,true,1,4964360
7290016865837,false,עדשים ירוקות 500ג רמי לוי,,,עדשים ירוקות 500ג רמ,גרמים,500.00,100 גרם,false,,5.90,0.0118,true,1,4964361
7290016865844,false,כוסמת 500ג רמי לוי,,,כוסמת 500ג רמי לוי,גרמים,500.00,100 גרם,false,,6.90,0.0138,true,1,4964362
7290016865851,false,חיטה 500ג רמי לוי,,,חיטה 500ג רמי לוי,גרמים,500.00,100 גרם,false,,2.90,0.0058,true,1,4964363
7290016865868,false,גריסי פנינה 500ג רמי לוי,,,גריסי פנינה 500ג רמי,גרמים,500.00,100 גרם,false,,3.90,0.0078,true,1,4964364
7290016865875,false,בורגול 500ג רמי לוי,,,בורגול 500ג רמי לוי,גרמים,500.00,100 גרם,false,,3.90,0.0078,true,1,4964365
7290016865882,false,גרישה 500ג רמי לוי,,,גרישה 500ג רמי לוי,גרמים,500.00,100 גרם,false,,3.90,0.0078,true,1,4964366
7290016865899,false,קינואה 500ג רמי לוי,,,קינואה 500ג רמי לוי,גרמים,500.00,100 גרם,false,,8.90,0.0178,true,1,4964367
7290016865905,false,רגע מתוק ביסקויט 102ג רמילוי,,,רגע מתוק ביסקויט 102,גרמים,102.00,100 גרם,false,,4.90,0.0480,true,1,5751133
7290016866643,false,פרודונטקס מ.שיניים אקסטרה פרש 75 מל,פרודונטקס Parodontax,SK,פרודונטקס פרש 75 מל,100 מל,75.00,100 מל,false,,30.90,0.4120,true,1,6265290
7290016866650,false,"פרודונטקס - משחת שיניים אוריג'ינל 75 מ""ל",פרודונטקס Parodontax,SK,פרודונטקס אורג'ינל 7,100 מל,75.00,100 מל,false,,30.90,0.4120,true,1,6265291
7290016866667,false,"פרודונטקס - משחת שיניים ללא פלאוריד 75 מ""ל",פרודונטקס Parodontax,SK,פרודונטקס פלאוריד 75,100 מל,75.00,100 מל,false,,30.90,0.4120,true,1,6484464
7290016866674,false,"פרודונטקס - משחת שיניים מלבינה 75 מ""ל",פרודונטקס Parodontax,SK,פרודונטקס מלבינה 75,100 מל,75.00,100 מל,false,,30.90,0.4120,true,1,6265292
7290016866704,false,"סטייל שמפו לאחר החלקה מועשר בויטמין אי, 750 מ""ל",סטייל Style,IL,סטייל שמפו קרטין 750,מיליליטרים,750.00,"100 מ""ל",false,,24.90,0.0332,true,1,5455507
7290016866711,false,"סטייל מרכך לשיער קרטין פלוס לאחר החלקה, 750 מ""ל",סטייל Style,IL,סטייל מרכך קרטין 750,גרמים,750.00,100 גרם,false,,24.90,0.0332,true,1,5455508
7290016866728,false,סטייל מסכה קרטין E 500 מל לשיקום שיער יב,סטייל Style,IL,סטייל מסכה קרטין 750,מיליליטרים,750.00,"100 מ""ל",false,,27.90,0.0372,true,1,5455509
7290016866902,false,זוג סבון ידיים סטייל 1 לי,,,זוג סבון ידיים סטייל,ליטרים,1.00,ליטר,false,,9.80,9.8000,true,1,5093086
7290016867008,false,"לחם כוסמין מחמצת ד""ר מרק",המאפה של דר' מארק,IL,לחם מחמצת כוסמין 750,גרמים,750.00,100 גרם,false,,16.90,0.0225,true,1,7927901
7290016867053,false,לחם קל כוסמין בתוספת מחמצת 450 גרם,המאפה של דר מרק בריא,IL,לחם קל כוסמין בתוספת,יח',1.00,יח',false,,18.90,18.9000,true,1,8331368
7290016867114,false,לחם כוסמין קל מלא 500 גר',המאפה של דר מרק בריא,IL,לחם קל כוסמין מלא,יח',1.00,יח',false,,17.90,17.9000,true,1,8279184
7290016867152,false,"מארז פיתות קלות כוסמין 5 יחידות ד""ר מרק",המאפה של דר מרק בריא,IL,פיתות קלות מקמח כוסמ,גרמים,330.00,100 גרם,false,,13.50,0.0409,true,1,7927906
7290016867176,false,"מארז לחמניות קלות כוסמין שומשום במתיקות מעודמת 5 יחידות ד""ר מרק",המאפה של דר מרק,IL,לחמניות קלות כוסמין,יח',1.00,יח',false,,13.90,13.9000,true,1,8030391
7290016867237,false,"לחם קל כוסמין במתיקות מעודנת ד""ר מרק",המאפה של דר מרק בריא,IL,לחם קל כוסמין במתיקו,גרמים,400.00,100 גרם,false,,18.90,0.0472,true,1,8222675
7290016867282,false,"מארז פיתות כוסמין מלא 8 יח' ד""ר מרק",המאפה של דר' מארק,IL,פיתות כוסמין מלא 8יח,יח',18.00,יח',false,,17.90,0.9944,true,1,8481341
7290016882414,false,קונפיטורה שזיפים 70% פרי 450 גרם שקדיה,דין שיווק,TR,קונפיטורה שזיף 70% פ,גרמים,450.00,100 גרם,false,,10.90,0.0242,true,1,8446896
7290016898705,false,שקיות נייר לכריכים 19/24 שמאי 50 יח',,,שקיות אוכל מנייר 50,יחידה,0.00,יחידה,false,,6.90,0.0000,true,1,8474889
7290016912500,false,"ד""ר פישר - אפקטיב קר תרחיץ פנים לעור רגיש 180 מ""ל",פישר מעבדות פרמצבטיות בע,IL,אפקטיב קר תרחיץ פנים,מיליליטרים,180.00,"100 מ""ל",false,,17.90,0.0994,true,1,5176002
7290016967074,false,לחם חיטה מלאה עם גרעינים ודגנים,מאפיית שלמה א. אנג'\ל בע,IL,לחם חיטה מלאה 750 ג,גרמים,750.00,100 גרם,false,,15.90,0.0212,true,1,4081309
7290016967456,false,לחם צרפתי מחמצת 100% כוסמין 600 ג' אנג'ל,"מאפיית אנג'\ל בעמ, מקבוצ",IL,לחם צרפתי כוסמין 100,גרמים,600.00,100 גרם,false,,16.90,0.0282,true,1,4912790
7290017023854,false,מי סודה בקבוקים אישיים - מארז 4 יח',יפאורה תבורי בעמ,IL,שוופס סודה רביעייה 2,ליטרים,1.00,ליטר,false,,9.90,9.9000,true,1,7186839
7290017023861,false,סודה בטעם לימון בקבוקים אישיים - מארז 4 יח',יפאורה תבורי בעמ,IL,שוופס סודה רביעייה 2,ליטרים,1.00,ליטר,false,,9.90,9.9000,true,1,7186840
7290017023878,false,סודה בטעם נענע ליים בקבוקים אישיים - מארז 4 יח',יפאורה תבורי בעמ,IL,שוופס סודה רביעייה 2,ליטרים,1.00,ליטר,false,,9.90,9.9000,true,1,7186841
7290017031477,false,"סנסודיין משחת שיניים רפיד רליף להלבנה 75 מ""ל","סמיתקליין ביצ'ם בע""מ",GB,משחת סנסודיין רפיד ר,יח',1.00,יח',false,,23.90,23.9000,true,1,7411439
7290017031705,false,"סנסודיין משחת שיניים קלין & פרש 75 מ""ל",גלקסוס סמית קליין,SK,סנסודיין קלין פרש 75,מטרים,75.00,100 מ'ל,false,,21.90,0.2920,true,1,6960932
7290017031811,false,פרודונטקס מברשת שיניים אקסטרא סופט א.זוג,גלקסוסמיתקליין,CN,זוג מברשות שיניים פר,יח',1.00,יח',false,,19.90,19.9000,true,1,7500863
7290017031859,false,"פרודונטקס - משחת שיניים אולטרא קלין 75 מ""ל","מאסטרפוד אוסטריה בע""מ",SK,פרודונטקס אולטרא קלי,מטרים,75.00,100 מ'ל,false,,30.90,0.4120,true,1,6960933
7290017040028,false,מארז דונאטס טריו מידי 9 יח',"פופאיס ברלידון סאסו, ראו",DE,מארז דונאטס טריו מיד,גרמים,276.00,100 גרם,false,,18.90,0.0685,true,1,8479156
7290017040035,false,מארז מיני דונאטס במילוי 8 יח',,DE,מארז דונאטס מיני במי,גרמים,184.00,100 גרם,false,,18.90,0.1027,true,1,8479157
7290017040271,false,מארז בראוניז שוקולד בלגי 8 יח',,,בראוניז שוקולד בלגי,גרמים,240.00,100 גרם,false,,18.90,0.0787,true,1,8479158
7290017058139,false,רביעיית מחית תפוח עץ ותות שדה תומר 113 גרם,אינדיאן סאמר קו אופ אינק,US,רסק תפוח עץ עם תות ש,גרמים,452.00,100 גרם,false,,10.70,0.0237,true,1,5910155
7290017058146,false,"רסק תפוֿֿֿֿ""ע עם אפרסק 4 יח' 12X",אינדיאן סאמר קו אופ אינק,US,"רסק תפו""""ע עם אפרסק",יח',1.00,יח',false,,10.70,10.7000,true,1,5910156
7290017058573,false,תומר פרוסות פלפל חלפיניו בחומץ 340 גרם,אינדיה אגרו אקספורט,IN,פרוסות פלפל חלפיניו,גרמים,340.00,100 גרם,false,,6.50,0.0191,true,1,8314889
7290017058689,false,זית שחור טבעי תומר 4,מסנוי גידה רעהס,TR,זית שחור טבעי 400גר,גרמים,400.00,100 גרם,false,,12.90,0.0323,true,1,7722538
7290017062204,false,מרכך כביסה מרוכז 1לי רמילוי,,,מרכך כביסה מרוכז 1לי,ליטרים,1.00,ליטר,false,,9.50,9.5000,true,1,6577591
7290017062211,false,מרכך כביסה מרוכז 1לי רמילוי ירוק,,,מרכך כביסה מרוכז 1לי,ליטרים,1.00,ליטר,false,,9.50,9.5000,true,1,6577592
7290017079127,false,פתיתים קוסקוס 500ג רמילוי,,,פתיתים קוסקוס 500ג ר,גרמים,500.00,100 גרם,false,,3.90,0.0078,true,1,6908318
7290017079134,false,פתיתים אורז 500ג רמילוי,,,פתיתים אורז 500ג רמי,גרמים,500.00,100 גרם,false,,3.90,0.0078,true,1,6908319
7290017079769,false,מחית תפוח עץ ובננה בפאוץ פריטוב קידס,פרוטה פודיוין איי.אס,CZ,מחית תפוע ובננה בפאו,יח',1.00,יח',false,,3.90,3.9000,true,1,8311387
7290017079783,false,מחיות פאוץ' תפוח עץ פריטוב 120 גרם,פרוטה פודיוין איי.אס,CZ,מחית תפוע בפאוץ כשלפ,יח',1.00,יח',false,,3.90,3.9000,true,1,8311389
7290017088051,false,בייביסיטר - חיתולי סטנדרט מידה 3 - 52 יח',די.פי.אל תעשיות מוצרים ח,IL,בייביסיטר משופר מידה,יח',1.00,יח',false,,32.90,32.9000,true,1,6151742
7290017088501,false,תחבושות טופ פד אקסטרה לונג 20 יח',D.P.L,IT,טופ פד אקסטרה לונג 2,יח',1.00,יח',false,,8.90,8.9000,true,1,8270676
7290017088679,false,מגבוני ביביבסיק מארז שביעייה 72 יח',,,מגבונים ביבי 7 יחידו,יח',1.00,יח',false,,14.90,14.9000,true,1,8280846
7290017088693,false,קוויק מטליות לחות לניקוי וחיטוי רצפות ניחוח לוונדר 10 יחידות,די.פי.אל,IL,קוויק מטליות ניקוי ר,יח',1.00,יח',false,,8.90,8.9000,true,1,8227580
7290017088822,false,BREEZE תחבושות לבריחת שתן אקסטרה (10 יח'),ניאופארם,IT,תחבושות בריז אקסטרה,יח',1.00,יח',false,,14.90,14.9000,true,1,8325083
7290017088846,false,BREEZE תחבושות לבריחת שתן מקסי (8 יח'),ניאופארם,IT,תחבושות בריז מקסי 8,יח',1.00,יח',false,,14.90,14.9000,true,1,8325085
7290017088969,false,חיתולי בייביסיטר ניו בורן מידה 1 42 יח',די.פי.אל תעשיות מוצרים ח,IL,חיתולי בייביסיטר ביי,יח',1.00,יח',false,,25.90,25.9000,true,1,8356984
7290017105062,false,גרגירי חומוס שלם יכין הקטניה הטובה 200 ג,היינץ צפון אמריקה מק,IL,חומוס יכין הקטניה הט,גרמים,105.00,100 גרם,false,,3.90,0.0371,true,1,5378742
7290017105079,false,שעועית לבנה ברוטב עגבניות יכין הקטניה הט,היינץ צפון אמריקה מק,IL,שעועית לבנה ברוטב עג,גרמים,105.00,100 גרם,false,,3.90,0.0371,true,1,5378854
7290017105086,false,שימורי יכין שעועית צילי 200 גר,"זנלכל בע""\מ",IL,שעועית צ'ילי יכין הק,גרמים,105.00,100 גרם,false,,3.90,0.0371,true,1,5378855
7290017105116,false,תורמוס הקטניה הטובה יכין 200/105 גרם,"זנלכל בע""\מ",IL,תורמוס יכין הקטניה ה,גרמים,105.00,100 גרם,false,,3.90,0.0371,true,1,5378858
7290017105468,false,אפונה גינה עדינה ואקום יכין שלישיה * 200 ג',קשקמט קונסרב הונגריה,IL,אפונה קטנה יכין 200,גרמים,360.00,100 גרם,false,,14.90,0.0414,true,1,8093073
7290017105550,false,רביעיית רסק עגבניות 100% יכין 4X100 גרם,היינץ צפון אמריקה מק,IL,רוטב 100% עגבניה רב,גרמים,400.00,100 גרם,false,,11.90,0.0298,true,1,8216662
7290017105895,false,גרגרי חומוס להכנת חומוס משובח יכין 560 ג,זנלכל,IL,גרגרי חומוס להכנת חו,יח',1.00,יח',false,,9.90,9.9000,true,1,8263038
7290017106069,false,יכין קוביות סלק מבושלות 550 גרם,היינץ צפון אמריקה מק,IL,קוביות סלק יכין 550,גרמים,550.00,100 גרם,false,,9.90,0.0180,true,1,8220470
7290017121048,false,"פלפל צ'ומה 250 גרם ""עללחם""","מדשא תעשיות מזון בע""\מ",IL,עללחם פלפל צ'ומה 250,גרמים,250.00,100 גרם,false,,12.90,0.0516,true,1,7571297
7290017121086,false,"אריסה ביתית מתוקה עללחם, 250 גרם","מדשא תעשיות מזון בע""\מ",IL,עללחם אריסה ביתית מת,גרמים,250.00,100 גרם,false,,12.90,0.0516,true,1,8374552
7290017121093,false,"אריסה חריפה 250 גרם ""עללחם""","מדשא תעשיות מזון בע""\מ",IL,עללחם אריסה חריפה 25,גרמים,250.00,100 גרם,false,,12.90,0.0516,true,1,7571298
7290017129495,false,אגו מיקס כדורי תירס מצופים שוקולד חלב כרמית 55 גרם,כרמית תעשיות ממתקים בעמ,IL,אגו מיקס כדורי תירס,גרמים,55.00,100 גרם,false,,3.90,0.0709,true,1,5608509
7290017129518,false,אגו מיקס כדורי תירס מצופים שוקולד חלב ולבן כרמית 55 גרם,כרמית תעשיות ממתקים,IL,אגו מיקס כדורי תירס,גרמים,55.00,גרם,false,,3.90,0.0709,true,1,5608511
7290017129549,false,סוכריות לקקן גלידה כרמית 90 גרם,כרמית,TR,לקקן גלידה 90 גר,100 יח',90.00,100 יח',false,,4.90,0.0544,true,1,6960842
7290017129617,false,לקקן קולה לימונדה 450 גרם כרמית,שוגבי,TR,לקקן קולה לימונדה 45,יח',1.00,יח',false,,12.90,12.9000,true,1,6448844
7290017129624,false,כרמית לקקן ענבים תפוח 450 גרם,שוגבי,TR,לקקן ענבים תפוח 450,גרמים,450.00,100 גרם,false,,13.90,0.0309,true,1,6448845
7290017129754,false,"שוקולד מריר מעולה 70% מוצקי קקאו 100 גר בד""ץ","כרמית תעשיות ממתקים בע""\",IL,שוקולד 70% קלאסי כשל,גרמים,100.00,100 גרם,false,,7.80,0.0780,true,1,6448848
7290017129778,false,שוקולד פרימיום 70% מריר בטעם קפה כרמית 100 גרם,"כרמית תעשיות ממתקים בע""\",IL,שוקולד פרימיום 70% ק,גרמים,100.00,גרם,false,,7.80,0.0780,true,1,6448850
7290017129846,false,עוגיות מיני קוקיס בטעם קרמל בצנצנת כרמית 600 גרם,קריות זול,IL,עוגיות מיני קוקיס בט,גרמים,600.00,100 גרם,false,,15.90,0.0265,true,1,6567551
7290017129877,false,מיקס לקקנים שטוחים פירות 40*7.5 גר' * 24 בקר',דורקן סקרלמה סאן. וי,TR,מיקס לקקנים שטוחים 4,גרמים,300.00,100 גרם,false,,9.90,0.0330,true,1,6778052
7290017129884,false,חמישיות שוקולד מריר 44% 85 גר*5*12 בקרטון,"כרמית תעשיות ממתקים בע""\",IL,חמישיית שוקלד מריר 6,גרמים,425.00,100 גרם,false,,14.90,0.0351,true,1,6591313
7290017129983,false,שוקולד צ'יפס לבן פרווה כרמית 250 גרם,"כרמית תעשיות ממתקים בע""\",IL,אגו שוקו צ'יפס לבן 2,גרמים,250.00,100 גרם,false,,8.90,0.0356,true,1,7122303
7290017140254,false,קמח כוסמת ירוקה 500 גרם,אופק מן הטבע,IL,קמח כוסמת ירוקה 500,גרמים,500.00,100 גרם,false,,13.70,0.0274,true,1,8303201
7290017142005,false,"שמן קוקוס אורגני כתית 320 מ""ל עץ הזית",אקספלונקה,LK,שמן קוקוס אורגני כתי,מיליליטרים,320.00,"100 מ""ל",false,,23.90,0.0747,true,1,4691703
7290017142012,false,שמן קוקוס אורגני כתית 500 מל עץ הזית,אקספולנקה,LK,שמן קוקוס אורגני כתי,מיליליטרים,500.00,"100 מ""ל",false,,39.80,0.0796,true,1,4691704
7290017142128,false,"שמן זית כתית מעולה קלאסי עץ הזית 750 מ""ל",שמן תעשיות בעמ,IT,שמן זית כתית מעולה ק,מיליליטרים,750.00,"100 מ""ל",false,,32.80,0.0437,true,1,5674490
7290017142166,false,"פילה טונה פרוס עם שמן זית 120 גרם ""עץ הזית""","יוניקורד ח.צ בע""מ",TH,עץ הזית פילה טונה פר,יח',1.00,יח',false,,14.90,14.9000,true,1,7360155
7290017142180,false,פילה פרוס ושמן זית בנגיעות טעם לימון ופלפל שחור,"יוניקורד ח.צ בע""מ",TH,עץ הזית פילה טונה פר,יח',1.00,יח',false,,14.90,14.9000,true,1,7360156
7290017142289,false,"תרסיס שמן חמניות לל""ת גז עץ הזית 200מ""ל",י.ב טכנולוגיות אריזה בעמ,IT,תרסיס שמן חמניות עץ,מיליליטרים,200.00,"100 מ""ל",false,,15.70,0.0785,true,1,7124993
7290017142388,false,שמן חמניות פלוס אומגה 3 עץ הזית 1 ליטר,שמן תעשיות בעמ,IL,שמן חמניות פלוס 1 לי,יח',1.00,יח',false,,14.90,14.9000,true,1,7656092
7290017142395,false,"LUNCH TO GO פסטה עם טונה בשמן זית 160 גרם ""עץ הזית""",יוניקורד ח.צ בעמ,TH,עץ הזית ארוחה טונה ע,גרמים,160.00,100 גרם,false,,13.90,0.0869,true,1,8107957
7290017142418,false,"LUNCH TO GO אורז עם עדשים טונה בשמן זית 160 גרם ""עץ הזית""",יוניקורד ח.צ בעמ,TH,עץ הזית ארוחה טונה ע,גרמים,160.00,100 גרם,false,,13.90,0.0869,true,1,8107958
7290017142456,false,מארז נתחי טונה בהירה בשמן זית 2 * 160 ג' עץ הזית,יוניקורד ח.צ בעמ,TH,עץ הזית זוג נתחי טונ,גרמים,320.00,100 גרם,false,,27.80,0.0869,true,1,8107959
7290017142487,false,"LUNCH TO GO בורגול עם חומוס טונה בשמן זית 160 גרם ""עץ הזית""",יוניקורד ח.צ בעמ,TH,עץ הזית ארוחהבורגול,גרמים,160.00,100 גרם,false,,13.90,0.0869,true,1,8324902
7290017142500,false,תרסיס שמן זית כתית מעולה בטעם שום 150מל,קומטמפ קומפניה פורטו,IT,תרסיס שמן זית כתית ב,מטרים,150.00,100 מ'ל,false,,16.90,0.1127,true,1,8434842
7290017142609,false,תרסיס שמן זית כתית בטעם לימון 150,קונפניה,IT,תרסיס שמן זית כתית ב,מטרים,150.00,100 מ'ל,false,,16.90,0.1127,true,1,8434843
7290017153148,false,חלב מרוכז פוליבה 300גר' בדץ,פוליבה בעמ,IL,חלב מרוכז 300 גר,גרמים,300.00,100 גרם,false,,12.70,0.0423,true,1,5175286
7290017189260,false,מיני פנקייק הולנדי 500ג רמילוי,,,מיני פנקייק הולנדי 5,גרמים,500.00,100 גרם,false,,22.90,0.0458,true,1,7446191
7290017189277,false,קרפ הולנדי אפוי 600ג רמי לוי,,,קרפ הולנדי אפוי 600ג,גרמים,600.00,100 גרם,false,,20.90,0.0348,true,1,7446192
7290017189413,false,טבעות בצל שלמות בציפוי טמפורה,משק ויילר,ES,טבעות בצל שלמות בציפ,גרמים,600.00,100 גרם,false,,13.50,0.0225,true,1,8225976
7290017197067,false,מגבונים בייבי בישום עדין 100 יח רמי לוי,,,מגבונים בייבי בישום,100 יח',100.00,100 יח',false,,5.60,0.0560,true,1,5450739
7290017197142,false,שמפו נועה נגד קשקשים 750 מל רמי לוי,,,שמפו נועה נגד קשקשים,מיליליטרים,750.00,"100 מ""ל",false,,7.90,0.0105,true,1,5580871
7290017197159,false,שמפו ומרכך 2 ב1 נועה נגד קשקשים 750 מל רמי לוי,,,שמפו ומרכך 2 ב1 נועה,מיליליטרים,750.00,"100 מ""ל",false,,7.90,0.0105,true,1,5580872
7290017197296,false,שמפו נועה לילדים 750 מל רמי לוי,,,שמפו נועה לילדים 750,מיליליטרים,750.00,"100 מ""ל",false,,8.50,0.0113,true,1,5580873
7290017197302,false,שמפו ומרכך לילדים 2 ב-1 נועה 750 מל רמי לוי,,,שמפו ומרכך לילדים 2,מיליליטרים,750.00,"100 מ""ל",false,,8.50,0.0113,true,1,5580895
7290017197319,false,מרכך לילדים נועה 750 מל רמי לוי,,,מרכך לילדים נועה 750,מיליליטרים,750.00,"100 מ""ל",false,,8.50,0.0113,true,1,5580851
7290017197388,false,מגבונים הפי דייז מבושם 72*6 רמי לוי,,,מגבונים הפי דייז מבו,יח',72.00,יח',false,,19.90,0.2764,true,1,5450742
7290017197395,false,מגבונים הפי דייז ללא בישום 72*6 רמי לוי,,,מגבונים הפי דייז ללא,יח',72.00,יח',false,,19.90,0.2764,true,1,5450743
7290017197425,false,מגבונים בייבי מבושם 4*72 רמי לוי,,,מגבונים בייבי מבושם,יח',4.00,יח',false,,14.90,3.7250,true,1,5450744
7290017197432,false,מגבונים בייבי ללא בישום 4*72 רמי לוי,,,מגבונים בייבי ללא בי,יח',4.00,יח',false,,14.90,3.7250,true,1,5450745
7290017197449,false,מגבונים בייבי לעור רגיש 4*72 רמי לוי,,,מגבונים בייבי לעור ר,יח',4.00,יח',false,,14.90,3.7250,true,1,5450746
7290017197500,false,שמפו נועה לשיער יבש 750 מל רמי לוי,,,שמפו נועה לשיער יבש,מיליליטרים,750.00,"100 מ""ל",false,,7.90,0.0105,true,1,5580915
7290017197517,false,שמפו נועה לשיער רגיל 750 מל רמי לוי,,,שמפו נועה לשיער רגיל,מיליליטרים,750.00,"100 מ""ל",false,,7.90,0.0105,true,1,5580916
7290017197524,false,שמפו נועה לשיער רגיל מרוקאי 750 מל רמי לוי,,,שמפו נועה לשיער רגיל,מיליליטרים,750.00,"100 מ""ל",false,,7.90,0.0105,true,1,5580917
7290017197531,false,מרכך נועה לשיער יבש 750 מל רמי לוי,,,מרכך נועה לשיער יבש,מיליליטרים,750.00,"100 מ""ל",false,,7.90,0.0105,true,1,5580874
7290017197548,false,מרכך נועה מרוקאי לשיער רגיל 750 מל רמי לוי,,,מרכך נועה מרוקאי לשי,מיליליטרים,750.00,"100 מ""ל",false,,7.90,0.0105,true,1,5580875
7290017197555,false,מרכך נועה לשיער רגיל 750 מל רמי לוי,,,מרכך נועה לשיער רגיל,מיליליטרים,750.00,"100 מ""ל",false,,7.90,0.0105,true,1,5580876
7290017197616,false,אל סבון בניחוח פירות 1 ליטר,,,אל סבון בניחוח פירות,ליטרים,1.00,ליטר,false,,7.90,7.9000,true,1,5580918
7290017197630,false,אל סבון בניחוח ים 1 ליטר,,,אל סבון בניחוח ים 1,ליטרים,1.00,ליטר,false,,7.90,7.9000,true,1,5580920
7290017197647,false,אל סבון בניחוח מאסק 1 ליטר,,,אל סבון בניחוח מאסק,ליטרים,1.00,ליטר,false,,7.90,7.9000,true,1,5580921
7290017197654,false,מטליות לחות לניקוי ר,,,מגבוני רצפה -רמי לוי,יח',1.00,יח',false,,8.90,8.9000,true,1,5580940
7290017197678,false,מגבוני ניקיון שלישייה -רמי לוי,,,מגבוני ניקיון שלישיי,יח',3.00,יח',false,,14.90,4.9667,true,1,5580941
7290017197838,false,שמפו וגל רחצה לגבר נועה,,,שמפו וגל רחצה לגבר נ,מיליליטרים,750.00,"100 מ""ל",false,,8.50,0.0113,true,1,6961093
7290017197944,false,סבון קצף לידיים אלוורה,,,סבון קצף לידיים אלוו,מיליליטרים,500.00,"100 מ""ל",false,,6.90,0.0138,true,1,7967256
7290017197975,false,סבון קצף לילדים ענבים 500מל רמילוי,,,סבון קצף לילדים ענבי,מיליליטרים,500.00,"100 מ""ל",false,,6.90,0.0138,true,1,8221399
7290017197999,false,אלסבון לידיים ולגוף לבנדר 500מל רמילוי,,,אלסבון לידיים ולגוף,מיליליטרים,500.00,"100 מ""ל",false,,5.90,0.0118,true,1,8260636
7290017239804,false,נתחי פילה דג בקלה בציפוי,,,נתחי פילה דג בקלה בצ,גרמים,400.00,100 גרם,false,,14.90,0.0373,true,1,8336400
7290017260006,false,שמן פארפין למאור 1 ליטר,,,שמן פארפין למאור 1לי,יח',1.00,יח',false,,27.90,27.9000,true,1,8282882
7290017266602,false,וופל קראנץ טעם שוקולד 150ג רמילוי,,,וופל קראנץ טעם שוקול,גרמים,150.00,100 גרם,false,,2.90,0.0193,true,1,8245446
7290017266619,false,וופל קראנץ טעם אגוז 150ג רמילוי,,,וופל קראנץ טעם אגוז,גרמים,150.00,100 גרם,false,,2.90,0.0193,true,1,8245447
7290017266633,false,וופל רול טעם שוקולד 100ג רמילוי,,,וופל רול טעם שוקולד,יח',1.00,יח',false,,2.90,2.9000,true,1,8245423
7290017289182,false,"יין ישראלי לבן חצי יבש אפרת 750 מ""ל",יקב טפרברג 1870 בעמ,IL,לבן חצי יבש סדרת ישר,מיליליטרים,750.00,"100 מ""ל",false,,19.50,0.0260,true,1,7103471
7290017289595,false,"יין אינספייר בלנד אדום יבש 150 שנה 750 מ""ל",יקב טפרברג 1870 בעמ,IL,אינספייר בלנד אדום 7,מיליליטרים,750.00,"100 מ""ל",false,,64.90,0.0865,true,1,8243236
7290017289618,false,"יין IMPRESSION פטיט סירה 150 שנה טפרברג 750 מ""ל",יקב טפרברג 1870 בעמ,IL,פטיט סירה אימפרשן 75,מיליליטרים,750.00,"100 מ""ל",false,,44.90,0.0599,true,1,8241222
7290017289908,false,"יין למברוסקו אלגרו אדום 750 מ""ל",יקב טפרברג 1870 בעמ,IL,אלגרו למברוסקו אדום,מטרים,750.00,100 מ'ל,false,,34.90,0.0465,true,1,8374614
7290017296142,false,בריא מהטבע גרנולה שוקולד חלבה 400 גר,פנינה רוזנבלום,IL,בריא מהטבע גרנולה שו,גרמים,400.00,100 גרם,false,,24.90,0.0622,true,1,8239930
7290017297309,false,עדשים ירוקות מבושלות רמי לוי,,,עדשים ירוקות מבושלות,יח',1.00,יח',false,,13.90,13.9000,true,1,8312918
7290017297316,false,שעועית אדומה מבושלת מוקפאת רמי לוי,,,שעועית אדומה מבושלת,יח',1.00,יח',false,,13.90,13.9000,true,1,8312942
7290017297347,false,רוטב עגבניות מרוכז 28 580 גרם רמי לוי,,,רוטב עגבניות מרוכז 2,גרמים,580.00,100 גרם,false,,5.90,0.0102,true,1,8372519
7290017297354,false,רוטב עגבניות מרוכז 100גר רמילוי,,,רוטב עגבניות מרוכז 1,גרמים,100.00,100 גרם,false,,1.40,0.0140,true,1,8341247
7290017297361,false,רוטב עגבניות 240 גר רמילוי,,,רוטב עגבניות 240 גר,גרמים,240.00,100 גרם,false,,2.90,0.0121,true,1,8341607
7290017304885,false,לחם שיפון מחיטה מלאה ללא תוספת סוכר 750 ג' אנג'ל,מאפיית שלמה א. אנג'\ל בע,IL,לחם שיפון וחיטה מלאה,גרמים,750.00,100 גרם,false,,16.90,0.0225,true,1,7715990
7290017334042,false,אורז יסמין 5 קג רמי לוי,,,אורז יסמין 5 קג רמי,קילוגרמים,5.00,"ק""ג",false,,36.90,7.3800,true,1,5849125
7290017374987,false,מטליות רב שימושיות צהוב רמי לוי,,,מטליות רב שימושיות צ,יח',1.00,יח',false,,19.50,19.5000,true,1,6763318
7290017389967,false,ערמונים קלופים 100 גר קליית השקמה,,,ערמונים קלופים 100 ג,גרמים,100.00,100 גרם,false,,4.90,0.0490,true,1,5818089
7290017390383,false,גרנולה צימוקים אגוזים שקדים 1 קג,,,גרנולה צימוקים אגוזי,גרמים,1000.00,100 גרם,false,,19.70,0.0197,true,1,5817960
7290017390390,false,"גרנולה פירות 1 ק""ג -",,,גרנולה פירות 1 קג,גרמים,1000.00,100 גרם,false,,19.70,0.0197,true,1,5817961
7290017390413,false,"מיזלי פירות 1 ק""ג -",,,מיזלי פירות 1 קג,גרמים,1000.00,100 גרם,false,,19.70,0.0197,true,1,5817981
7290017390420,false,"מיזלי צימוקים ותפ""ע 1 קג",,,"מיזלי צימוקים ותפ""ע",גרמים,1000.00,100 גרם,false,,19.70,0.0197,true,1,5817982
7290017390475,false,מטבעות שוקולד מריר לאפיה 300 גר,,,מטבעות שוקולד מריר ל,גרמים,300.00,100 גרם,false,,10.90,0.0363,true,1,5818005
7290017390482,false,מטבעות שוקולד חלב לאפיה 300 גר,,,מטבעות שוקולד חלב לא,גרמים,300.00,100 גרם,false,,10.90,0.0363,true,1,5818006
7290017390505,false,מטבעות שוקולד ציפס מריר לאפיה 300 גר,,,מטבעות שוקולד ציפס מ,גרמים,300.00,100 גרם,false,,9.90,0.0330,true,1,5818008
7290017390512,false,סוכריות גומי נחשים פ,,,סוכריות גומי נחשים פ,גרמים,300.00,100 גרם,false,,9.90,0.0330,true,1,5818009
7290017390529,false,סוכריות גומי דובונים פירות 300 גר,,,סוכריות גומי דובונים,גרמים,300.00,100 גרם,false,,9.90,0.0330,true,1,5818010
7290017390543,false,סוכריות גומי מסוכרות,,,סוכריות גומי טעם בננ,גרמים,300.00,100 גרם,false,,9.90,0.0330,true,1,5818012
7290017390550,false,סוכריות גומי טעם אפרסק 300 גר,,,סוכריות גומי טעם אפר,גרמים,300.00,100 גרם,false,,9.90,0.0330,true,1,5818013
7290017390567,false,סוכריות גומי נחשים ב,,,סוכריות גומי נחשים 3,גרמים,300.00,100 גרם,false,,9.90,0.0330,true,1,5818014
7290017390574,false,סוכריות גומי טעם אבטיח 300 גר,,,סוכריות גומי טעם אבט,גרמים,300.00,100 גרם,false,,9.90,0.0330,true,1,5818033
7290017390604,false,סוכריות גומי צורת בי,,,סוכריות גומי צורת בי,גרמים,300.00,100 גרם,false,,9.90,0.0330,true,1,5818054
7290017390635,false,שקד בציפוי שוקולד לבן 250 גר,,,שקד בציפוי שוקולד לב,גרמים,250.00,100 גרם,false,,15.90,0.0636,true,1,5818057
7290017390727,false,אגוז פקאן שוקולד מרי,,,אגוז פקאן שוקולד מרי,גרמים,250.00,100 גרם,false,,15.90,0.0636,true,1,5818066
7290017390734,false,פקאן בציפוי שוקולד לבן 250 גר,,,פקאן בציפוי שוקולד ל,גרמים,250.00,100 גרם,false,,15.90,0.0636,true,1,5818067
7290017390741,false,סוכריות מנטול ירוק 2,,,סוכריות מנטול ירוק 2,גרמים,220.00,100 גרם,false,,9.90,0.0450,true,1,5818068
7290017390758,false,סוכריות מנטול כחול 220 גר,,,סוכריות מנטול כחול 2,גרמים,220.00,100 גרם,false,,9.90,0.0450,true,1,5818069
7290017390772,false,סוכריות מטלוס חמאה 2,,,סוכריות מטלוס חמאה 2,גרמים,220.00,100 גרם,false,,9.90,0.0450,true,1,5818090
7290017390796,false,חטיפי שומשום 250 גר',,,חטיפי שומשום 250 גר,גרמים,250.00,100 גרם,false,,9.90,0.0396,true,1,5818092
7290017390802,false,חטיפי קוקוס 250 גר',,,חטיפי קוקוס 250 גר,גרמים,250.00,100 גרם,false,,9.90,0.0396,true,1,5818093
7290017390819,false,חטיפי בוטנים 250 גר',,,חטיפי בוטנים 250 גר,גרמים,250.00,100 גרם,false,,9.90,0.0396,true,1,5818094
7290017406367,false,אורז פרסי 1קג זיפר רמילוי,,,אורז פרסי 1קג זיפר ר,גרמים,1000.00,100 גרם,false,,6.70,0.0067,true,1,6917845
7290017406381,false,פירורי לחם מתובלים ג,,,פירורי לחם מתובלים ג,מיליליטרים,500.00,"100 מ""ל",false,,7.90,0.0158,true,1,7262031
7290017406435,false,אורז בסמטי חום טאג' מאהל רמילוי,,,אורז בסמטי חום טאג',יח',1.00,יח',false,,9.90,9.9000,true,1,8307004
7290017406589,false,אורז בסמטי טאג' מאהל 1קג רמילוי,,,אורז בסמטי טאג' מאהל,גרמים,1000.00,100 גרם,false,,10.90,0.0109,true,1,8236494
7290017406619,false,פירורי לחם לבנים 1קג רמילוי,,,פירורי לחם לבנים 1קג,גרמים,1000.00,100 גרם,false,,9.90,0.0099,true,1,8262331
7290017406626,false,פירורי לחם מוזהבים 1קג רמילוי,,,פירורי לחם מוזהבים 1,גרמים,1000.00,100 גרם,false,,9.90,0.0099,true,1,8262332
7290017406688,false,טורטיה בסיס להכנת פיצה רמי לוי,,,טורטיה בסיס להכנת פי,גרמים,320.00,100 גרם,false,,9.90,0.0309,true,1,8361887
7290017406695,false,מיני טורטיה מקמח חיטה וסובין רמי לוי,,,מיני טורטיה מקמח חיט,גרמים,250.00,100 גרם,false,,7.90,0.0316,true,1,8361888
7290017406701,false,טורטיה עם קמח תירס רמי לוי,,,טורטיה עם קמח תירס ר,גרמים,360.00,100 גרם,false,,8.90,0.0247,true,1,8361889
7290017406718,false,מיני טורטיה מקמח חיטה רמי לוי,,,מיני טורטיה מקמח חיט,גרמים,250.00,100 גרם,false,,7.90,0.0316,true,1,8361890
7290017406732,false,חרדל דיג'ון 350גר רמילוי,,,חרדל דיג'ון 350גר רמ,גרמים,350.00,100 גרם,false,,7.90,0.0226,true,1,8322205
7290017406817,false,טורטיה קמח חיטה רמי לוי,,,טורטיה קמח חיטה רמי,גרמים,360.00,100 גרם,false,,8.90,0.0247,true,1,8361891
7290017406824,false,טורטיה קמח חיטה וסובין רמי לוי,,,טורטיה קמח חיטה וסוב,גרמים,360.00,100 גרם,false,,8.90,0.0247,true,1,8361892
7290017406848,false,פתי בר וניל 300גר רמילוי,,,פתי בר וניל 300גר רמ,גרמים,300.00,100 גרם,false,,4.50,0.0150,true,1,8381728
7290017440804,false,ד.פישר סילבר מסכת הזנה לשיער כסוף 300 מ,מדי פישר,IL,סילבר מסכה לשיער כסו,יח',1.00,יח',false,,39.90,39.9000,true,1,7820827
7290017457574,false,כדוריות סבון נתלה לאסלה בניחוח פרחים - 3 יח',הנקל סוד,RS,סוד כדוריות לאסלה פר,גרמים,204.00,100 גרם,false,,14.80,0.0725,true,1,7411421
7290017457628,false,גל כביסה סוד טוטאל כחול 2.5 ליטר,הנקל סוד,IL,סוד ג'ל כביסה טוטל כ,ליטרים,2.50,ליטר,false,,24.90,9.9600,true,1,8240911
7290017457710,false,"סוד ארומתרפי סגול מרכך כביסה מרוכז20%+בישום 900 מ""ל",הנקל,IL,סוד מרכך מרוכז ארומה,מיליליטרים,900.00,"100 מ""ל",false,,9.40,0.0104,true,1,7411447
7290017457727,false,"סוד כחול מרכך כביסה מרוכז20%+בישום 900 מ""ל",הנקל סוד,IL,סוד מרכך מרוכז 900 מ,מיליליטרים,900.00,"100 מ""ל",false,,9.40,0.0104,true,1,7411448
7290017457734,false,"סוד ורוד מרכך כביסה מרוכז20%+בישום 900 מ""ל",הנקל סוד,IL,סוד מרכך מרוכז ורוד,מיליליטרים,900.00,"100 מ""ל",false,,9.40,0.0104,true,1,7411449
7290017457888,false,סוד ג'ל כביסה טוטל כחול 4 לי,הנקל סוד,IL,סוד ג'ל כביסה טוטל כ,ליטרים,4.00,ליטר,false,,34.50,8.6250,true,1,8240936
7290017457925,false,סוד מרכך כביסה מרוכז פרש קונטרול ורוד,הנקל סוד,IL,סוד מרכך מרוכז ורוד,מיליליטרים,900.00,"100 מ""ל",false,,9.40,0.0104,true,1,8271028
7290017457932,false,סוד מרכך כביסה מרוכז פרש קונטרול כחול,הנקל סוד,IL,סוד מרכך מרוכז כחול,מיליליטרים,900.00,"100 מ""ל",false,,9.40,0.0104,true,1,8271029
7290017487045,false,"עירית בנספק ""שדות בעמק""",חקלאי,IL,עירית שדות בעמק,גרמים,40.00,100 גרם,false,,5.90,0.1475,true,1,7109624
7290017487090,false,שיבה בנספק שדות בעמק,חקלאי,IL,שיבה שדות בעמק,גרמים,40.00,100 גרם,false,,5.90,0.1475,true,1,8347944
7290017487175,false,"רוזמרין בנספק ""שדות בעמק""",חקלאי,IL,רוזמרין שדות בעמק,יח',1.00,יח',false,,5.90,5.9000,true,1,7219331
7290017487205,false,"מרווה בנספק ""שדות בעמק""",חקלאי,IL,מרווה שדות בעמק,גרמים,40.00,100 גרם,false,,5.90,0.1475,true,1,7109635
7290017487229,false,קורנית בנספק שדות בע,חקלאי,IL,קורנית שדות בעמק,גרמים,40.00,100 גרם,false,,5.90,0.1475,true,1,7109637
7290017487403,false,"בזיליקום גדול ""שדות בעמק""",חקלאי,IL,בזיליקום שדות בעמק,גרמים,100.00,100 גרם,false,,8.90,0.0890,true,1,8279586
7290017487410,false,רוקולה 100 גרם שדות בעמק,חקלאי,IL,רוקולה 100 גרם שדות,גרמים,40.00,100 גרם,false,,10.90,0.2725,true,1,8274694
7290017487441,false,בצל ירוק בשקית יחידה,חקלאי,IL,בצל ירוק שדות בעמק,יח',1.00,יח',false,,6.90,6.9000,true,1,8274696
7290017487458,false,פזיל/מנגולד בשקית שד,חקלאי,IL,מנגולד שדות בעמק,יח',1.00,יח',false,,6.90,6.9000,true,1,8274697
7290017487526,false,"עלי חסה רומית ""שדות בעמק""",חקלאי,IL,עלי חסה רומית שדות ב,יח',1.00,יח',false,,9.90,9.9000,true,1,8274699
7290017487557,false,בזיליקום בנספק שדות,חקלאי,IL,בזיליקום שדות בעמק,גרמים,40.00,100 גרם,false,,5.90,0.1475,true,1,8274700
7290017487595,false,נענע בשקית שדות בעמק,חקלאי,IL,נענע שדות בעמק,יח',1.00,יח',false,,4.90,4.9000,true,1,8274701
7290017487601,false,פטרוזיליה בשקית שדות,חקלאי,IL,פטרוזליה שדות בעמק,יח',1.00,יח',false,,4.90,4.9000,true,1,8274702
7290017487618,false,כוסברה בשקית שדות בע,חקלאי,IL,כוסברה שדות בעמק,יח',1.00,יח',false,,4.90,4.9000,true,1,8274703
7290017487625,false,שמיר בשקית שדות בעמק,חקלאי,IL,שמיר שדות בעמק,יח',1.00,יח',false,,4.90,4.9000,true,1,8277790
7290017487823,false,סלרי עלים בשקית שדות,חקלאי,IL,סלרי עלים שדות בעמק,יח',1.00,יח',false,,6.90,6.9000,true,1,8274705
7290017487830,false,סלרי ראש בשקית יחידה,חקלאי,IL,סלרי ראש שדות בעמק,יח',1.00,יח',false,,6.90,6.9000,true,1,8274706
7290017513393,false,תה ירוק ספירולינה וצמחים ירוקים 25 שקי,תה ויסוצקי,IL,תה ירוק סופר גרין 25,גרמים,37.50,100 גרם,false,,22.90,0.6107,true,1,7748594
7290017513409,false,תה ירוק SUPER GREEN 87 גרםבטעם אוכמניות ואסאי,תה ויסוצקי,IL,תה ירוק סופר פרפל 25,גרמים,37.50,100 גרם,false,,22.90,0.6107,true,1,7748595
7290017513485,false,מחית עגבניות רוסטיקה גרנד איטליה 680 גרם,היצרן: ס.פ. פודנצנו -10,IT,מחית עגבניות 680 ג,גרמים,680.00,100 גרם,false,,12.90,0.0190,true,1,7982883
7290017513775,false,פליפז בייגלה מצופה שוקולד חלב מקוויטיס 140 גרם,אולקר מקבוצת פלאדיס,TR,בייגלה מצופה בשוקולד,גרמים,140.00,100 גרם,false,,8.90,0.0636,true,1,8121559
7290017513782,false,פליפז בייגלה מצופה שוקולד מריר מקוויטיס 140 גרם,אולקר מקבוצת פלאדיס,TR,בייגלה מצופה בשוקולד,גרמים,140.00,100 גרם,false,,8.90,0.0636,true,1,8121560
7290017582030,false,GOOD PHARM - פינצטה אלכסונית,,,פינצטה אלכסונית GOOD,יח',1.00,יח',false,,10.00,10.0000,true,1,8403760
7290017582054,false,GOOD PHARM - מספרים לציפורניים,,,מספריים לציפורניים G,יח',1.00,יח',false,,10.00,10.0000,true,1,8403762
7290017582078,false,GOOD PHARM - קוצץ ציפורניים קטן,,,קוצץ ציפורניים קטן G,יח',1.00,יח',false,,10.00,10.0000,true,1,8403764
7290017582085,false,GOOD PHARM - קוצץ ציפורניים גדול,,,קוצץ ציפורניים גדול,יח',1.00,יח',false,,10.00,10.0000,true,1,8403765
7290017582108,false,GOOD PHARM - צבת לעור,,,צבת לעור GOOD,יח',1.00,יח',false,,10.00,10.0000,true,1,8403767
7290017582160,false,GOOD PHARM - פצירות רכות רב פעמיות,,,פצירות רכות רב פעמיו,יח',1.00,יח',false,,10.00,10.0000,true,1,8403769
7290017582184,false,GOOD PHARM - פצירת יהלום מקצועית,,,פצירת יהלום מקצועית,יח',1.00,יח',false,,10.00,10.0000,true,1,8403771
7290017589565,false,"ברקן, גוורצטרמינר לבן חצי יבש 750 מל",יקבי ברקן שיווק והפצ,IL,יין קלאסיק גוורץ 750,יח',1.00,יח',false,,31.80,31.8000,true,1,7273713
7290017589633,false,"רזרב גולד אדישיין קברנה סוביניון 750 מ""ל",יקבי ברקן Barkan,IL,רזרב גולד קברנה סובי,מיליליטרים,750.00,"100 מ""ל",false,,34.90,0.0465,true,1,7281613
7290017595023,false,כוסיות לנרונים עם סיליקון,,,כוסיות לנרונים,יח',1.00,יח',false,,2.40,2.4000,true,1,7190345
7290017595061,false,זוג כוסיות לנרונים 2 יח',,CN,זוג כוסיות לנרות,יח',1.00,יח',false,,4.90,4.9000,true,1,7159218
7290017599229,false,ממתיק סוכרלוז 200 טבליות סוכרזית,"סוכרזית בע""מ",IL,סוכריות סוכרלוז 200,יח',1.00,יח',false,,19.90,19.9000,true,1,8370783
7290017599236,false,סוכריות סטיוויה 200 טבליות,סנו מפעלי ברונוס.,IL,סוכריות סטיוויה 200,יח',1.00,יח',false,,21.90,21.9000,true,1,8370784
7290017599267,false,סוכרלוז 120 שקיות ממתיק שולחני,סוכרזית Sucrazit,IL,סוכרזית סוכרלוז 120,גרמים,120.00,100 גרם,false,,24.90,0.2075,true,1,8427394
7290017617084,false,סטארקיסט מיקס טוגו טונה עם שעועית 185 גרם,דרדנל אוננטאס גידה,TR,סטארקיסט מיקס טוגו 1,גרמים,185.00,100 גרם,false,,12.90,0.0697,true,1,8308378
7290017617091,false,סטארקיסט מיקס טוגו טונה עם פתיתים 185 גרם,דרדנל אוננטאס גידה,TR,סטארקיסט מיקס טוגו 1,גרמים,185.00,100 גרם,false,,12.90,0.0697,true,1,8308379
7290017617107,false,סטארקיסט מיקס טוגו טונה עם 4 דגנים 185 גרם,דרדנל אונוסטאס גידה,TR,סטארקיסט מיקס טוגו 1,גרמים,185.00,100 גרם,false,,12.90,0.0697,true,1,8308380
7290017617138,false,רביעיית טונה סטארקיסט בשמן קנולה דל נתרן 160 גרם,"סטארקיסט פודור בע""מ",TH,טונה סטארקיסט בשמן ד,גרמים,640.00,100 גרם,false,,24.90,0.0389,true,1,8280910
7290017637426,false,שמפו למניעת קשקשים מיקי בוגנים 500 מל,סאסא קוסמטיקס,IL,שמפו למניעת קשקשים מ,מטרים,500.00,100 מ'ל,false,,23.90,0.0478,true,1,8421328
7290017637549,false,מרכך לשיער בלונד בהיר מיקי בוגנים 500 מל,סאסא קוסמטיקס,IL,מרכך לשיער בלונד בהי,מטרים,500.00,100 מ'ל,false,,34.90,0.0698,true,1,8421304
7290017637556,false,שמפו לקרקפת שומנית מיקי בוגנים 500 מל,סאסא קוסמטיקס,IL,שמפו לקרקפת שומנית מ,מטרים,500.00,100 מ'ל,false,,23.90,0.0478,true,1,8421329
7290017637563,false,שמפו לתלתלים מושלמים 500 מל מיקי בוגנים,סאסא קוסמטיקס,IL,שמפו לתלתלים מיקי בו,מטרים,500.00,100 מ'ל,false,,23.90,0.0478,true,1,8421272
7290017637570,false,מרכך לתלתלים מושלמים 500 מל מיקי בוגנים,סאסא קוסמטיקס,IL,מרכך לתלתלים מיקי בו,מטרים,500.00,100 מ'ל,false,,23.90,0.0478,true,1,8421273
7290017637587,false,קרם לתלתלים מושלמים 200 מל בוגנים,סאסא קוסמטיקס,IL,קרם לתלתלים מיקי בוג,מטרים,200.00,100 מ'ל,false,,23.90,0.1195,true,1,8421274
7290017637594,false,שמפו יומיומי זיכרונות מתוקים 500 מל,סאסא קוסמטיקס,IL,שמפו לשיער מיקי בוגנ,מטרים,500.00,100 מ'ל,false,,23.90,0.0478,true,1,8421275
7290017637600,false,מרכך יומיומי זיכרונות מתוקים 500 מל,סאסא קוסמטיקס,IL,מרכך לשיער מיקי בוגנ,מטרים,500.00,100 מ'ל,false,,23.90,0.0478,true,1,8421276
7290017637617,false,מסיכת הזנה לשיער מיקי בוגנים 250 מל,סאסא קוסמטיקס,IL,מסיכת הזנה לשיער מיק,מטרים,250.00,100 מ'ל,false,,26.90,0.1076,true,1,8421277
7290017637624,false,מרכך יומיומי יסמין קסום 500 מל בוגנים,סאסא קוסמטיקס,IL,שמפו לשיער יסמין מיק,מטרים,500.00,100 מ'ל,false,,23.90,0.0478,true,1,8421278
7290017641102,false,שוקולד פרימיום 70% ללא סוכר בטעם תפוז 100 גרם,כרמית תעשיות ממתקים,IL,שוקולד פרימיום 70% ל,יח',1.00,יח',false,,7.50,7.5000,true,1,7203202
7290017641119,false,שוקולד פרימיום 85% מריר כרמית 100 גרם,כרמית תעשיות ממתקים בעמ,IL,שוקולד פרימיום 85% כ,גרמים,100.00,100 גרם,false,,7.90,0.0790,true,1,8220347
7290017641195,false,קרקר עם שיפון מלא וגזר כרמית 130 גרם,דנוויטה ג'\יי. אס. סי,LT,קרקר עם שיפון מלא וג,גרמים,130.00,100 גרם,false,,5.90,0.0454,true,1,7310372
7290017641379,false,חמישיות שוקולד חלב בדצ 85 ג*5 בלמינט*12 בקרט בדצ,"כרמית תעשיות ממתקים בע""\",IL,חמישיית שוקלד חלב,גרמים,425.00,100 גרם,false,,14.90,0.0351,true,1,7820743
7290017641720,false,שוקולד פרימיום 70% שברי שקד כרמית 100 גרם,כרמית תעשיות ממתקים בעמ,IL,שוקולד מריר שברי אגו,גרמים,100.00,100 גרם,false,,7.80,0.0780,true,1,8220354
7290017641737,false,שוקולד פרימיום 70% שברי אגוז כרמית 100 גרם,כרמית תעשיות ממתקים בעמ,IL,שוקולד 70% שברי אגוז,גרמים,100.00,100 גרם,false,,7.80,0.0780,true,1,8220355
7290017641751,false,מרשמלו ורוד לבן 180ג רמילוי,,,מרשמלו ורוד לבן 180ג,גרמים,180.00,100 גרם,false,,4.90,0.0272,true,1,8227518
7290017641768,false,מרשמלו מסובב ורוד לבן 180ג רמילוי,,,מרשמלו מסובב ורוד לב,גרמים,180.00,100 גרם,false,,4.90,0.0272,true,1,8227519
7290017641775,false,מרשמלו צבעוני 180ג רמילוי,,,מרשמלו צבעוני 180ג ר,גרמים,180.00,100 גרם,false,,4.90,0.0272,true,1,8227520
7290017641782,false,טופי אצבעות בטעם תות כרמית 804 גרם,,TR,טופי אצבעות תות 804,גרמים,804.00,100 גרם,false,,19.90,0.0248,true,1,8214325
7290017641997,false,"שוקולד מריר עם שברי אגוזי לוז פרימיום 70% לל""ס כרמית","כרמית תעשיות ממתקים בע""\",IL,שוקולד מריר מעולה 70,יח',1.00,יח',false,,7.50,7.5000,true,1,8262328
7290017647708,false,"רמת הגולן גמלא גוורצטרמינר, 750 מ""ל י יקב רמת הגולן",מיוצר וממולא על ידי יקב,IL,גמלא גוורצטרמינר 750,מטרים,750.00,100 מ'ל,false,,64.90,0.0865,true,1,8362414
7290017647722,false,"רמת הגולן גמלא בלאנקו, 750 מ""ל י יקב רמת הגולן",יקבי רמת הגולן,IL,גמלא בלאנקו לבן יבש,מטרים,750.00,100 מ'ל,false,,64.90,0.0865,true,1,8362415
7290017677804,false,"רוטב סויה קיקומן ללא חומרים משמרים 444 מ""ל",קיקומן פודז אינק,US,"רוטב סויה 444 מ""ל קי",מיליליטרים,444.00,"100 מ""ל",false,,19.80,0.0446,true,1,7585014
7290017712239,false,פרמיו עם עוף במרקם פטה 150 גר,פרמיו Premio,FR,פרמיו עם עוף במרקם פ,גרמים,150.00,100 גרם,false,,5.90,0.0393,true,1,8093254
7290017712277,false,פרמיו עם כבש במרקם פטה 100 גר,פרמיו Premio,FR,פרמיו עם כבש במרקם פ,יח',1.00,יח',false,,5.90,5.9000,true,1,8093257
7290017712468,false,פרמיו מיקס לחתול 9 ק,סאטורן,DE,"פרמיו מיקס 9ק""ג",גרמים,9000.00,100 גרם,false,,139.90,0.0155,true,1,8384635
7290017712758,false,פרמיו סלמון לחתול,פרמיו Premio,FR,פרמיו סלמון 100 ג',יח',1.00,יח',false,,4.90,4.9000,true,1,8298463
7290017712796,false,פרמיו סטריליז דג קוד 100 ג',פרמיו Premio,,פרמיו סטריליז דג קוד,יח',1.00,יח',false,,4.90,4.9000,true,1,8299098
7290017715285,false,רביעיית מחית תפוח עץ עם דובדבן תומר 113 גרם,Cherry growers inc,US,רסק תפוע עם דובדבן 4,גרמים,452.00,100 גרם,false,,10.70,0.0237,true,1,8216515
7290017715315,false,זית צלוי על הגריל 740 גר,מסנוי גידה רעהס,TR,זית צלוי על הגריל 74,גרמים,740.00,100 גרם,false,,23.90,0.0323,true,1,7722539
7290017715346,false,זית שחור טאסוס 400 גרם,מסנוי גידה רעהס,TR,זית שחור טאסוס 400גר,גרמים,400.00,100 גרם,false,,14.90,0.0373,true,1,7722540
7290017752631,false,אטריות ביצים רחבות 400ג רמילוי,,,אטריות ביצים רחבות 4,גרמים,400.00,100 גרם,false,,7.90,0.0198,true,1,7558146
7290017752648,false,אטריות ביצים דקות 400ג רמילוי,,,אטריות ביצים דקות 40,גרמים,400.00,100 גרם,false,,7.90,0.0198,true,1,7558147
7290017752709,false,אטריות אורז דקות 454ג רמילוי,,,אטריות אורז דקות 454,גרמים,454.00,100 גרם,false,,10.50,0.0231,true,1,7558148
7290017752716,false,אטריות אורז רחבות 454ג רמילוי,,,אטריות אורז רחבות 45,גרמים,454.00,100 גרם,false,,10.50,0.0231,true,1,7558149
7290017812007,false,"יין סוביניון/שרדונה 750 מ""ל P.C",כרמל מזרחי,IL,סובניון פרייבט קולקש,מיליליטרים,750.00,"100 מ""ל",false,,39.90,0.0532,true,1,8477978
7290017812052,false,יין שיראז-קברנה סוביניון אקסלנס יקבי כרמל,יקבי כרמל Carmel Winery,IL,יין שיראז-קברנה סובי,מיליליטרים,750.00,"100 מ""ל",false,,21.80,0.0291,true,1,6976676
7290017812069,false,יין אמרלד ריזלינג שרדונה אקסלנס Excellence,יקבי כרמל Carmel Winery,IL,יין ריזלינג-שרדונה א,מיליליטרים,750.00,"100 מ""ל",false,,21.80,0.0291,true,1,6976677
7290017812083,false,מיץ תירוש אדום רמי לוי 1 לי,,,מיץ תירוש אדום רמי ל,ליטרים,1.00,ליטר,false,,13.90,13.9000,true,1,7234318
7290017812090,false,מיץ תירוש לבן רמי לוי 1 לי,,,מיץ תירוש לבן רמי לו,ליטרים,1.00,ליטר,false,,13.90,13.9000,true,1,7234319
7290017812571,false,מיץ ענבים תירוש אדום 100% טבעי כרמל 1 ליטר,יקבי כרמל Carmel Winery,IL,מיץ ענבים אדום 100%,ליטרים,1.00,ליטר,false,,19.90,19.9000,true,1,8221702
7290017812588,false,מיץ ענבים תירוש לבן 100% טבעי כרמל 1 ליטר,יקבי כרמל Carmel Winery,IL,מיץ ענבים לבן 100% ט,ליטרים,1.00,ליטר,false,,19.90,19.9000,true,1,8217198
7290017812618,false,מיץ ענבים תירוש אדום רוזה כרמל 1 ליטר,כרמל מזרחי,IL,תירוש טבעי רוזה 100%,ליטרים,1.00,ליטר,false,,19.90,19.9000,true,1,8239856
7290017812656,false,"תירוש אדום מיץ ענבים מבעבע כרמל 750 מ""ל",ג'\קובז'\י איי.אי פיגלי,IL,תירוש מבעבע אדום 750,מיליליטרים,750.00,"100 מ""ל",false,,19.90,0.0265,true,1,8304353
7290017812663,false,"תירוש לבן מיץ ענבים מבעבע כרמל 750 מ""ל",ג'\קובז'\י איי.אי פיגלי,IL,תירוש מבעבע לבן 750,מיליליטרים,750.00,"100 מ""ל",false,,19.90,0.0265,true,1,8304354
7290017812830,false,יין רוזה פרייבט קולקשיין 750מל יקבי כרמל,"כד בני דרום בע""מ",IL,יין רוזה פרייבט קולק,מיליליטרים,750.00,"100 מ""ל",false,,32.30,0.0431,true,1,8291290
7290017812847,false,"יין פרנץ גוורצטרמינר סלקטד כרמל 750 מ""ל","כד בני דרום בע""מ",IL,סלקטד פרנץ גוורצטרמי,מיליליטרים,750.00,"100 מ""ל",false,,28.80,0.0384,true,1,8291291
7290017812861,false,יין וינו לבן יקבי כרמל,כרמל מזרחי,IL,יין וינו לבן יקבי כר,מיליליטרים,750.00,"100 מ""ל",false,,18.90,0.0252,true,1,8291292
7290017816005,false,בייגלה כוסמין שמיניות שומשום 300 גר,יוליניבר,IL,בייגלה כוסמין שמיניו,יח',1.00,יח',false,,15.90,15.9000,true,1,7411470
7290017816012,false,קרם קרקר כוסמין מקור הכוסמין 250 גר,מגדנית הדר,IL,קרם קרקר כוסמין,יח',1.00,יח',false,,14.90,14.9000,true,1,7411471
7290017816111,false,פתי בר מקןר הכוסמין 220 גרם,אפיפית הדר,IL,פתי בר כוסמין 220 גר,גרמים,220.00,100 גרם,false,,11.90,0.0541,true,1,8245590
7290017864259,false,בזיליקום 100ג רמי לוי,,,בזיליקום 100ג רמי לו,גרמים,100.00,גרם,false,,8.90,0.0890,true,1,8242694
7290017864341,false,תפוא למיקרו רמי לוי,,,תפוא למיקרו רמי לוי,גרמים,700.00,100 גרם,false,,6.90,0.0099,true,1,8233716
7290017864358,false,נענע ארוז רמי לוי,,,נענע ארוז רמי לוי,יח',1.00,יח',false,,3.90,3.9000,true,1,8276291
7290017864365,false,פטרוזליה ארוז רמי לוי,,,פטרוזליה ארוז רמי לו,יח',1.00,יח',false,,3.90,3.9000,true,1,8276292
7290017864372,false,שמיר ארוז רמי לוי,,,שמיר ארוז רמי לוי,יח',1.00,יח',false,,3.90,3.9000,true,1,8276293
7290017864389,false,כוסברה ארוז רמי לוי,,,כוסברה ארוז רמי לוי,יח',1.00,יח',false,,3.90,3.9000,true,1,8276294
7290017864396,false,סלרי ארוז רמי לוי,,,סלרי ארוז רמי לוי,יח',1.00,יח',false,,5.90,5.9000,true,1,8276312
7290017864402,false,עלי מנגולד ארוז רמי לוי,,,עלי מנגולד ארוז רמי,יח',1.00,יח',false,,5.90,5.9000,true,1,8276313
7290017864419,false,שורש פטרוזיליה ארוז,,,שורש ארוז רמי לוי,יח',1.00,יח',false,,5.90,5.9000,true,1,8276314
7290017864426,false,בצל ירוק ארוז רמי לוי,,,בצל ירוק ארוז רמי לו,יח',1.00,יח',false,,5.90,5.9000,true,1,8276315
7290017864433,false,כרוב סיני ארוז,,,כרוב סיני ארוז,יח',1.00,יח',false,,7.90,7.9000,true,1,8141156
7290017864457,false,סלרי ראש רמי לוי,,,סלרי ראש רמי לוי,יח',1.00,יח',false,,5.90,5.9000,true,1,8276316
7290017864464,false,לוף פרסה ארוז רמי לוי,,,לוף פרסה ארוז רמי לו,יח',1.00,יח',false,,7.90,7.9000,true,1,8226661
7290017864471,false,עלי בייבי 250ג רמי לוי,,,עלי בייבי 250ג רמי ל,גרמים,250.00,100 גרם,false,,13.90,0.0556,true,1,8211870
7290017864549,false,עלי רוקולה 250ג רמי לוי,,,עלי רוקולה 250ג רמי,גרמים,250.00,100 גרם,false,,13.90,0.0556,true,1,8235827
7290017864556,false,בייבי תרד 250ג רמי לוי,,,בייבי תרד 250ג רמי ל,גרמים,250.00,100 גרם,false,,13.90,0.0556,true,1,8235828
7290017871707,false,חטיף פיצפוצי אורז וקוקוס מצופה שוקולד מריר ללא תוספת סוכר,תות תעשיות מזון (2014) ב,IL,חטיף פצפוצי אורז וקו,גרמים,105.00,100 גרם,false,,14.70,0.1400,true,1,7927762
7290017871998,false,טוסו פודינג אינסטנט בטעם וניל 30גרם,אשבל מזון פונקציונלי בע\,IL,טוסו פודינג אינסטנט,גרמים,30.00,100 גרם,false,,8.90,0.2967,true,1,8251804
7290017872056,false,פמלי אל סבון 3*1 הסדרה הלבנה-מעורב 500 גרם*3,אברנסל קוסמטיקס,TR,פמלי אל סבון סדרה לב,מיליליטרים,500.00,"100 מ""ל",false,,14.90,0.0298,true,1,8247850
7290017872162,false,טוסו - עוגיות אגוזי לוז ללא סוכר 200 גרם,"הגביע מוצרי וופלים בע""\מ",IL,טוסו עוגיות אגוזי לו,גרמים,200.00,100 גרם,false,,14.90,0.0745,true,1,8239343
7290017872186,false,טוסו - עוגיות פקאן ללא סוכר 200 גרם,"הגביע מוצרי וופלים בע""\מ",IL,טוסו עוגיות פקאן 200,גרמים,200.00,100 גרם,false,,13.90,0.0695,true,1,8239345
7290017872193,false,טוסו עוגיות שקדים וקינמון ללא סוכר 200 גרם,"הגביע מוצרי וופלים בע""\מ",IL,טוסו עוגיות שקדים וק,גרמים,200.00,100 גרם,false,,14.90,0.0745,true,1,8239346
7290017872889,false,מארז שקיות אשפה אקס לארג גלילונית 2*22 יח',"אליף בע""\מ",TR,גלילונית לאשפה לארג,יח',22.00,יח',false,,21.90,0.9955,true,1,8350142
7290017873008,false,גלילונית הקפאה זוג 275 יחידות,"אשפלסט תעשיות בע""מ",IL,גלילונית הקפאה זוג 2,יח',1.00,יח',false,,11.90,11.9000,true,1,8350143
7290017873039,false,מארז זוג שקיות לסנדוויץ גלילונית 2*160 יח',"קינג באג בע""מ",TH,גלילונית שקיות לסנדו,יח',1.00,יח',false,,9.90,9.9000,true,1,8350144
7290017873367,false,"קרם ידיים ויטליטי לכל סוגי העור 100 מ""ל פנג'ל","דנלוג אינטרקוסמא בע""\מ",IL,קרם ידיים פנג'ל 100,מטרים,100.00,100 מ'ל,false,,11.90,0.1190,true,1,8459800
7290017888729,false,שוופס סודה בקבוק 1 ל',"יפאורה תבורי בע""\מ",IL,סודה 1 לי,יח',1.00,יח',false,,3.90,3.9000,true,1,8243135
7290017888972,false,בקבוק מי עדן פקק ספורט 1 ליטר,"מופק ממקור בזלתי עדן ,1",IL,מי עדן 1לי פקק ספורט,יח',1.00,יח',false,,3.50,3.5000,true,1,8251143
7290017894065,false,דגש תערובת קמח רב תכליתי 500 גרם,"אף, סי תבליני הגליל",IL,תערובת רב תכליתית לל,גרמים,500.00,100 גרם,false,,16.90,0.0338,true,1,7985579
7290017894089,false,קמח שיבולת שועל דגש 400 גרם,אף. סי תבליני הגליל,IL,קמח שיבולת שועל 400,גרמים,400.00,100 גרם,false,,19.90,0.0497,true,1,8256710
7290017894102,false,פנה אורז תירס דגש 400 גרם,אנדריאני,IL,פנה אורז תירס 400 גר,גרמים,400.00,100 גרם,false,,9.90,0.0248,true,1,8276588
7290017894119,false,פוזילי אורז תירס דגש 400 גרם,אנדריאני,IL,פוזילי אורז תירס 400,גרמים,400.00,100 גרם,false,,9.90,0.0248,true,1,8276589
7290017907215,false,קמח תמי למאפי שמרים ללא גלוטן 500 גרם,פוראטוס ישראל,IL,קמח תמי למאפי שמרים,גרמים,500.00,100 גרם,false,,18.90,0.0378,true,1,8316823
7290017907222,false,תערובת קמח תופח לנמנעים מגלוטן,פוראטוס ישראל,IL,קמח תמי תופח ללא גלו,גרמים,500.00,100 גרם,false,,18.90,0.0378,true,1,8316824
7290017917283,false,"מגבוני קמיל בלו ד""ר פישר ללא בישום רביעי",פישר מעבדות פרמצבטיות,IL,רביעיית מגבוני קמיל,יח',1.00,יח',false,,19.90,19.9000,true,1,8069503
7290017917382,false,אל סבון היגייני לניקוי יסודי ולהרגע העור clean & calm,"ד""ר פישר Dr fischer",IL,אל סבון קמיל בלו 1לי,יח',1.00,יח',false,,15.80,15.8000,true,1,7656116
7290017917467,false,קמיל בלו סנסטי בשיבולת שועל אל סבון טיפולי לתינוק,"ד""ר פישר Dr fischer",IL,קמיל בלו סנסיטיב שיב,יח',1.00,יח',false,,32.80,32.8000,true,1,7656117
7290017925363,false,בירה נגב פאטה מורגנה 330מל,בירה מלכה,IL,בירה נגב פאטה מורגנה,מטרים,330.00,100 מ'ל,false,,12.90,0.0391,true,1,8470936
7290017928036,false,מקלות גריסיני שומשום מאיר בייגל 175 גרם,מאיר את בייגל,IL,מאיר בייגל מקלות גרי,גרמים,175.00,100 גרם,false,,11.90,0.0680,true,1,8087937
7290017928081,false,מקלות כעכים עם מלח רמילוי,,,מקלות כעכים עם מלח ר,גרמים,200.00,100 גרם,false,,5.90,0.0295,true,1,8305858
7290017928098,false,שטוחלה מלח מאיר בייגל 330 גרם,מאיר את בייגל,IL,מאיר בייגל שטוח מלח,גרמים,330.00,100 גרם,false,,11.90,0.0361,true,1,8350145
7290017928210,false,בייגלה גדול שומשום מאיר בייגל 250 גרם,מאיר את בייגל,IL,מאיר בייגל בייגלה גד,גרמים,250.00,100 גרם,false,,11.90,0.0476,true,1,8087940
7290017928227,false,מאיר בייגל שטוחהלה פינוקים 300 גר',מאיר את בייגל,IL,מאיר בייגל שטוחלה פי,גרמים,300.00,100 גרם,false,,10.90,0.0363,true,1,8087941
7290017928289,false,שמיניות כעכים עם מלח רמילוי,,,שמיניות כעכים עם מלח,גרמים,200.00,100 גרם,false,,5.90,0.0295,true,1,8305859
7290017928463,false,מאיר בייגל -סמאש-שבורים בטעם דבש חרדל ובצל 300 גרם,מאיר בייגל,BG,סמאש שברי בייגלה טעם,גרמים,300.00,100 גרם,false,,9.90,0.0330,true,1,8296514
7290017928487,false,כעכים גדולים עם מלח רמילוי,,,כעכים גדולים עם מלח,גרמים,200.00,100 גרם,false,,5.90,0.0295,true,1,8305860
7290017928616,false,מאיר בייגל שטוחהלה שומשום 300 גר',מאיר את בייגל,IL,מאיר בייגל שטוחלה שו,גרמים,330.00,100 גרם,false,,10.90,0.0330,true,1,8087949
7290017928630,false,מקלות גריסיני קראנץ' פינוקים מאיר בייגל 175 גרם,מאיר את בייגל,IL,מאיר בייגל גריסיני ק,גרמים,175.00,100 גרם,false,,11.90,0.0680,true,1,8087950
7290017928661,false,מאיר בייגל -סמאש-שבורים בטעם צ'דר 300 גרם,מאיר בייגל,BG,סמאש שברי בייגלה טעם,גרמים,300.00,100 גרם,false,,9.90,0.0330,true,1,8296515
7290017928685,false,בייגלה שמיניות מלוח מאיר בייגל 400 גרם.,מאיר את בייגל,IL,מאיר בייגל שמיניות מ,גרמים,400.00,100 גרם,false,,11.90,0.0298,true,1,8350147
7290017928746,false,פירורי בייגלה מאיר בייגל 200 גרם,מאיר בייגל,IL,מאיר בייגל פירורי בי,גרמים,200.00,100 גרם,false,,6.50,0.0325,true,1,8381418
7290017932316,false,רוטב עגבניות לפסטה עם שמן זית 680 גר' דיניקולה,ג'יאובני פוד,US,רוטב עגבניות לפסטה ו,גרמים,680.00,100 גרם,false,,16.60,0.0244,true,1,8394912
7290017938226,false,ממרח לימון כבוש 200 גרם גורמה,"סלטי שמיר 2006 בע""מ",IL,סלט לימון כבוש 200 ג,גרמים,200.00,100 גרם,false,,9.90,0.0495,true,1,8480598
7290017938264,false,"חומוס בתוספת רוטב פיקנטי, 200 גרם","סלטי שמיר 2006 בע""\מ",IL,חומוס עם חריף 200 גר,100 יח,200.00,100 יח,false,,7.90,0.0395,true,1,8468117
7290017946368,false,שלישיית כדוריות סבון לאסלה אוקיינוס סוד 50 גרם,הנקל סוד,RS,סוד כדוריות לאסלה או,יח',1.00,יח',false,,14.80,14.8000,true,1,8268451
7290017946399,false,"מרכך כביסה מרוכז ארומתרפי אדום 900 מ""ל סוד",הנקל סוד,IL,סוד מרכך מרוכז ארומה,מיליליטרים,900.00,"100 מ""ל",false,,9.40,0.0104,true,1,8354707
7290017946764,false,מנקה מכונת כביסה 150 גר K2R,הנקל Henkel,DE,מנקה מכונות כביסה 15,יח',1.00,יח',false,,19.90,19.9000,true,1,8266617
7290017947105,false,לחם אנג'ל בסגנון אמריקה 500 גרם,מאפיית שלמה א. אנג'\ל בע,IL,לחם סגנון אמריקה,גרמים,500.00,100 גרם,false,,14.90,0.0298,true,1,8220537
7290017947464,false,שמיניית פיתות כוסמין אנג'ל 8*50 גרם,מאפיית שלמה א.אנג'\ל בע\,IL,אנגל פיתות כוסמין 8י,גרמים,400.00,100 גרם,false,,15.90,0.0398,true,1,8381314
7290017947495,false,6 לחמניות כוסמין 450 גרם אנג'ל,מאפיית שלמה א.אנג'\ל,IL,לחמניות כוסמין 6 יח,גרמים,450.00,100 גרם,false,,14.90,0.0331,true,1,8278250
7290017947891,false,לחם אנג'ל כוסמין וחיטה מלאה 750 גרם,מאפיית שלמה א. אנג'\ל בע,IL,לחם כוסמין וחיטה מלא,גרמים,750.00,100 גרם,false,,16.90,0.0225,true,1,8220538
7290017947921,false,לחמניות המבורגר בסגנון אמריקאי מארז 6 יח',מאפיית שלמה א. אנג'\ל בע,IL,שישיית לחמניות המבור,גרמים,450.00,100 גרם,false,,14.90,0.0331,true,1,8233282
7290017947938,false,מיני לחמניות המבורגר בסגנון אמריקה 400 ג' אנג'ל,מאפיית שלמה א. אנג'\ל בע,IL,לחמניות המבורגר 8יח,יח',1.00,יח',false,,14.90,14.9000,true,1,8287104
7290017978017,false,קרמבו ריאו וניל סוכריות 16 יחידות,"גלידות ריאו ביח""ר לג",IL,קרמבו ריאו וניל סוכר,יח',1.00,יח',false,,21.70,21.7000,true,1,8274946
7290017978215,false,"קרמבו מוקה ""ריאו"" 16 יחידות","גלידות ריאו ביח""ר לג",IL,קרמבו ריאו מוקה 16 י,יח',1.00,יח',false,,21.70,21.7000,true,1,8274947
7290017978246,false,שמיניות קרח ללא סוכר בטעם תות LIGHTICE,"גלידות ריאו ביח""ר לג",IL,מאגדת-שמיניות קרחוני,גרמים,640.00,100 גרם,false,,18.30,0.0286,true,1,8345755
7290018043189,false,פראוד - חטיף חלבון בטעם קשיו קרמל 60 גרם,מרס נדרלנד,NL,שוקולד וקשיו קרמל,יח',1.00,יח',false,,13.90,13.9000,true,1,8291320
7290018043295,false,חטיף חלבון בטעם ונילה קראנץ',הרת'סייד פוד סולושיי,NL,שוקולד וניל קראנץ,יח',1.00,יח',false,,12.90,12.9000,true,1,8291322
7290018045084,false,BON&BON דגנים במילוי קרם בטעם בראוניז 480 גרם,monday,DE,דגנים במילוי קרם ברא,גרמים,480.00,100 גרם,false,,22.80,0.0475,true,1,8370135
7290018045497,false,בון בון דגנים במילוי קרם שוקולד 480 גרם,מונדיי Monday,DE,דגנים במילוי קרם שוק,גרמים,480.00,100 גרם,false,,22.80,0.0475,true,1,8370136
7290018045503,false,דגני חיטה ואורז בטעם בוקר 311 ג' הלו קיטי,נורדגטריידה,DE,דגני לבבות הלו קיטי,גרמים,311.00,100 גרם,false,,21.80,0.0701,true,1,8463989
7290018045695,false,BON&BON דגנים במילוי קרם קרמל מלוח 480 גרם,מונדיי Monday,DE,דגנים במילוי קרם קרמ,גרמים,480.00,100 גרם,false,,22.80,0.0475,true,1,8370137
7290018045893,false,בון בון דגנים במילוי קרם נוגט 480 גרם,מונדיי Monday,DE,דגנים במילוי קרם נוג,גרמים,480.00,100 גרם,false,,22.80,0.0475,true,1,8370138
7290018091029,false,מקלות פילו תפוחי אדמה מעדנות 450 ג',תנובה מעדנות,IL,"מקלות פילו תפו""א 450",גרמים,450.00,100 גרם,false,,14.90,0.0331,true,1,8260618
7290018091616,false,מקלות פילו גבינה מעדנות 450 גרם,מיוצר עי קונדיטוריית,IL,מקלות פילו וגבינה,גרמים,450.00,100 גרם,false,,14.90,0.0331,true,1,8250783
7290018091876,false,"מאפה פילו גבינה, 320 גרם מעדנות","מעדנות בע""\מ",IL,מעדנות מאפה פילו גבי,גרמים,320.00,100 גרם,false,,19.90,0.0622,true,1,8411623
7290018098349,false,תערובת פירות יער ואסאי מוקפאים 300 ג' פרי שייק,"פרוטלנד בע""\מ",IL,תערובת פירות קפואים,גרמים,300.00,100 גרם,false,,14.90,0.0497,true,1,8444045
7290018098509,false,מרק שעועית 500גר,,,מרק שעועית 500גר,גרמים,500.00,100 גרם,false,,9.90,0.0198,true,1,8470289
7290018098516,false,מרק אפונה 500 גרם,,,מרק אפונה 500 גרם,גרמים,500.00,100 גרם,false,,9.90,0.0198,true,1,8470290
7290018098592,false,שווארמה טבעוניות ביף,"אופק מן הטבע בע""\מ",IL,שווארמה 300ג מן הטבע,גרמים,300.00,100 גרם,false,,21.90,0.0730,true,1,8398607
7290018098615,false,מרק מיניסטרונה 500 גר,,,מרק מיניסטרונה 500 ג,גרמים,500.00,100 גרם,false,,9.90,0.0198,true,1,8470291
7290018098622,false,פיצה ביס אישית 10 יחידות,"אופק מן הטבע בע""מ",IL,מרק ירקות 500 גר,גרמים,500.00,100 גרם,false,,9.90,0.0198,true,1,8470292
7290018132388,false,מטרנה גולד שלב 2 תרכובת מזון על בסיס חלבי,מטרנה תעשיות ש.מ.,IL,"מטרנה גולד בד""צ שלב",גרמים,700.00,100 גרם,false,,67.50,0.0964,true,1,8424476
7290018132425,false,מטרנה גולד שלב 3 תרכובת מזון על בסיס חלבי,מטרנה תעשיות ש.מ.,IL,"מטרנה גולד בד""צ שלב",גרמים,700.00,100 גרם,false,,67.50,0.0964,true,1,8424477
7290018165010,false,"יין רזרב GOLD EDITION גווצטרמינר ברקן 750 מ""ל",יקבי ברקן שיווק והפצה בע,IL,רזרב גולד גוורצטרמינ,מיליליטרים,750.00,"100 מ""ל",false,,34.90,0.0465,true,1,8217312
7290018165027,false,"יין רזרב GOLD EDITION רוזה ברקן 750 מ""ל",יקבי ברקן שיווק והפצה בע,IL,רזרב גולד רוזה 750 מ,מיליליטרים,750.00,"100 מ""ל",false,,34.90,0.0465,true,1,8217313
7290018165447,false,"יין רזרב GOLD מרלו ברקן 750 מ""ל",יקבי ברקן שיווק והפצה בע,IL,רזרב גולד מרלו 750 מ,מיליליטרים,750.00,"100 מ""ל",false,,34.90,0.0465,true,1,8292633
7290018183502,false,GOOD PHARM - פצירת יהלום מתקפלת,,,פצירת יהלום מתקפלת G,יח',1.00,יח',false,,10.00,10.0000,true,1,8403486
7290018194256,false,"ערק ג'בלנא 16% בטעם לימון 700 מ""ל-בודד",,,עארק טעם לימון 700 מ,מטרים,700.00,100 מ'ל,false,,39.90,0.0570,true,1,8343886
7290018195352,false,רמי לוי - נתחי טונה בהירה בשמן צמחי רביעייה,,,נתחי טונה בהירה בשמן,גרמים,158.00,100 גרם,false,,19.20,0.1215,true,1,8360370
7290018195970,false,קקאו 500גר רמילוי,,,קקאו 500גר רמילוי,גרמים,500.00,100 גרם,false,,12.90,0.0258,true,1,8314802
7290018198148,false,"תפוגן קריספי צ'יפס קלאסי 1.25 ק""ג",עיצובים 2020 (4.5),IL,תפוגן קריספי ציפס קל,קילוגרמים,1.25,"ק""ג",false,,19.90,15.9200,true,1,8324900
7290018198209,false,צ'יפס בטטה קראנצ'י תפוגן 500 גרם,"תעשיות תפוגן בע""מ",IL,תפוגן ציפס בטטה קראנ,גרמים,500.00,100 גרם,false,,15.90,0.0318,true,1,8292229
7290018198254,false,"תפוגן קריספי צ'יפס פוטטוס 1.25 ק""ג",עיצובים 2020 (4.5),IL,תפוגן קריספי ציפס פו,קילוגרמים,1.25,"ק""ג",false,,19.90,15.9200,true,1,8324901
7290018237281,false,עוף טוב נקניק סלמי ירדן 550 גר,מוצרי עוף טוב (2001) בע\,IL,עוף טוב נקניק סלמי י,גרמים,550.00,100 גרם,false,,21.90,0.0398,true,1,8321370
7290018237373,false,עוף טוב פסטרמה צרובה על הגריל נתח שלם 8*300 גרם,מוצרי עוף טוב (2001) בע\,IL,עוף טוב פסטרמה צרובה,גרמים,300.00,100 גרם,false,,26.80,0.0893,true,1,8332008
7290018237397,false,עוף טוב פסטרמה מקורמלת נתח שלם 8*300 גרם,מוצרי עוף טוב (2001) בע\,IL,עוף טוב פסטרמה מקורמ,גרמים,300.00,100 גרם,false,,26.80,0.0893,true,1,8332009
7290018237410,false,עוף טוב פסטרמה במעשנה נתח שלם 8*300 גרם,מוצרי עוף טוב (2001) בע\,IL,עוף טוב פסטרמה במעשנ,גרמים,300.00,100 גרם,false,,26.80,0.0893,true,1,8332010
7290018237489,false,עוף טוב דק דק פסטרמה ברביקיו 220גרם,עיצובים 2020 (4.9),IL,פסטרמה ברביקיו דק-דק,גרמים,220.00,100 גרם,false,,19.90,0.0905,true,1,8362855
7290018237496,false,פסטרמה בדבש דק דק עוף טוב 200 גרם,עיצובים 2020 (4.9),IL,פסטרמה בדבש דקדק 220,גרמים,220.00,100 גרם,false,,19.90,0.0905,true,1,8362856
7290018237502,false,עוף טוב כתף בקר דק-דק 200 גרם,עיצובים 2020 (4.9),IL,עוף טוב כתף בקר דק-ד,גרמים,200.00,100 גרם,false,,19.90,0.0995,true,1,8362857
7290018237731,false,זוג פסטרמות ברביקיו ומעושנת עוף טוב 600 גרם,עוף טוב,IL,עוף טוב זוג פסטרמה ב,גרמים,600.00,100 גרם,false,,24.90,0.0415,true,1,8366376
7290018237885,false,עוף טוב נקניקיות א.לארג ללחמנייה 370 גרם,עיצובים 2020 (4.9),IL,עוף טוב נקניקיות א.ל,גרמים,370.00,100 גרם,false,,15.90,0.0430,true,1,8385254
7290018237908,false,עוף טוב נקניקיות עסיסיות למנגל 400 גרם,עיצובים 2020 (4.9),IL,עוף טוב נקניקיות עסי,גרמים,400.00,100 גרם,false,,15.90,0.0398,true,1,8385255
7290018237922,false,שניצלונים ציפוי צ'יפס עוף טוב 700 גרם,מוצרי עוף טוב (2001) בע\,IL,שניצלונים בציפוי ציפ,גרמים,700.00,100 גרם,false,,12.70,0.0181,true,1,8403928
7290018237939,false,שניצלונים ציפוי שומשום עוף טוב 700 גרם,מוצרי עוף טוב (2001) בע\,IL,שניצלונים בציפוי שומ,גרמים,700.00,100 גרם,false,,12.70,0.0181,true,1,8403929
7290018237984,false,סלמי פפרוני פיקנטי מפולפל 8*320ג עוף טוב,עיצובים 2020 (4.9),IL,פפרוני מפולפל 320 גר,גרמים,320.00,גרם,false,,24.90,0.0778,true,1,8419582
7290018249000,false,אבקת פודינג וניל חסכון סוויטאנגו 400 ג',,,סוויטאנגו פודינג וני,גרמים,400.00,100 גרם,false,,49.90,0.1247,true,1,8335608
7290018249123,false,"סוויטאנגו אינסטנט פודינג וניל, 50 גרם",מתבל תעשיות מזון,IL,פודינג וניל סוויטנגו,יח',1.00,יח',false,,11.90,11.9000,true,1,8274535
7290018249154,false,ממרח קקאו עם אגוזי לוז 350 גר,"אחדות ביח""ר לטחינה ח",IL,ממרח קקאו עם אגוזי ל,גרמים,400.00,100 גרם,false,,32.90,0.0822,true,1,8417345
7290018249260,false,סוכר חום סוויטנגו 400 גר,,IL,סוויטאנגו ממתיק חום,גרמים,450.00,100 גרם,false,,39.90,0.0887,true,1,8460914
7290018249291,false,ממתיק סוכר וניל סוויטאנגו 100 ג',מתבל תעשיות מזון,IL,סוויטאנגו סוכר וניל,גרמים,100.00,100 גרם,false,,14.90,0.1490,true,1,8335609
7290018249499,false,כמו סוכר באריזה אישי,,,סוויטאנגו טו גו,גרמים,500.00,100 גרם,false,,39.90,0.0798,true,1,8475454
7290018249550,false,אינסטנט פודינג שוקולד סוויטאנגו 55 גר,מתבל תעשיות מזון,IL,פודינג שוקולד סוויטנ,יח',1.00,יח',false,,11.90,11.9000,true,1,8296492
7290018249802,false,ממתיק סוויטאנגו צנצנת 280 גרם,מתבל תעשיות מזון,IL,ממתיק סוויטנגו,גרמים,280.00,100 גרם,false,,26.90,0.0961,true,1,8250351
7290018249994,false,סוויטאנגו תחליף סוכר ממתיק 700 גר',מתבל תעשיות מזון,IL,ממתיק סוויטנגו 700 ג,גרמים,700.00,100 גרם,false,,56.70,0.0810,true,1,8229142
7290018282007,false,שמפו+ג'ל רחצה+סבון לגבר 750 מל,,,שמפו+ג'ל רחצה+סבון ל,גרמים,750.00,100 גרם,false,,8.50,0.0113,true,1,8245520
7290018282021,false,נועה שמפו לסירוק קל לילדים 750מל,,,נועה שמפו לסירוק קל,מיליליטרים,750.00,"100 מ""ל",false,,8.90,0.0119,true,1,8370754
7290018282205,false,רביעיית מגבונים 72 יחידות,,,רביעיית מגבונים 72 י,יח',1.00,יח',false,,10.90,10.9000,true,1,8260496
7290018282212,false,רביעיית מגבונים 72 יחידות,,,רביעיית מגבונים 72 י,יח',1.00,יח',false,,10.90,10.9000,true,1,8260497
7290018282410,false,נועה מרכך לסירוק קל לילדים 750מל,,,נועה מרכך לסירוק קל,מיליליטרים,750.00,"100 מ""ל",false,,8.90,0.0119,true,1,8370755
7290018282632,false,תחליב רחצה נועה לילדים 750 מל רמי לוי,,,תחליב רחצה נועה לילד,מיליליטרים,750.00,"100 מ""ל",false,,8.50,0.0113,true,1,8263043
7290018294000,false,"יין קינג דויד רוזה כרמל 750 מ""ל",כרמל מזרחי,IL,קינג דיוויד רוזה 750,מיליליטרים,750.00,"100 מ""ל",false,,18.80,0.0251,true,1,8326462
7290018294192,false,"יין בלנד היינן אדום יבש 750 מ""ל p.c",כרמל מזרחי,IL,פרייבט קולקשין בלנד,מטרים,700.00,100 מ'ל,false,,31.90,0.0456,true,1,8360432
7290018294208,false,"סלקטדאדום ישראלי יבש כרמל 750 מ""ל","כד בני דרום בע""מ",IL,סלקטד אדום ישראלי 75,מיליליטרים,750.00,"100 מ""ל",false,,28.80,0.0384,true,1,8334873
7290018294352,false,"ארק יקבי כרמל 700 מ""",יקבי כרמל Carmel Winery,ES,ערק כרמל 37.5% 700 מ,מטרים,700.00,100 מ'ל,false,,49.90,0.0713,true,1,8364196
7290018294918,false,מונלייט מוסקטו רוזה מתוק מבעבע 750מל,יקבי כרמל Carmel Winery,IL,יין מונלייט מוסקטו ו,מטרים,750.00,100 מ'ל,false,,33.90,0.0452,true,1,8423748
7290018294925,false,למברוסקו לבן מגנום 1.5לטיר,יקבי כרמל,IL,למברוסקו לבן מגנום 1,מטרים,1500.00,100 מ'ל,false,,49.90,0.0333,true,1,8399075
7290018296042,false,לחם טוסט אמריקה אגמי,מאפיית אגמי,IL,לחם טוסט אמריקה 500,גרמים,500.00,100 גרם,false,,12.90,0.0258,true,1,8345779
7290018296226,false,לחמניות לילדים 8 באריזה רמילוי,,,לחמניות לילדים 8 באר,יח',1.00,יח',false,,9.90,9.9000,true,1,8270534
7290018296424,false,לחם מרובע רמי לוי,,,לחם מרובע רמי לוי,יח',1.00,יח',false,,13.90,13.9000,true,1,8270535
7290018296448,false,לחם בריוש 500 גרם,מאפיית אגמי,IL,לחם בריוש,גרמים,500.00,100 גרם,false,,13.80,0.0276,true,1,8374635
7290018296455,false,לחם דגנים קל מרובע חלי ממן 750גר,מאפיית אגמי,IL,לחם דגנים קל מרובע ח,גרמים,750.00,100 גרם,false,,16.90,0.0225,true,1,8345781
7290018296608,false,לחם בריאות ושובע 9 דגנים קל,מאפיית אגמי,IL,לחם בריאות ושובע 9 ד,גרמים,600.00,100 גרם,false,,13.70,0.0228,true,1,8214052
7290018296615,false,פיתה ביס כוסמין מלא 10יח,"מאפיית אגמי בע""מ",IL,פיתה ביס כוסמין מלא,גרמים,450.00,100 גרם,false,,15.70,0.0349,true,1,8214053
7290018296622,false,לחם חיטה מלאה רמי לוי,,,לחם חיטה מלאה רמי לו,יח',1.00,יח',false,,13.90,13.9000,true,1,8270536
7290018296653,false,לחם אחיד פלוס כוסמין מרובע 700גר,מאפיית אגמי,IL,לחם אחיד פלוס כוסמין,גרמים,700.00,100 גרם,false,,16.90,0.0241,true,1,8345782
7290018296806,false,לחם בריאות ושובע מועשר בסיבים,מאפיית אגמי,IL,לחם בריאות ושובע מוע,גרמים,600.00,100 גרם,false,,13.70,0.0228,true,1,8214054
7290018296813,false,פיתה ביס קלה 10 יח 4,"מאפיית אגמי בע""מ",,פיתה קלה ביס 10 יח,גרמים,450.00,100 גרם,false,,13.70,0.0304,true,1,8214055
7290018296820,false,לחמניות המבורגר אריזה 6יח,,,לחמניות המבורגר אריז,יח',1.00,יח',false,,11.90,11.9000,true,1,8270537
7290018333006,false,"שוקולד מריר עם שברי שקדים פרימיום 70% לל""ס כרמית","כרמית תעשיות ממתקים בע""\",IL,אגו שוקולד מריר מעול,גרמים,100.00,100 גרם,false,,7.50,0.0750,true,1,8262306
7290018333242,false,אריזת טופי אצבעות מיקס פירות 40 גרם כרמית,שוגבי,TR,טופי אצבעות מיקס פיר,יח',1.00,יח',false,,1.40,1.4000,true,1,8277621
7290018333693,false,גרנולה פרו עם קשיו ופירות יבשים 600 גרם,רפאלס,IL,גרנולה פרו 600 גר,גרמים,600.00,100 גרם,false,,21.90,0.0365,true,1,8302005
7290018333945,false,חטיף אגוזים רפאלס שקד ווניל בדצ 150 גר *12יח,כרמית תעשיות ממתקים,IL,חטיף אגוזים רפאלס שק,גרמים,150.00,100 גרם,false,,14.90,0.0993,true,1,8325047
7290018333952,false,חטיף אגוזים רפאלס וחמוציות בדצ 150 גר *12יח,כרמית תעשיות ממתקים,IL,חטיף אגוזים רפאלס וח,גרמים,150.00,100 גרם,false,,14.90,0.0993,true,1,8325048
7290018343296,false,דר פישר אלכוגל H לידיים 100 מל,מדי פישר,IL,אלכוג'ל,יח',1.00,יח',false,,9.90,9.9000,true,1,8228579
7290018359129,false,פולפה עגבניות חתוכות מקולפות דק יכין 690 גרם,אמיליאנה קונסרב,IT,עגבניות פולפה מקולפו,גרמים,690.00,100 גרם,false,,8.90,0.0129,true,1,8328452
7290018359334,false,רכז עגבניות טבעי פריכוז שף יכין 580 גרם,זנלכל,IL,פריכוז שף רוטב עגבני,גרמים,580.00,100 גרם,false,,8.90,0.0153,true,1,8283169
7290018359358,false,שלישיית פריכוז רוטב עגבניות יכין,זנלכל,IL,שלישיית פריכוז יכין,גרמים,600.00,100 גרם,false,,12.90,0.0215,true,1,8304481
7290018359495,false,תירס מהשדה בלי תוספת סוכר יכין 550 גרם,היינץ צפון אמריקה מק,IL,תירס מהשדה בלי תוספת,גרמים,550.00,100 גרם,false,,8.90,0.0162,true,1,8281899
7290018359518,false,תירס מהשדה בלי תוספת סוכר יכין מארז 200X3 גר',"זנלכל בע""\מ",IL,תירס מהשדה מארז 3יח,גרמים,600.00,100 גרם,false,,14.90,0.0248,true,1,8281900
7290018359556,false,תירס מהשדה בלי תוספת סוכר יכין 400 גרם,היינץ צפון אמריקה מק,IL,תירס מהשדה בלי תוספת,גרמים,400.00,100 גרם,false,,6.50,0.0163,true,1,8281901
7290018359570,false,שעועית צ'ילי הקטניה הטובה יכין 3*200 גרם,זנלכל,,שעועית צ'ילי יכין 3*,גרמים,600.00,100 גרם,false,,13.90,0.0232,true,1,8304482
7290018359587,false,חומוס הקטניה הטובה יכין מארז 3*200 גר,זנלכל,IL,חומוס קטניה טובה יכי,יח',1.00,יח',false,,13.90,13.9000,true,1,8304483
7290018359679,false,הקיסרית-שעועית לימה יכין 550 גרם,קריות זול,IL,שעועית לימה במים יכי,גרמים,550.00,100 גרם,false,,8.90,0.0162,true,1,8367375
7290018359686,false,יכין חומוס גדול 550 גר A2,היינץ צפון אמריקה מק,IL,יכין חומוס גדול 550,גרמים,550.00,100 גרם,false,,8.90,0.0162,true,1,8330876
7290018359716,false,רוטב עגבניות פיצה טוסקנה 240 גרם יכין,"זנלכל בע""\מ",IL,רוטב לפיצה טוסקנה יכ,גרמים,240.00,100 גרם,false,,5.50,0.0229,true,1,8312329
7290018359853,false,עדשים שחורות יכין 400 גרם,"זנלכל בע""מ",IL,יכין עדשים שחורות 40,גרמים,400.00,100 גרם,false,,6.80,0.0170,true,1,8330877
7290018359860,false,רסק עגבניות ליקופן טבעי יכין 200 גר*2,זנלכל,IL,יכין רסק עגבנ.ליקופן,גרמים,200.00,100 גרם,false,,12.70,0.0635,true,1,8374603
7290018359884,false,פולפה ליקופן טבעית 2*400 גרם יכין,זנלכל,IL,יכין פולפה ליקופן טב,גרמים,400.00,100 גרם,false,,13.90,0.0348,true,1,8374605
7290018359938,false,"רוטב עגבניות לשקשוקה יכין, 400 גרם",זנלכל,IL,רוטב עגבניות לשקשוקה,מטרים,400.00,100 מ'ל,false,,11.50,0.0288,true,1,8417804
7290018359969,false,רוטב עגבניות לפיצה יכין 400 גרם,זנלכל,IL,יכין רוטב עגבניות לפ,מטרים,400.00,100 מ'ל,false,,11.50,0.0288,true,1,8417807
7290018367162,false,דפי אורז 22 סמ 400ג רמילוי,,,דפי אורז 22 סמ 400ג,גרמים,400.00,100 גרם,false,,9.90,0.0248,true,1,8288786
7290018367179,false,נוזל קוקוס 400גר רמילוי,,,נוזל קוקוס 400גר רמי,גרמים,400.00,100 גרם,false,,4.90,0.0123,true,1,8288806
7290018371008,false,טורטיה ציפס תירס סגול וצילי אורגני 70 גר,קואקספרה,PE,חטיף טורטיה ציפס אור,גרמים,70.00,100 גרם,false,,14.90,0.2129,true,1,8374810
7290018371275,false,מיני פריכיות כוסמת 80 גרם,"פרח תעשיות מזון בע""\מ",IL,מיני פריכיות כוסמין,גרמים,80.00,100 גרם,false,,10.90,0.1363,true,1,8374813
7290018380734,false,דפי בצק פילו משולשים תומר 360 גרם,,TR,דפי בצק פילו משולש,גרמים,360.00,100 גרם,false,,12.90,0.0358,true,1,8440904
7290018380741,false,דפי בצק פילו עגולים תומר 500 גרם,,TR,דפי בצק פילו עגולים,גרמים,500.00,100 גרם,false,,12.90,0.0258,true,1,8440905
7290018380802,false,רגא'מה תבשיל הודי חומוס 300 גרם,,,תבשיל הודי חומוס 300,גרמים,300.00,100 גרם,false,,9.90,0.0330,true,1,8440871
7290018380819,false,רגא'מה תבשיל הודי חצילים 300 גרם,,,תבשיל הודי חצילים 30,גרמים,300.00,100 גרם,false,,9.90,0.0330,true,1,8440872
7290018380826,false,רגא'מה תבשיל הודי שעועית אדומה 300 גרם,,,תבשיל הודי שעועית אד,גרמים,300.00,100 גרם,false,,9.90,0.0330,true,1,8440873
7290018380871,false,פטיסון כבוש 670 גרם תומר,Polan polsko francus,MD,פטיסון כבוש שלם 670,גרמים,670.00,100 גרם,false,,12.90,0.0193,true,1,8371110
7290018394021,false,ח.תקוע פטריות מלך היער,חוות פטריות תקוע,CN,פטריות מלך היער,גרמים,160.00,100 גרם,false,,9.90,0.0619,true,1,8327446
7290018394038,false,פטריות שיטאקה מיובשות חוות תקוע 25 גרם,חקלאי,IL,פטריות שיטאקה מיובשו,גרמים,25.00,100 גרם,false,,9.90,0.3960,true,1,8288476
7290018394069,false,ביציי שליו חוות תקוע,,,ביציי שליו חוות תקוע,יח',1.00,יח',false,,14.90,14.9000,true,1,8325335
7290018394113,false,דואט פטריות שי-מג'י חוות תקוע,שנגחאי פינק פוד קומפני,CN,דואט פטריות שי-מג'י,יח',1.00,יח',false,,19.90,19.9000,true,1,8380063
7290018394144,false,בצלצלי איזי שאלוט חוות תקוע,גורמה,NL,בצלצלי איזי שאלוט חו,גרמים,350.00,100 גרם,false,,8.90,0.0254,true,1,8411235
7290018394151,false,מיקס פטריות אקזוטי חוות תקוע,"פנטה אמפאק בע""מ",IL,מיקס פטריות אקזוטי ח,גרמים,400.00,100 גרם,false,,19.90,0.0497,true,1,8411258
7290018394274,false,פטריות שיטאקי+פטריות,חוות תקוע,IL,פטריות דואט יפני,גרמים,150.00,100 גרם,false,,9.90,0.0660,true,1,8474916
7290018440193,false,פליפז בייגלה בציפוי קרם בטעם חמאת בוטנים מקוויטיס 140 גרם,אולקר מקבוצת פלאדיס,TR,בייגלה בציפוי קרם חמ,גרמים,140.00,100 גרם,false,,8.90,0.0636,true,1,8296881
7290018440209,false,פליפז בייגלה בציפוי פאדג' לבן מקוויטיס 140 גרם,אולקר מקבוצת פלאדיס,TR,בייגלה בציפוי פאדג',גרמים,140.00,100 גרם,false,,8.90,0.0636,true,1,8296882
7290018440223,false,תה צ'אי מסאלה 25 שקיקים ויסוצקי,תה ויסוצקי,IL,תה צ'אי מסאלה ויסוצק,יח',1.00,יח',false,,18.90,18.9000,true,1,8352227
7290018440230,false,תה צ'אי ורדים 25 שקיקים ויסוצקי,תה ויסוצקי,IL,תה צ'אי ורדים ויסוצק,יח',1.00,יח',false,,18.90,18.9000,true,1,8352228
7290018440247,false,תה צ'אי שקדים0 25 שקיקים ויסוצקי,תה ויסוצקי,IL,תה צ'אי שקדים ויסוצק,יח',1.00,יח',false,,18.90,18.9000,true,1,8352229
7290018440254,false,תה צ'אי קרמל מלוח 25 שקיקים ויסוצקי,תה ויסוצקי,IL,תה צ'אי קרמל מלוח וי,יח',1.00,יח',false,,18.90,18.9000,true,1,8352230
7290018440391,false,תה ירוק מאטה נענע גוארנה ויסוצקי 25 יחידות,תה ויסוצקי,IL,תה ירוק מאטה נענע גו,גרמים,37.50,100 גרם,false,,22.90,0.6107,true,1,8352232
7290018440407,false,תה ירוק מאטה קקאו לוז ויסוצקי 25 יחידות,תה ויסוצקי,IL,תה ירוק מאטה קקאו לו,גרמים,37.50,100 גרם,false,,22.90,0.6107,true,1,8352233
7290018440438,false,Calvo טונה בשמן זית פתיחה קלה 3 * 65 גרם,"קאלוו קונסרבס ס.ל.יו. ,",ES,טונה בשמן זית פתיחה,גרמים,195.00,100 גרם,false,,25.80,0.1323,true,1,8431748
7290018440445,false,טונה קאלוו בשמן זית 160 גר,"קאלוו קונסרבס ס.ל.יו. ,",ES,טונה בשמן זית 160 ג,גרמים,160.00,100 גרם,false,,16.80,0.1050,true,1,8431749
7290018440476,false,פליפז בייגלה מצופה בקרם עוגת גבינה ותותים מקוויטיס 140 גרם,אולקר מקבוצת פלאדיס,TR,בייגלה מצופה קרם עוג,גרמים,140.00,100 גרם,false,,8.90,0.0636,true,1,8338631
7290018440483,false,פליפז בייגלה מצופה בקרמל מלוח ושוקולד מקוויטיס 140 גרם,אולקר מקבוצת פלאדיס,TR,בייגלה מצופה קרמל מל,גרמים,140.00,100 גרם,false,,8.90,0.0636,true,1,8338632
7290018440513,false,סלט קליפורנייה קאלוו עם טונה 150 גר,"קאלוו קונסרבס ס.ל.יו. ,",ES,סלט טונה קליפורניה +,גרמים,150.00,100 גרם,false,,14.80,0.0987,true,1,8431753
7290018440520,false,סלט טונה קאלוו מקסיקני 150 גר,"קאלוו קונסרבס ס.ל.יו. ,",ES,סלט טונה מקסיקני 150,גרמים,150.00,100 גרם,false,,14.80,0.0987,true,1,8431754
7290018440629,false,תה ויסוצקי טעם עשיר,ויסוצקי,IL,תה שחור קלאסי 120 שק,יח',1.00,יח',false,,19.90,19.9000,true,1,8338633
7290018441626,false,גלידת פיינטים מנטה עוגיות 430 ג' בן וג'ירי,מוצרי איכות אמריקאיים בע,IL,גלידה בן &ג'ריס מנטה,מיליליטרים,500.00,"100 מ""ל",false,,16.90,0.0338,true,1,8359579
7290018443040,false,נבטים סיניים (בוסתן,בוסתן עשבי תיבול,IL,נבטים סיניים,יח',1.00,יח',false,,5.90,5.9000,true,1,8291775
7290018443057,false,נבטי חמניה (בוסתן),בוסתן עשבי תיבול,IL,נבטי חמניה,יח',1.00,יח',false,,8.90,8.9000,true,1,8291776
7290018443064,false,נבטי אלפלפא (בוסתן),בוסתן עשבי תיבול,IL,נבטי אלפלפא,יח',1.00,יח',false,,5.90,5.9000,true,1,8291777
7290018443255,false,בייבי בטטה,,,בייבי בטטה,יח',1.00,יח',false,,7.90,7.9000,true,1,8359980
7290018443347,false,שמיר ברכת קטיף מצע מנותק ייבול נוכרי,ברכת קטיף,IL,שמיר ייבול נוכרי ברכ,יח',1.00,יח',false,,5.90,5.9000,true,1,8349015
7290018443545,false,פלפל צילי אדום 200 גרם,,,פלפל צילי אדום 200 ג,גרמים,200.00,100 גרם,false,,9.90,0.0495,true,1,8444048
7290018443728,false,באק צ'וי זוג רמי לוי,,,באק צ'וי זוג רמי לוי,יח',1.00,יח',false,,11.90,11.9000,true,1,8356013
7290018443736,false,בייבי מיקס רמי לוי 150 גרם,,,בייבי מיקס רמי לוי 1,יח',1.00,יח',false,,9.90,9.9000,true,1,8356014
7290018443743,false,חמציץ רמי לוי פראש,,,חמציץ רמי לוי,יח',1.00,יח',false,,9.90,9.9000,true,1,8356015
7290018443750,false,חסה משי רמי לוי פראש,,,חסה משי רמי לוי,יח',1.00,יח',false,,9.90,9.9000,true,1,8356016
7290018443781,false,רוקט 150 גרם רמי לוי,,,רוקט 150 גרם רמי לוי,יח',1.00,יח',false,,9.90,9.9000,true,1,8356019
7290018443804,false,צמד כרוביות,,,צמד כרוביות,יח',1.00,יח',false,,16.90,16.9000,true,1,8362456
7290018443811,false,עלי קיסר בנספק רמי לוי,,,עלי קיסר בנספק רמי ל,יח',1.00,יח',false,,9.90,9.9000,true,1,8356021
7290018443828,false,צמד חסה אייסברג,,,צמד חסה אייסברג,יח',1.00,יח',false,,9.90,9.9000,true,1,8362457
7290018443873,false,ברוקובית מיקס כרובית,,,ברוקובית,יח',1.00,יח',false,,17.90,17.9000,true,1,8387348
7290018449080,false,תערובת שתילה 10ליטר חידה,פרח הארץ,IL,תערובת שתילה 10 ליטר,יח',1.00,יח',false,,19.90,19.9000,true,1,8266791
7290018449158,false,פטוניה בקערה יחידה,פרח הארץ,IL,פטוניה קערה,יח',1.00,יח',false,,24.90,24.9000,true,1,8277772
7290018468302,false,נקניקיה טבעונית בסגנון מרגז טירת צבי 400 ג,טירת צבי - מדף,IL,נקניקיה צמחית סגנון,גרמים,400.00,100 גרם,false,,34.90,0.0872,true,1,8411595
7290018468401,false,פסטרמה צמחונית בטעם גריל 100 גר טירת צבי,טיב טירת צבי 2000,IL,פסטרמה צמחונית טעם ג,גרמים,120.00,100 גרם,false,,14.90,0.1242,true,1,8454609
7290018468418,false,פסטרמה צמחונית טעם מפולפל 120 גרם טירת צבי,טיב טירת צבי 2000,IL,פסטה צמחונית טעם מפו,גרמים,120.00,100 גרם,false,,14.90,0.1242,true,1,8454610
7290018468425,false,נקניק טבעוני בטעם פיקנטי 100 גרם טירת צבי,טיב טירת צבי 2000,IL,נקניק טבעוני טעם פיק,גרמים,100.00,100 גרם,false,,14.90,0.1490,true,1,8454611
7290018468432,false,נקניק טבעוני בטעם מעושן 100 גרם טירת צבי,טיב טירת צבי 2000,IL,נקניק טבעוני טעם מעו,גרמים,100.00,100 גרם,false,,14.90,0.1490,true,1,8454612
7290018471029,false,"סודה בטעם לימון - מארז 6 בקבוקים 500 מ""ל",יפאורה תבורי בעמ,IL,שוופס סודה שישייה 50,ליטרים,3.00,ליטר,false,,13.90,4.6333,true,1,8285239
7290018471180,false,משקה פרוט& ווג' אננס תפוח גזר 1 ליטר,פרוט אנד וג' Fruit & Veg,IL,פרוט&ווג אננס תפוח ג,מטרים,1000.00,100 מ'ל,false,,11.90,0.0119,true,1,8314374
7290018471197,false,פרוט & ווג' תפוח בננה מלון נענע 1 ליטר,פרוט אנד וג' Fruit & Veg,IL,פרוט&ווג תפוח בננה מ,מטרים,1000.00,100 מ'ל,false,,11.90,0.0119,true,1,8314375
7290018471210,false,קרטונית נקטר ספרינג תפוח סברס 1 ליטר,"יפאורה תבורי בע""\מ",IL,נקטר אגס סברס ספרינג,ליטרים,1.00,ליטר,false,,6.50,6.5000,true,1,8312849
7290018471302,false,"מארז רביעייה שוויפס טוניק 250מ""ל",יפאורה תבורי בעמ,IL,שוופס טוניק 250מל,יח',1.00,יח',false,,19.30,19.3000,true,1,8301273
7290018471319,false,"מארז רביעייה שוויפס ביטר למון 250מ""ל",יפאורה תבורי בעמ,IL,שוופס ביטר למון 250מ,יח',1.00,יח',false,,19.30,19.3000,true,1,8301255
7290018471395,false,משקה פרוט& ווג' תפוח רימון ג'ינג'ר 1 ליטר,פרוט אנד וג' Fruit & Veg,IL,פרוט&ווג תפוח סלק רי,מטרים,1000.00,100 מ'ל,false,,11.90,0.0119,true,1,8314376
7290018471401,false,משקה פרוט& ווג' אננס בננה כורכום 1 ליטר,פרוט אנד וג' Fruit & Veg,IL,פרוט&ווג אננס בננה כ,מטרים,1000.00,100 מ'ל,false,,11.90,0.0119,true,1,8314377
7290018471449,false,קרטונית ספרינג שייק בננה תמר תפוז 1 ליטר,"יפאורה תבורי בע""\מ",IL,שייק בננה תמר תפוז 1,ליטרים,1.00,ליטר,false,,11.60,11.6000,true,1,8332298
7290018471463,false,תפוזינה נקטר תפוז מנגו קרטונית 1 ליטר,"יפאורה תבורי בע""\מ",IL,תפוזינה נקטר תפוז מנ,ליטרים,1.00,ליטר,false,,6.50,6.5000,true,1,8319824
7290018471470,false,תפוזינה נקטר תפוז פסיפלורה קרטונית 1 ליטר,"יפאורה תבורי בע""\מ",IL,תפוזינה נקטר תפוז פס,ליטרים,1.00,ליטר,false,,6.50,6.5000,true,1,8319825
7290018471487,false,תפוזינה נקטר תפוז אננס קרטונית 1 ליטר,"יפאורה תבורי בע""\מ",IL,תפוזינה נקטר תפוז אנ,ליטרים,1.00,ליטר,false,,6.50,6.5000,true,1,8319826
7290018471494,false,תפוזינה משקה תפוז גזר קרטונית 1 ליטר,"יפאורה תבורי בע""\מ",IL,תפוזינה נקטר תפוז גז,ליטרים,1.00,ליטר,false,,6.50,6.5000,true,1,8319827
7290018471630,false,שוופס טוניק מלפפון ליים 1 ליטר,"יפאורה תבורי בע""\מ",IL,שוופס טוניק מלפפון ל,מטרים,1000.00,100 מ'ל,false,,8.90,0.0089,true,1,8326355
7290018471692,false,ספרינג שייק בננה אננס קוקוס פירות יער קרטונית 1 ליטר,"יפאורה תבורי בע""\מ",IL,ספרינג שייק בננה אננ,ליטרים,1.00,ליטר,false,,11.60,11.6000,true,1,8332302
7290018471906,false,שוופס מוגז פירות לימונדה ורודה 1.5 ליטר פיקדון,"יפאורה תבורי בע""\מ",IL,משקה מוגז לימונדה ור,ליטרים,1.50,ליטר,false,,8.20,5.4667,true,1,8355773
7290018471913,false,משקה מוגז פירות תפוחים שוופס 1.5 ליטר,"יפאורה תבורי בע""\מ",IL,משקה מוגז פירות תפוח,ליטרים,1.50,ליטר,false,,8.20,5.4667,true,1,8355774
7290018471920,false,שוופס מוגז פירות ענבים 1.5 ליטר פיקדון,"יפאורה תבורי בע""\מ",IL,משקה מוגז פירות ענבי,ליטרים,1.50,ליטר,false,,8.20,5.4667,true,1,8355775
7290018471937,false,שוופס מוגז פירות תות ליים 1.5 ליטר פיקדון,"יפאורה תבורי בע""\מ",IL,משקה מוגז פירות תות,ליטרים,1.50,ליטר,false,,8.20,5.4667,true,1,8355776
7290018471944,false,שוופס מוגז פירות לימונייד 1.5 ליטר פיקדון,"יפאורה תבורי בע""\מ",IL,משקה מוגז פירות לימו,ליטרים,1.50,ליטר,false,,8.20,5.4667,true,1,8355777
7290018471951,false,שוופס מוגז פירות אשכולית אדומה 1.5 ליטר פיקדון,"יפאורה תבורי בע""\מ",IL,משקה מוגז פירות אשכו,ליטרים,1.50,ליטר,false,,8.20,5.4667,true,1,8355778
7290018493052,false,"ד""ר פישר - אפקטיב קר קרם ידיים מועשר בשמן אבוקדו 100 מ""ל",פישר מעבדות פרמצבטיות,IL,אפקטיב קר קרם ידיים,מטרים,100.00,100 מ'ל,false,,14.90,0.1490,true,1,8307189
7290018493076,false,"אפקטיב קר קרם ידייםמועשר בשמן ארגן ד""ר פישר 100 מ""ל",פישר מעבדות פרמצבטיות,IL,אפקטיב קר קרם ידיים,מטרים,100.00,100 מ'ל,false,,14.90,0.1490,true,1,8307191
7290018493977,false,קמיל לניקוי והרגעת העור מועשר בשיבולת שועל 1 ל',פישר מעבדות פרמצבטיות,IL,קמיל אל סבון לניקוי,100 מל,1000.00,100 מל,false,,15.80,0.0158,true,1,8321338
7290018500231,false,לחם פרוס וויקאנד אנג'ל 750 גרם,מאפיית אנג'ל,IL,לחם וויקנט,יח',1.00,יח',false,,15.90,15.9000,true,1,8399104
7290018500309,false,פיתה לבנונית.,,,פיתה לבנונית.,יחידה,0.00,יחידה,false,,11.90,0.0000,true,1,8486220
7290018500361,false,"לחם שחור פרוס 900 גרם ""אנג'ל"" -מוצר בפיקוח",מאפיית שלמה א. אנג'\ל בע,IL,לחם אחיד פרוס אנג'ל,גרמים,900.00,100 גרם,false,,8.30,0.0092,true,1,8424151
7290018500385,false,"חלה רגילה 650 גרם ""אנגל""-מוצר בפיקוח",מאפיית שלמה א. אנגל,IL,חלה רגילה אנג'ל,גרמים,650.00,100 גרם,false,,5.10,0.0078,true,1,8424152
7290018500392,false,"חלה רגילה 650 גרם ""אנגל""-מוצר בפיקוח",מאפיית שלמה א. אנגל,IL,חלה קלועה אנג'ל,גרמים,650.00,100 גרם,false,,5.10,0.0078,true,1,8424153
7290018500408,false,לחם אחיד פרוס 900 ג רמי לוי,,,לחם אחיד פרוס 900 ג,גרמים,900.00,100 גרם,false,,7.10,0.0079,true,1,8424156
7290018516324,false,פאוץ' פרינוק תפוח עץ עם שיבולת שועל 120 גרם,פרוטה פודווין איי.אס,CZ,פרינוק פאוץ' תפוח ש.,גרמים,120.00,100 גרם,false,,5.90,0.0492,true,1,8324262
7290018516348,false,מחית פרינוק פאוץ' שיבולת שועל סלט פירות 120 גרם,פרוטה פודווין איי.אס,CZ,מחית פרינוק פאוצ סלט,גרמים,120.00,100 גרם,false,,5.90,0.0492,true,1,8332727
7290018516362,false,מחיט תפוח עץ בננה ושבולות שועל 190 ג' פרינוק גוניור,פרוטה פודווין איי.אס,CZ,"גוניור תפו""ע בננה שי",גרמים,190.00,100 גרם,false,,5.90,0.0311,true,1,8366335
7290018516393,false,פרמיו סופרים מיקס לחתול,פרמיו Premio,DE,פרמיו מיקס 3קג,יח',1.00,יח',false,,59.90,59.9000,true,1,8357443
7290018516447,false,ארוחת מקרוני+רוטב גב206,,US,פסטה מקרוני עם גבינה,גרמים,262.00,100 גרם,false,,11.90,0.0454,true,1,8417955
7290018516737,false,"פרמיו סופרים עוף וכבד לחתול בוגר 3ק""ג",,,פרמיו סופרים עוף וכב,יחידה,0.00,יחידה,false,,59.90,0.0000,true,1,8453047
7290018516942,false,"פרמיו סופרים מועשר בעוף לכלב בוגר 3ק""ג",פרמיו Premio,,פרמיו סופרים מועשר ב,יחידה,0.00,יחידה,false,,49.90,0.0000,true,1,8453050
7290018516966,false,"פרמיו סופרים עם בקר לכלב בוגר 3ק""ג",פרמיו Premio,,פרמיו סופרים עם בקר,יחידה,0.00,יחידה,false,,49.90,0.0000,true,1,8453052
7290018540329,false,שקית פיתה פיתה בלדי 800 ג' אנג'ל,מאפיית שלמה א. אנג'\ל בע,IL,פיתה אנגל 8 יח,גרמים,800.00,100 גרם,false,,10.90,0.0136,true,1,8320561
7290018540817,false,ארטיזנל לחם מחמצת כוסמין אנג'ל 500 גרם,מאפיית אורנים,IL,לחם מחמצת ארטיזנל כו,גרמים,500.00,100 גרם,false,,18.90,0.0378,true,1,8357707
7290018540824,false,ארטיזנל לחם מחמצת כפרי אנג'ל 500 גרם,מאפיית אורנים,IL,לחם מחמצת ארטיזנל כפ,גרמים,500.00,100 גרם,false,,17.90,0.0358,true,1,8357708
7290018546109,false,פסטה בוקטיני 400גר רמילוי,,,פסטה בוקטיני 400גר ר,גרמים,400.00,100 גרם,false,,3.50,0.0088,true,1,8370800
7290018546260,false,פירורי לחם מוזהבים 800 גרם,,,פירורי לחם מוזהבים 8,גרמים,800.00,100 גרם,false,,11.90,0.0149,true,1,6911092
7290018554005,false,מלפפון במלח 7-9 רמי לוי,,,מלפפון במלח 7-9 רמי,גרמים,670.00,100 גרם,false,,4.90,0.0073,true,1,8266577
7290018554012,false,מלפםונים בחומץ 7-9 רמילוי,,,מלפםונים בחומץ 7-9 ר,גרמים,670.00,100 גרם,false,,4.90,0.0073,true,1,8266578
7290018554029,false,מלפפונים במלח 10-12 רמילוי,,,מלפפונים במלח 10-12,גרמים,540.00,100 גרם,false,,5.90,0.0109,true,1,8266579
7290018554036,false,מלפפונים בחומץ 10-12 רמילוי,,,מלפפונים בחומץ 10-12,גרמים,540.00,100 גרם,false,,5.90,0.0109,true,1,8266580
7290018554043,false,מלפפונים במלח 13-17 רמילוי,,,מלפפונים במלח 13-17,גרמים,540.00,100 גרם,false,,6.90,0.0128,true,1,8266581
7290018554050,false,מלפפונים בחומץ 13-17,,,מלפפונים בחומץ 13-17,גרמים,540.00,100 גרם,false,,6.90,0.0128,true,1,8266582
7290018554067,false,מלפפונים במלח 18-25 רמילוי,,,מלפפונים במלח 18-25,גרמים,670.00,100 גרם,false,,8.90,0.0133,true,1,8266583
7290018554074,false,מלפםונים בחומץ 18-25 רמילוי,,,מלפםונים בחומץ 18-25,גרמים,670.00,100 גרם,false,,8.90,0.0133,true,1,8266584
7290018563151,false,"שנאפס משקה כהל 4% בטעם אננס 275 מ""ל",פרי קטיף,IL,שנאפס טעם אננס 275 מ,מטרים,275.00,100 מ'ל,false,,10.90,0.0396,true,1,8418875
7290018563182,false,"שנאפס משקה כהל 4% בטעם ליצ'י 275 מ""ל",פרי קטיף,IL,שנאפס טעם ליצ'י 275,מטרים,275.00,100 מ'ל,false,,10.90,0.0396,true,1,8418900
7290018563274,false,בקבוק תרכיז תפוחים 1 ליטר פרי קטיף,"פ.קטיף מזון בע""מ",IL,רכז טעם תפוחים 1ליטר,ליטרים,1.00,ליטר,false,,26.90,26.9000,true,1,8345910
7290018564011,false,אפונת גינה רמילוי 800 גר,,,אפונת גינה רמילוי 80,גרמים,800.00,100 גרם,false,,8.70,0.0109,true,1,8319873
7290018564028,false,אפונה עדינה 600ג רמילוי,,,אפונה עדינה 600ג רמי,גרמים,600.00,100 גרם,false,,10.90,0.0182,true,1,8317565
7290018564035,false,שעועית ירוקה שלמה 800 ג,,,שעועית ירוקה שלמה 80,גרמים,800.00,100 גרם,false,,8.70,0.0109,true,1,8316218
7290018564059,false,שעועית ירוקה שלמה עדינה 600ג רמילוי,,,שעועית ירוקה שלמה עד,גרמים,600.00,100 גרם,false,,8.70,0.0145,true,1,8317567
7290018564127,false,לקט לקוסקוס רמילוי 800 גר,,,לקט לקוסקוס רמילוי 8,גרמים,800.00,100 גרם,false,,9.90,0.0124,true,1,8318965
7290018564165,false,כרובית 800גר רמי לוי,,,כרובית 800גר רמי לוי,גרמים,800.00,100 גרם,false,,9.90,0.0124,true,1,8313105
7290018564172,false,ברוקולי 800גר רמי לוי,,,ברוקולי 800גר רמי לו,גרמים,800.00,100 גרם,false,,12.90,0.0161,true,1,8313106
7290018564189,false,פולי סויה קלופים 600גר,,,פולי סויה קלופים 600,גרמים,600.00,100 גרם,false,,12.90,0.0215,true,1,8338062
7290018564196,false,שעועית ירוקה חתוכה 800 ג,,,שעועית ירוקה חתוכה 8,גרמים,800.00,100 גרם,false,,8.70,0.0109,true,1,8316219
7290018566008,false,אגוזי מלך קלופים 250גר בקופסא,,,אגוזי מלך קלופים 250,גרמים,250.00,100 גרם,false,,18.90,0.0756,true,1,8398684
7290018566015,false,תאנה מיובשת 300 גר בקופסא,,,תאנה מיובשת 300 גר ב,גרמים,300.00,100 גרם,false,,13.90,0.0463,true,1,8424987
7290018566022,false,שקד טבעי 280 גר בקופסא,,,שקד טבעי 280 גר בקופ,גרמים,280.00,100 גרם,false,,19.90,0.0711,true,1,8402182
7290018566046,false,שקד מולבן אמריקאי שלם 200ג בקופסא,,,שקד מולבן אמריקאי של,גרמים,200.00,100 גרם,false,,15.90,0.0795,true,1,8413433
7290018566053,false,שקד מולבן מקלות 200ג בקופסא,,,שקד מולבן מקלות 200ג,גרמים,200.00,100 גרם,false,,15.90,0.0795,true,1,8415402
7290018566060,false,שקד מולבן חצוי 200ג בקופסא,,,שקד מולבן חצוי 200ג,גרמים,200.00,100 גרם,false,,16.90,0.0845,true,1,8415403
7290018566077,false,אגוז קשיו קלוף 250גר בקופסא,,,אגוז קשיו קלוף 250גר,גרמים,250.00,100 גרם,false,,19.90,0.0796,true,1,8413434
7290018566084,false,משמש 300 גר בקוספא,,,משמש 300 גר בקוספא,גרמים,300.00,100 גרם,false,,14.90,0.0497,true,1,8422546
7290018566091,false,צימוק בהיר 300 גר בקופסא,,,צימוק בהיר 300 גר בק,גרמים,300.00,100 גרם,false,,12.90,0.0430,true,1,8422547
7290018566114,false,חמוציות ברכז פרי 300ג בקופסא,,,חמוציות ברכז פרי 300,גרמים,300.00,100 גרם,false,,17.90,0.0597,true,1,8423656
7290018566121,false,חמוציות מסוכרות 300ג בקופסא,,,חמוציות מסוכרות 300ג,גרמים,300.00,100 גרם,false,,16.90,0.0563,true,1,8434034
7290018566152,false,פיסטוק 150 גר בקופסא,,,פיסטוק 150 גר בקופסא,גרמים,150.00,100 גרם,false,,22.90,0.1527,true,1,8434035
7290018566169,false,פקאן קלוי 150גר בשקית,,,פקאן קלוי 150גר בשקי,גרמים,150.00,100 גרם,false,,18.00,0.1200,true,1,8445145
7290018566176,false,קשיו קלוי 200גר בשקית,,,קשיו קלוי 200גר בשקי,גרמים,200.00,100 גרם,false,,14.80,0.0740,true,1,8431543
7290018566183,false,שקד קלוי 200 גר בשקית,,,שקד קלוי 200 גר בשקי,גרמים,200.00,100 גרם,false,,9.90,0.0495,true,1,8446182
7290018566190,false,בוטנים קלויים 200 גר בשקית,,,בוטנים קלויים 200 גר,גרמים,200.00,100 גרם,false,,5.90,0.0295,true,1,8445146
7290018566206,false,אגוז מלך קלופים 150 גר בשקית,,,אגוז מלך קלופים 150,גרמים,150.00,100 גרם,false,,9.90,0.0660,true,1,8447606
7290018566220,false,אגוז ברזיל 200גר בקופסא,,,אגוז ברזיל 200גר בקו,גרמים,200.00,100 גרם,false,,29.90,0.1495,true,1,8428643
7290018566237,false,גרעיני חמנייה קלויים במלח 130ג בשקית,,,גרעיני חמנייה קלויים,גרמים,130.00,100 גרם,false,,4.90,0.0377,true,1,8444453
7290018566244,false,גרעיני חמנייה מופחת מלח בשקית,,,גרעיני חמנייה מופחת,גרמים,130.00,100 גרם,false,,4.90,0.0377,true,1,8446812
7290018566251,false,גרעיני דלעת קלוי 150ג בשקית,,,גרעיני דלעת קלוי 150,גרמים,150.00,100 גרם,false,,6.90,0.0460,true,1,8446183
7290018566268,false,צנובר 150 גר בקופסא,,,צנובר 150 גר בקופסא,גרמים,150.00,100 גרם,false,,29.90,0.1993,true,1,8426699
7290018566275,false,פקאן טבעי 150גר בשקית,,,פקאן טבעי 150גר בשקי,גרמים,150.00,100 גרם,false,,17.90,0.1193,true,1,8431544
7290018566282,false,פיסטוק קלוי 150 גר בשקית,,,פיסטוק קלוי 150 גר ב,גרמים,150.00,100 גרם,false,,14.90,0.0993,true,1,8431679
7290018566305,false,גרעיני דלעת קלוף 200גר בקופסא,,,גרעיני דלעת קלוף 200,גרמים,200.00,100 גרם,false,,6.90,0.0345,true,1,8429173
7290018566312,false,שקד טבעי 200 גר בשקית,,,שקד טבעי 200 גר בשקי,גרמים,200.00,100 גרם,false,,9.90,0.0495,true,1,8458898
7290018566336,false,גרעיני חמניה קלוף 200גר בקופסא,,,גרעיני חמניה קלוף 20,גרמים,200.00,100 גרם,false,,5.00,0.0250,true,1,8429174
7290018566343,false,גרעיני אבטיח קלויי במלח בשקית,,,גרעיני אבטיח קלויי ב,יחידה,0.00,יחידה,false,,10.90,0.0000,true,1,8447328
7290018566350,false,גרעיני אבטיח קלויים במחבת בשקית,,,גרעיני אבטיח קלויים,יחידה,0.00,יחידה,false,,10.90,0.0000,true,1,8447329
7290018566367,false,שזיף מיובש 300 גר בקופסא,,,שזיף מיובש 300 גר בק,גרמים,300.00,100 גרם,false,,21.90,0.0730,true,1,8422548
7290018566374,false,צימוק אוזבקי 300 גר בקופסא,,,צימוק אוזבקי 300 גר,גרמים,300.00,100 גרם,false,,15.90,0.0530,true,1,8434011
7290018566381,false,מנגו מיובש 160 גר בקופסא,,,מנגו מיובש 160 גר בק,גרמים,160.00,100 גרם,false,,15.90,0.0994,true,1,8423657
7290018566404,false,פסטה ספגטיני,,,פסטה ספגטיני,יחידה,0.00,יחידה,false,,3.50,0.0000,true,1,8447837
7290018566411,false,פסטה ספגטי,,,פסטה ספגטי,יחידה,0.00,יחידה,false,,3.50,0.0000,true,1,8447838
7290018566459,false,פקאן סיני מסוכר 200 גר בקופסא,,,פקאן סיני מסוכר 200,גרמים,200.00,100 גרם,false,,19.80,0.0990,true,1,8435209
7290018566473,false,אפונה קלויה 150 גר בשקית,,,אפונה קלויה 150 גר ב,גרמים,150.00,100 גרם,false,,6.90,0.0460,true,1,8452573
7290018566480,false,פקאן מסוכר 150 גר בשקית,,,פקאן מסוכר 150 גר בש,גרמים,150.00,100 גרם,false,,14.90,0.0993,true,1,8447607
7290018566503,false,אננס מיובש 160גר בקופסא,,,אננס מיובש 160גר בקו,גרמים,160.00,100 גרם,false,,13.90,0.0869,true,1,8428390
7290018566510,false,שקד מולבן גרוס 200 גר בקופסא,,,שקד מולבן גרוס 200 ג,גרמים,200.00,100 גרם,false,,15.90,0.0795,true,1,8415404
7290018566527,false,תירס קלוי 150 גר בשקית,,,תירס קלוי 150 גר בשק,גרמים,150.00,100 גרם,false,,6.90,0.0460,true,1,8452574
7290018566534,false,רביולי גריל 150 גר בשקית,,,רביולי גריל 150 גר ב,גרמים,150.00,100 גרם,false,,9.90,0.0660,true,1,8452575
7290018566558,false,מנצס 150 גר בשקית,,,מנצס 150 גר בשקית,גרמים,150.00,100 גרם,false,,7.90,0.0527,true,1,8453641
7290018566565,false,קבוקים 150 גר בשקית,,,קבוקים 150 גר בשקית,גרמים,150.00,100 גרם,false,,4.90,0.0327,true,1,8452576
7290018566572,false,בוטנים אמריקאיים מצופים 200ג שקית,,,בוטנים אמריקאיים מצו,גרמים,200.00,100 גרם,false,,5.90,0.0295,true,1,8453642
7290018566589,false,שקד מולבן טחון 200 גר בקופסא,,,שקד מולבן טחון 200 ג,גרמים,200.00,100 גרם,false,,15.90,0.0795,true,1,8415405
7290018566596,false,קוקוס מיובש 160גר בקופסא,,,קוקוס מיובש 160גר בק,גרמים,160.00,100 גרם,false,,13.90,0.0869,true,1,8428391
7290018566619,false,פסטה פנה,,,פסטה פנה,יחידה,0.00,יחידה,false,,3.50,0.0000,true,1,8447840
7290018566640,false,פסטה פרפלה,,,פסטה פרפלה,יחידה,0.00,יחידה,false,,3.50,0.0000,true,1,8447843
7290018566657,false,פסטה צדפים,,,פסטה צדפים,יחידה,0.00,יחידה,false,,3.50,0.0000,true,1,8447844
7290018566664,false,פסטה קונכיות,,,פסטה קונכיות,יחידה,0.00,יחידה,false,,3.50,0.0000,true,1,8447845
7290018566671,false,פסטה בוקטיני,,,פסטה בוקטיני,יחידה,0.00,יחידה,false,,3.50,0.0000,true,1,8447846
7290018566688,false,פסטה מסולסלת,,,פסטה מסולסלת,יחידה,0.00,יחידה,false,,3.50,0.0000,true,1,8447872
7290018566718,false,"שמן זית ספרד 750 מ""ל רמילוי",,,"שמן זית ספרד 750 מ""ל",מטרים,750.00,100 מ'ל,false,,13.90,0.0185,true,1,8454404
7290018566732,false,מיקס פיצוחים 450 גר,,,מיקס פיצוחים 450 גר,גרמים,450.00,100 גרם,false,,39.90,0.0887,true,1,8461614
7290018566749,false,גרעיני חמניה קלויים במלח 300 גר,,,גרעיני חמניה קלויים,גרמים,300.00,100 גרם,false,,8.90,0.0297,true,1,8477082
7290018566756,false,גרעיני חמניה במליחות עדינה 300 גר,,,גרעיני חמניה במליחות,גרמים,300.00,100 גרם,false,,8.90,0.0297,true,1,8477083
7290018566763,false,מנצ'ס 400גר בשקית,,,מנצ'ס 400גר בשקית,גרמים,400.00,100 גרם,false,,12.90,0.0323,true,1,8480514
7290018566831,false,מיץ לימון משומר 200 מל,,,מיץ לימון משומר 200,יח',1.00,יח',false,,5.90,5.9000,true,1,8329299
7290018566848,false,מיץ לימון משומר 1000 מל,,,מיץ לימון משומר 1000,יח',1.00,יח',false,,7.90,7.9000,true,1,8329300
7290018566862,false,קטשופ 720מל רמי לוי,,,קטשופ 720מל רמי לוי,גרמים,720.00,100 גרם,false,,6.90,0.0096,true,1,8372145
7290018566879,false,תה ירוק קלאסי 25 יח רמי לוי,,,תה ירוק קלאסי 25 יח,יח',1.00,יח',false,,6.80,6.8000,true,1,8372119
7290018566886,false,תה ירוק לימונית ולואיזה 25 יח רמי לוי,,,תה ירוק לימונית ולוא,יח',1.00,יח',false,,6.80,6.8000,true,1,8372120
7290018566893,false,תה קמומיל 25 יח רמי לוי,,,תה קמומיל 25 יח רמי,יח',1.00,יח',false,,6.80,6.8000,true,1,8372121
7290018566909,false,תה ירוק נענע 25 יח רמי לוי,,,תה ירוק נענע 25 יח ר,יח',1.00,יח',false,,6.80,6.8000,true,1,8372122
7290018566916,false,ארל גרי 25 יח רמי לוי,,,ארל גרי 25 יח רמי לו,יח',1.00,יח',false,,6.80,6.8000,true,1,8372123
7290018566923,false,תה שחור 100שק רמי לוי,,,תה שחור 100שק רמי לו,יח',1.00,יח',false,,9.90,9.9000,true,1,8372124
7290018571538,false,סוכריות חורף פרופוליס אכיניציה ילדים דובונים יד למעלה 175 גרם מיה פלוס,מיה תעשיות מזון בעמ,IL,סוכריות חורף פרופולי,גרמים,175.00,100 גרם,false,,39.90,0.2280,true,1,8463794
7290018571545,false,סוכריות ג'לי עם מיצוי כורכומין וג'ינג'ר למבוגרים,מיה תעשיות מזון בעמ,IL,סוכריות כורכומין מבו,גרמים,210.00,100 גרם,false,,39.90,0.1900,true,1,8463821
7290018571637,false,סוכריות מולטי ויטמין גברים מבוגרים גבעות  220 גרם מיה פלוס,מיה תעשיות מזון בעמ,IL,סוכריות מולטי ויטמין,גרמים,220.00,100 גרם,false,,39.90,0.1814,true,1,8463824
7290018571668,false,"סוכריות ג'לי עם ויטמינים C, D3 ואבץ לילדים ומבוגרים",מיה תעשיות מזון בעמ,IL,סוכריות די+סי+אבץ מש,גרמים,210.00,100 גרם,false,,39.90,0.1900,true,1,8463827
7290018571965,false,ריבת חלב אמיתית 340 גר,,,ריבת חלב אמיתית 340,גרמים,340.00,100 גרם,false,,10.90,0.0321,true,1,8481676
7290018626313,false,שמן קנולה מזוכך 1לי רמילוי,,,שמן קנולה מזוכך 1לי,יח',1.00,יח',false,,8.90,8.9000,true,1,8311327
7290018677148,false,גרנולה קראנצ'י שוקולד וקוקוס ללא גלוטן וללא תוספת סוכר נוטרה זן-300 גרם,,CZ,גרנולה קראנצי שוקולד,גרמים,300.00,100 גרם,false,,22.90,0.0763,true,1,8335643
7290018677308,false,PRO אטריות מעדשים צהובות אורגני 250 גרם,,IT,אטריות פרו עדשים צהו,גרמים,250.00,100 גרם,false,,16.90,0.0676,true,1,8423175
7290018703083,false,פראוד חטיף חלבון דאבל שוקולד 60 גרם קראנץ,פראוד PROUD,NL,פראוד חטיף חלבון דאב,יח',1.00,יח',false,,12.90,12.9000,true,1,8384813
7290018703311,false,פראוד - חטיף חלבון קרם עוגיות קראנצ' 60ג,v.s.i,NL,פראוד - חטיף חלבון ק,גרמים,60.00,100 גרם,false,,11.90,0.1983,true,1,8409674
7290018703496,false,פראוד - חטיף חלבון בטעם בננה טופי 60 גרם,פראוד PROUD,NL,פראוד - חטיף חלבון ב,גרמים,60.00,100 גרם,false,,11.90,0.1983,true,1,8409675
7290018708118,false,חלבה וניל פיסטוק ללא סוכר בארכה 350 גרם,בארכה,,בארכה חלבה וניל פיסט,גרמים,350.00,100 גרם,false,,14.90,0.0426,true,1,8355986
7290018710241,false,סוכר וניל עשירייה רמילוי,,,סוכר וניל עשירייה רמ,יח',1.00,יח',false,,1.90,1.9000,true,1,8309355
7290018710258,false,קורנפלור 200גר רמילוי,,,קורנפלור 200גר רמילו,גרמים,200.00,100 גרם,false,,2.90,0.0145,true,1,8309356
7290018710265,false,סודה לשתייה 100גר רמילוי,,,סודה לשתייה 100גר רמ,גרמים,100.00,100 גרם,false,,1.60,0.0160,true,1,8309357
7290018710272,false,שומשום 200גר רמילוי,,,שומשום 200גר רמילוי,גרמים,200.00,100 גרם,false,,5.90,0.0295,true,1,8309358
7290018710289,false,שומשום 400גר רמילוי,,,שומשום 400גר רמילוי,גרמים,400.00,100 גרם,false,,9.90,0.0248,true,1,8309332
7290018710296,false,קוקוס טחון 200גר רמילוי,,,קוקוס טחון 200גר רמי,גרמים,200.00,100 גרם,false,,5.50,0.0275,true,1,8309359
7290018710302,false,קוקוס טחון 500גר רמילוי,,,קוקוס טחון 500גר רמי,גרמים,500.00,100 גרם,false,,12.90,0.0258,true,1,8309360
7290018710326,false,אבקת סוכר 500גר רמילוי,,,אבקת סוכר 500גר רמיל,גרמים,500.00,100 גרם,false,,6.80,0.0136,true,1,8309334
7290018711071,false,מיונז אמיתי 500ג רמילוי,,,מיונז אמיתי 500ג רמי,גרמים,500.00,100 גרם,false,,7.90,0.0158,true,1,8363354
7290018711088,false,מיונז אמיתי 1קג רמילוי,,,מיונז אמיתי 1קג רמיל,גרמים,1000.00,100 גרם,false,,13.90,0.0139,true,1,8363355
7290018792841,false,אבקת קקאו טבעי גאנה 150 גר,אברמוביץ עזר קקאו וש,IL,קקאו טבעי 150גר,גרמים,150.00,100 גרם,false,,9.90,0.0660,true,1,8409459
7290018792858,false,אבקת קקאו טבעי 500 גרם,,GH,קקאו טבעי 500גרם,גרמים,500.00,100 גרם,false,,23.90,0.0478,true,1,8428947
7290018795842,false,שיני שום קלופות 500ג מרינה,מרינה,IL,שיני שום קלופות 500ג,גרמים,500.00,100 גרם,false,,16.90,0.0338,true,1,8436194
7290018809013,false,מיני סמבוסק פיצה,,,מיני סמבוסק פיצה,יח',1.00,יח',false,,54.90,54.9000,true,1,8332350
7290018818275,false,פיצה קונו מרגריטה 26,,,פיצה קונו מרגריטה,יחידה,0.00,יחידה,false,,14.90,0.0000,true,1,8426727
7290018818305,false,פיצה אובליינה מרגריטה,,,פיצה אובליינה מרגריט,יחידה,0.00,יחידה,false,,14.90,0.0000,true,1,8426728
7290018835005,false,אקסטרה צ'יפס אורז חום מלא מלח פלפל שמן זית 60 גרם,נוהלס ג'י אס סי.,BG,אקסטרה ציפס אורז חום,גרמים,60.00,100 גרם,false,,6.90,0.1150,true,1,8349825
7290018835012,false,באר אקסטרה בציפוי שוקולד חלב 5 יח 90 גר,,,חטיף אורז אקסטרה בצי,גרמים,90.00,100 גרם,false,,12.50,0.1389,true,1,8432913
7290018835029,false,מרק בטעם עוף פרווה 400 ג,"מימונס אפיה בע""מ",IL,מרק בטעם עוף 400 גרם,גרמים,400.00,100 גרם,false,,12.90,0.0323,true,1,8453960
7290018878019,false,"כרמית שוקולד צ'יפס מריר 250 גר' כשל""פ",,IL,שוקולד ציפס מריר 47%,גרמים,250.00,100 גרם,false,,9.90,0.0396,true,1,8384701
7290018878088,false,שלשות שוקולד ללס מריר ב.יוסף 85ג*3*18בקרט,"כרמית תעשיות ממתקים בע""\",IL,"שלשות שוקולד לל""תס ח",גרמים,255.00,100 גרם,false,,14.70,0.0576,true,1,8384704
7290018878095,false,שלישיית שוקולד חלב ללא סוכר 85 גרם,"כרמית תעשיות ממתקים בע""\",IL,"שלשות שוקולד לל""תס ח",גרמים,255.00,100 גרם,false,,14.70,0.0576,true,1,8384705
7290018878125,false,שלישיית שוקולד לבן ללא סוכר 85 גרם,"כרמית תעשיות ממתקים בע""\",IL,שוקולד לבן ללא סוכר,גרמים,300.00,100 גרם,false,,14.70,0.0490,true,1,8421621
7290018878170,false,אגו שוקולד מריר 60% מוצקי קקאו 2*100גר,"כרמית תעשיות ממתקים בע""\",IL,אגו זוג שוקולד מריר,גרמים,200.00,100 גרם,false,,8.90,0.0445,true,1,8403512
7290018878477,false,טופי שטוח בטעם קולה 50 יחידות,כרמית,IL,טופי שטוח טעם קולה 5,גרמים,300.00,100 גרם,false,,9.90,0.0330,true,1,8463940
7290018879825,false,מטבעות שוקולד לבן 36 גרם כרמית,כרמית,IL,מטבעות שוקולד לבן 36,גרמים,36.00,גרם,false,,2.90,0.0806,true,1,8463909
7290018879856,false,טופי שטוח  ענבים ופטל  50 יח  24 יח בדצ - חדש,דורקאן,TR,טופי שטוח ענבים ופטל,גרמים,400.00,100 גרם,false,,9.90,0.0248,true,1,8356992
7290018886991,false,שמן קנולה מזוכך 1לי- בית יוסף,סקנולה,EE,שמן קנולה מזוכך 1לי-,יח',1.00,יח',false,,8.90,8.9000,true,1,8361030
7290018893029,false,פרימיום שוקולד מריר 85% רמילוי,,,פרימיום שוקולד מריר,גרמים,100.00,100 גרם,false,,5.80,0.0580,true,1,8354943
7290018893043,false,ממרח אגוזי לוז 350 גר רמילוי,,,ממרח אגוזי לוז 350 ג,גרמים,350.00,100 גרם,false,,10.90,0.0311,true,1,8354964
7290018893081,false,עוגות מגולגלות במילוי קרם חלבי וציפוי בטעם שוקולד,צ'וקטה Chocketa,IT,צוקטה עוגות מגולגלות,גרמים,222.00,100 גרם,false,,8.80,0.0396,true,1,8347501
7290018893104,false,צ'וקטה עוגויות ביסקוויט מצופה שוקולד מריר 100 גרם,דיסטרופר אוליבייר,BE,צ'וקטה עוגיות מצופות,גרמים,100.00,100 גרם,false,,6.90,0.0690,true,1,8378849
7290018893135,false,מקלות אפויים בתוספת מלח Salty,צ'וקטה Chocketa,US,צוקטה גריסיני מלח 12,גרמים,120.00,100 גרם,false,,7.90,0.0658,true,1,8425767
7290018893234,false,צ'וקולטה עוגיות סנדביץ 176גר רמי לוי,,,צ'וקולטה עוגיות סנדב,גרמים,176.00,100 גרם,false,,5.90,0.0335,true,1,8354944
7290018893258,false,צ'וקטה עוגות אישיות במילוי קרם קרמל ובציפוי בטעם שוקולד 300 גרם,פרדי קונדיטוריה אס.פ,IT,צ'וקטה עוגות אישיות,גרמים,300.00,100 גרם,false,,11.90,0.0397,true,1,8341816
7290018893432,false,פרימיום שוקולד מריר ואגוזי לוז רמילוי,,,פרימיום שוקולד מריר,גרמים,100.00,100 גרם,false,,5.80,0.0580,true,1,8354967
7290018893456,false,צ'וקטה עוגות אישיות במילוי קרם ובציפוי בטעם שוקולד 300 גרם,"פרדי קונדיטוריה אס,פי.אי",IT,צ'וקטה עוגות אישיות,גרמים,300.00,100 גרם,false,,11.90,0.0397,true,1,8341818
7290018893487,false,צ'וקטה עוגות אישיות עם קוקוס-מארז עשירייה,פרדי קונדטוריה אס פי,IT,צוקטה עוגות אישיות ק,גרמים,350.00,100 גרם,false,,11.90,0.0340,true,1,8347504
7290018893517,false,בייגלה שטוח מצופה שוקולד מריר חלב נכרי 80 גרם צ'וקטה,שסטוביץ,RO,צוקטה בייגלה שטוח מצ,יח',1.00,יח',false,,6.90,6.9000,true,1,8367224
7290018893616,false,שישיית שוקולד מריר 48% צ'וקטה 100 גרם,איברקקאו,ES,שוקולד צוקטה מריר 48,גרמים,600.00,100 גרם,false,,19.90,0.0332,true,1,8351565
7290018893623,false,צ'וקולטה שוקולד חלב 3*100גר רמילוי,,,צ'וקולטה שוקולד חלב,גרמים,300.00,100 גרם,false,,7.80,0.0260,true,1,8354968
7290018893685,false,צ'וקולטה עוגות אישיות חלב 350גר רמילוי,,,צ'וקולטה עוגות אישיו,גרמים,350.00,100 גרם,false,,10.90,0.0311,true,1,8354945
7290018893807,false,צ'וקטה - שוקולד מריר שלישייה 3 * 100 גרם,אייברקקאו אס אי. יו,ES,צ'וקטה שוקולד מריר 6,גרמים,300.00,100 גרם,false,,12.90,0.0430,true,1,8351567
7290018893814,false,חמישיית שוקולד מריר 48% צ'וקטה 100 גרם,הדקלאים אגודת שיתופי,ES,שוקולד מריר 48% חמיש,גרמים,500.00,100 גרם,false,,17.90,0.0358,true,1,8351568
7290018893821,false,צ'וקולטה שוקולד מריר 5*100גר רמילוי,,,צ'וקולטה שוקולד מריר,גרמים,500.00,100 גרם,false,,13.00,0.0260,true,1,8354946
7290018893838,false,פרימיום שוקולד מריר 70% רמילוי,,,פרימיום שוקולד מריר,גרמים,100.00,100 גרם,false,,5.80,0.0580,true,1,8354969
7290018893876,false,עוגות אישיות רכות עם מילוי קרם בטעם וניל,פרדי קונדיטוריה אס.פ,IT,צוקטה עוגות אישיות ו,גרמים,200.00,100 גרם,false,,10.90,0.0545,true,1,8341820
7290018893883,false,עוגות אישיות במילוי ובציפוי 350ג רמילוי,,,עוגות אישיות במילוי,גרמים,350.00,100 גרם,false,,10.90,0.0311,true,1,8354970
7290018893906,false,עוגיות סנדוויץ' במילוי קרם בטעם וניל,צ'וקטה Chocketa,ES,צ'וקטה עוגיות סנדביץ,גרמים,250.00,100 גרם,false,,6.90,0.0276,true,1,8378852
7290018893920,false,לוקיטוס סוכריות ג'לי בטעמי פירות 700 גרם,צ'וקטה Chocketa,GR,לוקיטוס סוכריות ג'לי,גרמים,700.00,100 גרם,false,,17.90,0.0256,true,1,8458607
7290018893937,false,לוקיטוס סוכריות ג'לי בטעמי פירות 300 גרם,לאבדס,GR,לוקיטוס סוכריות ג'לי,גרמים,300.00,100 גרם,false,,9.90,0.0330,true,1,8458608
7290018894019,false,עוגות אישיות במילוי קרם חלבי ובציפוי קרם קקאו,בלקוני Balconi,IT,בלקוני עוגות מיקס מק,גרמים,350.00,100 גרם,false,,13.90,0.0397,true,1,8378879
7290018894040,false,צ'וקטה שוקולד שוקולד חלב 5*100 גרם,צ'וקטה,FR,צוקטה שוקולד חלב 5*1,גרמים,500.00,100 גרם,false,,19.90,0.0398,true,1,8459050
7290018894200,false,בלקוני וופל קוביות ויל 250 גרם חלבי OU,בלקוני Balconi,IT,בלקוני וופל קוביות ו,גרמים,250.00,100 גרם,false,,9.90,0.0396,true,1,8378854
7290018894217,false,עוגות אישיות במילוי קרם קקאו ובציפוי קרם קקאו,בלקוני Balconi,IT,בלקוני עוגות מיקס מק,גרמים,350.00,100 גרם,false,,14.90,0.0426,true,1,8378880
7290018894408,false,קוביות וופל במילוי קרם אגוזי לוז - חלבי,בלקוני Balconi,IT,בלקוני וופל קוביות א,גרמים,250.00,100 גרם,false,,9.90,0.0396,true,1,8378855
7290018894606,false,בלקוני וופל קקאו 175 גרם חלבי OU,בלקוני Balconi,IT,בלקוני וופל קקאו 175,גרמים,175.00,100 גרם,false,,7.90,0.0451,true,1,8378857
7290018894804,false,וופלים במילוי קרם אגוזי לוז - חלבי,בלקוני Balconi,IT,בלקוני וופל אגוזים 1,גרמים,175.00,100 גרם,false,,7.90,0.0451,true,1,8378858
7290018899625,false,קלין נוזל רצפות 2 לי,,,קלין נוזל רצפות 2 לי,ליטרים,2.00,ליטר,false,,12.90,6.4500,true,1,8459534
7290018899632,false,קלין נוזל רצפות 2 לי,,,קלין נוזל רצפות 2 לי,ליטרים,2.00,ליטר,false,,12.90,6.4500,true,1,8459535
7290018904404,false,שערות קדאיף מזאווי 4,"ממתקי מזוואי בע""מ",IL,שערות קדאיף 450 גרם,גרמים,450.00,100 גרם,false,,13.90,0.0309,true,1,8470451
7290018921029,false,"ד""ר פישר - קמיל בלו מגבוני סנסיטיב 64 יח' * 4",פישר מעבדות פרמצבטיות בע,IL,רביעיית מגבוני קמיל,יח',1.00,יח',false,,21.80,21.8000,true,1,8347277
7290018921067,false,"ד""ר פישר - אפקטיב קר תחליב רחצה שמן שקדים 700 מ""ל",פישר מעבדות פרמצבטיות בע,IL,אפקטיב קר תחליב רחצה,מטרים,700.00,100 מ'ל,false,,16.90,0.0241,true,1,8355005
7290018921166,false,קמיל אל סבון להזנת העור מועשר באצות-ים 1 ליטר,פישר מעבדות פרמצבטיות בע,IL,קמיל אל סבון היגייני,100 מל,1000.00,100 מל,false,,15.80,0.0158,true,1,8347278
7290018921609,false,"ד""ר פישר - קמיל בלו קרם החתלה קלנדולה 120 גרם",פישר מעבדות פרמצבטיות בע,IL,קמיל בלו משחת החתלה,גרמים,120.00,100 גרם,false,,21.90,0.1825,true,1,8417008
7290018921753,false,קמיל אל סבון היגייני לניקוי יסודי מועשר בלחות 1 ליטר,פישר תעשיות,IL,קמיל אל סבון היגייני,100 מל,1000.00,100 מל,false,,15.80,0.0158,true,1,8347281
7290018925065,false,מיץ פרימור תפוזים סחוט 2 ליטר-,"גניר (1992) בע""מ",IL,מיץ תפוזים פרימור 2,ליטרים,2.00,ליטר,false,,24.20,12.1000,true,1,8357367
7290018925089,false,"מיץ פרימור תפו""ע צלול סחוט 2 ליטר-","גניר (1992) בע""מ",IL,"מיץ תפו""ע צלול פרימו",ליטרים,2.00,ליטר,false,,24.20,12.1000,true,1,8357369
7290018925096,false,משקה קל תפוזים פרימור 1.5 ליטר,פרימור,IL,פרימור משקה קל תפוזי,ליטרים,1.50,ליטר,false,,7.90,5.2667,true,1,8357798
7290018925102,false,משקה קל ענבים פרימור 1.5 ליטר,פרימור,IL,פרימור משקה קל ענבים,ליטרים,1.50,ליטר,false,,7.90,5.2667,true,1,8357799
7290018925119,false,משקה קל דיאט אשכוליות פרימור 1.5 ליטר,פרימור,IL,פרימור משקה קל דיאט,ליטרים,1.50,ליטר,false,,7.50,5.0000,true,1,8357800
7290018925126,false,משקה קל תפוחי עץ פרימור 1.5 ליטר,פרימור,IL,"פרימור משקה קל תפו""ע",ליטרים,1.50,ליטר,false,,7.90,5.2667,true,1,8357801
7290018925133,false,פרימור משקה קל מנגו ‏5‏.‏1‏ ליטר,פרימור,IL,פרימור משקה קל מנגו,ליטרים,1.50,ליטר,false,,7.90,5.2667,true,1,8357802
7290018925140,false,משקה קל אשכוליות פרימור 1.5 ליטר,פרימור,IL,פרימור משקה קל אשכול,ליטרים,1.50,ליטר,false,,7.90,5.2667,true,1,8357803
7290018925157,false,משקה קל לימונים פרימור 1.5 ליטר,פרימור,IL,פרימור משקה קל לימונ,ליטרים,1.50,ליטר,false,,7.90,5.2667,true,1,8357804
7290018925164,false,משקה קל תות בננה פרימור 1.5 ליטר,פרימור,IL,פרימור משקה קל תות-ב,ליטרים,1.50,ליטר,false,,7.90,5.2667,true,1,8357805
7290018940082,false,וירטואוזו רונדו חצי יבש 750מ,יקבי ארזה,IL,וירטואוזו רונדו חצי,מיליליטרים,750.00,"100 מ""ל",false,,44.90,0.0599,true,1,8345483
7290018989005,false,שלישיית פולפה עגבניות טבעי יכין 400X3 גרם,זנלכל,IL,יכין פולפה טבעית 400,גרמים,1200.00,100 גרם,false,,13.90,0.0116,true,1,8374606
7290018989081,false,יכין חומוס הבית להכנת חומוס טרי 410 גי,זנלכל,IL,יכין חומוס הבית להכנ,גרמים,410.00,100 גרם,false,,7.70,0.0188,true,1,8417808
7290018989128,false,סירופ בטעם ענבים יכין 1 ליטר,"זנלכל בע""\מ",IL,יכין סירופ בטעם ענבי,מטרים,1000.00,100 מ'ל,false,,18.90,0.0189,true,1,8417809
7290018989135,false,סירופ בטעם פטל יכין 1 ליטר,"זנלכל בע""\מ",IL,יכין סירופ בטעם פטל,מטרים,1000.00,100 מ'ל,false,,18.90,0.0189,true,1,8417810
7290019056027,false,שוופס מוגז פירות תפוחים ללא סוכר 1.5 ליטר פיקדון,"יפאורה תבורי בע""\מ",IL,משקה מוגז פירות תפוח,ליטרים,1.50,ליטר,false,,7.90,5.2667,true,1,8355784
7290019056034,false,שוופס מוגז פירות אננס ללא סוכר 1.5 ליטר פיקדון,"יפאורה תבורי בע""מ",IL,משקה מוגז פירות אננס,ליטרים,1.50,ליטר,false,,7.90,5.2667,true,1,8355785
7290019056041,false,שוופס מוגז פירות לימונייד ללא סוכר 1.5 ליטר פיקדון,"יפאורה תבורי בע""מ",IL,משקה מוגז פירות לימו,ליטרים,1.50,ליטר,false,,7.90,5.2667,true,1,8355786
7290019056058,false,שוופס מוגז עדין תפוח ליים 1.5 ליטר פיקדון,"יפאורה תבורי בע""\מ",IL,שוופס מוגז עדין תפוח,ליטרים,1.50,ליטר,false,,8.30,5.5333,true,1,8355734
7290019056065,false,שוופס מוגז עדין פירות יער 1.5 ליטר פיקדון,"יפאורה תבורי בע""\מ",IL,שוופס מוגז עדין פירו,ליטרים,1.50,ליטר,false,,8.30,5.5333,true,1,8355735
7290019056072,false,שוופס מוגז עדין אננס 1.5 ליטר פיקדון,"יפאורה תבורי בע""מ",IL,שוופס מוגז עדין אננס,ליטרים,1.50,ליטר,false,,8.30,5.5333,true,1,8355736
7290019056089,false,שוופס מוגז עדין ענבי ריזלינג 1.5 ליטר פיקדון,"יפאורה תבורי בע""\מ",IL,שוופס מוגז עדין ענבי,ליטרים,1.50,ליטר,false,,8.30,5.5333,true,1,8355737
7290019056096,false,שוופס מוגז עדין אפרסק 1.5 ליטר פיקדון,"יפאורה תבורי בע""\מ",IL,שוופס מוגז עדין אפרס,ליטרים,1.50,ליטר,false,,8.30,5.5333,true,1,8355738
7290019056164,false,שוופס סודה 1.5 ליטר רביעייה פיקדון,"יפאורה תבורי בע""\מ",IL,סודה שוופס 4*1.5 ליט,ליטרים,6.00,ליטר,false,,11.50,1.9167,true,1,8355744
7290019056171,false,שוופס סודה לימון 1.5 ליטר רביעייה פיקדון,"יפאורה תבורי בע""\מ",IL,סודה לימון שוופס 4*1,ליטרים,6.00,ליטר,false,,11.50,1.9167,true,1,8355745
7290019056188,false,שוופס סודה נענע ליים 1.5 ליטר רביעייה פיקדון,"יפאורה תבורי בע""\מ",IL,סודה נענע ליים שוופס,ליטרים,6.00,ליטר,false,,11.50,1.9167,true,1,8355746
7290019056195,false,שוופס סודה למון גראס ג'ינג'ר 1.5 ליטר רביעייה פיקדון,"יפאורה תבורי בע""\מ",IL,סודה למון גארס שוופס,ליטרים,6.00,ליטר,false,,11.50,1.9167,true,1,8355747
7290019056201,false,שוופס סודה פירות יער 1.5 ליטר רביעייה פיקדון,"יפאורה תבורי בע""\מ",IL,סודה פירות יער שוופס,ליטרים,6.00,ליטר,false,,11.50,1.9167,true,1,8355748
7290019056232,false,משקה מוגז בטעם ליים מוחיטו 1.5 ל' שוופס,"יפאורה תבורי בע""\מ",IL,שוופס מוגז עדין מוחי,ליטרים,1.50,ליטר,false,,8.50,5.6667,true,1,8355749
7290019056249,false,שוופס מים בטעמים ענבים 1.5 ליטר פיקדון,"יפאורה תבורי בע""מ",IL,מים בטעם ענבים שוופס,ליטרים,1.50,ליטר,false,,7.80,5.2000,true,1,8355750
7290019056256,false,שוופס מים בטעמים תפוחים 1.5 ליטר פיקדון,"יפאורה תבורי בע""מ",IL,מים בטעם תפוחים שוופ,ליטרים,1.50,ליטר,false,,7.80,5.2000,true,1,8355751
7290019056263,false,שוופס מים בטעמים אפרסק 1.5 ליטר פיקדון,"יפאורה תבורי בע""מ",IL,מים בטעם אפרסק שוופס,ליטרים,1.50,ליטר,false,,7.80,5.2000,true,1,8355752
7290019056270,false,שוופס מים בטעמים פירות יער 1.5 ליטר פיקדון,"יפאורה תבורי בע""\מ",IL,מים בטעם פירות יער ש,ליטרים,1.50,ליטר,false,,7.80,5.2000,true,1,8355753
7290019056300,false,משקה בטעם ביטר לימון 1.5 ל' שוויפס,"יפאורה תבורי בע""\מ",IL,ביטר למון שוופס 1.5,ליטרים,1.50,ליטר,false,,11.90,7.9333,true,1,8355788
7290019056317,false,שוופס ראשן 1.5 ליטר פיקדון,"יפאורה תבורי בע""\מ",IL,ראשן שוופס 1.5 ליטר,ליטרים,1.50,ליטר,false,,11.90,7.9333,true,1,8355789
7290019056324,false,שוופס טוניק 1.5 ליטר פיקדון,"יפאורה תבורי בע""\מ",IL,טוניק שוופס 1.5 ליטר,ליטרים,1.50,ליטר,false,,11.90,7.9333,true,1,8355790
7290019056331,false,שוופס טוניק ללא סוכר 1.5 ליטר פיקדון,"יפאורה תבורי בע""מ",IL,טוניק ללא סוכר שוופס,ליטרים,1.50,ליטר,false,,11.50,7.6667,true,1,8355791
7290019056355,false,תפוזינה לימונדה MIX לימונענע 1.5 ליטר,"יפאורה תבורי בע""\מ",IL,תפוזינה לימונענע 1.5,ליטרים,1.50,ליטר,false,,7.90,5.2667,true,1,8355697
7290019056362,false,תפוזינה ענבים 1.5 ליטר פיקדון,"יפאורה תבורי בע""\מ",IL,תפוזינה ענבים 1.5 לי,ליטרים,1.50,ליטר,false,,7.90,5.2667,true,1,8355698
7290019056379,false,תפוזינה תפוזים 1.5 ליטר פיקדון,"יפאורה תבורי בע""\מ",IL,תפוזינה תפוזים 1.5 ל,ליטרים,1.50,ליטר,false,,7.90,5.2667,true,1,8355699
7290019056386,false,פתוזינה אשכולית 1.5 ליטר פיקדון,"יפאורה תבורי בע""\מ",IL,תפוזינה אשכוליות 1.5,ליטרים,1.50,ליטר,false,,7.90,5.2667,true,1,8355700
7290019056393,false,תפוזינה תות בננה 1.5 ליטר פיקדון,"יפאורה תבורי בע""\מ",IL,תפוזינה תות בננה 1.5,ליטרים,1.50,ליטר,false,,7.90,5.2667,true,1,8355701
7290019056409,false,תפוזינה מנגו 1.5 ליטר פיקדון,"יפאורה תבורי בע""\מ",IL,תפוזינה מנגו 1.5 לי,ליטרים,1.50,ליטר,false,,7.90,5.2667,true,1,8355702
7290019056416,false,מיץ בטעם לימונדה ורודה 1.5 ל' תפוזינה,"יפאורה תבורי בע""\מ",IL,תפוזינה לימונדה ורוד,ליטרים,1.50,ליטר,false,,7.90,5.2667,true,1,8355703
7290019056423,false,מיץ בטעם תפוח רענן 1.5ל' תפוזינה,"יפאורה תבורי בע""\מ",IL,תפוזינה תפוחים 1.5 ל,ליטרים,1.50,ליטר,false,,7.90,5.2667,true,1,8355704
7290019056430,false,תפוזינה תפוזים לייט 1.5 ליטר פיקדון,"יפאורה תבורי בע""\מ",IL,תפוזינה תפוזים לייט,ליטרים,1.50,ליטר,false,,7.80,5.2000,true,1,8355705
7290019056447,false,תפוזינה אשכוליות לייט 1.5 ליטר פיקדון,"יפאורה תבורי בע""\מ",IL,תפוזינה אשכוליות ליי,ליטרים,1.50,ליטר,false,,7.80,5.2000,true,1,8355706
7290019056461,false,מארז משקה בטעם קולה שישייה * 1.5 ל' אר.סי,"יפאורה תבורי בע""\מ",IL,ארסי קולה שישייה 1.5,ליטרים,9.00,ליטר,false,,37.90,4.2111,true,1,8355823
7290019056478,false,ספרינג טי קר אפרסק 1.5ליטר פיקדון,"יפאורה תבורי בע""\מ",IL,תה קר בטעם אפרסק ספר,ליטרים,1.50,ליטר,false,,7.20,4.8000,true,1,8355707
7290019056485,false,ספריג תה ירוק לימון לואיזה 1.5 ליטר פיקדון,"יפאורה תבורי בע""\מ",IL,תה קר לימון לואיזה ס,ליטרים,1.50,ליטר,false,,7.20,4.8000,true,1,8355708
7290019056492,false,ספרינג תה מנגו אפרסק 1.5 ליטר פיקדון,"יפאורה תבורי בע""\מ",IL,תה קר מנגו אפרסק ספר,ליטרים,1.50,ליטר,false,,7.20,4.8000,true,1,8355709
7290019056508,false,פרוט ווטר ענבים 1.5 ליטר פיקדון,"יפאורה תבורי בע""\מ",IL,פרוט ווטר ענבים 1.5,ליטרים,1.50,ליטר,false,,7.90,5.2667,true,1,8355710
7290019056515,false,פרוט ווטר אננס 1.5 ליטר פיקדון,"יפאורה תבורי בע""\מ",IL,פרוט ווטר אננס 1.5 ל,ליטרים,1.50,ליטר,false,,7.90,5.2667,true,1,8355711
7290019056522,false,פרוט ווטר תות 1.5 ליטר פיקדון,"יפאורה תבורי בע""\מ",IL,פרוט ווטר תות 1.5 לי,ליטרים,1.50,ליטר,false,,7.90,5.2667,true,1,8355712
7290019056539,false,פרוט ווטר אפרסק 1.5 ליטר פיקדון,"יפאורה תבורי בע""\מ",IL,פרוט ווטר אפרסק 1.5,ליטרים,1.50,ליטר,false,,7.90,5.2667,true,1,8355713
7290019056546,false,פרוט ווטר אבטיח 1.5 ליטר פיקדון,"יפאורה תבורי בע""\מ",IL,פרוט ווטר אבטיח 1.5,ליטרים,1.50,ליטר,false,,7.90,5.2667,true,1,8355714
7290019056553,false,שישיית מים מינרלים עין גדי 2 ליטר,עין גדי מים מינרליים,IL,מים עין גדי 2 ליטר ש,ליטרים,12.00,ליטר,false,,12.70,1.0583,true,1,8355824
7290019056577,false,משקה קל מנגו ספרינג 1.5 ליטר,"יפאורה תבורי בע""\מ",IL,משקה קל מנגו ספרינג,ליטרים,1.50,ליטר,false,,7.90,5.2667,true,1,8355666
7290019056584,false,משקה קל תפוזים ספרינג 1.5 ליטר,"יפאורה תבורי בע""\מ",IL,משקה קל תפוזים ספרינ,ליטרים,1.50,ליטר,false,,7.90,5.2667,true,1,8355667
7290019056591,false,משקה קל ענבים ספרינג 1.5 ליטר,"יפאורה תבורי בע""\מ",IL,משקה קל ענבים ספרינג,ליטרים,1.50,ליטר,false,,7.90,5.2667,true,1,8355668
7290019056607,false,משקה קל תפוחים ספרינג 1.5 ליטר,"יפאורה תבורי בע""\מ",IL,משקה קל תפוחים ספרינ,ליטרים,1.50,ליטר,false,,7.90,5.2667,true,1,8355669
7290019056614,false,משקה קל אפרסק ספרינג 1.5 ליטר,"יפאורה תבורי בע""\מ",IL,משקה קל אפרסק ספרינג,ליטרים,1.50,ליטר,false,,7.90,5.2667,true,1,8355670
7290019056621,false,משקה קל פירות טרופיים ספרינג 1.5 ליטר,"יפאורה תבורי בע""\מ",IL,משקה קל פירות טרופיי,ליטרים,1.50,ליטר,false,,7.90,5.2667,true,1,8355671
7290019056638,false,משקה קל תות בננה ספרינג 1.5 ליטר,"יפאורה תבורי בע""\מ",IL,משקה קל תות בננה ספר,ליטרים,1.50,ליטר,false,,7.90,5.2667,true,1,8355672
7290019056645,false,משקה קל אגס תפוח סברס ספרינג 1.5 ליטר,"יפאורה תבורי בע""\מ",IL,משקה קל אגס תפוח סבר,ליטרים,1.50,ליטר,false,,7.90,5.2667,true,1,8355673
7290019056652,false,משקה קל אננס בננה ספרינג 1.5 ליטר,"יפאורה תבורי בע""\מ",IL,משקה קל אננס בננה ספ,ליטרים,1.50,ליטר,false,,7.90,5.2667,true,1,8355674
7290019056669,false,משקה קל תפוחים דיאט ספרינג 1.5 ליטר,"יפאורה תבורי בע""\מ",IL,משקה קל תפוחים דיאט,ליטרים,1.50,ליטר,false,,7.80,5.2000,true,1,8355675
7290019056676,false,משקה קל אשכולית אננס דיאט ספרינג 1.5 ליטר,"יפאורה תבורי בע""\מ",IL,משקה קל אשכולית אננס,ליטרים,1.50,ליטר,false,,7.80,5.2000,true,1,8355676
7290019056737,false,קריסטל מיץ אשכוליטרות 2 ליטר,"יפאורה תבורי בע""\מ",IL,משקה אשכוליות קריסטל,ליטרים,2.00,ליטר,false,,6.90,3.4500,true,1,8355792
7290019056744,false,קריסטל מיץ תפוזים 2 ליטר פיקדון,"יפאורה תבורי בע""\מ",IL,משקה מיץ תפוזים קריס,ליטרים,2.00,ליטר,false,,6.90,3.4500,true,1,8355793
7290019056751,false,קריסטל מיץ אשכוליות דיאט 2 ליטר פיקדון,"יפאורה תבורי בע""\מ",IL,משקה מיץ אשכולית דיא,ליטרים,2.00,ליטר,false,,6.90,3.4500,true,1,8355794
7290019056768,false,קריסטל מיץ מנגו 2 ליטר פיקדון,"יפאורה תבורי בע""\מ",IL,משקה מיץ מנגו קריסטל,ליטרים,2.00,ליטר,false,,6.90,3.4500,true,1,8355795
7290019056775,false,קריסטל מוגז ענבים 2 ליטר פיקדון,"יפאורה תבורי בע""\מ",IL,משקה קריסטל מוגז ענב,ליטרים,2.00,ליטר,false,,6.90,3.4500,true,1,8355796
7290019056782,false,משקה מוגז בטעם לימון ליים 2 ל' קריסטל,"יפאורה תבורי בע""\מ",IL,משקה קריסטל מוגז למו,ליטרים,2.00,ליטר,false,,6.90,3.4500,true,1,8355797
7290019056799,false,קריסטל מוגז אקזוטי 2 ליטר פיקדון,"יפאורה תבורי בע""\מ",IL,משקה קריסטל מוגז אקז,ליטרים,2.00,ליטר,false,,6.90,3.4500,true,1,8355798
7290019056805,false,קריסטל מוגז תפוחים 2 ליטר פיקדון,"יפאורה תבורי בע""\מ",IL,משקה קריסטל מוגז תפו,ליטרים,2.00,ליטר,false,,6.90,3.4500,true,1,8355799
7290019056812,false,קריסטל מוגז מנטה 2 ליטר פיקדון,"יפאורה תבורי בע""\מ",IL,משקה קריסטל מוגז מנט,ליטרים,2.00,ליטר,false,,6.90,3.4500,true,1,8355800
7290019056836,false,קריסטל מוגז תות 2 ליטר פיקדון,"יפאורה תבורי בע""\מ",IL,משקה קריסטל מוגז תות,ליטרים,2.00,ליטר,false,,6.90,3.4500,true,1,8355802
7290019056843,false,קריסטל מוגז קולה 2 ליטר פיקדון,"יפאורה תבורי בע""\מ",IL,משקה קריסטל מוגז קול,ליטרים,2.00,ליטר,false,,6.90,3.4500,true,1,8355803
7290019056850,false,ספרינג תה אפרסק דיאט 1.5 ליטר פיקדון,"יפאורה תבורי בע""\מ",IL,תה קר אפרסק דיאט ספר,ליטרים,1.50,ליטר,false,,7.20,4.8000,true,1,8355716
7290019056959,false,מי-עדן מים מינרלים 1.5 ל,"מופק ממקור בזלתי עדן ,1",IL,מי עדן 1.5ל,ליטרים,1.50,ליטר,false,,2.80,1.8667,true,1,8355825
7290019056973,false,שישיית מי עדן 1.5 ליטר משפחתי,"מופק ממקור בזלתי עדן ,1",IL,מים מינרלים מי עדן 6,ליטרים,9.00,ליטר,false,,12.70,1.4111,true,1,8355826
7290019074090,false,"ד""ר פישר - קמיל בלו אקסטרה סופט אל סבון לתינוק 500 מ""ל",פישר מעבדות פרמצבטיות בע,IL,קמיל בלו אקסטרה סופט,מטרים,500.00,100 מ'ל,false,,22.90,0.0458,true,1,8436644
7290019075288,false,"קידס מולטי ויטמין שמפו 1 ליטר ד""ר פישר","ד""ר פישר",IL,קידס מולטי ויטמין שמ,ליטרים,1.00,ליטר,false,,24.90,24.9000,true,1,8463991
7290019075295,false,"ד""ר פישר - אפקטיב קר תחליב רחצה עדין לידיים מועשר בש""ש 350 מ""ל",פישר מעבדות פרמצבטיות בע,IL,אפקטיב קר סנסיטיב לי,מטרים,300.00,100 מ'ל,false,,7.80,0.0260,true,1,8485133
7290019075400,false,"אפקטיב קר תחליב רחצה מועשר בשיבולת שועל 700 מ""ל",פישר מעבדות פרמצבטיות בע,IL,תחליב רחצה אפקטיב בש,מטרים,700.00,100 מ'ל,false,,16.90,0.0241,true,1,8444279
7290019075493,false,"אפקטיב קר אל סבון עדין לידיים מועשר בתה ירוק ויסמין 350 מ""ל",פישר מעבדות פרמצבטיות בע,IL,אפקטיב קר סנסיטיב לי,מטרים,300.00,100 מ'ל,false,,7.80,0.0260,true,1,8485134
7290019075547,false,"ד""ר פישר - אפקטיב קר קרם גוף לעור יבש במיוחד מועשר בחומצה היאלורונית 450 גרם",פישר מעבדות פרמצבטיות בע,IL,אפקטיב קר קרם גוף לע,מטרים,450.00,100 מ'ל,false,,24.90,0.0553,true,1,8475450
7290019075608,false,"אפקטיב קר תחליב רחצה מועשר בתה ירוק ויסמין 700 מ""ל",פישר מעבדות פרמצבטיות בע,IL,תחליב רחצה אפקטיב קר,מטרים,700.00,100 מ'ל,false,,16.90,0.0241,true,1,8444281
7290019075691,false,"ד""ר פישר - אפקטיב קר תחליב רחצה עדין לידיים מועשר בלבנדר 350 מ""ל",פישר מעבדות פרמצבטיות,IL,אפקטיב קר סנסיטיב לי,מטרים,350.00,100 מ'ל,false,,7.80,0.0223,true,1,8485135
7290019153078,false,"שוופס ביטר למון לייט, 1.5 ליטר פקדון","יפאורה תבורי בע""\מ",IL,שוופס ביטר למון לייט,ליטרים,1.50,ליטר,false,,11.90,7.9333,true,1,8368643
7290019153085,false,שוופס מוגז ליים מוחיטו ללא סוכר 1.5 ליטר-,"יפאורה תבורי בע""\מ",IL,שוופס מוחיטו ללא סוכ,ליטרים,1.50,ליטר,false,,7.90,5.2667,true,1,8368644
7290019153252,false,שוופס סודה תפוח 1.5 ליטר רביעייה פיקדון,"יפאורה תבורי בע""\מ",IL,סודה תפוח שוופס 4*1.,ליטרים,6.00,ליטר,false,,11.50,1.9167,true,1,8396640
7290019153269,false,שוופס סודה אננס 1.5 ליטר רביעייה פיקדון,"יפאורה תבורי בע""\מ",IL,סודה אננס שוופס 4*1.,ליטרים,6.00,ליטר,false,,11.50,1.9167,true,1,8396641
7290019153283,false,סודה שוויפס בטעם אננס 1.5ל,"יפאורה תבורי בע""מ",IL,סודה אננס שוופס 1.5,ליטרים,1.50,ליטר,false,,2.90,1.9333,true,1,8451003
7290019153313,false,"משקהתפוח חמוציות אוכמניות 350 מ""ל פרות & ווג",יפאורה תבורי בעמ,IL,פרוט אנד ג'י תפוח 3,מיליליטרים,350.00,"100 מ""ל",false,,6.90,0.0197,true,1,8413947
7290019153344,false,מיץ בטעם סנגרייה 1.5 ל' תפוזינה,"יפאורה תבורי בע""\מ",IL,תפוזינה סנגרייה 1.5ל,ליטרים,1.50,ליטר,false,,7.90,5.2667,true,1,8409947
7290019153351,false,מיץ בטעם פינק אוזו 1.5 ל' תפוזינה,"יפאורה תבורי בע""\מ",IL,תפוזינה פינק אוזו 1.,ליטרים,1.50,ליטר,false,,7.90,5.2667,true,1,8409948
7290019153375,false,מיץ בטעם מוחיטו 1.5 ל' תפוזינה,"יפאורה תבורי בע""\מ",IL,תפוזינה מוחיטו 1.5לי,ליטרים,1.50,ליטר,false,,7.90,5.2667,true,1,8409949
7290019204008,false,עוף טוב פסטרמה ארבעה פלפלים 350 גרם,עיצובים 2020 (4.9),IL,פסטרמה ארבעה פלפלים,גרמים,350.00,גרם,false,,24.90,0.0711,true,1,8419583
7290019204107,false,עוף טוב פסטרמה בטעם אווז 320 גרם,עיצובים 2020 (4.9),IL,פסטרמה טעם אווז 320,גרמים,320.00,גרם,false,,24.90,0.0778,true,1,8419584
7290019204206,false,עוף טוב פסטרמה בסגנון רומני 320 גרם,עיצובים 2020 (4.9),IL,פסטרמה בסגנון רומני,גרמים,320.00,גרם,false,,24.90,0.0778,true,1,8419585
7290019204305,false,חזה הודו פסטרמה ברביקיו 350 גר',עיצובים 2020 (4.9),IL,פסטרמה בקביקיו 350 ג,גרמים,350.00,גרם,false,,24.90,0.0711,true,1,8419586
7290019232155,false,"חליטת ""לילה טוב"" קמומיל לבנדר ו25 שקיקים ויסוצקי",תה ויסוצקי,IL,ויסוצקי פלוס לילה טו,גרמים,37.50,100 גרם,false,,21.90,0.5840,true,1,8455249
7290019232162,false,"חליטת ""לילה טוב"" קמומיל מליסה 25 שקיקים ויסוצקי",תה ויסוצקי,IL,ויסוצקי פלוס לילה טו,גרמים,37.50,100 גרם,false,,21.90,0.5840,true,1,8455250
7290019232353,false,תה ירוק סיני 50 שקיקים ויסוצקי,תה ויסוצקי,IL,תה ירוק סיני 50 יחיד,גרמים,75.00,100 גרם,false,,39.90,0.5320,true,1,8432873
7290019232377,false,חווית הצ'איתה שחור בטעם וניל והל 25 יח' ויסוצקי,תה ויסוצקי,IL,חווית הצ'אי וניל והל,גרמים,37.50,100 גרם,false,,18.90,0.5040,true,1,8455254
7290019232384,false,חווית הצ'אי תה שחור בטעם מוקה 25*50 ג' ויסוצקי,תה ויסוצקי,IL,חווית הצ'אי מוקה,גרמים,37.50,100 גרם,false,,18.90,0.5040,true,1,8455255
7290019232803,false,הולגריין ביסקוויט+קרם חלב ושוקולד חלב 300 גרם רבנות,"אולקר ביסקווי סנאי, א.ס.",TR,הולגריין ביסקוויט עם,100 יח,300.00,100 יח,false,,10.90,0.0363,true,1,8399105
7290019232827,false,הולגריין ביסקוויט במילוי אגוזי לוז 300 גרם רבנות,"אולקר ביסקווי סנאי, א.ס.",TR,הולגריין ביסקוויט במ,100 יח,300.00,100 יח,false,,10.90,0.0363,true,1,8399107
7290019232834,false,פליפז בייגלה מצופה קרם עוגיות ושוקולד מקוויטיס 140 גרם,אולקר מקבוצת פלאדיס,TR,פליפז בייגלה מצופה ק,100 יח,140.00,100 יח,false,,8.90,0.0636,true,1,8399108
7290019233008,false,רוטב עגבניות עם קוביות ארטישוק ושמן זית 420ג ויסוצקי,דליציה דורה אס.אר.אל,IT,זיתא רוטב שקשוקה ארט,יח',1.00,יח',false,,13.80,13.8000,true,1,8399071
7290019233015,false,רוטב שקשוקה תבשיל ירקות עם שמן זית כתית מעולה 420ג זיתא,זיתא,IT,זיתא שקשוקה ירוקה 42,גרמים,420.00,100 גרם,false,,13.80,0.0329,true,1,8399072
7290019233022,false,שקשוקה חצילים רוטב עגבניות עם קוביות חצילים צלויים,דליציה דורה אס.אר.אל,IT,זיתא רוטב שקשוקה חצי,יח',1.00,יח',false,,13.80,13.8000,true,1,8399073
7290019233039,false,שקשוקה קלאסית- רוטב עגבניות עם קוביות פלפלים צלויים,דליציה דורה אס.אר.אל,IT,זיתא רוטב שקשוקה קלא,יח',1.00,יח',false,,13.80,13.8000,true,1,8399074
7290019297451,false,מי ורדים שקדיה 500 מ,אף.סי תבליני בגליל ב,BE,מי ורדים 500 מל,מיליליטרים,500.00,"100 מ""ל",false,,13.90,0.0278,true,1,2691745
7290019297512,false,"רוטב רימונים שקדיה 340 מ""ל בדץ",סיטוגלוגידה,TR,רוטב רימונים שקדיה 3,גרמים,340.00,100 גרם,false,,9.90,0.0291,true,1,2670142
7290019302315,false,"ייו buzz אבטיח מלון 750 מ""ל",יקבי כרמל,IL,באזז אבטיח מלון 750מ,מטרים,750.00,100 מ'ל,false,,26.90,0.0359,true,1,8414191
7290019308058,false,שעועית ירוקה חתוכה 800 גרם,,,שעועית ירוקה חתוכה 8,גרמים,800.00,100 גרם,false,,6.90,0.0086,true,1,8432566
7290019308201,false,"מנגו 1ק""ג",,,"מנגו 1ק""ג",יחידה,0.00,יחידה,false,,17.90,0.0000,true,1,8467986
7290022005005,false,פפריקה מרוקאית מתוקה רמי לוי,תבליני מימון,IL,פפריקה מרוקאית מתוקה,גרמים,400.00,100 גרם,false,,19.90,0.0497,true,1,2770089
7290022005012,false,פפריקה הונגרית מתוקה רמי לוי 400 גרם,רמי לוי,IL,פפריקה הונגרית מתוקה,גרמים,400.00,100 גרם,false,,19.90,0.0497,true,1,2770090
7290022005029,false,כורכום טחון רמי לוי 250 גרם,רמי לוי,IL,כורכום טחון רמי לוי,גרמים,250.00,100 גרם,false,,15.90,0.0636,true,1,2770091
7290022005043,false,כמון טחון רמי לוי 250 גרם,רמי לוי,IL,כמון טחון רמי לוי 25,גרמים,250.00,100 גרם,false,,15.90,0.0636,true,1,2770093
7290022005074,false,רוטב עגבניות שרי קלאסי 400 גרם,תבליני מימון,IT,פלפל שחור טחון 50ג' שקית-,גרמים,400.00,100 גרם,false,,13.70,0.0342,true,1,2768667
7290022005081,false,רוטב עגבניות שרי ארביאטה 400 גרם,תבליני מימון,IL,פלפל שחור טחון 50ג' שקית-,גרמים,400.00,100 גרם,false,,13.70,0.0342,true,1,2768668
7290022005104,false,רוטב עגבניות שרי בזיליקום 400 גרם,תבליני מימון,IL,פלפל שחור טחון 50ג' שקית-,גרמים,400.00,100 גרם,false,,13.70,0.0342,true,1,8457635
7290022005111,false,רוטב עגבניות שרי לפיצה 400 גרם,תבליני מימון,IL,פלפל שחור טחון 50ג' שקית-,גרמים,400.00,100 גרם,false,,13.70,0.0342,true,1,2768671
7290022005173,false,פלפל שחור טחון רמי לוי 100 גרם,רמי לוי,IL,פלפל שחור טחון רמי ל,גרמים,100.00,100 גרם,false,,11.90,0.1190,true,1,2770095
7290022005180,false,פלפל שחור גרוס דק רמי לוי 90 גרם,רמי לוי,IL,פלפל שחור גרוס דק רמ,גרמים,90.00,100 גרם,false,,11.90,0.1322,true,1,2770096
7290022005197,false,פפריקה מתוקה רמי לוי 100 גרם,רמי לוי,IL,פפריקה מתוקה רמי לוי,גרמים,100.00,100 גרם,false,,8.60,0.0860,true,1,2770097
7290022005203,false,כורכום הודי טחון רמי לוי 100 גרם,רמי לוי,IL,כורכום הודי טחון רמי,גרמים,100.00,100 גרם,false,,8.60,0.0860,true,1,2770098
7290022005210,false,כמון רמי לוי 100 גרם,רמי לוי,IL,כמון רמי לוי 100 גרם,גרמים,100.00,100 גרם,false,,8.60,0.0860,true,1,2770099
7290022005227,false,שום טחון רמי לוי 100 גרם,רמי לוי,IL,שום טחון רמי לוי 100,גרמים,100.00,100 גרם,false,,11.90,0.1190,true,1,2770100
7290022005241,false,זעתר ושומשום רמי לוי 100 גרם,רמי לוי,IL,זעתר ושומשום רמי לוי,גרמים,100.00,100 גרם,false,,8.60,0.0860,true,1,2770102
7290022005258,false,קינמון טחון רמי לוי 100 גרם,רמי לוי,IL,קינמון טחון רמי לוי,גרמים,100.00,100 גרם,false,,7.90,0.0790,true,1,2770103
7290022005272,false,פפריקה הונגרית מתוקה רמי לוי 100 גרם,רמי לוי,IL,פפריקה הונגרית מתוקה,גרמים,100.00,100 גרם,false,,8.60,0.0860,true,1,2770105
7290022005289,false,שום גבישי רמי לוי 120 גרם,רמי לוי,IL,שום גבישי רמי לוי 12,גרמים,100.00,100 גרם,false,,11.90,0.1190,true,1,2770106
7290022005296,false,אורגנו רמי לוי 40 גרם,רמי לוי,IL,אורגנו רמי לוי 40 גר,גרמים,40.00,100 גרם,false,,7.90,0.1975,true,1,2770107
7290022005333,false,פודינג וניל רמי לוי 80 גרם,רמי לוי,IL,פודינג וניל רמי לוי,גרמים,90.00,100 גרם,false,,3.50,0.0389,true,1,2770111
7290022005340,false,פודינג שוקולד רמי לוי 90 גרם,רמי לוי,IL,פודינג שוקולד רמי לו,גרמים,90.00,100 גרם,false,,3.50,0.0389,true,1,2770112
7290022005357,false,תערובת בראוניס רמי ל,רמי לוי,IL,תערובת בראוניס רמי ל,גרמים,560.00,100 גרם,false,,13.90,0.0248,true,1,2770113
7290022005364,false,תערובת כדורי שוקולד,רמי לוי,IL,תערובת כדורי שוקולד,גרמים,560.00,100 גרם,false,,13.90,0.0248,true,1,2770114
7290022005371,false,תערובת עוגת וניל רמי לוי 560 גרם,תבליני מימון,IL,תערובת עוגת וניל רמי,גרמים,560.00,100 גרם,false,,13.90,0.0248,true,1,2770115
7290022005388,false,תערובת עוגת שוקולד רמי לוי 560 גרם,תבליני מימון,IL,תערובת עוגת שוקולד ר,גרמים,560.00,100 גרם,false,,13.90,0.0248,true,1,2770116
7290022005562,false,קריספ פירורי לחם שום 300 גרם מיימונס,א.ל ייצור ושיווק תבל,IL,קריספ פירורי לחם עם,גרמים,300.00,100 גרם,false,,7.50,0.0250,true,1,8407656
7290100240137,false,"תרסיס ריחני למייבש כחול בדין 500 מ""ל","זוהר דליה, קיבוץ דליה, 1",IL,בדין תרסיס למייבש כב,מיליליטרים,500.00,"100 מ""ל",false,,14.90,0.0298,true,1,1093457
7290100240144,false,"תרסיס ריחני למייבש ורוד בדין 500 מ""ל","זוהר דליה, קיבוץ דליה, 1",IL,בדין תרסיס למייבש כב,מיליליטרים,500.00,"100 מ""ל",false,,14.90,0.0298,true,1,1093458
7290100240656,false,"פתית שיפון בד""צ חדש 300X24 גר'",יוניליוור ישראל מזון בע\,IL,פתית שיפון תלמה 300,גרמים,300.00,100 גרם,false,,14.90,0.0497,true,1,1093465
7290100243671,false,"מרכך כביסה מרוכז אקסטרה כחול בדין 960 מ""ל",יוניליוור סנאיי וי טיקאר,TR,בדין אקסטרא מרוכז כח,מיליליטרים,960.00,"100 מ""ל",false,,15.90,0.0166,true,1,1093494
7290100245231,false,נמס בכוס מרק בטעם עוף עם אטריות ושקדי מרק-2 שקיות,יוניליוור ישראל מזון בע\,IL,נמס בכוס טעם עוף ושק,גרמים,50.00,100 גרם,false,,6.50,0.1300,true,1,1093518
7290100412343,false,קוויק מטליות לחות 99.9% לניקוי כללי בריח לימון 50 יחידות,די.פי.אל,IL,קוויק מגבונים לניקוי,יח',50.00,יח',false,,7.90,0.1580,true,1,3299523
7290100412459,false,קוויק מטליות לחות 99.9% לניקוי שירותים ומקלחות בריח לוונדר 50 יחידות,די.פי.אל,IL,קוויק מגבונים לניקוי,יח',50.00,יח',false,,7.90,0.1580,true,1,3299527
7290100412763,false,"דר' עור תחליב רחצה קלאסי -לבנדר 700 מ""ל","אמיליה קוסמטיקס בע""מ",IL,"ד""ר עור תחליב רחצה ל",מיליליטרים,700.00,"100 מ""ל",false,,14.90,0.0213,true,1,6618695
7290100412770,false,"ד""ר עור - תחליב רחצה קלאסי בניחוח מאסק 700 מ""ל","אמיליה קוסמטיקס בע""מ",IL,"ד""ר עור תחליב רחצה מ",מיליליטרים,700.00,"100 מ""ל",false,,14.90,0.0213,true,1,6618696
7290100412831,false,תחליב רחצה אנטי אייג'ינג בניחוח וניל טרופי,"אמיליה קוסמטיקס בע""מ",IL,"ד""ר עור תחליב רחצה א",יח',1.00,יח',false,,14.90,14.9000,true,1,6618699
7290100653586,false,"דאודורנט ג'ל פרש פיוזן 24/7 ליידי ספיד סטיק 65 מ""ל",ליידי ספיד סטיק Lady Speed Stick,US,דאודורנט ג'ל פרש פיו,גרמים,65.00,100 גרם,false,,14.90,0.2292,true,1,1089115
7290100658338,false,"נוזל לניקוי כלים אוקסי פלוס פלמוליב 750 מ""ל",הנסיך- מפעל לייצור ט,GR,נוזל לניקוי כלים אוק,מיליליטרים,750.00,"100 מ""ל",false,,8.80,0.0117,true,1,1089125
7290100659090,false,פרי חטיפים ללא גלוטן ותוספת סוכר מארז 5 תמרים וקינמון,טבעית מוצרים מן הטבע בעמ,IL,פרי חטיפים ללא גלוטן,גרמים,100.00,100 גרם,false,,15.90,0.1590,true,1,1089129
7290100680650,false,מנה חמה נודלס-אטריות ירקות טעם תאילנדי אסם 76 ג',PUB FOODS PRESIDENT THAI,TH,מנה חמה נודלס בסגנון,גרמים,76.00,100 גרם,false,,4.90,0.0645,true,1,1091836
7290100680667,false,מנה חמה נודלס-אטריות+ירקות טעם סצ'ואן,PUB FOODS PRESIDENT THAI,TH,מנה חמה נודלס בסגנון,גרמים,76.00,100 גרם,false,,4.90,0.0645,true,1,1091837
7290100680711,false,פירורית זהב אסם זהב 350ג',עינת תעשיות מזון אגו,IL,פירורית זהב אסם 350,גרמים,350.00,100 גרם,false,,7.90,0.0226,true,1,1091839
7290100680728,false,פירורית רגילה שקית 350 גרם,מיוצר עי קונדיטוריית,IL,פירורית אסם 350 גרם,גרמים,350.00,100 גרם,false,,6.90,0.0197,true,1,1091840
7290100681015,false,אינסטנט פודינג בטעם ריבת חלב אסם 84 גרם,מיוצר עי קונדיטוריית,IL,אינסטנט פודינג בטעם,גרמים,84.00,100 גרם,false,,4.90,0.0583,true,1,1091843
7290100681138,false,מארז אפרופו חטיף תירס 3 יחידות,"אסם השקעות בע""\מ",IL,חטיף אפרופו תירס אסם,גרמים,150.00,100 גרם,false,,12.90,0.0860,true,1,1091845
7290100685068,false,אינסטנט פודינג בטעם וניל עם פצפוצי שוקולד אסם 110 גרם,"אסם תעשיות בע""מ",IL,אינסטנט פודינג בטעם,גרמים,110.00,100 גרם,false,,4.90,0.0445,true,1,1091878
7290100685136,false,"אבקת מרק בטעם עוף אסם 1 ק""ג","אסם השקעות בע""\מ",IL,אבקת מרק בטעם עוף אס,גרמים,1000.00,100 גרם,false,,12.90,0.0129,true,1,1091879
7290100685334,false,אבקת מרק עוף אמיתי בשרי רכיבים טבעיים אסם 400 גרם,"אסם השקעות בע""\מ",IL,אבקת מרק עוף אמיתי ב,גרמים,400.00,100 גרם,false,,19.90,0.0497,true,1,1091883
7290100685341,false,אבקת מרק טעם עוף זך רכיבים טבעיים אסם 400 גרם,"אסם השקעות בע""\מ",IL,אבקת מרק טעם עוף זך,גרמים,400.00,100 גרם,false,,13.90,0.0348,true,1,1091884
7290100686164,false,מארז מולטיפק ביסלי ברביקיו 6 יח 35 גר יח,מיוצר עי קונדיטוריית,IL,ביסלי חטיף בטעם ברבי,גרמים,210.00,100 גרם,false,,9.70,0.0462,true,1,1091894
7290100686171,false,מארז מולטיפק ביסלי גריל 6 יח 35 גר ליח,"אסם השקעות בע""\מ",IL,ביסלי חטיף בטעם גריל,גרמים,210.00,100 גרם,false,,9.70,0.0462,true,1,1091895
7290100687109,false,אוסם - במבה במילוי קרם נוגט 60 גרם,"אסם השקעות בע""\מ",IL,במבה במילוי נוגט אסם,גרמים,60.00,100 גרם,false,,4.30,0.0717,true,1,1091900
7290100688618,false,גביעי גלידה שוקולד אסם 95 גרם 24 יחידות,"גילרו בע""מ",IL,גביעי גלידה בטעם שוק,יח',24.00,יח',false,,14.90,0.6208,true,1,1091908
7290100689301,false,אבקת מרק בטעם עוף זך עדיף אסם 400 גרם,"אסם השקעות בע""\מ",IL,אבקת מרק בטעם עוף זך,גרמים,400.00,100 גרם,false,,13.90,0.0348,true,1,1091915
7290100700006,false,"סוגת חיטה 1 ק""ג","סוגת תעשיות בע""\מ",IL,"חיטה 1 ק""ג",יח',1.00,יח',false,,8.80,8.8000,true,1,1093770
7290100700020,false,סוגת גריסי פנינה 500 גרם,האי נאם סי או אל.טי.,IL,גריסי פנינה 500 גר,גרמים,500.00,100 גרם,false,,4.50,0.0090,true,1,1093771
7290100700075,false,פירורי לחם מוזהבים סוגת 200 גרם,"סוגת תעשיות בע""\מ",IL,פירורי מאפה מוזהבים 200 ג,גרמים,200.00,100 גרם,false,,3.90,0.0195,true,1,1093773
7290100700266,false,פירורי לחם לבנים סוגת 200 גרם,"סוגת תעשיות בע""מ",IL,פירורי לחם לבנים 200 גר,גרמים,200.00,100 גרם,false,,3.90,0.0195,true,1,1093775
7290100700273,false,קינואה לבנה 500 ג סו,האי נאם סי או אל.טי.,IL,קינואה 500 גר,גרמים,500.00,100 גרם,false,,12.50,0.0250,true,1,1093776
7290100700310,false,"סוגת כוסמת סוגת 1ק""ג","סוגת תעשיות בע""מ",IL,"כוסמת 1 ק""ג",גרמים,1000.00,100 גרם,false,,13.80,0.0138,true,1,1093778
7290100700334,false,קינואה לבנה 1 קג סוג,"סוגת תעשיות בע""מ",IL,סוגת קינואה 1קג,קילו,1.00,קילו,false,,19.90,19.9000,true,1,3093294
7290100700372,false,"סוגת אורז בסמטי מלא 1 ק""ג",האי נאם סי או אל.טי.,IL,"אורז בסמטי 1מלא ק""ג",גרמים,1000.00,100 גרם,false,,13.90,0.0139,true,1,1093781
7290100700389,false,"סוגת אורז אדום 1 ק""ג","סוגת תעשיות בע""\מ",IL,"אורז אדום 1 ק""ג",גרמים,1000.00,100 גרם,false,,9.90,0.0099,true,1,1093782
7290100700396,false,"סוגת אורז יסמין קלאסי 1 ק""ג",האי נאם סי או אל.טי.,IL,סוגת אורז יסמין קלאס,גרמים,1000.00,100 גרם,false,,11.80,0.0118,true,1,1093783
7290100700419,false,"סוגת בורגול 1 ק""ג","סוגת תעשיות בע""\מ",IL,"בורגול 1 ק""ג",גרמים,1000.00,100 גרם,false,,7.50,0.0075,true,1,1093785
7290100700563,false,"סוגת אורז מיקס קלאסי 1 ק""ג",סוגת תעשיות בעמ,IL,"אורז מיקס קלאסי 1 ק""ג",גרמים,1000.00,100 גרם,false,,9.90,0.0099,true,1,1093789
7290100700587,false,"בורגול ""סוגת"" 500 גרם",האי נאם סי או אל.טי.,IL,בורגול 500 גר,גרמים,500.00,100 גרם,false,,4.50,0.0090,true,1,1093790
7290100701126,false,סוגת שעועית מש סוגת 500 גרם,סוגת תעשיות בעמ,IL,שעועית מאש 500 גרם,גרמים,500.00,100 גרם,false,,11.90,0.0238,true,1,1093815
7290100701140,false,"אורז ריזוטו ארבוריו 1 ק""ג ""סוגת""","סוגת תעשיות בע""מ",IL,אורז ארבוריו,גרמים,1000.00,100 גרם,false,,13.70,0.0137,true,1,1093816
7290100701300,false,קינואה אדומה סוגת 500 גרם,"סוגת תעשיות בע""\מ",IL,סוגת קינואה אדומה 50,גרמים,500.00,100 גרם,false,,12.80,0.0256,true,1,1093824
7290100701331,false,קמח רב תכליתי שטיבל קמח חיטה לבן בהיר,"שטיבל בע""\מ - טחנות קמח",IL,קמח רב תכליתי,לקג,1.00,לקג,false,,6.90,6.9000,true,1,1093826
7290100701348,false,"קמח שיפון מלא סוגת 1 ק""ג",טחנות קמח שטיבל באר,IL,קמח שיפון מלא,לקג,1.00,לקג,false,,6.90,6.9000,true,1,1093827
7290100701386,false,קמח לחלה קמח חיטה לבן שטיבל,"שטיבל בע""מ - טחנות ק",IL,קמח לחלה,קילו,1.00,קילו,false,,6.90,6.9000,true,1,1093829
7290100701454,false,גרישה בורגול דק סוגת 500 גרם,"סוגת תעשיות בע""\מ",IL,גרישה 500 גרם,גרמים,500.00,100 גרם,false,,4.50,0.0090,true,1,1093834
7290100701577,false,קמח לחם קמח חיטה לבן שטיבל,טחנות קמח שטיבל באר שבע,IL,קמח לחם,לקג,1.00,לקג,false,,6.90,6.9000,true,1,1093845
7290100701874,false,"קמח כוסמין מלא סוגת 1 ק""ג",טחנות קמח שטיבל באר,IL,קמח כוסמין מלא + 12,לקג,1.00,לקג,false,,12.90,12.9000,true,1,1093859
7290100701881,false,קמח פיצה ופוקצ'ה- קמח חיטה לבן בהיר שטיבל,"שטיבל בע""\מ - טחנת קמח",IL,קמח פיצה ופוקצ'ה,לקג,1.00,לקג,false,,6.90,6.9000,true,1,1093860
7290100702260,false,קוסקוס דק סוגת 350 גרם,"אסיף תעשיות מזון בע""\מ",IL,קוסקוס דק 350 גרם,גרמים,350.00,100 גרם,false,,4.90,0.0140,true,1,1093868
7290100702277,false,קוסקוס עבה סוגת 350 גרם,"אסיף תעשיות מזון בע""",IL,קוסקוס עבה 350 גרם,גרמים,350.00,100 גרם,false,,4.90,0.0140,true,1,1093869
7290100702284,false,קוסקוס מלא סוגת 350 גרם,"אסיף תעשיות מזון בע""",IL,קוסקוס מלא 350 גרם,גרמים,350.00,100 גרם,false,,4.90,0.0140,true,1,1093870
7290100702314,false,שעועית שחורה 500 גרם סוגת,סוגת תעשיות בעמ,IL,שעועית שחורה 500 גר,גרמים,500.00,100 גרם,false,,12.90,0.0258,true,1,2644748
7290100702383,false,קמח תופח מס' 13 סוגת,"שטיבל בע""\מ - טחנות קמח",IL,קמח תופח,קילו,1.00,קילו,false,,6.90,6.9000,true,1,1093871
7290100702604,false,קמח פולנטה להכנה מהירה 500 ג',מולינו פילה,IT,פולנטה 500 גרם,גרמים,500.00,100 גרם,false,,8.90,0.0178,true,1,2623013
7290100702611,false,פתיתים אפויים אורז סוגת 500 גרם,"אסיף תעשיות מזון בע""\מ",IL,פתיתים אפויים אורז 500 גר,גרמים,500.00,100 גרם,false,,4.90,0.0098,true,1,1093883
7290100702628,false,פתיתים אפויים קוסקוס סוגת 500 גרם,"אסיף תעשיות מזון בע""\מ",IL,פתיתים אפויים קוסקוס 500,גרמים,500.00,100 גרם,false,,4.90,0.0098,true,1,1093884
7290100702635,false,פתיתים אפויים כוכבים סוגת 500 גרם,"אסיף תעשיות מזון בע""",IL,פתיתים אפויים כוכבים 500,גרמים,500.00,100 גרם,false,,4.90,0.0098,true,1,1093885
7290100702659,false,פתיתים קוסקוס קמח מלא סוגת 400 גרם,"אסיף תעשיות מזון בע""",IL,פתיתים אפויים Kids חיות 4,גרמים,400.00,100 גרם,false,,4.90,0.0123,true,1,2751189
7290100702994,false,סוכר דמררה קלאסי בשקית סוגת 500 גרם,"סוגת תעשיות בע""מ",IL,סוכר דמררה קלאסי בשק,גרמים,500.00,100 גרם,false,,4.90,0.0098,true,1,2762286
7290100703458,false,כוסמת לא קלוי 500 ג' סוגת,"סוגת תעשיות בע""\מ",IL,כוסמת 500 גר,גרמים,500.00,100 גרם,false,,8.90,0.0178,true,1,3863995
7290100703861,false,"תערובת קסם לחלה ללא צורך בניפוי סוגת 1 ק""ג","שטיבל בע""\מ - טחנות קמח",IL,סוגת קמח קסם מנופה ל,קילו,1.00,קילו,false,,7.90,7.9000,true,1,5118907
7290100703915,false,פופקורן להכנה במיקרוגל בטעם חמאה - מארז 6 שקיות,נטאיס,IL,סוגת פופקורן למיקרוג,גרמים,540.00,100 גרם,false,,9.90,0.0183,true,1,7003190
7290100704493,false,קמח שמרים פיצה ללא צורך בניפוי 1 קג,"שטיבל בע""\מ - טחנת קמח",IL,סוגת קמח שמרים לפיצה,קילו,1.00,קילו,false,,7.90,7.9000,true,1,8278667
7290100704516,false,חומוס מיני סוגת 500 גרם,"סוגת תעשיות בע""\מ",IL,סוגת חומוס מיני 500,גרמים,500.00,100 גרם,false,,5.90,0.0118,true,1,8305789
7290100704578,false,"קמח כוסמין לבן תופח סוגת 1 ק""ג","שטיבל בע""\מ - טחנת קמח",IL,קמח כוסמין לבן תופח,יח',1.00,יח',false,,13.90,13.9000,true,1,8317245
7290100704622,false,סוכר דמררה דק דק בצנצנת סוגת 500 גרם,"סוגת תעשיות בע""\מ",IL,סוגת סוכר דמררה דק ד,גרמים,500.00,100 גרם,false,,7.90,0.0158,true,1,8349036
7290100704684,false,"קמח שמרים כוסמין סוגת רב תכליתי 1 ק""ג סוגת",סוגת,IL,קמח שמרים כוסמין רב,גרמים,1000.00,100 גרם,false,,19.90,0.0199,true,1,8383563
7290100704691,false,אורז אדום סוגת 500 גרם,"סוגת תעשיות בע""\מ",IL,אורז אדום 500גר,גרמים,500.00,100 גרם,false,,8.90,0.0178,true,1,8470530
7290100704707,false,אורז מיקס סוגת 500 גרם,"סוגת תעשיות בע""\מ",IL,אורז מיקס 500גר,גרמים,500.00,100 גרם,false,,8.90,0.0178,true,1,8470531
7290100850909,false,דוריטוס נאצ'ו מקסיקני 70 גרם,"שטראוס פריטו ליי בע""\מ",IL,דוריטוס נאצ'ו מקסיקנ,גרמים,70.00,100 גרם,false,,3.20,0.0457,true,1,1097576
7290100850916,false,דוריטוס חמוץ חריף מעודן 70 גרם כשר לפסח,"שטראוס פריטו ליי בע""\מ )",IL,דוריטוס בטעם חמוץ חר,גרמים,70.00,100 גרם,false,,3.20,0.0457,true,1,1097577
7290100850923,false,דוריטוס בטעם גריל 70 גרם,"שטראוס פריטו ליי בע""\מ )",IL,דוריטוס בטעם גריל 70,גרמים,70.00,100 גרם,false,,3.20,0.0457,true,1,1097578
7290100850930,false,דוריטוס בטעם טבעי 70 גרם,"שטראוס פריטו ליי בע""\מ )",IL,דוריטוס בטעם טבעי 70,גרמים,70.00,100 גרם,false,,3.20,0.0457,true,1,1097579
7290100858592,false,אבקת קקאו עלית שקית 150 ג',הנסיך- מפעל לייצור ט,IL,קקאו 150 גרם,גרמים,150.00,100 גרם,false,,8.90,0.0593,true,1,1089790
7290100858608,false,אבקת קקאו עלית שקית 500 ג',שטראוס קפה בי.ויn\.,IL,קקאו 500 גרם,גרמים,500.00,100 גרם,false,,23.90,0.0478,true,1,1089791
7290100921593,false,מנקה אסלה סוד 4 כדוריות לאסלה לימון נתלה 50 ג',"הנקל סוד בע""\מ",RS,סוד סבון אסלה בניחוח לימו,יח',1.00,יח',false,,7.90,7.9000,true,1,2612649
7290100922569,false,קרם לטיפוח עוד הידיים והגוף- מארז שלישייה,טרופיקל דגיל,IL,ולווטה קרם רב שימושי,מיליליטרים,300.00,"100 מ""ל",false,,16.90,0.0563,true,1,2686668
7290100922637,false,"הוואי שלישיית סבון נוזלי מי קוקוס 500 מ""ל",הנקל סוד,IL,הוואי סבון נוזלי כחו,ליטרים,1.50,ליטר,false,,14.90,9.9333,true,1,2956215
7290100924457,false,שלישיית כדוריות סבון לאסלה לימון סוד 50 גרם,הנקל סוד,RS,סוד מארז כדוריות*3 לימון,3 יח',1.00,3 יח',false,,14.80,14.8000,true,1,2737269
7290100924464,false,כדוריות סבון נתלה לאסלה עם אקונומיקה - 3 יח',הנקל סוד,HU,סוד מארז כדוריות*3 אקונומ,3 יח',1.00,3 יח',false,,14.80,14.8000,true,1,2737270
7290100924631,false,מרכך כביסה מרוכז לבגדי תינוקות ובעלי עור רגיש,"הנקל סוד בע""\מ",IL,סוד מרכך כביסה מרוכז,מיליליטרים,900.00,"100 מ""ל",false,,9.40,0.0104,true,1,2802564
7290100925669,false,קולור קאצ'ר - דפים למכונת כביסה 10 יח',"הנקל סוד בע""\מ",IE,קולור קאצ'ר - 10 דפי,10 יח',1.00,10 יח',false,,12.90,12.9000,true,1,3230052
7290100925751,false,"סוד נוזל כלים תפוח 650 מ""ל","הנקל סוד בע""\מ",IL,סוד נוזל לכלים ליים 1.250,מיליליטרים,650.00,"100 מ""ל",false,,5.90,0.0091,true,1,3351003
7290100925775,false,"סוד נוזל כלים רימון ותאנים 650 מ""ל",הנקל סוד,IL,סוד נוזל לכלים ליים 1.250,מיליליטרים,650.00,"100 מ""ל",false,,5.90,0.0091,true,1,3351005
7290100927717,false,"פרסיל קולור אבקת כביסה 5 ק""ג -מרכז",פרסיל Persil,IL,פרסיל אבקת כביסה קולור 5,קילוגרמים,5.00,"ק""ג",false,,42.90,8.5800,true,1,1087812
7290101031550,false,שקית רב פעמית ורודה,רמי לוי,,שקית רב פעמית ורודה,יח',1.00,יח',false,,2.90,2.9000,true,1,1100876
7290101110453,false,גלידת שרבט פרווה בטעמי תות לימון משמש ואננס,הגלידות של פלדמן,IL,ארבע על ארבע חמוץ פר,ליטרים,1.80,ליטר,false,,16.70,9.2778,true,1,8447058
7290101110477,false,חגיגה בקלאווה פלדמן 1.8 ליטר,,,חגיגה בקלאווה 1.8ל,ליטרים,1.80,ליטר,false,,22.90,12.7222,true,1,8263565
7290101110811,false,גלידל שלגון בטעם וניל מצופה סורבה פסיפלורה - 8 יח',הגלידות של פלדמן,IL,גלידל וניל בציפוי פס,גרמים,640.00,100 גרם,false,,26.90,0.0420,true,1,6877767
7290101111351,false,"פלדמן פרווה טעם אגוז,בננה,שוקו,וניל נטי",הגלידות של פלדמן,IL,פלדמן פרווה טעם אגוז,מטרים,2000.00,100 מ'ל,false,,16.70,0.0083,true,1,8447060
7290101112228,false,גלידל פרי קרחון מופחת קלוריות בטעם אננס - 8 יח',הגלידות של פלדמן,IL,גלידל פרי שמיניה אננ,גרמים,800.00,100 גרם,false,,20.90,0.0261,true,1,6877768
7290101112921,false,גלידל פרי קרחון מופחת קלוריות פירות טרופיים - 8 יח',הגלידות של פלדמן,IL,גלידל פרי פירות טרופ,גרמים,640.00,100 גרם,false,,20.90,0.0327,true,1,6877770
7290101112990,false,מאגדת גרניטה קוקוס פלדמן 6 יחידות,פלקו בעמ,IL,גרניטה קוקוס 6 יח,גרמים,80.00,6 גרם,false,,19.90,0.2487,true,1,6877647
7290101113157,false,מאגדת גלידל וניל עוגיות פלדמן 6 יחידות,"פלקו בע""\מ, חברה ישראלית",IL,מאגדת גלידל וניל עוג,יח',1.00,יח',false,,23.90,23.9000,true,1,7619226
7290101113393,false,גלידה יופלה פריזי יוגורט פירות יער מאגדת 400 ג',הגלידות של פלדמן,IL,שלגון יוגורט עם פירו,יח',1.00,יח',false,,19.90,19.9000,true,1,8233234
7290101113584,false,מאגדת טילונים שוקולד לבן עם ליבת שוקולד יולו 5 יח',הגלידות של פלדמן,IL,מאגדת טילון יולו שוק,יח',1.00,יח',false,,18.90,18.9000,true,1,8321345
7290101113591,false,מאגדת טילונים יולי 5 יחידות שוקולד לבן ועוגיות,הגלידות של פלדמן,IL,מאגדת טילון יולו שוק,יח',1.00,יח',false,,18.70,18.7000,true,1,8321346
7290101113638,false,גלידת סנקור XL בטעם שוקו וניל עם ביסקוויטים 8 יח',גלידות פלדמן,IL,מאגדת סנקור ארוך 8יח,יח',1.00,יח',false,,26.90,26.9000,true,1,8321349
7290101113683,false,שישיה גרניטה אייס ונילה,פלדמן,IL,גרניטה אייס ונילה 6,גרמים,480.00,6 גרם,false,,19.90,0.0415,true,1,8343890
7290101113751,false,מאגדת שלגון קרמל ושוקולד בלונדי רביעיה * 50 ג' יולו,הגלידות של פלדמן,IL,מאגדת שלגון יולו סיר,גרמים,200.00,100 גרם,false,,18.90,0.0945,true,1,8381413
7290101113768,false,מאגדת שלגון עוגיות ושוקולד חלב רביעיה * 50 ג' יולו,הגלידות של פלדמן,IL,מאגדת שלגון יולו עוג,גרמים,200.00,100 גרם,false,,18.90,0.0945,true,1,8381414
7290101113812,false,מאגדת יופלה שייק פרי אננס קוקוס פלדמן 5 יחידות,הגלידות של פלדמן,IL,יופלה שייק פרי  פריז,מטרים,350.00,100 מ'ל,false,,19.90,0.0569,true,1,8413058
7290101113829,false,מאגדת (5) יופלה שייק פרי מנגו 70 אחוז פרי 350 גרם,הגלידות של פלדמן,IL,מאגדת שלגון יופלה שי,גרמים,350.00,100 גרם,false,,19.90,0.0569,true,1,8381416
7290101450689,false,שקית 50 פסטל,NORTHERN,CN,שקית 50 פסטל,יח',1.00,יח',false,,7.90,7.9000,true,1,7310669
7290101454151,false,נרות ג'מבו כוכבים - סמי הכבאי,סודי,IL,נרות ג'מבו כוכבים סמ,יח',1.00,יח',false,,6.00,6.0000,true,1,2745174
7290101486688,false,חטיף דגנים עם שוקולד ללא גלוטן וסוכר פרי 5*20 גרם,טבעית מוצרים מן הטבע בעמ,IL,חטיף דגנים עם שוקולד,גרמים,100.00,100 גרם,false,,15.90,0.1590,true,1,1089147
7290101488316,false,ליידי ספיד סטיק - דאודורנט סטיק לאישה ללא סימן ורוד סטיק 65 גרם,ליידי ספיד סטיק Lady Speed Stick,US,דאודורנט ללא סימן פר,גרמים,50.00,100 גרם,false,,16.90,0.3380,true,1,1089165
7290101551027,false,קפסולות קפה אספרסו חזק במיוחד 14 עלית 10 יח',הנסיך- מפעל לייצור ט,IL,קפסולות 14 למכונת נס,יח',1.00,יח',false,,15.90,15.9000,true,1,7219270
7290101551263,false,סילאן טבעי ללא תוספת סוכר,מכוורת יד מרדכי,IL,סילאן טבעי 700 גר,גרמים,700.00,100 גרם,false,,19.90,0.0284,true,1,6861888
7290101551300,false,סילאן טבעי ללא תוספת סוכר בקבוק לחיץ,מכוורת יד מרדכי שטראוס ב,IL,סילאן טבעי לחיץ 380,גרמים,380.00,100 גרם,false,,13.90,0.0366,true,1,6861889
7290101551539,false,יוגורט PRO בטעם אפרסק 0% 20 גרם חלבון בגביע,"שטראוס בריאות בע""מ",IL,דנונה פרו 20ג אפרסק,גרמים,200.00,100 גרם,false,,5.90,0.0295,true,1,6917761
7290101551584,false,תפוצ'יפס קידס מארז 10 יח' * 20 ג',"שטראוס פריטו ליי בע""מ )פ",IL,מארז תפוציפס קידס 20,גרמים,200.00,100 גרם,false,,12.90,0.0645,true,1,6892048
7290101551638,false,חטיף צ'יטוס כאפה בטעם קטשופ - מארז 10 יח',"שטראוס פריטו ליי בע""מ )פ",IL,מארז ציטוס 20*10 ג,יח',20.00,יח',false,,12.90,0.6450,true,1,6892052
7290101551645,false,מארז ציטוס טעם פיצה איקס עיגול 10* 20 גר,"שטראוס פריטו ליי בע""מ )פ",IL,מארז ציטוס איקס עיגו,גרמים,200.00,100 גרם,false,,12.90,0.0645,true,1,6892053
7290101863410,false,"סיליט באנג ספריי ניקוי עוצמתי מכיל אקונומיקה 750 מ""ל",סיליט באנג Cillit Bang,PL,"CILIT,IL,BANG 12X750ML VE",מיליליטרים,750.00,"100 מ""ל",false,,12.50,0.0167,true,1,1107581
7290101864127,false,"ספריי להסרת כתמים 750 מ""ל וניש קליה",קליה וניש Kalia Vanish,IL,Vanish Spray SOLO 750ml 1,מיליליטרים,750.00,"100 מ""ל",false,,16.80,0.0224,true,1,1107587
7290101865261,false,"פיניש נוזל הברקה למדיח 800 מ""ל",רקיט בנקיזר,PL,"FINSH,IL,RA S&D R 12X800M",מיליליטרים,800.00,"100 מ""ל",false,,19.90,0.0249,true,1,1107604
7290101866633,false,וניש קליה גל להסרת כתמים 3 ליטר אוקסיפרש,קליה וניש Kalia Vanish,IL,Vanish 3L Pink (Titan)*6,ליטרים,3.00,ליטר,false,,28.90,9.6333,true,1,1107645
7290101866787,false,וניש קליה נוזל מסיר כתמים לכביסה לבנה 3 ליטר,קליה וניש Kalia Vanish,IL,Vanish 3L White (Titan)*6,ליטרים,3.00,ליטר,false,,28.90,9.6333,true,1,1107652
7290101868460,false,"קולון 101 אבקת כביסה 8 ק""ג",רקיט בנקיזר,IL,Colon 101 8KG,קילוגרמים,8.00,"ק""ג",false,,54.90,6.8625,true,1,1107703
7290101868958,false,"פיניש נוזל הברקה למדיח בניחוח לימון 800 מ""ל",רקיט בנקיזר,PL,"FINSH,IL,S&D L 12X800ML",מיליליטרים,800.00,"100 מ""ל",false,,19.90,0.0249,true,1,2683056
7290101869702,false,"ג 'ל פיניש AIO MAX מרוכז למדיח 600מ""ל",פיניש רקיט בנקיזר,PL,"FINSH,IL,600ml x 6Fresh",מיליליטרים,600.00,"100 מ""ל",false,,31.90,0.0532,true,1,2743013
7290101869726,false,ג'ל מרוכז למדיח הכל ב-1 פיניש 1 ליטר,רקיט בנקיזר,PL,"FINSH,IL,1000ml x 5REG",ליטרים,1.00,ליטר,false,,42.50,42.5000,true,1,2743015
7290101869733,false,פיניש ג'ל למדיח כלים בניחוח לימון 1 ליטר ALL IN 1,רקיט בנקיזר,PL,"FINSH,IL,1000ml x 5LEM",ליטרים,1.00,ליטר,false,,42.50,42.5000,true,1,2743016
7290101869788,false,"אירוויק ספריי אוטומטי מילוי בניחוח אואזיס 250 מ""ל*",איירוויק Air Wick,HU,"AWICK,IL,TURQ OASIS,12X25",מיליליטרים,250.00,"100 מ""ל",false,,14.90,0.0596,true,1,2737652
7290101869795,false,"מטהר אוויר אירוויק ספריי מילוי חלום ליל קיץ 250 מ""ל",איירוויק Air Wick,GB,"AWICK,IL,SMER DLGHTS12X25",מיליליטרים,250.00,"100 מ""ל",false,,14.90,0.0596,true,1,2737653
7290101869801,false,"אירוויק מכשיר חשמלי+מילוי בניחוח אואזיס 19 מ""ל",רקיט בנקיזר,HU,"AWICK,IL,ELCOMPL TUROX6 U",מטרים,19.00,100 מ'ל,false,,19.90,1.0474,true,1,2737628
7290101869825,false,"אירוויק מילוי למכשיר חשמלי בניחוח אואזיס 19 מ""ל",איירוויק Air Wick,HU,"AWICK,IL,ELREF TURO19ml*6",מטרים,19.00,100 מ'ל,false,,15.90,0.8368,true,1,2737654
7290101869832,false,"אירוויק מילוי מבשם אויר חשמלי חלום ליל קיץ 19 מ""ל",איירוויק Air Wick,HU,"AWICK,IL,ELREF SUM19ml*6",מטרים,19.00,100 מ'ל,false,,15.90,0.8368,true,1,2737655
7290101869962,false,"אירוויק מקלות ריחניים בניחוח חלום ליל קיץ 30 מ""ל",איירוויק Air Wick,HU,"AWICK,IL,REED SUM 30MLx5",100 מל,30.00,100 מל,false,,14.80,0.4933,true,1,2737660
7290102003884,false,נרות מטה לבבות -מיקי,יושלם,,נרות מטה לבבות -מיקי,יח',1.00,יח',false,,4.90,4.9000,true,1,2745225
7290102003891,false,נרות מטה לבבות - ספיידרמן(1X24),סודי,,נרות מטה לבבות -ספיי,יח',1.00,יח',false,,4.90,4.9000,true,1,2745245
7290102030330,false,תפוצ'יפס קראנצ' בטעם מקסיקני 200 גרם,"שטראוס פריטו ליי בע""\מ )",IL,תפוצ'יפס קראנצ' בטעם,גרמים,200.00,100 גרם,false,,9.90,0.0495,true,1,1097585
7290102031276,false,מארז 8 יחידות אקטימל משקה יוגורט בטעם תות בננה,מיוצר עי קונדיטוריית,IL,יוגורט אקטימל תות בנ,מיליליטרים,800.00,"100 מ""ל",false,,19.30,0.0241,true,1,1103935
7290102032334,false,אבקה להכנת משקה קפה בטעם וניל,שטראוס קפה בי.וי,IL,קפה נמס וניל 200 גרם,גרמים,200.00,100 גרם,false,,19.90,0.0995,true,1,1089809
7290102060764,false,מרידול מברשת שיניים אריזת זוג,יבואן ומשווק: ש. שסט,CH,מרידול זוג מברשות שי,יח',2.00,יח',false,,34.90,17.4500,true,1,1089175
7290102060979,false,"אלמקס משחת שיניים למניעת עששת 100מ""ל",יבואן ומשווק: ש. שסט,PL,משחת שיניים אלמקס 10,מיליליטרים,100.00,"100 מ""ל",false,,18.90,0.1890,true,1,1089177
7290102062195,false,"משחת שיניים לילדים לגילאי 6-12 אלמקס 75 מ""ל",יבואן ומשווק: ש. שסט,PE,משחת שיניים לילדים ל,מטרים,75.00,100 מ'ל,false,,15.90,0.2120,true,1,1089178
7290102300822,false,גבינה צ'דר אנגלית כתומה 200 גרם,דאולי צ'יסמייקרס,GB,גבינת צדר אנגלי כתומ,גרמים,200.00,100 גרם,false,,22.90,0.1145,true,1,2818038
7290102300860,false,"גבינת צ'דר אנגלית לבן, 200 גרם",דאוליי צ'יסמייקרס,GB,גבינת צדר אנגלית 200,גרמים,200.00,100 גרם,false,,22.90,0.1145,true,1,2818039
7290102302246,false,גבינת גאודה הולנדית 200 גרם,מיוצר עי קונדיטוריית,NL,גאודה פרה 200 גר,גרמים,200.00,100 גרם,false,,21.90,0.1095,true,1,6156763
7290102302253,false,"גבינת גאודה עיזים חצי קשה 34%, 200 גרם",מיוצר עי קונדיטוריית,NL,גאודה עיזים 200 גר,גרמים,200.00,100 גרם,false,,29.70,0.1485,true,1,6156764
7290102302819,false,פילה טונה בהירה בשמן זית 120 גרם,רמירז אנד קה פילהאוס,PT,גושי טונה בהירה בשמן,גרמים,120.00,100 גרם,false,,13.90,0.1158,true,1,8254979
7290102302833,false,גבינת גאודה פרוסה נני 150 גרם,קאסמאקרי הנרי ויליך,NL,גאודה הולנדית פרוסה,גרמים,150.00,100 גרם,false,,20.90,0.1393,true,1,8325080
7290102302840,false,גבינת גאודה עיזים פרוסה נני 150 גרם,מיוצר עי קונדיטוריית,NL,נני גאודה עיזים פרוס,גרמים,150.00,100 גרם,false,,31.50,0.2100,true,1,8325081
7290102302864,false,גבינה הולנדית עם פסטו ירוק 34%,הנרי ויליך Henri Willig,NL,גאודה פסטו ירוק 200ג,גרמים,200.00,100 גרם,false,,29.70,0.1485,true,1,8248970
7290102303977,false,גוש טונה בשמן זית רוברט 140 גרם,קונסרבס פורטוגל נורטה,PT,סיימן גוש טונה בשמן,גרמים,140.00,100 גרם,false,,11.90,0.0850,true,1,8468266
7290102390427,false,יוגורט ביו עם קציפת תות 3% שומן 150 ג' מולר,מולר Muller,IL,יוגורט פרופ תות 3% מ,מיליליטרים,150.00,"100 מ""ל",false,,4.80,0.0320,true,1,1083723
7290102390465,false,יוגורט ביו עם קציפת אפרסק ופסיפלורה 3% שומן 150 ג' מולר,מולר Muller,IL,יוגורט פרופ אפרסק פס,מיליליטרים,150.00,"100 מ""ל",false,,4.80,0.0320,true,1,1083725
7290102390489,false,יוגורט ביו עם קציפת לימון 3% שומן 150 ג' מולר,מולר Muller,IL,יוגורט פרופ לימון 3%,מיליליטרים,150.00,"100 מ""ל",false,,4.80,0.0320,true,1,1083726
7290102391844,false,יוגורט ביו עם קציפת פירות יער3% שומן 150 ג' מולר,מולר Muller,IL,יוגורט פרופ פירות יע,מיליליטרים,150.00,"100 מ""ל",false,,4.80,0.0320,true,1,1083736
7290102392049,false,גבינה לאפיה תבור ללא תוספת מלח 5% משק צוריאל 500 גרם,מחלבת משק צוריאל,IL,גבינה לאפיה תבור ללא,גרמים,500.00,100 גרם,false,,22.90,0.0458,true,1,1083739
7290102392094,false,חלב עיזים 3.7% בקרטון משק צוריאל 1 ליטר,מילקו תעשיות בעמ,IL,חלב עיזים מלא 3.7% מ,מיליליטרים,1000.00,"100 מ""ל",false,,14.90,0.0149,true,1,1083741
7290102393039,false,"יוגורט ביו קרמי מיקס פצפוצי שוקולד 7.6% מולר 170 מ""ל",קריות זול,IL,יוגורט ביו קרמי מיקס,מיליליטרים,170.00,"100 מ""ל",false,,5.50,0.0324,true,1,1083768
7290102393060,false,"יוגורט ביו קרמי מיקס גלילי ופל ואגוזים 5.9% מולר 170 מ""ל",קריות זול,IL,יוגורט ביו קרמי מיקס,מיליליטרים,170.00,"100 מ""ל",false,,5.50,0.0324,true,1,1083769
7290102393169,false,"יוגורט סימפלי פרוט בטעם תות 3% מולר 150 מ""ל",מולר Muller,IL,יוגורט סימפלי פרוט ב,מיליליטרים,150.00,"100 מ""ל",false,,4.80,0.0320,true,1,1083778
7290102393176,false,סימפלי פרוט יוגורט אפרסק 3% שומן 150 ג' מולר,מילקו תעשיות בעמ,IL,מולר סימפלי פרוט אפר,מיליליטרים,150.00,"100 מ""ל",false,,4.80,0.0320,true,1,1083779
7290102393190,false,"יוגורט סימפלי פרוט בטעם פירות יער 3% מולר 150 מ""ל",מילקו תעשיות בעמ,IL,יוגורט סימפלי פרוט ב,מיליליטרים,150.00,"100 מ""ל",false,,4.80,0.0320,true,1,1083781
7290102393268,false,**טרה גבינה לבנה אריזת חיסכון 5% 750ג,הפריט בפיקוח,IL,גבינה לבנה 5% טרה 75,גרמים,750.00,100 גרם,false,,14.50,0.0193,true,1,1083784
7290102393299,false,יוגורט עיזים לשתייה 3% משק צוריאל 500 גרם,מיוצר עי קוד יצרן HG,IL,יוגורט עיזים 3% משק,מיליליטרים,500.00,"100 מ""ל",false,,11.70,0.0234,true,1,1083785
7290102393855,false,יוגורט עיזים 2.5% עם אפרסק משק צוריאל 150 גרם,מחלבת משק צוריאל,IL,יוגורט עיזים בטעם אפ,מיליליטרים,150.00,"100 מ""ל",false,,5.80,0.0387,true,1,1083801
7290102393947,false,סימפלי פרוט יוגורט בטעם קיווי 3% שומן 150 ג' מולר,מילקו תעשיות בעמ,IL,יוגורט ביו קיווי 3%,מיליליטרים,150.00,"100 מ""ל",false,,4.80,0.0320,true,1,1083808
7290102394081,false,"יוגורט ביו קרמי מיקס קורנפלקס מצופה שוקולד מולר 170 מ""ל",מילקו תעשייה בעמ,IL,יוגורט ביו קרמי מיקס,מיליליטרים,170.00,"100 מ""ל",false,,5.50,0.0324,true,1,1083820
7290102394258,false,גליל גבינת עיזים מה עז 9% משק צוריאל 180 גרם,מחלבת משק צוריאל,IL,גליל גבינת עיזים מה,גרמים,180.00,100 גרם,false,,20.90,0.1161,true,1,1083830
7290102394463,false,נעם גבינה צהובה פרוסה ואקום 28% טרה 500 גרם,Unknown,IL,נעם גבינה צהובה פרוס,גרמים,500.00,100 גרם,false,,23.90,0.0478,true,1,1083840
7290102394821,false,נעם גבינה צהובה פרוסה 28% טרה 200 גרם,מילקו תעשיות בעמ,IL,נעם גבינה צהובה פרוס,גרמים,200.00,100 גרם,false,,15.20,0.0760,true,1,1083846
7290102394845,false,נעם גבינה צהובה לייט פרוסה דק דק 9% טרה 200 גרם,מילקו תעשיות בעמ,IL,נעם גבינה צהובה לייט,גרמים,200.00,100 גרם,false,,16.30,0.0815,true,1,1083847
7290102395101,false,ממרח גבינה ושוקולד מוו טרה 200 גרם,מילקו תעשיות בעמ,IL,טרה גבינה ושוקולד 20,מיליליטרים,200.00,"100 מ""ל",false,,10.90,0.0545,true,1,2615423
7290102395217,false,מאגדת שמיניה מולר במתיקות מעודנת 1.2% 8*150 ג',מולר Muller,IL,מאגדת שמיניית מולר מ,קילוגרמים,1.20,"ק""ג",false,,17.90,14.9167,true,1,1083864
7290102395224,false,שמיניית יוגורט ביו ביאנקו 1.7% מולר 150 גרם,מולר Muller,IL,יוגורט 1.7% מולר 8*1,ליטרים,1.20,ליטר,false,,15.90,13.2500,true,1,1083865
7290102395231,false,שמיניית יוגורט ביו ביאנקו 2.8% מולר 150 גרם,מולר Muller,IL,יוגורט 2.8% מולר 8*1,ליטרים,1.20,ליטר,false,,15.90,13.2500,true,1,1083866
7290102395262,false,מארז 8 גביעים יוגורט בטעם תות שדה ואפרסק 3% Simply Fruit,מולר Muller,IL,יוגורט בטעם תות ואפר,ליטרים,1.20,ליטר,false,,28.90,24.0833,true,1,1083868
7290102395408,false,נעם גבינה צהובה 28% במשקל,החברה המרכזית,IL,ג. צהובה 28% נעם,קילוגרמים,1.00,"ק""ג",true,,44.70,44.7000,true,1,1083875
7290102395415,false,נועם גב.צהובה9%חריץ משקל,החברה המרכזית,IL,ג. צהובה 9% נעם,קילוגרמים,1.00,"ק""ג",true,,71.00,71.0000,true,1,1083876
7290102395422,false,נעם גבינה צהובה 22% במשקל,החברה המרכזית,IL,ג.צהובה 22% נעם,קילוגרמים,1.00,"ק""ג",true,,42.50,42.5000,true,1,1083877
7290102395439,false,מארז 8 גביעים יוגורט בטעם פירות יער וקיווי 3% Simply Fruit,מילקו תעשיות בעמ,IL,מולר שמינייה פירות י,קילוגרמים,1.20,"ק""ג",false,,28.90,24.0833,true,1,1083878
7290102395446,false,מעדן חלב בטעם וניל עם קצפת 123 ג' טרה,Unknown,IL,מעדן מוו וניל קצפת,גרמים,123.00,100 גרם,false,,2.80,0.0228,true,1,1083879
7290102395477,false,מעדן חלב בטעם שוקולד עם קצפת 123 ג' טרה,Unknown,IL,מעדן מוו שוקולד קצפת,גרמים,123.00,100 גרם,false,,2.80,0.0228,true,1,1083882
7290102396399,false,שמיניית מעדן שוקולד מוו 1.5% טרה 100 גרם,Unknown,IL,מאגדת שמינייה מעדן ש,מיליליטרים,800.00,"100 מ""ל",false,,11.90,0.0149,true,1,2668081
7290102396405,false,שמיניית מעדן וניל מוו 1.5% טרה 100 גרם,Unknown,IL,מאגדת שמינייה מעדן ו,מיליליטרים,800.00,"100 מ""ל",false,,11.90,0.0149,true,1,2668082
7290102396436,false,מעדן שוקולד מוו 1.5% טרה 125 גרם,מילקו תעשיות בעמ,IL,מעדן מוו שוקולד 125,גרמים,125.00,100 גרם,false,,2.70,0.0216,true,1,2660873
7290102396443,false,"מעדן מוו וניל 1.5% 125 גרם בד""צ",מילקו תעשיות בעמ,IL,מעדן מוו וניל 125 גר,גרמים,125.00,100 גרם,false,,2.70,0.0216,true,1,2660874
7290102396580,false,מעדן מוו שוקולד ומוס שוקולד טרה 118 גרם,טרה,IL,מעדן מוו שוקלד ומוס,גרמים,118.00,100 גרם,false,,2.80,0.0237,true,1,2668083
7290102396665,false,נעם גבינה צהובה דק דק 15% טרה 200 גרם,מילקו תעשיות בעמ,IL,נעם גבינה צהובה דק ד,גרמים,200.00,100 גרם,false,,15.20,0.0760,true,1,2783553
7290102396672,false,"גבנ""צ דק דק נעם פתיחה חוזרת 9% 360 גרם",מילקו תעשיות בעמ,IL,נעם גבינה צהובה דק ד,גרמים,360.00,100 גרם,false,,25.90,0.0719,true,1,2783554
7290102396719,false,יוגורט סימפלי תות 0% מולר 150 גרם,מולר Muller,IL,מולר סימפלי פרוט תות,גרמים,170.00,100 גרם,false,,4.80,0.0282,true,1,2699862
7290102396740,false,מארז 8 גביעים יוגורט בטעם תות שדה ואפרסק 0% Simply Fruit,מילקו תעשיות בעמ,IL,מאגדת שמינייה מולר ס,קילוגרמים,1.20,"ק""ג",false,,28.90,24.0833,true,1,2699865
7290102397204,false,"גבנ""צ דק דק נעם פתיחה חוזרת 22% 200 גרם",מילקו תעשיות בעמ,IL,נעם גבינה צהובה דק ד,גרמים,200.00,100 גרם,false,,15.20,0.0760,true,1,2783555
7290102397310,false,מעדן מיני בטעם שוקולד קצפת מוו מאגדת 8 יח' * 70 ג',מילקו תעשיות בעמ,IL,מאגדת שמינייה מיני מ,מיליליטרים,944.00,"100 מ""ל",false,,11.90,0.0126,true,1,2885680
7290102397334,false,גבינה בולגרית גלילית 5% משק צוריאל 250 גרם,מחלבת משק צוריאל,IL,בולגרית 5% 250 גר,גרמים,250.00,100 גרם,false,,19.70,0.0788,true,1,2867723
7290102397464,false,יוגורט ביו בתוספת גרעינים אגוזים וחמוציות 170 ג' מולר,מולר Muller,IL,מולר נטורל 102 גר,גרמים,102.00,100 גרם,false,,5.50,0.0539,true,1,4423785
7290102397600,false,מיקס יוגורט בתוספת שקדים ובוטנים מקורמלים 170 ג' מולר,מילקו תעשייה בעמ,IL,מולר שקדים בוטנים בק,מיליליטרים,170.00,"100 מ""ל",false,,5.50,0.0324,true,1,3239124
7290102397617,false,יוגורט ביו קרמי עם כדורים מצופים שוקולד חום לבן,מולר Muller,IL,מולר מיקס קליק,יח',1.00,יח',false,,5.50,5.5000,true,1,3239125
7290102397679,false,קוטג' וחצי 5% מהדרין טרה 375 גרם,מילקו,IL,קוטג' 5% 375 גר,גרמים,375.00,100 גרם,false,,6.90,0.0184,true,1,4158547
7290102397730,false,פרוסות גבינה אמנטל חצי קשה 30% שומן 200 ג' נעם,Unknown,IL,אמנטל נעם פתיחה חוזר,גרמים,200.00,100 גרם,false,,16.90,0.0845,true,1,4696249
7290102397747,false,פרוסות גבינת מוצרלה נעם מחלב בקר 22%,טרה,IL,מוצרלה נעם 200 גר,גרמים,200.00,100 גרם,false,,17.90,0.0895,true,1,5527102
7290102397891,false,גבינה מותכת משק צוריאל 100 גרם,משק צוריאל,IL,גבינה מותכת 100 ג צו,גרמים,25.00,100 גרם,false,,6.90,0.2760,true,1,4423789
7290102398065,false,חלב טרה בקרטון 2 ליטר מהדרין 3% - מוצר בפיקוח,הפריט בפיקוח,IL,חלב 3% טרה 2 ליטר,ליטרים,2.00,ליטר,false,,12.30,6.1500,true,1,5029140
7290102398072,false,"חלב קרטון 3%-1 ליטר "" טרה"" -מוצר פיקוח",הפריט בפיקוח,IL,חלב 3% טרה 1 ליטר,ליטרים,1.00,ליטר,false,,6.20,6.2000,true,1,4936447
7290102398331,false,חלב מועשר דל לקטוז 2% שומן טרה 1 ליטר,Unknown,IL,חלב מועשר דל לקטוז 1,ליטרים,1.00,ליטר,false,,6.90,6.9000,true,1,5738818
7290102398560,false,שוקו טרה מועשר בבקבוק 1 ליטר,מילקו תעשיות בעמ,IL,שוקו מועשר בבקבוק 1,ליטרים,1.00,ליטר,false,,10.90,10.9000,true,1,6538767
7290102398577,false,משקה חלב בטעם שוקו 2% בבקבוק אישי,מילקו תעשיות בעמ,IL,שוקו טרה מועשר בבקבו,מיליליטרים,250.00,"100 מ""ל",false,,4.90,0.0196,true,1,6538768
7290102398614,false,משקה חלב בטעם בננה טרה 1 ליטר,מילקו תעשיות בעמ,IL,משקה חלב בטעם בננה 1,ליטרים,1.00,ליטר,false,,10.90,10.9000,true,1,6538770
7290102398638,false,משקה חלב בטעם מוקה טרה 1 ליטר,מילקו תעשיות בעמ,IL,משקה חלב בטעם מוקה 1,ליטרים,1.00,ליטר,false,,10.90,10.9000,true,1,6538771
7290102398669,false,משקה חלב אייס קפוצ'ינו טרה 1 ליטר,מילקו תעשיות בעמ,IL,אייס קפוצינו בבקבוק,ליטרים,1.00,ליטר,false,,10.90,10.9000,true,1,8249945
7290102398782,false,משקה סויה קלאסי משק צוריאל 1 ליטר,מחלבת משק צוריאל,IT,משקה סויה קלאסי 1 לי,יח',1.00,יח',false,,9.90,9.9000,true,1,8107935
7290102398799,false,משקה סויה במתיקות מופחתת משק צוריאל 1 ליטר,מחלבת משק צוריאל,IT,משקה סויה במתיקות מו,יח',1.00,יח',false,,9.90,9.9000,true,1,8007592
7290102398805,false,משקה סויה בטעם וניל משק צוריאל 1 ליטר,מחלבת משק צוריאל,IT,משקה סויה וניל 1 ליט,יח',1.00,יח',false,,9.90,9.9000,true,1,8007593
7290102398836,false,משקה שקדים קלאסי משק צוריאל 1 ליטר,מחלבת משק צוריאל,IT,משקה שקדים קלאסי 1 ל,יח',1.00,יח',false,,11.90,11.9000,true,1,8007595
7290102399048,false,פרוסות גבינת קשקבל נעם 200 ג' טרה,מילקו,IL,קשקבל נעם 200 גר,גרמים,200.00,100 גרם,false,,21.90,0.1095,true,1,7419983
7290102399635,false,"מולר פרופ יוגורט ביו עם קציפת קוקוס ואננס 150 מ""ל",מולר Muller,IL,מולר יוגורט טרופיקל,גרמים,150.00,100 גרם,false,,4.80,0.0320,true,1,8258769
7290102399796,false,מעדן יוגורט לבן מועשר בחלבון 200 ג' מולר אקטיב,מולר Muller,IL,יוגורט מולר אקטיב 25,גרמים,200.00,100 גרם,false,,5.20,0.0260,true,1,8249946
7290102399802,false,יוגורט עם תות מולר אקטיב מועשר בחלבון 200 גר',מולר Muller,IL,יוגורט מולר אקטיב תו,גרמים,200.00,100 גרם,false,,5.50,0.0275,true,1,8249926
7290102399819,false,יוגורט עם פירות יער מולר אקטיב מועשר בחלבון 200 גר',מולר Muller,IL,יוגורט מולר פירות יע,גרמים,200.00,100 גרם,false,,5.50,0.0275,true,1,8191047
7290103120658,false,דאודורנט ספיד סטיק גל שחור 85 גרם,הנסיך- מפעל לייצור ט,US,ספיד סטיק 24/7 גל שח,גרמים,85.00,100 גרם,false,,16.90,0.1988,true,1,1089182
7290103124588,false,"סבון נוזלי ארומה בניחוח לבנדר פטצ'ולי פלמוליב 750 מ""ל",הנסיך- מפעל לייצור ט,TR,סבון נוזלי ארומה בני,מיליליטרים,750.00,"100 מ""ל",false,,19.90,0.0265,true,1,1089206
7290103124601,false,"תחליב רחצה נוזל חלב ודבש משאבה 750מ""ל פלמוליב",הנסיך- מפעל לייצור ט,TR,תחליב רחצה מזין חלב,מיליליטרים,750.00,"100 מ""ל",false,,19.90,0.0265,true,1,1089208
7290103126797,false,"קולגייט משחת שיניים סנסיטיב פרו ריליף 75 מ""ל",הנסיך- מפעל לייצור ט,BR,משחת שיניים סנסטיב פ,גרמים,110.00,100 גרם,false,,17.90,0.1627,true,1,1089234
7290103128739,false,מקלוני כותנה לתינוק בלונס 50 יחידות,הנסיך- מפעל לייצור ט,GR,מקלוני אוזנים בלונס,יח',50.00,יח',false,,5.90,0.1180,true,1,1089246
7290103129378,false,ספיד סטיק - דאודורנט ג'ל לגבר איקס 5 85 גרם,הנסיך- מפעל לייצור ט,US,ספיד סטיק גל 5X,גרמים,51.00,100 גרם,false,,15.90,0.3118,true,1,1089251
7290103129392,false,ליידי ספיד סטיק פרש אסנס פרח הפרזיה סטיק 65 גר,ליידי ספיד סטיק Lady Speed Stick,US,ליידי ספיד סטיק פרש,גרמים,65.00,100 גרם,false,,16.90,0.2600,true,1,1089252
7290103129408,false,ליידי ספיד סטיק - דאודורנט סטיק לאישה פרש אסנס פריחת הפרדס 65 גרם,ליידי ספיד סטיק Lady Speed Stick,US,ליידי ספיד סטיק פרש,גרמים,65.00,100 גרם,false,,16.90,0.2600,true,1,1089253
7290103129637,false,בלונס פדים אובליים להסרת איפור 40 יחידות,הנסיך- מפעל לייצור ט,GR,בלונס פדים אובליים ל,יח',40.00,יח',false,,6.90,0.1725,true,1,1089255
7290103243302,false,עוגת שוקולד 450 גרם נוסטלגיה,,,עוגת שוקולד 450 גרם,גרמים,450.00,100 גרם,false,,8.80,0.0196,true,1,3282257
7290103243319,false,עוגה אנגלית 450 גרם נוסטלגיה,,,עוגה אנגלית 450 גרם,גרמים,450.00,100 גרם,false,,8.80,0.0196,true,1,3282258
7290103243326,false,עוגת שיש 450 גרם נוסטלגיה,,,עוגת שיש 450 גרם נוס,גרמים,450.00,100 גרם,false,,8.80,0.0196,true,1,3282259
7290103243333,false,עוגה בטעם תפוז 450 ג נוסטלגיה,,,עוגה בטעם תפוז 450 ג,גרמים,450.00,100 גרם,false,,8.80,0.0196,true,1,3282260
7290103400194,false,"כרוב לבן 400 גר בד""צ ירקות שטראוס",שטראוס בריאות ירקות טריי,IL,כרוב לבן 400 ג בדצ י,גרמים,400.00,100 גרם,false,,8.50,0.0213,true,1,1107873
7290103400231,false,"גזר מגורד שטראוס 400 גרם בד""צ",שטראוס בריאות ירקות טריי,IL,גזר גוליאן בדצ 400גר,גרמים,400.00,100 גרם,false,,8.50,0.0213,true,1,1107875
7290103400255,false,"סלט קולסלאו 400 גרם בד""צ ירקות שטראוס",שטראוס בריאות ירקות טריי,IL,סלט קולסלאו 400 גרם,גרמים,400.00,100 גרם,false,,8.50,0.0213,true,1,1103947
7290103401429,false,קפה קצב ברזילאי אוריגינס 200 גר,הנסיך- מפעל לייצור ט,IL,קפה פליטנום ברזילאי,גרמים,200.00,100 גרם,false,,19.70,0.0985,true,1,1089835
7290103404758,false,סלט כרוב אדום במיונז אחלה 120 גרם,מיוצר עי קונדיטוריית,IL,סלט כרוב אדום אחלה 1,גרמים,120.00,100 גרם,false,,4.70,0.0392,true,1,1103962
7290103408206,false,עלי חסה ערבית שטופים שטראוס 250 גרם,שטראוס בריאות ירקות טריי,IL,עלי חסה ערבית שטופים,גרמים,250.00,100 גרם,false,,9.90,0.0396,true,1,1103973
7290103702533,false,מגבות נייר כפול 6 יח רמילוי,,,מגבות נייר כפול 6 יח,יח',1.00,יח',false,,18.40,18.4000,true,1,7739113
7290103702878,false,מפיות עבות וחזקות 150יח,,,מפיות עבות וחזקות 15,יח',1.00,יח',false,,6.90,6.9000,true,1,4275611
7290103702939,false,נייר טואלט גליל כפול 16 רמילוי,,,נייר טואלט גליל כפול,יח',16.00,יח',false,,28.90,1.8062,true,1,4347248
7290103702946,false,נייר טואלט רמי לוי כפול 24יח,,,נייר טואלט רמי לוי כ,יח',24.00,יח',false,,42.90,1.7875,true,1,4048396
7290103703585,false,נ.טואלט תלת שכבתי 32 רמי לוי,,,נ.טואלט תלת שכבתי 32,יח',32.00,יח',false,,39.90,1.2469,true,1,6960987
7290104061417,false,סלט חומוס עם טחינה אחלה 400 גרם,"שטראוס גרופ בע""\מ",IL,סלט חומוס עם טחינה א,גרמים,400.00,100 גרם,false,,9.90,0.0248,true,1,1103990
7290104061424,false,סלט חומוס עם זעתר אחלה 400 גרם,מיוצר עי קונדיטוריית,IL,סלט חומוס עם זעתר אח,גרמים,400.00,100 גרם,false,,9.90,0.0248,true,1,1103991
7290104061431,false,סלט חומוס עם צנובר אחלה 400 גרם,"שטראוס גרופ בע""\מ",IL,סלט חומוס עם צנובר א,גרמים,400.00,100 גרם,false,,9.90,0.0248,true,1,1103992
7290104061448,false,סלט חומוס עם חריף אחלה 400 גרם,מיוצר עי קונדיטוריית,IL,סלט חומוס עם חריף אח,גרמים,400.00,100 גרם,false,,9.90,0.0248,true,1,1103993
7290104062599,false,מארז 8 יחידות מעדן גמדים בטעמי תות ובננה,"שטראוס בריאות בע""\מ",IL,מעדן גמדים תות בננה,מיליליטרים,800.00,"100 מ""ל",false,,17.90,0.0224,true,1,1103996
7290104065187,false,אבקה להכנת משקה קפה בטעם מוקה,STRAUSS-ISRAEL,IL,קפה נמס מוקה 200 גרם,גרמים,200.00,100 גרם,false,,19.90,0.0995,true,1,1089913
7290104065934,false,עלי רוקט שטראוס 150 גרם,שטראוס בריאות ירקות טריי,IL,עלי רוקט שטראוס 150,גרמים,150.00,100 גרם,false,,9.90,0.0660,true,1,1104008
7290104066566,false,טחינה משומשום מלא אח,מיוצר עי קונדיטוריית,IL,טחינה 500 גרם,גרמים,500.00,100 גרם,false,,13.90,0.0278,true,1,1104012
7290104068539,false,מאסט פליפטופ מלון ואבטיח ללא גרעינים,"שטראוס גרופ בע""מ",IL,מסטיק MUST בטעם אבטי,גרמים,28.00,100 גרם,false,,4.00,0.1429,true,1,1089945
7290104068546,false,גומי מאסט בטעם לימון קולה ללא סוכר 28 ג' עלית,"שטראוס גרופ בע""מ",IL,מסטיק MUST בטעם קולה,גרמים,28.00,100 גרם,false,,3.90,0.1393,true,1,1089946
7290104364679,false,פרולטה שמפו ללא מלחים 500 מל,פאר פארם)איתן(,IL,שמפו פרולטה 500מל לל,מיליליטרים,500.00,"100 מ""ל",false,,44.90,0.0898,true,1,2744235
7290104500572,false,אפרופו חטיף תירס איטליאנו אסם 50 גרם,מיוצר עי קונדיטוריית,IL,אפרופו חטיף תירס איט,גרמים,50.00,100 גרם,false,,3.90,0.0780,true,1,1091937
7290104503184,false,הבית עוגת שבת בראוניס טעם שוקולד ריבת חלב 380 גרם,מיוצר עי קונדיטוריית,IL,עוגת שבת בראוניס ריב,גרמים,380.00,100 גרם,false,,14.90,0.0392,true,1,1091963
7290104504228,false,מיני דובונים אסם 100 גרם מארז 5 יחידות,"אסם השקעות בע""\מ",IL,דובונים חטיף תפוחי א,גרמים,100.00,100 גרם,false,,12.90,0.1290,true,1,1091975
7290104508943,false,במבה חטיף בוטנים אסם 200 גרם,"אסם השקעות בע""\מ",IL,במבה חטיף בוטנים אסם,גרמים,200.00,100 גרם,false,,8.90,0.0445,true,1,1092008
7290104570131,false,תמר מג'הול ששון ושות,,,"תמר מג'הול 1 ק""ג",יח',1.00,יח',false,,18.90,18.9000,true,1,2916784
7290104570162,false,תמרים כבושים 500גרם בית שאן,תמר העמקים בית שאן,IL,תמרים כבושים 500גרם,גרמים,500.00,100 גרם,false,,6.90,0.0138,true,1,1084207
7290104720499,false,מארז 8 יחידות מעדן דני בטעם וניל 1.5%,מיוצר עי קונדיטוריית,IL,דני בטעם וניל שמיניי,מיליליטרים,1000.00,"100 מ""ל",false,,14.30,0.0143,true,1,1104027
7290104721533,false,רצועות פלפלים קלויים אחלה 400 ג',מיוצר עי קונדיטוריית,IL,פלפלים קלויים 400 גר,גרמים,400.00,100 גרם,false,,14.90,0.0373,true,1,1104038
7290104721953,false,לקט מסולסלים ירקות שטראוס 350 גרם,שטראוס בריאות ירקות טריי,IL,לקט מסולסלים ירקות ש,גרמים,350.00,100 גרם,false,,12.90,0.0369,true,1,1104042
7290104722530,false,תפוצ'יפס בטעם שמנת בצל עלית 200 גרם,"שטראוס פריטו ליי בע""\מ )",IL,תפוצ'יפס בטעם שמנת ב,גרמים,200.00,100 גרם,false,,9.90,0.0495,true,1,1097614
7290104726262,false,רביעייה מעדן דני שוקולד דיסני לבנים 125 גרם,מיוצר עי קונדיטוריית,IL,דני בטעם שוקולד לשתי,מיליליטרים,500.00,"100 מ""ל",false,,10.90,0.0218,true,1,1104076
7290104726712,false,מארז 8 יחידות מעדן מילקי בטעם שוקולד עם קצפת,"שטראוס גרופ בע""\מ",IL,מארז מילקי שוקולד שמ,קילוגרמים,1.06,"ק""ג",false,,19.90,18.7736,true,1,1104084
7290104728310,false,"שמנת מתוקה עמידה 38% שומן ""יטבתה"" -מוצר בפיקוח",שטראוס גרופ,IL,שמנת להקצפה 38% 250,מיליליטרים,250.00,"100 מ""ל",false,,5.60,0.0224,true,1,1104095
7290104960239,false,"תחליב רחצה נקה 7 ארומה לבן 750 מ""ל",טרופיקל דגיל תעשיות קוסמ,IL,נקה 7 תחליב רחצה קמו,מיליליטרים,750.00,"100 מ""ל",false,,9.90,0.0132,true,1,2799933
7290104960253,false,"תחליב רחצה נקה 7 לבנדר סגול 750מ""ל",טרופיקל דגיל תעשיות קוסמ,IL,נקה 7 תחליב רחצה לבנ,מיליליטרים,750.00,"100 מ""ל",false,,9.90,0.0132,true,1,1116162
7290104960338,false,"נקה 7 תחליב רחצה ארומה אלוורה ותה ירוק 750מ""ל",טרופיקל דגיל תעשיות קוסמ,IL,נקה 7 תחליב רחצה אלו,מיליליטרים,750.00,"100 מ""ל",false,,9.90,0.0132,true,1,2799934
7290104960352,false,"נקה 7 תחליב רחצה ארומה שקד וניל 750מ""ל","אמיליה קוסמטיקס בע""מ",IL,נקה 7 תחליב רחצה וני,מיליליטרים,750.00,"100 מ""ל",false,,9.90,0.0132,true,1,2799935
7290104961205,false,"נקה 7 תחליב רחצה מגע קטיפה מ""לפפון קיווי 750 מ""ל",טרופיקל דגיל תעשיות קוסמ,IL,תחליב רחצה מלפפון ול,מיליליטרים,750.00,"100 מ""ל",false,,9.90,0.0132,true,1,1116169
7290104961243,false,"נקה 7 תחליב רחצה מגע קטיפה קוקוס ליים 750 מ""ל",טרופיקל דגיל תעשיות קוסמ,IL,תחליב רחצה קוקוס יסמ,מיליליטרים,750.00,"100 מ""ל",false,,9.90,0.0132,true,1,1116171
7290104961526,false,דאודורנט ספריי גוף טיטניום קלאסיק Titanium Classic,"אמיליה קוסמטיקס בע""מ",IL,טיטניום ספריי גוף 15,מיליליטרים,150.00,"100 מ""ל",false,,9.90,0.0660,true,1,1116178
7290104961533,false,דאודורנט ספריי גוף טיטניום בלק Titanium Black,אמיליה קוסמטיקס,IL,טיטניום ספריי גוף 15,מיליליטרים,150.00,"100 מ""ל",false,,9.90,0.0660,true,1,1116179
7290104961540,false,דאודורנט ספריי גוף טיטניום מטאל Titanium Metal,אמיליה קוסמטיקס,IL,טיטניום ספריי גוף 15,מיליליטרים,150.00,"100 מ""ל",false,,9.90,0.0660,true,1,1116180
7290104961557,false,"טיטניום - דאודורנט ספריי לגבר בלו 150 מ""ל","אמיליה קוסמטיקס בע""מ",IL,טיטניום ספריי גוף 15,מיליליטרים,150.00,"100 מ""ל",false,,9.90,0.0660,true,1,1116181
7290104961878,false,"שמפו לשיער קרטין אינטנס פורמולה 400 מ""ל נטורל",נטורל פורמולה Natural Formula,IL,שמפו קרטין לשיער שעב,מיליליטרים,400.00,"100 מ""ל",false,,29.90,0.0747,true,1,1116183
7290104961885,false,מרכך קרטין טהור לשיער שעבר החלקה או עיצוב בחום,נטורל פורמולה Natural Formula,IL,מרכך קרטין לשיער שעב,מיליליטרים,400.00,"100 מ""ל",false,,29.90,0.0747,true,1,1116184
7290104961892,false,מסכת קרטין טהור לשיער שעבר החלקה או עיצוב בחום,נטורל פורמולה Natural Formula,IL,מסיכת קרטין לשיער שע,מיליליטרים,350.00,"100 מ""ל",false,,39.90,0.1140,true,1,1116185
7290104962073,false,דאודורנט ספריי גוף טיטניום גולד Titanium Gold,"אמיליה קוסמטיקס בע""מ",IL,דאו טיטניום גולד 180,מיליליטרים,180.00,"100 מ""ל",false,,14.90,0.0828,true,1,1116189
7290104962110,false,דאודורנט קרליין ספריי נושם לנערות ללא אלומיניום,מיוצר עי : אמיליה קוסמטי,IL,דאודורנט קרליין ספרי,מיליליטרים,150.00,"100 מ""ל",false,,10.90,0.0727,true,1,1116191
7290104962134,false,דאודורנט קרליין רול און נושם לנערות ללא אלומיניום,מיוצר עי : אמיליה קוסמטי,IL,דאודורנט קרליין רול,מטרים,75.00,100 מ'ל,false,,10.90,0.1453,true,1,1116193
7290104962868,false,"מסכת אמפולה לטיפול אינטנסיבי לשיער יבש, צבוע ופגום",נטורל פורמולה Natural Formula,IL,"מסכה אמפולה 350 מ""ל",מיליליטרים,350.00,"100 מ""ל",false,,29.90,0.0854,true,1,2763844
7290104963018,false,סופטקר מגבונים לחים רביעייה ללא בישום,החברה הדרומית,IL,מגבונים סופטקר רביעי,יח',4.00,יח',false,,16.90,4.2250,true,1,3082301
7290104963162,false,"סופטקר - קרם גוף לתינוקות 500 מ""ל",קוסמופארם בע'\'\מ,IL,סופטקר קרם גוף 500 מ,מיליליטרים,500.00,"100 מ""ל",false,,24.90,0.0498,true,1,3180376
7290104963216,false,סופטקר - אל סבון עדין לתינוק לעור רגיש 1 ליטר,קוסמופארם בע'\'\מ,IL,סופטקר אלסבון עדין ל,ליטרים,1.00,ליטר,false,,14.90,14.9000,true,1,3180379
7290104963223,false,סופטקר - אל סבון עדין לתינוק לעור רגיש 1 ליטר,קוסמופארם בע'\'\מ,IL,סופטקר אלסבון לתינוק,ליטרים,1.00,ליטר,false,,14.90,14.9000,true,1,3180380
7290104963650,false,נקה 7 שמפו אל דמע סופטקר 1 ליטר,קוסמופארם בע'\'\מ,IL,סופטקר שמפו אלדמע 1ל,ליטרים,1.00,ליטר,false,,14.90,14.9000,true,1,3180381
7290104963667,false,שמפו ותחליב רחצה אל דמע סופט קר 1 ליטר,קוסמופארם בע'\'\מ,IL,סופטקר 2ב1 אלסבון שמ,ליטרים,1.00,ליטר,false,,14.90,14.9000,true,1,3180382
7290104964220,false,קרליין קליר סקין גל מרענן לניקוי הפנים,אמיליה קוסמטיקס,IL,קרליין ג'ל מרענן לני,מיליליטרים,300.00,"100 מ""ל",false,,39.90,0.1330,true,1,5298769
7290104964350,false,אל סבון עשיר בלחות בניחוח פרחי מים - מארז 3 יח',נקה 7,IL,סבון נוזלי כחול נקה,ליטרים,1.50,ליטר,false,,19.90,13.2667,true,1,3278968
7290104965647,false,קרליין דאו רול און נושם סוויט קיס לנערות,מיוצר עי : אמיליה קוסמטי,IL,קרליין דיאודורנט בנו,מטרים,75.00,100 מ'ל,false,,10.90,0.1453,true,1,8319831
7290104965661,false,קרליין דאו ספרי נושם סוויט קיס לנערות150,"אמיליה קוסמטיקס בע""מ",IL,קרליין דיאודורנט בנו,מיליליטרים,150.00,"100 מ""ל",false,,10.90,0.0727,true,1,8319833
7290105360250,false,קפסולות 09 עשיר וארומטי למכונת נספרסו עלית 10יח',הנסיך- מפעל לייצור ט,IL,קפסולות קפה אספרסו 9,יח',1.00,יח',false,,15.90,15.9000,true,1,1090051
7290105360328,false,קפסולות אספרסו חזק למכונות נספרסו 10 יח',הנסיך- מפעל לייצור ט,IL,קפסולות קפה אספרסו 1,יח',1.00,יח',false,,15.90,15.9000,true,1,1090052
7290105360335,false,קפסולות אספרסו למכונות נספרסו 50 גר,הנסיך- מפעל לייצור ט,IL,קפסולות קפה אספרסו 7,יח',1.00,יח',false,,15.90,15.9000,true,1,1090053
7290105362339,false,"שמנת לבישול 15% 250 מ""ל יטבתה מהדרין",שטראוס גרופ,IL,שמנת לבישול 15% מהדר,מיליליטרים,250.00,"100 מ""ל",false,,7.60,0.0304,true,1,1104126
7290105363602,false,מקלות כיף כף קלאסי עלית 40 גרם,שולן צ'\יקולטה גידה סאן.,TR,מקלות כיף כף קלאסי ע,גרמים,40.00,100 גרם,false,,4.60,0.1150,true,1,1090083
7290105364289,false,מקלות כיף כף פצפוצים עלית 40 גרם,שולן צ'\יקולטה גידה סאן.,TR,מקלות כיף כף פצפוצים,גרמים,40.00,100 גרם,false,,4.60,0.1150,true,1,1090085
7290105364302,false,"עלית חטיף שוקולד כיף כף מקלות אגוזים, 40 גרם",שולן צ'\יקולטה גידה סאן.,TR,מקלות כיף כף אגוזים,גרמים,42.00,100 גרם,false,,4.60,0.1095,true,1,1090086
7290105364678,false,"אקטיביה משקה יוגורט בטעם אפרסק שטראוס 250 מ""ל",מיוצר עי קונדיטוריית,IL,אקטיביה משקה יוגורט,מיליליטרים,250.00,"100 מ""ל",false,,4.80,0.0192,true,1,1104146
7290105366023,false,סלט חצילים בטעם כבד אחלה 400 גרם,מיוצר עי קונדיטוריית,IL,סלט חצילים בטעם כבד,גרמים,400.00,100 גרם,false,,14.90,0.0373,true,1,1104160
7290105366993,false,סימפוניה גבינת שמנת פלפל שיפקה 5% שטראוס 200 גרם,"שטראוס בריאות בע""מ",IL,סימפוניה גבינת שמנת,גרמים,200.00,100 גרם,false,,9.70,0.0485,true,1,2603585
7290105368331,false,מעדן מילקי בטעם תות עם קצפת,מחלבת אחיהוד,IL,מילקי תות שטראוס 133,מיליליטרים,133.00,"100 מ""ל",false,,2.70,0.0203,true,1,1104194
7290105368904,false,"שמנת מתוקה להקצפה 32% שומן 250 מ""ל יוטבתה",שטראוס גרופ,IL,שמנת מתוקה להקצפה 32,מיליליטרים,250.00,"100 מ""ל",false,,6.90,0.0276,true,1,1104205
7290105369130,false,סימפוניה גבינת שמנת בצל ירוק 5% שטראוס 200 גרם,"שטראוס בריאות בע""\מ",IL,סימפוניה גבינת שמנת,גרמים,200.00,100 גרם,false,,9.70,0.0485,true,1,1104215
7290105430441,false,תחליב רחצה סחלב שחור וקרם לחות Naturals משאבה,הנסיך- מפעל לייצור ט,TR,פלמוליב סבון נוזלי ס,מיליליטרים,750.00,"100 מ""ל",false,,19.90,0.0265,true,1,1089261
7290105430458,false,תחליב רחצה מועשר בשקדים וקרם לחות Naturals משאבה,הנסיך- מפעל לייצור ט,TR,פלמוליב סבון נוזלי ש,מיליליטרים,750.00,"100 מ""ל",false,,19.90,0.0265,true,1,1089262
7290105431516,false,מארז חטיף פריי תמרים ובוטנים ללא גלוטן ותוספת סוכר 125 גרם,טבעית מוצרים מן הטבע בעמ,IL,מארז חטיף פריי תמרים,גרמים,125.00,100 גרם,false,,15.90,0.1272,true,1,1089273
7290105431868,false,"פלמוליב ספא קוקוס גרגרים נוזלי 500 מ""ל",הנסיך- מפעל לייצור ט,TR,פלמוליב ספא קוקוס גר,מיליליטרים,500.00,"100 מ""ל",false,,15.90,0.0318,true,1,2597479
7290105433985,false,ליידי ספיד סטיק פרש אסנס פריחת הדובדבן סטיק 65 גר,ליידי ספיד סטיק Lady Speed Stick,US,ליידי ספיד סטיק פרש,גרמים,65.00,100 גרם,false,,16.90,0.2600,true,1,2639414
7290105434067,false,ספיד סטיק - דאודורנט סטיק לגבר XL אושן סרף 85 גרם,קולגייט פלמוליב,US,ספיד סטיק כחול אושיי,גרמים,85.00,100 גרם,false,,16.90,0.1988,true,1,2784627
7290105436382,false,חטיף פרי תמרים קשיו ללא תוספת סוכר וגלוטן 5 יח,טבעית מוצרים מן הטבע בעמ,IL,חטיף פרי תמרים קשיו,גרמים,100.00,100 גרם,false,,15.90,0.1590,true,1,2683387
7290105438539,false,קוקי נייר אפייה 40 דפים,אופל אריזות,IL,קוקי נייר אפייה,יח',40.00,יח',false,,9.90,0.2475,true,1,2708902
7290105438546,false,קוקי נייר אפייה פרימיום 40 יח',אופל אריזות,IL,קוקי נייר אפייה פרימ,יח',40.00,יח',false,,8.90,0.2225,true,1,2708903
7290105439581,false,מנה מאסטר שף חרדל דיזיון צרפתי 370 גר,רמיה סי.וי.הולנד,FR,מנה מאסטר שף חרדל די,גרמים,370.00,100 גרם,false,,9.90,0.0268,true,1,2858864
7290105474124,false,"מזון לכלבים בונזו מזון כלבים בשר 12 ק""ג מחולק","ביופט בע""מ",IL,"בונזו בשר 12 ק""ג מחולק",קילוגרמים,12.00,"ק""ג",false,,118.00,9.8333,true,1,2602624
7290105500151,false,וודקה פינלנדיה בקבוק,"אלטיה קורפ, הלסינקי,",FI,וודקה פינלנדיה 700 מ,מיליליטרים,700.00,"100 מ""ל",false,,58.90,0.0841,true,1,1101659
7290105500236,false,וויסקי ג'ק דניאלס מס' 7 Brand No,ג'ק דניאלס Jack Daniel's,US,וויסקי גק דניאלס 700,מיליליטרים,700.00,"100 מ""ל",false,,99.90,0.1427,true,1,1101660
7290105691248,false,אסם חטיפי פריכונים טורטייה תירס 60 גרם,"פרח תעשיות מזון בע""מ.",IL,חטיפי טורטיה תירס אס,גרמים,60.00,100 גרם,false,,6.90,0.1150,true,1,1092043
7290105691712,false,אסם עוגיות הפסקת קפה דגנים מלאים 230 גרם,היינץ צפון אמריקה מק,IL,עוגיות הפסקת קפה חיט,גרמים,230.00,100 גרם,false,,10.90,0.0474,true,1,1092053
7290105693341,false,מארז עשיריית במבה אסם 25*10 גרם,"אסם השקעות בע""\מ",IL,במבה חטיף בוטנים אסם,גרמים,250.00,100 גרם,false,,13.90,0.0556,true,1,2607224
7290105693457,false,עוגת הבית דמקה שוקו וניל אסם 320 גרם,מיוצר עי קונדיטוריית,IL,עוגת הבית דמקה שוקו,גרמים,320.00,100 גרם,false,,10.90,0.0341,true,1,1092087
7290105695024,false,פתיתים אפויים אורז עם אטריות אסם 500 גרם,"אסם השקעות בע""\מ",IL,פתיתים אפויים אורז ע,גרמים,500.00,100 גרם,false,,4.90,0.0098,true,1,1092125
7290105695321,false,עוגת הבית בראוניס פאדג' אסם 380 גרם,מיוצר עי קונדיטוריית,IL,עוגת הבית בראוניס פא,גרמים,380.00,100 גרם,false,,14.90,0.0392,true,1,1092131
7290105961181,false,משקה יטבתה פונץ' בננה 1ל' מהדרין,שטראוס גרופ,IL,משקה פונץ' בננה יטבת,מיליליטרים,1000.00,"100 מ""ל",false,,9.90,0.0099,true,1,1104225
7290105962331,false,סחוג תימני אדום חריף מאוד זהבי הכרם 220 גרם,קריניסה ויטמין אס אי,IL,סחוג אדום תימני חריף,גרמים,220.00,100 גרם,false,,9.90,0.0450,true,1,1104226
7290105965738,false,יוגורט לשתיה בטעם תות בננה267 ג' דנונה,מיוצר עי קונדיטוריית,IL,משקה יוגורט דנונה תו,גרמים,267.00,100 גרם,false,,4.50,0.0169,true,1,2630663
7290105966469,false,"חומץ בלסמי ממודנה יד מרדכי 250 מ""ל",אצטייה ג'וזפה קרמוני,IT,חומץ בלסמי יד מרדכי,מיליליטרים,250.00,"100 מ""ל",false,,13.90,0.0556,true,1,1090185
7290105968098,false,"סלט קולסלאו 500 גרם ""אחלה""",שטראוס גרופ סלטים,IL,קולסלאו אחלה 500 גרם,גרמים,500.00,100 גרם,false,,14.90,0.0298,true,1,1104252
7290105968654,false,רביולי בטטה פרווה פסטה נונה 400 ג',מיוצר עי קונדיטוריית,IL,פסטה רביולי בטטה פרו,גרמים,400.00,100 גרם,false,,16.70,0.0417,true,1,1104253
7290105968777,false,פריכיות 5 דגנים עם תחתית שוקולד מריר 70 גרם,"טחנת האבן תעשיות בע""",IL,פריכיות 5 דגנים עם ת,גרמים,70.00,100 גרם,false,,7.50,0.1071,true,1,1090203
7290106509825,false,אולוויז קואטרו פלטינום 28 יח,פרוקטר & גמבל,DE,אולוויז קואטרו פלטינ,יח',1.00,יח',false,,32.90,32.9000,true,1,8012421
7290106520066,false,"רבע לשבע שוקולד חלב במילוי אגוזים עלית 160 גרם בד""צ","הגביע מוצרי וופלים בע""\מ",IL,רבע לשבע במילוי קרם,גרמים,160.00,100 גרם,false,,9.60,0.0600,true,1,1090206
7290106520905,false,סלט טורקי אחלה 400 גרם,"שטראוס גרופ בע""\מ",IL,סלט טורקי 400 גרם,גרמים,400.00,100 גרם,false,,14.90,0.0373,true,1,1104261
7290106520912,false,"שמנת 9% לבישול יטבתה 250 מ""ל מהדרין",שטראוס גרופ,IL,שמנת לבישול 9% 250 מ,מיליליטרים,250.00,"100 מ""ל",false,,7.60,0.0304,true,1,1104262
7290106521049,false,אחלה טעמי השוק קוביות סלק 400 גר,מיוצר עי קונדיטוריית,IL,קוביות סלק 400 גרם,גרמים,400.00,100 גרם,false,,14.90,0.0373,true,1,1104269
7290106524439,false,"תפוצ'יפס פופס 60 גרם ""עלית""","שטראוס פריטו ליי בע""\מ )",IL,תפוצ'יפס פופס 60 גרם,גרמים,60.00,100 גרם,false,,3.50,0.0583,true,1,5779648
7290106525320,false,אבקת שוקולית לאפייה קופסא 500ג' עלית,הנסיך- מפעל לייצור ט,IL,שוקולית לאפייה 500 ג,גרמים,500.00,100 גרם,false,,14.90,0.0298,true,1,2675156
7290106525375,false,קפה מארז טורקי שלישייה 3*125 גר עלית,עלית,,קפה מארז טורקי שלישי,גרמים,375.00,100 גרם,false,,25.90,0.0691,true,1,2630666
7290106525382,false,קפה טורקי עלית 125 גר,עלית,,קפה טורקי 125 גר,גרמים,125.00,100 גרם,false,,9.90,0.0792,true,1,2630667
7290106525399,false,קפסולות 06 ברזיל למכונות נספרסו עלית 10יח',הנסיך- מפעל לייצור ט,IL,קפסולות ברזיל למכונת,יח',1.00,יח',false,,15.90,15.9000,true,1,3137697
7290106525405,false,קפסולות למכונת נספרסו נטול קפאין,שטראוס קפה בי.וי.,IL,קפסולות קפה אספרסו נ,100 יח',1.00,100 יח',false,,15.90,15.9000,true,1,2662531
7290106526822,false,פריכיות אורז חום מלא תחתית שוקולד חלב 80 גרם,"טחנת האבן תעשיות בע""",IL,פריכיות אורז חום מלא,גרמים,80.00,100 גרם,false,,7.50,0.0938,true,1,2626315
7290106528567,false,"דוריטוס גריל 185 גרם ""עלית""","שטראוס פריטו ליי בע""\מ )",IL,דוריטוס בטעם גריל 18,גרמים,185.00,100 גרם,false,,6.90,0.0373,true,1,2993084
7290106528628,false,"דוריטוס טבעי 185 גרם ""עלית""","שטראוס פריטו ליי בע""\מ )",IL,דוריטוס בטעם טבעי 18,גרמים,185.00,100 גרם,false,,6.90,0.0373,true,1,2993085
7290106528949,false,לקט ערוגות 450 גרם שטראוס,שטראוס בריאות ירקות טריי,IL,לקט ערוגות 450 גרם ש,גרמים,450.00,100 גרם,false,,10.80,0.0240,true,1,2645499
7290106572027,false,אוסם - לחמית חמישה דגנים 190 גרם,"אסם השקעות בע""\מ",IL,לחמית חמישה דגנים אס,גרמים,190.00,100 גרם,false,,7.90,0.0416,true,1,1092157
7290106573598,false,צבר חומוס לבנוני 400 גרם,סלטי צבר,IL,חומוס לבנוני צבר 400,גרמים,400.00,100 גרם,false,,11.90,0.0298,true,1,1092178
7290106573628,false,צבר חומוס עם טחינה 400 גרם,סלטי צבר,IL,חומוס עם טחינה צבר 4,גרמים,400.00,100 גרם,false,,11.90,0.0298,true,1,1092179
7290106573642,false,חומוס צנוברים צבר 400 גרם,סלטי צבר,IL,חומוס צנובר צבר 400,גרמים,400.00,100 גרם,false,,11.90,0.0298,true,1,1092180
7290106574793,false,עוגת הבית בטעם שוקו-שוקוצ'יפס 350 ג' אסם,מיוצר עי קונדיטוריית,IL,עוגת שוקו שוקוציפס,גרמים,330.00,100 גרם,false,,10.90,0.0330,true,1,1092197
7290106574953,false,בייגלה שטוחים כעכים שטוחים עם שומשום,מיוצר עי קונדיטוריית,IL,בייגלה שטוחים שומשום,גרמים,300.00,100 גרם,false,,9.90,0.0330,true,1,1092198
7290106574977,false,בייגלה שטוחים כעכים שטוחים עם מלח,מיוצר עי קונדיטוריית,IL,בייגלה שטוחים מלח אס,גרמים,300.00,100 גרם,false,,9.90,0.0330,true,1,1092199
7290106575257,false,עוגת הבית סופלה בטעם שוקולד 340 ג' אסם,מיוצר עי קונדיטוריית,IL,עוגת סופלה בטעם שוקו,גרמים,340.00,100 גרם,false,,10.90,0.0321,true,1,1512040
7290106575431,false,עוגת הבית סופלה בטעם שוקוניל 340 ג' אסם,מיוצר עי קונדיטוריית,IL,עוגת סופלה בטעם שוקו,גרמים,340.00,100 גרם,false,,10.90,0.0321,true,1,1512042
7290106576223,false,"אפרופו שוקולד 40 גרם ""אסם""",מיוצר עי קונדיטוריית,IL,אפרופו שוקולד 40 גר,גרמים,40.00,100 גרם,false,,3.90,0.0975,true,1,3556635
7290106576513,false,סלט חומוס צבר 400 גר,סלטי צבר,IL,חומוס חלק 400 ג,גרמים,400.00,100 גרם,false,,8.90,0.0223,true,1,2629351
7290106576537,false,חומוס מסעדות צבר 700 גרם,סלטי צבר,IL,חומוס מסעדות צבר 700,גרמים,700.00,100 גרם,false,,10.80,0.0154,true,1,1092212
7290106577527,false,סלט קולסלאו כרוב לבן וגזר 400 ג' צבר,סלטי צבר,IL,סלט קולסלאו צבר 400,גרמים,400.00,100 גרם,false,,11.90,0.0298,true,1,1514517
7290106577541,false,כרוב אדום מרובע 400 ג' צבר,סלטי צבר,IL,כרוב אדום מרובע 400,גרמים,400.00,100 גרם,false,,10.90,0.0273,true,1,1514518
7290106577572,false,מטבוחה אמיתית מרובע 400 ג' צבר,סלטי צבר,IL,סלט מטבוחה צבר 400 ג,גרמים,400.00,100 גרם,false,,11.90,0.0298,true,1,1514519
7290106578692,false,ביסלי במבה מיקס מהדורת אליפות אסם 80 גרם,פרו מן יו פתרונות אר,IL,ביסלי במבה מיקס 80 ג,גרמים,80.00,100 גרם,false,,3.90,0.0487,true,1,2639220
7290106578821,false,הבית עוגת שמרים קלאסית בטעם שוקולד 350גר.,מיוצר עי קונדיטוריית,IL,עוגת שמרים שוקולד קל,גרמים,350.00,100 גרם,false,,14.90,0.0426,true,1,2640182
7290106652996,false,מקלות כיף כף קוקוס עלית 40 גרם,סולן בעבור שטראוס,TR,מקלות כיף כף קוקוס ע,יחידה,0.00,יחידה,false,,4.60,0.0000,true,1,8460307
7290106653689,false,לקט לסלט אסייתי שטראוס 350 גרם,שטראוס בריאות ירקות טריי,IL,לקט לסלט אסיאתי 350,גרמים,350.00,100 גרם,false,,10.90,0.0311,true,1,4352838
7290106654099,false,מילקי CAKE עוגות אישיות במילוי קרם חלב,בובארד איטליה אס.פי.איי,IT,מארז מילקי קייק שמינ,גרמים,272.00,100 גרם,false,,19.90,0.0732,true,1,2858560
7290106658479,false,עלית וופל בטעם טורטית אגוזים 40ג,"שטראוס גרופ בע""\מ",IL,טורטית אגוזים מגדים,גרמים,40.00,100 גרם,false,,4.90,0.1225,true,1,3299580
7290106660410,false,רביוליתרד וגבינה שטראוס 400 גרם,מיוצר עי קונדיטוריית,IL,פסטה רביולי תרד וגבי,גרמים,400.00,100 גרם,false,,16.70,0.0417,true,1,2675108
7290106662025,false,תפוציפס טבעי מלח ופלפל 50 גרם,"שטראוס פריטו ליי בע""",IL,תפוציפס טבעי מלח פלפ,גרמים,50.00,100 גרם,false,,3.50,0.0700,true,1,3464391
7290106663091,false,"לאבנה 9 % עם שמן זית 500 גר' ""שטראוס""",הדקלאים אגודת שיתופי,IL,גבינת לאבנה 9% שומן,גרמים,500.00,100 גרם,false,,16.90,0.0338,true,1,2814868
7290106663503,false,קונפיטורה לייט תות יד מרדכי 230 גרם,אף.סי תבליני בגליל ב,IL,קונפיטורת תות שדה לי,גרמים,230.00,100 גרם,false,,9.70,0.0422,true,1,2698031
7290106664067,false,לאבנה עם שמן זית וזעתר 10% שטראוס 400 ג',הדקלאים אגודת שיתופי,IL,לאבנה שמן זית וזעתר,גרמים,400.00,100 גרם,false,,13.90,0.0348,true,1,2814889
7290106667266,false,"דוריטוס חמוץ חריף 185 גרם ""עלית""","שטראוס פריטו ליי בע""\מ )",IL,דוריטוס חמוץ חריף 18,גרמים,185.00,100 גרם,false,,6.90,0.0373,true,1,2993090
7290106668577,false,"מיץ לימון טיבעי 250 מ""ל יד מרדכי",האי נאם סי או אל.טי.,IT,"מיץ לימון 250 מ""ל",מיליליטרים,250.00,"100 מ""ל",false,,7.80,0.0312,true,1,2764730
7290106668713,false,יוגורט עם פירות יער 3% שומן 150 ג' דנונה,מיוצר עי קונדיטוריית,IL,יוגורט דנונה פירות י,מיליליטרים,150.00,"100 מ""ל",false,,3.50,0.0233,true,1,2775590
7290106669857,false,קפסולות אספרסו בטעם וניל עלית 10 יחידות,הנסיך- מפעל לייצור ט,IL,קפסולות אספרסו בטעם,100 יח',1.00,100 יח',false,,15.90,15.9000,true,1,4367344
7290106720626,false,צ'יטוס קראנצ' בטעם גבינה - חלבי,"שטראוס פריטו ליי בע""\מ )",IL,ציטוס גבינה 80 גר,גרמים,80.00,גרם,false,,4.20,0.0525,true,1,4485184
7290106721906,false,צנצנת בזוקה מגדים ציקלט 66 גרם,"שטראוס גרופ בע""מ",IL,מסטיק בזוקה ללא סוכר,גרמים,66.00,100 גרם,false,,8.90,0.1348,true,1,2752346
7290106721920,false,צנצנת מסטיק מאסט בטעם ספירמינט עדין 66 ג' עלית,"שטראוס גרופ בע""\מ.",IL,מאסט בוקס,גרמים,66.00,100 גרם,false,,8.90,0.1348,true,1,2752348
7290106723689,false,עלי תרד בייבי שטראוס 200 גרם,שטראוס בריאות ירקות טריי,IL,עלי תרד בייבי 200 גר,גרמים,200.00,100 גרם,false,,10.90,0.0545,true,1,2697996
7290106725867,false,"סירופ מייפל טבעי 189 מ""ל ""יד מרדכי""",קוסלסי פוד,CA,"סירופ מייפל 189 מ""ל",מיליליטרים,189.00,"100 מ""ל",false,,29.90,0.1582,true,1,2826757
7290106726178,false,יוגורט PRO עם פירות יער 2.4% 10 גרם חלבון בגביע,מיוצר עי קונדיטוריית,IL,דנונה WOW פירות יער,גרמים,150.00,100 גרם,false,,4.50,0.0300,true,1,2814891
7290106727984,false,"כיף כף פצפצים בגביע 135 גרם ""עלית""",שולן צ'\יקולטה גידה סאן.,TR,גביע כיף כף פצפצים 1,גרמים,135.00,100 גרם,false,,9.90,0.0733,true,1,3464135
7290106729650,false,יוגורט עם תות מאגדת 8 יח' * 150ג' דנונה,"שטראוס גרופ בע""\מ",IL,מארז דנונה 8 יח 1.2,ליטרים,1.20,ליטר,false,,23.90,19.9167,true,1,3063074
7290107280013,false,"חמישיית מגבונים ל.מבושם ""ליטופים""",טרופיקל דגיל קוסמטיק,IL,מגבונים ליטופים מארז,יח',72.00,יח',false,,17.90,0.2486,true,1,2690976
7290107280020,false,שלישיית מטליות לחות לניקוי כללי סנו סושי 50 יחידות,טרופיקל דגיל- תעשיות,IL,שלישיית מגבונים סנו,יח',3.00,יח',false,,16.90,5.6333,true,1,1094878
7290107280068,false,סנו סושי תבנית אלומיניום ענק א.לארג 2 יח,סנו מפעלי ברונוס בעמ,CN,סנו סושי תבנית אלומי,יח',1.00,יח',false,,7.50,7.5000,true,1,5721087
7290107280075,false,סנו סושי תבנית אלומיניום לארג 4יח,סנו מפעלי ברונוס בעמ,CN,סנו סושי תבנית אלומי,יח',1.00,יח',false,,7.50,7.5000,true,1,5721088
7290107280082,false,מארז 7 תבניות אלומיניום מוארכות לאפייה אינגליש קייק,סנו מפעלי ברונוס בעמ,CN,סנו סושי תבנית אלומי,יח',1.00,יח',false,,7.50,7.5000,true,1,5721068
7290107280099,false,שלישיית מגובנים נשטפים באסלה סופט סוד 48 יחידות,טרופיקל דגיל- תעשיות,IL,שלישיית מגבוני טואלט,יח',48.00,יח',false,,14.90,0.3104,true,1,2691291
7290107280112,false,נייר טואלט סופט סילק 24 גליל,"סנו מפעלי ברונוס בע""\מ",IL,סנו סופט נייר טואלט,גרמים,1450.00,100 גרם,false,,24.90,0.0172,true,1,8474327
7290107280129,false,סנו סושי 20 שקיות אשפה חזקות גדולות XXL,סנו מפעלי ברונוס בעמ,IL,סנו סושי 20 שקיות אש,יח',1.00,יח',false,,22.90,22.9000,true,1,2743167
7290107280389,false,"סנו - ג'ט מרסס לניקוי בחדר האמבטיה 750 מ""ל","איי, בי, אינבוו",IL,"סנו ג'ט לאמבט 750 מ""",מיליליטרים,750.00,"100 מ""ל",false,,11.90,0.0159,true,1,2607088
7290107280396,false,"סנו - ג'ט מרסס לניקוי יסודי במטבח 750 מ""ל","סנו מפעלי ברונוס בע""",IL,"סנו ג'ט למטבח 750 מ""",מיליליטרים,750.00,"100 מ""ל",false,,11.90,0.0159,true,1,2604022
7290107280563,false,ג'ל אוקסיג'ן בייבי סנו 3 ליטר,"איי, בי, אינבוו",IL,סנו אוקסיג'ן בייבי 3,ליטרים,3.00,ליטר,false,,28.90,9.6333,true,1,2691705
7290107280570,false,סנו - מקסימה ג'ל כביסה מרוכז לכביסה צבעונית 3 ליטר,מיוצר עי קונדיטוריית,IL,סנו מקסימה ג'ל לכביס,ליטרים,3.00,ליטר,false,,28.90,9.6333,true,1,2691706
7290107280600,false,טבליות למדיח סנו ספארק 100 טבליות במארז,גרופה אינקו,PL,סנו ספארק טבל 100 יח,קילוגרמים,2.00,"ק""ג",false,,47.90,23.9500,true,1,5660613
7290107280709,false,"סנו ספארק נוזל הברקה למדיח 700 מ""ל","סנו מפעלי ברונוס בע""\מ",IL,סנו ספארק נוזל הברקה,מיליליטרים,700.00,"100 מ""ל",false,,11.90,0.0170,true,1,2707326
7290107280723,false,נוזל לניקוי כלים סנו ספארק Spark בניחוח לימון רענן,סנו כימיקלים,IL,סנו ספארק נוזל לכלים,מיליליטרים,700.00,"100 מ""ל",false,,7.90,0.0113,true,1,2714983
7290107280730,false,נוזל לניקוי כלים סנו ספארק Spark בניחוח לבנדר,מיוצר עי קונדיטוריית,IL,סנו ספארק נוזל לכלים,מיליליטרים,700.00,"100 מ""ל",false,,7.90,0.0113,true,1,2714984
7290107280747,false,נוזל לניקוי כלים סנו ספארק Spark קלאסי,סנו כימיקלים,IL,סנו ספארק נוזל לכלים,מיליליטרים,700.00,"100 מ""ל",false,,7.90,0.0113,true,1,2714985
7290107280754,false,נוזל כלים סנו ספארק Spark היפואלרגני פריחת השקד,סנו ספארק,IL,סנו ספארק נוזל לכלים,מיליליטרים,700.00,"100 מ""ל",false,,7.90,0.0113,true,1,2714986
7290107280761,false,נוזל לניקוי כלים בניחוח לימון רענן סנו ספארק Spark,מיוצר עי קונדיטוריית,IL,סנו ספארק נוזל לכלים,ליטרים,1.00,ליטר,false,,9.90,9.9000,true,1,2714987
7290107280822,false,סנו ריצפז פרש הום 2 ליטר בניחוח ספא,"סנו מפעלי ברונוס בע""\מ",IL,ריצפז פרש הום 2לי,ליטרים,2.00,ליטר,false,,19.70,9.8500,true,1,2746106
7290107645584,false,אבקת מרק עוף אמיתי רכיבים טבעיים 400 גרם - רבנות,יוניליוור ישראל מזון בע\,IL,מרק 400 עוף אמיתי 10,גרמים,400.00,100 גרם,false,,19.90,0.0497,true,1,5995265
7290107645591,false,אבקת מרק בטעם עוף 100% רכיבים טבעיים 400 גרם,יוניליוור ישראל מזון בע\,IL,מרק 400 טעם עוף 100%,גרמים,400.00,100 גרם,false,,14.90,0.0373,true,1,5995266
7290107646062,false,אבקת מרק בצל רכיבים טבעיים קנור 400 ג',יוניליוור ישראל מזון בע\,IL,מרק 400 בצל 100% רכב,גרמים,400.00,100 גרם,false,,18.90,0.0472,true,1,5995268
7290107646895,false,קנור - רוטב פסטה נפוליטנה 415 גרם חתם סופר,קונסורזיו קאסאלאסקו דל פ,IT,קנור רוטב עגבניות לפ,גרמים,415.00,100 גרם,false,,9.90,0.0239,true,1,5275474
7290107647359,false,דומסטוס סבון אסלה 5 הפועלות בניחות אוקיינוס 3 יח' * 55 ג',יוניליוור ניקיון,PL,דומסטוס שלישיה אסלות,יח',1.00,יח',false,,14.90,14.9000,true,1,6777882
7290107647656,false,מאגדת מיני סולרו קוקוס אננס 245 ג',"מיוצר ע""\י גלידת שטראוס",IL,קרחון שרבט קוקוס ואנ,גרמים,290.00,100 גרם,false,,19.50,0.0672,true,1,7081679
7290107647823,false,"ברנפלקס פתיתי חיטה מלאה וסובין 500 גרם ""תלמה""",יוניליוור ישראל מזון בעמ,IL,"ברנפלקס תלמה בד""ץ 50",גרמים,500.00,100 גרם,false,,19.90,0.0398,true,1,5620504
7290107647854,false,"שוגי מופחת סוכר תלמה 500 ג' בד""צ",יוניליוור ישראל מזון בעמ,IL,שוגי 500 גרם מופחת ס,גרמים,500.00,100 גרם,false,,18.90,0.0378,true,1,5280455
7290107648974,false,קנור רוטב לפסטה עגבניות עם בזיליקום,קונסורזיו קאסאלאסקו דל פ,IL,קנור רוטב לפסטה עגבנ,גרמים,415.00,100 גרם,false,,9.90,0.0239,true,1,6908261
7290107871990,false,"פסטה צינורות 500 גרם ""אסם""",פסטה זארה,IT,פסטה צינורות אסם 500,גרמים,500.00,100 גרם,false,,4.90,0.0098,true,1,2671543
7290107874502,false,ביסלי גריל קדמ. מארז אחיד 10 4*55 גרם,מיוצר עי קונדיטוריית,IL,ביסלי גריל 4*55גרם,גרמים,220.00,100 גרם,false,,12.50,0.0568,true,1,3180366
7290107875004,false,פופקורן חמאה ודבש מארז12*20גר',אסם,IL,פופקו חמאה ודבש מארז,יח',1.00,יח',false,,16.90,16.9000,true,1,6981816
7290107875271,false,ביסלי ברביקיו קדמ. מארז אחיד10 4*55 גרם,"אסם השקעות בע""\מ",IL,ביסלי ברביקיו 4*55גר,גרמים,220.00,100 גרם,false,,12.50,0.0568,true,1,3180368
7290107875820,false,קרוטונים אפויים בתיבול ביתי אוסם 180 ג',עינת תעשיות מזון,IL,קרוטונים אפויים בתיב,גרמים,180.00,100 גרם,false,,10.90,0.0606,true,1,2732097
7290107877619,false,מארז במבה במילוי קרם נוגט 5*30ג' אסם,"אסם השקעות בע""\מ",IL,במבה במילוי קרם נוגט,גרמים,150.00,100 גרם,false,,13.90,0.0927,true,1,2813443
7290107908450,false,סנדוויץ בוקס גבינה/נ,,,קופסא מעוצבת,יח',1.00,יח',false,,6.90,6.9000,true,1,8281236
7290107908467,false,סנדוויץ בוקס גבינה/נ,,,קופסא מעוצבת,יח',1.00,יח',false,,6.90,6.9000,true,1,8299161
7290107909013,false,סיר מיקרוגל 3 ליטר אותנטי,,,סיר מקושט 3ל אותנטי,יח',1.00,יח',false,,12.90,12.9000,true,1,8316195
7290107930321,false,קונפיטורת יד מרדכי דובדובן 340 גרם,"בית אל מזון בע""מ",IL,קונפיטורה דובדבן 340,גרמים,340.00,100 גרם,false,,9.70,0.0285,true,1,2793024
7290107931397,false,כיף כף פצפוצים במילוי שוקולד 40 גרם,שולן צ'\יקולטה גידה סאן.,TR,כיף כף פצפצים,גרמים,40.00,100 גרם,false,,4.60,0.1150,true,1,3049898
7290107932080,false,חלב מועשר יוטבתה בבקבוק 3% 1 ליטר,מחלבת יטבתה,IL,חלב בבקבוק 3% מועשר,ליטרים,1.00,ליטר,false,,7.20,7.2000,true,1,2823585
7290107932134,false,חלב מועשר יוטבתה בבקבוק 1% 1 ליטר,מחלבת יטבתה,IL,חלב בבקבוק 1% מועשר,ליטרים,1.00,ליטר,false,,7.20,7.2000,true,1,2823587
7290107933155,false,לקט סלנובה שטראוס 200 גרם,שטראוס בריאות ירקות טריי,IL,לקט סלנובה 200 ג,גרמים,200.00,100 גרם,false,,11.90,0.0595,true,1,2870718
7290107934473,false,שמינייה יוגורט לבן אקטיביה 1.5% דנונה 150 גרם,"שטראוס גרופ בע""\מ",IL,יוגורט אקטיביה לבן 1,ליטרים,1.20,ליטר,false,,19.90,16.5833,true,1,2802557
7290107936309,false,דנונה יוגורט 7% יווני לבן 130 ג',"שטראוס בריאות בע""מ",IL,דנונה יווני לבן 130,גרמים,130.00,100 גרם,false,,3.20,0.0246,true,1,3876209
7290107936958,false,עד חצות ביסקוויט אצבעות שוקולד 125 גרם,ביסקוויטס טור ד'\אלבון,FR,עד חצות אצבעות 125 ג,גרמים,125.00,100 גרם,false,,9.90,0.0792,true,1,5378512
7290107936965,false,עיגולים עד חצות עם שוקולד חלב 225 גר,ביסקווטרי עוגיות סנט,FR,עד חצות עיגולים 225,גרמים,225.00,100 גרם,false,,11.90,0.0529,true,1,5378513
7290107937542,false,משקה יוגורט אקטיביה עם תות 1.2% שומן,מיוצר עי קונדיטוריית,IL,משקה אקטיביה תות 1.2,מיליליטרים,265.00,"100 מ""ל",false,,4.80,0.0181,true,1,3205897
7290107937634,false,צנצנית מסטיק מאסט קוביות פפירמינט 58 ג' עלית,אסקום קונפקשיין,DE,מאסט קוביות מסטיק פפ,גרמים,58.00,100 גרם,false,,9.90,0.1707,true,1,3827894
7290107937856,false,קפסולות 11חזק למכונות נספרסו עלית 10יח',הנסיך- מפעל לייצור ט,IL,קפסולות למכונה עלית,יח',1.00,יח',false,,15.90,15.9000,true,1,3670744
7290107938396,false,שמיניית אקטימל תות דיסני בנים 108 גרם,מיוצר עי קונדיטוריית,IL,אקטימל שמינייה תות,גרמים,864.00,100 גרם,false,,19.30,0.0223,true,1,3368059
7290107939027,false,גזר דק דק שטראוס 250 גרם,שטראוס בריאות ירקות טריי,IL,גזר דק דק 250 גרם שט,גרמים,250.00,100 גרם,false,,5.90,0.0236,true,1,3876257
7290107941259,false,עדשים ירוקות מבושלות שטראוס 475 גרם,הורקסה לס לגונס דה ס,ES,עדשים ירוקים מבושלים,גרמים,475.00,100 גרם,false,,10.90,0.0229,true,1,3946216
7290107941273,false,חומוס מבושל שטראוס 475 גרם,הורקסה לס לגונס דה ס,ES,חומוס מבושל 475 גר ש,גרמים,475.00,100 גרם,false,,10.90,0.0229,true,1,3946217
7290107942355,false,תפוצ'יפס מקלות בטעם טבעי 60 גרם,"שטראוס פריטו ליי בע""",IL,תפוצ'יפס מקלות בטעם,גרמים,60.00,100 גרם,false,,3.50,0.0583,true,1,4017289
7290107943192,false,"שמנת חמוצה מהערבה 27% שומן 200 מ""ל יטבתה",מחלבת יטבתה,IL,שמנת חמוצה מהערבה 27,מיליליטרים,200.00,"100 מ""ל",false,,3.90,0.0195,true,1,5340585
7290107944472,false,סימפוניה גבינה במרקם שמנת 5% שום שמיר,"שטראוס בריאות בע""\מ",IL,סימפוניה שום שמיר 5%,גרמים,200.00,100 גרם,false,,9.70,0.0485,true,1,3946257
7290107945165,false,קונפיטורת משמש יד מרדכי 340 גרם,אף.סי תבליני בגליל ב,IL,קונפיטורת משמש 340 ג,גרמים,340.00,100 גרם,false,,9.70,0.0285,true,1,4367320
7290107950190,false,מעדן חלב דל קלוריות בטעם שוקולד מריר 0.5% שומן,מיוצר עי קונדיטוריית,IL,מעדן שטראוס דיאט שוק,גרמים,130.00,100 גרם,false,,3.20,0.0246,true,1,3876190
7290107950206,false,מעדן חלב דל קלוריות בטעם שוקולד 0% שומן,מיוצר עי קונדיטוריית,IL,מעדן שטראוס דיאט שוק,גרמים,130.00,100 גרם,false,,3.20,0.0246,true,1,3876191
7290107951104,false,בפלות ופלים ארוכים בטעם שוקולד,"שטראוס גרופ בע""\מ",IL,בפלות שוקולד 200 גר,גרמים,200.00,100 גרם,false,,3.90,0.0195,true,1,3946337
7290107953559,false,"מארז קפה טורקי עלית לדרך כשל""פ 168 גרם",הנסיך- מפעל לייצור ט,IL,מארז קפה טורקי לדרך,גרמים,168.00,100 גרם,false,,16.90,0.1006,true,1,4088105
7290107954709,false,"קונפיטורת פירות יער ""יד מרדכי"" 340 גר'","ב.א. מזון בע""\מ",IL,קונפיטורת פירות יער,גרמים,340.00,100 גרם,false,,9.70,0.0285,true,1,4839862
7290107954976,false,"משקה יטבתה חלבון פרו קפה 350מ""ל",מחלבת יטבתה,DE,משקה יטבתה פרו קפה 3,מיליליטרים,350.00,"100 מ""ל",false,,6.50,0.0186,true,1,4922222
7290107956642,false,"תרסיס שמן זית 150 מ""ל יד מרדכי כשלפ",פארייפאבה אגרואינדוס,ES,תרסיס שמן זית 150 מל,מיליליטרים,150.00,"100 מ""ל",false,,17.90,0.1193,true,1,5738821
7290107956895,false,קפסולות 07 אספרסו בטעם קרמל עלית 10יח',שטראוס קפה בי.וי.,IL,קפסולות אספרסו טעם ק,100 יח',1.00,100 יח',false,,15.90,15.9000,true,1,6206741
7290107956901,false,קפסולות בטעם אגוזים למכונת נספרסו עלית 10 יחידות,שטראוס קפה בי.וי.,IL,קפסולות אספרסו בטעם,יח',1.00,יח',false,,15.90,15.9000,true,1,5669809
7290107956925,false,קפסולות 13 אוגנדה למכונת נספרסו עלית 10יח',שטראוס קפה בי.וי.,IL,קפסולות אוגנדה 13 50,יח',1.00,יח',false,,15.90,15.9000,true,1,6923978
7290107956932,false,קפסולות אספרסו אידונזיה למכונות 50 גר,שטראוס קפה בי.וי.,IL,קפסולות קפה אינדונזי,יח',1.00,יח',false,,15.90,15.9000,true,1,5378516
7290107957069,false,"מסטיק ע""למה ""בטעם אוכניות 66 גרם צנצנת ""עלית""","שטראוס גרופ בע""\מ",IL,צנצנת עלמה אוכמניות,גרמים,66.00,100 גרם,false,,9.90,0.1500,true,1,5378517
7290107957076,false,"מסטיק ""עלמה"" בטעם ספירמנט 66 גרם צנצנת ""עלית""","שטראוס גרופ בע""\מ",IL,צנצנת עלמה ספירמינט,גרמים,66.00,100 גרם,false,,9.90,0.1500,true,1,5378518
7290107957113,false,גבינת סימפוניה 5% עם זיתים פיקנטים 200 גרם,"שטראוס בריאות בע""\מ",IL,סימפוניה זיתים פיקנט,גרמים,200.00,100 גרם,false,,10.90,0.0545,true,1,6917841
7290107958035,false,יוגורט במתיקות מעודנת 2% ללא תוספת סוכר- מארז 8 יח,"שטראוס בריאות בע""\מ",IL,מארז 8 דנונה מעודנת,קילוגרמים,1.20,"ק""ג",false,,17.90,14.9167,true,1,5527295
7290107958639,false,"מטבוחה מרוקאית חריפה 400 גרם ""אחלה""",מיוצר עי קונדיטוריית,IL,מטבוחה מרוקאית חריפה,גרמים,400.00,100 גרם,false,,14.90,0.0373,true,1,5527296
7290107973861,false,מאסטר שף עגבניות קצוצות דק שלישיה 400ג*3 כשלפ,קונסרזיו קאסאלאסקו ד,IT,מנה עגבניות קצוצות ד,קילוגרמים,1.20,"ק""ג",false,,15.90,13.2500,true,1,3470076
7290107974066,false,"עלי טורטיה קמח מלא 20ס""מ 8יח' מאסטר שף 320ג'",אלקאטי קורביישיסי גי,ES,מאסטר שף עלי טורטיה,מיליליטרים,320.00,"100 מ""ל",false,,7.90,0.0247,true,1,3148320
7290107974073,false,מנה עלי טורטיה קמח לבן מ.שף 20 סמ 320 גר,אלקאטי קורביישיסי גי,ES,מאסטר שף עלי טורטיה,מיליליטרים,320.00,"100 מ""ל",false,,7.90,0.0247,true,1,3148321
7290107974080,false,מנה עלי טורטיה קמח לבן מ.שף 25 סמ 840 גר,הדקלאים אגודת שיתופי,DE,מאסטר שף עלי טורטיה,גרמים,744.00,100 גרם,false,,15.90,0.0214,true,1,3148322
7290107974301,false,ליידי ספיד סטיק - דאודורנט ג'ל לאישה אלוורה 45 גרם,ליידי ספיד סטיק Lady Speed Stick,US,ליידי ספיד סטיק אלוו,גרמים,65.00,100 גרם,false,,14.90,0.2292,true,1,4695930
7290107974820,false,ממרח בטעם ספייסי מיונז מאסטר שף 250 גרם,רמיה סי.וי.הולנד,NL,מאסטר שף מיונז מתובל,גרמים,252.00,100 גרם,false,,7.90,0.0313,true,1,3827968
7290107974837,false,מנה מאסטר שף ממרח מתובל שום 246 גר,רמיה סי.וי.הולנד,NL,מאסטר שף מיונז מתובל,גרמים,253.00,100 גרם,false,,7.90,0.0312,true,1,3827969
7290107975278,false,דאודורנט סטיק עם הגנת אלוורה Aloe Protection,ליידי ספיד סטיק Lady Speed Stick,US,ליידי ספיד סטיק אלוו,גרמים,45.00,100 גרם,false,,16.90,0.3756,true,1,4695931
7290107975346,false,ספיד סטיק - דאודורנט ג'ל לגבר כוח הטבע 85 גרם,קולגייט-פלמוליב,US,ספיד סטיק כוח הטבע א,גרמים,85.00,100 גרם,false,,15.90,0.1871,true,1,4821638
7290107975544,false,"קולגייט משחת שיניים סמיילס ברבי לגילאי 6 50מ""ל",קולגייט- פלמוליב,PL,קולגייט סמיילס ברבי,מיליליטרים,50.00,"100 מ""ל",false,,11.90,0.2380,true,1,4790037
7290107976848,false,פלמוליב סבון מוצק קמומיל רביעייה 360 ג,קולגייט-פלמוליב,TR,פלמוליב סבון מוצק קמ,יח',1.00,יח',false,,16.90,16.9000,true,1,5426706
7290107976916,false,"סבון ידיים משאבה פלמוליב זיתים 300 מ""ל",פלמוליב Palmolive,IT,פלמוליב סבון ידיים 3,מיליליטרים,300.00,"100 מ""ל",false,,10.90,0.0363,true,1,5043028
7290107977456,false,"פלמוליב - ג'ל רחצה ושמפו ספורט לגבר 750 מ""ל",קולגייט פלמוליב,TR,פלמוליב לגבר ג'ל רחצ,מיליליטרים,750.00,"100 מ""ל",false,,19.90,0.0265,true,1,7928984
7290107977753,false,"משחת שיניים פרודונט אקספרס 75 מ""ל ""מרידול""",קולגייט פלמוליב,PL,מרידול שיניים פרודונ,גרמים,75.00,100 גרם,false,,24.90,0.3320,true,1,5426707
7290107978101,false,מש.שיניים קולגייט א.וויט אקסטרה פאוור 75,קולגייט-פלמוליב,PL,קולגייט אופטיק וויטן,מטרים,75.00,100 מ'ל,false,,24.90,0.3320,true,1,6179273
7290107978132,false,קולגייט מברשת זיגזג שישייה,קולגייט פלמוליב,PL,*מבצע* קולגייט מברשת,יח',1.00,יח',false,,9.90,9.9000,true,1,7103289
7290108070316,false,חבילת בלונים (50 יח') פסטל בסטרים,,IL,שקית 50בלונים פסטל מ,יח',1.00,יח',false,,12.00,12.0000,true,1,7310670
7290108079357,false,מארז בלונים על מקל לניפוח עצמי HAPPY BIRTHDAY - כסף,,CN,סט בלונים 14,יח',1.00,יח',false,,29.90,29.9000,true,1,7738856
7290108201284,false,איירוויק מקלות ריחניים בניחוח לבנדר מתוק,איירוויק Air Wick,HU,אירוויק מקלות לבנדר,יח',1.00,יח',false,,14.80,14.8000,true,1,4149246
7290108201437,false,"אבקת כביסה קולון 101 2.5 ק""ג",רקיט בנקיזר,IL,אבקת קולון 101 2.5 ק,קילוגרמים,2.50,"ק""ג",false,,19.70,7.8800,true,1,4405179
7290108201864,false,קולון קפסולות גל לכביסה 28 יחידות,רקיט בנקיזר,IT,קולון קפסולות לכביסה,יח',1.00,יח',false,,24.90,24.9000,true,1,5455779
7290108270006,false,לפתניה קרם (25 יח') רמי לוי,חגיגית,,לפתניה קרם 25 רמי לו,יח',25.00,יח',false,,4.90,0.1960,true,1,2701968
7290108270143,false,קערית אובלי קטן כסף 25 יחידות,חגיגית,,קערית אובלי קטן כסף,יח',1.00,יח',false,,5.50,5.5000,true,1,2701982
7290108270433,false,כוסות שתיה קרה רמי לוי 150 יח,חגיגית,,כוסות שתיה קרה רמי ל,יח',1.00,יח',false,,18.90,18.9000,true,1,2702011
7290108270693,false,קערה מרובעת גדולה [חגיגית],חגיגית,,קערה מרובעת גדולה,יח',1.00,יח',false,,9.90,9.9000,true,1,2702037
7290108270723,false,קערה אובלית,חגיגית,,קערה אובלית,יח',1.00,יח',false,,7.90,7.9000,true,1,2702040
7290108270730,false,מגש מרובע קופיקס,חגיגית,,מגש מרובע,יח',1.00,יח',false,,3.90,3.9000,true,1,2702041
7290108271164,false,מגשית אלומיניום קטנה עם מכסה R29 (5 יח'),ב.ה. דבליו,,מגשיות אלומיניום קטנ,5 יח',1.00,5 יח',false,,6.90,6.9000,true,1,2702114
7290108271331,false,נייר אפייה 50 יחידות,חגיגית,,נייר אפייה 50 יחידות,יח',50.00,יח',false,,8.90,0.1780,true,1,2759180
7290108271386,false,מפיון 100 יחידות,חגיגית,,מפיון 100 יחידות,יח',100.00,יח',false,,3.90,0.0390,true,1,2759181
7290108271409,false,חגיגית - נייר סנדוויץ 100 יח',חגיגית,,נייר סנדוויץ 100 יחי,יח',100.00,יח',false,,8.90,0.0890,true,1,2762267
7290108271416,false,שקיות אשפה 52/65 עם שרוך רמי לוי,רמי לוי,,שקיות אשפה 52/65 עם,יח',60.00,יח',false,,16.90,0.2817,true,1,2771495
7290108271423,false,שקיות אשפה 52/65 עם שרוך רמי לוי 100 יח,רמי לוי,,שקיות אשפה 52/65 עם,יח',100.00,יח',false,,25.90,0.2590,true,1,2771496
7290108271430,false,שקיות אשפה עם שרוך 2*10 רמי לוי,רמי לוי,,שקיות אשפה עם שרוך 2,יח',20.00,יח',false,,13.90,0.6950,true,1,2771497
7290108271447,false,שקית אשפה 90*75 גליל רמי לוי,רמי לוי,,שקית אשפה 90*75 גליל,יח',50.00,יח',false,,9.90,0.1980,true,1,2771498
7290108271454,false,שקיות מזון בקופסא רמי לוי 300 יח,רמי לוי,,שקיות מזון בקופסא רמ,יח',300.00,יח',false,,9.50,0.0317,true,1,2771499
7290108271478,false,שקיות גופייה 50/70 רמי לוי 40 יח,איכותית,IL,שקיות גופייה 50/70 ר,יח',40.00,יח',false,,13.90,0.3475,true,1,2771540
7290108271485,false,שקיות גופייה 75/90 רמי לוי 25 יח,איכותית,IL,שקיות גופייה 75/90 ר,יח',25.00,יח',false,,13.90,0.5560,true,1,2771541
7290108271492,false,נייר אפייה רמי לוי 37*42,רמי לוי,,נייר אפייה רמי לוי 3,יח',50.00,יח',false,,7.90,0.1580,true,1,2771542
7290108271577,false,כוסות עם מכסה רמי לוי 30 יח,רמי לוי,,כוסות עם מכסה רמי לו,יח',30.00,יח',false,,15.90,0.5300,true,1,2787424
7290108271607,false,"רדיד אלומיניום זוגות רמי לוי 30 ס""מ",רמי לוי,,רדיד אלומיניום זוגות,אורך,7.50,אורך,false,,10.90,1.4533,true,1,2771544
7290108271614,false,"רדיד אלומיניום זוגות רמי לוי 45 ס""מ",רמי לוי,,רדיד אלומיניום זוגות,2 יח',7.50,2 יח',false,,13.90,1.8533,true,1,2771545
7290108271621,false,רדיד אלומיניום רמי לוי 60 מ',רמי לוי,,רדיד אלומיניום רמי ל,אורך,60.00,אורך,false,,22.90,0.3817,true,1,2771546
7290108271652,false,צמרוני עץ רמי לוי 100 יח,רמי לוי,,צמרוני עץ רמי לוי 10,יח',100.00,יח',false,,1.30,0.0130,true,1,2771500
7290108271669,false,צמרוני עץ רמי לוי 300 יח,רמי לוי,,צמרוני עץ רמי לוי 30,יח',300.00,יח',false,,3.50,0.0117,true,1,2771501
7290108271676,false,צמרוני עץ רמי לוי 400 יח,רמי לוי,,צמרוני עץ רמי לוי 40,יח',400.00,יח',false,,4.50,0.0113,true,1,2771502
7290108271683,false,צמרוני פלסטיק מרובע רמי לוי 200 יח,רמי לוי,,צמרוני פלסטיק מרובע,יח',200.00,יח',false,,3.90,0.0195,true,1,2771476
7290108271690,false,צמרוני פלסטיק רמי לוי 300 עגול,רמי לוי,,צמרוני פלסטיק רמי לו,יח',300.00,יח',false,,4.50,0.0150,true,1,2771503
7290108271706,false,צמרוני תינוקות רמי לוי 55 יח,רמי לוי,,צמרוני תינוקות רמי ל,יח',55.00,יח',false,,4.90,0.0891,true,1,2771504
7290108271812,false,קופסאות אחסון 2 ליטר,חגיגית,,קופסאת אחסון 2 ליטר,ליטרים,2.00,ליטר,false,,8.90,4.4500,true,1,2721637
7290108271911,false,מפות 1/6 עבה במיוחד,חגיגית,,מפות 1/6 עבה במיוחד,יח',25.00,יח',false,,9.90,0.3960,true,1,2722885
7290108271928,false,חגיגית - מפה ניילון עבה 8 יח',חגיגית,,מפות 1/8 עבה במיוחד,8 יח',1.00,8 יח',false,,9.90,9.9000,true,1,2722886
7290108271942,false,גליל ניילון עבה וחזק במיוחד רמי לוי 45 מטר,רמי לוי,,גליל ניילון עבה וחזק,אורך,45.00,אורך,false,,29.90,0.6644,true,1,2717420
7290108271966,false,גליל ניילון רמי לוי 100 מטר,רמי לוי,,גליל ניילון רמי לוי,אורך,100.00,אורך,false,,34.90,0.3490,true,1,2717422
7290108271980,false,כוסיות חד פעמי קטנים 50 יחידות,חגיגית,,כוסיות חד פעמי קטנים,יח',50.00,יח',false,,4.90,0.0980,true,1,2731519
7290108272000,false,כוסות שתיה קרה 100 יחידות,חגיגית,,כוסות שתיה קרה 100 י,יח',100.00,יח',false,,5.90,0.0590,true,1,2702117
7290108272079,false,מגבונים לניקוי כללי 400 יח דלי,רמי לוי,,מגבונים לניקוי כללי,יח',400.00,יח',false,,18.90,0.0472,true,1,2861438
7290108272130,false,נייר סנדויץ 25*35 רמי לוי 100 יח,רמי לוי,,נייר סנדויץ 25*35 רמ,יח',100.00,יח',false,,7.90,0.0790,true,1,2771555
7290108272147,false,לפתניה לבן 25 יחידות,חגיגית,,לפתניה לבן 25 יחידות,יח',25.00,יח',false,,3.90,0.1560,true,1,2771716
7290108272161,false,קערית אובלית קטן רמי לוי 25 יח,רמי לוי,,קערית אובלית קטן רמי,יח',25.00,יח',false,,4.90,0.1960,true,1,2771976
7290108272185,false,צלחת בינוני רמי לוי 50 יח,רמי לוי,,צלחת בינוני רמי לוי,יח',50.00,יח',false,,11.90,0.2380,true,1,2771978
7290108272321,false,מפות איכותיות,ב.ה. דבליו,,מפות איכותיות,8 יח',1.00,8 יח',false,,6.90,6.9000,true,1,2771377
7290108272338,false,מפות עבות ואיכותיות 10 יחידות,ב.ה. דבליו,,מפות עבות ואיכותיות,יח',10.00,יח',false,,10.90,1.0900,true,1,2771378
7290108272376,false,צלחות אובליות קרם רמי לוי 25 יח,חגיגית,,צלחות אובליות קרם רמ,יח',1.00,יח',false,,5.50,5.5000,true,1,2782576
7290108272451,false,מרקיה קרם רמי לוי 25 יח,,,מרקיה קרם רמי לוי 25,יח',25.00,יח',false,,7.50,0.3000,true,1,2823796
7290108272468,false,מנגטים צבעוניים מס 1,,,מנגטים צבעוניים מס 1,יח',1.00,יח',false,,3.50,3.5000,true,1,3037773
7290108272482,false,מנגטים צבעונים מס 3,,,מנגטים צבעונים מס 3,יח',1.00,יח',false,,4.50,4.5000,true,1,3037775
7290108272499,false,מנגטים צבעונים 4,,,מנגטים צבעונים 4,יח',4.00,יח',false,,4.50,1.1250,true,1,3037776
7290108272550,false,שקיות אוכל מנייר 50 יחידות,,,שקיות אוכל מנייר 50,יח',1.00,יח',false,,6.90,6.9000,true,1,3213115
7290108272567,false,תבנית אפייה נייר עגולה 3 יחידות,,,תבנית אפייה נייר עגו,יח',3.00,יח',false,,7.90,2.6333,true,1,3434849
7290108272659,false,שקיות מזון רמי לוי 200 יח,,,שקיות מזון רמי לוי 2,200 יח',1.00,200 יח',false,,3.50,3.5000,true,1,3456614
7290108272666,false,שקיות הקפאה 35*25 רמי לוי,,,שקיות הקפאה 35*25 רמ,100 יח',1.00,100 יח',false,,3.90,3.9000,true,1,3456615
7290108272673,false,שקיות קרח רמי לוי 12,,,שקיות קרח,יח',1.00,יח',false,,2.90,2.9000,true,1,3642096
7290108272703,false,נייר אפייה אקולוגי (40 יח') רמי לוי,,,נייר אפיה,יח',1.00,יח',false,,9.90,9.9000,true,1,3770330
7290108272819,false,מגשיות אלומניום קטנות,,,מגשיות אלומניום קטנו,יח',1.00,יח',false,,9.90,9.9000,true,1,4124023
7290108272895,false,"סבון ידיים 3*500 מ""ל רמי לוי",,,"סבון ידיים 3*500 מ""ל",ליטרים,1.50,ליטר,false,,9.60,6.4000,true,1,5294133
7290108272901,false,"סבון ידיים 3*500 מ""ל רמי לוי",,,"סבון ידיים 3*500 מ""ל",ליטרים,1.50,ליטר,false,,9.60,6.4000,true,1,5294134
7290108272918,false,"סבון ידיים 3*500 מ""ל רמי לוי",,,"סבון ידיים 3*500 מ""ל",ליטרים,1.50,ליטר,false,,9.60,6.4000,true,1,5294135
7290108272925,false,"סבון ידיים 3*500 מ""ל רמי לוי",,,"סבון ידיים 3*500 מ""ל",ליטרים,1.50,ליטר,false,,9.60,6.4000,true,1,5294136
7290108273106,false,צלחת קטנה איכותית כסף רמי לוי 25 יח,רמי לוי,,צלחת קטנה איכותית כס,יח',25.00,יח',false,,5.90,0.2360,true,1,2775791
7290108273175,false,צלחת בינונית איכותית זהב רמי לוי 25 יח,רמי לוי,,צלחת בינונית איכותית,יח',25.00,יח',false,,11.90,0.4760,true,1,2775794
7290108273182,false,צלחת בינונית איכותית כסף רמי לוי 25 יח,רמי לוי,,צלחת בינונית איכותית,יח',25.00,יח',false,,11.90,0.4760,true,1,2775795
7290108273410,false,ניילון נצמד זוגות 2*30 רמי לוי,רמי לוי,,ניילון נצמד זוגות 2*,אורך,30.00,אורך,false,,7.50,0.2500,true,1,2771569
7290108273427,false,ניילון נצמד 150 מטר + סכין עליון רמי לוי,רמי לוי,,ניילון נצמד 150 מטר,יח',1.00,יח',false,,15.90,15.9000,true,1,2771570
7290108273434,false,שקיות צלייה 28/35 רמי לוי 10 יח,רמי לוי,,שקיות צלייה 28/35 רמ,יח',10.00,יח',false,,2.90,0.2900,true,1,2771571
7290108273441,false,שקיות צליה 35/50 רמי לוי 5 יח,רמי לוי,,שקיות צליה 35/50 רמי,יח',5.00,יח',false,,2.90,0.5800,true,1,2771572
7290108273601,false,קשים צבעוניים רמי לוי 225 יח,רמי לוי,,קשים צבעוניים רמי לו,יח',225.00,יח',false,,9.90,0.0440,true,1,2771574
7290108273618,false,קיסמי שניים מארז מלחייה רמי לוי,רמי לוי,,קיסמי שניים מארז מלח,יח',1.00,יח',false,,2.50,2.5000,true,1,2771477
7290108273625,false,קיסמי שיניים מרובע רמי לוי 500 יח,רמי לוי,,קיסמי שיניים מרובע ר,יח',500.00,יח',false,,2.90,0.0058,true,1,2771478
7290108273632,false,שיפודי עץ רמי לוי 100 יח,רמי לוי,,שיפודי עץ רמי לוי 10,יח',100.00,יח',false,,2.90,0.0290,true,1,2771505
7290108273649,false,שיפודי עץ עבים רמי לוי 75 יח,רמי לוי,,שיפודי עץ עבים רמי ל,יח',75.00,יח',false,,2.90,0.0387,true,1,2771506
7290108273656,false,תבניות אלומניום צרות רמי לוי 5 יח,רמי לוי,,תבניות אלומניום צרות,יח',5.00,יח',false,,6.90,1.3800,true,1,2772297
7290108273663,false,מגשיות אלומיניום גדולות (5 יח') R33 רמי,רמי לוי,,תבניות אלומניום גדול,יח',5.00,יח',false,,6.90,1.3800,true,1,2772298
7290108273670,false,מגשיות אלומיניום ענקיות (3 יח') R99 רמי,רמי לוי,,תבניות אלומניום ענקי,יח',3.00,יח',false,,7.90,2.6333,true,1,2772299
7290108273687,false,תבנית אלומניום עגולה רמי לוי 5 יח,רמי לוי,,תבנית אלומניום עגולה,יח',5.00,יח',false,,5.90,1.1800,true,1,2772306
7290108273694,false,מגשיות אלומיניום אינגליש (10 יח') R88 רמ,רמי לוי,,תבנית אינגליש קייק ר,יח',10.00,יח',false,,6.90,0.6900,true,1,2772300
7290108273724,false,תבנית רוסטר קטן 4 יחידות,חגיגית,,תבנית רוסטר קטן 4 יח,יח',1.00,יח',false,,10.90,10.9000,true,1,2782612
7290108273731,false,תבנית רוסטר בינוני 3 יח,חגיגית,,תבנית רוסטר בינוני 3,3 יח',1.00,3 יח',false,,10.90,10.9000,true,1,2782613
7290108273748,false,תבנית חלה גדולה 4 יחידות,חגיגית,,תבנית חלה גדולה 4 יח,יח',1.00,יח',false,,9.90,9.9000,true,1,2782614
7290108273755,false,כפפות לטקס S רמי לוי,רמי לוי,,כפפות לטקס S רמי לוי,100 יח',1.00,100 יח',false,,19.90,19.9000,true,1,2771575
7290108273762,false,כפפות לטקס M רמי לוי,רמי לוי,,כפפות לטקס M רמי לוי,100 יח',1.00,100 יח',false,,19.90,19.9000,true,1,2771576
7290108273779,false,כפפות לטקס L רמי לוי,רמי לוי,,כפפות לטקס L רמי לוי,100 יח',1.00,100 יח',false,,19.90,19.9000,true,1,2771577
7290108273786,false,כפפות לטקס XL רמי לוי,רמי לוי,,כפפות לטקס XL רמי לו,100 יח',1.00,100 יח',false,,19.90,19.9000,true,1,2771578
7290108273793,false,כפפות ניטריל כחולות S רמי לוי,רמי לוי,,כפפות ניטריל כחולות,יח',100.00,יח',false,,21.90,0.2190,true,1,2771579
7290108273809,false,כפפות ניטריל כחולות M רמי לוי,רמי לוי,,כפפות ניטריל כחולות,יח',1.00,יח',false,,21.90,21.9000,true,1,2771580
7290108273816,false,כפפות ניטריל כחולות L רמי לוי,רמי לוי,,כפפות ניטריל כחולות,יח',1.00,יח',false,,21.90,21.9000,true,1,2771581
7290108273885,false,פלסטר שקוף רמי לוי 100 יח,רמי לוי,,פלסטר שקוף רמי לוי 1,יח',100.00,יח',false,,5.90,0.0590,true,1,2771583
7290108273892,false,פלסטר עור אחיד רמי לוי 100 יח,רמי לוי,,פלסטר עור אחיד רמי ל,יח',100.00,יח',false,,5.90,0.0590,true,1,2771584
7290108273908,false,פלסטר עור מיקס רמי לוי 100 יח,רמי לוי,,פלסטר עור מיקס רמי ל,יח',100.00,יח',false,,5.90,0.0590,true,1,2771585
7290108273915,false,פלסטר ילדים 50 יח רמי לוי,רמי לוי,,פלסטר ילדים 50 יח רמ,יח',50.00,יח',false,,5.90,0.1180,true,1,2771586
7290108274042,false,מגש 4 תאים,,,מגש 4 תאים,יח',1.00,יח',false,,6.90,6.9000,true,1,2806573
7290108274059,false,מגשיות אלומיניום קטנות (8 יח') R29 רמי ל,,,מגשיות אלומניום קטנו,יח',1.00,יח',false,,6.90,6.9000,true,1,2806574
7290108274080,false,"כוס יהלום 250 מ""ל 40 יח'",חגיגית,,כוס יהלום 40יח,יח',10.00,יח',false,,9.90,0.9900,true,1,2848055
7290108274103,false,רדיד אלומניום רחב רמי לוי 30 מטר,,,רדיד אלומניום רחב רמ,אורך,30.00,אורך,false,,19.90,0.6633,true,1,3405326
7290108274127,false,שקיות גדולות 100 יח רמי לוי,,,שקיות גדולות 100 יח,יח',1.00,יח',false,,16.90,16.9000,true,1,2866851
7290108274158,false,צמרוני פלסטיק,,,צמרוני פלסטיק,יח',1.00,יח',false,,5.90,5.9000,true,1,3075362
7290108274363,false,רדיד אלומניום זוגות,,,רדיד אלומניום זוגות,יח',1.00,יח',false,,10.90,10.9000,true,1,6876773
7290108274400,false,כוסות ליקר,,,כוסות ליקר,יח',1.00,יח',false,,4.90,4.9000,true,1,3206034
7290108274493,false,שקיות הקפאה 100 יח,,,שקיות הקפאה 100 יח,יחידה,0.00,יחידה,false,,3.90,0.0000,true,1,8474890
7290108274592,false,נייר אפייה רמי לוי 3,נייר אפיה 3 ב 21,,נייר אפיה 50 יחידות,יח',1.00,יח',false,,7.90,7.9000,true,1,8232781
7290108274615,false,קעריות אובליות לבן 25 יחידות,,,קעריות אובליות לבן 2,יח',1.00,יח',false,,4.90,4.9000,true,1,4128548
7290108274745,false,מרקיה זהב 25 יחידות,,,מרקיה זהב 25 יחידות,יח',1.00,יח',false,,7.50,7.5000,true,1,8244882
7290108274813,false,גביע אחסון שקוף 1/2 ליטר,,,גביע אחסון שקוף 1/2,יח',1.00,יח',false,,6.50,6.5000,true,1,8284656
7290108275063,false,שקיות ענקיות רמי לוי 40 יחידות,,,שקיות ענקיות רמי לוי,יח',40.00,יח',false,,13.90,0.3475,true,1,3722776
7290108275070,false,כפפות משק מידה 7,,,כפפות משק מידה 7,יח',1.00,יח',false,,7.90,7.9000,true,1,3770186
7290108275100,false,כפפות משק מידה S,,,כפפות משק מידה S,יח',1.00,יח',false,,4.90,4.9000,true,1,3770189
7290108275117,false,כפפות גומי (M) רמי ל,,,כפפות משק מידה M,יח',1.00,יח',false,,4.90,4.9000,true,1,3770334
7290108275124,false,כפפות גומי (L) רמי ל,,,כפפות משק מידה L,יח',1.00,יח',false,,4.90,4.9000,true,1,3770335
7290108275278,false,קינוחיות 24 גביעי פבלובה,חגיגית,,קינוחיות 24 גביעי פב,יח',1.00,יח',false,,14.90,14.9000,true,1,3892881
7290108275292,false,קינוחיות 24 גביעי טראפל,חגיגית,,קינוחיות 24 גביעי טר,יח',1.00,יח',false,,15.90,15.9000,true,1,3892883
7290108275308,false,נישנושים 6 מגשיות מחולקות עיגול,חגיגית,,נישנושים 6 מגשיות מח,יח',1.00,יח',false,,14.90,14.9000,true,1,3892884
7290108275407,false,כוס שתייה קרה 100 יח-חגיגית,כוסות שתיה קרה 4 ב 1,,כוס שתייה קרה 100 יח,יח',100.00,יח',false,,5.90,0.0590,true,1,4485348
7290108275544,false,מזלג לבן (100 יח') ב,,,מזלג 100 יח לבן,יח',1.00,יח',false,,7.90,7.9000,true,1,5150848
7290108275551,false,כף לבנה 100 יחידות,,,כף לבנה 100 יחידות,יח',100.00,יח',false,,7.90,0.0790,true,1,5100649
7290108275568,false,כפית לבן 100 יחידות,,,כפית לבן 100 יחידות,יח',100.00,יח',false,,6.90,0.0690,true,1,5150828
7290108275704,false,ניילון נצמד 45/150,,,ניילון נצמד 45/150,אורך,150.00,אורך,false,,24.90,0.1660,true,1,4866457
7290108276930,false,צלחת איטלקית גדולה (50 יח') בסט וליו,,,צלחת איטלקית גדולה,יח',1.00,יח',false,,20.90,20.9000,true,1,6318340
7290108277166,false,קעריות גדולות 3 יחידות,,,קעריות גדולות 3 יחיד,יח',3.00,יח',false,,8.90,2.9667,true,1,6274583
7290108277173,false,קעריות גדולות 3 יחידות,,,קעריות גדולות 3 יחיד,יח',3.00,יח',false,,8.90,2.9667,true,1,6274584
7290108277234,false,100יח קשים לשתיה רמי לוי,,,100יח קשים לשתיה רמי,יח',100.00,יח',false,,7.90,0.0790,true,1,6725448
7290108277258,false,אקולוגית צלחת 7' (25 יח') בסט וליו,,,אקולוגית צלחת 7' (25,יח',1.00,יח',false,,8.90,8.9000,true,1,7483128
7290108277265,false,אקולוגית צלחת 9' (25 יח') בסט וליו,,,אקולוגית צלחת 9' (25,יח',1.00,יח',false,,15.90,15.9000,true,1,7483129
7290108277272,false,אקולוגית צלחת 10' (25 יח') בסט וליו,,,אקולוגית צלחת 10' (2,יח',1.00,יח',false,,18.90,18.9000,true,1,7483130
7290108277555,false,שקיות אשפה 90*75 רמי לוי,,,שקיות אשפה 90*75 רמי,קילו,100.00,קילו,false,,18.90,0.1890,true,1,6516959
7290108277562,false,שקיות הקפאה רמי לוי,,,שקיות הקפאה רמי לוי,יח',1.00,יח',false,,8.90,8.9000,true,1,6522471
7290108277579,false,שקיות אשפה 50*50 רמי לוי,,,שקיות אשפה 50*50 רמי,קילו,100.00,קילו,false,,9.90,0.0990,true,1,6522472
7290108277746,false,שקיות זיפר 28*26,,,שקיות זיפר 28*26,יח',1.00,יח',false,,8.90,8.9000,true,1,7002846
7290108277753,false,"שקיות זיפר 19*18 ס""מ",,,שקיות זיפר 18*19,יח',1.00,יח',false,,7.90,7.9000,true,1,7002847
7290108277937,false,"מפות פירנצה חתוכות לבן 1.2*2.4 ס""מ (1יח')",,,מפות פירנצה חתוכות ל,יח',1.00,יח',false,,7.90,7.9000,true,1,6934268
7290108278057,false,כסף צלחת 9' (25יח') בסט וליו,,,צלחת כסף 25 יחידות,יח',1.00,יח',false,,11.90,11.9000,true,1,7865046
7290108278125,false,מרקיה בורדו 25 יחידות,,,מרקיה בורדו 25 יחידו,יח',1.00,יח',false,,7.50,7.5000,true,1,8173386
7290108278156,false,צלחת 25 יחידות,,,צלחת 25 יחידות,יח',1.00,יח',false,,15.90,15.9000,true,1,7574154
7290108278163,false,קערת סלט 10 יחידות,,,קערת סלט 10 יחידות,יח',1.00,יח',false,,7.90,7.9000,true,1,7574155
7290108278286,false,לבן צלחת 7' (25 יח'),,,צלחות 7 25 יחידות,יח',1.00,יח',false,,5.90,5.9000,true,1,8338966
7290108278330,false,לבן אובלי,,,לבן אובלי,יח',1.00,יח',false,,12.90,12.9000,true,1,7186625
7290108278378,false,צלחת קרם 50 יחידות,,,צלחת קרם 50 יחידות,יח',1.00,יח',false,,12.90,12.9000,true,1,8277861
7290108278583,false,קערה עמוקה שקוף,,,קערה עמוקה,יח',1.00,יח',false,,6.90,6.9000,true,1,6940897
7290108278590,false,קערה גדולה שקוף (1 י,,,קערה עמוקה,קילו,100.00,קילו,false,,8.90,0.0890,true,1,6940898
7290108278606,false,זוגרדיד אלומניום רמילוי,,,זוגרדיד אלומניום רמי,קילו,100.00,קילו,false,,11.90,0.1190,true,1,7246283
7290108278637,false,כוסות שתיה קרה בירה,,,כוסות בירה 330 מל,יח',1.00,יח',false,,9.90,9.9000,true,1,7401875
7290108278941,false,ניו יורק כפית ורוד עתיק (10יח'),,,ניו יורק כפית ורוד ע,יח',1.00,יח',false,,3.90,3.9000,true,1,8265944
7290108350128,false,סנו סושי שקיות אשפה חזקות במיוחד 40 יח',מיוצר עי קונדיטוריית,IL,סנו סושי 40 שקיות אש,יח',40.00,יח',false,,22.90,0.5725,true,1,2743168
7290108350142,false,"שקיות רב שימושיות גדולות 25*35 ס""מ סנו סושי 270 יחידות",אשפלסט תעשיות,IL,סנו סושי שקיות רב שי,יח',270.00,יח',false,,11.90,0.0441,true,1,2743169
7290108350203,false,"סנו סושי כריות קרצוף+ספוג מקציף 6 יחידות 12X9 ס""מ",סנו סושי,US,סושי כריות קרצוף עם,יח',6.00,יח',false,,9.50,1.5833,true,1,3299285
7290108350210,false,סנו סושי 30 שקיות אשפה XL חזקות במיוחד,מיוצר עי קונדיטוריית,IL,סושי שקיות חזקות 65*,יח',30.00,יח',false,,22.90,0.7633,true,1,2855861
7290108350531,false,סנו ספארק נוזל כלים בניחוח קלאסי עם משאבה 1 ל',מיוצר עי קונדיטוריית,IL,נוזל כלים סנו ספארק,יח',1.00,יח',false,,9.90,9.9000,true,1,2763845
7290108350548,false,סנו ספארק נוזל כלים בניחוח לבנדר עם משאבה 1 ל',מיוצר עי קונדיטוריית,IL,נוזל כלים סנו ספארק,יח',1.00,יח',false,,9.90,9.9000,true,1,2763846
7290108350555,false,נוזל כלים סנו ספארק Spark היפואלרגני פריחת השקד,סנו ספארק,IL,נוזל כלים סנו ספארק,ליטרים,1.00,ליטר,false,,9.90,9.9000,true,1,2763847
7290108350586,false,נוזל לניקוי כלים סנו ספארק Spark בניחוח לימון רענן,"סנו מפעלי ברונוס בע""\מ",IL,ספארק נוזל לכלים בני,ליטרים,1.50,ליטר,false,,13.90,9.2667,true,1,2801003
7290108350616,false,סנו - מקסימה מרכך כביסה מרוכז פריחה כחולה 1 ליטר,"סנו מפעלי ברונוס בע""\מ",IL,מקסימה מרכך כביסה מר,ליטרים,1.00,ליטר,false,,17.50,17.5000,true,1,3266458
7290108350623,false,מרכך כביסה סופר מרוכז סופט סילק מקסימה 1 ל' סנו,"סנו מפעלי ברונוס בע""\מ",IL,מקסימה מרכך כביסה מר,ליטרים,1.00,ליטר,false,,17.50,17.5000,true,1,3266459
7290108350722,false,אורביטול גוניור משחת שיניים בוב ספוג 70ג,טרופיקל דגיל תעשיות קוסמ,IL,משחת שיניים ילדים בו,יח',1.00,יח',false,,7.90,7.9000,true,1,8300595
7290108350739,false,משחת שיניים אורביטול קידס סטעם סוכריות ג'לי 70 גרם,טרופיקל דגיל תעשיות קוסמ,IL,אורביטול קידס 70 גר,גרמים,70.00,גרם,false,,7.90,0.1129,true,1,7085101
7290108351118,false,"K 4000 קוטל יתושים, זבובים וחרקים מעופפים אחרים",סנו מפעלי ברונוס בעמ,IL,"קוטל מעופפים 750 מ""ל",מיליליטרים,750.00,"100 מ""ל",false,,29.90,0.0399,true,1,4133677
7290108351156,false,ג'ל ניקוי כללי בתוספת חומץ בריח לבנדר סנו ג'ט 1.5 ליטר,"סנו מפעלי ברונוס בע""\מ",IL,סנו ג'ט פלוס לניקוי,מיליליטרים,750.00,"100 מ""ל",false,,11.90,0.0159,true,1,4192055
7290108351507,false,מרכך כביסה אינספרישיין סנו מקסימה 4 ליטר,סנו מקסימה,IL,מרכך מקסימה 4 לי,ליטרים,4.00,ליטר,false,,21.50,5.3750,true,1,4036038
7290108351514,false,מרכך כביסה בלו בלוסום סנו מקסימה 4 ליטר,סנו מקסימה,IL,מרכך מקסימה 4 לי,ליטרים,4.00,ליטר,false,,21.50,5.3750,true,1,4036039
7290108351538,false,סנופרש הום מבשם לבית בניחוח מרכך כביסה ב,סנו מפעלי ברונוס בעמn,IL,מבשם לבית - בריח מרכ,מיליליטרים,200.00,"100 מ""ל",false,,10.90,0.0545,true,1,6452811
7290108351545,false,מטהר אוויר סנו פרש הום בניחוח מרכך,סנו מפעלי ברונוס בעמn,IL,מבשם לבית - בניחוח מ,מיליליטרים,200.00,"100 מ""ל",false,,10.90,0.0545,true,1,6573414
7290108351552,false,"סנו - ג'ט לניקוי כללי בתוספת חומץ בניחוח לבנדר 750 מ""ל","סנו מפעלי ברונוס בע""\מ",IL,מתז לניקוי כללי ג'ט+,מיליליטרים,750.00,"100 מ""ל",false,,11.90,0.0159,true,1,5583594
7290108351583,false,"סנו - ג'ט פלוס חומץ ג'ל לניקוי אסלות לבנדר 750 מ""ל",טרופיקל דגיל תעשיות,IL,סנו ג'ט+ניקוי אסלות,מיליליטרים,750.00,"100 מ""ל",false,,8.90,0.0119,true,1,6269399
7290108351637,false,"אבקת כביסה מקסימה סמארט 5 ק""ג סנו",סנו מקסימה,IL,סנו מקסימה חכמה 5קג,קילוגרמים,5.00,"ק""ג",false,,49.90,9.9800,true,1,5195980
7290108351699,false,סנו - ג'ט מטליות לחות לניקוי כללי בתוספת חומץ לבנדר שלישיה,סנו מפעלי ברונוס על,IL,מארז שלישייה מגבונים,יח',50.00,יח',false,,19.90,0.3980,true,1,6758878
7290108351705,false,פניני בישום 275 גרם מקסימה,inc prodacts smart value,IL,סנו פניני בישום לכבי,יח',1.00,יח',false,,19.90,19.9000,true,1,7831596
7290108351712,false,מקסימה פניני בישום לכביסה לובלי 275 גרם,inc prodacts smart value,IL,סנו פניני בישום לכבי,יח',1.00,יח',false,,19.90,19.9000,true,1,7831597
7290108351781,false,ג'ל לניקוי אסלות + חומץ ומלח לימון בריח הדרים,"סנו מפעלי ברונוס בע""",IL,סנו ג'ט+ניקוי אסלות,מיליליטרים,750.00,"100 מ""ל",false,,8.90,0.0119,true,1,7023218
7290108351804,false,מרכך כביסה סופר מרוכז Gentl Breeze סנו מקסימה 1 ליטר,מיוצר עי קונדיטוריית,IL,מקסימה מרכך סופר מרו,מטרים,1000.00,100 מ'ל,false,,17.50,0.0175,true,1,7738965
7290108351811,false,מרכך כביסה סופר מרוכז Floral touch סנו מקסימה 1 ליטר,מיוצר עי קונדיטוריית,IL,מקסימה מרכךסופר מרוכ,מטרים,1000.00,100 מ'ל,false,,17.50,0.0175,true,1,7738966
7290108351835,false,מרכך כביסה Pure Sensation סנו מקסימה 4 ליטר,מיוצר עי קונדיטוריית,IL,מקסימה מרכך כביסה סנ,ליטרים,4.00,ליטר,false,,21.50,5.3750,true,1,7967201
7290108351866,false,"סנו מקסימה בושם מרוכז לכביסה FOREVER בורדו 600 מ""ל",סנו מקסימה,IL,מקסימה בושם מרוכז לכ,מיליליטרים,600.00,"100 מ""ל",false,,19.90,0.0332,true,1,7147456
7290108351927,false,סנו ספארק טבליות למדיח 70 יחידות,גרופה אינקו,PL,סנו ספארק 70 טבליות,קילוגרמים,1.40,"ק""ג",false,,39.90,28.5000,true,1,7186737
7290108351972,false,סנופרש הום מבשם לבית בניחוח מלון בוטיק,מיוצר עי קונדיטוריית,IL,מבשם אויר הום יבש מל,יח',1.00,יח',false,,11.90,11.9000,true,1,7967112
7290108351996,false,"חיטוי בייבי 99.9% לחיטוי וניקוי בסביבת תינוקות 750 מ""ל","סנו מפעלי ברונוס בע""\מ",IL,מתז בייבי לחיטי וניק,מיליליטרים,750.00,"100 מ""ל",false,,11.90,0.0159,true,1,7509887
7290108352009,false,סנו ספארק קפסולות למדיח כלים 50 יח',טרופיקל דגיל תעשיות,PL,טבליות גל סנו ספארק,יח',1.00,יח',false,,39.90,39.9000,true,1,8235460
7290108352054,false,אורביטול - צמד מברשות שיניים 980 + חוט דנטלי במתנה,החברה הדרומית,CN,מברשת שיניים סיבים ד,יח',1.00,יח',false,,18.90,18.9000,true,1,8387371
7290108352061,false,משחת שיניים Go White אורביט 145 גרם עם פחם,טרופיקל דגיל תעשיות קוסמ,IL,אורביטול משחת שיניים,מטרים,145.00,100 מ'ל,false,,14.90,0.1028,true,1,8438273
7290108352078,false,"שטיפת פה Protective salt אורביטול 500 מ""ל",טרופיקל דגיל תעשיות,IL,אורביטול מי פה מלח 5,מיליליטרים,500.00,"100 מ""ל",false,,19.90,0.0398,true,1,8260249
7290108352092,false,משחת שיניים אורביטול פרוטקטיב סולט בטעם מנטה,טרופיקל דגיל תעשיות קוסמ,IL,אורביטול מ. שיניים ר,גרמים,145.00,100 גרם,false,,13.90,0.0959,true,1,8260252
7290108352146,false,"סנובון נוזלי בניחוח מנגוליה ונרולי סנו 750 מ""ל",סנו מפעלי ברונוס בעמ,IL,סנובון נוזלי סנסוריי,יח',1.00,יח',false,,8.90,8.9000,true,1,8239309
7290108352153,false,"סנובון נוזלי בניחוח לוטוס וסחלב סנו 750 מ""ל",מיוצר עי קונדיטוריית,IL,סנובון נוזלי סנסוריי,יח',1.00,יח',false,,8.90,8.9000,true,1,8239310
7290108352207,false,מקסימה 40 קפסולות לכביסה בניחוח fresh burst,"גליל כימיקלים, א.ת. צפונ",IL,סנו מקסימה קפסולות ל,יח',1.00,יח',false,,28.90,28.9000,true,1,8238054
7290108352252,false,נוזל לניקוי כלים מתאים לניקוי ירקות ופירות סנו ספארק,"סנו מפעלי ברונוס בע""\מ",IL,סנו ספארק נוזל לכלים,ליטרים,1.00,ליטר,false,,9.90,9.9000,true,1,8260229
7290108352337,false,"סנו - פרש מילוי למטהר אוויר מלון מפנק 250 מ""ל",מיוצר עי קונדיטוריית,IL,סנו פרש אוטומטיק,יח',1.00,יח',false,,12.90,12.9000,true,1,8243382
7290108352344,false,"פרש מבשם אויר אוטומטי בניחוח לבנדר סנו 250 מ""ל",מיוצר עי קונדיטוריית,IL,פרש מבשם אויר אוטומט,מיליליטרים,250.00,"100 מ""ל",false,,12.90,0.0516,true,1,8244568
7290108352351,false,"סנו תרסיס לחיטוי משטחים 99.9% - 400 מ""ל","סנו מפעלי ברונס בע""\מ",IL,סנו תרסיס לניקוי וחי,יח',1.00,יח',false,,17.90,17.9000,true,1,8243383
7290108352399,false,ריצפז פרש הום בניחוח מרכך כביסה פלורל טאצ',"סנו מפעלי ברונוס בע""\מ",IL,ריצפז פרש הום בניחוח,מטרים,2000.00,100 מ'ל,false,,19.70,0.0098,true,1,8362271
7290108352436,false,סנובון מוצק בניחוח נגוליה ונרולי שלישייה,סנו מפעלי ברונוס בעמ,IL,סנובון מוצק לניקוי א,יח',3.00,יח',false,,14.90,4.9667,true,1,8275986
7290108352450,false,ריצפז פרש הום בניחוח מרכך כביסה בלו בלוסום,סנו מפעלי ברונוס בעמ,IL,ריצפז פרש הום 2 לי,ליטרים,2.00,ליטר,false,,19.70,9.8500,true,1,8289550
7290108352474,false,"סנומוד מטהר אוויר ליידי קוקו סנו 150 מ""ל","סנו מפעלי ברונוס בע""\מ",IL,סנומוד מטהר אוויר לי,מיליליטרים,150.00,"100 מ""ל",false,,9.90,0.0660,true,1,8302630
7290108352481,false,"סנומוד מטהר אוויר נרסיסו סנו 150 מ""ל","סנו מפעלי ברונוס בע""\מ",IL,סנומוד מטהר אוויר נר,מיליליטרים,150.00,"100 מ""ל",false,,9.90,0.0660,true,1,8302631
7290108352511,false,ניקוי וחיטוי מכונת הכביסה בתוספת חומץ סנו מקסימה,"סנו מפעלי ברונוס בע""\מ",IL,מקסימה לניקוי וחיטוי,מיליליטרים,500.00,"100 מ""ל",false,,11.90,0.0238,true,1,8319834
7290108352528,false,"מתז לחיטוי וניקוי חדר האמבטיה 99.9% 750 מ""ל","סנו מפעלי ברונוס בע""\מ",IL,99.9 מתז לניקוי וחיט,מיליליטרים,750.00,"100 מ""ל",false,,11.90,0.0159,true,1,8320985
7290108352535,false,סנו - מקסימה דפי בישום לחים למייבש הכביסה בניחוח מרכך כביסה,טרופיגל דגיל תעשיות קוסמ,IL,מקסימה דפי בישום לחי,יח',1.00,יח',false,,12.90,12.9000,true,1,8349955
7290108352573,false,מרכך כביסה סנו מקסימה בבישום עוצמתי 4 ליטר,"סנו מפעלי ברונוס בע""\מ",IL,מקסימה מרכך כביסה 4,מטרים,4000.00,100 מ'ל,false,,21.50,0.0054,true,1,8409233
7290108352641,false,סנו סושי מטלית הפלא לניקוי כללי במארז שלישייה,סנו מפעלי ברונוס.,IL,מטלית הפלא סנו סושי,יח',3.00,יח',false,,14.90,4.9667,true,1,5009723
7290108352801,false,"שקיות אשפה לפחים קטנים 45 * 56 ס""מ סנו סושי 100 יחידות","סנו מפעלי ברונוס בע""מ",IL,סנו שקיות אשפה לפח ק,יח',100.00,יח',false,,18.90,0.1890,true,1,6344432
7290108352818,false,מטלית במבוק לניקוי דוחה ריחות רעים,צ'\נצ'\גן גולי מוצרי צרי,CN,סנו סושי מטלית במבוק,יח',1.00,יח',false,,7.90,7.9000,true,1,7203191
7290108352849,false,שלישיית מטליות הפלא לניקוי כללי דקור סנו סושי,טרופיקל דגיל תעשיות,CN,מטלית הפלא סנו סושי,יח',3.00,יח',false,,14.90,4.9667,true,1,8284271
7290108352863,false,סנו סושי שקיות צלייה 20יח' מידה L,סנו מפעלי ברונוס בעמ . ח,TR,סנו סושי שקיות צלייה,יח',20.00,יח',false,,7.90,0.3950,true,1,6905497
7290108352955,false,"סנו סושי 4 תבניות אינגליש אקסטרה חזקות 16*31 ס""מ",יויו טינואט,IL,סנו סושי 4 תבניות אי,יח',4.00,יח',false,,9.90,2.4750,true,1,7222849
7290108353006,false,סנו סושי - שקיות אוכל נקשרות 250 יחידות XL,מיוצר עי קונדיטוריית,IL,סנו סושי - שקיות אוכ,יח',1.00,יח',false,,11.90,11.9000,true,1,7509888
7290108353037,false,"תבניות אפיה עגולות מנייר קוטר 21 ס""מ",מיוצר עי קונדיטוריית,CN,סנו סושי 4 תבניות אפ,יח',1.00,יח',false,,11.90,11.9000,true,1,7782276
7290108353068,false,ספוג הפלא נירוסטה עם סיבי קירצוף סנו סושי 2 יח',מיוצר עי קונדיטוריית,IL,כרית קרצוף עם סיבי נ,יח',1.00,יח',false,,8.90,8.9000,true,1,7738967
7290108353334,false,"שמפו למניעת קשקשים עם שמן עץ התה ואסאי 700 מ""ל כיף",קוסמופארם בעמ,IL,כיף שמפו לשיער רגיל,מיליליטרים,700.00,"100 מ""ל",false,,9.90,0.0141,true,1,7967202
7290108353389,false,"אורביטול - מי פה ג'וניור לגילאי 8+ 250 מ""ל",קוסמופארם בעמ,IL,אורביטול מי פה ג'וני,מטרים,250.00,100 מ'ל,false,,10.90,0.0436,true,1,8409234
7290108353440,false,אורביטול מברשות שיניים נאנו לחניכיים 2יח,החברה הדרומית,CN,אורביטול מברשות שיני,יח',1.00,יח',false,,29.90,29.9000,true,1,8339482
7290108353495,false,אורביטול - חוט דנטאלי 50 מטר בתוספת שעווה ופלואוריד,אורביטול,IL,אורביטול חוט דנטאלי,מיליליטרים,1.00,"100 מ""ל",false,,9.90,9.9000,true,1,8422131
7290108353501,false,"שקיות אשפה ענקיות עם ידיות ענקיות 75*90 ס""מ סנו סושי 25 יחידות",טרופיקל דגיל תעשיות,TR,סנו סושי 25שקיות אטו,יח',1.00,יח',false,,19.90,19.9000,true,1,8085331
7290108353525,false,סנו סושי - תבניות אלומיניום עם ידיות אחיזה,קריניסה ויטמין אס אי,CN,סנו סושי - תבניות אל,יח',1.00,יח',false,,9.90,9.9000,true,1,8216102
7290108353549,false,נייר אפייה סנו סושי 100 יח,"טופ פלסט 2002 בע""\מ",IL,סנו סושי נייר אפייה,יח',1.00,יח',false,,19.90,19.9000,true,1,8085333
7290108353648,false,סנו סושי - שקיות אוכל מנייר 70 יחידות,איי טיי אריזות טורקיה,TR,סנו סושי שקיות אוכל,יח',1.00,יח',false,,10.90,10.9000,true,1,8260255
7290108353679,false,סנו סושי – ניילון שקופות 10 מפות,מיוצר עי קונדיטוריית,IL,סנו סושי מפות ניילון,יח',1.00,יח',false,,14.90,14.9000,true,1,8235792
7290108353730,false,"קרמה - תחליב רחצה חימר אוכמניות כחולות 500 מ""ל","קוסמופארם בע""\מn\",IL,קרמה תחליב חימר 500מ,מטרים,500.00,100 מ'ל,false,,12.90,0.0258,true,1,8389286
7290108353778,false,"תחליב רחצה שוודיה נקה 7 בניחוח פיטנגו 750 מ""ל","אמיליה קוסמטיקס בע""מ",IL,נקה 7 תחליב רחצה ניח,מיליליטרים,750.00,"100 מ""ל",false,,9.90,0.0132,true,1,8272505
7290108353785,false,תחליב רחצה נקה 7 מרוקו בניחוח טונקה 750,"אמיליה קוסמטיקס בע""מ",IL,נקה 7 תחליב רחצה ניח,מיליליטרים,750.00,"100 מ""ל",false,,9.90,0.0132,true,1,8281706
7290108353792,false,"תחליב רחצה יפן נקה 7 בניחוח פריחת הדובדבן 750 מ""ל","אמיליה קוסמטיקס בע""מ",IL,נקה 7 תחליב רחצה פרי,מיליליטרים,750.00,"100 מ""ל",false,,9.90,0.0132,true,1,8272506
7290108353808,false,"תחליב רחצה מדגסקר נקה 7 בניחוח אמבר 750 מ""ל","אמיליה קוסמטיקס בע""מ",IL,נקה 7 תחליב רחצה ניח,מיליליטרים,750.00,"100 מ""ל",false,,9.90,0.0132,true,1,8272507
7290108353891,false,"קרמה - דאודורנט רול און לאישה קרמה מאסק 75 מ""ל","קוסמופארם בע""\מ",IL,דאו רול און 75 מל,יח',1.00,יח',false,,11.90,11.9000,true,1,8267173
7290108353907,false,"קרמה - דאודורנט רול און לאישה קרמה קלאסי 75 מ""ל","קוסמופארם בע""\מ",IL,דאו רול און 75 מל,יח',1.00,יח',false,,11.90,11.9000,true,1,8267174
7290108353952,false,"קרמה - דאודורנט ספריי לאישה קרמה קלאסי 150 מ""ל",מיוצר עי : אמיליה קוסמטי,IL,קרמה דיאודורנט ספריי,מטרים,150.00,100 מ'ל,false,,11.90,0.0793,true,1,8345252
7290108353983,false,"קרמה - קרם גוף קרמה קלאסי 500 מ""ל",טרופיקל דגיל תעשיות,IL,קרם גוף קלאסי קרמה 5,מיליליטרים,500.00,"100 מ""ל",false,,21.90,0.0438,true,1,8272508
7290108354065,false,קרמה מן גל רחצה פילינג 700 מל לגבר,קוסמופארם בע'\'\מ,IL,קרמה מן ג'ל רחצה פיל,מטרים,700.00,100 מ'ל,false,,14.90,0.0213,true,1,8387334
7290108354164,false,"כיף שלישיית אל סבון קטיפתי מועשר בשמנים 3*500 מ""ל",טרופיקל דגיל תעשיות,IL,אל סבון שלישייה שמני,ליטרים,1.50,ליטר,false,,18.90,12.6000,true,1,8291631
7290108354263,false,אורביטול גוניור משחת שיניים חד קרן 70גרם,טרופיקל דגיל תעשיות קוסמ,IL,משחת שיניים ילדים חד,יח',1.00,יח',false,,7.90,7.9000,true,1,8300596
7290108354270,false,מרכך כביסה מרוכז בבישום עוצמתי 1 ל' סנו מקסימה,מיוצר עי קונדיטוריית,IL,מקסימה מרכך כביסה מר,מטרים,1000.00,100 מ'ל,false,,17.50,0.0175,true,1,8353717
7290108354430,false,"שמפו כיף לשיקום והזנה שמן קוקוס וקרטין 700 מ""ל",קוסמופארם בעמ,IL,כיף שמפו לשיער שמן ק,מיליליטרים,700.00,"100 מ""ל",false,,9.90,0.0141,true,1,8302632
7290108354447,false,"מרכך כיף לשיקום והזנה שמן קוקוס וקרטין 700 מ""ל",גוד פוד פרודקטס S.p,IL,כיף מרכך לשיער שמן ק,מיליליטרים,700.00,"100 מ""ל",false,,9.90,0.0141,true,1,8302633
7290108354485,false,"קרליין מרכך 10 לשיער שמן ארגן 700 מ""ל","קוסמופארם בע""\מ",IL,קרליין 10 מרכך ארגן,מטרים,700.00,100 מ'ל,false,,9.90,0.0141,true,1,8387335
7290108354591,false,"תחליב רחצה בניחוח מי קקטוס ושמן באבאסו 750 מ""ל נקה 7","אמיליה קוסמטיקס בע""מ",IL,נקה 7 תחליב רחצה 750,מטרים,750.00,100 מ'ל,false,,9.90,0.0132,true,1,8422132
7290108354614,false,"מרכך בניחוח מי קקטוס ושמן באבאסו 750 מ""ל נקה 7","אמיליה קוסמטיקס בע""מ",IL,נקה 7 מרכך 750מל ביו,מטרים,750.00,100 מ'ל,false,,8.70,0.0116,true,1,8422134
7290108354621,false,"מסיכה לשיער לחות מוגברת עם אפרסק וחמאת מורומורו 500 מ""ל כיף",סנו,IL,כיף מסיכה לשיער אפרס,מטרים,500.00,100 מ'ל,false,,26.90,0.0538,true,1,8438274
7290108354751,false,"סנו - ג'ט מרסס לניקוי כללי בתוספת אבקת סודה 750 מ""ל","סנו מפעלי ברונוס בע""\מ",IL,מתז לניקוי כללי ג'ט+,מיליליטרים,750.00,"100 מ""ל",false,,11.90,0.0159,true,1,7023220
7290108354829,false,"קרם ידיים קרמה ורד וניל 100 מ""ל מ""ל",קוסמופארם,IL,קרם ידיים קרמה 100 מ,מיליליטרים,100.00,"100 מ""ל",false,,9.90,0.0990,true,1,8290273
7290108354911,false,"שמפו, ג'ל רחצה וגילוח מועשר בתמצית אלוורה",טרופיקל דגיל תעשיות,IL,"קרמה מן 3ב1 500 מ""ל",מיליליטרים,500.00,"100 מ""ל",false,,14.90,0.0298,true,1,8232320
7290108355000,false,"שמפו מיניונים לילדים נקה 7 750 מ""ל",אמיליה קוסמטיקס,IL,שמפו מיניונים נקה 7,מיליליטרים,750.00,"100 מ""ל",false,,9.90,0.0132,true,1,2945208
7290108355017,false,"נקה 7 מרכך לילדים מיניונים 750 מ""ל",אמיליה קוסמטיקס,IL,מרכך מיניונים נקה 7,מיליליטרים,750.00,"100 מ""ל",false,,9.90,0.0132,true,1,2945209
7290108355024,false,"נקה 7 שמפו ומרכך לילדים מיניונים 750 מ""ל",קוסמופארם בע'\'\מ,IL,מרכך+שמפו מיניונים נ,מיליליטרים,750.00,"100 מ""ל",false,,9.90,0.0132,true,1,2945210
7290108355055,false,לחו.לשיער מקצועי גלייז נטורל פורמולה 400,נטורל פורמולה Natural Formula,IL,לחות לשיער מקצועית ע,מיליליטרים,400.00,"100 מ""ל",false,,29.90,0.0747,true,1,4857453
7290108355062,false,לחו.לשיער מקצועי קרטין נטורל פורמולה 400,אמיליה קוסמטיקס,IL,לחות מקצועית עם קרטי,מיליליטרים,400.00,"100 מ""ל",false,,29.90,0.0747,true,1,4857432
7290108355147,false,"תחליב רחצה שמני הזנה נקה 7 750 מ""ל",טרופיקל דגיל תעשיות קוסמ,IL,תחליב רחצה שמני הזנה,מיליליטרים,750.00,"100 מ""ל",false,,9.90,0.0132,true,1,6368811
7290108355154,false,"שמפו שמני הזנה נקה 7 750 מ""ל","אמיליה קוסמטיקס בע""מ",IL,שמפו שמני הזנה נקה 7,מיליליטרים,750.00,"100 מ""ל",false,,8.70,0.0116,true,1,6368812
7290108355161,false,"מרכך שיער שמני הזנה 750 מ""ל נקה 7","אמיליה קוסמטיקס בע""מ",IL,מרכך שמני הזנה נקה 7,מיליליטרים,750.00,"100 מ""ל",false,,8.70,0.0116,true,1,6368813
7290108355178,false,"קרמה - קרם ידיים חמאת שיאה וקוקוי 100 מ""ל",החברה הדרומית,IL,קרם ידיים קרמה 100 מ,מיליליטרים,100.00,"100 מ""ל",false,,9.90,0.0990,true,1,8290274
7290108355192,false,"נטורל מרכך קרטין אינטנס למניעת קשקשים 400 מ""ל",נטורל פורמולה Natural Formula,IL,מרכך קרטין 400 מל,מיליליטרים,400.00,"100 מ""ל",false,,29.90,0.0747,true,1,5721495
7290108355208,false,"שמפו קרטין אינטנס למניעת קשקשים נטורל 400 מ""ל",נטורל פורמולה Natural Formula,IL,שמפו קרטין 400 מל,מיליליטרים,400.00,"100 מ""ל",false,,29.90,0.0747,true,1,5721496
7290108355260,false,"נקה 7-שמפו 3ב1 שמפו ג'ל רחצה וסבון פנים לגבר 750 מ""ל","אמיליה קוסמטיקס בע""מ",IL,נקה 7 שמפו ג'ל רחצה,מיליליטרים,750.00,"100 מ""ל",false,,8.70,0.0116,true,1,6905500
7290108355307,false,"נקה 7 - שמפו סירוק קל רוזמרין 750 מ""ל",גוד פוד פרודקטס S.p,IL,שמפו נקה 7 סירוק קל,מיליליטרים,750.00,"100 מ""ל",false,,10.90,0.0145,true,1,7558288
7290108355314,false,מרכך לסירוק קל בתוספת רוזמרין,גוד פוד פרודקטס S.p,IL,מרכך נקה 7 סירוק קל,מיליליטרים,750.00,"100 מ""ל",false,,10.90,0.0145,true,1,7558289
7290108355765,false,דאודורנט ספריי קרמה בניחוח לבנדר ואקליפטוס,מיוצר עי : אמיליה קוסמטי,IL,קרמה דיאודורנט ספריי,מטרים,150.00,100 מ'ל,false,,11.90,0.0793,true,1,8345256
7290108355802,false,"תחליב רחצה קרמה ורד ווניל 700 מ""ל",גוד פוד פרודקטס S.p,IL,תחליב רחצה קרמה 700,מיליליטרים,700.00,"100 מ""ל",false,,16.90,0.0241,true,1,8267151
7290108355949,false,"תחליב רחצה קרמה נרולי ומנגוליה 700 מ""ל",קוסמופארם בעמ,IL,תחליב רחצה קרמה 700,מיליליטרים,700.00,"100 מ""ל",false,,16.90,0.0241,true,1,8267153
7290108356014,false,"כיף תחליב רחצה בניחות מסקרפונה ופירות יער 700 מ""ל",החברה הדרומית,IL,כיף תחליב רחצה 700 מ,מיליליטרים,700.00,"100 מ""ל",false,,9.90,0.0141,true,1,7587947
7290108356021,false,כיף תחליב רחצה בניחוח גלידת קרם עוגיות,גוד פוד פרודקטס S.p,IL,כיף תחליב רחצה 700 מ,מיליליטרים,700.00,"100 מ""ל",false,,9.90,0.0141,true,1,7203063
7290108356045,false,"כיף תחליב רחצה בניחוח גלידת סוכריות ג'לי 700 מ""ל",החברה הדרומית,IL,כיף תחליב רחצה 700 מ,מיליליטרים,700.00,"100 מ""ל",false,,9.90,0.0141,true,1,7203065
7290108356052,false,"כיף תחליב רחצה בניחות מנטה קפואה 700 מ""ל",קוסמופארם,IL,כיף תחליב רחצה 700 מ,מיליליטרים,700.00,"100 מ""ל",false,,9.90,0.0141,true,1,7509580
7290108356083,false,כיף תחליב רחצה בניחוח גלידת סורבה מנגו,החברה הדרומית,IL,כיף תחליב רחצה 700 מ,מיליליטרים,700.00,"100 מ""ל",false,,9.90,0.0141,true,1,7509581
7290108356106,false,כיף תחליב רחצה חלב שקדים 700 מל,החברה הדרומית,IL,כייף תחליב רחצה שקד,מיליליטרים,700.00,"100 מ""ל",false,,9.90,0.0141,true,1,6999607
7290108356113,false,"כיף תחליב רחצה דבש 700 מ""ל-מרכז",קוסמופארם בעמ,IL,כייף תחליב רחצה 700,מיליליטרים,700.00,"100 מ""ל",false,,9.90,0.0141,true,1,6999608
7290108356120,false,"תחליב רחצה כיף קוקוס וניל 700 מ""ל",קוסמופארם,IL,כייף תחליב רחצה קוקו,מיליליטרים,700.00,"100 מ""ל",false,,9.90,0.0141,true,1,6999609
7290108356137,false,"כיף - תחליב רחצה לבנדר 700 מ""ל",קוסמופארם,IL,כייף תחליב רחצה לבנד,מיליליטרים,700.00,"100 מ""ל",false,,9.90,0.0141,true,1,6999610
7290108356151,false,"תחליב רחצה כיף מאסק יסמין 700 מ""ל",גוד פוד פרודקטס S.p,IL,כייף תחליב רחצה מאסק,מיליליטרים,700.00,"100 מ""ל",false,,9.90,0.0141,true,1,6999611
7290108356168,false,"כיף - תחליב רחצה אוקיינוס 700 מ""ל",גוד פוד פרודקטס S.p,IL,כייף תחליב רחצה אוקי,מיליליטרים,700.00,"100 מ""ל",false,,9.90,0.0141,true,1,6999612
7290108356229,false,ג'ל גילוח לכל סוגי העור מועשר בפחם פעיל,טרופיקל דגיל תעשיות,TR,ג'ל גילוח לעור עדין,מיליליטרים,200.00,"100 מ""ל",false,,10.90,0.0545,true,1,8276334
7290108356274,false,"כיף - מוס רחצה בניחוח תותים ושמנת 150 מ""ל",החברה הדרומית,IL,מוס רחצה בניחוח תותי,מטרים,150.00,100 מ'ל,false,,12.90,0.0860,true,1,8349988
7290108356298,false,"כיף - מוס רחצה בניחוח קרם עוגיות 150 מ""ל",קוסטר אירוסול,IL,מוס רחצה בניחוח קרם,מטרים,150.00,100 מ'ל,false,,12.90,0.0860,true,1,8349989
7290108356489,false,"כיף - תחליב רחצה אפרסק וחמאת מורומורו 700 מ""ל",קוסמופארם בעמ,IL,כיף תחליב אפרסק וחמא,מטרים,700.00,100 מ'ל,false,,9.90,0.0141,true,1,8387373
7290108356519,false,קרליין שמפו 10למניעת קשקשים 700מל,"קוסמופארם בע""\מ",IL,קרליין שמפו 10למניעת,מטרים,700.00,100 מ'ל,false,,9.90,0.0141,true,1,8374106
7290108356526,false,"קרליין - שמפו 10 לשיער יבש 700 מ""ל","קוסמופארם בע""\מ",IL,קרליין שמפו 10לשיער,מטרים,700.00,100 מ'ל,false,,9.90,0.0141,true,1,8374107
7290108356533,false,קרוליין 10 שמפו לשיער מתולתל 700 מל,"קוסמופארם בע""\מ",IL,קרליין שמפו 10לשיער,מטרים,700.00,100 מ'ל,false,,9.90,0.0141,true,1,8374108
7290108356540,false,"שמפו 10 לשיער צבוע 700 מ""ל קרליין","קוסמופארם בע""\מ",IL,קרליין שמפו 10לשיער,מטרים,700.00,100 מ'ל,false,,9.90,0.0141,true,1,8374109
7290108356557,false,"שמפו 10 לשיער למניעת קשקשים 700 מ""ל קרליין","קוסמופארם בע""\מ",IL,קרליין שמפו 10לשיער,מטרים,700.00,100 מ'ל,false,,9.90,0.0141,true,1,8374110
7290108356564,false,"קרליין - מרכך 10 לשיער רגיל 700 מ""ל","קוסמופארם בע""\מn\",IL,קרליין מרכך 10לשיער,מטרים,700.00,100 מ'ל,false,,9.90,0.0141,true,1,8374111
7290108356571,false,"קרליין - מרכך 10 לשיער יבש 700 מ""ל","קוסמופארם בע""\מ",IL,קרליין מרכך 10לשיער,מטרים,700.00,100 מ'ל,false,,9.90,0.0141,true,1,8374112
7290108356588,false,קרוליין 10 מרכך לשיער מתולתל 700 מל,"קוסמופארם בע""\מ",IL,קרליין מרכך 10לשיער,מטרים,700.00,100 מ'ל,false,,9.90,0.0141,true,1,8374113
7290108356595,false,"קרליין מרכך 10 לשיער צבוע 700 מ""ל","קוסמופארם בע""\מ",IL,קרליין מרכך 10לשיער,מטרים,700.00,100 מ'ל,false,,9.90,0.0141,true,1,8374114
7290108356717,false,לגבר 3 ב-1 שמפו גל רחצה וסבון - קפאין,קוסמופארם בעמ,IL,כיף מן 3 ב 1 בתוספת,מטרים,700.00,100 מ'ל,false,,9.90,0.0141,true,1,8489167
7290108356809,false,סבון בוטני ורד ומרווה לניקוי וטיפוח הידיים טבעוני 1 ל' כיף,קוסמופארם בע'\'\מ,IL,כיף אל סבון בוטני 1ל,מטרים,1000.00,100 מ'ל,false,,14.90,0.0149,true,1,8387337
7290108356816,false,"סבון בוטני גרניום ופטצ'ולי לניקוי וטיפוח הידיים, טבעוני 1 ל' כיף",קוסמופארם בע'\'\מ,IL,כיף אל סבון בוטני 1ל,מטרים,1000.00,100 מ'ל,false,,14.90,0.0149,true,1,8387338
7290108356892,false,ריצפז פרש הום 2ליטר בניחוח מלון אקזוטי,סנו,IL,ריצפז פרש הום 2ליטר,מטרים,2000.00,100 מ'ל,false,,19.70,0.0098,true,1,8489169
7290108357028,false,"תחליב רחצה כיף ורד ושמן קוקוי 700 מ""ל",קוסמופארם בעמ,IL,כייף תחליב רחצה שמן,מיליליטרים,700.00,"100 מ""ל",false,,9.90,0.0141,true,1,8127137
7290108357059,false,"קרליין - נושם ביו דאודורנט רול און 75 מ""ל Secret Garden לאישה","קוסמופארם בע""\מ",IL,קרליין ביו רולאון נו,מטרים,75.00,100 מ'ל,false,,11.90,0.1587,true,1,8387340
7290108357110,false,"קרליין - נושם ביו דאודורנט רול און 75 מ""ל Valvet Rose לאישה","קוסמופארם בע""\מ",IL,קרליין דיאודורנט ביו,מטרים,75.00,100 מ'ל,false,,11.90,0.1587,true,1,8387344
7290108357189,false,"מבשם ומרכך למייבש הכביסה מקסימה פלורל 750 מ""ל סנו","סנו מפעלי ברונוס בע""\מ",IL,מקסימה למייבש בניחוח,מיליליטרים,750.00,"100 מ""ל",false,,16.30,0.0217,true,1,8150524
7290108357196,false,"ג'ט פלוס לניקוי כללי בתוספת תמצית עץ התה 750 מ""ל סנו",מיוצר עי קונדיטוריית,IL,מתז לניקוי כללי ג'ט+,מיליליטרים,750.00,"100 מ""ל",false,,11.90,0.0159,true,1,8331283
7290108357202,false,סנוקליר לניקוי בניחוח בלו בלוסום 1 ליטר,"סנו מפעלי ברונוס בע""\מ",IL,סנוקליר בניחוח בלו ב,ליטרים,1.00,ליטר,false,,9.90,9.9000,true,1,8304058
7290108357226,false,"אוקסיגן POWER אבקה לכביסה לבנה והסרת כתמים 1.4 ק""ג סנו",החברה הדרומית,IL,אוקסיג'ן אבקה להסרת,גרמים,1400.00,100 גרם,false,,29.90,0.0214,true,1,8375489
7290108357233,false,סנוקליר מטליות לחות לניקוי והברקה 50יח,"סנו מפעלי ברונוס בע""\מ",IL,סנוקליר מטליות לחות,יח',1.00,יח',false,,11.90,11.9000,true,1,8387345
7290108357240,false,"אוקסיג'ן פאוור תוסף להסרת כתמים קשים 1.4 ק""ג",החברה הדרומית,IL,אוקסיג'ן אבקה להסרת,גרמים,1400.00,100 גרם,false,,28.90,0.0206,true,1,8375490
7290108357257,false,סנו - פרש מכשיר אוטומטי לבישום אוויר בתוספת מילוי אולטרא פרש,"יצרן מכשיר: זובלה, יצרן",IL,סנו פרש מכשיר+מילוי,יח',1.00,יח',false,,44.90,44.9000,true,1,8422135
7290108357264,false,"פרש אוטומטי מילוי בניחוח מרכך הכביסה אולטרה 375 מ""ל סנו",סנו מפעלי ברונוס בעמ,IL,פרש אוטומטי מילוי או,מטרים,375.00,100 מ'ל,false,,12.90,0.0344,true,1,8422136
7290108357271,false,סנובון ג'ל לניקוי אסלות עם חמצן פעיל לניקוי עוצמתי,סנו מפעלי ברונוס בעמ,IL,סנובון אוקסי עם חמצן,מטרים,750.00,100 מ'ל,false,,8.90,0.0119,true,1,8404266
7290108357295,false,"מרסס אוקסיג'ן מסיר כתמים סנו לכביסה לבנה 750 מ""ל","סנו מפעלי ברונוס בע""\מ",IL,סנו אוקסיג'ן ספריי פ,מיליליטרים,750.00,"100 מ""ל",false,,17.70,0.0236,true,1,8422137
7290108357394,false,"תחליב רחצה קרמה חלב ודבש 700 מ""ל",קוסמופארם בע'\'\מ,IL,תחליב רחצה קרמה חלב,מיליליטרים,700.00,"100 מ""ל",false,,16.90,0.0241,true,1,8304059
7290108357400,false,"תחליב רחצה קרמה לבנדר ואקליפטוס 700 מ""ל",קוסמופארם בעמ,IL,תחליב רחצה קרמה 700,מיליליטרים,700.00,"100 מ""ל",false,,16.90,0.0241,true,1,8267154
7290108357653,false,סנובון ג'ל לאסלה שלישיה בניחוח אוקיינוס,החברה הדרומית,IL,סנובון באבלס סנו 3 י,יח',3.00,יח',false,,14.90,4.9667,true,1,8458844
7290108357660,false,סנובון Bubbles שלישיית כדוריות ג'ל אסלה ניחוח לבנדר,סנו סנובון,CZ,סנובון באבלס סנו 3 י,יח',3.00,יח',false,,14.90,4.9667,true,1,8458845
7290108357707,false,"כיף שמפו לשיער רגיל- תפוח זרעי צ'יה 700 מ""ל",גוד פוד פרודקטס S.p,IL,כיף שמפו לשיער רגיל,מיליליטרים,700.00,"100 מ""ל",false,,9.90,0.0141,true,1,7203068
7290108357714,false,"כיף שמפו לשיער יבש -רימונים ושמן ארגן 700 מ""ל",גוד פוד פרודקטס S.p,IL,כיף שמפו לשיער יבש 7,מיליליטרים,700.00,"100 מ""ל",false,,9.90,0.0141,true,1,7203069
7290108357769,false,"מרכך לשיער רגיל תפוח וזרעי צ'יה 700 מ""ל כיף",גוד פוד פרודקטס S.p,IL,כיף מרכך לשיער רגיל,מיליליטרים,700.00,"100 מ""ל",false,,9.90,0.0141,true,1,7203073
7290108357776,false,"כיף מרכך לשיער יבש -רימונים ושמן ארגן 700 מ""ל",גוד פוד פרודקטס S.p,IL,כיף מרכך לשיער יבש 7,מיליליטרים,700.00,"100 מ""ל",false,,9.90,0.0141,true,1,7203074
7290108357837,false,כיף אל סבון 1 ליטר ג'נסינג שקית מילוי + פקק,"קוסמופארם בע""\מ",IL,כיף אל סבון שקית מיל,מטרים,1000.00,100 מ'ל,false,,8.90,0.0089,true,1,8387346
7290108357844,false,כיף אל סבון 1 ליטר אצות ים שקית מילוי + פקק,"קוסמופארם בע""\מ",IL,כיף אל סבון שקית מיל,מטרים,1000.00,100 מ'ל,false,,8.90,0.0089,true,1,8387347
7290108357875,false,"כיף - שמפו לחות מוגברת עם אפרסק וחמאת מורומורו 700 מ""ל",קוסמופארם בעמ,IL,כיף שמפו אפרסק וחמאת,מטרים,700.00,100 מ'ל,false,,9.90,0.0141,true,1,8387374
7290108357882,false,"כיף - מרכך לחות מוגברת עם אפרסק וחמאת מורומורו 700 מ""ל",קוסמופארם בעמ,IL,כיף מרכך אפרסק וחמאת,מטרים,700.00,100 מ'ל,false,,9.90,0.0141,true,1,8387375
7290108358070,false,"תחליב רחצה קרמה קלאסי 700 מ""ל",גוד פוד פרודקטס S.p,IL,תחליב רחצה קרמה קלאס,מיליליטרים,700.00,"100 מ""ל",false,,16.90,0.0241,true,1,8272485
7290108358087,false,"תחליב רחצה קרמה מאסק 700 מ""ל",גוד פוד פרודקטס S.p,IL,תחליב רחצה קרמה מאסק,מיליליטרים,700.00,"100 מ""ל",false,,16.90,0.0241,true,1,8272486
7290108358100,false,"פרש הום מקלות ריחניים לבית בניחוח בייבי 100 מ""ל",סנו fresh,IL,סנו פרש הום מקלות רי,מטרים,100.00,100 מ'ל,false,,19.90,0.1990,true,1,8375491
7290108358124,false,דפי בישום לחים למייבש הכביסה בניחוח מרכך כביסה 20 יח' מקסימה,טרופיגל דגיל תעשיות קוסמ,IL,מקסימה דפי בישום לחי,יח',1.00,יח',false,,12.90,12.9000,true,1,8454378
7290108359015,false,סושי שקיות זיפר עם סליידר 20 יח מדיום,החברה הדרומית,CN,סושי שקיות זיפר עם ס,יח',1.00,יח',false,,14.90,14.9000,true,1,8362275
7290108359077,false,סנו - סופט לושן ממחטות אף בקופסא 3 שכבות 120 יח',"סנו מפעלו ברונוס בע""\מ",EG,סופט ממחטות אף 3 שכב,יח',1.00,יח',false,,12.90,12.9000,true,1,8370790
7290108359084,false,סנו סושי כיסוי ניילון עם גומי 30 יחידות M,תאיזו ווילד,IL,סושי כיסוי ניילון עם,יחידה,0.00,יחידה,false,,8.90,0.0000,true,1,8460833
7290108359114,false,סנו סושי – 10 חמגשית אלומיניום עם מכסה,סנו סושי,IL,סושי חמגשית אלומיניו,יח',10.00,יח',false,,9.90,0.9900,true,1,8389308
7290108359145,false,סנו סושי דפי ספוג הפלא12,קריות זול,CN,סושי דפי ספוג הפלא,יחידה,0.00,יחידה,false,,9.90,0.0000,true,1,8460493
7290108359152,false,"תבנית אלומיניום עגולה 25 ס""מ -6 יחי סנו סושי","אופל אריזות בע""\מ",IL,סושי תבניות עגולות ק,יח',6.00,יח',false,,9.90,1.6500,true,1,8440653
7290108359169,false,"תבנית אלומיניום עגולה 628 ס""מ יחי סנו סושי","אופל אריזות בע""\מ",IL,סושי תבניות עגולות ק,יח',6.00,יח',false,,9.90,1.6500,true,1,8440654
7290108359176,false,סנו סופט ממחטות אף תלת שכבתיות עשירות בלחות,החברה הדרומית,IL,סופט ממחטות אף 3 שכב,100 יח',200.00,100 יח',false,,12.80,0.0640,true,1,8476748
7290108359190,false,סנו סושי מגבות הפלא 4=12 גליל ארוך פי 3,החברה הדרומית,IL,סנו סושי מגבות נייר,גרמים,12.00,100 גרם,false,,24.90,2.0750,true,1,8477741
7290108359213,false,נייר טואלט סופט דו שכבתי 18 גלילים כפולים,סנו סופט Soft,IL,נייר טואלט סופט 18 ג,יחידה,0.00,יחידה,false,,39.90,0.0000,true,1,8480758
7290108359848,false,שמפו אל דמע בייבי כיף 1 ליטר,בייבי כיף Baby,IL,שמפו אלדמע בייבי כיף,ליטרים,1.00,ליטר,false,,17.90,17.9000,true,1,6949399
7290108359879,false,"אלסבון בייבי כיף+משאבה 750 מ""ל",קוסמופארם בעמ,IL,אלסבון בייבי כיף 750,מיליליטרים,750.00,"100 מ""ל",false,,13.90,0.0185,true,1,6949402
7290108359886,false,תחליב רחצה בייבי כיף 1 ליטר,בייבי כיף Baby,IL,תחליב רחצה בייבי כיף,ליטרים,1.00,ליטר,false,,17.90,17.9000,true,1,6949403
7290108359985,false,סנו - ז'אוול מרסס קצף לניקוי וחינו בניחוח פריחה לבנה 1 ליטר,סנו ז'אוול Javel,IL,קצף לניקוי כללי פריח,100 מל,750.00,100 מל,false,,16.90,0.0225,true,1,8386326
7290108465761,false,גרביי נשים (3) מדוגם מגבת,,,גרביי נשים (3) מדוגם,יח',1.00,יח',false,,20.00,20.0000,true,1,6146650
7290108465792,false,גרביי (3) LEE COOPER,,,גרביי (3) LEE COOPER,יח',1.00,יח',false,,20.00,20.0000,true,1,3492947
7290108465914,false,גרבי בנים (3) ארוך מגבת מלה,,,גרבי בנים (3) ארוך מ,יח',1.00,יח',false,,20.00,20.0000,true,1,3955704
7290108501087,false,גרעיני תירס 285 גר רמילוי,,,גרעיני תירס 285 גר ר,גרמים,285.00,100 גרם,false,,4.90,0.0172,true,1,4259357
7290108501353,false,פילה אנשובי אמיתי ארוך בשמן וילי פוד 45,קונסרבאס סילביה,IT,פילה אנשובי ארוך 23,גרמים,45.00,100 גרם,false,,5.90,0.1311,true,1,5509815
7290108501391,false,גבינה חצי קשה חלב עיזים פרוס 150 גר,ג.וילי פוד אינטרנשיונל ב,IL,גבינה חצי קשה חלב עי,גרמים,150.00,100 גרם,false,,14.90,0.0993,true,1,5721460
7290108501490,false,גבינת מוצרלה פרוסות 150גרם RO CHEESE,ג.וילי פוד אינטרנשיונל ב,IL,גבינת מוצרלה פרוסות,גרמים,150.00,100 גרם,false,,12.90,0.0860,true,1,5721469
7290108501827,false,קדאיף שערות בצק ויליפוד 450 גרם,הנסיך- מפעל לייצור ט,GR,קדאיף שערות בצק 450,גרמים,450.00,100 גרם,false,,19.90,0.0442,true,1,6151867
7290108502305,false,גבינת גרנה פדנו משולש ויליפוד 150 גרם,וילי פוד,IT,גבינת גרנה פדנו משול,גרמים,150.00,100 גרם,false,,16.90,0.1127,true,1,7085363
7290108502329,false,רביעיית טונה בשמן זית ויליפוד 4*160 גרם,גולדן פרייז קאנינג אל טי,TH,רביעיית נתחי טונה בש,גרמים,160.00,100 גרם,false,,26.90,0.1681,true,1,6805277
7290108502381,false,בסיסים להכנת פיצה קוטר 26 וילי פוד 480ג',מוטלוקל גידה סאנאי ט,TR,תחתיות לפיצה 480 גר,גרמים,480.00,100 גרם,false,,12.90,0.0269,true,1,6976673
7290108502725,false,גבינת גאודה פרוסות ויליפוד 400 גרם,ג.וילי פוד אינטרנשיונל ב,IL,גבינת גאודה 400 גר,גרמים,400.00,100 גרם,false,,19.90,0.0497,true,1,6780591
7290108502862,false,מלפפונים כבושים במלח 18-25 קטנים ויליפוד 600 גרם,זיתור סאן גידה סני וטיקר,TR,מלפפונים קטנים 18-25,גרמים,600.00,100 גרם,false,,8.90,0.0148,true,1,8325086
7290108503043,false,תפוחונים חטיף פלחים מיובשים מארז 22X4ג',הביי דונגפנג פוד קו. בעמ,CN,מארז תפוחונים מיובשי,יח',1.00,יח',false,,14.20,14.2000,true,1,6976675
7290108503067,false,פרמז'נו משולש ויליפוד 150 גרם,וילי פוד,IT,פרמז'נו משולש 150 גר,גרמים,150.00,100 גרם,false,,13.90,0.0927,true,1,7085367
7290108503647,false,"DAAWAT אורז בסמטי מהדרין ויליפוד 1 ק""ג",אל.טי.פודס בעמ,IN,אורז בסמטי 1קג מהדרי,קילוגרמים,1.00,"ק""ג",false,,11.90,11.9000,true,1,7273939
7290108503791,false,ניוקי תפוח אדמה 3 צבעים 500 גרם (ללא גלוטן),סיימה אלימנטרי,IT,ניוקי תפוא 3 צבעים ל,גרמים,500.00,100 גרם,false,,11.90,0.0238,true,1,8296422
7290108504002,false,פרוסות גבינה בטעם צ'דר לכריכים וטוסטים ויליפוד 150 גרם,Euro יורו מחלבות אירופה,ES,פרוסות גבינה לייט 9%,גרמים,150.00,100 גרם,false,,10.90,0.0727,true,1,7606004
7290108505092,false,"יוגורט בטעם טבעי 1 ק""ג 10% שומן - דלתא",דלתא פודס,GR,יוגורט טבעי 1קג 10%,גרמים,1000.00,100 גרם,false,,19.90,0.0199,true,1,8239419
7290108505160,false,יוגורט עם אגסים 4% שומן ויליפוד 150 גרם,Euro יורו מחלבות אירופה,GR,יוגורט עם אגסים 150,גרמים,150.00,100 גרם,false,,4.90,0.0327,true,1,8239420
7290108505191,false,יוגורט עם פצפוצי שוקולד 5% שומן ויליפוד 150 גרם,Euro יורו מחלבות אירופה,GR,יוגורט עם פצפוצי שוק,גרמים,150.00,100 גרם,false,,4.90,0.0327,true,1,8239422
7290108505214,false,יוגורט עם אפרסק 0% שומן ויליפוד 150 גרם,Euro יורו מחלבות אירופה,GR,יוגורט עם אפרסק 150,גרמים,150.00,100 גרם,false,,4.90,0.0327,true,1,8247977
7290108505740,false,קשקבל גבינה חצי קשה EURO CHEESE ויליפוד 200 גרם,Euro יורו מחלבות אירופה,TR,גבינת קשקבל חצי קשה,גרמים,200.00,100 גרם,false,,12.90,0.0645,true,1,8239394
7290108505962,false,שזיפים מיובשים וילי פוד 400 גרם,,US,שזיפים מיובשים 400 ג,גרמים,400.00,100 גרם,false,,19.70,0.0492,true,1,8236248
7290108506426,false,בייגלה קראנצ'י טורקי אותנטי - מוקפא,וילי פוד,TR,סימיט בייגלה קפוא,גרמים,400.00,100 גרם,false,,13.90,0.0348,true,1,8233264
7290108506488,false,סופלה שוקולד קפוא ויליפוד 200 גרם,ארמה גרופ,TR,סופלה שוקולד קפוא,גרמים,200.00,100 גרם,false,,14.90,0.0745,true,1,8233286
7290108506495,false,"כנאפה מאפה בצק ""שערות"" קדאיף וגבינה",ארמה גרופ,TR,כנאפה קפוא,גרמים,192.00,100 גרם,false,,12.90,0.0672,true,1,8233287
7290108506709,false,גבינת פרמג'יאנו רג'יאנו 150 גר' רבנות,וילי פוד,IT,גבינת פרמג'נו רג'יאנ,גרמים,150.00,100 גרם,false,,17.90,0.1193,true,1,8236252
7290108506969,false,מאפה בורקס מים תורכי גבינה ויליפוד 300 גרם,וילי פוד,TR,מאפה בורקס תורכי גבי,גרמים,300.00,100 גרם,false,,12.90,0.0430,true,1,8243198
7290108507010,false,מאפה בורקס מים תורכי - תרד וגבינה 300 גרם,וילי פוד,TR,מאפה בורקס תורכי תרד,גרמים,300.00,100 גרם,false,,12.90,0.0430,true,1,8243199
7290108507188,false,"כנאפה קפוא 657 גרם אריזה משפחתית חתם סופר פ""ת",ארמה גרופ,TR,כנאפה אריזה משפחתית,גרמים,657.00,100 גרם,false,,27.70,0.0422,true,1,8269527
7290108507317,false,יאסו יוגורט יווני ושבבי שוקולד רמילוי,,,יאסו יוגורט יווני וש,גרמים,150.00,100 גרם,false,,4.80,0.0320,true,1,8311316
7290108507331,false,יאסו יוגורט יווני טעם קוקוס רמילוי,,,יאסו יוגורט יווני טע,גרמים,150.00,100 גרם,false,,4.80,0.0320,true,1,8311318
7290108507348,false,יאסו יוגורט יווני טעם אוכמניות רמילוי,,,יאסו יוגורט יווני טע,גרמים,150.00,100 גרם,false,,4.80,0.0320,true,1,8311319
7290108507386,false,יאסו יוגורט יווני טעם טבעי רמילוי,,,יאסו יוגורט יווני טע,גרמים,150.00,100 גרם,false,,4.80,0.0320,true,1,8311323
7290108507607,false,גבינת פרמז'ן קשה 27% רמילוי 200גר,,,גבינת פרמז'ן קשה 27%,גרמים,200.00,100 גרם,false,,22.90,0.1145,true,1,8273550
7290108507614,false,גבינת פרמז'ן קשה 27% רמילוי 90גר,,,גבינת פרמז'ן קשה 27%,יח',1.00,יח',false,,18.90,18.9000,true,1,8273551
7290108507911,false,קינואה עם טונה וירקות - מוכן לאכילה,גולדן פרייז קאנינג אל טי,TR,קינואה עם טונה וירקו,גרמים,160.00,100 גרם,false,,11.90,0.0744,true,1,8325087
7290108508031,false,ויליפוד אננס שלם 830 גרם,נטריישן,TH,אננס שלם 830 גר וילי,גרמים,830.00,100 גרם,false,,10.90,0.0131,true,1,8384217
7290108508499,false,"איירן משקה יוגורט בסגנון טורקי יורו 293 מ""ל",Euro יורו מחלבות אירופה,TR,איירן משקה יוגורט סג,מיליליטרים,293.00,"100 מ""ל",false,,4.90,0.0167,true,1,8314856
7290108508765,false,קונכיות פתיתים ויליפוד 400גרם,וילי פוד,TR,קונכיות פתיתים 400 ג,גרמים,400.00,100 גרם,false,,4.90,0.0123,true,1,8326535
7290108508772,false,קונכיות פתיתים עם תרד 400 גרם,וילי פוד,TR,קונכיות פתיתים עם תר,גרמים,400.00,100 גרם,false,,4.90,0.0123,true,1,8326536
7290108508864,false,בישקוטים 200ג רמילוי,,,בישקוטים 200ג רמילוי,גרמים,200.00,100 גרם,false,,6.90,0.0345,true,1,8399179
7290108508963,false,קשקבל מגורדת חצי קשה ויליפוד 200 גרם,סאסו פטוראגס קומטויס אף,TR,גבינת קשקבל מגורדת ח,גרמים,200.00,100 גרם,false,,13.90,0.0695,true,1,8314887
7290108508970,false,וילי פוד תה ג'רבה 50,אוסוואלדי קרוז בואנס,PY,תה ג'רבה 500 גר',גרמים,500.00,100 גרם,false,,19.70,0.0394,true,1,8316112
7290108509045,false,גבינת מוצרלה מגורדת 300ג רמילוי,,,גבינת מוצרלה מגורדת,גרמים,300.00,100 גרם,false,,14.90,0.0497,true,1,8334060
7290108509052,false,מאפה פילו במילוי גבינת פטה ויליפוד 400 גרם,וילי פוד,GR,מאפה פילו ממולא גבינ,יח',1.00,יח',false,,19.90,19.9000,true,1,8325100
7290108509113,false,"גבינה בולגרית מעודנת 18% שומן 250 גרם חת""ס פ""ת",Euro יורו מחלבות אירופה,TR,גבינה בולגרית 18% מע,גרמים,250.00,100 גרם,false,,11.90,0.0476,true,1,8330885
7290108509144,false,שלישיית עגבניות מרוסקות ויליפוד 3*400,וילי פוד,IT,שלישיית עגבניות מרוס,גרמים,400.00,100 גרם,false,,13.80,0.0345,true,1,8339540
7290108509151,false,שלישיית עגבניות שלמות מקולפות במיץ עגבניות 400 גרם,P.S.U.S,IT,שלישיית עגבניות שלמו,גרמים,400.00,100 גרם,false,,14.90,0.0373,true,1,8339541
7290108509168,false,שלישיית עגבניות קוביות במיץ עגבניות ויליפוד 3*400,וילי פוד,IT,שלישיית עגבניות קובי,גרמים,400.00,100 גרם,false,,13.80,0.0345,true,1,8339542
7290108509182,false,גבינה פטה 17% EUROויליפוד 250 גרם,אוקוצמפ,TR,גבינה פטה 17% 250 גר,גרמים,250.00,100 גרם,false,,12.90,0.0516,true,1,8330888
7290108509212,false,ויליפוד חטיף אורז אפוי בטעם ירקות לתינוקות 50 גר',נמצ'או,TH,חטיף אורז אפוי ירקות,יח',1.00,יח',false,,11.90,11.9000,true,1,8356987
7290108509229,false,חטיף אורז בטעם בננה לתינוקות ויליפוד 50 גרם,נמצ'או,TH,חטיף אורז אפוי בננה,יח',1.00,יח',false,,11.90,11.9000,true,1,8356988
7290108509250,false,"אנטיפסטי ארטישוק+עגבניות מיובשות וצלפים בשמן חמניות 380 מ""ל",אלימנטוס אי קונסרבס דל א,IT,אנטיפסטי ארטישוק,גרמים,380.00,100 גרם,false,,22.90,0.0603,true,1,8325043
7290108509267,false,ארוחת פסטה עם רוטב גבינה ויליפוד 206 גרם,הנסיך- מפעל לייצור ט,UA,ארוחת פסטה רוטב גבינ,גרמים,206.00,100 גרם,false,,7.90,0.0383,true,1,8330845
7290108509403,false,חלבה טורקית קלאסית 350 גרם ויליפוד,וילי פוד,TR,חלבה טורקית קלאסית 3,גרמים,350.00,100 גרם,false,,10.90,0.0311,true,1,8325091
7290108509410,false,חלבה טורקית עם קקאו 350 גרם ויליפוד,וילי פוד,TR,חלבה טורקית עם קקאו,גרמים,350.00,100 גרם,false,,10.90,0.0311,true,1,8325092
7290108509571,false,גבינה פטה 24% עם צ'ילי ופפריקה 153 גרם ויליפוד,,GR,גבינה מלוחה עם צ'ילי,גרמים,153.00,100 גרם,false,,15.90,0.1039,true,1,8468263
7290108509618,false,זיתים ירוקים על הגריל מגולענים 730 גר,,TR,זיתים ירוקים על הגרי,גרמים,730.00,100 גרם,false,,23.90,0.0327,true,1,8335557
7290108509625,false,זיתים ירוקים ופלפל על הגריל מגולענים במרינדה 730 גרם ויליפוד,,TR,זיתים ירוקים ופלפל ע,גרמים,730.00,100 גרם,false,,23.90,0.0327,true,1,8335558
7290108509700,false,"אורז פרסי DAAWAT מהדרין 1 ק""ג",אל.טי.פודס לימיטד,IN,אורז פרסי 1 לי דאווט,קילוגרמים,1.00,"ק""ג",false,,9.90,9.9000,true,1,8356989
7290108509731,false,איירן משקה יוגורט בסגנון טורקי 1 ליטר,אקר סוט גידה,TR,איירן 1לי משקה יוגור,ליטרים,1.00,ליטר,false,,13.90,13.9000,true,1,8368464
7290108509755,false,EURO גבינת חלומי 23% שומן 250 גרם,סאסו פטוראגס קומטויס אף,CY,גבינת חלומי 250 גר,גרמים,250.00,100 גרם,false,,23.90,0.0956,true,1,8464020
7290108509908,false,"מנת השף בשקית-אטריות בטעם ירקות 85 ג' חתם סופר ב""ב",וילי פוד - מנת השף,TH,מנת השף אטריות בטעם,גרמים,85.00,100 גרם,false,,3.50,0.0412,true,1,8475399
7290108509915,false,"מנת השף בשקית-אטריות בטעם סיני פיקנטי 85 ג' חתם סופר ב""ב",וילי פוד - מנת השף,TH,מנת השף אטריות בטעם,גרמים,85.00,100 גרם,false,,3.50,0.0412,true,1,8475400
7290108509939,false,פרוסות פילה טונה בשמן זית כתית מעולה,וילי פוד,TH,פרוסות פילה טונה 120,גרמים,120.00,100 גרם,false,,12.90,0.1075,true,1,8339548
7290108509960,false,נתחי טונה בהירה בשמן זית כתית מעולה - מארז 3 יח',וילי פוד,TH,שלישיית נתחי טונה בה,גרמים,240.00,100 גרם,false,,14.90,0.0621,true,1,8339549
7290108620023,false,יין קפיטל קברנה סובניון יבש אדום 750 מל,יקבי ציון,IL,יין קפיטל קברנה סובנ,מיליליטרים,750.00,"100 מ""ל",false,,49.90,0.0665,true,1,8263552
7290108620030,false,יין קפיטל מרלו יבש אדום 750 מל,יקבי ציון,IL,יין קפיטל מרלו יבש א,מיליליטרים,750.00,"100 מ""ל",false,,49.90,0.0665,true,1,8263553
7290108620054,false,יין אסטייט קברנה סובניון יבש אדום 750 מל,יקבי ציון,IL,יין אסטייט קברנה סוב,מיליליטרים,750.00,"100 מ""ל",false,,39.90,0.0532,true,1,8263554
7290108620061,false,יין אסטייט שיראז יבש אדום 750 מל,יקבי ציון,IL,יין אסטייט שיראז יבש,מיליליטרים,750.00,"100 מ""ל",false,,39.90,0.0532,true,1,8263555
7290108620078,false,יין אסטייט מרלו יבש אדום 750 מל,יקבי ציון,IL,יין אסטייט מרלו יבש,מיליליטרים,750.00,"100 מ""ל",false,,39.90,0.0532,true,1,8263556
7290108620108,false,יין אימפריאל קברנה סובניון אדום 750 מל,יקבי ציון,IL,יין אימפריאל קברנה ס,מיליליטרים,750.00,"100 מ""ל",false,,29.90,0.0399,true,1,8263528
7290108620115,false,יין אימפריאל מרלו אדום יבש 750 מל,יקבי ציון,IL,יין אימפריאל מרלו אד,מיליליטרים,750.00,"100 מ""ל",false,,29.90,0.0399,true,1,8263529
7290108620245,false,מיץ ענבים מובחר לבן 100% טבעי 1 ליטר,יקבי ציון,IL,תירוש לבן מובחר 100%,יח,1.00,יח,false,,16.90,16.9000,true,1,8402310
7290108620368,false,"יין גן עדן מוסקט אלכסנדרוני יקבי ציון 750 מ""ל",יקבי ציון,IL,גן עדן יין מתוק לבן,מטרים,750.00,100 מ'ל,false,,19.90,0.0265,true,1,8379976
7290108620382,false,מארז כוס יין,,,מארז כוס יין,יח',1.00,יח',false,,20.00,20.0000,true,1,8365174
7290109264622,false,אוזניות דיבורית סיליקון,,,אוזנייה,יחידה,0.00,יחידה,false,,9.90,0.0000,true,1,8488687
7290109351025,false,מלך החומוס חומוסטחינה 40% טחינה גולמית,סלטי צבר,IL,צבר חומוס טחינה 400,גרמים,400.00,100 גרם,false,,13.90,0.0348,true,1,2848597
7290109351957,false,פריכיות אורז מלא פיטנס עם שכבת שוקולד חלב,סנורייס בלגיום אן. ו,BE,פיטנס פריכיות גדולות,גרמים,100.00,100 גרם,false,,8.50,0.0850,true,1,3827812
7290109352916,false,פריכיות דגנים פיטנס מצופות שוקולד לבן,פרח תעשיות,IL,פיטנס בר פריכיות שוק,גרמים,84.00,100 גרם,false,,11.90,0.1417,true,1,3359150
7290109354101,false,"לחמית ללא גלוטן 200 גר' ""אסם""","אסם תעשיות בע""מ",IL,לחמית ללא גלוטן 200,גרמים,200.00,100 גרם,false,,6.90,0.0345,true,1,4731236
7290109358260,false,"נקניקיות עם חלבון 600 גר' ""טבעול""",עיצובים 2020 (4.8),IL,טבעול נקניקיות עם חל,גרמים,600.00,100 גרם,false,,24.90,0.0415,true,1,4862053
7290109358482,false,עוגיות קרמוגית במילוי קרם בטעם חלבה,"הגביע מוצרי וופלים בע""\מ",IL,אסם קרמוגית במילוי ק,גרמים,200.00,100 גרם,false,,9.90,0.0495,true,1,7203784
7290109358765,false,דגני בוקר קראנץ' רולס נוגט 450 גרם,"אסם השקעות בע""\מ",IL,קראנץ' רולס 450 גר,גרמים,450.00,100 גרם,false,,19.90,0.0442,true,1,4474982
7290109580043,false,"שניצל תירס קלאסי זוגלובק 1.75 ק""ג",זוגלובק,IL,שניצל תירס 1.75קג בד,קילוגרמים,1.75,"ק""ג",false,,49.90,28.5143,true,1,8266102
7290109580050,false,נקניקיות צ'וריסוס וונדרס 0% בשר טבעוני ללא גלוטן,"וונדרס ע""י זוגלובק 2000",IL,נקניקיות צ'וריסוס 22,גרמים,226.00,100 גרם,false,,26.90,0.1190,true,1,8309609
7290109580067,false,"טחון וונדרס 0% בשר , טבעוני","וונדרס ע""י זוגלובק 2000",IL,טחון 340גר וונדרס,גרמים,340.00,100 גרם,false,,26.90,0.0791,true,1,8309610
7290109580104,false,רוסטביף פרימיום זוגלובק 150 גרם,זוגלובק,IL,רוסטביף,יח',1.00,יח',false,,22.80,22.8000,true,1,8305837
7290109580111,false,צלעות אסאדו מעושנות פרימיום זוגלובק 120 גרם,זוגלובק,IL,צלעות אסאדו מעושנות,גרמים,120.00,100 גרם,false,,22.80,0.1900,true,1,8374581
7290109580159,false,פסטרמה בנוסח טוסקנה פרימיום זוגלובק 180 גרם,זוגלובק,IL,פסטרמה נוסח טוסקנה,יח',1.00,יח',false,,22.80,22.8000,true,1,8305839
7290109580166,false,סרוולד קלאסי פרימיום זוגלובק 150 גרם,זוגלובק,IL,סרוולד קלאסי,יח',1.00,יח',false,,22.80,22.8000,true,1,8305840
7290109580234,false,"נקניקיות מרגז חריפות וונדרס 0% בשר, טבעוני",זוגלובק וונדרס Wonders,IL,נקניקיות מרגז 226גר,גרמים,280.00,100 גרם,false,,26.90,0.0961,true,1,8361611
7290109580241,false,נאגטס מן הצומח זוגלובק 500 גרם,זוגלובק טבע,IL,נאגטס מן הצומח 500 ג,גרמים,500.00,100 גרם,false,,22.50,0.0450,true,1,8404046
7290109580265,false,זוג חזה הודו בדבש+בקביקיו 600ג רמילוי,,,זוג חזה הודו בדבש+בק,גרמים,600.00,100 גרם,false,,21.90,0.0365,true,1,8420872
7290109580319,false,"בורגר וונדרס 0% בשר , טבעוני",זוגלובק וונדרס Wonders,IL,בורגר 280גר וונדרס,גרמים,280.00,100 גרם,false,,26.90,0.0961,true,1,8361612
7290109580326,false,נקניקיות עוף זוגלובק 800 גרם בית יוסף,זוגלובק,IL,נקניקיות עוף 800 גרם,גרמים,800.00,100 גרם,false,,22.90,0.0286,true,1,8437470
7290109580333,false,סלמי קוניאק רמילוי,,,סלמי קוניאק רמילוי,יחידה,0.00,יחידה,false,,21.90,0.0000,true,1,8420849
7290109580432,false,פסטרמה חזה הודו מעושן דק דק זוגלובק 120 גרם,זוגלובק,IL,פסטרמה מעושנת דק דק,גרמים,120.00,100 גרם,false,,12.90,0.1075,true,1,8413056
7290109640198,false,מגורדת לפיצה ולאפיה 20% שומן 200 גרם - משומשו,וי גרדן,IL,משומשו מגורדת לפיצה,גרמים,200.00,100 גרם,false,,18.90,0.0945,true,1,4535393
7290109640204,false,גוש בסגנון חלומי 18% משומשו 250 גרם,וי גרדן,IL,משומשו גושים בסגנון,גרמים,250.00,100 גרם,false,,18.90,0.0756,true,1,4535411
7290109640372,false,ממרח זיתים על בסיס קוקוס 9% שומן 200 גרם - משומשו,גן שמואל-תעשיות בריאות,IL,משומשו ממרח זיתים 20,גרמים,200.00,100 גרם,false,,14.90,0.0745,true,1,8311865
7290109920153,false,"מלבין לכביסה לבנה לובן צח, 790 גרם יעקבי",יעקובי,US,מלבין כביסה 790 ג יע,גרמים,790.00,100 גרם,false,,27.50,0.0348,true,1,3986428
7290109920597,false,"אסטוניש - מרסס לניקוי המקלחון 750 מ""ל",יעקבי- אסטוניש Astonish,GB,אסטוניש מרסס למקלחון,מיליליטרים,750.00,"100 מ""ל",false,,11.90,0.0159,true,1,5580613
7290109920825,false,צמד-דורגול אספרסו + דורגול מקציף חלב מתנה,יעקובי דורגול,CH,דורגול אספרסו 500 מל,מיליליטרים,500.00,"100 מ""ל",false,,28.90,0.0578,true,1,6981727
7290109920849,false,"אסטוניש - מרסס לניקוי כללי בניחוח תפוז 750 מ""ל",יעקבי- אסטוניש Astonish,GB,אסטוניש מרסס לניקוי,מיליליטרים,750.00,"100 מ""ל",false,,11.90,0.0159,true,1,5580616
7290109920887,false,גל כביסה הפי מיוחד לכביסה ביד צמר ומשי,יעקובי הפי,BE,הפי ג'ל מיוחד לכביסה,מטרים,1000.00,100 מ'ל,false,,14.90,0.0149,true,1,8270701
7290109920917,false,"ג'ל לניקוי אסלה עם כלור הפי 750 מ""ל",וונדפוט,,ג'ל לניקוי האסלה עם,מיליליטרים,750.00,"100 מ""ל",false,,7.80,0.0104,true,1,6553350
7290109921075,false,"נוזל דזיטול מחטא בגדים בכביסה 500 מ""ל",מרקה,ES,דזיטול מחטא בגדים 50,מיליליטרים,500.00,"100 מ""ל",false,,11.90,0.0238,true,1,8467910
7290109921334,false,אידיאל פרוטקט יעקבי 15 דפי כביסה,יעקובי,ES,דפי כביסה 15 יח,קילו,1.00,קילו,false,,14.90,14.9000,true,1,7290616
7290109921488,false,"דורגול לניקוי וחיטוי מכונת הכביסה יעקבי 500 מ""ל",יעקובי דורגול,CH,דורגול לניקוי מכונת,מיליליטרים,500.00,"100 מ""ל",false,,28.90,0.0578,true,1,7988712
7290109921587,false,רצפות גרניט פורצלן ייבוש מהיר ללא סימנים,וונדפוט,BE,נוזל לשיטפת רצפה גרנ,ליטרים,1.25,ליטר,false,,12.90,10.3200,true,1,7988714
7290109921723,false,"דורגול ג'ל לאסלה 750 מ""ל",יעקובי דורגול,,דורגול ג'ל אסלה 750,מיליליטרים,750.00,"100 מ""ל",false,,19.90,0.0265,true,1,8270706
7290109921853,false,אסטוניש המשחה המקורית לניקוי עם עוצמה,יעקבי- אסטוניש Astonish,GB,אסטוניש משחה לניקוי,גרמים,150.00,100 גרם,false,,15.90,0.1060,true,1,8281897
7290109922096,false,"דזיטול נוזל מחטא בגדים בכביסה, 1 ליטר",רלוי,ES,דזיטול נוזל מחטא בגד,מטרים,1000.00,100 מ'ל,false,,22.90,0.0229,true,1,8483730
7290109923024,false,"אסטוניש מרסס פרימיום ארומטיק למטבח 750 מ""ל",יעקובי אסטוניש,GB,אסטוניש מרסס ארומטיק,מטרים,750.00,100 מ'ל,false,,14.90,0.0199,true,1,8381381
7290109923093,false,"אסטוניש - קרם כיריים הלוגן ומיקרו 500 מ""ל",יעקובי אסטוניש,GB,אסטוניש קרם כיריים ה,גרמים,500.00,100 גרם,false,,14.90,0.0298,true,1,8417319
7290109923109,false,סבון אסלה 5 צדפות +אקונומיקה 2יחידות,יעקובי,IL,סבון אסלה 5 צדפות+אק,מטרים,160.00,100 מ'ל,false,,12.90,0.0806,true,1,8417320
7290109923161,false,"אסטוניש אבקת הפלא לכביסה לבנה/צבעונית 1.65 ק""ג",,GB,אסטוניש אבקת הפלא מס,קג,1.65,קג,false,,34.90,21.1515,true,1,8483305
7290109923178,false,טבליות הפלא לניקוי האסלה אקליפטוס 200 גרם,,GB,אסטוניש טבליות הפלא,גרמים,200.00,100 גרם,false,,17.90,0.0895,true,1,8483259
7290109923185,false,טבליות הפלא לניקוי האסלה ורדים 200 גרם,,GB,אסטוניש טבליות הפלא,גרמים,200.00,100 גרם,false,,17.90,0.0895,true,1,8483260
7290110052225,false,זיקוק מס 9 (1X25X10),שמחה זה אנחנו,,זיקוק מס 9,יח',1.00,יח',false,,4.00,4.0000,true,1,7736092
7290110052232,false,זיקוק מס 0 (1X25X10),,,זיקוק מס 0,יח',1.00,יח',false,,4.00,4.0000,true,1,7736093
7290110058869,false,שלישית ביצי שוקולד (חלב ישראל) סמי הכבאי (3X24),שמחה זה אנחנו,IT,שלישית ביצי שוקולד (,גרמים,20.00,100 גרם,false,,12.90,0.6450,true,1,5282782
7290110110277,false,"סומרסבי סיידר תפוחים אלכוהולי 4*300 מ""ל","קרלסברג קרואטיה , יב",HR,סומרסבי סיידר 4 בק 3,מיליליטרים,330.00,"100 מ""ל",false,,30.90,0.0936,true,1,6354996
7290110110369,false,"שישייה בירה קרלסברג LUMA בקבוק 330 מ""ל",מבשלות בירה בינלאומיות ב,IL,קרלסברג לומה שישייה,יח',1.00,יח',false,,39.90,39.9000,true,1,8249425
7290110110635,false,ספרייט 0.5 ליים חייב פקדון,החברה המרכזית לייצור,IL,ספרייט 500מל,מיליליטרים,500.00,"100 מ""ל",false,,5.90,0.0118,true,1,6054731
7290110110703,false,מארז ספרייט שישייה פחיות FRIDGE PACK,החברה המרכזית לייצור משק,IL,מארז ספרייט 6 פחיות,ליטרים,1.98,ליטר,false,,21.90,11.0606,true,1,6054703
7290110111809,false,"מארז פחיות פאנטה אורנג' שישייה 330 מ""ל",החברה המרכזית לייצור משק,IL,פאנטה אורנג' מארז פח,יח',1.00,יח',false,,21.90,21.9000,true,1,7497786
7290110114787,false,נביעות+ מים מינרליים בטעם תפוח 1.5 ליטר,נביעות טבע הגליל בעמ,IL,נביעות+ מים מינרליים,ליטרים,1.50,ליטר,false,,8.00,5.3333,true,1,8355119
7290110114794,false,נביעות+ מים מינרליים בטעם אפרסק 1.5 ליטר,"נביעות טבע הגליל בע""\מ ,",IL,נביעות+ מים מינרליים,ליטרים,1.50,ליטר,false,,8.00,5.3333,true,1,8355120
7290110114800,false,נביעות+ מים מינרליים בטעם ענבים 1.5 ליטר,"נביעות טבע הגליל בע""\מ",IL,נביעות+ מים מינרליים,ליטרים,1.50,ליטר,false,,8.00,5.3333,true,1,8355121
7290110114824,false,נביעות+רכיבי פרי אבטיח 1.5 ליטר פיקדון,"נביעות טבע הגליל בע""\מ",IL,נביעות+ רכיבי פרי אב,ליטרים,1.50,ליטר,false,,8.60,5.7333,true,1,8355123
7290110114855,false,"נביעות מים מינרליים, שישיה 6 * 1.5 ליטר פקדון",נביעות טבע הגליל בעמ,IL,מים מינרליים נביעות,ליטרים,1.50,ליטר,false,,12.30,8.2000,true,1,8355177
7290110114886,false,פריגת סחוט טרי קלמנטינה 2 ליטר,פריגת מצוננים,IL,סחוט קלמנטינה 2לי,ליטרים,2.00,ליטר,false,,23.60,11.8000,true,1,8357806
7290110114893,false,פריגת סחוט טרי תפוז 2 ליטר,פריגת מצוננים,IL,סחוט תפוז 2לי,ליטרים,2.00,ליטר,false,,23.60,11.8000,true,1,8357807
7290110114909,false,100% מיץ תפוחים צלול עשוי מרכז,היינץ צפון אמריקה מק,IL,סחוט תפוח צלול 2לי,ליטרים,2.00,ליטר,false,,23.60,11.8000,true,1,8357808
7290110114916,false,מיץ סחוט לימונענע פריגת 2 ליטר,פריגת מצוננים,IL,סחוט לימונענע 2לי,ליטרים,2.00,ליטר,false,,28.30,14.1500,true,1,8357809
7290110114954,false,מיץ תפוזים מתקתקים פריגת 2 ליטר,פריגת מצוננים,IL,תפוזים מתקתק 100% 2ל,ליטרים,2.00,ליטר,false,,21.90,10.9500,true,1,8357811
7290110114961,false,משקה קל תפוזים פריגת 1.5 ליטר,מבשלות בירה בינלאומיות ב,IL,משקה קל תפוזים פריגת,ליטרים,1.50,ליטר,false,,8.50,5.6667,true,1,8355197
7290110114985,false,משקה קל אשכוליות פריגת 1.5 ליטר,מבשלות בירה בינלאומיות ב,IL,משקה קל אשכולית פריג,ליטרים,1.50,ליטר,false,,8.80,5.8667,true,1,8355199
7290110114992,false,משקה קל לייט אשכוליות פריגת 1.5 ליטר,מבשלות בירה בינלאומיות ב,IL,משקה קל לייט אשכולית,ליטרים,1.50,ליטר,false,,8.30,5.5333,true,1,8355200
7290110115005,false,משקה קל ענבים פריגת 1.5 ליטר,מבשלות בירה בינלאומיות ב,IL,משקה קל ענבים פריגת,ליטרים,1.50,ליטר,false,,8.80,5.8667,true,1,8355201
7290110115012,false,מיץ ענבים בניחוח מרלו 1.5 ל' פריגת,פריגת,IL,משקה קל מרלו ענבים פ,ליטרים,1.50,ליטר,false,,8.80,5.8667,true,1,8355202
7290110115029,false,"פריגת משק""ל תפוח 1.5 ליטר פיקדון",מבשלות בירה בינלאומיות ב,IL,"משקה משק""ל תפוח פריג",ליטרים,1.50,ליטר,false,,8.80,5.8667,true,1,8355203
7290110115036,false,משקה קל מנגו פריגת 1.5 ליטר,מבשלות בירה בינלאומיות ב,IL,משקה פריגת מנגו 1.5,ליטרים,1.50,ליטר,false,,8.80,5.8667,true,1,8355204
7290110115043,false,משקה קל לימונענע פריגת 1.5 ליטר,מבשלות בירה בינלאומיות ב,IL,משקה לימונענע פריגת,ליטרים,1.50,ליטר,false,,8.80,5.8667,true,1,8361143
7290110115050,false,פריגת מיקס תות בננה 1.5 ליטר פיקדון,מבשלות בירה בינלאומיות ב,IL,משקה פריגת מיקס תות,ליטרים,1.50,ליטר,false,,8.80,5.8667,true,1,8355205
7290110115067,false,פריגת אפרסק 1.5 ליטר פיקדון,מבשלות בירה בינלאומיות ב,IL,משקה פריגת אפרסק 1.5,ליטרים,1.50,ליטר,false,,8.80,5.8667,true,1,8355206
7290110115074,false,פריגת תפוח דובדבן 1.5 ליטר פיקדון,מבשלות בירה בינלאומיות ב,IL,משקה פריגת תפוח דובד,ליטרים,1.50,ליטר,false,,8.50,5.6667,true,1,8355207
7290110115098,false,פריגת צלול תפוחים 1.5 ליטר פיקדון,"מבשלות בירה לישראל בע""\מ",IL,פריגת צלול תפוחים 1.,ליטרים,1.50,ליטר,false,,8.20,5.4667,true,1,8355229
7290110115104,false,פריגת צלול אפרסק 1.5 ליטר פיקדון,מבשלות בירה בינלאומיות ב,IL,פריגת צלול אפרסק 1.5,ליטרים,1.50,ליטר,false,,8.20,5.4667,true,1,8355230
7290110115111,false,פריגת צלול אננס 1.5 ליטר פיקדון,"מבשלות בירה לישראל בע""\מ",IL,פריגת צלול אננס 1.5,ליטרים,1.50,ליטר,false,,8.20,5.4667,true,1,8355231
7290110115128,false,פריגת צלול בטעם לימונענע 1.5 ליטר פיקדון,"מבשלות בירה לישראל בע""\מ",IL,פריגת צלול לימונענע,ליטרים,1.50,ליטר,false,,8.20,5.4667,true,1,8355232
7290110115203,false,קוקה קולה 1.5 ליטר פיקדון,החברה המרכזית לייצור משק,IL,קוקה-קולה בקבוק 1.5,ליטרים,1.50,ליטר,false,,8.60,5.7333,true,1,8355238
7290110115210,false,דיאט קוקה קולה 1.5 ליטר פיקדון,החברה המרכזית לייצור משק,IL,קוקה-קולה דיאט בקבוק,ליטרים,1.50,ליטר,false,,8.20,5.4667,true,1,8355239
7290110115227,false,קוקה-קולה זירו בקבוק 1.5 ליטר,החברה המרכזית לייצור משק,IL,קוקה-קולה זירו בקבוק,ליטרים,1.50,ליטר,false,,8.20,5.4667,true,1,8355240
7290110115234,false,קוקה-קולה זירו נטול בקבוק 1.5 ליטר,החברה המרכזית לייצור משק,IL,קוקה-קולה זירו נטול,ליטרים,1.50,ליטר,false,,8.30,5.5333,true,1,8355241
7290110115241,false,קוקה-קולה זירו לימון בקבוק 1.5 ליטר,החברה המרכזית לייצור משק,IL,קוקה-קולה זירו לימון,ליטרים,1.50,ליטר,false,,8.30,5.5333,true,1,8355242
7290110115265,false,ספרייט לימון ליים 1.5 ליטר-,החברה המרכזית לייצור משק,IL,ספרייט ליים 1.5 ליטר,ליטרים,1.50,ליטר,false,,8.90,5.9333,true,1,8355262
7290110115272,false,ZERO ספרייט זירו 1.5 ליטר פיקדון,החברה המרכזית לייצור משק,IL,ספרייט זירו 1.5ליטר,ליטרים,1.50,ליטר,false,,8.30,5.5333,true,1,8355263
7290110115289,false,ספרייט 19 קל' לימון-נענע 1.5 ליטר פיקדון,החברה המרכזית לייצור משק,IL,ספרייט לימון נענע 1.,ליטרים,1.50,ליטר,false,,8.30,5.5333,true,1,8355286
7290110115296,false,משקה מוגז אורנג' פאנטה 1.5 ליטר,החברה המרכזית לייצור משק,IL,משקה מוגז אורנג' פאנ,ליטרים,1.50,ליטר,false,,8.20,5.4667,true,1,8355287
7290110115302,false,משקה מוגז אורנג' זירו פאנטה 1.5 ליטר,החברה המרכזית לייצור משק,IL,משקה מוגז אורנג' זיר,ליטרים,1.50,ליטר,false,,8.20,5.4667,true,1,8355288
7290110115319,false,פאנטה אקזוטיק 1.5 ליטר פיקדון,החברה המרכזית לייצור משק,IL,פאנטה אקזוטיק 1.5 לי,ליטרים,1.50,ליטר,false,,8.20,5.4667,true,1,8355289
7290110115333,false,פאנטה תות 1.5 ליטר פיקדון,החברה המרכזית לייצור משק,IL,פאנטה תות 1.5 ליטר,ליטרים,1.50,ליטר,false,,8.20,5.4667,true,1,8355291
7290110115340,false,פאנטה ענבים 1.5 ליטר פיקדון,החברה המרכזית לייצור משק,IL,פאנטה ענבים 1.5 ליטר,ליטרים,1.50,ליטר,false,,8.20,5.4667,true,1,8355292
7290110115357,false,קינלי סודה 1.5 ליטר פיקדון,החברה המרכזית לייצור משק,IL,סודה קינלי 1.5 ליטר,ליטרים,1.50,ליטר,false,,3.30,2.2000,true,1,8355312
7290110115364,false,שישייה קוקה קולה 1.5 ליטר פיקדון,החברה המרכזית לייצור משק,IL,קוקה קולה 6*1.5 ליטר,ליטרים,9.00,ליטר,false,,49.30,5.4778,true,1,8355244
7290110115371,false,דיאט קוקה קולה שישיות 1.5 ליטר פיקדון,החברה המרכזית לייצור משק,IL,קוקה קולה דייט 6*1.5,ליטרים,9.00,ליטר,false,,46.10,5.1222,true,1,8358158
7290110115388,false,ספרייט ליים שישיות 1.5 ליטר פיקדון,החברה המרכזית לייצור משק,IL,ספרייט ליים שישייה 1,ליטרים,9.00,ליטר,false,,44.90,4.9889,true,1,8355264
7290110115395,false,ZERO ספרייט שישיות 1.5 ליטר פיקדון,החברה המרכזית לייצור משק,IL,ספרייט זירו שישייה 1,ליטרים,9.00,ליטר,false,,42.90,4.7667,true,1,8355265
7290110115401,false,קינלי סודה שישייה 1.5 ליטר פיקדון,החברה המרכזית לייצור משק,IL,קינלי סודה שישייה 1.,ליטרים,9.00,ליטר,false,,14.70,1.6333,true,1,8355313
7290110115418,false,מארז שישייה קוקה קולה זירו 1.5 ל',החברה המרכזית לייצור משק,IL,קוקה קולה זירו 6*1.5,ליטרים,9.00,ליטר,false,,46.10,5.1222,true,1,8355266
7290110115425,false,FUZE TEA גרין לימונענע -נענע 1.5 ליטר פיקדון,מבשלות בירה בינלאומיות ב,IL,פיוז-טי בטעם לימון נ,ליטרים,1.50,ליטר,false,,8.90,5.9333,true,1,8355314
7290110115449,false,אייס תה בטעם מנגו אננס 1.5ל' FUZE TEA,מבשלות בירה בינלאומיות ב,IL,פיוז-טי בטעם מנגו אנ,ליטרים,1.50,ליטר,false,,8.90,5.9333,true,1,8355316
7290110115456,false,"תה קר בטעם אפרסק 19 קלוריות ב- 100 מ""ל",מבשלות בירה בינלאומיות ב,IL,פיוז-טי בטעם אפרסק 1,ליטרים,1.50,ליטר,false,,8.90,5.9333,true,1,8355317
7290110115463,false,פיוז טי אפרסק 1.5 ליטר פיקדון,מבשלות בירה בינלאומיות ב,IL,פיוז-טי בטעם אפרסק 1,ליטרים,1.50,ליטר,false,,8.60,5.7333,true,1,8355318
7290110115494,false,תה קר בטעם ענבים פיוז טי 1.5 ליטר,מבשלות בירה בינלאומית בע,IL,תה קר בטעם ענבים פיו,ליטרים,1.50,ליטר,false,,8.90,5.9333,true,1,8355320
7290110115531,false,משקה מוגז תפוח זירו פאנטה 1.5 ליטר,החברה המרכזית לייצור משק,IL,משקה מוגז תפוח זירו,ליטרים,1.50,ליטר,false,,8.20,5.4667,true,1,8355293
7290110115593,false,פריגת אשכוליות 40% פחות סוכר 1.5 ליטר פיקדון,מבשלות בירה בינלאומיות ב,IL,פריגת אשכוליות 40% פ,ליטרים,1.50,ליטר,false,,8.30,5.5333,true,1,8355209
7290110115609,false,פריגת ענבים 40% פחות סוכר 1.5 ליטר פיקדון,מבשלות בירה בינלאומיות ב,IL,פריגת ענבים 40% פחות,ליטרים,1.50,ליטר,false,,8.30,5.5333,true,1,8355210
7290110115616,false,FUZE tea zero גרין אננס 1.5 ליטר פיקדון,מבשלות בירה בינלאומיות ב,IL,פיוז-טי זירו גרין אנ,ליטרים,1.50,ליטר,false,,8.50,5.6667,true,1,8362746
7290110115623,false,משקה פיוז טי זירו ZERO בטעם אפרסק,מבשלות בירה בינלאומיות ב,IL,פיוז-טי זירו אפרסק 1,ליטרים,1.50,ליטר,false,,8.90,5.9333,true,1,8362747
7290110115838,false,ספרייט לימון- ליים 1.5 ליטר,"אינסטנטה בע""מ",IL,ספרייט זירו 1.5ליטר,ליטרים,1.50,ליטר,false,,8.30,5.5333,true,1,8438680
7290110115845,false,קוקה קולה 1.5 ליטר פיקדון,"אינסטנטה בע""מ",IL,קוקה-קולה בקבוק 1.5,ליטרים,1.50,ליטר,false,,8.60,5.7333,true,1,8403260
7290110115869,false,קוקה קולה זירו 1.5 ליטר פיקדון,תות תעשיות מזון (201,IL,קוקה קולה זירו 1.5 ל,מטרים,1500.00,100 מ'ל,false,,8.20,0.0055,true,1,8366005
7290110116064,false,פאנטה ZERO פירות ירוק 1.5 ליטר פיקדון,החברה המרכזית לייצור משק,IL,זירו פאנטה 1.5 ליטר,ליטרים,1.50,ליטר,false,,8.20,5.4667,true,1,8419499
7290110116125,false,"סירופ בטעם פטל פריגת 750 מ""ל",סירופ - גבעת חיים,IL,סירופ פטל 750 מל,מטרים,750.00,100 מ'ל,false,,22.90,0.0305,true,1,8439132
7290110116132,false,"סירופ בטעם לימון פריגת 750 מ""ל",סירופ - גבעת חיים,IL,סירופ לימון 750 מל,מטרים,750.00,100 מ'ל,false,,22.90,0.0305,true,1,8439133
7290110116149,false,"סירופ בטעם ענבים פריגת 750 מ""ל",סירופ - גבעת חיים,IL,סירופ ענבים 750 מל,מטרים,750.00,100 מ'ל,false,,22.90,0.0305,true,1,8439134
7290110116156,false,נביעות+רכיבי פרי מנגו-פסיפלורה 1.5 ליטר-,"נביעות טבע הגליל בע""\מ",IL,נביעות+ רכיבי פרי מנ,ליטרים,1.50,ליטר,false,,8.60,5.7333,true,1,8439858
7290110116170,false,נביעות+רכיבי פרי אננס-קוקוס 1.5 ליטר-,"נביעות טבע הגליל בע""\מ",IL,נביעות+ רכיבי פרי אנ,ליטרים,1.50,ליטר,false,,8.60,5.7333,true,1,8439859
7290110116194,false,נביעות+ סדרת 0 קלוריות לימון-ליים 1.5 ליטר,"נביעות טבע הגליל בע""\מ",IL,נביעות+ סדרת 0 קלורי,ליטרים,1.50,ליטר,false,,8.60,5.7333,true,1,8439860
7290110116484,false,פריגת סחוט מיקס תות בננה 1ליטר,פריגת מצוננים,IL,פריגת מיקס תות בננה,ליטרים,1.00,ליטר,false,,13.90,13.9000,true,1,8431782
7290110116491,false,פריגת סחוט מיקס אפרסק משמש 1ליטר,פריגת מצוננים,IL,פריגת מיקס אפרסק משמ,ליטרים,1.00,ליטר,false,,13.90,13.9000,true,1,8431783
7290110116507,false,פריגת סחוט מיקס אננס בננה אגס 1ליטר,פריגת מצוננים,IL,פריגת מיקס אננס בננה,ליטרים,1.00,ליטר,false,,13.90,13.9000,true,1,8431784
7290110116552,false,ספרייט לימון היט 1.5 ליטר LIME פיקדון,החברה המרכזית לייצור משק,IL,ספרייט למון היט 1.5,ליטרים,1.50,ליטר,false,,8.90,5.9333,true,1,8462741
7290110116569,false,"ספרייט זירו ZERO בק LEMON HIT, 1.5 ליטר",החברה המרכזית לייצור משק,IL,זירו ספרייט למון היט,ליטרים,1.50,ליטר,false,,8.30,5.5333,true,1,8462742
7290110320591,false,גבינה בולגרית במרקם מעודן 16% פיראוס,תנובה חלב,IL,בולגרית מעודנת 16% 2,גרמים,250.00,100 גרם,false,,19.90,0.0796,true,1,4544851
7290110320683,false,שמיניית משקה יוגורט 1.5% טעם תות יופלה 107 גרם,מיוצר עי קונדיטוריית,IL,משקה יופלה שמינייה,מיליליטרים,856.00,"100 מ""ל",false,,15.90,0.0186,true,1,5378436
7290110320867,false,פתיתים גבינה חצי קשה מגורדת 28% שומן,תנובה מרכז שיתופי לש,IL,פתיתי עמק 28% שומן,גרמים,500.00,100 גרם,false,,28.90,0.0578,true,1,4820869
7290110320935,false,גבינת מוצרלה תנובה 150ג' פרוסות,תנובה מרכז שיתופי לש,IL,פרוסות מוצרלה 150 גר,גרמים,150.00,100 גרם,false,,15.90,0.1060,true,1,5218080
7290110321031,false,מעדן חלב GO יוגורט מועשר בחלבון טבעי 200 ג' יופלה,"תנובה, מחלבת אלון תב",IL,יופלה GO יוגורט מועש,גרמים,200.00,100 גרם,false,,4.90,0.0245,true,1,5218082
7290110321277,false,קוטג' בקטנה 5% תנובה 100 גרם מהדרין,פארייפאבה אגרואינדוס,IL,קוטג' בקטנה 100 גרם,גרמים,100.00,100 גרם,false,,2.30,0.0230,true,1,5590546
7290110321284,false,קוטג' בקטנה 9% תנובה 100 גרם מהדרין,פארייפאבה אגרואינדוס,IL,קוטג' בקטנה 100 גרם,גרמים,100.00,100 גרם,false,,2.30,0.0230,true,1,5590547
7290110321604,false,קוביות פיראוס בולגרית מעודנת 5% 200 גרם - רבנות,תנובה חלב,IL,קוביות בולגרית מעודנ,גרמים,230.00,100 גרם,false,,19.90,0.0865,true,1,6403507
7290110321680,false,יוגורט GO בטעם תות 20 גרם חלבון בגביע,מיוצר עי קונדיטוריית,IL,יופלה GO יוגורט מועש,מיליליטרים,200.00,"100 מ""ל",false,,5.50,0.0275,true,1,5751054
7290110321697,false,יוגורט GO בטעם אפרסק 20 גרם חלבון בגביע,מיוצר עי קונדיטוריית,IL,יופלה GO יוגורט מועש,מיליליטרים,200.00,"100 מ""ל",false,,5.50,0.0275,true,1,5751055
7290110321703,false,יוגורט עם פירות יער בתוספת חלבוני חלב 2% שומן,מיוצר עי קונדיטוריית,IL,יופלה גו פירות יער,מיליליטרים,200.00,"100 מ""ל",false,,5.50,0.0275,true,1,6368926
7290110322014,false,טופו בטעם טבעי תנובה ALTERNATIVE,שוורצקוף& הנקל דיסלד,IL,טופו טבעי,גרמים,300.00,100 גרם,false,,11.80,0.0393,true,1,6368927
7290110322021,false,"תנובה טופו בזיליקום 300 גר' בד""צ",שוורצקוף& הנקל דיסלד,IL,טופו בזיליקום,גרמים,300.00,100 גרם,false,,11.80,0.0393,true,1,6368928
7290110322038,false,"תנובה טופו פיקנטי 300 גר' בד""צ",שוורצקוף& הנקל דיסלד,IL,טופו פיקנטי,גרמים,300.00,100 גרם,false,,11.80,0.0393,true,1,6368929
7290110322946,false,יופלה טיוב יוגורט במרקם חלק בטעם תות בננה כשרות רבנות 348 ג',תנובה חלב,IL,יופלה טיוב יוגורט במ,גרמים,348.00,100 גרם,false,,9.90,0.0284,true,1,6923911
7290110323097,false,מעדן גבינה עם תות 5% שומן 80 ג' תנובה,תנובה בעמ,IL,תאומים גביע - 80 גר',יח',1.00,יח',false,,1.70,1.7000,true,1,7091878
7290110323301,false,טל העמק בסגנון אמנטל 32% שומן 200 גרם,עמק - תנובה,IL,גבינת טל העמק 32% 20,גרמים,200.00,100 גרם,false,,17.90,0.0895,true,1,7168340
7290110323585,false,יופלה יוגורט עם דובדבן מופחת קלוריות 200 ג' GO,יופלה Yoplait,IL,יוגורט גו דובדבן 200,מיליליטרים,200.00,"100 מ""ל",false,,5.50,0.0275,true,1,7081715
7290110323592,false,יופלה יוגורט עם אפרסק מופחת קלוריות 200 ג' GO,יופלה Yoplait,IL,יוגורט גו 200 מל,מיליליטרים,200.00,"100 מ""ל",false,,5.50,0.0275,true,1,7081716
7290110323714,false,משקה קוקוס שקדים תנובה E אלטרנטיב,מיוצר עי קונדיטוריית,IL,משקה קוקוס שקדים,יח',1.00,יח',false,,11.60,11.6000,true,1,7168343
7290110323998,false,מאגדת שמינייה מיני קרלו קצפת 8*77 ג',תנובה מרכז שיתופי לש,IL,מאגדת שמינייה מיני ק,מיליליטרים,800.00,"100 מ""ל",false,,13.90,0.0174,true,1,8330224
7290110324070,false,גבינת חלומי מחלב בקר תנובה 200 גרם,"תנובה בע""\מ",IL,גבינת חלומי מחלב בקר,גרמים,200.00,100 גרם,false,,16.90,0.0845,true,1,7300754
7290110324551,false,יופלה טיוב יוגורט במרקם חלק תות כשרות מהדרין,"תנובה בע""\מ",IL,יופלה טיוב יוגורט תו,גרמים,348.00,100 גרם,false,,9.90,0.0284,true,1,7404866
7290110324872,false,גבינה צהובה גלבוע 5% שומן 200 גרם,גלבוע - תנובה,IL,גלבוע 5% 200 גרם.,גרמים,200.00,100 גרם,false,,17.90,0.0895,true,1,8161497
7290110324926,false,משקה סויה ללא תוספת סוכר E אלטרנטיב,תנובה מרכז שיתופי לש,IL,"משקה סויה לל""ס",ליטרים,1.00,ליטר,false,,9.90,9.9000,true,1,7982812
7290110325084,false,מאגדת שמינייה מיני קרלו שוניל 8*100גרם,"תנובה בע""\מ",IL,מאגדת שמינייה מיני ק,מיליליטרים,800.00,"100 מ""ל",false,,13.90,0.0174,true,1,7820740
7290110325114,false,"משקה יוגורט יופלה גו לייט תות בננה 250 מ""ל - רבנות",מיוצר עי קונדיטוריית,IL,משקה יוגורט גו לייט,מיליליטרים,250.00,"100 מ""ל",false,,5.90,0.0236,true,1,7820741
7290110325169,false,פרוסות גאודה תנובה 170 גרם,תנובה חלב,IL,פרוסות גאודה 170 גר,גרמים,170.00,100 גרם,false,,16.90,0.0994,true,1,8233200
7290110325305,false,יופלה GO סויה 20 גרם חלבון במתיקות מעודנת תנובה 200 גרם,מיוצר עי קונדיטוריית,IL,מעדן סויה גו 20% חלב,מיליליטרים,200.00,"100 מ""ל",false,,5.50,0.0275,true,1,8078459
7290110325312,false,יופלה GO סויה 20 גרם חלבון בטעם תות תנובה 200 גרם,"תנובה בע""\מ",IL,מעדן סויה גו 20% חלב,מיליליטרים,200.00,"100 מ""ל",false,,5.50,0.0275,true,1,8078460
7290110325510,false,יופלה טיוב יוגורט במרקם חלק בטעם וניל-יוניקור,"תנובה בע""\מ",IL,יופלה יוגורט טעם וני,גרמים,348.00,100 גרם,false,,9.90,0.0284,true,1,8133015
7290110325619,false,משקה שיבולת שועל תנובה E אלטרנטיב,מיוצר עי קונדיטוריית,IL,משקה שיבולת שועל 1 ל,מטרים,1000.00,100 מ'ל,false,,11.60,0.0116,true,1,8215574
7290110325701,false,פיראוס צזיקי יווני 9% שומן בשיטת יצור מסורתית על בסיס יוגורט,גוד פוד פרודקטס S.p,IL,פיראוס צזיקי יווני 9,גרמים,250.00,100 גרם,false,,11.90,0.0476,true,1,8222176
7290110325893,false,משקה חלב GO מועשר בחלבון בטעם אייס קפה,מיוצר עי קונדיטוריית,IL,תנובה GO אייס קפה 34,מיליליטרים,340.00,"100 מ""ל",false,,6.90,0.0203,true,1,8222178
7290110326180,false,יולו בטעם נוגט בתוס' עוגיות ונטיפים בטעם שוקולד 120גר',תנובה חלב,IL,יולו שוקולד עוגיות ו,גרמים,150.00,100 גרם,false,,4.60,0.0307,true,1,8229060
7290110326210,false,יופלה און טופ פצפוצים תנובה 157 גרם,מיוצר עי קונדיטוריית,IL,יופלה און טופ פצפוצי,גרמים,157.00,100 גרם,false,,4.70,0.0299,true,1,8233202
7290110326234,false,יופלה און טופ כוכבים תנובה 157 גרם,מיוצר עי קונדיטוריית,IL,יופלה און טופ כוכבים,גרמים,157.00,100 גרם,false,,4.70,0.0299,true,1,8233204
7290110326241,false,יופלה און טופ גרנולה תנובה 157 גרם,מיוצר עי קונדיטוריית,IL,יופלה און טופ גרנולה,גרמים,157.00,100 גרם,false,,4.70,0.0299,true,1,8233205
7290110326333,false,פרוסות גבינה סקנדינבית תנובה 170 גרם,פ.פ.ח. שאביט,IL,פרוסות גבינה סקנדינב,גרמים,200.00,100 גרם,false,,17.50,0.0875,true,1,8274298
7290110326876,false,פיראוס לאבנה עיזים 5% גביע 250 גרם,"תנובה בע""\מ",IL,לאבנה עיזים 250 גר,גרמים,250.00,100 גרם,false,,16.90,0.0676,true,1,8479644
7290110326906,false,חלב נטול לקטוז 3% שומן תנובה 1 ליטר,מיוצר עי קונדיטוריית,IL,חלב נטול לקטוז 3% 1,יח',1.00,יח',false,,7.20,7.2000,true,1,8274299
7290110327279,false,גבינת שמנת בסגנון טוסקנה נפוליאון 24% שומן 225 ג',תנובה מרכז שיתופי לש,IL,נפוליאון טוסקנה 24%,גרמים,225.00,100 גרם,false,,12.30,0.0547,true,1,8268422
7290110327514,false,alternative משקה שיבולת שועל בטעם אגוזי לוז תנובה 1 ליטר,תנובה מרכז שיתופי לש,IL,משקה שיבולת שועל טעם,מטרים,1000.00,100 מ'ל,false,,11.60,0.0116,true,1,8338651
7290110327545,false,יופלה און טופ בטעם תות בתוספת פצפוצים מצופים שוקולד 157 גרם,מיוצר עי קונדיטוריית,IL,יופלה און טופ תות ופ,גרמים,157.00,100 גרם,false,,4.70,0.0299,true,1,8288962
7290110327637,false,יוגורט דיאט יופלה קיווי 0% שומן 150 ג' יופלה,תנובה מרכז שיתופי לש,IL,יופלה דיאט קיווי %0,מטרים,150.00,100 מ'ל,false,,4.70,0.0313,true,1,8288963
7290110327804,false,חטיף חלבון GO - עוגיות 60 ג' חלב נוכרי - רבנות,"בלמונט קונפקציות בע""\מ.",US,חטיף חלבון גו עוגיות,יח',1.00,יח',false,,11.90,11.9000,true,1,8329181
7290110327811,false,חטיף חלבון GO - קוקוס 60 ג' חלב נוכרי - רבנות,"בלמונט קונפקציות בע""\מ.",US,חטיף חלבון גו קוקוס,יח',1.00,יח',false,,11.90,11.9000,true,1,8329182
7290110327828,false,חטיף חלבון GO - חמאת בוטנים 60 ג' חלב נוכרי - רבנות,"בלמונט קונפקציות בע""\מ.",US,חטיף חלבון גו חמאת ב,יח',1.00,יח',false,,11.90,11.9000,true,1,8329183
7290110328221,false,יוגורט נטול לקטוז תנובה 200 גרם,מיוצר עי קונדיטוריית,IL,יוגורט תנובה נטול לק,מיליליטרים,200.00,"100 מ""ל",false,,3.70,0.0185,true,1,8306398
7290110328436,false,פלח גאודה בטעם מעודן עיזים 29% קולקשין,"תנובה בע""\מ",IL,פלח גאודה עיזים מעוד,גרמים,150.00,100 גרם,false,,19.90,0.1327,true,1,8316165
7290110328504,false,טריו - מיקס גבינות מוצרלה סקנדינבית וגאודה 300 גרם,מיוצר עי קונדיטוריית,IL,מיקס מוצרלה סדנדינבי,גרמים,300.00,100 גרם,false,,25.90,0.0863,true,1,8316170
7290110328580,false,יוגורט תנובה טבעי 5% גביע 200 גרם,מיוצר עי קונדיטוריית,IL,יוגורט תנובה טבעי 5%,גרמים,200.00,100 גרם,false,,3.00,0.0150,true,1,8366398
7290110328627,false,יוגורט יופלה GO במרקם סמיך בטעם בננה קרמל 0%,מיוצר עי קונדיטוריית,IL,יופלה GO יוגורט סמיך,מיליליטרים,200.00,"100 מ""ל",false,,4.70,0.0235,true,1,8330245
7290110328641,false,טופו טבעי 500 גרם 2 ALTERNATIVE יחידות *250 גרם,תנובה חלב,IL,טופו טבעי 2* 500גר,גרמים,500.00,100 גרם,false,,16.90,0.0338,true,1,8334119
7290110328764,false,יוגורט יופלה GO במרקם סמיך עם תות 0%,מיוצר עי קונדיטוריית,IL,יופלה יוגורט גו קרמי,מיליליטרים,200.00,"100 מ""ל",false,,4.70,0.0235,true,1,8330246
7290110328771,false,יוגורט יופלה GO במרקם סמיך עם פירות יער 0%,מיוצר עי קונדיטוריית,IL,יופלה יוגורט גו קרמי,מיליליטרים,200.00,"100 מ""ל",false,,4.70,0.0235,true,1,8330247
7290110328788,false,יוגורט יופלה GO במרקם סמיך בטעם אפרסק 0%,תנובה מרכז שיתופי לש,IL,יופלה יוגורט גו קרמי,מיליליטרים,200.00,"100 מ""ל",false,,4.70,0.0235,true,1,8330226
7290110329136,false,מעדן חלב מעושר בחלבון בטעם שוקולד 120 ג' GO,תנובה מרכז שיתופי לש,IL,מעדן גו טעם שוקולד 1,גרמים,120.00,100 גרם,false,,4.50,0.0375,true,1,8354732
7290110329143,false,מעדן חלב מעושר בחלבון בטעם וניל גביע 120 ג' GO,תנובה מרכז שיתופי לש,IL,מעדן גו טעם וניל 12ג,גרמים,120.00,100 גרם,false,,4.50,0.0375,true,1,8354733
7290110329686,false,"משקה חלב גו בטעם עוגיות 340 מ""ל",מיוצר עי קונדיטוריית,IL,תנובה GO טעם עוגיות,מיליליטרים,340.00,"100 מ""ל",false,,6.90,0.0203,true,1,8354735
7290110329709,false,יוגורט תנובה טבעי 0% גביע 200 גרם,מיוצר עי קונדיטוריית,IL,יוגורט תנובה טבעי 0%,גרמים,200.00,100 גרם,false,,3.00,0.0150,true,1,8366399
7290110329716,false,משקה חלב קר בטעם קפוצ'ינו 230 גרם תנובה,תנובה מרכז שיתופי לש,IL,משקה קפה קר בטעם קפו,מטרים,230.00,100 מ'ל,false,,6.90,0.0300,true,1,8411568
7290110329723,false,משקה חלב קר בטעם לאטה 230 גרם תנובה,תנובה מרכז שיתופי לש,IL,משקה קפה קר בטעם לאט,מטרים,230.00,100 מ'ל,false,,6.90,0.0300,true,1,8411569
7290110329730,false,"משקה חלב עם שוקולד וקפה בסגנון לאטה 2.7%  230 מ""ל תנובה",תנובה מרכז שיתופי לש,IL,משקה קפה קר שוקולד ו,מטרים,230.00,100 מ'ל,false,,6.90,0.0300,true,1,8411570
7290110329792,false,יוגורט סויה BIO Alternative אפרסק 150 ג' תנובה,מיוצר עי קונדיטוריית,IL,סויה ביו אפרסק גביע,גרמים,150.00,100 גרם,false,,4.20,0.0280,true,1,8367552
7290110329808,false,יוגורט סויה BIO Alternative תות 150 ג' תנובה,מיוצר עי קונדיטוריית,IL,סויה ביו תות גביע 15,גרמים,150.00,100 גרם,false,,4.20,0.0280,true,1,8367553
7290110329815,false,סויה BIO מתיקות מעודנת גביע 150 גרם אלטרנטיב,מיוצר עי קונדיטוריית,IL,סויה ביו מתיקות מעוד,גרמים,150.00,100 גרם,false,,4.20,0.0280,true,1,8367554
7290110329822,false,יוגורט סויה BIO Alternative פירות יער 150 ג' תנובה,מיוצר עי קונדיטוריית,IL,סויה ביו פירות יער ג,גרמים,150.00,100 גרם,false,,4.20,0.0280,true,1,8367532
7290110329846,false,יוגורט סויה BIO Alternative בטעם טבעי 150 ג' תנובה,מיוצר עי קונדיטוריית,IL,סויה ביו טבעי גביע 1,גרמים,150.00,100 גרם,false,,4.20,0.0280,true,1,8367555
7290110329914,false,מאגדת משקה שיבולת שועל ושקדים 100 גרם*6 יח' ביו אלטרנטיב,תנובה מרכז שיתופי לש,IL,מאגדת משקה שיבולת שו,גרמים,618.00,100 גרם,false,,18.90,0.0306,true,1,8421443
7290110472016,false,כבל מטאלי 2 מטר שחורTYPE C,Unknown,,כבל 2מטר TYPE C,יח',1.00,יח',false,,29.90,29.9000,true,1,8197504
7290110472467,false,מתאם למצת TYPE C + כבל טעינה 1.5 מטר,Unknown,,מתאם למצת TYPE C + כ,יח',1.00,יח',false,,29.90,29.9000,true,1,4922405
7290110472474,false,מתאם קיר TYPE C + כבל טעינה 1.5 מטר,Unknown,,מתאם קיר TYPE C + כב,יח',1.00,יח',false,,39.90,39.9000,true,1,4922406
7290110476601,false,כבל מטאלי טייפ סי,Unknown,,כבל מטאל טייפ סי,יח',1.00,יח',false,,29.90,29.9000,true,1,8318984
7290110476632,false,כבל IN CHARGE מיקרו USB,Unknown,,כבל IN CHARGE מיקרו,יח',1.00,יח',false,,29.90,29.9000,true,1,8312541
7290110476649,false,כבל IN CHARGE טייפ סי,Unknown,,כבל IN CHARGE טייפ ס,יח',1.00,יח',false,,29.90,29.9000,true,1,8312542
7290110476656,false,כבל טעינה טייפ סי לטייפ סי,Unknown,,כבל טעינה טייפ סי לט,יח',1.00,יח',false,,29.90,29.9000,true,1,8347425
7290110551254,false,נשנושי תירס 600 גרם טעם הטבע שטראוס,"מיוצר ע""\י או.וי אינטרנש",TH,טעם הטבע נשנושי תירס,גרמים,600.00,100 גרם,false,,16.90,0.0282,true,1,8449574
7290110552121,false,יוגורט בתוספת סידן וויטמין ד 100 ג' דנונה,תנובה מרכז שיתופי לש,IL,דנונה היוגורט הראשון,מיליליטרים,100.00,"100 מ""ל",false,,2.20,0.0220,true,1,8395393
7290110552220,false,יוגורט PRO בטעם תות 0% סוכר לבן 20 גרם חלבון בגביע,"שטראוס בריאות בע""\מ",IL,דנונה פרו 20 גרם ללא,מטרים,200.00,100 מ'ל,false,,5.90,0.0295,true,1,8367171
7290110552237,false,יוגורט פרו בטעם אפרסק מנגו ללא סוכר 200 ג' דנונה,"שטראוס בריאות בע""\מ",IL,"דנונה פרו 20 גרם לל""",מטרים,200.00,100 מ'ל,false,,5.90,0.0295,true,1,8367144
7290110553098,false,מאגדת חטיפים אנרג'י מיקס צימוקים אגוזים 100X4 גרם,אנרג'י Energy - שטראוס,GB,אנרג'י מאגדת צימוקים,גרמים,100.00,100 גרם,false,,12.90,0.1290,true,1,8439253
7290110553104,false,נסקפה קפוצ'ינו סטיק קלאסי 130 ג' עלית,מוקטה אס.פי.,PL,קפוצ'ינו סטיק קלאסי,גרמים,130.00,100 גרם,false,,15.90,0.1223,true,1,8465296
7290110553135,false,נסקפה קפוצ'ינו סטיק וניל 130 ג' עלית,מוקטה אס.פי.,PL,קפוצ'ינו סטיק וניל 1,גרמים,130.00,100 גרם,false,,15.90,0.1223,true,1,8465297
7290110553173,false,אנרגי פריכיות אורז בטעם קרמל 50 גרם,סאנורייס בלגיום,IL,אנרגי פריכיות בטעם ק,גרמים,40.00,100 גרם,false,,5.90,0.1475,true,1,8452719
7290110553180,false,אנרגי פריכיות אורז בטעם תפוח קינמון 50 ג,סאנורייס בלגיום,IL,אנרגי פריכיות בטעם ת,גרמים,40.00,100 גרם,false,,5.90,0.1475,true,1,8452720
7290110553623,false,צ'יטוס קראנצ'י בטעם צ'דר חלפיניו - חלבי,"שטראוס פריטו ליי בע""\מ )",IL,ציטוס קראנצ צ'דר חלפ,גרמים,80.00,גרם,false,,4.20,0.0525,true,1,8415959
7290110554101,false,"סירופ מייפל בפאוץ' יד מרדכי 125 מ""ל",ציטדל,CA,מייפל בפאוץ 125 מל,מטרים,125.00,100 מ'ל,false,,17.90,0.1432,true,1,8427395
7290110554125,false,"נודלס סצ'ואן חריף""דלישס"" שטראוס",אוכל ביתי ניר עציון,IL,נודלס סצ'ואן חריף 35,גרמים,350.00,100 גרם,false,,22.90,0.0654,true,1,8351120
7290110554583,false,מארז חטיפי צ'יטוס פאפס בטעם גבינה - 10 יחידות,"שטראוס פריטו ליי בע""\מ )",IL,מארז ציטוס טעם גבינה,גרמים,236.00,100 גרם,false,,12.90,0.0547,true,1,8369120
7290110554699,false,"קפה עולה קפסולות אספרסו קלייה איטית וכהה מאוד, 10 * 50 ג'",שטראוס קפה בי.וי.,IL,קפה עלית קפסולות קפה,גרמים,50.00,100 גרם,false,,16.90,0.3380,true,1,8460199
7290110554705,false,קפסולות נספרסו לקפה יוניקו סדרת בתי הקלייה 10יח,שטראוס קפה בי.וי.,IL,קפה עלית קפסולות קפה,גרמים,50.00,100 גרם,false,,16.90,0.3380,true,1,8460200
7290110554712,false,"קפסולות קפה אספרסו קלייה איטית ובהירה, 10 * 50 ג'",שטראוס קפה בי.וי.,IL,קפה עלית קפסולות קפה,גרמים,50.00,100 גרם,false,,16.90,0.3380,true,1,8460201
7290110554729,false,קפסולות עלית אספרסו 04 תואמות למכונות NESPRESSO,שטראוס קפה בי.וי.,IL,עלית קפסולות אספרסו,גרמים,50.00,100 גרם,false,,15.90,0.3180,true,1,8392208
7290110555146,false,מעדן הגולן בטעם מוקה125ג,"שטראוס בריאות בע""\מ",IL,מעדן הגולן מוקה 125,גרמים,125.00,100 גרם,false,,2.80,0.0224,true,1,8458213
7290110555603,false,ספלנדיד אבקה להכנת משקה בטעם שוקולטה,"ג'אלוסיס י. בע""\מ",GR,שוקולטה ספנדיד 360 ג,גרמים,360.00,100 גרם,false,,19.90,0.0553,true,1,8465298
7290110556242,false,"שוקולד מריר פרווה 100 גר' בד""ץ תוצרת חוץ","שטראוס גרופ בע""מ.",FR,שוקולד מריר פרווה בד,גרמים,100.00,100 גרם,false,,4.90,0.0490,true,1,8460253
7290110557027,false,חומוס עשיר 50% טחינה גולמית 400 ג' אחלה,מיוצר עי קונדיטוריית,IL,חומוס 50% טחינה 400,גרמים,400.00,100 גרם,false,,12.90,0.0323,true,1,8357686
7290110557102,false,מעדן חלב עם שוקולד מועשר בחלבון 150 ג' שטראוס,מיוצר עי קונדיטוריית,IL,מעדן חלב עם שוקולד מ,גרמים,150.00,100 גרם,false,,4.70,0.0313,true,1,8342443
7290110557133,false,מעדן הגולן וניל 125 ג' שטראוס,מיוצר עי קונדיטוריית,IL,מעדן הגולן וניל 125,גרמים,125.00,100 גרם,false,,2.80,0.0224,true,1,8357136
7290110557317,false,יוגורט בתוספת סידן וויטמין ד עם שיבולת שועל 100 ג' דנונה,תנובה מרכז שיתופי לש,IL,היוגורט הראשון שלי ש,מיליליטרים,100.00,"100 מ""ל",false,,2.20,0.0220,true,1,8395397
7290110557416,false,מילקי טופ לבבות 144 גרם,מיוצר עי קונדיטוריית,IL,מילקי טופ לבבות 144,גרמים,144.00,גרם,false,,4.30,0.0299,true,1,8374577
7290110557478,false,חומוס גלילי במרקם מעודן 600 גרם,"שטראוס גרופ בע""\מ",IL,חומוס גלילי אחלה 600,גרמים,600.00,100 גרם,false,,11.90,0.0198,true,1,8384803
7290110557645,false,מאגדת חטיפים אנרג'י מיקס צימוקים חמוציות 100X4 גרם,קונסרב איטליה,GB,אנרג'י צימוקים חמוצי,גרמים,100.00,100 גרם,false,,12.90,0.1290,true,1,8439254
7290110558154,false,דנונה לייט אנד פרי עוגת תפוחים 150ג דנונה,"שטראוס בריאות בע""\מ",IL,דנונה לייט אנד פרי,מטרים,150.00,100 מ'ל,false,,4.30,0.0287,true,1,8435841
7290110558215,false,"דנונה קראנצ`פיסטוק עם פיצפוץ לבן קראנצי פיסטוק, 173 גרם","שטראוס בריאות בע""\מ",IL,דנונה קראנצ פיסטוק ע,מיליליטרים,173.00,"100 מ""ל",false,,4.30,0.0249,true,1,8458214
7290110558222,false,"וואו יוגורט עם שכבה בטעם בנופי פאי 5.4%, 150ג דנונה","שטראוס בריאות בע""\מ",IL,דנונה וואו בנופי 150,מטרים,150.00,100 מ'ל,false,,4.50,0.0300,true,1,8435843
7290110558239,false,"וואו יוגורט עם שכבה בטעם קראק פאי 5.4%, 150 ג דנונה","שטראוס בריאות בע""\מ",IL,דנונה וואו קראק פאי,מטרים,150.00,100 מ'ל,false,,4.50,0.0300,true,1,8435844
7290110558284,false,דנונה ביו מולטי שטראוס 200 גרם,"שטראוס בריאות בע""\מ",IL,דנונה ביו מולטי 200,גרמים,200.00,100 גרם,false,,3.90,0.0195,true,1,8424678
7290110558307,false,יוגורט דנונה PRO עם שיבולת שועל במתיקות מעודנת,"שטראוס בריאות בע""\מ",IL,דנונה פרו 20גר ושיבו,גרמים,200.00,100 גרם,false,,6.20,0.0310,true,1,8395399
7290110558314,false,דנונה פרו 20 גרם חלבון ללא סוכר פיסטוק 200 גרם,"שטראוס בריאות בע""\מ",IL,דנונה פרו 20 גרם פי,מטרים,200.00,100 מ'ל,false,,5.90,0.0295,true,1,8437983
7290110558338,false,יוגורט PRO בטעם מתיקות מעודנת 1.5% שומן,"שטראוס בריאות בע""\מ",IL,דנונה פרו 25גר חלבון,גרמים,200.00,100 גרם,false,,5.90,0.0295,true,1,8395400
7290110558741,false,"גמדים פאוץ תפוח בננה, 100 ג' שטראוס","שטראוס בריאות בע""\מ",IL,גמדים פאוצ' תפוח בננ,גרמים,100.00,100 גרם,false,,5.40,0.0540,true,1,8475370
7290110558918,false,עלי חסה קראנצ' שטופים,שטראוס בריאות ירקות טריי,IL,עלי חסה קראנץ 150 גר,גרמים,220.00,100 גרם,false,,10.90,0.0495,true,1,8435659
7290110558925,false,לקט מיקס אורגולה צבעוני 300ג שטראוס,"שטראוס מזון טרי בע""מ",IL,לקט מיקס אורגולה צב,גרמים,300.00,100 גרם,false,,10.90,0.0363,true,1,8491679
7290110559007,false,"שועועית חומה טעם הטבע קופסה, 380 גרם",קונסרב איטליה,IT,שעועית חומה 380גר טע,גרמים,380.00,100 גרם,false,,6.90,0.0182,true,1,8439255
7290110559748,false,ריל מאגדת שקדים קוקוס ושוקולד מריר שטראוס 105 גרם,"ואמואליס פודס אס.איי,",GR,ריל שקדים קוקוס ושוק,גרמים,105.00,100 גרם,false,,12.90,0.1229,true,1,8421505
7290110559755,false,ריל מאגדת בוטנים פיסטוק וחמוציות שטראוס 105 גרם,"ואמואליס פודס אס.איי,",GR,ריל בוטנים פיסטוק וח,גרמים,105.00,100 גרם,false,,12.90,0.1229,true,1,8421506
7290110559762,false,ריל מאגדת אגוזים תמרים קוקוס שטראוס 105 גרם,"ואמואליס פודס אס.איי,",GR,ריל מאגדת תמרים וקוק,גרמים,105.00,100 גרם,false,,12.90,0.1229,true,1,8421507
7290110559939,false,נתחי סויה בסגנון שווארמה ומג'דרה 350 גרם,אוכל ביתי ניר עציון,IL,נתחי סויה סגנון שווא,גרמים,350.00,100 גרם,false,,22.90,0.0654,true,1,8399098
7290110560300,false,"הפריכיות הטעימות חומוס, עדשים שחורות, קינואה ופלפל שחור",אנרג'י Energy - שטראוס,IL,פריכיות משולשות פלפל,גרמים,30.00,100 גרם,false,,4.90,0.1633,true,1,7091659
7290110560317,false,"הפריכיות הטעימות חומוס, עדשים שחורות, קינואה ומלח ים","פרח תעשיו מזון בע""מ",IL,פריכיות משולשות מלח,גרמים,30.00,100 גרם,false,,4.90,0.1633,true,1,7091640
7290110560324,false,"הפריכיות הטעימות תפו""א, אורז, אפונה ומלח ים","פרח תעשיו מזון בע""מ",IL,פריכיות משולשות אפונ,גרמים,30.00,100 גרם,false,,4.90,0.1633,true,1,7091641
7290110560836,false,"מילקי טעם פסק זמן שטראוס 133 מ""ל",מיוצר עי קונדיטוריית,IL,מילקי טעם פסק זמן שט,מיליליטרים,133.00,"100 מ""ל",false,,2.70,0.0203,true,1,6146511
7290110561352,false,דנונה יוגורט ביו פרוביוטי 3% דל לקטוז 150ג',"שטראוס בריאות בע""\מ",IL,דנונה ביו דל לקטוז 2,מיליליטרים,200.00,"100 מ""ל",false,,3.40,0.0170,true,1,6269760
7290110561604,false,מארז 8 יחידות מעדן גמדים בטעם תות בננה,"שטראוס בריאות בע""\מ",IL,מעדן גמדים תות בננה,מיליליטרים,800.00,"100 מ""ל",false,,17.90,0.0224,true,1,5880910
7290110563431,false,"משקה קפה קר בסגנון קלאסי 230 מ""ל 1.6% יוטבתה",האי נאם סי או אל.טי.,AT,משקה קפה קר קלאסי 1.,גרמים,230.00,100 גרם,false,,7.50,0.0326,true,1,7270222
7290110563448,false,"משקה קפה קר בסגנון מעודן 230 מ""ל 1.6% יוטבתה",האי נאם סי או אל.טי.,AT,משקה קפה קר מעודן 1.,גרמים,230.00,100 גרם,false,,7.50,0.0326,true,1,7270223
7290110563462,false,חלב 2% דל לקטוז בבקבוק יטבתה 1 ליטר.,מחלבת יטבתה,IL,חלב בק' נטול לקטוז 2,ליטרים,1.00,ליטר,false,,7.80,7.8000,true,1,7360083
7290110564339,false,חומוס אחלה הסידרה המובחר 30% טחינה 400 גר',מיוצר עי קונדיטוריית,IL,החומוס של אבי עם תטב,גרמים,400.00,100 גרם,false,,12.90,0.0323,true,1,5880990
7290110564360,false,חומוס אחלה הסידרה המובחר 40% טחינה 400 גר',מיוצר עי קונדיטוריית,IL,החומוס סדרה מובחרת 4,גרמים,400.00,100 גרם,false,,12.90,0.0323,true,1,5880991
7290110564414,false,חומוס אחלה הסידרה המובחר 30% טחינה 600 גר',מיוצר עי קונדיטוריית,IL,החומוס סדרה מבוחרת 6,גרמים,600.00,100 גרם,false,,14.90,0.0248,true,1,5880994
7290110565435,false,"לימבו ג'לי פטל 125 גרם חלבי ""שטראוס""","שטראוס גרופ בע""\מ",IL,"לימבו פטל 125 מ""ל",מיליליטרים,125.00,"100 מ""ל",false,,2.00,0.0160,true,1,5734569
7290110565527,false,יוגורט PRO פרו 1.5% 20 גרם חלבון בגביע,"שטראוס בריאות בע""מ",IL,דנונה פרו 20ג חלבון,גרמים,200.00,100 גרם,false,,5.90,0.0295,true,1,5527212
7290110565572,false,מארז קפה טורקי עלית לדרך עם הל 168 גרם,שטראוס קפה בי.וי.,IL,מארז טורקי לדרך עם ה,גרמים,168.00,100 גרם,false,,16.90,0.1006,true,1,7736049
7290110566623,false,קפסולות קולומביה עלית 08 למכונת נספרסו מארז 5X10ג',שטראוס קפה בי.וי.,IL,קפסולות למכונה עלית,יח',1.00,יח',false,,15.90,15.9000,true,1,6640512
7290110566975,false,דנונה פרו יוגורט 0% תות עשיר בחלבון 200ג',"שטראוס בריאות בע""\מ",IL,דנונה פרו 20ג תות,גרמים,200.00,100 גרם,false,,5.90,0.0295,true,1,6269764
7290110567057,false,צנצנת מסטיק מאסט קוביות מנטה חזקה 66 ג' עלית,אסקום קונפקשיין,DE,מאסט מסטיק בוקסי מנט,גרמים,64.00,100 גרם,false,,9.90,0.1547,true,1,7013704
7290110568238,false,"קצפת צמחית 21% שומן 250 מ""ל יוטבתה",מחלבת יטבתה,IL,קצפת צמחית 21% שומן,מיליליטרים,250.00,"100 מ""ל",false,,7.50,0.0300,true,1,6612407
7290110568276,false,משקה וניל פרו Pro מועשר בחלבון 1.5%,מחלבת יטבתה,DE,משקה יטבתה פרו וניל,מיליליטרים,350.00,"100 מ""ל",false,,6.50,0.0186,true,1,6411944
7290110568559,false,דוריטוס עלית מארז חמוץ חריף 10 יח' *25 ג',"שטראוס פריטו ליי בע""מ )פ",IL,מארז דוריטוס חמוץ חר,גרמים,250.00,100 גרם,false,,9.70,0.0388,true,1,6553297
7290110568566,false,דוריטוס גריל עלית מארז 10 יח' *25 ג',"שטראוס פריטו ליי בע""מ )פ",IL,מארז דוריטוס גריל 25,גרמים,250.00,100 גרם,false,,9.70,0.0388,true,1,6553298
7290110568627,false,עלית - פסק זמן רול שוקולד חלב עם קרם אגוזים 26 גרם,שולן צ'\יקולטה גידה סאן.,TR,פסק זמן רול שוקולד ו,יחידה,0.00,יחידה,false,,3.90,0.0000,true,1,8229713
7290110568924,false,עלית - פסק זמן רול שוקולד חלב עם קרם חלב וקוקוס 26 גרם,שולן צ'\יקולטה גידה סאן.,TR,פסק זמן רול שוקולד ו,יחידה,0.00,יחידה,false,,3.90,0.0000,true,1,8230805
7290110570224,false,"משקה קפה קר בטעם עוגיות יטבתה 230 מ""ל",אנסטל מילק kg,AT,משקה קפה קר טעם עוגי,גרמים,230.00,100 גרם,false,,7.50,0.0326,true,1,8435845
7290110570880,false,פולי אספרסו עשירים וארומטיים עוצמה 14 עלית 250 גרם,,IL,פולי אספרסו 250גר עו,גרמים,250.00,100 גרם,false,,19.90,0.0796,true,1,8404100
7290110571382,false,מעדן חלב בטעם וניל מעושר בחלבון 150 ג' שטראוס,"שטראוס בריאות בע""\מ",IL,מעדן חלב טעם וניל מו,גרמים,150.00,100 גרם,false,,4.70,0.0313,true,1,8384846
7290110571405,false,עלית - מיני פינוקיות בגביע פסק זמן 180 גרם,"הגביע מוצרי ופלים בע""\מ",IL,מיני פינוקיות בגביע,גרמים,400.00,100 גרם,false,,9.90,0.0248,true,1,8460308
7290110571412,false,מיני פינוקיות - פאדג' שוקולד בגביע 180 גרם,"הגביע מוצרי ופלים בע""\מ",IL,מיני פינוקיות בגביע,גרמים,400.00,100 גרם,false,,9.90,0.0248,true,1,8460309
7290110571535,false,מארז קפה טורקי הל עלית 300 גרם,שטראוס קפה בי.וי.,IL,מארז טורקי הל,גרמים,300.00,100 גרם,false,,24.80,0.0827,true,1,8404075
7290110572969,false,כיף כף פצפצים עקרם לבן 40ג' עלית,שולן צ'\יקולטה גידה סאן.,TR,כיף כף פצפצים קרם לב,גרמים,40.00,100 גרם,false,,4.60,0.1150,true,1,8439228
7290110574413,false,עלית - פופקורן בטעם טעמי 70 גרם,סראנו בעבור שטראוס,קפריסין,פופקורן בטעם טעמי,יחידה,0.00,יחידה,false,,6.90,0.0000,true,1,8460336
7290110574420,false,עלית - פופקורן בטעם פסק זמן 70 גרם,סראנו בעבור שטראוס,קפריסין,פופקורן בטעם פסק זמן,יחידה,0.00,יחידה,false,,6.90,0.0000,true,1,8460337
7290110576318,false,מאגדת שלישיית שוקולד אגוז לבן 300 ג' עלית,סמואה,FR,עלית שוקולד אגוז לבן,גרמים,300.00,100 גרם,false,,21.90,0.0730,true,1,8460254
7290110576356,false,"שוקולד ספלנדיד מריר 64% - חלבי , מפולי קקאו מפרו",קימ'\ס גריפלנן,BE,ספלנדיד שוקולד מריר,גרמים,100.00,100 גרם,false,,7.90,0.0790,true,1,8427396
7290110576363,false,"שוקולד ספלנדיד מריר 80% חלבי ,פולי קקאו מאוגנדה",קימ'\ס גריפלנן,BE,ספלנדיד שוקולד מריר,גרמים,100.00,100 גרם,false,,7.90,0.0790,true,1,8427397
7290110576370,false,מארז שלישייה שוקולד מריר חלבי עם אגוזי לוז,סמואה,FR,עלית שוקולד אגוז מרי,גרמים,300.00,100 גרם,false,,21.90,0.0730,true,1,8460255
7290110576752,false,טבלאות שוקולד ספלנדיד מריר 70% 100 ג' עלית,קימ'ס גריפלנן,BE,ספלנדיד מריר 70% 22,גרמים,100.00,100 גרם,false,,9.90,0.0990,true,1,8460338
7290110576776,false,טבלאות שוקולד ספלנדיד מריר 85% 100 ג' עלית,קימ'ס גריפלנן,BE,ספלנדיד מריר 85% 22,גרמים,100.00,100 גרם,false,,9.90,0.0990,true,1,8460339
7290110576790,false,גבינת סקי 3% בטעם מוקה 125 גרם,"שטראוס בריאות בע""\מ",IL,סקי טעם מוקה 3% 125,גרמים,125.00,100 גרם,false,,3.70,0.0296,true,1,8458181
7290110576851,false,"שמיניית משקה גמדים סלט פירות 108 מ""ל","שטראוס בריאות בע""\מ",IL,משקה גמדים סלט פירות,מיליליטרים,800.00,"100 מ""ל",false,,19.90,0.0249,true,1,8458215
7290110576868,false,רבעיית גמדים סלט פירוט * 100 ג' שטראוס,"שטראוס בריאות בע""\מ",IL,גמדים מעדן סלט פירות,מטרים,400.00,100 מ'ל,false,,10.90,0.0273,true,1,8458216
7290110577629,false,עלית - רבע לשבע טבעוני טורטית 125 גרם,"הגביע מוצרי וופלים בע""\מ",IL,רבע לשבע טבעוני טורט,גרמים,125.00,100 גרם,false,,9.60,0.0768,true,1,8487741
7290110577636,false,עלית - רבע לשבע טבעוני חמאת בוטנים 125 גרם,"הגביע מוצרי וופלים בע""\מ",IL,רבע לשבע טבעוני חמאת,גרמים,125.00,100 גרם,false,,9.60,0.0768,true,1,8487742
7290110577711,false,"משקה שייק חלבון מי גבינה עם אפרסק ומנגו350מ""ל יטבתה",מחלבת יטבתה,IL,שייק חלבון מי אפרסק,מטרים,350.00,100 מ'ל,false,,7.90,0.0226,true,1,8475371
7290110577728,false,"משקה שייק חלבון מי גבינה עם פירות יער 350מ""ל יטבתה",מחלבת יטבתה,IL,שייק חלבון מי גבינה,מטרים,350.00,100 מ'ל,false,,7.90,0.0226,true,1,8475372
7290110579319,false,חומוס גלילי אחלה 400 גרם,שטראוס גרופ,IL,חומוס גלילי 400 גר,גרמים,400.00,100 גרם,false,,10.90,0.0273,true,1,8487709
7290110730109,false,נוטרילון קומפורט תרכובת מזון מגיל לידה,נוטרישיה קאלק,NL,נוטרילון קומפורט 900,גרמים,900.00,100 גרם,false,,89.90,0.0999,true,1,5123901
7290111091520,false,"דר' עור תחליב רחצה קלאסי -קוקוס 700 מ""ל","אמיליה קוסמטיקס בע""מ",IL,"ד""ר עור תחליב רחצה א",מיליליטרים,700.00,"100 מ""ל",false,,14.90,0.0213,true,1,6943887
7290111091995,false,מגבוני בייביסיטר 9 יח,,,מגבוני בייביסיטר 9 י,יחידה,0.00,יחידה,false,,24.90,0.0000,true,1,8423165
7290111093685,false,קוויק מגבוני ניקוי שלישייה,,,קוויק מגבוני ניקוי ש,יחידה,0.00,יחידה,false,,15.90,0.0000,true,1,8447090
7290111093982,false,"טרופיקל תחליב רחצה פסיפלורה ואינקה אינצ'י 700 מ""ל דר' עור","אמיליה קוסמטיקס בע""\מ",IL,טרופיקל תחליב רחצה ד,מטרים,700.00,100 מ'ל,false,,14.90,0.0213,true,1,8447051
7290111094392,false,"טרופיקל תחליב רחצה קוקוס וליים 700 מ""ל דר' עור","אמיליה קוסמטיקס בע""\מ",IL,טרופיקל תחליב רחצה ד,מטרים,700.00,100 מ'ל,false,,14.90,0.0213,true,1,8447052
7290111094866,false,חיתולי בייבי סופרים 4 רמילוי,,,חיתולי בייבי סופרים,יח',1.00,יח',false,,24.70,24.7000,true,1,8370760
7290111095276,false,חיתולי בייבי סופרים 4+ רמילוי,,,חיתולי בייבי סופרים,יח',1.00,יח',false,,24.70,24.7000,true,1,8370761
7290111095566,false,חיתולי בייבי סופרים 5 מילוי,,,חיתולי בייבי סופרים,יח',1.00,יח',false,,24.70,24.7000,true,1,8370762
7290111095818,false,קוויק שקיות אשפה L חזקות במיוחד עם שרוך 40 יח',,TR,קוויק שקיות אשפה L ע,יח',1.00,יח',false,,18.90,18.9000,true,1,8289724
7290111095856,false,חיתולי בייבי סופרים 6 מילוי,,,חיתולי בייבי סופרים,יח',1.00,יח',false,,24.70,24.7000,true,1,8370763
7290111096921,false,קוויק מגבונים לניקוי כללי בתוספת חומץ ומלח לימון 50 יח',די.פי.אל,IL,קווי לניקוי כללי עם,יח',1.00,יח',false,,7.90,7.9000,true,1,8350134
7290111097546,false,קוויק מגבונים 99.9% לניקוי כללי למשטחים בניחוח מרכך כביסה 50 יחידות,די.פי.אל,IL,מגבוני קוויק לניקוי,יח',1.00,יח',false,,7.90,7.9000,true,1,8387403
7290111097836,false,קוויק מגבונים 99.9% דוחה אבק למשטחים בניחוח מרכך כביסה 50 יחידות,די.פי.אל,IL,מגבוני קוויק דוחה אב,יח',1.00,יח',false,,7.90,7.9000,true,1,8387404
7290111285417,false,קערה במבוק מיני מאוס יח,שמחה זה אנחנו,CN,קערה במבוק מיני מאוס,יח',1.00,יח',false,,9.90,9.9000,true,1,6982085
7290111340178,false,מטליות לחות ניקול לניקוי כללי בניחוח מרכך כביסה 50 יח',חוגלה קימברלי,IL,מטליות לחות לניקוי 5,יח',50.00,יח',false,,10.70,0.2140,true,1,4944625
7290111340185,false,מטליות לחות רצפה ניחוח מרכך כביסה ניקול 10 יחידות,חוגלה קימברלי,IL,מטליות לחות לרצפה 10,יח',10.00,יח',false,,10.70,1.0700,true,1,4944626
7290111341434,false,תחבושות דיפנד נורמל אקטיב לנשים 12 יח,קימברלי קלארק,IL,דיפנד תחבושות נורמל,100 יח',1.00,100 יח',false,,19.70,19.7000,true,1,7130297
7290111342059,false,50 מטליות מיקרופייבר לשטחים אנטיבקטריאלי ניקול,ניקול,IL,מטליות לחות אנטיבקטר,יח',1.00,יח',false,,10.70,10.7000,true,1,8214321
7290111343797,false,מטליות לחות לניקוי חלונות 48 יח' ניקול,חוגלה קימברלי,IL,ניקול מטליות לניקוי,יח',1.00,יח',false,,9.90,9.9000,true,1,8261834
7290111343858,false,ניקול מטליות לחות לרצפה אנטיבקרטריאלי 10 יחידות,עלבד משואות יצחק,IL,מטליות לחות לניקוי ו,יח',1.00,יח',false,,9.90,9.9000,true,1,8240783
7290111344145,false,ניקול זוג מטליות מיקרופייבר אנטיבקטריאליות לרצפה,ניקול,CN,ניקול זוג מטליות מיק,יח',1.00,יח',false,,29.70,29.7000,true,1,8261837
7290111344565,false,ניקול שקיות זיפר מארז משולב מידות,taizhou inter packin,CN,שקיות זיפר במארז משו,יחידה,0.00,יחידה,false,,12.90,0.0000,true,1,8427367
7290111344879,false,קוטקס מגיני תחתון 2IN1 מחזור+שתן 44 יחיד,חוגלה,CN,קוטקס מגן תחתון 2 ב-,יח',44.00,יח',false,,17.90,0.4068,true,1,8364978
7290111344916,false,ניקול שישיית כריות יפניות אנטיבקטריאליות,חוגלה קימברלי,IL,ניקול כריות יפניות א,יח',1.00,יח',false,,13.90,13.9000,true,1,8321299
7290111344930,false,מטליות לחות לרצפה בניחוח כביסה ארומתרפיה ניקול 10 יח',ניקול,IL,מטליות לחות לרצפה בנ,יח',1.00,יח',false,,10.70,10.7000,true,1,8364998
7290111345722,false,ניקול שקיות לשמירה על הטריות 5 יחידות,ניקול,TR,שקיות לשמירת הטריות,יחידה,0.00,יחידה,false,,14.90,0.0000,true,1,8427369
7290111345999,false,מארז זוג מטליות לחות לרצפה בניחוח מרכך כביסה 2*10 יח' ניקול,ניקול,IL,זוג מטליות לחות לרצפ,יח',1.00,יח',false,,19.90,19.9000,true,1,8389550
7290111350030,false,רסק תפוחי עץ טבעי בצנצנת 670 גרם קלית גת,"ג'י אנד ג'י בע""מ",IL,רסק תפוחי עץ טבעי 67,גרמים,670.00,100 גרם,false,,10.70,0.0160,true,1,4115113
7290111350047,false,תמרים מזן מגהול ללא חרצנים 500 גרם,טעמי הגליל,IL,תמרים מגולענים 500 ג,גרמים,500.00,100 גרם,false,,11.90,0.0238,true,1,4180797
7290111350672,false,"דבש טהור מפרחי בר ""קליית גת"" 700 גרם",חקלאות עין חרוד מאוח,IL,דבש צנצנת 700 גר,גרמים,700.00,100 גרם,false,,29.90,0.0427,true,1,6584982
7290111350719,false,חטיף נאצוס הוטפופ בסגנון מסעדות 322 גר,ליימן מותגים,US,נאצוס מסעדות 322 גר,גרמים,322.00,100 גרם,false,,15.70,0.0488,true,1,7411673
7290111351747,false,צ'וקטה טורטיה מקמח חיטה 320 גרם,צ'וקטה,DE,צ'וקטה טורטיה מקמח ח,גרמים,320.00,100 גרם,false,,5.90,0.0184,true,1,8108042
7290111352140,false,חמוציות מיובשות ברכז תפוחים קליית גת 150 גרם,קליית גת,IL,חמוציות רכז תפוחים 1,גרמים,150.00,100 גרם,false,,10.90,0.0727,true,1,8102733
7290111352430,false,ממרח תמרים טבעי קליית גת 440 גרם,"כד בני דרום בע""מ",IL,ממרח תמרים טבעי 440,גרמים,440.00,100 גרם,false,,11.90,0.0270,true,1,8192115
7290111352508,false,סילאן טבעי לחיץ קליית גת 840 גרם,"ששון ושות' בע""מ",IL,סילאן טבעי לחיץ 840,מיליליטרים,840.00,"100 מ""ל",false,,19.90,0.0237,true,1,8223791
7290111352959,false,מקלות חמוצים ממולאים בטעם פירות 80 גר' יוגטה,יוגטה yogueta,TR,יוגטה מקלות חמוצים ט,גרמים,100.00,100 גרם,false,,4.40,0.0440,true,1,8261418
7290111352966,false,יוגטה סוכריות ממולאות בטעם פירות 250 גרם ללא ג'לטין,ליימן שליסל,TR,סוכריות גומי ממולאות,גרמים,250.00,100 גרם,false,,5.90,0.0236,true,1,8261419
7290111352973,false,יוגוטה קוביות חמוצות ממולאות בטעם פירות,יוגטה yogueta,TR,יוגטה קוביות חמוצות,גרמים,220.00,100 גרם,false,,5.90,0.0268,true,1,8261443
7290111353093,false,סוכריות טופי במילוי בטעמי פירות בצורת מקלות,יוגטה,TR,טופי מקלות 672גר עדה,גרמים,600.00,100 גרם,false,,14.90,0.0248,true,1,8384694
7290111353376,false,מארז 100 סוכריות מנטוס שמחות בטעם מנטה 250 גרם,פרפטי ואן מלה ברדה,NL,סוכריות מנטוס שמחות,גרמים,250.00,100 גרם,false,,13.90,0.0556,true,1,8289753
7290111353437,false,הוטפופ - צ'יפס חטיף בטטה עם מלח ים 120 גרם,איץ.סיי גרופ אס.דה א,HN,חטיף בטטה ומלח ים 13,גרמים,135.00,100 גרם,false,,13.90,0.1030,true,1,8296558
7290111353468,false,סוכריות טופי במילוי בטעם פירות 600 גר',יוגטה,TR,יוגטה טופי ממולא 672,גרמים,672.00,100 גרם,false,,14.90,0.0222,true,1,8384695
7290111353550,false,חמאת בוטנים טבעית קליית גת 300 גרם,J&G קיסריה,IL,חמאת בוטנים טבעית 30,גרמים,300.00,100 גרם,false,,14.90,0.0497,true,1,8310670
7290111353567,false,ממרח שקדים טבעי קליית גת 300 גרם,J&G קיסריה,IL,ממרח שקדים טבעי 300,גרמים,300.00,100 גרם,false,,32.90,0.1097,true,1,8300628
7290111354038,false,מארז שלישיית עגבניות חתוכות דק מרקדו טייסט 400 גרם,פראנו אנריקו,IT,עגבניות תמר איטלקיות,גרמים,1200.00,100 גרם,false,,14.90,0.0124,true,1,8388961
7290111354045,false,מארז שלישיית עגבניות קצוצות מרקדו טייסט 400 גרם,פראנו אנריקו,IT,עגבניות תמר איטלקיות,גרמים,1200.00,100 גרם,false,,14.90,0.0124,true,1,8388962
7290111354120,false,ממרח חלווה קליית גת 300 גרם,J&G קיסריה,IL,ממרח חלווה 300 גר,גרמים,300.00,100 גרם,false,,15.70,0.0523,true,1,8403560
7290111354151,false,ממרח אגוזי לוז קליית גת 200 גר,קליית גת,IL,ממרח אגוזים 200 גר,גרמים,200.00,100 גרם,false,,15.70,0.0785,true,1,8403563
7290111354526,false,הוטפופ פופקורן במיקרוגל טעם טבעי,,,הוטפופ פופקורן במיקר,קילוגרמים,1.00,"ק""ג",false,,17.90,17.9000,true,1,8437464
7290111354533,false,הוטפופ פופקורן במיקרוגל טעם חמאה,,,הוטפופ פופקורן במיקר,קילוגרמים,1.00,"ק""ג",false,,17.90,17.9000,true,1,8437465
7290111354595,false,קופסת אוכל קנופרס 125 גרם,אוגוסט שטורק,DE,קופסת אוכל קנופרס,יחידה,0.00,יחידה,false,,12.70,0.0000,true,1,8433808
7290111354687,false,מיני מרשמלו בטעם תות שדה ווניל יוגטה 500 גרם,צ'וקטה,IL,יוגטה מיני מרשמלו 50,גרמים,500.00,100 גרם,false,,24.70,0.0494,true,1,8452632
7290111531255,false,"עוגיות מרוקאיות לל""ס 350 גר רמי לוי",,,"עוגיות מרוקאיות לל""ס",גרמים,350.00,100 גרם,false,,14.90,0.0426,true,1,7820704
7290111531392,false,עוגיות סגנון מרוקאי 350 גר רמי לוי,,,עוגיות סגנון מרוקאי,גרמים,350.00,100 גרם,false,,14.90,0.0426,true,1,7820705
7290111531415,false,עוגיות ריפאת 350 גר רמי לוי,,,עוגיות ריפאת 350 גר,גרמים,350.00,100 גרם,false,,14.90,0.0426,true,1,7820706
7290111531439,false,עוגיות לקפה 350 גר רמי לוי,,,עוגיות לקפה 350 גר ר,גרמים,350.00,100 גרם,false,,14.90,0.0426,true,1,7820708
7290111564277,false,פריכיות דקות ונימוחות 3 דגנים פיטנס Fitness,פרח תעשיות בעמ,IL,פיטנס פריכיות דקות 3,גרמים,120.00,100 גרם,false,,9.90,0.0825,true,1,4862058
7290111564291,false,פריכיות דקות ונימוחות 3 דגנים וקינואה פיטנס Fitness,פרח תעשיות בעמ,IL,פיטנס פריכיות דקות ו,גרמים,120.00,100 גרם,false,,9.90,0.0825,true,1,4862078
7290111564666,false,כדורי בשר צמחוניים עם המון חלבון,עיצובים 2020 (4.8),IL,טבעול כדורי בשר מן ה,גרמים,500.00,100 גרם,false,,29.90,0.0598,true,1,5721140
7290111564956,false,"ביסלי במבה מיקס 200 גרם ""אסם""",פרו מן יו פתרונות אריזה,IL,ביסלי במבה מיקס 200,גרמים,200.00,100 גרם,false,,8.90,0.0445,true,1,6167482
7290111566103,false,טבעול פלאפל מרכיבים ביתיים בלבד 590 גרם,עיצובים 2020 (4.8),IL,טבעול פלאפל ביתי 590,גרמים,590.00,100 גרם,false,,29.90,0.0507,true,1,5721141
7290111566226,false,שניצל ברוקולי טבעול 667 גרם,עיצובים 2020 (4.8),IL,טבעול שניצל ברוקולי,גרמים,667.00,100 גרם,false,,29.90,0.0448,true,1,5721142
7290111566240,false,שניצל דק מן הצומח בטעם צ'ילי חריף 700 גרם,עיצובים 2020 (4.8),IL,טבעול שניצל דק צ'לי,גרמים,564.00,100 גרם,false,,29.90,0.0530,true,1,5721143
7290111566271,false,חטיפי תירס טבעול 657 גרם,עיצובים 2020 (4.8),IL,טבעול חטיפי תירס 657,גרמים,657.00,100 גרם,false,,29.90,0.0455,true,1,5721144
7290111566318,false,שניצל דק מן הצומח בטעם ביתי 700 גרם,עיצובים 2020 (4.8),IL,טבעול שניצל דק מהצומ,גרמים,564.00,100 גרם,false,,29.90,0.0530,true,1,5721145
7290111566332,false,"נקניקיות וינר מן הצומח 680 גרם ""טבעול""",עיצובים 2020 (4.8),IL,טבעול נקניקיות וינר,גרמים,680.00,100 גרם,false,,29.90,0.0440,true,1,5721146
7290111566417,false,טבעול טחון מן הצומח משופר 400 גרם,עיצובים 2020 (4.8),IL,טבעול טחון צמחוני 50,גרמים,500.00,100 גרם,false,,29.90,0.0598,true,1,5721278
7290111566547,false,טבעול חזה בגריל צמחוני 99 קלוריות 560ג',עיצובים 2020 (4.8),IL,טבעול חזה בגריל צמחו,גרמים,560.00,100 גרם,false,,29.90,0.0534,true,1,5721280
7290111566561,false,"שניצל ברוקולי 99 קלוריות 560 גר' ""טבעול""",עיצובים 2020 (4.8),IL,טבעול שניצל ברוקולי,גרמים,560.00,100 גרם,false,,29.90,0.0534,true,1,5721281
7290111566585,false,"שניצל צמחוני 99 קלוריות 650 גר' ""טבעול""",עיצובים 2020 (4.8),IL,טבעול שניצל צמחוני 9,גרמים,650.00,100 גרם,false,,29.90,0.0460,true,1,5721282
7290111566691,false,"שניצל תרד 99 קלוריות 560 גרם ""טבעול""",עיצובים 2020 (4.8),IL,טבעול שניצל תרד 99 ק,גרמים,560.00,100 גרם,false,,29.90,0.0534,true,1,5721283
7290111566714,false,טבעול המבורגר צמחוני 99 קלוריות 600 גרם,עיצובים 2020 (4.8),IL,טבעול המבורגר צמחוני,גרמים,600.00,100 גרם,false,,29.90,0.0498,true,1,5721284
7290111566752,false,טבעול שניצל תירס 99 קלוריות 693 גרם,עיצובים 2020 (4.8),IL,טבעול שניצל תירס 99,גרמים,693.00,100 גרם,false,,29.90,0.0431,true,1,5721149
7290111566776,false,"נקניקיות קוקטייל מן הצומח 680 גרם ""טבעול""",עיצובים 2020 (4.8),IL,טבעול נקניקיות קוקטי,גרמים,680.00,100 גרם,false,,29.90,0.0440,true,1,5721150
7290111568206,false,"מיקס ביסלי, אפרופו ופיצוחים מתובלים",פרו מן יו פתרונות אר,IL,ביסלי פארטי מיקס 150,גרמים,150.00,100 גרם,false,,6.90,0.0460,true,1,6167485
7290111568466,false,רוטב אסייתי למוקפץ הסדרה האסייתית,אסיף תעשיות מזון בעמ,IL,רוטב אסיאתי למוקפץ א,מיליליטרים,290.00,"100 מ""ל",false,,10.90,0.0376,true,1,6313892
7290111568961,false,בייגלה טבעות מלח אסם 400 גרם,אסם,IL,בייגלה טבעות מלח 400,גרמים,400.00,100 גרם,false,,9.90,0.0248,true,1,6508143
7290111738876,false,חמישית תחתוני נשים M,,,חמישית תחתוני נשים M,יח',1.00,יח',false,,35.00,35.0000,true,1,7722254
7290111738890,false,חמישית תחתוני נשים XL,,,חמישית תחתוני נשים X,יח',1.00,יח',false,,35.00,35.0000,true,1,7722256
7290111739088,false,שלישיית בוקסר (L) לייקרה UMBRO,,,שלישיית בוקסר לייקרה,יח',1.00,יח',false,,49.90,49.9000,true,1,7522170
7290111739101,false,שלישיית בוקסר (XXL) לייקרה UMBRO,,,שלישיית בוקסר לייקרה,יח',1.00,יח',false,,49.90,49.9000,true,1,7522172
7290111739132,false,בוקסר כותנה חלק L,,,בוקסר כותנה חלק L,יח',1.00,יח',false,,19.90,19.9000,true,1,7522173
7290111874130,false,שקית 10 מודפס,,,שקית 10 מודפס,יח',1.00,יח',false,,7.90,7.9000,true,1,7738885
7290111878992,false,בקבוק טריטן פיה מפלס,,,בקבוק טריטן פיה מפלס,יח',1.00,יח',false,,19.90,19.9000,true,1,7310754
7290111930898,false,חטיף פוף כוכבים גריל אמריקאי 40 גרם,פוף POOF,IL,פוף כוכבים גריל אמרי,גרמים,40.00,100 גרם,false,,2.90,0.0725,true,1,5426708
7290111930904,false,חטיף פוף כוכבים בצל 40 גרם,פוף POOF,IL,פוף כוכבים בצל 40 גר,גרמים,40.00,100 גרם,false,,2.90,0.0725,true,1,5426709
7290111930911,false,חטיף פוף לבבות קלאסי 40 גרם,פוף POOF,IL,פוף לבבות קלאסי 40 ג,גרמים,40.00,100 גרם,false,,2.90,0.0725,true,1,5426710
7290111930928,false,חטיף פוף לבבות גריל 40 גרם,פוף POOF,IL,פוף לבבות גריל 40 גר,גרמים,40.00,100 גרם,false,,2.90,0.0725,true,1,5426711
7290111930935,false,חטיף פוף טבעות קלאסי 40 גרם,פוף POOF,IL,פוף טבעות קלאסי 40 ג,גרמים,40.00,100 גרם,false,,2.90,0.0725,true,1,5426712
7290111932380,false,"מרידול משחת שיניים מארז 75X2מ""ל כשל""פ",GABA LOER GER,PL,זוג משחת שיניים מריד,מטרים,75.00,100 מ'ל,false,,31.90,0.4253,true,1,5904337
7290111932502,false,"משחת שיניים קולגייט אופטיק וייט אקספרט וויט 75 מ""ל",קולגייט Colgate,MX,קולגייט אופטיק וויט,מטרים,75.00,100 מ'ל,false,,24.90,0.3320,true,1,6829690
7290111933462,false,"רוטב צ'ילי מתוק מאסטר שף 300 מ""ל","סיטי פוד בע""מ",TH,מאסטר שף רוטב צ'ילי,מיליליטרים,300.00,"100 מ""ל",false,,7.90,0.0263,true,1,6179316
7290111934827,false,"סבון ידיים משאבה פלמוליב היגיינה 300 מ""ל",פלמוליב Palmolive,TR,פלמוליב סבון ידיים 3,מיליליטרים,300.00,"100 מ""ל",false,,10.90,0.0363,true,1,7411517
7290111935961,false,מאסטר שף מחית עגבניות 690 גרם כשלפ,פראנו אנריקו ופיגלי,IT,מאסטר שף מחית עגבניו,גרמים,690.00,100 גרם,false,,9.90,0.0143,true,1,7515774
7290111936784,false,פרי מארז חטיפים 5 יחידות תמרים ואגוזי לוז כשלפ,"טבעית מוצרים מהטבע בע""\מ",IL,פרי מארז 5 חטיפים תמ,גרמים,125.00,100 גרם,false,,14.90,0.1192,true,1,7274207
7290111937231,false,פרי מארז חטיפים 5 יחידות תמרים וקוקוס כשלפ,"טבעית מוצרים מהטבע בע""\מ",IL,פרי מארז 5 חטיפים תמ,גרמים,125.00,100 גרם,false,,14.90,0.1192,true,1,7274209
7290111937248,false,פרי מארז חטיפים 5 יחידות תמרים קשיו ונגיעות לוז כשלפ,"טבעית מוצרים מהטבע בע""\מ",IL,פרי מארז 5 חטיפים תמ,גרמים,125.00,100 גרם,false,,14.90,0.1192,true,1,7274210
7290111937262,false,מארז חמישיית חטיפי תמרים אגוזים ושברי קקאו פרי 125 גרם,"טבעית מוצרים מהטבע בע""\מ",IL,פרי מארז 5 חטיפים תמ,גרמים,125.00,100 גרם,false,,14.90,0.1192,true,1,7274212
7290111938481,false,"רוטב סויה בהירה מאסטר שף 300 מ""ל",מאסטר שף,TH,מאסטר שף רוטב סויה ב,מיליליטרים,300.00,"100 מ""ל",false,,8.90,0.0297,true,1,8227026
7290111938498,false,"מנה אסייאתי רוטב סויה בהירה 700 מ""ל מ.שף",קי.אר.אס. ספייסי פוד,TH,מאסטר שף רוטב סויה ב,מיליליטרים,700.00,"100 מ""ל",false,,9.90,0.0141,true,1,8152879
7290111939136,false,קוקי נייר אפייה עגול קוטר 26,קוקי,IL,קוקי נייר אפייה עגול,יח',1.00,יח',false,,7.90,7.9000,true,1,8214352
7290111939143,false,קוקי נייר אפייה עגול קוטר 28,,IL,קוקי נייר אפייה עגול,יח',1.00,יח',false,,7.90,7.9000,true,1,8214353
7290111939174,false,קוקי ניילון נצמד עם גומי מידה לארג,קוקי,CN,קוקי ניילון נצמד עם,יח',1.00,יח',false,,8.90,8.9000,true,1,8214354
7290111939181,false,קוקי כיסוי ניילון עם גומי מיקס מידות,שסטוביץ,CN,קוקי ניילון נצמד עם,יח',1.00,יח',false,,8.90,8.9000,true,1,8214355
7290111939402,false,"קולגייט טוטל קלין מינט 75מ ""ל -מארז שלישיה",,,קולגייט טוטל קלין מי,מטרים,225.00,100 מ'ל,false,,29.90,0.1329,true,1,8374509
7290111940712,false,מגב לבן,,,מגב לבן,יח',1.00,יח',false,,19.90,19.9000,true,1,8457130
7290111990267,false,שטיח סלון נירוונה 160x230,,,שטיח סלון נירוונה 16,יח',1.00,יח',false,,299.90,299.9000,true,1,7904657
7290111990274,false,שטיח חלק 160*120,,,שטיח חלק 120x160,יח',1.00,יח',false,,99.90,99.9000,true,1,7904658
7290112000392,false,מנקה ומחטא עוצמתי לחדר האמבטיה ללא אקונומיקה,רקיט בנקיזר,PL,דטול תרסיס לאמבטיה 7,מיליליטרים,750.00,"100 מ""ל",false,,9.90,0.0132,true,1,6861984
7290112000736,false,פיניש טבליות aio 80 יח אריזת חסכון,רקיט בנקיזר,PL,פיניש טבליות 80יח 1,קילוגרמים,1.28,"ק""ג",false,,54.70,42.7344,true,1,6420487
7290112000798,false,"דיטול תרסיסי חיטוי וניקוי אנטי בקטריאלי 750 מ""ל",רקיט בנקיזר,US,דטול תרסיס חיטוי אנט,מיליליטרים,750.00,"100 מ""ל",false,,9.90,0.0132,true,1,6862016
7290112000828,false,דטול - מגבונים חיטוי וניקוי אנטי בקטריאלי 60 יח',רקיט בנקיזר,PL,דטול מגבונים חיטוי א,יח',60.00,יח',false,,7.90,0.1317,true,1,6862017
7290112000842,false,דטול מגבונים לניקוי כללי בניחות לימון 60 יח',רקיט בנקיזר,PL,דטול מגבונים לניקוי,יח',60.00,יח',false,,7.90,0.1317,true,1,6861986
7290112000873,false,מטליות לחות לחדר האמבטיה מנקה ומחטא עוצמתי,רקיט בנקיזר,US,דטול מגבונים לאמבטיה,יח',60.00,יח',false,,7.90,0.1317,true,1,6861987
7290112000880,false,מטליות לחות למטבח מנקה ומחטא עוצמתי,רקיט בנקיזר,PL,דטול מגבונים למטבח 6,יח',60.00,יח',false,,7.90,0.1317,true,1,6861988
7290112001030,false,"אירוויק ספרי אוטמטי מילוי פריחת הדובדבן 250 מ""ל","יצרן המכשיר: זובלה, שנזן",HU,אירוויק מילוי מכשיר,מיליליטרים,250.00,"100 מ""ל",false,,14.90,0.0596,true,1,6861991
7290112001436,false,"פיניש מנקה מדיח כלים בניחוח לימון 250 מ""ל",רקיט בנקיזר,PL,פיניש מנקה מדיח כלים,מיליליטרים,250.00,"100 מ""ל",false,,14.90,0.0596,true,1,8084972
7290112001870,false,"סיליט באנג ספריי ניקוי אמבטיה 750 מ""ל",רקיט בנקיזר,PL,סיליט באנג אמבטיות 7,מיליליטרים,750.00,"100 מ""ל",false,,12.50,0.0167,true,1,7769577
7290112002044,false,טבליות פיניש מנקה מדיח 3 יח,רקיט בנקיזר,HU,פיניש מנקה מדיח טבלי,מטרים,1000.00,100 מ'ל,false,,14.90,0.0149,true,1,7680478
7290112002105,false,קולון גל כביסה מרוכז 2.5 ליטר ניחוח לילך,רקיט בנקיזר,IL,קולון ג'ל 2.5 לי ניח,יח',1.00,יח',false,,24.90,24.9000,true,1,7951578
7290112002112,false,ג'ל כביסה קולון בניחוח ורדים 2.5 ליטר,רקיט בנקיזר,IL,קולון ג'ל 2.5 לי ניח,יח',1.00,יח',false,,24.90,24.9000,true,1,7951579
7290112002136,false,ג'ל כביסה מרוכז קולון 101 קלאסי,רקיט בנקיזר,IL,קולון ג'ל 4לי,יח',1.00,יח',false,,34.50,34.5000,true,1,7951581
7290112002143,false,ג'ל כביסה מרוכז קולון 101 בניחוח לבנדר,רקיט בנקיזר,IL,קולון ג'ל 4לי ניחוח,יח',1.00,יח',false,,34.50,34.5000,true,1,7951582
7290112002150,false,ג'ל כביסה מרוכז קולון 101 בניחוח מאסק,רקיט בנקיזר,IL,קולון ג'ל 4לי ורדים,יח',1.00,יח',false,,34.50,34.5000,true,1,7951583
7290112002167,false,קולון ג'ל כביסה בניחוח פריחה מרענן ירוק 4 ליטר,רקיט בנקיזר,IL,קולון ג'ל 4 לי,יח',1.00,יח',false,,34.50,34.5000,true,1,7951584
7290112003140,false,"אירוויק ספרי אוטמטי מילוי מנגו מרענן 250 מ""ל",RECKITT BENCKISER UK,GB,אירוויק פרשמטיק מילו,יח',1.00,יח',false,,14.90,14.9000,true,1,8244638
7290112003188,false,קולון קפסולות גל לכביסה 60 יחידות,רקיט בנקיזר,IT,קולון קאפס 60 טבליות,יח',1.00,יח',false,,53.80,53.8000,true,1,8279925
7290112003232,false,אבקת כביסה בניחוח לבנדר קולון 5 ק''ג,זוהר דליה,IL,אבקת כביסה קולון לבנ,יח',1.00,יח',false,,38.90,38.9000,true,1,8259740
7290112003249,false,אבקת כביסה בניחוח מאסק קולון 5 ק''ג,זוהר דליה,IL,אבקת כביסה קולון מאס,יח',1.00,יח',false,,38.90,38.9000,true,1,8259741
7290112003423,false,"אירוויק מקלות ריחניים יער אננס ורוזמרין 80 מ""ל",רקיט בנקיזר,HU,איירוויק בוטניקה מקל,יח',1.00,יח',false,,19.90,19.9000,true,1,8296883
7290112003843,false,"קלגון גל אנטי בקטריאלי 750 מ""ל",רקיט בנקיזר,IT,קלגון ג'ל אנטיבקטריא,יח',1.00,יח',false,,29.90,29.9000,true,1,8325158
7290112004031,false,ג'ל מסיר כתמים לכביסה צבעונית וניש אוקסי אקשן,קליה וניש Kalia Vanish,PL,"וניש גולד ג'ל 940 מ""",מיליליטרים,940.00,"100 מ""ל",false,,19.90,0.0212,true,1,8360053
7290112004109,false,מטליות לחות לניקוי כללי וחיטוי בריח ליים ונענע- מארז,רקיט בנקיזר,PL,דטול מארז מגבונים לח,יח',1.00,יח',false,,19.90,19.9000,true,1,8298832
7290112004185,false,"פיניש נוזל הברקה אקולוגי למדיח 400 מ""ל",רקיט בנקיזר,PL,נוזל הברקה אקולוגי פ,מיליליטרים,400.00,"100 מ""ל",false,,14.90,0.0373,true,1,8332311
7290112004208,false,פיניש טבליות למדיח הכל ב 1 לימון 50 יחידות,רקיט בנקיזר,PL,פיניש טבליות 50יח לי,יח',1.00,יח',false,,34.90,34.9000,true,1,8332313
7290112004253,false,"קרם בספריי להסרת שיער לעור רגיש 150 מ""ל ויט",רקיט בנקיזר,,ויט קרם בספריי להסרת,מיליליטרים,150.00,"100 מ""ל",false,,19.90,0.1327,true,1,8351926
7290112004413,false,"ספריי וניש קליה להסרת כתמים לבגדים לבנים 750 מ""ל",רקיט בנקיזר,PL,וניש קליה ספריי להסר,מיליליטרים,750.00,"100 מ""ל",false,,16.80,0.0224,true,1,8391563
7290112004611,false,"וניש קליה ג'ל מרוכז לטיפול נקודתי בכתמים 200 מ""ל",רקיט בנקיזר,PT,וניש גולד ג'ל עוצמתי,מטרים,200.00,100 מ'ל,false,,16.50,0.0825,true,1,8380190
7290112004970,false,פיניש אולטימייט קוואנטום 50 טבליות למדיח,רקיט בנקיזר,IL,פיניש אולטימייט 50,יח',60.00,יח',false,,59.90,0.9983,true,1,8430969
7290112005045,false,וניש תוסף כביסה רב תכליתי לבגדים לבנים,קליה וניש Kalia Vanish,IT,וניש אבקה לכביסה לבנ,גרמים,480.00,100 גרם,false,,16.90,0.0352,true,1,8427135
7290112005052,false,וניש תוסף כביסה רב תכליתי לבגדים לבנים,קליה וניש Kalia Vanish,IT,וניש אבקה לכביסה לבנ,גרמים,1500.00,100 גרם,false,,39.90,0.0266,true,1,8427136
7290112005076,false,וניש תוסף כביסה רב תכליתי לכביסה צבעונית,קליה וניש Kalia Vanish,IT,וניש אבקה לכביסה צבע,גרמים,480.00,100 גרם,false,,16.90,0.0352,true,1,8427137
7290112005083,false,וניש תוסף כביסה רב תכליתי לכביסה צבעונית,קליה וניש Kalia Vanish,IT,וניש אבקה לכביסה צבע,קילוגרמים,1.50,"ק""ג",false,,39.90,26.6000,true,1,8426725
7290112005168,false,פיניש אולטימייט קוואנטום לימון 60 טבליות למדיח,רקיט בנקיזר,PL,פיניש קוואנטום 60 טב,יח',60.00,יח',false,,59.90,0.9983,true,1,8430970
7290112011008,false,רוטב ברביקיו 560גר רמי לוי,,,רוטב ברביקיו 560גר ר,גרמים,560.00,100 גרם,false,,9.90,0.0177,true,1,6063892
7290112011985,false,רוטב טריאקי 560 גרם רמילוי,,,רוטב טריאקי 560 גרם,גרמים,560.00,100 גרם,false,,9.90,0.0177,true,1,7656409
7290112012845,false,רוטב מרינדה שום ודבש רמילוי,,,רוטב מרינדה שום ודבש,מטרים,570.00,100 מ'ל,false,,9.90,0.0174,true,1,8341656
7290112012869,false,רוטב טריאקי גינגר ושומשום רמילוי,,,רוטב טריאקי גינגר וש,גרמים,590.00,100 גרם,false,,9.90,0.0168,true,1,8341625
7290112013767,false,רמי לוי רוטב אלף האיים 500 גר' 6X,,,רמי לוי רוטב אלף האי,גרמים,500.00,100 גרם,false,,9.90,0.0198,true,1,5412484
7290112013774,false,רוטב אלף האיים לייט 500 ג רמילוי,,,רוטב אלף האיים לייט,גרמים,500.00,100 גרם,false,,9.90,0.0198,true,1,5412485
7290112013781,false,רמי לוי רוטב ויניגרט 500 גר',,,רמי לוי רוטב ויניגרט,גרמים,500.00,100 גרם,false,,9.90,0.0198,true,1,5412486
7290112013798,false,רמי לוי רוטב וינגרט לייט 500 גר',,,רמי לוי רוטב וינגרט,גרמים,500.00,100 גרם,false,,9.90,0.0198,true,1,5412487
7290112190437,false,פופקורן קלאסי 65ג רמ,,,פופקורן קלאסי 65ג רמ,גרמים,65.00,100 גרם,false,,3.90,0.0600,true,1,6064326
7290112190543,false,דקדקים קצח 200ג רמילוי,,,דקדקים קצח 200ג רמיל,גרמים,200.00,100 גרם,false,,6.50,0.0325,true,1,6179346
7290112190765,false,ספגטי 500 ג רמי לוי,,,ספגטי 500 ג רמי לוי,גרמים,500.00,100 גרם,false,,4.90,0.0098,true,1,6775048
7290112191090,false,טורטייה עם קמח כוסמת מלא 320 ג',,,טורטיה קמח כוסמת מלא,גרמים,320.00,100 גרם,false,,7.90,0.0247,true,1,7369100
7290112191113,false,טורטיות עם זרעי צ'יה 320 ג',,,טורטיה וזרעי צ'יה 32,גרמים,320.00,100 גרם,false,,7.90,0.0247,true,1,7369101
7290112191328,false,ניוקי 500 ג רמי לוי,,,ניוקי 500 ג רמי לוי,גרמים,500.00,100 גרם,false,,6.90,0.0138,true,1,6889773
7290112191335,false,מיני ניוקי 500 ג רמי לוי,,,מיני ניוקי 500 ג רמי,גרמים,500.00,100 גרם,false,,6.90,0.0138,true,1,6889774
7290112191878,false,פתיתים 50% קמח מלא 500גר רמילוי,,,פתיתים 50% קמח מלא 5,גרמים,500.00,100 גרם,false,,4.50,0.0090,true,1,7313626
7290112191984,false,מארז קפסולות אספרסו חזק 50יח רמילוי,,,מארז קפסולות אספרסו,יח',1.00,יח',false,,39.00,39.0000,true,1,7362395
7290112192158,false,"ניוקי תפו""א 500 גרם ללא גלוטן",,IT,ניוקי תפוא ללא גלוטן,גרמים,500.00,100 גרם,false,,10.90,0.0218,true,1,7411472
7290112192578,false,משחת שיניים פרודונטקס אקסטרה פרש הגנה מלאה,ג'י.אס.קיי קונסיומר,IE,פרודונטקס הגנה מלאה,מטרים,75.00,100 מ'ל,false,,34.90,0.4653,true,1,7899041
7290112192875,false,"סנסודיין - משחת שיניים רגישות וחניכיים 75 מ""ל",סנסודיין Sensodyne,GB,סנסודיין חניכיים רגי,יח',1.00,יח',false,,33.90,33.9000,true,1,8108145
7290112192882,false,"סנסודיין - משחת שיניים רגישות וחניכיים מלבינה 75 מ""ל",ג'י.אס.קיי קונסיומר,GB,סנסודיין מלבינה 75 מ,יח',1.00,יח',false,,33.90,33.9000,true,1,8108146
7290112192905,false,מברשת לשיניים רגישות ובעיות חניכיים סנסודיין,סנסודיין Sensodyne,DE,מברשת סנסודיין סופט,מטרים,100.00,100 מ'ל,false,,24.90,0.2490,true,1,8108147
7290112193292,false,"סטייל - מתולתלות מסכה לטיפול עמוק 500 מ""ל",א.ל.ארמן ייצור תמרוקים ב,IL,מסכה מתולתלות 500 מל,מיליליטרים,500.00,"100 מ""ל",false,,25.90,0.0518,true,1,8245564
7290112193315,false,"סטייל - מתולתלות קרם לחות להורדת פריז 400 מ""ל",א.ל.ארמן ייצור תמרוקים ב,IL,קרם לחות מתותלות 400,מיליליטרים,400.00,"100 מ""ל",false,,25.90,0.0647,true,1,8248636
7290112194176,false,פריכיות דקות תירס 100ג רמילוי,,,פריכיות דקות תירס 10,יח',1.00,יח',false,,7.50,7.5000,true,1,7677324
7290112194237,false,פסטה פרפאלה 500 גר רמילוי,,,פסטה פרפאלה 500 גר ר,גרמים,500.00,100 גרם,false,,6.90,0.0138,true,1,8244193
7290112194367,false,סכיני גילוח לאישה 10יח רמילוי,,,סכיני גילוח לאישה 10,יח',1.00,יח',false,,14.90,14.9000,true,1,8212315
7290112194381,false,סכיני גילוח 3 להבים לאישה 4יח רמילוי,,,סכיני גילוח 3 להבים,יח',1.00,יח',false,,14.90,14.9000,true,1,8212317
7290112194503,false,טורטיה חיטה 320 גר,,,טורטיה חיטה 320 גר,גרמים,320.00,100 גרם,false,,8.50,0.0266,true,1,8024179
7290112194510,false,טורטיה חיטה 450גר,,,טורטיה חיטה 450גר,גרמים,450.00,100 גרם,false,,9.90,0.0220,true,1,8024180
7290112194527,false,טורטיה חיטה 560 גר,,,טורטיה חיטה 560 גר,גרמים,560.00,100 גרם,false,,9.90,0.0177,true,1,8024289
7290112194534,false,טורטיה חיטה מלאה 320 גר,,,טורטיה חיטה מלאה 320,גרמים,320.00,100 גרם,false,,8.50,0.0266,true,1,8024290
7290112194541,false,טורטיה חיטה מלאה 560 גר,,,טורטיה חיטה מלאה 560,גרמים,560.00,100 גרם,false,,9.90,0.0177,true,1,8024291
7290112194909,false,דקדקים בייגלה שטוח וקימל 200 גר,,,דקדקים בייגלה שטוח ו,גרמים,200.00,100 גרם,false,,6.50,0.0325,true,1,8264869
7290112195029,false,רגעים מתוקים ביסקויט בתחתית שוקולד לבן,,,רגעים מתוקים ביסקויט,גרמים,102.00,100 גרם,false,,4.90,0.0480,true,1,8249010
7290112195036,false,רגעים מתוקים ביסקויט בתחתית שוקולד מריר,,,רגעים מתוקים ביסקויט,גרמים,102.00,100 גרם,false,,4.90,0.0480,true,1,8249011
7290112195104,false,חמאת בוטנים רמילוי,,,חמאת בוטנים רמילוי,גרמים,500.00,100 גרם,false,,10.90,0.0218,true,1,8287764
7290112195111,false,חמאת בוטנים עם שבבים רמי לוי,,,חמאת בוטנים עם שבבים,גרמים,500.00,100 גרם,false,,10.90,0.0218,true,1,8287765
7290112195340,false,פרכיות 165 גרם,,,פרכיות 165 גרם,גרמים,165.00,100 גרם,false,,6.50,0.0394,true,1,8294736
7290112195425,false,משקה אורז 1לי רמי לוי,,,משקה אורז 1לי רמי לו,ליטרים,1.00,ליטר,false,,5.80,5.8000,true,1,8356022
7290112195463,false,משקה שיבולת שועל 1לי רמי לוי,,,משקה שיבולת שועל 1לי,ליטרים,1.00,ליטר,false,,5.80,5.8000,true,1,8356026
7290112195548,false,קוסקוס דורום 500ג רמילוי,,,קוסקוס דורום 500ג רמ,גרמים,500.00,100 גרם,false,,5.90,0.0118,true,1,8352052
7290112195685,false,חישוקים דגני בוקר טעם עוגיות 420גר,,,חישוקים דגני בוקר טע,גרמים,420.00,100 גרם,false,,9.90,0.0236,true,1,8385007
7290112195753,false,"תות שדה קפוא 1 ק""ג",,,"תות שדה קפוא 1 ק""ג",יחידה,0.00,יחידה,false,,14.90,0.0000,true,1,8462192
7290112196385,false,אטריות מקמח כוסמין מלא 400 גר,,,אטריות מקמח כוסמין מ,גרמים,400.00,100 גרם,false,,14.90,0.0373,true,1,8303203
7290112196521,false,חטיפי קרקר כוסמין שומשום,,,חטיפי קרקר כוסמין שו,יח',1.00,יח',false,,9.90,9.9000,true,1,8333239
7290112196644,false,פירורי לחם כוסמין 20,,,פרורי לחם כוסמין,יח',1.00,יח',false,,8.90,8.9000,true,1,8332405
7290112196774,false,ביסקוויט כוסמין חצי מצופה 175 גרם,,,ביסקוויט חצי מצופה כ,גרמים,175.00,100 גרם,false,,11.90,0.0680,true,1,8332406
7290112196798,false,קמח כוסמין 8מלא מנופה 1קג,,,קמח כוסמין 8מלא מנופ,יח',1.00,יח',false,,16.90,16.9000,true,1,8338928
7290112197061,false,"סטייל - תחליב רחצה לניקוי וטיפוח הידיים ארגן 500 מ""ל",רנקסאן פלסטיק יאנגר,TR,תחליב רחצה 25% לחות,מטרים,500.00,100 מ'ל,false,,9.90,0.0198,true,1,8384625
7290112197092,false,"סטייל - סבון מעוצב ניו יורק 500 מ""ל",רנקסאן פלסטיק יאנגר,TR,סבון מעוצב ניו יורק,מטרים,500.00,100 מ'ל,false,,9.90,0.0198,true,1,8424155
7290112197139,false,"סטייל - סבון ידיים אדום 500 מ""ל חדש",רנקסאן פלסטיק יאנגר,TR,סבון ידיים אדום 500,מטרים,500.00,100 מ'ל,false,,7.90,0.0158,true,1,8384628
7290112197191,false,דגני בוקר כהים במילוי קרם וניל ללא גלוטן 375 ג' G FREE,נטורל קייקס,IL,דגני בוקר כהים במילו,גרמים,395.00,100 גרם,false,,21.90,0.0554,true,1,8386261
7290112197443,false,טרו שוקולד חלב מופחת,אימפריאל,PT,טרו שוקולד חלב 100 ג,גרמים,100.00,100 גרם,false,,11.90,0.1190,true,1,8475402
7290112197450,false,טרו שוקולד חלב+אגוזים 100 גר,אימפריאל,PT,טרו שוקולד חלב+אגוזי,גרמים,100.00,100 גרם,false,,11.90,0.1190,true,1,8475403
7290112197467,false,טרו שוקולד מריר 100 גרם,אימפריאל,PT,טרו שוקולד מריר 100,גרמים,100.00,100 גרם,false,,11.90,0.1190,true,1,8475404
7290112197474,false,טרו שוקולד מריר+אגוזים 100 גר,אימפריאל,PT,טרו שוקולד מריר+אגוז,גרמים,100.00,100 גרם,false,,11.90,0.1190,true,1,8475405
7290112197481,false,טרו שוקולד מריר+מלח 100 גר,אימפריאל,PT,טרו שוקולד מריר+מלח,גרמים,100.00,100 גרם,false,,11.90,0.1190,true,1,8475406
7290112197573,false,טרו ריבת תות מופחת,סימה,BG,טרו ריבת תות 250 גר,גרמים,250.00,100 גרם,false,,14.90,0.0596,true,1,8475496
7290112197580,false,טרו ריבת משמש 250 גרם,סימה,BG,טרו ריבת משמש 250 גר,גרמים,250.00,100 גרם,false,,14.90,0.0596,true,1,8475497
7290112197597,false,טרו ריבת פירות יער 250 גרם,סימה,BG,טרו ריבת פירות יער 2,גרמים,250.00,100 גרם,false,,14.90,0.0596,true,1,8475498
7290112197719,false,פיצה משפחתית  זיתים 330 ג' ללא גלוטן ג'י פרי,נטורל קייקס,IL,פיצה זיתים ללא גלוטן,גרמים,330.00,100 גרם,false,,24.90,0.0755,true,1,8446520
7290112199027,false,טרו רוטב צ'ילי מתוק 575 גרם,באקו,TH,טרו רוטב צ'ילי מתוק,גרמים,575.00,100 גרם,false,,15.90,0.0277,true,1,8475409
7290112199034,false,טרו רוטב סויה בסגנון סיני 330 גרם,באקו,TH,טרו רוטב סויה סגנון,גרמים,330.00,100 גרם,false,,11.90,0.0361,true,1,8475410
7290112330352,false,"יוגורט PRO בטעם וניל 0% , 20 גרם חלבון בגביע","שטראוס בריאות בע""\מ",IL,דנונה פרו 20ג וניל 0,גרמים,200.00,100 גרם,false,,5.90,0.0295,true,1,7497830
7290112330390,false,דנונה פרו פירות יער 20 גרם חלבון 0% שומן 200 גרם,"שטראוס בריאות בע""\מ",IL,דנונה פרו 20ג פירות,גרמים,200.00,100 גרם,false,,5.90,0.0295,true,1,7497831
7290112330420,false,דנונה פרו לבן 2.9% שומן 150 גרם,מיוצר עי קונדיטוריית,IL,דנונה פרו לבן 2.9%,גרמים,150.00,100 גרם,false,,4.50,0.0300,true,1,7268008
7290112332585,false,פריכיות משולש תפוא אורז בתיבול סלק ומלח ים אנרג'י 30 גרם,"פרח תעשיו מזון בע""מ",IL,פריכיות תפוא אורז בת,גרמים,30.00,גרם,false,,4.90,0.1633,true,1,7625160
7290112332691,false,פינוקיות עוגיות קרם פסק זמן אגוזים 200 גרם,"הגביע מוצרי וופלים בע""\מ",IL,עוגיית קרם פסק אגוזי,גרמים,200.00,100 גרם,false,,9.90,0.0495,true,1,7736012
7290112332875,false,מסטיק מאסט קוביות בטעם מנטה עדינה 86 ג' עלית,אסקום קונפקשיין,DE,מאסט קוביות מנטה עדי,גרמים,86.00,100 גרם,false,,12.90,0.1500,true,1,7537367
7290112334596,false,שוקולית 935 גר עלית,שטראוס קפה בי.וי.,IL,שוקולית 850+10% גרם,גרמים,935.00,100 גרם,false,,14.80,0.0158,true,1,8276355
7290112335487,false,הפריכיות הטעימות קצח ודגנים אנרג'י 135 גרם,"פרח תעשיות מזון בע""\מ",IL,פריכיות הטעימות קצח,גרמים,135.00,100 גרם,false,,7.70,0.0570,true,1,7680359
7290112335494,false,הפריכיות הטעימות תפוחי אדמה בטעם פוטטוס,"פרח תעשיות מזון בע""\מ",IL,פריכיות הטעימות פוטט,גרמים,135.00,100 גרם,false,,7.70,0.0570,true,1,7680360
7290112335500,false,"פרכיות אנרג'י חומוס,אורז,עדשים שחורות וקינואה 135 גרם","פרח תעשיות מזון בע""\מ",IL,פריכיות הטעימות חלבו,גרמים,135.00,100 גרם,false,,7.70,0.0570,true,1,7680361
7290112336637,false,סוכריות מאסט Must ללא סוכר יוגורט תות ואוכניות,שטראוס גרופ,PL,"סוכריות לל""ס יוגורט",גרמים,80.00,100 גרם,false,,6.90,0.0863,true,1,7938664
7290112336644,false,סוכריות מאסט ללא סוכר לימון 80 ג' עלית,שטראוס גרופ,PL,"סוכריות לל""ס לימון 8",גרמים,80.00,100 גרם,false,,6.90,0.0863,true,1,7938665
7290112336651,false,סוכריות מאסט ללא סוכר ריבת חלב 80 ג' עלית,שטראוס גרופ,PL,"סוכריות לל""ס ריבת חל",גרמים,80.00,100 גרם,false,,6.90,0.0863,true,1,7938666
7290112336712,false,יוגורט PRO לבן 0% 21 גרם חלבון בגביע,"שטראוס בריאות בע""מ",IL,דנונה פרו 21 0%,גרמים,200.00,100 גרם,false,,5.90,0.0295,true,1,7360087
7290112337474,false,סוכריות מאסט ללא סוכר פטל לימון 80 ג' עלית,שטראוס גרופ,PL,"סוכריות לל""ס פטל לימ",גרמים,80.00,100 גרם,false,,6.90,0.0863,true,1,7938667
7290112337481,false,סוכריות מאסט ללא סוכר קפצ''ינו 80 ג' עלית,שטראוס גרופ,PL,"סוכריות לל""ס קפוצינו",גרמים,80.00,100 גרם,false,,6.90,0.0863,true,1,7938668
7290112338877,false,מעדן גבינה בטעם תות 3% 125ג' סקי,"שטראוס בריאות בע""\מ",IL,סקי תות 3% 125 גר,גרמים,125.00,100 גרם,false,,3.70,0.0296,true,1,7219249
7290112339171,false,מילקי מוס עם שוקולד וקצפת,מיוצר עי קונדיטוריית,IL,מילקי מוס 81 גר,גרמים,81.00,גרם,false,,3.30,0.0407,true,1,7219251
7290112339362,false,דנונה לייט אנד פריי בטעם קפוצ'ינו 150 גרם,"שטראוס בריאות בע""\מ",IL,דנונה דיאט קפוצינו,גרמים,150.00,100 גרם,false,,4.30,0.0287,true,1,8102735
7290112339867,false,גמדים לדרך גבינה לבנה עם מחית תות,"שטראוס בריאות בע""\מ",IL,גמדים סקוויז לדרך תו,גרמים,100.00,100 גרם,false,,5.40,0.0540,true,1,7268010
7290112339874,false,גמדים לדרך גבינה לבנה עם מחיות תות ובננה,"שטראוס בריאות בע""\מ",IL,גמדים סקוויז לדרך תו,גרמים,100.00,100 גרם,false,,5.40,0.0540,true,1,7268011
7290112340122,false,הפריכיות הטעימות 3 דגנים אנרג'י 135 גרם,"פרח תעשיות מזון בע""\מ",IL,פריכיות הטעימות 3 דג,גרמים,135.00,100 גרם,false,,7.70,0.0570,true,1,7680362
7290112340245,false,צנצנת מסטיק מאסט בטעם דובדבן 66 ג' עלית,"שטראוס גרופ בע""\מ",IL,מאסט דובדבן צנצנת 66,יח',1.00,יח',false,,8.90,8.9000,true,1,7459053
7290112340252,false,צנצנת מסטיק מאסט בטעם אבטיח מלון 66 ג' עלית,"שטראוס גרופ בע""\מ",IL,מאסט אבטיח מלון צנצנ,יח',1.00,יח',false,,8.90,8.9000,true,1,7459054
7290112340276,false,פינוקיות עוגיות קרם קפה 200 גרם,"הגביע מוצרי וופלים בע""\מ",IL,עוגיית קרם קפה נמס 2,גרמים,200.00,100 גרם,false,,9.90,0.0495,true,1,7736014
7290112340900,false,קפה טורקי האג נטול קפאין 200 גרם,הנסיך- מפעל לייצור ט,IL,האג קפה טורקי 200 גר,גרמים,200.00,100 גרם,false,,24.90,0.1245,true,1,8269587
7290112341006,false,מארז מילקי קצפת כפיות שוקולד 176 גרם,"שטראוס גרופ בע""\מ",IL,מארז מילקי קצפת כפיו,גרמים,172.00,100 גרם,false,,7.90,0.0459,true,1,7459058
7290112341556,false,יוגורט אקטיביה עם צ'יה ותות 150 גרם,"שטראוס בריאות בע""\מ",IL,אקטיביה צ'יה ותות,גרמים,150.00,100 גרם,false,,4.50,0.0300,true,1,7881544
7290112341686,false,שמינייה יוגורט לבן אקטיביה 3% דנונה 150 גרם.,מיוצר עי קונדיטוריית,IL,יוגורט אקטיביה 3% 15,ליטרים,1.20,ליטר,false,,19.90,16.5833,true,1,7881545
7290112342102,false,סימפוניה גבינה במרקם שמנת בצל מקורמל 5%,"שטראוס בריאות בע""\מ",IL,סימפוניה בצל מקורמל,גרמים,200.00,100 גרם,false,,9.70,0.0485,true,1,8190968
7290112342270,false,קפה פלטינום אינטנס מחוזק ב- 10% אספרסו,שטראוס קפה בי.וי,IL,קפה פלטינום אינטנס 1,גרמים,125.00,100 גרם,false,,15.90,0.1272,true,1,7820805
7290112343260,false,"יטבתה רוטב שמנת קלאסי 9% שומן 260 מ""ל",שטראוס גרופ,IL,רוטב שמנת קלאסי 9%,מיליליטרים,260.00,"100 מ""ל",false,,9.80,0.0377,true,1,8113556
7290112343413,false,"משקה שוקו ספלנדיד יטבתה 350 מ""ל",שטראוס גרופ,IL,שוקו ספלנדיד מריר 35,מיליליטרים,350.00,"100 מ""ל",false,,6.20,0.0177,true,1,8113558
7290112343420,false,"משקה חלב עם דגנים מלאים ובננה פרו יטבתה 350מ""ל",מחלבת יטבתה,IL,יטבתה פרו ארוחת בוקר,מיליליטרים,350.00,"100 מ""ל",false,,6.90,0.0197,true,1,8212757
7290112343499,false,חטיף צ'יטוס פאפס אפוי בטעם גבינה,"שטראוס פריטו ליי בע""\מ )",IL,ציטוס פופס 55 גר,יח',1.00,יח',false,,3.10,3.1000,true,1,8346649
7290112344564,false,רביולי גבינה קלאסי שטראוס 400 ג',"שטראוס גרופ בע""\מ",IL,רביולי גבינה,גרמים,300.00,100 גרם,false,,16.70,0.0557,true,1,7881588
7290112344724,false,מעדן בטעם שוקולד בלונדי 170 ג' מילקי,מיוצר עי קונדיטוריית,IL,מילקי טעם שוקולד בלנ,גרמים,133.00,100 גרם,false,,3.30,0.0248,true,1,8113560
7290112344755,false,מילקי שוקולד 26% פחות סוכר 135 גרם,מיוצר עי קונדיטוריית,IL,מילקי 26% פחות סוכר,מיליליטרים,135.00,"100 מ""ל",false,,2.70,0.0200,true,1,8293342
7290112344786,false,קפה פלטינום קלאסיק עלית 200 גרם,שטראוס קפה בי.וי.,IL,פלטינום קלאסיק 200 ג,גרמים,200.00,100 גרם,false,,19.70,0.0985,true,1,8235680
7290112344861,false,מעדן מילקי קפוצינו ו,"שטראוס גרופ בע""\מ",IL,מילקי קפוצינו 133 גר,גרמים,133.00,100 גרם,false,,3.30,0.0248,true,1,8331844
7290112344953,false,סימפוניה חציל קלוי גבינה במקרם שמנת 5%,"שטראוס בריאות בע""\מ",IL,סימפוניה חציל קלוי 5,גרמים,200.00,100 גרם,false,,9.70,0.0485,true,1,8301684
7290112346360,false,בפלות אחת אחת ופל בטעם שוקולד מצופה שוקולד,הגביע מוצרי וופלים ב,GR,בפלות אחת אחת בציפוי,גרמים,180.00,100 גרם,false,,11.90,0.0661,true,1,8214652
7290112346537,false,עוגיות פינוקיות בטעם טורטית 200 ג' עלית,"הגביע מוצרי ופלים בע""\מ",IL,פינוקיות טורטית במיל,גרמים,200.00,100 גרם,false,,9.90,0.0495,true,1,8192168
7290112346629,false,דנונה בר יוגורט+קורנפלקס מצופה שוקולד חלב ולבן 172 גרם,"שטראוס בריאות בע""\מ",IL,יוגורט דנונה קורנפלק,מיליליטרים,172.00,"100 מ""ל",false,,4.30,0.0250,true,1,8249820
7290112346681,false,דנונה משקה יוגורט בטעם פירות יער 267 גר',"שטראוס בריאות בע""\מ",IL,משקה יוגורט דנונה פי,גרמים,267.00,100 גרם,false,,4.50,0.0169,true,1,8220500
7290112346773,false,יוגורט בטעם וניל 0% לייט אנד פרי 10 גרם חלבון בגביע,מיוצר עי קונדיטוריית,IL,דנונה לייט אנד פריי,גרמים,150.00,100 גרם,false,,4.30,0.0287,true,1,8301685
7290112346797,false,יוגורט אקטיביה שיבולת שועל ושזיף 150 גרם,מיוצר עי קונדיטוריית,IL,אקטיביה שיבולת שועל,גרמים,150.00,100 גרם,false,,4.50,0.0300,true,1,8235440
7290112346827,false,שמיניית אקטימל ויטמין C פטל 108 גרם,"שטראוס בריאות בע""\מ",IL,אקטימל ויטמין סי פטל,מיליליטרים,864.00,"100 מ""ל",false,,19.30,0.0223,true,1,8291294
7290112347008,false,גמדים לדרך גבינה לבנה עם מחית תות ושיבולת שועל,מיוצר עי קונדיטוריית,IL,גמדים ארוחת בוקר עם,יח',1.00,יח',false,,5.40,5.4000,true,1,8113566
7290112347473,false,מארז דנונה לייט אנד פריי תות ואפרסק 150 גרם 8 יחידות,מיוצר עי קונדיטוריית,IL,מארז דנונה דיאט תות,קילוגרמים,1.20,"ק""ג",false,,26.90,22.4167,true,1,8102744
7290112348142,false,שעועית לבנה 380 גר' בקופסה טעם הטבע,שטראוס טעם הטבע,IT,שעועית לבנה 380גר קו,גרמים,380.00,100 גרם,false,,6.90,0.0182,true,1,8249887
7290112348616,false,עלית - קפה נמס אגוזי לוז 100 גרם,שטראוס קפה בי.וי,IL,קפה נמס אגוזי לוז 10,גרמים,100.00,100 גרם,false,,14.80,0.1480,true,1,8280984
7290112348999,false,הפריכיות הטעימות תירס דקות אנרג'י 135 גרם,פרח תעשיות,IL,פריכיות הטעימות תירס,גרמים,135.00,100 גרם,false,,7.70,0.0570,true,1,8297820
7290112349316,false,מסטיק בזוקה פופים ממולא בטעם תות ללא סוכר,אסקום קונפקשיין,DE,בזוקה ביג פופים תות,יח',1.00,יח',false,,12.90,12.9000,true,1,8235655
7290112349606,false,מעדן גבינה ויוגורט תות בננה 88 ג' דניאלה,"שטראוס בריאות בע""\מ",IL,דניאלה תות בננה 88 ג,מיליליטרים,88.00,"100 מ""ל",false,,3.90,0.0443,true,1,8367172
7290112349637,false,מעדן גבינה בטעם ענבים 88 ג' דניאלה,"שטראוס בריאות בע""\מ",IL,דניאלה בטעם ענבים 5%,יח',1.00,יח',false,,3.90,3.9000,true,1,8113573
7290112349705,false,פומודורו רוטב עגבניות קלאסי לפסטה יד מרדכי 350 גרם,אמיליאנה קונסרב סוסייטה,IT,פומודורו רוטב עגבניו,גרמים,350.00,100 גרם,false,,10.90,0.0311,true,1,8215547
7290112349736,false,בזיליקום רוטב עגבניות לפסטה יד מרדכי 350 גרם,אמיליאנה קונסרב סוסייטה,IT,בזיליקום רוטב עגבניו,גרמים,350.00,100 גרם,false,,10.90,0.0311,true,1,8215548
7290112349750,false,פיצה רוטב עגבניות לפיצה יד מרדכי 350 גרם,אמיליאנה קונסרב סוסייטה,IT,רוטב עגבניות לפיצה 3,גרמים,350.00,100 גרם,false,,10.90,0.0311,true,1,8215550
7290112349897,false,מסטיק מאסט Must קוביות בטעם מנטה ללא סוכר,אסקום קונפקשיין,DE,מאסט קוביות מנטה 86,יח',1.00,יח',false,,13.90,13.9000,true,1,8235656
7290112350275,false,קפסולות LUNGO למכונת נספרסו עלית 10 יחידות,שטראוס קפה בי.וי,IL,קפסולות לונגו למכונת,יח',1.00,יח',false,,15.90,15.9000,true,1,8222768
7290112350312,false,קפסולות 15 קפה יותר למכונות נספרסו עלית 10יח',הנסיך- מפעל לייצור ט,IL,קפסולות 15 למכונת נס,יח',1.00,יח',false,,15.90,15.9000,true,1,8276356
7290112350589,false,ציקו אבקה להכנת משקה ציקוריה 65 גר,שטראוס קפה בי.וי,IL,קפה צ'יקו 65 גר,גרמים,65.00,100 גרם,false,,9.90,0.1523,true,1,8260751
7290112351067,false,סילאן טבעי 100% תמר מג'הול ללא תוספת סוכר,יד מרדכי,IL,סילאן טבעי לחיץ 630,מיליליטרים,630.00,"100 מ""ל",false,,23.90,0.0379,true,1,8236343
7290112351104,false,שוקולד פרה ממולא פיצפוצי אורז 100 ג' עלית,"שטראוס גרופ בע""\מ",IL,שוקולד פרה פיצפוצי א,גרמים,100.00,100 גרם,false,,4.90,0.0490,true,1,8241479
7290112351128,false,שוקולד פרה סוכריות קופצות וועסטהייים,"שטראוס גרופ בע""\מ",IL,שוקולד פרה סוכריות ק,גרמים,100.00,100 גרם,false,,4.90,0.0490,true,1,8260774
7290112351463,false,שלישיית סוכריות מאסט FRESH פטל לימון 45 ג' עלית,"הליקון גידה בע""\מ",TR,שלישיית סוכריות רפרש,יח',1.00,יח',false,,7.90,7.9000,true,1,8249842
7290112351470,false,סוכריות ללא סוכר בטעם תות רימון מאסט פרש,"הליקון גידה בע""\מ",TR,שלישיית סוכריות רפרש,יח',1.00,יח',false,,7.90,7.9000,true,1,8249843
7290112351524,false,עלי סלנובה 200 גר' שטראוס טעם הטבע,שטראוס בריאות ירקות טריי,IL,עלי סלנובה 200 גר' ש,גרמים,200.00,100 גרם,false,,11.90,0.0595,true,1,8262013
7290112354204,false,"ספגטי עגבניות 280 גר' ""דלישס"" שטראוס",גסטרונומיה פרוסט אס. אר.,IT,ספגטי עגבניות 280גרם,גרמים,280.00,100 גרם,false,,16.90,0.0604,true,1,8351124
7290112354945,false,תפוצ'יפס WAVY בטעם טבעי 50 גרם,שטראוס פריטו ליי בע”,IL,תפוצ'יפס בטעם טבעי 5,גרמים,50.00,100 גרם,false,,3.50,0.0700,true,1,8463582
7290112354952,false,תפוצ'יפס WAVY בטעם פפריקה 50 גרם,שטראוס פריטו ליי בע”,IL,תפוצ'יפס בטעם פפריקה,גרמים,50.00,100 גרם,false,,3.50,0.0700,true,1,8463583
7290112355027,false,דנונה פרו 20 גרם חלבון בטעם קרמל מלוח 200 גרם,"שטראוס בריאות בע""\מ",IL,דנונה פרו 20ג קרמל מ,גרמים,200.00,100 גרם,false,,5.90,0.0295,true,1,8293346
7290112355102,false,גמדים סקוויז 100 גרם פאוץ סלט פירות 100 גרם,"שטראוס בריאות בע""\מ",IL,גמדים פאוץ סלט פירות,גרמים,100.00,100 גרם,false,,5.40,0.0540,true,1,8301649
7290112355393,false,"יטבתה רוטב שמנת+בטטה 9% שומן 250 מ""ל",שטראוס גרופ,IL,רוטב שמנת עם בטטה 9%,מיליליטרים,257.00,"100 מ""ל",false,,9.80,0.0381,true,1,8458184
7290112355812,false,מעדן מילקי עם טופ קורנפלקס מצופה שוקולד,"שטראוס גרופ בע""\מ",IL,מילקי טופ קורנפלקס 1,גרמים,141.00,100 גרם,false,,4.50,0.0319,true,1,8411672
7290112357045,false,עגבניות איטלקיות מרוסקות 390 גר' בקופסה טעם הטבע,שטראוס טעם הטבע,IT,מחית עגבניות מרוסקות,גרמים,390.00,100 גרם,false,,6.20,0.0159,true,1,8249888
7290112357069,false,מחית עגבניות איטלקיות בקופסה 500 גר' טעם הטבע,שטראוס טעם הטבע,IT,מחית עגבניות איטלקיו,גרמים,500.00,100 גרם,false,,6.50,0.0130,true,1,8249889
7290112357083,false,טעם הטבע אפונה ירוקה 380 גרם קופסה,שטראוס טעם הטבע,IT,אפונת גינה 380 גר,גרמים,380.00,100 גרם,false,,6.90,0.0182,true,1,8249852
7290112357106,false,שעועית אדומה 380 גר' בקופסה טעם הטבע,שטראוס טעם הטבע,IT,שעועית אדומה 380גר ק,גרמים,380.00,100 גרם,false,,6.90,0.0182,true,1,8249890
7290112357175,false,קפסולות BOOST למכונת נספרסו עלית 10 יחידות,שטראוס קפה בי.וי,IL,קפסולות בוסט למכונת,יח',1.00,יח',false,,15.90,15.9000,true,1,8222731
7290112358127,false,יוגורט PRO בטעם וניל עוגיות פלוס מגנזיום,מיוצר עי קונדיטוריית,IL,דנונה פרו 20ג מגנזיו,גרמים,200.00,100 גרם,false,,5.90,0.0295,true,1,8291296
7290112358554,false,מארז קפה נמס מנות אישיות לדרך 50.4 גר,שטראוס רומניה,RO,מארז נמס לדרך,יח',1.00,יח',false,,9.90,9.9000,true,1,8276358
7290112359384,false,עלית - קפה נמס אלפחורס ריבת חלב 100 גרם,שטראוס קפה בי.וי,IL,קפה נמס אלפחורס ריבת,גרמים,100.00,100 גרם,false,,14.90,0.1490,true,1,8373164
7290112415400,false,עוגיות אלפחורס קפולסקי 280 גרם,תופינים מקבוצת קפולסקי,IL,עוגיות אלפחורס מקרר,גרמים,280.00,100 גרם,false,,29.90,0.1068,true,1,8238012
7290112490032,false,"נמס בכוס טעם תירס קנור 31 גרם מארז זוגי בד""צ",יוניליוור ישראל מזון בעמ,IL,"נמס בכוס תירס בד""ץ",גרמים,22.50,100 גרם,false,,6.50,0.2889,true,1,6905277
7290112490209,false,נמס בכוס מרק עגבניות עם קרוטונים רכיבים טבעיים,יוניליוור ישראל מזון בעמ,IL,נמס בכוס 100% רכיבים,יח',1.00,יח',false,,5.90,5.9000,true,1,6750573
7290112490216,false,מרק נמס בכוס בטעם עוף קנור 100% רכיבים טבעיים,יוניליוור ישראל מזון בעמ,IL,נמס בכוס טעם עוף וקר,גרמים,29.00,100 גרם,false,,5.90,0.2034,true,1,6750574
7290112490230,false,מרק נמס בכוס אפונה קנור 100% רכיבים טבעיים,יוניליוור ישראל מזון בעמ,IL,נמס בכוס 100% אפונה,גרמים,25.00,100 גרם,false,,5.90,0.2360,true,1,6750575
7290112490582,false,חרדל דיג'וןן צרפתי הלמנס 350 גר,יוניליוור מזון,FR,חרדל צרפתי דיז'ון 35,גרמים,350.00,100 גרם,false,,11.90,0.0340,true,1,6750576
7290112490728,false,מרק עשיר ירקות עם בורגול רכיבים טבעיים 95 ג' קנור,יוניליוור ישראל מזון בעמ,IL,מרק עשיר ירקות בורגו,גרמים,95.00,100 גרם,false,,11.90,0.1253,true,1,6905279
7290112490742,false,מרק עשיר פטריות עם גריסים רכיבים טבעיים 104 ג' קנור,יוניליוור ישראל מזון בע\,IL,קנור מרק עשיר פטריות,גרמים,104.00,100 גרם,false,,11.90,0.1144,true,1,6905281
7290112490759,false,מרק עשיר עוף עם אטריות רכיבים טבעיים 74 ג' קנור,יוניליוור ישראל מזון בעמ,IL,קנור מרק עשיר עוף אט,יח',1.00,יח',false,,11.90,11.9000,true,1,6905282
7290112490896,false,"קנור רוטב צ'ילי חריף 370 מ""ל PAL",אתר חיפה 778,IL,רוטב צ'ילי חריף קנור,מיליליטרים,370.00,"100 מ""ל",false,,9.90,0.0268,true,1,7067668
7290112491794,false,בייגלה דקים דקים בטעם שמנת ובצל בייגל בייגל 300 גרם,בייגל את בייגל מזון 198),IL,בייגלה דקים שמנת בצל,גרמים,300.00,100 גרם,false,,9.90,0.0330,true,1,7202275
7290112492456,false,"שמפו פינוק לשיער יבש/פגום 700 מ""ל",יוניליוור ישראל טיפוח אי,IL,פינוק שמפו שיער יבש,מיליליטרים,700.00,"100 מ""ל",false,,11.90,0.0170,true,1,8237918
7290112492470,false,"שמפו ומרכך 2 ב-1 לשיער יבש פינוק 700 מ""ל.",יוניליוור פארם,IL,"פינוק 2-1 יבש 700 מ""",יח',1.00,יח',false,,11.90,11.9000,true,1,8300577
7290112492593,false,תחליב רחצה פינוק בניחוח פינוק קלאסי 700,יוניליוור ישראל טיפוח אי,IL,פינוק תחליב רחצה קלא,מיליליטרים,700.00,"100 מ""ל",false,,9.90,0.0141,true,1,8078328
7290112492609,false,"תחליב רחצה פינוק 700 מ""ל לבנדר ווניל",יוניליוור ישראל טיפוח אי,IL,פינוק תחליב רחצה לבנ,מיליליטרים,700.00,"100 מ""ל",false,,9.90,0.0141,true,1,8078329
7290112492982,false,"אבקת מרק פטריות כשל""פ 100% רכיבים טבעיים 400 גרם",יוניליוור ישראל מזון בע\,IL,קנור מרק פטריות רכיב,גרמים,400.00,100 גרם,false,,18.90,0.0472,true,1,8121453
7290112492999,false,קנור מרק עוף אמיתי 400 גרם פרווה,יוניליוור ישראל מזון בע\,IL,קנור מרק טעם עוף 400,גרמים,400.00,100 גרם,false,,11.90,0.0298,true,1,8161541
7290112493088,false,נמס בכוס עדשים מרק רכיבים טבעיים קנור 54 ג',אתר חיפה אבקות - Foo,IL,נמס בכוס עדשים חריף,גרמים,24.00,2 גרם,false,,6.50,0.2708,true,1,7656083
7290112493095,false,נמס בכוס מרק עגבניות חריף רכיבים טבעיים קנור 48 ג',אתר חיפה אבקות - Foo,IL,נמס בכוס עגבניות חרי,גרמים,56.00,2 גרם,false,,6.50,0.1161,true,1,7656084
7290112493293,false,קנור - נמס ירקות וקרוטונים ר.טבעי 44 גרם,יוניליוור ישראל מזון בעמ,IL,נמס בכוס ירקות קרוטו,גרמים,24.00,2 גרם,false,,5.90,0.2458,true,1,7656085
7290112493316,false,מרק היום אפונה ר.טבעיים קנור 117 גרם,יוניליוור ישראל מזון בעמ,IL,מרק היום אפונה 100%,גרמים,117.00,100 גרם,false,,11.90,0.1017,true,1,7656086
7290112493927,false,גלידה בטעם ריבת חלב 1.33ל' קרמיסימו,"גלידת שטראוס בע""\מ, רחוב",IL,קרמיסימו ריבת חלב 1.,קילוגרמים,1.33,"ק""ג",false,,17.90,13.4586,true,1,8121533
7290112493934,false,גלידת וניל צרפתי קרמיסימו 1.33 ל,"גלידת שטראוס בע""\מ, רחוב",IL,קרמיסימו וניל צרפתי,קילוגרמים,1.33,"ק""ג",false,,17.90,13.4586,true,1,8121534
7290112493965,false,קרמיסימו חלבית בטעם מסטיק וניל 665 גר,"גלידת שטראוס בע""\מ, רחוב",IL,קרמיסימו מסטיגם 1.33,קילוגרמים,1.33,"ק""ג",false,,17.90,13.4586,true,1,8121535
7290112494238,false,קליק - כדורים חלב תפזורת 65 גרם,יוניליוור ישראל מזון בע\,IL,קליק שקית כדורים 65,יח',1.00,יח',false,,4.90,4.9000,true,1,8024268
7290112494313,false,קליק - קורנפלקס תפזורת 65 גרם,יוניליוור ישראל מזון בע\,IL,קליק שקית קורנפלקס 6,יח',1.00,יח',false,,4.90,4.9000,true,1,8024273
7290112494351,false,"קורנפלקס אלופים תלמה 850 ג בד""ץ","יוניליוור שפע ישראל בע""\",IL,קורנפלקס אלופים תלמה,גרמים,850.00,100 גרם,false,,16.90,0.0199,true,1,8227701
7290112494610,false,קנור רוטב עגבניות פיקנטי לדג 415 גרם,קונסורזיו קאסאלאסקו,IT,קנור רוטב עגבניות פי,גרמים,415.00,100 גרם,false,,9.90,0.0239,true,1,8161521
7290112495006,false,כריות נוגט 686 גרם - קופסא,"יוניליוור ישראל מזון בע""",IL,כריות נוגט תלמה 686,גרמים,686.00,100 גרם,false,,23.70,0.0345,true,1,8024275
7290112495037,false,דגני בוקר בטעם שוקולד כדורים 375 ג' קוקומן,יוניליוור שפע ישראל בעמ,IL,קוקומן כדורים בדצ 37,גרמים,375.00,100 גרם,false,,18.90,0.0504,true,1,8024278
7290112495174,false,נשנושי קרקר קוקטייל שומשום בייגל בייגל 300 גרם,בייגל את בייגל מזון 198),IL,נשנושים קרקר קוקטייל,גרמים,300.00,100 גרם,false,,11.90,0.0397,true,1,8024286
7290112495433,false,דגני דליפקאן תוספת אגוזי פקאן ושקדים 400 גר,"יוניליור שפע ישראל בע""\מ",IL,קורנפלקס דליפקאן 400,גרמים,400.00,100 גרם,false,,19.70,0.0492,true,1,7834324
7290112495662,false,קרקר חיטה מלאה ופשתן בייגל בייגל 300 גרם,"מיוצר ע""י קוד יצרן A",IL,קרקר חיטה מלאה ופשתן,גרמים,300.00,100 גרם,false,,8.90,0.0297,true,1,8220221
7290112495754,false,"רטבי הלמנס לסלט 300 מ""ל אלף האיים",יוניליוור ישראל מזון בעמ,IL,הלמנס רוטב אלף האיים,מיליליטרים,305.00,"100 מ""ל",false,,9.90,0.0325,true,1,8220462
7290112495761,false,"רטבי הלמנס לסלט 300 מ""ל אלף האיים לייט",יוניליוור ישראל מזון בעמ,IL,הלמנס רוטב לחיץ אלף,מיליליטרים,290.00,"100 מ""ל",false,,9.90,0.0341,true,1,8217704
7290112495785,false,רוטב לסלט שום הלמנס 300ג,יוניליוור ישראל מזון בעמ,IL,הלמנס רוטב שום 300מל,מיליליטרים,300.00,"100 מ""ל",false,,9.90,0.0330,true,1,8216241
7290112495792,false,הלמנס רוטב לסלט שום לייט 300 גר',יוניליוור ישראל מזון בעמ,IL,הלמנס רוטב שום לייט,מיליליטרים,300.00,"100 מ""ל",false,,9.90,0.0330,true,1,8216242
7290112495815,false,"רוטב חרדל ודבש לייט הלמנס 305 גרם בד""צ.",יוניליוור ישראל מזון בעמ,IL,הלמנס רוטב חרדל ודבש,גרמים,305.00,100 גרם,false,,9.90,0.0325,true,1,8226040
7290112495938,false,קרקר 6 דגנים בייגל בייגל 250 גרם,"מיוצר ע""\י קוד יצרן AF",IL,קרקר 6 דגנים בייגל ב,גרמים,250.00,100 גרם,false,,8.90,0.0356,true,1,8220224
7290112495976,false,פריכיות אורז בציפוי שוקולד חלב 35גר-חדש,"גוד פוד פרודקטס ,Sp.zo.o",PL,פריכיות אורז בציפוי,יח',1.00,יח',false,,3.90,3.9000,true,1,8236649
7290112496027,false,סירופ שוקולד אפיכל 580 גרם,יוניליוור ישראל מזון בע\,IL,אפיכל סירופ שוקולד 5,מיליליטרים,580.00,"100 מ""ל",false,,11.90,0.0205,true,1,8220271
7290112496034,false,סירופ מייפל אפיכל 580 גרם,יוניליוור ישראל מזון בע\,IL,אפיכל סירופ מייפל 58,מיליליטרים,580.00,"100 מ""ל",false,,11.90,0.0205,true,1,8220272
7290112496218,false,קנור רוטב טריאקי הפחתה של מעל 50% סוכר ונתרן 310 ג',יוניליוור ישראל מזון בעמ,IL,רוטב טריקאי 50% מופח,גרמים,380.00,100 גרם,false,,9.90,0.0261,true,1,8226008
7290112496430,false,קנור נמס בכוס אקסטרה עגבניות+אטריות 37 גרם - רבנות,יוניליוור ישראל מזון בע\,IL,נמס בכוס אקסטרה עגבנ,יח',1.00,יח',false,,3.90,3.9000,true,1,8304800
7290112496447,false,נמס בכוס אקסטרה טעם עוף עם המון אטריות 27ג',יוניליוור ישראל מזון בע\,IL,נמס בכוס אקסטרה מרק,יח',1.00,יח',false,,3.90,3.9000,true,1,8304801
7290112496461,false,נמס בכוס אקסטרה מרק ירקות עם המון אטריות,יוניליוור ישראל מזון בע\,IL,קנור נמס בכוס אקסטרה,יח',1.00,יח',false,,3.90,3.9000,true,1,8329844
7290112497031,false,קנור רוטב עגבניות לקציצות 415 גרם,יוניליוור מזון,IT,רוטב עגבניות לקציצות,מיליליטרים,415.00,"100 מ""ל",false,,9.90,0.0239,true,1,8325183
7290112497369,false,דאב דאו רול און טלק סופט לנשים,"יוניליוור אנגליה, דרך קו",GB,דאב רולאון טאלק 50 מ,גרמים,50.00,100 גרם,false,,14.90,0.2980,true,1,8298080
7290112497505,false,וזלין תחליב גוף בתוספת אלוורה 600 מל,"יוניליוור, ג'פרסון סיטי,",US,וזלין תחליב גוף בתוס,מיליליטרים,618.00,"100 מ""ל",false,,19.90,0.0322,true,1,8254926
7290112498441,false,"קנור רוטב אסיאתי למוקפץ 300 מ""ל בד""ץ",יוניליוור ישראל מזון בע\,IL,קנור רוטב אסיאתי למו,מיליליטרים,300.00,"100 מ""ל",false,,9.90,0.0330,true,1,8314934
7290112498915,false,מאגדת מיני מגנום שקדים מובחרים 250 ג',"מיוצר ע""\י גלידת שטראוס",IL,מאגדת מיני מגנום שקד,יח',1.00,יח',false,,24.90,24.9000,true,1,8329825
7290112498922,false,מאגדת מיני מגנום לבן שטראוס 250 גרם,"מיוצר ע""\י גלידת שטראוס",IL,מאגדת מיני מגנום לבן,יח',1.00,יח',false,,24.90,24.9000,true,1,8329826
7290112499097,false,מאגדת מיני מגנום שוקולד מריר 240 גרם,"מיוצר ע""\י גלידת שטראוס",IL,מגנום מיני שוקולד מר,יח',1.00,יח',false,,24.90,24.9000,true,1,8376223
7290112499189,false,"גלידת קרמיסימו חד קרן וניל תות, 1.33 ליטר","גלידת שטראוס בע""\מ, רחוב",IL,קרמיסימו חד קרן,ליטרים,1.33,ליטר,false,,17.90,13.4586,true,1,8419296
7290112499196,false,גלידה בטעם החלב של הקורנפלקס 1.33 ל' קרמיסימו,"גלידת שטראוס בע""\מ, רחוב",IL,קרמיסימו חלב קורנפלק,ליטרים,1.33,ליטר,false,,17.90,13.4586,true,1,8419297
7290112499219,false,שלגון שמנת מופחת שומן וקלוריות בטעם פיסטוק עם ריפל בטעם שוקולד מריר וציפוי חלקי של שוקולד חלב מעולה,"גלידת שטראוס בע""\מ, רחוב",IL,מאגדת גודיז פיסטוק ש,גרמים,240.00,100 גרם,false,,19.90,0.0829,true,1,8394839
7290112499226,false,גלידונית קרמיסימו פיסטוק בננה 630 גרם,"גלידת שטראוס בע""\מ, רח'",IL,גלידונית קרמיסימו פי,גרמים,630.00,100 גרם,false,,39.80,0.0632,true,1,8455483
7290112499462,false,פינוק תחליב רחצה 700 בתוספת שמן קוקוס,יוניליוור ישראל טיפוח אי,IL,פינוק תחליב רחצה שמן,מיליליטרים,700.00,"100 מ""ל",false,,9.90,0.0141,true,1,8325188
7290112499493,false,"רקסונה - דאודורנט ספריי לאישה אלוורה 150 מ""ל","ארנסט, רחוב קומבינצקיה 6",RU,רקסונה ספריי נשים במ,מיליליטרים,150.00,"100 מ""ל",false,,9.90,0.0660,true,1,8376218
7290112499509,false,"רקסונה - דאודורנט ספריי לאישה בניחוח אפרסק ולמון גראס 150 מ""ל","ארנסט, רחוב קומבינצקיה 6",RU,רקסונה דאו אפרסק 150,מטרים,150.00,100 מ'ל,false,,9.90,0.0660,true,1,8432757
7290112499776,false,גלידת שמנת מופחתת שומן וקלוריות בטעם שוקולד לבן 240 גרם,"גלידת שטראוס בע""\מ, רח'\",IL,מאגדת גודיז 3 שוקולד,גרמים,240.00,100 גרם,false,,19.50,0.0813,true,1,8226044
7290112499844,false,מאגדת מיני מגנום דואט שוקולד עם נוגט שטראוס 310 גרם,"מיוצר ע""\י גלידת שטראוס",IL,מגנום מיני דואט שוקו,יח',1.00,יח',false,,24.90,24.9000,true,1,8179236
7290112499943,false,מיני מאגדת מיני מגנום טעמים שונים וניל+שוקו,"מיוצר ע""\י גלידת שטראוס",IL,מגנום מיני חוף השנהב,יח',1.00,יח',false,,24.90,24.9000,true,1,8179237
7290112705426,false,צלחת במבוק חד קרן 23,,CN,צלחת במבוק 23 חד קרן,יח',1.00,יח',false,,9.90,9.9000,true,1,6981929
7290112705488,false,כוס במבוק חד קרן יח,,CN,כוס במבוק חד קרן,יח',1.00,יח',false,,7.90,7.9000,true,1,6982105
7290112706362,false,מארז שלישיית ביצי שוקולד מפרץ ההרפתקאות,שמחה זה אנחנו,IT,שלישיית ביצי שוקולד,יח',1.00,יח',false,,12.90,12.9000,true,1,7738888
7290112706508,false,נייר אכיל עיגול 16 סמ סמי הכבאי 1 יח,,,נייר אכיל עיגול 16 ס,יח',1.00,יח',false,,14.90,14.9000,true,1,7736129
7290112706515,false,נייר אכיל עיגול 16 סמ,,,נייר אכיל עיגול 16 ס,יח',1.00,יח',false,,14.90,14.9000,true,1,7736130
7290112707482,false,זיקוק 15 סמ 6 יח 80 בקרטון 5גר כסף,,CN,זיקוק 15 סמ,יח',1.00,יח',false,,14.00,14.0000,true,1,7736094
7290112707512,false,זיקוק 7 סמ 5 יח 192 בקרטון 3גר כסף,,CN,זיקוק 7 סמ,יח',1.00,יח',false,,5.90,5.9000,true,1,7736133
7290112707529,false,זיקוק 7 סמ 5 יח 192 בקרטון 3גר צבעוני,,,זיקוק 7 סמ,יח',1.00,יח',false,,5.90,5.9000,true,1,7736134
7290112840332,false,תאנים טרי בקופסא,,,תאנים טרי בקופסא,גרמים,500.00,100 גרם,false,,14.90,0.0298,true,1,8486301
7290112870124,false,ממרח עגבניות מיובשות 190ג רמילוי,,,ממרח עגבניות מיובשות,גרמים,190.00,100 גרם,false,,10.90,0.0574,true,1,6716818
7290112870131,false,ממרח ארטישוק 190ג רמ,,,ממרח ארטישוק 190ג רמ,גרמים,190.00,100 גרם,false,,10.90,0.0574,true,1,6716819
7290112870148,false,ממרח טפנד זית מרינד 190ג רמילוי,,,ממרח טפנד זית מרינד,גרמים,190.00,100 גרם,false,,10.90,0.0574,true,1,6716820
7290112870155,false,ממרח טפנד זית ירוק 1,,,ממרח טפנד זית ירוק 1,גרמים,190.00,100 גרם,false,,10.90,0.0574,true,1,6716821
7290112870162,false,ממרח צ'מיצ'ורי 190ג,,,ממרח צ'מיצ'ורי 190ג,גרמים,190.00,100 גרם,false,,10.90,0.0574,true,1,6716822
7290112870179,false,ממרח פלפל אדום 190ג,,,ממרח פלפל אדום 190ג,גרמים,190.00,100 גרם,false,,10.90,0.0574,true,1,6716823
7290112870186,false,ממרח פסטו בזיליקום 190ג רמילוי,,,ממרח פסטו בזיליקום 1,גרמים,190.00,100 גרם,false,,10.90,0.0574,true,1,6716824
7290112870551,false,ממרח אריסה 190 ג רמילוי,,,ממרח אריסה 190 ג רמי,גרמים,190.00,100 גרם,false,,10.90,0.0574,true,1,7381389
7290112870575,false,ממרח שום 190 ג רמילוי,,,ממרח שום 190 ג רמילו,גרמים,190.00,100 גרם,false,,10.90,0.0574,true,1,7381391
7290112880802,false,כוס טרמית,,,כוס טרמית,יח',1.00,יח',false,,9.90,9.9000,true,1,8473490
7290112961372,false,פיטנס חטיפי פריכיות דקות קינמון 60 גרם,"פרח תעשיות מזון בע""\מ",IL,פיטנס חטיפי פריכיות,גרמים,60.00,100 גרם,false,,7.80,0.1300,true,1,7203828
7290112961440,false,פיטנס חטיפי פריכיות שוקולד מריר 84 גרם,פרח תעשיות,IL,פיטנס בר חטיפי פריכי,יח',1.00,יח',false,,11.90,11.9000,true,1,8223351
7290112961464,false,פיטנס חטיפי פריכיות דגנים וחומוס מתובלות,"פרח תעשיות מזון בע""\מ",IL,פיטנס חטיפי פריכיות,גרמים,60.00,100 גרם,false,,7.90,0.1317,true,1,7203829
7290112961754,false,עוגיות שוקולד ציפס עם קרם בטעם אגוזים 220 גר',מיוצר עי קונדיטוריית,IL,אסם עוגיות במילוי קר,גרמים,220.00,100 גרם,false,,9.90,0.0450,true,1,7203786
7290112962287,false,טבעול שווארמה טבעונית 6*450 גרם,"טבעול תעשיות מזון בע""\מ",IL,טבעול שווארמה טבעוני,גרמים,450.00,100 גרם,false,,29.90,0.0664,true,1,8239874
7290112963321,false,גריסיני בייגלה שטוח ללא גלוטן אסם 300גרם,מיוצר עי קונדיטוריית,IL,בייגלה שטוח ללא גלוט,גרמים,300.00,100 גרם,false,,11.90,0.0397,true,1,8232343
7290112963918,false,פיטנס חטיפי קרקר דק רוזמרין 140 גרם,נסטלה Nestle,IL,פיטנס קרקר דק רוזמרי,גרמים,140.00,100 גרם,false,,9.90,0.0707,true,1,7594223
7290112964434,false,אסם רוטב קיסר חדש לסלט 295 גרם,"אסם תעשיות בע""מ",IL,רוטב קיסר לסלט 290 מ,מיליליטרים,290.00,"100 מ""ל",false,,8.90,0.0307,true,1,7594369
7290112964458,false,רוטב ויניגרט חדש לסלט 295 גרם אסם,"אסם תעשיות בע""מ",IL,רוטב ויניגרט לסלט 29,מיליליטרים,295.00,"100 מ""ל",false,,8.90,0.0302,true,1,7594370
7290112964472,false,אסם רוטב שום חדש לסלט 290 גרם,"אסם תעשיות בע""מ",IL,"רוטב שום לסלט 290 מ""",מיליליטרים,290.00,"100 מ""ל",false,,8.90,0.0307,true,1,7594371
7290112964625,false,אסם רוטב שום לייט חדש לסלט 310 גרם,"אסם תעשיות בע""מ",IL,רוטב שום לייט לסלט 3,מיליליטרים,310.00,"100 מ""ל",false,,8.90,0.0287,true,1,7594373
7290112964724,false,המבורגר צמחוני עם המון חלבון 580 גר,מיוצר עי קונדיטוריית,IL,טבעול המבורגר טבעוני,גרמים,580.00,100 גרם,false,,29.90,0.0516,true,1,7803430
7290112965165,false,מרק נמס פטריות אסם בדצ 48 גרם מארז זוגי,"אסם תעשיות בע""מ",IL,זוג מרק נמס פטריות ב,יח',1.00,יח',false,,5.50,5.5000,true,1,8085163
7290112965363,false,קציצות קינואה וברוקולי טבעול 525 גרם,"טבעול תעשיות מזון בע""\מ",IL,טבעול קציצת קינואה ו,גרמים,525.00,100 גרם,false,,29.90,0.0570,true,1,8176403
7290112965660,false,פיטנס - חטיף מולטיגריין מלח פלפל 25 גרם,מיוצר עי קונדיטוריית,IL,פיטנס חטיף מולטיגריי,יח',1.00,יח',false,,4.90,4.9000,true,1,8269550
7290112965684,false,פיטנס - חטיף מולטיגריין עשבי תיבול 25 גרם,מיוצר עי קונדיטוריית,IL,פיטנס חטיף מולטיגריי,יח',1.00,יח',false,,4.90,4.9000,true,1,8269551
7290112965707,false,פיטנס - חטיף מולטיגריין צילי מעודן 25 גרם,"אסם השקעות בע""\מ",IL,פיטנס חטיף מולטיגריי,יח',1.00,יח',false,,4.90,4.9000,true,1,8269552
7290112965745,false,אוסם - ביסלי פריסטייל בצל מעושן 60 גרם,"אסם השקעות בע""\מ",IL,ביסלי פריסטייל בצל מ,גרמים,60.00,100 גרם,false,,3.90,0.0650,true,1,8329215
7290112965806,false,אוסם - ביסלי פריסטייל חמוץ חריף 60 גרם,"אסם תעשיות בע""מ",IL,ביסלי פריסטייל חמוץ,גרמים,60.00,100 גרם,false,,3.90,0.0650,true,1,8329217
7290112965943,false,טבעול נאגטס ירקות ירוקים 6*500גרם,"טבעול תעשיות מזון בע""\מ",IL,טבעול נאגטס ירקות יר,גרמים,500.00,100 גרם,false,,27.50,0.0550,true,1,8231539
7290112965967,false,טבעול נאגטס ירקות כתומים 6*500גרם,"טבעול תעשיות מזון בע""\מ",IL,טבעול נאגטס ירקות כת,גרמים,500.00,100 גרם,false,,27.50,0.0550,true,1,8231540
7290112965981,false,טבעול גורמה ארוחת דגנים 450 גרם,טבעול (מקבוצת אסם הש,IL,טבעול גורמה ארוחת דג,גרמים,450.00,100 גרם,false,,29.90,0.0664,true,1,8378357
7290112966001,false,"טבעול גורמה ארוחת ירוקים, 450 גרם",טבעול (מקבוצת אסם הש,IL,טבעול גורמה ארוחת יר,גרמים,450.00,100 גרם,false,,29.90,0.0664,true,1,8378329
7290112966094,false,עוגת הבית תפוז מופחת סוכר אסם 400 גרם,מיוצר עי קונדיטוריית,IL,עוגת תפוז פחות סוכר,גרמים,400.00,100 גרם,false,,10.90,0.0273,true,1,8203890
7290112966247,false,לחמית כוסמין אסם 200 גרם,"אסם תעשיות בע""מ",IL,לחמית כוסמין 200 גרם,גרמים,200.00,100 גרם,false,,8.90,0.0445,true,1,8232346
7290112966766,false,צבר טחינה בלאדי חציל עגבניות ושום 350 גרם,שוורצקוף& הנקל דיסלד,IL,טחינה באלדי חציל 350,גרמים,350.00,100 גרם,false,,14.90,0.0426,true,1,8000120
7290112966780,false,צבר טחינה בלאדי עם חציל קלוי 350 גרם,שוורצקוף& הנקל דיסלד,IL,טחינה באלדי עם חציל,גרמים,350.00,100 גרם,false,,14.90,0.0426,true,1,8000121
7290112966803,false,אסם פודינג אינסטנט שוקולד 95 גרם,"אסם השקעות בע""\מ",IL,פודינג אינסטנט שוקול,יח',1.00,יח',false,,4.90,4.9000,true,1,8085169
7290112967114,false,פיטנס חטיפי פריכיות קטניות ופלפל 60 גרם,"פרח תעשיות מזון בע""\מ",IL,פיטנס חטיפי פריכיות,יח',1.00,יח',false,,7.90,7.9000,true,1,8222769
7290112967138,false,בייגלה שמיניות ללא גלוטן אסם 250 גרם,מיוצר עי קונדיטוריית,IL,בייגלה שמיניות ללא ג,יח',1.00,יח',false,,9.90,9.9000,true,1,8133028
7290112967220,false,ביסלי מארז ברביקיו 20 גר'*10 יח' אסם,"אסם השקעות בע""\מ",IL,ביסלי ברבקיו מארז 10,גרמים,200.00,100 גרם,false,,13.90,0.0695,true,1,8232348
7290112967244,false,ביסלי גריל מארז 20 גר'*10 יח' אסם,,,ביסלי גריל מארז אחיד,גרמים,200.00,100 גרם,false,,13.90,0.0695,true,1,8259243
7290112967381,false,פיטנס חטיפי פריכיות קטניות ומלח ים 60 גרם,"פרח תעשיות מזון בע""\מ",IL,פיטנס חטיפי פריכיות,יח',1.00,יח',false,,7.90,7.9000,true,1,8223353
7290112967572,false,"אסם רוטב ברביקיו 290 מ""ל אסם",Unknown,IL,רוטב ברביקיו 290 מל,מיליליטרים,290.00,"100 מ""ל",false,,8.90,0.0307,true,1,8246010
7290112968203,false,צבר סלט טחינה בלאדי 6*250גרם,שוורצקוף& הנקל דיסלד,IL,צבר סלט טחינה בלאדי,גרמים,250.00,100 גרם,false,,9.90,0.0396,true,1,8214574
7290112968449,false,סלט טחינה כרוב אדום 250 גרם,שוורצקוף& הנקל דיסלד,IL,צבר סלט כרוב אדום 25,גרמים,250.00,100 גרם,false,,9.90,0.0396,true,1,8214575
7290112968524,false,צבר סלט חומוס גרגירים רכים 6*250גרם,שוורצקוף& הנקל דיסלד,IL,צבר סלט חומוס סמיר 2,גרמים,250.00,100 גרם,false,,9.90,0.0396,true,1,8214555
7290112968685,false,חומוס גרגרים רכים בטבילה צבר 400 גרם,שוורצקוף& הנקל דיסלד,IL,צבר חומוס גרגירים בט,גרמים,400.00,100 גרם,false,,12.90,0.0323,true,1,8220295
7290112968708,false,"שניצל תירס עדה חרדית טבעול 1.3 ק""ג","טבעול תעשיות מזון בע""\מ",IL,טבעול שניצל תירס 1.3,קילוגרמים,1.30,"ק""ג",false,,39.90,30.6923,true,1,8231582
7290112968722,false,טבעול נקניקיות מן הצומח עדה חרדית 1.2קג,"טבעול תעשיות מזון בע""\מ",IL,טבעול נקניקיות מן הצ,קילוגרמים,1.20,"ק""ג",false,,39.90,33.2500,true,1,8231583
7290112968807,false,פיטנס - קרקר דק סלק 140 גרם,מפעל אסם יקנעם,IL,פיטנס קרקר דק סלק 14,גרמים,140.00,100 גרם,false,,9.90,0.0707,true,1,8269554
7290112968821,false,פיטנס - קרקר דק בטטה 140 גרם,מפעל אסם יקנעם,IL,פיטנס קרקר דק בטטה 1,גרמים,140.00,100 גרם,false,,9.90,0.0707,true,1,8269555
7290112969248,false,אסם בישולים רוטב סילאן ובצל 335*9 גרם,"אסם תעשיות בע""מ",IL,אסם בישולים רוטב סיל,גרמים,335.00,100 גרם,false,,14.90,0.0445,true,1,8280902
7290112969286,false,אסם בישולים רוטב חרדל ודבש 330*9 גרם,"אסם תעשיות בע""מ",IL,אסם בישולים רוטב חרד,גרמים,335.00,100 גרם,false,,14.90,0.0445,true,1,8280903
7290113190450,false,ממרח תמרים 450 גר' שקדיה,"תמר העמקים בע""מ",IL,ממרח תמרים 450 גר,גרמים,450.00,100 גרם,false,,4.90,0.0109,true,1,7378664
7290113190511,false,חומוס ענק שקית זיפר 1קג רמילוי,,,חומוס ענק שקית זיפר,קילוגרמים,1.00,"ק""ג",false,,13.90,13.9000,true,1,7530869
7290113190542,false,לוביה קלויה שקית זיפר 900גר רמילוי,,,לוביה קלויה שקית זיפ,גרמים,900.00,100 גרם,false,,16.90,0.0188,true,1,7530872
7290113192218,false,תערובת להכנת מלבי 500 גרם ששון הקולה,"שקדיה גבע תעשיות בע""",IL,תערובת להכנת מלבי 50,גרמים,500.00,100 גרם,false,,13.90,0.0278,true,1,8239929
7290113192300,false,זיתים מושחרים חרוזית 275 גרם בית השיטה,בית השיטה,IL,בית השיטה חרוזית מוש,גרמים,275.00,100 גרם,false,,8.90,0.0324,true,1,8133188
7290113192317,false,טבעות זיתים מושחרים 280 גרם בית השיטה,בית השיטה,IL,בית השיטה טבעות זיתי,גרמים,280.00,100 גרם,false,,10.70,0.0382,true,1,8133189
7290113192324,false,זיתים ירוקים שלמים בינוניים בית השיטה,בית-השיטה עסיס תעשיות מז,IL,זיתים ירוקים 340 ג,גרמים,340.00,100 גרם,false,,8.90,0.0262,true,1,8133190
7290113192331,false,זיתים ירוקים מנזנילו 340 גר' בית השיטה,בית-השיטה עסיס תעשיות מז,IL,בית השיטה זיתים ירוק,גרמים,340.00,100 גרם,false,,9.50,0.0279,true,1,8133191
7290113192348,false,בית השיטה זיתים ירוקים גדול מאודבטעם שום,בית-השיטה עסיס תעשיות מז,IL,בית השיטה זיתים ירוק,גרמים,340.00,100 גרם,false,,9.50,0.0279,true,1,8133192
7290113192355,false,חרוזית זיתים ירוקים ללא גלעין 275 ג' בית השיטה,בית-השיטה עסיס תעשיות מז,IL,בית השיטה חרוזית זית,גרמים,275.00,100 גרם,false,,10.40,0.0378,true,1,8133193
7290113192362,false,זיתים ירוקים טבעות A2 בית השיטה 280 גרם,בית-השיטה עסיס תעשיות מז,IL,בית השיטה טבעות זיתי,גרמים,280.00,100 גרם,false,,10.60,0.0379,true,1,8133194
7290113192386,false,בית השיטה זיתים ירוקים סורי מבוקע 340גרם,בית השיטה,IL,בית השיטה זיתים ירוק,גרמים,340.00,100 גרם,false,,9.80,0.0288,true,1,8133196
7290113192393,false,בית השיטה קוקטייל זיתים א2 336 גרם,בית-השיטה עסיס תעשיות מז,IL,בית השיטה קוקטייל זי,גרמים,340.00,100 גרם,false,,10.90,0.0321,true,1,8133197
7290113192478,false,בית השיטה מלפפונים במלח בינוני 10-12 320 גרם,בית-השיטה עסיס תעשיות מז,IL,בית השיטה מלפפון מלח,גרמים,320.00,100 גרם,false,,8.20,0.0256,true,1,8133205
7290113192492,false,בית השיטה מלפפונים בחומץ קטנים 1317 290 גרם,בית-השיטה עסיס תעשיות מז,IL,בית השיטה מלפפון בחו,גרמים,290.00,100 גרם,false,,10.50,0.0362,true,1,8133207
7290113192508,false,בית השיטה מלפפונים במלח קטן 1317 320 גרם,בית-השיטה עסיס תעשיות מז,IL,בית השיטה מלפפון במל,גרמים,320.00,100 גרם,false,,10.50,0.0328,true,1,8133208
7290113192515,false,בית השיטה מלפפונים במלח קטן מאוד 1825 320 גרם,בית-השיטה עסיס תעשיות מז,IL,בית השיטה מלפפון במל,גרמים,320.00,100 גרם,false,,11.50,0.0359,true,1,8133209
7290113192522,false,בית השיטה מלפפונים בחומץ קטן מאוד 1825 290 גרם,בית-השיטה עסיס תעשיות מז,IL,בית השיטה מלפפון בחו,גרמים,290.00,100 גרם,false,,11.50,0.0397,true,1,8133210
7290113192539,false,בית השיטה מלפפונים במלח גדול 79 320 גרם,בית-השיטה עסיס תעשיות מז,IL,בית השיטה מלפפון במל,גרמים,320.00,100 גרם,false,,6.90,0.0216,true,1,8133211
7290113192546,false,"מלפפונים בחומץ רכיבים טבעיים 7-9 ""בית השיטה""",בית-השיטה עסיס תעשיות מז,IL,בית השיטה מלפפון בחו,גרמים,290.00,100 גרם,false,,6.90,0.0238,true,1,8133212
7290113192553,false,מלפפונים במלח 13-17 פיקנטי בית השיטה 320 גרם,בית-השיטה עסיס תעשיות מז,IL,בית השיטה מלפפון במל,גרמים,320.00,100 גרם,false,,10.70,0.0334,true,1,8133213
7290113192560,false,בית השיטה פלפל שיפקה חריף כבוש 230 גרם,בית-השיטה עסיס תעשיות מז,IL,בית השיטה שיפקה 230,גרמים,230.00,100 גרם,false,,6.50,0.0283,true,1,8133214
7290113192577,false,בית השיטה כרוב כבוש א2 12*430גרם חדש,"בית-השיטה תעשיות בע""\מ",IL,בית השיטה כרוב כבוש,גרמים,430.00,100 גרם,false,,6.90,0.0160,true,1,8133215
7290113193000,false,בית השיטה פלפל שיפקונית 230 גרם*,"בית השיטה תעשיות בע""\מ",IL,בית השיטה פלפל שיפקו,גרמים,230.00,100 גרם,false,,9.90,0.0430,true,1,8217317
7290113193017,false,בית השיטה חרוזית קוקטייל זיתים 275 גרם,"בית השיטה תעשיות בע""\מ",IL,בית השיטה חרוזית קוק,גרמים,275.00,100 גרם,false,,11.50,0.0418,true,1,8217318
7290113193031,false,חרוזית קלמטה - זיתים שחורים ללא גלעין קלמטה,"בית השיטה תעשיות בע""\מ",IL,בית השיטה חרוזית קלמ,גרמים,275.00,100 גרם,false,,11.50,0.0418,true,1,8217319
7290113193888,false,חצילים מוחמצים בית השיטה 320 גרם,"בית השיטה תעשיות בע""\מ",IL,חצילים מוחמצים 320 ג,גרמים,320.00,100 גרם,false,,8.90,0.0278,true,1,8295890
7290113194373,false,בית השיטה עגבניות שרי מוחמצות 12*215 גרם,"בית השיטה תעשיות בע""\מ",IL,בית השיטה עגבניות שר,גרמים,215.00,100 גרם,false,,2.90,0.0135,true,1,8381483
7290113195066,false,חלבה טורקית בטעם וניל שקדיה 400 גרם,ח. אל עקר,IL,חלבה טורקית טעם וניל,גרמים,400.00,100 גרם,false,,12.90,0.0323,true,1,8291931
7290113195073,false,חלבה טורקית עם פיסטוק שקדיה 400 גרם,ח. אל עקר,IL,חלבה טורקית עם פיסטו,גרמים,400.00,100 גרם,false,,14.90,0.0373,true,1,8291932
7290113195080,false,חלבה טורקית בטעם שוקו וניל שקדיה 400 גרם,ח. אל עקר,IL,חלבה טורקית שוקו וני,גרמים,400.00,100 גרם,false,,12.90,0.0323,true,1,8291933
7290113195479,false,קמח שקדים שקדיה 200 גרם,"שקדיה גבע תעשיות בע""",IL,קמח שקדים 200גר שקדי,גרמים,200.00,100 גרם,false,,14.70,0.0735,true,1,8302007
7290113196414,false,"אורז בסמטי 1 ק""ג - שקדיה כחול מטאלי",דאבה סינג שאם סינג,IN,אורז בסמטי 1'ד שקדיה,קילוגרמים,1.00,"ק""ג",false,,9.70,9.7000,true,1,8348241
7290113197152,false,לבבות דקל שלם בצנצנת 410 גרם שקדיה,שקדיה,EC,לבבות דקל 410ג במי מ,גרמים,410.00,100 גרם,false,,13.90,0.0339,true,1,8343959
7290113199323,false,עלי טורטילוס בוריטו150גר,אלקטי קוראבייכיסיגידה טו,TR,מיני טורטיה מקמח תיר,גרמים,150.00,100 גרם,false,,4.90,0.0327,true,1,8430360
7290113199767,false,ממרח שקדים 300 גרם השקדיה,פפויאנס,GR,ממרח שקדים 300 גר,גרמים,300.00,100 גרם,false,,26.70,0.0890,true,1,8417348
7290113199774,false,ממרח בוטנים 300 גרם השקדיה,פפויאנס,GR,ממרח בוטנים 300 גר,גרמים,300.00,100 גרם,false,,13.70,0.0457,true,1,8417349
7290113300217,false,פאוצ' לה קט בקר ברוטב 85 ג',יו פי אף,FR,פאוצ' נתחוני לה קט ב,יח',1.00,יח',false,,3.90,3.9000,true,1,8093260
7290113300231,false,פאוצ' לה קט בקר ג'לי 85 ג',"ביופט- מזון לבע""ח",CZ,פאוצ' נתחוני לה קט ב,יח',1.00,יח',false,,3.90,3.9000,true,1,8093262
7290113300255,false,פאוצ' נתחוני לה קט דג פורל,יו פי אף,FR,פאוצ' נתחוני לה קט ד,יח',1.00,יח',false,,4.90,4.9000,true,1,8093264
7290113302334,false,חטיפי עוף פריכים בצורת עצם 85 גר,לנגי,CN,חטיפי עוף פריכים בצו,יח',1.00,יח',false,,9.90,9.9000,true,1,8259881
7290113302341,false,חטיף עוף קראנצ'י ורוד בונזו 80 ג',לנגי,CN,חטיפי בנוזו עוף ואור,יח',1.00,יח',false,,9.90,9.9000,true,1,8259882
7290113303591,false,חטיף בונזו סוויצוני עוף 80 גר,שינייה פט פוד,CN,חטיף בונזו סוויצוני,יח',1.00,יח',false,,12.90,12.9000,true,1,8360374
7290113305830,false,סופרים עוף לחתול 400ג,,TR,סופרים עוף לחתול 40,יח',1.00,יח',false,,4.00,4.0000,true,1,8470423
7290113305854,false,סופרים בקר לחתול 400ג,,TR,סופרים בקר לחתול 400,יח',1.00,יח',false,,4.00,4.0000,true,1,8470425
7290113310636,false,טופר קטן עם גליטר 3 יח,,,טופר קטן עם גליטר 3,יח',1.00,יח',false,,5.00,5.0000,true,1,7736097
7290113317123,false,מארז שלישיית ביצי שוקולד סמי הכבאי,שמחה זה אנחנו,IT,שלישית ביצי שוקולד כ,גרמים,20.00,100 גרם,false,,12.90,0.6450,true,1,8229517
7290113318885,false,"בקבוק שתייה מפלסטיק 500מ""ל - מתחת למים",,,בקבוק לשתיה פלסטיק 5,יח',1.00,יח',false,,19.90,19.9000,true,1,7748603
7290113460607,false,סוכר לבן 1קג רמילוי,,,סוכר לבן 1קג רמילוי,קילוגרמים,1.00,"ק""ג",false,,3.90,3.9000,true,1,7109377
7290113463547,false,"גבנ""צ פרוסה 28% 150ג רמילוי",,,"גבנ""צ פרוסה 28% 150ג",גרמים,150.00,100 גרם,false,,5.10,0.0340,true,1,8410104
7290113463561,false,"גבנ""צ פרוסה 28% 400גר רמילוי",,,"גבנ""צ פרוסה 28% 400ג",גרמים,400.00,100 גרם,false,,13.60,0.0340,true,1,8410105
7290113469969,false,גבינה מגורדת 300ג רמי לוי.,,,גבינה מגורדת 300ג רמ,גרמים,300.00,100 גרם,false,,12.90,0.0430,true,1,8415963
7290113470002,false,תבנית גסטרונום ביתי,,,תבנית גסטרונום ביתי,יח',1.00,יח',false,,9.90,9.9000,true,1,7519105
7290113470019,false,מדליק פחמים +גפרור (,,,מדליק פחמים,יח',1.00,יח',false,,5.90,5.9000,true,1,7443054
7290113470026,false,גפרורים אקסטרה לארג',,,גפרורים XL,יח',1.00,יח',false,,5.90,5.9000,true,1,7443055
7290113470408,false,שטיח שנל 80*50,,,שטיח שנל 50*80,יח',1.00,יח',false,,29.90,29.9000,true,1,7518746
7290113470415,false,"מפות פירנצה חתוכות כסף 1.2*2.4 ס""מ (1יח')",,,מפות פירנצה חתוכות כ,יח',1.00,יח',false,,7.90,7.9000,true,1,7642709
7290113470941,false,כפפות ניטרל S שחור(100 יחידות ),,,כפפות ניטרל S שחור(1,יח',1.00,יח',false,,24.90,24.9000,true,1,7980181
7290113470958,false,כפפות ניטרל M שחור(100 יחידות ),,,כפפות ניטרל M שחור(1,יח',1.00,יח',false,,24.90,24.9000,true,1,7980182
7290113470965,false,כפפות ניטרל L שחור(100 יחידות ),,,כפפות ניטרל L שחור(1,יח',1.00,יח',false,,24.90,24.9000,true,1,7980183
7290113470972,false,כפפות ניטרל XL שחור(100 יחידות ),,,כפפות ניטרל XL שחור(,יח',1.00,יח',false,,24.90,24.9000,true,1,7980184
7290113470989,false,קערה עגולה קטנה,,,קערה עגולה קטנה,יח',1.00,יח',false,,3.90,3.9000,true,1,7829239
7290113471184,false,מפית מובלטת ורוד וינטג' (15 יח'),,,מפית מובלטת ורוד וינ,יח',1.00,יח',false,,4.90,4.9000,true,1,8060610
7290113471245,false,מפית מובלטת קרם הדפסה זהב (15 יח'),,,מפית מובלטת קרם הדפס,יח',1.00,יח',false,,4.90,4.9000,true,1,8060612
7290113471627,false,ערמונים ברשת,,,ערמונים ברשת,יח',1.00,יח',false,,19.90,19.9000,true,1,8087957
7290113471702,false,סדין יחיד ג'רזי 90*200 שמנת,,,סדין יחיד ג'רזי 90*2,יח',1.00,יח',false,,49.90,49.9000,true,1,8072608
7290113471719,false,סדין זוגי ג'רזי 1.60*200 לבן,,,סדין זוגי ג'רזי 1.60,יח',1.00,יח',false,,59.90,59.9000,true,1,8072609
7290113471788,false,סדין זוגי ג'רזי 1.60*200 שמנת,,,סדין זוגי ג'רזי 1.60,יח',1.00,יח',false,,59.90,59.9000,true,1,8072616
7290113471955,false,זוג ציפה לכרית ג'רזי 50*70 לבן,,,זוג ציפה לכרית ג'רזי,יח',1.00,יח',false,,24.90,24.9000,true,1,8072632
7290113471962,false,זוג ציפה לכרית ג'רזי 50*70 אפור,,,זוג ציפה לכרית ג'רזי,יח',1.00,יח',false,,24.90,24.9000,true,1,8072633
7290113472655,false,מרקיה לוקסור לבן (10 יח'),,,מרקיה לוקסור לבן (10,יח',1.00,יח',false,,18.90,18.9000,true,1,8220055
7290113472907,false,מגן מזרן 90*200 יחיד,,,מגן מזרן 90*200 יחיד,יח',1.00,יח',false,,34.90,34.9000,true,1,8219671
7290113473577,false,כוסות פרימיום 250 מל,,,כוסות פרימיום 250 מל,יח',1.00,יח',false,,14.90,14.9000,true,1,8222494
7290113473898,false,בקבוק 650 מל,,,בקבוק 650 מל,יח',1.00,יח',false,,29.90,29.9000,true,1,8247314
7290113474024,false,צלחת עגולה קטנה (10 יח') עלי דקל,,,צלחת עגולה קטנה (10,יח',1.00,יח',false,,10.90,10.9000,true,1,8257053
7290113474031,false,צלחת עגולה בינונית (10 יח') עלי דקל,,,צלחת עגולה בינונית (,יח',1.00,יח',false,,15.90,15.9000,true,1,8257054
7290113474048,false,צלחת ריבועית גדולה (10 יח') עלי דקל,,,צלחת ריבועית גדולה (,יח',1.00,יח',false,,17.90,17.9000,true,1,8257055
7290113474062,false,צלחת ריבועית קטנה (10 יח') עלי דקל,,,צלחת ריבועית קטנה (1,יח',1.00,יח',false,,12.90,12.9000,true,1,8257057
7290113474086,false,קערות עגולות עמוקות (10 יח') עלי דקל,,,קערות עגולות עמוקות,יח',1.00,יח',false,,14.90,14.9000,true,1,8257059
7290113474338,false,חמישיית גרבי גבר לבן,,,חמישיית גרבי גבר לבן,יח',1.00,יח',false,,17.90,17.9000,true,1,8238224
7290113474352,false,חמישיית גרבי גבר שחור,,,חמישיית גרבי גבר שחו,יח',1.00,יח',false,,17.90,17.9000,true,1,8238226
7290113474369,false,חמישיית גרבי גבר שחור,,,חמישיית גרבי גבר שחו,יח',1.00,יח',false,,17.90,17.9000,true,1,8238227
7290113474376,false,זוג כפות הגשה ניו יורק לבן,,,זוג כפות הגשה ניו יו,יח',1.00,יח',false,,2.90,2.9000,true,1,8246191
7290113474420,false,זוג כפות הגשה ניו יורק שקוף,,,זוג כפות הגשה ניו יו,יח',1.00,יח',false,,2.90,2.9000,true,1,8246196
7290113474444,false,זוג כפות הגשה ניו יורק כסף נוצץ,,,זוג כפות הגשה ניו יו,יח',1.00,יח',false,,2.90,2.9000,true,1,8246198
7290113474628,false,שטיח כניסה WELCOME- פסים 45*75,,,שטיח כניסה WELCOME-,יח',1.00,יח',false,,35.90,35.9000,true,1,8250758
7290113474703,false,זוג תחתוני גבר,,,זוג תחתוני גבר,יח',1.00,יח',false,,20.00,20.0000,true,1,8254400
7290113474932,false,גופיות פלנל לבן SIZE L,,,גופיות פלנל לבן SIZE,יח',1.00,יח',false,,24.90,24.9000,true,1,8271773
7290113474956,false,גופיות פלנל לבן SIZE L,,,גופיות פלנל לבן SIZE,יח',1.00,יח',false,,24.90,24.9000,true,1,8271775
7290113474963,false,גופיות פלנל שחור SIZE S,,,גופיות פלנל שחור SIZ,יח',1.00,יח',false,,24.90,24.9000,true,1,8271776
7290113475014,false,גופיות טרמי לבן SIZE S,,,גופיות טרמי לבן SIZE,יח',1.00,יח',false,,24.90,24.9000,true,1,8271780
7290113475021,false,גופיות טרמי לבן SIZE M,,,גופיות טרמי לבן SIZE,יח',1.00,יח',false,,24.90,24.9000,true,1,8271781
7290113475038,false,גופיות טרמי לבן SIZE L,,,גופיות טרמי לבן SIZE,יח',1.00,יח',false,,24.90,24.9000,true,1,8271782
7290113475052,false,גופיות טרמי לבן SIZE XXL,,,גופיות טרמי לבן SIZE,יח',1.00,יח',false,,24.90,24.9000,true,1,8271784
7290113475076,false,גופיות טרמי שחור SIZE M,,,גופיות טרמי שחור SIZ,יח',1.00,יח',false,,24.90,24.9000,true,1,8271786
7290113475090,false,גופיות טרמי שחור SIZE XL,,,גופיות טרמי שחור SIZ,יח',1.00,יח',false,,24.90,24.9000,true,1,8271788
7290113475106,false,גופיות טרמי שחור SIZE XXL,,,גופיות טרמי שחור SIZ,יח',1.00,יח',false,,24.90,24.9000,true,1,8271789
7290113475410,false,כוסות יהלום 250 מל,,,כוסות יהלום 250 מל,יח',1.00,יח',false,,9.90,9.9000,true,1,8265546
7290113475465,false,קערת פסים גדולה,,,קערת פסים גדולה,יח',1.00,יח',false,,4.90,4.9000,true,1,8278925
7290113475823,false,סדין יחיד ג'רזי (90*200) BEIGE-61594,,,סדין יחיד ג'רזי (90*,יח',1.00,יח',false,,49.90,49.9000,true,1,8271746
7290113476073,false,סדין מיטה וחצי ג'רזי (120*200*25) BLUE-72269,,,סדין מיטה וחצי ג'רזי,יח',1.00,יח',false,,49.90,49.9000,true,1,8271805
7290113476097,false,מגבת גוף (70*140) אפור,,,מגבת גוף (70*140) אפ,יח',1.00,יח',false,,44.90,44.9000,true,1,8269261
7290113476103,false,מגבת גוף (70*140) תכלת,,,מגבת גוף (70*140) תכ,יח',1.00,יח',false,,44.90,44.9000,true,1,8269262
7290113476127,false,מגבת גוף (70*140) אפור כהה,,,מגבת גוף (70*140) אפ,יח',1.00,יח',false,,44.90,44.9000,true,1,8269264
7290113476134,false,מגבת גוף 140*70 ורוד פוקסיה,,,מגבת גוף 140*70 ורוד,יח',1.00,יח',false,,44.90,44.9000,true,1,8269265
7290113476141,false,מגבת פנים 90*50 לבן,,,מגבת פנים 90*50 לבן,יח',1.00,יח',false,,19.90,19.9000,true,1,8269266
7290113476158,false,מגבת פנים (50*90) אפור,,,מגבת פנים (50*90) אפ,יח',1.00,יח',false,,19.90,19.9000,true,1,8269267
7290113476226,false,תבניות אלומניום עם מכסה,,,תבניות אלומניום עם מ,יח',1.00,יח',false,,9.90,9.9000,true,1,8260398
7290113476233,false,תבניות אלומניום עם מכסה,,,תבניות אלומניום עם מ,יח',1.00,יח',false,,9.90,9.9000,true,1,8260399
7290113476363,false,נרות לבן 50 יחידות,,,נרות לבן 50 יחידות,יח',1.00,יח',false,,15.90,15.9000,true,1,8281080
7290113476370,false,נרות ורוד 50 יחידות,,,נרות ורוד 50 יחידות,יח',1.00,יח',false,,15.90,15.9000,true,1,8281081
7290113476448,false,בקבוק ספורט שחור קליפורניה,,,בקבוק ספורט שחור קלי,יח',1.00,יח',false,,19.90,19.9000,true,1,8291595
7290113476486,false,כוס יהלום לבן 250 מל 40 יחידות,,,כוס יהלום לבן 250 מל,יח',1.00,יח',false,,8.90,8.9000,true,1,8304866
7290113476530,false,שטיח מטבח טרצו לבן HOME (50*80) PVC,,,שטיח מטבח טרצו לבן H,יח',1.00,יח',false,,35.90,35.9000,true,1,8288067
7290113476554,false,שטיח מטבח שיש HOME (50*80) PVC,,,שטיח מטבח שיש HOME (,יח',1.00,יח',false,,35.90,35.9000,true,1,8288069
7290113476875,false,מגש אינגליש 17.5*6.5' שחור זהב,,,מגש אינגליש 17.5*6.5,יח',1.00,יח',false,,8.90,8.9000,true,1,8295251
7290113476967,false,"צלחות אבן ""10 (10יח') לבן גולד רוז",,,"צלחות אבן ""10 (10יח'",יח',1.00,יח',false,,31.90,31.9000,true,1,8295260
7290113477643,false,מפת PVC דקורטיבית (WHITE (140*240,,,מפת PVC דקורטיבית (W,יח',1.00,יח',false,,34.90,34.9000,true,1,8315215
7290113477650,false,מפת PVC דקורטיבית ( GOLD (140*240,,,מפת PVC דקורטיבית (,יח',1.00,יח',false,,34.90,34.9000,true,1,8315216
7290113478060,false,מפיות מודפסות,,,מפיות מודפסות,יח',1.00,יח',false,,4.90,4.9000,true,1,8293971
7290113478077,false,מפיות מודפסות ורדים,,,מפיות מודפסות ורדים,יח',1.00,יח',false,,4.90,4.9000,true,1,8294012
7290113478442,false,טי שרט לבן עגול XL,,,טי שרט לבן עגול XL,יח',1.00,יח',false,,20.90,20.9000,true,1,8349149
7290113478466,false,טי שירט שחור XL V,,,טי שירט שחור XL V,יח',1.00,יח',false,,20.90,20.9000,true,1,8352537
7290113478671,false,מברשת לאסלה DISCO,,,מברשת לאסלה DISCO,יח',1.00,יח',false,,49.90,49.9000,true,1,8346385
7290113478770,false,כלי לסבון SUPREME,,,כלי לסבון SUPREME,יח',1.00,יח',false,,29.90,29.9000,true,1,8346392
7290113479555,false,זוג תחתוני נשים XL הי לג,,,זוג תחתוני נשים XL ה,יח',1.00,יח',false,,20.00,20.0000,true,1,8348478
7290113479586,false,חמישית תחתוני נשים XLL ביקיני,,,חמישית תחתוני נשים X,יח',1.00,יח',false,,39.90,39.9000,true,1,8348481
7290113479593,false,חמישית תחתוני נשים XL ביקיני,,,חמישית תחתוני נשים X,יח',1.00,יח',false,,39.90,39.9000,true,1,8348482
7290113479616,false,חמישית תחתוני נשים M ביקיני,,,חמישית תחתוני נשים M,יח',1.00,יח',false,,39.90,39.9000,true,1,8348484
7290113479708,false,גליל נייר מגבת מודפס איכותי למטבח,,,גליל נייר מגבת מודפס,יח',1.00,יח',false,,15.90,15.9000,true,1,8320287
7290113479852,false,מפיות דגם 1454,,,מפיות דגם 1454,יח',1.00,יח',false,,4.90,4.9000,true,1,8357967
7290113479906,false,שמיכת evrest 150*200,,,שמיכת evrest 150*200,יח',1.00,יח',false,,49.90,49.9000,true,1,8344942
7290113479937,false,שמיכת חרמון 180*200,,,שמיכת חרמון 180*200,יח',1.00,יח',false,,89.90,89.9000,true,1,8344945
7290113560055,false,פרודונטקס מי פה טיפול יומי לחניכיים 500,"מאסטרפוד אוסטריה בע""מ",GB,פרודונטקס מי פה טיפו,מיליליטרים,500.00,"100 מ""ל",false,,29.90,0.0598,true,1,8260583
7290113560109,false,פרודונטקס מ.שיניים בטעם צמחי 75 מל,פרודונטקס Parodontax,SK,פרודונטקס טעם צמחי 7,יח',1.00,יח',false,,30.90,30.9000,true,1,8288785
7290113592001,false,נר גדול ספרה 2 עם מעמד שחור - כסף מטאלי,,,נר גדול ספרה 2 עם מע,יח',1.00,יח',false,,6.90,6.9000,true,1,7738768
7290113592650,false,נר גדול ספרה 0 עם מעמד שחור - כסף מטאלי,,,נר גדול ספרה 0 עם מע,יח',1.00,יח',false,,6.90,6.9000,true,1,7738769
7290113592667,false,נר גדול ספרה 1 עם מעמד שחור - כסף מטאלי,,,נר גדול ספרה 1 עם מע,יח',1.00,יח',false,,6.90,6.9000,true,1,7738770
7290113592681,false,נר גדול ספרה 4 עם מעמד שחור - כסף מטאלי,,,נר גדול ספרה 4 עם מע,יח',1.00,יח',false,,6.90,6.9000,true,1,7738772
7290113592704,false,נר גדול ספרה 6 עם מעמד שחור - כסף מטאלי,,,נר גדול ספרה 6 עם מע,יח',1.00,יח',false,,6.90,6.9000,true,1,7738774
7290113592728,false,נר גדול ספרה 8 עם מעמד שחור - כסף מטאלי,,,נר גדול ספרה 8 עם מע,יח',1.00,יח',false,,6.90,6.9000,true,1,7738776
7290113592735,false,נר גדול ספרה 9 עם מעמד שחור - כסף מטאלי,,,נר גדול ספרה 9 עם מע,יח',1.00,יח',false,,6.90,6.9000,true,1,7738777
7290113594142,false,בקבוק טריטן עם צמידים 700 - מיקי מאוס,,,בקבוק טריטן עם צמידי,יח',1.00,יח',false,,19.90,19.9000,true,1,7736140
7290113594197,false,בקבוק טריטן 700 מל עם צמידים,,,בקבוק טריטן 700 מל ע,יח',1.00,יח',false,,29.90,29.9000,true,1,7736145
7290113594517,false,כוס במבוק LOL יח,,CN,כוס במבוק,יח',1.00,יח',false,,7.90,7.9000,true,1,7736102
7290113594579,false,שלישיית ביצי שוקולד(חלב נוכרי)-מפרץ הרפתקאות,Unknown,,שלישיית ביצי שוקולד,יח',1.00,יח',false,,12.90,12.9000,true,1,7738892
7290113594616,false,שלישיית ביצי שוקולד חד קרן,Unknown,,שלישיית ביצי שוקולד,יח',1.00,יח',false,,12.90,12.9000,true,1,7738893
7290113655270,false,שלישיית מגבות מטבח,,,שלישיית מגבות מטבח,יח',1.00,יח',false,,9.90,9.9000,true,1,8075833
7290113655645,false,שלישיית מגבות מטבח ברכות,,,שלישיית מגבות,יח',1.00,יח',false,,14.90,14.9000,true,1,8288079
7290114134248,false,טי שרט קצר לבן V (מידה XXL),,,טי שרט קצר לבן V (מי,יח',1.00,יח',false,,20.90,20.9000,true,1,8250762
7290114134279,false,טי שרט קצר שחור O (מידה L),,,טי שרט קצר שחור O (מ,יח',1.00,יח',false,,20.90,20.9000,true,1,8250787
7290114137157,false,גרבי גבר (3) חצי מגבת מלה,,,גרבי גבר (3) חצי מגב,יח',1.00,יח',false,,20.00,20.0000,true,1,8289125
7290114137171,false,גרבי גבר (3) חצי מגבת מלה,,,גרבי גבר (3) חצי מגב,יח',1.00,יח',false,,20.00,20.0000,true,1,8298672
7290114137225,false,גרביי נשים (3) חצי מגבת מלה,,,גרביי נשים (3) חצי מ,יח',1.00,יח',false,,20.00,20.0000,true,1,8289126
7290114137232,false,גרביי נשים (3) LEE COOPER,,,גרביי נשים (3) LEE C,יח',1.00,יח',false,,20.00,20.0000,true,1,8307564
7290114137263,false,גרביי נשים (3) LEE COOPER,,,גרביי נשים (3) LEE C,יח',1.00,יח',false,,20.00,20.0000,true,1,8307565
7290114137287,false,גרביי בנים(3) חצי מגבת מלה,,,גרביי בנים(3) חצי מג,יח',1.00,יח',false,,20.00,20.0000,true,1,8289127
7290114137331,false,גרביי בנות (3) חצי מגבת מלה,,,גרביי בנות (3) חצי מ,יח',1.00,יח',false,,20.00,20.0000,true,1,8289128
7290114137348,false,גרביי בנות שלישייה,,,גרביי בנות שלישייה,יח',1.00,יח',false,,20.00,20.0000,true,1,8303474
7290114196048,false,כבל אייפון 2 מטר רמי לוי,,,כבל אייפון 2 מטר רמי,יח',1.00,יח',false,,24.90,24.9000,true,1,8246095
7290114196055,false,כבל Type C רמי לוי 2 מטר,,,כבל Type C רמי לוי 2,יח',1.00,יח',false,,24.90,24.9000,true,1,8246096
7290114310031,false,הנ.קופון גבינות מלוחות צוריאל 25%.,,,הנ.קופון גבינות מלוח,יח',1.00,יח',false,,0.01,0.0100,true,1,8244791
7290114310215,false,"שמנת מתוקה 38% רמת הגולן 250 מ""ל ווסטהיים - מוצר בפיקוח",מילקו תעשיות בעמ,IL,שמנת מתוקה 38% 250מל,מיליליטרים,250.00,"100 מ""ל",false,,6.40,0.0256,true,1,8245483
7290114310222,false,חלב מועשר בסידן וויטמין Dי 3% 1.5 ל' טרה,מילקו תעשיות בעמ,IL,חלב מועשר בסידן 1.5ל,יח',1.00,יח',false,,10.90,10.9000,true,1,8249947
7290114310239,false,חלב נטול לקטוז מועשר בוויטמין D י 2% 1.5 ל' טרה,מילקו תעשיות בעמ,IL,חלב נטול לקטוז מועשר,יח',1.00,יח',false,,10.70,10.7000,true,1,8249948
7290114310246,false,גרנה פדנו צ'אנק משק צוריאל 125 גרם,מחלבת משק צוריאל,IL,גרנה פדנו 29%,גרמים,125.00,100 גרם,false,,17.80,0.1424,true,1,8297253
7290114310338,false,צפתית מעודנת 5% בגביע 225 גרם משק צוריאל,מחלבת משק צוריאל,IL,צפתית מעודנת 5% 225ג,גרמים,225.00,100 גרם,false,,16.30,0.0724,true,1,8297255
7290114310345,false,מעדן יוגורט בטעם תות 1.5% 125 גרם טרה,מילקו תעשיות בעמ,IL,מעדן יוגורט תות 1.5%,גרמים,125.00,100 גרם,false,,2.60,0.0208,true,1,8280899
7290114310383,false,Muller Froop מולר יוגורט מוקצף בטעם וניל 90 גרם,מולר Muller,IL,מולר ויפ יוגורט מוקצ,מיליליטרים,150.00,"100 מ""ל",false,,4.70,0.0313,true,1,8324897
7290114310390,false,מולר פרופ קציפת יוגורט בטעם בננה לוטי 97 גרם,מולר Muller,IL,מולר ויפ יוגורט מוקצ,מיליליטרים,150.00,"100 מ""ל",false,,4.70,0.0313,true,1,8324898
7290114310406,false,מולר פרופ קציפת יוגורט בטעם תות 97 גרם,מולר Muller,IL,מולר ויפ יוגורט מוקצ,מיליליטרים,150.00,"100 מ""ל",false,,4.70,0.0313,true,1,8324899
7290114310536,false,יוגורט לייט מעושר חלבון 25 גרם חלבון וניל MULLER ACTIVE,מולר Muller,IL,מולר אקטיב לייט טעם,יח',1.00,יח',false,,5.50,5.5000,true,1,8305781
7290114310550,false,גבינת פטה עיזים מעודנת 5% משק צוריאל 200 גרם,מחלבת משק צוריאל,IL,פטה עיזים מעודנת 5%,גרמים,200.00,100 גרם,false,,22.90,0.1145,true,1,8309650
7290114310567,false,לאבנה עיזים 5% שומן 200 גרם,מחלבת משק צוריאל,IL,לאבנה עיזים 200 גר,גרמים,200.00,100 גרם,false,,13.90,0.0695,true,1,8309651
7290114310574,false,גבינת קרם שמנת עיזים 5% 200 גרם צוריאל,מחלבת משק צוריאל,IL,קרם שמנת עיזים מעודנ,גרמים,200.00,100 גרם,false,,13.50,0.0675,true,1,8309652
7290114310611,false,"משקה חלב בננה בבקבוק פקק ספורט טרה 250 מ""ל",Unknown,IL,משקה חלב בננה 250 מל,מיליליטרים,250.00,"100 מ""ל",false,,4.90,0.0196,true,1,8309967
7290114310628,false,משקה חלב וניל ועוגיות בקבוק 1 ליטר,מילקו תעשיות בעמ,IL,משקה חלב וניל ועוגיו,ליטרים,1.00,ליטר,false,,10.90,10.9000,true,1,8321319
7290114310895,false,"סימפלי פרוט יוגורט עם מנגו תות, שמיניה 8 * 150 גרם",מולר Muller,IL,מאגדת סימפלי מנגו תו,גרמים,1200.00,100 גרם,false,,28.90,0.0241,true,1,8341752
7290114311014,false,"משקה חלב אייס קפוצ'ינו פקק ספורט טרה 250 מ""ל",מילקו תעשיות בעמ,IL,משקה חלב אייס קפוצ'י,מטרים,250.00,100 מ'ל,false,,4.90,0.0196,true,1,8396300
7290114311021,false,"משקה חלב וניל עוגיות פקק ספורט טרה 250 מ""ל",Unknown,IL,משקה חלב וניל עוגיות,מטרים,250.00,100 מ'ל,false,,4.90,0.0196,true,1,8396301
7290114311038,false,"שמנת מתוקה 32% עמידה בבקבוק טרה 250 מ""ל",מילקו תעשיות בעמ,IL,שמנת מתוקה 32% בקבוק,מטרים,250.00,100 מ'ל,false,,6.60,0.0264,true,1,8396302
7290114311069,false,יוגורט לבן מועשר בחלבון 0% שומן 200 גרם muller active,מולר Muller,IL,מולר אקטיב טעם טבעי,מיליליטרים,200.00,"100 מ""ל",false,,5.20,0.0260,true,1,8383793
7290114311106,false,מולר נטורל חצוי+יוגורט ביו+גרנולה וסירופ עם סילאן 177 ג',מילקו,IL,יוגורט מולר נטורל סי,מיליליטרים,177.00,"100 מ""ל",false,,6.20,0.0350,true,1,8368463
7290114311298,false,יוגורט מולר פרופ בטעם תות בננה מלון 150,מולר Muller,IL,מולר קציפת תות בננה,גרמים,150.00,100 גרם,false,,4.80,0.0320,true,1,8430437
7290114311304,false,יוגורט קציפת מנגו פסיפלורה בננה 150 ג' מולר,מולר Muller,IL,מולר קציפת מנגו פסיפ,גרמים,150.00,100 גרם,false,,4.80,0.0320,true,1,8430438
7290114311328,false,חלב מועשר דל לקטוז מעושר בויטמין Dי 2% שומן טרה 1 ליטר,ג'י.אר.אמ.גרופו אלימ,IL,חלב נטול לקטוז וויטמ,ליטרים,1.00,100 ליטר,false,,7.30,7.3000,true,1,8431781
7290114311359,false,יוגורט עם קציפת מנגו 3% שומן פרופ 150 ג' מולר,מולר Muller,IL,מולר קציפת מנגו 3%,גרמים,150.00,100 גרם,false,,4.80,0.0320,true,1,8430439
7290114311434,false,מולר אקטיב יוגורט חלבון קרמל מלוח 200 גרם,מולר Muller,IL,מולר אקטיב קרמל מלוח,גרמים,200.00,100 גרם,false,,5.50,0.0275,true,1,8472819
7290114311441,false,מולר אקטיב יוגורט חלבון עוגיות חמאה 200 גרם,מולר Muller,IL,מולר אקטיב עוגיות חמ,גרמים,200.00,100 גרם,false,,5.50,0.0275,true,1,8472693
7290114311458,false,קרטון חלב 3% מועשר ויטמין די 1ליטר,Unknown,IL,קרטון חלב 3% מועשר ו,ליטרים,1.00,ליטר,false,,7.20,7.2000,true,1,8440940
7290114311502,false,משקה חלב בטעם סחלב בבקבוק 1 ליטר,מילקו תעשיות בעמ,IL,משקה חלב טעם סחלב 1ל,מיליליטרים,1000.00,"100 מ""ל",false,,10.90,0.0109,true,1,8468345
7290114311526,false,יוגורט פרופ קציפת תפוז גי'נג'ר 3% מולר 150 גרם,מולר Muller,IL,מולר קציפת תפוז ג'ינ,גרמים,150.00,100 גרם,false,,4.80,0.0320,true,1,8468346
7290114311533,false,יוגורט פרופ קציפת פרי בטעם סנגריה 3% מולר 150 גרם,מולר Muller,IL,מולר קציפת פרי סנגרי,גרמים,150.00,100 גרם,false,,4.80,0.0320,true,1,8468347
7290114311557,false,יוגורט נטורל ו גרנולה בתוספת סירופ מייפל 170 ג' מולר,מולר Muller,IL,מולר נטורל+גרנולה וס,מיליליטרים,170.00,"100 מ""ל",false,,6.20,0.0365,true,1,8485100
7290114600927,false,עלי טורטייה חיטה מלאה מאסטר שף 320 גרם,אלקאטי קורביישיסי גי,ES,מאסטר שף עלי טורטיה,מטרים,320.00,100 מ'ל,false,,7.90,0.0247,true,1,8335879
7290114600941,false,מאסטר שף מיונז הולנדי לחיץ 435 גרם,קפה לנדוור,NL,מאסטר שף מיונז לחיץ,גרמים,435.00,100 גרם,false,,12.80,0.0294,true,1,8279533
7290114600989,false,"רוטב אלף האיים מאסטר שף 250 מ""ל",קפה לנדוור,NL,מאסטר שף רוטב אלף הא,מיליליטרים,250.00,"100 מ""ל",false,,8.90,0.0356,true,1,8262135
7290114603041,false,פרי גרנולה בוטנים אגוזים וקוקוס חלבון .,"אפקט טבעי בע""מ",IL,פרי גרנולה בוטנים קו,גרמים,300.00,100 גרם,false,,13.90,0.0463,true,1,8296600
7290114603317,false,גריזלי טבעות טעם גריל 40 גר,,,גריזלי טבעות טעם גרי,יח',1.00,יח',false,,2.90,2.9000,true,1,8246693
7290114603324,false,גריזלי טבעות טעם בצל 40 גר,,,גריזלי טבעות טעם בצל,יח',1.00,יח',false,,2.90,2.9000,true,1,8246694
7290114603553,false,מאסטר שף עגבניות חתוכות גס 800 גרם,פראנו אנריקו ופיגלי,IT,מאסטר שף עגבניות חתו,גרמים,800.00,100 גרם,false,,8.90,0.0111,true,1,8290927
7290114603768,false,"נוזל ניקוי שירותים אגקס 750 מ""ל*2 זוג",קולגייט פלמוליב,FR,אגקס שירותים 750מל ז,ליטרים,1.50,ליטר,false,,19.90,13.2667,true,1,8262140
7290114604222,false,קולגייט אופטיק וייט אקסטרא זוג 75 מל,CP-Poland swidnica,PL,קולגייט אופטיק וייט,גרמים,150.00,100 גרם,false,,24.90,0.1660,true,1,8266603
7290114604857,false,"דפי אורז מאסטר שף קוטר 22 ס""מ 400 גרם",לוק הונג טריידינג פר,VN,דפי אורז 22 קוטר 400,גרמים,400.00,100 גרם,false,,11.90,0.0298,true,1,8314490
7290114604895,false,מאסטר שף ממרח לחיץ ספייסי לחיץ 446 גרם,מאסטר שף,NL,מאסטר שף ממרח ספייסי,גרמים,446.00,100 גרם,false,,12.90,0.0289,true,1,8322589
7290114604901,false,ממרח שום לחיץ מאסטר שף 444 גרם,מאסטר שף,NL,מאסטר שף ממרח שום לח,גרמים,446.00,100 גרם,false,,12.90,0.0289,true,1,8322590
7290114604925,false,"מאסטר שף אסייאתי קרם קוקוס לייט 400 מ""ל","תאי קוקונאט חברה בע""",TH,מאסטר שף קרם קוקוס ל,מטרים,400.00,100 מ'ל,false,,8.90,0.0223,true,1,8346896
7290114604949,false,מאסטר שף רוטב ברביקיו 524 גרם,רמיה סי.וי. הולנד,NL,מאסטר שף רוטב ברביקי,גרמים,524.00,100 גרם,false,,12.90,0.0246,true,1,8322591
7290114604963,false,פירורי לחם מתובלים מאסטר שף 230 גרם,מאסטר שף,IL,מאסטר שף פירורים מתו,גרמים,230.00,100 גרם,false,,6.90,0.0300,true,1,8328762
7290114605359,false,"פירסט סמייל רפידות הנקה לארג`, 50 יחידות",ש.שסטוביץ,CN,רפידות הנקה לארג 130,יח',1.00,יח',false,,24.90,24.9000,true,1,8334638
7290114605649,false,קולגייט סנסיטיב מולטי פרוטקשן זוג כשלפ,,,קולגייט סנסיטיב מולט,מטרים,150.00,100 מ'ל,false,,29.90,0.1993,true,1,8454615
7290114606530,false,רוטב בטעם מיונז וקטשופ מאסטר שף 515 גרם,מאסטר שף,NL,מאסטר שף רוטב טעם מי,גרמים,515.00,100 גרם,false,,12.90,0.0250,true,1,8322592
7290114606547,false,מיונז פטריות כמהין לחיץ מאסטר שף 242 גרם,מאסטר שף,NL,מיונז עם פטריות כמהי,גרמים,242.00,100 גרם,false,,12.90,0.0533,true,1,8322570
7290114606554,false,מיונז מופחת קלוריות בקבוק לחיץ,מאסטר שף,NL,מאסטר שף מיונז לייט,גרמים,470.00,100 גרם,false,,12.90,0.0274,true,1,8322571
7290114606578,false,שקדי מרק מאסטר שף 400 גרם,מאסטר שף,IL,מאסטר שף שקדי מרק 40,גרמים,400.00,100 גרם,false,,9.80,0.0245,true,1,8347173
7290114607391,false,"קולגייט משחת לילדים ברבי 2-5 שנים, 75 מ""ל",קולגייט פלמוליב,PL,קולגייט משחת ילדים ב,מטרים,75.00,100 מ'ל,false,,14.90,0.1987,true,1,8340748
7290114608169,false,פרי גרנולה קפה וקקאו עם אגוזים 300 גר',"אפקטבעי בע""מ",IL,פרי גרנולה קפה קקאו,גרמים,300.00,100 גרם,false,,13.90,0.0463,true,1,8361503
7290114608633,false,"דפי אצה מאסטר שף, 25 גרם",מאסטר שף,VN,דפי אצה מאסטר שף 25,יח',1.00,יח',false,,11.90,11.9000,true,1,8373261
7290114608657,false,סילאן לחיץ מאסטר שף 700 גרם,מנה,AE,מאסטר שף סילאן 700 מ,מטרים,700.00,100 מ'ל,false,,19.80,0.0283,true,1,8347174
7290114608695,false,מאסטר שף מיונז עם ווסבי 241 גרם,רמיה סי.וי,NL,מאסטר שף מיונז עם וו,גרמים,241.00,100 גרם,false,,12.90,0.0535,true,1,8346898
7290114653541,false,שלישיית ביצי שוקולד(חלב נוכרי) - כוח פי גיי,שמחה זה אנחנו,IT,שלישית ביצי שוקולד כ,גרמים,20.00,100 גרם,false,,12.90,0.6450,true,1,8229521
7290114821469,false,כבד דג שיבוט מעושן במיץ טבעי אופיסר 120 גרם,אופיסר Officer,IS,כבד דג שיבוט אופיסר,גרמים,120.00,100 גרם,false,,13.60,0.1133,true,1,8305003
7290115200003,false,פתי בר פינוקי וניל אסם 220 גרם,תאי פרזידנט פוד פאבל,PL,פתי בר פינוקי וניל 2,גרמים,220.00,100 גרם,false,,9.90,0.0450,true,1,8256712
7290115200027,false,אסם פתי בר פינוקים שוקו 220 גרם,קריות זול,PL,פתי בר פינוקי שוקולד,גרמים,220.00,100 גרם,false,,9.90,0.0450,true,1,8256713
7290115200676,false,עוגיות קרמוגית במילוי קרם בטעם קרמל מלוח,"הגביע מוצרי וופלים בע""\מ",IL,אסם קרמוגית קרמל 200,גרמים,200.00,100 גרם,false,,7.90,0.0395,true,1,8266867
7290115200713,false,במבה קלאסי מארז אחיד 8 50*5 ג',"אסם השקעות בע""\מ",IL,במבה קלאסי מארז 5*50,יח',1.00,יח',false,,11.90,11.9000,true,1,8256714
7290115201031,false,אסם פתיבר דובוני שוקולד 175 גרם,טרופיקל דגיל תעשיות,PL,פתי בר פינוקי שוקולד,גרמים,175.00,100 גרם,false,,9.90,0.0566,true,1,8312895
7290115201451,false,טבעול גורמה לביבות בטטה קארי 455 גרם,טבעול )מקבוצת אסם השקעות,IL,לביבות בטטה קארי 455,גרמים,455.00,100 גרם,false,,29.90,0.0657,true,1,8403954
7290115201475,false,טבעול גורמה לביבות כרישה 434 גרם,טבעול )מקבוצת אסם השקעות,IL,לביבות כרישה 434 גר,גרמים,434.00,100 גרם,false,,29.90,0.0689,true,1,8403955
7290115201536,false,"טבעול גורמה לביבות כרובית ותפו""א 442 גרם",טבעול )מקבוצת אסם השקעות,IL,"לביבות כרובית ותפו""א",גרמים,442.00,100 גרם,false,,29.90,0.0676,true,1,8403956
7290115201550,false,ביסלי קרנבל מיקס 150 ג' אסם,פרו מן יו פתרונות אר,IL,ביסלי קרנבל מיקס 150,גרמים,150.00,100 גרם,false,,6.90,0.0460,true,1,8269560
7290115201680,false,ביסלי בטעם ברביקיו אסם 70 גרם,"אסם השקעות בע""\מ",IL,ביסלי בטעם ברביקיו א,גרמים,70.00,100 גרם,false,,3.90,0.0557,true,1,8286791
7290115201703,false,ביסלי ברביקיו גדול אסם 200 גרם,מיוצר עי קונדיטוריית,IL,ביסלי ברביקיו 200גר,גרמים,200.00,100 גרם,false,,6.50,0.0325,true,1,8309774
7290115201727,false,ביסלי חטיף בטעם בצל אסם 200 גרם,מיוצר עי קונדיטוריית,IL,ביסלי חטיף בטעם בצל,גרמים,200.00,100 גרם,false,,6.50,0.0325,true,1,8286792
7290115202212,false,טבעול גורמה לביבות סלק 434 גרם,טבעול )מקבוצת אסם השקעות,IL,לביבות סלק 434 גר,גרמים,434.00,100 גרם,false,,29.90,0.0689,true,1,8403957
7290115202236,false,טופו קראנצ'ים טבעול 470 גרם,עיצובים 2020 (4.8),IL,טבעול טופו קראנצ'ים,גרמים,470.00,100 גרם,false,,29.90,0.0636,true,1,8332013
7290115203134,false,פופקו פופקורן במבה - פופקורן בציפוי קרמל ובוטנים,"אסם השקעות בע""\מ",IL,פופקו פופקורן במבה א,גרמים,80.00,100 גרם,false,,4.50,0.0563,true,1,8329221
7290115203172,false,במבה PRO מכיל 18 גרם חלבון בשקית,"אסם השקעות בע""\מ",IL,במבה פרו אסם 80 גרם,גרמים,80.00,100 גרם,false,,3.90,0.0487,true,1,8438006
7290115203486,false,פירורית בטעם ביסלי גריל אסם 200 גרם,עינת תעשיות מזון אגו,IL,פירורית טעם ביסלי גר,גרמים,200.00,100 גרם,false,,5.90,0.0295,true,1,8321331
7290115204056,false,"קטשופ מופחת סוכר אסם 690 גרם כשל""פ","אסם תעשיות בע""מ",IL,קטשופ אסם 56% פחות ס,גרמים,690.00,100 גרם,false,,8.70,0.0126,true,1,8307062
7290115204131,false,צבר סחוג ירוק 6*190גרם חדש,פרסקו,IL,צבר סחוג ירוק 190גר,גרמים,190.00,100 גרם,false,,10.90,0.0574,true,1,8368703
7290115204247,false,"ממרח עגבניות מיובשות 190 גרם ""צבר""",פרסקו,IL,צבר עגבניות מיובשות,גרמים,190.00,100 גרם,false,,14.90,0.0784,true,1,8368706
7290115205176,false,פיטנס - קרקר דק כפרי פיטנס 140 גרם,נסטלה Nestle,IL,קרקר דק כפרי פיטנס 1,גרמים,140.00,100 גרם,false,,9.90,0.0707,true,1,8368947
7290115205251,false,פריכיות קרמל מלוח פיטנס בר 84 גרם,פרח תעשיות,IL,פיטנס בר פריכיות קרמ,גרמים,84.00,100 גרם,false,,11.90,0.1417,true,1,8473870
7290115205312,false,קרקר פיטנס דק עם זיתי קלמטה ועשבי תיבול,"אסם השקעות בע""\מ",IL,פיטנס קרקר 140 גר,גרמים,140.00,100 גרם,false,,9.90,0.0707,true,1,8394006
7290115205527,false,פיטנס חטיף מולטיגריין עם עדשים 25 גרם,"אסם השקעות בע""\מ",IL,פיטנס חטיף מולטיגריי,יח',1.00,יח',false,,4.90,4.9000,true,1,8419522
7290115205541,false,פיטנס חטיף מולטיגריין עם חומוס 25 גרם,"אסם השקעות בע""\מ",IL,פיטנס חטיף מולטיגריי,יח',1.00,יח',false,,4.90,4.9000,true,1,8419523
7290115205695,false,אסם בונזור בצק מצונן לפיצה 460 גרם,נסטלה סוויס )שוויץ(,CH,בונז'ור בצק מצונן לפ,גרמים,460.00,100 גרם,false,,14.90,0.0324,true,1,8362862
7290115205718,false,אסם בונזור בצק מצונן עלים 230 גרם,נסטלה סוויס )שוויץ(,CH,בונז'ור בצק מצונן על,גרמים,230.00,100 גרם,false,,11.90,0.0517,true,1,8362863
7290115205978,false,פתיבר ואצבעות שוקולד 180 גרם - רבנות,"t\ד""\ר ג'\רארד בע""\מn\",PL,פתי בר אצבעות 180גר,גרמים,180.00,100 גרם,false,,9.90,0.0550,true,1,8378358
7290115206135,false,"טבעול גורמה ארוחת קינואה, 450 גרם",טבעול (מקבוצת אסם הש,IL,ארוחת קינואה 450 גר,גרמים,450.00,100 גרם,false,,29.90,0.0664,true,1,8378332
7290115207163,false,פרפקטו ניוקי בזיליקום ושום אסם 500 גרם,איטלניוקי,IT,פרפקטו ניוקי בזיליקו,גרמים,500.00,100 גרם,false,,13.90,0.0278,true,1,8362866
7290115207484,false,"""המעדניה"" צבר חציל על האש 400 גרם",ג'נרל מילס סאן אדריא,IL,צבר חציל על האש היתר,גרמים,400.00,100 גרם,false,,14.90,0.0373,true,1,8362867
7290115207620,false,"רוטב בסגנון סויה קלאסי 290 מ""ל אסם","אסם השקעות בע""\מ",IL,רוטב סויה קלאסי אסם,מיליליטרים,290.00,"100 מ""ל",false,,10.90,0.0376,true,1,8403930
7290115207682,false,אסם רוטב בסגנון סויה סיני 9*290מל חדש,"אסם השקעות בע""\מ",IL,רוטב סגנון סויה סיני,מיליליטרים,290.00,"100 מ""ל",false,,8.90,0.0307,true,1,8403904
7290115207798,false,טבעול המבורגר חריף טבעוני 420 גרם,"טבעול תעשיות מזון בע""\מ",IL,המבורגר חריף טבעוני,גרמים,420.00,100 גרם,false,,29.90,0.0712,true,1,8385263
7290115207811,false,"טבעול נקניקיות טבעוניות, 418 גרם","טבעול תעשיות מזון בע""\מ",IL,נקניקיות טבעוניות 41,גרמים,418.00,100 גרם,false,,29.90,0.0715,true,1,8378363
7290115207880,false,סירופ ויטמינציק פטל 2 ליטר,בית השיטה עסיס תעשיו,IL,ויטמנצ'יק פטל 2 ליטר,מטרים,2000.00,100 מ'ל,false,,39.90,0.0199,true,1,8374756
7290115207903,false,סירופ ויטמינציק תפוח 2 ליטר,בית השיטה עסיס תעשיו,IL,ויטמנצ'יק תפוח 2 ליט,מטרים,2000.00,100 מ'ל,false,,39.90,0.0199,true,1,8374757
7290115207941,false,סירופ אננס ויטמינצ'יק 1 ליטר,בית-השיטה עסיס תעשיות מז,IL,ויטמינצ'יק אננס 1 לי,מטרים,1000.00,100 מ'ל,false,,18.70,0.0187,true,1,8374712
7290115207965,false,סירופ מנגו אפרסק ויטמינצ'יק 1 ליטר,בית-השיטה עסיס תעשיות מז,IL,ויטמינציק מנגו אפרסק,מטרים,1000.00,100 מ'ל,false,,18.70,0.0187,true,1,8374713
7290115208009,false,סירופ ענבים ויטמינצ'יק 1 ליטר,בית-השיטה עסיס תעשיות מז,IL,ויטמינצ'יק ענבים 1 ל,מטרים,1000.00,100 מ'ל,false,,18.70,0.0187,true,1,8374715
7290115208023,false,סירופ ויטמינציק ענבים 2 ליטר,,,ויטמנצ'יק ענבים 2 לי,מטרים,2000.00,100 מ'ל,false,,39.90,0.0199,true,1,8374759
7290115208047,false,סירופ פטל ויטמינצ'יק 1 ליטר,בית-השיטה עסיס תעשיות מז,IL,ויטמינצ'יק פטל 1 ליט,מטרים,1000.00,100 מ'ל,false,,18.70,0.0187,true,1,8374716
7290115208061,false,סירופ תפוח ויטמינצ'יק 1 ליטר,בית השיטה עסיס תעשיות מז,IL,ויטמינצ'יק תפוח 1 לי,מטרים,1000.00,100 מ'ל,false,,18.70,0.0187,true,1,8374717
7290115208597,false,קרמוגית מיניס קרמל מלוח אסם 200 גרם,"אסם השקעות בע""\מ",IL,אסם קרמוגית מיניס קר,גרמים,200.00,100 גרם,false,,7.90,0.0395,true,1,8424450
7290115208849,false,"מנה חמה פסטה מוקרמת ט.עוף בד""צ 55גר","אסם תעשיות בע""מ",IL,מנה חמה פירה אסם 51,גרמים,51.00,100 גרם,false,,4.90,0.0961,true,1,8468226
7290115209136,false,טבעול חטיפי עוף צמחי העדה החרדית 6*1.2קג,"טבעול תעשיות מזון בע""\מ",IL,חטיפי עוף צמחי 1.2 ק,קילוגרמים,1.20,"ק""ג",false,,39.90,33.2500,true,1,8419556
7290115209198,false,במבה אוורירית אסם 80 גרם,"אסם תעשיות בע""מ",IL,במבה אוורירית אסם 80,גרמים,80.00,100 גרם,false,,3.90,0.0487,true,1,8419620
7290115209235,false,ביסקוויט פתי בר קפה אסם 500 גרם,"אסם תעשיות בע""מ",IL,ביסקוויט פתי בר קפה,גרמים,500.00,100 גרם,false,,8.90,0.0178,true,1,8473872
7290115400847,false,עוגיות פרפריות רמי לוי 500 גרם,,,עוגיות פרפריות רמי ל,גרמים,500.00,100 גרם,false,,14.90,0.0298,true,1,8391591
7290115400885,false,עוגיות עינוגי שוקולד רמי לוי 500 גרם,,,עוגיות עינוגי שוקולד,גרמים,500.00,100 גרם,false,,14.90,0.0298,true,1,8391595
7290115400892,false,עוגיות פרסה תמרים רמי לוי 500 גרם,,,עוגיות פרסה תמרים רמ,גרמים,500.00,100 גרם,false,,14.90,0.0298,true,1,8391596
7290115400908,false,עוגיות מגולגלות תמרים רמי לוי 500 גרם,,,עוגיות מגולגלות תמרי,גרמים,500.00,100 גרם,false,,14.90,0.0298,true,1,8391597
7290115401073,false,עוגיות קיפל וניל רמי לוי 500 גרם,,,עוגיות קיפל וניל רמי,גרמים,500.00,100 גרם,false,,14.90,0.0298,true,1,8391601
7290115401097,false,עוגיות נסיכה טעם תות רמי לוי 500 גרם,,,עוגיות נסיכה טעם תות,גרמים,500.00,100 גרם,false,,14.90,0.0298,true,1,8391603
7290115401103,false,עוגיות נסיכה מיקס רמי לוי 500 גרם,,,עוגיות נסיכה מיקס רמ,גרמים,500.00,100 גרם,false,,14.90,0.0298,true,1,8391604
7290115401110,false,עוגיות מיני מרוקאי רמי לוי 500 גרם,,,עוגיות מיני מרוקאי ר,גרמים,500.00,100 גרם,false,,14.90,0.0298,true,1,8391605
7290115401158,false,עוגיות מלוחות קריספי רמי לוי 500 גרם,,,עוגיות מלוחות קריספי,גרמים,500.00,100 גרם,false,,14.90,0.0298,true,1,8391609
7290115401189,false,עוגיות פסים שוקו מסוכרות רמי לוי 500 גרם,,,עוגיות פסים שוקו מסו,גרמים,500.00,100 גרם,false,,14.90,0.0298,true,1,8413725
7290115401196,false,עוגיות קוואקר פריכות רמי לוי 500 גרם,,,עוגיות קוואקר פריכות,גרמים,500.00,100 גרם,false,,14.90,0.0298,true,1,8391612
7290115401202,false,עוגיות פרפריות שוקו רמי לוי 500 גרם,,,עוגיות פרפריות שוקו,גרמים,500.00,100 גרם,false,,14.90,0.0298,true,1,8391614
7290115405774,false,פחזניות ממולאות בטעם וניל קפולסקי 180 גרם,תופינים מקבוצת קפולס,IL,פחזניות ממולאות וניל,גרמים,180.00,100 גרם,false,,12.90,0.0717,true,1,8408691
7290115405781,false,פחזניות ממולאות בטעם שוקולד קפולסקי 180 גרם,תופינים מקבוצת קפולס,IL,פחזניות ממולאות טעם,גרמים,180.00,100 גרם,false,,12.90,0.0717,true,1,8408692
7290115405798,false,פחזניות ממולאות בטעם ריבת חלב קפולסקי 180 גרם,קפולסקי אדל בעמ,IL,פחזניות ממולאות טעם,גרמים,180.00,100 גרם,false,,13.90,0.0772,true,1,8408693
7290115410884,false,חציל על האש 400ג רמילוי,,,חציל על האש 400ג רמי,גרמים,400.00,100 גרם,false,,8.90,0.0223,true,1,8274685
7290115410891,false,חומוס מסבחה 400ג רמילוי,,,חומוס מסבחה 400ג רמי,גרמים,400.00,100 גרם,false,,8.90,0.0223,true,1,8274686
7290115410907,false,מטבוחה רמי לוי 400 ג,,,מטבוחה 400ג רמילוי,גרמים,400.00,100 גרם,false,,8.90,0.0223,true,1,8274687
7290115410914,false,חציל רומני 400ג רמילוי,,,חציל רומני 400ג רמיל,גרמים,400.00,100 גרם,false,,8.90,0.0223,true,1,8274688
7290115410921,false,חומוס ירושלמי 400ג רמילוי,,,חומוס ירושלמי 400ג ר,גרמים,400.00,100 גרם,false,,8.90,0.0223,true,1,8274689
7290115410938,false,טחינה רמי לוי 400 גר,,,טחינה 400ג רמילוי,גרמים,400.00,100 גרם,false,,8.90,0.0223,true,1,8274690
7290115410945,false,חומוס זעתר 400ג רמילוי,,,חומוס זעתר 400ג רמיל,גרמים,400.00,100 גרם,false,,8.90,0.0223,true,1,8274691
7290115410952,false,חציל במיונז 400ג רמילוי,,,חציל במיונז 400ג רמי,גרמים,400.00,100 גרם,false,,8.90,0.0223,true,1,8274692
7290115410969,false,חומוס לפיתה 700ג רמילוי,,,חומוס לפיתה 700ג רמי,גרמים,700.00,100 גרם,false,,8.90,0.0127,true,1,8274666
7290115411157,false,חומוס עם חריף 400ג רמילוי,,,חומוס עם חריף 400ג ר,גרמים,400.00,100 גרם,false,,8.90,0.0223,true,1,8274693
7290115411454,false,חומוס ירושלמי המזטים,,,חומוס ירושלמי 250גר,גרמים,250.00,100 גרם,false,,7.90,0.0316,true,1,8282784
7290115411461,false,חומוס מסבחה ירוק 250גר רמילוי,,,חומוס מסבחה ירוק 250,גרמים,250.00,100 גרם,false,,7.90,0.0316,true,1,8282755
7290115411478,false,חומוס מסבחה חריף 250גר רמילוי,,,חומוס מסבחה חריף 250,גרמים,250.00,100 גרם,false,,7.90,0.0316,true,1,8282756
7290115411492,false,טחינה לבנה 250גר רמילוי,,,טחינה לבנה 250גר רמי,גרמים,250.00,100 גרם,false,,7.90,0.0316,true,1,8282758
7290115411560,false,חציל תאילנדי 250גר רמילוי,,,חציל תאילנדי 250גר ר,גרמים,250.00,100 גרם,false,,7.90,0.0316,true,1,8282759
7290115411577,false,חציל במיונז 250גר רמילוי,,,חציל במיונז 250גר רמ,גרמים,250.00,100 גרם,false,,7.90,0.0316,true,1,8282760
7290115411607,false,חציל בטעם כבד 250גר רמילוי,,,חציל בטעם כבד 250גר,גרמים,250.00,100 גרם,false,,15.90,0.0636,true,1,8282786
7290115411638,false,קוביות חציל בטחינה 250גר רמילוי,,,קוביות חציל בטחינה 2,גרמים,250.00,100 גרם,false,,7.90,0.0316,true,1,8287001
7290115413069,false,סלט גזר מרוקאי 250גרם רמי לוי,,,סלט גזר מרוקאי 250גר,גרמים,250.00,100 גרם,false,,7.90,0.0316,true,1,8375523
7290115413076,false,סלט סלק 250גרם רמי לוי,,,סלט סלק 250גרם רמי ל,גרמים,250.00,100 גרם,false,,7.90,0.0316,true,1,8375524
7290115413083,false,חומוס אבו גוש עם גרגירים רמילוי,,,חומוס אבו גוש עם גרג,גרמים,250.00,100 גרם,false,,7.90,0.0316,true,1,8371090
7290115480016,false,סוד פאוור קאפס לכביסה צבעונית 26 יחי,סוד,HU,סוד פאוור קאפס לכביס,יח',1.00,יח',false,,29.90,29.9000,true,1,8394118
7290115480023,false,סוד פאוור קאפס לכביסה צבעונית 45 יחי,הנקל,RS,סוד פאוור קאפס לכביס,יח',1.00,יח',false,,38.90,38.9000,true,1,8394119
7290115640120,false,שקיות אשפה 75/90,,,שקיות אשפה 75/90,יח',1.00,יח',false,,19.90,19.9000,true,1,8352016
7290115642261,false,נר נשמה צדיקים,,,נר נשמה צדיקים,יחידה,0.00,יחידה,false,,1.90,0.0000,true,1,8456574
7290115671155,false,שלישיית סוכריות מאסט FRESH ענבים 45 גרם,הליקון גידה,TR,שלישיית סוכריות פרש,יח',1.00,יח',false,,7.90,7.9000,true,1,8370828
7290115671308,false,מסטיק מאסט פאן תות דובדבן צנצנת 58 גרם,אסקום קונפשטיין,DE,מאסט פאן תות דובדבן,גרמים,58.00,100 גרם,false,,9.90,0.1707,true,1,8370787
7290115675696,false,דגני בוקר קראנצ'ים שיבולת שועל עם אגוזים ושקדים,גלידות שטראוס,PL,קוואקר קרוזלי אגוזים,גרמים,375.00,100 גרם,false,,19.80,0.0528,true,1,8338375
7290115675702,false,דגני בוקר קראנצ'ים שיבולת שועל עם פירות מיובשים,גלידות שטראוס,PL,קוואקר קרוזלי פירות,גרמים,375.00,100 גרם,false,,19.80,0.0528,true,1,8338376
7290115675719,false,דגני בוקר קראנצ'ים שיבולת שועל וחתיכות שוקולד מריר,BEVERAGES FOODS & SE,PL,קוואקר קרוזלי שוקולד,גרמים,375.00,100 גרם,false,,19.80,0.0528,true,1,8338377
7290115675733,false,קפסולות אספרסו עם הל למכונות נספרסו 50 ג,שטראוס קפה בי.וי.,IL,קפסולות עם הל למכונת,יח',1.00,יח',false,,15.90,15.9000,true,1,8341280
7290115675986,false,דנונה יוגורט בר עם אגוזים מקורמלים 173 גרם,"שטראוס בריאות בע""\מ",IL,דנונה בר עם אגוזים מ,מיליליטרים,180.00,"100 מ""ל",false,,4.30,0.0239,true,1,8301688
7290115676051,false,"משקה אקטיביה שיבולת שועל במתיקות מעודנת 250 מ""ל",מיוצר עי קונדיטוריית,IL,אקטיביה משקה במתיקות,מטרים,265.00,100 מ'ל,false,,4.80,0.0181,true,1,8358927
7290115676082,false,משקה דנונה פרו 20 יוגורט תות 255 ג' רבנות,"שטראוס בריאות בע""\מ.",IL,משקה דנונה פרו 20 תו,יח',1.00,יח',false,,6.90,6.9000,true,1,8333011
7290115676099,false,משקה דנונה פרו 20 יוגורט וניל 255 ג' רבנות,"שטראוס בריאות בע""\מ.",IL,דנונה פרו משקה וניל,גרמים,265.00,100 גרם,false,,6.90,0.0260,true,1,8333012
7290115676693,false,תפוצ'יפס מלח חומץ 50 ג' עלית,"שטראוס פריטו ליי בע""\מ )",IL,תפוציפס 50 גרם,יח',1.00,יח',false,,3.50,3.5000,true,1,8419643
7290115677089,false,קונפיטורת תפוח וקינמון יד מרדכי 340 גרם,"בית אל מזון בע""מ",IL,קונפיטורת תפוח וקינמ,גרמים,340.00,100 גרם,false,,9.70,0.0285,true,1,8341281
7290115677140,false,תפוצ'יפס בטעם פפריקה 200 גרם היתר מכירה,שטראוס פריטו ליי בע”,IL,תפוצ'יפס בטעם פפריקה,גרמים,200.00,100 גרם,false,,9.90,0.0495,true,1,8463556
7290115677362,false,"נודלס טריאקי ""דלישס"" שטראוס","טרופיקל דגיל בע""מ אז",IL,דלישס נודלס טריאקי 3,גרמים,350.00,100 גרם,false,,22.90,0.0654,true,1,8351129
7290115677409,false,אורז קארי צהוב עם ירקות ברוטב קארי וקרם קוקוס,אוכל ביתי ניר עציון,IL,אורז קארי צהוב 350גר,גרמים,350.00,100 גרם,false,,22.90,0.0654,true,1,8351132
7290115677904,false,חומוס פלפלים חריף אחלה 235 גרם,מיוצר עי קונדיטוריית,IL,חומוס פלפלים חריף 23,גרמים,235.00,100 גרם,false,,8.90,0.0379,true,1,8319870
7290115677966,false,ממרח אבוקדו טעם הטבע 200 גרם,ג'י. אר. סימפלוט,MX,ממרח אבוקדו שטראוס,גרמים,200.00,100 גרם,false,,14.90,0.0745,true,1,8351437
7290115678222,false,מארז 8 גביעים יוגורט Greek בסגנון יווני 6.5% שומן,"שטראוס בריאות בע""\מ",IL,מארז שמינייה יווני,יח',1.00,יח',false,,23.90,23.9000,true,1,8326076
7290115678376,false,מעדן הגולן שוקולד 125 גרם,מיוצר עי קונדיטוריית,IL,מעדן הגולן שוקולד 12,גרמים,125.00,100 גרם,false,,2.80,0.0224,true,1,8338709
7290115678383,false,מעדן הגולן שוקולד מריר 125 גרם,מיוצר עי קונדיטוריית,IL,מעדן הגולן שוקולד מר,גרמים,125.00,100 גרם,false,,2.80,0.0224,true,1,8338710
7290115678598,false,חסה אייסברג שטראוס טעם הטבע,שטראוס בריאות ירקות טריי,IL,חסה אייסברג שטראוס ט,גרמים,300.00,100 גרם,false,,9.90,0.0330,true,1,8357619
7290115678970,false,מארז סוכריות FRESH בטעם בזוקה עלית 3*15 ג',"הליקון גידה בע""\מ",TR,מאסט פרש סוכריות בטע,גרמים,45.00,100 גרם,false,,8.90,0.1978,true,1,8341246
7290115679762,false,שייק פירות צהוב 150X2גר,סיבהפרוסט,BE,שייק פירות צהוב,גרמים,300.00,100 גרם,false,,21.90,0.0730,true,1,8399102
7290116050034,false,כוסיות פאדג 12,,,כוסיות פאדג 12,יח',1.00,יח',false,,13.90,13.9000,true,1,8366447
7290116051093,false,מגש פרח מחולק לבן,,,מגש פרח מחולק לבן,יח',1.00,יח',false,,5.90,5.9000,true,1,8384726
7290116051109,false,מגש פרח מחולק שקוף,,,מגש פרח מחולק שקוף,יח',1.00,יח',false,,5.90,5.9000,true,1,8384727
7290116051123,false,רומא סכין לבן (10יח'),,,רומא סכין לבן (10יח',יח',1.00,יח',false,,3.90,3.9000,true,1,8385931
7290116051130,false,רומא כף לבן (10יח'),,,רומא כף לבן (10יח'),יח',1.00,יח',false,,3.90,3.9000,true,1,8385932
7290116051154,false,רומא מזלג שחור (10יח'),,,רומא מזלג שחור (10יח,יח',1.00,יח',false,,3.90,3.9000,true,1,8385934
7290116051161,false,רומא סכין שחור (10יח'),,,רומא סכין שחור (10יח,יח',1.00,יח',false,,3.90,3.9000,true,1,8385935
7290116051178,false,רומא כף שחור (10יח'),,,רומא כף שחור (10יח'),יח',1.00,יח',false,,3.90,3.9000,true,1,8385936
7290116051253,false,רומא כף נצנץ כסף (10יח'),,,רומא כף נצנץ כסף (10,יח',1.00,יח',false,,3.90,3.9000,true,1,8385944
7290116051314,false,רומא מזלג ורוד עתיק (10יח'),,,רומא מזלג ורוד עתיק,יח',1.00,יח',false,,3.90,3.9000,true,1,8385950
7290116051321,false,רומא סכין ורוד עתיק (10יח'),,,רומא סכין ורוד עתיק,יח',1.00,יח',false,,3.90,3.9000,true,1,8385951
7290116051376,false,רומא כף שקוף (10יח'),,,רומא כף שקוף (10יח'),יח',1.00,יח',false,,3.90,3.9000,true,1,8385976
7290116052250,false,כרבולית מפנקת 200*150מ,,,כרבולית מפנקת 200*15,יח,1.00,יח,false,,49.90,49.9000,true,1,8414879
7290116052366,false,גופיות גבר ריב כותנה L לבן,,,גופיות גבר ריב כותנה,יח',1.00,יח',false,,20.00,20.0000,true,1,8418192
7290116052465,false,גופיית נשים לבנה כתפיה ספגטי M-L,,,גופיית נשים לבנה כתפ,יח',1.00,יח',false,,20.00,20.0000,true,1,8418202
7290116052694,false,מפיות מעוצבות,,,מפיות מעוצבות,יחידה,0.00,יחידה,false,,3.90,0.0000,true,1,8433073
7290116052700,false,סכין שקוף רמי לוי 40,,,סכין שקוף 40 יח,יחידה,0.00,יחידה,false,,7.90,0.0000,true,1,8422858
7290116052717,false,כפית שקוף רמי לוי 40,,,כפית שקוף 40 יח,יחידה,0.00,יחידה,false,,6.90,0.0000,true,1,8422859
7290116052724,false,מזלג שקוף רמי לוי 40,,,מזלג שקוף 40 יח,יחידה,0.00,יחידה,false,,7.90,0.0000,true,1,8422860
7290116052731,false,כף שקוף רמי לוי 40 י,,,כף שקוף 40 יח,יחידה,0.00,יחידה,false,,7.90,0.0000,true,1,8422861
7290116052748,false,סכין קרם 40 יחידות,,,סכין קרם 40 יחידות,יחידה,0.00,יחידה,false,,7.90,0.0000,true,1,8422862
7290116052755,false,כפית קרם רמי לוי 40,,,כפית קרם 40 יחידות,יחידה,0.00,יחידה,false,,6.90,0.0000,true,1,8422863
7290116052762,false,מזלג קרם רמי לוי 40,,,מזלג קרם 40 יחידות,יחידה,0.00,יחידה,false,,7.90,0.0000,true,1,8422864
7290116052779,false,כף קרם רמי לוי 40 יח,,,כף קרם 40 יחידות,יחידה,0.00,יחידה,false,,7.90,0.0000,true,1,8422865
7290116052823,false,קרם סכין (40 יח') בסט וליו,,,סכין קרם 40 יחידות,יח',1.00,יח',false,,7.90,7.9000,true,1,8465436
7290116052854,false,קרם כפית (40 יח') בסט וליו,,,כפית קרם 40 יחידות,יח',1.00,יח',false,,6.90,6.9000,true,1,8465439
7290116052878,false,כוס מרוקאי לבן 25יח חגיגית,,,כוס מרוקאי לבן 25יח,יח',1.00,יח',false,,7.90,7.9000,true,1,8415987
7290116052885,false,כוס מרוקאי קרם 25יח חגיגית,,,כוס מרוקאי קרם 25יח,יח',1.00,יח',false,,7.90,7.9000,true,1,8415988
7290116052892,false,כוס מרוקאי שחור 25יח חגיגית,,,כוס מרוקאי שחור 25יח,יח',1.00,יח',false,,7.90,7.9000,true,1,8415989
7290116052908,false,כוס מרוקאי בורדו 25יח חגיגית,,,כוס מרוקאי בורדו 25י,יח',1.00,יח',false,,7.90,7.9000,true,1,8415990
7290116053073,false,כרבולית פונפונים פרחים 200*150סמ,,,כרבולית פונפונים פרח,יחידה,0.00,יחידה,false,,79.90,0.0000,true,1,8454455
7290116053097,false,צלחת עמוקה זכוכית,,,צלחת עמוקה זכוכית,יחידה,0.00,יחידה,false,,5.90,0.0000,true,1,8434526
7290116053103,false,"צלחת רטרו זכוכית 15 ס""מ",,,צלחת רטרו זכוכית 15,יחידה,0.00,יחידה,false,,3.90,0.0000,true,1,8434527
7290116053110,false,"צלחת זכוכית 20 ס""מ",,,"צלחת זכוכית 20 ס""מ",יחידה,0.00,יחידה,false,,5.90,0.0000,true,1,8434528
7290116053127,false,"צלחת רטרו זכוכית 25ס""מ",,,צלחת רטרו זכוכית 25ס,יחידה,0.00,יחידה,false,,7.90,0.0000,true,1,8434529
7290116053134,false,מלחיה זכוכית מעוצבת,,,מלחיה זכוכית מעוצבת,יחידה,0.00,יחידה,false,,5.90,0.0000,true,1,8434530
7290116053172,false,אטבי כביסה צבעוניים 30 יח',,,אטבי כביסה צבעוניים,יח',1.00,יח',false,,9.90,9.9000,true,1,8437416
7290116053189,false,אטבי כביסה עץ 24 יח',,,אטבי כביסה עץ 24 יח',יח',1.00,יח',false,,6.90,6.9000,true,1,8437417
7290116053196,false,מתלה כביסה כפול איכותי,,,מתלה כביסה כפול איכו,יחידה,0.00,יחידה,false,,119.90,0.0000,true,1,8457166
7290116053233,false,פח אלקטרוני 50ליטר כסף רמי לוי,,,פח אלקטרוני 50ליטר כ,יחידה,0.00,יחידה,false,,199.90,0.0000,true,1,8478239
7290116053271,false,מסחטה מקצועית רמי לוי,,,מסחטה מקצועית רמי לו,יח',1.00,יח',false,,119.90,119.9000,true,1,8476181
7290116053349,false,משטח פעילות מתקפל 180*150,,,*מבצע* משטח פעילות מ,יח',1.00,יח',false,,69.90,69.9000,true,1,8428785
7290116053363,false,"חמישיית מגבות ידיים 33*33 ס""מ לבן",,,חמישיית מגבות ידיים,יח',1.00,יח',false,,15.90,15.9000,true,1,8437298
7290116053370,false,"חמישיית מגבות ידיים 33*33 ס""מ כחול",,,חמישיית מגבות ידיים,יח',1.00,יח',false,,15.90,15.9000,true,1,8437299
7290116053424,false,"חמישיית מגבות ידיים 33*33 ס""מ שחור",,,חמישיית מגבות ידיים,יח',1.00,יח',false,,15.90,15.9000,true,1,8437303
7290116053431,false,סט 6 מכונייות צעצוע עם מסלול,,,סט 6 מכונייות צעצוע,יח',1.00,יח',false,,14.90,14.9000,true,1,8428786
7290116053455,false,מטרפת סיליקון איכותית,,,מטרפת סיליקון איכותי,יח',1.00,יח',false,,9.90,9.9000,true,1,8444911
7290116053479,false,כפפה מקצועית לתנור מסיליקון,,,כפפה מקצועית לתנור מ,יח',1.00,יח',false,,19.90,19.9000,true,1,8444913
7290116053509,false,"מסננת רב שימושית איכותית 22 ס""מ",,,מסננת רב שימושית איכ,יח',1.00,יח',false,,11.90,11.9000,true,1,8445339
7290116053523,false,כף גלידה ארגונומית מעוצבת,,,כף גלידה ארגונומית מ,יח',1.00,יח',false,,9.90,9.9000,true,1,8444917
7290116053530,false,קולפן אגרונומי מעוצב,,,קולפן אגרונומי מעוצב,יח',1.00,יח',false,,14.90,14.9000,true,1,8444918
7290116053547,false,קולפן קישואון מעוצב,,,קולפן קישואון מעוצב,יח',1.00,יח',false,,9.90,9.9000,true,1,8444919
7290116053561,false,מספריים רב שימושיות,,,מספריים רב שימושיות,יח',1.00,יח',false,,14.90,14.9000,true,1,8444921
7290116053820,false,"מצע לפירות וירקות 30*47 ס""מ",,,מצע לפירות וירקות 30,יחידה,0.00,יחידה,false,,8.90,0.0000,true,1,8443848
7290116053837,false,מגב חלון איכותי מחליף,,,מגב חלון איכותי מחלי,יח',1.00,יח',false,,7.90,7.9000,true,1,8437625
7290116053844,false,מברשת מעוצבת לניקוי,,,מברשת מעוצבת לניקוי,יח',1.00,יח',false,,5.90,5.9000,true,1,8437626
7290116053882,false,מלקחיים נירוסטה,,,מלקחיים נירוסטה,יחידה,0.00,יחידה,false,,7.90,0.0000,true,1,8444077
7290116053905,false,סט כפות במבוק איכותיות,,,סט כפות במבוק איכותי,יח',1.00,יח',false,,9.90,9.9000,true,1,8437628
7290116053936,false,טי שרט לבן עגול L,,,טי שרט לבן עגול L,יחידה,0.00,יחידה,false,,20.90,0.0000,true,1,8426372
7290116054230,false,מארז 50 צלחות לבן 8.5' בסט וליו,,,מארז 50 צלחות לבן 8.,יח',1.00,יח',false,,15.90,15.9000,true,1,8393423
7290116054247,false,מארז 50 צלחות קרם 8.5' בסט וליו,,,מארז 50 צלחות קרם 8.,יח,50.00,יח,false,,15.90,0.3180,true,1,8393424
7290116054728,false,שטיח שנל מבריק 50*80,,,שטיח שנל מבריק 50*80,יח',1.00,יח',false,,39.90,39.9000,true,1,8428787
7290116054773,false,בקבוק בייסיק לבן מטאלי 600מל,,,בקבוק בייסיק לבן מטא,יחידה,0.00,יחידה,false,,29.90,0.0000,true,1,8425174
7290116055657,false,כוסות חד פעמי לשתייה חמה 40 יח,,,כוסות חד פעמי לשתייה,יח',1.00,יח',false,,6.90,6.9000,true,1,8403989
7290116055664,false,כוסות שתיה חמה 40 יחידות,,,כוסות שתיה חמה 40 יח,יח',1.00,יח',false,,11.90,11.9000,true,1,8395436
7290116055671,false,כוסות שתיה חמה ענקיות 30 יח,,,כוסות שתיה חמה ענקיו,יח',1.00,יח',false,,11.90,11.9000,true,1,8398146
7290116055688,false,כוסות אספרסו 40 יח' רמי לוי,,,כוסות אספרסו 40 יח',יח',1.00,יח',false,,4.90,4.9000,true,1,8434479
7290116055749,false,כפפות ויטריל חדש (100יח') S בסט,,,כפפות ויטריל חדש (10,יח',1.00,יח',false,,18.90,18.9000,true,1,8385989
7290116056180,false,מאפים גדול 50יח חגיגית,,,מאפים גדול 50יח חגיג,יח',1.00,יח',false,,9.90,9.9000,true,1,8415962
7290116056296,false,צלחת 9' קרם (50 יח') בסט וליו,,,צלחת 9 קרם 50יח בסט,יח',1.00,יח',false,,19.90,19.9000,true,1,8382094
7290116056302,false,צלחת 9' לבן (50 יח') בסט וליו,,,צלחת 9 לבן 50יח בסט,יח',1.00,יח',false,,19.90,19.9000,true,1,8382095
7290116056982,false,מזלג(10יח') לבן כסף,,,מזלג(10יח') לבן כסף,יח',1.00,יח',false,,9.90,9.9000,true,1,8396394
7290116057033,false,סכין נצנץ כסף 10יח,,,סכין נצנץ כסף 10יח,יח',1.00,יח',false,,9.90,9.9000,true,1,8341183
7290116057101,false,מזלג 10 יח' שחור זהב,,,מזלג 10 יח' שחור זהב,יח',1.00,יח',false,,9.90,9.9000,true,1,8367655
7290116057118,false,כף (10יח') שחור זהב,,,כף 10 יח' שחור זהב,יח',1.00,יח',false,,9.90,9.9000,true,1,8367656
7290116057651,false,בקבוק ספורט 700מל כחול קולורדו,,,בקבוק ספורט 700מל כח,יח',1.00,יח',false,,19.90,19.9000,true,1,8338801
7290116058139,false,טוסקנה צלחת 9 ורוד עתיק 10יח,,,טוסקנה צלחת 9 ורוד ע,יח',1.00,יח',false,,15.90,15.9000,true,1,8344998
7290116058160,false,טוסקנה צלחת 7' קרם 10יח,,,טוסקנה צלחת 7' קרם 1,יח',1.00,יח',false,,10.90,10.9000,true,1,8342485
7290116058252,false,טוסקנה אובלי קטן לבן 10יח,,,טוסקנה אובלי קטן לבן,יח',1.00,יח',false,,8.90,8.9000,true,1,8342492
7290116058283,false,טוסקנה אובלי גדול קרם 3יח,,,טוסקנה אובלי גדול קר,יח',1.00,יח',false,,8.90,8.9000,true,1,8342495
7290116058306,false,טוסקנה אובלי גדול שקוף 3יח,,,טוסקנה אובלי גדול שק,יח',1.00,יח',false,,8.90,8.9000,true,1,8342497
7290116058566,false,מפות פירנצה חתוכות,,,מפות פירנצה חתוכות,יח',1.00,יח',false,,7.90,7.9000,true,1,8357462
7290116059075,false,שטיח פרווה מפנק 50*80,,,שטיח פרווה מפנק 50*8,יח',1.00,יח',false,,49.90,49.9000,true,1,8472104
7290116059181,false,מפה פירנצה עגולה 2.1מ קרם,,,מפה פירנצה עגולה 2.1,8 יח',1.00,8 יח',false,,8.90,8.9000,true,1,8366450
7290116059266,false,נר פח ווינטאג וניל,,,נר פח ווינטאג וניל,יח',1.00,יח',false,,19.90,19.9000,true,1,8386532
7290116059280,false,נר וניל עמודים שקוף,,,נר וניל עמודים שקוף,יח',1.00,יח',false,,24.90,24.9000,true,1,8386534
7290116059341,false,נר וניל כדורים דבש,,,נר וניל כדורים דבש,יח',1.00,יח',false,,19.90,19.9000,true,1,8401755
7290116059600,false,כפפות ויטריל שחור S רמי לוי,,,כפפות ויטריל שחור S,יח',1.00,יח',false,,18.90,18.9000,true,1,8375582
7290116059778,false,פלייסמנט עגול שחור,,,פלייסמנט עגול שחור,יח',1.00,יח',false,,7.90,7.9000,true,1,8382289
7290116059839,false,פלייסמנט עיגולים זהב,,,פלייסמנט עיגולים זהב,יח',1.00,יח',false,,7.90,7.9000,true,1,8382295
7290116071480,false,כבל 1M iPhone NEW VIMAX לבן ^,,,כבל 1M iPhone NEW VI,יח',1.00,יח',false,,14.90,14.9000,true,1,8314640
7290116071497,false,כבל 1M TYPE C NEW VIMAX לבן ^,,,כבל 1M TYPE C NEW VI,יח',1.00,יח',false,,19.90,19.9000,true,1,8314666
7290116071503,false,כבל 1M MICRO USB NEW VIMAX לבן ^,,,כבל 1M MICRO USB NEW,יח',1.00,יח',false,,14.90,14.9000,true,1,8314641
7290116071527,false,כבל 2M iPhone NEW VIMAX שחור,,,כבל 2M iPhone NEW VI,יח',1.00,יח',false,,29.90,29.9000,true,1,8324335
7290116071572,false,אוזניה NEW VIMAX דגם גלקסי S6 לבן ^,,,אוזניה NEW VIMAX דגם,יח',1.00,יח',false,,19.90,19.9000,true,1,8314643
7290116071589,false,אוזניה NEW VIMAX דגם גלקסי S8 שחור ^,,,אוזניה NEW VIMAX דגם,יח',1.00,יח',false,,24.90,24.9000,true,1,8314644
7290116071664,false,אוזניה קשת בלוטוס NEW VIMAX VBT-R7 שחור ^,,,אוזניה קשת בלוטוס NE,יח',1.00,יח',false,,89.90,89.9000,true,1,8324346
7290116071718,false,מטען קיר NEW VIMAX ראש 2.1A,,,מטען קיר NEW VIMAX ר,יח',1.00,יח',false,,34.90,34.9000,true,1,8324351
7290116071749,false,מטען קיר ראש + כבל 2.1A TYPE C,,,מטען קיר ראש + כבל 2,יח',1.00,יח',false,,49.90,49.9000,true,1,8309137
7290116071756,false,מטען רכב NEW VIMAX ראש 2.1A,,,מטען רכב NEW VIMAX ר,יח',1.00,יח',false,,24.90,24.9000,true,1,8324352
7290116073071,false,אוזניה NEW RL דגם גלקסי S8,,,אוזניה NEW RL דגם גל,יח',1.00,יח',false,,29.90,29.9000,true,1,8344158
7290116073095,false,כבל Type C מטר,,,כבל Type C מטר,יח',1.00,יח',false,,14.90,14.9000,true,1,8309138
7290116073118,false,כבל מיקרו USB מטר,,,כבל מיקרו USB מטר,יח',1.00,יח',false,,14.90,14.9000,true,1,8330606
7290116073149,false,מטען קיר ראש 2.1A,,,מטען קיר ראש 2.1A,יח',1.00,יח',false,,29.90,29.9000,true,1,8330607
7290116073156,false,מטען קיר גלקסי 2.1A + יציאת USB נוספת,,,מטען קיר גלקסי 2.1A,יח',1.00,יח',false,,39.90,39.9000,true,1,8330608
7290116073187,false,כבל 1.2M C TO C NEW VIMAX לבן,,,כבל 1.2M C TO C NEW,יח',1.00,יח',false,,19.90,19.9000,true,1,8344159
7290116511672,false,גרבי עבודה (3),,,גרבי עבודה (3),יח',1.00,יח',false,,20.00,20.0000,true,1,8350811
7290116511696,false,גרביי גבר מחממות LEE COOPER,,,גרביי גבר מחממות LEE,יח',1.00,יח',false,,20.00,20.0000,true,1,8468583
7290116511733,false,גרבי נשים (2) שניל,,,גרבי נשים (2) שניל,יח',1.00,יח',false,,29.90,29.9000,true,1,8350812
7290116512976,false,גופיה טרמי לבן גבר לבן O מידה M,,,גופיה טרמי לבן גבר ל,יח',1.00,יח',false,,24.90,24.9000,true,1,8352556
7290116512983,false,גופיה טרמי לבן גבר לבן O מידה L,,,גופיה טרמי לבן גבר ל,יח',1.00,יח',false,,24.90,24.9000,true,1,8352557
7290116514437,false,שלישיית גרביים גברים אלגנט,,,שלישיית גרביים גברים,יח',1.00,יח',false,,15.00,15.0000,true,1,8415998
7290116514673,false,שלישיית גרבי גברים שחור L.A.GEAR 40-46,,,שלישיית גרבי גברים ש,יחידה,0.00,יחידה,false,,20.00,0.0000,true,1,8464282
7290116514680,false,שלישיית גרבי גברים שחוראפור L.A.GEAR 40-46,,,שלישיית גרבי גברים ש,יחידה,0.00,יחידה,false,,20.00,0.0000,true,1,8464283
7290116514703,false,שלישיית קרסוליות גברים מיקס L.A.GEAR 40-46,,,שלישיית קרסוליות גבר,יחידה,0.00,יחידה,false,,20.00,0.0000,true,1,8464285
7290116514734,false,שלישיית גרבי נשים מיקס L.A.GEAR 36-41,,,שלישיית גרבי נשים מי,יחידה,0.00,יחידה,false,,20.00,0.0000,true,1,8464288
7290116514758,false,שלישיית גרבי נשים חצי מיקס L.A.GEAR 36-41,,,שלישיית גרבי נשים חצ,יחידה,0.00,יחידה,false,,20.00,0.0000,true,1,8464290
7290116514765,false,שלישיית קרסוליות נשים מיקס L.A.GEAR 36-41,,,שלישיית קרסוליות נשי,יחידה,0.00,יחידה,false,,20.00,0.0000,true,1,8464291
7290116514772,false,שלישיית גרבי בנים חצי מיקס L.A.GEAR 23-26,,,שלישיית גרבי בנים חצ,יחידה,0.00,יחידה,false,,20.00,0.0000,true,1,8464292
7290116514802,false,שלישיית גרבי בנות מיקס L.A.GEAR 23-26,,,שלישיית גרבי בנות מי,יחידה,0.00,יחידה,false,,20.00,0.0000,true,1,8464295
7290116514833,false,L.A.GEAR 43-46 זוגות גרבי גברים למטיילים,,,L.A.GEAR 43-46 זוגות,יחידה,0.00,יחידה,false,,20.00,0.0000,true,1,8464298
7290116514840,false,L.A.GEAR 43-46 זוגות גרבי גברים חם במיוחד,,,L.A.GEAR 43-46 זוגות,יחידה,0.00,יחידה,false,,30.00,0.0000,true,1,8464299
7290116514857,false,L.A.GEAR 36-41 זוגות גרבי נשים שניל,,,L.A.GEAR 36-41 זוגות,יחידה,0.00,יחידה,false,,30.00,0.0000,true,1,8464300
7290116514864,false,L.A.GEAR 36-41 זוגות גרבי נשים חם ונעים,,,L.A.GEAR 36-41 זוגות,יחידה,0.00,יחידה,false,,29.90,0.0000,true,1,8464301
7290116514871,false,זוגות קרסוליות נשים  פרווה מעוצבות L.A.GEAR 36,,,זוגות קרסוליות נשים,יחידה,0.00,יחידה,false,,20.00,0.0000,true,1,8464302
7290116530062,false,רוטב ויניגרט לסלט הלמנס 295 גרם,יוניליוור ישראל מזון בע\,IL,הלמנס רוטב לסלט ויני,מטרים,295.00,100 מ'ל,false,,9.90,0.0336,true,1,8335489
7290116530185,false,"קורנפלקס דלישקד קרמל מלוח 400 גרם בד""ץ","יוניליוור שפע ישראל בע""\",IL,קורנפלקס דלישקד קרמל,גרמים,400.00,100 גרם,false,,19.70,0.0492,true,1,8344459
7290116530222,false,דאודרנט סטיק לגבר אנרכי 76 ג' אקס,יוניליוור פארם,US,דאו אקס סטיק לגבר אנ,גרמים,76.00,100 גרם,false,,19.90,0.2618,true,1,8325190
7290116530895,false,"תרסיס ריחני למייבש כביסה פינוק כחול בדין 500 מ""ל","זוהר דליה, קיבוץ דליה, 1",IL,בדין תרסיס למייבש בנ,מטרים,500.00,100 מ'ל,false,,14.90,0.0298,true,1,8335495
7290116531557,false,"פריכיות פתית תירס עם מלח 150 גרם כשל""פ",גוד פוד פרודקטס Sp.zo.o,PL,פתית פריכיות תירס דק,גרמים,150.00,100 גרם,false,,9.90,0.0660,true,1,8380536
7290116531564,false,מאגדת פתית פריכיות תירס דקות עם קינואה ובזיליקום 150 ג',גוד פוד פרודקטס,PL,פתית פריכיות תירס דק,גרמים,150.00,100 גרם,false,,9.90,0.0660,true,1,8380537
7290116531793,false,הלמנ'ס רוטב לסלט קיסר 295 גרם,יוניליוור ישראל מזון בע\,IL,הלמנס רוטב לסלט קיסר,מיליליטרים,295.00,"100 מ""ל",false,,9.90,0.0336,true,1,8357564
7290116532264,false,מאגדת גודיז פרי אפרסק יוגורט בציפוי 300 ג' שטראוס,"גלידת שטראוס בע""\מ, רחוב",IL,גודיז פרי אפרסק 8יח,מטרים,420.00,100 מ'ל,false,,19.90,0.0474,true,1,8394841
7290116532486,false,גלידת שמנת קליק בטעמי וניל קרמל מלוח 384 ג' שטראוס,"גלידת שטראוס בע""\מ, רחוב",IL,"פיינטים קליק 520 מ""ל",מיליליטרים,520.00,"100 מ""ל",false,,19.80,0.0381,true,1,8421509
7290116532738,false,רוטב איטלקי לסלט בזיליקום ואורגנו 305 גרם,אתר חיפה ממרחים - Fo,IL,הלמנס רוטב לסלט בזיל,מיליליטרים,300.00,"100 מ""ל",false,,9.90,0.0330,true,1,8455510
7290116532899,false,נשנושים איירביס טעם פלאפל 155 גרם,"דרך השוקולד ,1 צפת 13404",IL,נשנושים איירביס פלאפ,גרמים,155.00,100 גרם,false,,11.90,0.0768,true,1,8460571
7290116930015,false,חטיף חלבון GO קרמל ח.בוטנים קריספי 20 גרם חלבון,"בלמונט קונפקציות בע""\מ.",US,גו חטיף חלבון טעם קר,גרמים,60.00,100 גרם,false,,11.90,0.1983,true,1,8430390
7290116930022,false,חטיף חלבון GO קרם עוגיות ציפוי קריספי 20 גרם,"בלמונט קונפקציות בע""\מ.",US,גו חטיף חלבון קרם עו,גרמים,60.00,100 גרם,false,,11.90,0.1983,true,1,8430391
7290116930435,false,יוגורט יופלה GO במרקם סמיך עם דובדבן 0%,תנובה מרכז שיתופי לש,IL,יופלה גו במרקם סמיך,מטרים,200.00,100 מ'ל,false,,4.80,0.0240,true,1,8411572
7290116930459,false,"יופלה שייק מנגו בננה אננס וקוקוס 230 מ""ל",קבוצת המזון אקטשלאר,IL,יופלה שייק 230 מל,מטרים,230.00,100 מ'ל,false,,7.70,0.0335,true,1,8421445
7290116930466,false,"משקה SHAKE בננה מנגן פסיפלורה והל 230 מ""ל יופלה",קבוצת המזון אקטשלאר,IL,יופלה שייק 230 מל,מטרים,230.00,100 מ'ל,false,,7.70,0.0335,true,1,8421446
7290116930480,false,"משקה SHAKE בננה קיווי תפוח 230 מ""ל יופלה",קבוצת המזון אקטשלאר,IL,יופלה שייק 230 מל,מטרים,230.00,100 מ'ל,false,,7.70,0.0335,true,1,8421447
7290116930701,false,מעדן חלב GO מועשר בחלבון בטעם קרמל מלוח,תנובה מרכז שיתופי לש,IL,מעדן חלב גו בטעם קרמ,מטרים,120.00,100 מ'ל,false,,4.60,0.0383,true,1,8421448
7290116930718,false,מעדן תנובה דיאט בטעם שוקולד וקרמל מלוח 0% 150ג' תנובה,"תנובה בע""\מ",IL,מעדן חלב דל קלוריות,מיליליטרים,150.00,"100 מ""ל",false,,3.80,0.0253,true,1,8432151
7290116930954,false,יוגורט טעם פאי תפוחים 3% 150 ג' יופלה,"תנובה בע""\מ",IL,יופלה טעם פאי תפוחים,מיליליטרים,150.00,"100 מ""ל",false,,4.80,0.0320,true,1,8479617
7290116931012,false,יוגורט דיאט 0% שומן תפוח וקינמון 150 ג' יופלה,תנובה מרכז שיתופי לש,IL,יופלה דיאט תפוח וקינ,מיליליטרים,150.00,"100 מ""ל",false,,4.70,0.0313,true,1,8479645
7290116931081,false,מעדן סויה - טופי קרמל 125 גרם אלטרנטיב,תנובה מרכז שיתופי לש,IL,מעדן סויה טעם טופי ק,גרמים,125.00,100 גרם,false,,3.70,0.0296,true,1,8441942
7290116931104,false,יופלה GO במרקם סמיך עם אננס 0% תנובה 200 גרם,תנובה חלב,IL,יופלה גו במרקם סמיך,מטרים,200.00,100 מ'ל,false,,4.80,0.0240,true,1,8441943
7290116931159,false,יוגורט דיאט 0% שומן תות בננה 150 ג' יופלה,תנובה מרכז שיתופי לש,IL,יופלה דיאט תות בננה,מיליליטרים,150.00,"100 מ""ל",false,,4.70,0.0313,true,1,8479646
7290116931289,false,יופלה גו במרקם סמיך אלפחורס 200מל,תנובה מרכז שיתופי לש,IL,יופלה גו במרקם סמיך,מטרים,200.00,100 מ'ל,false,,4.80,0.0240,true,1,8479648
7290117216071,false,שלשייית מזוודות+תיק BLACK,,,שלשייית מזוודות+תיק,יחידה,0.00,יחידה,false,,399.90,0.0000,true,1,8467042
7290117260005,false,קונפיטורה תות שדה ויליפוד 380 גרם,גסאס גנל גידה,TR,קונפיטורה תות שדה 38,גרמים,380.00,100 גרם,false,,7.90,0.0208,true,1,8403867
7290117260029,false,קונפיטורה דובדבנים ויליפוד 380 גרם,גסאס גנל גידה,TR,קונפיטורה דובדבנים 3,גרמים,380.00,100 גרם,false,,7.90,0.0208,true,1,8403869
7290117260036,false,קונפיטורה משמש ויליפוד 380 גרם,גסאס גנל גידה,TR,קונפיטורה משמש 380 ג,גרמים,380.00,100 גרם,false,,7.90,0.0208,true,1,8403870
7290117260050,false,קונפיטורה חבושים ויליפוד 380 גרם,וילי פוד,TR,קונפיטורה חבושים 380,גרמים,380.00,100 גרם,false,,7.90,0.0208,true,1,8403872
7290117260067,false,קונפיטורה תפוזים ויליפוד 380 גרם,גסאס גנל גידה,CN,קונפיטורה תפוזים 380,גרמים,380.00,100 גרם,false,,7.90,0.0208,true,1,8403873
7290117260432,false,פטריות שמפניון חתוכות 400ג רמילוי,,,פטריות שמפניון חתוכו,גרמים,400.00,100 גרם,false,,4.60,0.0115,true,1,8370758
7290117260494,false,"ניוקי תפו""א מצונן 3 צבעים 500 גרם ויליפוד",סיימה,IT,ניוקי תפוא 3 צבעים מ,גרמים,500.00,100 גרם,false,,9.90,0.0198,true,1,8464022
7290117260500,false,מיני ניוקי תפוחי אדמה מצונן 500 גרם קהילות,סיימה,IT,מיני ניוקי תפואמצונן,גרמים,500.00,100 גרם,false,,9.90,0.0198,true,1,8464023
7290117260623,false,תן בו וניל בציפוי שוקולד חלב 12יח,,DK,תן בו וניל בציפוי שו,יח',1.00,יח',false,,18.90,18.9000,true,1,8365616
7290117260937,false,קרקרים עם עגבניות ואורגנו ללא גלוטן 125 ג' ויליפוד,ארמנדומודיאה אס.אר.א,IT,קרקרים ללא גלוטן עגב,גרמים,125.00,100 גרם,false,,9.70,0.0776,true,1,8384689
7290117260944,false,מיני גריסיני עם שמן זית ללא גלוטן ויליפוד 125 גרם,מודיאה אס.אר.אל,IT,מיני גריסיני שמן זית,גרמים,125.00,100 גרם,false,,9.70,0.0776,true,1,8384690
7290117260968,false,ביסקוויטים ללא גלוטן ויליפוד 125 גרם,מודיאה אס.אר.אל,IT,ביסקוויטים ללא גלוטן,גרמים,125.00,100 גרם,false,,9.70,0.0776,true,1,8384692
7290117261088,false,בוראטה גבינת מוצרלה רכה 125ג' 18%שומן,קסריה להפואנטה,ES,בוראטה גבינת מוצרלה,גרמים,125.00,100 גרם,false,,19.70,0.1576,true,1,8437500
7290117261385,false,גבינת פטה לייט EURO CHEESE ויליפוד 500 גרם,באלבן גידה סנאי,TR,גבינת פטה לייט 500גר,גרמים,500.00,100 גרם,false,,19.90,0.0398,true,1,8430387
7290117261415,false,euro cheese יוגורט פרוביוטי 2.7% שומן 125 גרם,Euro יורו מחלבות אירופה,TR,יוגורט פרוביוטי 2.7%,מטרים,125.00,100 מ'ל,false,,2.80,0.0224,true,1,8464151
7290117261422,false,euro cheese יוגורט פרוביוטי תות שדה 2% שומן 125 גרם,Euro יורו מחלבות אירופה,TR,יוגורט פרוביוטי עם ת,מטרים,125.00,100 מ'ל,false,,2.80,0.0224,true,1,8464152
7290117261439,false,euro cheese יוגורט פרוביוטי פירות יער 2% שומן 125 גרם,Euro יורו מחלבות אירופה,TR,יוגורט פרוביוטי עם פ,מטרים,125.00,100 מ'ל,false,,2.80,0.0224,true,1,8464153
7290117261446,false,יוגורט פרוביוטי עם אפרסק ומשמש 2% שומן 125 גרם,Euro יורו מחלבות אירופה,TR,יוגורט פרוביוטי עם א,מטרים,125.00,100 מ'ל,false,,2.80,0.0224,true,1,8464154
7290117261514,false,סלמון אטלנטי בשמן קנולה ולימון 120 גרם ויליפוד,קריות זול,LV,סלמון אטלנטי בשמן קנ,גרמים,120.00,100 גרם,false,,9.90,0.0825,true,1,8437494
7290117261521,false,סלמון אטלנטי בשמן קנולה 120 גרם ויליפוד,קריות זול,LV,סלמון אטלנטי בשמן קנ,גרמים,120.00,100 גרם,false,,9.90,0.0825,true,1,8437495
7290117261538,false,סלמון אטלנטי בשמן קנולה וצילי 120 גרם ויליפוד,קריות זול,LV,סלמון אטלנטי בשמן קנ,גרמים,120.00,100 גרם,false,,9.90,0.0825,true,1,8437496
7290117261552,false,סלמון אטלנטי ברוטב עגבניות 120 גרם ויליפוד,קריות זול,LV,סלמון אטלנטי ברוטב ע,גרמים,120.00,100 גרם,false,,9.90,0.0825,true,1,8437498
7290117261712,false,Euro מלבי קינוח על בסיס חלב 154 גרם,אקר סוט,TR,קינוח מלאבי על בסיס,גרמים,154.00,100 גרם,false,,4.70,0.0305,true,1,8481367
7290117261989,false,גבינת מנורי רכה מחלב צאן 43% שומן 170 גרם,סאסו פטוראגס קומטויס אף,GR,גבינת מנורי רכה 43%,גרמים,170.00,100 גרם,false,,16.80,0.0988,true,1,8417041
7290117262221,false,"משקה יוגורט פרוביוטי עם אננס 200מ""ל 2.3%שומן יורו",Euro יורו מחלבות אירופה,TR,משקה יוגורט פרוביוטי,מטרים,200.00,100 מ'ל,false,,4.90,0.0245,true,1,8437533
7290117262238,false,"משקה יוגורט פרוביוטי עם תות שדה 200מ""ל 2.3%שומן יורו",Euro יורו מחלבות אירופה,TR,משקה יוגורט פרוביוטי,מטרים,200.00,100 מ'ל,false,,4.90,0.0245,true,1,8437534
7290117262245,false,"משקה יוגורט פרוביוטי עם אפרסק ומשמש 200מ""ל 2.3%שומן יורו",Euro יורו מחלבות אירופה,TR,משקה יוגורט פרוביוטי,מטרים,200.00,100 מ'ל,false,,4.90,0.0245,true,1,8437535
7290117262931,false,"קינוח בטעם מנגו, 85 גרם",איטלג'לטו,IT,קינוח בטעם מנגו 85 ג,יחידה,0.00,יחידה,false,,8.50,0.0000,true,1,8481368
7290117262948,false,קינוח בטעם טירימיסו 85 גרם,איטלג'לטו,IT,קינוח בטעם טירמיסו 8,יחידה,0.00,יחידה,false,,9.50,0.0000,true,1,8481369
7290117262955,false,"קינוח בטעם שוקולד בלגי, 85 גרם",איטלג'לטו,IT,קינוח בטעם שוקולד בל,יחידה,0.00,יחידה,false,,8.50,0.0000,true,1,8481370
7290117262962,false,קינוח בטעם שוקולד קרמל 85 גרם,איטלג'לטו,IT,קינוח בטעם שוקולד קר,יחידה,0.00,יחידה,false,,8.50,0.0000,true,1,8481371
7290117262979,false,קינוח בטעם שוקולד ופירות יער 85 גרם,איטלג'לטו,IT,קינוח בטעם שוקולד ופ,יחידה,0.00,יחידה,false,,8.50,0.0000,true,1,8481372
7290117263020,false,"משקה יוגורט פרו ביוטי עם פירות יער 200 מ""ל 2.3% שומן",אקר,TR,משקה יוגורט פרוביוטי,מטרים,200.00,100 מ'ל,false,,4.90,0.0245,true,1,8475411
7290117263389,false,"שמן זית ספרד 750 מ""ל רמילוי",,,"שמן זית ספרד 750 מ""ל",מטרים,750.00,100 מ'ל,false,,13.90,0.0185,true,1,8470212
7290117380154,false,"מאסטר שף רוטב אסיאתי עם סויה 260 מ""ל",רמייה,NL,מאסטר שף רוטב סויה 2,מטרים,264.00,100 מ'ל,false,,8.90,0.0337,true,1,8398662
7290117380178,false,סוויט פוף חטיף מצופה שוקולד חלב,"טחנת האבן תעשיות בע""",IL,חטיף סוויט פוף שוקול,גרמים,55.00,100 גרם,false,,4.90,0.0891,true,1,8412373
7290117380185,false,סוויט פוף חטיף מצופה שוקולד חלב ולבן,"טחנת האבן תעשיות בע""",IL,חטיף סוויט פוף שוקול,גרמים,55.00,100 גרם,false,,4.90,0.0891,true,1,8412374
7290117380413,false,"מארז זוג טריגר שירותים 2*500 מ""ל אגקס",,,אגקס מארז זוג טריגר,מטרים,1000.00,100 מ'ל,false,,29.80,0.0298,true,1,8346874
7290117380857,false,"מרבה סלים דליס פייבר עוגות אישיות בטעם לימון, 120 גרם",שסטוביץ,NL,סלים דליס פייבר עוגו,גרמים,150.00,100 גרם,false,,10.80,0.0720,true,1,8412408
7290117380871,false,סלים דליס פייבר עוגות אישיות בטעם אוכמניות 120 גרם,הלמה הלום,NL,סלים דליס פייבר עוגו,גרמים,150.00,100 גרם,false,,10.80,0.0720,true,1,8412409
7290117381182,false,"רוטב סריראצה מאסטר שף 360 מ""ל",תאי סופרים סוד,TH,מאסטר שף רוטב סרירצ',מטרים,360.00,100 מ'ל,false,,14.90,0.0414,true,1,8466907
7290117381205,false,"מאסטר שף שמן שומשום 370 מ""ל",מנה,,מאסטר שף שמן שומשום,מטרים,370.00,100 מ'ל,false,,22.90,0.0619,true,1,8458609
7290117381236,false,פוף פריכיות מצופות שוקולד מריר 70 גרם,בנליאן פודס,RS,פוף פריכיות מצופות ש,גרמים,70.00,100 גרם,false,,7.90,0.1129,true,1,8435872
7290117381243,false,פוף פריכיות מצופות שוקולד חלב ותות 70 גר,שסטוביץ,RS,פוף פריכיות מצופות ש,גרמים,70.00,100 גרם,false,,7.90,0.1129,true,1,8435873
7290117382264,false,"משחת שיניים טוטאל עם פחם 2 *75 מ""ל קולגייט",,,קולגייט משחת שיניים,מטרים,150.00,100 מ'ל,false,,34.90,0.2327,true,1,8412375
7290117382325,false,סלים דליס - פרו 33 חטיף חלבון מצופה שוקולד חלב 60 גרם,"י. מרבה ישראל בע""\מ",IT,סלים דליס פרו 33 חטי,יחידה,0.00,יחידה,false,,11.90,0.0000,true,1,8451394
7290117382332,false,סלים דליס - חטיף חלבון מצופה שוקולד בטעם עוגיות 60 גרם,"י. מרבה ישראל בע""\מ",IT,סלים דליס חטיף חלבון,יחידה,0.00,יחידה,false,,11.90,0.0000,true,1,8451395
7290117860045,false,שמפו תמציות אלוורה ותה ירוק לשיער רגיל,"טרופיקל דגיל בע""\מ",IL,הוואי שמפו לשיער רגי,יחידה,0.00,יחידה,false,,13.90,0.0000,true,1,8475025
7290117860090,false,מרכך תמציות אלוורה ותה ירוק לשיער רגיל,"טרופיקל דגיל בע""\מ",IL,הוואי מרכך מטפח לשיע,יחידה,0.00,יחידה,false,,13.90,0.0000,true,1,8475027
7290117860144,false,הוואי שמפו פירות אקזוטיים וקלנדולה 700,"טרופיקל דגיל בע""\מ",IL,הוואי שמפו למניעת קש,יחידה,0.00,יחידה,false,,13.90,0.0000,true,1,8475029
7290117860199,false,שמפו שמן ורד הבר ושמן מקדמיה לשיער יבש,"טרופיקל דגיל בע""\מ",IL,הוואי שמפו לשיער יבש,יחידה,0.00,יחידה,false,,13.90,0.0000,true,1,8475031
7290117860243,false,"הוואי - מרכך מעניק לחות לשיער יבש 700 מ""ל","טרופיקל דגיל בע""\מ",IL,הוואי מרכך מעניק לחו,יחידה,0.00,יחידה,false,,13.90,0.0000,true,1,8475033
7290117860298,false,שמפו קומפלקס קרטין לשיער עדין או חלש,"טרופיקל דגיל בע""\מ",IL,הוואי שמפו קרטין מחז,יחידה,0.00,יחידה,false,,13.90,0.0000,true,1,8475035
7290117860342,false,מרכך קומפלקס קרטין לשיער עדין או חלש,"טרופיקל דגיל בע""\מ",IL,הוואי מרכך קרטין מחז,יחידה,0.00,יחידה,false,,13.90,0.0000,true,1,8475037
7290117860397,false,שמפו תמצית פריחת הדובדבן לשיער רגיל,"טרופיקל דגיל בע""\מ",IL,הוואי שמפו פריחת הדו,יחידה,0.00,יחידה,false,,13.90,0.0000,true,1,8475039
7290117860441,false,"מרכך פריחת הדובדבן 700 מ""ל הוואי","טרופיקל דגיל בע""\מ",IL,הוואי מרכך פריחת הדו,יחידה,0.00,יחידה,false,,13.90,0.0000,true,1,8475040
7290117860496,false,"הוואי שמפו + מרכך 2 ב-1 לגבר 700 מ""ל-חדש","טרופיקל גליל בע""מ",IL,הוואי שמפו + מרכך 2,יחידה,0.00,יחידה,false,,13.90,0.0000,true,1,8475041
7290117860649,false,הוואי שמפו קרטין קיק ללא סולפטים 700 מל,"טרופיקל דגיל בע""\מ",IL,הוואי שמפו ללא סולפט,יחידה,0.00,יחידה,false,,13.90,0.0000,true,1,8475044
7290117860748,false,הוואי שמפו תמצית יסמין מעניק נפח 700 מל,"טרופיקל דגיל בע""\מ",IL,הוואי שמפו מעניק נפח,יחידה,0.00,יחידה,false,,13.90,0.0000,true,1,8475046
7290117860793,false,הוואי מרכך תמצית יסמין מעניק נפח 700 מל,"טרופיקל דגיל בע""\מ",IL,הוואי מרכך מעניק נפח,יחידה,0.00,יחידה,false,,13.90,0.0000,true,1,8475047
7290117860847,false,"הוואי רעננות מושלמת לגבר לשיער, גוף, פנים וזקן","טרופיקל גליל בע""מ",IL,הוואי שמפו 4 ב-1 לגב,יחידה,0.00,יחידה,false,,13.90,0.0000,true,1,8475048
7290117900826,false,חמצוצים בטעם קולה 180 גרם רמי לוי,,,חמצוצים בטעם קולה 18,גרמים,180.00,100 גרם,false,,8.90,0.0494,true,1,8387619
7290117900833,false,חמצוצים בטעם תות בננה 180 גרם רמי לוי,,,חמצוצים בטעם תות בננ,גרמים,180.00,100 גרם,false,,8.90,0.0494,true,1,8387620
7290117900857,false,חמצוצים בטעם אוכמניות 180 גרם רמי לוי,,,חמצוצים בטעם אוכמניו,גרמים,180.00,100 גרם,false,,8.90,0.0494,true,1,8387622
7290117900864,false,חמצוצים בטעם פירות 180 גרם רמי לוי,,,חמצוצים בטעם פירות,גרמים,180.00,100 גרם,false,,8.90,0.0494,true,1,8387623
7290118070009,false,סט 12יח קליפסים לסגירת שקיות,,,סט 12יח קליפסים לסגי,יח',1.00,יח',false,,9.90,9.9000,true,1,8437631
7290118070108,false,"שמיכה מפנקת 200*180ס""מ",,,שמיכה מפנקת 200*180ס,יח,1.00,יח,false,,49.90,49.9000,true,1,8449851
7290118070115,false,"שמיכת פרווה מפנקת 200*150 ס""מ",,,שמיכת פרווה מפנקת 20,יח,1.00,יח,false,,49.90,49.9000,true,1,8449852
7290118070122,false,"שמיכת פרווה עבה מפנקת 200*150 ס""מ",,,שמיכת פרווה עבה מפנק,יח,1.00,יח,false,,49.90,49.9000,true,1,8449853
7290118070153,false,ראש דוש מגביר לחץ,,,ראש דוש מגביר לחץ,יח,1.00,יח,false,,39.90,39.9000,true,1,8437661
7290118070160,false,ראש דוש TOP+צינור 1 מטר,,,ראש דוש TOP+צינור 1,יח,1.00,יח,false,,29.90,29.9000,true,1,8437662
7290118070214,false,אטבי כביסה 24,,,אטבי כביסה 24,יח,1.00,יח,false,,6.90,6.9000,true,1,8437666
7290118070221,false,אטבי כביסה בשקית,,,אטבי כביסה בשקית,יחידה,0.00,יחידה,false,,8.90,0.0000,true,1,8453693
7290118070238,false,אטים פלסטיק ענקיים,,,אטים פלסטיק ענקיים,יחידה,0.00,יחידה,false,,5.90,0.0000,true,1,8444104
7290118070245,false,קליפיסים לסגירת שקיות 4יח,,,קליפיסים לסגירת שקיו,יח,1.00,יח,false,,6.90,6.9000,true,1,8437667
7290118070252,false,מארז בלונים 50יח,,,מארז בלונים 50יח,יח,1.00,יח,false,,12.90,12.9000,true,1,8437693
7290118070269,false,שיפודי ברזל,,,שיפודי ברזל,יחידה,0.00,יחידה,false,,11.90,0.0000,true,1,8444105
7290118070290,false,כפפה לתנור,,,כפפה לתנור,יח,1.00,יח,false,,8.90,8.9000,true,1,8437669
7290118070313,false,מנגל נירוסטה גדול מתקפל,,,מנגל נירוסטה גדול מת,יחידה,0.00,יחידה,false,,89.90,0.0000,true,1,8448790
7290118070368,false,נעלי בית נשים (36-41) פרווה כדור שחור,,,נעלי בית נשים (36-41,יח',1.00,יח',false,,49.90,49.9000,true,1,8458328
7290118070375,false,נעלי בית נשים (36-41) פרווה כדור בז',,,נעלי בית נשים (36-41,יח',1.00,יח',false,,49.90,49.9000,true,1,8458329
7290118070412,false,נעלי בית נשים (36-41) פרווה TOY בז',,,נעלי בית נשים (36-41,יח',1.00,יח',false,,49.90,49.9000,true,1,8458333
7290118070429,false,נעלי בית גברים (41-46) אפור בהיר,,,נעלי בית גברים (41-4,יח',1.00,יח',false,,49.90,49.9000,true,1,8458334
7290118070726,false,"תבנית מאפין אישית 7 ס""מ (50 יח') אלומיניום חגיגית",,,תבנית מאפין אישית 7,יח',1.00,יח',false,,8.90,8.9000,true,1,8476236
7290118070955,false,מפיות מודפסות,,,מפיות מודפסות,יח',1.00,יח',false,,4.90,4.9000,true,1,8438529
7290118071099,false,מפיות מודפסות,,,מפיות מודפסות,יח',1.00,יח',false,,4.90,4.9000,true,1,8438565
7290118071167,false,סט 12 עפרונות HB,,,סט 12 עפרונות HB,יח',1.00,יח',false,,2.90,2.9000,true,1,8439694
7290118071297,false,בצק משחק כלב,,,בצק משחק כלב,יחידה,0.00,יחידה,false,,14.90,0.0000,true,1,8441514
7290118071327,false,בצק משחק -ארנב,,,בצק משחק -ארנב,יחידה,0.00,יחידה,false,,16.90,0.0000,true,1,8441516
7290118071792,false,מארז 4 כוסות מאג זכוכית פרימיום,,,מארז 4 כוסות מאג זכו,יח',1.00,יח',false,,29.90,29.9000,true,1,8447116
7290118071815,false,נעלי בית גברים,,,נעלי בית גברים,יח',1.00,יח',false,,49.90,49.9000,true,1,8459241
7290118072386,false,קערה גדולה שקוף נצנץ זהב (1 יח') חגיגית,,,קערה גדולה שקוף נצנץ,יח',1.00,יח',false,,8.90,8.9000,true,1,8464585
7290118072461,false,"מחבת יציקה פאייה 36 ס""מ",,,מחבת יציקה פאייה 36,יחידה,0.00,יחידה,false,,119.90,0.0000,true,1,8464593
7290118072478,false,"רוסטר יציקה משובח לבישול ואפייה 30 ס""מ",,,רוסטר יציקה משובח לב,יחידה,0.00,יחידה,false,,119.90,0.0000,true,1,8464594
7290118072485,false,"סיר יציקה משובח לבישול 16 ס""מ",,,סיר יציקה משובח לביש,יחידה,0.00,יחידה,false,,36.90,0.0000,true,1,8464595
7290118072508,false,"מחבת ווד אדישן מקצועית 20 ס""מ שחור",,,מחבת ווד אדישן מקצוע,יח',1.00,יח',false,,49.90,49.9000,true,1,8447143
7290118072515,false,"מחבת ווד אדישן מקצועית 24 ס""מ שחור",,,מחבת ווד אדישן מקצוע,יח',1.00,יח',false,,59.90,59.9000,true,1,8447144
7290118072522,false,"מחבת ווד אדישן מקצועית 28 ס""מ שחור",,,מחבת ווד אדישן מקצוע,יח',1.00,יח',false,,69.90,69.9000,true,1,8447145
7290118072546,false,"ווק לבישול והקפצה 30 ס""מ",,,ווק לבישול והקפצה 30,יח',1.00,יח',false,,59.90,59.9000,true,1,8459966
7290118072591,false,מאג רוזה,,,מאג רוזה,יח',1.00,יח',false,,4.90,4.9000,true,1,8447146
7290118072645,false,כוס יין איכותית,,,כוס יין איכותית,יחידה,0.00,יחידה,false,,5.90,0.0000,true,1,8447179
7290118072669,false,מפה עם גומי לשולחן מתקפל 1.80,,,מפה עם גומי לשולחן מ,יחידה,0.00,יחידה,false,,19.90,0.0000,true,1,8462715
7290118072683,false,לפתניה לבן 20יח,,,לפתניה לבן 20יח,יח',20.00,יח',false,,2.90,0.1450,true,1,8467077
7290118072690,false,לבן קרסול 20יח,,,לבן קרסול 20יח,יח',20.00,יח',false,,3.50,0.1750,true,1,8467104
7290118072706,false,לבן מרקיה (20 יח') בסט וליו,,,לבן מרקיה (20 יח') ב,יח',1.00,יח',false,,4.90,4.9000,true,1,8466830
7290118072744,false,קרם צלחת 7' (20 יח') בסט וליו,,,קרם צלחת 7' (20 יח'),יח',1.00,יח',false,,4.90,4.9000,true,1,8468661
7290118072751,false,צלחת קרם מספר 9 20יח,,,צלחת קרם מספר 9 20יח,יח',20.00,יח',false,,7.90,0.3950,true,1,8467106
7290118072812,false,לבן צלחת 10' (20יח') בסט וליו,,,לבן צלחת 10' (20יח'),יח',1.00,יח',false,,13.90,13.9000,true,1,8468663
7290118072843,false,צלחת זהב מספר 9 20יח,,,צלחת זהב מספר 9 20יח,יח',20.00,יח',false,,7.90,0.3950,true,1,8467108
7290118072850,false,זהב צלחת 10' (20 יח') בסט וליו,,,זהב צלחת 10' (20 יח',יח',1.00,יח',false,,13.90,13.9000,true,1,8468666
7290118072898,false,צנצנת מכסה זכוכית,,,צנצנת מכסה זכוכית,יחידה,0.00,יחידה,false,,24.90,0.0000,true,1,8447183
7290118072904,false,"קרש חיתוך מקצועי ענק מעץ עם ידית 80*25*1.5 ס""מ",,,*מבצע* קרש חיתוך מקצ,יחידה,0.00,יחידה,false,,69.90,0.0000,true,1,8466682
7290118072911,false,"סיר יציקה משובח 26 ס""מ",,,סיר יציקה משובח 26 ס,יח',1.00,יח',false,,69.90,69.9000,true,1,8464255
7290118072973,false,צידנית מתקפלת איכותית רמי לוי,,,צידנית מתקפלת איכותי,יחידה,0.00,יחידה,false,,19.90,0.0000,true,1,8461293
7290118073147,false,"קרש חיתוך מעוצב +משחיז סכינים 33.5*23.5*1.5 ס""מ",,,קרש חיתוך מעוצב +משח,יחידה,0.00,יחידה,false,,19.90,0.0000,true,1,8466685
7290118073208,false,בורדו צלחת 7' (20יח'),,,בורדו צלחת 7' (20יח',יח',1.00,יח',false,,4.90,4.9000,true,1,8471484
7290118073314,false,שקוף מרקיה (20יח'),,,שקוף מרקיה (20יח'),יח',1.00,יח',false,,6.90,6.9000,true,1,8468696
7290118073338,false,צלחת שקוף מספר 9 20יח,,,צלחת שקוף מספר 9 20י,יח',20.00,יח',false,,8.90,0.4450,true,1,8467138
7290118073345,false,שקוף צלחת 10' (20יח') בסט וליו,,,שקוף צלחת 10' (20יח',יח',1.00,יח',false,,14.90,14.9000,true,1,8468698
7290118073413,false,"שטיח כניסה קוקוס פנמה 60*40 ס""מ",,,שטיח כניסה קוקוס פנמ,יחידה,0.00,יחידה,false,,14.90,0.0000,true,1,8456052
7290118073475,false,"שטיח פרווה מלבני 150*100 ס""מ ורוד כהה",,,שטיח פרווה מלבני 150,יח',1.00,יח',false,,129.00,129.0000,true,1,8473428
7290118073550,false,מארז 5 קופסאות אחסון פלסטיק מלבניות,,,מארז 5 קופסאות אחסון,יחידה,0.00,יחידה,false,,19.90,0.0000,true,1,8457139
7290118073567,false,מארז 5 קופסאות אחסון פלסטיק מרובעות,,,מארז 5 קופסאות אחסון,יחידה,0.00,יחידה,false,,19.90,0.0000,true,1,8457140
7290118073604,false,מסננת סיליקון מלבנית מתקפלת,,,מסננת סיליקון מלבנית,יחידה,0.00,יחידה,false,,39.90,0.0000,true,1,8453704
7290118073611,false,דלי הפלא מתקפל,,,דלי הפלא מתקפל,יחידה,0.00,יחידה,false,,29.90,0.0000,true,1,8464601
7290118073628,false,"סט סכו""ם יוקרתי 24 חלקים זהב מט",,,"סט סכו""ם יוקרתי 24 ח",יחידה,0.00,יחידה,false,,59.90,0.0000,true,1,8466687
7290118073659,false,"סט סכו""ם יוקרתי 24 חלקים כסף מבריק",,,סט סכום יוקרתי 24 חל,יח',1.00,יח',false,,49.90,49.9000,true,1,8459458
7290118073666,false,משקפי ראיה מעוצבות,,,משקפי ראיה מעוצבות,יחידה,0.00,יחידה,false,,10.90,0.0000,true,1,8453705
7290118073673,false,"סט 3 תחתיות שעם לסירים 1*18.5 ס""מ כיתוב עברית",,,סט 3 תחתיות שעם לסיר,יחידה,0.00,יחידה,false,,24.90,0.0000,true,1,8453706
7290118073703,false,כרית ויסקו איכותית,,,כרית ויסקו איכותית,יחידה,0.00,יחידה,false,,69.90,0.0000,true,1,8454996
7290118073710,false,מקל מטאטא מחוזק 130סמ צבעוני,,,מקל מטאטא מחוזק 130ס,יחידה,0.00,יחידה,false,,6.90,0.0000,true,1,8465169
7290118073734,false,"מגב איכותי 43 ס""מ",,,"מגב איכותי 43 ס""מ",יח',1.00,יח',false,,9.90,9.9000,true,1,8467242
7290118073741,false,"מגב איכותי 55 ס""מ",,,"מגב איכותי 55 ס""מ",יח',1.00,יח',false,,14.90,14.9000,true,1,8467243
7290118073802,false,חגורה נמתחת,,,חגורה נמתחת,יח',1.00,יח',false,,14.90,14.9000,true,1,8472035
7290118073826,false,מלחיה זכוכית,,,מלחיה זכוכית,יחידה,0.00,יחידה,false,,2.90,0.0000,true,1,8453707
7290118073888,false,סט קוצצי ציפורניים גדול,,,סט קוצצי ציפורניים ג,יח',1.00,יח',false,,14.90,14.9000,true,1,8472068
7290118073895,false,קרש חיתוך תמונה שיש,,,קרש חיתוך תמונה שיש,יחידה,0.00,יחידה,false,,19.90,0.0000,true,1,8466693
7290118073970,false,"קערת פסים צבעונית ענקית 30 ס""מ גובה 17.5 ס""מ",,,קערת פסים צבעונית ענ,יחידה,0.00,יחידה,false,,14.90,0.0000,true,1,8466694
7290118074038,false,קנקן הגשה טרמי קלאסי מטאלי 1ל,,,קנקן הגשה טרמי קלאסי,יחידה,0.00,יחידה,false,,39.90,0.0000,true,1,8484421
7290118074045,false,קנקן הגשה טרמי מטאלי 1ל,,,קנקן הגשה טרמי מטאלי,יחידה,0.00,יחידה,false,,39.90,0.0000,true,1,8484422
7290118074076,false,"סט 8 קופסאות מיני נפח איחסון כ-90 מ""ל ליחידה",,,סט 8 קופסאות מיני נפ,יח',1.00,יח',false,,9.90,9.9000,true,1,8477948
7290118074144,false,קופסת אחסון גדולה + מכסה וידית,,,קופסת אחסון גדולה +,יחידה,0.00,יחידה,false,,15.90,0.0000,true,1,8466698
7290118074212,false,קערת פופקורן ענקית,,,קערת פופקורן ענקית,יחידה,0.00,יחידה,false,,14.90,0.0000,true,1,8464605
7290118074236,false,פינגאן מצופה איכותי,,,פינגאן מצופה איכותי,יחידה,0.00,יחידה,false,,29.90,0.0000,true,1,8466700
7290118074250,false,תבנית קפיץ מעוצבת,,,תבנית קפיץ מעוצבת,יחידה,0.00,יחידה,false,,29.90,0.0000,true,1,8464606
7290118074267,false,מסחטת מיץ ידנית איכותית - שחור,,,*מבצע* מסחטת מיץ ידנ,יחידה,0.00,יחידה,false,,59.90,0.0000,true,1,8490355
7290118074274,false,מסחטת מיץ ידנית איכותית - אדום,,,*מבצע* מסחטת מיץ ידנ,יחידה,0.00,יחידה,false,,59.90,0.0000,true,1,8490356
7290118074304,false,סכומון מעוצב בינוני,,,סכומון מעוצב בינוני,יחידה,0.00,יחידה,false,,14.90,0.0000,true,1,8453708
7290118074311,false,מסחטת מיץ ידנית איכותית - שמפניה,,,*מבצע* מסחטת מיץ ידנ,יחידה,0.00,יחידה,false,,59.90,0.0000,true,1,8490383
7290118074359,false,מצקת נירוסטה,,,מצקת נירוסטה,יחידה,0.00,יחידה,false,,14.90,0.0000,true,1,8466705
7290118074366,false,ראש דוש + מתלה + צינור 1.5 מטר MOCONA,,,ראש דוש + מתלה + צינ,יח',1.00,יח',false,,49.90,49.9000,true,1,8477949
7290118074427,false,"מסננת ידית ברזל 20 ס""מ",,,מסננת ידית ברזל 20 ס,יחידה,0.00,יחידה,false,,15.90,0.0000,true,1,8453709
7290118074458,false,מסננת רשת L,,,מסננת רשת L,יחידה,0.00,יחידה,false,,19.90,0.0000,true,1,8466707
7290118074540,false,דבק 3 שניות מעולה- סט,,,דבק 3 שניות מעולה- ס,יחידה,0.00,יחידה,false,,9.90,0.0000,true,1,8466711
7290118074595,false,מברשת הפלא,,,מברשת הפלא,יחידה,0.00,יחידה,false,,11.90,0.0000,true,1,8466712
7290118074625,false,צינור אמבט מתכת 2 מטר,,,צינור אמבט מתכת 2 מט,יח',1.00,יח',false,,29.90,29.9000,true,1,8472075
7290118074632,false,שלישית ווים ניצמדים בוואקום MOCONA,,,שלישית ווים ניצמדים,יחידה,0.00,יחידה,false,,5.90,0.0000,true,1,8466713
7290118074649,false,ראש דוש מונקו MOCONA,,,ראש דוש מונקו MOCONA,יחידה,0.00,יחידה,false,,49.90,0.0000,true,1,8466714
7290118074663,false,אולר הישרדות,,,אולר הישרדות,יחידה,0.00,יחידה,false,,29.90,0.0000,true,1,8466716
7290118074687,false,קולפן פרות וירקות,,,קולפן פרות וירקות,יחידה,0.00,יחידה,false,,9.90,0.0000,true,1,8466717
7290118074717,false,שפריצר מעוצב,,,שפריצר מעוצב,יחידה,0.00,יחידה,false,,7.90,0.0000,true,1,8464610
7290118074861,false,קולפן בדיספלי מעוצב,,,קולפן בדיספלי מעוצב,יח',1.00,יח',false,,7.90,7.9000,true,1,8484461
7290118075233,false,שיפודי עץ במבוק עבים (50 יח'),,,שיפודי עץ במבוק עבים,יח',1.00,יח',false,,4.90,4.9000,true,1,8476237
7290118075257,false,שיפודי עץ במבוק ענקיים (25 יח'),,,שיפודי עץ במבוק ענקי,יח',1.00,יח',false,,4.90,4.9000,true,1,8476239
7290118075271,false,רביעיית קולבי קטיפה לבן,,,רביעיית קולבי קטיפה,יח',1.00,יח',false,,7.90,7.9000,true,1,8478243
7290118075318,false,כוס חמסה זהב (25 יח') חגיגית,,,כוס חמסה זהב (25 יח',יח',1.00,יח',false,,8.90,8.9000,true,1,8477911
7290118075325,false,כוס חמסה לבן (25 יח') חגיגית,,,כוס חמסה לבן (25 יח',יח',1.00,יח',false,,8.90,8.9000,true,1,8477912
7290118075370,false,רכב שטח 4*4 צבעוני,,,רכב שטח 4*4 צבעוני,יח',1.00,יח',false,,14.90,14.9000,true,1,8479451
7290118075387,false,רכב שטח 4*4,,,רכב שטח 4*4,יח',1.00,יח',false,,14.90,14.9000,true,1,8479452
7290118075417,false,מברשת אסלה לבן טקסטורה קוים,,,מברשת אסלה לבן טקסטו,יח',1.00,יח',false,,29.90,29.9000,true,1,8479454
7290118075424,false,מברשת אסלה שחור טקסטורה קוים,,,מברשת אסלה שחור טקסט,יח',1.00,יח',false,,29.90,29.9000,true,1,8479455
7290118075448,false,פח אשפה טריקה שקטה 5 ליטר שחור חלק,,,פח אשפה טריקה שקטה 5,יח',1.00,יח',false,,49.90,49.9000,true,1,8479488
7290118075455,false,מברשת אסלה לבן חלק,,,מברשת אסלה לבן חלק,יח',1.00,יח',false,,29.90,29.9000,true,1,8479456
7290118075462,false,מברשת אסלה שחור חלק,,,מברשת אסלה שחור חלק,יח',1.00,יח',false,,29.90,29.9000,true,1,8479457
7290118075479,false,פח אשפה טריקה שקטה 5 ליטר לבן טקסטורה עיגולים,,,פח אשפה טריקה שקטה 5,יח',1.00,יח',false,,49.90,49.9000,true,1,8479489
7290118075486,false,פח אשפה טריקה שקטה 5 ליטר שחור טקסטורה עיגולים,,,פח אשפה טריקה שקטה 5,יח',1.00,יח',false,,49.90,49.9000,true,1,8479490
7290118075493,false,מברשת אסלה לבן טקסטורה עיגולים,,,מברשת אסלה לבן טקסטו,יח',1.00,יח',false,,29.90,29.9000,true,1,8479458
7290118075509,false,מברשת אסלה שחור טקסטורה עיגולים,,,מברשת אסלה שחור טקסט,יח',1.00,יח',false,,29.90,29.9000,true,1,8479459
7290118076070,false,בובה ג'סיקה,,,בובה ג'סיקה,יח',1.00,יח',false,,12.90,12.9000,true,1,8479460
7290118078241,false,מפיץ ריח DREAMS PATCHOULI,,,מפיץ ריח DREAMS PATC,יחידה,0.00,יחידה,false,,19.90,0.0000,true,1,8417288
7290118078265,false,מפיץ ריח ROYAL BOUTIQUE,,,מפיץ ריח ROYAL BOUTI,יחידה,0.00,יחידה,false,,19.90,0.0000,true,1,8417290
7290118078272,false,מפיץ ריח PRMIUM RESORT,,,מפיץ ריח PRMIUM RESO,יחידה,0.00,יחידה,false,,19.90,0.0000,true,1,8417291
7290118078289,false,מבשם PRMIUM RESORT,,,מבשם PRMIUM RESORT,יחידה,0.00,יחידה,false,,14.90,0.0000,true,1,8417292
7290118078296,false,מבשם WHITE SAND,,,מבשם WHITE SAND,יחידה,0.00,יחידה,false,,14.90,0.0000,true,1,8417293
7290118078319,false,מבשם PREMIUM RSORT,,,מבשם PREMIUM RSORT,יחידה,0.00,יחידה,false,,14.90,0.0000,true,1,8417322
7290118078760,false,ערכת אומנות ענקית,,,ערכת אומנות ענקית,יח',1.00,יח',false,,39.90,39.9000,true,1,8440258
7290118420378,false,פתיבר פינוקים בטעם תותים בשמנת - חלבי,קריות זול,PL,פתי בר פינוקים 220גר,גרמים,220.00,100 גרם,false,,9.90,0.0450,true,1,8468197
7290118420514,false,אינסטנט פודינג בטעם נוגט אסם 75 גרם,"אסם תעשיות בע""מ",IL,אינסטנט פודינג בטעם,גרמים,75.00,100 גרם,false,,4.90,0.0653,true,1,8468198
7290119041336,false,עוגיות ממולאות טעם שוקולד מצופה 350גרמי לוי,,,עוגיות ממולאות טעם ש,גרמים,350.00,100 גרם,false,,14.90,0.0426,true,1,8471850
7290119041381,false,עוגיות סהרונים מצופות 350גרמי לוי,,,עוגיות סהרונים מצופו,גרמים,350.00,100 גרם,false,,14.90,0.0426,true,1,8471851
7290119041435,false,עוגיות נסיכה טעם תות מצופות 350גרמי לוי,,,עוגיות נסיכה טעם תות,גרמים,350.00,100 גרם,false,,14.90,0.0426,true,1,8471852
7290119041534,false,עוגיות מרוקאיות עבות מצופות 350גרמי לוי,,,עוגיות מרוקאיות עבות,גרמים,350.00,100 גרם,false,,14.90,0.0426,true,1,8471854
7290119041589,false,עוגיות פיצפוצי שוקו מצופות 350גרמי לוי,,,עוגיות פיצפוצי שוקו,גרמים,350.00,100 גרם,false,,14.90,0.0426,true,1,8471855
7290119041688,false,עוגיות רשת שוקו מסוכרות מצופות 350גרמי לוי,,,עוגיות רשת שוקו מסו,גרמים,350.00,100 גרם,false,,14.90,0.0426,true,1,8471857
7290616784039,false,טחינה פרימיום משומשו,,,טחינה פרימיום משומשו,גרמים,500.00,100 גרם,false,,9.80,0.0196,true,1,8344404
7291044041279,false,מפזר חום לאמבטיה יונ,,,מפזר חום לאמבטיה 200,יח',1.00,יח',false,,129.90,129.9000,true,1,2789577
7291044048858,false,כבל מאריך 6 3X1.5 מטר,,,כבל מאריך 6 3X1.5 מט,יחידה,0.00,יחידה,false,,39.90,0.0000,true,1,1082281
7291044052893,false,שואב אבק ידני יונדא Cyclon 600W,,,שואב אבק ידני יונדא,יח',1.00,יח',false,,119.90,119.9000,true,1,2674919
7291044056006,false,טוסטר לחיצה נירוסטה,,,טוסטר לחיצה נירוסטה,יח',1.00,יח',false,,149.90,149.9000,true,1,3853927
7291044056013,false,מפזר חום שוכב/עומד 2000W יונדאי,יונדאי Hyundai,,מפזר חום שוכב/עומד 2,יח',1.00,יח',false,,54.90,54.9000,true,1,2782957
7291044066319,false,רב שקע 4 עד 1m + מפסק,,,רב שקע 4 + מפסק + עד,יחידה,0.00,יחידה,false,,29.90,0.0000,true,1,2775501
7291044069761,false,מפצל חשמל 1 ל-2 סמיקום D11:D30 תפזורת,סמיקום Semicom,,מפצל חשמל 1 ל SEMICO,יחידה,0.00,יחידה,false,,9.90,0.0000,true,1,2796453
7291044070989,false,רבעיית סוללות אלקליין רמי לוי AA,,,רבעיית סוללות אלקליי,יח',4.00,יח',false,,4.90,1.2250,true,1,2796786
7291044070996,false,רבעיית סוללות אלקליין רמי לוי AAA,,,רבעיית סוללות אלקליי,יח',4.00,יח',false,,4.90,1.2250,true,1,2796787
7291044077209,false,מארז סוללות רמי לוי,,,מארז סוללות 12 יח,יח',12.00,יח',false,,14.90,1.2417,true,1,3665765
7291044081305,false,זוג נורות לד DL 12W E27 A60 SAFETY,,IL,מנורות לד זוגי 12W ל,יח',1.00,יח',false,,19.90,19.9000,true,1,4700734
7291044081312,false,זוג נורות לד 12 וואט,,IL,מנורות לד זוגי 12W צ,יח',1.00,יח',false,,19.90,19.9000,true,1,4700754
7291044083309,false,קומקום זכוכית לבן 1.7ליטר יונדאי,,,קומקום זכוכית לבן 1.,יח',1.00,יח',false,,99.90,99.9000,true,1,4881650
7291044085112,false,קומקום זכוכית אדום 1,,,קומקום זכוכית אדום 1,יח',1.00,יח',false,,99.90,99.9000,true,1,5378641
7291044089981,false,שלישיה לד DL 15W E27 A60 SAFETY,,,שלישיית נורות לד 15W,יח',1.00,יח',false,,29.90,29.9000,true,1,8422431
7291044091298,false,מיקסר יד חשמלי+קערה 300W יונדאי,,,מיקסר יד חשמלי+קערה,יח',1.00,יח',false,,119.90,119.9000,true,1,8329478
7291044091304,false,מיקסר יד חשמל יונדאי סמיקום לקסיס 250W,יונדאי Hyundai,IL,מיקסר יד חשמל 250W י,יח',1.00,יח',false,,59.90,59.9000,true,1,8329479
7291044093087,false,מקרן חום 4 גופי חימום קוורץ 2400W,יונדאי Hyundai,,מקרן חום 4 גופים 240,יח',1.00,יח',false,,249.90,249.9000,true,1,8358689
7291044106749,false,שעון שבת/טיימר תקע+שקע 16A,,,שעון שבת איכותי,יח',1.00,יח',false,,24.90,24.9000,true,1,8277913
7291044121032,false,גלאי עשן עצמי 9V,,,גלאי עשן עצמי 9V,יחידה,0.00,יחידה,false,,49.90,0.0000,true,1,8422433
7291044125603,false,רדיאטור 9 צלעות 2000W דיגיטלי,,,רדיאטור 9 צלעות 200,יח',1.00,יח',false,,299.90,299.9000,true,1,8465563
7291044125948,false,רדיאטור 9 צלעות 2000W יונדאי,,,רדיאטור 9 צלעות 200,יח',1.00,יח',false,,269.90,269.9000,true,1,8465564
7296049015775,false,תאורת חירום נטענת 44 לדים,,,תאורת חירום נטענת 44,יחידה,0.00,יחידה,false,,39.90,0.0000,true,1,8467757
7296058000298,false,מארז פריכיות 310ג רמילוי,,,מארז פריכיות 310ג רמ,גרמים,300.00,100 גרם,false,,13.50,0.0450,true,1,5945968
7296089001776,false,בדיקת אנטיגן 20 יח ( קורונה),,,בדיקת אנטיגן 20 יח (,יח',1.00,יח',false,,138.00,138.0000,true,1,8380433
7296155149791,false,נפת קוסקוס,,,נפת קוסקוס,יח',1.00,יח',false,,29.90,29.9000,true,1,3694183
7296168000300,false,מסיר לק ללא אצטון 200מל רמילוי,,,מסיר לק ללא אצטון 20,מיליליטרים,200.00,"100 מ""ל",false,,9.90,0.0495,true,1,8216698
7296168000324,false,מסיר לק 200מל רמילוי,,,מסיר לק 200מל רמילוי,מיליליטרים,200.00,"100 מ""ל",false,,9.90,0.0495,true,1,8216699
7296168001055,false,"אגד אלסטי מתמתח 5 ס""מ",איתן,,"אגד אלסטי מתמתח 5 ס""",יח',1.00,יח',false,,5.90,5.9000,true,1,2781699
7296168001062,false,"אגד גזה נמתח 7.5X2.7 ס""מ",איתן ספקים E,,"אגד אלסטי מתמתח 7 ס""",סמ,7.00,סמ,false,,7.90,1.1286,true,1,2781700
7296168015496,false,סדין עם גומי למיטת תינוק 64*140 ס''מ,איתן ספקים E,,סדין עם גומי למיטת ת,יח',1.00,יח',false,,14.90,14.9000,true,1,2699496
7296168015502,false,סדין ניילון מ.נוער190X90,איתן ספקים E,,סדין למיטת נוער,יח',1.00,יח',false,,14.90,14.9000,true,1,2699497
7296168017117,false,פלסטרים גוון עור 100 יחידות,איתן ספקים E,,פלסטרים גוון עור 100,יח',100.00,יח',false,,12.90,0.1290,true,1,2781704
7296168017155,false,פלסטר גדלים מעורב 30 יחחידות,איתן ספקים E,,פלסטר גדלים מעורב 30,יח',30.00,יח',false,,5.90,0.1967,true,1,2781705
7296168017650,false,פד דביק 5*7,,,פד דביק 5*7,10 יח',1.00,10 יח',false,,12.90,12.9000,true,1,6198162
7296168035012,false,צמר גפן אורגני רמילוי,,,צמר גפן אורגני רמילו,יח',1.00,יח',false,,6.90,6.9000,true,1,8299043
7296168089015,false,סוויטי שרשרת סרט למוצץ,סוויטי,IL,סווטי שרשרת למוצץ סר,מיליליטרים,250.00,"100 מ""ל",false,,19.90,0.0796,true,1,3390640
7296168089381,false,נשכן סיליקון סנאי,,,נשכן סיליקון סנאי,יח',1.00,יח',false,,24.90,24.9000,true,1,8285962
7296168113574,false,כפפות ניטרלי כחולות רפואיות M,איתן,,כפפות ניטרלי כחולות,יח',1.00,יח',false,,29.90,29.9000,true,1,2781708
7296168113581,false,כפפות ניטריל כחולות רפואיות L,איתן ספקים E,MY,כפפות ניטריל כחולות,יחידו,1.00,יחידו,false,,29.90,29.9000,true,1,2781709
7296168113758,false,כפפות ניטרילי שחורות M,,,כפפות ניטרילי שחורות,יח',1.00,יח',false,,27.90,27.9000,true,1,7778070
7296168154232,false,שקיות איחסון חלב אם 25 יחידות,איתן ספקים E,CN,שקיות איחסון חלב אם,יח',25.00,יח',false,,22.90,0.9160,true,1,2699505
7296168158766,false,"אלכוהול 70% 100 מ""ל",ש.שוורץ,CN,אלכוהול 70%,קילו,100.00,קילו,false,,9.90,0.0990,true,1,6647460
7296168330117,false,מוצץ 0-6,,,מוצץ 0-6,יח',1.00,יח',false,,18.90,18.9000,true,1,8326540
7296168705113,false,וולטרס קיסמי שיניים דנטליים,ארוינג טישו,CN,קיסמי שיניים דינטלים,יח',300.00,יח',false,,14.90,0.0497,true,1,2699507
7296168705229,false,קיסמי שיניים רכים כחול40,איתן כללי,IL,קיסמי שיניים רכים 40,יח',40.00,יח',false,,16.90,0.4225,true,1,3339183
7297268303032,false,גופיית ציצית,,IL,גופיית ציצית,יח',1.00,יח',false,,29.90,29.9000,true,1,1107355
7297292000068,false,כיפה טרלין חלק4חל\קט,,,כיפה טרלין חלק4חל\קט,יח',1.00,יח',false,,6.00,6.0000,true,1,1107800
7297292000310,false,בד צח סריגית רך ועדין 18 יח',כ.כיפות שיווק וסחר,IL,סריגית רך ועדין 18 י,יח',1.00,יח',false,,5.90,5.9000,true,1,1107803
7297292000341,false,כיפה פלוש אמריקאי קטן,,,כיפה פלוש אמריקאי קט,יח',1.00,יח',false,,13.90,13.9000,true,1,1107804
7297292000372,false,כיפה פלוש אמריקאי גדול,,,כיפה פלוש אמריקאי גד,יח',1.00,יח',false,,15.40,15.4000,true,1,1107805
7297488098152,false,דגש קמח חומוס ללא גל,אף.סי תבליני בגליל ב,IL,קמח חומוס 500 גרם דג,גרמים,500.00,100 גרם,false,,14.80,0.0296,true,1,2788015
7297488098213,false,500 קמח קינואה ללא גלוטן,"תבליני העליון בע""מ",IL,קמח קינואה 500 גרם ד,גרמים,500.00,100 גרם,false,,23.90,0.0478,true,1,2788017
7297488098282,false,דגש אבקת מרק בטעם עוף 500 גרם,אף.סי. תבליני הגליל,IL,אבקת מרק בטעם עוף,יח',1.00,יח',false,,19.80,19.8000,true,1,2788094
7297488098305,false,קמח שקדים ללא גלוטן,תות תעשיות מזון (201,IL,קמח שקדים 250 גרם דג,גרמים,250.00,100 גרם,false,,25.40,0.1016,true,1,2788121
7297488099753,false,דגש עוגיות בטעם שוקולד וקוקוס 250 גרם,תות תעשיות מזון (201,IL,עוגיות בטעם שוקלד וק,גרמים,250.00,100 גרם,false,,26.80,0.1072,true,1,3876299
7297488099760,false,דגש -עוגיות בטעם חלבה 250 גרם,דגש- דוכן גן שמואל,IL,עוגיות בטעם חלבה 250,גרמים,250.00,100 גרם,false,,26.80,0.1072,true,1,3876300
7297488099777,false,דגש -עוגיות בטעם קשיו 250 גרם,דגש- דוכן גן שמואל,IL,עוגיות בטעם קשיו 250,גרמים,250.00,100 גרם,false,,26.80,0.1072,true,1,3876301
7297488099906,false,פתיתים טבעוניים בסגנון פרמז'ן טבעוני 10 יח',"טרופיקל דגיל בע""מ אז",IL,משומשו פרוסות סג.קלא,גרמים,200.00,100 גרם,false,,18.90,0.0945,true,1,2857460
7297488199620,false,פצפוצי אורז מלא תפוח ללא גלוטן,דגש- דוכן גן שמואל,FR,דגש פצפוצי אורז מלא,גרמים,450.00,100 גרם,false,,19.80,0.0440,true,1,2788415
7297488199682,false,קמח כוסמת ללא גלוטן,תות תעשיות מזון (201,IL,קמח כוסמת 500 גרם דג,גרמים,500.00,100 גרם,false,,14.90,0.0298,true,1,2788070
7297488199781,false,תערובת להכנת קניידלך,"חיים טובים מזון בע""מ",FR,דגש קניידל מיקס 130,גרמים,130.00,100 גרם,false,,18.90,0.1454,true,1,2788174
7298171178922,false,רביעיית מגבונים מיקי,,,*מבצע* רביעיית מגבונ,יח',1.00,יח',false,,14.90,14.9000,true,1,8426419
7298171178939,false,רביעיית מגבונים מיני,,,*מבצע* רביעיית מגבונ,יח',1.00,יח',false,,14.90,14.9000,true,1,8426442
7298171178960,false,שמפו מיקי,,,שמפו מיקי,יח',1.00,יח',false,,12.90,12.9000,true,1,8426445
7298171178977,false,שמפו מיני,,,שמפו מיני,יח',1.00,יח',false,,12.90,12.9000,true,1,8426446
7394376615825,false,אוטלי משקה שיבולת שועל מועשר בסידן וויטמינים 1 ליטר,טרנסומס פוד,SE,משקה אוטלי שיבולת שו,ליטרים,1.00,ליטר,false,,13.90,13.9000,true,1,8247816
7394376615832,false,אוטלי משקה שיבולת שועל בטעם שוקולד 1 ליטר,טרנסומס פוד,SE,משקה אוטלי שיבולת שו,ליטרים,1.00,ליטר,false,,15.90,15.9000,true,1,8247817
7394376616778,false,אוטלי משקה שיבולת שועל להקצפה בריסטה 1 ליטר,טרנסומס פוד,SE,משקה אוטלי שיבולת שו,ליטרים,1.00,ליטר,false,,15.90,15.9000,true,1,8259207
7394376620294,false,אוטלי משקה שיבולת שועל בטעם וניל 1 ליטר,איי אם פי אס איי תעש,NL,משקה אוטלי שיבולת שו,ליטרים,1.00,ליטר,false,,15.90,15.9000,true,1,8458871
7501013122039,false,ג'ומקס מיץ מנגו קרטונית ליטר תריסר,חומקס קומר קומרסאליזדורה,MX,גומקס נקטר מנגו 1 לי,מטרים,1000.00,100 מ'ל,false,,9.50,0.0095,true,1,7839762
7501013122053,false,ג'ומקס מיץ אפרסק קרטונית ליטר תריסר,חומקס קומר קומרסאליזדורה,MX,גומקס נקטר אפרסק 1 ל,מטרים,1000.00,100 מ'ל,false,,9.50,0.0095,true,1,7839763
7501013122114,false,"נקטר משקה אננס בקרטונית ג'ומקס, 1 ל'",חומקס קומר קומרסאליזדורה,MX,גומקס נקטר אננס קרטו,מטרים,1000.00,100 מ'ל,false,,9.50,0.0095,true,1,7839764
7501013122190,false,ג'ומקס מיץ תפוחים קרטונית ליטר תריסר,חומקס קומר קומרסאליזדורה,MX,גומקס נקטר תפוחים קר,מטרים,1000.00,100 מ'ל,false,,9.50,0.0095,true,1,7839765
7501013122992,false,ג'ומקס מיץ קוקוס אננס קרטונית ליטר תריסר,חומקס קומר קומרסאליזדורה,MX,גומקס קרטונית קוקוס,יח',1.00,יח',false,,9.50,9.5000,true,1,8058138
7501013138047,false,משקה רימונים יוניקו פרסקו ג'ומקס בקרטונית 1 ליטר,חומקס קומר קומרסאליזדורה,MX,גומקס נקטר רימונים 1,מטרים,1000.00,100 מ'ל,false,,10.80,0.0108,true,1,7839766
7501013138184,false,משקה חמוציות יוניקו פרסקו ג'ומקס קרטונית 1 ליטר,חומקס קומר קומרסאליזדורה,MX,גומקס קרטונית נקטר ח,מטרים,1000.00,100 מ'ל,false,,10.80,0.0108,true,1,7839767
7501049936945,false,"שישיית בירה סול בקבוק 330 מ""ל",היינקן,NL,בירה סול שישיה 330 מ,ליטרים,1.98,ליטר,false,,32.90,16.6162,true,1,8232251
7501064191398,false,שישיית בירה קורונה אקסטרא *355 מל,קריניציה ויטמינה אס,MX,קורונה מארז שישיה 6*,ליטרים,2.13,ליטר,false,,29.80,13.9906,true,1,7646047
7503012779405,false,סירופ אגבה כחולה – נטורפוד (גדול),נוטריאגבס דה מקסיקו,MX,סירופ אגבה כחולה אור,מיליליטרים,600.00,"100 מ""ל",false,,32.90,0.0548,true,1,5492783
7503021034861,false,טקילה דון רוברטו 100% אגווה,,,טקילה דון רוברטו 100,יח',1.00,יח',false,,119.90,119.9000,true,1,8326464
7509546061160,false,"משחת שיניים לילדים מיניונים 2-5 75 מ""ל קולגייט",קולגייט פלמוליב,PL,קולגייט משחת ילדים מ,מטרים,75.00,100 מ'ל,false,,15.90,0.2120,true,1,8340749
7509546061672,false,דאודורנט סטיק אקסטרים אינטנס,קולגייט פלמוליב,US,ספיד סטיק אקסטרים סט,גרמים,50.00,100 גרם,false,,16.90,0.3380,true,1,8444251
7509546678702,false,קולגייט משחת שיניים טוטל אנטי טרטר 100 מ,קולגייט-פלמוליב,PL,קולגייט טוטל אנטי טר,מטרים,100.00,100 מ'ל,false,,16.80,0.1680,true,1,8435298
7610008059073,false,רגוזה-קלאסיק שוק' במילוי פרלין אגוז לוז 100 גרם,RAGUSA,CH,טבלת רגוסה קלאסי 100,גרמים,100.00,100 גרם,false,,15.90,0.1590,true,1,8278090
7610008059097,false,טבלת שוקולד רגוסה בלונד עם שקדים 100 גר,RAGUSA,CH,טבלת רגוסה בלונד 100,גרמים,100.00,100 גרם,false,,15.90,0.1590,true,1,8278092
7610008059103,false,טבלת שוקולד טורינו חלב 100 גר,קמיל בלוך,CH,טבלת טורינו חלב 100,גרמים,100.00,100 גרם,false,,15.90,0.1590,true,1,8278093
7610008622000,false,טבלת קמיל בלוך מוס מריר 100 גר,,,טבלת קמיל בלוך מוס מ,גרמים,100.00,100 גרם,false,,14.90,0.1490,true,1,7395783
7610113011652,false,בריזר - משקה כוהלי מוגז בטעם תפוח,בקרדי בריזר Bacardi Breezer,BE,בקרדי בריזר תפוח 275,מיליליטרים,275.00,"100 מ""ל",false,,12.90,0.0469,true,1,8256366
7610400010481,false,לינדט אקסלנס שוקולד חלב 100 גרם,לינדט ושפרונגלי קילשברג,CH,לינדט אקסלנס שוקולד,גרמים,100.00,100 גרם,false,,14.90,0.1490,true,1,1095078
7610400070577,false,לינדט אקסלנס שוקולד צ'ילי 100 גרם,לינדט ושפרונגלי קילשברג,CH,לינדט אקסלנס שוקולד,גרמים,100.00,100 גרם,false,,14.90,0.1490,true,1,2709725
7610400074155,false,לינדט לינדור קוביות במילוי קרם שוקולד 60% מוצקי קקאו 100 גרם,לינדט ושפרונגלי קילשברג,CH,לינדט לינדור קוביות,גרמים,100.00,100 גרם,false,,14.90,0.1490,true,1,1095098
7610400075787,false,לינדט לה גרנד שוקולד חלב אגוז 150 גרם,לינדט ושפרונגלי קילשברג,CH,לינדט לה גרנד שוקולד,גרמים,150.00,100 גרם,false,,23.80,0.1587,true,1,1095102
7610400085946,false,לינדט לגרנד דארק אלמונד סולט 150 גרם,לינדט ושפרונגלי קילשברג,CH,לינדט לה גרנד דארק 1,גרמים,150.00,100 גרם,false,,23.80,0.1587,true,1,7839887
7610400091060,false,שוקולד מריר לינדט אקסלנס בתוספת תפוז ושקדים,לינדט ושפרונגלי קילש,CH,לינדט אקסלנס תפוז 10,גרמים,100.00,100 גרם,false,,14.90,0.1490,true,1,8242414
7610700002681,false,ריקולה סוכריות ללא סוכר בטעם צמחים 50 גר',,CH,סוכריות צמחים ריקולה,גרמים,50.00,100 גרם,false,,13.80,0.2760,true,1,8255058
7610700013083,false,סוכריות ריקולה ללא סוכר בטעם צמחים 20 יח',,,סוכריות מנטה ריקולה,גרמים,50.00,100 גרם,false,,13.80,0.2760,true,1,8346014
7610700607077,false,סוכריות צמחים תפוז ומנטה ללא תוספת סוכר,ריקולה Ricola,CH,סוכריות תפוז מנטה רי,גרמים,50.00,100 גרם,false,,13.80,0.2760,true,1,1097884
7610928010048,false,"קרם הגרטי לכלי כסף יעקבי 100 מ""ל",דיוורסי,CH,מבריק כלי כסף יעקבי,מטרים,100.00,100 מ'ל,false,,29.40,0.2940,true,1,1097360
7613030979647,false,דגני בוקר טריקס פירות עולם היורה 480 ג',ג'נרל מילס סאן אדריא,CL,טריקס 480 גר,גרמים,480.00,100 גרם,false,,19.90,0.0415,true,1,6167404
7613031608850,false,פיטנס דגנים מחיטה מלאה ואורז נסטלה 625 גרם,נסטלה צרפת איטנקורט,FR,פיטנס דגנים מחיטה מל,גרמים,625.00,100 גרם,false,,25.90,0.0414,true,1,1092216
7613032045753,false,פיטנס - דגני בוקר שוקולד 375 גרם,נסטלה צרפת איטנקורט,FR,פיטנס שוקולד נסטלה 3,גרמים,375.00,100 גרם,false,,19.90,0.0531,true,1,1092218
7613035548374,false,דגני בוקר גולדן מיניס מחיטה מלאה ותירס,נסטלה פולין דגני בוק,FR,גולדן מיניס 570 גרם,גרמים,570.00,100 גרם,false,,14.70,0.0258,true,1,2844092
7613035618794,false,"פורינה ONE חתול בוגר עוף 3 ק""ג",נסטלה פורינה צרפת,FR,ONE 3קג חתול בוגר עו,יח',1.00,יח',false,,119.00,119.0000,true,1,8018078
7613035622623,false,פיטנס - גרנולה שקדים ודבש 300 גרם,שוורצקוף& הנקל דיסלד,LT,פיטנס גרנולה שקדים ו,גרמים,300.00,100 גרם,false,,14.90,0.0497,true,1,2995828
7613035635845,false,פיטנס גרנולה שוקולד 14*300 גרם,שוורצקוף& הנקל דיסלד,LT,פיטנס גרנולה שוקולד,גרמים,300.00,100 גרם,false,,14.90,0.0497,true,1,2995829
7613035758834,false,פיטנס סופר גרנולה וחמוציות 300 גרם,שוורצקוף& הנקל דיסלד,LT,פיטנס גרנולה חמוציות,גרמים,300.00,100 גרם,false,,14.90,0.0497,true,1,3556641
7613035807778,false,פרפקטו רוטב עגבניות לבולונז אסם 400 גרם,אסם פרפקטו Perfecto,ES,רוטב עגבניות לבולונז,גרמים,400.00,100 גרם,false,,8.90,0.0223,true,1,3552411
7613035809109,false,פרפקטו רוטב עגבניות ובזיליקום אסם 400 גרם,אסם פרפקטו Perfecto,ES,רוטב עגבניות ובזיליק,גרמים,400.00,100 גרם,false,,8.90,0.0223,true,1,3556642
7613035809857,false,פרפקטו רוטב עגבניות לפסטה ולבישול אסם 400 גרם,אסם פרפקטו Perfecto,ES,רוטב עגבניות לפסטה ל,גרמים,400.00,100 גרם,false,,8.90,0.0223,true,1,3556644
7613036387798,false,פיטנס דגנים מלאים ואורז פתיתים ויוגורט 350ג',נסטלה צרפת איטנקורט,FR,פיטנס יוגורט 350 גרם,גרמים,350.00,100 גרם,false,,19.90,0.0569,true,1,5426788
7613036520492,false,פרפקטו רוטב עגבניות לפיצה אסם 400 גרם,אסם פרפקטו Perfecto,ES,פרפקטו רוטב עגבניות,גרמים,400.00,100 גרם,false,,8.90,0.0223,true,1,6017205
7613036880534,false,גרבר מחית ירקות מעורבים מטרנה 190 גר',נסטלה פולסקה אס.איי,PL,גרבר מרק ירקות מעורב,גרמים,190.00,100 גרם,false,,5.90,0.0311,true,1,8000124
7613037012200,false,גרבר מחית תפוח גזר ומנגו 90 גרם פאוץ,"מפעל סברס, נסטלה ספרד ס.",PL,גרבר פאוצ מחית תפוח,יח',1.00,יח',false,,5.90,5.9000,true,1,8085289
7613037686906,false,פיטנס שקדים ודבש 355 גרם מופחת סוכר,נסטלה צרפת איטנקורט,FR,פיטנס שקדים ודבש 355,גרמים,355.00,100 גרם,false,,19.90,0.0561,true,1,8176361
7613037687132,false,דגני בוקר פיטנס שקדים ודבש 585 גרם,נסטלה צרפת איטנקורט,FR,פיטנס שקדים ודבש 585,גרמים,585.00,100 גרם,false,,25.90,0.0443,true,1,8176362
7613038268262,false,דגני בוקר צ'יריוס דבש ושקדים במתיקות מעודנת,נסטלה פולין דגני בוק,FR,האני נאט ציריוס מופח,גרמים,410.00,100 גרם,false,,19.90,0.0485,true,1,8176363
7613038451954,false,דגני בוקר שוקולד מופחת סוכר 410 ג' קראנץ',נסטלה צרפת איטנקורט,FR,קראנץ שוקולד מופחת ס,גרמים,410.00,100 גרם,false,,21.90,0.0534,true,1,8176364
7613039547632,false,גרבר מחית תפוח בננה ותות 90 גרם פאוץ,שוורצקוף& הנקל דיסלד,ES,גרבר פאוצ מחית תפוח,גרמים,90.00,100 גרם,false,,5.90,0.0656,true,1,8264833
7613039547922,false,גרבר מחית אגס תפוח ובננה 90 גרם פאוץ,נסטלה ספרד,ES,גרבר פאוצ מחית תפוח,גרמים,90.00,100 גרם,false,,5.90,0.0656,true,1,8264804
7613039770450,false,טבעול סנסשיונל בורגר צמחוני 226 גרם,ג'נרל מילס סאן אדריא,CZ,טבעול בורגר צמחוני 2,גרמים,226.00,100 גרם,false,,29.90,0.1323,true,1,8275406
7613039771174,false,טבעול סנסשיונל מינס טחון צמחוני 400 גרם,ג'נרל מילס סאן אדריא,CZ,טבעול טחון צמחוני 40,גרמים,400.00,100 גרם,false,,29.90,0.0747,true,1,8275407
7613039879382,false,גרבר - מחית תפוחי עץ 190 גרם,נסטלה פולסקה אס.איי,PL,"מחית גרבר תפו""ע 190ג",גרמים,190.00,100 גרם,false,,5.90,0.0311,true,1,8300077
7613039881521,false,גרבר מחית מרק מנגו 190 גרם,נסטלה פולסקה אס.איי,PL,מחית גרבר מנגו 190גר,גרמים,190.00,100 גרם,false,,6.50,0.0342,true,1,8300056
7613287155832,false,גרבר מחית תפוחי עץ 90 גרם פאוץ,"מפעל סברס, נסטלה ספרד ס.",ES,גרבר פאוצ מחית תפוח,יח',1.00,יח',false,,5.90,5.9000,true,1,8300078
7613287155863,false,מטרנה מחית אגס פאוץ' 90 גר',"מפעל סברס, נסטלה ספרד ס.",ES,גרבר פאוצ מחית אגס,יח',1.00,יח',false,,5.90,5.9000,true,1,8300079
7613287155894,false,"גרבר מחית אפרסק פאוץ כשל""פ 90 גרם","מפעל סברס, נסטלה ספרד ס.",ES,מחית גרבר אפרסק פאוץ,גרמים,90.00,100 גרם,false,,5.90,0.0656,true,1,8300057
7613287155924,false,מטרנה מחית תפוח וגזר פאוץ' 90 גר',"מפעל סברס, נסטלה ספרד ס.",ES,גרבר פאוצ מחית תפוח,יח',1.00,יח',false,,5.90,5.9000,true,1,8300080
7613287181411,false,ויטמינציק מחית סלט פירות 110 גרם,"טרופיקל דגיל בע""מ אז",ES,ויטמינצ'יק מחית סלט,גרמים,110.00,100 גרם,false,,4.90,0.0445,true,1,8341678
7613287182326,false,ויטמינציק מחית בננה תפוח 110 גרם,"נסטלה ספרד ס.א, מפעל",ES,ויטמינצ'יק מחית בננה,גרמים,110.00,100 גרם,false,,4.90,0.0445,true,1,8341647
7613287182357,false,מחית אגס תפוח ופירות יער ויטמינצ'יק 110 ג',נסטלה,ES,ויטמינצ'יק מחית אגס,גרמים,110.00,100 גרם,false,,4.90,0.0445,true,1,8341679
7613287182456,false,ויטמינציק מחית אגס בננה תפוח 110 גרם,"נסטלה ספרד ס.א, מפעל",ES,ויטמינצ'יק מחית אגס,גרמים,110.00,100 גרם,false,,4.90,0.0445,true,1,8341649
7613287186928,false,סטארבקס קפסולות קפה ברקפסט רוסט 10יח,נסטלה שוויץ - קפה,CH,סטארבקס קפסולות ברקפ,יח',1.00,יח',false,,20.90,20.9000,true,1,8334046
7613287302373,false,סטארבקס קפסולות איטליאן סטייל רוסט 56 גרם,נסטלה שוויץ - קפה,PT,סטארבקס קפסולות סטיי,יח',1.00,יח',false,,20.90,20.9000,true,1,8307043
7613287325822,false,אוסם - דיפ אנד ספרד מטבל מיקס 295 גרם,נסטלה,PL,רוטב מיקס לחיץ 295 מ,מטרים,295.00,100 מ'ל,false,,12.80,0.0434,true,1,8341651
7613287325952,false,אוסם - דיפ אנד ספרד מטבל ברבקיו 345 גרם,דפטונה פולין,PL,רוטב ברביקיו לחיץ 34,מטרים,345.00,100 מ'ל,false,,12.80,0.0371,true,1,8341653
7613287325983,false,אוסם - דיפ אנד ספרד מטבל סלסה 335 גרם,דפטונה פולין,PL,רוטב סלסה לחיץ 335 מ,מטרים,335.00,100 מ'ל,false,,12.80,0.0382,true,1,8341654
7613287394323,false,דגני בוקר מולטי צ'יריוס 600 גרם,נסטלה פולין דגני בוק,GB,מולטי צ'יריוס 600 גר,גרמים,600.00,100 גרם,false,,19.90,0.0332,true,1,8329226
7613287476494,false,אוסם - דיפ אנד ספרד מיונז בסגנון צרפתי 280 גרם,נסטלה פולין,PL,אסם רוטב מיונז לחיץ,גרמים,280.00,100 גרם,false,,12.80,0.0457,true,1,8341855
7613287476678,false,דגני בוקר סינימיניס צ'ורוס נסטלה 360 ג',נסטלה אוונקה,PT,סינימיניס צ'ורוס 360,גרמים,360.00,100 גרם,false,,14.70,0.0408,true,1,8341655
7613287855640,false,סטארבקס קפסולות קפה גוואטמלה 10 יחידות,נסטלה שוויץ - קפה,CH,סטארבקס קפסולות גואט,יח',1.00,יח',false,,20.90,20.9000,true,1,8438037
7614500010013,false,טובלרון - שוקולד חלב קלאסי 100 גרם,מונדליז,,טובלרון שוקולד חלב 1,גרמים,100.00,100 גרם,false,,9.50,0.0950,true,1,8365665
7614500010617,false,טובלרון - שוקולד מריר 100 גרם,,,שוקולד טובלרון מריר,גרמים,100.00,100 גרם,false,,9.50,0.0950,true,1,8365667
7622010001858,false,עוגיות אוראו ממולאות קרם וניל 176 גרם.,פי אר ג'\יי אס אי מנדלז,UA,עוגיות אוראו ממולאות קרם,גרמים,176.00,100 גרם,false,,8.90,0.0506,true,1,2871125
7622201050757,false,שוקולד מילקה טבלת חלב עם קרמל 100 ג',מילקה Milka,DE,מילקה-שוק' חלב עם קרמל 10,גרמים,100.00,100 גרם,false,,5.90,0.0590,true,1,1099316
7622201139278,false,גבינת שמנת 27% שומן 150 ג' פילדלפיה,מיודלז אספניה פרודוק,ES,גבינת פילדלפיה 150 ג,גרמים,150.00,100 גרם,false,,11.90,0.0793,true,1,8226169
7622201401900,false,עוגיות סנסיישן אוראו מילקה 156 גרם,מונדלז פולסקה פרודקש,PL,עוגיות מילקה סנסיישן,גרמים,156.00,100 גרם,false,,10.90,0.0699,true,1,8280911
7622201500702,false,אוראו רמיקס 157 גרם דאבל קרם פטל וניל,דיפלומט,ES,אוראו רמיקס 157ג דאב,גרמים,157.00,100 גרם,false,,7.90,0.0503,true,1,8435921
7622201502515,false,עוגיות מילקה קוקי לופ שוקולד צ'יפס,גיורי קייקס קייאפטי,HU,מילקה קוקי לופ 132 ג,גרמים,132.00,100 גרם,false,,10.90,0.0826,true,1,8344084
7622201521493,false,גבינת פילדלפיה שום ועשבי תיבול 150 גרם,מיודלז אספניה פרודוק,ES,פילדלפיה שום ועשבי ת,גרמים,150.00,100 גרם,false,,11.90,0.0793,true,1,8438038
7622201801809,false,מילקה שוקולד חלב עם אגוזים 100 גרם חדש,מנדלז דויצ'\לנד סנקס פרו,DE,שוקולד חלב מילקה עם,גרמים,100.00,100 גרם,false,,5.90,0.0590,true,1,8337341
7622201802363,false,מילקה טבלת שוקולד חלב וצימוקים ואגוזים 100ג',מנדלז דויצ'\לנד סנקס פרו,DE,שוקולד מילקה חלב עם,גרמים,100.00,100 גרם,false,,5.90,0.0590,true,1,8337342
7622201802394,false,שוקולד מילקה חלב מסרונים 100 גרם,מנדלז דויצ'\לנד סנקס פרו,DE,שוקולד חלב מילקה 100,גרמים,100.00,100 גרם,false,,5.90,0.0590,true,1,8337343
7622201808631,false,אוראו מיני עוגיות ממולאות קרם וניל 67גרם,פי.טי. מונדלז אינדונ,ID,אוראו מיני כוסות טעם,יח',1.00,יח',false,,6.90,6.9000,true,1,8338856
7622201809188,false,מילקה ביסקוויט 150 גרם חדש,מונדלז פרנס ביסקוויט פרו,FR,מילקה ביסקויט 150 גר,גרמים,150.00,100 גרם,false,,10.90,0.0727,true,1,8319858
7622210078131,false,שוקולד חלב עם שבבי קרמל מילקה דיים 100 גרם,מנדלז דויצ'\לנד סנקס פרו,DE,שוקולד חלב מילקה עם,גרמים,100.00,100 גרם,false,,5.90,0.0590,true,1,4671246
7622210137234,false,עוגיות אוראו עם דאבל קרים וניל 170 גר,מונדלייז,ES,עוגיות אוראו עם דאבל,גרמים,170.00,100 גרם,false,,9.90,0.0582,true,1,3379597
7622210163899,false,שוקולד חלב במילוי סוכריות עדשים,מונדלז דויצ'לנד סנקס,DE,שוקולד מילקה ועדשים,גרמים,100.00,100 גרם,false,,5.90,0.0590,true,1,6259960
7622210453327,false,עוגיות שוקוצ'יפס במילוי שוקולד סנסיישן,מנדלז פולסקה פרודקשן,PL,מילקה סנסיישן 156 גר,גרמים,156.00,100 גרם,false,,10.90,0.0699,true,1,5383526
7622210597915,false,פרלינים לבבות שוקולד חלב ממולא קרם נוגט,מונדלז בולגריה פרודק,BG,מילקה לבבות פרלינים,גרמים,110.00,100 גרם,false,,9.90,0.0900,true,1,8264480
7622210637994,false,מיני עוגיות אוראו קראנצ'י בייטס אורגינל,מונדלז אספניה ג'לאטס,ES,אוראו ביס קראנצי אור,גרמים,110.00,100 גרם,false,,7.90,0.0718,true,1,8280912
7622210638021,false,מיני עוגיות אוראו קראנצ'י בייטס מצופים,מונדלז אספניה ג'לאטס,ES,אוראו ביס קראנצי בצי,גרמים,110.00,100 גרם,false,,7.90,0.0718,true,1,8280913
7622210690883,false,מילקה שוקולד חלב-מהדורת מונדיאל 270 גרם,מונדלייז,AT,מילקה מונדיאל - 270,גרמים,270.00,100 גרם,false,,12.90,0.0478,true,1,8475447
7622210826053,false,שוקולד מילקה אוראו סנדוויץ 92 גר',גיאורי קאקסז קייאףטי,HU,שוקולד מילקה אוראו ס,גרמים,92.00,100 גרם,false,,5.90,0.0641,true,1,8280915
7622210835338,false,אוראו עוגיות ממולאות טעם בראוניז 176 גרם,מנדלז אספנה גאלטס פר,ES,עוגיות אוראו בראוניז,גרמים,176.00,100 גרם,false,,8.90,0.0506,true,1,6259961
7622300107949,false,טובלרון חלב צימוק 100גר,,,טובלרון חלב צימוק 10,גרמים,100.00,100 גרם,false,,9.50,0.0950,true,1,8409578
7622300200237,false,שוקולד מילקה שוקולד חלב 250 גרם,מונדליז אוסטרייך פרו,AT,מילקה שוקולד חלב 250 גרם,גרמים,250.00,100 גרם,false,,12.50,0.0500,true,1,1099323
7622300270506,false,מילקה גריינס - עוגיות שיבולת שועל מצופות שוקולד 168 ג',מונדלז פולסקה פרודקש,PL,"מילקה גריינס - עוגיות ש""ש",גרמים,168.00,100 גרם,false,,10.90,0.0649,true,1,1099324
7622300489427,false,עוגיות אוראו בציפוי בטעם שוקולד לבן 246 גרם,מנדלז אספנה גאלטס פר,ES,אוראו בציפוי שוקולד,גרמים,246.00,100 גרם,false,,14.90,0.0606,true,1,6059768
7622300489434,false,עוגיות אוראו בציפוי שוקולד חלב 246 גרם,מנדלז אספנה גאלטס פר,ES,עוגיות אוראו בציפוי,גרמים,246.00,100 גרם,false,,14.90,0.0606,true,1,6059769
7622300495046,false,מילקה שוקולד חלב עם אקסטרה קקאו 100 גרם,מנדלז דויצ'\לנד סנקס פרו,DE,מילקה אקסטרה קקאו 100 גרם,גרמים,100.00,100 גרם,false,,5.90,0.0590,true,1,1099331
7622300503079,false,עוגיות ביסקוויט מצופה שוקולד חלב מילקה 200 גרם,מונדלז פולסקה פרודקש,PL,מילקה מוו 200 גרם,גרמים,200.00,100 גרם,false,,10.90,0.0545,true,1,1099333
7622300617820,false,מילקה שוקולד חלב במילוי קרם חלב ווניל ושבבי עוגיות אוראו 100 גרם,מנדלז דויצ'\לנד סנקס פרו,DE,מילקה אוראו 100 גרם,גרמים,100.00,100 גרם,false,,5.90,0.0590,true,1,1099335
7622300761363,false,אוראו מיני עוגיות ממולאות קרם שוקו 67 גר,פי.טי. מונדלז אינדונ,ID,עוג מיני אוראו קרם ש,גרמים,67.00,100 גרם,false,,6.90,0.1030,true,1,8078357
7622400005190,false,שוקולד חלב נגיעות שוקולד לבן מילקה 100 ג,מנדלז דויצ'\לנד סנקס פרו,DE,מילקה COW,גרמים,100.00,100 גרם,false,,5.90,0.0590,true,1,2708967
7630311507016,false,סטארבקס קפסולות קפה סאני דיי 10יח,נסטלה שוויץ - קפה,CH,קפסולות סטארבקס סאני,גרמים,56.00,100 גרם,false,,20.90,0.3732,true,1,8385233
7630477891592,false,סטארבקס קפסולות קפה האוס בלנד 10 יחידות,נסטלה שוויץ - קפה,CH,סטארבקס קפסולות האוס,יח',1.00,יח',false,,20.90,20.9000,true,1,8299614
7630477891615,false,סטארבקס קפסולות קפה סומטרה 10 יחידות,נסטלה שוויץ - קפה,CH,סטארבקס קפסולות סומט,יח',1.00,יח',false,,20.90,20.9000,true,1,8299615
7630477891639,false,סטארבקס קפסולות קפה ורונה 10 יחידות,נסטלה שוויץ - קפה,CH,סטארבקס קפסולות ורונ,יח',1.00,יח',false,,20.90,20.9000,true,1,8299616
7630477891653,false,סטארבקס קפסולות קפה אספרסו נטול 10 יחידו,נסטלה שוויץ - קפה,CH,סטארבקס קפסולות אספר,יח',1.00,יח',false,,20.90,20.9000,true,1,8299617
7630477891677,false,סטארבקס קפסולות קפה פייק פלייס 10 יחידות,נסטלה שוויץ - קפה,CH,סטארבקס קפסולות פייק,יח',1.00,יח',false,,20.90,20.9000,true,1,8299618
7630477891691,false,סטארבקס קפסולות קפה קולמביה 10 יחידות,נסטלה שוויץ - קפה,CH,סטארבקס קפסולות קולו,יח',1.00,יח',false,,20.90,20.9000,true,1,8299619
7630477891714,false,סטארבקס קפסולות קפה אספרסו 10 יחידות,נסטלה שוויץ - קפה,CH,סטארבקס קפסולות אספר,יח',1.00,יח',false,,20.90,20.9000,true,1,8299620
7630477891738,false,סטארבקס קפסולות קפה אספרסו בלונד 10 יחיד,נסטלה שוויץ - קפה,CH,סטארבקס קפסולות אספר,יח',1.00,יח',false,,20.90,20.9000,true,1,8299621
7638900426946,false,סוללות מקס אלקליין 1X AA,,CN,סוללות מקס AA 1*10,יחידה,0.00,יחידה,false,,24.90,0.0000,true,1,8489196
7702018271788,false,"דאודורנט קליר ג'ילט בניחוח ספורט 70 מ""ל",פרוקטר אנד גמבל,PL,דאודורנט קליר ג'ילט,מטרים,70.00,100 מ'ל,false,,14.90,0.2129,true,1,1107258
7702018978120,false,"ג'ילט - דאודורנט ג'ל לגבר קול וייב 70 מ""ל",פרוקטר אנד גמבל,PL,דאודורנט קליר ג'ילט,מטרים,70.00,100 מ'ל,false,,14.90,0.2129,true,1,1107291
7702024074625,false,פיטנס - חטיפי קרקר חיטה מלאה 234 גרם,קומסטיבלס לה רוזה אס.איי,CO,פיטנס חטיפי קרקר חיט,גרמים,234.00,100 גרם,false,,11.90,0.0509,true,1,6746640
7702024258322,false,"חטיפי קרקר עם חיטה מלאה, צ'יה וזרעי פשתן פיטנס",נסטלה Nestle,CO,פיטנס חטיפי קרקר צ'י,גרמים,234.00,100 גרם,false,,11.90,0.0509,true,1,8269561
7702174066631,false,לקקן יוגטה פין פופ במילוי מסטיק 170 גר,הדקלאים אגודת שיתופי,EC,סוכריות בטעמי פירות,גרמים,170.00,100 גרם,false,,7.90,0.0465,true,1,1099768
7702174068826,false,יוגטה מבחר סוכריות לקקן קשות ממולאות טופי בטעמי יוגורט ופירות 204 גרם,יוגטה yogueta,CO,לקקן יוגטה עם סוכריי,גרמים,216.00,100 גרם,false,,8.90,0.0412,true,1,1099774
7702174068833,false,יוגטה סוכריות קשות על מקל ממולאות טופי בטעמי גלידת פירות 12 יח' 204 גרם,ליימן שליסל,CO,לקקן בטעם גלידה יוגט,גרמים,216.00,100 גרם,false,,8.90,0.0412,true,1,1099775
7702174070201,false,יוגטה לקקן בטעם מסטיק ממולא טופי בטעם תות 12 יח' 204 גרם,ליימן שליסל,CO,לקקן יוגטה 216 ג,גרמים,216.00,100 גרם,false,,8.90,0.0412,true,1,1099778
7702174073783,false,סוכריות על מקל בטעם קולה במילוי גומי לעיסה,הדקלאים אגודת שיתופי,CO,סוכריות לקקן בטעמי פ,גרמים,170.00,100 גרם,false,,7.90,0.0465,true,1,2788861
7702174073844,false,לקקן יוגטה פין פופ פירות 48 יח 672 גרם,הדקלאים אגודת שיתופי,CO,סוכריות פין פופ פירו,גרמים,672.00,100 גרם,false,,19.90,0.0296,true,1,2789432
7777272500288,false,דבק סטיק 15 גרם,,,דבק סטיק 15 גרם,יח',1.00,יח',false,,1.00,1.0000,true,1,7686131
7777272500493,false,טושים עם חותמת,,,טושים עם חותמת,יח',1.00,יח',false,,14.90,14.9000,true,1,7686136
7777272500585,false,חמישיית עפרונות מכניים 0.5,,,חמישיית עפרונות מכני,יח',1.00,יח',false,,9.90,9.9000,true,1,7686097
7777272500622,false,טושים צבעונים,,,טושים צבעונים,יח',1.00,יח',false,,12.90,12.9000,true,1,7686167
7777272500752,false,זוג מחקים,,,זוג מחקים,יח',1.00,יח',false,,3.90,3.9000,true,1,7677588
7777555502169,false,קופסת אחסון מלבנית ב,,,קופסת אחסון מלבנית ב,יח',1.00,יח',false,,12.00,12.0000,true,1,1111691
7777555503272,false,כוס מלמין,,,כוס מלמין,יח',1.00,יח',false,,6.00,6.0000,true,1,1111770
7777555503838,false,מתלה כביסה אירופה,,,*מבצע* מתלה כביסה אי,יח',1.00,יח',false,,49.90,49.9000,true,1,1111817
7777555504101,false,מטרייה קפיצית משופרת,,,מטרייה קפיצית משופרת,יח',1.00,יח',false,,14.90,14.9000,true,1,1111835
7777555506761,false,"מייבש כלים מעוצב רמי לוי 48*38 ס""מ",,,מייבש כלים מעוצב רמי,יח',1.00,יח',false,,9.90,9.9000,true,1,1112059
7777555507836,false,"מסננת ידית ברזל 15 ס""מ",דגש,,מסננת ידית ברזל 15 ס,יח',1.00,יח',false,,12.00,12.0000,true,1,1128226
7777555508109,false,מארז סיכות ביטחון,,,מארז סיכות ביטחון,יח',1.00,יח',false,,5.90,5.9000,true,1,1128231
7777555509625,false,מברשת לניקוי איכותית,,IT,מברשת לניקוי איכותית,יח',1.00,יח',false,,14.90,14.9000,true,1,2674959
7777555509816,false,קערת פלסטיק פרחונית,,,קערת פלסטיק פרחונית,יח',1.00,יח',false,,8.00,8.0000,true,1,2713919
7777555510409,false,משקפי ראיה מעוצבות,,,משקפי ראיה מעוצבות,יח',1.00,יח',false,,12.90,12.9000,true,1,2795206
7777555510799,false,זוג דבק 3 שניות חזק במיוחד כ-3 גרם ליחידה (פ=24),,,זוג דבק 3 שניות חזק,יח',1.00,יח',false,,5.90,5.9000,true,1,2815290
7777555510836,false,סט 3 קופסאות אחסון,,,סט 3 קופסאות אחסון,יח',1.00,יח',false,,29.90,29.9000,true,1,2863345
7777555510898,false,קרש חיתוך זכוכית,,,קרש חיתוך זכוכית,יח',1.00,יח',false,,19.90,19.9000,true,1,2849598
7777555514186,false,שקית זילוף,,,שקית זילוף,יח',1.00,יח',false,,19.90,19.9000,true,1,6054902
7777555514230,false,קרחום לצדנית,,,קרחום לצדנית,יח',1.00,יח',false,,9.90,9.9000,true,1,6110739
7777555514803,false,שירותון אתרוג מהודר,,,שירותון אתרוג מהודר,יח',1.00,יח',false,,39.90,39.9000,true,1,7147246
7777555514940,false,מטאטא גולד,,,מטאטא גולד,יח',1.00,יח',false,,29.90,29.9000,true,1,7147257
7777555515077,false,מסננת סיליקון,,,מסננת סיליקון,יח',1.00,יח',false,,19.90,19.9000,true,1,7539969
7777555515190,false,מצקת,,,מצקת,יח',1.00,יח',false,,14.90,14.9000,true,1,7540037
7777555515251,false,מברג רב תכליתי (פ=12),,,מברג רב תכליתי,יח',1.00,יח',false,,19.90,19.9000,true,1,7540043
7777555515275,false,כבל ל-iPhone,,,כבל ל-iPhone,יח',1.00,יח',false,,9.90,9.9000,true,1,7829162
7777555515299,false,כבל טעינה Type-C,,,כבל טעינה Type-C,יח',1.00,יח',false,,9.90,9.9000,true,1,7829163
7777555515503,false,מגרדת רב שימושית,,,מגרדת רב שימושית,יח',1.00,יח',false,,19.90,19.9000,true,1,8274554
7777555515541,false,מטרייה ידיית הליכה,,,מטרייה ידיית הליכה,יח',1.00,יח',false,,29.90,29.9000,true,1,8274558
7777555515572,false,מטריית איכותית ענקית,,,מטריית איכותית ענקית,יח',1.00,יח',false,,39.90,39.9000,true,1,8274561
7777555515589,false,"מסננת ידית ברזל 10 ס""מ",,,מסננת ידית ברזל 10 ס,יח',1.00,יח',false,,9.90,9.9000,true,1,8292558
7777886600152,false,פצירה מקצועית,,,פצירה מקצועית,יח',1.00,יח',false,,9.90,9.9000,true,1,1112458
7777886600312,false,מצע למקרר וארונות,,,מצע למקרר וארונות,יח',1.00,יח',false,,9.90,9.9000,true,1,1128234
7777886600572,false,סכומון מעוצב גדול,,,סכומון מעוצב גדול,יח',1.00,יח',false,,20.00,20.0000,true,1,1128260
7777886600695,false,מברשת שירותים,,,מברשת שירותים,יח',1.00,יח',false,,10.00,10.0000,true,1,1128272
7777886600732,false,קליפסים ארוכים לשקיו,,,קליפסים ארוכים לשקיו,יח',1.00,יח',false,,6.90,6.9000,true,1,2603642
7777886602026,false,כותש שום,,,כותש שום,יח',1.00,יח',false,,19.90,19.9000,true,1,2603677
7777886602316,false,מטאטא בראבה,,,מטאטא בראבה,יח',1.00,יח',false,,14.90,14.9000,true,1,2652088
7777886602347,false,מטאטא פיורנטינה,,,מטאטא פיורנטינה,יח',1.00,יח',false,,24.90,24.9000,true,1,2652091
7777886602354,false,מטאטא בלונדה,,,מטאטא בלונדה,יח',1.00,יח',false,,19.90,19.9000,true,1,2652092
7777886602361,false,יעה+ מברשת,,,יעה+ מברשת,יח',1.00,יח',false,,14.90,14.9000,true,1,2652093
7777886602415,false,מטאטא פרינסס,,,מטאטא פרינסס,יח',1.00,יח',false,,29.90,29.9000,true,1,2652098
7777886602644,false,מטאטא פרימיולה,,,מטאטא פרימיולה,יח',1.00,יח',false,,24.90,24.9000,true,1,2668560
7777886602804,false,גומיות משרדיות כ-350,,,גומיות משרדיות כ-350,יח',1.00,יח',false,,7.90,7.9000,true,1,2692508
7777886602972,false,סט קולבים מעץ איכותי,,,סט קולבים מעץ איכותי,יח',1.00,יח',false,,7.90,7.9000,true,1,2707716
7777886603573,false,"פחמים 2 ק""ג רמי לוי",,,"פחמים 2 ק""ג רמי לוי",קילוגרמים,2.00,"ק""ג",false,,10.90,5.4500,true,1,2772827
7777886603832,false,"קרש חיתוך מעוצב 36*25 ס""מ",,,קרש חיתוך מעוצב 36*2,יח',1.00,יח',false,,19.90,19.9000,true,1,2823674
7777886605263,false,כיסוי אונברסלי איכותי לשולחן גיהוץ,,,כיסוי אונברסלי איכות,יח',1.00,יח',false,,39.90,39.9000,true,1,8214815
7777886605607,false,קנקנן הגשה תרמי,,,*מבצע* קנקנן הגשה תר,יח',1.00,יח',false,,24.90,24.9000,true,1,8278899
7777886605621,false,תרמוס TOP 1.8 L,,,תרמוס TOP 1.8 L,יח',1.00,יח',false,,39.90,39.9000,true,1,8278901
7777886605638,false,תרמוס 1L CLASSIC,,,תרמוס 1L CLASSIC,יח',1.00,יח',false,,19.90,19.9000,true,1,8278902
7777886605768,false,יעה פס גומי,,,יעה פס גומי,יח',1.00,יח',false,,5.00,5.0000,true,1,8292563
7777886606048,false,מתלה ליבוש גרביים /תחתונים,,,מתלה ליבוש גרביים /ת,יח',1.00,יח',false,,19.90,19.9000,true,1,8292609
7777886700289,false,סט צלחת מחולקת דובי,,,סט צלחת מחולקת דובי,יח',1.00,יח',false,,7.90,7.9000,true,1,8310052
7777886700296,false,סט קערות קש פסטל,,,סט קערות קש פסטל,יח',1.00,יח',false,,9.90,9.9000,true,1,8310746
7777887755554,false,סט סכינים רב שימושיות רמי לוי,,,סט סכינים רב שימושיו,יח',1.00,יח',false,,19.90,19.9000,true,1,2668564
7777999910247,false,קערת נירוסטה 26CC,דגש,,קערת נירוסטה 26CC,יח',1.00,יח',false,,20.00,20.0000,true,1,1112729
7778999900948,false,כלי בית כללי,,,כלי בית כללי,יח',1.00,יח',false,,14.90,14.9000,true,1,1112901
7790040420076,false,מיני אלפחורס בון בון 117 גר,ארקור,AR,מיני אלפחורס בון בון,גרמים,117.00,100 גרם,false,,8.90,0.0761,true,1,8285987
7790580108489,false,ממרח בוטנים בון בון 290 גרם,ארקור,AR,בון בון ממרח בוטנים,גרמים,290.00,100 גרם,false,,9.90,0.0341,true,1,8352356
7790580109646,false,"וופל בון בון, 45 גרם",,,וופל בון בון 45 גר,גרמים,45.00,100 גרם,false,,2.90,0.0644,true,1,8384844
7790580316013,false,סוכריות טופי חלב 483 גר מהדרין,,IL,סוכריות טופי חלב 483,גרמים,483.00,100 גרם,false,,16.90,0.0350,true,1,4821514
7790580412654,false,מארז בון בון צהוב 270 גרם,ארקור,MX,בונבון צהוב 270 גר,גרמים,270.00,100 גרם,false,,15.90,0.0589,true,1,7216316
7791875005353,false,ריבת חלב הוואנה דוצה דה לצה 450 גרם,מיגה פוד קומרס,ES,ריבת חלב הוואנה דולצ,גרמים,450.00,6 גרם,false,,18.70,0.0416,true,1,8343863
7792860006218,false,סוכריות לקקנים בייבי דול Baby Doll לריטר,גוד פוד פרודקטס S.p,AR,בייבי דול סוכרית לקק,גרמים,24.00,100 גרם,false,,2.00,0.0833,true,1,1095111
7804414000877,false,יין מרלו דון חוליו ה,צ'ילה לואיס פיליפה אדוארדס,CL,דון חוליו מרלו כשר,מיליליטרים,750.00,"100 מ""ל",false,,26.90,0.0359,true,1,1100557
7804414000884,false,"דון חוליו שרדונה 750 מ""ל",צ'ילה לואיס פיליפה אדוארדס,CL,דון חוליו שרדונה כשר,מיליליטרים,750.00,"100 מ""ל",false,,26.90,0.0359,true,1,1100558
7804414001614,false,"דון חוליו שיראז 750 מ""ל",צ'ילה לואיס פיליפה אדוארדס,CL,דון חוליו שירז כשר,מיליליטרים,750.00,"100 מ""ל",false,,26.90,0.0359,true,1,1100559
7804414012344,false,דון חוליו סוביניון בלאן,צ'ילה לואיס פיליפה א,CL,דון חוליו סוביניון ב,מיליליטרים,750.00,"100 מ""ל",false,,26.90,0.0359,true,1,4471155
7804414012351,false,יין אדום יבש מלבק דו,צ'ילה לואיס פיליפה א,CL,דון חוליו מלבק,מיליליטרים,750.00,"100 מ""ל",false,,26.90,0.0359,true,1,4471156
7804414017110,false,דון חוליו פינו נואר כשר,צ'ילה לואיס פיליפה א,,דון חוליו פינו נואר,מיליליטרים,750.00,"100 מ""ל",false,,31.90,0.0425,true,1,8222271
7804653980107,false,אוכמניות יחידה,BERRY BEST EXPORTADORA,CL,אוכמניות,יח',1.00,יח',false,,11.90,11.9000,true,1,8488108
7804667480082,false,אוכמניות טריות יחידה,אראל תוצרת חקלאית בע,CL,אוכמניות בקופסא,יח',1.00,יח',false,,11.90,11.9000,true,1,8376243
7891024030974,false,"קולגייט משחת שיניים טריפל אקשן 75 מ""ל",הנסיך- מפעל לייצור ט,BR,קולגייט טריפל אקשן 7,מטרים,75.00,100 מ'ל,false,,5.90,0.0787,true,1,2824447
7891024130063,false,"קולגייט מי פה פלאקס ללא אלכוהול 500 מ""ל מהדרין",קולגייט- פלמוליב,BR,מי פה פלאקס סופט מינ,מיליליטרים,500.00,"100 מ""ל",false,,24.90,0.0498,true,1,1089286
8000070003774,false,קפסולות אספרסו לוואצה אינטנסו 13 16 יח,לואיג'י לוואצה,IT,לוואצ'ה אינטנסו 13 A,יחידה,0.00,יחידה,false,,28.90,0.0000,true,1,8487182
8000070003811,false,קפסולות אספרסו לוואצה פסיונלה 11 16 יח,לואיג'י לוואצה,IT,לוואצ'ה פסיונלה 11 A,יחידה,0.00,יחידה,false,,28.90,0.0000,true,1,8484705
8000070035980,false,קפה לוואצה קלוי וטחון חוזק 5 רוסה 250 גר,לווצה טורינו,IT,קפה לוואצה רוסה 250ג,גרמים,250.00,100 גרם,false,,29.90,0.1196,true,1,1102521
8000070038868,false,קפה לוואצה קלוי וטחון חוזק 8 קלאסיקו 250 גר,לאוג'י לוואצה אס.פי.אי,IT,קפה קרמה גוסטו לוואצ,גרמים,250.00,100 גרם,false,,28.90,0.1156,true,1,1102522
8000113003402,false,"קמח תירס בוואקום ניקולי 1 ק""ג",מולינו ניקולי אס.פי.,IT,"קמח תירס 1 ק""ג",100 לקג,1.00,100 לקג,false,,15.90,15.9000,true,1,1085054
8000215204219,false,משקה אורז אורגני נטורפוד,בטר אנד דיפרנט,IT,משקה אורז אורגני ללא,ליטרים,1.00,ליטר,false,,12.70,12.7000,true,1,5492747
8000215204240,false,ויטאריז משקה שקדים ואורז אורגני 1 ליטר,בטר אנד דיפרנט,IT,משקה שקדים ואורז אור,ליטרים,1.00,ליטר,false,,12.70,12.7000,true,1,5492749
8000215204653,false,משקה סויה אורגני 1ליטר,בטר אנד דיפרנט,IT,ויטסי משקה סויה 1 לי,מטרים,1000.00,100 מ'ל,false,,10.90,0.0109,true,1,7985580
8000215204677,false,ויטריז - משקה שיבולת שועל בריסטה אורגני,בטר אנד דיפרנט,IT,ויטריז משקה שיבולת ש,ליטרים,1.00,ליטר,false,,12.70,12.7000,true,1,8374805
8000215204714,false,משקה שיבולת שועל אורגני 1 ליטר PRIMAVENA,בטר אנד דיפרנט,IT,משקה שבולת שועל אורג,ליטרים,1.00,ליטר,false,,12.70,12.7000,true,1,5492755
8000380003723,false,וופל אגוזים בציפוי שוקולד לואקר 100 גרם,קריניציה ויטמינה אס,IT,וופל אגוזים בציפוי ש,גרמים,100.00,100 גרם,false,,11.70,0.1170,true,1,1099781
8000380003754,false,וופל גראן פטיסרי Gran Pasticceria קפוצ'ינו,"כד בני דרום בע""מ",IT,לואקר גרנד פטיסרי קפ,גרמים,100.00,100 גרם,false,,11.70,0.1170,true,1,7328829
8000380003761,false,וופל גרנד פטיסרי שוקולד וקוקוס לואקר 100 גרם,קריניציה ויטמינה אס,IT,וופל גרנד פטיסרי שוק,גרמים,100.00,100 גרם,false,,11.70,0.1170,true,1,1099782
8000380004669,false,וופל לואקר סנדוויץ קוביות ושוקולד 200ג',"א. לואקר, קונפקט ג'י",AT,וופל סנדוויץ' קקאו ל,גרמים,200.00,100 גרם,false,,11.90,0.0595,true,1,1099784
8000380004676,false,קוביות וופל סנדוויץ Sandwich עם וניל וחלב,"א. לואקר, קונפקט ג'י",AT,קוביות וופל קרם וניל,גרמים,200.00,100 גרם,false,,11.90,0.0595,true,1,1099785
8000380004881,false,וופל קוארדטיני לואקר קוביות טרמיסו 220ג',קריניציה ויטמינה אס,IT,קוביות וופל טירמיסו,גרמים,220.00,100 גרם,false,,13.90,0.0632,true,1,1099787
8000380004911,false,קוביות וופל קואדרטיני Quadratini קרם אגוזים,קריניציה ויטמינה אס,AT,וופל קואדרטיני אגוזי,גרמים,250.00,100 גרם,false,,13.90,0.0556,true,1,1099788
8000380004942,false,וופל לואקר קוארדטיני קוביות ווניל 250ג',ליימן מותגים,AT,קוביות וופל בטעם וני,גרמים,250.00,100 גרם,false,,13.90,0.0556,true,1,1099789
8000380004966,false,וופל קוארדטיני לואקר קוביות שוקולד 250ג',קריניציה ויטמינה אס,AT,קוביות וופל בטעם קקא,גרמים,250.00,100 גרם,false,,13.90,0.0556,true,1,1099790
8000380007219,false,וופלים בטעם אגוזים לואקר 175 גרם,ליימן מותגים,AT,וופל בטעם אגוזים לוא,גרמים,175.00,100 גרם,false,,10.80,0.0617,true,1,1099794
8000380007257,false,וופל גרדנה אגוזים לואקר 200 גרם,קריניציה ויטמינה אס,IT,וופל בטעם אגוזים לוא,גרמים,200.00,100 גרם,false,,13.70,0.0685,true,1,1099795
8000380007264,false,וופלים בטעם קקאו לואקר 175 גרם,קריניציה ויטמינה אס,AT,וופל בטעם קקאו לואקר,גרמים,175.00,100 גרם,false,,10.80,0.0617,true,1,1099796
8000380007271,false,וופל במילוי קרם חלב לואקר 175 גרם,ליימן מותגים,AT,וופל במילוי קרם חלב,גרמים,175.00,100 גרם,false,,10.80,0.0617,true,1,1099797
8000380106028,false,טורטינה לואקר וופל שוקולד ואגוזים שישיה 125ג',קריניציה ויטמינה אס,IT,טורטינה לואקר 125 גר,גרמים,125.00,100 גרם,false,,15.50,0.1240,true,1,1099798
8000380148035,false,וופל אגוזי לוג שוקולד מריר גראן פטיסרי Gran Pasticceria,קריניציה ויטמינה אס,IT,וופל בציפוי שוקולד מ,גרמים,100.00,100 גרם,false,,11.70,0.1170,true,1,1099804
8000380153534,false,מארז וופל שוקולד טורטינה Tortina שוקולד לבן,א. לואקר אס. פי. אי-אי.,IT,טורטינה וויט שישיה 1,גרמים,125.00,100 גרם,false,,15.50,0.1240,true,1,1099818
8000380156849,false,שוקולד מריר במילוי קרם קקאו וופל לואקר 87 גרם,ליימן מותגים,IT,שוקולד לואקר מריר 87,יח',1.00,יח',false,,6.70,6.7000,true,1,2661293
8000380180721,false,לואקר וופל קקאו במילוי קרם חלבי 175 גר,קריניציה ויטמינה אס,AT,לואקר קלאסיק 175 גר,גרמים,175.00,100 גרם,false,,10.80,0.0617,true,1,2885622
8000380180745,false,וופל קוביות קקאו במילוי קרם חלב לואקר 250 גרם,"א. לואקר, קונפקט ג'י",AT,קואדרטיני שוקו חלב 2,גרמים,250.00,100 גרם,false,,13.90,0.0556,true,1,2885623
8000380180837,false,וופל גרנד פטיסרי קוקוס לבן מצופה שוקולד לבן לואקר 100 גרם,"אינסטנטה בע""מ",IT,גרנד פטיסרי קרם קוקו,גרמים,100.00,100 גרם,false,,11.70,0.1170,true,1,3430826
8000380184644,false,לואקר מיניס טעמים שונים 150 גרם,ליימן מותגים,,לואקר מיניס בטעמים ש,100 קרטון,150.00,100 קרטון,false,,13.90,0.0927,true,1,7445982
8000380187119,false,עוגיות במילוי קרם אגוזי לוז לואקר 100 גר,לואקר Loacker,AT,עוגיות אגוזי לוז 100,גרמים,100.00,100 גרם,false,,13.90,0.1390,true,1,8275644
8000380187300,false,עוגיות חמאה עם שוקולד חלב לואקר 120 גר,לואקר Loacker,AT,עוגיות פתיתי שלג 120,גרמים,120.00,100 גרם,false,,13.90,0.1158,true,1,8275863
8000380192151,false,טורטינה טריפל שוקולד מריר לואקר 125 גרם,א. לואקר אס. פי. אי-אי.,IT,טורטינה טריפל 125 גר,גרמים,125.00,100 גרם,false,,15.50,0.1240,true,1,7927783
8000380192199,false,וופל לואקר דאבל שוקולד 175 גרם,ליימן מותגים,AT,לואקר דאבל שוקולד 17,גרמים,175.00,100 גרם,false,,10.80,0.0617,true,1,7381285
8000380192243,false,וופלים לואקר מקסי בטעם אגוז 200 גר',לואקר Loacker,AT,לואקר מקסי טעם אגוז,גרמים,200.00,100 גרם,false,,11.90,0.0595,true,1,7262283
8000380192250,false,וופלים לואקר מקסי בטעם שוקולד 200 גר',לואקר Loacker,AT,לואקר מקסי טעם שוקול,גרמים,200.00,100 גרם,false,,11.90,0.0595,true,1,7262284
8000380192588,false,וופלים קואדרטיני דאבל שוקולד לואקר 250 גרם,קריניציה ויטמינה אס,AT,וופל קואדרטיני דאבל,גרמים,250.00,100 גרם,false,,13.90,0.0556,true,1,7512593
8000380198221,false,"וופל לואקר מקסי דאבל שוקולד 200 גרם בד""צ",לואקר Loacker,AT,לואקר מקסי טעם אגוז,גרמים,200.00,100 גרם,false,,11.90,0.0595,true,1,8243824
8000380205400,false,וופלים קואדרטיני חמאת בוטנים לואקר 250 גרם,ליימן מותגים,AT,לואקר גרדנה חמאת בוט,גרמים,250.00,100 גרם,false,,13.90,0.0556,true,1,8403564
8000380206896,false,וופל גרדנה חמאת בוטנים לואקר 200 גרם,ליימן מותגים,IT,לואקר גרדנה חמאת בוט,גרמים,200.00,100 גרם,false,,13.70,0.0685,true,1,8403566
8000380207183,false,שוקולד לואקר טורטינה חמאת בוטנים 126 גר,ליימן מותגים,IT,לואקר טורטינה חמאת ב,גרמים,150.00,100 גרם,false,,15.50,0.1033,true,1,8403567
8000392050074,false,כרית קירצוף מסיליקון,,,כרית מהפכנית,יח',1.00,יח',false,,9.90,9.9000,true,1,8283308
8000392503310,false,מטאטא סיליקון VIVIAN המקורי,,CN,מטאטא סיליקון VIVIAN,יח',1.00,יח',false,,79.90,79.9000,true,1,2744362
8000392900010,false,"מגב אייפל מסיליקון 45 ס""מ + מקל",מ.א. ייצור ויבוא מטליות,IL,מגב אייפל סיליקון פט,יח',1.00,יח',false,,54.90,54.9000,true,1,2744363
8000392900027,false,מגב חלון פרימיום ליוויתן,,IT,מגב חלון פרימיום ליו,יח',1.00,יח',false,,20.00,20.0000,true,1,2666214
8000500009673,false,בונבונרייה פררו רושר 300 גרם,פררו - אלבה,IT,בונבוניירת פררו רושה,גרמים,300.00,100 גרם,false,,43.90,0.1463,true,1,1099823
8000500023624,false,חטיפי הפי היפו Happy Hippo במילוי קרם חלב וקקאו,פררו - אלבה,IT,חטיף הפי היפו קינדר,גרמים,100.00,100 גרם,false,,11.50,0.1150,true,1,1099824
8000500023976,false,בונבוניירת רפאלו פררו 150 גרם,פררו - אלבה,PL,בונבוניירת רפאלו פרר,גרמים,150.00,100 גרם,false,,14.90,0.0993,true,1,1099825
8000500026731,false,שוקולד ביצי הפתעה קינדר שלישייה,פררו אס.פי.אי,IT,קינדר ביצת הפתעה שלי,גרמים,114.00,100 גרם,false,,14.70,0.1289,true,1,2759246
8000500028124,false,קינדר גוי ביצת הפתעה מארז שלישיה,ליימן שליסל,ZA,ג'וי ביצת שוקולד קינ,יחידה,0.00,יחידה,false,,14.70,0.0000,true,1,1099826
8000500029350,false,מארז וופל מצופה 3יח' *43 גרם קינדר בואנו,פררו - אלבה,PL,שוקולד קינדר בואנו ש,גרמים,129.00,100 גרם,false,,10.50,0.0814,true,1,1099827
8000500037874,false,בונבונרייה פררו רושר 200 גרם,פררו - אלבה,IT,בונבוניירת פררו רושה,גרמים,200.00,100 גרם,false,,22.90,0.1145,true,1,1099830
8000500071083,false,אצבעות שוקולד קינדר Kinder שש עשרה יחידות,פררו - אלבה,IT,אצבעות קינדר שוקולד,גרמים,200.00,100 גרם,false,,11.90,0.0595,true,1,1099833
8000500121436,false,מארז קינדר בואנו Kinder Bueno לבן שלוש יחידות,פררו - אלבה,PL,קינדר בואנו לבן שליש,גרמים,117.00,100 גרם,false,,10.50,0.0897,true,1,1099835
8000500172810,false,סוכריות בטעם תות שדה מנטה- מארז רביעייה,פררו - אלבה,EC,טיק טק רביעייה תות ש,גרמים,16.00,100 גרם,false,,9.90,0.6188,true,1,2616494
8000500247150,false,פררו רושה קולקשיין קוקוס מילוי קרם ושקד שלם 172ג',פררו,DE,פררו קוליקשיין 172 ג,גרמים,172.00,100 גרם,false,,24.70,0.1436,true,1,6050373
8000500267103,false,קינדר דליס עוגת ספוג קקאו במילוי חלבי*10,קינדר Kinder,IT,קינדר דליס מארז עשיר,גרמים,390.00,100 גרם,false,,18.90,0.0485,true,1,6758721
8000500269169,false,קינדר קארדס Kinder Cards - חמישייה,קריות זול,IT,קינדר בצורת קלפים 12,גרמים,128.00,100 גרם,false,,12.90,0.1008,true,1,8439886
8000500294345,false,רושר איש שלג שוקולד חלב ואגוזי לוז 90 גר,פררו,PL,רושר איש שלג,יח',1.00,יח',false,,13.90,13.9000,true,1,8096067
8000500310397,false,נוטלה עוגיות נוטלה בגליל 12יח' - NUTELLA BISCUITTS,נוטלה Nutella,IT,נוטלה ביסקוויט גליל,גרמים,166.00,100 גרם,false,,12.90,0.0777,true,1,8475452
8000500353738,false,רביעיה סוכריות בטעם מנטה חזק 4 * 16 ג' טחק טק,פררו,ZA,טיק טק מנטה חזק 64 ג,גרמים,64.00,100 גרם,false,,9.90,0.1547,true,1,8285989
8000500366073,false,נוטלה עוגיות נוטלה בשקית 20 יח'- NUTELLA BISCUITTS,נוטלה Nutella,IT,נוטלה ביסקוויט שקית,גרמים,276.00,100 גרם,false,,18.90,0.0685,true,1,8475453
8000500386941,false,"ממרח קקאו עם אגוזי לוז, 900 גרם",קדבורי,IT,נוטלה 900 גר,גרמים,900.00,100 גרם,false,,27.90,0.0310,true,1,8400141
8001003100218,false,סוכריות יוגטה ג'לי פירות 800 גר',תות ממתקי איכות,IT,סוכריות ג'לי פירות 8,גרמים,800.00,100 גרם,false,,15.90,0.0199,true,1,1099841
8001003202035,false,סוכריות ג'לי בטעם פירות יוגטה 80 גרם,יוגטה,IT,יוגטה סוכריות ג'לי ט,יח',1.00,יח',false,,4.30,4.3000,true,1,8403569
8001010062844,false,"פונטי חומץ בלסמי כשר 500 מ""ל",מודנצטי ויה פראדה,IT,פונטי חומץ בלסמי כשר,מטרים,500.00,100 מ'ל,false,,16.90,0.0338,true,1,8463942
8001090016003,false,"טבליות למדיח פיירי 84 יחידות בד""צ",פרוקטר אנד גמבל,BE,פיירי טבליות למדיח 8,קילוגרמים,1.14,"ק""ג",false,,42.90,37.6316,true,1,3844893
8001090033512,false,"טייד אבקת כביסה קולור 8 ק""ג",פרוקטור אנד גמבל,TR,אבקת כביסה טייד קולו,קילוגרמים,8.00,"ק""ג",false,,41.90,5.2375,true,1,3151050
8001090156839,false,פמפרס בייבי דריי מידה 4 86 יח,פרוקטר & גמבל,TR,פמפרס בייבי דריי מיד,יח',1.00,יח',false,,64.90,64.9000,true,1,8383537
8001090184375,false,"פיירי נוזל לניקוי כלים קלאסי שקוף, 900 מ""ל",פרוקטר אנד גמבל,GB,נוזל כלים פיירי אורג,מטרים,900.00,100 מ'ל,false,,11.90,0.0132,true,1,8412214
8001090222428,false,"הרבל אסנסס - שמפו חלב קוקוס 400 מ""ל",הרבל אסנס Herbal Essences,FR,הרבל אסנסס שמפו חלב,מיליליטרים,400.00,"100 מ""ל",false,,14.90,0.0373,true,1,7656203
8001090222725,false,"הרבל אסנסס - שמפו שמן מורינגה 400 מ""ל",הרבל אסנס Herbal Essences,FR,הרבל אסנסס שמפו שמן,מיליליטרים,400.00,"100 מ""ל",false,,14.90,0.0373,true,1,7656207
8001090222756,false,"הרבל אסנסס - מרכך שמן מורינגה 400 מ""ל",הרבל אסנס Herbal Essences,FR,הרבל אסנסס מרכך שמן,יח',1.00,יח',false,,14.90,14.9000,true,1,7656208
8001090268679,false,פמפרס בייבי דריי מידה 3 100 יח,פרוקטר & גמבל,TR,פמפרס בייבי דריי מיד,יח',1.00,יח',false,,64.90,64.9000,true,1,8383538
8001090316103,false,קפסולות לכתמים קשים 45 יח' אריאל,דיפלומט,FR,אריאל קפסולות לכביסה,יח',1.00,יח',false,,54.90,54.9000,true,1,8427343
8001090336354,false,פמפרס בייבי דריי חיתולים מידה 2 46 יח,פרוקטר אנד גמבל,DE,חיתולי פמפרס בייבי ד,יח',1.00,יח',false,,29.90,29.9000,true,1,8176366
8001090368553,false,פמפרס בייבי דריי מידה 6 68 יח,פרוקטר & גמבל,TR,פמפרס בייבי דריי מיד,יח',1.00,יח',false,,64.90,64.9000,true,1,8383539
8001090375186,false,"פנטן מרכך מרוכז לצבע מלא חיים 200 מ""ל",פרוקטר אנד גמבל,FR,פנטן מרכך מרוכז 200,מיליליטרים,200.00,"100 מ""ל",false,,14.90,0.0745,true,1,5721118
8001090375230,false,"פנטן מרכך מרוכז 200 מ""ל לחות מוגברת",פרוקטר אנד גמבל,FR,פנטן מרכך מרוכז 200,מיליליטרים,200.00,"100 מ""ל",false,,14.90,0.0745,true,1,5721119
8001090377487,false,מסכה לשיער פנטן לחות מוגברת 300 מל,פרוקטר אנד גמבל,RO,פנטן מסכה לחות מוגבר,מיליליטרים,300.00,"100 מ""ל",false,,34.90,0.1163,true,1,6114702
8001090377531,false,"מסכה לשיער פנטן לצבע מלא חיים 300 מ""ל",פרוקטר אנד גמבל,RO,פנטן מסכה לצבע מלא ח,מיליליטרים,300.00,"100 מ""ל",false,,34.90,0.1163,true,1,6114703
8001090379337,false,פמפרס פרימיום קר חיתולים שלב 3 40 יח VP,פרוקטר אנד גמבל,PL,חיתולי פמפרס פרימיום,יח',40.00,יח',false,,29.90,0.7475,true,1,5441769
8001090379368,false,פמפרס פרימיום קר חיתולים שלב 4 34 יח VP,פרוקטר אנד גמבל,PL,חיתולי פמפרס פרימיום,יח',34.00,יח',false,,29.90,0.8794,true,1,5441770
8001090379399,false,פמפרס פרימיום קר חיתולים שלב 5 30 יח VP,פרוקטר אנד גמבל,PL,חיתולי פמפרס פרימיום,יח',30.00,יח',false,,29.90,0.9967,true,1,5441771
8001090458322,false,פיירי ורדים משי 1.015 מלי,פרוקטר אנד גמבל,GB,פיירי ורדים משי 1.01,ליטרים,1.01,ליטר,false,,15.90,15.7426,true,1,4917288
8001090493637,false,"הד אנד שולדרס שמפו אולטרא טוטאל קר 450 מ""ל",פרוקטר אנד גמבל,RO,הדשולדרס שמפו אולטרא,מיליליטרים,450.00,"100 מ""ל",false,,17.90,0.0398,true,1,5186308
8001090678195,false,"הד אנד שולדרס מרכך סופרים לחות 275 מ""ל",פרוקטר אנד גמבל,FR,מרכך הד אנד שולדרס ס,מיליליטרים,275.00,"100 מ""ל",false,,14.90,0.0542,true,1,7234313
8001090678225,false,"הד אנד שולדרס מרכך סופרים משקם 275 מ""ל",פרוקטר אנד גמבל,FR,מרכך הד אנד שולדרס ס,מיליליטרים,275.00,"100 מ""ל",false,,14.90,0.0542,true,1,7234314
8001090721099,false,טבליות ג'ל לכביסה 3 ב-1 בניחוח אביב הרים,פרוקטר אנד גמבל,FR,אריאל קפסולות לכביסה,יח',1.00,יח',false,,29.90,29.9000,true,1,6553326
8001090721129,false,אריאל קפסולות גל לכביסה 3ב1 קולור 27 יח,פרוקטר אנד גמבל,FR,אריאל קפסולות לכביסה,יח',1.00,יח',false,,29.90,29.9000,true,1,6553327
8001090734044,false,אולוויז מגן תחתון גיגה פק לארג' אקסטרה פרוטקט 64 יח',פרוקטר אנד גמבל,DE,מגן תחתון אולוויז מג,יח',64.00,יח',false,,16.90,0.2641,true,1,6098846
8001090740717,false,מגני תחתון אולוויז נורמל עם ניחוח רענן Fresh Scent,פרוקטר אנד גמבל )ראה קוד,UA,מגן תחתון אולוויז מג,יח',76.00,יח',false,,16.90,0.2224,true,1,6679054
8001090745903,false,אבקת כביסה טייד פרש אלפיין 4 קג,פרוקטר אנד גמבל,TR,טייד אבקת כביסה אלפי,קילוגרמים,4.00,"ק""ג",false,,29.90,7.4750,true,1,8424964
8001090802385,false,קפסולות גל לכביסה טייד בניחוח לנור 26 יח,פרוקטר אנד גמבל,FR,טייד קפסולות ג'ל 26,יח',26.00,יח',false,,23.90,0.9192,true,1,7349917
8001090832450,false,"שמפו פנטן הנוסחה הקלאסית 660 מ""ל",פרוקטר אנד גמבל,RO,פנטן שמפו נוסחה קלאס,מיליליטרים,660.00,"100 מ""ל",false,,18.90,0.0286,true,1,8237365
8001090832535,false,"שמפו פנטן שמן מרוקאי משקם 660 מ""ל",פרוקטר אנד גמבל,RO,פנטן שמפו שמן מרוקאי,מיליליטרים,660.00,"100 מ""ל",false,,18.90,0.0286,true,1,8237366
8001090832573,false,"שמפו פנטן לחות מוגברת 660 מ""ל",פרוקטר אנד גמבל,RO,פנטן שמפו לחות מוגבר,מיליליטרים,660.00,"100 מ""ל",false,,18.90,0.0286,true,1,8237367
8001090832610,false,"שמפו פנטן למגע רך כמשי 660 מ""ל",פרוקטר אנד גמבל,RO,פנטן שמפו למגע רך כמ,מיליליטרים,660.00,"100 מ""ל",false,,18.90,0.0286,true,1,8240710
8001090832696,false,"פנטן שמפו לתלתלים מושלמים 660 מ""ל",פרוקטר אנד גמבל,RO,פנטן שמפו לתלתלים מו,מיליליטרים,660.00,"100 מ""ל",false,,18.90,0.0286,true,1,8237368
8001090832771,false,"פנטן שמפו להזנת קרטין 660 מ""ל",פרוקטר אנד גמבל,RO,פנטן שמפו הזנת קרטין,מיליליטרים,660.00,"100 מ""ל",false,,18.90,0.0286,true,1,8237370
8001090832818,false,מרכך פנטן הנוסחה הקלאסית לשיער רגיל ומעורב,פרוקטר אנד גמבל,RO,פנטן מרכך נוסחה קלאס,מיליליטרים,600.00,"100 מ""ל",false,,18.90,0.0315,true,1,8237371
8001090832856,false,"קונדישנר פנטן מרוקאי משקם 660 מ""ל",פרוקטר אנד גמבל,RO,פנטן מרכך מרוקאי משק,מיליליטרים,660.00,"100 מ""ל",false,,18.90,0.0286,true,1,8237389
8001090832894,false,מרכך לשיער חלש ופגום לחות מוגברת,פרוקטר אנד גמבל,RO,פנטן מרכך לחות מוגבר,מיליליטרים,660.00,"100 מ""ל",false,,18.90,0.0286,true,1,8237390
8001090832931,false,"פנטן 660 מ""ל קונדישינר למגע רך כמשי",פרוקטר אנד גמבל,RO,פנטן מרכך למגע רך כמ,מיליליטרים,660.00,"100 מ""ל",false,,18.90,0.0286,true,1,8240711
8001090832979,false,"פנטן 660 מ""ל קונדישינר לתלתלים מושלמים",פנטן שמפו ומרכך ב 17,RO,פנטן מרכך לתלתלים מו,מיליליטרים,660.00,"100 מ""ל",false,,18.90,0.0286,true,1,8237391
8001090833051,false,"פנטן 660 מ""ל קונדישינר הזנת קרטין",פנטן שמפו ומרכך ב 17,RO,פנטן מרכך הזנת קרטין,מיליליטרים,660.00,"100 מ""ל",false,,18.90,0.0286,true,1,8237393
8001090833136,false,אריאל ג'ל כביסה בייבי 2.255 ליטר,פרוקטור אנד גמבל,FR,אריאל ג'ל כביסה בייב,ליטרים,2.26,ליטר,false,,26.90,11.9027,true,1,7085104
8001090833198,false,אריאל נוזל כביסה 2.47 ליטר ניחוח מרענן,פרוקטור אנד גמבל,FR,אריאל ג'ל כביסה ניחו,ליטרים,2.36,ליטר,false,,32.80,13.8983,true,1,7085106
8001090833228,false,אריאל ג'ל כביסה קולור 2.365 ליטר,פרוקטור אנד גמבל,FR,אריאל ג'ל כביסה 2.36,ליטרים,2.36,ליטר,false,,32.80,13.8983,true,1,7085107
8001090833259,false,גל כביסה אריאל בניחוח הרים 3.740 ליטר,פרוקטר אנד גמבל,FR,אריאל ג'ל כביסה ניחו,ליטרים,3.74,ליטר,false,,42.90,11.4706,true,1,7085108
8001090899194,false,תחבושות אולוויז פלטינום נורמל 24 יחידות,פרוקטר אנד גמבל,DE,תחבושות אולוויז פלטי,יח',1.00,יח',false,,17.90,17.9000,true,1,8325700
8001090899224,false,תחבושות אולוויז פלטינום לונג 20 יחידות,פרוקטר אנד גמבל,DE,תחבושות אולוויז פלטי,יח',1.00,יח',false,,17.90,17.9000,true,1,8325701
8001090943095,false,סבון כלים פעולה אנטי-בקטריאלית אקליפטוס,פיירי Fairy,,פיירי אנטי בקטריאלי,ליטרים,1.01,ליטר,false,,17.90,17.7228,true,1,6872126
8001090961907,false,"אבקת כביסה אריאל שושן צחור 9 ק""ג",פרוקטר אנד גמבל,,אבקת כביסה אריאל שוש,קילוגרמים,9.00,"ק""ג",false,,61.70,6.8556,true,1,8272823
8001090961938,false,"אבקת כביסה אריאל קולור 9 ק""ג",פרוקטר אנד גמבל,,אבקת כביסה אריאל קול,קילוגרמים,9.00,"ק""ג",false,,61.70,6.8556,true,1,8297783
8001160000888,false,"גטורייד משקה ספורט תפוז 500 מ""ל",אקווה מינרלה סאן בנדטו,IT,גטורייד ספורט תפוז 5,מיליליטרים,500.00,"100 מ""ל",false,,9.90,0.0198,true,1,5721393
8001160001786,false,"משקה אנרגיה גטורייד ספורט כחול 500מ""ל",אקווה מינרלה סאן בנדטו,IT,גטורייד ספורט כחול 5,מיליליטרים,500.00,"100 מ""ל",false,,9.90,0.0198,true,1,5721395
8001160001892,false,"משקה אנרגיה גטורייד ספורט תפוז אדום 500מ""ל",אקווה מינרלה סאן בנדטו,IT,גטורייד ספורט תפוז א,מיליליטרים,500.00,"100 מ""ל",false,,9.90,0.0198,true,1,5721396
8001250152091,false,דה ציקו פסטה קפלי דיאנג'לו 500 גרם,אולירה אחים דה צ'קו,IT,דה ציקו פסטה קפלי די,גרמים,500.00,100 גרם,false,,14.90,0.0298,true,1,8463945
8001359008589,false,פרולטה שמפו אובליפיחה לחיזוק שורשים,פאר פארם,IL,שמפו לנשירת שיער 500,מיליליטרים,500.00,"100 מ""ל",false,,22.90,0.0458,true,1,2853013
8001440118944,false,שלישיית עגבניות פולפה צ'יריו 400 גרם,דיפלומט,IT,צ'יריו עגבניות פולפה,גרמים,1200.00,100 גרם,false,,14.90,0.0124,true,1,8416960
8001505001105,false,ממרח אגוזי לוז פרווה אורגני 270 גרם,ריג'\וני דה אסינו,IT,ממרח אגוזי לוז אורגנ,גרמים,270.00,100 גרם,false,,19.50,0.0722,true,1,5492824
8001620011935,false,"סן בנדטו- מים מינרלים מוגז - מארז שישיית 500 מ""ל",אקווה מינרלה סאן בנד,IT,"סן בנדטו מוגז 500 מ""ל שיש",ליטרים,3.00,ליטר,false,,11.90,3.9667,true,1,1088384
8001620015636,false,"משקה פירות פרוטה-מיקס פירות 400 מ""ל סאן בנדטו",אקווה מינרלה סאן בנדטו ב,IT,משקה פרוטה מיקס פירו,מיליליטרים,400.00,"100 מ""ל",false,,6.50,0.0163,true,1,8330396
8001620017456,false,"סן בנדטו ספורט, מים מינרלים טבעיים 500 מ""ל שישייה",אקווה מינרלה סאן בנדטו ב,IT,"סאן בנדטו 6*500 מ""ל",ליטרים,6.00,ליטר,false,,13.90,2.3167,true,1,5691021
8001841053806,false,תחבושות היגייניות אולוויז מקסי עבה לילה,פרוקטר אנד גמבל,HU,תחבושות אולוויז עבה,יח',9.00,יח',false,,9.90,1.1000,true,1,7219329
8001841062624,false,פמפרס מגבונים לחים ללא בישום רביעייה,פרוקטר אנד גמבל.,DE,פמפרס מגבונים ללא בי,יח',4.00,יח',false,,17.90,4.4750,true,1,8327918
8001841077949,false,מארז מגבוני פמפרס בניחוח מרענן - רביעייה,פרוקטר אנד גמבל,DE,מגבוני פמפרס פרש 4X5,יח',1.00,יח',false,,17.90,17.9000,true,1,8176368
8001841096889,false,"נוזל לניקוי כלים לימון קלאסי 900 מ""ל",פרוקטר אנד גמבל,TR,פיירי לימון קלאסי 90,מיליליטרים,900.00,"100 מ""ל",false,,6.90,0.0077,true,1,6730681
8001841104751,false,פמפרס פרימיום קר חיתולים שלב 1 52 יח VP,פרוקטר אנד גמבל,PL,חיתולי פמפרס פרימיום,יח',52.00,יח',false,,29.90,0.5750,true,1,7518818
8001841104799,false,פמפרס פרימיום קר חיתולים שלב 2 46 יח VP,פרוקטר אנד גמבל,PL,חיתולי פמפרס פרימיום,יח',46.00,יח',false,,29.90,0.6500,true,1,7518819
8001841105093,false,פמפרס פרימיום קר חיתולים שלב 6 26 יח VP,פרוקטר אנד גמבל,PL,חיתולי פמפרס פרימיום,יח',26.00,יח',false,,29.90,1.1500,true,1,7518820
8001841216584,false,תחבושות אולוויז אולטרה לילה בטוח,פרוקטר אנד גמבל,UA,תחבושות אולוויז לילה,יח',1.00,יח',false,,29.90,29.9000,true,1,8078252
8001841500799,false,"הרבל אסנסס - שמפו ללא סולפטים אלוורה ומנגו 380 מ""ל",הרבל אסנס Herbal Essences,FR,הרבל אסנס שמפו ללא ס,מיליליטרים,300.00,"100 מ""ל",false,,14.90,0.0497,true,1,8287218
8001841500942,false,"הרבל אסנסס - שמפו ללא סולפטים אלוורה ובמבוק 380 מ""ל",הרבל אסנס Herbal Essences,FR,הרבל אסנס שמפו ללא ס,מיליליטרים,300.00,"100 מ""ל",false,,14.90,0.0497,true,1,8287219
8001841502601,false,"הרבל אסנסס - מרכך ללא סולפטים אלוורה ובמבוק 275 מ""ל",הרבל אסנס Herbal Essences,FR,הרבל אסנס מרכך ללא ס,מיליליטרים,300.00,"100 מ""ל",false,,14.90,0.0497,true,1,8287221
8001841625188,false,סבון כלים פלטינום לימון X3 פעולות להסרת שומנים,פרוקטר אנד גמבל,GB,פיירי פלטינום לימון,מיליליטרים,515.00,"100 מ""ל",false,,8.90,0.0173,true,1,8220228
8001841625362,false,"נוזל כלים בניחוח לימון פלטינום 780 מ""ל פיירי",פרוקטר אנד גמבל,GB,פיירי פלטינום לימון,מטרים,780.00,100 מ'ל,false,,11.90,0.0153,true,1,8412216
8001841625461,false,סבון כלים פלטינום X3 פעולות להסרת שומנים,פרוקטר אנד גמבל,GB,פיירי פלטינום אורגינ,מיליליטרים,515.00,"100 מ""ל",false,,8.90,0.0173,true,1,8220230
8001841625508,false,"נוזל כלים פיירי פלטינום אורגינל 1.015 ליטר בד""צ",פרוקטר אנד גמבל,GB,פיירי פלטינום אורגינ,ליטרים,1.01,ליטר,false,,12.90,12.7723,true,1,8220231
8001841660530,false,קרם לחות מינרלס במבוק + חלבון משקם לשיער ארוך,פנטן Pantene,FR,פנטן מיראקלס במבוק ק,מיליליטרים,270.00,"100 מ""ל",false,,13.90,0.0515,true,1,8326839
8001841669465,false,קפסולות לכביסה אריאל בניחוח לנור 24 יחידות,פרוקטר אנד גמבל,FR,אריאל קפסולות לכביסה,יח',1.00,יח',false,,29.90,29.9000,true,1,8301366
8001841680989,false,מגן תחתון אולוויז מגה פק פרו פרש לארג' 60 יחי,פרוקטר אנד גמבל,DE,אולוויז מגן תחתון לא,יח',1.00,יח',false,,16.90,16.9000,true,1,8250733
8001841893990,false,פיירי טבליות למדיח פלטינום פלוס - מארז 30 יח',פרוקטר אנד גמבל,BE,פיירי קפסולות למדיח,יח',1.00,יח',false,,39.90,39.9000,true,1,8302750
8001841958460,false,פיירי טבליות למדיח אורגינל הכל באחד - מארז 48 יח',פרוקטר אנד גמבל,BE,פיירי טבליות למדיח 4,גרמים,648.00,100 גרם,false,,39.90,0.0616,true,1,8302751
8001841960081,false,פיירי טבליות למדיח פלטינום הכל באחד - מארז 37 יח',פרוקטר אנד גמבל,BE,פיירי טבליות למדיח 3,יח',37.00,יח',false,,39.90,1.0784,true,1,8302752
8002110383709,false,נוטרוגינה ס.נורבגית ק.ידיים לא מבושם 50מל,ניוטרוג'ינה Neutrogena,FR,ניוטרוגינה קרם ידיים,מטרים,50.00,100 מ'ל,false,,24.90,0.4980,true,1,1089292
8002267014945,false,שלישייה ביצי שוקולד חלב עם צעצוע הוט ווילס,ואל קור קורסניני אס אנ ס,IT,ביצת הפתעה הוט ווילס,גרמים,20.00,100 גרם,false,,10.90,0.5450,true,1,5608513
8002270866524,false,סן פלגרינו מים מינרליים טבעיים מוגזים,סן פלגרינו San Pellegrino,IT,סן פלגרינו 1 ליטר בקבוק פ,יח',1.00,יח',false,,8.90,8.9000,true,1,2628466
8002450202005,false,ורדי ספרקלטיני אסאי Verdi acai Sparkletini,איטליה בוסקה,IT,ורדי ספרקלטיני אסאי בוסקה,מיליליטרים,750.00,"100 מ""ל",false,,24.90,0.0332,true,1,1100570
8002450203002,false,"ורדי בטעם אבטיח 750 מ""ל",איטליה בוסקה,IT,ורדי אבטיח כשר,מיליליטרים,750.00,"100 מ""ל",false,,24.90,0.0332,true,1,7358812
8002450204009,false,ורדי ספרקלטיני אפרסק,"איי, בי, אינבוו",IT,ורדי אפרסק כשר,מיליליטרים,750.00,"100 מ""ל",false,,24.90,0.0332,true,1,1100571
8002450205006,false,משקה כהלי מוגז ורדי,איטליה בוסקה,IT,ורדי רימונים כשר,מיליליטרים,750.00,"100 מ""ל",false,,24.90,0.0332,true,1,4275927
8002450206003,false,ורדי רימונים ספרקלטיני,"איי, בי, אינבוו",IT,ורדי רימונים כשר,מיליליטרים,750.00,"100 מ""ל",false,,24.90,0.0332,true,1,1100574
8002450208007,false,ורדי גרין אפל ספרקלטיני,איטליה בוסקה,IT,ורדי גרין אפל כשר,מיליליטרים,750.00,"100 מ""ל",false,,24.90,0.0332,true,1,1100578
8002450208304,false,"ורדי גוורצטרמינר 750 מ""ל",איטליה בוסקה,IT,ורדי גוורצטרמינר כשר,מיליליטרים,750.00,"100 מ""ל",false,,24.90,0.0332,true,1,7769421
8002450209004,false,יין מבעבע ורדי רוזה,איטליה בוסקה,IT,ורדי ספומנטה כשר,מיליליטרים,750.00,"100 מ""ל",false,,24.90,0.0332,true,1,2761731
8003385312388,false,עגבניות טחונות במרקם חלק רמילוי,,,עגבניות טחונות במרקם,גרמים,680.00,100 גרם,false,,11.90,0.0175,true,1,8279775
8003440997857,false,מסטיק פיורפרש מנטה אריזת חיסכון 200 גר,פרפטי ואן מלה ברדה,TR,מנטוס פיור פרש בטעם,גרמים,200.00,100 גרם,false,,19.90,0.0995,true,1,8334055
8003477500044,false,פרימלוצ'י ספגטי מס 4 500 גר,,,פרימלוצ'י ספגטי מס 4,גרמים,500.00,100 גרם,false,,5.90,0.0118,true,1,8487209
8003477500051,false,פרימלוצ'י ספגטי מס' 5 500 גר,,,פרימלוצ'י ספגטי מס',גרמים,500.00,100 גרם,false,,5.90,0.0118,true,1,8487210
8003477500327,false,פרימלוצ'י קורנטי 500 גר,,,פרימלוצ'י קורנטי 500,גרמים,500.00,100 גרם,false,,5.90,0.0118,true,1,8487211
8003477500365,false,פרימלוצ'י קונקילייה ריגטה 500 גר,,,פרימלוצ'י קונקילייה,גרמים,500.00,100 גרם,false,,5.90,0.0118,true,1,8487212
8003477500556,false,פרימלוצ'י פוסילי 500 גר,,,פרימלוצ'י פוסילי 500,גרמים,500.00,100 גרם,false,,5.90,0.0118,true,1,8487213
8003477500594,false,פרימלוצ'י פנה ריגאטי 500 גר,,,פרימלוצ'י פנה ריגאטי,גרמים,500.00,100 גרם,false,,5.90,0.0118,true,1,8487214
8004030022010,false,ירקות גינה עם טונה ריו מרה אינסלטיסימי 160 ג',"בולטון אלימנטרי בע""\מ",IT,טונה ריו מרה ירקות ג,גרמים,160.00,100 גרם,false,,14.90,0.0931,true,1,2722735
8004030026018,false,"מקסיקני עם טונה ריו מרה אינסלטיסימי, 160 ג'","בולטון אלימנטרי בע""\מ",IT,טונה ריו מרה מקסיקני,גרמים,160.00,100 גרם,false,,14.90,0.0931,true,1,2722736
8004030044005,false,נתחי טונה בהירה בשמן זית ריו מרה 112גרם,"בולטון אלימנטרי בע""\מ",IT,נתחי טונה בהירה בשמן,גרמים,160.00,100 גרם,false,,17.90,0.1119,true,1,1089294
8004030102033,false,טונה בשמן זית עם מיץ לימון ופלפל שחור - מארז 3 יח',בולטון אלימנטרי,IT,טונה ריו מרה בשמן זי,גרמים,240.00,100 גרם,false,,27.80,0.1158,true,1,7103294
8004030177000,false,טונה בשמן זית וצ'ילי ריו מרה מארז 80X3 גר',ריו מארה Rio Mare,IT,טונה בשמן זית עם צ'י,גרמים,168.00,100 גרם,false,,27.80,0.1655,true,1,6284101
8004030180000,false,ריו מרה טונה בשמן זית כתית מעולה 3*80 גרם,"בולטון אלימנטרי בע""\מ",IT,ריו מרה טונה בשמן זי,גרמים,240.00,100 גרם,false,,25.90,0.1079,true,1,8373262
8004030344938,false,"ריו מרה טונה בשמן זית 3X80 גרם מתכון חדש כשל""פ","בולטון אלימנטרי בע""\מ",IT,טונה ריו מרה בשמן זי,גרמים,168.00,100 גרם,false,,27.80,0.1655,true,1,2689186
8004030381681,false,ריו מרה נתחי טונה בהירה בשמן זית זוג 160 גר,BOLTON GROUP- RIO,IT,ריו מרה נתחי טונה בה,יח',1.00,יח',false,,29.90,29.9000,true,1,7601033
8004030845046,false,טונה עם ירקות בתוספת עם אורז ריו מרה אינסלטיסימי 160 ג',בולטון אלימנטרי,IT,ריו מארה אינסלטיסימי,יח',1.00,יח',false,,14.90,14.9000,true,1,7411567
8004030860001,false,ירקות עם קוקוס וטונה ריו מרה אינסלטיסימי 160 ג',"בולטון אלימנטרי בע""\מ",IT,טונה ריו מרה ירקות ו,גרמים,160.00,100 גרם,false,,14.90,0.0931,true,1,3827991
8004690612002,false,לה מוליסנה פסטה פנה קמח מלא 500גר,,,לה מוליסנה פסטה פנה,גרמים,500.00,100 גרם,false,,8.90,0.0178,true,1,8463949
8004800000071,false,לאגו פלאסיר- גלילי ופל במילוי קרם אגוזי לוז שוקולד חלב - 100 ג',לגו גרופ ס.פ.א.,IT,לאגו פלאסיר גלילי וו,גרמים,100.00,100 גרם,false,,10.90,0.1090,true,1,8432875
8004800004802,false,לאגו פלאסיר גליליוופל קרם דומדמניות 100 גרם,לגו גרופ ס.פ.א.,IT,לאגו פלאסיר גלילי וו,גרמים,100.00,100 גרם,false,,10.90,0.1090,true,1,8432876
8004800004819,false,לאגו פלאסיר גלילי וופל קרם פסיפלורה 100 גרם,לגו גרופ ס.פ.א.,IT,לאגו פלאסיר גלילי וו,גרמים,100.00,100 גרם,false,,10.90,0.1090,true,1,8432877
8004800005502,false,וופל מיני רול גלילי ופל במילוי קרם קקאו- 125 ג' לאגו,לגו גרופ ס.פ.א.,IT,לאגו מיני רול במילוי,גרמים,125.00,100 גרם,false,,9.90,0.0792,true,1,8432879
8004800005519,false,וופל רול גלילי במילוי קרם אגוזי לוז- 125 ג' לאגו,לגו גרופ ס.פ.א.,IT,לאגו מיני רול במילוי,גרמים,125.00,100 גרם,false,,9.90,0.0792,true,1,8432880
8004800005526,false,וופל מיני רול גלילי ופל במילוי קרם קוקוס- 125 ג' לאגו,לגו גרופ ס.פ.א.,IT,לאגו מיני רול במילוי,גרמים,125.00,100 גרם,false,,9.90,0.0792,true,1,8432881
8005110002243,false,רכז עגבניות Doppio Concentr בשפופרת 185 ג' MUTTI,"איי, בי, אינבוו",IT,רכז עגבניות מוטיבשפו,גרמים,185.00,100 גרם,false,,7.40,0.0400,true,1,8275456
8005110060007,false,מוטי עגבניות מקולפות 400 גר,מוטי אס.פי.איי,IT,מוטי עגבניות מקולפות,גרמים,400.00,100 גרם,false,,6.50,0.0163,true,1,8463950
8005110170300,false,עגבניות מרוסקות חתוכות מוטי MUTTI שלישיה *400,מוטי Mutti,IT,עגבניות מרוסקות 3*40,קילוגרמים,1.20,"ק""ג",false,,17.70,14.7500,true,1,8241067
8005110171215,false,מוטי עגבניות חתוכות פולפפזי 690 גרם{בקבוק},"איי, בי, אינבוו",IT,מוטי עגבניות חתוכות,גרמים,690.00,100 גרם,false,,13.80,0.0200,true,1,8463951
8005110200014,false,רסק עגבניות 210 ג' CONCENTRATO MUTTI,"איי, בי, אינבוו",IT,רכז עגבניות 22% 210ג,גרמים,210.00,100 גרם,false,,6.50,0.0310,true,1,8241068
8005110550508,false,מוטי עגבניות שרי 400 גר,mutti s.p.a,IT,מוטי עגבניות שרי 400,גרמים,400.00,100 גרם,false,,9.30,0.0233,true,1,8463952
8005110551253,false,רוטב לפיצה להכנת פיצה איטלקית קלאסית,"איי, בי, אינבוו",IT,רוטב לפיצה 400 גרם,מטרים,400.00,100 מ'ל,false,,7.90,0.0198,true,1,8463953
8005200256587,false,נסטי - תה קר בטעם אפרסק 1.5 ליטר,מפעל סאנפלגרינו S.P.A,IT,תה קר בטעם אפרסק נסט,ליטרים,1.50,ליטר,false,,7.90,5.2667,true,1,8357963
8005200286584,false,נסטי- תה קר - בטעם מנגו אננס 1.5 ליטר,מפעל סאנפלגרינו S.P.A,IT,תה קר בטעם מנגו אננס,ליטרים,1.50,ליטר,false,,7.90,5.2667,true,1,8357964
8005200316588,false,תה קר דיאט בטעם אפרסק נסטי 1.5 ליטר,מפעל סאנפלגרינו s.p.a,IT,תה קר דיאט בטעם אפרס,ליטרים,1.50,ליטר,false,,7.90,5.2667,true,1,8357965
8005803010357,false,גריסיני קלאסי - מקלות אפויים עם שמן זית ומלח,"אינסטנטה בע""מ",IT,גרסיני קלאסי 125 גר,גרמים,125.00,100 גרם,false,,5.70,0.0456,true,1,3928287
8005803010586,false,"מקלות אפויים עם שמן זית, מלח, עגבניות ואורגנו, 125 גרם, אמור די פאן","הוסטה איטליה, ס.ר.ל.",IT,גרסיני פיצה 125 גר,גרמים,125.00,100 גרם,false,,5.70,0.0456,true,1,3928289
8006540091906,false,לנור כדוריות הבושם בניחוח אריאל 140 גרם,פטר קרמר עבור פרוקטור אנ,US,לנור כדוריות הבושם ב,גרמים,140.00,100 גרם,false,,14.90,0.1064,true,1,8347754
8006540091937,false,לנור כדוריות הבושם בניחוח אריאל 210 גרם,פטר קרמר עבור פרוקטור אנ,US,לנור כדוריות הבושם ב,גרמים,210.00,100 גרם,false,,24.90,0.1186,true,1,8347755
8006540112793,false,"מרכך כביסה מרוכז בניחוח יסמין לנור 900 מ""ל",פרוקטר אנד גמבל,US,לנור מרכך מרוכז בניח,מטרים,900.00,100 מ'ל,false,,14.90,0.0166,true,1,8340726
8006540112823,false,"לנור מרכך כביסה מרוכז בניחוח האוקיינוס 900 מ""ל",פרוקטר אנד גמבל,FR,לנור מרכך מרוכז בניח,מיליליטרים,900.00,"100 מ""ל",false,,14.90,0.0166,true,1,8328722
8006540112854,false,"מרכך כביסה מרוכז בניחוח סחלב לנור 900 מ""ל",פרוקטר אנד גמבל,FR,לנור מרכך מרוכז 900,מיליליטרים,900.00,"100 מ""ל",false,,14.90,0.0166,true,1,8321976
8006540157374,false,מרכך מינרלס ביוטין + במבוק לשיער חזק וארוך,פנטן Pantene,FR,פנטן מיראקלס במבוק מ,מיליליטרים,275.00,"100 מ""ל",false,,14.90,0.0542,true,1,8326841
8006540252468,false,אולוויז פלטינום נורמל 48 יח,פרוקטר & גמבל,HU,אולוויז פלטינום נורמ,יח',48.00,יח',false,,36.90,0.7687,true,1,8375082
8006540252499,false,אולוויז פלטינום לונג 40 יח,פרוקטר & גמבל,HU,אולוויז פלטינום לונג,יח',32.00,יח',false,,36.90,1.1531,true,1,8375083
8006540252529,false,אולוויז פלטינום לילה 32 יח,פרוקטר & גמבל,HU,אולוויז פלטינום לילה,יח',32.00,יח',false,,36.90,1.1531,true,1,8375084
8006540352960,false,טמפונים טמפקס פרל רגולר 20 יחידות,פרוקטר אנד גמבל,HU,טמפונים טמפקס פרל רג,יח',20.00,יח',false,,19.90,0.9950,true,1,8348977
8006540383087,false,טבליות למדיח פיירי פלטינום פלוס דיפ קלין 42 יחידות,פרוקטר & גמבל,BE,פירי פלטינום פלוס די,100 יח,42.00,100 יח,false,,44.90,1.0690,true,1,8386158
8006540425930,false,אריאל קפסולות לכביסה ג'ל 24 יח' לכתמים קשים,פרוקטר אנד גמבל,FR,אריאל קפסולות 24 יח,יח',1.00,יח',false,,29.90,29.9000,true,1,8358162
8006540429327,false,פיירי מקס פאוור לימון עם מנגנון למניעת נזילות,פרוקטר אנד גמבל,CZ,פיירי לכלים לימון 44,מטרים,440.00,100 מ'ל,false,,8.90,0.0202,true,1,8375521
8006540463550,false,פיירי טבליות למדיח פלטינום 63 יחידות,פרוקטר אנד גמבל,BE,פיירי טבליות למדיח 6,גרמים,938.00,100 גרם,false,,44.90,0.0479,true,1,8427492
8006540491539,false,"נוזל כלים פיירי פלטינום אוריגינל 780 מ""ל",פרוקטר אנד גמבל,GB,נוזל כלים פיירי פלטי,מטרים,780.00,100 מ'ל,false,,11.90,0.0153,true,1,8412217
8006540495186,false,לנור מרכך כביסה מרוכז רגיש בייבי 900 מל,פרוקטר אנד גמבל,FR,לנור מרכך כביסה בייב,מטרים,900.00,100 מ'ל,false,,14.90,0.0166,true,1,8418758
8006540495247,false,"לנור מרכך כביסה מרוכז בניחוח פרחי בר 900 מ""ל",פרוקטר אנד גמבל,FR,לנור מרכך בניחוח פרח,מטרים,900.00,100 מ'ל,false,,14.90,0.0166,true,1,8448687
8006540566701,false,אריאל ג'ל כביסה להסרת כתמים קשים 1.925 ליטר,פרוקטר אנד גמבל,IT,אריאל ג'ל כתמים קשים,ליטרים,1.92,ליטר,false,,32.80,17.0833,true,1,8427344
8006540620403,false,"טייד אבקת כביסה אפקט פיירי 7 ק""ג",פרוקטר אנד גמבל,TR,טייד אבקת כביסה אפקט,קילוגרמים,7.00,"ק""ג",false,,54.90,7.8429,true,1,8441882
8007178120310,false,חומץ בלסמי ד'מודנה Giacobazzi,פטורייה ג'יאקובאזי ס,IT,חומץ בלסמי גקובזי 500 מל,מיליליטרים,500.00,"100 מ""ל",false,,17.90,0.0358,true,1,1099346
8007178223547,false,קרם מצומצם עם חומץ בלסמי ממודנה,פארייפאבה אגרואינדוס,IT,"קרם בלסמי מצומצם 250 מ""ל",מיליליטרים,250.00,"100 מ""ל",false,,21.90,0.0876,true,1,2743563
8007520024426,false,מור. יוניקו מונופרוטאין עגל לכלב 150 גרם,,,מור. יוניקו מונופרוט,יחידה,0.00,יחידה,false,,5.90,0.0000,true,1,8453081
8008245004847,false,ממרח אגוזי לוז וקקאו מובנפיק 300 גרם,נאטקו,IT,ממרח אגוזי לוז וקקאו,גרמים,300.00,100 גרם,false,,14.70,0.0490,true,1,8277575
8008245004861,false,ממרח אגוזי לוז עם חלב מובנפיק 300 גרם,יבואן ומשווק: ש. שסט,IT,ממרח אגוזי לוז עם חל,גרמים,300.00,100 גרם,false,,14.70,0.0490,true,1,8277576
8008440522016,false,"שישיית בירה פרוני 6*330 מ""ל",פרונרי,IT,פרוני מארז שישייה 33,מיליליטרים,330.00,"100 מ""ל",false,,32.90,0.0997,true,1,8250349
8008660210021,false,מעדן ריבה מנץ אנד גאססר דובדבן 300 גר,שוורצקוף& הנקל דיסלד,IT,מעדן דובדבן 300 גר,גרמים,300.00,100 גרם,false,,16.90,0.0563,true,1,3063019
8008660210038,false,מעדן ריבה מנץ אנד גאססר תות שדה 300 גר,קריניציה ויטמינה אס,IT,מעדן תות שדה 300 גר,גרמים,300.00,100 גרם,false,,16.90,0.0563,true,1,3063020
8008660210045,false,מעדן פירות יער מנז אנד גאסר ויסוצקי 300 גרם,שוורצקוף& הנקל דיסלד,IT,מעדן פירות יער 300 ג,גרמים,300.00,100 גרם,false,,16.90,0.0563,true,1,3063021
8008660210052,false,מעדן פרי תפוז מנז אנד גאסר ויסוצקי 320 גרם,מנז אנד גאסר Menz&Gasser,IT,מעדן פרי תפוז 320 גר,גרמים,320.00,100 גרם,false,,16.90,0.0528,true,1,6949183
8008698002100,false,מקלות גריסיני 200 גרם ד''ר שר,"ד""ר שר ס.ר.ל",IT,מקלות גריסיני 200 גר,גרמים,200.00,100 גרם,false,,19.90,0.0995,true,1,2788421
8008698002599,false,לחם הבית פרוס ללא גלוטן 240גרם שר,דר שר,IT,"לחם הבית לל""ג 240גר",גרמים,240.00,100 גרם,false,,19.50,0.0813,true,1,8430871
8008698003503,false,עוגיות שיבולת שועל עם צימוקים 250 גר,"דר שר ס.ר.ל פוסטל, א",IT,קרקר אפוי 210ג ללא ג,גרמים,210.00,100 גרם,false,,22.80,0.1086,true,1,2788423
8008698004548,false,ביסקוויט בציפוי קרם שוקולד חלב 150גרםDIGESTIVE CHOC,"ד""ר שר ס.ר.ל",DE,ביסקוויט בציפוי קרם,גרמים,150.00,100 גרם,false,,16.80,0.1120,true,1,5491281
8008698004630,false,עוגיות ממולאות קרם קקאו ללא גלוטן,ס.ר.ל פוסטל,FR,עוגיות סנדוויץ קרם ק,גרמים,250.00,100 גרם,false,,19.90,0.0796,true,1,2788424
8008698005231,false,עוגיות סנדוויץ בטעם שוקולד ממולאות קרם חלב ללא גלוט,שר Schar,IT,עוגיות סנדויץ שוקולד,גרמים,165.00,100 גרם,false,,19.90,0.1206,true,1,8251805
8008698005347,false,"ביסקוויט מצופות שוקולד מריר לל""ג 150 גר",שר Schar,IT,ביסקוויט מצופות שוקו,גרמים,150.00,100 גרם,false,,14.90,0.0993,true,1,8251806
8008698010259,false,ג'בטה ללא גלוטן 4*50גרם שר,,DE,ג'בטה ללא גלוטן שר 2,גרמים,200.00,100 גרם,false,,19.90,0.0995,true,1,8391091
8008698010358,false,"תערובת קמחים לאפייה כללית 500 גרם לל""ג","ד""ר שר ס.ר.ל",IT,מיקס תערובת קמחים לא,גרמים,500.00,100 גרם,false,,11.90,0.0238,true,1,5491284
8008698012857,false,ביסקויט פתי בר בטעם חמאה 165 גרם ללא גלוטן petit,ס.ר.ל פוסטל,IT,פתי בר טעם חמאה 165ג,גרמים,165.00,100 גרם,false,,13.80,0.0836,true,1,2788501
8008698013021,false,עוגיות ללא גלוטן עם שבבי שוקולד מריר,דר שר פוסטל,IT,עוגיות שוקולדציפס מר,גרמים,150.00,100 גרם,false,,10.80,0.0720,true,1,5491286
8008698024065,false,פאן בלנקו-לחם ללא גלוטן 250 גרם,schar,IT,פאן בלנקו- לחם ללא ג,יח',1.00,יח',false,,17.90,17.9000,true,1,7310229
8008698032084,false,עוגיות מיני וחברים ללא גלוטן 125גרם שר - MINI FRIENDS,,DE,עוגיות מיני וחברים ל,גרמים,125.00,100 גרם,false,,11.90,0.0952,true,1,8379944
8008857114194,false,פסטה נוטרי מיו ללא גלוטן ספגטי 400 גרם,רגיה,IT,פסטה נוטרי מיו ללא ג,גרמים,500.00,100 גרם,false,,8.70,0.0174,true,1,8423132
8008857406152,false,פסטה רגיה אטריות עגולות עבה תומר 500 גרם,רגיה,IT,אטריות עגול עבות,גרמים,500.00,100 גרם,false,,7.50,0.0150,true,1,2639218
8008857500003,false,פסטה רגיה אטריות עגולות דקות תומר 500 גרם,פסטה רג'יה Pasta Reggia,IT,אטריות עגולות דקות,100 יח',500.00,100 יח',false,,7.50,0.0150,true,1,2639219
8008912010034,false,ליגורי- ספגטי מספר 3 500גר,מנז'\ אנד גאסר ס.פ.א,IT,ליגורי- ספגטי מספר 3,גרמים,500.00,100 גרם,false,,7.80,0.0156,true,1,8375514
8008912010072,false,ליגורי- לינגוויני מספר 7 500גר,מנז'\ אנד גאסר ס.פ.א,IT,ליגורי- לינגוויני מס,גרמים,500.00,100 גרם,false,,7.80,0.0156,true,1,8375515
8008912010270,false,LIGUORI פסטה קסרצ'ה מספר 27 500 גרם,מנז'\ אנד גאסר ס.פ.א,IT,ליגורי- קסרצ'ה מספר,גרמים,500.00,100 גרם,false,,7.80,0.0156,true,1,8375516
8008912010300,false,LIGUORI פסטה פרפלה 500 גרם מספר 30,מנז'\ אנד גאסר ס.פ.א,IT,פסטה פרפלה מספר 30,גרמים,500.00,100 גרם,false,,7.80,0.0156,true,1,8375517
8008912010317,false,LIGUORI פסטה פוזילי 500 גרם מספר 31,מנז'\ אנד גאסר ס.פ.א,IT,ליגורי-פוזילי מספר 3,גרמים,500.00,100 גרם,false,,7.80,0.0156,true,1,8375518
8008912010331,false,פסטה ניוקטי סרדי בצורת קונכיות מס' 33,מנז'\ אנד גאסר ס.פ.א,IT,ליגורי פסטה ניוקי סר,גרמים,500.00,100 גרם,false,,7.80,0.0156,true,1,8375519
8008912010423,false,LIGUORI פסטה פנה ריגטה 500 גרם מספר 42,מנז'\ אנד גאסר ס.פ.א,IT,ליגורי- פנה ריגטה מס,גרמים,500.00,100 גרם,false,,7.80,0.0156,true,1,8375520
8008912016012,false,ליגורי- לזניה מספר 102 500גר,פסטיפישיו פציון ס.פ.,IT,ליגורי- לזניה מספר 1,גרמים,500.00,100 גרם,false,,14.90,0.0298,true,1,8384693
8009470009010,false,סימבה שימורים לכלבים בשר 415 ג',אמ.או.אן.ג'י.אי.אמונ,,סימבה לכלב בקר 415 ג,גרמים,415.00,100 גרם,false,,4.00,0.0096,true,1,8237923
8013399145278,false,דיאטורל סוכריות סטיביה ליקוריץ רך 70 גרם,קלואטה איטליה,IT,סט.דיטורל ליקורי שקית 70,גרמים,70.00,100 גרם,false,,9.90,0.1414,true,1,1085066
8023678164517,false,משקה שקדים ללא סוכר טבעי אורגני 1ליטר ISOLA,איזולה ביו Isola Bio,IT,"משקה שקדים לל""ס 1ליט",יח',1.00,יח',false,,15.80,15.8000,true,1,7831620
8023678728290,false,משקה איזולה סויה בריסטה 1 ליטר,,IT,משקה סויה ללא סוכר 1,יח',1.00,יח',false,,11.70,11.7000,true,1,8304456
8024985002783,false,סמוזי נטורה נובה גזר ודלעת 100 גרם,נטורה נובה Natura Nuova,IT,נטורה נובה סמוזי גזר,גרמים,100.00,100 גרם,false,,4.90,0.0490,true,1,6905871
8024985002912,false,סמוזי אגס בטטה 100 גר נטורה נובה,נטורה נובה,IT,נטורה נובה סמוזי תפו,100 קילו,100.00,100 קילו,false,,4.90,0.0490,true,1,6905872
8024985002943,false,סמוזי נטורה נובה תפוח אננס קוקוס 100 גרם,נטורה נובה,IT,סמוזי תפוח אננס קוקו,גרמים,100.00,100 גרם,false,,4.90,0.0490,true,1,7739158
8024985002950,false,נטורה נובה-סמוזי שזיף אורגני 100 גרם,נטורה נובה,IT,סמוזי שזיף אורגני,גרמים,100.00,100 גרם,false,,4.90,0.0490,true,1,7739159
8024985002967,false,סמוזי נטורה נובה בננה תרד 100 גרם,נטורה נובה,IT,סמוזי בננה תרד,גרמים,100.00,100 גרם,false,,4.90,0.0490,true,1,7739160
8024985005296,false,סמוזי אגס בננה תפוח וקינואה אורגני,נטורה נובה,IT,סמוזי פירות אורגני,גרמים,120.00,100 גרם,false,,6.40,0.0533,true,1,7739161
8024985008037,false,סמוזי נטורה נובה סמוצי תפוח 100 גרם,"נטורפוד בע""מ",IT,נטורה סמודי תפוחים א,מטרים,100.00,100 מ'ל,false,,4.90,0.0490,true,1,6905875
8032573170035,false,יין מוסקטו טרה סינה 750 מל,יקבי קנטינה,IT,מוסקטו טרה סינה,מיליליטרים,750.00,"100 מ""ל",false,,34.90,0.0465,true,1,1107935
8032793342458,false,עגבניות מרוסקות דק ומסוננות בבקבוק 700 ג',קונסוריזיו קאסאלסקו דל פ,IT,עגבניות מרוסקות דק ב,גרמים,700.00,100 גרם,false,,11.90,0.0170,true,1,3880819
8032793344292,false,עגבניות חתוכות דק בבקבוק 700ג,קונסוריזיו קאסאלסקו דל פ,IT,עגבניות חתוכות דק בק,גרמים,700.00,100 גרם,false,,11.90,0.0170,true,1,8225978
8032793344520,false,תרכיז עגבניות רסק עגבניות מרוכז מאוד,קונסוריזיו דל פרומוד,IT,רסק עגבניות מרוכז 20,גרמים,200.00,100 גרם,false,,6.90,0.0345,true,1,8267282
8032804430471,false,פליסיה קופסא - סדניני עדשים אדומות 250 גרם,אף.סי תבליני בגליל ב,IT,סדניני עדשים אדומות,גרמים,250.00,100 גרם,false,,12.90,0.0516,true,1,5492791
8076800195019,false,ברילה - צ.א ספגטי מס1 קפליני 500 גרם,ברילה גי.אי.אר פרטלי ס.פ,IT,קפליני מספר 1 ברילה,גרמים,500.00,100 גרם,false,,6.90,0.0138,true,1,1089300
8076800195033,false,ברילה - צ.א ספגטיני מס3 חדש 500 גרם,ברילה גי.אי.אר פרטלי ס.פ,IT,ספגטי מספר 3 ברילה 5,גרמים,500.00,100 גרם,false,,6.90,0.0138,true,1,1089301
8076800195057,false,ברילה - צ.א ספגטי מס5 חדש 500 גרם,ברילה גי.אי.אר פרטלי ס.פ,IT,ברילה ספגטיני מספר 5,גרמים,500.00,100 גרם,false,,6.90,0.0138,true,1,1089302
8076800195132,false,ברילה - צ.א בבטה מס13 500 גרם,ברילה גי.אי.אר פרטלי ס.פ,IT,אטריות בבטה 13 ברילה,גרמים,500.00,100 גרם,false,,6.90,0.0138,true,1,1089303
8076800315097,false,פסטה מקרוני בוקטיני מספר 9 ברילה 500 גרם,ברילה גי.אי.אר פרטלי ס.פ,IT,פסטה מקרוני בוקטיני,גרמים,500.00,100 גרם,false,,6.90,0.0138,true,1,1089304
8076802085738,false,ברילה צ.ק פנה רגטה מס' 73 500 גרם,ברילה גי.אי.אר פרטלי ס.פ,IT,פסטה פנה ריגטה ברילה,גרמים,500.00,100 גרם,false,,6.90,0.0138,true,1,1089307
8076802085837,false,ברילה - צ.ק טורטליוני מס83 500 גרם,הנסיך- מפעל לייצור ט,IT,פסטה מספר 83 ברילה 5,גרמים,500.00,100 גרם,false,,6.90,0.0138,true,1,1089308
8076802085981,false,ברילה - צ.ק פוזילי חדש 500 גרם,ברילה גי.אי.אר פרטלי ס.פ,IT,פסטה פוזילי ברילה 50,גרמים,500.00,100 גרם,false,,6.90,0.0138,true,1,1089312
8076808050440,false,פסטה מקרוני מספר 44 ברילה 500 גרם,ברילה Barilla,IT,פסטה מקרוני מספר 44,גרמים,500.00,100 גרם,false,,6.90,0.0138,true,1,1089314
8076808060654,false,פסטה פרפלה מספר 65 ברילה 500 גרם,ברילה גי.אי.אר פרטלי ס.פ,IT,פסטה פרפלה מספר 65 ב,גרמים,500.00,100 גרם,false,,6.90,0.0138,true,1,1089315
8076808070882,false,ברילה צ.מ קנלוני מס88 250 גרם,פאסטיפיקו ריגו אס.אר,IT,קנלוני מספר 88 ברילה,גרמים,250.00,100 גרם,false,,10.90,0.0436,true,1,1089316
8076808150072,false,ברילה - צ.א ספגטוני מס7 חדש 500 גרם,ברילה גי.אי.אר פרטלי ס.פ,IT,ספגטי מספר 7 ברילה 5,גרמים,500.00,100 גרם,false,,6.90,0.0138,true,1,1089317
8076809512268,false,פסטה גירנדולה טורסדס מספר 34 ברילה 500 גרם,ברילה גי.אי.אר פרטלי ס.פ,IT,פסטה גירנדולה טורסדס,גרמים,500.00,100 גרם,false,,6.90,0.0138,true,1,1089319
8076809513388,false,רוטב לפסטה ארביאטה ברילה 400 גרם,ברילה גי.אי.אר פרטלי ס.פ,IT,רוטב לפסטה ארביאטה ב,גרמים,400.00,100 גרם,false,,11.80,0.0295,true,1,1089320
8076809513395,false,ברילה פומודורו רוטב עגבניות קלאסי 400 גר,ברילה גי.אי.אר פרטלי ס.פ,IT,רוטב לפסטה פומודורו,גרמים,400.00,100 גרם,false,,11.80,0.0295,true,1,1089321
8076809513654,false,בסיס רוטב עגבניות לבולונז ברילה 400 גרם,ברילה גי.אי.אר פרטלי ס.פ,IT,בסיס רוטב עגבניות לב,גרמים,400.00,100 גרם,false,,11.80,0.0295,true,1,1089322
8076809513692,false,רוטב עגבניות נפולטנה בתוספת ירקות,ברילה גי.אי.אר פרטלי ס.פ,IT,רוטב לפסטה נפוליטנה,גרמים,400.00,100 גרם,false,,11.80,0.0295,true,1,1089323
8076809513739,false,ברילה רוטב עגבניות עם בזיליקום 400 גרם,ברילה גי.אי.אר פרטלי ס.פ,IT,רוטב לפסטה בזיליקום,גרמים,400.00,100 גרם,false,,11.80,0.0295,true,1,1089324
8076809523561,false,רוטב עגבניות עם עשבי תיבול 400 ג' ברילה,ברילה גי.אי.אר פרטלי ס.פ,IT,רוטב עגבניות ברילה 4,גרמים,400.00,100 גרם,false,,11.80,0.0295,true,1,1089331
8076809523738,false,דפי לזניה ברילה 500 גרם,ברילה גי.אי.אר פרטלי ס.פ,IT,לזניה ברילה 500 גרם,גרמים,500.00,100 גרם,false,,19.90,0.0398,true,1,1089334
8076809529419,false,ספגטי מחיטה מלאה מס' 5 500 ג' ברילה,ברילה גי. אי. אר פרט,IT,ספגטי חיטה מלאה בריל,גרמים,500.00,100 גרם,false,,11.90,0.0238,true,1,1089337
8076809545440,false,ברילה איטריות ללא גלוטן 400 גר,ברילה ג'.אי.אר פרטלי,IT,ברילה איטריות ללא גל,גרמים,400.00,100 גרם,false,,14.80,0.0370,true,1,2803221
8076809545457,false,ברילה אטריות ללא גלוטן 400 ג' צינורות 400 ג',ברילה ג'.אי.אר פרטלי,IT,ברילה צינורות ללא גל,גרמים,400.00,100 גרם,false,,14.80,0.0370,true,1,2803222
8076809545464,false,ברילה פסטה ללא גלוטן צורת ספירלי 400 גר,מולינו אנדריאני אס.א,IT,ברילה ספירלי ללא גלו,גרמים,400.00,100 גרם,false,,14.80,0.0370,true,1,2803223
8076809547956,false,ברילה - צ.ק קיפרי 500 גרם,ברילה ג'.אי.אר פרטלי,IT,ברילה צ.ק קיפרי 500,גרמים,500.00,100 גרם,false,,6.90,0.0138,true,1,8231506
8076809576352,false,ברילה לזניה ללא גלוטן 250 גרם,ברילה גי.אי.אר פרטלי,IT,ברילה לזניה ללא גלוט,גרמים,250.00,100 גרם,false,,19.90,0.0796,true,1,8327186
8121300207004,false,טרוביה - סטיביה ממתיק בצנצנת 270 גרם,קספרס פאקאגעהג,US,טרוביה סטיביה ממתיק,גרמים,270.00,100 גרם,false,,24.90,0.0922,true,1,8161707
8121300207172,false,טרוביה- סטיביה תערובת סוכר קנים- 500ג',קספרס פאקאגעהג,US,טרוביה סוכר קנים 500,גרמים,500.00,100 גרם,false,,33.90,0.0678,true,1,8108149
8121300208780,false,טרוביה תחליף סוכר לכל מטרה 360 גרם,טרוביה Truvia,US,טרוביה תחליף סוכר 36,גרמים,360.00,100 גרם,false,,34.90,0.0969,true,1,8404239
8121300209466,false,טרוביה תחליף סוכר חום 320 גרם,טרוביה Truvia,US,טרוביה תחליף סוכר חו,גרמים,320.00,100 גרם,false,,34.90,0.1091,true,1,8404240
8231218080603,false,מיחם לשבת כמות 6.5 ליטר BT-8080-60,,,מיחם לשבת כמות 6.5,יח',1.00,יח',false,,269.90,269.9000,true,1,8446612
8367383380467,false,קומקום נירוסטה צבעוני BT-8046 BENATON,,,קומקום נירוסטה צבעונ,יח',1.00,יח',false,,59.90,59.9000,true,1,8357157
8410001109978,false,ספוגי קרצוף ללכלוך קשה זוג,3m,ES,זוג ספוגי קרצוף ללכל,יח',1.00,יח',false,,9.90,9.9000,true,1,8297861
8410076610379,false,"חטיף בוטנים, חלבון סויה ושוקולד מריר עם ציפוי בטעם שוקולד",סריילטו ספיין פודס,ES,נייטשר ואלי פרוטאין,גרמים,160.00,100 גרם,false,,22.90,0.1431,true,1,3151147
8410076610386,false,נייטשר ואלי פרוטאין בוטנים עם ציפוי בטעם קרמל מלוח 160 ג',ג'\נרל מילס סאן אדריאן S,ES,נייטשר ואלי פרוטאין,גרמים,160.00,100 גרם,false,,22.90,0.1431,true,1,3151148
8410076610492,false,חטיף שיבולת שועל מלאה ובוטנים בציפוי עם חמאת בוטנים,יבואן ומשווק: ש. שסט,GB,חטיף סוויט אנד סולטי,יח',1.00,יח',false,,14.90,14.9000,true,1,3814316
8410076610508,false,"חטיף שיבולת שועל מלאה עם בוטנים, שקדים ושוקולד מריר בציפוי בטעם שוקולד",נייצ'ר ואלי Nature Valley,ES,חטיף סוויט אנד סולטי,יח',1.00,יח',false,,14.90,14.9000,true,1,3814317
8410076621047,false,עוגות אישיות בטעם שוקולד עם חתיכות בטעם שוקולד,"גלאטס סירו בע""\מ",ES,פייבר 1 בראוניז שוקו,גרמים,120.00,100 גרם,false,,14.90,0.1242,true,1,8283647
8410104039134,false,"מנקה ומחדש מדיח כלים פיניש 250 מ""ל",הדקלאים אגודת שיתופי,PL,FINISH MACHINE CLEAN. 12x,מיליליטרים,250.00,"100 מ""ל",false,,14.90,0.0596,true,1,1107717
8410104044916,false,פיניש אבקה למדיח 2.7 לימון,רקיט בנקיזר,PL,Finish powder 2.7,קילוגרמים,2.70,"ק""ג",false,,39.90,14.7778,true,1,1107718
8410104045111,false,"פיניש מלח למדיח כלים 2ק""ג",רקיט בנקיזר,IL,Finish Salt 2kg,קילוגרמים,2.00,"ק""ג",false,,13.90,6.9500,true,1,8235774
8410342004789,false,טוראס-שוקולד מריר 72% ללא סוכר 100 גרם,,,"שוקולד מריר 72% ללת""",גרמים,100.00,100 גרם,false,,14.90,0.1490,true,1,8262189
8410342004796,false,שוקולד מריר 85% ללא סוכר טוראס 100ג',צ'יקולטס טוארס,ES,טוראס שוקולד מריר 85,גרמים,100.00,100 גרם,false,,14.90,0.1490,true,1,8223406
8410342006585,false,"טוראס-שוקולד מריר 72% ללת""ס 75ג 1/12 (530)",,,"שוקולד מריר 72% ללת""",גרמים,75.00,100 גרם,false,,8.90,0.1187,true,1,8250317
8410376006070,false,בסקוויט גולון מריה 800 ג',גולון,ES,ביסקוויט מרי 800ג,גרמים,800.00,100 גרם,false,,11.60,0.0145,true,1,6976768
8410376009392,false,ביסקויט מחיטה מלאה ללא תוספת סוכר גולון 170 גרם,גאלטס גלון סא,ES,גולון- ביסקוויט חיטה מלאה,גרמים,170.00,100 גרם,false,,9.50,0.0559,true,1,1114239
8410376013191,false,קרקר פיק קוקטייל בצילינדר 350 גר גולון,GULLON,ES,גולון-קרקר פיק קוקטייל 35,גרמים,350.00,100 גרם,false,,9.90,0.0283,true,1,1114245
8410376014051,false,גולון-קרקר פיק מיניס 350 גר,GULLON,,גולון קרקר פיק עגול,גרמים,350.00,100 גרם,false,,9.90,0.0283,true,1,8460915
8410376014068,false,גולון קרקר פיק דגיגים 350גר,GULLON,,גולון קרקר פיק דגיגי,גרמים,350.00,100 גרם,false,,9.90,0.0283,true,1,8460916
8410376017113,false,גולון סיבקוויט סנדוויץ שוקו 500 גר,גולון,ES,גולון סיבקוויט סנדוו,גרמים,500.00,100 גרם,false,,9.50,0.0190,true,1,6976842
8410376017342,false,עוגיות גולון שוקו ציפס ללא גלוטן 200 גר,גולון,ES,גולון-עוגיות שוקו צ'יפס ל,גרמים,200.00,100 גרם,false,,16.90,0.0845,true,1,1114248
8410376023831,false,גולון-ביסקוויט ח.מלאה 400 גר' ללא סוכר 1/15,גולון,ES,גולון-ביסקוויט ח.מלאה 400,גרמים,400.00,100 גרם,false,,15.50,0.0388,true,1,1114253
8410376024326,false,גולון עוגיות מחיטה מלאה בציפוי שוקולד,,,גולון עוגיות שוקו לל,גרמים,270.00,100 גרם,false,,17.90,0.0663,true,1,8223386
8410376029079,false,גולון רונדיטוס ביסקויט ללא תוספת סוכר 186 גר,GULLON,,גולון רונדיטוס ביסקו,גרמים,186.00,100 גרם,false,,15.90,0.0855,true,1,2864086
8410376037883,false,גוליאן עוגיות שוקו צפס ללא גלוטן 130 ג ו,תות תעשיות מזון (201,ES,גולון-שוקו' ציפס ללא סוכר,גרמים,130.00,100 גרם,false,,10.90,0.0838,true,1,1114263
8410376042481,false,גולון ביסקווט קרם יוגורט ללא תוספת סוכר 220 גרם,גלטס גולון,ES,גולון ביסקווט קרם יו,גרמים,220.00,100 גרם,false,,13.90,0.0632,true,1,2945640
8410376042498,false,"גולון ויטלדיי ללת""ס 216 גר",,,"גולון ויטלדיי ללת""ס",גרמים,216.00,100 גרם,false,,16.90,0.0782,true,1,8335611
8410376057270,false,גולון-ביסקוויט ללא סוכר עם ש.מריר 150 גר' 1/12,גולון,ES,"גולון טאבלט ללת""ס",גרמים,150.00,100 גרם,false,,17.90,0.1193,true,1,8223387
8410376059397,false,גולון וופל שוקולד ללא תוספת סוכר 180 גרם,GULLON,ES,"וופל גולון ללת""ס שוק",גרמים,180.00,100 גרם,false,,14.90,0.0828,true,1,8311945
8410376064063,false,"גולון-שוקו רינג ביסקויט ללת""ס 150 גר",,ES,גולון ללא סוכר שוקו,גרמים,150.00,100 גרם,false,,12.90,0.0860,true,1,8409625
8410376064438,false,"גולון-פינאס ביסקויט שוקו חלב ללת""ס 150ג",,ES,גולון ללא סוכר פיינס,גרמים,150.00,100 גרם,false,,16.70,0.1113,true,1,8409649
8411037800037,false,מר בראוני שוקו ציפס 200 גר,,,מר בראוני שוקו ציפס,גרמים,200.00,100 גרם,false,,9.90,0.0495,true,1,8382320
8411037884402,false,מר בראוני שוקו ציפס סוכריות 200 גר,,,מר בראוני שוקו ציפס,גרמים,200.00,100 גרם,false,,9.90,0.0495,true,1,8382321
8411037892315,false,מר בראוני שוקולד קוקוס 200 גר,,,מר בראוני שוקולד קוק,גרמים,200.00,100 גרם,false,,9.90,0.0495,true,1,8382323
8411320234006,false,נתחי טונה לבנה בשמן זית (פחית) 112 ג ORTIZ,אורטיז ORTIZ,ES,אורטיז נתחי טונה לבנ,גרמים,112.00,100 גרם,false,,18.90,0.1687,true,1,8463954
8412765491245,false,מצית קליפר,,,מצית קליפר,יחידה,0.00,יחידה,false,,4.90,0.0000,true,1,8474156
8420708018817,false,גב.מנצ'גו כבשים36% 150גר,האי נאם סי או אל.טי.,ES,מנצ'גו בשלה 150 גר,גרמים,150.00,100 גרם,false,,24.70,0.1647,true,1,6156770
8420822130600,false,"ספריי סופר מסיר שומנים 750מ""ל יעקבי",קה לורדה,ES,סופר מסיר שומנים 750,מטרים,750.00,100 מ'ל,false,,14.90,0.0199,true,1,8357544
8420822130624,false,"ספריי סופר מסיר כתמים 750מ""ל יעקבי",קה לורדה,ES,סופר מסיר כתמים 750מ,מטרים,750.00,100 מ'ל,false,,15.90,0.0212,true,1,8357545
8423207206488,false,סלים דליס חטיף דגנים מצופה שוקולד חלב מרבה 6*20 גרם,אף.סי תבליני בגליל ב,ES,סלים דליס חטיף דגנים,גרמים,120.00,100 גרם,false,,10.80,0.0900,true,1,1099352
8423207206495,false,סלים דליס חטיף דגנים מצופה שוקולד מריר מרבה 6*20 גרם,אף.סי תבליני בגליל ב,ES,סלים דליס חטיף דגנים,גרמים,120.00,100 גרם,false,,10.80,0.0900,true,1,1099353
8423207206501,false,סלים דליס חטיף דגנים עם שוקולד חלב מרבה 6*13 גרם,סלים דליס Slim Delis,ES,סלים דליס חטיף דגנים,גרמים,13.00,100 גרם,false,,10.80,0.8308,true,1,1099354
8423207207362,false,חטיפי סלים דליס שוקולד לבן מרבה 6 יחידות,ביסנצ'ורי אס.אל.יו,ES,מרבה סלים דליס מצופה,גרמים,120.00,100 גרם,false,,10.80,0.0900,true,1,2602032
8423207208260,false,מרבה סלים דליס 125 ג' ללא גלוטן שוקולד חלב,ביסנצ'ורי אס.אל.יו,ES,מרבה סלים דליס ללא ג,גרמים,78.00,100 גרם,false,,10.80,0.1385,true,1,2774837
8423207208680,false,חטיף דגנים שוקולד סלים דליס לילדים מרבה 6 יחידות,ביסנצ'ורי אס.אל.יו,ES,סלים דליס לילדים שוק,גרמים,78.00,100 גרם,false,,10.80,0.1385,true,1,2824448
8423207208697,false,חטיפי סלים דליס לילדים שוקולד לבן מרבה 6 יחידות,ביסנצ'ורי אס.אל.יו,ES,סלים דליס לילדים שוק,גרמים,78.00,100 גרם,false,,10.80,0.1385,true,1,2824449
8423207208703,false,חטיפי סלים דליס שוקולד מריר מרבה 6 יחידות,ביסנצ'ורי אס.אל.יו,ES,סלים דליס שוקולד מרי,גרמים,120.00,100 גרם,false,,10.80,0.0900,true,1,2824450
8423207208871,false,פריכיות תירס בטעם טבעי סלים דליס 130 גרם,ביסנצ'ורי אס.אל.יו,ES,פריכיות תירס בטעם טב,גרמים,130.00,100 גרם,false,,8.90,0.0685,true,1,2932472
8423207208888,false,פריכיות תירס בטעם עגבניות ועשבי תיבול סלים דליס 123 ג',ביסנצ'ורי אס.אל.יו,ES,פריכיות תירס עגבניות,גרמים,123.00,100 גרם,false,,8.90,0.0724,true,1,2932473
8423207208895,false,פריכיות תירס בטעם זיתים ועירית סלים דליס 123 ג',ביסנצורי אס.אל.יו. ג,ES,פריכיות תירס בטעם זי,גרמים,123.00,100 גרם,false,,8.90,0.0724,true,1,2932474
8423207209885,false,מרבה חטיפי סלים דליס מהדורה מיוחדת שוקולד חלב,סלים דליס Slim Delis,ES,מרבה סלים דליס שוקול,גרמים,120.00,100 גרם,false,,10.80,0.0900,true,1,5739198
8423207210287,false,מרבה סלים דליס שוקולד לבן בטעם יוגורט 120 ג',סלים דליס Slim Delis,ES,מרבה סלים דליס שוקול,גרמים,120.00,100 גרם,false,,10.80,0.0900,true,1,6905494
8423207210928,false,חטיף דגנים מצופה שוקולד חלב ואגוזי לוז - 5 במארז,נוטרישן אנד סנטה קוב,ES,סלים דליס טופינג אגו,יח',1.00,יח',false,,10.80,10.8000,true,1,8266604
8423207210942,false,חטיף דגנים מצופה שוקולד לבן ופירות יער,נוטרישן אנד סנטה קוב,ES,סלים דליס טופינג פיר,יח',1.00,יח',false,,10.80,10.8000,true,1,8266605
8423207210966,false,חטיף רב דגנים מצופה שוקולד לבן קוקוס ולימון,נוטרישן אנד סנטה קוב,ES,סלים דליס טופינג קוק,יח',1.00,יח',false,,10.80,10.8000,true,1,8266606
8423207210980,false,סלים דליס טופינג קליפת תפוז 90 גרם,נוטרישן אנד סנטה קוב,ES,סלים דליס טופינג קלי,יח',1.00,יח',false,,10.90,10.9000,true,1,8266607
8425206000081,false,ריבת חלב מרדל 450 גרם,כלורוקס אוקלנד,ES,ריבת חלב מרדל,גרמים,450.00,100 גרם,false,,16.90,0.0376,true,1,2602865
8425206000142,false,ריבת חלב מרדל בקבוק לחיץ 370 גרם,MARDEL,ES,ריבת חלב בקבו' לחיץ,גרמים,370.00,100 גרם,false,,16.90,0.0457,true,1,4240299
8434165466333,false,קרקר קואטרה 350 גרם עגול,קאויקיולי,ES,מיני קרקרים עגולים 3,גרמים,350.00,100 גרם,false,,9.90,0.0283,true,1,8354712
8435495805168,false,"תינוקלין לכביסה לעור רגיש אולימפיק 1.25ק""ג",מולינו ניקולי s.p.a,PL,אבקת כביסה תינוקלין,קילוגרמים,1.25,"ק""ג",false,,21.90,17.5200,true,1,6269310
8435495805199,false,"אבקת כביסה תינוקלין שקית 3 ק""ג.",מולינו ניקולי s.p.a,TR,אבקת כביסה תינוקלין,קילוגרמים,3.00,"ק""ג",false,,39.90,13.3000,true,1,6382573
8435495807605,false,תינוקלין מרכך כביסה היפואלרגני מרוכז 1 ליטר,מולינו ניקולי s.p.a,TR,תינוקלין מרכך כביסה,יח',1.00,יח',false,,17.70,17.7000,true,1,7103302
8435495807636,false,"תינוקלין ג'ל כביסה בייבי סנסטיב היפואלרגני, 2 ליטר",פרוקטר אנד גמבל,TR,תינוקלין ג'ל כביסה 2,יח',1.00,יח',false,,29.90,29.9000,true,1,7203200
8435495819363,false,תינוקלין מרכך כביסה היפואלרגני 1 ליטר,פרוקטר אנד גמבל,TR,תינוקלין מרכך כביסה,ליטרים,1.00,100 ליטר,false,,17.70,17.7000,true,1,8350138
8437004395092,false,מארז בדיקת הריון חמישה מקלונים תשובה כנה 1 יחידה,,,בדיקת הריון,יח',1.00,יח',false,,28.00,28.0000,true,1,1114799
8445290427120,false,דגני פיטנס Fitness שוקולד מריר ובננה,נסטלה צרפת איטנקורט,FR,פיטנס שוקולד מריר וב,גרמים,330.00,100 גרם,false,,19.90,0.0603,true,1,8438011
8593868000050,false,"סטארופרמן פרימיום בהיר 500 מ""ל פחית",סטארופרמן,CZ,בירה סטארופרמן פרימי,100 יח',500.00,100 יח',false,,8.90,0.0178,true,1,8227465
8593868006014,false,בירה בלו מון פחית 50,"איי, בי, אינבוו",CZ,"פחית בלומון 500 מ""ל",מיליליטרים,500.00,"100 מ""ל",false,,10.90,0.0218,true,1,8302002
8594404001418,false,"בירה קוזל כהה בקבוק חוזר 500 מ""ל",פילזנסקי,CZ,קוזל בירה כהה צכיה 5,מיליליטרים,500.00,"100 מ""ל",false,,8.50,0.0170,true,1,4240617
8680861069013,false,מסטיק קנגו בטעמים 24 גר',רומגה אינדוסטרי,TR,קנגו מסטיק בטעמים 24,גרמים,24.00,100 גרם,false,,1.30,0.0542,true,1,5175287
8681554607444,false,"סבון ידיים רויאל (500מ""ל) פנינה שחור",,,סבון ידיים רויאל (50,מיליליטרים,500.00,"100 מ""ל",false,,9.90,0.0198,true,1,8301841
8681554607475,false,סבון ידיים רויאל ירוק,,,סבון ידיים רויאל ירו,מיליליטרים,500.00,"100 מ""ל",false,,9.90,0.0198,true,1,8348607
8681554607482,false,סבון ידיים רויאל אדום,,,סבון ידיים רויאל אדו,מיליליטרים,500.00,"100 מ""ל",false,,9.90,0.0198,true,1,8348608
8681692200033,false,מייפוד לחתול בקר 1 קג,,,מייפוד לחתול בקר 1 ק,יח',1.00,יח',false,,22.90,22.9000,true,1,8408598
8681692200071,false,מייפוד כבש 15 קג לכלבים,רקסי,TR,מייפוד כבש 15 קג לכל,יח',1.00,יח',false,,119.90,119.9000,true,1,8408600
8683130025574,false,"מרכך כביסה מרוכז אקסטרה לבנדר בדין 960 מ""ל",יבוא ושיווק: יוניליוור י,TR,בדין אקסטרא לבנדר 96,מטרים,960.00,100 מ'ל,false,,15.90,0.0166,true,1,8427422
8686868600037,false,המותג אביזרי שיער,,CN,אביזרי שיער,יח',1.00,יח',false,,5.90,5.9000,true,1,1114910
8686868600068,false,המותג אביזרי שיער,,CN,אביזרי שיער,יח',1.00,יח',false,,8.90,8.9000,true,1,1114913
8686868600075,false,המותג אביזרי שיער,,CN,אביזרי שיער,יח',1.00,יח',false,,9.90,9.9000,true,1,1114914
8686868600105,false,אביזרי שיער מברשות ה,,CN,אביזרי שיער,יח',1.00,יח',false,,12.90,12.9000,true,1,1114917
8686868600129,false,המותג אביזרי שיער,,CN,אביזרי שיער,יח',1.00,יח',false,,14.90,14.9000,true,1,1114919
8686868600150,false,המותג אביזרי שיער,,CN,אביזרי שיער,יח',1.00,יח',false,,17.90,17.9000,true,1,1114922
8686868600174,false,המותג אביזרי שיער,,CN,אביזרי שיער,יח',1.00,יח',false,,19.90,19.9000,true,1,1114924
8686868600235,false,אביזרי טיפוח שונים,,CN,אביזרי שיער,יח',1.00,יח',false,,12.90,12.9000,true,1,1114930
8690504081913,false,מקוויטיס טינס מצופה שוקולד חלב 150 גרם,"אולקר ביסקווי סנאי,",TR,טינס מצופה שוקולד חל,גרמים,150.00,100 גרם,false,,9.90,0.0660,true,1,6098687
8690504081920,false,מקוויטיס טינס מצופה שוקולד מריר 150 גרם,"אולקר ביסקווי סנאי, א.ס.",TR,טינס מצופה שוקולד מר,גרמים,150.00,100 גרם,false,,9.90,0.0660,true,1,6098599
8690504081937,false,מקוויטיס טינס שוקולד חלב וקפוצינו 150 גר,"אולקר ביסקווי סנאי,",TR,טינס שוקולד חלב וקפו,גרמים,150.00,100 גרם,false,,9.90,0.0660,true,1,6098688
8690526009254,false,אי טי אי - מיני עוגה אישית מצופה במילוי קרם קקאו 144 גרם,"GIDA ETI , טורקיה n\",TR,מיני עוגה אישית מצופ,גרמים,145.00,100 גרם,false,,7.90,0.0545,true,1,8233674
8690526009308,false,אי טי אי - חטיף קוקוס מצופה שוקולד חלב וכדורוני דגנים 126 גרם,גורי,TR,חטיף קוקוס מצופה שוק,גרמים,126.00,100 גרם,false,,7.90,0.0627,true,1,8233692
8690526009353,false,אי טי אי - מיני חטיף בוטנים נוגט קרמל מצופה שוקולד חלב 140 גרם,"GIDA ETI , טורקיה n\",TR,מיני חטיף בוטנים נוג,גרמים,126.00,100 גרם,false,,7.90,0.0627,true,1,8233693
8690526019154,false,אי טי אי - וופל קקאו במילוי קרם קקאו 142 גרם,מולינו ניקולי s.p.a,TR,וופל קקאו במילוי קרם,גרמים,142.00,100 גרם,false,,4.90,0.0345,true,1,8233695
8690526019178,false,אי טי אי - וופל קקאו במילוי קרם קוקוס 142 גרם,מולינו ניקולי s.p.a,TR,וופל קקאו במילוי קרם,גרמים,142.00,100 גרם,false,,4.90,0.0345,true,1,8233696
8690526032047,false,אי טי אי - שוקולד מריר 54% עם פיסטוק 90 גרם,,,שוקולד מריר 54% עם פ,גרמים,63.00,100 גרם,false,,3.90,0.0619,true,1,8349840
8690531032377,false,פלפלים קטנים חריפים במי מלח 340 גרם,גנגיר גידה,TR,פלפלים צהובים חריפים,גרמים,180.00,100 גרם,false,,6.80,0.0378,true,1,1086062
8690572778326,false,פה ד.ספרי אנטיפרספינט 200 מל 1/12,שוורצקופף והנקל,DE,דאו פה ספריי 200 צך,מיליליטרים,200.00,"100 מ""ל",false,,9.90,0.0495,true,1,4264450
8690572788851,false,"גליס - שמפו ביו טק 400 מ""ל",שוורצקופף והנקל,TR,גליס שמפו ביו טק 400,מיליליטרים,400.00,"100 מ""ל",false,,12.90,0.0323,true,1,8192040
8690572799482,false,"סאיוס מרכך לשיער גלי ומתולתל 500 מ""ל","הובי קוסמטיק, אנקרה, תור",TR,סאיוס מרכך קרטין 500,מיליליטרים,500.00,"100 מ""ל",false,,11.90,0.0238,true,1,8312026
8690572799499,false,"סאיוס - מרכך אולאו 500 מ""ל",הובי קוסמטיק,TR,סאיוס מרכך אולאו 500,מיליליטרים,500.00,"100 מ""ל",false,,11.90,0.0238,true,1,8312027
8690572799529,false,"סאיוס - שמפו קרטין 500 מ""ל","הובי קוסמטיק, אנקרה, תור",TR,סאיוס שמפו קרטין 500,מיליליטרים,500.00,"100 מ""ל",false,,11.90,0.0238,true,1,8312030
8690572799536,false,"סאיוס שמפו שמני הזנה 500 מ""ל","הובי קוסמטיק, אנקרה, תור",TR,סאיוס שמפו אולאו 500,מיליליטרים,500.00,"100 מ""ל",false,,11.90,0.0238,true,1,8312031
8690637504426,false,"קרם ניקוי סיף בניחוח לימון 500 מ""ל",יוניליוור סנאיי וי טיקאר,TR,פנטסטיק סיף קרם ניקו,מטרים,500.00,100 מ'ל,false,,10.90,0.0218,true,1,8357543
8690637505607,false,בדין אקסטרה מרכך כביסה בניחוח פינוק כחול,יוניליוור סנאיי וי טיקאר,TR,בדין אקסטרא בניחוח פ,מטרים,960.00,100 מ'ל,false,,15.90,0.0166,true,1,8335499
8690637505614,false,"מרכך כביסה בדין אקסטרה פינוק קוקוס 960 מ""ל",יוניליוור סנאיי וי טיקאר,TR,בדין אקסטרא בניחוח פ,מטרים,960.00,100 מ'ל,false,,15.90,0.0166,true,1,8335500
8690637506956,false,"דאב שמפו נגד קשקשים אלוורה 600 מ""ל",יוניליוור סנאי ווי טיקאר,TR,דאב שמפו למניעת קשקש,מטרים,600.00,100 מ'ל,false,,15.90,0.0265,true,1,8438993
8690637555084,false,"מרכך כביסה מרוכז אקסטרה פריחת התפוז בדין 960 מ""ל",יוניליוור סנאיי וי טיקאר,TR,בדין אקסטרא מרוכז תפ,מיליליטרים,960.00,"100 מ""ל",false,,15.90,0.0166,true,1,1093640
8690637688195,false,"תה ירוק קלאסי ליפטון 20 יחידות בד""צ",יונילוור - תורכיה,TR,ליפטון תה ירוק קלאסי,גרמים,30.00,100 גרם,false,,16.90,0.5633,true,1,2654599
8690637704277,false,"שמפו ומרכך לשיער רגיל 600 מ""ל דאב",יוניליוור טורקיה. אזור ת,TR,דאב שמפו יום יומי 2,מיליליטרים,600.00,"100 מ""ל",false,,15.90,0.0265,true,1,2703446
8690637704390,false,"מרכך שיער לטיפוח יום יומי דאב 600 מ""ל",יוניליוור טורקיה. אזור ת,TR,דאב מרכך יום יומי 60,מיליליטרים,600.00,"100 מ""ל",false,,15.90,0.0265,true,1,2703449
8690637704413,false,מרכך לשיקום אינטנסיבי לשיער פגום,יוניליוור טורקיה. אזור ת,TR,"דאב מרכך משקם 600 מ""",מיליליטרים,600.00,"100 מ""ל",false,,15.90,0.0265,true,1,2703450
8690637799594,false,תה ירוק ליפטון נענע בסגנון מרוקאי 20יח',בסן בסין סנאיי וי טי,TR,ליפטון תה ירוק נענע,יח',1.00,יח',false,,16.50,16.5000,true,1,3278967
8690637842399,false,מאגדת מגנום מיני דאבל פרי יער שוקולד 6 יח' נסטלה,יוניליוור סנאי וי סי,TR,מיני מגנום דאבל פירו,גרמים,47.00,100 גרם,false,,24.90,0.5298,true,1,6032684
8690637858734,false,גל לנ.כללי סיף אקונומיקה בנ.לימון 750 מל,יוניליוור ניקיון,IL,סיף ג'ל אקונומיקה לי,מיליליטרים,750.00,"100 מ""ל",false,,9.90,0.0132,true,1,6750589
8690637866654,false,תה ירוק קלאסי ליפטון 50 שקיקים 75ג',יוניליוור מזון,TR,ליפטון תה ירוק 50 יח,יח',1.00,יח',false,,24.90,24.9000,true,1,6934344
8690637971310,false,"מרכך כביסה מרוכז אקסטרה בניחוח יערת הדבש בדין 960 מ""ל",יוניליוור סנאיי וי טיקאר,TR,בדין אקסטרה ניחוח יע,יח',1.00,יח',false,,15.90,15.9000,true,1,8282859
8690637976995,false,"מרכך כביסה מרוכז אקסטרה ורוד סחלבים פראי בדין 960 מ""ל",יוניליוור סנאיי וי טיקאר,TR,בדין אקסטרה ורוד ניח,יח',1.00,יח',false,,15.90,15.9000,true,1,8282860
8690637989612,false,מאגדת מיני מגנום דולצה גולד 6 יח 246 גרם,יונילוור סנאיי וי טיג'\,TR,מגנום מיני דולצ'ה גו,גרמים,282.00,100 גרם,false,,24.90,0.0883,true,1,8314940
8690710009428,false,חלבה וניל 200 גר',,,חלווה 200 גר,גרמים,250.00,100 גרם,false,,8.90,0.0356,true,1,8409681
8690710009435,false,חלבה קקאו 200 גרם,,,חלבה שוקו 200 גר,גרמים,200.00,100 גרם,false,,8.90,0.0445,true,1,8356255
8690710137428,false,חלקום מיקס 250 גר',,,רחת לוקום 250 גר,גרמים,250.00,100 גרם,false,,14.90,0.0596,true,1,8409682
8690710138678,false,רחת לוקום ורד 125 גר,,,רחת לוקום ורד 125 גר,גרמים,125.00,100 גרם,false,,8.90,0.0712,true,1,8356278
8690758011025,false,צמר גפן 100 גרם,,,צמר גפן 100 גרם,גרמים,100.00,100 גרם,false,,3.70,0.0370,true,1,2805776
8690766156367,false,גודייבה שוקולד חלב מעולה 90 גרם,"אולקר מקבוצת פלאדיס,",TR,גודייבה שוקולד חלב מ,גרמים,90.00,100 גרם,false,,11.70,0.1300,true,1,8152899
8690766156374,false,גודייבה שוקולד מריר מעולה 72% מוצקי קקאו 72גרם,"אולקר מקבוצת פלאדיס,",TR,גודייבה שוקולד מריר,גרמים,90.00,100 גרם,false,,11.70,0.1300,true,1,8152900
8690766156381,false,גודייבה שוקולד מריר 90% מוצקי קקאו 90 גרם,"אולקר מקבוצת פלאדיס,",TR,גודייבה שוקולד מריר,גרמים,90.00,100 גרם,false,,11.70,0.1300,true,1,8152901
8690766156398,false,"שוקולד חלב מעולה בתוספת שברי שקדים קלויים,דבש ומלח 90 גרם","אולקר מקבוצת פלאדיס, ציק",TR,גודייבה שוקולד חלב ו,גרמים,90.00,100 גרם,false,,11.70,0.1300,true,1,8152938
8690766156404,false,שוקולד מריר מעולה גודייבה תפוז אדום 90 גרם,גודייבה,TR,גודייבה שוקולד מריר,גרמים,90.00,100 גרם,false,,11.70,0.1300,true,1,8152902
8690777203012,false,פלפלים ירוקים כבושים לא חריפים סרה ויליפוד 600 גרם,יוליניבר,TR,פלפלים ירוקים כבושים,גרמים,600.00,100 גרם,false,,12.90,0.0215,true,1,1098397
8690777206051,false,חציל קלוי על האש סרה ויליפוד 650 גרם,קוראהן פזלרמה וי דיס,TR,חציל קלוי על האש סרה,גרמים,650.00,100 גרם,false,,12.90,0.0198,true,1,1098400
8690777221405,false,פלפל אדום קלוי סרה ויליפוד 650 גרם,קוראהן פזלרמה וי דיס,TR,פלפלים אדומים קלויים,גרמים,400.00,100 גרם,false,,12.90,0.0323,true,1,1098402
8690784516440,false,דאק נוזל לניקוי מתקדם בניחוח לבנדה בודד 750מל,"אס.סי.ג'\ונסון מידרכט, ה",NL,דאק ג'ל נוזל לבנדר-ח,מיליליטרים,750.00,"100 מ""ל",false,,8.90,0.0119,true,1,5426722
8690784616775,false,סבון מוצק לאסלה דאק אקווה בלו 4 ב-1 80 ג,טואלט דאק (ג'ונסון),RS,דאק סבון מוצק אקווה,2 יח',1.00,2 יח',false,,7.90,7.9000,true,1,7103203
8692255778838,false,משקפי ראיה מעוצבות,,,משקפי ראיה מעוצבות,יח',1.00,יח',false,,12.90,12.9000,true,1,8427922
8693374264042,false,"אורז בסמטי 5 ק""ג",,,"אורז בסמטי 5 ק""ג",קילוגרמים,5.00,"10 ק""ג",false,,29.90,5.9800,true,1,8352609
8693495037853,false,זוג מברשות שיניים קולגייט סלים סופט זהב,הנסיך- מפעל לייצור ט,CN,מברשת שיניים סלים סו,2 יח',1.00,2 יח',false,,19.90,19.9000,true,1,1089355
8693495051002,false,קולגייט מברשת שיניים מיניונים 6+ לילדים,קולגייט פלמוליב,CN,קולגייט מברשת ילדים,יח',1.00,יח',false,,9.90,9.9000,true,1,5043029
8694686405857,false,מיטו מזון לחתול 1 קג,,TR,מיטו מזון לחתול 1 קג,יח',1.00,יח',false,,19.90,19.9000,true,1,8250078
8694686406120,false,בונאסיבו חתול כבש 2 קג,,,בונאסיבו חתול כבש 2,גרמים,2000.00,100 גרם,false,,49.90,0.0249,true,1,8349850
8696486406416,false,"מיצ'ו חתולים 3 ק""ג",נסטלה פורינה USA מק,US,מיצ'ו חתולים 3קג,יח',1.00,יח',false,,69.90,69.9000,true,1,8322217
8698782712567,false,"מגב חד להב 45 ס""מ יח",,IL,מגב חד להב,יח',1.00,יח',false,,19.90,19.9000,true,1,7839891
8698996003413,false,מגבות נייר 9ב1 רמילוי,,,מגבות נייר 9ב1 רמילו,יח',1.00,יח',false,,15.90,15.9000,true,1,8475524
8698996006483,false,ממחטות אף דו שכבתיות רמילוי,,,ממחטות אף דו שכבתיות,יח',1.00,יח',false,,18.90,18.9000,true,1,8311363
8698996006803,false,NUA ממחטות טישו חמישייה,,,מארז טישו 100*5 NUA,יח',1.00,יח',false,,9.90,9.9000,true,1,8480286
8699250030404,false,"זיתים שחורים יבשים במלח 1.5 ק""ג",מסטוי גידה איבס,TR,זית שחור יבש 1.5 קג,גרמים,1500.00,100 גרם,false,,29.90,0.0199,true,1,5379027
8710103875666,false,אוונט בקבוק נטורל 2 125 מל,פיליפס אוונט,GB,אוונט בקבוק נטורל 12,יחידה,0.00,יחידה,false,,39.90,0.0000,true,1,8430350
8710103949176,false,אוונט מוצץ 0-6 ULTRA AIR כחול צהוב HAPPY,פיליפס אוונט,NL,אוונט זוג מוצצי אייר,יחידה,2.00,יחידה,false,,39.90,19.9500,true,1,8430317
8710103949435,false,אוונט זוג מוצצי אייר קול 6-18 בנות,פיליפס אוונט,NL,אוונט זוג מוצצי אייר,יחידה,2.00,יחידה,false,,39.90,19.9500,true,1,8430356
8710502139017,false,עוגיות מרבה טריפל שוקולד שוקוצ'יפס 180ג',בנקטבקריי מרבה בי.וי,NL,עוגיות טריפל שוקולד,גרמים,180.00,100 גרם,false,,9.80,0.0544,true,1,1099359
8710502194801,false,"עוגיות שוקלד ציפס רכה פירות יער ""מרבה"" 175 גרם",בנקטבקריי מרבה בי.וי,NL,מרבה עוגיות שוקולד צ,גרמים,175.00,100 גרם,false,,9.80,0.0560,true,1,3348037
8710502285509,false,עוגיות לימון ושוקולד צ'יפס במרקם רך 175 ג' מרבה,בנקטבקריי מרבה בי.וי,NL,מרבה עוגיות לימון וש,גרמים,175.00,100 גרם,false,,9.80,0.0560,true,1,8346900
8710502405204,false,עוגיות שוקולד צ'יפס עם קרם שוקולד מרבה 175 גרם,קריניציה ויטמינה אס,NL,עוגיות שוקולד צ'יפס,גרמים,175.00,100 גרם,false,,9.80,0.0560,true,1,1099366
8710502470028,false,עוגיות שוקולד צ'יפס ממולאות בקרם נוגט,"מרבה בע""\מ",NL,עוגיות נוגטלי מרבה 1,גרמים,160.00,100 גרם,false,,9.80,0.0613,true,1,1099368
8710552274614,false,שמפו קצף לנ.שטיחים וניש קליה גולד 600 מל,קליה וניש Kalia Vanish,GB,וניש קליה גולד לשטיח,מיליליטרים,600.00,"100 מ""ל",false,,22.90,0.0382,true,1,6625047
8710625551505,false,ליקר קאנטרי ליין 700 מל,,,ליקר קאנטרי ליין 700,מטרים,700.00,100 מ'ל,false,,49.90,0.0713,true,1,8371086
8710800027573,false,סוכריות מיני בטעם פירות מנטוס 178 גרם,פרפטי ואן מלה ברדה,NL,סוכריות מיני בטעם פי,גרמים,178.00,100 גרם,false,,12.30,0.0691,true,1,1099882
8710800961310,false,סוכריות בטעם תות מנטוס 4*375 גרם,פרפטי ואן מלה ברדה,NL,סוכריות בטעם תות מנט,גרמים,150.00,100 גרם,false,,10.70,0.0713,true,1,1099883
8710847942679,false,טרזמה שמפו לשיער יבש בתוספת שמן המפ,יוניליוור,PL,טרזמה שמפו שמן הביסק,מטרים,400.00,100 מ'ל,false,,14.90,0.0373,true,1,8335501
8711000362679,false,קפסולות קפה תואמות נספרסו קולומביה 8 ל'אור 10 יחידות,ג'\ייקובס דאו אגרבטס צרפ,FR,לור קפסולות אספרסו ק,יח',1.00,יח',false,,16.80,16.8000,true,1,7585016
8711000362747,false,קפסולות קפה תואמות נספרסו ריסטרטו 11 ל'אור 10 יחידות,גיקובס דאו אגברטס צרפת,FR,לור קפסולות קפה אספר,יח',10.00,יח',false,,16.80,1.6800,true,1,6908377
8711000371176,false,ג'ייקובס קפסולות קפה אספרסו קלאסיקו עוצמה 7,ג'ייקובס דאו אגברטס צרפת,FR,ג'ייקובס קפסולות קפה,גרמים,52.00,100 גרם,false,,14.80,0.2846,true,1,7103297
8711000371183,false,ג'ייקובס קפסולות קפה אספרסו אינטסו עוצמה 10,ג'ייקובס דאו אגברטס צרפת,FR,ג'ייקובס קפסולות קפה,גרמים,52.00,100 גרם,false,,14.80,0.2846,true,1,7103298
8711000371206,false,ג'ייקובס קפסולות קפה אספרסו ריסטרטו עוצמה 12,ג'ייקובס דאו אגברטס צרפת,FR,ג'ייקובס קפסולות קפה,גרמים,52.00,100 גרם,false,,14.80,0.2846,true,1,7103299
8711000371244,false,"ג'ייקובס קפסולות אספרסו (8) 10 יח', 52ג' לונגו",ג'\ייקובס דאו אגברטס,FR,ג'ייקובס קפסולות אספ,יח',1.00,יח',false,,14.80,14.8000,true,1,8127111
8711000495933,false,ג'ייקובס בריסטה קפסולות קלייה כהה 10,JDE,FR,ג'ייקובס בריסטה קפסו,גרמים,52.00,100 גרם,false,,16.80,0.3231,true,1,8461666
8711000497050,false,ג'ייקובס בריסטה קפסולות קולומביה 9,JDE,FR,ג'ייקובס בריסטה קפסו,גרמים,52.00,100 גרם,false,,16.80,0.3231,true,1,8461667
8711327475618,false,"מגנום פיינט וניל קלאסיק 440 מ""ל","מפעל גלידות בווספרם, רחו",HU,מגנום פיינט וניל קלא,גרמים,325.00,100 גרם,false,,19.90,0.0612,true,1,8296086
8711327475663,false,"מגנום פיינט וניל שוקולד לבן 440 מ""ל","מפעל גלידות בווספרם, רחו",HU,מגנום פיינט וניל שוק,גרמים,325.00,100 גרם,false,,19.90,0.0612,true,1,8296087
8711327475717,false,מגנום פיינט וניל שקדים 260 גרם,"מפעל גלידות בווספרם, רחו",HU,מגנום פיינט וניל שקד,גרמים,325.00,100 גרם,false,,19.90,0.0612,true,1,8296088
8711327475762,false,מגנום פיינט שוקולד לבן עוגיות 260 גרם,"מפעל גלידות בווספרם, רחו",HU,מגנום פיינט שוקולד ל,גרמים,325.00,100 גרם,false,,19.90,0.0612,true,1,8296089
8712000051099,false,"שישיית בירה היינקן 0% אלכוהל בקבוק 330 מ""ל","מבשלת היינקן, ריטבלדנברג",NL,היינקן מארז שישייה 0,ליטרים,1.98,ליטר,false,,29.90,15.1010,true,1,7515938
8712400802499,false,תרכובת מזון המשך לפעוטות על בסיס חלב שלב 1,נוטרישיה קאלק ב. ו.,NL,נוטרילון 1- 800 גרם,גרמים,800.00,100 גרם,false,,59.90,0.0749,true,1,1099371
8712400802512,false,תרכובת מזון המשך לפעוטות על בסיס חלב שלב 2,נוטרישיה קאלק ב. ו.,NL,נוטרילון 2- 800 גרם,גרמים,800.00,100 גרם,false,,59.90,0.0749,true,1,1099373
8712400802536,false,תרכובת מזון המשך לפעוטות על בסיס חלב שלב 3,נוטרישיה קאלק ב. ו.,NL,נוטרילון 3- 800 גרם,גרמים,800.00,100 גרם,false,,59.90,0.0749,true,1,1099375
8714599104330,false,ג'ייקובס קפה שחור 85 גרם קלוי וטחון טורקי,ג'ייקובס Jacobs,RU,גייקובס קפה שחור קלו,גרמים,85.00,100 גרם,false,,7.90,0.0929,true,1,8078387
8714599412336,false,קפה נמס בריסטה אמריקנו קלוי וטחון 160 ג' ג'ייקובס,ג'\ייקובס דאו אגברטס רוס,RU,גייקובס בריסטה אמריק,גרמים,160.00,100 גרם,false,,26.90,0.1681,true,1,8333355
8714599513781,false,"קפה נמס מיובש בהקפאה זהב צנצנת ג'ייקובס 200 גרם לל""ס",אל.אל. סי ג''יקובס דאו א,RU,ג'יקובס קרנט זהב 200 גרם,גרמים,200.00,100 גרם,false,,24.90,0.1245,true,1,2847673
8714599513835,false,גי'קובס קרונונג נייט אנד דיי - נטול קופיאין,ג'ייקובס Jacobs,DE,ג'יקובס קרוננג נייט אנד ד,גרמים,200.00,100 גרם,false,,32.90,0.1645,true,1,3315972
8714599513866,false,"קפה נמס מיובש בהקפאה קרונג צנצנת ג'ייקובס 200 גרם לל""ס",אל.אל.סי גייקובס דאו,RU,ג'יקובס קרונונג 200 גרם,גרמים,200.00,100 גרם,false,,24.90,0.1245,true,1,2847674
8714789177229,false,רבעיית מברשות שיניים קולגייט אקסטרה קלין 1 יחידה,הנסיך- מפעל לייצור ט,CN,מברשת שיניים אקסטרה,יח',4.00,יח',false,,9.90,2.4750,true,1,1089366
8714789218465,false,מברשת שיניים 360 סופט קולגייט 2 יחידות,הנסיך- מפעל לייצור ט,CN,*מבצע* מברשת שיניים,יח',2.00,יח',false,,19.90,9.9500,true,1,1089371
8714789303925,false,מברשת שיניים 360 סנסטיב רכה במיוחד קולגייט 2 יחידות,קולגייט- פלמוליב,CH,*מבצע* מברשת שיניים,יח',2.00,יח',false,,19.90,9.9500,true,1,1089378
8714789402918,false,נוזל לניקוי כללי ורצפות בניחוח פרחי בר אג'קס 1.5 ליטר,הנסיך- מפעל לייצור ט,GR,נוזל לניקוי כללי ורצ,ליטרים,1.50,ליטר,false,,19.90,13.2667,true,1,1089384
8714789402970,false,נוזל לניקוי כללי ורצפות בניחוח פרחי אביב אגק'ס 1.5 ליטר,הנסיך- מפעל לייצור ט,GR,נוזל לניקוי כללי ורצ,ליטרים,1.50,ליטר,false,,19.90,13.2667,true,1,1089386
8714789450315,false,פלמוליב נוזל כלים לימון 1.5 ליטר,הנסיך- מפעל לייצור ט,GR,פלמוליב שקוף לימון 1,ליטרים,1.50,ליטר,false,,15.90,10.6000,true,1,1089388
8714789529561,false,"משחת שיניים סנסטיב פרו ריליף להלבנה קולגייט 75 מ""ל",קולגייט-פלמוליב,BR,משחת שיניים סנסטיב פ,מטרים,75.00,100 מ'ל,false,,17.90,0.2387,true,1,1089402
8714789582764,false,"אג'קס ספריי חלונות פעולה משולשת 750מ""ל",קולגייט-פלמוליב,GR,"אגקס טריגרם 750 מ""ל",מיליליטרים,750.00,"100 מ""ל",false,,14.90,0.0199,true,1,2666209
8714789797786,false,"פלמוליב נוזל לניקוי כלים גריז בלסטר 750 מ""ל",יבואן ומשווק: ש. שסט,GR,פלמוליב נוזל לניקוי,מיליליטרים,750.00,"100 מ""ל",false,,8.80,0.0117,true,1,1089418
8714789831275,false,מברשת שיניים 360 אופטיק ווייט קולגייט 2 יחידות,קולגייט-פלמוליב,CN,*מבצע* מברשת שיניים,יח',2.00,יח',false,,19.90,9.9500,true,1,1089423
8714789834467,false,פלמוליב נוזל לניקוי כלים קלאסי 1.5 ליטר,קולגייט-פלמוליב,GR,פלמוליב נוזל לניקוי,ליטרים,1.50,ליטר,false,,15.90,10.6000,true,1,1089424
8714789966403,false,ליידי ספיד סטיק פיור פרשנס ג'ל,קולגייט פלמוליב,US,ליידי ספיד סטיק פרו,מטרים,65.00,100 מ'ל,false,,16.90,0.2600,true,1,8340750
8715035150300,false,"רוטב סויה קיקומן ללא מ""ל 250 גלוטן",קיקומן פודז יורופ בי,NL,רוטב סויה קיקומן ללא,מיליליטרים,250.00,"100 מ""ל",false,,19.90,0.0796,true,1,7006939
8715700110141,false,מיונז קרמי היינץ צנצנת 460ג',ה.י.היינץ הולדינג בי.וי,NL,ממרח היינץ צנצנת 460,גרמים,460.00,100 גרם,false,,11.80,0.0257,true,1,5383527
8715700115641,false,ממרח מיונז לחיץ לייט במרקם קרמי 420 ג' היינץ,"פודליצקי ספ.ז.או.או,.",PL,היינץ ממרח קרמי 420,גרמים,420.00,100 גרם,false,,14.90,0.0355,true,1,4862153
8715700117805,false,"קטשופ היינץ מתבל עגבניות ללא תוספת סוכר ומלח 425 מ""ל","ה.י היינץ הולדינג בי.וי,",NL,היינץ מתבל עגבניות ל,גרמים,425.00,100 גרם,false,,9.90,0.0233,true,1,8214660
8715700118925,false,קטשופ היינץ חריף 460 גרם,ה.י. היינץ,NL,קטשופ היינץ חריף 460,גרמים,460.00,100 גרם,false,,11.90,0.0259,true,1,8475448
8715700419718,false,מתבל עגבניות היינץ 910 גרם,ה.י. היינץ,NL,קטשופ היינץ 910 גרם,גרמים,910.00,100 גרם,false,,12.80,0.0141,true,1,2737738
8715700422473,false,ממרח לכריכים וסלטים ללא ח. משמרים היינץ 395 גרם,ה.י. היינץ,NL,ממרח ספריד היינץ 395,גרמים,100.00,100 גרם,false,,14.90,0.1490,true,1,3990741
8715700423906,false,היינץ מתבל עגבניות מופחת סוכר ומלח 50/50 550 גרם,היינץ צפון אמריקה מק,NL,היינץ מתבל עגבניות 5,גרמים,555.00,100 גרם,false,,9.90,0.0178,true,1,5880867
8717163628812,false,מסכה טרזמה ללא סולפטים להחלקה ולצביעה300,"יוניליוור פולין, רחוב קר",PL,טרזמה מסכה להחלקה וצ,מיליליטרים,300.00,"100 מ""ל",false,,29.90,0.0997,true,1,8247178
8717163655764,false,"רקסונה - דאודורנט ספריי לאישה שוואר פרש 150 מ""ל","קוסטר אירוסול, גבזה 4140",GB,רקסונה דאודורנט ספרי,מיליליטרים,150.00,"100 מ""ל",false,,9.90,0.0660,true,1,8108038
8717163663493,false,"רקסונה - דאודורנט ספריי לגבר קובלט דריי 150 מ""ל","יוניליוור אנגליה, דרך קו",GB,רקסונה דאו ספריי לגב,מיליליטרים,150.00,"100 מ""ל",false,,9.90,0.0660,true,1,8161543
8717677336593,false,טוניס שוקולד חלב 180 גרם רבנות - נוכרי,טוניס/שוקולונלי,NL,שוקולד טוניס שוקולונ,גרמים,180.00,100 גרם,false,,17.90,0.0994,true,1,8367859
8717677336616,false,שוקולד מריר עם שקדים ומלח טוניס' שוקולונלי 180 גרם,טוניס/שוקולונלי,NL,שוקולד טוניס שוקולונ,גרמים,180.00,100 גרם,false,,17.90,0.0994,true,1,8367839
8717677336630,false,שוקולד חלב עם שקדים ודבש טוניס' שוקולונלי 180 גרם,טוניס/שוקולונלי,NL,שוקולד טוניס שוקולונ,גרמים,180.00,100 גרם,false,,17.90,0.0994,true,1,8367881
8717677336654,false,טוניס - שוקולד חלב מעולה עם שברי קרמל מלוח,טוניס/שוקולונלי,NL,טוניס שוקולד חלב+שבר,גרמים,180.00,100 גרם,false,,17.90,0.0994,true,1,8437466
8717677338436,false,שוקולד חלב עם אגוזי לוז טוניס' שוקולונלי 180 גרם,טוניס/שוקולונלי,NL,שוקולד טוניס שוקולונ,גרמים,180.00,100 גרם,false,,17.90,0.0994,true,1,8367861
8718114734484,false,מיונז מאילי 320 גר צ,יונילבר צרפת,FR,מיונז מיילי 320 גרם,גרמים,320.00,100 גרם,false,,12.90,0.0403,true,1,6156796
8718692610835,false,שלישית בקבוקי סודה סטרים פיוז 1 ליטר,סודה סטרים,IL,שלישיית בקבוקים 1לי,יח',1.00,יח',false,,49.00,49.0000,true,1,3113958
8718951001596,false,"ספריי ניקוי לאמבטיה 600 מ""ל ""א'גקס""",הנסיך- מפעל לייצור ט,GR,אג'קס ספריי אמבטיה 6,מיליליטרים,600.00,"100 מ""ל",false,,11.90,0.0198,true,1,2763154
8718951001602,false,"ספריי לניקוי רב פעולות 600 מ""ל ""א'גקס""",הנסיך- מפעל לייצור ט,GR,אג'קס ספריי כללי 600,מיליליטרים,600.00,"100 מ""ל",false,,11.90,0.0198,true,1,2763155
8718951031241,false,משחת שיניים אלמקס מנטרל חומצות סוכר 75 מל,CP-Poland swidnica,PL,משחת שיניים אלמקס מנ,מיליליטרים,75.00,"100 מ""ל",false,,18.90,0.2520,true,1,8477029
8718951044913,false,מרידול משחת שיניים להלבנה 75 מל,קולגייט פלמוליב,PL,מרידול משחת שיניים 7,מטרים,75.00,100 מ'ל,false,,21.90,0.2920,true,1,2763125
8718951048669,false,אג'קס ספריי לניקוי חלונות בניחוח חגיגת הפרחים,SAS-VA COLGATE-PALMOLIVE,FR,אג'קס ספרי ניקויי חל,מטרים,750.00,100 מ'ל,false,,14.90,0.0199,true,1,8373263
8718951079205,false,"קולגייט סנסיטיב פרו רליף רפיר אנד פריוונט 75 מ""ל",קולגייט-פלמוליב,PL,קולגייט סנסיטיב פרו,מטרים,75.00,100 מ'ל,false,,17.90,0.2387,true,1,4544781
8718951144064,false,מרידול מברשת שיניים פרודונט אקספרט זוג,"ש. שסטוביץ בע""\מ",CH,מרידול מברשת שיניים,100 יח',1.00,100 יח',false,,34.90,34.9000,true,1,4149134
8718951159808,false,מברשות שיניים 360 מדיום- מארז שלישייה,קולגייט-פלמוליב,CN,קולגייט מברשת 360 של,יח',3.00,יח',false,,24.90,8.3000,true,1,5014204
8718951166288,false,"משחת שיניים קולגייט מקס וייט 125 מ""ל",הנסיך- מפעל לייצור ט,PL,קולגייט משחת מקס ויי,מיליליטרים,125.00,"100 מ""ל",false,,17.90,0.1432,true,1,6981720
8718951166561,false,משחת שיניים לרעננות מוגברת max fresh cooling crystals,הנסיך- מפעל לייצור ט,PL,קולגייט משחת מקס פרש,מיליליטרים,125.00,"100 מ""ל",false,,17.90,0.1432,true,1,6981721
8718951176874,false,קולגייט שטיפת פה לילדים מיניונים 250 מל,קולגייט-פלמוליב,PL,קולגייט מי פה מיניון,מטרים,250.00,100 מ'ל,false,,14.90,0.0596,true,1,8340751
8718951236790,false,"קולגייט טוטאל משחת שיניים קלין מינט לפה בריא 100 מ""ל",קולגייט פלמוליב,PL,קולגייט טוטאל משחת ש,מטרים,100.00,100 מ'ל,false,,16.80,0.1680,true,1,7203058
8718951236813,false,"קולגייט טוטאל משחת שיניים ניקוי מתקדם לפה בריא יותר 100 מ""ל",קולגייט פלמוליב,PL,קולגייט טוטאל משחת ש,יח',1.00,יח',false,,16.80,16.8000,true,1,7203060
8718951259409,false,"פלמוליב תחליב רחצה נטורלס לעור עדין 750 מ""ל",קולגייט פלמוליב,IT,פלמוליב נטורלס תחליב,מטרים,750.00,100 מ'ל,false,,19.90,0.0265,true,1,8466939
8718951264618,false,"קולגייט אופטיק וייט פחם צ'רקול משחת שיניים, 75 מ""ל",קולגייט-פלמוליב,PL,קולגייט אופטיק וייט,יח',1.00,יח',false,,24.90,24.9000,true,1,8231508
8718951286733,false,"קולגייט אופטיק וייט לסטינג וייט משחת שיניים 75 מ""ל",קולגייט Colgate,PL,קולגייט אופטיק וייט,מטרים,75.00,100 מ'ל,false,,24.90,0.3320,true,1,8346875
8718951296794,false,פלמוליב ג'ל רחצה נורדיק האג 500 מל,CP UK,IT,פלמוליב ג'ל רחצה נור,מיליליטרים,500.00,"100 מ""ל",false,,15.90,0.0318,true,1,8334639
8718951314023,false,פלמוליב נטורלס תחליב רחצה אפרסק 750 מל,קולגייט פלמוליב,TR,פלמוליב נטורל תחליב,מיליליטרים,750.00,"100 מ""ל",false,,19.90,0.0265,true,1,8355985
8718951315303,false,"קולגייט אדומה משחת שיניים להגנה מפני עששת 2*100 מ""ל",קולגייט-פלמוליב,PL,משחה קולגייט אדומה ז,מיליליטרים,200.00,"100 מ""ל",false,,19.90,0.0995,true,1,8253856
8718951319806,false,פלמוליב לגבר גל רחצה ושמפו מרענן 750 משא,פלמוליב Palmolive,TR,פלמוליב לגבר ג'ל רחצ,מיליליטרים,750.00,"100 מ""ל",false,,19.90,0.0265,true,1,8220321
8718951333048,false,"פלמוליב סבון לידיים למטבח, 300 מ""ל",הנסיך- מפעל לייצור ט,IT,פלמוליב סבון ידיים ל,מיליליטרים,300.00,"100 מ""ל",false,,10.90,0.0363,true,1,8310742
8718951345119,false,נוזל לניקוי רצפות וכללי היביסקוס 2 ליטר,הנסיך- מפעל לייצור ט,GR,אגקס ניקוי כללי עוצמ,ליטרים,1.00,ליטר,false,,22.90,22.9000,true,1,8296608
8718951350137,false,"פלמוליב תחליב רחצה מקדמיה וקקאו עם חמאת שיאה 750 מ""ל",קולגייט פלמוליב,IT,פלמוליב נטורלס תחליב,מטרים,750.00,100 מ'ל,false,,19.90,0.0265,true,1,8466940
8718951354807,false,נוזל רצפות אגקס חגיגת הפרחים יסמין 1.5 ל,קולגייט פלמוליב,GR,אג'קס חגיגת הפרחים י,ליטרים,1.50,ליטר,false,,19.90,13.2667,true,1,8281669
8718951370135,false,"סבון נוזלי ארומה סנסיישן גלואו 750 מ""ל פלמוליב",קולגייט פלמוליב,TR,פלמוליב ארומה סנסייש,מיליליטרים,750.00,"100 מ""ל",false,,19.90,0.0265,true,1,8262141
8718951377998,false,קולגייט סופט פואם זוג מברשות שיניים לניק,קולגייט פלמוליב,CN,קולגייט מברשת סופטנס,יח',1.00,יח',false,,29.90,29.9000,true,1,8290929
8718951381292,false,"משחת שיניים מקס דיטוקס פואם קולגייט 125 מ""ל",קולגייט Colgate,PL,קולגייט משחת מקס דיט,מיליליטרים,125.00,"100 מ""ל",false,,17.90,0.1432,true,1,8296609
8718951382718,false,"פלמוליב ג'ל רחצה חימר התחדשות 750 מ""ל",קולגייט פלמוליב,TR,פלמוליב ג'ל רחצה חימ,מיליליטרים,750.00,"100 מ""ל",false,,19.90,0.0265,true,1,8266613
8718951382787,false,"משחת שיניים אופטיק וויט חימר ומינרלים 75 מ""ל קולגייט",קולגייט Colgate,PL,קולגייט משחת אופטיק,מטרים,75.00,100 מ'ל,false,,24.90,0.3320,true,1,8367217
8718951385290,false,נוזל לניקוי כללי ורצפות אג'קס 2 ליטר,קולגייט פלמוליב,GR,נוזל לניקוי כללי ורצ,ליטרים,2.00,ליטר,false,,19.90,9.9500,true,1,8304724
8718951391314,false,"מרסס אגקס טריגר אנטי בקטריאלי 500 מ""ל",קולגייט-פלמוליב,GR,אג'קס טריגר אנטי בקט,מיליליטרים,500.00,"100 מ""ל",false,,9.90,0.0198,true,1,8314355
8718951400474,false,"תחליב רחצה קמליה ושקדים ללא משאבה750 מ""ל פלמולי",קולגייט פלמוליב,TR,פלמוליב נטורלס תחליב,מטרים,750.00,100 מ'ל,false,,19.90,0.0265,true,1,8427160
8718951400597,false,"תחליב רחצה קוקוס וחלב ללא משאבה750 מ""ל פלמוליב",קולגייט פלמוליב,TR,פלמוליב תחליב רחצה 7,מטרים,750.00,100 מ'ל,false,,19.90,0.0265,true,1,8425764
8718951409798,false,זוג מברשות שיניים מקס וויט פחם קולגייט,הנסיך- מפעל לייצור ט,PL,קולגייט מברשת מקס וו,גרמים,2.00,100 גרם,false,,24.90,12.4500,true,1,8328785
8718951415836,false,קולגייט מי פה פלאקס פחם לחיוך לבן 500 מל,קולגייט Colgate,PL,קולגייט מי פה פלאקס,מיליליטרים,500.00,"100 מ""ל",false,,24.90,0.0498,true,1,8334642
8718951423558,false,"סבון רחצה גוף ונשמה קמומיל 750 מ""ל פלמוליב",שסטוביץ,TR,פלמוליב סבון רחצה גו,מטרים,750.00,100 מ'ל,false,,19.90,0.0265,true,1,8367218
8718951428492,false,"פלמוליב סבון רחצה לגבר 4ב1 מועשר בפחם 750 מ""ל",שסטוביץ,TR,פלמוליב סבון רחצה לג,מטרים,750.00,100 מ'ל,false,,19.90,0.0265,true,1,8373264
8718951431614,false,"סבון רחצה פלמוליב סו פירם מינרלים משאבה 750 מ""ל",קולגייט פלמוליב,TR,פלמוליב סבון רחצה סו,מטרים,750.00,100 מ'ל,false,,19.90,0.0265,true,1,8346901
8718951433120,false,קולגייט טוטאל משחת שיניים לילדים לגילאי,קולגייט פלמוליב,PL,קולגייט טוטאל משחת ש,מטרים,50.00,100 מ'ל,false,,14.80,0.2960,true,1,8435875
8718951441378,false,"קולגייט הלבנה עם פחם 75 מ""ל",,,קולגייט הלבנה עם פחם,מטרים,75.00,100 מ'ל,false,,16.90,0.2253,true,1,8466908
8718951470538,false,קולגייט משחת שיניים מקס פרש ביטיוב 125*2 כשלפ,קולגייט פלמוליב,PL,קולגייט משחת שיניים,גרמים,125.00,100 גרם,false,,29.90,0.2392,true,1,8383531
8718951497184,false,"סבון רחצה פלמוליב ים תיכוני משאבה 750 מ""ל",פלמוליב,TR,פלמוליב סבון גוף ים,מיליליטרים,750.00,"100 מ""ל",false,,19.90,0.0265,true,1,8477030
8718951497207,false,"סבון רחצה פלמוליב מועשר בלחות משאבה 750 מ""ל",פלמוליב,TR,פלמוליב סבון גוף מע,מיליליטרים,750.00,"100 מ""ל",false,,19.90,0.0265,true,1,8477031
8718951509627,false,"קולגייט אופטיק וייט לאוהבי קפה ותה משחת שיניים 75 מ""ל",קולגייט פלמוליב,PL,קולגייט אופטיק וויט,יח',1.00,יח',false,,24.90,24.9000,true,1,8398638
8719128117249,false,"סירופ פפסי מקס 440 מ""ל סודהסטרים",סודה סטרים,IL,סירופ פפסי מקס,מיליליטרים,440.00,"100 מ""ל",false,,22.90,0.0520,true,1,8319194
8719128117256,false,"סירופ סבן אפ 440 מ""ל סודהסטרים",סודה סטרים,IL,סירופ סבן אפ,מיליליטרים,440.00,"100 מ""ל",false,,22.90,0.0520,true,1,8319195
8719128117263,false,"סירופ מירנדה 440 מ""ל סודהסטרים",סודה סטרים,IL,סירופ מירנדה,מיליליטרים,440.00,"100 מ""ל",false,,22.90,0.0520,true,1,8319196
8719200997998,false,מרגרינה למריחה בישול וטיגון 200 ג' בלו בנד,אתר חיפה מרגרינה - F,IL,מרגרינה בלובנד עם מל,גרמים,200.00,100 גרם,false,,4.50,0.0225,true,1,8215889
8719200998001,false,מרגרינה לאפיה ובישול בלי מלח 200 ג' בלו בנד,יוניליוור ישראל מזון בע\,IL,מרגרינה ללא תוספת מל,גרמים,200.00,100 גרם,false,,4.30,0.0215,true,1,8222804
8719200998018,false,מחמאה מרגרינה בטעם חמאה בלובנד 200 גרם,"מיוצר ע""\י יוניליוור ישר",IL,מרגרינה מחמאה 200 גר,גרמים,200.00,100 גרם,false,,4.30,0.0215,true,1,8215890
8719200998049,false,"מרגרינה מזולה גלורי רגיל 250גר 8 יחידות -כשל""פ","מיוצר ע""\י יוניליוור ישר",IL,מרגרינה מזולה גלורי,גרמים,250.00,100 גרם,false,,9.00,0.0360,true,1,8218002
8720181046612,false,"דאב - דאודורנט רול און לאישה אורגינל 50 מ""ל","יוניליוור אנגליה, דרך קו",GB,דאב רולאון נשים אורג,מטרים,50.00,100 מ'ל,false,,14.90,0.2980,true,1,8325192
8720181201332,false,דאב אל סבון מוצק גרגרים 90 גרם רביעייה,יוניליוור ישראל טיפוח אי,DE,דאב סבון מוצק גרגירי,גרמים,360.00,100 גרם,false,,14.90,0.0414,true,1,8460599
8720182253156,false,דאב אל סבון מוצק מלפפונים 90 גרם רביעייה,יוניליוור ישראל טיפוח אי,DE,סבון דאב ירוק מוצק,גרמים,360.00,100 גרם,false,,14.90,0.0414,true,1,8460600
8720182253194,false,סבון מוצק דאב מלפפונים ותה ירוק שישיית,יוניליוור גרמניה (בו,DE,דאב אל סבון מוצק מלפ,גרמים,590.00,100 גרם,false,,16.90,0.0286,true,1,8432733
8720182256362,false,שישית דאב סבון מוצק קלאסי 90 גרם,יוניליוור גרמניה (בו,DE,דאב אל סבון מוצק קלא,גרמים,590.00,100 גרם,false,,16.90,0.0286,true,1,8432734
8720182256850,false,דאב אל סבון מוצק קלאסי 90 גרם רביעייה,יוניליוור ישראל טיפוח אי,DE,דאב סבון מוצק דאב ל,גרמים,360.00,100 גרם,false,,14.90,0.0414,true,1,8455536
8723400756552,false,מארז סוכריות מנטוס Mentos ריינבואו,פרפטי ואן מלה ברדה,NL,מנטוס ריינבואו 1/4,גרמים,150.00,100 גרם,false,,10.70,0.0713,true,1,1099891
8723400782520,false,מנטוס סוכריות לעיסה בתפזורת בטעם פירות 160 ג',פרפטי ואן מלה,NL,מנטוס סוכריות פירות,גרמים,160.00,100 גרם,false,,9.90,0.0619,true,1,5378852
8723412804159,false,קומקום מעוצב BENATON BT8041,,,קומקום מעוצב BENATON,יח',1.00,יח',false,,99.90,99.9000,true,1,7865086
8801055707966,false,קפה טייסטר צו'יס נס קפה בריסטה 180ג',נסטלה קוריאה - קפה,KR,טסטר צ'ויס בריסטה 18,גרמים,180.00,100 גרם,false,,29.90,0.1661,true,1,3208382
8801055709458,false,אבקה להכנת משקה קפה בטעם קפוצ'ינו קרמל,נסטלה קוריאה - קפה,IL,נסקפה קפוצינו קרמל 1,גרמים,170.00,100 גרם,false,,17.90,0.1053,true,1,8378333
8801055709465,false,אבקה להכנת משקה קפה בטעם קפוצ'ינו וניל,נסטלה קוריאה - קפה,KR,נסקפה קפוצינו וניל 1,גרמים,185.00,100 גרם,false,,17.90,0.0968,true,1,8378334
8801055709472,false,נסטלה - נסקפה קפוצ'ינו קלאסי 12.50 גרם * 10,נסטלה קוריאה - קפה,KR,נסקפה קפוצ'ינו קלאסי,גרמים,125.00,100 גרם,false,,18.70,0.1496,true,1,8378335
8801055709489,false,אבקה להכנת משקה קפה בטעם קפוצ'ינו אגוזים,נסטלה קוריאה - קפה,IL,נסקפה קפוצינו אגוזים,גרמים,180.00,100 גרם,false,,17.90,0.0994,true,1,8378336
8801055709526,false,אבקה להכנת משקה קפה בטעם קפוצ'ינו שוקולד לבן,נסטלה קוריאה - קפה,KR,נסקפה קפוצ'ינו שוקול,גרמים,180.00,100 גרם,false,,17.90,0.0994,true,1,8403905
8804880400057,false,גומיות פסים זוהרים,,,גומיות פסים זוהרים,יח',1.00,יח',false,,8.30,8.3000,true,1,6981977
8804880400064,false,גומיות מקרופיבר רחב צבעוני,,,גומיות מקרופיבר רחב,יח',1.00,יח',false,,8.30,8.3000,true,1,6981978
8804880400095,false,גומיות מקרופיבר חזק שחור,,,גומיות מקרופיבר חזק,יח',1.00,יח',false,,8.30,8.3000,true,1,6981981
8804880400125,false,גומיות זוג פנינים יוקרתי,,,גומיות זוג פנינים יו,יח',1.00,יח',false,,8.30,8.3000,true,1,6981984
8805880588301,false,מברשת ספרים מקצועית,,,מברשת ספרים מקצועית,יח',1.00,יח',false,,16.70,16.7000,true,1,6905835
8805880588325,false,מברשת ספרים מקצועית,,,מברשת ספרים מקצועית,יח',1.00,יח',false,,16.70,16.7000,true,1,6905837
8809168840471,false,חטיף אצות מיובשות 9*4.5 גרם,ג'י וואן גלובול נאט,KR,חטיף אצות מיובשות 9י,יח',1.00,יח',false,,22.90,22.9000,true,1,8306360
8850006932964,false,מארז מברשות שיניים טוויסטר קולגייט חמישייה,קולגייט פלמוליב,VN,*מבצע* מארז מברשת קו,יח',1.00,יח',false,,9.90,9.9000,true,1,8310743
8850180040028,false,קמח טמפורה להכנת בלי,קרנחם אוטאי פחרה,TH,טמפורה 500גרם (GOGI),גרמים,500.00,100 גרם,false,,10.70,0.0214,true,1,2670333
8850206250592,false,רוטב צ'ילי סריראצ'ה 540 גרם (מזרח ומערב),יאן וואל יון קו.לטד,TH,רוטב צילי סיראצ'ה 54,גרמים,540.00,100 גרם,false,,19.40,0.0359,true,1,5187919
8850206280049,false,רוטב צ'ילי חריף מיו 250 גרם,יאן וואל יון קו.לטד,TH,רוטב צ'ילי חריף 250,גרמים,250.00,100 גרם,false,,16.70,0.0668,true,1,8352790
8850367300266,false,תערובת חמשת תבלינים 50 גרם,theppadungporn cocon,TH,תערובת חמשת תבלינים,יחידה,0.00,יחידה,false,,9.90,0.0000,true,1,2670337
8850367992164,false,קרם קוקוס 250 מל 20-22% ללא חומר משמר,טאפאדונגפורן קוקנט,TH,קרם קוקוס 250 מל -מז,מיליליטרים,250.00,"100 מ""ל",false,,7.90,0.0316,true,1,2705951
8850367992171,false,קרם קוקוס 1 ליטר 20-22% ללא חומר משמר,טאפאדונגפורן קוקינט,TH,קרם קוקוס 1000מל,ליטרים,1.00,ליטר,false,,18.90,18.9000,true,1,2705952
8850367994779,false,מחית קארי ירוקה 50 גרם,טאפאדונגפורן קוקינט,TH,מחית קארי ירוקה 50 ג,גרמים,50.00,100 גרם,false,,4.90,0.0980,true,1,8324937
8850367994786,false,מחית קארי אדומה 50 גרם,טאפאדונגפורן קוקינט,TH,מחית קארי אדומה 50 ג,גרמים,50.00,100 גרם,false,,4.90,0.0980,true,1,8324938
8850367994793,false,מחית קארי צהובה 50 גרם,c coconut Theppadungporn,TH,מחית קארי צהוב 50 גר,גרמים,50.00,100 גרם,false,,4.90,0.0980,true,1,8324907
8850389105825,false,משקה אלוורה בטעם ענבים סאפה 1 ליטר,סאפה פובליק קומפני לימיט,TH,סאפה אלוורה ענבים 1ל,ליטרים,1.00,ליטר,false,,11.90,11.9000,true,1,1083514
8850389105832,false,סאפה משקה אלוורה בטעם תפוח עם קוביות אלוורה 1 ליטר,סאפה פובליק קומפני לימיט,TH,סאפה אלוורה תפוחים 1,ליטרים,1.00,ליטר,false,,11.90,11.9000,true,1,1083515
8850389105849,false,סאפה משקה אלוורה מופחת קלוריות בטעם אפרסק 1 ליטר,סאפה פובליק קומפני לימיט,TH,סאפה אלוורה אפרסק 1ל,ליטרים,1.00,ליטר,false,,11.90,11.9000,true,1,1083516
8850389115336,false,משקה אלוורה בטעם מלון סאפה 1 ליטר,סאפה פובליק קומפני לימיט,TH,סאפה אלוורה מלון 1ל',ליטרים,1.00,ליטר,false,,11.90,11.9000,true,1,5940063
8850632604259,false,"יוגטה, חיספוסים, ממתק חמוץ בצורת מקלות בטעם תות שדה,50 גרם",ג'נרל קנדי בעמ,TH,חמצוצים מקלות בטעם ת,גרמים,50.00,100 גרם,false,,3.50,0.0700,true,1,1099894
8850632604266,false,"יוגטה, ממתק חמוץ בצורת מקלות בטעם קולה, 50 גרם",ג'נרל קנדי בעמ,TH,חמצוצים מקלות בטעם ק,גרמים,50.00,100 גרם,false,,3.50,0.0700,true,1,1099895
8850632604372,false,"יוגטה, חיספוסים בצורת שטיח בטעם תות שדה 50 גרם",ג'נרל קנדי בעמ,TH,חמצוצים שטיח בטעם תו,גרמים,50.00,100 גרם,false,,3.50,0.0700,true,1,1099896
8850632604402,false,יוגטה חיספוסים בטעם מעורב תות שדה אבטיח ענבים בננה 50 גרם,"ג'נרל קנדי בע""מ",TH,חמצוצים שטיח בטעם מע,גרמים,50.00,100 גרם,false,,3.50,0.0700,true,1,1099897
8850632605201,false,"יוגטה, חיספוסים, ממתק חמוץ בצורת שטיח, בטעם מעורב- תות בננה, תפוח, תפוז, 50 גרם",הדקלאים אגודת שיתופי,TR,חמצוצים שטיח בטעם מע,גרמים,50.00,100 גרם,false,,3.50,0.0700,true,1,1099898
8850632606390,false,"יוגטה, חיספוסים, ממתק חמוץ בצורת שטיח בטעם אבטיח, 50 גרם",ג'נרל קנדי בעמ,TH,חספוסים אבטיח,גרמים,50.00,100 גרם,false,,3.50,0.0700,true,1,1099903
8850788718077,false,תירס גמדי שלם 230 גרם,,,תירס גמדי שלם 230 גר,גרמים,230.00,100 גרם,false,,5.70,0.0248,true,1,6913998
8851613101378,false,"נוזל קוקוס ארוי די 250 מ""ל",תאי אגרי פוד פובליק קו'\,TH,"חלב קוקוס 250 מ""ל",מיליליטרים,250.00,"100 מ""ל",false,,9.80,0.0392,true,1,2756615
8851613101385,false,"חלב קוקוס ארוי-די קרטון 500מ""ל",תאי אגרי פוד פובליק קו'\,TH,"חלב קוקוס 500 מ""ל",מיליליטרים,500.00,"100 מ""ל",false,,12.90,0.0258,true,1,1085108
8858271002870,false,רוטב פאד תאי 250 מ'ל - מקסצ'אפ,"ייאן וואל יון בע""מ",TH,רוטב פאד תאי 250 מ'ל,גרמים,250.00,100 גרם,false,,9.90,0.0396,true,1,1103602
8858271002887,false,רוטב טריאקי 250 מ'ל - מקסצ'אפ,דאנינג יוה פודס קו,TH,רוטב טריאקי 250 מ'ל,גרמים,250.00,100 גרם,false,,9.90,0.0396,true,1,1103603
8858271004126,false,רוטב חמוץ מתוק 700 מ'ל - מקסצ'אפ,יאן ונזל יון,TH,רוטב חמוץ מתוק 700 מ,גרמים,700.00,100 גרם,false,,14.80,0.0211,true,1,1103615
8858271004300,false,רוטב טריאקי 700 מ'ל מקסצ'אפ,דאנינג יוה פודס קו,TH,רוטב טריאקי 700 מ'ל,גרמים,227.00,100 גרם,false,,18.90,0.0833,true,1,1103616
8858271004799,false,"רוטב צילי מתוק אל פורפסיס 700 מ""ל",יאן ונזל יון,TH,רוטב צ'ילי מתוק 700,מיליליטרים,700.00,"100 מ""ל",false,,12.50,0.0179,true,1,2626699
8858271005451,false,"רוטב סויה פורמולה 1 - 250 מ""ל מקסצ'אפ",yan wal yun corpara,TH,רוטב סויה פורמולה 1,מיליליטרים,250.00,"100 מ""ל",false,,9.90,0.0396,true,1,2737033
8888021200256,false,סוללות אנרג'ייזר AA מקס 8 יחידות,יצרן: אנרג'ייזר סינג,SG,סוללות ENERGIZER 1X8 AA M,יחידה,0.00,יחידה,false,,24.90,0.0000,true,1,1117800
8888021200720,false,סוללות אנרג'ייזר AAA מקס 8 יחידות,יצרן: אנרג'ייזר סינג,SG,סוללות ENERGIZER 1X8 *AAA,יחידה,0.00,יחידה,false,,24.90,0.0000,true,1,1117801
8888111030053,false,"מיץ אננס SW טבעי מארז 240X4מ""ל פרימיום",אקו - ביט,PH,מיץ אננס רביעייה 4*2,מיליליטרים,960.00,"100 מ""ל",false,,14.90,0.0155,true,1,7414557
8888757101506,false,100% שמן מזוכך משומשום קלוי,אוך אייק גואן פוד אי,,"שמן שומשום 150 מ""ל",מיליליטרים,150.00,"100 מ""ל",false,,11.10,0.0740,true,1,1085117
8888757103005,false,"שמן שומשום טהור 300 מ""ל",אוך אייק גואן פוד אינדוס,SG,"שמן שומשום 300 מ""ל",מיליליטרים,300.00,"100 מ""ל",false,,18.30,0.0610,true,1,1085118
8900052752600,false,כיריים חשמליות ברזל יצוק כפולות BT-5260 BENATON Jumbo,,,כיריים חשמליות כפולו,יח',1.00,יח',false,,149.90,149.9000,true,1,8406555
8901537024014,false,"אורז בסמטי מובחר 1 ק""ג - דוואט) יורה דיעה",הנסיך- מפעל לייצור ט,IN,אורז בסמטי וילי פוד,גרמים,1000.00,100 גרם,false,,11.90,0.0119,true,1,1098408
8901537076679,false,"אורז בסמטי חום מהדרין ויליפוד 1 ק""ג",האי נאם סי או אל.טי.,IN,אורז בסמטי חום מלא 1,גרמים,1000.00,100 גרם,false,,11.90,0.0119,true,1,6151892
8905964548426,false,מארז 3 צנצנות תבלינים עגול,,,מארז 3 צנצנות תבליני,יח',1.00,יח',false,,9.90,9.9000,true,1,8331305
8908015961144,false,אורז הודי בסמטי ארוך 5 קג,,,אורז הודי בסמטי ארוך,קילוגרמים,5.00,"ק""ג",false,,34.90,6.9800,true,1,8458242
8934878081811,false,"דפי אורז 22 ס""מ 400 גר'(Trav) ללא גלוטן",דאנינג יוה פודס קו,VN,"דפי אורז 22 ס""מ 400",גרמים,400.00,100 גרם,false,,11.90,0.0298,true,1,1103632
8934878081835,false,"אטריות אורז דקות 1מ""מ 450גר' ורמיצלי(ba nam)ל.ג",Chanh Khang Company,VN,"אטריות אורז דקות 1מ""",גרמים,450.00,100 גרם,false,,10.50,0.0233,true,1,1103634
8934878081866,false,"דפי אורז 22 ס""מ מרובעים 400 גרם TRAV",Chanh Khang Company,TH,דפי אורז מרובעים 440,גרמים,400.00,100 גרם,false,,10.90,0.0273,true,1,8251811
8938535541366,false,דפי אורז צבעוניים ללא גלוטן 400 גרם,Ltd Company Khang .Chanh,VN,דפי אורז צבעוניים לל,יח',1.00,יח',false,,14.90,14.9000,true,1,8314014
9000100590938,false,"סאיוס - מוס לשיער ליצירת נפח 250 מ""ל",שוורצקוף,DE,סאיוס מוס ווליום ליפ,מיליליטרים,250.00,"100 מ""ל",false,,19.90,0.0796,true,1,1087883
9000100760591,false,"פה - דאודורנט רול און לגבר אינוויזיבל פאוואר 50 מ""ל",שוורצקופף והנקל,TR,פה דאו רולאון לגבר,100 מל,50.00,100 מל,false,,9.90,0.1980,true,1,6017244
9000100798709,false,"דאודורנט פה רול און כוח המשיכה 50 מ""ל",שוורצקופף והנקל,DE,דאו פה רולאון 50מל,100 מל,50.00,100 מל,false,,9.90,0.1980,true,1,2631149
9000100806657,false,"פה - דאודורנט רול און לאישה בלתי נראה 50 מ""ל",שוורצקופף והנקל,DE,דאו פה ספורט רולאון,100 מל,50.00,100 מל,false,,9.90,0.1980,true,1,1087893
9000100843256,false,"גליס תמציות שמן 6 פעולות משקמות 75 מ""ל",שוורצקוף Schwarzkopf,SK,קרם ברק גליס 75מל,100 מל,75.00,100 מל,false,,24.90,0.3320,true,1,2636809
9000101329322,false,סבון אסלה בניחוח מתחלף תפוח נופר 50 ג' ברף,הנקל סוד,RS,ברף בניחוח מתחלף תפו,גרמים,50.00,100 גרם,false,,9.90,0.1980,true,1,8354710
9000101329742,false,סבון אסלה בניחוח מתחלף אפרסק תפוח 50 ג' ברף,הנקל סוד,RS,ברף פרימיום בניחוח א,יח',1.00,יח',false,,9.90,9.9000,true,1,8336924
9000101380255,false,פרסיל דיסקס לכביסה ניקיון היגייני 22 יחידות,פרסיל Persil,HU,פרסיל דיסקס ניקיון ה,יח',22.00,יח',false,,34.90,1.5864,true,1,8346705
9000101418163,false,"סבון אסלה בניחוח מתחלף תפוח ירוק נופר, 3 יחידות",ברף Bref,RS,ברף בניחוח מתחלף תפו,גרמים,150.00,100 גרם,false,,16.90,0.1127,true,1,8383424
9000101504484,false,קולור קאצר +ניקיון הגייני 10 שקיות,"הנקל סוד בע""\מ",HU,קולור קאצ'ר 10 שקיות,יח',1.00,יח',false,,14.90,14.9000,true,1,8326425
9000101520965,false,שלישיית סבון אסלה בניחוח מתחלף לוטוס עדין ברף,ברף Bref,RS,ברף בניחוח מתחלף לוט,גרמים,150.00,100 גרם,false,,16.90,0.1127,true,1,8383425
9000101536560,false,פרסיל פאוור קפסולות 70 יח,הנקל סוד,RS,פרסיל פאוור קפסולות,יחידה,0.00,יחידה,false,,69.90,0.0000,true,1,8419932
9000101548419,false,קולור קאצ`ר דפים למכונת לכביסה מחדש צבע לבן 18 יח',"הנקל סוד בע""\מ",IE,סוד מחדש צבע לבן לכב,יח',1.00,יח',false,,22.90,22.9000,true,1,8394120
9001395807015,false,שוקולד בננית בטעם שוקו בננה 300 גרם,פרנס הואו סווירט,AT,בננית מצופה 300 גר,גרמים,300.00,100 גרם,false,,9.90,0.0330,true,1,6848666
9001616202377,false,מאם מוצצים סיליקון 0-6 לילה זוהרים תכלת,General,AT,מאם מוצץ מיני אולטי,יח',1.00,יח',false,,32.80,32.8000,true,1,1096631
9001616203305,false,זוג פטמות X לבקבוק 6+ חודשים,מאם Mam,HU,פטמה לבקבוק איקס 6+,יח',1.00,יח',false,,24.90,24.9000,true,1,1096635
9001616669903,false,"בקבוק לתינוק ללא ביספנול 0+ מאם 160 מ""ל",מאם Mam,HU,בקבוק לתינוק ללא ביס,יח',1.00,יח',false,,27.80,27.8000,true,1,1096646
9001616680991,false,"בקבוק לתינוק אנטי קוליק מאמ 260 מ""ל",מאם Mam,AT,בקבוק לתינוק אנטי קו,יח',1.00,יח',false,,32.80,32.8000,true,1,6970734
9001616702655,false,מאם מוצצים סיליקון 0-6 לילה זוהרים ורוד,General,HU,זוג מוצצים סיליקון ז,יח',1.00,יח',false,,32.80,32.8000,true,1,6970700
9001616702686,false,זוג מוצצים סיליקון אי לאב מאמי מאמ 0-6 ורוד,אלפא,HU,זוג מוצצים סיליקון א,יח',1.00,יח',false,,32.80,32.8000,true,1,6970703
9001616702822,false,זוג מוצצים סיליקון קריסטל מאמ +6 ורוד,General,HU,זוג מוצצים סיליקון ק,יח',1.00,יח',false,,32.80,32.8000,true,1,6970736
9001616813856,false,מוצצי +6 יום לילה מארז שלישיה,מאמ,AT,מאמ מוצצים אריזת שלי,יחידה,0.00,יחידה,false,,34.90,0.0000,true,1,8413054
9002975393812,false,סוכריות גילי הריבו האפי צירי 70 גרם,"האריבו , ג'\י.אם.בי.אייץ",AT,הריבו האפי צ'רי 70 ג,גרמים,70.00,100 גרם,false,,6.70,0.0957,true,1,8468292
9002975393829,false,סוכריות גילי הריבו פיציס 70 גרם,"האריבו , ג'\י.אם.בי.אייץ",AT,הריבו סוכריות גומי א,גרמים,70.00,100 גרם,false,,6.70,0.0957,true,1,8468293
9002975393836,false,סוכריות גילי הריבו האפי קולה 70 גרם,"האריבו , ג'\י.אם.בי.אייץ",AT,הריבו סוכריות גומי ב,גרמים,70.00,100 גרם,false,,6.70,0.0957,true,1,8349827
9002975393843,false,סוכריות גילי הריבו גולדברס 70 גרם,"האריבו , ג'\י.אם.בי.אייץ",AT,הריבו סוכריות גומי ד,גרמים,70.00,100 גרם,false,,6.70,0.0957,true,1,8349828
9003400304939,false,"בירה שטיגל וייז חיטה 500 מ""ל",מבשלת שטיגל,AT,בירה שטיגל חיטה,מיליליטרים,500.00,"100 מ""ל",false,,10.90,0.0218,true,1,8239967
9003400393032,false,"פחית בירה הל שטיגל 500 מ""ל",,AT,בירה שטיגל הל 500 מל,מטרים,500.00,100 מ'ל,false,,8.50,0.0170,true,1,8409680
9003402660088,false,"בירה שטיגל גולדבראו 500 מ""ל פחית",שטיגל Stiegl,AT,בירה שטיגל גולדברו,מיליליטרים,500.00,"100 מ""ל",false,,8.50,0.0170,true,1,8239968
9005800343143,false,"ניוואה מן אפטר-שייב קול קיק פרש 100 מ""ל",beiersdorf,DE,אפטר שייב קול קיק פר,מטרים,100.00,100 מ'ל,false,,34.90,0.3490,true,1,8339556
9005835312640,false,קלרו 80 טבליות למדיח ללא פוספטים,יעקובי,AT,טבליות למדיח קלרו 80,יח',1.00,יח',false,,66.90,66.9000,true,1,7988717
9005835312732,false,"קלרו נוזל הברקה למדיח כלים 500 מ""ל CLARO",יעקובי,AT,נוזל הברקה למדיח,יח',1.00,יח',false,,13.90,13.9000,true,1,7988719
9028800639962,false,"אדלוויס בירה לבנה בקבוק 500 מ""ל",מבשלת בראו יוניון,AT,אדלוויס בירה לבנה בק,מטרים,500.00,100 מ'ל,false,,10.90,0.0218,true,1,8470970
9044400826861,false,סוכריות פז בטעם בננה אגס אסיאתי 68 גר,פז פרודקשיין יורו,HU,סוכריות פז טעם בננה,יח',1.00,יח',false,,7.50,7.5000,true,1,8298420
9044400851672,false,סוכריות פז סוגים שונים + 3 מילויים,פז פרודקשיין יורו,HU,סוכריות פז סוגים שונ,יח',1.00,יח',false,,10.70,10.7000,true,1,8401001
9310072028743,false,טים טם ביסקוויט במילוי שוקולד 200 גרם,"ארנוטס ביסקוויטס בע""",AU,טים טם ביסקוויט במיל,גרמים,200.00,100 גרם,false,,19.80,0.0990,true,1,2998914
9310072028750,false,טים טם Tim Tam וופל שוקולד ציפוי כפול,"ארנוטס ביסקוויטס בע""",AU,טים טם ביסקוויט שוקו,גרמים,200.00,100 גרם,false,,19.80,0.0990,true,1,2882169
9310714206157,false,מן פרפקט גל צביעה לגבר שחור טבעי,הנקל סוד,DE,שוורצקופף ג'ל צביעה,יח',1.00,יח',false,,39.90,39.9000,true,1,8192044
9322969000015,false,פריכיות תירס בטעם אורגינל ריל פודס 150 ג',אף.סי תבליני בגליל ב,AU,פריכיות תירס - 150ג' בטעם,גרמים,150.00,100 גרם,false,,11.90,0.0793,true,1,1117803
9322969000022,false,"ריל פוד פריכיות תירס עם סויה וזרעי פשתן, ללא גלוטן 150 גרם",אף.סי תבליני בגליל ב,AU,פריכיות תירס - 150ג' עם ס,גרמים,150.00,100 גרם,false,,11.90,0.0793,true,1,1117804
9322969000039,false,פריכיות תירס 150 גרם עם 5 סוגי דגנים,ריאל פודס בעמ,AU,פריכיות תירס 150 גרם,גרמים,150.00,100 גרם,false,,11.90,0.0793,true,1,6981643
9322969000046,false,פריכיות תירס שומשום אורגני ריל פודס 150 ג',אף.סי תבליני בגליל ב,AU,פריכיות תירס אורגניות - 1,גרמים,150.00,100 גרם,false,,11.90,0.0793,true,1,1117805
9322969000053,false,פריכיות אורז מלא ריל פוד 150 גרם,סנו מפעלי ברונוס.,IT,פריכיות אורז חום מלא,גרמים,150.00,100 גרם,false,,11.90,0.0793,true,1,8363173
9720188050109,false,ממרח על בסיס סויה בסגנון גבינה טופוטי 225 גרם,טופוטי ברנדס אינק.ג',IL,ממרח על בסיס סויה בס,גרמים,225.00,100 גרם,false,,19.90,0.0884,true,1,1083906
9720188060108,false,ממרח על בסיס סויה בסגון שמנת טופוטי 340 גרם,טופוטי ברנדס אינק.ג',IL,ממרח על בסיס סויה בס,גרמים,340.00,100 גרם,false,,18.80,0.0553,true,1,1083908
9770793914006,false,עיתון גירוסלים פוסט יום שישי,,,גרוזלם פוסט יום שישי,יח',1.00,יח',false,,15.90,15.9000,true,1,2722446
9771565025005,false,עיתון מעריב סוף השבוע,,IL,מעריב שישי,יח',1.00,יח',false,,6.00,6.0000,true,1,2718945
9771565051066,false,עיתון ידיעות אחרונות,ידיעות אחרונות,,עיתון ידיעות אחרונות,יח',1.00,יח',false,,12.00,12.0000,true,1,1088414
9816374550079,false,רדיאטור 7 צלעות BT-55007,,,רדיאטור 7 צלעות BT-5,יח',1.00,יח',false,,219.00,219.0000,true,1,8471766
9816374551205,false,מפזר חום עומד BT-55120,,,מפזר חום עומד BT-551,יח',1.00,יח',false,,49.90,49.9000,true,1,8471769
9816374551403,false,מפזר חום עומד שוכב BT-55140,,,מפזר חום עומד שוכב B,יח',1.00,יח',false,,59.90,59.9000,true,1,8471770
9843022871026,false,"נר הבדלה אלגנט קלוע ""בזה מדליקים""",,,נר הבדלה אלגנט קלוע,יח',1.00,יח',false,,8.90,8.9000,true,1,7904766
9843022871156,false,נר הבדלה דקורטיבי,,CN,נר הבדלה פרמידה,יח',1.00,יח',false,,17.90,17.9000,true,1,7904771
9999036214110,false,כיסוי הפלא של טפאל לקרש גיהוץ,,CN,כיסוי הפלא Tefal,יח',1.00,יח',false,,99.90,99.9000,true,1,2750568
