code,internal_code,name,manufacturer_name,manufacture_country,manufacturer_item_description,unit_qty,quantity,unit_of_measure,weighted,qty_in_package,price,unit_of_measure_price,allow_discount,status,item_id
10,true,תיבה 20+,,,תיבה 20+,יחידה,0.00,יחידה,false,,45.00,0.0000,true,1,6764
55,true,משלוחים לבית,,,משלוחים לבית,יחידה,0.00,יחידה,false,,29.90,0.0000,true,1,34409
82,true,פרגית בבגט,,,פרגית בבגט,יחידה,0.00,יחידה,false,,25.00,0.0000,true,1,34414
103,true,לחמניה בריאות,,,לחמניה בריאות,יח',1.00,יח',false,,3.20,3.2000,true,1,2400
161,true,קישוא עגול,,,קישוא עגול,קילוגרמים,1.00,"ק""ג",true,,12.90,12.9000,true,1,50761
163,true,פטריות שמפיניון תפזו,,,פטריות שמפיניון תפזו,קילוגרמים,1.00,"ק""ג",true,,39.90,39.9000,true,1,50762
164,true,פטריות חורש תפזורת,,,פטריות חורש תפזורת,קילוגרמים,1.00,"ק""ג",true,,39.90,39.9000,true,1,50763
173,true,דלעת ערמונים,,,דלעת ערמונים,קילוגרמים,1.00,"ק""ג",true,,11.90,11.9000,true,1,50764
301,true,בקבוק ריק חוזר בירה,,,בקבוק ריק חוזר בירה,יחידה,0.00,יחידה,false,,1.20,0.0000,true,1,6864
374,true,פטריות שמפניון,,,פטריות שמפניון,יח',1.00,יח',false,,8.90,8.9000,true,1,50765
401,true,פיתה (1461303),,,פיתה (1461303),יח',1.00,יח',false,,2.00,2.0000,true,1,2409
403,true,מאפה כיס פרלין פרימי,,,מאפה כיס פרלין פרימי,קילוגרמים,1.00,"ק""ג",true,,48.90,48.9000,true,1,2410
413,true,רול/קוקטייל בולגרית/,,,רול/קוקטייל בולגרית/,קילוגרמים,1.00,"ק""ג",true,,50.00,50.0000,true,1,2411
557,true,"חמישים ש""ח למצטרף חד",,,"חמישים ש""ח למצטרף חד",יחידה,0.00,יחידה,false,,50.00,0.0000,true,1,34426
572,true,קופון מצטרף חדש למוע,,,קופון מצטרף חדש למוע,יחידה,0.00,יחידה,false,,0.01,0.0000,true,1,34427
694,true,קרפיון פרוס טרי,,,קרפיון פרוס טרי,קילוגרמים,1.00,"ק""ג",true,,34.00,34.0000,true,1,34435
996,true,חלה קלועה,,,חלה קלועה,יח',1.00,יח',false,,11.90,11.9000,true,1,2420
998,true,חלה מתוקה קלועה,,,חלה מתוקה קלועה,יח',1.00,יח',false,,11.90,11.9000,true,1,2422
1009,true,בגט שלם,,,בגט שלם,יח',1.00,יח',false,,4.90,4.9000,true,1,2426
1014,true,בגט רוסטיק,,,בגט רוסטיק,יח',1.00,יח',false,,8.50,8.5000,true,1,2428
1019,true,בגט פיסל,,,בגט פיסל,יח',1.00,יח',false,,4.90,4.9000,true,1,2429
1020,true,שליש בגט,,,שליש בגט,יח',1.00,יח',false,,2.70,2.7000,true,1,2430
1028,true,חצי בגט,,,חצי בגט,יח',1.00,יח',false,,3.50,3.5000,true,1,2431
1043,true,כרוב לבן כשר,,,כרוב לבן כשר,קילוגרמים,1.00,"ק""ג",true,,14.90,14.9000,true,1,47730
1058,true,חלה רגילה/חלה ציפורי,,,חלה רגילה/חלה ציפורי,גרמים,500.00,100 גרם,false,,5.17,1.0340,true,1,4440
1073,true,סופגניה גדולה בודדת,,,סופגניה גדולה בודדת,יחידה,0.00,יחידה,false,,3.90,0.0000,true,1,2435
1074,true,כרוב אדום כשר,,,כרוב אדום כשר,קילוגרמים,1.00,"ק""ג",true,,14.90,14.9000,true,1,47731
1079,true,מיני סופגניה בודדת,,,מיני סופגניה בודדת,יחידה,0.00,יחידה,false,,3.30,0.0000,true,1,2438
1091,true,צנונית בייבי,,,צנונית בייבי,גרמים,400.00,100 גרם,false,,5.90,1.4750,true,1,35543
1095,true,בייבי בטטה,,,בייבי בטטה,יח',1.00,יח',false,,6.90,6.9000,true,1,50768
1476,true,לימון סיני,,,לימון סיני,קילוגרמים,1.00,"ק""ג",true,,12.90,12.9000,true,1,50775
1481,true,שזיף שגיב,,,שזיף שגיב,קילוגרמים,1.00,"ק""ג",true,,15.90,15.9000,true,1,50777
1486,true,פומלה אדומה,,,פומלה אדומה,קילוגרמים,1.00,"ק""ג",true,,7.90,7.9000,true,1,50780
1488,true,אשכולית אדומה,,,אשכולית אדומה,קילוגרמים,1.00,"ק""ג",true,,6.90,6.9000,true,1,50781
1494,true,תפו`א לבן תפזורת,,,תפו`א לבן תפזורת,קילוגרמים,1.00,"ק""ג",true,,4.90,4.9000,true,1,50786
1495,true,תפו`א  אדום תפזורת,,,תפו`א  אדום תפזורת,קילוגרמים,1.00,"ק""ג",true,,4.90,4.9000,true,1,50787
1499,true,עגבניות תמר,,,עגבניות תמר,קילוגרמים,1.00,"ק""ג",true,,5.90,5.9000,true,1,50789
1500,true,פלפל כתום,,,פלפל כתום,קילוגרמים,1.00,"ק""ג",true,,8.90,8.9000,true,1,50790
1501,true,עגבניות,,,עגבניות,קילוגרמים,1.00,"ק""ג",true,,6.90,6.9000,true,1,50791
1502,true,מלפפונים,,,מלפפונים,קילוגרמים,1.00,"ק""ג",true,,5.90,5.9000,true,1,50792
1503,true,גזר ארוז,,,גזר ארוז,קילוגרמים,1.00,"ק""ג",true,,3.90,3.9000,true,1,50793
1504,true,סלק,,,סלק,קילוגרמים,1.00,"ק""ג",true,,3.90,3.9000,true,1,50794
1505,true,כרוב לבן,,,כרוב לבן,קילוגרמים,1.00,"ק""ג",true,,3.90,3.9000,true,1,50795
1506,true,כרוב אדום,,,כרוב אדום,קילוגרמים,1.00,"ק""ג",true,,5.90,5.9000,true,1,50796
1507,true,כרובית,,,כרובית,קילוגרמים,1.00,"ק""ג",true,,8.90,8.9000,true,1,50797
1510,true,קישואים,,,קישואים,קילוגרמים,1.00,"ק""ג",true,,7.90,7.9000,true,1,50798
1511,true,חצילים,,,חצילים,קילוגרמים,1.00,"ק""ג",true,,5.90,5.9000,true,1,50799
1513,true,פלפל ירוק,,,פלפל ירוק,קילוגרמים,1.00,"ק""ג",true,,8.90,8.9000,true,1,50800
1514,true,פלפל בהיר,,,פלפל בהיר,קילוגרמים,1.00,"ק""ג",true,,8.90,8.9000,true,1,50801
1515,true,פלפל חריף,,,פלפל חריף,קילוגרמים,1.00,"ק""ג",true,,8.90,8.9000,true,1,50802
1516,true,פלפל אדום,,,פלפל אדום,קילוגרמים,1.00,"ק""ג",true,,8.90,8.9000,true,1,50803
1517,true,פלפל רומרו,,,פלפל רומרו,קילוגרמים,1.00,"ק""ג",true,,13.90,13.9000,true,1,50804
1518,true,מלון,,,מלון,קילוגרמים,1.00,"ק""ג",true,,6.90,6.9000,true,1,50805
1519,true,בצל יבש,,,בצל יבש,קילוגרמים,1.00,"ק""ג",true,,4.90,4.9000,true,1,50806
1521,true,קולורבי,,,קולורבי,קילוגרמים,1.00,"ק""ג",true,,7.90,7.9000,true,1,50807
1522,true,חסה ערבית,,,חסה ערבית,יח',1.00,יח',false,,4.90,4.9000,true,1,50808
1527,true,פטרוזיליה גומי,,,פטרוזיליה גומי,יח',1.00,יח',false,,3.50,3.5000,true,1,35544
1528,true,כוסברה גומי,,,כוסברה גומי,יח',1.00,יח',false,,3.50,3.5000,true,1,35545
1529,true,שמיר גומי,,,שמיר גומי,יח',1.00,יח',false,,3.50,3.5000,true,1,35546
1530,true,נענע גומי,,,נענע גומי,יח',1.00,יח',false,,3.50,3.5000,true,1,35547
1535,true,תפו`א אדום ארוז,,,תפו`א אדום ארוז,קילוגרמים,1.00,"ק""ג",true,,4.90,4.9000,true,1,50814
1539,true,פול,,,פול,קילוגרמים,1.00,"ק""ג",true,,11.90,11.9000,true,1,50816
1542,true,ערמונים,,,ערמונים,קילוגרמים,1.00,"ק""ג",true,,16.90,16.9000,true,1,50819
1545,true,שום ארוז ייבוא יח',,,שום ארוז ייבוא יח',יח',1.00,יח',false,,4.90,4.9000,true,1,50822
1547,true,שומר,,,שומר,קילוגרמים,1.00,"ק""ג",true,,6.90,6.9000,true,1,50824
1550,true,תפו`א לבן ארוז,,,תפו`א לבן ארוז,קילוגרמים,1.00,"ק""ג",true,,3.90,3.9000,true,1,50825
1551,true,לימון,,,לימון,קילוגרמים,1.00,"ק""ג",true,,6.90,6.9000,true,1,50826
1552,true,תפוז,,,תפוז,קילוגרמים,1.00,"ק""ג",true,,5.90,5.9000,true,1,50827
1553,true,ענב לבן,,,ענב לבן,קילוגרמים,1.00,"ק""ג",true,,28.90,28.9000,true,1,50828
1555,true,תפוז ארוז,,,תפוז ארוז,קילוגרמים,1.00,"ק""ג",true,,4.90,4.9000,true,1,50830
1556,true,בננה מובחרת,,,בננה מובחרת,קילוגרמים,1.00,"ק""ג",true,,6.90,6.9000,true,1,50831
1557,true,צנון,,,צנון,קילוגרמים,1.00,"ק""ג",true,,6.90,6.9000,true,1,50832
1558,true,אשכולית צהובה,,,אשכולית צהובה,קילוגרמים,1.00,"ק""ג",true,,6.90,6.9000,true,1,50833
1560,true,דלעת ארוזה,,,דלעת ארוזה,קילוגרמים,1.00,"ק""ג",true,,9.90,9.9000,true,1,50835
1561,true,תפוח עץ זהוב,,,תפוח עץ זהוב,קילוגרמים,1.00,"ק""ג",true,,9.90,9.9000,true,1,50836
1562,true,תפוח עץ יונתן,,,תפוח עץ יונתן,קילוגרמים,1.00,"ק""ג",true,,9.90,9.9000,true,1,50837
1563,true,תפוח עץ חרמון,,,תפוח עץ חרמון,קילוגרמים,1.00,"ק""ג",true,,9.90,9.9000,true,1,50838
1564,true,תפוח עץ סמיט,,,תפוח עץ סמיט,קילוגרמים,1.00,"ק""ג",true,,9.90,9.9000,true,1,50839
1568,true,רימון,,,רימון,קילוגרמים,1.00,"ק""ג",true,,8.90,8.9000,true,1,50842
1570,true,קלמנטינה,,,קלמנטינה,קילוגרמים,1.00,"ק""ג",true,,5.90,5.9000,true,1,50843
1571,true,פלפל שושקה,,,פלפל שושקה,קילוגרמים,1.00,"ק""ג",true,,13.90,13.9000,true,1,50844
1572,true,אבוקדו מובחר,,,אבוקדו מובחר,קילוגרמים,1.00,"ק""ג",true,,9.90,9.9000,true,1,50845
1573,true,מנגו,,,מנגו,קילוגרמים,1.00,"ק""ג",true,,11.90,11.9000,true,1,50846
1574,true,בטטה מתוקה,,,בטטה מתוקה,קילוגרמים,1.00,"ק""ג",true,,8.90,8.9000,true,1,50847
1576,true,אגס,,,אגס,קילוגרמים,1.00,"ק""ג",true,,11.90,11.9000,true,1,50848
1581,true,פלפל צהוב,,,פלפל צהוב,קילוגרמים,1.00,"ק""ג",true,,8.90,8.9000,true,1,50850
1583,true,נקטרינה,,,נקטרינה,קילוגרמים,1.00,"ק""ג",true,,8.90,8.9000,true,1,50851
1588,true,תירס ארוז,,,תירס ארוז,קילוגרמים,1.00,"ק""ג",true,,9.90,9.9000,true,1,50854
1590,true,פומלה,,,פומלה,קילוגרמים,1.00,"ק""ג",true,,7.90,7.9000,true,1,50855
1591,true,ענב אדום,,,ענב אדום,קילוגרמים,1.00,"ק""ג",true,,21.90,21.9000,true,1,50856
1595,true,חציל בלדי,,,חציל בלדי,קילוגרמים,1.00,"ק""ג",true,,7.90,7.9000,true,1,50859
1599,true,חבושים,,,חבושים,קילוגרמים,1.00,"ק""ג",true,,16.90,16.9000,true,1,50860
1601,true,סלרי חתוך ליח,,,סלרי חתוך ליח,יח',1.00,יח',false,,6.90,6.9000,true,1,47732
1603,true,אבוקדו ברשת,,,אבוקדו ברשת,קילוגרמים,1.00,"ק""ג",true,,9.90,9.9000,true,1,50861
1604,true,אפרסמון,,,אפרסמון,קילוגרמים,1.00,"ק""ג",true,,9.90,9.9000,true,1,50862
1607,true,תפו`א קטן אפיה ארוז,,,תפו`א קטן אפיה ארוז,קילוגרמים,1.00,"ק""ג",true,,3.90,3.9000,true,1,50865
1610,true,שרי אשכולות לקג,,,שרי אשכולות לקג,קילוגרמים,1.00,"ק""ג",true,,18.90,18.9000,true,1,50867
1613,true,דלורית,,,דלורית,קילוגרמים,1.00,"ק""ג",true,,5.90,5.9000,true,1,50869
1615,true,בצל אדום,,,בצל אדום,קילוגרמים,1.00,"ק""ג",true,,6.90,6.9000,true,1,50871
1616,true,כוסברה כשר,,,כוסברה כשר,יח',1.00,יח',false,,5.90,5.9000,true,1,47733
1617,true,אננס,,,אננס,יח',1.00,יח',false,,36.90,36.9000,true,1,50872
1618,true,אפרסמון קרמבו,,,אפרסמון קרמבו,קילוגרמים,1.00,"ק""ג",true,,16.90,16.9000,true,1,50873
1619,true,פומלית,,,פומלית,קילוגרמים,1.00,"ק""ג",true,,5.90,5.9000,true,1,50874
1620,true,קיווי,,,קיווי,קילוגרמים,1.00,"ק""ג",true,,17.90,17.9000,true,1,50875
1632,true,קישוא זוקיני ירוק,,,קישוא זוקיני ירוק,קילוגרמים,1.00,"ק""ג",true,,11.90,11.9000,true,1,50877
1636,true,פיטאיה,,,פיטאיה,גרמים,700.00,100 גרם,false,,17.90,2.5571,true,1,50880
1645,true,תפוח עץ גלה,,,תפוח עץ גלה,קילוגרמים,1.00,"ק""ג",true,,9.90,9.9000,true,1,50883
1670,true,"בטטה קסביה (תפו""א יר",,,"בטטה קסביה (תפו""א יר",קילוגרמים,1.00,"ק""ג",true,,15.90,15.9000,true,1,50891
1683,true,תפוח עץ פינק קריפס,,,תפוח עץ פינק קריפס,קילוגרמים,1.00,"ק""ג",true,,12.90,12.9000,true,1,50895
1688,true,דלעת יפנית,,,דלעת יפנית,קילוגרמים,1.00,"ק""ג",true,,14.90,14.9000,true,1,50896
1708,true,גזר תפזורת,,,גזר תפזורת,קילוגרמים,1.00,"ק""ג",true,,4.90,4.9000,true,1,50906
1814,true,בצלצלי שאלוט,,,בצלצלי שאלוט,גרמים,280.00,100 גרם,false,,14.90,5.3214,true,1,35548
1824,true,מלון שרנטה,,,מלון שרנטה,קילוגרמים,1.00,"ק""ג",true,,6.90,6.9000,true,1,46567
1840,true,ברוקולי,,,ברוקולי,קילוגרמים,1.00,"ק""ג",true,,9.90,9.9000,true,1,50924
1841,true,תפוח פינק קריפס  מאר,,,תפוח פינק קריפס  מאר,גרמים,600.00,100 גרם,false,,16.90,2.8167,true,1,50925
1847,true,גזר צבעוני,,,גזר צבעוני,יח',1.00,יח',false,,9.90,9.9000,true,1,46571
1859,true,שיבה ליח',,,שיבה ליח',יח',1.00,יח',false,,4.90,4.9000,true,1,35549
1876,true,עירית ליח,,,עירית ליח,יח',1.00,יח',false,,5.90,5.9000,true,1,41532
1880,true,רוקולה ליח,,,רוקולה ליח,גרמים,100.00,100 גרם,false,,7.90,7.9000,true,1,35552
1883,true,שום יבש תפזורת,,,שום יבש תפזורת,קילוגרמים,1.00,"ק""ג",true,,22.90,22.9000,true,1,50929
1989,true,תירס לבן ארוז יח',,,תירס לבן ארוז יח',קילוגרמים,1.20,"ק""ג",false,,9.90,8.2500,true,1,71328
2000,true,"בורקס גבינה/תפו""א",,,"בורקס גבינה/תפו""א",קילוגרמים,1.00,"ק""ג",true,,42.00,42.0000,true,1,33978
2001,true,מב בורקס תורכי בטעמי,,,מב בורקס תורכי בטעמי,קילוגרמים,1.00,"ק""ג",true,,35.00,35.0000,true,1,2443
2012,true,מב אוזני פיל פרווה,,,מב אוזני פיל פרווה,קילוגרמים,1.00,"ק""ג",true,,26.90,26.9000,true,1,2450
3080,true,עוגת סבתא שוקולד,,,עוגת סבתא שוקולד,יח',1.00,יח',false,,25.90,25.9000,true,1,2460
3500,true,עוף טרי שלם,,,עוף טרי שלם,קילוגרמים,1.00,"ק""ג",true,,18.90,18.9000,true,1,26501
3501,true,כרעיים עוף טרי,,,כרעיים עוף טרי,קילוגרמים,1.00,"ק""ג",true,,26.90,26.9000,true,1,26502
3502,true,חזה עוף טרי,,,חזה עוף טרי,קילוגרמים,1.00,"ק""ג",true,,31.90,31.9000,true,1,26503
3506,true,גרון הודו זכר טרי,,,גרון הודו זכר טרי,קילוגרמים,1.00,"ק""ג",true,,29.90,29.9000,true,1,26505
3507,true,שניצל עוף פרוס טרי,,,שניצל עוף פרוס טרי,קילוגרמים,1.00,"ק""ג",true,,34.90,34.9000,true,1,26506
3511,true,חזה הודו טרי,,,חזה הודו טרי,קילוגרמים,1.00,"ק""ג",true,,33.90,33.9000,true,1,26508
3512,true,שוארמה נקבה טרי,,,שוארמה נקבה טרי,קילוגרמים,1.00,"ק""ג",true,,69.90,69.9000,true,1,26509
3513,true,נתחי חזה הודו טרי,,,נתחי חזה הודו טרי,קילוגרמים,1.00,"ק""ג",true,,29.90,29.9000,true,1,26510
3515,true,שוקיים הודו טרי,,,שוקיים הודו טרי,קילוגרמים,1.00,"ק""ג",true,,26.90,26.9000,true,1,26511
3517,true,שוקיים פטם טרי,,,שוקיים פטם טרי,קילוגרמים,1.00,"ק""ג",true,,28.90,28.9000,true,1,26513
3520,true,ירכיים עוף טרי,,,ירכיים עוף טרי,קילוגרמים,1.00,"ק""ג",true,,26.90,26.9000,true,1,26514
3522,true,שוארמה פרגיות טרי,,,שוארמה פרגיות טרי,קילוגרמים,1.00,"ק""ג",true,,54.90,54.9000,true,1,26515
3527,true,הודו טחון טרי,,,הודו טחון טרי,קילוגרמים,1.00,"ק""ג",true,,34.90,34.9000,true,1,26516
3534,true,סטייק פרגית טרי,,,סטייק פרגית טרי,קילוגרמים,1.00,"ק""ג",true,,49.90,49.9000,true,1,26521
3538,true,קצוות נקניק זוגלובק,,,קצוות נקניק זוגלובק,קילוגרמים,1.00,"ק""ג",true,,35.00,35.0000,true,1,17274
3540,true,שוק הודו מפורק טרי,,,שוק הודו מפורק טרי,קילוגרמים,1.00,"ק""ג",true,,54.90,54.9000,true,1,26523
3546,true,בשר עוף טרי טחון,,,בשר עוף טרי טחון,קילוגרמים,1.00,"ק""ג",true,,36.90,36.9000,true,1,26525
3611,true,זנבות הודו טרי,,,זנבות הודו טרי,קילוגרמים,1.00,"ק""ג",true,,5.90,5.9000,true,1,26526
4650,true,5 יח' לחמניות שמיניה,,,5 יח' לחמניות שמיניה,יח',1.00,יח',false,,15.90,15.9000,true,1,52811
5504,true,דונאטס בטעמים מצופה,,,דונאטס בטעמים מצופה,גרמים,45.00,100 גרם,false,,6.90,15.3333,true,1,2755
5506,true,דונאטס בטעמים ממולא,,,דונאטס בטעמים ממולא,גרמים,65.00,100 גרם,false,,7.90,12.1538,true,1,272537
6303,true,6 יח' יאמיס,,,6 יח' יאמיס,יח',1.00,יח',false,,15.70,15.7000,true,1,2472
6307,true,5יח לחמנית בריאות מא,,,5יח לחמנית בריאות מא,יח',1.00,יח',false,,11.90,11.9000,true,1,2476
7664,true,שרי תמר תפזורת לובלו,,,שרי תמר תפזורת לובלו,קילוגרמים,1.00,"ק""ג",true,,22.90,22.9000,true,1,50957
9999,true,פיקדון בקבוקים,,,פיקדון בקבוקים,יחידה,0.00,יחידה,false,,0.30,0.0000,true,1,75
5678585,true,ענב סקרלוטה,,,ענב סקרלוטה,קילוגרמים,1.00,"ק""ג",true,,21.90,21.9000,true,1,50971
32147230,false,מיץ לימון סיצילייה 2,,,מיץ לימון סיצילייה 2,מיליליטרים,200.00,"100 מ""ל",false,,6.90,3.4500,true,1,5443
40111216,false,חטיף שוקולד באונטי 5,,,חטיף שוקולד באונטי 5,גרמים,57.00,100 גרם,false,,3.90,6.8421,true,1,20597
40345123,false,סמרטיס ג`ל 120גר,,,סמרטיס ג`ל 120גר,גרמים,38.00,100 גרם,false,,3.90,10.2632,true,1,41936
42315926,false,קרם ידיים ניוואה 100,,,קרם ידיים ניוואה 100,מיליליטרים,100.00,"100 מ""ל",false,,14.90,14.9000,true,1,65958
50398904,false,קרם חמצן 6% אינדולה,,,קרם חמצן 6% אינדולה,מיליליטרים,60.00,"100 מ""ל",false,,4.50,7.5000,true,1,65119
50398911,false,אינדולה קרם חמצן 9%,,,אינדולה קרם חמצן 9%,מיליליטרים,60.00,"100 מ""ל",false,,4.00,6.6667,true,1,7903
59068907,false,פאל מאל כחול דמי סלי,,,פאל מאל כחול דמי סלי,יחידה,0.00,יחידה,false,,26.00,0.0000,false,1,4096
59068914,false,פאל מאל סילבר דמי סל,,,פאל מאל סילבר דמי סל,יחידה,0.00,יחידה,false,,26.00,0.0000,false,1,4097
59082637,false,רקסונה רול-און אקסטר,,,רקסונה רול-און אקסטר,מיליליטרים,50.00,"100 מ""ל",false,,14.90,29.8000,true,1,10038
72940754,false,"מילקי וניל 170 מ""ל",,,"מילקי וניל 170 מ""ל",מיליליטרים,170.00,"100 מ""ל",false,,2.90,1.7059,true,1,23207
72940761,false,מילקי שוקולד מהדרין,,,מילקי שוקולד מהדרין,מיליליטרים,170.00,"100 מ""ל",false,,2.90,1.7059,true,1,23208
72940952,false,מילקי אקסטראה קצפת מ,,,מילקי אקסטראה קצפת מ,מיליליטרים,110.00,"100 מ""ל",false,,3.80,3.4545,true,1,23209
72940976,false,אחלה  סלט כרוב אדום,,,אחלה  סלט כרוב אדום,גרמים,250.00,100 גרם,false,,7.90,3.1600,true,1,23210
72940983,false,אחלה חומוס 250ג,,,אחלה חומוס 250ג,גרמים,250.00,100 גרם,false,,6.90,2.7600,true,1,23211
72941041,false,מיני מילקי שוקולד 70,,,מיני מילקי שוקולד 70,מיליליטרים,70.00,"100 מ""ל",false,,2.50,3.5714,true,1,23212
72945308,false,שמרית קוביות שמרים ל,,,שמרית קוביות שמרים ל,גרמים,50.00,100 גרם,false,,3.50,7.0000,true,1,23213
72961209,false,"שמנת חמוצהבד""צ תנובה",,,"שמנת חמוצהבד""צ תנובה",מיליליטרים,200.00,"100 מ""ל",false,,2.40,1.2000,true,1,25687
72961506,false,פרילי תות 1.5% 125מל,,,פרילי תות 1.5% 125מל,מיליליטרים,125.00,"100 מ""ל",false,,3.50,2.8000,true,1,25690
72961520,false,פרילי אננס 1.5% 125מ,,,פרילי אננס 1.5% 125מ,מיליליטרים,125.00,"100 מ""ל",false,,3.50,2.8000,true,1,25692
72961544,false,באדי תות 125מל,,,באדי תות 125מל,מיליליטרים,125.00,"100 מ""ל",false,,2.90,2.3200,true,1,25693
72964422,false,תנובה יוגורט פרחים 4,,,תנובה יוגורט פרחים 4,מיליליטרים,200.00,"100 מ""ל",false,,2.90,1.4500,true,1,25701
72983997,false,גולף גולד ארוך,,,גולף גולד ארוך,יחידה,0.00,יחידה,false,,29.90,0.0000,false,1,4539
72986240,false,באדי שוקו בדץ 125מל,,,באדי שוקו בדץ 125מל,מיליליטרים,125.00,"100 מ""ל",false,,2.90,2.3200,true,1,25703
72986370,false,גלידת פיינטים וניל צ,,,גלידת פיינטים וניל צ,מיליליטרים,420.00,"100 מ""ל",false,,19.90,4.7381,true,1,14339
72986424,false,גלידת פיינטים קרם עו,,,גלידת פיינטים קרם עו,מיליליטרים,420.00,"100 מ""ל",false,,19.90,4.7381,true,1,14340
72986448,false,גלידת טופי קרנץ,,,גלידת טופי קרנץ,מיליליטרים,420.00,"100 מ""ל",false,,19.90,4.7381,true,1,14341
72986455,false,גלידת פיינטים ניו-יו,,,גלידת פיינטים ניו-יו,מיליליטרים,420.00,"100 מ""ל",false,,19.90,4.7381,true,1,14342
72986479,false,גלידת פיינטים צאנקי,,,גלידת פיינטים צאנקי,מיליליטרים,420.00,"100 מ""ל",false,,19.90,4.7381,true,1,14343
72989425,false,גלידת פיינטים שוקולד,,,גלידת פיינטים שוקולד,מיליליטרים,500.00,"100 מ""ל",false,,19.90,3.9800,true,1,14345
72991374,false,טיים רד,,,טיים רד,יחידה,0.00,יחידה,false,,28.90,0.0000,false,1,4541
80001287,false,חטיף גרדנה אגוז 38 ג,,,חטיף גרדנה אגוז 38 ג,גרמים,38.00,100 גרם,false,,3.50,9.2105,true,1,12531
80001485,false,גרדנה קוקוס 38 גרם,,,גרדנה קוקוס 38 גרם,גרמים,38.00,100 גרם,false,,3.50,9.2105,true,1,12534
80042556,false,עגבניות MUTTI מרוסקו,,,עגבניות MUTTI מרוסקו,גרמים,400.00,100 גרם,false,,5.90,1.4750,true,1,131340
80050025,false,טיק טק תפוז,,,טיק טק תפוז,גרמים,16.00,100 גרם,false,,2.90,18.1250,true,1,41447
80050124,false,טיק טק סוכריות,,,טיק טק סוכריות,גרמים,16.00,100 גרם,false,,2.90,18.1250,true,1,41448
80052760,false,חטיף קינדר בואנו שוק,,,חטיף קינדר בואנו שוק,גרמים,43.00,100 גרם,false,,3.90,9.0698,true,1,41454
80761761,false,קינדר בואנו לבן 39ג,,,קינדר בואנו לבן 39ג,גרמים,43.00,100 גרם,false,,3.90,9.0698,true,1,41463
80762362,false,מנטוס וויט מסטיק בטע,,,מנטוס וויט מסטיק בטע,גרמים,60.00,100 גרם,false,,9.90,16.5000,true,1,12541
80769545,false,מסטיק מנטוס פרש בקבו,,,מסטיק מנטוס פרש בקבו,גרמים,60.00,100 גרם,false,,10.90,18.1667,true,1,12547
80769699,false,מסטיק מנטוס ויט טעם,,,מסטיק מנטוס ויט טעם,גרמים,60.00,100 גרם,false,,9.90,16.5000,true,1,12548
80773429,false,מסטיק מנטוס בקבוק בט,,,מסטיק מנטוס בקבוק בט,גרמים,60.00,100 גרם,false,,10.90,18.1667,true,1,12549
80773443,false,מסטיק מנטוס בקבוק בט,,,מסטיק מנטוס בקבוק בט,גרמים,60.00,100 גרם,false,,10.90,18.1667,true,1,12550
80776307,false,מסטיק מנטוס ביג בקבו,,,מסטיק מנטוס ביג בקבו,גרמים,90.00,100 גרם,false,,16.30,18.1111,true,1,12551
80780595,false,מסטיק מנטוס ביג בבקב,,,מסטיק מנטוס ביג בבקב,גרמים,90.00,100 גרם,false,,16.30,18.1111,true,1,12552
80790990,false,מסטיק מנטוס בקבוק בט,,,מסטיק מנטוס בקבוק בט,גרמים,60.00,100 גרם,false,,10.90,18.1667,true,1,12554
80850885,false,מנטוס וויט מסטיק בטע,,,מנטוס וויט מסטיק בטע,גרמים,60.00,100 גרם,false,,9.90,16.5000,true,1,12569
80862130,false,מסטיק מנטוס פיור פרש,,,מסטיק מנטוס פיור פרש,גרמים,28.00,100 גרם,false,,4.50,16.0714,true,1,103424
80864295,false,מנטוס פיור וויט ללא,,,מנטוס פיור וויט ללא,גרמים,60.00,100 גרם,false,,10.90,18.1667,true,1,174467
80874652,false,קינדר קארדס חטיף בוד,,,קינדר קארדס חטיף בוד,גרמים,25.60,100 גרם,false,,3.90,15.2344,true,1,36260
80913467,false,מסטיק מנטוס בקבוק בט,,,מסטיק מנטוס בקבוק בט,גרמים,60.00,100 גרם,false,,10.90,18.1667,true,1,12575
80936848,false,טיק טק תות שדה 16גר,,,טיק טק תות שדה 16גר,גרמים,16.00,100 גרם,false,,2.90,18.1250,true,1,41465
80945468,false,מנטוס פיור וויט ללא,,,מנטוס פיור וויט ללא,גרמים,60.00,100 גרם,false,,10.90,18.1667,true,1,174468
80954521,false,מסטיק מנטוס פיור פרש,,,מסטיק מנטוס פיור פרש,גרמים,28.00,100 גרם,false,,4.50,16.0714,true,1,103425
80977070,false,מסטיק מנטוס פיור פרש,,,מסטיק מנטוס פיור פרש,גרמים,28.00,100 גרם,false,,4.50,16.0714,true,1,103426
80986348,false,מנטוס פיור וויט ללא,,,מנטוס פיור וויט ללא,גרמים,60.00,100 גרם,false,,10.90,18.1667,true,1,174469
80995128,false,מסטיק מנטוס ויטמין ל,,,מסטיק מנטוס ויטמין ל,גרמים,60.00,100 גרם,false,,10.90,18.1667,true,1,274995
87108538,false,מנטוס תות בגליל 37.5,,,מנטוס תות בגליל 37.5,גרמים,37.50,100 גרם,false,,2.90,7.7333,true,1,12588
87108712,false,סוכריות מנטוס פירות,,,סוכריות מנטוס פירות,גרמים,150.00,100 גרם,false,,10.90,7.2667,true,1,12590
88888999,true,קודים כללים,,,קודים כללים,,0.00,,false,,0.01,0.0000,true,1,52164
90087011,false,מיץ תפוחים 1 ליטר,,,מיץ תפוחים 1 ליטר,ליטרים,1.00,ליטר,false,,11.50,11.5000,true,1,24895
90087974,false,חומץ תפוחים 5% תומר,,,חומץ תפוחים 5% תומר,מיליליטרים,750.00,"100 מ""ל",false,,12.90,1.7200,true,1,24901
198888886,false,עיגול אגורות,,,עיגול אגורות,יחידה,0.00,יחידה,false,,1.00,0.0000,true,1,47157
8421361250,false,בובות TY עיניים גדול,,,בובות TY עיניים גדול,יחידה,0.00,יחידה,false,,28.90,0.0000,true,1,31759
10900678148,false,רדיד אלומיניום נון ס,,,רדיד אלומיניום נון ס,יחידה,0.00,יחידה,false,,14.90,0.0000,true,1,171580
11210000094,false,טבסקו,,,טבסקו,מיליליטרים,60.00,"100 מ""ל",false,,10.90,18.1667,true,1,37922
16000185517,false,פייבר1- דגני בוקר עת,,,פייבר1- דגני בוקר עת,גרמים,555.00,100 גרם,false,,24.90,4.4865,true,1,170308
16000281684,false,חטיף שיבולת שועל מלא,,,חטיף שיבולת שועל מלא,גרמים,210.00,100 גרם,false,,19.50,9.2857,true,1,12599
16000423534,false,חטיף קראנצי שיבולת ש,,,חטיף קראנצי שיבולת ש,גרמים,210.00,100 גרם,false,,19.50,9.2857,true,1,12600
16000548404,false,חטיף קראנצי גרנולה ש,,,חטיף קראנצי גרנולה ש,גרמים,210.00,100 גרם,false,,19.50,9.2857,true,1,12604
16000548503,false,חטיף קראנצי גרנולה מ,,,חטיף קראנצי גרנולה מ,גרמים,210.00,100 גרם,false,,19.50,9.2857,true,1,12606
16000548602,false,חטיף שיבולת שועל מלא,,,חטיף שיבולת שועל מלא,גרמים,210.00,100 גרם,false,,19.50,9.2857,true,1,12607
16229924263,false,"קרם קוקוס 250 מ""ל.",,,"קרם קוקוס 250 מ""ל.",מיליליטרים,250.00,"100 מ""ל",false,,9.90,3.9600,true,1,3347
18000701223,false,תערובת לעוגת שוק.דוי,,,תערובת לעוגת שוק.דוי,גרמים,500.00,100 גרם,false,,16.90,3.3800,true,1,12611
18000703494,false,תערובת לעוגת וניל פר,,,תערובת לעוגת וניל פר,גרמים,517.00,100 גרם,false,,16.90,3.2689,true,1,12612
22200956932,false,דאו' ג'ל כחול ספיד ס,,,דאו' ג'ל כחול ספיד ס,גרמים,85.00,100 גרם,false,,18.90,22.2353,true,1,21193
25675120006,false,חמצוצים חמצוצים טבעי,,,חמצוצים חמצוצים טבעי,גרמים,100.00,100 גרם,false,,8.90,8.9000,true,1,3758
25675120020,false,חמצוצים מקלות פטל 10,,,חמצוצים מקלות פטל 10,גרמים,100.00,100 גרם,false,,8.90,8.9000,true,1,3759
25675120037,false,חמצוצים מקלות תות 10,,,חמצוצים מקלות תות 10,גרמים,100.00,100 גרם,false,,8.90,8.9000,true,1,3760
25675120068,false,חמצוצים מקלות קולה 1,,,חמצוצים מקלות קולה 1,גרמים,100.00,100 גרם,false,,8.90,8.9000,true,1,3762
31200001597,false,חמוציות ממותקות ומיו,,,חמוציות ממותקות ומיו,גרמים,170.00,100 גרם,false,,9.90,5.8235,true,1,12618
34000148301,false,הרשי נטיפי אפייה שוק,,,הרשי נטיפי אפייה שוק,גרמים,340.00,100 גרם,false,,18.90,5.5588,true,1,12624
34000196173,false,הרשיז קוקיס אנד קרים,,,הרשיז קוקיס אנד קרים,גרמים,113.00,100 גרם,false,,7.90,6.9912,true,1,12625
34000996643,false,מטבעות בטעם שוקולד ל,,,מטבעות בטעם שוקולד ל,גרמים,215.00,100 גרם,false,,18.90,8.7907,true,1,245365
37600207188,false,סקיפי חמאת בוטנים קל,,,סקיפי חמאת בוטנים קל,גרמים,462.00,100 גרם,false,,17.90,3.8745,true,1,5226
37600207256,false,סקיפי חמאת בוטנים עם,,,סקיפי חמאת בוטנים עם,גרמים,462.00,100 גרם,false,,17.90,3.8745,true,1,5227
37600207287,false,סקיפי חמאת בוטנים עם,,,סקיפי חמאת בוטנים עם,גרמים,462.00,100 גרם,false,,17.90,3.8745,true,1,5228
38000232152,false,פרינגלס ביג ברביקיו,,,פרינגלס ביג ברביקיו,גרמים,158.00,100 גרם,false,,8.90,5.6329,true,1,26730
38000232176,false,פרינגלס ביג שמנת בצל,,,פרינגלס ביג שמנת בצל,גרמים,158.00,100 גרם,false,,8.90,5.6329,true,1,26731
38000232183,false,פרינגלס ביג אורגינל,,,פרינגלס ביג אורגינל,גרמים,158.00,100 גרם,false,,8.90,5.6329,true,1,26732
40000513568,false,עדשי שוקולד M&M,,,עדשי שוקולד M&M,גרמים,156.00,100 גרם,false,,11.90,7.6282,true,1,20650
41224700260,false,צלפים מינאטוריים בחו,,,צלפים מינאטוריים בחו,גרמים,90.00,100 גרם,false,,18.90,21.0000,true,1,47903
41224700925,false,פירות צלף בחומץ רולנ,,,פירות צלף בחומץ רולנ,גרמים,425.00,100 גרם,false,,26.00,6.1176,true,1,47904
50000015474,false,פריסקיז מעדני הים 4*,,,פריסקיז מעדני הים 4*,קילוגרמים,1.40,"ק""ג",false,,38.90,27.7857,true,1,118825
50000084500,false,פריסקיז מעדני השף מנ,,,פריסקיז מעדני השף מנ,קילוגרמים,1.43,"ק""ג",false,,38.90,27.2028,true,1,18357
50000100347,false,פריסקיז מעדני החתול,,,פריסקיז מעדני החתול,קילוגרמים,1.40,"ק""ג",false,,38.90,27.7857,true,1,18359
50000170180,false,פריסקיז פריים פילה ע,,,פריסקיז פריים פילה ע,גרמים,156.00,100 גרם,false,,6.90,4.4231,true,1,18361
50000225224,false,פריסקיז פריים פילה ה,,,פריסקיז פריים פילה ה,גרמים,156.00,100 גרם,false,,6.90,4.4231,true,1,18362
50000238910,false,פריסקיז פארטי מיקס א,,,פריסקיז פארטי מיקס א,גרמים,60.00,100 גרם,false,,11.90,19.8333,true,1,252847
50000429448,false,פנסי פיסט פטה מוס סל,,,פנסי פיסט פטה מוס סל,גרמים,85.00,100 גרם,false,,6.10,7.1765,true,1,18372
50000429646,false,פנסי פיסט פטה דג אוק,,,פנסי פיסט פטה דג אוק,גרמים,85.00,100 גרם,false,,5.70,6.7059,true,1,18373
50000578238,false,פריסקיז פארטי מיקס ק,,,פריסקיז פארטי מיקס ק,גרמים,60.00,100 גרם,false,,11.90,19.8333,true,1,252850
52100006260,false,אבקת שום 88 גרם McCo,,,אבקת שום 88 גרם McCo,גרמים,88.00,100 גרם,false,,28.90,32.8409,true,1,233666
52100040806,false,תערובת תיבול שום בצל,,,תערובת תיבול שום בצל,גרמים,120.00,100 גרם,false,,25.90,21.5833,true,1,233730
54881000055,false,תה שחור מבחר פירות 2,,,תה שחור מבחר פירות 2,גרמים,695.00,100 גרם,false,,8.90,1.2806,true,1,100064
54881006958,false,תה שחור קינמון 20 שק,,,תה שחור קינמון 20 שק,גרמים,695.00,100 גרם,false,,8.90,1.2806,true,1,100069
54881006972,false,תה שחור לימון וליים,,,תה שחור לימון וליים,יחידה,0.00,יחידה,false,,8.90,0.0000,true,1,100070
54881007511,false,תה ירוק בטעם מנטה 20,,,תה ירוק בטעם מנטה 20,גרמים,180.00,100 גרם,false,,9.90,5.5000,true,1,100071
54881008945,false,תה ירוק 20 שקיות - ת,,,תה ירוק 20 שקיות - ת,גרמים,180.00,100 גרם,false,,9.90,5.5000,true,1,100073
64144090013,false,תרסיס שמן פאם חמאה 1,,,תרסיס שמן פאם חמאה 1,מיליליטרים,148.00,"100 מ""ל",false,,17.90,12.0946,true,1,12641
64144090020,false,תרסיס שמן זית פאם 14,,,תרסיס שמן זית פאם 14,גרמים,148.00,100 גרם,false,,17.90,12.0946,true,1,12642
64144090051,false,תרסיס שמן קנולה פאם,,,תרסיס שמן קנולה פאם,מיליליטרים,148.00,"100 מ""ל",false,,17.90,12.0946,true,1,12643
70177077563,false,טווינינג ארל גריי 50,,,טווינינג ארל גריי 50,גרמים,50.00,100 גרם,false,,18.90,37.8000,true,1,13669
70177077693,false,טווינינג אינגליש ברק,,,טווינינג אינגליש ברק,גרמים,50.00,100 גרם,false,,18.90,37.8000,true,1,13670
72600062306,false,הר חטיף גבינת 198 גר,,,הר חטיף גבינת 198 גר,גרמים,198.00,100 גרם,false,,19.90,10.0505,true,1,122479
76840100156,false,בן&גרי גלידה צרי גרס,,,בן&גרי גלידה צרי גרס,גרמים,473.00,100 גרם,false,,19.90,4.2072,true,1,14356
76840100583,false,גלידה וניל +בצק עוגי,,,גלידה וניל +בצק עוגי,מיליליטרים,473.00,"100 מ""ל",false,,19.90,4.2072,true,1,14357
76840400218,false,בן&גריס גלידה תות שד,,,בן&גריס גלידה תות שד,מיליליטרים,475.00,"100 מ""ל",false,,19.90,4.1895,true,1,14370
77245110610,false,סוכריות מאסט ללא סוכ,,,סוכריות מאסט ללא סוכ,גרמים,80.00,100 גרם,false,,8.90,11.1250,true,1,22156
77975022757,false,סניידרס בייגלה אמריק,,,סניידרס בייגלה אמריק,גרמים,382.00,100 גרם,false,,15.90,4.1623,true,1,12645
77975034071,false,בייגלה סניידרס ניבלר,,,בייגלה סניידרס ניבלר,גרמים,255.00,100 גרם,false,,15.90,6.2353,true,1,12649
77975036976,false,סניידרס מטבל סלסה בח,,,סניידרס מטבל סלסה בח,גרמים,439.00,100 גרם,false,,16.90,3.8497,true,1,12650
77975094631,false,סניידרס בייגלה סנדוו,,,סניידרס בייגלה סנדוו,גרמים,266.00,100 גרם,false,,15.90,5.9774,true,1,112703
77975094761,false,סניידרס צ'דר 340 גרם,,,סניידרס צ'דר 340 גרם,גרמים,340.00,100 גרם,false,,15.90,4.6765,true,1,112704
77975094778,false,סניידרס שברי בייגלה,,,סניידרס שברי בייגלה,גרמים,340.00,100 גרם,false,,15.90,4.6765,true,1,140862
78300098379,false,פלייטקס טמפוני רגולר,,,פלייטקס טמפוני רגולר,יח',20.00,יח',false,,25.00,1.2500,true,1,5463
611745285432,false,סט 3 מגבות מטבח,,,סט 3 מגבות מטבח,יחידה,0.00,יחידה,false,,14.90,0.0000,true,1,63784
611745285685,true,אבוקדו בשל יח,,,אבוקדו בשל יח,גרמים,470.00,100 גרם,false,,9.90,2.1064,true,1,50972
613008742348,false,אריזונה ג'נסנג ודבש,,,אריזונה ג'נסנג ודבש,ליטרים,1.00,ליטר,false,,11.80,11.8000,true,1,86413
613008753320,false,אריזונה ג'נסנג ודבש,,,אריזונה ג'נסנג ודבש,מיליליטרים,450.00,"100 מ""ל",false,,8.30,1.8444,true,1,39386
613008753382,false,אריזונה אוכמנייות 45,,,אריזונה אוכמנייות 45,מיליליטרים,450.00,"100 מ""ל",false,,8.30,1.8444,true,1,39388
645173911038,false,מלפפונים קורנישון מי,,,מלפפונים קורנישון מי,גרמים,720.00,100 גרם,false,,10.90,1.5139,true,1,24905
651080647519,false,פלאקרס חוט דנטלי מנט,,,פלאקרס חוט דנטלי מנט,יחידה,0.00,יחידה,false,,9.90,0.0000,true,1,5475
689076071659,false,קולפן,,,קולפן,יחידה,0.00,יחידה,false,,7.90,0.0000,true,1,47727
693493065634,false,ניוקי 3 צבעים 500 גר,,,ניוקי 3 צבעים 500 גר,גרמים,500.00,100 גרם,false,,9.90,1.9800,true,1,71688
693493065672,false,טחינה מלאה הר כנען -,,,טחינה מלאה הר כנען -,גרמים,500.00,100 גרם,false,,15.90,3.1800,true,1,227336
704572064025,false,צנצנת זכוכית יהלום מ,,,צנצנת זכוכית יהלום מ,יחידה,0.00,יחידה,false,,34.90,0.0000,true,1,38315
710535495539,false,"אבאל אורז בסמטי 1 ק""",,,"אבאל אורז בסמטי 1 ק""",קילוגרמים,1.00,"ק""ג",false,,11.90,11.9000,true,1,72618
728229123590,false,טרה צ'יפס ירקות שורש,,,טרה צ'יפס ירקות שורש,גרמים,110.00,100 גרם,false,,15.50,14.0909,true,1,5478
728229123811,false,טרה צ'יפס חטיף  ים ת,,,טרה צ'יפס חטיף  ים ת,גרמים,110.00,100 גרם,false,,15.50,14.0909,true,1,5480
728229130154,false,טרה צ'יפס חטיף בטטה,,,טרה צ'יפס חטיף בטטה,גרמים,110.00,100 גרם,false,,15.50,14.0909,true,1,5484
729000358422,false,סלסלה  דנטל עגולה קט,,,סלסלה  דנטל עגולה קט,יחידה,0.00,יחידה,false,,8.90,0.0000,true,1,102050
787269647763,false,קפה קר קפוצ'ינו 250,,,קפה קר קפוצ'ינו 250,מיליליטרים,250.00,"100 מ""ל",false,,6.90,2.7600,true,1,146662
787269647770,false,"קפה קר אספרסו 250 מ""",,,"קפה קר אספרסו 250 מ""",מיליליטרים,250.00,"100 מ""ל",false,,6.90,2.7600,true,1,146663
787269647787,false,"קפה קר לאטה 250 מ""ל",,,"קפה קר לאטה 250 מ""ל",מיליליטרים,250.00,"100 מ""ל",false,,6.90,2.7600,true,1,146664
811250030699,false,פלפל שחור טחון 50 גר,,,פלפל שחור טחון 50 גר,גרמים,50.00,100 גרם,false,,5.90,11.8000,true,1,34733
816696011233,false,כוס לונג לקינוח 8 יח,,,כוס לונג לקינוח 8 יח,יחידה,0.00,יחידה,false,,10.90,0.0000,true,1,36984
818570007066,false,וטקינס וניל  טהור  2,,,וטקינס וניל  טהור  2,מיליליטרים,29.00,"100 מ""ל",false,,30.90,106.5517,true,1,13698
835811000402,false,כפות 50 יח' קרם  עבה,,,כפות 50 יח' קרם  עבה,יחידה,0.00,יחידה,false,,16.90,0.0000,true,1,7431
835811000419,false,כפיות 50 יח' קרם עבה,,,כפיות 50 יח' קרם עבה,יחידה,0.00,יחידה,false,,16.90,0.0000,true,1,7432
835811000426,false,מזלגות 50 יח' קרם עב,,,מזלגות 50 יח' קרם עב,יחידה,0.00,יחידה,false,,16.90,0.0000,true,1,7433
835811000433,false,סכינים 50 יח' קרם עב,,,סכינים 50 יח' קרם עב,יחידה,0.00,יחידה,false,,16.90,0.0000,true,1,7434
835811001157,false,צלחות עגולות גדולות,,,צלחות עגולות גדולות,יח',10.00,יח',false,,16.90,1.6900,true,1,160999
835811001522,false,כפיות 100 יח` לקפה ו,,,כפיות 100 יח` לקפה ו,יחידה,0.00,יחידה,false,,9.90,0.0000,true,1,7437
835811001676,false,תבנית גדולה 9 יח. R-,,,תבנית גדולה 9 יח. R-,יחידה,0.00,יחידה,false,,11.90,0.0000,true,1,7448
835811001713,false,נילון ניצמד 150 מ' ר,,,נילון ניצמד 150 מ' ר,מטרים,150.00,מטר,false,,17.90,0.1193,true,1,7451
835811003458,false,מזלגות אלגנט שקוף 50,,,מזלגות אלגנט שקוף 50,יחידה,0.00,יחידה,false,,9.90,0.0000,true,1,252312
835811003588,false,צלחות קלאסי לבן גדול,,,צלחות קלאסי לבן גדול,יחידה,0.00,יחידה,false,,34.90,0.0000,true,1,200888
835811003595,false,צלחות קלאסי לבן קטן,,,צלחות קלאסי לבן קטן,יחידה,0.00,יחידה,false,,24.90,0.0000,true,1,200877
835811004073,false,צלחות מרובעות ענק מד,,,צלחות מרובעות ענק מד,יח',10.00,יח',false,,16.90,1.6900,true,1,160988
835811004431,false,מארז  ממחטות נייר טי,,,מארז  ממחטות נייר טי,יח',5.00,יח',false,,9.90,1.9800,true,1,176848
835811004523,false,הנמל קשים מיוחדים לש,,,הנמל קשים מיוחדים לש,יח',75.00,יח',false,,9.90,0.1320,true,1,7519
835811004707,false,הנמל פירורי לחם מוזה,,,הנמל פירורי לחם מוזה,גרמים,440.00,100 גרם,false,,7.90,1.7955,true,1,7520
835811005339,false,זוג שקיות אוכל הנמל,,,זוג שקיות אוכל הנמל,יח',300.00,יח',false,,8.90,0.0297,true,1,7549
835811005407,false,הנמל כוסות קפה לדרך,,,הנמל כוסות קפה לדרך,יחידה,0.00,יחידה,false,,13.90,0.0000,true,1,7552
835811005728,false,עלים לקרמשניט 400 גר,,,עלים לקרמשניט 400 גר,גרמים,400.00,100 גרם,false,,18.90,4.7250,true,1,7565
835811005803,false,הנמל שקיות אשפה עם י,,,הנמל שקיות אשפה עם י,יחידה,0.00,יחידה,false,,12.90,0.0000,true,1,7566
835811005810,false,תבנית אלומיניום מרוב,,,תבנית אלומיניום מרוב,יחידה,0.00,יחידה,false,,11.90,0.0000,true,1,7567
835811005933,false,תבנית ענקית 5 יח. R-,,,תבנית ענקית 5 יח. R-,יחידה,0.00,יחידה,false,,11.90,0.0000,true,1,7569
835811005940,false,תבנית גדולה עם מכסה,,,תבנית גדולה עם מכסה,יחידה,0.00,יחידה,false,,11.90,0.0000,true,1,7570
835811005957,false,תבנית מלבנית עם מכסה,,,תבנית מלבנית עם מכסה,יחידה,0.00,יחידה,false,,11.90,0.0000,true,1,7571
835811006435,false,תבנית מלבנית עמוקה ע,,,תבנית מלבנית עמוקה ע,יחידה,0.00,יחידה,false,,11.90,0.0000,true,1,7602
835811006497,false,אבקת סוכר 500 גר,,,אבקת סוכר 500 גר,גרמים,500.00,100 גרם,false,,8.90,1.7800,true,1,7605
835811006534,false,כוסות קרטון 50 יח 16,,,כוסות קרטון 50 יח 16,יחידה,0.00,יחידה,false,,23.90,0.0000,true,1,7608
835811006770,false,תבנית אלומניום עגולה,,,תבנית אלומניום עגולה,יחידה,0.00,יחידה,false,,11.90,0.0000,true,1,7626
835811007166,false,'כוסות לקפה לדרך+מכס,,,'כוסות לקפה לדרך+מכס,יחידה,0.00,יחידה,false,,12.90,0.0000,true,1,7636
835811007241,false,לקט שעועית 500 גרם (,,,לקט שעועית 500 גרם (,גרמים,500.00,100 גרם,false,,7.90,1.5800,true,1,7642
835811007357,false,סלטינות 25 יחידות,,,סלטינות 25 יחידות,יחידה,0.00,יחידה,false,,7.90,0.0000,true,1,7644
835811008347,false,גפרור ענק,,,גפרור ענק,יחידה,0.00,יחידה,false,,5.90,0.0000,true,1,7659
835811008699,false,כפות 50 יח שקוף עבה,,,כפות 50 יח שקוף עבה,יחידה,0.00,יחידה,false,,16.90,0.0000,true,1,7663
835811008934,false,מזלגות 50 יח עבה במי,,,מזלגות 50 יח עבה במי,יחידה,0.00,יחידה,false,,16.90,0.0000,true,1,7674
835811008941,false,סכינים 50 יח שקוף עב,,,סכינים 50 יח שקוף עב,יחידה,0.00,יחידה,false,,16.90,0.0000,true,1,7675
835811008958,false,כפיות 50 יח שקוף עבה,,,כפיות 50 יח שקוף עבה,יחידה,0.00,יחידה,false,,16.90,0.0000,true,1,7676
835811008989,false,כוסות קרטון 12 אוז 5,,,כוסות קרטון 12 אוז 5,יחידה,0.00,יחידה,false,,19.90,0.0000,true,1,7678
835811008996,false,כוסות קרטון 10 אוז,,,כוסות קרטון 10 אוז,יחידה,0.00,יחידה,false,,15.90,0.0000,true,1,7679
835811009016,false,כוסות קרטון 50 יח 4O,,,כוסות קרטון 50 יח 4O,יחידה,0.00,יחידה,false,,7.90,0.0000,true,1,7681
835811009689,false,כוסות צבע מעורב 50 י,,,כוסות צבע מעורב 50 י,יחידה,0.00,יחידה,false,,14.90,0.0000,true,1,7714
839762000658,false,איילנד נקטר גויאבה 1,,,איילנד נקטר גויאבה 1,ליטרים,1.00,ליטר,false,,11.50,11.5000,true,1,39390
848974057299,false,מתקן לכיור,,,מתקן לכיור,יחידה,0.00,יחידה,false,,39.90,0.0000,true,1,48132
859547004084,false,ספוג ניקוי בניחוח לי,,,ספוג ניקוי בניחוח לי,גרמים,34.00,100 גרם,false,,17.90,52.6471,true,1,197223
877300000081,false,פלפל שחור טחון צנצנת,,,פלפל שחור טחון צנצנת,גרמים,100.00,100 גרם,false,,14.90,14.9000,true,1,34743
877300000364,false,אורגנו 20 גרם שקית.,,,אורגנו 20 גרם שקית.,גרמים,20.00,100 גרם,false,,4.90,24.5000,true,1,34744
877300001057,false,נפטון פלפל לבן טחון,,,נפטון פלפל לבן טחון,גרמים,100.00,100 גרם,false,,14.90,14.9000,true,1,34753
877300001071,false,שום גבישי דק 150גר,,,שום גבישי דק 150גר,גרמים,150.00,100 גרם,false,,10.90,7.2667,true,1,34755
877300001101,false,נפטון קינמון טחון 15,,,נפטון קינמון טחון 15,גרמים,150.00,100 גרם,false,,10.90,7.2667,true,1,34756
877300001163,false,נפטון פפריקה חריפה 1,,,נפטון פפריקה חריפה 1,גרמים,150.00,100 גרם,false,,10.90,7.2667,true,1,34760
877300001170,false,פפריקה מתוקה 150 גרם,,,פפריקה מתוקה 150 גרם,גרמים,150.00,100 גרם,false,,10.90,7.2667,true,1,34761
877300001248,false,נפטון פפריקה מתוקה 1,,,נפטון פפריקה מתוקה 1,גרמים,150.00,100 גרם,false,,10.90,7.2667,true,1,34763
877300001361,false,נפטון תבלין לשווארמה,,,נפטון תבלין לשווארמה,גרמים,150.00,100 גרם,false,,10.90,7.2667,true,1,34767
877300001385,false,נפטון תבלין לפרגיות,,,נפטון תבלין לפרגיות,גרמים,150.00,100 גרם,false,,10.90,7.2667,true,1,34769
877300001866,false,נפטון תערובת תיבול פ,,,נפטון תערובת תיבול פ,גרמים,150.00,100 גרם,false,,10.90,7.2667,true,1,34779
877300002184,false,אריסה מתוקה 180 גר`,,,אריסה מתוקה 180 גר`,גרמים,180.00,100 גרם,false,,12.90,7.1667,true,1,34789
877300002290,false,נפטון פפריקה מעושנת,,,נפטון פפריקה מעושנת,גרמים,150.00,100 גרם,false,,10.90,7.2667,true,1,34792
877300003242,false,רוטב ברביקיו 360גר,,,רוטב ברביקיו 360גר,גרמים,360.00,100 גרם,false,,13.00,3.6111,true,1,34801
877300003310,false,רוטב צ`ילי חריף 370ג,,,רוטב צ`ילי חריף 370ג,גרמים,370.00,100 גרם,false,,13.00,3.5135,true,1,34807
877300003358,false,ממרח פלפל צ`ומה 180ג,,,ממרח פלפל צ`ומה 180ג,גרמים,180.00,100 גרם,false,,12.90,7.1667,true,1,34810
877300004102,false,ממרח פסטו שום נפטון,,,ממרח פסטו שום נפטון,גרמים,180.00,100 גרם,false,,12.90,7.1667,true,1,34816
877300004553,false,פפריקה מתוקה 80 גרם,,,פפריקה מתוקה 80 גרם,גרמים,80.00,100 גרם,false,,5.90,7.3750,true,1,34824
877300004560,false,פפריקה חריפה 80 גרם,,,פפריקה חריפה 80 גרם,גרמים,80.00,100 גרם,false,,5.90,7.3750,true,1,34825
877300007714,false,כורכום טחון 400גר,,,כורכום טחון 400גר,גרמים,400.00,100 גרם,false,,17.90,4.4750,true,1,34831
877300007721,false,כמון טחון 400גר,,,כמון טחון 400גר,גרמים,400.00,100 גרם,false,,17.90,4.4750,true,1,34832
877300007752,false,פפריקה מתוקה 400גר,,,פפריקה מתוקה 400גר,גרמים,400.00,100 גרם,false,,17.90,4.4750,true,1,34834
877300007936,false,פפריקה מתוקה גס בשמן,,,פפריקה מתוקה גס בשמן,גרמים,400.00,100 גרם,false,,17.90,4.4750,true,1,34835
877300008001,false,פפריקה חריפה בשמן 40,,,פפריקה חריפה בשמן 40,גרמים,400.00,100 גרם,false,,17.90,4.4750,true,1,34836
877300009183,false,רוטב שמן זית ולימון,,,רוטב שמן זית ולימון,גרמים,300.00,100 גרם,false,,13.00,4.3333,true,1,34849
877300009367,false,ממרח פסטו בזיליקום נ,,,ממרח פסטו בזיליקום נ,גרמים,180.00,100 גרם,false,,12.90,7.1667,true,1,34850
877300009725,false,אורגנו נפטון 60 גרם.,,,אורגנו נפטון 60 גרם.,גרמים,60.00,100 גרם,false,,10.90,18.1667,true,1,34853
877300009848,false,מלח לימון 150 גרם נפ,,,מלח לימון 150 גרם נפ,גרמים,150.00,100 גרם,false,,10.90,7.2667,true,1,34855
884912365200,false,דגני בוקר עם פירורי,,,דגני בוקר עם פירורי,גרמים,311.00,100 גרם,false,,22.90,7.3633,true,1,253482
3014260201753,false,סכיני גילוח חד פעמיי,,,סכיני גילוח חד פעמיי,יחידה,0.00,יחידה,false,,12.90,0.0000,true,1,26762
3014260228842,false,קצף גילוח רגיל ג'ילט,,,קצף גילוח רגיל ג'ילט,מיליליטרים,200.00,"100 מ""ל",false,,14.90,7.4500,true,1,26771
3014260289287,false,סכיני גילוח לאישה בל,,,סכיני גילוח לאישה בל,יחידה,0.00,יחידה,false,,13.90,0.0000,true,1,26791
3045206360609,false,דזיטול נוזל מחטא בגד,,,דזיטול נוזל מחטא בגד,מיליליטרים,1.00,"100 מ""ל",false,,23.90,2390.0000,true,1,207338
3046920010856,false,לינדט אקסלנס לימון ג,,,לינדט אקסלנס לימון ג,גרמים,100.00,100 גרם,false,,14.90,14.9000,true,1,13701
3046920016377,false,לינדט אקסלנס מילד 10,,,לינדט אקסלנס מילד 10,גרמים,100.00,100 גרם,false,,14.90,14.9000,true,1,76856
3046920029681,false,לינדט אקסלנס מילד 85,,,לינדט אקסלנס מילד 85,גרמים,100.00,100 גרם,false,,14.90,14.9000,true,1,76846
3059940007768,false,אירוויק ספרי וניל או,,,אירוויק ספרי וניל או,מיליליטרים,240.00,"100 מ""ל",false,,9.90,4.1250,true,1,20774
3059943015104,false,איירוויק ספריי נטול,,,איירוויק ספריי נטול,מיליליטרים,345.00,"100 מ""ל",false,,14.90,4.3188,true,1,20782
3059943015128,false,איירוויק ספריי נטול,,,איירוויק ספריי נטול,מיליליטרים,345.00,"100 מ""ל",false,,14.90,4.3188,true,1,20783
3059943016507,false,איירויק ספריי לבנדר,,,איירויק ספריי לבנדר,מיליליטרים,240.00,"100 מ""ל",false,,9.90,4.1250,true,1,20784
3059944025003,false,רצועות שעווה לעור רג,,,רצועות שעווה לעור רג,יחידה,0.00,יחידה,false,,40.90,0.0000,true,1,20798
3068320014067,false,מים מינרלים טבעיים מ,,,מים מינרלים טבעיים מ,מיליליטרים,750.00,"100 מ""ל",false,,9.90,1.3200,true,1,29645
3068320017846,false,מים מינרלים טבעיים מ,,,מים מינרלים טבעיים מ,ליטרים,1.00,ליטר,false,,12.90,12.9000,true,1,29646
3068320055008,false,מים מינרלים טבעיים מ,,,מים מינרלים טבעיים מ,מיליליטרים,500.00,"100 מ""ל",false,,6.90,1.3800,true,1,29647
3073781161700,false,גבינה מותכת לה וואש,,,גבינה מותכת לה וואש,גרמים,480.00,100 גרם,false,,38.90,8.1042,true,1,125491
3073781162790,false,בייבי בל 24% אדום 12,,,בייבי בל 24% אדום 12,גרמים,120.00,100 גרם,false,,22.90,19.0833,true,1,224566
3141360054405,false,פיניש מפיץ ריח לימון,,,פיניש מפיץ ריח לימון,יחידה,0.00,יחידה,false,,14.90,0.0000,true,1,20801
3161911393210,false,חמאת נורמנדי מלוחה 2,,,חמאת נורמנדי מלוחה 2,גרמים,200.00,100 גרם,false,,21.90,10.9500,true,1,216171
3178530417340,false,בראוניז שוקולד סאן מ,,,בראוניז שוקולד סאן מ,גרמים,210.00,100 גרם,false,,16.90,8.0476,true,1,183054
3245412211393,false,שוקולד חלב מעולה קרפ,,FR,שוקולד חלב מעולה קרפ,גרמים,300.00,100 גרם,false,,7.90,2.6333,true,1,229633
3245412211409,false,שוקולד חלב מעולה עם,,FR,שוקולד חלב מעולה עם,גרמים,300.00,100 גרם,false,,15.90,5.3000,true,1,229486
3267682136176,false,ויסקי היילנד קווין ב,,,ויסקי היילנד קווין ב,ליטרים,1.00,ליטר,false,,100.90,100.9000,true,1,72
3270190111108,false,קרפור מוזלי פירות 7,,,קרפור מוזלי פירות 7,גרמים,750.00,100 גרם,false,,15.90,2.1200,true,1,260171
3270190151654,false,שוקולד מריר מעולה עם,,FR,שוקולד מריר מעולה עם,גרמים,100.00,100 גרם,false,,5.90,5.9000,true,1,229488
3270190174936,false,שוקולד חלב עם תכולת,,FR,שוקולד חלב עם תכולת,גרמים,100.00,100 גרם,false,,5.90,5.9000,true,1,229512
3278480396310,false,קוניאק גודה VSכשל'פ,,,קוניאק גודה VSכשל'פ,מיליליטרים,700.00,"100 מ""ל",false,,129.90,18.5571,true,1,11149
3387390320244,false,פיטנס פירות דגני עם,,,פיטנס פירות דגני עם,גרמים,375.00,100 גרם,false,,19.90,5.3067,true,1,18385
3387390525960,false,דגני קראנץ' נסטלה 50,,,דגני קראנץ' נסטלה 50,גרמים,500.00,100 גרם,false,,22.90,4.5800,true,1,18386
3500610150500,false,שאטו הו פורה בורדו 7,,,שאטו הו פורה בורדו 7,מיליליטרים,750.00,"100 מ""ל",false,,74.90,9.9867,true,1,208720
3500610150524,false,לה שאטו הו פואטו סוב,,,לה שאטו הו פואטו סוב,מיליליטרים,750.00,"100 מ""ל",false,,79.90,10.6533,true,1,208733
3560070230778,false,קרפור-תה אנגלי שחור,,,קרפור-תה אנגלי שחור,גרמים,50.00,100 גרם,false,,6.90,13.8000,true,1,276293
3560070232963,false,קרפור-חליטת פירות יע,,,קרפור-חליטת פירות יע,גרמים,40.00,100 גרם,false,,6.90,17.2500,true,1,276232
3560070582884,false,קרפור סטייליס עם שוק,,,קרפור סטייליס עם שוק,גרמים,300.00,100 גרם,false,,8.90,2.9667,true,1,260146
3560070669981,false,שוקולד מריר מעולה 80,,FR,שוקולד מריר מעולה 80,גרמים,80.00,100 גרם,false,,4.90,6.1250,true,1,229475
3560070701407,false,שוקולד מריר מעולה עם,,FR,שוקולד מריר מעולה עם,גרמים,100.00,100 גרם,false,,5.90,5.9000,true,1,229501
3560070720859,false,שוקולד מריר מעולה 72,,FR,שוקולד מריר מעולה 72,גרמים,80.00,100 גרם,false,,4.90,6.1250,true,1,229489
3560070800230,false,קרפור שוקו קרלס 375,,,קרפור שוקו קרלס 375,גרמים,375.00,100 גרם,false,,6.90,1.8400,true,1,260185
3560070800322,false,קרפור סנופלקס 375 גר,,,קרפור סנופלקס 375 גר,גרמים,375.00,100 גרם,false,,6.90,1.8400,true,1,260172
3560070826186,false,קרפור מוזלי שוקולד ו,,,קרפור מוזלי שוקולד ו,גרמים,750.00,100 גרם,false,,14.90,1.9867,true,1,260173
3560070852086,false,קרפור-תה ירוק בטעם נ,,,קרפור-תה ירוק בטעם נ,גרמים,40.00,100 גרם,false,,6.90,17.2500,true,1,276256
3560070852116,false,קרפור-תה ירוק נענע 5,,,קרפור-תה ירוק נענע 5,גרמים,80.00,100 גרם,false,,8.90,11.1250,true,1,276244
3560070888115,false,קרפור-חליטת טיליה 25,,,קרפור-חליטת טיליה 25,גרמים,42.50,100 גרם,false,,6.90,16.2353,true,1,276197
3560070888122,false,קרפור-חליטת קמומיל 2,,,קרפור-חליטת קמומיל 2,גרמים,30.00,100 גרם,false,,6.90,23.0000,true,1,276173
3560070888139,false,קרפור-תה שחור בטעם פ,,,קרפור-תה שחור בטעם פ,גרמים,42.50,100 גרם,false,,6.90,16.2353,true,1,276268
3560070888153,false,קרפור-תה ירוק בטעם ל,,,קרפור-תה ירוק בטעם ל,גרמים,40.00,100 גרם,false,,6.90,17.2500,true,1,276281
3560070928194,false,קרפור-חליטת לואיזה 2,,,קרפור-חליטת לואיזה 2,גרמים,32.50,100 גרם,false,,6.90,21.2308,true,1,276185
3560070928347,false,קרפור-חליטת רויבוש ו,,,קרפור-חליטת רויבוש ו,גרמים,40.00,100 גרם,false,,6.90,17.2500,true,1,276220
3560071013127,false,קרפור סטייליס עם שוק,,,קרפור סטייליס עם שוק,גרמים,300.00,100 גרם,false,,8.90,2.9667,true,1,260158
3560071013196,false,קרפור סטייליס בטעם ט,,,קרפור סטייליס בטעם ט,גרמים,500.00,100 גרם,false,,9.90,1.9800,true,1,260159
3560071015725,false,קרפור פיברה עם 5 פיר,,,קרפור פיברה עם 5 פיר,גרמים,500.00,100 גרם,false,,11.90,2.3800,true,1,260199
3560071016074,false,קרפור קורונפלקס 500,,,קרפור קורונפלקס 500,גרמים,500.00,100 גרם,false,,6.90,1.3800,true,1,260200
3560071341947,false,שמן זית כתית מעולה ב,,FR,שמן זית כתית מעולה ב,מיליליטרים,750.00,"100 מ""ל",false,,11.50,1.5333,true,1,259374
3560071431914,false,קפסולות קפה קרפור עו,,FR,קפסולות קפה קרפור עו,גרמים,52.00,100 גרם,false,,6.90,13.2692,true,1,260937
3560071431945,false,קפסולות קפה קרפור עו,,FR,קפסולות קפה קרפור עו,גרמים,52.00,100 גרם,false,,6.90,13.2692,true,1,260961
3560071432003,false,קפסולות קפה קרפור עו,,FR,קפסולות קפה קרפור עו,גרמים,52.00,100 גרם,false,,6.90,13.2692,true,1,260962
3560071432034,false,קפסולות קפה נטול קרפ,,FR,קפסולות קפה נטול קרפ,גרמים,52.00,100 גרם,false,,6.90,13.2692,true,1,260963
3560071432065,false,קפסולות קפה קרפור עו,,FR,קפסולות קפה קרפור עו,גרמים,52.00,100 גרם,false,,6.90,13.2692,true,1,260964
3560071432096,false,קפסולות קפה קרפור עו,,FR,קפסולות קפה קרפור עו,גרמים,52.00,100 גרם,false,,6.90,13.2692,true,1,260965
3560071432157,false,קפסולות קפה וניל קרפ,,FR,קפסולות קפה וניל קרפ,גרמים,52.00,100 גרם,false,,6.90,13.2692,true,1,260966
3560071432188,false,קפסולות קפה קרמל קרפ,,FR,קפסולות קפה קרמל קרפ,גרמים,52.00,100 גרם,false,,6.90,13.2692,true,1,260967
3560071432218,false,קפסולות קפה אגוז קרפ,,FR,קפסולות קפה אגוז קרפ,גרמים,52.00,100 גרם,false,,6.90,13.2692,true,1,260968
3560071432249,false,קפסולות קפה ברזיל קר,,FR,קפסולות קפה ברזיל קר,גרמים,52.00,100 גרם,false,,6.90,13.2692,true,1,260969
3560071432270,false,קפסולות קפה קולומביה,,FR,קפסולות קפה קולומביה,גרמים,52.00,100 גרם,false,,6.90,13.2692,true,1,260988
3560071432300,false,קפסולות קפה אתיופיה,,FR,קפסולות קפה אתיופיה,גרמים,52.00,100 גרם,false,,6.90,13.2692,true,1,260970
3560071432331,false,קפסולות קפה לאוס קרפ,,FR,קפסולות קפה לאוס קרפ,גרמים,52.00,100 גרם,false,,6.90,13.2692,true,1,260971
3560071432362,false,קפסולות קפה קניה קרפ,,FR,קפסולות קפה קניה קרפ,גרמים,52.00,100 גרם,false,,6.90,13.2692,true,1,260972
3560071432393,false,קפסולות קפה קוסטה רי,,FR,קפסולות קפה קוסטה רי,גרמים,52.00,100 גרם,false,,6.90,13.2692,true,1,260973
3560071432515,false,קפסולות קפה קרפור עו,,FR,קפסולות קפה קרפור עו,גרמים,52.00,100 גרם,false,,6.90,13.2692,true,1,260974
3560071432690,false,קפסולות קפה קרפור עו,,FR,קפסולות קפה קרפור עו,גרמים,52.00,100 גרם,false,,6.90,13.2692,true,1,260975
3574660089547,false,טמפון קלאסי נורמל או,,,טמפון קלאסי נורמל או,יחידה,0.00,יחידה,false,,21.90,0.0000,true,1,21215
3574661003924,false,מי פה טוטאל קאר ליסט,,,מי פה טוטאל קאר ליסט,מיליליטרים,500.00,"100 מ""ל",false,,19.90,3.9800,true,1,29404
3574661114637,false,מי פה זירו ליסטרין 5,,,מי פה זירו ליסטרין 5,מיליליטרים,500.00,"100 מ""ל",false,,22.90,4.5800,true,1,29409
3574661425696,false,ג'ונסונס בייבי תחליב,,,ג'ונסונס בייבי תחליב,מיליליטרים,500.00,"100 מ""ל",false,,28.90,5.7800,true,1,21292
3574661485201,false,אובה פרוקומפורט סופר,,,אובה פרוקומפורט סופר,יחידה,0.00,יחידה,false,,21.90,0.0000,true,1,231580
3574661485218,false,אובה פרוקומפורט נורמ,,,אובה פרוקומפורט נורמ,יחידה,0.00,יחידה,false,,21.90,0.0000,true,1,231290
3574661491806,false,מי פה אדוונס וויאט מ,,,מי פה אדוונס וויאט מ,מיליליטרים,500.00,"100 מ""ל",false,,19.90,3.9800,true,1,103927
3574661501901,false,שטיפה אינטימית אלוור,,,שטיפה אינטימית אלוור,מיליליטרים,200.00,"100 מ""ל",false,,17.90,8.9500,true,1,21294
3574661504162,false,מוס לשטיפה אינטימית,,,מוס לשטיפה אינטימית,מיליליטרים,150.00,"100 מ""ל",false,,17.90,11.9333,true,1,21295
3574661552576,false,קרפרי רגיל טנגה לבן,,,קרפרי רגיל טנגה לבן,יחידה,0.00,יחידה,false,,15.90,0.0000,true,1,60694
3574661552804,false,קרפרי מגן תחתן אלוור,,,קרפרי מגן תחתן אלוור,יחידה,0.00,יחידה,false,,15.90,0.0000,true,1,60695
3574661552811,false,קרפרי כותון אוורירי,,,קרפרי כותון אוורירי,יחידה,0.00,יחידה,false,,15.90,0.0000,true,1,60753
3574661554877,false,קרפרי כותון מבושם 56,,,קרפרי כותון מבושם 56,יחידה,0.00,יחידה,false,,15.90,0.0000,true,1,60684
3574661554884,false,קרפרי רגיל טנגה יחני,,,קרפרי רגיל טנגה יחני,יחידה,0.00,יחידה,false,,15.90,0.0000,true,1,60696
3574669907392,false,ג'ונסונס בייבי שמפו,,,ג'ונסונס בייבי שמפו,מיליליטרים,750.00,"100 מ""ל",false,,14.90,1.9867,true,1,176657
3574669908665,false,ג'ונסון בייבי אל סבו,,,ג'ונסון בייבי אל סבו,מיליליטרים,750.00,"100 מ""ל",false,,20.90,2.7867,true,1,21307
3574669908948,false,ג'ונסון בייבי אל סבו,,,ג'ונסון בייבי אל סבו,מיליליטרים,750.00,"100 מ""ל",false,,20.90,2.7867,true,1,21309
3574669909204,false,ג'ונסונס בייבי שמן 3,,,ג'ונסונס בייבי שמן 3,מיליליטרים,300.00,"100 מ""ל",false,,21.40,7.1333,true,1,21311
3600523651870,false,שמפו ארגנין אלביב 55,,,שמפו ארגנין אלביב 55,מיליליטרים,550.00,"100 מ""ל",false,,14.90,2.7091,true,1,12286
3600523651900,false,מרכך ארגנין אלביב 55,,,מרכך ארגנין אלביב 55,מיליליטרים,550.00,"100 מ""ל",false,,14.90,2.7091,true,1,12288
3600523652280,false,שמפו 6 שמנים אלביב 5,,,שמפו 6 שמנים אלביב 5,מיליליטרים,550.00,"100 מ""ל",false,,14.90,2.7091,true,1,12295
3600523652297,false,מרכך 6 שמנים אלביב 5,,,מרכך 6 שמנים אלביב 5,מיליליטרים,550.00,"100 מ""ל",false,,14.90,2.7091,true,1,12296
3600523782567,false,שמפו דרים לונג אלביב,,,שמפו דרים לונג אלביב,מיליליטרים,500.00,"100 מ""ל",false,,14.90,2.9800,true,1,12300
3600523782574,false,מסכה דרים לונג אלביב,,,מסכה דרים לונג אלביב,מיליליטרים,300.00,"100 מ""ל",false,,24.90,8.3000,true,1,12301
3600523782581,false,מרכך דרים לונג אלביב,,,מרכך דרים לונג אלביב,מיליליטרים,500.00,"100 מ""ל",false,,14.90,2.9800,true,1,12302
3600524051334,false,אלביב מרכך היאלורוני,,,אלביב מרכך היאלורוני,מיליליטרים,400.00,"100 מ""ל",false,,13.90,3.4750,true,1,236818
3600524051570,false,אלביב מסכה היאלורוני,,,אלביב מסכה היאלורוני,מיליליטרים,300.00,"100 מ""ל",false,,24.90,8.3000,true,1,236840
3600524055400,false,אלביב שמפו היאלורוני,,,אלביב שמפו היאלורוני,מיליליטרים,400.00,"100 מ""ל",false,,14.90,3.7250,true,1,236819
3600540308610,false,קולור נטורלס חום כהה,,,קולור נטורלס חום כהה,יחידה,0.00,יחידה,false,,19.90,0.0000,true,1,12305
3600540308658,false,גרנייה 7 קולור נטורל,,,גרנייה 7 קולור נטורל,יחידה,0.00,יחידה,false,,19.90,0.0000,true,1,12309
3600540928863,false,דאודורנט רול מיניראל,,,דאודורנט רול מיניראל,מיליליטרים,50.00,"100 מ""ל",false,,14.90,29.8000,true,1,12347
3600541014206,false,גרנייה 5.15 צבע לשיע,,,גרנייה 5.15 צבע לשיע,יחידה,0.00,יחידה,false,,19.90,0.0000,true,1,12352
3600541029323,false,אסנשיאלס מסיר איפור,,,אסנשיאלס מסיר איפור,מיליליטרים,200.00,"100 מ""ל",false,,19.90,9.9500,true,1,12359
3600541253667,false,דאודורנט ספריי אינבי,,,דאודורנט ספריי אינבי,מיליליטרים,150.00,"100 מ""ל",false,,10.00,6.6667,true,1,12386
3600542385251,false,דאודורנט רול פרוטקשן,,,דאודורנט רול פרוטקשן,יחידה,50.00,יחידה,false,,14.90,0.2980,true,1,148030
3600542431828,false,קולור נטורלס 1 שחור,,,קולור נטורלס 1 שחור,יחידה,0.00,יחידה,false,,19.90,0.0000,true,1,222553
3600542431859,false,צבע לשיער קולור נטור,,,צבע לשיער קולור נטור,יחידה,0.00,יחידה,false,,19.90,0.0000,true,1,222586
3608580071389,false,ממרח ערמונים 370 גרם,,,ממרח ערמונים 370 גרם,גרמים,370.00,100 גרם,false,,19.90,5.3784,true,1,231813
3608580730248,false,קונפיטורה דובדבן 370,,,קונפיטורה דובדבן 370,גרמים,370.00,100 גרם,false,,19.90,5.3784,true,1,43101
3661163970448,false,דאו' ספריי לגבר פרש,,,דאו' ספריי לגבר פרש,מיליליטרים,200.00,"100 מ""ל",false,,15.90,7.9500,true,1,5566
3800020403631,false,קיט קט צ'אנקי חמאת ב,,,קיט קט צ'אנקי חמאת ב,גרמים,42.00,100 גרם,false,,3.90,9.2857,true,1,41940
3800020423578,false,קיט קט צאנקי 40 גרם,,,קיט קט צאנקי 40 גרם,גרמים,40.00,100 גרם,false,,3.90,9.7500,true,1,41942
3800020472576,false,קיט קט צ'אנקי  לוטוס,,,קיט קט צ'אנקי  לוטוס,גרמים,42.00,100 גרם,false,,3.90,9.2857,true,1,234144
3800020472712,false,קיט קט צ'אנקי  פופקו,,,קיט קט צ'אנקי  פופקו,גרמים,42.00,100 גרם,false,,3.90,9.2857,true,1,234133
3800034954150,false,עץ ריח איירון שלישיה,,,עץ ריח איירון שלישיה,יחידה,0.00,יחידה,false,,10.50,0.0000,true,1,31726
3838824127163,false,סמי קיט בלונד כסוף 1,,,סמי קיט בלונד כסוף 1,יחידה,0.00,יחידה,false,,15.00,0.0000,true,1,7909
3838824127200,false,סמי קיט חום כהה 3-0,,,סמי קיט חום כהה 3-0,יחידה,0.00,יחידה,false,,15.00,0.0000,true,1,7910
3838824127286,false,סמי קיט בלונד בינוני,,,סמי קיט בלונד בינוני,יחידה,0.00,יחידה,false,,15.00,0.0000,true,1,7914
3838824193915,false,סמי קיט שחור 1-0פאלט,,,סמי קיט שחור 1-0פאלט,יחידה,0.00,יחידה,false,,15.00,0.0000,true,1,7930
4000417022004,false,שוקולד ריטר ספורט חל,,,שוקולד ריטר ספורט חל,גרמים,100.00,100 גרם,false,,8.90,8.9000,true,1,12663
4000417025005,false,שוקולד ריטר ספורט מר,,,שוקולד ריטר ספורט מר,גרמים,100.00,100 גרם,false,,8.90,8.9000,true,1,12666
4000417026002,false,שוקולד חלב ממולא קרם,,,שוקולד חלב ממולא קרם,גרמים,100.00,100 גרם,false,,8.90,8.9000,true,1,12667
4000417101211,false,גלילי וופל עם קרם אג,,,גלילי וופל עם קרם אג,גרמים,150.00,100 גרם,false,,17.90,11.9333,true,1,195485
4000417222008,false,ריטר שוקולד ספורט חל,,,ריטר שוקולד ספורט חל,גרמים,100.00,100 גרם,false,,8.90,8.9000,true,1,12672
4000417224002,false,שוקולד ריטר ספורט מר,,,שוקולד ריטר ספורט מר,גרמים,100.00,100 גרם,false,,9.90,9.9000,true,1,12673
4000417294005,false,שוקולד חלב קרם קקאו,,,שוקולד חלב קרם קקאו,גרמים,100.00,100 גרם,false,,8.90,8.9000,true,1,12678
4001432773230,false,יין בלו נאן בלו וויי,,,יין בלו נאן בלו וויי,מיליליטרים,750.00,"100 מ""ל",false,,50.90,6.7867,true,1,41608
4001518106112,false,מקלות מאפים עם רוזמר,,,מקלות מאפים עם רוזמר,גרמים,125.00,100 גרם,false,,14.90,11.9200,true,1,121706
4002448017684,false,סיליט באנג ספריי רב,,,סיליט באנג ספריי רב,מיליליטרים,750.00,"100 מ""ל",false,,14.90,1.9867,true,1,20804
4002448019480,false,סיליט באנג ספריי מסי,,,סיליט באנג ספריי מסי,מיליליטרים,750.00,"100 מ""ל",false,,14.90,1.9867,true,1,20805
4002720004371,false,מליטה קפה אספרסו קלו,,,מליטה קפה אספרסו קלו,גרמים,250.00,100 גרם,false,,22.00,8.8000,true,1,5575
4004666042004,false,מלרוד מחסל עובש+מרסס,,,מלרוד מחסל עובש+מרסס,מיליליטרים,500.00,"100 מ""ל",false,,32.00,6.4000,true,1,11287
4004666107819,false,מלרוד לניקוי וטיהור,,,מלרוד לניקוי וטיהור,מיליליטרים,500.00,"100 מ""ל",false,,23.90,4.7800,true,1,11288
4005808229390,false,שמפו ג'ל רחצה קול לג,,,שמפו ג'ל רחצה קול לג,מיליליטרים,500.00,"100 מ""ל",false,,14.90,2.9800,true,1,51074
4005808366392,false,שפתון כחול למניעת יו,,,שפתון כחול למניעת יו,גרמים,4.80,100 גרם,false,,9.90,206.2500,true,1,51085
4005808502004,false,שפתון לבלו ורוד בשרי,,,שפתון לבלו ורוד בשרי,גרמים,4.80,100 גרם,false,,9.90,206.2500,true,1,51091
4005808588640,false,קרם גילוח ניוואה לעו,,,קרם גילוח ניוואה לעו,מיליליטרים,100.00,"100 מ""ל",false,,13.90,13.9000,true,1,62651
4005808670611,false,קרם לחות ויסאג ניווא,,,קרם לחות ויסאג ניווא,מיליליטרים,50.00,"100 מ""ל",false,,39.90,79.8000,true,1,51101
4005808817405,false,ג'ל גילוח לעור רגיש,,,ג'ל גילוח לעור רגיש,מיליליטרים,200.00,"100 מ""ל",false,,17.90,8.9500,true,1,51125
4005808850723,false,לבלו פירות בטעם תות,,,לבלו פירות בטעם תות,יחידה,0.00,יחידה,false,,9.90,0.0000,true,1,51143
4005808890507,false,קרם ניוואה סופט 200,,,קרם ניוואה סופט 200,מיליליטרים,200.00,"100 מ""ל",false,,26.90,13.4500,true,1,51149
4005900036568,false,ניוואה דאודורנט ספרי,,,ניוואה דאודורנט ספרי,מיליליטרים,150.00,"100 מ""ל",false,,14.90,9.9333,true,1,51162
4005900485243,false,ניוואה דאודורנט רול,,,ניוואה דאודורנט רול,מיליליטרים,50.00,"100 מ""ל",false,,14.90,29.8000,true,1,51178
4005900513069,false,דאו' רול און לגבר די,,,דאו' רול און לגבר די,מיליליטרים,50.00,"100 מ""ל",false,,14.90,29.8000,true,1,51184
4005900555595,false,לובלו זוג אוריגינל כ,,,לובלו זוג אוריגינל כ,יחידה,0.00,יחידה,false,,19.90,0.0000,true,1,171292
4006149503071,false,כדור 23 סמ ספיידרמן,,,כדור 23 סמ ספיידרמן,יחידה,0.00,יחידה,false,,14.00,0.0000,true,1,32118
4006387084554,false,קנקן בריטה MERELLA ל,,,קנקן בריטה MERELLA ל,יחידה,0.00,יחידה,false,,129.00,0.0000,true,1,17517
4006387085407,false,שלישיית פילטר מקסטרה,,,שלישיית פילטר מקסטרה,יח',3.00,יח',false,,100.00,33.3333,true,1,17519
4008287762020,false,בירה קרומבאכר חיטה 5,,,בירה קרומבאכר חיטה 5,מיליליטרים,500.00,"100 מ""ל",false,,10.20,2.0400,true,1,212776
4009300522935,false,פומפדור תה ירוק לימו,,,פומפדור תה ירוק לימו,גרמים,30.00,100 גרם,false,,16.90,56.3333,true,1,21317
4009300524588,false,פומפדור חליטת פירות,,,פומפדור חליטת פירות,גרמים,60.00,100 גרם,false,,15.90,26.5000,true,1,21319
4009300525684,false,פומפדור חליטת לימוןג,,,פומפדור חליטת לימוןג,גרמים,35.00,100 גרם,false,,15.90,45.4286,true,1,21322
4009900402965,false,אורביט וויט פירות בק,,,אורביט וויט פירות בק,גרמים,64.00,100 גרם,false,,10.50,16.4063,true,1,20670
4009900403023,false,אורביט וויט מנטה בקב,,,אורביט וויט מנטה בקב,גרמים,64.00,100 גרם,false,,10.50,16.4063,true,1,20671
4009900426039,false,בקבוקון בקבוקון מסטי,,,בקבוקון בקבוקון מסטי,גרמים,64.00,100 גרם,false,,9.70,15.1562,true,1,20680
4009900426121,false,בקבוקון בקבוקון מסטי,,,בקבוקון בקבוקון מסטי,גרמים,64.00,100 גרם,false,,9.70,15.1562,true,1,20681
4009900455299,false,סקיטלס פירות 174 גר,,,סקיטלס פירות 174 גר,גרמים,174.00,100 גרם,false,,7.90,4.5402,true,1,20685
4009900465304,false,סקיטלס פירות חמוצים,,,סקיטלס פירות חמוצים,גרמים,174.00,100 גרם,false,,7.90,4.5402,true,1,20688
4009900479998,false,אורביט מסטיק בקבוקון,,,אורביט מסטיק בקבוקון,גרמים,64.00,100 גרם,false,,10.50,16.4063,true,1,20691
4009900482417,false,אורביט באבל מינט בקב,,,אורביט באבל מינט בקב,גרמים,64.00,100 גרם,false,,10.50,16.4063,true,1,20693
4009900484060,false,אורביט פרופשיונל מנט,,,אורביט פרופשיונל מנט,יחידה,0.00,יחידה,false,,12.50,0.0000,true,1,20696
4009900484091,false,אורביט פרופשיונל ספי,,,אורביט פרופשיונל ספי,גרמים,84.00,100 גרם,false,,12.50,14.8810,true,1,20697
4009900491044,false,אירוויבז בקבוק M מנט,,,אירוויבז בקבוק M מנט,גרמים,84.00,100 גרם,false,,12.50,14.8810,true,1,20708
4009900496247,false,אורביט בבלמינט בקבוק,,,אורביט בבלמינט בקבוק,גרמים,84.00,100 גרם,false,,12.50,14.8810,true,1,20709
4009900509770,false,אורביט באריזת בקבוק,,,אורביט באריזת בקבוק,יחידה,0.00,יחידה,false,,12.50,0.0000,true,1,20717
4009900512329,false,מסטיק פייב בוקס פפרמ,,,מסטיק פייב בוקס פפרמ,גרמים,69.00,100 גרם,false,,9.70,14.0580,true,1,20719
4009900523288,false,פייב בקבוקון בטעם תו,,,פייב בקבוקון בטעם תו,גרמים,69.00,100 גרם,false,,9.70,14.0580,true,1,20729
4009900531122,false,אורביט פרופשייונל ספ,,,אורביט פרופשייונל ספ,גרמים,64.00,100 גרם,false,,10.50,16.4063,true,1,20730
4009900534611,false,איירוויבז בטעם מלון,,,איירוויבז בטעם מלון,גרמים,64.00,100 גרם,false,,10.50,16.4063,true,1,66649
4009900536288,false,מסטיק אורביט רפרשרס,,,מסטיק אורביט רפרשרס,גרמים,67.00,100 גרם,false,,11.90,17.7612,true,1,119066
4009900536486,false,מסטיק אורביט רפרשרס,,,מסטיק אורביט רפרשרס,גרמים,67.00,100 גרם,false,,11.90,17.7612,true,1,100137
4009900539746,false,מסטיק בטעם אבטיח ללא,,,מסטיק בטעם אבטיח ללא,גרמים,31.80,100 גרם,false,,11.90,37.4214,true,1,200318
4011100001220,false,מרס מיני 403 גרם,,,מרס מיני 403 גרם,גרמים,403.00,100 גרם,false,,19.90,4.9380,true,1,20733
4011800528416,false,חטיף בייס סויט סולט,,,חטיף בייס סויט סולט,גרמים,150.00,100 גרם,false,,11.90,7.9333,true,1,13736
4011800567613,false,חטיף דגנים סנדוויץ ש,,,חטיף דגנים סנדוויץ ש,גרמים,120.00,100 גרם,false,,11.90,9.9167,true,1,13739
4011800577810,false,קורני חטיף דגנים נוג,,,קורני חטיף דגנים נוג,גרמים,150.00,100 גרם,false,,11.90,7.9333,true,1,175468
4011800628512,false,חטיף דגנים עם שוקולד,,,חטיף דגנים עם שוקולד,גרמים,150.00,100 גרם,false,,11.90,7.9333,true,1,13744
4011800630515,false,חטיף דגנים עם שוקולד,,,חטיף דגנים עם שוקולד,גרמים,150.00,100 גרם,false,,11.90,7.9333,true,1,13746
4011800632519,false,חטיף דגנים עם שוקולד,,,חטיף דגנים עם שוקולד,גרמים,150.00,100 גרם,false,,11.90,7.9333,true,1,13747
4011800633516,false,חטיף דגנים שוקולד מר,,,חטיף דגנים שוקולד מר,גרמים,138.00,100 גרם,false,,11.90,8.6232,true,1,13748
4011800636517,false,חטיף דגנים פרי עם שו,,,חטיף דגנים פרי עם שו,גרמים,120.00,100 גרם,false,,11.90,9.9167,true,1,13750
4014400901191,false,בונבונירה מרסי 250 ג,,,בונבונירה מרסי 250 ג,גרמים,250.00,100 גרם,false,,24.90,9.9600,true,1,12699
4014400901412,false,מרסי מריר 250 גרם,,,מרסי מריר 250 גרם,גרמים,250.00,100 גרם,false,,24.90,9.9600,true,1,12701
4014400904277,false,סוכריות אייס פרש 425,,,סוכריות אייס פרש 425,גרמים,425.00,100 גרם,false,,14.90,3.5059,true,1,12703
4014400904376,false,סוכ.שטורק שוקולדן 32,,,סוכ.שטורק שוקולדן 32,גרמים,325.00,100 גרם,false,,14.90,4.5846,true,1,12706
4014400904390,false,סוכריות וולמליש 325ג,,,סוכריות וולמליש 325ג,גרמים,325.00,100 גרם,false,,14.90,4.5846,true,1,12707
4014400910063,false,סוכריות חמאה וורטר 1,,,סוכריות חמאה וורטר 1,גרמים,135.00,100 גרם,false,,8.90,6.5926,true,1,12711
4014400913910,false,125 סוכריות וורטר קר,,,125 סוכריות וורטר קר,גרמים,125.00,100 גרם,false,,8.90,7.1200,true,1,12712
4014400914696,false,80 סוכריות חמאה וורט,,,80 סוכריות חמאה וורט,גרמים,80.00,100 גרם,false,,8.90,11.1250,true,1,12716
4014400920857,false,וורטרס ללא סוכר טעם,,,וורטרס ללא סוכר טעם,גרמים,70.00,100 גרם,false,,8.90,12.7143,true,1,12720
4014400923711,false,טופיפי בונבונירה שוק,,,טופיפי בונבונירה שוק,גרמים,125.00,100 גרם,false,,11.90,9.5200,true,1,12721
4014400925319,false,חטיף פופקורן בציפוי,,,חטיף פופקורן בציפוי,גרמים,140.00,100 גרם,false,,14.90,10.6429,true,1,90732
4014400929010,false,וופל מיני קנופרס 200,,,וופל מיני קנופרס 200,גרמים,200.00,100 גרם,false,,19.90,9.9500,true,1,206613
4014600203149,false,סוכריות בפח בטעם פיר,,,סוכריות בפח בטעם פיר,גרמים,150.00,100 גרם,false,,9.90,6.6000,true,1,240796
4015000031394,false,מסיר כתמים ספטיל 200,,,מסיר כתמים ספטיל 200,גרמים,200.00,100 גרם,false,,15.90,7.9500,true,1,34864
4015000280211,false,דאו' רולאון קריביין,,,דאו' רולאון קריביין,מיליליטרים,50.00,"100 מ""ל",false,,9.90,19.8000,true,1,7948
4015000519915,false,דאו' ספריי פינק פרדי,,,דאו' ספריי פינק פרדי,מיליליטרים,200.00,"100 מ""ל",false,,9.90,4.9500,true,1,7950
4015000615921,false,דאו' ספריי פה לגבר 2,,,דאו' ספריי פה לגבר 2,מיליליטרים,200.00,"100 מ""ל",false,,9.90,4.9500,true,1,7973
4015000996204,false,גליס שמפו אלקסיר 400,,,גליס שמפו אלקסיר 400,מיליליטרים,400.00,"100 מ""ל",false,,12.90,3.2250,true,1,7999
4015000996273,false,גליס קונדישינר אלקסי,,,גליס קונדישינר אלקסי,מיליליטרים,400.00,"100 מ""ל",false,,12.90,3.2250,true,1,8001
4015400564034,false,מגן תחתון לונג פלוס,,,מגן תחתון לונג פלוס,יחידה,0.00,יחידה,false,,18.90,0.0000,true,1,26871
4015400564454,false,מגן תחתון לארג מגה פ,,,מגן תחתון לארג מגה פ,יחידה,0.00,יחידה,false,,18.90,0.0000,true,1,26875
4015400598329,false,קוואטרו נורמל פלוס א,,,קוואטרו נורמל פלוס א,יחידה,0.00,יחידה,false,,36.90,0.0000,true,1,26883
4015400598381,false,קוואטרו לונג פלוס או,,,קוואטרו לונג פלוס או,יחידה,0.00,יחידה,false,,36.90,0.0000,true,1,26884
4015400598411,false,קוואטרו לילה אולוויז,,,קוואטרו לילה אולוויז,יחידה,0.00,יחידה,false,,36.90,0.0000,true,1,26885
4015400690313,false,טמפון פרל רגולר טמפק,,,טמפון פרל רגולר טמפק,יחידה,0.00,יחידה,false,,19.90,0.0000,true,1,26911
4015400690498,false,טמפון פרל סופר פלוס,,,טמפון פרל סופר פלוס,יחידה,0.00,יחידה,false,,19.90,0.0000,true,1,26913
4015400746812,false,מגן תחתון מגה פק נור,,,מגן תחתון מגה פק נור,יחידה,0.00,יחידה,false,,18.90,0.0000,true,1,26937
4015400759263,false,תחבושות כפול נורמל א,,,תחבושות כפול נורמל א,יח',28.00,יח',false,,16.90,0.6036,true,1,18062
4015600762742,false,שמפו קלאסי הד&שולדרס,,,שמפו קלאסי הד&שולדרס,מיליליטרים,500.00,"100 מ""ל",false,,18.90,3.7800,true,1,26976
4015600762780,false,שמפו 2-ב1הד&שולדרס 5,,,שמפו 2-ב1הד&שולדרס 5,מיליליטרים,500.00,"100 מ""ל",false,,18.90,3.7800,true,1,26977
4015600762902,false,שמפו מנטול הד&שולדרס,,,שמפו מנטול הד&שולדרס,מיליליטרים,500.00,"100 מ""ל",false,,18.90,3.7800,true,1,26980
4015600763022,false,שמפו מגע המשי הד&שול,,,שמפו מגע המשי הד&שול,מיליליטרים,500.00,"100 מ""ל",false,,18.90,3.7800,true,1,26983
4015600972103,false,שמפו פנטן שמן מרוקאי,,,שמפו פנטן שמן מרוקאי,מיליליטרים,500.00,"100 מ""ל",false,,13.90,2.7800,true,1,146218
4017100160417,false,בלזן וופל קרמי וניל,,,בלזן וופל קרמי וניל,גרמים,75.00,100 גרם,false,,8.90,11.8667,true,1,41953
4017100198151,false,היט עוגיות סנדביץ בט,,,היט עוגיות סנדביץ בט,גרמים,220.00,100 גרם,false,,8.90,4.0455,true,1,41954
4017100364112,false,היט עוגיות סנדביץ בט,,,היט עוגיות סנדביץ בט,גרמים,220.00,100 גרם,false,,8.90,4.0455,true,1,41965
4018722100133,false,אלב גולד - איטריות כ,,,אלב גולד - איטריות כ,גרמים,250.00,100 גרם,false,,13.90,5.5600,true,1,91596
4022025002100,false,בלו וויין מבעבע רוזה,,,בלו וויין מבעבע רוזה,מיליליטרים,750.00,"100 מ""ל",false,,55.90,7.4533,true,1,41618
4022025261002,false,יין בלו נאן בלו וויי,,,יין בלו נאן בלו וויי,מיליליטרים,750.00,"100 מ""ל",false,,50.90,6.7867,true,1,41619
4033100013348,false,אל.די בלו ארוך,,,אל.די בלו ארוך,יחידה,0.00,יחידה,false,,27.00,0.0000,false,1,4121
4033100014499,false,אל.די בלו,,,אל.די בלו,יחידה,0.00,יחידה,false,,27.00,0.0000,false,1,4125
4033100014529,false,אל.די סלימס,,,אל.די סלימס,יחידה,0.00,יחידה,false,,27.00,0.0000,false,1,4127
4033100024146,false,וינסטון קופסא בודדת,,,וינסטון קופסא בודדת,יחידה,0.00,יחידה,false,,32.00,0.0000,false,1,4132
4045787068320,false,פרוטאין קולור חום 5,,,פרוטאין קולור חום 5,מיליליטרים,60.00,"100 מ""ל",false,,13.90,23.1667,true,1,8031
4052197000017,false,בירה בנדיקטינר 500 מ,,,בירה בנדיקטינר 500 מ,מיליליטרים,500.00,"100 מ""ל",false,,9.90,1.9800,true,1,91
4052197000369,false,שישיית בירה בנדיקטינ,,,שישיית בירה בנדיקטינ,ליטרים,1.80,ליטר,false,,39.90,22.1667,true,1,92
4052197001281,false,בנדיקטינר בירה פחית,,,בנדיקטינר בירה פחית,מיליליטרים,500.00,"100 מ""ל",false,,9.90,1.9800,true,1,95
4053700288205,false,ויט קרם להסרת שיער 9,,,ויט קרם להסרת שיער 9,מיליליטרים,100.00,"100 מ""ל",false,,30.90,30.9000,true,1,20807
4079400182742,false,בירה פילסנר וולטרס 4,,,בירה פילסנר וולטרס 4,ליטרים,1.98,ליטר,false,,29.90,15.1010,true,1,48927
4084500065598,false,קרם לחות לתלתלים פנט,,,קרם לחות לתלתלים פנט,מיליליטרים,300.00,"100 מ""ל",false,,19.90,6.6333,true,1,27079
4084500853836,false,פיירי נוזל כלים ורדי,,,פיירי נוזל כלים ורדי,מיליליטרים,515.00,"100 מ""ל",false,,9.90,1.9223,true,1,27104
4210201757771,false,ראש מילוי מברשת חשמל,,,ראש מילוי מברשת חשמל,יחידה,0.00,יחידה,false,,89.90,0.0000,true,1,27119
4260147890551,false,אטריות ביצים רחבות א,,,אטריות ביצים רחבות א,גרמים,500.00,100 גרם,false,,10.00,2.0000,true,1,4590
4603400000043,false,רוסקי סטנדרט 700מ'ל,,,רוסקי סטנדרט 700מ'ל,מיליליטרים,700.00,"100 מ""ל",false,,69.90,9.9857,true,1,11177
4640018993343,false,פיניש קוואנטום למדיח,,,פיניש קוואנטום למדיח,יחידה,0.00,יחידה,false,,40.90,0.0000,true,1,62830
4640018993350,false,פיניש קוואנטום לימון,,,פיניש קוואנטום לימון,יחידה,0.00,יחידה,false,,40.90,0.0000,true,1,62831
4640018993374,false,פיניש קוואנטום לימון,,,פיניש קוואנטום לימון,יחידה,0.00,יחידה,false,,50.90,0.0000,true,1,62832
4640018993398,false,פיניש קוואנטום למדיח,,,פיניש קוואנטום למדיח,יחידה,0.00,יחידה,false,,59.90,0.0000,true,1,62833
4651683284865,false,רשת מנגל כפולה גדולה,,,רשת מנגל כפולה גדולה,יחידה,0.00,יחידה,false,,15.00,0.0000,true,1,27662
4710068001692,false,מאסטר קפה לאטה פחית,,,מאסטר קפה לאטה פחית,מיליליטרים,240.00,"100 מ""ל",false,,6.40,2.6667,true,1,39393
4710068001715,false,מאסטר קפה טירמיסו 24,,,מאסטר קפה טירמיסו 24,מיליליטרים,240.00,"100 מ""ל",false,,6.40,2.6667,true,1,39394
4710068002798,false,מאסטר קפה וונילה פחי,,,מאסטר קפה וונילה פחי,מיליליטרים,240.00,"100 מ""ל",false,,6.40,2.6667,true,1,39397
4710068003313,false,מאסטר קפה אמריקנו בל,,,מאסטר קפה אמריקנו בל,מיליליטרים,240.00,"100 מ""ל",false,,5.90,2.4583,true,1,165390
4710964170799,false,שומשום שחור קלוי מזר,,,שומשום שחור קלוי מזר,גרמים,91.00,100 גרם,false,,16.90,18.5714,true,1,47577
4800888150080,false,דאו' רולאון מלפפונים,,,דאו' רולאון מלפפונים,מיליליטרים,50.00,"100 מ""ל",false,,14.90,29.8000,true,1,10071
4800888209405,false,דאו סטיק  דריי לגבר,,,דאו סטיק  דריי לגבר,גרמים,50.00,100 גרם,false,,17.90,35.8000,true,1,59453
4800888219541,false,דאו רקסונה סטיק טלק,,,דאו רקסונה סטיק טלק,מיליליטרים,50.00,"100 מ""ל",false,,17.90,35.8000,true,1,162459
4820080720584,false,וודקה חלבני דאר קלסי,,,וודקה חלבני דאר קלסי,מיליליטרים,700.00,"100 מ""ל",false,,60.90,8.7000,true,1,11188
4860009000014,false,תומר מיץ רימונים גרו,,,תומר מיץ רימונים גרו,ליטרים,1.00,ליטר,false,,17.90,17.9000,true,1,24924
4860019001346,false,בורז'ומי מים מינרליי,,,בורז'ומי מים מינרליי,מיליליטרים,500.00,"100 מ""ל",false,,7.90,1.5800,true,1,11194
4860019001414,false,בורז'ומי מים מינרלים,,,בורז'ומי מים מינרלים,מיליליטרים,750.00,"100 מ""ל",false,,7.90,1.0533,true,1,11196
4891228302023,false,שיק אקסטרים 3 אולטימ,,,שיק אקסטרים 3 אולטימ,יחידה,0.00,יחידה,false,,21.90,0.0000,true,1,21332
4891228430061,false,סכיני גילוח לאישה שי,,,סכיני גילוח לאישה שי,יחידה,0.00,יחידה,false,,23.90,0.0000,true,1,21341
4891228430092,false,שיק אקסטרים3 ס.גילוח,,,שיק אקסטרים3 ס.גילוח,יחידה,0.00,יחידה,false,,16.90,0.0000,true,1,21343
4895060592307,false,פלורידה סוכריות נאגט,,,פלורידה סוכריות נאגט,גרמים,43.00,100 גרם,false,,6.90,16.0465,true,1,13030
4903001904192,false,רוטב סויה יאמאסה פרמ,,,רוטב סויה יאמאסה פרמ,מיליליטרים,500.00,"100 מ""ל",false,,17.90,3.5800,true,1,12723
4903001925784,false,רוטב סויה יאמאסה דל,,,רוטב סויה יאמאסה דל,מיליליטרים,500.00,"100 מ""ל",false,,17.90,3.5800,true,1,12725
5000157143365,false,מתבל בטעם מיונז וקטש,,,מתבל בטעם מיונז וקטש,מיליליטרים,425.00,"100 מ""ל",false,,14.90,3.5059,true,1,5250
5000159407236,false,חטיף מרס 51 גרם,,,חטיף מרס 51 גרם,גרמים,51.00,100 גרם,false,,3.90,7.6471,true,1,20746
5000159409179,false,סניקרס מיני 403 גרם,,,סניקרס מיני 403 גרם,גרמים,403.00,100 גרם,false,,19.90,4.9380,true,1,20747
5000159442572,false,טוויקס מיני 403 גרם,,,טוויקס מיני 403 גרם,גרמים,403.00,100 גרם,false,,19.90,4.9380,true,1,20748
5000159452540,false,חטיף סניקרס מארז 5*2,,,חטיף סניקרס מארז 5*2,יחידה,250.00,יחידה,false,,10.90,0.0436,true,1,125432
5000159452977,false,מיני מיקס 400 גרם,,,מיני מיקס 400 גרם,גרמים,400.00,100 גרם,false,,19.90,4.9750,true,1,20749
5000159461122,false,חטיף סניקרס שוקולד 5,,,חטיף סניקרס שוקולד 5,גרמים,50.00,100 גרם,false,,3.90,7.8000,true,1,20753
5000159538626,false,חטיף טוויקס מארז 5*2,,,חטיף טוויקס מארז 5*2,גרמים,250.00,100 גרם,false,,10.90,4.3600,true,1,125444
5000189974579,false,קיט קט מיני 200 גרם,,,קיט קט מיני 200 גרם,גרמים,200.00,100 גרם,false,,10.00,5.0000,true,1,41973
5000204115048,false,גלייד ארוסול בניחוח,,,גלייד ארוסול בניחוח,מיליליטרים,300.00,"100 מ""ל",false,,7.90,2.6333,true,1,5640
5000204153729,false,גלייד מילוי אוטומטי,,,גלייד מילוי אוטומטי,מיליליטרים,269.00,"100 מ""ל",false,,15.90,5.9108,true,1,81260
5000204153903,false,גלייד מילוי אוטומטי,,,גלייד מילוי אוטומטי,מיליליטרים,269.00,"100 מ""ל",false,,15.90,5.9108,true,1,81249
5000209145514,false,קולגייט פלאקס ירוק 2,,,קולגייט פלאקס ירוק 2,מיליליטרים,250.00,"100 מ""ל",false,,14.90,5.9600,true,1,21354
5000267014234,false,גוני ווקר רד לייבל 7,,,גוני ווקר רד לייבל 7,מיליליטרים,700.00,"100 מ""ל",false,,80.90,11.5571,true,1,51417
5000267024233,false,ג'וני ווקר בלאק לייב,,,ג'וני ווקר בלאק לייב,מיליליטרים,700.00,"100 מ""ל",false,,120.90,17.2714,true,1,51418
5000394137516,false,סוללות דורסל רבעיות,,,סוללות דורסל רבעיות,יחידה,0.00,יחידה,false,,21.90,0.0000,true,1,202463
5000394140820,false,סוללות דורסל שישיות,,,סוללות דורסל שישיות,יחידה,0.00,יחידה,false,,21.90,0.0000,true,1,202464
5000396037944,false,מקוויטים ביסקוויטים,,,מקוויטים ביסקוויטים,גרמים,250.00,100 גרם,false,,9.90,3.9600,true,1,24584
5010026519368,false,פתיתי שיבולת שועל -,,,פתיתי שיבולת שועל -,גרמים,500.00,100 גרם,false,,7.90,1.5800,true,1,121122
5010182996799,false,דאק ג'ל אסלה בניחוח,,,דאק ג'ל אסלה בניחוח,מיליליטרים,55.00,"100 מ""ל",false,,10.90,19.8182,true,1,5667
5010182996805,false,זוג רייד נגד עש  לבנ,,,זוג רייד נגד עש  לבנ,גרמים,20.00,100 גרם,false,,12.50,62.5000,true,1,5668
5010327000046,false,וויסקי גרנטס,,,וויסקי גרנטס,מיליליטרים,750.00,"100 מ""ל",false,,70.90,9.4533,true,1,7296
5010677551397,false,בקרדי בריזר ליים,,,בקרדי בריזר ליים,מיליליטרים,275.00,"100 מ""ל",false,,13.90,5.0545,true,1,9279
5010677552387,false,בקרדי בריזר אננס.,,,בקרדי בריזר אננס.,מיליליטרים,275.00,"100 מ""ל",false,,13.90,5.0545,true,1,9280
5010677554398,false,בקרדי בריזר אבטיח,,,בקרדי בריזר אבטיח,מיליליטרים,275.00,"100 מ""ל",false,,13.90,5.0545,true,1,9281
5010677850100,false,"גריי גוס 700 מ""ל",,,"גריי גוס 700 מ""ל",מיליליטרים,700.00,"100 מ""ל",false,,110.90,15.8429,true,1,13369
5014271002675,false,סאן דלפור מעדן פרי ת,,,סאן דלפור מעדן פרי ת,גרמים,284.00,100 גרם,false,,20.90,7.3592,true,1,16765
5014271350424,false,סאן דלפור מעדן ארבע,,,סאן דלפור מעדן ארבע,גרמים,284.00,100 גרם,false,,20.90,7.3592,true,1,16769
5014271360423,false,סאן דלפור מעדן תפוז,,,סאן דלפור מעדן תפוז,גרמים,284.00,100 גרם,false,,20.90,7.3592,true,1,16770
5014271370422,false,סאן דלפור מעדן אפרסק,,,סאן דלפור מעדן אפרסק,גרמים,284.00,100 גרם,false,,20.90,7.3592,true,1,16771
5014271400426,false,סאן דלפור מעדן תות ש,,,סאן דלפור מעדן תות ש,גרמים,284.00,100 גרם,false,,20.90,7.3592,true,1,16774
5014271795980,false,סאן דלפור מעדן חמוצי,,,סאן דלפור מעדן חמוצי,גרמים,284.00,100 גרם,false,,20.90,7.3592,true,1,16779
5024546366609,false,וויסקי לאודרס 700מל,,,וויסקי לאודרס 700מל,מיליליטרים,700.00,"100 מ""ל",false,,100.90,14.4143,true,1,134
5029053002408,false,נייר טואלט קליניקס ל,,,נייר טואלט קליניקס ל,מטרים,275.00,מטר,false,,29.90,0.1087,true,1,8795
5029053002439,false,נייר טואלט קליניקס צ,,,נייר טואלט קליניקס צ,מטרים,243.00,מטר,false,,29.90,0.1230,true,1,8796
5029053032658,false,ממחטות טישו  טו גו ק,,,ממחטות טישו  טו גו ק,יחידה,0.00,יחידה,false,,7.90,0.0000,true,1,8802
5029053039725,false,טישו נטורל פרש קופסא,,,טישו נטורל פרש קופסא,יחידה,0.00,יחידה,false,,9.90,0.0000,true,1,158729
5029053523446,false,תחבושות אולטרה נייט+,,,תחבושות אולטרה נייט+,יחידה,0.00,יחידה,false,,17.90,0.0000,true,1,8807
5029053534596,false,טמפון נורמל ללא מולי,,,טמפון נורמל ללא מולי,יחידה,0.00,יחידה,false,,22.90,0.0000,true,1,8817
5029053535227,false,טמפון עם מוליך נורמל,,,טמפון עם מוליך נורמל,יחידה,0.00,יחידה,false,,19.90,0.0000,true,1,8820
5029053578309,false,טישו אולטרה סופט קוב,,,טישו אולטרה סופט קוב,יחידה,0.00,יחידה,false,,6.90,0.0000,true,1,158740
5029054220085,false,האגיס אקסטרה קר מגבו,,,האגיס אקסטרה קר מגבו,יחידה,0.00,יחידה,false,,24.90,0.0000,true,1,8825
5035766044673,false,סטרונגבאו סיידר תפוח,,,סטרונגבאו סיידר תפוח,מיליליטרים,330.00,"100 מ""ל",false,,7.90,2.3939,true,1,9283
5035766060253,false,מרפיס אייריש סטאוט פ,,,מרפיס אייריש סטאוט פ,מיליליטרים,500.00,"100 מ""ל",false,,11.90,2.3800,true,1,9286
5060250343765,false,ריזס ראונדס בוטנים 6,,,ריזס ראונדס בוטנים 6,גרמים,96.00,100 גרם,false,,10.90,11.3542,true,1,223567
5060751218173,false,מונסטר פייפלין פאנץ',,,מונסטר פייפלין פאנץ',מיליליטרים,500.00,"100 מ""ל",false,,6.90,1.3800,true,1,215374
5060751219033,false,מונסטר אולטרה פרדייז,,,מונסטר אולטרה פרדייז,מיליליטרים,500.00,"100 מ""ל",false,,6.90,1.3800,true,1,215375
5099864006377,false,"סימילאק מהדרין בד""צ",,,"סימילאק מהדרין בד""צ",גרמים,900.00,100 גרם,false,,75.90,8.4333,true,1,29445
5099864006384,false,"סימילאק מהדרין בד""צ",,,"סימילאק מהדרין בד""צ",גרמים,900.00,100 גרם,false,,75.90,8.4333,true,1,29446
5099873017623,false,ג'ק דניאלס טנסי אפל,,,ג'ק דניאלס טנסי אפל,מיליליטרים,700.00,"100 מ""ל",false,,99.90,14.2714,true,1,171716
5201178801054,false,קרם רב שימושי ניוואה,,,קרם רב שימושי ניוואה,מיליליטרים,250.00,"100 מ""ל",false,,29.90,11.9600,true,1,51203
5201340026704,false,טונה מעושנת פיקנטי 1,,,טונה מעושנת פיקנטי 1,גרמים,160.00,100 גרם,false,,15.90,9.9375,true,1,164164
5391523057929,false,סימילאק גולדשלב 1  7,,,סימילאק גולדשלב 1  7,גרמים,700.00,100 גרם,false,,70.90,10.1286,true,1,29454
5391523057943,false,סימילאק גולד שלב 3 7,,,סימילאק גולד שלב 3 7,גרמים,700.00,100 גרם,false,,70.90,10.1286,true,1,29456
5391523058063,false,סימילאק אדוואנס פלוס,,,סימילאק אדוואנס פלוס,גרמים,700.00,100 גרם,false,,64.90,9.2714,true,1,29457
5391523058070,false,סימילאק אדוונס פלוס,,,סימילאק אדוונס פלוס,גרמים,700.00,100 גרם,false,,64.90,9.2714,true,1,29458
5391523058087,false,סימילאק אדוואנס פלוס,,,סימילאק אדוואנס פלוס,גרמים,700.00,100 גרם,false,,64.90,9.2714,true,1,29459
5410076933129,false,אריאל שושן צחור שקית,,,אריאל שושן צחור שקית,קילוגרמים,3.00,"ק""ג",false,,34.90,11.6333,true,1,27235
5410091648176,false,דאו' רול און פינק פר,,,דאו' רול און פינק פר,מיליליטרים,50.00,"100 מ""ל",false,,9.90,19.8000,true,1,8054
5410126006087,false,לוטוס עוגיות קרמל 70,,,לוטוס עוגיות קרמל 70,גרמים,700.00,100 גרם,false,,24.90,3.5571,true,1,5265
5410126116953,false,לוטוס ממרח ביסקוויט,,,לוטוס ממרח ביסקוויט,גרמים,400.00,100 גרם,false,,20.90,5.2250,true,1,5272
5410126666038,false,עוגיות לוטוס 279 גרם,,,עוגיות לוטוס 279 גרם,גרמים,279.00,100 גרם,false,,12.90,4.6237,true,1,5273
5410126716016,false,ביסקוויט בטעם קרמל ל,,,ביסקוויט בטעם קרמל ל,גרמים,250.00,100 גרם,false,,11.90,4.7600,true,1,5274
5410126726947,false,לוטוס קראנץ ממרח עוג,,,לוטוס קראנץ ממרח עוג,גרמים,380.00,100 גרם,false,,20.90,5.5000,true,1,5275
5410316983693,false,סמירנוף אייס בודד,,,סמירנוף אייס בודד,מיליליטרים,275.00,"100 מ""ל",false,,12.90,4.6909,true,1,6812
5410316994019,false,וודקה סמירנוף אדום 7,,,וודקה סמירנוף אדום 7,מיליליטרים,700.00,"100 מ""ל",false,,55.90,7.9857,true,1,51432
5410769100081,false,"בירה לה שוף 330 מ""ל",,,"בירה לה שוף 330 מ""ל",מיליליטרים,330.00,"100 מ""ל",false,,12.90,3.9091,true,1,7309
5410769200088,false,"בירה מק שוף 330 מ""ל",,,"בירה מק שוף 330 מ""ל",מיליליטרים,330.00,"100 מ""ל",false,,12.90,3.9091,true,1,7310
5411188081852,false,אלפרו משקה סויה בטעם,,,אלפרו משקה סויה בטעם,יחידה,0.00,יחידה,false,,12.90,0.0000,true,1,21362
5411188096108,false,אלפרו סויה לבישול 25,,,אלפרו סויה לבישול 25,מיליליטרים,250.00,"100 מ""ל",false,,9.90,3.9600,true,1,21365
5411188110835,false,אלפרו משקה שקדים 1 ל,,,אלפרו משקה שקדים 1 ל,ליטרים,1.00,ליטר,false,,13.90,13.9000,true,1,21368
5411188112549,false,אלפרו משקה אורז 1ל,,,אלפרו משקה אורז 1ל,ליטרים,1.00,ליטר,false,,13.90,13.9000,true,1,21371
5411188112709,false,אלפרו משקה שקדים ללא,,,אלפרו משקה שקדים ללא,יחידה,0.00,יחידה,false,,13.90,0.0000,true,1,21372
5411188120957,false,אלפרו קוקוס לבישול 2,,,אלפרו קוקוס לבישול 2,מיליליטרים,250.00,"100 מ""ל",false,,9.90,3.9600,true,1,195317
5411188121978,false,אלפרו סויה  שוקו סיד,,,אלפרו סויה  שוקו סיד,מיליליטרים,750.00,"100 מ""ל",false,,15.50,2.0667,true,1,21384
5411188122586,false,אלפרו משקה שקדים 250,,,אלפרו משקה שקדים 250,מיליליטרים,250.00,"100 מ""ל",false,,6.50,2.6000,true,1,21386
5411188133476,false,אלפרו משקה סויה שוקו,,,אלפרו משקה סויה שוקו,מיליליטרים,250.00,"100 מ""ל",false,,6.90,2.7600,true,1,160042
5411188134985,false,אלפרו 3.5% שומן NOT,,,אלפרו 3.5% שומן NOT,ליטרים,1.00,ליטר,false,,12.90,12.9000,true,1,141745
5411188135005,false,אלפרו 1.8% שומן NOT,,,אלפרו 1.8% שומן NOT,ליטרים,1.00,ליטר,false,,12.90,12.9000,true,1,144239
5411188513483,false,אלפרו סויה לבישול 14,,,אלפרו סויה לבישול 14,מיליליטרים,250.00,"100 מ""ל",false,,9.90,3.9600,true,1,195318
5413121355099,false,שוקולד מריר 72% עם פ,,,שוקולד מריר 72% עם פ,גרמים,100.00,100 גרם,false,,11.90,11.9000,true,1,240000
5413121358694,false,שוקולד בלגי מריר 85%,,,שוקולד בלגי מריר 85%,גרמים,100.00,100 גרם,false,,11.90,11.9000,true,1,240023
5413121363513,false,שוקולד מריר דובדבן ב,,,שוקולד מריר דובדבן ב,גרמים,100.00,100 גרם,false,,11.90,11.9000,true,1,240034
5413149922907,false,אריאל אבקת כביסה קול,,,אריאל אבקת כביסה קול,קילוגרמים,5.00,"ק""ג",false,,45.90,9.1800,true,1,27254
5413149922938,false,אריאל אבקת כביסה שוש,,,אריאל אבקת כביסה שוש,קילוגרמים,5.00,"ק""ג",false,,45.90,9.1800,true,1,27255
5413149930025,false,אבקת כביסה טייד אלפי,,,אבקת כביסה טייד אלפי,קילוגרמים,5.00,"ק""ג",false,,34.90,6.9800,true,1,27256
5413216990242,false,צדפי שוקולד צ'וקטה 2,,,צדפי שוקולד צ'וקטה 2,גרמים,250.00,100 גרם,false,,14.90,5.9600,true,1,41984
5420066370025,false,טראפל שוקולד בלגי קפ,,,טראפל שוקולד בלגי קפ,גרמים,150.00,100 גרם,false,,14.90,9.9333,true,1,240880
5420066370032,false,טראפל שוקולד בלגי מר,,,טראפל שוקולד בלגי מר,גרמים,150.00,100 גרם,false,,14.90,9.9333,true,1,240903
5601008200444,false,גודיס עוגיות טבעת מצ,,,גודיס עוגיות טבעת מצ,גרמים,150.00,100 גרם,false,,6.90,4.6000,true,1,21393
5601008200451,false,גודיס עוגיות טבעת מצ,,,גודיס עוגיות טבעת מצ,גרמים,150.00,100 גרם,false,,6.90,4.6000,true,1,21394
5601008200468,false,גודיס עוגיות טבעת מצ,,,גודיס עוגיות טבעת מצ,גרמים,150.00,100 גרם,false,,6.90,4.6000,true,1,21395
5601010211070,false,סרדינים במי מלח רמיר,,,סרדינים במי מלח רמיר,גרמים,100.00,100 גרם,false,,10.90,10.9000,true,1,47907
5601010211087,false,פילה סרדין בשמן זית,,,פילה סרדין בשמן זית,גרמים,100.00,100 גרם,false,,13.90,13.9000,true,1,47908
5601036205626,false,אקסלנס קרם בלונד 6,,,אקסלנס קרם בלונד 6,יחידה,0.00,יחידה,false,,34.90,0.0000,true,1,12497
5601217129420,false,וולייט דפים 20 יח',,,וולייט דפים 20 יח',יחידה,0.00,יחידה,false,,19.90,0.0000,true,1,20855
5604912415058,false,סרדינים בשמן חמניה ח,,,סרדינים בשמן חמניה ח,גרמים,125.00,100 גרם,false,,5.90,4.7200,true,1,5278
5701932026964,false,הוט פופ .פופקורן עם,,,הוט פופ .פופקורן עם,גרמים,600.00,100 גרם,false,,14.90,2.4833,true,1,12731
5701932026971,false,הוט פופ פופקורן בטעם,,,הוט פופ פופקורן בטעם,גרמים,600.00,100 גרם,false,,14.90,2.4833,true,1,12732
5701932026995,false,הוט פופ פופקורן לייט,,,הוט פופ פופקורן לייט,גרמים,510.00,100 גרם,false,,14.90,2.9216,true,1,12733
5711953106583,false,ארלה גבינת שמנת טבעי,,,ארלה גבינת שמנת טבעי,גרמים,200.00,100 גרם,false,,15.90,7.9500,true,1,23226
5711953106590,false,ארלה גבינת שמנת שום,,,ארלה גבינת שמנת שום,גרמים,200.00,100 גרם,false,,15.90,7.9500,true,1,23227
5711953106606,false,ארלה גבינת שמנת עשבי,,,ארלה גבינת שמנת עשבי,גרמים,200.00,100 גרם,false,,15.90,7.9500,true,1,23228
5740900403215,false,ממרח לורפק עם מלח 25,,,ממרח לורפק עם מלח 25,גרמים,250.00,100 גרם,false,,16.90,6.7600,true,1,23229
5740900403222,false,ממרח לורפק עם מלח מו,,,ממרח לורפק עם מלח מו,גרמים,250.00,100 גרם,false,,16.90,6.7600,true,1,23230
5740900403239,false,ממרח לורפק ללא מלח 2,,,ממרח לורפק ללא מלח 2,גרמים,250.00,100 גרם,false,,16.90,6.7600,true,1,23231
5740900403246,false,ממרח לורפק ללא מלח 5,,,ממרח לורפק ללא מלח 5,גרמים,500.00,100 גרם,false,,28.90,5.7800,true,1,23232
5740900403253,false,ממרח לורפק עם מלח 50,,,ממרח לורפק עם מלח 50,גרמים,500.00,100 גרם,false,,28.90,5.7800,true,1,23233
5740900403260,false,ממרח לורפק ללא מלח מ,,,ממרח לורפק ללא מלח מ,גרמים,250.00,100 גרם,false,,16.90,6.7600,true,1,23234
5740900403284,false,חמאת לורפק ללא מלח 2,,,חמאת לורפק ללא מלח 2,גרמים,200.00,100 גרם,false,,10.90,5.4500,true,1,78124
5765220190140,false,עטרות נייר לאפייה 1.,,,עטרות נייר לאפייה 1.,יח',130.00,יח',false,,3.50,0.0269,true,1,98040
5765220190157,false,עטרות נייר לאפייה 2,,,עטרות נייר לאפייה 2,יח',130.00,יח',false,,4.90,0.0377,true,1,98050
5765220190164,false,עטרות נייר לאפייה 3,,,עטרות נייר לאפייה 3,יח',130.00,יח',false,,4.90,0.0377,true,1,98051
5765220190188,false,עטרות נייר לאפייה 5,,,עטרות נייר לאפייה 5,יח',130.00,יח',false,,5.90,0.0454,true,1,98062
5900020012814,false,דגני בוקר נסקוויק נס,,,דגני בוקר נסקוויק נס,גרמים,500.00,100 גרם,false,,24.90,4.9800,true,1,18389
5900020015174,false,פיטנס חטיף דגנים שוק,,,פיטנס חטיף דגנים שוק,גרמים,141.00,100 גרם,false,,14.90,10.5674,true,1,18390
5900020018908,false,פיטנס חטיף דגנים קרם,,,פיטנס חטיף דגנים קרם,גרמים,141.00,100 גרם,false,,14.90,10.5674,true,1,18391
5900020020710,false,חטיף דגנים קראנץ בר,,,חטיף דגנים קראנץ בר,גרמים,150.00,100 גרם,false,,16.90,11.2667,true,1,18393
5900020024770,false,פיטנס בר דליס שוקולד,,,פיטנס בר דליס שוקולד,גרמים,135.00,100 גרם,false,,14.90,11.0370,true,1,18397
5900020024817,false,פיטנס בר דליס שוקולד,,,פיטנס בר דליס שוקולד,גרמים,135.00,100 גרם,false,,14.90,11.0370,true,1,18398
5900020025647,false,פיטנס בר דליס שוקולד,,,פיטנס בר דליס שוקולד,גרמים,135.00,100 גרם,false,,14.90,11.0370,true,1,18400
5900020026552,false,האני נאט ציריוס נסטל,,,האני נאט ציריוס נסטל,גרמים,625.00,100 גרם,false,,24.90,3.9840,true,1,18405
5900020029669,false,פיטנס חטיף דגנים פיר,,,פיטנס חטיף דגנים פיר,גרמים,141.00,100 גרם,false,,14.90,10.5674,true,1,18407
5900020032454,false,חטיף דגנים  עוגיות פ,,,חטיף דגנים  עוגיות פ,גרמים,188.00,100 גרם,false,,16.90,8.9894,true,1,126642
5900020032539,false,חטיף דגנים  שוקולד פ,,,חטיף דגנים  שוקולד פ,גרמים,188.00,100 גרם,false,,16.90,8.9894,true,1,126653
5900020034021,false,פיטנס חטיף דגנים שוק,,,פיטנס חטיף דגנים שוק,גרמים,141.00,100 גרם,false,,16.90,11.9858,true,1,18411
5900020034991,false,קראנץ' צדפים בטעם שו,,,קראנץ' צדפים בטעם שו,גרמים,450.00,100 גרם,false,,24.90,5.5333,true,1,18412
5900020036407,false,דגני בוקר שוקולד וקר,,,דגני בוקר שוקולד וקר,גרמים,480.00,100 גרם,false,,24.90,5.1875,true,1,61356
5900020037916,false,צ'יריוס שיבולת שועל,,,צ'יריוס שיבולת שועל,גרמים,375.00,100 גרם,false,,15.90,4.2400,true,1,128187
5900020039620,false,חטיף דגנים שקדים ודב,,,חטיף דגנים שקדים ודב,גרמים,141.00,100 גרם,false,,14.90,10.5674,true,1,165554
5900627066715,false,פיניש 100 טבליות AIO,,,פיניש 100 טבליות AIO,יחידה,0.00,יחידה,false,,59.90,0.0000,true,1,20871
5901414200411,false,היט מיניס קרם קקאו 1,,,היט מיניס קרם קקאו 1,גרמים,130.00,100 גרם,false,,6.30,4.8462,true,1,41986
5902198160403,false,אקס אל משקה אנרגיה ט,,,אקס אל משקה אנרגיה ט,מיליליטרים,250.00,"100 מ""ל",false,,4.50,1.8000,true,1,9288
5902768862553,true,עוגיות בוגטי שוקולד,,,עוגיות בוגטי שוקולד,גרמים,155.00,100 גרם,false,,5.90,3.8065,true,1,49901
5902768862683,true,עוגיות טוויט שוקולד,,,עוגיות טוויט שוקולד,גרמים,155.00,100 גרם,false,,5.90,3.8065,true,1,49902
5902768865677,true,עוגיות שוקולד צ'יפס,,,עוגיות שוקולד צ'יפס,גרמים,150.00,100 גרם,false,,5.90,3.9333,true,1,49904
5904941750312,false,בלו בודד מוחיטו 250,,,בלו בודד מוחיטו 250,מיליליטרים,250.00,"100 מ""ל",false,,4.50,1.8000,true,1,1813
5904941751302,false,בלו משקה אנרגיה 250,,,בלו משקה אנרגיה 250,מיליליטרים,250.00,"100 מ""ל",false,,4.50,1.8000,true,1,1814
5904941751715,false,בלו משקה אנרגיה קרנב,,,בלו משקה אנרגיה קרנב,מיליליטרים,250.00,"100 מ""ל",false,,4.50,1.8000,true,1,1816
5904941751920,false,בלו משקה אנרגיה דיי,,,בלו משקה אנרגיה דיי,מיליליטרים,250.00,"100 מ""ל",false,,4.50,1.8000,true,1,1819
5906485301012,false,אקס אל משקה אנרגיה 2,,,אקס אל משקה אנרגיה 2,מיליליטרים,250.00,"100 מ""ל",false,,4.50,1.8000,true,1,9289
5941021001261,false,טבלת היידי גראנדור 7,,,טבלת היידי גראנדור 7,גרמים,80.00,100 גרם,false,,9.90,12.3750,true,1,223360
5941021004309,false,טבלת היידי גראנדור פ,,,טבלת היידי גראנדור פ,גרמים,100.00,100 גרם,false,,9.90,9.9000,true,1,223361
5941021005139,false,טבלת היידי גראנדור ח,,,טבלת היידי גראנדור ח,גרמים,100.00,100 גרם,false,,9.90,9.9000,true,1,223271
5941021011147,false,טבלת היידי גראנדור פ,,,טבלת היידי גראנדור פ,גרמים,100.00,100 גרם,false,,9.90,9.9000,true,1,223373
5997321701806,false,"קלגון אבקה 1 ק""ג",,,"קלגון אבקה 1 ק""ג",קילוגרמים,1.00,"ק""ג",false,,30.90,30.9000,true,1,20873
5998623526739,false,יין סי גראס גוורצטרמ,,,יין סי גראס גוורצטרמ,מיליליטרים,750.00,"100 מ""ל",false,,40.90,5.4533,true,1,13374
6001067017523,false,מברשת שיניים ספידרמן,,,מברשת שיניים ספידרמן,יחידה,0.00,יחידה,false,,9.90,0.0000,true,1,21396
6008165271192,false,פאל מאל אדום ארוך,,,פאל מאל אדום ארוך,יחידה,0.00,יחידה,false,,29.00,0.0000,false,1,4170
6008165274629,false,פאל מאל כחול ארוך סט,,,פאל מאל כחול ארוך סט,יחידה,0.00,יחידה,false,,29.00,0.0000,false,1,4172
6102017501939,false,מצת מהודר,,,מצת מהודר,יחידה,0.00,יחידה,false,,9.90,0.0000,true,1,31077
6111094000228,false,"קוסקוס דק דארי 1 ק""ג",,,"קוסקוס דק דארי 1 ק""ג",קילוגרמים,1.00,"ק""ג",false,,17.90,17.9000,true,1,24927
6111094000259,false,קוסקוס בינוני דארי 5,,,קוסקוס בינוני דארי 5,גרמים,500.00,100 גרם,false,,10.00,2.0000,true,1,24929
6902019042016,false,אטבי כביסה 10 יחידות,,,אטבי כביסה 10 יחידות,יחידה,0.00,יחידה,false,,5.50,0.0000,true,1,13097
6910191800287,false,אצות נורי לסושי מזרח,,,אצות נורי לסושי מזרח,גרמים,25.00,100 גרם,false,,11.90,47.6000,true,1,47578
6912977000140,false,אטריות שעועית ללא גל,,,אטריות שעועית ללא גל,גרמים,250.00,100 גרם,false,,8.90,3.5600,true,1,47579
6920190410011,false,נייר מאפינס לאפייה ו,,,נייר מאפינס לאפייה ו,יחידה,0.00,יחידה,false,,11.90,0.0000,true,1,13109
6920190410059,false,נייר מאפינס קטנים לא,,,נייר מאפינס קטנים לא,יחידה,0.00,יחידה,false,,11.90,0.0000,true,1,13112
6920354822193,false,משחת שיניים קולגייט,,,משחת שיניים קולגייט,מיליליטרים,68.00,"100 מ""ל",false,,32.90,48.3824,true,1,132012
6920354822223,false,משחת שיניים קולגייט,,,משחת שיניים קולגייט,מיליליטרים,68.00,"100 מ""ל",false,,32.90,48.3824,true,1,132013
6928209121170,false,תפוחן,,,תפוחן,יחידה,0.00,יחידה,false,,10.00,0.0000,true,1,27794
6928209130646,false,סמרטוט מיקרופייבר חל,,,סמרטוט מיקרופייבר חל,יחידה,0.00,יחידה,false,,11.00,0.0000,true,1,27851
6928209130653,false,סמרטוט מיקרופייבר מש,,,סמרטוט מיקרופייבר מש,יחידה,0.00,יחידה,false,,13.00,0.0000,true,1,27852
6936745600462,false,רוטב מירין לתיבול מז,,,רוטב מירין לתיבול מז,מיליליטרים,500.00,"100 מ""ל",false,,19.90,3.9800,true,1,47582
6936745600783,false,"חומץ אורז 500 מ""ל (ד",,,"חומץ אורז 500 מ""ל (ד",גרמים,500.00,100 גרם,false,,14.90,2.9800,true,1,47583
6951097101030,false,מאג לונדון,,,מאג לונדון,יחידה,0.00,יחידה,false,,5.90,0.0000,true,1,28013
6951097101078,false,מאג לאטה 240,,,מאג לאטה 240,יחידה,0.00,יחידה,false,,4.90,0.0000,true,1,133566
6951097101139,false,מאג קליר ניו בלינק 3,,,מאג קליר ניו בלינק 3,יחידה,0.00,יחידה,false,,5.90,0.0000,true,1,28016
6951097101542,false,מאג מעוצב סט שישייה,,,מאג מעוצב סט שישייה,יחידה,0.00,יחידה,false,,29.90,0.0000,true,1,28017
6951097101788,false,מאג בירה קלאסיק 300,,,מאג בירה קלאסיק 300,יחידה,0.00,יחידה,false,,4.50,0.0000,true,1,105634
6951097103034,false,מאג תה קלאסיק בלינק,,,מאג תה קלאסיק בלינק,יחידה,0.00,יחידה,false,,3.90,0.0000,true,1,105582
6956907413617,false,ג'ל לחיטוי ידיים 500,,,ג'ל לחיטוי ידיים 500,מיליליטרים,500.00,"100 מ""ל",false,,14.90,2.9800,true,1,73139
6972534059721,false,שטיח גומי לאמבטיה צי,,,שטיח גומי לאמבטיה צי,יחידה,0.00,יחידה,false,,24.00,0.0000,true,1,229260
6972534059738,false,שטיח גומי לאמבטיה צי,,,שטיח גומי לאמבטיה צי,יחידה,0.00,יחידה,false,,24.00,0.0000,true,1,229261
6973350160004,true,מסכות לילדים 10 יח,,,מסכות לילדים 10 יח,יחידה,0.00,יחידה,false,,6.90,0.0000,true,1,75586
6992021040506,false,בלוני נקודות  10 יחי,,,בלוני נקודות  10 יחי,יחידה,0.00,יחידה,false,,7.90,0.0000,true,1,190601
7038516140357,false,מב.שיניים טוטאל קלין,,,מב.שיניים טוטאל קלין,יחידה,0.00,יחידה,false,,10.00,0.0000,true,1,5709
7038516140418,false,מב.שיניים טוטאל קלין,,,מב.שיניים טוטאל קלין,יחידה,0.00,יחידה,false,,10.00,0.0000,true,1,5710
7046110030608,false,זוג מברשות סנסטיב ג',,,זוג מברשות סנסטיב ג',יחידה,0.00,יחידה,false,,22.90,0.0000,true,1,5715
7046110071519,false,מש.שיניים לילדים לשי,,,מש.שיניים לילדים לשי,מיליליטרים,50.00,"100 מ""ל",false,,11.90,23.8000,true,1,5725
7262626014158,false,בובת רותי מנגנת,,,בובת רותי מנגנת,יחידה,0.00,יחידה,false,,24.90,0.0000,true,1,31161
7262626058930,false,טייץ טרמי שחור,,,טייץ טרמי שחור,יחידה,0.00,יחידה,false,,24.90,0.0000,true,1,31240
7262626088173,false,גרבי אנגורה נשים,,,גרבי אנגורה נשים,יחידה,0.00,יחידה,false,,9.90,0.0000,true,1,95679
7262626088180,false,טייץ טרמי שחור,,,טייץ טרמי שחור,יחידה,0.00,יחידה,false,,29.90,0.0000,true,1,84024
7262626088197,false,טייץ טרמי צבעוני,,,טייץ טרמי צבעוני,יחידה,0.00,יחידה,false,,29.90,0.0000,true,1,83685
7262626088272,false,מטריה סיליקון שחור ח,,,מטריה סיליקון שחור ח,יחידה,0.00,יחידה,false,,39.90,0.0000,true,1,181961
7262626111222,false,בובה דובי,,,בובה דובי,יחידה,0.00,יחידה,false,,19.90,0.0000,true,1,128238
7271730901261,false,ארוחת אטריות וואקי מ,,,ארוחת אטריות וואקי מ,גרמים,156.00,100 גרם,false,,10.90,6.9872,true,1,36899
7290000000104,false,סנדוויץ'  עובד,,,סנדוויץ'  עובד,יחידה,0.00,יחידה,false,,5.00,0.0000,true,1,34418
7290000000311,false,קרואסון ביס בטעמים ח,,,קרואסון ביס בטעמים ח,קילוגרמים,1.00,"ק""ג",true,,42.00,42.0000,true,1,2403
7290000000465,false,לחמניה שמינייה,,,לחמניה שמינייה,יח',1.00,יח',false,,3.90,3.9000,true,1,2414
7290000000626,false,ברוקולי ארוז במגשית,,,ברוקולי ארוז במגשית,יח',1.00,יח',false,,9.90,9.9000,true,1,178271
7290000000978,true,חסה כשר,,,חסה כשר,יח',1.00,יח',false,,6.90,6.9000,true,1,47740
7290000000985,true,פטרוזיליה כשר,,,פטרוזיליה כשר,יח',1.00,יח',false,,5.90,5.9000,true,1,47741
7290000001524,true,בצל ירוק כשר,,,בצל ירוק כשר,יח',1.00,יח',false,,6.90,6.9000,true,1,47742
7290000001579,true,סלרי אמריקאי כשר,,,סלרי אמריקאי כשר,יח',1.00,יח',false,,6.90,6.9000,true,1,47743
7290000001586,true,שמיר כשר,,,שמיר כשר,יח',1.00,יח',false,,5.90,5.9000,true,1,47744
7290000001593,true,נענע כשר,,,נענע כשר,יח',1.00,יח',false,,5.90,5.9000,true,1,47745
7290000001609,true,מנגולד כשר,,,מנגולד כשר,יח',1.00,יח',false,,6.90,6.9000,true,1,47746
7290000001704,false,קישוא זוקיני ארוז,,,קישוא זוקיני ארוז,יח',1.00,יח',false,,13.90,13.9000,true,1,158064
7290000002021,false,רוגלך פרווה,,,רוגלך פרווה,קילוגרמים,1.00,"ק""ג",true,,42.00,42.0000,true,1,2455
7290000002022,false,פרווה ביס שוקולד/מאפ,,,פרווה ביס שוקולד/מאפ,קילוגרמים,1.00,"ק""ג",true,,42.00,42.0000,true,1,2456
7290000002057,false,בורקיטס בולגרי בטעמי,,,בורקיטס בולגרי בטעמי,קילוגרמים,1.00,"ק""ג",true,,42.00,42.0000,true,1,2457
7290000002247,false,חלומי גד 24% במשקל,,,חלומי גד 24% במשקל,קילוגרמים,1.00,"ק""ג",true,,97.00,97.0000,true,1,14549
7290000002872,false,צפתית במים גד 5% במש,,,צפתית במים גד 5% במש,קילוגרמים,1.00,"ק""ג",true,,64.00,64.0000,true,1,14553
7290000002889,false,גבינות שמנת שום שמיר,,,גבינות שמנת שום שמיר,קילוגרמים,1.00,"ק""ג",true,,47.00,47.0000,true,1,14554
7290000002902,false,גבינות שמנת ירקות גד,,,גבינות שמנת ירקות גד,קילוגרמים,1.00,"ק""ג",true,,47.00,47.0000,true,1,14557
7290000003196,false,פילו מלוח טעמים מיוח,,,פילו מלוח טעמים מיוח,קילוגרמים,1.00,"ק""ג",true,,40.00,40.0000,true,1,2465
7290000003285,false,פטינה מחלבת ארלה 21%,,,פטינה מחלבת ארלה 21%,קילוגרמים,1.00,"ק""ג",true,,29.00,29.0000,true,1,23198
7290000003286,false,בלוז דנאבלו מחלבת אר,,,בלוז דנאבלו מחלבת אר,קילוגרמים,1.00,"ק""ג",true,,65.00,65.0000,true,1,23199
7290000003503,false,כנפיים עוף טרי,,,כנפיים עוף טרי,קילוגרמים,1.00,"ק""ג",true,,10.90,10.9000,true,1,26504
7290000004444,false,שקיות גופיה  20 מקרו,,,שקיות גופיה  20 מקרו,יחידה,0.00,יחידה,false,,0.10,0.0000,true,1,238769
7290000004754,false,מוצרלה כדור קטן גד 1,,,מוצרלה כדור קטן גד 1,קילוגרמים,1.00,"ק""ג",true,,95.00,95.0000,true,1,14568
7290000004815,false,מוצרלה גד 22% במשקל,,,מוצרלה גד 22% במשקל,קילוגרמים,1.00,"ק""ג",true,,80.00,80.0000,true,1,14570
7290000004969,false,גבינות שמנת טבעי גד,,,גבינות שמנת טבעי גד,קילוגרמים,1.00,"ק""ג",true,,47.00,47.0000,true,1,14576
7290000004976,false,גבינות שמנת זיתים גד,,,גבינות שמנת זיתים גד,קילוגרמים,1.00,"ק""ג",true,,47.00,47.0000,true,1,14577
7290000005025,false,בייגל בטעמים,,,בייגל בטעמים,יח',1.00,יח',false,,4.90,4.9000,true,1,36132
7290000006021,false,פטה מעדן סלט קוביות,,,פטה מעדן סלט קוביות,קילוגרמים,1.00,"ק""ג",true,,75.00,75.0000,true,1,6150
7290000006120,false,טאפאס ממולא גב.שמנת,,,טאפאס ממולא גב.שמנת,קילוגרמים,1.00,"ק""ג",true,,148.00,148.0000,true,1,6151
7290000007527,false,שקשוקה/חביתה אישית,,,שקשוקה/חביתה אישית,יחידה,0.00,יחידה,false,,12.00,0.0000,true,1,34555
7290000009350,false,בשר טחון טרי,,,בשר טחון טרי,קילוגרמים,1.00,"ק""ג",true,,37.90,37.9000,true,1,249387
7290000009351,false,בשר טחון חלק טרי,,,בשר טחון חלק טרי,קילוגרמים,1.00,"ק""ג",true,,49.90,49.9000,true,1,249495
7290000009354,false,צלעות בקר טרי,,,צלעות בקר טרי,קילוגרמים,1.00,"ק""ג",true,,59.90,59.9000,true,1,249716
7290000009358,false,כתף בקר טרי,,,כתף בקר טרי,קילוגרמים,1.00,"ק""ג",true,,64.90,64.9000,true,1,249809
7290000009362,false,צלי כתף טרי,,,צלי כתף טרי,קילוגרמים,1.00,"ק""ג",true,,89.90,89.9000,true,1,249919
7290000009366,false,פילה מדומה טרי,,,פילה מדומה טרי,קילוגרמים,1.00,"ק""ג",true,,74.90,74.9000,true,1,249824
7290000009370,false,שריר טרי,,,שריר טרי,קילוגרמים,1.00,"ק""ג",true,,59.90,59.9000,true,1,250037
7290000009374,false,אנטריקוט טרי,,,אנטריקוט טרי,קילוגרמים,1.00,"ק""ג",true,,129.90,129.9000,true,1,250331
7290000009389,false,אסאדו טרי,,,אסאדו טרי,קילוגרמים,1.00,"ק""ג",true,,69.90,69.9000,true,1,250416
7290000009390,false,אסאדו חלק טרי,,,אסאדו חלק טרי,קילוגרמים,1.00,"ק""ג",true,,69.90,69.9000,true,1,250431
7290000009395,false,אסאדו ע.ע. טרי,,,אסאדו ע.ע. טרי,קילוגרמים,1.00,"ק""ג",true,,69.90,69.9000,true,1,250462
7290000009396,false,אסאדו ע.ע חלק טרי,,,אסאדו ע.ע חלק טרי,קילוגרמים,1.00,"ק""ג",true,,69.90,69.9000,true,1,250489
7290000009398,false,אוסובוקו חלק טרי,,,אוסובוקו חלק טרי,קילוגרמים,1.00,"ק""ג",true,,64.90,64.9000,true,1,250317
7290000009420,false,שפיץ בקר פרימיום חלק,,,שפיץ בקר פרימיום חלק,קילוגרמים,1.00,"ק""ג",true,,139.90,139.9000,true,1,251173
7290000009435,false,צוואר טלה טרי,,,צוואר טלה טרי,קילוגרמים,1.00,"ק""ג",true,,74.90,74.9000,true,1,250804
7290000009456,false,צוואר עגל טרי,,,צוואר עגל טרי,קילוגרמים,1.00,"ק""ג",true,,54.90,54.9000,true,1,258718
7290000009461,false,חזה ע.ע  טרי,,,חזה ע.ע  טרי,קילוגרמים,1.00,"ק""ג",true,,49.90,49.9000,true,1,258509
7290000009462,false,צוואר ע.ע  טרי,,,צוואר ע.ע  טרי,קילוגרמים,1.00,"ק""ג",true,,49.90,49.9000,true,1,258522
7290000009464,false,אנטריקוט ע.ע טרי,,,אנטריקוט ע.ע טרי,קילוגרמים,1.00,"ק""ג",true,,94.90,94.9000,true,1,258558
7290000009476,false,טחון מיוחד להמבורגר,,,טחון מיוחד להמבורגר,קילוגרמים,1.00,"ק""ג",true,,59.90,59.9000,true,1,258693
7290000009480,false,עצמות מח חלק טרי,,,עצמות מח חלק טרי,קילוגרמים,1.00,"ק""ג",true,,24.90,24.9000,true,1,258988
7290000009481,false,כתף ע.ע  כשר,,,כתף ע.ע  כשר,קילוגרמים,1.00,"ק""ג",true,,49.90,49.9000,true,1,259161
7290000009512,false,ויסברטן  בקר מחפוד ט,,,ויסברטן  בקר מחפוד ט,קילוגרמים,1.00,"ק""ג",true,,89.90,89.9000,true,1,259596
7290000010030,false,5 יח'  לחמניה לבנה ע,,,5 יח'  לחמניה לבנה ע,יח',1.00,יח',false,,14.90,14.9000,true,1,52813
7290000010110,false,5 יח'  לחמנית קוראסו,,,5 יח'  לחמנית קוראסו,יח',1.00,יח',false,,16.90,16.9000,true,1,52814
7290000010200,false,5יח שליש בגט (לבן/כפ,,,5יח שליש בגט (לבן/כפ,יח',1.00,יח',false,,13.50,13.5000,true,1,2483
7290000010250,false,5 יח'  בייגלה בטעמים,,,5 יח'  בייגלה בטעמים,יח',1.00,יח',false,,17.90,17.9000,true,1,52815
7290000010500,false,5 יח' לחמניות  חיטה,,,5 יח' לחמניות  חיטה,יח',1.00,יח',false,,13.40,13.4000,true,1,52816
7290000011229,false,בולגרית חלקה המושבה,,,בולגרית חלקה המושבה,קילוגרמים,1.00,"ק""ג",true,,45.00,45.0000,true,1,14784
7290000011236,false,בולגרית מעודנת המושב,,,בולגרית מעודנת המושב,קילוגרמים,1.00,"ק""ג",true,,45.00,45.0000,true,1,14785
7290000011250,false,שמנת שום שמיר המושב,,,שמנת שום שמיר המושב,קילוגרמים,1.00,"ק""ג",true,,40.00,40.0000,true,1,14787
7290000011274,false,שמנת זיתים המושבה 30,,,שמנת זיתים המושבה 30,קילוגרמים,1.00,"ק""ג",true,,40.00,40.0000,true,1,14789
7290000011397,false,ברי בקר/קממבר המושבה,,,ברי בקר/קממבר המושבה,קילוגרמים,1.00,"ק""ג",true,,100.00,100.0000,true,1,14790
7290000011427,false,אצבעות שוקולד וניל ה,,,אצבעות שוקולד וניל ה,קילוגרמים,1.00,"ק""ג",true,,54.00,54.0000,true,1,14791
7290000011593,false,שזיף,,,שזיף,קילוגרמים,1.00,"ק""ג",true,,19.90,19.9000,true,1,50958
7290000013006,false,פסטרמה מקסיקנית 1% ז,,,פסטרמה מקסיקנית 1% ז,קילוגרמים,1.00,"ק""ג",true,,80.00,80.0000,true,1,38872
7290000013037,false,פסט. פרגיות על לבנים,,,פסט. פרגיות על לבנים,קילוגרמים,1.00,"ק""ג",true,,80.00,80.0000,true,1,38874
7290000013174,false,פסט. של פעם 2% זוגלו,,,פסט. של פעם 2% זוגלו,קילוגרמים,1.00,"ק""ג",true,,82.00,82.0000,true,1,38876
7290000014510,false,חסה עגולה,,,חסה עגולה,יח',1.00,יח',false,,6.90,6.9000,true,1,50959
7290000021003,false,עוף טרי שלם,,,עוף טרי שלם,קילוגרמים,1.00,"ק""ג",true,,18.90,18.9000,true,1,26527
7290000023007,false,"ברנדי שטוק 84 750 מ""",,,"ברנדי שטוק 84 750 מ""",מיליליטרים,750.00,"100 מ""ל",false,,70.90,9.4533,true,1,9296
7290000023809,false,קלאסיק קברנה סובניון,,,קלאסיק קברנה סובניון,מיליליטרים,750.00,"100 מ""ל",false,,32.90,4.3867,true,1,9310
7290000023816,false,קלאסיק אמרלד ריזלינג,,,קלאסיק אמרלד ריזלינג,מיליליטרים,750.00,"100 מ""ל",false,,32.90,4.3867,true,1,9311
7290000023977,false,קלאסיק מרלו 750מל.,,,קלאסיק מרלו 750מל.,מיליליטרים,750.00,"100 מ""ל",false,,32.90,4.3867,true,1,9317
7290000024202,false,קברנה סוביניון רזרבד,,,קברנה סוביניון רזרבד,מיליליטרים,750.00,"100 מ""ל",false,,42.90,5.7200,true,1,9320
7290000024240,false,"שרדונה רזרבד 750 מ""ל",,,"שרדונה רזרבד 750 מ""ל",מיליליטרים,750.00,"100 מ""ל",false,,42.90,5.7200,true,1,9323
7290000024264,false,מרלו ריזרב,,,מרלו ריזרב,מיליליטרים,750.00,"100 מ""ל",false,,42.90,5.7200,true,1,9324
7290000024523,false,תירוש של סגל 1 ליטר,,,תירוש של סגל 1 ליטר,ליטרים,1.00,ליטר,false,,13.90,13.9000,true,1,9328
7290000024530,false,"גליה מתוק 750 מ""ל",,,"גליה מתוק 750 מ""ל",מיליליטרים,750.00,"100 מ""ל",false,,13.90,1.8533,true,1,9329
7290000024905,false,קגלביץ קלאסיקה 700 מ,,,קגלביץ קלאסיקה 700 מ,מיליליטרים,700.00,"100 מ""ל",false,,50.90,7.2714,true,1,9334
7290000025786,false,דניס נקי טרי,,,דניס נקי טרי,קילוגרמים,1.00,"ק""ג",true,,69.90,69.9000,true,1,47930
7290000026806,false,קרפיון נקי טרי,,,קרפיון נקי טרי,קילוגרמים,1.00,"ק""ג",true,,34.90,34.9000,true,1,47932
7290000026813,false,אמנון טרי נקי,,,אמנון טרי נקי,קילוגרמים,1.00,"ק""ג",true,,36.90,36.9000,true,1,47933
7290000026851,false,בורי נקי טרי,,,בורי נקי טרי,קילוגרמים,1.00,"ק""ג",true,,49.90,49.9000,true,1,47934
7290000027995,false,פילה סלמון טרי,,,פילה סלמון טרי,קילוגרמים,1.00,"ק""ג",true,,99.90,99.9000,true,1,47953
7290000032665,false,רוטב עגבניות 28% ברי,,,רוטב עגבניות 28% ברי,גרמים,580.00,100 גרם,false,,7.52,1.2966,true,1,8614
7290000035324,false,בולגרית חלב נוכרי פי,,,בולגרית חלב נוכרי פי,קילוגרמים,1.00,"ק""ג",true,,41.00,41.0000,true,1,25619
7290000036291,false,צפתית מעודנת מהדרין,,,צפתית מעודנת מהדרין,קילוגרמים,1.00,"ק""ג",true,,58.00,58.0000,true,1,25621
7290000040042,false,יופלה תות שובב 3% 15,,,יופלה תות שובב 3% 15,מיליליטרים,150.00,"100 מ""ל",false,,4.90,3.2667,true,1,25705
7290000040066,false,יופלה דובדבן פראי 3%,,,יופלה דובדבן פראי 3%,מיליליטרים,150.00,"100 מ""ל",false,,4.90,3.2667,true,1,25706
7290000040080,false,יופלה אפרסק מאוהב 3%,,,יופלה אפרסק מאוהב 3%,מיליליטרים,150.00,"100 מ""ל",false,,4.90,3.2667,true,1,25707
7290000040318,false,תנובה גבינת ברי 24%,,,תנובה גבינת ברי 24%,גרמים,125.00,100 גרם,false,,18.90,15.1200,true,1,25709
7290000040462,false,טוסטי טעם אדם 22% 20,,,טוסטי טעם אדם 22% 20,גרמים,200.00,100 גרם,false,,16.90,8.4500,true,1,25711
7290000040974,false,חלב תנובה קרטון דל ל,,,חלב תנובה קרטון דל ל,ליטרים,1.00,ליטר,false,,7.10,7.1000,true,1,25712
7290000041407,false,"גיל 3% בד""צ 125 מ""ל",,,"גיל 3% בד""צ 125 מ""ל",מיליליטרים,125.00,"100 מ""ל",false,,0.90,0.7200,true,1,25713
7290000041445,false,"קוטג' 5% תנובה בד""צ",,,"קוטג' 5% תנובה בד""צ",גרמים,250.00,100 גרם,false,,5.50,2.2000,true,1,25714
7290000041452,false,"קוטג' תנובה בד""צ 9%",,,"קוטג' תנובה בד""צ 9%",גרמים,250.00,100 גרם,false,,5.50,2.2000,true,1,25715
7290000041858,false,יטבתה שמנת חמוצה 15%,,,יטבתה שמנת חמוצה 15%,מיליליטרים,200.00,"100 מ""ל",false,,2.50,1.2500,true,1,23235
7290000041865,false,יטבתה לבן 4.5% 200מל,,,יטבתה לבן 4.5% 200מל,מיליליטרים,200.00,"100 מ""ל",false,,2.50,1.2500,true,1,23236
7290000042015,false,חלב תנובה טרי שקית,,,חלב תנובה טרי שקית,יחידה,0.00,יחידה,false,,5.43,0.0000,true,1,25717
7290000042435,false,חלב תנובה בקרטון 1%,,,חלב תנובה בקרטון 1%,ליטרים,1.00,ליטר,false,,5.86,5.8600,true,1,25723
7290000042503,false,חלב תנובה עמיד 3% קר,,,חלב תנובה עמיד 3% קר,ליטרים,1.00,ליטר,false,,6.90,6.9000,true,1,25726
7290000042640,false,חלב תנובה עמיד 3% מה,,,חלב תנובה עמיד 3% מה,מיליליטרים,250.00,"100 מ""ל",false,,2.90,1.1600,true,1,25728
7290000042855,false,יטבתה שוקו שקית 225,,,יטבתה שוקו שקית 225,מיליליטרים,225.00,"100 מ""ל",false,,2.90,1.2889,true,1,23240
7290000043012,false,שוק שוקו עמיד 2% בקר,,,שוק שוקו עמיד 2% בקר,מיליליטרים,250.00,"100 מ""ל",false,,4.90,1.9600,true,1,25730
7290000043111,false,חמאה תנובה רבנות 200,,,חמאה תנובה רבנות 200,גרמים,200.00,100 גרם,false,,7.88,3.9400,true,1,25731
7290000043814,false,שף לבן שמנת לקצפת עמ,,,שף לבן שמנת לקצפת עמ,מיליליטרים,250.00,"100 מ""ל",false,,6.47,2.5880,true,1,25733
7290000043890,false,ריויון 1.5% 1ל,,,ריויון 1.5% 1ל,ליטרים,1.00,ליטר,false,,10.90,10.9000,true,1,25734
7290000043944,false,יוגורט כדים תנובה 1.,,,יוגורט כדים תנובה 1.,ליטרים,1.50,ליטר,false,,15.90,10.6000,true,1,25735
7290000044712,false,פרילי תות 1.5% 500מל,,,פרילי תות 1.5% 500מל,מיליליטרים,500.00,"100 מ""ל",false,,10.90,2.1800,true,1,25739
7290000044880,false,באדי תות 3% 500מל,,,באדי תות 3% 500מל,מיליליטרים,500.00,"100 מ""ל",false,,8.90,1.7800,true,1,25741
7290000045573,false,נעמה גבינת מותכת 25%,,,נעמה גבינת מותכת 25%,גרמים,200.00,100 גרם,false,,14.90,7.4500,true,1,25743
7290000045580,false,נעמה גבינת מותכת 25%,,,נעמה גבינת מותכת 25%,גרמים,240.00,100 גרם,false,,17.90,7.4583,true,1,25744
7290000045917,false,תנובה גבינת פרומעז 2,,,תנובה גבינת פרומעז 2,גרמים,200.00,100 גרם,false,,24.90,12.4500,true,1,25746
7290000046020,false,גלבוע 22% במשקל,,,גלבוע 22% במשקל,קילוגרמים,1.00,"ק""ג",true,,42.58,42.5800,true,1,25625
7290000046327,false,גלבוע גבינה פרוסה 22,,,גלבוע גבינה פרוסה 22,גרמים,200.00,100 גרם,false,,12.60,6.3000,true,1,25747
7290000046549,false,מוצרלה חריץ תנובה במ,,,מוצרלה חריץ תנובה במ,קילוגרמים,1.00,"ק""ג",true,,75.00,75.0000,true,1,25630
7290000046563,false,גבע פרמזן תנובה במשק,,,גבע פרמזן תנובה במשק,קילוגרמים,1.00,"ק""ג",true,,109.00,109.0000,true,1,25632
7290000046662,false,סקנדינבית חריץ מעדני,,,סקנדינבית חריץ מעדני,קילוגרמים,1.00,"ק""ג",true,,76.00,76.0000,true,1,25633
7290000047027,false,קשקבל גלעד במשקל,,,קשקבל גלעד במשקל,קילוגרמים,1.00,"ק""ג",true,,120.00,120.0000,true,1,25634
7290000047034,false,רוקפור גליל במשקל,,,רוקפור גליל במשקל,קילוגרמים,1.00,"ק""ג",true,,120.00,120.0000,true,1,25635
7290000047485,false,בולגרית פיראוס 24% ב,,,בולגרית פיראוס 24% ב,קילוגרמים,1.00,"ק""ג",true,,55.90,55.9000,true,1,25637
7290000047546,false,שף לבן כנען 5% 500ג,,,שף לבן כנען 5% 500ג,גרמים,500.00,100 גרם,false,,23.90,4.7800,true,1,25748
7290000047730,false,סלמון פילה מעושן מצו,,,סלמון פילה מעושן מצו,קילוגרמים,1.00,"ק""ג",true,,189.00,189.0000,true,1,16498
7290000047942,false,תנובה גבינה לבנה 9%,,,תנובה גבינה לבנה 9%,גרמים,250.00,100 גרם,false,,4.75,1.9000,true,1,25750
7290000048185,false,גבינה לבנה רכה 5% תנ,,,גבינה לבנה רכה 5% תנ,גרמים,250.00,100 גרם,false,,4.98,1.9920,true,1,25751
7290000048192,false,גבינה לבנה רכה 9% בד,,,גבינה לבנה רכה 9% בד,גרמים,250.00,100 גרם,false,,4.70,1.8800,true,1,25752
7290000048207,false,פילה הרינג בסגנון מט,,,פילה הרינג בסגנון מט,קילוגרמים,1.00,"ק""ג",true,,70.00,70.0000,true,1,17622
7290000048306,false,מקרל מעושן שלם שמיר,,,מקרל מעושן שלם שמיר,קילוגרמים,1.00,"ק""ג",true,,98.00,98.0000,true,1,17628
7290000048413,false,פיראוס חמד 16% 250ג,,,פיראוס חמד 16% 250ג,גרמים,250.00,100 גרם,false,,17.90,7.1600,true,1,25754
7290000048437,false,פיראוס צפתית 5% 200,,,פיראוס צפתית 5% 200,גרמים,200.00,100 גרם,false,,13.90,6.9500,true,1,25755
7290000048444,false,פיראוס חמד 16% 1 קג,,,פיראוס חמד 16% 1 קג,קילוגרמים,1.00,"ק""ג",false,,51.90,51.9000,true,1,25756
7290000049458,false,פיראוס בולגרית עיזים,,,פיראוס בולגרית עיזים,גרמים,250.00,100 גרם,false,,27.90,11.1600,true,1,25758
7290000050447,false,יופלהYYY תות 3% 500מ,,,יופלהYYY תות 3% 500מ,מיליליטרים,500.00,"100 מ""ל",false,,12.95,2.5900,true,1,25762
7290000050454,false,יופלהYYY אפרסק 3% 50,,,יופלהYYY אפרסק 3% 50,מיליליטרים,500.00,"100 מ""ל",false,,12.95,2.5900,true,1,25763
7290000051307,false,חלב תנובה הפ.אוכל עו,,,חלב תנובה הפ.אוכל עו,מיליליטרים,150.00,"100 מ""ל",false,,9.50,6.3333,true,1,25768
7290000051376,false,יופלה דיאט אננס ספור,,,יופלה דיאט אננס ספור,מיליליטרים,150.00,"100 מ""ל",false,,4.90,3.2667,true,1,25770
7290000051710,false,פיראוס לאבנה עם שמן,,,פיראוס לאבנה עם שמן,גרמים,263.00,100 גרם,false,,13.90,5.2852,true,1,25772
7290000052311,false,עמק מהדרין 15% 200 ג,,,עמק מהדרין 15% 200 ג,גרמים,200.00,100 גרם,false,,15.80,7.9000,true,1,25777
7290000052649,false,פיראוס לאבנה 5% 500ג,,,פיראוס לאבנה 5% 500ג,גרמים,500.00,100 גרם,false,,19.90,3.9800,true,1,25779
7290000052946,false,יופלה בדץ מעודן 8*15,,,יופלה בדץ מעודן 8*15,ליטרים,1.20,ליטר,false,,19.90,16.5833,true,1,25782
7290000053219,false,טל העמק 32% במשקל,,,טל העמק 32% במשקל,קילוגרמים,1.00,"ק""ג",true,,58.00,58.0000,true,1,25640
7290000053981,false,מאגדת יופלה תות ואפר,,,מאגדת יופלה תות ואפר,קילוגרמים,1.20,"ק""ג",false,,25.90,21.5833,true,1,25785
7290000055206,false,תנובה גבינה לבנה בטע,,,תנובה גבינה לבנה בטע,גרמים,250.00,100 גרם,false,,5.90,2.3600,true,1,25792
7290000055329,false,יופלה משקה יוגורט תו,,,יופלה משקה יוגורט תו,מיליליטרים,250.00,"100 מ""ל",false,,5.50,2.2000,true,1,25793
7290000055336,false,יופלה משקה יוגורט בנ,,,יופלה משקה יוגורט בנ,מיליליטרים,250.00,"100 מ""ל",false,,5.50,2.2000,true,1,25794
7290000055343,false,יופלה משקה יוגורט טר,,,יופלה משקה יוגורט טר,מיליליטרים,250.00,"100 מ""ל",false,,5.50,2.2000,true,1,25795
7290000055350,false,עמק קלאסית 28% במשקל,,,עמק קלאסית 28% במשקל,קילוגרמים,1.00,"ק""ג",true,,44.79,44.7900,true,1,25642
7290000055893,false,חמאה מהדרין תנובה 20,,,חמאה מהדרין תנובה 20,גרמים,200.00,100 גרם,false,,7.88,3.9400,true,1,25801
7290000056272,false,תנובה גבינה לבנה עם,,,תנובה גבינה לבנה עם,גרמים,250.00,100 גרם,false,,5.90,2.3600,true,1,25804
7290000056845,false,חלב תנובה בקרטון 3%,,,חלב תנובה בקרטון 3%,ליטרים,1.50,ליטר,false,,9.34,6.2267,true,1,25809
7290000056890,false,יופלה דיאט טעמים שונ,,,יופלה דיאט טעמים שונ,קילוגרמים,1.20,"ק""ג",false,,29.90,24.9167,true,1,25811
7290000056906,false,יופלה לבן 1.5% 8*150,,,יופלה לבן 1.5% 8*150,ליטרים,1.20,ליטר,false,,17.50,14.5833,true,1,25812
7290000056951,false,שף לבן שמנת לבישול +,,,שף לבן שמנת לבישול +,מיליליטרים,500.00,"100 מ""ל",false,,15.90,3.1800,true,1,25814
7290000057088,false,עמק דק דק 28% 200גר,,,עמק דק דק 28% 200גר,גרמים,200.00,100 גרם,false,,15.90,7.9500,true,1,25817
7290000057118,false,עמק  סמי  28% 400 גר,,,עמק  סמי  28% 400 גר,גרמים,400.00,100 גרם,false,,20.90,5.2250,true,1,25818
7290000057132,false,תנובה יוגורט טבעי 1.,,,תנובה יוגורט טבעי 1.,מיליליטרים,200.00,"100 מ""ל",false,,3.50,1.7500,true,1,25819
7290000057149,false,תנובה יוגורט טבעי 3%,,,תנובה יוגורט טבעי 3%,גרמים,200.00,100 גרם,false,,3.50,1.7500,true,1,25820
7290000057453,false,עמק בדץ 28%  במשקל,,,עמק בדץ 28%  במשקל,קילוגרמים,1.00,"ק""ג",true,,42.70,42.7000,true,1,25646
7290000057552,false,יופלה דיאט ע.גבינה ו,,,יופלה דיאט ע.גבינה ו,מיליליטרים,150.00,"100 מ""ל",false,,4.90,3.2667,true,1,25823
7290000058030,false,יופלה שטוזים משקה יו,,,יופלה שטוזים משקה יו,מיליליטרים,800.00,"100 מ""ל",false,,20.90,2.6125,true,1,25825
7290000058047,false,שף לבן שמנת מתוקה מה,,,שף לבן שמנת מתוקה מה,מיליליטרים,500.00,"100 מ""ל",false,,12.94,2.5880,true,1,25826
7290000058979,false,"גיל בטעם תות בד""צ 3%",,,"גיל בטעם תות בד""צ 3%",גרמים,125.00,100 גרם,false,,1.50,1.2000,true,1,25832
7290000060071,false,חטיפי פריכונים מאורז,,,חטיפי פריכונים מאורז,גרמים,80.00,100 גרם,false,,7.90,9.8750,true,1,18418
7290000060088,false,בייגלה אסם מקלות מלו,,,בייגלה אסם מקלות מלו,גרמים,400.00,100 גרם,false,,9.90,2.4750,true,1,18419
7290000060163,false,אטריות דקות אסם 400,,,אטריות דקות אסם 400,גרמים,400.00,100 גרם,false,,6.90,1.7250,true,1,18422
7290000060200,false,פתיתים אפויים קוסקוס,,,פתיתים אפויים קוסקוס,גרמים,500.00,100 גרם,false,,6.90,1.3800,true,1,18423
7290000060217,false,פסטה מקרוני אסם 500,,,פסטה מקרוני אסם 500,גרמים,500.00,100 גרם,false,,5.90,1.1800,true,1,18424
7290000060248,false,פסטה תלתלים אסם 500,,,פסטה תלתלים אסם 500,גרמים,500.00,100 גרם,false,,5.90,1.1800,true,1,18425
7290000060316,false,פסטה ספגטי פרפקטו 50,,,פסטה ספגטי פרפקטו 50,גרמים,500.00,100 גרם,false,,6.90,1.3800,true,1,18427
7290000060330,false,פסטה ספירלי פרפקטו 5,,,פסטה ספירלי פרפקטו 5,גרמים,500.00,100 גרם,false,,6.90,1.3800,true,1,18429
7290000060408,false,פתיתים אפויים טבעות,,,פתיתים אפויים טבעות,גרמים,500.00,100 גרם,false,,6.90,1.3800,true,1,18431
7290000060781,false,פסטה מסולסלים אסם 50,,,פסטה מסולסלים אסם 50,גרמים,500.00,100 גרם,false,,5.90,1.1800,true,1,18439
7290000060828,false,פסטה קרניים בינוניות,,,פסטה קרניים בינוניות,גרמים,500.00,100 גרם,false,,5.90,1.1800,true,1,18440
7290000060842,false,פסטה צדפים גדולים אס,,,פסטה צדפים גדולים אס,גרמים,500.00,100 גרם,false,,5.90,1.1800,true,1,18441
7290000060859,false,פסטה צדפים קטנים אסם,,,פסטה צדפים קטנים אסם,גרמים,500.00,100 גרם,false,,5.90,1.1800,true,1,18442
7290000060880,false,ספגטי אסם 500 גרם,,,ספגטי אסם 500 גרם,גרמים,500.00,100 גרם,false,,5.90,1.1800,true,1,18444
7290000060903,false,פתיתים אפויים אורז א,,,פתיתים אפויים אורז א,גרמים,500.00,100 גרם,false,,6.90,1.3800,true,1,18445
7290000060958,false,אטריות בינוניות אסם,,,אטריות בינוניות אסם,גרמים,400.00,100 גרם,false,,6.90,1.7250,true,1,18447
7290000060965,false,אטריות רחבות אסם 400,,,אטריות רחבות אסם 400,גרמים,400.00,100 גרם,false,,6.90,1.7250,true,1,18448
7290000061025,false,בולגרית המושבה 5% במ,,,בולגרית המושבה 5% במ,קילוגרמים,1.00,"ק""ג",true,,48.00,48.0000,true,1,14798
7290000061056,false,צפתית פרח המושבה 5%,,,צפתית פרח המושבה 5%,קילוגרמים,1.00,"ק""ג",true,,44.90,44.9000,true,1,14799
7290000061061,false,אסם קרקר בצל 250גרם,,,אסם קרקר בצל 250גרם,גרמים,250.00,100 גרם,false,,9.90,3.9600,true,1,18450
7290000061063,false,קש המושבה 9% במשקל,,,קש המושבה 9% במשקל,קילוגרמים,1.00,"ק""ג",true,,50.00,50.0000,true,1,14800
7290000061214,false,פתיתים קוסקוס בצל אס,,,פתיתים קוסקוס בצל אס,גרמים,500.00,100 גרם,false,,6.90,1.3800,true,1,18453
7290000061278,false,גבינת שמנת טבעית המו,,,גבינת שמנת טבעית המו,קילוגרמים,1.00,"ק""ג",true,,40.00,40.0000,true,1,14803
7290000061285,false,טבורג המושבה 10% במש,,,טבורג המושבה 10% במש,קילוגרמים,1.00,"ק""ג",true,,34.00,34.0000,true,1,14804
7290000061315,false,לאבנה טבעי המושבה 5%,,,לאבנה טבעי המושבה 5%,קילוגרמים,1.00,"ק""ג",true,,37.00,37.0000,true,1,14805
7290000061421,false,גבינת חלומי המושבה 2,,,גבינת חלומי המושבה 2,קילוגרמים,1.00,"ק""ג",true,,75.00,75.0000,true,1,14810
7290000061450,false,פתיתים קוסקוס 3 צבעי,,,פתיתים קוסקוס 3 צבעי,גרמים,500.00,100 גרם,false,,6.90,1.3800,true,1,18456
7290000062952,false,מיני קרוטונים למרק ו,,,מיני קרוטונים למרק ו,גרמים,250.00,100 גרם,false,,13.90,5.5600,true,1,18463
7290000063102,false,קמח תופח קטן אסם 350,,,קמח תופח קטן אסם 350,גרמים,350.00,100 גרם,false,,4.90,1.4000,true,1,18466
7290000063133,false,שקדי מרק רכיבים טבעי,,,שקדי מרק רכיבים טבעי,גרמים,100.00,100 גרם,false,,5.90,5.9000,true,1,18467
7290000063140,false,שקדי מרק רכיבים טבעי,,,שקדי מרק רכיבים טבעי,גרמים,400.00,100 גרם,false,,10.90,2.7250,true,1,18468
7290000063157,false,קמח עוגה תופח מאליו,,,קמח עוגה תופח מאליו,קילוגרמים,1.00,"ק""ג",false,,7.90,7.9000,true,1,18469
7290000064871,false,"מנה חמה פירה תפו""א ו",,,"מנה חמה פירה תפו""א ו",גרמים,56.00,100 גרם,false,,5.90,10.5357,true,1,18480
7290000065063,false,פילה סלמון  1400-100,,,פילה סלמון  1400-100,קילוגרמים,1.00,"ק""ג",true,,64.90,64.9000,true,1,51481
7290000065090,false,מיני קרוטונים למרק ו,,,מיני קרוטונים למרק ו,גרמים,400.00,100 גרם,false,,20.90,5.2250,true,1,18481
7290000065557,false,מנה חמה קוסקוס וירקו,,,מנה חמה קוסקוס וירקו,גרמים,84.00,100 גרם,false,,5.90,7.0238,true,1,18485
7290000066141,false,ביסלי גריל 70 גר'.,,,ביסלי גריל 70 גר'.,גרמים,70.00,100 גרם,false,,3.90,5.5714,true,1,18493
7290000066196,false,ביסלי גריל 200גרם,,,ביסלי גריל 200גרם,גרמים,200.00,100 גרם,false,,6.90,3.4500,true,1,18498
7290000066226,false,ביסלי טעם פיצה 200גר,,,ביסלי טעם פיצה 200גר,גרמים,200.00,100 גרם,false,,6.90,3.4500,true,1,18501
7290000066264,false,דובונים 40גרם,,,דובונים 40גרם,גרמים,40.00,100 גרם,false,,4.50,11.2500,true,1,18502
7290000066295,false,במבה מתוקה מחומרים ט,,,במבה מתוקה מחומרים ט,גרמים,30.00,100 גרם,false,,2.90,9.6667,true,1,18503
7290000066318,false,במבה קלאסי 80 גרם,,,במבה קלאסי 80 גרם,גרמים,80.00,100 גרם,false,,4.50,5.6250,true,1,18505
7290000066332,false,אפרופו 50 גרם,,,אפרופו 50 גרם,גרמים,50.00,100 גרם,false,,5.00,10.0000,true,1,18506
7290000066349,false,אפרופו 100גרם,,,אפרופו 100גרם,גרמים,100.00,100 גרם,false,,8.90,8.9000,true,1,18507
7290000066431,false,פופקו חמאה ודבש 80גר,,,פופקו חמאה ודבש 80גר,גרמים,80.00,100 גרם,false,,4.90,6.1250,true,1,18508
7290000067407,false,פירורית מתובל שקית 2,,,פירורית מתובל שקית 2,גרמים,200.00,100 גרם,false,,6.50,3.2500,true,1,18515
7290000067544,false,אסם פירורית פירורי ל,,,אסם פירורית פירורי ל,גרמים,200.00,100 גרם,false,,6.50,3.2500,true,1,18517
7290000067599,false,מנה חמה ספגטי בולונז,,,מנה חמה ספגטי בולונז,גרמים,65.00,100 גרם,false,,5.90,9.0769,true,1,18521
7290000067735,false,"ניוקי בצקיות מתפו""א",,,"ניוקי בצקיות מתפו""א",גרמים,500.00,100 גרם,false,,10.90,2.1800,true,1,18523
7290000068084,false,אסם פתי בר 1.75קג,,,אסם פתי בר 1.75קג,קילוגרמים,1.75,"ק""ג",false,,19.90,11.3714,true,1,18526
7290000068138,false,אסם פודינג אינסטנט ו,,,אסם פודינג אינסטנט ו,גרמים,80.00,100 גרם,false,,5.50,6.8750,true,1,18527
7290000068190,false,אסם ג'לי תות שדה צבע,,,אסם ג'לי תות שדה צבע,גרמים,90.00,100 גרם,false,,5.90,6.5556,true,1,18531
7290000068237,false,אסם ג'לי פטל צבעים ט,,,אסם ג'לי פטל צבעים ט,גרמים,85.00,100 גרם,false,,5.90,6.9412,true,1,18533
7290000068332,false,קממבר בקר משולש גד 2,,,קממבר בקר משולש גד 2,קילוגרמים,1.00,"ק""ג",true,,112.00,112.0000,true,1,14599
7290000068343,false,פריכונים מאורז מלא א,,,פריכונים מאורז מלא א,גרמים,140.00,100 גרם,false,,6.90,4.9286,true,1,18537
7290000068394,false,קממבר בקר גלגל גד 25,,,קממבר בקר גלגל גד 25,קילוגרמים,1.00,"ק""ג",true,,95.00,95.0000,true,1,14603
7290000068701,false,שקדי מרק במיכל אסם 4,,,שקדי מרק במיכל אסם 4,גרמים,400.00,100 גרם,false,,15.90,3.9750,true,1,18538
7290000068770,false,במבה יום הולדת 80גרם,,,במבה יום הולדת 80גרם,גרמים,80.00,100 גרם,false,,4.50,5.6250,true,1,18539
7290000068787,false,במבה יום הולדת 25גרם,,,במבה יום הולדת 25גרם,גרמים,25.00,100 גרם,false,,2.50,10.0000,true,1,18540
7290000069258,false,פנה ריגאטה פרפקטו 50,,,פנה ריגאטה פרפקטו 50,גרמים,500.00,100 גרם,false,,6.90,1.3800,true,1,18544
7290000069364,false,פריכונים מאורז מלא ל,,,פריכונים מאורז מלא ל,גרמים,140.00,100 גרם,false,,6.90,4.9286,true,1,18545
7290000069609,false,אסם חטיפי קרקר זעתר,,,אסם חטיפי קרקר זעתר,גרמים,300.00,100 גרם,false,,10.90,3.6333,true,1,18548
7290000069715,false,אסם חטיפי קרקר מלוח,,,אסם חטיפי קרקר מלוח,גרמים,300.00,100 גרם,false,,10.90,3.6333,true,1,18550
7290000070308,false,מרק עוף אמיתי אסם 40,,,מרק עוף אמיתי אסם 40,גרמים,400.00,100 גרם,false,,16.90,4.2250,true,1,18555
7290000070322,false,אבקת מרק פטריות רכיב,,,אבקת מרק פטריות רכיב,גרמים,400.00,100 גרם,false,,19.90,4.9750,true,1,18556
7290000070353,false,אבקת מרק בצל רכיבים,,,אבקת מרק בצל רכיבים,גרמים,400.00,100 גרם,false,,19.90,4.9750,true,1,18557
7290000070919,false,בייגלה אסם רשתות מלח,,,בייגלה אסם רשתות מלח,גרמים,400.00,100 גרם,false,,11.90,2.9750,true,1,18565
7290000071008,false,בייגלה אסם שטוחים מל,,,בייגלה אסם שטוחים מל,גרמים,60.00,100 גרם,false,,3.50,5.8333,true,1,18566
7290000072067,false,במבה במילוי קרם חלבה,,,במבה במילוי קרם חלבה,גרמים,60.00,100 גרם,false,,4.50,7.5000,true,1,18567
7290000072241,false,אסם רוטב פיצה 290מל,,,אסם רוטב פיצה 290מל,מיליליטרים,290.00,"100 מ""ל",false,,9.90,3.4138,true,1,18571
7290000072623,false,אסם קטשופ בקבוק לחיץ,,,אסם קטשופ בקבוק לחיץ,גרמים,750.00,100 גרם,false,,10.90,1.4533,true,1,18573
7290000072630,false,אסם קטשופ חריף 750 ג,,,אסם קטשופ חריף 750 ג,גרמים,750.00,100 גרם,false,,11.90,1.5867,true,1,18574
7290000072753,false,נס קפה טייסטרס צ'ויס,,,נס קפה טייסטרס צ'ויס,גרמים,200.00,100 גרם,false,,29.90,14.9500,true,1,18576
7290000072777,false,טייסטרס צוייס נטול ק,,,טייסטרס צוייס נטול ק,גרמים,200.00,100 גרם,false,,36.90,18.4500,true,1,18578
7290000072968,false,סיני מיניס דגני נסטל,,,סיני מיניס דגני נסטל,יחידה,500.00,יחידה,false,,24.90,0.0498,true,1,18584
7290000073125,false,מנה חמה פסטה עם עגבנ,,,מנה חמה פסטה עם עגבנ,גרמים,62.00,100 גרם,false,,5.90,9.5161,true,1,18585
7290000073415,false,מנה חמה פסטה ברוטב פ,,,מנה חמה פסטה ברוטב פ,גרמים,61.00,100 גרם,false,,5.90,9.6721,true,1,18586
7290000073699,false,צבר חומוס חלק 150ג,,,צבר חומוס חלק 150ג,גרמים,150.00,100 גרם,false,,5.50,3.6667,true,1,19641
7290000073750,false,מנה חמה נודלס בטעם ע,,,מנה חמה נודלס בטעם ע,גרמים,70.00,100 גרם,false,,5.90,8.4286,true,1,18588
7290000073767,false,מנה חמה נודלס בטעם ב,,,מנה חמה נודלס בטעם ב,גרמים,70.00,100 גרם,false,,5.90,8.4286,true,1,18589
7290000073774,false,מנה חמה נודלס בטעם פ,,,מנה חמה נודלס בטעם פ,גרמים,70.00,100 גרם,false,,5.90,8.4286,true,1,18590
7290000074153,false,אסם פתי בר שוקו 500ג,,,אסם פתי בר שוקו 500ג,גרמים,500.00,100 גרם,false,,13.90,2.7800,true,1,18594
7290000074184,false,אסם פתי בר 500גרם,,,אסם פתי בר 500גרם,גרמים,500.00,100 גרם,false,,10.90,2.1800,true,1,18596
7290000074245,false,אסם קרם קרקר 250גרם,,,אסם קרם קרקר 250גרם,גרמים,250.00,100 גרם,false,,8.90,3.5600,true,1,18597
7290000074252,false,אסם קרקר שומשום 250ג,,,אסם קרקר שומשום 250ג,גרמים,250.00,100 גרם,false,,9.90,3.9600,true,1,18598
7290000074276,false,טבעון קרקר פיקנטי 25,,,טבעון קרקר פיקנטי 25,גרמים,250.00,100 גרם,false,,9.90,3.9600,true,1,18599
7290000074375,false,אסם קרקר זהב 150גרם,,,אסם קרקר זהב 150גרם,גרמים,150.00,100 גרם,false,,7.50,5.0000,true,1,18602
7290000074481,false,לחמית אגוזים 160גרם,,,לחמית אגוזים 160גרם,גרמים,160.00,100 גרם,false,,9.90,6.1875,true,1,18604
7290000074696,false,אסם קרם קרקר 1קג,,,אסם קרם קרקר 1קג,קילוגרמים,1.00,"ק""ג",false,,22.90,22.9000,true,1,18606
7290000075204,false,לחמית חיטה מלאה 250ג,,,לחמית חיטה מלאה 250ג,גרמים,250.00,100 גרם,false,,8.90,3.5600,true,1,18614
7290000075693,false,עוגת שמרים בריוש שוק,,,עוגת שמרים בריוש שוק,גרמים,360.00,100 גרם,false,,15.90,4.4167,true,1,18615
7290000076126,false,אסם בייגלה שמיניות ק,,,אסם בייגלה שמיניות ק,גרמים,80.00,100 גרם,false,,3.50,4.3750,true,1,18616
7290000076133,false,בייגלה אסם שמיניות ק,,,בייגלה אסם שמיניות ק,גרמים,400.00,100 גרם,false,,9.90,2.4750,true,1,18617
7290000076208,false,ברי פקאן משולש גד במ,,,ברי פקאן משולש גד במ,קילוגרמים,1.00,"ק""ג",true,,137.00,137.0000,true,1,14609
7290000076645,false,טוסטעים חיטה מלאה אס,,,טוסטעים חיטה מלאה אס,גרמים,100.00,100 גרם,false,,9.90,9.9000,true,1,18619
7290000077253,false,לחמית כפרית 190גרם,,,לחמית כפרית 190גרם,גרמים,190.00,100 גרם,false,,9.90,5.2105,true,1,18622
7290000077925,false,טוסטעים עגול חיטה מל,,,טוסטעים עגול חיטה מל,גרמים,125.00,100 גרם,false,,9.90,7.9200,true,1,18624
7290000078212,false,קרוטונים מתובלים אסם,,,קרוטונים מתובלים אסם,גרמים,250.00,100 גרם,false,,13.90,5.5600,true,1,18625
7290000078762,false,חטיפי פריכונים אורז,,,חטיפי פריכונים אורז,גרמים,80.00,100 גרם,false,,7.90,9.8750,true,1,18627
7290000079233,false,אסם קרם קרקר דל נתרן,,,אסם קרם קרקר דל נתרן,גרמים,250.00,100 גרם,false,,9.90,3.9600,true,1,18628
7290000079344,false,גבינת מוצרלה נעם 22%,,,גבינת מוצרלה נעם 22%,קילוגרמים,1.00,"ק""ג",true,,80.00,80.0000,true,1,6288
7290000079412,false,אמנטל נעם מהדרין במש,,,אמנטל נעם מהדרין במש,קילוגרמים,1.00,"ק""ג",true,,58.00,58.0000,true,1,6289
7290000080758,false,טוסטעים פת קלוי אסם,,,טוסטעים פת קלוי אסם,גרמים,100.00,100 גרם,false,,9.90,9.9000,true,1,18630
7290000080765,false,טוסטעים פת קלויה עם,,,טוסטעים פת קלויה עם,גרמים,100.00,100 גרם,false,,9.90,9.9000,true,1,18631
7290000081663,false,בייגלה אסם טבעות שומ,,,בייגלה אסם טבעות שומ,גרמים,300.00,100 גרם,false,,9.90,3.3000,true,1,18633
7290000085066,false,בולגרית קוביות 5%גד,,,בולגרית קוביות 5%גד,קילוגרמים,1.00,"ק""ג",true,,60.00,60.0000,true,1,14611
7290000085159,false,פרורי ביסקוויט וניל,,,פרורי ביסקוויט וניל,גרמים,300.00,100 גרם,false,,5.90,1.9667,true,1,122659
7290000085180,false,גטניו - פתיבר וניל 4,,,גטניו - פתיבר וניל 4,גרמים,470.00,100 גרם,false,,9.90,2.1064,true,1,41229
7290000089045,false,הולנדי במשקל,,,הולנדי במשקל,קילוגרמים,1.00,"ק""ג",true,,41.90,41.9000,true,1,18246
7290000089199,false,חריפה במשקל,,,חריפה במשקל,קילוגרמים,1.00,"ק""ג",true,,41.90,41.9000,true,1,18248
7290000089272,false,איקרה שמיר מע.,,,איקרה שמיר מע.,קילוגרמים,1.00,"ק""ג",true,,49.00,49.0000,true,1,17638
7290000089274,false,נקניק מעושן מעדנייה,,,נקניק מעושן מעדנייה,קילוגרמים,1.00,"ק""ג",true,,41.90,41.9000,true,1,18250
7290000089364,false,מקרל מעושן פרוס בשמן,,,מקרל מעושן פרוס בשמן,קילוגרמים,1.00,"ק""ג",true,,129.00,129.0000,true,1,17640
7290000089380,false,צהובה שום שמיר במשקל,,,צהובה שום שמיר במשקל,קילוגרמים,1.00,"ק""ג",true,,41.90,41.9000,true,1,18254
7290000089388,false,מעדן הרינג בסגנון מט,,,מעדן הרינג בסגנון מט,קילוגרמים,1.00,"ק""ג",true,,70.00,70.0000,true,1,17642
7290000089395,false,הרינג כבוש עם בצל,,,הרינג כבוש עם בצל,קילוגרמים,1.00,"ק""ג",true,,70.00,70.0000,true,1,17643
7290000095408,false,נעם 28%  חריץ מעדניה,,,נעם 28%  חריץ מעדניה,קילוגרמים,1.00,"ק""ג",true,,44.79,44.7900,true,1,6293
7290000095415,false,נעם 9% חריץ מעדניה-,,,נעם 9% חריץ מעדניה-,קילוגרמים,1.00,"ק""ג",true,,71.00,71.0000,true,1,6294
7290000095422,false,גבינת נועם  22% חריץ,,,גבינת נועם  22% חריץ,קילוגרמים,1.00,"ק""ג",true,,42.58,42.5800,true,1,6295
7290000100018,false,גביניות,,,גביניות,קילוגרמים,1.00,"ק""ג",true,,42.00,42.0000,true,1,2494
7290000100128,false,סדרת פירות קפואים-תו,,,סדרת פירות קפואים-תו,גרמים,300.00,100 גרם,false,,12.90,4.3000,true,1,25437
7290000100156,false,נילס קוקיס חלבי,,,נילס קוקיס חלבי,קילוגרמים,1.00,"ק""ג",true,,52.00,52.0000,true,1,2498
7290000100300,false,לחם מחמצת טוסקני כפר,,,לחם מחמצת טוסקני כפר,גרמים,530.00,100 גרם,false,,16.90,3.1887,true,1,52706
7290000100593,false,פרוסות אנטיפסטי לתנו,,,פרוסות אנטיפסטי לתנו,גרמים,600.00,100 גרם,false,,19.90,3.3167,true,1,25453
7290000100615,false,5 יח'   חליות לחמניו,,,5 יח'   חליות לחמניו,יח',1.00,יח',false,,11.90,11.9000,true,1,2507
7290000101132,false,לקט קטניות לחמין 800,,,לקט קטניות לחמין 800,גרמים,800.00,100 גרם,false,,17.90,2.2375,true,1,25459
7290000101927,false,אוכמניות כחולות מוקפ,,,אוכמניות כחולות מוקפ,גרמים,300.00,100 גרם,false,,12.90,4.3000,true,1,25461
7290000101934,false,מיקס פירות יער 300 ג,,,מיקס פירות יער 300 ג,גרמים,300.00,100 גרם,false,,12.90,4.3000,true,1,25462
7290000101958,false,מנגו מוקפא 300 גרם,,,מנגו מוקפא 300 גרם,גרמים,300.00,100 גרם,false,,12.90,4.3000,true,1,25463
7290000103365,false,סנפרוסט מרק ירקות 50,,,סנפרוסט מרק ירקות 50,גרמים,500.00,100 גרם,false,,16.90,3.3800,true,1,25468
7290000103433,false,לקט ירקות לתנור 800,,,לקט ירקות לתנור 800,גרמים,800.00,100 גרם,false,,21.90,2.7375,true,1,25473
7290000103839,false,סנפרוסט מרק כתום קפו,,,סנפרוסט מרק כתום קפו,גרמים,572.00,100 גרם,false,,16.90,2.9545,true,1,25498
7290000103846,false,סנפרוסט מרק אפונה קפ,,,סנפרוסט מרק אפונה קפ,גרמים,570.00,100 גרם,false,,17.20,3.0175,true,1,25499
7290000103860,false,סנפרוסט מרק עדשים קפ,,,סנפרוסט מרק עדשים קפ,גרמים,572.00,100 גרם,false,,17.50,3.0594,true,1,25500
7290000103877,false,סנפרוסט מרק שעועית ק,,,סנפרוסט מרק שעועית ק,גרמים,644.00,100 גרם,false,,17.50,2.7174,true,1,25501
7290000104201,false,אפונה עדינה סנפרוסט,,,אפונה עדינה סנפרוסט,גרמים,600.00,100 גרם,false,,16.90,2.8167,true,1,25506
7290000104218,false,סנפרוסט במיה 600גר,,,סנפרוסט במיה 600גר,גרמים,600.00,100 גרם,false,,15.90,2.6500,true,1,25507
7290000104676,false,אפונת גינה סנפרוסט 8,,,אפונת גינה סנפרוסט 8,גרמים,800.00,100 גרם,false,,14.90,1.8625,true,1,25510
7290000104683,false,שעועית שלמה סנפרוסט,,,שעועית שלמה סנפרוסט,גרמים,800.00,100 גרם,false,,19.90,2.4875,true,1,25511
7290000104690,false,תירס גרעינים 800גר,,,תירס גרעינים 800גר,גרמים,800.00,100 גרם,false,,16.90,2.1125,true,1,25512
7290000104706,false,גזר גמדי 800 גרם,,,גזר גמדי 800 גרם,גרמים,800.00,100 גרם,false,,14.90,1.8625,true,1,25513
7290000104713,false,פול ירוק 800גר,,,פול ירוק 800גר,גרמים,800.00,100 גרם,false,,20.90,2.6125,true,1,25514
7290000104720,false,שעועית ירוקה חתוכה ס,,,שעועית ירוקה חתוכה ס,גרמים,800.00,100 גרם,false,,16.90,2.1125,true,1,25515
7290000104737,false,שעועית צהובה חתוכה ס,,,שעועית צהובה חתוכה ס,גרמים,800.00,100 גרם,false,,16.90,2.1125,true,1,25516
7290000104744,false,כרובית 800גר,,,כרובית 800גר,גרמים,800.00,100 גרם,false,,23.90,2.9875,true,1,25517
7290000104768,false,תרד עלים 800 גרם,,,תרד עלים 800 גרם,גרמים,800.00,100 גרם,false,,19.90,2.4875,true,1,25519
7290000104799,false,שעועית לבנה מבושלת 8,,,שעועית לבנה מבושלת 8,גרמים,800.00,100 גרם,false,,14.90,1.8625,true,1,25521
7290000104805,false,גרגירי חומוס קפוא 80,,,גרגירי חומוס קפוא 80,גרמים,800.00,100 גרם,false,,14.90,1.8625,true,1,25522
7290000104829,false,"קלחוני תירס 1 ק""ג",,,"קלחוני תירס 1 ק""ג",קילוגרמים,1.00,"ק""ג",false,,19.90,19.9000,true,1,25523
7290000104874,false,לקט קוסקוס 800גר,,,לקט קוסקוס 800גר,גרמים,800.00,100 גרם,false,,21.90,2.7375,true,1,25526
7290000104881,false,אפונה וגזר 800 גרם ס,,,אפונה וגזר 800 גרם ס,גרמים,800.00,100 גרם,false,,14.90,1.8625,true,1,25527
7290000104904,false,לקט ירקות מעורבים 80,,,לקט ירקות מעורבים 80,גרמים,800.00,100 גרם,false,,22.90,2.8625,true,1,25528
7290000104911,false,לקט נורמנדי 800גר,,,לקט נורמנדי 800גר,גרמים,800.00,100 גרם,false,,17.90,2.2375,true,1,25529
7290000105572,false,צלי כתף קפוא ארוז מח,,,צלי כתף קפוא ארוז מח,קילוגרמים,1.00,"ק""ג",true,,49.90,49.9000,true,1,46855
7290000107165,false,פולי סויה אדממה קפוא,,,פולי סויה אדממה קפוא,גרמים,400.00,100 גרם,false,,13.90,3.4750,true,1,25536
7290000107189,false,תחתיות ארטישוק 400גר,,,תחתיות ארטישוק 400גר,גרמים,400.00,100 גרם,false,,19.90,4.9750,true,1,25537
7290000107295,false,תפרחות ברוקולי 800ג,,,תפרחות ברוקולי 800ג,גרמים,800.00,100 גרם,false,,25.90,3.2375,true,1,25538
7290000110844,false,חטיף כיפלי גריל 70 ג,,,חטיף כיפלי גריל 70 ג,גרמים,70.00,100 גרם,false,,5.90,8.4286,true,1,10090
7290000111063,false,מיונז אמיתי 250 ג צנ,,,מיונז אמיתי 250 ג צנ,גרמים,250.00,100 גרם,false,,6.90,2.7600,true,1,10092
7290000111117,false,בדין מרכך כביסה לבן,,,בדין מרכך כביסה לבן,ליטרים,4.00,ליטר,false,,19.90,4.9750,true,1,10093
7290000111186,false,מיונז אמיתי תלמה 500,,,מיונז אמיתי תלמה 500,גרמים,500.00,100 גרם,false,,9.90,1.9800,true,1,10095
7290000111353,false,מיונז 1 קג,,,מיונז 1 קג,קילוגרמים,1.00,"ק""ג",false,,16.90,16.9000,true,1,10097
7290000111360,false,חרדל אמיתי 250 גרם מ,,,חרדל אמיתי 250 גרם מ,גרמים,250.00,100 גרם,false,,5.90,2.3600,true,1,10098
7290000111384,false,חרדל אמיתי תלמה 550,,,חרדל אמיתי תלמה 550,גרמים,550.00,100 גרם,false,,8.40,1.5273,true,1,10099
7290000112220,false,בארכה טחינה 100% שומ,,,בארכה טחינה 100% שומ,גרמים,500.00,100 גרם,false,,13.90,2.7800,true,1,18634
7290000112237,false,בארכה טחינה 100% שומ,,,בארכה טחינה 100% שומ,קילוגרמים,1.00,"ק""ג",false,,22.90,22.9000,true,1,18635
7290000112619,false,מרק עוף אמיתי לתיבול,,,מרק עוף אמיתי לתיבול,גרמים,400.00,100 גרם,false,,14.90,3.7250,true,1,10104
7290000116204,false,מרק דגש עוף קנור 1 ק,,,מרק דגש עוף קנור 1 ק,קילוגרמים,1.00,"ק""ג",false,,13.90,13.9000,true,1,10116
7290000116884,false,רוטב ברביקיו קנור 20,,,רוטב ברביקיו קנור 20,מיליליטרים,200.00,"100 מ""ל",false,,10.50,5.2500,true,1,10117
7290000116945,false,רוטב סויה קנור 300מל,,,רוטב סויה קנור 300מל,מיליליטרים,300.00,"100 מ""ל",false,,10.50,3.5000,true,1,10119
7290000117720,false,מרק נמס בכוס פטריות,,,מרק נמס בכוס פטריות,גרמים,43.00,100 גרם,false,,6.90,16.0465,true,1,10125
7290000120836,false,מיונז הלמנס 394 גרם,,,מיונז הלמנס 394 גרם,גרמים,394.00,100 גרם,false,,10.90,2.7665,true,1,10136
7290000120874,false,מיונז הלמנס לייט 424,,,מיונז הלמנס לייט 424,גרמים,424.00,100 גרם,false,,10.90,2.5708,true,1,10137
7290000121031,false,מון בלאן גבינת חתול,,,מון בלאן גבינת חתול,גרמים,120.00,100 גרם,false,,9.90,8.2500,true,1,16783
7290000121093,false,מון בלאן שויצרית 7%,,,מון בלאן שויצרית 7%,גרמים,120.00,100 גרם,false,,11.90,9.9167,true,1,16786
7290000121109,false,מון בלאן זיתים 7% 12,,,מון בלאן זיתים 7% 12,גרמים,120.00,100 גרם,false,,11.90,9.9167,true,1,16787
7290000121147,false,מון בלאן פיקנטי 7% 1,,,מון בלאן פיקנטי 7% 1,גרמים,120.00,100 גרם,false,,11.90,9.9167,true,1,16788
7290000121154,false,מון בלאן סלמון 7% 12,,,מון בלאן סלמון 7% 12,גרמים,120.00,100 גרם,false,,10.90,9.0833,true,1,16789
7290000121239,false,מיוקל 5% מופחת שומן,,,מיוקל 5% מופחת שומן,גרמים,500.00,100 גרם,false,,12.90,2.5800,true,1,10138
7290000122607,false,עמק לייט 9% חריץ כשר,,,עמק לייט 9% חריץ כשר,קילוגרמים,1.00,"ק""ג",true,,70.00,70.0000,true,1,25653
7290000129457,false,רוטב פטריות 28גר,,,רוטב פטריות 28גר,גרמים,28.00,100 גרם,false,,3.90,13.9286,true,1,10163
7290000133117,false,בולגרית מעודנת השומר,,,בולגרית מעודנת השומר,קילוגרמים,1.00,"ק""ג",true,,39.90,39.9000,true,1,14753
7290000133148,false,צפתית רכה5% שומרון מ,,,צפתית רכה5% שומרון מ,קילוגרמים,1.00,"ק""ג",true,,49.00,49.0000,true,1,14755
7290000133645,false,משחת שיניים אורביטול,,,משחת שיניים אורביטול,גרמים,435.00,100 גרם,false,,16.90,3.8851,true,1,29672
7290000134147,false,טעם וריח מוסקט טחון,,,טעם וריח מוסקט טחון,גרמים,40.00,100 גרם,false,,12.90,32.2500,true,1,42379
7290000134338,false,תבלין אבקת שום טעם ו,,,תבלין אבקת שום טעם ו,גרמים,90.00,100 גרם,false,,10.20,11.3333,true,1,42382
7290000134352,false,טעם וריח קימנון טחון,,,טעם וריח קימנון טחון,גרמים,80.00,100 גרם,false,,9.00,11.2500,true,1,42383
7290000134680,false,תבלין קמיל שלם טעם ו,,,תבלין קמיל שלם טעם ו,גרמים,40.00,100 גרם,false,,6.00,15.0000,true,1,42391
7290000134826,false,תבלין זעתר טעם וריח,,,תבלין זעתר טעם וריח,גרמים,100.00,100 גרם,false,,9.00,9.0000,true,1,42394
7290000134833,false,טעם וריח ת.כמון במיכ,,,טעם וריח ת.כמון במיכ,גרמים,100.00,100 גרם,false,,9.00,9.0000,true,1,42395
7290000134840,false,טעם וריח ת.כורכום במ,,,טעם וריח ת.כורכום במ,גרמים,100.00,100 גרם,false,,9.00,9.0000,true,1,42396
7290000134864,false,תבלין פפריקה חריפה ט,,,תבלין פפריקה חריפה ט,גרמים,100.00,100 גרם,false,,9.00,9.0000,true,1,42398
7290000134871,false,טעם וריח ת. פלפל שחו,,,טעם וריח ת. פלפל שחו,גרמים,100.00,100 גרם,false,,13.90,13.9000,true,1,42399
7290000134987,false,טעם וריח פלפל שחור ג,,,טעם וריח פלפל שחור ג,גרמים,90.00,100 גרם,false,,13.90,15.4444,true,1,42401
7290000135045,false,אקס אל TEN פחית תפוח,,,אקס אל TEN פחית תפוח,מיליליטרים,250.00,"100 מ""ל",false,,4.50,1.8000,true,1,9352
7290000135052,false,אקס אל TEN פחית מנגו,,,אקס אל TEN פחית מנגו,מיליליטרים,250.00,"100 מ""ל",false,,4.50,1.8000,true,1,9353
7290000135113,false,פחית XL TEN נענע ליי,,,פחית XL TEN נענע ליי,מיליליטרים,250.00,"100 מ""ל",false,,4.50,1.8000,true,1,9354
7290000135342,false,"סודה טמפו 500 מ""ל בק",,,"סודה טמפו 500 מ""ל בק",מיליליטרים,500.00,"100 מ""ל",false,,3.90,0.7800,true,1,134492
7290000135595,false,פפסי מקס בטעם דובדבן,,,פפסי מקס בטעם דובדבן,ליטרים,1.50,ליטר,false,,7.90,5.2667,true,1,118133
7290000135625,false,גולדסטאר פחיות 4*500,,,גולדסטאר פחיות 4*500,ליטרים,2.00,ליטר,false,,27.90,13.9500,true,1,131576
7290000136165,false,מירינדה 1.5 ליטר,,,מירינדה 1.5 ליטר,ליטרים,1.50,ליטר,false,,7.90,5.2667,true,1,167403
7290000136240,false,טמפו סודה 1.5 ליטר,,,טמפו סודה 1.5 ליטר,ליטרים,1.50,ליטר,false,,2.90,1.9333,true,1,167265
7290000136516,false,ג`אמפ פסיפלורה 1.5 ל,,,ג`אמפ פסיפלורה 1.5 ל,ליטרים,1.50,ליטר,false,,7.90,5.2667,true,1,167216
7290000136523,false,ג`אמפ ענבים 1.5 ליטר,,,ג`אמפ ענבים 1.5 ליטר,ליטרים,1.50,ליטר,false,,7.90,5.2667,true,1,167230
7290000136561,false,ג`אמפ תות בננה 1.5 ל,,,ג`אמפ תות בננה 1.5 ל,ליטרים,1.50,ליטר,false,,7.90,5.2667,true,1,167231
7290000136585,false,ג`אמפ תפוז 1.5 ליטר,,,ג`אמפ תפוז 1.5 ליטר,ליטרים,1.50,ליטר,false,,7.90,5.2667,true,1,167217
7290000136660,false,טמפו סודה 1.5 ליטר,,,טמפו סודה 1.5 ליטר,ליטרים,1.50,ליטר,false,,2.90,1.9333,true,1,167325
7290000136677,false,פפסי קולה 1.5 ליטר,,,פפסי קולה 1.5 ליטר,ליטרים,1.50,ליטר,false,,7.90,5.2667,true,1,167440
7290000136684,false,פפסי מקס 1.5 ליטר,,,פפסי מקס 1.5 ליטר,ליטרים,1.50,ליטר,false,,7.90,5.2667,true,1,167453
7290000136752,false,סבן אפ דיאט 6*1.5 לי,,,סבן אפ דיאט 6*1.5 לי,ליטרים,9.00,ליטר,false,,37.90,4.2111,true,1,167380
7290000136790,false,טמפו סודה 6*1.5 ליטר,,,טמפו סודה 6*1.5 ליטר,ליטרים,9.00,ליטר,false,,17.70,1.9667,true,1,167266
7290000136844,false,אקווה נובה 6*2 ליטר,,,אקווה נובה 6*2 ליטר,ליטרים,12.00,ליטר,false,,11.90,0.9917,true,1,167148
7290000136851,false,סבן אפ 1.5 ליטר,,,סבן אפ 1.5 ליטר,ליטרים,1.50,ליטר,false,,7.90,5.2667,true,1,167428
7290000136868,false,מים סאן בנדטו 6* 1.5,,,מים סאן בנדטו 6* 1.5,ליטרים,9.00,ליטר,false,,17.70,1.9667,true,1,167160
7290000136875,false,סאן בנדטו מים מינרלי,,,סאן בנדטו מים מינרלי,ליטרים,9.00,ליטר,false,,17.90,1.9889,true,1,167253
7290000136936,false,סבן אפ דיאט 1.5 ליטר,,,סבן אפ דיאט 1.5 ליטר,ליטרים,1.50,ליטר,false,,7.60,5.0667,true,1,167392
7290000137513,false,קרמיסימו גלידונית ש.,,,קרמיסימו גלידונית ש.,גרמים,700.00,100 גרם,false,,49.90,7.1286,true,1,4225
7290000137643,false,שלגוני טעמקור 8יח,,,שלגוני טעמקור 8יח,גרמים,416.00,100 גרם,false,,37.90,9.1106,true,1,4226
7290000139180,false,שלווה נטו חיטה תפוחה,,,שלווה נטו חיטה תפוחה,גרמים,140.00,100 גרם,false,,7.90,5.6429,true,1,1333
7290000139227,false,דגן לבן משפחתי אשבול,,,דגן לבן משפחתי אשבול,גרמים,150.00,100 גרם,false,,7.90,5.2667,true,1,1335
7290000143187,false,שמפו לגבר הוואי 700,,,שמפו לגבר הוואי 700,מיליליטרים,700.00,"100 מ""ל",false,,9.90,1.4143,true,1,8066
7290000143194,false,שמפו+מרכך הוואי 700,,,שמפו+מרכך הוואי 700,מיליליטרים,700.00,"100 מ""ל",false,,9.90,1.4143,true,1,8067
7290000143200,false,מרכך לשיער יבש הוואי,,,מרכך לשיער יבש הוואי,מיליליטרים,700.00,"100 מ""ל",false,,9.90,1.4143,true,1,8068
7290000143217,false,שמפו לשיער יבש הוואי,,,שמפו לשיער יבש הוואי,מיליליטרים,700.00,"100 מ""ל",false,,9.90,1.4143,true,1,8069
7290000143279,false,שמפו נגד קשקשים הווא,,,שמפו נגד קשקשים הווא,מיליליטרים,700.00,"100 מ""ל",false,,9.90,1.4143,true,1,8072
7290000143293,false,מרכך הוואי ילדים מתי,,,מרכך הוואי ילדים מתי,מיליליטרים,700.00,"100 מ""ל",false,,9.90,1.4143,true,1,8074
7290000144160,false,שמן זית כתית מעולה א,,,שמן זית כתית מעולה א,מיליליטרים,750.00,"100 מ""ל",false,,33.90,4.5200,true,1,29341
7290000144467,false,שמן חמניות בריאות מה,,,שמן חמניות בריאות מה,ליטרים,1.00,ליטר,false,,15.90,15.9000,true,1,29344
7290000144474,false,שמן קנולה בריאות עץ,,,שמן קנולה בריאות עץ,ליטרים,1.00,ליטר,false,,15.90,15.9000,true,1,29345
7290000146645,false,סבון מוצק שחור מסתור,,,סבון מוצק שחור מסתור,גרמים,400.00,100 גרם,false,,11.90,2.9750,true,1,8077
7290000146652,false,סבון מוצק ורוד הוואי,,,סבון מוצק ורוד הוואי,גרמים,400.00,100 גרם,false,,11.90,2.9750,true,1,8078
7290000146669,false,סבון מוצק שמיים כחול,,,סבון מוצק שמיים כחול,גרמים,400.00,100 גרם,false,,11.90,2.9750,true,1,8079
7290000146676,false,סבון מוצק לגבר הוואי,,,סבון מוצק לגבר הוואי,גרמים,400.00,100 גרם,false,,11.90,2.9750,true,1,8080
7290000146683,false,סבון מוצק אפקט דאודו,,,סבון מוצק אפקט דאודו,גרמים,400.00,100 גרם,false,,11.90,2.9750,true,1,8081
7290000146928,false,משחת שיניים טעם ענבי,,,משחת שיניים טעם ענבי,מיליליטרים,50.00,"100 מ""ל",false,,6.90,13.8000,true,1,8085
7290000146997,false,משחת שיניים טום וגרי,,,משחת שיניים טום וגרי,מיליליטרים,50.00,"100 מ""ל",false,,6.90,13.8000,true,1,8086
7290000148380,false,פיסטוק קלוי 200 גרם,,,פיסטוק קלוי 200 גרם,גרמים,200.00,100 גרם,false,,21.50,10.7500,true,1,12735
7290000148748,false,גרעיני חמניה 200 גרם,,,גרעיני חמניה 200 גרם,גרמים,200.00,100 גרם,false,,6.90,3.4500,true,1,12738
7290000148939,false,שקדים קלויים 200 גרם,,,שקדים קלויים 200 גרם,גרמים,200.00,100 גרם,false,,20.90,10.4500,true,1,12739
7290000149615,false,אלסבון מוצק לתינוק נ,,,אלסבון מוצק לתינוק נ,גרמים,400.00,100 גרם,false,,10.90,2.7250,true,1,29679
7290000149851,false,סינטבון כפול 460גר,,,סינטבון כפול 460גר,גרמים,460.00,100 גרם,false,,10.90,2.3696,true,1,29682
7290000149905,false,טקסטיל שמפו-1 ליטר נ,,,טקסטיל שמפו-1 ליטר נ,ליטרים,1.00,ליטר,false,,14.90,14.9000,true,1,29683
7290000149943,false,טקסטיל שמפו-שקית 1 ק,,,טקסטיל שמפו-שקית 1 ק,קילוגרמים,1.00,"ק""ג",false,,14.90,14.9000,true,1,29684
7290000150277,false,חזה הודו ברביקיו עוף,,,חזה הודו ברביקיו עוף,קילוגרמים,1.00,"ק""ג",true,,82.00,82.0000,true,1,19592
7290000150369,false,מכסיקנית עוףטוב,,,מכסיקנית עוףטוב,קילוגרמים,1.00,"ק""ג",true,,82.00,82.0000,true,1,19594
7290000150451,false,סלמי איטלקי עוף טוב,,,סלמי איטלקי עוף טוב,קילוגרמים,1.00,"ק""ג",true,,77.00,77.0000,true,1,19595
7290000150642,false,כתף בקר מעושן עוף טו,,,כתף בקר מעושן עוף טו,קילוגרמים,1.00,"ק""ג",true,,97.00,97.0000,true,1,19598
7290000150956,false,עוף טוב מקלוני קבנוס,,,עוף טוב מקלוני קבנוס,גרמים,160.00,100 גרם,false,,11.90,7.4375,true,1,19651
7290000152288,false,עוף טוב נקניקיות עוף,,,עוף טוב נקניקיות עוף,גרמים,400.00,100 גרם,false,,14.90,3.7250,true,1,19665
7290000152608,false,תה עוף טוב,,,תה עוף טוב,קילוגרמים,1.00,"ק""ג",true,,47.00,47.0000,true,1,19608
7290000152943,false,עוף טוב סלמי פסטרמה,,,עוף טוב סלמי פסטרמה,גרמים,700.00,100 גרם,false,,21.90,3.1286,true,1,19668
7290000153469,false,עוף טוב קציצות עוף ק,,,עוף טוב קציצות עוף ק,גרמים,600.00,100 גרם,false,,29.90,4.9833,true,1,19673
7290000158105,false,עוף טוב שניצל עוף מי,,,עוף טוב שניצל עוף מי,גרמים,700.00,100 גרם,false,,24.90,3.5571,true,1,19687
7290000161358,false,מיונז אמיתי משמן קנו,,,מיונז אמיתי משמן קנו,גרמים,500.00,100 גרם,false,,13.90,2.7800,true,1,10181
7290000168173,false,ברנפלקס קרנצים תלמה,,,ברנפלקס קרנצים תלמה,גרמים,375.00,100 גרם,false,,20.90,5.5733,true,1,10251
7290000169538,false,נמס בכוס עגבניות וקר,,,נמס בכוס עגבניות וקר,גרמים,62.00,100 גרם,false,,6.90,11.1290,true,1,10271
7290000169798,false,עוגי מופחת סוכר 20%,,,עוגי מופחת סוכר 20%,גרמים,500.00,100 גרם,false,,19.90,3.9800,true,1,10275
7290000174723,false,שוקולית 500 גרם,,,שוקולית 500 גרם,גרמים,500.00,100 גרם,false,,11.90,2.3800,true,1,22174
7290000175760,false,מנציגו  כבשים ויליפו,,,מנציגו  כבשים ויליפו,קילוגרמים,1.00,"ק""ג",true,,96.00,96.0000,true,1,2765
7290000175906,false,גאודה עיזים ויליפוד,,,גאודה עיזים ויליפוד,קילוגרמים,1.00,"ק""ג",true,,109.00,109.0000,true,1,2767
7290000176079,false,טורקי עלית קפה עם הל,,,טורקי עלית קפה עם הל,גרמים,100.00,100 גרם,false,,8.90,8.9000,true,1,22177
7290000176116,false,טורקי עלית 1קג,,,טורקי עלית 1קג,קילוגרמים,1.00,"ק""ג",false,,77.90,77.9000,true,1,22179
7290000176413,false,עלית נמס 50 גר',,,עלית נמס 50 גר',גרמים,50.00,100 גרם,false,,8.90,17.8000,true,1,22182
7290000176420,false,קפה נמס עלית פחית 20,,,קפה נמס עלית פחית 20,גרמים,200.00,100 גרם,false,,19.90,9.9500,true,1,22183
7290000176468,false,האג קפה נטול קפאין 5,,,האג קפה נטול קפאין 5,גרמים,50.00,100 גרם,false,,10.90,21.8000,true,1,22184
7290000178707,false,תפוציפס טבעי 50 גרם,,,תפוציפס טבעי 50 גרם,גרמים,50.00,100 גרם,false,,3.90,7.8000,true,1,24154
7290000178721,false,תפוציפס טבעי 200 גרם,,,תפוציפס טבעי 200 גרם,גרמים,200.00,100 גרם,false,,9.90,4.9500,true,1,24156
7290000185224,false,סילאן בקבוק לחיץ תמר,,,סילאן בקבוק לחיץ תמר,גרמים,650.00,100 גרם,false,,13.90,2.1385,true,1,46640
7290000185590,false,סילאן 100% תמרים טבע,,,סילאן 100% תמרים טבע,גרמים,635.00,100 גרם,false,,19.90,3.1339,true,1,262702
7290000186931,false,ניקול כריות קרצוף חת,,,ניקול כריות קרצוף חת,יחידה,0.00,יחידה,false,,10.90,0.0000,true,1,8839
7290000187860,false,לילי נייר טואלט לח ד,,,לילי נייר טואלט לח ד,יחידה,0.00,יחידה,false,,7.90,0.0000,true,1,8847
7290000187938,false,"נייר טואלט ""לילי"" פס",,,"נייר טואלט ""לילי"" פס",מטרים,588.00,מטר,false,,39.90,0.0679,true,1,8851
7290000187952,false,נייר טאולט לילי טריו,,,נייר טאולט לילי טריו,מטרים,537.00,מטר,false,,41.90,0.0780,true,1,8852
7290000188270,false,קליניקס ממחטות אף או,,,קליניקס ממחטות אף או,יחידה,0.00,יחידה,false,,15.90,0.0000,true,1,8857
7290000188355,false,מגבות מטבח ניקול לבנ,,,מגבות מטבח ניקול לבנ,מטרים,64.80,מטר,false,,12.90,0.1991,true,1,8858
7290000188553,false,מגן תחתון סילק נורמל,,,מגן תחתון סילק נורמל,יחידה,0.00,יחידה,false,,16.90,0.0000,true,1,8863
7290000188591,false,מגן תחתון סילק יאנג,,,מגן תחתון סילק יאנג,יחידה,0.00,יחידה,false,,16.90,0.0000,true,1,8865
7290000189260,false,ניקול תבניות מלבניות,,,ניקול תבניות מלבניות,יחידה,0.00,יחידה,false,,9.90,0.0000,true,1,8877
7290000189499,false,ניקול תבנית אפייה מק,,,ניקול תבנית אפייה מק,יחידה,0.00,יחידה,false,,9.90,0.0000,true,1,8882
7290000189505,false,ניקול תבנית אפייה מק,,,ניקול תבנית אפייה מק,יחידה,0.00,יחידה,false,,9.90,0.0000,true,1,8883
7290000189550,false,אשפתון זוג ענק 20,,,אשפתון זוג ענק 20,יחידה,0.00,יחידה,false,,23.90,0.0000,true,1,8885
7290000189659,false,ניקול מטליות לחות לר,,,ניקול מטליות לחות לר,יחידה,0.00,יחידה,false,,10.90,0.0000,true,1,8888
7290000189734,false,ניקול מטליות לחות לפ,,,ניקול מטליות לחות לפ,יחידה,0.00,יחידה,false,,11.90,0.0000,true,1,8892
7290000189871,false,אשפתון 55 שקיות,,,אשפתון 55 שקיות,יחידה,0.00,יחידה,false,,17.90,0.0000,true,1,8895
7290000190068,false,מפיות לבן ניקול 100,,,מפיות לבן ניקול 100,יחידה,0.00,יחידה,false,,6.90,0.0000,true,1,8897
7290000190150,false,מפיות תלת שכבתיות ני,,,מפיות תלת שכבתיות ני,יחידה,0.00,יחידה,false,,7.90,0.0000,true,1,8898
7290000191225,false,האגיס רך נולד מידה 2,,,האגיס רך נולד מידה 2,יחידה,0.00,יחידה,false,,29.90,0.0000,true,1,8913
7290000191539,false,לילי צבעוני חמישיה-9,,,לילי צבעוני חמישיה-9,יחידה,0.00,יחידה,false,,12.90,0.0000,true,1,8916
7290000191645,false,האגיס רך נולד NB יח',,,האגיס רך נולד NB יח',יחידה,0.00,יחידה,false,,29.90,0.0000,true,1,8920
7290000191652,false,קלינקס קלאסיק ניילון,,,קלינקס קלאסיק ניילון,יחידה,0.00,יחידה,false,,10.90,0.0000,true,1,8921
7290000192581,false,מגבת כפולה ניקול 6=1,,,מגבת כפולה ניקול 6=1,מטרים,129.70,מטר,false,,19.90,0.1534,true,1,8926
7290000193014,false,מגן תחתון אינטרלוד ל,,,מגן תחתון אינטרלוד ל,יחידה,0.00,יחידה,false,,9.90,0.0000,true,1,8927
7290000193083,false,תחבושות נובה לי לילי,,,תחבושות נובה לי לילי,יחידה,0.00,יחידה,false,,9.90,0.0000,true,1,8929
7290000193205,false,תחבושות אולטרה לילה,,,תחבושות אולטרה לילה,יחידה,0.00,יחידה,false,,15.90,0.0000,true,1,8932
7290000193472,false,מגן תחתון נטורל נורמ,,,מגן תחתון נטורל נורמ,יחידה,0.00,יחידה,false,,15.90,0.0000,true,1,8934
7290000193540,false,מגן תחתון נטורל לונג,,,מגן תחתון נטורל לונג,יחידה,0.00,יחידה,false,,15.90,0.0000,true,1,8936
7290000193656,false,תחבושות נטורל אולטרה,,,תחבושות נטורל אולטרה,יחידה,0.00,יחידה,false,,15.90,0.0000,true,1,8939
7290000194185,false,עוף מספר 2 קפוא חלק,,,עוף מספר 2 קפוא חלק,קילוגרמים,1.00,"ק""ג",true,,27.90,27.9000,true,1,46866
7290000194208,false,כרעיים עוף חלק רב מח,,,כרעיים עוף חלק רב מח,קילוגרמים,1.00,"ק""ג",true,,33.90,33.9000,true,1,46867
7290000194239,false,מחפוד-חזה עוף קפוא מ,,,מחפוד-חזה עוף קפוא מ,קילוגרמים,1.00,"ק""ג",true,,33.90,33.9000,true,1,46868
7290000194253,false,כנפיים עוף קפוא ארוז,,,כנפיים עוף קפוא ארוז,קילוגרמים,1.00,"ק""ג",true,,13.90,13.9000,true,1,51491
7290000194260,false,מחפוד-שוקיים עוף קפו,,,מחפוד-שוקיים עוף קפו,קילוגרמים,1.00,"ק""ג",true,,35.90,35.9000,true,1,46869
7290000194288,false,האגיס משטחי החתלה,,,האגיס משטחי החתלה,יחידה,0.00,יחידה,false,,19.90,0.0000,true,1,8950
7290000194345,false,שניצל עוף ארוז מחפוד,,,שניצל עוף ארוז מחפוד,קילוגרמים,1.00,"ק""ג",true,,34.90,34.9000,true,1,46874
7290000194837,false,ניקול שקיות מזון עם,,,ניקול שקיות מזון עם,יחידה,0.00,יחידה,false,,11.90,0.0000,true,1,8951
7290000195216,false,ניקול נייר אפייה בשק,,,ניקול נייר אפייה בשק,יחידה,0.00,יחידה,false,,9.90,0.0000,true,1,8958
7290000195537,false,מגבוני האגיס דיילי ק,,,מגבוני האגיס דיילי ק,יחידה,0.00,יחידה,false,,18.90,0.0000,true,1,8964
7290000195773,false,מגבוני האגיס סנסטיב,,,מגבוני האגיס סנסטיב,יחידה,0.00,יחידה,false,,18.90,0.0000,true,1,8968
7290000196039,false,ניקול מפות שולחן זוג,,,ניקול מפות שולחן זוג,יחידה,0.00,יחידה,false,,10.90,0.0000,true,1,8970
7290000196763,false,ניקול השקית החזקה,,,ניקול השקית החזקה,יחידה,0.00,יחידה,false,,21.90,0.0000,true,1,8974
7290000197029,false,ניקול שקיות ניילון ר,,,ניקול שקיות ניילון ר,יחידה,0.00,יחידה,false,,13.40,0.0000,true,1,8978
7290000197326,false,ניקול רדיד אלומיניום,,,ניקול רדיד אלומיניום,מטרים,15.00,מטר,false,,10.90,0.7267,true,1,8988
7290000197425,false,האגיס פרידום דריי של,,,האגיס פרידום דריי של,יחידה,0.00,יחידה,false,,42.90,0.0000,true,1,8992
7290000197432,false,ניקול שקיות אוכל זוג,,,ניקול שקיות אוכל זוג,יחידה,0.00,יחידה,false,,12.90,0.0000,true,1,8993
7290000197456,false,האגיס פרידום דריי של,,,האגיס פרידום דריי של,יחידה,0.00,יחידה,false,,42.90,0.0000,true,1,8994
7290000197463,false,האגיס פרידום דריי של,,,האגיס פרידום דריי של,יחידה,0.00,יחידה,false,,42.90,0.0000,true,1,8995
7290000197548,false,האגיס פרידום דריי של,,,האגיס פרידום דריי של,יחידה,0.00,יחידה,false,,42.90,0.0000,true,1,8999
7290000197678,false,האגיס פרידום דריי  ש,,,האגיס פרידום דריי  ש,יחידה,0.00,יחידה,false,,42.90,0.0000,true,1,9001
7290000197753,false,ניקול ניילונית זוג,,,ניקול ניילונית זוג,מטרים,60.00,מטר,false,,10.90,0.1817,true,1,9003
7290000197876,false,ניקול תבנית אלומיניו,,,ניקול תבנית אלומיניו,יחידה,0.00,יחידה,false,,8.90,0.0000,true,1,9005
7290000197883,false,ניקול תבניות אלומיני,,,ניקול תבניות אלומיני,יחידה,0.00,יחידה,false,,8.90,0.0000,true,1,9006
7290000197951,false,ניקול תבנית אלומיניו,,,ניקול תבנית אלומיניו,יחידה,0.00,יחידה,false,,8.90,0.0000,true,1,9007
7290000197982,false,ניקול רדיד אלומיניום,,,ניקול רדיד אלומיניום,מטרים,15.00,מטר,false,,21.90,1.4600,true,1,9008
7290000197999,false,ניקול רדיד אלומיניום,,,ניקול רדיד אלומיניום,מטרים,15.00,מטר,false,,15.90,1.0600,true,1,9009
7290000198031,false,פסטרמה פרגיות ללחמני,,,פסטרמה פרגיות ללחמני,קילוגרמים,1.00,"ק""ג",true,,80.00,80.0000,true,1,97476
7290000198109,false,צלעות אסאדו מעושנות,,,צלעות אסאדו מעושנות,קילוגרמים,1.00,"ק""ג",true,,139.90,139.9000,true,1,206363
7290000199313,false,תחבושות קוטקס יאנג 2,,,תחבושות קוטקס יאנג 2,יחידה,0.00,יחידה,false,,17.90,0.0000,true,1,9011
7290000201832,false,טיטולים פרימיום שלב,,,טיטולים פרימיום שלב,יחידה,0.00,יחידה,false,,30.90,0.0000,true,1,9019
7290000201856,false,טיטולים פרימיום שלב,,,טיטולים פרימיום שלב,יחידה,0.00,יחידה,false,,30.90,0.0000,true,1,9021
7290000201870,false,טיטולים פרימיום שלב,,,טיטולים פרימיום שלב,יחידה,0.00,יחידה,false,,30.90,0.0000,true,1,9023
7290000204147,false,כריות יפניות 2 ב 1 ר,,,כריות יפניות 2 ב 1 ר,יחידה,0.00,יחידה,false,,10.90,0.0000,true,1,9041
7290000204215,false,ניקול כריות יפניות 6,,,ניקול כריות יפניות 6,יחידה,0.00,יחידה,false,,10.90,0.0000,true,1,9042
7290000204253,false,מטלית רב שימושית תשע,,,מטלית רב שימושית תשע,יחידה,0.00,יחידה,false,,9.90,0.0000,true,1,9044
7290000204512,false,מטליות לחות לרצפה בר,,,מטליות לחות לרצפה בר,יחידה,0.00,יחידה,false,,10.90,0.0000,true,1,9046
7290000205762,false,האגיס אקסטרה קייר מי,,,האגיס אקסטרה קייר מי,יחידה,0.00,יחידה,false,,48.90,0.0000,true,1,9048
7290000207063,false,רוטב עגבניות פריכוז,,,רוטב עגבניות פריכוז,גרמים,240.00,100 גרם,false,,3.90,1.6250,true,1,8616
7290000207162,false,רוטב עגבניות 100 גרם,,,רוטב עגבניות 100 גרם,גרמים,100.00,100 גרם,false,,2.20,2.2000,true,1,8619
7290000208022,false,עגבניות מרוסקות יכין,,,עגבניות מרוסקות יכין,גרמים,800.00,100 גרם,false,,9.90,1.2375,true,1,8623
7290000208077,false,אפונת גינה גדולה L י,,,אפונת גינה גדולה L י,גרמים,335.00,100 גרם,false,,8.90,2.6567,true,1,8625
7290000208114,false,אפונת גינה וגזר יכין,,,אפונת גינה וגזר יכין,גרמים,330.00,100 גרם,false,,8.90,2.6970,true,1,8628
7290000208138,false,סירופ דייאט ענבים יכ,,,סירופ דייאט ענבים יכ,ליטרים,1.00,ליטר,false,,16.90,16.9000,true,1,8630
7290000208213,false,שעועית לבנה ברוטב עג,,,שעועית לבנה ברוטב עג,גרמים,355.00,100 גרם,false,,8.90,2.5070,true,1,8633
7290000208220,false,שעועית צילי חריף יכי,,,שעועית צילי חריף יכי,גרמים,355.00,100 גרם,false,,9.90,2.7887,true,1,8634
7290000208312,false,גרעיני תירס מתוק יכי,,,גרעיני תירס מתוק יכי,גרמים,400.00,100 גרם,false,,6.90,1.7250,true,1,8638
7290000208329,false,גרעיני תירס מתוק יכי,,,גרעיני תירס מתוק יכי,גרמים,335.00,100 גרם,false,,8.90,2.6567,true,1,8639
7290000208336,false,רוטב עגבניות יכין 24,,,רוטב עגבניות יכין 24,גרמים,240.00,100 גרם,false,,4.50,1.8750,true,1,8640
7290000208343,false,עגבניות מרוסקות שום,,,עגבניות מרוסקות שום,גרמים,800.00,100 גרם,false,,9.90,1.2375,true,1,8641
7290000208350,false,עגבניות מרוסקות עם ב,,,עגבניות מרוסקות עם ב,גרמים,800.00,100 גרם,false,,9.90,1.2375,true,1,8642
7290000208367,false,עגבניות מרוסקות בזיל,,,עגבניות מרוסקות בזיל,גרמים,800.00,100 גרם,false,,9.90,1.2375,true,1,8643
7290000208404,false,פול מצרי יכין 550 גר,,,פול מצרי יכין 550 גר,גרמים,350.00,100 גרם,false,,8.90,2.5429,true,1,8644
7290000208428,false,חומוס שלם יכין 550 ג,,,חומוס שלם יכין 550 ג,גרמים,290.00,100 גרם,false,,8.90,3.0690,true,1,8645
7290000208855,false,רוטב לפסטה קלאסי יכי,,,רוטב לפסטה קלאסי יכי,גרמים,260.00,100 גרם,false,,5.50,2.1154,true,1,8653
7290000208893,false,תירס לייט יכין 400 ג,,,תירס לייט יכין 400 ג,גרמים,400.00,100 גרם,false,,6.90,1.7250,true,1,8654
7290000208930,false,עגבניות מרוסקות עם ש,,,עגבניות מרוסקות עם ש,גרמים,260.00,100 גרם,false,,5.50,2.1154,true,1,8655
7290000208978,false,רוטב עגבניות פריכוז,,,רוטב עגבניות פריכוז,גרמים,100.00,100 גרם,false,,2.90,2.9000,true,1,8657
7290000209012,false,חומץ הדרים 5% יכין 1,,,חומץ הדרים 5% יכין 1,ליטרים,1.00,ליטר,false,,5.90,5.9000,true,1,8659
7290000209043,false,מיץ לימון משומר יכין,,,מיץ לימון משומר יכין,ליטרים,1.00,ליטר,false,,4.90,4.9000,true,1,8660
7290000209371,false,תירס שלישיה יכין 3*1,,,תירס שלישיה יכין 3*1,גרמים,495.00,100 גרם,false,,14.90,3.0101,true,1,8669
7290000209388,false,תירס לייט שלישיה יכי,,,תירס לייט שלישיה יכי,גרמים,420.00,100 גרם,false,,14.90,3.5476,true,1,8670
7290000209517,false,סירופ דייאט לימון יכ,,,סירופ דייאט לימון יכ,ליטרים,1.00,ליטר,false,,16.90,16.9000,true,1,8672
7290000209524,false,סירופ דייאט פטל יכין,,,סירופ דייאט פטל יכין,ליטרים,1.00,ליטר,false,,16.90,16.9000,true,1,8673
7290000209579,false,סירופ דייאט אננס יכי,,,סירופ דייאט אננס יכי,ליטרים,1.00,ליטר,false,,16.90,16.9000,true,1,8677
7290000209722,false,רוטב עגבניות מרוכז מ,,,רוטב עגבניות מרוכז מ,גרמים,580.00,100 גרם,false,,9.90,1.7069,true,1,8681
7290000209944,false,רוטב לעגבניות לשקשוק,,,רוטב לעגבניות לשקשוק,גרמים,260.00,100 גרם,false,,5.50,2.1154,true,1,8684
7290000209951,false,רוטב עגבניות לפיצה י,,,רוטב עגבניות לפיצה י,מיליליטרים,260.00,"100 מ""ל",false,,5.50,2.1154,true,1,8685
7290000210469,false,עגבניות שלמות יכין 8,,,עגבניות שלמות יכין 8,גרמים,800.00,100 גרם,false,,9.90,1.2375,true,1,8687
7290000211169,false,אורז תאילנדי 1 ק'ג,,,אורז תאילנדי 1 ק'ג,קילוגרמים,1.00,"ק""ג",false,,6.90,6.9000,true,1,17303
7290000211312,false,אורז מלא אחד אחד 1קג,,,אורז מלא אחד אחד 1קג,קילוגרמים,1.00,"ק""ג",false,,7.90,7.9000,true,1,17304
7290000211442,false,סוגת אורז פרסי קלאסי,,,סוגת אורז פרסי קלאסי,קילוגרמים,1.00,"ק""ג",false,,10.90,10.9000,true,1,17307
7290000211503,false,"סוכר סוגת לבן 1 ק""ג",,,"סוכר סוגת לבן 1 ק""ג",קילוגרמים,1.00,"ק""ג",false,,4.50,4.5000,true,1,17308
7290000211626,false,"אורז חיש 1 ק""ג",,,"אורז חיש 1 ק""ג",קילוגרמים,1.00,"ק""ג",false,,9.90,9.9000,true,1,17309
7290000211985,false,סוגת אורז עגול 1קג,,,סוגת אורז עגול 1קג,קילוגרמים,1.00,"ק""ג",false,,9.90,9.9000,true,1,17311
7290000226514,false,עוגת היום- דובוש ריב,,,עוגת היום- דובוש ריב,גרמים,450.00,100 גרם,false,,40.90,9.0889,true,1,39933
7290000226552,false,עוגת טורט ריבת חלב ע,,,עוגת טורט ריבת חלב ע,קילוגרמים,1.00,"ק""ג",false,,65.90,65.9000,true,1,39936
7290000226569,false,עוגת טורט קצפת שוקול,,,עוגת טורט קצפת שוקול,קילוגרמים,1.00,"ק""ג",false,,65.90,65.9000,true,1,39937
7290000226576,false,עוגת טורט מצופה שוקו,,,עוגת טורט מצופה שוקו,קילוגרמים,1.00,"ק""ג",false,,65.90,65.9000,true,1,39938
7290000238029,false,"בצק עלים 1ק""ג",,,"בצק עלים 1ק""ג",קילוגרמים,1.00,"ק""ג",false,,17.90,17.9000,true,1,35615
7290000238036,false,מעדנות מלווח 700גר,,,מעדנות מלווח 700גר,גרמים,700.00,100 גרם,false,,15.90,2.2714,true,1,35616
7290000238173,false,בורקס גבינה מעדנות 8,,,בורקס גבינה מעדנות 8,גרמים,800.00,100 גרם,false,,19.90,2.4875,true,1,35617
7290000238180,false,"בורקס תפו""א 800גר",,,"בורקס תפו""א 800גר",גרמים,800.00,100 גרם,false,,14.90,1.8625,true,1,35618
7290000243566,false,שמן קנולה בריאות עץ,,,שמן קנולה בריאות עץ,מיליליטרים,750.00,"100 מ""ל",false,,11.90,1.5867,true,1,29351
7290000244051,false,סבון נוזלי טרופי הוו,,,סבון נוזלי טרופי הוו,ליטרים,1.50,ליטר,false,,14.90,9.9333,true,1,8087
7290000244082,false,סבון נוזלי כחול עמוק,,,סבון נוזלי כחול עמוק,ליטרים,1.50,ליטר,false,,14.90,9.9333,true,1,8088
7290000244143,false,קרם לאחר גילוח הוואי,,,קרם לאחר גילוח הוואי,גרמים,120.00,100 גרם,false,,17.90,14.9167,true,1,8091
7290000244761,false,"קרם ולוטה 80 מ""ל",,,"קרם ולוטה 80 מ""ל",מיליליטרים,100.00,"100 מ""ל",false,,6.90,6.9000,true,1,8092
7290000245478,false,סוד א.כ בייבי 1.25קג,,,סוד א.כ בייבי 1.25קג,קילוגרמים,1.25,"ק""ג",false,,12.90,10.3200,true,1,34890
7290000245782,false,מרכך כביסה סוד ורוד,,,מרכך כביסה סוד ורוד,ליטרים,4.00,ליטר,false,,16.90,4.2250,true,1,34897
7290000245799,false,מרכך כביסה סוד כחול,,,מרכך כביסה סוד כחול,ליטרים,4.00,ליטר,false,,16.90,4.2250,true,1,34898
7290000253220,false,שוקולד צ'יפס אופנהיי,,,שוקולד צ'יפס אופנהיי,גרמים,260.00,100 גרם,false,,10.90,4.1923,true,1,24588
7290000253251,false,שוקולד צ'יפס לבן אופ,,,שוקולד צ'יפס לבן אופ,גרמים,250.00,100 גרם,false,,10.90,4.3600,true,1,24589
7290000254197,false,עלית אספרסטו זהב 200,,,עלית אספרסטו זהב 200,גרמים,200.00,100 גרם,false,,22.90,11.4500,true,1,22197
7290000256197,false,גאודה עיזים הולנדית,,,גאודה עיזים הולנדית,קילוגרמים,1.00,"ק""ג",true,,99.00,99.0000,true,1,62231
7290000262031,false,נייר טואלט מולט לב 3,,,נייר טואלט מולט לב 3,מטרים,563.00,מטר,false,,30.90,0.0549,true,1,9050
7290000262413,false,האגיס אקסטרה קייר מי,,,האגיס אקסטרה קייר מי,יחידה,0.00,יחידה,false,,48.90,0.0000,true,1,9056
7290000272467,false,סירופ דיאט פטל עסיס,,,סירופ דיאט פטל עסיס,ליטרים,1.00,ליטר,false,,16.90,16.9000,true,1,18640
7290000272696,false,מיץ לימון משומר עסיס,,,מיץ לימון משומר עסיס,ליטרים,1.00,ליטר,false,,9.50,9.5000,true,1,18641
7290000272726,false,חומץ טבעי 5% עסיס 1,,,חומץ טבעי 5% עסיס 1,ליטרים,1.00,ליטר,false,,5.90,5.9000,true,1,18642
7290000286228,false,סנו סושי שישיות כריו,,,סנו סושי שישיות כריו,יחידה,0.00,יחידה,false,,11.90,0.0000,true,1,29687
7290000286297,false,סנו מסיר אבן מקומקום,,,סנו מסיר אבן מקומקום,מיליליטרים,700.00,"100 מ""ל",false,,10.90,1.5571,true,1,29688
7290000286525,false,ספוג פרינה כיף,,,ספוג פרינה כיף,יחידה,0.00,יחידה,false,,9.90,0.0000,true,1,29695
7290000286549,false,סנו סושי מטליות לכל,,,סנו סושי מטליות לכל,יחידה,0.00,יחידה,false,,11.90,0.0000,true,1,29696
7290000286761,false,סנו סושי פלסטיק נצמד,,,סנו סושי פלסטיק נצמד,מטרים,60.00,מטר,false,,11.90,0.1983,true,1,29700
7290000286945,false,"סנו רהיט נוזל 500 מ""",,,"סנו רהיט נוזל 500 מ""",מיליליטרים,500.00,"100 מ""ל",false,,24.90,4.9800,true,1,29706
7290000287102,false,סנו שמפו שטיחים אירו,,,סנו שמפו שטיחים אירו,מיליליטרים,600.00,"100 מ""ל",false,,21.90,3.6500,true,1,29708
7290000287195,false,סנו רהיט ספריי עשיר,,,סנו רהיט ספריי עשיר,מיליליטרים,305.00,"100 מ""ל",false,,14.90,4.8852,true,1,29709
7290000287355,false,סנו סופר פוליש 1ליטר,,,סנו סופר פוליש 1ליטר,ליטרים,1.00,ליטר,false,,22.90,22.9000,true,1,29710
7290000287409,false,סנובון שלישיה תות 3*,,,סנובון שלישיה תות 3*,גרמים,165.00,100 גרם,false,,11.90,7.2121,true,1,29712
7290000287430,false,סנובון שלישיה צבעוני,,,סנובון שלישיה צבעוני,גרמים,165.00,100 גרם,false,,11.90,7.2121,true,1,29713
7290000287492,false,סנובון נוזלי בניחוח,,,סנובון נוזלי בניחוח,מיליליטרים,750.00,"100 מ""ל",false,,9.90,1.3200,true,1,29715
7290000287621,false,סנו אנטי קאלק W.C מנ,,,סנו אנטי קאלק W.C מנ,מיליליטרים,750.00,"100 מ""ל",false,,11.90,1.5867,true,1,29718
7290000288024,false,סנו ז'אוול בריח לימו,,,סנו ז'אוול בריח לימו,ליטרים,4.00,ליטר,false,,16.90,4.2250,true,1,29723
7290000288048,false,סנו ג'אוול מרסס אילנ,,,סנו ג'אוול מרסס אילנ,ליטרים,1.00,ליטר,false,,17.90,17.9000,true,1,29725
7290000288079,false,סנו זאוול בריח לימון,,,סנו זאוול בריח לימון,ליטרים,2.00,ליטר,false,,11.90,5.9500,true,1,29726
7290000288291,false,סנומט 30 טבליות,,,סנומט 30 טבליות,יחידה,0.00,יחידה,false,,12.80,0.0000,true,1,29730
7290000288352,false,K - 300,,,K - 300,מיליליטרים,630.00,"100 מ""ל",false,,20.90,3.3175,true,1,29732
7290000288840,false,מים מזוקקים 2 ליטר,,,מים מזוקקים 2 ליטר,ליטרים,2.00,ליטר,false,,12.90,6.4500,true,1,29742
7290000289069,false,סנו ג'אוול מרסס לימו,,,סנו ג'אוול מרסס לימו,ליטרים,1.00,ליטר,false,,17.90,17.9000,true,1,29745
7290000289236,false,סנו K300פיתיון ג'ל ק,,,סנו K300פיתיון ג'ל ק,יחידה,0.00,יחידה,false,,50.90,0.0000,true,1,52459
7290000289380,false,סנו ג'אוול לימון לני,,,סנו ג'אוול לימון לני,מיליליטרים,750.00,"100 מ""ל",false,,11.90,1.5867,true,1,29746
7290000289472,false,סנו סושי שקיות HD 76,,,סנו סושי שקיות HD 76,יחידה,0.00,יחידה,false,,20.90,0.0000,true,1,29748
7290000289496,false,סנו ג'אוול ג'ל קרם ל,,,סנו ג'אוול ג'ל קרם ל,מיליליטרים,750.00,"100 מ""ל",false,,11.90,1.5867,true,1,29749
7290000289595,false,משחה לילדים טעם תות,,,משחה לילדים טעם תות,מיליליטרים,145.00,"100 מ""ל",false,,7.90,5.4483,true,1,29751
7290000289915,false,סנו פרש ענק קוקו וני,,,סנו פרש ענק קוקו וני,מיליליטרים,375.00,"100 מ""ל",false,,10.90,2.9067,true,1,29757
7290000291857,false,סנו פוליווקס לוטוס 2,,,סנו פוליווקס לוטוס 2,ליטרים,2.00,ליטר,false,,20.90,10.4500,true,1,29758
7290000291932,false,סנובון נוזלי בניחוח,,,סנובון נוזלי בניחוח,מיליליטרים,750.00,"100 מ""ל",false,,9.90,1.3200,true,1,29759
7290000291963,false,סנו ז'אוול סמיכה לימ,,,סנו ז'אוול סמיכה לימ,יחידה,0.00,יחידה,false,,7.90,0.0000,true,1,29761
7290000292137,false,נוזל ניקוי וטיפול במ,,,נוזל ניקוי וטיפול במ,מיליליטרים,500.00,"100 מ""ל",false,,30.90,6.1800,true,1,29763
7290000292502,false,K 800קוטל נמלים 300,,,K 800קוטל נמלים 300,מיליליטרים,300.00,"100 מ""ל",false,,19.90,6.6333,true,1,29766
7290000292533,false,סנו ג'ל לניקוי כללי,,,סנו ג'ל לניקוי כללי,ליטרים,1.00,ליטר,false,,16.90,16.9000,true,1,29767
7290000292564,false,K 2000 סנו ללא ריח,,,K 2000 סנו ללא ריח,מיליליטרים,750.00,"100 מ""ל",false,,30.90,4.1200,true,1,29770
7290000292687,false,סנובון כחול שלישיה,,,סנובון כחול שלישיה,גרמים,165.00,100 גרם,false,,16.90,10.2424,true,1,29771
7290000292915,false,סנו רסס ונגב אקדח 75,,,סנו רסס ונגב אקדח 75,מיליליטרים,750.00,"100 מ""ל",false,,12.90,1.7200,true,1,29773
7290000293073,false,מרכך כביסה סנו מקסימ,,,מרכך כביסה סנו מקסימ,ליטרים,4.00,ליטר,false,,22.90,5.7250,true,1,29775
7290000293516,false,סופג לחות בקופסא,,,סופג לחות בקופסא,מיליליטרים,340.00,"100 מ""ל",false,,27.90,8.2059,true,1,29777
7290000293530,false,מילוי סופג לחות,,,מילוי סופג לחות,מיליליטרים,340.00,"100 מ""ל",false,,12.90,3.7941,true,1,29778
7290000293820,false,שמפו וג'ל רחצה קרבון,,,שמפו וג'ל רחצה קרבון,מיליליטרים,700.00,"100 מ""ל",false,,18.90,2.7000,true,1,29780
7290000293837,false,דאודורנט ג'ל קרמה מן,,,דאודורנט ג'ל קרמה מן,מיליליטרים,70.00,"100 מ""ל",false,,13.90,19.8571,true,1,29781
7290000293943,false,סנו אנטי קאלק+מתז  1,,,סנו אנטי קאלק+מתז  1,ליטרים,1.00,ליטר,false,,19.90,19.9000,true,1,29783
7290000294780,false,סנו ז'אוול סמיכה 4 ל,,,סנו ז'אוול סמיכה 4 ל,ליטרים,4.00,ליטר,false,,16.90,4.2250,true,1,29789
7290000295121,false,מטלית זיגזג 3יח,,,מטלית זיגזג 3יח,יחידה,0.00,יחידה,false,,11.90,0.0000,true,1,29790
7290000295299,false,כריות יפניות סנו סוש,,,כריות יפניות סנו סוש,יחידה,0.00,יחידה,false,,11.90,0.0000,true,1,29791
7290000295367,false,אבקת כביסה סנו מקסימ,,,אבקת כביסה סנו מקסימ,קילוגרמים,2.50,"ק""ג",false,,26.90,10.7600,true,1,29795
7290000295404,false,שקיות אשפה נשלפות סנ,,,שקיות אשפה נשלפות סנ,יחידה,0.00,יחידה,false,,22.90,0.0000,true,1,29796
7290000295503,false,סנו סושי צמד שקיות א,,,סנו סושי צמד שקיות א,יחידה,0.00,יחידה,false,,14.90,0.0000,true,1,29797
7290000295541,false,סנו רב מגבת גמבו,,,סנו רב מגבת גמבו,יחידה,0.00,יחידה,false,,16.90,0.0000,true,1,29798
7290000295558,false,צמד רדיד אלומיניום ק,,,צמד רדיד אלומיניום ק,מטרים,15.00,מטר,false,,11.90,0.7933,true,1,29799
7290000295565,false,רדיד אלומיניום רחב ב,,,רדיד אלומיניום רחב ב,מטרים,15.00,מטר,false,,16.90,1.1267,true,1,29800
7290000295749,false,סנו ספוג סאקי כיף 26,,,סנו ספוג סאקי כיף 26,יחידה,0.00,יחידה,false,,11.90,0.0000,true,1,29803
7290000295794,false,ספוגיות אל חלד זוג,,,ספוגיות אל חלד זוג,יחידה,0.00,יחידה,false,,12.90,0.0000,true,1,29804
7290000300900,false,שניצל תירס טבעול רכי,,,שניצל תירס טבעול רכי,גרמים,750.00,100 גרם,false,,24.90,3.3200,true,1,19706
7290000313160,false,חברים זהבה ושלושת הד,,,חברים זהבה ושלושת הד,גרמים,250.00,100 גרם,false,,8.50,3.4000,true,1,18643
7290000313184,false,חברים ביסקויט גן חיו,,,חברים ביסקויט גן חיו,גרמים,250.00,100 גרם,false,,8.50,3.4000,true,1,18644
7290000313290,false,נודלס אטריות מסולסלו,,,נודלס אטריות מסולסלו,יחידה,200.00,יחידה,false,,8.90,0.0445,true,1,18646
7290000318127,false,נקניקיות ביס 380 גרם,,,נקניקיות ביס 380 גרם,גרמים,380.00,100 גרם,false,,10.90,2.8684,true,1,15519
7290000318677,false,סלמי סרוולט 150גר יח,,,סלמי סרוולט 150גר יח,גרמים,150.00,100 גרם,false,,22.90,15.2667,true,1,15528
7290000318806,false,סלמי סרוולט מעדנ.יחי,,,סלמי סרוולט מעדנ.יחי,קילוגרמים,1.00,"ק""ג",true,,140.00,140.0000,true,1,15497
7290000318929,false,סלמי צרפתי יחיעם מעד,,,סלמי צרפתי יחיעם מעד,קילוגרמים,1.00,"ק""ג",true,,140.00,140.0000,true,1,15503
7290000319124,false,סלמי סרוולט 250 גרם,,,סלמי סרוולט 250 גרם,גרמים,250.00,100 גרם,false,,34.90,13.9600,true,1,15538
7290000319131,false,נקניקיות עוף יחיעם 4,,,נקניקיות עוף יחיעם 4,גרמים,400.00,100 גרם,false,,10.90,2.7250,true,1,15539
7290000319520,false,סאלמי צרפתי יחיעם 10,,,סאלמי צרפתי יחיעם 10,גרמים,100.00,100 גרם,false,,18.90,18.9000,true,1,15547
7290000319803,false,קבנוס קלאסי 125גר,,,קבנוס קלאסי 125גר,גרמים,125.00,100 גרם,false,,10.90,8.7200,true,1,15554
7290000319834,false,יחיעם קבנוס פפרוני ק,,,יחיעם קבנוס פפרוני ק,גרמים,125.00,100 גרם,false,,10.90,8.7200,true,1,15555
7290000321750,false,"פילה אמנון 5-7 בד""צ",,,"פילה אמנון 5-7 בד""צ",קילוגרמים,1.00,"ק""ג",true,,29.90,29.9000,true,1,53642
7290000329229,false,פילה מדומה 6 מוכשר ב,,,פילה מדומה 6 מוכשר ב,קילוגרמים,1.00,"ק""ג",true,,39.90,39.9000,true,1,80150
7290000334684,false,טבעות בצל 700 גרם,,,טבעות בצל 700 גרם,גרמים,700.00,100 גרם,false,,17.90,2.5571,true,1,19720
7290000335086,false,רגל עגל פרוס ארוז בי,,,רגל עגל פרוס ארוז בי,קילוגרמים,1.00,"ק""ג",true,,49.90,49.9000,true,1,263116
7290000336053,false,תרכיז תפוחים טהור בק,,,תרכיז תפוחים טהור בק,מיליליטרים,330.00,"100 מ""ל",false,,13.90,4.2121,true,1,9373
7290000339191,false,אבקת הלבנה רן 350 גר,,,אבקת הלבנה רן 350 גר,גרמים,350.00,100 גרם,false,,17.90,5.1143,true,1,10296
7290000339566,false,בדין מרכך כביסה ורוד,,,בדין מרכך כביסה ורוד,ליטרים,4.00,ליטר,false,,19.90,4.9750,true,1,10297
7290000342832,false,בדין מרכך כביסה צהוב,,,בדין מרכך כביסה צהוב,ליטרים,4.00,ליטר,false,,19.90,4.9750,true,1,10303
7290000342856,false,בדין מרכך כביסה כחול,,,בדין מרכך כביסה כחול,ליטרים,4.00,ליטר,false,,19.90,4.9750,true,1,10304
7290000345215,false,תה ויסוצקי קלאסיק 10,,,תה ויסוצקי קלאסיק 10,גרמים,100.00,100 גרם,false,,15.90,15.9000,true,1,24595
7290000345260,false,תה ויסוצקי קלאסיק 25,,,תה ויסוצקי קלאסיק 25,גרמים,37.50,100 גרם,false,,6.90,18.4000,true,1,24596
7290000345277,false,תה ויסוצקי קלאסיק 1.,,,תה ויסוצקי קלאסיק 1.,גרמים,75.00,100 גרם,false,,10.90,14.5333,true,1,24597
7290000345284,false,תה ויסוצקי 1.5 קלאסי,,,תה ויסוצקי 1.5 קלאסי,גרמים,150.00,100 גרם,false,,15.90,10.6000,true,1,24598
7290000345291,false,תה ארל גריי 1.5/25,,,תה ארל גריי 1.5/25,גרמים,37.50,100 גרם,false,,15.90,42.4000,true,1,24599
7290000345307,false,תה ארל גריי 1.5/50,,,תה ארל גריי 1.5/50,גרמים,75.00,100 גרם,false,,28.90,38.5333,true,1,24600
7290000345536,false,תה נענע 25 שקיות 1.5,,,תה נענע 25 שקיות 1.5,גרמים,37.50,100 גרם,false,,17.90,47.7333,true,1,24601
7290000346021,false,תה קמומיל 50 שקיקים,,,תה קמומיל 50 שקיקים,גרמים,75.00,100 גרם,false,,35.90,47.8667,true,1,24606
7290000346120,false,תה קסם הקנמון 25 שקי,,,תה קסם הקנמון 25 שקי,גרמים,62.50,100 גרם,false,,17.90,28.6400,true,1,24607
7290000346137,false,תה הילולי פירות 25 ש,,,תה הילולי פירות 25 ש,גרמים,62.50,100 גרם,false,,17.90,28.6400,true,1,24608
7290000346168,false,תה חליטת שומר גן קסו,,,תה חליטת שומר גן קסו,גרמים,37.50,100 גרם,false,,17.90,47.7333,true,1,24611
7290000346199,false,תה פירות יער 25 שקיק,,,תה פירות יער 25 שקיק,גרמים,67.50,100 גרם,false,,17.90,26.5185,true,1,24612
7290000346205,false,תה קמומיל 25 שקיקים,,,תה קמומיל 25 שקיקים,גרמים,37.50,100 גרם,false,,17.90,47.7333,true,1,24613
7290000346960,false,תה נענע 50 שקיקים 1.,,,תה נענע 50 שקיקים 1.,גרמים,75.00,100 גרם,false,,28.90,38.5333,true,1,24618
7290000347738,false,תה ירוק נענע 25 שקיק,,,תה ירוק נענע 25 שקיק,גרמים,37.50,100 גרם,false,,23.90,63.7333,true,1,24619
7290000347752,false,תה ירוק לימונית ולוא,,,תה ירוק לימונית ולוא,גרמים,37.50,100 גרם,false,,23.90,63.7333,true,1,24620
7290000363189,false,סרוולד טירת צבי מעדנ,,,סרוולד טירת צבי מעדנ,קילוגרמים,1.00,"ק""ג",true,,139.00,139.0000,true,1,25290
7290000363363,false,קבנוס מיוחד 160 גרם,,,קבנוס מיוחד 160 גרם,גרמים,160.00,100 גרם,false,,14.90,9.3125,true,1,25325
7290000363400,false,סלמי פפרוני טירת צבי,,,סלמי פפרוני טירת צבי,קילוגרמים,1.00,"ק""ג",true,,75.00,75.0000,true,1,25291
7290000363462,false,סלמי מעושן איטלקי טי,,,סלמי מעושן איטלקי טי,קילוגרמים,1.00,"ק""ג",true,,75.00,75.0000,true,1,25292
7290000363486,false,נקניק תה טירת צבי מע,,,נקניק תה טירת צבי מע,קילוגרמים,1.00,"ק""ג",true,,50.00,50.0000,true,1,25293
7290000363899,false,נקניקיות פיקנטיות 40,,,נקניקיות פיקנטיות 40,גרמים,400.00,100 גרם,false,,11.90,2.9750,true,1,25326
7290000364261,false,סלסולי כתף בקר 120 ג,,,סלסולי כתף בקר 120 ג,גרמים,120.00,100 גרם,false,,12.80,10.6667,true,1,25329
7290000364285,false,טירת צבי סלסולי פסטר,,,טירת צבי סלסולי פסטר,גרמים,120.00,100 גרם,false,,12.80,10.6667,true,1,25331
7290000364292,false,סלסולי פסטרמה גחלים,,,סלסולי פסטרמה גחלים,גרמים,120.00,100 גרם,false,,12.80,10.6667,true,1,25332
7290000364803,false,נקניקיות קרנץ אמריקא,,,נקניקיות קרנץ אמריקא,גרמים,500.00,100 גרם,false,,26.90,5.3800,true,1,25335
7290000364858,false,נקניקיות עוף טרי 1 ק,,,נקניקיות עוף טרי 1 ק,קילוגרמים,1.00,"ק""ג",false,,22.90,22.9000,true,1,25337
7290000364872,false,נקניקיות עוף 400 גרם,,,נקניקיות עוף 400 גרם,גרמים,400.00,100 גרם,false,,11.90,2.9750,true,1,25338
7290000364957,false,נקנקיות מיני - מיני,,,נקנקיות מיני - מיני,גרמים,700.00,100 גרם,false,,20.90,2.9857,true,1,25339
7290000365107,false,כתף בקר מפולפל ט.צבי,,,כתף בקר מפולפל ט.צבי,קילוגרמים,1.00,"ק""ג",true,,90.00,90.0000,true,1,25300
7290000365756,false,פסט. עלגחלים ד.ש.ט.צ,,,פסט. עלגחלים ד.ש.ט.צ,קילוגרמים,1.00,"ק""ג",true,,79.00,79.0000,true,1,25306
7290000365909,false,פסט.טבעית ט.צבי מעדנ,,,פסט.טבעית ט.צבי מעדנ,קילוגרמים,1.00,"ק""ג",true,,79.00,79.0000,true,1,25308
7290000365954,false,פסט.על גחלים ט.צבי מ,,,פסט.על גחלים ט.צבי מ,קילוגרמים,1.00,"ק""ג",true,,79.00,79.0000,true,1,25309
7290000367590,false,צמד כפרי נק.סלמי+פסט,,,צמד כפרי נק.סלמי+פסט,גרמים,800.00,100 גרם,false,,25.40,3.1750,true,1,25341
7290000369341,false,לאבנה אבו גוש ניצן מ,,,לאבנה אבו גוש ניצן מ,קילוגרמים,1.00,"ק""ג",true,,50.00,50.0000,true,1,6154
7290000369617,false,ניצן כדורי פטה בשמני,,,ניצן כדורי פטה בשמני,גרמים,150.00,100 גרם,false,,16.90,11.2667,true,1,6160
7290000369709,false,ניצן חמאה ט.שונים 10,,,ניצן חמאה ט.שונים 10,גרמים,100.00,100 גרם,false,,12.90,12.9000,true,1,6161
7290000370161,false,גבינת צ'דר בשלה שקיל,,,גבינת צ'דר בשלה שקיל,קילוגרמים,1.00,"ק""ג",true,,95.00,95.0000,true,1,2779
7290000370420,false,גבינת גאודה מהולנד 3,,,גבינת גאודה מהולנד 3,קילוגרמים,1.00,"ק""ג",true,,65.00,65.0000,true,1,2791
7290000370475,false,מב גבינה כחולה עם עו,,,מב גבינה כחולה עם עו,קילוגרמים,1.00,"ק""ג",true,,59.00,59.0000,true,1,60485
7290000371571,false,פסט.פרגיות לבאגט ט.צ,,,פסט.פרגיות לבאגט ט.צ,קילוגרמים,1.00,"ק""ג",true,,79.00,79.0000,true,1,25313
7290000377452,false,גרעין אבטיח 200 גרם,,,גרעין אבטיח 200 גרם,גרמים,200.00,100 גרם,false,,12.90,6.4500,true,1,12742
7290000377612,false,פריגת סחוט תפוזים 40,,,פריגת סחוט תפוזים 40,מיליליטרים,400.00,"100 מ""ל",false,,9.90,2.4750,true,1,6338
7290000379258,false,חלת קונדיטורית אנגל,,,חלת קונדיטורית אנגל,גרמים,500.00,100 גרם,false,,15.90,3.1800,true,1,35390
7290000382210,false,שקיות גופיה ינות בית,,,שקיות גופיה ינות בית,יחידה,0.00,יחידה,false,,0.10,0.0000,true,1,48
7290000382289,false,סל נשיאה יינות ביתן,,,סל נשיאה יינות ביתן,יחידה,0.00,יחידה,false,,3.50,0.0000,true,1,52
7290000385738,false,מנצ`גו משולש. מע.,,,מנצ`גו משולש. מע.,קילוגרמים,1.00,"ק""ג",true,,160.00,160.0000,true,1,14617
7290000387043,false,צלעות 22 צרכני חלק ב,,,צלעות 22 צרכני חלק ב,קילוגרמים,1.00,"ק""ג",true,,34.90,34.9000,true,1,2159
7290000408316,false,דנונה טבעי 3% 200מל,,,דנונה טבעי 3% 200מל,מיליליטרים,200.00,"100 מ""ל",false,,3.70,1.8500,true,1,23243
7290000408354,false,דנונה קראנצ' פצפוצים,,,דנונה קראנצ' פצפוצים,מיליליטרים,175.00,"100 מ""ל",false,,4.60,2.6286,true,1,23244
7290000410874,false,רבעי פרגיות מלוח,,,רבעי פרגיות מלוח,קילוגרמים,1.00,"ק""ג",true,,49.90,49.9000,true,1,16592
7290000412139,false,ריצפז סנו אורן 3 ליט,,,ריצפז סנו אורן 3 ליט,ליטרים,3.00,ליטר,false,,15.90,5.3000,true,1,29806
7290000412481,false,מנקה אסלות 1 ליטר 00,,,מנקה אסלות 1 ליטר 00,ליטרים,1.00,ליטר,false,,7.90,7.9000,true,1,29808
7290000416021,false,ממרח שוקולד השחר 500,,,ממרח שוקולד השחר 500,גרמים,500.00,100 גרם,false,,13.90,2.7800,true,1,28862
7290000416045,false,ממרח שוקולד השחר 1 ק,,,ממרח שוקולד השחר 1 ק,קילוגרמים,1.00,"ק""ג",false,,24.90,24.9000,true,1,28864
7290000416618,false,ממרח שוקולד פרווה הש,,,ממרח שוקולד פרווה הש,גרמים,400.00,100 גרם,false,,11.90,2.9750,true,1,28872
7290000416632,false,ממרח שוקולד פרווה הש,,,ממרח שוקולד פרווה הש,קילוגרמים,1.00,"ק""ג",false,,23.90,23.9000,true,1,28873
7290000416854,false,קקאו 150 גר',,,קקאו 150 גר',גרמים,150.00,100 גרם,false,,9.90,6.6000,true,1,28876
7290000416878,false,קקאו 500 גר',,,קקאו 500 גר',גרמים,500.00,100 גרם,false,,20.90,4.1800,true,1,28877
7290000419107,false,לנדוור מקורי קפה טחו,,,לנדוור מקורי קפה טחו,גרמים,100.00,100 גרם,false,,8.50,8.5000,true,1,18647
7290000419220,false,לנדוור כחול המקורי ק,,,לנדוור כחול המקורי ק,גרמים,300.00,100 גרם,false,,17.90,5.9667,true,1,18649
7290000419374,false,לנדוור לבוקר קפה טחו,,,לנדוור לבוקר קפה טחו,גרמים,300.00,100 גרם,false,,17.90,5.9667,true,1,18650
7290000419893,false,לנדוור חזק קפה טחון,,,לנדוור חזק קפה טחון,גרמים,100.00,100 גרם,false,,8.50,8.5000,true,1,18651
7290000419923,false,לנדוור קפה אספרסו טח,,,לנדוור קפה אספרסו טח,גרמים,200.00,100 גרם,false,,19.90,9.9500,true,1,18653
7290000420325,false,פופסטאר פופקורן טבעי,,,פופסטאר פופקורן טבעי,גרמים,500.00,100 גרם,false,,12.90,2.5800,true,1,5730
7290000420332,false,פופסטאר פופקורן חמאה,,,פופסטאר פופקורן חמאה,גרמים,500.00,100 גרם,false,,12.90,2.5800,true,1,5731
7290000420417,false,גלילונית שקיות אשפה,,,גלילונית שקיות אשפה,יחידה,0.00,יחידה,false,,17.90,0.0000,true,1,5732
7290000430102,false,שקיות קרח 2 ק`ג,,,שקיות קרח 2 ק`ג,קילוגרמים,2.00,"ק""ג",false,,8.90,4.4500,true,1,31056
7290000435251,false,מיני משמחים 500 גרם,,,מיני משמחים 500 גרם,גרמים,500.00,100 גרם,false,,14.90,2.9800,true,1,176413
7290000448033,false,נפוליאון גבינת שמנת,,,נפוליאון גבינת שמנת,קילוגרמים,1.00,"ק""ג",true,,39.00,39.0000,true,1,170012
7290000448040,false,נפוליאון גבינת שמנת,,,נפוליאון גבינת שמנת,קילוגרמים,1.00,"ק""ג",true,,39.00,39.0000,true,1,170013
7290000450209,false,טונה בשמן פוסידון  1,,,טונה בשמן פוסידון  1,גרמים,108.00,100 גרם,false,,5.90,5.4630,true,1,16792
7290000453019,false,שמרית שמרים טריים לא,,,שמרית שמרים טריים לא,גרמים,50.00,100 גרם,false,,4.50,9.0000,true,1,23245
7290000453125,false,שמרית שמרים טריים לא,,,שמרית שמרים טריים לא,גרמים,100.00,100 גרם,false,,7.70,7.7000,true,1,23246
7290000453200,false,בלילה מצוננת פנקייק,,,בלילה מצוננת פנקייק,גרמים,750.00,100 גרם,false,,19.90,2.6533,true,1,141884
7290000453385,false,פאקא שמרים יבשים 500,,,פאקא שמרים יבשים 500,גרמים,500.00,100 גרם,false,,13.90,2.7800,true,1,22199
7290000453408,false,שמרית בצק פיצה דק מצ,,,שמרית בצק פיצה דק מצ,גרמים,415.00,100 גרם,false,,17.50,4.2169,true,1,23247
7290000453415,false,שמרית בצק עלים מצונן,,,שמרית בצק עלים מצונן,גרמים,300.00,100 גרם,false,,15.90,5.3000,true,1,23248
7290000453422,false,שמרית בצק פילו מוכן,,,שמרית בצק פילו מוכן,גרמים,300.00,100 גרם,false,,15.90,5.3000,true,1,23249
7290000453798,false,שמרים יבשים אקטיביים,,,שמרים יבשים אקטיביים,גרמים,500.00,100 גרם,false,,12.90,2.5800,true,1,22200
7290000453866,false,נטורינה קוקוס שטראוס,,,נטורינה קוקוס שטראוס,גרמים,200.00,100 גרם,false,,7.70,3.8500,true,1,23250
7290000453897,false,מרגרינה בטעם חמאה 20,,,מרגרינה בטעם חמאה 20,גרמים,200.00,100 גרם,false,,4.90,2.4500,true,1,23253
7290000455234,false,פילה אמנון קפוא 5-7,,,פילה אמנון קפוא 5-7,קילוגרמים,1.00,"ק""ג",true,,29.90,29.9000,true,1,51509
7290000455456,false,נסיכת הנילוס פילה פר,,,נסיכת הנילוס פילה פר,קילוגרמים,1.00,"ק""ג",true,,69.90,69.9000,true,1,35185
7290000461047,false,מב סיימן ברי לה רוסט,,,מב סיימן ברי לה רוסט,קילוגרמים,1.00,"ק""ג",true,,179.00,179.0000,true,1,16594
7290000461625,false,ביגלה 8 8 400גר,,,ביגלה 8 8 400גר,גרמים,400.00,100 גרם,false,,9.90,2.4750,true,1,10307
7290000461656,false,מקלות מלוחים 400 גרם,,,מקלות מלוחים 400 גרם,גרמים,400.00,100 גרם,false,,9.90,2.4750,true,1,10308
7290000461700,false,ביגלה שמיניות גדולות,,,ביגלה שמיניות גדולות,גרמים,400.00,100 גרם,false,,11.90,2.9750,true,1,10309
7290000461793,false,ביגלה ארוך ארוך דל ש,,,ביגלה ארוך ארוך דל ש,גרמים,150.00,100 גרם,false,,5.90,3.9333,true,1,10312
7290000462103,false,סחוג אדום חריף עדין,,,סחוג אדום חריף עדין,גרמים,150.00,100 גרם,false,,7.90,5.2667,true,1,23254
7290000462141,false,סחוג אדום חריף מאוד,,,סחוג אדום חריף מאוד,גרמים,150.00,100 גרם,false,,7.90,5.2667,true,1,23255
7290000462172,false,סחוג ירוק חריף מאוד,,,סחוג ירוק חריף מאוד,גרמים,150.00,100 גרם,false,,7.90,5.2667,true,1,23257
7290000462981,false,סחוג חריף אשש 150 גר,,,סחוג חריף אשש 150 גר,גרמים,150.00,100 גרם,false,,7.90,5.2667,true,1,73380
7290000467320,false,צבר חומוס אבו מרוואן,,,צבר חומוס אבו מרוואן,גרמים,400.00,100 גרם,false,,13.90,3.4750,true,1,19733
7290000472821,false,גבינה צהובה  28% הר,,,גבינה צהובה  28% הר,קילוגרמים,1.00,"ק""ג",true,,31.00,31.0000,true,1,229765
7290000474090,false,טרה חלב בקרטון 1% 1ל,,,טרה חלב בקרטון 1% 1ל,ליטרים,1.00,ליטר,false,,5.86,5.8600,true,1,6345
7290000474373,false,טרה שמנת חמוצה 15% 2,,,טרה שמנת חמוצה 15% 2,מיליליטרים,200.00,"100 מ""ל",false,,2.40,1.2000,true,1,6351
7290000474502,false,טרה גבינה לבנה 5% 25,,,טרה גבינה לבנה 5% 25,גרמים,250.00,100 גרם,false,,4.98,1.9920,true,1,6354
7290000474540,false,טוב טעם גבינה 3% 250,,,טוב טעם גבינה 3% 250,גרמים,250.00,100 גרם,false,,10.90,4.3600,true,1,6355
7290000474830,false,נעם גבינה צהובה מגור,,,נעם גבינה צהובה מגור,גרמים,500.00,100 גרם,false,,29.90,5.9800,true,1,6356
7290000480107,false,"קוואקר מהיר אטוס לל""",,,"קוואקר מהיר אטוס לל""",גרמים,500.00,100 גרם,false,,13.90,2.7800,true,1,24157
7290000480332,false,גאודה בקר משולש גד 3,,,גאודה בקר משולש גד 3,קילוגרמים,1.00,"ק""ג",true,,105.00,105.0000,true,1,194907
7290000480349,false,גאודה עיזים משולש גד,,,גאודה עיזים משולש גד,קילוגרמים,1.00,"ק""ג",true,,125.00,125.0000,true,1,194896
7290000480442,false,שיבולת שועל בשקית קו,,,שיבולת שועל בשקית קו,גרמים,500.00,100 גרם,false,,11.90,2.3800,true,1,24158
7290000481531,false,לחמניות 10 יחידות חי,,,לחמניות 10 יחידות חי,גרמים,750.00,100 גרם,false,,13.90,1.8533,true,1,4462
7290000481883,false,10 לחמניות דגנית,,,10 לחמניות דגנית,גרמים,750.00,100 גרם,false,,13.90,1.8533,true,1,4466
7290000482019,false,שקיות קוקי רגיל 10יח,,,שקיות קוקי רגיל 10יח,יחידה,0.00,יחידה,false,,11.90,0.0000,true,1,21412
7290000484747,false,"עלית הארק 40% 700 מ""",,,"עלית הארק 40% 700 מ""",מיליליטרים,700.00,"100 מ""ל",false,,59.90,8.5571,true,1,28897
7290000490625,false,מאגדת שלגונים ציפוי,,,מאגדת שלגונים ציפוי,גרמים,560.00,100 גרם,false,,23.90,4.2679,true,1,65500
7290000490717,false,גלית שרבט בטעם תות 8,,,גלית שרבט בטעם תות 8,גרמים,560.00,100 גרם,false,,24.90,4.4464,true,1,36067
7290000493176,false,אסם אבקת רוטב צלי לב,,,אסם אבקת רוטב צלי לב,גרמים,22.00,100 גרם,false,,3.90,17.7273,true,1,18683
7290000493183,false,אסם אבקת רוטב פטריות,,,אסם אבקת רוטב פטריות,גרמים,30.00,100 גרם,false,,3.90,13.0000,true,1,18684
7290000496360,false,פילה  בקלה דרום אפרי,,,פילה  בקלה דרום אפרי,קילוגרמים,1.00,"ק""ג",true,,43.90,43.9000,true,1,150853
7290000504025,false,סוכרזית פטריה 300 טב,,,סוכרזית פטריה 300 טב,גרמים,246.00,100 גרם,false,,8.50,3.4553,true,1,22207
7290000504049,false,סוכרזית קנקן 1200 טב,,,סוכרזית קנקן 1200 טב,גרמים,984.00,100 גרם,false,,23.90,2.4289,true,1,22208
7290000504209,false,דיאט טיפ-ממתיק,,,דיאט טיפ-ממתיק,מיליליטרים,220.00,"100 מ""ל",false,,14.90,6.7727,true,1,22209
7290000504278,false,סוכרזית פטנט 700 טבל,,,סוכרזית פטנט 700 טבל,גרמים,574.00,100 גרם,false,,13.90,2.4216,true,1,22211
7290000511010,false,פרמז`נו בגלגל ויליפו,,,פרמז`נו בגלגל ויליפו,קילוגרמים,1.00,"ק""ג",true,,110.00,110.0000,true,1,2798
7290000511706,false,גבינת גאודה עם כמון,,,גבינת גאודה עם כמון,קילוגרמים,1.00,"ק""ג",true,,90.00,90.0000,true,1,2801
7290000511904,false,מב בייבי אדם הולנד ו,,,מב בייבי אדם הולנד ו,קילוגרמים,1.00,"ק""ג",true,,65.00,65.0000,true,1,2803
7290000518176,false,מתוק וקל ענק 250 שקי,,,מתוק וקל ענק 250 שקי,גרמים,250.00,100 גרם,false,,17.50,7.0000,true,1,15789
7290000518220,false,סוכרה דיאט 100 יח,,,סוכרה דיאט 100 יח,גרמים,80.00,100 גרם,false,,24.90,31.1250,true,1,15791
7290000518251,false,מתוק וקל זהב 100 שקי,,,מתוק וקל זהב 100 שקי,גרמים,100.00,100 גרם,false,,11.90,11.9000,true,1,15793
7290000521008,false,אדום יבש סגל.,,,אדום יבש סגל.,מיליליטרים,750.00,"100 מ""ל",false,,21.90,2.9200,true,1,9380
7290000521015,false,"לבן סגל 750 מ""ל",,,"לבן סגל 750 מ""ל",מיליליטרים,750.00,"100 מ""ל",false,,21.90,2.9200,true,1,9381
7290000521022,false,סגל לבן חצי יבש 750,,,סגל לבן חצי יבש 750,מיליליטרים,750.00,"100 מ""ל",false,,21.90,2.9200,true,1,9382
7290000522166,false,חלב הרים טהור נ.לקטו,,,חלב הרים טהור נ.לקטו,ליטרים,1.00,ליטר,false,,10.90,10.9000,true,1,24933
7290000523125,false,מלח ים יבש הארץ 250,,,מלח ים יבש הארץ 250,גרמים,250.00,100 גרם,false,,5.90,2.3600,true,1,24622
7290000523224,false,מלח ים יבש הארץ 500,,,מלח ים יבש הארץ 500,גרמים,500.00,100 גרם,false,,7.90,1.5800,true,1,15460
7290000523514,false,מלח 50% פחות נתרן הא,,,מלח 50% פחות נתרן הא,גרמים,250.00,100 גרם,false,,9.90,3.9600,true,1,15461
7290000523521,false,מלח מעושר ביוד הארץ,,,מלח מעושר ביוד הארץ,גרמים,250.00,100 גרם,false,,5.90,2.3600,true,1,24623
7290000523804,false,מלח עדין בצנצנת הארץ,,,מלח עדין בצנצנת הארץ,קילוגרמים,1.00,"ק""ג",false,,7.50,7.5000,true,1,24624
7290000523811,false,מלח גס בצנצנת הארץ 1,,,מלח גס בצנצנת הארץ 1,קילוגרמים,1.00,"ק""ג",false,,7.50,7.5000,true,1,24625
7290000525969,false,פרימור מיץ תפוזים 1ל,,,פרימור מיץ תפוזים 1ל,ליטרים,1.00,ליטר,false,,15.90,15.9000,true,1,23261
7290000530024,false,תה מעושן זוגלובק,,,תה מעושן זוגלובק,קילוגרמים,1.00,"ק""ג",true,,47.00,47.0000,true,1,38891
7290000530031,false,סלמי פיין צר זוגלובק,,,סלמי פיין צר זוגלובק,קילוגרמים,1.00,"ק""ג",true,,60.00,60.0000,true,1,38892
7290000530062,false,סלמי מעו. איטלקי זוג,,,סלמי מעו. איטלקי זוג,קילוגרמים,1.00,"ק""ג",true,,82.00,82.0000,true,1,38894
7290000530086,false,סלמי מעושן 7000 א.מ.,,,סלמי מעושן 7000 א.מ.,גרמים,600.00,100 גרם,false,,33.00,5.5000,true,1,38929
7290000530109,false,זוג קבנוס בוואקום 36,,,זוג קבנוס בוואקום 36,גרמים,360.00,100 גרם,false,,24.90,6.9167,true,1,38930
7290000530116,false,סלמי מעושן בשן זוגלו,,,סלמי מעושן בשן זוגלו,גרמים,470.00,100 גרם,false,,22.90,4.8723,true,1,38931
7290000530178,false,סלמי קוניאק זוגלובק.,,,סלמי קוניאק זוגלובק.,קילוגרמים,1.00,"ק""ג",true,,90.00,90.0000,true,1,38897
7290000530260,false,נקניק מורטדלה זוגלוב,,,נקניק מורטדלה זוגלוב,קילוגרמים,1.00,"ק""ג",true,,38.00,38.0000,true,1,38899
7290000530291,false,זוגלובק נקניק מבשר ה,,,זוגלובק נקניק מבשר ה,גרמים,800.00,100 גרם,false,,18.90,2.3625,true,1,38933
7290000530369,false,פסט. גולן 3% זוגלובק,,,פסט. גולן 3% זוגלובק,קילוגרמים,1.00,"ק""ג",true,,80.00,80.0000,true,1,38901
7290000530413,false,המבורגר זהב 400גר,,,המבורגר זהב 400גר,גרמים,400.00,100 גרם,false,,19.90,4.9750,true,1,38934
7290000530444,false,כתף בקר מעושן זוגלוב,,,כתף בקר מעושן זוגלוב,קילוגרמים,1.00,"ק""ג",true,,110.00,110.0000,true,1,38902
7290000530468,false,נקניקיות וינר טרי 1ק,,,נקניקיות וינר טרי 1ק,קילוגרמים,1.00,"ק""ג",false,,24.90,24.9000,true,1,38935
7290000530598,false,נקניקיות וינר טרי זו,,,נקניקיות וינר טרי זו,גרמים,500.00,100 גרם,false,,11.90,2.3800,true,1,38938
7290000530703,false,זוג תה 400 + חרמון 4,,,זוג תה 400 + חרמון 4,גרמים,800.00,100 גרם,false,,27.90,3.4875,true,1,38940
7290000531410,false,פסט. בדבש טהור 3% זו,,,פסט. בדבש טהור 3% זו,קילוגרמים,1.00,"ק""ג",true,,80.00,80.0000,true,1,38904
7290000531601,false,סטייק בורגר 400 גר'-,,,סטייק בורגר 400 גר'-,גרמים,400.00,100 גרם,false,,19.90,4.9750,true,1,38942
7290000532400,false,ברביקיו חזה הודו זוג,,,ברביקיו חזה הודו זוג,קילוגרמים,1.00,"ק""ג",true,,80.00,80.0000,true,1,38905
7290000532585,false,רוסטביף 4% זוגלובק,,,רוסטביף 4% זוגלובק,קילוגרמים,1.00,"ק""ג",true,,120.00,120.0000,true,1,38906
7290000532721,false,כתף בקר מפולפל טורו,,,כתף בקר מפולפל טורו,קילוגרמים,1.00,"ק""ג",true,,110.00,110.0000,true,1,38907
7290000533353,false,זוגלובק בצק עלים 1קג,,,זוגלובק בצק עלים 1קג,קילוגרמים,1.00,"ק""ג",false,,13.90,13.9000,true,1,38945
7290000534718,false,תבור חזה מעושן ד.ש.,,,תבור חזה מעושן ד.ש.,קילוגרמים,1.00,"ק""ג",true,,80.00,80.0000,true,1,38912
7290000534800,false,פסטרמה רומנית 4% זוג,,,פסטרמה רומנית 4% זוג,קילוגרמים,1.00,"ק""ג",true,,80.00,80.0000,true,1,38913
7290000534824,false,חרמון 3% זוגלובק במש,,,חרמון 3% זוגלובק במש,קילוגרמים,1.00,"ק""ג",true,,53.00,53.0000,true,1,38914
7290000536781,false,"קבב צמחי 1 ק""ג בד""ץ",,,"קבב צמחי 1 ק""ג בד""ץ",קילוגרמים,1.00,"ק""ג",false,,23.90,23.9000,true,1,38953
7290000537566,false,נקניקיות עוף טרי 400,,,נקניקיות עוף טרי 400,גרמים,400.00,100 גרם,false,,11.50,2.8750,true,1,38957
7290000537603,false,"נקנקיות עוף 1 ק""ג -ז",,,"נקנקיות עוף 1 ק""ג -ז",קילוגרמים,1.00,"ק""ג",false,,24.90,24.9000,true,1,38958
7290000552118,false,נקנקיות מרגז 400 גרם,,,נקנקיות מרגז 400 גרם,גרמים,400.00,100 גרם,false,,20.90,5.2250,true,1,16794
7290000552569,false,סטייק בורגר 400 ג'-ט,,,סטייק בורגר 400 ג'-ט,גרמים,400.00,100 גרם,false,,17.90,4.4750,true,1,16797
7290000552927,false,טחון עוף 500 גרם,,,טחון עוף 500 גרם,גרמים,500.00,100 גרם,false,,12.90,2.5800,true,1,16799
7290000552934,false,טחון הודו 500 גרם,,,טחון הודו 500 גרם,גרמים,500.00,100 גרם,false,,12.90,2.5800,true,1,16800
7290000552989,false,בשר עגל טחון קפוא 50,,,בשר עגל טחון קפוא 50,גרמים,500.00,100 גרם,false,,21.90,4.3800,true,1,16801
7290000554402,false,גד מלבי 160מל.,,,גד מלבי 160מל.,מיליליטרים,160.00,"100 מ""ל",false,,5.90,3.6875,true,1,14624
7290000554457,false,גד צפתית מיני 5% 350,,,גד צפתית מיני 5% 350,גרמים,350.00,100 גרם,false,,19.90,5.6857,true,1,14625
7290000554471,false,גד מוצרלה נקניק טבעי,,,גד מוצרלה נקניק טבעי,גרמים,180.00,100 גרם,false,,15.90,8.8333,true,1,14626
7290000554532,false,גד צפתית מעודנת במלח,,,גד צפתית מעודנת במלח,גרמים,200.00,100 גרם,false,,14.90,7.4500,true,1,14627
7290000554600,false,גד מוצרלה מגורדת %18,,,גד מוצרלה מגורדת %18,גרמים,300.00,100 גרם,false,,24.90,8.3000,true,1,14628
7290000554624,false,גד ירח מתוק 150מל,,,גד ירח מתוק 150מל,גרמים,150.00,100 גרם,false,,5.90,3.9333,true,1,14629
7290000554686,false,גד לאבנה בשמן זית וז,,,גד לאבנה בשמן זית וז,גרמים,250.00,100 גרם,false,,13.90,5.5600,true,1,14630
7290000554822,false,גד ריקוטה טבעי 5% 25,,,גד ריקוטה טבעי 5% 25,גרמים,250.00,100 גרם,false,,14.50,5.8000,true,1,14632
7290000554839,false,גד מסקרפונה 40% 250ג,,,גד מסקרפונה 40% 250ג,גרמים,250.00,100 גרם,false,,20.50,8.2000,true,1,14633
7290000560295,false,אוסובוקו בקר פרוס אר,,,אוסובוקו בקר פרוס אר,קילוגרמים,1.00,"ק""ג",true,,59.90,59.9000,true,1,263166
7290000560533,false,ג'ל גילוח ירוק לעור,,,ג'ל גילוח ירוק לעור,מיליליטרים,200.00,"100 מ""ל",false,,15.90,7.9500,true,1,5740
7290000560540,false,ג'ל גילוח כתום לעור,,,ג'ל גילוח כתום לעור,מיליליטרים,200.00,"100 מ""ל",false,,15.90,7.9500,true,1,5741
7290000561097,false,תערובת פיצוחים 150 ג,,,תערובת פיצוחים 150 ג,גרמים,150.00,100 גרם,false,,17.90,11.9333,true,1,1420
7290000561202,false,גרעין חמניה קלוי 200,,,גרעין חמניה קלוי 200,גרמים,200.00,100 גרם,false,,6.90,3.4500,true,1,1427
7290000561233,false,בוטן קלוי 200ג פיצוח,,,בוטן קלוי 200ג פיצוח,גרמים,200.00,100 גרם,false,,7.90,3.9500,true,1,1429
7290000561240,false,גרעין דלעת קלוי 200ג,,,גרעין דלעת קלוי 200ג,גרמים,200.00,100 גרם,false,,9.90,4.9500,true,1,1430
7290000561271,false,צימוק בהיר 200 גרם -,,,צימוק בהיר 200 גרם -,גרמים,200.00,100 גרם,false,,10.00,5.0000,true,1,1431
7290000561363,false,גרעין אבטיח קלוי 200,,,גרעין אבטיח קלוי 200,גרמים,200.00,100 גרם,false,,13.90,6.9500,true,1,1438
7290000561561,false,פוסידון מנצ'יס 200ג,,,פוסידון מנצ'יס 200ג,גרמים,200.00,100 גרם,false,,9.90,4.9500,true,1,1446
7290000561578,false,בוטן אמריקאי 200ג,,,בוטן אמריקאי 200ג,גרמים,200.00,100 גרם,false,,6.90,3.4500,true,1,1447
7290000561585,false,קבוקים 200ג - חממה,,,קבוקים 200ג - חממה,גרמים,200.00,100 גרם,false,,6.90,3.4500,true,1,1448
7290000561714,false,צנובר 100 גרם,,,צנובר 100 גרם,גרמים,100.00,100 גרם,false,,24.90,24.9000,true,1,1452
7290000561981,false,אגוז מלך 200ג,,,אגוז מלך 200ג,גרמים,200.00,100 גרם,false,,19.90,9.9500,true,1,1460
7290000571881,false,משקה יוגורט מחלב עיז,,,משקה יוגורט מחלב עיז,מיליליטרים,500.00,"100 מ""ל",false,,11.90,2.3800,true,1,25851
7290000572208,false,חלוה וניל אחוה 100 ג,,,חלוה וניל אחוה 100 ג,גרמים,100.00,100 גרם,false,,3.50,3.5000,true,1,677
7290000572529,false,חלוה אגוז אחוה 400 ג,,,חלוה אגוז אחוה 400 ג,גרמים,400.00,100 גרם,false,,13.90,3.4750,true,1,680
7290000572628,false,חטיפי חלוה ללא תוספת,,,חטיפי חלוה ללא תוספת,גרמים,275.00,100 גרם,false,,12.90,4.6909,true,1,684
7290000572673,false,חטיפי חלוה 50% שומשו,,,חטיפי חלוה 50% שומשו,גרמים,300.00,100 גרם,false,,12.90,4.3000,true,1,686
7290000574035,false,לחם אחיד פרוס דגנית,,,לחם אחיד פרוס דגנית,גרמים,750.00,100 גרם,false,,7.11,0.9480,true,1,4472
7290000574141,false,לחם חיטה מלאה דגנית,,,לחם חיטה מלאה דגנית,גרמים,750.00,100 גרם,false,,14.90,1.9867,true,1,4478
7290000574172,false,לחם קל חיטה מלאה דגנ,,,לחם קל חיטה מלאה דגנ,גרמים,750.00,100 גרם,false,,13.90,1.8533,true,1,4480
7290000578085,false,גבינת מוצרלה 21% ויל,,,גבינת מוצרלה 21% ויל,קילוגרמים,1.00,"ק""ג",true,,58.00,58.0000,true,1,2804
7290000579768,false,צלי כתף 5 מוכשר ברזי,,,צלי כתף 5 מוכשר ברזי,קילוגרמים,1.00,"ק""ג",true,,69.90,69.9000,true,1,112818
7290000596523,false,סטייק אנטריקוט משובח,,,סטייק אנטריקוט משובח,קילוגרמים,1.00,"ק""ג",true,,78.90,78.9000,true,1,16611
7290000599441,false,סחבות מגולגלות שייני,,,סחבות מגולגלות שייני,יחידה,0.00,יחידה,false,,10.90,0.0000,true,1,13412
7290000599472,false,שישיית כריות יפניות,,,שישיית כריות יפניות,יחידה,0.00,יחידה,false,,7.90,0.0000,true,1,13451
7290000599847,false,רב מגבת מויסקו,,,רב מגבת מויסקו,יחידה,0.00,יחידה,false,,8.90,0.0000,true,1,13466
7290000599946,false,6 ספוגי  הפלא  SHINY,,,6 ספוגי  הפלא  SHINY,יחידה,0.00,יחידה,false,,5.90,0.0000,true,1,13470
7290000599953,false,מגב-K+מקל מתכת,,,מגב-K+מקל מתכת,יחידה,0.00,יחידה,false,,15.00,0.0000,true,1,13471
7290000608202,false,לחם כוסמין מלא בחוש,,,לחם כוסמין מלא בחוש,יח',1.00,יח',false,,17.90,17.9000,true,1,52916
7290000610549,false,פילה מדומה 6 חלק אור,,,פילה מדומה 6 חלק אור,קילוגרמים,1.00,"ק""ג",true,,39.90,39.9000,true,1,210075
7290000610860,false,פילה מדומה 6 מוכשר א,,,פילה מדומה 6 מוכשר א,קילוגרמים,1.00,"ק""ג",true,,39.90,39.9000,true,1,248776
7290000611299,false,פילה נסיכת הנילוס 50,,,פילה נסיכת הנילוס 50,קילוגרמים,1.00,"ק""ג",true,,69.90,69.9000,true,1,244548
7290000614481,false,סטייק אנטריקוט חלק א,,,סטייק אנטריקוט חלק א,קילוגרמים,1.00,"ק""ג",true,,69.90,69.9000,true,1,274152
7290000614498,false,צלעות בקר (2)  חלק א,,,צלעות בקר (2)  חלק א,קילוגרמים,1.00,"ק""ג",true,,49.90,49.9000,true,1,274106
7290000614535,false,פילה מדומה מס' 6 חלק,,,פילה מדומה מס' 6 חלק,קילוגרמים,1.00,"ק""ג",true,,37.90,37.9000,true,1,179601
7290000614559,false,שריר הזרוע מס' 8 חלק,,,שריר הזרוע מס' 8 חלק,קילוגרמים,1.00,"ק""ג",true,,29.90,29.9000,true,1,179612
7290000614566,false,אסאדו מס' 9 חלק ארוז,,,אסאדו מס' 9 חלק ארוז,קילוגרמים,1.00,"ק""ג",true,,59.90,59.9000,true,1,179579
7290000628194,false,שריר הזרוע 8 חלק ברז,,,שריר הזרוע 8 חלק ברז,קילוגרמים,1.00,"ק""ג",true,,29.90,29.9000,true,1,71385
7290000632220,false,שריר הזרוע 8 מוכשר ב,,,שריר הזרוע 8 מוכשר ב,קילוגרמים,1.00,"ק""ג",true,,29.90,29.9000,true,1,51534
7290000652177,false,נתחי פילה נסיכה 100%,,,נתחי פילה נסיכה 100%,קילוגרמים,1.00,"ק""ג",true,,69.90,69.9000,true,1,78998
7290000652542,false,פילה אמנון 5-7 100%,,,פילה אמנון 5-7 100%,קילוגרמים,1.00,"ק""ג",true,,34.90,34.9000,true,1,78977
7290000654546,false,פילה אמנון 7-9 100%,,,פילה אמנון 7-9 100%,קילוגרמים,1.00,"ק""ג",true,,34.90,34.9000,true,1,78978
7290000654935,false,שיפודי פרגית קפוא אר,,,שיפודי פרגית קפוא אר,קילוגרמים,1.00,"ק""ג",true,,69.90,69.9000,true,1,26566
7290000655376,false,פילה דניס קפוא,,,פילה דניס קפוא,קילוגרמים,1.00,"ק""ג",true,,89.90,89.9000,true,1,26491
7290000658926,false,פילה מרלוזה קפוא 100,,,פילה מרלוזה קפוא 100,קילוגרמים,1.00,"ק""ג",true,,32.90,32.9000,true,1,26494
7290000662817,false,סלמון מעושן פרוס 100,,,סלמון מעושן פרוס 100,גרמים,100.00,100 גרם,false,,18.90,18.9000,true,1,108552
7290000663036,false,פילה אמנון ללא עור 1,,,פילה אמנון ללא עור 1,קילוגרמים,1.00,"ק""ג",true,,44.90,44.9000,true,1,127730
7290000663135,false,קוביות סלמון 300 גרם,,,קוביות סלמון 300 גרם,גרמים,300.00,100 גרם,false,,29.90,9.9667,true,1,145013
7290000680123,false,כנפיים עוף טרי ארוז,,,כנפיים עוף טרי ארוז,קילוגרמים,1.00,"ק""ג",true,,10.90,10.9000,true,1,49950
7290000680130,false,שוקיים עוף טרי ארוז,,,שוקיים עוף טרי ארוז,קילוגרמים,1.00,"ק""ג",true,,28.90,28.9000,true,1,49951
7290000680147,false,כרעיים עוף טרי ארוז,,,כרעיים עוף טרי ארוז,קילוגרמים,1.00,"ק""ג",true,,26.90,26.9000,true,1,49952
7290000680154,false,שניצל עוף טרי ארוז,,,שניצל עוף טרי ארוז,קילוגרמים,1.00,"ק""ג",true,,34.90,34.9000,true,1,49953
7290000680161,false,חזה עוף שלם טרי ארוז,,,חזה עוף שלם טרי ארוז,קילוגרמים,1.00,"ק""ג",true,,31.90,31.9000,true,1,49954
7290000680178,false,ירכיים עוף טרי ארוז,,,ירכיים עוף טרי ארוז,קילוגרמים,1.00,"ק""ג",true,,26.90,26.9000,true,1,49955
7290000680185,false,פילה עוף טרי ארוז,,,פילה עוף טרי ארוז,קילוגרמים,1.00,"ק""ג",true,,34.90,34.9000,true,1,49956
7290000680444,false,עוף שלם טרי ארוז,,,עוף שלם טרי ארוז,קילוגרמים,1.00,"ק""ג",true,,18.90,18.9000,true,1,49958
7290000680451,false,כבד עוף טרי ארוז.,,,כבד עוף טרי ארוז.,קילוגרמים,1.00,"ק""ג",true,,19.90,19.9000,true,1,49959
7290000680468,false,קורקבן עוף טרי ארוז,,,קורקבן עוף טרי ארוז,קילוגרמים,1.00,"ק""ג",true,,9.90,9.9000,true,1,49960
7290000680475,false,לבבות עוף טרי ארוז,,,לבבות עוף טרי ארוז,קילוגרמים,1.00,"ק""ג",true,,27.90,27.9000,true,1,49961
7290000680529,false,שניצל עוף טרי ארוז,,,שניצל עוף טרי ארוז,קילוגרמים,1.00,"ק""ג",true,,36.90,36.9000,true,1,49964
7290000680536,false,סטייק פרגית טרי כרע,,,סטייק פרגית טרי כרע,קילוגרמים,1.00,"ק""ג",true,,49.90,49.9000,true,1,49965
7290000681281,false,עוף טרי מחפוד ארוז-ק,,,עוף טרי מחפוד ארוז-ק,קילוגרמים,1.00,"ק""ג",true,,27.90,27.9000,true,1,49966
7290000681298,false,חזה עוף טרי מחפוד אר,,,חזה עוף טרי מחפוד אר,קילוגרמים,1.00,"ק""ג",true,,32.90,32.9000,true,1,49967
7290000681304,false,כרעיים עוף טרי מחפוד,,,כרעיים עוף טרי מחפוד,קילוגרמים,1.00,"ק""ג",true,,32.90,32.9000,true,1,49968
7290000681311,false,ירכיים עוף טרי מחפוד,,,ירכיים עוף טרי מחפוד,קילוגרמים,1.00,"ק""ג",true,,32.90,32.9000,true,1,49969
7290000681328,false,מחפוד שוקיים עוף טרי,,,מחפוד שוקיים עוף טרי,קילוגרמים,1.00,"ק""ג",true,,36.90,36.9000,true,1,49970
7290000681342,false,לבבות עוף טרי מחפוד,,,לבבות עוף טרי מחפוד,קילוגרמים,1.00,"ק""ג",true,,34.90,34.9000,true,1,49972
7290000681359,false,כבד עוף טרי ארוז מחפ,,,כבד עוף טרי ארוז מחפ,קילוגרמים,1.00,"ק""ג",true,,32.90,32.9000,true,1,49973
7290000681366,false,כנפיים עוף מחפוד ב-ק,,,כנפיים עוף מחפוד ב-ק,קילוגרמים,1.00,"ק""ג",true,,14.90,14.9000,true,1,49974
7290000681373,false,גרון עוף טרי מחפוד א,,,גרון עוף טרי מחפוד א,קילוגרמים,1.00,"ק""ג",true,,9.90,9.9000,true,1,49975
7290000681380,false,שניצל עוף טרי מחפוד,,,שניצל עוף טרי מחפוד,קילוגרמים,1.00,"ק""ג",true,,34.90,34.9000,true,1,49976
7290000688084,false,מי עדן 1/2 ליטר ספור,,,מי עדן 1/2 ליטר ספור,מיליליטרים,500.00,"100 מ""ל",false,,2.90,0.5800,true,1,11462
7290000688114,false,מי עדן 1.5 ליטר,,,מי עדן 1.5 ליטר,ליטרים,1.50,ליטר,false,,3.60,2.4000,true,1,11463
7290000688374,false,"מי עדן בייבי 330 מ""ל",,,"מי עדן בייבי 330 מ""ל",ליטרים,1.98,ליטר,false,,14.90,7.5253,true,1,11465
7290000688381,false,מי עדן פקק ספורט 6*5,,,מי עדן פקק ספורט 6*5,ליטרים,3.00,ליטר,false,,13.90,4.6333,true,1,11466
7290000688466,false,מי עדן ג'ים 750מל,,,מי עדן ג'ים 750מל,מיליליטרים,750.00,"100 מ""ל",false,,2.90,0.3867,true,1,11468
7290000688503,false,מי עדן ג'ים 6*750מל,,,מי עדן ג'ים 6*750מל,ליטרים,4.50,ליטר,false,,15.90,3.5333,true,1,11469
7290000692203,false,אג'קס ניקוי כללי ורצ,,,אג'קס ניקוי כללי ורצ,ליטרים,2.00,ליטר,false,,22.90,11.4500,true,1,21416
7290000692210,false,אג'קס ניקוי כללי ורצ,,,אג'קס ניקוי כללי ורצ,ליטרים,2.00,ליטר,false,,22.90,11.4500,true,1,21417
7290000692227,false,פלמוליב לכלים קלאסי-,,,פלמוליב לכלים קלאסי-,יחידה,0.00,יחידה,false,,13.90,0.0000,true,1,21418
7290000692456,false,אגקס חלונות זוג,,,אגקס חלונות זוג,ליטרים,1.50,ליטר,false,,24.90,16.6000,true,1,21421
7290000707079,false,פטם כרעיים במגש קפוא,,,פטם כרעיים במגש קפוא,קילוגרמים,1.00,"ק""ג",true,,31.90,31.9000,true,1,2217
7290000739247,false,פסט. איטלקית זוגלובק,,,פסט. איטלקית זוגלובק,קילוגרמים,1.00,"ק""ג",true,,80.00,80.0000,true,1,38923
7290000803067,false,משחת שיניים לילדים א,,,משחת שיניים לילדים א,מיליליטרים,75.00,"100 מ""ל",false,,15.90,21.2000,true,1,21425
7290000803180,false,מי פה דנטלית מרידול,,,מי פה דנטלית מרידול,מיליליטרים,400.00,"100 מ""ל",false,,30.90,7.7250,true,1,21426
7290000835954,false,פילה אמנון 5-7 בוואק,,,פילה אמנון 5-7 בוואק,קילוגרמים,1.00,"ק""ג",true,,26.90,26.9000,true,1,64338
7290000900313,false,פסט. ספרדית ט.צבי מע,,,פסט. ספרדית ט.צבי מע,קילוגרמים,1.00,"ק""ג",true,,79.00,79.0000,true,1,25314
7290000900436,false,פסט.איטלקית ט.צבי מע,,,פסט.איטלקית ט.צבי מע,קילוגרמים,1.00,"ק""ג",true,,79.00,79.0000,true,1,25317
7290000907970,false,פסטרמה כפרית טירת צב,,,פסטרמה כפרית טירת צב,קילוגרמים,1.00,"ק""ג",true,,49.00,49.0000,true,1,25318
7290000910291,false,פלפל צ`ילי,,,פלפל צ`ילי,גרמים,100.00,100 גרם,false,,7.90,7.9000,true,1,46599
7290000956012,false,פטאקי 18% שומרון,,,פטאקי 18% שומרון,קילוגרמים,1.00,"ק""ג",true,,33.00,33.0000,true,1,14758
7290000982355,false,סיימן צ`דר טריפל למע,,,סיימן צ`דר טריפל למע,קילוגרמים,1.00,"ק""ג",true,,130.00,130.0000,true,1,16641
7290000982393,false,מב סיימן ברס בלו במש,,,מב סיימן ברס בלו במש,קילוגרמים,1.00,"ק""ג",true,,175.00,175.0000,true,1,16643
7290001041123,false,מיה שקד מולבן פרוס 1,,,מיה שקד מולבן פרוס 1,גרמים,100.00,100 גרם,false,,10.90,10.9000,true,1,14849
7290001041161,false,שעועית 1 ק'ג,,,שעועית 1 ק'ג,קילוגרמים,1.00,"ק""ג",false,,14.90,14.9000,true,1,14853
7290001041178,false,"אפונה 1 ק""ג",,,"אפונה 1 ק""ג",קילוגרמים,1.00,"ק""ג",false,,7.90,7.9000,true,1,14854
7290001041192,false,עדשים אדומות 1 ק'ג,,,עדשים אדומות 1 ק'ג,קילוגרמים,1.00,"ק""ג",false,,10.90,10.9000,true,1,14856
7290001041208,false,עדשים ירוקות 1 ק'ג,,,עדשים ירוקות 1 ק'ג,קילוגרמים,1.00,"ק""ג",false,,12.90,12.9000,true,1,14857
7290001041215,false,חיטה 1 ק'ג,,,חיטה 1 ק'ג,קילוגרמים,1.00,"ק""ג",false,,6.90,6.9000,true,1,14858
7290001041222,false,חומוס לבן ענק 1 ק'ג,,,חומוס לבן ענק 1 ק'ג,קילוגרמים,1.00,"ק""ג",false,,17.90,17.9000,true,1,14859
7290001041260,false,שומשום מיה 400 גרם,,,שומשום מיה 400 גרם,גרמים,400.00,100 גרם,false,,11.90,2.9750,true,1,14860
7290001041284,false,לקקנים סוכריה על מקל,,,לקקנים סוכריה על מקל,גרמים,220.00,100 גרם,false,,9.90,4.5000,true,1,14862
7290001045688,false,פרימור מיץ תפוזים 40,,,פרימור מיץ תפוזים 40,מיליליטרים,400.00,"100 מ""ל",false,,7.90,1.9750,true,1,23267
7290001121054,false,יחיעם צמד חמד 700 גר,,,יחיעם צמד חמד 700 גר,גרמים,700.00,100 גרם,false,,24.90,3.5571,true,1,15557
7290001121238,false,יחיעם קורנד ביף 180,,,יחיעם קורנד ביף 180,גרמים,180.00,100 גרם,false,,23.50,13.0556,true,1,15559
7290001121672,false,פסטרמה הודו בפפריקה,,,פסטרמה הודו בפפריקה,גרמים,300.00,100 גרם,false,,19.90,6.6333,true,1,15560
7290001121979,false,יחיעם סלמי הרץ 150ג,,,יחיעם סלמי הרץ 150ג,גרמים,150.00,100 גרם,false,,22.90,15.2667,true,1,15566
7290001123775,false,שווארמה פרגיות 500 ג,,,שווארמה פרגיות 500 ג,גרמים,500.00,100 גרם,false,,19.90,3.9800,true,1,16806
7290001123782,false,שווארמה הודו 500 גרם,,,שווארמה הודו 500 גרם,גרמים,500.00,100 גרם,false,,19.90,3.9800,true,1,16807
7290001136287,false,שמפו רגיל ירוק נקה 7,,,שמפו רגיל ירוק נקה 7,מיליליטרים,750.00,"100 מ""ל",false,,11.90,1.5867,true,1,29810
7290001136294,false,שמפו יבש אדום נקה 7,,,שמפו יבש אדום נקה 7,מיליליטרים,750.00,"100 מ""ל",false,,11.90,1.5867,true,1,29811
7290001136362,false,תחליב רחצה אלוורה ות,,,תחליב רחצה אלוורה ות,יחידה,0.00,יחידה,false,,13.90,0.0000,true,1,29813
7290001136683,false,מרכך רגיל ירוק נקה 7,,,מרכך רגיל ירוק נקה 7,מיליליטרים,750.00,"100 מ""ל",false,,11.90,1.5867,true,1,29815
7290001136799,false,תחליב רחצה ורד ויסמי,,,תחליב רחצה ורד ויסמי,יחידה,0.00,יחידה,false,,13.90,0.0000,true,1,29816
7290001136973,false,תחליב רחצה קמומיל נק,,,תחליב רחצה קמומיל נק,יחידה,0.00,יחידה,false,,13.90,0.0000,true,1,29817
7290001201510,false,30 ביצים M  מ.לסר,,,30 ביצים M  מ.לסר,יחידה,0.00,יחידה,false,,27.87,0.0000,true,1,13625
7290001201589,false,12 ביצים L  מ.לסר,,,12 ביצים L  מ.לסר,יחידה,0.00,יחידה,false,,12.05,0.0000,true,1,13628
7290001201596,false,12 ביצים M  מ.לסר,,,12 ביצים M  מ.לסר,יחידה,0.00,יחידה,false,,11.15,0.0000,true,1,13629
7290001201657,false,30 ביצים M אומגה 3 מ,,,30 ביצים M אומגה 3 מ,יחידה,0.00,יחידה,false,,41.90,0.0000,true,1,13634
7290001201824,false,12 ביצים L  אורגני מ,,,12 ביצים L  אורגני מ,יחידה,0.00,יחידה,false,,21.90,0.0000,true,1,13637
7290001201862,false,12 ביצים חופש L מ. ל,,,12 ביצים חופש L מ. ל,יחידה,0.00,יחידה,false,,17.90,0.0000,true,1,13640
7290001201893,false,12 ביצים M  אומגה 3,,,12 ביצים M  אומגה 3,יחידה,0.00,יחידה,false,,16.90,0.0000,true,1,13642
7290001216040,false,טחינה אל ארז 100% שו,,,טחינה אל ארז 100% שו,גרמים,500.00,100 גרם,false,,15.90,3.1800,true,1,34857
7290001216057,false,טחינה אל ארז 100% שו,,,טחינה אל ארז 100% שו,קילוגרמים,1.00,"ק""ג",false,,29.90,29.9000,true,1,34858
7290001230331,false,כאמל בוקס קופסא בודד,,,כאמל בוקס קופסא בודד,יחידה,0.00,יחידה,false,,32.00,0.0000,false,1,4078
7290001231932,false,וינסטון קופסא בודדת,,,וינסטון קופסא בודדת,יחידה,0.00,יחידה,false,,32.00,0.0000,false,1,4083
7290001245699,false,ג'ל אקונומיקה סמיכה,,,ג'ל אקונומיקה סמיכה,ליטרים,4.00,ליטר,false,,11.90,2.9750,true,1,37990
7290001245705,false,אקונומיקה מבושמת 4 ל,,,אקונומיקה מבושמת 4 ל,ליטרים,4.00,ליטר,false,,10.90,2.7250,true,1,37991
7290001245729,false,ג'ל כביסה ירוק 3 ליט,,,ג'ל כביסה ירוק 3 ליט,ליטרים,1.00,ליטר,false,,17.90,17.9000,true,1,37993
7290001245736,false,ג'ל כביסה כחול 3 ליט,,,ג'ל כביסה כחול 3 ליט,ליטרים,1.00,ליטר,false,,17.90,17.9000,true,1,37994
7290001245798,false,נוזל כלים לימון 18%,,,נוזל כלים לימון 18%,ליטרים,1.60,ליטר,false,,10.90,6.8125,true,1,37996
7290001245828,false,נוזל כלים קלאסי 18%,,,נוזל כלים קלאסי 18%,ליטרים,1.60,ליטר,false,,10.90,6.8125,true,1,37998
7290001245897,false,נוזל רצפות יסמין 4 ל,,,נוזל רצפות יסמין 4 ל,ליטרים,4.00,ליטר,false,,13.90,3.4750,true,1,38005
7290001245958,false,מרכך כביסה טאצ' ורוד,,,מרכך כביסה טאצ' ורוד,ליטרים,4.00,ליטר,false,,13.90,3.4750,true,1,38010
7290001245965,false,מרכך כביסה טאצ' כחול,,,מרכך כביסה טאצ' כחול,ליטרים,4.00,ליטר,false,,13.90,3.4750,true,1,38011
7290001245972,false,מרכך כביסה טאצ' לבן,,,מרכך כביסה טאצ' לבן,ליטרים,4.00,ליטר,false,,13.90,3.4750,true,1,38012
7290001246054,false,פותח סתימות 1 ליטר ט,,,פותח סתימות 1 ליטר ט,ליטרים,1.00,ליטר,false,,13.90,13.9000,true,1,38014
7290001246085,false,תרסיס מנקה חלונות 1,,,תרסיס מנקה חלונות 1,ליטרים,1.00,ליטר,false,,5.90,5.9000,true,1,38017
7290001246115,false,תרסיס מסיר עובש 750,,,תרסיס מסיר עובש 750,מיליליטרים,750.00,"100 מ""ל",false,,12.90,1.7200,true,1,38020
7290001246290,false,תרסיס רסס נגב טאצ' 7,,,תרסיס רסס נגב טאצ' 7,מיליליטרים,750.00,"100 מ""ל",false,,12.90,1.7200,true,1,38024
7290001246351,false,נוזל רצפות לבנדר 4 ל,,,נוזל רצפות לבנדר 4 ל,ליטרים,4.00,ליטר,false,,13.90,3.4750,true,1,38029
7290001246528,false,מרכך כביסה מרוכז פרפ,,,מרכך כביסה מרוכז פרפ,ליטרים,1.00,ליטר,false,,12.90,12.9000,true,1,38032
7290001246634,false,נוזל אסלות על בסיס ח,,,נוזל אסלות על בסיס ח,ליטרים,1.00,ליטר,false,,7.90,7.9000,true,1,38033
7290001246757,false,נוזל רצפות מלון בוטי,,,נוזל רצפות מלון בוטי,ליטרים,2.00,ליטר,false,,17.90,8.9500,true,1,38034
7290001246764,false,נוזל רצפות ספא מפנק,,,נוזל רצפות ספא מפנק,ליטרים,2.00,ליטר,false,,17.90,8.9500,true,1,38035
7290001246825,false,ג'ל כביסה ירוק טאצ',,,ג'ל כביסה ירוק טאצ',ליטרים,5.00,ליטר,false,,29.90,5.9800,true,1,186126
7290001246832,false,ג'ל כביסה כחול טאצ',,,ג'ל כביסה כחול טאצ',ליטרים,5.00,ליטר,false,,29.90,5.9800,true,1,186127
7290001246979,false,אקופרנד - נוזל כלים,,,אקופרנד - נוזל כלים,ליטרים,1.00,ליטר,false,,14.90,14.9000,true,1,91670
7290001247068,false,ספרינג תות בננה קרטו,,,ספרינג תות בננה קרטו,ליטרים,1.00,ליטר,false,,6.90,6.9000,true,1,11483
7290001247099,false,ספרינג מנגו קרטונית,,,ספרינג מנגו קרטונית,ליטרים,1.00,ליטר,false,,6.90,6.9000,true,1,11485
7290001247105,false,ספרינג נקטר אפרסק 1ל,,,ספרינג נקטר אפרסק 1ל,ליטרים,1.00,ליטר,false,,6.90,6.9000,true,1,11486
7290001247112,false,ספרינג לימונענע קרטו,,,ספרינג לימונענע קרטו,ליטרים,1.00,ליטר,false,,6.90,6.9000,true,1,11487
7290001247129,false,ספרינג תפוז קרטונית,,,ספרינג תפוז קרטונית,ליטרים,1.00,ליטר,false,,6.90,6.9000,true,1,11488
7290001247143,false,ספרינג תפוח קרטונית,,,ספרינג תפוח קרטונית,ליטרים,1.00,ליטר,false,,6.90,6.9000,true,1,11490
7290001274231,false,שלגון פסים 75 גרם,,,שלגון פסים 75 גרם,גרמים,75.00,100 גרם,false,,5.90,7.8667,true,1,226060
7290001274262,false,שלגון לוקס 85 גרם,,,שלגון לוקס 85 גרם,גרמים,85.00,100 גרם,false,,6.90,8.1176,true,1,220703
7290001274279,false,שלגון גלית תות חלבי,,,שלגון גלית תות חלבי,גרמים,70.00,100 גרם,false,,3.90,5.5714,true,1,220890
7290001274293,false,סנקור XL ארוך 70 גרם,,,סנקור XL ארוך 70 גרם,גרמים,70.00,100 גרם,false,,5.90,8.4286,true,1,165411
7290001274576,false,גלידל בטעם תות וניל,,,גלידל בטעם תות וניל,גרמים,450.00,100 גרם,false,,21.90,4.8667,true,1,115116
7290001305188,false,פלמוליב לכלים פריחת,,,פלמוליב לכלים פריחת,מיליליטרים,750.00,"100 מ""ל",false,,11.90,1.5867,true,1,21430
7290001327180,false,קרמיסימו וניל ציפ 1.,,,קרמיסימו וניל ציפ 1.,ליטרים,1.33,ליטר,false,,18.90,14.2105,true,1,4228
7290001327791,false,קרמיסימו עוגיות 1.33,,,קרמיסימו עוגיות 1.33,ליטרים,1.33,ליטר,false,,18.90,14.2105,true,1,4232
7290001343845,false,גרנולה שיבולת שועל ע,,,גרנולה שיבולת שועל ע,קילוגרמים,1.00,"ק""ג",false,,18.90,18.9000,true,1,4614
7290001407127,false,פרוסות חלבה וניל באר,,,פרוסות חלבה וניל באר,גרמים,400.00,100 גרם,false,,14.30,3.5750,true,1,18691
7290001407547,false,בארכה טחינה שומשום מ,,,בארכה טחינה שומשום מ,גרמים,500.00,100 גרם,false,,14.90,2.9800,true,1,18695
7290001407769,false,בארכה טחינה עם שומשו,,,בארכה טחינה עם שומשו,גרמים,500.00,100 גרם,false,,14.90,2.9800,true,1,18698
7290001407820,false,חלבה שאמית וניל בארכ,,,חלבה שאמית וניל בארכ,גרמים,350.00,100 גרם,false,,14.90,4.2571,true,1,18700
7290001407844,false,חלבה קלאסית וניל באר,,,חלבה קלאסית וניל באר,גרמים,350.00,100 גרם,false,,14.30,4.0857,true,1,18702
7290001407936,false,בארכה טחינה מעודנת 3,,,בארכה טחינה מעודנת 3,גרמים,310.00,100 גרם,false,,10.90,3.5161,true,1,18703
7290001419618,false,וופל עלמה בלגי שוקו,,,וופל עלמה בלגי שוקו,גרמים,200.00,100 גרם,false,,2.90,1.4500,true,1,41252
7290001419779,false,וופל עלמה קלאסי 200,,,וופל עלמה קלאסי 200,גרמים,200.00,100 גרם,false,,2.90,1.4500,true,1,41253
7290001427453,false,מיץ תפוחים מצונן טעם,,,מיץ תפוחים מצונן טעם,ליטרים,1.00,ליטר,false,,20.90,20.9000,true,1,129092
7290001436790,false,מרגז מיני אקסטרה חרי,,,מרגז מיני אקסטרה חרי,גרמים,500.00,100 גרם,false,,28.90,5.7800,true,1,176428
7290001439074,false,שלישיית כדור ליפה,,,שלישיית כדור ליפה,יחידה,0.00,יחידה,false,,9.90,0.0000,true,1,14265
7290001439432,false,ג.ס ספוג ליפה,,,ג.ס ספוג ליפה,יחידה,0.00,יחידה,false,,10.90,0.0000,true,1,14267
7290001459928,false,גזר גמדי בלדי 800 גר,,,גזר גמדי בלדי 800 גר,גרמים,800.00,100 גרם,false,,11.90,1.4875,true,1,257214
7290001459935,false,אפונה בלדי 800 גרם,,,אפונה בלדי 800 גרם,גרמים,800.00,100 גרם,false,,11.90,1.4875,true,1,257178
7290001459942,false,אפונה וקוביות גזר בל,,,אפונה וקוביות גזר בל,גרמים,800.00,100 גרם,false,,11.90,1.4875,true,1,257190
7290001461112,false,לחם מחמצת דגנים,,,לחם מחמצת דגנים,גרמים,530.00,100 גרם,false,,16.90,3.1887,true,1,52787
7290001468890,false,אלכוהול 70% נאמן 100,,,אלכוהול 70% נאמן 100,מיליליטרים,100.00,"100 מ""ל",false,,4.50,4.5000,true,1,15869
7290001482094,false,וילי פוד פרמזן משולש,,,וילי פוד פרמזן משולש,גרמים,200.00,100 גרם,false,,17.90,8.9500,true,1,2857
7290001485019,false,טרה גבינת שמנת טבעי,,,טרה גבינת שמנת טבעי,גרמים,200.00,100 גרם,false,,10.90,5.4500,true,1,6366
7290001491096,false,תה ירוק בתוספת לימונ,,,תה ירוק בתוספת לימונ,גרמים,75.00,100 גרם,false,,45.90,61.2000,true,1,24628
7290001552025,false,קוסקוס 800גר,,,קוסקוס 800גר,גרמים,800.00,100 גרם,false,,14.90,1.8625,true,1,51558
7290001567555,false,פסטרמה מעודנת עם דבש,,,פסטרמה מעודנת עם דבש,גרמים,300.00,100 גרם,false,,19.90,6.6333,true,1,176426
7290001567708,false,נקניקיות עוף 400 גר`,,,נקניקיות עוף 400 גר`,גרמים,400.00,100 גרם,false,,9.90,2.4750,true,1,15567
7290001567760,false,פסטרמה של פעם 300 גר,,,פסטרמה של פעם 300 גר,גרמים,300.00,100 גרם,false,,24.50,8.1667,true,1,15572
7290001591680,false,קניידלך מקמח מצה 500,,,קניידלך מקמח מצה 500,גרמים,500.00,100 גרם,false,,19.90,3.9800,true,1,202812
7290001591710,false,המבורגר אנגוס טיבון,,,המבורגר אנגוס טיבון,גרמים,600.00,100 גרם,false,,22.90,3.8167,true,1,203724
7290001591727,false,קבב בקר על מקל טיבון,,,קבב בקר על מקל טיבון,גרמים,500.00,100 גרם,false,,22.90,4.5800,true,1,203725
7290001591734,false,נקניקיות מרגז בסגנון,,,נקניקיות מרגז בסגנון,גרמים,500.00,100 גרם,false,,22.90,4.5800,true,1,203726
7290001594025,false,קוקה קולה קלאסי 350,,,קוקה קולה קלאסי 350,מיליליטרים,350.00,"100 מ""ל",false,,6.90,1.9714,true,1,6828
7290001594230,false,סודה קינלי 250 מ'ל,,,סודה קינלי 250 מ'ל,מיליליטרים,250.00,"100 מ""ל",false,,2.90,1.1600,true,1,6841
7290001594377,false,פריגת משקה תפוזים 50,,,פריגת משקה תפוזים 50,מיליליטרים,500.00,"100 מ""ל",false,,6.50,1.3000,true,1,6846
7290001594858,false,טובורג רד בקבוק פקדו,,,טובורג רד בקבוק פקדו,ליטרים,1.98,ליטר,false,,43.90,22.1717,true,1,6859
7290001594865,false,קרלסברג בירה בקבוק 6,,,קרלסברג בירה בקבוק 6,ליטרים,1.98,ליטר,false,,44.90,22.6768,true,1,6860
7290001648643,false,כתר קפה טורקי 3*100ג,,,כתר קפה טורקי 3*100ג,גרמים,300.00,100 גרם,false,,12.80,4.2667,true,1,20495
7290001670057,false,.סכום ח.פ.כפיות 100י,,,.סכום ח.פ.כפיות 100י,יחידה,0.00,יחידה,false,,12.90,0.0000,true,1,7723
7290001670064,false,סכינים 100יח,,,סכינים 100יח,יחידה,0.00,יחידה,false,,12.90,0.0000,true,1,7724
7290001670071,false,.סכום ח.פ.כפות 100יח,,,.סכום ח.פ.כפות 100יח,יחידה,0.00,יחידה,false,,12.90,0.0000,true,1,7725
7290001670224,false,מלית פרג 400 גרם,,,מלית פרג 400 גרם,גרמים,400.00,100 גרם,false,,9.90,2.4750,true,1,7730
7290001670255,false,כוסות שתיה חמה 50 יח,,,כוסות שתיה חמה 50 יח,יח',50.00,יח',false,,8.90,0.1780,true,1,7733
7290001670514,false,מלית אוכמניות 400 גר,,,מלית אוכמניות 400 גר,גרמים,400.00,100 גרם,false,,9.90,2.4750,true,1,7739
7290001696620,false,מיקס פיצוחים 350 גר',,,מיקס פיצוחים 350 גר',גרמים,350.00,100 גרם,false,,12.90,3.6857,true,1,1465
7290001696729,false,פקאן טבעי 100 גרם,,,פקאן טבעי 100 גרם,גרמים,100.00,100 גרם,false,,16.90,16.9000,true,1,1467
7290001696736,false,פקאן סיני 100 גרם,,,פקאן סיני 100 גרם,גרמים,100.00,100 גרם,false,,17.90,17.9000,true,1,1468
7290001696989,false,בוטנת גרעינים שחורים,,,בוטנת גרעינים שחורים,גרמים,200.00,100 גרם,false,,7.50,3.7500,true,1,1470
7290001710111,false,נקניקיות מרגז 500 גר,,,נקניקיות מרגז 500 גר,גרמים,500.00,100 גרם,false,,19.90,3.9800,true,1,16820
7290001710128,false,נקניקיות צוריסוס 500,,,נקניקיות צוריסוס 500,גרמים,500.00,100 גרם,false,,19.90,3.9800,true,1,16821
7290001713167,false,קצף לניקוי כלים סניט,,,קצף לניקוי כלים סניט,ליטרים,1.00,ליטר,false,,9.90,9.9000,true,1,20095
7290001780800,false,קראנץ' ליבת נוגט,,,קראנץ' ליבת נוגט,יחידה,0.00,יחידה,false,,10.50,0.0000,true,1,16097
7290001791349,false,אקונומיקה ריחנית פסג,,,אקונומיקה ריחנית פסג,ליטרים,4.00,ליטר,false,,11.90,2.9750,true,1,29839
7290001791356,false,סנו פרש אוטומטיק ברי,,,סנו פרש אוטומטיק ברי,גרמים,165.00,100 גרם,false,,13.90,8.4242,true,1,29840
7290001813454,false,חיוכים חגיגה שוק 900,,,חיוכים חגיגה שוק 900,גרמים,900.00,100 גרם,false,,19.90,2.2111,true,1,22217
7290001813478,false,חיוכים חגיגה וניל 90,,,חיוכים חגיגה וניל 90,גרמים,900.00,100 גרם,false,,19.90,2.2111,true,1,22218
7290001817728,false,ציטוס כאפה 55 גרם,,,ציטוס כאפה 55 גרם,גרמים,55.00,100 גרם,false,,3.50,6.3636,true,1,24161
7290001865439,false,סבון נוזלי וניל + מש,,,סבון נוזלי וניל + מש,יחידה,0.00,יחידה,false,,10.90,0.0000,true,1,5759
7290001865453,false,סבון נוזלי לבנדר+ מש,,,סבון נוזלי לבנדר+ מש,יחידה,0.00,יחידה,false,,10.90,0.0000,true,1,5760
7290001873441,false,המבורגר בלאק אנגוס 3,,,המבורגר בלאק אנגוס 3,גרמים,320.00,100 גרם,false,,24.90,7.7812,true,1,54872
7290001873489,false,קרפצ'יו בלאק אנגוס 1,,,קרפצ'יו בלאק אנגוס 1,גרמים,120.00,100 גרם,false,,14.90,12.4167,true,1,54875
7290001901656,false,צנצנת דגים 7 יח היימ,,,צנצנת דגים 7 יח היימ,גרמים,560.00,100 גרם,false,,11.90,2.1250,true,1,42739
7290001990148,false,סוכר גולדן קלאסי בצנ,,,סוכר גולדן קלאסי בצנ,קילוגרמים,1.00,"ק""ג",false,,12.90,12.9000,true,1,17316
7290001990261,false,"סוגת חומוס 1 ק""ג",,,"סוגת חומוס 1 ק""ג",קילוגרמים,1.00,"ק""ג",false,,14.90,14.9000,true,1,17317
7290001990278,false,סוגת שעועית לבנה 1 ק,,,סוגת שעועית לבנה 1 ק,קילוגרמים,1.00,"ק""ג",false,,18.90,18.9000,true,1,17318
7290001990391,false,"אפונה 1 ק""ג",,,"אפונה 1 ק""ג",קילוגרמים,1.00,"ק""ג",false,,11.90,11.9000,true,1,17320
7290001990407,false,עדשים ירוקים 1 קג,,,עדשים ירוקים 1 קג,קילוגרמים,1.00,"ק""ג",false,,14.90,14.9000,true,1,17321
7290001990414,false,סוגת עדשים אדומים 1,,,סוגת עדשים אדומים 1,קילוגרמים,1.00,"ק""ג",false,,14.90,14.9000,true,1,17322
7290001990421,false,"סוגת פופקורן 1 ק""ג",,,"סוגת פופקורן 1 ק""ג",קילוגרמים,1.00,"ק""ג",false,,9.90,9.9000,true,1,17323
7290002001782,false,קרם לטיפוח כף הרגל פ,,,קרם לטיפוח כף הרגל פ,גרמים,100.00,100 גרם,false,,15.90,15.9000,true,1,5770
7290002002857,false,נייר להסרת שיער מגע,,,נייר להסרת שיער מגע,יחידה,0.00,יחידה,false,,18.90,0.0000,true,1,5776
7290002007234,false,אבקת סוכר 100ג,,,אבקת סוכר 100ג,גרמים,100.00,100 גרם,false,,1.90,1.9000,true,1,7752
7290002007357,false,שקיות לצליה דליקטס מ,,,שקיות לצליה דליקטס מ,יחידה,0.00,יחידה,false,,4.50,0.0000,true,1,7756
7290002007487,false,צמר פלדה 100 גר',,,צמר פלדה 100 גר',גרמים,100.00,100 גרם,false,,3.90,3.9000,true,1,7762
7290002007500,false,קיסמים חבית הנמל 500,,,קיסמים חבית הנמל 500,יח',500.00,יח',false,,3.50,0.0070,true,1,7763
7290002007890,false,כוס שתיה קרה 100 יח,,,כוס שתיה קרה 100 יח,יחידה,0.00,יחידה,false,,12.90,0.0000,true,1,7772
7290002007975,false,צלחות קטן 50יח,,,צלחות קטן 50יח,יחידה,0.00,יחידה,false,,12.90,0.0000,true,1,7774
7290002007982,false,מזלגות חד פעמי 100 י,,,מזלגות חד פעמי 100 י,יחידה,0.00,יחידה,false,,12.90,0.0000,true,1,7775
7290002007999,false,צלחות גדול 50יח הנמל,,,צלחות גדול 50יח הנמל,יחידה,0.00,יחידה,false,,15.90,0.0000,true,1,7776
7290002008040,false,שיפודים עץ 30סמ,,,שיפודים עץ 30סמ,יחידה,0.00,יחידה,false,,2.90,0.0000,true,1,7779
7290002008149,false,מדליק פחם מוצק 40 קו,,,מדליק פחם מוצק 40 קו,גרמים,300.00,100 גרם,false,,6.50,2.1667,true,1,7784
7290002008187,false,קש לשתיה מתקפל 40יח,,,קש לשתיה מתקפל 40יח,יחידה,0.00,יחידה,false,,1.90,0.0000,true,1,7788
7290002008224,false,קישוט לעוגה גליד.,,,קישוט לעוגה גליד.,גרמים,60.00,100 גרם,false,,5.90,9.8333,true,1,7789
7290002008347,false,קורנפלור 500 גרם,,,קורנפלור 500 גרם,גרמים,500.00,100 גרם,false,,6.90,1.3800,true,1,7794
7290002008507,false,נייר אפיה 50יח,,,נייר אפיה 50יח,יחידה,0.00,יחידה,false,,8.90,0.0000,true,1,7799
7290002008743,false,סוכר וניל 10*10 גרם,,,סוכר וניל 10*10 גרם,גרמים,100.00,100 גרם,false,,2.90,2.9000,true,1,7804
7290002008750,false,אבקת אפיה 10*10 גרם,,,אבקת אפיה 10*10 גרם,גרמים,100.00,100 גרם,false,,2.90,2.9000,true,1,7805
7290002008989,false,קישקשים 225 יח,,,קישקשים 225 יח,יחידה,0.00,יחידה,false,,9.90,0.0000,true,1,7814
7290002043218,false,אקסטרא צ'יפס מלח ואו,,,אקסטרא צ'יפס מלח ואו,גרמים,60.00,100 גרם,false,,8.50,14.1667,true,1,112975
7290002043294,false,צ'יפס טקסס ברבקיו אק,,,צ'יפס טקסס ברבקיו אק,גרמים,25.00,100 גרם,false,,3.90,15.6000,true,1,83661
7290002043331,false,צ'יפס כוסמת אקסטרה 6,,,צ'יפס כוסמת אקסטרה 6,גרמים,60.00,100 גרם,false,,8.50,14.1667,true,1,102088
7290002043379,false,צ'יפס פרוטאין עדשים,,,צ'יפס פרוטאין עדשים,גרמים,60.00,100 גרם,false,,8.50,14.1667,true,1,83924
7290002043591,false,חטיף צ'יפס משפחתי בט,,,חטיף צ'יפס משפחתי בט,גרמים,120.00,100 גרם,false,,12.50,10.4167,true,1,203292
7290002043782,false,צ'יפס טקסס ברבקיו אק,,,צ'יפס טקסס ברבקיו אק,גרמים,60.00,100 גרם,false,,8.50,14.1667,true,1,83662
7290002053088,false,אטריות ביצים מס' 8 א,,,אטריות ביצים מס' 8 א,גרמים,210.00,100 גרם,false,,7.90,3.7619,true,1,3435
7290002053354,false,נודלס סיני אוריינט 3,,,נודלס סיני אוריינט 3,גרמים,300.00,100 גרם,false,,13.90,4.6333,true,1,3439
7290002053538,false,נודלס אוריינט 400 גר,,,נודלס אוריינט 400 גר,גרמים,500.00,100 גרם,false,,13.90,2.7800,true,1,3441
7290002057017,false,זיתים נובו ענק קבוצת,,,זיתים נובו ענק קבוצת,גרמים,560.00,100 גרם,false,,8.90,1.5893,true,1,44728
7290002057031,false,זיתים מבוקעים פיקנטי,,,זיתים מבוקעים פיקנטי,גרמים,560.00,100 גרם,false,,8.90,1.5893,true,1,44729
7290002057093,false,זית מנזלינו גדול מנז,,,זית מנזלינו גדול מנז,גרמים,540.00,100 גרם,false,,7.90,1.4630,true,1,44734
7290002057123,false,זיתים חרוזית ירוק קב,,,זיתים חרוזית ירוק קב,גרמים,275.00,100 גרם,false,,9.90,3.6000,true,1,44737
7290002057147,false,זית מושחר גדול קבוצת,,,זית מושחר גדול קבוצת,גרמים,540.00,100 גרם,false,,8.90,1.6481,true,1,44739
7290002057185,false,טבעות זיתים ירוקים ק,,,טבעות זיתים ירוקים ק,גרמים,540.00,100 גרם,false,,9.50,1.7593,true,1,44743
7290002057352,false,מלפפונים  במלח 7-9 ק,,,מלפפונים  במלח 7-9 ק,גרמים,560.00,100 גרם,false,,6.90,1.2321,true,1,44751
7290002057369,false,מלפפון במלח 10-12 קב,,,מלפפון במלח 10-12 קב,גרמים,560.00,100 גרם,false,,7.90,1.4107,true,1,44752
7290002057376,false,מלפפון במלח 13-17 קב,,,מלפפון במלח 13-17 קב,גרמים,560.00,100 גרם,false,,9.90,1.7679,true,1,44753
7290002057383,false,מלפפון 18-25במלח קבו,,,מלפפון 18-25במלח קבו,גרמים,560.00,100 גרם,false,,12.90,2.3036,true,1,44754
7290002057437,false,שיפקונית קבוצת יבנה,,,שיפקונית קבוצת יבנה,גרמים,560.00,100 גרם,false,,9.90,1.7679,true,1,96086
7290002057451,false,מלפפון בחומץ 7-9 קבו,,,מלפפון בחומץ 7-9 קבו,גרמים,560.00,100 גרם,false,,6.90,1.2321,true,1,44757
7290002057468,false,מלפפון בחומץ 10-12 ק,,,מלפפון בחומץ 10-12 ק,גרמים,560.00,100 גרם,false,,7.90,1.4107,true,1,44758
7290002057475,false,מלפפון בחומץ 13-17 ק,,,מלפפון בחומץ 13-17 ק,גרמים,560.00,100 גרם,false,,9.90,1.7679,true,1,28083
7290002057604,false,פלפל חריף שיפקה קבוצ,,,פלפל חריף שיפקה קבוצ,גרמים,560.00,100 גרם,false,,5.90,1.0536,true,1,44759
7290002057628,false,זיתים טבעות מושחר קב,,,זיתים טבעות מושחר קב,גרמים,275.00,100 גרם,false,,8.90,3.2364,true,1,44761
7290002061236,false,19 שעווה קרה אורנה,,,19 שעווה קרה אורנה,מיליליטרים,500.00,"100 מ""ל",false,,15.90,3.1800,true,1,1075
7290002065555,false,6 לחמניות רכות אנגל,,,6 לחמניות רכות אנגל,גרמים,450.00,100 גרם,false,,11.50,2.5556,true,1,35432
7290002077725,false,סלמון מעושן 100 ג,,,סלמון מעושן 100 ג,גרמים,100.00,100 גרם,false,,19.90,19.9000,true,1,16825
7290002105503,false,המבורגר טחון 500 גר,,,המבורגר טחון 500 גר,גרמים,500.00,100 גרם,false,,19.90,3.9800,true,1,47077
7290002105510,false,קבב מזרחי 500-מחפוד,,,קבב מזרחי 500-מחפוד,גרמים,500.00,100 גרם,false,,20.90,4.1800,true,1,47078
7290002105527,false,גולש בקר 800 גרם מחפ,,,גולש בקר 800 גרם מחפ,גרמים,800.00,100 גרם,false,,49.90,6.2375,true,1,47079
7290002105541,false,סטייק אנטריקוט 800 ג,,,סטייק אנטריקוט 800 ג,גרמים,800.00,100 גרם,false,,49.90,6.2375,true,1,47081
7290002105565,false,טחון הודו 500 גרם מח,,,טחון הודו 500 גרם מח,גרמים,500.00,100 גרם,false,,13.90,2.7800,true,1,47083
7290002105671,false,טחון עוף 500 גר מחפו,,,טחון עוף 500 גר מחפו,גרמים,500.00,100 גרם,false,,13.90,2.7800,true,1,47084
7290002105756,false,"טחון בקר 1 ק""ג מחפוד",,,"טחון בקר 1 ק""ג מחפוד",קילוגרמים,1.00,"ק""ג",false,,39.90,39.9000,true,1,47088
7290002107071,false,צוריאל פטה עיזים מעו,,,צוריאל פטה עיזים מעו,גרמים,200.00,100 גרם,false,,23.90,11.9500,true,1,6374
7290002107491,false,צוריאל גבינת עזים למ,,,צוריאל גבינת עזים למ,גרמים,250.00,100 גרם,false,,14.90,5.9600,true,1,6376
7290002107965,false,צוריאל טבורוג גבינה,,,צוריאל טבורוג גבינה,גרמים,500.00,100 גרם,false,,22.90,4.5800,true,1,6378
7290002109372,false,בורקס פילו אצבעות בו,,,בורקס פילו אצבעות בו,גרמים,700.00,100 גרם,false,,19.90,2.8429,true,1,16828
7290002109488,false,קבב אמיתי 100% 440 ג,,,קבב אמיתי 100% 440 ג,גרמים,440.00,100 גרם,false,,17.90,4.0682,true,1,16830
7290002111764,false,שעועית לבנה ברוטב עג,,,שעועית לבנה ברוטב עג,גרמים,580.00,100 גרם,false,,8.90,1.5345,true,1,8704
7290002129455,false,פיצה איטלקית   450 ג,,,פיצה איטלקית   450 ג,גרמים,450.00,100 גרם,false,,19.90,4.4222,true,1,16832
7290002130567,false,דבש טהור מפרחי בר בצ,,,דבש טהור מפרחי בר בצ,גרמים,350.00,100 גרם,false,,18.90,5.4000,true,1,22228
7290002130574,false,דבש טהור מפרחי בר בצ,,,דבש טהור מפרחי בר בצ,גרמים,500.00,100 גרם,false,,24.90,4.9800,true,1,22229
7290002130581,false,דבש טהור מפרחי בר בצ,,,דבש טהור מפרחי בר בצ,קילוגרמים,1.00,"ק""ג",false,,43.90,43.9000,true,1,22230
7290002157953,false,טונה בשמן קנולה וילי,,,טונה בשמן קנולה וילי,גרמים,560.00,100 גרם,false,,18.90,3.3750,true,1,16836
7290002190141,false,ריבת חלב קונדיטור 45,,,ריבת חלב קונדיטור 45,גרמים,450.00,100 גרם,false,,13.90,3.0889,true,1,24934
7290002190516,false,ממרח ריבת חלב קומידה,,,ממרח ריבת חלב קומידה,גרמים,500.00,100 גרם,false,,13.90,2.7800,true,1,24935
7290002195054,false,המבורגר בלדי 400ג,,,המבורגר בלדי 400ג,גרמים,400.00,100 גרם,false,,12.90,3.2250,true,1,35301
7290002195078,false,בלדי קבב כבש  400 גר,,,בלדי קבב כבש  400 גר,גרמים,400.00,100 גרם,false,,12.90,3.2250,true,1,35302
7290002195085,false,קבב מזרחי 400 גר בלד,,,קבב מזרחי 400 גר בלד,גרמים,400.00,100 גרם,false,,12.90,3.2250,true,1,35303
7290002195092,false,קבב רומני 400 גר',,,קבב רומני 400 גר',גרמים,400.00,100 גרם,false,,12.90,3.2250,true,1,35304
7290002253006,false,דורות שום כתוש טרי 2,,,דורות שום כתוש טרי 2,גרמים,200.00,100 גרם,false,,15.90,7.9500,true,1,19737
7290002253105,false,דורות מגשית קוביות ש,,,דורות מגשית קוביות ש,גרמים,80.00,100 גרם,false,,9.90,12.3750,true,1,19740
7290002253150,false,בזיליקום טרי קצוץ 70,,,בזיליקום טרי קצוץ 70,גרמים,70.00,100 גרם,false,,9.90,14.1429,true,1,19741
7290002253167,false,פטרוזליה טרייה קצוצה,,,פטרוזליה טרייה קצוצה,גרמים,70.00,100 גרם,false,,10.50,15.0000,true,1,19742
7290002253174,false,שמיר טרי קצוץ 70 גרם,,,שמיר טרי קצוץ 70 גרם,גרמים,70.00,100 גרם,false,,10.00,14.2857,true,1,19743
7290002253181,false,כוסברה טריה קצוצה 70,,,כוסברה טריה קצוצה 70,גרמים,70.00,100 גרם,false,,10.00,14.2857,true,1,19744
7290002253235,false,דורות רוטב פסטו 160,,,דורות רוטב פסטו 160,גרמים,160.00,100 גרם,false,,10.90,6.8125,true,1,19746
7290002253310,false,דורות שום צילי חריף,,,דורות שום צילי חריף,גרמים,80.00,100 גרם,false,,9.90,12.3750,true,1,140694
7290002253495,false,דורות תבל.לטחינה בית,,,דורות תבל.לטחינה בית,גרמים,70.00,100 גרם,false,,10.00,14.2857,true,1,140756
7290002255031,false,סיגרים במילוי בשר חט,,,סיגרים במילוי בשר חט,גרמים,800.00,100 גרם,false,,22.90,2.8625,true,1,51561
7290002255048,false,קובה למרק במילוי בשר,,,קובה למרק במילוי בשר,גרמים,800.00,100 גרם,false,,22.90,2.8625,true,1,51562
7290002255055,false,פלאפל חטיפי אלקיים 7,,,פלאפל חטיפי אלקיים 7,גרמים,700.00,100 גרם,false,,13.90,1.9857,true,1,51563
7290002255086,false,קובה ביתי במילוי בשר,,,קובה ביתי במילוי בשר,גרמים,700.00,100 גרם,false,,22.90,3.2714,true,1,51564
7290002255116,false,קרפלך במילוי בשר חטי,,,קרפלך במילוי בשר חטי,גרמים,800.00,100 גרם,false,,22.90,2.8625,true,1,51565
7290002255130,false,"סיגרים במילוי תפו""א",,,"סיגרים במילוי תפו""א",גרמים,800.00,100 גרם,false,,22.90,2.8625,true,1,51566
7290002255215,false,עלים לסיגר 500ג,,,עלים לסיגר 500ג,גרמים,500.00,100 גרם,false,,9.90,1.9800,true,1,51569
7290002255468,false,אמפנדס במילוי בשר,,,אמפנדס במילוי בשר,גרמים,700.00,100 גרם,false,,22.90,3.2714,true,1,51572
7290002255475,false,פסטלים במילוי בשר בד,,,פסטלים במילוי בשר בד,גרמים,800.00,100 גרם,false,,22.90,2.8625,true,1,51573
7290002259664,false,רדיד אלומניום 30*60.,,,רדיד אלומניום 30*60.,מטרים,60.90,מטר,false,,54.90,0.9015,true,1,3808
7290002263562,false,מיץ לימון משומר תבלי,,,מיץ לימון משומר תבלי,מיליליטרים,200.00,"100 מ""ל",false,,6.90,3.4500,true,1,61633
7290002263586,false,מיץ לימון משומר תבלי,,,מיץ לימון משומר תבלי,מיליליטרים,500.00,"100 מ""ל",false,,10.90,2.1800,true,1,61634
7290002263661,false,מיץ לימון 100% טבעי,,,מיץ לימון 100% טבעי,מיליליטרים,250.00,"100 מ""ל",false,,7.90,3.1600,true,1,61635
7290002291046,false,בלדי המבורגר מסעדות,,,בלדי המבורגר מסעדות,גרמים,480.00,100 גרם,false,,22.90,4.7708,true,1,35307
7290002317128,false,מלפפון במלח 10-12 מו,,,מלפפון במלח 10-12 מו,גרמים,560.00,100 גרם,false,,10.90,1.9464,true,1,24410
7290002317135,false,מלפפון במלח 13-17 מו,,,מלפפון במלח 13-17 מו,גרמים,560.00,100 גרם,false,,10.90,1.9464,true,1,24411
7290002317166,false,מלפפון בחומץ 10-12 מ,,,מלפפון בחומץ 10-12 מ,גרמים,560.00,100 גרם,false,,10.90,1.9464,true,1,24413
7290002317173,false,מלפפון בחומץ 13-17 מ,,,מלפפון בחומץ 13-17 מ,גרמים,560.00,100 גרם,false,,10.90,1.9464,true,1,24414
7290002317265,false,מלפפון במלח 20% 7-9,,,מלפפון במלח 20% 7-9,גרמים,670.00,100 גרם,false,,9.90,1.4776,true,1,24420
7290002317289,false,חצילים מוטולה 560 גר,,,חצילים מוטולה 560 גר,גרמים,560.00,100 גרם,false,,9.90,1.7679,true,1,24421
7290002317319,false,מלפפון בחומץ 7-9 20%,,,מלפפון בחומץ 7-9 20%,גרמים,670.00,100 גרם,false,,9.90,1.4776,true,1,24424
7290002317579,false,טבעות זיתים ירוקים מ,,,טבעות זיתים ירוקים מ,גרמים,560.00,100 גרם,false,,10.90,1.9464,true,1,24438
7290002317616,false,זיתים חתוכים מרינט 1,,,זיתים חתוכים מרינט 1,גרמים,560.00,100 גרם,false,,10.90,1.9464,true,1,24440
7290002319016,false,אבקת אפיה 10 יח' מיה,,,אבקת אפיה 10 יח' מיה,גרמים,100.00,100 גרם,false,,1.90,1.9000,true,1,14888
7290002319023,false,1/10 סוכר וניל,,,1/10 סוכר וניל,גרמים,100.00,100 גרם,false,,1.90,1.9000,true,1,14889
7290002319061,false,.קוקוס טחון 100 גר.,,,.קוקוס טחון 100 גר.,גרמים,100.00,100 גרם,false,,3.90,3.9000,true,1,14893
7290002319078,false,שומשום 100ג,,,שומשום 100ג,גרמים,100.00,100 גרם,false,,3.90,3.9000,true,1,14894
7290002319092,false,קמח תפוחי אדמה מיה 5,,,קמח תפוחי אדמה מיה 5,גרמים,500.00,100 גרם,false,,5.90,1.1800,true,1,14896
7290002319115,false,חומוס גדול מיה 500 ג,,,חומוס גדול מיה 500 ג,גרמים,500.00,100 גרם,false,,8.90,1.7800,true,1,14897
7290002319122,false,גריסים מיה 500 גרם,,,גריסים מיה 500 גרם,גרמים,500.00,100 גרם,false,,4.90,0.9800,true,1,14898
7290002319139,false,שעועית מיה 500 גרם,,,שעועית מיה 500 גרם,גרמים,500.00,100 גרם,false,,7.90,1.5800,true,1,14899
7290002319160,false,אפונה יבשה מיה 500 ג,,,אפונה יבשה מיה 500 ג,גרמים,500.00,100 גרם,false,,4.90,0.9800,true,1,14901
7290002319177,false,פופקורן מיה 500 גרם,,,פופקורן מיה 500 גרם,גרמים,500.00,100 גרם,false,,5.90,1.1800,true,1,14902
7290002319184,false,עדשים אדומים מיה 500,,,עדשים אדומים מיה 500,גרמים,500.00,100 גרם,false,,8.90,1.7800,true,1,14903
7290002319191,false,עדשים ירוקים מיה 500,,,עדשים ירוקים מיה 500,גרמים,500.00,100 גרם,false,,6.90,1.3800,true,1,14904
7290002319221,false,חיטה מיה 500 גרם,,,חיטה מיה 500 גרם,גרמים,500.00,100 גרם,false,,5.50,1.1000,true,1,14907
7290002319375,false,קורנפלור 250 גר בד`ץ,,,קורנפלור 250 גר בד`ץ,גרמים,200.00,100 גרם,false,,2.90,1.4500,true,1,14912
7290002319610,false,שקדים טחונים 100 גרם,,,שקדים טחונים 100 גרם,גרמים,100.00,100 גרם,false,,10.90,10.9000,true,1,14925
7290002319771,false,תמצית אפיה וניל,,,תמצית אפיה וניל,מיליליטרים,50.00,"100 מ""ל",false,,2.90,5.8000,true,1,14936
7290002319788,false,תמצית אפיה רום,,,תמצית אפיה רום,מיליליטרים,60.00,"100 מ""ל",false,,2.90,4.8333,true,1,14937
7290002327042,false,"בורקס תפו""א 800 ג",,,"בורקס תפו""א 800 ג",גרמים,800.00,100 גרם,false,,19.90,2.4875,true,1,16854
7290002327059,false,בצק עלים 1 ק`ג,,,בצק עלים 1 ק`ג,קילוגרמים,1.00,"ק""ג",false,,19.90,19.9000,true,1,16855
7290002327073,false,בורקס גבינה 800 גרם,,,בורקס גבינה 800 גרם,גרמים,800.00,100 גרם,false,,19.90,2.4875,true,1,16857
7290002331025,false,נביעות 1/2 ליטר ספור,,,נביעות 1/2 ליטר ספור,מיליליטרים,500.00,"100 מ""ל",false,,3.90,0.7800,true,1,6872
7290002331094,false,755מל מים מינרלים TO,,,755מל מים מינרלים TO,מיליליטרים,755.00,"100 מ""ל",false,,3.90,0.5166,true,1,6873
7290002331124,false,נביעות מים מינרלים ב,,,נביעות מים מינרלים ב,מיליליטרים,500.00,"100 מ""ל",false,,6.40,1.2800,true,1,6875
7290002331155,false,נביעות מים מינרלים ב,,,נביעות מים מינרלים ב,מיליליטרים,500.00,"100 מ""ל",false,,6.40,1.2800,true,1,6878
7290002331360,false,נביעות TO GO שישייה,,,נביעות TO GO שישייה,ליטרים,3.00,ליטר,false,,14.90,4.9667,true,1,6883
7290002331421,false,נביעות 6*755מל,,,נביעות 6*755מל,ליטרים,4.53,ליטר,false,,16.90,3.7307,true,1,6884
7290002331490,false,נביעות 1 ליטר,,,נביעות 1 ליטר,ליטרים,1.00,ליטר,false,,2.90,2.9000,true,1,6887
7290002331711,false,נביעות מים מינרלים ב,,,נביעות מים מינרלים ב,מיליליטרים,500.00,"100 מ""ל",false,,6.40,1.2800,true,1,6900
7290002344032,false,סחבות מיקרופייבר  מא,,,סחבות מיקרופייבר  מא,יחידה,0.00,יחידה,false,,12.90,0.0000,true,1,234805
7290002344056,false,מטליות מיקרופייבר  מ,,,מטליות מיקרופייבר  מ,יחידה,0.00,יחידה,false,,12.90,0.0000,true,1,234806
7290002345022,false,אנטריקוט  דקדק 250 ג,,,אנטריקוט  דקדק 250 ג,גרמים,250.00,100 גרם,false,,15.90,6.3600,true,1,16864
7290002348238,false,לפתן אננס חתוך ויליג,,,לפתן אננס חתוך ויליג,גרמים,830.00,100 גרם,false,,6.90,0.8313,true,1,58126
7290002360124,false,פומפדור חליטת ורד הב,,,פומפדור חליטת ורד הב,גרמים,30.00,100 גרם,false,,15.90,53.0000,true,1,21431
7290002360278,false,פומפדור חליטת מנטה 2,,,פומפדור חליטת מנטה 2,גרמים,45.00,100 גרם,false,,15.90,35.3333,true,1,21435
7290002360285,false,פומפדור חליטת קמומיל,,,פומפדור חליטת קמומיל,גרמים,30.00,100 גרם,false,,15.90,53.0000,true,1,21436
7290002371533,false,טירת צבי סלסולי פסטר,,,טירת צבי סלסולי פסטר,גרמים,120.00,100 גרם,false,,12.80,10.6667,true,1,25345
7290002371540,false,טירת צבי קורנדביף דק,,,טירת צבי קורנדביף דק,גרמים,120.00,100 גרם,false,,12.80,10.6667,true,1,25346
7290002371854,false,נקניקיות עוף מתובלות,,,נקניקיות עוף מתובלות,קילוגרמים,1.00,"ק""ג",false,,24.90,24.9000,true,1,25348
7290002374268,false,שמן חמניות מילומור 1,,,שמן חמניות מילומור 1,ליטרים,1.00,ליטר,false,,9.90,9.9000,true,1,29355
7290002374312,false,שמן קנולה מילומור 1,,,שמן קנולה מילומור 1,ליטרים,1.00,ליטר,false,,11.90,11.9000,true,1,29356
7290002374640,false,שמן קנולה פלוס אומגה,,,שמן קנולה פלוס אומגה,ליטרים,1.00,ליטר,false,,16.90,16.9000,true,1,29358
7290002404583,false,יין היוצר בראשית קבר,,,יין היוצר בראשית קבר,מיליליטרים,750.00,"100 מ""ל",false,,37.90,5.0533,true,1,11871
7290002404958,false,גינוסר 1 ליטר,,,גינוסר 1 ליטר,ליטרים,1.00,ליטר,false,,14.90,14.9000,true,1,11888
7290002407348,false,שמן זית כתית מעולה ג,,,שמן זית כתית מעולה ג,מיליליטרים,750.00,"100 מ""ל",false,,29.90,3.9867,true,1,5036
7290002407454,false,שמן זית כתית מעולה ס,,,שמן זית כתית מעולה ס,מיליליטרים,750.00,"100 מ""ל",false,,39.90,5.3200,true,1,5037
7290002507277,false,קציצות דג 700גר,,,קציצות דג 700גר,גרמים,700.00,100 גרם,false,,24.90,3.5571,true,1,16901
7290002512011,false,צנעני גחנון 900 גרם,,,צנעני גחנון 900 גרם,גרמים,900.00,100 גרם,false,,19.90,2.2111,true,1,51581
7290002512035,false,בצק עלים 1קג צנעני,,,בצק עלים 1קג צנעני,קילוגרמים,1.00,"ק""ג",false,,17.90,17.9000,true,1,51582
7290002512257,false,מלווח מופחת שומן 700,,,מלווח מופחת שומן 700,גרמים,700.00,100 גרם,false,,17.90,2.5571,true,1,51583
7290002512264,false,ג'חנון מופחת שומן 70,,,ג'חנון מופחת שומן 70,גרמים,700.00,100 גרם,false,,17.90,2.5571,true,1,51584
7290002517283,false,טעם וריח פלפל שחור ג,,,טעם וריח פלפל שחור ג,גרמים,40.00,100 גרם,false,,7.00,17.5000,true,1,42412
7290002517337,false,תבלין אורגנו בשקית ט,,,תבלין אורגנו בשקית ט,גרמים,20.00,100 גרם,false,,6.80,34.0000,true,1,42414
7290002517375,false,תבלין בזיליקום בשקית,,,תבלין בזיליקום בשקית,גרמים,30.00,100 גרם,false,,6.80,22.6667,true,1,42415
7290002517566,false,תערובת תיבול לדג טעם,,,תערובת תיבול לדג טעם,גרמים,80.00,100 גרם,false,,10.50,13.1250,true,1,42418
7290002542780,false,סטלה ארטואה בקבוק 6*,,,סטלה ארטואה בקבוק 6*,ליטרים,1.98,ליטר,false,,35.90,18.1313,true,1,129246
7290002542865,false,בירה הוגרדן -שישיה *,,,בירה הוגרדן -שישיה *,ליטרים,1.98,ליטר,false,,49.90,25.2020,true,1,145922
7290002543046,false,פרוסטיס דגני קלוגס 7,,,פרוסטיס דגני קלוגס 7,גרמים,750.00,100 גרם,false,,15.90,2.1200,true,1,5285
7290002543237,false,קורנפלקס קלוגס 750 ג,,,קורנפלקס קלוגס 750 ג,גרמים,750.00,100 גרם,false,,14.90,1.9867,true,1,5289
7290002603498,false,פיצת השף מאיטליה CHE,,,פיצת השף מאיטליה CHE,גרמים,220.00,100 גרם,false,,16.90,7.6818,true,1,16906
7290002603504,false,פיצת השף מאיטליה CHE,,,פיצת השף מאיטליה CHE,גרמים,200.00,100 גרם,false,,16.90,8.4500,true,1,16907
7290002628088,false,טחון הודו קפוא 500 ג,,,טחון הודו קפוא 500 ג,גרמים,500.00,100 גרם,false,,10.90,2.1800,true,1,176583
7290002628293,false,טחון עוף קפוא 500 גר,,,טחון עוף קפוא 500 גר,גרמים,500.00,100 גרם,false,,10.90,2.1800,true,1,35309
7290002651116,false,"גחנון חמסי 1 ק""ג",,,"גחנון חמסי 1 ק""ג",קילוגרמים,1.00,"ק""ג",false,,15.90,15.9000,true,1,16910
7290002651123,false,"מלווח חמסי 1 ק""ג",,,"מלווח חמסי 1 ק""ג",קילוגרמים,1.00,"ק""ג",false,,15.90,15.9000,true,1,16911
7290002692393,false,שמן קנולה מועשר עץ ה,,,שמן קנולה מועשר עץ ה,ליטרים,1.00,ליטר,false,,15.90,15.9000,true,1,29360
7290002692478,false,שמן זית כתית מעולה מ,,,שמן זית כתית מעולה מ,מיליליטרים,750.00,"100 מ""ל",false,,33.90,4.5200,true,1,29362
7290002692768,false,תרסיס שמן קנולה עץ ה,,,תרסיס שמן קנולה עץ ה,מיליליטרים,200.00,"100 מ""ל",false,,15.90,7.9500,true,1,29365
7290002692775,false,תרסיס שמן קנולה בטעם,,,תרסיס שמן קנולה בטעם,מיליליטרים,200.00,"100 מ""ל",false,,15.90,7.9500,true,1,29366
7290002692782,false,תרסיס שמן זית עץ הזי,,,תרסיס שמן זית עץ הזי,מיליליטרים,200.00,"100 מ""ל",false,,15.90,7.9500,true,1,29367
7290002703068,false,צנצנת דבש עין חרוד 1,,,צנצנת דבש עין חרוד 1,קילוגרמים,1.00,"ק""ג",false,,40.90,40.9000,true,1,47432
7290002703310,false,צנצנת דבש עין חרוד 5,,,צנצנת דבש עין חרוד 5,גרמים,500.00,100 גרם,false,,21.90,4.3800,true,1,47437
7290002703358,false,צנצנת דבש עין חרוד 3,,,צנצנת דבש עין חרוד 3,גרמים,350.00,100 גרם,false,,15.90,4.5429,true,1,47438
7290002703402,false,דבש עין חרוד 400 גרם,,,דבש עין חרוד 400 גרם,גרמים,400.00,100 גרם,false,,19.90,4.9750,true,1,47439
7290002703426,false,דבש לחיץ מכוורת 250,,,דבש לחיץ מכוורת 250,גרמים,250.00,100 גרם,false,,12.90,5.1600,true,1,47440
7290002703662,false,סילאן 100% טבעי צנצנ,,,סילאן 100% טבעי צנצנ,גרמים,900.00,100 גרם,false,,19.90,2.2111,true,1,47443
7290002730521,false,צמרונים בקופסא בלונס,,,צמרונים בקופסא בלונס,יחידה,0.00,יחידה,false,,5.90,0.0000,true,1,21443
7290002730675,false,משחת שיניים משפחתי ק,,,משחת שיניים משפחתי ק,מיליליטרים,100.00,"100 מ""ל",false,,10.90,10.9000,true,1,21446
7290002730811,false,משחת שיניים גל משפחת,,,משחת שיניים גל משפחת,מיליליטרים,100.00,"100 מ""ל",false,,13.10,13.1000,true,1,21447
7290002730958,false,סבון מוצק ירוק זית פ,,,סבון מוצק ירוק זית פ,גרמים,400.00,100 גרם,false,,16.90,4.2250,true,1,21452
7290002735007,false,"בצק עלים 1 ק""ג",,,"בצק עלים 1 ק""ג",קילוגרמים,1.00,"ק""ג",false,,13.90,13.9000,true,1,20424
7290002735021,false,ינון גחנון ארוז 750,,,ינון גחנון ארוז 750,גרמים,750.00,100 גרם,false,,13.90,1.8533,true,1,20426
7290002735113,false,בורקס גבינה ינון 800,,,בורקס גבינה ינון 800,גרמים,800.00,100 גרם,false,,15.90,1.9875,true,1,20427
7290002735120,false,"בורקס תפו""א ינון 800",,,"בורקס תפו""א ינון 800",גרמים,800.00,100 גרם,false,,13.90,1.7375,true,1,20428
7290002752332,false,מנטוס .סוכריות פירות,,,מנטוס .סוכריות פירות,גרמים,37.50,100 גרם,false,,2.90,7.7333,true,1,12747
7290002752349,false,מנטוס סוכריות מנטה 3,,,מנטוס סוכריות מנטה 3,גרמים,37.50,100 גרם,false,,2.90,7.7333,true,1,12748
7290002753223,false,טיק טק תפוז 4/1,,,טיק טק תפוז 4/1,גרמים,64.00,100 גרם,false,,9.90,15.4688,true,1,41480
7290002757139,false,שלושת האופים מלוואח,,,שלושת האופים מלוואח,גרמים,700.00,100 גרם,false,,12.90,1.8429,true,1,16930
7290002757511,false,דלידג קציצות דג לביש,,,דלידג קציצות דג לביש,גרמים,750.00,100 גרם,false,,30.90,4.1200,true,1,16933
7290002757535,false,בורקס פילו אצבעות גב,,,בורקס פילו אצבעות גב,גרמים,700.00,100 גרם,false,,19.90,2.8429,true,1,16935
7290002757665,false,קבב מזרחי 400 גרם,,,קבב מזרחי 400 גרם,גרמים,400.00,100 גרם,false,,9.90,2.4750,true,1,16937
7290002757672,false,המבורגר 400גרם נטו,,,המבורגר 400גרם נטו,גרמים,400.00,100 גרם,false,,9.90,2.4750,true,1,16938
7290002768074,false,סבון נוזלי דרמופון 1,,,סבון נוזלי דרמופון 1,יחידה,0.00,יחידה,false,,16.90,0.0000,true,1,29854
7290002768159,false,קצף אמבט בת אורן 500,,,קצף אמבט בת אורן 500,מיליליטרים,500.00,"100 מ""ל",false,,16.90,3.3800,true,1,29855
7290002782131,false,דאו' ספריי לאישה פ.ר,,,דאו' ספריי לאישה פ.ר,מיליליטרים,150.00,"100 מ""ל",false,,22.20,14.8000,true,1,18114
7290002782735,false,דאו' לגבר פנינה רוזנ,,,דאו' לגבר פנינה רוזנ,מיליליטרים,150.00,"100 מ""ל",false,,15.90,10.6000,true,1,18115
7290002782742,false,פנינה דאודורנט ספריי,,,פנינה דאודורנט ספריי,מיליליטרים,150.00,"100 מ""ל",false,,15.90,10.6000,true,1,18116
7290002782759,false,קרם גוף מס' 2 פנינה,,,קרם גוף מס' 2 פנינה,מיליליטרים,400.00,"100 מ""ל",false,,22.90,5.7250,true,1,18117
7290002787884,false,שלושת האופים מקלות פ,,,שלושת האופים מקלות פ,גרמים,600.00,100 גרם,false,,19.90,3.3167,true,1,16966
7290002793304,false,מיכל גז באריזה,,,מיכל גז באריזה,יחידה,0.00,יחידה,false,,109.00,0.0000,true,1,17528
7290002793311,false,מילוי למכשיר 50,,,מילוי למכשיר 50,יחידה,0.00,יחידה,false,,60.00,0.0000,true,1,17529
7290002805151,false,סיף פנטסטיק לרצפות ב,,,סיף פנטסטיק לרצפות ב,ליטרים,4.00,ליטר,false,,24.90,6.2250,true,1,10322
7290002814078,false,נוזל לניקוי אמבט אנט,,,נוזל לניקוי אמבט אנט,יחידה,0.00,יחידה,false,,8.80,0.0000,true,1,20109
7290002814160,false,מסיר שומנים קר סנט מ,,,מסיר שומנים קר סנט מ,יחידה,0.00,יחידה,false,,18.90,0.0000,true,1,20111
7290002814290,false,קצף מרוכז 1 ליטר בלנ,,,קצף מרוכז 1 ליטר בלנ,ליטרים,1.00,ליטר,false,,10.90,10.9000,true,1,72467
7290002824183,false,גבינה לבנה 5% סקי 50,,,גבינה לבנה 5% סקי 50,גרמים,500.00,100 גרם,false,,9.50,1.9000,true,1,23269
7290002824466,false,דנונה יוגורט ביו 0%,,,דנונה יוגורט ביו 0%,מיליליטרים,200.00,"100 מ""ל",false,,3.70,1.8500,true,1,23270
7290002824640,false,גבינה 5% סקי 250 גרם,,,גבינה 5% סקי 250 גרם,גרמים,250.00,100 גרם,false,,4.98,1.9920,true,1,23271
7290002825722,false,אחלה כרוב אדום 500ג,,,אחלה כרוב אדום 500ג,גרמים,500.00,100 גרם,false,,12.90,2.5800,true,1,23273
7290002827306,false,עוף ירושלים נקניקיות,,,עוף ירושלים נקניקיות,גרמים,400.00,100 גרם,false,,10.90,2.7250,true,1,47111
7290002868996,false,טרה קוטג מועשר 5% 25,,,טרה קוטג מועשר 5% 25,גרמים,250.00,100 גרם,false,,5.40,2.1600,true,1,6382
7290002871248,false,בירה טובורג רד בקבוק,,,בירה טובורג רד בקבוק,מיליליטרים,500.00,"100 מ""ל",false,,7.90,1.5800,true,1,6906
7290002871361,false,קרלסברג בירה בק.חוזר,,,קרלסברג בירה בק.חוזר,מיליליטרים,500.00,"100 מ""ל",false,,7.90,1.5800,true,1,6907
7290002881018,false,סן מורנו מעדן תות שד,,,סן מורנו מעדן תות שד,גרמים,284.00,100 גרם,false,,11.90,4.1901,true,1,24936
7290002881230,false,אננס חתוך תומר 850 ג,,,אננס חתוך תומר 850 ג,גרמים,850.00,100 גרם,false,,9.90,1.1647,true,1,24951
7290002881247,false,אננס שלם פרוסות תומר,,,אננס שלם פרוסות תומר,גרמים,850.00,100 גרם,false,,9.90,1.1647,true,1,24952
7290002881254,false,קוקטייל טרופי תומר 8,,,קוקטייל טרופי תומר 8,גרמים,850.00,100 גרם,false,,9.90,1.1647,true,1,24953
7290002881261,false,ליצי שלם תומר 565 גר,,,ליצי שלם תומר 565 גר,גרמים,565.00,100 גרם,false,,10.60,1.8761,true,1,24954
7290002881278,false,אפרסק חצאים תומר 820,,,אפרסק חצאים תומר 820,גרמים,820.00,100 גרם,false,,9.90,1.2073,true,1,24955
7290002881346,false,אגסים חצאים תומר 820,,,אגסים חצאים תומר 820,גרמים,820.00,100 גרם,false,,9.90,1.2073,true,1,24957
7290002881407,false,נודלס דק תומר 400 גר,,,נודלס דק תומר 400 גר,גרמים,400.00,100 גרם,false,,7.90,1.9750,true,1,24960
7290002881414,false,נודלס עבה תומר 400 ג,,,נודלס עבה תומר 400 ג,גרמים,400.00,100 גרם,false,,7.90,1.9750,true,1,24961
7290002881612,false,לפתן דובדבנים חמוצים,,,לפתן דובדבנים חמוצים,גרמים,700.00,100 גרם,false,,8.90,1.2714,true,1,24971
7290002881742,false,לבבות דקל פרוסות תומ,,,לבבות דקל פרוסות תומ,גרמים,400.00,100 גרם,false,,7.90,1.9750,true,1,24975
7290002881940,false,סרדין מרוקאי בשמן תו,,,סרדין מרוקאי בשמן תו,גרמים,125.00,100 גרם,false,,4.90,3.9200,true,1,24983
7290002881957,false,סרדין מרוקאי חריף תו,,,סרדין מרוקאי חריף תו,גרמים,125.00,100 גרם,false,,4.90,3.9200,true,1,24984
7290002904694,false,דאודורנט ספריי קלאסי,,,דאודורנט ספריי קלאסי,מיליליטרים,180.00,"100 מ""ל",false,,15.90,8.8333,true,1,29856
7290002909880,false,פולי סויה אדממה בלדי,,,פולי סויה אדממה בלדי,גרמים,400.00,100 גרם,false,,11.90,2.9750,true,1,35313
7290002909989,false,שעועית ירוקה חתוכה ב,,,שעועית ירוקה חתוכה ב,גרמים,800.00,100 גרם,false,,11.90,1.4875,true,1,257261
7290002921240,false,שמפוזר מסיר כתים משט,,,שמפוזר מסיר כתים משט,מיליליטרים,650.00,"100 מ""ל",false,,27.90,4.2923,true,1,11296
7290002921349,false,סופר גלו 3 זוגי,,,סופר גלו 3 זוגי,יחידה,0.00,יחידה,false,,13.90,0.0000,true,1,11298
7290002929642,false,טונה בשמן ויליגר רבי,,,טונה בשמן ויליגר רבי,גרמים,560.00,100 גרם,false,,19.90,3.5536,true,1,16982
7290002971962,false,קמח מלא 100% ללא צור,,,קמח מלא 100% ללא צור,קילוגרמים,1.00,"ק""ג",false,,7.90,7.9000,true,1,176792
7290002971986,false,קמח שיפון ללא צורך ב,,,קמח שיפון ללא צורך ב,קילוגרמים,1.00,"ק""ג",false,,7.90,7.9000,true,1,9225
7290002971993,false,קמח כוסמין מלא ללא צ,,,קמח כוסמין מלא ללא צ,קילוגרמים,1.00,"ק""ג",false,,13.90,13.9000,true,1,9226
7290002972365,false,קמח תופח ללא צורך בנ,,,קמח תופח ללא צורך בנ,קילוגרמים,1.00,"ק""ג",false,,8.50,8.5000,true,1,9228
7290002973812,false,קמח כוסמין 80% ללא צ,,,קמח כוסמין 80% ללא צ,קילוגרמים,1.00,"ק""ג",false,,14.90,14.9000,true,1,88189
7290002973829,false,קמח כוסמין לבן ללא צ,,,קמח כוסמין לבן ללא צ,קילוגרמים,1.00,"ק""ג",false,,14.90,14.9000,true,1,88190
7290002974314,false,"קמח פיצה שטיבל 1 ק""ג",,,"קמח פיצה שטיבל 1 ק""ג",קילוגרמים,1.00,"ק""ג",false,,11.90,11.9000,true,1,249704
7290002974338,false,"קמח מניטובה מנופה ""0",,,"קמח מניטובה מנופה ""0",קילוגרמים,1.00,"ק""ג",false,,12.90,12.9000,true,1,151730
7290002974352,false,קמח רותה חיטה מלא שט,,,קמח רותה חיטה מלא שט,קילוגרמים,1.00,"ק""ג",false,,9.90,9.9000,true,1,244354
7290002986652,false,גטניו - פתיבר שוקו 4,,,גטניו - פתיבר שוקו 4,גרמים,470.00,100 גרם,false,,9.90,2.1064,true,1,41276
7290002987963,false,אחלה חומוס 1קג,,,אחלה חומוס 1קג,קילוגרמים,1.00,"ק""ג",false,,13.90,13.9000,true,1,23274
7290003009183,false,סירופ דיאט תפוחים פר,,,סירופ דיאט תפוחים פר,מיליליטרים,750.00,"100 מ""ל",false,,21.60,2.8800,true,1,6915
7290003009312,false,בוטן קלוי 200 גרם,,,בוטן קלוי 200 גרם,גרמים,200.00,100 גרם,false,,7.90,3.9500,true,1,12752
7290003009640,false,פריגת סחוט מיץ תפוזי,,,פריגת סחוט מיץ תפוזי,ליטרים,1.00,ליטר,false,,15.90,15.9000,true,1,6384
7290003011087,false,אלסקה אורז בסמטי אלפ,,,אלסקה אורז בסמטי אלפ,קילוגרמים,1.00,"ק""ג",false,,9.90,9.9000,true,1,4618
7290003015627,false,ריצפז פרש אפרסק 2 לי,,,ריצפז פרש אפרסק 2 לי,ליטרים,2.00,ליטר,false,,18.90,9.4500,true,1,29865
7290003015641,false,ריצפז פרש יסמין 2 לי,,,ריצפז פרש יסמין 2 לי,ליטרים,2.00,ליטר,false,,18.90,9.4500,true,1,29867
7290003015672,false,סנו סופט מפיות צבעונ,,,סנו סופט מפיות צבעונ,יחידה,0.00,יחידה,false,,7.90,0.0000,true,1,29868
7290003026036,false,קמיל בלו סנסיטיב מוע,,,קמיל בלו סנסיטיב מוע,יחידה,0.00,יחידה,false,,33.90,0.0000,true,1,29077
7290003026227,false,קמיל בלו סנסיטיב שמפ,,,קמיל בלו סנסיטיב שמפ,יחידה,0.00,יחידה,false,,33.90,0.0000,true,1,29079
7290003026234,false,קמיל בלו תחליב לתינו,,,קמיל בלו תחליב לתינו,גרמים,500.00,100 גרם,false,,30.90,6.1800,true,1,29080
7290003026319,false,קמיל משחה לתינוק 120,,,קמיל משחה לתינוק 120,גרמים,120.00,100 גרם,false,,18.90,15.7500,true,1,29081
7290003029181,false,יטבתה שוקו בקבוק 1ל,,,יטבתה שוקו בקבוק 1ל,ליטרים,1.00,ליטר,false,,11.90,11.9000,true,1,23278
7290003029372,false,יטבתה משקה חלב בננה,,,יטבתה משקה חלב בננה,ליטרים,1.00,ליטר,false,,11.90,11.9000,true,1,23281
7290003029389,false,יטבתה משקה חלב בננה+,,,יטבתה משקה חלב בננה+,מיליליטרים,250.00,"100 מ""ל",false,,5.50,2.2000,true,1,23282
7290003029433,false,יטבתה שוקו +פקק 250,,,יטבתה שוקו +פקק 250,מיליליטרים,250.00,"100 מ""ל",false,,5.50,2.2000,true,1,23283
7290003029532,false,יטבתה מוקה 1ל,,,יטבתה מוקה 1ל,ליטרים,1.00,ליטר,false,,11.90,11.9000,true,1,23285
7290003029792,false,יטבתה מהדרין שוקו שק,,,יטבתה מהדרין שוקו שק,ליטרים,1.80,ליטר,false,,18.90,10.5000,true,1,23287
7290003029815,false,חלב מועשר בכד2 ליטר,,,חלב מועשר בכד2 ליטר,ליטרים,2.00,ליטר,false,,14.90,7.4500,true,1,23288
7290003029907,false,יטבתה אייס קפה 1ל,,,יטבתה אייס קפה 1ל,ליטרים,1.00,ליטר,false,,11.90,11.9000,true,1,23290
7290003047642,false,תה ליפטון יילו לייבל,,,תה ליפטון יילו לייבל,גרמים,150.00,100 גרם,false,,11.90,7.9333,true,1,10324
7290003054657,false,חרדל דיג'ון אקסטרא פ,,,חרדל דיג'ון אקסטרא פ,גרמים,370.00,100 גרם,false,,10.90,2.9459,true,1,5298
7290003072804,false,טירת צבי פסטרמה של פ,,,טירת צבי פסטרמה של פ,גרמים,200.00,100 גרם,false,,19.90,9.9500,true,1,25372
7290003072859,false,רוסטביף טירת צבי 120,,,רוסטביף טירת צבי 120,גרמים,120.00,100 גרם,false,,22.90,19.0833,true,1,54480
7290003072972,false,קבנוס בתיבול שום 120,,,קבנוס בתיבול שום 120,גרמים,120.00,100 גרם,false,,9.90,8.2500,true,1,107037
7290003102136,false,צמר גפן כוטון סופט 1,,,צמר גפן כוטון סופט 1,גרמים,100.00,100 גרם,false,,4.90,4.9000,true,1,868
7290003102891,false,שקיות צליה הוסטס 10י,,,שקיות צליה הוסטס 10י,יחידה,0.00,יחידה,false,,4.90,0.0000,true,1,876
7290003107315,false,"סולת  דגן 1 ק""ג",,,"סולת  דגן 1 ק""ג",קילוגרמים,1.00,"ק""ג",false,,4.50,4.5000,true,1,9238
7290003107346,false,קמח חיטה לבן דגן 1 ק,,,קמח חיטה לבן דגן 1 ק,קילוגרמים,1.00,"ק""ג",false,,4.50,4.5000,true,1,9240
7290003126712,false,צוריאל יוגורט עיזים,,,צוריאל יוגורט עיזים,מיליליטרים,150.00,"100 מ""ל",false,,5.90,3.9333,true,1,6388
7290003126958,false,צוריאל גבינה גוש טופ,,,צוריאל גבינה גוש טופ,גרמים,300.00,100 גרם,false,,11.90,3.9667,true,1,6389
7290003141159,false,יוגטה מרשמלו 180 גר',,,יוגטה מרשמלו 180 גר',גרמים,180.00,100 גרם,false,,6.90,3.8333,true,1,41993
7290003142422,false,גרעיני חמניה ללא מלח,,,גרעיני חמניה ללא מלח,גרמים,180.00,100 גרם,false,,6.90,3.8333,true,1,12762
7290003143139,false,קליית גת סילאן 900ג,,,קליית גת סילאן 900ג,גרמים,900.00,100 גרם,false,,13.90,1.5444,true,1,12768
7290003143146,false,ממרח תמרים 450 גרם,,,ממרח תמרים 450 גרם,גרמים,450.00,100 גרם,false,,6.50,1.4444,true,1,12769
7290003143276,false,יוגטה מרשמלו מגולגל,,,יוגטה מרשמלו מגולגל,גרמים,180.00,100 גרם,false,,6.90,3.8333,true,1,41997
7290003143337,false,סילאן טבעי 350 גרם,,,סילאן טבעי 350 גרם,גרמים,350.00,100 גרם,false,,13.90,3.9714,true,1,12773
7290003163939,false,"נקניקיות גריל 1.5 ק""",,,"נקניקיות גריל 1.5 ק""",קילוגרמים,1.50,"ק""ג",false,,24.90,16.6000,true,1,16996
7290003185726,false,קבב מזרחי 500 גרם,,,קבב מזרחי 500 גרם,גרמים,500.00,100 גרם,false,,17.90,3.5800,true,1,16998
7290003189076,false,פיצרלה חלבון  צמחי,,,פיצרלה חלבון  צמחי,גרמים,500.00,100 גרם,false,,19.90,3.9800,true,1,18261
7290003189144,false,הולנדי כפיר חלבון  צ,,,הולנדי כפיר חלבון  צ,קילוגרמים,1.00,"100 ק""ג",false,,37.90,3790.0000,true,1,18263
7290003189168,false,"מעושנת 22% כפיר 1 ק""",,,"מעושנת 22% כפיר 1 ק""",קילוגרמים,1.00,"100 ק""ג",false,,41.90,4190.0000,true,1,18265
7290003189267,false,צהובה הטובה קלאסית כ,,,צהובה הטובה קלאסית כ,גרמים,200.00,100 גרם,false,,14.90,7.4500,true,1,18268
7290003220403,false,מעדני המלך קרקר עם מ,,,מעדני המלך קרקר עם מ,גרמים,110.00,100 גרם,false,,2.90,2.6364,true,1,41283
7290003220410,false,מעדני המלך קרקר שומש,,,מעדני המלך קרקר שומש,גרמים,110.00,100 גרם,false,,2.90,2.6364,true,1,41284
7290003220526,false,רוטב צ'ילי חריף 700,,,רוטב צ'ילי חריף 700,מיליליטרים,700.00,"100 מ""ל",false,,10.90,1.5571,true,1,41292
7290003220755,false,ווק רוטב סויה כהה 64,,,ווק רוטב סויה כהה 64,מיליליטרים,640.00,"100 מ""ל",false,,15.90,2.4844,true,1,176594
7290003220977,false,מעדני מלך ירח חצי מצ,,,מעדני מלך ירח חצי מצ,גרמים,175.00,100 גרם,false,,5.90,3.3714,true,1,113692
7290003229109,false,א.מ .פסטרמה בפפריקה,,,א.מ .פסטרמה בפפריקה,גרמים,400.00,100 גרם,false,,26.90,6.7250,true,1,25378
7290003229116,false,א.מ פסטרמה בדבש 400,,,א.מ פסטרמה בדבש 400,גרמים,400.00,100 גרם,false,,26.90,6.7250,true,1,25379
7290003229123,false,א.מ. פסטרמה על גחלים,,,א.מ. פסטרמה על גחלים,גרמים,400.00,100 גרם,false,,26.90,6.7250,true,1,25380
7290003229147,false,סלמי בסגנון איטלקי 3,,,סלמי בסגנון איטלקי 3,גרמים,300.00,100 גרם,false,,26.90,8.9667,true,1,25381
7290003229154,false,א.מ. סלמי קוניאק מוב,,,א.מ. סלמי קוניאק מוב,גרמים,300.00,100 גרם,false,,24.90,8.3000,true,1,25382
7290003229192,false,א.מ. כתף בקר מעושן 4,,,א.מ. כתף בקר מעושן 4,גרמים,400.00,100 גרם,false,,26.90,6.7250,true,1,25384
7290003229208,false,פסטרמה ספרדית 2% 360,,,פסטרמה ספרדית 2% 360,גרמים,360.00,100 גרם,false,,27.90,7.7500,true,1,25385
7290003229215,false,פסטרמה איטלקית 360 ג,,,פסטרמה איטלקית 360 ג,גרמים,360.00,100 גרם,false,,27.90,7.7500,true,1,25386
7290003251308,false,"אציטון משובח  100 מ""",,,"אציטון משובח  100 מ""",מיליליטרים,100.00,"100 מ""ל",false,,3.90,3.9000,true,1,21180
7290003258406,false,וואקס בריליאנטין לשי,,,וואקס בריליאנטין לשי,מיליליטרים,100.00,"100 מ""ל",false,,16.90,16.9000,true,1,18121
7290003268252,false,לחם חיטה מלא ללא גרע,,,לחם חיטה מלא ללא גרע,גרמים,750.00,100 גרם,false,,13.90,1.8533,true,1,4507
7290003287215,false,גולש בקר קפוא ארוז 8,,,גולש בקר קפוא ארוז 8,גרמים,800.00,100 גרם,false,,35.90,4.4875,true,1,35315
7290003287253,false,מרגז קצביה ארוז 600,,,מרגז קצביה ארוז 600,גרמים,600.00,100 גרם,false,,28.90,4.8167,true,1,35316
7290003287260,false,צוריסוס קצביה ארוז 6,,,צוריסוס קצביה ארוז 6,גרמים,600.00,100 גרם,false,,28.90,4.8167,true,1,35317
7290003321155,false,דנונה קראנצ' ששבי פק,,,דנונה קראנצ' ששבי פק,מיליליטרים,183.00,"100 מ""ל",false,,4.60,2.5137,true,1,23291
7290003332007,false,קפה נחלה סובחי 250ג,,,קפה נחלה סובחי 250ג,גרמים,250.00,100 גרם,false,,13.90,5.5600,true,1,33770
7290003332014,false,קפה נחלה סובחי 500 ג,,,קפה נחלה סובחי 500 ג,גרמים,500.00,100 גרם,false,,27.90,5.5800,true,1,33771
7290003332021,false,"קפה נחלה סובחי 1 ק""ג",,,"קפה נחלה סובחי 1 ק""ג",קילוגרמים,1.00,"ק""ג",false,,50.90,50.9000,true,1,33772
7290003332045,false,קפה נחלה סובחי 250 ג,,,קפה נחלה סובחי 250 ג,גרמים,250.00,100 גרם,false,,13.90,5.5600,true,1,33773
7290003387205,false,דאו' סטיק ירוק לגבר,,,דאו' סטיק ירוק לגבר,גרמים,63.00,100 גרם,false,,18.90,30.0000,true,1,21453
7290003401369,false,קרם לחות ועיצוב לשיע,,,קרם לחות ועיצוב לשיע,מיליליטרים,400.00,"100 מ""ל",false,,19.90,4.9750,true,1,29871
7290003401376,false,קרם לחות ועיצוב לשיע,,,קרם לחות ועיצוב לשיע,מיליליטרים,400.00,"100 מ""ל",false,,19.90,4.9750,true,1,29872
7290003401635,false,לחות לפתיחת תלתלים נ,,,לחות לפתיחת תלתלים נ,מיליליטרים,400.00,"100 מ""ל",false,,22.90,5.7250,true,1,29874
7290003411054,false,שקיות רוסטי ענק 5 יח,,,שקיות רוסטי ענק 5 יח,יחידה,0.00,יחידה,false,,3.90,0.0000,true,1,7832
7290003411238,false,ברוגמן שמרים יבשים נ,,,ברוגמן שמרים יבשים נ,גרמים,500.00,100 גרם,false,,14.90,2.9800,true,1,7839
7290003411276,false,עמבה מובחרת 500 גרם,,,עמבה מובחרת 500 גרם,גרמים,500.00,100 גרם,false,,8.90,1.7800,true,1,7840
7290003411566,false,צמרוני אוזניים עץ 20,,,צמרוני אוזניים עץ 20,יחידה,0.00,יחידה,false,,2.90,0.0000,true,1,7848
7290003411689,false,לפתניות 25 יח,,,לפתניות 25 יח,יחידה,0.00,יחידה,false,,4.90,0.0000,true,1,7851
7290003411696,false,מרקיות חד פעמי 25 יח,,,מרקיות חד פעמי 25 יח,יחידה,0.00,יחידה,false,,9.90,0.0000,true,1,7852
7290003411993,false,גפרורים 10 יחידות,,,גפרורים 10 יחידות,יחידה,0.00,יחידה,false,,2.90,0.0000,true,1,7863
7290003423909,false,קוקיז אנד קרים 43 גר,,,קוקיז אנד קרים 43 גר,גרמים,43.00,100 גרם,false,,3.90,9.0698,true,1,12526
7290003427154,false,שמן זית כתית מעולה ז,,,שמן זית כתית מעולה ז,מיליליטרים,750.00,"100 מ""ל",false,,33.90,4.5200,true,1,24632
7290003438006,false,אוליביה ממרח פסטו אי,,,אוליביה ממרח פסטו אי,גרמים,180.00,100 גרם,false,,13.90,7.7222,true,1,52035
7290003438013,false,אוליביה ממרח זיתים א,,,אוליביה ממרח זיתים א,גרמים,190.00,100 גרם,false,,13.90,7.3158,true,1,52036
7290003438990,false,עיטורי עגבניות מיובש,,,עיטורי עגבניות מיובש,גרמים,220.00,100 גרם,false,,17.90,8.1364,true,1,52041
7290003450602,false,חרדל אמיתי צהוב בקבו,,,חרדל אמיתי צהוב בקבו,גרמים,255.00,100 גרם,false,,8.90,3.4902,true,1,5304
7290003461677,false,"חומוס אסלי 1 ק""ג",,,"חומוס אסלי 1 ק""ג",קילוגרמים,1.00,"ק""ג",false,,11.90,11.9000,true,1,17694
7290003461868,false,"חציל במיונז 1ק""ג",,,"חציל במיונז 1ק""ג",קילוגרמים,1.00,"ק""ג",false,,10.90,10.9000,true,1,17695
7290003514007,false,שקדי מרק מנה 400 גרם,,,שקדי מרק מנה 400 גרם,גרמים,400.00,100 גרם,false,,7.90,1.9750,true,1,21457
7290003521074,false,סרקל מרכך שיער לילדי,,,סרקל מרכך שיער לילדי,יחידה,0.00,יחידה,false,,29.90,0.0000,true,1,29085
7290003521166,false,סרקל קרם רוזמרין 325,,,סרקל קרם רוזמרין 325,מיליליטרים,325.00,"100 מ""ל",false,,24.90,7.6615,true,1,29087
7290003521197,false,סרקל מתיר קשרים 340,,,סרקל מתיר קשרים 340,מיליליטרים,340.00,"100 מ""ל",false,,24.90,7.3235,true,1,29089
7290003521203,false,סרקל שמפו לילדים 2 ל,,,סרקל שמפו לילדים 2 ל,ליטרים,2.00,ליטר,false,,39.90,19.9500,true,1,29090
7290003521395,false,קמיל בלו אל סבון ורו,,,קמיל בלו אל סבון ורו,ליטרים,2.00,ליטר,false,,34.90,17.4500,true,1,29093
7290003525478,false,סלט טונה ויליגר 160,,,סלט טונה ויליגר 160,גרמים,160.00,100 גרם,false,,4.90,3.0625,true,1,17008
7290003525898,false,סלט טונה ויליגר שליש,,,סלט טונה ויליגר שליש,גרמים,480.00,100 גרם,false,,14.90,3.1042,true,1,17010
7290003550753,false,טונה בהירה בשמן פוסי,,,טונה בהירה בשמן פוסי,גרמים,308.00,100 גרם,false,,19.90,6.4610,true,1,17025
7290003570164,false,מינוט שוארמה פרגית 3,,,מינוט שוארמה פרגית 3,גרמים,300.00,100 גרם,false,,27.90,9.3000,true,1,35328
7290003570928,false,קבב  בלדי קצביה ארוז,,,קבב  בלדי קצביה ארוז,גרמים,500.00,100 גרם,false,,28.90,5.7800,true,1,35332
7290003578108,false,אננס חתוך ויליפוד 85,,,אננס חתוך ויליפוד 85,גרמים,490.00,100 גרם,false,,8.90,1.8163,true,1,2867
7290003578313,false,דובדבנים חמוצים ללא,,,דובדבנים חמוצים ללא,גרמים,350.00,100 גרם,false,,9.90,2.8286,true,1,2873
7290003578498,false,חמאה מפינלנד ללא תוס,,,חמאה מפינלנד ללא תוס,גרמים,500.00,100 גרם,false,,25.00,5.0000,true,1,2875
7290003578672,false,שמן חמניות 1 ליטר,,,שמן חמניות 1 ליטר,ליטרים,1.00,ליטר,false,,12.90,12.9000,true,1,2876
7290003582365,false,שטיח לכיור 45*32.5 ס,,,שטיח לכיור 45*32.5 ס,יחידה,0.00,יחידה,false,,7.90,0.0000,true,1,104301
7290003584413,false,מעמד אקרילי למגבות נ,,,מעמד אקרילי למגבות נ,יחידה,0.00,יחידה,false,,14.90,0.0000,true,1,101972
7290003598267,false,פולי סויה מקולפים אד,,,פולי סויה מקולפים אד,גרמים,400.00,100 גרם,false,,11.90,2.9750,true,1,176586
7290003598311,false,מינוט סטייק 300 גר'/,,,מינוט סטייק 300 גר'/,גרמים,300.00,100 גרם,false,,35.90,11.9667,true,1,35334
7290003643004,false,"סוגת אורז בסמטי 1 ק""",,,"סוגת אורז בסמטי 1 ק""",קילוגרמים,1.00,"ק""ג",false,,13.90,13.9000,true,1,17324
7290003643127,false,אבקת אפיה 10 יח' במא,,,אבקת אפיה 10 יח' במא,גרמים,100.00,100 גרם,false,,1.90,1.9000,true,1,17325
7290003643134,false,סוגת סוכר וניל 10 יח,,,סוגת סוכר וניל 10 יח,גרמים,100.00,100 גרם,false,,2.50,2.5000,true,1,17326
7290003643158,false,קונפלור 200 גרם,,,קונפלור 200 גרם,גרמים,200.00,100 גרם,false,,2.80,1.4000,true,1,17328
7290003643165,false,קונפלור 500 גרם,,,קונפלור 500 גרם,גרמים,500.00,100 גרם,false,,4.90,0.9800,true,1,17329
7290003643172,false,סוגת אבקת סוכר 100 ג,,,סוגת אבקת סוכר 100 ג,גרמים,100.00,100 גרם,false,,1.90,1.9000,true,1,17330
7290003643387,false,סוכר לבן בצנצנת סוגת,,,סוכר לבן בצנצנת סוגת,קילוגרמים,1.00,"ק""ג",false,,7.90,7.9000,true,1,17335
7290003643646,false,סוכר דמררה בצנצנת חו,,,סוכר דמררה בצנצנת חו,קילוגרמים,1.00,"ק""ג",false,,12.90,12.9000,true,1,17336
7290003643684,false,אפונה יבשה 500 גרם,,,אפונה יבשה 500 גרם,גרמים,500.00,100 גרם,false,,5.90,1.1800,true,1,17337
7290003643707,false,סוגת גריסים 500גר,,,סוגת גריסים 500גר,גרמים,500.00,100 גרם,false,,4.90,0.9800,true,1,17338
7290003643714,false,חומוס 500 גרם,,,חומוס 500 גרם,גרמים,500.00,100 גרם,false,,7.90,1.5800,true,1,17339
7290003643738,false,סוגת חיטה 500 גר,,,סוגת חיטה 500 גר,גרמים,500.00,100 גרם,false,,4.90,0.9800,true,1,17340
7290003643745,false,כוסמת 500 גרם,,,כוסמת 500 גרם,גרמים,500.00,100 גרם,false,,7.90,1.5800,true,1,17341
7290003643752,false,עדשים ירוקות 500 גרם,,,עדשים ירוקות 500 גרם,גרמים,500.00,100 גרם,false,,7.90,1.5800,true,1,17342
7290003643769,false,עדשים אדומות 500 גרם,,,עדשים אדומות 500 גרם,גרמים,500.00,100 גרם,false,,7.90,1.5800,true,1,17343
7290003643776,false,סוגת פופקורן 500 גרם,,,סוגת פופקורן 500 גרם,גרמים,500.00,100 גרם,false,,4.90,0.9800,true,1,17344
7290003643783,false,קוקוס 100 גר,,,קוקוס 100 גר,גרמים,100.00,100 גרם,false,,3.90,3.9000,true,1,17345
7290003643806,false,שעועית לבנה 500 גרם,,,שעועית לבנה 500 גרם,גרמים,500.00,100 גרם,false,,10.90,2.1800,true,1,17346
7290003643813,false,שעועית אדומה 500 גרם,,,שעועית אדומה 500 גרם,גרמים,500.00,100 גרם,false,,10.90,2.1800,true,1,17347
7290003681303,false,שעועית מעורבת 500 גר,,,שעועית מעורבת 500 גר,גרמים,500.00,100 גרם,false,,7.90,1.5800,true,1,14964
7290003681334,false,קוקוס 400 גר. בדצ,,,קוקוס 400 גר. בדצ,גרמים,400.00,100 גרם,false,,11.90,2.9750,true,1,14965
7290003681365,false,70 סוכריות קישוט לעו,,,70 סוכריות קישוט לעו,גרמים,70.00,100 גרם,false,,4.90,7.0000,true,1,14967
7290003681693,false,חומוס לבן ענק מיה 50,,,חומוס לבן ענק מיה 50,גרמים,500.00,100 גרם,false,,10.90,2.1800,true,1,14981
7290003681716,false,גריסי פנינה 500 גרם,,,גריסי פנינה 500 גרם,גרמים,500.00,100 גרם,false,,4.90,0.9800,true,1,14982
7290003706167,false,בצל ירוק ארוז,,,בצל ירוק ארוז,יח',1.00,יח',false,,5.90,5.9000,true,1,35558
7290003706440,false,בייבי מיקס נספק,,,בייבי מיקס נספק,יח',1.00,יח',false,,9.90,9.9000,true,1,35559
7290003718627,false,פול ירוק בלדי 400 גר,,,פול ירוק בלדי 400 גר,גרמים,400.00,100 גרם,false,,11.90,2.9750,true,1,257227
7290003726141,false,טופו משק גאיה  300ג,,,טופו משק גאיה  300ג,גרמים,300.00,100 גרם,false,,10.90,3.6333,true,1,14635
7290003726615,false,טופו ויילר 300 גרם.,,,טופו ויילר 300 גרם.,גרמים,300.00,100 גרם,false,,10.90,3.6333,true,1,23294
7290003726868,false,טופו חומוס עם עגבניו,,,טופו חומוס עם עגבניו,גרמים,300.00,100 גרם,false,,12.90,4.3000,true,1,195305
7290003804320,false,תיבוליות שום ופטרוזי,,,תיבוליות שום ופטרוזי,גרמים,72.00,100 גרם,false,,7.90,10.9722,true,1,10339
7290003804368,false,תיבולית בזיליקום קנו,,,תיבולית בזיליקום קנו,גרמים,72.00,100 גרם,false,,7.90,10.9722,true,1,10342
7290003804382,false,תיבולית פטריות קנור,,,תיבולית פטריות קנור,גרמים,72.00,100 גרם,false,,7.90,10.9722,true,1,10344
7290003805501,false,פתית שוודי חסכוני בד,,,פתית שוודי חסכוני בד,גרמים,300.00,100 גרם,false,,16.90,5.6333,true,1,10356
7290003805587,false,פתית חיטה מלאה בד'ץ,,,פתית חיטה מלאה בד'ץ,גרמים,250.00,100 גרם,false,,16.90,6.7600,true,1,10362
7290003807178,false,רוטב סויה בסגנון סינ,,,רוטב סויה בסגנון סינ,מיליליטרים,300.00,"100 מ""ל",false,,10.50,3.5000,true,1,10378
7290003864485,false,סרדינים ברוטב עגבניו,,,סרדינים ברוטב עגבניו,גרמים,120.00,100 גרם,false,,5.30,4.4167,true,1,2883
7290003864492,false,סרדין בשמן צמחי חריף,,,סרדין בשמן צמחי חריף,גרמים,120.00,100 גרם,false,,5.30,4.4167,true,1,2884
7290003882922,false,עלי גפן ממולאים באור,,,עלי גפן ממולאים באור,גרמים,360.00,100 גרם,false,,8.90,2.4722,true,1,2887
7290003896141,false,אלמנדוס 200 גרם,,,אלמנדוס 200 גרם,גרמים,200.00,100 גרם,false,,11.90,5.9500,true,1,12796
7290003903788,false,עלית קפוצינו טעם וני,,,עלית קפוצינו טעם וני,גרמים,200.00,100 גרם,false,,23.90,11.9500,true,1,22236
7290003976140,false,נוזל רצפות דוחה חרקי,,,נוזל רצפות דוחה חרקי,ליטרים,2.00,ליטר,false,,17.90,8.9500,true,1,63543
7290003976263,false,"די תיקן טאצ' 300 מ""ל",,,"די תיקן טאצ' 300 מ""ל",מיליליטרים,300.00,"100 מ""ל",false,,9.90,3.3000,true,1,63552
7290003976270,false,"די תוש טאצ' 300 מ""ל",,,"די תוש טאצ' 300 מ""ל",מיליליטרים,300.00,"100 מ""ל",false,,9.90,3.3000,true,1,63553
7290003976287,false,"די תוש טאצ' 630 מ""ל",,,"די תוש טאצ' 630 מ""ל",מיליליטרים,630.00,"100 מ""ל",false,,13.90,2.2063,true,1,63554
7290003976607,false,ג'ל אקונומיקה סמיכה,,,ג'ל אקונומיקה סמיכה,ליטרים,4.00,ליטר,false,,11.90,2.9750,true,1,79658
7290003976614,false,ג'ל אקונומיקה סמיכה,,,ג'ל אקונומיקה סמיכה,ליטרים,4.00,ליטר,false,,11.90,2.9750,true,1,79659
7290003989096,false,אחלה חציל פיקנטי 500,,,אחלה חציל פיקנטי 500,גרמים,500.00,100 גרם,false,,14.90,2.9800,true,1,23297
7290003989539,false,EAT GOOD רביולי גבינ,,,EAT GOOD רביולי גבינ,גרמים,400.00,100 גרם,false,,19.90,4.9750,true,1,23298
7290003989553,false,שטראוס טורטליני פטרי,,,שטראוס טורטליני פטרי,גרמים,400.00,100 גרם,false,,19.90,4.9750,true,1,23299
7290004011284,false,ריצ בסיס להכנת קצפת,,,ריצ בסיס להכנת קצפת,מיליליטרים,212.00,"100 מ""ל",false,,6.90,3.2547,true,1,17029
7290004011338,false,ריצ קצפת במיכל 250מל,,,ריצ קצפת במיכל 250מל,מיליליטרים,250.00,"100 מ""ל",false,,9.90,3.9600,true,1,17031
7290004011345,false,קצפת ריץ במיכל פרווה,,,קצפת ריץ במיכל פרווה,מיליליטרים,238.00,"100 מ""ל",false,,9.90,4.1597,true,1,17032
7290004011796,false,אל גאוצו קבבונים 400,,,אל גאוצו קבבונים 400,גרמים,400.00,100 גרם,false,,21.90,5.4750,true,1,17038
7290004011819,false,אל גאוצו המבורגר ריב,,,אל גאוצו המבורגר ריב,גרמים,360.00,100 גרם,false,,21.90,6.0833,true,1,17040
7290004011826,false,אל גאוצ'ו מיני המבור,,,אל גאוצ'ו מיני המבור,גרמים,320.00,100 גרם,false,,21.90,6.8437,true,1,17041
7290004022309,false,M&M עדשי חמאת בוטנים,,,M&M עדשי חמאת בוטנים,גרמים,80.00,100 גרם,false,,6.90,8.6250,true,1,20588
7290004026776,false,לחם מחמצת אגוזים וצי,,,לחם מחמצת אגוזים וצי,גרמים,530.00,100 גרם,false,,17.90,3.3774,true,1,52794
7290004030216,false,פריניב נקטר חמוציות,,,פריניב נקטר חמוציות,ליטרים,1.00,ליטר,false,,12.70,12.7000,true,1,49459
7290004030445,false,פרי ניב תפוז סחוט 1ל,,,פרי ניב תפוז סחוט 1ל,ליטרים,1.00,ליטר,false,,13.90,13.9000,true,1,49470
7290004030544,false,לימונדה לואיזה ולמון,,,לימונדה לואיזה ולמון,יחידה,0.00,יחידה,false,,13.90,0.0000,true,1,49473
7290004030612,false,פרי ניב מיץ קיוי אגס,,,פרי ניב מיץ קיוי אגס,ליטרים,1.00,ליטר,false,,14.90,14.9000,true,1,49476
7290004030834,false,מיץ סחוט רימונים 100,,,מיץ סחוט רימונים 100,ליטרים,1.00,ליטר,false,,23.80,23.8000,true,1,49489
7290004063016,false,"מלח שולחן סלית 1 ק""ג",,,"מלח שולחן סלית 1 ק""ג",קילוגרמים,1.00,"ק""ג",false,,1.70,1.7000,true,1,15462
7290004063115,false,מלח מטבח גס לבישול כ,,,מלח מטבח גס לבישול כ,קילוגרמים,1.00,"ק""ג",false,,1.70,1.7000,true,1,15463
7290004064099,false,מטחנה מלח מהרי ההימל,,,מטחנה מלח מהרי ההימל,גרמים,250.00,100 גרם,false,,15.90,6.3600,true,1,15464
7290004064174,false,מלח ההימלאיה דק בצנצ,,,מלח ההימלאיה דק בצנצ,קילוגרמים,1.00,"ק""ג",false,,16.90,16.9000,true,1,15465
7290004064280,false,מלח מופחת נתרן בצנצנ,,,מלח מופחת נתרן בצנצנ,גרמים,600.00,100 גרם,false,,15.90,2.6500,true,1,24653
7290004064365,false,מלח דק מועשר ביוד קר,,,מלח דק מועשר ביוד קר,קילוגרמים,1.00,"ק""ג",false,,5.90,5.9000,true,1,15470
7290004068028,false,גד משקה צזיקי 2% 500,,,גד משקה צזיקי 2% 500,מיליליטרים,500.00,"100 מ""ל",false,,9.90,1.9800,true,1,14637
7290004068035,false,גד משקה איירן בסגנון,,,גד משקה איירן בסגנון,גרמים,500.00,100 גרם,false,,7.90,1.5800,true,1,14638
7290004068172,false,גד יוגורט עיזים 5% 6,,,גד יוגורט עיזים 5% 6,מיליליטרים,600.00,"100 מ""ל",false,,16.90,2.8167,true,1,14639
7290004078942,false,דיאודורנט ג'ל מרענן,,,דיאודורנט ג'ל מרענן,גרמים,65.00,100 גרם,false,,17.90,27.5385,true,1,21481
7290004091248,false,וזלין אינטנסיב קאר פ,,,וזלין אינטנסיב קאר פ,מיליליטרים,106.00,"100 מ""ל",false,,13.50,12.7358,true,1,10384
7290004102326,false,תרד לא שטוף,,,תרד לא שטוף,גרמים,180.00,100 גרם,false,,11.90,6.6111,true,1,35560
7290004119225,false,יופלה אננס 3% 150מל,,,יופלה אננס 3% 150מל,גרמים,150.00,100 גרם,false,,4.90,3.2667,true,1,25866
7290004119928,false,קרלו וניל 3% 125מל,,,קרלו וניל 3% 125מל,מיליליטרים,125.00,"100 מ""ל",false,,2.90,2.3200,true,1,25868
7290004119973,false,קרלו שוקולדה 3% 125מ,,,קרלו שוקולדה 3% 125מ,מיליליטרים,125.00,"100 מ""ל",false,,2.90,2.3200,true,1,25869
7290004120061,false,קרלו שוניל 3% 125מל,,,קרלו שוניל 3% 125מל,מיליליטרים,125.00,"100 מ""ל",false,,2.90,2.3200,true,1,25870
7290004120108,false,יופלה דיאט דובדבן 0%,,,יופלה דיאט דובדבן 0%,מיליליטרים,150.00,"100 מ""ל",false,,4.90,3.2667,true,1,25871
7290004120566,false,פיראוס בולגרית 24% 2,,,פיראוס בולגרית 24% 2,גרמים,250.00,100 גרם,false,,20.90,8.3600,true,1,25878
7290004120573,false,פיראוס בולגרית בקר 1,,,פיראוס בולגרית בקר 1,גרמים,250.00,100 גרם,false,,20.90,8.3600,true,1,25879
7290004120634,false,פיראוס בולגרית 5% 25,,,פיראוס בולגרית 5% 25,גרמים,250.00,100 גרם,false,,20.90,8.3600,true,1,25880
7290004121488,false,יופלה דיאט אפרסק 0%,,,יופלה דיאט אפרסק 0%,מיליליטרים,150.00,"100 מ""ל",false,,4.90,3.2667,true,1,25883
7290004121525,false,יופלה אפרסק תות 3% 8,,,יופלה אפרסק תות 3% 8,קילוגרמים,1.20,"ק""ג",false,,29.90,24.9167,true,1,25884
7290004121839,false,פיראוס פטה כבשים 20%,,,פיראוס פטה כבשים 20%,גרמים,250.00,100 גרם,false,,26.90,10.7600,true,1,25886
7290004121853,false,פיראוס בולגרית בקובי,,,פיראוס בולגרית בקובי,גרמים,200.00,100 גרם,false,,20.90,10.4500,true,1,25887
7290004122119,false,שף לבן פתיתי פרמזן ל,,,שף לבן פתיתי פרמזן ל,גרמים,100.00,100 גרם,false,,10.90,10.9000,true,1,25889
7290004122195,false,גוש חלב פרוס 28% 200,,,גוש חלב פרוס 28% 200,גרמים,200.00,100 גרם,false,,13.50,6.7500,true,1,25890
7290004122270,false,עמק פרוס סגירה חוזרת,,,עמק פרוס סגירה חוזרת,גרמים,200.00,100 גרם,false,,15.80,7.9000,true,1,25891
7290004122348,false,עמק לייט 9% 200ג,,,עמק לייט 9% 200ג,גרמים,200.00,100 גרם,false,,16.80,8.4000,true,1,25892
7290004122676,false,פיראוס חמד לייט 5% 2,,,פיראוס חמד לייט 5% 2,גרמים,250.00,100 גרם,false,,17.90,7.1600,true,1,25894
7290004122683,false,עמק אצבעות 172ג,,,עמק אצבעות 172ג,גרמים,172.00,100 גרם,false,,15.90,9.2442,true,1,25895
7290004124205,false,יופלה דיאט תות 0% 15,,,יופלה דיאט תות 0% 15,מיליליטרים,150.00,"100 מ""ל",false,,4.90,3.2667,true,1,25903
7290004124847,false,שף לבן קצפת צמחית 24,,,שף לבן קצפת צמחית 24,מיליליטרים,500.00,"100 מ""ל",false,,13.90,2.7800,true,1,25905
7290004125370,false,תנובה שמנת מופחתת 9%,,,תנובה שמנת מופחתת 9%,מיליליטרים,200.00,"100 מ""ל",false,,3.90,1.9500,true,1,25907
7290004125400,false,"אשל 4.5% בד""צ מהדרין",,,"אשל 4.5% בד""צ מהדרין",מיליליטרים,200.00,"100 מ""ל",false,,1.69,0.8450,true,1,25908
7290004125417,false,"גיל 3% בד""צ מהדרין",,,"גיל 3% בד""צ מהדרין",מיליליטרים,200.00,"100 מ""ל",false,,1.51,0.7550,true,1,25909
7290004125455,false,תנובה שמנת אורגינל מ,,,תנובה שמנת אורגינל מ,מיליליטרים,200.00,"100 מ""ל",false,,2.40,1.2000,true,1,25910
7290004125462,false,תנובה שמנת חמוצה 15%,,,תנובה שמנת חמוצה 15%,מיליליטרים,500.00,"100 מ""ל",false,,6.00,1.2000,true,1,25911
7290004125509,false,תנובה שמנת חצי מנה 1,,,תנובה שמנת חצי מנה 1,מיליליטרים,100.00,"100 מ""ל",false,,1.70,1.7000,true,1,25912
7290004125578,false,משקה סויה תנובה מועש,,,משקה סויה תנובה מועש,ליטרים,1.00,ליטר,false,,9.90,9.9000,true,1,25913
7290004125585,false,סויה תנובה משקה סויה,,,סויה תנובה משקה סויה,ליטרים,1.00,ליטר,false,,9.90,9.9000,true,1,25914
7290004125721,false,שף לבן שמנת לבישול 1,,,שף לבן שמנת לבישול 1,מיליליטרים,250.00,"100 מ""ל",false,,8.50,3.4000,true,1,25916
7290004125738,false,שף לבן שמנת להקצפה 3,,,שף לבן שמנת להקצפה 3,מיליליטרים,250.00,"100 מ""ל",false,,6.50,2.6000,true,1,25917
7290004125776,false,עמק גבינה קשה פרוסה,,,עמק גבינה קשה פרוסה,גרמים,400.00,100 גרם,false,,27.80,6.9500,true,1,25918
7290004126674,false,עמק טל לייט 9% 200ג,,,עמק טל לייט 9% 200ג,גרמים,200.00,100 גרם,false,,18.30,9.1500,true,1,25921
7290004126759,false,יופלה דיאט פירות יער,,,יופלה דיאט פירות יער,מיליליטרים,150.00,"100 מ""ל",false,,4.90,3.2667,true,1,25922
7290004127329,false,קוטג' 5% תנובה מהדרי,,,קוטג' 5% תנובה מהדרי,גרמים,250.00,100 גרם,false,,5.50,2.2000,true,1,25925
7290004127336,false,קוטג' תנובה מהדרין 9,,,קוטג' תנובה מהדרין 9,גרמים,250.00,100 גרם,false,,5.50,2.2000,true,1,25926
7290004127800,false,תנובה גבינה לבנה 5%,,,תנובה גבינה לבנה 5%,גרמים,500.00,100 גרם,false,,9.96,1.9920,true,1,25928
7290004127817,false,תנובה גבינה לבנה 9%,,,תנובה גבינה לבנה 9%,גרמים,500.00,100 גרם,false,,9.20,1.8400,true,1,25929
7290004127862,false,תנובה גבינה למריחה מ,,,תנובה גבינה למריחה מ,גרמים,750.00,100 גרם,false,,14.90,1.9867,true,1,25930
7290004128333,false,פיראוס לאבנה גביע %9,,,פיראוס לאבנה גביע %9,גרמים,500.00,100 גרם,false,,19.90,3.9800,true,1,25933
7290004128432,false,שף לבן פתיתי גבינה מ,,,שף לבן פתיתי גבינה מ,גרמים,500.00,100 גרם,false,,21.90,4.3800,true,1,25936
7290004129101,false,נפוליאון בטעם טבעי 2,,,נפוליאון בטעם טבעי 2,גרמים,225.00,100 גרם,false,,13.90,6.1778,true,1,25937
7290004129156,false,נפוליאון שום שמיר 25,,,נפוליאון שום שמיר 25,גרמים,225.00,100 גרם,false,,13.90,6.1778,true,1,25939
7290004130794,false,סויה תנובה טבעי במתי,,,סויה תנובה טבעי במתי,ליטרים,1.00,ליטר,false,,9.90,9.9000,true,1,25946
7290004130916,false,יופלה בטעם פירות יער,,,יופלה בטעם פירות יער,גרמים,150.00,100 גרם,false,,4.90,3.2667,true,1,25947
7290004131074,false,חלב תנובה הומוגני מה,,,חלב תנובה הומוגני מה,ליטרים,1.00,ליטר,false,,6.23,6.2300,true,1,25949
7290004131814,false,פיראוס צפתית מעודנת,,,פיראוס צפתית מעודנת,גרמים,200.00,100 גרם,false,,13.90,6.9500,true,1,25957
7290004132552,false,סויה תנובה לייט בטעם,,,סויה תנובה לייט בטעם,ליטרים,1.00,ליטר,false,,9.90,9.9000,true,1,25964
7290004132712,false,עמק אצבעות מוצרלה 20,,,עמק אצבעות מוצרלה 20,גרמים,174.00,100 גרם,false,,15.90,9.1379,true,1,25966
7290004133511,false,יופלה לבן מעודן 1.5%,,,יופלה לבן מעודן 1.5%,ליטרים,1.20,ליטר,false,,19.90,16.5833,true,1,25971
7290004135058,false,קרלו מהדרין מיני שוק,,,קרלו מהדרין מיני שוק,מיליליטרים,800.00,"100 מ""ל",false,,13.90,1.7375,true,1,25978
7290004135225,false,מעדן תנובה דיאט שוקו,,,מעדן תנובה דיאט שוקו,מיליליטרים,150.00,"100 מ""ל",false,,3.90,2.6000,true,1,25981
7290004135614,false,פיראוס בולגרית מעודנ,,,פיראוס בולגרית מעודנ,גרמים,250.00,100 גרם,false,,20.90,8.3600,true,1,25983
7290004136154,false,משקאות חלב תנובה איי,,,משקאות חלב תנובה איי,מיליליטרים,340.00,"100 מ""ל",false,,6.90,2.0294,true,1,25986
7290004136598,false,מארז הפסקת אוכל חלב,,,מארז הפסקת אוכל חלב,גרמים,150.00,100 גרם,false,,9.50,6.3333,true,1,25990
7290004136857,false,ג'לי תנובה פטל 125מל,,,ג'לי תנובה פטל 125מל,מיליליטרים,125.00,"100 מ""ל",false,,2.50,2.0000,true,1,25991
7290004136864,false,ג'לי תנובה אננס עם ח,,,ג'לי תנובה אננס עם ח,מיליליטרים,125.00,"100 מ""ל",false,,2.90,2.3200,true,1,25992
7290004136871,false,ג'לי תנובה אפרסק עם,,,ג'לי תנובה אפרסק עם,מיליליטרים,125.00,"100 מ""ל",false,,2.90,2.3200,true,1,25993
7290004137021,false,שף לבן שמנת לבישול 1,,,שף לבן שמנת לבישול 1,מיליליטרים,250.00,"100 מ""ל",false,,7.90,3.1600,true,1,25995
7290004137311,false,עמק לייט משפחתית 9%,,,עמק לייט משפחתית 9%,גרמים,400.00,100 גרם,false,,29.90,7.4750,true,1,25996
7290004150112,false,חומוס מזרחי 300 גרם,,,חומוס מזרחי 300 גרם,גרמים,300.00,100 גרם,false,,14.90,4.9667,true,1,252608
7290004150136,false,חציל על האש 300 גרם,,,חציל על האש 300 גרם,גרמים,300.00,100 גרם,false,,14.90,4.9667,true,1,252610
7290004150143,false,חציל במיונז 300 גרם,,,חציל במיונז 300 גרם,גרמים,300.00,100 גרם,false,,14.90,4.9667,true,1,252611
7290004150150,false,חציל בטחינה 300 גרם,,,חציל בטחינה 300 גרם,גרמים,300.00,100 גרם,false,,14.90,4.9667,true,1,252612
7290004150181,false,סלט חמוצים סיני 300,,,סלט חמוצים סיני 300,גרמים,300.00,100 גרם,false,,14.90,4.9667,true,1,252615
7290004150204,false,סלט מטבוחה 300 גרם,,,סלט מטבוחה 300 גרם,גרמים,300.00,100 גרם,false,,14.90,4.9667,true,1,252617
7290004199074,false,סאני פלסטר אינטרסן 5,,,סאני פלסטר אינטרסן 5,100 יח',50.00,100 יח',false,,6.90,13.8000,true,1,884
7290004199579,false,סאני פלסטר אינטרסן 1,,,סאני פלסטר אינטרסן 1,יחידה,0.00,יחידה,false,,9.90,0.0000,true,1,896
7290004200244,false,פרסים רמה 3,,,פרסים רמה 3,יחידה,0.00,יחידה,false,,9.50,0.0000,true,1,32233
7290004200381,false,צעצוע רמה 3,,,צעצוע רמה 3,יחידה,0.00,יחידה,false,,14.00,0.0000,true,1,32238
7290004219819,false,קומפלטה מלבין קפה הו,,,קומפלטה מלבין קפה הו,גרמים,200.00,100 גרם,false,,9.90,4.9500,true,1,2891
7290004230081,false,שגב קציצות עוף ברוטב,,,שגב קציצות עוף ברוטב,גרמים,800.00,100 גרם,false,,24.90,3.1125,true,1,17055
7290004230333,false,שגב מקלות בורקס פילו,,,שגב מקלות בורקס פילו,גרמים,600.00,100 גרם,false,,19.90,3.3167,true,1,17064
7290004230364,false,שגב מקלות בורקס פילו,,,שגב מקלות בורקס פילו,גרמים,600.00,100 גרם,false,,19.90,3.3167,true,1,17067
7290004230371,false,שלושת האופים מקלות ב,,,שלושת האופים מקלות ב,גרמים,600.00,100 גרם,false,,19.90,3.3167,true,1,17068
7290004230944,false,מקלות בורקס פילו גבי,,,מקלות בורקס פילו גבי,גרמים,600.00,100 גרם,false,,19.90,3.3167,true,1,17070
7290004267230,false,פריכיות אורז מצופה ש,,,פריכיות אורז מצופה ש,גרמים,80.00,100 גרם,false,,5.90,7.3750,true,1,13150
7290004324858,false,קבב כבש 500 גרם,,,קבב כבש 500 גרם,גרמים,500.00,100 גרם,false,,17.90,3.5800,true,1,17087
7290004492274,false,טבעות מלוחות 400 גר,,,טבעות מלוחות 400 גר,גרמים,400.00,100 גרם,false,,9.90,2.4750,true,1,10386
7290004492762,false,נשנושים תירס 325 גר,,,נשנושים תירס 325 גר,גרמים,325.00,100 גרם,false,,11.90,3.6615,true,1,10391
7290004537241,false,אפונת גינה קפואה 800,,,אפונת גינה קפואה 800,גרמים,800.00,100 גרם,false,,11.90,1.4875,true,1,51588
7290004537258,false,אפונה וגזר 800 גר שד,,,אפונה וגזר 800 גר שד,גרמים,800.00,100 גרם,false,,11.90,1.4875,true,1,51589
7290004554354,false,פנטסיה שוקו וניל 900,,,פנטסיה שוקו וניל 900,מיליליטרים,900.00,"100 מ""ל",false,,19.90,2.2111,true,1,4250
7290004575007,false,מארז טילונים 5*70 גר,,,מארז טילונים 5*70 גר,גרמים,350.00,100 גרם,false,,14.90,4.2571,true,1,20555
7290004575403,false,גלידת פרווה בטעמים 1,,,גלידת פרווה בטעמים 1,ליטרים,1.80,ליטר,false,,14.90,8.2778,true,1,20570
7290004584306,false,גמדים תות בננה 4*100,,,גמדים תות בננה 4*100,מיליליטרים,400.00,"100 מ""ל",false,,11.10,2.7750,true,1,23300
7290004584351,false,סימפוניה חמישית 200ג,,,סימפוניה חמישית 200ג,גרמים,200.00,100 גרם,false,,11.50,5.7500,true,1,23301
7290004584528,false,דנונה יוגורט טבעי 1.,,,דנונה יוגורט טבעי 1.,מיליליטרים,200.00,"100 מ""ל",false,,3.70,1.8500,true,1,23302
7290004585907,false,דני וניל מהדרין 130מ,,,דני וניל מהדרין 130מ,מיליליטרים,130.00,"100 מ""ל",false,,2.90,2.2308,true,1,23303
7290004639006,false,קוסקוס ביתי קפוא,,,קוסקוס ביתי קפוא,גרמים,800.00,100 גרם,false,,14.90,1.8625,true,1,51599
7290004658946,false,יין  P.C  שרדונה לבן,,,יין  P.C  שרדונה לבן,מיליליטרים,750.00,"100 מ""ל",false,,39.90,5.3200,true,1,508
7290004658953,false,יין  P.C  סוביניון ב,,,יין  P.C  סוביניון ב,מיליליטרים,750.00,"100 מ""ל",false,,39.90,5.3200,true,1,509
7290004731076,false,אלסבון אלוורה כיף 1,,,אלסבון אלוורה כיף 1,ליטרים,1.00,ליטר,false,,12.90,12.9000,true,1,29881
7290004731090,false,אלסבון קמומיל כיף 1,,,אלסבון קמומיל כיף 1,ליטרים,1.00,ליטר,false,,12.90,12.9000,true,1,29883
7290004731410,false,כרית קרצוף סנו סושי,,,כרית קרצוף סנו סושי,יחידה,0.00,יחידה,false,,9.90,0.0000,true,1,29888
7290004731472,false,שלישיית אלסבון צבעונ,,,שלישיית אלסבון צבעונ,ליטרים,1.50,ליטר,false,,19.90,13.2667,true,1,29889
7290004731519,false,סנו מקסימה למייבש סנ,,,סנו מקסימה למייבש סנ,מיליליטרים,750.00,"100 מ""ל",false,,17.90,2.3867,true,1,29890
7290004731564,false,סנו מקסימה מבשם ומרכ,,,סנו מקסימה מבשם ומרכ,מיליליטרים,750.00,"100 מ""ל",false,,17.90,2.3867,true,1,29892
7290004731670,false,דואופרש פצ'ולי לבנדר,,,דואופרש פצ'ולי לבנדר,מיליליטרים,300.00,"100 מ""ל",false,,11.90,3.9667,true,1,29894
7290004829193,false,יעה חוץ נצמד,,,יעה חוץ נצמד,יחידה,0.00,יחידה,false,,5.90,0.0000,true,1,51767
7290004944032,false,חומוס אסלי 400 גר,,,חומוס אסלי 400 גר,גרמים,400.00,100 גרם,false,,10.90,2.7250,true,1,17704
7290004944049,false,טחינה אסלי 400 גרם,,,טחינה אסלי 400 גרם,גרמים,400.00,100 גרם,false,,10.90,2.7250,true,1,17705
7290004944056,false,חציל במיונז 400גר,,,חציל במיונז 400גר,גרמים,400.00,100 גרם,false,,10.90,2.7250,true,1,17706
7290004944063,false,תורכי אסלי 400 גרם,,,תורכי אסלי 400 גרם,גרמים,400.00,100 גרם,false,,10.90,2.7250,true,1,17707
7290005020162,false,וויסקי בלנטיין 700 מ,,,וויסקי בלנטיין 700 מ,מיליליטרים,700.00,"100 מ""ל",false,,84.90,12.1286,true,1,33787
7290005020346,false,בקרדי קרטה בלנקה סופ,,,בקרדי קרטה בלנקה סופ,מיליליטרים,750.00,"100 מ""ל",false,,102.90,13.7200,true,1,13391
7290005040993,false,ערמונים קלויים קלופי,,,ערמונים קלויים קלופי,יח',1.00,יח',false,,4.90,4.9000,true,1,50976
7290005041136,false,"קבב גמבו רומני 1 ק""ג",,,"קבב גמבו רומני 1 ק""ג",קילוגרמים,1.00,"ק""ג",false,,45.90,45.9000,true,1,17090
7290005041198,false,"קבב ביתי 1ק""ג",,,"קבב ביתי 1ק""ג",קילוגרמים,1.00,"ק""ג",false,,45.90,45.9000,true,1,17092
7290005084355,false,משחת שיניים דואל קר,,,משחת שיניים דואל קר,מיליליטרים,75.00,"100 מ""ל",false,,21.90,29.2000,true,1,3820
7290005113222,false,זיתים מיקס יבנה 540,,,זיתים מיקס יבנה 540,גרמים,340.00,100 גרם,false,,9.90,2.9118,true,1,44773
7290005168284,false,"גן עדן 750 מ""ל",,,"גן עדן 750 מ""ל",מיליליטרים,750.00,"100 מ""ל",false,,19.90,2.6533,true,1,11964
7290005174513,false,חציל במיונז אחלה 500,,,חציל במיונז אחלה 500,גרמים,500.00,100 גרם,false,,14.90,2.9800,true,1,23304
7290005174551,false,אחלה חומוס 125ג,,,אחלה חומוס 125ג,גרמים,125.00,100 גרם,false,,4.90,3.9200,true,1,23305
7290005174568,false,אחלה חציל במיונז 125,,,אחלה חציל במיונז 125,גרמים,125.00,100 גרם,false,,4.90,3.9200,true,1,23306
7290005174575,false,אחלה טחינה 125גר,,,אחלה טחינה 125גר,גרמים,125.00,100 גרם,false,,4.90,3.9200,true,1,23307
7290005197758,false,חיוכים של שוקו,,,חיוכים של שוקו,גרמים,150.00,100 גרם,false,,4.90,3.2667,true,1,22243
7290005200786,false,תפוציפס שמנת ובצל 50,,,תפוציפס שמנת ובצל 50,גרמים,50.00,100 גרם,false,,3.90,7.8000,true,1,24164
7290005201455,false,ארומה קפה נמס 200 גר,,,ארומה קפה נמס 200 גר,גרמים,200.00,100 גרם,false,,21.90,10.9500,true,1,22252
7290005201882,false,טורקי עלית 200 גר',,,טורקי עלית 200 גר',גרמים,200.00,100 גרם,false,,15.90,7.9500,true,1,22254
7290005287206,false,טונה בשמן סטארקיסט ר,,,טונה בשמן סטארקיסט ר,גרמים,640.00,100 גרם,false,,24.90,3.8906,true,1,26659
7290005287251,false,טונה במים סטארקיסט ר,,,טונה במים סטארקיסט ר,גרמים,640.00,100 גרם,false,,24.90,3.8906,true,1,26662
7290005287930,false,טונה במים סטארקיסט ב,,,טונה במים סטארקיסט ב,גרמים,640.00,100 גרם,false,,24.90,3.8906,true,1,26681
7290005296246,false,יעקבי פותח סתימות אק,,,יעקבי פותח סתימות אק,מיליליטרים,946.00,"100 מ""ל",false,,26.90,2.8436,true,1,11304
7290005296260,false,אסטוניש רסס ונגב 750,,,אסטוניש רסס ונגב 750,מיליליטרים,750.00,"100 מ""ל",false,,11.90,1.5867,true,1,11305
7290005326387,false,עגבניות מיובשות בשמן,,,עגבניות מיובשות בשמן,גרמים,280.00,100 גרם,false,,17.90,6.3929,true,1,52042
7290005326585,false,אוליביה פסטו בזיליקו,,,אוליביה פסטו בזיליקו,גרמים,180.00,100 גרם,false,,12.90,7.1667,true,1,26003
7290005384851,false,מיץ לימון משומר וילי,,,מיץ לימון משומר וילי,מיליליטרים,200.00,"100 מ""ל",false,,2.90,1.4500,true,1,2902
7290005403972,false,תחתיות ארטישוק 400 ג,,,תחתיות ארטישוק 400 ג,גרמים,400.00,100 גרם,false,,15.90,3.9750,true,1,51601
7290005403989,false,במיה קפואה 600 גרם ש,,,במיה קפואה 600 גרם ש,גרמים,600.00,100 גרם,false,,10.90,1.8167,true,1,51602
7290005418716,false,לחות לבניית תלתלים נ,,,לחות לבניית תלתלים נ,מיליליטרים,400.00,"100 מ""ל",false,,22.90,5.7250,true,1,29900
7290005423086,false,מטהרי אויר סנומוד PA,,,מטהרי אויר סנומוד PA,מיליליטרים,150.00,"100 מ""ל",false,,11.90,7.9333,true,1,29905
7290005423253,false,סנו מקסימה למייבש או,,,סנו מקסימה למייבש או,מיליליטרים,750.00,"100 מ""ל",false,,17.90,2.3867,true,1,29907
7290005423499,false,סנו נירוסטה אירוסול,,,סנו נירוסטה אירוסול,מיליליטרים,476.00,"100 מ""ל",false,,19.90,4.1807,true,1,29915
7290005423567,false,סנו סושי מטלית לכל 3,,,סנו סושי מטלית לכל 3,יחידה,0.00,יחידה,false,,20.00,0.0000,true,1,29918
7290005423635,false,נוזל לניקוי רצפות דו,,,נוזל לניקוי רצפות דו,ליטרים,2.00,ליטר,false,,21.90,10.9500,true,1,29919
7290005423734,false,מרכך כביסה סנו מקסימ,,,מרכך כביסה סנו מקסימ,ליטרים,4.00,ליטר,false,,22.90,5.7250,true,1,29920
7290005423833,false,סנו פוליויקס פרקט 2,,,סנו פוליויקס פרקט 2,ליטרים,2.00,ליטר,false,,21.90,10.9500,true,1,29921
7290005423871,false,משחת שיניים אורביטול,,,משחת שיניים אורביטול,גרמים,435.00,100 גרם,false,,16.90,3.8851,true,1,29922
7290005423918,false,מרכך כביסה סנו מקסימ,,,מרכך כביסה סנו מקסימ,ליטרים,4.00,ליטר,false,,23.90,5.9750,true,1,29924
7290005424113,false,סנו סושי מטליות רצפה,,,סנו סושי מטליות רצפה,יחידה,0.00,יחידה,false,,12.90,0.0000,true,1,29926
7290005424403,false,אל סבון אצות ים כיף,,,אל סבון אצות ים כיף,ליטרים,1.00,ליטר,false,,12.90,12.9000,true,1,29929
7290005424700,false,פורטה פלוס - קצף ברי,,,פורטה פלוס - קצף ברי,מיליליטרים,1.00,"100 מ""ל",false,,17.90,1790.0000,true,1,29935
7290005424755,false,ריצפז פלוס מטליות לח,,,ריצפז פלוס מטליות לח,יחידה,0.00,יחידה,false,,14.90,0.0000,true,1,29936
7290005424847,false,סנו סופט מפיות 30*30,,,סנו סופט מפיות 30*30,יחידה,0.00,יחידה,false,,7.90,0.0000,true,1,29941
7290005424915,false,סנומוד לבנדר פצ'ולי,,,סנומוד לבנדר פצ'ולי,מיליליטרים,150.00,"100 מ""ל",false,,11.90,7.9333,true,1,29942
7290005424991,false,סנו פרש אוטומטיק בהת,,,סנו פרש אוטומטיק בהת,גרמים,165.00,100 גרם,false,,13.90,8.4242,true,1,29943
7290005425073,false,דואופרש יסמין עץ סאנ,,,דואופרש יסמין עץ סאנ,מיליליטרים,300.00,"100 מ""ל",false,,11.90,3.9667,true,1,29946
7290005425110,false,מתז מחטא ומשמיד 99.9,,,מתז מחטא ומשמיד 99.9,מיליליטרים,750.00,"100 מ""ל",false,,12.90,1.7200,true,1,29948
7290005425127,false,מתז 99.9% מנקה שומני,,,מתז 99.9% מנקה שומני,מיליליטרים,750.00,"100 מ""ל",false,,12.90,1.7200,true,1,176636
7290005425196,false,אבקת כביסה סנו מקסימ,,,אבקת כביסה סנו מקסימ,קילוגרמים,2.50,"ק""ג",false,,26.90,10.7600,true,1,29949
7290005425202,false,אבקת כביסה סנו מקסימ,,,אבקת כביסה סנו מקסימ,קילוגרמים,2.50,"ק""ג",false,,26.90,10.7600,true,1,29950
7290005425646,false,סנוקליר נוזל רב תכלי,,,סנוקליר נוזל רב תכלי,יחידה,0.00,יחידה,false,,11.90,0.0000,true,1,29957
7290005426193,false,סנו סושי ספוג הפלא,,,סנו סושי ספוג הפלא,יחידה,0.00,יחידה,false,,11.90,0.0000,true,1,29967
7290005426568,false,קרם לחות לשיער רגיל,,,קרם לחות לשיער רגיל,מיליליטרים,400.00,"100 מ""ל",false,,19.90,4.9750,true,1,29974
7290005426803,false,מרכך כביסה סנו מקסימ,,,מרכך כביסה סנו מקסימ,ליטרים,4.00,ליטר,false,,22.90,5.7250,true,1,29979
7290005426964,false,סנובון כחול שלישיה ב,,,סנובון כחול שלישיה ב,גרמים,165.00,100 גרם,false,,16.90,10.2424,true,1,29983
7290005427107,false,סנו סושי מגבות הפלא,,,סנו סושי מגבות הפלא,מטרים,63.50,מטר,false,,11.90,0.1874,true,1,29985
7290005427633,false,ג'ל לשיער לשיער חזק,,,ג'ל לשיער לשיער חזק,קילוגרמים,1.00,"ק""ג",false,,19.90,19.9000,true,1,30002
7290005427725,false,ליטופים מגבונים מבוש,,,ליטופים מגבונים מבוש,יחידה,0.00,יחידה,false,,18.90,0.0000,true,1,30003
7290005427749,false,אל סבון אצות ים כיף,,,אל סבון אצות ים כיף,ליטרים,2.00,ליטר,false,,22.90,11.4500,true,1,30005
7290005427756,false,אלסבון אלוורה כיף 2,,,אלסבון אלוורה כיף 2,ליטרים,2.00,ליטר,false,,22.90,11.4500,true,1,30006
7290005428845,false,סנו סופט מפיות 33*33,,,סנו סופט מפיות 33*33,יחידה,0.00,יחידה,false,,7.90,0.0000,true,1,30016
7290005429279,false,אבקת כביסה סנו מקסימ,,,אבקת כביסה סנו מקסימ,קילוגרמים,6.00,"ק""ג",false,,49.90,8.3167,true,1,30024
7290005429286,false,אבקת כביסה סנו מקסימ,,,אבקת כביסה סנו מקסימ,קילוגרמים,6.00,"ק""ג",false,,49.90,8.3167,true,1,30025
7290005430602,false,סנו אוקסיג'ן מסיר כת,,,סנו אוקסיג'ן מסיר כת,מיליליטרים,750.00,"100 מ""ל",false,,17.90,2.3867,true,1,30029
7290005430671,false,סנו פוליווקס קרמיקה,,,סנו פוליווקס קרמיקה,ליטרים,2.00,ליטר,false,,20.90,10.4500,true,1,30032
7290005431883,false,עדן מלבי חלבי 165 גר,,,עדן מלבי חלבי 165 גר,גרמים,165.00,100 גרם,false,,6.90,4.1818,true,1,26014
7290005431913,false,קינוחי עדן עוגת גבינ,,,קינוחי עדן עוגת גבינ,גרמים,92.00,100 גרם,false,,6.90,7.5000,true,1,26017
7290005431920,false,עדן עוגת גבינה פירור,,,עדן עוגת גבינה פירור,גרמים,78.00,100 גרם,false,,6.90,8.8462,true,1,26018
7290005431937,false,עדן טירמיסו 82 גרם,,,עדן טירמיסו 82 גרם,גרמים,82.00,100 גרם,false,,6.90,8.4146,true,1,26019
7290005477669,false,סבון נוזלי מועשר בלח,,,סבון נוזלי מועשר בלח,יחידה,0.00,יחידה,false,,16.90,0.0000,true,1,30036
7290005559587,false,מאפה נקניקיות 800גר,,,מאפה נקניקיות 800גר,גרמים,800.00,100 גרם,false,,29.90,3.7375,true,1,35622
7290005559709,false,בורקס פיצה 700 גרם,,,בורקס פיצה 700 גרם,גרמים,700.00,100 גרם,false,,24.90,3.5571,true,1,35624
7290005559907,false,פיצה משפחתית גבינה 5,,,פיצה משפחתית גבינה 5,גרמים,500.00,100 גרם,false,,19.90,3.9800,true,1,35627
7290005559914,false,פיצה משפחתית זיתים 5,,,פיצה משפחתית זיתים 5,גרמים,550.00,100 גרם,false,,19.90,3.6182,true,1,35628
7290005559990,false,בצק פילאס תורכי מעדנ,,,בצק פילאס תורכי מעדנ,גרמים,600.00,100 גרם,false,,19.90,3.3167,true,1,35632
7290005576010,false,חסה מהדרין,,,חסה מהדרין,יח',1.00,יח',false,,7.90,7.9000,true,1,44810
7290005576027,false,פטרוזיליה גלאט עלים,,,פטרוזיליה גלאט עלים,יח',1.00,יח',false,,6.90,6.9000,true,1,44811
7290005576034,false,כוסברה מהדרין,,,כוסברה מהדרין,יח',1.00,יח',false,,6.90,6.9000,true,1,44812
7290005576041,false,שמיר מהדרין,,,שמיר מהדרין,יח',1.00,יח',false,,6.90,6.9000,true,1,44813
7290005576065,false,סלרי מהדרין,,,סלרי מהדרין,יח',1.00,יח',false,,7.90,7.9000,true,1,44815
7290005576072,false,מנגולד מהדרין,,,מנגולד מהדרין,יח',1.00,יח',false,,7.90,7.9000,true,1,44816
7290005576089,false,בצל ירוק מהדרין,,,בצל ירוק מהדרין,יח',1.00,יח',false,,7.90,7.9000,true,1,44817
7290005576218,false,כרוב אדום 400 גרם,,,כרוב אדום 400 גרם,גרמים,400.00,100 גרם,false,,12.90,3.2250,true,1,44824
7290005576225,false,קולסלאו 400 גרם בדץ,,,קולסלאו 400 גרם בדץ,גרמים,400.00,100 גרם,false,,12.90,3.2250,true,1,20489
7290005576614,false,סלק בוואקום גלאט עלי,,,סלק בוואקום גלאט עלי,יח',1.00,יח',false,,7.90,7.9000,true,1,44836
7290005591761,false,דבש טהור מפרחי בר בל,,,דבש טהור מפרחי בר בל,גרמים,400.00,100 גרם,false,,20.90,5.2250,true,1,22255
7290005610127,false,תפו`א גורמה  לבן דוד,,,תפו`א גורמה  לבן דוד,קילוגרמים,1.00,"ק""ג",true,,7.90,7.9000,true,1,50968
7290005610196,false,תפו`א בייבי גורמה,,,תפו`א בייבי גורמה,קילוגרמים,1.00,"ק""ג",true,,6.90,6.9000,true,1,50969
7290005838002,false,דניאלה מעדן גבינה 15,,,דניאלה מעדן גבינה 15,מיליליטרים,150.00,"100 מ""ל",false,,4.10,2.7333,true,1,23309
7290005838613,false,גבינה וניל 3% סקי 12,,,גבינה וניל 3% סקי 12,גרמים,125.00,100 גרם,false,,3.90,3.1200,true,1,23310
7290005838972,false,גבינת יום יום 5% סקי,,,גבינת יום יום 5% סקי,גרמים,125.00,100 גרם,false,,3.50,2.8000,true,1,23311
7290005839078,false,דנונה ביו מארז חסכון,,,דנונה ביו מארז חסכון,קילוגרמים,1.20,"ק""ג",false,,16.90,14.0833,true,1,23312
7290005839108,false,סימפוניה עם זיתים 5%,,,סימפוניה עם זיתים 5%,גרמים,200.00,100 גרם,false,,11.50,5.7500,true,1,23313
7290005839313,false,מילקי טופ מגולגלת 14,,,מילקי טופ מגולגלת 14,מיליליטרים,142.00,"100 מ""ל",false,,4.90,3.4507,true,1,23314
7290005896439,false,מכבי בקבוק חוזר 500,,,מכבי בקבוק חוזר 500,מיליליטרים,500.00,"100 מ""ל",false,,5.90,1.1800,true,1,9397
7290005896453,false,בירה מכבי 7.9 בקבוק,,,בירה מכבי 7.9 בקבוק,מיליליטרים,500.00,"100 מ""ל",false,,8.50,1.7000,true,1,9398
7290005896620,false,סאן בנדטו מים מינרלי,,,סאן בנדטו מים מינרלי,ליטרים,1.50,ליטר,false,,4.50,3.0000,true,1,9400
7290005896637,false,סאן בנדטו 1.5 ליטר,,,סאן בנדטו 1.5 ליטר,ליטרים,1.50,ליטר,false,,4.50,3.0000,true,1,9401
7290005901348,false,קבב כבש מעדני המנגל,,,קבב כבש מעדני המנגל,גרמים,400.00,100 גרם,false,,12.90,3.2250,true,1,51603
7290005901362,false,קבב רומני מעדני המנג,,,קבב רומני מעדני המנג,גרמים,400.00,100 גרם,false,,12.90,3.2250,true,1,51605
7290005901379,false,המבורגר מעדני המנגל,,,המבורגר מעדני המנגל,גרמים,400.00,100 גרם,false,,12.90,3.2250,true,1,51606
7290005901409,false,"""טעים טעים"" נקניקיות",,,"""טעים טעים"" נקניקיות",גרמים,500.00,100 גרם,false,,28.90,5.7800,true,1,51609
7290005901454,false,סטייק מינוט טעים טעי,,,סטייק מינוט טעים טעי,גרמים,300.00,100 גרם,false,,35.90,11.9667,true,1,51614
7290005901980,false,"""טעים טעים"" נקניקיות",,,"""טעים טעים"" נקניקיות",גרמים,500.00,100 גרם,false,,28.90,5.7800,true,1,51615
7290005938238,false,פרסקו ממרח מצונן צ'י,,,פרסקו ממרח מצונן צ'י,גרמים,220.00,100 גרם,false,,17.90,8.1364,true,1,17094
7290005938245,false,פרסקו ממרח מצונן פסט,,,פרסקו ממרח מצונן פסט,גרמים,220.00,100 גרם,false,,17.90,8.1364,true,1,17095
7290005992018,false,גד יוגורט עיזים 3% 5,,,גד יוגורט עיזים 3% 5,מיליליטרים,500.00,"100 מ""ל",false,,12.90,2.5800,true,1,14644
7290005992575,false,גד בולגרית למריחה 5%,,,גד בולגרית למריחה 5%,גרמים,250.00,100 גרם,false,,15.90,6.3600,true,1,14647
7290005992735,false,גד לאבנה 5% 250ג,,,גד לאבנה 5% 250ג,גרמים,250.00,100 גרם,false,,11.90,4.7600,true,1,14649
7290005996078,false,סלמי סרוולט הונגרי 1,,,סלמי סרוולט הונגרי 1,גרמים,125.00,100 גרם,false,,27.90,22.3200,true,1,56912
7290006065018,false,אמנון 7-9 80% דג קפו,,,אמנון 7-9 80% דג קפו,קילוגרמים,1.00,"ק""ג",true,,34.90,34.9000,true,1,228252
7290006065049,false,פילה באס יפני 7-9 20,,,פילה באס יפני 7-9 20,קילוגרמים,1.00,"ק""ג",true,,41.90,41.9000,true,1,139763
7290006065179,false,סטייק טונה קפוא בואק,,,סטייק טונה קפוא בואק,קילוגרמים,1.00,"ק""ג",true,,39.90,39.9000,true,1,105358
7290006065391,false,פילה  דג נסיכת הנילו,,,פילה  דג נסיכת הנילו,קילוגרמים,1.00,"ק""ג",true,,43.90,43.9000,true,1,139739
7290006065407,false,נתחי פילה  נסיכת הני,,,נתחי פילה  נסיכת הני,קילוגרמים,1.00,"ק""ג",true,,46.90,46.9000,true,1,139740
7290006129345,false,אנטריקוט דק דק חלק 3,,,אנטריקוט דק דק חלק 3,גרמים,300.00,100 גרם,false,,34.90,11.6333,true,1,2360
7290006185204,false,קרם לחות לשיער יבש פ,,,קרם לחות לשיער יבש פ,מיליליטרים,500.00,"100 מ""ל",false,,15.90,3.1800,true,1,18138
7290006185501,false,אל סבון נוזלי ורוד פ,,,אל סבון נוזלי ורוד פ,יחידה,0.00,יחידה,false,,8.90,0.0000,true,1,18139
7290006185518,false,אל סבון נוזלי כחול פ,,,אל סבון נוזלי כחול פ,יחידה,0.00,יחידה,false,,8.90,0.0000,true,1,18140
7290006229427,false,"סאן בנדטו 6*500 מ""ל",,,"סאן בנדטו 6*500 מ""ל",ליטרים,3.00,ליטר,false,,11.90,3.9667,true,1,9414
7290006229588,false,איגל בירה פחית זהב 5,,,איגל בירה פחית זהב 5,מיליליטרים,500.00,"100 מ""ל",false,,5.90,1.1800,true,1,9415
7290006241191,false,אגוזי מלך 150 גרם קל,,,אגוזי מלך 150 גרם קל,גרמים,150.00,100 גרם,false,,17.50,11.6667,true,1,12804
7290006251275,false,תה ירוק סיני,,,תה ירוק סיני,גרמים,37.50,100 גרם,false,,23.90,63.7333,true,1,24658
7290006251343,false,תה חליטה הגן הקסום פ,,,תה חליטה הגן הקסום פ,גרמים,62.50,100 גרם,false,,17.90,28.6400,true,1,24660
7290006251589,false,תה ירוק עם עלי נענע,,,תה ירוק עם עלי נענע,גרמים,75.00,100 גרם,false,,45.90,61.2000,true,1,24662
7290006256102,false,גאטו נגרו מרלו 750 מ,,,גאטו נגרו מרלו 750 מ,מיליליטרים,750.00,"100 מ""ל",false,,39.90,5.3200,true,1,7411
7290006265548,false,נבטים סינים,,,נבטים סינים,יח',1.00,יח',false,,6.90,6.9000,true,1,41538
7290006265890,false,נבטי חמניה יח,,,נבטי חמניה יח,יח',1.00,יח',false,,8.90,8.9000,true,1,35561
7290006271174,false,גחנון לאפיה בתנור מע,,,גחנון לאפיה בתנור מע,גרמים,700.00,100 גרם,false,,16.90,2.4143,true,1,35633
7290006271648,false,מיני בורקס תפו`א 800,,,מיני בורקס תפו`א 800,גרמים,800.00,100 גרם,false,,19.90,2.4875,true,1,35638
7290006271655,false,מיני בורקס גבינה 800,,,מיני בורקס גבינה 800,גרמים,800.00,100 גרם,false,,19.90,2.4875,true,1,35639
7290006272072,false,חטיפי פיצה מעדנות 65,,,חטיפי פיצה מעדנות 65,גרמים,650.00,100 גרם,false,,29.90,4.6000,true,1,35642
7290006272430,false,בצק עלים חמאה 600 גר,,,בצק עלים חמאה 600 גר,גרמים,600.00,100 גרם,false,,28.90,4.8167,true,1,35644
7290006306296,false,פסטה נונה פסטה נונה,,,פסטה נונה פסטה נונה,גרמים,400.00,100 גרם,false,,21.90,5.4750,true,1,14656
7290006306302,false,פסטה נונה ריביולי פר,,,פסטה נונה ריביולי פר,גרמים,400.00,100 גרם,false,,21.90,5.4750,true,1,14657
7290006306319,false,פסטה נונה פסטה נונה,,,פסטה נונה פסטה נונה,גרמים,400.00,100 גרם,false,,21.90,5.4750,true,1,14658
7290006306326,false,פסטה נונה ריביולי פט,,,פסטה נונה ריביולי פט,גרמים,400.00,100 גרם,false,,21.90,5.4750,true,1,14659
7290006342065,false,בוטנים קלויים 200 ג,,,בוטנים קלויים 200 ג,גרמים,200.00,100 גרם,false,,8.90,4.4500,true,1,4627
7290006342447,false,גרעיני אבטיח 200  גר,,,גרעיני אבטיח 200  גר,גרמים,200.00,100 גרם,false,,12.90,6.4500,true,1,4630
7290006342560,false,בוטן אמריקאי 200 גרם,,,בוטן אמריקאי 200 גרם,גרמים,200.00,100 גרם,false,,7.90,3.9500,true,1,4635
7290006342645,false,טורטייה 840 גרם,,,טורטייה 840 גרם,גרמים,840.00,100 גרם,false,,14.90,1.7738,true,1,4638
7290006374738,false,קונפיטורת תות יד מור,,,קונפיטורת תות יד מור,גרמים,340.00,100 גרם,false,,11.90,3.5000,true,1,22262
7290006449955,false,מלפפון בייבי,,,מלפפון בייבי,יח',1.00,יח',false,,8.90,8.9000,true,1,138003
7290006492432,false,גד בייבי מוצרלה 150ג,,,גד בייבי מוצרלה 150ג,גרמים,170.00,100 גרם,false,,13.90,8.1765,true,1,14665
7290006492616,false,גד בולגרית פרוסות 5%,,,גד בולגרית פרוסות 5%,גרמים,250.00,100 גרם,false,,26.90,10.7600,true,1,14666
7290006492630,false,גד גבינת גליל גד עזי,,,גד גבינת גליל גד עזי,גרמים,180.00,100 גרם,false,,22.40,12.4444,true,1,14667
7290006492685,false,גד לאבנה עזים 3% 250,,,גד לאבנה עזים 3% 250,גרמים,250.00,100 גרם,false,,16.90,6.7600,true,1,14669
7290006492852,false,גד גבינת עיזים למריח,,,גד גבינת עיזים למריח,גרמים,250.00,100 גרם,false,,16.50,6.6000,true,1,14670
7290006492913,false,לאבנה ציזיקי גד 250,,,לאבנה ציזיקי גד 250,גרמים,250.00,100 גרם,false,,12.90,5.1600,true,1,14671
7290006494917,false,טוסו וופל טעם שוקולד,,,טוסו וופל טעם שוקולד,גרמים,180.00,100 גרם,false,,10.50,5.8333,true,1,5813
7290006494924,false,מרמולייט ופל בטעם לי,,,מרמולייט ופל בטעם לי,גרמים,180.00,100 גרם,false,,10.50,5.8333,true,1,5814
7290006511157,false,פטריות שלמות שמפיניו,,,פטריות שלמות שמפיניו,גרמים,230.00,100 גרם,false,,6.90,3.0000,true,1,2906
7290006511751,false,פטריות חתוכות ויליפו,,,פטריות חתוכות ויליפו,גרמים,870.00,100 גרם,false,,11.90,1.3678,true,1,2909
7290006532008,false,צ'יפס טעים טעים 1.8,,,צ'יפס טעים טעים 1.8,קילוגרמים,1.80,"ק""ג",false,,22.90,12.7222,true,1,51616
7290006567048,false,קוסקוס ישראלי בשקית,,,קוסקוס ישראלי בשקית,גרמים,350.00,100 גרם,false,,7.90,2.2571,true,1,18708
7290006618078,false,אסטוניש מרסס ניקוי צ,,,אסטוניש מרסס ניקוי צ,מיליליטרים,750.00,"100 מ""ל",false,,11.90,1.5867,true,1,11314
7290006618085,false,אסטוניש מרסס לאמבט 7,,,אסטוניש מרסס לאמבט 7,מיליליטרים,750.00,"100 מ""ל",false,,11.90,1.5867,true,1,11315
7290006618146,false,הפי-מדליק פחמים  500,,,הפי-מדליק פחמים  500,מיליליטרים,500.00,"100 מ""ל",false,,13.90,2.7800,true,1,11317
7290006632111,false,ביצי דג זהבון 263 גר,,,ביצי דג זהבון 263 גר,גרמים,263.00,100 גרם,false,,25.90,9.8479,true,1,211524
7290006652027,false,במבה יום הולדת מאח.1,,,במבה יום הולדת מאח.1,גרמים,300.00,100 גרם,false,,23.90,7.9667,true,1,18713
7290006653765,false,פטוציני פרפקטו 500 ג,,,פטוציני פרפקטו 500 ג,גרמים,500.00,100 גרם,false,,6.90,1.3800,true,1,18715
7290006653819,false,קוסקוס דק בשקית אסם,,,קוסקוס דק בשקית אסם,גרמים,350.00,100 גרם,false,,7.90,2.2571,true,1,18716
7290006660596,false,דגש קמח עדשים אדומות,,,דגש קמח עדשים אדומות,גרמים,500.00,100 גרם,false,,18.90,3.7800,true,1,91272
7290006664037,false,גמדים ארוחת בוקר 4*1,,,גמדים ארוחת בוקר 4*1,מיליליטרים,400.00,"100 מ""ל",false,,11.10,2.7750,true,1,23317
7290006664051,false,אקטימל טבעי 14*100מל,,,אקטימל טבעי 14*100מל,ליטרים,1.40,ליטר,false,,29.90,21.3571,true,1,23318
7290006664310,false,גבינה 3% סקי 250 גרם,,,גבינה 3% סקי 250 גרם,גרמים,250.00,100 גרם,false,,4.80,1.9200,true,1,23321
7290006664402,false,שטראוס גבינה 5% 750ג,,,שטראוס גבינה 5% 750ג,גרמים,750.00,100 גרם,false,,13.60,1.8133,true,1,23322
7290006664532,false,דנונה תות 3% 150מל,,,דנונה תות 3% 150מל,גרמים,150.00,100 גרם,false,,3.90,2.6000,true,1,23323
7290006664655,false,אקטימל טבעי 8*100מל,,,אקטימל טבעי 8*100מל,מיליליטרים,800.00,"100 מ""ל",false,,19.90,2.4875,true,1,23325
7290006664693,false,דנונה אפרסק 3% 150מל,,,דנונה אפרסק 3% 150מל,גרמים,150.00,100 גרם,false,,3.90,2.6000,true,1,23326
7290006664990,false,דנונה ביו מארז חיסכו,,,דנונה ביו מארז חיסכו,קילוגרמים,1.20,"ק""ג",false,,16.90,14.0833,true,1,23328
7290006681003,false,קרמיסימו תות לימון ס,,,קרמיסימו תות לימון ס,ליטרים,1.33,ליטר,false,,18.90,14.2105,true,1,4261
7290006704016,false,בזיליקום ארוז יחידה,,,בזיליקום ארוז יחידה,יח',1.00,יח',false,,5.90,5.9000,true,1,35562
7290006704047,false,רוזמרין,,,רוזמרין,יח',1.00,יח',false,,5.90,5.9000,true,1,41541
7290006704092,false,מרווה יחידה,,,מרווה יחידה,יח',1.00,יח',false,,5.90,5.9000,true,1,41543
7290006704108,false,קורנית /טימין  יח',,,קורנית /טימין  יח',יח',1.00,יח',false,,5.90,5.9000,true,1,41544
7290006704511,false,תפוא ננסי מיקרוגל,,,תפוא ננסי מיקרוגל,גרמים,750.00,100 גרם,false,,6.90,0.9200,true,1,35565
7290006739131,false,זוגלובק בצק פילו 500,,,זוגלובק בצק פילו 500,גרמים,500.00,100 גרם,false,,12.90,2.5800,true,1,38982
7290006739407,false,שניצל תירס לייט 630,,,שניצל תירס לייט 630,גרמים,600.00,100 גרם,false,,21.90,3.6500,true,1,38989
7290006739421,false,סלמי מעושן איטלקי  ז,,,סלמי מעושן איטלקי  ז,גרמים,300.00,100 גרם,false,,26.90,8.9667,true,1,38991
7290006739445,false,שניצל תירס קלאסי 750,,,שניצל תירס קלאסי 750,גרמים,750.00,100 גרם,false,,21.90,2.9200,true,1,38992
7290006739544,false,כתף בקר זוגלובק 300,,,כתף בקר זוגלובק 300,גרמים,300.00,100 גרם,false,,29.90,9.9667,true,1,38993
7290006741363,false,"זוגלובק בורקס תפו""א",,,"זוגלובק בורקס תפו""א",גרמים,800.00,100 גרם,false,,13.90,1.7375,true,1,39005
7290006742162,false,המבורגר מזרחי 400 גר,,,המבורגר מזרחי 400 גר,גרמים,400.00,100 גרם,false,,19.90,4.9750,true,1,39012
7290006742179,false,קבב מזרחי 400 גרם,,,קבב מזרחי 400 גרם,גרמים,400.00,100 גרם,false,,19.90,4.9750,true,1,39013
7290006742278,false,פסטרממיה צלויה על לב,,,פסטרממיה צלויה על לב,גרמים,330.00,100 גרם,false,,27.90,8.4545,true,1,39014
7290006742292,false,פסטרממיה בדבש 1% 330,,,פסטרממיה בדבש 1% 330,גרמים,330.00,100 גרם,false,,27.90,8.4545,true,1,39015
7290006742315,false,חזה הודו ברביקיו 1%,,,חזה הודו ברביקיו 1%,גרמים,330.00,100 גרם,false,,27.90,8.4545,true,1,39017
7290006764072,false,גולדסטאר בירה בק חוז,,,גולדסטאר בירה בק חוז,מיליליטרים,500.00,"100 מ""ל",false,,7.90,1.5800,true,1,9418
7290006764096,false,בירה איגל בקבוק 500,,,בירה איגל בקבוק 500,מיליליטרים,500.00,"100 מ""ל",false,,5.50,1.1000,true,1,9419
7290006764485,false,נשר מאלט 6*330מל,,,נשר מאלט 6*330מל,ליטרים,1.98,ליטר,false,,31.90,16.1111,true,1,9426
7290006764737,false,נשר מאלט דיאט בקבוק,,,נשר מאלט דיאט בקבוק,מיליליטרים,500.00,"100 מ""ל",false,,4.90,0.9800,true,1,9430
7290006765000,false,8 טורטיות חיטה מלאה,,,8 טורטיות חיטה מלאה,גרמים,540.00,100 גרם,false,,9.90,1.8333,true,1,4646
7290006765895,false,בוטן קלוי בקליפה 200,,,בוטן קלוי בקליפה 200,גרמים,200.00,100 גרם,false,,7.90,3.9500,true,1,4650
7290006775030,false,עוגת שוקו-ציפס מבית,,,עוגת שוקו-ציפס מבית,גרמים,450.00,100 גרם,false,,10.90,2.4222,true,1,691
7290006775047,false,עוגת שוקולד מבית טוב,,,עוגת שוקולד מבית טוב,גרמים,450.00,100 גרם,false,,10.90,2.4222,true,1,692
7290006775054,false,עוגת שיש מבית טוב 45,,,עוגת שיש מבית טוב 45,גרמים,450.00,100 גרם,false,,10.90,2.4222,true,1,693
7290006775085,false,עוגת שמרים שוקולד אח,,,עוגת שמרים שוקולד אח,גרמים,400.00,100 גרם,false,,10.90,2.7250,true,1,695
7290006775344,false,עוגת שמרים במילוי קר,,,עוגת שמרים במילוי קר,גרמים,400.00,100 גרם,false,,10.90,2.7250,true,1,700
7290006775764,false,עוגת שוקוצ'יפס ללא ת,,,עוגת שוקוצ'יפס ללא ת,גרמים,400.00,100 גרם,false,,11.90,2.9750,true,1,705
7290006784865,false,ניקוי משטחי מטבח סנט,,,ניקוי משטחי מטבח סנט,ליטרים,1.00,ליטר,false,,11.90,11.9000,true,1,20139
7290006788405,false,דאו רול און נושם אקט,,,דאו רול און נושם אקט,מיליליטרים,75.00,"100 מ""ל",false,,12.90,17.2000,true,1,30059
7290006788429,false,דאו' רולאון נושם סאנ,,,דאו' רולאון נושם סאנ,גרמים,75.00,100 גרם,false,,12.90,17.2000,true,1,30061
7290006788481,false,דאו' תרסיס נושם כתום,,,דאו' תרסיס נושם כתום,מיליליטרים,200.00,"100 מ""ל",false,,12.90,6.4500,true,1,30067
7290006788498,false,דאו' תרסיס נושם ורוד,,,דאו' תרסיס נושם ורוד,מיליליטרים,200.00,"100 מ""ל",false,,12.90,6.4500,true,1,30068
7290006789631,false,קרם לחות לשיער רגיל,,,קרם לחות לשיער רגיל,מיליליטרים,400.00,"100 מ""ל",false,,14.90,3.7250,true,1,30077
7290006789655,false,קרם לחות לבניית תלתל,,,קרם לחות לבניית תלתל,מיליליטרים,400.00,"100 מ""ל",false,,14.90,3.7250,true,1,30079
7290006805355,false,תערובת כדורי שוקולד,,,תערובת כדורי שוקולד,גרמים,500.00,100 גרם,false,,16.90,3.3800,true,1,12806
7290006805850,false,תערובת להכנת פנקייקס,,,תערובת להכנת פנקייקס,גרמים,500.00,100 גרם,false,,16.90,3.3800,true,1,12807
7290006822192,false,אושן ספרי דיאט חמוצי,,,אושן ספרי דיאט חמוצי,ליטרים,1.00,ליטר,false,,11.90,11.9000,true,1,6968
7290006855244,false,ברבריא חטיף שקדים צי,,,ברבריא חטיף שקדים צי,גרמים,120.00,100 גרם,false,,14.90,12.4167,true,1,24997
7290006866363,false,פרימור מיץ אשכולית א,,,פרימור מיץ אשכולית א,ליטרים,1.00,ליטר,false,,15.90,15.9000,true,1,23329
7290006908131,false,בוטנת בוטן קליפה 400,,,בוטנת בוטן קליפה 400,גרמים,400.00,100 גרם,false,,12.50,3.1250,true,1,1474
7290006908360,false,שקד קלוי 150 גר` פיצ,,,שקד קלוי 150 גר` פיצ,גרמים,150.00,100 גרם,false,,13.90,9.2667,true,1,1476
7290006908377,false,שקד טבעי 150 גר` פיצ,,,שקד טבעי 150 גר` פיצ,גרמים,150.00,100 גרם,false,,13.90,9.2667,true,1,1477
7290006908384,false,פיסטוק חלבי 150 גרם,,,פיסטוק חלבי 150 גרם,גרמים,150.00,100 גרם,false,,17.90,11.9333,true,1,1478
7290006908391,false,קשיו קלוי 150 גר` פי,,,קשיו קלוי 150 גר` פי,גרמים,150.00,100 גרם,false,,17.90,11.9333,true,1,1479
7290006908414,false,חמנייה 400 גרם,,,חמנייה 400 גרם,גרמים,400.00,100 גרם,false,,10.90,2.7250,true,1,1480
7290006920829,false,כפיר צדר פרוס 350 גר,,,כפיר צדר פרוס 350 גר,גרמים,350.00,100 גרם,false,,15.90,4.5429,true,1,18277
7290006920836,false,מעושן פרוס כפיר  350,,,מעושן פרוס כפיר  350,גרמים,350.00,100 גרם,false,,15.90,4.5429,true,1,18278
7290006920911,false,הולנדי פרוס כפיר 350,,,הולנדי פרוס כפיר 350,גרמים,350.00,100 גרם,false,,15.90,4.5429,true,1,18282
7290006983152,false,קרוטונים מתובלים אסם,,,קרוטונים מתובלים אסם,גרמים,400.00,100 גרם,false,,17.90,4.4750,true,1,18719
7290006983176,false,לחמית שיפון אסם 250,,,לחמית שיפון אסם 250,גרמים,230.00,100 גרם,false,,8.90,3.8696,true,1,18720
7290006983206,false,תערובת פלאפל בקלי קל,,,תערובת פלאפל בקלי קל,גרמים,180.00,100 גרם,false,,9.50,5.2778,true,1,18721
7290006983763,false,עוגת הבית שוקולד 400,,,עוגת הבית שוקולד 400,גרמים,400.00,100 גרם,false,,11.90,2.9750,true,1,18724
7290006983770,false,עוגת הבית שיש 400גר,,,עוגת הבית שיש 400גר,גרמים,400.00,100 גרם,false,,11.90,2.9750,true,1,18725
7290006983787,false,עוגת הבית שוקוציפס 4,,,עוגת הבית שוקוציפס 4,גרמים,400.00,100 גרם,false,,11.90,2.9750,true,1,18726
7290006983794,false,עוגת הבית תפוז 400גר,,,עוגת הבית תפוז 400גר,גרמים,400.00,100 גרם,false,,11.90,2.9750,true,1,18727
7290006992161,false,מטרנה דייסת קורנפלור,,,מטרנה דייסת קורנפלור,גרמים,200.00,100 גרם,false,,13.50,6.7500,true,1,18729
7290006992185,false,מטרנה דייסת אורז פרו,,,מטרנה דייסת אורז פרו,גרמים,200.00,100 גרם,false,,13.50,6.7500,true,1,18730
7290006992192,false,מטרנה דייסת סולת פרו,,,מטרנה דייסת סולת פרו,גרמים,200.00,100 גרם,false,,13.50,6.7500,true,1,18731
7290006992208,false,מטרנה דייסת דגנים פר,,,מטרנה דייסת דגנים פר,גרמים,200.00,100 גרם,false,,13.50,6.7500,true,1,18732
7290006992390,false,מטרנה דייסת וניל פרו,,,מטרנה דייסת וניל פרו,גרמים,200.00,100 גרם,false,,13.50,6.7500,true,1,18733
7290008000246,false,סבון שטיפה מועשר באל,,,סבון שטיפה מועשר באל,מיליליטרים,220.00,"100 מ""ל",false,,24.90,11.3182,true,1,3828
7290008000796,false,משחת שיניים סופרמן ל,,,משחת שיניים סופרמן ל,מיליליטרים,50.00,"100 מ""ל",false,,10.90,21.8000,true,1,3833
7290008000826,false,משחת שיניים ברבי ליל,,,משחת שיניים ברבי ליל,מיליליטרים,50.00,"100 מ""ל",false,,10.90,21.8000,true,1,3834
7290008101356,false,פירורי לחם פנקו זהוב,,,פירורי לחם פנקו זהוב,גרמים,300.00,100 גרם,false,,9.90,3.3000,true,1,228210
7290008104050,false,סבון שטיפה אינטימית,,,סבון שטיפה אינטימית,מיליליטרים,220.00,"100 מ""ל",false,,23.90,10.8636,true,1,3839
7290008116541,false,מי פה ליסטרין בטעם מ,,,מי פה ליסטרין בטעם מ,מיליליטרים,500.00,"100 מ""ל",false,,22.90,4.5800,true,1,29482
7290008116565,false,מי פה פרש ליסטרין 50,,,מי פה פרש ליסטרין 50,מיליליטרים,500.00,"100 מ""ל",false,,22.90,4.5800,true,1,29484
7290008154222,false,שניצלונים עוף טוב 70,,,שניצלונים עוף טוב 70,גרמים,700.00,100 גרם,false,,19.90,2.8429,true,1,19773
7290008175173,false,חמאה מפינלנד 200גר',,,חמאה מפינלנד 200גר',גרמים,200.00,100 גרם,false,,9.90,4.9500,true,1,2910
7290008175210,false,וילי פוד פרמזן מגורד,,,וילי פוד פרמזן מגורד,גרמים,90.00,100 גרם,false,,14.90,16.5556,true,1,2911
7290008268301,false,אוכמניות,,,אוכמניות,גרמים,120.00,100 גרם,false,,10.90,9.0833,true,1,47870
7290008300599,false,70*50 'שקיות אשפה שר,,,70*50 'שקיות אשפה שר,יחידה,0.00,יחידה,false,,14.90,0.0000,true,1,176515
7290008330107,false,בדין מרכך כביסה סגול,,,בדין מרכך כביסה סגול,ליטרים,4.00,ליטר,false,,19.90,4.9750,true,1,10409
7290008333115,false,.ג'לטין טהור 28 גר,,,.ג'לטין טהור 28 גר,גרמים,28.00,100 גרם,false,,9.90,35.3571,true,1,17104
7290008340618,false,סלמון 100 מעושן מצונ,,,סלמון 100 מעושן מצונ,גרמים,100.00,100 גרם,false,,19.90,19.9000,true,1,17112
7290008343466,false,בצק פילו 500 גרם,,,בצק פילו 500 גרם,גרמים,500.00,100 גרם,false,,19.90,3.9800,true,1,17115
7290008344258,false,המבורגר מזרחי 400 ג',,,המבורגר מזרחי 400 ג',גרמים,400.00,100 גרם,false,,17.90,4.4750,true,1,17129
7290008344272,false,המבורגר 100% 400 ג'-,,,המבורגר 100% 400 ג'-,גרמים,400.00,100 גרם,false,,17.90,4.4750,true,1,17131
7290008345118,false,מקרל בשמן דלידג 240,,,מקרל בשמן דלידג 240,גרמים,240.00,100 גרם,false,,24.90,10.3750,true,1,17132
7290008345583,false,300 איקרה ביתית ורוד,,,300 איקרה ביתית ורוד,גרמים,300.00,100 גרם,false,,19.90,6.6333,true,1,17136
7290008347211,false,דלידג אצבעות דג 700,,,דלידג אצבעות דג 700,גרמים,700.00,100 גרם,false,,19.90,2.8429,true,1,17137
7290008409049,false,מאמא עוף מיני דק שני,,,מאמא עוף מיני דק שני,גרמים,500.00,100 גרם,false,,24.90,4.9800,true,1,25551
7290008409100,false,אצבעות שניצל ציפוי ש,,,אצבעות שניצל ציפוי ש,גרמים,700.00,100 גרם,false,,30.90,4.4143,true,1,25552
7290008409124,false,מאמא עוף קפוא שניצל,,,מאמא עוף קפוא שניצל,גרמים,700.00,100 גרם,false,,30.90,4.4143,true,1,25553
7290008409216,false,מאמא עוף קפוא שניצל,,,מאמא עוף קפוא שניצל,גרמים,700.00,100 גרם,false,,35.90,5.1286,true,1,25554
7290008409315,false,מאמא עוף מיני דק שני,,,מאמא עוף מיני דק שני,גרמים,500.00,100 גרם,false,,24.90,4.9800,true,1,25558
7290008409407,false,מאמא עוף שניצל דק צי,,,מאמא עוף שניצל דק צי,גרמים,700.00,100 גרם,false,,35.90,5.1286,true,1,25564
7290008409551,false,שניצל עוף אמיתי בציפ,,,שניצל עוף אמיתי בציפ,גרמים,700.00,100 גרם,false,,34.90,4.9857,true,1,25570
7290008415071,false,צבר חומוס עם טחינה 1,,,צבר חומוס עם טחינה 1,גרמים,150.00,100 גרם,false,,4.90,3.2667,true,1,19776
7290008415514,false,צבר סלט חומוס עם חרי,,,צבר סלט חומוס עם חרי,גרמים,150.00,100 גרם,false,,4.90,3.2667,true,1,19777
7290008443616,false,מרכך לשיער יבש אדום,,,מרכך לשיער יבש אדום,מיליליטרים,750.00,"100 מ""ל",false,,11.90,1.5867,true,1,30091
7290008443630,false,שמפו מתולתל סגול נקה,,,שמפו מתולתל סגול נקה,מיליליטרים,750.00,"100 מ""ל",false,,11.90,1.5867,true,1,30093
7290008443647,false,מרכך לשיער מתולתל סג,,,מרכך לשיער מתולתל סג,מיליליטרים,750.00,"100 מ""ל",false,,11.90,1.5867,true,1,30094
7290008462259,false,חרדל דיזון חריף גרגי,,,חרדל דיזון חריף גרגי,גרמים,380.00,100 גרם,false,,16.90,4.4474,true,1,17145
7290008464024,false,גולדסטאר לא מסונן פח,,,גולדסטאר לא מסונן פח,מיליליטרים,500.00,"100 מ""ל",false,,8.90,1.7800,true,1,9435
7290008464130,false,גולדסטאר לא מסונן 6*,,,גולדסטאר לא מסונן 6*,ליטרים,1.98,ליטר,false,,36.90,18.6364,true,1,9437
7290008464222,false,מכבי 7.9 פחית 500 מל,,,מכבי 7.9 פחית 500 מל,מיליליטרים,500.00,"100 מ""ל",false,,7.90,1.5800,true,1,9438
7290008464468,false,"גולדסטאר פחית 500מ""ל",,,"גולדסטאר פחית 500מ""ל",מיליליטרים,500.00,"100 מ""ל",false,,7.90,1.5800,true,1,9449
7290008464604,false,הייניקן בירה פח 500מ,,,הייניקן בירה פח 500מ,מיליליטרים,500.00,"100 מ""ל",false,,12.50,2.5000,true,1,9458
7290008464673,false,גולדסטאר SLOWBREW 10,,,גולדסטאר SLOWBREW 10,מיליליטרים,500.00,"100 מ""ל",false,,8.90,1.7800,true,1,9460
7290008464703,false,בירה מכבי מארז 6 *33,,,בירה מכבי מארז 6 *33,ליטרים,1.98,ליטר,false,,34.90,17.6263,true,1,9463
7290008464741,false,"גולדסטאר ח""פ בקבוק 6",,,"גולדסטאר ח""פ בקבוק 6",ליטרים,1.98,ליטר,false,,37.90,19.1414,true,1,9465
7290008464796,false,"הייניקן בקבוק ח""פ 6*",,,"הייניקן בקבוק ח""פ 6*",ליטרים,1.98,ליטר,false,,38.90,19.6465,true,1,9468
7290008470766,false,אורביט סטיקס בטעם פפ,,,אורביט סטיקס בטעם פפ,יחידה,0.00,יחידה,false,,14.00,0.0000,true,1,20772
7290008500128,false,עוגת שמרים טעם שוקול,,,עוגת שמרים טעם שוקול,גרמים,500.00,100 גרם,false,,25.90,5.1800,true,1,111967
7290008500142,false,"עוגת שמרים טעם תפו""ע",,,"עוגת שמרים טעם תפו""ע",גרמים,480.00,100 גרם,false,,25.90,5.3958,true,1,155214
7290008634663,false,שלישיית בקבוקים גדול,,,שלישיית בקבוקים גדול,יחידה,0.00,יחידה,false,,16.90,0.0000,true,1,907
7290008636919,false,קקאו הולנדי 200 גרם,,,קקאו הולנדי 200 גרם,גרמים,200.00,100 גרם,false,,10.90,5.4500,true,1,15021
7290008636933,false,אגוז מלך גרוסים 100,,,אגוז מלך גרוסים 100,גרמים,100.00,100 גרם,false,,10.90,10.9000,true,1,15023
7290008636957,false,מיה שקד מולבן גרוס 1,,,מיה שקד מולבן גרוס 1,גרמים,100.00,100 גרם,false,,10.90,10.9000,true,1,15025
7290008636995,false,מיה גרעיני דלעת קלופ,,,מיה גרעיני דלעת קלופ,גרמים,100.00,100 גרם,false,,6.90,6.9000,true,1,15029
7290008644112,false,אחלה מטבוחה 125ג,,,אחלה מטבוחה 125ג,גרמים,125.00,100 גרם,false,,4.90,3.9200,true,1,23330
7290008644235,false,עלי בייבי 120 ג ירקו,,,עלי בייבי 120 ג ירקו,גרמים,120.00,100 גרם,false,,9.90,8.2500,true,1,23331
7290008670012,false,רקנאטי  קברנה סובניו,,,רקנאטי  קברנה סובניו,מיליליטרים,750.00,"100 מ""ל",false,,54.90,7.3200,true,1,41638
7290008670029,false,רקנאטי  מרלו 750מל,,,רקנאטי  מרלו 750מל,מיליליטרים,750.00,"100 מ""ל",false,,54.90,7.3200,true,1,41639
7290008670159,false,רקנאטי יסמין לבן 750,,,רקנאטי יסמין לבן 750,מיליליטרים,750.00,"100 מ""ל",false,,36.90,4.9200,true,1,41641
7290008690713,false,אושן ספרי חמוציות 1ל,,,אושן ספרי חמוציות 1ל,ליטרים,1.00,ליטר,false,,11.90,11.9000,true,1,6989
7290008693134,false,דניאלה תות מעדן גבינ,,,דניאלה תות מעדן גבינ,מיליליטרים,150.00,"100 מ""ל",false,,4.10,2.7333,true,1,23335
7290008713900,false,לחם שיפון עגול אנגל,,,לחם שיפון עגול אנגל,גרמים,750.00,100 גרם,false,,13.90,1.8533,true,1,35475
7290008739955,false,נר LOVE,,,נר LOVE,יחידה,0.00,יחידה,false,,10.00,0.0000,true,1,14279
7290008745239,false,תפוציפס קראנץ טבעי 5,,,תפוציפס קראנץ טבעי 5,גרמים,50.00,100 גרם,false,,3.90,7.8000,true,1,24166
7290008747547,false,תפוציפס קראנץ טבעי 2,,,תפוציפס קראנץ טבעי 2,גרמים,200.00,100 גרם,false,,9.90,4.9500,true,1,24168
7290008750264,false,מאסט דובדבן 28ג,,,מאסט דובדבן 28ג,גרמים,28.00,100 גרם,false,,3.90,13.9286,true,1,22273
7290008752244,false,תפוציפס קראנץ גריל 5,,,תפוציפס קראנץ גריל 5,גרמים,50.00,100 גרם,false,,3.90,7.8000,true,1,24170
7290008753111,false,תפוציפס מקסיקני 50גר,,,תפוציפס מקסיקני 50גר,גרמים,50.00,100 גרם,false,,3.90,7.8000,true,1,24171
7290008757034,false,"סודה שוופס 250 מ""ל ב",,,"סודה שוופס 250 מ""ל ב",מיליליטרים,250.00,"100 מ""ל",false,,3.90,1.5600,true,1,11559
7290008757072,false,שוופס פחית תות 330 מ,,,שוופס פחית תות 330 מ,מיליליטרים,330.00,"100 מ""ל",false,,4.50,1.3636,true,1,11561
7290008757980,false,ספרינג רימונים 1ל,,,ספרינג רימונים 1ל,ליטרים,1.00,ליטר,false,,6.90,6.9000,true,1,11579
7290008775816,false,ערגליות שוקולד 300 ג,,,ערגליות שוקולד 300 ג,גרמים,300.00,100 גרם,false,,9.90,3.3000,true,1,18736
7290008775823,false,ערגליות תות שדה 300,,,ערגליות תות שדה 300,גרמים,300.00,100 גרם,false,,9.90,3.3000,true,1,18737
7290008801010,false,יין  P.C  קברנה סובי,,,יין  P.C  קברנה סובי,מיליליטרים,750.00,"100 מ""ל",false,,39.90,5.3200,true,1,511
7290008801157,false,יין סלקטד מרלו 750 מ,,,יין סלקטד מרלו 750 מ,מיליליטרים,750.00,"100 מ""ל",false,,29.90,3.9867,true,1,514
7290008801522,false,יין קונקורד קינג דיו,,,יין קונקורד קינג דיו,מיליליטרים,750.00,"100 מ""ל",false,,21.90,2.9200,true,1,520
7290008801539,false,יין קונקורד קינג דיו,,,יין קונקורד קינג דיו,מיליליטרים,750.00,"100 מ""ל",false,,21.90,2.9200,true,1,521
7290008801546,false,יין קונקורד קינג דיו,,,יין קונקורד קינג דיו,מיליליטרים,750.00,"100 מ""ל",false,,21.90,2.9200,true,1,522
7290008801843,false,יין סלקטד קברנה סובנ,,,יין סלקטד קברנה סובנ,מיליליטרים,750.00,"100 מ""ל",false,,29.90,3.9867,true,1,523
7290008801850,false,יין סלקטד אמרלד ריזל,,,יין סלקטד אמרלד ריזל,מיליליטרים,750.00,"100 מ""ל",false,,29.90,3.9867,true,1,524
7290008802512,false,יין וינו אדום יבש,,,יין וינו אדום יבש,מיליליטרים,750.00,"100 מ""ל",false,,21.90,2.9200,true,1,526
7290008802529,false,יין וינו לבן יבש,,,יין וינו לבן יבש,מיליליטרים,750.00,"100 מ""ל",false,,21.90,2.9200,true,1,527
7290008802895,false,יין  P.C  קברנה סובי,,,יין  P.C  קברנה סובי,מיליליטרים,750.00,"100 מ""ל",false,,39.90,5.3200,true,1,528
7290008805384,false,יין סלקטד מוסקטו 750,,,יין סלקטד מוסקטו 750,מיליליטרים,750.00,"100 מ""ל",false,,29.90,3.9867,true,1,544
7290008805520,false,יין סלקטד קברנה סובנ,,,יין סלקטד קברנה סובנ,מיליליטרים,750.00,"100 מ""ל",false,,29.90,3.9867,true,1,545
7290008806961,false,קרמיסימו שוקולד שבבי,,,קרמיסימו שוקולד שבבי,ליטרים,1.33,ליטר,false,,18.90,14.2105,true,1,4277
7290008845243,false,פח אשפה אוסקר 7 ליטר,,,פח אשפה אוסקר 7 ליטר,יחידה,0.00,יחידה,false,,20.00,0.0000,true,1,43222
7290008849470,false,אוליביה ממרח פלפל צו,,,אוליביה ממרח פלפל צו,גרמים,185.00,100 גרם,false,,13.90,7.5135,true,1,52045
7290008849838,false,אוליביה טפנד זיתים 1,,,אוליביה טפנד זיתים 1,גרמים,180.00,100 גרם,false,,12.90,7.1667,true,1,26025
7290008909853,false,קוקה קולה זירו 500 מ,,,קוקה קולה זירו 500 מ,מיליליטרים,500.00,"100 מ""ל",false,,6.90,1.3800,true,1,7005
7290008975551,false,מטרנה מהדרין  שלב 3,,,מטרנה מהדרין  שלב 3,גרמים,700.00,100 גרם,false,,49.90,7.1286,true,1,18741
7290009018004,false,פיקדון בקבוק/פחית בו,,,פיקדון בקבוק/פחית בו,יחידה,0.00,יחידה,false,,0.30,0.0000,true,1,66
7290009018011,false,פיקדון בקבוק/פחיות ש,,,פיקדון בקבוק/פחיות ש,יחידה,0.00,יחידה,false,,1.80,0.0000,true,1,64
7290009018264,false,פיקדון בקבוק/פחית רב,,,פיקדון בקבוק/פחית רב,יחידה,0.00,יחידה,false,,1.20,0.0000,true,1,105
7290009087987,false,סל נשיאה רב פעמי מגה,,,סל נשיאה רב פעמי מגה,יחידה,0.00,יחידה,false,,3.50,0.0000,true,1,53
7290009400107,false,סל נשיאה רב פעמי - ב,,,סל נשיאה רב פעמי - ב,יחידה,0.00,יחידה,false,,3.90,0.0000,true,1,152916
7290010002023,false,מימון כורכום הודי טח,,,מימון כורכום הודי טח,גרמים,100.00,100 גרם,false,,11.90,11.9000,true,1,245
7290010002030,false,מימון כמון במיכל 100,,,מימון כמון במיכל 100,גרמים,100.00,100 גרם,false,,11.90,11.9000,true,1,246
7290010002061,false,מימון פלפל לבן טחון,,,מימון פלפל לבן טחון,גרמים,100.00,100 גרם,false,,17.50,17.5000,true,1,249
7290010002078,false,מימון פלפל שחור טחון,,,מימון פלפל שחור טחון,גרמים,100.00,100 גרם,false,,14.50,14.5000,true,1,250
7290010002092,false,מימון פלפל שחור גרוס,,,מימון פלפל שחור גרוס,גרמים,90.00,100 גרם,false,,14.50,16.1111,true,1,252
7290010002108,false,מימון פלפל שחור גרוס,,,מימון פלפל שחור גרוס,גרמים,90.00,100 גרם,false,,14.50,16.1111,true,1,253
7290010002122,false,מימון פפריקה הונגרית,,,מימון פפריקה הונגרית,גרמים,100.00,100 גרם,false,,11.90,11.9000,true,1,255
7290010002139,false,מימון פפריקה הונגרית,,,מימון פפריקה הונגרית,גרמים,100.00,100 גרם,false,,11.90,11.9000,true,1,256
7290010002146,false,מימון פפריקה מרוקאית,,,מימון פפריקה מרוקאית,גרמים,100.00,100 גרם,false,,11.90,11.9000,true,1,257
7290010002153,false,מימון פפריקה מרוקאית,,,מימון פפריקה מרוקאית,גרמים,100.00,100 גרם,false,,11.90,11.9000,true,1,258
7290010002191,false,מימון מקלות קינמון ב,,,מימון מקלות קינמון ב,גרמים,70.00,100 גרם,false,,9.50,13.5714,true,1,259
7290010002207,false,מימון קינמון טחון במ,,,מימון קינמון טחון במ,גרמים,100.00,100 גרם,false,,9.50,9.5000,true,1,260
7290010002214,false,מימון צילי גרוס 80 ג,,,מימון צילי גרוס 80 ג,גרמים,80.00,100 גרם,false,,11.90,14.8750,true,1,261
7290010002290,false,מימון תערובת לשווארמ,,,מימון תערובת לשווארמ,גרמים,100.00,100 גרם,false,,11.90,11.9000,true,1,264
7290010002306,false,מימון תיבול לקציצות,,,מימון תיבול לקציצות,גרמים,100.00,100 גרם,false,,11.90,11.9000,true,1,265
7290010002313,false,מימון ראס אל חנות 10,,,מימון ראס אל חנות 10,גרמים,100.00,100 גרם,false,,11.90,11.9000,true,1,266
7290010002351,false,מימון זעתר ושומשום 1,,,מימון זעתר ושומשום 1,גרמים,100.00,100 גרם,false,,11.90,11.9000,true,1,270
7290010002368,false,מימון תערובת חווג` ל,,,מימון תערובת חווג` ל,גרמים,100.00,100 גרם,false,,11.90,11.9000,true,1,271
7290010002382,false,מימון אורגנו במיכל 4,,,מימון אורגנו במיכל 4,גרמים,40.00,100 גרם,false,,9.50,23.7500,true,1,273
7290010002436,false,מימון פטרוזיליה במיכ,,,מימון פטרוזיליה במיכ,גרמים,25.00,100 גרם,false,,9.50,38.0000,true,1,277
7290010002481,false,מימון שום טחון במיכל,,,מימון שום טחון במיכל,גרמים,100.00,100 גרם,false,,14.50,14.5000,true,1,280
7290010002498,false,מימון שום גבישי 120,,,מימון שום גבישי 120,גרמים,120.00,100 גרם,false,,14.50,12.0833,true,1,281
7290010002597,false,מימון כוסברה ירוקה ב,,,מימון כוסברה ירוקה ב,גרמים,20.00,100 גרם,false,,9.50,47.5000,true,1,282
7290010002658,false,מימון פלפל יבש מתוק,,,מימון פלפל יבש מתוק,גרמים,150.00,100 גרם,false,,15.90,10.6000,true,1,283
7290010002696,false,אקסטרא צ'יפס אורז חו,,,אקסטרא צ'יפס אורז חו,גרמים,60.00,100 גרם,false,,8.50,14.1667,true,1,223817
7290010002726,false,מימון תיבול לפרגיות,,,מימון תיבול לפרגיות,גרמים,100.00,100 גרם,false,,11.90,11.9000,true,1,284
7290010003051,false,מימון פפריקה הונגרית,,,מימון פפריקה הונגרית,גרמים,400.00,100 גרם,false,,24.90,6.2250,true,1,285
7290010003075,false,מימון פפריקה מרוקאית,,,מימון פפריקה מרוקאית,גרמים,400.00,100 גרם,false,,24.90,6.2250,true,1,286
7290010003693,false,מימון פפריקה מתוקה ש,,,מימון פפריקה מתוקה ש,גרמים,80.00,100 גרם,false,,5.90,7.3750,true,1,291
7290010003709,false,מימון פלפל שחור טחון,,,מימון פלפל שחור טחון,גרמים,50.00,100 גרם,false,,7.90,15.8000,true,1,292
7290010003754,false,מימון כמון טחון שקית,,,מימון כמון טחון שקית,גרמים,50.00,100 גרם,false,,5.90,11.8000,true,1,293
7290010003761,false,מימון כורכום טחון שק,,,מימון כורכום טחון שק,גרמים,80.00,100 גרם,false,,5.90,7.3750,true,1,294
7290010003778,false,מימון תיבול לגריל עו,,,מימון תיבול לגריל עו,גרמים,80.00,100 גרם,false,,5.90,7.3750,true,1,295
7290010003792,false,מימון מלח לימון שקית,,,מימון מלח לימון שקית,גרמים,100.00,100 גרם,false,,5.90,5.9000,true,1,297
7290010003808,false,מימון זעתר ושומשום ש,,,מימון זעתר ושומשום ש,גרמים,80.00,100 גרם,false,,5.90,7.3750,true,1,298
7290010003822,false,מימון פפריקה חריפה ש,,,מימון פפריקה חריפה ש,גרמים,80.00,100 גרם,false,,5.90,7.3750,true,1,300
7290010003839,false,מימון קינמון טחון שק,,,מימון קינמון טחון שק,גרמים,80.00,100 גרם,false,,5.90,7.3750,true,1,301
7290010003846,false,מימון אורגנו שקית 20,,,מימון אורגנו שקית 20,גרמים,20.00,100 גרם,false,,5.90,29.5000,true,1,302
7290010003990,false,מימון פטרוזיליה שקית,,,מימון פטרוזיליה שקית,גרמים,20.00,100 גרם,false,,5.90,29.5000,true,1,306
7290010004348,false,מימון פ פריקה מתוקה,,,מימון פ פריקה מתוקה,גרמים,250.00,100 גרם,false,,21.90,8.7600,true,1,326
7290010045006,false,עוגיות חמאה פריכות ל,,,עוגיות חמאה פריכות ל,גרמים,200.00,100 גרם,false,,18.90,9.4500,true,1,24681
7290010045051,false,עוגיות מלבן שקדים לח,,,עוגיות מלבן שקדים לח,גרמים,200.00,100 גרם,false,,18.90,9.4500,true,1,24684
7290010045068,false,עוגיות הנסיכה לחמי 2,,,עוגיות הנסיכה לחמי 2,גרמים,250.00,100 גרם,false,,18.90,7.5600,true,1,24685
7290010060597,false,סרקל שמפו לילדים 1.2,,,סרקל שמפו לילדים 1.2,ליטרים,1.25,ליטר,false,,31.90,25.5200,true,1,188517
7290010065332,false,"פרינוק גוניור תפ""ע ב",,,"פרינוק גוניור תפ""ע ב",גרמים,190.00,100 גרם,false,,6.90,3.6316,true,1,3526
7290010066025,false,טונה בשמן פילטונה 15,,,טונה בשמן פילטונה 15,גרמים,170.00,100 גרם,false,,6.90,4.0588,true,1,133997
7290010066513,false,נתחי טונה בשמן צמחי,,,נתחי טונה בשמן צמחי,גרמים,632.00,100 גרם,false,,22.90,3.6234,true,1,26591
7290010066575,false,נתחי טונה במים פילטו,,,נתחי טונה במים פילטו,גרמים,632.00,100 גרם,false,,22.90,3.6234,true,1,26593
7290010066582,false,נתחי טונה בשמן קנולה,,,נתחי טונה בשמן קנולה,גרמים,632.00,100 גרם,false,,22.90,3.6234,true,1,26594
7290010066599,false,נתחי טונה בשמן זית פ,,,נתחי טונה בשמן זית פ,גרמים,632.00,100 גרם,false,,26.90,4.2563,true,1,26595
7290010116980,false,שוקולית 850 גרם,,,שוקולית 850 גרם,גרמים,850.00,100 גרם,false,,15.90,1.8706,true,1,22295
7290010117864,false,דוריטוס חריף אש 70 ג,,,דוריטוס חריף אש 70 ג,גרמים,70.00,100 גרם,false,,3.60,5.1429,true,1,24178
7290010118328,false,תפוצ'יפס טבעי 6*40 ג,,,תפוצ'יפס טבעי 6*40 ג,גרמים,240.00,100 גרם,false,,12.90,5.3750,true,1,24182
7290010124107,false,סטייק בורגר 400 גרם,,,סטייק בורגר 400 גרם,גרמים,400.00,100 גרם,false,,15.90,3.9750,true,1,35353
7290010124190,false,שניצל בקר מלינסה אל,,,שניצל בקר מלינסה אל,גרמים,250.00,100 גרם,false,,12.90,5.1600,true,1,35354
7290010124503,false,שומן כבש 200 גר',,,שומן כבש 200 גר',גרמים,200.00,100 גרם,false,,11.90,5.9500,true,1,35357
7290010129003,false,עוגיות אוזניים 600גר,,,עוגיות אוזניים 600גר,גרמים,600.00,100 גרם,false,,19.90,3.3167,true,1,20158
7290010129010,false,עוגיות ריבה 600גר,,,עוגיות ריבה 600גר,גרמים,600.00,100 גרם,false,,19.90,3.3167,true,1,20159
7290010129027,false,עוגיות מרוקאיות 600,,,עוגיות מרוקאיות 600,גרמים,600.00,100 גרם,false,,19.90,3.3167,true,1,20160
7290010129300,false,עוגיות רייף מרוקאיות,,,עוגיות רייף מרוקאיות,גרמים,350.00,100 גרם,false,,17.90,5.1143,true,1,20175
7290010129324,false,עוגיות מעמול 600 גרם,,,עוגיות מעמול 600 גרם,גרמים,600.00,100 גרם,false,,19.90,3.3167,true,1,20177
7290010129348,false,עוגיות ממולאות בטעם,,,עוגיות ממולאות בטעם,גרמים,600.00,100 גרם,false,,19.90,3.3167,true,1,20178
7290010129553,false,עוגיות רולדה תמרים 6,,,עוגיות רולדה תמרים 6,גרמים,600.00,100 גרם,false,,19.90,3.3167,true,1,20184
7290010129652,false,עוגיות לקפה דולצ'ה ו,,,עוגיות לקפה דולצ'ה ו,גרמים,350.00,100 גרם,false,,17.90,5.1143,true,1,20191
7290010129676,false,עוגיות מרוקאיות ארוך,,,עוגיות מרוקאיות ארוך,גרמים,350.00,100 גרם,false,,17.90,5.1143,true,1,20193
7290010129720,false,עוגיות שמרים שניק קי,,,עוגיות שמרים שניק קי,גרמים,400.00,100 גרם,false,,11.90,2.9750,true,1,20196
7290010129959,false,עוגיות שמרים רוגלעך,,,עוגיות שמרים רוגלעך,גרמים,400.00,100 גרם,false,,11.90,2.9750,true,1,20207
7290010153510,false,בורגול מיה 500 גרם,,,בורגול מיה 500 גרם,גרמים,500.00,100 גרם,false,,5.50,1.1000,true,1,15035
7290010153541,false,קוואקר מהיר להכנה מי,,,קוואקר מהיר להכנה מי,גרמים,500.00,100 גרם,false,,6.70,1.3400,true,1,15038
7290010153688,false,חומץ טבעי מיה 1 ליטר,,,חומץ טבעי מיה 1 ליטר,ליטרים,1.00,ליטר,false,,5.90,5.9000,true,1,15042
7290010153770,false,ציפוי לשניצל פיקנטי,,,ציפוי לשניצל פיקנטי,גרמים,500.00,100 גרם,false,,8.90,1.7800,true,1,15049
7290010153787,false,ציפוי לשניצל עם שום,,,ציפוי לשניצל עם שום,גרמים,500.00,100 גרם,false,,8.90,1.7800,true,1,15050
7290010153794,false,ציפוי לשניצל עם עשבי,,,ציפוי לשניצל עם עשבי,גרמים,500.00,100 גרם,false,,8.90,1.7800,true,1,15051
7290010153800,false,ציפוי לשניצל עם תיבו,,,ציפוי לשניצל עם תיבו,גרמים,500.00,100 גרם,false,,8.90,1.7800,true,1,15052
7290010153817,false,ריבת חלב מיה 400 גרם,,,ריבת חלב מיה 400 גרם,גרמים,400.00,100 גרם,false,,12.50,3.1250,true,1,15053
7290010154005,false,סחוג תימני ירוק 250,,,סחוג תימני ירוק 250,גרמים,250.00,100 גרם,false,,13.90,5.5600,true,1,17146
7290010154012,false,לימון כבוש 250 ביטון,,,לימון כבוש 250 ביטון,גרמים,250.00,100 גרם,false,,13.90,5.5600,true,1,17147
7290010154029,false,250 אריסה מתוקה ביטו,,,250 אריסה מתוקה ביטו,גרמים,250.00,100 גרם,false,,13.90,5.5600,true,1,17148
7290010154265,false,פלפל צ`ומה ביטון 250,,,פלפל צ`ומה ביטון 250,גרמים,250.00,100 גרם,false,,13.90,5.5600,true,1,17151
7290010154418,false,יוחאי ביטון סחוג אדו,,,יוחאי ביטון סחוג אדו,גרמים,130.00,100 גרם,false,,8.90,6.8462,true,1,17156
7290010154678,false,יוחאי ביטון אריסה מר,,,יוחאי ביטון אריסה מר,גרמים,250.00,100 גרם,false,,13.90,5.5600,true,1,17161
7290010154685,false,סלט שום כתוש 250 גר',,,סלט שום כתוש 250 גר',גרמים,250.00,100 גרם,false,,13.90,5.5600,true,1,17162
7290010173044,false,הרי גליל מרלו 2007 7,,,הרי גליל מרלו 2007 7,מיליליטרים,750.00,"100 מ""ל",false,,30.90,4.1200,true,1,41645
7290010192007,false,פטרוזיליה,,,פטרוזיליה,יח',1.00,יח',false,,3.50,3.5000,true,1,35570
7290010192014,false,שמיר,,,שמיר,יח',1.00,יח',false,,3.50,3.5000,true,1,35571
7290010192021,false,כוסברה,,,כוסברה,יח',1.00,יח',false,,3.50,3.5000,true,1,35572
7290010192038,false,שורש פטרוזיליה ארוז,,,שורש פטרוזיליה ארוז,יח',1.00,יח',false,,5.90,5.9000,true,1,35573
7290010192045,false,נענע יחידה,,,נענע יחידה,יח',1.00,יח',false,,3.50,3.5000,true,1,35574
7290010192052,false,סלרי עלים (אמריקאי),,,סלרי עלים (אמריקאי),יח',1.00,יח',false,,5.90,5.9000,true,1,35575
7290010192069,false,סלרי ראש ארוז,,,סלרי ראש ארוז,יח',1.00,יח',false,,5.90,5.9000,true,1,35576
7290010192083,false,מנגולד ארוז,,,מנגולד ארוז,יח',1.00,יח',false,,6.90,6.9000,true,1,35577
7290010192137,false,לוף ארוז ליח,,,לוף ארוז ליח,יח',1.00,יח',false,,8.90,8.9000,true,1,35578
7290010195268,false,פופסטאר פופקורן מופח,,,פופסטאר פופקורן מופח,גרמים,425.00,100 גרם,false,,12.90,3.0353,true,1,5843
7290010199891,false,אל סבון סטייל תה אדו,,,אל סבון סטייל תה אדו,מיליליטרים,500.00,"100 מ""ל",false,,7.40,1.4800,true,1,3843
7290010237685,false,היינקן בירה צואר ארו,,,היינקן בירה צואר ארו,מיליליטרים,330.00,"100 מ""ל",false,,10.30,3.1212,true,1,9483
7290010237890,false,הייניקן בירה בקבוק ח,,,הייניקן בירה בקבוק ח,מיליליטרים,500.00,"100 מ""ל",false,,8.50,1.7000,true,1,9488
7290010259830,false,נודלס בטעם סיני פיקנ,,,נודלס בטעם סיני פיקנ,גרמים,70.00,100 גרם,false,,4.90,7.0000,true,1,2926
7290010279227,false,זיקוק 15 ס`מ 6 יח`,,,זיקוק 15 ס`מ 6 יח`,יחידה,0.00,יחידה,false,,14.00,0.0000,true,1,32255
7290010300211,false,מפת דובדבן ניילון 24,,,מפת דובדבן ניילון 24,מטרים,24.00,מטר,false,,15.90,0.6625,true,1,15901
7290010328468,false,חטיפי מיני חלבה בטעמ,,,חטיפי מיני חלבה בטעמ,גרמים,216.00,100 גרם,false,,10.90,5.0463,true,1,719
7290010429554,false,שמן זית כתית מעולה 2,,,שמן זית כתית מעולה 2,מיליליטרים,750.00,"100 מ""ל",false,,33.90,4.5200,true,1,22300
7290010471669,false,דנונה קראנצ' יוגורט,,,דנונה קראנצ' יוגורט,מיליליטרים,175.00,"100 מ""ל",false,,4.60,2.6286,true,1,23336
7290010472307,false,גמדים לשתיה תות בננה,,,גמדים לשתיה תות בננה,מיליליטרים,864.00,"100 מ""ל",false,,19.90,2.3032,true,1,23339
7290010472390,false,מארז  דני  שוקולד 8*,,,מארז  דני  שוקולד 8*,מיליליטרים,1000.00,"100 מ""ל",false,,16.90,1.6900,true,1,23340
7290010513703,false,צ'ופסטיקס צפצפה מזרח,,,צ'ופסטיקס צפצפה מזרח,יחידה,0.00,יחידה,false,,6.90,0.0000,true,1,256147
7290010513727,false,פנקו פרורי לחם יפניי,,,פנקו פרורי לחם יפניי,גרמים,200.00,100 גרם,false,,7.90,3.9500,true,1,47584
7290010617258,false,מוצץ קצר,,,מוצץ קצר,יחידה,0.00,יחידה,false,,16.50,0.0000,true,1,1218
7290010627004,false,טחינה ירושלים 500 גר,,,טחינה ירושלים 500 גר,גרמים,500.00,100 גרם,false,,14.90,2.9800,true,1,24686
7290010632572,false,נשכן שרשרת חרוזים נו,,,נשכן שרשרת חרוזים נו,יחידה,0.00,יחידה,false,,35.90,0.0000,true,1,933
7290010632787,false,צימרוני אוזניים עץ כ,,,צימרוני אוזניים עץ כ,יחידה,0.00,יחידה,false,,4.50,0.0000,true,1,941
7290010650071,false,פטריות שיטאקי  מיובש,,,פטריות שיטאקי  מיובש,גרמים,25.00,100 גרם,false,,9.90,39.6000,true,1,50983
7290010650798,false,לקט בורגול ופטריות,,,לקט בורגול ופטריות,יח',1.00,יח',false,,15.90,15.9000,true,1,50996
7290010690084,false,חמציץ,,,חמציץ,יח',1.00,יח',false,,9.90,9.9000,true,1,35579
7290010711031,false,מברשת אבק גדולה 1522,,,מברשת אבק גדולה 1522,יחידה,0.00,יחידה,false,,14.90,0.0000,true,1,13485
7290010711123,false,"ננס רביעיה ""שייני"" ח",,,"ננס רביעיה ""שייני"" ח",יחידה,0.00,יחידה,false,,6.90,0.0000,true,1,13489
7290010711208,false,SHINY גליל מטליות 33,,,SHINY גליל מטליות 33,יחידה,0.00,יחידה,false,,19.00,0.0000,true,1,13492
7290010711253,false,מיקרופייבר ניקוי כלל,,,מיקרופייבר ניקוי כלל,יחידה,0.00,יחידה,false,,9.90,0.0000,true,1,13493
7290010711543,false,כף אשפה + גומי SHINY,,,כף אשפה + גומי SHINY,יחידה,0.00,יחידה,false,,5.90,0.0000,true,1,13501
7290010711550,false,דלי שטיפה עם פיה ( 1,,,דלי שטיפה עם פיה ( 1,יחידה,0.00,יחידה,false,,11.90,0.0000,true,1,13502
7290010711864,false,מטאטא משובח,,,מטאטא משובח,יחידה,0.00,יחידה,false,,22.90,0.0000,true,1,13507
7290010711901,false,שייני מטליות מיקרופי,,,שייני מטליות מיקרופי,יחידה,0.00,יחידה,false,,15.90,0.0000,true,1,13508
7290010711918,false,מ.א מטליות מיקרופייב,,,מ.א מטליות מיקרופייב,יחידה,0.00,יחידה,false,,6.90,0.0000,true,1,13509
7290010711932,false,מארז 9 מטליות שייני.,,,מארז 9 מטליות שייני.,יחידה,0.00,יחידה,false,,6.90,0.0000,true,1,13510
7290010718627,false,אל סבון נוזלי ירוק פ,,,אל סבון נוזלי ירוק פ,יחידה,0.00,יחידה,false,,8.90,0.0000,true,1,18148
7290010718634,false,אל סבון נוזלי לבן פנ,,,אל סבון נוזלי לבן פנ,יחידה,0.00,יחידה,false,,8.90,0.0000,true,1,18149
7290010748860,false,קרם ידיים אינטנסיב א,,,קרם ידיים אינטנסיב א,מיליליטרים,150.00,"100 מ""ל",false,,15.90,10.6000,true,1,29125
7290010777099,false,8 פיתות במרקם מיוחד,,,8 פיתות במרקם מיוחד,גרמים,800.00,100 גרם,false,,11.30,1.4125,true,1,21164
7290010777150,false,8 פיתות בריבוע חיטה,,,8 פיתות בריבוע חיטה,גרמים,500.00,100 גרם,false,,13.90,2.7800,true,1,21165
7290010777297,false,10 פיתות ביס,,,10 פיתות ביס,קילוגרמים,1.00,"ק""ג",false,,12.90,12.9000,true,1,21170
7290010777358,false,8 פיתות כוסמין מלא 1,,,8 פיתות כוסמין מלא 1,גרמים,400.00,100 גרם,false,,15.90,3.9750,true,1,21173
7290010777488,false,פיתה מחמצת מקמח מלא,,,פיתה מחמצת מקמח מלא,יחידה,0.00,יחידה,false,,15.90,0.0000,true,1,220328
7290010777525,false,פיתות קוסמין-פיתה אק,,,פיתות קוסמין-פיתה אק,גרמים,50.00,100 גרם,false,,15.90,31.8000,true,1,220317
7290010838219,false,סטיביה 100 שקיות,,,סטיביה 100 שקיות,גרמים,100.00,100 גרם,false,,27.90,27.9000,true,1,5846
7290010838424,false,זוג ג'ל נוזל בניחוח,,,זוג ג'ל נוזל בניחוח,ליטרים,1.50,ליטר,false,,15.90,10.6000,true,1,5847
7290010838431,false,דאק ג'ל נוזל 750 זוג,,,דאק ג'ל נוזל 750 זוג,ליטרים,1.50,ליטר,false,,15.90,10.6000,true,1,5848
7290010849512,false,למברוסקו די לואיג'י,,,למברוסקו די לואיג'י,מיליליטרים,750.00,"100 מ""ל",false,,24.90,3.3200,true,1,7335
7290010883363,false,סנו סושי זוג כפפות א,,,סנו סושי זוג כפפות א,יחידה,0.00,יחידה,false,,9.90,0.0000,true,1,30118
7290010883370,false,סנו סושי זוג כפפות א,,,סנו סושי זוג כפפות א,יחידה,0.00,יחידה,false,,9.90,0.0000,true,1,30119
7290010922949,false,תות שדה קפוא שייק אי,,,תות שדה קפוא שייק אי,גרמים,250.00,100 גרם,false,,10.00,4.0000,true,1,235888
7290010931330,false,אחלה מטבוחה 500ג,,,אחלה מטבוחה 500ג,גרמים,500.00,100 גרם,false,,13.90,2.7800,true,1,23342
7290010945146,false,טרה קוטג מועשר 3% 25,,,טרה קוטג מועשר 3% 25,גרמים,250.00,100 גרם,false,,5.40,2.1600,true,1,6413
7290010945450,false,טרה גבינה לבנה מהדרי,,,טרה גבינה לבנה מהדרי,גרמים,250.00,100 גרם,false,,4.98,1.9920,true,1,6416
7290010945481,false,טרה גבינה לבנה 5% 50,,,טרה גבינה לבנה 5% 50,גרמים,500.00,100 גרם,false,,9.96,1.9920,true,1,6417
7290011017866,false,קוקה קולה פחית סליק,,,קוקה קולה פחית סליק,מיליליטרים,330.00,"100 מ""ל",false,,5.50,1.6667,true,1,7031
7290011017873,false,ZERO קולה פחית סליק,,,ZERO קולה פחית סליק,מיליליטרים,330.00,"100 מ""ל",false,,5.50,1.6667,true,1,7032
7290011018443,false,פאנטה אורנג פחית סלי,,,פאנטה אורנג פחית סלי,מיליליטרים,330.00,"100 מ""ל",false,,5.50,1.6667,true,1,7053
7290011018580,false,פיוז טי ענבים 1.5 לי,,,פיוז טי ענבים 1.5 לי,ליטרים,1.50,ליטר,false,,8.70,5.8000,true,1,7057
7290011018917,false,קוקה קולה זירו פרידג,,,קוקה קולה זירו פרידג,ליטרים,1.98,ליטר,false,,22.50,11.3636,true,1,7063
7290011026066,false,סרקל שמפו + מרכך ליל,,,סרקל שמפו + מרכך ליל,יחידה,0.00,יחידה,false,,29.90,0.0000,true,1,29131
7290011051433,false,שוופס מוגז עדין אפרס,,,שוופס מוגז עדין אפרס,מיליליטרים,500.00,"100 מ""ל",false,,6.20,1.2400,true,1,11590
7290011051440,false,שוופס מוגז עדין פ.יע,,,שוופס מוגז עדין פ.יע,מיליליטרים,500.00,"100 מ""ל",false,,6.20,1.2400,true,1,11591
7290011081492,false,קרמיסימו שלושה שוקול,,,קרמיסימו שלושה שוקול,ליטרים,1.33,ליטר,false,,18.90,14.2105,true,1,4291
7290011115166,false,תחליב רחצה לבנדר נקה,,,תחליב רחצה לבנדר נקה,יחידה,0.00,יחידה,false,,13.90,0.0000,true,1,30134
7290011115203,false,סבון מוצק ורוד נקה 7,,,סבון מוצק ורוד נקה 7,גרמים,400.00,100 גרם,false,,10.90,2.7250,true,1,30136
7290011115258,false,סבון מוצק ירוק נקה 7,,,סבון מוצק ירוק נקה 7,גרמים,400.00,100 גרם,false,,10.90,2.7250,true,1,30138
7290011115289,false,סבון מוצק לילך נקה 7,,,סבון מוצק לילך נקה 7,גרמים,400.00,100 גרם,false,,10.90,2.7250,true,1,30141
7290011126209,false,תה הגן הקסום תפוח וק,,,תה הגן הקסום תפוח וק,גרמים,55.00,100 גרם,false,,17.90,32.5455,true,1,24690
7290011126452,false,תה קמומיל ונענע 1.5ג,,,תה קמומיל ונענע 1.5ג,גרמים,37.50,100 גרם,false,,17.90,47.7333,true,1,24698
7290011126469,false,תה קמומיל ודבש 1.5גר,,,תה קמומיל ודבש 1.5גר,גרמים,37.50,100 גרם,false,,17.90,47.7333,true,1,24699
7290011131050,false,גרנולה פקאן גרין 1 ק,,,גרנולה פקאן גרין 1 ק,קילוגרמים,1.00,"ק""ג",false,,26.90,26.9000,true,1,13812
7290011131371,false,מיזלי קראנצ' שקדים ג,,,מיזלי קראנצ' שקדים ג,קילוגרמים,1.00,"ק""ג",false,,24.90,24.9000,true,1,13818
7290011131395,false,מיזלי קראנצ' 30% פיר,,,מיזלי קראנצ' 30% פיר,קילוגרמים,1.00,"ק""ג",false,,24.90,24.9000,true,1,13820
7290011131975,false,גרנולה פירות בתוספת,,,גרנולה פירות בתוספת,קילוגרמים,1.00,"ק""ג",false,,26.90,26.9000,true,1,13828
7290011133375,false,מכבי שנדי אפרסק בקבו,,,מכבי שנדי אפרסק בקבו,ליטרים,1.98,ליטר,false,,30.90,15.6061,true,1,9505
7290011148911,false,פלפלים מתוקים טינקרב,,,פלפלים מתוקים טינקרב,גרמים,300.00,100 גרם,false,,9.90,3.3000,true,1,35580
7290011153885,false,נייר אכיל לעוגה ממות,,,נייר אכיל לעוגה ממות,יחידה,0.00,יחידה,false,,16.00,0.0000,true,1,32265
7290011194215,false,"דניאלה בננה 150 מ""ל",,,"דניאלה בננה 150 מ""ל",מיליליטרים,150.00,"100 מ""ל",false,,4.10,2.7333,true,1,23343
7290011194246,false,קוטג שטראוס 5% עם סי,,,קוטג שטראוס 5% עם סי,גרמים,250.00,100 גרם,false,,5.90,2.3600,true,1,23344
7290011223038,false,בונומי עלים לקרמשניט,,,בונומי עלים לקרמשניט,גרמים,300.00,100 גרם,false,,14.90,4.9667,true,1,5854
7290011223205,false,דולקור ריבת חלב 454,,,דולקור ריבת חלב 454,גרמים,454.00,100 גרם,false,,15.90,3.5022,true,1,5861
7290011239213,false,עמוס חטיפים מתוקים מ,,,עמוס חטיפים מתוקים מ,גרמים,100.00,100 גרם,false,,5.90,5.9000,true,1,42808
7290011239237,false,חטיפי אגוזים ישראלי,,,חטיפי אגוזים ישראלי,גרמים,250.00,100 גרם,false,,18.90,7.5600,true,1,136444
7290011239336,false,מחרום חלבה ללא סוכר,,,מחרום חלבה ללא סוכר,גרמים,400.00,100 גרם,false,,21.90,5.4750,true,1,42809
7290011239404,false,עמוס חטיפים שונים אר,,,עמוס חטיפים שונים אר,גרמים,300.00,100 גרם,false,,14.90,4.9667,true,1,42811
7290011239596,false,בקלאווה בני בכר אל מ,,,בקלאווה בני בכר אל מ,גרמים,600.00,100 גרם,false,,36.90,6.1500,true,1,172434
7290011240332,false,תירוש ענבים טבעי אדו,,,תירוש ענבים טבעי אדו,ליטרים,1.00,ליטר,false,,13.90,13.9000,true,1,11976
7290011249748,false,גילרו רולים שוקו 100,,,גילרו רולים שוקו 100,גרמים,100.00,100 גרם,false,,3.90,3.9000,true,1,41323
7290011249755,false,רולים אגוז 100 גרם,,,רולים אגוז 100 גרם,גרמים,100.00,100 גרם,false,,3.90,3.9000,true,1,41324
7290011254001,false,זרעי פשתן 450 גרם,,,זרעי פשתן 450 גרם,גרמים,450.00,100 גרם,false,,7.90,1.7556,true,1,15064
7290011254254,false,שוקולד ציפס 300גר,,,שוקולד ציפס 300גר,גרמים,300.00,100 גרם,false,,8.90,2.9667,true,1,15087
7290011254698,false,שמן זית כתית מעולה ב,,,שמן זית כתית מעולה ב,מיליליטרים,750.00,"100 מ""ל",false,,30.90,4.1200,true,1,15105
7290011254728,false,ג'לטין טהור 25 גר' ב,,,ג'לטין טהור 25 גר' ב,גרמים,25.00,100 גרם,false,,9.90,39.6000,true,1,15106
7290011254773,false,שעועית ארגנטינאית 50,,,שעועית ארגנטינאית 50,גרמים,500.00,100 גרם,false,,8.90,1.7800,true,1,15109
7290011254780,false,מיה שעועית ארגנטינאי,,,מיה שעועית ארגנטינאי,קילוגרמים,1.00,"ק""ג",false,,15.90,15.9000,true,1,15110
7290011372002,false,בדי בדיקה יהודית,,,בדי בדיקה יהודית,יחידה,0.00,יחידה,false,,9.00,0.0000,true,1,1247
7290011378257,false,בארכה חטיף חלבה פקאן,,,בארכה חטיף חלבה פקאן,גרמים,120.00,100 גרם,false,,11.90,9.9167,true,1,18745
7290011378776,false,בארכה בקטנה מאגדת פי,,,בארכה בקטנה מאגדת פי,גרמים,120.00,100 גרם,false,,11.90,9.9167,true,1,18750
7290011379018,false,פטריות צמד חמד,,,פטריות צמד חמד,גרמים,500.00,100 גרם,false,,15.90,3.1800,true,1,41552
7290011435226,false,דבש מפרחי בר לחיץ 65,,,דבש מפרחי בר לחיץ 65,גרמים,650.00,100 גרם,false,,34.90,5.3692,true,1,22301
7290011438142,false,יטבתה אייס קפה בבקבו,,,יטבתה אייס קפה בבקבו,מיליליטרים,350.00,"100 מ""ל",false,,6.50,1.8571,true,1,23350
7290011447120,false,מטרנה מהדרין 700 גרם,,,מטרנה מהדרין 700 גרם,גרמים,700.00,100 גרם,false,,48.90,6.9857,true,1,18756
7290011447267,false,מטרנה חלבי שלב 1  70,,,מטרנה חלבי שלב 1  70,גרמים,700.00,100 גרם,false,,48.90,6.9857,true,1,18758
7290011447281,false,מטרנה חלבי שלב 2  70,,,מטרנה חלבי שלב 2  70,גרמים,700.00,100 גרם,false,,48.90,6.9857,true,1,18759
7290011447304,false,מטרנה חלבי שלב 3 12*,,,מטרנה חלבי שלב 3 12*,גרמים,700.00,100 גרם,false,,48.90,6.9857,true,1,18760
7290011447359,false,מטרנה מהדרין שלב 1,,,מטרנה מהדרין שלב 1,גרמים,700.00,100 גרם,false,,49.90,7.1286,true,1,18762
7290011447373,false,מטרנה מהדרין שלב 2,,,מטרנה מהדרין שלב 2,גרמים,700.00,100 גרם,false,,49.90,7.1286,true,1,18763
7290011461058,false,גומא - מקלות ריחניים,,,גומא - מקלות ריחניים,יחידה,0.00,יחידה,false,,20.00,0.0000,true,1,14280
7290011499105,false,גד בולגרית 5% 250ג,,,גד בולגרית 5% 250ג,גרמים,250.00,100 גרם,false,,21.90,8.7600,true,1,14673
7290011499112,false,גד בולגרית 16% 250ג,,,גד בולגרית 16% 250ג,גרמים,250.00,100 גרם,false,,21.90,8.7600,true,1,14674
7290011499129,false,גד בולגרית מעודנת קו,,,גד בולגרית מעודנת קו,גרמים,200.00,100 גרם,false,,19.90,9.9500,true,1,14675
7290011499303,false,פטה עיזים מעודנת 5%,,,פטה עיזים מעודנת 5%,גרמים,250.00,100 גרם,false,,30.90,12.3600,true,1,14678
7290011499327,false,גד בולגרית בקר מעודנ,,,גד בולגרית בקר מעודנ,גרמים,250.00,100 גרם,false,,21.90,8.7600,true,1,14679
7290011499341,false,קשקבל מחלבות גד 200,,,קשקבל מחלבות גד 200,גרמים,250.00,100 גרם,false,,26.90,10.7600,true,1,14681
7290011499358,false,גד פטה עיזים 20% 200,,,גד פטה עיזים 20% 200,גרמים,200.00,100 גרם,false,,26.90,13.4500,true,1,14682
7290011499365,false,גד חלומי 24% 200ג,,,גד חלומי 24% 200ג,גרמים,200.00,100 גרם,false,,19.90,9.9500,true,1,14683
7290011499419,false,גבינה במרקם  שמנת 5%,,,גבינה במרקם  שמנת 5%,גרמים,200.00,100 גרם,false,,10.90,5.4500,true,1,14685
7290011499525,false,גד לאבנה דרוזית 9% 5,,,גד לאבנה דרוזית 9% 5,גרמים,500.00,100 גרם,false,,19.90,3.9800,true,1,14686
7290011499624,false,גד ניו יורק גבינת שמ,,,גד ניו יורק גבינת שמ,גרמים,200.00,100 גרם,false,,12.90,6.4500,true,1,14688
7290011505462,false,נובי מוצץ פלקס דובדב,,,נובי מוצץ פלקס דובדב,יחידה,0.00,יחידה,false,,14.90,0.0000,true,1,950
7290011505806,false,קיסמי שיניים פלסטיק,,,קיסמי שיניים פלסטיק,יחידה,0.00,יחידה,false,,9.90,0.0000,true,1,965
7290011518561,false,אקטימל תות משפחתי 14,,,אקטימל תות משפחתי 14,ליטרים,1.40,ליטר,false,,29.90,21.3571,true,1,23355
7290011522605,false,גלייז מעצב שיער סטיי,,,גלייז מעצב שיער סטיי,מיליליטרים,400.00,"100 מ""ל",false,,19.90,4.9750,true,1,3857
7290011525316,false,קמיל בלו סנסיטיב תחל,,,קמיל בלו סנסיטיב תחל,מיליליטרים,500.00,"100 מ""ל",false,,30.90,6.1800,true,1,29141
7290011525712,false,קמיל בלו סנסיטיב לפנ,,,קמיל בלו סנסיטיב לפנ,יחידה,0.00,יחידה,false,,33.90,0.0000,true,1,29144
7290011530358,false,שייק איט(3*150 גר')-,,,שייק איט(3*150 גר')-,גרמים,450.00,100 גרם,false,,30.90,6.8667,true,1,88010
7290011530488,false,שייק איט(3*150 גר')-,,,שייק איט(3*150 גר')-,גרמים,450.00,100 גרם,false,,30.90,6.8667,true,1,88020
7290011530532,false,שייט איט יום שני 450,,,שייט איט יום שני 450,גרמים,450.00,100 גרם,false,,30.90,6.8667,true,1,65202
7290011530730,false,שייק איט יום חמישי 4,,,שייק איט יום חמישי 4,גרמים,450.00,100 גרם,false,,30.90,6.8667,true,1,65204
7290011530945,false,קרפציו עגל 210 גר',,,קרפציו עגל 210 גר',גרמים,210.00,100 גרם,false,,40.90,19.4762,true,1,35359
7290011570781,false,קמח נטול גלוטן כרגיל,,,קמח נטול גלוטן כרגיל,גרמים,450.00,100 גרם,false,,14.90,3.3111,true,1,25017
7290011575007,false,הפי-מרסס לאמבט חדש 7,,,הפי-מרסס לאמבט חדש 7,מיליליטרים,750.00,"100 מ""ל",false,,18.90,2.5200,true,1,11327
7290011575755,false,סופר גלו ג'ל 3 גר',,,סופר גלו ג'ל 3 גר',יחידה,0.00,יחידה,false,,10.90,0.0000,true,1,11333
7290011587451,false,גרנולה + פירות ואגוז,,,גרנולה + פירות ואגוז,גרמים,600.00,100 גרם,false,,13.90,2.3167,true,1,25033
7290011587581,false,אנשובי בשמן חמניות ת,,,אנשובי בשמן חמניות ת,גרמים,100.00,100 גרם,false,,9.90,9.9000,true,1,25035
7290011587598,false,פילה אנשובי תומר 45,,,פילה אנשובי תומר 45,גרמים,45.00,100 גרם,false,,6.90,15.3333,true,1,25036
7290011587857,false,עגבניות מיובשות מתוב,,,עגבניות מיובשות מתוב,גרמים,250.00,100 גרם,false,,9.90,3.9600,true,1,25050
7290011593087,false,סבא חביב שמן זית כתי,,,סבא חביב שמן זית כתי,מיליליטרים,750.00,"100 מ""ל",false,,30.90,4.1200,true,1,176285
7290011593711,false,שמן זית קורונייקי סב,,,שמן זית קורונייקי סב,מיליליטרים,750.00,"100 מ""ל",false,,42.90,5.7200,true,1,265817
7290011593742,false,שמן זית פיקואל הסדרה,,,שמן זית פיקואל הסדרה,מיליליטרים,750.00,"100 מ""ל",false,,42.90,5.7200,true,1,268245
7290011598211,false,מנקה כללי אנטיקאלק 7,,,מנקה כללי אנטיקאלק 7,מיליליטרים,700.00,"100 מ""ל",false,,17.90,2.5571,true,1,30152
7290011598259,false,סנו פרש אוטומטיק מאס,,,סנו פרש אוטומטיק מאס,מיליליטרים,250.00,"100 מ""ל",false,,13.90,5.5600,true,1,30153
7290011598402,false,מרכך כביסה סנו מקסימ,,,מרכך כביסה סנו מקסימ,ליטרים,4.00,ליטר,false,,22.90,5.7250,true,1,30156
7290011599836,false,משפר אפיה רובינפלד 1,,,משפר אפיה רובינפלד 1,גרמים,100.00,100 גרם,false,,10.90,10.9000,true,1,36831
7290011607197,false,"קולון 101 5 ק""ג",,,"קולון 101 5 ק""ג",קילוגרמים,5.00,"ק""ג",false,,39.90,7.9800,true,1,20893
7290011615260,false,"עלי טורטיה בד""ץ וילי",,,"עלי טורטיה בד""ץ וילי",גרמים,540.00,100 גרם,false,,8.90,1.6481,true,1,2944
7290011659035,false,קוביות בצל מטוגן קפו,,,קוביות בצל מטוגן קפו,גרמים,70.00,100 גרם,false,,11.90,17.0000,true,1,123411
7290011659042,false,קוביות פטרוזליה קפוא,,,קוביות פטרוזליה קפוא,גרמים,70.00,100 גרם,false,,9.90,14.1429,true,1,123399
7290011659066,false,קוביות בזיליקום קפוא,,,קוביות בזיליקום קפוא,גרמים,70.00,100 גרם,false,,9.90,14.1429,true,1,123400
7290011659073,false,קוביות שום קפוא 80 ג,,,קוביות שום קפוא 80 ג,גרמים,80.00,100 גרם,false,,9.90,12.3750,true,1,123412
7290011668587,false,גרנולה בטעם עשיר פני,,,גרנולה בטעם עשיר פני,גרמים,500.00,100 גרם,false,,26.90,5.3800,true,1,18172
7290011723200,false,טחינה הר ברכה טחינה,,,טחינה הר ברכה טחינה,גרמים,500.00,100 גרם,false,,19.90,3.9800,true,1,41333
7290011765095,false,ג'ל גילוח לעור עדין,,,ג'ל גילוח לעור עדין,מיליליטרים,200.00,"100 מ""ל",false,,10.90,5.4500,true,1,30160
7290011765316,false,מברשת שיניים ילדים+ש,,,מברשת שיניים ילדים+ש,יחידה,0.00,יחידה,false,,7.90,0.0000,true,1,30167
7290011765408,false,שמפו+מרכך כיף בוב ספ,,,שמפו+מרכך כיף בוב ספ,מיליליטרים,750.00,"100 מ""ל",false,,11.90,1.5867,true,1,30174
7290011765446,false,משחת שיניים בוב ספוג,,,משחת שיניים בוב ספוג,מיליליטרים,50.00,"100 מ""ל",false,,7.90,15.8000,true,1,30177
7290011765613,false,סנו מתז מסיר עובש בנ,,,סנו מתז מסיר עובש בנ,ליטרים,13.00,ליטר,false,,17.90,1.3769,true,1,30179
7290011800840,false,צבר רפי כהן טחינה בל,,,צבר רפי כהן טחינה בל,גרמים,400.00,100 גרם,false,,15.40,3.8500,true,1,19795
7290011860271,false,תפוגן ביס בול טבעי 7,,,תפוגן ביס בול טבעי 7,גרמים,700.00,100 גרם,false,,15.90,2.2714,true,1,19797
7290011876494,false,מאמא עוף קפוא שניצל,,,מאמא עוף קפוא שניצל,גרמים,750.00,100 גרם,false,,30.90,4.1200,true,1,25583
7290011877088,false,סנו סושי צמד רדידי א,,,סנו סושי צמד רדידי א,מטרים,15.00,מטר,false,,16.90,1.1267,true,1,30180
7290011877446,false,קרם נגד גירויים בייב,,,קרם נגד גירויים בייב,גרמים,100.00,100 גרם,false,,11.90,11.9000,true,1,30184
7290011877842,false,סנו סושי שקיות ואקום,,,סנו סושי שקיות ואקום,יחידה,0.00,יחידה,false,,24.90,0.0000,true,1,30189
7290011877859,false,סנו אינסטלטור פותח ס,,,סנו אינסטלטור פותח ס,מיליליטרים,200.00,"100 מ""ל",false,,15.90,7.9500,true,1,30190
7290011877866,false,אבקת כביסה סנו מקסימ,,,אבקת כביסה סנו מקסימ,קילוגרמים,6.00,"ק""ג",false,,49.90,8.3167,true,1,30191
7290011879747,false,טוסטר לחיצה פסים,,,טוסטר לחיצה פסים,יחידה,0.00,יחידה,false,,70.90,0.0000,true,1,75428
7290011891787,false,מסננת רשת נס` לב/5.3,,,מסננת רשת נס` לב/5.3,יחידה,0.00,יחידה,false,,20.00,0.0000,true,1,37690
7290011912642,false,מי פה טאגד ליסטרין 5,,,מי פה טאגד ליסטרין 5,מיליליטרים,500.00,"100 מ""ל",false,,22.90,4.5800,true,1,29502
7290011947309,false,זית סורי מבוקע עם לי,,,זית סורי מבוקע עם לי,גרמים,215.00,100 גרם,false,,13.90,6.4651,true,1,24710
7290011947781,false,מיקס זית ירוק קלמטה,,,מיקס זית ירוק קלמטה,גרמים,190.00,100 גרם,false,,13.90,7.3158,true,1,99951
7290011947798,false,זית קלמטה ללא גלעין,,,זית קלמטה ללא גלעין,גרמים,190.00,100 גרם,false,,13.90,7.3158,true,1,99952
7290011947903,false,זיתים מיקס ייווני זי,,,זיתים מיקס ייווני זי,גרמים,215.00,100 גרם,false,,13.90,6.4651,true,1,151709
7290011964344,false,שום גבישי 120 גר' במ,,,שום גבישי 120 גר' במ,גרמים,120.00,100 גרם,false,,10.90,9.0833,true,1,42443
7290011964658,false,תבלין מלח לימון טעם,,,תבלין מלח לימון טעם,גרמים,170.00,100 גרם,false,,10.00,5.8824,true,1,42449
7290011964689,false,תבלין על האש ללא מונ,,,תבלין על האש ללא מונ,גרמים,100.00,100 גרם,false,,9.70,9.7000,true,1,42450
7290011964702,false,תבלין לשווארמה ללא מ,,,תבלין לשווארמה ללא מ,גרמים,100.00,100 גרם,false,,9.70,9.7000,true,1,42452
7290012001994,false,חרדל דיגון גרעינים 3,,,חרדל דיגון גרעינים 3,גרמים,350.00,100 גרם,false,,11.90,3.4000,true,1,5332
7290012019265,false,"מחית תפו""ע ללא סוכר",,,"מחית תפו""ע ללא סוכר",גרמים,452.00,100 גרם,false,,10.90,2.4115,true,1,25066
7290012022203,false,קליליות חיטה מלאה די,,,קליליות חיטה מלאה די,גרמים,100.00,100 גרם,false,,13.90,13.9000,true,1,31562
7290012022227,false,קליליות בטעם טבעי די,,,קליליות בטעם טבעי די,גרמים,60.00,100 גרם,false,,11.70,19.5000,true,1,31563
7290012022272,false,פריכיות קליליות קידס,,,פריכיות קליליות קידס,יחידה,0.00,יחידה,false,,11.90,0.0000,true,1,31564
7290012025495,false,"טחינה אסלי 1 ק""ג",,,"טחינה אסלי 1 ק""ג",קילוגרמים,1.00,"ק""ג",false,,13.90,13.9000,true,1,17730
7290012025822,false,שמיר סלק אסלי 400 גר,,,שמיר סלק אסלי 400 גר,גרמים,400.00,100 גרם,false,,10.90,2.7250,true,1,17731
7290012025839,false,שמיר מטבוחה אסלי 400,,,שמיר מטבוחה אסלי 400,גרמים,400.00,100 גרם,false,,10.90,2.7250,true,1,17732
7290012086113,false,עגבניות שרי,,,עגבניות שרי,גרמים,500.00,100 גרם,false,,8.90,1.7800,true,1,51000
7290012116063,false,אל סבון כיף פיות בתמ,,,אל סבון כיף פיות בתמ,מיליליטרים,750.00,"100 מ""ל",false,,11.90,1.5867,true,1,30199
7290012116261,false,"סנו מדיק ג'ל 500 מ""ל",,,"סנו מדיק ג'ל 500 מ""ל",מיליליטרים,500.00,"100 מ""ל",false,,19.90,3.9800,true,1,54460
7290012116537,false,אבקת כביסה סנו מקסימ,,,אבקת כביסה סנו מקסימ,קילוגרמים,2.50,"ק""ג",false,,26.90,10.7600,true,1,30205
7290012116612,false,מארז מברשות שיניים א,,,מארז מברשות שיניים א,יחידה,0.00,יחידה,false,,11.90,0.0000,true,1,30208
7290012116735,false,נייר טואלט סופט ג'מב,,,נייר טואלט סופט ג'מב,מטרים,900.00,מטר,false,,41.90,0.0466,true,1,30214
7290012117091,false,אבקת כביסה סנו מקסימ,,,אבקת כביסה סנו מקסימ,קילוגרמים,6.00,"ק""ג",false,,49.90,8.3167,true,1,30220
7290012117275,false,סנוקליר שקית מילוי 7,,,סנוקליר שקית מילוי 7,מיליליטרים,750.00,"100 מ""ל",false,,6.90,0.9200,true,1,30223
7290012117350,false,ריצפז פרש לילך לבנדר,,,ריצפז פרש לילך לבנדר,ליטרים,2.00,ליטר,false,,18.90,9.4500,true,1,30224
7290012117428,false,שמפו וג'ל רחצה לגבר,,,שמפו וג'ל רחצה לגבר,מיליליטרים,700.00,"100 מ""ל",false,,18.90,2.7000,true,1,30230
7290012117435,false,שמפו וג'ל רחצה אלוור,,,שמפו וג'ל רחצה אלוור,מיליליטרים,700.00,"100 מ""ל",false,,18.90,2.7000,true,1,30231
7290012117534,false,סנו מקסימה מרכך קומפ,,,סנו מקסימה מרכך קומפ,יחידה,0.00,יחידה,false,,18.90,0.0000,true,1,30233
7290012117541,false,סנו מקסימה מרכך קומפ,,,סנו מקסימה מרכך קומפ,יחידה,0.00,יחידה,false,,18.90,0.0000,true,1,30234
7290012117558,false,סנו מקסימה מרכך קומפ,,,סנו מקסימה מרכך קומפ,יחידה,0.00,יחידה,false,,18.90,0.0000,true,1,30235
7290012117565,false,סנו סושי 100 כפפות ל,,,סנו סושי 100 כפפות ל,יחידה,0.00,יחידה,false,,44.90,0.0000,true,1,30236
7290012117572,false,M סנו סושי כפפות לטק,,,M סנו סושי כפפות לטק,יחידה,0.00,יחידה,false,,44.90,0.0000,true,1,30237
7290012117589,false,L סנו סושי כפפות לטק,,,L סנו סושי כפפות לטק,יחידה,0.00,יחידה,false,,44.90,0.0000,true,1,30238
7290012117732,false,מרכך כביסה סנו מקסימ,,,מרכך כביסה סנו מקסימ,ליטרים,4.00,ליטר,false,,22.90,5.7250,true,1,30243
7290012191084,false,המנגליסט גפרורים עשי,,,המנגליסט גפרורים עשי,יחידה,0.00,יחידה,false,,2.90,0.0000,true,1,7888
7290012191107,false,המנגליסט גפרורים XL,,,המנגליסט גפרורים XL,יחידה,0.00,יחידה,false,,5.90,0.0000,true,1,115431
7290012193125,false,מרמולייט סוכרלוז 150,,,מרמולייט סוכרלוז 150,גרמים,150.00,100 גרם,false,,23.90,15.9333,true,1,5901
7290012212154,false,מלפפון במלח קטן בצנצ,,,מלפפון במלח קטן בצנצ,גרמים,560.00,100 גרם,false,,12.90,2.3036,true,1,224048
7290012226120,false,מב זוגלובק קבנוס 135,,,מב זוגלובק קבנוס 135,גרמים,135.00,100 גרם,false,,9.90,7.3333,true,1,39028
7290012226939,false,מב זוגלובק קבנוס בטע,,,מב זוגלובק קבנוס בטע,גרמים,135.00,100 גרם,false,,9.90,7.3333,true,1,39037
7290012227912,false,מב קבנוס מעודן  זוגל,,,מב קבנוס מעודן  זוגל,גרמים,135.00,100 גרם,false,,9.90,7.3333,true,1,39072
7290012227974,false,זוגלובק פסטרמה בדבש,,,זוגלובק פסטרמה בדבש,גרמים,120.00,100 גרם,false,,11.90,9.9167,true,1,39073
7290012227981,false,פסטרמה ברביקיו זוגלו,,,פסטרמה ברביקיו זוגלו,גרמים,120.00,100 גרם,false,,11.90,9.9167,true,1,39074
7290012228124,false,קבנוס סטיקס 50 גר'.,,,קבנוס סטיקס 50 גר'.,גרמים,50.00,100 גרם,false,,9.90,19.8000,true,1,39078
7290012228278,false,נקנקיות בוקוורסט הוד,,,נקנקיות בוקוורסט הוד,גרמים,300.00,100 גרם,false,,19.90,6.6333,true,1,39086
7290012260827,false,שערות קדאיף  475 גרם,,,שערות קדאיף  475 גרם,גרמים,475.00,100 גרם,false,,13.90,2.9263,true,1,49402
7290012313240,false,מיקס זית ירוק וקלמטה,,,מיקס זית ירוק וקלמטה,גרמים,560.00,100 גרם,false,,10.90,1.9464,true,1,96087
7290012367717,false,קרם ידיים אפקטיב קר,,,קרם ידיים אפקטיב קר,מיליליטרים,150.00,"100 מ""ל",false,,15.90,10.6000,true,1,29153
7290012372117,false,קמח חיטה מלא 100% רו,,,קמח חיטה מלא 100% רו,קילוגרמים,1.00,"ק""ג",false,,10.90,10.9000,true,1,36833
7290012372124,false,קמח כוסמין 100% רובי,,,קמח כוסמין 100% רובי,קילוגרמים,1.00,"ק""ג",false,,16.90,16.9000,true,1,209023
7290012372155,false,קמח כוסמין 80% רובינ,,,קמח כוסמין 80% רובינ,קילוגרמים,1.00,"ק""ג",false,,16.90,16.9000,true,1,36835
7290012372209,false,קמח חיטה לבן מנופה ר,,,קמח חיטה לבן מנופה ר,קילוגרמים,1.00,"ק""ג",false,,7.90,7.9000,true,1,209002
7290012372247,false,קמח כוסמין לבן רובינ,,,קמח כוסמין לבן רובינ,קילוגרמים,1.00,"ק""ג",false,,16.90,16.9000,true,1,209034
7290012404955,false,ספרינג נקטר חמוציות,,,ספרינג נקטר חמוציות,ליטרים,1.25,ליטר,false,,12.50,10.0000,true,1,11631
7290012413636,false,תה ירוק צ'אי T.Tשמינ,,,תה ירוק צ'אי T.Tשמינ,גרמים,37.50,100 גרם,false,,23.90,63.7333,true,1,24737
7290012413643,false,תה ירוק קמומיל T.Tשמ,,,תה ירוק קמומיל T.Tשמ,גרמים,37.50,100 גרם,false,,23.90,63.7333,true,1,24738
7290012454578,false,מיה קישוט לעוגה בצנצ,,,מיה קישוט לעוגה בצנצ,גרמים,70.00,100 גרם,false,,4.90,7.0000,true,1,15135
7290012522581,false,טבעול שניצל תירס ללא,,,טבעול שניצל תירס ללא,גרמים,664.00,100 גרם,false,,19.90,2.9970,true,1,19805
7290012561337,false,כורכום טרי כתוש דורו,,,כורכום טרי כתוש דורו,גרמים,180.00,100 גרם,false,,10.00,5.5556,true,1,140767
7290012576607,false,ברקן יין פרמייר אדום,,,ברקן יין פרמייר אדום,מיליליטרים,750.00,"100 מ""ל",false,,26.90,3.5867,true,1,9531
7290012642852,false,פלפל אדום קלוי על הא,,,פלפל אדום קלוי על הא,גרמים,330.00,100 גרם,false,,11.90,3.6061,true,1,25096
7290012645112,false,יוגורט עיזים בדלי 75,,,יוגורט עיזים בדלי 75,מיליליטרים,750.00,"100 מ""ל",false,,18.90,2.5200,true,1,23363
7290012645174,false,גבינת עיזים 5% חלב ה,,,גבינת עיזים 5% חלב ה,גרמים,200.00,100 גרם,false,,13.90,6.9500,true,1,222174
7290012645181,false,לאבנה עיזים 5% חלב ה,,,לאבנה עיזים 5% חלב ה,גרמים,200.00,100 גרם,false,,13.90,6.9500,true,1,222185
7290012645297,false,סוסיא יוגורט עיזים ב,,,סוסיא יוגורט עיזים ב,מיליליטרים,150.00,"100 מ""ל",false,,5.90,3.9333,true,1,23369
7290012645389,false,חלב הארץ יוגורט ביו,,,חלב הארץ יוגורט ביו,ליטרים,1.00,ליטר,false,,21.90,21.9000,true,1,23372
7290012803055,false,מרמולייט סוכרלוז 100,,,מרמולייט סוכרלוז 100,גרמים,100.00,100 גרם,false,,19.90,19.9000,true,1,5913
7290012803215,false,טוסו וופל בלגי שוקול,,,טוסו וופל בלגי שוקול,גרמים,200.00,100 גרם,false,,9.50,4.7500,true,1,5917
7290012803451,false,טוסו שוקלד מריר 62%,,,טוסו שוקלד מריר 62%,גרמים,100.00,100 גרם,false,,8.90,8.9000,true,1,5922
7290012803765,false,טוסו שוקלד מריר 100ג,,,טוסו שוקלד מריר 100ג,גרמים,100.00,100 גרם,false,,8.90,8.9000,true,1,5932
7290012803772,false,טוסו שוקלד חלב 100ג,,,טוסו שוקלד חלב 100ג,גרמים,100.00,100 גרם,false,,8.90,8.9000,true,1,5933
7290012823251,false,אל סבון יסמין לבנדר,,,אל סבון יסמין לבנדר,ליטרים,1.00,ליטר,false,,12.90,12.9000,true,1,30276
7290012823374,false,מגבוני אנטי קאלק 50י,,,מגבוני אנטי קאלק 50י,יחידה,0.00,יחידה,false,,11.90,0.0000,true,1,30277
7290012823381,false,סנו מקסימה סנסטיב מר,,,סנו מקסימה סנסטיב מר,יחידה,0.00,יחידה,false,,18.90,0.0000,true,1,30278
7290012823398,false,ריצפז מטליות לחות בנ,,,ריצפז מטליות לחות בנ,יחידה,0.00,יחידה,false,,11.90,0.0000,true,1,30279
7290012823565,false,פוליויקס פרקט מטליות,,,פוליויקס פרקט מטליות,יחידה,0.00,יחידה,false,,14.90,0.0000,true,1,30284
7290012823602,false,נייר טואלט סופט סילק,,,נייר טואלט סופט סילק,מטרים,588.00,מטר,false,,33.90,0.0577,true,1,30286
7290012823923,false,סנו מקסימה מרכך פרפי,,,סנו מקסימה מרכך פרפי,מיליליטרים,750.00,"100 מ""ל",false,,18.90,2.5200,true,1,30300
7290012823947,false,סנו מקסימה מרכך פרפי,,,סנו מקסימה מרכך פרפי,מיליליטרים,750.00,"100 מ""ל",false,,18.90,2.5200,true,1,30302
7290012850035,false,תפוח ואפרסק 190גרם B,,,תפוח ואפרסק 190גרם B,גרמים,190.00,100 גרם,false,,5.90,3.1053,true,1,29518
7290012850073,false,בי לאב מחית סלט פירו,,,בי לאב מחית סלט פירו,גרמים,190.00,100 גרם,false,,5.90,3.1053,true,1,29520
7290012884986,false,תפוגן ציפס לתנור עד,,,תפוגן ציפס לתנור עד,קילוגרמים,1.50,"ק""ג",false,,24.90,16.6000,true,1,19815
7290012901355,false,דודלס ארוחת איטריות,,,דודלס ארוחת איטריות,גרמים,206.00,100 גרם,false,,10.90,5.2913,true,1,36904
7290012921025,false,מלכה בוטיק בירה בהיר,,,מלכה בוטיק בירה בהיר,מיליליטרים,330.00,"100 מ""ל",false,,12.90,3.9091,true,1,7350
7290012921056,false,מלכה בוטיק בירה חיטה,,,מלכה בוטיק בירה חיטה,מיליליטרים,330.00,"100 מ""ל",false,,12.90,3.9091,true,1,7352
7290012931062,false,אטבי הדור החדש 10יח,,,אטבי הדור החדש 10יח,יחידה,0.00,יחידה,false,,7.90,0.0000,true,1,13514
7290012931116,false,"מגב חד להב 40 ס""מ SH",,,"מגב חד להב 40 ס""מ SH",יחידה,0.00,יחידה,false,,23.90,0.0000,true,1,13517
7290012931611,false,כריות ברזל שלישייה,,,כריות ברזל שלישייה,יחידה,0.00,יחידה,false,,5.90,0.0000,true,1,13525
7290012936937,false,מימון בהרט 40 גרם,,,מימון בהרט 40 גרם,גרמים,50.00,100 גרם,false,,11.90,23.8000,true,1,355
7290012936944,false,מימון אגוז מוסקט טחו,,,מימון אגוז מוסקט טחו,גרמים,40.00,100 גרם,false,,14.50,36.2500,true,1,356
7290012938580,false,משחת שיניים הלבנה עד,,,משחת שיניים הלבנה עד,מיליליטרים,75.00,"100 מ""ל",false,,21.90,29.2000,true,1,3878
7290012938597,false,משחת שיניים רפיד רלי,,,משחת שיניים רפיד רלי,מיליליטרים,75.00,"100 מ""ל",false,,24.90,33.2000,true,1,3879
7290012938740,false,משחת שיניים פרש מינט,,,משחת שיניים פרש מינט,מיליליטרים,75.00,"100 מ""ל",false,,21.90,29.2000,true,1,3881
7290012962684,false,שקיות צליה ג`מבו 5 י,,,שקיות צליה ג`מבו 5 י,יחידה,0.00,יחידה,false,,4.90,0.0000,true,1,979
7290012962912,false,כפפות ניטריל סייף טא,,,כפפות ניטריל סייף טא,יחידה,0.00,יחידה,false,,27.90,0.0000,true,1,212475
7290012962929,false,כפפות ניטריל סייף טא,,,כפפות ניטריל סייף טא,יחידה,0.00,יחידה,false,,27.90,0.0000,true,1,212476
7290012962936,false,כפפות ניטריל סייף טא,,,כפפות ניטריל סייף טא,יחידה,0.00,יחידה,false,,27.90,0.0000,true,1,212477
7290012962943,false,כפפות ניטריל סייף טא,,,כפפות ניטריל סייף טא,יחידה,0.00,יחידה,false,,27.90,0.0000,true,1,212715
7290012996672,false,הפי סבון אסלה מבושם,,,הפי סבון אסלה מבושם,מיליליטרים,80.00,"100 מ""ל",false,,8.40,10.5000,true,1,11345
7290013027399,false,לחם 100 בתוספת שיפון,,,לחם 100 בתוספת שיפון,גרמים,750.00,100 גרם,false,,13.90,1.8533,true,1,35494
7290013038432,false,אקווה נובה 2 ליטר,,,אקווה נובה 2 ליטר,ליטרים,2.00,ליטר,false,,4.50,2.2500,true,1,9541
7290013083661,false,מטרנה אקסטרה קר חסכו,,,מטרנה אקסטרה קר חסכו,גרמים,700.00,100 גרם,false,,58.90,8.4143,true,1,18767
7290013083678,false,מטרנה אקסטרה קר שלב,,,מטרנה אקסטרה קר שלב,גרמים,700.00,100 גרם,false,,58.90,8.4143,true,1,18768
7290013083685,false,מטרנה אקסטרה קר שלב,,,מטרנה אקסטרה קר שלב,גרמים,700.00,100 גרם,false,,58.90,8.4143,true,1,18769
7290013117212,false,בורקס פילו גבינה מעד,,,בורקס פילו גבינה מעד,גרמים,600.00,100 גרם,false,,18.90,3.1500,true,1,35649
7290013117229,false,בורקס פילו תפוא מעדנ,,,בורקס פילו תפוא מעדנ,גרמים,600.00,100 גרם,false,,18.90,3.1500,true,1,35650
7290013117243,false,בורקס פילו בולגרית מ,,,בורקס פילו בולגרית מ,גרמים,600.00,100 גרם,false,,18.90,3.1500,true,1,35652
7290013117410,false,מעדנות בצק פריך מרוד,,,מעדנות בצק פריך מרוד,גרמים,900.00,100 גרם,false,,19.90,2.2111,true,1,35654
7290013117427,false,מעדנות בצק פריך מרוד,,,מעדנות בצק פריך מרוד,גרמים,900.00,100 גרם,false,,19.90,2.2111,true,1,35655
7290013117526,false,מעדנות בצק שמרים למא,,,מעדנות בצק שמרים למא,גרמים,900.00,100 גרם,false,,19.90,2.2111,true,1,35658
7290013121158,false,רביעיית לחמניות סנדב,,,רביעיית לחמניות סנדב,גרמים,460.00,100 גרם,false,,17.90,3.8913,true,1,49773
7290013144188,false,תערובת בראוניס 600 ג,,,תערובת בראוניס 600 ג,גרמים,600.00,100 גרם,false,,15.90,2.6500,true,1,15355
7290013144201,false,תערובת פנקייק 400גר,,,תערובת פנקייק 400גר,גרמים,400.00,100 גרם,false,,14.90,3.7250,true,1,15357
7290013144232,false,פודינג וניל 85 גרם,,,פודינג וניל 85 גרם,גרמים,80.00,100 גרם,false,,3.90,4.8750,true,1,15360
7290013144393,false,תמצית בטעם וניל 50גר,,,תמצית בטעם וניל 50גר,גרמים,50.00,100 גרם,false,,4.50,9.0000,true,1,15369
7290013144409,false,תמצית בטעם רום 50גר,,,תמצית בטעם רום 50גר,מיליליטרים,50.00,"100 מ""ל",false,,4.50,9.0000,true,1,15370
7290013144515,false,צבע מאכל צהוב 50גר,,,צבע מאכל צהוב 50גר,גרמים,50.00,100 גרם,false,,4.50,9.0000,true,1,15374
7290013144539,false,צבע מאכל אדום 50גר,,,צבע מאכל אדום 50גר,גרמים,50.00,100 גרם,false,,4.50,9.0000,true,1,15376
7290013144560,false,צבע מאכל כחול 50גר,,,צבע מאכל כחול 50גר,גרמים,50.00,100 גרם,false,,4.50,9.0000,true,1,15377
7290013144614,false,סירופ מייפל אמיתי 10,,,סירופ מייפל אמיתי 10,מיליליטרים,236.00,"100 מ""ל",false,,30.90,13.0932,true,1,15378
7290013144751,false,מימונס סירופ בטעם מי,,,מימונס סירופ בטעם מי,מיליליטרים,500.00,"100 מ""ל",false,,13.90,2.7800,true,1,15379
7290013144768,false,מימונס סירופ בטעם שו,,,מימונס סירופ בטעם שו,מיליליטרים,500.00,"100 מ""ל",false,,13.90,2.7800,true,1,15380
7290013144812,false,אייס קפה וניל 320 גר,,,אייס קפה וניל 320 גר,גרמים,320.00,100 גרם,false,,17.90,5.5937,true,1,235284
7290013145024,false,מימונס אגוז מלך טחון,,,מימונס אגוז מלך טחון,גרמים,100.00,100 גרם,false,,13.90,13.9000,true,1,15386
7290013145031,false,מימונס ברס אגוזי לוז,,,מימונס ברס אגוזי לוז,גרמים,100.00,100 גרם,false,,12.90,12.9000,true,1,15387
7290013145062,false,סירופ מייפל אמיתי %1,,,סירופ מייפל אמיתי %1,מיליליטרים,187.00,"100 מ""ל",false,,19.90,10.6417,true,1,15390
7290013145093,false,מימונס שקד מולבן גרו,,,מימונס שקד מולבן גרו,גרמים,100.00,100 גרם,false,,12.90,12.9000,true,1,15392
7290013145116,false,מימונס שקד מולבן מקל,,,מימונס שקד מולבן מקל,גרמים,100.00,100 גרם,false,,12.90,12.9000,true,1,15394
7290013145130,false,מימונס שקד מולבן חצו,,,מימונס שקד מולבן חצו,גרמים,100.00,100 גרם,false,,12.90,12.9000,true,1,15396
7290013145161,false,מימונס פקאן מסוכר 10,,,מימונס פקאן מסוכר 10,גרמים,100.00,100 גרם,false,,18.90,18.9000,true,1,15398
7290013145178,false,קוקוס טחון לבן 100 ג,,,קוקוס טחון לבן 100 ג,גרמים,100.00,100 גרם,false,,4.90,4.9000,true,1,15399
7290013145192,false,שומשום 100גר,,,שומשום 100גר,גרמים,100.00,100 גרם,false,,4.90,4.9000,true,1,15400
7290013145277,false,עלים לקרמשניט 300 גר,,,עלים לקרמשניט 300 גר,גרמים,300.00,100 גרם,false,,15.90,5.3000,true,1,15403
7290013145390,false,מימונס שוקולד ציפס מ,,,מימונס שוקולד ציפס מ,גרמים,250.00,100 גרם,false,,8.90,3.5600,true,1,15405
7290013145406,false,מימונס שוקולד ציפס ל,,,מימונס שוקולד ציפס ל,גרמים,250.00,100 גרם,false,,9.90,3.9600,true,1,15406
7290013145437,false,מימונס שוקולד ציפס 4,,,מימונס שוקולד ציפס 4,גרמים,250.00,100 גרם,false,,12.90,5.1600,true,1,15408
7290013145451,false,מימונס קקאו 150 גר,,,מימונס קקאו 150 גר,גרמים,150.00,100 גרם,false,,8.90,5.9333,true,1,15410
7290013145536,false,סוכריות בטעם שוקולד,,,סוכריות בטעם שוקולד,גרמים,90.00,100 גרם,false,,5.50,6.1111,true,1,15413
7290013145567,false,מיני מיני עדשים 90גר,,,מיני מיני עדשים 90גר,גרמים,90.00,100 גרם,false,,10.50,11.6667,true,1,15414
7290013145574,false,ערכה לקישוט 100 גרם.,,,ערכה לקישוט 100 גרם.,גרמים,100.00,100 גרם,false,,10.80,10.8000,true,1,15415
7290013145628,false,סוכריות צבעוניות לקי,,,סוכריות צבעוניות לקי,גרמים,200.00,100 גרם,false,,8.90,4.4500,true,1,15417
7290013145796,false,מארז צבעי ג'ל למאכל,,,מארז צבעי ג'ל למאכל,מיליליטרים,100.00,"100 מ""ל",false,,49.90,49.9000,true,1,228231
7290013145840,false,מימונס סוכר וניל 10*,,,מימונס סוכר וניל 10*,גרמים,100.00,100 גרם,false,,2.50,2.5000,true,1,15431
7290013145857,false,אבקת אפיה 10* 10 גרם,,,אבקת אפיה 10* 10 גרם,גרמים,100.00,100 גרם,false,,2.50,2.5000,true,1,15432
7290013145918,false,אבקת סוכר 100 גרם,,,אבקת סוכר 100 גרם,גרמים,100.00,100 גרם,false,,2.00,2.0000,true,1,15436
7290013145956,false,מימונס שמרים יבשים ב,,,מימונס שמרים יבשים ב,גרמים,500.00,100 גרם,false,,12.90,2.5800,true,1,15439
7290013145963,false,מימונס שמרים יבשים ב,,,מימונס שמרים יבשים ב,גרמים,125.00,100 גרם,false,,5.50,4.4000,true,1,15440
7290013145970,false,מימונס קורנפלור 200,,,מימונס קורנפלור 200,גרמים,200.00,100 גרם,false,,3.90,1.9500,true,1,15441
7290013146007,false,מלית פרג 400 גרם,,,מלית פרג 400 גרם,גרמים,400.00,100 גרם,false,,15.90,3.9750,true,1,15443
7290013146038,false,מלית דובדבנים 70% פר,,,מלית דובדבנים 70% פר,גרמים,400.00,100 גרם,false,,15.90,3.9750,true,1,15446
7290013146083,false,מלית חלבה 400 גרם,,,מלית חלבה 400 גרם,גרמים,400.00,100 גרם,false,,15.90,3.9750,true,1,15448
7290013146243,false,פודינג בטעם וניל 320,,,פודינג בטעם וניל 320,גרמים,320.00,100 גרם,false,,18.90,5.9062,true,1,249630
7290013146304,false,מימונס קורנפלור 500,,,מימונס קורנפלור 500,גרמים,500.00,100 גרם,false,,6.90,1.3800,true,1,15453
7290013146403,false,סירופ בטעם קרמל מלוח,,,סירופ בטעם קרמל מלוח,גרמים,500.00,100 גרם,false,,16.90,3.3800,true,1,15454
7290013146656,false,כוכבים צבעוניים לקיש,,,כוכבים צבעוניים לקיש,יחידה,0.00,יחידה,false,,11.90,0.0000,true,1,61250
7290013146663,false,קונפטי לקישוט צבעוני,,,קונפטי לקישוט צבעוני,גרמים,55.00,100 גרם,false,,11.90,21.6364,true,1,61251
7290013146670,false,סוכריות לב צבעוניות,,,סוכריות לב צבעוניות,יחידה,0.00,יחידה,false,,11.90,0.0000,true,1,61355
7290013146724,false,אייס קפה להכנה ביתית,,,אייס קפה להכנה ביתית,גרמים,350.00,100 גרם,false,,17.90,5.1143,true,1,175829
7290013146762,false,קצפת לזילוף 24% שומן,,,קצפת לזילוף 24% שומן,גרמים,500.00,100 גרם,false,,6.90,1.3800,true,1,156798
7290013153432,false,פריגת סחוט לימונענע,,,פריגת סחוט לימונענע,מיליליטרים,400.00,"100 מ""ל",false,,9.90,2.4750,true,1,6431
7290013153593,false,פריגת סחוט תפוזים מת,,,פריגת סחוט תפוזים מת,ליטרים,1.00,ליטר,false,,11.90,11.9000,true,1,6437
7290013156006,false,עוגיות  מרוקאיות גיק,,,עוגיות  מרוקאיות גיק,גרמים,350.00,100 גרם,false,,16.90,4.8286,true,1,191421
7290013156822,false,עוגיות רייף גיקובס 3,,,עוגיות רייף גיקובס 3,גרמים,350.00,100 גרם,false,,16.90,4.8286,true,1,191422
7290013156846,false,עוגיות מלוחות גיקובס,,,עוגיות מלוחות גיקובס,גרמים,350.00,100 גרם,false,,16.90,4.8286,true,1,191423
7290013156914,false,עוגיות כעך טוניסאי ג,,,עוגיות כעך טוניסאי ג,גרמים,350.00,100 גרם,false,,16.90,4.8286,true,1,191424
7290013156921,false,"עוגיות  מרוקאיות לל""",,,"עוגיות  מרוקאיות לל""",גרמים,350.00,100 גרם,false,,16.90,4.8286,true,1,191425
7290013203182,false,שרי מנומר -ליקופן,,,שרי מנומר -ליקופן,גרמים,200.00,100 גרם,false,,9.90,4.9500,true,1,51001
7290013268020,false,סנו מקסימה אולטרא פר,,,סנו מקסימה אולטרא פר,יחידה,0.00,יחידה,false,,18.90,0.0000,true,1,30304
7290013268037,false,סנו מקסימה פצ'ולי מר,,,סנו מקסימה פצ'ולי מר,יחידה,0.00,יחידה,false,,18.90,0.0000,true,1,30305
7290013268242,false,ריצפז פרש הום בניחוח,,,ריצפז פרש הום בניחוח,ליטרים,2.00,ליטר,false,,21.90,10.9500,true,1,30312
7290013268372,false,סנו פוליויקס פרקט עם,,,סנו פוליויקס פרקט עם,ליטרים,2.00,ליטר,false,,21.90,10.9500,true,1,61892
7290013268563,false,דאודורנט ספרי קרמה מ,,,דאודורנט ספרי קרמה מ,מיליליטרים,200.00,"100 מ""ל",false,,13.90,6.9500,true,1,30323
7290013268839,false,סנו פוליויקס פרקט בנ,,,סנו פוליויקס פרקט בנ,ליטרים,2.00,ליטר,false,,21.90,10.9500,true,1,30337
7290013268884,false,ריצפז פרש מאסק 2 ליט,,,ריצפז פרש מאסק 2 ליט,ליטרים,2.00,ליטר,false,,18.90,9.4500,true,1,30339
7290013268891,false,סנו אוקסיג'ן 3 ליטר,,,סנו אוקסיג'ן 3 ליטר,ליטרים,3.00,ליטר,false,,30.90,10.3000,true,1,30340
7290013268907,false,מקסימה ג'ל כביסה ביו,,,מקסימה ג'ל כביסה ביו,ליטרים,3.00,ליטר,false,,33.90,11.3000,true,1,30341
7290013268938,false,סנובון שלישיה מאסק 3,,,סנובון שלישיה מאסק 3,גרמים,195.00,100 גרם,false,,11.90,6.1026,true,1,30343
7290013268983,false,מקסימה מרכך כביסה בב,,,מקסימה מרכך כביסה בב,יחידה,0.00,יחידה,false,,18.90,0.0000,true,1,129639
7290013268990,false,סנו מקסימה מרכך מרוכ,,,סנו מקסימה מרכך מרוכ,יחידה,0.00,יחידה,false,,18.90,0.0000,true,1,30344
7290013269003,false,סנו מקסימה קר בייבי,,,סנו מקסימה קר בייבי,ליטרים,1.00,ליטר,false,,19.90,19.9000,true,1,30345
7290013269263,false,מקסימה גל כביסה קריס,,,מקסימה גל כביסה קריס,ליטרים,3.00,ליטר,false,,33.90,11.3000,true,1,30351
7290013269287,false,מקסימה מאסק גל כביסה,,,מקסימה מאסק גל כביסה,ליטרים,3.00,ליטר,false,,33.90,11.3000,true,1,30352
7290013269300,false,סנו סושי פלסטיק נצמד,,,סנו סושי פלסטיק נצמד,מטרים,150.00,מטר,false,,23.90,0.1593,true,1,30353
7290013269621,false,ריצפז פרש הום בניחוח,,,ריצפז פרש הום בניחוח,ליטרים,2.00,ליטר,false,,21.90,10.9500,true,1,30359
7290013269638,false,סנו סושי ספוג הפלא א,,,סנו סושי ספוג הפלא א,יחידה,0.00,יחידה,false,,9.70,0.0000,true,1,30360
7290013269645,false,ריצפז פרש מטליות לחו,,,ריצפז פרש מטליות לחו,יחידה,0.00,יחידה,false,,11.90,0.0000,true,1,30361
7290013269669,false,ריצפז פנטזיה 3ל,,,ריצפז פנטזיה 3ל,ליטרים,3.00,ליטר,false,,12.90,4.3000,true,1,30363
7290013269751,false,ריצפז מטליות לחות לנ,,,ריצפז מטליות לחות לנ,יחידה,0.00,יחידה,false,,11.90,0.0000,true,1,30366
7290013269850,false,סנו סושי נייר אפיה א,,,סנו סושי נייר אפיה א,יחידה,0.00,יחידה,false,,14.90,0.0000,true,1,30370
7290013276124,false,בירה נגב אמבר אייל ח,,,בירה נגב אמבר אייל ח,מיליליטרים,330.00,"100 מ""ל",false,,12.90,3.9091,true,1,7356
7290013284310,false,רוטב לפסטה לילדים פר,,,רוטב לפסטה לילדים פר,גרמים,240.00,100 גרם,false,,4.90,2.0417,true,1,41346
7290013358356,false,מאסטר שף פירורי לחם,,,מאסטר שף פירורי לחם,גרמים,350.00,100 גרם,false,,6.90,1.9714,true,1,21504
7290013358363,false,מאסטר שף  פירורי לחם,,,מאסטר שף  פירורי לחם,גרמים,300.00,100 גרם,false,,9.90,3.3000,true,1,21505
7290013358417,false,מאסטר שף אסייאתי רוט,,,מאסטר שף אסייאתי רוט,מיליליטרים,300.00,"100 מ""ל",false,,11.90,3.9667,true,1,21509
7290013358486,false,מאסטר שף פירורים  מו,,,מאסטר שף פירורים  מו,גרמים,300.00,100 גרם,false,,6.90,2.3000,true,1,21514
7290013358578,false,אטריות אורז רחבות 5,,,אטריות אורז רחבות 5,גרמים,400.00,100 גרם,false,,8.90,2.2250,true,1,21521
7290013358806,false,מאגדת פריכיות עם מלח,,,מאגדת פריכיות עם מלח,גרמים,264.00,100 גרם,false,,11.90,4.5076,true,1,21526
7290013358837,false,מאגדת פריכיות אורז ל,,,מאגדת פריכיות אורז ל,גרמים,264.00,100 גרם,false,,11.90,4.5076,true,1,21527
7290013366634,false,חסה סלנובה,,,חסה סלנובה,יח',1.00,יח',false,,11.90,11.9000,true,1,47764
7290013381682,false,אבקת קקאו בשקית 150,,,אבקת קקאו בשקית 150,גרמים,150.00,100 גרם,false,,6.90,4.6000,true,1,15962
7290013382399,false,בלנדר מקל.,,,בלנדר מקל.,יחידה,0.00,יחידה,false,,59.90,0.0000,true,1,75440
7290013389077,false,6 טורטיות חיטה תומר,,,6 טורטיות חיטה תומר,גרמים,425.00,100 גרם,false,,7.90,1.8588,true,1,25102
7290013389381,false,"קמח תירס תומר 1 ק""ג",,,"קמח תירס תומר 1 ק""ג",קילוגרמים,1.00,"ק""ג",false,,10.80,10.8000,true,1,25115
7290013412966,false,תולי מגבונים לחים 4*,,,תולי מגבונים לחים 4*,יחידה,0.00,יחידה,false,,9.90,0.0000,true,1,29534
7290013472199,false,וילי פוד ערמונים 100,,,וילי פוד ערמונים 100,גרמים,100.00,100 גרם,false,,5.90,5.9000,true,1,2961
7290013525253,false,שמיר טחינה מיוחדת 16,,,שמיר טחינה מיוחדת 16,גרמים,160.00,100 גרם,false,,5.90,3.6875,true,1,17734
7290013525260,false,שמיר חציל במיונז 160,,,שמיר חציל במיונז 160,גרמים,160.00,100 גרם,false,,5.90,3.6875,true,1,17735
7290013525710,false,שמיר חומוס עם טחינה,,,שמיר חומוס עם טחינה,גרמים,160.00,100 גרם,false,,5.90,3.6875,true,1,17738
7290013525802,false,שמיר סחוג אדום 150ג,,,שמיר סחוג אדום 150ג,גרמים,150.00,100 גרם,false,,8.90,5.9333,true,1,17744
7290013525819,false,שמיר שום כתוש 150ג,,,שמיר שום כתוש 150ג,גרמים,150.00,100 גרם,false,,8.90,5.9333,true,1,17745
7290013531117,false,רוטב לפסטה לילדים יכ,,,רוטב לפסטה לילדים יכ,גרמים,260.00,100 גרם,false,,5.50,2.1154,true,1,8727
7290013531346,false,סירופ דיאט לימונענע,,,סירופ דיאט לימונענע,ליטרים,1.00,ליטר,false,,16.90,16.9000,true,1,8729
7290013531377,false,תורמוס יכין 560 גרם,,,תורמוס יכין 560 גרם,גרמים,265.00,100 גרם,false,,10.90,4.1132,true,1,8732
7290013531582,false,זיתים חרוזית מגולעני,,,זיתים חרוזית מגולעני,גרמים,600.00,100 גרם,false,,11.90,1.9833,true,1,8737
7290013531759,false,שעועית אפויה במים יכ,,,שעועית אפויה במים יכ,גרמים,550.00,100 גרם,false,,9.90,1.8000,true,1,8746
7290013534057,false,מיה ציפס בטטה טבעי 1,,,מיה ציפס בטטה טבעי 1,גרמים,100.00,100 גרם,false,,8.90,8.9000,true,1,15141
7290013580009,false,המבורגר זהב 400 גרם,,,המבורגר זהב 400 גרם,גרמים,400.00,100 גרם,false,,15.90,3.9750,true,1,35362
7290013585233,false,פחית סליק 330 מל ZER,,,פחית סליק 330 מל ZER,מיליליטרים,330.00,"100 מ""ל",false,,5.50,1.6667,true,1,7083
7290013585387,false,קולה זירו 1 ליטר,,,קולה זירו 1 ליטר,ליטרים,1.00,ליטר,false,,6.90,6.9000,true,1,7095
7290013585394,false,קוקה קולה 1 ליטר,,,קוקה קולה 1 ליטר,ליטרים,1.00,ליטר,false,,7.50,7.5000,true,1,7096
7290013608260,false,פרימור מיץ רימונים ס,,,פרימור מיץ רימונים ס,יחידה,0.00,יחידה,false,,22.90,0.0000,true,1,23377
7290013608482,false,נקטר מנגו פרימור 1 ל,,,נקטר מנגו פרימור 1 ל,ליטרים,1.00,ליטר,false,,8.50,8.5000,true,1,51654
7290013608550,false,נקטר תפוזים פרימור 1,,,נקטר תפוזים פרימור 1,ליטרים,1.00,ליטר,false,,8.50,8.5000,true,1,51658
7290013608673,false,נקטר תפוחי עץ פרימור,,,נקטר תפוחי עץ פרימור,יחידה,0.00,יחידה,false,,8.50,0.0000,true,1,51665
7290013652164,false,מגבונים להסרת איפור,,,מגבונים להסרת איפור,יחידה,0.00,יחידה,false,,24.90,0.0000,true,1,29188
7290013675545,false,שניצל כלי תחבורה 700,,,שניצל כלי תחבורה 700,גרמים,700.00,100 גרם,false,,30.90,4.4143,true,1,25603
7290013677747,false,מיה אבקת שוקו בשקית,,,מיה אבקת שוקו בשקית,גרמים,500.00,100 גרם,false,,6.50,1.3000,true,1,15191
7290013724946,false,שקדים בציפוי שוקלד מ,,,שקדים בציפוי שוקלד מ,גרמים,140.00,100 גרם,false,,10.90,7.7857,true,1,4677
7290013724960,false,שקדים בציפוי שוקולד,,,שקדים בציפוי שוקולד,גרמים,140.00,100 גרם,false,,10.90,7.7857,true,1,4679
7290013725820,false,אגוזי לוז בציפוי שוק,,,אגוזי לוז בציפוי שוק,גרמים,140.00,100 גרם,false,,10.90,7.7857,true,1,4685
7290013787408,false,רביולי בטטה ריקו 330,,,רביולי בטטה ריקו 330,גרמים,330.00,100 גרם,false,,24.90,7.5455,true,1,79617
7290013787415,false,רביולי ריקוטה תרד 33,,,רביולי ריקוטה תרד 33,גרמים,330.00,100 גרם,false,,24.90,7.5455,true,1,79618
7290013848017,false,ניקוי והברקה נירוסטה,,,ניקוי והברקה נירוסטה,מיליליטרים,500.00,"100 מ""ל",false,,20.90,4.1800,true,1,30375
7290013848345,false,מטליות לחות לחיטוי י,,,מטליות לחות לחיטוי י,יחידה,0.00,יחידה,false,,22.90,0.0000,true,1,30381
7290013848383,false,ג'ל רחצה אנטי בלוק ק,,,ג'ל רחצה אנטי בלוק ק,מיליליטרים,700.00,"100 מ""ל",false,,18.90,2.7000,true,1,30382
7290013848437,false,דאודורנט ספריי קרמה,,,דאודורנט ספריי קרמה,מיליליטרים,200.00,"100 מ""ל",false,,13.90,6.9500,true,1,30384
7290013848758,false,סנו מקסימה ג'ל כביסה,,,סנו מקסימה ג'ל כביסה,ליטרים,3.00,ליטר,false,,36.90,12.3000,true,1,30401
7290013875235,false,מטאטא 20,,,מטאטא 20,יחידה,0.00,יחידה,false,,15.90,0.0000,true,1,76692
7290013875532,false,מקל טיטניום,,,מקל טיטניום,יחידה,0.00,יחידה,false,,6.90,0.0000,true,1,76694
7290013883407,false,דזיטול מחטא ומשמיד ח,,,דזיטול מחטא ומשמיד ח,מיליליטרים,700.00,"100 מ""ל",false,,11.90,1.7000,true,1,11356
7290013906205,false,טירת צבי פסטרמה שום,,,טירת צבי פסטרמה שום,גרמים,400.00,100 גרם,false,,26.90,6.7250,true,1,25390
7290013906212,false,טירת צבי נקניקיות וי,,,טירת צבי נקניקיות וי,קילוגרמים,1.00,"ק""ג",false,,22.90,22.9000,true,1,25391
7290013906441,false,טירת צבי קבנוס 120 ג,,,טירת צבי קבנוס 120 ג,גרמים,120.00,100 גרם,false,,9.90,8.2500,true,1,25402
7290013906458,false,טירת צבי קבנוס פיקנט,,,טירת צבי קבנוס פיקנט,גרמים,120.00,100 גרם,false,,9.90,8.2500,true,1,25403
7290013906489,false,טירת צבי חטיפי מיני,,,טירת צבי חטיפי מיני,גרמים,120.00,100 גרם,false,,9.90,8.2500,true,1,25404
7290013906496,false,טירת צבי פסטרמה עגל,,,טירת צבי פסטרמה עגל,גרמים,120.00,100 גרם,false,,13.90,11.5833,true,1,25405
7290013906687,false,טירת צבי צמד כפרית ב,,,טירת צבי צמד כפרית ב,גרמים,600.00,100 גרם,false,,24.90,4.1500,true,1,25408
7290013906694,false,"נקניקיות עוף 1.5 ק""ג",,,"נקניקיות עוף 1.5 ק""ג",קילוגרמים,1.50,"100 ק""ג",false,,34.90,2326.6667,true,1,195115
7290013927200,false,אחווה עוגת שוקולד צי,,,אחווה עוגת שוקולד צי,גרמים,400.00,100 גרם,false,,11.90,2.9750,true,1,760
7290013927323,false,עוגת בראוניס אחוה 40,,,עוגת בראוניס אחוה 40,גרמים,400.00,100 גרם,false,,11.90,2.9750,true,1,763
7290013927637,false,אחווה חלוה ללא תוספת,,,אחווה חלוה ללא תוספת,גרמים,400.00,100 גרם,false,,12.90,3.2250,true,1,784
7290013927996,false,עוגת שמרים קרנץ בטעם,,,עוגת שמרים קרנץ בטעם,גרמים,400.00,100 גרם,false,,10.90,2.7250,true,1,196717
7290014002203,false,תה חליטת לימונית ולו,,,תה חליטת לימונית ולו,גרמים,37.50,100 גרם,false,,17.90,47.7333,true,1,24749
7290014002944,false,תה גן קסום חליטת חמא,,,תה גן קסום חליטת חמא,גרמים,62.50,100 גרם,false,,17.90,28.6400,true,1,24761
7290014046016,false,יחיעם פסטרמה הודו 10,,,יחיעם פסטרמה הודו 10,גרמים,250.00,100 גרם,false,,24.90,9.9600,true,1,15586
7290014046030,false,יחיעם מוס כבד עוף 14,,,יחיעם מוס כבד עוף 14,גרמים,140.00,100 גרם,false,,15.90,11.3571,true,1,15588
7290014046047,false,יחיעם צמד פסטרמה 600,,,יחיעם צמד פסטרמה 600,גרמים,600.00,100 גרם,false,,21.90,3.6500,true,1,15589
7290014046474,false,יחיעם נקניקיות עוף 1,,,יחיעם נקניקיות עוף 1,קילוגרמים,1.50,"ק""ג",false,,27.90,18.6000,true,1,15592
7290014046580,false,יחיעם פסטרמה מעודנת,,,יחיעם פסטרמה מעודנת,גרמים,300.00,100 גרם,false,,19.90,6.6333,true,1,15599
7290014046757,false,סלמי תה `שרולה` 300,,,סלמי תה `שרולה` 300,גרמים,300.00,100 גרם,false,,19.90,6.6333,true,1,15604
7290014059085,false,משחה לשיקום והגנה סנ,,,משחה לשיקום והגנה סנ,מיליליטרים,75.00,"100 מ""ל",false,,24.90,33.2000,true,1,3897
7290014059436,false,משחת שיניים לשיקום ס,,,משחת שיניים לשיקום ס,מיליליטרים,75.00,"100 מ""ל",false,,24.90,33.2000,true,1,3903
7290014079014,false,לבבות קיסר,,,לבבות קיסר,גרמים,300.00,100 גרם,false,,9.90,3.3000,true,1,35583
7290014079076,false,נבטי אלפלפא,,,נבטי אלפלפא,יח',1.00,יח',false,,6.90,6.9000,true,1,41554
7290014083813,false,בריוולס וילניס שפרוט,,,בריוולס וילניס שפרוט,גרמים,190.00,100 גרם,false,,7.90,4.1579,true,1,2990
7290014094338,false,גרעיני דלעת קלופים 2,,,גרעיני דלעת קלופים 2,גרמים,250.00,100 גרם,false,,14.90,5.9600,true,1,4701
7290014094369,false,ששון הקולה שקד טבעי,,,ששון הקולה שקד טבעי,גרמים,200.00,100 גרם,false,,21.90,10.9500,true,1,4704
7290014094505,false,אהרוני אורז בסמטי 1,,,אהרוני אורז בסמטי 1,קילוגרמים,1.00,"ק""ג",false,,9.90,9.9000,true,1,4716
7290014094895,false,אגוז מלך 150גר ששון,,,אגוז מלך 150גר ששון,גרמים,150.00,100 גרם,false,,10.90,7.2667,true,1,4738
7290014095861,false,שיבולת שועל דקה קווא,,,שיבולת שועל דקה קווא,גרמים,500.00,100 גרם,false,,4.90,0.9800,true,1,4742
7290014095946,false,פקאן בציפוי שוקולד מ,,,פקאן בציפוי שוקולד מ,גרמים,140.00,100 גרם,false,,10.90,7.7857,true,1,4743
7290014095960,false,שיבולת שועל עבה קווא,,,שיבולת שועל עבה קווא,גרמים,500.00,100 גרם,false,,4.90,0.9800,true,1,4745
7290014204003,false,פנינה שמפו צבוע 750,,,פנינה שמפו צבוע 750,מיליליטרים,750.00,"100 מ""ל",false,,9.90,1.3200,true,1,18176
7290014204010,false,פנינה מרכך צבוע 750,,,פנינה מרכך צבוע 750,מיליליטרים,750.00,"100 מ""ל",false,,9.90,1.3200,true,1,18177
7290014204027,false,פנינה שמפו יומי 750,,,פנינה שמפו יומי 750,מיליליטרים,750.00,"100 מ""ל",false,,9.90,1.3200,true,1,18178
7290014204560,false,סבון נוזלי פנינה רוז,,,סבון נוזלי פנינה רוז,ליטרים,1.50,ליטר,false,,10.90,7.2667,true,1,18186
7290014204614,false,גרנולה שוקולד מריר +,,,גרנולה שוקולד מריר +,גרמים,400.00,100 גרם,false,,26.90,6.7250,true,1,18191
7290014204683,false,פנינה סבון נוזלי משא,,,פנינה סבון נוזלי משא,יחידה,0.00,יחידה,false,,9.90,0.0000,true,1,18197
7290014217003,false,תבלין פפריקה מעושנת,,,תבלין פפריקה מעושנת,גרמים,90.00,100 גרם,false,,11.30,12.5556,true,1,42454
7290014217065,false,טעם וריח אורגנו מיכל,,,טעם וריח אורגנו מיכל,גרמים,30.00,100 גרם,false,,10.10,33.6667,true,1,42459
7290014217140,false,תבלין ראס אל חנות טע,,,תבלין ראס אל חנות טע,גרמים,100.00,100 גרם,false,,9.00,9.0000,true,1,42462
7290014217225,false,טעם וריח גריל עוף מי,,,טעם וריח גריל עוף מי,גרמים,120.00,100 גרם,false,,10.80,9.0000,true,1,42466
7290014217263,false,תבלין תיבול פרגית טע,,,תבלין תיבול פרגית טע,גרמים,100.00,100 גרם,false,,11.90,11.9000,true,1,42467
7290014218932,false,חטיפי פיצה בתוספת זי,,,חטיפי פיצה בתוספת זי,גרמים,710.00,100 גרם,false,,27.90,3.9296,true,1,35708
7290014256620,false,יין באזז קריניאנו 75,,,יין באזז קריניאנו 75,מיליליטרים,750.00,"100 מ""ל",false,,27.90,3.7200,true,1,564
7290014256637,false,יין באזז מוסקטו 750מ,,,יין באזז מוסקטו 750מ,מיליליטרים,750.00,"100 מ""ל",false,,27.90,3.7200,true,1,565
7290014258730,false,מטרנה צמחי מגיל שנה,,,מטרנה צמחי מגיל שנה,גרמים,700.00,100 גרם,false,,63.90,9.1286,true,1,18785
7290014258877,false,מטרנה מהדרין ספיישל,,,מטרנה מהדרין ספיישל,גרמים,700.00,100 גרם,false,,69.90,9.9857,true,1,18786
7290014298996,false,בקבוק טרמי,,,בקבוק טרמי,יחידה,0.00,יחידה,false,,49.90,0.0000,true,1,14300
7290014325036,false,ג'לי שמחות 600 גרם,,,ג'לי שמחות 600 גרם,גרמים,600.00,100 גרם,false,,18.90,3.1500,true,1,15199
7290014325043,false,מיה פודינג וניל 1 ק`,,,מיה פודינג וניל 1 ק`,קילוגרמים,1.00,"ק""ג",false,,17.90,17.9000,true,1,15200
7290014397279,false,סנו סושי שקיות מזון,,,סנו סושי שקיות מזון,יחידה,0.00,יחידה,false,,13.90,0.0000,true,1,30429
7290014397453,false,סנו אוקסיג'ן לכביסה,,,סנו אוקסיג'ן לכביסה,ליטרים,3.00,ליטר,false,,30.90,10.3000,true,1,30434
7290014397767,false,ריצפז פרש הום כותנה,,,ריצפז פרש הום כותנה,ליטרים,2.00,ליטר,false,,21.90,10.9500,true,1,30456
7290014397781,false,ריצפז פרש הום סבון מ,,,ריצפז פרש הום סבון מ,ליטרים,2.00,ליטר,false,,21.90,10.9500,true,1,30458
7290014397873,false,מרכך כביסה סנו מקסימ,,,מרכך כביסה סנו מקסימ,ליטרים,4.00,ליטר,false,,22.90,5.7250,true,1,30464
7290014435360,false,שמיר חומוס עם רוטב ח,,,שמיר חומוס עם רוטב ח,גרמים,400.00,100 גרם,false,,11.90,2.9750,true,1,17748
7290014435391,false,שמיר חומוס אורגינל ע,,,שמיר חומוס אורגינל ע,גרמים,400.00,100 גרם,false,,11.90,2.9750,true,1,17751
7290014435803,false,מטיאס הולנדי פרובנצי,,,מטיאס הולנדי פרובנצי,גרמים,180.00,100 גרם,false,,18.90,10.5000,true,1,17754
7290014435810,false,הרינג כבוש עם בצל במ,,,הרינג כבוש עם בצל במ,גרמים,180.00,100 גרם,false,,18.90,10.5000,true,1,17755
7290014435827,false,פילה מקרל מעושן בשמן,,,פילה מקרל מעושן בשמן,גרמים,180.00,100 גרם,false,,24.90,13.8333,true,1,17756
7290014435834,false,מקרל מעושן פרוס בשמן,,,מקרל מעושן פרוס בשמן,גרמים,180.00,100 גרם,false,,24.90,13.8333,true,1,17757
7290014435841,false,פילה מטיאס הולנדי  ב,,,פילה מטיאס הולנדי  ב,גרמים,180.00,100 גרם,false,,18.90,10.5000,true,1,17758
7290014435889,false,סלט מטיאס עם מיונז 1,,,סלט מטיאס עם מיונז 1,גרמים,180.00,100 גרם,false,,18.90,10.5000,true,1,17760
7290014455245,false,גד גרנה פדנו משולש כ,,,גד גרנה פדנו משולש כ,גרמים,200.00,100 גרם,false,,23.90,11.9500,true,1,14702
7290014455252,false,גד גרנה פדנו מגורד כ,,,גד גרנה פדנו מגורד כ,גרמים,100.00,100 גרם,false,,10.90,10.9000,true,1,14703
7290014459137,false,תפוגן סטייק ציפס 1.5,,,תפוגן סטייק ציפס 1.5,קילוגרמים,1.50,"ק""ג",false,,23.90,15.9333,true,1,19825
7290014459373,false,תפוגן ציפס קראנצי 1.,,,תפוגן ציפס קראנצי 1.,קילוגרמים,1.50,"ק""ג",false,,24.90,16.6000,true,1,19830
7290014459632,false,"טוגן 1.5 ק""ג",,,"טוגן 1.5 ק""ג",קילוגרמים,1.50,"ק""ג",false,,16.90,11.2667,true,1,19835
7290014471412,false,מוזלי בוטנים אגוזים,,,מוזלי בוטנים אגוזים,קילוגרמים,1.00,"ק""ג",false,,18.90,18.9000,true,1,4746
7290014471429,false,מוזלי פירות עם פירות,,,מוזלי פירות עם פירות,קילוגרמים,1.00,"ק""ג",false,,18.90,18.9000,true,1,4747
7290014471443,false,גרנולה צימוקים אגוזי,,,גרנולה צימוקים אגוזי,קילוגרמים,1.00,"ק""ג",false,,18.90,18.9000,true,1,4749
7290014472488,false,שקד קלוי פרימיום 250,,,שקד קלוי פרימיום 250,גרמים,250.00,100 גרם,false,,26.90,10.7600,true,1,4770
7290014472518,false,בוטן קלוי פרימיום 25,,,בוטן קלוי פרימיום 25,גרמים,250.00,100 גרם,false,,11.90,4.7600,true,1,4773
7290014472525,false,תערובת פיצוחים מובחר,,,תערובת פיצוחים מובחר,גרמים,250.00,100 גרם,false,,19.90,7.9600,true,1,4774
7290014503144,false,כנען  לבן-דלתון 750,,,כנען  לבן-דלתון 750,מיליליטרים,500.00,"100 מ""ל",false,,38.90,7.7800,true,1,7359
7290014534650,false,פסטה פנה 113 לה פסטה,,,פסטה פנה 113 לה פסטה,גרמים,400.00,100 גרם,false,,3.70,0.9250,true,1,25136
7290014534681,false,פסטה בורג לה פסטה 40,,,פסטה בורג לה פסטה 40,גרמים,400.00,100 גרם,false,,3.70,0.9250,true,1,25139
7290014534704,false,אטריות מרק לה פסטה 4,,,אטריות מרק לה פסטה 4,גרמים,400.00,100 גרם,false,,3.70,0.9250,true,1,25141
7290014636378,false,סט מצעים זוגי סטאן ר,,,סט מצעים זוגי סטאן ר,יחידה,0.00,יחידה,false,,99.90,0.0000,true,1,28143
7290014636545,false,שלישית מגבות מטבח פס,,,שלישית מגבות מטבח פס,יחידה,0.00,יחידה,false,,19.90,0.0000,true,1,194418
7290014636668,false,סט מצעים זוגי מיקרו,,,סט מצעים זוגי מיקרו,יחידה,0.00,יחידה,false,,70.90,0.0000,true,1,28149
7290014636682,false,מגבת פנים,,,מגבת פנים,יחידה,0.00,יחידה,false,,19.90,0.0000,true,1,28151
7290014636736,false,כרבולית מינק 130/170,,,כרבולית מינק 130/170,יחידה,0.00,יחידה,false,,50.90,0.0000,true,1,157621
7290014636842,false,כרית ויסקו,,,כרית ויסקו,יחידה,0.00,יחידה,false,,89.90,0.0000,true,1,197526
7290014673021,false,תבליני מימון פלפל שח,,,תבליני מימון פלפל שח,גרמים,100.00,100 גרם,false,,14.50,14.5000,true,1,358
7290014673359,false,מלח לימון 400 גר,,,מלח לימון 400 גר,גרמים,400.00,100 גרם,false,,21.90,5.4750,true,1,361
7290014673366,false,מימון כורכום טחון 25,,,מימון כורכום טחון 25,גרמים,250.00,100 גרם,false,,21.90,8.7600,true,1,362
7290014673380,false,מימון כמון טחון 250,,,מימון כמון טחון 250,גרמים,250.00,100 גרם,false,,21.90,8.7600,true,1,364
7290014673397,false,מימון תיבול לגריל עו,,,מימון תיבול לגריל עו,גרמים,250.00,100 גרם,false,,21.90,8.7600,true,1,365
7290014673403,false,מימון פלפל שחור טחון,,,מימון פלפל שחור טחון,גרמים,250.00,100 גרם,false,,30.00,12.0000,true,1,366
7290014673410,false,מימון פלפל שחור גרוס,,,מימון פלפל שחור גרוס,גרמים,250.00,100 גרם,false,,30.00,12.0000,true,1,367
7290014673434,false,פלפל שחור גרוס דק בש,,,פלפל שחור גרוס דק בש,גרמים,80.00,100 גרם,false,,8.90,11.1250,true,1,368
7290014692299,false,גבינת ברי 125 גרם EU,,,גבינת ברי 125 גרם EU,גרמים,125.00,100 גרם,false,,14.90,11.9200,true,1,2993
7290014692305,false,גבינת קממבר 125 גרם,,,גבינת קממבר 125 גרם,גרמים,125.00,100 גרם,false,,14.90,11.9200,true,1,2994
7290014731028,false,כוסות 50 יחידות שתיה,,,כוסות 50 יחידות שתיה,יח',50.00,יח',false,,9.90,0.1980,true,1,46717
7290014731264,false,כוסות לשתיה קרה חד פ,,,כוסות לשתיה קרה חד פ,יח',100.00,יח',false,,6.90,0.0690,true,1,28152
7290014748613,false,דג טוב מקלוני דגים ב,,,דג טוב מקלוני דגים ב,גרמים,600.00,100 גרם,false,,28.90,4.8167,true,1,19886
7290014748651,false,דג טוב פילה אמנון מצ,,,דג טוב פילה אמנון מצ,גרמים,360.00,100 גרם,false,,32.90,9.1389,true,1,19888
7290014749245,false,רצועות שניצל שומשום,,,רצועות שניצל שומשום,גרמים,600.00,100 גרם,false,,30.90,5.1500,true,1,61261
7290014749764,false,שניצל עוף ביתי כזה ע,,,שניצל עוף ביתי כזה ע,גרמים,700.00,100 גרם,false,,38.90,5.5571,true,1,61219
7290014749788,false,רצועות שניצל ציפס צ',,,רצועות שניצל ציפס צ',גרמים,600.00,100 גרם,false,,30.90,5.1500,true,1,61262
7290014749849,false,שניצל עוף דקיק בציפו,,,שניצל עוף דקיק בציפו,גרמים,720.00,100 גרם,false,,28.90,4.0139,true,1,120169
7290014749887,false,שניצל עוף דקיק ענקיס,,,שניצל עוף דקיק ענקיס,גרמים,720.00,100 גרם,false,,30.90,4.2917,true,1,120171
7290014758100,false,יוגורט תנובה 3% 8*15,,,יוגורט תנובה 3% 8*15,קילוגרמים,1.20,"ק""ג",false,,16.90,14.0833,true,1,26032
7290014758117,false,יוגורט תנובה 1.5% 8*,,,יוגורט תנובה 1.5% 8*,קילוגרמים,1.20,"ק""ג",false,,16.90,14.0833,true,1,26033
7290014759084,false,נפוליאון 16% 225גר,,,נפוליאון 16% 225גר,גרמים,225.00,100 גרם,false,,13.90,6.1778,true,1,26040
7290014759701,false,יופלה יוגורט מעודן ט,,,יופלה יוגורט מעודן ט,קילוגרמים,1.20,"ק""ג",false,,19.90,16.5833,true,1,26046
7290014759909,false,פיראוס פטה עזים פירא,,,פיראוס פטה עזים פירא,גרמים,250.00,100 גרם,false,,28.90,11.5600,true,1,26047
7290014759985,false,גבינה קשה מחלב בקר 2,,,גבינה קשה מחלב בקר 2,גרמים,200.00,100 גרם,false,,23.90,11.9500,true,1,26050
7290014760134,false,גביע מעדן סויה בטעם,,,גביע מעדן סויה בטעם,גרמים,125.00,100 גרם,false,,3.90,3.1200,true,1,26052
7290014760141,false,תנובה משקה שקדים טרי,,,תנובה משקה שקדים טרי,יחידה,0.00,יחידה,false,,12.90,0.0000,true,1,26053
7290014760448,false,גלבוע 22% 400 גרם,,,גלבוע 22% 400 גרם,גרמים,400.00,100 גרם,false,,23.90,5.9750,true,1,26056
7290014760912,false,גוש חלב 28% מהדרין 4,,,גוש חלב 28% מהדרין 4,גרמים,400.00,100 גרם,false,,25.10,6.2750,true,1,26060
7290014761018,false,גיל בטעם וניל 3% 125,,,גיל בטעם וניל 3% 125,גרמים,125.00,100 גרם,false,,1.50,1.2000,true,1,26061
7290014761056,false,יולו שוקולד חלב מעול,,,יולו שוקולד חלב מעול,גרמים,122.00,100 גרם,false,,4.90,4.0164,true,1,26062
7290014761063,false,יולו שוקולד מריר מעו,,,יולו שוקולד מריר מעו,גרמים,122.00,100 גרם,false,,4.90,4.0164,true,1,26063
7290014761070,false,יולו שוקולד לבן מעול,,,יולו שוקולד לבן מעול,גרמים,122.00,100 גרם,false,,4.90,4.0164,true,1,26064
7290014761193,false,פרילי פירות יער 1.5%,,,פרילי פירות יער 1.5%,גרמים,125.00,100 גרם,false,,3.50,2.8000,true,1,26065
7290014761414,false,יולו מעדן שכבות שוקו,,,יולו מעדן שכבות שוקו,גרמים,122.00,100 גרם,false,,4.90,4.0164,true,1,26073
7290014761612,false,יולו שכבות שוקולד מר,,,יולו שכבות שוקולד מר,גרמים,122.00,100 גרם,false,,4.90,4.0164,true,1,26077
7290014762756,false,נפוליאון 16% עם בצל,,,נפוליאון 16% עם בצל,גרמים,225.00,100 גרם,false,,13.90,6.1778,true,1,26092
7290014762800,false,גביע מעדן סויה בטעם,,,גביע מעדן סויה בטעם,גרמים,125.00,100 גרם,false,,3.90,3.1200,true,1,26097
7290014762831,false,גבינת שמנת נפוליאון,,,גבינת שמנת נפוליאון,גרמים,225.00,100 גרם,false,,13.90,6.1778,true,1,26098
7290014762909,false,פתיתי מוצרלה 200 גר`,,,פתיתי מוצרלה 200 גר`,גרמים,200.00,100 גרם,false,,15.90,7.9500,true,1,26102
7290014762947,false,לאבנה גלילית פיראוס,,,לאבנה גלילית פיראוס,גרמים,750.00,100 גרם,false,,23.90,3.1867,true,1,26104
7290014763098,false,קרם גבינת שמנת 5% טו,,,קרם גבינת שמנת 5% טו,גרמים,200.00,100 גרם,false,,11.50,5.7500,true,1,26107
7290014763272,false,משקה סויה ביו עם תות,,,משקה סויה ביו עם תות,מיליליטרים,250.00,"100 מ""ל",false,,4.90,1.9600,true,1,26109
7290014789913,false,עוגיות אוראו  מארז 3,,,עוגיות אוראו  מארז 3,גרמים,528.00,100 גרם,false,,22.90,4.3371,true,1,5114
7290014791091,false,משקה למונייד שוופס 5,,,משקה למונייד שוופס 5,מיליליטרים,500.00,"100 מ""ל",false,,5.90,1.1800,true,1,11665
7290014803756,false,רוטב טריאקי פתאי 300,,,רוטב טריאקי פתאי 300,מיליליטרים,100.00,"100 מ""ל",false,,7.90,7.9000,true,1,15982
7290014814387,false,גופיות ספגטי נשים זו,,,גופיות ספגטי נשים זו,יחידה,0.00,יחידה,false,,29.90,0.0000,true,1,43181
7290014855434,false,בייביסיטר פרפורמנס מ,,,בייביסיטר פרפורמנס מ,יחידה,0.00,יחידה,false,,15.90,0.0000,true,1,29548
7290014855458,false,מגבוני בייבי פרפורמנ,,,מגבוני בייבי פרפורמנ,יחידה,0.00,יחידה,false,,15.90,0.0000,true,1,29549
7290014860070,false,"מקלוני אורז 5 מ""מ לל",,,"מקלוני אורז 5 מ""מ לל",גרמים,454.00,100 גרם,false,,10.90,2.4009,true,1,47585
7290014860094,false,"מקלוני אורז 3 מ""מ לל",,,"מקלוני אורז 3 מ""מ לל",גרמים,454.00,100 גרם,false,,9.90,2.1806,true,1,47587
7290014860155,false,מחצלת במבו שטוחה מזר,,,מחצלת במבו שטוחה מזר,יחידה,0.00,יחידה,false,,7.90,0.0000,true,1,253003
7290014901247,false,שמפו קרטין סטייל 750,,,שמפו קרטין סטייל 750,מיליליטרים,750.00,"100 מ""ל",false,,24.90,3.3200,true,1,3923
7290014901308,false,משחת שיניים הגנה מלא,,,משחת שיניים הגנה מלא,מיליליטרים,75.00,"100 מ""ל",false,,24.90,33.2000,true,1,3927
7290014901896,false,מי פה סנסודיין 500 מ,,,מי פה סנסודיין 500 מ,מיליליטרים,500.00,"100 מ""ל",false,,35.90,7.1800,true,1,3942
7290014905160,false,הפי פניני ריח תפוז\ו,,,הפי פניני ריח תפוז\ו,גרמים,130.00,100 גרם,false,,11.90,9.1538,true,1,11373
7290014905689,false,הפי לכלים ירוק תפוח,,,הפי לכלים ירוק תפוח,מיליליטרים,750.00,"100 מ""ל",false,,7.90,1.0533,true,1,11383
7290014905733,false,הפי מרסס לניקוי חלונ,,,הפי מרסס לניקוי חלונ,מיליליטרים,750.00,"100 מ""ל",false,,7.50,1.0000,true,1,11386
7290014940901,false,לחם פשוט מלא אנגל 75,,,לחם פשוט מלא אנגל 75,גרמים,750.00,100 גרם,false,,14.90,1.9867,true,1,35504
7290014945029,false,גליל מפת אלבד 25 מטר,,,גליל מפת אלבד 25 מטר,מטרים,25.00,מטר,false,,29.90,1.1960,true,1,13543
7290014945739,false,שייני ניילון נצמד 15,,,שייני ניילון נצמד 15,יחידה,0.00,יחידה,false,,17.90,0.0000,true,1,13564
7290014945906,false,מטליות לחות לניקוי כ,,,מטליות לחות לניקוי כ,יחידה,0.00,יחידה,false,,5.90,0.0000,true,1,54838
7290015009041,false,חומץ תפוחים חומציות,,,חומץ תפוחים חומציות,מיליליטרים,500.00,"100 מ""ל",false,,20.00,4.0000,true,1,47911
7290015009225,false,ריבת חלב מקורית (צנצ,,,ריבת חלב מקורית (צנצ,גרמים,450.00,100 גרם,false,,19.90,4.4222,true,1,47920
7290015009317,false,חטיף  נאצ'וס טבעי צה,,,חטיף  נאצ'וס טבעי צה,גרמים,200.00,100 גרם,false,,12.90,6.4500,true,1,107588
7290015009386,false,מיץ ליים דניאל 946 מ,,,מיץ ליים דניאל 946 מ,מיליליטרים,946.00,"100 מ""ל",false,,18.90,1.9979,true,1,223028
7290015009409,false,זיתים שחורים זן טאטו,,,זיתים שחורים זן טאטו,גרמים,250.00,100 גרם,false,,19.90,7.9600,true,1,107600
7290015009447,false,זיתים שחורים מזן קלמ,,,זיתים שחורים מזן קלמ,גרמים,440.00,100 גרם,false,,19.90,4.5227,true,1,218869
7290015025942,false,קרם ידיים מועשר בשמן,,,קרם ידיים מועשר בשמן,מיליליטרים,80.00,"100 מ""ל",false,,6.90,8.6250,true,1,6000
7290015039253,false,עלי גפן במי במלח ויל,,,עלי גפן במי במלח ויל,גרמים,620.00,100 גרם,false,,8.90,1.4355,true,1,3013
7290015062039,false,טוסטר אובן 18 ליטר פ,,,טוסטר אובן 18 ליטר פ,יחידה,0.00,יחידה,false,,219.90,0.0000,true,1,75406
7290015129145,false,סקיני פסטה קונג'אק ב,,,סקיני פסטה קונג'אק ב,גרמים,270.00,100 גרם,false,,11.90,4.4074,true,1,194550
7290015139250,false,חופשי שוקולד מריר עם,,,חופשי שוקולד מריר עם,גרמים,85.00,100 גרם,false,,5.90,6.9412,true,1,38665
7290015150088,false,מחית עגבניות בלה איט,,,מחית עגבניות בלה איט,גרמים,700.00,100 גרם,false,,11.90,1.7000,true,1,24785
7290015150118,false,עגבניות חתוכות דק בל,,,עגבניות חתוכות דק בל,גרמים,400.00,100 גרם,false,,16.90,4.2250,true,1,24788
7290015150903,false,תה ירוק קינמון ודבש,,,תה ירוק קינמון ודבש,גרמים,37.50,100 גרם,false,,23.90,63.7333,true,1,24802
7290015155823,false,פאוץ' פרינוק מחית תפ,,,פאוץ' פרינוק מחית תפ,גרמים,120.00,100 גרם,false,,5.90,4.9167,true,1,3657
7290015155830,false,פאוץ' פרינוק מחית תפ,,,פאוץ' פרינוק מחית תפ,גרמים,120.00,100 גרם,false,,5.90,4.9167,true,1,3658
7290015155847,false,פאוץ' פרינוק מחית סל,,,פאוץ' פרינוק מחית סל,גרמים,120.00,100 גרם,false,,5.90,4.9167,true,1,3659
7290015156769,false,פאוץ' פרינוק תפוח וא,,,פאוץ' פרינוק תפוח וא,גרמים,120.00,100 גרם,false,,5.90,4.9167,true,1,3664
7290015156776,false,פאוץ' פרינוק פירות ט,,,פאוץ' פרינוק פירות ט,גרמים,120.00,100 גרם,false,,5.90,4.9167,true,1,3665
7290015156813,false,פאוץ' פרינוק פירות מ,,,פאוץ' פרינוק פירות מ,גרמים,120.00,100 גרם,false,,5.90,4.9167,true,1,3667
7290015193559,false,אובלטים מלח 300 גר',,,אובלטים מלח 300 גר',גרמים,300.00,100 גרם,false,,9.90,3.3000,true,1,41400
7290015193566,false,אובלטים שומשום 300 ג,,,אובלטים שומשום 300 ג,גרמים,300.00,100 גרם,false,,9.90,3.3000,true,1,41401
7290015193634,false,אובלטים קימל 300 גרם,,,אובלטים קימל 300 גרם,גרמים,300.00,100 גרם,false,,9.90,3.3000,true,1,41405
7290015193665,false,קמח מצה חמץ מעדני מל,,,קמח מצה חמץ מעדני מל,גרמים,500.00,100 גרם,false,,5.90,1.1800,true,1,41406
7290015193832,false,ארומה קרקר עם שומשום,,,ארומה קרקר עם שומשום,גרמים,300.00,100 גרם,false,,8.70,2.9000,true,1,41407
7290015193849,false,ארומה קרקר עם מלח 30,,,ארומה קרקר עם מלח 30,גרמים,300.00,100 גרם,false,,8.70,2.9000,true,1,41408
7290015282000,false,איקרה אדומה סלטי שמי,,,איקרה אדומה סלטי שמי,גרמים,200.00,100 גרם,false,,13.90,6.9500,true,1,17763
7290015282024,false,איקרה לבנה סלטי שמיר,,,איקרה לבנה סלטי שמיר,גרמים,200.00,100 גרם,false,,13.90,6.9500,true,1,17765
7290015282390,false,סלט תורכי 200 ג שמיר,,,סלט תורכי 200 ג שמיר,גרמים,200.00,100 גרם,false,,12.90,6.4500,true,1,17779
7290015282581,false,חומוס אבו גוש עם חרי,,,חומוס אבו גוש עם חרי,גרמים,200.00,100 גרם,false,,10.90,5.4500,true,1,17782
7290015282598,false,חומוס מסעדות,,,חומוס מסעדות,גרמים,200.00,100 גרם,false,,10.90,5.4500,true,1,17783
7290015282604,false,טחינה מיוחדת,,,טחינה מיוחדת,גרמים,200.00,100 גרם,false,,10.90,5.4500,true,1,17784
7290015282635,false,חומוס מסבחה,,,חומוס מסבחה,גרמים,200.00,100 גרם,false,,10.90,5.4500,true,1,17787
7290015282642,false,חומוס אבו גוש,,,חומוס אבו גוש,גרמים,200.00,100 גרם,false,,10.90,5.4500,true,1,17788
7290015282673,false,חציל במיונז ביתי,,,חציל במיונז ביתי,גרמים,200.00,100 גרם,false,,10.90,5.4500,true,1,17790
7290015282697,false,סלט כרוב אדום 200ג ש,,,סלט כרוב אדום 200ג ש,גרמים,200.00,100 גרם,false,,12.90,6.4500,true,1,17792
7290015282727,false,גזר מרוקאי ברוטב פיק,,,גזר מרוקאי ברוטב פיק,גרמים,200.00,100 גרם,false,,12.90,6.4500,true,1,17794
7290015282734,false,מטבוחה ביתית.,,,מטבוחה ביתית.,גרמים,200.00,100 גרם,false,,12.90,6.4500,true,1,17795
7290015282741,false,חציל תילאנדי סלטי שמ,,,חציל תילאנדי סלטי שמ,גרמים,200.00,100 גרם,false,,12.90,6.4500,true,1,17796
7290015282796,false,סלט תפוח אדמה 200 ג,,,סלט תפוח אדמה 200 ג,גרמים,200.00,100 גרם,false,,12.90,6.4500,true,1,17801
7290015324007,false,טעם וריח פלפל שחור ג,,,טעם וריח פלפל שחור ג,גרמים,80.00,100 גרם,false,,12.40,15.5000,true,1,42479
7290015324014,false,טעם וריח פלפל שחור ט,,,טעם וריח פלפל שחור ט,גרמים,80.00,100 גרם,false,,12.40,15.5000,true,1,42480
7290015324038,false,טעם וריח פפריקה בשמן,,,טעם וריח פפריקה בשמן,גרמים,80.00,100 גרם,false,,6.50,8.1250,true,1,42481
7290015324045,false,תבלין פפריקה חריפה ב,,,תבלין פפריקה חריפה ב,גרמים,80.00,100 גרם,false,,6.50,8.1250,true,1,42482
7290015324052,false,טעם וריח פפריקה מתוק,,,טעם וריח פפריקה מתוק,גרמים,80.00,100 גרם,false,,6.50,8.1250,true,1,42483
7290015324069,false,טעם וריח גריל עוף שק,,,טעם וריח גריל עוף שק,גרמים,80.00,100 גרם,false,,6.50,8.1250,true,1,42484
7290015324076,false,טעם וריח זעתר שקית 8,,,טעם וריח זעתר שקית 8,גרמים,80.00,100 גרם,false,,6.00,7.5000,true,1,42485
7290015324083,false,טעם וריח מלח לימון ש,,,טעם וריח מלח לימון ש,גרמים,80.00,100 גרם,false,,6.50,8.1250,true,1,42486
7290015324090,false,טעם וריח כמון שקית 8,,,טעם וריח כמון שקית 8,גרמים,80.00,100 גרם,false,,6.80,8.5000,true,1,42487
7290015324106,false,טעם וריח כורכום שקית,,,טעם וריח כורכום שקית,גרמים,80.00,100 גרם,false,,6.80,8.5000,true,1,42488
7290015324113,false,טעם וריח בהרט שקית 8,,,טעם וריח בהרט שקית 8,גרמים,80.00,100 גרם,false,,6.00,7.5000,true,1,42489
7290015324120,false,טעם וריח שום גבישי ב,,,טעם וריח שום גבישי ב,גרמים,80.00,100 גרם,false,,10.10,12.6250,true,1,42490
7290015324168,false,תערובת תיבול על האש,,,תערובת תיבול על האש,גרמים,80.00,100 גרם,false,,7.00,8.7500,true,1,42492
7290015324175,false,תערובת תיבול לשווארמ,,,תערובת תיבול לשווארמ,גרמים,80.00,100 גרם,false,,7.00,8.7500,true,1,42493
7290015324731,false,מחית ג'ינג'ר 210 גרם,,,מחית ג'ינג'ר 210 גרם,גרמים,210.00,100 גרם,false,,13.90,6.6190,true,1,217360
7290015328531,false,להבונים 50 יח' 3 שעו,,,להבונים 50 יח' 3 שעו,יחידה,0.00,יחידה,false,,9.90,0.0000,true,1,13240
7290015328647,false,נר נשמה בפח 24 שעות,,,נר נשמה בפח 24 שעות,יחידה,0.00,יחידה,false,,1.90,0.0000,true,1,13247
7290015328685,false,מנורת לד 9 וולט,,,מנורת לד 9 וולט,יחידה,0.00,יחידה,false,,8.90,0.0000,true,1,13251
7290015328692,false,מנורת לד 12 וולט,,,מנורת לד 12 וולט,יחידה,0.00,יחידה,false,,9.90,0.0000,true,1,13252
7290015328708,false,מנורת לד 15 וולט,,,מנורת לד 15 וולט,יחידה,0.00,יחידה,false,,12.90,0.0000,true,1,13253
7290015328814,false,צימרוני אוזניים לירו,,,צימרוני אוזניים לירו,יחידה,0.00,יחידה,false,,3.90,0.0000,true,1,13262
7290015328838,false,קיסמי עץ לירון קרביץ,,,קיסמי עץ לירון קרביץ,יחידה,0.00,יחידה,false,,2.90,0.0000,true,1,13264
7290015347174,false,אורז פרסי בוואקום סל,,,אורז פרסי בוואקום סל,קילוגרמים,1.00,"ק""ג",false,,16.80,16.8000,true,1,15217
7290015347273,false,נטיפי שוקולד מריר לא,,,נטיפי שוקולד מריר לא,גרמים,250.00,100 גרם,false,,9.90,3.9600,true,1,15226
7290015347464,false,מיה קינואה מעורבת 50,,,מיה קינואה מעורבת 50,גרמים,400.00,100 גרם,false,,14.90,3.7250,true,1,15239
7290015347990,false,עדשי שוקולד מיה 8*20,,,עדשי שוקולד מיה 8*20,גרמים,160.00,100 גרם,false,,9.90,6.1875,true,1,15257
7290015350150,false,סגל אדום חצי יבש 750,,,סגל אדום חצי יבש 750,מיליליטרים,750.00,"100 מ""ל",false,,21.90,2.9200,true,1,79368
7290015366663,false,מש.שיניים מנטה עדין,,,מש.שיניים מנטה עדין,גרמים,100.00,100 גרם,false,,7.90,7.9000,true,1,3963
7290015366670,false,מש.שיניים מנטה אקווה,,,מש.שיניים מנטה אקווה,גרמים,100.00,100 גרם,false,,7.90,7.9000,true,1,3964
7290015395045,false,קינואה שקדיה 400 גרם,,,קינואה שקדיה 400 גרם,גרמים,400.00,100 גרם,false,,9.90,2.4750,true,1,4791
7290015437646,false,מחית עגבניות איטלקיו,,,מחית עגבניות איטלקיו,גרמים,680.00,100 גרם,false,,11.00,1.6176,true,1,208122
7290015596817,false,קרם גוף  אפקטיב קר 4,,,קרם גוף  אפקטיב קר 4,מיליליטרים,450.00,"100 מ""ל",false,,24.90,5.5333,true,1,98442
7290015603201,false,אטריות מחיטה מלאה מז,,,אטריות מחיטה מלאה מז,גרמים,454.00,100 גרם,false,,10.90,2.4009,true,1,47593
7290015603218,false,אטריות עם עגבניות מז,,,אטריות עם עגבניות מז,גרמים,454.00,100 גרם,false,,9.90,2.1806,true,1,47594
7290015603522,false,נוזל אגוזי קוקוס 5-7,,,נוזל אגוזי קוקוס 5-7,מיליליטרים,400.00,"100 מ""ל",false,,6.90,1.7250,true,1,47597
7290015603546,false,שימורי קרם קוקוס 17-,,,שימורי קרם קוקוס 17-,מיליליטרים,400.00,"100 מ""ל",false,,8.90,2.2250,true,1,47598
7290015603560,false,שימורי קרם קוקוס 20-,,,שימורי קרם קוקוס 20-,מיליליטרים,400.00,"100 מ""ל",false,,9.90,2.4750,true,1,47599
7290015603591,false,ג'ינג'ר ורוד כבוש לל,,,ג'ינג'ר ורוד כבוש לל,גרמים,160.00,100 גרם,false,,7.90,4.9375,true,1,252788
7290015603638,false,אורז עגול קלרוז לסוש,,,אורז עגול קלרוז לסוש,קילוגרמים,1.00,"ק""ג",false,,11.90,11.9000,true,1,47601
7290015652070,false,קשיו קלוי 150 גרם שש,,,קשיו קלוי 150 גרם שש,גרמים,150.00,100 גרם,false,,12.90,8.6000,true,1,4802
7290015652254,false,גרעיני חמניה קלויים,,,גרעיני חמניה קלויים,גרמים,400.00,100 גרם,false,,10.00,2.5000,true,1,4812
7290015652278,false,תערובת פיצוחים ששון,,,תערובת פיצוחים ששון,גרמים,250.00,100 גרם,false,,20.00,8.0000,true,1,4814
7290015652285,false,אגוזים קלופים 250 גר,,,אגוזים קלופים 250 גר,גרמים,250.00,100 גרם,false,,20.00,8.0000,true,1,4815
7290015652292,false,קבוקים עם שומשום ששו,,,קבוקים עם שומשום ששו,גרמים,400.00,100 גרם,false,,10.00,2.5000,true,1,4816
7290015652308,false,מנצ'ס ששון הקולה 300,,,מנצ'ס ששון הקולה 300,גרמים,300.00,100 גרם,false,,10.00,3.3333,true,1,4817
7290015652322,false,בוטנים אמריקאים מצופ,,,בוטנים אמריקאים מצופ,גרמים,400.00,100 גרם,false,,10.00,2.5000,true,1,4819
7290015652407,false,פיסטוק קלוי ששון הקו,,,פיסטוק קלוי ששון הקו,גרמים,250.00,100 גרם,false,,20.00,8.0000,true,1,4826
7290015733120,false,מטרנה גולד שלב אחד 7,,,מטרנה גולד שלב אחד 7,גרמים,700.00,100 גרם,false,,75.90,10.8429,true,1,18791
7290015733205,false,מטרנה אקסטרה קר מהדר,,,מטרנה אקסטרה קר מהדר,גרמים,700.00,100 גרם,false,,59.90,8.5571,true,1,18794
7290015733229,false,מטרנה אקסטרה קר מהדר,,,מטרנה אקסטרה קר מהדר,גרמים,700.00,100 גרם,false,,59.90,8.5571,true,1,18795
7290015733243,false,מטרנה אקסטרה קר מהדר,,,מטרנה אקסטרה קר מהדר,גרמים,700.00,100 גרם,false,,59.90,8.5571,true,1,18796
7290015733427,false,מטרנה דייסת גם וגם ו,,,מטרנה דייסת גם וגם ו,גרמים,300.00,100 גרם,false,,17.90,5.9667,true,1,52724
7290015733977,false,מטרנה קומפורט 700 גר,,,מטרנה קומפורט 700 גר,גרמים,700.00,100 גרם,false,,59.90,8.5571,true,1,109239
7290015766005,false,שרי וויטני יחידה,,,שרי וויטני יחידה,גרמים,500.00,100 גרם,false,,9.90,1.9800,true,1,51003
7290015766029,false,שרי כתום יח',,,שרי כתום יח',גרמים,460.00,100 גרם,false,,9.90,2.1522,true,1,51004
7290015781015,false,ויז'ן מלבק,,,ויז'ן מלבק,מיליליטרים,750.00,"100 מ""ל",false,,39.90,5.3200,true,1,11825
7290015781046,false,ויז'ן לבן חצי יבש 75,,,ויז'ן לבן חצי יבש 75,מיליליטרים,750.00,"100 מ""ל",false,,39.90,5.3200,true,1,11826
7290015781114,false,אימפרשן מרלו,,,אימפרשן מרלו,מיליליטרים,750.00,"100 מ""ל",false,,49.90,6.6533,true,1,11830
7290015781121,false,אימפרשן קברנה סובניו,,,אימפרשן קברנה סובניו,מיליליטרים,750.00,"100 מ""ל",false,,49.90,6.6533,true,1,11831
7290015781169,false,אימפרשן אדום חצי יבש,,,אימפרשן אדום חצי יבש,מיליליטרים,750.00,"100 מ""ל",false,,49.90,6.6533,true,1,11835
7290015781282,false,אימפרשן גוורצטרמינר,,,אימפרשן גוורצטרמינר,מיליליטרים,750.00,"100 מ""ל",false,,49.90,6.6533,true,1,11838
7290015855082,false,ברוקולי מיני,,,ברוקולי מיני,יח',1.00,יח',false,,9.90,9.9000,true,1,35584
7290015855143,false,שום קלוף,,,שום קלוף,גרמים,170.00,100 גרם,false,,11.90,7.0000,true,1,49373
7290015855181,false,ג'ינג'ר ארוז,,,ג'ינג'ר ארוז,יח',1.00,יח',false,,8.90,8.9000,true,1,49374
7290015855938,false,עלי בייבי 250 גר' אד,,,עלי בייבי 250 גר' אד,גרמים,300.00,100 גרם,false,,11.90,3.9667,true,1,112355
7290015858106,false,ממרח פסטו ביתי עללחם,,,ממרח פסטו ביתי עללחם,גרמים,180.00,100 גרם,false,,16.90,9.3889,true,1,23389
7290015858113,false,ממרח עגבניות מיובשות,,,ממרח עגבניות מיובשות,גרמים,180.00,100 גרם,false,,16.90,9.3889,true,1,23390
7290015858144,false,ממרח ארטישוק עללחם 1,,,ממרח ארטישוק עללחם 1,גרמים,180.00,100 גרם,false,,16.90,9.3889,true,1,23391
7290015858229,false,ממרח טפנד זיתי קלמטה,,,ממרח טפנד זיתי קלמטה,גרמים,180.00,100 גרם,false,,16.90,9.3889,true,1,23394
7290015858427,false,מארז שלישיית ממרחים,,,מארז שלישיית ממרחים,גרמים,240.00,100 גרם,false,,24.00,10.0000,true,1,232017
7290015865692,false,תענוג פרי תות שדה ענ,,,תענוג פרי תות שדה ענ,גרמים,400.00,100 גרם,false,,17.90,4.4750,true,1,177626
7290015865722,false,קונפיטורה לייט תות ש,,,קונפיטורה לייט תות ש,גרמים,400.00,100 גרם,false,,19.90,4.9750,true,1,177669
7290015865746,false,קונפיטורה לייט פירות,,,קונפיטורה לייט פירות,גרמים,400.00,100 גרם,false,,19.90,4.9750,true,1,177671
7290015872553,false,חומוס מסעדה שמיר 700,,,חומוס מסעדה שמיר 700,גרמים,700.00,100 גרם,false,,9.90,1.4143,true,1,17809
7290015875189,false,פיקס ג'ל פיתיון לנמל,,,פיקס ג'ל פיתיון לנמל,גרמים,10.00,100 גרם,false,,44.90,449.0000,true,1,63556
7290015951869,false,יקבי רמת הגולן הר חר,,,יקבי רמת הגולן הר חר,מיליליטרים,750.00,"100 מ""ל",false,,32.90,4.3867,true,1,41677
7290015968782,false,פדים להסרת איפור במא,,,פדים להסרת איפור במא,יחידה,0.00,יחידה,false,,16.90,0.0000,true,1,1046
7290016006148,false,משקה מוגז ענבים שוופ,,,משקה מוגז ענבים שוופ,מיליליטרים,500.00,"100 מ""ל",false,,5.90,1.1800,true,1,11702
7290016006292,false,ספרינג מנגו בננה מלו,,,ספרינג מנגו בננה מלו,יחידה,0.00,יחידה,false,,6.90,0.0000,true,1,11708
7290016006346,false,שוופס סודה שישייה 0.,,,שוופס סודה שישייה 0.,ליטרים,3.00,ליטר,false,,13.90,4.6333,true,1,11711
7290016087123,false,רוטב עגבניות מתובל ל,,,רוטב עגבניות מתובל ל,גרמים,240.00,100 גרם,false,,4.90,2.0417,true,1,41412
7290016087222,false,ברוטב עגבניות מרוכז,,,ברוטב עגבניות מרוכז,גרמים,240.00,100 גרם,false,,4.90,2.0417,true,1,41417
7290016096491,false,נתחי טונה בשמן צמחי,,,נתחי טונה בשמן צמחי,גרמים,240.00,100 גרם,false,,11.90,4.9583,true,1,26605
7290016096675,false,טונה בשמן זית פילטונ,,,טונה בשמן זית פילטונ,גרמים,240.00,100 גרם,false,,17.90,7.4583,true,1,26610
7290016096705,false,טונה בשמן צמחי פילטו,,,טונה בשמן צמחי פילטו,גרמים,440.00,100 גרם,false,,17.90,4.0682,true,1,26611
7290016096811,false,ממרח טונה פילטונה רב,,,ממרח טונה פילטונה רב,גרמים,160.00,100 גרם,false,,19.90,12.4375,true,1,94422
7290016096934,false,סלט טונה 2 יח' פילטו,,,סלט טונה 2 יח' פילטו,גרמים,320.00,100 גרם,false,,11.90,3.7188,true,1,125502
7290016098181,false,ביסקוויט אותיות אלף-,,,ביסקוויט אותיות אלף-,גרמים,200.00,100 גרם,false,,4.90,2.4500,true,1,87336
7290016114300,false,לילי גליל כפול 16 גל,,,לילי גליל כפול 16 גל,מטרים,588.00,מטר,false,,34.90,0.0594,true,1,9079
7290016117417,false,כרית יפנית 6 יח,,,כרית יפנית 6 יח,יחידה,0.00,יחידה,false,,8.90,0.0000,true,1,234807
7290016132595,false,סלסלאות שקופות A-4,,,סלסלאות שקופות A-4,יחידה,0.00,יחידה,false,,18.90,0.0000,true,1,187743
7290016135855,false,משחת נעליים נוזלית ח,,,משחת נעליים נוזלית ח,מיליליטרים,75.00,"100 מ""ל",false,,5.90,7.8667,true,1,50654
7290016150117,false,מעדן סלק בוואקום 500,,,מעדן סלק בוואקום 500,גרמים,500.00,100 גרם,false,,5.90,1.1800,true,1,47290
7290016150865,false,מיזלי בננה ותמר גרין,,,מיזלי בננה ותמר גרין,קילוגרמים,1.00,"ק""ג",false,,24.90,24.9000,true,1,184840
7290016162219,false,כדורי שוקולד פרווה,,,כדורי שוקולד פרווה,גרמים,280.00,100 גרם,false,,30.90,11.0357,true,1,39976
7290016162233,false,עוגיות דיזרט פרימיום,,,עוגיות דיזרט פרימיום,גרמים,200.00,100 גרם,false,,19.90,9.9500,true,1,39978
7290016162264,false,עוגת גבינה רנסנס 450,,,עוגת גבינה רנסנס 450,גרמים,450.00,100 גרם,false,,40.90,9.0889,true,1,39981
7290016197488,false,מטלית קסם לשיש מארז,,,מטלית קסם לשיש מארז,יחידה,0.00,יחידה,false,,11.90,0.0000,true,1,9092
7290016197495,false,מטלית קסם לרצפה מארז,,,מטלית קסם לרצפה מארז,יחידה,0.00,יחידה,false,,16.90,0.0000,true,1,9093
7290016197839,false,ניקול השקית החזקה XL,,,ניקול השקית החזקה XL,יחידה,0.00,יחידה,false,,23.90,0.0000,true,1,9099
7290016197877,false,שקית לפחי מטבח קטנים,,,שקית לפחי מטבח קטנים,יחידה,0.00,יחידה,false,,19.90,0.0000,true,1,9101
7290016217742,false,חציל בטחינה סלטי שמי,,,חציל בטחינה סלטי שמי,גרמים,200.00,100 גרם,false,,10.90,5.4500,true,1,17814
7290016217759,false,חצילים בסגנון מרוקאי,,,חצילים בסגנון מרוקאי,גרמים,200.00,100 גרם,false,,12.90,6.4500,true,1,17815
7290016233209,false,טונה מונטריי בשמן תו,,,טונה מונטריי בשמן תו,גרמים,560.00,100 גרם,false,,21.90,3.9107,true,1,78055
7290016233384,false,גפילטא פיש 7 קציצות,,,גפילטא פיש 7 קציצות,גרמים,555.00,100 גרם,false,,14.90,2.6847,true,1,25187
7290016246018,false,בארכה מיקס פינוקיות,,,בארכה מיקס פינוקיות,גרמים,200.00,100 גרם,false,,11.90,5.9500,true,1,18799
7290016246025,false,בארכה פנוקיות חלבה ל,,,בארכה פנוקיות חלבה ל,גרמים,200.00,100 גרם,false,,11.90,5.9500,true,1,18800
7290016246209,false,בארכה חטיף חלבה וניל,,,בארכה חטיף חלבה וניל,גרמים,100.00,100 גרם,false,,3.90,3.9000,true,1,18802
7290016246445,false,בארכה טחינה גולמית מ,,,בארכה טחינה גולמית מ,גרמים,310.00,100 גרם,false,,10.90,3.5161,true,1,18806
7290016246490,false,בארכה חלבה קלאסית 40,,,בארכה חלבה קלאסית 40,גרמים,400.00,100 גרם,false,,10.50,2.6250,true,1,18808
7290016270907,false,ברוקולי,,,ברוקולי,יח',1.00,יח',false,,9.90,9.9000,true,1,51006
7290016277685,false,שקד מולבן שבבים  200,,,שקד מולבן שבבים  200,גרמים,200.00,100 גרם,false,,19.90,9.9500,true,1,88401
7290016319187,false,עוגיות סנדוויץ שוקו,,,עוגיות סנדוויץ שוקו,גרמים,300.00,100 גרם,false,,16.90,5.6333,true,1,91050
7290016319309,false,אל סבון מאסק+משאבה פ,,,אל סבון מאסק+משאבה פ,ליטרים,1.00,ליטר,false,,10.90,10.9000,true,1,6018
7290016321661,false,מגבוני פרש וואנס רבי,,,מגבוני פרש וואנס רבי,יחידה,0.00,יחידה,false,,15.90,0.0000,true,1,6048
7290016321678,false,פרשוואנס רביעייה נטו,,,פרשוואנס רביעייה נטו,יחידה,0.00,יחידה,false,,15.90,0.0000,true,1,6049
7290016321883,false,פרשוואנס נייר טואלט,,,פרשוואנס נייר טואלט,יחידה,0.00,יחידה,false,,13.50,0.0000,true,1,6051
7290016334500,false,לבבות חסה זוגות בשקי,,,לבבות חסה זוגות בשקי,יח',1.00,יח',false,,9.90,9.9000,true,1,47794
7290016334692,false,בצל ירוק אדמה,,,בצל ירוק אדמה,יח',1.00,יח',false,,5.90,5.9000,true,1,35588
7290016370270,false,זית קלמטה ללא גלעין,,,זית קלמטה ללא גלעין,גרמים,560.00,100 גרם,false,,11.90,2.1250,true,1,96088
7290016370300,false,זית קלמטה שלם בצנצנת,,,זית קלמטה שלם בצנצנת,גרמים,560.00,100 גרם,false,,14.90,2.6607,true,1,95980
7290016372335,false,עגבניות חתוכות לקובי,,,עגבניות חתוכות לקובי,גרמים,400.00,100 גרם,false,,7.00,1.7500,true,1,134204
7290016372342,false,עגבניות חתוכות לקובי,,,עגבניות חתוכות לקובי,גרמים,400.00,100 גרם,false,,16.90,4.2250,true,1,24814
7290016372373,false,רסק עגבניות איטליה ב,,,רסק עגבניות איטליה ב,גרמים,280.00,100 גרם,false,,6.90,2.4643,true,1,24816
7290016372489,false,סודות הצמחים ג'ינג'ר,,,סודות הצמחים ג'ינג'ר,גרמים,30.00,100 גרם,false,,17.90,59.6667,true,1,24822
7290016372496,false,סודות הצמחים ג'ינג'ר,,,סודות הצמחים ג'ינג'ר,גרמים,30.00,100 גרם,false,,17.90,59.6667,true,1,24823
7290016387339,false,2 מטליות מיקרופייבר,,,2 מטליות מיקרופייבר,יחידה,0.00,יחידה,false,,16.90,0.0000,true,1,13578
7290016387483,false,3 כריות יפניות דו צד,,,3 כריות יפניות דו צד,יחידה,0.00,יחידה,false,,6.50,0.0000,true,1,13579
7290016387674,false,כרית הברקה וקרצוף לנ,,,כרית הברקה וקרצוף לנ,יחידה,0.00,יחידה,false,,8.90,0.0000,true,1,245194
7290016387698,false,כריות יפניות דו צדדי,,,כריות יפניות דו צדדי,יחידה,0.00,יחידה,false,,6.50,0.0000,true,1,13581
7290016387841,false,אטבי ג'וי  צבעוניים,,,אטבי ג'וי  צבעוניים,יחידה,0.00,יחידה,false,,10.50,0.0000,true,1,13586
7290016416961,false,עוגת פס מוס גבינה תו,,,עוגת פס מוס גבינה תו,גרמים,400.00,100 גרם,false,,40.90,10.2250,true,1,39986
7290016437737,false,תחבושות יאנג נייט קו,,,תחבושות יאנג נייט קו,יחידה,0.00,יחידה,false,,35.90,0.0000,true,1,9118
7290016440652,false,תערובת פרוסות ירקות,,,תערובת פרוסות ירקות,גרמים,500.00,100 גרם,false,,19.90,3.9800,true,1,156702
7290016440911,false,מלפפונים ביתיים כבוש,,,מלפפונים ביתיים כבוש,גרמים,500.00,100 גרם,false,,19.90,3.9800,true,1,156681
7290016446050,false,רביולי בטעם גבינה קפ,,,רביולי בטעם גבינה קפ,גרמים,360.00,100 גרם,false,,21.90,6.0833,true,1,123433
7290016509342,false,סוד מארז שלישיה כדור,,,סוד מארז שלישיה כדור,גרמים,150.00,100 גרם,false,,16.90,11.2667,true,1,34915
7290016509786,false,פרסיל ג'ל 2.5 ליטר י,,,פרסיל ג'ל 2.5 ליטר י,ליטרים,2.50,ליטר,false,,34.90,13.9600,true,1,34921
7290016509793,false,פרסיל ג'ל 4 ליטר ירו,,,פרסיל ג'ל 4 ליטר ירו,ליטרים,4.00,ליטר,false,,44.90,11.2250,true,1,34922
7290016509809,false,פרסיל ג'ל 2.5 ליטר ק,,,פרסיל ג'ל 2.5 ליטר ק,ליטרים,2.50,ליטר,false,,34.90,13.9600,true,1,34923
7290016509816,false,פרסיל ג'ל 4 ליטר קול,,,פרסיל ג'ל 4 ליטר קול,ליטרים,4.00,ליטר,false,,44.90,11.2250,true,1,34924
7290016509830,false,פרסיל ג'ל 2.5 ליטר ב,,,פרסיל ג'ל 2.5 ליטר ב,ליטרים,2.50,ליטר,false,,34.90,13.9600,true,1,34926
7290016510225,false,תחליב רחצה וניל דבש,,,תחליב רחצה וניל דבש,מיליליטרים,700.00,"100 מ""ל",false,,9.90,1.4143,true,1,8111
7290016510249,false,תחליב רחצה יוגורט שק,,,תחליב רחצה יוגורט שק,מיליליטרים,700.00,"100 מ""ל",false,,9.90,1.4143,true,1,8113
7290016510317,false,תחליב רחצה לגבר פול,,,תחליב רחצה לגבר פול,מיליליטרים,700.00,"100 מ""ל",false,,9.90,1.4143,true,1,8119
7290016510324,false,תחליב רחצה לגבר אירי,,,תחליב רחצה לגבר אירי,מיליליטרים,700.00,"100 מ""ל",false,,9.90,1.4143,true,1,8120
7290016510683,false,הוואי סבון נוזלי שמי,,,הוואי סבון נוזלי שמי,ליטרים,1.00,ליטר,false,,10.90,10.9000,true,1,8123
7290016510768,false,תחליב רחצה יוגורט או,,,תחליב רחצה יוגורט או,מיליליטרים,700.00,"100 מ""ל",false,,9.90,1.4143,true,1,8124
7290016510898,false,שמפו פריחת הדובדבן ה,,,שמפו פריחת הדובדבן ה,מיליליטרים,700.00,"100 מ""ל",false,,9.90,1.4143,true,1,8129
7290016510904,false,מרכך הוואי פריחת הדו,,,מרכך הוואי פריחת הדו,מיליליטרים,700.00,"100 מ""ל",false,,9.90,1.4143,true,1,8130
7290016564006,false,מבריקל הפלא,,,מבריקל הפלא,יחידה,0.00,יחידה,false,,9.90,0.0000,true,1,47814
7290016564075,false,זוג מטליות מיקרופייב,,,זוג מטליות מיקרופייב,יחידה,0.00,יחידה,false,,9.90,0.0000,true,1,47819
7290016566178,false,בקבוק שתיה אישי  500,,,בקבוק שתיה אישי  500,יחידה,0.00,יחידה,false,,29.90,0.0000,true,1,14320
7290016621013,false,קרם גוף קמיל בלו  50,,,קרם גוף קמיל בלו  50,מיליליטרים,500.00,"100 מ""ל",false,,29.90,5.9800,true,1,29289
7290016682168,false,מיץ תפוזים סחוט וולנ,,,מיץ תפוזים סחוט וולנ,מיליליטרים,400.00,"100 מ""ל",false,,8.90,2.2250,true,1,124100
7290016682182,false,שייק תמר בננה מופחת,,,שייק תמר בננה מופחת,יחידה,0.00,יחידה,false,,16.90,0.0000,true,1,49508
7290016682243,false,פרי ניב מיץ אשכולית,,,פרי ניב מיץ אשכולית,ליטרים,2.00,ליטר,false,,16.90,8.4500,true,1,49510
7290016682250,false,מיץ תפוז וגזר סחוט 1,,,מיץ תפוז וגזר סחוט 1,ליטרים,1.00,ליטר,false,,16.90,16.9000,true,1,258147
7290016682328,false,פרי ניב מיץ תפוזים ט,,,פרי ניב מיץ תפוזים ט,ליטרים,2.00,ליטר,false,,20.60,10.3000,true,1,166373
7290016682342,false,פרי ניב מיץ 100% טבע,,,פרי ניב מיץ 100% טבע,ליטרים,2.00,ליטר,false,,26.60,13.3000,true,1,166384
7290016682373,false,פרי ניב סחוט לימונדה,,,פרי ניב סחוט לימונדה,ליטרים,2.00,ליטר,false,,18.80,9.4000,true,1,166407
7290016682397,false,נקטר חמוציות פריניב,,,נקטר חמוציות פריניב,ליטרים,2.00,ליטר,false,,18.90,9.4500,true,1,166396
7290016693041,false,יין אמירים קברנה 750,,,יין אמירים קברנה 750,מיליליטרים,750.00,"100 מ""ל",false,,17.90,2.3867,true,1,11924
7290016693058,false,יין אמירים מרלו 750,,,יין אמירים מרלו 750,מיליליטרים,750.00,"100 מ""ל",false,,17.90,2.3867,true,1,11925
7290016693065,false,יין אמירים רזרב רוזה,,,יין אמירים רזרב רוזה,מיליליטרים,750.00,"100 מ""ל",false,,17.90,2.3867,true,1,11926
7290016693072,false,יין אמירים ריזלינג 7,,,יין אמירים ריזלינג 7,מיליליטרים,750.00,"100 מ""ל",false,,17.90,2.3867,true,1,11927
7290016693300,false,יין היוצר בראשית שרד,,,יין היוצר בראשית שרד,מיליליטרים,750.00,"100 מ""ל",false,,37.90,5.0533,true,1,11933
7290016717754,false,"ישן נושן 750מ""ל.",,,"ישן נושן 750מ""ל.",מיליליטרים,750.00,"100 מ""ל",false,,18.90,2.5200,true,1,638
7290016865943,false,אטריות ביצים פטוצ'ינ,,,אטריות ביצים פטוצ'ינ,גרמים,400.00,100 גרם,false,,13.90,3.4750,true,1,3674
7290016866643,false,מש.שיניים פרש פרודונ,,,מש.שיניים פרש פרודונ,מיליליטרים,75.00,"100 מ""ל",false,,31.90,42.5333,true,1,4030
7290016866650,false,מש.שיניים אוריגינל פ,,,מש.שיניים אוריגינל פ,מיליליטרים,75.00,"100 מ""ל",false,,31.90,42.5333,true,1,4031
7290016867114,false,לחם כוסמין קל מלא 50,,,לחם כוסמין קל מלא 50,גרמים,500.00,100 גרם,false,,17.90,3.5800,true,1,156167
7290016867152,false,פיתות קלות כוסמין 29,,,פיתות קלות כוסמין 29,גרמים,292.00,100 גרם,false,,13.90,4.7603,true,1,156219
7290016867237,false,לחם קל כוסמין במתיקו,,,לחם קל כוסמין במתיקו,גרמים,400.00,100 גרם,false,,18.90,4.7250,true,1,156168
7290016883176,false,מוזלי 47% דגנים מלאי,,,מוזלי 47% דגנים מלאי,קילוגרמים,1.00,"ק""ג",false,,18.90,18.9000,true,1,149390
7290016948035,false,מטריה הפוכה,,,מטריה הפוכה,יחידה,0.00,יחידה,false,,29.90,0.0000,true,1,184212
7290016967074,false,חיטה מלאה אנגל 750 ג,,,חיטה מלאה אנגל 750 ג,גרמים,750.00,100 גרם,false,,16.90,2.2533,true,1,35510
7290016980004,false,בטטה סגולה מארז,,,בטטה סגולה מארז,יח',1.00,יח',false,,9.90,9.9000,true,1,51007
7290016998184,false,עלי חסה ערבית שטופה,,,עלי חסה ערבית שטופה,גרמים,250.00,100 גרם,false,,10.90,4.3600,true,1,119215
7290016998191,false,מיקס עלי ביבי 120 גר,,,מיקס עלי ביבי 120 גר,גרמים,120.00,100 גרם,false,,8.90,7.4167,true,1,119216
7290016998269,false,לקט קולסלאו 400 גר,,,לקט קולסלאו 400 גר,גרמים,400.00,100 גרם,false,,7.90,1.9750,true,1,119222
7290016998276,false,גזר חתוך דק 250 גר,,,גזר חתוך דק 250 גר,גרמים,250.00,100 גרם,false,,6.90,2.7600,true,1,119223
7290016998320,false,לבבות קיסר  מארז,,,לבבות קיסר  מארז,יח',1.00,יח',false,,11.90,11.9000,true,1,119228
7290017023212,false,רביעיית משקה שוופס ב,,,רביעיית משקה שוופס ב,ליטרים,1.32,ליטר,false,,13.90,10.5303,true,1,11730
7290017023236,false,רביעיית משקה שוופס ב,,,רביעיית משקה שוופס ב,ליטרים,1.32,ליטר,false,,13.90,10.5303,true,1,11732
7290017023663,false,רביעיית משקה שוופס ל,,,רביעיית משקה שוופס ל,ליטרים,1.32,ליטר,false,,13.90,10.5303,true,1,11747
7290017023854,false,"שוופס סודה 250 מ""ל ר",,,"שוופס סודה 250 מ""ל ר",ליטרים,1.00,ליטר,false,,9.90,9.9000,true,1,11756
7290017031705,false,משחת שיניים קלין&פרש,,,משחת שיניים קלין&פרש,מיליליטרים,75.00,"100 מ""ל",false,,21.90,29.2000,true,1,4049
7290017058573,false,פרוסות פלפל חלפיניו,,,פרוסות פלפל חלפיניו,גרמים,340.00,100 גרם,false,,8.90,2.6176,true,1,25206
7290017058689,false,זית שחור טבעי תומר 4,,,זית שחור טבעי תומר 4,גרמים,400.00,100 גרם,false,,14.90,3.7250,true,1,25209
7290017062686,false,מרכך כביסה מרוכז טאצ,,,מרכך כביסה מרוכז טאצ,ליטרים,1.00,ליטר,false,,12.90,12.9000,true,1,95775
7290017062693,false,מרכך כביסה מרוכז טאצ,,,מרכך כביסה מרוכז טאצ,ליטרים,1.00,ליטר,false,,12.90,12.9000,true,1,95776
7290017062723,false,מרכך כביסה מרוכז טאצ,,,מרכך כביסה מרוכז טאצ,ליטרים,1.00,ליטר,false,,12.90,12.9000,true,1,95777
7290017062747,false,נוזל כלים תפוח 36% 7,,,נוזל כלים תפוח 36% 7,מיליליטרים,750.00,"100 מ""ל",false,,8.90,1.1867,true,1,89260
7290017062754,false,נוזל כלים לימון 36%,,,נוזל כלים לימון 36%,מיליליטרים,750.00,"100 מ""ל",false,,8.90,1.1867,true,1,90251
7290017065007,false,מוצרלה פרוסה  חצי קש,,,מוצרלה פרוסה  חצי קש,גרמים,200.00,100 גרם,false,,17.90,8.9500,true,1,14721
7290017065137,false,גבינה ריקוטה למריחה,,,גבינה ריקוטה למריחה,גרמים,200.00,100 גרם,false,,9.90,4.9500,true,1,14724
7290017065144,false,גבינה ריקוטה למריחה,,,גבינה ריקוטה למריחה,גרמים,200.00,100 גרם,false,,9.90,4.9500,true,1,14725
7290017065212,false,קרם מסקרפונה להקצפה,,,קרם מסקרפונה להקצפה,גרמים,250.00,100 גרם,false,,17.90,7.1600,true,1,14730
7290017065236,false,בולגרית מעודנת 24% 2,,,בולגרית מעודנת 24% 2,גרמים,250.00,100 גרם,false,,21.90,8.7600,true,1,14731
7290017065380,false,גרנה פדנו שבבים 100,,,גרנה פדנו שבבים 100,גרמים,100.00,100 גרם,false,,13.90,13.9000,true,1,14737
7290017065434,false,גד פרוסות גאודה 200,,,גד פרוסות גאודה 200,גרמים,200.00,100 גרם,false,,19.90,9.9500,true,1,14740
7290017065526,false,גד קוואטרו פורמאג'י,,,גד קוואטרו פורמאג'י,גרמים,300.00,100 גרם,false,,28.90,9.6333,true,1,14748
7290017065663,false,גבינת פטה עיזים מעוד,,,גבינת פטה עיזים מעוד,גרמים,250.00,100 גרם,false,,30.90,12.3600,true,1,93651
7290017065731,false,גבינת שמנת ניו יורק,,,גבינת שמנת ניו יורק,גרמים,200.00,100 גרם,false,,12.90,6.4500,true,1,115451
7290017065786,false,גבינה אנגלית קשה צ'ד,,,גבינה אנגלית קשה צ'ד,גרמים,210.00,100 גרם,false,,18.90,9.0000,true,1,184114
7290017068350,false,עדשים שחורות בלוגה מ,,,עדשים שחורות בלוגה מ,גרמים,500.00,100 גרם,false,,7.90,1.5800,true,1,192728
7290017068367,false,מיה שמרים בוואקום 12,,,מיה שמרים בוואקום 12,גרמים,125.00,100 גרם,false,,4.90,3.9200,true,1,15283
7290017068374,false,מיה שמרים בוואקום 50,,,מיה שמרים בוואקום 50,גרמים,500.00,100 גרם,false,,10.90,2.1800,true,1,15284
7290017068886,false,ג'לי דובונים מיה 350,,,ג'לי דובונים מיה 350,גרמים,350.00,100 גרם,false,,14.90,4.2571,true,1,191460
7290017068930,false,ג'לי בינס חמוצמוץ מי,,,ג'לי בינס חמוצמוץ מי,גרמים,350.00,100 גרם,false,,14.90,4.2571,true,1,191496
7290017088105,false,ביייביסיטר נוחות מיד,,,ביייביסיטר נוחות מיד,יח',40.00,יח',false,,34.90,0.8725,true,1,29565
7290017088112,false,ביייביסיטר נוחות מיד,,,ביייביסיטר נוחות מיד,יח',36.00,יח',false,,34.90,0.9694,true,1,29566
7290017088129,false,ביייביסיטר נוחות מיד,,,ביייביסיטר נוחות מיד,יח',40.00,יח',false,,34.90,0.8725,true,1,29567
7290017088631,false,מגבון Tooly רביעייה,,,מגבון Tooly רביעייה,יחידה,0.00,יחידה,false,,9.90,0.0000,true,1,59562
7290017088693,false,מגבונים לניקוי וחיטו,,,מגבונים לניקוי וחיטו,יח',10.00,יח',false,,9.90,0.9900,true,1,29571
7290017088778,false,ג'ל ידיים אלכו-קר בש,,,ג'ל ידיים אלכו-קר בש,מיליליטרים,100.00,"100 מ""ל",false,,10.90,10.9000,true,1,60756
7290017088822,false,תחבושות Breeze לבריח,,,תחבושות Breeze לבריח,יח',12.00,יח',false,,18.90,1.5750,true,1,123288
7290017088839,false,תחבושות Breeze לבריח,,,תחבושות Breeze לבריח,יח',12.00,יח',false,,18.90,1.5750,true,1,122735
7290017088846,false,תחבושות Breeze לבריח,,,תחבושות Breeze לבריח,יח',12.00,יח',false,,18.90,1.5750,true,1,122736
7290017088877,false,תחתונים סופגים Breez,,,תחתונים סופגים Breez,יח',14.00,יח',false,,74.90,5.3500,true,1,122831
7290017088914,false,מגבונים מבושם בייביס,,,מגבונים מבושם בייביס,יחידה,0.00,יחידה,false,,16.90,0.0000,true,1,84709
7290017088969,false,חיתולי בייביסיטר  NB,,,חיתולי בייביסיטר  NB,יחידה,0.00,יחידה,false,,29.90,0.0000,true,1,160888
7290017088983,false,חיתולי בייביסיטר  NB,,,חיתולי בייביסיטר  NB,יחידה,0.00,יחידה,false,,29.90,0.0000,true,1,160889
7290017094199,false,מעדן חצילים  200 גרם,,,מעדן חצילים  200 גרם,גרמים,200.00,100 גרם,false,,10.90,5.4500,true,1,112714
7290017094847,false,סלט תפוח אדמה אסלי 4,,,סלט תפוח אדמה אסלי 4,גרמים,400.00,100 גרם,false,,10.90,2.7250,true,1,17830
7290017094854,false,סלט קולסאו אסלי 400,,,סלט קולסאו אסלי 400,גרמים,400.00,100 גרם,false,,10.90,2.7250,true,1,17668
7290017094861,false,חומוס עם רוטב מסבחה,,,חומוס עם רוטב מסבחה,גרמים,400.00,100 גרם,false,,10.90,2.7250,true,1,17831
7290017105048,false,טבעות ירוקים זיתים י,,,טבעות ירוקים זיתים י,גרמים,200.00,100 גרם,false,,11.90,5.9500,true,1,65868
7290017105468,false,אפונה יכין 3*120 גרם,,,אפונה יכין 3*120 גרם,גרמים,360.00,100 גרם,false,,13.90,3.8611,true,1,8760
7290017105550,false,מאגדת רסק עגבניות יכ,,,מאגדת רסק עגבניות יכ,גרמים,400.00,100 גרם,false,,11.90,2.9750,true,1,8761
7290017105895,false,גרגרי חומוס מסעדות י,,,גרגרי חומוס מסעדות י,גרמים,550.00,100 גרם,false,,9.90,1.8000,true,1,73360
7290017121048,false,ממרח פלפל צ'ומה עללח,,,ממרח פלפל צ'ומה עללח,גרמים,250.00,100 גרם,false,,14.90,5.9600,true,1,23397
7290017121093,false,ממרח אריסה חריפה עלל,,,ממרח אריסה חריפה עלל,גרמים,250.00,100 גרם,false,,14.90,5.9600,true,1,23398
7290017142005,false,שמן קוקוס אורגני כתי,,,שמן קוקוס אורגני כתי,מיליליטרים,320.00,"100 מ""ל",false,,30.90,9.6562,true,1,29369
7290017142128,false,שמן זית כתית מעולה ק,,,שמן זית כתית מעולה ק,מיליליטרים,750.00,"100 מ""ל",false,,33.90,4.5200,true,1,29377
7290017142159,false,נתחי טונה בהירה בשמן,,,נתחי טונה בהירה בשמן,גרמים,240.00,100 גרם,false,,23.90,9.9583,true,1,29378
7290017142166,false,פילה טונה פרוס עם בש,,,פילה טונה פרוס עם בש,גרמים,120.00,100 גרם,false,,14.90,12.4167,true,1,29379
7290017142203,false,פילה טונה פרוס עם בש,,,פילה טונה פרוס עם בש,גרמים,120.00,100 גרם,false,,14.90,12.4167,true,1,29381
7290017142340,false,שמן זרעי ענבים מזוכך,,,שמן זרעי ענבים מזוכך,ליטרים,1.00,ליטר,false,,29.90,29.9000,true,1,29390
7290017142388,false,שמן חמניות פלוס אומג,,,שמן חמניות פלוס אומג,ליטרים,1.00,ליטר,false,,15.90,15.9000,true,1,29394
7290017142395,false,פסטה עם טונה בשמן זי,,,פסטה עם טונה בשמן זי,גרמים,160.00,100 גרם,false,,13.90,8.6875,true,1,29395
7290017142401,false,קינואה לבנה ואדומה ע,,,קינואה לבנה ואדומה ע,גרמים,160.00,100 גרם,false,,13.90,8.6875,true,1,86381
7290017142500,false,תרסיס שמן זית כתית ב,,,תרסיס שמן זית כתית ב,מיליליטרים,150.00,"100 מ""ל",false,,19.90,13.2667,true,1,236298
7290017142623,false,תרסיס שמן זית כתית ב,,,תרסיס שמן זית כתית ב,מיליליטרים,150.00,"100 מ""ל",false,,19.90,13.2667,true,1,236300
7290017217338,false,נרות חימום ריחניים ב,,,נרות חימום ריחניים ב,יחידה,0.00,יחידה,false,,12.90,0.0000,true,1,239425
7290017217437,false,סבון אסלה מבושם בניח,,,סבון אסלה מבושם בניח,יחידה,0.00,יחידה,false,,11.90,0.0000,true,1,236775
7290017266725,false,חטיף וופל  קראנצ' במ,,,חטיף וופל  קראנצ' במ,גרמים,480.00,100 גרם,false,,17.90,3.7292,true,1,90915
7290017275413,false,מיני קצפיות בטעם וני,,,מיני קצפיות בטעם וני,גרמים,140.00,100 גרם,false,,8.90,6.3571,true,1,200915
7290017275420,false,מיני קצפיות בטעם תות,,,מיני קצפיות בטעם תות,גרמים,140.00,100 גרם,false,,8.90,6.3571,true,1,200916
7290017275437,false,מיני קצפיות בטעם פיר,,,מיני קצפיות בטעם פיר,גרמים,140.00,100 גרם,false,,8.90,6.3571,true,1,200917
7290017303802,false,"מלוואח 600 גרם כשל""פ",,,"מלוואח 600 גרם כשל""פ",גרמים,600.00,100 גרם,false,,21.90,3.6500,true,1,51646
7290017304885,false,לחם שיפון וחיטה מלאה,,,לחם שיפון וחיטה מלאה,גרמים,750.00,100 גרם,false,,16.90,2.2533,true,1,35516
7290017374390,false,סט לשרותים TORINO  (,,,סט לשרותים TORINO  (,יחידה,0.00,יחידה,false,,24.90,0.0000,true,1,13589
7290017374925,false,מטאטא אמור AMORE,,,מטאטא אמור AMORE,יחידה,0.00,יחידה,false,,19.90,0.0000,true,1,253583
7290017440286,false,"ד""ר פישר מרכך קידס 7",,,"ד""ר פישר מרכך קידס 7",מיליליטרים,750.00,"100 מ""ל",false,,16.90,2.2533,true,1,29328
7290017440309,false,"ד""ר פישר שמפו קידס 7",,,"ד""ר פישר שמפו קידס 7",מיליליטרים,750.00,"100 מ""ל",false,,16.90,2.2533,true,1,29329
7290017457574,false,סוד סבון 4 כדוריות ל,,,סוד סבון 4 כדוריות ל,גרמים,150.00,100 גרם,false,,16.90,11.2667,true,1,34935
7290017457581,false,מרכך כביסה מרוכז סוד,,,מרכך כביסה מרוכז סוד,מיליליטרים,900.00,"100 מ""ל",false,,9.90,1.1000,true,1,34936
7290017457628,false,ג'ל כביסה  סוד כחול,,,ג'ל כביסה  סוד כחול,ליטרים,2.50,ליטר,false,,24.90,9.9600,true,1,65979
7290017457703,false,מרכך כביסה מרוכז סוד,,,מרכך כביסה מרוכז סוד,מיליליטרים,900.00,"100 מ""ל",false,,9.90,1.1000,true,1,34943
7290017457727,false,מרכך כביסה מרוכז סוד,,,מרכך כביסה מרוכז סוד,מיליליטרים,900.00,"100 מ""ל",false,,9.90,1.1000,true,1,34945
7290017457871,false,ג'ל כביסה סוד ירוק 4,,,ג'ל כביסה סוד ירוק 4,ליטרים,4.00,ליטר,false,,34.90,8.7250,true,1,65980
7290017457925,false,מרכך כביסה מרוכז סוד,,,מרכך כביסה מרוכז סוד,מיליליטרים,900.00,"100 מ""ל",false,,9.90,1.1000,true,1,89482
7290017457932,false,מרכך כביסה מרוכז סוד,,,מרכך כביסה מרוכז סוד,מיליליטרים,900.00,"100 מ""ל",false,,9.90,1.1000,true,1,89483
7290017477169,false,קשיו קלוי ששון הקולה,,,קשיו קלוי ששון הקולה,גרמים,250.00,100 גרם,false,,20.00,8.0000,true,1,4898
7290017589565,false,"קלאסיק גוורץ 750 מ""ל",,,"קלאסיק גוורץ 750 מ""ל",מיליליטרים,750.00,"100 מ""ל",false,,32.90,4.3867,true,1,9556
7290017589633,false,יין רזרב קברנה גולד,,,יין רזרב קברנה גולד,מיליליטרים,750.00,"100 מ""ל",false,,48.90,6.5200,true,1,9557
7290017599250,false,סוכרזית קלאסי ממתיק,,,סוכרזית קלאסי ממתיק,גרמים,120.00,100 גרם,false,,16.90,14.0833,true,1,252684
7290017599267,false,סוכרזית סוכרלוז ממתי,,,סוכרזית סוכרלוז ממתי,גרמים,120.00,100 גרם,false,,24.90,20.7500,true,1,255364
7290017616490,false,פילה ברבוניה ארוז 40,,,פילה ברבוניה ארוז 40,גרמים,400.00,100 גרם,false,,29.90,7.4750,true,1,106054
7290017616902,false,שעועית ירוקה שלמה עד,,,שעועית ירוקה שלמה עד,גרמים,800.00,100 גרם,false,,7.20,0.9000,true,1,125225
7290017617046,false,טונה בשמן זית סטארקי,,,טונה בשמן זית סטארקי,גרמים,560.00,100 גרם,false,,24.90,4.4464,true,1,26719
7290017617107,false,סטארקיסט מיקס 185 גר,,,סטארקיסט מיקס 185 גר,גרמים,185.00,100 גרם,false,,12.90,6.9730,true,1,166175
7290017637563,false,שמפו CURLS לתלתלים מ,,,שמפו CURLS לתלתלים מ,מיליליטרים,500.00,"100 מ""ל",false,,24.90,4.9800,true,1,225563
7290017637570,false,מרכך CURLS לשיער מתו,,,מרכך CURLS לשיער מתו,מיליליטרים,500.00,"100 מ""ל",false,,24.90,4.9800,true,1,221167
7290017637624,false,שמפו לשיער רגיל  500,,,שמפו לשיער רגיל  500,מיליליטרים,500.00,"100 מ""ל",false,,24.90,4.9800,true,1,221119
7290017637655,false,שמפו KERATIN ללא מלח,,,שמפו KERATIN ללא מלח,מיליליטרים,500.00,"100 מ""ל",false,,29.90,5.9800,true,1,221170
7290017637761,false,מרכך  KERATIN ללא מל,,,מרכך  KERATIN ללא מל,מיליליטרים,500.00,"100 מ""ל",false,,29.90,5.9800,true,1,260683
7290017647425,false,יין גמלא קברנה סובינ,,,יין גמלא קברנה סובינ,מיליליטרים,750.00,"100 מ""ל",false,,65.90,8.7867,true,1,74943
7290017677804,false,קיקומן רוטב סויה ללא,,,קיקומן רוטב סויה ללא,מיליליטרים,444.00,"100 מ""ל",false,,19.90,4.4820,true,1,5347
7290017682099,false,מקל טיטניום 1.3 מטר,,,מקל טיטניום 1.3 מטר,יחידה,0.00,יחידה,false,,5.90,0.0000,true,1,52004
7290017682334,false,מטאטא ריץ' RICH,,,מטאטא ריץ' RICH,יחידה,0.00,יחידה,false,,17.90,0.0000,true,1,253595
7290017682525,false,ספוג לניקוי והברקה ו,,,ספוג לניקוי והברקה ו,יחידה,0.00,יחידה,false,,7.90,0.0000,true,1,88530
7290017682617,false,מגב קלינג CLING עם ת,,,מגב קלינג CLING עם ת,יחידה,0.00,יחידה,false,,15.90,0.0000,true,1,13590
7290017682624,false,מגב קלינג CLING עם ת,,,מגב קלינג CLING עם ת,יחידה,0.00,יחידה,false,,18.90,0.0000,true,1,253664
7290017682938,false,מטליות  אנטיבקטריאלי,,,מטליות  אנטיבקטריאלי,יח',1.00,יח',false,,5.90,5.9000,true,1,88049
7290017715346,false,זית שחור טאסוס תומר,,,זית שחור טאסוס תומר,גרמים,400.00,100 גרם,false,,14.90,3.7250,true,1,25221
7290017715407,false,זית שחור עם פלפל חרי,,,זית שחור עם פלפל חרי,גרמים,400.00,100 גרם,false,,14.90,3.7250,true,1,25222
7290017715537,false,שימורי שעועית אפויה,,,שימורי שעועית אפויה,גרמים,580.00,100 גרם,false,,4.90,0.8448,true,1,25228
7290017724003,false,עוגיות גרסיני אקלר 2,,,עוגיות גרסיני אקלר 2,גרמים,250.00,100 גרם,false,,23.90,9.5600,true,1,191377
7290017724041,false,עוגיות תותי פרוטי אק,,,עוגיות תותי פרוטי אק,גרמים,200.00,100 גרם,false,,23.90,11.9500,true,1,191285
7290017724065,false,"עוגיות מעדן תפו""ע וא",,,"עוגיות מעדן תפו""ע וא",גרמים,250.00,100 גרם,false,,23.90,9.5600,true,1,191332
7290017724072,false,עוגיות רולדה שוקו/תמ,,,עוגיות רולדה שוקו/תמ,גרמים,200.00,100 גרם,false,,23.90,11.9500,true,1,191333
7290017724119,false,עוגיות אוזניים אקלר,,,עוגיות אוזניים אקלר,גרמים,200.00,100 גרם,false,,23.90,11.9500,true,1,191378
7290017724140,false,עוגיות שושנים אקלר 2,,,עוגיות שושנים אקלר 2,גרמים,200.00,100 גרם,false,,23.90,11.9500,true,1,191288
7290017724294,false,עוגיות גרנולה צ'יפס,,,עוגיות גרנולה צ'יפס,גרמים,200.00,100 גרם,false,,23.90,11.9500,true,1,191426
7290017812052,false,אקסלנס שיראז קברנה ס,,,אקסלנס שיראז קברנה ס,מיליליטרים,750.00,"100 מ""ל",false,,25.90,3.4533,true,1,641
7290017812069,false,אקסלנס ריזלינג שרדונ,,,אקסלנס ריזלינג שרדונ,מיליליטרים,750.00,"100 מ""ל",false,,25.90,3.4533,true,1,642
7290017812380,false,תירוש מיץ ענבים אדום,,,תירוש מיץ ענבים אדום,מיליליטרים,750.00,"100 מ""ל",false,,12.90,1.7200,true,1,649
7290017812571,false,תירוש מיץ ענבים אדום,,,תירוש מיץ ענבים אדום,ליטרים,1.00,ליטר,false,,19.90,19.9000,true,1,52364
7290017812588,false,תירוש מיץ ענבים לבן,,,תירוש מיץ ענבים לבן,ליטרים,1.00,ליטר,false,,19.90,19.9000,true,1,52534
7290017812656,false,תירוש אדום מבעבע יקב,,,תירוש אדום מבעבע יקב,מיליליטרים,750.00,"100 מ""ל",false,,20.90,2.7867,true,1,141077
7290017812830,false,יין רוזה פרייבט קולק,,,יין רוזה פרייבט קולק,מיליליטרים,750.00,"100 מ""ל",false,,39.90,5.3200,true,1,141034
7290017812847,false,סלקטד פרנץ קולומברד,,,סלקטד פרנץ קולומברד,מיליליטרים,750.00,"100 מ""ל",false,,29.90,3.9867,true,1,98388
7290017812861,false,יין וינו לבן יבש יקב,,,יין וינו לבן יבש יקב,מיליליטרים,750.00,"100 מ""ל",false,,21.90,2.9200,true,1,141056
7290017871363,true,סבון ידיים מועשר בשמ,,,סבון ידיים מועשר בשמ,מיליליטרים,500.00,"100 מ""ל",false,,9.90,1.9800,true,1,6054
7290017872056,false,פמלי אל סבון סידרה ל,,,פמלי אל סבון סידרה ל,מיליליטרים,500.00,"100 מ""ל",false,,14.90,2.9800,true,1,68364
7290017872957,false,מכשיר גילוח  אדג'+ 3,,,מכשיר גילוח  אדג'+ 3,יחידה,0.00,יחידה,false,,54.90,0.0000,true,1,223127
7290017873039,false,גלילונית שקיות אוכל,,,גלילונית שקיות אוכל,יחידה,0.00,יחידה,false,,10.90,0.0000,true,1,171864
7290017873169,false,תחליב רחצה לטיפוח עו,,,תחליב רחצה לטיפוח עו,מיליליטרים,500.00,"100 מ""ל",false,,9.90,1.9800,true,1,207379
7290017888095,false,רביעיית מ.עדין שוופס,,,רביעיית מ.עדין שוופס,ליטרים,1.32,ליטר,false,,9.90,7.5000,true,1,11773
7290017888101,false,רביעיית מ.עדין שוופס,,,רביעיית מ.עדין שוופס,ליטרים,1.32,ליטר,false,,9.90,7.5000,true,1,11774
7290017888729,false,שוופס סודה 1 ליטר,,,שוופס סודה 1 ליטר,ליטרים,1.00,ליטר,false,,4.50,4.5000,true,1,64445
7290017894041,false,דגש פתיתי שיבולת שוע,,,דגש פתיתי שיבולת שוע,גרמים,400.00,100 גרם,false,,19.90,4.9750,true,1,91284
7290017928036,false,מקלות גריסיני שומשום,,,מקלות גריסיני שומשום,גרמים,175.00,100 גרם,false,,11.90,6.8000,true,1,5348
7290017928043,false,גריסיני קראנץ' מלח מ,,,גריסיני קראנץ' מלח מ,גרמים,175.00,100 גרם,false,,11.90,6.8000,true,1,5349
7290017928098,false,בייגלה שטוח מלח מאיר,,,בייגלה שטוח מלח מאיר,גרמים,330.00,100 גרם,false,,11.90,3.6061,true,1,157885
7290017928432,false,גריסיני קראנץ' פרג מ,,,גריסיני קראנץ' פרג מ,גרמים,175.00,100 גרם,false,,11.90,6.8000,true,1,5357
7290017928463,false,שברי בייגלה דבש חרדל,,,שברי בייגלה דבש חרדל,גרמים,300.00,100 גרם,false,,12.90,4.3000,true,1,102876
7290017928524,false,בייגלה שטוח ניגובים,,,בייגלה שטוח ניגובים,גרמים,300.00,100 גרם,false,,11.90,3.9667,true,1,161267
7290017928616,false,שטוחלה שומשום מאיר ב,,,שטוחלה שומשום מאיר ב,גרמים,300.00,100 גרם,false,,11.90,3.9667,true,1,5360
7290017928661,false,שברי בייגלה בטעם צ'ד,,,שברי בייגלה בטעם צ'ד,גרמים,300.00,100 גרם,false,,12.90,4.3000,true,1,103004
7290017928722,false,בייגלה שטוח ניגובים,,,בייגלה שטוח ניגובים,גרמים,300.00,100 גרם,false,,11.90,3.9667,true,1,161256
7290017928746,false,פירורי בייגלה מאיר ב,,,פירורי בייגלה מאיר ב,גרמים,200.00,100 גרם,false,,6.90,3.4500,true,1,200688
7290017928807,false,אצבעות שומשום מאיר ב,,,אצבעות שומשום מאיר ב,גרמים,300.00,100 גרם,false,,11.90,3.9667,true,1,5363
7290017928821,false,מקלות גריסיני קלאסי,,,מקלות גריסיני קלאסי,גרמים,200.00,100 גרם,false,,11.90,5.9500,true,1,5365
7290017932088,false,גאלה תחתית אפויה לפא,,,גאלה תחתית אפויה לפא,גרמים,170.00,100 גרם,false,,11.90,7.0000,true,1,123762
7290017941226,false,מזלגות 40 יח' עבה במ,,,מזלגות 40 יח' עבה במ,יחידה,0.00,יחידה,false,,7.90,0.0000,true,1,107447
7290017941233,false,סכינים 40 יח' עבה במ,,,סכינים 40 יח' עבה במ,יחידה,0.00,יחידה,false,,7.90,0.0000,true,1,107433
7290017941257,false,כפות 40 יח' עבה במיו,,,כפות 40 יח' עבה במיו,יחידה,0.00,יחידה,false,,7.90,0.0000,true,1,107435
7290017941264,false,מזלגות 40 יח' עבה במ,,,מזלגות 40 יח' עבה במ,יחידה,0.00,יחידה,false,,7.90,0.0000,true,1,107436
7290017941271,false,סכינים 40 יח' עבה אי,,,סכינים 40 יח' עבה אי,יחידה,0.00,יחידה,false,,7.90,0.0000,true,1,107437
7290017941288,false,נר נשמה 24 שעות,,,נר נשמה 24 שעות,יחידה,0.00,יחידה,false,,1.90,0.0000,true,1,136965
7290017941301,false,נר נשמה 48 שעות בזכו,,,נר נשמה 48 שעות בזכו,יחידה,0.00,יחידה,false,,4.90,0.0000,true,1,136966
7290017941332,false,נרונים 66 יח' 6 שעות,,,נרונים 66 יח' 6 שעות,יחידה,0.00,יחידה,false,,24.90,0.0000,true,1,146193
7290017941370,false,להבונים 50 יח' 3 שעו,,,להבונים 50 יח' 3 שעו,יחידה,0.00,יחידה,false,,9.90,0.0000,true,1,136979
7290017941394,false,נייר סנדוויץ 100 יח',,,נייר סנדוויץ 100 יח',יחידה,0.00,יחידה,false,,9.90,0.0000,true,1,115882
7290017941400,false,כוסות 4OZ אספרסו 50,,,כוסות 4OZ אספרסו 50,יחידה,0.00,יחידה,false,,9.90,0.0000,true,1,128123
7290017941455,false,כוסות 9oz לשתיה חמה,,,כוסות 9oz לשתיה חמה,יחידה,0.00,יחידה,false,,14.90,0.0000,true,1,118845
7290017941462,false,כוסות שתיה חמה 8B  י,,,כוסות שתיה חמה 8B  י,יחידה,0.00,יחידה,false,,9.90,0.0000,true,1,112733
7290017941516,false,שקיות זיפר S לאחסון-,,,שקיות זיפר S לאחסון-,יחידה,0.00,יחידה,false,,6.90,0.0000,true,1,125399
7290017941523,false,שקיות זיפר L לאחסון-,,,שקיות זיפר L לאחסון-,יחידה,0.00,יחידה,false,,7.90,0.0000,true,1,125400
7290017941547,false,"צלחת 1 ק""ג קרם WIZ",,,"צלחת 1 ק""ג קרם WIZ",קילוגרמים,1.00,"ק""ג",false,,37.90,37.9000,true,1,101415
7290017941608,false,קערות אובליות לבן 50,,,קערות אובליות לבן 50,יחידה,0.00,יחידה,false,,10.90,0.0000,true,1,106985
7290017941646,false,מטליות מיקרופייבר למ,,,מטליות מיקרופייבר למ,יחידה,0.00,יחידה,false,,8.90,0.0000,true,1,109135
7290017941660,false,מארז תבניות לחלה עבו,,,מארז תבניות לחלה עבו,יחידה,0.00,יחידה,false,,12.90,0.0000,true,1,106956
7290017941684,false,מארז תבניות רוסטר ענ,,,מארז תבניות רוסטר ענ,יחידה,0.00,יחידה,false,,12.90,0.0000,true,1,106946
7290017941691,false,מפת שולחן מהודרת 270,,,מפת שולחן מהודרת 270,יחידה,0.00,יחידה,false,,8.90,0.0000,true,1,136991
7290017941707,false,זוג מפות אירוח 120*1,,,זוג מפות אירוח 120*1,יחידה,0.00,יחידה,false,,7.90,0.0000,true,1,136992
7290017941745,false,מארז צלחות מהודר 20+,,,מארז צלחות מהודר 20+,יחידה,0.00,יחידה,false,,55.90,0.0000,true,1,103874
7290017941769,false,מארז צלחות מהודר 20+,,,מארז צלחות מהודר 20+,יחידה,0.00,יחידה,false,,55.90,0.0000,true,1,104615
7290017941790,false,ניילון נצמד 30*30 עם,,,ניילון נצמד 30*30 עם,מטרים,30.00,מטר,false,,8.90,0.2967,true,1,136980
7290017941820,false,כוסות שתיה קרה  כחול,,,כוסות שתיה קרה  כחול,יחידה,0.00,יחידה,false,,13.90,0.0000,true,1,101416
7290017941837,false,כוסות יהלום 40 יח' W,,,כוסות יהלום 40 יח' W,יחידה,0.00,יחידה,false,,9.90,0.0000,true,1,102208
7290017941875,false,קערת פלסטיק עגולה 9.,,,קערת פלסטיק עגולה 9.,יחידה,0.00,יחידה,false,,8.90,0.0000,true,1,101430
7290017941905,false,קיסמים במלחיה 300 יח,,,קיסמים במלחיה 300 יח,יחידה,0.00,יחידה,false,,2.90,0.0000,true,1,109120
7290017941912,false,שיפודי במבוק עובי 5,,,שיפודי במבוק עובי 5,יחידה,0.00,יחידה,false,,5.90,0.0000,true,1,109121
7290017941929,false,"שיפודי יקטורי 18 ס""מ",,,"שיפודי יקטורי 18 ס""מ",יחידה,0.00,יחידה,false,,7.90,0.0000,true,1,109122
7290017941943,false,שיפודי במבוק עובי 3,,,שיפודי במבוק עובי 3,יחידה,0.00,יחידה,false,,2.90,0.0000,true,1,109123
7290017941981,false,כוסות 12OZ לשתייה חמ,,,כוסות 12OZ לשתייה חמ,יחידה,0.00,יחידה,false,,16.90,0.0000,true,1,205687
7290017946368,false,סוד כדוריות לאסלה P.,,,סוד כדוריות לאסלה P.,גרמים,150.00,100 גרם,false,,16.90,11.2667,true,1,98003
7290017947105,false,לחם בסגנון אמריקה אנ,,,לחם בסגנון אמריקה אנ,גרמים,500.00,100 גרם,false,,14.90,2.9800,true,1,35517
7290017947464,false,שמיניית פיתות כוסמין,,,שמיניית פיתות כוסמין,גרמים,400.00,100 גרם,false,,15.90,3.9750,true,1,82672
7290017947495,false,6 לחמניות כוסמין אנג,,,6 לחמניות כוסמין אנג,גרמים,450.00,100 גרם,false,,15.90,3.5333,true,1,93804
7290017947891,false,לחם כוסמין וחיטה מלא,,,לחם כוסמין וחיטה מלא,גרמים,750.00,100 גרם,false,,16.90,2.2533,true,1,35518
7290017947921,true,מארז לחמניות המבורגר,,,מארז לחמניות המבורגר,גרמים,450.00,100 גרם,false,,14.90,3.3111,true,1,65685
7290017947938,false,8 לחמניות המבורגר בס,,,8 לחמניות המבורגר בס,גרמים,4000.00,100 גרם,false,,14.90,0.3725,true,1,94215
7290018023013,false,זיתים סורי שבור סבא,,,זיתים סורי שבור סבא,גרמים,215.00,100 גרם,false,,10.90,5.0698,true,1,52351
7290018023044,false,זיתים לימון כבוש סבא,,,זיתים לימון כבוש סבא,גרמים,215.00,100 גרם,false,,10.90,5.0698,true,1,52354
7290018045084,false,דגנים במילוי קרם ברא,,,דגנים במילוי קרם ברא,גרמים,480.00,100 גרם,false,,23.90,4.9792,true,1,183096
7290018045893,false,דגנים במילוי קרם נוג,,,דגנים במילוי קרם נוג,גרמים,480.00,100 גרם,false,,23.90,4.9792,true,1,183099
7290018071205,false,כפפות ניטרו-V כחולות,,,כפפות ניטרו-V כחולות,יחידה,0.00,יחידה,false,,19.90,0.0000,true,1,212530
7290018071212,false,כפפות ניטרו-V כחולות,,,כפפות ניטרו-V כחולות,יחידה,0.00,יחידה,false,,19.90,0.0000,true,1,212531
7290018071229,false,כפפות ניטרו-V כחולות,,,כפפות ניטרו-V כחולות,יחידה,0.00,יחידה,false,,19.90,0.0000,true,1,212532
7290018071571,false,פדים אובליים להסרת א,,,פדים אובליים להסרת א,יחידה,0.00,יחידה,false,,7.90,0.0000,true,1,262214
7290018091272,false,בצק עוגיות טריפל שוק,,,בצק עוגיות טריפל שוק,גרמים,300.00,100 גרם,false,,16.90,5.6333,true,1,214649
7290018091616,false,מקלות פילו גבינה 450,,,מקלות פילו גבינה 450,גרמים,450.00,100 גרם,false,,14.90,3.3111,true,1,72418
7290018098486,false,פיצה משפחתית מרגריטה,,,פיצה משפחתית מרגריטה,גרמים,350.00,100 גרם,false,,21.90,6.2571,true,1,231964
7290018098578,false,המבורגר 230 גרם BEEF,,,המבורגר 230 גרם BEEF,גרמים,230.00,100 גרם,false,,21.90,9.5217,true,1,231941
7290018131251,false,אקסטרים מטבע שוקולד,,,אקסטרים מטבע שוקולד,יחידה,0.00,יחידה,false,,9.90,0.0000,true,1,60225
7290018131640,false,קראנץ בלונד עם ליבת,,,קראנץ בלונד עם ליבת,גרמים,100.00,100 גרם,false,,9.90,9.9000,true,1,122294
7290018132388,false,מטרנה גולד בדץ שלב 2,,,מטרנה גולד בדץ שלב 2,גרמים,700.00,100 גרם,false,,75.90,10.8429,true,1,238198
7290018156124,false,"אל סבון קמיל 500 מ""ל",,,"אל סבון קמיל 500 מ""ל",ליטרים,1.50,ליטר,false,,19.90,13.2667,true,1,98432
7290018165010,false,יין רזרב גוורצטרמינר,,,יין רזרב גוורצטרמינר,מיליליטרים,750.00,"100 מ""ל",false,,48.90,6.5200,true,1,9558
7290018165447,false,יין רזרב גולד מרלו 7,,,יין רזרב גולד מרלו 7,מיליליטרים,750.00,"100 מ""ל",false,,48.90,6.5200,true,1,97033
7290018194201,false,סודה ספארק בטעם לימו,,,סודה ספארק בטעם לימו,מיליליטרים,250.00,"100 מ""ל",false,,2.90,1.1600,true,1,164784
7290018194355,false,משקה מוגז פליי בטעם,,,משקה מוגז פליי בטעם,מיליליטרים,250.00,"100 מ""ל",false,,2.90,1.1600,true,1,262773
7290018213100,false,דלי מגבונים לניקוי ו,,,דלי מגבונים לניקוי ו,יחידה,0.00,יחידה,false,,24.90,0.0000,true,1,84699
7290018213247,false,מטליות לרצפה בניחוח,,,מטליות לרצפה בניחוח,יח',10.00,יח',false,,8.90,0.8900,true,1,68001
7290018213339,false,מארז 4 כריות יפניות+,,,מארז 4 כריות יפניות+,יחידה,0.00,יחידה,false,,11.90,0.0000,true,1,247114
7290018213353,false,מטליות לרצפה בניחוח,,,מטליות לרצפה בניחוח,יח',10.00,יח',false,,8.90,0.8900,true,1,247179
7290018213476,false,כף אשפה מתקפל GLOW (,,,כף אשפה מתקפל GLOW (,יחידה,0.00,יחידה,false,,17.90,0.0000,true,1,253755
7290018225011,false,קומקום חשמלי נשלף פל,,,קומקום חשמלי נשלף פל,יחידה,0.00,יחידה,false,,79.90,0.0000,true,1,75417
7290018236086,false,ע.ט. נקניקיות עוף 12,,,ע.ט. נקניקיות עוף 12,קילוגרמים,1.00,"ק""ג",false,,27.90,27.9000,true,1,129501
7290018237281,false,נקניק סלמי ירדן עוף,,,נקניק סלמי ירדן עוף,גרמים,550.00,100 גרם,false,,21.90,3.9818,true,1,155451
7290018237373,false,פסטרמה צרובה על הגרי,,,פסטרמה צרובה על הגרי,גרמים,300.00,100 גרם,false,,27.90,9.3000,true,1,136182
7290018237397,false,פסטרמה מקורמלת נתח ש,,,פסטרמה מקורמלת נתח ש,גרמים,300.00,100 גרם,false,,27.90,9.3000,true,1,136183
7290018237496,false,עוף טוב דק דק פסטרמה,,,עוף טוב דק דק פסטרמה,גרמים,220.00,100 גרם,false,,21.90,9.9545,true,1,176307
7290018237502,false,עוף טוב דק דק כתף בק,,,עוף טוב דק דק כתף בק,גרמים,200.00,100 גרם,false,,20.90,10.4500,true,1,176328
7290018237908,false,נקניקיות עסיסיות למנ,,,נקניקיות עסיסיות למנ,קילוגרמים,400.00,"ק""ג",false,,15.90,0.0398,true,1,217371
7290018237922,false,שניצלונים ציפוי ציפס,,,שניצלונים ציפוי ציפס,גרמים,700.00,100 גרם,false,,19.90,2.8429,true,1,236110
7290018237939,false,שניצלונים ציפוי שומש,,,שניצלונים ציפוי שומש,גרמים,700.00,100 גרם,false,,19.90,2.8429,true,1,236121
7290018237960,false,כתף בקר עסיסי עוף טו,,,כתף בקר עסיסי עוף טו,גרמים,265.00,100 גרם,false,,24.90,9.3962,true,1,252073
7290018249055,false,כמו סוכר באריזה אישי,,,כמו סוכר באריזה אישי,גרמים,300.00,100 גרם,false,,33.90,11.3000,true,1,70870
7290018249123,false,כמו סוכר אינסטנט פוד,,,כמו סוכר אינסטנט פוד,גרמים,50.00,100 גרם,false,,11.90,23.8000,true,1,70871
7290018294352,false,"ארק יקבי כרמל 700 מ""",,,"ארק יקבי כרמל 700 מ""",מיליליטרים,700.00,"100 מ""ל",false,,55.20,7.8857,true,1,195549
7290018294383,false,יין פינו גרי הסדרה ה,,,יין פינו גרי הסדרה ה,מיליליטרים,750.00,"100 מ""ל",false,,59.90,7.9867,true,1,202501
7290018294895,false,יין מונלייט לבן יקבי,,,יין מונלייט לבן יקבי,מיליליטרים,750.00,"100 מ""ל",false,,34.90,4.6533,true,1,237558
7290018294901,false,יין מונלייט אדום יבש,,,יין מונלייט אדום יבש,מיליליטרים,750.00,"100 מ""ל",false,,34.90,4.6533,true,1,237559
7290018333044,false,שלוקים בטעם ענבים 20,,,שלוקים בטעם ענבים 20,גרמים,200.00,100 גרם,false,,21.90,10.9500,true,1,210666
7290018333112,false,טופי אצבעות מיקס פיר,,,טופי אצבעות מיקס פיר,גרמים,402.00,100 גרם,false,,9.90,2.4627,true,1,95219
7290018359129,false,פאסאטה מחית עגבניות,,,פאסאטה מחית עגבניות,גרמים,690.00,100 גרם,false,,8.90,1.2899,true,1,105912
7290018359334,false,רכז עגבניות טבעי פרי,,,רכז עגבניות טבעי פרי,גרמים,580.00,100 גרם,false,,9.90,1.7069,true,1,86285
7290018359495,false,תירס מהשדה בלי תוספת,,,תירס מהשדה בלי תוספת,גרמים,550.00,100 גרם,false,,8.90,1.6182,true,1,86313
7290018359686,false,חומוס ענק יכין 550 ג,,,חומוס ענק יכין 550 ג,גרמים,550.00,100 גרם,false,,9.90,1.8000,true,1,149167
7290018359716,false,רוטב פיצה טוסקנה יכי,,,רוטב פיצה טוסקנה יכי,גרמים,240.00,100 גרם,false,,5.50,2.2917,true,1,113120
7290018359853,false,עדשים שחורות יכין 40,,,עדשים שחורות יכין 40,גרמים,400.00,100 גרם,false,,7.90,1.9750,true,1,149156
7290018359877,false,רסק עגבניות טבעי יכי,,,רסק עגבניות טבעי יכי,גרמים,600.00,100 גרם,false,,15.90,2.6500,true,1,186782
7290018359945,false,חאריפה - רוטב פיקנטי,,,חאריפה - רוטב פיקנטי,גרמים,400.00,100 גרם,false,,11.90,2.9750,true,1,234186
7290018359969,false,רוטב עגבניות לפיצה י,,,רוטב עגבניות לפיצה י,גרמים,400.00,100 גרם,false,,11.90,2.9750,true,1,234188
7290018400036,false,ירקות מוקפאים מעורבי,,,ירקות מוקפאים מעורבי,גרמים,800.00,100 גרם,false,,19.90,2.4875,true,1,142855
7290018400234,false,חומוס לחומוס סנפרוסט,,,חומוס לחומוס סנפרוסט,גרמים,800.00,100 גרם,false,,16.90,2.1125,true,1,107745
7290018400456,false,שייק smoothie עם פיט,,,שייק smoothie עם פיט,גרמים,300.00,100 גרם,false,,12.90,4.3000,true,1,204033
7290018400807,false,טברנה יוונית סנפרוסט,,,טברנה יוונית סנפרוסט,גרמים,600.00,100 גרם,false,,19.90,3.3167,true,1,85424
7290018440223,false,חווית הצ'אי- מסאלה ע,,,חווית הצ'אי- מסאלה ע,גרמים,50.00,100 גרם,false,,19.90,39.8000,true,1,164707
7290018440254,false,חווית הצ'אי- קרמל מל,,,חווית הצ'אי- קרמל מל,גרמים,50.00,100 גרם,false,,19.90,39.8000,true,1,164720
7290018440384,false,תה ירוק מאטה בטעם לי,,,תה ירוק מאטה בטעם לי,גרמים,37.50,100 גרם,false,,23.90,63.7333,true,1,167920
7290018440391,false,תה ירוק מאטה  נענע ו,,,תה ירוק מאטה  נענע ו,גרמים,37.50,100 גרם,false,,23.90,63.7333,true,1,167931
7290018440407,false,תה ירוק מאטה בטעם קק,,,תה ירוק מאטה בטעם קק,גרמים,37.50,100 גרם,false,,23.90,63.7333,true,1,167909
7290018440438,false,טונה  easy flip בשמן,,,טונה  easy flip בשמן,גרמים,195.00,100 גרם,false,,25.90,13.2821,true,1,239290
7290018440445,false,נתחי טונה בהירה בשמן,,,נתחי טונה בהירה בשמן,גרמים,160.00,100 גרם,false,,16.90,10.5625,true,1,230061
7290018440520,false,סלט טונה עם ירקות בס,,,סלט טונה עם ירקות בס,גרמים,150.00,100 גרם,false,,14.90,9.9333,true,1,239238
7290018468418,false,פסטרמה צמחונית מפולפ,,,פסטרמה צמחונית מפולפ,גרמים,120.00,100 גרם,false,,15.90,13.2500,true,1,265878
7290018468425,false,נקניק טבעוני בטעם מע,,,נקניק טבעוני בטעם מע,גרמים,100.00,100 גרם,false,,15.90,15.9000,true,1,265879
7290018471029,false,שוופס סודה לימון שיש,,,שוופס סודה לימון שיש,ליטרים,3.00,ליטר,false,,13.90,4.6333,true,1,89391
7290018471210,false,קרטונית אגס תפוח וסב,,,קרטונית אגס תפוח וסב,ליטרים,1.00,ליטר,false,,6.90,6.9000,true,1,111264
7290018471395,false,פרוט ווג תפוח רימון,,,פרוט ווג תפוח רימון,ליטרים,1.00,ליטר,false,,13.50,13.5000,true,1,110440
7290018471449,false,ספרינג שייק  בננה תמ,,,ספרינג שייק  בננה תמ,ליטרים,1.00,ליטר,false,,13.10,13.1000,true,1,131564
7290018471463,false,נקטר תפוזינה ENJOY ב,,,נקטר תפוזינה ENJOY ב,ליטרים,1.00,ליטר,false,,6.90,6.9000,true,1,122025
7290018471470,false,נקטר תפוזינה ENJOY ב,,,נקטר תפוזינה ENJOY ב,ליטרים,1.00,ליטר,false,,6.90,6.9000,true,1,122026
7290018471487,false,נקטר תפוזינה ENJOY ב,,,נקטר תפוזינה ENJOY ב,ליטרים,1.00,ליטר,false,,6.90,6.9000,true,1,122014
7290018471494,false,נקטר תפוזינה ENJOY ב,,,נקטר תפוזינה ENJOY ב,ליטרים,1.00,ליטר,false,,6.90,6.9000,true,1,122015
7290018471692,false,ספרינג שייק בננה אננ,,,ספרינג שייק בננה אננ,ליטרים,1.00,ליטר,false,,13.10,13.1000,true,1,131565
7290018471906,false,שוופס מוגז לימונדה ו,,,שוופס מוגז לימונדה ו,ליטרים,1.50,ליטר,false,,9.50,6.3333,true,1,167489
7290018471913,false,שוופס פרוטס תפוחים 1,,,שוופס פרוטס תפוחים 1,ליטרים,1.50,ליטר,false,,9.50,6.3333,true,1,167490
7290018471920,false,שוופס ענבים מוגז 1.5,,,שוופס ענבים מוגז 1.5,ליטרים,1.50,ליטר,false,,9.50,6.3333,true,1,167501
7290018471937,false,שוופס מוגז פירות תות,,,שוופס מוגז פירות תות,ליטרים,1.50,ליטר,false,,9.50,6.3333,true,1,167502
7290018471944,false,שוופס מוגז למונייד 1,,,שוופס מוגז למונייד 1,ליטרים,1.50,ליטר,false,,9.50,6.3333,true,1,167503
7290018471951,false,שוופס פרוטס אשכולית,,,שוופס פרוטס אשכולית,ליטרים,1.50,ליטר,false,,9.50,6.3333,true,1,167514
7290018493083,false,אל סבון אקטיב מדקס 1,,,אל סבון אקטיב מדקס 1,ליטרים,1.00,ליטר,false,,27.90,27.9000,true,1,98490
7290018493144,false,אל סבון ארגאן סגול,,,אל סבון ארגאן סגול,ליטרים,1.00,ליטר,false,,15.90,15.9000,true,1,102049
7290018493724,false,סבון ידיים ויטמינים,,,סבון ידיים ויטמינים,מיליליטרים,500.00,"100 מ""ל",false,,12.90,2.5800,true,1,161159
7290018493908,false,קמיל בלו סנסיטיב שמפ,,,קמיל בלו סנסיטיב שמפ,מיליליטרים,750.00,"100 מ""ל",false,,19.90,2.6533,true,1,135665
7290018500231,false,לחם וויקאנד אנג'ל 75,,,לחם וויקאנד אנג'ל 75,גרמים,750.00,100 גרם,false,,18.90,2.5200,true,1,230050
7290018500361,false,לחם אחיד פרוס מאפיית,,,לחם אחיד פרוס מאפיית,גרמים,900.00,100 גרם,false,,8.32,0.9244,true,1,235431
7290018500385,true,חלה רגילה אנגל 650 ג,,,חלה רגילה אנגל 650 ג,גרמים,650.00,100 גרם,false,,6.50,1.0000,true,1,254198
7290018500392,true,חלה קלועה אנגל 650 ג,,,חלה קלועה אנגל 650 ג,גרמים,650.00,100 גרם,false,,6.50,1.0000,true,1,254199
7290018540329,false,פיתה פיתה אנגל 880 ג,,,פיתה פיתה אנגל 880 ג,יח',10.00,יח',false,,12.90,1.2900,true,1,104627
7290018564691,false,ממרח חצילים שף הטבע,,,ממרח חצילים שף הטבע,גרמים,200.00,100 גרם,false,,11.90,5.9500,true,1,200901
7290018571064,false,מקלוני טופי מיה 450,,,מקלוני טופי מיה 450,גרמים,450.00,100 גרם,false,,14.90,3.3111,true,1,108656
7290018571507,false,סוכריות ויטמין C ליל,,,סוכריות ויטמין C ליל,גרמים,175.00,100 גרם,false,,39.90,22.8000,true,1,263330
7290018571644,false,סוכריות קוסמטיקה מבו,,,סוכריות קוסמטיקה מבו,גרמים,210.00,100 גרם,false,,39.90,19.0000,true,1,263339
7290018571743,false,"אורז מלא 1 ק""ג",,,"אורז מלא 1 ק""ג",קילוגרמים,1.00,"ק""ג",false,,9.90,9.9000,true,1,231908
7290018626009,false,צלחות וינטג' ענקיות,,,צלחות וינטג' ענקיות,יחידה,0.00,יחידה,false,,21.90,0.0000,true,1,115830
7290018626023,false,צלחות וינטג' קטנות 1,,,צלחות וינטג' קטנות 1,יחידה,0.00,יחידה,false,,12.90,0.0000,true,1,115856
7290018626030,false,קערות וינטג' 10 יח',,,קערות וינטג' 10 יח',יחידה,0.00,יחידה,false,,14.90,0.0000,true,1,115869
7290018626078,false,"צלחות קטנות ""7 שקוף",,,"צלחות קטנות ""7 שקוף",יחידה,0.00,יחידה,false,,10.90,0.0000,true,1,106958
7290018626108,false,קערות אובליות שקוף 5,,,קערות אובליות שקוף 5,יחידה,0.00,יחידה,false,,10.90,0.0000,true,1,106971
7290018626221,false,קינוחית אישית מרובעת,,,קינוחית אישית מרובעת,יחידה,0.00,יחידה,false,,12.50,0.0000,true,1,110909
7290018626269,false,תבנית מהודרת אינגליש,,,תבנית מהודרת אינגליש,יחידה,0.00,יחידה,false,,11.90,0.0000,true,1,111378
7290018626283,false,פיצה מרגריטה 350 גרם,,,פיצה מרגריטה 350 גרם,גרמים,350.00,100 גרם,false,,11.90,3.4000,true,1,140789
7290018626290,false,פיצה מרגריטה עגבניות,,,פיצה מרגריטה עגבניות,גרמים,420.00,100 גרם,false,,11.90,2.8333,true,1,144285
7290018626306,false,פיצה מרגריטה פיטריות,,,פיצה מרגריטה פיטריות,גרמים,400.00,100 גרם,false,,11.90,2.9750,true,1,144286
7290018626320,false,צלחות וינטג' קטנות 1,,,צלחות וינטג' קטנות 1,יחידה,0.00,יחידה,false,,12.90,0.0000,true,1,115857
7290018626337,false,קערות וינטג' 10 יח',,,קערות וינטג' 10 יח',יחידה,0.00,יחידה,false,,14.90,0.0000,true,1,115870
7290018626504,false,שקיות L שרוך 80 יח',,,שקיות L שרוך 80 יח',יחידה,0.00,יחידה,false,,22.90,0.0000,true,1,111900
7290018626511,false,שקיות L שרוך 50 יח',,,שקיות L שרוך 50 יח',יחידה,0.00,יחידה,false,,14.90,0.0000,true,1,111901
7290018626528,false,ניילון נצמד 30*150 ע,,,ניילון נצמד 30*150 ע,מטרים,150.00,מטר,false,,18.90,0.1260,true,1,123472
7290018626535,false,שקיות נייר לכריכים 5,,,שקיות נייר לכריכים 5,יחידה,0.00,יחידה,false,,7.90,0.0000,true,1,115892
7290018626542,false,שקיות אשפה לפחים גדו,,,שקיות אשפה לפחים גדו,יחידה,0.00,יחידה,false,,12.90,0.0000,true,1,126881
7290018626597,false,צימרונים לאוזנים איכ,,,צימרונים לאוזנים איכ,יחידה,0.00,יחידה,false,,4.90,0.0000,true,1,141345
7290018626603,false,צימרונים לאוזנים לתי,,,צימרונים לאוזנים לתי,יחידה,0.00,יחידה,false,,4.50,0.0000,true,1,141356
7290018626610,false,צימרונים לאוזנים מאר,,,צימרונים לאוזנים מאר,יחידה,0.00,יחידה,false,,9.90,0.0000,true,1,141367
7290018626627,false,מארז תבניות מאפינס 7,,,מארז תבניות מאפינס 7,יחידה,0.00,יחידה,false,,14.90,0.0000,true,1,181876
7290018626634,false,מארז תבניות רוסטר עמ,,,מארז תבניות רוסטר עמ,יחידה,0.00,יחידה,false,,14.90,0.0000,true,1,181897
7290018626672,false,מארז צלחות  12+12 מא,,,מארז צלחות  12+12 מא,יחידה,0.00,יחידה,false,,49.90,0.0000,true,1,160764
7290018626726,false,מארז צלחות  12+12 נק,,,מארז צלחות  12+12 נק,יחידה,0.00,יחידה,false,,49.90,0.0000,true,1,158258
7290018626757,false,קערות אובליות נקודות,,,קערות אובליות נקודות,יחידה,0.00,יחידה,false,,11.90,0.0000,true,1,158580
7290018626764,false,קערות אובליות נקודות,,,קערות אובליות נקודות,יחידה,0.00,יחידה,false,,11.90,0.0000,true,1,158581
7290018626795,false,מגש עגול מחולק ל-6 ג,,,מגש עגול מחולק ל-6 ג,יחידה,0.00,יחידה,false,,9.90,0.0000,true,1,158594
7290018626900,false,מפיות תלת שכבתיות 20,,,מפיות תלת שכבתיות 20,יחידה,0.00,יחידה,false,,4.90,0.0000,true,1,154820
7290018626917,false,מפיות תלת שכבתיות 20,,,מפיות תלת שכבתיות 20,יחידה,0.00,יחידה,false,,4.90,0.0000,true,1,154831
7290018626993,false,מפיות תלת שכבתיות 20,,,מפיות תלת שכבתיות 20,יחידה,0.00,יחידה,false,,4.90,0.0000,true,1,154848
7290018652053,false,ביסקולידה אקס בטעם ש,,,ביסקולידה אקס בטעם ש,גרמים,90.00,100 גרם,false,,7.90,8.7778,true,1,122412
7290018720103,false,אפיפיות בטעם שוקו לל,,,אפיפיות בטעם שוקו לל,גרמים,250.00,100 גרם,false,,6.90,2.7600,true,1,164741
7290018720110,false,עוגיות ממולאות בקרם,,,עוגיות ממולאות בקרם,גרמים,150.00,100 גרם,false,,6.90,4.6000,true,1,161928
7290018792858,false,אבקת קקאו דל שומן 50,,,אבקת קקאו דל שומן 50,גרמים,500.00,100 גרם,false,,25.90,5.1800,true,1,262668
7290018818275,false,פיצה קונו מרגריטה 26,,,פיצה קונו מרגריטה 26,גרמים,260.00,100 גרם,false,,14.90,5.7308,true,1,223182
7290018818305,false,פיצה אובליינה 260 גר,,,פיצה אובליינה 260 גר,גרמים,260.00,100 גרם,false,,14.90,5.7308,true,1,223183
7290018835005,false,אקסטרא צ'יפס אורז חו,,,אקסטרא צ'יפס אורז חו,גרמים,60.00,100 גרם,false,,8.50,14.1667,true,1,223818
7290018879856,false,סוכריות טופי שטוח בט,,,סוכריות טופי שטוח בט,גרמים,400.00,100 גרם,false,,9.90,2.4750,true,1,190313
7290018886113,false,מפיות תלת שכבתיות 20,,,מפיות תלת שכבתיות 20,יחידה,0.00,יחידה,false,,4.90,0.0000,true,1,154850
7290018886175,false,כפיות עבות 50 יח'  ש,,,כפיות עבות 50 יח'  ש,יחידה,0.00,יחידה,false,,9.90,0.0000,true,1,141378
7290018886182,false,כפיות עבות 50 יח'  ק,,,כפיות עבות 50 יח'  ק,יחידה,0.00,יחידה,false,,9.90,0.0000,true,1,141379
7290018886205,false,סכינים עבות 50 יח',,,סכינים עבות 50 יח',יחידה,0.00,יחידה,false,,9.90,0.0000,true,1,141381
7290018886212,false,מזלגות עבות 50 יח',,,מזלגות עבות 50 יח',יחידה,0.00,יחידה,false,,9.90,0.0000,true,1,141382
7290018886229,false,מזלגות עבות 50 יח',,,מזלגות עבות 50 יח',יחידה,0.00,יחידה,false,,9.90,0.0000,true,1,141383
7290018886243,false,כפות עבות 50 יח'  קר,,,כפות עבות 50 יח'  קר,יחידה,0.00,יחידה,false,,9.90,0.0000,true,1,141385
7290018886304,false,פת דגנים סגנון שוודי,,,פת דגנים סגנון שוודי,גרמים,340.00,100 גרם,false,,11.90,3.5000,true,1,158009
7290018886311,false,פת דגנים סגנון שוודי,,,פת דגנים סגנון שוודי,גרמים,170.00,100 גרם,false,,7.90,4.6471,true,1,157986
7290018886328,false,פת דגנים שיפון 340 ג,,,פת דגנים שיפון 340 ג,גרמים,340.00,100 גרם,false,,11.90,3.5000,true,1,159132
7290018886342,false,פת דגנים 7 דגנים 340,,,פת דגנים 7 דגנים 340,גרמים,340.00,100 גרם,false,,11.90,3.5000,true,1,159133
7290018886403,false,מזלגות מהודרים שקוף,,,מזלגות מהודרים שקוף,יחידה,0.00,יחידה,false,,6.90,0.0000,true,1,179869
7290018886458,false,כפות מהודרות פנינה 1,,,כפות מהודרות פנינה 1,יחידה,0.00,יחידה,false,,6.90,0.0000,true,1,179904
7290018886533,false,מזלגות מיני מהודרים,,,מזלגות מיני מהודרים,יחידה,0.00,יחידה,false,,4.90,0.0000,true,1,179966
7290018886625,false,כוסות דמוי שיש 40 יח,,,כוסות דמוי שיש 40 יח,יחידה,0.00,יחידה,false,,8.90,0.0000,true,1,141398
7290018886632,false,כוסות דמוי שיש 40 יח,,,כוסות דמוי שיש 40 יח,יחידה,0.00,יחידה,false,,8.90,0.0000,true,1,141399
7290018886656,false,כוס קינוח טרפז 20 יח,,,כוס קינוח טרפז 20 יח,יחידה,0.00,יחידה,false,,10.90,0.0000,true,1,180052
7290018886694,false,כוס קינוח קצה גלי 12,,,כוס קינוח קצה גלי 12,יחידה,0.00,יחידה,false,,12.90,0.0000,true,1,180016
7290018886724,false,כוס קינוח פרח 12 יחי,,,כוס קינוח פרח 12 יחי,יחידה,0.00,יחידה,false,,12.90,0.0000,true,1,180040
7290018886816,false,קערת סלט בועות פנינה,,,קערת סלט בועות פנינה,יחידה,0.00,יחידה,false,,7.90,0.0000,true,1,158621
7290018886823,false,קערת סלט בועות טורקי,,,קערת סלט בועות טורקי,יחידה,0.00,יחידה,false,,7.90,0.0000,true,1,158622
7290018886830,false,קערת סלט בועות ורוד,,,קערת סלט בועות ורוד,יחידה,0.00,יחידה,false,,7.90,0.0000,true,1,162606
7290018886847,false,קערת סלט בועות שקוף,,,קערת סלט בועות שקוף,יחידה,0.00,יחידה,false,,9.90,0.0000,true,1,158634
7290018886854,false,קערת סלט בועות פנינה,,,קערת סלט בועות פנינה,יחידה,0.00,יחידה,false,,9.90,0.0000,true,1,158635
7290018886861,false,קערת סלט בועות טורקי,,,קערת סלט בועות טורקי,יחידה,0.00,יחידה,false,,9.90,0.0000,true,1,158636
7290018886885,false,קערת סלט בועות שקוף,,,קערת סלט בועות שקוף,יחידה,0.00,יחידה,false,,13.90,0.0000,true,1,158648
7290018886977,false,נייר אפיה 50 יחידות,,,נייר אפיה 50 יחידות,יחידה,0.00,יחידה,false,,8.50,0.0000,true,1,159468
7290018886991,false,שמן קנולה אלומות 1 ל,,,שמן קנולה אלומות 1 ל,ליטרים,1.00,ליטר,false,,10.90,10.9000,true,1,153190
7290018893036,false,ביסקוויטי סנדוויץ בט,,,ביסקוויטי סנדוויץ בט,גרמים,176.00,100 גרם,false,,6.90,3.9205,true,1,184758
7290018893098,false,צ'וקטה עוגיות מצופות,,,צ'וקטה עוגיות מצופות,גרמים,100.00,100 גרם,false,,7.90,7.9000,true,1,217416
7290018893104,false,צ'וקטה עוגיות מצופות,,,צ'וקטה עוגיות מצופות,גרמים,100.00,100 גרם,false,,7.90,7.9000,true,1,217417
7290018893494,false,עוגיות עלי וופל דקות,,,עוגיות עלי וופל דקות,גרמים,100.00,100 גרם,false,,10.00,10.0000,true,1,184770
7290018893500,false,צ'וקטה עוגיות סנדביץ,,,צ'וקטה עוגיות סנדביץ,גרמים,180.00,100 גרם,false,,4.90,2.7222,true,1,217383
7290018893517,false,בייגלה שטוח מצופה שו,,,בייגלה שטוח מצופה שו,גרמים,80.00,100 גרם,false,,6.90,8.6250,true,1,207138
7290018893654,false,צ'וקטה חטיף בייגלה ב,,,צ'וקטה חטיף בייגלה ב,גרמים,200.00,100 גרם,false,,6.90,3.4500,true,1,159020
7290018893715,false,בייגלה שטוח מצופה שו,,,בייגלה שטוח מצופה שו,גרמים,80.00,100 גרם,false,,6.90,8.6250,true,1,189698
7290018893753,false,צ'וקטה וופל חמאה בטע,,,צ'וקטה וופל חמאה בטע,גרמים,100.00,100 גרם,false,,10.00,10.0000,true,1,262587
7290018893852,false,צ'וקטה חטיף בייגלה ב,,,צ'וקטה חטיף בייגלה ב,גרמים,200.00,100 גרם,false,,6.90,3.4500,true,1,159021
7290018893951,false,צ'וקטה וופל חמאה בטע,,,צ'וקטה וופל חמאה בטע,גרמים,100.00,100 גרם,false,,10.00,10.0000,true,1,262588
7290018894002,false,בלקוני קוביות וופל ק,,,בלקוני קוביות וופל ק,גרמים,250.00,100 גרם,false,,12.50,5.0000,true,1,229363
7290018894019,false,עוגות אישיות מיקס מק,,,עוגות אישיות מיקס מק,גרמים,350.00,100 גרם,false,,14.90,4.2571,true,1,220680
7290018894200,false,בלקוני קוביות וופל ו,,,בלקוני קוביות וופל ו,גרמים,250.00,100 גרם,false,,12.50,5.0000,true,1,229364
7290018894217,false,עוגות אישיות מיקס מק,,,עוגות אישיות מיקס מק,גרמים,350.00,100 גרם,false,,14.90,4.2571,true,1,220702
7290018894408,false,בלקוני קוביות וופל א,,,בלקוני קוביות וופל א,גרמים,250.00,100 גרם,false,,12.50,5.0000,true,1,229365
7290018894804,false,וופל במילוי קרם אגוז,,,וופל במילוי קרם אגוז,גרמים,175.00,100 גרם,false,,7.90,4.5143,true,1,220725
7290018921067,false,תחליב רחצה לגוף מועש,,,תחליב רחצה לגוף מועש,מיליליטרים,700.00,"100 מ""ל",false,,16.90,2.4143,true,1,178418
7290018921166,false,אל סבון ניקיון ולחות,,,אל סבון ניקיון ולחות,ליטרים,1.00,ליטר,false,,15.90,15.9000,true,1,161192
7290018921203,false,קמיל בלו קרם החתלה ק,,,קמיל בלו קרם החתלה ק,גרמים,120.00,100 גרם,false,,18.90,15.7500,true,1,245090
7290018921456,false,תחליב רחצה לגוף מועש,,,תחליב רחצה לגוף מועש,מיליליטרים,700.00,"100 מ""ל",false,,16.90,2.4143,true,1,178430
7290018921609,false,קמיל בלו קרם החתלה ק,,,קמיל בלו קרם החתלה ק,גרמים,120.00,100 גרם,false,,21.90,18.2500,true,1,245114
7290018921807,false,קמיל בלו משחת החתלה,,,קמיל בלו משחת החתלה,גרמים,120.00,100 גרם,false,,21.90,18.2500,true,1,245102
7290018921852,false,תחליב רחצה מועשר בשמ,,,תחליב רחצה מועשר בשמ,מיליליטרים,700.00,"100 מ""ל",false,,16.90,2.4143,true,1,178181
7290018925065,false,פרימור מיץ תפוזים סח,,,פרימור מיץ תפוזים סח,ליטרים,2.00,ליטר,false,,27.90,13.9500,true,1,173400
7290018925096,false,פרימור משקה קל תפוזי,,,פרימור משקה קל תפוזי,ליטרים,1.50,ליטר,false,,8.90,5.9333,true,1,166970
7290018925102,false,פרימור משקה קל ענבים,,,פרימור משקה קל ענבים,ליטרים,1.50,ליטר,false,,8.90,5.9333,true,1,166994
7290018925133,false,פרימור משקה קל מנגו,,,פרימור משקה קל מנגו,ליטרים,1.50,ליטר,false,,8.90,5.9333,true,1,167017
7290018925164,false,פרימור משקה קל תות ב,,,פרימור משקה קל תות ב,ליטרים,1.50,ליטר,false,,8.90,5.9333,true,1,166983
7290018925416,false,משקה קל לימון פסיפלו,,,משקה קל לימון פסיפלו,מיליליטרים,400.00,"100 מ""ל",false,,7.90,1.9750,true,1,246633
7290018989005,false,פולפה טבעית יכין  3*,,,פולפה טבעית יכין  3*,קילוגרמים,1.20,"ק""ג",false,,16.90,14.0833,true,1,186760
7290018989081,false,חומוס הבית יכין 400,,,חומוס הבית יכין 400,גרמים,400.00,100 גרם,false,,7.90,1.9750,true,1,233362
7290018989128,false,סירופ בטעם ענבים יכי,,,סירופ בטעם ענבים יכי,יחידה,0.00,יחידה,false,,18.90,0.0000,true,1,234253
7290018989135,false,סירופ בטעם פטל יכין,,,סירופ בטעם פטל יכין,יחידה,0.00,יחידה,false,,18.90,0.0000,true,1,234694
7290019014003,false,נוזל רצפות אואזיס טא,,,נוזל רצפות אואזיס טא,ליטרים,4.00,ליטר,false,,13.90,3.4750,true,1,181723
7290019014027,false,נוזל רצפות בלוסום טא,,,נוזל רצפות בלוסום טא,ליטרים,4.00,ליטר,false,,13.90,3.4750,true,1,181701
7290019014034,false,נוזל רצפות לוטוס טאצ,,,נוזל רצפות לוטוס טאצ,ליטרים,4.00,ליטר,false,,13.90,3.4750,true,1,181712
7290019014089,false,נוזל רצפות דיונה פרא,,,נוזל רצפות דיונה פרא,ליטרים,2.00,ליטר,false,,17.90,8.9500,true,1,183904
7290019031000,false,WIZ מארז חמישיית ניי,,,WIZ מארז חמישיית ניי,יחידה,0.00,יחידה,false,,10.90,0.0000,true,1,181930
7290019031024,false,נר הבדלה כחול לבן,,,נר הבדלה כחול לבן,יחידה,0.00,יחידה,false,,8.90,0.0000,true,1,210227
7290019031048,false,להבונים ריחניים וניל,,,להבונים ריחניים וניל,יחידה,0.00,יחידה,false,,11.90,0.0000,true,1,210249
7290019031062,false,תבנית R-2 מלבנית 7 י,,,תבנית R-2 מלבנית 7 י,יחידה,0.00,יחידה,false,,9.90,0.0000,true,1,200661
7290019031079,false,תבנית R-29 מרובעת קט,,,תבנית R-29 מרובעת קט,יחידה,0.00,יחידה,false,,9.90,0.0000,true,1,200662
7290019031086,false,תבנית R-31 גדולה 7 י,,,תבנית R-31 גדולה 7 י,יחידה,0.00,יחידה,false,,9.90,0.0000,true,1,200663
7290019031093,false,תבנית R-64 בינונית 7,,,תבנית R-64 בינונית 7,יחידה,0.00,יחידה,false,,9.90,0.0000,true,1,200664
7290019031109,false,תבנית R-88 אינגליש 1,,,תבנית R-88 אינגליש 1,יחידה,0.00,יחידה,false,,9.90,0.0000,true,1,200665
7290019031116,false,תבנית R-99 ענקית 3 י,,,תבנית R-99 ענקית 3 י,יחידה,0.00,יחידה,false,,9.90,0.0000,true,1,200666
7290019031123,false,תבנית אלומינים A-14,,,תבנית אלומינים A-14,יחידה,0.00,יחידה,false,,9.90,0.0000,true,1,200667
7290019031130,false,WIZ תבניות מאפינס אל,,,WIZ תבניות מאפינס אל,יחידה,0.00,יחידה,false,,15.90,0.0000,true,1,221526
7290019031185,false,כפפות לטקס 100 יח' M,,,כפפות לטקס 100 יח' M,יחידה,0.00,יחידה,false,,30.90,0.0000,true,1,193384
7290019031192,false,כפפות לטקס 100 יח' L,,,כפפות לטקס 100 יח' L,יחידה,0.00,יחידה,false,,30.90,0.0000,true,1,193372
7290019031208,false,כפפות לטקס 100 יח XL,,,כפפות לטקס 100 יח XL,יחידה,0.00,יחידה,false,,30.90,0.0000,true,1,193373
7290019031239,false,כוסות 16OZ לשתייה חמ,,,כוסות 16OZ לשתייה חמ,יחידה,0.00,יחידה,false,,14.90,0.0000,true,1,205665
7290019031307,false,לפתניות לבנות 25 יח',,,לפתניות לבנות 25 יח',יחידה,0.00,יחידה,false,,5.90,0.0000,true,1,196515
7290019031314,false,קערות אובליות לבנות,,,קערות אובליות לבנות,יחידה,0.00,יחידה,false,,6.90,0.0000,true,1,196516
7290019031321,false,"מרקיות 7"" לבנות 25 י",,,"מרקיות 7"" לבנות 25 י",יחידה,0.00,יחידה,false,,9.90,0.0000,true,1,196517
7290019031338,false,"צלחות קטנות 7"" לבנות",,,"צלחות קטנות 7"" לבנות",יחידה,0.00,יחידה,false,,8.90,0.0000,true,1,196528
7290019031345,false,צלחות גדולות 9 לבן 2,,,צלחות גדולות 9 לבן 2,יחידה,0.00,יחידה,false,,12.90,0.0000,true,1,184782
7290019031352,false,"צלחות ענקיות 10"" לבנ",,,"צלחות ענקיות 10"" לבנ",יחידה,0.00,יחידה,false,,23.90,0.0000,true,1,196529
7290019031369,false,"צלחות גדולות 9"" קרם",,,"צלחות גדולות 9"" קרם",יחידה,0.00,יחידה,false,,14.90,0.0000,true,1,196540
7290019031376,false,סבון ידיים אוקיינוס,,,סבון ידיים אוקיינוס,ליטרים,1.00,100 ליטר,false,,9.90,990.0000,true,1,196481
7290019031383,false,סבון ידיים מאסק 1 לי,,,סבון ידיים מאסק 1 לי,ליטרים,1.00,100 ליטר,false,,9.90,990.0000,true,1,196482
7290019031406,false,רביעיית מגבונים לחים,,,רביעיית מגבונים לחים,יחידה,0.00,יחידה,false,,9.90,0.0000,true,1,205572
7290019031413,false,נייר טואלט לח שלישיי,,,נייר טואלט לח שלישיי,יחידה,0.00,יחידה,false,,11.90,0.0000,true,1,205541
7290019031420,false,אל סבון נוזלי שלישיי,,,אל סבון נוזלי שלישיי,מיליליטרים,500.00,"100 מ""ל",false,,11.90,2.3800,true,1,205530
7290019031444,false,אשפתון 65X54 XL חזקו,,,אשפתון 65X54 XL חזקו,יחידה,0.00,יחידה,false,,17.90,0.0000,true,1,215905
7290019031451,false,אשפתון 78X90 XXL חזק,,,אשפתון 78X90 XXL חזק,יחידה,0.00,יחידה,false,,23.90,0.0000,true,1,215893
7290019031468,false,WIZ צלחות מתכלות ענק,,,WIZ צלחות מתכלות ענק,יחידה,0.00,יחידה,false,,13.90,0.0000,true,1,245639
7290019031505,false,WIZ צלחות מתכלות ענק,,,WIZ צלחות מתכלות ענק,יחידה,0.00,יחידה,false,,13.90,0.0000,true,1,245662
7290019031512,false,WIZ צלחות מתכלות גדו,,,WIZ צלחות מתכלות גדו,יחידה,0.00,יחידה,false,,9.90,0.0000,true,1,245687
7290019031543,false,שמן זית כתית מעולה א,,,שמן זית כתית מעולה א,מיליליטרים,750.00,"100 מ""ל",false,,29.90,3.9867,true,1,205499
7290019031550,false,מנגל קטן 40*25 WIZ,,,מנגל קטן 40*25 WIZ,יחידה,0.00,יחידה,false,,39.90,0.0000,true,1,210176
7290019031574,false,מארז 10 גביעיים + מכ,,,מארז 10 גביעיים + מכ,ליטרים,250.00,ליטר,false,,9.90,0.0396,true,1,201231
7290019031598,false,מארז 5 מכלים + מכסים,,,מארז 5 מכלים + מכסים,ליטרים,0.50,ליטר,false,,9.90,19.8000,true,1,201243
7290019031642,false,WIZ צלחות ענקיות שקו,,,WIZ צלחות ענקיות שקו,יחידה,0.00,יחידה,false,,21.90,0.0000,true,1,245713
7290019031659,false,WIZ צלחות גדולות  שק,,,WIZ צלחות גדולות  שק,יחידה,0.00,יחידה,false,,13.90,0.0000,true,1,245714
7290019031666,false,WIZ צלחות קטנות שקופ,,,WIZ צלחות קטנות שקופ,יחידה,0.00,יחידה,false,,9.90,0.0000,true,1,245715
7290019031673,false,"WIZ מרקיות שקופות 7""",,,"WIZ מרקיות שקופות 7""",יחידה,0.00,יחידה,false,,9.90,0.0000,true,1,245727
7290019031697,false,WIZ לפתניות שקופות 2,,,WIZ לפתניות שקופות 2,יחידה,0.00,יחידה,false,,5.90,0.0000,true,1,245729
7290019031833,false,"WIZ צלחות לבנות 9"" מ",,,"WIZ צלחות לבנות 9"" מ",יחידה,0.00,יחידה,false,,34.90,0.0000,true,1,261525
7290019056027,false,שוופס מוגז פירות תפו,,,שוופס מוגז פירות תפו,ליטרים,1.50,ליטר,false,,8.50,5.6667,true,1,167515
7290019056034,false,שוופס מוגז פירות אננ,,,שוופס מוגז פירות אננ,ליטרים,1.50,ליטר,false,,8.50,5.6667,true,1,167526
7290019056041,false,שוופס מוגז פירות ללא,,,שוופס מוגז פירות ללא,ליטרים,1.50,ליטר,false,,8.50,5.6667,true,1,167527
7290019056058,false,שוופס מוגז עדין תפוח,,,שוופס מוגז עדין תפוח,ליטרים,1.50,ליטר,false,,8.50,5.6667,true,1,167254
7290019056065,false,שוופס מוגז עדין פירו,,,שוופס מוגז עדין פירו,ליטרים,1.50,ליטר,false,,8.50,5.6667,true,1,167267
7290019056072,false,שוופס מוגז עדין אננס,,,שוופס מוגז עדין אננס,ליטרים,1.50,ליטר,false,,8.50,5.6667,true,1,167268
7290019056089,false,שוופס מוגז עדין טעם,,,שוופס מוגז עדין טעם,ליטרים,1.50,ליטר,false,,8.50,5.6667,true,1,167281
7290019056096,false,שוופס מוגז עדין אפרס,,,שוופס מוגז עדין אפרס,ליטרים,1.50,ליטר,false,,8.50,5.6667,true,1,167282
7290019056119,false,שוופס סודה 1.5ליטר,,,שוופס סודה 1.5ליטר,ליטרים,1.50,ליטר,false,,3.50,2.3333,true,1,167137
7290019056164,false,שוופס סודה 4*1.5ליטר,,,שוופס סודה 4*1.5ליטר,ליטרים,6.00,ליטר,false,,12.10,2.0167,true,1,167149
7290019056171,false,שוופס סודה לימון 4*1,,,שוופס סודה לימון 4*1,ליטרים,6.00,ליטר,false,,12.10,2.0167,true,1,167172
7290019056188,false,שוופס סודה נענע ליים,,,שוופס סודה נענע ליים,ליטרים,6.00,ליטר,false,,12.10,2.0167,true,1,167183
7290019056201,false,שוופס פירות יער סודה,,,שוופס פירות יער סודה,ליטרים,6.00,ליטר,false,,12.10,2.0167,true,1,167218
7290019056232,false,שוופס ליים מוחיטו 1.,,,שוופס ליים מוחיטו 1.,ליטרים,1.50,ליטר,false,,9.50,6.3333,true,1,167283
7290019056249,false,שוופס וואטר ענבים 1.,,,שוופס וואטר ענבים 1.,ליטרים,1.50,ליטר,false,,8.50,5.6667,true,1,167082
7290019056256,false,שוופס וואטר בטעם תפו,,,שוופס וואטר בטעם תפו,ליטרים,1.50,ליטר,false,,8.50,5.6667,true,1,167093
7290019056263,false,שוופס וואטר אפרסק 1.,,,שוופס וואטר אפרסק 1.,ליטרים,1.50,ליטר,false,,8.50,5.6667,true,1,167094
7290019056270,false,שוופס וואטר פירות יע,,,שוופס וואטר פירות יע,ליטרים,1.50,ליטר,false,,8.50,5.6667,true,1,168787
7290019056294,false,שוופס ג'ינג'ר אייל 1,,,שוופס ג'ינג'ר אייל 1,ליטרים,1.50,ליטר,false,,12.50,8.3333,true,1,167561
7290019056300,false,שוופס ביטר לימון 1.5,,,שוופס ביטר לימון 1.5,ליטרים,1.50,ליטר,false,,12.50,8.3333,true,1,167572
7290019056317,false,שוופס ראשן 1.5 ליטר,,,שוופס ראשן 1.5 ליטר,ליטרים,1.50,ליטר,false,,12.50,8.3333,true,1,167573
7290019056324,false,שוופס מי טוניק 1.5 ל,,,שוופס מי טוניק 1.5 ל,ליטרים,1.50,ליטר,false,,12.50,8.3333,true,1,167574
7290019056331,false,שוופס טוניק ללא סוכר,,,שוופס טוניק ללא סוכר,ליטרים,1.50,ליטר,false,,11.90,7.9333,true,1,167585
7290019056355,false,תפוזינה לימונדה נענע,,,תפוזינה לימונדה נענע,ליטרים,1.50,ליטר,false,,8.50,5.6667,true,1,166698
7290019056362,false,תפוזינה ענבים 1.5 לי,,,תפוזינה ענבים 1.5 לי,ליטרים,1.50,ליטר,false,,8.50,5.6667,true,1,166790
7290019056379,false,תפוזינה תפוזים 1.5 ל,,,תפוזינה תפוזים 1.5 ל,ליטרים,1.50,ליטר,false,,8.50,5.6667,true,1,166835
7290019056386,false,תפוזינה אשכוליות 1.5,,,תפוזינה אשכוליות 1.5,ליטרים,1.50,ליטר,false,,8.50,5.6667,true,1,166851
7290019056393,false,תפוזינה תות בננה 1.5,,,תפוזינה תות בננה 1.5,ליטרים,1.50,ליטר,false,,8.50,5.6667,true,1,166852
7290019056409,false,תפוזינה מנגו עסיסי 1,,,תפוזינה מנגו עסיסי 1,ליטרים,1.50,ליטר,false,,8.50,5.6667,true,1,166865
7290019056416,false,תפוזינה לימונדה 1.5,,,תפוזינה לימונדה 1.5,ליטרים,1.50,ליטר,false,,8.50,5.6667,true,1,166866
7290019056423,false,תפוזינה תפוח רענן 1.,,,תפוזינה תפוח רענן 1.,ליטרים,1.50,ליטר,false,,8.50,5.6667,true,1,166907
7290019056430,false,תפוזינה תפוז 1.5 ליט,,,תפוזינה תפוז 1.5 ליט,ליטרים,1.50,ליטר,false,,7.90,5.2667,true,1,166928
7290019056447,false,תפוזינה אשכוליות 1.5,,,תפוזינה אשכוליות 1.5,ליטרים,1.50,ליטר,false,,7.90,5.2667,true,1,166939
7290019056454,false,אר.סי קולה 1.5 ליטר,,,אר.סי קולה 1.5 ליטר,ליטרים,1.50,ליטר,false,,6.90,4.6000,true,1,167659
7290019056461,false,אר.סי קולה 6*1.5 ליט,,,אר.סי קולה 6*1.5 ליט,ליטרים,9.00,ליטר,false,,40.90,4.5444,true,1,167660
7290019056508,false,פרוט ווטר ענבים 1.5,,,פרוט ווטר ענבים 1.5,ליטרים,1.50,ליטר,false,,8.90,5.9333,true,1,167006
7290019056515,false,פרוט ווטר אננס 1.5 ל,,,פרוט ווטר אננס 1.5 ל,ליטרים,1.50,ליטר,false,,8.90,5.9333,true,1,167028
7290019056522,false,פרוט ווטר תות 1.5 לי,,,פרוט ווטר תות 1.5 לי,ליטרים,1.50,ליטר,false,,8.90,5.9333,true,1,167049
7290019056539,false,פרוט ווטר אפרסק 1.5,,,פרוט ווטר אפרסק 1.5,ליטרים,1.50,ליטר,false,,8.90,5.9333,true,1,167060
7290019056546,false,פרוט ווטר אבטיח 1.5,,,פרוט ווטר אבטיח 1.5,ליטרים,1.50,ליטר,false,,8.90,5.9333,true,1,167061
7290019056553,false,עין גדי מים מינרלים,,,עין גדי מים מינרלים,ליטרים,12.00,ליטר,false,,13.30,1.1083,true,1,167715
7290019056560,false,עין גדי מים מינרלים,,,עין גדי מים מינרלים,ליטרים,2.00,ליטר,false,,3.50,1.7500,true,1,167716
7290019056577,false,ספרינג מנגו 1.5 ליטר,,,ספרינג מנגו 1.5 ליטר,ליטרים,1.50,ליטר,false,,8.50,5.6667,true,1,166551
7290019056584,false,ספרינג תפוזים 1.5 לי,,,ספרינג תפוזים 1.5 לי,ליטרים,1.50,ליטר,false,,8.50,5.6667,true,1,166575
7290019056591,false,ספרינג ענבים 1.5 ליט,,,ספרינג ענבים 1.5 ליט,ליטרים,1.50,ליטר,false,,8.50,5.6667,true,1,166586
7290019056607,false,ספרינג תפוחים 1.5 לי,,,ספרינג תפוחים 1.5 לי,ליטרים,1.50,ליטר,false,,8.50,5.6667,true,1,166597
7290019056614,false,ספרינג אפרסק 1.5 ליט,,,ספרינג אפרסק 1.5 ליט,ליטרים,1.50,ליטר,false,,8.50,5.6667,true,1,166598
7290019056621,false,ספרינג פירות טרופיים,,,ספרינג פירות טרופיים,ליטרים,1.50,ליטר,false,,8.50,5.6667,true,1,166609
7290019056638,false,ספרינג תות בננה 1.5,,,ספרינג תות בננה 1.5,ליטרים,1.50,ליטר,false,,8.50,5.6667,true,1,166610
7290019056645,false,ספרינג אגס סברס תפוח,,,ספרינג אגס סברס תפוח,ליטרים,1.50,ליטר,false,,8.50,5.6667,true,1,166624
7290019056652,false,ספרינג אננס בננה 1.5,,,ספרינג אננס בננה 1.5,ליטרים,1.50,ליטר,false,,8.50,5.6667,true,1,166666
7290019056669,false,ספרינג תפוחים דיאט 1,,,ספרינג תפוחים דיאט 1,ליטרים,1.50,ליטר,false,,7.90,5.2667,true,1,166667
7290019056676,false,ספרינג דיאט אשכוליות,,,ספרינג דיאט אשכוליות,ליטרים,1.50,ליטר,false,,7.90,5.2667,true,1,176369
7290019056720,false,קריסטל מיץ ענבים 2 ל,,,קריסטל מיץ ענבים 2 ל,ליטרים,2.00,ליטר,false,,7.90,3.9500,true,1,167586
7290019056737,false,קריסטל מיץ אשכוליות,,,קריסטל מיץ אשכוליות,ליטרים,2.00,ליטר,false,,7.90,3.9500,true,1,167597
7290019056744,false,קריסטל מיץ תפוזים 2,,,קריסטל מיץ תפוזים 2,ליטרים,2.00,ליטר,false,,7.90,3.9500,true,1,167598
7290019056768,false,קריסטל מיץ מנגו 2 לי,,,קריסטל מיץ מנגו 2 לי,ליטרים,2.00,ליטר,false,,7.90,3.9500,true,1,167610
7290019056775,false,קריסטל ענבים מוגז 2,,,קריסטל ענבים מוגז 2,ליטרים,2.00,ליטר,false,,7.90,3.9500,true,1,167611
7290019056782,false,קריסטל למון ליים 2 ל,,,קריסטל למון ליים 2 ל,ליטרים,2.00,ליטר,false,,7.90,3.9500,true,1,167612
7290019056799,false,קריסטל אקזוטי 2 ליטר,,,קריסטל אקזוטי 2 ליטר,ליטרים,2.00,ליטר,false,,7.90,3.9500,true,1,167623
7290019056805,false,משקה מוגז קריסטל תפו,,,משקה מוגז קריסטל תפו,ליטרים,2.00,ליטר,false,,7.90,3.9500,true,1,167624
7290019056812,false,קריסטל מנטה 2 ליטר,,,קריסטל מנטה 2 ליטר,ליטרים,2.00,ליטר,false,,7.90,3.9500,true,1,167635
7290019056829,false,קריסטל תפוזים 2 ליטר,,,קריסטל תפוזים 2 ליטר,ליטרים,2.00,ליטר,false,,7.90,3.9500,true,1,167636
7290019056836,false,תות קריסטל 2 ליטר,,,תות קריסטל 2 ליטר,ליטרים,2.00,ליטר,false,,7.90,3.9500,true,1,167647
7290019056959,false,מי עדן 1.5 ליטר,,,מי עדן 1.5 ליטר,ליטרים,1.50,ליטר,false,,3.90,2.6000,true,1,176370
7290019056973,false,מי עדן 6*1.5 ליטר,,,מי עדן 6*1.5 ליטר,ליטרים,9.00,ליטר,false,,12.90,1.4333,true,1,167671
7290019074885,false,קמיל בלו אקסטרה סופט,,,קמיל בלו אקסטרה סופט,מיליליטרים,500.00,"100 מ""ל",false,,29.90,5.9800,true,1,244329
7290019075103,false,קמיל בלו אקסטרה סופט,,,קמיל בלו אקסטרה סופט,ליטרים,1000.00,100 ליטר,false,,32.90,3.2900,true,1,244341
7290019153214,false,שוופס פחית מנטה 330,,,שוופס פחית מנטה 330,מיליליטרים,330.00,"100 מ""ל",false,,4.50,1.3636,true,1,230826
7290019153269,false,שוופס סודה אננס 4*1.,,,שוופס סודה אננס 4*1.,ליטרים,6.00,ליטר,false,,12.10,2.0167,true,1,218774
7290019153313,false,פרוט & וג' תפוח חמוצ,,,פרוט & וג' תפוח חמוצ,מיליליטרים,330.00,"100 מ""ל",false,,7.90,2.3939,true,1,230837
7290019153344,false,תפוזינה סנגריה 1.5 ל,,,תפוזינה סנגריה 1.5 ל,ליטרים,1.50,ליטר,false,,8.50,5.6667,true,1,226271
7290019153351,false,תפוזינה פינק אוזו 1.,,,תפוזינה פינק אוזו 1.,ליטרים,1.50,ליטר,false,,8.50,5.6667,true,1,226272
7290019153375,false,תפוזינה מוחיטו 1.5 ל,,,תפוזינה מוחיטו 1.5 ל,ליטרים,1.50,ליטר,false,,8.50,5.6667,true,1,226283
7290019204008,false,פסטרמה ארבעה פלפלים,,,פסטרמה ארבעה פלפלים,גרמים,350.00,100 גרם,false,,24.90,7.1143,true,1,252075
7290019204305,false,פסטרמה ברביקיו עוף ט,,,פסטרמה ברביקיו עוף ט,גרמים,350.00,100 גרם,false,,24.90,7.1143,true,1,252050
7290019233046,false,זית קלמטה בלונד עם ש,,,זית קלמטה בלונד עם ש,גרמים,215.00,100 גרם,false,,13.90,6.4651,true,1,193405
7290019245001,false,שמן קנולה אלומות 1 ל,,,שמן קנולה אלומות 1 ל,ליטרים,1.00,ליטר,false,,10.90,10.9000,true,1,214735
7290019297239,false,צימוק כהה 330 גרם,,,צימוק כהה 330 גרם,גרמים,330.00,100 גרם,false,,13.90,4.2121,true,1,4912
7290019297451,false,מי ורדים שקדיה 500 מ,,,מי ורדים שקדיה 500 מ,מיליליטרים,500.00,"100 מ""ל",false,,13.90,2.7800,true,1,4921
7290019297536,false,חמאת בוטנים עם שברי,,,חמאת בוטנים עם שברי,גרמים,510.00,100 גרם,false,,11.90,2.3333,true,1,4925
7290019297543,false,חמאת בוטנים שקדיה 51,,,חמאת בוטנים שקדיה 51,גרמים,510.00,100 גרם,false,,9.90,1.9412,true,1,4926
7290019303701,false,פינוקיות שומשום מיקס,,,פינוקיות שומשום מיקס,גרמים,220.00,100 גרם,false,,18.90,8.5909,true,1,261085
7290019303800,false,פינוקיות שומשום שקדי,,,פינוקיות שומשום שקדי,גרמים,220.00,100 גרם,false,,18.90,8.5909,true,1,261087
7290019308058,false,שעועית ירוקה חתוכה 8,,,שעועית ירוקה חתוכה 8,גרמים,800.00,100 גרם,false,,7.20,0.9000,true,1,241324
7290019319382,false,פירות קפואים 400 גרם,,,פירות קפואים 400 גרם,גרמים,400.00,100 גרם,false,,16.90,4.2250,true,1,217671
7290019393061,false,קמח כוסמין מלא מנופה,,,קמח כוסמין מלא מנופה,קילוגרמים,1.00,"ק""ג",false,,16.90,16.9000,true,1,269697
7290100240137,false,בדין תרסיס למייבש כב,,,בדין תרסיס למייבש כב,מיליליטרים,500.00,"100 מ""ל",false,,16.90,3.3800,true,1,10439
7290100240632,false,פתית 6 דגנים תלמה 25,,,פתית 6 דגנים תלמה 25,גרמים,250.00,100 גרם,false,,16.90,6.7600,true,1,10442
7290100240656,false,פתית שיפון תלמה 300,,,פתית שיפון תלמה 300,גרמים,300.00,100 גרם,false,,16.90,5.6333,true,1,10443
7290100243671,false,בדין אקסטרא כחול-960,,,בדין אקסטרא כחול-960,מיליליטרים,960.00,"100 מ""ל",false,,15.90,1.6563,true,1,10454
7290100245231,false,נמס בכוס ועוד טעם עו,,,נמס בכוס ועוד טעם עו,גרמים,50.00,100 גרם,false,,6.90,13.8000,true,1,10463
7290100249659,false,רוטב לעוף צילי שום ב,,,רוטב לעוף צילי שום ב,גרמים,310.00,100 גרם,false,,10.50,3.3871,true,1,10507
7290100412459,false,מגבונים לניקוי וחיטו,,,מגבונים לניקוי וחיטו,יחידה,0.00,יחידה,false,,8.90,0.0000,true,1,29592
7290100412466,false,מגבונים לניקוי רצפות,,,מגבונים לניקוי רצפות,יח',10.00,יח',false,,9.90,0.9900,true,1,29593
7290100412831,false,תחליב רחצה אנטי איגי,,,תחליב רחצה אנטי איגי,מיליליטרים,700.00,"100 מ""ל",false,,15.90,2.2714,true,1,29607
7290100570074,false,אביזרי מטבח ב-4.99,,,אביזרי מטבח ב-4.99,יחידה,0.00,יחידה,false,,4.90,0.0000,true,1,34276
7290100570234,false,אביזרי מטבח,,,אביזרי מטבח,יחידה,0.00,יחידה,false,,12.90,0.0000,true,1,34278
7290100572146,false,כ.סט מקפיאון,,,כ.סט מקפיאון,יחידה,0.00,יחידה,false,,24.90,0.0000,true,1,34285
7290100572368,false,אביזרי מטבח,,,אביזרי מטבח,יחידה,0.00,יחידה,false,,19.90,0.0000,true,1,34287
7290100572610,false,אביזרי מטבח ב-11.99,,,אביזרי מטבח ב-11.99,יחידה,0.00,יחידה,false,,12.00,0.0000,true,1,34289
7290100572702,false,אביזרי מטבח ב-11.00,,,אביזרי מטבח ב-11.00,יחידה,0.00,יחידה,false,,10.90,0.0000,true,1,34290
7290100573402,false,אביזרי מטבח,,,אביזרי מטבח,יחידה,0.00,יחידה,false,,14.90,0.0000,true,1,34293
7290100575055,false,אבזרי מטבח,,,אבזרי מטבח,יחידה,0.00,יחידה,false,,29.90,0.0000,true,1,34296
7290100575086,false,אביזרי מטבח ב-6.99,,,אביזרי מטבח ב-6.99,יחידה,0.00,יחידה,false,,6.90,0.0000,true,1,34297
7290100653586,false,דיאודורנט ליידי ספיד,,,דיאודורנט ליידי ספיד,גרמים,65.00,100 גרם,false,,17.90,27.5385,true,1,21569
7290100658338,false,פלמוליב לכלים אוקסי-,,,פלמוליב לכלים אוקסי-,מיליליטרים,750.00,"100 מ""ל",false,,11.90,1.5867,true,1,21574
7290100680650,false,מנה חמה נודלס תאילנד,,,מנה חמה נודלס תאילנד,גרמים,76.00,100 גרם,false,,5.90,7.7632,true,1,18812
7290100680711,false,אסם פירורית זהב 350,,,אסם פירורית זהב 350,גרמים,350.00,100 גרם,false,,8.90,2.5429,true,1,18814
7290100680728,false,פירורית רגילה שקית 3,,,פירורית רגילה שקית 3,גרמים,350.00,100 גרם,false,,7.90,2.2571,true,1,18815
7290100681015,false,אסם פודינג אינסטנט ר,,,אסם פודינג אינסטנט ר,גרמים,84.00,100 גרם,false,,5.50,6.5476,true,1,18817
7290100681138,false,אפרופו מאח 3*50 גר',,,אפרופו מאח 3*50 גר',גרמים,150.00,100 גרם,false,,12.90,8.6000,true,1,18819
7290100681503,false,סירופ דיאט לימונענע,,,סירופ דיאט לימונענע,ליטרים,1.00,ליטר,false,,16.90,16.9000,true,1,18821
7290100685136,false,מרק בטעם עוף אסם 1 ק,,,מרק בטעם עוף אסם 1 ק,קילוגרמים,1.00,"ק""ג",false,,14.90,14.9000,true,1,18836
7290100685334,false,מרק עוף מרכיבים טבעי,,,מרק עוף מרכיבים טבעי,גרמים,400.00,100 גרם,false,,19.90,4.9750,true,1,18838
7290100685341,false,מרק זך טעם עוף רכיבי,,,מרק זך טעם עוף רכיבי,גרמים,400.00,100 גרם,false,,13.90,3.4750,true,1,18839
7290100686171,false,ביסלי גריל מאח.8 6*3,,,ביסלי גריל מאח.8 6*3,גרמים,210.00,100 גרם,false,,12.90,6.1429,true,1,18847
7290100687109,false,במבה במילוי קרם נוגט,,,במבה במילוי קרם נוגט,גרמים,60.00,100 גרם,false,,4.50,7.5000,true,1,18850
7290100689301,false,מרק בטעם עוף זך אסם,,,מרק בטעם עוף זך אסם,גרמים,400.00,100 גרם,false,,13.90,3.4750,true,1,18857
7290100700006,false,"סוגת חיטה 1 ק""ג",,,"סוגת חיטה 1 ק""ג",קילוגרמים,1.00,"ק""ג",false,,8.90,8.9000,true,1,17351
7290100700020,false,סוגת גריסי פנינה 500,,,סוגת גריסי פנינה 500,גרמים,500.00,100 גרם,false,,4.90,0.9800,true,1,17352
7290100700273,false,קינואה סוגת 500 גרם,,,קינואה סוגת 500 גרם,גרמים,500.00,100 גרם,false,,12.80,2.5600,true,1,17356
7290100700310,false,כוסמת 1 ק'ג,,,כוסמת 1 ק'ג,קילוגרמים,1.00,"ק""ג",false,,14.90,14.9000,true,1,17358
7290100700334,false,סוגת קינואה 1קג,,,סוגת קינואה 1קג,קילוגרמים,1.00,"ק""ג",false,,19.90,19.9000,true,1,17360
7290100700396,false,סוגת אורז יסמין קלאס,,,סוגת אורז יסמין קלאס,קילוגרמים,1.00,"ק""ג",false,,11.90,11.9000,true,1,17364
7290100700402,false,חומוס ענק 1 ק'ג,,,חומוס ענק 1 ק'ג,קילוגרמים,1.00,"ק""ג",false,,19.90,19.9000,true,1,17365
7290100700563,false,אורז מיקס קלאסי 1 ק',,,אורז מיקס קלאסי 1 ק',קילוגרמים,1.00,"ק""ג",false,,12.90,12.9000,true,1,17369
7290100700587,false,סוגת בורגול 500 גר,,,סוגת בורגול 500 גר,גרמים,500.00,100 גרם,false,,5.90,1.1800,true,1,17370
7290100701157,false,אורז סושי 1 קג,,,אורז סושי 1 קג,קילוגרמים,1.00,"ק""ג",false,,11.90,11.9000,true,1,17373
7290100701300,false,סוגת קינואה אדומה 50,,,סוגת קינואה אדומה 50,גרמים,500.00,100 גרם,false,,12.80,2.5600,true,1,17374
7290100701331,false,קמח רב תכליתי סוגת,,,קמח רב תכליתי סוגת,קילוגרמים,1.00,"ק""ג",false,,6.90,6.9000,true,1,17376
7290100701409,false,קמח תירס סוגת 500 גר,,,קמח תירס סוגת 500 גר,גרמים,500.00,100 גרם,false,,7.90,1.5800,true,1,17380
7290100701577,false,קמח לחם מועשר בויטמי,,,קמח לחם מועשר בויטמי,קילוגרמים,1.00,"ק""ג",false,,6.90,6.9000,true,1,17383
7290100702260,false,קוסקוס דק סוגת 350 ג,,,קוסקוס דק סוגת 350 ג,גרמים,350.00,100 גרם,false,,4.90,1.4000,true,1,17393
7290100702277,false,קוסקוס עבה סוגת 350,,,קוסקוס עבה סוגת 350,גרמים,350.00,100 גרם,false,,4.90,1.4000,true,1,17394
7290100702284,false,קוסקוס מלא סוגת 350,,,קוסקוס מלא סוגת 350,גרמים,350.00,100 גרם,false,,4.90,1.4000,true,1,17395
7290100702383,false,"קמח תופח סוגת 1 ק""ג",,,"קמח תופח סוגת 1 ק""ג",קילוגרמים,1.00,"ק""ג",false,,6.90,6.9000,true,1,17398
7290100702611,false,פתיתים אפויים אורז ס,,,פתיתים אפויים אורז ס,גרמים,500.00,100 גרם,false,,4.90,0.9800,true,1,17407
7290100702628,false,פתיתים אפויים קוסקוס,,,פתיתים אפויים קוסקוס,גרמים,500.00,100 גרם,false,,4.90,0.9800,true,1,17408
7290100702635,false,פתיתים אפויים כוכבים,,,פתיתים אפויים כוכבים,גרמים,500.00,100 גרם,false,,4.90,0.9800,true,1,17409
7290100702741,false,סוכר חום בהיר בצנצנת,,,סוכר חום בהיר בצנצנת,קילוגרמים,1.00,"ק""ג",false,,12.90,12.9000,true,1,17418
7290100702987,false,פתיתי שיבולת שועל סו,,,פתיתי שיבולת שועל סו,גרמים,500.00,100 גרם,false,,5.90,1.1800,true,1,17435
7290100702994,false,סוכר דמררה בשקית סוג,,,סוכר דמררה בשקית סוג,גרמים,500.00,100 גרם,false,,6.90,1.3800,true,1,17436
7290100703007,false,סוגת עדשים שחורות בל,,,סוגת עדשים שחורות בל,גרמים,500.00,100 גרם,false,,8.90,1.7800,true,1,17437
7290100703564,false,שיבולת שועל עבה סוגת,,,שיבולת שועל עבה סוגת,גרמים,500.00,100 גרם,false,,5.90,1.1800,true,1,17461
7290100703625,false,קמח לבן ללא ניפוי סו,,,קמח לבן ללא ניפוי סו,קילוגרמים,1.00,"ק""ג",false,,7.90,7.9000,true,1,17464
7290100703632,false,קמח מלא ללא ניפוי סו,,,קמח מלא ללא ניפוי סו,קילוגרמים,1.00,"ק""ג",false,,7.90,7.9000,true,1,17465
7290100703687,false,קמח חלה ללא ניפוי סו,,,קמח חלה ללא ניפוי סו,קילוגרמים,1.00,"ק""ג",false,,7.90,7.9000,true,1,17469
7290100703915,false,מארז פופקורן למיקרוג,,,מארז פופקורן למיקרוג,גרמים,540.00,100 גרם,false,,9.90,1.8333,true,1,17476
7290100703922,false,מארז פופקורן למיקרוג,,,מארז פופקורן למיקרוג,גרמים,540.00,100 גרם,false,,9.90,1.8333,true,1,17477
7290100704622,false,סוכר דמררה דק דק בצנ,,,סוכר דמררה דק דק בצנ,גרמים,500.00,100 גרם,false,,7.90,1.5800,true,1,164560
7290100850909,false,דוריטוס נאצו מקסיקני,,,דוריטוס נאצו מקסיקני,גרמים,70.00,100 גרם,false,,3.60,5.1429,true,1,24185
7290100850916,false,דוריטוס חמוץ חריף 70,,,דוריטוס חמוץ חריף 70,גרמים,70.00,100 גרם,false,,3.60,5.1429,true,1,24186
7290100850923,false,דוריטוס גריל 70 גרם,,,דוריטוס גריל 70 גרם,גרמים,70.00,100 גרם,false,,3.60,5.1429,true,1,24187
7290100858592,false,עלית קקאו 150ג,,,עלית קקאו 150ג,גרמים,150.00,100 גרם,false,,9.90,6.6000,true,1,22371
7290100858608,false,עלית קקאו 500ג,,,עלית קקאו 500ג,גרמים,500.00,100 גרם,false,,23.90,4.7800,true,1,22372
7290100903636,false,סלסלה מיני מיני מריא,,,סלסלה מיני מיני מריא,יחידה,0.00,יחידה,false,,3.90,0.0000,true,1,38451
7290100921760,false,שמפו ספורט לשיער ולג,,,שמפו ספורט לשיער ולג,מיליליטרים,700.00,"100 מ""ל",false,,9.90,1.4143,true,1,8152
7290100922637,false,הוואי אל סבון נוזלי,,,הוואי אל סבון נוזלי,ליטרים,1.50,ליטר,false,,14.90,9.9333,true,1,8173
7290100922651,false,סבון מוצק מי קוקוס ה,,,סבון מוצק מי קוקוס ה,גרמים,400.00,100 גרם,false,,11.90,2.9750,true,1,8174
7290100924204,false,פרסיל אבקת כביסה 8 ק,,,פרסיל אבקת כביסה 8 ק,קילוגרמים,8.00,"ק""ג",false,,50.90,6.3625,true,1,34971
7290100924457,false,סוד סבון 4 כדוריות ל,,,סוד סבון 4 כדוריות ל,גרמים,150.00,100 גרם,false,,16.90,11.2667,true,1,34976
7290100924464,false,סוד סבון 4 כדוריות ל,,,סוד סבון 4 כדוריות ל,גרמים,150.00,100 גרם,false,,16.90,11.2667,true,1,34977
7290100924631,false,מרכך כביסה סוד מרוכז,,,מרכך כביסה סוד מרוכז,מיליליטרים,900.00,"100 מ""ל",false,,9.90,1.1000,true,1,34986
7290100925676,false,קולור קאצ'ר 20 דפים,,,קולור קאצ'ר 20 דפים,יחידה,0.00,יחידה,false,,22.90,0.0000,true,1,35025
7290100926147,false,אבקת כביסה פרסיל קול,,,אבקת כביסה פרסיל קול,קילוגרמים,2.50,"ק""ג",false,,26.90,10.7600,true,1,35036
7290100926598,false,פרסיל אבקת כביסה 5 ק,,,פרסיל אבקת כביסה 5 ק,קילוגרמים,5.00,"ק""ג",false,,43.90,8.7800,true,1,35043
7290101112228,false,פופסיקל בטעם אננס 8,,,פופסיקל בטעם אננס 8,גרמים,640.00,100 גרם,false,,24.90,3.8906,true,1,36083
7290101113591,false,מאגדת טילון  YOLO בט,,,מאגדת טילון  YOLO בט,גרמים,400.00,100 גרם,false,,24.90,6.2250,true,1,115234
7290101113638,false,מאגדת סנקור ארוך 8 י,,,מאגדת סנקור ארוך 8 י,גרמים,560.00,100 גרם,false,,31.90,5.6964,true,1,115256
7290101453888,false,נר מספר 1,,,נר מספר 1,יחידה,0.00,יחידה,false,,4.50,0.0000,true,1,32292
7290101453918,false,נר מספר 4,,,נר מספר 4,יחידה,0.00,יחידה,false,,4.50,0.0000,true,1,32295
7290101459880,false,נרות אותיות- יום הול,,,נרות אותיות- יום הול,יחידה,0.00,יחידה,false,,9.90,0.0000,true,1,32494
7290101486688,false,פרי חטיפי בריאות מאר,,,פרי חטיפי בריאות מאר,גרמים,100.00,100 גרם,false,,14.90,14.9000,true,1,21578
7290101488316,false,דאו' ללא סימן ורוד ל,,,דאו' ללא סימן ורוד ל,מיליליטרים,65.00,"100 מ""ל",false,,19.30,29.6923,true,1,21584
7290101488323,false,דאו' ללא סימן ירוק ל,,,דאו' ללא סימן ירוק ל,גרמים,65.00,100 גרם,false,,19.30,29.6923,true,1,21585
7290101501480,false,פטריות מיקס,,,פטריות מיקס,יח',1.00,יח',false,,19.90,19.9000,true,1,45884
7290101551027,false,קפסולות אספרסו 14 למ,,,קפסולות אספרסו 14 למ,גרמים,50.00,100 גרם,false,,16.90,33.8000,true,1,22379
7290101551263,false,סילאן טבעי יד מרדכי,,,סילאן טבעי יד מרדכי,גרמים,700.00,100 גרם,false,,21.90,3.1286,true,1,22381
7290101551300,false,סילאן טבעי לחיץ יד מ,,,סילאן טבעי לחיץ יד מ,גרמים,380.00,100 גרם,false,,14.90,3.9211,true,1,22382
7290101551539,false,דנונה פרו 20 אפרסק 2,,,דנונה פרו 20 אפרסק 2,גרמים,200.00,100 גרם,false,,5.90,2.9500,true,1,23403
7290101551584,false,מארז תפוצ'יפס קידס 1,,,מארז תפוצ'יפס קידס 1,גרמים,200.00,100 גרם,false,,12.90,6.4500,true,1,24193
7290101551638,false,מארז צ'יטוס כאפה 10*,,,מארז צ'יטוס כאפה 10*,גרמים,200.00,100 גרם,false,,12.90,6.4500,true,1,24197
7290101863410,false,סיליט באנג ספריי אקו,,,סיליט באנג ספריי אקו,מיליליטרים,750.00,"100 מ""ל",false,,14.90,1.9867,true,1,20908
7290101864127,false,קליה אוקסי ספריי 750,,,קליה אוקסי ספריי 750,מיליליטרים,750.00,"100 מ""ל",false,,16.90,2.2533,true,1,20912
7290101865261,false,פיניש הברקה 800 מל,,,פיניש הברקה 800 מל,מיליליטרים,800.00,"100 מ""ל",false,,19.90,2.4875,true,1,20919
7290101866633,false,וניש קליה ג'ל 3 ליטר,,,וניש קליה ג'ל 3 ליטר,ליטרים,3.00,ליטר,false,,29.90,9.9667,true,1,20925
7290101866787,false,וניש נוזל מסיר כתמים,,,וניש נוזל מסיר כתמים,ליטרים,3.00,ליטר,false,,29.90,9.9667,true,1,20928
7290101868460,false,אבקת כביסה קולון 101,,,אבקת כביסה קולון 101,קילוגרמים,8.00,"ק""ג",false,,54.90,6.8625,true,1,20947
7290101868958,false,פיניש נוזל הברקה לימ,,,פיניש נוזל הברקה לימ,מיליליטרים,800.00,"100 מ""ל",false,,19.90,2.4875,true,1,20951
7290101869719,false,פיניש ג'ל לימון 600,,,פיניש ג'ל לימון 600,יחידה,0.00,יחידה,false,,32.90,0.0000,true,1,20961
7290101869726,false,ג'ל 1 ליטר AIO פיניש,,,ג'ל 1 ליטר AIO פיניש,ליטרים,1.00,ליטר,false,,42.90,42.9000,true,1,20962
7290101869733,false,ג'ל 1 ליטר לימון AIO,,,ג'ל 1 ליטר לימון AIO,ליטרים,1.00,ליטר,false,,42.90,42.9000,true,1,20963
7290101869795,false,איירוויק מילוי מבשם,,,איירוויק מילוי מבשם,מיליליטרים,250.00,"100 מ""ל",false,,15.90,6.3600,true,1,20969
7290101869825,false,איירוויק מילוי מבשם,,,איירוויק מילוי מבשם,מיליליטרים,19.00,"100 מ""ל",false,,16.90,88.9474,true,1,20972
7290101985365,false,בקבוק אלומיניום גדול,,,בקבוק אלומיניום גדול,יחידה,0.00,יחידה,false,,22.50,0.0000,true,1,32573
7290101999720,false,נרות מטה לבבות פו,,,נרות מטה לבבות פו,יחידה,0.00,יחידה,false,,7.50,0.0000,true,1,32828
7290102030330,false,תפוצ'יפס קראנץ מקסיק,,,תפוצ'יפס קראנץ מקסיק,גרמים,200.00,100 גרם,false,,9.90,4.9500,true,1,24206
7290102031276,false,אקטימל תות בננה 8*10,,,אקטימל תות בננה 8*10,מיליליטרים,800.00,"100 מ""ל",false,,19.90,2.4875,true,1,23424
7290102032334,false,קפה נמס עלית בטעם ונ,,,קפה נמס עלית בטעם ונ,גרמים,200.00,100 גרם,false,,19.90,9.9500,true,1,22385
7290102060979,false,משחת שיניים משפחתי א,,,משחת שיניים משפחתי א,מיליליטרים,100.00,"100 מ""ל",false,,18.90,18.9000,true,1,21588
7290102062195,false,אלמקס משחת שיניים אל,,,אלמקס משחת שיניים אל,מיליליטרים,75.00,"100 מ""ל",false,,15.90,21.2000,true,1,21591
7290102300822,false,סיימן גבינת צדר אנגל,,,סיימן גבינת צדר אנגל,גרמים,200.00,100 גרם,false,,23.90,11.9500,true,1,17183
7290102302864,false,גבינה הולנדית חצי קש,,,גבינה הולנדית חצי קש,גרמים,200.00,100 גרם,false,,29.90,14.9500,true,1,215510
7290102302888,false,גבינה הולנדית עם כמו,,,גבינה הולנדית עם כמו,גרמים,200.00,100 גרם,false,,29.90,14.9500,true,1,215487
7290102390427,false,מולר פרופ תות 3% 150,,,מולר פרופ תות 3% 150,גרמים,150.00,100 גרם,false,,4.90,3.2667,true,1,6444
7290102390465,false,מולר פרופ אפרסק פסיפ,,,מולר פרופ אפרסק פסיפ,גרמים,150.00,100 גרם,false,,4.90,3.2667,true,1,6445
7290102390489,false,מולר פרופ לימון 3% 1,,,מולר פרופ לימון 3% 1,גרמים,150.00,100 גרם,false,,4.90,3.2667,true,1,6447
7290102391844,false,מולר פרופ לבן+קציפת,,,מולר פרופ לבן+קציפת,גרמים,150.00,100 גרם,false,,4.90,3.2667,true,1,6454
7290102392049,false,צוריאל תבור 5% 500ג,,,צוריאל תבור 5% 500ג,גרמים,500.00,100 גרם,false,,22.90,4.5800,true,1,6456
7290102392094,false,צוריאל חלב עיזים 1ל,,,צוריאל חלב עיזים 1ל,ליטרים,1.00,ליטר,false,,15.50,15.5000,true,1,6457
7290102392254,false,טרה חלב 1% 2ל,,,טרה חלב 1% 2ל,ליטרים,2.00,ליטר,false,,11.72,5.8600,true,1,6460
7290102393039,false,מולר מיקס בתוספת פצפ,,,מולר מיקס בתוספת פצפ,מיליליטרים,170.00,"100 מ""ל",false,,5.90,3.4706,true,1,6473
7290102393169,false,מולר סימפלי פרוט תות,,,מולר סימפלי פרוט תות,גרמים,150.00,100 גרם,false,,4.90,3.2667,true,1,6480
7290102393176,false,מולר סימפלי פרוט אפר,,,מולר סימפלי פרוט אפר,גרמים,150.00,100 גרם,false,,4.90,3.2667,true,1,6481
7290102393190,false,מולר סימפלי פרוט פיר,,,מולר סימפלי פרוט פיר,גרמים,150.00,100 גרם,false,,4.90,3.2667,true,1,6482
7290102393268,false,טרה גבינה לבנה אריזת,,,טרה גבינה לבנה אריזת,גרמים,750.00,100 גרם,false,,14.90,1.9867,true,1,6483
7290102393299,false,צוריאל יוגורט עיזים,,,צוריאל יוגורט עיזים,מיליליטרים,500.00,"100 מ""ל",false,,11.90,2.3800,true,1,6484
7290102393947,false,מולר סימפלי פרוט קיו,,,מולר סימפלי פרוט קיו,מיליליטרים,150.00,"100 מ""ל",false,,4.90,3.2667,true,1,6490
7290102394081,false,מולר מיקס קורנפקלס מ,,,מולר מיקס קורנפקלס מ,גרמים,170.00,100 גרם,false,,5.90,3.4706,true,1,6492
7290102394258,false,צוריאל מה עז 9% 180ג,,,צוריאל מה עז 9% 180ג,גרמים,180.00,100 גרם,false,,20.90,11.6111,true,1,6494
7290102394463,false,נעם גבינה צהובה וואק,,,נעם גבינה צהובה וואק,גרמים,500.00,100 גרם,false,,25.90,5.1800,true,1,6501
7290102394821,false,נעם גבינה צהובה דק ד,,,נעם גבינה צהובה דק ד,גרמים,200.00,100 גרם,false,,15.50,7.7500,true,1,6505
7290102394845,false,נעם גבינה צהובה דק ד,,,נעם גבינה צהובה דק ד,גרמים,200.00,100 גרם,false,,16.90,8.4500,true,1,6506
7290102395217,false,מולר ביאנקו במתיקות,,,מולר ביאנקו במתיקות,קילוגרמים,1.20,"ק""ג",false,,18.50,15.4167,true,1,6513
7290102395224,false,מולר נטורל 1.7% 8*15,,,מולר נטורל 1.7% 8*15,קילוגרמים,1.20,"ק""ג",false,,16.90,14.0833,true,1,6514
7290102395231,false,מולר נטורל 2.8% 8*15,,,מולר נטורל 2.8% 8*15,קילוגרמים,1.20,"ק""ג",false,,16.90,14.0833,true,1,6515
7290102395262,false,מולר תות שדה ואפרסק,,,מולר תות שדה ואפרסק,קילוגרמים,1.20,"ק""ג",false,,30.90,25.7500,true,1,6516
7290102395347,false,טרה יוגורט 6% כד 3 ק,,,טרה יוגורט 6% כד 3 ק,קילוגרמים,3.00,"ק""ג",false,,28.90,9.6333,true,1,6517
7290102395439,false,מולר סימפלי פירות יע,,,מולר סימפלי פירות יע,קילוגרמים,1.20,"ק""ג",false,,30.90,25.7500,true,1,6520
7290102395446,false,מוו וניל קצפת 123מל,,,מוו וניל קצפת 123מל,מיליליטרים,123.00,"100 מ""ל",false,,2.90,2.3577,true,1,6521
7290102395477,false,מוו שוקולד קצפת 123מ,,,מוו שוקולד קצפת 123מ,מיליליטרים,123.00,"100 מ""ל",false,,2.90,2.3577,true,1,6524
7290102395521,false,טרה שמנת לבישול 15%+,,,טרה שמנת לבישול 15%+,מיליליטרים,500.00,"100 מ""ל",false,,16.50,3.3000,true,1,6525
7290102396399,false,מוו מעדן שוקולד 100*,,,מוו מעדן שוקולד 100*,גרמים,800.00,100 גרם,false,,13.40,1.6750,true,1,6542
7290102396405,false,מוו מעדן וניל 100*8,,,מוו מעדן וניל 100*8,גרמים,800.00,100 גרם,false,,13.40,1.6750,true,1,6543
7290102396436,false,מוו מעדן שוקולד 1.5%,,,מוו מעדן שוקולד 1.5%,גרמים,125.00,100 גרם,false,,2.90,2.3200,true,1,6546
7290102396443,false,מוו מעדן וניל 1.5% 1,,,מוו מעדן וניל 1.5% 1,גרמים,125.00,100 גרם,false,,2.90,2.3200,true,1,6547
7290102396580,false,מוו מעדן שוקולד ומוס,,,מוו מעדן שוקולד ומוס,גרמים,118.00,100 גרם,false,,2.90,2.4576,true,1,6551
7290102396597,false,מוו מעדן וניל ומוס ש,,,מוו מעדן וניל ומוס ש,גרמים,118.00,100 גרם,false,,2.90,2.4576,true,1,6552
7290102396665,false,גבנ`צ דקדק פתח סגור,,,גבנ`צ דקדק פתח סגור,גרמים,200.00,100 גרם,false,,15.50,7.7500,true,1,6555
7290102396672,false,נעם צהובה דק דק 9% 3,,,נעם צהובה דק דק 9% 3,גרמים,360.00,100 גרם,false,,25.90,7.1944,true,1,6556
7290102396740,false,מולר סימפלי פרוט 0%,,,מולר סימפלי פרוט 0%,קילוגרמים,1.20,"ק""ג",false,,30.90,25.7500,true,1,6561
7290102397204,false,נעם צהובה דק דק 22%,,,נעם צהובה דק דק 22%,גרמים,200.00,100 גרם,false,,15.50,7.7500,true,1,6582
7290102397310,false,מאגדת שמינייה מיני מ,,,מאגדת שמינייה מיני מ,מיליליטרים,944.00,"100 מ""ל",false,,11.50,1.2182,true,1,6586
7290102397464,false,מולר יוגורט נטורל +,,,מולר יוגורט נטורל +,גרמים,150.00,100 גרם,false,,5.90,3.9333,true,1,6597
7290102397600,false,מולר מיקס שקדים ובוט,,,מולר מיקס שקדים ובוט,גרמים,168.00,100 גרם,false,,5.90,3.5119,true,1,6607
7290102397617,false,מולר מיקס קליק 168 ג,,,מולר מיקס קליק 168 ג,גרמים,168.00,100 גרם,false,,5.90,3.5119,true,1,6608
7290102397679,false,קוטג' וחצי 5% 375 גר,,,קוטג' וחצי 5% 375 גר,גרמים,375.00,100 גרם,false,,6.90,1.8400,true,1,6611
7290102397730,false,גבינת אמנטל נעם פתיח,,,גבינת אמנטל נעם פתיח,גרמים,200.00,100 גרם,false,,16.90,8.4500,true,1,6616
7290102397747,false,מוצרלה נעם  רכיבים ט,,,מוצרלה נעם  רכיבים ט,גרמים,200.00,100 גרם,false,,18.90,9.4500,true,1,6617
7290102397891,false,רביעייה גבינה מותכת,,,רביעייה גבינה מותכת,גרמים,100.00,100 גרם,false,,7.50,7.5000,true,1,6624
7290102398065,false,טרה חלב קרטון 3% מהד,,,טרה חלב קרטון 3% מהד,יחידה,0.00,יחידה,false,,12.46,0.0000,true,1,6633
7290102398331,false,חלב מועשר  1 ליטר דל,,,חלב מועשר  1 ליטר דל,ליטרים,1.00,ליטר,false,,7.50,7.5000,true,1,6652
7290102398553,false,שוקו טרה בבקבוק 1.5,,,שוקו טרה בבקבוק 1.5,ליטרים,1.50,ליטר,false,,15.90,10.6000,true,1,6666
7290102398560,false,שוקו טרה מועשר בבקבו,,,שוקו טרה מועשר בבקבו,ליטרים,1.00,ליטר,false,,11.90,11.9000,true,1,6667
7290102398577,false,שוקו טרה מועשר בבקבו,,,שוקו טרה מועשר בבקבו,מיליליטרים,250.00,"100 מ""ל",false,,5.50,2.2000,true,1,6668
7290102398614,false,משקה חלב בטעם בננה 1,,,משקה חלב בטעם בננה 1,ליטרים,1.00,ליטר,false,,11.90,11.9000,true,1,6669
7290102398638,false,משקה חלב בטעם מוקה 1,,,משקה חלב בטעם מוקה 1,ליטרים,1.00,ליטר,false,,11.90,11.9000,true,1,6670
7290102398669,false,אייס קפוצ'ינו מווו ט,,,אייס קפוצ'ינו מווו ט,ליטרים,1.00,ליטר,false,,11.90,11.9000,true,1,70998
7290102398782,false,משקה סויה קלאסי משק,,,משקה סויה קלאסי משק,ליטרים,1.00,ליטר,false,,9.90,9.9000,true,1,6676
7290102398799,false,משקה סויה במתיקות מו,,,משקה סויה במתיקות מו,ליטרים,1.00,ליטר,false,,9.90,9.9000,true,1,6677
7290102398805,false,משקה סויה בטעם וניל,,,משקה סויה בטעם וניל,ליטרים,1.00,ליטר,false,,9.90,9.9000,true,1,6678
7290102398836,false,משקה שקדים קלאסי משק,,,משקה שקדים קלאסי משק,ליטרים,1.00,ליטר,false,,11.90,11.9000,true,1,6680
7290102399048,false,קשקבל נעם פתיחה חוזר,,,קשקבל נעם פתיחה חוזר,גרמים,200.00,100 גרם,false,,21.90,10.9500,true,1,6687
7290102399772,false,מולר ממרח חמאה במליח,,,מולר ממרח חמאה במליח,גרמים,250.00,100 גרם,false,,15.90,6.3600,true,1,69694
7290102399789,false,מולר ממרח חמאה ללא מ,,,מולר ממרח חמאה ללא מ,גרמים,250.00,100 גרם,false,,15.90,6.3600,true,1,69695
7290102399796,false,יוגורט חלבון לבן 250,,,יוגורט חלבון לבן 250,גרמים,200.00,100 גרם,false,,5.90,2.9500,true,1,67032
7290102399802,false,יוגורט חלבון תות 20,,,יוגורט חלבון תות 20,גרמים,200.00,100 גרם,false,,5.90,2.9500,true,1,67033
7290102399857,false,יוגורט מולר אקטיב לי,,,יוגורט מולר אקטיב לי,גרמים,150.00,100 גרם,false,,5.90,3.9333,true,1,76058
7290102458080,false,סט 3 סכינים,,,סט 3 סכינים,יחידה,0.00,יחידה,false,,14.90,0.0000,true,1,40680
7290102840182,false,פודינג שוקולד 85 ג,,,פודינג שוקולד 85 ג,גרמים,85.00,100 גרם,false,,3.80,4.4706,true,1,15287
7290102840199,false,גלי משמש 85 ג,,,גלי משמש 85 ג,גרמים,90.00,100 גרם,false,,3.90,4.3333,true,1,15288
7290103120658,false,דאודורנט ג'ל שחור ספ,,,דאודורנט ג'ל שחור ספ,מיליליטרים,85.00,"100 מ""ל",false,,18.90,22.2353,true,1,21598
7290103124588,false,תחליב רחצה ארומה סגו,,,תחליב רחצה ארומה סגו,מיליליטרים,750.00,"100 מ""ל",false,,19.90,2.6533,true,1,21604
7290103126797,false,סנסטיב פרו רילף קולג,,,סנסטיב פרו רילף קולג,מיליליטרים,110.00,"100 מ""ל",false,,21.90,19.9091,true,1,21610
7290103128739,false,בלונס צימרוני אוזניי,,,בלונס צימרוני אוזניי,יחידה,0.00,יחידה,false,,5.90,0.0000,true,1,21615
7290103401429,false,קפה אוריגינס קצב ברז,,,קפה אוריגינס קצב ברז,גרמים,200.00,100 גרם,false,,24.90,12.4500,true,1,22399
7290103404758,false,אחלה כרוב אדום 120ג,,,אחלה כרוב אדום 120ג,גרמים,120.00,100 גרם,false,,5.50,4.5833,true,1,23432
7290103408206,false,עלי חסה ערבית שטופים,,,עלי חסה ערבית שטופים,גרמים,250.00,100 גרם,false,,9.90,3.9600,true,1,23435
7290103681227,false,הר תבור גוורצטרמינר,,,הר תבור גוורצטרמינר,מיליליטרים,750.00,"100 מ""ל",false,,35.90,4.7867,true,1,6749
7290103681630,false,"פנינים לבן 750 מ""ל י",,,"פנינים לבן 750 מ""ל י",מיליליטרים,750.00,"100 מ""ל",false,,35.90,4.7867,true,1,89702
7290103700195,false,טאצ רדיד אלומיניום ק,,,טאצ רדיד אלומיניום ק,מטרים,15.00,מטר,false,,11.90,0.7933,true,1,24463
7290103700225,false,טאצ רדיד אלומיניום ר,,,טאצ רדיד אלומיניום ר,יחידה,0.00,יחידה,false,,16.90,0.0000,true,1,24464
7290103700386,false,טאצ' כריות יפניות 6י,,,טאצ' כריות יפניות 6י,יחידה,0.00,יחידה,false,,9.90,0.0000,true,1,24466
7290103700393,false,טאצ' כריות יפניות עב,,,טאצ' כריות יפניות עב,יחידה,0.00,יחידה,false,,8.90,0.0000,true,1,24467
7290103700652,false,טאצ' ספוג הפלא 6יח,,,טאצ' ספוג הפלא 6יח,יחידה,0.00,יחידה,false,,9.90,0.0000,true,1,24468
7290103701017,false,טאצ' נייר אפייה נשלף,,,טאצ' נייר אפייה נשלף,יחידה,0.00,יחידה,false,,9.90,0.0000,true,1,24472
7290103701093,false,טאצ מטליות מקרופייבר,,,טאצ מטליות מקרופייבר,יחידה,0.00,יחידה,false,,13.90,0.0000,true,1,24475
7290103701130,false,טאצ מטליות מקרופייבר,,,טאצ מטליות מקרופייבר,יחידה,0.00,יחידה,false,,13.90,0.0000,true,1,24476
7290103701147,false,טאצ רדידי אלומיניום,,,טאצ רדידי אלומיניום,מטרים,60.90,מטר,false,,35.90,0.5895,true,1,24477
7290103701178,false,טאצ ספוג הפלא בלוק,,,טאצ ספוג הפלא בלוק,יחידה,0.00,יחידה,false,,7.90,0.0000,true,1,24479
7290103702212,false,טאצ ממחטות כיס,,,טאצ ממחטות כיס,יחידה,0.00,יחידה,false,,6.90,0.0000,true,1,24483
7290103702229,false,טאצ מפות עבות במיוחד,,,טאצ מפות עבות במיוחד,יחידה,0.00,יחידה,false,,8.90,0.0000,true,1,24484
7290103702236,false,טאצ מפות עבות במיוחד,,,טאצ מפות עבות במיוחד,יחידה,0.00,יחידה,false,,8.90,0.0000,true,1,24485
7290103702298,false,טאצ אשפתון בגליל 50,,,טאצ אשפתון בגליל 50,יחידה,0.00,יחידה,false,,15.90,0.0000,true,1,24489
7290103702304,false,טאצ אשפתון בגליל 35,,,טאצ אשפתון בגליל 35,יחידה,0.00,יחידה,false,,15.90,0.0000,true,1,24490
7290103702328,false,טאצ אשפתון בגליל 25,,,טאצ אשפתון בגליל 25,יחידה,0.00,יחידה,false,,15.90,0.0000,true,1,24492
7290103702540,false,נייר טואלט  30 יח' מ,,,נייר טואלט  30 יח' מ,יחידה,0.00,יחידה,false,,23.90,0.0000,true,1,60859
7290103702779,false,מפיות אירוח  טאצ` 15,,,מפיות אירוח  טאצ` 15,יחידה,0.00,יחידה,false,,8.90,0.0000,true,1,24500
7290103703219,false,טאצ' מטליות לחות לני,,,טאצ' מטליות לחות לני,יחידה,0.00,יחידה,false,,20.90,0.0000,true,1,38150
7290103703233,false,טאצ' מטליות לחות לני,,,טאצ' מטליות לחות לני,יחידה,0.00,יחידה,false,,20.90,0.0000,true,1,38151
7290103703240,false,טאצ' מטליות לחות לרי,,,טאצ' מטליות לחות לרי,יח',10.00,יח',false,,9.90,0.9900,true,1,24506
7290103703370,false,טאצ' מגבוני נייר טוא,,,טאצ' מגבוני נייר טוא,יח',3.00,יח',false,,14.90,4.9667,true,1,24507
7290103703394,false,טאצ' ניילון נצמד זוג,,,טאצ' ניילון נצמד זוג,יחידה,0.00,יחידה,false,,9.90,0.0000,true,1,24508
7290103703455,false,טאצ' ספוג מבריק הפלא,,,טאצ' ספוג מבריק הפלא,גרמים,50.00,100 גרם,false,,9.90,19.8000,true,1,24509
7290103703578,false,לובלי נייר טואלט תלת,,,לובלי נייר טואלט תלת,יחידה,0.00,יחידה,false,,42.90,0.0000,true,1,24510
7290103703738,false,טאצ' מפות עבות במיוח,,,טאצ' מפות עבות במיוח,מטרים,45.00,מטר,false,,30.90,0.6867,true,1,24512
7290103703745,false,טאצ' מפות עבות 45 מט,,,טאצ' מפות עבות 45 מט,מטרים,45.00,מטר,false,,18.90,0.4200,true,1,24513
7290103703899,false,מפיות טאצ' 80 יחידות,,,מפיות טאצ' 80 יחידות,יחידה,0.00,יחידה,false,,4.90,0.0000,true,1,92787
7290103704155,false,מגבות נייר 6 גלילים,,,מגבות נייר 6 גלילים,מטרים,63.00,מטר,false,,10.90,0.1730,true,1,132353
7290103704179,false,מגבות נייר 8 גלילים,,,מגבות נייר 8 גלילים,מטרים,83.00,מטר,false,,13.90,0.1675,true,1,132035
7290103704186,false,מגבות טאצ' גליל כפול,,,מגבות טאצ' גליל כפול,יחידה,0.00,יחידה,false,,19.90,0.0000,true,1,183835
7290103704193,false,מגבות טאצ' גליל כפול,,,מגבות טאצ' גליל כפול,יחידה,0.00,יחידה,false,,24.90,0.0000,true,1,183846
7290103704575,false,נייר טואלט טאצ' 48 י,,,נייר טואלט טאצ' 48 י,יחידה,0.00,יחידה,false,,39.90,0.0000,true,1,113646
7290103704681,false,שקיות קוקי 10 יח' טא,,,שקיות קוקי 10 יח' טא,יחידה,0.00,יחידה,false,,4.90,0.0000,true,1,236976
7290103704766,false,נייר טואלט  24 גליל,,,נייר טואלט  24 גליל,יחידה,0.00,יחידה,false,,42.90,0.0000,true,1,225452
7290103746001,false,ממחטות טאצ' חמישייה,,,ממחטות טאצ' חמישייה,יחידה,0.00,יחידה,false,,11.90,0.0000,true,1,24522
7290104005176,false,חגורות גברים,,,חגורות גברים,יחידה,0.00,יחידה,false,,19.90,0.0000,true,1,31330
7290104061417,false,אחלה חומוס טחינה 400,,,אחלה חומוס טחינה 400,גרמים,400.00,100 גרם,false,,9.90,2.4750,true,1,23437
7290104061424,false,אחלה חומוס זעתר 400,,,אחלה חומוס זעתר 400,גרמים,400.00,100 גרם,false,,10.90,2.7250,true,1,23438
7290104061431,false,אחלה חומוס צנובר 400,,,אחלה חומוס צנובר 400,גרמים,400.00,100 גרם,false,,10.90,2.7250,true,1,23439
7290104061448,false,אחלה חומוס חריף 400ג,,,אחלה חומוס חריף 400ג,גרמים,400.00,100 גרם,false,,10.90,2.7250,true,1,23440
7290104062599,false,גמדים תות בננה 8*100,,,גמדים תות בננה 8*100,מיליליטרים,800.00,"100 מ""ל",false,,18.90,2.3625,true,1,23441
7290104064012,false,פסק זמן 2GOOD לבן 36,,,פסק זמן 2GOOD לבן 36,גרמים,36.00,100 גרם,false,,4.90,13.6111,true,1,22425
7290104065187,false,קפה נמס עלית בטעם מו,,,קפה נמס עלית בטעם מו,גרמים,200.00,100 גרם,false,,19.90,9.9500,true,1,22427
7290104065934,false,שטראוס עלי רוקט 150ג,,,שטראוס עלי רוקט 150ג,גרמים,150.00,100 גרם,false,,9.90,6.6000,true,1,23442
7290104066566,false,אחלה טחינה 500ג,,,אחלה טחינה 500ג,גרמים,500.00,100 גרם,false,,13.80,2.7600,true,1,23444
7290104067693,false,אחלה חומוס עם חריף 1,,,אחלה חומוס עם חריף 1,גרמים,150.00,100 גרם,false,,5.90,3.9333,true,1,23447
7290104068539,false,מאסט מלון ואבטיח 28ג,,,מאסט מלון ואבטיח 28ג,גרמים,28.00,100 גרם,false,,3.90,13.9286,true,1,22433
7290104068546,false,מאסט קולה 28 גרם,,,מאסט קולה 28 גרם,גרמים,28.00,100 גרם,false,,3.90,13.9286,true,1,22434
7290104500572,false,אפרופו איטלקי 36*50ג,,,אפרופו איטלקי 36*50ג,גרמים,50.00,100 גרם,false,,5.00,10.0000,true,1,18860
7290104501661,false,אסם פודינג בטעם וניל,,,אסם פודינג בטעם וניל,גרמים,80.00,100 גרם,false,,5.50,6.8750,true,1,18861
7290104504228,false,דובונים קדמ.מארז אחי,,,דובונים קדמ.מארז אחי,גרמים,100.00,100 גרם,false,,13.90,13.9000,true,1,18866
7290104508943,false,במבה קלאסי 18*200 גר,,,במבה קלאסי 18*200 גר,גרמים,200.00,100 גרם,false,,8.90,4.4500,true,1,18875
7290104570131,false,"תמר מג'הול 1 ק""ג",,,"תמר מג'הול 1 ק""ג",קילוגרמים,1.00,"ק""ג",false,,17.90,17.9000,true,1,42955
7290104570162,false,תמר כבוש 500 גרם,,,תמר כבוש 500 גרם,גרמים,500.00,100 גרם,false,,9.90,1.9800,true,1,42956
7290104720499,false,מארז דני וניל  8*125,,,מארז דני וניל  8*125,מיליליטרים,125.00,"100 מ""ל",false,,16.90,13.5200,true,1,23449
7290104721762,false,טורקי עלית 3*85 גר'.,,,טורקי עלית 3*85 גר'.,גרמים,255.00,100 גרם,false,,18.90,7.4118,true,1,22438
7290104722530,false,תפוציפס שמנת בצל 200,,,תפוציפס שמנת בצל 200,גרמים,200.00,100 גרם,false,,9.90,4.9500,true,1,24229
7290104726262,false,דני שוקולד לשתייה מא,,,דני שוקולד לשתייה מא,מיליליטרים,500.00,"100 מ""ל",false,,10.90,2.1800,true,1,23459
7290104726712,false,מילקי שמינייה מארז 8,,,מילקי שמינייה מארז 8,קילוגרמים,1.06,"ק""ג",false,,19.90,18.7736,true,1,23460
7290104728310,false,יטבתה שמנת עמידה לקצ,,,יטבתה שמנת עמידה לקצ,מיליליטרים,250.00,"100 מ""ל",false,,6.47,2.5880,true,1,23465
7290104858789,false,כוסיות יין 30cc לפיד,,,כוסיות יין 30cc לפיד,יחידה,0.00,יחידה,false,,7.90,0.0000,true,1,37434
7290104960239,false,תחליב רחצה קמומיל נק,,,תחליב רחצה קמומיל נק,מיליליטרים,750.00,"100 מ""ל",false,,11.90,1.5867,true,1,30474
7290104960246,false,תחליב רחצה ורד ויסמי,,,תחליב רחצה ורד ויסמי,מיליליטרים,750.00,"100 מ""ל",false,,11.90,1.5867,true,1,30475
7290104960253,false,תחליב רחצה לבנדר נקה,,,תחליב רחצה לבנדר נקה,מיליליטרים,750.00,"100 מ""ל",false,,11.90,1.5867,true,1,30476
7290104960338,false,תחליב רחצה אלוורה ות,,,תחליב רחצה אלוורה ות,מיליליטרים,750.00,"100 מ""ל",false,,11.90,1.5867,true,1,30477
7290104960970,false,דאו' ספריי מטאל טיטנ,,,דאו' ספריי מטאל טיטנ,מיליליטרים,180.00,"100 מ""ל",false,,15.90,8.8333,true,1,30483
7290104961243,false,תחליב רחצה קוקוס יסמ,,,תחליב רחצה קוקוס יסמ,מיליליטרים,750.00,"100 מ""ל",false,,9.90,1.3200,true,1,30487
7290104961250,false,תחליב רחצה וניל מאסק,,,תחליב רחצה וניל מאסק,מיליליטרים,750.00,"100 מ""ל",false,,11.90,1.5867,true,1,30488
7290104961526,false,ספריי גוף קלאסיק טיט,,,ספריי גוף קלאסיק טיט,מיליליטרים,150.00,"100 מ""ל",false,,11.90,7.9333,true,1,30495
7290104961540,false,טיטניום דאודורנט ספר,,,טיטניום דאודורנט ספר,מיליליטרים,150.00,"100 מ""ל",false,,11.90,7.9333,true,1,30497
7290104961878,false,קרטין אינטנס שמפו נט,,,קרטין אינטנס שמפו נט,מיליליטרים,400.00,"100 מ""ל",false,,30.90,7.7250,true,1,30499
7290104961885,false,מרכך קרטין אינטנס נט,,,מרכך קרטין אינטנס נט,מיליליטרים,400.00,"100 מ""ל",false,,30.90,7.7250,true,1,30500
7290104962080,false,ספריי גוף גולד טיטני,,,ספריי גוף גולד טיטני,מיליליטרים,150.00,"100 מ""ל",false,,11.90,7.9333,true,1,30510
7290104963216,false,סופטקר אלסבון עדין ל,,,סופטקר אלסבון עדין ל,יחידה,0.00,יחידה,false,,17.90,0.0000,true,1,30541
7290104963223,false,סופטקר אלסבון קלאסי,,,סופטקר אלסבון קלאסי,יחידה,0.00,יחידה,false,,17.90,0.0000,true,1,30542
7290104963667,false,סופטקר 2ב-1 אלסבון ו,,,סופטקר 2ב-1 אלסבון ו,יחידה,0.00,יחידה,false,,17.90,0.0000,true,1,30545
7290104964220,false,ג'ל מרענן לניקוי הפנ,,,ג'ל מרענן לניקוי הפנ,מיליליטרים,300.00,"100 מ""ל",false,,24.90,8.3000,true,1,35093
7290104964251,false,תרחיץ פנים מסכה פילי,,,תרחיץ פנים מסכה פילי,מיליליטרים,150.00,"100 מ""ל",false,,24.90,16.6000,true,1,35094
7290104964350,false,סבון נוזלי פרחי מים,,,סבון נוזלי פרחי מים,ליטרים,1.50,ליטר,false,,19.90,13.2667,true,1,30559
7290104965647,false,דאו' רול און נושם לב,,,דאו' רול און נושם לב,מיליליטרים,50.00,"100 מ""ל",false,,12.90,25.8000,true,1,129607
7290105360250,false,עלית קפסולות מקיאטו,,,עלית קפסולות מקיאטו,גרמים,50.00,100 גרם,false,,16.90,33.8000,true,1,22455
7290105360328,false,עלית קפסולות אספרסו,,,עלית קפסולות אספרסו,גרמים,50.00,100 גרם,false,,16.90,33.8000,true,1,22456
7290105360335,false,עלית קפסולות אספרסו,,,עלית קפסולות אספרסו,גרמים,50.00,100 גרם,false,,16.90,33.8000,true,1,22457
7290105360755,false,שמן זית 3 חזק כתית י,,,שמן זית 3 חזק כתית י,מיליליטרים,750.00,"100 מ""ל",false,,33.90,4.5200,true,1,22460
7290105360762,false,שמן זית 1 עדין כתית,,,שמן זית 1 עדין כתית,מיליליטרים,750.00,"100 מ""ל",false,,33.90,4.5200,true,1,22461
7290105360878,false,תפוציפס מארז 4*50ג,,,תפוציפס מארז 4*50ג,גרמים,200.00,100 גרם,false,,10.90,5.4500,true,1,24238
7290105362339,false,יטבתה שמנת לבישול 15,,,יטבתה שמנת לבישול 15,מיליליטרים,250.00,"100 מ""ל",false,,7.90,3.1600,true,1,23470
7290105363602,false,כיף כף מקלות קלאסי 4,,,כיף כף מקלות קלאסי 4,גרמים,40.00,100 גרם,false,,4.90,12.2500,true,1,22466
7290105364302,false,כיף כף מקלות אגוזים,,,כיף כף מקלות אגוזים,גרמים,42.00,100 גרם,false,,4.90,11.6667,true,1,22468
7290105366023,false,אחלה חציל בטעם כבד 4,,,אחלה חציל בטעם כבד 4,גרמים,400.00,100 גרם,false,,14.90,3.7250,true,1,23473
7290105366047,false,אחלה טחינה לבנה 400ג,,,אחלה טחינה לבנה 400ג,גרמים,400.00,100 גרם,false,,14.90,3.7250,true,1,23475
7290105366993,false,סימפוניה פלפל שיפקה,,,סימפוניה פלפל שיפקה,גרמים,200.00,100 גרם,false,,11.50,5.7500,true,1,23480
7290105368331,false,"מילקי תות 170 מ""ל",,,"מילקי תות 170 מ""ל",מיליליטרים,170.00,"100 מ""ל",false,,2.90,1.7059,true,1,23491
7290105368904,false,יטבתה שמנת עמידה לקצ,,,יטבתה שמנת עמידה לקצ,מיליליטרים,250.00,"100 מ""ל",false,,7.50,3.0000,true,1,23500
7290105368928,false,יטבתה שמנת 9% 200מל,,,יטבתה שמנת 9% 200מל,מיליליטרים,200.00,"100 מ""ל",false,,2.90,1.4500,true,1,23501
7290105369130,false,סימפוניה שטראוס בצל,,,סימפוניה שטראוס בצל,גרמים,200.00,100 גרם,false,,11.50,5.7500,true,1,23504
7290105430458,false,תחליב רחצה שקדים משא,,,תחליב רחצה שקדים משא,מיליליטרים,750.00,"100 מ""ל",false,,19.90,2.6533,true,1,21626
7290105431516,false,פרי חטיפי תמרים ובוט,,,פרי חטיפי תמרים ובוט,גרמים,125.00,100 גרם,false,,14.90,11.9200,true,1,21635
7290105431868,false,פלמוליב סבון נוזלי ס,,,פלמוליב סבון נוזלי ס,מיליליטרים,500.00,"100 מ""ל",false,,15.90,3.1800,true,1,21636
7290105436382,false,פרי חטיפי בריאות תמר,,,פרי חטיפי בריאות תמר,גרמים,100.00,100 גרם,false,,14.90,14.9000,true,1,21654
7290105439499,false,מיונז הולנדי מאסטר ש,,,מיונז הולנדי מאסטר ש,גרמים,480.00,100 גרם,false,,11.90,2.4792,true,1,21662
7290105439505,false,מאסטר שף  קרם בטעם מ,,,מאסטר שף  קרם בטעם מ,גרמים,479.00,100 גרם,false,,11.90,2.4843,true,1,21663
7290105439581,false,מאסטר שף מאסטר שף חר,,,מאסטר שף מאסטר שף חר,מיליליטרים,370.00,"100 מ""ל",false,,10.90,2.9459,true,1,21664
7290105500151,false,וודקה פינלנדיה 700 מ,,,וודקה פינלנדיה 700 מ,מיליליטרים,700.00,"100 מ""ל",false,,60.90,8.7000,true,1,13399
7290105500953,false,ג'ק נדיאלס וויסקי דב,,,ג'ק נדיאלס וויסקי דב,מיליליטרים,700.00,"100 מ""ל",false,,99.90,14.2714,true,1,13404
7290105691224,false,חטיפי פריכונים טורטי,,,חטיפי פריכונים טורטי,גרמים,60.00,100 גרם,false,,7.50,12.5000,true,1,18886
7290105691248,false,חטיפי פריכונים טורטי,,,חטיפי פריכונים טורטי,גרמים,60.00,100 גרם,false,,7.50,12.5000,true,1,18887
7290105691934,false,"קמח שמרים אסם 1 ק""ג",,,"קמח שמרים אסם 1 ק""ג",קילוגרמים,1.00,"ק""ג",false,,8.90,8.9000,true,1,18893
7290105693341,false,במבה מאח.15 10*25גרם,,,במבה מאח.15 10*25גרם,גרמים,250.00,100 גרם,false,,14.90,5.9600,true,1,18901
7290105693457,false,עוגת הבית דמקה שוקו,,,עוגת הבית דמקה שוקו,גרמים,320.00,100 גרם,false,,11.90,3.7188,true,1,18902
7290105695321,false,הבית עוגות בראוניס פ,,,הבית עוגות בראוניס פ,גרמים,380.00,100 גרם,false,,15.90,4.1842,true,1,18913
7290105775092,false,קומקום,,,קומקום,יחידה,0.00,יחידה,false,,59.90,0.0000,true,1,42270
7290105956255,false,מפה בד טרלין 150*250,,,מפה בד טרלין 150*250,יחידה,0.00,יחידה,false,,39.90,0.0000,true,1,51031
7290105962331,false,סחוג חריף מאוד זהבי,,,סחוג חריף מאוד זהבי,גרמים,220.00,100 גרם,false,,10.90,4.9545,true,1,23506
7290105964564,false,אחלה חומוס אחלה 400ג,,,אחלה חומוס אחלה 400ג,גרמים,400.00,100 גרם,false,,7.90,1.9750,true,1,23511
7290105965738,false,דנונה משקה תות בננה,,,דנונה משקה תות בננה,גרמים,267.00,100 גרם,false,,4.90,1.8352,true,1,23517
7290105966469,false,חומץ בלסמי יד מרדכי,,,חומץ בלסמי יד מרדכי,גרמים,250.00,100 גרם,false,,13.90,5.5600,true,1,22500
7290105968098,false,אחלה קולסלאו 500ג,,,אחלה קולסלאו 500ג,גרמים,500.00,100 גרם,false,,14.90,2.9800,true,1,23523
7290105968654,false,שטראוס רביולי בטטה 4,,,שטראוס רביולי בטטה 4,גרמים,400.00,100 גרם,false,,19.90,4.9750,true,1,23524
7290105968777,false,פריכיות תחתית שוקלד,,,פריכיות תחתית שוקלד,גרמים,70.00,100 גרם,false,,7.90,11.2857,true,1,22505
7290105987037,false,סט קולבים  6 יחידות,,,סט קולבים  6 יחידות,יחידה,0.00,יחידה,false,,12.90,0.0000,true,1,76707
7290106520066,false,רבע לשבע 160 גרם,,,רבע לשבע 160 גרם,גרמים,160.00,100 גרם,false,,10.90,6.8125,true,1,22507
7290106520288,false,דנונה פרו תות 150 גר,,,דנונה פרו תות 150 גר,גרמים,150.00,100 גרם,false,,4.90,3.2667,true,1,23526
7290106520912,false,יטבתה שמנת לבישול 9%,,,יטבתה שמנת לבישול 9%,מיליליטרים,250.00,"100 מ""ל",false,,7.90,3.1600,true,1,23535
7290106521926,false,קפה טורקי עלית 150 ג,,,קפה טורקי עלית 150 ג,גרמים,150.00,100 גרם,false,,12.90,8.6000,true,1,22515
7290106524439,false,תפוציפס פופס 60 גרם,,,תפוציפס פופס 60 גרם,גרמים,60.00,100 גרם,false,,3.90,6.5000,true,1,24248
7290106525405,false,עלית קפסולות נטול למ,,,עלית קפסולות נטול למ,גרמים,50.00,100 גרם,false,,16.90,33.8000,true,1,22525
7290106528628,false,דוריטוס טבעי 185 גר`,,,דוריטוס טבעי 185 גר`,גרמים,185.00,100 גרם,false,,7.50,4.0541,true,1,24255
7290106528949,false,לקט ערוגות,,,לקט ערוגות,גרמים,450.00,100 גרם,false,,11.50,2.5556,true,1,23544
7290106571921,false,פיטנס עוגיות חמוציות,,,פיטנס עוגיות חמוציות,גרמים,180.00,100 גרם,false,,11.90,6.6111,true,1,18931
7290106572027,false,לחמית חמישה דגנים אס,,,לחמית חמישה דגנים אס,גרמים,190.00,100 גרם,false,,8.90,4.6842,true,1,18933
7290106572065,false,טורטיה בטעם תירס חמו,,,טורטיה בטעם תירס חמו,גרמים,60.00,100 גרם,false,,7.50,12.5000,true,1,18934
7290106573277,false,אסם קריספי טאפאס זית,,,אסם קריספי טאפאס זית,גרמים,150.00,100 גרם,false,,11.50,7.6667,true,1,18943
7290106573314,false,אסם קריספי טאפאס כפר,,,אסם קריספי טאפאס כפר,גרמים,150.00,100 גרם,false,,11.50,7.6667,true,1,18945
7290106573598,false,צבר חומוס לבנוני 400,,,צבר חומוס לבנוני 400,גרמים,400.00,100 גרם,false,,11.90,2.9750,true,1,19928
7290106573628,false,צבר חומוס עם טחינה 4,,,צבר חומוס עם טחינה 4,גרמים,400.00,100 גרם,false,,11.90,2.9750,true,1,19929
7290106574120,false,גומיגם 90גר.,,,גומיגם 90גר.,גרמים,90.00,100 גרם,false,,5.90,6.5556,true,1,16145
7290106574793,false,עוגת הבית שוקו שוקוצ,,,עוגת הבית שוקו שוקוצ,גרמים,350.00,100 גרם,false,,11.90,3.4000,true,1,18953
7290106574953,false,אסם בייגלה שטוחים שו,,,אסם בייגלה שטוחים שו,גרמים,300.00,100 גרם,false,,10.90,3.6333,true,1,18954
7290106574977,false,אסם בייגלה שטוחים עם,,,אסם בייגלה שטוחים עם,גרמים,300.00,100 גרם,false,,10.90,3.6333,true,1,18955
7290106575257,false,עוגת הבית סופלה בטעם,,,עוגת הבית סופלה בטעם,גרמים,340.00,100 גרם,false,,11.90,3.5000,true,1,18958
7290106575431,false,עוגת הבית סופלה בטעם,,,עוגת הבית סופלה בטעם,גרמים,340.00,100 גרם,false,,11.90,3.5000,true,1,18962
7290106576513,false,צבר חומוס 400 גרם,,,צבר חומוס 400 גרם,גרמים,400.00,100 גרם,false,,8.90,2.2250,true,1,19934
7290106576537,false,צבר חומוס מסעדה 700,,,צבר חומוס מסעדה 700,גרמים,700.00,100 גרם,false,,10.90,1.5571,true,1,19935
7290106576797,false,לה קרמריה וניל איטלק,,,לה קרמריה וניל איטלק,ליטרים,1.40,ליטר,false,,22.90,16.3571,true,1,16150
7290106576810,false,לה קרמריה ריבת חלב 1,,,לה קרמריה ריבת חלב 1,ליטרים,1.40,ליטר,false,,22.90,16.3571,true,1,16151
7290106576971,false,לה קרמריה שוקולד בלג,,,לה קרמריה שוקולד בלג,ליטרים,1.40,ליטר,false,,22.90,16.3571,true,1,16158
7290106577282,false,צבר מרובע טחינה 400ג,,,צבר מרובע טחינה 400ג,גרמים,400.00,100 גרם,false,,12.90,3.2250,true,1,19936
7290106577527,false,צבר מרובע קולסלו 400,,,צבר מרובע קולסלו 400,גרמים,400.00,100 גרם,false,,12.90,3.2250,true,1,19941
7290106577541,false,צבר מרובע כרוב אדום,,,צבר מרובע כרוב אדום,גרמים,400.00,100 גרם,false,,12.50,3.1250,true,1,19942
7290106577572,false,צבר מרובע מטבוחה  40,,,צבר מרובע מטבוחה  40,גרמים,400.00,100 גרם,false,,12.90,3.2250,true,1,19943
7290106578692,false,במבה ביסלי מיקס 36*8,,,במבה ביסלי מיקס 36*8,גרמים,80.00,100 גרם,false,,4.50,5.6250,true,1,18977
7290106639812,false,כוס אפרופו,,,כוס אפרופו,יחידה,0.00,יחידה,false,,6.90,0.0000,true,1,179750
7290106652996,false,כיף כף מקלות קוקוס 4,,,כיף כף מקלות קוקוס 4,גרמים,40.00,100 גרם,false,,4.90,12.2500,true,1,273937
7290106653689,false,לקט לסלט אסייתי שטרא,,,לקט לסלט אסייתי שטרא,גרמים,350.00,100 גרם,false,,10.90,3.1143,true,1,23547
7290106654099,false,עוגות אישיות מילקי ק,,,עוגות אישיות מילקי ק,גרמים,272.00,100 גרם,false,,19.90,7.3162,true,1,23548
7290106656734,false,"חיוכים וניל בד""צ 600",,,"חיוכים וניל בד""צ 600",גרמים,600.00,100 גרם,false,,17.90,2.9833,true,1,22559
7290106662025,false,תפוציפס טבעי מלח פלפ,,,תפוציפס טבעי מלח פלפ,גרמים,50.00,100 גרם,false,,3.90,7.8000,true,1,24284
7290106662964,false,עלית סוכריות נוסטלגי,,,עלית סוכריות נוסטלגי,גרמים,80.00,100 גרם,false,,5.90,7.3750,true,1,22587
7290106663121,false,מילקי קייק עוגה בודד,,,מילקי קייק עוגה בודד,גרמים,34.00,100 גרם,false,,2.90,8.5294,true,1,23575
7290106663558,false,יד מרדכי רוטב טריאקי,,,יד מרדכי רוטב טריאקי,מיליליטרים,280.00,"100 מ""ל",false,,13.90,4.9643,true,1,22604
7290106664067,false,שטראוס לאבנה שמן זית,,,שטראוס לאבנה שמן זית,גרמים,400.00,100 גרם,false,,14.90,3.7250,true,1,23578
7290106664555,false,יטבתה רוטב שמנת עם ע,,,יטבתה רוטב שמנת עם ע,מיליליטרים,250.00,"100 מ""ל",false,,9.90,3.9600,true,1,23580
7290106664562,false,יטבתה רוטב שמנת עם פ,,,יטבתה רוטב שמנת עם פ,גרמים,250.00,100 גרם,false,,9.90,3.9600,true,1,23581
7290106666788,false,סוכריות נוסטלגיה דבש,,,סוכריות נוסטלגיה דבש,גרמים,80.00,100 גרם,false,,5.90,7.3750,true,1,22617
7290106667266,false,דוריטוס חמוץ חריף 18,,,דוריטוס חמוץ חריף 18,גרמים,185.00,100 גרם,false,,7.50,4.0541,true,1,24308
7290106668577,false,מיץ לימון טבעי יד מר,,,מיץ לימון טבעי יד מר,מיליליטרים,250.00,"100 מ""ל",false,,7.80,3.1200,true,1,22623
7290106668713,false,דנונה פירות יער3% 15,,,דנונה פירות יער3% 15,מיליליטרים,150.00,"100 מ""ל",false,,3.90,2.6000,true,1,23584
7290106669857,false,עלית קפסולות בטעם ונ,,,עלית קפסולות בטעם ונ,גרמים,50.00,100 גרם,false,,16.90,33.8000,true,1,22636
7290106720626,false,ציטוס  גבינה 80 גרם,,,ציטוס  גבינה 80 גרם,גרמים,80.00,100 גרם,false,,4.90,6.1250,true,1,24311
7290106721920,false,מאסט צנצנת ספירמינט,,,מאסט צנצנת ספירמינט,גרמים,66.00,100 גרם,false,,9.90,15.0000,true,1,22651
7290106723689,false,שטראוס תרד בייבי 200,,,שטראוס תרד בייבי 200,גרמים,200.00,100 גרם,false,,9.90,4.9500,true,1,23591
7290106725867,false,יד מרדכי סירופ מייפל,,,יד מרדכי סירופ מייפל,מיליליטרים,189.00,"100 מ""ל",false,,30.90,16.3492,true,1,22686
7290106725874,false,יד מרדכי סירופ מייפל,,,יד מרדכי סירופ מייפל,מיליליטרים,236.00,"100 מ""ל",false,,39.90,16.9068,true,1,22687
7290106727984,false,כיף כף פצפצים 135 גר,,,כיף כף פצפצים 135 גר,גרמים,135.00,100 גרם,false,,9.90,7.3333,true,1,22690
7290106729650,false,דנונה יוגורט תות 8יח,,,דנונה יוגורט תות 8יח,קילוגרמים,1.20,"ק""ג",false,,24.90,20.7500,true,1,23616
7290107280013,false,ליטופים  מגבונים ללא,,,ליטופים  מגבונים ללא,יחידה,0.00,יחידה,false,,18.90,0.0000,true,1,30570
7290107280020,false,סנו סושי מגבונים לני,,,סנו סושי מגבונים לני,יחידה,0.00,יחידה,false,,19.90,0.0000,true,1,30571
7290107280082,false,7 תבניות אינגליש קיי,,,7 תבניות אינגליש קיי,יחידה,0.00,יחידה,false,,9.90,0.0000,true,1,30576
7290107280099,false,סנו סופט מגבוני טואל,,,סנו סופט מגבוני טואל,יחידה,0.00,יחידה,false,,15.90,0.0000,true,1,30577
7290107280341,false,ריצפז מטליות לחות לנ,,,ריצפז מטליות לחות לנ,יחידה,0.00,יחידה,false,,11.90,0.0000,true,1,30584
7290107280563,false,סנו ג'ל אוקסיג'ן ביי,,,סנו ג'ל אוקסיג'ן ביי,ליטרים,3.00,ליטר,false,,30.90,10.3000,true,1,30595
7290107280570,false,מקסימה ג'ל כביסה מיק,,,מקסימה ג'ל כביסה מיק,ליטרים,3.00,ליטר,false,,33.90,11.3000,true,1,30596
7290107280587,false,סנובון דאבל אקשן בני,,,סנובון דאבל אקשן בני,גרמים,165.00,100 גרם,false,,11.90,7.2121,true,1,30597
7290107280716,false,סנו ספארק מלח למדיח,,,סנו ספארק מלח למדיח,קילוגרמים,2.00,"ק""ג",false,,12.90,6.4500,true,1,30606
7290107280723,false,סנו ספארק נוזל לניקו,,,סנו ספארק נוזל לניקו,מיליליטרים,700.00,"100 מ""ל",false,,9.90,1.4143,true,1,30607
7290107280747,false,סנו ספארק נוזל לניקו,,,סנו ספארק נוזל לניקו,מיליליטרים,700.00,"100 מ""ל",false,,9.90,1.4143,true,1,30610
7290107280754,false,ספארק נוזל לכלים עדי,,,ספארק נוזל לכלים עדי,מיליליטרים,700.00,"100 מ""ל",false,,9.90,1.4143,true,1,30611
7290107280761,false,ספארק נוזל לכלים לימ,,,ספארק נוזל לכלים לימ,יחידה,0.00,יחידה,false,,11.90,0.0000,true,1,30612
7290107340526,false,מטען בית טייפ סי,,,מטען בית טייפ סי,יחידה,0.00,יחידה,false,,39.90,0.0000,true,1,215021
7290107341370,false,כבל  טייפ סי,,,כבל  טייפ סי,יחידה,0.00,יחידה,false,,19.90,0.0000,true,1,215024
7290107342087,false,אוזניות חיבור ישיר ט,,,אוזניות חיבור ישיר ט,יחידה,0.00,יחידה,false,,49.90,0.0000,true,1,215052
7290107646147,false,חטיף שוגי קורנפלקס ת,,,חטיף שוגי קורנפלקס ת,גרמים,156.00,100 גרם,false,,12.90,8.2692,true,1,10618
7290107646154,false,חטיף קוקומן פצפוצים,,,חטיף קוקומן פצפוצים,גרמים,126.00,100 גרם,false,,12.90,10.2381,true,1,10619
7290107646826,false,חטיף שוגי שוקו שוקו,,,חטיף שוגי שוקו שוקו,גרמים,156.00,100 גרם,false,,12.90,8.2692,true,1,10642
7290107647656,false,מאגדת מיני סולרו קוק,,,מאגדת מיני סולרו קוק,גרמים,245.00,100 גרם,false,,21.90,8.9388,true,1,4390
7290107647731,false,קוקומן חום לבן 20% ת,,,קוקומן חום לבן 20% ת,גרמים,375.00,100 גרם,false,,19.90,5.3067,true,1,10672
7290107647816,false,ברנפלקס ללא סוכר בד',,,ברנפלקס ללא סוכר בד',גרמים,500.00,100 גרם,false,,20.90,4.1800,true,1,10679
7290107647823,false,"ברנפלקס תלמה בד""ץ 50",,,"ברנפלקס תלמה בד""ץ 50",גרמים,500.00,100 גרם,false,,20.90,4.1800,true,1,10680
7290107647854,false,שוגי 20% סוכר תלמה ב,,,שוגי 20% סוכר תלמה ב,גרמים,500.00,100 גרם,false,,19.90,3.9800,true,1,10682
7290107649070,false,פינוק תחליב רחצה בני,,,פינוק תחליב רחצה בני,מיליליטרים,100.00,"100 מ""ל",false,,5.90,5.9000,true,1,10711
7290107649100,false,בייגלה טבעות שומשום,,,בייגלה טבעות שומשום,גרמים,300.00,100 גרם,false,,9.90,3.3000,true,1,10714
7290107649605,false,טבלה קליק קורנפלקס ח,,,טבלה קליק קורנפלקס ח,גרמים,85.00,100 גרם,false,,4.90,5.7647,true,1,10735
7290107742269,false,אלטז לסיר טוגון,,,אלטז לסיר טוגון,יחידה,0.00,יחידה,false,,12.90,0.0000,true,1,161723
7290107742733,false,תחתית סיר חם סיליקון,,,תחתית סיר חם סיליקון,יחידה,0.00,יחידה,false,,14.90,0.0000,true,1,100483
7290107742856,false,קולפן נירוסטה,,,קולפן נירוסטה,יחידה,0.00,יחידה,false,,8.90,0.0000,true,1,100667
7290107743914,false,צלחת פלסטיק עמוקה 20,,,צלחת פלסטיק עמוקה 20,יחידה,0.00,יחידה,false,,3.90,0.0000,true,1,101857
7290107744355,false,כף הגשה נירוסטה ( מי,,,כף הגשה נירוסטה ( מי,יחידה,0.00,יחידה,false,,9.90,0.0000,true,1,187676
7290107745529,false,מגנט לסכינים,,,מגנט לסכינים,יחידה,0.00,יחידה,false,,24.90,0.0000,true,1,136528
7290107745642,false,שקית זילוף,,,שקית זילוף,יחידה,0.00,יחידה,false,,10.90,0.0000,true,1,136516
7290107745895,false,סבוניה+מתקן סקוטץ,,,סבוניה+מתקן סקוטץ,יחידה,0.00,יחידה,false,,24.90,0.0000,true,1,161695
7290107746359,false,מגב חלונות מתכוונת,,,מגב חלונות מתכוונת,יחידה,0.00,יחידה,false,,39.50,0.0000,true,1,105569
7290107747189,false,מחזיק סקוץ כפול לשיש,,,מחזיק סקוץ כפול לשיש,יחידה,0.00,יחידה,false,,11.90,0.0000,true,1,187790
7290107749503,false,כותש שום אלומיניום,,,כותש שום אלומיניום,יחידה,0.00,יחידה,false,,14.90,0.0000,true,1,161661
7290107749732,false,"מלחיה נירוסטה 7 ס""מ",,,"מלחיה נירוסטה 7 ס""מ",יחידה,0.00,יחידה,false,,13.90,0.0000,true,1,136723
7290107749831,false,כף נירוסטה פרמיום נמ,,,כף נירוסטה פרמיום נמ,יחידה,0.00,יחידה,false,,9.90,0.0000,true,1,136608
7290107870047,false,אקסטרים מטבע ענק ברא,,,אקסטרים מטבע ענק ברא,גרמים,115.00,100 גרם,false,,9.90,8.6087,true,1,16163
7290107871990,false,פסטה צינורות אסם 500,,,פסטה צינורות אסם 500,גרמים,500.00,100 גרם,false,,5.90,1.1800,true,1,19004
7290107874502,false,ביסלי גריל 4*55 גרם,,,ביסלי גריל 4*55 גרם,גרמים,220.00,100 גרם,false,,12.90,5.8636,true,1,19026
7290107875004,false,פופקו חמאה ודבש מארז,,,פופקו חמאה ודבש מארז,גרמים,240.00,100 גרם,false,,18.90,7.8750,true,1,19031
7290107875271,false,ביסלי ברבקיו מארז 4*,,,ביסלי ברבקיו מארז 4*,גרמים,220.00,100 גרם,false,,12.90,5.8636,true,1,19037
7290107875820,false,קרוטונים אפויים בתיב,,,קרוטונים אפויים בתיב,גרמים,180.00,100 גרם,false,,10.90,6.0556,true,1,19042
7290107877619,false,במבה במילוי קרם נוגט,,,במבה במילוי קרם נוגט,גרמים,150.00,100 גרם,false,,13.90,9.2667,true,1,19072
7290107879132,false,מיני פריכיות שוקולד,,,מיני פריכיות שוקולד,גרמים,22.00,100 גרם,false,,4.90,22.2727,true,1,19959
7290107930321,false,יד מרדכי קונפיטורה ד,,,יד מרדכי קונפיטורה ד,גרמים,340.00,100 גרם,false,,11.90,3.5000,true,1,22707
7290107932080,false,יטבתה חלב בבקבוק 3%,,,יטבתה חלב בבקבוק 3%,ליטרים,1.00,ליטר,false,,7.70,7.7000,true,1,23629
7290107932134,false,יטבתה חלב בבקבוק 1%,,,יטבתה חלב בבקבוק 1%,ליטרים,1.00,ליטר,false,,7.70,7.7000,true,1,23631
7290107933155,false,לקט סלנובה 200 גרם,,,לקט סלנובה 200 גרם,גרמים,200.00,100 גרם,false,,12.90,6.4500,true,1,23632
7290107934473,false,אקטיביה מארז מיוחד 1,,,אקטיביה מארז מיוחד 1,קילוגרמים,1.20,"ק""ג",false,,19.90,16.5833,true,1,23646
7290107936309,false,דנונה יווני לבן 130,,,דנונה יווני לבן 130,גרמים,130.00,100 גרם,false,,3.30,2.5385,true,1,23652
7290107937542,false,משקה אקטיביה תות 1.2,,,משקה אקטיביה תות 1.2,מיליליטרים,265.00,"100 מ""ל",false,,4.90,1.8491,true,1,23657
7290107937627,false,צנצנת קוביות ספירמינ,,,צנצנת קוביות ספירמינ,גרמים,58.00,100 גרם,false,,9.90,17.0690,true,1,22763
7290107937634,false,צנצנת קוביות פפירמינ,,,צנצנת קוביות פפירמינ,גרמים,58.00,100 גרם,false,,9.90,17.0690,true,1,22764
7290107937641,false,צנצנת קוביות בזוקה 5,,,צנצנת קוביות בזוקה 5,גרמים,58.00,100 גרם,false,,9.90,17.0690,true,1,22765
7290107937856,false,עלית קפסולות בטעם נס,,,עלית קפסולות בטעם נס,גרמים,50.00,100 גרם,false,,16.90,33.8000,true,1,22768
7290107938396,false,דנונה Actimel בנים ב,,,דנונה Actimel בנים ב,גרמים,864.00,100 גרם,false,,20.90,2.4190,true,1,23663
7290107939027,false,גזרדק דק 250 גרם בד`,,,גזרדק דק 250 גרם בד`,גרמים,250.00,100 גרם,false,,7.90,3.1600,true,1,23667
7290107940030,false,חומוס אחלה 650 גר,,,חומוס אחלה 650 גר,גרמים,650.00,100 גרם,false,,8.90,1.3692,true,1,23680
7290107940467,false,דנונה אקטיביה יוגורט,,,דנונה אקטיביה יוגורט,גרמים,200.00,100 גרם,false,,3.90,1.9500,true,1,23686
7290107943192,false,יטבתה שמנת 27%  200מ,,,יטבתה שמנת 27%  200מ,מיליליטרים,200.00,"100 מ""ל",false,,3.90,1.9500,true,1,23724
7290107944472,false,סימפוניה 5% שום שמיר,,,סימפוניה 5% שום שמיר,גרמים,200.00,100 גרם,false,,11.50,5.7500,true,1,23731
7290107945165,false,יד מרדכי קונפיטורת מ,,,יד מרדכי קונפיטורת מ,גרמים,340.00,100 גרם,false,,11.90,3.5000,true,1,22836
7290107950190,false,מעדן דיאט שוקולד מרי,,,מעדן דיאט שוקולד מרי,גרמים,130.00,100 גרם,false,,3.50,2.6923,true,1,23791
7290107950206,false,מעדן דיאט שוקולד % 0,,,מעדן דיאט שוקולד % 0,גרמים,130.00,100 גרם,false,,3.50,2.6923,true,1,23792
7290107951104,false,בפלות 200 גרם שוקולד,,,בפלות 200 גרם שוקולד,גרמים,200.00,100 גרם,false,,3.90,1.9500,true,1,22872
7290107951715,false,מאסט צנצנת קוביות ענ,,,מאסט צנצנת קוביות ענ,גרמים,58.00,100 גרם,false,,9.90,17.0690,true,1,22888
7290107953559,false,קפה טורקי לדרך 168 ג,,,קפה טורקי לדרך 168 ג,גרמים,168.00,100 גרם,false,,17.90,10.6548,true,1,22899
7290107954709,false,יד מרדכי קונפיטורת פ,,,יד מרדכי קונפיטורת פ,גרמים,340.00,100 גרם,false,,11.90,3.5000,true,1,22920
7290107954976,false,משקה פרו בטעם קפה יט,,,משקה פרו בטעם קפה יט,מיליליטרים,350.00,"100 מ""ל",false,,6.90,1.9714,true,1,23858
7290107956901,false,עלית קפסולות אספרסו,,,עלית קפסולות אספרסו,גרמים,150.00,100 גרם,false,,16.90,11.2667,true,1,22962
7290107956925,false,עלית קפסולות אוגנדה,,,עלית קפסולות אוגנדה,גרמים,50.00,100 גרם,false,,16.90,33.8000,true,1,22963
7290107957991,false,"מילקי מייניס 9*16 מ""",,,"מילקי מייניס 9*16 מ""",גרמים,144.00,100 גרם,false,,13.90,9.6528,true,1,23891
7290107958035,false,8 דנונה מתיקות מעודנ,,,8 דנונה מתיקות מעודנ,קילוגרמים,1.20,"ק""ג",false,,18.50,15.4167,true,1,23892
7290107973014,false,פלמוליב סבון ידיים ח,,,פלמוליב סבון ידיים ח,מיליליטרים,300.00,"100 מ""ל",false,,9.90,3.3000,true,1,21702
7290107973311,false,קולגייט מברשת שיניים,,,קולגייט מברשת שיניים,יחידה,0.00,יחידה,false,,24.90,0.0000,true,1,21707
7290107973861,false,עגבניות קצוצות דק מא,,,עגבניות קצוצות דק מא,קילוגרמים,1.20,"ק""ג",false,,15.90,13.2500,true,1,21714
7290107974066,false,עלי טורטיה קמח מלא מ,,,עלי טורטיה קמח מלא מ,גרמים,320.00,100 גרם,false,,9.90,3.0938,true,1,21719
7290107974073,false,עלי טורטיה קמח לבן מ,,,עלי טורטיה קמח לבן מ,גרמים,320.00,100 גרם,false,,9.90,3.0938,true,1,21720
7290107974080,false,עלי טורטיה קמח לבן מ,,,עלי טורטיה קמח לבן מ,גרמים,820.00,100 גרם,false,,16.90,2.0610,true,1,21721
7290107974301,false,דיאודורנט ג'ל אלוורה,,,דיאודורנט ג'ל אלוורה,גרמים,65.00,100 גרם,false,,17.90,27.5385,true,1,21722
7290107974806,false,אורז בסמטי מאסטר שף,,,אורז בסמטי מאסטר שף,קילוגרמים,1.00,"ק""ג",false,,10.90,10.9000,true,1,21729
7290107974820,false,מאסטר שף ממרח מתובל,,,מאסטר שף ממרח מתובל,גרמים,252.00,100 גרם,false,,7.90,3.1349,true,1,21731
7290107975360,false,דאו' ג'ל פיור פרשנס,,,דאו' ג'ל פיור פרשנס,גרמים,65.00,100 גרם,false,,14.90,22.9231,true,1,21740
7290107977456,false,פלמוליב לגבר 2 ב-1 ג,,,פלמוליב לגבר 2 ב-1 ג,מיליליטרים,750.00,"100 מ""ל",false,,19.90,2.6533,true,1,146393
7290107978330,false,איטריות דקות מאסטר ש,,,איטריות דקות מאסטר ש,גרמים,400.00,100 גרם,false,,5.90,1.4750,true,1,21769
7290107978347,false,איטריות בינוניות מאס,,,איטריות בינוניות מאס,גרמים,400.00,100 גרם,false,,5.90,1.4750,true,1,21770
7290107978453,false,קראנצו'ס גריל 55 גרם,,,קראנצו'ס גריל 55 גרם,גרמים,55.00,100 גרם,false,,3.90,7.0909,true,1,21773
7290107978460,false,קראנצו'ס פלאפל 55 גר,,,קראנצו'ס פלאפל 55 גר,גרמים,55.00,100 גרם,false,,3.90,7.0909,true,1,21774
7290108070316,false,שקית 50 פסטל,,,שקית 50 פסטל,יחידה,0.00,יחידה,false,,11.90,0.0000,true,1,33107
7290108079333,false,מארז בלונים על מקל ל,,,מארז בלונים על מקל ל,יחידה,0.00,יחידה,false,,30.90,0.0000,true,1,33333
7290108201871,false,קולון ג'ל קאפס 42,,,קולון ג'ל קאפס 42,יחידה,0.00,יחידה,false,,37.90,0.0000,true,1,21016
7290108350128,false,סנו סושי שקיות חזקות,,,סנו סושי שקיות חזקות,יחידה,0.00,יחידה,false,,24.90,0.0000,true,1,30619
7290108350142,false,סנו סושי שקיות רב שי,,,סנו סושי שקיות רב שי,יחידה,0.00,יחידה,false,,14.90,0.0000,true,1,30621
7290108350180,false,סנו סושי מפיות מודפס,,,סנו סושי מפיות מודפס,יחידה,0.00,יחידה,false,,7.90,0.0000,true,1,30624
7290108350203,false,כריות קרצוף עם ספוג,,,כריות קרצוף עם ספוג,יחידה,0.00,יחידה,false,,9.90,0.0000,true,1,30626
7290108350210,false,סושי שקיות אקסטרא חז,,,סושי שקיות אקסטרא חז,יחידה,0.00,יחידה,false,,24.90,0.0000,true,1,30627
7290108350531,false,סנו ספארק משאבה בניח,,,סנו ספארק משאבה בניח,ליטרים,1.00,ליטר,false,,11.90,11.9000,true,1,30635
7290108350555,false,סנו ספארק משאבה בניח,,,סנו ספארק משאבה בניח,ליטרים,1.00,ליטר,false,,11.90,11.9000,true,1,30637
7290108350616,false,מרכך כביסה מקסימה סו,,,מרכך כביסה מקסימה סו,יחידה,0.00,יחידה,false,,18.90,0.0000,true,1,30642
7290108350623,false,מרכך כביסה מקסימה סו,,,מרכך כביסה מקסימה סו,יחידה,0.00,יחידה,false,,18.90,0.0000,true,1,30643
7290108351149,false,סנו ג`ט פלוס לניקוי,,,סנו ג`ט פלוס לניקוי,יחידה,0.00,יחידה,false,,12.90,0.0000,true,1,30674
7290108351156,false,סנו ג`ט פלוס לניקוי,,,סנו ג`ט פלוס לניקוי,יחידה,0.00,יחידה,false,,12.90,0.0000,true,1,30675
7290108351491,false,סנו אוקסיג` אבקה עוצ,,,סנו אוקסיג` אבקה עוצ,גרמים,720.00,100 גרם,false,,14.90,2.0694,true,1,30676
7290108351507,false,מרכך כביסה סנו מקסימ,,,מרכך כביסה סנו מקסימ,ליטרים,4.00,ליטר,false,,22.90,5.7250,true,1,30677
7290108351514,false,מרכך כביסה סנו מקסימ,,,מרכך כביסה סנו מקסימ,ליטרים,4.00,ליטר,false,,22.90,5.7250,true,1,30678
7290108351521,false,סנו מקסימה ג`ל כביסה,,,סנו מקסימה ג`ל כביסה,ליטרים,5.00,ליטר,false,,47.90,9.5800,true,1,30679
7290108351552,false,סנו ג'ט מתז חומץ 750,,,סנו ג'ט מתז חומץ 750,מיליליטרים,750.00,"100 מ""ל",false,,12.90,1.7200,true,1,30682
7290108351583,false,סנו ג'ט+לניקוי אסלות,,,סנו ג'ט+לניקוי אסלות,מיליליטרים,750.00,"100 מ""ל",false,,11.90,1.5867,true,1,30684
7290108351590,false,סנו פרש BLUE BLOSSOM,,,סנו פרש BLUE BLOSSOM,מיליליטרים,350.00,"100 מ""ל",false,,11.90,3.4000,true,1,30685
7290108351606,false,סנו פרש הום סופט סיל,,,סנו פרש הום סופט סיל,מיליליטרים,350.00,"100 מ""ל",false,,11.90,3.4000,true,1,30686
7290108351613,false,ריצפז פרש הום מלון ח,,,ריצפז פרש הום מלון ח,ליטרים,2.00,ליטר,false,,21.90,10.9500,true,1,30687
7290108351675,false,ג'ל כביסה סנו מקסימה,,,ג'ל כביסה סנו מקסימה,ליטרים,5.00,ליטר,false,,47.90,9.5800,true,1,30693
7290108351682,false,ג'ל כביסה סנו מקסימה,,,ג'ל כביסה סנו מקסימה,ליטרים,5.00,ליטר,false,,47.90,9.5800,true,1,30694
7290108351699,false,מגבונים ג'ט+חומץ מאר,,,מגבונים ג'ט+חומץ מאר,יחידה,0.00,יחידה,false,,18.90,0.0000,true,1,30695
7290108351705,false,פניני בישום לכביסה כ,,,פניני בישום לכביסה כ,גרמים,275.00,100 גרם,false,,19.90,7.2364,true,1,30696
7290108351712,false,פניני בישום LOVELY ו,,,פניני בישום LOVELY ו,גרמים,275.00,100 גרם,false,,19.90,7.2364,true,1,30697
7290108351729,false,נוזל לניקוי אסלה 750,,,נוזל לניקוי אסלה 750,מיליליטרים,750.00,"100 מ""ל",false,,9.90,1.3200,true,1,64390
7290108351767,false,סנו פרש מכשיר אוטומט,,,סנו פרש מכשיר אוטומט,מיליליטרים,250.00,"100 מ""ל",false,,44.90,17.9600,true,1,30698
7290108351804,false,סנו מקסימה מרכך כביס,,,סנו מקסימה מרכך כביס,יחידה,0.00,יחידה,false,,18.90,0.0000,true,1,30701
7290108351811,false,סנו מקסימה מרכך כביס,,,סנו מקסימה מרכך כביס,יחידה,0.00,יחידה,false,,18.90,0.0000,true,1,30702
7290108351835,false,מרכך כביסה סנו מקסימ,,,מרכך כביסה סנו מקסימ,ליטרים,4.00,ליטר,false,,22.90,5.7250,true,1,30703
7290108351842,false,מקסימה בושם מרוכז לכ,,,מקסימה בושם מרוכז לכ,יחידה,0.00,יחידה,false,,21.90,0.0000,true,1,30704
7290108351866,false,מקסימה בושם מרוכז לכ,,,מקסימה בושם מרוכז לכ,מיליליטרים,600.00,"100 מ""ל",false,,21.90,3.6500,true,1,30706
7290108351934,false,סנובון סבון אסלה מוצ,,,סנובון סבון אסלה מוצ,יחידה,0.00,יחידה,false,,13.90,0.0000,true,1,30710
7290108351941,false,סנובון סבון אסלה מוצ,,,סנובון סבון אסלה מוצ,יחידה,0.00,יחידה,false,,13.90,0.0000,true,1,30711
7290108351958,false,סנובון סבון אסלה מוצ,,,סנובון סבון אסלה מוצ,יחידה,0.00,יחידה,false,,13.90,0.0000,true,1,30712
7290108352061,false,אורביטול משחת שיניים,,,אורביטול משחת שיניים,גרמים,145.00,100 גרם,false,,14.90,10.2759,true,1,244147
7290108352146,false,סנובון נוזלי בניחוח,,,סנובון נוזלי בניחוח,מיליליטרים,750.00,"100 מ""ל",false,,11.90,1.5867,true,1,63472
7290108352207,false,קפס' כביסה בניחוח פל,,,קפס' כביסה בניחוח פל,גרמים,840.00,100 גרם,false,,35.90,4.2738,true,1,63474
7290108352221,false,סנו פרש הום מלון מפנ,,,סנו פרש הום מלון מפנ,מיליליטרים,350.00,"100 מ""ל",false,,11.90,3.4000,true,1,65811
7290108352269,false,מטליות לחיטוי ולניקו,,,מטליות לחיטוי ולניקו,יחידה,0.00,יחידה,false,,30.90,0.0000,true,1,60890
7290108352290,false,שלישיית מטליות לחיטו,,,שלישיית מטליות לחיטו,יחידה,0.00,יחידה,false,,22.90,0.0000,true,1,56047
7290108352337,false,סנו פרש הום אוטומטיק,,,סנו פרש הום אוטומטיק,גרמים,250.00,100 גרם,false,,13.90,5.5600,true,1,65813
7290108352344,false,סנו פרש הום אוטומטיק,,,סנו פרש הום אוטומטיק,גרמים,250.00,100 גרם,false,,13.90,5.5600,true,1,65814
7290108352351,false,תרסיס לחיטוי משטחים,,,תרסיס לחיטוי משטחים,מיליליטרים,400.00,"100 מ""ל",false,,19.90,4.9750,true,1,63476
7290108352399,false,ריצפז פרש הום פלורל,,,ריצפז פרש הום פלורל,ליטרים,2.00,ליטר,false,,21.90,10.9500,true,1,183212
7290108352450,false,ריצפז פרש הום בניחוח,,,ריצפז פרש הום בניחוח,ליטרים,2.00,ליטר,false,,21.90,10.9500,true,1,85842
7290108352474,false,מטהר אוויר סנומוד לי,,,מטהר אוויר סנומוד לי,מיליליטרים,150.00,"100 מ""ל",false,,11.90,7.9333,true,1,106397
7290108352481,false,מטהר אוויר סנומוד טר,,,מטהר אוויר סנומוד טר,מיליליטרים,150.00,"100 מ""ל",false,,11.90,7.9333,true,1,106387
7290108352511,false,ניקוי וחיטוי מכונת כ,,,ניקוי וחיטוי מכונת כ,מיליליטרים,500.00,"100 מ""ל",false,,11.90,2.3800,true,1,130105
7290108352528,false,מתז לחיטוי וניקוי חד,,,מתז לחיטוי וניקוי חד,מיליליטרים,750.00,"100 מ""ל",false,,12.90,1.7200,true,1,123616
7290108352535,false,דפי בישום לחים למייב,,,דפי בישום לחים למייב,יחידה,0.00,יחידה,false,,12.90,0.0000,true,1,162868
7290108352566,false,מרכך JOY בבישום עוצמ,,,מרכך JOY בבישום עוצמ,ליטרים,4.00,ליטר,false,,22.90,5.7250,true,1,162814
7290108352573,false,מרכך כביסה  CALM בבי,,,מרכך כביסה  CALM בבי,ליטרים,4.00,ליטר,false,,22.90,5.7250,true,1,205912
7290108352597,false,מגבונים בדלי 400 יח',,,מגבונים בדלי 400 יח',יחידה,0.00,יחידה,false,,30.90,0.0000,true,1,30721
7290108352641,false,סנו סושי מטלית הפלא,,,סנו סושי מטלית הפלא,יחידה,0.00,יחידה,false,,14.90,0.0000,true,1,30724
7290108352672,false,סנו סושי זוג מטלית ה,,,סנו סושי זוג מטלית ה,יחידה,0.00,יחידה,false,,19.90,0.0000,true,1,30727
7290108352689,false,כריות קרצוף ללכלוך ק,,,כריות קרצוף ללכלוך ק,יחידה,0.00,יחידה,false,,9.90,0.0000,true,1,30728
7290108352702,false,שלישיית מגבוני טואלט,,,שלישיית מגבוני טואלט,יחידה,0.00,יחידה,false,,15.90,0.0000,true,1,30730
7290108352788,false,סנו סושי שקיות זיפר,,,סנו סושי שקיות זיפר,יחידה,0.00,יחידה,false,,12.90,0.0000,true,1,30732
7290108352795,false,סנו סושי שקיות זיפר,,,סנו סושי שקיות זיפר,יחידה,0.00,יחידה,false,,12.90,0.0000,true,1,30733
7290108352801,false,סנו סושי 100 שקיות א,,,סנו סושי 100 שקיות א,יח',100.00,יח',false,,19.90,0.1990,true,1,30734
7290108352818,false,סנו סושי מטלית במבוק,,,סנו סושי מטלית במבוק,יחידה,0.00,יחידה,false,,7.90,0.0000,true,1,30735
7290108352825,false,סנו סושי-ספוג הפלא נ,,,סנו סושי-ספוג הפלא נ,יח',3.00,יח',false,,9.90,3.3000,true,1,30736
7290108352849,false,סנו סושי מטלית הפלא,,,סנו סושי מטלית הפלא,יחידה,0.00,יחידה,false,,14.90,0.0000,true,1,85813
7290108352887,false,סנו סושי זוג מפות שו,,,סנו סושי זוג מפות שו,יחידה,0.00,יחידה,false,,8.90,0.0000,true,1,30741
7290108352900,false,סנו סושי מגבות נייר,,,סנו סושי מגבות נייר,יחידה,0.00,יחידה,false,,21.90,0.0000,true,1,30743
7290108353006,false,סנו סושי 250 שקיות א,,,סנו סושי 250 שקיות א,יחידה,0.00,יחידה,false,,13.90,0.0000,true,1,30753
7290108353037,false,סנו-סושי-4 תבניות אפ,,,סנו-סושי-4 תבניות אפ,יחידה,0.00,יחידה,false,,12.90,0.0000,true,1,30756
7290108353068,false,סנו סושי-כרית קרצוף,,,סנו סושי-כרית קרצוף,יח',3.00,יח',false,,9.90,3.3000,true,1,30759
7290108353099,false,סנו סופט 500 ממחטות,,,סנו סופט 500 ממחטות,יחידה,0.00,יחידה,false,,12.90,0.0000,true,1,30762
7290108353334,false,שמפו למניעת קשקשים ע,,,שמפו למניעת קשקשים ע,מיליליטרים,700.00,"100 מ""ל",false,,11.90,1.7000,true,1,30763
7290108353341,false,מרכך למניעת קשקשים ש,,,מרכך למניעת קשקשים ש,מיליליטרים,700.00,"100 מ""ל",false,,11.90,1.7000,true,1,30764
7290108353372,false,אורביטול מברשת שיניי,,,אורביטול מברשת שיניי,יחידה,0.00,יחידה,false,,30.90,0.0000,true,1,244159
7290108353419,false,צמד מברשות שיניים או,,,צמד מברשות שיניים או,יחידה,0.00,יחידה,false,,19.90,0.0000,true,1,30767
7290108353433,false,מי  פה פרוטקט&פרש 50,,,מי  פה פרוטקט&פרש 50,מיליליטרים,500.00,"100 מ""ל",false,,20.90,4.1800,true,1,30769
7290108353501,false,שקיות אשפה עם ידיות,,,שקיות אשפה עם ידיות,יחידה,0.00,יחידה,false,,19.90,0.0000,true,1,30772
7290108353532,false,שקיות אשפה בגליל סנו,,,שקיות אשפה בגליל סנו,יחידה,0.00,יחידה,false,,30.90,0.0000,true,1,30775
7290108353549,false,נייר אפיה סנו סושי 1,,,נייר אפיה סנו סושי 1,יחידה,0.00,יחידה,false,,19.90,0.0000,true,1,30776
7290108353648,false,סנו סושי 70 שקיות או,,,סנו סושי 70 שקיות או,יחידה,0.00,יחידה,false,,10.90,0.0000,true,1,72212
7290108353662,false,סנוסושי מפת שולחן מו,,,סנוסושי מפת שולחן מו,יחידה,0.00,יחידה,false,,10.90,0.0000,true,1,230282
7290108353686,false,סנו סושי מטלית לריצפ,,,סנו סושי מטלית לריצפ,יחידה,0.00,יחידה,false,,12.90,0.0000,true,1,85832
7290108353747,false,קרמה תחליב רחצה ספא,,,קרמה תחליב רחצה ספא,מיליליטרים,600.00,"100 מ""ל",false,,18.90,3.1500,true,1,248306
7290108353761,false,קרמה תחליב רחצה ספא,,,קרמה תחליב רחצה ספא,מיליליטרים,600.00,"100 מ""ל",false,,18.90,3.1500,true,1,248307
7290108353778,false,תחליב רחצה שוודיה פי,,,תחליב רחצה שוודיה פי,מיליליטרים,750.00,"100 מ""ל",false,,11.90,1.5867,true,1,86803
7290108353785,false,תחליב רחצה מרוקו טונ,,,תחליב רחצה מרוקו טונ,מיליליטרים,750.00,"100 מ""ל",false,,11.90,1.5867,true,1,86815
7290108353792,false,תחליב רחצה יפן פריחת,,,תחליב רחצה יפן פריחת,מיליליטרים,750.00,"100 מ""ל",false,,11.90,1.5867,true,1,86804
7290108353808,false,תחליב רחצה מדגסקר אמ,,,תחליב רחצה מדגסקר אמ,מיליליטרים,750.00,"100 מ""ל",false,,11.90,1.5867,true,1,86805
7290108353815,false,קרמה תחליב רחצה ספא,,,קרמה תחליב רחצה ספא,מיליליטרים,600.00,"100 מ""ל",false,,18.90,3.1500,true,1,248308
7290108353884,false,דאודורנט רול און אשכ,,,דאודורנט רול און אשכ,מיליליטרים,75.00,"100 מ""ל",false,,12.90,17.2000,true,1,78165
7290108353921,false,דאודורנט סטיק קרמה מ,,,דאודורנט סטיק קרמה מ,מיליליטרים,70.00,"100 מ""ל",false,,17.90,25.5714,true,1,120400
7290108353969,false,דאודורנט ספריי ReFre,,,דאודורנט ספריי ReFre,מיליליטרים,150.00,"100 מ""ל",false,,12.90,8.6000,true,1,155473
7290108353983,false,קרם גוף קרמה קלאסי 5,,,קרם גוף קרמה קלאסי 5,מיליליטרים,500.00,"100 מ""ל",false,,24.90,4.9800,true,1,84634
7290108353990,false,קרם גוף קרמה מאסק 50,,,קרם גוף קרמה מאסק 50,מיליליטרים,500.00,"100 מ""ל",false,,24.90,4.9800,true,1,84635
7290108354034,false,סבון ידיים קרמה חמאת,,,סבון ידיים קרמה חמאת,מיליליטרים,300.00,"100 מ""ל",false,,9.90,3.3000,true,1,78154
7290108354164,false,כיף שלישיית אלסבון ק,,,כיף שלישיית אלסבון ק,ליטרים,1.50,ליטר,false,,19.90,13.2667,true,1,95763
7290108354270,false,מרכך בבישום עוצמתי מ,,,מרכך בבישום עוצמתי מ,ליטרים,1.00,ליטר,false,,18.90,18.9000,true,1,162802
7290108354355,false,סנו מדיק מגבונים לני,,,סנו מדיק מגבונים לני,יחידה,0.00,יחידה,false,,9.90,0.0000,true,1,72213
7290108354416,false,קרמה תחליב רחצה ספא,,,קרמה תחליב רחצה ספא,מיליליטרים,600.00,"100 מ""ל",false,,18.90,3.1500,true,1,248309
7290108354430,false,שמפו כיף לשיקום והזנ,,,שמפו כיף לשיקום והזנ,מיליליטרים,700.00,"100 מ""ל",false,,11.90,1.7000,true,1,103188
7290108354447,false,מרכך כיף לשיקום והזנ,,,מרכך כיף לשיקום והזנ,מיליליטרים,700.00,"100 מ""ל",false,,11.90,1.7000,true,1,103200
7290108354485,false,מרכך לשיער  ארגן  קר,,,מרכך לשיער  ארגן  קר,מיליליטרים,700.00,"100 מ""ל",false,,13.90,1.9857,true,1,199255
7290108354492,false,שמפו לשיער רגיל קרלי,,,שמפו לשיער רגיל קרלי,מיליליטרים,700.00,"100 מ""ל",false,,13.90,1.9857,true,1,199256
7290108354591,false,תחליב רחצה ביו  נקה,,,תחליב רחצה ביו  נקה,מיליליטרים,750.00,"100 מ""ל",false,,11.90,1.5867,true,1,230257
7290108354607,false,שמפו ביו נקה 7 750 מ,,,שמפו ביו נקה 7 750 מ,מיליליטרים,750.00,"100 מ""ל",false,,11.90,1.5867,true,1,230244
7290108354614,false,מרכך לשיער ביו נקה 7,,,מרכך לשיער ביו נקה 7,מיליליטרים,750.00,"100 מ""ל",false,,11.90,1.5867,true,1,230258
7290108354751,false,מתז JET+בתוספת סודה,,,מתז JET+בתוספת סודה,מיליליטרים,750.00,"100 מ""ל",false,,12.90,1.7200,true,1,30778
7290108354911,false,שמפו  ג'ל רחצה וגילו,,,שמפו  ג'ל רחצה וגילו,מיליליטרים,700.00,"100 מ""ל",false,,18.90,2.7000,true,1,61546
7290108355000,false,שמפו מיניונים נקה 7,,,שמפו מיניונים נקה 7,מיליליטרים,750.00,"100 מ""ל",false,,11.90,1.5867,true,1,30784
7290108355031,false,אל סבון מיניונים נקה,,,אל סבון מיניונים נקה,מיליליטרים,750.00,"100 מ""ל",false,,11.90,1.5867,true,1,30787
7290108355154,false,שמפו שמני הזנה נקה 7,,,שמפו שמני הזנה נקה 7,מיליליטרים,750.00,"100 מ""ל",false,,11.90,1.5867,true,1,30797
7290108355208,false,שמפו קרטין אינטנס למ,,,שמפו קרטין אינטנס למ,מיליליטרים,400.00,"100 מ""ל",false,,30.90,7.7250,true,1,30801
7290108355260,false,שמפו ג'ל רחצה וסבון,,,שמפו ג'ל רחצה וסבון,מיליליטרים,750.00,"100 מ""ל",false,,11.90,1.5867,true,1,30804
7290108355307,false,שמפו סירוק קל נקה 7,,,שמפו סירוק קל נקה 7,מיליליטרים,750.00,"100 מ""ל",false,,12.90,1.7200,true,1,30808
7290108355451,false,דאודורנט רול און ורד,,,דאודורנט רול און ורד,מיליליטרים,75.00,"100 מ""ל",false,,12.90,17.2000,true,1,78178
7290108355499,false,דאודורנט סטיק קרמה ו,,,דאודורנט סטיק קרמה ו,מיליליטרים,70.00,"100 מ""ל",false,,17.90,25.5714,true,1,120401
7290108355536,false,דאודורנט ספריי ReFre,,,דאודורנט ספריי ReFre,מיליליטרים,150.00,"100 מ""ל",false,,12.90,8.6000,true,1,155484
7290108355543,false,דאודורנט ספריי ReFre,,,דאודורנט ספריי ReFre,מיליליטרים,150.00,"100 מ""ל",false,,12.90,8.6000,true,1,155485
7290108355802,false,קרמה תחליב רחצה ורד,,,קרמה תחליב רחצה ורד,מיליליטרים,700.00,"100 מ""ל",false,,16.90,2.4143,true,1,77021
7290108356090,false,קרמה תרחיץ ג'ל לשטיפ,,,קרמה תרחיץ ג'ל לשטיפ,מיליליטרים,220.00,"100 מ""ל",false,,19.90,9.0455,true,1,122618
7290108356113,false,תחליב רחצה דבש כיף 7,,,תחליב רחצה דבש כיף 7,מיליליטרים,700.00,"100 מ""ל",false,,11.90,1.7000,true,1,30834
7290108356120,false,תחליב רחצה קוקוס וני,,,תחליב רחצה קוקוס וני,מיליליטרים,700.00,"100 מ""ל",false,,11.90,1.7000,true,1,30835
7290108356137,false,תחליב רחצה לבנדר כיף,,,תחליב רחצה לבנדר כיף,מיליליטרים,700.00,"100 מ""ל",false,,11.90,1.7000,true,1,30836
7290108356151,false,תחליב רחצה מאסק יסמי,,,תחליב רחצה מאסק יסמי,מיליליטרים,700.00,"100 מ""ל",false,,11.90,1.7000,true,1,30837
7290108356168,false,תחליב רחצה אוקיינוס,,,תחליב רחצה אוקיינוס,מיליליטרים,700.00,"100 מ""ל",false,,11.90,1.7000,true,1,30838
7290108356298,false,מוס רחצה בניחוח קרם,,,מוס רחצה בניחוח קרם,מיליליטרים,200.00,"100 מ""ל",false,,12.90,6.4500,true,1,162741
7290108356489,false,תחליב רחצה אפרסק וחמ,,,תחליב רחצה אפרסק וחמ,מיליליטרים,700.00,"100 מ""ל",false,,11.90,1.7000,true,1,206352
7290108356519,false,שמפו לשיער בתוספת שמ,,,שמפו לשיער בתוספת שמ,מיליליטרים,700.00,"100 מ""ל",false,,13.90,1.9857,true,1,183425
7290108356526,false,שמפו לשיער יבש קרליי,,,שמפו לשיער יבש קרליי,מיליליטרים,700.00,"100 מ""ל",false,,13.90,1.9857,true,1,183436
7290108356533,false,שמפו לשיער מתולתל קר,,,שמפו לשיער מתולתל קר,מיליליטרים,700.00,"100 מ""ל",false,,13.90,1.9857,true,1,183447
7290108356564,false,מרכך לשיער רגיל קרלי,,,מרכך לשיער רגיל קרלי,מיליליטרים,700.00,"100 מ""ל",false,,13.90,1.9857,true,1,183460
7290108356571,false,מרכך לשיער יבש קרליי,,,מרכך לשיער יבש קרליי,מיליליטרים,700.00,"100 מ""ל",false,,13.90,1.9857,true,1,183461
7290108356809,false,סבון בוטני לניקוי יד,,,סבון בוטני לניקוי יד,ליטרים,1.00,ליטר,false,,15.90,15.9000,true,1,245777
7290108356816,false,סבון בוטני גרניום לנ,,,סבון בוטני גרניום לנ,ליטרים,1.00,ליטר,false,,15.90,15.9000,true,1,245789
7290108357004,false,כיף שמפו לשיער ורד ו,,,כיף שמפו לשיער ורד ו,מיליליטרים,700.00,"100 מ""ל",false,,11.90,1.7000,true,1,30839
7290108357011,false,כיף מרכך לשיער ורד ו,,,כיף מרכך לשיער ורד ו,מיליליטרים,700.00,"100 מ""ל",false,,11.90,1.7000,true,1,30840
7290108357028,false,כיף תחליב רחצה ורד ו,,,כיף תחליב רחצה ורד ו,מיליליטרים,700.00,"100 מ""ל",false,,11.90,1.7000,true,1,30841
7290108357042,false,דיאודורנט רול און בנ,,,דיאודורנט רול און בנ,מיליליטרים,75.00,"100 מ""ל",false,,12.90,17.2000,true,1,206397
7290108357059,false,דיאודורנט רול און בנ,,,דיאודורנט רול און בנ,מיליליטרים,75.00,"100 מ""ל",false,,12.90,17.2000,true,1,206398
7290108357097,false,דיאודורנט ספריי בניח,,,דיאודורנט ספריי בניח,מיליליטרים,150.00,"100 מ""ל",false,,12.90,8.6000,true,1,206432
7290108357196,false,סנו ג'ט פלוס לניקוי,,,סנו ג'ט פלוס לניקוי,מיליליטרים,750.00,"100 מ""ל",false,,12.90,1.7200,true,1,132916
7290108357226,false,אוקסיג'ן אבקה  להסרת,,,אוקסיג'ן אבקה  להסרת,קילוגרמים,1.40,"ק""ג",false,,29.90,21.3571,true,1,195232
7290108357240,false,אוקסיג'ן אבקה תוסף ל,,,אוקסיג'ן אבקה תוסף ל,קילוגרמים,1.40,"ק""ג",false,,29.90,21.3571,true,1,195233
7290108357264,false,מבשם לבית בניחוח אול,,,מבשם לבית בניחוח אול,גרמים,250.00,100 גרם,false,,13.90,5.5600,true,1,230903
7290108357271,false,סנובון ג'ל לניקוי אס,,,סנובון ג'ל לניקוי אס,מיליליטרים,750.00,"100 מ""ל",false,,11.90,1.5867,true,1,230935
7290108357288,false,סנו ז'אוול בניחוח פר,,,סנו ז'אוול בניחוח פר,ליטרים,4.00,ליטר,false,,16.90,4.2250,true,1,196494
7290108357295,false,מרסס אוקסיג'ן מסיר כ,,,מרסס אוקסיג'ן מסיר כ,מיליליטרים,750.00,"100 מ""ל",false,,17.90,2.3867,true,1,230924
7290108357394,false,קרמה תחליב רחצה חלב,,,קרמה תחליב רחצה חלב,מיליליטרים,700.00,"100 מ""ל",false,,16.90,2.4143,true,1,106687
7290108357417,false,קרם גוף קרמה ורד וונ,,,קרם גוף קרמה ורד וונ,מיליליטרים,500.00,"100 מ""ל",false,,24.90,4.9800,true,1,84636
7290108357493,false,קרמה תחליב רחצה וניל,,,קרמה תחליב רחצה וניל,מיליליטרים,700.00,"100 מ""ל",false,,16.90,2.4143,true,1,106677
7290108357516,false,סבון ידיים וניל ופלפ,,,סבון ידיים וניל ופלפ,מיליליטרים,500.00,"100 מ""ל",false,,12.90,2.5800,true,1,172123
7290108357707,false,שמפו לשיער רגיל תפוח,,,שמפו לשיער רגיל תפוח,מיליליטרים,700.00,"100 מ""ל",false,,11.90,1.7000,true,1,30843
7290108357714,false,שמפו לשיער יבש רימונ,,,שמפו לשיער יבש רימונ,מיליליטרים,700.00,"100 מ""ל",false,,11.90,1.7000,true,1,30844
7290108357745,false,שמפו ומרכך תאנה ומנט,,,שמפו ומרכך תאנה ומנט,מיליליטרים,700.00,"100 מ""ל",false,,11.90,1.7000,true,1,30846
7290108357769,false,מרכך לשיער רגיל תפוח,,,מרכך לשיער רגיל תפוח,מיליליטרים,700.00,"100 מ""ל",false,,11.90,1.7000,true,1,30848
7290108357776,false,מרכך לשיער יבש רימונ,,,מרכך לשיער יבש רימונ,מיליליטרים,700.00,"100 מ""ל",false,,11.90,1.7000,true,1,30849
7290108357837,false,אל סבון כיף שקית מיל,,,אל סבון כיף שקית מיל,ליטרים,1.00,ליטר,false,,8.90,8.9000,true,1,231012
7290108357844,false,אל סבון כיף שקית מיל,,,אל סבון כיף שקית מיל,ליטרים,1.00,ליטר,false,,8.90,8.9000,true,1,231023
7290108357851,false,ג'ל רחצה מועשר בשמן,,,ג'ל רחצה מועשר בשמן,מיליליטרים,700.00,"100 מ""ל",false,,12.90,1.8429,true,1,183761
7290108357875,false,שמפו לחות מוגברת אפר,,,שמפו לחות מוגברת אפר,מיליליטרים,700.00,"100 מ""ל",false,,11.90,1.7000,true,1,206330
7290108357882,false,מרכך לחות מוגברת אפר,,,מרכך לחות מוגברת אפר,מיליליטרים,700.00,"100 מ""ל",false,,11.90,1.7000,true,1,206341
7290108358087,false,קרמה תחליב רחצה מאסק,,,קרמה תחליב רחצה מאסק,מיליליטרים,700.00,"100 מ""ל",false,,16.90,2.4143,true,1,86775
7290108358124,false,דפי בישום לחים למייב,,,דפי בישום לחים למייב,יחידה,0.00,יחידה,false,,12.90,0.0000,true,1,275530
7290108359008,false,שקיות זיפר עם סליידר,,,שקיות זיפר עם סליידר,יחידה,0.00,יחידה,false,,14.90,0.0000,true,1,184659
7290108359015,false,שקיות זיפר עם סליידר,,,שקיות זיפר עם סליידר,יחידה,0.00,יחידה,false,,14.90,0.0000,true,1,184660
7290108359039,false,שקיות אשפה לפח גבוהה,,,שקיות אשפה לפח גבוהה,יח',100.00,יח',false,,19.90,0.1990,true,1,120211
7290108359046,false,סושי שקיות אקסטרא חז,,,סושי שקיות אקסטרא חז,יחידה,0.00,יחידה,false,,24.90,0.0000,true,1,129618
7290108359060,false,כריות ניקוי לשבת 4 י,,,כריות ניקוי לשבת 4 י,יחידה,0.00,יחידה,false,,11.90,0.0000,true,1,164310
7290108359077,false,ממחטות אף בקופסא 3 ש,,,ממחטות אף בקופסא 3 ש,יחידה,0.00,יחידה,false,,12.90,0.0000,true,1,184681
7290108359114,false,סנו סושי חמגשית אלומ,,,סנו סושי חמגשית אלומ,יחידה,0.00,יחידה,false,,10.90,0.0000,true,1,230990
7290108359152,false,סנו סושי-6 תבניות אל,,,סנו סושי-6 תבניות אל,יחידה,0.00,יחידה,false,,11.90,0.0000,true,1,262841
7290108359183,false,שקיות אשפה L  עם ידי,,,שקיות אשפה L  עם ידי,יחידה,0.00,יחידה,false,,22.90,0.0000,true,1,262096
7290108359824,false,קרם גוף HYDROMOIST ב,,,קרם גוף HYDROMOIST ב,מיליליטרים,500.00,"100 מ""ל",false,,21.90,4.3800,true,1,30852
7290108359831,false,שמן גוף בייבי כיף 50,,,שמן גוף בייבי כיף 50,מיליליטרים,500.00,"100 מ""ל",false,,21.90,4.3800,true,1,30853
7290108359862,false,אלסבון HYDROMOIST  ב,,,אלסבון HYDROMOIST  ב,ליטרים,1.00,ליטר,false,,18.90,18.9000,true,1,30856
7290108359893,false,תחליב רחצה HYDROMOIS,,,תחליב רחצה HYDROMOIS,מיליליטרים,750.00,"100 מ""ל",false,,15.90,2.1200,true,1,30859
7290108359961,false,משחת שיניים פרוטקט &,,,משחת שיניים פרוטקט &,גרמים,435.00,100 גרם,false,,21.90,5.0345,true,1,30860
7290108468830,false,גרביי גבים זוגות,,,גרביי גבים זוגות,יחידה,0.00,יחידה,false,,15.90,0.0000,true,1,1658
7290108468847,false,גרביי גבים זוגות,,,גרביי גבים זוגות,יחידה,0.00,יחידה,false,,15.90,0.0000,true,1,1659
7290108500677,false,כבד דג שיבוט בשמן וי,,,כבד דג שיבוט בשמן וי,גרמים,115.00,100 גרם,false,,8.90,7.7391,true,1,3046
7290108501353,false,פילה אנשובי ארוך בשמ,,,פילה אנשובי ארוך בשמ,גרמים,45.00,100 גרם,false,,5.90,13.1111,true,1,3072
7290108501360,false,גבינת צ'דר בשלה 200,,,גבינת צ'דר בשלה 200,גרמים,200.00,100 גרם,false,,17.90,8.9500,true,1,3073
7290108502381,false,תחתיות לפיצה קוטר 26,,,תחתיות לפיצה קוטר 26,יחידה,0.00,יחידה,false,,12.90,0.0000,true,1,3136
7290108503043,false,מארז רביעייה תפוחוני,,,מארז רביעייה תפוחוני,גרמים,88.00,100 גרם,false,,12.90,14.6591,true,1,3181
7290108503067,false,פרמז'נו משולש 150 גר,,,פרמז'נו משולש 150 גר,גרמים,150.00,100 גרם,false,,13.90,9.2667,true,1,3183
7290108503982,false,פרוסות גבינה בטעם צ',,,פרוסות גבינה בטעם צ',גרמים,150.00,100 גרם,false,,9.90,6.6000,true,1,3228
7290108503999,false,פרוסות גבינה בטעם גא,,,פרוסות גבינה בטעם גא,גרמים,150.00,100 גרם,false,,9.90,6.6000,true,1,3229
7290108505184,false,יוגורט יווני עם קוקו,,,יוגורט יווני עם קוקו,גרמים,150.00,100 גרם,false,,4.90,3.2667,true,1,65612
7290108505191,false,י.יווני עם פצפוצי שו,,,י.יווני עם פצפוצי שו,גרמים,150.00,100 גרם,false,,4.90,3.2667,true,1,65628
7290108505207,false,יוגורט יווני עם אוכמ,,,יוגורט יווני עם אוכמ,גרמים,150.00,100 גרם,false,,4.90,3.2667,true,1,65629
7290108505214,false,יוגורט יווני עם אפרס,,,יוגורט יווני עם אפרס,גרמים,150.00,100 גרם,false,,4.90,3.2667,true,1,65630
7290108505733,false,צמות גבינה חצי קשה 2,,,צמות גבינה חצי קשה 2,גרמים,200.00,100 גרם,false,,12.90,6.4500,true,1,65443
7290108505740,false,גבינת קשקבל חצי קשה,,,גבינת קשקבל חצי קשה,גרמים,200.00,100 גרם,false,,12.90,6.4500,true,1,65444
7290108506495,false,כנאפה קפוא 192.5 גרם,,,כנאפה קפוא 192.5 גרם,גרמים,192.50,100 גרם,false,,12.90,6.7013,true,1,60467
7290108506501,false,אצבעות בצק פילו ממול,,,אצבעות בצק פילו ממול,גרמים,500.00,100 גרם,false,,15.90,3.1800,true,1,202930
7290108506518,false,אצבעות בצק פילו ממול,,,אצבעות בצק פילו ממול,גרמים,500.00,100 גרם,false,,15.90,3.1800,true,1,202931
7290108507058,false,ביסקויט פריך בשוקולד,,,ביסקויט פריך בשוקולד,גרמים,100.00,100 גרם,false,,6.90,6.9000,true,1,191904
7290108507065,false,גבינת פרמגיאנו רגיאנ,,,גבינת פרמגיאנו רגיאנ,גרמים,100.00,100 גרם,false,,13.90,13.9000,true,1,112033
7290108507188,false,כנאפה קפוא 657.50 גר,,,כנאפה קפוא 657.50 גר,גרמים,657.50,100 גרם,false,,30.90,4.6996,true,1,74748
7290108507645,false,ביסקויט פריך בשוקולד,,,ביסקויט פריך בשוקולד,גרמים,100.00,100 גרם,false,,6.90,6.9000,true,1,191905
7290108507652,false,ביסקויט פריך בשוקולד,,,ביסקויט פריך בשוקולד,גרמים,100.00,100 גרם,false,,6.90,6.9000,true,1,191906
7290108507942,false,ירקות גינה עם טונה 1,,,ירקות גינה עם טונה 1,גרמים,160.00,100 גרם,false,,11.90,7.4375,true,1,126049
7290108508499,false,משקה יוגורט בסגנון ט,,,משקה יוגורט בסגנון ט,גרמים,293.00,100 גרם,false,,4.90,1.6724,true,1,111998
7290108509090,false,גבינה מותכת משולשים,,,גבינה מותכת משולשים,גרמים,200.00,100 גרם,false,,14.90,7.4500,true,1,137154
7290108509106,false,גבינה בולגרית מעודנת,,,גבינה בולגרית מעודנת,גרמים,200.00,100 גרם,false,,11.90,5.9500,true,1,137165
7290108509113,false,גבינה בולגרית מעודנת,,,גבינה בולגרית מעודנת,גרמים,250.00,100 גרם,false,,11.90,4.7600,true,1,130634
7290108509120,false,גבינה בולגרית מעודנת,,,גבינה בולגרית מעודנת,גרמים,500.00,100 גרם,false,,19.90,3.9800,true,1,137248
7290108509212,false,חטיף אורז אפוי לתינו,,,חטיף אורז אפוי לתינו,גרמים,50.00,100 גרם,false,,11.90,23.8000,true,1,180442
7290108509229,false,חטיף אורז אפוי לתינו,,,חטיף אורז אפוי לתינו,גרמים,50.00,100 גרם,false,,11.90,23.8000,true,1,180431
7290108509267,false,ארוחת פסטה עם רוטב ג,,,ארוחת פסטה עם רוטב ג,גרמים,206.00,100 גרם,false,,7.90,3.8350,true,1,141023
7290108509625,false,זיתים ירוקים  ופלפל,,,זיתים ירוקים  ופלפל,גרמים,730.00,100 גרם,false,,19.90,2.7260,true,1,153697
7290108509632,false,זיתים ירוקים מגולעני,,,זיתים ירוקים מגולעני,גרמים,800.00,100 גרם,false,,15.90,1.9875,true,1,153731
7290108509700,false,"אורז פרסי 1 ק""ג DAAW",,,"אורז פרסי 1 ק""ג DAAW",קילוגרמים,1.00,"ק""ג",false,,9.90,9.9000,true,1,165162
7290108509939,false,פרוסות פילה טונה 120,,,פרוסות פילה טונה 120,גרמים,120.00,100 גרם,false,,12.90,10.7500,true,1,180504
7290108509960,false,שלישיית נתחי טונה בה,,,שלישיית נתחי טונה בה,גרמים,240.00,100 גרם,false,,14.90,6.2083,true,1,180493
7290108620108,false,יין קברנה סובניון אי,,,יין קברנה סובניון אי,מיליליטרים,750.00,"100 מ""ל",false,,30.20,4.0267,true,1,72893
7290108620115,false,יין מרלו אימפריאל-75,,,יין מרלו אימפריאל-75,מיליליטרים,750.00,"100 מ""ל",false,,30.20,4.0267,true,1,72894
7290109351025,false,מלך החומוס חומוס טחי,,,מלך החומוס חומוס טחי,גרמים,400.00,100 גרם,false,,13.90,3.4750,true,1,19961
7290109352916,false,בר פריכיות שוקולד לב,,,בר פריכיות שוקולד לב,גרמים,84.00,100 גרם,false,,12.90,15.3571,true,1,19970
7290109354972,false,אסם פתי בר ללא גלוטן,,,אסם פתי בר ללא גלוטן,גרמים,200.00,100 גרם,false,,9.90,4.9500,true,1,19156
7290109354996,false,אסם פתי בר ללא גלוטן,,,אסם פתי בר ללא גלוטן,גרמים,200.00,100 גרם,false,,9.90,4.9500,true,1,19157
7290109358284,false,טבעול שניצל  תירס  ע,,,טבעול שניצל  תירס  ע,גרמים,664.00,100 גרם,false,,30.90,4.6536,true,1,19995
7290109358765,false,דגני קראנץ' רולס נוג,,,דגני קראנץ' רולס נוג,גרמים,450.00,100 גרם,false,,23.90,5.3111,true,1,19189
7290109492414,false,סכיני  מטבח שישיה שח,,,סכיני  מטבח שישיה שח,יחידה,0.00,יחידה,false,,11.90,0.0000,true,1,101074
7290109580043,false,זוגלובק שניצל תירס 1,,,זוגלובק שניצל תירס 1,קילוגרמים,1.75,"ק""ג",false,,49.90,28.5143,true,1,87980
7290109580111,false,צלעות אסאדו מעושנות,,,צלעות אסאדו מעושנות,גרמים,180.00,100 גרם,false,,24.90,13.8333,true,1,194850
7290109580159,false,פסטרמה בנוסח טוסקנה,,,פסטרמה בנוסח טוסקנה,גרמים,180.00,100 גרם,false,,24.90,13.8333,true,1,111859
7290109580166,false,סרוולד קלאסי זוגלובק,,,סרוולד קלאסי זוגלובק,גרמים,150.00,100 גרם,false,,24.90,16.6000,true,1,111860
7290109580210,false,נקנקיות  ריינהולד'ס,,,נקנקיות  ריינהולד'ס,גרמים,300.00,100 גרם,false,,19.90,6.6333,true,1,176944
7290109580241,false,נאגטס מן הצומח זוגלו,,,נאגטס מן הצומח זוגלו,גרמים,500.00,100 גרם,false,,19.90,3.9800,true,1,230190
7290109640761,false,מאפה פילאס טבעוני במ,,,מאפה פילאס טבעוני במ,גרמים,600.00,100 גרם,false,,22.90,3.8167,true,1,156851
7290109920146,false,דורגול מסיר אבן לקומ,,,דורגול מסיר אבן לקומ,מיליליטרים,750.00,"100 מ""ל",false,,18.90,2.5200,true,1,11397
7290109920313,false,אסטוניש מרסס מבריק ש,,,אסטוניש מרסס מבריק ש,מיליליטרים,750.00,"100 מ""ל",false,,11.90,1.5867,true,1,11399
7290109920627,false,"אסטוניש קרם 500 מ""ל",,,"אסטוניש קרם 500 מ""ל",מיליליטרים,500.00,"100 מ""ל",false,,12.90,2.5800,true,1,11405
7290109920658,false,אסטוניש מרסס אנטי בק,,,אסטוניש מרסס אנטי בק,מיליליטרים,750.00,"100 מ""ל",false,,11.90,1.5867,true,1,11406
7290109921334,false,יעקבי דפי כביסה אידא,,,יעקבי דפי כביסה אידא,יחידה,0.00,יחידה,false,,15.90,0.0000,true,1,11421
7290109921488,false,דורגול לניקוי וחיטוי,,,דורגול לניקוי וחיטוי,מיליליטרים,500.00,"100 מ""ל",false,,30.90,6.1800,true,1,11424
7290109921587,false,יעקבי רצפות גרניט פו,,,יעקבי רצפות גרניט פו,ליטרים,1.25,ליטר,false,,14.90,11.9200,true,1,11427
7290109921853,false,המשחה המקורית לניקוי,,,המשחה המקורית לניקוי,גרמים,150.00,100 גרם,false,,17.90,11.9333,true,1,200606
7290109923147,false,אסטוניש מרסס פלא של,,,אסטוניש מרסס פלא של,מיליליטרים,750.00,"100 מ""ל",false,,11.90,1.5867,true,1,236861
7290110058814,false,שלישיית ביצי שוקולד,,,שלישיית ביצי שוקולד,גרמים,60.00,100 גרם,false,,12.90,21.5000,true,1,33420
7290110110277,false,רביעיית סמרסבי סיידר,,,רביעיית סמרסבי סיידר,ליטרים,1.32,ליטר,false,,36.90,27.9545,true,1,7177
7290110110369,false,שישיית בירה קרלסברג,,,שישיית בירה קרלסברג,ליטרים,1.98,ליטר,false,,35.90,18.1313,true,1,68019
7290110110574,false,פחית סליק קולה ZERO,,,פחית סליק קולה ZERO,מיליליטרים,330.00,"100 מ""ל",false,,5.50,1.6667,true,1,7190
7290110111557,false,משקה ספורט איזוטוני,,,משקה ספורט איזוטוני,מיליליטרים,500.00,"100 מ""ל",false,,10.00,2.0000,true,1,210655
7290110113377,false,מארז רביעיות קוקה קו,,,מארז רביעיות קוקה קו,ליטרים,4.00,ליטר,false,,29.90,7.4750,true,1,104866
7290110113384,false,מארז רביעיות קוקה קו,,,מארז רביעיות קוקה קו,ליטרים,4.00,ליטר,false,,28.90,7.2250,true,1,104867
7290110113476,false,קרלסברג 0.0 בקבוק 6*,,,קרלסברג 0.0 בקבוק 6*,ליטרים,1.98,ליטר,false,,30.90,15.6061,true,1,53061
7290110114787,false,נביעות + תפוח 1.5 לי,,,נביעות + תפוח 1.5 לי,ליטרים,1.50,ליטר,false,,8.90,5.9333,true,1,166418
7290110114794,false,נביעות + אפרסק 1.5 ל,,,נביעות + אפרסק 1.5 ל,ליטרים,1.50,ליטר,false,,8.90,5.9333,true,1,166419
7290110114800,false,נביעות + ענבים 1.5 ל,,,נביעות + ענבים 1.5 ל,ליטרים,1.50,ליטר,false,,8.90,5.9333,true,1,166431
7290110114855,false,מי נביעות שישייה 1.5,,,מי נביעות שישייה 1.5,ליטרים,9.00,ליטר,false,,13.90,1.5444,true,1,166473
7290110114893,false,פריגת סחוט תפוזים 2,,,פריגת סחוט תפוזים 2,ליטרים,2.00,ליטר,false,,29.20,14.6000,true,1,166325
7290110114954,false,מיץ תפוזים מתקתק 100,,,מיץ תפוזים מתקתק 100,ליטרים,2.00,ליטר,false,,22.20,11.1000,true,1,166340
7290110114961,false,פריגת תפוזים 1.5 ליט,,,פריגת תפוזים 1.5 ליט,ליטרים,1.50,ליטר,false,,8.90,5.9333,true,1,166484
7290110114985,false,פריגת אשכולית 1.5 לי,,,פריגת אשכולית 1.5 לי,ליטרים,1.50,ליטר,false,,8.90,5.9333,true,1,166486
7290110114992,false,פריגת דיאט אשכולית 1,,,פריגת דיאט אשכולית 1,ליטרים,1.50,ליטר,false,,8.50,5.6667,true,1,166507
7290110115005,false,פריגת ענבים 1.5 ליטר,,,פריגת ענבים 1.5 ליטר,ליטרים,1.50,ליטר,false,,8.90,5.9333,true,1,166528
7290110115036,false,פריגת מנגו 1.5 ליטר,,,פריגת מנגו 1.5 ליטר,ליטרים,1.50,ליטר,false,,8.90,5.9333,true,1,166562
7290110115050,false,פריגת מיקס תות בננה,,,פריגת מיקס תות בננה,ליטרים,1.50,ליטר,false,,8.90,5.9333,true,1,166574
7290110115081,false,פריגת צלול ענבים 1.5,,,פריגת צלול ענבים 1.5,ליטרים,1.50,ליטר,false,,8.50,5.6667,true,1,166647
7290110115104,false,פריגת צלול אפרסק 1.5,,,פריגת צלול אפרסק 1.5,ליטרים,1.50,ליטר,false,,8.50,5.6667,true,1,166661
7290110115111,false,פריגת צלול אננס 1.5,,,פריגת צלול אננס 1.5,ליטרים,1.50,ליטר,false,,8.50,5.6667,true,1,166662
7290110115128,false,פריגת צלול בטעם לימו,,,פריגת צלול בטעם לימו,ליטרים,1.50,ליטר,false,,8.50,5.6667,true,1,166663
7290110115180,false,נביעות 1.5 ליטר,,,נביעות 1.5 ליטר,ליטרים,1.50,ליטר,false,,3.70,2.4667,true,1,178862
7290110115203,false,קוקה קולה 1.5 ליטר,,,קוקה קולה 1.5 ליטר,ליטרים,1.50,ליטר,false,,8.90,5.9333,true,1,166679
7290110115210,false,דיאט קוקה קולה 1.5 ל,,,דיאט קוקה קולה 1.5 ל,ליטרים,1.50,ליטר,false,,8.50,5.6667,true,1,166680
7290110115227,false,קוקה קולה זירו בקבוק,,,קוקה קולה זירו בקבוק,ליטרים,1.50,ליטר,false,,8.90,5.9333,true,1,166681
7290110115234,false,קולה ZERO נטול 1.5 ל,,,קולה ZERO נטול 1.5 ל,ליטרים,1.50,ליטר,false,,8.90,5.9333,true,1,166682
7290110115241,false,קולה ZERO לימון 1.5,,,קולה ZERO לימון 1.5,ליטרים,1.50,ליטר,false,,8.90,5.9333,true,1,166683
7290110115265,false,ספרייט 1.5 ליטר LIME,,,ספרייט 1.5 ליטר LIME,ליטרים,1.50,ליטר,false,,8.90,5.9333,true,1,166751
7290110115272,false,ספרייט זירו 1.5 ליטר,,,ספרייט זירו 1.5 ליטר,ליטרים,1.50,ליטר,false,,8.50,5.6667,true,1,166752
7290110115296,false,פאנטה אורנג' 1.5 ליט,,,פאנטה אורנג' 1.5 ליט,ליטרים,1.50,ליטר,false,,8.90,5.9333,true,1,166776
7290110115340,false,פאנטה ענבים 1.5 ליטר,,,פאנטה ענבים 1.5 ליטר,ליטרים,1.50,ליטר,false,,8.90,5.9333,true,1,166813
7290110115357,false,קינלי סודה 1.5 ליטר,,,קינלי סודה 1.5 ליטר,ליטרים,1.50,ליטר,false,,3.50,2.3333,true,1,166824
7290110115364,false,קוקה קולה 6*1.5 ליטר,,,קוקה קולה 6*1.5 ליטר,ליטרים,9.00,ליטר,false,,49.90,5.5444,true,1,166695
7290110115371,false,קוקה קולה דיאט  6*1.,,,קוקה קולה דיאט  6*1.,ליטרים,9.00,ליטר,false,,47.10,5.2333,true,1,166696
7290110115388,false,ספרייט  6*1.5 ליטר L,,,ספרייט  6*1.5 ליטר L,ליטרים,9.00,ליטר,false,,49.90,5.5444,true,1,166753
7290110115395,false,ספרייט זירו 6* 1.5 ל,,,ספרייט זירו 6* 1.5 ל,ליטרים,9.00,ליטר,false,,47.10,5.2333,true,1,166765
7290110115401,false,קינלי סודה 6*1.5 ליט,,,קינלי סודה 6*1.5 ליט,ליטרים,9.00,ליטר,false,,14.90,1.6556,true,1,175294
7290110115418,false,קוקה קולה זירו שישיי,,,קוקה קולה זירו שישיי,ליטרים,9.00,ליטר,false,,46.90,5.2111,true,1,166697
7290110115425,false,פיוז טי לימון נענע 1,,,פיוז טי לימון נענע 1,ליטרים,1.50,ליטר,false,,8.90,5.9333,true,1,166846
7290110115456,false,פיוז טי אפרסק  19 קל,,,פיוז טי אפרסק  19 קל,ליטרים,1.50,ליטר,false,,8.90,5.9333,true,1,166849
7290110115463,false,פיוז טי אפרסק 1.5 לי,,,פיוז טי אפרסק 1.5 לי,ליטרים,1.50,ליטר,false,,9.50,6.3333,true,1,166850
7290110115494,false,פיוז טי ענבים 1.5 לי,,,פיוז טי ענבים 1.5 לי,ליטרים,1.50,ליטר,false,,9.50,6.3333,true,1,166864
7290110115593,false,משקה קל בטעם אשכוליו,,,משקה קל בטעם אשכוליו,ליטרים,1.50,ליטר,false,,8.50,5.6667,true,1,166648
7290110115616,false,פיוז טי ZERO גרין אנ,,,פיוז טי ZERO גרין אנ,ליטרים,1.50,ליטר,false,,8.90,5.9333,true,1,188778
7290110115869,false,קוקה קולה זירו בקבוק,,,קוקה קולה זירו בקבוק,ליטרים,1.50,ליטר,false,,8.90,5.9333,true,1,267971
7290110116064,false,פאנטה זירו 1.5 ליטר,,,פאנטה זירו 1.5 ליטר,ליטרים,1.50,ליטר,false,,8.90,5.9333,true,1,218749
7290110116125,false,סירופ פריגת טעם פטל,,,סירופ פריגת טעם פטל,מיליליטרים,750.00,"100 מ""ל",false,,18.90,2.5200,true,1,230858
7290110116132,false,סירופ פריגת טעם לימו,,,סירופ פריגת טעם לימו,מיליליטרים,750.00,"100 מ""ל",false,,18.90,2.5200,true,1,230859
7290110116149,false,סירופ פריגת טעם ענבי,,,סירופ פריגת טעם ענבי,מיליליטרים,750.00,"100 מ""ל",false,,18.90,2.5200,true,1,230860
7290110116217,false,נביעות+ אשכולית 0 קל,,,נביעות+ אשכולית 0 קל,ליטרים,1.50,ליטר,false,,8.90,5.9333,true,1,244110
7290110116385,false,סליק זירו  מרשמלו 33,,,סליק זירו  מרשמלו 33,מיליליטרים,330.00,"100 מ""ל",false,,5.50,1.6667,true,1,245581
7290110116392,false,סירופ בטעם תפוזים 75,,,סירופ בטעם תפוזים 75,מיליליטרים,750.00,"100 מ""ל",false,,18.90,2.5200,true,1,244135
7290110320591,false,בולגרית 16% במרקם מע,,,בולגרית 16% במרקם מע,גרמים,250.00,100 גרם,false,,20.90,8.3600,true,1,26179
7290110320683,false,משקה יופלה שמיניה בט,,,משקה יופלה שמיניה בט,מיליליטרים,856.00,"100 מ""ל",false,,16.90,1.9743,true,1,26185
7290110320850,false,עמק פתיתים  200 גרם,,,עמק פתיתים  200 גרם,גרמים,200.00,100 גרם,false,,14.90,7.4500,true,1,26195
7290110320867,false,עמק פתיתים למאפים 28,,,עמק פתיתים למאפים 28,גרמים,500.00,100 גרם,false,,29.90,5.9800,true,1,26196
7290110320935,false,פרוסות מוצרלה 150 גר,,,פרוסות מוצרלה 150 גר,גרמים,150.00,100 גרם,false,,15.90,10.6000,true,1,26201
7290110321277,false,קוטג' תנובה בקטנה  5,,,קוטג' תנובה בקטנה  5,גרמים,100.00,100 גרם,false,,2.50,2.5000,true,1,26227
7290110321284,false,קוטג' תנובה בקטנה  9,,,קוטג' תנובה בקטנה  9,גרמים,100.00,100 גרם,false,,2.50,2.5000,true,1,26228
7290110321604,false,פיראוס קוביות בולגרי,,,פיראוס קוביות בולגרי,גרמים,200.00,100 גרם,false,,19.90,9.9500,true,1,26244
7290110321703,false,יופלה גו בטעם פרות י,,,יופלה גו בטעם פרות י,מיליליטרים,200.00,"100 מ""ל",false,,5.90,2.9500,true,1,26252
7290110322014,false,טופו טבעי 300 גרם,,,טופו טבעי 300 גרם,גרמים,300.00,100 גרם,false,,11.90,3.9667,true,1,26271
7290110322038,false,טופו  פיקנטי 300 גרם,,,טופו  פיקנטי 300 גרם,גרמים,300.00,100 גרם,false,,11.90,3.9667,true,1,26273
7290110322946,false,יופלה טיוב יוגורט במ,,,יופלה טיוב יוגורט במ,מיליליטרים,348.00,"100 מ""ל",false,,11.90,3.4195,true,1,26295
7290110323585,false,יופלה GO לייט עם דוב,,,יופלה GO לייט עם דוב,גרמים,200.00,100 גרם,false,,5.90,2.9500,true,1,26336
7290110323592,false,יופלה GO לייט עם אפר,,,יופלה GO לייט עם אפר,גרמים,200.00,100 גרם,false,,5.90,2.9500,true,1,26337
7290110323714,false,תנובה משקה קוקוס שקד,,,תנובה משקה קוקוס שקד,יחידה,0.00,יחידה,false,,12.90,0.0000,true,1,26348
7290110323998,false,מאגדת  8 מיני קרלו ק,,,מאגדת  8 מיני קרלו ק,גרמים,616.00,100 גרם,false,,11.90,1.9318,true,1,129232
7290110324070,false,גבינת חלומי מחלב בקר,,,גבינת חלומי מחלב בקר,גרמים,200.00,100 גרם,false,,18.90,9.4500,true,1,26372
7290110324551,false,יופלה טיוב יוגורט במ,,,יופלה טיוב יוגורט במ,מיליליטרים,348.00,"100 מ""ל",false,,11.90,3.4195,true,1,26407
7290110324711,false,ממרח סויה 9% בטעם טב,,,ממרח סויה 9% בטעם טב,גרמים,250.00,100 גרם,false,,8.90,3.5600,true,1,26416
7290110324728,false,ממרח סויה 9% עם שום,,,ממרח סויה 9% עם שום,גרמים,250.00,100 גרם,false,,8.90,3.5600,true,1,26417
7290110324858,false,מעדן שקדים בטעם אגוז,,,מעדן שקדים בטעם אגוז,גרמים,125.00,100 גרם,false,,4.50,3.6000,true,1,26427
7290110324872,false,גלבוע גבינה פרוסה 5%,,,גלבוע גבינה פרוסה 5%,גרמים,200.00,100 גרם,false,,17.90,8.9500,true,1,26428
7290110324926,false,משקה סויה ללא תוספת,,,משקה סויה ללא תוספת,יחידה,0.00,יחידה,false,,9.90,0.0000,true,1,26431
7290110325084,false,מאגדת שמינייה מיני ק,,,מאגדת שמינייה מיני ק,מיליליטרים,800.00,"100 מ""ל",false,,13.90,1.7375,true,1,26440
7290110325114,false,יופלה משקה יוגורט גו,,,יופלה משקה יוגורט גו,מיליליטרים,250.00,"100 מ""ל",false,,6.50,2.6000,true,1,26443
7290110325169,false,פרוסות גאודה 170 גרם,,,פרוסות גאודה 170 גרם,גרמים,170.00,100 גרם,false,,17.90,10.5294,true,1,58321
7290110325305,false,יופלה סויה גו 20 גרם,,,יופלה סויה גו 20 גרם,גרמים,200.00,100 גרם,false,,5.90,2.9500,true,1,26447
7290110325312,false,יופלה סויה גו 20 גרם,,,יופלה סויה גו 20 גרם,גרמים,200.00,100 גרם,false,,5.90,2.9500,true,1,26448
7290110325510,false,יופלה טיוב יוגורט במ,,,יופלה טיוב יוגורט במ,מיליליטרים,348.00,"100 מ""ל",false,,11.90,3.4195,true,1,26453
7290110325619,false,תנובה משקה שיבולת שו,,,תנובה משקה שיבולת שו,יחידה,0.00,יחידה,false,,12.90,0.0000,true,1,26457
7290110325701,false,פיראוס צזיקי יווני 9,,,פיראוס צזיקי יווני 9,גרמים,250.00,100 גרם,false,,12.90,5.1600,true,1,26463
7290110325893,false,משקה תנובה GO אייס ק,,,משקה תנובה GO אייס ק,גרמים,340.00,100 גרם,false,,7.90,2.3235,true,1,26476
7290110326210,false,יופלה און טופ פצפוצי,,,יופלה און טופ פצפוצי,גרמים,157.00,100 גרם,false,,4.90,3.1210,true,1,58304
7290110326234,false,יופלה און טופ כוכבים,,,יופלה און טופ כוכבים,גרמים,157.00,100 גרם,false,,4.90,3.1210,true,1,58324
7290110326241,false,יופלה און טופ גרנולה,,,יופלה און טופ גרנולה,יחידה,157.00,יחידה,false,,4.90,0.0312,true,1,58325
7290110326333,false,פרוסות גבינה סקנדינב,,,פרוסות גבינה סקנדינב,גרמים,170.00,100 גרם,false,,17.50,10.2941,true,1,122678
7290110327033,false,משקה סויה תנובה GO מ,,,משקה סויה תנובה GO מ,יחידה,0.00,יחידה,false,,11.90,0.0000,true,1,79575
7290110327514,false,משקה שיבולת שועל בטע,,,משקה שיבולת שועל בטע,יחידה,0.00,יחידה,false,,12.90,0.0000,true,1,138014
7290110327545,false,יופלה און טופ בטעם ת,,,יופלה און טופ בטעם ת,גרמים,157.00,100 גרם,false,,4.90,3.1210,true,1,94307
7290110327798,false,GO חטיף חלבון בטעם ש,,,GO חטיף חלבון בטעם ש,גרמים,60.00,100 גרם,false,,11.90,19.8333,true,1,126199
7290110327804,false,GO חטיף חלבון בטעם ב,,,GO חטיף חלבון בטעם ב,גרמים,60.00,100 גרם,false,,11.90,19.8333,true,1,126200
7290110327811,false,GO חטיף חלבון עם קוק,,,GO חטיף חלבון עם קוק,גרמים,60.00,100 גרם,false,,11.90,19.8333,true,1,126201
7290110328481,false,פתיתי פרמג'יאנו רג'י,,,פתיתי פרמג'יאנו רג'י,גרמים,100.00,100 גרם,false,,13.90,13.9000,true,1,115954
7290110328627,false,יוגורט גו סמיך 0% בנ,,,יוגורט גו סמיך 0% בנ,גרמים,200.00,100 גרם,false,,5.90,2.9500,true,1,129208
7290110328764,false,יוגורט גו סמיך 0% תו,,,יוגורט גו סמיך 0% תו,גרמים,200.00,100 גרם,false,,5.90,2.9500,true,1,129221
7290110328771,false,יוגורט גו סמיך 0% פי,,,יוגורט גו סמיך 0% פי,גרמים,200.00,100 גרם,false,,5.90,2.9500,true,1,129209
7290110328788,false,יוגורט גו סמיך 0% אפ,,,יוגורט גו סמיך 0% אפ,גרמים,200.00,100 גרם,false,,5.90,2.9500,true,1,129210
7290110329136,false,מעדן חלב גו בטעם שוק,,,מעדן חלב גו בטעם שוק,גרמים,120.00,100 גרם,false,,4.60,3.8333,true,1,170097
7290110329143,false,מעדן חלב גו בטעם וני,,,מעדן חלב גו בטעם וני,גרמים,120.00,100 גרם,false,,4.60,3.8333,true,1,170086
7290110329716,false,קפה קר בטעם קפוצ'ינו,,,קפה קר בטעם קפוצ'ינו,מיליליטרים,230.00,"100 מ""ל",false,,6.90,3.0000,true,1,214048
7290110329723,false,קפה קר בטעם לאטה תנו,,,קפה קר בטעם לאטה תנו,מיליליטרים,230.00,"100 מ""ל",false,,6.90,3.0000,true,1,214549
7290110329730,false,קפה קר בטעם לאטה שוק,,,קפה קר בטעם לאטה שוק,מיליליטרים,230.00,"100 מ""ל",false,,6.90,3.0000,true,1,214550
7290110329792,false,סויה BIO אפרסק גביע,,,סויה BIO אפרסק גביע,גרמים,150.00,100 גרם,false,,4.50,3.0000,true,1,188631
7290110329808,false,סויה BIO תות גביע 15,,,סויה BIO תות גביע 15,גרמים,150.00,100 גרם,false,,4.50,3.0000,true,1,188632
7290110329815,false,סויה BIO מתיקות מעוד,,,סויה BIO מתיקות מעוד,גרמים,150.00,100 גרם,false,,4.50,3.0000,true,1,188633
7290110329822,false,סויה BIO פירות יער ג,,,סויה BIO פירות יער ג,גרמים,150.00,100 גרם,false,,4.50,3.0000,true,1,188634
7290110329846,false,סויה BIO טבעי גביע 1,,,סויה BIO טבעי גביע 1,גרמים,150.00,100 גרם,false,,4.50,3.0000,true,1,188635
7290110550219,false,מטבעות שוקולד לבן לא,,,מטבעות שוקולד לבן לא,גרמים,400.00,100 גרם,false,,29.90,7.4750,true,1,214416
7290110550226,false,מטבעות שוקולד מריר ל,,,מטבעות שוקולד מריר ל,גרמים,400.00,100 גרם,false,,29.90,7.4750,true,1,214417
7290110550370,false,אנרגי פריכיות משולשו,,,אנרגי פריכיות משולשו,גרמים,65.00,100 גרם,false,,9.90,15.2308,true,1,266725
7290110551254,false,נשנושי תירס 600 גרם,,,נשנושי תירס 600 גרם,גרמים,600.00,100 גרם,false,,14.90,2.4833,true,1,257590
7290110552121,false,היוגורט הראשון שלי 5,,,היוגורט הראשון שלי 5,גרמים,100.00,100 גרם,false,,2.30,2.3000,true,1,223150
7290110552220,false,דנונה PRO 20 גרם חלב,,,דנונה PRO 20 גרם חלב,גרמים,200.00,100 גרם,false,,5.90,2.9500,true,1,183299
7290110552237,false,דנונה PRO 20 גרם חלב,,,דנונה PRO 20 גרם חלב,גרמים,200.00,100 גרם,false,,5.90,2.9500,true,1,183288
7290110552817,false,מסטיק ללא סוכר בטעם,,,מסטיק ללא סוכר בטעם,גרמים,66.00,100 גרם,false,,9.90,15.0000,true,1,230668
7290110553029,false,פריכיות חלבון קייל ח,,,פריכיות חלבון קייל ח,גרמים,60.00,100 גרם,false,,9.90,16.5000,true,1,185910
7290110553425,false,קפה נמס עלית פחית מו,,,קפה נמס עלית פחית מו,גרמים,240.00,100 גרם,false,,19.90,8.2917,true,1,187178
7290110554477,false,קפסולות קפה עלית לאפ,,,קפסולות קפה עלית לאפ,גרמים,50.00,100 גרם,false,,16.90,33.8000,true,1,221044
7290110554507,false,קפה טורקי תימני עלית,,,קפה טורקי תימני עלית,גרמים,100.00,100 גרם,false,,8.90,8.9000,true,1,233281
7290110554514,false,קפה טורקי אתיופי עלי,,,קפה טורקי אתיופי עלי,גרמים,100.00,100 גרם,false,,8.90,8.9000,true,1,233282
7290110554583,false,מארז צ'יטוס PUFFS בט,,,מארז צ'יטוס PUFFS בט,גרמים,200.00,100 גרם,false,,12.90,6.4500,true,1,177538
7290110554729,false,עלית קפסולות אספרסו,,,עלית קפסולות אספרסו,גרמים,50.00,100 גרם,false,,16.90,33.8000,true,1,220779
7290110555078,false,לאבנה עם עשבי תיבול,,,לאבנה עם עשבי תיבול,גרמים,250.00,100 גרם,false,,10.90,4.3600,true,1,220954
7290110555603,false,אבקה להכנת שוקולטה ס,,,אבקה להכנת שוקולטה ס,גרמים,360.00,100 גרם,false,,22.90,6.3611,true,1,275134
7290110555665,false,אבקת קקאו דל שומן 22,,,אבקת קקאו דל שומן 22,גרמים,220.00,100 גרם,false,,18.90,8.5909,true,1,274047
7290110556242,false,שוקולד מריר מעולה 10,,,שוקולד מריר מעולה 10,גרמים,100.00,100 גרם,false,,4.90,4.9000,true,1,257342
7290110557027,false,חומוס הסדרה עשיר ב50,,,חומוס הסדרה עשיר ב50,גרמים,400.00,100 גרם,false,,12.90,3.2250,true,1,169473
7290110557102,false,מעדן פרו חלב עם שוקו,,,מעדן פרו חלב עם שוקו,גרמים,150.00,100 גרם,false,,5.50,3.6667,true,1,157268
7290110557133,false,מעדן הגולן מעדן חלב,,,מעדן הגולן מעדן חלב,גרמים,125.00,100 גרם,false,,2.90,2.3200,true,1,165358
7290110557317,false,היוגורט הראשון שלי ש,,,היוגורט הראשון שלי ש,גרמים,100.00,100 גרם,false,,2.30,2.3000,true,1,223161
7290110557478,false,חומוס גלילי אחלה  60,,,חומוס גלילי אחלה  60,גרמים,600.00,100 גרם,false,,12.90,2.1500,true,1,206536
7290110558154,false,דנונה לייט אנד פרי ת,,,דנונה לייט אנד פרי ת,גרמים,150.00,100 גרם,false,,4.90,3.2667,true,1,236396
7290110558222,false,WOW יוגורט בטעם בנופ,,,WOW יוגורט בטעם בנופ,גרמים,150.00,100 גרם,false,,4.90,3.2667,true,1,236372
7290110558284,false,דנונה מולטי 3% שומן,,,דנונה מולטי 3% שומן,מיליליטרים,200.00,"100 מ""ל",false,,4.20,2.1000,true,1,230201
7290110558314,false,דנונה פרו ללא סוכר 2,,,דנונה פרו ללא סוכר 2,גרמים,200.00,100 גרם,false,,5.90,2.9500,true,1,236397
7290110558918,false,עלי חסה קראנצ שטופים,,,עלי חסה קראנצ שטופים,גרמים,150.00,100 גרם,false,,10.90,7.2667,true,1,258741
7290110559762,false,מאגדת חטיף Real  אנר,,,מאגדת חטיף Real  אנר,גרמים,105.00,100 גרם,false,,15.90,15.1429,true,1,236607
7290110560317,false,פריכיות משולשות מלח,,,פריכיות משולשות מלח,גרמים,30.00,100 גרם,false,,4.90,16.3333,true,1,22993
7290110560324,false,פריכיות משולשות אפונ,,,פריכיות משולשות אפונ,גרמים,30.00,100 גרם,false,,4.90,16.3333,true,1,22994
7290110561352,false,דנונה ביו דל לקטוז ב,,,דנונה ביו דל לקטוז ב,גרמים,200.00,100 גרם,false,,3.90,1.9500,true,1,23930
7290110561604,false,שמיניית גמדים תות בנ,,,שמיניית גמדים תות בנ,גרמים,800.00,100 גרם,false,,18.90,2.3625,true,1,23939
7290110563431,false,יטבתה משקה קפה קר בס,,,יטבתה משקה קפה קר בס,מיליליטרים,230.00,"100 מ""ל",false,,7.90,3.4348,true,1,23943
7290110563448,false,יטבתה משקה קפה קר בס,,,יטבתה משקה קפה קר בס,מיליליטרים,230.00,"100 מ""ל",false,,7.90,3.4348,true,1,23944
7290110563462,false,יטבתה חלב בבקבוק נטו,,,יטבתה חלב בבקבוק נטו,ליטרים,1.00,ליטר,false,,8.90,8.9000,true,1,23946
7290110564339,false,חומוס הסדרה המובחרת,,,חומוס הסדרה המובחרת,גרמים,400.00,100 גרם,false,,12.90,3.2250,true,1,23953
7290110564360,false,חומוס אחלה עשיר ב 40,,,חומוס אחלה עשיר ב 40,גרמים,400.00,100 גרם,false,,12.90,3.2250,true,1,23954
7290110564414,false,חומוס הסדרה המובחרת,,,חומוס הסדרה המובחרת,גרמים,600.00,100 גרם,false,,14.90,2.4833,true,1,23958
7290110564742,false,יטבתה משקה קפה קר בס,,,יטבתה משקה קפה קר בס,מיליליטרים,230.00,"100 מ""ל",false,,7.90,3.4348,true,1,23964
7290110565435,false,לימבו בטעם פטל 0% שו,,,לימבו בטעם פטל 0% שו,גרמים,125.00,100 גרם,false,,2.50,2.0000,true,1,23969
7290110565527,false,דנונה PRO 20 גרם חלב,,,דנונה PRO 20 גרם חלב,גרמים,200.00,100 גרם,false,,5.90,2.9500,true,1,23971
7290110566623,false,עלית קפסולות קולומבי,,,עלית קפסולות קולומבי,גרמים,50.00,100 גרם,false,,16.90,33.8000,true,1,23041
7290110566975,false,דנונה PRO 20 גרם חלב,,,דנונה PRO 20 גרם חלב,גרמים,200.00,100 גרם,false,,5.90,2.9500,true,1,23981
7290110568238,false,קצפת צימחית 21% במתי,,,קצפת צימחית 21% במתי,מיליליטרים,250.00,"100 מ""ל",false,,7.90,3.1600,true,1,23993
7290110568276,false,משקה פרו  וניל יטבתה,,,משקה פרו  וניל יטבתה,מיליליטרים,350.00,"100 מ""ל",false,,6.90,1.9714,true,1,23994
7290110570224,false,משקה קפה קר בטעם עוג,,,משקה קפה קר בטעם עוג,מיליליטרים,230.00,"100 מ""ל",false,,7.90,3.4348,true,1,230337
7290110570576,false,פולי אספרסו עשירים ו,,,פולי אספרסו עשירים ו,קילוגרמים,1.00,"ק""ג",false,,40.90,40.9000,true,1,203217
7290110571375,false,מיקס מאגדת צימוקים ת,,,מיקס מאגדת צימוקים ת,גרמים,100.00,100 גרם,false,,17.90,17.9000,true,1,236539
7290110571382,false,מעדן חלב מועשר בחלבו,,,מעדן חלב מועשר בחלבו,גרמים,150.00,100 גרם,false,,5.00,3.3333,true,1,210567
7290110571405,false,מיני פינוקיות פסק זמ,,,מיני פינוקיות פסק זמ,גרמים,180.00,100 גרם,false,,10.90,6.0556,true,1,273925
7290110571412,false,מיני פינוקיות בגביע,,,מיני פינוקיות בגביע,גרמים,180.00,100 גרם,false,,10.90,6.0556,true,1,273913
7290110571481,false,קפה נמס עלית 200 גרם,,,קפה נמס עלית 200 גרם,גרמים,200.00,100 גרם,false,,19.90,9.9500,true,1,230680
7290110571535,false,קפה עלית טורקי הל מא,,,קפה עלית טורקי הל מא,גרמים,300.00,100 גרם,false,,24.90,8.3000,true,1,214364
7290110572129,false,כיף כף מקלות שוקולד,,,כיף כף מקלות שוקולד,גרמים,40.00,100 גרם,false,,4.90,12.2500,true,1,276020
7290110572976,false,כיף כף פצפצים קרם לב,,,כיף כף פצפצים קרם לב,גרמים,135.00,100 גרם,false,,9.90,7.3333,true,1,236419
7290110576318,false,מארז שלישיית אגוז  ל,,,מארז שלישיית אגוז  ל,גרמים,300.00,100 גרם,false,,21.90,7.3000,true,1,259917
7290110576370,false,מארז שלישיית אגוז  מ,,,מארז שלישיית אגוז  מ,גרמים,300.00,100 גרם,false,,21.90,7.3000,true,1,259918
7290110576752,false,שוקולד ספלנדיד מריר,,,שוקולד ספלנדיד מריר,גרמים,100.00,100 גרם,false,,9.90,9.9000,true,1,274093
7290110576776,false,שוקולד ספלנדיד מריר,,,שוקולד ספלנדיד מריר,גרמים,100.00,100 גרם,false,,9.90,9.9000,true,1,274094
7290110956967,false,מעבד מזון מייסטר MFP,,,מעבד מזון מייסטר MFP,יחידה,0.00,יחידה,false,,299.90,0.0000,true,1,145768
7290111093005,false,מגבונים להסרת איפור,,,מגבונים להסרת איפור,יחידה,0.00,יחידה,false,,7.90,0.0000,true,1,29624
7290111093470,false,קוויק מבריק פלא להסר,,,קוויק מבריק פלא להסר,יחידה,0.00,יחידה,false,,10.90,0.0000,true,1,231996
7290111093982,false,תחליב רחצה פסיפלורה,,,תחליב רחצה פסיפלורה,מיליליטרים,700.00,"100 מ""ל",false,,15.90,2.2714,true,1,260657
7290111094248,false,שקיות אשפה XL עם שרו,,,שקיות אשפה XL עם שרו,יחידה,0.00,יחידה,false,,19.90,0.0000,true,1,29625
7290111094613,false,מגבונים לניקוי משקפי,,,מגבונים לניקוי משקפי,יחידה,0.00,יחידה,false,,7.90,0.0000,true,1,29626
7290111094651,false,קוויק שקיות אשפה L ח,,,קוויק שקיות אשפה L ח,יחידה,0.00,יחידה,false,,12.90,0.0000,true,1,164352
7290111095818,false,שקיות אשפה L  עם שרו,,,שקיות אשפה L  עם שרו,יחידה,0.00,יחידה,false,,19.90,0.0000,true,1,29628
7290111096921,false,מטליות לחות לניקוי ב,,,מטליות לחות לניקוי ב,יחידה,0.00,יחידה,false,,8.90,0.0000,true,1,165627
7290111097546,false,קוויק מטליות לחות לנ,,,קוויק מטליות לחות לנ,יחידה,0.00,יחידה,false,,8.90,0.0000,true,1,197758
7290111098536,false,מגבונים לחים לתינוק,,,מגבונים לחים לתינוק,יחידה,0.00,יחידה,false,,14.90,0.0000,true,1,208947
7290111285288,false,צלחת במבוק  9  אנץ,,,צלחת במבוק  9  אנץ,יחידה,0.00,יחידה,false,,10.90,0.0000,true,1,33441
7290111285370,false,קערה במבוק ספיידרמן.,,,קערה במבוק ספיידרמן.,יחידה,0.00,יחידה,false,,9.90,0.0000,true,1,33442
7290111285462,false,כוס במבוק ספיידרמן,,,כוס במבוק ספיידרמן,יחידה,0.00,יחידה,false,,8.90,0.0000,true,1,33443
7290111340185,false,ניקול לחות לניקוי רצ,,,ניקול לחות לניקוי רצ,יחידה,0.00,יחידה,false,,10.90,0.0000,true,1,9122
7290111340956,false,מטליות לחות לרצפה מר,,,מטליות לחות לרצפה מר,יחידה,0.00,יחידה,false,,10.90,0.0000,true,1,9131
7290111341724,false,טיטולים פרימיום אריז,,,טיטולים פרימיום אריז,יח',34.00,יח',false,,24.90,0.7324,true,1,9146
7290111342004,false,לילי נייר טואלט לח ק,,,לילי נייר טואלט לח ק,יחידה,0.00,יחידה,false,,7.90,0.0000,true,1,9154
7290111342042,false,כריות יפניות אנטיבקט,,,כריות יפניות אנטיבקט,יחידה,0.00,יחידה,false,,10.90,0.0000,true,1,9155
7290111342059,false,מטליות לחות אנטיבקטר,,,מטליות לחות אנטיבקטר,יחידה,0.00,יחידה,false,,10.90,0.0000,true,1,9156
7290111342073,false,מטליות מיקורפייבר אנ,,,מטליות מיקורפייבר אנ,יחידה,0.00,יחידה,false,,10.90,0.0000,true,1,9157
7290111342523,false,מפיות צבעוני ניקול 1,,,מפיות צבעוני ניקול 1,יחידה,0.00,יחידה,false,,6.90,0.0000,true,1,9159
7290111342738,false,לילי טואלט לח KIDS מ,,,לילי טואלט לח KIDS מ,יחידה,0.00,יחידה,false,,19.90,0.0000,true,1,9161
7290111343117,false,טישו לושן סופט קליני,,,טישו לושן סופט קליני,יחידה,0.00,יחידה,false,,12.90,0.0000,true,1,89307
7290111343452,false,ניקול מטליות לחות לנ,,,ניקול מטליות לחות לנ,יח',50.00,יח',false,,9.90,0.1980,true,1,78219
7290111343797,false,ניקול מטליות לחות לנ,,,ניקול מטליות לחות לנ,יח',50.00,יח',false,,9.90,0.1980,true,1,78229
7290111343827,false,ניקול מטליות רב שימו,,,ניקול מטליות רב שימו,יח',9.00,יח',false,,9.90,1.1000,true,1,78239
7290111344206,false,מגבוני האגיס נטורל ק,,,מגבוני האגיס נטורל ק,יחידה,0.00,יחידה,false,,18.90,0.0000,true,1,164026
7290111344459,false,תחבושות נייט אקסטרא,,,תחבושות נייט אקסטרא,יח',18.00,יח',false,,17.90,0.9944,true,1,158741
7290111344503,false,האגיס אקסטרה קר מידה,,,האגיס אקסטרה קר מידה,יחידה,0.00,יחידה,false,,48.90,0.0000,true,1,117950
7290111344527,false,שקיות אשפה ניקול XXL,,,שקיות אשפה ניקול XXL,יחידה,0.00,יחידה,false,,23.90,0.0000,true,1,119170
7290111344558,false,שקיות אשפה נשלפות לא,,,שקיות אשפה נשלפות לא,יח',100.00,יח',false,,29.90,0.2990,true,1,178049
7290111344824,false,מגיני תחתון אנטיבקטר,,,מגיני תחתון אנטיבקטר,יחידה,0.00,יחידה,false,,16.90,0.0000,true,1,177985
7290111344831,false,מגיני תחתון סופר פרו,,,מגיני תחתון סופר פרו,יחידה,0.00,יחידה,false,,16.90,0.0000,true,1,177963
7290111344855,false,מגיני תחתון סופר פרו,,,מגיני תחתון סופר פרו,יחידה,0.00,יחידה,false,,16.90,0.0000,true,1,177974
7290111345777,false,תחבושות כותנה נייט +,,,תחבושות כותנה נייט +,יחידה,0.00,יחידה,false,,17.90,0.0000,true,1,197392
7290111345814,false,נייר טואלט נטורל קר,,,נייר טואלט נטורל קר,יח',30.00,יח',false,,32.90,1.0967,true,1,178017
7290111345982,false,דפי ספוגית הקסם ניקו,,,דפי ספוגית הקסם ניקו,יחידה,0.00,יחידה,false,,10.90,0.0000,true,1,217660
7290111346293,false,מגבות מטבח ניקול לבנ,,,מגבות מטבח ניקול לבנ,מטרים,64.80,מטר,false,,11.80,0.1821,true,1,221824
7290111350726,false,הוטפופ נאצ'וס בסגנון,,,הוטפופ נאצ'וס בסגנון,גרמים,322.00,100 גרם,false,,15.90,4.9379,true,1,12824
7290111352140,false,חמוציות מיובשות ברכז,,,חמוציות מיובשות ברכז,גרמים,150.00,100 גרם,false,,11.90,7.9333,true,1,12838
7290111352430,false,ממרח תמרים טבעי קליי,,,ממרח תמרים טבעי קליי,גרמים,440.00,100 גרם,false,,11.90,2.7045,true,1,236287
7290111352973,false,יוגטה קוביות חמוציות,,,יוגטה קוביות חמוציות,גרמים,220.00,100 גרם,false,,6.90,3.1364,true,1,78085
7290111353079,false,סוכריות גומי דובונים,,,סוכריות גומי דובונים,גרמים,180.00,100 גרם,false,,9.90,5.5000,true,1,97745
7290111353437,false,הוטפופ ווגי' צ'יפס ח,,,הוטפופ ווגי' צ'יפס ח,גרמים,120.00,100 גרם,false,,13.90,11.5833,true,1,107142
7290111353444,false,הוטפופ ווגי' צ'יפס ח,,,הוטפופ ווגי' צ'יפס ח,גרמים,120.00,100 גרם,false,,13.90,11.5833,true,1,107143
7290111353451,false,הוטפופ ווגי' צ'יפס ח,,,הוטפופ ווגי' צ'יפס ח,גרמים,120.00,100 גרם,false,,13.90,11.5833,true,1,105049
7290111353550,false,חמאת בוטנים טבעית קל,,,חמאת בוטנים טבעית קל,גרמים,300.00,100 גרם,false,,14.90,4.9667,true,1,236266
7290111532306,false,שיבולים עוגיות דלי א,,,שיבולים עוגיות דלי א,גרמים,600.00,100 גרם,false,,12.90,2.1500,true,1,20238
7290111534010,false,פס גבינה שמנת ופירור,,,פס גבינה שמנת ופירור,גרמים,450.00,100 גרם,false,,40.90,9.0889,true,1,39989
7290111563492,false,צבר מרובע  מטבוחה חר,,,צבר מרובע  מטבוחה חר,גרמים,400.00,100 גרם,false,,12.90,3.2250,true,1,20010
7290111564239,false,קראנץ' מאגדת מיני ונ,,,קראנץ' מאגדת מיני ונ,גרמים,275.00,100 גרם,false,,27.90,10.1455,true,1,16226
7290111564277,false,פריכיות 3 דגנים דקות,,,פריכיות 3 דגנים דקות,גרמים,120.00,100 גרם,false,,10.90,9.0833,true,1,19226
7290111564291,false,פריכיות קינואה דקות,,,פריכיות קינואה דקות,גרמים,120.00,100 גרם,false,,10.90,9.0833,true,1,19227
7290111564581,false,דוגלי צלחת מזון לכלב,,,דוגלי צלחת מזון לכלב,יחידה,0.00,יחידה,false,,4.90,0.0000,true,1,72273
7290111566103,false,פלאפל מרכיבים ביתיים,,,פלאפל מרכיבים ביתיים,גרמים,590.00,100 גרם,false,,30.90,5.2373,true,1,20020
7290111566240,false,שניצל דק צמחוני  בטע,,,שניצל דק צמחוני  בטע,גרמים,564.00,100 גרם,false,,30.90,5.4787,true,1,20022
7290111566271,false,חטיפי תירס טבעול  65,,,חטיפי תירס טבעול  65,גרמים,657.00,100 גרם,false,,30.90,4.7032,true,1,20023
7290111566318,false,שניצל דק צמחוני   בט,,,שניצל דק צמחוני   בט,גרמים,564.00,100 גרם,false,,30.90,5.4787,true,1,20025
7290111566332,false,נקניקיה וינר  680 גר,,,נקניקיה וינר  680 גר,גרמים,680.00,100 גרם,false,,30.90,4.5441,true,1,20026
7290111566547,false,חזה  בגריל  מו הצומח,,,חזה  בגריל  מו הצומח,גרמים,560.00,100 גרם,false,,30.90,5.5179,true,1,20029
7290111566561,false,טבעול שניצל ברוקולי,,,טבעול שניצל ברוקולי,גרמים,630.00,100 גרם,false,,30.90,4.9048,true,1,20030
7290111566660,false,קציצות עדשים כתומות,,,קציצות עדשים כתומות,גרמים,530.00,100 גרם,false,,30.90,5.8302,true,1,20032
7290111566691,false,טבעול שניצל תרד 99 ק,,,טבעול שניצל תרד 99 ק,גרמים,560.00,100 גרם,false,,30.90,5.5179,true,1,20033
7290111566714,false,המבורגר  מן הצומח  6,,,המבורגר  מן הצומח  6,גרמים,600.00,100 גרם,false,,30.90,5.1500,true,1,20034
7290111568206,false,ביסלי פארטי מיקס ברב,,,ביסלי פארטי מיקס ברב,גרמים,150.00,100 גרם,false,,6.90,4.6000,true,1,19273
7290111568466,false,אסם רוטב אסיאתי למוק,,,אסם רוטב אסיאתי למוק,מיליליטרים,290.00,"100 מ""ל",false,,12.90,4.4483,true,1,19282
7290111665547,false,סכין ורסאי ניצוצות ז,,,סכין ורסאי ניצוצות ז,יחידה,0.00,יחידה,false,,4.90,0.0000,true,1,51932
7290111738678,false,גרבי סירה נשים שלישי,,,גרבי סירה נשים שלישי,יחידה,0.00,יחידה,false,,8.90,0.0000,true,1,65577
7290111738685,false,גרבי בובה נשים 3 יח',,,גרבי בובה נשים 3 יח',יחידה,0.00,יחידה,false,,8.90,0.0000,true,1,65578
7290111738746,false,סירה בנים שלישייה,,,סירה בנים שלישייה,יחידה,0.00,יחידה,false,,8.90,0.0000,true,1,65579
7290111870897,false,מרשמלו מסולסל ארוך 1,,,מרשמלו מסולסל ארוך 1,גרמים,432.00,100 גרם,false,,29.90,6.9213,true,1,162267
7290111870910,false,מרשמלו מסולסל ארוך 1,,,מרשמלו מסולסל ארוך 1,גרמים,432.00,100 גרם,false,,29.90,6.9213,true,1,162256
7290111871078,false,מרשמלו מסולסל ארוך 1,,,מרשמלו מסולסל ארוך 1,גרמים,432.00,100 גרם,false,,29.90,6.9213,true,1,162271
7290111879074,false,בקבוק טריטן מרובע 60,,,בקבוק טריטן מרובע 60,יחידה,0.00,יחידה,false,,24.90,0.0000,true,1,33449
7290111930805,false,קראנצו'ס ברביקיו 55,,,קראנצו'ס ברביקיו 55,גרמים,55.00,100 גרם,false,,3.90,7.0909,true,1,21791
7290111930850,false,קראנצו'ס פיצה 55 גרם,,,קראנצו'ס פיצה 55 גרם,גרמים,55.00,100 גרם,false,,3.90,7.0909,true,1,21796
7290111930898,false,פוף כוכבים גריל אמרי,,,פוף כוכבים גריל אמרי,גרמים,40.00,100 גרם,false,,3.90,9.7500,true,1,21800
7290111930911,false,פוף לבבות קלאסי 40 ג,,,פוף לבבות קלאסי 40 ג,גרמים,40.00,100 גרם,false,,3.90,9.7500,true,1,21802
7290111930928,false,"פוף לבבות גריל 40 ג""",,,"פוף לבבות גריל 40 ג""",גרמים,40.00,100 גרם,false,,3.90,9.7500,true,1,21803
7290111932380,false,מרידול משחות שיניים,,,מרידול משחות שיניים,גרמים,150.00,100 גרם,false,,29.90,19.9333,true,1,21819
7290111933462,false,רוטב צ'ילי מתוק 300,,,רוטב צ'ילי מתוק 300,מיליליטרים,300.00,"100 מ""ל",false,,9.90,3.3000,true,1,21829
7290111933554,false,עגבניות קוביות מאסטר,,,עגבניות קוביות מאסטר,קילוגרמים,1.20,"ק""ג",false,,15.90,13.2500,true,1,21834
7290111935800,false,דאו' דרמה סטיק ויטמי,,,דאו' דרמה סטיק ויטמי,גרמים,45.00,100 גרם,false,,17.90,39.7778,true,1,21840
7290111936296,false,פלמוליב ארומה סנסייש,,,פלמוליב ארומה סנסייש,מיליליטרים,750.00,"100 מ""ל",false,,19.90,2.6533,true,1,21854
7290111936784,false,פרי מארז חטיפים תמרי,,,פרי מארז חטיפים תמרי,גרמים,125.00,100 גרם,false,,14.90,11.9200,true,1,21860
7290111938481,false,רוטב סויה בהירה מ.שף,,,רוטב סויה בהירה מ.שף,מיליליטרים,300.00,"100 מ""ל",false,,10.90,3.6333,true,1,67976
7290111939143,false,קוקי נייר אפייה עגול,,,קוקי נייר אפייה עגול,יחידה,0.00,יחידה,false,,7.90,0.0000,true,1,84531
7290111972409,true,וילון אמבטיה 240 מוד,,,וילון אמבטיה 240 מוד,יחידה,0.00,יחידה,false,,38.80,0.0000,true,1,101184
7290112000736,false,פיניש הכל ב-1 80 טבל,,,פיניש הכל ב-1 80 טבל,יחידה,0.00,יחידה,false,,59.90,0.0000,true,1,21050
7290112001238,false,מנקה מכונות כביסה קו,,,מנקה מכונות כביסה קו,יחידה,0.00,יחידה,false,,19.90,0.0000,true,1,21065
7290112001870,false,סיליט באנג ספריי לאמ,,,סיליט באנג ספריי לאמ,מיליליטרים,750.00,"100 מ""ל",false,,14.90,1.9867,true,1,21072
7290112001900,false,פיניש ג'ל 1 ליטר אקו,,,פיניש ג'ל 1 ליטר אקו,ליטרים,1.00,ליטר,false,,42.90,42.9000,true,1,21075
7290112002129,false,קולון ג'ל 2.5 ליטר ב,,,קולון ג'ל 2.5 ליטר ב,ליטרים,2.50,ליטר,false,,24.90,9.9600,true,1,21081
7290112002136,false,קולון ג'ל 4 ליטר רגי,,,קולון ג'ל 4 ליטר רגי,ליטרים,4.00,ליטר,false,,34.90,8.7250,true,1,21082
7290112002143,false,קולון ג'ל 4 ליטר ליל,,,קולון ג'ל 4 ליטר ליל,ליטרים,4.00,ליטר,false,,34.90,8.7250,true,1,21083
7290112002150,false,קולון ג'ל 4 ליטר בני,,,קולון ג'ל 4 ליטר בני,ליטרים,4.00,ליטר,false,,34.90,8.7250,true,1,21084
7290112002204,false,איירוויק ג'ל מוצק בנ,,,איירוויק ג'ל מוצק בנ,יחידה,0.00,יחידה,false,,14.90,0.0000,true,1,21087
7290112002983,false,סיליט חומצת לימון לנ,,,סיליט חומצת לימון לנ,מיליליטרים,750.00,"100 מ""ל",false,,13.90,1.8533,true,1,73420
7290112003508,false,איירוויק בוטניקה ספר,,,איירוויק בוטניקה ספר,מיליליטרים,236.00,"100 מ""ל",false,,19.90,8.4322,true,1,99930
7290112003515,false,איירוויק בוטניקה ספר,,,איירוויק בוטניקה ספר,מיליליטרים,236.00,"100 מ""ל",false,,19.90,8.4322,true,1,99931
7290112003959,false,וניש מסיר כתמים אבקה,,,וניש מסיר כתמים אבקה,מיליליטרים,470.00,"100 מ""ל",false,,16.90,3.5957,true,1,143065
7290112003973,false,וניש מסיר כתמים אבקה,,,וניש מסיר כתמים אבקה,גרמים,1350.00,100 גרם,false,,35.90,2.6593,true,1,141191
7290112003997,false,אבקה להסרת כתמים לבג,,,אבקה להסרת כתמים לבג,קילוגרמים,1.62,"ק""ג",false,,34.90,21.5432,true,1,200244
7290112004000,false,אבקה להסרת כתמים  לב,,,אבקה להסרת כתמים  לב,קילוגרמים,1.62,"ק""ג",false,,34.90,21.5432,true,1,203480
7290112004208,false,טבליות למדיח כלים פי,,,טבליות למדיח כלים פי,גרמים,800.00,100 גרם,false,,39.90,4.9875,true,1,199513
7290112004413,false,מסיר כתמים ספריי כבי,,,מסיר כתמים ספריי כבי,מיליליטרים,750.00,"100 מ""ל",false,,16.90,2.2533,true,1,203577
7290112004604,false,דטול מגבונים לניקוי,,,דטול מגבונים לניקוי,יחידה,0.00,יחידה,false,,24.90,0.0000,true,1,143086
7290112004772,false,מילוי למבשם אוויר אי,,,מילוי למבשם אוויר אי,מיליליטרים,19.00,"100 מ""ל",false,,16.90,88.9474,true,1,244171
7290112004987,false,איירוויק מילוי אוטומ,,,איירוויק מילוי אוטומ,מיליליטרים,250.00,"100 מ""ל",false,,15.90,6.3600,true,1,230391
7290112005045,false,וניש אבקה לכביסה לבנ,,,וניש אבקה לכביסה לבנ,מיליליטרים,480.00,"100 מ""ל",false,,16.90,3.5208,true,1,236904
7290112005052,false,וניש אבקה לכביסה לבנ,,,וניש אבקה לכביסה לבנ,ליטרים,1500.00,100 ליטר,false,,39.90,2.6600,true,1,236893
7290112005083,false,וניש אבקה לכביסה צבע,,,וניש אבקה לכביסה צבע,ליטרים,1.50,100 ליטר,false,,39.90,2660.0000,true,1,236882
7290112191069,false,8 טורטיות מזונות ברי,,,8 טורטיות מזונות ברי,גרמים,320.00,100 גרם,false,,9.90,3.0938,true,1,49434
7290112191274,false,12 טורטיות  מקמח חיט,,,12 טורטיות  מקמח חיט,גרמים,780.00,100 גרם,false,,12.90,1.6538,true,1,49441
7290112192325,false,ספירה מכשיר+45 לילות,,,ספירה מכשיר+45 לילות,יחידה,0.00,יחידה,false,,32.90,0.0000,true,1,4061
7290112192578,false,מש.שיניים פרמיום הגנ,,,מש.שיניים פרמיום הגנ,מיליליטרים,75.00,"100 מ""ל",false,,35.90,47.8667,true,1,4065
7290112193278,false,"שמפו מתולתלות 600 מ""",,,"שמפו מתולתלות 600 מ""",מיליליטרים,600.00,"100 מ""ל",false,,24.90,4.1500,true,1,77077
7290112193285,false,"מרכך מתולתלות 600 מ""",,,"מרכך מתולתלות 600 מ""",מיליליטרים,600.00,"100 מ""ל",false,,24.90,4.1500,true,1,77078
7290112193292,false,"מסכה מתולתלות 500 מ""",,,"מסכה מתולתלות 500 מ""",מיליליטרים,500.00,"100 מ""ל",false,,31.90,6.3800,true,1,77067
7290112195579,false,שמן זית איטליה 750 מ,,,שמן זית איטליה 750 מ,מיליליטרים,750.00,"100 מ""ל",false,,30.90,4.1200,true,1,173562
7290112197061,false,תחליב רחצה לידיים סט,,,תחליב רחצה לידיים סט,מיליליטרים,500.00,"100 מ""ל",false,,11.90,2.3800,true,1,203160
7290112330352,false,דנונה פרו 20 גר וניל,,,דנונה פרו 20 גר וניל,גרמים,200.00,100 גרם,false,,5.90,2.9500,true,1,24003
7290112330390,false,דנונה פרו 20 גר פירו,,,דנונה פרו 20 גר פירו,גרמים,200.00,100 גרם,false,,5.90,2.9500,true,1,24005
7290112332585,false,"פריכיות הטעימות תפו""",,,"פריכיות הטעימות תפו""",גרמים,30.00,100 גרם,false,,4.90,16.3333,true,1,23094
7290112332691,false,פינוקיות עוגיית קרם,,,פינוקיות עוגיית קרם,גרמים,200.00,100 גרם,false,,10.90,5.4500,true,1,23096
7290112332899,false,מאסט בזוקה פופים קלא,,,מאסט בזוקה פופים קלא,גרמים,58.00,100 גרם,false,,9.90,17.0690,true,1,23100
7290112335050,false,עלית מרשמלו וניל 150,,,עלית מרשמלו וניל 150,גרמים,150.00,100 גרם,false,,5.90,3.9333,true,1,23106
7290112335487,false,פריכיות הטעימות קצח,,,פריכיות הטעימות קצח,גרמים,135.00,100 גרם,false,,10.90,8.0741,true,1,23110
7290112335500,false,פריכיות הטעימות עשיר,,,פריכיות הטעימות עשיר,גרמים,135.00,100 גרם,false,,10.90,8.0741,true,1,23112
7290112336644,false,"סוכריות מאסט לל""ס לי",,,"סוכריות מאסט לל""ס לי",גרמים,80.00,100 גרם,false,,8.90,11.1250,true,1,23124
7290112336651,false,סוכריות מאסט ללא סוכ,,,סוכריות מאסט ללא סוכ,גרמים,80.00,100 גרם,false,,8.90,11.1250,true,1,23125
7290112336712,false,דנונה פרו 21 0% שומן,,,דנונה פרו 21 0% שומן,גרמים,200.00,100 גרם,false,,5.90,2.9500,true,1,24035
7290112337474,false,"סוכריות מאסט לל""ס פט",,,"סוכריות מאסט לל""ס פט",גרמים,80.00,100 גרם,false,,8.90,11.1250,true,1,23128
7290112337481,false,"סוכריות מאסט לל""ס קפ",,,"סוכריות מאסט לל""ס קפ",גרמים,80.00,100 גרם,false,,8.90,11.1250,true,1,23129
7290112338877,false,גבינת סקי תות 3% 125,,,גבינת סקי תות 3% 125,גרמים,125.00,100 גרם,false,,3.90,3.1200,true,1,24037
7290112339362,false,דנונה לייט אנד פריי,,,דנונה לייט אנד פריי,גרמים,150.00,100 גרם,false,,4.90,3.2667,true,1,24051
7290112339867,false,גמדים סקוויז בודד תו,,,גמדים סקוויז בודד תו,גרמים,100.00,100 גרם,false,,5.90,5.9000,true,1,24064
7290112339874,false,גמדים סקוויז בודד תו,,,גמדים סקוויז בודד תו,גרמים,100.00,100 גרם,false,,5.90,5.9000,true,1,24065
7290112340122,false,פריכיות הטעימות 3 דג,,,פריכיות הטעימות 3 דג,גרמים,135.00,100 גרם,false,,10.90,8.0741,true,1,23138
7290112340245,false,צנצנת מאסט בטעם דובד,,,צנצנת מאסט בטעם דובד,גרמים,66.00,100 גרם,false,,9.90,15.0000,true,1,23139
7290112340276,false,פינוקיות עוגיית קרם,,,פינוקיות עוגיית קרם,גרמים,200.00,100 גרם,false,,10.90,5.4500,true,1,23142
7290112341556,false,אקטיביה עם צ'יה ותות,,,אקטיביה עם צ'יה ותות,גרמים,150.00,100 גרם,false,,4.90,3.2667,true,1,24077
7290112341679,false,דנונה אקטיביה 3% 200,,,דנונה אקטיביה 3% 200,גרמים,200.00,100 גרם,false,,3.90,1.9500,true,1,24078
7290112341686,false,אקטיביה מארז 3% 8*15,,,אקטיביה מארז 3% 8*15,קילוגרמים,1.20,"ק""ג",false,,19.90,16.5833,true,1,24079
7290112342102,false,סימפוניה 5% בצל מקור,,,סימפוניה 5% בצל מקור,גרמים,200.00,100 גרם,false,,11.50,5.7500,true,1,24087
7290112343260,false,יטבתה רוטב שמנת קלאס,,,יטבתה רוטב שמנת קלאס,גרמים,260.00,100 גרם,false,,9.90,3.8077,true,1,24094
7290112343420,false,משקה יטבתה פרו 20 אר,,,משקה יטבתה פרו 20 אר,מיליליטרים,350.00,"100 מ""ל",false,,7.90,2.2571,true,1,24097
7290112343499,false,ציטוס Puffs בטעם גבי,,,ציטוס Puffs בטעם גבי,גרמים,55.00,100 גרם,false,,3.50,6.3636,true,1,158880
7290112344564,false,EAT GOOD רביולי גבינ,,,EAT GOOD רביולי גבינ,גרמים,400.00,100 גרם,false,,19.90,4.9750,true,1,24099
7290112344724,false,מילקי בטעם שוקולד בל,,,מילקי בטעם שוקולד בל,מיליליטרים,170.00,"100 מ""ל",false,,3.50,2.0588,true,1,24104
7290112344755,false,מילקי עם 26% פחות סו,,,מילקי עם 26% פחות סו,מיליליטרים,135.00,"100 מ""ל",false,,2.90,2.1481,true,1,94920
7290112344786,false,פלטינום קלאסיק עלית,,,פלטינום קלאסיק עלית,גרמים,200.00,100 גרם,false,,24.90,12.4500,true,1,23171
7290112346360,false,בפלות אחת אחת בציפוי,,,בפלות אחת אחת בציפוי,גרמים,180.00,100 גרם,false,,13.90,7.7222,true,1,23182
7290112346537,false,פינוקיות עוגיות בטעם,,,פינוקיות עוגיות בטעם,גרמים,200.00,100 גרם,false,,10.90,5.4500,true,1,23183
7290112346629,false,דנונה קראנצ' עם קורנ,,,דנונה קראנצ' עם קורנ,מיליליטרים,172.00,"100 מ""ל",false,,4.60,2.6744,true,1,68654
7290112346773,false,דנונה לייט אנד פריי,,,דנונה לייט אנד פריי,מיליליטרים,150.00,"100 מ""ל",false,,4.90,3.2667,true,1,99752
7290112347008,false,גמדים ארוחת בוקר תות,,,גמדים ארוחת בוקר תות,גרמים,100.00,100 גרם,false,,5.90,5.9000,true,1,24129
7290112347473,false,דנונה לייט אנד פריי,,,דנונה לייט אנד פריי,קילוגרמים,1.20,"ק""ג",false,,27.90,23.2500,true,1,24132
7290112348999,false,פריכיות טעימות תירס,,,פריכיות טעימות תירס,גרמים,135.00,100 גרם,false,,10.90,8.0741,true,1,98758
7290112349316,false,בזוקה ביג פופים בטעם,,,בזוקה ביג פופים בטעם,גרמים,86.00,100 גרם,false,,12.90,15.0000,true,1,59582
7290112349606,false,דניאלה תות בננה 150,,,דניאלה תות בננה 150,מיליליטרים,150.00,"100 מ""ל",false,,4.10,2.7333,true,1,183310
7290112349705,false,רוטב עגבניות פומודרו,,,רוטב עגבניות פומודרו,גרמים,350.00,100 גרם,false,,10.90,3.1143,true,1,23190
7290112350275,false,קפסולות LUNGO למכונו,,,קפסולות LUNGO למכונו,גרמים,50.00,100 גרם,false,,16.90,33.8000,true,1,23194
7290112350312,false,עלית קפסולות  15 למכ,,,עלית קפסולות  15 למכ,גרמים,50.00,100 גרם,false,,16.90,33.8000,true,1,84448
7290112351067,false,סילאן טבעי לחיץ יד מ,,,סילאן טבעי לחיץ יד מ,גרמים,630.00,100 גרם,false,,23.90,3.7937,true,1,61645
7290112351258,false,פינוקיות עוגיית שחור,,,פינוקיות עוגיית שחור,גרמים,200.00,100 גרם,false,,10.90,5.4500,true,1,79398
7290112351463,false,שלישיית סוכריות FRES,,,שלישיית סוכריות FRES,גרמים,45.00,100 גרם,false,,7.90,17.5556,true,1,83544
7290112351470,false,שלישיית סוכריות FRES,,,שלישיית סוכריות FRES,גרמים,45.00,100 גרם,false,,7.90,17.5556,true,1,83545
7290112353887,false,קפה קר יטבתה בטעם אג,,,קפה קר יטבתה בטעם אג,מיליליטרים,230.00,"100 מ""ל",false,,7.90,3.4348,true,1,76999
7290112354235,false,ברקטה פיצה שטראוס דל,,,ברקטה פיצה שטראוס דל,גרמים,300.00,100 גרם,false,,25.90,8.6333,true,1,163909
7290112354945,false,תפוצ'יפס wavy 50 גר,,,תפוצ'יפס wavy 50 גר,גרמים,50.00,100 גרם,false,,3.90,7.8000,true,1,276800
7290112355027,false,דנונה פרו 20 גר' בטע,,,דנונה פרו 20 גר' בטע,גרמים,200.00,100 גרם,false,,5.90,2.9500,true,1,94943
7290112355102,false,סקוויז גמדים לדרך סל,,,סקוויז גמדים לדרך סל,גרמים,100.00,100 גרם,false,,5.90,5.9000,true,1,99721
7290112355263,false,רוטב שמנת עם שוקולד9,,,רוטב שמנת עם שוקולד9,גרמים,265.00,100 גרם,false,,9.90,3.7358,true,1,220988
7290112355775,false,סימפוניה עירית 200 ג,,,סימפוניה עירית 200 ג,גרמים,200.00,100 גרם,false,,11.50,5.7500,true,1,236408
7290112357045,false,עגבניות איטלקיות מרו,,,עגבניות איטלקיות מרו,גרמים,390.00,100 גרם,false,,6.60,1.6923,true,1,63209
7290112357083,false,אפונה ירוקה טעם הטבע,,,אפונה ירוקה טעם הטבע,גרמים,380.00,100 גרם,false,,6.90,1.8158,true,1,152093
7290112357113,false,גרגרי חומוס טעם הטבע,,,גרגרי חומוס טעם הטבע,גרמים,380.00,100 גרם,false,,6.90,1.8158,true,1,63212
7290112357892,false,שלישיית סוכריות FRES,,,שלישיית סוכריות FRES,גרמים,45.00,100 גרם,false,,7.90,17.5556,true,1,83546
7290112358004,false,פסק זמן קראנץ' 32 גר,,,פסק זמן קראנץ' 32 גר,גרמים,32.00,100 גרם,false,,4.90,15.3125,true,1,106900
7290112358127,false,דנונה פרו 20 גר עם מ,,,דנונה פרו 20 גר עם מ,גרמים,200.00,100 גרם,false,,6.50,3.2500,true,1,90886
7290112358219,false,יד מורדכי רוטב צ'ילי,,,יד מורדכי רוטב צ'ילי,מיליליטרים,300.00,"100 מ""ל",false,,13.90,4.6333,true,1,76794
7290112358240,false,יד מורדכי רוטב גריל,,,יד מורדכי רוטב גריל,מיליליטרים,300.00,"100 מ""ל",false,,13.90,4.6333,true,1,105995
7290112358257,false,יד מורדכי רוטב לעוף,,,יד מורדכי רוטב לעוף,מיליליטרים,300.00,"100 מ""ל",false,,13.90,4.6333,true,1,63182
7290112358431,false,דאבל ביסקוויט עם שוק,,,דאבל ביסקוויט עם שוק,גרמים,200.00,100 גרם,false,,12.90,6.4500,true,1,117854
7290112415400,false,עוגיות אלפאחורס  280,,,עוגיות אלפאחורס  280,גרמים,280.00,100 גרם,false,,30.90,11.0357,true,1,40005
7290112490117,false,טבלה קליק וופל ואגוז,,,טבלה קליק וופל ואגוז,גרמים,85.00,100 גרם,false,,4.90,5.7647,true,1,10746
7290112490230,false,נמס בכוס אפונה רכיבי,,,נמס בכוס אפונה רכיבי,גרמים,50.00,100 גרם,false,,6.90,13.8000,true,1,10750
7290112490650,false,קונפיטורה 778 תות שד,,,קונפיטורה 778 תות שד,גרמים,340.00,100 גרם,false,,12.40,3.6471,true,1,10760
7290112490674,false,קונפיטורה 778 דובדבן,,,קונפיטורה 778 דובדבן,גרמים,340.00,100 גרם,false,,12.40,3.6471,true,1,10762
7290112491282,false,פינוק לגבר 3 ב-1 לנס,,,פינוק לגבר 3 ב-1 לנס,מיליליטרים,100.00,"100 מ""ל",false,,5.90,5.9000,true,1,10791
7290112491701,false,ברנפלקס אקסטרה פרוטא,,,ברנפלקס אקסטרה פרוטא,גרמים,400.00,100 גרם,false,,21.90,5.4750,true,1,10802
7290112491770,false,בייגלה דקים דקים עם,,,בייגלה דקים דקים עם,גרמים,300.00,100 גרם,false,,9.90,3.3000,true,1,10803
7290112491787,false,בייגלה דקים דקים עם,,,בייגלה דקים דקים עם,גרמים,300.00,100 גרם,false,,9.90,3.3000,true,1,10804
7290112491794,false,בייגלה דקים דקים בטע,,,בייגלה דקים דקים בטע,גרמים,300.00,100 גרם,false,,9.90,3.3000,true,1,10805
7290112492449,false,פינוק שמפו לשיער רגי,,,פינוק שמפו לשיער רגי,מיליליטרים,700.00,"100 מ""ל",false,,11.90,1.7000,true,1,56031
7290112492500,false,פינוק שמפו שמן קוקוס,,,פינוק שמפו שמן קוקוס,מיליליטרים,700.00,"100 מ""ל",false,,11.90,1.7000,true,1,56035
7290112492593,false,פינוק תחליב רחצה קלא,,,פינוק תחליב רחצה קלא,מיליליטרים,700.00,"100 מ""ל",false,,9.90,1.4143,true,1,56039
7290112492609,false,פינוק תחליב רחצה לבנ,,,פינוק תחליב רחצה לבנ,מיליליטרים,700.00,"100 מ""ל",false,,9.90,1.4143,true,1,56040
7290112492722,false,פינוק 2 ב 1 ילדים 70,,,פינוק 2 ב 1 ילדים 70,מיליליטרים,700.00,"100 מ""ל",false,,11.80,1.6857,true,1,70736
7290112492746,false,פינוק מרכך ילדים 700,,,פינוק מרכך ילדים 700,מיליליטרים,700.00,"100 מ""ל",false,,11.80,1.6857,true,1,70745
7290112492982,false,מרק פטריות 100% רכיב,,,מרק פטריות 100% רכיב,יח',400.00,יח',false,,19.90,0.0497,true,1,66561
7290112492999,false,מרק טעם עוף קנור 400,,,מרק טעם עוף קנור 400,גרמים,400.00,100 גרם,false,,11.90,2.9750,true,1,10825
7290112493927,false,קרמיסימו ריבת חלב 1.,,,קרמיסימו ריבת חלב 1.,ליטרים,1.33,ליטר,false,,18.90,14.2105,true,1,4412
7290112493965,false,קרמיסימו מסטיגם 1.33,,,קרמיסימו מסטיגם 1.33,יחידה,1.33,יחידה,false,,18.90,14.2105,true,1,4414
7290112494153,false,תיבוליות ניחוח צלי ק,,,תיבוליות ניחוח צלי ק,גרמים,72.00,100 גרם,false,,7.90,10.9722,true,1,157380
7290112494221,false,קליק ביסקוויט 65 גרם,,,קליק ביסקוויט 65 גרם,גרמים,65.00,100 גרם,false,,5.90,9.0769,true,1,10847
7290112494276,false,קליק כריות 65 גרם,,,קליק כריות 65 גרם,גרמים,65.00,100 גרם,false,,5.90,9.0769,true,1,10850
7290112494283,false,קליק מעורב חום לבן 6,,,קליק מעורב חום לבן 6,גרמים,65.00,100 גרם,false,,5.90,9.0769,true,1,10851
7290112494313,false,קליק קורנפלקס 65 גרם,,,קליק קורנפלקס 65 גרם,גרמים,65.00,100 גרם,false,,5.90,9.0769,true,1,10853
7290112494344,false,קורנפלקס של אלופים ת,,,קורנפלקס של אלופים ת,גרמים,850.00,100 גרם,false,,16.90,1.9882,true,1,54998
7290112494351,false,קורנפלקס של אלופים ת,,,קורנפלקס של אלופים ת,גרמים,850.00,100 גרם,false,,16.90,1.9882,true,1,54999
7290112494795,false,ג'ל לכביסה לבנה וצבע,,,ג'ל לכביסה לבנה וצבע,ליטרים,2.50,ליטר,false,,30.90,12.3600,true,1,10863
7290112494801,false,ג'ל לכביסה לבנה וצבע,,,ג'ל לכביסה לבנה וצבע,ליטרים,2.50,ליטר,false,,30.90,12.3600,true,1,10864
7290112495006,false,"כריות נוגט תלמה בד""ץ",,,"כריות נוגט תלמה בד""ץ",גרמים,686.00,100 גרם,false,,24.90,3.6297,true,1,10868
7290112495044,false,קוקומן פצפוצים תלמה,,,קוקומן פצפוצים תלמה,גרמים,375.00,100 גרם,false,,19.90,5.3067,true,1,10872
7290112495105,false,נשנושים שמנת בצל 260,,,נשנושים שמנת בצל 260,גרמים,260.00,100 גרם,false,,11.90,4.5769,true,1,10873
7290112495143,false,נשנושים קוקטייל מלוח,,,נשנושים קוקטייל מלוח,גרמים,300.00,100 גרם,false,,12.90,4.3000,true,1,10876
7290112495174,false,נשנושים קוקטייל שומש,,,נשנושים קוקטייל שומש,גרמים,300.00,100 גרם,false,,12.90,4.3000,true,1,10879
7290112495228,false,קורנפלקס דבש תלמה תל,,,קורנפלקס דבש תלמה תל,גרמים,448.00,100 גרם,false,,17.90,3.9955,true,1,10880
7290112495280,false,ריבועי ברנפלקס קינמו,,,ריבועי ברנפלקס קינמו,גרמים,400.00,100 גרם,false,,20.90,5.2250,true,1,66562
7290112495433,false,"דליפקאן תלמה בד""ץ 40",,,"דליפקאן תלמה בד""ץ 40",גרמים,400.00,100 גרם,false,,21.90,5.4750,true,1,10884
7290112495662,false,קרקר חיטה מלאה עם פש,,,קרקר חיטה מלאה עם פש,גרמים,300.00,100 גרם,false,,9.90,3.3000,true,1,66594
7290112495754,false,רוטב אלף האיים הלמנס,,,רוטב אלף האיים הלמנס,גרמים,305.00,100 גרם,false,,10.50,3.4426,true,1,52495
7290112495785,false,רוטב שום הלמנס 300 ג,,,רוטב שום הלמנס 300 ג,גרמים,300.00,100 גרם,false,,10.50,3.5000,true,1,52497
7290112495815,false,הלמנס רוטב לסלט חרדל,,,הלמנס רוטב לסלט חרדל,מיליליטרים,305.00,"100 מ""ל",false,,9.90,3.2459,true,1,53875
7290112495938,false,קרקר משפחתי 6 דגנים,,,קרקר משפחתי 6 דגנים,גרמים,250.00,100 גרם,false,,9.90,3.9600,true,1,66597
7290112495976,false,פתית פריכיות אורז מצ,,,פתית פריכיות אורז מצ,גרמים,35.00,100 גרם,false,,3.90,11.1429,true,1,66598
7290112495983,false,פתית פריכיות תירס שו,,,פתית פריכיות תירס שו,גרמים,39.00,100 גרם,false,,3.90,10.0000,true,1,66599
7290112496287,false,פתית צ'יפס בטטה בטעם,,,פתית צ'יפס בטטה בטעם,גרמים,21.00,100 גרם,false,,4.90,23.3333,true,1,136093
7290112497000,false,סיף פנטסטיק ניקוי כל,,,סיף פנטסטיק ניקוי כל,יחידה,0.00,יחידה,false,,12.90,0.0000,true,1,59552
7290112497123,false,קנור סחלב 112 גרם,,,קנור סחלב 112 גרם,גרמים,112.00,100 גרם,false,,10.00,8.9286,true,1,92495
7290112497864,false,מרק בטעם עוף רכיבים,,,מרק בטעם עוף רכיבים,גרמים,400.00,100 גרם,false,,19.90,4.9750,true,1,157359
7290112497994,false,גרנולה PROTEIN בתוספ,,,גרנולה PROTEIN בתוספ,גרמים,300.00,100 גרם,false,,16.90,5.6333,true,1,143539
7290112498007,false,גרנולה PROTEIN בתוספ,,,גרנולה PROTEIN בתוספ,גרמים,300.00,100 גרם,false,,16.90,5.6333,true,1,164880
7290112498281,false,אל סבון לידיים בתוספ,,,אל סבון לידיים בתוספ,מיליליטרים,950.00,"100 מ""ל",false,,11.90,1.2526,true,1,133007
7290112498526,false,פתית צ'יפס עם בטטה ס,,,פתית צ'יפס עם בטטה ס,גרמים,21.00,100 גרם,false,,4.90,23.3333,true,1,136094
7290112498915,false,מאגדת מיני מגנום שקד,,,מאגדת מיני מגנום שקד,גרמים,310.00,100 גרם,false,,27.90,9.0000,true,1,126424
7290112498922,false,מאגדת מיני מגנום לבן,,,מאגדת מיני מגנום לבן,גרמים,310.00,100 גרם,false,,27.90,9.0000,true,1,126425
7290112499097,false,מאגדת מיני מגנום מרי,,,מאגדת מיני מגנום מרי,גרמים,240.00,100 גרם,false,,27.90,11.6250,true,1,184201
7290112499189,false,קרמיסימו חד קרן בטעמ,,,קרמיסימו חד קרן בטעמ,ליטרים,1.33,ליטר,false,,18.90,14.2105,true,1,242842
7290112499196,false,קרמיסימו בטעם החלב ש,,,קרמיסימו בטעם החלב ש,ליטרים,1.33,ליטר,false,,18.90,14.2105,true,1,242843
7290112499776,false,מאגדת גודיז שלגון אי,,,מאגדת גודיז שלגון אי,גרמים,240.00,100 גרם,false,,27.90,11.6250,true,1,55241
7290112499844,false,מגנום מיני דואט מאגד,,,מגנום מיני דואט מאגד,גרמים,310.00,100 גרם,false,,27.90,9.0000,true,1,4419
7290112499943,false,מגנום מאגדת מיני שוק,,,מגנום מאגדת מיני שוק,גרמים,250.00,100 גרם,false,,27.90,11.1600,true,1,4420
7290112960856,false,אקסטרים מטבע שוקולד,,,אקסטרים מטבע שוקולד,גרמים,115.00,100 גרם,false,,9.90,8.6087,true,1,16242
7290112961266,false,בייגלה כפיות בסגנון,,,בייגלה כפיות בסגנון,גרמים,300.00,100 גרם,false,,10.90,3.6333,true,1,19304
7290112961327,false,אסם בייגלה כפיות פיז,,,אסם בייגלה כפיות פיז,גרמים,300.00,100 גרם,false,,10.90,3.6333,true,1,19306
7290112961372,false,חטיפי פריכיות דקות ק,,,חטיפי פריכיות דקות ק,גרמים,60.00,100 גרם,false,,8.90,14.8333,true,1,19307
7290112961440,false,פיטנס בר פריכיות שוק,,,פיטנס בר פריכיות שוק,גרמים,84.00,100 גרם,false,,12.90,15.3571,true,1,61370
7290112961464,false,חטיפי פריכיות דקות מ,,,חטיפי פריכיות דקות מ,גרמים,60.00,100 גרם,false,,8.90,14.8333,true,1,19310
7290112961754,false,אסם עוגיות שוקוצ'יפס,,,אסם עוגיות שוקוצ'יפס,גרמים,220.00,100 גרם,false,,9.90,4.5000,true,1,19319
7290112962287,false,שווארמה טבעונית טבעו,,,שווארמה טבעונית טבעו,גרמים,450.00,100 גרם,false,,30.90,6.8667,true,1,54541
7290112962737,false,טבעול שניצל מן הצומח,,,טבעול שניצל מן הצומח,גרמים,664.00,100 גרם,false,,30.90,4.6536,true,1,20063
7290112963918,false,פיטנס חטיפי קרקר דק,,,פיטנס חטיפי קרקר דק,גרמים,140.00,100 גרם,false,,11.90,8.5000,true,1,19336
7290112964410,false,אסם רוטב אלף האיים ל,,,אסם רוטב אלף האיים ל,מיליליטרים,290.00,"100 מ""ל",false,,9.90,3.4138,true,1,19349
7290112964434,false,אסם רוטב קיסר לסלט 2,,,אסם רוטב קיסר לסלט 2,מיליליטרים,295.00,"100 מ""ל",false,,9.90,3.3559,true,1,19350
7290112964458,false,אסם רוטב ויניגרט לסל,,,אסם רוטב ויניגרט לסל,מיליליטרים,295.00,"100 מ""ל",false,,9.90,3.3559,true,1,19351
7290112964472,false,אסם רוטב שום לסלט 29,,,אסם רוטב שום לסלט 29,מיליליטרים,295.00,"100 מ""ל",false,,9.90,3.3559,true,1,19352
7290112964564,false,אסם רוטב אלף האיים ל,,,אסם רוטב אלף האיים ל,מיליליטרים,295.00,"100 מ""ל",false,,9.90,3.3559,true,1,19355
7290112964625,false,אסם רוטב שום לייט לס,,,אסם רוטב שום לייט לס,מיליליטרים,295.00,"100 מ""ל",false,,9.90,3.3559,true,1,19358
7290112965264,false,זוג מרק נמס אפונה בד,,,זוג מרק נמס אפונה בד,גרמים,30.00,100 גרם,false,,5.90,19.6667,true,1,19370
7290112965288,false,זוג מרק נמס ירקות בד,,,זוג מרק נמס ירקות בד,גרמים,30.00,100 גרם,false,,5.90,19.6667,true,1,19371
7290112965363,false,קציצת קינואה וברוקול,,,קציצת קינואה וברוקול,גרמים,525.00,100 גרם,false,,30.90,5.8857,true,1,20066
7290112965660,false,פיטנס חטיף מולטיגריי,,,פיטנס חטיף מולטיגריי,גרמים,25.00,100 גרם,false,,4.90,19.6000,true,1,94822
7290112965684,false,פיטנס חטיף מולטיגריי,,,פיטנס חטיף מולטיגריי,גרמים,25.00,100 גרם,false,,4.90,19.6000,true,1,94823
7290112965707,false,פיטנס חטיף מולטיגריי,,,פיטנס חטיף מולטיגריי,גרמים,25.00,100 גרם,false,,4.90,19.6000,true,1,94824
7290112965868,false,אסם קרם קרקר במליחות,,,אסם קרם קרקר במליחות,גרמים,250.00,100 גרם,false,,8.90,3.5600,true,1,19383
7290112965905,false,אסם בייגלה שמיניות ב,,,אסם בייגלה שמיניות ב,גרמים,400.00,100 גרם,false,,9.90,2.4750,true,1,19384
7290112966094,false,עוגת הבית תפוז מופחת,,,עוגת הבית תפוז מופחת,גרמים,400.00,100 גרם,false,,11.90,2.9750,true,1,19388
7290112966445,false,במבה מתוקה אריזה גדו,,,במבה מתוקה אריזה גדו,גרמים,100.00,100 גרם,false,,7.90,7.9000,true,1,19395
7290112966766,false,צבר טחינה בלאדי חציל,,,צבר טחינה בלאדי חציל,גרמים,350.00,100 גרם,false,,15.90,4.5429,true,1,20070
7290112967138,false,אסם בייגלה שמיניות ל,,,אסם בייגלה שמיניות ל,גרמים,250.00,100 גרם,false,,13.90,5.5600,true,1,19403
7290112967220,false,ביסלי ברביקיו מארז 1,,,ביסלי ברביקיו מארז 1,גרמים,200.00,100 גרם,false,,13.90,6.9500,true,1,66659
7290112967244,false,ביסלי גריל מארז 10*,,,ביסלי גריל מארז 10*,גרמים,200.00,100 גרם,false,,13.90,6.9500,true,1,19405
7290112968203,false,סלט טחינה בלאדי צבר,,,סלט טחינה בלאדי צבר,גרמים,250.00,100 גרם,false,,10.90,4.3600,true,1,20077
7290112968449,false,סלט כרוב אדום צבר 25,,,סלט כרוב אדום צבר 25,גרמים,250.00,100 גרם,false,,10.90,4.3600,true,1,20080
7290112968708,false,שניצל  תירס עדה חרדי,,,שניצל  תירס עדה חרדי,קילוגרמים,1.30,"ק""ג",false,,40.90,31.4615,true,1,58155
7290112968807,false,פיטנס קרקר דק סלק 14,,,פיטנס קרקר דק סלק 14,גרמים,140.00,100 גרם,false,,11.90,8.5000,true,1,100219
7290112968821,false,פיטנס קרקר דק בטטה 1,,,פיטנס קרקר דק בטטה 1,גרמים,140.00,100 גרם,false,,11.90,8.5000,true,1,100220
7290112969286,false,אוסם בישולים רוטב חר,,,אוסם בישולים רוטב חר,גרמים,330.00,100 גרם,false,,15.90,4.8182,true,1,97706
7290113100145,false,מסננת גודל 10.5 + יד,,,מסננת גודל 10.5 + יד,יחידה,0.00,יחידה,false,,6.90,0.0000,true,1,50013
7290113100176,false,מסננת גודל 24 + ידית,,,מסננת גודל 24 + ידית,יחידה,0.00,יחידה,false,,16.90,0.0000,true,1,50016
7290113100626,false,תבנית אפייה עגולה +מ,,,תבנית אפייה עגולה +מ,יחידה,0.00,יחידה,false,,160.90,0.0000,true,1,50062
7290113100633,false,תבנית אינגליש +מכסה,,,תבנית אינגליש +מכסה,יחידה,0.00,יחידה,false,,149.50,0.0000,true,1,50063
7290113100688,false,תבנית אפיה גודל 26,,,תבנית אפיה גודל 26,יחידה,0.00,יחידה,false,,119.50,0.0000,true,1,50068
7290113100824,false,מברשת סיליקון,,,מברשת סיליקון,יחידה,0.00,יחידה,false,,8.90,0.0000,true,1,50082
7290113100831,false,לקקן סיליקון גדול,,,לקקן סיליקון גדול,יחידה,0.00,יחידה,false,,8.90,0.0000,true,1,50083
7290113100909,false,פותחן שימורים,,,פותחן שימורים,יחידה,0.00,יחידה,false,,49.00,0.0000,true,1,50090
7290113101227,false,פותחן שימורים דגם רו,,,פותחן שימורים דגם רו,יחידה,0.00,יחידה,false,,39.90,0.0000,true,1,50122
7290113101258,false,קולפן דגם רון,,,קולפן דגם רון,יחידה,0.00,יחידה,false,,16.43,0.0000,true,1,50125
7290113101555,false,סכין בשר 7' דגם שי,,,סכין בשר 7' דגם שי,יחידה,0.00,יחידה,false,,43.90,0.0000,true,1,50155
7290113102088,false,מנקה שמשות,,,מנקה שמשות,יחידה,0.00,יחידה,false,,45.00,0.0000,true,1,50208
7290113102170,false,תרבד איכותי,,,תרבד איכותי,יחידה,0.00,יחידה,false,,19.90,0.0000,true,1,50217
7290113102194,false,כף מרק,,,כף מרק,יחידה,0.00,יחידה,false,,12.90,0.0000,true,1,50219
7290113102200,false,כף שטוחה,,,כף שטוחה,יחידה,0.00,יחידה,false,,12.90,0.0000,true,1,50220
7290113102385,false,מסחטת לימונים ידנית,,,מסחטת לימונים ידנית,יחידה,0.00,יחידה,false,,29.90,0.0000,true,1,50234
7290113102712,false,חובק מפיות,,,חובק מפיות,יחידה,0.00,יחידה,false,,12.90,0.0000,true,1,50268
7290113103207,false,מחבת איכותית גודל 20,,,מחבת איכותית גודל 20,יחידה,0.00,יחידה,false,,230.90,0.0000,true,1,50317
7290113177857,false,שטיח סף 70*40,,,שטיח סף 70*40,יח',1.00,יח',false,,29.90,29.9000,true,1,178442
7290113192201,false,תערובת להכנת סחלב 50,,,תערובת להכנת סחלב 50,גרמים,500.00,100 גרם,false,,13.90,2.7800,true,1,194939
7290113192300,false,זיתים חרוזית מושחר ב,,,זיתים חרוזית מושחר ב,גרמים,275.00,100 גרם,false,,9.90,3.6000,true,1,19428
7290113192317,false,טבעות זיתים מושחרים,,,טבעות זיתים מושחרים,גרמים,280.00,100 גרם,false,,10.90,3.8929,true,1,19429
7290113192324,false,זית ירוק בית השיטה 3,,,זית ירוק בית השיטה 3,גרמים,340.00,100 גרם,false,,8.90,2.6176,true,1,19430
7290113192331,false,זיתים ירוק גדול בית,,,זיתים ירוק גדול בית,גרמים,340.00,100 גרם,false,,8.90,2.6176,true,1,19431
7290113192348,false,זית ירוק שום 17-19בי,,,זית ירוק שום 17-19בי,גרמים,560.00,100 גרם,false,,9.90,1.7679,true,1,19432
7290113192355,false,זיתים חרוזית ירוק בי,,,זיתים חרוזית ירוק בי,גרמים,275.00,100 גרם,false,,9.90,3.6000,true,1,19433
7290113192362,false,טבעות זיתים ירוקים ב,,,טבעות זיתים ירוקים ב,גרמים,280.00,100 גרם,false,,10.90,3.8929,true,1,19434
7290113192379,false,זיתים ירוקים מבוקעים,,,זיתים ירוקים מבוקעים,גרמים,340.00,100 גרם,false,,10.90,3.2059,true,1,19435
7290113192386,false,זית סורי מבוקע בית ה,,,זית סורי מבוקע בית ה,גרמים,340.00,100 גרם,false,,11.90,3.5000,true,1,19436
7290113192393,false,קוקטייל זיתים בית הש,,,קוקטייל זיתים בית הש,גרמים,336.00,100 גרם,false,,10.90,3.2440,true,1,19437
7290113192478,false,מלפפון במלח 10-12 בי,,,מלפפון במלח 10-12 בי,גרמים,320.00,100 גרם,false,,7.90,2.4688,true,1,19445
7290113192485,false,מלפפון בחומץ 12-10 ב,,,מלפפון בחומץ 12-10 ב,גרמים,290.00,100 גרם,false,,7.90,2.7241,true,1,19446
7290113192492,false,מלפפון בחומץ 13-17 ב,,,מלפפון בחומץ 13-17 ב,גרמים,290.00,100 גרם,false,,9.90,3.4138,true,1,19447
7290113192508,false,מלפפון במלח 13-17 בי,,,מלפפון במלח 13-17 בי,גרמים,320.00,100 גרם,false,,9.90,3.0938,true,1,19448
7290113192515,false,מלפפון במלח 18-25 בי,,,מלפפון במלח 18-25 בי,גרמים,320.00,100 גרם,false,,10.90,3.4063,true,1,19449
7290113192522,false,מלפפון בחומץ 18-25 ב,,,מלפפון בחומץ 18-25 ב,גרמים,290.00,100 גרם,false,,10.90,3.7586,true,1,19450
7290113192539,false,מלפפון במלח 7-9 בית,,,מלפפון במלח 7-9 בית,גרמים,560.00,100 גרם,false,,6.90,1.2321,true,1,19451
7290113192546,false,מלפפון בחומץ 7-9 בית,,,מלפפון בחומץ 7-9 בית,גרמים,560.00,100 גרם,false,,6.90,1.2321,true,1,19452
7290113192553,false,מלפפון במלח בלדי 13-,,,מלפפון במלח בלדי 13-,גרמים,320.00,100 גרם,false,,10.90,3.4063,true,1,19453
7290113192560,false,פלפל שיפקה בית השיטה,,,פלפל שיפקה בית השיטה,גרמים,230.00,100 גרם,false,,6.90,3.0000,true,1,19454
7290113192577,false,כרוב כבוש בית השיטה,,,כרוב כבוש בית השיטה,יחידה,430.00,יחידה,false,,7.90,0.0184,true,1,19455
7290113193000,false,פלפל שיפקונית בית הש,,,פלפל שיפקונית בית הש,גרמים,230.00,100 גרם,false,,11.90,5.1739,true,1,90064
7290113193017,false,בית השיטה קוקטייל זי,,,בית השיטה קוקטייל זי,גרמים,275.00,100 גרם,false,,12.90,4.6909,true,1,90042
7290113193031,false,חרוזית קלמטה בית השי,,,חרוזית קלמטה בית השי,גרמים,275.00,100 גרם,false,,12.90,4.6909,true,1,90043
7290113193406,false,טבעות קוקטיל זיתים ב,,,טבעות קוקטיל זיתים ב,גרמים,560.00,100 גרם,false,,10.70,1.9107,true,1,90044
7290113195424,false,אטריות אורז דקות 5 מ,,,אטריות אורז דקות 5 מ,גרמים,400.00,100 גרם,false,,8.90,2.2250,true,1,150065
7290113195967,false,שיבולת שועל להכנה מי,,,שיבולת שועל להכנה מי,גרמים,500.00,100 גרם,false,,9.90,1.9800,true,1,149576
7290113196414,false,אורז בסמטי שקדיה 1 ק,,,אורז בסמטי שקדיה 1 ק,קילוגרמים,1.00,"ק""ג",false,,9.90,9.9000,true,1,149659
7290113196513,false,פריכיות כוסמת שקדים,,,פריכיות כוסמת שקדים,גרמים,150.00,100 גרם,false,,11.90,7.9333,true,1,149967
7290113196902,false,מנה חמה אטריות אורז,,,מנה חמה אטריות אורז,גרמים,60.00,100 גרם,false,,7.90,13.1667,true,1,256035
7290113196919,false,מנה חמה אטריות אורז,,,מנה חמה אטריות אורז,גרמים,60.00,100 גרם,false,,7.90,13.1667,true,1,256036
7290113197169,false,חמאת בוטנים טבעית שק,,,חמאת בוטנים טבעית שק,גרמים,510.00,100 גרם,false,,15.90,3.1176,true,1,256050
7290113197176,false,חמאת בוטנים טבעית עם,,,חמאת בוטנים טבעית עם,גרמים,510.00,100 גרם,false,,15.90,3.1176,true,1,256051
7290113198029,false,פקאן מצופה חלבה שקדי,,,פקאן מצופה חלבה שקדי,גרמים,150.00,100 גרם,false,,14.90,9.9333,true,1,149978
7290113198036,false,פקאן מצופה בטעם קרמל,,,פקאן מצופה בטעם קרמל,גרמים,150.00,100 גרם,false,,14.90,9.9333,true,1,150024
7290113198562,false,סוכריות גומי בטעמי ת,,,סוכריות גומי בטעמי ת,גרמים,200.00,100 גרם,false,,9.90,4.9500,true,1,199629
7290113198579,false,סוכריות גומי דובונים,,,סוכריות גומי דובונים,גרמים,200.00,100 גרם,false,,9.90,4.9500,true,1,199630
7290113198593,false,סוכריות גומי מסוכר ב,,,סוכריות גומי מסוכר ב,גרמים,200.00,100 גרם,false,,9.90,4.9500,true,1,199632
7290113199842,false,מגש אירוח סוכריות גו,,,מגש אירוח סוכריות גו,גרמים,700.00,100 גרם,false,,29.90,4.2714,true,1,199654
7290113199903,false,סוכריות חמצוצים בטעם,,,סוכריות חמצוצים בטעם,גרמים,180.00,100 גרם,false,,9.90,5.5000,true,1,199657
7290113199927,false,סוכריות חמצוצים בטעם,,,סוכריות חמצוצים בטעם,גרמים,180.00,100 גרם,false,,9.90,5.5000,true,1,199659
7290113199934,false,סוכריות חמצוצים בטעם,,,סוכריות חמצוצים בטעם,גרמים,180.00,100 גרם,false,,9.90,5.5000,true,1,199660
7290113285293,false,כפפות ניטריל כחולות,,,כפפות ניטריל כחולות,יחידה,0.00,יחידה,false,,24.90,0.0000,true,1,180688
7290113289055,false,צלחות קטנות אלגנט זה,,,צלחות קטנות אלגנט זה,יחידה,0.00,יחידה,false,,7.90,0.0000,true,1,155120
7290113289116,false,קערות אלגנט זהב 25 י,,,קערות אלגנט זהב 25 י,יחידה,0.00,יחידה,false,,5.90,0.0000,true,1,155156
7290113289130,false,לפתניות אלגנט קרם 25,,,לפתניות אלגנט קרם 25,יחידה,0.00,יחידה,false,,5.90,0.0000,true,1,155168
7290113289147,false,לפתניות אלגנט זהב 25,,,לפתניות אלגנט זהב 25,יחידה,0.00,יחידה,false,,5.90,0.0000,true,1,155169
7290113289161,false,קערות ענקיות אלגנט ק,,,קערות ענקיות אלגנט ק,יחידה,0.00,יחידה,false,,9.90,0.0000,true,1,155181
7290113289178,false,קערות ענקיות אלגנט ז,,,קערות ענקיות אלגנט ז,יחידה,0.00,יחידה,false,,9.90,0.0000,true,1,155192
7290113289185,false,קערות ענקיות אלגנט כ,,,קערות ענקיות אלגנט כ,יחידה,0.00,יחידה,false,,9.90,0.0000,true,1,155203
7290113289192,false,צלחות מתכלות יהלום ק,,,צלחות מתכלות יהלום ק,יחידה,0.00,יחידה,false,,9.90,0.0000,true,1,173818
7290113289208,false,צלחות מתכלות יהלום ג,,,צלחות מתכלות יהלום ג,יחידה,0.00,יחידה,false,,13.90,0.0000,true,1,173829
7290113289215,false,צלחות מתכלות יהלום ע,,,צלחות מתכלות יהלום ע,יחידה,0.00,יחידה,false,,19.90,0.0000,true,1,173830
7290113289475,false,מפיות חד שכבתיות 80,,,מפיות חד שכבתיות 80,יחידה,0.00,יחידה,false,,4.90,0.0000,true,1,162471
7290113289505,false,רדיד אלומיניום כוכבי,,,רדיד אלומיניום כוכבי,יחידה,0.00,יחידה,false,,32.90,0.0000,true,1,181865
7290113289543,false,כוסות שקופות 150 יחי,,,כוסות שקופות 150 יחי,יחידה,0.00,יחידה,false,,14.90,0.0000,true,1,198250
7290113289550,false,צלחות מתכלות גדולות,,,צלחות מתכלות גדולות,יחידה,0.00,יחידה,false,,29.90,0.0000,true,1,173806
7290113289567,false,צלחות מתכלות קטנות ק,,,צלחות מתכלות קטנות ק,יחידה,0.00,יחידה,false,,19.90,0.0000,true,1,173807
7290113317109,false,שלישיית ביצי שוקולד,,,שלישיית ביצי שוקולד,יחידה,0.00,יחידה,false,,14.90,0.0000,true,1,211892
7290113463646,false,פרוסות גבינה קשה מסו,,,פרוסות גבינה קשה מסו,גרמים,400.00,100 גרם,false,,13.60,3.4000,true,1,225963
7290113469952,false,גבינה צהובה גאודה 28,,,גבינה צהובה גאודה 28,גרמים,300.00,100 גרם,false,,14.90,4.9667,true,1,227593
7290113560055,false,פרודונטקס מי פה 500,,,פרודונטקס מי פה 500,מיליליטרים,500.00,"100 מ""ל",false,,30.90,6.1800,true,1,84624
7290113560109,false,משחת שיניים בטעם צמח,,,משחת שיניים בטעם צמח,מיליליטרים,75.00,"100 מ""ל",false,,31.90,42.5333,true,1,96707
7290114139120,false,גרבי גברים 1/3,,,גרבי גברים 1/3,יחידה,0.00,יחידה,false,,15.90,0.0000,true,1,130515
7290114310215,false,שמנת מתוקה 38% בקבוק,,,שמנת מתוקה 38% בקבוק,מיליליטרים,250.00,"100 מ""ל",false,,6.47,2.5880,true,1,63709
7290114310222,false,חלב מועשר בסידן 1.5,,,חלב מועשר בסידן 1.5,ליטרים,1.50,ליטר,false,,10.90,7.2667,true,1,71756
7290114310239,false,חלב נטול לקטוז  1.5,,,חלב נטול לקטוז  1.5,ליטרים,1.50,ליטר,false,,10.90,7.2667,true,1,71737
7290114310338,false,צפתית מעודנת 5% משק,,,צפתית מעודנת 5% משק,גרמים,225.00,100 גרם,false,,16.90,7.5111,true,1,96697
7290114310536,false,מולר אקטיב לייט יוגו,,,מולר אקטיב לייט יוגו,גרמים,25.00,100 גרם,false,,5.90,23.6000,true,1,116311
7290114310611,false,משקה חלב בננה בבקבוק,,,משקה חלב בננה בבקבוק,מיליליטרים,250.00,"100 מ""ל",false,,5.50,2.2000,true,1,130710
7290114310628,false,משקה חלב וניל עוגיות,,,משקה חלב וניל עוגיות,ליטרים,1.00,ליטר,false,,11.90,11.9000,true,1,120788
7290114310895,false,מאגדת שמינייה סימפלי,,,מאגדת שמינייה סימפלי,קילוגרמים,1.20,"ק""ג",false,,30.90,25.7500,true,1,157092
7290114310901,false,גבינה לבנה טרה 5% וו,,,גבינה לבנה טרה 5% וו,גרמים,250.00,100 גרם,false,,4.98,1.9920,true,1,142288
7290114311014,false,משקה חלב אייס קפוצ'י,,,משקה חלב אייס קפוצ'י,מיליליטרים,250.00,"100 מ""ל",false,,5.50,2.2000,true,1,217252
7290114311021,false,משקה חלב וניל עוגיות,,,משקה חלב וניל עוגיות,מיליליטרים,250.00,"100 מ""ל",false,,5.50,2.2000,true,1,217264
7290114311038,false,שמנת מתוקה 32% בקבוק,,,שמנת מתוקה 32% בקבוק,מיליליטרים,250.00,"100 מ""ל",false,,6.90,2.7600,true,1,217253
7290114311069,false,יוגורט בטעם טבעי 25,,,יוגורט בטעם טבעי 25,גרמים,200.00,100 גרם,false,,5.90,2.9500,true,1,201210
7290114311298,false,מולר פרופ תות בננה מ,,,מולר פרופ תות בננה מ,גרמים,150.00,100 גרם,false,,4.90,3.2667,true,1,237968
7290114311304,false,מולר פרופ מנגו פסיפל,,,מולר פרופ מנגו פסיפל,גרמים,150.00,100 גרם,false,,4.90,3.2667,true,1,237969
7290114311328,false,חלב נטול לקטוז טרה 1,,,חלב נטול לקטוז טרה 1,ליטרים,1.00,ליטר,false,,7.10,7.1000,true,1,246751
7290114311359,false,מולר פרופ מנגו 3% 15,,,מולר פרופ מנגו 3% 15,גרמים,150.00,100 גרם,false,,4.90,3.2667,true,1,237970
7290114311458,false,קרטון חלב מועשר ויטמ,,,קרטון חלב מועשר ויטמ,ליטרים,1.00,ליטר,false,,8.90,8.9000,true,1,260901
7290114600927,false,עלי טורטיה חיטה מלאה,,,עלי טורטיה חיטה מלאה,גרמים,320.00,100 גרם,false,,9.90,3.0938,true,1,150441
7290114600941,false,מאסטר שף מאסטר שף  מ,,,מאסטר שף מאסטר שף  מ,גרמים,435.00,100 גרם,false,,13.90,3.1954,true,1,74518
7290114600989,false,מאסטר שף רוטב אלף הא,,,מאסטר שף רוטב אלף הא,מיליליטרים,250.00,"100 מ""ל",false,,9.90,3.9600,true,1,74538
7290114600996,false,מאסטר שף רוטב שום 25,,,מאסטר שף רוטב שום 25,מיליליטרים,250.00,"100 מ""ל",false,,9.90,3.9600,true,1,74539
7290114602778,false,FREE סלייסים צ'יפס ב,,,FREE סלייסים צ'יפס ב,גרמים,900.00,100 גרם,false,,14.90,1.6556,true,1,126097
7290114603041,false,פרי גרנולה בוטנים אג,,,פרי גרנולה בוטנים אג,גרמים,300.00,100 גרם,false,,14.90,4.9667,true,1,94518
7290114603508,false,מאסטר שף רוטב להקפצה,,,מאסטר שף רוטב להקפצה,מיליליטרים,300.00,"100 מ""ל",false,,9.90,3.3000,true,1,90589
7290114603553,false,מאסטר שף עגבניות חתו,,,מאסטר שף עגבניות חתו,גרמים,800.00,100 גרם,false,,8.90,1.1125,true,1,101938
7290114603591,false,פוף PLAY בטעם קטשופ,,,פוף PLAY בטעם קטשופ,גרמים,40.00,100 גרם,false,,3.90,9.7500,true,1,74508
7290114604895,false,מאסטר שף ממרח ספייסי,,,מאסטר שף ממרח ספייסי,גרמים,446.00,100 גרם,false,,13.90,3.1166,true,1,117368
7290114604901,false,מאסטר שף ממרח שום לח,,,מאסטר שף ממרח שום לח,גרמים,242.00,100 גרם,false,,13.90,5.7438,true,1,117355
7290114604932,false,מאסטר שף רוטב ברביקי,,,מאסטר שף רוטב ברביקי,מיליליטרים,520.00,"100 מ""ל",false,,12.90,2.4808,true,1,117344
7290114604949,false,מאסטר שף רוטב ברביקי,,,מאסטר שף רוטב ברביקי,מיליליטרים,524.00,"100 מ""ל",false,,12.90,2.4618,true,1,117345
7290114606387,false,משחת שיניים אופטיק ו,,,משחת שיניים אופטיק ו,מיליליטרים,150.00,"100 מ""ל",false,,44.90,29.9333,true,1,113215
7290114606530,false,מאסטר שף רוטב בטעם מ,,,מאסטר שף רוטב בטעם מ,גרמים,515.00,100 גרם,false,,13.90,2.6990,true,1,117356
7290114606547,false,מאסטר שף מיונז עם כמ,,,מאסטר שף מיונז עם כמ,גרמים,242.00,100 גרם,false,,13.90,5.7438,true,1,117357
7290114606554,false,מאסטר שף מיונז לייט,,,מאסטר שף מיונז לייט,גרמים,470.00,100 גרם,false,,13.90,2.9574,true,1,117358
7290114655354,true,מארז 10 מסכות כירוגי,,,מארז 10 מסכות כירוגי,יחידה,0.00,יחידה,false,,3.90,0.0000,true,1,68272
7290114659949,true,מארז 50  מסכות כירוג,,,מארז 50  מסכות כירוג,יחידה,0.00,יחידה,false,,10.00,0.0000,true,1,71394
7290115073676,true,מארז מסכות 3 שכבות צ,,,מארז מסכות 3 שכבות צ,יחידה,0.00,יחידה,false,,9.90,0.0000,true,1,72805
7290115190014,false,סיגריות מרלבורו  חפי,,,סיגריות מרלבורו  חפי,יחידה,0.00,יחידה,false,,35.00,0.0000,false,1,87850
7290115190076,false,סיגריות מרלבורו  חפי,,,סיגריות מרלבורו  חפי,יחידה,0.00,יחידה,false,,35.00,0.0000,false,1,93532
7290115190090,false,סיגריות מרלבורו  חפי,,,סיגריות מרלבורו  חפי,יחידה,0.00,יחידה,false,,35.00,0.0000,false,1,87874
7290115190137,false,מרלבורו פיין טאצ בוד,,,מרלבורו פיין טאצ בוד,יחידה,0.00,יחידה,false,,31.00,0.0000,false,1,87852
7290115190151,false,מרלבורו גולד טאצ בוד,,,מרלבורו גולד טאצ בוד,יחידה,0.00,יחידה,false,,31.00,0.0000,false,1,87838
7290115190199,false,סיגריות פרלמנט (חפיס,,,סיגריות פרלמנט (חפיס,יחידה,0.00,יחידה,false,,40.00,0.0000,false,1,119579
7290115190212,false,סיגריות פרלמנט (חפיס,,,סיגריות פרלמנט (חפיס,יחידה,0.00,יחידה,false,,40.00,0.0000,false,1,87815
7290115190236,false,סיגריות פרלמנט (חפיס,,,סיגריות פרלמנט (חפיס,יחידה,0.00,יחידה,false,,40.00,0.0000,false,1,87804
7290115190250,false,סיגריות פרלמנט (חפיס,,,סיגריות פרלמנט (חפיס,יחידה,0.00,יחידה,false,,40.00,0.0000,false,1,82790
7290115190335,false,אל אם בלו ארוך,,,אל אם בלו ארוך,יחידה,0.00,יחידה,false,,31.00,0.0000,false,1,121297
7290115190359,false,אל אם בלו לייבל קצר,,,אל אם בלו לייבל קצר,יחידה,0.00,יחידה,false,,31.00,0.0000,false,1,82775
7290115190373,false,אל אם פוב רד בודד,,,אל אם פוב רד בודד,יחידה,0.00,יחידה,false,,31.00,0.0000,false,1,87853
7290115190397,false,אל אם רד לייבל קצר,,,אל אם רד לייבל קצר,יחידה,0.00,יחידה,false,,31.00,0.0000,false,1,82762
7290115190434,false,אל אם וייב סלימס,,,אל אם וייב סלימס,יחידה,0.00,יחידה,false,,31.00,0.0000,false,1,82801
7290115190458,false,נקסט אדג` בודד,,,נקסט אדג` בודד,יחידה,0.00,יחידה,false,,26.00,0.0000,false,1,93534
7290115190472,false,נקסט פיין אדג` בודד,,,נקסט פיין אדג` בודד,יחידה,0.00,יחידה,false,,26.00,0.0000,false,1,97505
7290115190496,false,סיגריות נקסט (בודד),,,סיגריות נקסט (בודד),יחידה,0.00,יחידה,false,,30.00,0.0000,false,1,104608
7290115190519,false,סיגריות נקסט (בודד),,,סיגריות נקסט (בודד),יחידה,0.00,יחידה,false,,30.00,0.0000,false,1,87817
7290115190533,false,סיגריות נקסט (בודד),,,סיגריות נקסט (בודד),יחידה,0.00,יחידה,false,,28.00,0.0000,false,1,93521
7290115190557,false,סיגריות נקסט(בודד) ר,,,סיגריות נקסט(בודד) ר,יחידה,0.00,יחידה,false,,28.00,0.0000,false,1,87827
7290115190571,false,סיגריות נקסט (בודד),,,סיגריות נקסט (בודד),יחידה,0.00,יחידה,false,,30.00,0.0000,false,1,82777
7290115190595,false,סיגריות נקסט(בודד),,,סיגריות נקסט(בודד),יחידה,0.00,יחידה,false,,30.00,0.0000,false,1,87805
7290115190656,false,נקסט טבק פיין  40 גר,,,נקסט טבק פיין  40 גר,יחידה,0.00,יחידה,false,,80.00,0.0000,false,1,96154
7290115200003,false,פתי בר פינוקי וניל 2,,,פתי בר פינוקי וניל 2,גרמים,220.00,100 גרם,false,,10.90,4.9545,true,1,94701
7290115200027,false,פתי בר פינוקי שוקו 2,,,פתי בר פינוקי שוקו 2,גרמים,220.00,100 גרם,false,,10.90,4.9545,true,1,94702
7290115200713,false,מארז במבה קלאסי אסם,,,מארז במבה קלאסי אסם,גרמים,250.00,100 גרם,false,,11.90,4.7600,true,1,96134
7290115200881,false,אסם בייגלה שטוחים שו,,,אסם בייגלה שטוחים שו,גרמים,300.00,100 גרם,false,,10.90,3.6333,true,1,103724
7290115201031,false,אסם פתיבר דובי שוקול,,,אסם פתיבר דובי שוקול,גרמים,175.00,100 גרם,false,,10.50,6.0000,true,1,116456
7290115201680,false,ביסלי ברביקיו 70 גרם,,,ביסלי ברביקיו 70 גרם,גרמים,70.00,100 גרם,false,,3.90,5.5714,true,1,99710
7290115202434,false,חומוס עם זעתר צבר 37,,,חומוס עם זעתר צבר 37,גרמים,375.00,100 גרם,false,,11.90,3.1733,true,1,107807
7290115202786,false,מנה חמה פאוצ' נדלסאט,,,מנה חמה פאוצ' נדלסאט,גרמים,70.00,100 גרם,false,,4.90,7.0000,true,1,116392
7290115202816,false,מנה חמה פאוצ' נדלסאט,,,מנה חמה פאוצ' נדלסאט,גרמים,70.00,100 גרם,false,,4.90,7.0000,true,1,116393
7290115202847,false,מנה חמה פאוצ' נדלסאט,,,מנה חמה פאוצ' נדלסאט,גרמים,70.00,100 גרם,false,,4.90,7.0000,true,1,116394
7290115203134,false,פופקו פופקורן במבה 4,,,פופקו פופקורן במבה 4,גרמים,80.00,100 גרם,false,,4.90,6.1250,true,1,129124
7290115203172,false,במבה אסם 80 גרם PRO,,,במבה אסם 80 גרם PRO,גרמים,80.00,100 גרם,false,,4.50,5.6250,true,1,236482
7290115203486,false,אסם פירורית בטעם ביס,,,אסם פירורית בטעם ביס,גרמים,200.00,100 גרם,false,,6.50,3.2500,true,1,121758
7290115204056,false,אסם קטשופ מופחת סוכר,,,אסם קטשופ מופחת סוכר,גרמים,690.00,100 גרם,false,,10.50,1.5217,true,1,122773
7290115204186,false,פסטו המעדינה של צבר,,,פסטו המעדינה של צבר,גרמים,190.00,100 גרם,false,,14.90,7.8421,true,1,202171
7290115204261,false,אריסה חריפה המעדנייה,,,אריסה חריפה המעדנייה,גרמים,190.00,100 גרם,false,,10.90,5.7368,true,1,209097
7290115205176,false,פיטנס קרקר THIN כפרי,,,פיטנס קרקר THIN כפרי,גרמים,140.00,100 גרם,false,,11.90,8.5000,true,1,167898
7290115205312,false,פיטנס קרקר Thin Deli,,,פיטנס קרקר Thin Deli,גרמים,140.00,100 גרם,false,,11.90,8.5000,true,1,228630
7290115205527,false,פיטנס חטיף מולטגריין,,,פיטנס חטיף מולטגריין,גרמים,25.00,100 גרם,false,,4.90,19.6000,true,1,230255
7290115205541,false,פיטנס חטיף מולטיגריי,,,פיטנס חטיף מולטיגריי,גרמים,25.00,100 גרם,false,,4.90,19.6000,true,1,230256
7290115205695,false,בצק מצונן לפיצה בונז,,,בצק מצונן לפיצה בונז,גרמים,460.00,100 גרם,false,,17.90,3.8913,true,1,182253
7290115205978,false,פתי בר אצבעות שוקולד,,,פתי בר אצבעות שוקולד,גרמים,180.00,100 גרם,false,,10.90,6.0556,true,1,203073
7290115207163,false,ניוקי בזיליקום ושום,,,ניוקי בזיליקום ושום,גרמים,500.00,100 גרם,false,,12.90,2.5800,true,1,182242
7290115207484,false,חציל על האש היתר צבר,,,חציל על האש היתר צבר,גרמים,400.00,100 גרם,false,,15.40,3.8500,true,1,187325
7290115207507,false,צבר סלט טורקי 360 גר,,,צבר סלט טורקי 360 גר,גרמים,360.00,100 גרם,false,,15.40,4.2778,true,1,187006
7290115207620,false,אסם רוטב בסגנון סויה,,,אסם רוטב בסגנון סויה,מיליליטרים,320.00,"100 מ""ל",false,,12.90,4.0313,true,1,228525
7290115207682,false,אסם רוטב בסגנון סויה,,,אסם רוטב בסגנון סויה,מיליליטרים,330.00,"100 מ""ל",false,,9.90,3.0000,true,1,228491
7290115207811,false,נקניקיות טבעוניות טב,,,נקניקיות טבעוניות טב,גרמים,418.00,100 גרם,false,,34.90,8.3493,true,1,236132
7290115207941,false,ויטמינצ'יק אננס 1 לי,,,ויטמינצ'יק אננס 1 לי,ליטרים,1.00,ליטר,false,,22.50,22.5000,true,1,192576
7290115207989,false,ויטמינצ'יק לימון 1 ל,,,ויטמינצ'יק לימון 1 ל,ליטרים,1.00,ליטר,false,,22.50,22.5000,true,1,192589
7290115208009,false,ויטמינצ'יק ענבים 1 ל,,,ויטמינצ'יק ענבים 1 ל,ליטרים,1.00,ליטר,false,,22.50,22.5000,true,1,192590
7290115208047,false,ויטמינצ'יק פטל 1 ליט,,,ויטמינצ'יק פטל 1 ליט,ליטרים,1.00,ליטר,false,,22.50,22.5000,true,1,192577
7290115208061,false,ויטמינצ'יק תפוח 1 לי,,,ויטמינצ'יק תפוח 1 לי,ליטרים,1.00,ליטר,false,,22.50,22.5000,true,1,192591
7290115208344,false,אסם בייגלה כפיות שמנ,,,אסם בייגלה כפיות שמנ,גרמים,300.00,100 גרם,false,,10.90,3.6333,true,1,239458
7290115209198,false,במבה אורירית 80 גרם,,,במבה אורירית 80 גרם,גרמים,80.00,100 גרם,false,,4.50,5.6250,true,1,230269
7290115209358,false,במבה במילוי בראוניז,,,במבה במילוי בראוניז,גרמים,60.00,100 גרם,false,,4.50,7.5000,true,1,264029
7290115209372,false,במבה במילוי בראוניז,,,במבה במילוי בראוניז,גרמים,150.00,100 גרם,false,,10.00,6.6667,true,1,264052
7290115403299,false,עוגיות פרפריות אדל 4,,,עוגיות פרפריות אדל 4,גרמים,450.00,100 גרם,false,,15.90,3.5333,true,1,218944
7290115403305,false,עוגיות מלוחות קריספי,,,עוגיות מלוחות קריספי,גרמים,450.00,100 גרם,false,,15.90,3.5333,true,1,218945
7290115403312,false,עוגיות מלוחות קריספי,,,עוגיות מלוחות קריספי,גרמים,450.00,100 גרם,false,,15.90,3.5333,true,1,218946
7290115403329,false,עוגיות רשת קינמון מס,,,עוגיות רשת קינמון מס,גרמים,450.00,100 גרם,false,,15.90,3.5333,true,1,218947
7290115403343,false,עוגיות פסים עלים מסו,,,עוגיות פסים עלים מסו,גרמים,450.00,100 גרם,false,,15.90,3.5333,true,1,218948
7290115403350,false,עוגיות רשת שוקו מסוכ,,,עוגיות רשת שוקו מסוכ,גרמים,450.00,100 גרם,false,,15.90,3.5333,true,1,218949
7290115403367,false,עוגיות קוואקר פריכות,,,עוגיות קוואקר פריכות,גרמים,500.00,100 גרם,false,,15.90,3.1800,true,1,218950
7290115403381,false,עוגיות פיצפוצים לבן,,,עוגיות פיצפוצים לבן,גרמים,500.00,100 גרם,false,,15.90,3.1800,true,1,218952
7290115403404,false,עוגיות פרפריות שוקו,,,עוגיות פרפריות שוקו,גרמים,450.00,100 גרם,false,,15.90,3.5333,true,1,218954
7290115403411,false,עוגיות עינוגים בטעם,,,עוגיות עינוגים בטעם,גרמים,500.00,100 גרם,false,,15.90,3.1800,true,1,218955
7290115403435,false,עוגיות מעמול תמר אדל,,,עוגיות מעמול תמר אדל,גרמים,500.00,100 גרם,false,,15.90,3.1800,true,1,218957
7290115403442,false,עוגיות ממולאות בטעם,,,עוגיות ממולאות בטעם,גרמים,500.00,100 גרם,false,,15.90,3.1800,true,1,218958
7290115403459,false,עוגיות נסיכה בטעם תו,,,עוגיות נסיכה בטעם תו,גרמים,500.00,100 גרם,false,,15.90,3.1800,true,1,218959
7290115403466,false,עוגיות נסיכה מיקס אד,,,עוגיות נסיכה מיקס אד,גרמים,500.00,100 גרם,false,,15.90,3.1800,true,1,218960
7290115403473,false,עוגיות עינוגי שוקולד,,,עוגיות עינוגי שוקולד,גרמים,500.00,100 גרם,false,,15.90,3.1800,true,1,218961
7290115403480,false,עוגיות בסגנון מרוקאי,,,עוגיות בסגנון מרוקאי,גרמים,500.00,100 גרם,false,,15.90,3.1800,true,1,218962
7290115403510,false,עוגיות מגולגלות תמרי,,,עוגיות מגולגלות תמרי,גרמים,500.00,100 גרם,false,,15.90,3.1800,true,1,218964
7290115403527,false,עוגיות עינוגי תמרים,,,עוגיות עינוגי תמרים,גרמים,500.00,100 גרם,false,,15.90,3.1800,true,1,218965
7290115403565,false,עוגיות קיפל וניל אדל,,,עוגיות קיפל וניל אדל,גרמים,500.00,100 גרם,false,,15.90,3.1800,true,1,218969
7290115405088,false,קינוח אישי קדאיף-200,,,קינוח אישי קדאיף-200,גרמים,200.00,100 גרם,false,,14.90,7.4500,true,1,61087
7290115405118,false,קינוח אישי תענוג תות,,,קינוח אישי תענוג תות,גרמים,200.00,100 גרם,false,,14.90,7.4500,true,1,61090
7290115405798,false,פחזניות בטעם ריבת חל,,,פחזניות בטעם ריבת חל,גרמים,180.00,100 גרם,false,,14.90,8.2778,true,1,226623
7290115405804,false,פחזניות בטעם תות תופ,,,פחזניות בטעם תות תופ,גרמים,180.00,100 גרם,false,,14.90,8.2778,true,1,226634
7290115405811,false,קינוח אישי גבינה פרו,,,קינוח אישי גבינה פרו,גרמים,200.00,100 גרם,false,,14.90,7.4500,true,1,228283
7290115405828,false,קינוח אישי גבינה אוכ,,,קינוח אישי גבינה אוכ,גרמים,200.00,100 גרם,false,,14.90,7.4500,true,1,228284
7290115410075,false,טחינה 400 גרם סלטי ה,,,טחינה 400 גרם סלטי ה,גרמים,400.00,100 גרם,false,,10.90,2.7250,true,1,149016
7290115410099,false,מטבוחה 400 גרם סלטי,,,מטבוחה 400 גרם סלטי,גרמים,400.00,100 גרם,false,,10.90,2.7250,true,1,149018
7290115410112,false,חומוס 400 גרם סלטי ה,,,חומוס 400 גרם סלטי ה,גרמים,400.00,100 גרם,false,,10.90,2.7250,true,1,149004
7290115410556,false,חומוס מסבחה 250 גרם,,,חומוס מסבחה 250 גרם,גרמים,250.00,100 גרם,false,,10.90,4.3600,true,1,148953
7290115410563,false,חומוס מסבחה חריף 250,,,חומוס מסבחה חריף 250,גרמים,250.00,100 גרם,false,,10.90,4.3600,true,1,148954
7290115410600,false,חציל במיונז 250 גרם-,,,חציל במיונז 250 גרם-,גרמים,250.00,100 גרם,false,,10.90,4.3600,true,1,148978
7290115411928,false,"תפו""א 400 גרם סלטי ה",,,"תפו""א 400 גרם סלטי ה",גרמים,400.00,100 גרם,false,,10.90,2.7250,true,1,149020
7290115670684,false,אנרג'י גרנולה שיבולת,,,אנרג'י גרנולה שיבולת,גרמים,400.00,100 גרם,false,,13.90,3.4750,true,1,120986
7290115670707,false,אנרג'י גרנולה שיבולת,,,אנרג'י גרנולה שיבולת,גרמים,400.00,100 גרם,false,,13.90,3.4750,true,1,120988
7290115671155,false,שלישיית סוכריות בזוק,,,שלישיית סוכריות בזוק,גרמים,45.00,100 גרם,false,,7.90,17.5556,true,1,185963
7290115671223,false,מסטיק קוביות ללא סוכ,,,מסטיק קוביות ללא סוכ,גרמים,58.00,100 גרם,false,,9.90,17.0690,true,1,185985
7290115671308,false,מסטיק קוביות ללס במי,,,מסטיק קוביות ללס במי,גרמים,58.00,100 גרם,false,,9.90,17.0690,true,1,185974
7290115671339,false,מיני פינוקיות בראוני,,,מיני פינוקיות בראוני,גרמים,180.00,100 גרם,false,,10.90,6.0556,true,1,140618
7290115671346,false,מיני פינוקיות במילוי,,,מיני פינוקיות במילוי,גרמים,180.00,100 גרם,false,,10.90,6.0556,true,1,140629
7290115671353,false,מיני פינוקיות שחור ל,,,מיני פינוקיות שחור ל,גרמים,180.00,100 גרם,false,,10.90,6.0556,true,1,180219
7290115671421,false,פולי אספרסו עשירים ו,,,פולי אספרסו עשירים ו,גרמים,250.00,100 גרם,false,,21.90,8.7600,true,1,203193
7290115675559,false,מארז קפה טורקי לדרך,,,מארז קפה טורקי לדרך,גרמים,70.00,100 גרם,false,,7.90,11.2857,true,1,100432
7290115675870,false,קפה ICE נמס בטעם קרמ,,,קפה ICE נמס בטעם קרמ,גרמים,200.00,100 גרם,false,,14.90,7.4500,true,1,125514
7290115675986,false,דנונה קראנצ' אגוזים,,,דנונה קראנצ' אגוזים,גרמים,173.00,100 גרם,false,,4.60,2.6590,true,1,100013
7290115676037,false,דנונה ריפרש יוגורט ע,,,דנונה ריפרש יוגורט ע,גרמים,250.00,100 גרם,false,,5.90,2.3600,true,1,123731
7290115676051,false,משקה אקטיביה עם שיבו,,,משקה אקטיביה עם שיבו,גרמים,265.00,100 גרם,false,,4.90,1.8491,true,1,160383
7290115676082,false,משקה יוגורט עם חלבון,,,משקה יוגורט עם חלבון,גרמים,255.00,100 גרם,false,,6.90,2.7059,true,1,123752
7290115676099,false,משקה יוגורט עם חלבון,,,משקה יוגורט עם חלבון,גרמים,265.00,100 גרם,false,,6.90,2.6038,true,1,123733
7290115676273,false,עלית קקאו 500 גרם +1,,,עלית קקאו 500 גרם +1,גרמים,500.00,100 גרם,false,,23.90,4.7800,true,1,117815
7290115677362,false,נודלס טריאקי שטראוס,,,נודלס טריאקי שטראוס,גרמים,350.00,100 גרם,false,,27.90,7.9714,true,1,163848
7290115677966,false,ממרח אבוקדו אחלה 200,,,ממרח אבוקדו אחלה 200,גרמים,200.00,100 גרם,false,,14.90,7.4500,true,1,155430
7290115678376,false,מעדן הגולן מעדן חלב,,,מעדן הגולן מעדן חלב,גרמים,125.00,100 גרם,false,,2.90,2.3200,true,1,141862
7290115678383,false,מעדן הגולן מעדן חלב,,,מעדן הגולן מעדן חלב,גרמים,125.00,100 גרם,false,,2.90,2.3200,true,1,141873
7290115678598,false,חסה אייסברג חיתוך גס,,,חסה אייסברג חיתוך גס,גרמים,300.00,100 גרם,false,,9.90,3.3000,true,1,161795
7290115678635,false,נשנושי גבינה 16% עם,,,נשנושי גבינה 16% עם,גרמים,67.00,100 גרם,false,,10.90,16.2687,true,1,230967
7290115678642,false,נשנושי גבינה עם חטיף,,,נשנושי גבינה עם חטיף,גרמים,67.00,100 גרם,false,,10.90,16.2687,true,1,230968
7290115678888,false,שוקולית טופי קרמל 50,,,שוקולית טופי קרמל 50,גרמים,500.00,100 גרם,false,,14.90,2.9800,true,1,191049
7290115679915,false,פיצה מבצק עם דלעת שט,,,פיצה מבצק עם דלעת שט,גרמים,320.00,100 גרם,false,,19.90,6.2187,true,1,163943
7290116244037,false,אצבעות שוקולד חלב חד,,,אצבעות שוקולד חלב חד,גרמים,84.00,100 גרם,false,,7.90,9.4048,true,1,196688
7290116244075,false,אצבעות שוקולד חלב סמ,,,אצבעות שוקולד חלב סמ,גרמים,84.00,100 גרם,false,,7.90,9.4048,true,1,196692
7290116270715,false,פילה ברבוניה ארוז בו,,,פילה ברבוניה ארוז בו,יחידה,0.00,יחידה,false,,24.90,0.0000,true,1,203501
7290116512389,false,גרבי נשים שניל 36-41,,,גרבי נשים שניל 36-41,יחידה,0.00,יחידה,false,,40.90,0.0000,true,1,165026
7290116512426,false,גרבי נשים נגד החלקה,,,גרבי נשים נגד החלקה,יחידה,0.00,יחידה,false,,14.90,0.0000,true,1,165015
7290116530185,false,דגני בוקר דלישקד קרמ,,,דגני בוקר דלישקד קרמ,גרמים,400.00,100 גרם,false,,21.90,5.4750,true,1,186814
7290116530482,false,מארז קורנפלקס של אלו,,,מארז קורנפלקס של אלו,גרמים,150.00,100 גרם,false,,11.90,7.9333,true,1,160250
7290116530871,false,חטיף נשנושים מיקס+בי,,,חטיף נשנושים מיקס+בי,גרמים,240.00,100 גרם,false,,11.90,4.9583,true,1,243840
7290116530895,false,תרסיס ריחני למייבש כ,,,תרסיס ריחני למייבש כ,מיליליטרים,500.00,"100 מ""ל",false,,16.90,3.3800,true,1,142423
7290116531090,false,דג דג חטיף אפוי במלי,,,דג דג חטיף אפוי במלי,גרמים,250.00,100 גרם,false,,10.00,4.0000,true,1,193225
7290116531243,false,שמפו ומרכך 2 ב-1 למנ,,,שמפו ומרכך 2 ב-1 למנ,מיליליטרים,700.00,"100 מ""ל",false,,11.80,1.6857,true,1,173389
7290116531496,false,דגני בוקר קינמונים ת,,,דגני בוקר קינמונים ת,גרמים,375.00,100 גרם,false,,19.90,5.3067,true,1,202022
7290116531564,false,מאגדת פריכיות תירס ד,,,מאגדת פריכיות תירס ד,גרמים,150.00,100 גרם,false,,14.90,9.9333,true,1,188249
7290116531762,false,בדין דפי מייבש ורוד,,,בדין דפי מייבש ורוד,יחידה,0.00,יחידה,false,,16.90,0.0000,true,1,186168
7290116531779,false,בדין דפי מייבש כחול,,,בדין דפי מייבש כחול,יחידה,0.00,יחידה,false,,16.90,0.0000,true,1,186179
7290116532011,false,חטיף נוגט קליק  35 ג,,,חטיף נוגט קליק  35 ג,גרמים,35.00,100 גרם,false,,3.90,11.1429,true,1,199147
7290116532387,false,אל סבון לידיים בתוספ,,,אל סבון לידיים בתוספ,מיליליטרים,950.00,"100 מ""ל",false,,11.90,1.2526,true,1,203737
7290116532486,false,גלידת שמנת קליק בטעם,,,גלידת שמנת קליק בטעם,מיליליטרים,520.00,"100 מ""ל",false,,17.90,3.4423,true,1,233205
7290116532882,false,נשנושים איירביס חטיף,,,נשנושים איירביס חטיף,גרמים,155.00,100 גרם,false,,11.90,7.6774,true,1,273232
7290116532899,false,נשנושים איירביס חטיף,,,נשנושים איירביס חטיף,גרמים,155.00,100 גרם,false,,11.90,7.6774,true,1,273233
7290116532905,false,נשנושים איירביס חטיף,,,נשנושים איירביס חטיף,גרמים,155.00,100 גרם,false,,11.90,7.6774,true,1,273234
7290116533032,false,מארז זוג תחליב רחצה,,,מארז זוג תחליב רחצה,ליטרים,1.40,ליטר,false,,19.80,14.1429,true,1,233144
7290116533063,false,שוגי דגני בוקר בטעם,,,שוגי דגני בוקר בטעם,גרמים,400.00,100 גרם,false,,19.90,4.9750,true,1,230616
7290116780382,false,"קנקן תה 700 מ""ל",,,"קנקן תה 700 מ""ל",יחידה,0.00,יחידה,false,,19.90,0.0000,true,1,152352
7290116780863,false,דיספנסר סבון לחיצה ל,,,דיספנסר סבון לחיצה ל,יחידה,0.00,יחידה,false,,29.00,0.0000,true,1,152353
7290116930015,false,חטיף חלבון בטעם קרמל,,,חטיף חלבון בטעם קרמל,גרמים,60.00,100 גרם,false,,11.90,19.8333,true,1,206624
7290116930022,false,חטיף חלבון בטעם קרם,,,חטיף חלבון בטעם קרם,גרמים,60.00,100 גרם,false,,11.90,19.8333,true,1,213271
7290116930282,false,לאבנה 9% שומן עם קרק,,,לאבנה 9% שומן עם קרק,גרמים,150.00,100 גרם,false,,7.90,5.2667,true,1,237266
7290116930442,false,יופלה SHAKE בננה  מנ,,,יופלה SHAKE בננה  מנ,מיליליטרים,230.00,"100 מ""ל",false,,7.90,3.4348,true,1,237310
7290116930459,false,יופלה SHAKE בננה  אנ,,,יופלה SHAKE בננה  אנ,מיליליטרים,230.00,"100 מ""ל",false,,7.90,3.4348,true,1,237311
7290116930466,false,יופלה SHAKE מנגו  בנ,,,יופלה SHAKE מנגו  בנ,מיליליטרים,230.00,"100 מ""ל",false,,7.90,3.4348,true,1,237312
7290116930480,false,יופלה SHAKE בננה  קי,,,יופלה SHAKE בננה  קי,מיליליטרים,230.00,"100 מ""ל",false,,7.90,3.4348,true,1,237313
7290116930626,false,ציזיקי עם קרקרים תנו,,,ציזיקי עם קרקרים תנו,גרמים,150.00,100 גרם,false,,7.90,5.2667,true,1,237267
7290116931081,false,מעדן סויה בטעם טופי,,,מעדן סויה בטעם טופי,גרמים,125.00,100 גרם,false,,3.90,3.1200,true,1,245558
7290117131015,false,לקקן סיליקון ענק,,,לקקן סיליקון ענק,יחידה,0.00,יחידה,false,,17.90,0.0000,true,1,187550
7290117260227,false,קפה טורקי אמיתי מטור,,,קפה טורקי אמיתי מטור,גרמים,100.00,100 גרם,false,,5.90,5.9000,true,1,189965
7290117260456,false,גבינה בולגרית מעודנת,,,גבינה בולגרית מעודנת,גרמים,200.00,100 גרם,false,,11.90,5.9500,true,1,238746
7290117260463,false,גבינה בולגרית מעודנת,,,גבינה בולגרית מעודנת,גרמים,200.00,100 גרם,false,,11.90,5.9500,true,1,238758
7290117260470,false,גבינה בולגרית מעודנת,,,גבינה בולגרית מעודנת,גרמים,200.00,100 גרם,false,,11.90,5.9500,true,1,238747
7290117260685,false,תן בו בטעם וניל בציפ,,,תן בו בטעם וניל בציפ,גרמים,230.00,100 גרם,false,,19.90,8.6522,true,1,186346
7290117261088,false,בוראטה גבינת מוצרלה,,,בוראטה גבינת מוצרלה,גרמים,125.00,100 גרם,false,,19.90,15.9200,true,1,265758
7290117261378,false,גבינת קשקבל לייט  8%,,,גבינת קשקבל לייט  8%,גרמים,250.00,100 גרם,false,,14.90,5.9600,true,1,236525
7290117261521,false,סלמון אטלנטי בשמן קנ,,,סלמון אטלנטי בשמן קנ,גרמים,120.00,100 גרם,false,,10.90,9.0833,true,1,260788
7290117261538,false,סלמון אטלנטי בשמן קנ,,,סלמון אטלנטי בשמן קנ,גרמים,120.00,100 גרם,false,,10.90,9.0833,true,1,260789
7290117261569,false,סלמון אטלנטי מעושן ב,,,סלמון אטלנטי מעושן ב,גרמים,120.00,100 גרם,false,,10.90,9.0833,true,1,260792
7290117261606,false,צהובה טבעונית בטעם ט,,,צהובה טבעונית בטעם ט,גרמים,140.00,100 גרם,false,,14.90,10.6429,true,1,258933
7290117261644,false,צהובה טבעונית בטעם צ,,,צהובה טבעונית בטעם צ,גרמים,140.00,100 גרם,false,,14.90,10.6429,true,1,258960
7290117261675,false,צהובה טבעונית מגורדת,,,צהובה טבעונית מגורדת,גרמים,200.00,100 גרם,false,,14.90,7.4500,true,1,258963
7290117261774,false,כדורי גבינת בייבי מו,,,כדורי גבינת בייבי מו,גרמים,150.00,100 גרם,false,,14.90,9.9333,true,1,265793
7290117262221,false,משקה יוגורט עם אננס,,,משקה יוגורט עם אננס,מיליליטרים,200.00,"100 מ""ל",false,,4.90,2.4500,true,1,244866
7290117380154,false,רוטב אסיאתי עם סויה,,,רוטב אסיאתי עם סויה,מיליליטרים,264.00,"100 מ""ל",false,,9.90,3.7500,true,1,218520
7290117380888,false,מרבה טייק אווי - עוג,,,מרבה טייק אווי - עוג,גרמים,140.00,100 גרם,false,,9.90,7.0714,true,1,262563
7290117383711,false,פלמוליב חלב ודבש 750,,,פלמוליב חלב ודבש 750,ליטרים,1500.00,100 ליטר,false,,30.00,2.0000,true,1,270868
7290117383735,false,פלמוליב חימר ורדים 7,,,פלמוליב חימר ורדים 7,ליטרים,1500.00,100 ליטר,false,,30.00,2.0000,true,1,270870
7290117383742,false,פלמוליב גבר מרענן 75,,,פלמוליב גבר מרענן 75,ליטרים,1500.00,100 ליטר,false,,30.00,2.0000,true,1,270871
7290117383780,false,פלמוליב ארומה מסאג',,,פלמוליב ארומה מסאג',ליטרים,1500.00,100 ליטר,false,,30.00,2.0000,true,1,270872
7290117761052,false,מנקה חלונות 1 ליטר ז,,,מנקה חלונות 1 ליטר ז,ליטרים,1.00,ליטר,false,,14.90,14.9000,true,1,203149
7290117821411,false,ביצת הפתעה פלסטיק עם,,,ביצת הפתעה פלסטיק עם,גרמים,10.00,100 גרם,false,,5.90,59.0000,true,1,237671
7290117823798,false,בדיקה עצמית מהירה לז,,,בדיקה עצמית מהירה לז,יחידה,0.00,יחידה,false,,39.90,0.0000,true,1,191744
7290117860038,false,תחליב רחצה יוגורט בנ,,,תחליב רחצה יוגורט בנ,מיליליטרים,700.00,"100 מ""ל",false,,14.90,2.1286,true,1,271591
7290117860045,false,שמפו מטפח לשיער רגיל,,,שמפו מטפח לשיער רגיל,מיליליטרים,700.00,"100 מ""ל",false,,14.90,2.1286,true,1,268496
7290117860090,false,מרכך מטפח לשיער רגיל,,,מרכך מטפח לשיער רגיל,מיליליטרים,700.00,"100 מ""ל",false,,14.90,2.1286,true,1,268497
7290117860144,false,שמפו נגד קשקשים הווא,,,שמפו נגד קשקשים הווא,מיליליטרים,700.00,"100 מ""ל",false,,14.90,2.1286,true,1,268498
7290117860281,false,ג'ל רחצה לגבר בניחוח,,,ג'ל רחצה לגבר בניחוח,מיליליטרים,700.00,"100 מ""ל",false,,14.90,2.1286,true,1,271596
7290117860298,false,שמפו קרטין מחזק הווא,,,שמפו קרטין מחזק הווא,מיליליטרים,700.00,"100 מ""ל",false,,14.90,2.1286,true,1,272945
7290117860335,false,ג'ל רחצה לגבר בניחוח,,,ג'ל רחצה לגבר בניחוח,מיליליטרים,700.00,"100 מ""ל",false,,14.90,2.1286,true,1,271597
7290117860342,false,מרכך קרטין מחזק הווא,,,מרכך קרטין מחזק הווא,מיליליטרים,700.00,"100 מ""ל",false,,14.90,2.1286,true,1,272946
7290117860397,false,שמפו פריחת הדובדבן ה,,,שמפו פריחת הדובדבן ה,מיליליטרים,700.00,"100 מ""ל",false,,14.90,2.1286,true,1,268501
7290117860441,false,מרכך הוואי פריחת הדו,,,מרכך הוואי פריחת הדו,מיליליטרים,700.00,"100 מ""ל",false,,14.90,2.1286,true,1,268502
7290117860496,false,שמפו לגבר + מרכך 2ב-,,,שמפו לגבר + מרכך 2ב-,מיליליטרים,700.00,"100 מ""ל",false,,14.90,2.1286,true,1,268503
7290117860540,false,שמפו הוואי ילדים 700,,,שמפו הוואי ילדים 700,מיליליטרים,0.00,"100 מ""ל",false,,14.90,0.0000,true,1,268504
7290117860595,false,מרכך הוואי מתיר קשרי,,,מרכך הוואי מתיר קשרי,מיליליטרים,700.00,"100 מ""ל",false,,14.90,2.1286,true,1,272947
7290117860793,false,מרכך מעניק נפח הוואי,,,מרכך מעניק נפח הוואי,מיליליטרים,700.00,"100 מ""ל",false,,14.90,2.1286,true,1,272951
7290117860847,false,שמפו 4 ב 1 לגבר רעננ,,,שמפו 4 ב 1 לגבר רעננ,מיליליטרים,700.00,"100 מ""ל",false,,14.90,2.1286,true,1,272952
7290117900932,false,גרעיני אבטיח קלויים,,,גרעיני אבטיח קלויים,גרמים,130.00,100 גרם,false,,10.90,8.3846,true,1,231535
7290117900949,false,בוטנים מצופים  אמריק,,,בוטנים מצופים  אמריק,גרמים,250.00,100 גרם,false,,10.90,4.3600,true,1,231536
7290117900963,false,בוטנים קלויים 270 גר,,,בוטנים קלויים 270 גר,גרמים,270.00,100 גרם,false,,10.90,4.0370,true,1,231538
7290117900970,false,שקד קלוי 180 גרם,,,שקד קלוי 180 גרם,גרמים,180.00,100 גרם,false,,15.90,8.8333,true,1,231539
7290117900987,false,פקאן קלוף 140 גרם,,,פקאן קלוף 140 גרם,גרמים,140.00,100 גרם,false,,15.90,11.3571,true,1,231540
7290117900994,false,פקאן סיני מסוכר 140,,,פקאן סיני מסוכר 140,גרמים,140.00,100 גרם,false,,15.90,11.3571,true,1,231541
7290117901007,false,פיסטוק קלוי 130 גרם,,,פיסטוק קלוי 130 גרם,גרמים,130.00,100 גרם,false,,15.90,12.2308,true,1,231542
7290117901021,false,קבוקים בוטנים מצופים,,,קבוקים בוטנים מצופים,גרמים,220.00,100 גרם,false,,10.90,4.9545,true,1,231544
7290117901038,false,אגוז מלך קלוף 190 גר,,,אגוז מלך קלוף 190 גר,גרמים,190.00,100 גרם,false,,15.90,8.3684,true,1,231545
7290117901045,false,בוטן רביולי 200 גרם,,,בוטן רביולי 200 גרם,גרמים,200.00,100 גרם,false,,15.90,7.9500,true,1,231546
7290117901052,false,שקד קלוף 180 גרם,,,שקד קלוף 180 גרם,גרמים,180.00,100 גרם,false,,15.90,8.8333,true,1,231547
7290118420378,false,פתי בר פינוקים תותים,,,פתי בר פינוקים תותים,גרמים,220.00,100 גרם,false,,10.90,4.9545,true,1,264268
7290207746433,false,מסננות לכיור,,,מסננות לכיור,יחידה,0.00,יחידה,false,,9.90,0.0000,true,1,187767
7290900010367,false,טורטייה אבאל 360 גרם,,,טורטייה אבאל 360 גרם,גרמים,360.00,100 גרם,false,,8.90,2.4722,true,1,48958
7291008084915,false,תמר מג'הול  500גר,,,תמר מג'הול  500גר,גרמים,500.00,100 גרם,false,,10.00,2.0000,true,1,205201
7296021040023,false,מרית 20 יח,,,מרית 20 יח,יחידה,0.00,יחידה,false,,17.90,0.0000,true,1,44999
7296021131394,false,סכין  מולטי משוננת מ,,,סכין  מולטי משוננת מ,יחידה,0.00,יחידה,false,,19.90,0.0000,true,1,28489
7296021133565,false,תרווד מחורץ ידית שחו,,,תרווד מחורץ ידית שחו,יחידה,0.00,יחידה,false,,15.90,0.0000,true,1,45215
7296021133657,false,גלגלת לפיצה ובצק ידי,,,גלגלת לפיצה ובצק ידי,יחידה,0.00,יחידה,false,,13.90,0.0000,true,1,45224
7296021137860,false,חותך רצועות כרוב קול,,,חותך רצועות כרוב קול,יחידה,0.00,יחידה,false,,17.90,0.0000,true,1,202229
7296021140983,false,כף מחורצת ידית משולב,,,כף מחורצת ידית משולב,יחידה,0.00,יחידה,false,,21.90,0.0000,true,1,202316
7296021141010,false,כף הגשה קטנה ידית מש,,,כף הגשה קטנה ידית מש,יחידה,0.00,יחידה,false,,18.90,0.0000,true,1,202339
7296021146374,false,תבנית CS לאפיה טוסטר,,,תבנית CS לאפיה טוסטר,יחידה,0.00,יחידה,false,,79.90,0.0000,true,1,201420
7296021146459,false,תבנית CS לאפיה אינגל,,,תבנית CS לאפיה אינגל,יחידה,0.00,יחידה,false,,79.90,0.0000,true,1,201449
7296021160875,false,מספריים למטבח עם מגנ,,,מספריים למטבח עם מגנ,יחידה,0.00,יחידה,false,,25.50,0.0000,true,1,202963
7296021169922,false,פותחן בקבוקים STAINL,,,פותחן בקבוקים STAINL,יחידה,0.00,יחידה,false,,16.00,0.0000,true,1,202595
7296021169946,false,מלקחיים NYLON 3 צבעי,,,מלקחיים NYLON 3 צבעי,יחידה,0.00,יחידה,false,,15.90,0.0000,true,1,202609
7296021230264,false,תבנית 6 שקעים מלבנית,,,תבנית 6 שקעים מלבנית,יחידה,0.00,יחידה,false,,59.90,0.0000,true,1,201608
7296021234231,false,"בקבוק מים 500 מ""ל 3",,,"בקבוק מים 500 מ""ל 3",יחידה,0.00,יחידה,false,,69.90,0.0000,true,1,202692
7296021256790,false,כף גלידה ידית שחורה,,,כף גלידה ידית שחורה,יחידה,0.00,יחידה,false,,14.90,0.0000,true,1,202206
7296021261510,false,סיר יציקה עם ידית אפ,,,סיר יציקה עם ידית אפ,יחידה,0.00,יחידה,false,,459.90,0.0000,true,1,201725
7296021261527,false,סיר יציקה עם ידית אפ,,,סיר יציקה עם ידית אפ,יחידה,0.00,יחידה,false,,599.90,0.0000,true,1,201726
7296021261541,false,סיר יציקה עם ידית אפ,,,סיר יציקה עם ידית אפ,יחידה,0.00,יחידה,false,,849.90,0.0000,true,1,201728
7296021261619,false,סוטאז' יציקה מרובע ע,,,סוטאז' יציקה מרובע ע,יחידה,0.00,יחידה,false,,899.90,0.0000,true,1,201758
7296021266706,false,"מסננת ידית עץ 20 ס""מ",,,"מסננת ידית עץ 20 ס""מ",יחידה,0.00,יחידה,false,,28.90,0.0000,true,1,202726
7296021266720,false,"מסננת ידית עץ 26 ס""מ",,,"מסננת ידית עץ 26 ס""מ",יחידה,0.00,יחידה,false,,43.90,0.0000,true,1,202728
7296021266775,false,לוח חיתוך מתקפל,,,לוח חיתוך מתקפל,יחידה,0.00,יחידה,false,,16.90,0.0000,true,1,202740
7296021266898,false,כף מחורצת ידית אפורה,,,כף מחורצת ידית אפורה,יחידה,0.00,יחידה,false,,12.90,0.0000,true,1,202848
7296021266911,false,כף מסננת קטנה ידית א,,,כף מסננת קטנה ידית א,יחידה,0.00,יחידה,false,,15.90,0.0000,true,1,202859
7296021266935,false,כף עוגה ידית אפורה פ,,,כף עוגה ידית אפורה פ,יחידה,0.00,יחידה,false,,8.90,0.0000,true,1,202871
7296021268557,false,סיר עם מכסה לבישול 2,,,סיר עם מכסה לבישול 2,יחידה,0.00,יחידה,false,,899.90,0.0000,true,1,201852
7296021288647,false,"סיר בישוול 24 ס""מ 5.",,,"סיר בישוול 24 ס""מ 5.",יחידה,0.00,יחידה,false,,399.90,0.0000,true,1,251584
7296021288661,false,"מחבת לטיגון 20 ס""מ C",,,"מחבת לטיגון 20 ס""מ C",יחידה,0.00,יחידה,false,,199.90,0.0000,true,1,251597
7296021669507,false,מזרק לעוגה+אביזרים,,,מזרק לעוגה+אביזרים,יחידה,0.00,יחידה,false,,18.90,0.0000,true,1,45626
7296058000526,false,פרכיות כוסמת פרח 130,,,פרכיות כוסמת פרח 130,גרמים,130.00,100 גרם,false,,8.90,6.8462,true,1,49451
7296102210178,false,סט קופסאות עגול,,,סט קופסאות עגול,יחידה,0.00,יחידה,false,,19.90,0.0000,true,1,100249
7296102210659,false,סט 5 קופסאות מרובע i,,,סט 5 קופסאות מרובע i,יחידה,0.00,יחידה,false,,22.90,0.0000,true,1,136160
7296102210666,false,סט 5 קופסאות עגול in,,,סט 5 קופסאות עגול in,יחידה,0.00,יחידה,false,,22.90,0.0000,true,1,136171
7296102210703,false,סט 4 קופסאות מלבני,,,סט 4 קופסאות מלבני,יחידה,0.00,יחידה,false,,19.90,0.0000,true,1,190657
7296102266014,false,קרש חיתוך פלסטיק,,,קרש חיתוך פלסטיק,יחידה,0.00,יחידה,false,,18.90,0.0000,true,1,191777
7296102266038,false,קרש חיתוך פלסטיק 26*,,,קרש חיתוך פלסטיק 26*,יחידה,0.00,יחידה,false,,18.90,0.0000,true,1,100635
7296102401194,false,סכומון מגירה,,,סכומון מגירה,יחידה,0.00,יחידה,false,,7.90,0.0000,true,1,100597
7296102401262,false,נטלה,,,נטלה,יחידה,0.00,יחידה,false,,4.90,0.0000,true,1,101952
7296102521731,false,סט 4 קופסאות פלסטיק,,,סט 4 קופסאות פלסטיק,יחידה,0.00,יחידה,false,,19.90,0.0000,true,1,166239
7296102521762,false,סט 4 קופסאות פלסטיק,,,סט 4 קופסאות פלסטיק,יחידה,0.00,יחידה,false,,19.90,0.0000,true,1,166253
7296102521779,false,סט 4 קופסאות פלסטיק,,,סט 4 קופסאות פלסטיק,יחידה,0.00,יחידה,false,,19.90,0.0000,true,1,171540
7296102561195,false,מסננת לכיור אמריקאי,,,מסננת לכיור אמריקאי,יחידה,0.00,יחידה,false,,17.50,0.0000,true,1,100559
7296102619698,false,משולש נירוסטה לכיור,,,משולש נירוסטה לכיור,יחידה,0.00,יחידה,false,,18.90,0.0000,true,1,144124
7296102810491,false,סט 6 קולבים  מפלסטיק,,,סט 6 קולבים  מפלסטיק,יחידה,0.00,יחידה,false,,10.00,0.0000,true,1,190985
7296102831557,false,סט 4 צלחות עמוקות תמ,,,סט 4 צלחות עמוקות תמ,יחידה,0.00,יחידה,false,,15.00,0.0000,true,1,190579
7296102956052,false,זוג סגר ארונות שקוף,,,זוג סגר ארונות שקוף,יחידה,0.00,יחידה,false,,9.90,0.0000,true,1,144168
7297028160936,false,גרבי גבר שלישייה שחו,,,גרבי גבר שלישייה שחו,יחידה,0.00,יחידה,false,,14.90,0.0000,true,1,175252
7297028161582,false,עשיריית גרבי נשים,,,עשיריית גרבי נשים,יחידה,0.00,יחידה,false,,29.90,0.0000,true,1,158435
7297028174490,false,גרבי מגבת נשים זוג צ,,,גרבי מגבת נשים זוג צ,יחידה,0.00,יחידה,false,,14.90,0.0000,true,1,175241
7297094010999,false,חיתולי בד בנות מודפס,,,חיתולי בד בנות מודפס,יחידה,0.00,יחידה,false,,29.90,0.0000,true,1,43581
7297094011002,false,חיתולי בד בנים מודפס,,,חיתולי בד בנים מודפס,יחידה,0.00,יחידה,false,,29.90,0.0000,true,1,43582
7297094017479,false,שמיכת פוך פלנל מודפס,,,שמיכת פוך פלנל מודפס,יחידה,0.00,יחידה,false,,149.00,0.0000,true,1,43636
7297094020707,false,שמיכת ויולט כבש זוגי,,,שמיכת ויולט כבש זוגי,יחידה,0.00,יחידה,false,,100.90,0.0000,true,1,43718
7297094111733,false,מפת שולחן לבן  200/1,,,מפת שולחן לבן  200/1,יחידה,0.00,יחידה,false,,25.40,0.0000,true,1,142801
7297094118909,false,סט פליז  יחיד,,,סט פליז  יחיד,יחידה,0.00,יחידה,false,,129.90,0.0000,true,1,190118
7297094118916,false,סט פליז  זוגי,,,סט פליז  זוגי,יחידה,0.00,יחידה,false,,149.90,0.0000,true,1,190129
7297373004404,false,רב מגבת לבן 800 גרם,,,רב מגבת לבן 800 גרם,יחידה,0.00,יחידה,false,,18.90,0.0000,true,1,250090
7297425320728,false,מארז שי 2 מגבות גוף,,,מארז שי 2 מגבות גוף,יחידה,0.00,יחידה,false,,69.90,0.0000,true,1,146562
7297425473806,false,סט מצעים 90/200 סופר,,,סט מצעים 90/200 סופר,יחידה,0.00,יחידה,false,,129.90,0.0000,true,1,171523
7297461005986,false,מפת שולחן ג'אקרד ( 1,,,מפת שולחן ג'אקרד ( 1,יחידה,0.00,יחידה,false,,49.90,0.0000,true,1,190996
7297478002534,false,גרבי נוער,,,גרבי נוער,יחידה,0.00,יחידה,false,,15.90,0.0000,true,1,170539
7297478002978,false,גרבי ילדים,,,גרבי ילדים,יחידה,0.00,יחידה,false,,12.90,0.0000,true,1,170490
7297478003661,false,גרבי חיילות,,,גרבי חיילות,יחידה,0.00,יחידה,false,,19.90,0.0000,true,1,170553
7297478005252,false,גרבי נוער,,,גרבי נוער,יחידה,0.00,יחידה,false,,15.90,0.0000,true,1,170541
7297488098152,false,דגש קמח חומוס ללא גל,,,דגש קמח חומוס ללא גל,גרמים,500.00,100 גרם,false,,15.90,3.1800,true,1,91273
7297488098183,false,דגש קמח אורז ללא גלו,,,דגש קמח אורז ללא גלו,גרמים,500.00,100 גרם,false,,10.90,2.1800,true,1,91241
7297488199620,false,דגש פצפוצי אורז מלא,,,דגש פצפוצי אורז מלא,גרמים,450.00,100 גרם,false,,19.90,4.4222,true,1,91286
7298171185418,false,גרבי בנות מגבת מיני,,,גרבי בנות מגבת מיני,יחידה,0.00,יחידה,false,,19.90,0.0000,true,1,175207
7298171185470,false,גרבי בנים מיקי מאוס,,,גרבי בנים מיקי מאוס,יחידה,0.00,יחידה,false,,19.90,0.0000,true,1,175208
7298171185487,false,גרבי בנים מיקי מאוס,,,גרבי בנים מיקי מאוס,יחידה,0.00,יחידה,false,,19.90,0.0000,true,1,175219
7312040017683,false,אבסולוט וודקה 700 מל,,,אבסולוט וודקה 700 מל,מיליליטרים,700.00,"100 מ""ל",false,,60.90,8.7000,true,1,33790
7394376615832,false,משקה שיבולת שועל בטע,,,משקה שיבולת שועל בטע,ליטרים,1.00,ליטר,false,,15.90,15.9000,true,1,71631
7450014901320,false,נעלי בית חורף נשים,,,נעלי בית חורף נשים,יחידה,0.00,יחידה,false,,39.90,0.0000,true,1,31542
7450026800512,false,נעלי בית חורף גברים,,,נעלי בית חורף גברים,יחידה,0.00,יחידה,false,,39.90,0.0000,true,1,31556
7501013122039,false,ג'ומקס נקטר מנגו קרט,,,ג'ומקס נקטר מנגו קרט,ליטרים,1.00,ליטר,false,,10.50,10.5000,true,1,39434
7501013122114,false,ג'ומקס נקטר אננס קרט,,,ג'ומקס נקטר אננס קרט,ליטרים,1.00,ליטר,false,,10.50,10.5000,true,1,39436
7501013122992,false,ג'ומקס משקה קוקוס אנ,,,ג'ומקס משקה קוקוס אנ,ליטרים,1.00,ליטר,false,,10.50,10.5000,true,1,39438
7501049936945,false,מארז שישייה בירה סול,,,מארז שישייה בירה סול,ליטרים,1.98,ליטר,false,,36.90,18.6364,true,1,63455
7501064191398,false,קורונה מארז שישיה 6*,,,קורונה מארז שישיה 6*,ליטרים,2.13,ליטר,false,,38.90,18.2629,true,1,29649
7509546678702,false,משחת שיניים קולגייט,,,משחת שיניים קולגייט,מיליליטרים,100.00,"100 מ""ל",false,,16.90,16.9000,true,1,234360
7610008059073,false,טבלת רגוסה קלאסי חדש,,,טבלת רגוסה קלאסי חדש,גרמים,100.00,100 גרם,false,,15.90,15.9000,true,1,223469
7610008059080,false,טבלת רגוסה מריר חדש,,,טבלת רגוסה מריר חדש,גרמים,100.00,100 גרם,false,,15.90,15.9000,true,1,223470
7610243004463,false,דורגול מסיר אבן מרסס,,,דורגול מסיר אבן מרסס,יחידה,0.00,יחידה,false,,19.90,0.0000,true,1,11431
7610400068529,false,לינדור בונבוניירה אס,,,לינדור בונבוניירה אס,גרמים,200.00,100 גרם,false,,22.90,11.4500,true,1,13839
7613030979647,false,דגני בוקר טריקס 480,,,דגני בוקר טריקס 480,גרמים,480.00,100 גרם,false,,24.90,5.1875,true,1,19458
7613032045753,false,דגני פיטנס שוקולד נס,,,דגני פיטנס שוקולד נס,גרמים,375.00,100 גרם,false,,19.90,5.3067,true,1,19464
7613033548192,false,דגני בוקר פיטנס שוקו,,,דגני בוקר פיטנס שוקו,גרמים,375.00,100 גרם,false,,19.90,5.3067,true,1,19481
7613034146502,false,פורינה ONE כלב מיני,,,פורינה ONE כלב מיני,קילוגרמים,1.50,"ק""ג",false,,59.90,39.9333,true,1,19495
7613034146656,false,פורינה ONE כלב מיני,,,פורינה ONE כלב מיני,קילוגרמים,1.50,"ק""ג",false,,59.90,39.9333,true,1,19496
7613035635845,false,פיטנס גרנולה שוקולד,,,פיטנס גרנולה שוקולד,גרמים,300.00,100 גרם,false,,14.90,4.9667,true,1,19510
7613035758834,false,פיטנס גרנולה חמוציות,,,פיטנס גרנולה חמוציות,גרמים,300.00,100 גרם,false,,14.90,4.9667,true,1,19512
7613035807778,false,פרפקטו רוטב עגבניות,,,פרפקטו רוטב עגבניות,גרמים,400.00,100 גרם,false,,9.90,2.4750,true,1,19513
7613035809109,false,פרפקטו רוטב עגבניות,,,פרפקטו רוטב עגבניות,גרמים,400.00,100 גרם,false,,9.90,2.4750,true,1,19514
7613035809857,false,פרפקטו רוטב עגבניות,,,פרפקטו רוטב עגבניות,גרמים,400.00,100 גרם,false,,9.90,2.4750,true,1,19516
7613036105545,false,דוגלי בטעם בקר גזע ק,,,דוגלי בטעם בקר גזע ק,קילוגרמים,3.00,"ק""ג",false,,49.90,16.6333,true,1,19523
7613036105576,false,"דוגלי בוגר עוף 3 ק""ג",,,"דוגלי בוגר עוף 3 ק""ג",קילוגרמים,3.00,"ק""ג",false,,43.90,14.6333,true,1,19524
7613036105637,false,"דוגלי בוגר עוף 12 ק""",,,"דוגלי בוגר עוף 12 ק""",קילוגרמים,12.00,"ק""ג",false,,112.00,9.3333,true,1,19526
7613036251389,false,דוגלי אקטיב 12קג,,,דוגלי אקטיב 12קג,קילוגרמים,12.00,"ק""ג",false,,112.00,9.3333,true,1,19530
7613036387798,false,דגני פיטנס יוגורט נס,,,דגני פיטנס יוגורט נס,גרמים,375.00,100 גרם,false,,19.90,5.3067,true,1,19536
7613036520492,false,פרפקטו רוטב עגבניות,,,פרפקטו רוטב עגבניות,גרמים,400.00,100 גרם,false,,9.90,2.4750,true,1,19538
7613036576734,false,חמשושים פרווה 60 גרם,,,חמשושים פרווה 60 גרם,גרמים,60.00,100 גרם,false,,7.50,12.5000,true,1,16257
7613036710879,false,קיט קט צ'אנקי מיני 1,,,קיט קט צ'אנקי מיני 1,גרמים,194.00,100 גרם,false,,10.00,5.1546,true,1,42095
7613036880534,false,גרבר מחית מרק ירקות,,,גרבר מחית מרק ירקות,גרמים,190.00,100 גרם,false,,5.90,3.1053,true,1,19546
7613037204797,false,סטארבקס פולי קפה בלו,,,סטארבקס פולי קפה בלו,גרמים,450.00,100 גרם,false,,49.90,11.0889,true,1,124263
7613037204889,false,סטארבקס פולי קפה אספ,,,סטארבקס פולי קפה אספ,גרמים,450.00,100 גרם,false,,49.90,11.0889,true,1,124244
7613037686906,false,פיטנס שקדים ודבש נסט,,,פיטנס שקדים ודבש נסט,גרמים,355.00,100 גרם,false,,19.90,5.6056,true,1,19560
7613037687132,false,דגני פיטנס שקדים ודב,,,דגני פיטנס שקדים ודב,גרמים,585.00,100 גרם,false,,26.90,4.5983,true,1,19561
7613037811629,false,קורנפלקס גו פרי 500,,,קורנפלקס גו פרי 500,גרמים,500.00,100 גרם,false,,10.90,2.1800,true,1,52416
7613038268262,false,האני נאט ציריוס מופח,,,האני נאט ציריוס מופח,גרמים,410.00,100 גרם,false,,19.90,4.8537,true,1,19562
7613038451954,false,קראנץ שוקולד מופחת ס,,,קראנץ שוקולד מופחת ס,גרמים,410.00,100 גרם,false,,19.90,4.8537,true,1,19563
7613039547632,false,פאוץ' גרבר מחית תפוח,,,פאוץ' גרבר מחית תפוח,גרמים,90.00,100 גרם,false,,5.90,6.5556,true,1,89442
7613039547922,false,פאוץ' גרבר מחית תפוח,,,פאוץ' גרבר מחית תפוח,גרמים,90.00,100 גרם,false,,5.90,6.5556,true,1,89443
7613039879382,false,גרבר מחית תפוחי עץ 1,,,גרבר מחית תפוחי עץ 1,גרמים,190.00,100 גרם,false,,5.90,3.1053,true,1,139947
7613039881521,false,גרבר מחית מנגו  190,,,גרבר מחית מנגו  190,גרמים,190.00,100 גרם,false,,5.90,3.1053,true,1,109420
7613287121783,false,סמרטיס מיני 187 גרם,,,סמרטיס מיני 187 גרם,גרמים,187.00,100 גרם,false,,10.00,5.3476,true,1,234200
7613287155863,false,מחית בטעם אגס פאוץ ג,,,מחית בטעם אגס פאוץ ג,גרמים,90.00,100 גרם,false,,5.90,6.5556,true,1,109430
7613287155924,false,מחית בטעם תפוח גזר פ,,,מחית בטעם תפוח גזר פ,גרמים,90.00,100 גרם,false,,5.90,6.5556,true,1,109441
7613287325808,false,רוטב איולי שום לחיץ,,,רוטב איולי שום לחיץ,גרמים,295.00,100 גרם,false,,14.90,5.0508,true,1,168202
7613287325822,false,רוטב מיקס לחיץ אסם 2,,,רוטב מיקס לחיץ אסם 2,גרמים,295.00,100 גרם,false,,14.90,5.0508,true,1,168190
7613287325853,false,רוטב ספייסי איולי לח,,,רוטב ספייסי איולי לח,גרמים,295.00,100 גרם,false,,14.90,5.0508,true,1,168203
7613287394323,false,מולטי צ'יריוס 100% ד,,,מולטי צ'יריוס 100% ד,גרמים,600.00,100 גרם,false,,20.90,3.4833,true,1,130502
7613287476494,false,מיונז לחיץ אסם 280 ג,,,מיונז לחיץ אסם 280 ג,גרמים,280.00,100 גרם,false,,14.90,5.3214,true,1,168191
7613287476678,false,סינימיניס צ'ורוס 360,,,סינימיניס צ'ורוס 360,גרמים,360.00,100 גרם,false,,24.90,6.9167,true,1,137825
7614500010617,false,בר טובלרון מריר 100,,,בר טובלרון מריר 100,גרמים,100.00,100 גרם,false,,9.90,9.9000,true,1,223515
7622010001858,false,עוגיות אוראו  סנדביץ,,,עוגיות אוראו  סנדביץ,גרמים,176.00,100 גרם,false,,8.90,5.0568,true,1,5130
7622201137052,false,מיני קוקיז מילקה 110,,,מיני קוקיז מילקה 110,גרמים,110.00,100 גרם,false,,7.90,7.1818,true,1,168082
7622201139278,false,פילדלפיה גבינת שמנת,,,פילדלפיה גבינת שמנת,גרמים,150.00,100 גרם,false,,11.90,7.9333,true,1,17219
7622201521493,false,גבינת שמנת עם שום וע,,,גבינת שמנת עם שום וע,גרמים,150.00,100 גרם,false,,11.90,7.9333,true,1,239174
7622201808631,false,אוראו מיני כוסות בטע,,,אוראו מיני כוסות בטע,גרמים,67.00,100 גרם,false,,7.90,11.7910,true,1,146016
7622201813390,false,מילקה וואפל במילוי ק,,,מילקה וואפל במילוי ק,גרמים,150.00,100 גרם,false,,10.90,7.2667,true,1,131454
7622210464729,false,עוגיות אוראו גולדן 1,,,עוגיות אוראו גולדן 1,גרמים,154.00,100 גרם,false,,7.90,5.1299,true,1,5140
7622210637994,false,קראנצ'י בייטס אוראו,,,קראנצ'י בייטס אוראו,גרמים,110.00,100 גרם,false,,7.90,7.1818,true,1,168103
7622300270506,false,מילקה גריינס עוגיות,,,מילקה גריינס עוגיות,גרמים,168.00,100 גרם,false,,10.90,6.4881,true,1,5158
7622300489427,false,אוראו פאג שוקולד לבן,,,אוראו פאג שוקולד לבן,גרמים,246.00,100 גרם,false,,15.90,6.4634,true,1,5163
7622300489434,false,אוראו פאג שוקולד חלב,,,אוראו פאג שוקולד חלב,גרמים,246.00,100 גרם,false,,15.90,6.4634,true,1,5164
7622300503079,false,מילקה מוו - ביסקוויט,,,מילקה מוו - ביסקוויט,גרמים,200.00,100 גרם,false,,10.90,5.4500,true,1,5167
7622300617820,false,מילקה שוקולד אוראו 1,,,מילקה שוקולד אוראו 1,גרמים,100.00,100 גרם,false,,6.90,6.9000,true,1,5168
7630477891615,false,סטארבקס קפסולות סומט,,,סטארבקס קפסולות סומט,גרמים,55.00,100 גרם,false,,21.90,39.8182,true,1,85597
7630477891714,false,קפסולות אספרסו סטארב,,,קפסולות אספרסו סטארב,גרמים,57.00,100 גרם,false,,21.90,38.4211,true,1,93203
7638900248333,false,אנרג'ייזר סוללות 202,,,אנרג'ייזר סוללות 202,יחידה,0.00,יחידה,false,,19.90,0.0000,true,1,6091
7638900426663,false,סוללת אדוונס פורמולה,,,סוללת אדוונס פורמולה,יחידה,0.00,יחידה,false,,24.90,0.0000,true,1,6098
7702018321520,false,דאודורנט אנטיפרספירנ,,,דאודורנט אנטיפרספירנ,גרמים,50.00,100 גרם,false,,21.90,43.8000,true,1,27336
7702018321582,false,דאודורנט סטיק מתקדם,,,דאודורנט סטיק מתקדם,מיליליטרים,50.00,"100 מ""ל",false,,21.90,43.8000,true,1,27337
7702018413539,false,סכיני פיוז`ן פרושילד,,,סכיני פיוז`ן פרושילד,יחידה,0.00,יחידה,false,,139.90,0.0000,true,1,27355
7702024074625,false,פיטנס חטיפי קרקר חיט,,,פיטנס חטיפי קרקר חיט,גרמים,234.00,100 גרם,false,,11.90,5.0855,true,1,19567
7702174066631,false,יוגטה פינפופ לקקן 10,,,יוגטה פינפופ לקקן 10,גרמים,180.00,100 גרם,false,,7.90,4.3889,true,1,42098
7702174068826,false,יוגטה לקקן חדש 12יח,,,יוגטה לקקן חדש 12יח,גרמים,216.00,100 גרם,false,,9.90,4.5833,true,1,42101
7702174068833,false,'לקקן יוגטה אייס קרי,,,'לקקן יוגטה אייס קרי,גרמים,216.00,100 גרם,false,,9.90,4.5833,true,1,42102
7702174073783,false,לקקן פינפופ קולה 10,,,לקקן פינפופ קולה 10,גרמים,180.00,100 גרם,false,,7.90,4.3889,true,1,42104
7703147007095,false,מגבונים לחיטוי כללי,,,מגבונים לחיטוי כללי,יחידה,0.00,יחידה,false,,3.90,0.0000,true,1,90773
7790040420076,false,אלפחורס עוגיות סנדבי,,,אלפחורס עוגיות סנדבי,גרמים,117.00,100 גרם,false,,8.90,7.6068,true,1,91843
7790580315986,false,סוכריות ממולאות מהדר,,,סוכריות ממולאות מהדר,גרמים,470.00,100 גרם,false,,14.90,3.1702,true,1,13321
7790580419738,false,ביצי שוקולד בון בון,,,ביצי שוקולד בון בון,גרמים,156.00,100 גרם,false,,12.90,8.2692,true,1,102371
7790580421663,false,בון בון ריבת חלב וקר,,,בון בון ריבת חלב וקר,גרמים,288.00,100 גרם,false,,19.90,6.9097,true,1,255286
7791875005353,false,הוואנה ריבת חלב 450,,,הוואנה ריבת חלב 450,גרמים,450.00,100 גרם,false,,19.90,4.4222,true,1,186608
7792860006218,false,בייבי דול לקקן 20גר,,,בייבי דול לקקן 20גר,גרמים,24.00,100 גרם,false,,2.50,10.4167,true,1,13850
7798109100075,false,אוכמניות,,,אוכמניות,גרמים,100.00,100 גרם,false,,10.90,10.9000,true,1,144941
7800601801029,false,פלסטרים 100 יח' - לי,,,פלסטרים 100 יח' - לי,יחידה,0.00,יחידה,false,,7.90,0.0000,true,1,84689
7800601801098,false,נר הבדלה דקורטיבי פמ,,,נר הבדלה דקורטיבי פמ,יחידה,0.00,יחידה,false,,16.90,0.0000,true,1,13339
7860001953919,false,משפך גדול,,,משפך גדול,יחידה,0.00,יחידה,false,,7.90,0.0000,true,1,34367
7891024030974,false,משחת טריפל אקשן קולג,,,משחת טריפל אקשן קולג,מיליליטרים,75.00,"100 מ""ל",false,,5.90,7.8667,true,1,21882
7891024124826,false,מש.שיניים אופטיק ווי,,,מש.שיניים אופטיק ווי,מיליליטרים,75.00,"100 מ""ל",false,,19.90,26.5333,true,1,21884
7928209046601,false,תרמוס סילבר 0.5 ליטר,,,תרמוס סילבר 0.5 ליטר,יחידה,0.00,יחידה,false,,20.00,0.0000,true,1,28659
8000070003842,false,קפסולת LAVAZZA DEKCR,,,קפסולת LAVAZZA DEKCR,גרמים,120.00,100 גרם,false,,29.90,24.9167,true,1,255099
8000070003972,false,קפסולת LAVAZZA DEKCR,,,קפסולת LAVAZZA DEKCR,גרמים,120.00,100 גרם,false,,29.90,24.9167,true,1,255101
8000070041813,false,מכונת קפה טייני אדומ,,,מכונת קפה טייני אדומ,יחידה,0.00,יחידה,false,,399.00,0.0000,true,1,255137
8000215204677,false,משקה שיבולת שועל אור,,,משקה שיבולת שועל אור,ליטרים,1.00,ליטר,false,,12.90,12.9000,true,1,191733
8000215204714,false,משקה שיבולת שועל אור,,,משקה שיבולת שועל אור,ליטרים,1.00,ליטר,false,,12.90,12.9000,true,1,91326
8000380003723,false,גרנד פטיסרי ופל אגוז,,,גרנד פטיסרי ופל אגוז,גרמים,100.00,100 גרם,false,,11.90,11.9000,true,1,12845
8000380003761,false,גרנד פטיסרי ופל קוקו,,,גרנד פטיסרי ופל קוקו,גרמים,100.00,100 גרם,false,,11.90,11.9000,true,1,12847
8000380004669,false,לואקר וופל סנדוויץ',,,לואקר וופל סנדוויץ',גרמים,200.00,100 גרם,false,,12.90,6.4500,true,1,12850
8000380004676,false,לואקר וופל קרם וניל,,,לואקר וופל קרם וניל,גרמים,200.00,100 גרם,false,,12.90,6.4500,true,1,12851
8000380004911,false,וופל קואדרטיני אגוז,,,וופל קואדרטיני אגוז,גרמים,250.00,100 גרם,false,,13.90,5.5600,true,1,12853
8000380004966,false,וופל קואדרטיני קקאו,,,וופל קואדרטיני קקאו,גרמים,250.00,100 גרם,false,,13.90,5.5600,true,1,12856
8000380007219,false,וופל לואקר אגוז 175,,,וופל לואקר אגוז 175,גרמים,175.00,100 גרם,false,,10.50,6.0000,true,1,12862
8000380007257,false,.וופל מצופה שוקולד ג,,,.וופל מצופה שוקולד ג,גרמים,200.00,100 גרם,false,,13.90,6.9500,true,1,12864
8000380007264,false,וופל לואקר קקאו 175,,,וופל לואקר קקאו 175,גרמים,175.00,100 גרם,false,,10.50,6.0000,true,1,12865
8000380007271,false,וופל לואקר חלב 175 ג,,,וופל לואקר חלב 175 ג,גרמים,175.00,100 גרם,false,,10.50,6.0000,true,1,12866
8000380142484,false,וופל קואדרטיני שוקול,,,וופל קואדרטיני שוקול,גרמים,250.00,100 גרם,false,,13.90,5.5600,true,1,12869
8000380144044,false,וופל גרדנה שוקולד 20,,,וופל גרדנה שוקולד 20,גרמים,200.00,100 גרם,false,,13.90,6.9500,true,1,12871
8000380180721,false,וופל לואקר קלאסיק שו,,,וופל לואקר קלאסיק שו,גרמים,175.00,100 גרם,false,,10.50,6.0000,true,1,12894
8000380180745,false,וופל קואדרטיני לואקר,,,וופל קואדרטיני לואקר,גרמים,250.00,100 גרם,false,,13.90,5.5600,true,1,12895
8000380187249,false,עוגיות לואקר שקדים 1,,,עוגיות לואקר שקדים 1,גרמים,100.00,100 גרם,false,,13.90,13.9000,true,1,88882
8000380187300,false,עוגיות לואקר פתיתי ש,,,עוגיות לואקר פתיתי ש,גרמים,120.00,100 גרם,false,,13.90,11.5833,true,1,88883
8000380192243,false,וופל לואקר מקסי אגוז,,,וופל לואקר מקסי אגוז,גרמים,200.00,100 גרם,false,,12.90,6.4500,true,1,12904
8000392900010,false,מגב אייפל מסיליקון+מ,,,מגב אייפל מסיליקון+מ,יחידה,0.00,יחידה,false,,57.00,0.0000,true,1,13598
8000500009673,false,רושר בונבוניירה 300,,,רושר בונבוניירה 300,גרמים,300.00,100 גרם,false,,45.90,15.3000,true,1,41482
8000500023976,false,בונבוניירת רפאלו 150,,,בונבוניירת רפאלו 150,גרמים,150.00,100 גרם,false,,14.90,9.9333,true,1,41487
8000500029350,false,קינדר בואנו 3*43 גרם,,,קינדר בואנו 3*43 גרם,גרמים,129.00,100 גרם,false,,9.90,7.6744,true,1,41489
8000500032237,false,רושר 375 גרם,,,רושר 375 גרם,גרמים,375.00,100 גרם,false,,43.90,11.7067,true,1,41490
8000500037874,false,בונבוניירת רושר 200ג,,,בונבוניירת רושר 200ג,גרמים,200.00,100 גרם,false,,24.90,12.4500,true,1,41492
8000500121436,false,קינדר בואנו לבן 3*43,,,קינדר בואנו לבן 3*43,גרמים,117.00,100 גרם,false,,9.90,8.4615,true,1,41498
8000500126325,false,קינדר גוי 1/3 ורוד 3,,,קינדר גוי 1/3 ורוד 3,גרמים,60.00,100 גרם,false,,14.90,24.8333,true,1,41499
8000500227848,false,'וופל מלוח במילוי ממ,,,'וופל מלוח במילוי ממ,גרמים,132.00,100 גרם,false,,11.90,9.0152,true,1,41513
8000500247167,false,פררו קולקשיין 249.5,,,פררו קולקשיין 249.5,גרמים,249.50,100 גרם,false,,45.90,18.3968,true,1,41517
8000500249352,false,קינדר בואנו מיני מיק,,,קינדר בואנו מיני מיק,יחידה,0.00,יחידה,false,,18.90,0.0000,true,1,41521
8000500256213,false,פרר-קינדר שוקולד מינ,,,פרר-קינדר שוקולד מינ,גרמים,120.00,100 גרם,false,,9.90,8.2500,true,1,41523
8000500267103,false,פררו-קינדר דליס עשיר,,,פררו-קינדר דליס עשיר,יחידה,0.00,יחידה,false,,19.90,0.0000,true,1,41527
8000798000307,false,מברשת מגהץ איכותית (,,,מברשת מגהץ איכותית (,יחידה,0.00,יחידה,false,,5.90,0.0000,true,1,13601
8000798000925,false,מטאטא יהלום,,,מטאטא יהלום,יחידה,0.00,יחידה,false,,12.90,0.0000,true,1,13606
8001003100164,false,יוגטה סוכריות ג'לי פ,,,יוגטה סוכריות ג'לי פ,גרמים,450.00,100 גרם,false,,9.90,2.2000,true,1,42119
8001003202028,false,סוכריות ג'לי בטעם מנ,,,סוכריות ג'לי בטעם מנ,גרמים,80.00,100 גרם,false,,4.90,6.1250,true,1,230150
8001003202035,false,סוכריות ג'לי בטעם פי,,,סוכריות ג'לי בטעם פי,גרמים,80.00,100 גרם,false,,4.90,6.1250,true,1,230151
8001090222725,false,שמפו שמן מורינגה הרב,,,שמפו שמן מורינגה הרב,מיליליטרים,400.00,"100 מ""ל",false,,14.90,3.7250,true,1,27416
8001090222756,false,מרכך שמן מורינגה הרב,,,מרכך שמן מורינגה הרב,מיליליטרים,400.00,"100 מ""ל",false,,14.90,3.7250,true,1,27417
8001090364104,false,אורל בי משחה G&E - ר,,,אורל בי משחה G&E - ר,מיליליטרים,75.00,"100 מ""ל",false,,15.90,21.2000,true,1,140141
8001090364203,false,אורל בי משחה G&E - ל,,,אורל בי משחה G&E - ל,מיליליטרים,75.00,"100 מ""ל",false,,15.90,21.2000,true,1,140153
8001090375285,false,פנטן מרכך מרוכז 200,,,פנטן מרכך מרוכז 200,מיליליטרים,200.00,"100 מ""ל",false,,21.90,10.9500,true,1,27430
8001090379337,false,חיתולי פמפרס פרימיום,,,חיתולי פמפרס פרימיום,יחידה,0.00,יחידה,false,,31.90,0.0000,true,1,27435
8001090379368,false,חיתולי פמפרס פרימיום,,,חיתולי פמפרס פרימיום,יחידה,0.00,יחידה,false,,31.90,0.0000,true,1,27436
8001090379399,false,חיתולי פמפרס פרימיום,,,חיתולי פמפרס פרימיום,יחידה,0.00,יחידה,false,,31.90,0.0000,true,1,27437
8001090458322,false,פיירי ורדים ומשי 101,,,פיירי ורדים ומשי 101,ליטרים,1.01,ליטר,false,,13.90,13.7624,true,1,27438
8001090493637,false,שמפו אולטרא טוטאל קר,,,שמפו אולטרא טוטאל קר,מיליליטרים,450.00,"100 מ""ל",false,,18.90,4.2000,true,1,27448
8001090745903,false,אבקת כביסה טייד אלפי,,,אבקת כביסה טייד אלפי,קילוגרמים,4.00,"ק""ג",false,,29.90,7.4750,true,1,66148
8001090748607,false,לנור מרכך מרוכז מיסת,,,לנור מרכך מרוכז מיסת,ליטרים,1.00,ליטר,false,,22.90,22.9000,true,1,27469
8001090748638,false,לנור מרכך מרוכז קיס,,,לנור מרכך מרוכז קיס,ליטרים,1.00,ליטר,false,,22.90,22.9000,true,1,27470
8001090832450,false,שמפו הנוסחה הקלאסית,,,שמפו הנוסחה הקלאסית,מיליליטרים,660.00,"100 מ""ל",false,,21.90,3.3182,true,1,62815
8001090832535,false,שמפו שמן מרוקאי משקם,,,שמפו שמן מרוקאי משקם,מיליליטרים,660.00,"100 מ""ל",false,,21.90,3.3182,true,1,62816
8001090832573,false,שמפו לחות מוגברת פנט,,,שמפו לחות מוגברת פנט,מיליליטרים,660.00,"100 מ""ל",false,,21.90,3.3182,true,1,62817
8001090832818,false,מרכך נוסחה קלאסית פנ,,,מרכך נוסחה קלאסית פנ,מיליליטרים,660.00,"100 מ""ל",false,,21.90,3.3182,true,1,62818
8001090832856,false,מרכך שמן מרוקאי משקם,,,מרכך שמן מרוקאי משקם,מיליליטרים,660.00,"100 מ""ל",false,,21.90,3.3182,true,1,62819
8001090832894,false,מרכך לחות מוגברת פנט,,,מרכך לחות מוגברת פנט,מיליליטרים,660.00,"100 מ""ל",false,,21.90,3.3182,true,1,62820
8001090899224,false,תחבושות פלטינום לונג,,,תחבושות פלטינום לונג,יחידה,0.00,יחידה,false,,18.50,0.0000,true,1,27501
8001090899255,false,תחבושות פלטינום לילה,,,תחבושות פלטינום לילה,יחידה,0.00,יחידה,false,,18.50,0.0000,true,1,27502
8001090899286,false,תחבושות פלטינום לילה,,,תחבושות פלטינום לילה,יחידה,0.00,יחידה,false,,18.50,0.0000,true,1,27503
8001620011935,false,סאן בנדטו מוגז 6*500,,,סאן בנדטו מוגז 6*500,ליטרים,3.00,ליטר,false,,11.90,3.9667,true,1,9562
8001620015629,false,משקה פירות פרוטה בטע,,,משקה פירות פרוטה בטע,מיליליטרים,400.00,"100 מ""ל",false,,7.50,1.8750,true,1,173062
8001620015636,false,סן בנדטו בטעם מיקס פ,,,סן בנדטו בטעם מיקס פ,מיליליטרים,400.00,"100 מ""ל",false,,7.50,1.8750,true,1,113099
8001620017456,false,סאן בנדטו פקק ספורט,,,סאן בנדטו פקק ספורט,ליטרים,3.00,ליטר,false,,13.90,4.6333,true,1,9564
8001620018408,false,סן בנדטו מנגו תפוח פ,,,סן בנדטו מנגו תפוח פ,מיליליטרים,400.00,"100 מ""ל",false,,7.50,1.8750,true,1,186223
8001620019160,false,סאן בנדטו משקה בטעם,,,סאן בנדטו משקה בטעם,מיליליטרים,400.00,"100 מ""ל",false,,5.90,1.4750,true,1,231067
8001620019177,false,סאן בנדטו משקה בטעם,,,סאן בנדטו משקה בטעם,מיליליטרים,400.00,"100 מ""ל",false,,5.90,1.4750,true,1,231056
8001841006710,false,לנור כדוריות הבושם ב,,,לנור כדוריות הבושם ב,גרמים,210.00,100 גרם,false,,27.90,13.2857,true,1,86401
8001841053806,false,תחבושות עבה לילה אול,,,תחבושות עבה לילה אול,יחידה,0.00,יחידה,false,,12.90,0.0000,true,1,27519
8001841096889,false,פיירי קלאסיק לימון 9,,,פיירי קלאסיק לימון 9,מיליליטרים,900.00,"100 מ""ל",false,,6.90,0.7667,true,1,27520
8001841105093,false,חיתולי פמפרס פרימיום,,,חיתולי פמפרס פרימיום,יחידה,0.00,יחידה,false,,31.90,0.0000,true,1,27523
8001841137179,false,מרכך הנוסחה הקלאסית,,,מרכך הנוסחה הקלאסית,מיליליטרים,275.00,"100 מ""ל",false,,16.90,6.1455,true,1,27524
8001841137216,false,מרכך למגע רך כמשי הד,,,מרכך למגע רך כמשי הד,מיליליטרים,275.00,"100 מ""ל",false,,16.90,6.1455,true,1,27525
8001841625188,false,פיירי נוזל כלים פלטי,,,פיירי נוזל כלים פלטי,מיליליטרים,515.00,"100 מ""ל",false,,9.90,1.9223,true,1,65895
8001841625287,false,פיירי נוזל כלים פלטי,,,פיירי נוזל כלים פלטי,ליטרים,1.01,ליטר,false,,13.90,13.7624,true,1,65905
8001841625362,false,פיירי נוזל כלים פלטי,,,פיירי נוזל כלים פלטי,מיליליטרים,780.00,"100 מ""ל",false,,12.90,1.6538,true,1,221305
8001841625508,false,פיירי נוזל כלים פלטי,,,פיירי נוזל כלים פלטי,ליטרים,1.01,ליטר,false,,13.90,13.7624,true,1,65906
8001841667782,false,שמפו הד ושולדרס 2 פע,,,שמפו הד ושולדרס 2 פע,מיליליטרים,400.00,"100 מ""ל",false,,14.90,3.7250,true,1,111746
8001841715957,false,ג'ל רחצה ושמפו ניקוי,,,ג'ל רחצה ושמפו ניקוי,מיליליטרים,360.00,"100 מ""ל",false,,16.90,4.6944,true,1,161939
8001841716596,false,ג'ל רחצה ושמפו מרענן,,,ג'ל רחצה ושמפו מרענן,מיליליטרים,360.00,"100 מ""ל",false,,16.90,4.6944,true,1,161942
8001841941929,false,אולוויז וליו פק לילה,,,אולוויז וליו פק לילה,יחידה,0.00,יחידה,false,,18.90,0.0000,true,1,200765
8001841943961,false,לנור כדוריות הבושם ב,,,לנור כדוריות הבושם ב,גרמים,210.00,100 גרם,false,,27.90,13.2857,true,1,86403
8002066001405,false,איטריות ביצים פאפארד,,,איטריות ביצים פאפארד,גרמים,250.00,100 גרם,false,,19.90,7.9600,true,1,40158
8002267015263,false,צ'וקטה מארז 3 יח' בי,,,צ'וקטה מארז 3 יח' בי,יח',60.00,יח',false,,11.90,0.1983,true,1,237149
8002450201008,false,ורדי ספרקלטיני כשר 7,,,ורדי ספרקלטיני כשר 7,מיליליטרים,750.00,"100 מ""ל",false,,24.90,3.3200,true,1,7385
8002450202005,false,ורדי ספרקלטיני אסאי,,,ורדי ספרקלטיני אסאי,מיליליטרים,750.00,"100 מ""ל",false,,24.90,3.3200,true,1,7386
8002450204009,false,ורדי אפרסק 750 מל,,,ורדי אפרסק 750 מל,מיליליטרים,750.00,"100 מ""ל",false,,24.90,3.3200,true,1,7387
8003477500044,false,"פרימלוצ'י ספגטי מ""ס",,,"פרימלוצ'י ספגטי מ""ס",גרמים,500.00,100 גרם,false,,5.90,1.1800,true,1,259868
8003477500327,false,פרימלוצ'י קורנטי 500,,,פרימלוצ'י קורנטי 500,גרמים,500.00,100 גרם,false,,5.90,1.1800,true,1,259870
8003477500556,false,פרימלוצ'י פוסילי 500,,,פרימלוצ'י פוסילי 500,גרמים,500.00,100 גרם,false,,5.90,1.1800,true,1,260122
8003753158617,false,אילי קפסולות אספרסו,,,אילי קפסולות אספרסו,גרמים,57.00,100 גרם,false,,24.90,43.6842,true,1,200055
8004030177000,false,טונה בשמן זית עם צ'י,,,טונה בשמן זית עם צ'י,גרמים,240.00,100 גרם,false,,27.90,11.6250,true,1,21898
8004030344938,false,טונה בשמן זית ריו מר,,,טונה בשמן זית ריו מר,גרמים,240.00,100 גרם,false,,27.90,11.6250,true,1,21901
8004030381681,false,טונה בשמן זית ריו מר,,,טונה בשמן זית ריו מר,גרמים,320.00,100 גרם,false,,32.90,10.2812,true,1,21904
8004030860001,false,קוסקוס וטונה ריו מרה,,,קוסקוס וטונה ריו מרה,גרמים,160.00,100 גרם,false,,16.90,10.5625,true,1,21906
8004123004893,false,שמן מתובל בטעם פטריו,,,שמן מתובל בטעם פטריו,מיליליטרים,250.00,"100 מ""ל",false,,29.90,11.9600,true,1,222915
8004800000064,false,גלילי ופל במילוי קרם,,,גלילי ופל במילוי קרם,גרמים,100.00,100 גרם,false,,10.90,10.9000,true,1,261282
8004800000071,false,לאגו פלאסיר- גלילי ו,,,לאגו פלאסיר- גלילי ו,גרמים,100.00,100 גרם,false,,10.90,10.9000,true,1,262900
8004800004802,false,לאגו פלאסיר- גלילי ו,,,לאגו פלאסיר- גלילי ו,גרמים,100.00,100 גרם,false,,10.90,10.9000,true,1,262901
8004800004819,false,לאגו פלאסיר- וופלים,,,לאגו פלאסיר- וופלים,גרמים,110.00,100 גרם,false,,10.90,9.9091,true,1,262902
8004800005502,false,לאגו מיני רול- גלילי,,,לאגו מיני רול- גלילי,גרמים,125.00,100 גרם,false,,9.90,7.9200,true,1,262876
8004800005519,false,לאגו מיני רול- גלילי,,,לאגו מיני רול- גלילי,גרמים,125.00,100 גרם,false,,9.90,7.9200,true,1,262877
8005110001413,false,מארז זוג רסק עגבניות,,,מארז זוג רסק עגבניות,גרמים,280.00,100 גרם,false,,7.90,2.8214,true,1,51760
8005110002243,false,תרכיז MUTTI עגבניות,,,תרכיז MUTTI עגבניות,גרמים,185.00,100 גרם,false,,6.90,3.7297,true,1,83926
8005110170300,false,עגבניות MUTTI מרוסקו,,,עגבניות MUTTI מרוסקו,קילוגרמים,1.20,"ק""ג",false,,16.90,14.0833,true,1,51762
8005200286584,false,נסטי מנגו אננס 1.5 ל,,,נסטי מנגו אננס 1.5 ל,ליטרים,1.50,ליטר,false,,8.90,5.9333,true,1,167467
8005200316588,false,נסטי דיאט אפרסק 1.5,,,נסטי דיאט אפרסק 1.5,ליטרים,1.50,ליטר,false,,8.50,5.6667,true,1,167478
8005803010357,false,גריסיני בטעם קלאסי 1,,,גריסיני בטעם קלאסי 1,גרמים,125.00,100 גרם,false,,8.50,6.8000,true,1,12911
8005803010371,false,גריסיני עם רוזמרין 1,,,גריסיני עם רוזמרין 1,גרמים,125.00,100 גרם,false,,8.50,6.8000,true,1,12912
8005803010661,false,גריסיני עם שומשום 12,,,גריסיני עם שומשום 12,גרמים,125.00,100 גרם,false,,8.50,6.8000,true,1,12914
8006227001372,false,לחם מחמצת לבן עם שמן,,,לחם מחמצת לבן עם שמן,גרמים,400.00,100 גרם,false,,18.90,4.7250,true,1,237727
8006540091937,false,לנור כדוריות הבושם ב,,,לנור כדוריות הבושם ב,גרמים,210.00,100 גרם,false,,27.90,13.2857,true,1,162075
8006540429327,false,"פיירי לימון 440 מ""ל",,,"פיירי לימון 440 מ""ל",מיליליטרים,440.00,"100 מ""ל",false,,10.90,2.4773,true,1,183623
8006540491539,false,פיירי נוזל כלים פלטי,,,פיירי נוזל כלים פלטי,מיליליטרים,780.00,"100 מ""ל",false,,12.90,1.6538,true,1,221260
8008245004861,true,ממרח אגוזי לוז עם חל,,,ממרח אגוזי לוז עם חל,גרמים,300.00,100 גרם,false,,14.90,4.9667,true,1,101509
8008620009276,false,קרקר מלוח 500 גרם קר,,,קרקר מלוח 500 גרם קר,גרמים,500.00,100 גרם,false,,19.90,3.9800,true,1,39596
8008620009290,false,קרקר חיטה מלאה 500 ג,,,קרקר חיטה מלאה 500 ג,גרמים,500.00,100 גרם,false,,19.90,3.9800,true,1,39597
8008620009313,false,קרקר מלוח 250 גרם קר,,,קרקר מלוח 250 גרם קר,גרמים,250.00,100 גרם,false,,8.90,3.5600,true,1,237869
8008620009337,false,קרקר חיטה מלאה 250 ג,,,קרקר חיטה מלאה 250 ג,גרמים,250.00,100 גרם,false,,8.90,3.5600,true,1,237870
8008660210038,false,מעדן תות שדה 300 גר`,,,מעדן תות שדה 300 גר`,גרמים,300.00,100 גרם,false,,16.90,5.6333,true,1,24865
8008857310343,false,"פסטה רג'ייה 1 ק""ג",,,"פסטה רג'ייה 1 ק""ג",קילוגרמים,1.00,"ק""ג",false,,10.00,10.0000,true,1,227162
8008857601052,false,דפי לזניה לה פסטה 50,,,דפי לזניה לה פסטה 50,גרמים,500.00,100 גרם,false,,10.90,2.1800,true,1,25232
8008912010034,false,פסטה ספגטי מספר 3 -,,,פסטה ספגטי מספר 3 -,גרמים,500.00,100 גרם,false,,7.90,1.5800,true,1,230072
8008912010072,false,פסטה לינגוויני מספר,,,פסטה לינגוויני מספר,גרמים,500.00,100 גרם,false,,7.90,1.5800,true,1,230073
8008912010300,false,פסטה פרפלה מספר 30 -,,,פסטה פרפלה מספר 30 -,גרמים,500.00,100 גרם,false,,7.90,1.5800,true,1,230075
8008912010317,false,פסטה פוזלי מספר 31 -,,,פסטה פוזלי מספר 31 -,גרמים,500.00,100 גרם,false,,7.90,1.5800,true,1,230076
8008912010423,false,פסטה פנה ריגטה מספר,,,פסטה פנה ריגטה מספר,גרמים,500.00,100 גרם,false,,7.90,1.5800,true,1,230077
8008940225004,false,גרנולה עוגיות קקאו א,,,גרנולה עוגיות קקאו א,גרמים,350.00,100 גרם,false,,15.90,4.5429,true,1,91172
8008940228005,false,גרנולה עוגיות כוסמין,,,גרנולה עוגיות כוסמין,גרמים,300.00,100 גרם,false,,15.90,5.3000,true,1,91173
8015997000638,false,אצבעות מאפה מסוכרות,,,אצבעות מאפה מסוכרות,גרמים,200.00,100 גרם,false,,7.90,3.9500,true,1,237881
8015997000911,false,בישקוטים פריכים 200,,,בישקוטים פריכים 200,גרמים,200.00,100 גרם,false,,6.90,3.4500,true,1,237882
8023788030610,false,שוקולד חלב  300 גרם,,,שוקולד חלב  300 גרם,גרמים,300.00,100 גרם,false,,17.90,5.9667,true,1,244560
8023788030627,false,שוקולד מריר מעולה  3,,,שוקולד מריר מעולה  3,גרמים,300.00,100 גרם,false,,17.90,5.9667,true,1,244561
8023788030634,false,שוקולד חלב עם שברי א,,,שוקולד חלב עם שברי א,גרמים,300.00,100 גרם,false,,18.90,6.3000,true,1,244562
8023788030658,false,עוגיות מלוחות בטעם ט,,,עוגיות מלוחות בטעם ט,גרמים,400.00,100 גרם,false,,12.90,3.2250,true,1,267945
8023788030665,false,עוגיות מלוחות בטעם ב,,,עוגיות מלוחות בטעם ב,גרמים,400.00,100 גרם,false,,12.90,3.2250,true,1,267946
8023788030672,false,עוגיות מלוחות בתוספת,,,עוגיות מלוחות בתוספת,גרמים,400.00,100 גרם,false,,12.90,3.2250,true,1,267947
8023788030689,false,עוגיות מלוחות בטעם ע,,,עוגיות מלוחות בטעם ע,גרמים,400.00,100 גרם,false,,12.90,3.2250,true,1,268290
8024985003988,false,נטורה נובה - סמוזי ת,,,נטורה נובה - סמוזי ת,גרמים,100.00,100 גרם,false,,4.90,4.9000,true,1,91486
8032804430471,false,פליסיה - סדניני עדשי,,,פליסיה - סדניני עדשי,גרמים,250.00,100 גרם,false,,12.90,5.1600,true,1,91470
8076800105056,false,פסטה ספגטי בקופסה בר,,,פסטה ספגטי בקופסה בר,קילוגרמים,1.00,"ק""ג",false,,12.90,12.9000,true,1,243804
8076800105735,false,פנה ריגטה בקופסה ברי,,,פנה ריגטה בקופסה ברי,קילוגרמים,1.00,"ק""ג",false,,12.90,12.9000,true,1,243816
8076800195019,false,ספגטי קפליני מס' 1 ב,,,ספגטי קפליני מס' 1 ב,גרמים,500.00,100 גרם,false,,6.90,1.3800,true,1,21909
8076800195033,false,ספגטי מס' 3 ברילה 50,,,ספגטי מס' 3 ברילה 50,גרמים,500.00,100 גרם,false,,6.90,1.3800,true,1,21910
8076800195057,false,ספגטיני מס' 5 ברילה,,,ספגטיני מס' 5 ברילה,גרמים,500.00,100 גרם,false,,6.90,1.3800,true,1,21911
8076800315097,false,ספגטי בוקטיני מס' 9,,,ספגטי בוקטיני מס' 9,גרמים,500.00,100 גרם,false,,6.90,1.3800,true,1,21913
8076802085738,false,פנה רגטה מס' 73 בריל,,,פנה רגטה מס' 73 בריל,גרמים,500.00,100 גרם,false,,6.90,1.3800,true,1,21916
8076802085981,false,פסטה פוזילי 98 ברילה,,,פסטה פוזילי 98 ברילה,גרמים,500.00,100 גרם,false,,6.90,1.3800,true,1,21919
8076809501415,false,ברילה פסטה פנה טריקו,,,ברילה פסטה פנה טריקו,גרמים,500.00,100 גרם,false,,14.90,2.9800,true,1,21924
8076809512268,false,פסטה גירנדולה מס' 34,,,פסטה גירנדולה מס' 34,גרמים,500.00,100 גרם,false,,6.90,1.3800,true,1,21925
8076809513388,false,ברילה רוטב ארביאטה 4,,,ברילה רוטב ארביאטה 4,גרמים,400.00,100 גרם,false,,14.90,3.7250,true,1,21926
8076809523707,false,פסטה קסטלנה ברילה 50,,,פסטה קסטלנה ברילה 50,גרמים,500.00,100 גרם,false,,13.90,2.7800,true,1,21938
8076809523738,false,לזניה ברילה 500 גרם,,,לזניה ברילה 500 גרם,גרמים,500.00,100 גרם,false,,23.90,4.7800,true,1,21940
8410076610379,false,פרוטאין בוטנים ושבבי,,,פרוטאין בוטנים ושבבי,גרמים,160.00,100 גרם,false,,22.90,14.3125,true,1,12931
8410076610386,false,נייטשר ואלי פרוטאין,,,נייטשר ואלי פרוטאין,גרמים,160.00,100 גרם,false,,22.90,14.3125,true,1,12932
8410076610508,false,חטיף צ'ואי שוקולד מר,,,חטיף צ'ואי שוקולד מר,גרמים,150.00,100 גרם,false,,16.90,11.2667,true,1,12934
8410076621009,false,חטיף פייבר 1 בטעם קר,,,חטיף פייבר 1 בטעם קר,גרמים,120.00,100 גרם,false,,14.90,12.4167,true,1,94870
8410076621047,false,חטיף פייבר 1 בטעם שו,,,חטיף פייבר 1 בטעם שו,גרמים,120.00,100 גרם,false,,14.90,12.4167,true,1,94871
8410104039134,false,פיניש מנקה ומחדש מדי,,,פיניש מנקה ומחדש מדי,מיליליטרים,250.00,"100 מ""ל",false,,14.90,5.9600,true,1,21108
8410104045111,false,"פיניש מלח למדיח 2 ק""",,,"פיניש מלח למדיח 2 ק""",קילוגרמים,2.00,"ק""ג",false,,14.90,7.4500,true,1,21110
8410104437268,false,פיניש מפיג ריחות ציט,,,פיניש מפיג ריחות ציט,יחידה,0.00,יחידה,false,,14.90,0.0000,true,1,21116
8410128768324,false,ויוה סוי שקדים קרטונ,,,ויוה סוי שקדים קרטונ,ליטרים,1.00,ליטר,false,,11.90,11.9000,true,1,56027
8410342004796,false,שוקולד מריר 85%  ללא,,,שוקולד מריר 85%  ללא,גרמים,100.00,100 גרם,false,,14.90,14.9000,true,1,237781
8410655000423,false,סאן מיגל בקבוק 4*330,,,סאן מיגל בקבוק 4*330,ליטרים,1.32,ליטר,false,,21.90,16.5909,true,1,651
8412497531103,false,סט 3 חלקים-צלחת+קערה,,,סט 3 חלקים-צלחת+קערה,יחידה,0.00,יחידה,false,,19.90,0.0000,true,1,33591
8420822130624,false,ספריי סופר מסיר כתמי,,,ספריי סופר מסיר כתמי,מיליליטרים,750.00,"100 מ""ל",false,,18.90,2.5200,true,1,183602
8423207208871,false,פריכיות תירס בטעם טב,,,פריכיות תירס בטעם טב,גרמים,130.00,100 גרם,false,,8.90,6.8462,true,1,3705
8423207208888,false,פריכיות תירס בטעם עג,,,פריכיות תירס בטעם עג,גרמים,123.00,100 גרם,false,,8.90,7.2358,true,1,3706
8423207208895,false,פריכיות תירס זיתים ו,,,פריכיות תירס זיתים ו,גרמים,123.00,100 גרם,false,,8.90,7.2358,true,1,3707
8423207209748,false,סלים דליס חטיף דגנים,,,סלים דליס חטיף דגנים,גרמים,120.00,100 גרם,false,,10.90,9.0833,true,1,21972
8423453905692,false,בירה ווילדר לאגר פחי,,,בירה ווילדר לאגר פחי,מיליליטרים,500.00,"100 מ""ל",false,,6.90,1.3800,true,1,143
8424842050016,false,חטיף צ'יפס בטעם כמהי,,,חטיף צ'יפס בטעם כמהי,גרמים,130.00,100 גרם,false,,12.90,9.9231,true,1,192320
8424842050085,false,חטיף צ'יפס דבש וחרדל,,,חטיף צ'יפס דבש וחרדל,גרמים,125.00,100 גרם,false,,12.90,10.3200,true,1,192322
8424842201340,false,חטיף צ'יפס רביו 130,,,חטיף צ'יפס רביו 130,גרמים,130.00,100 גרם,false,,12.90,9.9231,true,1,192323
8427030007298,false,סימילאק גולד קומפורט,,,סימילאק גולד קומפורט,גרמים,820.00,100 גרם,false,,101.90,12.4268,true,1,196019
8435495805199,false,אבקת כביסה תינוקלין,,,אבקת כביסה תינוקלין,קילוגרמים,3.00,"ק""ג",false,,40.90,13.6333,true,1,42135
8435495807605,false,תינוקלין מרכך כביסה,,,תינוקלין מרכך כביסה,ליטרים,1.00,ליטר,false,,17.90,17.9000,true,1,42138
8435495807636,false,תינוקלין ג'ל כביסה 2,,,תינוקלין ג'ל כביסה 2,ליטרים,2.00,ליטר,false,,35.90,17.9500,true,1,42139
8435495819363,false,תינוקלין מרכך כביסה,,,תינוקלין מרכך כביסה,ליטרים,1.00,ליטר,false,,17.90,17.9000,true,1,151553
8485818700014,false,משקפיים,,,משקפיים,יחידה,0.00,יחידה,false,,19.90,0.0000,true,1,31560
8681469497291,false,תבנית ל -15 ביצים,,,תבנית ל -15 ביצים,יחידה,0.00,יחידה,false,,16.00,0.0000,true,1,105591
8681863065294,false,מלח ים בטעם מעושן 35,,,מלח ים בטעם מעושן 35,גרמים,350.00,100 גרם,false,,24.90,7.1143,true,1,233305
8681863065485,false,מלח מתובל פיקנטי 110,,,מלח מתובל פיקנטי 110,גרמים,110.00,100 גרם,false,,14.90,13.5455,true,1,233249
8681982060224,false,סט 3 משפכים ענק,,,סט 3 משפכים ענק,יחידה,0.00,יחידה,false,,11.90,0.0000,true,1,101887
8682655100292,false,קערה פלסטיק 2 גוונים,,,קערה פלסטיק 2 גוונים,יחידה,0.00,יחידה,false,,16.90,0.0000,true,1,105595
8682655100650,false,קופסא פלסטיק לדגנים,,,קופסא פלסטיק לדגנים,ליטרים,0.00,ליטר,false,,26.90,0.0000,true,1,152577
8682655100674,false,קופסא פלסטיק לדגנים,,,קופסא פלסטיק לדגנים,ליטרים,0.00,ליטר,false,,28.90,0.0000,true,1,152589
8683130025574,false,בדין אקסטרא לבנדר-96,,,בדין אקסטרא לבנדר-96,מיליליטרים,960.00,"100 מ""ל",false,,15.90,1.6563,true,1,220578
8683130025581,false,בדין אקסטרא ענבר-960,,,בדין אקסטרא ענבר-960,מיליליטרים,960.00,"100 מ""ל",false,,15.90,1.6563,true,1,220567
8683323063024,false,יוגטה חיספוסים שטיחי,,,יוגטה חיספוסים שטיחי,גרמים,220.00,100 גרם,false,,6.90,3.1364,true,1,42146
8686868600037,false,המותג אביזרי שיער,,,המותג אביזרי שיער,יחידה,0.00,יחידה,false,,5.90,0.0000,true,1,67987
8686868600075,false,המותג אביזרי שיער,,,המותג אביזרי שיער,יחידה,0.00,יחידה,false,,9.90,0.0000,true,1,31060
8686868600129,false,המותג אביזרי שיער,,,המותג אביזרי שיער,יחידה,0.00,יחידה,false,,14.90,0.0000,true,1,31064
8686868600150,false,המותג אביזרי שיער,,,המותג אביזרי שיער,יחידה,0.00,יחידה,false,,17.90,0.0000,true,1,31065
8686868600174,false,המותג אביזרי שיער,,,המותג אביזרי שיער,יחידה,0.00,יחידה,false,,19.90,0.0000,true,1,67989
8686868600204,false,המותג אביזרי שיער,,,המותג אביזרי שיער,יחידה,0.00,יחידה,false,,9.90,0.0000,true,1,31069
8686868600235,false,המותג אביזרי שיער,,,המותג אביזרי שיער,יחידה,0.00,יחידה,false,,12.90,0.0000,true,1,31070
8690120060170,false,וופלים אגוזים רויאל,,,וופלים אגוזים רויאל,גרמים,35.00,100 גרם,false,,1.90,5.4286,true,1,153014
8690120160177,false,מארז וופלים רויאל קנ,,,מארז וופלים רויאל קנ,גרמים,840.00,100 גרם,false,,28.90,3.4405,true,1,147031
8690504081913,false,טינס מצופה שוקולד חל,,,טינס מצופה שוקולד חל,גרמים,150.00,100 גרם,false,,9.90,6.6000,true,1,24875
8690504081937,false,טינס מצופה שוקולד חל,,,טינס מצופה שוקולד חל,גרמים,150.00,100 גרם,false,,9.90,6.6000,true,1,24877
8690504153740,false,טבלת שוקולד מריר עם,,,טבלת שוקולד מריר עם,גרמים,86.00,100 גרם,false,,13.90,16.1628,true,1,24879
8690526019178,false,וופל קקאו במילוי קרם,,,וופל קקאו במילוי קרם,יחידה,0.00,יחידה,false,,7.90,0.0000,true,1,64810
8690637505607,false,מרכך כביסה אקסטרה כח,,,מרכך כביסה אקסטרה כח,מיליליטרים,960.00,"100 מ""ל",false,,15.90,1.6563,true,1,142329
8690637505614,false,מרכך כביסה מרוכז בדי,,,מרכך כביסה מרוכז בדי,מיליליטרים,960.00,"100 מ""ל",false,,15.90,1.6563,true,1,142340
8690637704277,false,שמפו יום יומי 2ב1 דא,,,שמפו יום יומי 2ב1 דא,מיליליטרים,600.00,"100 מ""ל",false,,16.90,2.8167,true,1,10941
8690637858734,false,סיף ג'ל אקונומיקה לי,,,סיף ג'ל אקונומיקה לי,מיליליטרים,750.00,"100 מ""ל",false,,12.90,1.7200,true,1,10959
8690637858758,false,סיף ג'ל אקונומיקה או,,,סיף ג'ל אקונומיקה או,מיליליטרים,750.00,"100 מ""ל",false,,12.90,1.7200,true,1,10961
8690637866753,false,בדין אקסטרא לבנדר 96,,,בדין אקסטרא לבנדר 96,מיליליטרים,960.00,"100 מ""ל",false,,15.90,1.6563,true,1,10966
8690637946301,false,בדין אקסטרה בייבי  כ,,,בדין אקסטרה בייבי  כ,מיליליטרים,960.00,"100 מ""ל",false,,15.90,1.6563,true,1,53876
8690637946318,false,בדין אקסטרא בייבי  צ,,,בדין אקסטרא בייבי  צ,מיליליטרים,960.00,"100 מ""ל",false,,15.90,1.6563,true,1,53877
8690637971310,false,בדין אקסטרא פריחת הת,,,בדין אקסטרא פריחת הת,מיליליטרים,960.00,"100 מ""ל",false,,15.90,1.6563,true,1,93225
8690637994029,false,בדין אקסטרא מכך כביס,,,בדין אקסטרא מכך כביס,ליטרים,1.44,ליטר,false,,19.90,13.8194,true,1,104299
8690637994036,false,בדין אקסטרא מרכך כבי,,,בדין אקסטרא מרכך כבי,ליטרים,1.44,ליטר,false,,19.90,13.8194,true,1,104300
8690766156367,false,גודייבה שוקולד חלב מ,,,גודייבה שוקולד חלב מ,גרמים,90.00,100 גרם,false,,14.90,16.5556,true,1,76089
8690766156374,false,גודייבה שוקולד מריר,,,גודייבה שוקולד מריר,גרמים,90.00,100 גרם,false,,14.90,16.5556,true,1,68456
8690766156381,false,גודייבה ש.מריר מעולה,,,גודייבה ש.מריר מעולה,גרמים,90.00,100 גרם,false,,14.90,16.5556,true,1,65140
8690766156404,false,גודייבה שוקולד מריר,,,גודייבה שוקולד מריר,גרמים,90.00,100 גרם,false,,14.90,16.5556,true,1,76078
8690777206051,false,חציל קלוי על האש סרה,,,חציל קלוי על האש סרה,גרמים,650.00,100 גרם,false,,10.90,1.6769,true,1,3299
8690777221405,false,פלפל אדום קלוי על הא,,,פלפל אדום קלוי על הא,גרמים,650.00,100 גרם,false,,10.90,1.6769,true,1,3301
8690784516440,false,דאק ג'ל נוזל לניקוי,,,דאק ג'ל נוזל לניקוי,מיליליטרים,750.00,"100 מ""ל",false,,9.90,1.3200,true,1,6113
8690946270074,false,פסטה ספגטי 500 גרם B,,,פסטה ספגטי 500 גרם B,גרמים,500.00,100 גרם,false,,3.90,0.7800,true,1,268984
8690946270111,false,פסטה פוזלי 500 גרם B,,,פסטה פוזלי 500 גרם B,גרמים,500.00,100 גרם,false,,3.90,0.7800,true,1,268985
8690946270241,false,פסטה קונכיות גדולות,,,פסטה קונכיות גדולות,גרמים,500.00,100 גרם,false,,3.90,0.7800,true,1,268986
8690946272207,false,פסטה פנה 500 גרם BAH,,,פסטה פנה 500 גרם BAH,גרמים,500.00,100 גרם,false,,3.90,0.7800,true,1,268987
8690946272320,false,פסטה מקרוני 500 גרם,,,פסטה מקרוני 500 גרם,גרמים,500.00,100 גרם,false,,3.90,0.7800,true,1,268988
8691058141238,false,AVEL ערמונים שלמים ק,,,AVEL ערמונים שלמים ק,גרמים,100.00,100 גרם,false,,4.90,4.9000,true,1,48966
8691459106409,false,קופסא 1000 LOCKFIT,,,קופסא 1000 LOCKFIT,יחידה,0.00,יחידה,false,,10.90,0.0000,true,1,100967
8691459138004,false,סלסלה 4700 DROP,,,סלסלה 4700 DROP,יחידה,0.00,יחידה,false,,11.90,0.0000,true,1,101010
8691459716004,false,קופסא 500 BEST,,,קופסא 500 BEST,יחידה,0.00,יחידה,false,,4.90,0.0000,true,1,152260
8691459767006,false,קופסא 1100 BEST גבוה,,,קופסא 1100 BEST גבוה,יחידה,0.00,יחידה,false,,7.90,0.0000,true,1,104289
8691900174032,false,תחבושות קוטקס נורמל,,,תחבושות קוטקס נורמל,100 יח',24.00,100 יח',false,,16.90,70.4167,true,1,234850
8691900174056,false,תחבושות קוטקס לילה,,,תחבושות קוטקס לילה,100 יח',16.00,100 יח',false,,16.90,105.6250,true,1,234839
8693323099107,false,יוגטה מרשמלו לבבות 1,,,יוגטה מרשמלו לבבות 1,גרמים,150.00,100 גרם,false,,6.90,4.6000,true,1,42184
8693395008113,false,קופסא לאחסון ביצים 2,,,קופסא לאחסון ביצים 2,יחידה,0.00,יחידה,false,,16.90,0.0000,true,1,187744
8693804012519,false,עלי בצק פילו-יופקה ל,,,עלי בצק פילו-יופקה ל,גרמים,500.00,100 גרם,false,,16.90,3.3800,true,1,223447
8697400038423,false,סלסלה צמות 13.3*19.4,,,סלסלה צמות 13.3*19.4,יחידה,0.00,יחידה,false,,8.90,0.0000,true,1,152429
8697530910743,false,פאל מאל בלו,,,פאל מאל בלו,יחידה,0.00,יחידה,false,,29.00,0.0000,false,1,4191
8697530910750,false,פאל מאל בלו ארוך,,,פאל מאל בלו ארוך,יחידה,0.00,יחידה,false,,29.00,0.0000,false,1,4192
8697530910781,false,פאל מאל רד,,,פאל מאל רד,יחידה,0.00,יחידה,false,,29.00,0.0000,false,1,4195
8697530911276,false,קנט קצר קופסא בודדת,,,קנט קצר קופסא בודדת,יחידה,0.00,יחידה,false,,36.00,0.0000,false,1,4203
8697826469092,false,טורטיה  540 גרם tort,,,טורטיה  540 גרם tort,גרמים,540.00,100 גרם,false,,8.90,1.6481,true,1,4959
8697975029482,false,צנצנת הברגה קלאסי 66,,,צנצנת הברגה קלאסי 66,יחידה,0.00,יחידה,false,,8.80,0.0000,true,1,187732
8697975030877,false,צנצנת תבלינים 244 HI,,,צנצנת תבלינים 244 HI,יחידה,0.00,יחידה,false,,5.90,0.0000,true,1,101123
8698996000207,false,מגבות נייר 1/6,,,מגבות נייר 1/6,מטרים,0.00,מטר,false,,10.90,0.0000,true,1,271248
8710447284117,false,אקס ג'ל רחצה בלאק 40,,,אקס ג'ל רחצה בלאק 40,מיליליטרים,400.00,"100 מ""ל",false,,11.90,2.9750,true,1,10989
8710502060021,false,מרבה פטיסרי - עוגיות,,,מרבה פטיסרי - עוגיות,גרמים,210.00,100 גרם,false,,10.90,5.1905,true,1,245958
8710502100864,false,מרבה פטיסרי דאבל שוק,,,מרבה פטיסרי דאבל שוק,גרמים,200.00,100 גרם,false,,10.90,5.4500,true,1,245959
8710502260032,false,מרבה עוגיות שוקולד צ,,,מרבה עוגיות שוקולד צ,גרמים,150.00,100 גרם,false,,5.90,3.9333,true,1,22002
8710502279010,false,מרבה עוגיות שוקולד צ,,,מרבה עוגיות שוקולד צ,גרמים,175.00,100 גרם,false,,7.90,4.5143,true,1,105715
8710502470028,false,מרבה עוגיות נוגטלי 1,,,מרבה עוגיות נוגטלי 1,גרמים,160.00,100 גרם,false,,7.90,4.9375,true,1,22006
8710800027573,false,מיני מנטוס שקית,,,מיני מנטוס שקית,גרמים,178.00,100 גרם,false,,12.90,7.2472,true,1,12948
8710800961310,false,מנטוס 1/4 תות,,,מנטוס 1/4 תות,גרמים,150.00,100 גרם,false,,10.90,7.2667,true,1,12950
8710908326691,false,תחליב רחצה אדמונית ד,,,תחליב רחצה אדמונית ד,מיליליטרים,750.00,"100 מ""ל",false,,16.90,2.2533,true,1,11022
8711000362747,false,לור קפסולות קפה אספר,,,לור קפסולות קפה אספר,גרמים,52.00,100 גרם,false,,18.90,36.3462,true,1,5187
8711000371183,false,ג'ייקובס קפסולות קפה,,,ג'ייקובס קפסולות קפה,גרמים,52.00,100 גרם,false,,15.90,30.5769,true,1,5189
8711000371206,false,ג'ייקובס קפסולות קפה,,,ג'ייקובס קפסולות קפה,גרמים,52.00,100 גרם,false,,15.90,30.5769,true,1,5190
8711700665834,false,סבון מוצק מלפפונים ד,,,סבון מוצק מלפפונים ד,גרמים,600.00,100 גרם,false,,17.90,2.9833,true,1,11057
8712400802499,false,נוטרילון שלב 1- 800,,,נוטרילון שלב 1- 800,גרמים,800.00,100 גרם,false,,64.90,8.1125,true,1,5212
8712400802512,false,נוטרילון שלב 2- 800,,,נוטרילון שלב 2- 800,גרמים,800.00,100 גרם,false,,64.90,8.1125,true,1,5214
8712400802536,false,נוטרילון שלב 3- 800,,,נוטרילון שלב 3- 800,גרמים,800.00,100 גרם,false,,64.90,8.1125,true,1,5216
8712561594240,false,דאב תחליב רחצה להזנה,,,דאב תחליב רחצה להזנה,מיליליטרים,500.00,"100 מ""ל",false,,17.90,3.5800,true,1,11065
8712561611411,false,תחליב רחצה תה ירוק ו,,,תחליב רחצה תה ירוק ו,מיליליטרים,750.00,"100 מ""ל",false,,16.90,2.2533,true,1,11068
8712561626286,false,תחליב רחצה זוהר כמשי,,,תחליב רחצה זוהר כמשי,מיליליטרים,750.00,"100 מ""ל",false,,16.90,2.2533,true,1,11070
8712561631570,false,תחליב רחצה חלב קוקוס,,,תחליב רחצה חלב קוקוס,מיליליטרים,750.00,"100 מ""ל",false,,16.90,2.2533,true,1,11072
8714599410530,false,גייקובס קפה נמס 200ג,,,גייקובס קפה נמס 200ג,גרמים,200.00,100 גרם,false,,19.90,9.9500,true,1,5196
8714599412336,false,ג'ייקובס בריסטה אמרי,,,ג'ייקובס בריסטה אמרי,גרמים,160.00,100 גרם,false,,26.90,16.8125,true,1,168894
8714599512159,false,קפה ג'ייקובס 190 גרם,,,קפה ג'ייקובס 190 גרם,גרמים,190.00,100 גרם,false,,23.90,12.5789,true,1,51804
8714599513781,false,קפה ג'יקובס גולד 200,,,קפה ג'יקובס גולד 200,גרמים,200.00,100 גרם,false,,26.90,13.4500,true,1,5200
8714599513835,false,קפה ג`יקובס נטול קופ,,,קפה ג`יקובס נטול קופ,גרמים,200.00,100 גרם,false,,33.90,16.9500,true,1,5202
8714599513866,false,קפה ג'יקובס קרונונג,,,קפה ג'יקובס קרונונג,גרמים,200.00,100 גרם,false,,26.90,13.4500,true,1,5203
8714789177229,false,מב.שיניים אקסטרא קלי,,,מב.שיניים אקסטרא קלי,יחידה,0.00,יחידה,false,,9.90,0.0000,true,1,22012
8714789303925,false,זוג מברשת שיניים 360,,,זוג מברשת שיניים 360,יחידה,0.00,יחידה,false,,24.90,0.0000,true,1,22020
8714789402918,false,חגיגת הפרחים אדום אג,,,חגיגת הפרחים אדום אג,ליטרים,1.50,ליטר,false,,19.90,13.2667,true,1,22021
8714789402932,false,אג'קס חגיגת הפרחים ו,,,אג'קס חגיגת הפרחים ו,ליטרים,1.50,ליטר,false,,19.90,13.2667,true,1,22022
8714789402970,false,אג'קס חגיגת הפרחים י,,,אג'קס חגיגת הפרחים י,ליטרים,1.50,ליטר,false,,19.90,13.2667,true,1,22023
8714789450315,false,פלמוליב שקוף לימון 1,,,פלמוליב שקוף לימון 1,ליטרים,1.50,ליטר,false,,15.90,10.6000,true,1,22025
8714789529561,false,מש.שיניים סנסטיב הלב,,,מש.שיניים סנסטיב הלב,גרמים,75.00,100 גרם,false,,21.90,29.2000,true,1,22029
8714789582764,false,אגקס חלונות 750מל,,,אגקס חלונות 750מל,מיליליטרים,750.00,"100 מ""ל",false,,14.90,1.9867,true,1,22031
8714789834467,false,פלמוליב נוזל כלים 1.,,,פלמוליב נוזל כלים 1.,ליטרים,1.50,ליטר,false,,15.90,10.6000,true,1,22043
8714789879628,false,אג'קס טוליפ וליצ'י ל,,,אג'קס טוליפ וליצ'י ל,ליטרים,1.00,ליטר,false,,8.90,8.9000,true,1,52991
8714789930848,false,משחת שיניים אופטיק ו,,,משחת שיניים אופטיק ו,מיליליטרים,75.00,"100 מ""ל",false,,19.90,26.5333,true,1,22049
8715700110141,false,מיונז היינץ אמיתי צנ,,,מיונז היינץ אמיתי צנ,גרמים,460.00,100 גרם,false,,9.90,2.1522,true,1,5408
8715700419732,false,היינץ קטשופ 700 גרם,,,היינץ קטשופ 700 גרם,גרמים,700.00,100 גרם,false,,9.90,1.4143,true,1,5416
8715700423906,false,מתבל עגבניות היינץ 2,,,מתבל עגבניות היינץ 2,גרמים,555.00,100 גרם,false,,10.90,1.9640,true,1,5424
8717163647226,false,ספריי גוף בלאק אקס 1,,,ספריי גוף בלאק אקס 1,מיליליטרים,150.00,"100 מ""ל",false,,12.90,8.6000,true,1,11101
8717163647240,false,ספריי גוף שוקולד אקס,,,ספריי גוף שוקולד אקס,מיליליטרים,150.00,"100 מ""ל",false,,12.90,8.6000,true,1,11103
8717163655764,false,רקסונה ספריי שאוורפר,,,רקסונה ספריי שאוורפר,מיליליטרים,150.00,"100 מ""ל",false,,13.90,9.2667,true,1,65846
8717163655825,false,רקסונה ספריי כותנה 1,,,רקסונה ספריי כותנה 1,מיליליטרים,150.00,"100 מ""ל",false,,13.90,9.2667,true,1,65847
8717163714850,false,דאו' ספריי אוריגינל,,,דאו' ספריי אוריגינל,מיליליטרים,150.00,"100 מ""ל",false,,14.90,9.9333,true,1,173682
8717644390566,false,סבון מוצק תמצית מלפפ,,,סבון מוצק תמצית מלפפ,גרמים,400.00,100 גרם,false,,12.90,3.2250,true,1,11116
8718114047249,false,סבון מוצק דאב 6*100,,,סבון מוצק דאב 6*100,גרמים,600.00,100 גרם,false,,17.90,2.9833,true,1,11119
8718951001589,false,אג'קס ספריי ירוק מסי,,,אג'קס ספריי ירוק מסי,מיליליטרים,600.00,"100 מ""ל",false,,9.90,1.6500,true,1,22054
8718951001596,false,אגקס ספריי כחול אמבט,,,אגקס ספריי כחול אמבט,מיליליטרים,600.00,"100 מ""ל",false,,9.90,1.6500,true,1,22055
8718951044913,false,משחת שיניים הלבנה מר,,,משחת שיניים הלבנה מר,מיליליטרים,75.00,"100 מ""ל",false,,21.90,29.2000,true,1,22059
8718951093331,false,מברשת שיניים מרידול,,,מברשת שיניים מרידול,יחידה,0.00,יחידה,false,,35.90,0.0000,true,1,22065
8718951166288,false,קולגייט משחת שיניים,,,קולגייט משחת שיניים,מיליליטרים,125.00,"100 מ""ל",false,,17.90,14.3200,true,1,22077
8718951175600,false,קולגייט משחת שיניים,,,קולגייט משחת שיניים,מיליליטרים,75.00,"100 מ""ל",false,,12.90,17.2000,true,1,90992
8718951190191,false,אג'קס טריגר בוסט לימ,,,אג'קס טריגר בוסט לימ,מיליליטרים,500.00,"100 מ""ל",false,,13.90,2.7800,true,1,22089
8718951207295,false,אג'קס ירוק רצפות- פר,,,אג'קס ירוק רצפות- פר,ליטרים,1.25,ליטר,false,,13.90,11.1200,true,1,170995
8718951207325,false,אג'קס אדום רצפות 1.2,,,אג'קס אדום רצפות 1.2,ליטרים,1.25,ליטר,false,,13.90,11.1200,true,1,51805
8718951236790,false,משחת שיניים קלין מינ,,,משחת שיניים קלין מינ,מיליליטרים,100.00,"100 מ""ל",false,,16.90,16.9000,true,1,22093
8718951236806,false,מש.שיניים להלבנה קול,,,מש.שיניים להלבנה קול,מיליליטרים,100.00,"100 מ""ל",false,,16.90,16.9000,true,1,22094
8718951240742,false,מש.שיניים פסים מרעננ,,,מש.שיניים פסים מרעננ,גרמים,128.00,100 גרם,false,,16.90,13.2031,true,1,22096
8718951264618,false,קולגייט אופטיק וייט,,,קולגייט אופטיק וייט,מיליליטרים,75.00,"100 מ""ל",false,,29.90,39.8667,true,1,59362
8718951315303,false,משחת שיניים קולגייט,,,משחת שיניים קולגייט,מיליליטרים,200.00,"100 מ""ל",false,,19.90,9.9500,true,1,73511
8718951333048,false,סבון ידיים  פלמוליב,,,סבון ידיים  פלמוליב,מיליליטרים,300.00,"100 מ""ל",false,,9.90,3.3000,true,1,106340
8718951334151,false,סופלין מרכך כביסה מר,,,סופלין מרכך כביסה מר,מיליליטרים,650.00,"100 מ""ל",false,,11.90,1.8308,true,1,230370
8718951335066,false,סופלין מרכך כביסה מר,,,סופלין מרכך כביסה מר,ליטרים,1.30,ליטר,false,,14.90,11.4615,true,1,59434
8718951338128,false,ליידי ספיד סטיק רול,,,ליידי ספיד סטיק רול,מיליליטרים,50.00,"100 מ""ל",false,,14.90,29.8000,true,1,234349
8718951345119,false,אג'קס ניקוי כללי עוצ,,,אג'קס ניקוי כללי עוצ,ליטרים,2.00,ליטר,false,,22.90,11.4500,true,1,97965
8718951381292,false,קולגייט משחת שיניים,,,קולגייט משחת שיניים,מיליליטרים,125.00,"100 מ""ל",false,,17.90,14.3200,true,1,96985
8718951385290,false,אג'קס ניקוי כללי עוצ,,,אג'קס ניקוי כללי עוצ,ליטרים,2.00,ליטר,false,,22.90,11.4500,true,1,108331
8718951415836,false,קולגייט פלאקס שטיפת,,,קולגייט פלאקס שטיפת,מיליליטרים,500.00,"100 מ""ל",false,,30.90,6.1800,true,1,131968
8718951431614,false,ג'ל רחצה פלמוליב So,,,ג'ל רחצה פלמוליב So,מיליליטרים,750.00,"100 מ""ל",false,,19.90,2.6533,true,1,158718
8718951433120,false,משחת שיניים קולגייט,,,משחת שיניים קולגייט,מיליליטרים,50.00,"100 מ""ל",false,,17.90,35.8000,true,1,244183
8718951470538,false,משחת שיניים קולגייט,,,משחת שיניים קולגייט,מיליליטרים,250.00,"100 מ""ל",false,,29.90,11.9600,true,1,203671
8718951477384,false,משחת שיניים טוטל Pur,,,משחת שיניים טוטל Pur,מיליליטרים,75.00,"100 מ""ל",false,,19.90,26.5333,true,1,193979
8718951509627,false,קולגייט וואייט להסרת,,,קולגייט וואייט להסרת,יחידה,0.00,יחידה,false,,27.90,0.0000,true,1,218816
8719200997998,false,בלו בנד לבישול וטיגו,,,בלו בנד לבישול וטיגו,גרמים,200.00,100 גרם,false,,4.90,2.4500,true,1,11122
8719200998001,false,בלו בנד ללא מלח 200,,,בלו בנד ללא מלח 200,גרמים,200.00,100 גרם,false,,4.90,2.4500,true,1,11123
8719200998018,false,מחמאה מרגרינה בטעם ח,,,מחמאה מרגרינה בטעם ח,גרמים,200.00,100 גרם,false,,4.90,2.4500,true,1,11124
8719200998032,false,מזולה בטעם חמאה 250,,,מזולה בטעם חמאה 250,גרמים,250.00,100 גרם,false,,9.90,3.9600,true,1,11126
8719200998094,false,מזולה מרגרינה לאפייה,,,מזולה מרגרינה לאפייה,גרמים,200.00,100 גרם,false,,6.90,3.4500,true,1,11132
8719200998100,false,מזולה מרגרינה לאפייה,,,מזולה מרגרינה לאפייה,גרמים,200.00,100 גרם,false,,6.90,3.4500,true,1,11133
8720181046605,false,דאו' ספריי אוריגינל,,,דאו' ספריי אוריגינל,מיליליטרים,150.00,"100 מ""ל",false,,14.90,9.9333,true,1,93226
8720181201332,false,סבון מוצק גרגירים דא,,,סבון מוצק גרגירים דא,גרמים,400.00,100 גרם,false,,12.90,3.2250,true,1,234759
8720182253156,false,סבון מוצק  מלפפון ות,,,סבון מוצק  מלפפון ות,גרמים,400.00,100 גרם,false,,12.90,3.2250,true,1,234770
8720182256850,false,סבון מוצק לבן דאב 4*,,,סבון מוצק לבן דאב 4*,גרמים,400.00,100 גרם,false,,12.90,3.2250,true,1,234771
8721200060107,false,סטרופ וופל הולנדי 25,,,סטרופ וופל הולנדי 25,גרמים,250.00,100 גרם,false,,9.90,3.9600,true,1,18330
8723400756552,false,RAINBOW רביעית סוכרי,,,RAINBOW רביעית סוכרי,גרמים,150.00,100 גרם,false,,10.90,7.2667,true,1,12953
8801055707966,false,נס קפה טייסטרס צ'ויס,,,נס קפה טייסטרס צ'ויס,גרמים,180.00,100 גרם,false,,29.90,16.6111,true,1,19583
8801055708772,false,נס קפה טייסטרס צ'ויס,,,נס קפה טייסטרס צ'ויס,גרמים,250.00,100 גרם,false,,29.90,11.9600,true,1,19585
8801055709427,false,נסקפה טייסטרס צ'ויס,,,נסקפה טייסטרס צ'ויס,גרמים,100.00,100 גרם,false,,23.90,23.9000,true,1,168155
8801055709434,false,נסקפה טייסטרס צ'ויס,,,נסקפה טייסטרס צ'ויס,גרמים,100.00,100 גרם,false,,23.90,23.9000,true,1,168156
8801055709458,false,נסקפה קפוצ'ינו קרמל,,,נסקפה קפוצ'ינו קרמל,גרמים,170.00,100 גרם,false,,18.90,11.1176,true,1,231351
8801055709489,false,נסקפה קפוצ'ינו אגוזי,,,נסקפה קפוצ'ינו אגוזי,גרמים,185.00,100 גרם,false,,18.90,10.2162,true,1,202150
8809168840471,false,חטיף אצות מיובשות 9,,,חטיף אצות מיובשות 9,גרמים,4.50,100 גרם,false,,24.90,553.3333,true,1,212113
8850180040028,false,קמח טמפורה להכנת בלי,,,קמח טמפורה להכנת בלי,גרמים,500.00,100 גרם,false,,10.90,2.1800,true,1,47603
8850206250592,false,רוטב צ'ילי סיראצ'ה מ,,,רוטב צ'ילי סיראצ'ה מ,גרמים,540.00,100 גרם,false,,19.90,3.6852,true,1,212102
8850206280049,false,רוטב צ'ילי חריף צ'יל,,,רוטב צ'ילי חריף צ'יל,גרמים,250.00,100 גרם,false,,16.90,6.7600,true,1,253368
8850367992164,false,קרם קוקוס ללא גלוטן,,,קרם קוקוס ללא גלוטן,גרמים,250.00,100 גרם,false,,7.90,3.1600,true,1,47606
8850389103111,false,סאפה משקה אלוורה ענב,,,סאפה משקה אלוורה ענב,מיליליטרים,300.00,"100 מ""ל",false,,6.40,2.1333,true,1,39454
8850389103128,false,סאפה משקה אלוורה תפו,,,סאפה משקה אלוורה תפו,מיליליטרים,300.00,"100 מ""ל",false,,6.40,2.1333,true,1,39455
8850389103159,false,ליצי' משקה עם חתיכות,,,ליצי' משקה עם חתיכות,מיליליטרים,320.00,"100 מ""ל",false,,6.90,2.1562,true,1,201152
8850389104637,false,סאפה משקה אלוורה אפר,,,סאפה משקה אלוורה אפר,מיליליטרים,300.00,"100 מ""ל",false,,6.40,2.1333,true,1,39457
8850389105825,false,סאפה משקה אלוורה ענב,,,סאפה משקה אלוורה ענב,ליטרים,1.00,ליטר,false,,13.50,13.5000,true,1,39458
8850389105832,false,סאפה משקה אלוורה תפו,,,סאפה משקה אלוורה תפו,ליטרים,1.00,ליטר,false,,13.50,13.5000,true,1,39459
8850389105849,false,סאפה משקה אלוורה אפר,,,סאפה משקה אלוורה אפר,ליטרים,1.00,ליטר,false,,13.50,13.5000,true,1,39460
8850389115312,false,"סאפה משקה מלון 300מ""",,,"סאפה משקה מלון 300מ""",מיליליטרים,300.00,"100 מ""ל",false,,6.40,2.1333,true,1,39465
8850389115336,false,סאפה משקה מלון 1ל,,,סאפה משקה מלון 1ל,ליטרים,1.00,ליטר,false,,13.50,13.5000,true,1,39466
8850632604259,false,יוגטה חיספוסים מקלות,,,יוגטה חיספוסים מקלות,גרמים,50.00,100 גרם,false,,3.90,7.8000,true,1,42194
8850632604266,false,יוגטה חיספוסים מקלות,,,יוגטה חיספוסים מקלות,גרמים,50.00,100 גרם,false,,3.90,7.8000,true,1,42195
8850632604372,false,יוגטה ממתק תות שדה ב,,,יוגטה ממתק תות שדה ב,גרמים,50.00,100 גרם,false,,3.90,7.8000,true,1,42196
8850632604402,false,יוגטה ממתק תות ענבים,,,יוגטה ממתק תות ענבים,גרמים,50.00,100 גרם,false,,3.90,7.8000,true,1,42197
8852633020403,false,פניני טפיוקה מזרח ומ,,,פניני טפיוקה מזרח ומ,גרמים,500.00,100 גרם,false,,11.90,2.3800,true,1,253160
8858271002887,false,רוטב טריאקי MAXCHUP,,,רוטב טריאקי MAXCHUP,מיליליטרים,250.00,"100 מ""ל",false,,10.90,4.3600,true,1,47620
8858271003020,false,רוטב סויה MAXCHUP מז,,,רוטב סויה MAXCHUP מז,מיליליטרים,700.00,"100 מ""ל",false,,14.90,2.1286,true,1,47621
8858271004034,false,רוטב צ'ילי חריף MAXC,,,רוטב צ'ילי חריף MAXC,מיליליטרים,700.00,"100 מ""ל",false,,15.90,2.2714,true,1,47628
8858271004126,false,רוטב חמוץ מתוק MAXCH,,,רוטב חמוץ מתוק MAXCH,מיליליטרים,700.00,"100 מ""ל",false,,14.90,2.1286,true,1,47629
8858271004300,false,רוטב טריאקי MAXCHUP,,,רוטב טריאקי MAXCHUP,מיליליטרים,700.00,"100 מ""ל",false,,10.90,1.5571,true,1,47630
8858271004799,false,רוטב צ'ילי מתוק מזרח,,,רוטב צ'ילי מתוק מזרח,מיליליטרים,700.00,"100 מ""ל",false,,12.90,1.8429,true,1,47632
8858271005772,false,רוטב סויה ללא גלוטן,,,רוטב סויה ללא גלוטן,מיליליטרים,300.00,"100 מ""ל",false,,16.90,5.6333,true,1,212091
8887171013228,false,זוג קולבי ואקום,,,זוג קולבי ואקום,יחידה,0.00,יחידה,false,,10.00,0.0000,true,1,101958
8888021200256,false,AAאנרג'ייזר סוללות מ,,,AAאנרג'ייזר סוללות מ,יחידה,0.00,יחידה,false,,24.90,0.0000,true,1,6140
8888021200720,false,AAAאנרג'ייזר סוללות,,,AAAאנרג'ייזר סוללות,יחידה,0.00,יחידה,false,,24.90,0.0000,true,1,6141
8901314525055,false,רביעיית מברשת שיניים,,,רביעיית מברשת שיניים,יחידה,0.00,יחידה,false,,14.90,0.0000,true,1,200584
8901314532022,false,רביעיית מברשת שיניים,,,רביעיית מברשת שיניים,יחידה,0.00,יחידה,false,,14.90,0.0000,true,1,198383
8901537024014,false,וילי פוד אורז בסמטי,,,וילי פוד אורז בסמטי,גרמים,1000.00,100 גרם,false,,12.90,1.2900,true,1,3315
8934868127130,false,נוזל כלים סאן בניחוח,,,נוזל כלים סאן בניחוח,מיליליטרים,750.00,"100 מ""ל",false,,9.90,1.3200,true,1,120808
8934878081811,false,דפים על בסיס קמח טפי,,,דפים על בסיס קמח טפי,גרמים,400.00,100 גרם,false,,11.90,2.9750,true,1,47636
9000101380255,false,פרסיל דיסקס לכביסה ל,,,פרסיל דיסקס לכביסה ל,יח',22.00,יח',false,,34.90,1.5864,true,1,144113
9001616203305,false,CROSS CUT(X) MAM TEA,,,CROSS CUT(X) MAM TEA,יחידה,0.00,יחידה,false,,24.90,0.0000,true,1,1096
9001616620065,false,זוג מוצצים סיליקון 6,,,זוג מוצצים סיליקון 6,יח',2.00,יח',false,,34.90,17.4500,true,1,92852
9001616702761,false,זוג מוצצים סיליקון 6,,,זוג מוצצים סיליקון 6,יח',2.00,יח',false,,34.90,17.4500,true,1,1123
9001616703232,false,מחזיק מוצץ יוניסקס,,,מחזיק מוצץ יוניסקס,יחידה,0.00,יחידה,false,,24.90,0.0000,true,1,92901
9002859042522,false,שוקולד חלב 100 גרם ג,,,שוקולד חלב 100 גרם ג,גרמים,100.00,100 גרם,false,,9.90,9.9000,true,1,240664
9002859053801,false,שוקולד סטיקס מריר מנ,,,שוקולד סטיקס מריר מנ,גרמים,75.00,100 גרם,false,,11.90,15.8667,true,1,241008
9002859053825,false,שוקולד סטיקס מריר קפ,,,שוקולד סטיקס מריר קפ,גרמים,75.00,100 גרם,false,,11.90,15.8667,true,1,241009
9002859058172,false,בננה ציפוי שוקולד מר,,,בננה ציפוי שוקולד מר,גרמים,300.00,100 גרם,false,,14.90,4.9667,true,1,240917
9002859075674,false,אפרוחי שוקולד ברשת 1,,,אפרוחי שוקולד ברשת 1,גרמים,100.00,100 גרם,false,,9.90,9.9000,true,1,240780
9002859105630,false,מרציפן מצופה שוקולד,,,מרציפן מצופה שוקולד,גרמים,75.00,100 גרם,false,,10.90,14.5333,true,1,240952
9002859105753,false,ארנבי שוקולד חלב ברש,,,ארנבי שוקולד חלב ברש,גרמים,100.00,100 גרם,false,,9.90,9.9000,true,1,240705
9002975393836,false,סוכריות גומי בטעם קו,,,סוכריות גומי בטעם קו,גרמים,70.00,100 גרם,false,,6.90,9.8571,true,1,119993
9002975393843,false,סוכריות גומי בטעמי פ,,,סוכריות גומי בטעמי פ,גרמים,70.00,100 גרם,false,,6.90,9.8571,true,1,119994
9002975393850,false,סוכריות גומי בטעמי פ,,,סוכריות גומי בטעמי פ,גרמים,70.00,100 גרם,false,,6.90,9.8571,true,1,119995
9005835312640,false,קלרו טבליות למדיח כל,,,קלרו טבליות למדיח כל,יחידה,0.00,יחידה,false,,66.90,0.0000,true,1,11450
9120097310583,false,חטיף שוקו בננה מיניו,,,חטיף שוקו בננה מיניו,גרמים,108.00,100 גרם,false,,14.90,13.7963,true,1,246312
9123456789068,false,מפצח אגוזים לוקס(סטנ,,,מפצח אגוזים לוקס(סטנ,יחידה,0.00,יחידה,false,,21.90,0.0000,true,1,41169
9310072028743,false,טים טם אוריגינל 200,,,טים טם אוריגינל 200,גרמים,200.00,100 גרם,false,,19.90,9.9500,true,1,13881
9310072028750,false,טים טם קרם דאבל 200,,,טים טם קרם דאבל 200,גרמים,200.00,100 גרם,false,,19.90,9.9500,true,1,13882
9322969000039,false,פריכיות תירס עם 4 דג,,,פריכיות תירס עם 4 דג,גרמים,150.00,100 גרם,false,,12.80,8.5333,true,1,6148
9322969000046,false,פריכיות תירס אורגניו,,,פריכיות תירס אורגניו,גרמים,150.00,100 גרם,false,,12.80,8.5333,true,1,6149
9720188050109,false,טופוטי ממרח טופו בטע,,,טופוטי ממרח טופו בטע,גרמים,225.00,100 גרם,false,,19.90,8.8444,true,1,6762
9771565038319,false,ידיעות אחרונות יום א,,,ידיעות אחרונות יום א,יחידה,0.00,יחידה,false,,0.50,0.0000,true,1,9996
9771565038326,false,ידיעות אחרונות יום ב,,,ידיעות אחרונות יום ב,יחידה,0.00,יחידה,false,,0.50,0.0000,true,1,9997
9771565038333,false,ידיעות אחרונות יום ג,,,ידיעות אחרונות יום ג,יחידה,0.00,יחידה,false,,0.50,0.0000,true,1,9998
9771565038340,false,ידיעות אחרונות יום ד,,,ידיעות אחרונות יום ד,יחידה,0.00,יחידה,false,,0.50,0.0000,true,1,9999
9771565039125,false,לאשה יום ב`,,,לאשה יום ב`,יחידה,0.00,יחידה,false,,19.90,0.0000,true,1,10002
9771565051066,false,ידיעות אחרונות יום ו,,,ידיעות אחרונות יום ו,יחידה,0.00,יחידה,false,,12.00,0.0000,true,1,10012
